,dataDate,dataTime,dataMillisec,instrumentID,exchangeCD,lastPrice,lowPrice,highPrice,volume,value,openInterest,preOpenInterest,upperLimitPrice,lowerLimitPrice,preSettlementPrice,prevClosePrice,settlementPrice,openPrice,closePrice,preDelta,currDelta,clearingDay,milliSecOffset,bidPrice1,bidVolume1,bidPrice2,bidVolume2,bidPrice3,bidVolume3,bidPrice4,bidVolume4,bidPrice5,bidVolume5,askPrice1,askVolume1,askPrice2,askVolume2,askPrice3,askVolume3,askPrice4,askVolume4,askPrice5,askVolume5
0,2017-04-20,08:59:00,94,c1709,XDCE,1616,1616,1616,374,6043840,1839068,1839010,1694,1534,1614,1616,0,1616,0,0,0,2017-04-20,32340094,1615,33,0,0,0,0,0,0,0,0,1616,18,0,0,0,0,0,0,0,0
1,2017-04-20,09:00:00,415,c1709,XDCE,1616,1614,1616,838,13538160,1839026,1839010,1694,1534,1614,1616,0,1616,0,0,0,2017-04-20,32400415,1615,51,0,0,0,0,0,0,0,0,1616,87,0,0,0,0,0,0,0,0
2,2017-04-20,09:00:00,909,c1709,XDCE,1615,1614,1617,1388,22424960,1839054,1839010,1694,1534,1614,1616,0,1616,0,0,0,2017-04-20,32400909,1615,312,0,0,0,0,0,0,0,0,1616,155,0,0,0,0,0,0,0,0
3,2017-04-20,09:00:01,387,c1709,XDCE,1615,1614,1617,1624,26237700,1839084,1839010,1694,1534,1614,1616,0,1616,0,0,0,2017-04-20,32401387,1615,292,0,0,0,0,0,0,0,0,1616,100,0,0,0,0,0,0,0,0
4,2017-04-20,09:00:01,915,c1709,XDCE,1616,1614,1617,1902,30730380,1839036,1839010,1694,1534,1614,1616,0,1616,0,0,0,2017-04-20,32401915,1616,182,0,0,0,0,0,0,0,0,1617,454,0,0,0,0,0,0,0,0
5,2017-04-20,09:00:02,416,c1709,XDCE,1616,1614,1617,2186,35319880,1839018,1839010,1694,1534,1614,1616,0,1616,0,0,0,2017-04-20,32402416,1616,58,0,0,0,0,0,0,0,0,1617,395,0,0,0,0,0,0,0,0
6,2017-04-20,09:00:02,911,c1709,XDCE,1617,1614,1617,2398,38747860,1838814,1839010,1694,1534,1614,1616,0,1616,0,0,0,2017-04-20,32402911,1616,280,0,0,0,0,0,0,0,0,1617,360,0,0,0,0,0,0,0,0
7,2017-04-20,09:00:03,415,c1709,XDCE,1616,1614,1617,2452,39620920,1838774,1839010,1694,1534,1614,1616,0,1616,0,0,0,2017-04-20,32403415,1616,315,0,0,0,0,0,0,0,0,1617,359,0,0,0,0,0,0,0,0
8,2017-04-20,09:00:03,890,c1709,XDCE,1616,1614,1617,2488,40202720,1838770,1839010,1694,1534,1614,1616,0,1616,0,0,0,2017-04-20,32403890,1616,313,0,0,0,0,0,0,0,0,1617,350,0,0,0,0,0,0,0,0
9,2017-04-20,09:00:04,395,c1709,XDCE,1617,1614,1617,2502,40429040,1838762,1839010,1694,1534,1614,1616,0,1616,0,0,0,2017-04-20,32404395,1616,336,0,0,0,0,0,0,0,0,1617,361,0,0,0,0,0,0,0,0
10,2017-04-20,09:00:04,908,c1709,XDCE,1617,1614,1617,3272,52879940,1839064,1839010,1694,1534,1614,1616,0,1616,0,0,0,2017-04-20,32404908,1617,399,0,0,0,0,0,0,0,0,1618,1108,0,0,0,0,0,0,0,0
11,2017-04-20,09:00:05,416,c1709,XDCE,1618,1614,1618,3412,55145080,1839106,1839010,1694,1534,1614,1616,0,1616,0,0,0,2017-04-20,32405416,1617,548,0,0,0,0,0,0,0,0,1618,1020,0,0,0,0,0,0,0,0
12,2017-04-20,09:00:05,906,c1709,XDCE,1619,1614,1619,5746,92911000,1839182,1839010,1694,1534,1614,1616,0,1616,0,0,0,2017-04-20,32405906,1618,195,0,0,0,0,0,0,0,0,1619,1033,0,0,0,0,0,0,0,0
13,2017-04-20,09:00:06,414,c1709,XDCE,1619,1614,1619,6134,99192300,1839302,1839010,1694,1534,1614,1616,0,1616,0,0,0,2017-04-20,32406414,1618,266,0,0,0,0,0,0,0,0,1619,843,0,0,0,0,0,0,0,0
14,2017-04-20,09:00:06,915,c1709,XDCE,1619,1614,1619,6742,109035740,1838940,1839010,1694,1534,1614,1616,0,1616,0,0,0,2017-04-20,32406915,1618,394,0,0,0,0,0,0,0,0,1619,558,0,0,0,0,0,0,0,0
15,2017-04-20,09:00:07,394,c1709,XDCE,1619,1614,1619,6828,110427460,1838904,1839010,1694,1534,1614,1616,0,1616,0,0,0,2017-04-20,32407394,1618,559,0,0,0,0,0,0,0,0,1619,569,0,0,0,0,0,0,0,0
16,2017-04-20,09:00:07,906,c1709,XDCE,1619,1614,1619,6954,112466900,1838942,1839010,1694,1534,1614,1616,0,1616,0,0,0,2017-04-20,32407906,1618,572,0,0,0,0,0,0,0,0,1619,531,0,0,0,0,0,0,0,0
17,2017-04-20,09:00:08,415,c1709,XDCE,1618,1614,1619,7130,115316300,1838914,1839010,1694,1534,1614,1616,0,1616,0,0,0,2017-04-20,32408415,1618,541,0,0,0,0,0,0,0,0,1619,445,0,0,0,0,0,0,0,0
18,2017-04-20,09:00:08,913,c1709,XDCE,1619,1614,1619,7138,115445800,1838908,1839010,1694,1534,1614,1616,0,1616,0,0,0,2017-04-20,32408913,1618,567,0,0,0,0,0,0,0,0,1619,446,0,0,0,0,0,0,0,0
19,2017-04-20,09:00:09,410,c1709,XDCE,1618,1614,1619,7272,117614780,1838788,1839010,1694,1534,1614,1616,0,1616,0,0,0,2017-04-20,32409410,1618,489,0,0,0,0,0,0,0,0,1619,869,0,0,0,0,0,0,0,0
20,2017-04-20,09:00:09,903,c1709,XDCE,1618,1614,1619,7290,117906120,1838780,1839010,1694,1534,1614,1616,0,1616,0,0,0,2017-04-20,32409903,1618,548,0,0,0,0,0,0,0,0,1619,937,0,0,0,0,0,0,0,0
21,2017-04-20,09:00:10,414,c1709,XDCE,1619,1614,1619,7408,119816500,1838676,1839010,1694,1534,1614,1616,0,1616,0,0,0,2017-04-20,32410414,1618,550,0,0,0,0,0,0,0,0,1619,940,0,0,0,0,0,0,0,0
22,2017-04-20,09:00:10,914,c1709,XDCE,1618,1614,1619,7564,122341660,1838594,1839010,1694,1534,1614,1616,0,1616,0,0,0,2017-04-20,32410914,1618,506,0,0,0,0,0,0,0,0,1619,864,0,0,0,0,0,0,0,0
23,2017-04-20,09:00:11,414,c1709,XDCE,1618,1614,1619,7708,124671680,1838588,1839010,1694,1534,1614,1616,0,1616,0,0,0,2017-04-20,32411414,1618,438,0,0,0,0,0,0,0,0,1619,859,0,0,0,0,0,0,0,0
24,2017-04-20,09:00:11,892,c1709,XDCE,1618,1614,1619,7820,126483980,1838552,1839010,1694,1534,1614,1616,0,1616,0,0,0,2017-04-20,32411892,1618,387,0,0,0,0,0,0,0,0,1619,854,0,0,0,0,0,0,0,0
25,2017-04-20,09:00:12,406,c1709,XDCE,1618,1614,1619,8688,140528360,1837900,1839010,1694,1534,1614,1616,0,1616,0,0,0,2017-04-20,32412406,1617,810,0,0,0,0,0,0,0,0,1618,125,0,0,0,0,0,0,0,0
26,2017-04-20,09:00:12,877,c1709,XDCE,1619,1614,1619,8850,143149580,1837822,1839010,1694,1534,1614,1616,0,1616,0,0,0,2017-04-20,32412877,1618,157,0,0,0,0,0,0,0,0,1619,857,0,0,0,0,0,0,0,0
27,2017-04-20,09:00:13,416,c1709,XDCE,1618,1614,1619,9324,150818980,1837792,1839010,1694,1534,1614,1616,0,1616,0,0,0,2017-04-20,32413416,1617,709,0,0,0,0,0,0,0,0,1618,40,0,0,0,0,0,0,0,0
28,2017-04-20,09:00:13,912,c1709,XDCE,1618,1614,1619,9458,152987100,1837916,1839010,1694,1534,1614,1616,0,1616,0,0,0,2017-04-20,32413912,1618,545,0,0,0,0,0,0,0,0,1619,895,0,0,0,0,0,0,0,0
29,2017-04-20,09:00:14,382,c1709,XDCE,1619,1614,1619,9478,153310760,1837920,1839010,1694,1534,1614,1616,0,1616,0,0,0,2017-04-20,32414382,1618,590,0,0,0,0,0,0,0,0,1619,930,0,0,0,0,0,0,0,0
30,2017-04-20,09:00:14,907,c1709,XDCE,1618,1614,1619,9510,153828520,1837952,1839010,1694,1534,1614,1616,0,1616,0,0,0,2017-04-20,32414907,1618,590,0,0,0,0,0,0,0,0,1619,932,0,0,0,0,0,0,0,0
31,2017-04-20,09:00:15,415,c1709,XDCE,1619,1614,1619,9628,155737980,1838012,1839010,1694,1534,1614,1616,0,1616,0,0,0,2017-04-20,32415415,1618,778,0,0,0,0,0,0,0,0,1619,945,0,0,0,0,0,0,0,0
32,2017-04-20,09:00:15,912,c1709,XDCE,1618,1614,1619,9668,156385240,1838046,1839010,1694,1534,1614,1616,0,1616,0,0,0,2017-04-20,32415912,1618,767,0,0,0,0,0,0,0,0,1619,937,0,0,0,0,0,0,0,0
33,2017-04-20,09:00:16,416,c1709,XDCE,1618,1614,1619,9674,156482360,1838044,1839010,1694,1534,1614,1616,0,1616,0,0,0,2017-04-20,32416416,1618,766,0,0,0,0,0,0,0,0,1619,931,0,0,0,0,0,0,0,0
34,2017-04-20,09:00:16,899,c1709,XDCE,1618,1614,1619,9746,157647400,1838100,1839010,1694,1534,1614,1616,0,1616,0,0,0,2017-04-20,32416899,1618,737,0,0,0,0,0,0,0,0,1619,892,0,0,0,0,0,0,0,0
35,2017-04-20,09:00:17,401,c1709,XDCE,1618,1614,1619,11220,181496720,1837370,1839010,1694,1534,1614,1616,0,1616,0,0,0,2017-04-20,32417401,1617,713,0,0,0,0,0,0,0,0,1618,99,0,0,0,0,0,0,0,0
36,2017-04-20,09:00:17,893,c1709,XDCE,1618,1614,1619,11236,181755580,1837384,1839010,1694,1534,1614,1616,0,1616,0,0,0,2017-04-20,32417893,1617,698,0,0,0,0,0,0,0,0,1618,97,0,0,0,0,0,0,0,0
37,2017-04-20,09:00:18,405,c1709,XDCE,1618,1614,1619,11444,185121100,1837576,1839010,1694,1534,1614,1616,0,1616,0,0,0,2017-04-20,32418405,1618,421,0,0,0,0,0,0,0,0,1619,914,0,0,0,0,0,0,0,0
38,2017-04-20,09:00:18,906,c1709,XDCE,1619,1614,1619,11472,185574300,1837580,1839010,1694,1534,1614,1616,0,1616,0,0,0,2017-04-20,32418906,1618,472,0,0,0,0,0,0,0,0,1619,907,0,0,0,0,0,0,0,0
39,2017-04-20,09:00:19,376,c1709,XDCE,1619,1614,1619,11502,186059980,1837562,1839010,1694,1534,1614,1616,0,1616,0,0,0,2017-04-20,32419376,1618,478,0,0,0,0,0,0,0,0,1619,896,0,0,0,0,0,0,0,0
40,2017-04-20,09:00:19,917,c1709,XDCE,1618,1614,1619,11624,188034940,1837514,1839010,1694,1534,1614,1616,0,1616,0,0,0,2017-04-20,32419917,1618,468,0,0,0,0,0,0,0,0,1619,866,0,0,0,0,0,0,0,0
41,2017-04-20,09:00:20,404,c1709,XDCE,1618,1614,1619,11754,190138380,1837638,1839010,1694,1534,1614,1616,0,1616,0,0,0,2017-04-20,32420404,1618,404,0,0,0,0,0,0,0,0,1619,868,0,0,0,0,0,0,0,0
42,2017-04-20,09:00:20,885,c1709,XDCE,1618,1614,1619,12150,196548900,1837800,1839010,1694,1534,1614,1616,0,1616,0,0,0,2017-04-20,32420885,1618,434,0,0,0,0,0,0,0,0,1619,686,0,0,0,0,0,0,0,0
43,2017-04-20,09:00:21,340,c1709,XDCE,1618,1614,1619,12206,197454980,1837824,1839010,1694,1534,1614,1616,0,1616,0,0,0,2017-04-20,32421340,1618,408,0,0,0,0,0,0,0,0,1619,708,0,0,0,0,0,0,0,0
44,2017-04-20,09:00:21,905,c1709,XDCE,1619,1614,1619,12416,200853640,1837860,1839010,1694,1534,1614,1616,0,1616,0,0,0,2017-04-20,32421905,1618,349,0,0,0,0,0,0,0,0,1619,718,0,0,0,0,0,0,0,0
45,2017-04-20,09:00:22,393,c1709,XDCE,1619,1614,1619,12470,201727440,1837820,1839010,1694,1534,1614,1616,0,1616,0,0,0,2017-04-20,32422393,1618,327,0,0,0,0,0,0,0,0,1619,718,0,0,0,0,0,0,0,0
46,2017-04-20,09:00:22,917,c1709,XDCE,1618,1614,1619,12516,202472060,1837842,1839010,1694,1534,1614,1616,0,1616,0,0,0,2017-04-20,32422917,1618,326,0,0,0,0,0,0,0,0,1619,742,0,0,0,0,0,0,0,0
47,2017-04-20,09:00:23,375,c1709,XDCE,1619,1614,1619,12738,206064220,1837808,1839010,1694,1534,1614,1616,0,1616,0,0,0,2017-04-20,32423375,1618,227,0,0,0,0,0,0,0,0,1619,734,0,0,0,0,0,0,0,0
48,2017-04-20,09:00:23,901,c1709,XDCE,1618,1614,1619,13296,215092700,1837858,1839010,1694,1534,1614,1616,0,1616,0,0,0,2017-04-20,32423901,1617,760,0,0,0,0,0,0,0,0,1618,57,0,0,0,0,0,0,0,0
49,2017-04-20,09:00:24,415,c1709,XDCE,1619,1614,1619,13432,217293280,1837962,1839010,1694,1534,1614,1616,0,1616,0,0,0,2017-04-20,32424415,1618,92,0,0,0,0,0,0,0,0,1619,814,0,0,0,0,0,0,0,0
50,2017-04-20,09:00:24,892,c1709,XDCE,1618,1614,1619,13732,222147280,1838070,1839010,1694,1534,1614,1616,0,1616,0,0,0,2017-04-20,32424892,1617,749,0,0,0,0,0,0,0,0,1618,90,0,0,0,0,0,0,0,0
51,2017-04-20,09:00:25,410,c1709,XDCE,1618,1614,1619,13750,222438500,1838076,1839010,1694,1534,1614,1616,0,1616,0,0,0,2017-04-20,32425410,1617,750,0,0,0,0,0,0,0,0,1618,144,0,0,0,0,0,0,0,0
52,2017-04-20,09:00:25,885,c1709,XDCE,1618,1614,1619,14116,228360380,1838320,1839010,1694,1534,1614,1616,0,1616,0,0,0,2017-04-20,32425885,1618,118,0,0,0,0,0,0,0,0,1619,939,0,0,0,0,0,0,0,0
53,2017-04-20,09:00:26,400,c1709,XDCE,1619,1614,1619,14136,228684040,1838338,1839010,1694,1534,1614,1616,0,1616,0,0,0,2017-04-20,32426400,1618,119,0,0,0,0,0,0,0,0,1619,1048,0,0,0,0,0,0,0,0
54,2017-04-20,09:00:26,850,c1709,XDCE,1618,1614,1619,14266,230787480,1838332,1839010,1694,1534,1614,1616,0,1616,0,0,0,2017-04-20,32426850,1618,210,0,0,0,0,0,0,0,0,1619,1049,0,0,0,0,0,0,0,0
55,2017-04-20,09:00:27,401,c1709,XDCE,1619,1614,1619,14268,230819860,1838334,1839010,1694,1534,1614,1616,0,1616,0,0,0,2017-04-20,32427401,1618,211,0,0,0,0,0,0,0,0,1619,1057,0,0,0,0,0,0,0,0
56,2017-04-20,09:00:27,902,c1709,XDCE,1618,1614,1619,14346,232082100,1838312,1839010,1694,1534,1614,1616,0,1616,0,0,0,2017-04-20,32427902,1618,190,0,0,0,0,0,0,0,0,1619,1049,0,0,0,0,0,0,0,0
57,2017-04-20,09:00:28,384,c1709,XDCE,1618,1614,1619,14382,232664620,1838306,1839010,1694,1534,1614,1616,0,1616,0,0,0,2017-04-20,32428384,1618,175,0,0,0,0,0,0,0,0,1619,1163,0,0,0,0,0,0,0,0
58,2017-04-20,09:00:28,905,c1709,XDCE,1618,1614,1619,14444,233667780,1838288,1839010,1694,1534,1614,1616,0,1616,0,0,0,2017-04-20,32428905,1618,177,0,0,0,0,0,0,0,0,1619,1116,0,0,0,0,0,0,0,0
59,2017-04-20,09:00:29,414,c1709,XDCE,1619,1614,1619,14484,234315080,1838298,1839010,1694,1534,1614,1616,0,1616,0,0,0,2017-04-20,32429414,1618,173,0,0,0,0,0,0,0,0,1619,1149,0,0,0,0,0,0,0,0
60,2017-04-20,09:00:29,906,c1709,XDCE,1618,1614,1619,14834,239978080,1838442,1839010,1694,1534,1614,1616,0,1616,0,0,0,2017-04-20,32429906,1617,810,0,0,0,0,0,0,0,0,1618,44,0,0,0,0,0,0,0,0
61,2017-04-20,09:00:30,400,c1709,XDCE,1618,1614,1619,14838,240042800,1838444,1839010,1694,1534,1614,1616,0,1616,0,0,0,2017-04-20,32430400,1617,812,0,0,0,0,0,0,0,0,1618,48,0,0,0,0,0,0,0,0
62,2017-04-20,09:00:30,906,c1709,XDCE,1619,1614,1619,14942,241725540,1838432,1839010,1694,1534,1614,1616,0,1616,0,0,0,2017-04-20,32430906,1618,596,0,0,0,0,0,0,0,0,1619,1149,0,0,0,0,0,0,0,0
63,2017-04-20,09:00:31,398,c1709,XDCE,1618,1614,1619,15002,242696460,1838424,1839010,1694,1534,1614,1616,0,1616,0,0,0,2017-04-20,32431398,1618,580,0,0,0,0,0,0,0,0,1619,1143,0,0,0,0,0,0,0,0
64,2017-04-20,09:00:31,914,c1709,XDCE,1618,1614,1619,15022,243020180,1838424,1839010,1694,1534,1614,1616,0,1616,0,0,0,2017-04-20,32431914,1618,582,0,0,0,0,0,0,0,0,1619,1139,0,0,0,0,0,0,0,0
65,2017-04-20,09:00:32,367,c1709,XDCE,1619,1614,1619,15034,243214380,1838420,1839010,1694,1534,1614,1616,0,1616,0,0,0,2017-04-20,32432367,1618,580,0,0,0,0,0,0,0,0,1619,1138,0,0,0,0,0,0,0,0
66,2017-04-20,09:00:32,894,c1709,XDCE,1618,1614,1619,15048,243440980,1838424,1839010,1694,1534,1614,1616,0,1616,0,0,0,2017-04-20,32432894,1618,75,0,0,0,0,0,0,0,0,1619,1079,0,0,0,0,0,0,0,0
67,2017-04-20,09:00:33,415,c1709,XDCE,1619,1614,1619,15084,244023580,1838414,1839010,1694,1534,1614,1616,0,1616,0,0,0,2017-04-20,32433415,1618,75,0,0,0,0,0,0,0,0,1619,1123,0,0,0,0,0,0,0,0
68,2017-04-20,09:00:33,883,c1709,XDCE,1618,1614,1619,15128,244735520,1838392,1839010,1694,1534,1614,1616,0,1616,0,0,0,2017-04-20,32433883,1618,60,0,0,0,0,0,0,0,0,1619,1222,0,0,0,0,0,0,0,0
69,2017-04-20,09:00:34,335,c1709,XDCE,1619,1614,1619,15134,244832620,1838388,1839010,1694,1534,1614,1616,0,1616,0,0,0,2017-04-20,32434335,1618,59,0,0,0,0,0,0,0,0,1619,1259,0,0,0,0,0,0,0,0
70,2017-04-20,09:00:34,908,c1709,XDCE,1619,1614,1619,15752,254838000,1838962,1839010,1694,1534,1614,1616,0,1616,0,0,0,2017-04-20,32434908,1618,84,0,0,0,0,0,0,0,0,1619,954,0,0,0,0,0,0,0,0
71,2017-04-20,09:00:35,416,c1709,XDCE,1618,1614,1619,15770,255129240,1838948,1839010,1694,1534,1614,1616,0,1616,0,0,0,2017-04-20,32435416,1618,92,0,0,0,0,0,0,0,0,1619,954,0,0,0,0,0,0,0,0
72,2017-04-20,09:00:35,896,c1709,XDCE,1618,1614,1619,16160,261439840,1839076,1839010,1694,1534,1614,1616,0,1616,0,0,0,2017-04-20,32435896,1617,894,0,0,0,0,0,0,0,0,1618,42,0,0,0,0,0,0,0,0
73,2017-04-20,09:00:36,397,c1709,XDCE,1619,1614,1619,16270,263219880,1839068,1839010,1694,1534,1614,1616,0,1616,0,0,0,2017-04-20,32436397,1618,176,0,0,0,0,0,0,0,0,1619,902,0,0,0,0,0,0,0,0
74,2017-04-20,09:00:36,881,c1709,XDCE,1619,1614,1619,16314,263931880,1839064,1839010,1694,1534,1614,1616,0,1616,0,0,0,2017-04-20,32436881,1618,160,0,0,0,0,0,0,0,0,1619,931,0,0,0,0,0,0,0,0
75,2017-04-20,09:00:37,414,c1709,XDCE,1619,1614,1619,16532,267461180,1839084,1839010,1694,1534,1614,1616,0,1616,0,0,0,2017-04-20,32437414,1618,92,0,0,0,0,0,0,0,0,1619,759,0,0,0,0,0,0,0,0
76,2017-04-20,09:00:37,913,c1709,XDCE,1619,1614,1619,16534,267493560,1839084,1839010,1694,1534,1614,1616,0,1616,0,0,0,2017-04-20,32437913,1618,173,0,0,0,0,0,0,0,0,1619,789,0,0,0,0,0,0,0,0
77,2017-04-20,09:00:38,335,c1709,XDCE,1618,1614,1619,16550,267752520,1839078,1839010,1694,1534,1614,1616,0,1616,0,0,0,2017-04-20,32438335,1618,180,0,0,0,0,0,0,0,0,1619,788,0,0,0,0,0,0,0,0
78,2017-04-20,09:00:38,916,c1709,XDCE,1618,1614,1619,16602,268593900,1839074,1839010,1694,1534,1614,1616,0,1616,0,0,0,2017-04-20,32438916,1618,308,0,0,0,0,0,0,0,0,1619,787,0,0,0,0,0,0,0,0
79,2017-04-20,09:00:39,383,c1709,XDCE,1619,1614,1619,16622,268917580,1839064,1839010,1694,1534,1614,1616,0,1616,0,0,0,2017-04-20,32439383,1618,301,0,0,0,0,0,0,0,0,1619,774,0,0,0,0,0,0,0,0
80,2017-04-20,09:00:39,896,c1709,XDCE,1618,1614,1619,16690,270018280,1839050,1839010,1694,1534,1614,1616,0,1616,0,0,0,2017-04-20,32439896,1618,291,0,0,0,0,0,0,0,0,1619,752,0,0,0,0,0,0,0,0
81,2017-04-20,09:00:40,393,c1709,XDCE,1618,1614,1619,16752,271021440,1839048,1839010,1694,1534,1614,1616,0,1616,0,0,0,2017-04-20,32440393,1618,268,0,0,0,0,0,0,0,0,1619,757,0,0,0,0,0,0,0,0
82,2017-04-20,09:00:40,914,c1709,XDCE,1618,1614,1619,16764,271215620,1839046,1839010,1694,1534,1614,1616,0,1616,0,0,0,2017-04-20,32440914,1618,269,0,0,0,0,0,0,0,0,1619,757,0,0,0,0,0,0,0,0
83,2017-04-20,09:00:41,408,c1709,XDCE,1619,1614,1619,16770,271312740,1839046,1839010,1694,1534,1614,1616,0,1616,0,0,0,2017-04-20,32441408,1618,266,0,0,0,0,0,0,0,0,1619,755,0,0,0,0,0,0,0,0
84,2017-04-20,09:00:41,914,c1709,XDCE,1618,1614,1619,16782,271506900,1839046,1839010,1694,1534,1614,1616,0,1616,0,0,0,2017-04-20,32441914,1618,317,0,0,0,0,0,0,0,0,1619,757,0,0,0,0,0,0,0,0
85,2017-04-20,09:00:42,416,c1709,XDCE,1619,1614,1619,16822,272154400,1839036,1839010,1694,1534,1614,1616,0,1616,0,0,0,2017-04-20,32442416,1618,315,0,0,0,0,0,0,0,0,1619,769,0,0,0,0,0,0,0,0
86,2017-04-20,09:00:42,901,c1709,XDCE,1619,1614,1619,16832,272316280,1839030,1839010,1694,1534,1614,1616,0,1616,0,0,0,2017-04-20,32442901,1618,362,0,0,0,0,0,0,0,0,1619,762,0,0,0,0,0,0,0,0
87,2017-04-20,09:00:43,403,c1709,XDCE,1618,1614,1619,16900,273416720,1839014,1839010,1694,1534,1614,1616,0,1616,0,0,0,2017-04-20,32443403,1618,369,0,0,0,0,0,0,0,0,1619,758,0,0,0,0,0,0,0,0
88,2017-04-20,09:00:43,891,c1709,XDCE,1619,1614,1619,16940,274064180,1839012,1839010,1694,1534,1614,1616,0,1616,0,0,0,2017-04-20,32443891,1618,364,0,0,0,0,0,0,0,0,1619,771,0,0,0,0,0,0,0,0
89,2017-04-20,09:00:44,404,c1709,XDCE,1619,1614,1619,17264,279309620,1839232,1839010,1694,1534,1614,1616,0,1616,0,0,0,2017-04-20,32444404,1618,373,0,0,0,0,0,0,0,0,1619,748,0,0,0,0,0,0,0,0
90,2017-04-20,09:00:44,907,c1709,XDCE,1618,1614,1619,17542,283810120,1839494,1839010,1694,1534,1614,1616,0,1616,0,0,0,2017-04-20,32444907,1618,357,0,0,0,0,0,0,0,0,1619,627,0,0,0,0,0,0,0,0
91,2017-04-20,09:00:45,415,c1709,XDCE,1619,1614,1619,17578,284392720,1839526,1839010,1694,1534,1614,1616,0,1616,0,0,0,2017-04-20,32445415,1618,347,0,0,0,0,0,0,0,0,1619,622,0,0,0,0,0,0,0,0
92,2017-04-20,09:00:45,905,c1709,XDCE,1619,1614,1619,17696,286302320,1839548,1839010,1694,1534,1614,1616,0,1616,0,0,0,2017-04-20,32445905,1618,336,0,0,0,0,0,0,0,0,1619,434,0,0,0,0,0,0,0,0
93,2017-04-20,09:00:46,410,c1709,XDCE,1619,1614,1619,18588,300743720,1839946,1839010,1694,1534,1614,1616,0,1616,0,0,0,2017-04-20,32446410,1619,629,0,0,0,0,0,0,0,0,1620,1103,0,0,0,0,0,0,0,0
94,2017-04-20,09:00:46,865,c1709,XDCE,1619,1614,1619,18634,301488460,1839950,1839010,1694,1534,1614,1616,0,1616,0,0,0,2017-04-20,32446865,1619,717,0,0,0,0,0,0,0,0,1620,1107,0,0,0,0,0,0,0,0
95,2017-04-20,09:00:47,408,c1709,XDCE,1619,1614,1619,18764,303593160,1840078,1839010,1694,1534,1614,1616,0,1616,0,0,0,2017-04-20,32447408,1619,663,0,0,0,0,0,0,0,0,1620,1109,0,0,0,0,0,0,0,0
96,2017-04-20,09:00:47,882,c1709,XDCE,1619,1614,1620,18852,305018580,1840136,1839010,1694,1534,1614,1616,0,1616,0,0,0,2017-04-20,32447882,1619,656,0,0,0,0,0,0,0,0,1620,1073,0,0,0,0,0,0,0,0
97,2017-04-20,09:00:48,411,c1709,XDCE,1619,1614,1620,18890,305633820,1840172,1839010,1694,1534,1614,1616,0,1616,0,0,0,2017-04-20,32448411,1619,640,0,0,0,0,0,0,0,0,1620,1072,0,0,0,0,0,0,0,0
98,2017-04-20,09:00:48,842,c1709,XDCE,1619,1614,1620,18912,305990040,1840184,1839010,1694,1534,1614,1616,0,1616,0,0,0,2017-04-20,32448842,1619,632,0,0,0,0,0,0,0,0,1620,1075,0,0,0,0,0,0,0,0
99,2017-04-20,09:00:49,397,c1709,XDCE,1619,1614,1620,19266,311721320,1840466,1839010,1694,1534,1614,1616,0,1616,0,0,0,2017-04-20,32449397,1619,461,0,0,0,0,0,0,0,0,1620,1060,0,0,0,0,0,0,0,0
100,2017-04-20,09:00:49,872,c1709,XDCE,1619,1614,1620,19280,311948020,1840468,1839010,1694,1534,1614,1616,0,1616,0,0,0,2017-04-20,32449872,1619,456,0,0,0,0,0,0,0,0,1620,1034,0,0,0,0,0,0,0,0
101,2017-04-20,09:00:50,407,c1709,XDCE,1619,1614,1620,19314,312498760,1840494,1839010,1694,1534,1614,1616,0,1616,0,0,0,2017-04-20,32450407,1619,455,0,0,0,0,0,0,0,0,1620,1060,0,0,0,0,0,0,0,0
102,2017-04-20,09:00:50,901,c1709,XDCE,1619,1614,1620,19670,318265300,1840520,1839010,1694,1534,1614,1616,0,1616,0,0,0,2017-04-20,32450901,1619,427,0,0,0,0,0,0,0,0,1620,885,0,0,0,0,0,0,0,0
103,2017-04-20,09:00:51,371,c1709,XDCE,1620,1614,1620,19730,319236780,1840528,1839010,1694,1534,1614,1616,0,1616,0,0,0,2017-04-20,32451371,1619,405,0,0,0,0,0,0,0,0,1620,971,0,0,0,0,0,0,0,0
104,2017-04-20,09:00:51,915,c1709,XDCE,1620,1614,1621,21914,354617300,1841080,1839010,1694,1534,1614,1616,0,1616,0,0,0,2017-04-20,32451915,1620,137,0,0,0,0,0,0,0,0,1621,998,0,0,0,0,0,0,0,0
105,2017-04-20,09:00:52,407,c1709,XDCE,1619,1614,1621,22346,361616020,1841086,1839010,1694,1534,1614,1616,0,1616,0,0,0,2017-04-20,32452407,1619,508,0,0,0,0,0,0,0,0,1620,173,0,0,0,0,0,0,0,0
106,2017-04-20,09:00:52,858,c1709,XDCE,1620,1614,1621,22452,363333100,1841104,1839010,1694,1534,1614,1616,0,1616,0,0,0,2017-04-20,32452858,1619,467,0,0,0,0,0,0,0,0,1620,126,0,0,0,0,0,0,0,0
107,2017-04-20,09:00:53,392,c1709,XDCE,1620,1614,1621,22462,363495060,1841114,1839010,1694,1534,1614,1616,0,1616,0,0,0,2017-04-20,32453392,1619,416,0,0,0,0,0,0,0,0,1620,198,0,0,0,0,0,0,0,0
108,2017-04-20,09:00:53,904,c1709,XDCE,1619,1614,1621,22688,367156120,1840980,1839010,1694,1534,1614,1616,0,1616,0,0,0,2017-04-20,32453904,1619,417,0,0,0,0,0,0,0,0,1620,155,0,0,0,0,0,0,0,0
109,2017-04-20,09:00:54,366,c1709,XDCE,1620,1614,1621,22692,367220920,1840976,1839010,1694,1534,1614,1616,0,1616,0,0,0,2017-04-20,32454366,1619,421,0,0,0,0,0,0,0,0,1620,156,0,0,0,0,0,0,0,0
110,2017-04-20,09:00:54,916,c1709,XDCE,1620,1614,1621,22992,372080820,1840916,1839010,1694,1534,1614,1616,0,1616,0,0,0,2017-04-20,32454916,1619,411,0,0,0,0,0,0,0,0,1620,42,0,0,0,0,0,0,0,0
111,2017-04-20,09:00:55,382,c1709,XDCE,1620,1614,1621,23080,373505600,1840920,1839010,1694,1534,1614,1616,0,1616,0,0,0,2017-04-20,32455382,1619,392,0,0,0,0,0,0,0,0,1620,142,0,0,0,0,0,0,0,0
112,2017-04-20,09:00:55,903,c1709,XDCE,1620,1614,1621,23948,387567180,1840396,1839010,1694,1534,1614,1616,0,1616,0,0,0,2017-04-20,32455903,1620,656,0,0,0,0,0,0,0,0,1621,932,0,0,0,0,0,0,0,0
113,2017-04-20,09:00:56,397,c1709,XDCE,1621,1614,1621,23960,387761600,1840390,1839010,1694,1534,1614,1616,0,1616,0,0,0,2017-04-20,32456397,1620,772,0,0,0,0,0,0,0,0,1621,934,0,0,0,0,0,0,0,0
114,2017-04-20,09:00:56,917,c1709,XDCE,1620,1614,1621,24178,391294180,1840306,1839010,1694,1534,1614,1616,0,1616,0,0,0,2017-04-20,32456917,1620,880,0,0,0,0,0,0,0,0,1621,891,0,0,0,0,0,0,0,0
115,2017-04-20,09:00:57,403,c1709,XDCE,1620,1614,1621,24248,392428380,1840280,1839010,1694,1534,1614,1616,0,1616,0,0,0,2017-04-20,32457403,1620,860,0,0,0,0,0,0,0,0,1621,877,0,0,0,0,0,0,0,0
116,2017-04-20,09:00:57,908,c1709,XDCE,1620,1614,1621,24254,392525580,1840278,1839010,1694,1534,1614,1616,0,1616,0,0,0,2017-04-20,32457908,1620,1361,0,0,0,0,0,0,0,0,1621,911,0,0,0,0,0,0,0,0
117,2017-04-20,09:00:58,394,c1709,XDCE,1620,1614,1621,24270,392784800,1840274,1839010,1694,1534,1614,1616,0,1616,0,0,0,2017-04-20,32458394,1620,1349,0,0,0,0,0,0,0,0,1621,897,0,0,0,0,0,0,0,0
118,2017-04-20,09:00:58,907,c1709,XDCE,1621,1614,1621,24298,393238500,1840276,1839010,1694,1534,1614,1616,0,1616,0,0,0,2017-04-20,32458907,1620,1355,0,0,0,0,0,0,0,0,1621,892,0,0,0,0,0,0,0,0
119,2017-04-20,09:00:59,412,c1709,XDCE,1621,1614,1621,24358,394210820,1840250,1839010,1694,1534,1614,1616,0,1616,0,0,0,2017-04-20,32459412,1620,1348,0,0,0,0,0,0,0,0,1621,876,0,0,0,0,0,0,0,0
120,2017-04-20,09:00:59,902,c1709,XDCE,1621,1614,1621,24524,396900440,1840210,1839010,1694,1534,1614,1616,0,1616,0,0,0,2017-04-20,32459902,1620,1460,0,0,0,0,0,0,0,0,1621,858,0,0,0,0,0,0,0,0
121,2017-04-20,09:01:00,403,c1709,XDCE,1621,1614,1621,24822,401730740,1840112,1839010,1694,1534,1614,1616,0,1616,0,0,0,2017-04-20,32460403,1620,1534,0,0,0,0,0,0,0,0,1621,834,0,0,0,0,0,0,0,0
122,2017-04-20,09:01:00,904,c1709,XDCE,1621,1614,1621,24910,403156500,1840034,1839010,1694,1534,1614,1616,0,1616,0,0,0,2017-04-20,32460904,1620,1503,0,0,0,0,0,0,0,0,1621,845,0,0,0,0,0,0,0,0
123,2017-04-20,09:01:01,416,c1709,XDCE,1620,1614,1621,25012,404809020,1839944,1839010,1694,1534,1614,1616,0,1616,0,0,0,2017-04-20,32461416,1620,1457,0,0,0,0,0,0,0,0,1621,842,0,0,0,0,0,0,0,0
124,2017-04-20,09:01:01,885,c1709,XDCE,1620,1614,1621,25280,409153100,1839764,1839010,1694,1534,1614,1616,0,1616,0,0,0,2017-04-20,32461885,1620,1571,0,0,0,0,0,0,0,0,1621,727,0,0,0,0,0,0,0,0
125,2017-04-20,09:01:02,415,c1709,XDCE,1620,1614,1621,25410,411260340,1839648,1839010,1694,1534,1614,1616,0,1616,0,0,0,2017-04-20,32462415,1620,1571,0,0,0,0,0,0,0,0,1621,671,0,0,0,0,0,0,0,0
126,2017-04-20,09:01:02,903,c1709,XDCE,1621,1614,1621,25986,420594740,1839332,1839010,1694,1534,1614,1616,0,1616,0,0,0,2017-04-20,32462903,1620,1216,0,0,0,0,0,0,0,0,1621,531,0,0,0,0,0,0,0,0
127,2017-04-20,09:01:03,407,c1709,XDCE,1620,1614,1621,26006,420918800,1839326,1839010,1694,1534,1614,1616,0,1616,0,0,0,2017-04-20,32463407,1620,1219,0,0,0,0,0,0,0,0,1621,522,0,0,0,0,0,0,0,0
128,2017-04-20,09:01:03,911,c1709,XDCE,1620,1614,1621,26034,421372480,1839310,1839010,1694,1534,1614,1616,0,1616,0,0,0,2017-04-20,32463911,1620,1212,0,0,0,0,0,0,0,0,1621,527,0,0,0,0,0,0,0,0
129,2017-04-20,09:01:04,408,c1709,XDCE,1620,1614,1621,26048,421599380,1839298,1839010,1694,1534,1614,1616,0,1616,0,0,0,2017-04-20,32464408,1620,1226,0,0,0,0,0,0,0,0,1621,527,0,0,0,0,0,0,0,0
130,2017-04-20,09:01:04,912,c1709,XDCE,1620,1614,1621,26126,422863100,1839292,1839010,1694,1534,1614,1616,0,1616,0,0,0,2017-04-20,32464912,1620,1194,0,0,0,0,0,0,0,0,1621,530,0,0,0,0,0,0,0,0
131,2017-04-20,09:01:05,396,c1709,XDCE,1620,1614,1621,26334,426232740,1839086,1839010,1694,1534,1614,1616,0,1616,0,0,0,2017-04-20,32465396,1620,1092,0,0,0,0,0,0,0,0,1621,568,0,0,0,0,0,0,0,0
132,2017-04-20,09:01:05,917,c1709,XDCE,1621,1614,1621,26424,427690900,1839074,1839010,1694,1534,1614,1616,0,1616,0,0,0,2017-04-20,32465917,1620,1039,0,0,0,0,0,0,0,0,1621,598,0,0,0,0,0,0,0,0
133,2017-04-20,09:01:06,408,c1709,XDCE,1620,1614,1621,26466,428371680,1839048,1839010,1694,1534,1614,1616,0,1616,0,0,0,2017-04-20,32466408,1620,1040,0,0,0,0,0,0,0,0,1621,609,0,0,0,0,0,0,0,0
134,2017-04-20,09:01:06,906,c1709,XDCE,1620,1614,1621,26538,429538120,1839066,1839010,1694,1534,1614,1616,0,1616,0,0,0,2017-04-20,32466906,1620,1005,0,0,0,0,0,0,0,0,1621,663,0,0,0,0,0,0,0,0
135,2017-04-20,09:01:07,384,c1709,XDCE,1621,1614,1621,26676,431773860,1838990,1839010,1694,1534,1614,1616,0,1616,0,0,0,2017-04-20,32467384,1620,942,0,0,0,0,0,0,0,0,1621,677,0,0,0,0,0,0,0,0
136,2017-04-20,09:01:07,916,c1709,XDCE,1620,1614,1621,28576,462553940,1838828,1839010,1694,1534,1614,1616,0,1616,0,0,0,2017-04-20,32467916,1619,374,0,0,0,0,0,0,0,0,1620,827,0,0,0,0,0,0,0,0
137,2017-04-20,09:01:08,360,c1709,XDCE,1620,1614,1621,28650,463752740,1838828,1839010,1694,1534,1614,1616,0,1616,0,0,0,2017-04-20,32468360,1619,350,0,0,0,0,0,0,0,0,1620,820,0,0,0,0,0,0,0,0
138,2017-04-20,09:01:08,916,c1709,XDCE,1620,1614,1621,28678,464206300,1838810,1839010,1694,1534,1614,1616,0,1616,0,0,0,2017-04-20,32468916,1619,349,0,0,0,0,0,0,0,0,1620,929,0,0,0,0,0,0,0,0
139,2017-04-20,09:01:09,402,c1709,XDCE,1620,1614,1621,28826,466603880,1838782,1839010,1694,1534,1614,1616,0,1616,0,0,0,2017-04-20,32469402,1619,508,0,0,0,0,0,0,0,0,1620,869,0,0,0,0,0,0,0,0
140,2017-04-20,09:01:09,914,c1709,XDCE,1620,1614,1621,28826,466603880,1838782,1839010,1694,1534,1614,1616,0,1616,0,0,0,2017-04-20,32469914,1619,508,0,0,0,0,0,0,0,0,1620,874,0,0,0,0,0,0,0,0
141,2017-04-20,09:01:10,411,c1709,XDCE,1620,1614,1621,28838,466798280,1838782,1839010,1694,1534,1614,1616,0,1616,0,0,0,2017-04-20,32470411,1619,506,0,0,0,0,0,0,0,0,1620,871,0,0,0,0,0,0,0,0
142,2017-04-20,09:01:10,914,c1709,XDCE,1619,1614,1621,28992,469293020,1838926,1839010,1694,1534,1614,1616,0,1616,0,0,0,2017-04-20,32470914,1619,519,0,0,0,0,0,0,0,0,1620,802,0,0,0,0,0,0,0,0
143,2017-04-20,09:01:11,409,c1709,XDCE,1620,1614,1621,28996,469357820,1838928,1839010,1694,1534,1614,1616,0,1616,0,0,0,2017-04-20,32471409,1619,525,0,0,0,0,0,0,0,0,1620,801,0,0,0,0,0,0,0,0
144,2017-04-20,09:01:11,895,c1709,XDCE,1620,1614,1621,29026,469843800,1838930,1839010,1694,1534,1614,1616,0,1616,0,0,0,2017-04-20,32471895,1619,532,0,0,0,0,0,0,0,0,1620,839,0,0,0,0,0,0,0,0
145,2017-04-20,09:01:12,410,c1709,XDCE,1620,1614,1621,29096,470977740,1838992,1839010,1694,1534,1614,1616,0,1616,0,0,0,2017-04-20,32472410,1619,531,0,0,0,0,0,0,0,0,1620,819,0,0,0,0,0,0,0,0
146,2017-04-20,09:01:12,907,c1709,XDCE,1620,1614,1621,29130,471528440,1839012,1839010,1694,1534,1614,1616,0,1616,0,0,0,2017-04-20,32472907,1619,528,0,0,0,0,0,0,0,0,1620,810,0,0,0,0,0,0,0,0
147,2017-04-20,09:01:13,407,c1709,XDCE,1619,1614,1621,29152,471884720,1839008,1839010,1694,1534,1614,1616,0,1616,0,0,0,2017-04-20,32473407,1619,524,0,0,0,0,0,0,0,0,1620,807,0,0,0,0,0,0,0,0
148,2017-04-20,09:01:13,908,c1709,XDCE,1620,1614,1621,29174,472241120,1839022,1839010,1694,1534,1614,1616,0,1616,0,0,0,2017-04-20,32473908,1619,505,0,0,0,0,0,0,0,0,1620,799,0,0,0,0,0,0,0,0
149,2017-04-20,09:01:14,328,c1709,XDCE,1619,1614,1621,29176,472273500,1839022,1839010,1694,1534,1614,1616,0,1616,0,0,0,2017-04-20,32474328,1619,514,0,0,0,0,0,0,0,0,1620,802,0,0,0,0,0,0,0,0
150,2017-04-20,09:01:14,911,c1709,XDCE,1619,1614,1621,29210,472823960,1839022,1839010,1694,1534,1614,1616,0,1616,0,0,0,2017-04-20,32474911,1619,486,0,0,0,0,0,0,0,0,1620,855,0,0,0,0,0,0,0,0
151,2017-04-20,09:01:15,392,c1709,XDCE,1619,1614,1621,29222,473018260,1839018,1839010,1694,1534,1614,1616,0,1616,0,0,0,2017-04-20,32475392,1619,482,0,0,0,0,0,0,0,0,1620,858,0,0,0,0,0,0,0,0
152,2017-04-20,09:01:15,894,c1709,XDCE,1619,1614,1621,29274,473860340,1839020,1839010,1694,1534,1614,1616,0,1616,0,0,0,2017-04-20,32475894,1619,520,0,0,0,0,0,0,0,0,1620,793,0,0,0,0,0,0,0,0
153,2017-04-20,09:01:16,339,c1709,XDCE,1620,1614,1621,29312,474475920,1839038,1839010,1694,1534,1614,1616,0,1616,0,0,0,2017-04-20,32476339,1619,535,0,0,0,0,0,0,0,0,1620,777,0,0,0,0,0,0,0,0
154,2017-04-20,09:01:16,907,c1709,XDCE,1619,1614,1621,29318,474573080,1839038,1839010,1694,1534,1614,1616,0,1616,0,0,0,2017-04-20,32476907,1619,533,0,0,0,0,0,0,0,0,1620,797,0,0,0,0,0,0,0,0
155,2017-04-20,09:01:17,351,c1709,XDCE,1619,1614,1621,29346,475026400,1839038,1839010,1694,1534,1614,1616,0,1616,0,0,0,2017-04-20,32477351,1619,522,0,0,0,0,0,0,0,0,1620,800,0,0,0,0,0,0,0,0
156,2017-04-20,09:01:17,867,c1709,XDCE,1619,1614,1621,29396,475836300,1839034,1839010,1694,1534,1614,1616,0,1616,0,0,0,2017-04-20,32477867,1619,497,0,0,0,0,0,0,0,0,1620,801,0,0,0,0,0,0,0,0
157,2017-04-20,09:01:18,391,c1709,XDCE,1620,1614,1621,29456,476808300,1839044,1839010,1694,1534,1614,1616,0,1616,0,0,0,2017-04-20,32478391,1619,478,0,0,0,0,0,0,0,0,1620,800,0,0,0,0,0,0,0,0
158,2017-04-20,09:01:18,907,c1709,XDCE,1619,1614,1621,29504,477585820,1839042,1839010,1694,1534,1614,1616,0,1616,0,0,0,2017-04-20,32478907,1619,478,0,0,0,0,0,0,0,0,1620,818,0,0,0,0,0,0,0,0
159,2017-04-20,09:01:19,352,c1709,XDCE,1620,1614,1621,29508,477650620,1839042,1839010,1694,1534,1614,1616,0,1616,0,0,0,2017-04-20,32479352,1619,478,0,0,0,0,0,0,0,0,1620,818,0,0,0,0,0,0,0,0
160,2017-04-20,09:01:19,909,c1709,XDCE,1619,1614,1621,29526,477942200,1839052,1839010,1694,1534,1614,1616,0,1616,0,0,0,2017-04-20,32479909,1619,476,0,0,0,0,0,0,0,0,1620,831,0,0,0,0,0,0,0,0
161,2017-04-20,09:01:20,351,c1709,XDCE,1620,1614,1621,29630,479626460,1839052,1839010,1694,1534,1614,1616,0,1616,0,0,0,2017-04-20,32480351,1619,449,0,0,0,0,0,0,0,0,1620,861,0,0,0,0,0,0,0,0
162,2017-04-20,09:01:20,866,c1709,XDCE,1620,1614,1621,29648,479918000,1839058,1839010,1694,1534,1614,1616,0,1616,0,0,0,2017-04-20,32480866,1619,451,0,0,0,0,0,0,0,0,1620,857,0,0,0,0,0,0,0,0
163,2017-04-20,09:01:21,404,c1709,XDCE,1619,1614,1621,29660,480112300,1839060,1839010,1694,1534,1614,1616,0,1616,0,0,0,2017-04-20,32481404,1619,447,0,0,0,0,0,0,0,0,1620,885,0,0,0,0,0,0,0,0
164,2017-04-20,09:01:21,905,c1709,XDCE,1620,1614,1621,29666,480209480,1839062,1839010,1694,1534,1614,1616,0,1616,0,0,0,2017-04-20,32481905,1619,448,0,0,0,0,0,0,0,0,1620,897,0,0,0,0,0,0,0,0
165,2017-04-20,09:01:22,416,c1709,XDCE,1619,1614,1621,30626,495751880,1839044,1839010,1694,1534,1614,1616,0,1616,0,0,0,2017-04-20,32482416,1619,61,0,0,0,0,0,0,0,0,1620,948,0,0,0,0,0,0,0,0
166,2017-04-20,09:01:22,823,c1709,XDCE,1619,1614,1621,30750,497759440,1838984,1839010,1694,1534,1614,1616,0,1616,0,0,0,2017-04-20,32482823,1618,852,0,0,0,0,0,0,0,0,1619,307,0,0,0,0,0,0,0,0
167,2017-04-20,09:01:23,406,c1709,XDCE,1618,1614,1621,30768,498050680,1839002,1839010,1694,1534,1614,1616,0,1616,0,0,0,2017-04-20,32483406,1618,833,0,0,0,0,0,0,0,0,1619,320,0,0,0,0,0,0,0,0
168,2017-04-20,09:01:23,912,c1709,XDCE,1618,1614,1621,30790,498406700,1839016,1839010,1694,1534,1614,1616,0,1616,0,0,0,2017-04-20,32483912,1618,825,0,0,0,0,0,0,0,0,1619,321,0,0,0,0,0,0,0,0
169,2017-04-20,09:01:24,408,c1709,XDCE,1618,1614,1621,30798,498536200,1839018,1839010,1694,1534,1614,1616,0,1616,0,0,0,2017-04-20,32484408,1618,785,0,0,0,0,0,0,0,0,1619,322,0,0,0,0,0,0,0,0
170,2017-04-20,09:01:24,868,c1709,XDCE,1619,1614,1621,30800,498568580,1839020,1839010,1694,1534,1614,1616,0,1616,0,0,0,2017-04-20,32484868,1618,787,0,0,0,0,0,0,0,0,1619,476,0,0,0,0,0,0,0,0
171,2017-04-20,09:01:25,404,c1709,XDCE,1618,1614,1621,31264,506079880,1839314,1839010,1694,1534,1614,1616,0,1616,0,0,0,2017-04-20,32485404,1618,648,0,0,0,0,0,0,0,0,1619,308,0,0,0,0,0,0,0,0
172,2017-04-20,09:01:25,895,c1709,XDCE,1618,1614,1621,31264,506079880,1839314,1839010,1694,1534,1614,1616,0,1616,0,0,0,2017-04-20,32485895,1618,640,0,0,0,0,0,0,0,0,1619,378,0,0,0,0,0,0,0,0
173,2017-04-20,09:01:26,411,c1709,XDCE,1619,1614,1621,31316,506921560,1839316,1839010,1694,1534,1614,1616,0,1616,0,0,0,2017-04-20,32486411,1618,597,0,0,0,0,0,0,0,0,1619,476,0,0,0,0,0,0,0,0
174,2017-04-20,09:01:26,850,c1709,XDCE,1618,1614,1621,31330,507148180,1839328,1839010,1694,1534,1614,1616,0,1616,0,0,0,2017-04-20,32486850,1618,595,0,0,0,0,0,0,0,0,1619,486,0,0,0,0,0,0,0,0
175,2017-04-20,09:01:27,398,c1709,XDCE,1618,1614,1621,31338,507277620,1839332,1839010,1694,1534,1614,1616,0,1616,0,0,0,2017-04-20,32487398,1618,592,0,0,0,0,0,0,0,0,1619,508,0,0,0,0,0,0,0,0
176,2017-04-20,09:01:27,889,c1709,XDCE,1618,1614,1621,31338,507277620,1839332,1839010,1694,1534,1614,1616,0,1616,0,0,0,2017-04-20,32487889,1618,592,0,0,0,0,0,0,0,0,1619,518,0,0,0,0,0,0,0,0
177,2017-04-20,09:01:28,389,c1709,XDCE,1619,1614,1621,31422,508637040,1839372,1839010,1694,1534,1614,1616,0,1616,0,0,0,2017-04-20,32488389,1618,546,0,0,0,0,0,0,0,0,1619,516,0,0,0,0,0,0,0,0
178,2017-04-20,09:01:28,913,c1709,XDCE,1618,1614,1621,31430,508766540,1839378,1839010,1694,1534,1614,1616,0,1616,0,0,0,2017-04-20,32488913,1618,546,0,0,0,0,0,0,0,0,1619,518,0,0,0,0,0,0,0,0
179,2017-04-20,09:01:29,416,c1709,XDCE,1618,1614,1621,31536,510481620,1839360,1839010,1694,1534,1614,1616,0,1616,0,0,0,2017-04-20,32489416,1618,493,0,0,0,0,0,0,0,0,1619,476,0,0,0,0,0,0,0,0
180,2017-04-20,09:01:29,913,c1709,XDCE,1619,1614,1621,31548,510675900,1839352,1839010,1694,1534,1614,1616,0,1616,0,0,0,2017-04-20,32489913,1618,494,0,0,0,0,0,0,0,0,1619,433,0,0,0,0,0,0,0,0
181,2017-04-20,09:01:30,392,c1709,XDCE,1619,1614,1621,31568,510999520,1839332,1839010,1694,1534,1614,1616,0,1616,0,0,0,2017-04-20,32490392,1618,487,0,0,0,0,0,0,0,0,1619,446,0,0,0,0,0,0,0,0
182,2017-04-20,09:01:30,839,c1709,XDCE,1618,1614,1621,31854,515627000,1839524,1839010,1694,1534,1614,1616,0,1616,0,0,0,2017-04-20,32490839,1618,345,0,0,0,0,0,0,0,0,1619,465,0,0,0,0,0,0,0,0
183,2017-04-20,09:01:31,377,c1709,XDCE,1618,1614,1621,31944,517083200,1839590,1839010,1694,1534,1614,1616,0,1616,0,0,0,2017-04-20,32491377,1618,304,0,0,0,0,0,0,0,0,1619,492,0,0,0,0,0,0,0,0
184,2017-04-20,09:01:31,894,c1709,XDCE,1618,1614,1621,31948,517147920,1839592,1839010,1694,1534,1614,1616,0,1616,0,0,0,2017-04-20,32491894,1618,401,0,0,0,0,0,0,0,0,1619,545,0,0,0,0,0,0,0,0
185,2017-04-20,09:01:32,377,c1709,XDCE,1618,1614,1621,31972,517536240,1839612,1839010,1694,1534,1614,1616,0,1616,0,0,0,2017-04-20,32492377,1618,510,0,0,0,0,0,0,0,0,1619,577,0,0,0,0,0,0,0,0
186,2017-04-20,09:01:32,909,c1709,XDCE,1618,1614,1621,31974,517568600,1839614,1839010,1694,1534,1614,1616,0,1616,0,0,0,2017-04-20,32492909,1618,529,0,0,0,0,0,0,0,0,1619,581,0,0,0,0,0,0,0,0
187,2017-04-20,09:01:33,389,c1709,XDCE,1618,1614,1621,32080,519284680,1839642,1839010,1694,1534,1614,1616,0,1616,0,0,0,2017-04-20,32493389,1618,424,0,0,0,0,0,0,0,0,1619,559,0,0,0,0,0,0,0,0
188,2017-04-20,09:01:33,910,c1709,XDCE,1618,1614,1621,32110,519770080,1839670,1839010,1694,1534,1614,1616,0,1616,0,0,0,2017-04-20,32493910,1618,409,0,0,0,0,0,0,0,0,1619,566,0,0,0,0,0,0,0,0
189,2017-04-20,09:01:34,410,c1709,XDCE,1619,1614,1621,32116,519867200,1839674,1839010,1694,1534,1614,1616,0,1616,0,0,0,2017-04-20,32494410,1618,409,0,0,0,0,0,0,0,0,1619,567,0,0,0,0,0,0,0,0
190,2017-04-20,09:01:34,859,c1709,XDCE,1619,1614,1621,32120,519931960,1839674,1839010,1694,1534,1614,1616,0,1616,0,0,0,2017-04-20,32494859,1618,478,0,0,0,0,0,0,0,0,1619,564,0,0,0,0,0,0,0,0
191,2017-04-20,09:01:35,404,c1709,XDCE,1618,1614,1621,32338,523461340,1839466,1839010,1694,1534,1614,1616,0,1616,0,0,0,2017-04-20,32495404,1618,481,0,0,0,0,0,0,0,0,1619,458,0,0,0,0,0,0,0,0
192,2017-04-20,09:01:35,889,c1709,XDCE,1619,1614,1621,32582,527409300,1839570,1839010,1694,1534,1614,1616,0,1616,0,0,0,2017-04-20,32495889,1618,357,0,0,0,0,0,0,0,0,1619,475,0,0,0,0,0,0,0,0
193,2017-04-20,09:01:36,413,c1709,XDCE,1618,1614,1621,32594,527603460,1839576,1839010,1694,1534,1614,1616,0,1616,0,0,0,2017-04-20,32496413,1618,352,0,0,0,0,0,0,0,0,1619,479,0,0,0,0,0,0,0,0
194,2017-04-20,09:01:36,900,c1709,XDCE,1618,1614,1621,32598,527668180,1839578,1839010,1694,1534,1614,1616,0,1616,0,0,0,2017-04-20,32496900,1618,338,0,0,0,0,0,0,0,0,1619,494,0,0,0,0,0,0,0,0
195,2017-04-20,09:01:37,383,c1709,XDCE,1618,1614,1621,32698,529286180,1839678,1839010,1694,1534,1614,1616,0,1616,0,0,0,2017-04-20,32497383,1618,290,0,0,0,0,0,0,0,0,1619,499,0,0,0,0,0,0,0,0
196,2017-04-20,09:01:37,817,c1709,XDCE,1618,1614,1621,32712,529512700,1839682,1839010,1694,1534,1614,1616,0,1616,0,0,0,2017-04-20,32497817,1618,283,0,0,0,0,0,0,0,0,1619,509,0,0,0,0,0,0,0,0
197,2017-04-20,09:01:38,416,c1709,XDCE,1618,1614,1621,32728,529771660,1839678,1839010,1694,1534,1614,1616,0,1616,0,0,0,2017-04-20,32498416,1618,288,0,0,0,0,0,0,0,0,1619,506,0,0,0,0,0,0,0,0
198,2017-04-20,09:01:38,915,c1709,XDCE,1619,1614,1621,32736,529901120,1839678,1839010,1694,1534,1614,1616,0,1616,0,0,0,2017-04-20,32498915,1618,294,0,0,0,0,0,0,0,0,1619,507,0,0,0,0,0,0,0,0
199,2017-04-20,09:01:39,410,c1709,XDCE,1618,1614,1621,32742,529998200,1839676,1839010,1694,1534,1614,1616,0,1616,0,0,0,2017-04-20,32499410,1618,311,0,0,0,0,0,0,0,0,1619,499,0,0,0,0,0,0,0,0
200,2017-04-20,09:01:39,879,c1709,XDCE,1618,1614,1621,32746,530062920,1839676,1839010,1694,1534,1614,1616,0,1616,0,0,0,2017-04-20,32499879,1618,309,0,0,0,0,0,0,0,0,1619,501,0,0,0,0,0,0,0,0
201,2017-04-20,09:01:40,400,c1709,XDCE,1619,1614,1621,32840,531584700,1839606,1839010,1694,1534,1614,1616,0,1616,0,0,0,2017-04-20,32500400,1618,306,0,0,0,0,0,0,0,0,1619,513,0,0,0,0,0,0,0,0
202,2017-04-20,09:01:40,910,c1709,XDCE,1619,1614,1621,32842,531617080,1839606,1839010,1694,1534,1614,1616,0,1616,0,0,0,2017-04-20,32500910,1618,336,0,0,0,0,0,0,0,0,1619,514,0,0,0,0,0,0,0,0
203,2017-04-20,09:01:41,394,c1709,XDCE,1618,1614,1621,32846,531681800,1839606,1839010,1694,1534,1614,1616,0,1616,0,0,0,2017-04-20,32501394,1618,335,0,0,0,0,0,0,0,0,1619,514,0,0,0,0,0,0,0,0
204,2017-04-20,09:01:41,883,c1709,XDCE,1618,1614,1621,32990,534011840,1839648,1839010,1694,1534,1614,1616,0,1616,0,0,0,2017-04-20,32501883,1618,332,0,0,0,0,0,0,0,0,1619,449,0,0,0,0,0,0,0,0
205,2017-04-20,09:01:42,403,c1709,XDCE,1618,1614,1621,33198,537379320,1839770,1839010,1694,1534,1614,1616,0,1616,0,0,0,2017-04-20,32502403,1618,332,0,0,0,0,0,0,0,0,1619,348,0,0,0,0,0,0,0,0
206,2017-04-20,09:01:42,905,c1709,XDCE,1619,1614,1621,33260,538383080,1839732,1839010,1694,1534,1614,1616,0,1616,0,0,0,2017-04-20,32502905,1618,334,0,0,0,0,0,0,0,0,1619,277,0,0,0,0,0,0,0,0
207,2017-04-20,09:01:43,356,c1709,XDCE,1618,1614,1621,34222,553956980,1839902,1839010,1694,1534,1614,1616,0,1616,0,0,0,2017-04-20,32503356,1618,365,0,0,0,0,0,0,0,0,1620,1173,0,0,0,0,0,0,0,0
208,2017-04-20,09:01:43,909,c1709,XDCE,1619,1614,1621,34244,554313140,1839898,1839010,1694,1534,1614,1616,0,1616,0,0,0,2017-04-20,32503909,1619,44,0,0,0,0,0,0,0,0,1620,1121,0,0,0,0,0,0,0,0
209,2017-04-20,09:01:44,393,c1709,XDCE,1619,1614,1621,34244,554313140,1839898,1839010,1694,1534,1614,1616,0,1616,0,0,0,2017-04-20,32504393,1619,118,0,0,0,0,0,0,0,0,1620,1110,0,0,0,0,0,0,0,0
210,2017-04-20,09:01:44,903,c1709,XDCE,1619,1614,1621,34278,554863620,1839924,1839010,1694,1534,1614,1616,0,1616,0,0,0,2017-04-20,32504903,1619,106,0,0,0,0,0,0,0,0,1620,1108,0,0,0,0,0,0,0,0
211,2017-04-20,09:01:45,394,c1709,XDCE,1619,1614,1621,34732,562218200,1839944,1839010,1694,1534,1614,1616,0,1616,0,0,0,2017-04-20,32505394,1619,102,0,0,0,0,0,0,0,0,1620,892,0,0,0,0,0,0,0,0
212,2017-04-20,09:01:45,871,c1709,XDCE,1619,1614,1621,35044,567269520,1839990,1839010,1694,1534,1614,1616,0,1616,0,0,0,2017-04-20,32505871,1618,644,0,0,0,0,0,0,0,0,1619,4,0,0,0,0,0,0,0,0
213,2017-04-20,09:01:46,379,c1709,XDCE,1619,1614,1621,35086,567949560,1839966,1839010,1694,1534,1614,1616,0,1616,0,0,0,2017-04-20,32506379,1619,321,0,0,0,0,0,0,0,0,1620,889,0,0,0,0,0,0,0,0
214,2017-04-20,09:01:46,880,c1709,XDCE,1620,1614,1621,35100,568176240,1839958,1839010,1694,1534,1614,1616,0,1616,0,0,0,2017-04-20,32506880,1619,324,0,0,0,0,0,0,0,0,1620,965,0,0,0,0,0,0,0,0
215,2017-04-20,09:01:47,387,c1709,XDCE,1619,1614,1621,35110,568338180,1839956,1839010,1694,1534,1614,1616,0,1616,0,0,0,2017-04-20,32507387,1619,216,0,0,0,0,0,0,0,0,1620,885,0,0,0,0,0,0,0,0
216,2017-04-20,09:01:47,882,c1709,XDCE,1619,1614,1621,35138,568791500,1839950,1839010,1694,1534,1614,1616,0,1616,0,0,0,2017-04-20,32507882,1619,220,0,0,0,0,0,0,0,0,1620,884,0,0,0,0,0,0,0,0
217,2017-04-20,09:01:48,378,c1709,XDCE,1619,1614,1621,35140,568823880,1839950,1839010,1694,1534,1614,1616,0,1616,0,0,0,2017-04-20,32508378,1619,220,0,0,0,0,0,0,0,0,1620,891,0,0,0,0,0,0,0,0
218,2017-04-20,09:01:48,885,c1709,XDCE,1619,1614,1621,35146,568921020,1839950,1839010,1694,1534,1614,1616,0,1616,0,0,0,2017-04-20,32508885,1619,217,0,0,0,0,0,0,0,0,1620,892,0,0,0,0,0,0,0,0
219,2017-04-20,09:01:49,356,c1709,XDCE,1619,1614,1621,35148,568953400,1839948,1839010,1694,1534,1614,1616,0,1616,0,0,0,2017-04-20,32509356,1619,171,0,0,0,0,0,0,0,0,1620,897,0,0,0,0,0,0,0,0
220,2017-04-20,09:01:49,896,c1709,XDCE,1619,1614,1621,35150,568985780,1839948,1839010,1694,1534,1614,1616,0,1616,0,0,0,2017-04-20,32509896,1619,163,0,0,0,0,0,0,0,0,1620,922,0,0,0,0,0,0,0,0
221,2017-04-20,09:01:50,408,c1709,XDCE,1619,1614,1621,35672,577441920,1839870,1839010,1694,1534,1614,1616,0,1616,0,0,0,2017-04-20,32510408,1619,164,0,0,0,0,0,0,0,0,1620,697,0,0,0,0,0,0,0,0
222,2017-04-20,09:01:50,887,c1709,XDCE,1619,1614,1621,36060,583723640,1840030,1839010,1694,1534,1614,1616,0,1616,0,0,0,2017-04-20,32510887,1619,55,0,0,0,0,0,0,0,0,1620,718,0,0,0,0,0,0,0,0
223,2017-04-20,09:01:51,366,c1709,XDCE,1619,1614,1621,36080,584047460,1840034,1839010,1694,1534,1614,1616,0,1616,0,0,0,2017-04-20,32511366,1619,195,0,0,0,0,0,0,0,0,1620,732,0,0,0,0,0,0,0,0
224,2017-04-20,09:01:51,888,c1709,XDCE,1620,1614,1621,36134,584921840,1840084,1839010,1694,1534,1614,1616,0,1616,0,0,0,2017-04-20,32511888,1619,184,0,0,0,0,0,0,0,0,1620,784,0,0,0,0,0,0,0,0
225,2017-04-20,09:01:52,410,c1709,XDCE,1619,1614,1621,36140,585018980,1840088,1839010,1694,1534,1614,1616,0,1616,0,0,0,2017-04-20,32512410,1619,181,0,0,0,0,0,0,0,0,1620,794,0,0,0,0,0,0,0,0
226,2017-04-20,09:01:52,877,c1709,XDCE,1620,1614,1621,38042,615834380,1838764,1839010,1694,1534,1614,1616,0,1616,0,0,0,2017-04-20,32512877,1620,337,0,0,0,0,0,0,0,0,1621,984,0,0,0,0,0,0,0,0
227,2017-04-20,09:01:53,371,c1709,XDCE,1620,1614,1621,38046,615899180,1838762,1839010,1694,1534,1614,1616,0,1616,0,0,0,2017-04-20,32513371,1620,339,0,0,0,0,0,0,0,0,1621,888,0,0,0,0,0,0,0,0
228,2017-04-20,09:01:53,905,c1709,XDCE,1621,1614,1621,38094,616676880,1838756,1839010,1694,1534,1614,1616,0,1616,0,0,0,2017-04-20,32513905,1620,324,0,0,0,0,0,0,0,0,1621,882,0,0,0,0,0,0,0,0
229,2017-04-20,09:01:54,373,c1709,XDCE,1621,1614,1621,38192,618264560,1838658,1839010,1694,1534,1614,1616,0,1616,0,0,0,2017-04-20,32514373,1620,396,0,0,0,0,0,0,0,0,1621,881,0,0,0,0,0,0,0,0
230,2017-04-20,09:01:54,897,c1709,XDCE,1621,1614,1621,38194,618296980,1838656,1839010,1694,1534,1614,1616,0,1616,0,0,0,2017-04-20,32514897,1620,420,0,0,0,0,0,0,0,0,1621,881,0,0,0,0,0,0,0,0
231,2017-04-20,09:01:55,400,c1709,XDCE,1621,1614,1621,38908,629870080,1838256,1839010,1694,1534,1614,1616,0,1616,0,0,0,2017-04-20,32515400,1620,342,0,0,0,0,0,0,0,0,1621,567,0,0,0,0,0,0,0,0
232,2017-04-20,09:01:55,899,c1709,XDCE,1621,1614,1621,38956,630648140,1838244,1839010,1694,1534,1614,1616,0,1616,0,0,0,2017-04-20,32515899,1620,373,0,0,0,0,0,0,0,0,1621,525,0,0,0,0,0,0,0,0
233,2017-04-20,09:01:56,414,c1709,XDCE,1621,1614,1621,39278,635867740,1838232,1839010,1694,1534,1614,1616,0,1616,0,0,0,2017-04-20,32516414,1620,451,0,0,0,0,0,0,0,0,1621,369,0,0,0,0,0,0,0,0
234,2017-04-20,09:01:56,910,c1709,XDCE,1621,1614,1621,39586,640858400,1837992,1839010,1694,1534,1614,1616,0,1616,0,0,0,2017-04-20,32516910,1620,431,0,0,0,0,0,0,0,0,1621,319,0,0,0,0,0,0,0,0
235,2017-04-20,09:01:57,416,c1709,XDCE,1621,1614,1621,41052,664616740,1837510,1839010,1694,1534,1614,1616,0,1616,0,0,0,2017-04-20,32517416,1620,299,0,0,0,0,0,0,0,0,1621,22,0,0,0,0,0,0,0,0
236,2017-04-20,09:01:57,904,c1709,XDCE,1622,1614,1622,41166,666464700,1837560,1839010,1694,1534,1614,1616,0,1616,0,0,0,2017-04-20,32517904,1621,421,0,0,0,0,0,0,0,0,1622,1957,0,0,0,0,0,0,0,0
237,2017-04-20,09:01:58,408,c1709,XDCE,1622,1614,1622,41348,669416280,1837562,1839010,1694,1534,1614,1616,0,1616,0,0,0,2017-04-20,32518408,1621,428,0,0,0,0,0,0,0,0,1622,1880,0,0,0,0,0,0,0,0
238,2017-04-20,09:01:58,914,c1709,XDCE,1621,1614,1622,41410,670421420,1837586,1839010,1694,1534,1614,1616,0,1616,0,0,0,2017-04-20,32518914,1621,421,0,0,0,0,0,0,0,0,1622,1874,0,0,0,0,0,0,0,0
239,2017-04-20,09:01:59,401,c1709,XDCE,1622,1614,1622,41452,671102560,1837596,1839010,1694,1534,1614,1616,0,1616,0,0,0,2017-04-20,32519401,1621,638,0,0,0,0,0,0,0,0,1622,1871,0,0,0,0,0,0,0,0
240,2017-04-20,09:01:59,834,c1709,XDCE,1621,1614,1622,41458,671199840,1837598,1839010,1694,1534,1614,1616,0,1616,0,0,0,2017-04-20,32519834,1621,636,0,0,0,0,0,0,0,0,1622,1870,0,0,0,0,0,0,0,0
241,2017-04-20,09:02:00,414,c1709,XDCE,1622,1614,1622,41652,674346380,1837610,1839010,1694,1534,1614,1616,0,1616,0,0,0,2017-04-20,32520414,1621,630,0,0,0,0,0,0,0,0,1622,1781,0,0,0,0,0,0,0,0
242,2017-04-20,09:02:00,902,c1709,XDCE,1621,1614,1622,41720,675448720,1837616,1839010,1694,1534,1614,1616,0,1616,0,0,0,2017-04-20,32520902,1621,619,0,0,0,0,0,0,0,0,1622,1785,0,0,0,0,0,0,0,0
243,2017-04-20,09:02:01,398,c1709,XDCE,1622,1614,1622,41746,675870280,1837618,1839010,1694,1534,1614,1616,0,1616,0,0,0,2017-04-20,32521398,1621,614,0,0,0,0,0,0,0,0,1622,1769,0,0,0,0,0,0,0,0
244,2017-04-20,09:02:01,914,c1709,XDCE,1621,1614,1622,41770,676259520,1837622,1839010,1694,1534,1614,1616,0,1616,0,0,0,2017-04-20,32521914,1621,615,0,0,0,0,0,0,0,0,1622,1756,0,0,0,0,0,0,0,0
245,2017-04-20,09:02:02,399,c1709,XDCE,1622,1614,1622,41872,677913960,1837644,1839010,1694,1534,1614,1616,0,1616,0,0,0,2017-04-20,32522399,1621,619,0,0,0,0,0,0,0,0,1622,1712,0,0,0,0,0,0,0,0
246,2017-04-20,09:02:02,910,c1709,XDCE,1622,1614,1622,41920,678692480,1837674,1839010,1694,1534,1614,1616,0,1616,0,0,0,2017-04-20,32522910,1621,616,0,0,0,0,0,0,0,0,1622,1699,0,0,0,0,0,0,0,0
247,2017-04-20,09:02:03,415,c1709,XDCE,1622,1614,1622,41996,679925080,1837686,1839010,1694,1534,1614,1616,0,1616,0,0,0,2017-04-20,32523415,1621,620,0,0,0,0,0,0,0,0,1622,1669,0,0,0,0,0,0,0,0
248,2017-04-20,09:02:03,901,c1709,XDCE,1621,1614,1622,42070,681125320,1837730,1839010,1694,1534,1614,1616,0,1616,0,0,0,2017-04-20,32523901,1621,711,0,0,0,0,0,0,0,0,1622,1650,0,0,0,0,0,0,0,0
249,2017-04-20,09:02:04,414,c1709,XDCE,1622,1614,1622,42648,690495720,1837868,1839010,1694,1534,1614,1616,0,1616,0,0,0,2017-04-20,32524414,1621,587,0,0,0,0,0,0,0,0,1622,1602,0,0,0,0,0,0,0,0
250,2017-04-20,09:02:04,915,c1709,XDCE,1622,1614,1622,42896,694516080,1837862,1839010,1694,1534,1614,1616,0,1616,0,0,0,2017-04-20,32524915,1621,573,0,0,0,0,0,0,0,0,1622,1608,0,0,0,0,0,0,0,0
251,2017-04-20,09:02:05,415,c1709,XDCE,1622,1614,1622,43002,696235360,1837842,1839010,1694,1534,1614,1616,0,1616,0,0,0,2017-04-20,32525415,1621,756,0,0,0,0,0,0,0,0,1622,1489,0,0,0,0,0,0,0,0
252,2017-04-20,09:02:05,900,c1709,XDCE,1622,1614,1622,43072,697370700,1837826,1839010,1694,1534,1614,1616,0,1616,0,0,0,2017-04-20,32525900,1621,756,0,0,0,0,0,0,0,0,1622,1437,0,0,0,0,0,0,0,0
253,2017-04-20,09:02:06,414,c1709,XDCE,1622,1614,1622,43100,697824720,1837840,1839010,1694,1534,1614,1616,0,1616,0,0,0,2017-04-20,32526414,1621,757,0,0,0,0,0,0,0,0,1622,1488,0,0,0,0,0,0,0,0
254,2017-04-20,09:02:06,914,c1709,XDCE,1621,1614,1622,43126,698246340,1837846,1839010,1694,1534,1614,1616,0,1616,0,0,0,2017-04-20,32526914,1621,765,0,0,0,0,0,0,0,0,1622,1482,0,0,0,0,0,0,0,0
255,2017-04-20,09:02:07,412,c1709,XDCE,1622,1614,1622,44224,716055760,1837884,1839010,1694,1534,1614,1616,0,1616,0,0,0,2017-04-20,32527412,1621,832,0,0,0,0,0,0,0,0,1622,953,0,0,0,0,0,0,0,0
256,2017-04-20,09:02:07,915,c1709,XDCE,1622,1614,1622,46246,748852600,1837552,1839010,1694,1534,1614,1616,0,1616,0,0,0,2017-04-20,32527915,1622,309,0,0,0,0,0,0,0,0,1623,969,0,0,0,0,0,0,0,0
257,2017-04-20,09:02:08,392,c1709,XDCE,1623,1614,1623,46390,751189440,1837594,1839010,1694,1534,1614,1616,0,1616,0,0,0,2017-04-20,32528392,1622,1073,0,0,0,0,0,0,0,0,1623,908,0,0,0,0,0,0,0,0
258,2017-04-20,09:02:08,913,c1709,XDCE,1623,1614,1624,48264,781604280,1837036,1839010,1694,1534,1614,1616,0,1616,0,0,0,2017-04-20,32528913,1623,226,0,0,0,0,0,0,0,0,1624,890,0,0,0,0,0,0,0,0
259,2017-04-20,09:02:09,393,c1709,XDCE,1624,1614,1624,48478,785079500,1837132,1839010,1694,1534,1614,1616,0,1616,0,0,0,2017-04-20,32529393,1623,1295,0,0,0,0,0,0,0,0,1624,749,0,0,0,0,0,0,0,0
260,2017-04-20,09:02:09,905,c1709,XDCE,1624,1614,1624,49534,802226700,1836802,1839010,1694,1534,1614,1616,0,1616,0,0,0,2017-04-20,32529905,1623,1477,0,0,0,0,0,0,0,0,1624,535,0,0,0,0,0,0,0,0
261,2017-04-20,09:02:10,357,c1709,XDCE,1625,1614,1625,50682,820870560,1836144,1839010,1694,1534,1614,1616,0,1616,0,0,0,2017-04-20,32530357,1624,1901,0,0,0,0,0,0,0,0,1625,1281,0,0,0,0,0,0,0,0
262,2017-04-20,09:02:10,912,c1709,XDCE,1625,1614,1625,52380,848461800,1835200,1839010,1694,1534,1614,1616,0,1616,0,0,0,2017-04-20,32530912,1624,2642,0,0,0,0,0,0,0,0,1625,466,0,0,0,0,0,0,0,0
263,2017-04-20,09:02:11,409,c1709,XDCE,1625,1614,1626,54340,880312080,1835248,1839010,1694,1534,1614,1616,0,1616,0,0,0,2017-04-20,32531409,1624,2516,0,0,0,0,0,0,0,0,1625,59,0,0,0,0,0,0,0,0
264,2017-04-20,09:02:11,903,c1709,XDCE,1625,1614,1626,54638,885155200,1835356,1839010,1694,1534,1614,1616,0,1616,0,0,0,2017-04-20,32531903,1625,515,0,0,0,0,0,0,0,0,1626,1114,0,0,0,0,0,0,0,0
265,2017-04-20,09:02:12,403,c1709,XDCE,1625,1614,1626,55278,895561320,1835584,1839010,1694,1534,1614,1616,0,1616,0,0,0,2017-04-20,32532403,1625,1061,0,0,0,0,0,0,0,0,1626,1043,0,0,0,0,0,0,0,0
266,2017-04-20,09:02:12,914,c1709,XDCE,1626,1614,1626,55506,899268440,1835586,1839010,1694,1534,1614,1616,0,1616,0,0,0,2017-04-20,32532914,1625,1170,0,0,0,0,0,0,0,0,1626,948,0,0,0,0,0,0,0,0
267,2017-04-20,09:02:13,415,c1709,XDCE,1628,1614,1628,59080,957402000,1836034,1839010,1694,1534,1614,1616,0,1616,0,0,0,2017-04-20,32533415,1627,1158,0,0,0,0,0,0,0,0,1628,1128,0,0,0,0,0,0,0,0
268,2017-04-20,09:02:13,915,c1709,XDCE,1628,1614,1628,60604,982209500,1835754,1839010,1694,1534,1614,1616,0,1616,0,0,0,2017-04-20,32533915,1627,2142,0,0,0,0,0,0,0,0,1628,501,0,0,0,0,0,0,0,0
269,2017-04-20,09:02:14,409,c1709,XDCE,1628,1614,1629,63428,1028180900,1836320,1839010,1694,1534,1614,1616,0,1616,0,0,0,2017-04-20,32534409,1628,303,0,0,0,0,0,0,0,0,1629,642,0,0,0,0,0,0,0,0
270,2017-04-20,09:02:14,912,c1709,XDCE,1629,1614,1629,63756,1033521080,1836132,1839010,1694,1534,1614,1616,0,1616,0,0,0,2017-04-20,32534912,1628,594,0,0,0,0,0,0,0,0,1629,691,0,0,0,0,0,0,0,0
271,2017-04-20,09:02:15,407,c1709,XDCE,1629,1614,1629,64530,1046129180,1835804,1839010,1694,1534,1614,1616,0,1616,0,0,0,2017-04-20,32535407,1628,721,0,0,0,0,0,0,0,0,1629,450,0,0,0,0,0,0,0,0
272,2017-04-20,09:02:15,909,c1709,XDCE,1629,1614,1629,65560,1062906440,1835334,1839010,1694,1534,1614,1616,0,1616,0,0,0,2017-04-20,32535909,1628,672,0,0,0,0,0,0,0,0,1629,70,0,0,0,0,0,0,0,0
273,2017-04-20,09:02:16,416,c1709,XDCE,1629,1614,1629,66042,1070758160,1835322,1839010,1694,1534,1614,1616,0,1616,0,0,0,2017-04-20,32536416,1628,832,0,0,0,0,0,0,0,0,1629,205,0,0,0,0,0,0,0,0
274,2017-04-20,09:02:16,914,c1709,XDCE,1628,1614,1629,66288,1074764720,1835322,1839010,1694,1534,1614,1616,0,1616,0,0,0,2017-04-20,32536914,1628,713,0,0,0,0,0,0,0,0,1629,463,0,0,0,0,0,0,0,0
275,2017-04-20,09:02:17,384,c1709,XDCE,1628,1614,1629,68132,1104786900,1835194,1839010,1694,1534,1614,1616,0,1616,0,0,0,2017-04-20,32537384,1627,783,0,0,0,0,0,0,0,0,1628,1197,0,0,0,0,0,0,0,0
276,2017-04-20,09:02:17,914,c1709,XDCE,1628,1614,1629,68394,1109052140,1835246,1839010,1694,1534,1614,1616,0,1616,0,0,0,2017-04-20,32537914,1627,740,0,0,0,0,0,0,0,0,1628,1146,0,0,0,0,0,0,0,0
277,2017-04-20,09:02:18,411,c1709,XDCE,1627,1614,1629,68408,1109279960,1835234,1839010,1694,1534,1614,1616,0,1616,0,0,0,2017-04-20,32538411,1627,757,0,0,0,0,0,0,0,0,1628,1153,0,0,0,0,0,0,0,0
278,2017-04-20,09:02:18,916,c1709,XDCE,1627,1614,1629,70288,1139870760,1834146,1839010,1694,1534,1614,1616,0,1616,0,0,0,2017-04-20,32538916,1626,553,0,0,0,0,0,0,0,0,1627,1638,0,0,0,0,0,0,0,0
279,2017-04-20,09:02:19,362,c1709,XDCE,1625,1614,1629,71388,1157756120,1834012,1839010,1694,1534,1614,1616,0,1616,0,0,0,2017-04-20,32539362,1625,519,0,0,0,0,0,0,0,0,1626,1508,0,0,0,0,0,0,0,0
280,2017-04-20,09:02:19,916,c1709,XDCE,1625,1614,1629,72526,1176248580,1834146,1839010,1694,1534,1614,1616,0,1616,0,0,0,2017-04-20,32539916,1624,559,0,0,0,0,0,0,0,0,1625,1197,0,0,0,0,0,0,0,0
281,2017-04-20,09:02:20,402,c1709,XDCE,1625,1614,1629,73430,1190938980,1833788,1839010,1694,1534,1614,1616,0,1616,0,0,0,2017-04-20,32540402,1625,80,0,0,0,0,0,0,0,0,1626,871,0,0,0,0,0,0,0,0
282,2017-04-20,09:02:20,916,c1709,XDCE,1626,1614,1629,73644,1194418520,1833784,1839010,1694,1534,1614,1616,0,1616,0,0,0,2017-04-20,32540916,1625,1889,0,0,0,0,0,0,0,0,1626,699,0,0,0,0,0,0,0,0
283,2017-04-20,09:02:21,395,c1709,XDCE,1626,1614,1629,74688,1211393740,1833610,1839010,1694,1534,1614,1616,0,1616,0,0,0,2017-04-20,32541395,1625,447,0,0,0,0,0,0,0,0,1626,109,0,0,0,0,0,0,0,0
284,2017-04-20,09:02:21,891,c1709,XDCE,1626,1614,1629,74958,1215783680,1833422,1839010,1694,1534,1614,1616,0,1616,0,0,0,2017-04-20,32541891,1626,199,0,0,0,0,0,0,0,0,1627,623,0,0,0,0,0,0,0,0
285,2017-04-20,09:02:22,401,c1709,XDCE,1627,1614,1629,75036,1217052060,1833392,1839010,1694,1534,1614,1616,0,1616,0,0,0,2017-04-20,32542401,1626,342,0,0,0,0,0,0,0,0,1627,443,0,0,0,0,0,0,0,0
286,2017-04-20,09:02:22,904,c1709,XDCE,1626,1614,1629,75078,1217735080,1833420,1839010,1694,1534,1614,1616,0,1616,0,0,0,2017-04-20,32542904,1626,354,0,0,0,0,0,0,0,0,1627,448,0,0,0,0,0,0,0,0
287,2017-04-20,09:02:23,382,c1709,XDCE,1626,1614,1629,75170,1219231020,1833422,1839010,1694,1534,1614,1616,0,1616,0,0,0,2017-04-20,32543382,1626,343,0,0,0,0,0,0,0,0,1627,509,0,0,0,0,0,0,0,0
288,2017-04-20,09:02:23,909,c1709,XDCE,1626,1614,1629,75218,1220011540,1833442,1839010,1694,1534,1614,1616,0,1616,0,0,0,2017-04-20,32543909,1626,277,0,0,0,0,0,0,0,0,1627,540,0,0,0,0,0,0,0,0
289,2017-04-20,09:02:24,376,c1709,XDCE,1626,1614,1629,75516,1224859980,1833688,1839010,1694,1534,1614,1616,0,1616,0,0,0,2017-04-20,32544376,1626,296,0,0,0,0,0,0,0,0,1627,384,0,0,0,0,0,0,0,0
290,2017-04-20,09:02:24,874,c1709,XDCE,1626,1614,1629,75552,1225445580,1833674,1839010,1694,1534,1614,1616,0,1616,0,0,0,2017-04-20,32544874,1626,296,0,0,0,0,0,0,0,0,1627,374,0,0,0,0,0,0,0,0
291,2017-04-20,09:02:25,404,c1709,XDCE,1626,1614,1629,75888,1230909500,1833830,1839010,1694,1534,1614,1616,0,1616,0,0,0,2017-04-20,32545404,1626,139,0,0,0,0,0,0,0,0,1627,1024,0,0,0,0,0,0,0,0
292,2017-04-20,09:02:25,915,c1709,XDCE,1625,1614,1629,77200,1252232580,1833672,1839010,1694,1534,1614,1616,0,1616,0,0,0,2017-04-20,32545915,1624,615,0,0,0,0,0,0,0,0,1625,249,0,0,0,0,0,0,0,0
293,2017-04-20,09:02:26,413,c1709,XDCE,1625,1614,1629,77284,1253596860,1833672,1839010,1694,1534,1614,1616,0,1616,0,0,0,2017-04-20,32546413,1624,605,0,0,0,0,0,0,0,0,1625,438,0,0,0,0,0,0,0,0
294,2017-04-20,09:02:26,893,c1709,XDCE,1625,1614,1629,77540,1257756800,1833594,1839010,1694,1534,1614,1616,0,1616,0,0,0,2017-04-20,32546893,1624,601,0,0,0,0,0,0,0,0,1625,357,0,0,0,0,0,0,0,0
295,2017-04-20,09:02:27,403,c1709,XDCE,1624,1614,1629,77580,1258406540,1833612,1839010,1694,1534,1614,1616,0,1616,0,0,0,2017-04-20,32547403,1624,605,0,0,0,0,0,0,0,0,1625,350,0,0,0,0,0,0,0,0
296,2017-04-20,09:02:27,914,c1709,XDCE,1625,1614,1629,77694,1260258980,1833718,1839010,1694,1534,1614,1616,0,1616,0,0,0,2017-04-20,32547914,1624,596,0,0,0,0,0,0,0,0,1625,297,0,0,0,0,0,0,0,0
297,2017-04-20,09:02:28,414,c1709,XDCE,1625,1614,1629,77722,1260713760,1833714,1839010,1694,1534,1614,1616,0,1616,0,0,0,2017-04-20,32548414,1624,590,0,0,0,0,0,0,0,0,1625,284,0,0,0,0,0,0,0,0
298,2017-04-20,09:02:28,916,c1709,XDCE,1624,1614,1629,77974,1264808360,1833886,1839010,1694,1534,1614,1616,0,1616,0,0,0,2017-04-20,32548916,1624,563,0,0,0,0,0,0,0,0,1625,189,0,0,0,0,0,0,0,0
299,2017-04-20,09:02:29,410,c1709,XDCE,1624,1614,1629,77996,1265165820,1833898,1839010,1694,1534,1614,1616,0,1616,0,0,0,2017-04-20,32549410,1624,562,0,0,0,0,0,0,0,0,1625,222,0,0,0,0,0,0,0,0
300,2017-04-20,09:02:29,906,c1709,XDCE,1624,1614,1629,78030,1265718220,1833908,1839010,1694,1534,1614,1616,0,1616,0,0,0,2017-04-20,32549906,1624,487,0,0,0,0,0,0,0,0,1625,230,0,0,0,0,0,0,0,0
301,2017-04-20,09:02:30,416,c1709,XDCE,1624,1614,1629,78052,1266075640,1833914,1839010,1694,1534,1614,1616,0,1616,0,0,0,2017-04-20,32550416,1624,488,0,0,0,0,0,0,0,0,1625,252,0,0,0,0,0,0,0,0
302,2017-04-20,09:02:30,874,c1709,XDCE,1625,1614,1629,78616,1275240100,1833738,1839010,1694,1534,1614,1616,0,1616,0,0,0,2017-04-20,32550874,1625,319,0,0,0,0,0,0,0,0,1626,1265,0,0,0,0,0,0,0,0
303,2017-04-20,09:02:31,376,c1709,XDCE,1626,1614,1629,78958,1280798400,1833438,1839010,1694,1534,1614,1616,0,1616,0,0,0,2017-04-20,32551376,1625,257,0,0,0,0,0,0,0,0,1626,1237,0,0,0,0,0,0,0,0
304,2017-04-20,09:02:31,914,c1709,XDCE,1625,1614,1629,78992,1281351060,1833410,1839010,1694,1534,1614,1616,0,1616,0,0,0,2017-04-20,32551914,1625,372,0,0,0,0,0,0,0,0,1626,1186,0,0,0,0,0,0,0,0
305,2017-04-20,09:02:32,396,c1709,XDCE,1625,1614,1629,79016,1281741140,1833392,1839010,1694,1534,1614,1616,0,1616,0,0,0,2017-04-20,32552396,1625,380,0,0,0,0,0,0,0,0,1626,1229,0,0,0,0,0,0,0,0
306,2017-04-20,09:02:32,905,c1709,XDCE,1625,1614,1629,79032,1282001140,1833378,1839010,1694,1534,1614,1616,0,1616,0,0,0,2017-04-20,32552905,1625,374,0,0,0,0,0,0,0,0,1626,1242,0,0,0,0,0,0,0,0
307,2017-04-20,09:02:33,389,c1709,XDCE,1625,1614,1629,79160,1284082180,1833366,1839010,1694,1534,1614,1616,0,1616,0,0,0,2017-04-20,32553389,1625,365,0,0,0,0,0,0,0,0,1626,1190,0,0,0,0,0,0,0,0
308,2017-04-20,09:02:33,904,c1709,XDCE,1625,1614,1629,79954,1296984680,1833514,1839010,1694,1534,1614,1616,0,1616,0,0,0,2017-04-20,32553904,1624,674,0,0,0,0,0,0,0,0,1625,97,0,0,0,0,0,0,0,0
309,2017-04-20,09:02:34,385,c1709,XDCE,1625,1614,1629,79958,1297049680,1833514,1839010,1694,1534,1614,1616,0,1616,0,0,0,2017-04-20,32554385,1624,667,0,0,0,0,0,0,0,0,1625,120,0,0,0,0,0,0,0,0
310,2017-04-20,09:02:34,908,c1709,XDCE,1624,1614,1629,80048,1298512140,1833598,1839010,1694,1534,1614,1616,0,1616,0,0,0,2017-04-20,32554908,1624,702,0,0,0,0,0,0,0,0,1625,181,0,0,0,0,0,0,0,0
311,2017-04-20,09:02:35,405,c1709,XDCE,1625,1614,1629,80296,1302541520,1833540,1839010,1694,1534,1614,1616,0,1616,0,0,0,2017-04-20,32555405,1624,671,0,0,0,0,0,0,0,0,1625,95,0,0,0,0,0,0,0,0
312,2017-04-20,09:02:35,879,c1709,XDCE,1625,1614,1629,80854,1311612220,1833612,1839010,1694,1534,1614,1616,0,1616,0,0,0,2017-04-20,32555879,1625,6,0,0,0,0,0,0,0,0,1626,1011,0,0,0,0,0,0,0,0
313,2017-04-20,09:02:36,409,c1709,XDCE,1625,1614,1629,81360,1319834800,1833694,1839010,1694,1534,1614,1616,0,1616,0,0,0,2017-04-20,32556409,1624,667,0,0,0,0,0,0,0,0,1625,622,0,0,0,0,0,0,0,0
314,2017-04-20,09:02:36,913,c1709,XDCE,1624,1614,1629,81494,1322011020,1833820,1839010,1694,1534,1614,1616,0,1616,0,0,0,2017-04-20,32556913,1624,600,0,0,0,0,0,0,0,0,1625,652,0,0,0,0,0,0,0,0
315,2017-04-20,09:02:37,412,c1709,XDCE,1625,1614,1629,81568,1323213520,1833884,1839010,1694,1534,1614,1616,0,1616,0,0,0,2017-04-20,32557412,1624,585,0,0,0,0,0,0,0,0,1625,629,0,0,0,0,0,0,0,0
316,2017-04-20,09:02:37,909,c1709,XDCE,1625,1614,1629,81606,1323830900,1833904,1839010,1694,1534,1614,1616,0,1616,0,0,0,2017-04-20,32557909,1624,580,0,0,0,0,0,0,0,0,1625,617,0,0,0,0,0,0,0,0
317,2017-04-20,09:02:38,396,c1709,XDCE,1625,1614,1629,81612,1323928360,1833904,1839010,1694,1534,1614,1616,0,1616,0,0,0,2017-04-20,32558396,1624,562,0,0,0,0,0,0,0,0,1625,924,0,0,0,0,0,0,0,0
318,2017-04-20,09:02:38,916,c1709,XDCE,1625,1614,1629,81874,1328185700,1833730,1839010,1694,1534,1614,1616,0,1616,0,0,0,2017-04-20,32558916,1624,504,0,0,0,0,0,0,0,0,1625,812,0,0,0,0,0,0,0,0
319,2017-04-20,09:02:39,411,c1709,XDCE,1624,1614,1629,81892,1328478060,1833726,1839010,1694,1534,1614,1616,0,1616,0,0,0,2017-04-20,32559411,1624,492,0,0,0,0,0,0,0,0,1625,822,0,0,0,0,0,0,0,0
320,2017-04-20,09:02:39,915,c1709,XDCE,1625,1614,1629,81914,1328835540,1833716,1839010,1694,1534,1614,1616,0,1616,0,0,0,2017-04-20,32559915,1624,532,0,0,0,0,0,0,0,0,1625,821,0,0,0,0,0,0,0,0
321,2017-04-20,09:02:40,403,c1709,XDCE,1625,1614,1629,82070,1331370420,1833576,1839010,1694,1534,1614,1616,0,1616,0,0,0,2017-04-20,32560403,1624,529,0,0,0,0,0,0,0,0,1625,981,0,0,0,0,0,0,0,0
322,2017-04-20,09:02:40,909,c1709,XDCE,1624,1614,1629,82148,1332637260,1833560,1839010,1694,1534,1614,1616,0,1616,0,0,0,2017-04-20,32560909,1624,498,0,0,0,0,0,0,0,0,1625,1029,0,0,0,0,0,0,0,0
323,2017-04-20,09:02:41,391,c1709,XDCE,1625,1614,1629,82324,1335496860,1833504,1839010,1694,1534,1614,1616,0,1616,0,0,0,2017-04-20,32561391,1624,413,0,0,0,0,0,0,0,0,1625,961,0,0,0,0,0,0,0,0
324,2017-04-20,09:02:41,910,c1709,XDCE,1624,1614,1629,82358,1336049220,1833504,1839010,1694,1534,1614,1616,0,1616,0,0,0,2017-04-20,32561910,1624,413,0,0,0,0,0,0,0,0,1625,1072,0,0,0,0,0,0,0,0
325,2017-04-20,09:02:42,397,c1709,XDCE,1624,1614,1629,82446,1337478860,1833506,1839010,1694,1534,1614,1616,0,1616,0,0,0,2017-04-20,32562397,1624,380,0,0,0,0,0,0,0,0,1625,1047,0,0,0,0,0,0,0,0
326,2017-04-20,09:02:42,909,c1709,XDCE,1624,1614,1629,82658,1340923560,1833308,1839010,1694,1534,1614,1616,0,1616,0,0,0,2017-04-20,32562909,1624,384,0,0,0,0,0,0,0,0,1625,993,0,0,0,0,0,0,0,0
327,2017-04-20,09:02:43,400,c1709,XDCE,1624,1614,1629,82702,1341638120,1833268,1839010,1694,1534,1614,1616,0,1616,0,0,0,2017-04-20,32563400,1624,365,0,0,0,0,0,0,0,0,1625,996,0,0,0,0,0,0,0,0
328,2017-04-20,09:02:43,905,c1709,XDCE,1624,1614,1629,82746,1342353080,1833268,1839010,1694,1534,1614,1616,0,1616,0,0,0,2017-04-20,32563905,1624,519,0,0,0,0,0,0,0,0,1625,1019,0,0,0,0,0,0,0,0
329,2017-04-20,09:02:44,415,c1709,XDCE,1624,1614,1629,83160,1349078440,1833398,1839010,1694,1534,1614,1616,0,1616,0,0,0,2017-04-20,32564415,1624,435,0,0,0,0,0,0,0,0,1625,973,0,0,0,0,0,0,0,0
330,2017-04-20,09:02:44,898,c1709,XDCE,1624,1614,1629,83354,1352229400,1833318,1839010,1694,1534,1614,1616,0,1616,0,0,0,2017-04-20,32564898,1624,339,0,0,0,0,0,0,0,0,1625,992,0,0,0,0,0,0,0,0
331,2017-04-20,09:02:45,400,c1709,XDCE,1625,1614,1629,83582,1355934200,1833294,1839010,1694,1534,1614,1616,0,1616,0,0,0,2017-04-20,32565400,1624,396,0,0,0,0,0,0,0,0,1625,888,0,0,0,0,0,0,0,0
332,2017-04-20,09:02:45,878,c1709,XDCE,1624,1614,1629,83600,1356226560,1833296,1839010,1694,1534,1614,1616,0,1616,0,0,0,2017-04-20,32565878,1624,404,0,0,0,0,0,0,0,0,1625,888,0,0,0,0,0,0,0,0
333,2017-04-20,09:02:46,367,c1709,XDCE,1624,1614,1629,83602,1356259040,1833294,1839010,1694,1534,1614,1616,0,1616,0,0,0,2017-04-20,32566367,1624,413,0,0,0,0,0,0,0,0,1625,894,0,0,0,0,0,0,0,0
334,2017-04-20,09:02:46,904,c1709,XDCE,1624,1614,1629,83614,1356453920,1833288,1839010,1694,1534,1614,1616,0,1616,0,0,0,2017-04-20,32566904,1624,401,0,0,0,0,0,0,0,0,1625,903,0,0,0,0,0,0,0,0
335,2017-04-20,09:02:47,407,c1709,XDCE,1625,1614,1629,83644,1356941320,1833262,1839010,1694,1534,1614,1616,0,1616,0,0,0,2017-04-20,32567407,1624,407,0,0,0,0,0,0,0,0,1625,895,0,0,0,0,0,0,0,0
336,2017-04-20,09:02:47,848,c1709,XDCE,1624,1614,1629,83658,1357168680,1833268,1839010,1694,1534,1614,1616,0,1616,0,0,0,2017-04-20,32567848,1624,385,0,0,0,0,0,0,0,0,1625,895,0,0,0,0,0,0,0,0
337,2017-04-20,09:02:48,393,c1709,XDCE,1625,1614,1629,83662,1357233680,1833268,1839010,1694,1534,1614,1616,0,1616,0,0,0,2017-04-20,32568393,1624,385,0,0,0,0,0,0,0,0,1625,885,0,0,0,0,0,0,0,0
338,2017-04-20,09:02:48,870,c1709,XDCE,1625,1614,1629,83700,1357851160,1833236,1839010,1694,1534,1614,1616,0,1616,0,0,0,2017-04-20,32568870,1624,394,0,0,0,0,0,0,0,0,1625,860,0,0,0,0,0,0,0,0
339,2017-04-20,09:02:49,377,c1709,XDCE,1624,1614,1629,83742,1358533560,1833240,1839010,1694,1534,1614,1616,0,1616,0,0,0,2017-04-20,32569377,1624,389,0,0,0,0,0,0,0,0,1625,845,0,0,0,0,0,0,0,0
340,2017-04-20,09:02:49,911,c1709,XDCE,1624,1614,1629,83844,1360190040,1833234,1839010,1694,1534,1614,1616,0,1616,0,0,0,2017-04-20,32569911,1624,348,0,0,0,0,0,0,0,0,1625,855,0,0,0,0,0,0,0,0
341,2017-04-20,09:02:50,357,c1709,XDCE,1625,1614,1629,83894,1361002500,1833186,1839010,1694,1534,1614,1616,0,1616,0,0,0,2017-04-20,32570357,1624,358,0,0,0,0,0,0,0,0,1625,837,0,0,0,0,0,0,0,0
342,2017-04-20,09:02:50,878,c1709,XDCE,1624,1614,1629,83920,1361424740,1833200,1839010,1694,1534,1614,1616,0,1616,0,0,0,2017-04-20,32570878,1624,344,0,0,0,0,0,0,0,0,1625,838,0,0,0,0,0,0,0,0
343,2017-04-20,09:02:51,367,c1709,XDCE,1625,1614,1629,83924,1361489740,1833198,1839010,1694,1534,1614,1616,0,1616,0,0,0,2017-04-20,32571367,1624,201,0,0,0,0,0,0,0,0,1625,876,0,0,0,0,0,0,0,0
344,2017-04-20,09:02:51,906,c1709,XDCE,1625,1614,1629,83938,1361717120,1833202,1839010,1694,1534,1614,1616,0,1616,0,0,0,2017-04-20,32571906,1624,212,0,0,0,0,0,0,0,0,1625,886,0,0,0,0,0,0,0,0
345,2017-04-20,09:02:52,407,c1709,XDCE,1624,1614,1629,84698,1374059520,1833726,1839010,1694,1534,1614,1616,0,1616,0,0,0,2017-04-20,32572407,1623,906,0,0,0,0,0,0,0,0,1624,686,0,0,0,0,0,0,0,0
346,2017-04-20,09:02:52,914,c1709,XDCE,1624,1614,1629,84800,1375715200,1833660,1839010,1694,1534,1614,1616,0,1616,0,0,0,2017-04-20,32572914,1623,903,0,0,0,0,0,0,0,0,1624,694,0,0,0,0,0,0,0,0
347,2017-04-20,09:02:53,366,c1709,XDCE,1624,1614,1629,84926,1377761440,1833720,1839010,1694,1534,1614,1616,0,1616,0,0,0,2017-04-20,32573366,1623,905,0,0,0,0,0,0,0,0,1624,651,0,0,0,0,0,0,0,0
348,2017-04-20,09:02:53,905,c1709,XDCE,1623,1614,1629,84976,1378573020,1833682,1839010,1694,1534,1614,1616,0,1616,0,0,0,2017-04-20,32573905,1623,858,0,0,0,0,0,0,0,0,1624,649,0,0,0,0,0,0,0,0
349,2017-04-20,09:02:54,393,c1709,XDCE,1624,1614,1629,85114,1380814100,1833798,1839010,1694,1534,1614,1616,0,1616,0,0,0,2017-04-20,32574393,1623,863,0,0,0,0,0,0,0,0,1624,584,0,0,0,0,0,0,0,0
350,2017-04-20,09:02:54,886,c1709,XDCE,1624,1614,1629,85138,1381203840,1833798,1839010,1694,1534,1614,1616,0,1616,0,0,0,2017-04-20,32574886,1623,861,0,0,0,0,0,0,0,0,1624,579,0,0,0,0,0,0,0,0
351,2017-04-20,09:02:55,366,c1709,XDCE,1624,1614,1629,85154,1381463660,1833800,1839010,1694,1534,1614,1616,0,1616,0,0,0,2017-04-20,32575366,1623,863,0,0,0,0,0,0,0,0,1624,572,0,0,0,0,0,0,0,0
352,2017-04-20,09:02:55,910,c1709,XDCE,1624,1614,1629,85160,1381561080,1833800,1839010,1694,1534,1614,1616,0,1616,0,0,0,2017-04-20,32575910,1623,866,0,0,0,0,0,0,0,0,1624,574,0,0,0,0,0,0,0,0
353,2017-04-20,09:02:56,350,c1709,XDCE,1624,1614,1629,85174,1381788420,1833808,1839010,1694,1534,1614,1616,0,1616,0,0,0,2017-04-20,32576350,1623,867,0,0,0,0,0,0,0,0,1624,618,0,0,0,0,0,0,0,0
354,2017-04-20,09:02:56,895,c1709,XDCE,1624,1614,1629,85180,1381885840,1833808,1839010,1694,1534,1614,1616,0,1616,0,0,0,2017-04-20,32576895,1623,927,0,0,0,0,0,0,0,0,1624,616,0,0,0,0,0,0,0,0
355,2017-04-20,09:02:57,415,c1709,XDCE,1623,1614,1629,85204,1382275380,1833810,1839010,1694,1534,1614,1616,0,1616,0,0,0,2017-04-20,32577415,1623,933,0,0,0,0,0,0,0,0,1624,624,0,0,0,0,0,0,0,0
356,2017-04-20,09:02:57,900,c1709,XDCE,1623,1614,1629,85258,1383151900,1833822,1839010,1694,1534,1614,1616,0,1616,0,0,0,2017-04-20,32577900,1623,912,0,0,0,0,0,0,0,0,1624,638,0,0,0,0,0,0,0,0
357,2017-04-20,09:02:58,408,c1709,XDCE,1623,1614,1629,85262,1383216820,1833824,1839010,1694,1534,1614,1616,0,1616,0,0,0,2017-04-20,32578408,1623,912,0,0,0,0,0,0,0,0,1624,645,0,0,0,0,0,0,0,0
358,2017-04-20,09:02:58,905,c1709,XDCE,1623,1614,1629,85318,1384125960,1833820,1839010,1694,1534,1614,1616,0,1616,0,0,0,2017-04-20,32578905,1623,925,0,0,0,0,0,0,0,0,1624,634,0,0,0,0,0,0,0,0
359,2017-04-20,09:02:59,413,c1709,XDCE,1624,1614,1629,85436,1386041260,1833818,1839010,1694,1534,1614,1616,0,1616,0,0,0,2017-04-20,32579413,1623,882,0,0,0,0,0,0,0,0,1624,638,0,0,0,0,0,0,0,0
360,2017-04-20,09:02:59,912,c1709,XDCE,1624,1614,1629,85440,1386106220,1833820,1839010,1694,1534,1614,1616,0,1616,0,0,0,2017-04-20,32579912,1623,842,0,0,0,0,0,0,0,0,1624,637,0,0,0,0,0,0,0,0
361,2017-04-20,09:03:00,410,c1709,XDCE,1623,1614,1629,85454,1386333560,1833830,1839010,1694,1534,1614,1616,0,1616,0,0,0,2017-04-20,32580410,1623,1292,0,0,0,0,0,0,0,0,1624,630,0,0,0,0,0,0,0,0
362,2017-04-20,09:03:00,914,c1709,XDCE,1623,1614,1629,85586,1388477020,1833882,1839010,1694,1534,1614,1616,0,1616,0,0,0,2017-04-20,32580914,1623,1281,0,0,0,0,0,0,0,0,1624,577,0,0,0,0,0,0,0,0
363,2017-04-20,09:03:01,412,c1709,XDCE,1624,1614,1629,86710,1406730780,1833556,1839010,1694,1534,1614,1616,0,1616,0,0,0,2017-04-20,32581412,1624,710,0,0,0,0,0,0,0,0,1625,975,0,0,0,0,0,0,0,0
364,2017-04-20,09:03:01,910,c1709,XDCE,1625,1614,1629,86724,1406958220,1833550,1839010,1694,1534,1614,1616,0,1616,0,0,0,2017-04-20,32581910,1624,751,0,0,0,0,0,0,0,0,1625,922,0,0,0,0,0,0,0,0
365,2017-04-20,09:03:02,407,c1709,XDCE,1624,1614,1629,86816,1408452340,1833478,1839010,1694,1534,1614,1616,0,1616,0,0,0,2017-04-20,32582407,1624,969,0,0,0,0,0,0,0,0,1625,920,0,0,0,0,0,0,0,0
366,2017-04-20,09:03:02,883,c1709,XDCE,1625,1614,1629,86834,1408744780,1833472,1839010,1694,1534,1614,1616,0,1616,0,0,0,2017-04-20,32582883,1624,978,0,0,0,0,0,0,0,0,1625,894,0,0,0,0,0,0,0,0
367,2017-04-20,09:03:03,373,c1709,XDCE,1625,1614,1629,86834,1408744780,1833472,1839010,1694,1534,1614,1616,0,1616,0,0,0,2017-04-20,32583373,1624,989,0,0,0,0,0,0,0,0,1625,895,0,0,0,0,0,0,0,0
368,2017-04-20,09:03:03,911,c1709,XDCE,1625,1614,1629,86860,1409167260,1833454,1839010,1694,1534,1614,1616,0,1616,0,0,0,2017-04-20,32583911,1624,938,0,0,0,0,0,0,0,0,1625,885,0,0,0,0,0,0,0,0
369,2017-04-20,09:03:04,357,c1709,XDCE,1625,1614,1629,86876,1409427240,1833450,1839010,1694,1534,1614,1616,0,1616,0,0,0,2017-04-20,32584357,1624,956,0,0,0,0,0,0,0,0,1625,877,0,0,0,0,0,0,0,0
370,2017-04-20,09:03:04,897,c1709,XDCE,1624,1614,1629,86940,1410466640,1833388,1839010,1694,1534,1614,1616,0,1616,0,0,0,2017-04-20,32584897,1624,939,0,0,0,0,0,0,0,0,1625,875,0,0,0,0,0,0,0,0
371,2017-04-20,09:03:05,397,c1709,XDCE,1625,1614,1629,86958,1410759100,1833386,1839010,1694,1534,1614,1616,0,1616,0,0,0,2017-04-20,32585397,1624,964,0,0,0,0,0,0,0,0,1625,872,0,0,0,0,0,0,0,0
372,2017-04-20,09:03:05,889,c1709,XDCE,1625,1614,1629,86968,1410921540,1833382,1839010,1694,1534,1614,1616,0,1616,0,0,0,2017-04-20,32585889,1624,984,0,0,0,0,0,0,0,0,1625,871,0,0,0,0,0,0,0,0
373,2017-04-20,09:03:06,414,c1709,XDCE,1624,1614,1629,86988,1411246500,1833370,1839010,1694,1534,1614,1616,0,1616,0,0,0,2017-04-20,32586414,1624,1029,0,0,0,0,0,0,0,0,1625,913,0,0,0,0,0,0,0,0
374,2017-04-20,09:03:06,818,c1709,XDCE,1624,1614,1629,87004,1411506400,1833366,1839010,1694,1534,1614,1616,0,1616,0,0,0,2017-04-20,32586818,1624,1166,0,0,0,0,0,0,0,0,1625,910,0,0,0,0,0,0,0,0
375,2017-04-20,09:03:07,372,c1709,XDCE,1625,1614,1629,87008,1411571400,1833366,1839010,1694,1534,1614,1616,0,1616,0,0,0,2017-04-20,32587372,1624,1165,0,0,0,0,0,0,0,0,1625,897,0,0,0,0,0,0,0,0
376,2017-04-20,09:03:07,891,c1709,XDCE,1624,1614,1629,87062,1412448780,1833366,1839010,1694,1534,1614,1616,0,1616,0,0,0,2017-04-20,32587891,1624,1168,0,0,0,0,0,0,0,0,1625,878,0,0,0,0,0,0,0,0
377,2017-04-20,09:03:08,405,c1709,XDCE,1625,1614,1629,88880,1441991280,1832986,1839010,1694,1534,1614,1616,0,1616,0,0,0,2017-04-20,32588405,1625,198,0,0,0,0,0,0,0,0,1626,867,0,0,0,0,0,0,0,0
378,2017-04-20,09:03:08,887,c1709,XDCE,1625,1614,1629,90034,1460743760,1832800,1839010,1694,1534,1614,1616,0,1616,0,0,0,2017-04-20,32588887,1625,3,0,0,0,0,0,0,0,0,1626,905,0,0,0,0,0,0,0,0
379,2017-04-20,09:03:09,413,c1709,XDCE,1625,1614,1629,90410,1466853740,1832784,1839010,1694,1534,1614,1616,0,1616,0,0,0,2017-04-20,32589413,1624,954,0,0,0,0,0,0,0,0,1625,102,0,0,0,0,0,0,0,0
380,2017-04-20,09:03:09,912,c1709,XDCE,1625,1614,1629,90698,1471533720,1832922,1839010,1694,1534,1614,1616,0,1616,0,0,0,2017-04-20,32589912,1624,946,0,0,0,0,0,0,0,0,1625,596,0,0,0,0,0,0,0,0
381,2017-04-20,09:03:10,352,c1709,XDCE,1625,1614,1629,90780,1472866220,1832920,1839010,1694,1534,1614,1616,0,1616,0,0,0,2017-04-20,32590352,1624,961,0,0,0,0,0,0,0,0,1625,556,0,0,0,0,0,0,0,0
382,2017-04-20,09:03:10,895,c1709,XDCE,1625,1614,1629,90788,1472996200,1832918,1839010,1694,1534,1614,1616,0,1616,0,0,0,2017-04-20,32590895,1624,963,0,0,0,0,0,0,0,0,1625,557,0,0,0,0,0,0,0,0
383,2017-04-20,09:03:11,392,c1709,XDCE,1625,1614,1629,90846,1473938500,1832924,1839010,1694,1534,1614,1616,0,1616,0,0,0,2017-04-20,32591392,1624,942,0,0,0,0,0,0,0,0,1625,1059,0,0,0,0,0,0,0,0
384,2017-04-20,09:03:11,860,c1709,XDCE,1625,1614,1629,90942,1475497640,1832842,1839010,1694,1534,1614,1616,0,1616,0,0,0,2017-04-20,32591860,1624,900,0,0,0,0,0,0,0,0,1625,1048,0,0,0,0,0,0,0,0
385,2017-04-20,09:03:12,414,c1709,XDCE,1624,1614,1629,90952,1475660120,1832848,1839010,1694,1534,1614,1616,0,1616,0,0,0,2017-04-20,32592414,1624,911,0,0,0,0,0,0,0,0,1625,1049,0,0,0,0,0,0,0,0
386,2017-04-20,09:03:12,892,c1709,XDCE,1624,1614,1629,91038,1477056760,1832848,1839010,1694,1534,1614,1616,0,1616,0,0,0,2017-04-20,32592892,1624,831,0,0,0,0,0,0,0,0,1625,1242,0,0,0,0,0,0,0,0
387,2017-04-20,09:03:13,406,c1709,XDCE,1625,1614,1629,91096,1477999040,1832878,1839010,1694,1534,1614,1616,0,1616,0,0,0,2017-04-20,32593406,1624,829,0,0,0,0,0,0,0,0,1625,1224,0,0,0,0,0,0,0,0
388,2017-04-20,09:03:13,901,c1709,XDCE,1624,1614,1629,91144,1478778600,1832880,1839010,1694,1534,1614,1616,0,1616,0,0,0,2017-04-20,32593901,1624,813,0,0,0,0,0,0,0,0,1625,1218,0,0,0,0,0,0,0,0
389,2017-04-20,09:03:14,403,c1709,XDCE,1625,1614,1629,91186,1479461100,1832920,1839010,1694,1534,1614,1616,0,1616,0,0,0,2017-04-20,32594403,1624,837,0,0,0,0,0,0,0,0,1625,1200,0,0,0,0,0,0,0,0
390,2017-04-20,09:03:14,855,c1709,XDCE,1624,1614,1629,91250,1480500460,1832876,1839010,1694,1534,1614,1616,0,1616,0,0,0,2017-04-20,32594855,1624,774,0,0,0,0,0,0,0,0,1625,1208,0,0,0,0,0,0,0,0
391,2017-04-20,09:03:15,358,c1709,XDCE,1625,1614,1629,91260,1480662940,1832878,1839010,1694,1534,1614,1616,0,1616,0,0,0,2017-04-20,32595358,1624,776,0,0,0,0,0,0,0,0,1625,1205,0,0,0,0,0,0,0,0
392,2017-04-20,09:03:15,915,c1709,XDCE,1625,1614,1629,91412,1483132220,1832984,1839010,1694,1534,1614,1616,0,1616,0,0,0,2017-04-20,32595915,1624,730,0,0,0,0,0,0,0,0,1625,1171,0,0,0,0,0,0,0,0
393,2017-04-20,09:03:16,389,c1709,XDCE,1624,1614,1629,91428,1483392100,1833000,1839010,1694,1534,1614,1616,0,1616,0,0,0,2017-04-20,32596389,1624,737,0,0,0,0,0,0,0,0,1625,1167,0,0,0,0,0,0,0,0
394,2017-04-20,09:03:16,895,c1709,XDCE,1624,1614,1629,91452,1483782060,1833004,1839010,1694,1534,1614,1616,0,1616,0,0,0,2017-04-20,32596895,1624,735,0,0,0,0,0,0,0,0,1625,1159,0,0,0,0,0,0,0,0
395,2017-04-20,09:03:17,375,c1709,XDCE,1625,1614,1629,91700,1487812060,1832904,1839010,1694,1534,1614,1616,0,1616,0,0,0,2017-04-20,32597375,1624,760,0,0,0,0,0,0,0,0,1625,1037,0,0,0,0,0,0,0,0
396,2017-04-20,09:03:17,891,c1709,XDCE,1625,1614,1629,91772,1488982060,1832902,1839010,1694,1534,1614,1616,0,1616,0,0,0,2017-04-20,32597891,1624,760,0,0,0,0,0,0,0,0,1625,1003,0,0,0,0,0,0,0,0
397,2017-04-20,09:03:18,407,c1709,XDCE,1624,1614,1629,91788,1489241920,1832912,1839010,1694,1534,1614,1616,0,1616,0,0,0,2017-04-20,32598407,1624,754,0,0,0,0,0,0,0,0,1625,1023,0,0,0,0,0,0,0,0
398,2017-04-20,09:03:18,909,c1709,XDCE,1625,1614,1629,91860,1490411600,1832916,1839010,1694,1534,1614,1616,0,1616,0,0,0,2017-04-20,32598909,1624,738,0,0,0,0,0,0,0,0,1625,1014,0,0,0,0,0,0,0,0
399,2017-04-20,09:03:19,398,c1709,XDCE,1625,1614,1629,91860,1490411600,1832916,1839010,1694,1534,1614,1616,0,1616,0,0,0,2017-04-20,32599398,1624,727,0,0,0,0,0,0,0,0,1625,1519,0,0,0,0,0,0,0,0
400,2017-04-20,09:03:19,892,c1709,XDCE,1624,1614,1629,91876,1490671460,1832916,1839010,1694,1534,1614,1616,0,1616,0,0,0,2017-04-20,32599892,1624,720,0,0,0,0,0,0,0,0,1625,1525,0,0,0,0,0,0,0,0
401,2017-04-20,09:03:20,323,c1709,XDCE,1625,1614,1629,91880,1490736460,1832916,1839010,1694,1534,1614,1616,0,1616,0,0,0,2017-04-20,32600323,1624,719,0,0,0,0,0,0,0,0,1625,1540,0,0,0,0,0,0,0,0
402,2017-04-20,09:03:20,876,c1709,XDCE,1624,1614,1629,91992,1492556380,1832922,1839010,1694,1534,1614,1616,0,1616,0,0,0,2017-04-20,32600876,1624,723,0,0,0,0,0,0,0,0,1625,1493,0,0,0,0,0,0,0,0
403,2017-04-20,09:03:21,410,c1709,XDCE,1625,1614,1629,92016,1492946200,1832938,1839010,1694,1534,1614,1616,0,1616,0,0,0,2017-04-20,32601410,1624,747,0,0,0,0,0,0,0,0,1625,1491,0,0,0,0,0,0,0,0
404,2017-04-20,09:03:21,903,c1709,XDCE,1624,1614,1629,92040,1493335960,1832942,1839010,1694,1534,1614,1616,0,1616,0,0,0,2017-04-20,32601903,1624,726,0,0,0,0,0,0,0,0,1625,1491,0,0,0,0,0,0,0,0
405,2017-04-20,09:03:22,411,c1709,XDCE,1625,1614,1629,92210,1496098460,1833078,1839010,1694,1534,1614,1616,0,1616,0,0,0,2017-04-20,32602411,1624,748,0,0,0,0,0,0,0,0,1625,1408,0,0,0,0,0,0,0,0
406,2017-04-20,09:03:22,905,c1709,XDCE,1624,1614,1629,92228,1496390820,1833076,1839010,1694,1534,1614,1616,0,1616,0,0,0,2017-04-20,32602905,1624,758,0,0,0,0,0,0,0,0,1625,1399,0,0,0,0,0,0,0,0
407,2017-04-20,09:03:23,414,c1709,XDCE,1625,1614,1629,92276,1497170440,1833070,1839010,1694,1534,1614,1616,0,1616,0,0,0,2017-04-20,32603414,1624,745,0,0,0,0,0,0,0,0,1625,1391,0,0,0,0,0,0,0,0
408,2017-04-20,09:03:23,880,c1709,XDCE,1625,1614,1629,92404,1499250380,1833186,1839010,1694,1534,1614,1616,0,1616,0,0,0,2017-04-20,32603880,1624,732,0,0,0,0,0,0,0,0,1625,1336,0,0,0,0,0,0,0,0
409,2017-04-20,09:03:24,393,c1709,XDCE,1625,1614,1629,92454,1500062860,1833220,1839010,1694,1534,1614,1616,0,1616,0,0,0,2017-04-20,32604393,1624,708,0,0,0,0,0,0,0,0,1625,1314,0,0,0,0,0,0,0,0
410,2017-04-20,09:03:24,897,c1709,XDCE,1625,1614,1629,92466,1500257820,1833218,1839010,1694,1534,1614,1616,0,1616,0,0,0,2017-04-20,32604897,1624,704,0,0,0,0,0,0,0,0,1625,1311,0,0,0,0,0,0,0,0
411,2017-04-20,09:03:25,413,c1709,XDCE,1625,1614,1629,92518,1501102520,1833222,1839010,1694,1534,1614,1616,0,1616,0,0,0,2017-04-20,32605413,1624,661,0,0,0,0,0,0,0,0,1625,1301,0,0,0,0,0,0,0,0
412,2017-04-20,09:03:25,893,c1709,XDCE,1625,1614,1629,92802,1505716960,1833424,1839010,1694,1534,1614,1616,0,1616,0,0,0,2017-04-20,32605893,1624,633,0,0,0,0,0,0,0,0,1625,1194,0,0,0,0,0,0,0,0
413,2017-04-20,09:03:26,407,c1709,XDCE,1625,1614,1629,92806,1505781960,1833428,1839010,1694,1534,1614,1616,0,1616,0,0,0,2017-04-20,32606407,1624,634,0,0,0,0,0,0,0,0,1625,1193,0,0,0,0,0,0,0,0
414,2017-04-20,09:03:26,903,c1709,XDCE,1625,1614,1629,92852,1506529020,1833432,1839010,1694,1534,1614,1616,0,1616,0,0,0,2017-04-20,32606903,1624,601,0,0,0,0,0,0,0,0,1625,1252,0,0,0,0,0,0,0,0
415,2017-04-20,09:03:27,413,c1709,XDCE,1625,1614,1629,93032,1509453780,1833514,1839010,1694,1534,1614,1616,0,1616,0,0,0,2017-04-20,32607413,1624,519,0,0,0,0,0,0,0,0,1625,1188,0,0,0,0,0,0,0,0
416,2017-04-20,09:03:27,909,c1709,XDCE,1624,1614,1629,93086,1510331160,1833564,1839010,1694,1534,1614,1616,0,1616,0,0,0,2017-04-20,32607909,1624,592,0,0,0,0,0,0,0,0,1625,1166,0,0,0,0,0,0,0,0
417,2017-04-20,09:03:28,409,c1709,XDCE,1624,1614,1629,93108,1510688500,1833580,1839010,1694,1534,1614,1616,0,1616,0,0,0,2017-04-20,32608409,1624,587,0,0,0,0,0,0,0,0,1625,1365,0,0,0,0,0,0,0,0
418,2017-04-20,09:03:28,894,c1709,XDCE,1624,1614,1629,93116,1510818440,1833588,1839010,1694,1534,1614,1616,0,1616,0,0,0,2017-04-20,32608894,1624,584,0,0,0,0,0,0,0,0,1625,1367,0,0,0,0,0,0,0,0
419,2017-04-20,09:03:29,414,c1709,XDCE,1624,1614,1629,93122,1510915900,1833590,1839010,1694,1534,1614,1616,0,1616,0,0,0,2017-04-20,32609414,1624,582,0,0,0,0,0,0,0,0,1625,1361,0,0,0,0,0,0,0,0
420,2017-04-20,09:03:29,888,c1709,XDCE,1624,1614,1629,93126,1510980860,1833592,1839010,1694,1534,1614,1616,0,1616,0,0,0,2017-04-20,32609888,1624,580,0,0,0,0,0,0,0,0,1625,1373,0,0,0,0,0,0,0,0
421,2017-04-20,09:03:30,405,c1709,XDCE,1625,1614,1629,93152,1511403140,1833596,1839010,1694,1534,1614,1616,0,1616,0,0,0,2017-04-20,32610405,1624,644,0,0,0,0,0,0,0,0,1625,1382,0,0,0,0,0,0,0,0
422,2017-04-20,09:03:30,885,c1709,XDCE,1624,1614,1629,93154,1511435620,1833598,1839010,1694,1534,1614,1616,0,1616,0,0,0,2017-04-20,32610885,1624,647,0,0,0,0,0,0,0,0,1625,1384,0,0,0,0,0,0,0,0
423,2017-04-20,09:03:31,392,c1709,XDCE,1624,1614,1629,93184,1511923080,1833624,1839010,1694,1534,1614,1616,0,1616,0,0,0,2017-04-20,32611392,1624,636,0,0,0,0,0,0,0,0,1625,1366,0,0,0,0,0,0,0,0
424,2017-04-20,09:03:31,880,c1709,XDCE,1624,1614,1629,93212,1512378060,1833648,1839010,1694,1534,1614,1616,0,1616,0,0,0,2017-04-20,32611880,1624,660,0,0,0,0,0,0,0,0,1625,1353,0,0,0,0,0,0,0,0
425,2017-04-20,09:03:32,411,c1709,XDCE,1624,1614,1629,93218,1512475520,1833650,1839010,1694,1534,1614,1616,0,1616,0,0,0,2017-04-20,32612411,1624,638,0,0,0,0,0,0,0,0,1625,1368,0,0,0,0,0,0,0,0
426,2017-04-20,09:03:32,914,c1709,XDCE,1624,1614,1629,93232,1512702960,1833664,1839010,1694,1534,1614,1616,0,1616,0,0,0,2017-04-20,32612914,1624,635,0,0,0,0,0,0,0,0,1625,1370,0,0,0,0,0,0,0,0
427,2017-04-20,09:03:33,368,c1709,XDCE,1625,1614,1629,93254,1513060360,1833666,1839010,1694,1534,1614,1616,0,1616,0,0,0,2017-04-20,32613368,1624,631,0,0,0,0,0,0,0,0,1625,1482,0,0,0,0,0,0,0,0
428,2017-04-20,09:03:33,901,c1709,XDCE,1624,1614,1629,93288,1513612620,1833700,1839010,1694,1534,1614,1616,0,1616,0,0,0,2017-04-20,32613901,1624,620,0,0,0,0,0,0,0,0,1625,1476,0,0,0,0,0,0,0,0
429,2017-04-20,09:03:34,342,c1709,XDCE,1624,1614,1629,93300,1513807520,1833706,1839010,1694,1534,1614,1616,0,1616,0,0,0,2017-04-20,32614342,1624,617,0,0,0,0,0,0,0,0,1625,1505,0,0,0,0,0,0,0,0
430,2017-04-20,09:03:34,911,c1709,XDCE,1624,1614,1629,93310,1513970000,1833714,1839010,1694,1534,1614,1616,0,1616,0,0,0,2017-04-20,32614911,1624,618,0,0,0,0,0,0,0,0,1625,1504,0,0,0,0,0,0,0,0
431,2017-04-20,09:03:35,363,c1709,XDCE,1625,1614,1629,93444,1516146680,1833734,1839010,1694,1534,1614,1616,0,1616,0,0,0,2017-04-20,32615363,1624,576,0,0,0,0,0,0,0,0,1625,1477,0,0,0,0,0,0,0,0
432,2017-04-20,09:03:35,901,c1709,XDCE,1624,1614,1629,93480,1516731360,1833748,1839010,1694,1534,1614,1616,0,1616,0,0,0,2017-04-20,32615901,1624,570,0,0,0,0,0,0,0,0,1625,1497,0,0,0,0,0,0,0,0
433,2017-04-20,09:03:36,410,c1709,XDCE,1624,1614,1629,93504,1517121160,1833748,1839010,1694,1534,1614,1616,0,1616,0,0,0,2017-04-20,32616410,1624,542,0,0,0,0,0,0,0,0,1625,1512,0,0,0,0,0,0,0,0
434,2017-04-20,09:03:36,914,c1709,XDCE,1624,1614,1629,93516,1517316040,1833748,1839010,1694,1534,1614,1616,0,1616,0,0,0,2017-04-20,32616914,1624,537,0,0,0,0,0,0,0,0,1625,1513,0,0,0,0,0,0,0,0
435,2017-04-20,09:03:37,394,c1709,XDCE,1625,1614,1629,93522,1517413540,1833750,1839010,1694,1534,1614,1616,0,1616,0,0,0,2017-04-20,32617394,1624,555,0,0,0,0,0,0,0,0,1625,1520,0,0,0,0,0,0,0,0
436,2017-04-20,09:03:37,867,c1709,XDCE,1624,1614,1629,93538,1517673400,1833766,1839010,1694,1534,1614,1616,0,1616,0,0,0,2017-04-20,32617867,1624,532,0,0,0,0,0,0,0,0,1625,1513,0,0,0,0,0,0,0,0
437,2017-04-20,09:03:38,375,c1709,XDCE,1624,1614,1629,93554,1517933300,1833778,1839010,1694,1534,1614,1616,0,1616,0,0,0,2017-04-20,32618375,1624,843,0,0,0,0,0,0,0,0,1625,1489,0,0,0,0,0,0,0,0
438,2017-04-20,09:03:38,913,c1709,XDCE,1625,1614,1629,93562,1518063260,1833782,1839010,1694,1534,1614,1616,0,1616,0,0,0,2017-04-20,32618913,1624,845,0,0,0,0,0,0,0,0,1625,1493,0,0,0,0,0,0,0,0
439,2017-04-20,09:03:39,396,c1709,XDCE,1625,1614,1629,93584,1518420560,1833784,1839010,1694,1534,1614,1616,0,1616,0,0,0,2017-04-20,32619396,1624,841,0,0,0,0,0,0,0,0,1625,1492,0,0,0,0,0,0,0,0
440,2017-04-20,09:03:39,796,c1709,XDCE,1625,1614,1629,93732,1520824100,1833790,1839010,1694,1534,1614,1616,0,1616,0,0,0,2017-04-20,32619796,1624,769,0,0,0,0,0,0,0,0,1625,1498,0,0,0,0,0,0,0,0
441,2017-04-20,09:03:40,410,c1709,XDCE,1625,1614,1629,93884,1523294080,1833892,1839010,1694,1534,1614,1616,0,1616,0,0,0,2017-04-20,32620410,1624,769,0,0,0,0,0,0,0,0,1625,1419,0,0,0,0,0,0,0,0
442,2017-04-20,09:03:40,868,c1709,XDCE,1625,1614,1629,93888,1523359060,1833892,1839010,1694,1534,1614,1616,0,1616,0,0,0,2017-04-20,32620868,1624,810,0,0,0,0,0,0,0,0,1625,1416,0,0,0,0,0,0,0,0
443,2017-04-20,09:03:41,386,c1709,XDCE,1625,1614,1629,94150,1527615960,1834076,1839010,1694,1534,1614,1616,0,1616,0,0,0,2017-04-20,32621386,1624,788,0,0,0,0,0,0,0,0,1625,1329,0,0,0,0,0,0,0,0
444,2017-04-20,09:03:41,870,c1709,XDCE,1625,1614,1629,96792,1570548460,1832648,1839010,1694,1534,1614,1616,0,1616,0,0,0,2017-04-20,32621870,1625,1482,0,0,0,0,0,0,0,0,1626,806,0,0,0,0,0,0,0,0
445,2017-04-20,09:03:42,416,c1709,XDCE,1625,1614,1629,96806,1570775980,1832660,1839010,1694,1534,1614,1616,0,1616,0,0,0,2017-04-20,32622416,1625,1514,0,0,0,0,0,0,0,0,1626,790,0,0,0,0,0,0,0,0
446,2017-04-20,09:03:42,903,c1709,XDCE,1625,1614,1629,96806,1570775980,1832660,1839010,1694,1534,1614,1616,0,1616,0,0,0,2017-04-20,32622903,1625,1544,0,0,0,0,0,0,0,0,1626,815,0,0,0,0,0,0,0,0
447,2017-04-20,09:03:43,382,c1709,XDCE,1625,1614,1629,96810,1570840980,1832664,1839010,1694,1534,1614,1616,0,1616,0,0,0,2017-04-20,32623382,1625,1545,0,0,0,0,0,0,0,0,1626,834,0,0,0,0,0,0,0,0
448,2017-04-20,09:03:43,913,c1709,XDCE,1626,1614,1629,96844,1571393680,1832666,1839010,1694,1534,1614,1616,0,1616,0,0,0,2017-04-20,32623913,1625,1542,0,0,0,0,0,0,0,0,1626,826,0,0,0,0,0,0,0,0
449,2017-04-20,09:03:44,331,c1709,XDCE,1626,1614,1629,96870,1571816400,1832670,1839010,1694,1534,1614,1616,0,1616,0,0,0,2017-04-20,32624331,1625,1592,0,0,0,0,0,0,0,0,1626,815,0,0,0,0,0,0,0,0
450,2017-04-20,09:03:44,881,c1709,XDCE,1625,1614,1629,96882,1572011480,1832678,1839010,1694,1534,1614,1616,0,1616,0,0,0,2017-04-20,32624881,1625,1590,0,0,0,0,0,0,0,0,1626,811,0,0,0,0,0,0,0,0
451,2017-04-20,09:03:45,393,c1709,XDCE,1626,1614,1629,96930,1572791940,1832678,1839010,1694,1534,1614,1616,0,1616,0,0,0,2017-04-20,32625393,1625,1537,0,0,0,0,0,0,0,0,1626,790,0,0,0,0,0,0,0,0
452,2017-04-20,09:03:45,892,c1709,XDCE,1626,1614,1629,96950,1573117080,1832688,1839010,1694,1534,1614,1616,0,1616,0,0,0,2017-04-20,32625892,1625,1534,0,0,0,0,0,0,0,0,1626,804,0,0,0,0,0,0,0,0
453,2017-04-20,09:03:46,413,c1709,XDCE,1625,1614,1629,96952,1573149580,1832688,1839010,1694,1534,1614,1616,0,1616,0,0,0,2017-04-20,32626413,1625,1533,0,0,0,0,0,0,0,0,1626,807,0,0,0,0,0,0,0,0
454,2017-04-20,09:03:46,894,c1709,XDCE,1625,1614,1629,97064,1574969600,1832792,1839010,1694,1534,1614,1616,0,1616,0,0,0,2017-04-20,32626894,1625,1328,0,0,0,0,0,0,0,0,1626,857,0,0,0,0,0,0,0,0
455,2017-04-20,09:03:47,407,c1709,XDCE,1626,1614,1629,97114,1575782380,1832842,1839010,1694,1534,1614,1616,0,1616,0,0,0,2017-04-20,32627407,1625,1317,0,0,0,0,0,0,0,0,1626,845,0,0,0,0,0,0,0,0
456,2017-04-20,09:03:47,914,c1709,XDCE,1625,1614,1629,97138,1576172600,1832866,1839010,1694,1534,1614,1616,0,1616,0,0,0,2017-04-20,32627914,1625,1320,0,0,0,0,0,0,0,0,1626,834,0,0,0,0,0,0,0,0
457,2017-04-20,09:03:48,403,c1709,XDCE,1626,1614,1629,97172,1576725380,1832886,1839010,1694,1534,1614,1616,0,1616,0,0,0,2017-04-20,32628403,1625,1318,0,0,0,0,0,0,0,0,1626,806,0,0,0,0,0,0,0,0
458,2017-04-20,09:03:48,860,c1709,XDCE,1626,1614,1629,97210,1577343200,1832920,1839010,1694,1534,1614,1616,0,1616,0,0,0,2017-04-20,32628860,1625,1320,0,0,0,0,0,0,0,0,1626,813,0,0,0,0,0,0,0,0
459,2017-04-20,09:03:49,395,c1709,XDCE,1626,1614,1629,97230,1577668240,1832924,1839010,1694,1534,1614,1616,0,1616,0,0,0,2017-04-20,32629395,1625,1312,0,0,0,0,0,0,0,0,1626,811,0,0,0,0,0,0,0,0
460,2017-04-20,09:03:49,888,c1709,XDCE,1626,1614,1629,97230,1577668240,1832924,1839010,1694,1534,1614,1616,0,1616,0,0,0,2017-04-20,32629888,1625,1316,0,0,0,0,0,0,0,0,1626,820,0,0,0,0,0,0,0,0
461,2017-04-20,09:03:50,399,c1709,XDCE,1626,1614,1629,97252,1578025940,1832930,1839010,1694,1534,1614,1616,0,1616,0,0,0,2017-04-20,32630399,1625,1318,0,0,0,0,0,0,0,0,1626,818,0,0,0,0,0,0,0,0
462,2017-04-20,09:03:50,879,c1709,XDCE,1626,1614,1629,97266,1578253500,1832942,1839010,1694,1534,1614,1616,0,1616,0,0,0,2017-04-20,32630879,1625,1314,0,0,0,0,0,0,0,0,1626,822,0,0,0,0,0,0,0,0
463,2017-04-20,09:03:51,348,c1709,XDCE,1625,1614,1629,99510,1614718500,1831542,1839010,1694,1534,1614,1616,0,1616,0,0,0,2017-04-20,32631348,1624,857,0,0,0,0,0,0,0,0,1625,1525,0,0,0,0,0,0,0,0
464,2017-04-20,09:03:51,878,c1709,XDCE,1625,1614,1629,99734,1618358400,1831374,1839010,1694,1534,1614,1616,0,1616,0,0,0,2017-04-20,32631878,1624,843,0,0,0,0,0,0,0,0,1625,1385,0,0,0,0,0,0,0,0
465,2017-04-20,09:03:52,350,c1709,XDCE,1625,1614,1629,99742,1618488400,1831380,1839010,1694,1534,1614,1616,0,1616,0,0,0,2017-04-20,32632350,1624,844,0,0,0,0,0,0,0,0,1625,1382,0,0,0,0,0,0,0,0
466,2017-04-20,09:03:52,840,c1709,XDCE,1625,1614,1629,99750,1618618360,1831384,1839010,1694,1534,1614,1616,0,1616,0,0,0,2017-04-20,32632840,1624,832,0,0,0,0,0,0,0,0,1625,1387,0,0,0,0,0,0,0,0
467,2017-04-20,09:03:53,307,c1709,XDCE,1625,1614,1629,99812,1619625260,1831366,1839010,1694,1534,1614,1616,0,1616,0,0,0,2017-04-20,32633307,1624,803,0,0,0,0,0,0,0,0,1625,1406,0,0,0,0,0,0,0,0
468,2017-04-20,09:03:53,900,c1709,XDCE,1624,1614,1629,99818,1619722720,1831368,1839010,1694,1534,1614,1616,0,1616,0,0,0,2017-04-20,32633900,1624,803,0,0,0,0,0,0,0,0,1625,1405,0,0,0,0,0,0,0,0
469,2017-04-20,09:03:54,395,c1709,XDCE,1625,1614,1629,99830,1619917720,1831372,1839010,1694,1534,1614,1616,0,1616,0,0,0,2017-04-20,32634395,1624,806,0,0,0,0,0,0,0,0,1625,1401,0,0,0,0,0,0,0,0
470,2017-04-20,09:03:54,900,c1709,XDCE,1624,1614,1629,99834,1619982700,1831376,1839010,1694,1534,1614,1616,0,1616,0,0,0,2017-04-20,32634900,1624,805,0,0,0,0,0,0,0,0,1625,1401,0,0,0,0,0,0,0,0
471,2017-04-20,09:03:55,299,c1709,XDCE,1624,1614,1629,99834,1619982700,1831376,1839010,1694,1534,1614,1616,0,1616,0,0,0,2017-04-20,32635299,1624,805,0,0,0,0,0,0,0,0,1625,1402,0,0,0,0,0,0,0,0
472,2017-04-20,09:03:55,911,c1709,XDCE,1624,1614,1629,99842,1620112660,1831382,1839010,1694,1534,1614,1616,0,1616,0,0,0,2017-04-20,32635911,1624,804,0,0,0,0,0,0,0,0,1625,1400,0,0,0,0,0,0,0,0
473,2017-04-20,09:03:56,412,c1709,XDCE,1624,1614,1629,99846,1620177620,1831382,1839010,1694,1534,1614,1616,0,1616,0,0,0,2017-04-20,32636412,1624,809,0,0,0,0,0,0,0,0,1625,1400,0,0,0,0,0,0,0,0
474,2017-04-20,09:03:56,835,c1709,XDCE,1625,1614,1629,100328,1628005920,1831296,1839010,1694,1534,1614,1616,0,1616,0,0,0,2017-04-20,32636835,1624,598,0,0,0,0,0,0,0,0,1625,1878,0,0,0,0,0,0,0,0
475,2017-04-20,09:03:57,372,c1709,XDCE,1624,1614,1629,100330,1628038400,1831296,1839010,1694,1534,1614,1616,0,1616,0,0,0,2017-04-20,32637372,1624,597,0,0,0,0,0,0,0,0,1625,1880,0,0,0,0,0,0,0,0
476,2017-04-20,09:03:57,883,c1709,XDCE,1624,1614,1629,100376,1628785460,1831294,1839010,1694,1534,1614,1616,0,1616,0,0,0,2017-04-20,32637883,1624,579,0,0,0,0,0,0,0,0,1625,1880,0,0,0,0,0,0,0,0
477,2017-04-20,09:03:58,397,c1709,XDCE,1625,1614,1629,100400,1629175320,1831300,1839010,1694,1534,1614,1616,0,1616,0,0,0,2017-04-20,32638397,1624,577,0,0,0,0,0,0,0,0,1625,1879,0,0,0,0,0,0,0,0
478,2017-04-20,09:03:58,835,c1709,XDCE,1624,1614,1629,100460,1630149720,1831358,1839010,1694,1534,1614,1616,0,1616,0,0,0,2017-04-20,32638835,1624,547,0,0,0,0,0,0,0,0,1625,1882,0,0,0,0,0,0,0,0
479,2017-04-20,09:03:59,409,c1709,XDCE,1624,1614,1629,101558,1647981240,1832166,1839010,1694,1534,1614,1616,0,1616,0,0,0,2017-04-20,32639409,1623,1169,0,0,0,0,0,0,0,0,1624,870,0,0,0,0,0,0,0,0
480,2017-04-20,09:03:59,900,c1709,XDCE,1623,1614,1629,101576,1648273540,1832170,1839010,1694,1534,1614,1616,0,1616,0,0,0,2017-04-20,32639900,1623,1154,0,0,0,0,0,0,0,0,1624,855,0,0,0,0,0,0,0,0
481,2017-04-20,09:04:00,349,c1709,XDCE,1623,1614,1629,101580,1648338480,1832172,1839010,1694,1534,1614,1616,0,1616,0,0,0,2017-04-20,32640349,1623,1153,0,0,0,0,0,0,0,0,1624,879,0,0,0,0,0,0,0,0
482,2017-04-20,09:04:00,842,c1709,XDCE,1623,1614,1629,101630,1649150400,1832218,1839010,1694,1534,1614,1616,0,1616,0,0,0,2017-04-20,32640842,1623,1151,0,0,0,0,0,0,0,0,1624,860,0,0,0,0,0,0,0,0
483,2017-04-20,09:04:01,375,c1709,XDCE,1624,1614,1629,101690,1650124620,1832260,1839010,1694,1534,1614,1616,0,1616,0,0,0,2017-04-20,32641375,1623,1142,0,0,0,0,0,0,0,0,1624,840,0,0,0,0,0,0,0,0
484,2017-04-20,09:04:01,895,c1709,XDCE,1624,1614,1629,103686,1682542520,1832176,1839010,1694,1534,1614,1616,0,1616,0,0,0,2017-04-20,32641895,1624,805,0,0,0,0,0,0,0,0,1625,838,0,0,0,0,0,0,0,0
485,2017-04-20,09:04:02,389,c1709,XDCE,1625,1614,1629,104850,1701457520,1831800,1839010,1694,1534,1614,1616,0,1616,0,0,0,2017-04-20,32642389,1625,627,0,0,0,0,0,0,0,0,1626,1310,0,0,0,0,0,0,0,0
486,2017-04-20,09:04:02,913,c1709,XDCE,1625,1614,1629,104874,1701847520,1831780,1839010,1694,1534,1614,1616,0,1616,0,0,0,2017-04-20,32642913,1625,709,0,0,0,0,0,0,0,0,1626,1204,0,0,0,0,0,0,0,0
487,2017-04-20,09:04:03,348,c1709,XDCE,1625,1614,1629,105150,1706332560,1831608,1839010,1694,1534,1614,1616,0,1616,0,0,0,2017-04-20,32643348,1625,582,0,0,0,0,0,0,0,0,1626,1191,0,0,0,0,0,0,0,0
488,2017-04-20,09:04:03,876,c1709,XDCE,1625,1614,1629,105176,1706755060,1831584,1839010,1694,1534,1614,1616,0,1616,0,0,0,2017-04-20,32643876,1625,570,0,0,0,0,0,0,0,0,1626,1191,0,0,0,0,0,0,0,0
489,2017-04-20,09:04:04,406,c1709,XDCE,1625,1614,1629,105190,1706982600,1831576,1839010,1694,1534,1614,1616,0,1616,0,0,0,2017-04-20,32644406,1625,566,0,0,0,0,0,0,0,0,1626,1187,0,0,0,0,0,0,0,0
490,2017-04-20,09:04:04,909,c1709,XDCE,1625,1614,1629,105196,1707080140,1831574,1839010,1694,1534,1614,1616,0,1616,0,0,0,2017-04-20,32644909,1625,565,0,0,0,0,0,0,0,0,1626,1189,0,0,0,0,0,0,0,0
491,2017-04-20,09:04:05,414,c1709,XDCE,1626,1614,1629,107832,1749941440,1829904,1839010,1694,1534,1614,1616,0,1616,0,0,0,2017-04-20,32645414,1626,112,0,0,0,0,0,0,0,0,1627,1601,0,0,0,0,0,0,0,0
492,2017-04-20,09:04:05,914,c1709,XDCE,1625,1614,1629,108784,1765417540,1829768,1839010,1694,1534,1614,1616,0,1616,0,0,0,2017-04-20,32645914,1624,1148,0,0,0,0,0,0,0,0,1625,732,0,0,0,0,0,0,0,0
493,2017-04-20,09:04:06,378,c1709,XDCE,1625,1614,1629,109056,1769837540,1829584,1839010,1694,1534,1614,1616,0,1616,0,0,0,2017-04-20,32646378,1624,668,0,0,0,0,0,0,0,0,1625,1084,0,0,0,0,0,0,0,0
494,2017-04-20,09:04:06,912,c1709,XDCE,1626,1614,1629,111640,1811831660,1829498,1839010,1694,1534,1614,1616,0,1616,0,0,0,2017-04-20,32646912,1626,1025,0,0,0,0,0,0,0,0,1627,1589,0,0,0,0,0,0,0,0
495,2017-04-20,09:04:07,410,c1709,XDCE,1625,1614,1629,111930,1816547040,1829536,1839010,1694,1534,1614,1616,0,1616,0,0,0,2017-04-20,32647410,1625,495,0,0,0,0,0,0,0,0,1626,359,0,0,0,0,0,0,0,0
496,2017-04-20,09:04:07,877,c1709,XDCE,1625,1614,1629,112000,1817684600,1829542,1839010,1694,1534,1614,1616,0,1616,0,0,0,2017-04-20,32647877,1625,503,0,0,0,0,0,0,0,0,1626,287,0,0,0,0,0,0,0,0
497,2017-04-20,09:04:08,414,c1709,XDCE,1626,1614,1629,112008,1817814680,1829550,1839010,1694,1534,1614,1616,0,1616,0,0,0,2017-04-20,32648414,1625,727,0,0,0,0,0,0,0,0,1626,263,0,0,0,0,0,0,0,0
498,2017-04-20,09:04:08,895,c1709,XDCE,1625,1614,1629,112022,1818042240,1829554,1839010,1694,1534,1614,1616,0,1616,0,0,0,2017-04-20,32648895,1625,699,0,0,0,0,0,0,0,0,1626,780,0,0,0,0,0,0,0,0
499,2017-04-20,09:04:09,395,c1709,XDCE,1626,1614,1629,112042,1818367440,1829574,1839010,1694,1534,1614,1616,0,1616,0,0,0,2017-04-20,32649395,1625,754,0,0,0,0,0,0,0,0,1626,777,0,0,0,0,0,0,0,0
500,2017-04-20,09:04:09,905,c1709,XDCE,1626,1614,1629,112104,1819375560,1829636,1839010,1694,1534,1614,1616,0,1616,0,0,0,2017-04-20,32649905,1625,764,0,0,0,0,0,0,0,0,1626,748,0,0,0,0,0,0,0,0
501,2017-04-20,09:04:10,351,c1709,XDCE,1625,1614,1629,112912,1832513480,1829270,1839010,1694,1534,1614,1616,0,1616,0,0,0,2017-04-20,32650351,1625,815,0,0,0,0,0,0,0,0,1626,339,0,0,0,0,0,0,0,0
502,2017-04-20,09:04:10,914,c1709,XDCE,1625,1614,1629,112916,1832578480,1829272,1839010,1694,1534,1614,1616,0,1616,0,0,0,2017-04-20,32650914,1625,827,0,0,0,0,0,0,0,0,1626,348,0,0,0,0,0,0,0,0
503,2017-04-20,09:04:11,399,c1709,XDCE,1625,1614,1629,112982,1833651000,1829334,1839010,1694,1534,1614,1616,0,1616,0,0,0,2017-04-20,32651399,1625,784,0,0,0,0,0,0,0,0,1626,366,0,0,0,0,0,0,0,0
504,2017-04-20,09:04:11,903,c1709,XDCE,1626,1614,1629,113002,1833976060,1829344,1839010,1694,1534,1614,1616,0,1616,0,0,0,2017-04-20,32651903,1625,796,0,0,0,0,0,0,0,0,1626,373,0,0,0,0,0,0,0,0
505,2017-04-20,09:04:12,408,c1709,XDCE,1626,1614,1629,113022,1834301260,1829344,1839010,1694,1534,1614,1616,0,1616,0,0,0,2017-04-20,32652408,1625,811,0,0,0,0,0,0,0,0,1626,369,0,0,0,0,0,0,0,0
506,2017-04-20,09:04:12,909,c1709,XDCE,1626,1614,1629,113050,1834756520,1829324,1839010,1694,1534,1614,1616,0,1616,0,0,0,2017-04-20,32652909,1625,810,0,0,0,0,0,0,0,0,1626,358,0,0,0,0,0,0,0,0
507,2017-04-20,09:04:13,348,c1709,XDCE,1626,1614,1629,113054,1834821560,1829324,1839010,1694,1534,1614,1616,0,1616,0,0,0,2017-04-20,32653348,1625,842,0,0,0,0,0,0,0,0,1626,362,0,0,0,0,0,0,0,0
508,2017-04-20,09:04:13,867,c1709,XDCE,1625,1614,1629,113078,1835211760,1829328,1839010,1694,1534,1614,1616,0,1616,0,0,0,2017-04-20,32653867,1625,851,0,0,0,0,0,0,0,0,1626,359,0,0,0,0,0,0,0,0
509,2017-04-20,09:04:14,414,c1709,XDCE,1625,1614,1629,113138,1836186860,1829328,1839010,1694,1534,1614,1616,0,1616,0,0,0,2017-04-20,32654414,1625,830,0,0,0,0,0,0,0,0,1626,357,0,0,0,0,0,0,0,0
510,2017-04-20,09:04:14,822,c1709,XDCE,1625,1614,1629,113144,1836284380,1829328,1839010,1694,1534,1614,1616,0,1616,0,0,0,2017-04-20,32654822,1625,830,0,0,0,0,0,0,0,0,1626,358,0,0,0,0,0,0,0,0
511,2017-04-20,09:04:15,412,c1709,XDCE,1626,1614,1629,113150,1836381940,1829324,1839010,1694,1534,1614,1616,0,1616,0,0,0,2017-04-20,32655412,1625,839,0,0,0,0,0,0,0,0,1626,356,0,0,0,0,0,0,0,0
512,2017-04-20,09:04:15,911,c1709,XDCE,1625,1614,1629,113224,1837584680,1829334,1839010,1694,1534,1614,1616,0,1616,0,0,0,2017-04-20,32655911,1625,836,0,0,0,0,0,0,0,0,1626,344,0,0,0,0,0,0,0,0
513,2017-04-20,09:04:16,367,c1709,XDCE,1626,1614,1629,113240,1837844800,1829338,1839010,1694,1534,1614,1616,0,1616,0,0,0,2017-04-20,32656367,1625,835,0,0,0,0,0,0,0,0,1626,343,0,0,0,0,0,0,0,0
514,2017-04-20,09:04:16,895,c1709,XDCE,1626,1614,1629,113248,1837974880,1829334,1839010,1694,1534,1614,1616,0,1616,0,0,0,2017-04-20,32656895,1625,840,0,0,0,0,0,0,0,0,1626,358,0,0,0,0,0,0,0,0
515,2017-04-20,09:04:17,412,c1709,XDCE,1626,1614,1629,113252,1838039920,1829334,1839010,1694,1534,1614,1616,0,1616,0,0,0,2017-04-20,32657412,1625,841,0,0,0,0,0,0,0,0,1626,357,0,0,0,0,0,0,0,0
516,2017-04-20,09:04:17,876,c1709,XDCE,1625,1614,1629,113272,1838365100,1829336,1839010,1694,1534,1614,1616,0,1616,0,0,0,2017-04-20,32657876,1625,842,0,0,0,0,0,0,0,0,1626,348,0,0,0,0,0,0,0,0
517,2017-04-20,09:04:18,397,c1709,XDCE,1626,1614,1629,113374,1840023600,1829338,1839010,1694,1534,1614,1616,0,1616,0,0,0,2017-04-20,32658397,1625,870,0,0,0,0,0,0,0,0,1626,300,0,0,0,0,0,0,0,0
518,2017-04-20,09:04:18,893,c1709,XDCE,1626,1614,1629,113962,1849584380,1828924,1839010,1694,1534,1614,1616,0,1616,0,0,0,2017-04-20,32658893,1626,80,0,0,0,0,0,0,0,0,1627,1737,0,0,0,0,0,0,0,0
519,2017-04-20,09:04:19,414,c1709,XDCE,1626,1614,1629,114146,1852576220,1828846,1839010,1694,1534,1614,1616,0,1616,0,0,0,2017-04-20,32659414,1625,891,0,0,0,0,0,0,0,0,1626,214,0,0,0,0,0,0,0,0
520,2017-04-20,09:04:19,912,c1709,XDCE,1626,1614,1629,114210,1853616840,1828866,1839010,1694,1534,1614,1616,0,1616,0,0,0,2017-04-20,32659912,1625,899,0,0,0,0,0,0,0,0,1626,165,0,0,0,0,0,0,0,0
521,2017-04-20,09:04:20,400,c1709,XDCE,1627,1614,1629,114556,1859242960,1828620,1839010,1694,1534,1614,1616,0,1616,0,0,0,2017-04-20,32660400,1626,222,0,0,0,0,0,0,0,0,1627,1741,0,0,0,0,0,0,0,0
522,2017-04-20,09:04:20,902,c1709,XDCE,1626,1614,1629,114588,1859763440,1828616,1839010,1694,1534,1614,1616,0,1616,0,0,0,2017-04-20,32660902,1626,333,0,0,0,0,0,0,0,0,1627,1737,0,0,0,0,0,0,0,0
523,2017-04-20,09:04:21,391,c1709,XDCE,1626,1614,1629,114652,1860804600,1828634,1839010,1694,1534,1614,1616,0,1616,0,0,0,2017-04-20,32661391,1626,327,0,0,0,0,0,0,0,0,1627,1694,0,0,0,0,0,0,0,0
