,dataDate,dataTime,dataMillisec,instrumentID,exchangeCD,lastPrice,lowPrice,highPrice,volume,value,openInterest,preOpenInterest,upperLimitPrice,lowerLimitPrice,preSettlementPrice,prevClosePrice,settlementPrice,openPrice,closePrice,preDelta,currDelta,clearingDay,milliSecOffset,bidPrice1,bidVolume1,bidPrice2,bidVolume2,bidPrice3,bidVolume3,bidPrice4,bidVolume4,bidPrice5,bidVolume5,askPrice1,askVolume1,askPrice2,askVolume2,askPrice3,askVolume3,askPrice4,askVolume4,askPrice5,askVolume5
0,2017-04-20,08:59:00,94,cs1709,XDCE,1990,1990,1990,1302,25909800,814104,814996,2085,1887,1986,1993,0,1990,0,0,0,2017-04-20,32340094,1990,69,0,0,0,0,0,0,0,0,1992,7,0,0,0,0,0,0,0,0
1,2017-04-20,09:00:00,416,cs1709,XDCE,1992,1989,1992,1668,33193400,814258,814996,2085,1887,1986,1993,0,1990,0,0,0,2017-04-20,32400416,1991,21,0,0,0,0,0,0,0,0,1992,64,0,0,0,0,0,0,0,0
2,2017-04-20,09:00:00,910,cs1709,XDCE,1992,1989,1992,1852,36858100,814210,814996,2085,1887,1986,1993,0,1990,0,0,0,2017-04-20,32400910,1991,86,0,0,0,0,0,0,0,0,1993,215,0,0,0,0,0,0,0,0
3,2017-04-20,09:00:01,407,cs1709,XDCE,1989,1989,1993,2696,53655980,813778,814996,2085,1887,1986,1993,0,1990,0,0,0,2017-04-20,32401407,1989,230,0,0,0,0,0,0,0,0,1991,37,0,0,0,0,0,0,0,0
4,2017-04-20,09:00:01,915,cs1709,XDCE,1991,1989,1993,2788,55486640,813748,814996,2085,1887,1986,1993,0,1990,0,0,0,2017-04-20,32401915,1989,139,0,0,0,0,0,0,0,0,1991,51,0,0,0,0,0,0,0,0
5,2017-04-20,09:00:02,415,cs1709,XDCE,1992,1989,1993,3192,63533140,813606,814996,2085,1887,1986,1993,0,1990,0,0,0,2017-04-20,32402415,1992,73,0,0,0,0,0,0,0,0,1993,231,0,0,0,0,0,0,0,0
6,2017-04-20,09:00:02,899,cs1709,XDCE,1992,1989,1993,3366,66999300,813612,814996,2085,1887,1986,1993,0,1990,0,0,0,2017-04-20,32402899,1991,103,0,0,0,0,0,0,0,0,1993,226,0,0,0,0,0,0,0,0
7,2017-04-20,09:00:03,415,cs1709,XDCE,1992,1989,1993,3380,67278180,813618,814996,2085,1887,1986,1993,0,1990,0,0,0,2017-04-20,32403415,1991,119,0,0,0,0,0,0,0,0,1992,18,0,0,0,0,0,0,0,0
8,2017-04-20,09:00:03,890,cs1709,XDCE,1993,1989,1993,3956,78757400,813814,814996,2085,1887,1986,1993,0,1990,0,0,0,2017-04-20,32403890,1993,131,0,0,0,0,0,0,0,0,1994,55,0,0,0,0,0,0,0,0
9,2017-04-20,09:00:04,395,cs1709,XDCE,1994,1989,1994,4126,82146920,813824,814996,2085,1887,1986,1993,0,1990,0,0,0,2017-04-20,32404395,1994,8,0,0,0,0,0,0,0,0,1995,704,0,0,0,0,0,0,0,0
10,2017-04-20,09:00:04,903,cs1709,XDCE,1995,1989,1995,4400,87612200,813790,814996,2085,1887,1986,1993,0,1990,0,0,0,2017-04-20,32404903,1994,99,0,0,0,0,0,0,0,0,1995,606,0,0,0,0,0,0,0,0
11,2017-04-20,09:00:05,416,cs1709,XDCE,1997,1989,1997,6088,121294520,813710,814996,2085,1887,1986,1993,0,1990,0,0,0,2017-04-20,32405416,1996,21,0,0,0,0,0,0,0,0,1998,180,0,0,0,0,0,0,0,0
12,2017-04-20,09:00:05,906,cs1709,XDCE,1999,1989,1999,6782,135158500,813312,814996,2085,1887,1986,1993,0,1990,0,0,0,2017-04-20,32405906,1998,26,0,0,0,0,0,0,0,0,1999,324,0,0,0,0,0,0,0,0
13,2017-04-20,09:00:06,414,cs1709,XDCE,2000,1989,2000,7806,155624980,813004,814996,2085,1887,1986,1993,0,1990,0,0,0,2017-04-20,32406414,1998,23,0,0,0,0,0,0,0,0,2000,416,0,0,0,0,0,0,0,0
14,2017-04-20,09:00:06,915,cs1709,XDCE,1999,1989,2001,8676,173024600,812496,814996,2085,1887,1986,1993,0,1990,0,0,0,2017-04-20,32406915,1999,41,0,0,0,0,0,0,0,0,2000,4,0,0,0,0,0,0,0,0
15,2017-04-20,09:00:07,390,cs1709,XDCE,2000,1989,2001,8804,175585320,812438,814996,2085,1887,1986,1993,0,1990,0,0,0,2017-04-20,32407390,2000,67,0,0,0,0,0,0,0,0,2001,101,0,0,0,0,0,0,0,0
16,2017-04-20,09:00:07,903,cs1709,XDCE,2000,1989,2001,8890,177305800,812474,814996,2085,1887,1986,1993,0,1990,0,0,0,2017-04-20,32407903,2000,98,0,0,0,0,0,0,0,0,2001,81,0,0,0,0,0,0,0,0
17,2017-04-20,09:00:08,409,cs1709,XDCE,2000,1989,2002,9184,183188020,812448,814996,2085,1887,1986,1993,0,1990,0,0,0,2017-04-20,32408409,2000,69,0,0,0,0,0,0,0,0,2002,160,0,0,0,0,0,0,0,0
18,2017-04-20,09:00:08,913,cs1709,XDCE,2001,1989,2002,9300,185509180,812366,814996,2085,1887,1986,1993,0,1990,0,0,0,2017-04-20,32408913,2000,43,0,0,0,0,0,0,0,0,2001,14,0,0,0,0,0,0,0,0
19,2017-04-20,09:00:09,410,cs1709,XDCE,2001,1989,2002,9526,190030060,812366,814996,2085,1887,1986,1993,0,1990,0,0,0,2017-04-20,32409410,1999,47,0,0,0,0,0,0,0,0,2001,40,0,0,0,0,0,0,0,0
20,2017-04-20,09:00:09,903,cs1709,XDCE,1999,1989,2002,9666,192828840,812266,814996,2085,1887,1986,1993,0,1990,0,0,0,2017-04-20,32409903,1999,2,0,0,0,0,0,0,0,0,2000,44,0,0,0,0,0,0,0,0
21,2017-04-20,09:00:10,412,cs1709,XDCE,1999,1989,2002,9734,194188460,812260,814996,2085,1887,1986,1993,0,1990,0,0,0,2017-04-20,32410412,1999,86,0,0,0,0,0,0,0,0,2000,54,0,0,0,0,0,0,0,0
22,2017-04-20,09:00:10,914,cs1709,XDCE,1999,1989,2002,9790,195308420,812258,814996,2085,1887,1986,1993,0,1990,0,0,0,2017-04-20,32410914,1999,99,0,0,0,0,0,0,0,0,2000,48,0,0,0,0,0,0,0,0
23,2017-04-20,09:00:11,414,cs1709,XDCE,1999,1989,2002,9808,195668260,812258,814996,2085,1887,1986,1993,0,1990,0,0,0,2017-04-20,32411414,1999,91,0,0,0,0,0,0,0,0,2000,48,0,0,0,0,0,0,0,0
24,2017-04-20,09:00:11,861,cs1709,XDCE,1999,1989,2002,9856,196628120,812236,814996,2085,1887,1986,1993,0,1990,0,0,0,2017-04-20,32411861,1999,84,0,0,0,0,0,0,0,0,2000,33,0,0,0,0,0,0,0,0
25,2017-04-20,09:00:12,406,cs1709,XDCE,1999,1989,2002,9916,197827540,812232,814996,2085,1887,1986,1993,0,1990,0,0,0,2017-04-20,32412406,1999,55,0,0,0,0,0,0,0,0,2000,36,0,0,0,0,0,0,0,0
26,2017-04-20,09:00:12,917,cs1709,XDCE,1999,1989,2002,10570,210906080,812376,814996,2085,1887,1986,1993,0,1990,0,0,0,2017-04-20,32412917,1998,77,0,0,0,0,0,0,0,0,1999,46,0,0,0,0,0,0,0,0
27,2017-04-20,09:00:13,416,cs1709,XDCE,1999,1989,2002,10572,210946060,812378,814996,2085,1887,1986,1993,0,1990,0,0,0,2017-04-20,32413416,1998,50,0,0,0,0,0,0,0,0,1999,57,0,0,0,0,0,0,0,0
28,2017-04-20,09:00:13,912,cs1709,XDCE,1999,1989,2002,10622,211945300,812384,814996,2085,1887,1986,1993,0,1990,0,0,0,2017-04-20,32413912,1998,84,0,0,0,0,0,0,0,0,1999,47,0,0,0,0,0,0,0,0
29,2017-04-20,09:00:14,383,cs1709,XDCE,1999,1989,2002,10696,213424480,812438,814996,2085,1887,1986,1993,0,1990,0,0,0,2017-04-20,32414383,1998,190,0,0,0,0,0,0,0,0,1999,29,0,0,0,0,0,0,0,0
30,2017-04-20,09:00:14,907,cs1709,XDCE,1999,1989,2002,10710,213704220,812432,814996,2085,1887,1986,1993,0,1990,0,0,0,2017-04-20,32414907,1998,208,0,0,0,0,0,0,0,0,1999,32,0,0,0,0,0,0,0,0
31,2017-04-20,09:00:15,415,cs1709,XDCE,1999,1989,2002,11006,219618320,812426,814996,2085,1887,1986,1993,0,1990,0,0,0,2017-04-20,32415415,1997,68,0,0,0,0,0,0,0,0,1999,50,0,0,0,0,0,0,0,0
32,2017-04-20,09:00:15,889,cs1709,XDCE,1998,1989,2002,11056,220617520,812416,814996,2085,1887,1986,1993,0,1990,0,0,0,2017-04-20,32415889,1997,73,0,0,0,0,0,0,0,0,1999,41,0,0,0,0,0,0,0,0
33,2017-04-20,09:00:16,416,cs1709,XDCE,1999,1989,2002,11070,220897380,812414,814996,2085,1887,1986,1993,0,1990,0,0,0,2017-04-20,32416416,1998,48,0,0,0,0,0,0,0,0,1999,36,0,0,0,0,0,0,0,0
34,2017-04-20,09:00:16,899,cs1709,XDCE,1999,1989,2002,11150,222496580,812382,814996,2085,1887,1986,1993,0,1990,0,0,0,2017-04-20,32416899,1999,21,0,0,0,0,0,0,0,0,2000,128,0,0,0,0,0,0,0,0
35,2017-04-20,09:00:17,401,cs1709,XDCE,1999,1989,2002,11164,222776480,812378,814996,2085,1887,1986,1993,0,1990,0,0,0,2017-04-20,32417401,1999,17,0,0,0,0,0,0,0,0,2000,119,0,0,0,0,0,0,0,0
36,2017-04-20,09:00:17,898,cs1709,XDCE,1999,1989,2002,11178,223056400,812372,814996,2085,1887,1986,1993,0,1990,0,0,0,2017-04-20,32417898,1999,13,0,0,0,0,0,0,0,0,2000,122,0,0,0,0,0,0,0,0
37,2017-04-20,09:00:18,405,cs1709,XDCE,2000,1989,2002,11260,224696340,812390,814996,2085,1887,1986,1993,0,1990,0,0,0,2017-04-20,32418405,1999,23,0,0,0,0,0,0,0,0,2000,81,0,0,0,0,0,0,0,0
38,2017-04-20,09:00:18,886,cs1709,XDCE,2000,1989,2002,11434,228176300,812438,814996,2085,1887,1986,1993,0,1990,0,0,0,2017-04-20,32418886,1999,63,0,0,0,0,0,0,0,0,2000,4,0,0,0,0,0,0,0,0
39,2017-04-20,09:00:19,376,cs1709,XDCE,2000,1989,2002,11516,229816320,812428,814996,2085,1887,1986,1993,0,1990,0,0,0,2017-04-20,32419376,2000,9,0,0,0,0,0,0,0,0,2001,184,0,0,0,0,0,0,0,0
40,2017-04-20,09:00:19,917,cs1709,XDCE,2000,1989,2002,11598,231456320,812406,814996,2085,1887,1986,1993,0,1990,0,0,0,2017-04-20,32419917,2000,14,0,0,0,0,0,0,0,0,2001,184,0,0,0,0,0,0,0,0
41,2017-04-20,09:00:20,417,cs1709,XDCE,1999,1989,2002,11710,233695560,812454,814996,2085,1887,1986,1993,0,1990,0,0,0,2017-04-20,32420417,1999,6,0,0,0,0,0,0,0,0,2000,34,0,0,0,0,0,0,0,0
42,2017-04-20,09:00:20,885,cs1709,XDCE,1999,1989,2002,11744,234375220,812442,814996,2085,1887,1986,1993,0,1990,0,0,0,2017-04-20,32420885,1999,9,0,0,0,0,0,0,0,0,2000,63,0,0,0,0,0,0,0,0
43,2017-04-20,09:00:21,340,cs1709,XDCE,2000,1989,2002,11766,234815220,812420,814996,2085,1887,1986,1993,0,1990,0,0,0,2017-04-20,32421340,1999,33,0,0,0,0,0,0,0,0,2000,77,0,0,0,0,0,0,0,0
44,2017-04-20,09:00:21,905,cs1709,XDCE,1999,1989,2002,11770,234895200,812422,814996,2085,1887,1986,1993,0,1990,0,0,0,2017-04-20,32421905,1999,32,0,0,0,0,0,0,0,0,2000,79,0,0,0,0,0,0,0,0
45,2017-04-20,09:00:22,393,cs1709,XDCE,2000,1989,2002,11812,235735200,812446,814996,2085,1887,1986,1993,0,1990,0,0,0,2017-04-20,32422393,1999,38,0,0,0,0,0,0,0,0,2000,58,0,0,0,0,0,0,0,0
46,2017-04-20,09:00:22,917,cs1709,XDCE,2000,1989,2002,11932,238135160,812396,814996,2085,1887,1986,1993,0,1990,0,0,0,2017-04-20,32422917,2000,35,0,0,0,0,0,0,0,0,2001,187,0,0,0,0,0,0,0,0
47,2017-04-20,09:00:23,375,cs1709,XDCE,2000,1989,2002,11934,238175160,812394,814996,2085,1887,1986,1993,0,1990,0,0,0,2017-04-20,32423375,2000,56,0,0,0,0,0,0,0,0,2001,190,0,0,0,0,0,0,0,0
48,2017-04-20,09:00:23,879,cs1709,XDCE,1999,1989,2002,12050,240495140,812342,814996,2085,1887,1986,1993,0,1990,0,0,0,2017-04-20,32423879,1999,61,0,0,0,0,0,0,0,0,2000,55,0,0,0,0,0,0,0,0
49,2017-04-20,09:00:24,415,cs1709,XDCE,1998,1989,2002,12250,244491940,812358,814996,2085,1887,1986,1993,0,1990,0,0,0,2017-04-20,32424415,1998,56,0,0,0,0,0,0,0,0,1999,54,0,0,0,0,0,0,0,0
50,2017-04-20,09:00:24,892,cs1709,XDCE,1998,1989,2002,12276,245011480,812358,814996,2085,1887,1986,1993,0,1990,0,0,0,2017-04-20,32424892,1998,20,0,0,0,0,0,0,0,0,1999,90,0,0,0,0,0,0,0,0
51,2017-04-20,09:00:25,410,cs1709,XDCE,1999,1989,2002,12300,245491040,812362,814996,2085,1887,1986,1993,0,1990,0,0,0,2017-04-20,32425410,1998,30,0,0,0,0,0,0,0,0,1999,81,0,0,0,0,0,0,0,0
52,2017-04-20,09:00:25,894,cs1709,XDCE,1999,1989,2002,12306,245610940,812366,814996,2085,1887,1986,1993,0,1990,0,0,0,2017-04-20,32425894,1998,77,0,0,0,0,0,0,0,0,1999,80,0,0,0,0,0,0,0,0
53,2017-04-20,09:00:26,400,cs1709,XDCE,1999,1989,2002,12334,246170420,812384,814996,2085,1887,1986,1993,0,1990,0,0,0,2017-04-20,32426400,1998,90,0,0,0,0,0,0,0,0,1999,79,0,0,0,0,0,0,0,0
54,2017-04-20,09:00:26,871,cs1709,XDCE,1999,1989,2002,12344,246370320,812392,814996,2085,1887,1986,1993,0,1990,0,0,0,2017-04-20,32426871,1998,90,0,0,0,0,0,0,0,0,1999,74,0,0,0,0,0,0,0,0
55,2017-04-20,09:00:27,401,cs1709,XDCE,1998,1989,2002,12386,247209880,812432,814996,2085,1887,1986,1993,0,1990,0,0,0,2017-04-20,32427401,1998,88,0,0,0,0,0,0,0,0,1999,57,0,0,0,0,0,0,0,0
56,2017-04-20,09:00:27,908,cs1709,XDCE,1998,1989,2002,12410,247689420,812424,814996,2085,1887,1986,1993,0,1990,0,0,0,2017-04-20,32427908,1998,87,0,0,0,0,0,0,0,0,1999,56,0,0,0,0,0,0,0,0
57,2017-04-20,09:00:28,342,cs1709,XDCE,1999,1989,2002,12412,247729400,812426,814996,2085,1887,1986,1993,0,1990,0,0,0,2017-04-20,32428342,1998,77,0,0,0,0,0,0,0,0,1999,67,0,0,0,0,0,0,0,0
58,2017-04-20,09:00:28,905,cs1709,XDCE,1999,1989,2002,12536,250208120,812412,814996,2085,1887,1986,1993,0,1990,0,0,0,2017-04-20,32428905,1998,94,0,0,0,0,0,0,0,0,1999,10,0,0,0,0,0,0,0,0
59,2017-04-20,09:00:29,390,cs1709,XDCE,1999,1989,2002,12572,250927640,812406,814996,2085,1887,1986,1993,0,1990,0,0,0,2017-04-20,32429390,1998,197,0,0,0,0,0,0,0,0,1999,4,0,0,0,0,0,0,0,0
60,2017-04-20,09:00:29,906,cs1709,XDCE,1999,1989,2002,12674,252966480,812446,814996,2085,1887,1986,1993,0,1990,0,0,0,2017-04-20,32429906,1999,44,0,0,0,0,0,0,0,0,2000,336,0,0,0,0,0,0,0,0
61,2017-04-20,09:00:30,400,cs1709,XDCE,1999,1989,2002,12700,253486220,812444,814996,2085,1887,1986,1993,0,1990,0,0,0,2017-04-20,32430400,1999,35,0,0,0,0,0,0,0,0,2000,319,0,0,0,0,0,0,0,0
62,2017-04-20,09:00:30,917,cs1709,XDCE,1999,1989,2002,12700,253486220,812444,814996,2085,1887,1986,1993,0,1990,0,0,0,2017-04-20,32430917,1999,48,0,0,0,0,0,0,0,0,2000,316,0,0,0,0,0,0,0,0
63,2017-04-20,09:00:31,343,cs1709,XDCE,1999,1989,2002,12710,253686120,812444,814996,2085,1887,1986,1993,0,1990,0,0,0,2017-04-20,32431343,1999,60,0,0,0,0,0,0,0,0,2000,326,0,0,0,0,0,0,0,0
64,2017-04-20,09:00:31,914,cs1709,XDCE,1999,1989,2002,12718,253846040,812436,814996,2085,1887,1986,1993,0,1990,0,0,0,2017-04-20,32431914,1999,56,0,0,0,0,0,0,0,0,2000,338,0,0,0,0,0,0,0,0
65,2017-04-20,09:00:32,337,cs1709,XDCE,1999,1989,2002,12726,254005960,812432,814996,2085,1887,1986,1993,0,1990,0,0,0,2017-04-20,32432337,1999,52,0,0,0,0,0,0,0,0,2000,342,0,0,0,0,0,0,0,0
66,2017-04-20,09:00:32,896,cs1709,XDCE,2000,1989,2002,12832,256124920,812340,814996,2085,1887,1986,1993,0,1990,0,0,0,2017-04-20,32432896,1998,128,0,0,0,0,0,0,0,0,1999,11,0,0,0,0,0,0,0,0
67,2017-04-20,09:00:33,348,cs1709,XDCE,2000,1989,2002,12832,256124920,812340,814996,2085,1887,1986,1993,0,1990,0,0,0,2017-04-20,32433348,1998,127,0,0,0,0,0,0,0,0,1999,20,0,0,0,0,0,0,0,0
68,2017-04-20,09:00:33,904,cs1709,XDCE,1998,1989,2002,12834,256164880,812340,814996,2085,1887,1986,1993,0,1990,0,0,0,2017-04-20,32433904,1998,109,0,0,0,0,0,0,0,0,1999,113,0,0,0,0,0,0,0,0
69,2017-04-20,09:00:34,335,cs1709,XDCE,1998,1989,2002,12834,256164880,812340,814996,2085,1887,1986,1993,0,1990,0,0,0,2017-04-20,32434335,1998,106,0,0,0,0,0,0,0,0,1999,433,0,0,0,0,0,0,0,0
70,2017-04-20,09:00:34,908,cs1709,XDCE,1999,1989,2002,12950,258482680,812384,814996,2085,1887,1986,1993,0,1990,0,0,0,2017-04-20,32434908,1998,96,0,0,0,0,0,0,0,0,1999,464,0,0,0,0,0,0,0,0
71,2017-04-20,09:00:35,416,cs1709,XDCE,1998,1989,2002,13074,260961380,812384,814996,2085,1887,1986,1993,0,1990,0,0,0,2017-04-20,32435416,1998,109,0,0,0,0,0,0,0,0,1999,405,0,0,0,0,0,0,0,0
72,2017-04-20,09:00:35,896,cs1709,XDCE,1999,1989,2002,13274,264959380,812478,814996,2085,1887,1986,1993,0,1990,0,0,0,2017-04-20,32435896,1998,17,0,0,0,0,0,0,0,0,1999,309,0,0,0,0,0,0,0,0
73,2017-04-20,09:00:36,405,cs1709,XDCE,1999,1989,2002,13276,264999360,812476,814996,2085,1887,1986,1993,0,1990,0,0,0,2017-04-20,32436405,1998,66,0,0,0,0,0,0,0,0,1999,305,0,0,0,0,0,0,0,0
74,2017-04-20,09:00:36,913,cs1709,XDCE,1999,1989,2002,13300,265478920,812460,814996,2085,1887,1986,1993,0,1990,0,0,0,2017-04-20,32436913,1998,81,0,0,0,0,0,0,0,0,1999,306,0,0,0,0,0,0,0,0
75,2017-04-20,09:00:37,414,cs1709,XDCE,1999,1989,2002,13312,265718760,812454,814996,2085,1887,1986,1993,0,1990,0,0,0,2017-04-20,32437414,1998,99,0,0,0,0,0,0,0,0,1999,302,0,0,0,0,0,0,0,0
76,2017-04-20,09:00:37,913,cs1709,XDCE,1999,1989,2002,13314,265758740,812454,814996,2085,1887,1986,1993,0,1990,0,0,0,2017-04-20,32437913,1998,101,0,0,0,0,0,0,0,0,1999,301,0,0,0,0,0,0,0,0
77,2017-04-20,09:00:38,330,cs1709,XDCE,1999,1989,2002,13322,265918660,812454,814996,2085,1887,1986,1993,0,1990,0,0,0,2017-04-20,32438330,1998,102,0,0,0,0,0,0,0,0,1999,298,0,0,0,0,0,0,0,0
78,2017-04-20,09:00:38,916,cs1709,XDCE,1999,1989,2002,13330,266078540,812450,814996,2085,1887,1986,1993,0,1990,0,0,0,2017-04-20,32438916,1998,100,0,0,0,0,0,0,0,0,1999,299,0,0,0,0,0,0,0,0
79,2017-04-20,09:00:39,383,cs1709,XDCE,1999,1989,2002,13564,270756200,812448,814996,2085,1887,1986,1993,0,1990,0,0,0,2017-04-20,32439383,1998,110,0,0,0,0,0,0,0,0,1999,183,0,0,0,0,0,0,0,0
80,2017-04-20,09:00:39,866,cs1709,XDCE,1999,1989,2002,13582,271116000,812448,814996,2085,1887,1986,1993,0,1990,0,0,0,2017-04-20,32439866,1998,102,0,0,0,0,0,0,0,0,1999,376,0,0,0,0,0,0,0,0
81,2017-04-20,09:00:40,392,cs1709,XDCE,1998,1989,2002,13618,271835280,812436,814996,2085,1887,1986,1993,0,1990,0,0,0,2017-04-20,32440392,1998,89,0,0,0,0,0,0,0,0,1999,377,0,0,0,0,0,0,0,0
82,2017-04-20,09:00:40,914,cs1709,XDCE,1999,1989,2002,13630,272075100,812436,814996,2085,1887,1986,1993,0,1990,0,0,0,2017-04-20,32440914,1998,86,0,0,0,0,0,0,0,0,1999,375,0,0,0,0,0,0,0,0
83,2017-04-20,09:00:41,408,cs1709,XDCE,1999,1989,2002,13630,272075100,812436,814996,2085,1887,1986,1993,0,1990,0,0,0,2017-04-20,32441408,1998,91,0,0,0,0,0,0,0,0,1999,382,0,0,0,0,0,0,0,0
84,2017-04-20,09:00:41,914,cs1709,XDCE,1999,1989,2002,13638,272235020,812436,814996,2085,1887,1986,1993,0,1990,0,0,0,2017-04-20,32441914,1998,135,0,0,0,0,0,0,0,0,1999,379,0,0,0,0,0,0,0,0
85,2017-04-20,09:00:42,416,cs1709,XDCE,1998,1989,2002,13738,274233520,812450,814996,2085,1887,1986,1993,0,1990,0,0,0,2017-04-20,32442416,1998,110,0,0,0,0,0,0,0,0,1999,360,0,0,0,0,0,0,0,0
86,2017-04-20,09:00:42,901,cs1709,XDCE,1998,1989,2002,13744,274353440,812448,814996,2085,1887,1986,1993,0,1990,0,0,0,2017-04-20,32442901,1998,110,0,0,0,0,0,0,0,0,1999,358,0,0,0,0,0,0,0,0
87,2017-04-20,09:00:43,407,cs1709,XDCE,1999,1989,2002,13768,274833060,812450,814996,2085,1887,1986,1993,0,1990,0,0,0,2017-04-20,32443407,1998,104,0,0,0,0,0,0,0,0,1999,353,0,0,0,0,0,0,0,0
88,2017-04-20,09:00:43,835,cs1709,XDCE,1998,1989,2002,13770,274873020,812450,814996,2085,1887,1986,1993,0,1990,0,0,0,2017-04-20,32443835,1998,103,0,0,0,0,0,0,0,0,1999,353,0,0,0,0,0,0,0,0
89,2017-04-20,09:00:44,404,cs1709,XDCE,1998,1989,2002,13792,275312720,812448,814996,2085,1887,1986,1993,0,1990,0,0,0,2017-04-20,32444404,1998,117,0,0,0,0,0,0,0,0,1999,346,0,0,0,0,0,0,0,0
90,2017-04-20,09:00:44,907,cs1709,XDCE,1999,1989,2002,13808,275632480,812442,814996,2085,1887,1986,1993,0,1990,0,0,0,2017-04-20,32444907,1998,113,0,0,0,0,0,0,0,0,1999,345,0,0,0,0,0,0,0,0
91,2017-04-20,09:00:45,415,cs1709,XDCE,1999,1989,2002,13826,275992260,812442,814996,2085,1887,1986,1993,0,1990,0,0,0,2017-04-20,32445415,1998,111,0,0,0,0,0,0,0,0,1999,341,0,0,0,0,0,0,0,0
92,2017-04-20,09:00:45,909,cs1709,XDCE,1998,1989,2002,13832,276112160,812444,814996,2085,1887,1986,1993,0,1990,0,0,0,2017-04-20,32445909,1998,111,0,0,0,0,0,0,0,0,1999,340,0,0,0,0,0,0,0,0
93,2017-04-20,09:00:46,410,cs1709,XDCE,1999,1989,2002,13950,278470980,812436,814996,2085,1887,1986,1993,0,1990,0,0,0,2017-04-20,32446410,1998,93,0,0,0,0,0,0,0,0,1999,277,0,0,0,0,0,0,0,0
94,2017-04-20,09:00:46,844,cs1709,XDCE,1998,1989,2002,13970,278870660,812430,814996,2085,1887,1986,1993,0,1990,0,0,0,2017-04-20,32446844,1998,90,0,0,0,0,0,0,0,0,1999,272,0,0,0,0,0,0,0,0
95,2017-04-20,09:00:47,408,cs1709,XDCE,1999,1989,2002,13996,279390280,812432,814996,2085,1887,1986,1993,0,1990,0,0,0,2017-04-20,32447408,1998,87,0,0,0,0,0,0,0,0,1999,266,0,0,0,0,0,0,0,0
96,2017-04-20,09:00:47,878,cs1709,XDCE,1998,1989,2002,14006,279590140,812432,814996,2085,1887,1986,1993,0,1990,0,0,0,2017-04-20,32447878,1998,85,0,0,0,0,0,0,0,0,1999,264,0,0,0,0,0,0,0,0
97,2017-04-20,09:00:48,411,cs1709,XDCE,1999,1989,2002,14224,283947720,812262,814996,2085,1887,1986,1993,0,1990,0,0,0,2017-04-20,32448411,1998,75,0,0,0,0,0,0,0,0,1999,158,0,0,0,0,0,0,0,0
98,2017-04-20,09:00:48,842,cs1709,XDCE,1999,1989,2002,14256,284587200,812282,814996,2085,1887,1986,1993,0,1990,0,0,0,2017-04-20,32448842,1998,66,0,0,0,0,0,0,0,0,1999,151,0,0,0,0,0,0,0,0
99,2017-04-20,09:00:49,397,cs1709,XDCE,1999,1989,2002,14764,294739900,812094,814996,2085,1887,1986,1993,0,1990,0,0,0,2017-04-20,32449397,1998,141,0,0,0,0,0,0,0,0,1999,28,0,0,0,0,0,0,0,0
100,2017-04-20,09:00:49,914,cs1709,XDCE,1998,1989,2002,14990,299255560,812076,814996,2085,1887,1986,1993,0,1990,0,0,0,2017-04-20,32449914,1998,73,0,0,0,0,0,0,0,0,1999,4,0,0,0,0,0,0,0,0
101,2017-04-20,09:00:50,394,cs1709,XDCE,1999,1989,2002,15106,301573300,811986,814996,2085,1887,1986,1993,0,1990,0,0,0,2017-04-20,32450394,1998,45,0,0,0,0,0,0,0,0,1999,67,0,0,0,0,0,0,0,0
102,2017-04-20,09:00:50,893,cs1709,XDCE,1998,1989,2002,15444,308324280,811880,814996,2085,1887,1986,1993,0,1990,0,0,0,2017-04-20,32450893,1997,46,0,0,0,0,0,0,0,0,1998,23,0,0,0,0,0,0,0,0
103,2017-04-20,09:00:51,367,cs1709,XDCE,1998,1989,2002,15490,309242980,811886,814996,2085,1887,1986,1993,0,1990,0,0,0,2017-04-20,32451367,1996,99,0,0,0,0,0,0,0,0,1998,51,0,0,0,0,0,0,0,0
104,2017-04-20,09:00:51,902,cs1709,XDCE,1998,1989,2002,15590,311240980,811878,814996,2085,1887,1986,1993,0,1990,0,0,0,2017-04-20,32451902,1998,55,0,0,0,0,0,0,0,0,1999,97,0,0,0,0,0,0,0,0
105,2017-04-20,09:00:52,407,cs1709,XDCE,1997,1989,2002,15782,315076700,811854,814996,2085,1887,1986,1993,0,1990,0,0,0,2017-04-20,32452407,1997,25,0,0,0,0,0,0,0,0,1999,90,0,0,0,0,0,0,0,0
106,2017-04-20,09:00:52,858,cs1709,XDCE,1998,1989,2002,15896,317353400,811802,814996,2085,1887,1986,1993,0,1990,0,0,0,2017-04-20,32452858,1997,66,0,0,0,0,0,0,0,0,1998,62,0,0,0,0,0,0,0,0
107,2017-04-20,09:00:53,398,cs1709,XDCE,1997,1989,2002,15966,318751300,811870,814996,2085,1887,1986,1993,0,1990,0,0,0,2017-04-20,32453398,1997,51,0,0,0,0,0,0,0,0,1998,62,0,0,0,0,0,0,0,0
108,2017-04-20,09:00:53,892,cs1709,XDCE,1998,1989,2002,15978,318991040,811872,814996,2085,1887,1986,1993,0,1990,0,0,0,2017-04-20,32453892,1997,62,0,0,0,0,0,0,0,0,1998,47,0,0,0,0,0,0,0,0
109,2017-04-20,09:00:54,408,cs1709,XDCE,1997,1989,2002,16030,320029480,811858,814996,2085,1887,1986,1993,0,1990,0,0,0,2017-04-20,32454408,1997,39,0,0,0,0,0,0,0,0,1998,44,0,0,0,0,0,0,0,0
110,2017-04-20,09:00:54,916,cs1709,XDCE,1998,1989,2002,16088,321187800,811832,814996,2085,1887,1986,1993,0,1990,0,0,0,2017-04-20,32454916,1997,35,0,0,0,0,0,0,0,0,1998,41,0,0,0,0,0,0,0,0
111,2017-04-20,09:00:55,382,cs1709,XDCE,1997,1989,2002,16236,324144280,811742,814996,2085,1887,1986,1993,0,1990,0,0,0,2017-04-20,32455382,1996,111,0,0,0,0,0,0,0,0,1998,51,0,0,0,0,0,0,0,0
112,2017-04-20,09:00:55,900,cs1709,XDCE,1998,1989,2002,16396,327339320,811638,814996,2085,1887,1986,1993,0,1990,0,0,0,2017-04-20,32455900,1996,97,0,0,0,0,0,0,0,0,1998,50,0,0,0,0,0,0,0,0
113,2017-04-20,09:00:56,366,cs1709,XDCE,1998,1989,2002,16412,327659000,811650,814996,2085,1887,1986,1993,0,1990,0,0,0,2017-04-20,32456366,1996,107,0,0,0,0,0,0,0,0,1998,42,0,0,0,0,0,0,0,0
114,2017-04-20,09:00:56,917,cs1709,XDCE,1997,1989,2002,16418,327778840,811656,814996,2085,1887,1986,1993,0,1990,0,0,0,2017-04-20,32456917,1997,31,0,0,0,0,0,0,0,0,1998,42,0,0,0,0,0,0,0,0
115,2017-04-20,09:00:57,403,cs1709,XDCE,1998,1989,2002,16528,329976640,811702,814996,2085,1887,1986,1993,0,1990,0,0,0,2017-04-20,32457403,1997,53,0,0,0,0,0,0,0,0,1999,117,0,0,0,0,0,0,0,0
116,2017-04-20,09:00:57,902,cs1709,XDCE,1999,1989,2002,16536,330136440,811704,814996,2085,1887,1986,1993,0,1990,0,0,0,2017-04-20,32457902,1998,1,0,0,0,0,0,0,0,0,1999,117,0,0,0,0,0,0,0,0
117,2017-04-20,09:00:58,394,cs1709,XDCE,1999,1989,2002,16560,330616200,811710,814996,2085,1887,1986,1993,0,1990,0,0,0,2017-04-20,32458394,1998,3,0,0,0,0,0,0,0,0,1999,106,0,0,0,0,0,0,0,0
118,2017-04-20,09:00:58,907,cs1709,XDCE,1999,1989,2002,16560,330616200,811710,814996,2085,1887,1986,1993,0,1990,0,0,0,2017-04-20,32458907,1998,4,0,0,0,0,0,0,0,0,1999,107,0,0,0,0,0,0,0,0
119,2017-04-20,09:00:59,410,cs1709,XDCE,1999,1989,2002,16588,331175900,811716,814996,2085,1887,1986,1993,0,1990,0,0,0,2017-04-20,32459410,1998,33,0,0,0,0,0,0,0,0,1999,94,0,0,0,0,0,0,0,0
120,2017-04-20,09:00:59,913,cs1709,XDCE,1999,1989,2002,16594,331295820,811722,814996,2085,1887,1986,1993,0,1990,0,0,0,2017-04-20,32459913,1998,35,0,0,0,0,0,0,0,0,1999,94,0,0,0,0,0,0,0,0
121,2017-04-20,09:01:00,403,cs1709,XDCE,1998,1989,2002,16742,334253220,811644,814996,2085,1887,1986,1993,0,1990,0,0,0,2017-04-20,32460403,1997,67,0,0,0,0,0,0,0,0,1998,49,0,0,0,0,0,0,0,0
122,2017-04-20,09:01:00,887,cs1709,XDCE,1998,1989,2002,16880,337010460,811630,814996,2085,1887,1986,1993,0,1990,0,0,0,2017-04-20,32460887,1998,4,0,0,0,0,0,0,0,0,1999,70,0,0,0,0,0,0,0,0
123,2017-04-20,09:01:01,416,cs1709,XDCE,1999,1989,2002,16976,338929500,811604,814996,2085,1887,1986,1993,0,1990,0,0,0,2017-04-20,32461416,1998,32,0,0,0,0,0,0,0,0,1999,17,0,0,0,0,0,0,0,0
124,2017-04-20,09:01:01,885,cs1709,XDCE,1999,1989,2002,17134,342087920,811650,814996,2085,1887,1986,1993,0,1990,0,0,0,2017-04-20,32461885,1999,67,0,0,0,0,0,0,0,0,2000,496,0,0,0,0,0,0,0,0
125,2017-04-20,09:01:02,415,cs1709,XDCE,1999,1989,2002,17196,343327400,811686,814996,2085,1887,1986,1993,0,1990,0,0,0,2017-04-20,32462415,1999,76,0,0,0,0,0,0,0,0,2000,490,0,0,0,0,0,0,0,0
126,2017-04-20,09:01:02,906,cs1709,XDCE,1999,1989,2002,17356,346525860,811730,814996,2085,1887,1986,1993,0,1990,0,0,0,2017-04-20,32462906,1998,70,0,0,0,0,0,0,0,0,2000,390,0,0,0,0,0,0,0,0
127,2017-04-20,09:01:03,407,cs1709,XDCE,1999,1989,2002,17370,346805720,811728,814996,2085,1887,1986,1993,0,1990,0,0,0,2017-04-20,32463407,1998,69,0,0,0,0,0,0,0,0,1999,102,0,0,0,0,0,0,0,0
128,2017-04-20,09:01:03,911,cs1709,XDCE,1999,1989,2002,17370,346805720,811728,814996,2085,1887,1986,1993,0,1990,0,0,0,2017-04-20,32463911,1998,57,0,0,0,0,0,0,0,0,1999,140,0,0,0,0,0,0,0,0
129,2017-04-20,09:01:04,414,cs1709,XDCE,1999,1989,2002,17382,347045600,811730,814996,2085,1887,1986,1993,0,1990,0,0,0,2017-04-20,32464414,1998,61,0,0,0,0,0,0,0,0,1999,134,0,0,0,0,0,0,0,0
130,2017-04-20,09:01:04,912,cs1709,XDCE,1998,1989,2002,17412,347645080,811716,814996,2085,1887,1986,1993,0,1990,0,0,0,2017-04-20,32464912,1998,50,0,0,0,0,0,0,0,0,1999,132,0,0,0,0,0,0,0,0
131,2017-04-20,09:01:05,396,cs1709,XDCE,1998,1989,2002,17464,348684040,811762,814996,2085,1887,1986,1993,0,1990,0,0,0,2017-04-20,32465396,1998,24,0,0,0,0,0,0,0,0,1999,155,0,0,0,0,0,0,0,0
132,2017-04-20,09:01:05,917,cs1709,XDCE,1997,1989,2002,17528,349962740,811770,814996,2085,1887,1986,1993,0,1990,0,0,0,2017-04-20,32465917,1997,124,0,0,0,0,0,0,0,0,1998,2,0,0,0,0,0,0,0,0
133,2017-04-20,09:01:06,408,cs1709,XDCE,1998,1989,2002,17534,350082620,811768,814996,2085,1887,1986,1993,0,1990,0,0,0,2017-04-20,32466408,1997,104,0,0,0,0,0,0,0,0,1998,21,0,0,0,0,0,0,0,0
134,2017-04-20,09:01:06,898,cs1709,XDCE,1998,1989,2002,17562,350641940,811770,814996,2085,1887,1986,1993,0,1990,0,0,0,2017-04-20,32466898,1997,97,0,0,0,0,0,0,0,0,1998,106,0,0,0,0,0,0,0,0
135,2017-04-20,09:01:07,368,cs1709,XDCE,1998,1989,2002,17564,350681900,811770,814996,2085,1887,1986,1993,0,1990,0,0,0,2017-04-20,32467368,1997,94,0,0,0,0,0,0,0,0,1998,112,0,0,0,0,0,0,0,0
136,2017-04-20,09:01:07,916,cs1709,XDCE,1998,1989,2002,17580,351001580,811776,814996,2085,1887,1986,1993,0,1990,0,0,0,2017-04-20,32467916,1997,87,0,0,0,0,0,0,0,0,1998,106,0,0,0,0,0,0,0,0
137,2017-04-20,09:01:08,360,cs1709,XDCE,1997,1989,2002,17582,351041520,811776,814996,2085,1887,1986,1993,0,1990,0,0,0,2017-04-20,32468360,1997,85,0,0,0,0,0,0,0,0,1998,117,0,0,0,0,0,0,0,0
138,2017-04-20,09:01:08,916,cs1709,XDCE,1997,1989,2002,17636,352120120,811776,814996,2085,1887,1986,1993,0,1990,0,0,0,2017-04-20,32468916,1997,71,0,0,0,0,0,0,0,0,1998,22,0,0,0,0,0,0,0,0
139,2017-04-20,09:01:09,402,cs1709,XDCE,1998,1989,2002,17642,352240000,811772,814996,2085,1887,1986,1993,0,1990,0,0,0,2017-04-20,32469402,1997,72,0,0,0,0,0,0,0,0,1998,63,0,0,0,0,0,0,0,0
140,2017-04-20,09:01:09,838,cs1709,XDCE,1998,1989,2002,17648,352359880,811770,814996,2085,1887,1986,1993,0,1990,0,0,0,2017-04-20,32469838,1997,173,0,0,0,0,0,0,0,0,1998,60,0,0,0,0,0,0,0,0
141,2017-04-20,09:01:10,381,cs1709,XDCE,1998,1989,2002,17674,352879360,811790,814996,2085,1887,1986,1993,0,1990,0,0,0,2017-04-20,32470381,1997,173,0,0,0,0,0,0,0,0,1998,52,0,0,0,0,0,0,0,0
142,2017-04-20,09:01:10,914,cs1709,XDCE,1998,1989,2002,17676,352919320,811790,814996,2085,1887,1986,1993,0,1990,0,0,0,2017-04-20,32470914,1997,181,0,0,0,0,0,0,0,0,1998,48,0,0,0,0,0,0,0,0
143,2017-04-20,09:01:11,373,cs1709,XDCE,1997,1989,2002,17678,352959260,811788,814996,2085,1887,1986,1993,0,1990,0,0,0,2017-04-20,32471373,1997,188,0,0,0,0,0,0,0,0,1998,38,0,0,0,0,0,0,0,0
144,2017-04-20,09:01:11,908,cs1709,XDCE,1998,1989,2002,17684,353079140,811784,814996,2085,1887,1986,1993,0,1990,0,0,0,2017-04-20,32471908,1997,232,0,0,0,0,0,0,0,0,1998,47,0,0,0,0,0,0,0,0
145,2017-04-20,09:01:12,410,cs1709,XDCE,1998,1989,2002,17692,353238960,811780,814996,2085,1887,1986,1993,0,1990,0,0,0,2017-04-20,32472410,1997,260,0,0,0,0,0,0,0,0,1998,130,0,0,0,0,0,0,0,0
146,2017-04-20,09:01:12,907,cs1709,XDCE,1998,1989,2002,17716,353718440,811780,814996,2085,1887,1986,1993,0,1990,0,0,0,2017-04-20,32472907,1997,262,0,0,0,0,0,0,0,0,1998,139,0,0,0,0,0,0,0,0
147,2017-04-20,09:01:13,404,cs1709,XDCE,1998,1989,2002,17716,353718440,811780,814996,2085,1887,1986,1993,0,1990,0,0,0,2017-04-20,32473404,1997,262,0,0,0,0,0,0,0,0,1998,141,0,0,0,0,0,0,0,0
148,2017-04-20,09:01:13,875,cs1709,XDCE,1998,1989,2002,17722,353838280,811782,814996,2085,1887,1986,1993,0,1990,0,0,0,2017-04-20,32473875,1997,260,0,0,0,0,0,0,0,0,1998,140,0,0,0,0,0,0,0,0
149,2017-04-20,09:01:14,341,cs1709,XDCE,1997,1989,2002,17738,354157800,811798,814996,2085,1887,1986,1993,0,1990,0,0,0,2017-04-20,32474341,1997,252,0,0,0,0,0,0,0,0,1998,142,0,0,0,0,0,0,0,0
150,2017-04-20,09:01:14,911,cs1709,XDCE,1998,1989,2002,17848,356355600,811822,814996,2085,1887,1986,1993,0,1990,0,0,0,2017-04-20,32474911,1997,252,0,0,0,0,0,0,0,0,1998,97,0,0,0,0,0,0,0,0
151,2017-04-20,09:01:15,388,cs1709,XDCE,1998,1989,2002,18026,359910340,811796,814996,2085,1887,1986,1993,0,1990,0,0,0,2017-04-20,32475388,1997,167,0,0,0,0,0,0,0,0,1998,105,0,0,0,0,0,0,0,0
152,2017-04-20,09:01:15,915,cs1709,XDCE,1998,1989,2002,18042,360230020,811796,814996,2085,1887,1986,1993,0,1990,0,0,0,2017-04-20,32475915,1997,171,0,0,0,0,0,0,0,0,1998,98,0,0,0,0,0,0,0,0
153,2017-04-20,09:01:16,339,cs1709,XDCE,1997,1989,2002,18150,362386800,811802,814996,2085,1887,1986,1993,0,1990,0,0,0,2017-04-20,32476339,1997,119,0,0,0,0,0,0,0,0,1998,104,0,0,0,0,0,0,0,0
154,2017-04-20,09:01:16,908,cs1709,XDCE,1998,1989,2002,18156,362506660,811800,814996,2085,1887,1986,1993,0,1990,0,0,0,2017-04-20,32476908,1997,124,0,0,0,0,0,0,0,0,1998,103,0,0,0,0,0,0,0,0
155,2017-04-20,09:01:17,318,cs1709,XDCE,1997,1989,2002,18184,363065820,811826,814996,2085,1887,1986,1993,0,1990,0,0,0,2017-04-20,32477318,1997,110,0,0,0,0,0,0,0,0,1998,107,0,0,0,0,0,0,0,0
156,2017-04-20,09:01:17,867,cs1709,XDCE,1997,1989,2002,18184,363065820,811826,814996,2085,1887,1986,1993,0,1990,0,0,0,2017-04-20,32477867,1997,111,0,0,0,0,0,0,0,0,1998,108,0,0,0,0,0,0,0,0
157,2017-04-20,09:01:18,391,cs1709,XDCE,1997,1989,2002,18190,363185660,811826,814996,2085,1887,1986,1993,0,1990,0,0,0,2017-04-20,32478391,1997,109,0,0,0,0,0,0,0,0,1998,110,0,0,0,0,0,0,0,0
158,2017-04-20,09:01:18,907,cs1709,XDCE,1997,1989,2002,18200,363385400,811824,814996,2085,1887,1986,1993,0,1990,0,0,0,2017-04-20,32478907,1997,106,0,0,0,0,0,0,0,0,1998,115,0,0,0,0,0,0,0,0
159,2017-04-20,09:01:19,393,cs1709,XDCE,1997,1989,2002,18202,363425340,811826,814996,2085,1887,1986,1993,0,1990,0,0,0,2017-04-20,32479393,1997,106,0,0,0,0,0,0,0,0,1998,116,0,0,0,0,0,0,0,0
160,2017-04-20,09:01:19,909,cs1709,XDCE,1998,1989,2002,18218,363745020,811822,814996,2085,1887,1986,1993,0,1990,0,0,0,2017-04-20,32479909,1997,107,0,0,0,0,0,0,0,0,1998,108,0,0,0,0,0,0,0,0
161,2017-04-20,09:01:20,351,cs1709,XDCE,1997,1989,2002,18256,364504000,811784,814996,2085,1887,1986,1993,0,1990,0,0,0,2017-04-20,32480351,1997,101,0,0,0,0,0,0,0,0,1998,103,0,0,0,0,0,0,0,0
162,2017-04-20,09:01:20,866,cs1709,XDCE,1997,1989,2002,18258,364543940,811782,814996,2085,1887,1986,1993,0,1990,0,0,0,2017-04-20,32480866,1997,200,0,0,0,0,0,0,0,0,1998,103,0,0,0,0,0,0,0,0
163,2017-04-20,09:01:21,404,cs1709,XDCE,1997,1989,2002,18258,364543940,811782,814996,2085,1887,1986,1993,0,1990,0,0,0,2017-04-20,32481404,1997,207,0,0,0,0,0,0,0,0,1998,103,0,0,0,0,0,0,0,0
164,2017-04-20,09:01:21,905,cs1709,XDCE,1997,1989,2002,18264,364663760,811782,814996,2085,1887,1986,1993,0,1990,0,0,0,2017-04-20,32481905,1997,204,0,0,0,0,0,0,0,0,1998,103,0,0,0,0,0,0,0,0
165,2017-04-20,09:01:22,393,cs1709,XDCE,1997,1989,2002,18268,364743660,811780,814996,2085,1887,1986,1993,0,1990,0,0,0,2017-04-20,32482393,1997,203,0,0,0,0,0,0,0,0,1998,110,0,0,0,0,0,0,0,0
166,2017-04-20,09:01:22,815,cs1709,XDCE,1997,1989,2002,18284,365063180,811794,814996,2085,1887,1986,1993,0,1990,0,0,0,2017-04-20,32482815,1997,158,0,0,0,0,0,0,0,0,1998,207,0,0,0,0,0,0,0,0
167,2017-04-20,09:01:23,406,cs1709,XDCE,1998,1989,2002,18312,365622360,811820,814996,2085,1887,1986,1993,0,1990,0,0,0,2017-04-20,32483406,1997,145,0,0,0,0,0,0,0,0,1998,207,0,0,0,0,0,0,0,0
168,2017-04-20,09:01:23,902,cs1709,XDCE,1997,1989,2002,18316,365702240,811820,814996,2085,1887,1986,1993,0,1990,0,0,0,2017-04-20,32483902,1997,144,0,0,0,0,0,0,0,0,1998,207,0,0,0,0,0,0,0,0
169,2017-04-20,09:01:24,408,cs1709,XDCE,1997,1989,2002,18320,365782120,811822,814996,2085,1887,1986,1993,0,1990,0,0,0,2017-04-20,32484408,1997,143,0,0,0,0,0,0,0,0,1998,211,0,0,0,0,0,0,0,0
170,2017-04-20,09:01:24,888,cs1709,XDCE,1997,1989,2002,18320,365782120,811822,814996,2085,1887,1986,1993,0,1990,0,0,0,2017-04-20,32484888,1997,145,0,0,0,0,0,0,0,0,1998,216,0,0,0,0,0,0,0,0
171,2017-04-20,09:01:25,413,cs1709,XDCE,1996,1989,2002,19086,381074700,811740,814996,2085,1887,1986,1993,0,1990,0,0,0,2017-04-20,32485413,1995,138,0,0,0,0,0,0,0,0,1996,42,0,0,0,0,0,0,0,0
172,2017-04-20,09:01:25,895,cs1709,XDCE,1995,1989,2002,19244,384226900,811718,814996,2085,1887,1986,1993,0,1990,0,0,0,2017-04-20,32485895,1995,48,0,0,0,0,0,0,0,0,1996,70,0,0,0,0,0,0,0,0
173,2017-04-20,09:01:26,410,cs1709,XDCE,1995,1989,2002,19344,386221900,811654,814996,2085,1887,1986,1993,0,1990,0,0,0,2017-04-20,32486410,1994,169,0,0,0,0,0,0,0,0,1995,117,0,0,0,0,0,0,0,0
174,2017-04-20,09:01:26,858,cs1709,XDCE,1994,1989,2002,19348,386301660,811654,814996,2085,1887,1986,1993,0,1990,0,0,0,2017-04-20,32486858,1994,161,0,0,0,0,0,0,0,0,1995,128,0,0,0,0,0,0,0,0
175,2017-04-20,09:01:27,400,cs1709,XDCE,1994,1989,2002,19362,386580840,811666,814996,2085,1887,1986,1993,0,1990,0,0,0,2017-04-20,32487400,1994,155,0,0,0,0,0,0,0,0,1995,127,0,0,0,0,0,0,0,0
176,2017-04-20,09:01:27,879,cs1709,XDCE,1994,1989,2002,19468,388694500,811668,814996,2085,1887,1986,1993,0,1990,0,0,0,2017-04-20,32487879,1994,113,0,0,0,0,0,0,0,0,1995,126,0,0,0,0,0,0,0,0
177,2017-04-20,09:01:28,389,cs1709,XDCE,1995,1989,2002,19478,388894000,811668,814996,2085,1887,1986,1993,0,1990,0,0,0,2017-04-20,32488389,1994,110,0,0,0,0,0,0,0,0,1995,122,0,0,0,0,0,0,0,0
178,2017-04-20,09:01:28,896,cs1709,XDCE,1995,1989,2002,19480,388933900,811668,814996,2085,1887,1986,1993,0,1990,0,0,0,2017-04-20,32488896,1994,124,0,0,0,0,0,0,0,0,1995,121,0,0,0,0,0,0,0,0
179,2017-04-20,09:01:29,416,cs1709,XDCE,1994,1989,2002,19730,393918960,811582,814996,2085,1887,1986,1993,0,1990,0,0,0,2017-04-20,32489416,1993,97,0,0,0,0,0,0,0,0,1995,122,0,0,0,0,0,0,0,0
180,2017-04-20,09:01:29,837,cs1709,XDCE,1994,1989,2002,19732,393958840,811580,814996,2085,1887,1986,1993,0,1990,0,0,0,2017-04-20,32489837,1994,24,0,0,0,0,0,0,0,0,1995,130,0,0,0,0,0,0,0,0
181,2017-04-20,09:01:30,392,cs1709,XDCE,1994,1989,2002,19848,396271920,811618,814996,2085,1887,1986,1993,0,1990,0,0,0,2017-04-20,32490392,1993,199,0,0,0,0,0,0,0,0,1994,11,0,0,0,0,0,0,0,0
182,2017-04-20,09:01:30,908,cs1709,XDCE,1995,1989,2002,19904,397388620,811612,814996,2085,1887,1986,1993,0,1990,0,0,0,2017-04-20,32490908,1994,42,0,0,0,0,0,0,0,0,1995,141,0,0,0,0,0,0,0,0
183,2017-04-20,09:01:31,377,cs1709,XDCE,1995,1989,2002,19904,397388620,811612,814996,2085,1887,1986,1993,0,1990,0,0,0,2017-04-20,32491377,1994,60,0,0,0,0,0,0,0,0,1995,131,0,0,0,0,0,0,0,0
184,2017-04-20,09:01:31,860,cs1709,XDCE,1995,1989,2002,19912,397548200,811614,814996,2085,1887,1986,1993,0,1990,0,0,0,2017-04-20,32491860,1994,62,0,0,0,0,0,0,0,0,1995,129,0,0,0,0,0,0,0,0
185,2017-04-20,09:01:32,371,cs1709,XDCE,1995,1989,2002,19914,397588100,811614,814996,2085,1887,1986,1993,0,1990,0,0,0,2017-04-20,32492371,1994,69,0,0,0,0,0,0,0,0,1995,129,0,0,0,0,0,0,0,0
186,2017-04-20,09:01:32,909,cs1709,XDCE,1995,1989,2002,19920,397707760,811614,814996,2085,1887,1986,1993,0,1990,0,0,0,2017-04-20,32492909,1994,68,0,0,0,0,0,0,0,0,1995,123,0,0,0,0,0,0,0,0
187,2017-04-20,09:01:33,396,cs1709,XDCE,1994,1989,2002,19928,397867300,811616,814996,2085,1887,1986,1993,0,1990,0,0,0,2017-04-20,32493396,1994,73,0,0,0,0,0,0,0,0,1995,122,0,0,0,0,0,0,0,0
188,2017-04-20,09:01:33,899,cs1709,XDCE,1994,1989,2002,19930,397907180,811614,814996,2085,1887,1986,1993,0,1990,0,0,0,2017-04-20,32493899,1994,79,0,0,0,0,0,0,0,0,1995,122,0,0,0,0,0,0,0,0
189,2017-04-20,09:01:34,405,cs1709,XDCE,1995,1989,2002,19942,398146580,811614,814996,2085,1887,1986,1993,0,1990,0,0,0,2017-04-20,32494405,1994,86,0,0,0,0,0,0,0,0,1995,107,0,0,0,0,0,0,0,0
190,2017-04-20,09:01:34,859,cs1709,XDCE,1994,1989,2002,19982,398944180,811614,814996,2085,1887,1986,1993,0,1990,0,0,0,2017-04-20,32494859,1994,69,0,0,0,0,0,0,0,0,1995,106,0,0,0,0,0,0,0,0
191,2017-04-20,09:01:35,404,cs1709,XDCE,1995,1989,2002,20204,403373080,811788,814996,2085,1887,1986,1993,0,1990,0,0,0,2017-04-20,32495404,1995,27,0,0,0,0,0,0,0,0,1996,83,0,0,0,0,0,0,0,0
192,2017-04-20,09:01:35,889,cs1709,XDCE,1996,1989,2002,20238,404051480,811786,814996,2085,1887,1986,1993,0,1990,0,0,0,2017-04-20,32495889,1995,17,0,0,0,0,0,0,0,0,1996,68,0,0,0,0,0,0,0,0
193,2017-04-20,09:01:36,364,cs1709,XDCE,1995,1989,2002,20240,404091380,811786,814996,2085,1887,1986,1993,0,1990,0,0,0,2017-04-20,32496364,1995,19,0,0,0,0,0,0,0,0,1996,78,0,0,0,0,0,0,0,0
194,2017-04-20,09:01:36,900,cs1709,XDCE,1995,1989,2002,20240,404091380,811786,814996,2085,1887,1986,1993,0,1990,0,0,0,2017-04-20,32496900,1995,20,0,0,0,0,0,0,0,0,1996,80,0,0,0,0,0,0,0,0
195,2017-04-20,09:01:37,368,cs1709,XDCE,1995,1989,2002,20240,404091380,811786,814996,2085,1887,1986,1993,0,1990,0,0,0,2017-04-20,32497368,1995,21,0,0,0,0,0,0,0,0,1996,80,0,0,0,0,0,0,0,0
196,2017-04-20,09:01:37,905,cs1709,XDCE,1995,1989,2002,20250,404290940,811790,814996,2085,1887,1986,1993,0,1990,0,0,0,2017-04-20,32497905,1995,33,0,0,0,0,0,0,0,0,1996,87,0,0,0,0,0,0,0,0
197,2017-04-20,09:01:38,416,cs1709,XDCE,1996,1989,2002,20262,404530360,811790,814996,2085,1887,1986,1993,0,1990,0,0,0,2017-04-20,32498416,1995,40,0,0,0,0,0,0,0,0,1996,81,0,0,0,0,0,0,0,0
198,2017-04-20,09:01:38,915,cs1709,XDCE,1996,1989,2002,20262,404530360,811790,814996,2085,1887,1986,1993,0,1990,0,0,0,2017-04-20,32498915,1995,50,0,0,0,0,0,0,0,0,1996,75,0,0,0,0,0,0,0,0
199,2017-04-20,09:01:39,343,cs1709,XDCE,1996,1989,2002,20262,404530360,811790,814996,2085,1887,1986,1993,0,1990,0,0,0,2017-04-20,32499343,1995,68,0,0,0,0,0,0,0,0,1996,66,0,0,0,0,0,0,0,0
200,2017-04-20,09:01:39,777,cs1709,XDCE,1996,1989,2002,20262,404530360,811790,814996,2085,1887,1986,1993,0,1990,0,0,0,2017-04-20,32499777,1995,81,0,0,0,0,0,0,0,0,1996,53,0,0,0,0,0,0,0,0
201,2017-04-20,09:01:40,400,cs1709,XDCE,1996,1989,2002,20368,406646120,811804,814996,2085,1887,1986,1993,0,1990,0,0,0,2017-04-20,32500400,1996,45,0,0,0,0,0,0,0,0,1997,88,0,0,0,0,0,0,0,0
202,2017-04-20,09:01:40,910,cs1709,XDCE,1997,1989,2002,20524,409761420,811796,814996,2085,1887,1986,1993,0,1990,0,0,0,2017-04-20,32500910,1997,147,0,0,0,0,0,0,0,0,1998,145,0,0,0,0,0,0,0,0
203,2017-04-20,09:01:41,389,cs1709,XDCE,1997,1989,2002,20524,409761420,811796,814996,2085,1887,1986,1993,0,1990,0,0,0,2017-04-20,32501389,1997,170,0,0,0,0,0,0,0,0,1998,126,0,0,0,0,0,0,0,0
204,2017-04-20,09:01:41,883,cs1709,XDCE,1997,1989,2002,20548,410240700,811796,814996,2085,1887,1986,1993,0,1990,0,0,0,2017-04-20,32501883,1997,158,0,0,0,0,0,0,0,0,1998,125,0,0,0,0,0,0,0,0
205,2017-04-20,09:01:42,403,cs1709,XDCE,1997,1989,2002,20554,410360560,811792,814996,2085,1887,1986,1993,0,1990,0,0,0,2017-04-20,32502403,1997,157,0,0,0,0,0,0,0,0,1998,120,0,0,0,0,0,0,0,0
206,2017-04-20,09:01:42,905,cs1709,XDCE,1998,1989,2002,20556,410400520,811790,814996,2085,1887,1986,1993,0,1990,0,0,0,2017-04-20,32502905,1997,161,0,0,0,0,0,0,0,0,1998,119,0,0,0,0,0,0,0,0
207,2017-04-20,09:01:43,356,cs1709,XDCE,1997,1989,2002,20558,410440460,811790,814996,2085,1887,1986,1993,0,1990,0,0,0,2017-04-20,32503356,1997,160,0,0,0,0,0,0,0,0,1998,111,0,0,0,0,0,0,0,0
208,2017-04-20,09:01:43,909,cs1709,XDCE,1997,1989,2002,20562,410520360,811786,814996,2085,1887,1986,1993,0,1990,0,0,0,2017-04-20,32503909,1997,161,0,0,0,0,0,0,0,0,1998,111,0,0,0,0,0,0,0,0
209,2017-04-20,09:01:44,393,cs1709,XDCE,1998,1989,2002,20686,412997880,811796,814996,2085,1887,1986,1993,0,1990,0,0,0,2017-04-20,32504393,1997,41,0,0,0,0,0,0,0,0,1998,45,0,0,0,0,0,0,0,0
210,2017-04-20,09:01:44,903,cs1709,XDCE,1997,1989,2002,20690,413077760,811792,814996,2085,1887,1986,1993,0,1990,0,0,0,2017-04-20,32504903,1997,51,0,0,0,0,0,0,0,0,1998,46,0,0,0,0,0,0,0,0
211,2017-04-20,09:01:45,394,cs1709,XDCE,1998,1989,2002,20830,415874860,811748,814996,2085,1887,1986,1993,0,1990,0,0,0,2017-04-20,32505394,1997,49,0,0,0,0,0,0,0,0,1998,74,0,0,0,0,0,0,0,0
212,2017-04-20,09:01:45,871,cs1709,XDCE,1998,1989,2002,20838,416034640,811750,814996,2085,1887,1986,1993,0,1990,0,0,0,2017-04-20,32505871,1997,46,0,0,0,0,0,0,0,0,1998,78,0,0,0,0,0,0,0,0
213,2017-04-20,09:01:46,379,cs1709,XDCE,1998,1989,2002,20840,416074600,811750,814996,2085,1887,1986,1993,0,1990,0,0,0,2017-04-20,32506379,1997,51,0,0,0,0,0,0,0,0,1998,74,0,0,0,0,0,0,0,0
214,2017-04-20,09:01:46,855,cs1709,XDCE,1998,1989,2002,20850,416274400,811760,814996,2085,1887,1986,1993,0,1990,0,0,0,2017-04-20,32506855,1997,52,0,0,0,0,0,0,0,0,1998,69,0,0,0,0,0,0,0,0
215,2017-04-20,09:01:47,407,cs1709,XDCE,1998,1989,2002,20854,416354320,811764,814996,2085,1887,1986,1993,0,1990,0,0,0,2017-04-20,32507407,1997,52,0,0,0,0,0,0,0,0,1998,67,0,0,0,0,0,0,0,0
216,2017-04-20,09:01:47,864,cs1709,XDCE,1997,1989,2002,20856,416394260,811762,814996,2085,1887,1986,1993,0,1990,0,0,0,2017-04-20,32507864,1997,51,0,0,0,0,0,0,0,0,1998,69,0,0,0,0,0,0,0,0
217,2017-04-20,09:01:48,344,cs1709,XDCE,1998,1989,2002,20858,416434220,811762,814996,2085,1887,1986,1993,0,1990,0,0,0,2017-04-20,32508344,1997,52,0,0,0,0,0,0,0,0,1998,69,0,0,0,0,0,0,0,0
218,2017-04-20,09:01:48,885,cs1709,XDCE,1998,1989,2002,20858,416434220,811762,814996,2085,1887,1986,1993,0,1990,0,0,0,2017-04-20,32508885,1997,52,0,0,0,0,0,0,0,0,1998,72,0,0,0,0,0,0,0,0
219,2017-04-20,09:01:49,404,cs1709,XDCE,1998,1989,2002,20862,416514140,811764,814996,2085,1887,1986,1993,0,1990,0,0,0,2017-04-20,32509404,1997,52,0,0,0,0,0,0,0,0,1998,74,0,0,0,0,0,0,0,0
220,2017-04-20,09:01:49,896,cs1709,XDCE,1998,1989,2002,20862,416514140,811764,814996,2085,1887,1986,1993,0,1990,0,0,0,2017-04-20,32509896,1997,47,0,0,0,0,0,0,0,0,1998,74,0,0,0,0,0,0,0,0
221,2017-04-20,09:01:50,408,cs1709,XDCE,1998,1989,2002,21016,419591060,811758,814996,2085,1887,1986,1993,0,1990,0,0,0,2017-04-20,32510408,1997,58,0,0,0,0,0,0,0,0,1999,364,0,0,0,0,0,0,0,0
222,2017-04-20,09:01:50,887,cs1709,XDCE,1998,1989,2002,21044,420150460,811766,814996,2085,1887,1986,1993,0,1990,0,0,0,2017-04-20,32510887,1997,59,0,0,0,0,0,0,0,0,1998,4,0,0,0,0,0,0,0,0
223,2017-04-20,09:01:51,366,cs1709,XDCE,1998,1989,2002,21056,420390220,811756,814996,2085,1887,1986,1993,0,1990,0,0,0,2017-04-20,32511366,1998,135,0,0,0,0,0,0,0,0,1999,352,0,0,0,0,0,0,0,0
224,2017-04-20,09:01:51,888,cs1709,XDCE,1998,1989,2002,21058,420430180,811756,814996,2085,1887,1986,1993,0,1990,0,0,0,2017-04-20,32511888,1998,196,0,0,0,0,0,0,0,0,1999,352,0,0,0,0,0,0,0,0
225,2017-04-20,09:01:52,410,cs1709,XDCE,1998,1989,2002,21064,420550100,811750,814996,2085,1887,1986,1993,0,1990,0,0,0,2017-04-20,32512410,1998,213,0,0,0,0,0,0,0,0,1999,349,0,0,0,0,0,0,0,0
226,2017-04-20,09:01:52,915,cs1709,XDCE,1999,1989,2002,21776,434782920,811726,814996,2085,1887,1986,1993,0,1990,0,0,0,2017-04-20,32512915,1999,105,0,0,0,0,0,0,0,0,2000,372,0,0,0,0,0,0,0,0
227,2017-04-20,09:01:53,336,cs1709,XDCE,2000,1989,2002,21794,435142920,811724,814996,2085,1887,1986,1993,0,1990,0,0,0,2017-04-20,32513336,1999,155,0,0,0,0,0,0,0,0,2000,342,0,0,0,0,0,0,0,0
228,2017-04-20,09:01:53,898,cs1709,XDCE,2000,1989,2002,22480,448862900,811526,814996,2085,1887,1986,1993,0,1990,0,0,0,2017-04-20,32513898,2000,1,0,0,0,0,0,0,0,0,2001,340,0,0,0,0,0,0,0,0
229,2017-04-20,09:01:54,383,cs1709,XDCE,2001,1989,2002,22528,449823240,811494,814996,2085,1887,1986,1993,0,1990,0,0,0,2017-04-20,32514383,2000,55,0,0,0,0,0,0,0,0,2001,318,0,0,0,0,0,0,0,0
230,2017-04-20,09:01:54,892,cs1709,XDCE,2001,1989,2002,22582,450903760,811464,814996,2085,1887,1986,1993,0,1990,0,0,0,2017-04-20,32514892,2000,172,0,0,0,0,0,0,0,0,2001,293,0,0,0,0,0,0,0,0
231,2017-04-20,09:01:55,400,cs1709,XDCE,2001,1989,2002,23146,462189380,811268,814996,2085,1887,1986,1993,0,1990,0,0,0,2017-04-20,32515400,2000,207,0,0,0,0,0,0,0,0,2002,247,0,0,0,0,0,0,0,0
232,2017-04-20,09:01:55,899,cs1709,XDCE,2002,1989,2002,23220,463670460,811290,814996,2085,1887,1986,1993,0,1990,0,0,0,2017-04-20,32515899,2001,29,0,0,0,0,0,0,0,0,2002,272,0,0,0,0,0,0,0,0
233,2017-04-20,09:01:56,414,cs1709,XDCE,2004,1989,2004,24500,489306720,810758,814996,2085,1887,1986,1993,0,1990,0,0,0,2017-04-20,32516414,2003,3,0,0,0,0,0,0,0,0,2004,156,0,0,0,0,0,0,0,0
234,2017-04-20,09:01:56,910,cs1709,XDCE,2004,1989,2005,25286,505060680,810794,814996,2085,1887,1986,1993,0,1990,0,0,0,2017-04-20,32516910,2004,23,0,0,0,0,0,0,0,0,2005,823,0,0,0,0,0,0,0,0
235,2017-04-20,09:01:57,416,cs1709,XDCE,2005,1989,2005,25906,517487600,810840,814996,2085,1887,1986,1993,0,1990,0,0,0,2017-04-20,32517416,2004,42,0,0,0,0,0,0,0,0,2005,706,0,0,0,0,0,0,0,0
236,2017-04-20,09:01:57,904,cs1709,XDCE,2005,1989,2005,26460,528595020,810860,814996,2085,1887,1986,1993,0,1990,0,0,0,2017-04-20,32517904,2004,44,0,0,0,0,0,0,0,0,2005,421,0,0,0,0,0,0,0,0
237,2017-04-20,09:01:58,408,cs1709,XDCE,2004,1989,2005,26518,529757580,810878,814996,2085,1887,1986,1993,0,1990,0,0,0,2017-04-20,32518408,2003,87,0,0,0,0,0,0,0,0,2004,2,0,0,0,0,0,0,0,0
238,2017-04-20,09:01:58,914,cs1709,XDCE,2003,1989,2005,26534,530078200,810876,814996,2085,1887,1986,1993,0,1990,0,0,0,2017-04-20,32518914,2003,86,0,0,0,0,0,0,0,0,2004,33,0,0,0,0,0,0,0,0
239,2017-04-20,09:01:59,401,cs1709,XDCE,2003,1989,2005,26642,532242500,810806,814996,2085,1887,1986,1993,0,1990,0,0,0,2017-04-20,32519401,2003,95,0,0,0,0,0,0,0,0,2004,185,0,0,0,0,0,0,0,0
240,2017-04-20,09:01:59,834,cs1709,XDCE,2004,1989,2005,26652,532442900,810806,814996,2085,1887,1986,1993,0,1990,0,0,0,2017-04-20,32519834,2003,92,0,0,0,0,0,0,0,0,2004,181,0,0,0,0,0,0,0,0
241,2017-04-20,09:02:00,403,cs1709,XDCE,2003,1989,2005,26724,533885620,810820,814996,2085,1887,1986,1993,0,1990,0,0,0,2017-04-20,32520403,2003,94,0,0,0,0,0,0,0,0,2004,158,0,0,0,0,0,0,0,0
242,2017-04-20,09:02:00,902,cs1709,XDCE,2005,1989,2005,27042,540258360,810768,814996,2085,1887,1986,1993,0,1990,0,0,0,2017-04-20,32520902,2004,774,0,0,0,0,0,0,0,0,2005,414,0,0,0,0,0,0,0,0
243,2017-04-20,09:02:01,383,cs1709,XDCE,2004,1989,2005,27268,544788620,810764,814996,2085,1887,1986,1993,0,1990,0,0,0,2017-04-20,32521383,2004,954,0,0,0,0,0,0,0,0,2005,345,0,0,0,0,0,0,0,0
244,2017-04-20,09:02:01,914,cs1709,XDCE,2004,1989,2005,27308,545590220,810736,814996,2085,1887,1986,1993,0,1990,0,0,0,2017-04-20,32521914,2004,936,0,0,0,0,0,0,0,0,2005,342,0,0,0,0,0,0,0,0
245,2017-04-20,09:02:02,399,cs1709,XDCE,2004,1989,2005,27450,548436380,810742,814996,2085,1887,1986,1993,0,1990,0,0,0,2017-04-20,32522399,2004,972,0,0,0,0,0,0,0,0,2005,319,0,0,0,0,0,0,0,0
246,2017-04-20,09:02:02,910,cs1709,XDCE,2004,1989,2005,27562,550681780,810812,814996,2085,1887,1986,1993,0,1990,0,0,0,2017-04-20,32522910,2004,963,0,0,0,0,0,0,0,0,2005,273,0,0,0,0,0,0,0,0
247,2017-04-20,09:02:03,415,cs1709,XDCE,2004,1989,2005,27596,551363300,810786,814996,2085,1887,1986,1993,0,1990,0,0,0,2017-04-20,32523415,2004,975,0,0,0,0,0,0,0,0,2005,337,0,0,0,0,0,0,0,0
248,2017-04-20,09:02:03,901,cs1709,XDCE,2004,1989,2005,27640,552245300,810762,814996,2085,1887,1986,1993,0,1990,0,0,0,2017-04-20,32523901,2004,966,0,0,0,0,0,0,0,0,2005,325,0,0,0,0,0,0,0,0
249,2017-04-20,09:02:04,414,cs1709,XDCE,2004,1989,2005,27712,553688660,810752,814996,2085,1887,1986,1993,0,1990,0,0,0,2017-04-20,32524414,2004,954,0,0,0,0,0,0,0,0,2005,312,0,0,0,0,0,0,0,0
250,2017-04-20,09:02:04,915,cs1709,XDCE,2004,1989,2005,27894,557337540,810874,814996,2085,1887,1986,1993,0,1990,0,0,0,2017-04-20,32524915,2004,948,0,0,0,0,0,0,0,0,2005,232,0,0,0,0,0,0,0,0
251,2017-04-20,09:02:05,415,cs1709,XDCE,2004,1989,2005,28000,559461880,810868,814996,2085,1887,1986,1993,0,1990,0,0,0,2017-04-20,32525415,2004,902,0,0,0,0,0,0,0,0,2005,333,0,0,0,0,0,0,0,0
252,2017-04-20,09:02:05,896,cs1709,XDCE,2005,1989,2005,28084,561145480,810836,814996,2085,1887,1986,1993,0,1990,0,0,0,2017-04-20,32525896,2004,871,0,0,0,0,0,0,0,0,2005,324,0,0,0,0,0,0,0,0
253,2017-04-20,09:02:06,414,cs1709,XDCE,2004,1989,2005,28206,563591320,810774,814996,2085,1887,1986,1993,0,1990,0,0,0,2017-04-20,32526414,2004,858,0,0,0,0,0,0,0,0,2005,282,0,0,0,0,0,0,0,0
254,2017-04-20,09:02:06,914,cs1709,XDCE,2004,1989,2005,28258,564633420,810728,814996,2085,1887,1986,1993,0,1990,0,0,0,2017-04-20,32526914,2004,836,0,0,0,0,0,0,0,0,2005,282,0,0,0,0,0,0,0,0
255,2017-04-20,09:02:07,412,cs1709,XDCE,2004,1989,2005,28356,566597740,810716,814996,2085,1887,1986,1993,0,1990,0,0,0,2017-04-20,32527412,2004,807,0,0,0,0,0,0,0,0,2005,266,0,0,0,0,0,0,0,0
256,2017-04-20,09:02:07,916,cs1709,XDCE,2005,1989,2005,28916,577825560,810880,814996,2085,1887,1986,1993,0,1990,0,0,0,2017-04-20,32527916,2005,23,0,0,0,0,0,0,0,0,2006,231,0,0,0,0,0,0,0,0
257,2017-04-20,09:02:08,387,cs1709,XDCE,2005,1989,2005,28932,578146360,810896,814996,2085,1887,1986,1993,0,1990,0,0,0,2017-04-20,32528387,2005,153,0,0,0,0,0,0,0,0,2006,213,0,0,0,0,0,0,0,0
258,2017-04-20,09:02:08,913,cs1709,XDCE,2006,1989,2006,29206,583642580,810910,814996,2085,1887,1986,1993,0,1990,0,0,0,2017-04-20,32528913,2005,199,0,0,0,0,0,0,0,0,2006,38,0,0,0,0,0,0,0,0
259,2017-04-20,09:02:09,382,cs1709,XDCE,2007,1989,2007,29512,589783060,810870,814996,2085,1887,1986,1993,0,1990,0,0,0,2017-04-20,32529382,2006,142,0,0,0,0,0,0,0,0,2007,18,0,0,0,0,0,0,0,0
260,2017-04-20,09:02:09,905,cs1709,XDCE,2007,1989,2008,29904,597652440,810918,814996,2085,1887,1986,1993,0,1990,0,0,0,2017-04-20,32529905,2007,23,0,0,0,0,0,0,0,0,2008,339,0,0,0,0,0,0,0,0
261,2017-04-20,09:02:10,357,cs1709,XDCE,2007,1989,2008,30346,606525400,811246,814996,2085,1887,1986,1993,0,1990,0,0,0,2017-04-20,32530357,2007,101,0,0,0,0,0,0,0,0,2008,164,0,0,0,0,0,0,0,0
262,2017-04-20,09:02:10,914,cs1709,XDCE,2008,1989,2008,30354,606686040,811248,814996,2085,1887,1986,1993,0,1990,0,0,0,2017-04-20,32530914,2007,102,0,0,0,0,0,0,0,0,2008,175,0,0,0,0,0,0,0,0
263,2017-04-20,09:02:11,409,cs1709,XDCE,2009,1989,2009,30780,615240720,811232,814996,2085,1887,1986,1993,0,1990,0,0,0,2017-04-20,32531409,2007,134,0,0,0,0,0,0,0,0,2009,104,0,0,0,0,0,0,0,0
264,2017-04-20,09:02:11,903,cs1709,XDCE,2010,1989,2010,30984,619339480,811180,814996,2085,1887,1986,1993,0,1990,0,0,0,2017-04-20,32531903,2009,27,0,0,0,0,0,0,0,0,2010,368,0,0,0,0,0,0,0,0
265,2017-04-20,09:02:12,403,cs1709,XDCE,2010,1989,2012,32328,646359880,810642,814996,2085,1887,1986,1993,0,1990,0,0,0,2017-04-20,32532403,2010,139,0,0,0,0,0,0,0,0,2011,41,0,0,0,0,0,0,0,0
266,2017-04-20,09:02:12,916,cs1709,XDCE,2010,1989,2012,32586,651547900,810646,814996,2085,1887,1986,1993,0,1990,0,0,0,2017-04-20,32532916,2010,213,0,0,0,0,0,0,0,0,2011,2,0,0,0,0,0,0,0,0
267,2017-04-20,09:02:13,415,cs1709,XDCE,2011,1989,2012,32828,656412280,810690,814996,2085,1887,1986,1993,0,1990,0,0,0,2017-04-20,32533415,2010,116,0,0,0,0,0,0,0,0,2011,26,0,0,0,0,0,0,0,0
268,2017-04-20,09:02:13,915,cs1709,XDCE,2010,1989,2012,33226,664413400,810856,814996,2085,1887,1986,1993,0,1990,0,0,0,2017-04-20,32533915,2009,189,0,0,0,0,0,0,0,0,2010,27,0,0,0,0,0,0,0,0
269,2017-04-20,09:02:14,409,cs1709,XDCE,2010,1989,2012,33318,666262520,810898,814996,2085,1887,1986,1993,0,1990,0,0,0,2017-04-20,32534409,2009,186,0,0,0,0,0,0,0,0,2010,5,0,0,0,0,0,0,0,0
270,2017-04-20,09:02:14,912,cs1709,XDCE,2011,1989,2012,33416,668232420,810904,814996,2085,1887,1986,1993,0,1990,0,0,0,2017-04-20,32534912,2010,1,0,0,0,0,0,0,0,0,2011,244,0,0,0,0,0,0,0,0
271,2017-04-20,09:02:15,414,cs1709,XDCE,2011,1989,2012,33558,671087520,810942,814996,2085,1887,1986,1993,0,1990,0,0,0,2017-04-20,32535414,2010,25,0,0,0,0,0,0,0,0,2011,239,0,0,0,0,0,0,0,0
272,2017-04-20,09:02:15,913,cs1709,XDCE,2011,1989,2012,33756,675067100,810964,814996,2085,1887,1986,1993,0,1990,0,0,0,2017-04-20,32535913,2010,12,0,0,0,0,0,0,0,0,2011,230,0,0,0,0,0,0,0,0
273,2017-04-20,09:02:16,416,cs1709,XDCE,2011,1989,2012,33968,679329720,811038,814996,2085,1887,1986,1993,0,1990,0,0,0,2017-04-20,32536416,2010,18,0,0,0,0,0,0,0,0,2011,159,0,0,0,0,0,0,0,0
274,2017-04-20,09:02:16,907,cs1709,XDCE,2011,1989,2012,33990,679772020,811046,814996,2085,1887,1986,1993,0,1990,0,0,0,2017-04-20,32536907,2010,44,0,0,0,0,0,0,0,0,2011,166,0,0,0,0,0,0,0,0
275,2017-04-20,09:02:17,384,cs1709,XDCE,2010,1989,2012,34184,683671520,810976,814996,2085,1887,1986,1993,0,1990,0,0,0,2017-04-20,32537384,2009,125,0,0,0,0,0,0,0,0,2010,7,0,0,0,0,0,0,0,0
276,2017-04-20,09:02:17,914,cs1709,XDCE,2010,1989,2012,34286,685721500,810996,814996,2085,1887,1986,1993,0,1990,0,0,0,2017-04-20,32537914,2009,114,0,0,0,0,0,0,0,0,2010,74,0,0,0,0,0,0,0,0
277,2017-04-20,09:02:18,411,cs1709,XDCE,2010,1989,2012,34294,685882300,811000,814996,2085,1887,1986,1993,0,1990,0,0,0,2017-04-20,32538411,2009,124,0,0,0,0,0,0,0,0,2010,100,0,0,0,0,0,0,0,0
278,2017-04-20,09:02:18,889,cs1709,XDCE,2009,1989,2012,34846,696972400,810828,814996,2085,1887,1986,1993,0,1990,0,0,0,2017-04-20,32538889,2008,65,0,0,0,0,0,0,0,0,2009,363,0,0,0,0,0,0,0,0
279,2017-04-20,09:02:19,415,cs1709,XDCE,2006,1989,2012,35164,703355360,810852,814996,2085,1887,1986,1993,0,1990,0,0,0,2017-04-20,32539415,2006,73,0,0,0,0,0,0,0,0,2007,261,0,0,0,0,0,0,0,0
280,2017-04-20,09:02:19,915,cs1709,XDCE,2004,1989,2012,35746,715027880,810690,814996,2085,1887,1986,1993,0,1990,0,0,0,2017-04-20,32539915,2004,879,0,0,0,0,0,0,0,0,2005,61,0,0,0,0,0,0,0,0
281,2017-04-20,09:02:20,395,cs1709,XDCE,2006,1989,2012,35998,720080620,810594,814996,2085,1887,1986,1993,0,1990,0,0,0,2017-04-20,32540395,2005,105,0,0,0,0,0,0,0,0,2006,65,0,0,0,0,0,0,0,0
282,2017-04-20,09:02:20,843,cs1709,XDCE,2007,1989,2012,36162,723370840,810612,814996,2085,1887,1986,1993,0,1990,0,0,0,2017-04-20,32540843,2006,134,0,0,0,0,0,0,0,0,2007,30,0,0,0,0,0,0,0,0
283,2017-04-20,09:02:21,416,cs1709,XDCE,2008,1989,2012,36266,725458520,810622,814996,2085,1887,1986,1993,0,1990,0,0,0,2017-04-20,32541416,2007,64,0,0,0,0,0,0,0,0,2008,96,0,0,0,0,0,0,0,0
284,2017-04-20,09:02:21,880,cs1709,XDCE,2008,1989,2012,36338,726904280,810688,814996,2085,1887,1986,1993,0,1990,0,0,0,2017-04-20,32541880,2007,110,0,0,0,0,0,0,0,0,2008,44,0,0,0,0,0,0,0,0
285,2017-04-20,09:02:22,401,cs1709,XDCE,2007,1989,2012,36344,727024720,810692,814996,2085,1887,1986,1993,0,1990,0,0,0,2017-04-20,32542401,2007,118,0,0,0,0,0,0,0,0,2008,46,0,0,0,0,0,0,0,0
286,2017-04-20,09:02:22,904,cs1709,XDCE,2007,1989,2012,36352,727185300,810692,814996,2085,1887,1986,1993,0,1990,0,0,0,2017-04-20,32542904,2007,115,0,0,0,0,0,0,0,0,2008,45,0,0,0,0,0,0,0,0
287,2017-04-20,09:02:23,397,cs1709,XDCE,2007,1989,2012,36356,727265580,810692,814996,2085,1887,1986,1993,0,1990,0,0,0,2017-04-20,32543397,2007,105,0,0,0,0,0,0,0,0,2008,58,0,0,0,0,0,0,0,0
288,2017-04-20,09:02:23,909,cs1709,XDCE,2007,1989,2012,36364,727426160,810694,814996,2085,1887,1986,1993,0,1990,0,0,0,2017-04-20,32543909,2007,98,0,0,0,0,0,0,0,0,2008,70,0,0,0,0,0,0,0,0
289,2017-04-20,09:02:24,399,cs1709,XDCE,2007,1989,2012,36372,727586740,810690,814996,2085,1887,1986,1993,0,1990,0,0,0,2017-04-20,32544399,2007,99,0,0,0,0,0,0,0,0,2008,70,0,0,0,0,0,0,0,0
290,2017-04-20,09:02:24,874,cs1709,XDCE,2007,1989,2012,36378,727707160,810688,814996,2085,1887,1986,1993,0,1990,0,0,0,2017-04-20,32544874,2007,97,0,0,0,0,0,0,0,0,2008,76,0,0,0,0,0,0,0,0
291,2017-04-20,09:02:25,404,cs1709,XDCE,2008,1989,2012,36420,728550520,810692,814996,2085,1887,1986,1993,0,1990,0,0,0,2017-04-20,32545404,2007,117,0,0,0,0,0,0,0,0,2008,76,0,0,0,0,0,0,0,0
292,2017-04-20,09:02:25,907,cs1709,XDCE,2007,1989,2012,36626,732685000,810554,814996,2085,1887,1986,1993,0,1990,0,0,0,2017-04-20,32545907,2006,314,0,0,0,0,0,0,0,0,2008,96,0,0,0,0,0,0,0,0
293,2017-04-20,09:02:26,413,cs1709,XDCE,2007,1989,2012,36626,732685000,810554,814996,2085,1887,1986,1993,0,1990,0,0,0,2017-04-20,32546413,2006,305,0,0,0,0,0,0,0,0,2007,58,0,0,0,0,0,0,0,0
294,2017-04-20,09:02:26,870,cs1709,XDCE,2007,1989,2012,36640,732965960,810564,814996,2085,1887,1986,1993,0,1990,0,0,0,2017-04-20,32546870,2006,311,0,0,0,0,0,0,0,0,2007,62,0,0,0,0,0,0,0,0
295,2017-04-20,09:02:27,403,cs1709,XDCE,2006,1989,2012,36744,735052220,810564,814996,2085,1887,1986,1993,0,1990,0,0,0,2017-04-20,32547403,2006,305,0,0,0,0,0,0,0,0,2007,74,0,0,0,0,0,0,0,0
296,2017-04-20,09:02:27,914,cs1709,XDCE,2006,1989,2012,36744,735052220,810564,814996,2085,1887,1986,1993,0,1990,0,0,0,2017-04-20,32547914,2006,305,0,0,0,0,0,0,0,0,2007,75,0,0,0,0,0,0,0,0
297,2017-04-20,09:02:28,414,cs1709,XDCE,2007,1989,2012,36772,735614100,810576,814996,2085,1887,1986,1993,0,1990,0,0,0,2017-04-20,32548414,2006,281,0,0,0,0,0,0,0,0,2007,76,0,0,0,0,0,0,0,0
298,2017-04-20,09:02:28,899,cs1709,XDCE,2006,1989,2012,37120,742594980,810400,814996,2085,1887,1986,1993,0,1990,0,0,0,2017-04-20,32548899,2005,170,0,0,0,0,0,0,0,0,2007,77,0,0,0,0,0,0,0,0
299,2017-04-20,09:02:29,410,cs1709,XDCE,2006,1989,2012,37124,742675220,810398,814996,2085,1887,1986,1993,0,1990,0,0,0,2017-04-20,32549410,2005,181,0,0,0,0,0,0,0,0,2006,16,0,0,0,0,0,0,0,0
300,2017-04-20,09:02:29,906,cs1709,XDCE,2007,1989,2012,37198,744159920,810420,814996,2085,1887,1986,1993,0,1990,0,0,0,2017-04-20,32549906,2005,189,0,0,0,0,0,0,0,0,2007,88,0,0,0,0,0,0,0,0
301,2017-04-20,09:02:30,411,cs1709,XDCE,2006,1989,2012,37208,744360600,810412,814996,2085,1887,1986,1993,0,1990,0,0,0,2017-04-20,32550411,2006,8,0,0,0,0,0,0,0,0,2007,100,0,0,0,0,0,0,0,0
302,2017-04-20,09:02:30,893,cs1709,XDCE,2005,1989,2012,37780,755829540,810782,814996,2085,1887,1986,1993,0,1990,0,0,0,2017-04-20,32550893,2005,240,0,0,0,0,0,0,0,0,2006,25,0,0,0,0,0,0,0,0
303,2017-04-20,09:02:31,415,cs1709,XDCE,2006,1989,2012,38440,769064640,810928,814996,2085,1887,1986,1993,0,1990,0,0,0,2017-04-20,32551415,2005,80,0,0,0,0,0,0,0,0,2006,62,0,0,0,0,0,0,0,0
304,2017-04-20,09:02:31,914,cs1709,XDCE,2006,1989,2012,38548,771231120,810992,814996,2085,1887,1986,1993,0,1990,0,0,0,2017-04-20,32551914,2005,89,0,0,0,0,0,0,0,0,2007,134,0,0,0,0,0,0,0,0
305,2017-04-20,09:02:32,396,cs1709,XDCE,2006,1989,2012,38558,771431720,810992,814996,2085,1887,1986,1993,0,1990,0,0,0,2017-04-20,32552396,2005,88,0,0,0,0,0,0,0,0,2006,87,0,0,0,0,0,0,0,0
306,2017-04-20,09:02:32,915,cs1709,XDCE,2006,1989,2012,38666,773597200,810980,814996,2085,1887,1986,1993,0,1990,0,0,0,2017-04-20,32552915,2005,160,0,0,0,0,0,0,0,0,2006,83,0,0,0,0,0,0,0,0
307,2017-04-20,09:02:33,389,cs1709,XDCE,2005,1989,2012,38800,776283900,811060,814996,2085,1887,1986,1993,0,1990,0,0,0,2017-04-20,32553389,2005,129,0,0,0,0,0,0,0,0,2006,86,0,0,0,0,0,0,0,0
308,2017-04-20,09:02:33,904,cs1709,XDCE,2006,1989,2012,38840,777086300,811060,814996,2085,1887,1986,1993,0,1990,0,0,0,2017-04-20,32553904,2005,101,0,0,0,0,0,0,0,0,2006,96,0,0,0,0,0,0,0,0
309,2017-04-20,09:02:34,385,cs1709,XDCE,2006,1989,2012,38932,778931320,811102,814996,2085,1887,1986,1993,0,1990,0,0,0,2017-04-20,32554385,2005,76,0,0,0,0,0,0,0,0,2006,96,0,0,0,0,0,0,0,0
310,2017-04-20,09:02:34,908,cs1709,XDCE,2005,1989,2012,39086,782019020,811092,814996,2085,1887,1986,1993,0,1990,0,0,0,2017-04-20,32554908,2004,816,0,0,0,0,0,0,0,0,2005,111,0,0,0,0,0,0,0,0
311,2017-04-20,09:02:35,405,cs1709,XDCE,2005,1989,2012,39126,782821020,811056,814996,2085,1887,1986,1993,0,1990,0,0,0,2017-04-20,32555405,2004,810,0,0,0,0,0,0,0,0,2005,60,0,0,0,0,0,0,0,0
312,2017-04-20,09:02:35,888,cs1709,XDCE,2005,1989,2012,39252,785347360,811154,814996,2085,1887,1986,1993,0,1990,0,0,0,2017-04-20,32555888,2005,61,0,0,0,0,0,0,0,0,2006,81,0,0,0,0,0,0,0,0
313,2017-04-20,09:02:36,394,cs1709,XDCE,2005,1989,2012,39274,785788460,811176,814996,2085,1887,1986,1993,0,1990,0,0,0,2017-04-20,32556394,2005,53,0,0,0,0,0,0,0,0,2006,81,0,0,0,0,0,0,0,0
314,2017-04-20,09:02:36,913,cs1709,XDCE,2005,1989,2012,39354,787392460,811190,814996,2085,1887,1986,1993,0,1990,0,0,0,2017-04-20,32556913,2005,8,0,0,0,0,0,0,0,0,2006,113,0,0,0,0,0,0,0,0
315,2017-04-20,09:02:37,400,cs1709,XDCE,2006,1989,2012,39398,788274720,811160,814996,2085,1887,1986,1993,0,1990,0,0,0,2017-04-20,32557400,2004,772,0,0,0,0,0,0,0,0,2005,35,0,0,0,0,0,0,0,0
316,2017-04-20,09:02:37,902,cs1709,XDCE,2005,1989,2012,39418,788675840,811148,814996,2085,1887,1986,1993,0,1990,0,0,0,2017-04-20,32557902,2005,28,0,0,0,0,0,0,0,0,2006,115,0,0,0,0,0,0,0,0
317,2017-04-20,09:02:38,399,cs1709,XDCE,2006,1989,2012,39432,788956580,811156,814996,2085,1887,1986,1993,0,1990,0,0,0,2017-04-20,32558399,2005,22,0,0,0,0,0,0,0,0,2006,133,0,0,0,0,0,0,0,0
318,2017-04-20,09:02:38,916,cs1709,XDCE,2005,1989,2012,39478,789878880,811152,814996,2085,1887,1986,1993,0,1990,0,0,0,2017-04-20,32558916,2005,2,0,0,0,0,0,0,0,0,2006,124,0,0,0,0,0,0,0,0
319,2017-04-20,09:02:39,414,cs1709,XDCE,2006,1989,2012,39488,790079480,811162,814996,2085,1887,1986,1993,0,1990,0,0,0,2017-04-20,32559414,2005,4,0,0,0,0,0,0,0,0,2006,129,0,0,0,0,0,0,0,0
320,2017-04-20,09:02:39,857,cs1709,XDCE,2005,1989,2012,39500,790320100,811158,814996,2085,1887,1986,1993,0,1990,0,0,0,2017-04-20,32559857,2005,2,0,0,0,0,0,0,0,0,2006,118,0,0,0,0,0,0,0,0
321,2017-04-20,09:02:40,333,cs1709,XDCE,2006,1989,2012,39522,790761420,811158,814996,2085,1887,1986,1993,0,1990,0,0,0,2017-04-20,32560333,2005,5,0,0,0,0,0,0,0,0,2006,117,0,0,0,0,0,0,0,0
322,2017-04-20,09:02:40,846,cs1709,XDCE,2006,1989,2012,39524,790801540,811158,814996,2085,1887,1986,1993,0,1990,0,0,0,2017-04-20,32560846,2005,27,0,0,0,0,0,0,0,0,2006,116,0,0,0,0,0,0,0,0
323,2017-04-20,09:02:41,391,cs1709,XDCE,2005,1989,2012,39626,792846660,811126,814996,2085,1887,1986,1993,0,1990,0,0,0,2017-04-20,32561391,2005,12,0,0,0,0,0,0,0,0,2006,116,0,0,0,0,0,0,0,0
324,2017-04-20,09:02:41,910,cs1709,XDCE,2005,1989,2012,39672,793769040,811126,814996,2085,1887,1986,1993,0,1990,0,0,0,2017-04-20,32561910,2004,796,0,0,0,0,0,0,0,0,2005,6,0,0,0,0,0,0,0,0
325,2017-04-20,09:02:42,397,cs1709,XDCE,2005,1989,2012,39718,794691500,811124,814996,2085,1887,1986,1993,0,1990,0,0,0,2017-04-20,32562397,2005,5,0,0,0,0,0,0,0,0,2006,160,0,0,0,0,0,0,0,0
326,2017-04-20,09:02:42,909,cs1709,XDCE,2005,1989,2012,39736,795052400,811112,814996,2085,1887,1986,1993,0,1990,0,0,0,2017-04-20,32562909,2004,910,0,0,0,0,0,0,0,0,2005,99,0,0,0,0,0,0,0,0
327,2017-04-20,09:02:43,376,cs1709,XDCE,2005,1989,2012,39740,795132600,811112,814996,2085,1887,1986,1993,0,1990,0,0,0,2017-04-20,32563376,2004,930,0,0,0,0,0,0,0,0,2005,123,0,0,0,0,0,0,0,0
328,2017-04-20,09:02:43,907,cs1709,XDCE,2005,1989,2012,39822,796775900,811112,814996,2085,1887,1986,1993,0,1990,0,0,0,2017-04-20,32563907,2004,893,0,0,0,0,0,0,0,0,2005,143,0,0,0,0,0,0,0,0
329,2017-04-20,09:02:44,415,cs1709,XDCE,2005,1989,2012,39928,798901160,811108,814996,2085,1887,1986,1993,0,1990,0,0,0,2017-04-20,32564415,2004,891,0,0,0,0,0,0,0,0,2005,92,0,0,0,0,0,0,0,0
330,2017-04-20,09:02:44,898,cs1709,XDCE,2005,1989,2012,40110,802550260,810930,814996,2085,1887,1986,1993,0,1990,0,0,0,2017-04-20,32564898,2004,891,0,0,0,0,0,0,0,0,2006,354,0,0,0,0,0,0,0,0
331,2017-04-20,09:02:45,393,cs1709,XDCE,2005,1989,2012,40120,802750800,810922,814996,2085,1887,1986,1993,0,1990,0,0,0,2017-04-20,32565393,2005,78,0,0,0,0,0,0,0,0,2006,347,0,0,0,0,0,0,0,0
332,2017-04-20,09:02:45,884,cs1709,XDCE,2006,1989,2012,40122,802790920,810922,814996,2085,1887,1986,1993,0,1990,0,0,0,2017-04-20,32565884,2005,79,0,0,0,0,0,0,0,0,2006,356,0,0,0,0,0,0,0,0
333,2017-04-20,09:02:46,377,cs1709,XDCE,2006,1989,2012,40122,802790920,810922,814996,2085,1887,1986,1993,0,1990,0,0,0,2017-04-20,32566377,2005,96,0,0,0,0,0,0,0,0,2006,357,0,0,0,0,0,0,0,0
334,2017-04-20,09:02:46,904,cs1709,XDCE,2005,1989,2012,40136,803071740,810912,814996,2085,1887,1986,1993,0,1990,0,0,0,2017-04-20,32566904,2005,96,0,0,0,0,0,0,0,0,2006,351,0,0,0,0,0,0,0,0
335,2017-04-20,09:02:47,383,cs1709,XDCE,2005,1989,2012,40140,803151940,810912,814996,2085,1887,1986,1993,0,1990,0,0,0,2017-04-20,32567383,2005,96,0,0,0,0,0,0,0,0,2006,351,0,0,0,0,0,0,0,0
336,2017-04-20,09:02:47,885,cs1709,XDCE,2005,1989,2012,40158,803512840,810914,814996,2085,1887,1986,1993,0,1990,0,0,0,2017-04-20,32567885,2005,87,0,0,0,0,0,0,0,0,2006,352,0,0,0,0,0,0,0,0
337,2017-04-20,09:02:48,393,cs1709,XDCE,2005,1989,2012,40332,807001560,810868,814996,2085,1887,1986,1993,0,1990,0,0,0,2017-04-20,32568393,2004,906,0,0,0,0,0,0,0,0,2005,18,0,0,0,0,0,0,0,0
338,2017-04-20,09:02:48,870,cs1709,XDCE,2005,1989,2012,40368,807723360,810834,814996,2085,1887,1986,1993,0,1990,0,0,0,2017-04-20,32568870,2005,2,0,0,0,0,0,0,0,0,2006,354,0,0,0,0,0,0,0,0
339,2017-04-20,09:02:49,377,cs1709,XDCE,2005,1989,2012,40442,809207060,810836,814996,2085,1887,1986,1993,0,1990,0,0,0,2017-04-20,32569377,2004,908,0,0,0,0,0,0,0,0,2006,354,0,0,0,0,0,0,0,0
340,2017-04-20,09:02:49,849,cs1709,XDCE,2006,1989,2012,40524,810851980,810760,814996,2085,1887,1986,1993,0,1990,0,0,0,2017-04-20,32569849,2005,1,0,0,0,0,0,0,0,0,2006,313,0,0,0,0,0,0,0,0
341,2017-04-20,09:02:50,352,cs1709,XDCE,2006,1989,2012,40550,811373540,810744,814996,2085,1887,1986,1993,0,1990,0,0,0,2017-04-20,32570352,2005,3,0,0,0,0,0,0,0,0,2006,300,0,0,0,0,0,0,0,0
342,2017-04-20,09:02:50,889,cs1709,XDCE,2006,1989,2012,40562,811614260,810732,814996,2085,1887,1986,1993,0,1990,0,0,0,2017-04-20,32570889,2005,3,0,0,0,0,0,0,0,0,2006,294,0,0,0,0,0,0,0,0
343,2017-04-20,09:02:51,398,cs1709,XDCE,2006,1989,2012,40880,817993340,810568,814996,2085,1887,1986,1993,0,1990,0,0,0,2017-04-20,32571398,2005,34,0,0,0,0,0,0,0,0,2006,147,0,0,0,0,0,0,0,0
344,2017-04-20,09:02:51,891,cs1709,XDCE,2006,1989,2012,40888,818153760,810574,814996,2085,1887,1986,1993,0,1990,0,0,0,2017-04-20,32571891,2005,37,0,0,0,0,0,0,0,0,2006,146,0,0,0,0,0,0,0,0
345,2017-04-20,09:02:52,357,cs1709,XDCE,2005,1989,2012,40968,819757760,810592,814996,2085,1887,1986,1993,0,1990,0,0,0,2017-04-20,32572357,2004,900,0,0,0,0,0,0,0,0,2005,85,0,0,0,0,0,0,0,0
346,2017-04-20,09:02:52,888,cs1709,XDCE,2005,1989,2012,41138,823166260,810634,814996,2085,1887,1986,1993,0,1990,0,0,0,2017-04-20,32572888,2005,27,0,0,0,0,0,0,0,0,2006,265,0,0,0,0,0,0,0,0
347,2017-04-20,09:02:53,362,cs1709,XDCE,2005,1989,2012,41214,824690220,810620,814996,2085,1887,1986,1993,0,1990,0,0,0,2017-04-20,32573362,2005,27,0,0,0,0,0,0,0,0,2006,246,0,0,0,0,0,0,0,0
348,2017-04-20,09:02:53,905,cs1709,XDCE,2006,1989,2012,41222,824850640,810622,814996,2085,1887,1986,1993,0,1990,0,0,0,2017-04-20,32573905,2004,932,0,0,0,0,0,0,0,0,2006,251,0,0,0,0,0,0,0,0
349,2017-04-20,09:02:54,358,cs1709,XDCE,2005,1989,2012,41236,825131400,810628,814996,2085,1887,1986,1993,0,1990,0,0,0,2017-04-20,32574358,2004,933,0,0,0,0,0,0,0,0,2005,32,0,0,0,0,0,0,0,0
350,2017-04-20,09:02:54,867,cs1709,XDCE,2005,1989,2012,41250,825412080,810634,814996,2085,1887,1986,1993,0,1990,0,0,0,2017-04-20,32574867,2004,932,0,0,0,0,0,0,0,0,2005,27,0,0,0,0,0,0,0,0
351,2017-04-20,09:02:55,408,cs1709,XDCE,2005,1989,2012,41290,826214080,810670,814996,2085,1887,1986,1993,0,1990,0,0,0,2017-04-20,32575408,2004,930,0,0,0,0,0,0,0,0,2005,7,0,0,0,0,0,0,0,0
352,2017-04-20,09:02:55,910,cs1709,XDCE,2006,1989,2012,41310,826615100,810666,814996,2085,1887,1986,1993,0,1990,0,0,0,2017-04-20,32575910,2005,2,0,0,0,0,0,0,0,0,2006,241,0,0,0,0,0,0,0,0
353,2017-04-20,09:02:56,378,cs1709,XDCE,2006,1989,2012,41310,826615100,810666,814996,2085,1887,1986,1993,0,1990,0,0,0,2017-04-20,32576378,2005,3,0,0,0,0,0,0,0,0,2006,252,0,0,0,0,0,0,0,0
354,2017-04-20,09:02:56,826,cs1709,XDCE,2005,1989,2012,41312,826655200,810666,814996,2085,1887,1986,1993,0,1990,0,0,0,2017-04-20,32576826,2005,3,0,0,0,0,0,0,0,0,2006,256,0,0,0,0,0,0,0,0
355,2017-04-20,09:02:57,415,cs1709,XDCE,2005,1989,2012,41322,826855760,810664,814996,2085,1887,1986,1993,0,1990,0,0,0,2017-04-20,32577415,2005,19,0,0,0,0,0,0,0,0,2006,254,0,0,0,0,0,0,0,0
356,2017-04-20,09:02:58,408,cs1709,XDCE,2006,1989,2012,41346,827337140,810656,814996,2085,1887,1986,1993,0,1990,0,0,0,2017-04-20,32578408,2005,17,0,0,0,0,0,0,0,0,2006,265,0,0,0,0,0,0,0,0
357,2017-04-20,09:02:58,905,cs1709,XDCE,2006,1989,2012,41368,827778440,810638,814996,2085,1887,1986,1993,0,1990,0,0,0,2017-04-20,32578905,2005,18,0,0,0,0,0,0,0,0,2006,251,0,0,0,0,0,0,0,0
358,2017-04-20,09:02:59,390,cs1709,XDCE,2005,1989,2012,41372,827858660,810640,814996,2085,1887,1986,1993,0,1990,0,0,0,2017-04-20,32579390,2005,119,0,0,0,0,0,0,0,0,2006,258,0,0,0,0,0,0,0,0
359,2017-04-20,09:02:59,912,cs1709,XDCE,2005,1989,2012,41618,832791020,810852,814996,2085,1887,1986,1993,0,1990,0,0,0,2017-04-20,32579912,2004,917,0,0,0,0,0,0,0,0,2005,85,0,0,0,0,0,0,0,0
360,2017-04-20,09:03:00,410,cs1709,XDCE,2005,1989,2012,41654,833512820,810884,814996,2085,1887,1986,1993,0,1990,0,0,0,2017-04-20,32580410,2004,917,0,0,0,0,0,0,0,0,2005,78,0,0,0,0,0,0,0,0
361,2017-04-20,09:03:00,914,cs1709,XDCE,2005,1989,2012,41706,834555420,810936,814996,2085,1887,1986,1993,0,1990,0,0,0,2017-04-20,32580914,2004,917,0,0,0,0,0,0,0,0,2005,63,0,0,0,0,0,0,0,0
362,2017-04-20,09:03:01,412,cs1709,XDCE,2005,1989,2012,41836,837161920,810938,814996,2085,1887,1986,1993,0,1990,0,0,0,2017-04-20,32581412,2005,22,0,0,0,0,0,0,0,0,2006,178,0,0,0,0,0,0,0,0
363,2017-04-20,09:03:01,910,cs1709,XDCE,2006,1989,2012,41866,837763560,810934,814996,2085,1887,1986,1993,0,1990,0,0,0,2017-04-20,32581910,2005,142,0,0,0,0,0,0,0,0,2006,149,0,0,0,0,0,0,0,0
364,2017-04-20,09:03:02,405,cs1709,XDCE,2006,1989,2012,41872,837883920,810928,814996,2085,1887,1986,1993,0,1990,0,0,0,2017-04-20,32582405,2005,208,0,0,0,0,0,0,0,0,2006,146,0,0,0,0,0,0,0,0
365,2017-04-20,09:03:02,845,cs1709,XDCE,2005,1989,2012,41974,839929040,810902,814996,2085,1887,1986,1993,0,1990,0,0,0,2017-04-20,32582845,2005,186,0,0,0,0,0,0,0,0,2006,145,0,0,0,0,0,0,0,0
366,2017-04-20,09:03:03,313,cs1709,XDCE,2005,1989,2012,41974,839929040,810902,814996,2085,1887,1986,1993,0,1990,0,0,0,2017-04-20,32583313,2005,209,0,0,0,0,0,0,0,0,2006,145,0,0,0,0,0,0,0,0
367,2017-04-20,09:03:03,911,cs1709,XDCE,2006,1989,2012,41978,840009280,810898,814996,2085,1887,1986,1993,0,1990,0,0,0,2017-04-20,32583911,2005,230,0,0,0,0,0,0,0,0,2006,136,0,0,0,0,0,0,0,0
368,2017-04-20,09:03:04,400,cs1709,XDCE,2006,1989,2012,41978,840009280,810898,814996,2085,1887,1986,1993,0,1990,0,0,0,2017-04-20,32584400,2005,231,0,0,0,0,0,0,0,0,2006,136,0,0,0,0,0,0,0,0
369,2017-04-20,09:03:04,880,cs1709,XDCE,2006,1989,2012,42002,840490600,810898,814996,2085,1887,1986,1993,0,1990,0,0,0,2017-04-20,32584880,2005,229,0,0,0,0,0,0,0,0,2006,132,0,0,0,0,0,0,0,0
370,2017-04-20,09:03:05,391,cs1709,XDCE,2005,1989,2012,42004,840530700,810898,814996,2085,1887,1986,1993,0,1990,0,0,0,2017-04-20,32585391,2005,210,0,0,0,0,0,0,0,0,2006,132,0,0,0,0,0,0,0,0
371,2017-04-20,09:03:05,889,cs1709,XDCE,2006,1989,2012,42106,842576820,810898,814996,2085,1887,1986,1993,0,1990,0,0,0,2017-04-20,32585889,2005,213,0,0,0,0,0,0,0,0,2006,82,0,0,0,0,0,0,0,0
372,2017-04-20,09:03:06,289,cs1709,XDCE,2006,1989,2012,42110,842657060,810894,814996,2085,1887,1986,1993,0,1990,0,0,0,2017-04-20,32586289,2005,213,0,0,0,0,0,0,0,0,2006,96,0,0,0,0,0,0,0,0
373,2017-04-20,09:03:06,818,cs1709,XDCE,2006,1989,2012,42140,843258820,810914,814996,2085,1887,1986,1993,0,1990,0,0,0,2017-04-20,32586818,2005,202,0,0,0,0,0,0,0,0,2006,83,0,0,0,0,0,0,0,0
374,2017-04-20,09:03:07,372,cs1709,XDCE,2006,1989,2012,42242,845304940,810946,814996,2085,1887,1986,1993,0,1990,0,0,0,2017-04-20,32587372,2005,205,0,0,0,0,0,0,0,0,2006,32,0,0,0,0,0,0,0,0
375,2017-04-20,09:03:07,891,cs1709,XDCE,2006,1989,2012,42256,845585780,810944,814996,2085,1887,1986,1993,0,1990,0,0,0,2017-04-20,32587891,2005,199,0,0,0,0,0,0,0,0,2006,26,0,0,0,0,0,0,0,0
376,2017-04-20,09:03:08,405,cs1709,XDCE,2007,1989,2012,42312,846709160,810926,814996,2085,1887,1986,1993,0,1990,0,0,0,2017-04-20,32588405,2006,78,0,0,0,0,0,0,0,0,2007,124,0,0,0,0,0,0,0,0
377,2017-04-20,09:03:08,887,cs1709,XDCE,2003,1989,2012,45694,914489560,809208,814996,2085,1887,1986,1993,0,1990,0,0,0,2017-04-20,32588887,2002,60,0,0,0,0,0,0,0,0,2003,8,0,0,0,0,0,0,0,0
378,2017-04-20,09:03:09,413,cs1709,XDCE,2004,1989,2012,46058,921781860,809212,814996,2085,1887,1986,1993,0,1990,0,0,0,2017-04-20,32589413,2003,38,0,0,0,0,0,0,0,0,2004,10,0,0,0,0,0,0,0,0
379,2017-04-20,09:03:09,871,cs1709,XDCE,2004,1989,2012,46100,922623340,809196,814996,2085,1887,1986,1993,0,1990,0,0,0,2017-04-20,32589871,2003,51,0,0,0,0,0,0,0,0,2004,51,0,0,0,0,0,0,0,0
380,2017-04-20,09:03:10,352,cs1709,XDCE,2003,1989,2012,46148,923585080,809190,814996,2085,1887,1986,1993,0,1990,0,0,0,2017-04-20,32590352,2003,71,0,0,0,0,0,0,0,0,2004,40,0,0,0,0,0,0,0,0
381,2017-04-20,09:03:10,803,cs1709,XDCE,2003,1989,2012,46148,923585080,809190,814996,2085,1887,1986,1993,0,1990,0,0,0,2017-04-20,32590803,2003,77,0,0,0,0,0,0,0,0,2004,40,0,0,0,0,0,0,0,0
382,2017-04-20,09:03:11,404,cs1709,XDCE,2004,1989,2012,46164,923905720,809204,814996,2085,1887,1986,1993,0,1990,0,0,0,2017-04-20,32591404,2003,77,0,0,0,0,0,0,0,0,2004,42,0,0,0,0,0,0,0,0
383,2017-04-20,09:03:11,860,cs1709,XDCE,2004,1989,2012,46170,924025940,809202,814996,2085,1887,1986,1993,0,1990,0,0,0,2017-04-20,32591860,2003,77,0,0,0,0,0,0,0,0,2004,41,0,0,0,0,0,0,0,0
384,2017-04-20,09:03:12,414,cs1709,XDCE,2004,1989,2012,46172,924066020,809204,814996,2085,1887,1986,1993,0,1990,0,0,0,2017-04-20,32592414,2003,77,0,0,0,0,0,0,0,0,2004,40,0,0,0,0,0,0,0,0
385,2017-04-20,09:03:12,892,cs1709,XDCE,2004,1989,2012,46182,924266420,809212,814996,2085,1887,1986,1993,0,1990,0,0,0,2017-04-20,32592892,2003,81,0,0,0,0,0,0,0,0,2004,35,0,0,0,0,0,0,0,0
386,2017-04-20,09:03:13,404,cs1709,XDCE,2004,1989,2012,46184,924306500,809214,814996,2085,1887,1986,1993,0,1990,0,0,0,2017-04-20,32593404,2003,87,0,0,0,0,0,0,0,0,2004,34,0,0,0,0,0,0,0,0
387,2017-04-20,09:03:13,901,cs1709,XDCE,2003,1989,2012,46190,924426700,809218,814996,2085,1887,1986,1993,0,1990,0,0,0,2017-04-20,32593901,2003,86,0,0,0,0,0,0,0,0,2004,34,0,0,0,0,0,0,0,0
388,2017-04-20,09:03:14,403,cs1709,XDCE,2003,1989,2012,46212,924867380,809220,814996,2085,1887,1986,1993,0,1990,0,0,0,2017-04-20,32594403,2003,80,0,0,0,0,0,0,0,0,2004,33,0,0,0,0,0,0,0,0
389,2017-04-20,09:03:14,855,cs1709,XDCE,2003,1989,2012,46216,924947500,809220,814996,2085,1887,1986,1993,0,1990,0,0,0,2017-04-20,32594855,2003,80,0,0,0,0,0,0,0,0,2004,33,0,0,0,0,0,0,0,0
390,2017-04-20,09:03:15,404,cs1709,XDCE,2004,1989,2012,46278,926189560,809248,814996,2085,1887,1986,1993,0,1990,0,0,0,2017-04-20,32595404,2003,61,0,0,0,0,0,0,0,0,2004,28,0,0,0,0,0,0,0,0
391,2017-04-20,09:03:15,915,cs1709,XDCE,2004,1989,2012,46294,926510200,809260,814996,2085,1887,1986,1993,0,1990,0,0,0,2017-04-20,32595915,2003,85,0,0,0,0,0,0,0,0,2004,21,0,0,0,0,0,0,0,0
392,2017-04-20,09:03:16,389,cs1709,XDCE,2004,1989,2012,46332,927271720,809250,814996,2085,1887,1986,1993,0,1990,0,0,0,2017-04-20,32596389,2003,98,0,0,0,0,0,0,0,0,2004,2,0,0,0,0,0,0,0,0
393,2017-04-20,09:03:16,895,cs1709,XDCE,2003,1989,2012,46334,927311780,809250,814996,2085,1887,1986,1993,0,1990,0,0,0,2017-04-20,32596895,2003,147,0,0,0,0,0,0,0,0,2004,2,0,0,0,0,0,0,0,0
394,2017-04-20,09:03:17,375,cs1709,XDCE,2003,1989,2012,46374,928113000,809248,814996,2085,1887,1986,1993,0,1990,0,0,0,2017-04-20,32597375,2003,130,0,0,0,0,0,0,0,0,2004,1,0,0,0,0,0,0,0,0
395,2017-04-20,09:03:17,805,cs1709,XDCE,2003,1989,2012,46384,928313300,809256,814996,2085,1887,1986,1993,0,1990,0,0,0,2017-04-20,32597805,2003,125,0,0,0,0,0,0,0,0,2004,2,0,0,0,0,0,0,0,0
396,2017-04-20,09:03:18,407,cs1709,XDCE,2003,1989,2012,46384,928313300,809256,814996,2085,1887,1986,1993,0,1990,0,0,0,2017-04-20,32598407,2003,125,0,0,0,0,0,0,0,0,2004,5,0,0,0,0,0,0,0,0
397,2017-04-20,09:03:18,852,cs1709,XDCE,2003,1989,2012,46386,928353360,809256,814996,2085,1887,1986,1993,0,1990,0,0,0,2017-04-20,32598852,2003,127,0,0,0,0,0,0,0,0,2004,6,0,0,0,0,0,0,0,0
398,2017-04-20,09:03:19,409,cs1709,XDCE,2004,1989,2012,46398,928593840,809264,814996,2085,1887,1986,1993,0,1990,0,0,0,2017-04-20,32599409,2003,127,0,0,0,0,0,0,0,0,2004,7,0,0,0,0,0,0,0,0
399,2017-04-20,09:03:19,892,cs1709,XDCE,2004,1989,2012,46400,928633920,809262,814996,2085,1887,1986,1993,0,1990,0,0,0,2017-04-20,32599892,2003,127,0,0,0,0,0,0,0,0,2004,6,0,0,0,0,0,0,0,0
400,2017-04-20,09:03:20,335,cs1709,XDCE,2004,1989,2012,46408,928794220,809256,814996,2085,1887,1986,1993,0,1990,0,0,0,2017-04-20,32600335,2003,134,0,0,0,0,0,0,0,0,2004,3,0,0,0,0,0,0,0,0
401,2017-04-20,09:03:20,907,cs1709,XDCE,2005,1989,2012,46420,929034740,809250,814996,2085,1887,1986,1993,0,1990,0,0,0,2017-04-20,32600907,2004,21,0,0,0,0,0,0,0,0,2005,129,0,0,0,0,0,0,0,0
402,2017-04-20,09:03:21,410,cs1709,XDCE,2005,1989,2012,46424,929114920,809250,814996,2085,1887,1986,1993,0,1990,0,0,0,2017-04-20,32601410,2004,20,0,0,0,0,0,0,0,0,2005,138,0,0,0,0,0,0,0,0
403,2017-04-20,09:03:21,903,cs1709,XDCE,2004,1989,2012,46444,929515720,809252,814996,2085,1887,1986,1993,0,1990,0,0,0,2017-04-20,32601903,2004,11,0,0,0,0,0,0,0,0,2005,147,0,0,0,0,0,0,0,0
404,2017-04-20,09:03:22,411,cs1709,XDCE,2006,1989,2012,47192,944517640,808892,814996,2085,1887,1986,1993,0,1990,0,0,0,2017-04-20,32602411,2005,149,0,0,0,0,0,0,0,0,2006,2,0,0,0,0,0,0,0,0
405,2017-04-20,09:03:22,858,cs1709,XDCE,2005,1989,2012,47194,944557740,808890,814996,2085,1887,1986,1993,0,1990,0,0,0,2017-04-20,32602858,2005,181,0,0,0,0,0,0,0,0,2006,40,0,0,0,0,0,0,0,0
406,2017-04-20,09:03:23,414,cs1709,XDCE,2005,1989,2012,47194,944557740,808890,814996,2085,1887,1986,1993,0,1990,0,0,0,2017-04-20,32603414,2005,225,0,0,0,0,0,0,0,0,2006,50,0,0,0,0,0,0,0,0
407,2017-04-20,09:03:23,902,cs1709,XDCE,2004,1989,2012,47706,954822720,809058,814996,2085,1887,1986,1993,0,1990,0,0,0,2017-04-20,32603902,2005,1,0,0,0,0,0,0,0,0,2006,58,0,0,0,0,0,0,0,0
408,2017-04-20,09:03:24,393,cs1709,XDCE,2005,1989,2012,47738,955464320,809030,814996,2085,1887,1986,1993,0,1990,0,0,0,2017-04-20,32604393,2004,86,0,0,0,0,0,0,0,0,2005,43,0,0,0,0,0,0,0,0
409,2017-04-20,09:03:24,883,cs1709,XDCE,2004,1989,2012,47742,955544480,809030,814996,2085,1887,1986,1993,0,1990,0,0,0,2017-04-20,32604883,2004,26,0,0,0,0,0,0,0,0,2005,73,0,0,0,0,0,0,0,0
410,2017-04-20,09:03:25,413,cs1709,XDCE,2005,1989,2012,47768,956065580,809034,814996,2085,1887,1986,1993,0,1990,0,0,0,2017-04-20,32605413,2004,31,0,0,0,0,0,0,0,0,2005,72,0,0,0,0,0,0,0,0
411,2017-04-20,09:03:25,894,cs1709,XDCE,2005,1989,2012,47768,956065580,809034,814996,2085,1887,1986,1993,0,1990,0,0,0,2017-04-20,32605894,2004,41,0,0,0,0,0,0,0,0,2005,73,0,0,0,0,0,0,0,0
412,2017-04-20,09:03:26,368,cs1709,XDCE,2005,1989,2012,47768,956065580,809034,814996,2085,1887,1986,1993,0,1990,0,0,0,2017-04-20,32606368,2004,45,0,0,0,0,0,0,0,0,2005,67,0,0,0,0,0,0,0,0
413,2017-04-20,09:03:26,903,cs1709,XDCE,2005,1989,2012,47768,956065580,809034,814996,2085,1887,1986,1993,0,1990,0,0,0,2017-04-20,32606903,2004,45,0,0,0,0,0,0,0,0,2005,70,0,0,0,0,0,0,0,0
414,2017-04-20,09:03:27,412,cs1709,XDCE,2005,1989,2012,47768,956065580,809034,814996,2085,1887,1986,1993,0,1990,0,0,0,2017-04-20,32607412,2004,140,0,0,0,0,0,0,0,0,2005,59,0,0,0,0,0,0,0,0
415,2017-04-20,09:03:27,909,cs1709,XDCE,2004,1989,2012,47770,956105660,809034,814996,2085,1887,1986,1993,0,1990,0,0,0,2017-04-20,32607909,2004,151,0,0,0,0,0,0,0,0,2005,50,0,0,0,0,0,0,0,0
416,2017-04-20,09:03:28,409,cs1709,XDCE,2004,1989,2012,47770,956105660,809034,814996,2085,1887,1986,1993,0,1990,0,0,0,2017-04-20,32608409,2004,174,0,0,0,0,0,0,0,0,2005,52,0,0,0,0,0,0,0,0
417,2017-04-20,09:03:28,894,cs1709,XDCE,2004,1989,2012,47772,956145740,809032,814996,2085,1887,1986,1993,0,1990,0,0,0,2017-04-20,32608894,2004,180,0,0,0,0,0,0,0,0,2005,54,0,0,0,0,0,0,0,0
418,2017-04-20,09:03:29,414,cs1709,XDCE,2004,1989,2012,47784,956386220,809030,814996,2085,1887,1986,1993,0,1990,0,0,0,2017-04-20,32609414,2004,174,0,0,0,0,0,0,0,0,2005,64,0,0,0,0,0,0,0,0
419,2017-04-20,09:03:29,888,cs1709,XDCE,2005,1989,2012,47804,956787220,809024,814996,2085,1887,1986,1993,0,1990,0,0,0,2017-04-20,32609888,2004,188,0,0,0,0,0,0,0,0,2005,55,0,0,0,0,0,0,0,0
420,2017-04-20,09:03:30,405,cs1709,XDCE,2005,1989,2012,47810,956907520,809020,814996,2085,1887,1986,1993,0,1990,0,0,0,2017-04-20,32610405,2004,188,0,0,0,0,0,0,0,0,2005,57,0,0,0,0,0,0,0,0
421,2017-04-20,09:03:30,885,cs1709,XDCE,2005,1989,2012,47810,956907520,809020,814996,2085,1887,1986,1993,0,1990,0,0,0,2017-04-20,32610885,2004,188,0,0,0,0,0,0,0,0,2005,62,0,0,0,0,0,0,0,0
422,2017-04-20,09:03:31,392,cs1709,XDCE,2005,1989,2012,47814,956987720,809020,814996,2085,1887,1986,1993,0,1990,0,0,0,2017-04-20,32611392,2004,101,0,0,0,0,0,0,0,0,2005,61,0,0,0,0,0,0,0,0
423,2017-04-20,09:03:31,840,cs1709,XDCE,2005,1989,2012,47814,956987720,809020,814996,2085,1887,1986,1993,0,1990,0,0,0,2017-04-20,32611840,2004,101,0,0,0,0,0,0,0,0,2005,62,0,0,0,0,0,0,0,0
424,2017-04-20,09:03:32,411,cs1709,XDCE,2005,1989,2012,47816,957027820,809020,814996,2085,1887,1986,1993,0,1990,0,0,0,2017-04-20,32612411,2004,101,0,0,0,0,0,0,0,0,2005,62,0,0,0,0,0,0,0,0
425,2017-04-20,09:03:32,906,cs1709,XDCE,2004,1989,2012,47820,957108000,809022,814996,2085,1887,1986,1993,0,1990,0,0,0,2017-04-20,32612906,2004,101,0,0,0,0,0,0,0,0,2005,72,0,0,0,0,0,0,0,0
426,2017-04-20,09:03:33,368,cs1709,XDCE,2005,1989,2012,47824,957188200,809022,814996,2085,1887,1986,1993,0,1990,0,0,0,2017-04-20,32613368,2004,101,0,0,0,0,0,0,0,0,2005,71,0,0,0,0,0,0,0,0
427,2017-04-20,09:03:33,901,cs1709,XDCE,2005,1989,2012,47832,957348600,809020,814996,2085,1887,1986,1993,0,1990,0,0,0,2017-04-20,32613901,2004,106,0,0,0,0,0,0,0,0,2005,70,0,0,0,0,0,0,0,0
428,2017-04-20,09:03:34,386,cs1709,XDCE,2004,1989,2012,47834,957388680,809022,814996,2085,1887,1986,1993,0,1990,0,0,0,2017-04-20,32614386,2004,105,0,0,0,0,0,0,0,0,2005,72,0,0,0,0,0,0,0,0
429,2017-04-20,09:03:34,911,cs1709,XDCE,2005,1989,2012,47836,957428780,809024,814996,2085,1887,1986,1993,0,1990,0,0,0,2017-04-20,32614911,2004,105,0,0,0,0,0,0,0,0,2005,79,0,0,0,0,0,0,0,0
430,2017-04-20,09:03:35,363,cs1709,XDCE,2005,1989,2012,47852,957749560,809024,814996,2085,1887,1986,1993,0,1990,0,0,0,2017-04-20,32615363,2004,85,0,0,0,0,0,0,0,0,2005,72,0,0,0,0,0,0,0,0
431,2017-04-20,09:03:35,868,cs1709,XDCE,2005,1989,2012,47852,957749560,809024,814996,2085,1887,1986,1993,0,1990,0,0,0,2017-04-20,32615868,2004,85,0,0,0,0,0,0,0,0,2005,73,0,0,0,0,0,0,0,0
432,2017-04-20,09:03:36,334,cs1709,XDCE,2005,1989,2012,47852,957749560,809024,814996,2085,1887,1986,1993,0,1990,0,0,0,2017-04-20,32616334,2004,85,0,0,0,0,0,0,0,0,2005,88,0,0,0,0,0,0,0,0
433,2017-04-20,09:03:36,897,cs1709,XDCE,2005,1989,2012,47856,957829760,809024,814996,2085,1887,1986,1993,0,1990,0,0,0,2017-04-20,32616897,2004,86,0,0,0,0,0,0,0,0,2005,87,0,0,0,0,0,0,0,0
434,2017-04-20,09:03:37,394,cs1709,XDCE,2005,1989,2012,48040,961518960,809152,814996,2085,1887,1986,1993,0,1990,0,0,0,2017-04-20,32617394,2004,89,0,0,0,0,0,0,0,0,2005,92,0,0,0,0,0,0,0,0
435,2017-04-20,09:03:37,888,cs1709,XDCE,2004,1989,2012,48042,961559040,809154,814996,2085,1887,1986,1993,0,1990,0,0,0,2017-04-20,32617888,2004,108,0,0,0,0,0,0,0,0,2005,99,0,0,0,0,0,0,0,0
436,2017-04-20,09:03:38,407,cs1709,XDCE,2004,1989,2012,48092,962561440,809148,814996,2085,1887,1986,1993,0,1990,0,0,0,2017-04-20,32618407,2004,113,0,0,0,0,0,0,0,0,2005,79,0,0,0,0,0,0,0,0
437,2017-04-20,09:03:38,830,cs1709,XDCE,2004,1989,2012,48092,962561440,809148,814996,2085,1887,1986,1993,0,1990,0,0,0,2017-04-20,32618830,2004,113,0,0,0,0,0,0,0,0,2005,83,0,0,0,0,0,0,0,0
438,2017-04-20,09:03:39,353,cs1709,XDCE,2005,1989,2012,48106,962842100,809144,814996,2085,1887,1986,1993,0,1990,0,0,0,2017-04-20,32619353,2004,111,0,0,0,0,0,0,0,0,2005,78,0,0,0,0,0,0,0,0
439,2017-04-20,09:03:39,872,cs1709,XDCE,2005,1989,2012,48108,962882200,809142,814996,2085,1887,1986,1993,0,1990,0,0,0,2017-04-20,32619872,2004,111,0,0,0,0,0,0,0,0,2005,77,0,0,0,0,0,0,0,0
440,2017-04-20,09:03:40,410,cs1709,XDCE,2005,1989,2012,48122,963162900,809136,814996,2085,1887,1986,1993,0,1990,0,0,0,2017-04-20,32620410,2004,118,0,0,0,0,0,0,0,0,2005,70,0,0,0,0,0,0,0,0
441,2017-04-20,09:03:40,915,cs1709,XDCE,2005,1989,2012,48280,966330800,809162,814996,2085,1887,1986,1993,0,1990,0,0,0,2017-04-20,32620915,2005,127,0,0,0,0,0,0,0,0,2006,220,0,0,0,0,0,0,0,0
442,2017-04-20,09:03:41,386,cs1709,XDCE,2005,1989,2012,48282,966370900,809162,814996,2085,1887,1986,1993,0,1990,0,0,0,2017-04-20,32621386,2005,128,0,0,0,0,0,0,0,0,2006,209,0,0,0,0,0,0,0,0
443,2017-04-20,09:03:41,848,cs1709,XDCE,2005,1989,2012,48282,966370900,809162,814996,2085,1887,1986,1993,0,1990,0,0,0,2017-04-20,32621848,2005,173,0,0,0,0,0,0,0,0,2006,189,0,0,0,0,0,0,0,0
444,2017-04-20,09:03:42,409,cs1709,XDCE,2005,1989,2012,48282,966370900,809162,814996,2085,1887,1986,1993,0,1990,0,0,0,2017-04-20,32622409,2005,179,0,0,0,0,0,0,0,0,2006,177,0,0,0,0,0,0,0,0
445,2017-04-20,09:03:42,896,cs1709,XDCE,2006,1989,2012,48648,973712760,808854,814996,2085,1887,1986,1993,0,1990,0,0,0,2017-04-20,32622896,2006,129,0,0,0,0,0,0,0,0,2007,108,0,0,0,0,0,0,0,0
446,2017-04-20,09:03:43,278,cs1709,XDCE,2006,1989,2012,48650,973752880,808854,814996,2085,1887,1986,1993,0,1990,0,0,0,2017-04-20,32623278,2006,146,0,0,0,0,0,0,0,0,2007,106,0,0,0,0,0,0,0,0
447,2017-04-20,09:03:43,889,cs1709,XDCE,2007,1989,2012,48692,974595420,808854,814996,2085,1887,1986,1993,0,1990,0,0,0,2017-04-20,32623889,2006,126,0,0,0,0,0,0,0,0,2007,105,0,0,0,0,0,0,0,0
448,2017-04-20,09:03:44,376,cs1709,XDCE,2007,1989,2012,48718,975117040,808836,814996,2085,1887,1986,1993,0,1990,0,0,0,2017-04-20,32624376,2006,116,0,0,0,0,0,0,0,0,2007,154,0,0,0,0,0,0,0,0
449,2017-04-20,09:03:44,881,cs1709,XDCE,2007,1989,2012,48722,975197320,808836,814996,2085,1887,1986,1993,0,1990,0,0,0,2017-04-20,32624881,2006,116,0,0,0,0,0,0,0,0,2007,152,0,0,0,0,0,0,0,0
450,2017-04-20,09:03:45,393,cs1709,XDCE,2006,1989,2012,49044,981656640,808984,814996,2085,1887,1986,1993,0,1990,0,0,0,2017-04-20,32625393,2005,185,0,0,0,0,0,0,0,0,2006,451,0,0,0,0,0,0,0,0
451,2017-04-20,09:03:45,893,cs1709,XDCE,2006,1989,2012,49060,981977540,808990,814996,2085,1887,1986,1993,0,1990,0,0,0,2017-04-20,32625893,2005,176,0,0,0,0,0,0,0,0,2006,456,0,0,0,0,0,0,0,0
452,2017-04-20,09:03:46,413,cs1709,XDCE,2005,1989,2012,49116,983100620,809040,814996,2085,1887,1986,1993,0,1990,0,0,0,2017-04-20,32626413,2005,161,0,0,0,0,0,0,0,0,2006,445,0,0,0,0,0,0,0,0
453,2017-04-20,09:03:46,834,cs1709,XDCE,2006,1989,2012,49118,983140740,809042,814996,2085,1887,1986,1993,0,1990,0,0,0,2017-04-20,32626834,2005,161,0,0,0,0,0,0,0,0,2006,441,0,0,0,0,0,0,0,0
454,2017-04-20,09:03:47,265,cs1709,XDCE,2006,1989,2012,49118,983140740,809042,814996,2085,1887,1986,1993,0,1990,0,0,0,2017-04-20,32627265,2005,169,0,0,0,0,0,0,0,0,2006,441,0,0,0,0,0,0,0,0
455,2017-04-20,09:03:47,914,cs1709,XDCE,2006,1989,2012,49118,983140740,809042,814996,2085,1887,1986,1993,0,1990,0,0,0,2017-04-20,32627914,2005,169,0,0,0,0,0,0,0,0,2006,442,0,0,0,0,0,0,0,0
456,2017-04-20,09:03:48,393,cs1709,XDCE,2006,1989,2012,49118,983140740,809042,814996,2085,1887,1986,1993,0,1990,0,0,0,2017-04-20,32628393,2005,169,0,0,0,0,0,0,0,0,2006,450,0,0,0,0,0,0,0,0
457,2017-04-20,09:03:49,388,cs1709,XDCE,2006,1989,2012,49226,985306180,809142,814996,2085,1887,1986,1993,0,1990,0,0,0,2017-04-20,32629388,2005,107,0,0,0,0,0,0,0,0,2006,448,0,0,0,0,0,0,0,0
458,2017-04-20,09:03:49,888,cs1709,XDCE,2006,1989,2012,49228,985346300,809144,814996,2085,1887,1986,1993,0,1990,0,0,0,2017-04-20,32629888,2005,107,0,0,0,0,0,0,0,0,2006,447,0,0,0,0,0,0,0,0
459,2017-04-20,09:03:50,399,cs1709,XDCE,2006,1989,2012,49260,985988220,809146,814996,2085,1887,1986,1993,0,1990,0,0,0,2017-04-20,32630399,2005,107,0,0,0,0,0,0,0,0,2006,432,0,0,0,0,0,0,0,0
460,2017-04-20,09:03:50,879,cs1709,XDCE,2006,1989,2012,49260,985988220,809146,814996,2085,1887,1986,1993,0,1990,0,0,0,2017-04-20,32630879,2005,117,0,0,0,0,0,0,0,0,2006,433,0,0,0,0,0,0,0,0
461,2017-04-20,09:03:51,347,cs1709,XDCE,2004,1989,2012,49542,991642240,809166,814996,2085,1887,1986,1993,0,1990,0,0,0,2017-04-20,32631347,2004,88,0,0,0,0,0,0,0,0,2005,178,0,0,0,0,0,0,0,0
462,2017-04-20,09:03:51,892,cs1709,XDCE,2004,1989,2012,49710,995008960,809284,814996,2085,1887,1986,1993,0,1990,0,0,0,2017-04-20,32631892,2003,263,0,0,0,0,0,0,0,0,2004,196,0,0,0,0,0,0,0,0
463,2017-04-20,09:03:52,345,cs1709,XDCE,2004,1989,2012,49724,995289420,809280,814996,2085,1887,1986,1993,0,1990,0,0,0,2017-04-20,32632345,2003,237,0,0,0,0,0,0,0,0,2004,235,0,0,0,0,0,0,0,0
464,2017-04-20,09:03:52,894,cs1709,XDCE,2004,1989,2012,49768,996171180,809278,814996,2085,1887,1986,1993,0,1990,0,0,0,2017-04-20,32632894,2003,237,0,0,0,0,0,0,0,0,2004,220,0,0,0,0,0,0,0,0
465,2017-04-20,09:03:53,280,cs1709,XDCE,2004,1989,2012,49776,996331480,809272,814996,2085,1887,1986,1993,0,1990,0,0,0,2017-04-20,32633280,2003,234,0,0,0,0,0,0,0,0,2004,218,0,0,0,0,0,0,0,0
466,2017-04-20,09:03:53,818,cs1709,XDCE,2003,1989,2012,49788,996571840,809272,814996,2085,1887,1986,1993,0,1990,0,0,0,2017-04-20,32633818,2003,237,0,0,0,0,0,0,0,0,2004,211,0,0,0,0,0,0,0,0
467,2017-04-20,09:03:54,395,cs1709,XDCE,2003,1989,2012,49796,996732080,809266,814996,2085,1887,1986,1993,0,1990,0,0,0,2017-04-20,32634395,2003,228,0,0,0,0,0,0,0,0,2004,216,0,0,0,0,0,0,0,0
468,2017-04-20,09:03:55,299,cs1709,XDCE,2004,1989,2012,49800,996812220,809264,814996,2085,1887,1986,1993,0,1990,0,0,0,2017-04-20,32635299,2003,228,0,0,0,0,0,0,0,0,2004,215,0,0,0,0,0,0,0,0
469,2017-04-20,09:03:55,911,cs1709,XDCE,2003,1989,2012,49806,996932440,809262,814996,2085,1887,1986,1993,0,1990,0,0,0,2017-04-20,32635911,2003,227,0,0,0,0,0,0,0,0,2004,216,0,0,0,0,0,0,0,0
470,2017-04-20,09:03:56,412,cs1709,XDCE,2003,1989,2012,49874,998295140,809262,814996,2085,1887,1986,1993,0,1990,0,0,0,2017-04-20,32636412,2003,243,0,0,0,0,0,0,0,0,2004,183,0,0,0,0,0,0,0,0
471,2017-04-20,09:03:56,835,cs1709,XDCE,2004,1989,2012,49882,998455400,809262,814996,2085,1887,1986,1993,0,1990,0,0,0,2017-04-20,32636835,2003,231,0,0,0,0,0,0,0,0,2004,182,0,0,0,0,0,0,0,0
472,2017-04-20,09:03:57,372,cs1709,XDCE,2004,1989,2012,49892,998655800,809262,814996,2085,1887,1986,1993,0,1990,0,0,0,2017-04-20,32637372,2003,233,0,0,0,0,0,0,0,0,2004,178,0,0,0,0,0,0,0,0
473,2017-04-20,09:03:57,883,cs1709,XDCE,2004,1989,2012,49964,1000098680,809228,814996,2085,1887,1986,1993,0,1990,0,0,0,2017-04-20,32637883,2003,233,0,0,0,0,0,0,0,0,2004,142,0,0,0,0,0,0,0,0
474,2017-04-20,09:03:58,397,cs1709,XDCE,2004,1989,2012,50010,1001020500,809234,814996,2085,1887,1986,1993,0,1990,0,0,0,2017-04-20,32638397,2003,238,0,0,0,0,0,0,0,0,2004,100,0,0,0,0,0,0,0,0
475,2017-04-20,09:03:58,807,cs1709,XDCE,2004,1989,2012,50020,1001220900,809244,814996,2085,1887,1986,1993,0,1990,0,0,0,2017-04-20,32638807,2003,238,0,0,0,0,0,0,0,0,2004,95,0,0,0,0,0,0,0,0
476,2017-04-20,09:03:59,409,cs1709,XDCE,2003,1989,2012,50180,1004427180,809376,814996,2085,1887,1986,1993,0,1990,0,0,0,2017-04-20,32639409,2003,196,0,0,0,0,0,0,0,0,2004,46,0,0,0,0,0,0,0,0
477,2017-04-20,09:03:59,900,cs1709,XDCE,2003,1989,2012,50190,1004627520,809378,814996,2085,1887,1986,1993,0,1990,0,0,0,2017-04-20,32639900,2003,185,0,0,0,0,0,0,0,0,2004,164,0,0,0,0,0,0,0,0
478,2017-04-20,09:04:00,398,cs1709,XDCE,2004,1989,2012,50192,1004667600,809380,814996,2085,1887,1986,1993,0,1990,0,0,0,2017-04-20,32640398,2003,185,0,0,0,0,0,0,0,0,2004,163,0,0,0,0,0,0,0,0
479,2017-04-20,09:04:00,842,cs1709,XDCE,2004,1989,2012,50240,1005629520,809398,814996,2085,1887,1986,1993,0,1990,0,0,0,2017-04-20,32640842,2003,186,0,0,0,0,0,0,0,0,2004,150,0,0,0,0,0,0,0,0
480,2017-04-20,09:04:01,375,cs1709,XDCE,2004,1989,2012,50308,1006992240,809362,814996,2085,1887,1986,1993,0,1990,0,0,0,2017-04-20,32641375,2003,186,0,0,0,0,0,0,0,0,2004,116,0,0,0,0,0,0,0,0
481,2017-04-20,09:04:01,874,cs1709,XDCE,2004,1989,2012,50562,1012082360,809308,814996,2085,1887,1986,1993,0,1990,0,0,0,2017-04-20,32641874,2003,247,0,0,0,0,0,0,0,0,2004,6,0,0,0,0,0,0,0,0
482,2017-04-20,09:04:02,389,cs1709,XDCE,2004,1989,2012,50584,1012523240,809296,814996,2085,1887,1986,1993,0,1990,0,0,0,2017-04-20,32642389,2004,188,0,0,0,0,0,0,0,0,2005,139,0,0,0,0,0,0,0,0
483,2017-04-20,09:04:02,913,cs1709,XDCE,2005,1989,2012,50736,1015570840,809336,814996,2085,1887,1986,1993,0,1990,0,0,0,2017-04-20,32642913,2005,150,0,0,0,0,0,0,0,0,2006,454,0,0,0,0,0,0,0,0
484,2017-04-20,09:04:03,349,cs1709,XDCE,2005,1989,2012,50738,1015610940,809336,814996,2085,1887,1986,1993,0,1990,0,0,0,2017-04-20,32643349,2005,255,0,0,0,0,0,0,0,0,2006,441,0,0,0,0,0,0,0,0
485,2017-04-20,09:04:03,876,cs1709,XDCE,2005,1989,2012,50762,1016092140,809314,814996,2085,1887,1986,1993,0,1990,0,0,0,2017-04-20,32643876,2005,243,0,0,0,0,0,0,0,0,2006,439,0,0,0,0,0,0,0,0
486,2017-04-20,09:04:04,406,cs1709,XDCE,2005,1989,2012,50768,1016212440,809308,814996,2085,1887,1986,1993,0,1990,0,0,0,2017-04-20,32644406,2005,240,0,0,0,0,0,0,0,0,2006,436,0,0,0,0,0,0,0,0
487,2017-04-20,09:04:05,403,cs1709,XDCE,2006,1989,2012,50950,1019862860,809328,814996,2085,1887,1986,1993,0,1990,0,0,0,2017-04-20,32645403,2005,185,0,0,0,0,0,0,0,0,2006,369,0,0,0,0,0,0,0,0
488,2017-04-20,09:04:05,912,cs1709,XDCE,2005,1989,2012,50960,1020063360,809328,814996,2085,1887,1986,1993,0,1990,0,0,0,2017-04-20,32645912,2005,134,0,0,0,0,0,0,0,0,2006,425,0,0,0,0,0,0,0,0
489,2017-04-20,09:04:06,377,cs1709,XDCE,2005,1989,2012,51258,1026038260,809498,814996,2085,1887,1986,1993,0,1990,0,0,0,2017-04-20,32646377,2004,89,0,0,0,0,0,0,0,0,2005,36,0,0,0,0,0,0,0,0
490,2017-04-20,09:04:06,912,cs1709,XDCE,2005,1989,2012,51326,1027401660,809540,814996,2085,1887,1986,1993,0,1990,0,0,0,2017-04-20,32646912,2004,100,0,0,0,0,0,0,0,0,2006,381,0,0,0,0,0,0,0,0
491,2017-04-20,09:04:07,410,cs1709,XDCE,2005,1989,2012,51328,1027441760,809538,814996,2085,1887,1986,1993,0,1990,0,0,0,2017-04-20,32647410,2005,19,0,0,0,0,0,0,0,0,2006,365,0,0,0,0,0,0,0,0
492,2017-04-20,09:04:07,877,cs1709,XDCE,2005,1989,2012,51346,1027802680,809534,814996,2085,1887,1986,1993,0,1990,0,0,0,2017-04-20,32647877,2005,16,0,0,0,0,0,0,0,0,2006,376,0,0,0,0,0,0,0,0
493,2017-04-20,09:04:08,414,cs1709,XDCE,2005,1989,2012,51350,1027882880,809534,814996,2085,1887,1986,1993,0,1990,0,0,0,2017-04-20,32648414,2005,16,0,0,0,0,0,0,0,0,2006,377,0,0,0,0,0,0,0,0
494,2017-04-20,09:04:08,895,cs1709,XDCE,2006,1989,2012,51354,1027963120,809536,814996,2085,1887,1986,1993,0,1990,0,0,0,2017-04-20,32648895,2005,26,0,0,0,0,0,0,0,0,2006,375,0,0,0,0,0,0,0,0
495,2017-04-20,09:04:09,347,cs1709,XDCE,2005,1989,2012,51366,1028203720,809526,814996,2085,1887,1986,1993,0,1990,0,0,0,2017-04-20,32649347,2005,20,0,0,0,0,0,0,0,0,2006,376,0,0,0,0,0,0,0,0
496,2017-04-20,09:04:09,900,cs1709,XDCE,2006,1989,2012,51368,1028243840,809526,814996,2085,1887,1986,1993,0,1990,0,0,0,2017-04-20,32649900,2005,30,0,0,0,0,0,0,0,0,2006,375,0,0,0,0,0,0,0,0
497,2017-04-20,09:04:10,347,cs1709,XDCE,2005,1989,2012,51370,1028283940,809526,814996,2085,1887,1986,1993,0,1990,0,0,0,2017-04-20,32650347,2005,35,0,0,0,0,0,0,0,0,2006,375,0,0,0,0,0,0,0,0
498,2017-04-20,09:04:10,904,cs1709,XDCE,2005,1989,2012,51370,1028283940,809526,814996,2085,1887,1986,1993,0,1990,0,0,0,2017-04-20,32650904,2005,35,0,0,0,0,0,0,0,0,2006,381,0,0,0,0,0,0,0,0
499,2017-04-20,09:04:11,399,cs1709,XDCE,2005,1989,2012,51472,1030329040,809490,814996,2085,1887,1986,1993,0,1990,0,0,0,2017-04-20,32651399,2005,45,0,0,0,0,0,0,0,0,2006,381,0,0,0,0,0,0,0,0
500,2017-04-20,09:04:11,883,cs1709,XDCE,2005,1989,2012,51480,1030489440,809492,814996,2085,1887,1986,1993,0,1990,0,0,0,2017-04-20,32651883,2005,41,0,0,0,0,0,0,0,0,2006,381,0,0,0,0,0,0,0,0
501,2017-04-20,09:04:12,408,cs1709,XDCE,2006,1989,2012,51530,1031492200,809542,814996,2085,1887,1986,1993,0,1990,0,0,0,2017-04-20,32652408,2005,36,0,0,0,0,0,0,0,0,2006,379,0,0,0,0,0,0,0,0
502,2017-04-20,09:04:12,909,cs1709,XDCE,2006,1989,2012,51530,1031492200,809542,814996,2085,1887,1986,1993,0,1990,0,0,0,2017-04-20,32652909,2005,36,0,0,0,0,0,0,0,0,2006,381,0,0,0,0,0,0,0,0
503,2017-04-20,09:04:13,377,cs1709,XDCE,2006,1989,2012,51530,1031492200,809542,814996,2085,1887,1986,1993,0,1990,0,0,0,2017-04-20,32653377,2005,37,0,0,0,0,0,0,0,0,2006,381,0,0,0,0,0,0,0,0
504,2017-04-20,09:04:13,894,cs1709,XDCE,2006,1989,2012,51538,1031652680,809542,814996,2085,1887,1986,1993,0,1990,0,0,0,2017-04-20,32653894,2005,38,0,0,0,0,0,0,0,0,2006,378,0,0,0,0,0,0,0,0
505,2017-04-20,09:04:14,414,cs1709,XDCE,2006,1989,2012,51540,1031692800,809544,814996,2085,1887,1986,1993,0,1990,0,0,0,2017-04-20,32654414,2005,56,0,0,0,0,0,0,0,0,2006,377,0,0,0,0,0,0,0,0
506,2017-04-20,09:04:14,902,cs1709,XDCE,2005,1989,2012,51542,1031732900,809546,814996,2085,1887,1986,1993,0,1990,0,0,0,2017-04-20,32654902,2005,55,0,0,0,0,0,0,0,0,2006,377,0,0,0,0,0,0,0,0
507,2017-04-20,09:04:15,394,cs1709,XDCE,2006,1989,2012,51550,1031893360,809550,814996,2085,1887,1986,1993,0,1990,0,0,0,2017-04-20,32655394,2005,54,0,0,0,0,0,0,0,0,2006,374,0,0,0,0,0,0,0,0
508,2017-04-20,09:04:15,911,cs1709,XDCE,2006,1989,2012,51554,1031973600,809554,814996,2085,1887,1986,1993,0,1990,0,0,0,2017-04-20,32655911,2005,59,0,0,0,0,0,0,0,0,2006,379,0,0,0,0,0,0,0,0
509,2017-04-20,09:04:16,895,cs1709,XDCE,2005,1989,2012,51558,1032053820,809558,814996,2085,1887,1986,1993,0,1990,0,0,0,2017-04-20,32656895,2005,58,0,0,0,0,0,0,0,0,2006,378,0,0,0,0,0,0,0,0
510,2017-04-20,09:04:17,412,cs1709,XDCE,2005,1989,2012,51560,1032093920,809560,814996,2085,1887,1986,1993,0,1990,0,0,0,2017-04-20,32657412,2005,95,0,0,0,0,0,0,0,0,2006,379,0,0,0,0,0,0,0,0
511,2017-04-20,09:04:17,834,cs1709,XDCE,2006,1989,2012,51576,1032414880,809560,814996,2085,1887,1986,1993,0,1990,0,0,0,2017-04-20,32657834,2005,118,0,0,0,0,0,0,0,0,2006,375,0,0,0,0,0,0,0,0
512,2017-04-20,09:04:18,397,cs1709,XDCE,2005,1989,2012,51578,1032454980,809560,814996,2085,1887,1986,1993,0,1990,0,0,0,2017-04-20,32658397,2005,118,0,0,0,0,0,0,0,0,2006,376,0,0,0,0,0,0,0,0
513,2017-04-20,09:04:18,893,cs1709,XDCE,2006,1989,2012,51580,1032495100,809562,814996,2085,1887,1986,1993,0,1990,0,0,0,2017-04-20,32658893,2005,198,0,0,0,0,0,0,0,0,2006,375,0,0,0,0,0,0,0,0
514,2017-04-20,09:04:19,390,cs1709,XDCE,2005,1989,2012,51620,1033297100,809548,814996,2085,1887,1986,1993,0,1990,0,0,0,2017-04-20,32659390,2005,158,0,0,0,0,0,0,0,0,2006,375,0,0,0,0,0,0,0,0
515,2017-04-20,09:04:19,852,cs1709,XDCE,2005,1989,2012,51620,1033297100,809548,814996,2085,1887,1986,1993,0,1990,0,0,0,2017-04-20,32659852,2005,173,0,0,0,0,0,0,0,0,2006,380,0,0,0,0,0,0,0,0
516,2017-04-20,09:04:20,394,cs1709,XDCE,2006,1989,2012,51622,1033337220,809550,814996,2085,1887,1986,1993,0,1990,0,0,0,2017-04-20,32660394,2005,221,0,0,0,0,0,0,0,0,2006,380,0,0,0,0,0,0,0,0
517,2017-04-20,09:04:20,902,cs1709,XDCE,2005,1989,2012,51632,1033537720,809550,814996,2085,1887,1986,1993,0,1990,0,0,0,2017-04-20,32660902,2005,255,0,0,0,0,0,0,0,0,2006,381,0,0,0,0,0,0,0,0
518,2017-04-20,09:04:21,401,cs1709,XDCE,2006,1989,2012,51634,1033577840,809552,814996,2085,1887,1986,1993,0,1990,0,0,0,2017-04-20,32661401,2005,263,0,0,0,0,0,0,0,0,2006,391,0,0,0,0,0,0,0,0
519,2017-04-20,09:04:21,911,cs1709,XDCE,2006,1989,2012,51634,1033577840,809552,814996,2085,1887,1986,1993,0,1990,0,0,0,2017-04-20,32661911,2005,320,0,0,0,0,0,0,0,0,2006,391,0,0,0,0,0,0,0,0
520,2017-04-20,09:04:22,396,cs1709,XDCE,2006,1989,2012,51640,1033698160,809558,814996,2085,1887,1986,1993,0,1990,0,0,0,2017-04-20,32662396,2005,318,0,0,0,0,0,0,0,0,2006,391,0,0,0,0,0,0,0,0
521,2017-04-20,09:04:22,904,cs1709,XDCE,2006,1989,2012,51640,1033698160,809558,814996,2085,1887,1986,1993,0,1990,0,0,0,2017-04-20,32662904,2005,339,0,0,0,0,0,0,0,0,2006,391,0,0,0,0,0,0,0,0
522,2017-04-20,09:04:23,393,cs1709,XDCE,2005,1989,2012,52062,1042163460,809698,814996,2085,1887,1986,1993,0,1990,0,0,0,2017-04-20,32663393,2005,346,0,0,0,0,0,0,0,0,2006,180,0,0,0,0,0,0,0,0
523,2017-04-20,09:04:23,908,cs1709,XDCE,2007,1989,2012,52716,1055285500,809728,814996,2085,1887,1986,1993,0,1990,0,0,0,2017-04-20,32663908,2007,40,0,0,0,0,0,0,0,0,2008,435,0,0,0,0,0,0,0,0
524,2017-04-20,09:04:24,414,cs1709,XDCE,2007,1989,2012,52722,1055405920,809726,814996,2085,1887,1986,1993,0,1990,0,0,0,2017-04-20,32664414,2007,82,0,0,0,0,0,0,0,0,2008,400,0,0,0,0,0,0,0,0
525,2017-04-20,09:04:24,893,cs1709,XDCE,2007,1989,2012,52722,1055405920,809726,814996,2085,1887,1986,1993,0,1990,0,0,0,2017-04-20,32664893,2007,106,0,0,0,0,0,0,0,0,2008,400,0,0,0,0,0,0,0,0
526,2017-04-20,09:04:25,400,cs1709,XDCE,2008,1989,2012,52730,1055566540,809726,814996,2085,1887,1986,1993,0,1990,0,0,0,2017-04-20,32665400,2007,105,0,0,0,0,0,0,0,0,2008,397,0,0,0,0,0,0,0,0
527,2017-04-20,09:04:25,834,cs1709,XDCE,2008,1989,2012,52732,1055606700,809728,814996,2085,1887,1986,1993,0,1990,0,0,0,2017-04-20,32665834,2007,105,0,0,0,0,0,0,0,0,2008,397,0,0,0,0,0,0,0,0
528,2017-04-20,09:04:26,390,cs1709,XDCE,2007,1989,2012,52740,1055767320,809726,814996,2085,1887,1986,1993,0,1990,0,0,0,2017-04-20,32666390,2007,106,0,0,0,0,0,0,0,0,2008,397,0,0,0,0,0,0,0,0
529,2017-04-20,09:04:26,907,cs1709,XDCE,2007,1989,2012,52744,1055847600,809722,814996,2085,1887,1986,1993,0,1990,0,0,0,2017-04-20,32666907,2007,132,0,0,0,0,0,0,0,0,2008,448,0,0,0,0,0,0,0,0
530,2017-04-20,09:04:27,414,cs1709,XDCE,2008,1989,2012,52752,1056008180,809716,814996,2085,1887,1986,1993,0,1990,0,0,0,2017-04-20,32667414,2007,119,0,0,0,0,0,0,0,0,2008,446,0,0,0,0,0,0,0,0
531,2017-04-20,09:04:28,407,cs1709,XDCE,2007,1989,2012,53086,1062711680,809568,814996,2085,1887,1986,1993,0,1990,0,0,0,2017-04-20,32668407,2006,248,0,0,0,0,0,0,0,0,2007,138,0,0,0,0,0,0,0,0
