,dataDate,dataTime,dataMillisec,instrumentID,exchangeCD,lastPrice,lowPrice,highPrice,volume,value,openInterest,preOpenInterest,upperLimitPrice,lowerLimitPrice,preSettlementPrice,prevClosePrice,settlementPrice,openPrice,closePrice,preDelta,currDelta,clearingDay,milliSecOffset,bidPrice1,bidVolume1,bidPrice2,bidVolume2,bidPrice3,bidVolume3,bidPrice4,bidVolume4,bidPrice5,bidVolume5,askPrice1,askVolume1,askPrice2,askVolume2,askPrice3,askVolume3,askPrice4,askVolume4,askPrice5,askVolume5
0,2017-04-20,00:00:00,0,IC1704,CCFX,6346.6,0.0,0.0,0,0,10694,10694,0.0,0.0,6345.8,6346.6,0.0,0.0,0.0,0,0,2017-04-20,0,0.0,0,0,0,0,0,0,0,0,0,0.0,0,0,0,0,0,0,0,0,0
1,2017-04-20,07:14:14,500,IC1704,CCFX,6346.6,0.0,0.0,0,0,10694,10694,6980.2,5711.4,6345.8,6346.6,0.0,0.0,0.0,0,0,2017-04-20,26054500,0.0,0,0,0,0,0,0,0,0,0,0.0,0,0,0,0,0,0,0,0,0
2,2017-04-20,09:29:00,500,IC1704,CCFX,6350.2,6350.2,6350.2,66,83822640,10628,10694,6980.2,5711.4,6345.8,6346.6,0.0,6350.2,0.0,0,0,2017-04-20,34140500,6350.0,1,0,0,0,0,0,0,0,0,6353.8,1,0,0,0,0,0,0,0,0
3,2017-04-20,09:30:00,500,IC1704,CCFX,6354.8,6350.2,6354.8,68,86364360,10626,10694,6980.2,5711.4,6345.8,6346.6,0.0,6350.2,0.0,0,0,2017-04-20,34200500,6351.0,2,0,0,0,0,0,0,0,0,6357.8,3,0,0,0,0,0,0,0,0
4,2017-04-20,09:30:01,0,IC1704,CCFX,6351.6,6350.2,6357.6,84,106695800,10611,10694,6980.2,5711.4,6345.8,6346.6,0.0,6350.2,0.0,0,0,2017-04-20,34201000,6351.2,1,0,0,0,0,0,0,0,0,6356.0,1,0,0,0,0,0,0,0,0
5,2017-04-20,09:30:01,500,IC1704,CCFX,6351.4,6350.2,6357.6,85,107966080,10610,10694,6980.2,5711.4,6345.8,6346.6,0.0,6350.2,0.0,0,0,2017-04-20,34201500,6351.4,4,0,0,0,0,0,0,0,0,6355.6,3,0,0,0,0,0,0,0,0
6,2017-04-20,09:30:02,0,IC1704,CCFX,6351.6,6350.2,6357.6,90,114320680,10606,10694,6980.2,5711.4,6345.8,6346.6,0.0,6350.2,0.0,0,0,2017-04-20,34202000,6351.6,2,0,0,0,0,0,0,0,0,6355.4,1,0,0,0,0,0,0,0,0
7,2017-04-20,09:30:02,500,IC1704,CCFX,6355.6,6350.2,6357.6,91,115591800,10605,10694,6980.2,5711.4,6345.8,6346.6,0.0,6350.2,0.0,0,0,2017-04-20,34202500,6352.0,1,0,0,0,0,0,0,0,0,6355.6,2,0,0,0,0,0,0,0,0
8,2017-04-20,09:30:03,0,IC1704,CCFX,6355.6,6350.2,6357.6,91,115591800,10605,10694,6980.2,5711.4,6345.8,6346.6,0.0,6350.2,0.0,0,0,2017-04-20,34203000,6352.2,3,0,0,0,0,0,0,0,0,6355.4,1,0,0,0,0,0,0,0,0
9,2017-04-20,09:30:03,500,IC1704,CCFX,6355.6,6350.2,6357.6,91,115591800,10605,10694,6980.2,5711.4,6345.8,6346.6,0.0,6350.2,0.0,0,0,2017-04-20,34203500,6352.2,4,0,0,0,0,0,0,0,0,6355.4,2,0,0,0,0,0,0,0,0
10,2017-04-20,09:30:04,0,IC1704,CCFX,6355.6,6350.2,6357.6,91,115591800,10605,10694,6980.2,5711.4,6345.8,6346.6,0.0,6350.2,0.0,0,0,2017-04-20,34204000,6352.6,1,0,0,0,0,0,0,0,0,6355.4,4,0,0,0,0,0,0,0,0
11,2017-04-20,09:30:04,500,IC1704,CCFX,6352.8,6350.2,6357.6,92,116862360,10604,10694,6980.2,5711.4,6345.8,6346.6,0.0,6350.2,0.0,0,0,2017-04-20,34204500,6352.6,1,0,0,0,0,0,0,0,0,6355.4,4,0,0,0,0,0,0,0,0
12,2017-04-20,09:30:05,0,IC1704,CCFX,6352.6,6350.2,6357.6,93,118132880,10603,10694,6980.2,5711.4,6345.8,6346.6,0.0,6350.2,0.0,0,0,2017-04-20,34205000,6352.2,2,0,0,0,0,0,0,0,0,6352.6,1,0,0,0,0,0,0,0,0
13,2017-04-20,09:30:05,500,IC1704,CCFX,6352.2,6350.2,6357.6,95,120673760,10601,10694,6980.2,5711.4,6345.8,6346.6,0.0,6350.2,0.0,0,0,2017-04-20,34205500,6351.4,7,0,0,0,0,0,0,0,0,6352.6,4,0,0,0,0,0,0,0,0
14,2017-04-20,09:30:06,0,IC1704,CCFX,6351.4,6350.2,6357.6,96,121944040,10600,10694,6980.2,5711.4,6345.8,6346.6,0.0,6350.2,0.0,0,0,2017-04-20,34206000,6351.4,6,0,0,0,0,0,0,0,0,6352.2,2,0,0,0,0,0,0,0,0
15,2017-04-20,09:30:06,500,IC1704,CCFX,6352.0,6350.2,6357.6,100,127025280,10596,10694,6980.2,5711.4,6345.8,6346.6,0.0,6350.2,0.0,0,0,2017-04-20,34206500,6351.4,3,0,0,0,0,0,0,0,0,6355.4,2,0,0,0,0,0,0,0,0
16,2017-04-20,09:30:07,0,IC1704,CCFX,6352.0,6350.2,6357.6,100,127025280,10596,10694,6980.2,5711.4,6345.8,6346.6,0.0,6350.2,0.0,0,0,2017-04-20,34207000,6351.4,3,0,0,0,0,0,0,0,0,6354.4,1,0,0,0,0,0,0,0,0
17,2017-04-20,09:30:07,500,IC1704,CCFX,6352.0,6350.2,6357.6,100,127025280,10596,10694,6980.2,5711.4,6345.8,6346.6,0.0,6350.2,0.0,0,0,2017-04-20,34207500,6351.8,1,0,0,0,0,0,0,0,0,6354.2,1,0,0,0,0,0,0,0,0
18,2017-04-20,09:30:08,500,IC1704,CCFX,6352.0,6350.2,6357.6,100,127025280,10596,10694,6980.2,5711.4,6345.8,6346.6,0.0,6350.2,0.0,0,0,2017-04-20,34208500,6351.8,1,0,0,0,0,0,0,0,0,6354.2,1,0,0,0,0,0,0,0,0
19,2017-04-20,09:30:09,0,IC1704,CCFX,6352.0,6350.2,6357.6,100,127025280,10596,10694,6980.2,5711.4,6345.8,6346.6,0.0,6350.2,0.0,0,0,2017-04-20,34209000,6351.8,1,0,0,0,0,0,0,0,0,6354.2,1,0,0,0,0,0,0,0,0
20,2017-04-20,09:30:09,500,IC1704,CCFX,6352.0,6350.2,6357.6,100,127025280,10596,10694,6980.2,5711.4,6345.8,6346.6,0.0,6350.2,0.0,0,0,2017-04-20,34209500,6351.8,1,0,0,0,0,0,0,0,0,6354.2,1,0,0,0,0,0,0,0,0
21,2017-04-20,09:30:10,0,IC1704,CCFX,6352.0,6350.2,6357.6,100,127025280,10596,10694,6980.2,5711.4,6345.8,6346.6,0.0,6350.2,0.0,0,0,2017-04-20,34210000,6351.8,1,0,0,0,0,0,0,0,0,6354.2,1,0,0,0,0,0,0,0,0
22,2017-04-20,09:30:10,500,IC1704,CCFX,6352.0,6350.2,6357.6,100,127025280,10596,10694,6980.2,5711.4,6345.8,6346.6,0.0,6350.2,0.0,0,0,2017-04-20,34210500,6351.8,1,0,0,0,0,0,0,0,0,6354.0,1,0,0,0,0,0,0,0,0
23,2017-04-20,09:30:11,0,IC1704,CCFX,6353.8,6350.2,6357.6,103,130836840,10593,10694,6980.2,5711.4,6345.8,6346.6,0.0,6350.2,0.0,0,0,2017-04-20,34211000,6352.0,1,0,0,0,0,0,0,0,0,6354.0,1,0,0,0,0,0,0,0,0
24,2017-04-20,09:30:11,500,IC1704,CCFX,6354.0,6350.2,6357.6,104,132107640,10592,10694,6980.2,5711.4,6345.8,6346.6,0.0,6350.2,0.0,0,0,2017-04-20,34211500,6352.0,1,0,0,0,0,0,0,0,0,6354.4,1,0,0,0,0,0,0,0,0
25,2017-04-20,09:30:12,0,IC1704,CCFX,6355.2,6350.2,6357.6,106,134649560,10590,10694,6980.2,5711.4,6345.8,6346.6,0.0,6350.2,0.0,0,0,2017-04-20,34212000,6355.0,1,0,0,0,0,0,0,0,0,6355.4,2,0,0,0,0,0,0,0,0
26,2017-04-20,09:30:12,500,IC1704,CCFX,6355.0,6350.2,6357.6,107,135920560,10589,10694,6980.2,5711.4,6345.8,6346.6,0.0,6350.2,0.0,0,0,2017-04-20,34212500,6352.0,1,0,0,0,0,0,0,0,0,6355.4,2,0,0,0,0,0,0,0,0
27,2017-04-20,09:30:13,0,IC1704,CCFX,6355.0,6350.2,6357.6,107,135920560,10589,10694,6980.2,5711.4,6345.8,6346.6,0.0,6350.2,0.0,0,0,2017-04-20,34213000,6352.6,1,0,0,0,0,0,0,0,0,6355.4,2,0,0,0,0,0,0,0,0
28,2017-04-20,09:30:13,500,IC1704,CCFX,6352.8,6350.2,6357.6,109,138462200,10587,10694,6980.2,5711.4,6345.8,6346.6,0.0,6350.2,0.0,0,0,2017-04-20,34213500,6352.6,1,0,0,0,0,0,0,0,0,6355.4,1,0,0,0,0,0,0,0,0
29,2017-04-20,09:30:14,0,IC1704,CCFX,6355.4,6350.2,6357.6,110,139733280,10586,10694,6980.2,5711.4,6345.8,6346.6,0.0,6350.2,0.0,0,0,2017-04-20,34214000,6353.2,1,0,0,0,0,0,0,0,0,6355.6,2,0,0,0,0,0,0,0,0
30,2017-04-20,09:30:14,500,IC1704,CCFX,6355.4,6350.2,6357.6,110,139733280,10586,10694,6980.2,5711.4,6345.8,6346.6,0.0,6350.2,0.0,0,0,2017-04-20,34214500,6353.2,1,0,0,0,0,0,0,0,0,6355.6,2,0,0,0,0,0,0,0,0
31,2017-04-20,09:30:15,0,IC1704,CCFX,6355.4,6350.2,6357.6,110,139733280,10586,10694,6980.2,5711.4,6345.8,6346.6,0.0,6350.2,0.0,0,0,2017-04-20,34215000,6353.4,2,0,0,0,0,0,0,0,0,6355.0,1,0,0,0,0,0,0,0,0
32,2017-04-20,09:30:15,500,IC1704,CCFX,6353.6,6350.2,6357.6,113,143546200,10583,10694,6980.2,5711.4,6345.8,6346.6,0.0,6350.2,0.0,0,0,2017-04-20,34215500,6353.4,3,0,0,0,0,0,0,0,0,6355.6,1,0,0,0,0,0,0,0,0
33,2017-04-20,09:30:16,0,IC1704,CCFX,6353.6,6350.2,6357.6,113,143546200,10583,10694,6980.2,5711.4,6345.8,6346.6,0.0,6350.2,0.0,0,0,2017-04-20,34216000,6353.6,1,0,0,0,0,0,0,0,0,6355.6,1,0,0,0,0,0,0,0,0
34,2017-04-20,09:30:16,500,IC1704,CCFX,6355.6,6350.2,6357.6,114,144817320,10582,10694,6980.2,5711.4,6345.8,6346.6,0.0,6350.2,0.0,0,0,2017-04-20,34216500,6353.6,1,0,0,0,0,0,0,0,0,6357.8,3,0,0,0,0,0,0,0,0
35,2017-04-20,09:30:17,0,IC1704,CCFX,6355.6,6350.2,6357.6,114,144817320,10582,10694,6980.2,5711.4,6345.8,6346.6,0.0,6350.2,0.0,0,0,2017-04-20,34217000,6354.0,1,0,0,0,0,0,0,0,0,6357.6,1,0,0,0,0,0,0,0,0
36,2017-04-20,09:30:17,500,IC1704,CCFX,6354.2,6350.2,6357.6,115,146088160,10581,10694,6980.2,5711.4,6345.8,6346.6,0.0,6350.2,0.0,0,0,2017-04-20,34217500,6354.0,1,0,0,0,0,0,0,0,0,6357.6,1,0,0,0,0,0,0,0,0
37,2017-04-20,09:30:18,0,IC1704,CCFX,6354.2,6350.2,6357.6,115,146088160,10581,10694,6980.2,5711.4,6345.8,6346.6,0.0,6350.2,0.0,0,0,2017-04-20,34218000,6354.2,1,0,0,0,0,0,0,0,0,6357.4,2,0,0,0,0,0,0,0,0
38,2017-04-20,09:30:18,500,IC1704,CCFX,6354.2,6350.2,6357.6,115,146088160,10581,10694,6980.2,5711.4,6345.8,6346.6,0.0,6350.2,0.0,0,0,2017-04-20,34218500,6354.6,1,0,0,0,0,0,0,0,0,6357.2,3,0,0,0,0,0,0,0,0
39,2017-04-20,09:30:19,0,IC1704,CCFX,6354.2,6350.2,6357.6,115,146088160,10581,10694,6980.2,5711.4,6345.8,6346.6,0.0,6350.2,0.0,0,0,2017-04-20,34219000,6354.6,1,0,0,0,0,0,0,0,0,6357.2,2,0,0,0,0,0,0,0,0
40,2017-04-20,09:30:19,500,IC1704,CCFX,6354.4,6350.2,6357.6,116,147359040,10580,10694,6980.2,5711.4,6345.8,6346.6,0.0,6350.2,0.0,0,0,2017-04-20,34219500,6354.2,1,0,0,0,0,0,0,0,0,6357.0,2,0,0,0,0,0,0,0,0
41,2017-04-20,09:30:20,0,IC1704,CCFX,6354.4,6350.2,6357.6,116,147359040,10580,10694,6980.2,5711.4,6345.8,6346.6,0.0,6350.2,0.0,0,0,2017-04-20,34220000,6353.0,1,0,0,0,0,0,0,0,0,6356.6,1,0,0,0,0,0,0,0,0
42,2017-04-20,09:30:20,500,IC1704,CCFX,6354.4,6350.2,6357.6,116,147359040,10580,10694,6980.2,5711.4,6345.8,6346.6,0.0,6350.2,0.0,0,0,2017-04-20,34220500,6353.0,1,0,0,0,0,0,0,0,0,6356.4,2,0,0,0,0,0,0,0,0
43,2017-04-20,09:30:21,0,IC1704,CCFX,6354.4,6350.2,6357.6,117,148629920,10579,10694,6980.2,5711.4,6345.8,6346.6,0.0,6350.2,0.0,0,0,2017-04-20,34221000,6353.2,1,0,0,0,0,0,0,0,0,6356.2,2,0,0,0,0,0,0,0,0
44,2017-04-20,09:30:21,500,IC1704,CCFX,6354.4,6350.2,6357.6,117,148629920,10579,10694,6980.2,5711.4,6345.8,6346.6,0.0,6350.2,0.0,0,0,2017-04-20,34221500,6353.2,1,0,0,0,0,0,0,0,0,6356.2,2,0,0,0,0,0,0,0,0
45,2017-04-20,09:30:22,0,IC1704,CCFX,6354.4,6350.2,6357.6,117,148629920,10579,10694,6980.2,5711.4,6345.8,6346.6,0.0,6350.2,0.0,0,0,2017-04-20,34222000,6353.2,1,0,0,0,0,0,0,0,0,6356.2,2,0,0,0,0,0,0,0,0
46,2017-04-20,09:30:22,500,IC1704,CCFX,6353.2,6350.2,6357.6,118,149900560,10578,10694,6980.2,5711.4,6345.8,6346.6,0.0,6350.2,0.0,0,0,2017-04-20,34222500,6353.0,1,0,0,0,0,0,0,0,0,6355.8,1,0,0,0,0,0,0,0,0
47,2017-04-20,09:30:23,0,IC1704,CCFX,6353.2,6350.2,6357.6,118,149900560,10578,10694,6980.2,5711.4,6345.8,6346.6,0.0,6350.2,0.0,0,0,2017-04-20,34223000,6353.0,1,0,0,0,0,0,0,0,0,6355.6,1,0,0,0,0,0,0,0,0
48,2017-04-20,09:30:23,500,IC1704,CCFX,6353.0,6350.2,6357.6,119,151171160,10577,10694,6980.2,5711.4,6345.8,6346.6,0.0,6350.2,0.0,0,0,2017-04-20,34223500,6352.6,1,0,0,0,0,0,0,0,0,6353.0,1,0,0,0,0,0,0,0,0
49,2017-04-20,09:30:24,0,IC1704,CCFX,6353.0,6350.2,6357.6,120,152441760,10576,10694,6980.2,5711.4,6345.8,6346.6,0.0,6350.2,0.0,0,0,2017-04-20,34224000,6354.2,1,0,0,0,0,0,0,0,0,6355.4,1,0,0,0,0,0,0,0,0
50,2017-04-20,09:30:24,500,IC1704,CCFX,6354.0,6350.2,6357.6,121,153712560,10575,10694,6980.2,5711.4,6345.8,6346.6,0.0,6350.2,0.0,0,0,2017-04-20,34224500,6352.6,1,0,0,0,0,0,0,0,0,6355.4,1,0,0,0,0,0,0,0,0
51,2017-04-20,09:30:25,0,IC1704,CCFX,6354.0,6350.2,6357.6,121,153712560,10575,10694,6980.2,5711.4,6345.8,6346.6,0.0,6350.2,0.0,0,0,2017-04-20,34225000,6352.6,1,0,0,0,0,0,0,0,0,6355.0,1,0,0,0,0,0,0,0,0
52,2017-04-20,09:30:25,500,IC1704,CCFX,6354.0,6350.2,6357.6,121,153712560,10575,10694,6980.2,5711.4,6345.8,6346.6,0.0,6350.2,0.0,0,0,2017-04-20,34225500,6353.0,1,0,0,0,0,0,0,0,0,6355.0,1,0,0,0,0,0,0,0,0
53,2017-04-20,09:30:26,0,IC1704,CCFX,6354.0,6350.2,6357.6,121,153712560,10575,10694,6980.2,5711.4,6345.8,6346.6,0.0,6350.2,0.0,0,0,2017-04-20,34226000,6353.0,1,0,0,0,0,0,0,0,0,6354.8,1,0,0,0,0,0,0,0,0
54,2017-04-20,09:30:26,500,IC1704,CCFX,6354.0,6350.2,6357.6,121,153712560,10575,10694,6980.2,5711.4,6345.8,6346.6,0.0,6350.2,0.0,0,0,2017-04-20,34226500,6353.2,1,0,0,0,0,0,0,0,0,6354.8,1,0,0,0,0,0,0,0,0
55,2017-04-20,09:30:27,0,IC1704,CCFX,6354.0,6350.2,6357.6,121,153712560,10575,10694,6980.2,5711.4,6345.8,6346.6,0.0,6350.2,0.0,0,0,2017-04-20,34227000,6354.6,1,0,0,0,0,0,0,0,0,6354.8,1,0,0,0,0,0,0,0,0
56,2017-04-20,09:30:27,500,IC1704,CCFX,6354.6,6350.2,6357.6,123,156254360,10573,10694,6980.2,5711.4,6345.8,6346.6,0.0,6350.2,0.0,0,0,2017-04-20,34227500,6353.4,1,0,0,0,0,0,0,0,0,6354.8,1,0,0,0,0,0,0,0,0
57,2017-04-20,09:30:28,500,IC1704,CCFX,6354.6,6350.2,6357.6,123,156254360,10573,10694,6980.2,5711.4,6345.8,6346.6,0.0,6350.2,0.0,0,0,2017-04-20,34228500,6353.4,1,0,0,0,0,0,0,0,0,6354.8,1,0,0,0,0,0,0,0,0
58,2017-04-20,09:30:29,0,IC1704,CCFX,6354.8,6350.2,6357.6,124,157525320,10572,10694,6980.2,5711.4,6345.8,6346.6,0.0,6350.2,0.0,0,0,2017-04-20,34229000,6353.4,1,0,0,0,0,0,0,0,0,6355.4,1,0,0,0,0,0,0,0,0
59,2017-04-20,09:30:30,500,IC1704,CCFX,6354.8,6350.2,6357.6,124,157525320,10572,10694,6980.2,5711.4,6345.8,6346.6,0.0,6350.2,0.0,0,0,2017-04-20,34230500,6353.4,1,0,0,0,0,0,0,0,0,6355.4,1,0,0,0,0,0,0,0,0
60,2017-04-20,09:30:31,0,IC1704,CCFX,6354.8,6350.2,6357.6,124,157525320,10572,10694,6980.2,5711.4,6345.8,6346.6,0.0,6350.2,0.0,0,0,2017-04-20,34231000,6353.4,1,0,0,0,0,0,0,0,0,6355.4,1,0,0,0,0,0,0,0,0
61,2017-04-20,09:30:33,0,IC1704,CCFX,6354.8,6350.2,6357.6,124,157525320,10572,10694,6980.2,5711.4,6345.8,6346.6,0.0,6350.2,0.0,0,0,2017-04-20,34233000,6353.6,1,0,0,0,0,0,0,0,0,6355.4,1,0,0,0,0,0,0,0,0
62,2017-04-20,09:30:33,500,IC1704,CCFX,6354.8,6350.2,6357.6,124,157525320,10572,10694,6980.2,5711.4,6345.8,6346.6,0.0,6350.2,0.0,0,0,2017-04-20,34233500,6354.6,1,0,0,0,0,0,0,0,0,6355.4,1,0,0,0,0,0,0,0,0
63,2017-04-20,09:30:34,0,IC1704,CCFX,6354.8,6350.2,6357.6,124,157525320,10572,10694,6980.2,5711.4,6345.8,6346.6,0.0,6350.2,0.0,0,0,2017-04-20,34234000,6354.8,1,0,0,0,0,0,0,0,0,6355.4,1,0,0,0,0,0,0,0,0
64,2017-04-20,09:30:34,500,IC1704,CCFX,6355.4,6350.2,6357.6,125,158796400,10571,10694,6980.2,5711.4,6345.8,6346.6,0.0,6350.2,0.0,0,0,2017-04-20,34234500,6354.8,2,0,0,0,0,0,0,0,0,6355.6,1,0,0,0,0,0,0,0,0
65,2017-04-20,09:30:35,0,IC1704,CCFX,6355.4,6350.2,6357.6,125,158796400,10571,10694,6980.2,5711.4,6345.8,6346.6,0.0,6350.2,0.0,0,0,2017-04-20,34235000,6354.8,1,0,0,0,0,0,0,0,0,6355.6,1,0,0,0,0,0,0,0,0
66,2017-04-20,09:30:35,500,IC1704,CCFX,6355.4,6350.2,6357.6,125,158796400,10571,10694,6980.2,5711.4,6345.8,6346.6,0.0,6350.2,0.0,0,0,2017-04-20,34235500,6354.8,1,0,0,0,0,0,0,0,0,6355.6,1,0,0,0,0,0,0,0,0
67,2017-04-20,09:30:36,0,IC1704,CCFX,6355.4,6350.2,6357.6,125,158796400,10571,10694,6980.2,5711.4,6345.8,6346.6,0.0,6350.2,0.0,0,0,2017-04-20,34236000,6355.0,1,0,0,0,0,0,0,0,0,6355.6,1,0,0,0,0,0,0,0,0
68,2017-04-20,09:30:36,500,IC1704,CCFX,6355.6,6350.2,6357.6,127,161338520,10569,10694,6980.2,5711.4,6345.8,6346.6,0.0,6350.2,0.0,0,0,2017-04-20,34236500,6353.8,1,0,0,0,0,0,0,0,0,6354.8,1,0,0,0,0,0,0,0,0
69,2017-04-20,09:30:37,0,IC1704,CCFX,6354.8,6350.2,6357.6,128,162609480,10568,10694,6980.2,5711.4,6345.8,6346.6,0.0,6350.2,0.0,0,0,2017-04-20,34237000,6354.6,1,0,0,0,0,0,0,0,0,6356.2,2,0,0,0,0,0,0,0,0
70,2017-04-20,09:30:37,500,IC1704,CCFX,6354.8,6350.2,6357.6,128,162609480,10568,10694,6980.2,5711.4,6345.8,6346.6,0.0,6350.2,0.0,0,0,2017-04-20,34237500,6353.6,1,0,0,0,0,0,0,0,0,6356.2,2,0,0,0,0,0,0,0,0
71,2017-04-20,09:30:38,500,IC1704,CCFX,6356.2,6350.2,6357.6,129,163880720,10567,10694,6980.2,5711.4,6345.8,6346.6,0.0,6350.2,0.0,0,0,2017-04-20,34238500,6354.0,1,0,0,0,0,0,0,0,0,6356.2,1,0,0,0,0,0,0,0,0
72,2017-04-20,09:30:39,500,IC1704,CCFX,6356.2,6350.2,6357.6,129,163880720,10567,10694,6980.2,5711.4,6345.8,6346.6,0.0,6350.2,0.0,0,0,2017-04-20,34239500,6355.2,1,0,0,0,0,0,0,0,0,6356.2,1,0,0,0,0,0,0,0,0
73,2017-04-20,09:30:40,0,IC1704,CCFX,6356.2,6350.2,6357.6,129,163880720,10567,10694,6980.2,5711.4,6345.8,6346.6,0.0,6350.2,0.0,0,0,2017-04-20,34240000,6355.4,1,0,0,0,0,0,0,0,0,6356.2,1,0,0,0,0,0,0,0,0
74,2017-04-20,09:30:40,500,IC1704,CCFX,6356.2,6350.2,6357.6,129,163880720,10567,10694,6980.2,5711.4,6345.8,6346.6,0.0,6350.2,0.0,0,0,2017-04-20,34240500,6355.4,1,0,0,0,0,0,0,0,0,6356.2,1,0,0,0,0,0,0,0,0
75,2017-04-20,09:30:41,500,IC1704,CCFX,6356.2,6350.2,6357.6,129,163880720,10567,10694,6980.2,5711.4,6345.8,6346.6,0.0,6350.2,0.0,0,0,2017-04-20,34241500,6355.8,1,0,0,0,0,0,0,0,0,6356.2,1,0,0,0,0,0,0,0,0
76,2017-04-20,09:30:42,0,IC1704,CCFX,6356.2,6350.2,6357.6,129,163880720,10567,10694,6980.2,5711.4,6345.8,6346.6,0.0,6350.2,0.0,0,0,2017-04-20,34242000,6356.0,1,0,0,0,0,0,0,0,0,6356.2,1,0,0,0,0,0,0,0,0
77,2017-04-20,09:30:42,500,IC1704,CCFX,6356.0,6350.2,6357.6,130,165151920,10566,10694,6980.2,5711.4,6345.8,6346.6,0.0,6350.2,0.0,0,0,2017-04-20,34242500,6355.4,1,0,0,0,0,0,0,0,0,6356.2,2,0,0,0,0,0,0,0,0
78,2017-04-20,09:30:43,0,IC1704,CCFX,6356.2,6350.2,6357.6,132,167694320,10564,10694,6980.2,5711.4,6345.8,6346.6,0.0,6350.2,0.0,0,0,2017-04-20,34243000,6355.4,1,0,0,0,0,0,0,0,0,6356.2,1,0,0,0,0,0,0,0,0
79,2017-04-20,09:30:43,500,IC1704,CCFX,6356.2,6350.2,6357.6,132,167694320,10564,10694,6980.2,5711.4,6345.8,6346.6,0.0,6350.2,0.0,0,0,2017-04-20,34243500,6355.4,1,0,0,0,0,0,0,0,0,6356.0,1,0,0,0,0,0,0,0,0
80,2017-04-20,09:30:44,500,IC1704,CCFX,6356.2,6350.2,6357.6,132,167694320,10564,10694,6980.2,5711.4,6345.8,6346.6,0.0,6350.2,0.0,0,0,2017-04-20,34244500,6355.4,1,0,0,0,0,0,0,0,0,6355.6,1,0,0,0,0,0,0,0,0
81,2017-04-20,09:30:45,0,IC1704,CCFX,6356.2,6350.2,6357.6,133,168965560,10563,10694,6980.2,5711.4,6345.8,6346.6,0.0,6350.2,0.0,0,0,2017-04-20,34245000,6355.4,1,0,0,0,0,0,0,0,0,6356.0,1,0,0,0,0,0,0,0,0
82,2017-04-20,09:30:45,500,IC1704,CCFX,6356.2,6350.2,6357.6,133,168965560,10563,10694,6980.2,5711.4,6345.8,6346.6,0.0,6350.2,0.0,0,0,2017-04-20,34245500,6355.6,1,0,0,0,0,0,0,0,0,6355.8,1,0,0,0,0,0,0,0,0
83,2017-04-20,09:30:46,0,IC1704,CCFX,6356.2,6350.2,6357.6,133,168965560,10563,10694,6980.2,5711.4,6345.8,6346.6,0.0,6350.2,0.0,0,0,2017-04-20,34246000,6355.6,1,0,0,0,0,0,0,0,0,6355.8,1,0,0,0,0,0,0,0,0
84,2017-04-20,09:30:46,500,IC1704,CCFX,6356.2,6350.2,6357.6,133,168965560,10563,10694,6980.2,5711.4,6345.8,6346.6,0.0,6350.2,0.0,0,0,2017-04-20,34246500,6355.6,1,0,0,0,0,0,0,0,0,6355.8,1,0,0,0,0,0,0,0,0
85,2017-04-20,09:30:47,0,IC1704,CCFX,6355.6,6350.2,6357.6,134,170236680,10562,10694,6980.2,5711.4,6345.8,6346.6,0.0,6350.2,0.0,0,0,2017-04-20,34247000,6355.4,1,0,0,0,0,0,0,0,0,6355.8,1,0,0,0,0,0,0,0,0
86,2017-04-20,09:30:47,500,IC1704,CCFX,6356.0,6350.2,6357.6,136,172779040,10560,10694,6980.2,5711.4,6345.8,6346.6,0.0,6350.2,0.0,0,0,2017-04-20,34247500,6356.0,3,0,0,0,0,0,0,0,0,6356.2,1,0,0,0,0,0,0,0,0
87,2017-04-20,09:30:48,500,IC1704,CCFX,6356.0,6350.2,6357.6,137,174050240,10559,10694,6980.2,5711.4,6345.8,6346.6,0.0,6350.2,0.0,0,0,2017-04-20,34248500,6356.0,3,0,0,0,0,0,0,0,0,6356.2,1,0,0,0,0,0,0,0,0
88,2017-04-20,09:30:49,0,IC1704,CCFX,6356.0,6350.2,6357.6,140,177863840,10556,10694,6980.2,5711.4,6345.8,6346.6,0.0,6350.2,0.0,0,0,2017-04-20,34249000,6355.4,1,0,0,0,0,0,0,0,0,6356.2,1,0,0,0,0,0,0,0,0
89,2017-04-20,09:30:49,500,IC1704,CCFX,6356.0,6350.2,6357.6,142,180406120,10554,10694,6980.2,5711.4,6345.8,6346.6,0.0,6350.2,0.0,0,0,2017-04-20,34249500,6354.2,1,0,0,0,0,0,0,0,0,6356.2,1,0,0,0,0,0,0,0,0
90,2017-04-20,09:30:50,0,IC1704,CCFX,6356.0,6350.2,6357.6,142,180406120,10554,10694,6980.2,5711.4,6345.8,6346.6,0.0,6350.2,0.0,0,0,2017-04-20,34250000,6354.2,1,0,0,0,0,0,0,0,0,6356.0,1,0,0,0,0,0,0,0,0
91,2017-04-20,09:30:50,500,IC1704,CCFX,6356.0,6350.2,6357.6,143,181677320,10553,10694,6980.2,5711.4,6345.8,6346.6,0.0,6350.2,0.0,0,0,2017-04-20,34250500,6354.2,1,0,0,0,0,0,0,0,0,6356.2,1,0,0,0,0,0,0,0,0
92,2017-04-20,09:30:51,0,IC1704,CCFX,6356.0,6350.2,6357.6,143,181677320,10553,10694,6980.2,5711.4,6345.8,6346.6,0.0,6350.2,0.0,0,0,2017-04-20,34251000,6354.2,1,0,0,0,0,0,0,0,0,6356.0,1,0,0,0,0,0,0,0,0
93,2017-04-20,09:30:51,500,IC1704,CCFX,6356.0,6350.2,6357.6,143,181677320,10553,10694,6980.2,5711.4,6345.8,6346.6,0.0,6350.2,0.0,0,0,2017-04-20,34251500,6354.6,1,0,0,0,0,0,0,0,0,6356.0,1,0,0,0,0,0,0,0,0
94,2017-04-20,09:30:53,0,IC1704,CCFX,6356.0,6350.2,6357.6,143,181677320,10553,10694,6980.2,5711.4,6345.8,6346.6,0.0,6350.2,0.0,0,0,2017-04-20,34253000,6354.2,1,0,0,0,0,0,0,0,0,6356.0,1,0,0,0,0,0,0,0,0
95,2017-04-20,09:30:54,0,IC1704,CCFX,6356.0,6350.2,6357.6,143,181677320,10553,10694,6980.2,5711.4,6345.8,6346.6,0.0,6350.2,0.0,0,0,2017-04-20,34254000,6354.2,1,0,0,0,0,0,0,0,0,6355.8,1,0,0,0,0,0,0,0,0
96,2017-04-20,09:30:54,500,IC1704,CCFX,6356.0,6350.2,6357.6,144,182948520,10552,10694,6980.2,5711.4,6345.8,6346.6,0.0,6350.2,0.0,0,0,2017-04-20,34254500,6354.2,1,0,0,0,0,0,0,0,0,6356.0,1,0,0,0,0,0,0,0,0
97,2017-04-20,09:30:55,0,IC1704,CCFX,6356.0,6350.2,6357.6,144,182948520,10552,10694,6980.2,5711.4,6345.8,6346.6,0.0,6350.2,0.0,0,0,2017-04-20,34255000,6354.6,1,0,0,0,0,0,0,0,0,6355.4,1,0,0,0,0,0,0,0,0
98,2017-04-20,09:30:55,500,IC1704,CCFX,6355.6,6350.2,6357.6,145,184219640,10551,10694,6980.2,5711.4,6345.8,6346.6,0.0,6350.2,0.0,0,0,2017-04-20,34255500,6354.6,1,0,0,0,0,0,0,0,0,6356.0,2,0,0,0,0,0,0,0,0
99,2017-04-20,09:30:57,500,IC1704,CCFX,6355.6,6350.2,6357.6,145,184219640,10551,10694,6980.2,5711.4,6345.8,6346.6,0.0,6350.2,0.0,0,0,2017-04-20,34257500,6354.6,1,0,0,0,0,0,0,0,0,6356.0,2,0,0,0,0,0,0,0,0
100,2017-04-20,09:30:58,0,IC1704,CCFX,6354.6,6350.2,6357.6,148,188032960,10548,10694,6980.2,5711.4,6345.8,6346.6,0.0,6350.2,0.0,0,0,2017-04-20,34258000,6354.2,1,0,0,0,0,0,0,0,0,6356.2,1,0,0,0,0,0,0,0,0
101,2017-04-20,09:31:00,500,IC1704,CCFX,6356.2,6350.2,6357.6,150,190575400,10546,10694,6980.2,5711.4,6345.8,6346.6,0.0,6350.2,0.0,0,0,2017-04-20,34260500,6354.2,1,0,0,0,0,0,0,0,0,6356.4,1,0,0,0,0,0,0,0,0
102,2017-04-20,09:31:01,0,IC1704,CCFX,6356.0,6350.2,6357.6,151,191846600,10545,10694,6980.2,5711.4,6345.8,6346.6,0.0,6350.2,0.0,0,0,2017-04-20,34261000,6356.0,1,0,0,0,0,0,0,0,0,6356.4,1,0,0,0,0,0,0,0,0
103,2017-04-20,09:31:01,500,IC1704,CCFX,6356.0,6350.2,6357.6,151,191846600,10545,10694,6980.2,5711.4,6345.8,6346.6,0.0,6350.2,0.0,0,0,2017-04-20,34261500,6356.2,1,0,0,0,0,0,0,0,0,6356.4,1,0,0,0,0,0,0,0,0
104,2017-04-20,09:31:02,0,IC1704,CCFX,6356.4,6350.2,6357.6,152,193117880,10544,10694,6980.2,5711.4,6345.8,6346.6,0.0,6350.2,0.0,0,0,2017-04-20,34262000,6356.2,1,0,0,0,0,0,0,0,0,6356.6,1,0,0,0,0,0,0,0,0
105,2017-04-20,09:31:02,500,IC1704,CCFX,6356.4,6350.2,6357.6,153,194389160,10543,10694,6980.2,5711.4,6345.8,6346.6,0.0,6350.2,0.0,0,0,2017-04-20,34262500,6356.2,1,0,0,0,0,0,0,0,0,6356.6,1,0,0,0,0,0,0,0,0
106,2017-04-20,09:31:03,0,IC1704,CCFX,6356.4,6350.2,6357.6,153,194389160,10543,10694,6980.2,5711.4,6345.8,6346.6,0.0,6350.2,0.0,0,0,2017-04-20,34263000,6356.4,1,0,0,0,0,0,0,0,0,6356.6,1,0,0,0,0,0,0,0,0
107,2017-04-20,09:31:04,0,IC1704,CCFX,6356.4,6350.2,6357.6,153,194389160,10543,10694,6980.2,5711.4,6345.8,6346.6,0.0,6350.2,0.0,0,0,2017-04-20,34264000,6356.4,1,0,0,0,0,0,0,0,0,6356.6,1,0,0,0,0,0,0,0,0
108,2017-04-20,09:31:04,500,IC1704,CCFX,6356.6,6350.2,6357.6,154,195660480,10542,10694,6980.2,5711.4,6345.8,6346.6,0.0,6350.2,0.0,0,0,2017-04-20,34264500,6356.4,1,0,0,0,0,0,0,0,0,6356.8,4,0,0,0,0,0,0,0,0
109,2017-04-20,09:31:05,0,IC1704,CCFX,6356.8,6350.2,6357.6,155,196931840,10541,10694,6980.2,5711.4,6345.8,6346.6,0.0,6350.2,0.0,0,0,2017-04-20,34265000,6356.4,1,0,0,0,0,0,0,0,0,6356.8,3,0,0,0,0,0,0,0,0
110,2017-04-20,09:31:05,500,IC1704,CCFX,6356.8,6350.2,6357.6,159,202017200,10537,10694,6980.2,5711.4,6345.8,6346.6,0.0,6350.2,0.0,0,0,2017-04-20,34265500,6354.6,1,0,0,0,0,0,0,0,0,6357.8,3,0,0,0,0,0,0,0,0
111,2017-04-20,09:31:06,0,IC1704,CCFX,6356.8,6350.2,6357.6,159,202017200,10537,10694,6980.2,5711.4,6345.8,6346.6,0.0,6350.2,0.0,0,0,2017-04-20,34266000,6354.8,1,0,0,0,0,0,0,0,0,6357.4,1,0,0,0,0,0,0,0,0
112,2017-04-20,09:31:06,500,IC1704,CCFX,6356.8,6350.2,6357.6,159,202017200,10537,10694,6980.2,5711.4,6345.8,6346.6,0.0,6350.2,0.0,0,0,2017-04-20,34266500,6357.0,1,0,0,0,0,0,0,0,0,6357.2,1,0,0,0,0,0,0,0,0
113,2017-04-20,09:31:07,0,IC1704,CCFX,6357.2,6350.2,6357.6,161,204560040,10535,10694,6980.2,5711.4,6345.8,6346.6,0.0,6350.2,0.0,0,0,2017-04-20,34267000,6355.6,1,0,0,0,0,0,0,0,0,6357.8,3,0,0,0,0,0,0,0,0
114,2017-04-20,09:31:07,500,IC1704,CCFX,6357.2,6350.2,6357.6,161,204560040,10535,10694,6980.2,5711.4,6345.8,6346.6,0.0,6350.2,0.0,0,0,2017-04-20,34267500,6355.6,1,0,0,0,0,0,0,0,0,6357.6,1,0,0,0,0,0,0,0,0
115,2017-04-20,09:31:08,0,IC1704,CCFX,6355.6,6350.2,6357.6,162,205831160,10534,10694,6980.2,5711.4,6345.8,6346.6,0.0,6350.2,0.0,0,0,2017-04-20,34268000,6354.2,1,0,0,0,0,0,0,0,0,6354.6,4,0,0,0,0,0,0,0,0
116,2017-04-20,09:31:08,500,IC1704,CCFX,6354.6,6350.2,6357.6,166,210914840,10530,10694,6980.2,5711.4,6345.8,6346.6,0.0,6350.2,0.0,0,0,2017-04-20,34268500,6354.2,1,0,0,0,0,0,0,0,0,6356.2,2,0,0,0,0,0,0,0,0
117,2017-04-20,09:31:09,0,IC1704,CCFX,6354.6,6350.2,6357.6,166,210914840,10530,10694,6980.2,5711.4,6345.8,6346.6,0.0,6350.2,0.0,0,0,2017-04-20,34269000,6354.2,1,0,0,0,0,0,0,0,0,6356.0,1,0,0,0,0,0,0,0,0
118,2017-04-20,09:31:10,0,IC1704,CCFX,6354.6,6350.2,6357.6,167,212185760,10529,10694,6980.2,5711.4,6345.8,6346.6,0.0,6350.2,0.0,0,0,2017-04-20,34270000,6354.8,1,0,0,0,0,0,0,0,0,6356.0,1,0,0,0,0,0,0,0,0
119,2017-04-20,09:31:10,500,IC1704,CCFX,6354.6,6350.2,6357.6,167,212185760,10529,10694,6980.2,5711.4,6345.8,6346.6,0.0,6350.2,0.0,0,0,2017-04-20,34270500,6355.6,1,0,0,0,0,0,0,0,0,6356.0,1,0,0,0,0,0,0,0,0
120,2017-04-20,09:31:11,0,IC1704,CCFX,6356.2,6350.2,6357.6,169,214728200,10527,10694,6980.2,5711.4,6345.8,6346.6,0.0,6350.2,0.0,0,0,2017-04-20,34271000,6355.6,1,0,0,0,0,0,0,0,0,6356.0,1,0,0,0,0,0,0,0,0
121,2017-04-20,09:31:11,500,IC1704,CCFX,6356.0,6350.2,6357.6,170,215999400,10526,10694,6980.2,5711.4,6345.8,6346.6,0.0,6350.2,0.0,0,0,2017-04-20,34271500,6356.0,4,0,0,0,0,0,0,0,0,6356.2,1,0,0,0,0,0,0,0,0
122,2017-04-20,09:31:12,0,IC1704,CCFX,6356.2,6350.2,6357.6,171,217270640,10525,10694,6980.2,5711.4,6345.8,6346.6,0.0,6350.2,0.0,0,0,2017-04-20,34272000,6356.0,4,0,0,0,0,0,0,0,0,6357.8,3,0,0,0,0,0,0,0,0
123,2017-04-20,09:31:13,0,IC1704,CCFX,6356.2,6350.2,6357.6,171,217270640,10525,10694,6980.2,5711.4,6345.8,6346.6,0.0,6350.2,0.0,0,0,2017-04-20,34273000,6356.0,5,0,0,0,0,0,0,0,0,6357.8,3,0,0,0,0,0,0,0,0
124,2017-04-20,09:31:13,500,IC1704,CCFX,6356.2,6350.2,6357.6,171,217270640,10525,10694,6980.2,5711.4,6345.8,6346.6,0.0,6350.2,0.0,0,0,2017-04-20,34273500,6357.2,1,0,0,0,0,0,0,0,0,6357.8,3,0,0,0,0,0,0,0,0
125,2017-04-20,09:31:14,0,IC1704,CCFX,6356.2,6350.2,6357.6,172,218541880,10524,10694,6980.2,5711.4,6345.8,6346.6,0.0,6350.2,0.0,0,0,2017-04-20,34274000,6356.2,1,0,0,0,0,0,0,0,0,6357.8,3,0,0,0,0,0,0,0,0
126,2017-04-20,09:31:14,500,IC1704,CCFX,6356.2,6350.2,6357.6,172,218541880,10524,10694,6980.2,5711.4,6345.8,6346.6,0.0,6350.2,0.0,0,0,2017-04-20,34274500,6356.2,1,0,0,0,0,0,0,0,0,6357.8,4,0,0,0,0,0,0,0,0
127,2017-04-20,09:31:15,500,IC1704,CCFX,6356.2,6350.2,6357.6,172,218541880,10524,10694,6980.2,5711.4,6345.8,6346.6,0.0,6350.2,0.0,0,0,2017-04-20,34275500,6356.2,1,0,0,0,0,0,0,0,0,6357.8,4,0,0,0,0,0,0,0,0
128,2017-04-20,09:31:16,0,IC1704,CCFX,6357.8,6350.2,6357.8,173,219813440,10523,10694,6980.2,5711.4,6345.8,6346.6,0.0,6350.2,0.0,0,0,2017-04-20,34276000,6356.2,1,0,0,0,0,0,0,0,0,6357.8,3,0,0,0,0,0,0,0,0
129,2017-04-20,09:31:17,0,IC1704,CCFX,6357.8,6350.2,6357.8,173,219813440,10523,10694,6980.2,5711.4,6345.8,6346.6,0.0,6350.2,0.0,0,0,2017-04-20,34277000,6356.2,1,0,0,0,0,0,0,0,0,6357.8,3,0,0,0,0,0,0,0,0
130,2017-04-20,09:31:17,500,IC1704,CCFX,6357.8,6350.2,6357.8,173,219813440,10523,10694,6980.2,5711.4,6345.8,6346.6,0.0,6350.2,0.0,0,0,2017-04-20,34277500,6356.2,1,0,0,0,0,0,0,0,0,6357.8,3,0,0,0,0,0,0,0,0
131,2017-04-20,09:31:19,0,IC1704,CCFX,6357.8,6350.2,6357.8,176,223628120,10520,10694,6980.2,5711.4,6345.8,6346.6,0.0,6350.2,0.0,0,0,2017-04-20,34279000,6356.2,1,0,0,0,0,0,0,0,0,6358.0,4,0,0,0,0,0,0,0,0
132,2017-04-20,09:31:19,500,IC1704,CCFX,6358.0,6350.2,6358.0,180,228714480,10516,10694,6980.2,5711.4,6345.8,6346.6,0.0,6350.2,0.0,0,0,2017-04-20,34279500,6356.2,1,0,0,0,0,0,0,0,0,6358.0,1,0,0,0,0,0,0,0,0
133,2017-04-20,09:31:20,0,IC1704,CCFX,6358.0,6350.2,6358.0,180,228714480,10516,10694,6980.2,5711.4,6345.8,6346.6,0.0,6350.2,0.0,0,0,2017-04-20,34280000,6356.2,1,0,0,0,0,0,0,0,0,6357.8,1,0,0,0,0,0,0,0,0
134,2017-04-20,09:31:20,500,IC1704,CCFX,6358.0,6350.2,6358.0,180,228714480,10516,10694,6980.2,5711.4,6345.8,6346.6,0.0,6350.2,0.0,0,0,2017-04-20,34280500,6356.4,2,0,0,0,0,0,0,0,0,6357.8,2,0,0,0,0,0,0,0,0
135,2017-04-20,09:31:21,0,IC1704,CCFX,6357.8,6350.2,6358.0,181,229986040,10515,10694,6980.2,5711.4,6345.8,6346.6,0.0,6350.2,0.0,0,0,2017-04-20,34281000,6356.4,2,0,0,0,0,0,0,0,0,6357.8,1,0,0,0,0,0,0,0,0
136,2017-04-20,09:31:21,500,IC1704,CCFX,6357.8,6350.2,6358.0,181,229986040,10515,10694,6980.2,5711.4,6345.8,6346.6,0.0,6350.2,0.0,0,0,2017-04-20,34281500,6356.4,2,0,0,0,0,0,0,0,0,6357.8,1,0,0,0,0,0,0,0,0
137,2017-04-20,09:31:22,0,IC1704,CCFX,6356.4,6350.2,6358.0,184,233799920,10513,10694,6980.2,5711.4,6345.8,6346.6,0.0,6350.2,0.0,0,0,2017-04-20,34282000,6356.2,7,0,0,0,0,0,0,0,0,6357.8,1,0,0,0,0,0,0,0,0
138,2017-04-20,09:31:22,500,IC1704,CCFX,6358.0,6350.2,6358.0,186,236343080,10511,10694,6980.2,5711.4,6345.8,6346.6,0.0,6350.2,0.0,0,0,2017-04-20,34282500,6358.0,1,0,0,0,0,0,0,0,0,6358.8,4,0,0,0,0,0,0,0,0
139,2017-04-20,09:31:23,0,IC1704,CCFX,6358.0,6350.2,6358.0,187,237614680,10510,10694,6980.2,5711.4,6345.8,6346.6,0.0,6350.2,0.0,0,0,2017-04-20,34283000,6356.2,7,0,0,0,0,0,0,0,0,6358.8,4,0,0,0,0,0,0,0,0
140,2017-04-20,09:31:23,500,IC1704,CCFX,6358.0,6350.2,6358.0,187,237614680,10510,10694,6980.2,5711.4,6345.8,6346.6,0.0,6350.2,0.0,0,0,2017-04-20,34283500,6356.4,1,0,0,0,0,0,0,0,0,6358.0,1,0,0,0,0,0,0,0,0
141,2017-04-20,09:31:24,0,IC1704,CCFX,6358.0,6350.2,6358.0,187,237614680,10510,10694,6980.2,5711.4,6345.8,6346.6,0.0,6350.2,0.0,0,0,2017-04-20,34284000,6356.2,7,0,0,0,0,0,0,0,0,6357.8,1,0,0,0,0,0,0,0,0
142,2017-04-20,09:31:24,500,IC1704,CCFX,6358.0,6350.2,6358.0,187,237614680,10510,10694,6980.2,5711.4,6345.8,6346.6,0.0,6350.2,0.0,0,0,2017-04-20,34284500,6357.0,1,0,0,0,0,0,0,0,0,6357.8,2,0,0,0,0,0,0,0,0
143,2017-04-20,09:31:25,500,IC1704,CCFX,6358.0,6350.2,6358.0,187,237614680,10510,10694,6980.2,5711.4,6345.8,6346.6,0.0,6350.2,0.0,0,0,2017-04-20,34285500,6357.0,1,0,0,0,0,0,0,0,0,6357.6,1,0,0,0,0,0,0,0,0
144,2017-04-20,09:31:26,0,IC1704,CCFX,6357.8,6350.2,6358.0,189,240157800,10508,10694,6980.2,5711.4,6345.8,6346.6,0.0,6350.2,0.0,0,0,2017-04-20,34286000,6357.6,1,0,0,0,0,0,0,0,0,6357.8,1,0,0,0,0,0,0,0,0
145,2017-04-20,09:31:27,0,IC1704,CCFX,6357.8,6350.2,6358.0,190,241429360,10507,10694,6980.2,5711.4,6345.8,6346.6,0.0,6350.2,0.0,0,0,2017-04-20,34287000,6357.0,1,0,0,0,0,0,0,0,0,6358.0,1,0,0,0,0,0,0,0,0
146,2017-04-20,09:31:28,0,IC1704,CCFX,6357.8,6350.2,6358.0,190,241429360,10507,10694,6980.2,5711.4,6345.8,6346.6,0.0,6350.2,0.0,0,0,2017-04-20,34288000,6356.4,1,0,0,0,0,0,0,0,0,6357.6,5,0,0,0,0,0,0,0,0
147,2017-04-20,09:31:28,500,IC1704,CCFX,6357.8,6350.2,6358.0,190,241429360,10507,10694,6980.2,5711.4,6345.8,6346.6,0.0,6350.2,0.0,0,0,2017-04-20,34288500,6356.4,1,0,0,0,0,0,0,0,0,6357.6,5,0,0,0,0,0,0,0,0
148,2017-04-20,09:31:29,500,IC1704,CCFX,6357.8,6350.2,6358.0,190,241429360,10507,10694,6980.2,5711.4,6345.8,6346.6,0.0,6350.2,0.0,0,0,2017-04-20,34289500,6356.4,1,0,0,0,0,0,0,0,0,6357.4,1,0,0,0,0,0,0,0,0
149,2017-04-20,09:31:30,0,IC1704,CCFX,6357.8,6350.2,6358.0,190,241429360,10507,10694,6980.2,5711.4,6345.8,6346.6,0.0,6350.2,0.0,0,0,2017-04-20,34290000,6356.4,1,0,0,0,0,0,0,0,0,6357.4,2,0,0,0,0,0,0,0,0
150,2017-04-20,09:31:30,500,IC1704,CCFX,6357.8,6350.2,6358.0,190,241429360,10507,10694,6980.2,5711.4,6345.8,6346.6,0.0,6350.2,0.0,0,0,2017-04-20,34290500,6357.2,1,0,0,0,0,0,0,0,0,6357.4,2,0,0,0,0,0,0,0,0
151,2017-04-20,09:31:31,0,IC1704,CCFX,6357.4,6350.2,6358.0,196,249057760,10503,10694,6980.2,5711.4,6345.8,6346.6,0.0,6350.2,0.0,0,0,2017-04-20,34291000,6356.2,6,0,0,0,0,0,0,0,0,6357.6,5,0,0,0,0,0,0,0,0
152,2017-04-20,09:31:31,500,IC1704,CCFX,6357.4,6350.2,6358.0,196,249057760,10503,10694,6980.2,5711.4,6345.8,6346.6,0.0,6350.2,0.0,0,0,2017-04-20,34291500,6356.2,6,0,0,0,0,0,0,0,0,6357.4,1,0,0,0,0,0,0,0,0
153,2017-04-20,09:31:32,0,IC1704,CCFX,6357.4,6350.2,6358.0,197,250329240,10502,10694,6980.2,5711.4,6345.8,6346.6,0.0,6350.2,0.0,0,0,2017-04-20,34292000,6357.4,1,0,0,0,0,0,0,0,0,6357.6,5,0,0,0,0,0,0,0,0
154,2017-04-20,09:31:32,500,IC1704,CCFX,6357.6,6350.2,6358.0,202,256686800,10498,10694,6980.2,5711.4,6345.8,6346.6,0.0,6350.2,0.0,0,0,2017-04-20,34292500,6356.2,6,0,0,0,0,0,0,0,0,6357.6,1,0,0,0,0,0,0,0,0
155,2017-04-20,09:31:33,0,IC1704,CCFX,6357.6,6350.2,6358.0,202,256686800,10498,10694,6980.2,5711.4,6345.8,6346.6,0.0,6350.2,0.0,0,0,2017-04-20,34293000,6356.2,6,0,0,0,0,0,0,0,0,6357.2,1,0,0,0,0,0,0,0,0
156,2017-04-20,09:31:34,0,IC1704,CCFX,6357.6,6350.2,6358.0,202,256686800,10498,10694,6980.2,5711.4,6345.8,6346.6,0.0,6350.2,0.0,0,0,2017-04-20,34294000,6356.2,6,0,0,0,0,0,0,0,0,6357.2,1,0,0,0,0,0,0,0,0
157,2017-04-20,09:31:34,500,IC1704,CCFX,6357.6,6350.2,6358.0,203,257958320,10498,10694,6980.2,5711.4,6345.8,6346.6,0.0,6350.2,0.0,0,0,2017-04-20,34294500,6356.2,6,0,0,0,0,0,0,0,0,6357.6,1,0,0,0,0,0,0,0,0
158,2017-04-20,09:31:35,0,IC1704,CCFX,6357.6,6350.2,6358.0,203,257958320,10498,10694,6980.2,5711.4,6345.8,6346.6,0.0,6350.2,0.0,0,0,2017-04-20,34295000,6356.4,1,0,0,0,0,0,0,0,0,6357.6,1,0,0,0,0,0,0,0,0
159,2017-04-20,09:31:35,500,IC1704,CCFX,6357.6,6350.2,6358.0,203,257958320,10498,10694,6980.2,5711.4,6345.8,6346.6,0.0,6350.2,0.0,0,0,2017-04-20,34295500,6356.4,3,0,0,0,0,0,0,0,0,6357.6,1,0,0,0,0,0,0,0,0
160,2017-04-20,09:31:36,500,IC1704,CCFX,6357.6,6350.2,6358.0,204,259229840,10497,10694,6980.2,5711.4,6345.8,6346.6,0.0,6350.2,0.0,0,0,2017-04-20,34296500,6357.6,4,0,0,0,0,0,0,0,0,6358.0,2,0,0,0,0,0,0,0,0
161,2017-04-20,09:31:37,0,IC1704,CCFX,6358.0,6350.2,6358.0,206,261773040,10495,10694,6980.2,5711.4,6345.8,6346.6,0.0,6350.2,0.0,0,0,2017-04-20,34297000,6358.0,1,0,0,0,0,0,0,0,0,6358.8,4,0,0,0,0,0,0,0,0
162,2017-04-20,09:31:37,500,IC1704,CCFX,6358.8,6350.2,6358.8,207,263044800,10494,10694,6980.2,5711.4,6345.8,6346.6,0.0,6350.2,0.0,0,0,2017-04-20,34297500,6358.0,1,0,0,0,0,0,0,0,0,6358.8,3,0,0,0,0,0,0,0,0
163,2017-04-20,09:31:38,0,IC1704,CCFX,6358.8,6350.2,6358.8,209,265588320,10492,10694,6980.2,5711.4,6345.8,6346.6,0.0,6350.2,0.0,0,0,2017-04-20,34298000,6358.2,1,0,0,0,0,0,0,0,0,6358.8,1,0,0,0,0,0,0,0,0
164,2017-04-20,09:31:38,500,IC1704,CCFX,6358.8,6350.2,6358.8,210,266860080,10491,10694,6980.2,5711.4,6345.8,6346.6,0.0,6350.2,0.0,0,0,2017-04-20,34298500,6358.8,1,0,0,0,0,0,0,0,0,6359.6,1,0,0,0,0,0,0,0,0
165,2017-04-20,09:31:39,0,IC1704,CCFX,6358.8,6350.2,6358.8,210,266860080,10491,10694,6980.2,5711.4,6345.8,6346.6,0.0,6350.2,0.0,0,0,2017-04-20,34299000,6359.0,2,0,0,0,0,0,0,0,0,6359.6,1,0,0,0,0,0,0,0,0
166,2017-04-20,09:31:39,500,IC1704,CCFX,6358.8,6350.2,6358.8,210,266860080,10491,10694,6980.2,5711.4,6345.8,6346.6,0.0,6350.2,0.0,0,0,2017-04-20,34299500,6359.0,2,0,0,0,0,0,0,0,0,6359.6,1,0,0,0,0,0,0,0,0
167,2017-04-20,09:31:40,0,IC1704,CCFX,6358.8,6350.2,6358.8,210,266860080,10491,10694,6980.2,5711.4,6345.8,6346.6,0.0,6350.2,0.0,0,0,2017-04-20,34300000,6359.0,2,0,0,0,0,0,0,0,0,6359.6,1,0,0,0,0,0,0,0,0
168,2017-04-20,09:31:40,500,IC1704,CCFX,6359.6,6350.2,6359.6,211,268132000,10490,10694,6980.2,5711.4,6345.8,6346.6,0.0,6350.2,0.0,0,0,2017-04-20,34300500,6359.0,1,0,0,0,0,0,0,0,0,6359.8,2,0,0,0,0,0,0,0,0
169,2017-04-20,09:31:41,0,IC1704,CCFX,6359.8,6350.2,6359.8,213,270675920,10488,10694,6980.2,5711.4,6345.8,6346.6,0.0,6350.2,0.0,0,0,2017-04-20,34301000,6359.8,1,0,0,0,0,0,0,0,0,6363.4,1,0,0,0,0,0,0,0,0
170,2017-04-20,09:31:41,500,IC1704,CCFX,6359.8,6350.2,6359.8,213,270675920,10488,10694,6980.2,5711.4,6345.8,6346.6,0.0,6350.2,0.0,0,0,2017-04-20,34301500,6360.8,1,0,0,0,0,0,0,0,0,6363.0,1,0,0,0,0,0,0,0,0
171,2017-04-20,09:31:42,0,IC1704,CCFX,6359.8,6350.2,6359.8,213,270675920,10488,10694,6980.2,5711.4,6345.8,6346.6,0.0,6350.2,0.0,0,0,2017-04-20,34302000,6361.0,2,0,0,0,0,0,0,0,0,6362.8,1,0,0,0,0,0,0,0,0
172,2017-04-20,09:31:42,500,IC1704,CCFX,6359.8,6350.2,6359.8,213,270675920,10488,10694,6980.2,5711.4,6345.8,6346.6,0.0,6350.2,0.0,0,0,2017-04-20,34302500,6361.0,3,0,0,0,0,0,0,0,0,6363.0,1,0,0,0,0,0,0,0,0
173,2017-04-20,09:31:43,0,IC1704,CCFX,6359.8,6350.2,6359.8,213,270675920,10488,10694,6980.2,5711.4,6345.8,6346.6,0.0,6350.2,0.0,0,0,2017-04-20,34303000,6361.0,3,0,0,0,0,0,0,0,0,6363.0,1,0,0,0,0,0,0,0,0
174,2017-04-20,09:31:43,500,IC1704,CCFX,6359.8,6350.2,6359.8,216,274491800,10485,10694,6980.2,5711.4,6345.8,6346.6,0.0,6350.2,0.0,0,0,2017-04-20,34303500,6359.8,1,0,0,0,0,0,0,0,0,6362.8,1,0,0,0,0,0,0,0,0
175,2017-04-20,09:31:44,0,IC1704,CCFX,6359.8,6350.2,6359.8,216,274491800,10485,10694,6980.2,5711.4,6345.8,6346.6,0.0,6350.2,0.0,0,0,2017-04-20,34304000,6359.8,1,0,0,0,0,0,0,0,0,6362.4,1,0,0,0,0,0,0,0,0
176,2017-04-20,09:31:44,500,IC1704,CCFX,6359.8,6350.2,6359.8,216,274491800,10485,10694,6980.2,5711.4,6345.8,6346.6,0.0,6350.2,0.0,0,0,2017-04-20,34304500,6359.8,1,0,0,0,0,0,0,0,0,6362.4,1,0,0,0,0,0,0,0,0
177,2017-04-20,09:31:45,500,IC1704,CCFX,6359.8,6350.2,6359.8,216,274491800,10485,10694,6980.2,5711.4,6345.8,6346.6,0.0,6350.2,0.0,0,0,2017-04-20,34305500,6359.8,1,0,0,0,0,0,0,0,0,6362.4,1,0,0,0,0,0,0,0,0
178,2017-04-20,09:31:46,0,IC1704,CCFX,6359.8,6350.2,6359.8,216,274491800,10485,10694,6980.2,5711.4,6345.8,6346.6,0.0,6350.2,0.0,0,0,2017-04-20,34306000,6359.0,1,0,0,0,0,0,0,0,0,6362.4,1,0,0,0,0,0,0,0,0
179,2017-04-20,09:31:46,500,IC1704,CCFX,6359.8,6350.2,6359.8,216,274491800,10485,10694,6980.2,5711.4,6345.8,6346.6,0.0,6350.2,0.0,0,0,2017-04-20,34306500,6359.0,1,0,0,0,0,0,0,0,0,6362.2,1,0,0,0,0,0,0,0,0
180,2017-04-20,09:31:47,0,IC1704,CCFX,6360.0,6350.2,6360.0,217,275763800,10484,10694,6980.2,5711.4,6345.8,6346.6,0.0,6350.2,0.0,0,0,2017-04-20,34307000,6359.4,1,0,0,0,0,0,0,0,0,6361.8,1,0,0,0,0,0,0,0,0
181,2017-04-20,09:31:47,500,IC1704,CCFX,6360.0,6350.2,6360.0,217,275763800,10484,10694,6980.2,5711.4,6345.8,6346.6,0.0,6350.2,0.0,0,0,2017-04-20,34307500,6361.0,1,0,0,0,0,0,0,0,0,6361.8,1,0,0,0,0,0,0,0,0
182,2017-04-20,09:31:48,0,IC1704,CCFX,6362.0,6350.2,6362.0,218,277036200,10483,10694,6980.2,5711.4,6345.8,6346.6,0.0,6350.2,0.0,0,0,2017-04-20,34308000,6362.4,1,0,0,0,0,0,0,0,0,6363.4,1,0,0,0,0,0,0,0,0
183,2017-04-20,09:31:48,500,IC1704,CCFX,6362.4,6350.2,6362.4,219,278308680,10482,10694,6980.2,5711.4,6345.8,6346.6,0.0,6350.2,0.0,0,0,2017-04-20,34308500,6362.0,1,0,0,0,0,0,0,0,0,6362.2,1,0,0,0,0,0,0,0,0
184,2017-04-20,09:31:49,0,IC1704,CCFX,6362.0,6350.2,6362.4,220,279581080,10481,10694,6980.2,5711.4,6345.8,6346.6,0.0,6350.2,0.0,0,0,2017-04-20,34309000,6359.4,1,0,0,0,0,0,0,0,0,6362.4,1,0,0,0,0,0,0,0,0
185,2017-04-20,09:31:49,500,IC1704,CCFX,6362.0,6350.2,6362.4,221,280853480,10480,10694,6980.2,5711.4,6345.8,6346.6,0.0,6350.2,0.0,0,0,2017-04-20,34309500,6362.4,1,0,0,0,0,0,0,0,0,6363.4,1,0,0,0,0,0,0,0,0
186,2017-04-20,09:31:50,0,IC1704,CCFX,6362.4,6350.2,6362.4,224,284670920,10477,10694,6980.2,5711.4,6345.8,6346.6,0.0,6350.2,0.0,0,0,2017-04-20,34310000,6359.4,1,0,0,0,0,0,0,0,0,6363.4,1,0,0,0,0,0,0,0,0
187,2017-04-20,09:31:50,500,IC1704,CCFX,6362.4,6350.2,6362.4,225,285943400,10476,10694,6980.2,5711.4,6345.8,6346.6,0.0,6350.2,0.0,0,0,2017-04-20,34310500,6362.4,1,0,0,0,0,0,0,0,0,6363.0,1,0,0,0,0,0,0,0,0
188,2017-04-20,09:31:51,0,IC1704,CCFX,6362.4,6350.2,6362.4,226,287215880,10475,10694,6980.2,5711.4,6345.8,6346.6,0.0,6350.2,0.0,0,0,2017-04-20,34311000,6362.2,4,0,0,0,0,0,0,0,0,6363.4,1,0,0,0,0,0,0,0,0
189,2017-04-20,09:31:51,500,IC1704,CCFX,6362.2,6350.2,6362.4,227,288488320,10474,10694,6980.2,5711.4,6345.8,6346.6,0.0,6350.2,0.0,0,0,2017-04-20,34311500,6362.2,3,0,0,0,0,0,0,0,0,6363.2,1,0,0,0,0,0,0,0,0
190,2017-04-20,09:31:52,0,IC1704,CCFX,6363.0,6350.2,6363.0,230,292305800,10471,10694,6980.2,5711.4,6345.8,6346.6,0.0,6350.2,0.0,0,0,2017-04-20,34312000,6362.2,1,0,0,0,0,0,0,0,0,6363.2,1,0,0,0,0,0,0,0,0
191,2017-04-20,09:31:52,500,IC1704,CCFX,6362.2,6350.2,6363.0,231,293578240,10470,10694,6980.2,5711.4,6345.8,6346.6,0.0,6350.2,0.0,0,0,2017-04-20,34312500,6359.8,1,0,0,0,0,0,0,0,0,6363.4,1,0,0,0,0,0,0,0,0
192,2017-04-20,09:31:53,0,IC1704,CCFX,6363.2,6350.2,6363.2,233,296123480,10468,10694,6980.2,5711.4,6345.8,6346.6,0.0,6350.2,0.0,0,0,2017-04-20,34313000,6360.8,1,0,0,0,0,0,0,0,0,6363.2,3,0,0,0,0,0,0,0,0
193,2017-04-20,09:31:53,500,IC1704,CCFX,6363.2,6350.2,6363.2,234,297396120,10467,10694,6980.2,5711.4,6345.8,6346.6,0.0,6350.2,0.0,0,0,2017-04-20,34313500,6362.2,1,0,0,0,0,0,0,0,0,6363.0,1,0,0,0,0,0,0,0,0
194,2017-04-20,09:31:54,0,IC1704,CCFX,6362.8,6350.2,6363.2,235,298668680,10466,10694,6980.2,5711.4,6345.8,6346.6,0.0,6350.2,0.0,0,0,2017-04-20,34314000,6362.4,1,0,0,0,0,0,0,0,0,6363.0,1,0,0,0,0,0,0,0,0
195,2017-04-20,09:31:54,500,IC1704,CCFX,6362.8,6350.2,6363.2,235,298668680,10466,10694,6980.2,5711.4,6345.8,6346.6,0.0,6350.2,0.0,0,0,2017-04-20,34314500,6360.8,1,0,0,0,0,0,0,0,0,6363.0,1,0,0,0,0,0,0,0,0
196,2017-04-20,09:31:55,0,IC1704,CCFX,6362.8,6350.2,6363.2,236,299941240,10465,10694,6980.2,5711.4,6345.8,6346.6,0.0,6350.2,0.0,0,0,2017-04-20,34315000,6360.8,1,0,0,0,0,0,0,0,0,6363.0,1,0,0,0,0,0,0,0,0
197,2017-04-20,09:31:55,500,IC1704,CCFX,6362.8,6350.2,6363.2,236,299941240,10465,10694,6980.2,5711.4,6345.8,6346.6,0.0,6350.2,0.0,0,0,2017-04-20,34315500,6362.2,1,0,0,0,0,0,0,0,0,6362.8,2,0,0,0,0,0,0,0,0
198,2017-04-20,09:31:56,0,IC1704,CCFX,6362.8,6350.2,6363.2,238,302486240,10463,10694,6980.2,5711.4,6345.8,6346.6,0.0,6350.2,0.0,0,0,2017-04-20,34316000,6362.2,1,0,0,0,0,0,0,0,0,6362.8,1,0,0,0,0,0,0,0,0
199,2017-04-20,09:31:56,500,IC1704,CCFX,6362.8,6350.2,6363.2,238,302486240,10463,10694,6980.2,5711.4,6345.8,6346.6,0.0,6350.2,0.0,0,0,2017-04-20,34316500,6361.2,1,0,0,0,0,0,0,0,0,6362.8,1,0,0,0,0,0,0,0,0
200,2017-04-20,09:31:57,0,IC1704,CCFX,6362.8,6350.2,6363.2,238,302486240,10463,10694,6980.2,5711.4,6345.8,6346.6,0.0,6350.2,0.0,0,0,2017-04-20,34317000,6361.2,1,0,0,0,0,0,0,0,0,6362.8,1,0,0,0,0,0,0,0,0
201,2017-04-20,09:31:57,500,IC1704,CCFX,6363.0,6350.2,6363.2,242,307576560,10459,10694,6980.2,5711.4,6345.8,6346.6,0.0,6350.2,0.0,0,0,2017-04-20,34317500,6362.8,2,0,0,0,0,0,0,0,0,6363.4,6,0,0,0,0,0,0,0,0
202,2017-04-20,09:31:58,0,IC1704,CCFX,6363.4,6350.2,6363.4,243,308849240,10458,10694,6980.2,5711.4,6345.8,6346.6,0.0,6350.2,0.0,0,0,2017-04-20,34318000,6363.0,1,0,0,0,0,0,0,0,0,6363.4,5,0,0,0,0,0,0,0,0
203,2017-04-20,09:31:58,500,IC1704,CCFX,6363.4,6350.2,6363.4,243,308849240,10458,10694,6980.2,5711.4,6345.8,6346.6,0.0,6350.2,0.0,0,0,2017-04-20,34318500,6363.0,1,0,0,0,0,0,0,0,0,6363.4,5,0,0,0,0,0,0,0,0
204,2017-04-20,09:31:59,0,IC1704,CCFX,6363.4,6350.2,6363.4,244,310121920,10457,10694,6980.2,5711.4,6345.8,6346.6,0.0,6350.2,0.0,0,0,2017-04-20,34319000,6363.0,1,0,0,0,0,0,0,0,0,6363.4,4,0,0,0,0,0,0,0,0
205,2017-04-20,09:31:59,500,IC1704,CCFX,6363.4,6350.2,6363.4,244,310121920,10457,10694,6980.2,5711.4,6345.8,6346.6,0.0,6350.2,0.0,0,0,2017-04-20,34319500,6363.0,1,0,0,0,0,0,0,0,0,6363.4,4,0,0,0,0,0,0,0,0
206,2017-04-20,09:32:00,0,IC1704,CCFX,6363.4,6350.2,6363.4,245,311394600,10456,10694,6980.2,5711.4,6345.8,6346.6,0.0,6350.2,0.0,0,0,2017-04-20,34320000,6363.0,1,0,0,0,0,0,0,0,0,6363.4,3,0,0,0,0,0,0,0,0
207,2017-04-20,09:32:00,500,IC1704,CCFX,6363.4,6350.2,6363.4,246,312667280,10455,10694,6980.2,5711.4,6345.8,6346.6,0.0,6350.2,0.0,0,0,2017-04-20,34320500,6363.2,4,0,0,0,0,0,0,0,0,6363.4,2,0,0,0,0,0,0,0,0
208,2017-04-20,09:32:01,0,IC1704,CCFX,6363.4,6350.2,6363.4,249,316485320,10452,10694,6980.2,5711.4,6345.8,6346.6,0.0,6350.2,0.0,0,0,2017-04-20,34321000,6363.6,1,0,0,0,0,0,0,0,0,6363.8,5,0,0,0,0,0,0,0,0
209,2017-04-20,09:32:01,500,IC1704,CCFX,6363.8,6350.2,6363.8,254,322849120,10452,10694,6980.2,5711.4,6345.8,6346.6,0.0,6350.2,0.0,0,0,2017-04-20,34321500,6363.6,1,0,0,0,0,0,0,0,0,6364.8,3,0,0,0,0,0,0,0,0
210,2017-04-20,09:32:02,0,IC1704,CCFX,6363.8,6350.2,6363.8,254,322849120,10452,10694,6980.2,5711.4,6345.8,6346.6,0.0,6350.2,0.0,0,0,2017-04-20,34322000,6363.6,1,0,0,0,0,0,0,0,0,6364.8,3,0,0,0,0,0,0,0,0
211,2017-04-20,09:32:02,500,IC1704,CCFX,6363.4,6350.2,6363.8,256,325394520,10450,10694,6980.2,5711.4,6345.8,6346.6,0.0,6350.2,0.0,0,0,2017-04-20,34322500,6363.2,4,0,0,0,0,0,0,0,0,6363.6,1,0,0,0,0,0,0,0,0
212,2017-04-20,09:32:03,0,IC1704,CCFX,6363.4,6350.2,6363.8,256,325394520,10450,10694,6980.2,5711.4,6345.8,6346.6,0.0,6350.2,0.0,0,0,2017-04-20,34323000,6363.2,4,0,0,0,0,0,0,0,0,6363.6,2,0,0,0,0,0,0,0,0
213,2017-04-20,09:32:03,500,IC1704,CCFX,6363.6,6350.2,6363.8,257,326667240,10449,10694,6980.2,5711.4,6345.8,6346.6,0.0,6350.2,0.0,0,0,2017-04-20,34323500,6363.2,4,0,0,0,0,0,0,0,0,6363.6,1,0,0,0,0,0,0,0,0
214,2017-04-20,09:32:04,0,IC1704,CCFX,6363.6,6350.2,6363.8,259,329212600,10447,10694,6980.2,5711.4,6345.8,6346.6,0.0,6350.2,0.0,0,0,2017-04-20,34324000,6363.4,1,0,0,0,0,0,0,0,0,6364.8,3,0,0,0,0,0,0,0,0
215,2017-04-20,09:32:04,500,IC1704,CCFX,6364.8,6350.2,6364.8,261,331758240,10445,10694,6980.2,5711.4,6345.8,6346.6,0.0,6350.2,0.0,0,0,2017-04-20,34324500,6363.2,3,0,0,0,0,0,0,0,0,6364.8,2,0,0,0,0,0,0,0,0
216,2017-04-20,09:32:05,0,IC1704,CCFX,6364.8,6350.2,6364.8,261,331758240,10445,10694,6980.2,5711.4,6345.8,6346.6,0.0,6350.2,0.0,0,0,2017-04-20,34325000,6363.2,3,0,0,0,0,0,0,0,0,6364.8,3,0,0,0,0,0,0,0,0
217,2017-04-20,09:32:05,500,IC1704,CCFX,6364.8,6350.2,6364.8,261,331758240,10445,10694,6980.2,5711.4,6345.8,6346.6,0.0,6350.2,0.0,0,0,2017-04-20,34325500,6363.2,3,0,0,0,0,0,0,0,0,6364.8,3,0,0,0,0,0,0,0,0
218,2017-04-20,09:32:06,0,IC1704,CCFX,6364.8,6350.2,6364.8,263,334304160,10444,10694,6980.2,5711.4,6345.8,6346.6,0.0,6350.2,0.0,0,0,2017-04-20,34326000,6363.2,3,0,0,0,0,0,0,0,0,6364.8,1,0,0,0,0,0,0,0,0
219,2017-04-20,09:32:06,500,IC1704,CCFX,6364.8,6350.2,6364.8,263,334304160,10444,10694,6980.2,5711.4,6345.8,6346.6,0.0,6350.2,0.0,0,0,2017-04-20,34326500,6363.2,3,0,0,0,0,0,0,0,0,6364.8,1,0,0,0,0,0,0,0,0
220,2017-04-20,09:32:07,0,IC1704,CCFX,6364.8,6350.2,6364.8,264,335577120,10443,10694,6980.2,5711.4,6345.8,6346.6,0.0,6350.2,0.0,0,0,2017-04-20,34327000,6363.2,3,0,0,0,0,0,0,0,0,6365.6,1,0,0,0,0,0,0,0,0
221,2017-04-20,09:32:07,500,IC1704,CCFX,6364.8,6350.2,6364.8,264,335577120,10443,10694,6980.2,5711.4,6345.8,6346.6,0.0,6350.2,0.0,0,0,2017-04-20,34327500,6363.2,3,0,0,0,0,0,0,0,0,6364.6,1,0,0,0,0,0,0,0,0
222,2017-04-20,09:32:08,0,IC1704,CCFX,6364.8,6350.2,6364.8,264,335577120,10443,10694,6980.2,5711.4,6345.8,6346.6,0.0,6350.2,0.0,0,0,2017-04-20,34328000,6363.4,1,0,0,0,0,0,0,0,0,6365.6,1,0,0,0,0,0,0,0,0
223,2017-04-20,09:32:08,500,IC1704,CCFX,6364.8,6350.2,6364.8,264,335577120,10443,10694,6980.2,5711.4,6345.8,6346.6,0.0,6350.2,0.0,0,0,2017-04-20,34328500,6363.4,2,0,0,0,0,0,0,0,0,6365.6,1,0,0,0,0,0,0,0,0
224,2017-04-20,09:32:09,0,IC1704,CCFX,6364.8,6350.2,6364.8,264,335577120,10443,10694,6980.2,5711.4,6345.8,6346.6,0.0,6350.2,0.0,0,0,2017-04-20,34329000,6363.4,2,0,0,0,0,0,0,0,0,6365.6,1,0,0,0,0,0,0,0,0
225,2017-04-20,09:32:09,500,IC1704,CCFX,6364.8,6350.2,6364.8,264,335577120,10443,10694,6980.2,5711.4,6345.8,6346.6,0.0,6350.2,0.0,0,0,2017-04-20,34329500,6363.4,2,0,0,0,0,0,0,0,0,6364.6,1,0,0,0,0,0,0,0,0
226,2017-04-20,09:32:10,0,IC1704,CCFX,6364.8,6350.2,6364.8,264,335577120,10443,10694,6980.2,5711.4,6345.8,6346.6,0.0,6350.2,0.0,0,0,2017-04-20,34330000,6363.4,2,0,0,0,0,0,0,0,0,6364.6,1,0,0,0,0,0,0,0,0
227,2017-04-20,09:32:10,500,IC1704,CCFX,6364.6,6350.2,6364.8,265,336850040,10442,10694,6980.2,5711.4,6345.8,6346.6,0.0,6350.2,0.0,0,0,2017-04-20,34330500,6363.4,2,0,0,0,0,0,0,0,0,6365.6,1,0,0,0,0,0,0,0,0
228,2017-04-20,09:32:11,0,IC1704,CCFX,6364.6,6350.2,6364.8,265,336850040,10442,10694,6980.2,5711.4,6345.8,6346.6,0.0,6350.2,0.0,0,0,2017-04-20,34331000,6363.4,2,0,0,0,0,0,0,0,0,6363.8,1,0,0,0,0,0,0,0,0
229,2017-04-20,09:32:11,500,IC1704,CCFX,6364.6,6350.2,6364.8,267,339395880,10440,10694,6980.2,5711.4,6345.8,6346.6,0.0,6350.2,0.0,0,0,2017-04-20,34331500,6363.4,2,0,0,0,0,0,0,0,0,6365.2,1,0,0,0,0,0,0,0,0
230,2017-04-20,09:32:12,500,IC1704,CCFX,6363.4,6350.2,6364.8,268,340668560,10439,10694,6980.2,5711.4,6345.8,6346.6,0.0,6350.2,0.0,0,0,2017-04-20,34332500,6363.4,1,0,0,0,0,0,0,0,0,6365.0,1,0,0,0,0,0,0,0,0
231,2017-04-20,09:32:13,0,IC1704,CCFX,6363.4,6350.2,6364.8,269,341941240,10438,10694,6980.2,5711.4,6345.8,6346.6,0.0,6350.2,0.0,0,0,2017-04-20,34333000,6363.2,3,0,0,0,0,0,0,0,0,6364.0,1,0,0,0,0,0,0,0,0
232,2017-04-20,09:32:13,500,IC1704,CCFX,6363.4,6350.2,6364.8,269,341941240,10438,10694,6980.2,5711.4,6345.8,6346.6,0.0,6350.2,0.0,0,0,2017-04-20,34333500,6363.2,3,0,0,0,0,0,0,0,0,6364.0,1,0,0,0,0,0,0,0,0
233,2017-04-20,09:32:14,0,IC1704,CCFX,6363.2,6350.2,6364.8,271,344486520,10436,10694,6980.2,5711.4,6345.8,6346.6,0.0,6350.2,0.0,0,0,2017-04-20,34334000,6363.2,1,0,0,0,0,0,0,0,0,6364.0,1,0,0,0,0,0,0,0,0
234,2017-04-20,09:32:14,500,IC1704,CCFX,6363.2,6350.2,6364.8,272,345759160,10435,10694,6980.2,5711.4,6345.8,6346.6,0.0,6350.2,0.0,0,0,2017-04-20,34334500,6362.2,6,0,0,0,0,0,0,0,0,6364.0,1,0,0,0,0,0,0,0,0
235,2017-04-20,09:32:15,0,IC1704,CCFX,6362.2,6350.2,6364.8,274,348304040,10433,10694,6980.2,5711.4,6345.8,6346.6,0.0,6350.2,0.0,0,0,2017-04-20,34335000,6362.2,4,0,0,0,0,0,0,0,0,6364.0,1,0,0,0,0,0,0,0,0
236,2017-04-20,09:32:15,500,IC1704,CCFX,6362.2,6350.2,6364.8,275,349576480,10432,10694,6980.2,5711.4,6345.8,6346.6,0.0,6350.2,0.0,0,0,2017-04-20,34335500,6362.4,3,0,0,0,0,0,0,0,0,6364.0,1,0,0,0,0,0,0,0,0
237,2017-04-20,09:32:16,0,IC1704,CCFX,6362.2,6350.2,6364.8,276,350848920,10431,10694,6980.2,5711.4,6345.8,6346.6,0.0,6350.2,0.0,0,0,2017-04-20,34336000,6362.4,2,0,0,0,0,0,0,0,0,6364.0,1,0,0,0,0,0,0,0,0
238,2017-04-20,09:32:16,500,IC1704,CCFX,6362.2,6350.2,6364.8,276,350848920,10431,10694,6980.2,5711.4,6345.8,6346.6,0.0,6350.2,0.0,0,0,2017-04-20,34336500,6362.4,2,0,0,0,0,0,0,0,0,6363.8,2,0,0,0,0,0,0,0,0
239,2017-04-20,09:32:17,0,IC1704,CCFX,6363.8,6350.2,6364.8,277,352121680,10431,10694,6980.2,5711.4,6345.8,6346.6,0.0,6350.2,0.0,0,0,2017-04-20,34337000,6362.4,2,0,0,0,0,0,0,0,0,6363.6,1,0,0,0,0,0,0,0,0
240,2017-04-20,09:32:17,500,IC1704,CCFX,6362.4,6350.2,6364.8,279,354666640,10429,10694,6980.2,5711.4,6345.8,6346.6,0.0,6350.2,0.0,0,0,2017-04-20,34337500,6362.2,4,0,0,0,0,0,0,0,0,6362.4,4,0,0,0,0,0,0,0,0
241,2017-04-20,09:32:18,0,IC1704,CCFX,6362.4,6350.2,6364.8,286,363573840,10422,10694,6980.2,5711.4,6345.8,6346.6,0.0,6350.2,0.0,0,0,2017-04-20,34338000,6360.8,1,0,0,0,0,0,0,0,0,6362.4,1,0,0,0,0,0,0,0,0
242,2017-04-20,09:32:18,500,IC1704,CCFX,6362.4,6350.2,6364.8,286,363573840,10422,10694,6980.2,5711.4,6345.8,6346.6,0.0,6350.2,0.0,0,0,2017-04-20,34338500,6360.8,1,0,0,0,0,0,0,0,0,6362.4,1,0,0,0,0,0,0,0,0
243,2017-04-20,09:32:19,0,IC1704,CCFX,6362.4,6350.2,6364.8,286,363573840,10422,10694,6980.2,5711.4,6345.8,6346.6,0.0,6350.2,0.0,0,0,2017-04-20,34339000,6360.8,1,0,0,0,0,0,0,0,0,6362.4,2,0,0,0,0,0,0,0,0
244,2017-04-20,09:32:19,500,IC1704,CCFX,6362.4,6350.2,6364.8,289,367390960,10419,10694,6980.2,5711.4,6345.8,6346.6,0.0,6350.2,0.0,0,0,2017-04-20,34339500,6358.0,1,0,0,0,0,0,0,0,0,6363.6,1,0,0,0,0,0,0,0,0
245,2017-04-20,09:32:20,0,IC1704,CCFX,6362.4,6350.2,6364.8,289,367390960,10419,10694,6980.2,5711.4,6345.8,6346.6,0.0,6350.2,0.0,0,0,2017-04-20,34340000,6359.0,1,0,0,0,0,0,0,0,0,6363.0,1,0,0,0,0,0,0,0,0
246,2017-04-20,09:32:20,500,IC1704,CCFX,6362.4,6350.2,6364.8,289,367390960,10419,10694,6980.2,5711.4,6345.8,6346.6,0.0,6350.2,0.0,0,0,2017-04-20,34340500,6361.2,1,0,0,0,0,0,0,0,0,6362.8,2,0,0,0,0,0,0,0,0
247,2017-04-20,09:32:21,0,IC1704,CCFX,6362.4,6350.2,6364.8,289,367390960,10419,10694,6980.2,5711.4,6345.8,6346.6,0.0,6350.2,0.0,0,0,2017-04-20,34341000,6361.2,1,0,0,0,0,0,0,0,0,6362.4,1,0,0,0,0,0,0,0,0
248,2017-04-20,09:32:21,500,IC1704,CCFX,6362.4,6350.2,6364.8,289,367390960,10419,10694,6980.2,5711.4,6345.8,6346.6,0.0,6350.2,0.0,0,0,2017-04-20,34341500,6361.2,1,0,0,0,0,0,0,0,0,6362.0,2,0,0,0,0,0,0,0,0
249,2017-04-20,09:32:22,0,IC1704,CCFX,6362.0,6350.2,6364.8,291,369935600,10417,10694,6980.2,5711.4,6345.8,6346.6,0.0,6350.2,0.0,0,0,2017-04-20,34342000,6359.2,1,0,0,0,0,0,0,0,0,6362.0,6,0,0,0,0,0,0,0,0
250,2017-04-20,09:32:22,500,IC1704,CCFX,6362.0,6350.2,6364.8,291,369935600,10417,10694,6980.2,5711.4,6345.8,6346.6,0.0,6350.2,0.0,0,0,2017-04-20,34342500,6358.0,1,0,0,0,0,0,0,0,0,6361.6,1,0,0,0,0,0,0,0,0
251,2017-04-20,09:32:23,0,IC1704,CCFX,6362.0,6350.2,6364.8,291,369935600,10417,10694,6980.2,5711.4,6345.8,6346.6,0.0,6350.2,0.0,0,0,2017-04-20,34343000,6360.2,1,0,0,0,0,0,0,0,0,6361.4,2,0,0,0,0,0,0,0,0
252,2017-04-20,09:32:23,500,IC1704,CCFX,6361.2,6350.2,6364.8,293,372479880,10415,10694,6980.2,5711.4,6345.8,6346.6,0.0,6350.2,0.0,0,0,2017-04-20,34343500,6361.4,1,0,0,0,0,0,0,0,0,6362.0,6,0,0,0,0,0,0,0,0
253,2017-04-20,09:32:24,0,IC1704,CCFX,6361.2,6350.2,6364.8,294,373752120,10414,10694,6980.2,5711.4,6345.8,6346.6,0.0,6350.2,0.0,0,0,2017-04-20,34344000,6358.0,1,0,0,0,0,0,0,0,0,6362.0,6,0,0,0,0,0,0,0,0
254,2017-04-20,09:32:24,500,IC1704,CCFX,6361.2,6350.2,6364.8,294,373752120,10414,10694,6980.2,5711.4,6345.8,6346.6,0.0,6350.2,0.0,0,0,2017-04-20,34344500,6358.6,1,0,0,0,0,0,0,0,0,6361.6,1,0,0,0,0,0,0,0,0
255,2017-04-20,09:32:25,0,IC1704,CCFX,6361.4,6350.2,6364.8,295,375024400,10413,10694,6980.2,5711.4,6345.8,6346.6,0.0,6350.2,0.0,0,0,2017-04-20,34345000,6361.4,1,0,0,0,0,0,0,0,0,6361.6,1,0,0,0,0,0,0,0,0
256,2017-04-20,09:32:25,500,IC1704,CCFX,6361.4,6350.2,6364.8,296,376296680,10412,10694,6980.2,5711.4,6345.8,6346.6,0.0,6350.2,0.0,0,0,2017-04-20,34345500,6358.2,1,0,0,0,0,0,0,0,0,6361.4,1,0,0,0,0,0,0,0,0
257,2017-04-20,09:32:26,0,IC1704,CCFX,6361.4,6350.2,6364.8,296,376296680,10412,10694,6980.2,5711.4,6345.8,6346.6,0.0,6350.2,0.0,0,0,2017-04-20,34346000,6360.2,3,0,0,0,0,0,0,0,0,6361.0,1,0,0,0,0,0,0,0,0
258,2017-04-20,09:32:26,500,IC1704,CCFX,6360.2,6350.2,6364.8,297,377568720,10411,10694,6980.2,5711.4,6345.8,6346.6,0.0,6350.2,0.0,0,0,2017-04-20,34346500,6358.2,1,0,0,0,0,0,0,0,0,6361.2,1,0,0,0,0,0,0,0,0
259,2017-04-20,09:32:27,0,IC1704,CCFX,6360.2,6350.2,6364.8,297,377568720,10411,10694,6980.2,5711.4,6345.8,6346.6,0.0,6350.2,0.0,0,0,2017-04-20,34347000,6358.4,1,0,0,0,0,0,0,0,0,6360.8,1,0,0,0,0,0,0,0,0
260,2017-04-20,09:32:27,500,IC1704,CCFX,6358.4,6350.2,6364.8,298,378840400,10410,10694,6980.2,5711.4,6345.8,6346.6,0.0,6350.2,0.0,0,0,2017-04-20,34347500,6358.6,1,0,0,0,0,0,0,0,0,6360.6,1,0,0,0,0,0,0,0,0
261,2017-04-20,09:32:28,0,IC1704,CCFX,6358.4,6350.2,6364.8,298,378840400,10410,10694,6980.2,5711.4,6345.8,6346.6,0.0,6350.2,0.0,0,0,2017-04-20,34348000,6358.6,1,0,0,0,0,0,0,0,0,6360.8,1,0,0,0,0,0,0,0,0
262,2017-04-20,09:32:28,500,IC1704,CCFX,6358.4,6350.2,6364.8,298,378840400,10410,10694,6980.2,5711.4,6345.8,6346.6,0.0,6350.2,0.0,0,0,2017-04-20,34348500,6358.6,1,0,0,0,0,0,0,0,0,6360.6,1,0,0,0,0,0,0,0,0
263,2017-04-20,09:32:29,500,IC1704,CCFX,6358.4,6350.2,6364.8,298,378840400,10410,10694,6980.2,5711.4,6345.8,6346.6,0.0,6350.2,0.0,0,0,2017-04-20,34349500,6358.6,1,0,0,0,0,0,0,0,0,6360.6,1,0,0,0,0,0,0,0,0
264,2017-04-20,09:32:30,0,IC1704,CCFX,6360.6,6350.2,6364.8,299,380112520,10409,10694,6980.2,5711.4,6345.8,6346.6,0.0,6350.2,0.0,0,0,2017-04-20,34350000,6360.6,2,0,0,0,0,0,0,0,0,6361.4,2,0,0,0,0,0,0,0,0
265,2017-04-20,09:32:30,500,IC1704,CCFX,6361.4,6350.2,6364.8,300,381384800,10408,10694,6980.2,5711.4,6345.8,6346.6,0.0,6350.2,0.0,0,0,2017-04-20,34350500,6360.6,2,0,0,0,0,0,0,0,0,6361.4,1,0,0,0,0,0,0,0,0
266,2017-04-20,09:32:31,0,IC1704,CCFX,6361.4,6350.2,6364.8,300,381384800,10408,10694,6980.2,5711.4,6345.8,6346.6,0.0,6350.2,0.0,0,0,2017-04-20,34351000,6360.6,2,0,0,0,0,0,0,0,0,6361.4,1,0,0,0,0,0,0,0,0
267,2017-04-20,09:32:31,500,IC1704,CCFX,6360.6,6350.2,6364.8,301,382656920,10407,10694,6980.2,5711.4,6345.8,6346.6,0.0,6350.2,0.0,0,0,2017-04-20,34351500,6360.6,1,0,0,0,0,0,0,0,0,6361.4,1,0,0,0,0,0,0,0,0
268,2017-04-20,09:32:32,0,IC1704,CCFX,6360.6,6350.2,6364.8,301,382656920,10407,10694,6980.2,5711.4,6345.8,6346.6,0.0,6350.2,0.0,0,0,2017-04-20,34352000,6360.6,1,0,0,0,0,0,0,0,0,6361.2,1,0,0,0,0,0,0,0,0
269,2017-04-20,09:32:33,0,IC1704,CCFX,6360.6,6350.2,6364.8,301,382656920,10407,10694,6980.2,5711.4,6345.8,6346.6,0.0,6350.2,0.0,0,0,2017-04-20,34353000,6361.0,1,0,0,0,0,0,0,0,0,6361.2,1,0,0,0,0,0,0,0,0
270,2017-04-20,09:32:33,500,IC1704,CCFX,6360.6,6350.2,6364.8,302,383929040,10406,10694,6980.2,5711.4,6345.8,6346.6,0.0,6350.2,0.0,0,0,2017-04-20,34353500,6360.6,1,0,0,0,0,0,0,0,0,6361.2,1,0,0,0,0,0,0,0,0
271,2017-04-20,09:32:34,0,IC1704,CCFX,6360.6,6350.2,6364.8,303,385201160,10405,10694,6980.2,5711.4,6345.8,6346.6,0.0,6350.2,0.0,0,0,2017-04-20,34354000,6359.4,1,0,0,0,0,0,0,0,0,6361.2,1,0,0,0,0,0,0,0,0
272,2017-04-20,09:32:34,500,IC1704,CCFX,6361.2,6350.2,6364.8,304,386473400,10404,10694,6980.2,5711.4,6345.8,6346.6,0.0,6350.2,0.0,0,0,2017-04-20,34354500,6360.8,1,0,0,0,0,0,0,0,0,6361.4,1,0,0,0,0,0,0,0,0
273,2017-04-20,09:32:35,0,IC1704,CCFX,6360.8,6350.2,6364.8,305,387745560,10403,10694,6980.2,5711.4,6345.8,6346.6,0.0,6350.2,0.0,0,0,2017-04-20,34355000,6359.4,1,0,0,0,0,0,0,0,0,6361.4,1,0,0,0,0,0,0,0,0
274,2017-04-20,09:32:36,0,IC1704,CCFX,6361.4,6350.2,6364.8,306,389017840,10402,10694,6980.2,5711.4,6345.8,6346.6,0.0,6350.2,0.0,0,0,2017-04-20,34356000,6361.2,1,0,0,0,0,0,0,0,0,6361.8,1,0,0,0,0,0,0,0,0
275,2017-04-20,09:32:36,500,IC1704,CCFX,6361.8,6350.2,6364.8,307,390290200,10401,10694,6980.2,5711.4,6345.8,6346.6,0.0,6350.2,0.0,0,0,2017-04-20,34356500,6361.2,1,0,0,0,0,0,0,0,0,6361.4,1,0,0,0,0,0,0,0,0
276,2017-04-20,09:32:37,0,IC1704,CCFX,6362.0,6350.2,6364.8,311,395379680,10400,10694,6980.2,5711.4,6345.8,6346.6,0.0,6350.2,0.0,0,0,2017-04-20,34357000,6361.2,2,0,0,0,0,0,0,0,0,6362.0,2,0,0,0,0,0,0,0,0
277,2017-04-20,09:32:37,500,IC1704,CCFX,6362.0,6350.2,6364.8,314,399196880,10399,10694,6980.2,5711.4,6345.8,6346.6,0.0,6350.2,0.0,0,0,2017-04-20,34357500,6362.0,1,0,0,0,0,0,0,0,0,6363.6,3,0,0,0,0,0,0,0,0
278,2017-04-20,09:32:38,0,IC1704,CCFX,6363.6,6350.2,6364.8,315,400469600,10399,10694,6980.2,5711.4,6345.8,6346.6,0.0,6350.2,0.0,0,0,2017-04-20,34358000,6363.0,2,0,0,0,0,0,0,0,0,6363.6,2,0,0,0,0,0,0,0,0
279,2017-04-20,09:32:38,500,IC1704,CCFX,6363.6,6350.2,6364.8,317,403015040,10399,10694,6980.2,5711.4,6345.8,6346.6,0.0,6350.2,0.0,0,0,2017-04-20,34358500,6363.6,2,0,0,0,0,0,0,0,0,6364.0,1,0,0,0,0,0,0,0,0
280,2017-04-20,09:32:39,0,IC1704,CCFX,6364.0,6350.2,6364.8,318,404287840,10398,10694,6980.2,5711.4,6345.8,6346.6,0.0,6350.2,0.0,0,0,2017-04-20,34359000,6361.8,2,0,0,0,0,0,0,0,0,6363.6,2,0,0,0,0,0,0,0,0
281,2017-04-20,09:32:39,500,IC1704,CCFX,6363.0,6350.2,6364.8,319,405560440,10397,10694,6980.2,5711.4,6345.8,6346.6,0.0,6350.2,0.0,0,0,2017-04-20,34359500,6363.0,1,0,0,0,0,0,0,0,0,6363.6,2,0,0,0,0,0,0,0,0
282,2017-04-20,09:32:40,0,IC1704,CCFX,6363.2,6350.2,6364.8,320,406833080,10396,10694,6980.2,5711.4,6345.8,6346.6,0.0,6350.2,0.0,0,0,2017-04-20,34360000,6362.0,1,0,0,0,0,0,0,0,0,6363.4,1,0,0,0,0,0,0,0,0
283,2017-04-20,09:32:40,500,IC1704,CCFX,6362.0,6350.2,6364.8,323,410650560,10393,10694,6980.2,5711.4,6345.8,6346.6,0.0,6350.2,0.0,0,0,2017-04-20,34360500,6361.8,2,0,0,0,0,0,0,0,0,6363.4,1,0,0,0,0,0,0,0,0
284,2017-04-20,09:32:41,0,IC1704,CCFX,6362.0,6350.2,6364.8,323,410650560,10393,10694,6980.2,5711.4,6345.8,6346.6,0.0,6350.2,0.0,0,0,2017-04-20,34361000,6361.8,2,0,0,0,0,0,0,0,0,6363.2,1,0,0,0,0,0,0,0,0
285,2017-04-20,09:32:41,500,IC1704,CCFX,6363.4,6350.2,6364.8,325,413195880,10391,10694,6980.2,5711.4,6345.8,6346.6,0.0,6350.2,0.0,0,0,2017-04-20,34361500,6361.8,2,0,0,0,0,0,0,0,0,6363.2,2,0,0,0,0,0,0,0,0
286,2017-04-20,09:32:42,0,IC1704,CCFX,6363.4,6350.2,6364.8,325,413195880,10391,10694,6980.2,5711.4,6345.8,6346.6,0.0,6350.2,0.0,0,0,2017-04-20,34362000,6361.8,2,0,0,0,0,0,0,0,0,6363.2,3,0,0,0,0,0,0,0,0
287,2017-04-20,09:32:42,500,IC1704,CCFX,6361.8,6350.2,6364.8,327,415740600,10389,10694,6980.2,5711.4,6345.8,6346.6,0.0,6350.2,0.0,0,0,2017-04-20,34362500,6361.6,3,0,0,0,0,0,0,0,0,6363.2,5,0,0,0,0,0,0,0,0
288,2017-04-20,09:32:43,500,IC1704,CCFX,6362.0,6350.2,6364.8,328,417013000,10389,10694,6980.2,5711.4,6345.8,6346.6,0.0,6350.2,0.0,0,0,2017-04-20,34363500,6361.6,3,0,0,0,0,0,0,0,0,6362.0,4,0,0,0,0,0,0,0,0
289,2017-04-20,09:32:44,0,IC1704,CCFX,6362.0,6350.2,6364.8,329,418285400,10389,10694,6980.2,5711.4,6345.8,6346.6,0.0,6350.2,0.0,0,0,2017-04-20,34364000,6361.6,3,0,0,0,0,0,0,0,0,6362.0,3,0,0,0,0,0,0,0,0
290,2017-04-20,09:32:44,500,IC1704,CCFX,6362.0,6350.2,6364.8,330,419557800,10389,10694,6980.2,5711.4,6345.8,6346.6,0.0,6350.2,0.0,0,0,2017-04-20,34364500,6361.8,1,0,0,0,0,0,0,0,0,6362.0,2,0,0,0,0,0,0,0,0
291,2017-04-20,09:32:45,0,IC1704,CCFX,6362.0,6350.2,6364.8,333,423375000,10388,10694,6980.2,5711.4,6345.8,6346.6,0.0,6350.2,0.0,0,0,2017-04-20,34365000,6362.0,1,0,0,0,0,0,0,0,0,6363.0,1,0,0,0,0,0,0,0,0
292,2017-04-20,09:32:45,500,IC1704,CCFX,6362.0,6350.2,6364.8,333,423375000,10388,10694,6980.2,5711.4,6345.8,6346.6,0.0,6350.2,0.0,0,0,2017-04-20,34365500,6362.4,1,0,0,0,0,0,0,0,0,6363.0,1,0,0,0,0,0,0,0,0
293,2017-04-20,09:32:46,0,IC1704,CCFX,6362.0,6350.2,6364.8,333,423375000,10388,10694,6980.2,5711.4,6345.8,6346.6,0.0,6350.2,0.0,0,0,2017-04-20,34366000,6362.4,1,0,0,0,0,0,0,0,0,6363.0,1,0,0,0,0,0,0,0,0
294,2017-04-20,09:32:46,500,IC1704,CCFX,6362.0,6350.2,6364.8,333,423375000,10388,10694,6980.2,5711.4,6345.8,6346.6,0.0,6350.2,0.0,0,0,2017-04-20,34366500,6362.0,1,0,0,0,0,0,0,0,0,6363.0,1,0,0,0,0,0,0,0,0
295,2017-04-20,09:32:47,0,IC1704,CCFX,6362.0,6350.2,6364.8,333,423375000,10388,10694,6980.2,5711.4,6345.8,6346.6,0.0,6350.2,0.0,0,0,2017-04-20,34367000,6362.0,1,0,0,0,0,0,0,0,0,6363.0,1,0,0,0,0,0,0,0,0
296,2017-04-20,09:32:47,500,IC1704,CCFX,6362.0,6350.2,6364.8,333,423375000,10388,10694,6980.2,5711.4,6345.8,6346.6,0.0,6350.2,0.0,0,0,2017-04-20,34367500,6362.2,1,0,0,0,0,0,0,0,0,6362.6,1,0,0,0,0,0,0,0,0
297,2017-04-20,09:32:48,500,IC1704,CCFX,6363.0,6350.2,6364.8,335,425920120,10386,10694,6980.2,5711.4,6345.8,6346.6,0.0,6350.2,0.0,0,0,2017-04-20,34368500,6362.6,1,0,0,0,0,0,0,0,0,6363.2,6,0,0,0,0,0,0,0,0
298,2017-04-20,09:32:49,0,IC1704,CCFX,6363.2,6350.2,6364.8,337,428465400,10384,10694,6980.2,5711.4,6345.8,6346.6,0.0,6350.2,0.0,0,0,2017-04-20,34369000,6363.0,2,0,0,0,0,0,0,0,0,6363.2,4,0,0,0,0,0,0,0,0
299,2017-04-20,09:32:49,500,IC1704,CCFX,6363.2,6350.2,6364.8,339,431010680,10382,10694,6980.2,5711.4,6345.8,6346.6,0.0,6350.2,0.0,0,0,2017-04-20,34369500,6363.0,2,0,0,0,0,0,0,0,0,6363.2,2,0,0,0,0,0,0,0,0
300,2017-04-20,09:32:50,0,IC1704,CCFX,6363.2,6350.2,6364.8,341,433555960,10380,10694,6980.2,5711.4,6345.8,6346.6,0.0,6350.2,0.0,0,0,2017-04-20,34370000,6363.4,1,0,0,0,0,0,0,0,0,6364.8,1,0,0,0,0,0,0,0,0
301,2017-04-20,09:32:50,500,IC1704,CCFX,6363.2,6350.2,6364.8,341,433555960,10380,10694,6980.2,5711.4,6345.8,6346.6,0.0,6350.2,0.0,0,0,2017-04-20,34370500,6363.4,2,0,0,0,0,0,0,0,0,6364.8,1,0,0,0,0,0,0,0,0
302,2017-04-20,09:32:51,0,IC1704,CCFX,6363.2,6350.2,6364.8,341,433555960,10380,10694,6980.2,5711.4,6345.8,6346.6,0.0,6350.2,0.0,0,0,2017-04-20,34371000,6363.6,1,0,0,0,0,0,0,0,0,6364.8,1,0,0,0,0,0,0,0,0
303,2017-04-20,09:32:51,500,IC1704,CCFX,6363.2,6350.2,6364.8,341,433555960,10380,10694,6980.2,5711.4,6345.8,6346.6,0.0,6350.2,0.0,0,0,2017-04-20,34371500,6363.8,1,0,0,0,0,0,0,0,0,6364.8,1,0,0,0,0,0,0,0,0
304,2017-04-20,09:32:52,0,IC1704,CCFX,6363.2,6350.2,6364.8,341,433555960,10380,10694,6980.2,5711.4,6345.8,6346.6,0.0,6350.2,0.0,0,0,2017-04-20,34372000,6363.8,1,0,0,0,0,0,0,0,0,6364.8,1,0,0,0,0,0,0,0,0
305,2017-04-20,09:32:52,500,IC1704,CCFX,6363.2,6350.2,6364.8,341,433555960,10380,10694,6980.2,5711.4,6345.8,6346.6,0.0,6350.2,0.0,0,0,2017-04-20,34372500,6363.8,1,0,0,0,0,0,0,0,0,6364.8,1,0,0,0,0,0,0,0,0
306,2017-04-20,09:32:53,0,IC1704,CCFX,6363.8,6350.2,6364.8,342,434828720,10379,10694,6980.2,5711.4,6345.8,6346.6,0.0,6350.2,0.0,0,0,2017-04-20,34373000,6364.4,1,0,0,0,0,0,0,0,0,6364.8,1,0,0,0,0,0,0,0,0
307,2017-04-20,09:32:53,500,IC1704,CCFX,6364.8,6350.2,6364.8,343,436101680,10378,10694,6980.2,5711.4,6345.8,6346.6,0.0,6350.2,0.0,0,0,2017-04-20,34373500,6364.4,1,0,0,0,0,0,0,0,0,6365.0,1,0,0,0,0,0,0,0,0
308,2017-04-20,09:32:54,0,IC1704,CCFX,6365.0,6350.2,6365.0,345,438647560,10377,10694,6980.2,5711.4,6345.8,6346.6,0.0,6350.2,0.0,0,0,2017-04-20,34374000,6363.2,1,0,0,0,0,0,0,0,0,6365.4,4,0,0,0,0,0,0,0,0
309,2017-04-20,09:32:54,500,IC1704,CCFX,6365.2,6350.2,6365.2,346,439920600,10376,10694,6980.2,5711.4,6345.8,6346.6,0.0,6350.2,0.0,0,0,2017-04-20,34374500,6363.2,1,0,0,0,0,0,0,0,0,6365.4,4,0,0,0,0,0,0,0,0
310,2017-04-20,09:32:55,0,IC1704,CCFX,6365.4,6350.2,6365.4,347,441193680,10375,10694,6980.2,5711.4,6345.8,6346.6,0.0,6350.2,0.0,0,0,2017-04-20,34375000,6363.2,1,0,0,0,0,0,0,0,0,6365.4,3,0,0,0,0,0,0,0,0
311,2017-04-20,09:32:56,0,IC1704,CCFX,6365.4,6350.2,6365.4,348,442466760,10374,10694,6980.2,5711.4,6345.8,6346.6,0.0,6350.2,0.0,0,0,2017-04-20,34376000,6363.2,1,0,0,0,0,0,0,0,0,6365.2,1,0,0,0,0,0,0,0,0
312,2017-04-20,09:32:57,0,IC1704,CCFX,6365.4,6350.2,6365.4,348,442466760,10374,10694,6980.2,5711.4,6345.8,6346.6,0.0,6350.2,0.0,0,0,2017-04-20,34377000,6363.6,1,0,0,0,0,0,0,0,0,6365.2,1,0,0,0,0,0,0,0,0
313,2017-04-20,09:32:58,0,IC1704,CCFX,6365.2,6350.2,6365.4,349,443739800,10374,10694,6980.2,5711.4,6345.8,6346.6,0.0,6350.2,0.0,0,0,2017-04-20,34378000,6363.8,1,0,0,0,0,0,0,0,0,6365.4,4,0,0,0,0,0,0,0,0
314,2017-04-20,09:32:58,500,IC1704,CCFX,6365.2,6350.2,6365.4,349,443739800,10374,10694,6980.2,5711.4,6345.8,6346.6,0.0,6350.2,0.0,0,0,2017-04-20,34378500,6363.8,1,0,0,0,0,0,0,0,0,6364.4,1,0,0,0,0,0,0,0,0
315,2017-04-20,09:32:59,0,IC1704,CCFX,6365.2,6350.2,6365.4,350,445012840,10373,10694,6980.2,5711.4,6345.8,6346.6,0.0,6350.2,0.0,0,0,2017-04-20,34379000,6363.8,1,0,0,0,0,0,0,0,0,6365.4,4,0,0,0,0,0,0,0,0
316,2017-04-20,09:33:00,0,IC1704,CCFX,6365.4,6350.2,6365.4,355,451378240,10369,10694,6980.2,5711.4,6345.8,6346.6,0.0,6350.2,0.0,0,0,2017-04-20,34380000,6363.8,1,0,0,0,0,0,0,0,0,6365.6,5,0,0,0,0,0,0,0,0
317,2017-04-20,09:33:00,500,IC1704,CCFX,6365.4,6350.2,6365.4,355,451378240,10369,10694,6980.2,5711.4,6345.8,6346.6,0.0,6350.2,0.0,0,0,2017-04-20,34380500,6364.0,2,0,0,0,0,0,0,0,0,6365.6,5,0,0,0,0,0,0,0,0
318,2017-04-20,09:33:01,0,IC1704,CCFX,6365.6,6350.2,6365.6,356,452651360,10368,10694,6980.2,5711.4,6345.8,6346.6,0.0,6350.2,0.0,0,0,2017-04-20,34381000,6365.4,3,0,0,0,0,0,0,0,0,6365.6,4,0,0,0,0,0,0,0,0
319,2017-04-20,09:33:01,500,IC1704,CCFX,6365.6,6350.2,6365.6,357,453924480,10367,10694,6980.2,5711.4,6345.8,6346.6,0.0,6350.2,0.0,0,0,2017-04-20,34381500,6365.4,3,0,0,0,0,0,0,0,0,6365.6,4,0,0,0,0,0,0,0,0
320,2017-04-20,09:33:02,0,IC1704,CCFX,6365.6,6350.2,6365.6,360,457743800,10364,10694,6980.2,5711.4,6345.8,6346.6,0.0,6350.2,0.0,0,0,2017-04-20,34382000,6365.4,2,0,0,0,0,0,0,0,0,6365.6,2,0,0,0,0,0,0,0,0
321,2017-04-20,09:33:02,500,IC1704,CCFX,6365.6,6350.2,6365.6,363,461563120,10364,10694,6980.2,5711.4,6345.8,6346.6,0.0,6350.2,0.0,0,0,2017-04-20,34382500,6365.4,1,0,0,0,0,0,0,0,0,6366.4,5,0,0,0,0,0,0,0,0
322,2017-04-20,09:33:03,0,IC1704,CCFX,6365.6,6350.2,6365.6,363,461563120,10364,10694,6980.2,5711.4,6345.8,6346.6,0.0,6350.2,0.0,0,0,2017-04-20,34383000,6365.4,1,0,0,0,0,0,0,0,0,6366.4,5,0,0,0,0,0,0,0,0
323,2017-04-20,09:33:03,500,IC1704,CCFX,6365.6,6350.2,6365.6,363,461563120,10364,10694,6980.2,5711.4,6345.8,6346.6,0.0,6350.2,0.0,0,0,2017-04-20,34383500,6365.6,1,0,0,0,0,0,0,0,0,6366.4,5,0,0,0,0,0,0,0,0
324,2017-04-20,09:33:04,0,IC1704,CCFX,6366.4,6350.2,6366.4,368,467929520,10364,10694,6980.2,5711.4,6345.8,6346.6,0.0,6350.2,0.0,0,0,2017-04-20,34384000,6365.6,1,0,0,0,0,0,0,0,0,6366.6,1,0,0,0,0,0,0,0,0
325,2017-04-20,09:33:04,500,IC1704,CCFX,6366.4,6350.2,6366.4,368,467929520,10364,10694,6980.2,5711.4,6345.8,6346.6,0.0,6350.2,0.0,0,0,2017-04-20,34384500,6365.6,2,0,0,0,0,0,0,0,0,6366.6,1,0,0,0,0,0,0,0,0
326,2017-04-20,09:33:05,500,IC1704,CCFX,6366.4,6350.2,6366.4,368,467929520,10364,10694,6980.2,5711.4,6345.8,6346.6,0.0,6350.2,0.0,0,0,2017-04-20,34385500,6365.8,1,0,0,0,0,0,0,0,0,6366.6,1,0,0,0,0,0,0,0,0
327,2017-04-20,09:33:06,0,IC1704,CCFX,6366.4,6350.2,6366.4,368,467929520,10364,10694,6980.2,5711.4,6345.8,6346.6,0.0,6350.2,0.0,0,0,2017-04-20,34386000,6366.0,1,0,0,0,0,0,0,0,0,6366.6,1,0,0,0,0,0,0,0,0
328,2017-04-20,09:33:06,500,IC1704,CCFX,6366.4,6350.2,6366.4,368,467929520,10364,10694,6980.2,5711.4,6345.8,6346.6,0.0,6350.2,0.0,0,0,2017-04-20,34386500,6366.0,1,0,0,0,0,0,0,0,0,6366.6,1,0,0,0,0,0,0,0,0
329,2017-04-20,09:33:07,0,IC1704,CCFX,6366.4,6350.2,6366.4,368,467929520,10364,10694,6980.2,5711.4,6345.8,6346.6,0.0,6350.2,0.0,0,0,2017-04-20,34387000,6365.4,1,0,0,0,0,0,0,0,0,6366.6,2,0,0,0,0,0,0,0,0
330,2017-04-20,09:33:07,500,IC1704,CCFX,6366.6,6350.2,6366.6,369,469202840,10363,10694,6980.2,5711.4,6345.8,6346.6,0.0,6350.2,0.0,0,0,2017-04-20,34387500,6365.6,2,0,0,0,0,0,0,0,0,6366.6,1,0,0,0,0,0,0,0,0
331,2017-04-20,09:33:08,0,IC1704,CCFX,6366.6,6350.2,6366.6,369,469202840,10363,10694,6980.2,5711.4,6345.8,6346.6,0.0,6350.2,0.0,0,0,2017-04-20,34388000,6365.6,2,0,0,0,0,0,0,0,0,6366.6,1,0,0,0,0,0,0,0,0
332,2017-04-20,09:33:08,500,IC1704,CCFX,6366.6,6350.2,6366.6,369,469202840,10363,10694,6980.2,5711.4,6345.8,6346.6,0.0,6350.2,0.0,0,0,2017-04-20,34388500,6365.8,1,0,0,0,0,0,0,0,0,6366.6,1,0,0,0,0,0,0,0,0
333,2017-04-20,09:33:09,0,IC1704,CCFX,6366.6,6350.2,6366.6,369,469202840,10363,10694,6980.2,5711.4,6345.8,6346.6,0.0,6350.2,0.0,0,0,2017-04-20,34389000,6366.0,1,0,0,0,0,0,0,0,0,6366.6,1,0,0,0,0,0,0,0,0
334,2017-04-20,09:33:09,500,IC1704,CCFX,6366.6,6350.2,6366.6,369,469202840,10363,10694,6980.2,5711.4,6345.8,6346.6,0.0,6350.2,0.0,0,0,2017-04-20,34389500,6366.0,1,0,0,0,0,0,0,0,0,6366.6,1,0,0,0,0,0,0,0,0
335,2017-04-20,09:33:10,0,IC1704,CCFX,6366.6,6350.2,6366.6,369,469202840,10363,10694,6980.2,5711.4,6345.8,6346.6,0.0,6350.2,0.0,0,0,2017-04-20,34390000,6365.6,1,0,0,0,0,0,0,0,0,6366.6,1,0,0,0,0,0,0,0,0
336,2017-04-20,09:33:10,500,IC1704,CCFX,6366.6,6350.2,6366.6,369,469202840,10363,10694,6980.2,5711.4,6345.8,6346.6,0.0,6350.2,0.0,0,0,2017-04-20,34390500,6365.6,1,0,0,0,0,0,0,0,0,6366.6,1,0,0,0,0,0,0,0,0
337,2017-04-20,09:33:11,0,IC1704,CCFX,6366.6,6350.2,6366.6,369,469202840,10363,10694,6980.2,5711.4,6345.8,6346.6,0.0,6350.2,0.0,0,0,2017-04-20,34391000,6365.6,1,0,0,0,0,0,0,0,0,6366.4,1,0,0,0,0,0,0,0,0
338,2017-04-20,09:33:11,500,IC1704,CCFX,6366.6,6350.2,6366.6,369,469202840,10363,10694,6980.2,5711.4,6345.8,6346.6,0.0,6350.2,0.0,0,0,2017-04-20,34391500,6365.8,1,0,0,0,0,0,0,0,0,6366.4,1,0,0,0,0,0,0,0,0
339,2017-04-20,09:33:12,0,IC1704,CCFX,6366.6,6350.2,6366.6,369,469202840,10363,10694,6980.2,5711.4,6345.8,6346.6,0.0,6350.2,0.0,0,0,2017-04-20,34392000,6365.8,1,0,0,0,0,0,0,0,0,6366.4,1,0,0,0,0,0,0,0,0
340,2017-04-20,09:33:12,500,IC1704,CCFX,6365.8,6350.2,6366.6,370,470476000,10362,10694,6980.2,5711.4,6345.8,6346.6,0.0,6350.2,0.0,0,0,2017-04-20,34392500,6365.6,1,0,0,0,0,0,0,0,0,6366.4,1,0,0,0,0,0,0,0,0
341,2017-04-20,09:33:13,0,IC1704,CCFX,6365.8,6350.2,6366.6,370,470476000,10362,10694,6980.2,5711.4,6345.8,6346.6,0.0,6350.2,0.0,0,0,2017-04-20,34393000,6365.6,1,0,0,0,0,0,0,0,0,6365.8,1,0,0,0,0,0,0,0,0
342,2017-04-20,09:33:13,500,IC1704,CCFX,6365.8,6350.2,6366.6,371,471749160,10361,10694,6980.2,5711.4,6345.8,6346.6,0.0,6350.2,0.0,0,0,2017-04-20,34393500,6365.6,1,0,0,0,0,0,0,0,0,6366.4,1,0,0,0,0,0,0,0,0
343,2017-04-20,09:33:14,500,IC1704,CCFX,6365.8,6350.2,6366.6,371,471749160,10361,10694,6980.2,5711.4,6345.8,6346.6,0.0,6350.2,0.0,0,0,2017-04-20,34394500,6365.6,1,0,0,0,0,0,0,0,0,6366.4,1,0,0,0,0,0,0,0,0
344,2017-04-20,09:33:15,0,IC1704,CCFX,6365.8,6350.2,6366.6,371,471749160,10361,10694,6980.2,5711.4,6345.8,6346.6,0.0,6350.2,0.0,0,0,2017-04-20,34395000,6365.6,1,0,0,0,0,0,0,0,0,6366.4,2,0,0,0,0,0,0,0,0
345,2017-04-20,09:33:15,500,IC1704,CCFX,6365.8,6350.2,6366.6,371,471749160,10361,10694,6980.2,5711.4,6345.8,6346.6,0.0,6350.2,0.0,0,0,2017-04-20,34395500,6365.6,1,0,0,0,0,0,0,0,0,6366.4,2,0,0,0,0,0,0,0,0
346,2017-04-20,09:33:16,0,IC1704,CCFX,6366.4,6350.2,6366.6,372,473022440,10360,10694,6980.2,5711.4,6345.8,6346.6,0.0,6350.2,0.0,0,0,2017-04-20,34396000,6365.6,1,0,0,0,0,0,0,0,0,6366.4,1,0,0,0,0,0,0,0,0
347,2017-04-20,09:33:16,500,IC1704,CCFX,6366.4,6350.2,6366.6,372,473022440,10360,10694,6980.2,5711.4,6345.8,6346.6,0.0,6350.2,0.0,0,0,2017-04-20,34396500,6365.6,1,0,0,0,0,0,0,0,0,6366.4,1,0,0,0,0,0,0,0,0
348,2017-04-20,09:33:17,0,IC1704,CCFX,6366.4,6350.2,6366.6,372,473022440,10360,10694,6980.2,5711.4,6345.8,6346.6,0.0,6350.2,0.0,0,0,2017-04-20,34397000,6365.6,1,0,0,0,0,0,0,0,0,6366.4,1,0,0,0,0,0,0,0,0
349,2017-04-20,09:33:17,500,IC1704,CCFX,6366.4,6350.2,6366.6,372,473022440,10360,10694,6980.2,5711.4,6345.8,6346.6,0.0,6350.2,0.0,0,0,2017-04-20,34397500,6365.6,1,0,0,0,0,0,0,0,0,6366.4,1,0,0,0,0,0,0,0,0
350,2017-04-20,09:33:18,500,IC1704,CCFX,6366.4,6350.2,6366.6,372,473022440,10360,10694,6980.2,5711.4,6345.8,6346.6,0.0,6350.2,0.0,0,0,2017-04-20,34398500,6365.6,1,0,0,0,0,0,0,0,0,6365.8,1,0,0,0,0,0,0,0,0
351,2017-04-20,09:33:20,0,IC1704,CCFX,6366.4,6350.2,6366.6,372,473022440,10360,10694,6980.2,5711.4,6345.8,6346.6,0.0,6350.2,0.0,0,0,2017-04-20,34400000,6365.6,2,0,0,0,0,0,0,0,0,6365.8,1,0,0,0,0,0,0,0,0
352,2017-04-20,09:33:20,500,IC1704,CCFX,6366.4,6350.2,6366.6,374,475569000,10359,10694,6980.2,5711.4,6345.8,6346.6,0.0,6350.2,0.0,0,0,2017-04-20,34400500,6365.6,2,0,0,0,0,0,0,0,0,6366.4,1,0,0,0,0,0,0,0,0
353,2017-04-20,09:33:21,0,IC1704,CCFX,6365.6,6350.2,6366.6,375,476842120,10358,10694,6980.2,5711.4,6345.8,6346.6,0.0,6350.2,0.0,0,0,2017-04-20,34401000,6365.6,1,0,0,0,0,0,0,0,0,6366.4,1,0,0,0,0,0,0,0,0
354,2017-04-20,09:33:21,500,IC1704,CCFX,6365.6,6350.2,6366.6,376,478115240,10357,10694,6980.2,5711.4,6345.8,6346.6,0.0,6350.2,0.0,0,0,2017-04-20,34401500,6365.8,1,0,0,0,0,0,0,0,0,6366.4,1,0,0,0,0,0,0,0,0
355,2017-04-20,09:33:22,0,IC1704,CCFX,6366.4,6350.2,6366.6,379,481934960,10354,10694,6980.2,5711.4,6345.8,6346.6,0.0,6350.2,0.0,0,0,2017-04-20,34402000,6365.2,1,0,0,0,0,0,0,0,0,6366.6,3,0,0,0,0,0,0,0,0
356,2017-04-20,09:33:22,500,IC1704,CCFX,6366.4,6350.2,6366.6,379,481934960,10354,10694,6980.2,5711.4,6345.8,6346.6,0.0,6350.2,0.0,0,0,2017-04-20,34402500,6365.2,1,0,0,0,0,0,0,0,0,6366.6,3,0,0,0,0,0,0,0,0
357,2017-04-20,09:33:23,0,IC1704,CCFX,6366.6,6350.2,6366.6,381,484481600,10353,10694,6980.2,5711.4,6345.8,6346.6,0.0,6350.2,0.0,0,0,2017-04-20,34403000,6365.2,1,0,0,0,0,0,0,0,0,6366.4,1,0,0,0,0,0,0,0,0
358,2017-04-20,09:33:23,500,IC1704,CCFX,6366.6,6350.2,6366.6,381,484481600,10353,10694,6980.2,5711.4,6345.8,6346.6,0.0,6350.2,0.0,0,0,2017-04-20,34403500,6365.2,1,0,0,0,0,0,0,0,0,6366.6,1,0,0,0,0,0,0,0,0
359,2017-04-20,09:33:25,0,IC1704,CCFX,6366.6,6350.2,6366.6,381,484481600,10353,10694,6980.2,5711.4,6345.8,6346.6,0.0,6350.2,0.0,0,0,2017-04-20,34405000,6365.2,1,0,0,0,0,0,0,0,0,6366.4,1,0,0,0,0,0,0,0,0
360,2017-04-20,09:33:26,0,IC1704,CCFX,6366.6,6350.2,6366.6,381,484481600,10353,10694,6980.2,5711.4,6345.8,6346.6,0.0,6350.2,0.0,0,0,2017-04-20,34406000,6365.2,1,0,0,0,0,0,0,0,0,6366.4,2,0,0,0,0,0,0,0,0
361,2017-04-20,09:33:26,500,IC1704,CCFX,6365.2,6350.2,6366.6,383,487027680,10352,10694,6980.2,5711.4,6345.8,6346.6,0.0,6350.2,0.0,0,0,2017-04-20,34406500,6363.6,1,0,0,0,0,0,0,0,0,6366.2,1,0,0,0,0,0,0,0,0
362,2017-04-20,09:33:27,0,IC1704,CCFX,6365.2,6350.2,6366.6,383,487027680,10352,10694,6980.2,5711.4,6345.8,6346.6,0.0,6350.2,0.0,0,0,2017-04-20,34407000,6363.8,1,0,0,0,0,0,0,0,0,6366.0,1,0,0,0,0,0,0,0,0
363,2017-04-20,09:33:27,500,IC1704,CCFX,6365.2,6350.2,6366.6,383,487027680,10352,10694,6980.2,5711.4,6345.8,6346.6,0.0,6350.2,0.0,0,0,2017-04-20,34407500,6364.0,1,0,0,0,0,0,0,0,0,6366.0,1,0,0,0,0,0,0,0,0
364,2017-04-20,09:33:28,0,IC1704,CCFX,6365.2,6350.2,6366.6,383,487027680,10352,10694,6980.2,5711.4,6345.8,6346.6,0.0,6350.2,0.0,0,0,2017-04-20,34408000,6364.2,1,0,0,0,0,0,0,0,0,6365.8,1,0,0,0,0,0,0,0,0
365,2017-04-20,09:33:28,500,IC1704,CCFX,6365.8,6350.2,6366.6,384,488300840,10351,10694,6980.2,5711.4,6345.8,6346.6,0.0,6350.2,0.0,0,0,2017-04-20,34408500,6362.0,1,0,0,0,0,0,0,0,0,6366.0,1,0,0,0,0,0,0,0,0
366,2017-04-20,09:33:29,0,IC1704,CCFX,6365.8,6350.2,6366.6,384,488300840,10351,10694,6980.2,5711.4,6345.8,6346.6,0.0,6350.2,0.0,0,0,2017-04-20,34409000,6362.2,3,0,0,0,0,0,0,0,0,6365.6,1,0,0,0,0,0,0,0,0
367,2017-04-20,09:33:29,500,IC1704,CCFX,6365.8,6350.2,6366.6,384,488300840,10351,10694,6980.2,5711.4,6345.8,6346.6,0.0,6350.2,0.0,0,0,2017-04-20,34409500,6362.2,3,0,0,0,0,0,0,0,0,6365.2,1,0,0,0,0,0,0,0,0
368,2017-04-20,09:33:30,0,IC1704,CCFX,6365.8,6350.2,6366.6,384,488300840,10351,10694,6980.2,5711.4,6345.8,6346.6,0.0,6350.2,0.0,0,0,2017-04-20,34410000,6362.2,3,0,0,0,0,0,0,0,0,6365.2,1,0,0,0,0,0,0,0,0
369,2017-04-20,09:33:30,500,IC1704,CCFX,6365.8,6350.2,6366.6,384,488300840,10351,10694,6980.2,5711.4,6345.8,6346.6,0.0,6350.2,0.0,0,0,2017-04-20,34410500,6362.2,3,0,0,0,0,0,0,0,0,6365.2,2,0,0,0,0,0,0,0,0
370,2017-04-20,09:33:31,500,IC1704,CCFX,6365.8,6350.2,6366.6,384,488300840,10351,10694,6980.2,5711.4,6345.8,6346.6,0.0,6350.2,0.0,0,0,2017-04-20,34411500,6363.4,1,0,0,0,0,0,0,0,0,6365.2,2,0,0,0,0,0,0,0,0
371,2017-04-20,09:33:32,0,IC1704,CCFX,6365.8,6350.2,6366.6,384,488300840,10351,10694,6980.2,5711.4,6345.8,6346.6,0.0,6350.2,0.0,0,0,2017-04-20,34412000,6363.4,1,0,0,0,0,0,0,0,0,6365.2,2,0,0,0,0,0,0,0,0
372,2017-04-20,09:33:33,0,IC1704,CCFX,6365.8,6350.2,6366.6,384,488300840,10351,10694,6980.2,5711.4,6345.8,6346.6,0.0,6350.2,0.0,0,0,2017-04-20,34413000,6363.6,1,0,0,0,0,0,0,0,0,6365.2,2,0,0,0,0,0,0,0,0
373,2017-04-20,09:33:33,500,IC1704,CCFX,6365.8,6350.2,6366.6,384,488300840,10351,10694,6980.2,5711.4,6345.8,6346.6,0.0,6350.2,0.0,0,0,2017-04-20,34413500,6363.4,1,0,0,0,0,0,0,0,0,6365.2,2,0,0,0,0,0,0,0,0
374,2017-04-20,09:33:34,500,IC1704,CCFX,6365.8,6350.2,6366.6,384,488300840,10351,10694,6980.2,5711.4,6345.8,6346.6,0.0,6350.2,0.0,0,0,2017-04-20,34414500,6363.8,1,0,0,0,0,0,0,0,0,6365.0,1,0,0,0,0,0,0,0,0
375,2017-04-20,09:33:35,0,IC1704,CCFX,6365.8,6350.2,6366.6,385,489574000,10350,10694,6980.2,5711.4,6345.8,6346.6,0.0,6350.2,0.0,0,0,2017-04-20,34415000,6363.8,1,0,0,0,0,0,0,0,0,6365.0,1,0,0,0,0,0,0,0,0
376,2017-04-20,09:33:35,500,IC1704,CCFX,6365.8,6350.2,6366.6,385,489574000,10350,10694,6980.2,5711.4,6345.8,6346.6,0.0,6350.2,0.0,0,0,2017-04-20,34415500,6364.0,1,0,0,0,0,0,0,0,0,6364.8,1,0,0,0,0,0,0,0,0
377,2017-04-20,09:33:36,0,IC1704,CCFX,6364.0,6350.2,6366.6,386,490846800,10349,10694,6980.2,5711.4,6345.8,6346.6,0.0,6350.2,0.0,0,0,2017-04-20,34416000,6363.8,2,0,0,0,0,0,0,0,0,6364.6,1,0,0,0,0,0,0,0,0
378,2017-04-20,09:33:37,500,IC1704,CCFX,6364.0,6350.2,6366.6,386,490846800,10349,10694,6980.2,5711.4,6345.8,6346.6,0.0,6350.2,0.0,0,0,2017-04-20,34417500,6363.8,2,0,0,0,0,0,0,0,0,6364.6,2,0,0,0,0,0,0,0,0
379,2017-04-20,09:33:38,0,IC1704,CCFX,6364.0,6350.2,6366.6,386,490846800,10349,10694,6980.2,5711.4,6345.8,6346.6,0.0,6350.2,0.0,0,0,2017-04-20,34418000,6363.8,2,0,0,0,0,0,0,0,0,6364.4,1,0,0,0,0,0,0,0,0
380,2017-04-20,09:33:38,500,IC1704,CCFX,6364.0,6350.2,6366.6,386,490846800,10349,10694,6980.2,5711.4,6345.8,6346.6,0.0,6350.2,0.0,0,0,2017-04-20,34418500,6363.8,2,0,0,0,0,0,0,0,0,6364.4,1,0,0,0,0,0,0,0,0
381,2017-04-20,09:33:39,0,IC1704,CCFX,6364.0,6350.2,6366.6,386,490846800,10349,10694,6980.2,5711.4,6345.8,6346.6,0.0,6350.2,0.0,0,0,2017-04-20,34419000,6364.0,1,0,0,0,0,0,0,0,0,6364.2,1,0,0,0,0,0,0,0,0
382,2017-04-20,09:33:39,500,IC1704,CCFX,6364.0,6350.2,6366.6,387,492119600,10348,10694,6980.2,5711.4,6345.8,6346.6,0.0,6350.2,0.0,0,0,2017-04-20,34419500,6363.8,1,0,0,0,0,0,0,0,0,6364.2,1,0,0,0,0,0,0,0,0
383,2017-04-20,09:33:40,0,IC1704,CCFX,6364.0,6350.2,6366.6,388,493392400,10347,10694,6980.2,5711.4,6345.8,6346.6,0.0,6350.2,0.0,0,0,2017-04-20,34420000,6363.8,1,0,0,0,0,0,0,0,0,6364.2,1,0,0,0,0,0,0,0,0
384,2017-04-20,09:33:40,500,IC1704,CCFX,6364.0,6350.2,6366.6,389,494665200,10346,10694,6980.2,5711.4,6345.8,6346.6,0.0,6350.2,0.0,0,0,2017-04-20,34420500,6363.8,1,0,0,0,0,0,0,0,0,6364.2,1,0,0,0,0,0,0,0,0
385,2017-04-20,09:33:41,0,IC1704,CCFX,6364.0,6350.2,6366.6,389,494665200,10346,10694,6980.2,5711.4,6345.8,6346.6,0.0,6350.2,0.0,0,0,2017-04-20,34421000,6364.2,1,0,0,0,0,0,0,0,0,6364.6,1,0,0,0,0,0,0,0,0
386,2017-04-20,09:33:41,500,IC1704,CCFX,6364.0,6350.2,6366.6,390,495938000,10345,10694,6980.2,5711.4,6345.8,6346.6,0.0,6350.2,0.0,0,0,2017-04-20,34421500,6363.8,1,0,0,0,0,0,0,0,0,6364.6,1,0,0,0,0,0,0,0,0
387,2017-04-20,09:33:42,0,IC1704,CCFX,6364.0,6350.2,6366.6,390,495938000,10345,10694,6980.2,5711.4,6345.8,6346.6,0.0,6350.2,0.0,0,0,2017-04-20,34422000,6363.8,1,0,0,0,0,0,0,0,0,6364.6,1,0,0,0,0,0,0,0,0
388,2017-04-20,09:33:42,500,IC1704,CCFX,6363.8,6350.2,6366.6,391,497210760,10344,10694,6980.2,5711.4,6345.8,6346.6,0.0,6350.2,0.0,0,0,2017-04-20,34422500,6363.0,1,0,0,0,0,0,0,0,0,6363.8,1,0,0,0,0,0,0,0,0
389,2017-04-20,09:33:43,0,IC1704,CCFX,6363.8,6350.2,6366.6,392,498483520,10343,10694,6980.2,5711.4,6345.8,6346.6,0.0,6350.2,0.0,0,0,2017-04-20,34423000,6363.0,1,0,0,0,0,0,0,0,0,6364.6,1,0,0,0,0,0,0,0,0
390,2017-04-20,09:33:43,500,IC1704,CCFX,6363.8,6350.2,6366.6,392,498483520,10343,10694,6980.2,5711.4,6345.8,6346.6,0.0,6350.2,0.0,0,0,2017-04-20,34423500,6363.0,1,0,0,0,0,0,0,0,0,6364.2,1,0,0,0,0,0,0,0,0
391,2017-04-20,09:33:44,0,IC1704,CCFX,6363.8,6350.2,6366.6,392,498483520,10343,10694,6980.2,5711.4,6345.8,6346.6,0.0,6350.2,0.0,0,0,2017-04-20,34424000,6363.0,1,0,0,0,0,0,0,0,0,6364.2,1,0,0,0,0,0,0,0,0
392,2017-04-20,09:33:44,500,IC1704,CCFX,6363.8,6350.2,6366.6,393,499756280,10342,10694,6980.2,5711.4,6345.8,6346.6,0.0,6350.2,0.0,0,0,2017-04-20,34424500,6363.0,1,0,0,0,0,0,0,0,0,6364.2,1,0,0,0,0,0,0,0,0
393,2017-04-20,09:33:45,0,IC1704,CCFX,6363.8,6350.2,6366.6,393,499756280,10342,10694,6980.2,5711.4,6345.8,6346.6,0.0,6350.2,0.0,0,0,2017-04-20,34425000,6363.0,1,0,0,0,0,0,0,0,0,6364.0,1,0,0,0,0,0,0,0,0
394,2017-04-20,09:33:46,0,IC1704,CCFX,6363.0,6350.2,6366.6,394,501028880,10341,10694,6980.2,5711.4,6345.8,6346.6,0.0,6350.2,0.0,0,0,2017-04-20,34426000,6362.0,1,0,0,0,0,0,0,0,0,6364.0,1,0,0,0,0,0,0,0,0
395,2017-04-20,09:33:46,500,IC1704,CCFX,6363.2,6350.2,6366.6,396,503574120,10339,10694,6980.2,5711.4,6345.8,6346.6,0.0,6350.2,0.0,0,0,2017-04-20,34426500,6362.2,1,0,0,0,0,0,0,0,0,6363.8,1,0,0,0,0,0,0,0,0
396,2017-04-20,09:33:47,0,IC1704,CCFX,6362.2,6350.2,6366.6,397,504846560,10338,10694,6980.2,5711.4,6345.8,6346.6,0.0,6350.2,0.0,0,0,2017-04-20,34427000,6362.0,1,0,0,0,0,0,0,0,0,6363.8,1,0,0,0,0,0,0,0,0
397,2017-04-20,09:33:47,500,IC1704,CCFX,6362.2,6350.2,6366.6,397,504846560,10338,10694,6980.2,5711.4,6345.8,6346.6,0.0,6350.2,0.0,0,0,2017-04-20,34427500,6362.0,1,0,0,0,0,0,0,0,0,6363.8,2,0,0,0,0,0,0,0,0
398,2017-04-20,09:33:49,0,IC1704,CCFX,6362.2,6350.2,6366.6,397,504846560,10338,10694,6980.2,5711.4,6345.8,6346.6,0.0,6350.2,0.0,0,0,2017-04-20,34429000,6362.0,1,0,0,0,0,0,0,0,0,6363.8,2,0,0,0,0,0,0,0,0
399,2017-04-20,09:33:49,500,IC1704,CCFX,6362.2,6350.2,6366.6,397,504846560,10338,10694,6980.2,5711.4,6345.8,6346.6,0.0,6350.2,0.0,0,0,2017-04-20,34429500,6362.0,1,0,0,0,0,0,0,0,0,6362.2,1,0,0,0,0,0,0,0,0
400,2017-04-20,09:33:50,500,IC1704,CCFX,6362.2,6350.2,6366.6,397,504846560,10338,10694,6980.2,5711.4,6345.8,6346.6,0.0,6350.2,0.0,0,0,2017-04-20,34430500,6362.0,1,0,0,0,0,0,0,0,0,6362.2,2,0,0,0,0,0,0,0,0
401,2017-04-20,09:33:51,0,IC1704,CCFX,6362.2,6350.2,6366.6,399,507391440,10336,10694,6980.2,5711.4,6345.8,6346.6,0.0,6350.2,0.0,0,0,2017-04-20,34431000,6362.0,1,0,0,0,0,0,0,0,0,6362.2,1,0,0,0,0,0,0,0,0
402,2017-04-20,09:33:51,500,IC1704,CCFX,6362.2,6350.2,6366.6,402,511208720,10333,10694,6980.2,5711.4,6345.8,6346.6,0.0,6350.2,0.0,0,0,2017-04-20,34431500,6362.6,1,0,0,0,0,0,0,0,0,6364.2,1,0,0,0,0,0,0,0,0
403,2017-04-20,09:33:52,0,IC1704,CCFX,6364.6,6350.2,6366.6,405,515027400,10330,10694,6980.2,5711.4,6345.8,6346.6,0.0,6350.2,0.0,0,0,2017-04-20,34432000,6361.8,1,0,0,0,0,0,0,0,0,6365.0,1,0,0,0,0,0,0,0,0
404,2017-04-20,09:33:52,500,IC1704,CCFX,6361.8,6350.2,6366.6,406,516299760,10329,10694,6980.2,5711.4,6345.8,6346.6,0.0,6350.2,0.0,0,0,2017-04-20,34432500,6361.6,1,0,0,0,0,0,0,0,0,6364.6,1,0,0,0,0,0,0,0,0
405,2017-04-20,09:33:53,0,IC1704,CCFX,6361.8,6350.2,6366.6,406,516299760,10329,10694,6980.2,5711.4,6345.8,6346.6,0.0,6350.2,0.0,0,0,2017-04-20,34433000,6361.6,1,0,0,0,0,0,0,0,0,6364.4,2,0,0,0,0,0,0,0,0
406,2017-04-20,09:33:53,500,IC1704,CCFX,6361.8,6350.2,6366.6,406,516299760,10329,10694,6980.2,5711.4,6345.8,6346.6,0.0,6350.2,0.0,0,0,2017-04-20,34433500,6361.8,1,0,0,0,0,0,0,0,0,6364.4,2,0,0,0,0,0,0,0,0
407,2017-04-20,09:33:54,0,IC1704,CCFX,6361.8,6350.2,6366.6,406,516299760,10329,10694,6980.2,5711.4,6345.8,6346.6,0.0,6350.2,0.0,0,0,2017-04-20,34434000,6361.8,1,0,0,0,0,0,0,0,0,6364.2,1,0,0,0,0,0,0,0,0
408,2017-04-20,09:33:54,500,IC1704,CCFX,6361.8,6350.2,6366.6,406,516299760,10329,10694,6980.2,5711.4,6345.8,6346.6,0.0,6350.2,0.0,0,0,2017-04-20,34434500,6363.8,4,0,0,0,0,0,0,0,0,6364.2,1,0,0,0,0,0,0,0,0
409,2017-04-20,09:33:55,0,IC1704,CCFX,6363.8,6350.2,6366.6,407,517572520,10328,10694,6980.2,5711.4,6345.8,6346.6,0.0,6350.2,0.0,0,0,2017-04-20,34435000,6363.8,3,0,0,0,0,0,0,0,0,6364.2,1,0,0,0,0,0,0,0,0
410,2017-04-20,09:33:55,500,IC1704,CCFX,6363.8,6350.2,6366.6,407,517572520,10328,10694,6980.2,5711.4,6345.8,6346.6,0.0,6350.2,0.0,0,0,2017-04-20,34435500,6363.8,3,0,0,0,0,0,0,0,0,6364.2,1,0,0,0,0,0,0,0,0
411,2017-04-20,09:33:56,0,IC1704,CCFX,6363.8,6350.2,6366.6,407,517572520,10328,10694,6980.2,5711.4,6345.8,6346.6,0.0,6350.2,0.0,0,0,2017-04-20,34436000,6364.0,1,0,0,0,0,0,0,0,0,6364.2,1,0,0,0,0,0,0,0,0
412,2017-04-20,09:33:58,0,IC1704,CCFX,6364.2,6350.2,6366.6,408,518845360,10327,10694,6980.2,5711.4,6345.8,6346.6,0.0,6350.2,0.0,0,0,2017-04-20,34438000,6364.2,1,0,0,0,0,0,0,0,0,6365.0,1,0,0,0,0,0,0,0,0
413,2017-04-20,09:33:58,500,IC1704,CCFX,6365.0,6350.2,6366.6,409,520118360,10326,10694,6980.2,5711.4,6345.8,6346.6,0.0,6350.2,0.0,0,0,2017-04-20,34438500,6364.2,1,0,0,0,0,0,0,0,0,6365.4,1,0,0,0,0,0,0,0,0
414,2017-04-20,09:34:01,0,IC1704,CCFX,6365.0,6350.2,6366.6,409,520118360,10326,10694,6980.2,5711.4,6345.8,6346.6,0.0,6350.2,0.0,0,0,2017-04-20,34441000,6364.4,1,0,0,0,0,0,0,0,0,6365.4,1,0,0,0,0,0,0,0,0
415,2017-04-20,09:34:01,500,IC1704,CCFX,6365.4,6350.2,6366.6,411,522664520,10324,10694,6980.2,5711.4,6345.8,6346.6,0.0,6350.2,0.0,0,0,2017-04-20,34441500,6365.4,2,0,0,0,0,0,0,0,0,6366.0,1,0,0,0,0,0,0,0,0
416,2017-04-20,09:34:02,0,IC1704,CCFX,6365.4,6350.2,6366.6,411,522664520,10324,10694,6980.2,5711.4,6345.8,6346.6,0.0,6350.2,0.0,0,0,2017-04-20,34442000,6365.4,2,0,0,0,0,0,0,0,0,6366.0,1,0,0,0,0,0,0,0,0
417,2017-04-20,09:34:03,0,IC1704,CCFX,6365.4,6350.2,6366.6,411,522664520,10324,10694,6980.2,5711.4,6345.8,6346.6,0.0,6350.2,0.0,0,0,2017-04-20,34443000,6365.8,1,0,0,0,0,0,0,0,0,6366.0,1,0,0,0,0,0,0,0,0
418,2017-04-20,09:34:03,500,IC1704,CCFX,6365.4,6350.2,6366.6,414,526483760,10324,10694,6980.2,5711.4,6345.8,6346.6,0.0,6350.2,0.0,0,0,2017-04-20,34443500,6364.4,1,0,0,0,0,0,0,0,0,6365.4,2,0,0,0,0,0,0,0,0
419,2017-04-20,09:34:04,0,IC1704,CCFX,6365.4,6350.2,6366.6,415,527756840,10324,10694,6980.2,5711.4,6345.8,6346.6,0.0,6350.2,0.0,0,0,2017-04-20,34444000,6364.4,1,0,0,0,0,0,0,0,0,6365.4,1,0,0,0,0,0,0,0,0
420,2017-04-20,09:34:04,500,IC1704,CCFX,6365.4,6350.2,6366.6,415,527756840,10324,10694,6980.2,5711.4,6345.8,6346.6,0.0,6350.2,0.0,0,0,2017-04-20,34444500,6364.6,1,0,0,0,0,0,0,0,0,6365.4,1,0,0,0,0,0,0,0,0
421,2017-04-20,09:34:05,0,IC1704,CCFX,6365.4,6350.2,6366.6,417,530302840,10323,10694,6980.2,5711.4,6345.8,6346.6,0.0,6350.2,0.0,0,0,2017-04-20,34445000,6364.0,1,0,0,0,0,0,0,0,0,6365.8,1,0,0,0,0,0,0,0,0
422,2017-04-20,09:34:06,0,IC1704,CCFX,6365.4,6350.2,6366.6,417,530302840,10323,10694,6980.2,5711.4,6345.8,6346.6,0.0,6350.2,0.0,0,0,2017-04-20,34446000,6363.8,3,0,0,0,0,0,0,0,0,6365.8,1,0,0,0,0,0,0,0,0
423,2017-04-20,09:34:06,500,IC1704,CCFX,6365.4,6350.2,6366.6,417,530302840,10323,10694,6980.2,5711.4,6345.8,6346.6,0.0,6350.2,0.0,0,0,2017-04-20,34446500,6363.8,3,0,0,0,0,0,0,0,0,6365.6,1,0,0,0,0,0,0,0,0
424,2017-04-20,09:34:07,0,IC1704,CCFX,6365.4,6350.2,6366.6,417,530302840,10323,10694,6980.2,5711.4,6345.8,6346.6,0.0,6350.2,0.0,0,0,2017-04-20,34447000,6363.8,3,0,0,0,0,0,0,0,0,6365.4,1,0,0,0,0,0,0,0,0
425,2017-04-20,09:34:08,0,IC1704,CCFX,6365.4,6350.2,6366.6,417,530302840,10323,10694,6980.2,5711.4,6345.8,6346.6,0.0,6350.2,0.0,0,0,2017-04-20,34448000,6363.8,3,0,0,0,0,0,0,0,0,6365.4,1,0,0,0,0,0,0,0,0
426,2017-04-20,09:34:08,500,IC1704,CCFX,6365.4,6350.2,6366.6,417,530302840,10323,10694,6980.2,5711.4,6345.8,6346.6,0.0,6350.2,0.0,0,0,2017-04-20,34448500,6363.8,3,0,0,0,0,0,0,0,0,6365.4,1,0,0,0,0,0,0,0,0
427,2017-04-20,09:34:10,500,IC1704,CCFX,6365.4,6350.2,6366.6,417,530302840,10323,10694,6980.2,5711.4,6345.8,6346.6,0.0,6350.2,0.0,0,0,2017-04-20,34450500,6363.8,3,0,0,0,0,0,0,0,0,6364.0,1,0,0,0,0,0,0,0,0
428,2017-04-20,09:34:11,0,IC1704,CCFX,6363.8,6350.2,6366.6,421,535393920,10319,10694,6980.2,5711.4,6345.8,6346.6,0.0,6350.2,0.0,0,0,2017-04-20,34451000,6361.8,5,0,0,0,0,0,0,0,0,6362.8,1,0,0,0,0,0,0,0,0
429,2017-04-20,09:34:11,500,IC1704,CCFX,6362.8,6350.2,6366.6,423,537939040,10317,10694,6980.2,5711.4,6345.8,6346.6,0.0,6350.2,0.0,0,0,2017-04-20,34451500,6361.8,5,0,0,0,0,0,0,0,0,6364.0,1,0,0,0,0,0,0,0,0
430,2017-04-20,09:34:12,0,IC1704,CCFX,6362.8,6350.2,6366.6,423,537939040,10317,10694,6980.2,5711.4,6345.8,6346.6,0.0,6350.2,0.0,0,0,2017-04-20,34452000,6362.0,1,0,0,0,0,0,0,0,0,6363.8,1,0,0,0,0,0,0,0,0
431,2017-04-20,09:34:12,500,IC1704,CCFX,6362.8,6350.2,6366.6,423,537939040,10317,10694,6980.2,5711.4,6345.8,6346.6,0.0,6350.2,0.0,0,0,2017-04-20,34452500,6362.8,1,0,0,0,0,0,0,0,0,6363.8,1,0,0,0,0,0,0,0,0
432,2017-04-20,09:34:13,0,IC1704,CCFX,6362.8,6350.2,6366.6,423,537939040,10317,10694,6980.2,5711.4,6345.8,6346.6,0.0,6350.2,0.0,0,0,2017-04-20,34453000,6362.8,1,0,0,0,0,0,0,0,0,6363.8,1,0,0,0,0,0,0,0,0
433,2017-04-20,09:34:13,500,IC1704,CCFX,6362.8,6350.2,6366.6,424,539211600,10316,10694,6980.2,5711.4,6345.8,6346.6,0.0,6350.2,0.0,0,0,2017-04-20,34453500,6361.8,5,0,0,0,0,0,0,0,0,6362.8,1,0,0,0,0,0,0,0,0
434,2017-04-20,09:34:14,0,IC1704,CCFX,6362.8,6350.2,6366.6,424,539211600,10316,10694,6980.2,5711.4,6345.8,6346.6,0.0,6350.2,0.0,0,0,2017-04-20,34454000,6361.8,5,0,0,0,0,0,0,0,0,6362.8,1,0,0,0,0,0,0,0,0
435,2017-04-20,09:34:14,500,IC1704,CCFX,6362.8,6350.2,6366.6,424,539211600,10316,10694,6980.2,5711.4,6345.8,6346.6,0.0,6350.2,0.0,0,0,2017-04-20,34454500,6361.8,5,0,0,0,0,0,0,0,0,6362.8,1,0,0,0,0,0,0,0,0
436,2017-04-20,09:34:15,0,IC1704,CCFX,6362.8,6350.2,6366.6,425,540484160,10315,10694,6980.2,5711.4,6345.8,6346.6,0.0,6350.2,0.0,0,0,2017-04-20,34455000,6361.8,5,0,0,0,0,0,0,0,0,6363.8,1,0,0,0,0,0,0,0,0
437,2017-04-20,09:34:16,500,IC1704,CCFX,6362.8,6350.2,6366.6,425,540484160,10315,10694,6980.2,5711.4,6345.8,6346.6,0.0,6350.2,0.0,0,0,2017-04-20,34456500,6361.8,5,0,0,0,0,0,0,0,0,6363.8,1,0,0,0,0,0,0,0,0
438,2017-04-20,09:34:17,500,IC1704,CCFX,6361.8,6350.2,6366.6,427,543028880,10313,10694,6980.2,5711.4,6345.8,6346.6,0.0,6350.2,0.0,0,0,2017-04-20,34457500,6362.0,1,0,0,0,0,0,0,0,0,6364.0,2,0,0,0,0,0,0,0,0
439,2017-04-20,09:34:18,0,IC1704,CCFX,6361.8,6350.2,6366.6,427,543028880,10313,10694,6980.2,5711.4,6345.8,6346.6,0.0,6350.2,0.0,0,0,2017-04-20,34458000,6362.0,1,0,0,0,0,0,0,0,0,6364.0,2,0,0,0,0,0,0,0,0
440,2017-04-20,09:34:18,500,IC1704,CCFX,6361.8,6350.2,6366.6,427,543028880,10313,10694,6980.2,5711.4,6345.8,6346.6,0.0,6350.2,0.0,0,0,2017-04-20,34458500,6362.0,1,0,0,0,0,0,0,0,0,6364.0,2,0,0,0,0,0,0,0,0
441,2017-04-20,09:34:19,0,IC1704,CCFX,6361.8,6350.2,6366.6,427,543028880,10313,10694,6980.2,5711.4,6345.8,6346.6,0.0,6350.2,0.0,0,0,2017-04-20,34459000,6363.8,3,0,0,0,0,0,0,0,0,6364.0,2,0,0,0,0,0,0,0,0
442,2017-04-20,09:34:19,500,IC1704,CCFX,6362.8,6350.2,6366.6,428,544301440,10312,10694,6980.2,5711.4,6345.8,6346.6,0.0,6350.2,0.0,0,0,2017-04-20,34459500,6363.8,2,0,0,0,0,0,0,0,0,6364.0,2,0,0,0,0,0,0,0,0
443,2017-04-20,09:34:20,0,IC1704,CCFX,6362.8,6350.2,6366.6,428,544301440,10312,10694,6980.2,5711.4,6345.8,6346.6,0.0,6350.2,0.0,0,0,2017-04-20,34460000,6363.8,2,0,0,0,0,0,0,0,0,6364.0,2,0,0,0,0,0,0,0,0
444,2017-04-20,09:34:20,500,IC1704,CCFX,6362.8,6350.2,6366.6,428,544301440,10312,10694,6980.2,5711.4,6345.8,6346.6,0.0,6350.2,0.0,0,0,2017-04-20,34460500,6363.8,2,0,0,0,0,0,0,0,0,6364.0,2,0,0,0,0,0,0,0,0
445,2017-04-20,09:34:21,0,IC1704,CCFX,6362.8,6350.2,6366.6,428,544301440,10312,10694,6980.2,5711.4,6345.8,6346.6,0.0,6350.2,0.0,0,0,2017-04-20,34461000,6363.8,2,0,0,0,0,0,0,0,0,6364.0,4,0,0,0,0,0,0,0,0
446,2017-04-20,09:34:21,500,IC1704,CCFX,6363.8,6350.2,6366.6,430,546846960,10310,10694,6980.2,5711.4,6345.8,6346.6,0.0,6350.2,0.0,0,0,2017-04-20,34461500,6362.0,1,0,0,0,0,0,0,0,0,6364.0,4,0,0,0,0,0,0,0,0
447,2017-04-20,09:34:22,0,IC1704,CCFX,6363.8,6350.2,6366.6,430,546846960,10310,10694,6980.2,5711.4,6345.8,6346.6,0.0,6350.2,0.0,0,0,2017-04-20,34462000,6362.8,1,0,0,0,0,0,0,0,0,6364.0,4,0,0,0,0,0,0,0,0
448,2017-04-20,09:34:22,500,IC1704,CCFX,6363.8,6350.2,6366.6,430,546846960,10310,10694,6980.2,5711.4,6345.8,6346.6,0.0,6350.2,0.0,0,0,2017-04-20,34462500,6363.2,1,0,0,0,0,0,0,0,0,6364.0,4,0,0,0,0,0,0,0,0
449,2017-04-20,09:34:23,0,IC1704,CCFX,6363.2,6350.2,6366.6,431,548119600,10310,10694,6980.2,5711.4,6345.8,6346.6,0.0,6350.2,0.0,0,0,2017-04-20,34463000,6362.8,1,0,0,0,0,0,0,0,0,6363.2,2,0,0,0,0,0,0,0,0
450,2017-04-20,09:34:23,500,IC1704,CCFX,6363.2,6350.2,6366.6,431,548119600,10310,10694,6980.2,5711.4,6345.8,6346.6,0.0,6350.2,0.0,0,0,2017-04-20,34463500,6362.8,1,0,0,0,0,0,0,0,0,6363.2,2,0,0,0,0,0,0,0,0
451,2017-04-20,09:34:24,0,IC1704,CCFX,6363.2,6350.2,6366.6,431,548119600,10310,10694,6980.2,5711.4,6345.8,6346.6,0.0,6350.2,0.0,0,0,2017-04-20,34464000,6363.0,1,0,0,0,0,0,0,0,0,6363.2,2,0,0,0,0,0,0,0,0
452,2017-04-20,09:34:25,0,IC1704,CCFX,6363.2,6350.2,6366.6,431,548119600,10310,10694,6980.2,5711.4,6345.8,6346.6,0.0,6350.2,0.0,0,0,2017-04-20,34465000,6363.0,1,0,0,0,0,0,0,0,0,6363.2,2,0,0,0,0,0,0,0,0
453,2017-04-20,09:34:26,0,IC1704,CCFX,6363.2,6350.2,6366.6,431,548119600,10310,10694,6980.2,5711.4,6345.8,6346.6,0.0,6350.2,0.0,0,0,2017-04-20,34466000,6363.0,1,0,0,0,0,0,0,0,0,6363.2,2,0,0,0,0,0,0,0,0
454,2017-04-20,09:34:27,0,IC1704,CCFX,6363.2,6350.2,6366.6,431,548119600,10310,10694,6980.2,5711.4,6345.8,6346.6,0.0,6350.2,0.0,0,0,2017-04-20,34467000,6363.0,1,0,0,0,0,0,0,0,0,6363.2,2,0,0,0,0,0,0,0,0
455,2017-04-20,09:34:27,500,IC1704,CCFX,6363.2,6350.2,6366.6,431,548119600,10310,10694,6980.2,5711.4,6345.8,6346.6,0.0,6350.2,0.0,0,0,2017-04-20,34467500,6363.0,1,0,0,0,0,0,0,0,0,6363.2,2,0,0,0,0,0,0,0,0
456,2017-04-20,09:34:28,0,IC1704,CCFX,6363.2,6350.2,6366.6,431,548119600,10310,10694,6980.2,5711.4,6345.8,6346.6,0.0,6350.2,0.0,0,0,2017-04-20,34468000,6363.0,1,0,0,0,0,0,0,0,0,6363.2,2,0,0,0,0,0,0,0,0
457,2017-04-20,09:34:29,500,IC1704,CCFX,6363.2,6350.2,6366.6,431,548119600,10310,10694,6980.2,5711.4,6345.8,6346.6,0.0,6350.2,0.0,0,0,2017-04-20,34469500,6363.0,1,0,0,0,0,0,0,0,0,6363.2,2,0,0,0,0,0,0,0,0
458,2017-04-20,09:34:30,0,IC1704,CCFX,6363.0,6350.2,6366.6,432,549392200,10309,10694,6980.2,5711.4,6345.8,6346.6,0.0,6350.2,0.0,0,0,2017-04-20,34470000,6362.8,1,0,0,0,0,0,0,0,0,6363.2,2,0,0,0,0,0,0,0,0
459,2017-04-20,09:34:30,500,IC1704,CCFX,6363.0,6350.2,6366.6,432,549392200,10309,10694,6980.2,5711.4,6345.8,6346.6,0.0,6350.2,0.0,0,0,2017-04-20,34470500,6362.8,1,0,0,0,0,0,0,0,0,6363.2,2,0,0,0,0,0,0,0,0
460,2017-04-20,09:34:31,0,IC1704,CCFX,6363.0,6350.2,6366.6,432,549392200,10309,10694,6980.2,5711.4,6345.8,6346.6,0.0,6350.2,0.0,0,0,2017-04-20,34471000,6362.8,1,0,0,0,0,0,0,0,0,6363.2,2,0,0,0,0,0,0,0,0
461,2017-04-20,09:34:32,0,IC1704,CCFX,6363.0,6350.2,6366.6,432,549392200,10309,10694,6980.2,5711.4,6345.8,6346.6,0.0,6350.2,0.0,0,0,2017-04-20,34472000,6362.8,1,0,0,0,0,0,0,0,0,6363.2,2,0,0,0,0,0,0,0,0
462,2017-04-20,09:34:34,500,IC1704,CCFX,6363.2,6350.2,6366.6,433,550664840,10309,10694,6980.2,5711.4,6345.8,6346.6,0.0,6350.2,0.0,0,0,2017-04-20,34474500,6362.8,1,0,0,0,0,0,0,0,0,6363.2,1,0,0,0,0,0,0,0,0
463,2017-04-20,09:34:36,0,IC1704,CCFX,6362.8,6350.2,6366.6,434,551937400,10308,10694,6980.2,5711.4,6345.8,6346.6,0.0,6350.2,0.0,0,0,2017-04-20,34476000,6362.0,1,0,0,0,0,0,0,0,0,6362.8,1,0,0,0,0,0,0,0,0
464,2017-04-20,09:34:37,0,IC1704,CCFX,6362.0,6350.2,6366.6,436,554482200,10306,10694,6980.2,5711.4,6345.8,6346.6,0.0,6350.2,0.0,0,0,2017-04-20,34477000,6361.8,5,0,0,0,0,0,0,0,0,6362.0,1,0,0,0,0,0,0,0,0
465,2017-04-20,09:34:37,500,IC1704,CCFX,6361.8,6350.2,6366.6,437,555754560,10305,10694,6980.2,5711.4,6345.8,6346.6,0.0,6350.2,0.0,0,0,2017-04-20,34477500,6361.8,4,0,0,0,0,0,0,0,0,6362.0,1,0,0,0,0,0,0,0,0
466,2017-04-20,09:34:38,0,IC1704,CCFX,6361.8,6350.2,6366.6,439,558299280,10303,10694,6980.2,5711.4,6345.8,6346.6,0.0,6350.2,0.0,0,0,2017-04-20,34478000,6361.8,2,0,0,0,0,0,0,0,0,6362.0,1,0,0,0,0,0,0,0,0
467,2017-04-20,09:34:38,500,IC1704,CCFX,6361.8,6350.2,6366.6,441,560844000,10301,10694,6980.2,5711.4,6345.8,6346.6,0.0,6350.2,0.0,0,0,2017-04-20,34478500,6361.6,1,0,0,0,0,0,0,0,0,6361.8,1,0,0,0,0,0,0,0,0
468,2017-04-20,09:34:39,0,IC1704,CCFX,6361.6,6350.2,6366.6,442,562116320,10300,10694,6980.2,5711.4,6345.8,6346.6,0.0,6350.2,0.0,0,0,2017-04-20,34479000,6360.8,1,0,0,0,0,0,0,0,0,6361.8,1,0,0,0,0,0,0,0,0
469,2017-04-20,09:34:43,0,IC1704,CCFX,6360.8,6350.2,6366.6,443,563388480,10299,10694,6980.2,5711.4,6345.8,6346.6,0.0,6350.2,0.0,0,0,2017-04-20,34483000,6360.6,5,0,0,0,0,0,0,0,0,6361.8,1,0,0,0,0,0,0,0,0
470,2017-04-20,09:34:43,500,IC1704,CCFX,6360.8,6350.2,6366.6,443,563388480,10299,10694,6980.2,5711.4,6345.8,6346.6,0.0,6350.2,0.0,0,0,2017-04-20,34483500,6360.6,5,0,0,0,0,0,0,0,0,6361.8,1,0,0,0,0,0,0,0,0
471,2017-04-20,09:34:44,0,IC1704,CCFX,6360.8,6350.2,6366.6,443,563388480,10299,10694,6980.2,5711.4,6345.8,6346.6,0.0,6350.2,0.0,0,0,2017-04-20,34484000,6360.8,1,0,0,0,0,0,0,0,0,6361.6,1,0,0,0,0,0,0,0,0
472,2017-04-20,09:34:45,0,IC1704,CCFX,6361.8,6350.2,6366.6,445,565933160,10297,10694,6980.2,5711.4,6345.8,6346.6,0.0,6350.2,0.0,0,0,2017-04-20,34485000,6361.8,2,0,0,0,0,0,0,0,0,6363.0,2,0,0,0,0,0,0,0,0
473,2017-04-20,09:34:45,500,IC1704,CCFX,6363.0,6350.2,6366.6,446,567205760,10296,10694,6980.2,5711.4,6345.8,6346.6,0.0,6350.2,0.0,0,0,2017-04-20,34485500,6361.8,2,0,0,0,0,0,0,0,0,6363.0,1,0,0,0,0,0,0,0,0
474,2017-04-20,09:34:46,500,IC1704,CCFX,6363.0,6350.2,6366.6,447,568478360,10295,10694,6980.2,5711.4,6345.8,6346.6,0.0,6350.2,0.0,0,0,2017-04-20,34486500,6362.0,1,0,0,0,0,0,0,0,0,6363.2,1,0,0,0,0,0,0,0,0
475,2017-04-20,09:34:47,0,IC1704,CCFX,6363.0,6350.2,6366.6,447,568478360,10295,10694,6980.2,5711.4,6345.8,6346.6,0.0,6350.2,0.0,0,0,2017-04-20,34487000,6362.0,1,0,0,0,0,0,0,0,0,6363.2,1,0,0,0,0,0,0,0,0
476,2017-04-20,09:34:47,500,IC1704,CCFX,6363.0,6350.2,6366.6,447,568478360,10295,10694,6980.2,5711.4,6345.8,6346.6,0.0,6350.2,0.0,0,0,2017-04-20,34487500,6362.2,1,0,0,0,0,0,0,0,0,6363.2,1,0,0,0,0,0,0,0,0
477,2017-04-20,09:34:49,0,IC1704,CCFX,6362.4,6350.2,6366.6,448,569750840,10294,10694,6980.2,5711.4,6345.8,6346.6,0.0,6350.2,0.0,0,0,2017-04-20,34489000,6362.0,1,0,0,0,0,0,0,0,0,6363.2,1,0,0,0,0,0,0,0,0
478,2017-04-20,09:34:49,500,IC1704,CCFX,6362.0,6350.2,6366.6,451,573568280,10292,10694,6980.2,5711.4,6345.8,6346.6,0.0,6350.2,0.0,0,0,2017-04-20,34489500,6361.8,5,0,0,0,0,0,0,0,0,6364.0,3,0,0,0,0,0,0,0,0
479,2017-04-20,09:34:50,0,IC1704,CCFX,6362.0,6350.2,6366.6,451,573568280,10292,10694,6980.2,5711.4,6345.8,6346.6,0.0,6350.2,0.0,0,0,2017-04-20,34490000,6362.0,1,0,0,0,0,0,0,0,0,6364.0,3,0,0,0,0,0,0,0,0
480,2017-04-20,09:34:50,500,IC1704,CCFX,6362.0,6350.2,6366.6,451,573568280,10292,10694,6980.2,5711.4,6345.8,6346.6,0.0,6350.2,0.0,0,0,2017-04-20,34490500,6362.2,1,0,0,0,0,0,0,0,0,6363.6,1,0,0,0,0,0,0,0,0
481,2017-04-20,09:34:51,0,IC1704,CCFX,6362.0,6350.2,6366.6,451,573568280,10292,10694,6980.2,5711.4,6345.8,6346.6,0.0,6350.2,0.0,0,0,2017-04-20,34491000,6362.2,1,0,0,0,0,0,0,0,0,6363.6,2,0,0,0,0,0,0,0,0
482,2017-04-20,09:34:51,500,IC1704,CCFX,6362.0,6350.2,6366.6,451,573568280,10292,10694,6980.2,5711.4,6345.8,6346.6,0.0,6350.2,0.0,0,0,2017-04-20,34491500,6362.2,1,0,0,0,0,0,0,0,0,6363.6,2,0,0,0,0,0,0,0,0
483,2017-04-20,09:34:53,0,IC1704,CCFX,6361.8,6350.2,6366.6,453,576113040,10290,10694,6980.2,5711.4,6345.8,6346.6,0.0,6350.2,0.0,0,0,2017-04-20,34493000,6361.8,1,0,0,0,0,0,0,0,0,6363.0,1,0,0,0,0,0,0,0,0
484,2017-04-20,09:34:53,500,IC1704,CCFX,6363.0,6350.2,6366.6,454,577385640,10289,10694,6980.2,5711.4,6345.8,6346.6,0.0,6350.2,0.0,0,0,2017-04-20,34493500,6361.8,1,0,0,0,0,0,0,0,0,6363.6,1,0,0,0,0,0,0,0,0
485,2017-04-20,09:34:54,0,IC1704,CCFX,6363.0,6350.2,6366.6,454,577385640,10289,10694,6980.2,5711.4,6345.8,6346.6,0.0,6350.2,0.0,0,0,2017-04-20,34494000,6362.0,1,0,0,0,0,0,0,0,0,6363.6,1,0,0,0,0,0,0,0,0
486,2017-04-20,09:34:54,500,IC1704,CCFX,6363.0,6350.2,6366.6,454,577385640,10289,10694,6980.2,5711.4,6345.8,6346.6,0.0,6350.2,0.0,0,0,2017-04-20,34494500,6363.0,1,0,0,0,0,0,0,0,0,6363.6,1,0,0,0,0,0,0,0,0
487,2017-04-20,09:34:55,0,IC1704,CCFX,6363.0,6350.2,6366.6,454,577385640,10289,10694,6980.2,5711.4,6345.8,6346.6,0.0,6350.2,0.0,0,0,2017-04-20,34495000,6363.0,1,0,0,0,0,0,0,0,0,6363.6,1,0,0,0,0,0,0,0,0
488,2017-04-20,09:34:55,500,IC1704,CCFX,6363.0,6350.2,6366.6,454,577385640,10289,10694,6980.2,5711.4,6345.8,6346.6,0.0,6350.2,0.0,0,0,2017-04-20,34495500,6363.0,1,0,0,0,0,0,0,0,0,6364.0,3,0,0,0,0,0,0,0,0
489,2017-04-20,09:34:56,0,IC1704,CCFX,6363.0,6350.2,6366.6,454,577385640,10289,10694,6980.2,5711.4,6345.8,6346.6,0.0,6350.2,0.0,0,0,2017-04-20,34496000,6363.2,1,0,0,0,0,0,0,0,0,6364.0,3,0,0,0,0,0,0,0,0
490,2017-04-20,09:34:56,500,IC1704,CCFX,6363.2,6350.2,6366.6,458,582476200,10285,10694,6980.2,5711.4,6345.8,6346.6,0.0,6350.2,0.0,0,0,2017-04-20,34496500,6363.0,1,0,0,0,0,0,0,0,0,6363.8,2,0,0,0,0,0,0,0,0
