,dataDate,dataTime,dataMillisec,instrumentID,exchangeCD,lastPrice,lowPrice,highPrice,volume,value,openInterest,preOpenInterest,upperLimitPrice,lowerLimitPrice,preSettlementPrice,prevClosePrice,settlementPrice,openPrice,closePrice,preDelta,currDelta,clearingDay,milliSecOffset,bidPrice1,bidVolume1,bidPrice2,bidVolume2,bidPrice3,bidVolume3,bidPrice4,bidVolume4,bidPrice5,bidVolume5,askPrice1,askVolume1,askPrice2,askVolume2,askPrice3,askVolume3,askPrice4,askVolume4,askPrice5,askVolume5
0,2017-04-20,00:00:00,0,IF1704,CCFX,3440.0,0.0,0.0,0,0,13597,13597,0.0,0,3442.2,3440,0.0,0,0.0,0,0,2017-04-20,0,0.0,0,0,0,0,0,0,0,0,0,0.0,0,0,0,0,0,0,0,0,0
1,2017-04-20,07:14:14,500,IF1704,CCFX,3440.0,0.0,0.0,0,0,13597,13597,3786.4,3098,3442.2,3440,0.0,0,0.0,0,0,2017-04-20,26054500,0.0,0,0,0,0,0,0,0,0,0,0.0,0,0,0,0,0,0,0,0,0
2,2017-04-20,09:29:00,500,IF1704,CCFX,3440.0,3440.0,3440.0,52,53664000,13546,13597,3786.4,3098,3442.2,3440,0.0,3440,0.0,0,0,2017-04-20,34140500,3439.0,5,0,0,0,0,0,0,0,0,3440.0,5,0,0,0,0,0,0,0,0
3,2017-04-20,09:30:00,500,IF1704,CCFX,3440.0,3440.0,3440.0,58,59856000,13544,13597,3786.4,3098,3442.2,3440,0.0,3440,0.0,0,0,2017-04-20,34200500,3439.4,2,0,0,0,0,0,0,0,0,3439.6,5,0,0,0,0,0,0,0,0
4,2017-04-20,09:30:01,0,IF1704,CCFX,3439.4,3439.4,3443.8,85,87732900,13517,13597,3786.4,3098,3442.2,3440,0.0,3440,0.0,0,0,2017-04-20,34201000,3440.0,4,0,0,0,0,0,0,0,0,3443.8,1,0,0,0,0,0,0,0,0
5,2017-04-20,09:30:01,500,IF1704,CCFX,3439.4,3439.4,3443.8,86,88764720,13516,13597,3786.4,3098,3442.2,3440,0.0,3440,0.0,0,0,2017-04-20,34201500,3440.6,1,0,0,0,0,0,0,0,0,3443.6,2,0,0,0,0,0,0,0,0
6,2017-04-20,09:30:02,0,IF1704,CCFX,3445.4,3439.4,3445.4,101,104264940,13503,13597,3786.4,3098,3442.2,3440,0.0,3440,0.0,0,0,2017-04-20,34202000,3440.8,1,0,0,0,0,0,0,0,0,3442.0,1,0,0,0,0,0,0,0,0
7,2017-04-20,09:30:02,500,IF1704,CCFX,3441.0,3439.4,3445.4,103,106329900,13503,13597,3786.4,3098,3442.2,3440,0.0,3440,0.0,0,0,2017-04-20,34202500,3441.0,1,0,0,0,0,0,0,0,0,3442.0,1,0,0,0,0,0,0,0,0
8,2017-04-20,09:30:03,0,IF1704,CCFX,3441.2,3439.4,3445.4,105,108394800,13501,13597,3786.4,3098,3442.2,3440,0.0,3440,0.0,0,0,2017-04-20,34203000,3441.0,7,0,0,0,0,0,0,0,0,3442.0,1,0,0,0,0,0,0,0,0
9,2017-04-20,09:30:03,500,IF1704,CCFX,3443.2,3439.4,3445.4,108,111493200,13498,13597,3786.4,3098,3442.2,3440,0.0,3440,0.0,0,0,2017-04-20,34203500,3442.6,1,0,0,0,0,0,0,0,0,3443.4,1,0,0,0,0,0,0,0,0
10,2017-04-20,09:30:04,0,IF1704,CCFX,3443.4,3439.4,3445.4,109,112526220,13497,13597,3786.4,3098,3442.2,3440,0.0,3440,0.0,0,0,2017-04-20,34204000,3442.8,1,0,0,0,0,0,0,0,0,3445.4,2,0,0,0,0,0,0,0,0
11,2017-04-20,09:30:04,500,IF1704,CCFX,3445.2,3439.4,3445.4,112,115626240,13494,13597,3786.4,3098,3442.2,3440,0.0,3440,0.0,0,0,2017-04-20,34204500,3443.0,1,0,0,0,0,0,0,0,0,3445.4,2,0,0,0,0,0,0,0,0
12,2017-04-20,09:30:05,0,IF1704,CCFX,3443.0,3439.4,3445.4,116,119758020,13491,13597,3786.4,3098,3442.2,3440,0.0,3440,0.0,0,0,2017-04-20,34205000,3443.0,6,0,0,0,0,0,0,0,0,3444.2,1,0,0,0,0,0,0,0,0
13,2017-04-20,09:30:05,500,IF1704,CCFX,3443.0,3439.4,3445.4,116,119758020,13491,13597,3786.4,3098,3442.2,3440,0.0,3440,0.0,0,0,2017-04-20,34205500,3443.2,8,0,0,0,0,0,0,0,0,3444.0,1,0,0,0,0,0,0,0,0
14,2017-04-20,09:30:06,0,IF1704,CCFX,3443.0,3439.4,3445.4,116,119758020,13491,13597,3786.4,3098,3442.2,3440,0.0,3440,0.0,0,0,2017-04-20,34206000,3443.4,6,0,0,0,0,0,0,0,0,3443.8,1,0,0,0,0,0,0,0,0
15,2017-04-20,09:30:06,500,IF1704,CCFX,3443.8,3439.4,3445.4,121,124923300,13486,13597,3786.4,3098,3442.2,3440,0.0,3440,0.0,0,0,2017-04-20,34206500,3443.6,4,0,0,0,0,0,0,0,0,3444.0,3,0,0,0,0,0,0,0,0
16,2017-04-20,09:30:07,0,IF1704,CCFX,3443.6,3439.4,3445.4,122,125956380,13485,13597,3786.4,3098,3442.2,3440,0.0,3440,0.0,0,0,2017-04-20,34207000,3444.0,2,0,0,0,0,0,0,0,0,3444.2,3,0,0,0,0,0,0,0,0
17,2017-04-20,09:30:07,500,IF1704,CCFX,3443.6,3439.4,3445.4,122,125956380,13485,13597,3786.4,3098,3442.2,3440,0.0,3440,0.0,0,0,2017-04-20,34207500,3444.0,3,0,0,0,0,0,0,0,0,3444.4,3,0,0,0,0,0,0,0,0
18,2017-04-20,09:30:08,0,IF1704,CCFX,3443.6,3439.4,3445.4,122,125956380,13485,13597,3786.4,3098,3442.2,3440,0.0,3440,0.0,0,0,2017-04-20,34208000,3444.0,3,0,0,0,0,0,0,0,0,3444.4,3,0,0,0,0,0,0,0,0
19,2017-04-20,09:30:08,500,IF1704,CCFX,3443.6,3439.4,3445.4,122,125956380,13485,13597,3786.4,3098,3442.2,3440,0.0,3440,0.0,0,0,2017-04-20,34208500,3444.0,3,0,0,0,0,0,0,0,0,3444.4,3,0,0,0,0,0,0,0,0
20,2017-04-20,09:30:09,0,IF1704,CCFX,3443.6,3439.4,3445.4,122,125956380,13485,13597,3786.4,3098,3442.2,3440,0.0,3440,0.0,0,0,2017-04-20,34209000,3444.0,3,0,0,0,0,0,0,0,0,3444.4,3,0,0,0,0,0,0,0,0
21,2017-04-20,09:30:09,500,IF1704,CCFX,3444.0,3439.4,3445.4,126,130089300,13481,13597,3786.4,3098,3442.2,3440,0.0,3440,0.0,0,0,2017-04-20,34209500,3443.6,1,0,0,0,0,0,0,0,0,3444.4,2,0,0,0,0,0,0,0,0
22,2017-04-20,09:30:10,0,IF1704,CCFX,3444.0,3439.4,3445.4,126,130089300,13481,13597,3786.4,3098,3442.2,3440,0.0,3440,0.0,0,0,2017-04-20,34210000,3443.6,1,0,0,0,0,0,0,0,0,3444.2,2,0,0,0,0,0,0,0,0
23,2017-04-20,09:30:10,500,IF1704,CCFX,3443.8,3439.4,3445.4,127,131122440,13480,13597,3786.4,3098,3442.2,3440,0.0,3440,0.0,0,0,2017-04-20,34210500,3443.6,1,0,0,0,0,0,0,0,0,3444.0,1,0,0,0,0,0,0,0,0
24,2017-04-20,09:30:11,0,IF1704,CCFX,3443.8,3439.4,3445.4,127,131122440,13480,13597,3786.4,3098,3442.2,3440,0.0,3440,0.0,0,0,2017-04-20,34211000,3443.6,1,0,0,0,0,0,0,0,0,3444.0,1,0,0,0,0,0,0,0,0
25,2017-04-20,09:30:11,500,IF1704,CCFX,3443.8,3439.4,3445.4,129,133188660,13478,13597,3786.4,3098,3442.2,3440,0.0,3440,0.0,0,0,2017-04-20,34211500,3443.8,1,0,0,0,0,0,0,0,0,3444.0,1,0,0,0,0,0,0,0,0
26,2017-04-20,09:30:12,0,IF1704,CCFX,3443.8,3439.4,3445.4,131,135254940,13476,13597,3786.4,3098,3442.2,3440,0.0,3440,0.0,0,0,2017-04-20,34212000,3442.2,1,0,0,0,0,0,0,0,0,3444.0,1,0,0,0,0,0,0,0,0
27,2017-04-20,09:30:12,500,IF1704,CCFX,3443.8,3439.4,3445.4,131,135254940,13476,13597,3786.4,3098,3442.2,3440,0.0,3440,0.0,0,0,2017-04-20,34212500,3442.4,2,0,0,0,0,0,0,0,0,3444.0,1,0,0,0,0,0,0,0,0
28,2017-04-20,09:30:13,0,IF1704,CCFX,3443.8,3439.4,3445.4,131,135254940,13476,13597,3786.4,3098,3442.2,3440,0.0,3440,0.0,0,0,2017-04-20,34213000,3442.6,1,0,0,0,0,0,0,0,0,3443.8,1,0,0,0,0,0,0,0,0
29,2017-04-20,09:30:13,500,IF1704,CCFX,3443.8,3439.4,3445.4,131,135254940,13476,13597,3786.4,3098,3442.2,3440,0.0,3440,0.0,0,0,2017-04-20,34213500,3442.8,1,0,0,0,0,0,0,0,0,3443.8,1,0,0,0,0,0,0,0,0
30,2017-04-20,09:30:14,0,IF1704,CCFX,3443.8,3439.4,3445.4,131,135254940,13476,13597,3786.4,3098,3442.2,3440,0.0,3440,0.0,0,0,2017-04-20,34214000,3442.8,1,0,0,0,0,0,0,0,0,3443.8,2,0,0,0,0,0,0,0,0
31,2017-04-20,09:30:14,500,IF1704,CCFX,3443.8,3439.4,3445.4,131,135254940,13476,13597,3786.4,3098,3442.2,3440,0.0,3440,0.0,0,0,2017-04-20,34214500,3442.8,4,0,0,0,0,0,0,0,0,3443.8,3,0,0,0,0,0,0,0,0
32,2017-04-20,09:30:15,0,IF1704,CCFX,3443.8,3439.4,3445.4,131,135254940,13476,13597,3786.4,3098,3442.2,3440,0.0,3440,0.0,0,0,2017-04-20,34215000,3442.8,4,0,0,0,0,0,0,0,0,3443.8,3,0,0,0,0,0,0,0,0
33,2017-04-20,09:30:15,500,IF1704,CCFX,3443.8,3439.4,3445.4,136,140420700,13471,13597,3786.4,3098,3442.2,3440,0.0,3440,0.0,0,0,2017-04-20,34215500,3443.8,2,0,0,0,0,0,0,0,0,3444.2,2,0,0,0,0,0,0,0,0
34,2017-04-20,09:30:16,0,IF1704,CCFX,3443.8,3439.4,3445.4,139,143520120,13468,13597,3786.4,3098,3442.2,3440,0.0,3440,0.0,0,0,2017-04-20,34216000,3443.0,1,0,0,0,0,0,0,0,0,3444.2,2,0,0,0,0,0,0,0,0
35,2017-04-20,09:30:16,500,IF1704,CCFX,3443.8,3439.4,3445.4,139,143520120,13468,13597,3786.4,3098,3442.2,3440,0.0,3440,0.0,0,0,2017-04-20,34216500,3443.0,1,0,0,0,0,0,0,0,0,3444.2,2,0,0,0,0,0,0,0,0
36,2017-04-20,09:30:17,0,IF1704,CCFX,3443.0,3439.4,3445.4,141,145585920,13467,13597,3786.4,3098,3442.2,3440,0.0,3440,0.0,0,0,2017-04-20,34217000,3442.8,3,0,0,0,0,0,0,0,0,3443.4,2,0,0,0,0,0,0,0,0
37,2017-04-20,09:30:18,0,IF1704,CCFX,3443.4,3439.4,3445.4,143,147651960,13465,13597,3786.4,3098,3442.2,3440,0.0,3440,0.0,0,0,2017-04-20,34218000,3442.8,3,0,0,0,0,0,0,0,0,3444.2,2,0,0,0,0,0,0,0,0
38,2017-04-20,09:30:18,500,IF1704,CCFX,3443.0,3439.4,3445.4,144,148684860,13464,13597,3786.4,3098,3442.2,3440,0.0,3440,0.0,0,0,2017-04-20,34218500,3442.8,3,0,0,0,0,0,0,0,0,3444.0,1,0,0,0,0,0,0,0,0
39,2017-04-20,09:30:19,0,IF1704,CCFX,3443.0,3439.4,3445.4,144,148684860,13464,13597,3786.4,3098,3442.2,3440,0.0,3440,0.0,0,0,2017-04-20,34219000,3443.0,1,0,0,0,0,0,0,0,0,3444.0,1,0,0,0,0,0,0,0,0
40,2017-04-20,09:30:19,500,IF1704,CCFX,3443.0,3439.4,3445.4,144,148684860,13464,13597,3786.4,3098,3442.2,3440,0.0,3440,0.0,0,0,2017-04-20,34219500,3443.0,1,0,0,0,0,0,0,0,0,3444.0,1,0,0,0,0,0,0,0,0
41,2017-04-20,09:30:20,0,IF1704,CCFX,3443.0,3439.4,3445.4,144,148684860,13464,13597,3786.4,3098,3442.2,3440,0.0,3440,0.0,0,0,2017-04-20,34220000,3443.0,1,0,0,0,0,0,0,0,0,3444.0,1,0,0,0,0,0,0,0,0
42,2017-04-20,09:30:21,0,IF1704,CCFX,3443.0,3439.4,3445.4,144,148684860,13464,13597,3786.4,3098,3442.2,3440,0.0,3440,0.0,0,0,2017-04-20,34221000,3443.0,1,0,0,0,0,0,0,0,0,3444.0,2,0,0,0,0,0,0,0,0
43,2017-04-20,09:30:21,500,IF1704,CCFX,3443.0,3439.4,3445.4,144,148684860,13464,13597,3786.4,3098,3442.2,3440,0.0,3440,0.0,0,0,2017-04-20,34221500,3443.0,1,0,0,0,0,0,0,0,0,3444.0,3,0,0,0,0,0,0,0,0
44,2017-04-20,09:30:22,0,IF1704,CCFX,3443.8,3439.4,3445.4,145,149718000,13463,13597,3786.4,3098,3442.2,3440,0.0,3440,0.0,0,0,2017-04-20,34222000,3443.0,1,0,0,0,0,0,0,0,0,3444.0,3,0,0,0,0,0,0,0,0
45,2017-04-20,09:30:22,500,IF1704,CCFX,3443.8,3439.4,3445.4,145,149718000,13463,13597,3786.4,3098,3442.2,3440,0.0,3440,0.0,0,0,2017-04-20,34222500,3443.0,1,0,0,0,0,0,0,0,0,3443.8,1,0,0,0,0,0,0,0,0
46,2017-04-20,09:30:23,0,IF1704,CCFX,3443.8,3439.4,3445.4,146,150751140,13462,13597,3786.4,3098,3442.2,3440,0.0,3440,0.0,0,0,2017-04-20,34223000,3443.0,1,0,0,0,0,0,0,0,0,3444.0,3,0,0,0,0,0,0,0,0
47,2017-04-20,09:30:23,500,IF1704,CCFX,3443.8,3439.4,3445.4,146,150751140,13462,13597,3786.4,3098,3442.2,3440,0.0,3440,0.0,0,0,2017-04-20,34223500,3443.6,1,0,0,0,0,0,0,0,0,3444.0,3,0,0,0,0,0,0,0,0
48,2017-04-20,09:30:24,0,IF1704,CCFX,3444.0,3439.4,3445.4,149,153850620,13459,13597,3786.4,3098,3442.2,3440,0.0,3440,0.0,0,0,2017-04-20,34224000,3443.0,1,0,0,0,0,0,0,0,0,3444.0,1,0,0,0,0,0,0,0,0
49,2017-04-20,09:30:24,500,IF1704,CCFX,3444.0,3439.4,3445.4,150,154883820,13458,13597,3786.4,3098,3442.2,3440,0.0,3440,0.0,0,0,2017-04-20,34224500,3444.0,2,0,0,0,0,0,0,0,0,3444.2,2,0,0,0,0,0,0,0,0
50,2017-04-20,09:30:25,0,IF1704,CCFX,3444.0,3439.4,3445.4,151,155917020,13457,13597,3786.4,3098,3442.2,3440,0.0,3440,0.0,0,0,2017-04-20,34225000,3444.0,1,0,0,0,0,0,0,0,0,3444.2,2,0,0,0,0,0,0,0,0
51,2017-04-20,09:30:25,500,IF1704,CCFX,3444.0,3439.4,3445.4,152,156950220,13456,13597,3786.4,3098,3442.2,3440,0.0,3440,0.0,0,0,2017-04-20,34225500,3443.0,1,0,0,0,0,0,0,0,0,3444.0,1,0,0,0,0,0,0,0,0
52,2017-04-20,09:30:26,0,IF1704,CCFX,3444.0,3439.4,3445.4,152,156950220,13456,13597,3786.4,3098,3442.2,3440,0.0,3440,0.0,0,0,2017-04-20,34226000,3443.0,1,0,0,0,0,0,0,0,0,3444.2,2,0,0,0,0,0,0,0,0
53,2017-04-20,09:30:26,500,IF1704,CCFX,3444.2,3439.4,3445.4,154,159016740,13454,13597,3786.4,3098,3442.2,3440,0.0,3440,0.0,0,0,2017-04-20,34226500,3444.2,1,0,0,0,0,0,0,0,0,3444.4,1,0,0,0,0,0,0,0,0
54,2017-04-20,09:30:27,0,IF1704,CCFX,3443.2,3439.4,3445.4,156,161082960,13453,13597,3786.4,3098,3442.2,3440,0.0,3440,0.0,0,0,2017-04-20,34227000,3443.2,1,0,0,0,0,0,0,0,0,3443.8,1,0,0,0,0,0,0,0,0
55,2017-04-20,09:30:27,500,IF1704,CCFX,3443.2,3439.4,3445.4,156,161082960,13453,13597,3786.4,3098,3442.2,3440,0.0,3440,0.0,0,0,2017-04-20,34227500,3443.4,2,0,0,0,0,0,0,0,0,3443.8,1,0,0,0,0,0,0,0,0
56,2017-04-20,09:30:28,0,IF1704,CCFX,3443.8,3439.4,3445.4,157,162116100,13452,13597,3786.4,3098,3442.2,3440,0.0,3440,0.0,0,0,2017-04-20,34228000,3443.8,1,0,0,0,0,0,0,0,0,3444.4,1,0,0,0,0,0,0,0,0
57,2017-04-20,09:30:28,500,IF1704,CCFX,3443.8,3439.4,3445.4,158,163149240,13452,13597,3786.4,3098,3442.2,3440,0.0,3440,0.0,0,0,2017-04-20,34228500,3443.4,1,0,0,0,0,0,0,0,0,3444.4,1,0,0,0,0,0,0,0,0
58,2017-04-20,09:30:29,0,IF1704,CCFX,3443.8,3439.4,3445.4,158,163149240,13452,13597,3786.4,3098,3442.2,3440,0.0,3440,0.0,0,0,2017-04-20,34229000,3443.2,2,0,0,0,0,0,0,0,0,3444.4,1,0,0,0,0,0,0,0,0
59,2017-04-20,09:30:29,500,IF1704,CCFX,3443.8,3439.4,3445.4,158,163149240,13452,13597,3786.4,3098,3442.2,3440,0.0,3440,0.0,0,0,2017-04-20,34229500,3443.4,1,0,0,0,0,0,0,0,0,3444.4,1,0,0,0,0,0,0,0,0
60,2017-04-20,09:30:30,0,IF1704,CCFX,3443.8,3439.4,3445.4,158,163149240,13452,13597,3786.4,3098,3442.2,3440,0.0,3440,0.0,0,0,2017-04-20,34230000,3443.4,1,0,0,0,0,0,0,0,0,3444.4,1,0,0,0,0,0,0,0,0
61,2017-04-20,09:30:30,500,IF1704,CCFX,3444.4,3439.4,3445.4,161,166248960,13450,13597,3786.4,3098,3442.2,3440,0.0,3440,0.0,0,0,2017-04-20,34230500,3444.4,5,0,0,0,0,0,0,0,0,3445.0,3,0,0,0,0,0,0,0,0
62,2017-04-20,09:30:31,0,IF1704,CCFX,3444.4,3439.4,3445.4,162,167282280,13449,13597,3786.4,3098,3442.2,3440,0.0,3440,0.0,0,0,2017-04-20,34231000,3444.4,4,0,0,0,0,0,0,0,0,3445.0,3,0,0,0,0,0,0,0,0
63,2017-04-20,09:30:31,500,IF1704,CCFX,3444.4,3439.4,3445.4,163,168315600,13448,13597,3786.4,3098,3442.2,3440,0.0,3440,0.0,0,0,2017-04-20,34231500,3444.8,3,0,0,0,0,0,0,0,0,3445.0,3,0,0,0,0,0,0,0,0
64,2017-04-20,09:30:32,0,IF1704,CCFX,3444.8,3439.4,3445.4,166,171415860,13445,13597,3786.4,3098,3442.2,3440,0.0,3440,0.0,0,0,2017-04-20,34232000,3444.4,3,0,0,0,0,0,0,0,0,3445.0,3,0,0,0,0,0,0,0,0
65,2017-04-20,09:30:32,500,IF1704,CCFX,3444.8,3439.4,3445.4,166,171415860,13445,13597,3786.4,3098,3442.2,3440,0.0,3440,0.0,0,0,2017-04-20,34232500,3444.4,3,0,0,0,0,0,0,0,0,3445.0,3,0,0,0,0,0,0,0,0
66,2017-04-20,09:30:33,500,IF1704,CCFX,3444.6,3439.4,3445.4,167,172449240,13444,13597,3786.4,3098,3442.2,3440,0.0,3440,0.0,0,0,2017-04-20,34233500,3444.4,3,0,0,0,0,0,0,0,0,3445.0,3,0,0,0,0,0,0,0,0
67,2017-04-20,09:30:34,0,IF1704,CCFX,3444.4,3439.4,3445.4,168,173482560,13443,13597,3786.4,3098,3442.2,3440,0.0,3440,0.0,0,0,2017-04-20,34234000,3444.6,1,0,0,0,0,0,0,0,0,3445.0,3,0,0,0,0,0,0,0,0
68,2017-04-20,09:30:34,500,IF1704,CCFX,3444.4,3439.4,3445.4,168,173482560,13443,13597,3786.4,3098,3442.2,3440,0.0,3440,0.0,0,0,2017-04-20,34234500,3444.8,1,0,0,0,0,0,0,0,0,3445.0,3,0,0,0,0,0,0,0,0
69,2017-04-20,09:30:35,0,IF1704,CCFX,3444.4,3439.4,3445.4,169,174515880,13442,13597,3786.4,3098,3442.2,3440,0.0,3440,0.0,0,0,2017-04-20,34235000,3444.6,1,0,0,0,0,0,0,0,0,3445.0,3,0,0,0,0,0,0,0,0
70,2017-04-20,09:30:35,500,IF1704,CCFX,3444.6,3439.4,3445.4,170,175549260,13441,13597,3786.4,3098,3442.2,3440,0.0,3440,0.0,0,0,2017-04-20,34235500,3444.4,2,0,0,0,0,0,0,0,0,3445.0,3,0,0,0,0,0,0,0,0
71,2017-04-20,09:30:36,0,IF1704,CCFX,3444.6,3439.4,3445.4,170,175549260,13441,13597,3786.4,3098,3442.2,3440,0.0,3440,0.0,0,0,2017-04-20,34236000,3444.4,2,0,0,0,0,0,0,0,0,3445.0,3,0,0,0,0,0,0,0,0
72,2017-04-20,09:30:36,500,IF1704,CCFX,3445.0,3439.4,3445.4,173,178649760,13439,13597,3786.4,3098,3442.2,3440,0.0,3440,0.0,0,0,2017-04-20,34236500,3445.0,1,0,0,0,0,0,0,0,0,3445.2,2,0,0,0,0,0,0,0,0
73,2017-04-20,09:30:37,0,IF1704,CCFX,3445.0,3439.4,3445.4,175,180716760,13437,13597,3786.4,3098,3442.2,3440,0.0,3440,0.0,0,0,2017-04-20,34237000,3444.4,2,0,0,0,0,0,0,0,0,3445.6,2,0,0,0,0,0,0,0,0
74,2017-04-20,09:30:37,500,IF1704,CCFX,3444.4,3439.4,3445.4,176,181750080,13436,13597,3786.4,3098,3442.2,3440,0.0,3440,0.0,0,0,2017-04-20,34237500,3444.8,1,0,0,0,0,0,0,0,0,3445.0,1,0,0,0,0,0,0,0,0
75,2017-04-20,09:30:38,0,IF1704,CCFX,3445.0,3439.4,3445.4,177,182783580,13435,13597,3786.4,3098,3442.2,3440,0.0,3440,0.0,0,0,2017-04-20,34238000,3445.0,1,0,0,0,0,0,0,0,0,3445.6,2,0,0,0,0,0,0,0,0
76,2017-04-20,09:30:38,500,IF1704,CCFX,3445.0,3439.4,3445.4,177,182783580,13435,13597,3786.4,3098,3442.2,3440,0.0,3440,0.0,0,0,2017-04-20,34238500,3445.0,1,0,0,0,0,0,0,0,0,3445.2,2,0,0,0,0,0,0,0,0
77,2017-04-20,09:30:39,0,IF1704,CCFX,3445.0,3439.4,3445.4,177,182783580,13435,13597,3786.4,3098,3442.2,3440,0.0,3440,0.0,0,0,2017-04-20,34239000,3445.0,1,0,0,0,0,0,0,0,0,3445.6,2,0,0,0,0,0,0,0,0
78,2017-04-20,09:30:39,500,IF1704,CCFX,3445.0,3439.4,3445.4,178,183817080,13434,13597,3786.4,3098,3442.2,3440,0.0,3440,0.0,0,0,2017-04-20,34239500,3445.2,1,0,0,0,0,0,0,0,0,3445.6,2,0,0,0,0,0,0,0,0
79,2017-04-20,09:30:40,500,IF1704,CCFX,3445.0,3439.4,3445.4,178,183817080,13434,13597,3786.4,3098,3442.2,3440,0.0,3440,0.0,0,0,2017-04-20,34240500,3445.2,1,0,0,0,0,0,0,0,0,3445.6,2,0,0,0,0,0,0,0,0
80,2017-04-20,09:30:41,0,IF1704,CCFX,3445.0,3439.4,3445.4,178,183817080,13434,13597,3786.4,3098,3442.2,3440,0.0,3440,0.0,0,0,2017-04-20,34241000,3445.2,1,0,0,0,0,0,0,0,0,3445.6,2,0,0,0,0,0,0,0,0
81,2017-04-20,09:30:42,0,IF1704,CCFX,3445.2,3439.4,3445.4,179,184850640,13433,13597,3786.4,3098,3442.2,3440,0.0,3440,0.0,0,0,2017-04-20,34242000,3444.6,1,0,0,0,0,0,0,0,0,3445.6,2,0,0,0,0,0,0,0,0
82,2017-04-20,09:30:42,500,IF1704,CCFX,3445.2,3439.4,3445.4,179,184850640,13433,13597,3786.4,3098,3442.2,3440,0.0,3440,0.0,0,0,2017-04-20,34242500,3445.2,1,0,0,0,0,0,0,0,0,3445.6,2,0,0,0,0,0,0,0,0
83,2017-04-20,09:30:43,0,IF1704,CCFX,3445.2,3439.4,3445.4,180,185884200,13432,13597,3786.4,3098,3442.2,3440,0.0,3440,0.0,0,0,2017-04-20,34243000,3444.6,1,0,0,0,0,0,0,0,0,3445.6,2,0,0,0,0,0,0,0,0
84,2017-04-20,09:30:43,500,IF1704,CCFX,3445.2,3439.4,3445.4,180,185884200,13432,13597,3786.4,3098,3442.2,3440,0.0,3440,0.0,0,0,2017-04-20,34243500,3444.6,1,0,0,0,0,0,0,0,0,3445.4,1,0,0,0,0,0,0,0,0
85,2017-04-20,09:30:44,0,IF1704,CCFX,3444.6,3439.4,3445.4,181,186917580,13431,13597,3786.4,3098,3442.2,3440,0.0,3440,0.0,0,0,2017-04-20,34244000,3444.4,2,0,0,0,0,0,0,0,0,3445.4,1,0,0,0,0,0,0,0,0
86,2017-04-20,09:30:45,500,IF1704,CCFX,3444.6,3439.4,3445.4,181,186917580,13431,13597,3786.4,3098,3442.2,3440,0.0,3440,0.0,0,0,2017-04-20,34245500,3444.4,2,0,0,0,0,0,0,0,0,3445.2,1,0,0,0,0,0,0,0,0
87,2017-04-20,09:30:46,0,IF1704,CCFX,3444.6,3439.4,3445.4,181,186917580,13431,13597,3786.4,3098,3442.2,3440,0.0,3440,0.0,0,0,2017-04-20,34246000,3444.4,2,0,0,0,0,0,0,0,0,3445.2,1,0,0,0,0,0,0,0,0
88,2017-04-20,09:30:46,500,IF1704,CCFX,3444.4,3439.4,3445.4,182,187950900,13430,13597,3786.4,3098,3442.2,3440,0.0,3440,0.0,0,0,2017-04-20,34246500,3444.4,1,0,0,0,0,0,0,0,0,3445.2,1,0,0,0,0,0,0,0,0
89,2017-04-20,09:30:47,0,IF1704,CCFX,3444.4,3439.4,3445.4,183,188984220,13429,13597,3786.4,3098,3442.2,3440,0.0,3440,0.0,0,0,2017-04-20,34247000,3443.8,4,0,0,0,0,0,0,0,0,3445.2,1,0,0,0,0,0,0,0,0
90,2017-04-20,09:30:47,500,IF1704,CCFX,3444.4,3439.4,3445.4,183,188984220,13429,13597,3786.4,3098,3442.2,3440,0.0,3440,0.0,0,0,2017-04-20,34247500,3444.0,1,0,0,0,0,0,0,0,0,3445.2,1,0,0,0,0,0,0,0,0
91,2017-04-20,09:30:48,0,IF1704,CCFX,3444.4,3439.4,3445.4,183,188984220,13429,13597,3786.4,3098,3442.2,3440,0.0,3440,0.0,0,0,2017-04-20,34248000,3444.0,1,0,0,0,0,0,0,0,0,3444.6,1,0,0,0,0,0,0,0,0
92,2017-04-20,09:30:48,500,IF1704,CCFX,3444.4,3439.4,3445.4,183,188984220,13429,13597,3786.4,3098,3442.2,3440,0.0,3440,0.0,0,0,2017-04-20,34248500,3443.8,4,0,0,0,0,0,0,0,0,3444.4,1,0,0,0,0,0,0,0,0
93,2017-04-20,09:30:49,0,IF1704,CCFX,3444.4,3439.4,3445.4,183,188984220,13429,13597,3786.4,3098,3442.2,3440,0.0,3440,0.0,0,0,2017-04-20,34249000,3443.8,4,0,0,0,0,0,0,0,0,3444.4,1,0,0,0,0,0,0,0,0
94,2017-04-20,09:30:50,0,IF1704,CCFX,3443.8,3439.4,3445.4,184,190017360,13428,13597,3786.4,3098,3442.2,3440,0.0,3440,0.0,0,0,2017-04-20,34250000,3443.8,3,0,0,0,0,0,0,0,0,3444.4,1,0,0,0,0,0,0,0,0
95,2017-04-20,09:30:50,500,IF1704,CCFX,3444.4,3439.4,3445.4,185,191050680,13427,13597,3786.4,3098,3442.2,3440,0.0,3440,0.0,0,0,2017-04-20,34250500,3444.4,4,0,0,0,0,0,0,0,0,3444.6,1,0,0,0,0,0,0,0,0
96,2017-04-20,09:30:51,500,IF1704,CCFX,3444.4,3439.4,3445.4,185,191050680,13427,13597,3786.4,3098,3442.2,3440,0.0,3440,0.0,0,0,2017-04-20,34251500,3444.4,4,0,0,0,0,0,0,0,0,3444.6,1,0,0,0,0,0,0,0,0
97,2017-04-20,09:30:52,0,IF1704,CCFX,3444.4,3439.4,3445.4,186,192084000,13426,13597,3786.4,3098,3442.2,3440,0.0,3440,0.0,0,0,2017-04-20,34252000,3444.4,3,0,0,0,0,0,0,0,0,3444.6,1,0,0,0,0,0,0,0,0
98,2017-04-20,09:30:53,0,IF1704,CCFX,3444.4,3439.4,3445.4,186,192084000,13426,13597,3786.4,3098,3442.2,3440,0.0,3440,0.0,0,0,2017-04-20,34253000,3444.4,3,0,0,0,0,0,0,0,0,3444.6,1,0,0,0,0,0,0,0,0
99,2017-04-20,09:30:53,500,IF1704,CCFX,3444.6,3439.4,3445.4,187,193117380,13425,13597,3786.4,3098,3442.2,3440,0.0,3440,0.0,0,0,2017-04-20,34253500,3444.6,1,0,0,0,0,0,0,0,0,3444.8,1,0,0,0,0,0,0,0,0
100,2017-04-20,09:30:54,0,IF1704,CCFX,3444.6,3439.4,3445.4,187,193117380,13425,13597,3786.4,3098,3442.2,3440,0.0,3440,0.0,0,0,2017-04-20,34254000,3444.6,1,0,0,0,0,0,0,0,0,3444.8,1,0,0,0,0,0,0,0,0
101,2017-04-20,09:30:54,500,IF1704,CCFX,3444.6,3439.4,3445.4,187,193117380,13425,13597,3786.4,3098,3442.2,3440,0.0,3440,0.0,0,0,2017-04-20,34254500,3444.6,2,0,0,0,0,0,0,0,0,3444.8,1,0,0,0,0,0,0,0,0
102,2017-04-20,09:30:55,0,IF1704,CCFX,3444.8,3439.4,3445.4,188,194150820,13424,13597,3786.4,3098,3442.2,3440,0.0,3440,0.0,0,0,2017-04-20,34255000,3444.6,2,0,0,0,0,0,0,0,0,3445.0,1,0,0,0,0,0,0,0,0
103,2017-04-20,09:30:55,500,IF1704,CCFX,3444.8,3439.4,3445.4,188,194150820,13424,13597,3786.4,3098,3442.2,3440,0.0,3440,0.0,0,0,2017-04-20,34255500,3444.6,1,0,0,0,0,0,0,0,0,3445.0,2,0,0,0,0,0,0,0,0
104,2017-04-20,09:30:56,0,IF1704,CCFX,3445.0,3439.4,3445.4,190,196217760,13422,13597,3786.4,3098,3442.2,3440,0.0,3440,0.0,0,0,2017-04-20,34256000,3444.6,1,0,0,0,0,0,0,0,0,3445.0,1,0,0,0,0,0,0,0,0
105,2017-04-20,09:30:56,500,IF1704,CCFX,3444.6,3439.4,3445.4,191,197251140,13421,13597,3786.4,3098,3442.2,3440,0.0,3440,0.0,0,0,2017-04-20,34256500,3444.4,1,0,0,0,0,0,0,0,0,3445.0,1,0,0,0,0,0,0,0,0
106,2017-04-20,09:30:57,0,IF1704,CCFX,3444.6,3439.4,3445.4,191,197251140,13421,13597,3786.4,3098,3442.2,3440,0.0,3440,0.0,0,0,2017-04-20,34257000,3444.8,1,0,0,0,0,0,0,0,0,3445.0,1,0,0,0,0,0,0,0,0
107,2017-04-20,09:30:57,500,IF1704,CCFX,3445.0,3439.4,3445.4,193,199318080,13419,13597,3786.4,3098,3442.2,3440,0.0,3440,0.0,0,0,2017-04-20,34257500,3444.4,1,0,0,0,0,0,0,0,0,3445.4,1,0,0,0,0,0,0,0,0
108,2017-04-20,09:30:58,0,IF1704,CCFX,3445.0,3439.4,3445.4,193,199318080,13419,13597,3786.4,3098,3442.2,3440,0.0,3440,0.0,0,0,2017-04-20,34258000,3444.4,1,0,0,0,0,0,0,0,0,3445.6,2,0,0,0,0,0,0,0,0
109,2017-04-20,09:30:58,500,IF1704,CCFX,3445.0,3439.4,3445.4,193,199318080,13419,13597,3786.4,3098,3442.2,3440,0.0,3440,0.0,0,0,2017-04-20,34258500,3444.4,1,0,0,0,0,0,0,0,0,3445.0,1,0,0,0,0,0,0,0,0
110,2017-04-20,09:30:59,0,IF1704,CCFX,3445.0,3439.4,3445.4,194,200351580,13418,13597,3786.4,3098,3442.2,3440,0.0,3440,0.0,0,0,2017-04-20,34259000,3445.0,2,0,0,0,0,0,0,0,0,3445.4,1,0,0,0,0,0,0,0,0
111,2017-04-20,09:30:59,500,IF1704,CCFX,3445.0,3439.4,3445.4,196,202418580,13416,13597,3786.4,3098,3442.2,3440,0.0,3440,0.0,0,0,2017-04-20,34259500,3444.4,1,0,0,0,0,0,0,0,0,3445.4,2,0,0,0,0,0,0,0,0
112,2017-04-20,09:31:00,0,IF1704,CCFX,3447.0,3439.4,3447.0,215,222060420,13398,13597,3786.4,3098,3442.2,3440,0.0,3440,0.0,0,0,2017-04-20,34260000,3443.8,3,0,0,0,0,0,0,0,0,3447.6,1,0,0,0,0,0,0,0,0
113,2017-04-20,09:31:00,500,IF1704,CCFX,3447.8,3439.4,3447.8,218,225163320,13396,13597,3786.4,3098,3442.2,3440,0.0,3440,0.0,0,0,2017-04-20,34260500,3444.4,2,0,0,0,0,0,0,0,0,3444.8,1,0,0,0,0,0,0,0,0
114,2017-04-20,09:31:01,0,IF1704,CCFX,3444.6,3439.4,3447.8,222,229297020,13392,13597,3786.4,3098,3442.2,3440,0.0,3440,0.0,0,0,2017-04-20,34261000,3444.8,1,0,0,0,0,0,0,0,0,3446.6,1,0,0,0,0,0,0,0,0
115,2017-04-20,09:31:01,500,IF1704,CCFX,3444.6,3439.4,3447.8,222,229297020,13392,13597,3786.4,3098,3442.2,3440,0.0,3440,0.0,0,0,2017-04-20,34261500,3445.0,1,0,0,0,0,0,0,0,0,3445.8,1,0,0,0,0,0,0,0,0
116,2017-04-20,09:31:02,0,IF1704,CCFX,3444.6,3439.4,3447.8,222,229297020,13392,13597,3786.4,3098,3442.2,3440,0.0,3440,0.0,0,0,2017-04-20,34262000,3445.2,2,0,0,0,0,0,0,0,0,3445.6,1,0,0,0,0,0,0,0,0
117,2017-04-20,09:31:02,500,IF1704,CCFX,3445.6,3439.4,3447.8,223,230330700,13391,13597,3786.4,3098,3442.2,3440,0.0,3440,0.0,0,0,2017-04-20,34262500,3445.2,2,0,0,0,0,0,0,0,0,3445.6,1,0,0,0,0,0,0,0,0
118,2017-04-20,09:31:03,0,IF1704,CCFX,3445.6,3439.4,3447.8,223,230330700,13391,13597,3786.4,3098,3442.2,3440,0.0,3440,0.0,0,0,2017-04-20,34263000,3445.2,2,0,0,0,0,0,0,0,0,3445.6,1,0,0,0,0,0,0,0,0
119,2017-04-20,09:31:03,500,IF1704,CCFX,3445.4,3439.4,3447.8,226,233431680,13388,13597,3786.4,3098,3442.2,3440,0.0,3440,0.0,0,0,2017-04-20,34263500,3445.2,2,0,0,0,0,0,0,0,0,3446.6,1,0,0,0,0,0,0,0,0
120,2017-04-20,09:31:04,0,IF1704,CCFX,3445.4,3439.4,3447.8,226,233431680,13388,13597,3786.4,3098,3442.2,3440,0.0,3440,0.0,0,0,2017-04-20,34264000,3445.6,4,0,0,0,0,0,0,0,0,3446.4,1,0,0,0,0,0,0,0,0
121,2017-04-20,09:31:04,500,IF1704,CCFX,3445.4,3439.4,3447.8,226,233431680,13388,13597,3786.4,3098,3442.2,3440,0.0,3440,0.0,0,0,2017-04-20,34264500,3446.0,1,0,0,0,0,0,0,0,0,3446.6,1,0,0,0,0,0,0,0,0
122,2017-04-20,09:31:05,0,IF1704,CCFX,3446.0,3439.4,3447.8,229,236533080,13385,13597,3786.4,3098,3442.2,3440,0.0,3440,0.0,0,0,2017-04-20,34265000,3445.8,1,0,0,0,0,0,0,0,0,3446.4,1,0,0,0,0,0,0,0,0
123,2017-04-20,09:31:05,500,IF1704,CCFX,3445.8,3439.4,3447.8,230,237566820,13384,13597,3786.4,3098,3442.2,3440,0.0,3440,0.0,0,0,2017-04-20,34265500,3445.6,4,0,0,0,0,0,0,0,0,3446.4,1,0,0,0,0,0,0,0,0
124,2017-04-20,09:31:06,0,IF1704,CCFX,3445.8,3439.4,3447.8,230,237566820,13384,13597,3786.4,3098,3442.2,3440,0.0,3440,0.0,0,0,2017-04-20,34266000,3445.6,4,0,0,0,0,0,0,0,0,3446.4,1,0,0,0,0,0,0,0,0
125,2017-04-20,09:31:06,500,IF1704,CCFX,3445.6,3439.4,3447.8,233,240668040,13381,13597,3786.4,3098,3442.2,3440,0.0,3440,0.0,0,0,2017-04-20,34266500,3445.6,2,0,0,0,0,0,0,0,0,3446.4,1,0,0,0,0,0,0,0,0
126,2017-04-20,09:31:07,0,IF1704,CCFX,3445.6,3439.4,3447.8,234,241701720,13380,13597,3786.4,3098,3442.2,3440,0.0,3440,0.0,0,0,2017-04-20,34267000,3445.6,1,0,0,0,0,0,0,0,0,3446.4,1,0,0,0,0,0,0,0,0
127,2017-04-20,09:31:07,500,IF1704,CCFX,3445.6,3439.4,3447.8,234,241701720,13380,13597,3786.4,3098,3442.2,3440,0.0,3440,0.0,0,0,2017-04-20,34267500,3445.0,3,0,0,0,0,0,0,0,0,3446.4,1,0,0,0,0,0,0,0,0
128,2017-04-20,09:31:08,0,IF1704,CCFX,3445.6,3439.4,3447.8,234,241701720,13380,13597,3786.4,3098,3442.2,3440,0.0,3440,0.0,0,0,2017-04-20,34268000,3445.2,1,0,0,0,0,0,0,0,0,3446.2,3,0,0,0,0,0,0,0,0
129,2017-04-20,09:31:08,500,IF1704,CCFX,3445.6,3439.4,3447.8,234,241701720,13380,13597,3786.4,3098,3442.2,3440,0.0,3440,0.0,0,0,2017-04-20,34268500,3445.2,1,0,0,0,0,0,0,0,0,3446.2,2,0,0,0,0,0,0,0,0
130,2017-04-20,09:31:09,0,IF1704,CCFX,3445.6,3439.4,3447.8,234,241701720,13380,13597,3786.4,3098,3442.2,3440,0.0,3440,0.0,0,0,2017-04-20,34269000,3445.2,1,0,0,0,0,0,0,0,0,3446.2,2,0,0,0,0,0,0,0,0
131,2017-04-20,09:31:10,0,IF1704,CCFX,3446.2,3439.4,3447.8,235,242735580,13379,13597,3786.4,3098,3442.2,3440,0.0,3440,0.0,0,0,2017-04-20,34270000,3445.4,1,0,0,0,0,0,0,0,0,3446.2,1,0,0,0,0,0,0,0,0
132,2017-04-20,09:31:10,500,IF1704,CCFX,3446.2,3439.4,3447.8,236,243769440,13378,13597,3786.4,3098,3442.2,3440,0.0,3440,0.0,0,0,2017-04-20,34270500,3446.0,1,0,0,0,0,0,0,0,0,3446.4,1,0,0,0,0,0,0,0,0
133,2017-04-20,09:31:11,0,IF1704,CCFX,3444.8,3439.4,3447.8,243,251004360,13371,13597,3786.4,3098,3442.2,3440,0.0,3440,0.0,0,0,2017-04-20,34271000,3443.4,1,0,0,0,0,0,0,0,0,3446.0,1,0,0,0,0,0,0,0,0
134,2017-04-20,09:31:11,500,IF1704,CCFX,3443.8,3439.4,3447.8,244,252037500,13370,13597,3786.4,3098,3442.2,3440,0.0,3440,0.0,0,0,2017-04-20,34271500,3443.8,1,0,0,0,0,0,0,0,0,3445.6,2,0,0,0,0,0,0,0,0
135,2017-04-20,09:31:12,0,IF1704,CCFX,3443.8,3439.4,3447.8,244,252037500,13370,13597,3786.4,3098,3442.2,3440,0.0,3440,0.0,0,0,2017-04-20,34272000,3444.0,4,0,0,0,0,0,0,0,0,3445.6,2,0,0,0,0,0,0,0,0
136,2017-04-20,09:31:12,500,IF1704,CCFX,3443.8,3439.4,3447.8,244,252037500,13370,13597,3786.4,3098,3442.2,3440,0.0,3440,0.0,0,0,2017-04-20,34272500,3444.2,3,0,0,0,0,0,0,0,0,3445.4,1,0,0,0,0,0,0,0,0
137,2017-04-20,09:31:13,0,IF1704,CCFX,3445.4,3439.4,3447.8,246,254104740,13368,13597,3786.4,3098,3442.2,3440,0.0,3440,0.0,0,0,2017-04-20,34273000,3444.2,4,0,0,0,0,0,0,0,0,3446.4,2,0,0,0,0,0,0,0,0
138,2017-04-20,09:31:13,500,IF1704,CCFX,3446.2,3439.4,3447.8,248,256171920,13366,13597,3786.4,3098,3442.2,3440,0.0,3440,0.0,0,0,2017-04-20,34273500,3444.4,4,0,0,0,0,0,0,0,0,3446.2,1,0,0,0,0,0,0,0,0
139,2017-04-20,09:31:14,0,IF1704,CCFX,3446.2,3439.4,3447.8,248,256171920,13366,13597,3786.4,3098,3442.2,3440,0.0,3440,0.0,0,0,2017-04-20,34274000,3444.6,1,0,0,0,0,0,0,0,0,3446.0,1,0,0,0,0,0,0,0,0
140,2017-04-20,09:31:14,500,IF1704,CCFX,3446.2,3439.4,3447.8,248,256171920,13366,13597,3786.4,3098,3442.2,3440,0.0,3440,0.0,0,0,2017-04-20,34274500,3444.8,3,0,0,0,0,0,0,0,0,3446.0,1,0,0,0,0,0,0,0,0
141,2017-04-20,09:31:15,0,IF1704,CCFX,3446.2,3439.4,3447.8,248,256171920,13366,13597,3786.4,3098,3442.2,3440,0.0,3440,0.0,0,0,2017-04-20,34275000,3445.0,1,0,0,0,0,0,0,0,0,3445.8,1,0,0,0,0,0,0,0,0
142,2017-04-20,09:31:15,500,IF1704,CCFX,3446.2,3439.4,3447.8,248,256171920,13366,13597,3786.4,3098,3442.2,3440,0.0,3440,0.0,0,0,2017-04-20,34275500,3445.0,1,0,0,0,0,0,0,0,0,3445.8,1,0,0,0,0,0,0,0,0
143,2017-04-20,09:31:16,0,IF1704,CCFX,3446.2,3439.4,3447.8,248,256171920,13366,13597,3786.4,3098,3442.2,3440,0.0,3440,0.0,0,0,2017-04-20,34276000,3445.0,1,0,0,0,0,0,0,0,0,3446.0,1,0,0,0,0,0,0,0,0
144,2017-04-20,09:31:16,500,IF1704,CCFX,3446.2,3439.4,3447.8,248,256171920,13366,13597,3786.4,3098,3442.2,3440,0.0,3440,0.0,0,0,2017-04-20,34276500,3445.2,1,0,0,0,0,0,0,0,0,3446.0,1,0,0,0,0,0,0,0,0
145,2017-04-20,09:31:17,0,IF1704,CCFX,3446.2,3439.4,3447.8,248,256171920,13366,13597,3786.4,3098,3442.2,3440,0.0,3440,0.0,0,0,2017-04-20,34277000,3445.2,1,0,0,0,0,0,0,0,0,3446.4,2,0,0,0,0,0,0,0,0
146,2017-04-20,09:31:17,500,IF1704,CCFX,3446.2,3439.4,3447.8,248,256171920,13366,13597,3786.4,3098,3442.2,3440,0.0,3440,0.0,0,0,2017-04-20,34277500,3445.2,1,0,0,0,0,0,0,0,0,3446.4,2,0,0,0,0,0,0,0,0
147,2017-04-20,09:31:18,0,IF1704,CCFX,3446.2,3439.4,3447.8,248,256171920,13366,13597,3786.4,3098,3442.2,3440,0.0,3440,0.0,0,0,2017-04-20,34278000,3445.2,1,0,0,0,0,0,0,0,0,3446.4,2,0,0,0,0,0,0,0,0
148,2017-04-20,09:31:18,500,IF1704,CCFX,3445.2,3439.4,3447.8,251,259273320,13363,13597,3786.4,3098,3442.2,3440,0.0,3440,0.0,0,0,2017-04-20,34278500,3445.0,2,0,0,0,0,0,0,0,0,3446.0,1,0,0,0,0,0,0,0,0
149,2017-04-20,09:31:19,0,IF1704,CCFX,3445.2,3439.4,3447.8,251,259273320,13363,13597,3786.4,3098,3442.2,3440,0.0,3440,0.0,0,0,2017-04-20,34279000,3445.0,2,0,0,0,0,0,0,0,0,3446.0,1,0,0,0,0,0,0,0,0
150,2017-04-20,09:31:20,0,IF1704,CCFX,3445.2,3439.4,3447.8,251,259273320,13363,13597,3786.4,3098,3442.2,3440,0.0,3440,0.0,0,0,2017-04-20,34280000,3445.0,2,0,0,0,0,0,0,0,0,3446.0,1,0,0,0,0,0,0,0,0
151,2017-04-20,09:31:20,500,IF1704,CCFX,3446.0,3439.4,3447.8,252,260307120,13362,13597,3786.4,3098,3442.2,3440,0.0,3440,0.0,0,0,2017-04-20,34280500,3446.0,9,0,0,0,0,0,0,0,0,3446.2,1,0,0,0,0,0,0,0,0
152,2017-04-20,09:31:21,0,IF1704,CCFX,3446.0,3439.4,3447.8,255,263408520,13359,13597,3786.4,3098,3442.2,3440,0.0,3440,0.0,0,0,2017-04-20,34281000,3446.0,6,0,0,0,0,0,0,0,0,3446.2,1,0,0,0,0,0,0,0,0
153,2017-04-20,09:31:21,500,IF1704,CCFX,3446.0,3439.4,3447.8,259,267543720,13355,13597,3786.4,3098,3442.2,3440,0.0,3440,0.0,0,0,2017-04-20,34281500,3446.0,2,0,0,0,0,0,0,0,0,3446.2,1,0,0,0,0,0,0,0,0
154,2017-04-20,09:31:22,0,IF1704,CCFX,3446.0,3439.4,3447.8,260,268577520,13354,13597,3786.4,3098,3442.2,3440,0.0,3440,0.0,0,0,2017-04-20,34282000,3446.0,1,0,0,0,0,0,0,0,0,3446.2,1,0,0,0,0,0,0,0,0
155,2017-04-20,09:31:22,500,IF1704,CCFX,3446.0,3439.4,3447.8,261,269611320,13353,13597,3786.4,3098,3442.2,3440,0.0,3440,0.0,0,0,2017-04-20,34282500,3445.0,2,0,0,0,0,0,0,0,0,3446.0,2,0,0,0,0,0,0,0,0
156,2017-04-20,09:31:23,0,IF1704,CCFX,3445.0,3439.4,3447.8,262,270644820,13352,13597,3786.4,3098,3442.2,3440,0.0,3440,0.0,0,0,2017-04-20,34283000,3445.0,1,0,0,0,0,0,0,0,0,3445.8,1,0,0,0,0,0,0,0,0
157,2017-04-20,09:31:23,500,IF1704,CCFX,3445.0,3439.4,3447.8,262,270644820,13352,13597,3786.4,3098,3442.2,3440,0.0,3440,0.0,0,0,2017-04-20,34283500,3445.0,1,0,0,0,0,0,0,0,0,3445.8,1,0,0,0,0,0,0,0,0
158,2017-04-20,09:31:24,0,IF1704,CCFX,3445.0,3439.4,3447.8,262,270644820,13352,13597,3786.4,3098,3442.2,3440,0.0,3440,0.0,0,0,2017-04-20,34284000,3445.0,1,0,0,0,0,0,0,0,0,3446.0,1,0,0,0,0,0,0,0,0
159,2017-04-20,09:31:24,500,IF1704,CCFX,3445.0,3439.4,3447.8,262,270644820,13352,13597,3786.4,3098,3442.2,3440,0.0,3440,0.0,0,0,2017-04-20,34284500,3445.2,1,0,0,0,0,0,0,0,0,3446.0,1,0,0,0,0,0,0,0,0
160,2017-04-20,09:31:25,0,IF1704,CCFX,3445.0,3439.4,3447.8,262,270644820,13352,13597,3786.4,3098,3442.2,3440,0.0,3440,0.0,0,0,2017-04-20,34285000,3445.2,1,0,0,0,0,0,0,0,0,3446.0,1,0,0,0,0,0,0,0,0
161,2017-04-20,09:31:25,500,IF1704,CCFX,3445.0,3439.4,3447.8,262,270644820,13352,13597,3786.4,3098,3442.2,3440,0.0,3440,0.0,0,0,2017-04-20,34285500,3445.2,1,0,0,0,0,0,0,0,0,3445.8,1,0,0,0,0,0,0,0,0
162,2017-04-20,09:31:26,0,IF1704,CCFX,3445.0,3439.4,3447.8,262,270644820,13352,13597,3786.4,3098,3442.2,3440,0.0,3440,0.0,0,0,2017-04-20,34286000,3445.2,2,0,0,0,0,0,0,0,0,3445.8,1,0,0,0,0,0,0,0,0
163,2017-04-20,09:31:26,500,IF1704,CCFX,3445.0,3439.4,3447.8,262,270644820,13352,13597,3786.4,3098,3442.2,3440,0.0,3440,0.0,0,0,2017-04-20,34286500,3445.2,2,0,0,0,0,0,0,0,0,3445.6,2,0,0,0,0,0,0,0,0
164,2017-04-20,09:31:27,0,IF1704,CCFX,3445.0,3439.4,3447.8,262,270644820,13352,13597,3786.4,3098,3442.2,3440,0.0,3440,0.0,0,0,2017-04-20,34287000,3445.2,2,0,0,0,0,0,0,0,0,3445.6,2,0,0,0,0,0,0,0,0
165,2017-04-20,09:31:28,0,IF1704,CCFX,3445.0,3439.4,3447.8,262,270644820,13352,13597,3786.4,3098,3442.2,3440,0.0,3440,0.0,0,0,2017-04-20,34288000,3445.2,2,0,0,0,0,0,0,0,0,3445.6,2,0,0,0,0,0,0,0,0
166,2017-04-20,09:31:28,500,IF1704,CCFX,3445.0,3439.4,3447.8,262,270644820,13352,13597,3786.4,3098,3442.2,3440,0.0,3440,0.0,0,0,2017-04-20,34288500,3445.2,3,0,0,0,0,0,0,0,0,3445.6,3,0,0,0,0,0,0,0,0
167,2017-04-20,09:31:29,0,IF1704,CCFX,3445.6,3439.4,3447.8,263,271678500,13351,13597,3786.4,3098,3442.2,3440,0.0,3440,0.0,0,0,2017-04-20,34289000,3445.2,3,0,0,0,0,0,0,0,0,3445.6,2,0,0,0,0,0,0,0,0
168,2017-04-20,09:31:29,500,IF1704,CCFX,3445.6,3439.4,3447.8,263,271678500,13351,13597,3786.4,3098,3442.2,3440,0.0,3440,0.0,0,0,2017-04-20,34289500,3445.2,3,0,0,0,0,0,0,0,0,3445.6,2,0,0,0,0,0,0,0,0
169,2017-04-20,09:31:30,0,IF1704,CCFX,3445.6,3439.4,3447.8,263,271678500,13351,13597,3786.4,3098,3442.2,3440,0.0,3440,0.0,0,0,2017-04-20,34290000,3445.2,3,0,0,0,0,0,0,0,0,3445.6,2,0,0,0,0,0,0,0,0
170,2017-04-20,09:31:31,500,IF1704,CCFX,3445.6,3439.4,3447.8,265,273745860,13349,13597,3786.4,3098,3442.2,3440,0.0,3440,0.0,0,0,2017-04-20,34291500,3445.6,3,0,0,0,0,0,0,0,0,3445.8,1,0,0,0,0,0,0,0,0
171,2017-04-20,09:31:32,0,IF1704,CCFX,3445.6,3439.4,3447.8,265,273745860,13349,13597,3786.4,3098,3442.2,3440,0.0,3440,0.0,0,0,2017-04-20,34292000,3445.6,3,0,0,0,0,0,0,0,0,3446.0,1,0,0,0,0,0,0,0,0
172,2017-04-20,09:31:33,0,IF1704,CCFX,3445.6,3439.4,3447.8,265,273745860,13349,13597,3786.4,3098,3442.2,3440,0.0,3440,0.0,0,0,2017-04-20,34293000,3445.6,3,0,0,0,0,0,0,0,0,3445.8,1,0,0,0,0,0,0,0,0
173,2017-04-20,09:31:33,500,IF1704,CCFX,3445.6,3439.4,3447.8,266,274779540,13348,13597,3786.4,3098,3442.2,3440,0.0,3440,0.0,0,0,2017-04-20,34293500,3445.6,2,0,0,0,0,0,0,0,0,3445.8,1,0,0,0,0,0,0,0,0
174,2017-04-20,09:31:35,0,IF1704,CCFX,3445.6,3439.4,3447.8,267,275813220,13347,13597,3786.4,3098,3442.2,3440,0.0,3440,0.0,0,0,2017-04-20,34295000,3445.6,1,0,0,0,0,0,0,0,0,3445.8,1,0,0,0,0,0,0,0,0
175,2017-04-20,09:31:35,500,IF1704,CCFX,3445.6,3439.4,3447.8,268,276846900,13346,13597,3786.4,3098,3442.2,3440,0.0,3440,0.0,0,0,2017-04-20,34295500,3445.2,3,0,0,0,0,0,0,0,0,3445.8,1,0,0,0,0,0,0,0,0
176,2017-04-20,09:31:36,0,IF1704,CCFX,3445.6,3439.4,3447.8,268,276846900,13346,13597,3786.4,3098,3442.2,3440,0.0,3440,0.0,0,0,2017-04-20,34296000,3445.4,1,0,0,0,0,0,0,0,0,3445.8,1,0,0,0,0,0,0,0,0
177,2017-04-20,09:31:36,500,IF1704,CCFX,3445.6,3439.4,3447.8,268,276846900,13346,13597,3786.4,3098,3442.2,3440,0.0,3440,0.0,0,0,2017-04-20,34296500,3445.6,1,0,0,0,0,0,0,0,0,3445.8,1,0,0,0,0,0,0,0,0
178,2017-04-20,09:31:37,0,IF1704,CCFX,3445.8,3439.4,3447.8,270,278914380,13344,13597,3786.4,3098,3442.2,3440,0.0,3440,0.0,0,0,2017-04-20,34297000,3445.6,1,0,0,0,0,0,0,0,0,3446.0,1,0,0,0,0,0,0,0,0
179,2017-04-20,09:31:37,500,IF1704,CCFX,3446.0,3439.4,3447.8,271,279948180,13343,13597,3786.4,3098,3442.2,3440,0.0,3440,0.0,0,0,2017-04-20,34297500,3445.6,1,0,0,0,0,0,0,0,0,3446.2,1,0,0,0,0,0,0,0,0
180,2017-04-20,09:31:38,0,IF1704,CCFX,3446.0,3439.4,3447.8,271,279948180,13343,13597,3786.4,3098,3442.2,3440,0.0,3440,0.0,0,0,2017-04-20,34298000,3445.6,1,0,0,0,0,0,0,0,0,3446.0,1,0,0,0,0,0,0,0,0
181,2017-04-20,09:31:38,500,IF1704,CCFX,3446.0,3439.4,3447.8,271,279948180,13343,13597,3786.4,3098,3442.2,3440,0.0,3440,0.0,0,0,2017-04-20,34298500,3445.8,2,0,0,0,0,0,0,0,0,3446.0,1,0,0,0,0,0,0,0,0
182,2017-04-20,09:31:39,0,IF1704,CCFX,3446.0,3439.4,3447.8,272,280981980,13342,13597,3786.4,3098,3442.2,3440,0.0,3440,0.0,0,0,2017-04-20,34299000,3446.0,1,0,0,0,0,0,0,0,0,3446.2,1,0,0,0,0,0,0,0,0
183,2017-04-20,09:31:39,500,IF1704,CCFX,3446.2,3439.4,3447.8,273,282015840,13341,13597,3786.4,3098,3442.2,3440,0.0,3440,0.0,0,0,2017-04-20,34299500,3446.0,1,0,0,0,0,0,0,0,0,3446.4,1,0,0,0,0,0,0,0,0
184,2017-04-20,09:31:40,0,IF1704,CCFX,3446.2,3439.4,3447.8,273,282015840,13341,13597,3786.4,3098,3442.2,3440,0.0,3440,0.0,0,0,2017-04-20,34300000,3445.6,1,0,0,0,0,0,0,0,0,3446.4,1,0,0,0,0,0,0,0,0
185,2017-04-20,09:31:40,500,IF1704,CCFX,3446.2,3439.4,3447.8,273,282015840,13341,13597,3786.4,3098,3442.2,3440,0.0,3440,0.0,0,0,2017-04-20,34300500,3445.8,2,0,0,0,0,0,0,0,0,3446.4,1,0,0,0,0,0,0,0,0
186,2017-04-20,09:31:41,0,IF1704,CCFX,3446.2,3439.4,3447.8,273,282015840,13341,13597,3786.4,3098,3442.2,3440,0.0,3440,0.0,0,0,2017-04-20,34301000,3446.0,2,0,0,0,0,0,0,0,0,3446.4,1,0,0,0,0,0,0,0,0
187,2017-04-20,09:31:41,500,IF1704,CCFX,3446.4,3439.4,3447.8,274,283049760,13340,13597,3786.4,3098,3442.2,3440,0.0,3440,0.0,0,0,2017-04-20,34301500,3446.4,1,0,0,0,0,0,0,0,0,3446.6,3,0,0,0,0,0,0,0,0
188,2017-04-20,09:31:42,0,IF1704,CCFX,3446.6,3439.4,3447.8,276,285117720,13338,13597,3786.4,3098,3442.2,3440,0.0,3440,0.0,0,0,2017-04-20,34302000,3446.4,1,0,0,0,0,0,0,0,0,3446.6,2,0,0,0,0,0,0,0,0
189,2017-04-20,09:31:42,500,IF1704,CCFX,3446.6,3439.4,3447.8,279,288219660,13335,13597,3786.4,3098,3442.2,3440,0.0,3440,0.0,0,0,2017-04-20,34302500,3446.0,2,0,0,0,0,0,0,0,0,3446.8,1,0,0,0,0,0,0,0,0
190,2017-04-20,09:31:43,0,IF1704,CCFX,3446.0,3439.4,3447.8,281,290287320,13333,13597,3786.4,3098,3442.2,3440,0.0,3440,0.0,0,0,2017-04-20,34303000,3446.2,1,0,0,0,0,0,0,0,0,3446.8,1,0,0,0,0,0,0,0,0
191,2017-04-20,09:31:43,500,IF1704,CCFX,3446.0,3439.4,3447.8,281,290287320,13333,13597,3786.4,3098,3442.2,3440,0.0,3440,0.0,0,0,2017-04-20,34303500,3446.6,1,0,0,0,0,0,0,0,0,3446.8,1,0,0,0,0,0,0,0,0
192,2017-04-20,09:31:44,0,IF1704,CCFX,3446.6,3439.4,3447.8,283,292355340,13331,13597,3786.4,3098,3442.2,3440,0.0,3440,0.0,0,0,2017-04-20,34304000,3446.6,1,0,0,0,0,0,0,0,0,3447.0,1,0,0,0,0,0,0,0,0
193,2017-04-20,09:31:44,500,IF1704,CCFX,3446.6,3439.4,3447.8,283,292355340,13331,13597,3786.4,3098,3442.2,3440,0.0,3440,0.0,0,0,2017-04-20,34304500,3446.6,1,0,0,0,0,0,0,0,0,3447.0,1,0,0,0,0,0,0,0,0
194,2017-04-20,09:31:45,0,IF1704,CCFX,3446.6,3439.4,3447.8,284,293389320,13330,13597,3786.4,3098,3442.2,3440,0.0,3440,0.0,0,0,2017-04-20,34305000,3446.6,1,0,0,0,0,0,0,0,0,3447.0,1,0,0,0,0,0,0,0,0
195,2017-04-20,09:31:45,500,IF1704,CCFX,3446.6,3439.4,3447.8,284,293389320,13330,13597,3786.4,3098,3442.2,3440,0.0,3440,0.0,0,0,2017-04-20,34305500,3446.6,1,0,0,0,0,0,0,0,0,3447.0,1,0,0,0,0,0,0,0,0
196,2017-04-20,09:31:46,500,IF1704,CCFX,3446.6,3439.4,3447.8,284,293389320,13330,13597,3786.4,3098,3442.2,3440,0.0,3440,0.0,0,0,2017-04-20,34306500,3446.6,1,0,0,0,0,0,0,0,0,3446.8,1,0,0,0,0,0,0,0,0
197,2017-04-20,09:31:47,0,IF1704,CCFX,3446.8,3439.4,3447.8,285,294423360,13329,13597,3786.4,3098,3442.2,3440,0.0,3440,0.0,0,0,2017-04-20,34307000,3446.6,1,0,0,0,0,0,0,0,0,3447.0,1,0,0,0,0,0,0,0,0
198,2017-04-20,09:31:48,0,IF1704,CCFX,3446.8,3439.4,3447.8,285,294423360,13329,13597,3786.4,3098,3442.2,3440,0.0,3440,0.0,0,0,2017-04-20,34308000,3446.8,1,0,0,0,0,0,0,0,0,3447.0,1,0,0,0,0,0,0,0,0
199,2017-04-20,09:31:49,0,IF1704,CCFX,3446.8,3439.4,3447.8,285,294423360,13329,13597,3786.4,3098,3442.2,3440,0.0,3440,0.0,0,0,2017-04-20,34309000,3446.8,1,0,0,0,0,0,0,0,0,3447.0,1,0,0,0,0,0,0,0,0
200,2017-04-20,09:31:49,500,IF1704,CCFX,3446.8,3439.4,3447.8,285,294423360,13329,13597,3786.4,3098,3442.2,3440,0.0,3440,0.0,0,0,2017-04-20,34309500,3446.8,1,0,0,0,0,0,0,0,0,3447.0,1,0,0,0,0,0,0,0,0
201,2017-04-20,09:31:50,0,IF1704,CCFX,3446.8,3439.4,3447.8,285,294423360,13329,13597,3786.4,3098,3442.2,3440,0.0,3440,0.0,0,0,2017-04-20,34310000,3446.8,2,0,0,0,0,0,0,0,0,3447.0,1,0,0,0,0,0,0,0,0
202,2017-04-20,09:31:50,500,IF1704,CCFX,3447.0,3439.4,3447.8,287,296491500,13327,13597,3786.4,3098,3442.2,3440,0.0,3440,0.0,0,0,2017-04-20,34310500,3446.8,1,0,0,0,0,0,0,0,0,3447.2,2,0,0,0,0,0,0,0,0
203,2017-04-20,09:31:51,500,IF1704,CCFX,3447.0,3439.4,3447.8,288,297525600,13326,13597,3786.4,3098,3442.2,3440,0.0,3440,0.0,0,0,2017-04-20,34311500,3446.8,1,0,0,0,0,0,0,0,0,3447.2,2,0,0,0,0,0,0,0,0
204,2017-04-20,09:31:53,0,IF1704,CCFX,3447.2,3439.4,3447.8,289,298559760,13325,13597,3786.4,3098,3442.2,3440,0.0,3440,0.0,0,0,2017-04-20,34313000,3446.8,2,0,0,0,0,0,0,0,0,3447.2,1,0,0,0,0,0,0,0,0
205,2017-04-20,09:31:53,500,IF1704,CCFX,3447.2,3439.4,3447.8,289,298559760,13325,13597,3786.4,3098,3442.2,3440,0.0,3440,0.0,0,0,2017-04-20,34313500,3446.8,2,0,0,0,0,0,0,0,0,3447.2,3,0,0,0,0,0,0,0,0
206,2017-04-20,09:31:54,0,IF1704,CCFX,3447.2,3439.4,3447.8,289,298559760,13325,13597,3786.4,3098,3442.2,3440,0.0,3440,0.0,0,0,2017-04-20,34314000,3447.0,1,0,0,0,0,0,0,0,0,3447.2,3,0,0,0,0,0,0,0,0
207,2017-04-20,09:31:54,500,IF1704,CCFX,3447.2,3439.4,3447.8,289,298559760,13325,13597,3786.4,3098,3442.2,3440,0.0,3440,0.0,0,0,2017-04-20,34314500,3447.0,1,0,0,0,0,0,0,0,0,3447.2,3,0,0,0,0,0,0,0,0
208,2017-04-20,09:31:55,0,IF1704,CCFX,3447.2,3439.4,3447.8,289,298559760,13325,13597,3786.4,3098,3442.2,3440,0.0,3440,0.0,0,0,2017-04-20,34315000,3446.8,3,0,0,0,0,0,0,0,0,3447.2,3,0,0,0,0,0,0,0,0
209,2017-04-20,09:31:55,500,IF1704,CCFX,3447.2,3439.4,3447.8,289,298559760,13325,13597,3786.4,3098,3442.2,3440,0.0,3440,0.0,0,0,2017-04-20,34315500,3446.8,5,0,0,0,0,0,0,0,0,3447.2,3,0,0,0,0,0,0,0,0
210,2017-04-20,09:31:56,0,IF1704,CCFX,3447.2,3439.4,3447.8,289,298559760,13325,13597,3786.4,3098,3442.2,3440,0.0,3440,0.0,0,0,2017-04-20,34316000,3446.8,7,0,0,0,0,0,0,0,0,3447.2,3,0,0,0,0,0,0,0,0
211,2017-04-20,09:31:56,500,IF1704,CCFX,3447.2,3439.4,3447.8,289,298559760,13325,13597,3786.4,3098,3442.2,3440,0.0,3440,0.0,0,0,2017-04-20,34316500,3447.0,1,0,0,0,0,0,0,0,0,3447.2,3,0,0,0,0,0,0,0,0
212,2017-04-20,09:31:57,0,IF1704,CCFX,3447.2,3439.4,3447.8,289,298559760,13325,13597,3786.4,3098,3442.2,3440,0.0,3440,0.0,0,0,2017-04-20,34317000,3447.0,1,0,0,0,0,0,0,0,0,3447.2,3,0,0,0,0,0,0,0,0
213,2017-04-20,09:31:57,500,IF1704,CCFX,3447.2,3439.4,3447.8,291,300628020,13323,13597,3786.4,3098,3442.2,3440,0.0,3440,0.0,0,0,2017-04-20,34317500,3446.8,7,0,0,0,0,0,0,0,0,3447.2,2,0,0,0,0,0,0,0,0
214,2017-04-20,09:31:58,0,IF1704,CCFX,3447.2,3439.4,3447.8,291,300628020,13323,13597,3786.4,3098,3442.2,3440,0.0,3440,0.0,0,0,2017-04-20,34318000,3447.0,1,0,0,0,0,0,0,0,0,3447.2,2,0,0,0,0,0,0,0,0
215,2017-04-20,09:31:58,500,IF1704,CCFX,3447.2,3439.4,3447.8,291,300628020,13323,13597,3786.4,3098,3442.2,3440,0.0,3440,0.0,0,0,2017-04-20,34318500,3447.0,1,0,0,0,0,0,0,0,0,3447.2,2,0,0,0,0,0,0,0,0
216,2017-04-20,09:31:59,0,IF1704,CCFX,3447.2,3439.4,3447.8,291,300628020,13323,13597,3786.4,3098,3442.2,3440,0.0,3440,0.0,0,0,2017-04-20,34319000,3447.0,3,0,0,0,0,0,0,0,0,3447.2,2,0,0,0,0,0,0,0,0
217,2017-04-20,09:31:59,500,IF1704,CCFX,3447.2,3439.4,3447.8,291,300628020,13323,13597,3786.4,3098,3442.2,3440,0.0,3440,0.0,0,0,2017-04-20,34319500,3447.0,3,0,0,0,0,0,0,0,0,3447.2,2,0,0,0,0,0,0,0,0
218,2017-04-20,09:32:00,0,IF1704,CCFX,3447.2,3439.4,3447.8,291,300628020,13323,13597,3786.4,3098,3442.2,3440,0.0,3440,0.0,0,0,2017-04-20,34320000,3447.0,3,0,0,0,0,0,0,0,0,3447.2,2,0,0,0,0,0,0,0,0
219,2017-04-20,09:32:00,500,IF1704,CCFX,3447.2,3439.4,3447.8,292,301662180,13322,13597,3786.4,3098,3442.2,3440,0.0,3440,0.0,0,0,2017-04-20,34320500,3447.0,3,0,0,0,0,0,0,0,0,3447.2,1,0,0,0,0,0,0,0,0
220,2017-04-20,09:32:01,0,IF1704,CCFX,3447.2,3439.4,3447.8,296,305798820,13318,13597,3786.4,3098,3442.2,3440,0.0,3440,0.0,0,0,2017-04-20,34321000,3447.0,3,0,0,0,0,0,0,0,0,3447.4,2,0,0,0,0,0,0,0,0
221,2017-04-20,09:32:01,500,IF1704,CCFX,3447.2,3439.4,3447.8,296,305798820,13318,13597,3786.4,3098,3442.2,3440,0.0,3440,0.0,0,0,2017-04-20,34321500,3447.2,2,0,0,0,0,0,0,0,0,3447.4,2,0,0,0,0,0,0,0,0
222,2017-04-20,09:32:02,0,IF1704,CCFX,3447.4,3439.4,3447.8,297,306833040,13317,13597,3786.4,3098,3442.2,3440,0.0,3440,0.0,0,0,2017-04-20,34322000,3447.2,2,0,0,0,0,0,0,0,0,3447.4,1,0,0,0,0,0,0,0,0
223,2017-04-20,09:32:02,500,IF1704,CCFX,3447.4,3439.4,3447.8,297,306833040,13317,13597,3786.4,3098,3442.2,3440,0.0,3440,0.0,0,0,2017-04-20,34322500,3447.2,2,0,0,0,0,0,0,0,0,3447.4,1,0,0,0,0,0,0,0,0
224,2017-04-20,09:32:04,0,IF1704,CCFX,3447.4,3439.4,3447.8,297,306833040,13317,13597,3786.4,3098,3442.2,3440,0.0,3440,0.0,0,0,2017-04-20,34324000,3447.2,2,0,0,0,0,0,0,0,0,3447.4,1,0,0,0,0,0,0,0,0
225,2017-04-20,09:32:04,500,IF1704,CCFX,3447.4,3439.4,3447.8,299,308901420,13315,13597,3786.4,3098,3442.2,3440,0.0,3440,0.0,0,0,2017-04-20,34324500,3447.2,1,0,0,0,0,0,0,0,0,3447.6,2,0,0,0,0,0,0,0,0
226,2017-04-20,09:32:05,0,IF1704,CCFX,3447.4,3439.4,3447.8,299,308901420,13315,13597,3786.4,3098,3442.2,3440,0.0,3440,0.0,0,0,2017-04-20,34325000,3447.4,2,0,0,0,0,0,0,0,0,3447.6,2,0,0,0,0,0,0,0,0
227,2017-04-20,09:32:05,500,IF1704,CCFX,3447.6,3439.4,3447.8,300,309935700,13314,13597,3786.4,3098,3442.2,3440,0.0,3440,0.0,0,0,2017-04-20,34325500,3447.4,2,0,0,0,0,0,0,0,0,3447.6,1,0,0,0,0,0,0,0,0
228,2017-04-20,09:32:06,0,IF1704,CCFX,3447.6,3439.4,3447.8,301,310969980,13313,13597,3786.4,3098,3442.2,3440,0.0,3440,0.0,0,0,2017-04-20,34326000,3447.4,2,0,0,0,0,0,0,0,0,3447.8,1,0,0,0,0,0,0,0,0
229,2017-04-20,09:32:06,500,IF1704,CCFX,3447.8,3439.4,3447.8,302,312004320,13312,13597,3786.4,3098,3442.2,3440,0.0,3440,0.0,0,0,2017-04-20,34326500,3447.8,1,0,0,0,0,0,0,0,0,3448.0,5,0,0,0,0,0,0,0,0
230,2017-04-20,09:32:07,0,IF1704,CCFX,3448.0,3439.4,3448.0,304,314073060,13310,13597,3786.4,3098,3442.2,3440,0.0,3440,0.0,0,0,2017-04-20,34327000,3447.6,1,0,0,0,0,0,0,0,0,3448.0,4,0,0,0,0,0,0,0,0
231,2017-04-20,09:32:07,500,IF1704,CCFX,3448.0,3439.4,3448.0,306,316141860,13308,13597,3786.4,3098,3442.2,3440,0.0,3440,0.0,0,0,2017-04-20,34327500,3447.8,2,0,0,0,0,0,0,0,0,3448.0,2,0,0,0,0,0,0,0,0
232,2017-04-20,09:32:08,0,IF1704,CCFX,3448.0,3439.4,3448.0,308,318210600,13306,13597,3786.4,3098,3442.2,3440,0.0,3440,0.0,0,0,2017-04-20,34328000,3447.8,2,0,0,0,0,0,0,0,0,3448.0,1,0,0,0,0,0,0,0,0
233,2017-04-20,09:32:08,500,IF1704,CCFX,3447.8,3439.4,3448.0,310,320279340,13304,13597,3786.4,3098,3442.2,3440,0.0,3440,0.0,0,0,2017-04-20,34328500,3447.8,1,0,0,0,0,0,0,0,0,3448.2,1,0,0,0,0,0,0,0,0
234,2017-04-20,09:32:09,0,IF1704,CCFX,3447.8,3439.4,3448.0,311,321313680,13303,13597,3786.4,3098,3442.2,3440,0.0,3440,0.0,0,0,2017-04-20,34329000,3447.6,1,0,0,0,0,0,0,0,0,3448.2,1,0,0,0,0,0,0,0,0
235,2017-04-20,09:32:09,500,IF1704,CCFX,3447.8,3439.4,3448.0,312,322348020,13302,13597,3786.4,3098,3442.2,3440,0.0,3440,0.0,0,0,2017-04-20,34329500,3447.6,1,0,0,0,0,0,0,0,0,3448.0,1,0,0,0,0,0,0,0,0
236,2017-04-20,09:32:10,0,IF1704,CCFX,3447.8,3439.4,3448.0,312,322348020,13302,13597,3786.4,3098,3442.2,3440,0.0,3440,0.0,0,0,2017-04-20,34330000,3447.6,1,0,0,0,0,0,0,0,0,3447.8,1,0,0,0,0,0,0,0,0
237,2017-04-20,09:32:11,500,IF1704,CCFX,3447.6,3439.4,3448.0,313,323382300,13301,13597,3786.4,3098,3442.2,3440,0.0,3440,0.0,0,0,2017-04-20,34331500,3447.2,2,0,0,0,0,0,0,0,0,3448.0,1,0,0,0,0,0,0,0,0
238,2017-04-20,09:32:13,0,IF1704,CCFX,3447.6,3439.4,3448.0,313,323382300,13301,13597,3786.4,3098,3442.2,3440,0.0,3440,0.0,0,0,2017-04-20,34333000,3447.2,2,0,0,0,0,0,0,0,0,3447.6,1,0,0,0,0,0,0,0,0
239,2017-04-20,09:32:14,500,IF1704,CCFX,3448.0,3439.4,3448.0,315,325450980,13300,13597,3786.4,3098,3442.2,3440,0.0,3440,0.0,0,0,2017-04-20,34334500,3447.2,2,0,0,0,0,0,0,0,0,3448.0,1,0,0,0,0,0,0,0,0
240,2017-04-20,09:32:15,0,IF1704,CCFX,3448.0,3439.4,3448.0,316,326485380,13299,13597,3786.4,3098,3442.2,3440,0.0,3440,0.0,0,0,2017-04-20,34335000,3447.2,2,0,0,0,0,0,0,0,0,3447.8,1,0,0,0,0,0,0,0,0
241,2017-04-20,09:32:15,500,IF1704,CCFX,3448.0,3439.4,3448.0,316,326485380,13299,13597,3786.4,3098,3442.2,3440,0.0,3440,0.0,0,0,2017-04-20,34335500,3447.2,2,0,0,0,0,0,0,0,0,3447.6,1,0,0,0,0,0,0,0,0
242,2017-04-20,09:32:16,0,IF1704,CCFX,3447.6,3439.4,3448.0,317,327519660,13298,13597,3786.4,3098,3442.2,3440,0.0,3440,0.0,0,0,2017-04-20,34336000,3447.2,2,0,0,0,0,0,0,0,0,3447.8,1,0,0,0,0,0,0,0,0
243,2017-04-20,09:32:17,0,IF1704,CCFX,3447.6,3439.4,3448.0,317,327519660,13298,13597,3786.4,3098,3442.2,3440,0.0,3440,0.0,0,0,2017-04-20,34337000,3447.2,3,0,0,0,0,0,0,0,0,3447.8,1,0,0,0,0,0,0,0,0
244,2017-04-20,09:32:18,0,IF1704,CCFX,3447.6,3439.4,3448.0,318,328553940,13297,13597,3786.4,3098,3442.2,3440,0.0,3440,0.0,0,0,2017-04-20,34338000,3447.4,1,0,0,0,0,0,0,0,0,3448.0,1,0,0,0,0,0,0,0,0
245,2017-04-20,09:32:18,500,IF1704,CCFX,3447.6,3439.4,3448.0,318,328553940,13297,13597,3786.4,3098,3442.2,3440,0.0,3440,0.0,0,0,2017-04-20,34338500,3447.4,1,0,0,0,0,0,0,0,0,3448.0,1,0,0,0,0,0,0,0,0
246,2017-04-20,09:32:19,0,IF1704,CCFX,3447.4,3439.4,3448.0,319,329588160,13296,13597,3786.4,3098,3442.2,3440,0.0,3440,0.0,0,0,2017-04-20,34339000,3447.2,3,0,0,0,0,0,0,0,0,3447.8,1,0,0,0,0,0,0,0,0
247,2017-04-20,09:32:20,0,IF1704,CCFX,3447.2,3439.4,3448.0,320,330622320,13295,13597,3786.4,3098,3442.2,3440,0.0,3440,0.0,0,0,2017-04-20,34340000,3447.2,2,0,0,0,0,0,0,0,0,3447.8,1,0,0,0,0,0,0,0,0
248,2017-04-20,09:32:20,500,IF1704,CCFX,3447.2,3439.4,3448.0,320,330622320,13295,13597,3786.4,3098,3442.2,3440,0.0,3440,0.0,0,0,2017-04-20,34340500,3447.2,3,0,0,0,0,0,0,0,0,3447.8,2,0,0,0,0,0,0,0,0
249,2017-04-20,09:32:21,0,IF1704,CCFX,3447.8,3439.4,3448.0,323,333725160,13292,13597,3786.4,3098,3442.2,3440,0.0,3440,0.0,0,0,2017-04-20,34341000,3447.2,2,0,0,0,0,0,0,0,0,3447.6,1,0,0,0,0,0,0,0,0
250,2017-04-20,09:32:21,500,IF1704,CCFX,3447.2,3439.4,3448.0,324,334759320,13291,13597,3786.4,3098,3442.2,3440,0.0,3440,0.0,0,0,2017-04-20,34341500,3447.2,1,0,0,0,0,0,0,0,0,3447.4,1,0,0,0,0,0,0,0,0
251,2017-04-20,09:32:22,0,IF1704,CCFX,3447.2,3439.4,3448.0,325,335793480,13290,13597,3786.4,3098,3442.2,3440,0.0,3440,0.0,0,0,2017-04-20,34342000,3446.8,3,0,0,0,0,0,0,0,0,3447.2,6,0,0,0,0,0,0,0,0
252,2017-04-20,09:32:22,500,IF1704,CCFX,3447.0,3439.4,3448.0,330,340963740,13287,13597,3786.4,3098,3442.2,3440,0.0,3440,0.0,0,0,2017-04-20,34342500,3446.6,1,0,0,0,0,0,0,0,0,3447.0,1,0,0,0,0,0,0,0,0
253,2017-04-20,09:32:23,0,IF1704,CCFX,3446.6,3439.4,3448.0,331,341997720,13286,13597,3786.4,3098,3442.2,3440,0.0,3440,0.0,0,0,2017-04-20,34343000,3446.2,1,0,0,0,0,0,0,0,0,3446.4,1,0,0,0,0,0,0,0,0
254,2017-04-20,09:32:23,500,IF1704,CCFX,3446.6,3439.4,3448.0,332,343031700,13285,13597,3786.4,3098,3442.2,3440,0.0,3440,0.0,0,0,2017-04-20,34343500,3446.8,1,0,0,0,0,0,0,0,0,3447.0,1,0,0,0,0,0,0,0,0
255,2017-04-20,09:32:24,0,IF1704,CCFX,3447.0,3439.4,3448.0,334,345099840,13283,13597,3786.4,3098,3442.2,3440,0.0,3440,0.0,0,0,2017-04-20,34344000,3446.4,1,0,0,0,0,0,0,0,0,3447.2,6,0,0,0,0,0,0,0,0
256,2017-04-20,09:32:24,500,IF1704,CCFX,3447.0,3439.4,3448.0,334,345099840,13283,13597,3786.4,3098,3442.2,3440,0.0,3440,0.0,0,0,2017-04-20,34344500,3446.4,1,0,0,0,0,0,0,0,0,3447.2,6,0,0,0,0,0,0,0,0
257,2017-04-20,09:32:25,0,IF1704,CCFX,3447.0,3439.4,3448.0,334,345099840,13283,13597,3786.4,3098,3442.2,3440,0.0,3440,0.0,0,0,2017-04-20,34345000,3446.4,1,0,0,0,0,0,0,0,0,3447.2,7,0,0,0,0,0,0,0,0
258,2017-04-20,09:32:25,500,IF1704,CCFX,3447.0,3439.4,3448.0,334,345099840,13283,13597,3786.4,3098,3442.2,3440,0.0,3440,0.0,0,0,2017-04-20,34345500,3447.0,1,0,0,0,0,0,0,0,0,3447.2,7,0,0,0,0,0,0,0,0
259,2017-04-20,09:32:26,0,IF1704,CCFX,3447.0,3439.4,3448.0,335,346133940,13282,13597,3786.4,3098,3442.2,3440,0.0,3440,0.0,0,0,2017-04-20,34346000,3446.4,3,0,0,0,0,0,0,0,0,3447.0,3,0,0,0,0,0,0,0,0
260,2017-04-20,09:32:26,500,IF1704,CCFX,3447.0,3439.4,3448.0,336,347168040,13281,13597,3786.4,3098,3442.2,3440,0.0,3440,0.0,0,0,2017-04-20,34346500,3446.4,3,0,0,0,0,0,0,0,0,3447.0,1,0,0,0,0,0,0,0,0
261,2017-04-20,09:32:27,0,IF1704,CCFX,3447.0,3439.4,3448.0,336,347168040,13281,13597,3786.4,3098,3442.2,3440,0.0,3440,0.0,0,0,2017-04-20,34347000,3446.4,3,0,0,0,0,0,0,0,0,3447.0,1,0,0,0,0,0,0,0,0
262,2017-04-20,09:32:27,500,IF1704,CCFX,3447.0,3439.4,3448.0,337,348202140,13281,13597,3786.4,3098,3442.2,3440,0.0,3440,0.0,0,0,2017-04-20,34347500,3446.4,3,0,0,0,0,0,0,0,0,3447.2,7,0,0,0,0,0,0,0,0
263,2017-04-20,09:32:28,500,IF1704,CCFX,3447.0,3439.4,3448.0,337,348202140,13281,13597,3786.4,3098,3442.2,3440,0.0,3440,0.0,0,0,2017-04-20,34348500,3446.6,1,0,0,0,0,0,0,0,0,3447.2,6,0,0,0,0,0,0,0,0
264,2017-04-20,09:32:29,0,IF1704,CCFX,3447.0,3439.4,3448.0,337,348202140,13281,13597,3786.4,3098,3442.2,3440,0.0,3440,0.0,0,0,2017-04-20,34349000,3446.6,2,0,0,0,0,0,0,0,0,3447.2,6,0,0,0,0,0,0,0,0
265,2017-04-20,09:32:29,500,IF1704,CCFX,3447.0,3439.4,3448.0,337,348202140,13281,13597,3786.4,3098,3442.2,3440,0.0,3440,0.0,0,0,2017-04-20,34349500,3446.6,2,0,0,0,0,0,0,0,0,3446.8,1,0,0,0,0,0,0,0,0
266,2017-04-20,09:32:30,0,IF1704,CCFX,3446.8,3439.4,3448.0,338,349236180,13280,13597,3786.4,3098,3442.2,3440,0.0,3440,0.0,0,0,2017-04-20,34350000,3446.6,3,0,0,0,0,0,0,0,0,3447.2,6,0,0,0,0,0,0,0,0
267,2017-04-20,09:32:31,0,IF1704,CCFX,3447.2,3439.4,3448.0,340,351304500,13278,13597,3786.4,3098,3442.2,3440,0.0,3440,0.0,0,0,2017-04-20,34351000,3446.6,3,0,0,0,0,0,0,0,0,3447.2,4,0,0,0,0,0,0,0,0
268,2017-04-20,09:32:32,0,IF1704,CCFX,3447.2,3439.4,3448.0,341,352338660,13277,13597,3786.4,3098,3442.2,3440,0.0,3440,0.0,0,0,2017-04-20,34352000,3446.6,3,0,0,0,0,0,0,0,0,3447.2,3,0,0,0,0,0,0,0,0
269,2017-04-20,09:32:32,500,IF1704,CCFX,3447.2,3439.4,3448.0,341,352338660,13277,13597,3786.4,3098,3442.2,3440,0.0,3440,0.0,0,0,2017-04-20,34352500,3446.6,3,0,0,0,0,0,0,0,0,3447.0,1,0,0,0,0,0,0,0,0
270,2017-04-20,09:32:33,0,IF1704,CCFX,3447.0,3439.4,3448.0,342,353372760,13276,13597,3786.4,3098,3442.2,3440,0.0,3440,0.0,0,0,2017-04-20,34353000,3447.0,1,0,0,0,0,0,0,0,0,3447.2,3,0,0,0,0,0,0,0,0
271,2017-04-20,09:32:33,500,IF1704,CCFX,3447.2,3439.4,3448.0,343,354406920,13275,13597,3786.4,3098,3442.2,3440,0.0,3440,0.0,0,0,2017-04-20,34353500,3447.0,1,0,0,0,0,0,0,0,0,3447.2,2,0,0,0,0,0,0,0,0
272,2017-04-20,09:32:34,0,IF1704,CCFX,3447.2,3439.4,3448.0,343,354406920,13275,13597,3786.4,3098,3442.2,3440,0.0,3440,0.0,0,0,2017-04-20,34354000,3446.6,2,0,0,0,0,0,0,0,0,3447.0,1,0,0,0,0,0,0,0,0
273,2017-04-20,09:32:34,500,IF1704,CCFX,3447.0,3439.4,3448.0,344,355441020,13274,13597,3786.4,3098,3442.2,3440,0.0,3440,0.0,0,0,2017-04-20,34354500,3446.6,2,0,0,0,0,0,0,0,0,3447.2,2,0,0,0,0,0,0,0,0
274,2017-04-20,09:32:35,0,IF1704,CCFX,3447.0,3439.4,3448.0,344,355441020,13274,13597,3786.4,3098,3442.2,3440,0.0,3440,0.0,0,0,2017-04-20,34355000,3446.6,2,0,0,0,0,0,0,0,0,3447.0,1,0,0,0,0,0,0,0,0
275,2017-04-20,09:32:36,0,IF1704,CCFX,3446.6,3439.4,3448.0,345,356475000,13273,13597,3786.4,3098,3442.2,3440,0.0,3440,0.0,0,0,2017-04-20,34356000,3446.6,2,0,0,0,0,0,0,0,0,3447.0,1,0,0,0,0,0,0,0,0
276,2017-04-20,09:32:36,500,IF1704,CCFX,3447.2,3439.4,3448.0,347,358543260,13271,13597,3786.4,3098,3442.2,3440,0.0,3440,0.0,0,0,2017-04-20,34356500,3447.0,1,0,0,0,0,0,0,0,0,3447.2,1,0,0,0,0,0,0,0,0
277,2017-04-20,09:32:37,0,IF1704,CCFX,3447.2,3439.4,3448.0,348,359577420,13270,13597,3786.4,3098,3442.2,3440,0.0,3440,0.0,0,0,2017-04-20,34357000,3447.2,2,0,0,0,0,0,0,0,0,3447.4,1,0,0,0,0,0,0,0,0
278,2017-04-20,09:32:37,500,IF1704,CCFX,3447.4,3439.4,3448.0,350,361645860,13268,13597,3786.4,3098,3442.2,3440,0.0,3440,0.0,0,0,2017-04-20,34357500,3447.4,3,0,0,0,0,0,0,0,0,3448.0,2,0,0,0,0,0,0,0,0
279,2017-04-20,09:32:38,0,IF1704,CCFX,3447.4,3439.4,3448.0,350,361645860,13268,13597,3786.4,3098,3442.2,3440,0.0,3440,0.0,0,0,2017-04-20,34358000,3447.8,1,0,0,0,0,0,0,0,0,3448.0,2,0,0,0,0,0,0,0,0
280,2017-04-20,09:32:38,500,IF1704,CCFX,3448.0,3439.4,3448.0,353,364749060,13265,13597,3786.4,3098,3442.2,3440,0.0,3440,0.0,0,0,2017-04-20,34358500,3447.4,3,0,0,0,0,0,0,0,0,3448.2,2,0,0,0,0,0,0,0,0
281,2017-04-20,09:32:39,0,IF1704,CCFX,3448.2,3439.4,3448.2,354,365783520,13264,13597,3786.4,3098,3442.2,3440,0.0,3440,0.0,0,0,2017-04-20,34359000,3448.0,1,0,0,0,0,0,0,0,0,3448.2,1,0,0,0,0,0,0,0,0
282,2017-04-20,09:32:39,500,IF1704,CCFX,3448.2,3439.4,3448.2,354,365783520,13264,13597,3786.4,3098,3442.2,3440,0.0,3440,0.0,0,0,2017-04-20,34359500,3447.6,2,0,0,0,0,0,0,0,0,3448.2,1,0,0,0,0,0,0,0,0
283,2017-04-20,09:32:40,0,IF1704,CCFX,3448.2,3439.4,3448.2,354,365783520,13264,13597,3786.4,3098,3442.2,3440,0.0,3440,0.0,0,0,2017-04-20,34360000,3448.0,2,0,0,0,0,0,0,0,0,3448.2,1,0,0,0,0,0,0,0,0
284,2017-04-20,09:32:40,500,IF1704,CCFX,3448.2,3439.4,3448.2,356,367852440,13262,13597,3786.4,3098,3442.2,3440,0.0,3440,0.0,0,0,2017-04-20,34360500,3448.2,1,0,0,0,0,0,0,0,0,3448.4,1,0,0,0,0,0,0,0,0
285,2017-04-20,09:32:41,0,IF1704,CCFX,3448.2,3439.4,3448.2,357,368886900,13262,13597,3786.4,3098,3442.2,3440,0.0,3440,0.0,0,0,2017-04-20,34361000,3448.0,1,0,0,0,0,0,0,0,0,3448.4,1,0,0,0,0,0,0,0,0
286,2017-04-20,09:32:41,500,IF1704,CCFX,3448.2,3439.4,3448.2,357,368886900,13262,13597,3786.4,3098,3442.2,3440,0.0,3440,0.0,0,0,2017-04-20,34361500,3448.0,1,0,0,0,0,0,0,0,0,3448.4,1,0,0,0,0,0,0,0,0
287,2017-04-20,09:32:42,500,IF1704,CCFX,3448.0,3439.4,3448.2,358,369921300,13261,13597,3786.4,3098,3442.2,3440,0.0,3440,0.0,0,0,2017-04-20,34362500,3447.6,1,0,0,0,0,0,0,0,0,3448.4,1,0,0,0,0,0,0,0,0
288,2017-04-20,09:32:43,0,IF1704,CCFX,3448.0,3439.4,3448.2,358,369921300,13261,13597,3786.4,3098,3442.2,3440,0.0,3440,0.0,0,0,2017-04-20,34363000,3447.6,1,0,0,0,0,0,0,0,0,3448.2,1,0,0,0,0,0,0,0,0
289,2017-04-20,09:32:43,500,IF1704,CCFX,3448.8,3439.4,3448.8,364,376128720,13255,13597,3786.4,3098,3442.2,3440,0.0,3440,0.0,0,0,2017-04-20,34363500,3448.2,1,0,0,0,0,0,0,0,0,3448.8,2,0,0,0,0,0,0,0,0
290,2017-04-20,09:32:44,0,IF1704,CCFX,3448.2,3439.4,3449.2,372,384405360,13247,13597,3786.4,3098,3442.2,3440,0.0,3440,0.0,0,0,2017-04-20,34364000,3447.4,3,0,0,0,0,0,0,0,0,3449.4,1,0,0,0,0,0,0,0,0
291,2017-04-20,09:32:44,500,IF1704,CCFX,3448.2,3439.4,3449.2,372,384405360,13247,13597,3786.4,3098,3442.2,3440,0.0,3440,0.0,0,0,2017-04-20,34364500,3447.6,4,0,0,0,0,0,0,0,0,3449.2,4,0,0,0,0,0,0,0,0
292,2017-04-20,09:32:45,0,IF1704,CCFX,3447.6,3439.4,3449.2,373,385439640,13246,13597,3786.4,3098,3442.2,3440,0.0,3440,0.0,0,0,2017-04-20,34365000,3447.6,1,0,0,0,0,0,0,0,0,3449.0,1,0,0,0,0,0,0,0,0
293,2017-04-20,09:32:45,500,IF1704,CCFX,3447.6,3439.4,3449.2,373,385439640,13246,13597,3786.4,3098,3442.2,3440,0.0,3440,0.0,0,0,2017-04-20,34365500,3448.2,3,0,0,0,0,0,0,0,0,3449.0,1,0,0,0,0,0,0,0,0
294,2017-04-20,09:32:46,0,IF1704,CCFX,3447.6,3439.4,3449.2,373,385439640,13246,13597,3786.4,3098,3442.2,3440,0.0,3440,0.0,0,0,2017-04-20,34366000,3448.2,4,0,0,0,0,0,0,0,0,3449.0,1,0,0,0,0,0,0,0,0
295,2017-04-20,09:32:46,500,IF1704,CCFX,3447.6,3439.4,3449.2,374,386473920,13245,13597,3786.4,3098,3442.2,3440,0.0,3440,0.0,0,0,2017-04-20,34366500,3448.2,3,0,0,0,0,0,0,0,0,3449.0,1,0,0,0,0,0,0,0,0
296,2017-04-20,09:32:47,0,IF1704,CCFX,3447.6,3439.4,3449.2,374,386473920,13245,13597,3786.4,3098,3442.2,3440,0.0,3440,0.0,0,0,2017-04-20,34367000,3448.4,1,0,0,0,0,0,0,0,0,3449.0,1,0,0,0,0,0,0,0,0
297,2017-04-20,09:32:47,500,IF1704,CCFX,3447.6,3439.4,3449.2,375,387508200,13244,13597,3786.4,3098,3442.2,3440,0.0,3440,0.0,0,0,2017-04-20,34367500,3448.2,3,0,0,0,0,0,0,0,0,3449.0,1,0,0,0,0,0,0,0,0
298,2017-04-20,09:32:48,0,IF1704,CCFX,3447.6,3439.4,3449.2,375,387508200,13244,13597,3786.4,3098,3442.2,3440,0.0,3440,0.0,0,0,2017-04-20,34368000,3448.4,1,0,0,0,0,0,0,0,0,3449.0,1,0,0,0,0,0,0,0,0
299,2017-04-20,09:32:48,500,IF1704,CCFX,3448.4,3439.4,3449.2,376,388542720,13244,13597,3786.4,3098,3442.2,3440,0.0,3440,0.0,0,0,2017-04-20,34368500,3448.2,3,0,0,0,0,0,0,0,0,3448.6,1,0,0,0,0,0,0,0,0
300,2017-04-20,09:32:49,0,IF1704,CCFX,3448.4,3439.4,3449.2,376,388542720,13244,13597,3786.4,3098,3442.2,3440,0.0,3440,0.0,0,0,2017-04-20,34369000,3448.2,3,0,0,0,0,0,0,0,0,3449.0,1,0,0,0,0,0,0,0,0
301,2017-04-20,09:32:50,0,IF1704,CCFX,3448.4,3439.4,3449.2,376,388542720,13244,13597,3786.4,3098,3442.2,3440,0.0,3440,0.0,0,0,2017-04-20,34370000,3448.2,3,0,0,0,0,0,0,0,0,3449.0,1,0,0,0,0,0,0,0,0
302,2017-04-20,09:32:50,500,IF1704,CCFX,3448.4,3439.4,3449.2,376,388542720,13244,13597,3786.4,3098,3442.2,3440,0.0,3440,0.0,0,0,2017-04-20,34370500,3448.2,3,0,0,0,0,0,0,0,0,3449.0,1,0,0,0,0,0,0,0,0
303,2017-04-20,09:32:51,0,IF1704,CCFX,3448.4,3439.4,3449.2,376,388542720,13244,13597,3786.4,3098,3442.2,3440,0.0,3440,0.0,0,0,2017-04-20,34371000,3448.2,3,0,0,0,0,0,0,0,0,3449.0,1,0,0,0,0,0,0,0,0
304,2017-04-20,09:32:51,500,IF1704,CCFX,3448.4,3439.4,3449.2,376,388542720,13244,13597,3786.4,3098,3442.2,3440,0.0,3440,0.0,0,0,2017-04-20,34371500,3448.4,1,0,0,0,0,0,0,0,0,3449.0,1,0,0,0,0,0,0,0,0
305,2017-04-20,09:32:52,0,IF1704,CCFX,3448.4,3439.4,3449.2,376,388542720,13244,13597,3786.4,3098,3442.2,3440,0.0,3440,0.0,0,0,2017-04-20,34372000,3448.4,1,0,0,0,0,0,0,0,0,3449.0,2,0,0,0,0,0,0,0,0
306,2017-04-20,09:32:52,500,IF1704,CCFX,3448.4,3439.4,3449.2,378,390611940,13243,13597,3786.4,3098,3442.2,3440,0.0,3440,0.0,0,0,2017-04-20,34372500,3448.2,3,0,0,0,0,0,0,0,0,3449.0,1,0,0,0,0,0,0,0,0
307,2017-04-20,09:32:53,0,IF1704,CCFX,3448.4,3439.4,3449.2,378,390611940,13243,13597,3786.4,3098,3442.2,3440,0.0,3440,0.0,0,0,2017-04-20,34373000,3448.2,3,0,0,0,0,0,0,0,0,3449.0,1,0,0,0,0,0,0,0,0
308,2017-04-20,09:32:53,500,IF1704,CCFX,3448.4,3439.4,3449.2,378,390611940,13243,13597,3786.4,3098,3442.2,3440,0.0,3440,0.0,0,0,2017-04-20,34373500,3448.2,3,0,0,0,0,0,0,0,0,3449.0,1,0,0,0,0,0,0,0,0
309,2017-04-20,09:32:54,0,IF1704,CCFX,3448.2,3439.4,3449.2,379,391646400,13242,13597,3786.4,3098,3442.2,3440,0.0,3440,0.0,0,0,2017-04-20,34374000,3448.2,2,0,0,0,0,0,0,0,0,3449.0,2,0,0,0,0,0,0,0,0
310,2017-04-20,09:32:54,500,IF1704,CCFX,3448.8,3439.4,3449.2,380,392681040,13241,13597,3786.4,3098,3442.2,3440,0.0,3440,0.0,0,0,2017-04-20,34374500,3448.2,2,0,0,0,0,0,0,0,0,3449.0,2,0,0,0,0,0,0,0,0
311,2017-04-20,09:32:56,500,IF1704,CCFX,3448.8,3439.4,3449.2,380,392681040,13241,13597,3786.4,3098,3442.2,3440,0.0,3440,0.0,0,0,2017-04-20,34376500,3448.2,2,0,0,0,0,0,0,0,0,3449.0,2,0,0,0,0,0,0,0,0
312,2017-04-20,09:32:57,0,IF1704,CCFX,3449.0,3439.4,3449.2,381,393715740,13240,13597,3786.4,3098,3442.2,3440,0.0,3440,0.0,0,0,2017-04-20,34377000,3448.2,2,0,0,0,0,0,0,0,0,3449.0,1,0,0,0,0,0,0,0,0
313,2017-04-20,09:32:58,0,IF1704,CCFX,3449.0,3439.4,3449.2,381,393715740,13240,13597,3786.4,3098,3442.2,3440,0.0,3440,0.0,0,0,2017-04-20,34378000,3448.4,1,0,0,0,0,0,0,0,0,3449.0,1,0,0,0,0,0,0,0,0
314,2017-04-20,09:32:58,500,IF1704,CCFX,3449.0,3439.4,3449.2,382,394750440,13239,13597,3786.4,3098,3442.2,3440,0.0,3440,0.0,0,0,2017-04-20,34378500,3449.0,4,0,0,0,0,0,0,0,0,3449.2,2,0,0,0,0,0,0,0,0
315,2017-04-20,09:32:59,0,IF1704,CCFX,3449.0,3439.4,3449.2,387,399924000,13234,13597,3786.4,3098,3442.2,3440,0.0,3440,0.0,0,0,2017-04-20,34379000,3448.4,1,0,0,0,0,0,0,0,0,3449.0,2,0,0,0,0,0,0,0,0
316,2017-04-20,09:32:59,500,IF1704,CCFX,3449.0,3439.4,3449.2,388,400958700,13233,13597,3786.4,3098,3442.2,3440,0.0,3440,0.0,0,0,2017-04-20,34379500,3448.4,1,0,0,0,0,0,0,0,0,3449.0,1,0,0,0,0,0,0,0,0
317,2017-04-20,09:33:00,0,IF1704,CCFX,3448.2,3439.4,3449.2,389,401993160,13232,13597,3786.4,3098,3442.2,3440,0.0,3440,0.0,0,0,2017-04-20,34380000,3448.2,1,0,0,0,0,0,0,0,0,3449.0,2,0,0,0,0,0,0,0,0
318,2017-04-20,09:33:00,500,IF1704,CCFX,3448.2,3439.4,3449.2,390,403027620,13231,13597,3786.4,3098,3442.2,3440,0.0,3440,0.0,0,0,2017-04-20,34380500,3447.4,1,0,0,0,0,0,0,0,0,3447.8,1,0,0,0,0,0,0,0,0
319,2017-04-20,09:33:01,0,IF1704,CCFX,3447.8,3439.4,3449.2,391,404061960,13230,13597,3786.4,3098,3442.2,3440,0.0,3440,0.0,0,0,2017-04-20,34381000,3447.8,6,0,0,0,0,0,0,0,0,3449.0,2,0,0,0,0,0,0,0,0
320,2017-04-20,09:33:01,500,IF1704,CCFX,3447.8,3439.4,3449.2,391,404061960,13230,13597,3786.4,3098,3442.2,3440,0.0,3440,0.0,0,0,2017-04-20,34381500,3448.0,2,0,0,0,0,0,0,0,0,3448.8,1,0,0,0,0,0,0,0,0
321,2017-04-20,09:33:02,0,IF1704,CCFX,3448.8,3439.4,3449.2,393,406131180,13228,13597,3786.4,3098,3442.2,3440,0.0,3440,0.0,0,0,2017-04-20,34382000,3448.0,1,0,0,0,0,0,0,0,0,3449.0,2,0,0,0,0,0,0,0,0
322,2017-04-20,09:33:02,500,IF1704,CCFX,3449.0,3439.4,3449.2,395,408200580,13229,13597,3786.4,3098,3442.2,3440,0.0,3440,0.0,0,0,2017-04-20,34382500,3448.0,1,0,0,0,0,0,0,0,0,3449.0,1,0,0,0,0,0,0,0,0
323,2017-04-20,09:33:03,0,IF1704,CCFX,3449.0,3439.4,3449.2,395,408200580,13229,13597,3786.4,3098,3442.2,3440,0.0,3440,0.0,0,0,2017-04-20,34383000,3448.2,2,0,0,0,0,0,0,0,0,3449.0,3,0,0,0,0,0,0,0,0
324,2017-04-20,09:33:03,500,IF1704,CCFX,3449.0,3439.4,3449.2,396,409235280,13229,13597,3786.4,3098,3442.2,3440,0.0,3440,0.0,0,0,2017-04-20,34383500,3448.2,2,0,0,0,0,0,0,0,0,3449.0,2,0,0,0,0,0,0,0,0
325,2017-04-20,09:33:04,0,IF1704,CCFX,3449.0,3439.4,3449.2,396,409235280,13229,13597,3786.4,3098,3442.2,3440,0.0,3440,0.0,0,0,2017-04-20,34384000,3448.4,2,0,0,0,0,0,0,0,0,3449.0,2,0,0,0,0,0,0,0,0
326,2017-04-20,09:33:04,500,IF1704,CCFX,3449.0,3439.4,3449.2,397,410269980,13229,13597,3786.4,3098,3442.2,3440,0.0,3440,0.0,0,0,2017-04-20,34384500,3448.2,2,0,0,0,0,0,0,0,0,3449.0,2,0,0,0,0,0,0,0,0
327,2017-04-20,09:33:05,0,IF1704,CCFX,3449.0,3439.4,3449.2,397,410269980,13229,13597,3786.4,3098,3442.2,3440,0.0,3440,0.0,0,0,2017-04-20,34385000,3448.2,3,0,0,0,0,0,0,0,0,3449.0,2,0,0,0,0,0,0,0,0
328,2017-04-20,09:33:05,500,IF1704,CCFX,3449.0,3439.4,3449.2,397,410269980,13229,13597,3786.4,3098,3442.2,3440,0.0,3440,0.0,0,0,2017-04-20,34385500,3448.2,3,0,0,0,0,0,0,0,0,3449.0,2,0,0,0,0,0,0,0,0
329,2017-04-20,09:33:06,0,IF1704,CCFX,3449.0,3439.4,3449.2,398,411304680,13228,13597,3786.4,3098,3442.2,3440,0.0,3440,0.0,0,0,2017-04-20,34386000,3448.2,3,0,0,0,0,0,0,0,0,3449.0,1,0,0,0,0,0,0,0,0
330,2017-04-20,09:33:06,500,IF1704,CCFX,3449.0,3439.4,3449.2,398,411304680,13228,13597,3786.4,3098,3442.2,3440,0.0,3440,0.0,0,0,2017-04-20,34386500,3448.4,3,0,0,0,0,0,0,0,0,3449.0,1,0,0,0,0,0,0,0,0
331,2017-04-20,09:33:07,0,IF1704,CCFX,3449.0,3439.4,3449.2,398,411304680,13228,13597,3786.4,3098,3442.2,3440,0.0,3440,0.0,0,0,2017-04-20,34387000,3448.4,2,0,0,0,0,0,0,0,0,3449.0,1,0,0,0,0,0,0,0,0
332,2017-04-20,09:33:07,500,IF1704,CCFX,3449.0,3439.4,3449.2,398,411304680,13228,13597,3786.4,3098,3442.2,3440,0.0,3440,0.0,0,0,2017-04-20,34387500,3448.4,2,0,0,0,0,0,0,0,0,3449.0,1,0,0,0,0,0,0,0,0
333,2017-04-20,09:33:08,0,IF1704,CCFX,3449.0,3439.4,3449.2,398,411304680,13228,13597,3786.4,3098,3442.2,3440,0.0,3440,0.0,0,0,2017-04-20,34388000,3448.4,3,0,0,0,0,0,0,0,0,3449.0,1,0,0,0,0,0,0,0,0
334,2017-04-20,09:33:08,500,IF1704,CCFX,3449.0,3439.4,3449.2,398,411304680,13228,13597,3786.4,3098,3442.2,3440,0.0,3440,0.0,0,0,2017-04-20,34388500,3448.4,4,0,0,0,0,0,0,0,0,3449.0,1,0,0,0,0,0,0,0,0
335,2017-04-20,09:33:09,0,IF1704,CCFX,3449.0,3439.4,3449.2,398,411304680,13228,13597,3786.4,3098,3442.2,3440,0.0,3440,0.0,0,0,2017-04-20,34389000,3448.4,4,0,0,0,0,0,0,0,0,3449.0,1,0,0,0,0,0,0,0,0
336,2017-04-20,09:33:09,500,IF1704,CCFX,3449.0,3439.4,3449.2,400,413374080,13226,13597,3786.4,3098,3442.2,3440,0.0,3440,0.0,0,0,2017-04-20,34389500,3449.0,1,0,0,0,0,0,0,0,0,3449.2,1,0,0,0,0,0,0,0,0
337,2017-04-20,09:33:10,0,IF1704,CCFX,3449.0,3439.4,3449.2,402,415443540,13225,13597,3786.4,3098,3442.2,3440,0.0,3440,0.0,0,0,2017-04-20,34390000,3448.4,3,0,0,0,0,0,0,0,0,3449.4,2,0,0,0,0,0,0,0,0
338,2017-04-20,09:33:10,500,IF1704,CCFX,3449.0,3439.4,3449.2,402,415443540,13225,13597,3786.4,3098,3442.2,3440,0.0,3440,0.0,0,0,2017-04-20,34390500,3448.6,1,0,0,0,0,0,0,0,0,3449.4,2,0,0,0,0,0,0,0,0
339,2017-04-20,09:33:11,0,IF1704,CCFX,3448.6,3439.4,3449.2,403,416478120,13224,13597,3786.4,3098,3442.2,3440,0.0,3440,0.0,0,0,2017-04-20,34391000,3448.6,1,0,0,0,0,0,0,0,0,3449.4,2,0,0,0,0,0,0,0,0
340,2017-04-20,09:33:12,0,IF1704,CCFX,3448.6,3439.4,3449.2,403,416478120,13224,13597,3786.4,3098,3442.2,3440,0.0,3440,0.0,0,0,2017-04-20,34392000,3448.8,1,0,0,0,0,0,0,0,0,3449.4,2,0,0,0,0,0,0,0,0
341,2017-04-20,09:33:13,500,IF1704,CCFX,3448.6,3439.4,3449.2,403,416478120,13224,13597,3786.4,3098,3442.2,3440,0.0,3440,0.0,0,0,2017-04-20,34393500,3448.8,1,0,0,0,0,0,0,0,0,3449.2,1,0,0,0,0,0,0,0,0
342,2017-04-20,09:33:14,0,IF1704,CCFX,3448.8,3439.4,3449.2,404,417512760,13223,13597,3786.4,3098,3442.2,3440,0.0,3440,0.0,0,0,2017-04-20,34394000,3448.8,1,0,0,0,0,0,0,0,0,3449.2,1,0,0,0,0,0,0,0,0
343,2017-04-20,09:33:14,500,IF1704,CCFX,3448.8,3439.4,3449.2,405,418547400,13222,13597,3786.4,3098,3442.2,3440,0.0,3440,0.0,0,0,2017-04-20,34394500,3448.4,2,0,0,0,0,0,0,0,0,3449.2,1,0,0,0,0,0,0,0,0
344,2017-04-20,09:33:16,0,IF1704,CCFX,3449.2,3439.4,3449.2,406,419582160,13221,13597,3786.4,3098,3442.2,3440,0.0,3440,0.0,0,0,2017-04-20,34396000,3449.2,1,0,0,0,0,0,0,0,0,3449.4,2,0,0,0,0,0,0,0,0
345,2017-04-20,09:33:16,500,IF1704,CCFX,3449.4,3439.4,3449.4,408,421651740,13219,13597,3786.4,3098,3442.2,3440,0.0,3440,0.0,0,0,2017-04-20,34396500,3448.4,2,0,0,0,0,0,0,0,0,3449.4,1,0,0,0,0,0,0,0,0
346,2017-04-20,09:33:17,0,IF1704,CCFX,3449.4,3439.4,3449.4,409,422686560,13218,13597,3786.4,3098,3442.2,3440,0.0,3440,0.0,0,0,2017-04-20,34397000,3448.6,1,0,0,0,0,0,0,0,0,3449.6,4,0,0,0,0,0,0,0,0
347,2017-04-20,09:33:17,500,IF1704,CCFX,3449.6,3439.4,3449.6,411,424756260,13216,13597,3786.4,3098,3442.2,3440,0.0,3440,0.0,0,0,2017-04-20,34397500,3448.8,1,0,0,0,0,0,0,0,0,3449.6,3,0,0,0,0,0,0,0,0
348,2017-04-20,09:33:18,0,IF1704,CCFX,3449.6,3439.4,3449.6,411,424756260,13216,13597,3786.4,3098,3442.2,3440,0.0,3440,0.0,0,0,2017-04-20,34398000,3449.0,1,0,0,0,0,0,0,0,0,3449.6,3,0,0,0,0,0,0,0,0
349,2017-04-20,09:33:19,500,IF1704,CCFX,3449.0,3439.4,3449.6,412,425790960,13215,13597,3786.4,3098,3442.2,3440,0.0,3440,0.0,0,0,2017-04-20,34399500,3448.8,1,0,0,0,0,0,0,0,0,3449.4,1,0,0,0,0,0,0,0,0
350,2017-04-20,09:33:20,0,IF1704,CCFX,3449.0,3439.4,3449.6,412,425790960,13215,13597,3786.4,3098,3442.2,3440,0.0,3440,0.0,0,0,2017-04-20,34400000,3448.8,1,0,0,0,0,0,0,0,0,3449.4,2,0,0,0,0,0,0,0,0
351,2017-04-20,09:33:21,0,IF1704,CCFX,3449.0,3439.4,3449.6,412,425790960,13215,13597,3786.4,3098,3442.2,3440,0.0,3440,0.0,0,0,2017-04-20,34401000,3448.8,1,0,0,0,0,0,0,0,0,3449.4,2,0,0,0,0,0,0,0,0
352,2017-04-20,09:33:21,500,IF1704,CCFX,3449.0,3439.4,3449.6,412,425790960,13215,13597,3786.4,3098,3442.2,3440,0.0,3440,0.0,0,0,2017-04-20,34401500,3448.8,1,0,0,0,0,0,0,0,0,3449.4,3,0,0,0,0,0,0,0,0
353,2017-04-20,09:33:22,0,IF1704,CCFX,3449.4,3439.4,3449.6,413,426825780,13214,13597,3786.4,3098,3442.2,3440,0.0,3440,0.0,0,0,2017-04-20,34402000,3448.8,1,0,0,0,0,0,0,0,0,3449.4,2,0,0,0,0,0,0,0,0
354,2017-04-20,09:33:22,500,IF1704,CCFX,3449.4,3439.4,3449.6,413,426825780,13214,13597,3786.4,3098,3442.2,3440,0.0,3440,0.0,0,0,2017-04-20,34402500,3448.8,2,0,0,0,0,0,0,0,0,3449.4,2,0,0,0,0,0,0,0,0
355,2017-04-20,09:33:23,0,IF1704,CCFX,3448.8,3439.4,3449.6,415,428895060,13212,13597,3786.4,3098,3442.2,3440,0.0,3440,0.0,0,0,2017-04-20,34403000,3448.6,1,0,0,0,0,0,0,0,0,3449.4,2,0,0,0,0,0,0,0,0
356,2017-04-20,09:33:23,500,IF1704,CCFX,3448.8,3439.4,3449.6,415,428895060,13212,13597,3786.4,3098,3442.2,3440,0.0,3440,0.0,0,0,2017-04-20,34403500,3448.8,1,0,0,0,0,0,0,0,0,3449.4,2,0,0,0,0,0,0,0,0
357,2017-04-20,09:33:24,0,IF1704,CCFX,3449.4,3439.4,3449.6,416,429929880,13212,13597,3786.4,3098,3442.2,3440,0.0,3440,0.0,0,0,2017-04-20,34404000,3448.8,1,0,0,0,0,0,0,0,0,3449.4,1,0,0,0,0,0,0,0,0
358,2017-04-20,09:33:24,500,IF1704,CCFX,3449.4,3439.4,3449.6,417,430964700,13211,13597,3786.4,3098,3442.2,3440,0.0,3440,0.0,0,0,2017-04-20,34404500,3448.8,1,0,0,0,0,0,0,0,0,3449.4,1,0,0,0,0,0,0,0,0
359,2017-04-20,09:33:25,0,IF1704,CCFX,3449.4,3439.4,3449.6,417,430964700,13211,13597,3786.4,3098,3442.2,3440,0.0,3440,0.0,0,0,2017-04-20,34405000,3448.8,1,0,0,0,0,0,0,0,0,3449.4,1,0,0,0,0,0,0,0,0
360,2017-04-20,09:33:25,500,IF1704,CCFX,3449.4,3439.4,3449.6,417,430964700,13211,13597,3786.4,3098,3442.2,3440,0.0,3440,0.0,0,0,2017-04-20,34405500,3448.8,1,0,0,0,0,0,0,0,0,3449.2,1,0,0,0,0,0,0,0,0
361,2017-04-20,09:33:26,500,IF1704,CCFX,3449.4,3439.4,3449.6,417,430964700,13211,13597,3786.4,3098,3442.2,3440,0.0,3440,0.0,0,0,2017-04-20,34406500,3448.8,1,0,0,0,0,0,0,0,0,3449.2,1,0,0,0,0,0,0,0,0
362,2017-04-20,09:33:27,0,IF1704,CCFX,3448.4,3439.4,3449.6,419,433033860,13210,13597,3786.4,3098,3442.2,3440,0.0,3440,0.0,0,0,2017-04-20,34407000,3448.6,1,0,0,0,0,0,0,0,0,3449.2,1,0,0,0,0,0,0,0,0
363,2017-04-20,09:33:27,500,IF1704,CCFX,3448.4,3439.4,3449.6,419,433033860,13210,13597,3786.4,3098,3442.2,3440,0.0,3440,0.0,0,0,2017-04-20,34407500,3448.6,1,0,0,0,0,0,0,0,0,3449.0,1,0,0,0,0,0,0,0,0
364,2017-04-20,09:33:28,0,IF1704,CCFX,3448.4,3439.4,3449.6,419,433033860,13210,13597,3786.4,3098,3442.2,3440,0.0,3440,0.0,0,0,2017-04-20,34408000,3448.6,1,0,0,0,0,0,0,0,0,3448.8,1,0,0,0,0,0,0,0,0
365,2017-04-20,09:33:28,500,IF1704,CCFX,3448.6,3439.4,3449.6,420,434068440,13209,13597,3786.4,3098,3442.2,3440,0.0,3440,0.0,0,0,2017-04-20,34408500,3448.2,1,0,0,0,0,0,0,0,0,3448.8,1,0,0,0,0,0,0,0,0
366,2017-04-20,09:33:29,0,IF1704,CCFX,3448.6,3439.4,3449.6,420,434068440,13209,13597,3786.4,3098,3442.2,3440,0.0,3440,0.0,0,0,2017-04-20,34409000,3448.2,1,0,0,0,0,0,0,0,0,3448.8,1,0,0,0,0,0,0,0,0
367,2017-04-20,09:33:31,0,IF1704,CCFX,3448.6,3439.4,3449.6,420,434068440,13209,13597,3786.4,3098,3442.2,3440,0.0,3440,0.0,0,0,2017-04-20,34411000,3448.2,1,0,0,0,0,0,0,0,0,3448.8,1,0,0,0,0,0,0,0,0
368,2017-04-20,09:33:31,500,IF1704,CCFX,3448.2,3439.4,3449.6,421,435102900,13208,13597,3786.4,3098,3442.2,3440,0.0,3440,0.0,0,0,2017-04-20,34411500,3448.0,2,0,0,0,0,0,0,0,0,3448.8,1,0,0,0,0,0,0,0,0
369,2017-04-20,09:33:32,0,IF1704,CCFX,3448.2,3439.4,3449.6,421,435102900,13208,13597,3786.4,3098,3442.2,3440,0.0,3440,0.0,0,0,2017-04-20,34412000,3448.0,2,0,0,0,0,0,0,0,0,3448.8,2,0,0,0,0,0,0,0,0
370,2017-04-20,09:33:32,500,IF1704,CCFX,3448.2,3439.4,3449.6,421,435102900,13208,13597,3786.4,3098,3442.2,3440,0.0,3440,0.0,0,0,2017-04-20,34412500,3448.0,2,0,0,0,0,0,0,0,0,3448.6,1,0,0,0,0,0,0,0,0
371,2017-04-20,09:33:33,0,IF1704,CCFX,3448.2,3439.4,3449.6,421,435102900,13208,13597,3786.4,3098,3442.2,3440,0.0,3440,0.0,0,0,2017-04-20,34413000,3448.2,1,0,0,0,0,0,0,0,0,3448.6,1,0,0,0,0,0,0,0,0
372,2017-04-20,09:33:33,500,IF1704,CCFX,3448.2,3439.4,3449.6,421,435102900,13208,13597,3786.4,3098,3442.2,3440,0.0,3440,0.0,0,0,2017-04-20,34413500,3448.2,1,0,0,0,0,0,0,0,0,3448.4,1,0,0,0,0,0,0,0,0
373,2017-04-20,09:33:35,0,IF1704,CCFX,3448.2,3439.4,3449.6,421,435102900,13208,13597,3786.4,3098,3442.2,3440,0.0,3440,0.0,0,0,2017-04-20,34415000,3448.2,1,0,0,0,0,0,0,0,0,3448.4,2,0,0,0,0,0,0,0,0
374,2017-04-20,09:33:36,0,IF1704,CCFX,3448.2,3439.4,3449.6,422,436137360,13207,13597,3786.4,3098,3442.2,3440,0.0,3440,0.0,0,0,2017-04-20,34416000,3448.0,2,0,0,0,0,0,0,0,0,3448.4,2,0,0,0,0,0,0,0,0
375,2017-04-20,09:33:36,500,IF1704,CCFX,3448.4,3439.4,3449.6,423,437171880,13206,13597,3786.4,3098,3442.2,3440,0.0,3440,0.0,0,0,2017-04-20,34416500,3448.0,2,0,0,0,0,0,0,0,0,3448.4,1,0,0,0,0,0,0,0,0
376,2017-04-20,09:33:38,500,IF1704,CCFX,3448.4,3439.4,3449.6,425,439240800,13205,13597,3786.4,3098,3442.2,3440,0.0,3440,0.0,0,0,2017-04-20,34418500,3448.0,1,0,0,0,0,0,0,0,0,3448.6,1,0,0,0,0,0,0,0,0
377,2017-04-20,09:33:39,0,IF1704,CCFX,3448.4,3439.4,3449.6,425,439240800,13205,13597,3786.4,3098,3442.2,3440,0.0,3440,0.0,0,0,2017-04-20,34419000,3448.0,1,0,0,0,0,0,0,0,0,3448.6,1,0,0,0,0,0,0,0,0
378,2017-04-20,09:33:40,0,IF1704,CCFX,3448.4,3439.4,3449.6,425,439240800,13205,13597,3786.4,3098,3442.2,3440,0.0,3440,0.0,0,0,2017-04-20,34420000,3448.0,1,0,0,0,0,0,0,0,0,3448.2,2,0,0,0,0,0,0,0,0
379,2017-04-20,09:33:41,0,IF1704,CCFX,3447.8,3439.4,3449.6,427,441309540,13204,13597,3786.4,3098,3442.2,3440,0.0,3440,0.0,0,0,2017-04-20,34421000,3447.6,1,0,0,0,0,0,0,0,0,3448.2,2,0,0,0,0,0,0,0,0
380,2017-04-20,09:33:41,500,IF1704,CCFX,3447.8,3439.4,3449.6,427,441309540,13204,13597,3786.4,3098,3442.2,3440,0.0,3440,0.0,0,0,2017-04-20,34421500,3447.6,1,0,0,0,0,0,0,0,0,3447.8,2,0,0,0,0,0,0,0,0
381,2017-04-20,09:33:42,0,IF1704,CCFX,3447.6,3439.4,3449.6,428,442343820,13203,13597,3786.4,3098,3442.2,3440,0.0,3440,0.0,0,0,2017-04-20,34422000,3446.8,1,0,0,0,0,0,0,0,0,3447.4,1,0,0,0,0,0,0,0,0
382,2017-04-20,09:33:42,500,IF1704,CCFX,3447.6,3439.4,3449.6,428,442343820,13203,13597,3786.4,3098,3442.2,3440,0.0,3440,0.0,0,0,2017-04-20,34422500,3447.4,1,0,0,0,0,0,0,0,0,3448.2,2,0,0,0,0,0,0,0,0
383,2017-04-20,09:33:43,0,IF1704,CCFX,3447.6,3439.4,3449.6,428,442343820,13203,13597,3786.4,3098,3442.2,3440,0.0,3440,0.0,0,0,2017-04-20,34423000,3447.4,1,0,0,0,0,0,0,0,0,3447.6,1,0,0,0,0,0,0,0,0
384,2017-04-20,09:33:43,500,IF1704,CCFX,3447.6,3439.4,3449.6,429,443378100,13202,13597,3786.4,3098,3442.2,3440,0.0,3440,0.0,0,0,2017-04-20,34423500,3447.4,1,0,0,0,0,0,0,0,0,3448.0,1,0,0,0,0,0,0,0,0
385,2017-04-20,09:33:44,0,IF1704,CCFX,3447.6,3439.4,3449.6,429,443378100,13202,13597,3786.4,3098,3442.2,3440,0.0,3440,0.0,0,0,2017-04-20,34424000,3447.4,1,0,0,0,0,0,0,0,0,3447.6,4,0,0,0,0,0,0,0,0
386,2017-04-20,09:33:44,500,IF1704,CCFX,3447.4,3439.4,3449.6,430,444412320,13201,13597,3786.4,3098,3442.2,3440,0.0,3440,0.0,0,0,2017-04-20,34424500,3446.8,1,0,0,0,0,0,0,0,0,3447.6,4,0,0,0,0,0,0,0,0
387,2017-04-20,09:33:46,500,IF1704,CCFX,3447.4,3439.4,3449.6,430,444412320,13201,13597,3786.4,3098,3442.2,3440,0.0,3440,0.0,0,0,2017-04-20,34426500,3447.0,1,0,0,0,0,0,0,0,0,3447.6,4,0,0,0,0,0,0,0,0
388,2017-04-20,09:33:47,0,IF1704,CCFX,3447.4,3439.4,3449.6,430,444412320,13201,13597,3786.4,3098,3442.2,3440,0.0,3440,0.0,0,0,2017-04-20,34427000,3447.0,1,0,0,0,0,0,0,0,0,3447.6,4,0,0,0,0,0,0,0,0
389,2017-04-20,09:33:47,500,IF1704,CCFX,3447.4,3439.4,3449.6,430,444412320,13201,13597,3786.4,3098,3442.2,3440,0.0,3440,0.0,0,0,2017-04-20,34427500,3447.0,1,0,0,0,0,0,0,0,0,3447.4,1,0,0,0,0,0,0,0,0
390,2017-04-20,09:33:48,0,IF1704,CCFX,3447.4,3439.4,3449.6,431,445446540,13200,13597,3786.4,3098,3442.2,3440,0.0,3440,0.0,0,0,2017-04-20,34428000,3447.0,1,0,0,0,0,0,0,0,0,3447.6,4,0,0,0,0,0,0,0,0
391,2017-04-20,09:33:48,500,IF1704,CCFX,3447.6,3439.4,3449.6,434,448549380,13197,13597,3786.4,3098,3442.2,3440,0.0,3440,0.0,0,0,2017-04-20,34428500,3447.4,1,0,0,0,0,0,0,0,0,3447.6,1,0,0,0,0,0,0,0,0
392,2017-04-20,09:33:49,0,IF1704,CCFX,3447.4,3439.4,3449.6,437,451652100,13194,13597,3786.4,3098,3442.2,3440,0.0,3440,0.0,0,0,2017-04-20,34429000,3447.0,1,0,0,0,0,0,0,0,0,3448.2,2,0,0,0,0,0,0,0,0
393,2017-04-20,09:33:49,500,IF1704,CCFX,3447.4,3439.4,3449.6,437,451652100,13194,13597,3786.4,3098,3442.2,3440,0.0,3440,0.0,0,0,2017-04-20,34429500,3447.0,1,0,0,0,0,0,0,0,0,3448.0,1,0,0,0,0,0,0,0,0
394,2017-04-20,09:33:50,0,IF1704,CCFX,3447.4,3439.4,3449.6,437,451652100,13194,13597,3786.4,3098,3442.2,3440,0.0,3440,0.0,0,0,2017-04-20,34430000,3447.0,1,0,0,0,0,0,0,0,0,3448.0,2,0,0,0,0,0,0,0,0
395,2017-04-20,09:33:50,500,IF1704,CCFX,3447.4,3439.4,3449.6,437,451652100,13194,13597,3786.4,3098,3442.2,3440,0.0,3440,0.0,0,0,2017-04-20,34430500,3447.0,1,0,0,0,0,0,0,0,0,3447.4,1,0,0,0,0,0,0,0,0
396,2017-04-20,09:33:51,0,IF1704,CCFX,3448.0,3439.4,3449.6,438,452686500,13193,13597,3786.4,3098,3442.2,3440,0.0,3440,0.0,0,0,2017-04-20,34431000,3447.0,1,0,0,0,0,0,0,0,0,3448.0,1,0,0,0,0,0,0,0,0
397,2017-04-20,09:33:51,500,IF1704,CCFX,3448.0,3439.4,3449.6,438,452686500,13193,13597,3786.4,3098,3442.2,3440,0.0,3440,0.0,0,0,2017-04-20,34431500,3447.0,1,0,0,0,0,0,0,0,0,3447.8,2,0,0,0,0,0,0,0,0
398,2017-04-20,09:33:52,0,IF1704,CCFX,3448.0,3439.4,3449.6,438,452686500,13193,13597,3786.4,3098,3442.2,3440,0.0,3440,0.0,0,0,2017-04-20,34432000,3447.0,1,0,0,0,0,0,0,0,0,3447.8,2,0,0,0,0,0,0,0,0
399,2017-04-20,09:33:52,500,IF1704,CCFX,3448.0,3439.4,3449.6,438,452686500,13193,13597,3786.4,3098,3442.2,3440,0.0,3440,0.0,0,0,2017-04-20,34432500,3447.0,1,0,0,0,0,0,0,0,0,3447.8,2,0,0,0,0,0,0,0,0
400,2017-04-20,09:33:53,0,IF1704,CCFX,3447.0,3439.4,3449.6,439,453720600,13192,13597,3786.4,3098,3442.2,3440,0.0,3440,0.0,0,0,2017-04-20,34433000,3447.4,5,0,0,0,0,0,0,0,0,3447.8,2,0,0,0,0,0,0,0,0
401,2017-04-20,09:33:53,500,IF1704,CCFX,3447.4,3439.4,3449.6,440,454754820,13191,13597,3786.4,3098,3442.2,3440,0.0,3440,0.0,0,0,2017-04-20,34433500,3447.4,4,0,0,0,0,0,0,0,0,3447.8,2,0,0,0,0,0,0,0,0
402,2017-04-20,09:33:54,0,IF1704,CCFX,3447.4,3439.4,3449.6,440,454754820,13191,13597,3786.4,3098,3442.2,3440,0.0,3440,0.0,0,0,2017-04-20,34434000,3447.4,4,0,0,0,0,0,0,0,0,3447.8,3,0,0,0,0,0,0,0,0
403,2017-04-20,09:33:54,500,IF1704,CCFX,3447.8,3439.4,3449.6,441,455789160,13190,13597,3786.4,3098,3442.2,3440,0.0,3440,0.0,0,0,2017-04-20,34434500,3447.4,4,0,0,0,0,0,0,0,0,3447.8,2,0,0,0,0,0,0,0,0
404,2017-04-20,09:33:55,0,IF1704,CCFX,3447.8,3439.4,3449.6,441,455789160,13190,13597,3786.4,3098,3442.2,3440,0.0,3440,0.0,0,0,2017-04-20,34435000,3447.4,4,0,0,0,0,0,0,0,0,3447.8,2,0,0,0,0,0,0,0,0
405,2017-04-20,09:33:56,0,IF1704,CCFX,3447.8,3439.4,3449.6,441,455789160,13190,13597,3786.4,3098,3442.2,3440,0.0,3440,0.0,0,0,2017-04-20,34436000,3447.4,4,0,0,0,0,0,0,0,0,3447.8,2,0,0,0,0,0,0,0,0
406,2017-04-20,09:33:56,500,IF1704,CCFX,3447.4,3439.4,3449.6,442,456823380,13190,13597,3786.4,3098,3442.2,3440,0.0,3440,0.0,0,0,2017-04-20,34436500,3447.4,3,0,0,0,0,0,0,0,0,3447.8,2,0,0,0,0,0,0,0,0
407,2017-04-20,09:33:57,0,IF1704,CCFX,3447.4,3439.4,3449.6,442,456823380,13190,13597,3786.4,3098,3442.2,3440,0.0,3440,0.0,0,0,2017-04-20,34437000,3447.4,3,0,0,0,0,0,0,0,0,3447.8,2,0,0,0,0,0,0,0,0
408,2017-04-20,09:33:58,0,IF1704,CCFX,3447.4,3439.4,3449.6,444,458891820,13188,13597,3786.4,3098,3442.2,3440,0.0,3440,0.0,0,0,2017-04-20,34438000,3447.4,1,0,0,0,0,0,0,0,0,3447.8,3,0,0,0,0,0,0,0,0
409,2017-04-20,09:33:58,500,IF1704,CCFX,3447.4,3439.4,3449.6,444,458891820,13188,13597,3786.4,3098,3442.2,3440,0.0,3440,0.0,0,0,2017-04-20,34438500,3447.4,1,0,0,0,0,0,0,0,0,3447.8,3,0,0,0,0,0,0,0,0
410,2017-04-20,09:33:59,0,IF1704,CCFX,3447.6,3439.4,3449.6,445,459926100,13187,13597,3786.4,3098,3442.2,3440,0.0,3440,0.0,0,0,2017-04-20,34439000,3447.4,1,0,0,0,0,0,0,0,0,3447.8,3,0,0,0,0,0,0,0,0
411,2017-04-20,09:33:59,500,IF1704,CCFX,3447.8,3439.4,3449.6,446,460960440,13186,13597,3786.4,3098,3442.2,3440,0.0,3440,0.0,0,0,2017-04-20,34439500,3447.6,1,0,0,0,0,0,0,0,0,3447.8,2,0,0,0,0,0,0,0,0
412,2017-04-20,09:34:00,0,IF1704,CCFX,3447.8,3439.4,3449.6,447,461994780,13185,13597,3786.4,3098,3442.2,3440,0.0,3440,0.0,0,0,2017-04-20,34440000,3447.6,1,0,0,0,0,0,0,0,0,3447.8,1,0,0,0,0,0,0,0,0
413,2017-04-20,09:34:00,500,IF1704,CCFX,3447.8,3439.4,3449.6,448,463029120,13184,13597,3786.4,3098,3442.2,3440,0.0,3440,0.0,0,0,2017-04-20,34440500,3447.8,2,0,0,0,0,0,0,0,0,3448.0,1,0,0,0,0,0,0,0,0
414,2017-04-20,09:34:01,0,IF1704,CCFX,3447.8,3439.4,3449.6,448,463029120,13184,13597,3786.4,3098,3442.2,3440,0.0,3440,0.0,0,0,2017-04-20,34441000,3447.8,2,0,0,0,0,0,0,0,0,3448.0,1,0,0,0,0,0,0,0,0
415,2017-04-20,09:34:02,0,IF1704,CCFX,3448.0,3439.4,3449.6,449,464063520,13183,13597,3786.4,3098,3442.2,3440,0.0,3440,0.0,0,0,2017-04-20,34442000,3447.8,2,0,0,0,0,0,0,0,0,3448.2,5,0,0,0,0,0,0,0,0
416,2017-04-20,09:34:04,0,IF1704,CCFX,3448.0,3439.4,3449.6,449,464063520,13183,13597,3786.4,3098,3442.2,3440,0.0,3440,0.0,0,0,2017-04-20,34444000,3447.8,2,0,0,0,0,0,0,0,0,3448.2,6,0,0,0,0,0,0,0,0
417,2017-04-20,09:34:06,0,IF1704,CCFX,3447.4,3439.4,3449.6,452,467166420,13180,13597,3786.4,3098,3442.2,3440,0.0,3440,0.0,0,0,2017-04-20,34446000,3447.2,2,0,0,0,0,0,0,0,0,3448.2,6,0,0,0,0,0,0,0,0
418,2017-04-20,09:34:06,500,IF1704,CCFX,3448.2,3439.4,3449.6,453,468200880,13179,13597,3786.4,3098,3442.2,3440,0.0,3440,0.0,0,0,2017-04-20,34446500,3447.4,1,0,0,0,0,0,0,0,0,3448.2,8,0,0,0,0,0,0,0,0
419,2017-04-20,09:34:07,0,IF1704,CCFX,3447.4,3439.4,3449.6,455,470269560,13177,13597,3786.4,3098,3442.2,3440,0.0,3440,0.0,0,0,2017-04-20,34447000,3447.2,2,0,0,0,0,0,0,0,0,3447.4,1,0,0,0,0,0,0,0,0
420,2017-04-20,09:34:07,500,IF1704,CCFX,3447.4,3439.4,3449.6,456,471303780,13176,13597,3786.4,3098,3442.2,3440,0.0,3440,0.0,0,0,2017-04-20,34447500,3447.4,3,0,0,0,0,0,0,0,0,3448.2,4,0,0,0,0,0,0,0,0
421,2017-04-20,09:34:08,0,IF1704,CCFX,3447.4,3439.4,3449.6,458,473372220,13174,13597,3786.4,3098,3442.2,3440,0.0,3440,0.0,0,0,2017-04-20,34448000,3447.6,1,0,0,0,0,0,0,0,0,3448.0,1,0,0,0,0,0,0,0,0
422,2017-04-20,09:34:08,500,IF1704,CCFX,3447.6,3439.4,3449.6,460,475440900,13172,13597,3786.4,3098,3442.2,3440,0.0,3440,0.0,0,0,2017-04-20,34448500,3447.4,1,0,0,0,0,0,0,0,0,3448.2,4,0,0,0,0,0,0,0,0
423,2017-04-20,09:34:09,0,IF1704,CCFX,3447.4,3439.4,3449.6,461,476475120,13171,13597,3786.4,3098,3442.2,3440,0.0,3440,0.0,0,0,2017-04-20,34449000,3447.2,1,0,0,0,0,0,0,0,0,3448.2,4,0,0,0,0,0,0,0,0
424,2017-04-20,09:34:09,500,IF1704,CCFX,3447.4,3439.4,3449.6,461,476475120,13171,13597,3786.4,3098,3442.2,3440,0.0,3440,0.0,0,0,2017-04-20,34449500,3447.0,1,0,0,0,0,0,0,0,0,3448.0,1,0,0,0,0,0,0,0,0
425,2017-04-20,09:34:10,0,IF1704,CCFX,3447.4,3439.4,3449.6,461,476475120,13171,13597,3786.4,3098,3442.2,3440,0.0,3440,0.0,0,0,2017-04-20,34450000,3447.6,1,0,0,0,0,0,0,0,0,3448.0,1,0,0,0,0,0,0,0,0
426,2017-04-20,09:34:11,500,IF1704,CCFX,3447.4,3439.4,3449.6,461,476475120,13171,13597,3786.4,3098,3442.2,3440,0.0,3440,0.0,0,0,2017-04-20,34451500,3447.6,1,0,0,0,0,0,0,0,0,3448.0,2,0,0,0,0,0,0,0,0
427,2017-04-20,09:34:12,0,IF1704,CCFX,3447.8,3439.4,3449.6,462,477509460,13170,13597,3786.4,3098,3442.2,3440,0.0,3440,0.0,0,0,2017-04-20,34452000,3447.6,1,0,0,0,0,0,0,0,0,3447.8,2,0,0,0,0,0,0,0,0
428,2017-04-20,09:34:12,500,IF1704,CCFX,3447.6,3439.4,3449.6,464,479578020,13168,13597,3786.4,3098,3442.2,3440,0.0,3440,0.0,0,0,2017-04-20,34452500,3447.4,2,0,0,0,0,0,0,0,0,3447.8,1,0,0,0,0,0,0,0,0
429,2017-04-20,09:34:13,0,IF1704,CCFX,3447.8,3439.4,3449.6,465,480612360,13167,13597,3786.4,3098,3442.2,3440,0.0,3440,0.0,0,0,2017-04-20,34453000,3447.8,1,0,0,0,0,0,0,0,0,3448.0,4,0,0,0,0,0,0,0,0
430,2017-04-20,09:34:14,500,IF1704,CCFX,3447.8,3439.4,3449.6,466,481646700,13166,13597,3786.4,3098,3442.2,3440,0.0,3440,0.0,0,0,2017-04-20,34454500,3447.4,2,0,0,0,0,0,0,0,0,3447.8,1,0,0,0,0,0,0,0,0
431,2017-04-20,09:34:15,500,IF1704,CCFX,3447.4,3439.4,3449.6,467,482680920,13165,13597,3786.4,3098,3442.2,3440,0.0,3440,0.0,0,0,2017-04-20,34455500,3447.4,1,0,0,0,0,0,0,0,0,3447.8,1,0,0,0,0,0,0,0,0
432,2017-04-20,09:34:16,0,IF1704,CCFX,3447.8,3439.4,3449.6,468,483715260,13164,13597,3786.4,3098,3442.2,3440,0.0,3440,0.0,0,0,2017-04-20,34456000,3447.4,1,0,0,0,0,0,0,0,0,3448.0,4,0,0,0,0,0,0,0,0
433,2017-04-20,09:34:17,0,IF1704,CCFX,3447.8,3439.4,3449.6,468,483715260,13164,13597,3786.4,3098,3442.2,3440,0.0,3440,0.0,0,0,2017-04-20,34457000,3447.6,1,0,0,0,0,0,0,0,0,3448.0,4,0,0,0,0,0,0,0,0
434,2017-04-20,09:34:18,0,IF1704,CCFX,3447.4,3439.4,3449.6,470,485783760,13162,13597,3786.4,3098,3442.2,3440,0.0,3440,0.0,0,0,2017-04-20,34458000,3447.8,1,0,0,0,0,0,0,0,0,3448.0,4,0,0,0,0,0,0,0,0
435,2017-04-20,09:34:18,500,IF1704,CCFX,3447.8,3439.4,3449.6,471,486818100,13161,13597,3786.4,3098,3442.2,3440,0.0,3440,0.0,0,0,2017-04-20,34458500,3447.2,1,0,0,0,0,0,0,0,0,3447.4,1,0,0,0,0,0,0,0,0
436,2017-04-20,09:34:19,0,IF1704,CCFX,3447.4,3439.4,3449.6,472,487852320,13160,13597,3786.4,3098,3442.2,3440,0.0,3440,0.0,0,0,2017-04-20,34459000,3447.2,1,0,0,0,0,0,0,0,0,3447.8,4,0,0,0,0,0,0,0,0
437,2017-04-20,09:34:19,500,IF1704,CCFX,3447.4,3439.4,3449.6,472,487852320,13160,13597,3786.4,3098,3442.2,3440,0.0,3440,0.0,0,0,2017-04-20,34459500,3447.2,1,0,0,0,0,0,0,0,0,3447.8,4,0,0,0,0,0,0,0,0
438,2017-04-20,09:34:20,500,IF1704,CCFX,3447.2,3439.4,3449.6,473,488886480,13159,13597,3786.4,3098,3442.2,3440,0.0,3440,0.0,0,0,2017-04-20,34460500,3447.0,1,0,0,0,0,0,0,0,0,3447.2,1,0,0,0,0,0,0,0,0
439,2017-04-20,09:34:21,0,IF1704,CCFX,3447.0,3439.4,3449.6,478,494057040,13154,13597,3786.4,3098,3442.2,3440,0.0,3440,0.0,0,0,2017-04-20,34461000,3446.8,1,0,0,0,0,0,0,0,0,3447.8,4,0,0,0,0,0,0,0,0
440,2017-04-20,09:34:21,500,IF1704,CCFX,3447.0,3439.4,3449.6,478,494057040,13154,13597,3786.4,3098,3442.2,3440,0.0,3440,0.0,0,0,2017-04-20,34461500,3447.2,1,0,0,0,0,0,0,0,0,3447.6,1,0,0,0,0,0,0,0,0
441,2017-04-20,09:34:22,0,IF1704,CCFX,3447.0,3439.4,3449.6,478,494057040,13154,13597,3786.4,3098,3442.2,3440,0.0,3440,0.0,0,0,2017-04-20,34462000,3447.2,1,0,0,0,0,0,0,0,0,3447.6,1,0,0,0,0,0,0,0,0
442,2017-04-20,09:34:22,500,IF1704,CCFX,3447.0,3439.4,3449.6,478,494057040,13154,13597,3786.4,3098,3442.2,3440,0.0,3440,0.0,0,0,2017-04-20,34462500,3447.2,1,0,0,0,0,0,0,0,0,3447.4,1,0,0,0,0,0,0,0,0
443,2017-04-20,09:34:23,0,IF1704,CCFX,3447.4,3439.4,3449.6,479,495091260,13153,13597,3786.4,3098,3442.2,3440,0.0,3440,0.0,0,0,2017-04-20,34463000,3447.2,1,0,0,0,0,0,0,0,0,3447.6,1,0,0,0,0,0,0,0,0
444,2017-04-20,09:34:23,500,IF1704,CCFX,3447.4,3439.4,3449.6,479,495091260,13153,13597,3786.4,3098,3442.2,3440,0.0,3440,0.0,0,0,2017-04-20,34463500,3447.4,2,0,0,0,0,0,0,0,0,3447.6,1,0,0,0,0,0,0,0,0
445,2017-04-20,09:34:24,0,IF1704,CCFX,3447.4,3439.4,3449.6,479,495091260,13153,13597,3786.4,3098,3442.2,3440,0.0,3440,0.0,0,0,2017-04-20,34464000,3447.4,2,0,0,0,0,0,0,0,0,3447.6,3,0,0,0,0,0,0,0,0
446,2017-04-20,09:34:24,500,IF1704,CCFX,3447.4,3439.4,3449.6,481,497159760,13151,13597,3786.4,3098,3442.2,3440,0.0,3440,0.0,0,0,2017-04-20,34464500,3447.4,1,0,0,0,0,0,0,0,0,3447.6,3,0,0,0,0,0,0,0,0
447,2017-04-20,09:34:25,500,IF1704,CCFX,3447.4,3439.4,3449.6,482,498193980,13150,13597,3786.4,3098,3442.2,3440,0.0,3440,0.0,0,0,2017-04-20,34465500,3446.8,1,0,0,0,0,0,0,0,0,3447.6,3,0,0,0,0,0,0,0,0
448,2017-04-20,09:34:26,0,IF1704,CCFX,3447.4,3439.4,3449.6,482,498193980,13150,13597,3786.4,3098,3442.2,3440,0.0,3440,0.0,0,0,2017-04-20,34466000,3446.8,1,0,0,0,0,0,0,0,0,3447.6,4,0,0,0,0,0,0,0,0
449,2017-04-20,09:34:26,500,IF1704,CCFX,3447.4,3439.4,3449.6,482,498193980,13150,13597,3786.4,3098,3442.2,3440,0.0,3440,0.0,0,0,2017-04-20,34466500,3447.0,1,0,0,0,0,0,0,0,0,3447.6,4,0,0,0,0,0,0,0,0
450,2017-04-20,09:34:27,0,IF1704,CCFX,3447.6,3439.4,3449.6,483,499228260,13149,13597,3786.4,3098,3442.2,3440,0.0,3440,0.0,0,0,2017-04-20,34467000,3447.0,1,0,0,0,0,0,0,0,0,3447.6,3,0,0,0,0,0,0,0,0
451,2017-04-20,09:34:27,500,IF1704,CCFX,3447.0,3439.4,3449.6,484,500262360,13149,13597,3786.4,3098,3442.2,3440,0.0,3440,0.0,0,0,2017-04-20,34467500,3446.8,2,0,0,0,0,0,0,0,0,3447.6,6,0,0,0,0,0,0,0,0
452,2017-04-20,09:34:28,0,IF1704,CCFX,3447.6,3439.4,3449.6,485,501296640,13148,13597,3786.4,3098,3442.2,3440,0.0,3440,0.0,0,0,2017-04-20,34468000,3447.0,1,0,0,0,0,0,0,0,0,3447.6,5,0,0,0,0,0,0,0,0
453,2017-04-20,09:34:28,500,IF1704,CCFX,3447.6,3439.4,3449.6,485,501296640,13148,13597,3786.4,3098,3442.2,3440,0.0,3440,0.0,0,0,2017-04-20,34468500,3447.0,2,0,0,0,0,0,0,0,0,3447.6,5,0,0,0,0,0,0,0,0
454,2017-04-20,09:34:29,500,IF1704,CCFX,3447.6,3439.4,3449.6,487,503365200,13146,13597,3786.4,3098,3442.2,3440,0.0,3440,0.0,0,0,2017-04-20,34469500,3447.0,2,0,0,0,0,0,0,0,0,3447.6,3,0,0,0,0,0,0,0,0
455,2017-04-20,09:34:30,0,IF1704,CCFX,3447.6,3439.4,3449.6,487,503365200,13146,13597,3786.4,3098,3442.2,3440,0.0,3440,0.0,0,0,2017-04-20,34470000,3447.0,1,0,0,0,0,0,0,0,0,3447.6,3,0,0,0,0,0,0,0,0
456,2017-04-20,09:34:31,0,IF1704,CCFX,3447.6,3439.4,3449.6,487,503365200,13146,13597,3786.4,3098,3442.2,3440,0.0,3440,0.0,0,0,2017-04-20,34471000,3447.0,1,0,0,0,0,0,0,0,0,3447.2,1,0,0,0,0,0,0,0,0
457,2017-04-20,09:34:31,500,IF1704,CCFX,3447.2,3439.4,3449.6,488,504399360,13145,13597,3786.4,3098,3442.2,3440,0.0,3440,0.0,0,0,2017-04-20,34471500,3447.0,1,0,0,0,0,0,0,0,0,3447.6,3,0,0,0,0,0,0,0,0
458,2017-04-20,09:34:32,0,IF1704,CCFX,3447.2,3439.4,3449.6,488,504399360,13145,13597,3786.4,3098,3442.2,3440,0.0,3440,0.0,0,0,2017-04-20,34472000,3447.0,1,0,0,0,0,0,0,0,0,3447.6,3,0,0,0,0,0,0,0,0
459,2017-04-20,09:34:32,500,IF1704,CCFX,3447.2,3439.4,3449.6,488,504399360,13145,13597,3786.4,3098,3442.2,3440,0.0,3440,0.0,0,0,2017-04-20,34472500,3447.0,1,0,0,0,0,0,0,0,0,3447.2,1,0,0,0,0,0,0,0,0
460,2017-04-20,09:34:33,0,IF1704,CCFX,3447.0,3439.4,3449.6,490,506467620,13143,13597,3786.4,3098,3442.2,3440,0.0,3440,0.0,0,0,2017-04-20,34473000,3446.8,2,0,0,0,0,0,0,0,0,3447.0,1,0,0,0,0,0,0,0,0
461,2017-04-20,09:34:33,500,IF1704,CCFX,3447.0,3439.4,3449.6,491,507501720,13142,13597,3786.4,3098,3442.2,3440,0.0,3440,0.0,0,0,2017-04-20,34473500,3446.8,2,0,0,0,0,0,0,0,0,3447.6,3,0,0,0,0,0,0,0,0
462,2017-04-20,09:34:34,0,IF1704,CCFX,3446.8,3439.4,3449.6,493,509569800,13140,13597,3786.4,3098,3442.2,3440,0.0,3440,0.0,0,0,2017-04-20,34474000,3446.6,1,0,0,0,0,0,0,0,0,3447.4,2,0,0,0,0,0,0,0,0
463,2017-04-20,09:34:34,500,IF1704,CCFX,3446.8,3439.4,3449.6,493,509569800,13140,13597,3786.4,3098,3442.2,3440,0.0,3440,0.0,0,0,2017-04-20,34474500,3446.4,2,0,0,0,0,0,0,0,0,3447.4,3,0,0,0,0,0,0,0,0
464,2017-04-20,09:34:35,500,IF1704,CCFX,3446.8,3439.4,3449.6,493,509569800,13140,13597,3786.4,3098,3442.2,3440,0.0,3440,0.0,0,0,2017-04-20,34475500,3446.4,2,0,0,0,0,0,0,0,0,3446.6,2,0,0,0,0,0,0,0,0
465,2017-04-20,09:34:36,0,IF1704,CCFX,3446.6,3439.4,3449.6,495,511637760,13138,13597,3786.4,3098,3442.2,3440,0.0,3440,0.0,0,0,2017-04-20,34476000,3446.4,2,0,0,0,0,0,0,0,0,3447.2,1,0,0,0,0,0,0,0,0
466,2017-04-20,09:34:37,0,IF1704,CCFX,3446.4,3439.4,3449.6,497,513705600,13136,13597,3786.4,3098,3442.2,3440,0.0,3440,0.0,0,0,2017-04-20,34477000,3445.6,1,0,0,0,0,0,0,0,0,3447.2,1,0,0,0,0,0,0,0,0
467,2017-04-20,09:34:37,500,IF1704,CCFX,3446.4,3439.4,3449.6,497,513705600,13136,13597,3786.4,3098,3442.2,3440,0.0,3440,0.0,0,0,2017-04-20,34477500,3446.4,1,0,0,0,0,0,0,0,0,3447.0,2,0,0,0,0,0,0,0,0
468,2017-04-20,09:34:38,0,IF1704,CCFX,3446.4,3439.4,3449.6,497,513705600,13136,13597,3786.4,3098,3442.2,3440,0.0,3440,0.0,0,0,2017-04-20,34478000,3446.4,1,0,0,0,0,0,0,0,0,3447.2,1,0,0,0,0,0,0,0,0
469,2017-04-20,09:34:38,500,IF1704,CCFX,3446.4,3439.4,3449.6,497,513705600,13136,13597,3786.4,3098,3442.2,3440,0.0,3440,0.0,0,0,2017-04-20,34478500,3446.4,1,0,0,0,0,0,0,0,0,3447.2,1,0,0,0,0,0,0,0,0
470,2017-04-20,09:34:40,500,IF1704,CCFX,3446.4,3439.4,3449.6,497,513705600,13136,13597,3786.4,3098,3442.2,3440,0.0,3440,0.0,0,0,2017-04-20,34480500,3446.4,1,0,0,0,0,0,0,0,0,3447.2,1,0,0,0,0,0,0,0,0
471,2017-04-20,09:34:41,500,IF1704,CCFX,3446.4,3439.4,3449.6,498,514739520,13136,13597,3786.4,3098,3442.2,3440,0.0,3440,0.0,0,0,2017-04-20,34481500,3446.2,1,0,0,0,0,0,0,0,0,3447.2,1,0,0,0,0,0,0,0,0
472,2017-04-20,09:34:42,0,IF1704,CCFX,3446.4,3439.4,3449.6,498,514739520,13136,13597,3786.4,3098,3442.2,3440,0.0,3440,0.0,0,0,2017-04-20,34482000,3446.2,2,0,0,0,0,0,0,0,0,3447.2,1,0,0,0,0,0,0,0,0
473,2017-04-20,09:34:44,0,IF1704,CCFX,3446.4,3439.4,3449.6,498,514739520,13136,13597,3786.4,3098,3442.2,3440,0.0,3440,0.0,0,0,2017-04-20,34484000,3446.2,2,0,0,0,0,0,0,0,0,3447.2,1,0,0,0,0,0,0,0,0
474,2017-04-20,09:34:44,500,IF1704,CCFX,3446.4,3439.4,3449.6,498,514739520,13136,13597,3786.4,3098,3442.2,3440,0.0,3440,0.0,0,0,2017-04-20,34484500,3446.2,2,0,0,0,0,0,0,0,0,3447.0,1,0,0,0,0,0,0,0,0
475,2017-04-20,09:34:45,500,IF1704,CCFX,3446.4,3439.4,3449.6,498,514739520,13136,13597,3786.4,3098,3442.2,3440,0.0,3440,0.0,0,0,2017-04-20,34485500,3446.2,2,0,0,0,0,0,0,0,0,3447.0,1,0,0,0,0,0,0,0,0
476,2017-04-20,09:34:46,500,IF1704,CCFX,3446.4,3439.4,3449.6,498,514739520,13136,13597,3786.4,3098,3442.2,3440,0.0,3440,0.0,0,0,2017-04-20,34486500,3446.2,2,0,0,0,0,0,0,0,0,3447.0,1,0,0,0,0,0,0,0,0
477,2017-04-20,09:34:47,0,IF1704,CCFX,3446.4,3439.4,3449.6,498,514739520,13136,13597,3786.4,3098,3442.2,3440,0.0,3440,0.0,0,0,2017-04-20,34487000,3446.6,2,0,0,0,0,0,0,0,0,3447.0,2,0,0,0,0,0,0,0,0
478,2017-04-20,09:34:47,500,IF1704,CCFX,3446.4,3439.4,3449.6,498,514739520,13136,13597,3786.4,3098,3442.2,3440,0.0,3440,0.0,0,0,2017-04-20,34487500,3446.6,2,0,0,0,0,0,0,0,0,3446.8,1,0,0,0,0,0,0,0,0
479,2017-04-20,09:34:48,0,IF1704,CCFX,3446.8,3439.4,3449.6,499,515773560,13135,13597,3786.4,3098,3442.2,3440,0.0,3440,0.0,0,0,2017-04-20,34488000,3446.6,2,0,0,0,0,0,0,0,0,3447.0,2,0,0,0,0,0,0,0,0
480,2017-04-20,09:34:49,0,IF1704,CCFX,3447.0,3439.4,3449.6,500,516807660,13134,13597,3786.4,3098,3442.2,3440,0.0,3440,0.0,0,0,2017-04-20,34489000,3446.6,2,0,0,0,0,0,0,0,0,3447.0,1,0,0,0,0,0,0,0,0
481,2017-04-20,09:34:49,500,IF1704,CCFX,3447.0,3439.4,3449.6,501,517841760,13133,13597,3786.4,3098,3442.2,3440,0.0,3440,0.0,0,0,2017-04-20,34489500,3446.6,2,0,0,0,0,0,0,0,0,3447.2,1,0,0,0,0,0,0,0,0
482,2017-04-20,09:34:50,0,IF1704,CCFX,3447.0,3439.4,3449.6,501,517841760,13133,13597,3786.4,3098,3442.2,3440,0.0,3440,0.0,0,0,2017-04-20,34490000,3446.6,2,0,0,0,0,0,0,0,0,3447.2,1,0,0,0,0,0,0,0,0
483,2017-04-20,09:34:50,500,IF1704,CCFX,3447.2,3439.4,3449.6,502,518875920,13132,13597,3786.4,3098,3442.2,3440,0.0,3440,0.0,0,0,2017-04-20,34490500,3446.6,2,0,0,0,0,0,0,0,0,3447.2,3,0,0,0,0,0,0,0,0
484,2017-04-20,09:34:51,0,IF1704,CCFX,3447.2,3439.4,3449.6,502,518875920,13132,13597,3786.4,3098,3442.2,3440,0.0,3440,0.0,0,0,2017-04-20,34491000,3446.6,2,0,0,0,0,0,0,0,0,3447.0,1,0,0,0,0,0,0,0,0
485,2017-04-20,09:34:51,500,IF1704,CCFX,3447.2,3439.4,3449.6,502,518875920,13132,13597,3786.4,3098,3442.2,3440,0.0,3440,0.0,0,0,2017-04-20,34491500,3446.8,1,0,0,0,0,0,0,0,0,3447.0,1,0,0,0,0,0,0,0,0
486,2017-04-20,09:34:52,0,IF1704,CCFX,3447.2,3439.4,3449.6,502,518875920,13132,13597,3786.4,3098,3442.2,3440,0.0,3440,0.0,0,0,2017-04-20,34492000,3446.8,1,0,0,0,0,0,0,0,0,3447.0,1,0,0,0,0,0,0,0,0
487,2017-04-20,09:34:52,500,IF1704,CCFX,3447.2,3439.4,3449.6,503,519910080,13132,13597,3786.4,3098,3442.2,3440,0.0,3440,0.0,0,0,2017-04-20,34492500,3446.6,2,0,0,0,0,0,0,0,0,3447.2,4,0,0,0,0,0,0,0,0
488,2017-04-20,09:34:53,0,IF1704,CCFX,3447.2,3439.4,3449.6,503,519910080,13132,13597,3786.4,3098,3442.2,3440,0.0,3440,0.0,0,0,2017-04-20,34493000,3446.6,3,0,0,0,0,0,0,0,0,3447.2,4,0,0,0,0,0,0,0,0
489,2017-04-20,09:34:54,0,IF1704,CCFX,3447.2,3439.4,3449.6,503,519910080,13132,13597,3786.4,3098,3442.2,3440,0.0,3440,0.0,0,0,2017-04-20,34494000,3446.8,1,0,0,0,0,0,0,0,0,3447.2,4,0,0,0,0,0,0,0,0
490,2017-04-20,09:34:54,500,IF1704,CCFX,3447.2,3439.4,3449.6,503,519910080,13132,13597,3786.4,3098,3442.2,3440,0.0,3440,0.0,0,0,2017-04-20,34494500,3447.0,5,0,0,0,0,0,0,0,0,3447.2,4,0,0,0,0,0,0,0,0
491,2017-04-20,09:34:55,0,IF1704,CCFX,3447.2,3439.4,3449.6,505,521978400,13130,13597,3786.4,3098,3442.2,3440,0.0,3440,0.0,0,0,2017-04-20,34495000,3447.0,5,0,0,0,0,0,0,0,0,3447.2,2,0,0,0,0,0,0,0,0
492,2017-04-20,09:34:55,500,IF1704,CCFX,3447.2,3439.4,3449.6,507,524046720,13128,13597,3786.4,3098,3442.2,3440,0.0,3440,0.0,0,0,2017-04-20,34495500,3447.2,1,0,0,0,0,0,0,0,0,3447.4,2,0,0,0,0,0,0,0,0
493,2017-04-20,09:34:56,0,IF1704,CCFX,3447.6,3439.4,3449.6,510,527149440,13125,13597,3786.4,3098,3442.2,3440,0.0,3440,0.0,0,0,2017-04-20,34496000,3447.0,5,0,0,0,0,0,0,0,0,3447.8,1,0,0,0,0,0,0,0,0
494,2017-04-20,09:34:56,500,IF1704,CCFX,3447.2,3439.4,3449.6,512,529217880,13123,13597,3786.4,3098,3442.2,3440,0.0,3440,0.0,0,0,2017-04-20,34496500,3447.2,1,0,0,0,0,0,0,0,0,3447.8,1,0,0,0,0,0,0,0,0
495,2017-04-20,09:34:57,0,IF1704,CCFX,3447.2,3439.4,3449.6,512,529217880,13123,13597,3786.4,3098,3442.2,3440,0.0,3440,0.0,0,0,2017-04-20,34497000,3447.2,2,0,0,0,0,0,0,0,0,3447.8,1,0,0,0,0,0,0,0,0
496,2017-04-20,09:34:57,500,IF1704,CCFX,3447.2,3439.4,3449.6,512,529217880,13123,13597,3786.4,3098,3442.2,3440,0.0,3440,0.0,0,0,2017-04-20,34497500,3447.4,1,0,0,0,0,0,0,0,0,3447.8,1,0,0,0,0,0,0,0,0
497,2017-04-20,09:34:58,0,IF1704,CCFX,3447.2,3439.4,3449.6,512,529217880,13123,13597,3786.4,3098,3442.2,3440,0.0,3440,0.0,0,0,2017-04-20,34498000,3447.4,1,0,0,0,0,0,0,0,0,3447.8,1,0,0,0,0,0,0,0,0
498,2017-04-20,09:34:58,500,IF1704,CCFX,3447.2,3439.4,3449.6,513,530252040,13122,13597,3786.4,3098,3442.2,3440,0.0,3440,0.0,0,0,2017-04-20,34498500,3447.4,1,0,0,0,0,0,0,0,0,3447.8,1,0,0,0,0,0,0,0,0
499,2017-04-20,09:34:59,500,IF1704,CCFX,3447.4,3439.4,3449.6,514,531286260,13121,13597,3786.4,3098,3442.2,3440,0.0,3440,0.0,0,0,2017-04-20,34499500,3447.2,2,0,0,0,0,0,0,0,0,3447.8,1,0,0,0,0,0,0,0,0
500,2017-04-20,09:35:00,0,IF1704,CCFX,3447.4,3439.4,3449.6,514,531286260,13121,13597,3786.4,3098,3442.2,3440,0.0,3440,0.0,0,0,2017-04-20,34500000,3447.4,1,0,0,0,0,0,0,0,0,3447.8,1,0,0,0,0,0,0,0,0
501,2017-04-20,09:35:00,500,IF1704,CCFX,3447.8,3439.4,3449.6,515,532320600,13120,13597,3786.4,3098,3442.2,3440,0.0,3440,0.0,0,0,2017-04-20,34500500,3447.4,1,0,0,0,0,0,0,0,0,3448.0,2,0,0,0,0,0,0,0,0
502,2017-04-20,09:35:01,0,IF1704,CCFX,3448.0,3439.4,3449.6,516,533355000,13119,13597,3786.4,3098,3442.2,3440,0.0,3440,0.0,0,0,2017-04-20,34501000,3447.4,1,0,0,0,0,0,0,0,0,3448.0,1,0,0,0,0,0,0,0,0
503,2017-04-20,09:35:01,500,IF1704,CCFX,3448.0,3439.4,3449.6,521,538527180,13114,13597,3786.4,3098,3442.2,3440,0.0,3440,0.0,0,0,2017-04-20,34501500,3447.4,1,0,0,0,0,0,0,0,0,3448.0,2,0,0,0,0,0,0,0,0
504,2017-04-20,09:35:02,0,IF1704,CCFX,3448.0,3439.4,3449.6,521,538527180,13114,13597,3786.4,3098,3442.2,3440,0.0,3440,0.0,0,0,2017-04-20,34502000,3447.4,2,0,0,0,0,0,0,0,0,3448.0,2,0,0,0,0,0,0,0,0
505,2017-04-20,09:35:02,500,IF1704,CCFX,3448.0,3439.4,3449.6,521,538527180,13114,13597,3786.4,3098,3442.2,3440,0.0,3440,0.0,0,0,2017-04-20,34502500,3447.8,2,0,0,0,0,0,0,0,0,3448.0,2,0,0,0,0,0,0,0,0
