,dataDate,dataTime,dataMillisec,instrumentID,exchangeCD,lastPrice,lowPrice,highPrice,volume,value,openInterest,preOpenInterest,upperLimitPrice,lowerLimitPrice,preSettlementPrice,prevClosePrice,settlementPrice,openPrice,closePrice,preDelta,currDelta,clearingDay,milliSecOffset,bidPrice1,bidVolume1,bidPrice2,bidVolume2,bidPrice3,bidVolume3,bidPrice4,bidVolume4,bidPrice5,bidVolume5,askPrice1,askVolume1,askPrice2,askVolume2,askPrice3,askVolume3,askPrice4,askVolume4,askPrice5,askVolume5
0,2017-04-20,00:00:00,0,IH1704,CCFX,2321.8,0.0,0.0,0,0,7687,7687,0.0,0.0,2322.4,2321.8,0.0,0.0,0.0,0,0,2017-04-20,0,0.0,0,0,0,0,0,0,0,0,0,0.0,0,0,0,0,0,0,0,0,0
1,2017-04-20,07:14:14,500,IH1704,CCFX,2321.8,0.0,0.0,0,0,7687,7687,2554.6,2090.2,2322.4,2321.8,0.0,0.0,0.0,0,0,2017-04-20,26054500,0.0,0,0,0,0,0,0,0,0,0,0.0,0,0,0,0,0,0,0,0,0
2,2017-04-20,09:29:00,500,IH1704,CCFX,2323.4,2323.4,2323.4,17,11849340,7670,7687,2554.6,2090.2,2322.4,2321.8,0.0,2323.4,0.0,0,0,2017-04-20,34140500,2321.0,1,0,0,0,0,0,0,0,0,2324.0,5,0,0,0,0,0,0,0,0
3,2017-04-20,09:30:00,500,IH1704,CCFX,2323.4,2323.4,2323.4,17,11849340,7670,7687,2554.6,2090.2,2322.4,2321.8,0.0,2323.4,0.0,0,0,2017-04-20,34200500,2321.2,2,0,0,0,0,0,0,0,0,2323.0,9,0,0,0,0,0,0,0,0
4,2017-04-20,09:30:01,0,IH1704,CCFX,2321.4,2321.2,2323.4,22,15332580,7666,7687,2554.6,2090.2,2322.4,2321.8,0.0,2323.4,0.0,0,0,2017-04-20,34201000,2321.4,1,0,0,0,0,0,0,0,0,2322.8,1,0,0,0,0,0,0,0,0
5,2017-04-20,09:30:01,500,IH1704,CCFX,2321.4,2321.2,2323.4,23,16029000,7665,7687,2554.6,2090.2,2322.4,2321.8,0.0,2323.4,0.0,0,0,2017-04-20,34201500,2321.6,1,0,0,0,0,0,0,0,0,2322.6,1,0,0,0,0,0,0,0,0
6,2017-04-20,09:30:02,0,IH1704,CCFX,2322.6,2321.2,2323.4,24,16725780,7664,7687,2554.6,2090.2,2322.4,2321.8,0.0,2323.4,0.0,0,0,2017-04-20,34202000,2321.8,1,0,0,0,0,0,0,0,0,2322.4,1,0,0,0,0,0,0,0,0
7,2017-04-20,09:30:02,500,IH1704,CCFX,2322.4,2321.2,2323.4,25,17422500,7664,7687,2554.6,2090.2,2322.4,2321.8,0.0,2323.4,0.0,0,0,2017-04-20,34202500,2322.0,1,0,0,0,0,0,0,0,0,2322.6,3,0,0,0,0,0,0,0,0
8,2017-04-20,09:30:03,0,IH1704,CCFX,2322.4,2321.2,2323.4,25,17422500,7664,7687,2554.6,2090.2,2322.4,2321.8,0.0,2323.4,0.0,0,0,2017-04-20,34203000,2322.0,1,0,0,0,0,0,0,0,0,2322.6,3,0,0,0,0,0,0,0,0
9,2017-04-20,09:30:03,500,IH1704,CCFX,2322.0,2321.2,2323.4,26,18119100,7663,7687,2554.6,2090.2,2322.4,2321.8,0.0,2323.4,0.0,0,0,2017-04-20,34203500,2321.6,7,0,0,0,0,0,0,0,0,2322.4,1,0,0,0,0,0,0,0,0
10,2017-04-20,09:30:04,0,IH1704,CCFX,2322.4,2321.2,2323.4,28,19512300,7661,7687,2554.6,2090.2,2322.4,2321.8,0.0,2323.4,0.0,0,0,2017-04-20,34204000,2322.0,1,0,0,0,0,0,0,0,0,2322.6,3,0,0,0,0,0,0,0,0
11,2017-04-20,09:30:04,500,IH1704,CCFX,2322.6,2321.2,2323.4,29,20209080,7660,7687,2554.6,2090.2,2322.4,2321.8,0.0,2323.4,0.0,0,0,2017-04-20,34204500,2322.0,1,0,0,0,0,0,0,0,0,2322.6,2,0,0,0,0,0,0,0,0
12,2017-04-20,09:30:05,0,IH1704,CCFX,2321.6,2321.2,2323.4,31,21602160,7658,7687,2554.6,2090.2,2322.4,2321.8,0.0,2323.4,0.0,0,0,2017-04-20,34205000,2321.6,5,0,0,0,0,0,0,0,0,2322.6,2,0,0,0,0,0,0,0,0
13,2017-04-20,09:30:05,500,IH1704,CCFX,2321.6,2321.2,2323.4,31,21602160,7658,7687,2554.6,2090.2,2322.4,2321.8,0.0,2323.4,0.0,0,0,2017-04-20,34205500,2321.8,1,0,0,0,0,0,0,0,0,2322.6,2,0,0,0,0,0,0,0,0
14,2017-04-20,09:30:06,0,IH1704,CCFX,2322.6,2321.2,2323.4,34,23691960,7655,7687,2554.6,2090.2,2322.4,2321.8,0.0,2323.4,0.0,0,0,2017-04-20,34206000,2322.2,1,0,0,0,0,0,0,0,0,2322.4,1,0,0,0,0,0,0,0,0
15,2017-04-20,09:30:06,500,IH1704,CCFX,2322.2,2321.2,2323.4,35,24388620,7654,7687,2554.6,2090.2,2322.4,2321.8,0.0,2323.4,0.0,0,0,2017-04-20,34206500,2321.6,4,0,0,0,0,0,0,0,0,2322.2,2,0,0,0,0,0,0,0,0
16,2017-04-20,09:30:07,0,IH1704,CCFX,2321.6,2321.2,2323.4,36,25085100,7653,7687,2554.6,2090.2,2322.4,2321.8,0.0,2323.4,0.0,0,0,2017-04-20,34207000,2321.6,3,0,0,0,0,0,0,0,0,2321.8,8,0,0,0,0,0,0,0,0
17,2017-04-20,09:30:07,500,IH1704,CCFX,2321.8,2321.2,2323.4,38,26478120,7651,7687,2554.6,2090.2,2322.4,2321.8,0.0,2323.4,0.0,0,0,2017-04-20,34207500,2321.6,2,0,0,0,0,0,0,0,0,2321.8,7,0,0,0,0,0,0,0,0
18,2017-04-20,09:30:08,0,IH1704,CCFX,2321.8,2321.2,2323.4,39,27174660,7650,7687,2554.6,2090.2,2322.4,2321.8,0.0,2323.4,0.0,0,0,2017-04-20,34208000,2321.6,2,0,0,0,0,0,0,0,0,2321.8,6,0,0,0,0,0,0,0,0
19,2017-04-20,09:30:09,0,IH1704,CCFX,2321.8,2321.2,2323.4,39,27174660,7650,7687,2554.6,2090.2,2322.4,2321.8,0.0,2323.4,0.0,0,0,2017-04-20,34209000,2321.6,2,0,0,0,0,0,0,0,0,2321.8,6,0,0,0,0,0,0,0,0
20,2017-04-20,09:30:09,500,IH1704,CCFX,2321.8,2321.2,2323.4,45,31353840,7644,7687,2554.6,2090.2,2322.4,2321.8,0.0,2323.4,0.0,0,0,2017-04-20,34209500,2321.6,1,0,0,0,0,0,0,0,0,2321.8,1,0,0,0,0,0,0,0,0
21,2017-04-20,09:30:10,0,IH1704,CCFX,2321.8,2321.2,2323.4,46,32050380,7643,7687,2554.6,2090.2,2322.4,2321.8,0.0,2323.4,0.0,0,0,2017-04-20,34210000,2321.6,1,0,0,0,0,0,0,0,0,2322.4,1,0,0,0,0,0,0,0,0
22,2017-04-20,09:30:10,500,IH1704,CCFX,2322.4,2321.2,2323.4,47,32747100,7642,7687,2554.6,2090.2,2322.4,2321.8,0.0,2323.4,0.0,0,0,2017-04-20,34210500,2321.8,1,0,0,0,0,0,0,0,0,2322.6,1,0,0,0,0,0,0,0,0
23,2017-04-20,09:30:11,0,IH1704,CCFX,2322.4,2321.2,2323.4,47,32747100,7642,7687,2554.6,2090.2,2322.4,2321.8,0.0,2323.4,0.0,0,0,2017-04-20,34211000,2321.8,1,0,0,0,0,0,0,0,0,2322.2,1,0,0,0,0,0,0,0,0
24,2017-04-20,09:30:12,0,IH1704,CCFX,2322.4,2321.2,2323.4,47,32747100,7642,7687,2554.6,2090.2,2322.4,2321.8,0.0,2323.4,0.0,0,0,2017-04-20,34212000,2321.8,1,0,0,0,0,0,0,0,0,2322.4,1,0,0,0,0,0,0,0,0
25,2017-04-20,09:30:12,500,IH1704,CCFX,2322.4,2321.2,2323.4,47,32747100,7642,7687,2554.6,2090.2,2322.4,2321.8,0.0,2323.4,0.0,0,0,2017-04-20,34212500,2322.2,2,0,0,0,0,0,0,0,0,2322.4,1,0,0,0,0,0,0,0,0
26,2017-04-20,09:30:13,0,IH1704,CCFX,2322.4,2321.2,2323.4,48,33443820,7641,7687,2554.6,2090.2,2322.4,2321.8,0.0,2323.4,0.0,0,0,2017-04-20,34213000,2322.2,2,0,0,0,0,0,0,0,0,2322.6,1,0,0,0,0,0,0,0,0
27,2017-04-20,09:30:13,500,IH1704,CCFX,2322.4,2321.2,2323.4,48,33443820,7641,7687,2554.6,2090.2,2322.4,2321.8,0.0,2323.4,0.0,0,0,2017-04-20,34213500,2322.2,2,0,0,0,0,0,0,0,0,2322.4,2,0,0,0,0,0,0,0,0
28,2017-04-20,09:30:14,500,IH1704,CCFX,2322.4,2321.2,2323.4,48,33443820,7641,7687,2554.6,2090.2,2322.4,2321.8,0.0,2323.4,0.0,0,0,2017-04-20,34214500,2322.2,2,0,0,0,0,0,0,0,0,2322.4,2,0,0,0,0,0,0,0,0
29,2017-04-20,09:30:15,0,IH1704,CCFX,2322.2,2321.2,2323.4,50,34837140,7641,7687,2554.6,2090.2,2322.4,2321.8,0.0,2323.4,0.0,0,0,2017-04-20,34215000,2322.0,1,0,0,0,0,0,0,0,0,2322.4,1,0,0,0,0,0,0,0,0
30,2017-04-20,09:30:15,500,IH1704,CCFX,2322.2,2321.2,2323.4,50,34837140,7641,7687,2554.6,2090.2,2322.4,2321.8,0.0,2323.4,0.0,0,0,2017-04-20,34215500,2322.0,1,0,0,0,0,0,0,0,0,2322.4,1,0,0,0,0,0,0,0,0
31,2017-04-20,09:30:16,0,IH1704,CCFX,2322.4,2321.2,2323.4,51,35533860,7640,7687,2554.6,2090.2,2322.4,2321.8,0.0,2323.4,0.0,0,0,2017-04-20,34216000,2322.4,4,0,0,0,0,0,0,0,0,2322.6,1,0,0,0,0,0,0,0,0
32,2017-04-20,09:30:17,0,IH1704,CCFX,2322.4,2321.2,2323.4,52,36230580,7639,7687,2554.6,2090.2,2322.4,2321.8,0.0,2323.4,0.0,0,0,2017-04-20,34217000,2322.4,3,0,0,0,0,0,0,0,0,2322.6,1,0,0,0,0,0,0,0,0
33,2017-04-20,09:30:17,500,IH1704,CCFX,2322.4,2321.2,2323.4,53,36927300,7638,7687,2554.6,2090.2,2322.4,2321.8,0.0,2323.4,0.0,0,0,2017-04-20,34217500,2322.4,2,0,0,0,0,0,0,0,0,2322.6,1,0,0,0,0,0,0,0,0
34,2017-04-20,09:30:18,0,IH1704,CCFX,2322.4,2321.2,2323.4,54,37624020,7637,7687,2554.6,2090.2,2322.4,2321.8,0.0,2323.4,0.0,0,0,2017-04-20,34218000,2322.4,1,0,0,0,0,0,0,0,0,2322.6,1,0,0,0,0,0,0,0,0
35,2017-04-20,09:30:19,0,IH1704,CCFX,2322.4,2321.2,2323.4,55,38320740,7636,7687,2554.6,2090.2,2322.4,2321.8,0.0,2323.4,0.0,0,0,2017-04-20,34219000,2322.0,1,0,0,0,0,0,0,0,0,2322.6,1,0,0,0,0,0,0,0,0
36,2017-04-20,09:30:19,500,IH1704,CCFX,2322.4,2321.2,2323.4,55,38320740,7636,7687,2554.6,2090.2,2322.4,2321.8,0.0,2323.4,0.0,0,0,2017-04-20,34219500,2322.0,1,0,0,0,0,0,0,0,0,2322.6,1,0,0,0,0,0,0,0,0
37,2017-04-20,09:30:20,0,IH1704,CCFX,2322.4,2321.2,2323.4,55,38320740,7636,7687,2554.6,2090.2,2322.4,2321.8,0.0,2323.4,0.0,0,0,2017-04-20,34220000,2322.0,1,0,0,0,0,0,0,0,0,2322.6,1,0,0,0,0,0,0,0,0
38,2017-04-20,09:30:20,500,IH1704,CCFX,2322.4,2321.2,2323.4,55,38320740,7636,7687,2554.6,2090.2,2322.4,2321.8,0.0,2323.4,0.0,0,0,2017-04-20,34220500,2322.4,1,0,0,0,0,0,0,0,0,2322.6,1,0,0,0,0,0,0,0,0
39,2017-04-20,09:30:22,0,IH1704,CCFX,2322.4,2321.2,2323.4,55,38320740,7636,7687,2554.6,2090.2,2322.4,2321.8,0.0,2323.4,0.0,0,0,2017-04-20,34222000,2322.4,1,0,0,0,0,0,0,0,0,2322.6,1,0,0,0,0,0,0,0,0
40,2017-04-20,09:30:22,500,IH1704,CCFX,2322.6,2321.2,2323.4,56,39017520,7635,7687,2554.6,2090.2,2322.4,2321.8,0.0,2323.4,0.0,0,0,2017-04-20,34222500,2322.4,1,0,0,0,0,0,0,0,0,2323.4,1,0,0,0,0,0,0,0,0
41,2017-04-20,09:30:23,0,IH1704,CCFX,2322.6,2321.2,2323.4,56,39017520,7635,7687,2554.6,2090.2,2322.4,2321.8,0.0,2323.4,0.0,0,0,2017-04-20,34223000,2322.6,1,0,0,0,0,0,0,0,0,2323.2,1,0,0,0,0,0,0,0,0
42,2017-04-20,09:30:23,500,IH1704,CCFX,2323.2,2321.2,2323.4,58,40411260,7633,7687,2554.6,2090.2,2322.4,2321.8,0.0,2323.4,0.0,0,0,2017-04-20,34223500,2322.4,1,0,0,0,0,0,0,0,0,2323.4,1,0,0,0,0,0,0,0,0
43,2017-04-20,09:30:24,0,IH1704,CCFX,2323.2,2321.2,2323.4,58,40411260,7633,7687,2554.6,2090.2,2322.4,2321.8,0.0,2323.4,0.0,0,0,2017-04-20,34224000,2322.6,1,0,0,0,0,0,0,0,0,2323.4,1,0,0,0,0,0,0,0,0
44,2017-04-20,09:30:24,500,IH1704,CCFX,2322.6,2321.2,2323.4,59,41108040,7632,7687,2554.6,2090.2,2322.4,2321.8,0.0,2323.4,0.0,0,0,2017-04-20,34224500,2322.4,1,0,0,0,0,0,0,0,0,2323.4,1,0,0,0,0,0,0,0,0
45,2017-04-20,09:30:25,0,IH1704,CCFX,2322.6,2321.2,2323.4,59,41108040,7632,7687,2554.6,2090.2,2322.4,2321.8,0.0,2323.4,0.0,0,0,2017-04-20,34225000,2322.4,1,0,0,0,0,0,0,0,0,2322.8,1,0,0,0,0,0,0,0,0
46,2017-04-20,09:30:25,500,IH1704,CCFX,2322.4,2321.2,2323.4,60,41804760,7631,7687,2554.6,2090.2,2322.4,2321.8,0.0,2323.4,0.0,0,0,2017-04-20,34225500,2322.4,1,0,0,0,0,0,0,0,0,2322.8,1,0,0,0,0,0,0,0,0
47,2017-04-20,09:30:28,0,IH1704,CCFX,2322.8,2321.2,2323.4,61,42501600,7630,7687,2554.6,2090.2,2322.4,2321.8,0.0,2323.4,0.0,0,0,2017-04-20,34228000,2322.8,1,0,0,0,0,0,0,0,0,2323.4,1,0,0,0,0,0,0,0,0
48,2017-04-20,09:30:28,500,IH1704,CCFX,2322.8,2321.2,2323.4,61,42501600,7630,7687,2554.6,2090.2,2322.4,2321.8,0.0,2323.4,0.0,0,0,2017-04-20,34228500,2322.8,1,0,0,0,0,0,0,0,0,2323.2,1,0,0,0,0,0,0,0,0
49,2017-04-20,09:30:29,0,IH1704,CCFX,2322.8,2321.2,2323.4,62,43198440,7629,7687,2554.6,2090.2,2322.4,2321.8,0.0,2323.4,0.0,0,0,2017-04-20,34229000,2322.4,1,0,0,0,0,0,0,0,0,2322.8,1,0,0,0,0,0,0,0,0
50,2017-04-20,09:30:29,500,IH1704,CCFX,2322.8,2321.2,2323.4,62,43198440,7629,7687,2554.6,2090.2,2322.4,2321.8,0.0,2323.4,0.0,0,0,2017-04-20,34229500,2322.4,1,0,0,0,0,0,0,0,0,2322.6,1,0,0,0,0,0,0,0,0
51,2017-04-20,09:30:30,500,IH1704,CCFX,2322.8,2321.2,2323.4,62,43198440,7629,7687,2554.6,2090.2,2322.4,2321.8,0.0,2323.4,0.0,0,0,2017-04-20,34230500,2322.4,1,0,0,0,0,0,0,0,0,2322.6,1,0,0,0,0,0,0,0,0
52,2017-04-20,09:30:31,0,IH1704,CCFX,2322.6,2321.2,2323.4,63,43895220,7628,7687,2554.6,2090.2,2322.4,2321.8,0.0,2323.4,0.0,0,0,2017-04-20,34231000,2322.4,1,0,0,0,0,0,0,0,0,2322.8,1,0,0,0,0,0,0,0,0
53,2017-04-20,09:30:31,500,IH1704,CCFX,2322.4,2321.2,2323.4,64,44591940,7627,7687,2554.6,2090.2,2322.4,2321.8,0.0,2323.4,0.0,0,0,2017-04-20,34231500,2322.2,1,0,0,0,0,0,0,0,0,2323.0,1,0,0,0,0,0,0,0,0
54,2017-04-20,09:30:32,0,IH1704,CCFX,2322.4,2321.2,2323.4,64,44591940,7627,7687,2554.6,2090.2,2322.4,2321.8,0.0,2323.4,0.0,0,0,2017-04-20,34232000,2322.2,1,0,0,0,0,0,0,0,0,2323.0,1,0,0,0,0,0,0,0,0
55,2017-04-20,09:30:33,0,IH1704,CCFX,2322.4,2321.2,2323.4,64,44591940,7627,7687,2554.6,2090.2,2322.4,2321.8,0.0,2323.4,0.0,0,0,2017-04-20,34233000,2322.2,1,0,0,0,0,0,0,0,0,2323.0,1,0,0,0,0,0,0,0,0
56,2017-04-20,09:30:33,500,IH1704,CCFX,2322.4,2321.2,2323.4,64,44591940,7627,7687,2554.6,2090.2,2322.4,2321.8,0.0,2323.4,0.0,0,0,2017-04-20,34233500,2322.2,1,0,0,0,0,0,0,0,0,2323.0,1,0,0,0,0,0,0,0,0
57,2017-04-20,09:30:34,0,IH1704,CCFX,2322.4,2321.2,2323.4,64,44591940,7627,7687,2554.6,2090.2,2322.4,2321.8,0.0,2323.4,0.0,0,0,2017-04-20,34234000,2322.4,1,0,0,0,0,0,0,0,0,2322.8,1,0,0,0,0,0,0,0,0
58,2017-04-20,09:30:35,0,IH1704,CCFX,2322.4,2321.2,2323.4,64,44591940,7627,7687,2554.6,2090.2,2322.4,2321.8,0.0,2323.4,0.0,0,0,2017-04-20,34235000,2322.2,1,0,0,0,0,0,0,0,0,2322.8,1,0,0,0,0,0,0,0,0
59,2017-04-20,09:30:36,500,IH1704,CCFX,2322.4,2321.2,2323.4,64,44591940,7627,7687,2554.6,2090.2,2322.4,2321.8,0.0,2323.4,0.0,0,0,2017-04-20,34236500,2322.4,1,0,0,0,0,0,0,0,0,2322.8,1,0,0,0,0,0,0,0,0
60,2017-04-20,09:30:37,500,IH1704,CCFX,2322.4,2321.2,2323.4,64,44591940,7627,7687,2554.6,2090.2,2322.4,2321.8,0.0,2323.4,0.0,0,0,2017-04-20,34237500,2322.6,1,0,0,0,0,0,0,0,0,2322.8,1,0,0,0,0,0,0,0,0
61,2017-04-20,09:30:39,0,IH1704,CCFX,2322.4,2321.2,2323.4,64,44591940,7627,7687,2554.6,2090.2,2322.4,2321.8,0.0,2323.4,0.0,0,0,2017-04-20,34239000,2322.6,1,0,0,0,0,0,0,0,0,2323.0,1,0,0,0,0,0,0,0,0
62,2017-04-20,09:30:45,0,IH1704,CCFX,2323.0,2321.2,2323.4,65,45288840,7626,7687,2554.6,2090.2,2322.4,2321.8,0.0,2323.4,0.0,0,0,2017-04-20,34245000,2322.6,1,0,0,0,0,0,0,0,0,2323.4,1,0,0,0,0,0,0,0,0
63,2017-04-20,09:30:46,0,IH1704,CCFX,2322.6,2321.2,2323.4,66,45985620,7626,7687,2554.6,2090.2,2322.4,2321.8,0.0,2323.4,0.0,0,0,2017-04-20,34246000,2322.4,2,0,0,0,0,0,0,0,0,2323.2,1,0,0,0,0,0,0,0,0
64,2017-04-20,09:30:46,500,IH1704,CCFX,2322.4,2321.2,2323.4,67,46682340,7625,7687,2554.6,2090.2,2322.4,2321.8,0.0,2323.4,0.0,0,0,2017-04-20,34246500,2322.4,1,0,0,0,0,0,0,0,0,2323.2,1,0,0,0,0,0,0,0,0
65,2017-04-20,09:30:47,0,IH1704,CCFX,2322.4,2321.2,2323.4,67,46682340,7625,7687,2554.6,2090.2,2322.4,2321.8,0.0,2323.4,0.0,0,0,2017-04-20,34247000,2322.2,1,0,0,0,0,0,0,0,0,2323.2,1,0,0,0,0,0,0,0,0
66,2017-04-20,09:30:48,0,IH1704,CCFX,2322.4,2321.2,2323.4,67,46682340,7625,7687,2554.6,2090.2,2322.4,2321.8,0.0,2323.4,0.0,0,0,2017-04-20,34248000,2322.4,1,0,0,0,0,0,0,0,0,2322.6,1,0,0,0,0,0,0,0,0
67,2017-04-20,09:30:49,500,IH1704,CCFX,2322.4,2321.2,2323.4,68,47379060,7624,7687,2554.6,2090.2,2322.4,2321.8,0.0,2323.4,0.0,0,0,2017-04-20,34249500,2322.2,1,0,0,0,0,0,0,0,0,2322.6,1,0,0,0,0,0,0,0,0
68,2017-04-20,09:30:52,0,IH1704,CCFX,2322.4,2321.2,2323.4,68,47379060,7624,7687,2554.6,2090.2,2322.4,2321.8,0.0,2323.4,0.0,0,0,2017-04-20,34252000,2322.2,2,0,0,0,0,0,0,0,0,2322.6,1,0,0,0,0,0,0,0,0
69,2017-04-20,09:30:54,0,IH1704,CCFX,2322.4,2321.2,2323.4,69,48075780,7623,7687,2554.6,2090.2,2322.4,2321.8,0.0,2323.4,0.0,0,0,2017-04-20,34254000,2322.2,2,0,0,0,0,0,0,0,0,2322.6,1,0,0,0,0,0,0,0,0
70,2017-04-20,09:30:54,500,IH1704,CCFX,2322.6,2321.2,2323.4,70,48772560,7622,7687,2554.6,2090.2,2322.4,2321.8,0.0,2323.4,0.0,0,0,2017-04-20,34254500,2322.2,2,0,0,0,0,0,0,0,0,2323.2,1,0,0,0,0,0,0,0,0
71,2017-04-20,09:30:55,500,IH1704,CCFX,2322.6,2321.2,2323.4,70,48772560,7622,7687,2554.6,2090.2,2322.4,2321.8,0.0,2323.4,0.0,0,0,2017-04-20,34255500,2322.4,1,0,0,0,0,0,0,0,0,2323.2,1,0,0,0,0,0,0,0,0
72,2017-04-20,09:30:56,500,IH1704,CCFX,2323.2,2321.2,2323.4,71,49469520,7621,7687,2554.6,2090.2,2322.4,2321.8,0.0,2323.4,0.0,0,0,2017-04-20,34256500,2322.4,1,0,0,0,0,0,0,0,0,2323.4,1,0,0,0,0,0,0,0,0
73,2017-04-20,09:30:57,0,IH1704,CCFX,2323.2,2321.2,2323.4,71,49469520,7621,7687,2554.6,2090.2,2322.4,2321.8,0.0,2323.4,0.0,0,0,2017-04-20,34257000,2322.4,1,0,0,0,0,0,0,0,0,2323.2,1,0,0,0,0,0,0,0,0
74,2017-04-20,09:30:57,500,IH1704,CCFX,2323.2,2321.2,2323.4,72,50166480,7620,7687,2554.6,2090.2,2322.4,2321.8,0.0,2323.4,0.0,0,0,2017-04-20,34257500,2322.4,1,0,0,0,0,0,0,0,0,2323.4,1,0,0,0,0,0,0,0,0
75,2017-04-20,09:30:58,0,IH1704,CCFX,2323.2,2321.2,2323.4,72,50166480,7620,7687,2554.6,2090.2,2322.4,2321.8,0.0,2323.4,0.0,0,0,2017-04-20,34258000,2322.6,2,0,0,0,0,0,0,0,0,2323.2,1,0,0,0,0,0,0,0,0
76,2017-04-20,09:30:58,500,IH1704,CCFX,2323.2,2321.2,2323.4,72,50166480,7620,7687,2554.6,2090.2,2322.4,2321.8,0.0,2323.4,0.0,0,0,2017-04-20,34258500,2322.6,2,0,0,0,0,0,0,0,0,2323.2,1,0,0,0,0,0,0,0,0
77,2017-04-20,09:31:00,0,IH1704,CCFX,2323.2,2321.2,2323.4,72,50166480,7620,7687,2554.6,2090.2,2322.4,2321.8,0.0,2323.4,0.0,0,0,2017-04-20,34260000,2322.6,2,0,0,0,0,0,0,0,0,2323.4,1,0,0,0,0,0,0,0,0
78,2017-04-20,09:31:00,500,IH1704,CCFX,2323.4,2321.2,2323.4,74,51560280,7618,7687,2554.6,2090.2,2322.4,2321.8,0.0,2323.4,0.0,0,0,2017-04-20,34260500,2322.6,1,0,0,0,0,0,0,0,0,2323.0,1,0,0,0,0,0,0,0,0
79,2017-04-20,09:31:01,0,IH1704,CCFX,2323.4,2321.2,2323.4,74,51560280,7618,7687,2554.6,2090.2,2322.4,2321.8,0.0,2323.4,0.0,0,0,2017-04-20,34261000,2322.6,1,0,0,0,0,0,0,0,0,2323.0,1,0,0,0,0,0,0,0,0
80,2017-04-20,09:31:01,500,IH1704,CCFX,2323.4,2321.2,2323.4,74,51560280,7618,7687,2554.6,2090.2,2322.4,2321.8,0.0,2323.4,0.0,0,0,2017-04-20,34261500,2322.8,2,0,0,0,0,0,0,0,0,2323.0,1,0,0,0,0,0,0,0,0
81,2017-04-20,09:31:02,0,IH1704,CCFX,2323.4,2321.2,2323.4,74,51560280,7618,7687,2554.6,2090.2,2322.4,2321.8,0.0,2323.4,0.0,0,0,2017-04-20,34262000,2322.8,1,0,0,0,0,0,0,0,0,2323.0,1,0,0,0,0,0,0,0,0
82,2017-04-20,09:31:02,500,IH1704,CCFX,2322.8,2321.2,2323.4,75,52257120,7617,7687,2554.6,2090.2,2322.4,2321.8,0.0,2323.4,0.0,0,0,2017-04-20,34262500,2322.6,1,0,0,0,0,0,0,0,0,2323.0,1,0,0,0,0,0,0,0,0
83,2017-04-20,09:31:04,0,IH1704,CCFX,2322.8,2321.2,2323.4,75,52257120,7617,7687,2554.6,2090.2,2322.4,2321.8,0.0,2323.4,0.0,0,0,2017-04-20,34264000,2322.8,1,0,0,0,0,0,0,0,0,2323.0,1,0,0,0,0,0,0,0,0
84,2017-04-20,09:31:04,500,IH1704,CCFX,2322.8,2321.2,2323.4,76,52953960,7616,7687,2554.6,2090.2,2322.4,2321.8,0.0,2323.4,0.0,0,0,2017-04-20,34264500,2322.4,1,0,0,0,0,0,0,0,0,2323.0,1,0,0,0,0,0,0,0,0
85,2017-04-20,09:31:05,0,IH1704,CCFX,2323.0,2321.2,2323.4,77,53650860,7615,7687,2554.6,2090.2,2322.4,2321.8,0.0,2323.4,0.0,0,0,2017-04-20,34265000,2322.6,1,0,0,0,0,0,0,0,0,2323.6,1,0,0,0,0,0,0,0,0
86,2017-04-20,09:31:06,0,IH1704,CCFX,2323.0,2321.2,2323.4,77,53650860,7615,7687,2554.6,2090.2,2322.4,2321.8,0.0,2323.4,0.0,0,0,2017-04-20,34266000,2322.6,1,0,0,0,0,0,0,0,0,2323.4,1,0,0,0,0,0,0,0,0
87,2017-04-20,09:31:07,0,IH1704,CCFX,2323.0,2321.2,2323.4,77,53650860,7615,7687,2554.6,2090.2,2322.4,2321.8,0.0,2323.4,0.0,0,0,2017-04-20,34267000,2322.8,1,0,0,0,0,0,0,0,0,2323.4,1,0,0,0,0,0,0,0,0
88,2017-04-20,09:31:07,500,IH1704,CCFX,2322.8,2321.2,2323.4,78,54347700,7614,7687,2554.6,2090.2,2322.4,2321.8,0.0,2323.4,0.0,0,0,2017-04-20,34267500,2322.6,1,0,0,0,0,0,0,0,0,2323.4,1,0,0,0,0,0,0,0,0
89,2017-04-20,09:31:09,0,IH1704,CCFX,2323.4,2321.2,2323.4,79,55044720,7613,7687,2554.6,2090.2,2322.4,2321.8,0.0,2323.4,0.0,0,0,2017-04-20,34269000,2322.6,1,0,0,0,0,0,0,0,0,2323.6,1,0,0,0,0,0,0,0,0
90,2017-04-20,09:31:09,500,IH1704,CCFX,2323.4,2321.2,2323.4,79,55044720,7613,7687,2554.6,2090.2,2322.4,2321.8,0.0,2323.4,0.0,0,0,2017-04-20,34269500,2322.6,1,0,0,0,0,0,0,0,0,2323.4,1,0,0,0,0,0,0,0,0
91,2017-04-20,09:31:11,500,IH1704,CCFX,2323.4,2321.2,2323.4,79,55044720,7613,7687,2554.6,2090.2,2322.4,2321.8,0.0,2323.4,0.0,0,0,2017-04-20,34271500,2322.8,1,0,0,0,0,0,0,0,0,2323.2,1,0,0,0,0,0,0,0,0
92,2017-04-20,09:31:12,0,IH1704,CCFX,2323.4,2321.2,2323.4,79,55044720,7613,7687,2554.6,2090.2,2322.4,2321.8,0.0,2323.4,0.0,0,0,2017-04-20,34272000,2322.8,1,0,0,0,0,0,0,0,0,2323.2,2,0,0,0,0,0,0,0,0
93,2017-04-20,09:31:12,500,IH1704,CCFX,2323.4,2321.2,2323.4,81,56438760,7611,7687,2554.6,2090.2,2322.4,2321.8,0.0,2323.4,0.0,0,0,2017-04-20,34272500,2322.8,1,0,0,0,0,0,0,0,0,2323.4,1,0,0,0,0,0,0,0,0
94,2017-04-20,09:31:13,500,IH1704,CCFX,2323.4,2321.2,2323.4,82,57135780,7610,7687,2554.6,2090.2,2322.4,2321.8,0.0,2323.4,0.0,0,0,2017-04-20,34273500,2322.8,1,0,0,0,0,0,0,0,0,2323.6,1,0,0,0,0,0,0,0,0
95,2017-04-20,09:31:15,0,IH1704,CCFX,2323.4,2321.2,2323.4,82,57135780,7610,7687,2554.6,2090.2,2322.4,2321.8,0.0,2323.4,0.0,0,0,2017-04-20,34275000,2322.8,1,0,0,0,0,0,0,0,0,2323.6,1,0,0,0,0,0,0,0,0
96,2017-04-20,09:31:15,500,IH1704,CCFX,2323.4,2321.2,2323.4,82,57135780,7610,7687,2554.6,2090.2,2322.4,2321.8,0.0,2323.4,0.0,0,0,2017-04-20,34275500,2322.8,1,0,0,0,0,0,0,0,0,2323.6,1,0,0,0,0,0,0,0,0
97,2017-04-20,09:31:16,0,IH1704,CCFX,2323.4,2321.2,2323.4,82,57135780,7610,7687,2554.6,2090.2,2322.4,2321.8,0.0,2323.4,0.0,0,0,2017-04-20,34276000,2323.4,1,0,0,0,0,0,0,0,0,2323.6,1,0,0,0,0,0,0,0,0
98,2017-04-20,09:31:16,500,IH1704,CCFX,2322.8,2321.2,2323.4,84,58529640,7608,7687,2554.6,2090.2,2322.4,2321.8,0.0,2323.4,0.0,0,0,2017-04-20,34276500,2322.4,1,0,0,0,0,0,0,0,0,2323.4,3,0,0,0,0,0,0,0,0
99,2017-04-20,09:31:17,500,IH1704,CCFX,2323.4,2321.2,2323.4,85,59226660,7607,7687,2554.6,2090.2,2322.4,2321.8,0.0,2323.4,0.0,0,0,2017-04-20,34277500,2322.6,1,0,0,0,0,0,0,0,0,2323.4,2,0,0,0,0,0,0,0,0
100,2017-04-20,09:31:18,0,IH1704,CCFX,2323.4,2321.2,2323.4,85,59226660,7607,7687,2554.6,2090.2,2322.4,2321.8,0.0,2323.4,0.0,0,0,2017-04-20,34278000,2322.6,1,0,0,0,0,0,0,0,0,2323.2,1,0,0,0,0,0,0,0,0
101,2017-04-20,09:31:21,500,IH1704,CCFX,2323.4,2321.2,2323.4,85,59226660,7607,7687,2554.6,2090.2,2322.4,2321.8,0.0,2323.4,0.0,0,0,2017-04-20,34281500,2322.6,1,0,0,0,0,0,0,0,0,2323.4,2,0,0,0,0,0,0,0,0
102,2017-04-20,09:31:22,0,IH1704,CCFX,2323.4,2321.2,2323.4,86,59923680,7606,7687,2554.6,2090.2,2322.4,2321.8,0.0,2323.4,0.0,0,0,2017-04-20,34282000,2323.0,1,0,0,0,0,0,0,0,0,2323.4,1,0,0,0,0,0,0,0,0
103,2017-04-20,09:31:22,500,IH1704,CCFX,2323.0,2321.2,2323.4,87,60620580,7605,7687,2554.6,2090.2,2322.4,2321.8,0.0,2323.4,0.0,0,0,2017-04-20,34282500,2322.6,2,0,0,0,0,0,0,0,0,2323.4,1,0,0,0,0,0,0,0,0
104,2017-04-20,09:31:23,500,IH1704,CCFX,2323.0,2321.2,2323.4,87,60620580,7605,7687,2554.6,2090.2,2322.4,2321.8,0.0,2323.4,0.0,0,0,2017-04-20,34283500,2322.6,2,0,0,0,0,0,0,0,0,2322.8,1,0,0,0,0,0,0,0,0
105,2017-04-20,09:31:24,0,IH1704,CCFX,2322.8,2321.2,2323.4,88,61317420,7604,7687,2554.6,2090.2,2322.4,2321.8,0.0,2323.4,0.0,0,0,2017-04-20,34284000,2322.8,1,0,0,0,0,0,0,0,0,2323.4,1,0,0,0,0,0,0,0,0
106,2017-04-20,09:31:25,0,IH1704,CCFX,2322.8,2321.2,2323.4,88,61317420,7604,7687,2554.6,2090.2,2322.4,2321.8,0.0,2323.4,0.0,0,0,2017-04-20,34285000,2322.6,2,0,0,0,0,0,0,0,0,2323.4,1,0,0,0,0,0,0,0,0
107,2017-04-20,09:31:26,0,IH1704,CCFX,2322.8,2321.2,2323.4,88,61317420,7604,7687,2554.6,2090.2,2322.4,2321.8,0.0,2323.4,0.0,0,0,2017-04-20,34286000,2322.6,2,0,0,0,0,0,0,0,0,2323.4,1,0,0,0,0,0,0,0,0
108,2017-04-20,09:31:26,500,IH1704,CCFX,2323.4,2321.2,2323.4,89,62014440,7603,7687,2554.6,2090.2,2322.4,2321.8,0.0,2323.4,0.0,0,0,2017-04-20,34286500,2322.6,2,0,0,0,0,0,0,0,0,2323.6,1,0,0,0,0,0,0,0,0
109,2017-04-20,09:31:27,0,IH1704,CCFX,2323.4,2321.2,2323.4,89,62014440,7603,7687,2554.6,2090.2,2322.4,2321.8,0.0,2323.4,0.0,0,0,2017-04-20,34287000,2322.6,2,0,0,0,0,0,0,0,0,2323.4,1,0,0,0,0,0,0,0,0
110,2017-04-20,09:31:27,500,IH1704,CCFX,2323.4,2321.2,2323.4,89,62014440,7603,7687,2554.6,2090.2,2322.4,2321.8,0.0,2323.4,0.0,0,0,2017-04-20,34287500,2322.6,2,0,0,0,0,0,0,0,0,2323.4,1,0,0,0,0,0,0,0,0
111,2017-04-20,09:31:28,0,IH1704,CCFX,2323.4,2321.2,2323.4,89,62014440,7603,7687,2554.6,2090.2,2322.4,2321.8,0.0,2323.4,0.0,0,0,2017-04-20,34288000,2322.6,2,0,0,0,0,0,0,0,0,2323.4,1,0,0,0,0,0,0,0,0
112,2017-04-20,09:31:28,500,IH1704,CCFX,2323.4,2321.2,2323.4,89,62014440,7603,7687,2554.6,2090.2,2322.4,2321.8,0.0,2323.4,0.0,0,0,2017-04-20,34288500,2322.8,1,0,0,0,0,0,0,0,0,2323.4,1,0,0,0,0,0,0,0,0
113,2017-04-20,09:31:29,0,IH1704,CCFX,2323.4,2321.2,2323.4,89,62014440,7603,7687,2554.6,2090.2,2322.4,2321.8,0.0,2323.4,0.0,0,0,2017-04-20,34289000,2322.8,1,0,0,0,0,0,0,0,0,2323.2,1,0,0,0,0,0,0,0,0
114,2017-04-20,09:31:29,500,IH1704,CCFX,2323.4,2321.2,2323.4,89,62014440,7603,7687,2554.6,2090.2,2322.4,2321.8,0.0,2323.4,0.0,0,0,2017-04-20,34289500,2322.8,1,0,0,0,0,0,0,0,0,2323.2,1,0,0,0,0,0,0,0,0
115,2017-04-20,09:31:30,0,IH1704,CCFX,2323.4,2321.2,2323.4,89,62014440,7603,7687,2554.6,2090.2,2322.4,2321.8,0.0,2323.4,0.0,0,0,2017-04-20,34290000,2322.8,1,0,0,0,0,0,0,0,0,2323.2,1,0,0,0,0,0,0,0,0
116,2017-04-20,09:31:30,500,IH1704,CCFX,2323.4,2321.2,2323.4,89,62014440,7603,7687,2554.6,2090.2,2322.4,2321.8,0.0,2323.4,0.0,0,0,2017-04-20,34290500,2322.8,1,0,0,0,0,0,0,0,0,2323.2,1,0,0,0,0,0,0,0,0
117,2017-04-20,09:31:31,0,IH1704,CCFX,2323.4,2321.2,2323.4,91,63408480,7601,7687,2554.6,2090.2,2322.4,2321.8,0.0,2323.4,0.0,0,0,2017-04-20,34291000,2322.8,1,0,0,0,0,0,0,0,0,2323.6,1,0,0,0,0,0,0,0,0
118,2017-04-20,09:31:34,0,IH1704,CCFX,2323.4,2321.2,2323.4,91,63408480,7601,7687,2554.6,2090.2,2322.4,2321.8,0.0,2323.4,0.0,0,0,2017-04-20,34294000,2323.0,1,0,0,0,0,0,0,0,0,2323.6,1,0,0,0,0,0,0,0,0
119,2017-04-20,09:31:34,500,IH1704,CCFX,2323.6,2321.2,2323.6,92,64105560,7600,7687,2554.6,2090.2,2322.4,2321.8,0.0,2323.4,0.0,0,0,2017-04-20,34294500,2323.0,1,0,0,0,0,0,0,0,0,2323.8,4,0,0,0,0,0,0,0,0
120,2017-04-20,09:31:35,0,IH1704,CCFX,2323.6,2321.2,2323.6,92,64105560,7600,7687,2554.6,2090.2,2322.4,2321.8,0.0,2323.4,0.0,0,0,2017-04-20,34295000,2323.2,1,0,0,0,0,0,0,0,0,2323.8,4,0,0,0,0,0,0,0,0
121,2017-04-20,09:31:35,500,IH1704,CCFX,2323.6,2321.2,2323.6,92,64105560,7600,7687,2554.6,2090.2,2322.4,2321.8,0.0,2323.4,0.0,0,0,2017-04-20,34295500,2323.2,1,0,0,0,0,0,0,0,0,2323.8,4,0,0,0,0,0,0,0,0
122,2017-04-20,09:31:36,0,IH1704,CCFX,2323.6,2321.2,2323.6,92,64105560,7600,7687,2554.6,2090.2,2322.4,2321.8,0.0,2323.4,0.0,0,0,2017-04-20,34296000,2323.2,1,0,0,0,0,0,0,0,0,2323.4,1,0,0,0,0,0,0,0,0
123,2017-04-20,09:31:37,500,IH1704,CCFX,2323.4,2321.2,2323.6,93,64802580,7599,7687,2554.6,2090.2,2322.4,2321.8,0.0,2323.4,0.0,0,0,2017-04-20,34297500,2323.2,1,0,0,0,0,0,0,0,0,2323.8,4,0,0,0,0,0,0,0,0
124,2017-04-20,09:31:38,0,IH1704,CCFX,2323.2,2321.2,2323.6,94,65499540,7598,7687,2554.6,2090.2,2322.4,2321.8,0.0,2323.4,0.0,0,0,2017-04-20,34298000,2323.0,1,0,0,0,0,0,0,0,0,2323.8,4,0,0,0,0,0,0,0,0
125,2017-04-20,09:31:38,500,IH1704,CCFX,2323.2,2321.2,2323.6,94,65499540,7598,7687,2554.6,2090.2,2322.4,2321.8,0.0,2323.4,0.0,0,0,2017-04-20,34298500,2323.0,1,0,0,0,0,0,0,0,0,2323.8,4,0,0,0,0,0,0,0,0
126,2017-04-20,09:31:39,500,IH1704,CCFX,2323.2,2321.2,2323.6,94,65499540,7598,7687,2554.6,2090.2,2322.4,2321.8,0.0,2323.4,0.0,0,0,2017-04-20,34299500,2323.2,1,0,0,0,0,0,0,0,0,2323.8,4,0,0,0,0,0,0,0,0
127,2017-04-20,09:31:43,500,IH1704,CCFX,2323.2,2321.2,2323.8,96,66893640,7597,7687,2554.6,2090.2,2322.4,2321.8,0.0,2323.4,0.0,0,0,2017-04-20,34303500,2323.0,1,0,0,0,0,0,0,0,0,2323.8,3,0,0,0,0,0,0,0,0
128,2017-04-20,09:31:44,0,IH1704,CCFX,2323.8,2321.2,2323.8,97,67590780,7596,7687,2554.6,2090.2,2322.4,2321.8,0.0,2323.4,0.0,0,0,2017-04-20,34304000,2323.4,1,0,0,0,0,0,0,0,0,2323.8,2,0,0,0,0,0,0,0,0
129,2017-04-20,09:31:44,500,IH1704,CCFX,2323.4,2321.2,2323.8,99,68984940,7594,7687,2554.6,2090.2,2322.4,2321.8,0.0,2323.4,0.0,0,0,2017-04-20,34304500,2323.0,1,0,0,0,0,0,0,0,0,2323.8,1,0,0,0,0,0,0,0,0
130,2017-04-20,09:31:45,500,IH1704,CCFX,2323.4,2321.2,2323.8,99,68984940,7594,7687,2554.6,2090.2,2322.4,2321.8,0.0,2323.4,0.0,0,0,2017-04-20,34305500,2323.0,1,0,0,0,0,0,0,0,0,2323.8,1,0,0,0,0,0,0,0,0
131,2017-04-20,09:31:46,0,IH1704,CCFX,2323.4,2321.2,2323.8,99,68984940,7594,7687,2554.6,2090.2,2322.4,2321.8,0.0,2323.4,0.0,0,0,2017-04-20,34306000,2323.0,1,0,0,0,0,0,0,0,0,2323.6,2,0,0,0,0,0,0,0,0
132,2017-04-20,09:31:46,500,IH1704,CCFX,2323.4,2321.2,2323.8,99,68984940,7594,7687,2554.6,2090.2,2322.4,2321.8,0.0,2323.4,0.0,0,0,2017-04-20,34306500,2323.4,1,0,0,0,0,0,0,0,0,2323.6,2,0,0,0,0,0,0,0,0
133,2017-04-20,09:31:47,0,IH1704,CCFX,2323.4,2321.2,2323.8,99,68984940,7594,7687,2554.6,2090.2,2322.4,2321.8,0.0,2323.4,0.0,0,0,2017-04-20,34307000,2323.4,1,0,0,0,0,0,0,0,0,2323.6,2,0,0,0,0,0,0,0,0
134,2017-04-20,09:31:49,0,IH1704,CCFX,2323.4,2321.2,2323.8,100,69681960,7593,7687,2554.6,2090.2,2322.4,2321.8,0.0,2323.4,0.0,0,0,2017-04-20,34309000,2323.0,1,0,0,0,0,0,0,0,0,2323.6,2,0,0,0,0,0,0,0,0
135,2017-04-20,09:31:49,500,IH1704,CCFX,2323.4,2321.2,2323.8,100,69681960,7593,7687,2554.6,2090.2,2322.4,2321.8,0.0,2323.4,0.0,0,0,2017-04-20,34309500,2323.0,1,0,0,0,0,0,0,0,0,2323.4,1,0,0,0,0,0,0,0,0
136,2017-04-20,09:31:50,500,IH1704,CCFX,2323.4,2321.2,2323.8,101,70378980,7592,7687,2554.6,2090.2,2322.4,2321.8,0.0,2323.4,0.0,0,0,2017-04-20,34310500,2323.0,1,0,0,0,0,0,0,0,0,2323.6,2,0,0,0,0,0,0,0,0
137,2017-04-20,09:31:54,500,IH1704,CCFX,2323.4,2321.2,2323.8,101,70378980,7592,7687,2554.6,2090.2,2322.4,2321.8,0.0,2323.4,0.0,0,0,2017-04-20,34314500,2323.2,1,0,0,0,0,0,0,0,0,2323.6,2,0,0,0,0,0,0,0,0
138,2017-04-20,09:32:00,500,IH1704,CCFX,2323.4,2321.2,2323.8,101,70378980,7592,7687,2554.6,2090.2,2322.4,2321.8,0.0,2323.4,0.0,0,0,2017-04-20,34320500,2323.2,1,0,0,0,0,0,0,0,0,2323.6,2,0,0,0,0,0,0,0,0
139,2017-04-20,09:32:01,500,IH1704,CCFX,2323.4,2321.2,2323.8,101,70378980,7592,7687,2554.6,2090.2,2322.4,2321.8,0.0,2323.4,0.0,0,0,2017-04-20,34321500,2323.2,1,0,0,0,0,0,0,0,0,2323.6,2,0,0,0,0,0,0,0,0
140,2017-04-20,09:32:02,0,IH1704,CCFX,2323.6,2321.2,2323.8,102,71076060,7591,7687,2554.6,2090.2,2322.4,2321.8,0.0,2323.4,0.0,0,0,2017-04-20,34322000,2323.2,1,0,0,0,0,0,0,0,0,2323.4,1,0,0,0,0,0,0,0,0
141,2017-04-20,09:32:02,500,IH1704,CCFX,2323.4,2321.2,2323.8,103,71773080,7590,7687,2554.6,2090.2,2322.4,2321.8,0.0,2323.4,0.0,0,0,2017-04-20,34322500,2323.2,1,0,0,0,0,0,0,0,0,2323.6,1,0,0,0,0,0,0,0,0
142,2017-04-20,09:32:03,0,IH1704,CCFX,2323.4,2321.2,2323.8,103,71773080,7590,7687,2554.6,2090.2,2322.4,2321.8,0.0,2323.4,0.0,0,0,2017-04-20,34323000,2323.2,1,0,0,0,0,0,0,0,0,2323.6,1,0,0,0,0,0,0,0,0
143,2017-04-20,09:32:05,0,IH1704,CCFX,2323.4,2321.2,2323.8,103,71773080,7590,7687,2554.6,2090.2,2322.4,2321.8,0.0,2323.4,0.0,0,0,2017-04-20,34325000,2323.4,1,0,0,0,0,0,0,0,0,2323.6,1,0,0,0,0,0,0,0,0
144,2017-04-20,09:32:05,500,IH1704,CCFX,2323.6,2321.2,2323.8,104,72470160,7589,7687,2554.6,2090.2,2322.4,2321.8,0.0,2323.4,0.0,0,0,2017-04-20,34325500,2323.4,2,0,0,0,0,0,0,0,0,2323.8,2,0,0,0,0,0,0,0,0
145,2017-04-20,09:32:07,0,IH1704,CCFX,2323.8,2321.2,2323.8,105,73167300,7588,7687,2554.6,2090.2,2322.4,2321.8,0.0,2323.4,0.0,0,0,2017-04-20,34327000,2323.4,2,0,0,0,0,0,0,0,0,2323.8,1,0,0,0,0,0,0,0,0
146,2017-04-20,09:32:08,500,IH1704,CCFX,2323.8,2321.2,2323.8,106,73864440,7587,7687,2554.6,2090.2,2322.4,2321.8,0.0,2323.4,0.0,0,0,2017-04-20,34328500,2323.4,2,0,0,0,0,0,0,0,0,2324.2,1,0,0,0,0,0,0,0,0
147,2017-04-20,09:32:10,0,IH1704,CCFX,2323.8,2321.2,2323.8,106,73864440,7587,7687,2554.6,2090.2,2322.4,2321.8,0.0,2323.4,0.0,0,0,2017-04-20,34330000,2323.4,2,0,0,0,0,0,0,0,0,2324.2,1,0,0,0,0,0,0,0,0
148,2017-04-20,09:32:13,500,IH1704,CCFX,2323.8,2321.2,2323.8,106,73864440,7587,7687,2554.6,2090.2,2322.4,2321.8,0.0,2323.4,0.0,0,0,2017-04-20,34333500,2323.6,1,0,0,0,0,0,0,0,0,2324.0,1,0,0,0,0,0,0,0,0
149,2017-04-20,09:32:14,0,IH1704,CCFX,2323.8,2321.2,2323.8,106,73864440,7587,7687,2554.6,2090.2,2322.4,2321.8,0.0,2323.4,0.0,0,0,2017-04-20,34334000,2323.8,1,0,0,0,0,0,0,0,0,2324.0,1,0,0,0,0,0,0,0,0
150,2017-04-20,09:32:14,500,IH1704,CCFX,2323.6,2321.2,2323.8,108,75258660,7585,7687,2554.6,2090.2,2322.4,2321.8,0.0,2323.4,0.0,0,0,2017-04-20,34334500,2323.4,1,0,0,0,0,0,0,0,0,2324.0,1,0,0,0,0,0,0,0,0
151,2017-04-20,09:32:17,500,IH1704,CCFX,2323.6,2321.2,2323.8,108,75258660,7585,7687,2554.6,2090.2,2322.4,2321.8,0.0,2323.4,0.0,0,0,2017-04-20,34337500,2323.4,1,0,0,0,0,0,0,0,0,2324.0,1,0,0,0,0,0,0,0,0
152,2017-04-20,09:32:18,0,IH1704,CCFX,2323.4,2321.2,2323.8,109,75955680,7584,7687,2554.6,2090.2,2322.4,2321.8,0.0,2323.4,0.0,0,0,2017-04-20,34338000,2323.2,1,0,0,0,0,0,0,0,0,2324.0,1,0,0,0,0,0,0,0,0
153,2017-04-20,09:32:18,500,IH1704,CCFX,2323.4,2321.2,2323.8,109,75955680,7584,7687,2554.6,2090.2,2322.4,2321.8,0.0,2323.4,0.0,0,0,2017-04-20,34338500,2323.2,1,0,0,0,0,0,0,0,0,2323.8,1,0,0,0,0,0,0,0,0
154,2017-04-20,09:32:19,0,IH1704,CCFX,2323.8,2321.2,2323.8,110,76652820,7583,7687,2554.6,2090.2,2322.4,2321.8,0.0,2323.4,0.0,0,0,2017-04-20,34339000,2323.2,1,0,0,0,0,0,0,0,0,2324.0,1,0,0,0,0,0,0,0,0
155,2017-04-20,09:32:19,500,IH1704,CCFX,2323.8,2321.2,2323.8,110,76652820,7583,7687,2554.6,2090.2,2322.4,2321.8,0.0,2323.4,0.0,0,0,2017-04-20,34339500,2323.2,1,0,0,0,0,0,0,0,0,2323.8,1,0,0,0,0,0,0,0,0
156,2017-04-20,09:32:20,0,IH1704,CCFX,2323.8,2321.2,2323.8,111,77349960,7582,7687,2554.6,2090.2,2322.4,2321.8,0.0,2323.4,0.0,0,0,2017-04-20,34340000,2323.2,1,0,0,0,0,0,0,0,0,2324.0,1,0,0,0,0,0,0,0,0
157,2017-04-20,09:32:21,0,IH1704,CCFX,2323.8,2321.2,2323.8,111,77349960,7582,7687,2554.6,2090.2,2322.4,2321.8,0.0,2323.4,0.0,0,0,2017-04-20,34341000,2323.2,1,0,0,0,0,0,0,0,0,2324.0,1,0,0,0,0,0,0,0,0
158,2017-04-20,09:32:21,500,IH1704,CCFX,2323.8,2321.2,2323.8,111,77349960,7582,7687,2554.6,2090.2,2322.4,2321.8,0.0,2323.4,0.0,0,0,2017-04-20,34341500,2323.4,1,0,0,0,0,0,0,0,0,2324.2,1,0,0,0,0,0,0,0,0
159,2017-04-20,09:32:22,0,IH1704,CCFX,2323.8,2321.2,2323.8,111,77349960,7582,7687,2554.6,2090.2,2322.4,2321.8,0.0,2323.4,0.0,0,0,2017-04-20,34342000,2323.4,1,0,0,0,0,0,0,0,0,2324.0,1,0,0,0,0,0,0,0,0
160,2017-04-20,09:32:22,500,IH1704,CCFX,2323.4,2321.2,2323.8,112,78046980,7581,7687,2554.6,2090.2,2322.4,2321.8,0.0,2323.4,0.0,0,0,2017-04-20,34342500,2323.2,2,0,0,0,0,0,0,0,0,2324.0,1,0,0,0,0,0,0,0,0
161,2017-04-20,09:32:23,0,IH1704,CCFX,2323.2,2321.2,2323.8,113,78743940,7580,7687,2554.6,2090.2,2322.4,2321.8,0.0,2323.4,0.0,0,0,2017-04-20,34343000,2323.2,1,0,0,0,0,0,0,0,0,2324.0,1,0,0,0,0,0,0,0,0
162,2017-04-20,09:32:23,500,IH1704,CCFX,2323.2,2321.2,2323.8,113,78743940,7580,7687,2554.6,2090.2,2322.4,2321.8,0.0,2323.4,0.0,0,0,2017-04-20,34343500,2323.2,1,0,0,0,0,0,0,0,0,2323.4,1,0,0,0,0,0,0,0,0
163,2017-04-20,09:32:24,0,IH1704,CCFX,2323.2,2321.2,2323.8,113,78743940,7580,7687,2554.6,2090.2,2322.4,2321.8,0.0,2323.4,0.0,0,0,2017-04-20,34344000,2323.4,1,0,0,0,0,0,0,0,0,2323.8,1,0,0,0,0,0,0,0,0
164,2017-04-20,09:32:25,0,IH1704,CCFX,2323.2,2321.2,2323.8,113,78743940,7580,7687,2554.6,2090.2,2322.4,2321.8,0.0,2323.4,0.0,0,0,2017-04-20,34345000,2323.4,1,0,0,0,0,0,0,0,0,2323.8,1,0,0,0,0,0,0,0,0
165,2017-04-20,09:32:26,500,IH1704,CCFX,2323.2,2321.2,2323.8,113,78743940,7580,7687,2554.6,2090.2,2322.4,2321.8,0.0,2323.4,0.0,0,0,2017-04-20,34346500,2323.4,1,0,0,0,0,0,0,0,0,2323.6,2,0,0,0,0,0,0,0,0
166,2017-04-20,09:32:27,500,IH1704,CCFX,2323.6,2321.2,2323.8,116,80835000,7578,7687,2554.6,2090.2,2322.4,2321.8,0.0,2323.4,0.0,0,0,2017-04-20,34347500,2323.0,2,0,0,0,0,0,0,0,0,2323.6,1,0,0,0,0,0,0,0,0
167,2017-04-20,09:32:28,500,IH1704,CCFX,2323.6,2321.2,2323.8,116,80835000,7578,7687,2554.6,2090.2,2322.4,2321.8,0.0,2323.4,0.0,0,0,2017-04-20,34348500,2323.0,2,0,0,0,0,0,0,0,0,2323.6,1,0,0,0,0,0,0,0,0
168,2017-04-20,09:32:30,500,IH1704,CCFX,2323.6,2321.2,2323.8,116,80835000,7578,7687,2554.6,2090.2,2322.4,2321.8,0.0,2323.4,0.0,0,0,2017-04-20,34350500,2323.4,2,0,0,0,0,0,0,0,0,2323.6,1,0,0,0,0,0,0,0,0
169,2017-04-20,09:32:31,0,IH1704,CCFX,2323.6,2321.2,2323.8,116,80835000,7578,7687,2554.6,2090.2,2322.4,2321.8,0.0,2323.4,0.0,0,0,2017-04-20,34351000,2323.2,1,0,0,0,0,0,0,0,0,2323.6,1,0,0,0,0,0,0,0,0
170,2017-04-20,09:32:31,500,IH1704,CCFX,2323.6,2321.2,2323.8,117,81532080,7577,7687,2554.6,2090.2,2322.4,2321.8,0.0,2323.4,0.0,0,0,2017-04-20,34351500,2323.2,1,0,0,0,0,0,0,0,0,2323.8,2,0,0,0,0,0,0,0,0
171,2017-04-20,09:32:32,0,IH1704,CCFX,2323.6,2321.2,2323.8,117,81532080,7577,7687,2554.6,2090.2,2322.4,2321.8,0.0,2323.4,0.0,0,0,2017-04-20,34352000,2323.2,1,0,0,0,0,0,0,0,0,2323.6,1,0,0,0,0,0,0,0,0
172,2017-04-20,09:32:33,0,IH1704,CCFX,2323.6,2321.2,2323.8,118,82229160,7576,7687,2554.6,2090.2,2322.4,2321.8,0.0,2323.4,0.0,0,0,2017-04-20,34353000,2323.2,1,0,0,0,0,0,0,0,0,2323.8,2,0,0,0,0,0,0,0,0
173,2017-04-20,09:32:34,0,IH1704,CCFX,2323.8,2321.2,2323.8,119,82926300,7575,7687,2554.6,2090.2,2322.4,2321.8,0.0,2323.4,0.0,0,0,2017-04-20,34354000,2323.2,1,0,0,0,0,0,0,0,0,2323.8,1,0,0,0,0,0,0,0,0
174,2017-04-20,09:32:34,500,IH1704,CCFX,2323.8,2321.2,2323.8,119,82926300,7575,7687,2554.6,2090.2,2322.4,2321.8,0.0,2323.4,0.0,0,0,2017-04-20,34354500,2323.2,2,0,0,0,0,0,0,0,0,2323.8,1,0,0,0,0,0,0,0,0
175,2017-04-20,09:32:35,0,IH1704,CCFX,2323.8,2321.2,2323.8,119,82926300,7575,7687,2554.6,2090.2,2322.4,2321.8,0.0,2323.4,0.0,0,0,2017-04-20,34355000,2323.2,2,0,0,0,0,0,0,0,0,2323.8,1,0,0,0,0,0,0,0,0
176,2017-04-20,09:32:37,0,IH1704,CCFX,2323.8,2321.2,2323.8,119,82926300,7575,7687,2554.6,2090.2,2322.4,2321.8,0.0,2323.4,0.0,0,0,2017-04-20,34357000,2323.6,1,0,0,0,0,0,0,0,0,2323.8,1,0,0,0,0,0,0,0,0
177,2017-04-20,09:32:37,500,IH1704,CCFX,2323.8,2321.2,2323.8,119,82926300,7575,7687,2554.6,2090.2,2322.4,2321.8,0.0,2323.4,0.0,0,0,2017-04-20,34357500,2323.6,1,0,0,0,0,0,0,0,0,2323.8,1,0,0,0,0,0,0,0,0
178,2017-04-20,09:32:38,0,IH1704,CCFX,2323.8,2321.2,2323.8,121,84320580,7573,7687,2554.6,2090.2,2322.4,2321.8,0.0,2323.4,0.0,0,0,2017-04-20,34358000,2323.6,1,0,0,0,0,0,0,0,0,2324.2,1,0,0,0,0,0,0,0,0
179,2017-04-20,09:32:38,500,IH1704,CCFX,2323.8,2321.2,2323.8,122,85017720,7572,7687,2554.6,2090.2,2322.4,2321.8,0.0,2323.4,0.0,0,0,2017-04-20,34358500,2323.6,1,0,0,0,0,0,0,0,0,2323.8,1,0,0,0,0,0,0,0,0
180,2017-04-20,09:32:39,0,IH1704,CCFX,2323.8,2321.2,2323.8,123,85714860,7571,7687,2554.6,2090.2,2322.4,2321.8,0.0,2323.4,0.0,0,0,2017-04-20,34359000,2323.8,6,0,0,0,0,0,0,0,0,2324.2,1,0,0,0,0,0,0,0,0
181,2017-04-20,09:32:39,500,IH1704,CCFX,2324.2,2321.2,2324.2,125,87109380,7569,7687,2554.6,2090.2,2322.4,2321.8,0.0,2323.4,0.0,0,0,2017-04-20,34359500,2323.8,4,0,0,0,0,0,0,0,0,2324.4,1,0,0,0,0,0,0,0,0
182,2017-04-20,09:32:40,0,IH1704,CCFX,2324.2,2321.2,2324.2,125,87109380,7569,7687,2554.6,2090.2,2322.4,2321.8,0.0,2323.4,0.0,0,0,2017-04-20,34360000,2324.0,1,0,0,0,0,0,0,0,0,2324.4,1,0,0,0,0,0,0,0,0
183,2017-04-20,09:32:40,500,IH1704,CCFX,2324.2,2321.2,2324.2,125,87109380,7569,7687,2554.6,2090.2,2322.4,2321.8,0.0,2323.4,0.0,0,0,2017-04-20,34360500,2324.0,1,0,0,0,0,0,0,0,0,2324.4,1,0,0,0,0,0,0,0,0
184,2017-04-20,09:32:42,0,IH1704,CCFX,2324.0,2321.2,2324.2,126,87806580,7568,7687,2554.6,2090.2,2322.4,2321.8,0.0,2323.4,0.0,0,0,2017-04-20,34362000,2323.8,3,0,0,0,0,0,0,0,0,2324.4,1,0,0,0,0,0,0,0,0
185,2017-04-20,09:32:51,0,IH1704,CCFX,2324.0,2321.2,2324.2,126,87806580,7568,7687,2554.6,2090.2,2322.4,2321.8,0.0,2323.4,0.0,0,0,2017-04-20,34371000,2323.8,4,0,0,0,0,0,0,0,0,2324.4,1,0,0,0,0,0,0,0,0
186,2017-04-20,09:32:52,0,IH1704,CCFX,2324.4,2321.2,2324.4,127,88503900,7567,7687,2554.6,2090.2,2322.4,2321.8,0.0,2323.4,0.0,0,0,2017-04-20,34372000,2324.0,1,0,0,0,0,0,0,0,0,2325.0,4,0,0,0,0,0,0,0,0
187,2017-04-20,09:32:52,500,IH1704,CCFX,2324.4,2321.2,2324.4,127,88503900,7567,7687,2554.6,2090.2,2322.4,2321.8,0.0,2323.4,0.0,0,0,2017-04-20,34372500,2324.0,1,0,0,0,0,0,0,0,0,2324.8,1,0,0,0,0,0,0,0,0
188,2017-04-20,09:32:53,0,IH1704,CCFX,2324.4,2321.2,2324.4,127,88503900,7567,7687,2554.6,2090.2,2322.4,2321.8,0.0,2323.4,0.0,0,0,2017-04-20,34373000,2324.2,1,0,0,0,0,0,0,0,0,2324.8,1,0,0,0,0,0,0,0,0
189,2017-04-20,09:32:53,500,IH1704,CCFX,2324.4,2321.2,2324.4,127,88503900,7567,7687,2554.6,2090.2,2322.4,2321.8,0.0,2323.4,0.0,0,0,2017-04-20,34373500,2324.2,1,0,0,0,0,0,0,0,0,2324.8,1,0,0,0,0,0,0,0,0
190,2017-04-20,09:32:54,0,IH1704,CCFX,2324.4,2321.2,2324.4,127,88503900,7567,7687,2554.6,2090.2,2322.4,2321.8,0.0,2323.4,0.0,0,0,2017-04-20,34374000,2324.2,1,0,0,0,0,0,0,0,0,2324.8,1,0,0,0,0,0,0,0,0
191,2017-04-20,09:32:54,500,IH1704,CCFX,2324.6,2321.2,2324.6,128,89201280,7566,7687,2554.6,2090.2,2322.4,2321.8,0.0,2323.4,0.0,0,0,2017-04-20,34374500,2324.2,1,0,0,0,0,0,0,0,0,2324.8,1,0,0,0,0,0,0,0,0
192,2017-04-20,09:32:55,500,IH1704,CCFX,2324.6,2321.2,2324.6,128,89201280,7566,7687,2554.6,2090.2,2322.4,2321.8,0.0,2323.4,0.0,0,0,2017-04-20,34375500,2324.2,1,0,0,0,0,0,0,0,0,2324.6,1,0,0,0,0,0,0,0,0
193,2017-04-20,09:32:57,0,IH1704,CCFX,2324.6,2321.2,2324.6,128,89201280,7566,7687,2554.6,2090.2,2322.4,2321.8,0.0,2323.4,0.0,0,0,2017-04-20,34377000,2324.2,1,0,0,0,0,0,0,0,0,2324.6,1,0,0,0,0,0,0,0,0
194,2017-04-20,09:33:00,0,IH1704,CCFX,2324.2,2321.2,2324.6,129,89898540,7565,7687,2554.6,2090.2,2322.4,2321.8,0.0,2323.4,0.0,0,0,2017-04-20,34380000,2324.0,2,0,0,0,0,0,0,0,0,2324.6,1,0,0,0,0,0,0,0,0
195,2017-04-20,09:33:00,500,IH1704,CCFX,2324.2,2321.2,2324.6,129,89898540,7565,7687,2554.6,2090.2,2322.4,2321.8,0.0,2323.4,0.0,0,0,2017-04-20,34380500,2324.0,2,0,0,0,0,0,0,0,0,2324.6,1,0,0,0,0,0,0,0,0
196,2017-04-20,09:33:01,0,IH1704,CCFX,2324.2,2321.2,2324.6,129,89898540,7565,7687,2554.6,2090.2,2322.4,2321.8,0.0,2323.4,0.0,0,0,2017-04-20,34381000,2324.0,2,0,0,0,0,0,0,0,0,2324.4,1,0,0,0,0,0,0,0,0
197,2017-04-20,09:33:03,0,IH1704,CCFX,2324.2,2321.2,2324.6,129,89898540,7565,7687,2554.6,2090.2,2322.4,2321.8,0.0,2323.4,0.0,0,0,2017-04-20,34383000,2324.0,2,0,0,0,0,0,0,0,0,2324.4,1,0,0,0,0,0,0,0,0
198,2017-04-20,09:33:03,500,IH1704,CCFX,2324.6,2321.2,2324.6,130,90595920,7564,7687,2554.6,2090.2,2322.4,2321.8,0.0,2323.4,0.0,0,0,2017-04-20,34383500,2324.2,1,0,0,0,0,0,0,0,0,2325.0,4,0,0,0,0,0,0,0,0
199,2017-04-20,09:33:04,0,IH1704,CCFX,2324.6,2321.2,2324.6,130,90595920,7564,7687,2554.6,2090.2,2322.4,2321.8,0.0,2323.4,0.0,0,0,2017-04-20,34384000,2324.2,1,0,0,0,0,0,0,0,0,2324.8,1,0,0,0,0,0,0,0,0
200,2017-04-20,09:33:05,0,IH1704,CCFX,2324.2,2321.2,2324.6,131,91293180,7563,7687,2554.6,2090.2,2322.4,2321.8,0.0,2323.4,0.0,0,0,2017-04-20,34385000,2324.0,2,0,0,0,0,0,0,0,0,2324.8,1,0,0,0,0,0,0,0,0
201,2017-04-20,09:33:07,0,IH1704,CCFX,2324.2,2321.2,2324.6,131,91293180,7563,7687,2554.6,2090.2,2322.4,2321.8,0.0,2323.4,0.0,0,0,2017-04-20,34387000,2324.0,2,0,0,0,0,0,0,0,0,2324.8,1,0,0,0,0,0,0,0,0
202,2017-04-20,09:33:07,500,IH1704,CCFX,2324.2,2321.2,2324.6,131,91293180,7563,7687,2554.6,2090.2,2322.4,2321.8,0.0,2323.4,0.0,0,0,2017-04-20,34387500,2324.2,1,0,0,0,0,0,0,0,0,2324.8,1,0,0,0,0,0,0,0,0
203,2017-04-20,09:33:10,500,IH1704,CCFX,2324.2,2321.2,2324.6,131,91293180,7563,7687,2554.6,2090.2,2322.4,2321.8,0.0,2323.4,0.0,0,0,2017-04-20,34390500,2324.2,1,0,0,0,0,0,0,0,0,2324.4,1,0,0,0,0,0,0,0,0
204,2017-04-20,09:33:11,0,IH1704,CCFX,2324.4,2321.2,2324.6,132,91990500,7562,7687,2554.6,2090.2,2322.4,2321.8,0.0,2323.4,0.0,0,0,2017-04-20,34391000,2324.4,1,0,0,0,0,0,0,0,0,2324.8,1,0,0,0,0,0,0,0,0
205,2017-04-20,09:33:11,500,IH1704,CCFX,2324.4,2321.2,2324.6,132,91990500,7562,7687,2554.6,2090.2,2322.4,2321.8,0.0,2323.4,0.0,0,0,2017-04-20,34391500,2324.2,1,0,0,0,0,0,0,0,0,2324.8,1,0,0,0,0,0,0,0,0
206,2017-04-20,09:33:13,0,IH1704,CCFX,2324.4,2321.2,2324.6,132,91990500,7562,7687,2554.6,2090.2,2322.4,2321.8,0.0,2323.4,0.0,0,0,2017-04-20,34393000,2324.2,1,0,0,0,0,0,0,0,0,2324.8,1,0,0,0,0,0,0,0,0
207,2017-04-20,09:33:15,0,IH1704,CCFX,2324.4,2321.2,2324.6,132,91990500,7562,7687,2554.6,2090.2,2322.4,2321.8,0.0,2323.4,0.0,0,0,2017-04-20,34395000,2324.2,1,0,0,0,0,0,0,0,0,2325.0,4,0,0,0,0,0,0,0,0
208,2017-04-20,09:33:15,500,IH1704,CCFX,2324.4,2321.2,2324.6,132,91990500,7562,7687,2554.6,2090.2,2322.4,2321.8,0.0,2323.4,0.0,0,0,2017-04-20,34395500,2324.2,1,0,0,0,0,0,0,0,0,2324.8,1,0,0,0,0,0,0,0,0
209,2017-04-20,09:33:16,500,IH1704,CCFX,2324.2,2321.2,2324.6,133,92687760,7561,7687,2554.6,2090.2,2322.4,2321.8,0.0,2323.4,0.0,0,0,2017-04-20,34396500,2324.0,2,0,0,0,0,0,0,0,0,2324.2,1,0,0,0,0,0,0,0,0
210,2017-04-20,09:33:17,0,IH1704,CCFX,2324.2,2321.2,2324.6,134,93385020,7560,7687,2554.6,2090.2,2322.4,2321.8,0.0,2323.4,0.0,0,0,2017-04-20,34397000,2324.2,2,0,0,0,0,0,0,0,0,2324.8,1,0,0,0,0,0,0,0,0
211,2017-04-20,09:33:17,500,IH1704,CCFX,2324.2,2321.2,2324.6,134,93385020,7560,7687,2554.6,2090.2,2322.4,2321.8,0.0,2323.4,0.0,0,0,2017-04-20,34397500,2324.0,2,0,0,0,0,0,0,0,0,2324.4,1,0,0,0,0,0,0,0,0
212,2017-04-20,09:33:18,0,IH1704,CCFX,2324.4,2321.2,2324.6,135,94082340,7559,7687,2554.6,2090.2,2322.4,2321.8,0.0,2323.4,0.0,0,0,2017-04-20,34398000,2324.4,1,0,0,0,0,0,0,0,0,2324.8,1,0,0,0,0,0,0,0,0
213,2017-04-20,09:33:19,0,IH1704,CCFX,2324.4,2321.2,2324.6,136,94779660,7558,7687,2554.6,2090.2,2322.4,2321.8,0.0,2323.4,0.0,0,0,2017-04-20,34399000,2324.0,2,0,0,0,0,0,0,0,0,2324.8,1,0,0,0,0,0,0,0,0
214,2017-04-20,09:33:19,500,IH1704,CCFX,2324.4,2321.2,2324.6,136,94779660,7558,7687,2554.6,2090.2,2322.4,2321.8,0.0,2323.4,0.0,0,0,2017-04-20,34399500,2324.2,1,0,0,0,0,0,0,0,0,2324.6,1,0,0,0,0,0,0,0,0
215,2017-04-20,09:33:20,0,IH1704,CCFX,2324.4,2321.2,2324.6,136,94779660,7558,7687,2554.6,2090.2,2322.4,2321.8,0.0,2323.4,0.0,0,0,2017-04-20,34400000,2324.2,1,0,0,0,0,0,0,0,0,2324.6,2,0,0,0,0,0,0,0,0
216,2017-04-20,09:33:21,500,IH1704,CCFX,2324.4,2321.2,2324.6,136,94779660,7558,7687,2554.6,2090.2,2322.4,2321.8,0.0,2323.4,0.0,0,0,2017-04-20,34401500,2324.2,1,0,0,0,0,0,0,0,0,2324.6,1,0,0,0,0,0,0,0,0
217,2017-04-20,09:33:22,0,IH1704,CCFX,2324.4,2321.2,2324.6,136,94779660,7558,7687,2554.6,2090.2,2322.4,2321.8,0.0,2323.4,0.0,0,0,2017-04-20,34402000,2324.4,2,0,0,0,0,0,0,0,0,2324.6,1,0,0,0,0,0,0,0,0
218,2017-04-20,09:33:22,500,IH1704,CCFX,2324.4,2321.2,2324.6,137,95476980,7557,7687,2554.6,2090.2,2322.4,2321.8,0.0,2323.4,0.0,0,0,2017-04-20,34402500,2324.4,1,0,0,0,0,0,0,0,0,2324.6,1,0,0,0,0,0,0,0,0
219,2017-04-20,09:33:24,500,IH1704,CCFX,2324.2,2321.2,2324.6,139,96871560,7555,7687,2554.6,2090.2,2322.4,2321.8,0.0,2323.4,0.0,0,0,2017-04-20,34404500,2324.0,2,0,0,0,0,0,0,0,0,2324.6,1,0,0,0,0,0,0,0,0
220,2017-04-20,09:33:26,0,IH1704,CCFX,2324.2,2321.2,2324.6,139,96871560,7555,7687,2554.6,2090.2,2322.4,2321.8,0.0,2323.4,0.0,0,0,2017-04-20,34406000,2324.0,2,0,0,0,0,0,0,0,0,2324.4,1,0,0,0,0,0,0,0,0
221,2017-04-20,09:33:26,500,IH1704,CCFX,2324.2,2321.2,2324.6,139,96871560,7555,7687,2554.6,2090.2,2322.4,2321.8,0.0,2323.4,0.0,0,0,2017-04-20,34406500,2324.0,2,0,0,0,0,0,0,0,0,2324.4,5,0,0,0,0,0,0,0,0
222,2017-04-20,09:33:27,0,IH1704,CCFX,2324.0,2321.2,2324.6,141,98265960,7553,7687,2554.6,2090.2,2322.4,2321.8,0.0,2323.4,0.0,0,0,2017-04-20,34407000,2323.4,1,0,0,0,0,0,0,0,0,2324.4,5,0,0,0,0,0,0,0,0
223,2017-04-20,09:33:27,500,IH1704,CCFX,2324.0,2321.2,2324.6,141,98265960,7553,7687,2554.6,2090.2,2322.4,2321.8,0.0,2323.4,0.0,0,0,2017-04-20,34407500,2323.6,1,0,0,0,0,0,0,0,0,2324.4,5,0,0,0,0,0,0,0,0
224,2017-04-20,09:33:28,0,IH1704,CCFX,2324.0,2321.2,2324.6,141,98265960,7553,7687,2554.6,2090.2,2322.4,2321.8,0.0,2323.4,0.0,0,0,2017-04-20,34408000,2323.6,1,0,0,0,0,0,0,0,0,2324.2,1,0,0,0,0,0,0,0,0
225,2017-04-20,09:33:29,0,IH1704,CCFX,2324.0,2321.2,2324.6,141,98265960,7553,7687,2554.6,2090.2,2322.4,2321.8,0.0,2323.4,0.0,0,0,2017-04-20,34409000,2323.6,1,0,0,0,0,0,0,0,0,2324.2,1,0,0,0,0,0,0,0,0
226,2017-04-20,09:33:29,500,IH1704,CCFX,2324.0,2321.2,2324.6,141,98265960,7553,7687,2554.6,2090.2,2322.4,2321.8,0.0,2323.4,0.0,0,0,2017-04-20,34409500,2323.8,1,0,0,0,0,0,0,0,0,2324.2,1,0,0,0,0,0,0,0,0
227,2017-04-20,09:33:31,0,IH1704,CCFX,2324.0,2321.2,2324.6,142,98963160,7552,7687,2554.6,2090.2,2322.4,2321.8,0.0,2323.4,0.0,0,0,2017-04-20,34411000,2323.8,1,0,0,0,0,0,0,0,0,2324.2,1,0,0,0,0,0,0,0,0
228,2017-04-20,09:33:34,0,IH1704,CCFX,2324.0,2321.2,2324.6,142,98963160,7552,7687,2554.6,2090.2,2322.4,2321.8,0.0,2323.4,0.0,0,0,2017-04-20,34414000,2323.8,1,0,0,0,0,0,0,0,0,2324.2,5,0,0,0,0,0,0,0,0
229,2017-04-20,09:33:34,500,IH1704,CCFX,2324.2,2321.2,2324.6,143,99660420,7551,7687,2554.6,2090.2,2322.4,2321.8,0.0,2323.4,0.0,0,0,2017-04-20,34414500,2323.8,1,0,0,0,0,0,0,0,0,2324.2,4,0,0,0,0,0,0,0,0
230,2017-04-20,09:33:35,500,IH1704,CCFX,2324.2,2321.2,2324.6,143,99660420,7551,7687,2554.6,2090.2,2322.4,2321.8,0.0,2323.4,0.0,0,0,2017-04-20,34415500,2323.8,1,0,0,0,0,0,0,0,0,2324.0,4,0,0,0,0,0,0,0,0
231,2017-04-20,09:33:36,0,IH1704,CCFX,2323.8,2321.2,2324.6,144,100357560,7550,7687,2554.6,2090.2,2322.4,2321.8,0.0,2323.4,0.0,0,0,2017-04-20,34416000,2323.6,1,0,0,0,0,0,0,0,0,2324.0,4,0,0,0,0,0,0,0,0
232,2017-04-20,09:33:36,500,IH1704,CCFX,2323.8,2321.2,2324.6,144,100357560,7550,7687,2554.6,2090.2,2322.4,2321.8,0.0,2323.4,0.0,0,0,2017-04-20,34416500,2323.6,1,0,0,0,0,0,0,0,0,2324.0,4,0,0,0,0,0,0,0,0
233,2017-04-20,09:33:37,0,IH1704,CCFX,2323.8,2321.2,2324.6,144,100357560,7550,7687,2554.6,2090.2,2322.4,2321.8,0.0,2323.4,0.0,0,0,2017-04-20,34417000,2323.6,1,0,0,0,0,0,0,0,0,2323.8,1,0,0,0,0,0,0,0,0
234,2017-04-20,09:33:39,500,IH1704,CCFX,2323.6,2321.2,2324.6,145,101054640,7549,7687,2554.6,2090.2,2322.4,2321.8,0.0,2323.4,0.0,0,0,2017-04-20,34419500,2323.6,1,0,0,0,0,0,0,0,0,2323.8,1,0,0,0,0,0,0,0,0
235,2017-04-20,09:33:40,0,IH1704,CCFX,2323.6,2321.2,2324.6,146,101751720,7548,7687,2554.6,2090.2,2322.4,2321.8,0.0,2323.4,0.0,0,0,2017-04-20,34420000,2323.4,1,0,0,0,0,0,0,0,0,2323.8,1,0,0,0,0,0,0,0,0
236,2017-04-20,09:33:40,500,IH1704,CCFX,2323.6,2321.2,2324.6,146,101751720,7548,7687,2554.6,2090.2,2322.4,2321.8,0.0,2323.4,0.0,0,0,2017-04-20,34420500,2323.4,1,0,0,0,0,0,0,0,0,2323.8,1,0,0,0,0,0,0,0,0
237,2017-04-20,09:33:41,500,IH1704,CCFX,2323.6,2321.2,2324.6,146,101751720,7548,7687,2554.6,2090.2,2322.4,2321.8,0.0,2323.4,0.0,0,0,2017-04-20,34421500,2323.6,1,0,0,0,0,0,0,0,0,2323.8,1,0,0,0,0,0,0,0,0
238,2017-04-20,09:33:42,0,IH1704,CCFX,2323.4,2321.2,2324.6,148,103145820,7546,7687,2554.6,2090.2,2322.4,2321.8,0.0,2323.4,0.0,0,0,2017-04-20,34422000,2323.2,2,0,0,0,0,0,0,0,0,2323.8,1,0,0,0,0,0,0,0,0
239,2017-04-20,09:33:42,500,IH1704,CCFX,2323.4,2321.2,2324.6,148,103145820,7546,7687,2554.6,2090.2,2322.4,2321.8,0.0,2323.4,0.0,0,0,2017-04-20,34422500,2323.2,2,0,0,0,0,0,0,0,0,2323.6,2,0,0,0,0,0,0,0,0
240,2017-04-20,09:33:43,0,IH1704,CCFX,2323.4,2321.2,2324.6,148,103145820,7546,7687,2554.6,2090.2,2322.4,2321.8,0.0,2323.4,0.0,0,0,2017-04-20,34423000,2323.2,2,0,0,0,0,0,0,0,0,2323.6,1,0,0,0,0,0,0,0,0
241,2017-04-20,09:33:47,0,IH1704,CCFX,2323.4,2321.2,2324.6,148,103145820,7546,7687,2554.6,2090.2,2322.4,2321.8,0.0,2323.4,0.0,0,0,2017-04-20,34427000,2323.2,2,0,0,0,0,0,0,0,0,2323.6,1,0,0,0,0,0,0,0,0
242,2017-04-20,09:33:47,500,IH1704,CCFX,2323.4,2321.2,2324.6,148,103145820,7546,7687,2554.6,2090.2,2322.4,2321.8,0.0,2323.4,0.0,0,0,2017-04-20,34427500,2323.2,2,0,0,0,0,0,0,0,0,2323.6,1,0,0,0,0,0,0,0,0
243,2017-04-20,09:33:48,0,IH1704,CCFX,2323.4,2321.2,2324.6,148,103145820,7546,7687,2554.6,2090.2,2322.4,2321.8,0.0,2323.4,0.0,0,0,2017-04-20,34428000,2323.2,2,0,0,0,0,0,0,0,0,2323.4,1,0,0,0,0,0,0,0,0
244,2017-04-20,09:33:49,0,IH1704,CCFX,2323.4,2321.2,2324.6,148,103145820,7546,7687,2554.6,2090.2,2322.4,2321.8,0.0,2323.4,0.0,0,0,2017-04-20,34429000,2323.2,2,0,0,0,0,0,0,0,0,2323.4,1,0,0,0,0,0,0,0,0
245,2017-04-20,09:33:51,0,IH1704,CCFX,2323.2,2321.2,2324.6,150,104539740,7544,7687,2554.6,2090.2,2322.4,2321.8,0.0,2323.4,0.0,0,0,2017-04-20,34431000,2323.0,2,0,0,0,0,0,0,0,0,2323.4,1,0,0,0,0,0,0,0,0
246,2017-04-20,09:33:53,0,IH1704,CCFX,2323.2,2321.2,2324.6,150,104539740,7544,7687,2554.6,2090.2,2322.4,2321.8,0.0,2323.4,0.0,0,0,2017-04-20,34433000,2323.0,2,0,0,0,0,0,0,0,0,2323.4,1,0,0,0,0,0,0,0,0
247,2017-04-20,09:33:54,0,IH1704,CCFX,2323.4,2321.2,2324.6,151,105236760,7543,7687,2554.6,2090.2,2322.4,2321.8,0.0,2323.4,0.0,0,0,2017-04-20,34434000,2323.0,2,0,0,0,0,0,0,0,0,2323.8,1,0,0,0,0,0,0,0,0
248,2017-04-20,09:33:54,500,IH1704,CCFX,2323.6,2321.2,2324.6,152,105933840,7542,7687,2554.6,2090.2,2322.4,2321.8,0.0,2323.4,0.0,0,0,2017-04-20,34434500,2323.0,2,0,0,0,0,0,0,0,0,2323.6,1,0,0,0,0,0,0,0,0
249,2017-04-20,09:33:55,0,IH1704,CCFX,2323.0,2321.2,2324.6,153,106630740,7541,7687,2554.6,2090.2,2322.4,2321.8,0.0,2323.4,0.0,0,0,2017-04-20,34435000,2323.0,1,0,0,0,0,0,0,0,0,2323.6,1,0,0,0,0,0,0,0,0
250,2017-04-20,09:33:55,500,IH1704,CCFX,2323.0,2321.2,2324.6,153,106630740,7541,7687,2554.6,2090.2,2322.4,2321.8,0.0,2323.4,0.0,0,0,2017-04-20,34435500,2323.2,1,0,0,0,0,0,0,0,0,2323.6,1,0,0,0,0,0,0,0,0
251,2017-04-20,09:33:56,0,IH1704,CCFX,2323.0,2321.2,2324.6,154,107327640,7540,7687,2554.6,2090.2,2322.4,2321.8,0.0,2323.4,0.0,0,0,2017-04-20,34436000,2323.0,2,0,0,0,0,0,0,0,0,2323.2,1,0,0,0,0,0,0,0,0
252,2017-04-20,09:33:56,500,IH1704,CCFX,2323.0,2321.2,2324.6,154,107327640,7540,7687,2554.6,2090.2,2322.4,2321.8,0.0,2323.4,0.0,0,0,2017-04-20,34436500,2323.0,3,0,0,0,0,0,0,0,0,2323.2,1,0,0,0,0,0,0,0,0
253,2017-04-20,09:33:57,0,IH1704,CCFX,2323.2,2321.2,2324.6,155,108024600,7539,7687,2554.6,2090.2,2322.4,2321.8,0.0,2323.4,0.0,0,0,2017-04-20,34437000,2323.0,3,0,0,0,0,0,0,0,0,2323.4,1,0,0,0,0,0,0,0,0
254,2017-04-20,09:33:58,0,IH1704,CCFX,2323.2,2321.2,2324.6,155,108024600,7539,7687,2554.6,2090.2,2322.4,2321.8,0.0,2323.4,0.0,0,0,2017-04-20,34438000,2323.2,1,0,0,0,0,0,0,0,0,2323.4,1,0,0,0,0,0,0,0,0
255,2017-04-20,09:33:59,0,IH1704,CCFX,2323.4,2321.2,2324.6,159,110812440,7535,7687,2554.6,2090.2,2322.4,2321.8,0.0,2323.4,0.0,0,0,2017-04-20,34439000,2323.0,2,0,0,0,0,0,0,0,0,2323.6,1,0,0,0,0,0,0,0,0
256,2017-04-20,09:33:59,500,IH1704,CCFX,2323.4,2321.2,2324.6,159,110812440,7535,7687,2554.6,2090.2,2322.4,2321.8,0.0,2323.4,0.0,0,0,2017-04-20,34439500,2323.2,2,0,0,0,0,0,0,0,0,2323.6,1,0,0,0,0,0,0,0,0
257,2017-04-20,09:34:00,500,IH1704,CCFX,2323.2,2321.2,2324.6,160,111509400,7534,7687,2554.6,2090.2,2322.4,2321.8,0.0,2323.4,0.0,0,0,2017-04-20,34440500,2323.2,2,0,0,0,0,0,0,0,0,2323.6,1,0,0,0,0,0,0,0,0
258,2017-04-20,09:34:01,0,IH1704,CCFX,2323.2,2321.2,2324.6,161,112206360,7533,7687,2554.6,2090.2,2322.4,2321.8,0.0,2323.4,0.0,0,0,2017-04-20,34441000,2323.2,2,0,0,0,0,0,0,0,0,2323.6,1,0,0,0,0,0,0,0,0
259,2017-04-20,09:34:01,500,IH1704,CCFX,2323.6,2321.2,2324.6,162,112903440,7532,7687,2554.6,2090.2,2322.4,2321.8,0.0,2323.4,0.0,0,0,2017-04-20,34441500,2323.2,2,0,0,0,0,0,0,0,0,2323.8,2,0,0,0,0,0,0,0,0
260,2017-04-20,09:34:02,500,IH1704,CCFX,2323.2,2321.2,2324.6,163,113600400,7531,7687,2554.6,2090.2,2322.4,2321.8,0.0,2323.4,0.0,0,0,2017-04-20,34442500,2323.2,2,0,0,0,0,0,0,0,0,2323.8,2,0,0,0,0,0,0,0,0
261,2017-04-20,09:34:03,0,IH1704,CCFX,2323.2,2321.2,2324.6,164,114297360,7530,7687,2554.6,2090.2,2322.4,2321.8,0.0,2323.4,0.0,0,0,2017-04-20,34443000,2323.2,1,0,0,0,0,0,0,0,0,2323.8,2,0,0,0,0,0,0,0,0
262,2017-04-20,09:34:03,500,IH1704,CCFX,2323.2,2321.2,2324.6,164,114297360,7530,7687,2554.6,2090.2,2322.4,2321.8,0.0,2323.4,0.0,0,0,2017-04-20,34443500,2323.6,1,0,0,0,0,0,0,0,0,2323.8,2,0,0,0,0,0,0,0,0
263,2017-04-20,09:34:04,0,IH1704,CCFX,2323.6,2321.2,2324.6,167,116388480,7527,7687,2554.6,2090.2,2322.4,2321.8,0.0,2323.4,0.0,0,0,2017-04-20,34444000,2323.0,2,0,0,0,0,0,0,0,0,2323.6,1,0,0,0,0,0,0,0,0
264,2017-04-20,09:34:04,500,IH1704,CCFX,2323.6,2321.2,2324.6,167,116388480,7527,7687,2554.6,2090.2,2322.4,2321.8,0.0,2323.4,0.0,0,0,2017-04-20,34444500,2323.2,1,0,0,0,0,0,0,0,0,2323.6,1,0,0,0,0,0,0,0,0
265,2017-04-20,09:34:05,0,IH1704,CCFX,2323.6,2321.2,2324.6,167,116388480,7527,7687,2554.6,2090.2,2322.4,2321.8,0.0,2323.4,0.0,0,0,2017-04-20,34445000,2323.2,1,0,0,0,0,0,0,0,0,2323.6,2,0,0,0,0,0,0,0,0
266,2017-04-20,09:34:06,0,IH1704,CCFX,2323.8,2321.2,2324.6,171,119176920,7523,7687,2554.6,2090.2,2322.4,2321.8,0.0,2323.4,0.0,0,0,2017-04-20,34446000,2323.2,1,0,0,0,0,0,0,0,0,2324.0,7,0,0,0,0,0,0,0,0
267,2017-04-20,09:34:06,500,IH1704,CCFX,2323.8,2321.2,2324.6,171,119176920,7523,7687,2554.6,2090.2,2322.4,2321.8,0.0,2323.4,0.0,0,0,2017-04-20,34446500,2323.2,2,0,0,0,0,0,0,0,0,2323.8,2,0,0,0,0,0,0,0,0
268,2017-04-20,09:34:07,0,IH1704,CCFX,2323.8,2321.2,2324.6,171,119176920,7523,7687,2554.6,2090.2,2322.4,2321.8,0.0,2323.4,0.0,0,0,2017-04-20,34447000,2323.4,1,0,0,0,0,0,0,0,0,2323.8,2,0,0,0,0,0,0,0,0
269,2017-04-20,09:34:07,500,IH1704,CCFX,2323.4,2321.2,2324.6,172,119873940,7522,7687,2554.6,2090.2,2322.4,2321.8,0.0,2323.4,0.0,0,0,2017-04-20,34447500,2323.2,2,0,0,0,0,0,0,0,0,2323.8,2,0,0,0,0,0,0,0,0
270,2017-04-20,09:34:08,0,IH1704,CCFX,2323.4,2321.2,2324.6,172,119873940,7522,7687,2554.6,2090.2,2322.4,2321.8,0.0,2323.4,0.0,0,0,2017-04-20,34448000,2323.2,2,0,0,0,0,0,0,0,0,2323.6,1,0,0,0,0,0,0,0,0
271,2017-04-20,09:34:09,0,IH1704,CCFX,2323.4,2321.2,2324.6,172,119873940,7522,7687,2554.6,2090.2,2322.4,2321.8,0.0,2323.4,0.0,0,0,2017-04-20,34449000,2323.4,1,0,0,0,0,0,0,0,0,2323.6,1,0,0,0,0,0,0,0,0
272,2017-04-20,09:34:09,500,IH1704,CCFX,2323.4,2321.2,2324.6,172,119873940,7522,7687,2554.6,2090.2,2322.4,2321.8,0.0,2323.4,0.0,0,0,2017-04-20,34449500,2323.4,1,0,0,0,0,0,0,0,0,2323.6,1,0,0,0,0,0,0,0,0
273,2017-04-20,09:34:12,0,IH1704,CCFX,2323.4,2321.2,2324.6,173,120570960,7521,7687,2554.6,2090.2,2322.4,2321.8,0.0,2323.4,0.0,0,0,2017-04-20,34452000,2323.2,1,0,0,0,0,0,0,0,0,2323.6,2,0,0,0,0,0,0,0,0
274,2017-04-20,09:34:12,500,IH1704,CCFX,2323.4,2321.2,2324.6,173,120570960,7521,7687,2554.6,2090.2,2322.4,2321.8,0.0,2323.4,0.0,0,0,2017-04-20,34452500,2323.4,1,0,0,0,0,0,0,0,0,2323.6,2,0,0,0,0,0,0,0,0
275,2017-04-20,09:34:14,500,IH1704,CCFX,2323.4,2321.2,2324.6,173,120570960,7521,7687,2554.6,2090.2,2322.4,2321.8,0.0,2323.4,0.0,0,0,2017-04-20,34454500,2323.4,1,0,0,0,0,0,0,0,0,2323.6,2,0,0,0,0,0,0,0,0
276,2017-04-20,09:34:15,0,IH1704,CCFX,2323.4,2321.2,2324.6,174,121267980,7520,7687,2554.6,2090.2,2322.4,2321.8,0.0,2323.4,0.0,0,0,2017-04-20,34455000,2323.2,1,0,0,0,0,0,0,0,0,2323.6,2,0,0,0,0,0,0,0,0
277,2017-04-20,09:34:15,500,IH1704,CCFX,2323.4,2321.2,2324.6,174,121267980,7520,7687,2554.6,2090.2,2322.4,2321.8,0.0,2323.4,0.0,0,0,2017-04-20,34455500,2323.2,1,0,0,0,0,0,0,0,0,2323.4,1,0,0,0,0,0,0,0,0
278,2017-04-20,09:34:16,0,IH1704,CCFX,2323.4,2321.2,2324.6,175,121965000,7519,7687,2554.6,2090.2,2322.4,2321.8,0.0,2323.4,0.0,0,0,2017-04-20,34456000,2323.2,1,0,0,0,0,0,0,0,0,2323.6,2,0,0,0,0,0,0,0,0
279,2017-04-20,09:34:19,0,IH1704,CCFX,2323.4,2321.2,2324.6,175,121965000,7519,7687,2554.6,2090.2,2322.4,2321.8,0.0,2323.4,0.0,0,0,2017-04-20,34459000,2323.2,1,0,0,0,0,0,0,0,0,2323.4,1,0,0,0,0,0,0,0,0
280,2017-04-20,09:34:19,500,IH1704,CCFX,2323.4,2321.2,2324.6,175,121965000,7519,7687,2554.6,2090.2,2322.4,2321.8,0.0,2323.4,0.0,0,0,2017-04-20,34459500,2323.2,2,0,0,0,0,0,0,0,0,2323.4,1,0,0,0,0,0,0,0,0
281,2017-04-20,09:34:20,0,IH1704,CCFX,2323.4,2321.2,2324.6,175,121965000,7519,7687,2554.6,2090.2,2322.4,2321.8,0.0,2323.4,0.0,0,0,2017-04-20,34460000,2323.2,1,0,0,0,0,0,0,0,0,2323.4,1,0,0,0,0,0,0,0,0
282,2017-04-20,09:34:21,500,IH1704,CCFX,2323.4,2321.2,2324.6,176,122662020,7518,7687,2554.6,2090.2,2322.4,2321.8,0.0,2323.4,0.0,0,0,2017-04-20,34461500,2323.2,1,0,0,0,0,0,0,0,0,2323.6,2,0,0,0,0,0,0,0,0
283,2017-04-20,09:34:23,0,IH1704,CCFX,2323.4,2321.2,2324.6,177,123359040,7517,7687,2554.6,2090.2,2322.4,2321.8,0.0,2323.4,0.0,0,0,2017-04-20,34463000,2323.2,1,0,0,0,0,0,0,0,0,2323.6,2,0,0,0,0,0,0,0,0
284,2017-04-20,09:34:25,500,IH1704,CCFX,2323.4,2321.2,2324.6,177,123359040,7517,7687,2554.6,2090.2,2322.4,2321.8,0.0,2323.4,0.0,0,0,2017-04-20,34465500,2323.2,1,0,0,0,0,0,0,0,0,2323.4,1,0,0,0,0,0,0,0,0
285,2017-04-20,09:34:27,500,IH1704,CCFX,2323.4,2321.2,2324.6,177,123359040,7517,7687,2554.6,2090.2,2322.4,2321.8,0.0,2323.4,0.0,0,0,2017-04-20,34467500,2323.2,1,0,0,0,0,0,0,0,0,2323.6,2,0,0,0,0,0,0,0,0
286,2017-04-20,09:34:30,0,IH1704,CCFX,2323.4,2321.2,2324.6,177,123359040,7517,7687,2554.6,2090.2,2322.4,2321.8,0.0,2323.4,0.0,0,0,2017-04-20,34470000,2323.2,1,0,0,0,0,0,0,0,0,2323.6,1,0,0,0,0,0,0,0,0
287,2017-04-20,09:34:32,0,IH1704,CCFX,2323.4,2321.2,2324.6,177,123359040,7517,7687,2554.6,2090.2,2322.4,2321.8,0.0,2323.4,0.0,0,0,2017-04-20,34472000,2323.2,1,0,0,0,0,0,0,0,0,2323.4,1,0,0,0,0,0,0,0,0
288,2017-04-20,09:34:34,500,IH1704,CCFX,2323.4,2321.2,2324.6,177,123359040,7517,7687,2554.6,2090.2,2322.4,2321.8,0.0,2323.4,0.0,0,0,2017-04-20,34474500,2323.2,2,0,0,0,0,0,0,0,0,2323.4,1,0,0,0,0,0,0,0,0
289,2017-04-20,09:34:35,0,IH1704,CCFX,2323.2,2321.2,2324.6,179,124752960,7515,7687,2554.6,2090.2,2322.4,2321.8,0.0,2323.4,0.0,0,0,2017-04-20,34475000,2323.0,2,0,0,0,0,0,0,0,0,2323.2,1,0,0,0,0,0,0,0,0
290,2017-04-20,09:34:36,0,IH1704,CCFX,2323.0,2321.2,2324.6,181,126146760,7513,7687,2554.6,2090.2,2322.4,2321.8,0.0,2323.4,0.0,0,0,2017-04-20,34476000,2322.8,1,0,0,0,0,0,0,0,0,2323.2,1,0,0,0,0,0,0,0,0
291,2017-04-20,09:34:37,0,IH1704,CCFX,2323.0,2321.2,2324.6,181,126146760,7513,7687,2554.6,2090.2,2322.4,2321.8,0.0,2323.4,0.0,0,0,2017-04-20,34477000,2323.0,1,0,0,0,0,0,0,0,0,2323.2,1,0,0,0,0,0,0,0,0
292,2017-04-20,09:34:37,500,IH1704,CCFX,2323.0,2321.2,2324.6,182,126843660,7512,7687,2554.6,2090.2,2322.4,2321.8,0.0,2323.4,0.0,0,0,2017-04-20,34477500,2322.8,1,0,0,0,0,0,0,0,0,2323.2,1,0,0,0,0,0,0,0,0
293,2017-04-20,09:34:39,500,IH1704,CCFX,2323.0,2321.2,2324.6,182,126843660,7512,7687,2554.6,2090.2,2322.4,2321.8,0.0,2323.4,0.0,0,0,2017-04-20,34479500,2322.8,2,0,0,0,0,0,0,0,0,2323.2,1,0,0,0,0,0,0,0,0
294,2017-04-20,09:34:41,0,IH1704,CCFX,2323.0,2321.2,2324.6,182,126843660,7512,7687,2554.6,2090.2,2322.4,2321.8,0.0,2323.4,0.0,0,0,2017-04-20,34481000,2323.0,1,0,0,0,0,0,0,0,0,2323.2,1,0,0,0,0,0,0,0,0
295,2017-04-20,09:34:41,500,IH1704,CCFX,2323.0,2321.2,2324.6,182,126843660,7512,7687,2554.6,2090.2,2322.4,2321.8,0.0,2323.4,0.0,0,0,2017-04-20,34481500,2323.0,1,0,0,0,0,0,0,0,0,2323.2,1,0,0,0,0,0,0,0,0
296,2017-04-20,09:34:42,0,IH1704,CCFX,2323.0,2321.2,2324.6,183,127540560,7511,7687,2554.6,2090.2,2322.4,2321.8,0.0,2323.4,0.0,0,0,2017-04-20,34482000,2322.8,2,0,0,0,0,0,0,0,0,2323.2,1,0,0,0,0,0,0,0,0
297,2017-04-20,09:34:42,500,IH1704,CCFX,2323.0,2321.2,2324.6,183,127540560,7511,7687,2554.6,2090.2,2322.4,2321.8,0.0,2323.4,0.0,0,0,2017-04-20,34482500,2323.0,1,0,0,0,0,0,0,0,0,2323.2,1,0,0,0,0,0,0,0,0
298,2017-04-20,09:34:46,500,IH1704,CCFX,2322.8,2321.2,2324.6,185,128934300,7509,7687,2554.6,2090.2,2322.4,2321.8,0.0,2323.4,0.0,0,0,2017-04-20,34486500,2322.8,1,0,0,0,0,0,0,0,0,2323.2,1,0,0,0,0,0,0,0,0
299,2017-04-20,09:34:49,0,IH1704,CCFX,2322.8,2321.2,2324.6,185,128934300,7509,7687,2554.6,2090.2,2322.4,2321.8,0.0,2323.4,0.0,0,0,2017-04-20,34489000,2322.8,1,0,0,0,0,0,0,0,0,2323.2,1,0,0,0,0,0,0,0,0
300,2017-04-20,09:34:50,500,IH1704,CCFX,2323.2,2321.2,2324.6,186,129631260,7508,7687,2554.6,2090.2,2322.4,2321.8,0.0,2323.4,0.0,0,0,2017-04-20,34490500,2323.0,1,0,0,0,0,0,0,0,0,2323.6,1,0,0,0,0,0,0,0,0
301,2017-04-20,09:34:51,0,IH1704,CCFX,2323.2,2321.2,2324.6,186,129631260,7508,7687,2554.6,2090.2,2322.4,2321.8,0.0,2323.4,0.0,0,0,2017-04-20,34491000,2323.0,1,0,0,0,0,0,0,0,0,2323.4,1,0,0,0,0,0,0,0,0
302,2017-04-20,09:34:52,500,IH1704,CCFX,2323.2,2321.2,2324.6,186,129631260,7508,7687,2554.6,2090.2,2322.4,2321.8,0.0,2323.4,0.0,0,0,2017-04-20,34492500,2323.2,1,0,0,0,0,0,0,0,0,2323.4,1,0,0,0,0,0,0,0,0
303,2017-04-20,09:34:54,0,IH1704,CCFX,2323.2,2321.2,2324.6,186,129631260,7508,7687,2554.6,2090.2,2322.4,2321.8,0.0,2323.4,0.0,0,0,2017-04-20,34494000,2323.2,1,0,0,0,0,0,0,0,0,2323.4,2,0,0,0,0,0,0,0,0
304,2017-04-20,09:34:54,500,IH1704,CCFX,2323.2,2321.2,2324.6,187,130328220,7507,7687,2554.6,2090.2,2322.4,2321.8,0.0,2323.4,0.0,0,0,2017-04-20,34494500,2323.2,1,0,0,0,0,0,0,0,0,2323.4,2,0,0,0,0,0,0,0,0
305,2017-04-20,09:34:55,0,IH1704,CCFX,2323.2,2321.2,2324.6,187,130328220,7507,7687,2554.6,2090.2,2322.4,2321.8,0.0,2323.4,0.0,0,0,2017-04-20,34495000,2323.2,2,0,0,0,0,0,0,0,0,2323.4,2,0,0,0,0,0,0,0,0
306,2017-04-20,09:34:56,0,IH1704,CCFX,2323.2,2321.2,2324.6,190,132419220,7504,7687,2554.6,2090.2,2322.4,2321.8,0.0,2323.4,0.0,0,0,2017-04-20,34496000,2323.2,1,0,0,0,0,0,0,0,0,2323.6,1,0,0,0,0,0,0,0,0
307,2017-04-20,09:34:59,500,IH1704,CCFX,2323.2,2321.2,2324.6,190,132419220,7504,7687,2554.6,2090.2,2322.4,2321.8,0.0,2323.4,0.0,0,0,2017-04-20,34499500,2323.4,1,0,0,0,0,0,0,0,0,2323.6,1,0,0,0,0,0,0,0,0
308,2017-04-20,09:35:01,0,IH1704,CCFX,2323.2,2321.2,2324.6,191,133116180,7503,7687,2554.6,2090.2,2322.4,2321.8,0.0,2323.4,0.0,0,0,2017-04-20,34501000,2323.2,1,0,0,0,0,0,0,0,0,2323.6,1,0,0,0,0,0,0,0,0
309,2017-04-20,09:35:01,500,IH1704,CCFX,2323.6,2321.2,2324.6,192,133813260,7502,7687,2554.6,2090.2,2322.4,2321.8,0.0,2323.4,0.0,0,0,2017-04-20,34501500,2323.6,1,0,0,0,0,0,0,0,0,2323.8,1,0,0,0,0,0,0,0,0
310,2017-04-20,09:35:02,0,IH1704,CCFX,2323.6,2321.2,2324.6,193,134510340,7501,7687,2554.6,2090.2,2322.4,2321.8,0.0,2323.4,0.0,0,0,2017-04-20,34502000,2323.2,1,0,0,0,0,0,0,0,0,2323.8,1,0,0,0,0,0,0,0,0
311,2017-04-20,09:35:02,500,IH1704,CCFX,2323.6,2321.2,2324.6,193,134510340,7501,7687,2554.6,2090.2,2322.4,2321.8,0.0,2323.4,0.0,0,0,2017-04-20,34502500,2323.6,1,0,0,0,0,0,0,0,0,2323.8,1,0,0,0,0,0,0,0,0
312,2017-04-20,09:35:03,0,IH1704,CCFX,2323.4,2321.2,2324.6,194,135207360,7500,7687,2554.6,2090.2,2322.4,2321.8,0.0,2323.4,0.0,0,0,2017-04-20,34503000,2323.2,1,0,0,0,0,0,0,0,0,2323.6,1,0,0,0,0,0,0,0,0
313,2017-04-20,09:35:03,500,IH1704,CCFX,2323.6,2321.2,2324.6,195,135904440,7499,7687,2554.6,2090.2,2322.4,2321.8,0.0,2323.4,0.0,0,0,2017-04-20,34503500,2323.6,2,0,0,0,0,0,0,0,0,2323.8,1,0,0,0,0,0,0,0,0
314,2017-04-20,09:35:04,0,IH1704,CCFX,2323.6,2321.2,2324.6,195,135904440,7499,7687,2554.6,2090.2,2322.4,2321.8,0.0,2323.4,0.0,0,0,2017-04-20,34504000,2323.6,1,0,0,0,0,0,0,0,0,2323.8,1,0,0,0,0,0,0,0,0
315,2017-04-20,09:35:04,500,IH1704,CCFX,2323.6,2321.2,2324.6,195,135904440,7499,7687,2554.6,2090.2,2322.4,2321.8,0.0,2323.4,0.0,0,0,2017-04-20,34504500,2323.2,1,0,0,0,0,0,0,0,0,2323.8,1,0,0,0,0,0,0,0,0
316,2017-04-20,09:35:05,0,IH1704,CCFX,2323.6,2321.2,2324.6,195,135904440,7499,7687,2554.6,2090.2,2322.4,2321.8,0.0,2323.4,0.0,0,0,2017-04-20,34505000,2323.4,1,0,0,0,0,0,0,0,0,2323.8,1,0,0,0,0,0,0,0,0
317,2017-04-20,09:35:05,500,IH1704,CCFX,2323.6,2321.2,2324.6,195,135904440,7499,7687,2554.6,2090.2,2322.4,2321.8,0.0,2323.4,0.0,0,0,2017-04-20,34505500,2323.4,1,0,0,0,0,0,0,0,0,2323.8,1,0,0,0,0,0,0,0,0
318,2017-04-20,09:35:06,500,IH1704,CCFX,2323.6,2321.2,2324.6,195,135904440,7499,7687,2554.6,2090.2,2322.4,2321.8,0.0,2323.4,0.0,0,0,2017-04-20,34506500,2323.4,1,0,0,0,0,0,0,0,0,2323.8,1,0,0,0,0,0,0,0,0
319,2017-04-20,09:35:07,0,IH1704,CCFX,2323.8,2321.2,2324.6,196,136601580,7498,7687,2554.6,2090.2,2322.4,2321.8,0.0,2323.4,0.0,0,0,2017-04-20,34507000,2323.4,1,0,0,0,0,0,0,0,0,2323.6,3,0,0,0,0,0,0,0,0
320,2017-04-20,09:35:09,0,IH1704,CCFX,2323.8,2321.2,2324.6,196,136601580,7498,7687,2554.6,2090.2,2322.4,2321.8,0.0,2323.4,0.0,0,0,2017-04-20,34509000,2323.4,2,0,0,0,0,0,0,0,0,2323.6,3,0,0,0,0,0,0,0,0
321,2017-04-20,09:35:09,500,IH1704,CCFX,2323.8,2321.2,2324.6,196,136601580,7498,7687,2554.6,2090.2,2322.4,2321.8,0.0,2323.4,0.0,0,0,2017-04-20,34509500,2323.4,2,0,0,0,0,0,0,0,0,2323.6,3,0,0,0,0,0,0,0,0
322,2017-04-20,09:35:11,500,IH1704,CCFX,2323.6,2321.2,2324.6,198,137995740,7496,7687,2554.6,2090.2,2322.4,2321.8,0.0,2323.4,0.0,0,0,2017-04-20,34511500,2323.4,2,0,0,0,0,0,0,0,0,2323.6,1,0,0,0,0,0,0,0,0
323,2017-04-20,09:35:12,0,IH1704,CCFX,2323.6,2321.2,2324.6,199,138692820,7495,7687,2554.6,2090.2,2322.4,2321.8,0.0,2323.4,0.0,0,0,2017-04-20,34512000,2323.6,5,0,0,0,0,0,0,0,0,2324.0,4,0,0,0,0,0,0,0,0
324,2017-04-20,09:35:12,500,IH1704,CCFX,2323.6,2321.2,2324.6,200,139389900,7494,7687,2554.6,2090.2,2322.4,2321.8,0.0,2323.4,0.0,0,0,2017-04-20,34512500,2323.6,4,0,0,0,0,0,0,0,0,2324.0,4,0,0,0,0,0,0,0,0
325,2017-04-20,09:35:13,0,IH1704,CCFX,2323.6,2321.2,2324.6,201,140086980,7493,7687,2554.6,2090.2,2322.4,2321.8,0.0,2323.4,0.0,0,0,2017-04-20,34513000,2323.6,3,0,0,0,0,0,0,0,0,2323.8,1,0,0,0,0,0,0,0,0
326,2017-04-20,09:35:13,500,IH1704,CCFX,2323.6,2321.2,2324.6,203,141481140,7491,7687,2554.6,2090.2,2322.4,2321.8,0.0,2323.4,0.0,0,0,2017-04-20,34513500,2323.6,1,0,0,0,0,0,0,0,0,2323.8,1,0,0,0,0,0,0,0,0
327,2017-04-20,09:35:14,0,IH1704,CCFX,2323.6,2321.2,2324.6,203,141481140,7491,7687,2554.6,2090.2,2322.4,2321.8,0.0,2323.4,0.0,0,0,2017-04-20,34514000,2323.6,1,0,0,0,0,0,0,0,0,2323.8,3,0,0,0,0,0,0,0,0
328,2017-04-20,09:35:14,500,IH1704,CCFX,2323.6,2321.2,2324.6,204,142178220,7490,7687,2554.6,2090.2,2322.4,2321.8,0.0,2323.4,0.0,0,0,2017-04-20,34514500,2323.4,2,0,0,0,0,0,0,0,0,2323.6,1,0,0,0,0,0,0,0,0
329,2017-04-20,09:35:15,0,IH1704,CCFX,2323.6,2321.2,2324.6,205,142875300,7489,7687,2554.6,2090.2,2322.4,2321.8,0.0,2323.4,0.0,0,0,2017-04-20,34515000,2323.4,3,0,0,0,0,0,0,0,0,2323.8,3,0,0,0,0,0,0,0,0
330,2017-04-20,09:35:16,0,IH1704,CCFX,2323.6,2321.2,2324.6,205,142875300,7489,7687,2554.6,2090.2,2322.4,2321.8,0.0,2323.4,0.0,0,0,2017-04-20,34516000,2323.4,3,0,0,0,0,0,0,0,0,2323.6,1,0,0,0,0,0,0,0,0
331,2017-04-20,09:35:16,500,IH1704,CCFX,2323.6,2321.2,2324.6,206,143572380,7488,7687,2554.6,2090.2,2322.4,2321.8,0.0,2323.4,0.0,0,0,2017-04-20,34516500,2323.4,3,0,0,0,0,0,0,0,0,2323.8,3,0,0,0,0,0,0,0,0
332,2017-04-20,09:35:17,0,IH1704,CCFX,2323.6,2321.2,2324.6,206,143572380,7488,7687,2554.6,2090.2,2322.4,2321.8,0.0,2323.4,0.0,0,0,2017-04-20,34517000,2323.6,1,0,0,0,0,0,0,0,0,2323.8,2,0,0,0,0,0,0,0,0
333,2017-04-20,09:35:17,500,IH1704,CCFX,2323.8,2321.2,2324.6,208,144966660,7486,7687,2554.6,2090.2,2322.4,2321.8,0.0,2323.4,0.0,0,0,2017-04-20,34517500,2323.6,1,0,0,0,0,0,0,0,0,2324.0,4,0,0,0,0,0,0,0,0
334,2017-04-20,09:35:19,0,IH1704,CCFX,2323.8,2321.2,2324.6,208,144966660,7486,7687,2554.6,2090.2,2322.4,2321.8,0.0,2323.4,0.0,0,0,2017-04-20,34519000,2323.6,1,0,0,0,0,0,0,0,0,2324.0,4,0,0,0,0,0,0,0,0
335,2017-04-20,09:35:20,0,IH1704,CCFX,2323.8,2321.2,2324.6,208,144966660,7486,7687,2554.6,2090.2,2322.4,2321.8,0.0,2323.4,0.0,0,0,2017-04-20,34520000,2323.6,2,0,0,0,0,0,0,0,0,2324.0,4,0,0,0,0,0,0,0,0
336,2017-04-20,09:35:21,0,IH1704,CCFX,2323.6,2321.2,2324.6,210,146360820,7484,7687,2554.6,2090.2,2322.4,2321.8,0.0,2323.4,0.0,0,0,2017-04-20,34521000,2323.4,4,0,0,0,0,0,0,0,0,2324.0,4,0,0,0,0,0,0,0,0
337,2017-04-20,09:35:21,500,IH1704,CCFX,2324.0,2321.2,2324.6,211,147058020,7484,7687,2554.6,2090.2,2322.4,2321.8,0.0,2323.4,0.0,0,0,2017-04-20,34521500,2323.4,4,0,0,0,0,0,0,0,0,2324.0,3,0,0,0,0,0,0,0,0
338,2017-04-20,09:35:22,0,IH1704,CCFX,2324.0,2321.2,2324.6,211,147058020,7484,7687,2554.6,2090.2,2322.4,2321.8,0.0,2323.4,0.0,0,0,2017-04-20,34522000,2323.6,1,0,0,0,0,0,0,0,0,2324.0,3,0,0,0,0,0,0,0,0
339,2017-04-20,09:35:22,500,IH1704,CCFX,2324.0,2321.2,2324.6,211,147058020,7484,7687,2554.6,2090.2,2322.4,2321.8,0.0,2323.4,0.0,0,0,2017-04-20,34522500,2323.6,2,0,0,0,0,0,0,0,0,2324.0,3,0,0,0,0,0,0,0,0
340,2017-04-20,09:35:23,0,IH1704,CCFX,2324.0,2321.2,2324.6,211,147058020,7484,7687,2554.6,2090.2,2322.4,2321.8,0.0,2323.4,0.0,0,0,2017-04-20,34523000,2323.6,2,0,0,0,0,0,0,0,0,2323.8,1,0,0,0,0,0,0,0,0
341,2017-04-20,09:35:23,500,IH1704,CCFX,2324.0,2321.2,2324.6,211,147058020,7484,7687,2554.6,2090.2,2322.4,2321.8,0.0,2323.4,0.0,0,0,2017-04-20,34523500,2323.6,2,0,0,0,0,0,0,0,0,2323.8,3,0,0,0,0,0,0,0,0
342,2017-04-20,09:35:25,0,IH1704,CCFX,2324.0,2321.2,2324.6,211,147058020,7484,7687,2554.6,2090.2,2322.4,2321.8,0.0,2323.4,0.0,0,0,2017-04-20,34525000,2323.6,2,0,0,0,0,0,0,0,0,2323.8,3,0,0,0,0,0,0,0,0
343,2017-04-20,09:35:27,0,IH1704,CCFX,2323.8,2321.2,2324.6,212,147755160,7483,7687,2554.6,2090.2,2322.4,2321.8,0.0,2323.4,0.0,0,0,2017-04-20,34527000,2323.6,1,0,0,0,0,0,0,0,0,2323.8,2,0,0,0,0,0,0,0,0
344,2017-04-20,09:35:27,500,IH1704,CCFX,2323.8,2321.2,2324.6,213,148452300,7482,7687,2554.6,2090.2,2322.4,2321.8,0.0,2323.4,0.0,0,0,2017-04-20,34527500,2323.6,1,0,0,0,0,0,0,0,0,2323.8,1,0,0,0,0,0,0,0,0
345,2017-04-20,09:35:28,0,IH1704,CCFX,2323.8,2321.2,2324.6,213,148452300,7482,7687,2554.6,2090.2,2322.4,2321.8,0.0,2323.4,0.0,0,0,2017-04-20,34528000,2323.6,1,0,0,0,0,0,0,0,0,2323.8,1,0,0,0,0,0,0,0,0
346,2017-04-20,09:35:28,500,IH1704,CCFX,2323.6,2321.2,2324.6,214,149149380,7481,7687,2554.6,2090.2,2322.4,2321.8,0.0,2323.4,0.0,0,0,2017-04-20,34528500,2323.4,4,0,0,0,0,0,0,0,0,2323.6,1,0,0,0,0,0,0,0,0
347,2017-04-20,09:35:29,0,IH1704,CCFX,2323.6,2321.2,2324.6,215,149846460,7481,7687,2554.6,2090.2,2322.4,2321.8,0.0,2323.4,0.0,0,0,2017-04-20,34529000,2323.6,1,0,0,0,0,0,0,0,0,2323.8,1,0,0,0,0,0,0,0,0
348,2017-04-20,09:35:30,500,IH1704,CCFX,2323.6,2321.2,2324.6,215,149846460,7481,7687,2554.6,2090.2,2322.4,2321.8,0.0,2323.4,0.0,0,0,2017-04-20,34530500,2323.6,1,0,0,0,0,0,0,0,0,2323.8,2,0,0,0,0,0,0,0,0
349,2017-04-20,09:35:31,0,IH1704,CCFX,2323.6,2321.2,2324.6,216,150543540,7480,7687,2554.6,2090.2,2322.4,2321.8,0.0,2323.4,0.0,0,0,2017-04-20,34531000,2323.4,4,0,0,0,0,0,0,0,0,2323.6,3,0,0,0,0,0,0,0,0
350,2017-04-20,09:35:31,500,IH1704,CCFX,2323.6,2321.2,2324.6,216,150543540,7480,7687,2554.6,2090.2,2322.4,2321.8,0.0,2323.4,0.0,0,0,2017-04-20,34531500,2323.4,5,0,0,0,0,0,0,0,0,2323.6,3,0,0,0,0,0,0,0,0
351,2017-04-20,09:35:33,500,IH1704,CCFX,2323.6,2321.2,2324.6,217,151240620,7479,7687,2554.6,2090.2,2322.4,2321.8,0.0,2323.4,0.0,0,0,2017-04-20,34533500,2323.4,5,0,0,0,0,0,0,0,0,2323.6,2,0,0,0,0,0,0,0,0
352,2017-04-20,09:35:35,0,IH1704,CCFX,2323.6,2321.2,2324.6,217,151240620,7479,7687,2554.6,2090.2,2322.4,2321.8,0.0,2323.4,0.0,0,0,2017-04-20,34535000,2323.4,5,0,0,0,0,0,0,0,0,2323.6,3,0,0,0,0,0,0,0,0
353,2017-04-20,09:35:35,500,IH1704,CCFX,2323.6,2321.2,2324.6,219,152634780,7477,7687,2554.6,2090.2,2322.4,2321.8,0.0,2323.4,0.0,0,0,2017-04-20,34535500,2323.4,5,0,0,0,0,0,0,0,0,2323.6,1,0,0,0,0,0,0,0,0
354,2017-04-20,09:35:38,0,IH1704,CCFX,2323.6,2321.2,2324.6,219,152634780,7477,7687,2554.6,2090.2,2322.4,2321.8,0.0,2323.4,0.0,0,0,2017-04-20,34538000,2323.4,5,0,0,0,0,0,0,0,0,2323.6,1,0,0,0,0,0,0,0,0
355,2017-04-20,09:35:38,500,IH1704,CCFX,2323.6,2321.2,2324.6,219,152634780,7477,7687,2554.6,2090.2,2322.4,2321.8,0.0,2323.4,0.0,0,0,2017-04-20,34538500,2323.4,5,0,0,0,0,0,0,0,0,2323.6,1,0,0,0,0,0,0,0,0
356,2017-04-20,09:35:44,0,IH1704,CCFX,2323.6,2321.2,2324.6,219,152634780,7477,7687,2554.6,2090.2,2322.4,2321.8,0.0,2323.4,0.0,0,0,2017-04-20,34544000,2323.4,5,0,0,0,0,0,0,0,0,2323.6,1,0,0,0,0,0,0,0,0
357,2017-04-20,09:35:46,500,IH1704,CCFX,2323.6,2321.2,2324.6,219,152634780,7477,7687,2554.6,2090.2,2322.4,2321.8,0.0,2323.4,0.0,0,0,2017-04-20,34546500,2323.4,5,0,0,0,0,0,0,0,0,2323.6,1,0,0,0,0,0,0,0,0
358,2017-04-20,09:35:47,500,IH1704,CCFX,2323.6,2321.2,2324.6,219,152634780,7477,7687,2554.6,2090.2,2322.4,2321.8,0.0,2323.4,0.0,0,0,2017-04-20,34547500,2323.4,4,0,0,0,0,0,0,0,0,2323.6,1,0,0,0,0,0,0,0,0
359,2017-04-20,09:35:48,0,IH1704,CCFX,2323.6,2321.2,2324.6,220,153331860,7476,7687,2554.6,2090.2,2322.4,2321.8,0.0,2323.4,0.0,0,0,2017-04-20,34548000,2323.4,4,0,0,0,0,0,0,0,0,2323.8,4,0,0,0,0,0,0,0,0
360,2017-04-20,09:35:49,0,IH1704,CCFX,2323.8,2321.2,2324.6,221,154029000,7475,7687,2554.6,2090.2,2322.4,2321.8,0.0,2323.4,0.0,0,0,2017-04-20,34549000,2323.6,1,0,0,0,0,0,0,0,0,2323.8,3,0,0,0,0,0,0,0,0
361,2017-04-20,09:35:51,0,IH1704,CCFX,2323.6,2321.2,2324.6,222,154726080,7474,7687,2554.6,2090.2,2322.4,2321.8,0.0,2323.4,0.0,0,0,2017-04-20,34551000,2323.4,4,0,0,0,0,0,0,0,0,2323.8,3,0,0,0,0,0,0,0,0
362,2017-04-20,09:35:51,500,IH1704,CCFX,2323.6,2321.2,2324.6,222,154726080,7474,7687,2554.6,2090.2,2322.4,2321.8,0.0,2323.4,0.0,0,0,2017-04-20,34551500,2323.4,4,0,0,0,0,0,0,0,0,2323.8,3,0,0,0,0,0,0,0,0
363,2017-04-20,09:35:52,500,IH1704,CCFX,2323.6,2321.2,2324.6,222,154726080,7474,7687,2554.6,2090.2,2322.4,2321.8,0.0,2323.4,0.0,0,0,2017-04-20,34552500,2323.4,4,0,0,0,0,0,0,0,0,2323.8,2,0,0,0,0,0,0,0,0
364,2017-04-20,09:35:54,500,IH1704,CCFX,2323.6,2321.2,2324.6,222,154726080,7474,7687,2554.6,2090.2,2322.4,2321.8,0.0,2323.4,0.0,0,0,2017-04-20,34554500,2323.4,4,0,0,0,0,0,0,0,0,2323.6,1,0,0,0,0,0,0,0,0
365,2017-04-20,09:35:55,500,IH1704,CCFX,2323.6,2321.2,2324.6,222,154726080,7474,7687,2554.6,2090.2,2322.4,2321.8,0.0,2323.4,0.0,0,0,2017-04-20,34555500,2323.4,4,0,0,0,0,0,0,0,0,2323.6,2,0,0,0,0,0,0,0,0
366,2017-04-20,09:35:56,0,IH1704,CCFX,2323.4,2321.2,2324.6,226,157514160,7470,7687,2554.6,2090.2,2322.4,2321.8,0.0,2323.4,0.0,0,0,2017-04-20,34556000,2323.2,5,0,0,0,0,0,0,0,0,2323.4,1,0,0,0,0,0,0,0,0
367,2017-04-20,09:35:56,500,IH1704,CCFX,2323.4,2321.2,2324.6,227,158211180,7469,7687,2554.6,2090.2,2322.4,2321.8,0.0,2323.4,0.0,0,0,2017-04-20,34556500,2323.2,5,0,0,0,0,0,0,0,0,2323.6,2,0,0,0,0,0,0,0,0
368,2017-04-20,09:35:58,0,IH1704,CCFX,2323.2,2321.2,2324.6,228,158908140,7468,7687,2554.6,2090.2,2322.4,2321.8,0.0,2323.4,0.0,0,0,2017-04-20,34558000,2323.2,4,0,0,0,0,0,0,0,0,2323.6,2,0,0,0,0,0,0,0,0
369,2017-04-20,09:35:58,500,IH1704,CCFX,2323.2,2321.2,2324.6,229,159605100,7467,7687,2554.6,2090.2,2322.4,2321.8,0.0,2323.4,0.0,0,0,2017-04-20,34558500,2323.2,3,0,0,0,0,0,0,0,0,2323.4,1,0,0,0,0,0,0,0,0
370,2017-04-20,09:36:01,500,IH1704,CCFX,2323.2,2321.2,2324.6,230,160302060,7466,7687,2554.6,2090.2,2322.4,2321.8,0.0,2323.4,0.0,0,0,2017-04-20,34561500,2323.2,2,0,0,0,0,0,0,0,0,2323.4,1,0,0,0,0,0,0,0,0
371,2017-04-20,09:36:04,0,IH1704,CCFX,2323.2,2321.2,2324.6,232,161695980,7464,7687,2554.6,2090.2,2322.4,2321.8,0.0,2323.4,0.0,0,0,2017-04-20,34564000,2323.0,2,0,0,0,0,0,0,0,0,2323.4,1,0,0,0,0,0,0,0,0
372,2017-04-20,09:36:04,500,IH1704,CCFX,2323.0,2321.2,2324.6,233,162392880,7463,7687,2554.6,2090.2,2322.4,2321.8,0.0,2323.4,0.0,0,0,2017-04-20,34564500,2323.0,1,0,0,0,0,0,0,0,0,2323.4,1,0,0,0,0,0,0,0,0
373,2017-04-20,09:36:05,0,IH1704,CCFX,2323.2,2321.2,2324.6,234,163089840,7462,7687,2554.6,2090.2,2322.4,2321.8,0.0,2323.4,0.0,0,0,2017-04-20,34565000,2323.0,1,0,0,0,0,0,0,0,0,2323.4,1,0,0,0,0,0,0,0,0
374,2017-04-20,09:36:07,0,IH1704,CCFX,2323.0,2321.2,2324.6,235,163786740,7461,7687,2554.6,2090.2,2322.4,2321.8,0.0,2323.4,0.0,0,0,2017-04-20,34567000,2322.8,2,0,0,0,0,0,0,0,0,2323.4,1,0,0,0,0,0,0,0,0
375,2017-04-20,09:36:08,0,IH1704,CCFX,2323.0,2321.2,2324.6,235,163786740,7461,7687,2554.6,2090.2,2322.4,2321.8,0.0,2323.4,0.0,0,0,2017-04-20,34568000,2323.0,1,0,0,0,0,0,0,0,0,2323.4,1,0,0,0,0,0,0,0,0
376,2017-04-20,09:36:08,500,IH1704,CCFX,2323.0,2321.2,2324.6,236,164483640,7460,7687,2554.6,2090.2,2322.4,2321.8,0.0,2323.4,0.0,0,0,2017-04-20,34568500,2322.8,2,0,0,0,0,0,0,0,0,2323.0,1,0,0,0,0,0,0,0,0
377,2017-04-20,09:36:09,0,IH1704,CCFX,2323.0,2321.2,2324.6,236,164483640,7460,7687,2554.6,2090.2,2322.4,2321.8,0.0,2323.4,0.0,0,0,2017-04-20,34569000,2322.8,3,0,0,0,0,0,0,0,0,2323.0,1,0,0,0,0,0,0,0,0
378,2017-04-20,09:36:09,500,IH1704,CCFX,2323.0,2321.2,2324.6,236,164483640,7460,7687,2554.6,2090.2,2322.4,2321.8,0.0,2323.4,0.0,0,0,2017-04-20,34569500,2322.8,3,0,0,0,0,0,0,0,0,2323.4,1,0,0,0,0,0,0,0,0
379,2017-04-20,09:36:10,0,IH1704,CCFX,2323.0,2321.2,2324.6,236,164483640,7460,7687,2554.6,2090.2,2322.4,2321.8,0.0,2323.4,0.0,0,0,2017-04-20,34570000,2323.0,2,0,0,0,0,0,0,0,0,2323.4,1,0,0,0,0,0,0,0,0
380,2017-04-20,09:36:10,500,IH1704,CCFX,2323.0,2321.2,2324.6,236,164483640,7460,7687,2554.6,2090.2,2322.4,2321.8,0.0,2323.4,0.0,0,0,2017-04-20,34570500,2323.0,2,0,0,0,0,0,0,0,0,2323.4,1,0,0,0,0,0,0,0,0
381,2017-04-20,09:36:11,0,IH1704,CCFX,2323.0,2321.2,2324.6,238,165877440,7458,7687,2554.6,2090.2,2322.4,2321.8,0.0,2323.4,0.0,0,0,2017-04-20,34571000,2323.0,1,0,0,0,0,0,0,0,0,2323.4,1,0,0,0,0,0,0,0,0
382,2017-04-20,09:36:12,500,IH1704,CCFX,2323.0,2321.2,2324.6,239,166574340,7457,7687,2554.6,2090.2,2322.4,2321.8,0.0,2323.4,0.0,0,0,2017-04-20,34572500,2322.8,4,0,0,0,0,0,0,0,0,2323.0,1,0,0,0,0,0,0,0,0
383,2017-04-20,09:36:13,0,IH1704,CCFX,2322.8,2321.2,2324.6,243,169361700,7453,7687,2554.6,2090.2,2322.4,2321.8,0.0,2323.4,0.0,0,0,2017-04-20,34573000,2322.6,4,0,0,0,0,0,0,0,0,2323.4,1,0,0,0,0,0,0,0,0
384,2017-04-20,09:36:14,500,IH1704,CCFX,2322.8,2321.2,2324.6,243,169361700,7453,7687,2554.6,2090.2,2322.4,2321.8,0.0,2323.4,0.0,0,0,2017-04-20,34574500,2322.6,4,0,0,0,0,0,0,0,0,2323.2,1,0,0,0,0,0,0,0,0
385,2017-04-20,09:36:15,0,IH1704,CCFX,2322.6,2321.2,2324.6,244,170058480,7452,7687,2554.6,2090.2,2322.4,2321.8,0.0,2323.4,0.0,0,0,2017-04-20,34575000,2322.6,3,0,0,0,0,0,0,0,0,2323.2,1,0,0,0,0,0,0,0,0
386,2017-04-20,09:36:17,0,IH1704,CCFX,2322.6,2321.2,2324.6,244,170058480,7452,7687,2554.6,2090.2,2322.4,2321.8,0.0,2323.4,0.0,0,0,2017-04-20,34577000,2322.6,3,0,0,0,0,0,0,0,0,2323.2,1,0,0,0,0,0,0,0,0
387,2017-04-20,09:36:18,0,IH1704,CCFX,2322.6,2321.2,2324.6,244,170058480,7452,7687,2554.6,2090.2,2322.4,2321.8,0.0,2323.4,0.0,0,0,2017-04-20,34578000,2322.6,3,0,0,0,0,0,0,0,0,2323.2,2,0,0,0,0,0,0,0,0
388,2017-04-20,09:36:18,500,IH1704,CCFX,2322.6,2321.2,2324.6,244,170058480,7452,7687,2554.6,2090.2,2322.4,2321.8,0.0,2323.4,0.0,0,0,2017-04-20,34578500,2323.0,1,0,0,0,0,0,0,0,0,2323.2,2,0,0,0,0,0,0,0,0
389,2017-04-20,09:36:19,0,IH1704,CCFX,2323.0,2321.2,2324.6,245,170755380,7451,7687,2554.6,2090.2,2322.4,2321.8,0.0,2323.4,0.0,0,0,2017-04-20,34579000,2322.6,3,0,0,0,0,0,0,0,0,2323.0,1,0,0,0,0,0,0,0,0
390,2017-04-20,09:36:20,0,IH1704,CCFX,2323.0,2321.2,2324.6,245,170755380,7451,7687,2554.6,2090.2,2322.4,2321.8,0.0,2323.4,0.0,0,0,2017-04-20,34580000,2322.8,1,0,0,0,0,0,0,0,0,2323.0,1,0,0,0,0,0,0,0,0
391,2017-04-20,09:36:20,500,IH1704,CCFX,2323.0,2321.2,2324.6,245,170755380,7451,7687,2554.6,2090.2,2322.4,2321.8,0.0,2323.4,0.0,0,0,2017-04-20,34580500,2322.8,1,0,0,0,0,0,0,0,0,2323.0,1,0,0,0,0,0,0,0,0
392,2017-04-20,09:36:21,0,IH1704,CCFX,2323.0,2321.2,2324.6,245,170755380,7451,7687,2554.6,2090.2,2322.4,2321.8,0.0,2323.4,0.0,0,0,2017-04-20,34581000,2322.8,1,0,0,0,0,0,0,0,0,2323.0,1,0,0,0,0,0,0,0,0
393,2017-04-20,09:36:21,500,IH1704,CCFX,2323.0,2321.2,2324.6,245,170755380,7451,7687,2554.6,2090.2,2322.4,2321.8,0.0,2323.4,0.0,0,0,2017-04-20,34581500,2322.8,1,0,0,0,0,0,0,0,0,2323.0,1,0,0,0,0,0,0,0,0
394,2017-04-20,09:36:22,500,IH1704,CCFX,2323.0,2321.2,2324.6,245,170755380,7451,7687,2554.6,2090.2,2322.4,2321.8,0.0,2323.4,0.0,0,0,2017-04-20,34582500,2322.8,1,0,0,0,0,0,0,0,0,2323.2,2,0,0,0,0,0,0,0,0
395,2017-04-20,09:36:23,0,IH1704,CCFX,2322.8,2321.2,2324.6,246,171452220,7450,7687,2554.6,2090.2,2322.4,2321.8,0.0,2323.4,0.0,0,0,2017-04-20,34583000,2322.6,3,0,0,0,0,0,0,0,0,2323.2,2,0,0,0,0,0,0,0,0
396,2017-04-20,09:36:23,500,IH1704,CCFX,2322.6,2321.2,2324.6,247,172149000,7449,7687,2554.6,2090.2,2322.4,2321.8,0.0,2323.4,0.0,0,0,2017-04-20,34583500,2322.6,2,0,0,0,0,0,0,0,0,2322.8,1,0,0,0,0,0,0,0,0
397,2017-04-20,09:36:25,500,IH1704,CCFX,2322.6,2321.2,2324.6,247,172149000,7449,7687,2554.6,2090.2,2322.4,2321.8,0.0,2323.4,0.0,0,0,2017-04-20,34585500,2322.6,2,0,0,0,0,0,0,0,0,2322.8,1,0,0,0,0,0,0,0,0
398,2017-04-20,09:36:27,0,IH1704,CCFX,2322.6,2321.2,2324.6,247,172149000,7449,7687,2554.6,2090.2,2322.4,2321.8,0.0,2323.4,0.0,0,0,2017-04-20,34587000,2322.6,3,0,0,0,0,0,0,0,0,2322.8,1,0,0,0,0,0,0,0,0
399,2017-04-20,09:36:27,500,IH1704,CCFX,2322.6,2321.2,2324.6,250,174239400,7447,7687,2554.6,2090.2,2322.4,2321.8,0.0,2323.4,0.0,0,0,2017-04-20,34587500,2322.6,1,0,0,0,0,0,0,0,0,2323.2,2,0,0,0,0,0,0,0,0
400,2017-04-20,09:36:28,0,IH1704,CCFX,2322.6,2321.2,2324.6,251,174936180,7446,7687,2554.6,2090.2,2322.4,2321.8,0.0,2323.4,0.0,0,0,2017-04-20,34588000,2322.6,1,0,0,0,0,0,0,0,0,2323.2,2,0,0,0,0,0,0,0,0
401,2017-04-20,09:36:28,500,IH1704,CCFX,2322.6,2321.2,2324.6,251,174936180,7446,7687,2554.6,2090.2,2322.4,2321.8,0.0,2323.4,0.0,0,0,2017-04-20,34588500,2322.6,1,0,0,0,0,0,0,0,0,2323.2,2,0,0,0,0,0,0,0,0
402,2017-04-20,09:36:29,0,IH1704,CCFX,2322.6,2321.2,2324.6,252,175632960,7445,7687,2554.6,2090.2,2322.4,2321.8,0.0,2323.4,0.0,0,0,2017-04-20,34589000,2322.4,3,0,0,0,0,0,0,0,0,2323.2,2,0,0,0,0,0,0,0,0
403,2017-04-20,09:36:29,500,IH1704,CCFX,2322.6,2321.2,2324.6,252,175632960,7445,7687,2554.6,2090.2,2322.4,2321.8,0.0,2323.4,0.0,0,0,2017-04-20,34589500,2322.4,3,0,0,0,0,0,0,0,0,2323.2,2,0,0,0,0,0,0,0,0
404,2017-04-20,09:36:30,0,IH1704,CCFX,2322.6,2321.2,2324.6,252,175632960,7445,7687,2554.6,2090.2,2322.4,2321.8,0.0,2323.4,0.0,0,0,2017-04-20,34590000,2322.4,3,0,0,0,0,0,0,0,0,2323.0,1,0,0,0,0,0,0,0,0
405,2017-04-20,09:36:31,0,IH1704,CCFX,2322.6,2321.2,2324.6,252,175632960,7445,7687,2554.6,2090.2,2322.4,2321.8,0.0,2323.4,0.0,0,0,2017-04-20,34591000,2322.6,1,0,0,0,0,0,0,0,0,2323.0,1,0,0,0,0,0,0,0,0
406,2017-04-20,09:36:31,500,IH1704,CCFX,2322.6,2321.2,2324.6,253,176329740,7444,7687,2554.6,2090.2,2322.4,2321.8,0.0,2323.4,0.0,0,0,2017-04-20,34591500,2322.8,1,0,0,0,0,0,0,0,0,2323.0,1,0,0,0,0,0,0,0,0
407,2017-04-20,09:36:32,0,IH1704,CCFX,2322.6,2321.2,2324.6,253,176329740,7444,7687,2554.6,2090.2,2322.4,2321.8,0.0,2323.4,0.0,0,0,2017-04-20,34592000,2322.8,1,0,0,0,0,0,0,0,0,2323.0,2,0,0,0,0,0,0,0,0
408,2017-04-20,09:36:33,0,IH1704,CCFX,2322.6,2321.2,2324.6,253,176329740,7444,7687,2554.6,2090.2,2322.4,2321.8,0.0,2323.4,0.0,0,0,2017-04-20,34593000,2322.8,1,0,0,0,0,0,0,0,0,2323.0,4,0,0,0,0,0,0,0,0
409,2017-04-20,09:36:33,500,IH1704,CCFX,2322.8,2321.2,2324.6,254,177026580,7443,7687,2554.6,2090.2,2322.4,2321.8,0.0,2323.4,0.0,0,0,2017-04-20,34593500,2322.4,3,0,0,0,0,0,0,0,0,2323.0,4,0,0,0,0,0,0,0,0
410,2017-04-20,09:36:34,0,IH1704,CCFX,2322.4,2321.2,2324.6,256,178420020,7441,7687,2554.6,2090.2,2322.4,2321.8,0.0,2323.4,0.0,0,0,2017-04-20,34594000,2322.4,1,0,0,0,0,0,0,0,0,2323.0,4,0,0,0,0,0,0,0,0
411,2017-04-20,09:36:34,500,IH1704,CCFX,2323.0,2321.2,2324.6,257,179116920,7440,7687,2554.6,2090.2,2322.4,2321.8,0.0,2323.4,0.0,0,0,2017-04-20,34594500,2322.4,1,0,0,0,0,0,0,0,0,2323.0,3,0,0,0,0,0,0,0,0
412,2017-04-20,09:36:35,0,IH1704,CCFX,2323.0,2321.2,2324.6,257,179116920,7440,7687,2554.6,2090.2,2322.4,2321.8,0.0,2323.4,0.0,0,0,2017-04-20,34595000,2322.4,1,0,0,0,0,0,0,0,0,2323.0,3,0,0,0,0,0,0,0,0
413,2017-04-20,09:36:37,0,IH1704,CCFX,2323.0,2321.2,2324.6,257,179116920,7440,7687,2554.6,2090.2,2322.4,2321.8,0.0,2323.4,0.0,0,0,2017-04-20,34597000,2322.4,1,0,0,0,0,0,0,0,0,2323.0,3,0,0,0,0,0,0,0,0
414,2017-04-20,09:36:38,0,IH1704,CCFX,2323.0,2321.2,2324.6,257,179116920,7440,7687,2554.6,2090.2,2322.4,2321.8,0.0,2323.4,0.0,0,0,2017-04-20,34598000,2322.4,2,0,0,0,0,0,0,0,0,2323.0,3,0,0,0,0,0,0,0,0
415,2017-04-20,09:36:38,500,IH1704,CCFX,2323.0,2321.2,2324.6,257,179116920,7440,7687,2554.6,2090.2,2322.4,2321.8,0.0,2323.4,0.0,0,0,2017-04-20,34598500,2322.4,3,0,0,0,0,0,0,0,0,2323.0,3,0,0,0,0,0,0,0,0
416,2017-04-20,09:36:39,500,IH1704,CCFX,2323.0,2321.2,2324.6,257,179116920,7440,7687,2554.6,2090.2,2322.4,2321.8,0.0,2323.4,0.0,0,0,2017-04-20,34599500,2322.6,2,0,0,0,0,0,0,0,0,2323.0,3,0,0,0,0,0,0,0,0
417,2017-04-20,09:36:40,0,IH1704,CCFX,2322.6,2321.2,2324.6,258,179813700,7439,7687,2554.6,2090.2,2322.4,2321.8,0.0,2323.4,0.0,0,0,2017-04-20,34600000,2322.6,1,0,0,0,0,0,0,0,0,2323.0,3,0,0,0,0,0,0,0,0
418,2017-04-20,09:36:40,500,IH1704,CCFX,2322.6,2321.2,2324.6,258,179813700,7439,7687,2554.6,2090.2,2322.4,2321.8,0.0,2323.4,0.0,0,0,2017-04-20,34600500,2322.6,1,0,0,0,0,0,0,0,0,2322.8,1,0,0,0,0,0,0,0,0
419,2017-04-20,09:36:43,500,IH1704,CCFX,2322.6,2321.2,2324.6,258,179813700,7439,7687,2554.6,2090.2,2322.4,2321.8,0.0,2323.4,0.0,0,0,2017-04-20,34603500,2322.6,1,0,0,0,0,0,0,0,0,2322.8,2,0,0,0,0,0,0,0,0
420,2017-04-20,09:36:44,500,IH1704,CCFX,2322.6,2321.2,2324.6,259,180510480,7438,7687,2554.6,2090.2,2322.4,2321.8,0.0,2323.4,0.0,0,0,2017-04-20,34604500,2322.4,4,0,0,0,0,0,0,0,0,2322.8,2,0,0,0,0,0,0,0,0
421,2017-04-20,09:36:45,0,IH1704,CCFX,2322.8,2321.2,2324.6,261,181904160,7436,7687,2554.6,2090.2,2322.4,2321.8,0.0,2323.4,0.0,0,0,2017-04-20,34605000,2322.4,4,0,0,0,0,0,0,0,0,2323.0,4,0,0,0,0,0,0,0,0
422,2017-04-20,09:36:45,500,IH1704,CCFX,2322.8,2321.2,2324.6,261,181904160,7436,7687,2554.6,2090.2,2322.4,2321.8,0.0,2323.4,0.0,0,0,2017-04-20,34605500,2322.6,2,0,0,0,0,0,0,0,0,2323.0,4,0,0,0,0,0,0,0,0
423,2017-04-20,09:36:46,0,IH1704,CCFX,2322.6,2321.2,2324.6,262,182600940,7435,7687,2554.6,2090.2,2322.4,2321.8,0.0,2323.4,0.0,0,0,2017-04-20,34606000,2322.6,1,0,0,0,0,0,0,0,0,2323.0,4,0,0,0,0,0,0,0,0
424,2017-04-20,09:36:46,500,IH1704,CCFX,2322.6,2321.2,2324.6,262,182600940,7435,7687,2554.6,2090.2,2322.4,2321.8,0.0,2323.4,0.0,0,0,2017-04-20,34606500,2322.6,2,0,0,0,0,0,0,0,0,2323.0,4,0,0,0,0,0,0,0,0
425,2017-04-20,09:36:48,0,IH1704,CCFX,2322.6,2321.2,2324.6,262,182600940,7435,7687,2554.6,2090.2,2322.4,2321.8,0.0,2323.4,0.0,0,0,2017-04-20,34608000,2322.6,2,0,0,0,0,0,0,0,0,2323.0,5,0,0,0,0,0,0,0,0
426,2017-04-20,09:36:48,500,IH1704,CCFX,2323.0,2321.2,2324.6,263,183297840,7434,7687,2554.6,2090.2,2322.4,2321.8,0.0,2323.4,0.0,0,0,2017-04-20,34608500,2322.6,2,0,0,0,0,0,0,0,0,2323.0,4,0,0,0,0,0,0,0,0
427,2017-04-20,09:36:49,0,IH1704,CCFX,2323.0,2321.2,2324.6,264,183994740,7433,7687,2554.6,2090.2,2322.4,2321.8,0.0,2323.4,0.0,0,0,2017-04-20,34609000,2322.6,2,0,0,0,0,0,0,0,0,2323.0,3,0,0,0,0,0,0,0,0
428,2017-04-20,09:36:49,500,IH1704,CCFX,2323.0,2321.2,2324.6,264,183994740,7433,7687,2554.6,2090.2,2322.4,2321.8,0.0,2323.4,0.0,0,0,2017-04-20,34609500,2322.8,1,0,0,0,0,0,0,0,0,2323.0,3,0,0,0,0,0,0,0,0
429,2017-04-20,09:36:50,0,IH1704,CCFX,2322.8,2321.2,2324.6,265,184691580,7432,7687,2554.6,2090.2,2322.4,2321.8,0.0,2323.4,0.0,0,0,2017-04-20,34610000,2322.6,2,0,0,0,0,0,0,0,0,2323.0,3,0,0,0,0,0,0,0,0
430,2017-04-20,09:36:50,500,IH1704,CCFX,2323.0,2321.2,2324.6,267,186085380,7430,7687,2554.6,2090.2,2322.4,2321.8,0.0,2323.4,0.0,0,0,2017-04-20,34610500,2322.6,2,0,0,0,0,0,0,0,0,2323.0,1,0,0,0,0,0,0,0,0
431,2017-04-20,09:36:51,0,IH1704,CCFX,2322.6,2321.2,2324.6,269,187479060,7428,7687,2554.6,2090.2,2322.4,2321.8,0.0,2323.4,0.0,0,0,2017-04-20,34611000,2322.6,1,0,0,0,0,0,0,0,0,2323.2,2,0,0,0,0,0,0,0,0
432,2017-04-20,09:36:52,0,IH1704,CCFX,2322.6,2321.2,2324.6,269,187479060,7428,7687,2554.6,2090.2,2322.4,2321.8,0.0,2323.4,0.0,0,0,2017-04-20,34612000,2322.6,2,0,0,0,0,0,0,0,0,2323.2,2,0,0,0,0,0,0,0,0
433,2017-04-20,09:36:52,500,IH1704,CCFX,2322.6,2321.2,2324.6,269,187479060,7428,7687,2554.6,2090.2,2322.4,2321.8,0.0,2323.4,0.0,0,0,2017-04-20,34612500,2322.6,2,0,0,0,0,0,0,0,0,2323.2,2,0,0,0,0,0,0,0,0
434,2017-04-20,09:36:54,0,IH1704,CCFX,2322.6,2321.2,2324.6,269,187479060,7428,7687,2554.6,2090.2,2322.4,2321.8,0.0,2323.4,0.0,0,0,2017-04-20,34614000,2322.6,3,0,0,0,0,0,0,0,0,2323.2,2,0,0,0,0,0,0,0,0
435,2017-04-20,09:36:57,0,IH1704,CCFX,2322.6,2321.2,2324.6,269,187479060,7428,7687,2554.6,2090.2,2322.4,2321.8,0.0,2323.4,0.0,0,0,2017-04-20,34617000,2322.8,1,0,0,0,0,0,0,0,0,2323.2,2,0,0,0,0,0,0,0,0
436,2017-04-20,09:36:58,0,IH1704,CCFX,2322.6,2321.2,2324.6,269,187479060,7428,7687,2554.6,2090.2,2322.4,2321.8,0.0,2323.4,0.0,0,0,2017-04-20,34618000,2322.8,2,0,0,0,0,0,0,0,0,2323.2,2,0,0,0,0,0,0,0,0
437,2017-04-20,09:36:58,500,IH1704,CCFX,2323.2,2321.2,2324.6,270,188176020,7427,7687,2554.6,2090.2,2322.4,2321.8,0.0,2323.4,0.0,0,0,2017-04-20,34618500,2322.8,2,0,0,0,0,0,0,0,0,2323.2,1,0,0,0,0,0,0,0,0
438,2017-04-20,09:36:59,0,IH1704,CCFX,2323.2,2321.2,2324.6,271,188872980,7426,7687,2554.6,2090.2,2322.4,2321.8,0.0,2323.4,0.0,0,0,2017-04-20,34619000,2323.2,1,0,0,0,0,0,0,0,0,2323.4,2,0,0,0,0,0,0,0,0
439,2017-04-20,09:36:59,500,IH1704,CCFX,2323.0,2321.2,2324.6,272,189569880,7425,7687,2554.6,2090.2,2322.4,2321.8,0.0,2323.4,0.0,0,0,2017-04-20,34619500,2322.8,2,0,0,0,0,0,0,0,0,2323.0,1,0,0,0,0,0,0,0,0
440,2017-04-20,09:37:00,0,IH1704,CCFX,2323.4,2321.2,2324.6,275,191660760,7422,7687,2554.6,2090.2,2322.4,2321.8,0.0,2323.4,0.0,0,0,2017-04-20,34620000,2323.2,1,0,0,0,0,0,0,0,0,2323.4,1,0,0,0,0,0,0,0,0
441,2017-04-20,09:37:00,500,IH1704,CCFX,2323.4,2321.2,2324.6,275,191660760,7422,7687,2554.6,2090.2,2322.4,2321.8,0.0,2323.4,0.0,0,0,2017-04-20,34620500,2322.8,2,0,0,0,0,0,0,0,0,2323.0,3,0,0,0,0,0,0,0,0
442,2017-04-20,09:37:01,0,IH1704,CCFX,2323.0,2321.2,2324.6,278,193751580,7419,7687,2554.6,2090.2,2322.4,2321.8,0.0,2323.4,0.0,0,0,2017-04-20,34621000,2323.2,2,0,0,0,0,0,0,0,0,2323.4,1,0,0,0,0,0,0,0,0
443,2017-04-20,09:37:01,500,IH1704,CCFX,2323.4,2321.2,2324.6,279,194448600,7418,7687,2554.6,2090.2,2322.4,2321.8,0.0,2323.4,0.0,0,0,2017-04-20,34621500,2323.2,1,0,0,0,0,0,0,0,0,2323.6,1,0,0,0,0,0,0,0,0
444,2017-04-20,09:37:02,500,IH1704,CCFX,2323.6,2321.2,2324.6,280,195145680,7417,7687,2554.6,2090.2,2322.4,2321.8,0.0,2323.4,0.0,0,0,2017-04-20,34622500,2323.2,1,0,0,0,0,0,0,0,0,2323.8,3,0,0,0,0,0,0,0,0
445,2017-04-20,09:37:03,0,IH1704,CCFX,2323.6,2321.2,2324.6,280,195145680,7417,7687,2554.6,2090.2,2322.4,2321.8,0.0,2323.4,0.0,0,0,2017-04-20,34623000,2323.2,1,0,0,0,0,0,0,0,0,2323.6,1,0,0,0,0,0,0,0,0
446,2017-04-20,09:37:03,500,IH1704,CCFX,2323.6,2321.2,2324.6,281,195842760,7416,7687,2554.6,2090.2,2322.4,2321.8,0.0,2323.4,0.0,0,0,2017-04-20,34623500,2323.2,2,0,0,0,0,0,0,0,0,2323.8,3,0,0,0,0,0,0,0,0
447,2017-04-20,09:37:04,0,IH1704,CCFX,2323.4,2321.2,2324.6,282,196539780,7415,7687,2554.6,2090.2,2322.4,2321.8,0.0,2323.4,0.0,0,0,2017-04-20,34624000,2323.2,2,0,0,0,0,0,0,0,0,2323.8,3,0,0,0,0,0,0,0,0
448,2017-04-20,09:37:04,500,IH1704,CCFX,2323.4,2321.2,2324.6,282,196539780,7415,7687,2554.6,2090.2,2322.4,2321.8,0.0,2323.4,0.0,0,0,2017-04-20,34624500,2323.4,1,0,0,0,0,0,0,0,0,2323.8,3,0,0,0,0,0,0,0,0
449,2017-04-20,09:37:05,500,IH1704,CCFX,2323.4,2321.2,2324.6,284,197933940,7413,7687,2554.6,2090.2,2322.4,2321.8,0.0,2323.4,0.0,0,0,2017-04-20,34625500,2323.2,2,0,0,0,0,0,0,0,0,2323.8,2,0,0,0,0,0,0,0,0
450,2017-04-20,09:37:06,500,IH1704,CCFX,2323.4,2321.2,2324.6,284,197933940,7413,7687,2554.6,2090.2,2322.4,2321.8,0.0,2323.4,0.0,0,0,2017-04-20,34626500,2323.2,2,0,0,0,0,0,0,0,0,2323.8,6,0,0,0,0,0,0,0,0
451,2017-04-20,09:37:08,0,IH1704,CCFX,2323.4,2321.2,2324.6,284,197933940,7413,7687,2554.6,2090.2,2322.4,2321.8,0.0,2323.4,0.0,0,0,2017-04-20,34628000,2323.4,1,0,0,0,0,0,0,0,0,2323.8,6,0,0,0,0,0,0,0,0
452,2017-04-20,09:37:08,500,IH1704,CCFX,2323.4,2321.2,2324.6,284,197933940,7413,7687,2554.6,2090.2,2322.4,2321.8,0.0,2323.4,0.0,0,0,2017-04-20,34628500,2323.4,4,0,0,0,0,0,0,0,0,2323.8,6,0,0,0,0,0,0,0,0
453,2017-04-20,09:37:09,0,IH1704,CCFX,2323.8,2321.2,2324.6,285,198631080,7412,7687,2554.6,2090.2,2322.4,2321.8,0.0,2323.4,0.0,0,0,2017-04-20,34629000,2323.4,4,0,0,0,0,0,0,0,0,2323.8,5,0,0,0,0,0,0,0,0
454,2017-04-20,09:37:09,500,IH1704,CCFX,2323.8,2321.2,2324.6,285,198631080,7412,7687,2554.6,2090.2,2322.4,2321.8,0.0,2323.4,0.0,0,0,2017-04-20,34629500,2323.4,5,0,0,0,0,0,0,0,0,2323.8,5,0,0,0,0,0,0,0,0
455,2017-04-20,09:37:11,0,IH1704,CCFX,2323.4,2321.2,2324.6,286,199328100,7411,7687,2554.6,2090.2,2322.4,2321.8,0.0,2323.4,0.0,0,0,2017-04-20,34631000,2323.4,4,0,0,0,0,0,0,0,0,2323.8,5,0,0,0,0,0,0,0,0
456,2017-04-20,09:37:11,500,IH1704,CCFX,2323.4,2321.2,2324.6,287,200025120,7410,7687,2554.6,2090.2,2322.4,2321.8,0.0,2323.4,0.0,0,0,2017-04-20,34631500,2323.4,4,0,0,0,0,0,0,0,0,2323.8,5,0,0,0,0,0,0,0,0
457,2017-04-20,09:37:13,0,IH1704,CCFX,2323.4,2321.2,2324.6,287,200025120,7410,7687,2554.6,2090.2,2322.4,2321.8,0.0,2323.4,0.0,0,0,2017-04-20,34633000,2323.4,4,0,0,0,0,0,0,0,0,2323.6,1,0,0,0,0,0,0,0,0
458,2017-04-20,09:37:13,500,IH1704,CCFX,2323.4,2321.2,2324.6,287,200025120,7410,7687,2554.6,2090.2,2322.4,2321.8,0.0,2323.4,0.0,0,0,2017-04-20,34633500,2323.4,4,0,0,0,0,0,0,0,0,2323.6,5,0,0,0,0,0,0,0,0
459,2017-04-20,09:37:14,500,IH1704,CCFX,2323.6,2321.2,2324.6,288,200722200,7409,7687,2554.6,2090.2,2322.4,2321.8,0.0,2323.4,0.0,0,0,2017-04-20,34634500,2323.4,4,0,0,0,0,0,0,0,0,2323.6,4,0,0,0,0,0,0,0,0
460,2017-04-20,09:37:16,500,IH1704,CCFX,2323.6,2321.2,2324.6,288,200722200,7409,7687,2554.6,2090.2,2322.4,2321.8,0.0,2323.4,0.0,0,0,2017-04-20,34636500,2323.4,4,0,0,0,0,0,0,0,0,2323.6,4,0,0,0,0,0,0,0,0
461,2017-04-20,09:37:18,0,IH1704,CCFX,2323.6,2321.2,2324.6,288,200722200,7409,7687,2554.6,2090.2,2322.4,2321.8,0.0,2323.4,0.0,0,0,2017-04-20,34638000,2323.4,4,0,0,0,0,0,0,0,0,2323.6,4,0,0,0,0,0,0,0,0
462,2017-04-20,09:37:21,0,IH1704,CCFX,2323.6,2321.2,2324.6,288,200722200,7409,7687,2554.6,2090.2,2322.4,2321.8,0.0,2323.4,0.0,0,0,2017-04-20,34641000,2323.4,4,0,0,0,0,0,0,0,0,2323.6,4,0,0,0,0,0,0,0,0
463,2017-04-20,09:37:21,500,IH1704,CCFX,2323.6,2321.2,2324.6,288,200722200,7409,7687,2554.6,2090.2,2322.4,2321.8,0.0,2323.4,0.0,0,0,2017-04-20,34641500,2323.4,5,0,0,0,0,0,0,0,0,2323.6,4,0,0,0,0,0,0,0,0
464,2017-04-20,09:37:25,0,IH1704,CCFX,2323.6,2321.2,2324.6,288,200722200,7409,7687,2554.6,2090.2,2322.4,2321.8,0.0,2323.4,0.0,0,0,2017-04-20,34645000,2323.4,6,0,0,0,0,0,0,0,0,2323.6,4,0,0,0,0,0,0,0,0
465,2017-04-20,09:37:28,500,IH1704,CCFX,2323.6,2321.2,2324.6,288,200722200,7409,7687,2554.6,2090.2,2322.4,2321.8,0.0,2323.4,0.0,0,0,2017-04-20,34648500,2323.4,6,0,0,0,0,0,0,0,0,2323.6,4,0,0,0,0,0,0,0,0
466,2017-04-20,09:37:31,500,IH1704,CCFX,2323.6,2321.2,2324.6,289,201419280,7408,7687,2554.6,2090.2,2322.4,2321.8,0.0,2323.4,0.0,0,0,2017-04-20,34651500,2323.4,6,0,0,0,0,0,0,0,0,2323.6,3,0,0,0,0,0,0,0,0
467,2017-04-20,09:37:32,0,IH1704,CCFX,2323.4,2321.2,2324.6,290,202116300,7407,7687,2554.6,2090.2,2322.4,2321.8,0.0,2323.4,0.0,0,0,2017-04-20,34652000,2323.4,5,0,0,0,0,0,0,0,0,2323.6,3,0,0,0,0,0,0,0,0
468,2017-04-20,09:37:34,0,IH1704,CCFX,2323.6,2321.2,2324.6,291,202813380,7406,7687,2554.6,2090.2,2322.4,2321.8,0.0,2323.4,0.0,0,0,2017-04-20,34654000,2323.4,5,0,0,0,0,0,0,0,0,2323.6,2,0,0,0,0,0,0,0,0
469,2017-04-20,09:37:35,500,IH1704,CCFX,2323.6,2321.2,2324.6,291,202813380,7406,7687,2554.6,2090.2,2322.4,2321.8,0.0,2323.4,0.0,0,0,2017-04-20,34655500,2323.4,5,0,0,0,0,0,0,0,0,2323.6,2,0,0,0,0,0,0,0,0
470,2017-04-20,09:37:37,500,IH1704,CCFX,2323.6,2321.2,2324.6,292,203510460,7405,7687,2554.6,2090.2,2322.4,2321.8,0.0,2323.4,0.0,0,0,2017-04-20,34657500,2323.4,5,0,0,0,0,0,0,0,0,2323.6,1,0,0,0,0,0,0,0,0
471,2017-04-20,09:37:39,0,IH1704,CCFX,2323.6,2321.2,2324.6,293,204207540,7404,7687,2554.6,2090.2,2322.4,2321.8,0.0,2323.4,0.0,0,0,2017-04-20,34659000,2323.4,5,0,0,0,0,0,0,0,0,2323.8,4,0,0,0,0,0,0,0,0
472,2017-04-20,09:37:40,500,IH1704,CCFX,2323.6,2321.2,2324.6,293,204207540,7404,7687,2554.6,2090.2,2322.4,2321.8,0.0,2323.4,0.0,0,0,2017-04-20,34660500,2323.4,5,0,0,0,0,0,0,0,0,2323.8,7,0,0,0,0,0,0,0,0
473,2017-04-20,09:37:41,500,IH1704,CCFX,2323.6,2321.2,2324.6,293,204207540,7404,7687,2554.6,2090.2,2322.4,2321.8,0.0,2323.4,0.0,0,0,2017-04-20,34661500,2323.4,5,0,0,0,0,0,0,0,0,2323.6,1,0,0,0,0,0,0,0,0
474,2017-04-20,09:37:42,0,IH1704,CCFX,2323.6,2321.2,2324.6,293,204207540,7404,7687,2554.6,2090.2,2322.4,2321.8,0.0,2323.4,0.0,0,0,2017-04-20,34662000,2323.4,5,0,0,0,0,0,0,0,0,2323.6,4,0,0,0,0,0,0,0,0
475,2017-04-20,09:37:42,500,IH1704,CCFX,2323.6,2321.2,2324.6,293,204207540,7404,7687,2554.6,2090.2,2322.4,2321.8,0.0,2323.4,0.0,0,0,2017-04-20,34662500,2323.4,5,0,0,0,0,0,0,0,0,2323.6,3,0,0,0,0,0,0,0,0
476,2017-04-20,09:37:43,0,IH1704,CCFX,2323.6,2321.2,2324.6,294,204904620,7403,7687,2554.6,2090.2,2322.4,2321.8,0.0,2323.4,0.0,0,0,2017-04-20,34663000,2323.4,5,0,0,0,0,0,0,0,0,2323.6,2,0,0,0,0,0,0,0,0
477,2017-04-20,09:37:44,0,IH1704,CCFX,2323.6,2321.2,2324.6,294,204904620,7403,7687,2554.6,2090.2,2322.4,2321.8,0.0,2323.4,0.0,0,0,2017-04-20,34664000,2323.4,5,0,0,0,0,0,0,0,0,2323.6,2,0,0,0,0,0,0,0,0
478,2017-04-20,09:37:48,0,IH1704,CCFX,2323.6,2321.2,2324.6,295,205601700,7402,7687,2554.6,2090.2,2322.4,2321.8,0.0,2323.4,0.0,0,0,2017-04-20,34668000,2323.4,5,0,0,0,0,0,0,0,0,2323.6,1,0,0,0,0,0,0,0,0
479,2017-04-20,09:37:49,0,IH1704,CCFX,2323.6,2321.2,2324.6,296,206298780,7401,7687,2554.6,2090.2,2322.4,2321.8,0.0,2323.4,0.0,0,0,2017-04-20,34669000,2323.6,7,0,0,0,0,0,0,0,0,2323.8,4,0,0,0,0,0,0,0,0
480,2017-04-20,09:37:49,500,IH1704,CCFX,2323.6,2321.2,2324.6,296,206298780,7401,7687,2554.6,2090.2,2322.4,2321.8,0.0,2323.4,0.0,0,0,2017-04-20,34669500,2323.6,8,0,0,0,0,0,0,0,0,2323.8,4,0,0,0,0,0,0,0,0
481,2017-04-20,09:37:51,500,IH1704,CCFX,2323.6,2321.2,2324.6,296,206298780,7401,7687,2554.6,2090.2,2322.4,2321.8,0.0,2323.4,0.0,0,0,2017-04-20,34671500,2323.6,8,0,0,0,0,0,0,0,0,2323.8,1,0,0,0,0,0,0,0,0
482,2017-04-20,09:37:52,0,IH1704,CCFX,2323.6,2321.2,2324.6,297,206995860,7400,7687,2554.6,2090.2,2322.4,2321.8,0.0,2323.4,0.0,0,0,2017-04-20,34672000,2323.6,7,0,0,0,0,0,0,0,0,2323.8,1,0,0,0,0,0,0,0,0
483,2017-04-20,09:37:53,500,IH1704,CCFX,2323.8,2321.2,2324.6,298,207693000,7399,7687,2554.6,2090.2,2322.4,2321.8,0.0,2323.4,0.0,0,0,2017-04-20,34673500,2323.6,7,0,0,0,0,0,0,0,0,2324.0,4,0,0,0,0,0,0,0,0
484,2017-04-20,09:37:54,0,IH1704,CCFX,2323.6,2321.2,2324.6,300,209087160,7397,7687,2554.6,2090.2,2322.4,2321.8,0.0,2323.4,0.0,0,0,2017-04-20,34674000,2323.6,5,0,0,0,0,0,0,0,0,2323.8,1,0,0,0,0,0,0,0,0
485,2017-04-20,09:37:54,500,IH1704,CCFX,2323.6,2321.2,2324.6,300,209087160,7397,7687,2554.6,2090.2,2322.4,2321.8,0.0,2323.4,0.0,0,0,2017-04-20,34674500,2323.6,6,0,0,0,0,0,0,0,0,2323.8,1,0,0,0,0,0,0,0,0
486,2017-04-20,09:37:55,500,IH1704,CCFX,2323.8,2321.2,2324.6,301,209784300,7396,7687,2554.6,2090.2,2322.4,2321.8,0.0,2323.4,0.0,0,0,2017-04-20,34675500,2323.8,1,0,0,0,0,0,0,0,0,2324.0,4,0,0,0,0,0,0,0,0
487,2017-04-20,09:37:56,0,IH1704,CCFX,2323.8,2321.2,2324.6,301,209784300,7396,7687,2554.6,2090.2,2322.4,2321.8,0.0,2323.4,0.0,0,0,2017-04-20,34676000,2323.6,6,0,0,0,0,0,0,0,0,2324.0,4,0,0,0,0,0,0,0,0
488,2017-04-20,09:37:56,500,IH1704,CCFX,2323.8,2321.2,2324.6,301,209784300,7396,7687,2554.6,2090.2,2322.4,2321.8,0.0,2323.4,0.0,0,0,2017-04-20,34676500,2323.6,6,0,0,0,0,0,0,0,0,2324.0,4,0,0,0,0,0,0,0,0
489,2017-04-20,09:37:59,0,IH1704,CCFX,2323.8,2321.2,2324.6,301,209784300,7396,7687,2554.6,2090.2,2322.4,2321.8,0.0,2323.4,0.0,0,0,2017-04-20,34679000,2323.6,6,0,0,0,0,0,0,0,0,2324.0,4,0,0,0,0,0,0,0,0
490,2017-04-20,09:37:59,500,IH1704,CCFX,2324.0,2321.2,2324.6,302,210481500,7395,7687,2554.6,2090.2,2322.4,2321.8,0.0,2323.4,0.0,0,0,2017-04-20,34679500,2323.6,6,0,0,0,0,0,0,0,0,2324.0,3,0,0,0,0,0,0,0,0
491,2017-04-20,09:38:00,500,IH1704,CCFX,2324.0,2321.2,2324.6,303,211178700,7394,7687,2554.6,2090.2,2322.4,2321.8,0.0,2323.4,0.0,0,0,2017-04-20,34680500,2323.8,1,0,0,0,0,0,0,0,0,2324.0,2,0,0,0,0,0,0,0,0
492,2017-04-20,09:38:01,0,IH1704,CCFX,2323.8,2321.2,2324.6,304,211875840,7393,7687,2554.6,2090.2,2322.4,2321.8,0.0,2323.4,0.0,0,0,2017-04-20,34681000,2323.6,6,0,0,0,0,0,0,0,0,2324.0,2,0,0,0,0,0,0,0,0
493,2017-04-20,09:38:01,500,IH1704,CCFX,2324.0,2321.2,2324.6,305,212573040,7392,7687,2554.6,2090.2,2322.4,2321.8,0.0,2323.4,0.0,0,0,2017-04-20,34681500,2323.6,6,0,0,0,0,0,0,0,0,2324.0,1,0,0,0,0,0,0,0,0
494,2017-04-20,09:38:02,0,IH1704,CCFX,2324.0,2321.2,2324.6,305,212573040,7392,7687,2554.6,2090.2,2322.4,2321.8,0.0,2323.4,0.0,0,0,2017-04-20,34682000,2323.8,1,0,0,0,0,0,0,0,0,2324.0,2,0,0,0,0,0,0,0,0
495,2017-04-20,09:38:02,500,IH1704,CCFX,2324.0,2321.2,2324.6,306,213270240,7391,7687,2554.6,2090.2,2322.4,2321.8,0.0,2323.4,0.0,0,0,2017-04-20,34682500,2323.8,1,0,0,0,0,0,0,0,0,2324.0,1,0,0,0,0,0,0,0,0
496,2017-04-20,09:38:03,500,IH1704,CCFX,2324.0,2321.2,2324.6,306,213270240,7391,7687,2554.6,2090.2,2322.4,2321.8,0.0,2323.4,0.0,0,0,2017-04-20,34683500,2323.8,1,0,0,0,0,0,0,0,0,2324.0,1,0,0,0,0,0,0,0,0
