,dataDate,dataTime,dataMillisec,instrumentID,exchangeCD,lastPrice,lowPrice,highPrice,volume,value,openInterest,preOpenInterest,upperLimitPrice,lowerLimitPrice,preSettlementPrice,prevClosePrice,settlementPrice,openPrice,closePrice,preDelta,currDelta,clearingDay,milliSecOffset,bidPrice1,bidVolume1,bidPrice2,bidVolume2,bidPrice3,bidVolume3,bidPrice4,bidVolume4,bidPrice5,bidVolume5,askPrice1,askVolume1,askPrice2,askVolume2,askPrice3,askVolume3,askPrice4,askVolume4,askPrice5,askVolume5
0,2017-04-20,08:59:00,94,jd1709,XDCE,3755,3755,3755,504,18925200,187968,188306,3965,3589,3777,3759,0,3755,0,0,0,2017-04-20,32340094,3753,1,0,0,0,0,0,0,0,0,3755,8,0,0,0,0,0,0,0,0
1,2017-04-20,09:00:00,414,jd1709,XDCE,3746,3746,3755,694,26052560,187936,188306,3965,3589,3777,3759,0,3755,0,0,0,2017-04-20,32400414,3745,13,0,0,0,0,0,0,0,0,3751,1,0,0,0,0,0,0,0,0
2,2017-04-20,09:00:00,915,jd1709,XDCE,3749,3745,3755,992,37221660,187946,188306,3965,3589,3777,3759,0,3755,0,0,0,2017-04-20,32400915,3746,38,0,0,0,0,0,0,0,0,3749,2,0,0,0,0,0,0,0,0
3,2017-04-20,09:00:01,407,jd1709,XDCE,3748,3745,3755,1040,39020840,187930,188306,3965,3589,3777,3759,0,3755,0,0,0,2017-04-20,32401407,3748,5,0,0,0,0,0,0,0,0,3750,5,0,0,0,0,0,0,0,0
4,2017-04-20,09:00:01,905,jd1709,XDCE,3746,3745,3755,1254,47042580,187902,188306,3965,3589,3777,3759,0,3755,0,0,0,2017-04-20,32401905,3746,13,0,0,0,0,0,0,0,0,3750,15,0,0,0,0,0,0,0,0
5,2017-04-20,09:00:02,416,jd1709,XDCE,3747,3745,3755,1358,50939760,187924,188306,3965,3589,3777,3759,0,3755,0,0,0,2017-04-20,32402416,3747,18,0,0,0,0,0,0,0,0,3749,9,0,0,0,0,0,0,0,0
6,2017-04-20,09:00:02,871,jd1709,XDCE,3753,3745,3755,1626,60992100,187876,188306,3965,3589,3777,3759,0,3755,0,0,0,2017-04-20,32402871,3749,25,0,0,0,0,0,0,0,0,3752,2,0,0,0,0,0,0,0,0
7,2017-04-20,09:00:03,417,jd1709,XDCE,3752,3745,3755,1648,61817180,187874,188306,3965,3589,3777,3759,0,3755,0,0,0,2017-04-20,32403417,3750,13,0,0,0,0,0,0,0,0,3753,88,0,0,0,0,0,0,0,0
8,2017-04-20,09:00:03,916,jd1709,XDCE,3747,3745,3755,1808,67815940,187812,188306,3965,3589,3777,3759,0,3755,0,0,0,2017-04-20,32403916,3746,24,0,0,0,0,0,0,0,0,3747,67,0,0,0,0,0,0,0,0
9,2017-04-20,09:00:04,406,jd1709,XDCE,3748,3745,3755,1954,73286580,187782,188306,3965,3589,3777,3759,0,3755,0,0,0,2017-04-20,32404406,3748,17,0,0,0,0,0,0,0,0,3750,24,0,0,0,0,0,0,0,0
10,2017-04-20,09:00:04,891,jd1709,XDCE,3750,3745,3755,1972,73961500,187794,188306,3965,3589,3777,3759,0,3755,0,0,0,2017-04-20,32404891,3749,2,0,0,0,0,0,0,0,0,3750,18,0,0,0,0,0,0,0,0
11,2017-04-20,09:00:05,401,jd1709,XDCE,3750,3745,3755,2036,76361280,187756,188306,3965,3589,3777,3759,0,3755,0,0,0,2017-04-20,32405401,3749,3,0,0,0,0,0,0,0,0,3751,1,0,0,0,0,0,0,0,0
12,2017-04-20,09:00:05,903,jd1709,XDCE,3750,3745,3755,2110,79135560,187740,188306,3965,3589,3777,3759,0,3755,0,0,0,2017-04-20,32405903,3750,1,0,0,0,0,0,0,0,0,3753,78,0,0,0,0,0,0,0,0
13,2017-04-20,09:00:06,373,jd1709,XDCE,3748,3745,3755,2146,80485380,187714,188306,3965,3589,3777,3759,0,3755,0,0,0,2017-04-20,32406373,3748,1,0,0,0,0,0,0,0,0,3749,3,0,0,0,0,0,0,0,0
14,2017-04-20,09:00:06,896,jd1709,XDCE,3750,3745,3755,2162,81085320,187722,188306,3965,3589,3777,3759,0,3755,0,0,0,2017-04-20,32406896,3748,4,0,0,0,0,0,0,0,0,3750,5,0,0,0,0,0,0,0,0
15,2017-04-20,09:00:07,386,jd1709,XDCE,3752,3745,3755,2184,81910540,187726,188306,3965,3589,3777,3759,0,3755,0,0,0,2017-04-20,32407386,3749,12,0,0,0,0,0,0,0,0,3752,12,0,0,0,0,0,0,0,0
16,2017-04-20,09:00:07,905,jd1709,XDCE,3749,3745,3755,2222,83335260,187702,188306,3965,3589,3777,3759,0,3755,0,0,0,2017-04-20,32407905,3748,7,0,0,0,0,0,0,0,0,3749,31,0,0,0,0,0,0,0,0
17,2017-04-20,09:00:08,413,jd1709,XDCE,3748,3745,3755,2238,83935060,187692,188306,3965,3589,3777,3759,0,3755,0,0,0,2017-04-20,32408413,3748,3,0,0,0,0,0,0,0,0,3749,25,0,0,0,0,0,0,0,0
18,2017-04-20,09:00:08,910,jd1709,XDCE,3748,3745,3755,2242,84084980,187692,188306,3965,3589,3777,3759,0,3755,0,0,0,2017-04-20,32408910,3748,12,0,0,0,0,0,0,0,0,3749,25,0,0,0,0,0,0,0,0
19,2017-04-20,09:00:09,380,jd1709,XDCE,3749,3745,3755,2252,84459840,187686,188306,3965,3589,3777,3759,0,3755,0,0,0,2017-04-20,32409380,3748,13,0,0,0,0,0,0,0,0,3749,22,0,0,0,0,0,0,0,0
20,2017-04-20,09:00:09,888,jd1709,XDCE,3748,3745,3755,2266,84984580,187684,188306,3965,3589,3777,3759,0,3755,0,0,0,2017-04-20,32409888,3748,6,0,0,0,0,0,0,0,0,3749,25,0,0,0,0,0,0,0,0
21,2017-04-20,09:00:10,399,jd1709,XDCE,3749,3745,3755,2346,87983580,187632,188306,3965,3589,3777,3759,0,3755,0,0,0,2017-04-20,32410399,3747,20,0,0,0,0,0,0,0,0,3748,99,0,0,0,0,0,0,0,0
22,2017-04-20,09:00:10,913,jd1709,XDCE,3745,3745,3755,2476,92853320,187660,188306,3965,3589,3777,3759,0,3755,0,0,0,2017-04-20,32410913,3745,16,0,0,0,0,0,0,0,0,3746,12,0,0,0,0,0,0,0,0
23,2017-04-20,09:00:11,398,jd1709,XDCE,3746,3745,3755,2528,94800780,187652,188306,3965,3589,3777,3759,0,3755,0,0,0,2017-04-20,32411398,3744,13,0,0,0,0,0,0,0,0,3745,20,0,0,0,0,0,0,0,0
24,2017-04-20,09:00:11,886,jd1709,XDCE,3745,3745,3755,2548,95549900,187668,188306,3965,3589,3777,3759,0,3755,0,0,0,2017-04-20,32411886,3744,13,0,0,0,0,0,0,0,0,3745,10,0,0,0,0,0,0,0,0
25,2017-04-20,09:00:12,379,jd1709,XDCE,3748,3743,3755,2606,97721820,187696,188306,3965,3589,3777,3759,0,3755,0,0,0,2017-04-20,32412379,3745,4,0,0,0,0,0,0,0,0,3748,125,0,0,0,0,0,0,0,0
26,2017-04-20,09:00:12,873,jd1709,XDCE,3745,3743,3755,2636,98845900,187702,188306,3965,3589,3777,3759,0,3755,0,0,0,2017-04-20,32412873,3745,1,0,0,0,0,0,0,0,0,3748,119,0,0,0,0,0,0,0,0
27,2017-04-20,09:00:13,372,jd1709,XDCE,3745,3743,3755,2640,98995700,187706,188306,3965,3589,3777,3759,0,3755,0,0,0,2017-04-20,32413372,3746,5,0,0,0,0,0,0,0,0,3748,124,0,0,0,0,0,0,0,0
28,2017-04-20,09:00:13,893,jd1709,XDCE,3746,3743,3755,2668,100044700,187702,188306,3965,3589,3777,3759,0,3755,0,0,0,2017-04-20,32413893,3745,2,0,0,0,0,0,0,0,0,3746,3,0,0,0,0,0,0,0,0
29,2017-04-20,09:00:14,372,jd1709,XDCE,3745,3743,3755,2696,101093460,187694,188306,3965,3589,3777,3759,0,3755,0,0,0,2017-04-20,32414372,3745,4,0,0,0,0,0,0,0,0,3747,10,0,0,0,0,0,0,0,0
30,2017-04-20,09:00:14,910,jd1709,XDCE,3747,3743,3755,2698,101168400,187694,188306,3965,3589,3777,3759,0,3755,0,0,0,2017-04-20,32414910,3746,6,0,0,0,0,0,0,0,0,3747,9,0,0,0,0,0,0,0,0
31,2017-04-20,09:00:15,386,jd1709,XDCE,3746,3743,3755,2748,103041780,187656,188306,3965,3589,3777,3759,0,3755,0,0,0,2017-04-20,32415386,3745,10,0,0,0,0,0,0,0,0,3746,34,0,0,0,0,0,0,0,0
32,2017-04-20,09:00:15,873,jd1709,XDCE,3745,3743,3755,2760,103491220,187654,188306,3965,3589,3777,3759,0,3755,0,0,0,2017-04-20,32415873,3745,8,0,0,0,0,0,0,0,0,3746,33,0,0,0,0,0,0,0,0
33,2017-04-20,09:00:16,373,jd1709,XDCE,3745,3743,3755,2760,103491220,187654,188306,3965,3589,3777,3759,0,3755,0,0,0,2017-04-20,32416373,3745,9,0,0,0,0,0,0,0,0,3746,33,0,0,0,0,0,0,0,0
34,2017-04-20,09:00:16,915,jd1709,XDCE,3746,3743,3755,2774,104015600,187654,188306,3965,3589,3777,3759,0,3755,0,0,0,2017-04-20,32416915,3745,6,0,0,0,0,0,0,0,0,3746,34,0,0,0,0,0,0,0,0
35,2017-04-20,09:00:17,408,jd1709,XDCE,3745,3743,3755,2844,106637520,187652,188306,3965,3589,3777,3759,0,3755,0,0,0,2017-04-20,32417408,3744,28,0,0,0,0,0,0,0,0,3745,40,0,0,0,0,0,0,0,0
36,2017-04-20,09:00:17,912,jd1709,XDCE,3743,3743,3755,2940,110231960,187644,188306,3965,3589,3777,3759,0,3755,0,0,0,2017-04-20,32417912,3743,49,0,0,0,0,0,0,0,0,3745,27,0,0,0,0,0,0,0,0
37,2017-04-20,09:00:18,408,jd1709,XDCE,3745,3743,3755,3002,112552940,187628,188306,3965,3589,3777,3759,0,3755,0,0,0,2017-04-20,32418408,3743,29,0,0,0,0,0,0,0,0,3745,47,0,0,0,0,0,0,0,0
38,2017-04-20,09:00:18,916,jd1709,XDCE,3745,3743,3755,3010,112852500,187626,188306,3965,3589,3777,3759,0,3755,0,0,0,2017-04-20,32418916,3743,28,0,0,0,0,0,0,0,0,3745,44,0,0,0,0,0,0,0,0
39,2017-04-20,09:00:19,405,jd1709,XDCE,3743,3742,3755,3086,115697160,187568,188306,3965,3589,3777,3759,0,3755,0,0,0,2017-04-20,32419405,3742,14,0,0,0,0,0,0,0,0,3743,13,0,0,0,0,0,0,0,0
40,2017-04-20,09:00:19,896,jd1709,XDCE,3742,3742,3755,3122,117044340,187562,188306,3965,3589,3777,3759,0,3755,0,0,0,2017-04-20,32419896,3741,128,0,0,0,0,0,0,0,0,3742,37,0,0,0,0,0,0,0,0
41,2017-04-20,09:00:20,416,jd1709,XDCE,3741,3741,3755,3204,120112420,187542,188306,3965,3589,3777,3759,0,3755,0,0,0,2017-04-20,32420416,3741,112,0,0,0,0,0,0,0,0,3742,15,0,0,0,0,0,0,0,0
42,2017-04-20,09:00:20,911,jd1709,XDCE,3742,3741,3755,3504,131336280,187438,188306,3965,3589,3777,3759,0,3755,0,0,0,2017-04-20,32420911,3740,93,0,0,0,0,0,0,0,0,3742,1,0,0,0,0,0,0,0,0
43,2017-04-20,09:00:21,398,jd1709,XDCE,3743,3741,3755,3510,131560800,187440,188306,3965,3589,3777,3759,0,3755,0,0,0,2017-04-20,32421398,3740,96,0,0,0,0,0,0,0,0,3743,42,0,0,0,0,0,0,0,0
44,2017-04-20,09:00:21,906,jd1709,XDCE,3740,3740,3755,3540,132683100,187446,188306,3965,3589,3777,3759,0,3755,0,0,0,2017-04-20,32421906,3741,22,0,0,0,0,0,0,0,0,3742,2,0,0,0,0,0,0,0,0
45,2017-04-20,09:00:22,366,jd1709,XDCE,3741,3740,3755,3594,134703340,187430,188306,3965,3589,3777,3759,0,3755,0,0,0,2017-04-20,32422366,3741,1,0,0,0,0,0,0,0,0,3743,45,0,0,0,0,0,0,0,0
46,2017-04-20,09:00:22,913,jd1709,XDCE,3741,3740,3755,3814,142932080,187468,188306,3965,3589,3777,3759,0,3755,0,0,0,2017-04-20,32422913,3740,22,0,0,0,0,0,0,0,0,3741,6,0,0,0,0,0,0,0,0
47,2017-04-20,09:00:23,398,jd1709,XDCE,3741,3740,3755,3880,145400740,187520,188306,3965,3589,3777,3759,0,3755,0,0,0,2017-04-20,32423398,3739,5,0,0,0,0,0,0,0,0,3741,9,0,0,0,0,0,0,0,0
48,2017-04-20,09:00:23,899,jd1709,XDCE,3741,3739,3755,3942,147719780,187524,188306,3965,3589,3777,3759,0,3755,0,0,0,2017-04-20,32423899,3739,2,0,0,0,0,0,0,0,0,3741,14,0,0,0,0,0,0,0,0
49,2017-04-20,09:00:24,411,jd1709,XDCE,3741,3739,3755,3972,148842080,187508,188306,3965,3589,3777,3759,0,3755,0,0,0,2017-04-20,32424411,3739,19,0,0,0,0,0,0,0,0,3743,41,0,0,0,0,0,0,0,0
50,2017-04-20,09:00:24,891,jd1709,XDCE,3741,3739,3755,4026,150862240,187494,188306,3965,3589,3777,3759,0,3755,0,0,0,2017-04-20,32424891,3739,19,0,0,0,0,0,0,0,0,3741,7,0,0,0,0,0,0,0,0
51,2017-04-20,09:00:25,370,jd1709,XDCE,3740,3739,3755,4048,151685040,187492,188306,3965,3589,3777,3759,0,3755,0,0,0,2017-04-20,32425370,3739,29,0,0,0,0,0,0,0,0,3740,6,0,0,0,0,0,0,0,0
52,2017-04-20,09:00:25,888,jd1709,XDCE,3741,3739,3755,4068,152433020,187496,188306,3965,3589,3777,3759,0,3755,0,0,0,2017-04-20,32425888,3739,28,0,0,0,0,0,0,0,0,3741,4,0,0,0,0,0,0,0,0
53,2017-04-20,09:00:26,346,jd1709,XDCE,3739,3739,3755,4074,152657360,187492,188306,3965,3589,3777,3759,0,3755,0,0,0,2017-04-20,32426346,3739,26,0,0,0,0,0,0,0,0,3741,4,0,0,0,0,0,0,0,0
54,2017-04-20,09:00:26,868,jd1709,XDCE,3740,3739,3755,4132,154826300,187478,188306,3965,3589,3777,3759,0,3755,0,0,0,2017-04-20,32426868,3739,23,0,0,0,0,0,0,0,0,3741,4,0,0,0,0,0,0,0,0
55,2017-04-20,09:00:27,392,jd1709,XDCE,3741,3739,3755,4148,155424740,187466,188306,3965,3589,3777,3759,0,3755,0,0,0,2017-04-20,32427392,3740,10,0,0,0,0,0,0,0,0,3741,2,0,0,0,0,0,0,0,0
56,2017-04-20,09:00:27,908,jd1709,XDCE,3739,3739,3755,4196,157219840,187450,188306,3965,3589,3777,3759,0,3755,0,0,0,2017-04-20,32427908,3739,14,0,0,0,0,0,0,0,0,3740,29,0,0,0,0,0,0,0,0
57,2017-04-20,09:00:28,406,jd1709,XDCE,3740,3739,3755,4282,160435860,187450,188306,3965,3589,3777,3759,0,3755,0,0,0,2017-04-20,32428406,3738,21,0,0,0,0,0,0,0,0,3740,7,0,0,0,0,0,0,0,0
58,2017-04-20,09:00:28,897,jd1709,XDCE,3739,3739,3755,4302,161183840,187454,188306,3965,3589,3777,3759,0,3755,0,0,0,2017-04-20,32428897,3738,21,0,0,0,0,0,0,0,0,3740,1,0,0,0,0,0,0,0,0
59,2017-04-20,09:00:29,390,jd1709,XDCE,3739,3738,3755,4330,162230820,187448,188306,3965,3589,3777,3759,0,3755,0,0,0,2017-04-20,32429390,3739,36,0,0,0,0,0,0,0,0,3742,10,0,0,0,0,0,0,0,0
60,2017-04-20,09:00:29,843,jd1709,XDCE,3742,3738,3755,4346,162829300,187440,188306,3965,3589,3777,3759,0,3755,0,0,0,2017-04-20,32429843,3740,2,0,0,0,0,0,0,0,0,3741,5,0,0,0,0,0,0,0,0
61,2017-04-20,09:00:30,403,jd1709,XDCE,3740,3738,3755,4364,163502480,187444,188306,3965,3589,3777,3759,0,3755,0,0,0,2017-04-20,32430403,3740,23,0,0,0,0,0,0,0,0,3742,6,0,0,0,0,0,0,0,0
62,2017-04-20,09:00:30,903,jd1709,XDCE,3740,3738,3755,4378,164026080,187454,188306,3965,3589,3777,3759,0,3755,0,0,0,2017-04-20,32430903,3741,20,0,0,0,0,0,0,0,0,3742,3,0,0,0,0,0,0,0,0
63,2017-04-20,09:00:31,310,jd1709,XDCE,3740,3738,3755,4396,164699280,187466,188306,3965,3589,3777,3759,0,3755,0,0,0,2017-04-20,32431310,3741,11,0,0,0,0,0,0,0,0,3742,3,0,0,0,0,0,0,0,0
64,2017-04-20,09:00:31,904,jd1709,XDCE,3740,3738,3755,4416,165447280,187486,188306,3965,3589,3777,3759,0,3755,0,0,0,2017-04-20,32431904,3741,2,0,0,0,0,0,0,0,0,3742,9,0,0,0,0,0,0,0,0
65,2017-04-20,09:00:32,402,jd1709,XDCE,3740,3738,3755,4448,166644220,187490,188306,3965,3589,3777,3759,0,3755,0,0,0,2017-04-20,32432402,3740,25,0,0,0,0,0,0,0,0,3742,7,0,0,0,0,0,0,0,0
66,2017-04-20,09:00:32,894,jd1709,XDCE,3742,3738,3755,4464,167242860,187482,188306,3965,3589,3777,3759,0,3755,0,0,0,2017-04-20,32432894,3741,2,0,0,0,0,0,0,0,0,3742,4,0,0,0,0,0,0,0,0
67,2017-04-20,09:00:33,402,jd1709,XDCE,3742,3738,3755,4498,168514980,187478,188306,3965,3589,3777,3759,0,3755,0,0,0,2017-04-20,32433402,3742,33,0,0,0,0,0,0,0,0,3743,19,0,0,0,0,0,0,0,0
68,2017-04-20,09:00:33,907,jd1709,XDCE,3742,3738,3755,4566,171059540,187478,188306,3965,3589,3777,3759,0,3755,0,0,0,2017-04-20,32433907,3740,22,0,0,0,0,0,0,0,0,3741,10,0,0,0,0,0,0,0,0
69,2017-04-20,09:00:34,400,jd1709,XDCE,3741,3738,3755,4584,171732920,187480,188306,3965,3589,3777,3759,0,3755,0,0,0,2017-04-20,32434400,3740,22,0,0,0,0,0,0,0,0,3741,1,0,0,0,0,0,0,0,0
70,2017-04-20,09:00:34,896,jd1709,XDCE,3741,3738,3755,4588,171882560,187482,188306,3965,3589,3777,3759,0,3755,0,0,0,2017-04-20,32434896,3741,15,0,0,0,0,0,0,0,0,3742,24,0,0,0,0,0,0,0,0
71,2017-04-20,09:00:35,392,jd1709,XDCE,3742,3738,3755,4602,172406320,187490,188306,3965,3589,3777,3759,0,3755,0,0,0,2017-04-20,32435392,3741,9,0,0,0,0,0,0,0,0,3742,19,0,0,0,0,0,0,0,0
72,2017-04-20,09:00:35,890,jd1709,XDCE,3742,3738,3755,4666,174800320,187478,188306,3965,3589,3777,3759,0,3755,0,0,0,2017-04-20,32435890,3740,13,0,0,0,0,0,0,0,0,3742,15,0,0,0,0,0,0,0,0
73,2017-04-20,09:00:36,383,jd1709,XDCE,3740,3738,3755,4676,175174340,187486,188306,3965,3589,3777,3759,0,3755,0,0,0,2017-04-20,32436383,3740,9,0,0,0,0,0,0,0,0,3742,21,0,0,0,0,0,0,0,0
74,2017-04-20,09:00:36,898,jd1709,XDCE,3741,3738,3755,4696,175922720,187498,188306,3965,3589,3777,3759,0,3755,0,0,0,2017-04-20,32436898,3741,11,0,0,0,0,0,0,0,0,3742,12,0,0,0,0,0,0,0,0
75,2017-04-20,09:00:37,414,jd1709,XDCE,3742,3738,3755,4718,176745880,187506,188306,3965,3589,3777,3759,0,3755,0,0,0,2017-04-20,32437414,3741,19,0,0,0,0,0,0,0,0,3743,19,0,0,0,0,0,0,0,0
76,2017-04-20,09:00:37,888,jd1709,XDCE,3743,3738,3755,4728,177120160,187500,188306,3965,3589,3777,3759,0,3755,0,0,0,2017-04-20,32437888,3741,19,0,0,0,0,0,0,0,0,3743,21,0,0,0,0,0,0,0,0
77,2017-04-20,09:00:38,405,jd1709,XDCE,3741,3738,3755,4840,181309480,187560,188306,3965,3589,3777,3759,0,3755,0,0,0,2017-04-20,32438405,3741,9,0,0,0,0,0,0,0,0,3743,25,0,0,0,0,0,0,0,0
78,2017-04-20,09:00:38,884,jd1709,XDCE,3742,3738,3755,4884,182955940,187562,188306,3965,3589,3777,3759,0,3755,0,0,0,2017-04-20,32438884,3741,9,0,0,0,0,0,0,0,0,3742,4,0,0,0,0,0,0,0,0
79,2017-04-20,09:00:39,413,jd1709,XDCE,3741,3738,3755,4886,183030760,187564,188306,3965,3589,3777,3759,0,3755,0,0,0,2017-04-20,32439413,3741,14,0,0,0,0,0,0,0,0,3742,3,0,0,0,0,0,0,0,0
80,2017-04-20,09:00:39,902,jd1709,XDCE,3742,3738,3755,4890,183180440,187562,188306,3965,3589,3777,3759,0,3755,0,0,0,2017-04-20,32439902,3741,15,0,0,0,0,0,0,0,0,3742,1,0,0,0,0,0,0,0,0
81,2017-04-20,09:00:40,394,jd1709,XDCE,3742,3738,3755,4892,183255280,187562,188306,3965,3589,3777,3759,0,3755,0,0,0,2017-04-20,32440394,3741,18,0,0,0,0,0,0,0,0,3742,4,0,0,0,0,0,0,0,0
82,2017-04-20,09:00:40,870,jd1709,XDCE,3741,3738,3755,4916,184153140,187558,188306,3965,3589,3777,3759,0,3755,0,0,0,2017-04-20,32440870,3741,1,0,0,0,0,0,0,0,0,3742,13,0,0,0,0,0,0,0,0
83,2017-04-20,09:00:41,405,jd1709,XDCE,3741,3738,3755,4928,184602080,187568,188306,3965,3589,3777,3759,0,3755,0,0,0,2017-04-20,32441405,3740,17,0,0,0,0,0,0,0,0,3741,5,0,0,0,0,0,0,0,0
84,2017-04-20,09:00:41,896,jd1709,XDCE,3741,3738,3755,4944,185200640,187566,188306,3965,3589,3777,3759,0,3755,0,0,0,2017-04-20,32441896,3741,1,0,0,0,0,0,0,0,0,3742,9,0,0,0,0,0,0,0,0
85,2017-04-20,09:00:42,393,jd1709,XDCE,3741,3738,3755,4958,185724440,187574,188306,3965,3589,3777,3759,0,3755,0,0,0,2017-04-20,32442393,3740,33,0,0,0,0,0,0,0,0,3741,13,0,0,0,0,0,0,0,0
86,2017-04-20,09:00:42,914,jd1709,XDCE,3741,3738,3755,4984,186697100,187580,188306,3965,3589,3777,3759,0,3755,0,0,0,2017-04-20,32442914,3740,33,0,0,0,0,0,0,0,0,3742,4,0,0,0,0,0,0,0,0
87,2017-04-20,09:00:43,360,jd1709,XDCE,3743,3738,3755,4998,187221020,187570,188306,3965,3589,3777,3759,0,3755,0,0,0,2017-04-20,32443360,3740,38,0,0,0,0,0,0,0,0,3743,21,0,0,0,0,0,0,0,0
88,2017-04-20,09:00:43,916,jd1709,XDCE,3740,3738,3755,5004,187445460,187570,188306,3965,3589,3777,3759,0,3755,0,0,0,2017-04-20,32443916,3740,38,0,0,0,0,0,0,0,0,3742,8,0,0,0,0,0,0,0,0
89,2017-04-20,09:00:44,340,jd1709,XDCE,3742,3738,3755,5006,187520300,187572,188306,3965,3589,3777,3759,0,3755,0,0,0,2017-04-20,32444340,3741,6,0,0,0,0,0,0,0,0,3742,7,0,0,0,0,0,0,0,0
90,2017-04-20,09:00:44,905,jd1709,XDCE,3742,3738,3755,5018,187969340,187576,188306,3965,3589,3777,3759,0,3755,0,0,0,2017-04-20,32444905,3741,13,0,0,0,0,0,0,0,0,3742,1,0,0,0,0,0,0,0,0
91,2017-04-20,09:00:45,376,jd1709,XDCE,3742,3738,3755,5022,188119020,187578,188306,3965,3589,3777,3759,0,3755,0,0,0,2017-04-20,32445376,3742,5,0,0,0,0,0,0,0,0,3743,51,0,0,0,0,0,0,0,0
92,2017-04-20,09:00:45,915,jd1709,XDCE,3741,3738,3755,5056,189391160,187594,188306,3965,3589,3777,3759,0,3755,0,0,0,2017-04-20,32445915,3741,15,0,0,0,0,0,0,0,0,3742,1,0,0,0,0,0,0,0,0
93,2017-04-20,09:00:46,412,jd1709,XDCE,3741,3738,3755,5072,189989740,187608,188306,3965,3589,3777,3759,0,3755,0,0,0,2017-04-20,32446412,3741,10,0,0,0,0,0,0,0,0,3742,3,0,0,0,0,0,0,0,0
94,2017-04-20,09:00:46,915,jd1709,XDCE,3742,3738,3755,5090,190663180,187618,188306,3965,3589,3777,3759,0,3755,0,0,0,2017-04-20,32446915,3741,6,0,0,0,0,0,0,0,0,3742,3,0,0,0,0,0,0,0,0
95,2017-04-20,09:00:47,376,jd1709,XDCE,3742,3738,3755,5108,191336720,187626,188306,3965,3589,3777,3759,0,3755,0,0,0,2017-04-20,32447376,3741,4,0,0,0,0,0,0,0,0,3742,5,0,0,0,0,0,0,0,0
96,2017-04-20,09:00:47,893,jd1709,XDCE,3742,3738,3755,5134,192309640,187644,188306,3965,3589,3777,3759,0,3755,0,0,0,2017-04-20,32447893,3741,9,0,0,0,0,0,0,0,0,3742,5,0,0,0,0,0,0,0,0
97,2017-04-20,09:00:48,411,jd1709,XDCE,3742,3738,3755,5152,192983040,187638,188306,3965,3589,3777,3759,0,3755,0,0,0,2017-04-20,32448411,3741,2,0,0,0,0,0,0,0,0,3742,4,0,0,0,0,0,0,0,0
98,2017-04-20,09:00:48,909,jd1709,XDCE,3741,3738,3755,5228,195826720,187638,188306,3965,3589,3777,3759,0,3755,0,0,0,2017-04-20,32448909,3740,42,0,0,0,0,0,0,0,0,3741,40,0,0,0,0,0,0,0,0
99,2017-04-20,09:00:49,399,jd1709,XDCE,3741,3738,3755,5242,196350440,187630,188306,3965,3589,3777,3759,0,3755,0,0,0,2017-04-20,32449399,3740,42,0,0,0,0,0,0,0,0,3741,36,0,0,0,0,0,0,0,0
100,2017-04-20,09:00:49,836,jd1709,XDCE,3740,3738,3755,5268,197323000,187626,188306,3965,3589,3777,3759,0,3755,0,0,0,2017-04-20,32449836,3740,37,0,0,0,0,0,0,0,0,3741,28,0,0,0,0,0,0,0,0
101,2017-04-20,09:00:50,340,jd1709,XDCE,3741,3738,3755,5270,197397820,187626,188306,3965,3589,3777,3759,0,3755,0,0,0,2017-04-20,32450340,3740,38,0,0,0,0,0,0,0,0,3741,29,0,0,0,0,0,0,0,0
102,2017-04-20,09:00:50,865,jd1709,XDCE,3740,3738,3755,5280,197771900,187620,188306,3965,3589,3777,3759,0,3755,0,0,0,2017-04-20,32450865,3740,37,0,0,0,0,0,0,0,0,3741,25,0,0,0,0,0,0,0,0
103,2017-04-20,09:00:51,383,jd1709,XDCE,3741,3738,3755,5304,198669740,187618,188306,3965,3589,3777,3759,0,3755,0,0,0,2017-04-20,32451383,3740,38,0,0,0,0,0,0,0,0,3741,14,0,0,0,0,0,0,0,0
104,2017-04-20,09:00:51,914,jd1709,XDCE,3741,3738,3755,5326,199492700,187618,188306,3965,3589,3777,3759,0,3755,0,0,0,2017-04-20,32451914,3740,35,0,0,0,0,0,0,0,0,3741,6,0,0,0,0,0,0,0,0
105,2017-04-20,09:00:52,359,jd1709,XDCE,3741,3738,3755,5332,199717160,187620,188306,3965,3589,3777,3759,0,3755,0,0,0,2017-04-20,32452359,3740,36,0,0,0,0,0,0,0,0,3741,3,0,0,0,0,0,0,0,0
106,2017-04-20,09:00:52,914,jd1709,XDCE,3740,3738,3755,5408,202559680,187582,188306,3965,3589,3777,3759,0,3755,0,0,0,2017-04-20,32452914,3740,11,0,0,0,0,0,0,0,0,3741,2,0,0,0,0,0,0,0,0
107,2017-04-20,09:00:53,392,jd1709,XDCE,3741,3738,3755,5414,202784140,187580,188306,3965,3589,3777,3759,0,3755,0,0,0,2017-04-20,32453392,3741,3,0,0,0,0,0,0,0,0,3742,9,0,0,0,0,0,0,0,0
108,2017-04-20,09:00:53,906,jd1709,XDCE,3740,3738,3755,5428,203307840,187586,188306,3965,3589,3777,3759,0,3755,0,0,0,2017-04-20,32453906,3740,21,0,0,0,0,0,0,0,0,3741,7,0,0,0,0,0,0,0,0
109,2017-04-20,09:00:54,377,jd1709,XDCE,3740,3738,3755,5436,203607040,187590,188306,3965,3589,3777,3759,0,3755,0,0,0,2017-04-20,32454377,3740,17,0,0,0,0,0,0,0,0,3741,7,0,0,0,0,0,0,0,0
110,2017-04-20,09:00:54,814,jd1709,XDCE,3741,3738,3755,5448,204055960,187594,188306,3965,3589,3777,3759,0,3755,0,0,0,2017-04-20,32454814,3740,27,0,0,0,0,0,0,0,0,3742,9,0,0,0,0,0,0,0,0
111,2017-04-20,09:00:55,404,jd1709,XDCE,3740,3738,3755,5456,204355160,187602,188306,3965,3589,3777,3759,0,3755,0,0,0,2017-04-20,32455404,3740,23,0,0,0,0,0,0,0,0,3742,8,0,0,0,0,0,0,0,0
112,2017-04-20,09:00:55,908,jd1709,XDCE,3740,3738,3755,5532,207197560,187556,188306,3965,3589,3777,3759,0,3755,0,0,0,2017-04-20,32455908,3739,25,0,0,0,0,0,0,0,0,3740,13,0,0,0,0,0,0,0,0
113,2017-04-20,09:00:56,387,jd1709,XDCE,3740,3738,3755,5584,209142200,187524,188306,3965,3589,3777,3759,0,3755,0,0,0,2017-04-20,32456387,3739,21,0,0,0,0,0,0,0,0,3740,7,0,0,0,0,0,0,0,0
114,2017-04-20,09:00:56,913,jd1709,XDCE,3739,3738,3755,5596,209590900,187528,188306,3965,3589,3777,3759,0,3755,0,0,0,2017-04-20,32456913,3739,16,0,0,0,0,0,0,0,0,3740,8,0,0,0,0,0,0,0,0
115,2017-04-20,09:00:57,407,jd1709,XDCE,3741,3738,3755,5616,210338920,187518,188306,3965,3589,3777,3759,0,3755,0,0,0,2017-04-20,32457407,3740,5,0,0,0,0,0,0,0,0,3741,36,0,0,0,0,0,0,0,0
116,2017-04-20,09:00:57,881,jd1709,XDCE,3740,3738,3755,5666,212209220,187552,188306,3965,3589,3777,3759,0,3755,0,0,0,2017-04-20,32457881,3740,45,0,0,0,0,0,0,0,0,3741,22,0,0,0,0,0,0,0,0
117,2017-04-20,09:00:58,370,jd1709,XDCE,3741,3738,3755,5670,212358840,187554,188306,3965,3589,3777,3759,0,3755,0,0,0,2017-04-20,32458370,3740,52,0,0,0,0,0,0,0,0,3741,21,0,0,0,0,0,0,0,0
118,2017-04-20,09:00:58,883,jd1709,XDCE,3741,3738,3755,5712,213930060,187576,188306,3965,3589,3777,3759,0,3755,0,0,0,2017-04-20,32458883,3741,1,0,0,0,0,0,0,0,0,3742,12,0,0,0,0,0,0,0,0
119,2017-04-20,09:00:59,349,jd1709,XDCE,3740,3738,3755,5716,214079700,187576,188306,3965,3589,3777,3759,0,3755,0,0,0,2017-04-20,32459349,3740,84,0,0,0,0,0,0,0,0,3742,12,0,0,0,0,0,0,0,0
120,2017-04-20,09:00:59,890,jd1709,XDCE,3742,3738,3755,5728,214528540,187576,188306,3965,3589,3777,3759,0,3755,0,0,0,2017-04-20,32459890,3740,97,0,0,0,0,0,0,0,0,3742,11,0,0,0,0,0,0,0,0
121,2017-04-20,09:01:00,398,jd1709,XDCE,3742,3738,3755,5738,214902700,187582,188306,3965,3589,3777,3759,0,3755,0,0,0,2017-04-20,32460398,3741,3,0,0,0,0,0,0,0,0,3742,8,0,0,0,0,0,0,0,0
122,2017-04-20,09:01:00,908,jd1709,XDCE,3742,3738,3755,5872,219914760,187594,188306,3965,3589,3777,3759,0,3755,0,0,0,2017-04-20,32460908,3741,5,0,0,0,0,0,0,0,0,3742,5,0,0,0,0,0,0,0,0
123,2017-04-20,09:01:01,391,jd1709,XDCE,3741,3738,3755,5894,220737880,187614,188306,3965,3589,3777,3759,0,3755,0,0,0,2017-04-20,32461391,3740,47,0,0,0,0,0,0,0,0,3741,61,0,0,0,0,0,0,0,0
124,2017-04-20,09:01:01,892,jd1709,XDCE,3741,3738,3755,5932,222159420,187582,188306,3965,3589,3777,3759,0,3755,0,0,0,2017-04-20,32461892,3740,47,0,0,0,0,0,0,0,0,3741,44,0,0,0,0,0,0,0,0
125,2017-04-20,09:01:02,412,jd1709,XDCE,3740,3738,3755,5938,222383820,187582,188306,3965,3589,3777,3759,0,3755,0,0,0,2017-04-20,32462412,3740,44,0,0,0,0,0,0,0,0,3741,47,0,0,0,0,0,0,0,0
126,2017-04-20,09:01:02,714,jd1709,XDCE,3740,3738,3755,5942,222533420,187582,188306,3965,3589,3777,3759,0,3755,0,0,0,2017-04-20,32462714,3740,43,0,0,0,0,0,0,0,0,3741,47,0,0,0,0,0,0,0,0
127,2017-04-20,09:01:03,361,jd1709,XDCE,3741,3738,3755,5990,224328880,187542,188306,3965,3589,3777,3759,0,3755,0,0,0,2017-04-20,32463361,3740,33,0,0,0,0,0,0,0,0,3741,34,0,0,0,0,0,0,0,0
128,2017-04-20,09:01:03,890,jd1709,XDCE,3740,3738,3755,6046,226423620,187566,188306,3965,3589,3777,3759,0,3755,0,0,0,2017-04-20,32463890,3740,22,0,0,0,0,0,0,0,0,3741,47,0,0,0,0,0,0,0,0
129,2017-04-20,09:01:04,382,jd1709,XDCE,3740,3738,3755,6134,229715640,187628,188306,3965,3589,3777,3759,0,3755,0,0,0,2017-04-20,32464382,3740,25,0,0,0,0,0,0,0,0,3741,11,0,0,0,0,0,0,0,0
130,2017-04-20,09:01:04,910,jd1709,XDCE,3741,3738,3755,6202,232259120,187678,188306,3965,3589,3777,3759,0,3755,0,0,0,2017-04-20,32464910,3740,7,0,0,0,0,0,0,0,0,3741,6,0,0,0,0,0,0,0,0
131,2017-04-20,09:01:05,401,jd1709,XDCE,3740,3738,3755,6260,234428320,187718,188306,3965,3589,3777,3759,0,3755,0,0,0,2017-04-20,32465401,3739,26,0,0,0,0,0,0,0,0,3740,27,0,0,0,0,0,0,0,0
132,2017-04-20,09:01:05,898,jd1709,XDCE,3740,3738,3755,6316,236522420,187748,188306,3965,3589,3777,3759,0,3755,0,0,0,2017-04-20,32465898,3739,11,0,0,0,0,0,0,0,0,3740,14,0,0,0,0,0,0,0,0
133,2017-04-20,09:01:06,392,jd1709,XDCE,3740,3738,3755,6354,237943340,187740,188306,3965,3589,3777,3759,0,3755,0,0,0,2017-04-20,32466392,3738,31,0,0,0,0,0,0,0,0,3740,9,0,0,0,0,0,0,0,0
134,2017-04-20,09:01:06,882,jd1709,XDCE,3740,3738,3755,6388,239214880,187764,188306,3965,3589,3777,3759,0,3755,0,0,0,2017-04-20,32466882,3738,33,0,0,0,0,0,0,0,0,3740,17,0,0,0,0,0,0,0,0
135,2017-04-20,09:01:07,387,jd1709,XDCE,3739,3738,3755,6438,241084680,187760,188306,3965,3589,3777,3759,0,3755,0,0,0,2017-04-20,32467387,3738,31,0,0,0,0,0,0,0,0,3739,3,0,0,0,0,0,0,0,0
136,2017-04-20,09:01:07,892,jd1709,XDCE,3739,3738,3755,6450,241533400,187752,188306,3965,3589,3777,3759,0,3755,0,0,0,2017-04-20,32467892,3739,2,0,0,0,0,0,0,0,0,3740,12,0,0,0,0,0,0,0,0
137,2017-04-20,09:01:08,352,jd1709,XDCE,3740,3738,3755,6512,243852180,187794,188306,3965,3589,3777,3759,0,3755,0,0,0,2017-04-20,32468352,3739,1,0,0,0,0,0,0,0,0,3740,1,0,0,0,0,0,0,0,0
138,2017-04-20,09:01:08,911,jd1709,XDCE,3739,3738,3755,6534,244674900,187794,188306,3965,3589,3777,3759,0,3755,0,0,0,2017-04-20,32468911,3739,2,0,0,0,0,0,0,0,0,3740,15,0,0,0,0,0,0,0,0
139,2017-04-20,09:01:09,401,jd1709,XDCE,3739,3738,3755,6542,244974040,187798,188306,3965,3589,3777,3759,0,3755,0,0,0,2017-04-20,32469401,3738,33,0,0,0,0,0,0,0,0,3739,16,0,0,0,0,0,0,0,0
140,2017-04-20,09:01:09,897,jd1709,XDCE,3738,3738,3755,6620,247889720,187792,188306,3965,3589,3777,3759,0,3755,0,0,0,2017-04-20,32469897,3737,39,0,0,0,0,0,0,0,0,3738,25,0,0,0,0,0,0,0,0
141,2017-04-20,09:01:10,370,jd1709,XDCE,3738,3737,3755,6650,249011000,187786,188306,3965,3589,3777,3759,0,3755,0,0,0,2017-04-20,32470370,3737,33,0,0,0,0,0,0,0,0,3738,16,0,0,0,0,0,0,0,0
142,2017-04-20,09:01:10,888,jd1709,XDCE,3737,3737,3755,6666,249608940,187776,188306,3965,3589,3777,3759,0,3755,0,0,0,2017-04-20,32470888,3737,26,0,0,0,0,0,0,0,0,3738,15,0,0,0,0,0,0,0,0
143,2017-04-20,09:01:11,389,jd1709,XDCE,3737,3737,3755,6778,253796180,187812,188306,3965,3589,3777,3759,0,3755,0,0,0,2017-04-20,32471389,3737,35,0,0,0,0,0,0,0,0,3738,1,0,0,0,0,0,0,0,0
144,2017-04-20,09:01:11,889,jd1709,XDCE,3739,3737,3755,6802,254693320,187810,188306,3965,3589,3777,3759,0,3755,0,0,0,2017-04-20,32471889,3738,3,0,0,0,0,0,0,0,0,3739,5,0,0,0,0,0,0,0,0
145,2017-04-20,09:01:12,411,jd1709,XDCE,3738,3737,3755,6806,254842840,187810,188306,3965,3589,3777,3759,0,3755,0,0,0,2017-04-20,32472411,3738,2,0,0,0,0,0,0,0,0,3739,7,0,0,0,0,0,0,0,0
146,2017-04-20,09:01:12,911,jd1709,XDCE,3736,3736,3755,6906,258579880,187756,188306,3965,3589,3777,3759,0,3755,0,0,0,2017-04-20,32472911,3736,80,0,0,0,0,0,0,0,0,3738,3,0,0,0,0,0,0,0,0
147,2017-04-20,09:01:13,410,jd1709,XDCE,3736,3736,3755,6952,260298520,187796,188306,3965,3589,3777,3759,0,3755,0,0,0,2017-04-20,32473410,3736,59,0,0,0,0,0,0,0,0,3738,5,0,0,0,0,0,0,0,0
148,2017-04-20,09:01:13,897,jd1709,XDCE,3736,3736,3755,6954,260373240,187798,188306,3965,3589,3777,3759,0,3755,0,0,0,2017-04-20,32473897,3737,10,0,0,0,0,0,0,0,0,3738,8,0,0,0,0,0,0,0,0
149,2017-04-20,09:01:14,340,jd1709,XDCE,3737,3736,3755,7090,265456520,187808,188306,3965,3589,3777,3759,0,3755,0,0,0,2017-04-20,32474340,3736,59,0,0,0,0,0,0,0,0,3737,2,0,0,0,0,0,0,0,0
150,2017-04-20,09:01:14,916,jd1709,XDCE,3738,3736,3755,7104,265979680,187808,188306,3965,3589,3777,3759,0,3755,0,0,0,2017-04-20,32474916,3736,57,0,0,0,0,0,0,0,0,3738,15,0,0,0,0,0,0,0,0
151,2017-04-20,09:01:15,411,jd1709,XDCE,3736,3736,3755,7160,268071880,187862,188306,3965,3589,3777,3759,0,3755,0,0,0,2017-04-20,32475411,3736,32,0,0,0,0,0,0,0,0,3738,28,0,0,0,0,0,0,0,0
152,2017-04-20,09:01:15,904,jd1709,XDCE,3736,3736,3755,7218,270238800,187834,188306,3965,3589,3777,3759,0,3755,0,0,0,2017-04-20,32475904,3736,4,0,0,0,0,0,0,0,0,3737,4,0,0,0,0,0,0,0,0
153,2017-04-20,09:01:16,415,jd1709,XDCE,3736,3736,3755,7236,270911340,187844,188306,3965,3589,3777,3759,0,3755,0,0,0,2017-04-20,32476415,3735,56,0,0,0,0,0,0,0,0,3736,13,0,0,0,0,0,0,0,0
154,2017-04-20,09:01:16,877,jd1709,XDCE,3736,3736,3755,7238,270986060,187846,188306,3965,3589,3777,3759,0,3755,0,0,0,2017-04-20,32476877,3735,56,0,0,0,0,0,0,0,0,3736,12,0,0,0,0,0,0,0,0
155,2017-04-20,09:01:17,397,jd1709,XDCE,3737,3736,3755,7272,272256400,187848,188306,3965,3589,3777,3759,0,3755,0,0,0,2017-04-20,32477397,3737,35,0,0,0,0,0,0,0,0,3738,27,0,0,0,0,0,0,0,0
156,2017-04-20,09:01:17,843,jd1709,XDCE,3737,3736,3755,7286,272779620,187856,188306,3965,3589,3777,3759,0,3755,0,0,0,2017-04-20,32477843,3737,32,0,0,0,0,0,0,0,0,3738,26,0,0,0,0,0,0,0,0
157,2017-04-20,09:01:18,390,jd1709,XDCE,3737,3736,3755,7292,273003860,187860,188306,3965,3589,3777,3759,0,3755,0,0,0,2017-04-20,32478390,3737,31,0,0,0,0,0,0,0,0,3738,30,0,0,0,0,0,0,0,0
158,2017-04-20,09:01:18,887,jd1709,XDCE,3737,3736,3755,7316,273900740,187878,188306,3965,3589,3777,3759,0,3755,0,0,0,2017-04-20,32478887,3737,19,0,0,0,0,0,0,0,0,3738,30,0,0,0,0,0,0,0,0
159,2017-04-20,09:01:19,348,jd1709,XDCE,3737,3736,3755,7318,273975480,187878,188306,3965,3589,3777,3759,0,3755,0,0,0,2017-04-20,32479348,3737,19,0,0,0,0,0,0,0,0,3738,31,0,0,0,0,0,0,0,0
160,2017-04-20,09:01:19,808,jd1709,XDCE,3737,3736,3755,7358,275470280,187910,188306,3965,3589,3777,3759,0,3755,0,0,0,2017-04-20,32479808,3736,36,0,0,0,0,0,0,0,0,3738,31,0,0,0,0,0,0,0,0
161,2017-04-20,09:01:20,389,jd1709,XDCE,3737,3736,3755,7368,275844000,187912,188306,3965,3589,3777,3759,0,3755,0,0,0,2017-04-20,32480389,3737,4,0,0,0,0,0,0,0,0,3738,31,0,0,0,0,0,0,0,0
162,2017-04-20,09:01:20,877,jd1709,XDCE,3738,3736,3755,7416,277638140,187938,188306,3965,3589,3777,3759,0,3755,0,0,0,2017-04-20,32480877,3737,11,0,0,0,0,0,0,0,0,3738,7,0,0,0,0,0,0,0,0
163,2017-04-20,09:01:21,367,jd1709,XDCE,3737,3736,3755,7440,278535020,187934,188306,3965,3589,3777,3759,0,3755,0,0,0,2017-04-20,32481367,3737,5,0,0,0,0,0,0,0,0,3738,8,0,0,0,0,0,0,0,0
164,2017-04-20,09:01:21,868,jd1709,XDCE,3737,3736,3755,7446,278759240,187940,188306,3965,3589,3777,3759,0,3755,0,0,0,2017-04-20,32481868,3736,49,0,0,0,0,0,0,0,0,3737,10,0,0,0,0,0,0,0,0
165,2017-04-20,09:01:22,413,jd1709,XDCE,3736,3735,3755,7576,283615860,187910,188306,3965,3589,3777,3759,0,3755,0,0,0,2017-04-20,32482413,3735,67,0,0,0,0,0,0,0,0,3737,13,0,0,0,0,0,0,0,0
166,2017-04-20,09:01:22,903,jd1709,XDCE,3737,3735,3755,7582,283840040,187912,188306,3965,3589,3777,3759,0,3755,0,0,0,2017-04-20,32482903,3735,67,0,0,0,0,0,0,0,0,3737,44,0,0,0,0,0,0,0,0
167,2017-04-20,09:01:23,349,jd1709,XDCE,3735,3735,3755,7700,288247420,187900,188306,3965,3589,3777,3759,0,3755,0,0,0,2017-04-20,32483349,3735,10,0,0,0,0,0,0,0,0,3736,67,0,0,0,0,0,0,0,0
168,2017-04-20,09:01:23,911,jd1709,XDCE,3735,3733,3755,7812,292429360,187888,188306,3965,3589,3777,3759,0,3755,0,0,0,2017-04-20,32483911,3733,5,0,0,0,0,0,0,0,0,3735,25,0,0,0,0,0,0,0,0
169,2017-04-20,09:01:24,410,jd1709,XDCE,3734,3732,3755,7882,295042280,187902,188306,3965,3589,3777,3759,0,3755,0,0,0,2017-04-20,32484410,3732,7,0,0,0,0,0,0,0,0,3734,9,0,0,0,0,0,0,0,0
170,2017-04-20,09:01:24,888,jd1709,XDCE,3734,3732,3755,7920,296460640,187928,188306,3965,3589,3777,3759,0,3755,0,0,0,2017-04-20,32484888,3732,14,0,0,0,0,0,0,0,0,3734,6,0,0,0,0,0,0,0,0
171,2017-04-20,09:01:25,393,jd1709,XDCE,3734,3732,3755,7936,297058040,187928,188306,3965,3589,3777,3759,0,3755,0,0,0,2017-04-20,32485393,3734,48,0,0,0,0,0,0,0,0,3735,35,0,0,0,0,0,0,0,0
172,2017-04-20,09:01:25,838,jd1709,XDCE,3734,3732,3755,7970,298327600,187918,188306,3965,3589,3777,3759,0,3755,0,0,0,2017-04-20,32485838,3734,58,0,0,0,0,0,0,0,0,3735,56,0,0,0,0,0,0,0,0
173,2017-04-20,09:01:26,362,jd1709,XDCE,3735,3732,3755,7982,298775700,187906,188306,3965,3589,3777,3759,0,3755,0,0,0,2017-04-20,32486362,3734,54,0,0,0,0,0,0,0,0,3735,50,0,0,0,0,0,0,0,0
174,2017-04-20,09:01:26,898,jd1709,XDCE,3734,3732,3755,7994,299223840,187906,188306,3965,3589,3777,3759,0,3755,0,0,0,2017-04-20,32486898,3734,51,0,0,0,0,0,0,0,0,3735,47,0,0,0,0,0,0,0,0
175,2017-04-20,09:01:27,411,jd1709,XDCE,3734,3732,3755,8016,300045520,187890,188306,3965,3589,3777,3759,0,3755,0,0,0,2017-04-20,32487411,3734,50,0,0,0,0,0,0,0,0,3735,37,0,0,0,0,0,0,0,0
176,2017-04-20,09:01:27,905,jd1709,XDCE,3734,3732,3755,8032,300642980,187890,188306,3965,3589,3777,3759,0,3755,0,0,0,2017-04-20,32487905,3734,44,0,0,0,0,0,0,0,0,3735,36,0,0,0,0,0,0,0,0
177,2017-04-20,09:01:28,370,jd1709,XDCE,3733,3732,3755,8130,304302220,187862,188306,3965,3589,3777,3759,0,3755,0,0,0,2017-04-20,32488370,3732,4,0,0,0,0,0,0,0,0,3733,8,0,0,0,0,0,0,0,0
178,2017-04-20,09:01:28,848,jd1709,XDCE,3734,3732,3755,8188,306467780,187840,188306,3965,3589,3777,3759,0,3755,0,0,0,2017-04-20,32488848,3732,8,0,0,0,0,0,0,0,0,3735,37,0,0,0,0,0,0,0,0
179,2017-04-20,09:01:29,382,jd1709,XDCE,3735,3732,3755,8254,308932760,187886,188306,3965,3589,3777,3759,0,3755,0,0,0,2017-04-20,32489382,3734,35,0,0,0,0,0,0,0,0,3735,9,0,0,0,0,0,0,0,0
180,2017-04-20,09:01:29,882,jd1709,XDCE,3737,3732,3755,8322,311473140,187896,188306,3965,3589,3777,3759,0,3755,0,0,0,2017-04-20,32489882,3736,14,0,0,0,0,0,0,0,0,3738,12,0,0,0,0,0,0,0,0
181,2017-04-20,09:01:30,416,jd1709,XDCE,3737,3732,3755,8324,311547880,187896,188306,3965,3589,3777,3759,0,3755,0,0,0,2017-04-20,32490416,3737,9,0,0,0,0,0,0,0,0,3738,11,0,0,0,0,0,0,0,0
182,2017-04-20,09:01:30,846,jd1709,XDCE,3737,3732,3755,8362,312967940,187890,188306,3965,3589,3777,3759,0,3755,0,0,0,2017-04-20,32490846,3737,16,0,0,0,0,0,0,0,0,3738,12,0,0,0,0,0,0,0,0
183,2017-04-20,09:01:31,393,jd1709,XDCE,3736,3732,3755,8400,314387960,187896,188306,3965,3589,3777,3759,0,3755,0,0,0,2017-04-20,32491393,3736,20,0,0,0,0,0,0,0,0,3738,12,0,0,0,0,0,0,0,0
184,2017-04-20,09:01:31,886,jd1709,XDCE,3736,3732,3755,8410,314761580,187904,188306,3965,3589,3777,3759,0,3755,0,0,0,2017-04-20,32491886,3736,16,0,0,0,0,0,0,0,0,3738,12,0,0,0,0,0,0,0,0
185,2017-04-20,09:01:32,386,jd1709,XDCE,3737,3732,3755,8412,314836320,187904,188306,3965,3589,3777,3759,0,3755,0,0,0,2017-04-20,32492386,3736,17,0,0,0,0,0,0,0,0,3738,17,0,0,0,0,0,0,0,0
186,2017-04-20,09:01:32,915,jd1709,XDCE,3738,3732,3755,8450,316256160,187916,188306,3965,3589,3777,3759,0,3755,0,0,0,2017-04-20,32492915,3736,38,0,0,0,0,0,0,0,0,3738,15,0,0,0,0,0,0,0,0
187,2017-04-20,09:01:33,366,jd1709,XDCE,3739,3732,3755,8506,318349640,187890,188306,3965,3589,3777,3759,0,3755,0,0,0,2017-04-20,32493366,3738,40,0,0,0,0,0,0,0,0,3740,25,0,0,0,0,0,0,0,0
188,2017-04-20,09:01:33,888,jd1709,XDCE,3739,3732,3755,8524,319022760,187894,188306,3965,3589,3777,3759,0,3755,0,0,0,2017-04-20,32493888,3738,46,0,0,0,0,0,0,0,0,3739,3,0,0,0,0,0,0,0,0
189,2017-04-20,09:01:34,301,jd1709,XDCE,3739,3732,3755,8536,319471420,187888,188306,3965,3589,3777,3759,0,3755,0,0,0,2017-04-20,32494301,3738,47,0,0,0,0,0,0,0,0,3739,2,0,0,0,0,0,0,0,0
190,2017-04-20,09:01:34,904,jd1709,XDCE,3738,3732,3755,8550,319994840,187878,188306,3965,3589,3777,3759,0,3755,0,0,0,2017-04-20,32494904,3738,44,0,0,0,0,0,0,0,0,3740,29,0,0,0,0,0,0,0,0
191,2017-04-20,09:01:35,372,jd1709,XDCE,3739,3732,3755,8556,320219180,187872,188306,3965,3589,3777,3759,0,3755,0,0,0,2017-04-20,32495372,3739,1,0,0,0,0,0,0,0,0,3740,28,0,0,0,0,0,0,0,0
192,2017-04-20,09:01:35,907,jd1709,XDCE,3738,3732,3755,8600,321864360,187862,188306,3965,3589,3777,3759,0,3755,0,0,0,2017-04-20,32495907,3739,10,0,0,0,0,0,0,0,0,3740,17,0,0,0,0,0,0,0,0
193,2017-04-20,09:01:36,399,jd1709,XDCE,3739,3732,3755,8614,322387860,187874,188306,3965,3589,3777,3759,0,3755,0,0,0,2017-04-20,32496399,3739,8,0,0,0,0,0,0,0,0,3740,15,0,0,0,0,0,0,0,0
194,2017-04-20,09:01:36,893,jd1709,XDCE,3739,3732,3755,8640,323360000,187880,188306,3965,3589,3777,3759,0,3755,0,0,0,2017-04-20,32496893,3738,48,0,0,0,0,0,0,0,0,3739,9,0,0,0,0,0,0,0,0
195,2017-04-20,09:01:37,354,jd1709,XDCE,3738,3732,3755,8662,324182480,187870,188306,3965,3589,3777,3759,0,3755,0,0,0,2017-04-20,32497354,3738,43,0,0,0,0,0,0,0,0,3739,3,0,0,0,0,0,0,0,0
196,2017-04-20,09:01:37,830,jd1709,XDCE,3738,3732,3755,8668,324406780,187870,188306,3965,3589,3777,3759,0,3755,0,0,0,2017-04-20,32497830,3738,41,0,0,0,0,0,0,0,0,3739,2,0,0,0,0,0,0,0,0
197,2017-04-20,09:01:38,302,jd1709,XDCE,3738,3732,3755,8754,327621500,187804,188306,3965,3589,3777,3759,0,3755,0,0,0,2017-04-20,32498302,3737,1,0,0,0,0,0,0,0,0,3738,9,0,0,0,0,0,0,0,0
198,2017-04-20,09:01:38,916,jd1709,XDCE,3738,3732,3755,8766,328069960,187808,188306,3965,3589,3777,3759,0,3755,0,0,0,2017-04-20,32498916,3737,16,0,0,0,0,0,0,0,0,3738,12,0,0,0,0,0,0,0,0
199,2017-04-20,09:01:39,367,jd1709,XDCE,3737,3732,3755,8800,329340560,187826,188306,3965,3589,3777,3759,0,3755,0,0,0,2017-04-20,32499367,3737,10,0,0,0,0,0,0,0,0,3738,25,0,0,0,0,0,0,0,0
200,2017-04-20,09:01:39,848,jd1709,XDCE,3737,3732,3755,8800,329340560,187826,188306,3965,3589,3777,3759,0,3755,0,0,0,2017-04-20,32499848,3737,17,0,0,0,0,0,0,0,0,3738,25,0,0,0,0,0,0,0,0
201,2017-04-20,09:01:40,405,jd1709,XDCE,3738,3732,3755,8856,331433660,187846,188306,3965,3589,3777,3759,0,3755,0,0,0,2017-04-20,32500405,3737,8,0,0,0,0,0,0,0,0,3738,16,0,0,0,0,0,0,0,0
202,2017-04-20,09:01:40,838,jd1709,XDCE,3738,3732,3755,8880,332330780,187850,188306,3965,3589,3777,3759,0,3755,0,0,0,2017-04-20,32500838,3737,22,0,0,0,0,0,0,0,0,3738,4,0,0,0,0,0,0,0,0
203,2017-04-20,09:01:41,401,jd1709,XDCE,3738,3732,3755,8884,332480300,187852,188306,3965,3589,3777,3759,0,3755,0,0,0,2017-04-20,32501401,3737,23,0,0,0,0,0,0,0,0,3739,8,0,0,0,0,0,0,0,0
204,2017-04-20,09:01:41,870,jd1709,XDCE,3737,3732,3755,8924,333975160,187890,188306,3965,3589,3777,3759,0,3755,0,0,0,2017-04-20,32501870,3737,8,0,0,0,0,0,0,0,0,3739,15,0,0,0,0,0,0,0,0
205,2017-04-20,09:01:42,360,jd1709,XDCE,3739,3732,3755,8928,334124680,187890,188306,3965,3589,3777,3759,0,3755,0,0,0,2017-04-20,32502360,3737,9,0,0,0,0,0,0,0,0,3739,14,0,0,0,0,0,0,0,0
206,2017-04-20,09:01:42,905,jd1709,XDCE,3737,3732,3755,8936,334423640,187892,188306,3965,3589,3777,3759,0,3755,0,0,0,2017-04-20,32502905,3738,1,0,0,0,0,0,0,0,0,3739,14,0,0,0,0,0,0,0,0
207,2017-04-20,09:01:43,344,jd1709,XDCE,3739,3732,3755,8938,334498420,187894,188306,3965,3589,3777,3759,0,3755,0,0,0,2017-04-20,32503344,3738,1,0,0,0,0,0,0,0,0,3739,19,0,0,0,0,0,0,0,0
208,2017-04-20,09:01:43,876,jd1709,XDCE,3737,3732,3755,9008,337114440,187846,188306,3965,3589,3777,3759,0,3755,0,0,0,2017-04-20,32503876,3737,19,0,0,0,0,0,0,0,0,3738,3,0,0,0,0,0,0,0,0
209,2017-04-20,09:01:44,371,jd1709,XDCE,3738,3732,3755,9050,338684380,187870,188306,3965,3589,3777,3759,0,3755,0,0,0,2017-04-20,32504371,3738,24,0,0,0,0,0,0,0,0,3739,11,0,0,0,0,0,0,0,0
210,2017-04-20,09:01:44,841,jd1709,XDCE,3739,3732,3755,9052,338759160,187870,188306,3965,3589,3777,3759,0,3755,0,0,0,2017-04-20,32504841,3738,10,0,0,0,0,0,0,0,0,3739,10,0,0,0,0,0,0,0,0
211,2017-04-20,09:01:45,408,jd1709,XDCE,3739,3732,3755,9090,340179900,187868,188306,3965,3589,3777,3759,0,3755,0,0,0,2017-04-20,32505408,3739,20,0,0,0,0,0,0,0,0,3740,26,0,0,0,0,0,0,0,0
212,2017-04-20,09:01:45,915,jd1709,XDCE,3739,3732,3755,9136,341899880,187890,188306,3965,3589,3777,3759,0,3755,0,0,0,2017-04-20,32505915,3738,6,0,0,0,0,0,0,0,0,3739,68,0,0,0,0,0,0,0,0
213,2017-04-20,09:01:46,395,jd1709,XDCE,3739,3732,3755,9140,342049420,187890,188306,3965,3589,3777,3759,0,3755,0,0,0,2017-04-20,32506395,3738,13,0,0,0,0,0,0,0,0,3739,71,0,0,0,0,0,0,0,0
214,2017-04-20,09:01:46,881,jd1709,XDCE,3739,3732,3755,9140,342049420,187890,188306,3965,3589,3777,3759,0,3755,0,0,0,2017-04-20,32506881,3738,14,0,0,0,0,0,0,0,0,3739,71,0,0,0,0,0,0,0,0
215,2017-04-20,09:01:47,357,jd1709,XDCE,3738,3732,3755,9172,343245600,187902,188306,3965,3589,3777,3759,0,3755,0,0,0,2017-04-20,32507357,3737,21,0,0,0,0,0,0,0,0,3738,15,0,0,0,0,0,0,0,0
216,2017-04-20,09:01:47,900,jd1709,XDCE,3737,3732,3755,9176,343395100,187904,188306,3965,3589,3777,3759,0,3755,0,0,0,2017-04-20,32507900,3737,21,0,0,0,0,0,0,0,0,3738,17,0,0,0,0,0,0,0,0
217,2017-04-20,09:01:48,358,jd1709,XDCE,3738,3732,3755,9178,343469860,187902,188306,3965,3589,3777,3759,0,3755,0,0,0,2017-04-20,32508358,3737,22,0,0,0,0,0,0,0,0,3738,16,0,0,0,0,0,0,0,0
218,2017-04-20,09:01:48,909,jd1709,XDCE,3738,3732,3755,9182,343619380,187902,188306,3965,3589,3777,3759,0,3755,0,0,0,2017-04-20,32508909,3737,23,0,0,0,0,0,0,0,0,3738,19,0,0,0,0,0,0,0,0
219,2017-04-20,09:01:49,350,jd1709,XDCE,3739,3732,3755,9230,345413720,187884,188306,3965,3589,3777,3759,0,3755,0,0,0,2017-04-20,32509350,3738,11,0,0,0,0,0,0,0,0,3739,73,0,0,0,0,0,0,0,0
220,2017-04-20,09:01:49,790,jd1709,XDCE,3738,3732,3755,9242,345862280,187884,188306,3965,3589,3777,3759,0,3755,0,0,0,2017-04-20,32509790,3738,8,0,0,0,0,0,0,0,0,3739,78,0,0,0,0,0,0,0,0
221,2017-04-20,09:01:50,400,jd1709,XDCE,3739,3732,3755,9288,347581960,187884,188306,3965,3589,3777,3759,0,3755,0,0,0,2017-04-20,32510400,3738,22,0,0,0,0,0,0,0,0,3739,78,0,0,0,0,0,0,0,0
222,2017-04-20,09:01:50,888,jd1709,XDCE,3739,3732,3755,9288,347581960,187884,188306,3965,3589,3777,3759,0,3755,0,0,0,2017-04-20,32510888,3738,34,0,0,0,0,0,0,0,0,3739,74,0,0,0,0,0,0,0,0
223,2017-04-20,09:01:51,406,jd1709,XDCE,3739,3732,3755,9296,347881060,187876,188306,3965,3589,3777,3759,0,3755,0,0,0,2017-04-20,32511406,3738,38,0,0,0,0,0,0,0,0,3739,73,0,0,0,0,0,0,0,0
224,2017-04-20,09:01:51,859,jd1709,XDCE,3739,3732,3755,9320,348778400,187874,188306,3965,3589,3777,3759,0,3755,0,0,0,2017-04-20,32511859,3738,38,0,0,0,0,0,0,0,0,3739,62,0,0,0,0,0,0,0,0
225,2017-04-20,09:01:52,404,jd1709,XDCE,3739,3732,3755,9446,353489520,187926,188306,3965,3589,3777,3759,0,3755,0,0,0,2017-04-20,32512404,3739,5,0,0,0,0,0,0,0,0,3740,31,0,0,0,0,0,0,0,0
226,2017-04-20,09:01:52,871,jd1709,XDCE,3739,3732,3755,9446,353489520,187926,188306,3965,3589,3777,3759,0,3755,0,0,0,2017-04-20,32512871,3739,9,0,0,0,0,0,0,0,0,3740,27,0,0,0,0,0,0,0,0
227,2017-04-20,09:01:53,339,jd1709,XDCE,3740,3732,3755,9500,355509120,187940,188306,3965,3589,3777,3759,0,3755,0,0,0,2017-04-20,32513339,3740,6,0,0,0,0,0,0,0,0,3741,22,0,0,0,0,0,0,0,0
228,2017-04-20,09:01:53,889,jd1709,XDCE,3740,3732,3755,9522,356331920,187926,188306,3965,3589,3777,3759,0,3755,0,0,0,2017-04-20,32513889,3740,7,0,0,0,0,0,0,0,0,3741,6,0,0,0,0,0,0,0,0
229,2017-04-20,09:01:54,403,jd1709,XDCE,3741,3732,3755,9534,356780820,187920,188306,3965,3589,3777,3759,0,3755,0,0,0,2017-04-20,32514403,3740,8,0,0,0,0,0,0,0,0,3741,1,0,0,0,0,0,0,0,0
230,2017-04-20,09:01:54,906,jd1709,XDCE,3740,3732,3755,9556,357603800,187910,188306,3965,3589,3777,3759,0,3755,0,0,0,2017-04-20,32514906,3740,8,0,0,0,0,0,0,0,0,3742,24,0,0,0,0,0,0,0,0
231,2017-04-20,09:01:55,346,jd1709,XDCE,3741,3732,3755,9580,358501600,187896,188306,3965,3589,3777,3759,0,3755,0,0,0,2017-04-20,32515346,3741,8,0,0,0,0,0,0,0,0,3742,24,0,0,0,0,0,0,0,0
232,2017-04-20,09:01:55,866,jd1709,XDCE,3741,3732,3755,9596,359100160,187880,188306,3965,3589,3777,3759,0,3755,0,0,0,2017-04-20,32515866,3740,1,0,0,0,0,0,0,0,0,3741,6,0,0,0,0,0,0,0,0
233,2017-04-20,09:01:56,394,jd1709,XDCE,3741,3732,3755,9608,359549080,187880,188306,3965,3589,3777,3759,0,3755,0,0,0,2017-04-20,32516394,3740,1,0,0,0,0,0,0,0,0,3741,13,0,0,0,0,0,0,0,0
234,2017-04-20,09:01:56,838,jd1709,XDCE,3742,3732,3755,9638,360671420,187872,188306,3965,3589,3777,3759,0,3755,0,0,0,2017-04-20,32516838,3740,4,0,0,0,0,0,0,0,0,3742,23,0,0,0,0,0,0,0,0
235,2017-04-20,09:01:57,338,jd1709,XDCE,3742,3732,3755,9664,361644320,187868,188306,3965,3589,3777,3759,0,3755,0,0,0,2017-04-20,32517338,3740,4,0,0,0,0,0,0,0,0,3742,5,0,0,0,0,0,0,0,0
236,2017-04-20,09:01:57,911,jd1709,XDCE,3740,3732,3755,9706,363215160,187862,188306,3965,3589,3777,3759,0,3755,0,0,0,2017-04-20,32517911,3740,8,0,0,0,0,0,0,0,0,3742,4,0,0,0,0,0,0,0,0
237,2017-04-20,09:01:58,410,jd1709,XDCE,3742,3732,3755,9724,363888640,187866,188306,3965,3589,3777,3759,0,3755,0,0,0,2017-04-20,32518410,3742,14,0,0,0,0,0,0,0,0,3743,36,0,0,0,0,0,0,0,0
238,2017-04-20,09:01:58,854,jd1709,XDCE,3742,3732,3755,9752,364936400,187866,188306,3965,3589,3777,3759,0,3755,0,0,0,2017-04-20,32518854,3741,1,0,0,0,0,0,0,0,0,3742,26,0,0,0,0,0,0,0,0
239,2017-04-20,09:01:59,411,jd1709,XDCE,3742,3732,3755,9758,365160900,187864,188306,3965,3589,3777,3759,0,3755,0,0,0,2017-04-20,32519411,3740,9,0,0,0,0,0,0,0,0,3742,27,0,0,0,0,0,0,0,0
240,2017-04-20,09:01:59,818,jd1709,XDCE,3742,3732,3755,9760,365235740,187862,188306,3965,3589,3777,3759,0,3755,0,0,0,2017-04-20,32519818,3741,1,0,0,0,0,0,0,0,0,3742,30,0,0,0,0,0,0,0,0
241,2017-04-20,09:02:00,351,jd1709,XDCE,3742,3732,3755,9818,367406100,187830,188306,3965,3589,3777,3759,0,3755,0,0,0,2017-04-20,32520351,3741,4,0,0,0,0,0,0,0,0,3742,1,0,0,0,0,0,0,0,0
242,2017-04-20,09:02:00,839,jd1709,XDCE,3743,3732,3755,9848,368528920,187836,188306,3965,3589,3777,3759,0,3755,0,0,0,2017-04-20,32520839,3742,8,0,0,0,0,0,0,0,0,3743,25,0,0,0,0,0,0,0,0
243,2017-04-20,09:02:01,412,jd1709,XDCE,3744,3732,3755,9908,370774840,187818,188306,3965,3589,3777,3759,0,3755,0,0,0,2017-04-20,32521412,3743,9,0,0,0,0,0,0,0,0,3745,30,0,0,0,0,0,0,0,0
244,2017-04-20,09:02:01,892,jd1709,XDCE,3742,3732,3755,9938,371897880,187802,188306,3965,3589,3777,3759,0,3755,0,0,0,2017-04-20,32521892,3742,26,0,0,0,0,0,0,0,0,3743,1,0,0,0,0,0,0,0,0
245,2017-04-20,09:02:02,388,jd1709,XDCE,3742,3732,3755,9988,373769720,187798,188306,3965,3589,3777,3759,0,3755,0,0,0,2017-04-20,32522388,3743,1,0,0,0,0,0,0,0,0,3744,4,0,0,0,0,0,0,0,0
246,2017-04-20,09:02:02,901,jd1709,XDCE,3742,3732,3755,10034,375491040,187802,188306,3965,3589,3777,3759,0,3755,0,0,0,2017-04-20,32522901,3741,5,0,0,0,0,0,0,0,0,3744,10,0,0,0,0,0,0,0,0
247,2017-04-20,09:02:03,389,jd1709,XDCE,3742,3732,3755,10052,376164440,187806,188306,3965,3589,3777,3759,0,3755,0,0,0,2017-04-20,32523389,3742,5,0,0,0,0,0,0,0,0,3743,20,0,0,0,0,0,0,0,0
248,2017-04-20,09:02:03,911,jd1709,XDCE,3743,3732,3755,10056,376314160,187804,188306,3965,3589,3777,3759,0,3755,0,0,0,2017-04-20,32523911,3742,10,0,0,0,0,0,0,0,0,3743,18,0,0,0,0,0,0,0,0
249,2017-04-20,09:02:04,411,jd1709,XDCE,3743,3732,3755,10064,376613600,187804,188306,3965,3589,3777,3759,0,3755,0,0,0,2017-04-20,32524411,3742,10,0,0,0,0,0,0,0,0,3743,14,0,0,0,0,0,0,0,0
250,2017-04-20,09:02:05,407,jd1709,XDCE,3743,3732,3755,10064,376613600,187804,188306,3965,3589,3777,3759,0,3755,0,0,0,2017-04-20,32525407,3742,12,0,0,0,0,0,0,0,0,3743,14,0,0,0,0,0,0,0,0
251,2017-04-20,09:02:05,888,jd1709,XDCE,3743,3732,3755,10096,377811320,187800,188306,3965,3589,3777,3759,0,3755,0,0,0,2017-04-20,32525888,3743,3,0,0,0,0,0,0,0,0,3744,10,0,0,0,0,0,0,0,0
252,2017-04-20,09:02:06,290,jd1709,XDCE,3743,3732,3755,10102,378035900,187804,188306,3965,3589,3777,3759,0,3755,0,0,0,2017-04-20,32526290,3743,13,0,0,0,0,0,0,0,0,3744,10,0,0,0,0,0,0,0,0
253,2017-04-20,09:02:06,903,jd1709,XDCE,3742,3732,3755,10136,379308480,187776,188306,3965,3589,3777,3759,0,3755,0,0,0,2017-04-20,32526903,3742,7,0,0,0,0,0,0,0,0,3743,45,0,0,0,0,0,0,0,0
254,2017-04-20,09:02:07,364,jd1709,XDCE,3744,3732,3755,10250,383575740,187672,188306,3965,3589,3777,3759,0,3755,0,0,0,2017-04-20,32527364,3744,21,0,0,0,0,0,0,0,0,3745,33,0,0,0,0,0,0,0,0
255,2017-04-20,09:02:07,808,jd1709,XDCE,3745,3732,3755,10258,383875280,187668,188306,3965,3589,3777,3759,0,3755,0,0,0,2017-04-20,32527808,3744,19,0,0,0,0,0,0,0,0,3745,32,0,0,0,0,0,0,0,0
256,2017-04-20,09:02:08,368,jd1709,XDCE,3744,3732,3755,10282,384773900,187662,188306,3965,3589,3777,3759,0,3755,0,0,0,2017-04-20,32528368,3744,11,0,0,0,0,0,0,0,0,3745,29,0,0,0,0,0,0,0,0
257,2017-04-20,09:02:08,902,jd1709,XDCE,3744,3732,3755,10292,385148360,187660,188306,3965,3589,3777,3759,0,3755,0,0,0,2017-04-20,32528902,3744,9,0,0,0,0,0,0,0,0,3745,26,0,0,0,0,0,0,0,0
258,2017-04-20,09:02:09,339,jd1709,XDCE,3745,3732,3755,10344,387095760,187670,188306,3965,3589,3777,3759,0,3755,0,0,0,2017-04-20,32529339,3745,3,0,0,0,0,0,0,0,0,3746,10,0,0,0,0,0,0,0,0
259,2017-04-20,09:02:09,839,jd1709,XDCE,3746,3732,3755,10366,387919880,187688,188306,3965,3589,3777,3759,0,3755,0,0,0,2017-04-20,32529839,3746,47,0,0,0,0,0,0,0,0,3747,8,0,0,0,0,0,0,0,0
260,2017-04-20,09:02:10,343,jd1709,XDCE,3746,3732,3755,10370,388069740,187690,188306,3965,3589,3777,3759,0,3755,0,0,0,2017-04-20,32530343,3746,52,0,0,0,0,0,0,0,0,3747,7,0,0,0,0,0,0,0,0
261,2017-04-20,09:02:10,902,jd1709,XDCE,3747,3732,3755,10526,393914020,187728,188306,3965,3589,3777,3759,0,3755,0,0,0,2017-04-20,32530902,3745,21,0,0,0,0,0,0,0,0,3747,2,0,0,0,0,0,0,0,0
262,2017-04-20,09:02:11,395,jd1709,XDCE,3745,3732,3755,10562,395262860,187712,188306,3965,3589,3777,3759,0,3755,0,0,0,2017-04-20,32531395,3745,27,0,0,0,0,0,0,0,0,3747,13,0,0,0,0,0,0,0,0
263,2017-04-20,09:02:11,911,jd1709,XDCE,3747,3732,3755,10574,395712420,187714,188306,3965,3589,3777,3759,0,3755,0,0,0,2017-04-20,32531911,3745,23,0,0,0,0,0,0,0,0,3747,30,0,0,0,0,0,0,0,0
264,2017-04-20,09:02:12,333,jd1709,XDCE,3747,3732,3755,10590,396311900,187704,188306,3965,3589,3777,3759,0,3755,0,0,0,2017-04-20,32532333,3745,22,0,0,0,0,0,0,0,0,3747,29,0,0,0,0,0,0,0,0
265,2017-04-20,09:02:12,866,jd1709,XDCE,3747,3732,3755,10650,398560100,187716,188306,3965,3589,3777,3759,0,3755,0,0,0,2017-04-20,32532866,3747,76,0,0,0,0,0,0,0,0,3748,12,0,0,0,0,0,0,0,0
266,2017-04-20,09:02:13,413,jd1709,XDCE,3747,3732,3755,10690,400059360,187714,188306,3965,3589,3777,3759,0,3755,0,0,0,2017-04-20,32533413,3747,75,0,0,0,0,0,0,0,0,3749,18,0,0,0,0,0,0,0,0
267,2017-04-20,09:02:13,893,jd1709,XDCE,3747,3732,3755,10718,401109040,187718,188306,3965,3589,3777,3759,0,3755,0,0,0,2017-04-20,32533893,3747,89,0,0,0,0,0,0,0,0,3749,5,0,0,0,0,0,0,0,0
268,2017-04-20,09:02:14,393,jd1709,XDCE,3749,3732,3755,10720,401184020,187716,188306,3965,3589,3777,3759,0,3755,0,0,0,2017-04-20,32534393,3747,89,0,0,0,0,0,0,0,0,3749,7,0,0,0,0,0,0,0,0
269,2017-04-20,09:02:14,864,jd1709,XDCE,3749,3732,3755,10798,404108700,187664,188306,3965,3589,3777,3759,0,3755,0,0,0,2017-04-20,32534864,3747,86,0,0,0,0,0,0,0,0,3749,17,0,0,0,0,0,0,0,0
270,2017-04-20,09:02:15,414,jd1709,XDCE,3748,3732,3755,10814,404708360,187656,188306,3965,3589,3777,3759,0,3755,0,0,0,2017-04-20,32535414,3748,1,0,0,0,0,0,0,0,0,3749,16,0,0,0,0,0,0,0,0
271,2017-04-20,09:02:15,900,jd1709,XDCE,3749,3732,3755,10836,405533140,187650,188306,3965,3589,3777,3759,0,3755,0,0,0,2017-04-20,32535900,3748,12,0,0,0,0,0,0,0,0,3749,26,0,0,0,0,0,0,0,0
272,2017-04-20,09:02:16,351,jd1709,XDCE,3749,3732,3755,10892,407632560,187644,188306,3965,3589,3777,3759,0,3755,0,0,0,2017-04-20,32536351,3749,8,0,0,0,0,0,0,0,0,3750,33,0,0,0,0,0,0,0,0
273,2017-04-20,09:02:16,765,jd1709,XDCE,3750,3732,3755,10914,408457540,187624,188306,3965,3589,3777,3759,0,3755,0,0,0,2017-04-20,32536765,3749,18,0,0,0,0,0,0,0,0,3750,23,0,0,0,0,0,0,0,0
274,2017-04-20,09:02:17,408,jd1709,XDCE,3750,3732,3755,10962,410257520,187598,188306,3965,3589,3777,3759,0,3755,0,0,0,2017-04-20,32537408,3749,35,0,0,0,0,0,0,0,0,3751,18,0,0,0,0,0,0,0,0
275,2017-04-20,09:02:17,863,jd1709,XDCE,3751,3732,3755,11032,412881900,187582,188306,3965,3589,3777,3759,0,3755,0,0,0,2017-04-20,32537863,3750,3,0,0,0,0,0,0,0,0,3751,15,0,0,0,0,0,0,0,0
276,2017-04-20,09:02:18,404,jd1709,XDCE,3750,3732,3755,11096,415281480,187568,188306,3965,3589,3777,3759,0,3755,0,0,0,2017-04-20,32538404,3749,17,0,0,0,0,0,0,0,0,3750,20,0,0,0,0,0,0,0,0
277,2017-04-20,09:02:18,911,jd1709,XDCE,3750,3732,3755,11160,417681360,187516,188306,3965,3589,3777,3759,0,3755,0,0,0,2017-04-20,32538911,3750,16,0,0,0,0,0,0,0,0,3751,12,0,0,0,0,0,0,0,0
278,2017-04-20,09:02:19,403,jd1709,XDCE,3750,3732,3755,11164,417831360,187514,188306,3965,3589,3777,3759,0,3755,0,0,0,2017-04-20,32539403,3750,16,0,0,0,0,0,0,0,0,3751,12,0,0,0,0,0,0,0,0
279,2017-04-20,09:02:19,895,jd1709,XDCE,3751,3732,3755,11166,417906380,187512,188306,3965,3589,3777,3759,0,3755,0,0,0,2017-04-20,32539895,3750,16,0,0,0,0,0,0,0,0,3751,11,0,0,0,0,0,0,0,0
280,2017-04-20,09:02:20,409,jd1709,XDCE,3750,3732,3755,11200,419181380,187512,188306,3965,3589,3777,3759,0,3755,0,0,0,2017-04-20,32540409,3749,63,0,0,0,0,0,0,0,0,3750,13,0,0,0,0,0,0,0,0
281,2017-04-20,09:02:20,870,jd1709,XDCE,3750,3732,3755,11226,420156200,187512,188306,3965,3589,3777,3759,0,3755,0,0,0,2017-04-20,32540870,3749,53,0,0,0,0,0,0,0,0,3750,15,0,0,0,0,0,0,0,0
282,2017-04-20,09:02:21,391,jd1709,XDCE,3749,3732,3755,11238,420606080,187508,188306,3965,3589,3777,3759,0,3755,0,0,0,2017-04-20,32541391,3749,47,0,0,0,0,0,0,0,0,3750,15,0,0,0,0,0,0,0,0
283,2017-04-20,09:02:21,915,jd1709,XDCE,3750,3732,3755,11260,421431040,187494,188306,3965,3589,3777,3759,0,3755,0,0,0,2017-04-20,32541915,3749,51,0,0,0,0,0,0,0,0,3750,7,0,0,0,0,0,0,0,0
284,2017-04-20,09:02:22,357,jd1709,XDCE,3751,3732,3755,11298,422856280,187480,188306,3965,3589,3777,3759,0,3755,0,0,0,2017-04-20,32542357,3751,10,0,0,0,0,0,0,0,0,3752,13,0,0,0,0,0,0,0,0
285,2017-04-20,09:02:22,848,jd1709,XDCE,3751,3732,3755,11302,423006320,187482,188306,3965,3589,3777,3759,0,3755,0,0,0,2017-04-20,32542848,3751,13,0,0,0,0,0,0,0,0,3752,13,0,0,0,0,0,0,0,0
286,2017-04-20,09:02:23,376,jd1709,XDCE,3752,3732,3755,11314,423456560,187488,188306,3965,3589,3777,3759,0,3755,0,0,0,2017-04-20,32543376,3752,1,0,0,0,0,0,0,0,0,3753,17,0,0,0,0,0,0,0,0
287,2017-04-20,09:02:23,893,jd1709,XDCE,3751,3732,3755,11318,423606620,187488,188306,3965,3589,3777,3759,0,3755,0,0,0,2017-04-20,32543893,3751,18,0,0,0,0,0,0,0,0,3752,6,0,0,0,0,0,0,0,0
288,2017-04-20,09:02:24,373,jd1709,XDCE,3752,3732,3755,11348,424732200,187494,188306,3965,3589,3777,3759,0,3755,0,0,0,2017-04-20,32544373,3751,16,0,0,0,0,0,0,0,0,3752,6,0,0,0,0,0,0,0,0
289,2017-04-20,09:02:24,879,jd1709,XDCE,3751,3732,3755,11364,425332480,187482,188306,3965,3589,3777,3759,0,3755,0,0,0,2017-04-20,32544879,3752,5,0,0,0,0,0,0,0,0,3753,27,0,0,0,0,0,0,0,0
290,2017-04-20,09:02:25,357,jd1709,XDCE,3752,3732,3755,11382,426007780,187470,188306,3965,3589,3777,3759,0,3755,0,0,0,2017-04-20,32545357,3751,12,0,0,0,0,0,0,0,0,3752,4,0,0,0,0,0,0,0,0
291,2017-04-20,09:02:25,847,jd1709,XDCE,3752,3732,3755,11392,426382980,187474,188306,3965,3589,3777,3759,0,3755,0,0,0,2017-04-20,32545847,3752,5,0,0,0,0,0,0,0,0,3753,27,0,0,0,0,0,0,0,0
292,2017-04-20,09:02:26,392,jd1709,XDCE,3752,3732,3755,11408,426983300,187462,188306,3965,3589,3777,3759,0,3755,0,0,0,2017-04-20,32546392,3751,17,0,0,0,0,0,0,0,0,3752,23,0,0,0,0,0,0,0,0
293,2017-04-20,09:02:26,694,jd1709,XDCE,3751,3732,3755,11418,427358400,187462,188306,3965,3589,3777,3759,0,3755,0,0,0,2017-04-20,32546694,3751,12,0,0,0,0,0,0,0,0,3752,24,0,0,0,0,0,0,0,0
294,2017-04-20,09:02:27,392,jd1709,XDCE,3752,3732,3755,11422,427508480,187462,188306,3965,3589,3777,3759,0,3755,0,0,0,2017-04-20,32547392,3751,9,0,0,0,0,0,0,0,0,3752,27,0,0,0,0,0,0,0,0
295,2017-04-20,09:02:27,891,jd1709,XDCE,3752,3732,3755,11422,427508480,187462,188306,3965,3589,3777,3759,0,3755,0,0,0,2017-04-20,32547891,3751,8,0,0,0,0,0,0,0,0,3752,27,0,0,0,0,0,0,0,0
296,2017-04-20,09:02:28,338,jd1709,XDCE,3752,3732,3755,11442,428258880,187442,188306,3965,3589,3777,3759,0,3755,0,0,0,2017-04-20,32548338,3751,8,0,0,0,0,0,0,0,0,3752,17,0,0,0,0,0,0,0,0
297,2017-04-20,09:02:28,843,jd1709,XDCE,3751,3732,3755,11446,428408940,187442,188306,3965,3589,3777,3759,0,3755,0,0,0,2017-04-20,32548843,3751,9,0,0,0,0,0,0,0,0,3752,16,0,0,0,0,0,0,0,0
298,2017-04-20,09:02:29,416,jd1709,XDCE,3752,3732,3755,11494,430209880,187460,188306,3965,3589,3777,3759,0,3755,0,0,0,2017-04-20,32549416,3751,79,0,0,0,0,0,0,0,0,3752,4,0,0,0,0,0,0,0,0
299,2017-04-20,09:02:29,884,jd1709,XDCE,3752,3732,3755,11498,430359960,187464,188306,3965,3589,3777,3759,0,3755,0,0,0,2017-04-20,32549884,3751,79,0,0,0,0,0,0,0,0,3752,3,0,0,0,0,0,0,0,0
300,2017-04-20,09:02:30,350,jd1709,XDCE,3752,3732,3755,11508,430735140,187460,188306,3965,3589,3777,3759,0,3755,0,0,0,2017-04-20,32550350,3752,12,0,0,0,0,0,0,0,0,3753,48,0,0,0,0,0,0,0,0
301,2017-04-20,09:02:30,848,jd1709,XDCE,3753,3732,3755,11518,431110440,187460,188306,3965,3589,3777,3759,0,3755,0,0,0,2017-04-20,32550848,3752,13,0,0,0,0,0,0,0,0,3753,43,0,0,0,0,0,0,0,0
302,2017-04-20,09:02:31,275,jd1709,XDCE,3752,3732,3755,11522,431260520,187464,188306,3965,3589,3777,3759,0,3755,0,0,0,2017-04-20,32551275,3752,20,0,0,0,0,0,0,0,0,3753,38,0,0,0,0,0,0,0,0
303,2017-04-20,09:02:31,873,jd1709,XDCE,3753,3732,3755,11578,433362140,187486,188306,3965,3589,3777,3759,0,3755,0,0,0,2017-04-20,32551873,3752,11,0,0,0,0,0,0,0,0,3753,14,0,0,0,0,0,0,0,0
304,2017-04-20,09:02:32,360,jd1709,XDCE,3753,3732,3755,11618,434863240,187508,188306,3965,3589,3777,3759,0,3755,0,0,0,2017-04-20,32552360,3753,8,0,0,0,0,0,0,0,0,3754,18,0,0,0,0,0,0,0,0
305,2017-04-20,09:02:32,914,jd1709,XDCE,3754,3732,3755,11634,435463760,187504,188306,3965,3589,3777,3759,0,3755,0,0,0,2017-04-20,32552914,3753,47,0,0,0,0,0,0,0,0,3754,15,0,0,0,0,0,0,0,0
306,2017-04-20,09:02:33,394,jd1709,XDCE,3754,3732,3755,11650,436064300,187510,188306,3965,3589,3777,3759,0,3755,0,0,0,2017-04-20,32553394,3753,45,0,0,0,0,0,0,0,0,3754,12,0,0,0,0,0,0,0,0
307,2017-04-20,09:02:33,908,jd1709,XDCE,3754,3732,3755,11692,437640940,187514,188306,3965,3589,3777,3759,0,3755,0,0,0,2017-04-20,32553908,3754,1,0,0,0,0,0,0,0,0,3755,45,0,0,0,0,0,0,0,0
308,2017-04-20,09:02:34,340,jd1709,XDCE,3755,3732,3755,11748,439743680,187562,188306,3965,3589,3777,3759,0,3755,0,0,0,2017-04-20,32554340,3754,24,0,0,0,0,0,0,0,0,3755,20,0,0,0,0,0,0,0,0
309,2017-04-20,09:02:34,903,jd1709,XDCE,3754,3732,3755,11796,441546000,187584,188306,3965,3589,3777,3759,0,3755,0,0,0,2017-04-20,32554903,3755,70,0,0,0,0,0,0,0,0,3756,102,0,0,0,0,0,0,0,0
310,2017-04-20,09:02:35,406,jd1709,XDCE,3756,3732,3756,11936,446804260,187652,188306,3965,3589,3777,3759,0,3755,0,0,0,2017-04-20,32555406,3755,92,0,0,0,0,0,0,0,0,3756,39,0,0,0,0,0,0,0,0
311,2017-04-20,09:02:35,914,jd1709,XDCE,3758,3732,3758,12058,451386920,187762,188306,3965,3589,3777,3759,0,3755,0,0,0,2017-04-20,32555914,3757,2,0,0,0,0,0,0,0,0,3758,14,0,0,0,0,0,0,0,0
312,2017-04-20,09:02:36,396,jd1709,XDCE,3758,3732,3759,12106,453190700,187732,188306,3965,3589,3777,3759,0,3755,0,0,0,2017-04-20,32556396,3758,43,0,0,0,0,0,0,0,0,3759,43,0,0,0,0,0,0,0,0
313,2017-04-20,09:02:36,908,jd1709,XDCE,3759,3732,3759,12190,456348260,187754,188306,3965,3589,3777,3759,0,3755,0,0,0,2017-04-20,32556908,3758,44,0,0,0,0,0,0,0,0,3759,2,0,0,0,0,0,0,0,0
314,2017-04-20,09:02:37,386,jd1709,XDCE,3759,3732,3759,12198,456648980,187758,188306,3965,3589,3777,3759,0,3755,0,0,0,2017-04-20,32557386,3759,5,0,0,0,0,0,0,0,0,3760,45,0,0,0,0,0,0,0,0
315,2017-04-20,09:02:37,856,jd1709,XDCE,3758,3732,3760,12270,459354980,187710,188306,3965,3589,3777,3759,0,3755,0,0,0,2017-04-20,32557856,3757,6,0,0,0,0,0,0,0,0,3758,18,0,0,0,0,0,0,0,0
316,2017-04-20,09:02:38,328,jd1709,XDCE,3756,3732,3760,12298,460406920,187704,188306,3965,3589,3777,3759,0,3755,0,0,0,2017-04-20,32558328,3756,35,0,0,0,0,0,0,0,0,3757,24,0,0,0,0,0,0,0,0
317,2017-04-20,09:02:38,912,jd1709,XDCE,3756,3732,3760,12374,463261540,187662,188306,3965,3589,3777,3759,0,3755,0,0,0,2017-04-20,32558912,3755,55,0,0,0,0,0,0,0,0,3756,6,0,0,0,0,0,0,0,0
318,2017-04-20,09:02:39,338,jd1709,XDCE,3756,3732,3760,12432,465439560,187664,188306,3965,3589,3777,3759,0,3755,0,0,0,2017-04-20,32559338,3755,33,0,0,0,0,0,0,0,0,3756,3,0,0,0,0,0,0,0,0
319,2017-04-20,09:02:39,887,jd1709,XDCE,3757,3732,3760,12452,466190860,187650,188306,3965,3589,3777,3759,0,3755,0,0,0,2017-04-20,32559887,3756,7,0,0,0,0,0,0,0,0,3757,35,0,0,0,0,0,0,0,0
320,2017-04-20,09:02:40,410,jd1709,XDCE,3757,3732,3760,12600,471752160,187696,188306,3965,3589,3777,3759,0,3755,0,0,0,2017-04-20,32560410,3756,19,0,0,0,0,0,0,0,0,3757,11,0,0,0,0,0,0,0,0
321,2017-04-20,09:02:40,823,jd1709,XDCE,3756,3732,3760,12620,472503420,187678,188306,3965,3589,3777,3759,0,3755,0,0,0,2017-04-20,32560823,3756,42,0,0,0,0,0,0,0,0,3757,8,0,0,0,0,0,0,0,0
322,2017-04-20,09:02:41,410,jd1709,XDCE,3757,3732,3760,12626,472728840,187674,188306,3965,3589,3777,3759,0,3755,0,0,0,2017-04-20,32561410,3756,45,0,0,0,0,0,0,0,0,3757,5,0,0,0,0,0,0,0,0
323,2017-04-20,09:02:41,889,jd1709,XDCE,3757,3732,3760,12634,473029360,187670,188306,3965,3589,3777,3759,0,3755,0,0,0,2017-04-20,32561889,3756,44,0,0,0,0,0,0,0,0,3757,7,0,0,0,0,0,0,0,0
324,2017-04-20,09:02:42,405,jd1709,XDCE,3757,3732,3760,12662,474081260,187664,188306,3965,3589,3777,3759,0,3755,0,0,0,2017-04-20,32562405,3756,42,0,0,0,0,0,0,0,0,3758,67,0,0,0,0,0,0,0,0
325,2017-04-20,09:02:42,907,jd1709,XDCE,3757,3732,3760,12692,475208360,187666,188306,3965,3589,3777,3759,0,3755,0,0,0,2017-04-20,32562907,3756,60,0,0,0,0,0,0,0,0,3758,65,0,0,0,0,0,0,0,0
326,2017-04-20,09:02:43,376,jd1709,XDCE,3757,3732,3760,12698,475433780,187668,188306,3965,3589,3777,3759,0,3755,0,0,0,2017-04-20,32563376,3756,62,0,0,0,0,0,0,0,0,3757,6,0,0,0,0,0,0,0,0
327,2017-04-20,09:02:43,878,jd1709,XDCE,3756,3732,3760,12748,477311920,187650,188306,3965,3589,3777,3759,0,3755,0,0,0,2017-04-20,32563878,3756,43,0,0,0,0,0,0,0,0,3757,1,0,0,0,0,0,0,0,0
328,2017-04-20,09:02:44,398,jd1709,XDCE,3758,3732,3760,12762,477838000,187652,188306,3965,3589,3777,3759,0,3755,0,0,0,2017-04-20,32564398,3756,43,0,0,0,0,0,0,0,0,3757,1,0,0,0,0,0,0,0,0
329,2017-04-20,09:02:44,894,jd1709,XDCE,3756,3732,3760,12798,479190660,187636,188306,3965,3589,3777,3759,0,3755,0,0,0,2017-04-20,32564894,3756,48,0,0,0,0,0,0,0,0,3758,54,0,0,0,0,0,0,0,0
330,2017-04-20,09:02:45,381,jd1709,XDCE,3758,3732,3760,12838,480693620,187650,188306,3965,3589,3777,3759,0,3755,0,0,0,2017-04-20,32565381,3757,6,0,0,0,0,0,0,0,0,3758,37,0,0,0,0,0,0,0,0
331,2017-04-20,09:02:45,915,jd1709,XDCE,3756,3732,3760,12996,486628180,187536,188306,3965,3589,3777,3759,0,3755,0,0,0,2017-04-20,32565915,3755,35,0,0,0,0,0,0,0,0,3756,55,0,0,0,0,0,0,0,0
332,2017-04-20,09:02:46,371,jd1709,XDCE,3755,3732,3760,13010,487154000,187534,188306,3965,3589,3777,3759,0,3755,0,0,0,2017-04-20,32566371,3755,32,0,0,0,0,0,0,0,0,3756,51,0,0,0,0,0,0,0,0
333,2017-04-20,09:02:46,842,jd1709,XDCE,3756,3732,3760,13024,487679720,187522,188306,3965,3589,3777,3759,0,3755,0,0,0,2017-04-20,32566842,3755,26,0,0,0,0,0,0,0,0,3756,50,0,0,0,0,0,0,0,0
334,2017-04-20,09:02:47,405,jd1709,XDCE,3755,3732,3760,13104,490683940,187468,188306,3965,3589,3777,3759,0,3755,0,0,0,2017-04-20,32567405,3754,15,0,0,0,0,0,0,0,0,3755,34,0,0,0,0,0,0,0,0
335,2017-04-20,09:02:47,906,jd1709,XDCE,3754,3732,3760,13136,491885220,187448,188306,3965,3589,3777,3759,0,3755,0,0,0,2017-04-20,32567906,3753,180,0,0,0,0,0,0,0,0,3754,13,0,0,0,0,0,0,0,0
336,2017-04-20,09:02:48,373,jd1709,XDCE,3754,3732,3760,13146,492260620,187448,188306,3965,3589,3777,3759,0,3755,0,0,0,2017-04-20,32568373,3753,179,0,0,0,0,0,0,0,0,3754,16,0,0,0,0,0,0,0,0
337,2017-04-20,09:02:48,901,jd1709,XDCE,3754,3732,3760,13166,493011420,187434,188306,3965,3589,3777,3759,0,3755,0,0,0,2017-04-20,32568901,3753,179,0,0,0,0,0,0,0,0,3755,23,0,0,0,0,0,0,0,0
338,2017-04-20,09:02:49,401,jd1709,XDCE,3755,3732,3760,13284,497442760,187460,188306,3965,3589,3777,3759,0,3755,0,0,0,2017-04-20,32569401,3754,14,0,0,0,0,0,0,0,0,3755,5,0,0,0,0,0,0,0,0
339,2017-04-20,09:02:49,909,jd1709,XDCE,3754,3732,3760,13300,498043540,187452,188306,3965,3589,3777,3759,0,3755,0,0,0,2017-04-20,32569909,3754,14,0,0,0,0,0,0,0,0,3755,4,0,0,0,0,0,0,0,0
340,2017-04-20,09:02:50,269,jd1709,XDCE,3755,3732,3760,13318,498719340,187444,188306,3965,3589,3777,3759,0,3755,0,0,0,2017-04-20,32570269,3754,9,0,0,0,0,0,0,0,0,3756,80,0,0,0,0,0,0,0,0
341,2017-04-20,09:02:50,886,jd1709,XDCE,3754,3732,3760,13340,499545220,187434,188306,3965,3589,3777,3759,0,3755,0,0,0,2017-04-20,32570886,3753,180,0,0,0,0,0,0,0,0,3755,5,0,0,0,0,0,0,0,0
342,2017-04-20,09:02:51,376,jd1709,XDCE,3754,3732,3760,13396,501646960,187420,188306,3965,3589,3777,3759,0,3755,0,0,0,2017-04-20,32571376,3753,154,0,0,0,0,0,0,0,0,3754,1,0,0,0,0,0,0,0,0
343,2017-04-20,09:02:51,850,jd1709,XDCE,3755,3732,3760,13406,502022360,187412,188306,3965,3589,3777,3759,0,3755,0,0,0,2017-04-20,32571850,3753,153,0,0,0,0,0,0,0,0,3755,36,0,0,0,0,0,0,0,0
344,2017-04-20,09:02:52,413,jd1709,XDCE,3755,3732,3760,13408,502097460,187412,188306,3965,3589,3777,3759,0,3755,0,0,0,2017-04-20,32572413,3753,153,0,0,0,0,0,0,0,0,3755,36,0,0,0,0,0,0,0,0
345,2017-04-20,09:02:52,670,jd1709,XDCE,3755,3732,3760,13416,502397860,187412,188306,3965,3589,3777,3759,0,3755,0,0,0,2017-04-20,32572670,3754,30,0,0,0,0,0,0,0,0,3755,32,0,0,0,0,0,0,0,0
346,2017-04-20,09:02:53,412,jd1709,XDCE,3754,3732,3760,13426,502773260,187404,188306,3965,3589,3777,3759,0,3755,0,0,0,2017-04-20,32573412,3754,27,0,0,0,0,0,0,0,0,3755,32,0,0,0,0,0,0,0,0
347,2017-04-20,09:02:53,894,jd1709,XDCE,3754,3732,3760,13428,502848340,187404,188306,3965,3589,3777,3759,0,3755,0,0,0,2017-04-20,32573894,3754,31,0,0,0,0,0,0,0,0,3755,32,0,0,0,0,0,0,0,0
348,2017-04-20,09:02:54,357,jd1709,XDCE,3755,3732,3760,13434,503073620,187404,188306,3965,3589,3777,3759,0,3755,0,0,0,2017-04-20,32574357,3754,30,0,0,0,0,0,0,0,0,3755,31,0,0,0,0,0,0,0,0
349,2017-04-20,09:02:54,882,jd1709,XDCE,3754,3732,3760,13452,503749340,187386,188306,3965,3589,3777,3759,0,3755,0,0,0,2017-04-20,32574882,3754,26,0,0,0,0,0,0,0,0,3755,31,0,0,0,0,0,0,0,0
350,2017-04-20,09:02:55,404,jd1709,XDCE,3754,3732,3760,13468,504349980,187386,188306,3965,3589,3777,3759,0,3755,0,0,0,2017-04-20,32575404,3754,18,0,0,0,0,0,0,0,0,3755,41,0,0,0,0,0,0,0,0
351,2017-04-20,09:02:55,890,jd1709,XDCE,3754,3732,3760,13494,505326060,187374,188306,3965,3589,3777,3759,0,3755,0,0,0,2017-04-20,32575890,3754,7,0,0,0,0,0,0,0,0,3755,58,0,0,0,0,0,0,0,0
352,2017-04-20,09:02:56,413,jd1709,XDCE,3754,3732,3760,13520,506302100,187372,188306,3965,3589,3777,3759,0,3755,0,0,0,2017-04-20,32576413,3753,158,0,0,0,0,0,0,0,0,3754,8,0,0,0,0,0,0,0,0
353,2017-04-20,09:02:56,914,jd1709,XDCE,3754,3732,3760,13548,507353180,187376,188306,3965,3589,3777,3759,0,3755,0,0,0,2017-04-20,32576914,3754,3,0,0,0,0,0,0,0,0,3755,58,0,0,0,0,0,0,0,0
354,2017-04-20,09:02:57,351,jd1709,XDCE,3754,3732,3760,13560,507803660,187380,188306,3965,3589,3777,3759,0,3755,0,0,0,2017-04-20,32577351,3753,147,0,0,0,0,0,0,0,0,3754,20,0,0,0,0,0,0,0,0
355,2017-04-20,09:02:57,901,jd1709,XDCE,3754,3732,3760,13576,508404300,187380,188306,3965,3589,3777,3759,0,3755,0,0,0,2017-04-20,32577901,3753,171,0,0,0,0,0,0,0,0,3754,17,0,0,0,0,0,0,0,0
356,2017-04-20,09:02:58,378,jd1709,XDCE,3753,3732,3760,13582,508629500,187378,188306,3965,3589,3777,3759,0,3755,0,0,0,2017-04-20,32578378,3753,191,0,0,0,0,0,0,0,0,3754,16,0,0,0,0,0,0,0,0
357,2017-04-20,09:02:58,914,jd1709,XDCE,3753,3732,3760,13590,508929780,187380,188306,3965,3589,3777,3759,0,3755,0,0,0,2017-04-20,32578914,3753,190,0,0,0,0,0,0,0,0,3754,19,0,0,0,0,0,0,0,0
358,2017-04-20,09:02:59,834,jd1709,XDCE,3754,3732,3760,13602,509380260,187380,188306,3965,3589,3777,3759,0,3755,0,0,0,2017-04-20,32579834,3753,190,0,0,0,0,0,0,0,0,3754,14,0,0,0,0,0,0,0,0
359,2017-04-20,09:03:00,338,jd1709,XDCE,3753,3732,3760,13618,509980740,187396,188306,3965,3589,3777,3759,0,3755,0,0,0,2017-04-20,32580338,3753,180,0,0,0,0,0,0,0,0,3754,14,0,0,0,0,0,0,0,0
360,2017-04-20,09:03:00,904,jd1709,XDCE,3753,3732,3760,13626,510281040,187392,188306,3965,3589,3777,3759,0,3755,0,0,0,2017-04-20,32580904,3753,179,0,0,0,0,0,0,0,0,3754,12,0,0,0,0,0,0,0,0
361,2017-04-20,09:03:01,408,jd1709,XDCE,3754,3732,3760,13628,510356120,187394,188306,3965,3589,3777,3759,0,3755,0,0,0,2017-04-20,32581408,3753,179,0,0,0,0,0,0,0,0,3754,18,0,0,0,0,0,0,0,0
362,2017-04-20,09:03:01,876,jd1709,XDCE,3754,3732,3760,13648,511106920,187396,188306,3965,3589,3777,3759,0,3755,0,0,0,2017-04-20,32581876,3753,179,0,0,0,0,0,0,0,0,3754,11,0,0,0,0,0,0,0,0
363,2017-04-20,09:03:02,396,jd1709,XDCE,3754,3732,3760,13650,511182000,187396,188306,3965,3589,3777,3759,0,3755,0,0,0,2017-04-20,32582396,3753,180,0,0,0,0,0,0,0,0,3754,11,0,0,0,0,0,0,0,0
364,2017-04-20,09:03:02,871,jd1709,XDCE,3753,3732,3760,13692,512758280,187396,188306,3965,3589,3777,3759,0,3755,0,0,0,2017-04-20,32582871,3753,160,0,0,0,0,0,0,0,0,3754,12,0,0,0,0,0,0,0,0
365,2017-04-20,09:03:03,379,jd1709,XDCE,3754,3732,3760,13716,513659240,187408,188306,3965,3589,3777,3759,0,3755,0,0,0,2017-04-20,32583379,3754,1,0,0,0,0,0,0,0,0,3755,70,0,0,0,0,0,0,0,0
366,2017-04-20,09:03:03,857,jd1709,XDCE,3754,3732,3760,13724,513959520,187412,188306,3965,3589,3777,3759,0,3755,0,0,0,2017-04-20,32583857,3753,168,0,0,0,0,0,0,0,0,3754,1,0,0,0,0,0,0,0,0
367,2017-04-20,09:03:04,315,jd1709,XDCE,3754,3732,3760,13730,514184760,187412,188306,3965,3589,3777,3759,0,3755,0,0,0,2017-04-20,32584315,3753,168,0,0,0,0,0,0,0,0,3754,24,0,0,0,0,0,0,0,0
368,2017-04-20,09:03:04,865,jd1709,XDCE,3754,3732,3760,13730,514184760,187412,188306,3965,3589,3777,3759,0,3755,0,0,0,2017-04-20,32584865,3753,181,0,0,0,0,0,0,0,0,3754,23,0,0,0,0,0,0,0,0
369,2017-04-20,09:03:05,382,jd1709,XDCE,3754,3732,3760,13730,514184760,187412,188306,3965,3589,3777,3759,0,3755,0,0,0,2017-04-20,32585382,3753,182,0,0,0,0,0,0,0,0,3754,24,0,0,0,0,0,0,0,0
370,2017-04-20,09:03:05,765,jd1709,XDCE,3754,3732,3760,13732,514259840,187412,188306,3965,3589,3777,3759,0,3755,0,0,0,2017-04-20,32585765,3753,182,0,0,0,0,0,0,0,0,3754,23,0,0,0,0,0,0,0,0
371,2017-04-20,09:03:06,289,jd1709,XDCE,3754,3732,3760,13756,515160800,187410,188306,3965,3589,3777,3759,0,3755,0,0,0,2017-04-20,32586289,3753,182,0,0,0,0,0,0,0,0,3754,11,0,0,0,0,0,0,0,0
372,2017-04-20,09:03:06,854,jd1709,XDCE,3754,3732,3760,13792,516512240,187396,188306,3965,3589,3777,3759,0,3755,0,0,0,2017-04-20,32586854,3754,2,0,0,0,0,0,0,0,0,3755,96,0,0,0,0,0,0,0,0
373,2017-04-20,09:03:07,384,jd1709,XDCE,3755,3732,3760,13818,517488240,187410,188306,3965,3589,3777,3759,0,3755,0,0,0,2017-04-20,32587384,3754,1,0,0,0,0,0,0,0,0,3755,85,0,0,0,0,0,0,0,0
374,2017-04-20,09:03:07,903,jd1709,XDCE,3754,3732,3760,13820,517563320,187408,188306,3965,3589,3777,3759,0,3755,0,0,0,2017-04-20,32587903,3754,13,0,0,0,0,0,0,0,0,3755,85,0,0,0,0,0,0,0,0
375,2017-04-20,09:03:08,381,jd1709,XDCE,3754,3732,3760,13834,518088900,187414,188306,3965,3589,3777,3759,0,3755,0,0,0,2017-04-20,32588381,3754,14,0,0,0,0,0,0,0,0,3755,84,0,0,0,0,0,0,0,0
376,2017-04-20,09:03:08,854,jd1709,XDCE,3755,3732,3760,13858,518989880,187410,188306,3965,3589,3777,3759,0,3755,0,0,0,2017-04-20,32588854,3754,3,0,0,0,0,0,0,0,0,3755,88,0,0,0,0,0,0,0,0
377,2017-04-20,09:03:09,318,jd1709,XDCE,3754,3732,3760,13876,519665620,187416,188306,3965,3589,3777,3759,0,3755,0,0,0,2017-04-20,32589318,3753,186,0,0,0,0,0,0,0,0,3754,18,0,0,0,0,0,0,0,0
378,2017-04-20,09:03:09,821,jd1709,XDCE,3754,3732,3760,13878,519740700,187414,188306,3965,3589,3777,3759,0,3755,0,0,0,2017-04-20,32589821,3753,185,0,0,0,0,0,0,0,0,3754,18,0,0,0,0,0,0,0,0
379,2017-04-20,09:03:10,407,jd1709,XDCE,3755,3732,3760,13950,522443820,187452,188306,3965,3589,3777,3759,0,3755,0,0,0,2017-04-20,32590407,3753,185,0,0,0,0,0,0,0,0,3755,63,0,0,0,0,0,0,0,0
380,2017-04-20,09:03:10,869,jd1709,XDCE,3755,3732,3760,13962,522894420,187464,188306,3965,3589,3777,3759,0,3755,0,0,0,2017-04-20,32590869,3754,9,0,0,0,0,0,0,0,0,3755,64,0,0,0,0,0,0,0,0
381,2017-04-20,09:03:11,339,jd1709,XDCE,3754,3732,3760,13972,523269820,187468,188306,3965,3589,3777,3759,0,3755,0,0,0,2017-04-20,32591339,3754,7,0,0,0,0,0,0,0,0,3755,64,0,0,0,0,0,0,0,0
382,2017-04-20,09:03:11,903,jd1709,XDCE,3755,3732,3760,13978,523495100,187468,188306,3965,3589,3777,3759,0,3755,0,0,0,2017-04-20,32591903,3754,8,0,0,0,0,0,0,0,0,3755,67,0,0,0,0,0,0,0,0
383,2017-04-20,09:03:12,408,jd1709,XDCE,3755,3732,3760,14008,524621500,187470,188306,3965,3589,3777,3759,0,3755,0,0,0,2017-04-20,32592408,3754,15,0,0,0,0,0,0,0,0,3755,59,0,0,0,0,0,0,0,0
384,2017-04-20,09:03:12,837,jd1709,XDCE,3754,3732,3760,14044,525972940,187448,188306,3965,3589,3777,3759,0,3755,0,0,0,2017-04-20,32592837,3754,5,0,0,0,0,0,0,0,0,3755,59,0,0,0,0,0,0,0,0
385,2017-04-20,09:03:13,274,jd1709,XDCE,3754,3732,3760,14048,526123100,187444,188306,3965,3589,3777,3759,0,3755,0,0,0,2017-04-20,32593274,3754,4,0,0,0,0,0,0,0,0,3755,59,0,0,0,0,0,0,0,0
386,2017-04-20,09:03:13,905,jd1709,XDCE,3754,3732,3760,14060,526573580,187434,188306,3965,3589,3777,3759,0,3755,0,0,0,2017-04-20,32593905,3754,1,0,0,0,0,0,0,0,0,3755,59,0,0,0,0,0,0,0,0
387,2017-04-20,09:03:14,381,jd1709,XDCE,3753,3732,3760,14074,527099220,187448,188306,3965,3589,3777,3759,0,3755,0,0,0,2017-04-20,32594381,3753,187,0,0,0,0,0,0,0,0,3755,54,0,0,0,0,0,0,0,0
388,2017-04-20,09:03:14,898,jd1709,XDCE,3755,3732,3760,14076,527174320,187450,188306,3965,3589,3777,3759,0,3755,0,0,0,2017-04-20,32594898,3754,4,0,0,0,0,0,0,0,0,3755,70,0,0,0,0,0,0,0,0
389,2017-04-20,09:03:15,408,jd1709,XDCE,3755,3732,3760,14108,528375860,187460,188306,3965,3589,3777,3759,0,3755,0,0,0,2017-04-20,32595408,3753,189,0,0,0,0,0,0,0,0,3755,52,0,0,0,0,0,0,0,0
390,2017-04-20,09:03:15,838,jd1709,XDCE,3754,3732,3760,14116,528676240,187466,188306,3965,3589,3777,3759,0,3755,0,0,0,2017-04-20,32595838,3754,1,0,0,0,0,0,0,0,0,3755,51,0,0,0,0,0,0,0,0
391,2017-04-20,09:03:16,359,jd1709,XDCE,3754,3732,3760,14122,528901460,187470,188306,3965,3589,3777,3759,0,3755,0,0,0,2017-04-20,32596359,3753,187,0,0,0,0,0,0,0,0,3754,18,0,0,0,0,0,0,0,0
392,2017-04-20,09:03:16,716,jd1709,XDCE,3753,3732,3760,14124,528976520,187470,188306,3965,3589,3777,3759,0,3755,0,0,0,2017-04-20,32596716,3753,186,0,0,0,0,0,0,0,0,3754,18,0,0,0,0,0,0,0,0
393,2017-04-20,09:03:17,338,jd1709,XDCE,3755,3732,3760,14380,538588860,187666,188306,3965,3589,3777,3759,0,3755,0,0,0,2017-04-20,32597338,3755,52,0,0,0,0,0,0,0,0,3756,102,0,0,0,0,0,0,0,0
394,2017-04-20,09:03:17,717,jd1709,XDCE,3755,3732,3760,14380,538588860,187666,188306,3965,3589,3777,3759,0,3755,0,0,0,2017-04-20,32597717,3755,54,0,0,0,0,0,0,0,0,3756,107,0,0,0,0,0,0,0,0
395,2017-04-20,09:03:18,372,jd1709,XDCE,3755,3732,3760,14394,539114560,187678,188306,3965,3589,3777,3759,0,3755,0,0,0,2017-04-20,32598372,3755,47,0,0,0,0,0,0,0,0,3756,107,0,0,0,0,0,0,0,0
396,2017-04-20,09:03:18,901,jd1709,XDCE,3754,3732,3760,14492,542794420,187744,188306,3965,3589,3777,3759,0,3755,0,0,0,2017-04-20,32598901,3753,186,0,0,0,0,0,0,0,0,3754,4,0,0,0,0,0,0,0,0
397,2017-04-20,09:03:19,396,jd1709,XDCE,3753,3732,3760,14500,543094660,187744,188306,3965,3589,3777,3759,0,3755,0,0,0,2017-04-20,32599396,3753,182,0,0,0,0,0,0,0,0,3754,5,0,0,0,0,0,0,0,0
398,2017-04-20,09:03:19,819,jd1709,XDCE,3754,3732,3760,14514,543620220,187748,188306,3965,3589,3777,3759,0,3755,0,0,0,2017-04-20,32599819,3753,182,0,0,0,0,0,0,0,0,3754,3,0,0,0,0,0,0,0,0
399,2017-04-20,09:03:20,848,jd1709,XDCE,3754,3732,3760,14522,543920540,187754,188306,3965,3589,3777,3759,0,3755,0,0,0,2017-04-20,32600848,3754,5,0,0,0,0,0,0,0,0,3755,85,0,0,0,0,0,0,0,0
400,2017-04-20,09:03:21,340,jd1709,XDCE,3754,3732,3760,14532,544295940,187754,188306,3965,3589,3777,3759,0,3755,0,0,0,2017-04-20,32601340,3753,182,0,0,0,0,0,0,0,0,3754,5,0,0,0,0,0,0,0,0
401,2017-04-20,09:03:21,830,jd1709,XDCE,3755,3732,3760,14552,545046840,187764,188306,3965,3589,3777,3759,0,3755,0,0,0,2017-04-20,32601830,3753,183,0,0,0,0,0,0,0,0,3755,82,0,0,0,0,0,0,0,0
402,2017-04-20,09:03:22,387,jd1709,XDCE,3754,3732,3760,14582,546172860,187784,188306,3965,3589,3777,3759,0,3755,0,0,0,2017-04-20,32602387,3753,174,0,0,0,0,0,0,0,0,3754,2,0,0,0,0,0,0,0,0
403,2017-04-20,09:03:22,713,jd1709,XDCE,3754,3732,3760,14584,546247940,187784,188306,3965,3589,3777,3759,0,3755,0,0,0,2017-04-20,32602713,3753,174,0,0,0,0,0,0,0,0,3754,1,0,0,0,0,0,0,0,0
404,2017-04-20,09:03:23,141,jd1709,XDCE,3754,3732,3760,14586,546323020,187784,188306,3965,3589,3777,3759,0,3755,0,0,0,2017-04-20,32603141,3753,174,0,0,0,0,0,0,0,0,3755,83,0,0,0,0,0,0,0,0
405,2017-04-20,09:03:23,850,jd1709,XDCE,3754,3732,3760,14588,546398100,187784,188306,3965,3589,3777,3759,0,3755,0,0,0,2017-04-20,32603850,3753,174,0,0,0,0,0,0,0,0,3754,5,0,0,0,0,0,0,0,0
406,2017-04-20,09:03:24,364,jd1709,XDCE,3754,3732,3760,14600,546848580,187786,188306,3965,3589,3777,3759,0,3755,0,0,0,2017-04-20,32604364,3753,174,0,0,0,0,0,0,0,0,3754,1,0,0,0,0,0,0,0,0
407,2017-04-20,09:03:24,897,jd1709,XDCE,3754,3732,3760,14608,547148900,187790,188306,3965,3589,3777,3759,0,3755,0,0,0,2017-04-20,32604897,3754,6,0,0,0,0,0,0,0,0,3755,87,0,0,0,0,0,0,0,0
408,2017-04-20,09:03:25,366,jd1709,XDCE,3755,3732,3760,14626,547824660,187798,188306,3965,3589,3777,3759,0,3755,0,0,0,2017-04-20,32605366,3753,175,0,0,0,0,0,0,0,0,3755,102,0,0,0,0,0,0,0,0
409,2017-04-20,09:03:25,898,jd1709,XDCE,3755,3732,3760,14628,547899760,187798,188306,3965,3589,3777,3759,0,3755,0,0,0,2017-04-20,32605898,3754,4,0,0,0,0,0,0,0,0,3755,104,0,0,0,0,0,0,0,0
410,2017-04-20,09:03:26,402,jd1709,XDCE,3754,3732,3760,14646,548575480,187816,188306,3965,3589,3777,3759,0,3755,0,0,0,2017-04-20,32606402,3753,178,0,0,0,0,0,0,0,0,3755,109,0,0,0,0,0,0,0,0
411,2017-04-20,09:03:26,865,jd1709,XDCE,3754,3732,3760,14646,548575480,187816,188306,3965,3589,3777,3759,0,3755,0,0,0,2017-04-20,32606865,3753,178,0,0,0,0,0,0,0,0,3754,5,0,0,0,0,0,0,0,0
412,2017-04-20,09:03:27,365,jd1709,XDCE,3753,3732,3760,14666,549326120,187818,188306,3965,3589,3777,3759,0,3755,0,0,0,2017-04-20,32607365,3753,171,0,0,0,0,0,0,0,0,3754,3,0,0,0,0,0,0,0,0
413,2017-04-20,09:03:27,899,jd1709,XDCE,3754,3732,3760,14678,549776600,187814,188306,3965,3589,3777,3759,0,3755,0,0,0,2017-04-20,32607899,3753,168,0,0,0,0,0,0,0,0,3755,116,0,0,0,0,0,0,0,0
414,2017-04-20,09:03:28,403,jd1709,XDCE,3754,3732,3760,14878,557286540,187670,188306,3965,3589,3777,3759,0,3755,0,0,0,2017-04-20,32608403,3754,12,0,0,0,0,0,0,0,0,3755,19,0,0,0,0,0,0,0,0
415,2017-04-20,09:03:28,852,jd1709,XDCE,3754,3732,3760,14906,558337820,187664,188306,3965,3589,3777,3759,0,3755,0,0,0,2017-04-20,32608852,3754,9,0,0,0,0,0,0,0,0,3755,16,0,0,0,0,0,0,0,0
416,2017-04-20,09:03:29,391,jd1709,XDCE,3754,3732,3760,14926,559088620,187670,188306,3965,3589,3777,3759,0,3755,0,0,0,2017-04-20,32609391,3754,17,0,0,0,0,0,0,0,0,3755,20,0,0,0,0,0,0,0,0
417,2017-04-20,09:03:29,896,jd1709,XDCE,3755,3732,3760,14930,559238820,187670,188306,3965,3589,3777,3759,0,3755,0,0,0,2017-04-20,32609896,3754,25,0,0,0,0,0,0,0,0,3755,19,0,0,0,0,0,0,0,0
418,2017-04-20,09:03:30,332,jd1709,XDCE,3755,3732,3760,14934,559389020,187666,188306,3965,3589,3777,3759,0,3755,0,0,0,2017-04-20,32610332,3754,25,0,0,0,0,0,0,0,0,3755,18,0,0,0,0,0,0,0,0
419,2017-04-20,09:03:30,838,jd1709,XDCE,3754,3732,3760,14950,559989760,187666,188306,3965,3589,3777,3759,0,3755,0,0,0,2017-04-20,32610838,3754,22,0,0,0,0,0,0,0,0,3755,13,0,0,0,0,0,0,0,0
420,2017-04-20,09:03:31,391,jd1709,XDCE,3754,3732,3760,14966,560590400,187650,188306,3965,3589,3777,3759,0,3755,0,0,0,2017-04-20,32611391,3754,14,0,0,0,0,0,0,0,0,3755,13,0,0,0,0,0,0,0,0
421,2017-04-20,09:03:31,910,jd1709,XDCE,3754,3732,3760,14988,561416280,187664,188306,3965,3589,3777,3759,0,3755,0,0,0,2017-04-20,32611910,3754,7,0,0,0,0,0,0,0,0,3755,16,0,0,0,0,0,0,0,0
422,2017-04-20,09:03:32,375,jd1709,XDCE,3754,3732,3760,14990,561491360,187664,188306,3965,3589,3777,3759,0,3755,0,0,0,2017-04-20,32612375,3754,6,0,0,0,0,0,0,0,0,3755,16,0,0,0,0,0,0,0,0
423,2017-04-20,09:03:32,884,jd1709,XDCE,3754,3732,3760,15000,561866800,187658,188306,3965,3589,3777,3759,0,3755,0,0,0,2017-04-20,32612884,3754,3,0,0,0,0,0,0,0,0,3755,15,0,0,0,0,0,0,0,0
424,2017-04-20,09:03:33,409,jd1709,XDCE,3754,3732,3760,15000,561866800,187658,188306,3965,3589,3777,3759,0,3755,0,0,0,2017-04-20,32613409,3754,5,0,0,0,0,0,0,0,0,3755,15,0,0,0,0,0,0,0,0
425,2017-04-20,09:03:33,852,jd1709,XDCE,3754,3732,3760,15000,561866800,187658,188306,3965,3589,3777,3759,0,3755,0,0,0,2017-04-20,32613852,3754,6,0,0,0,0,0,0,0,0,3755,25,0,0,0,0,0,0,0,0
426,2017-04-20,09:03:34,335,jd1709,XDCE,3754,3732,3760,15002,561941880,187656,188306,3965,3589,3777,3759,0,3755,0,0,0,2017-04-20,32614335,3754,5,0,0,0,0,0,0,0,0,3755,25,0,0,0,0,0,0,0,0
427,2017-04-20,09:03:34,887,jd1709,XDCE,3755,3732,3760,15024,562767980,187658,188306,3965,3589,3777,3759,0,3755,0,0,0,2017-04-20,32614887,3754,10,0,0,0,0,0,0,0,0,3755,19,0,0,0,0,0,0,0,0
428,2017-04-20,09:03:35,358,jd1709,XDCE,3754,3732,3760,15038,563293640,187660,188306,3965,3589,3777,3759,0,3755,0,0,0,2017-04-20,32615358,3754,8,0,0,0,0,0,0,0,0,3755,16,0,0,0,0,0,0,0,0
429,2017-04-20,09:03:35,839,jd1709,XDCE,3754,3732,3760,15060,564119540,187676,188306,3965,3589,3777,3759,0,3755,0,0,0,2017-04-20,32615839,3754,34,0,0,0,0,0,0,0,0,3755,15,0,0,0,0,0,0,0,0
430,2017-04-20,09:03:36,399,jd1709,XDCE,3755,3732,3760,15064,564269740,187680,188306,3965,3589,3777,3759,0,3755,0,0,0,2017-04-20,32616399,3754,41,0,0,0,0,0,0,0,0,3755,23,0,0,0,0,0,0,0,0
431,2017-04-20,09:03:36,909,jd1709,XDCE,3755,3732,3760,15094,565396240,187680,188306,3965,3589,3777,3759,0,3755,0,0,0,2017-04-20,32616909,3754,43,0,0,0,0,0,0,0,0,3755,9,0,0,0,0,0,0,0,0
432,2017-04-20,09:03:37,356,jd1709,XDCE,3755,3732,3760,15110,565997040,187680,188306,3965,3589,3777,3759,0,3755,0,0,0,2017-04-20,32617356,3754,43,0,0,0,0,0,0,0,0,3755,1,0,0,0,0,0,0,0,0
433,2017-04-20,09:03:37,875,jd1709,XDCE,3754,3732,3760,15130,566747840,187660,188306,3965,3589,3777,3759,0,3755,0,0,0,2017-04-20,32617875,3754,33,0,0,0,0,0,0,0,0,3755,4,0,0,0,0,0,0,0,0
434,2017-04-20,09:03:38,351,jd1709,XDCE,3755,3732,3760,15136,566973120,187658,188306,3965,3589,3777,3759,0,3755,0,0,0,2017-04-20,32618351,3754,32,0,0,0,0,0,0,0,0,3755,4,0,0,0,0,0,0,0,0
435,2017-04-20,09:03:38,818,jd1709,XDCE,3754,3732,3760,15140,567123280,187658,188306,3965,3589,3777,3759,0,3755,0,0,0,2017-04-20,32618818,3754,28,0,0,0,0,0,0,0,0,3755,4,0,0,0,0,0,0,0,0
436,2017-04-20,09:03:39,866,jd1709,XDCE,3755,3732,3760,15160,567874180,187662,188306,3965,3589,3777,3759,0,3755,0,0,0,2017-04-20,32619866,3755,90,0,0,0,0,0,0,0,0,3756,104,0,0,0,0,0,0,0,0
437,2017-04-20,09:03:40,385,jd1709,XDCE,3756,3732,3760,15202,569451380,187652,188306,3965,3589,3777,3759,0,3755,0,0,0,2017-04-20,32620385,3755,77,0,0,0,0,0,0,0,0,3756,99,0,0,0,0,0,0,0,0
438,2017-04-20,09:03:40,850,jd1709,XDCE,3755,3732,3760,15214,569901980,187652,188306,3965,3589,3777,3759,0,3755,0,0,0,2017-04-20,32620850,3755,72,0,0,0,0,0,0,0,0,3756,99,0,0,0,0,0,0,0,0
439,2017-04-20,09:03:41,415,jd1709,XDCE,3755,3732,3760,15234,570652980,187632,188306,3965,3589,3777,3759,0,3755,0,0,0,2017-04-20,32621415,3755,68,0,0,0,0,0,0,0,0,3756,99,0,0,0,0,0,0,0,0
440,2017-04-20,09:03:41,905,jd1709,XDCE,3755,3732,3760,15236,570728080,187632,188306,3965,3589,3777,3759,0,3755,0,0,0,2017-04-20,32621905,3755,71,0,0,0,0,0,0,0,0,3756,99,0,0,0,0,0,0,0,0
441,2017-04-20,09:03:42,416,jd1709,XDCE,3756,3732,3760,15238,570803200,187632,188306,3965,3589,3777,3759,0,3755,0,0,0,2017-04-20,32622416,3755,71,0,0,0,0,0,0,0,0,3756,99,0,0,0,0,0,0,0,0
442,2017-04-20,09:03:42,891,jd1709,XDCE,3756,3732,3760,15238,570803200,187632,188306,3965,3589,3777,3759,0,3755,0,0,0,2017-04-20,32622891,3755,79,0,0,0,0,0,0,0,0,3756,95,0,0,0,0,0,0,0,0
443,2017-04-20,09:03:43,389,jd1709,XDCE,3756,3732,3760,15250,571253840,187632,188306,3965,3589,3777,3759,0,3755,0,0,0,2017-04-20,32623389,3755,75,0,0,0,0,0,0,0,0,3756,93,0,0,0,0,0,0,0,0
444,2017-04-20,09:03:43,857,jd1709,XDCE,3756,3732,3760,15252,571328960,187630,188306,3965,3589,3777,3759,0,3755,0,0,0,2017-04-20,32623857,3755,75,0,0,0,0,0,0,0,0,3756,92,0,0,0,0,0,0,0,0
445,2017-04-20,09:03:44,204,jd1709,XDCE,3755,3732,3760,15254,571404060,187628,188306,3965,3589,3777,3759,0,3755,0,0,0,2017-04-20,32624204,3755,74,0,0,0,0,0,0,0,0,3756,92,0,0,0,0,0,0,0,0
446,2017-04-20,09:03:44,895,jd1709,XDCE,3755,3732,3760,15408,577186780,187566,188306,3965,3589,3777,3759,0,3755,0,0,0,2017-04-20,32624895,3754,10,0,0,0,0,0,0,0,0,3756,97,0,0,0,0,0,0,0,0
447,2017-04-20,09:03:45,414,jd1709,XDCE,3756,3732,3760,15422,577712560,187560,188306,3965,3589,3777,3759,0,3755,0,0,0,2017-04-20,32625414,3755,1,0,0,0,0,0,0,0,0,3756,88,0,0,0,0,0,0,0,0
448,2017-04-20,09:03:45,913,jd1709,XDCE,3756,3732,3760,15426,577862780,187562,188306,3965,3589,3777,3759,0,3755,0,0,0,2017-04-20,32625913,3754,26,0,0,0,0,0,0,0,0,3756,87,0,0,0,0,0,0,0,0
449,2017-04-20,09:03:46,260,jd1709,XDCE,3755,3732,3760,15428,577937880,187562,188306,3965,3589,3777,3759,0,3755,0,0,0,2017-04-20,32626260,3754,27,0,0,0,0,0,0,0,0,3756,87,0,0,0,0,0,0,0,0
450,2017-04-20,09:03:47,396,jd1709,XDCE,3755,3732,3760,15432,578088100,187566,188306,3965,3589,3777,3759,0,3755,0,0,0,2017-04-20,32627396,3755,9,0,0,0,0,0,0,0,0,3756,86,0,0,0,0,0,0,0,0
451,2017-04-20,09:03:47,837,jd1709,XDCE,3755,3732,3760,15436,578238300,187568,188306,3965,3589,3777,3759,0,3755,0,0,0,2017-04-20,32627837,3755,19,0,0,0,0,0,0,0,0,3756,86,0,0,0,0,0,0,0,0
452,2017-04-20,09:03:48,410,jd1709,XDCE,3755,3732,3760,15438,578313400,187568,188306,3965,3589,3777,3759,0,3755,0,0,0,2017-04-20,32628410,3755,18,0,0,0,0,0,0,0,0,3756,86,0,0,0,0,0,0,0,0
453,2017-04-20,09:03:48,873,jd1709,XDCE,3755,3732,3760,15474,579665200,187574,188306,3965,3589,3777,3759,0,3755,0,0,0,2017-04-20,32628873,3754,27,0,0,0,0,0,0,0,0,3756,86,0,0,0,0,0,0,0,0
454,2017-04-20,09:03:49,374,jd1709,XDCE,3755,3732,3760,15474,579665200,187574,188306,3965,3589,3777,3759,0,3755,0,0,0,2017-04-20,32629374,3755,3,0,0,0,0,0,0,0,0,3756,86,0,0,0,0,0,0,0,0
455,2017-04-20,09:03:49,882,jd1709,XDCE,3753,3732,3760,15590,584019680,187564,188306,3965,3589,3777,3759,0,3755,0,0,0,2017-04-20,32629882,3753,168,0,0,0,0,0,0,0,0,3756,81,0,0,0,0,0,0,0,0
456,2017-04-20,09:03:50,338,jd1709,XDCE,3755,3732,3760,15592,584094780,187564,188306,3965,3589,3777,3759,0,3755,0,0,0,2017-04-20,32630338,3754,7,0,0,0,0,0,0,0,0,3755,5,0,0,0,0,0,0,0,0
457,2017-04-20,09:03:50,837,jd1709,XDCE,3755,3732,3760,15616,584995980,187544,188306,3965,3589,3777,3759,0,3755,0,0,0,2017-04-20,32630837,3754,12,0,0,0,0,0,0,0,0,3755,3,0,0,0,0,0,0,0,0
458,2017-04-20,09:03:51,404,jd1709,XDCE,3756,3732,3760,15718,588826960,187632,188306,3965,3589,3777,3759,0,3755,0,0,0,2017-04-20,32631404,3754,12,0,0,0,0,0,0,0,0,3756,46,0,0,0,0,0,0,0,0
459,2017-04-20,09:03:51,875,jd1709,XDCE,3755,3732,3760,15720,588902060,187630,188306,3965,3589,3777,3759,0,3755,0,0,0,2017-04-20,32631875,3755,8,0,0,0,0,0,0,0,0,3756,46,0,0,0,0,0,0,0,0
460,2017-04-20,09:03:52,400,jd1709,XDCE,3755,3732,3760,15730,589277560,187620,188306,3965,3589,3777,3759,0,3755,0,0,0,2017-04-20,32632400,3755,3,0,0,0,0,0,0,0,0,3756,46,0,0,0,0,0,0,0,0
461,2017-04-20,09:03:52,893,jd1709,XDCE,3756,3732,3760,15736,589502880,187626,188306,3965,3589,3777,3759,0,3755,0,0,0,2017-04-20,32632893,3755,1,0,0,0,0,0,0,0,0,3756,45,0,0,0,0,0,0,0,0
462,2017-04-20,09:03:53,341,jd1709,XDCE,3756,3732,3760,15738,589578000,187628,188306,3965,3589,3777,3759,0,3755,0,0,0,2017-04-20,32633341,3755,1,0,0,0,0,0,0,0,0,3756,57,0,0,0,0,0,0,0,0
463,2017-04-20,09:03:53,839,jd1709,XDCE,3755,3732,3760,15744,589803300,187630,188306,3965,3589,3777,3759,0,3755,0,0,0,2017-04-20,32633839,3754,31,0,0,0,0,0,0,0,0,3755,5,0,0,0,0,0,0,0,0
464,2017-04-20,09:03:54,305,jd1709,XDCE,3755,3732,3760,15744,589803300,187630,188306,3965,3589,3777,3759,0,3755,0,0,0,2017-04-20,32634305,3754,31,0,0,0,0,0,0,0,0,3755,6,0,0,0,0,0,0,0,0
465,2017-04-20,09:03:54,896,jd1709,XDCE,3756,3732,3760,15780,591155160,187624,188306,3965,3589,3777,3759,0,3755,0,0,0,2017-04-20,32634896,3754,27,0,0,0,0,0,0,0,0,3755,2,0,0,0,0,0,0,0,0
466,2017-04-20,09:03:55,394,jd1709,XDCE,3755,3732,3760,15794,591680940,187628,188306,3965,3589,3777,3759,0,3755,0,0,0,2017-04-20,32635394,3755,1,0,0,0,0,0,0,0,0,3756,49,0,0,0,0,0,0,0,0
467,2017-04-20,09:03:55,908,jd1709,XDCE,3755,3732,3760,15794,591680940,187628,188306,3965,3589,3777,3759,0,3755,0,0,0,2017-04-20,32635908,3755,2,0,0,0,0,0,0,0,0,3756,49,0,0,0,0,0,0,0,0
468,2017-04-20,09:03:56,337,jd1709,XDCE,3756,3732,3760,15810,592281900,187628,188306,3965,3589,3777,3759,0,3755,0,0,0,2017-04-20,32636337,3755,85,0,0,0,0,0,0,0,0,3756,36,0,0,0,0,0,0,0,0
469,2017-04-20,09:03:56,878,jd1709,XDCE,3755,3732,3760,15884,595061320,187608,188306,3965,3589,3777,3759,0,3755,0,0,0,2017-04-20,32636878,3756,6,0,0,0,0,0,0,0,0,3757,22,0,0,0,0,0,0,0,0
470,2017-04-20,09:03:57,333,jd1709,XDCE,3756,3732,3760,15912,596113240,187616,188306,3965,3589,3777,3759,0,3755,0,0,0,2017-04-20,32637333,3756,4,0,0,0,0,0,0,0,0,3757,11,0,0,0,0,0,0,0,0
471,2017-04-20,09:03:57,866,jd1709,XDCE,3757,3732,3760,15954,597691060,187614,188306,3965,3589,3777,3759,0,3755,0,0,0,2017-04-20,32637866,3756,40,0,0,0,0,0,0,0,0,3758,133,0,0,0,0,0,0,0,0
472,2017-04-20,09:03:58,371,jd1709,XDCE,3758,3732,3760,16016,600020660,187636,188306,3965,3589,3777,3759,0,3755,0,0,0,2017-04-20,32638371,3756,35,0,0,0,0,0,0,0,0,3758,114,0,0,0,0,0,0,0,0
473,2017-04-20,09:03:58,905,jd1709,XDCE,3756,3732,3760,16070,602049700,187598,188306,3965,3589,3777,3759,0,3755,0,0,0,2017-04-20,32638905,3756,30,0,0,0,0,0,0,0,0,3758,90,0,0,0,0,0,0,0,0
474,2017-04-20,09:03:59,412,jd1709,XDCE,3759,3732,3760,16274,609716200,187576,188306,3965,3589,3777,3759,0,3755,0,0,0,2017-04-20,32639412,3758,19,0,0,0,0,0,0,0,0,3759,113,0,0,0,0,0,0,0,0
475,2017-04-20,09:03:59,894,jd1709,XDCE,3759,3732,3760,16396,614302180,187684,188306,3965,3589,3777,3759,0,3755,0,0,0,2017-04-20,32639894,3758,56,0,0,0,0,0,0,0,0,3759,53,0,0,0,0,0,0,0,0
476,2017-04-20,09:04:00,410,jd1709,XDCE,3761,3732,3761,16640,623475640,187824,188306,3965,3589,3777,3759,0,3755,0,0,0,2017-04-20,32640410,3761,38,0,0,0,0,0,0,0,0,3762,9,0,0,0,0,0,0,0,0
477,2017-04-20,09:04:00,915,jd1709,XDCE,3764,3732,3764,16718,626410320,187786,188306,3965,3589,3777,3759,0,3755,0,0,0,2017-04-20,32640915,3762,5,0,0,0,0,0,0,0,0,3764,11,0,0,0,0,0,0,0,0
478,2017-04-20,09:04:01,394,jd1709,XDCE,3765,3732,3765,16836,630851360,187724,188306,3965,3589,3777,3759,0,3755,0,0,0,2017-04-20,32641394,3762,15,0,0,0,0,0,0,0,0,3765,72,0,0,0,0,0,0,0,0
479,2017-04-20,09:04:01,897,jd1709,XDCE,3761,3732,3765,16952,635216660,187656,188306,3965,3589,3777,3759,0,3755,0,0,0,2017-04-20,32641897,3761,9,0,0,0,0,0,0,0,0,3765,46,0,0,0,0,0,0,0,0
480,2017-04-20,09:04:02,356,jd1709,XDCE,3761,3732,3765,17032,638227100,187610,188306,3965,3589,3777,3759,0,3755,0,0,0,2017-04-20,32642356,3761,2,0,0,0,0,0,0,0,0,3762,5,0,0,0,0,0,0,0,0
481,2017-04-20,09:04:02,911,jd1709,XDCE,3762,3732,3765,17126,641763500,187618,188306,3965,3589,3777,3759,0,3755,0,0,0,2017-04-20,32642911,3762,22,0,0,0,0,0,0,0,0,3764,6,0,0,0,0,0,0,0,0
482,2017-04-20,09:04:03,403,jd1709,XDCE,3762,3732,3765,17138,642215140,187614,188306,3965,3589,3777,3759,0,3755,0,0,0,2017-04-20,32643403,3762,30,0,0,0,0,0,0,0,0,3764,1,0,0,0,0,0,0,0,0
483,2017-04-20,09:04:03,885,jd1709,XDCE,3762,3732,3765,17166,643268620,187628,188306,3965,3589,3777,3759,0,3755,0,0,0,2017-04-20,32643885,3762,20,0,0,0,0,0,0,0,0,3764,1,0,0,0,0,0,0,0,0
484,2017-04-20,09:04:04,414,jd1709,XDCE,3762,3732,3765,17238,645979320,187566,188306,3965,3589,3777,3759,0,3755,0,0,0,2017-04-20,32644414,3762,19,0,0,0,0,0,0,0,0,3764,23,0,0,0,0,0,0,0,0
485,2017-04-20,09:04:04,865,jd1709,XDCE,3764,3732,3765,17268,647108360,187564,188306,3965,3589,3777,3759,0,3755,0,0,0,2017-04-20,32644865,3762,16,0,0,0,0,0,0,0,0,3764,15,0,0,0,0,0,0,0,0
486,2017-04-20,09:04:05,404,jd1709,XDCE,3764,3732,3765,17312,648764240,187580,188306,3965,3589,3777,3759,0,3755,0,0,0,2017-04-20,32645404,3764,4,0,0,0,0,0,0,0,0,3765,5,0,0,0,0,0,0,0,0
487,2017-04-20,09:04:05,897,jd1709,XDCE,3764,3732,3765,17346,650044000,187580,188306,3965,3589,3777,3759,0,3755,0,0,0,2017-04-20,32645897,3764,9,0,0,0,0,0,0,0,0,3765,7,0,0,0,0,0,0,0,0
488,2017-04-20,09:04:06,333,jd1709,XDCE,3764,3732,3765,17368,650872100,187596,188306,3965,3589,3777,3759,0,3755,0,0,0,2017-04-20,32646333,3762,20,0,0,0,0,0,0,0,0,3764,13,0,0,0,0,0,0,0,0
489,2017-04-20,09:04:06,912,jd1709,XDCE,3765,3732,3765,17396,651926040,187618,188306,3965,3589,3777,3759,0,3755,0,0,0,2017-04-20,32646912,3764,5,0,0,0,0,0,0,0,0,3765,8,0,0,0,0,0,0,0,0
490,2017-04-20,09:04:07,408,jd1709,XDCE,3764,3732,3765,17404,652227160,187612,188306,3965,3589,3777,3759,0,3755,0,0,0,2017-04-20,32647408,3764,8,0,0,0,0,0,0,0,0,3765,7,0,0,0,0,0,0,0,0
491,2017-04-20,09:04:07,909,jd1709,XDCE,3765,3732,3765,17408,652377760,187612,188306,3965,3589,3777,3759,0,3755,0,0,0,2017-04-20,32647909,3764,8,0,0,0,0,0,0,0,0,3765,6,0,0,0,0,0,0,0,0
492,2017-04-20,09:04:08,331,jd1709,XDCE,3764,3732,3765,17414,652603620,187608,188306,3965,3589,3777,3759,0,3755,0,0,0,2017-04-20,32648331,3764,8,0,0,0,0,0,0,0,0,3765,6,0,0,0,0,0,0,0,0
493,2017-04-20,09:04:08,836,jd1709,XDCE,3764,3732,3765,17420,652829500,187602,188306,3965,3589,3777,3759,0,3755,0,0,0,2017-04-20,32648836,3764,11,0,0,0,0,0,0,0,0,3765,3,0,0,0,0,0,0,0,0
494,2017-04-20,09:04:09,415,jd1709,XDCE,3764,3732,3765,17436,653431880,187600,188306,3965,3589,3777,3759,0,3755,0,0,0,2017-04-20,32649415,3765,6,0,0,0,0,0,0,0,0,3766,15,0,0,0,0,0,0,0,0
495,2017-04-20,09:04:09,893,jd1709,XDCE,3765,3732,3765,17460,654335400,187592,188306,3965,3589,3777,3759,0,3755,0,0,0,2017-04-20,32649893,3764,8,0,0,0,0,0,0,0,0,3765,6,0,0,0,0,0,0,0,0
496,2017-04-20,09:04:10,398,jd1709,XDCE,3765,3732,3765,17476,654937740,187586,188306,3965,3589,3777,3759,0,3755,0,0,0,2017-04-20,32650398,3764,6,0,0,0,0,0,0,0,0,3765,3,0,0,0,0,0,0,0,0
497,2017-04-20,09:04:10,879,jd1709,XDCE,3764,3732,3765,17520,656594300,187558,188306,3965,3589,3777,3759,0,3755,0,0,0,2017-04-20,32650879,3764,2,0,0,0,0,0,0,0,0,3765,16,0,0,0,0,0,0,0,0
498,2017-04-20,09:04:11,390,jd1709,XDCE,3764,3732,3765,17530,656970740,187550,188306,3965,3589,3777,3759,0,3755,0,0,0,2017-04-20,32651390,3763,18,0,0,0,0,0,0,0,0,3764,2,0,0,0,0,0,0,0,0
499,2017-04-20,09:04:11,838,jd1709,XDCE,3765,3732,3765,17558,658024880,187528,188306,3965,3589,3777,3759,0,3755,0,0,0,2017-04-20,32651838,3764,2,0,0,0,0,0,0,0,0,3765,11,0,0,0,0,0,0,0,0
500,2017-04-20,09:04:12,371,jd1709,XDCE,3765,3732,3765,17578,658777860,187516,188306,3965,3589,3777,3759,0,3755,0,0,0,2017-04-20,32652371,3764,1,0,0,0,0,0,0,0,0,3765,20,0,0,0,0,0,0,0,0
501,2017-04-20,09:04:12,837,jd1709,XDCE,3765,3732,3765,17606,659832040,187536,188306,3965,3589,3777,3759,0,3755,0,0,0,2017-04-20,32652837,3764,1,0,0,0,0,0,0,0,0,3765,12,0,0,0,0,0,0,0,0
502,2017-04-20,09:04:13,381,jd1709,XDCE,3764,3732,3765,17644,661262620,187534,188306,3965,3589,3777,3759,0,3755,0,0,0,2017-04-20,32653381,3764,40,0,0,0,0,0,0,0,0,3766,16,0,0,0,0,0,0,0,0
503,2017-04-20,09:04:13,885,jd1709,XDCE,3765,3732,3765,17650,661488480,187538,188306,3965,3589,3777,3759,0,3755,0,0,0,2017-04-20,32653885,3765,6,0,0,0,0,0,0,0,0,3766,15,0,0,0,0,0,0,0,0
504,2017-04-20,09:04:14,407,jd1709,XDCE,3765,3732,3766,17670,662241560,187532,188306,3965,3589,3777,3759,0,3755,0,0,0,2017-04-20,32654407,3764,49,0,0,0,0,0,0,0,0,3766,11,0,0,0,0,0,0,0,0
505,2017-04-20,09:04:14,892,jd1709,XDCE,3765,3732,3766,17736,664726980,187536,188306,3965,3589,3777,3759,0,3755,0,0,0,2017-04-20,32654892,3764,49,0,0,0,0,0,0,0,0,3767,51,0,0,0,0,0,0,0,0
506,2017-04-20,09:04:15,390,jd1709,XDCE,3766,3732,3766,17770,666007420,187540,188306,3965,3589,3777,3759,0,3755,0,0,0,2017-04-20,32655390,3766,1,0,0,0,0,0,0,0,0,3767,51,0,0,0,0,0,0,0,0
507,2017-04-20,09:04:15,905,jd1709,XDCE,3767,3732,3767,17852,669095520,187552,188306,3965,3589,3777,3759,0,3755,0,0,0,2017-04-20,32655905,3764,49,0,0,0,0,0,0,0,0,3767,49,0,0,0,0,0,0,0,0
508,2017-04-20,09:04:16,412,jd1709,XDCE,3767,3732,3767,17892,670601900,187548,188306,3965,3589,3777,3759,0,3755,0,0,0,2017-04-20,32656412,3764,42,0,0,0,0,0,0,0,0,3767,40,0,0,0,0,0,0,0,0
509,2017-04-20,09:04:16,839,jd1709,XDCE,3764,3732,3767,17968,673464520,187544,188306,3965,3589,3777,3759,0,3755,0,0,0,2017-04-20,32656839,3765,10,0,0,0,0,0,0,0,0,3766,2,0,0,0,0,0,0,0,0
510,2017-04-20,09:04:17,406,jd1709,XDCE,3766,3732,3767,17998,674593900,187526,188306,3965,3589,3777,3759,0,3755,0,0,0,2017-04-20,32657406,3765,9,0,0,0,0,0,0,0,0,3766,2,0,0,0,0,0,0,0,0
511,2017-04-20,09:04:17,914,jd1709,XDCE,3765,3732,3767,18004,674819820,187532,188306,3965,3589,3777,3759,0,3755,0,0,0,2017-04-20,32657914,3765,19,0,0,0,0,0,0,0,0,3766,4,0,0,0,0,0,0,0,0
512,2017-04-20,09:04:18,338,jd1709,XDCE,3767,3732,3767,18036,676024920,187536,188306,3965,3589,3777,3759,0,3755,0,0,0,2017-04-20,32658338,3765,16,0,0,0,0,0,0,0,0,3767,11,0,0,0,0,0,0,0,0
513,2017-04-20,09:04:18,899,jd1709,XDCE,3765,3732,3767,18050,676552020,187530,188306,3965,3589,3777,3759,0,3755,0,0,0,2017-04-20,32658899,3765,10,0,0,0,0,0,0,0,0,3767,14,0,0,0,0,0,0,0,0
514,2017-04-20,09:04:19,413,jd1709,XDCE,3766,3732,3767,18078,677606460,187530,188306,3965,3589,3777,3759,0,3755,0,0,0,2017-04-20,32659413,3766,1,0,0,0,0,0,0,0,0,3767,14,0,0,0,0,0,0,0,0
515,2017-04-20,09:04:19,906,jd1709,XDCE,3765,3732,3767,18094,678208880,187526,188306,3965,3589,3777,3759,0,3755,0,0,0,2017-04-20,32659906,3765,7,0,0,0,0,0,0,0,0,3766,5,0,0,0,0,0,0,0,0
516,2017-04-20,09:04:20,378,jd1709,XDCE,3766,3732,3767,18102,678510120,187524,188306,3965,3589,3777,3759,0,3755,0,0,0,2017-04-20,32660378,3765,5,0,0,0,0,0,0,0,0,3766,3,0,0,0,0,0,0,0,0
517,2017-04-20,09:04:20,878,jd1709,XDCE,3765,3732,3767,18134,679715100,187540,188306,3965,3589,3777,3759,0,3755,0,0,0,2017-04-20,32660878,3766,1,0,0,0,0,0,0,0,0,3767,14,0,0,0,0,0,0,0,0
518,2017-04-20,09:04:21,402,jd1709,XDCE,3766,3732,3767,18152,680393040,187542,188306,3965,3589,3777,3759,0,3755,0,0,0,2017-04-20,32661402,3766,49,0,0,0,0,0,0,0,0,3767,3,0,0,0,0,0,0,0,0
519,2017-04-20,09:04:21,908,jd1709,XDCE,3767,3732,3767,18162,680769700,187548,188306,3965,3589,3777,3759,0,3755,0,0,0,2017-04-20,32661908,3767,1,0,0,0,0,0,0,0,0,3768,63,0,0,0,0,0,0,0,0
520,2017-04-20,09:04:22,411,jd1709,XDCE,3766,3732,3768,18170,681071060,187544,188306,3965,3589,3777,3759,0,3755,0,0,0,2017-04-20,32662411,3766,52,0,0,0,0,0,0,0,0,3768,62,0,0,0,0,0,0,0,0
521,2017-04-20,09:04:22,860,jd1709,XDCE,3768,3732,3768,18188,681749260,187540,188306,3965,3589,3777,3759,0,3755,0,0,0,2017-04-20,32662860,3766,53,0,0,0,0,0,0,0,0,3767,5,0,0,0,0,0,0,0,0
522,2017-04-20,09:04:23,395,jd1709,XDCE,3767,3732,3768,18212,682653400,187526,188306,3965,3589,3777,3759,0,3755,0,0,0,2017-04-20,32663395,3766,54,0,0,0,0,0,0,0,0,3767,3,0,0,0,0,0,0,0,0
523,2017-04-20,09:04:23,892,jd1709,XDCE,3766,3732,3768,18226,683180660,187534,188306,3965,3589,3777,3759,0,3755,0,0,0,2017-04-20,32663892,3766,46,0,0,0,0,0,0,0,0,3767,2,0,0,0,0,0,0,0,0
524,2017-04-20,09:04:24,374,jd1709,XDCE,3766,3732,3768,18240,683707940,187540,188306,3965,3589,3777,3759,0,3755,0,0,0,2017-04-20,32664374,3767,1,0,0,0,0,0,0,0,0,3768,59,0,0,0,0,0,0,0,0
525,2017-04-20,09:04:24,913,jd1709,XDCE,3767,3732,3768,18248,684009340,187538,188306,3965,3589,3777,3759,0,3755,0,0,0,2017-04-20,32664913,3767,2,0,0,0,0,0,0,0,0,3768,57,0,0,0,0,0,0,0,0
526,2017-04-20,09:04:25,414,jd1709,XDCE,3768,3732,3768,18356,688078340,187636,188306,3965,3589,3777,3759,0,3755,0,0,0,2017-04-20,32665414,3766,32,0,0,0,0,0,0,0,0,3768,13,0,0,0,0,0,0,0,0
527,2017-04-20,09:04:25,842,jd1709,XDCE,3768,3732,3768,18378,688907260,187638,188306,3965,3589,3777,3759,0,3755,0,0,0,2017-04-20,32665842,3767,1,0,0,0,0,0,0,0,0,3768,8,0,0,0,0,0,0,0,0
528,2017-04-20,09:04:26,374,jd1709,XDCE,3768,3732,3768,18402,689811520,187632,188306,3965,3589,3777,3759,0,3755,0,0,0,2017-04-20,32666374,3768,34,0,0,0,0,0,0,0,0,3769,89,0,0,0,0,0,0,0,0
529,2017-04-20,09:04:26,879,jd1709,XDCE,3768,3732,3768,18426,690715840,187612,188306,3965,3589,3777,3759,0,3755,0,0,0,2017-04-20,32666879,3768,25,0,0,0,0,0,0,0,0,3769,89,0,0,0,0,0,0,0,0
530,2017-04-20,09:04:27,377,jd1709,XDCE,3769,3732,3769,18462,692072500,187594,188306,3965,3589,3777,3759,0,3755,0,0,0,2017-04-20,32667377,3768,16,0,0,0,0,0,0,0,0,3769,88,0,0,0,0,0,0,0,0
531,2017-04-20,09:04:27,838,jd1709,XDCE,3768,3732,3769,18502,693580080,187558,188306,3965,3589,3777,3759,0,3755,0,0,0,2017-04-20,32667838,3768,23,0,0,0,0,0,0,0,0,3769,62,0,0,0,0,0,0,0,0
532,2017-04-20,09:04:28,406,jd1709,XDCE,3769,3732,3769,18644,698931880,187480,188306,3965,3589,3777,3759,0,3755,0,0,0,2017-04-20,32668406,3769,38,0,0,0,0,0,0,0,0,3770,45,0,0,0,0,0,0,0,0
533,2017-04-20,09:04:28,912,jd1709,XDCE,3771,3732,3771,18764,703455940,187520,188306,3965,3589,3777,3759,0,3755,0,0,0,2017-04-20,32668912,3770,37,0,0,0,0,0,0,0,0,3771,3,0,0,0,0,0,0,0,0
534,2017-04-20,09:04:29,391,jd1709,XDCE,3772,3732,3772,18824,705718720,187498,188306,3965,3589,3777,3759,0,3755,0,0,0,2017-04-20,32669391,3771,49,0,0,0,0,0,0,0,0,3772,2,0,0,0,0,0,0,0,0
535,2017-04-20,09:04:29,905,jd1709,XDCE,3773,3732,3773,18840,706322220,187486,188306,3965,3589,3777,3759,0,3755,0,0,0,2017-04-20,32669905,3772,36,0,0,0,0,0,0,0,0,3773,41,0,0,0,0,0,0,0,0
536,2017-04-20,09:04:30,412,jd1709,XDCE,3773,3732,3775,19014,712888600,187434,188306,3965,3589,3777,3759,0,3755,0,0,0,2017-04-20,32670412,3773,41,0,0,0,0,0,0,0,0,3775,28,0,0,0,0,0,0,0,0
537,2017-04-20,09:04:30,839,jd1709,XDCE,3775,3732,3775,19028,713417060,187430,188306,3965,3589,3777,3759,0,3755,0,0,0,2017-04-20,32670839,3773,40,0,0,0,0,0,0,0,0,3775,78,0,0,0,0,0,0,0,0
