,dataDate,dataTime,dataMillisec,instrumentID,exchangeCD,lastPrice,lowPrice,highPrice,volume,value,openInterest,preOpenInterest,upperLimitPrice,lowerLimitPrice,preSettlementPrice,prevClosePrice,settlementPrice,openPrice,closePrice,preDelta,currDelta,clearingDay,milliSecOffset,bidPrice1,bidVolume1,bidPrice2,bidVolume2,bidPrice3,bidVolume3,bidPrice4,bidVolume4,bidPrice5,bidVolume5,askPrice1,askVolume1,askPrice2,askVolume2,askPrice3,askVolume3,askPrice4,askVolume4,askPrice5,askVolume5
0,2017-04-19,18:36:39,117,pb1705,XSGE,15915,0,0,0,0,25820,25820,16880,14675,15780,15915,0,0,0,0,0,2017-04-20,66999117,0,0,0,0,0,0,0,0,0,0,0,0,0,0,0,0,0,0,0,0
1,2017-04-19,18:36:40,500,pb1705,XSGE,15915,0,0,0,0,25820,25820,16880,14675,15780,15915,0,0,0,0,0,2017-04-20,67000500,0,0,0,0,0,0,0,0,0,0,0,0,0,0,0,0,0,0,0,0
2,2017-04-19,20:59:00,500,pb1705,XSGE,16035,16035,16035,64,5131200,25822,25820,16880,14675,15780,15915,0,16035,0,0,0,2017-04-20,75540500,15930,3,0,0,0,0,0,0,0,0,16045,1,0,0,0,0,0,0,0,0
3,2017-04-19,21:00:00,500,pb1705,XSGE,16035,16035,16035,70,5612250,25816,25820,16880,14675,15780,15915,0,16035,0,0,0,2017-04-20,75600500,15945,1,0,0,0,0,0,0,0,0,16005,2,0,0,0,0,0,0,0,0
4,2017-04-19,21:00:01,0,pb1705,XSGE,16035,16035,16035,78,6253650,25816,25820,16880,14675,15780,15915,0,16035,0,0,0,2017-04-20,75601000,16000,1,0,0,0,0,0,0,0,0,16040,12,0,0,0,0,0,0,0,0
5,2017-04-19,21:00:01,500,pb1705,XSGE,16015,16010,16035,86,6894400,25814,25820,16880,14675,15780,15915,0,16035,0,0,0,2017-04-20,75601500,16010,1,0,0,0,0,0,0,0,0,16015,5,0,0,0,0,0,0,0,0
6,2017-04-19,21:00:02,0,pb1705,XSGE,16010,16010,16035,112,8975700,25810,25820,16880,14675,15780,15915,0,16035,0,0,0,2017-04-20,75602000,16005,1,0,0,0,0,0,0,0,0,16015,3,0,0,0,0,0,0,0,0
7,2017-04-19,21:00:02,500,pb1705,XSGE,16015,16010,16035,138,11057900,25812,25820,16880,14675,15780,15915,0,16035,0,0,0,2017-04-20,75602500,16015,2,0,0,0,0,0,0,0,0,16020,3,0,0,0,0,0,0,0,0
8,2017-04-19,21:00:03,0,pb1705,XSGE,16020,16010,16040,160,12821800,25806,25820,16880,14675,15780,15915,0,16035,0,0,0,2017-04-20,75603000,16020,2,0,0,0,0,0,0,0,0,16040,3,0,0,0,0,0,0,0,0
9,2017-04-19,21:00:03,500,pb1705,XSGE,16040,16010,16040,170,13623350,25806,25820,16880,14675,15780,15915,0,16035,0,0,0,2017-04-20,75603500,16025,1,0,0,0,0,0,0,0,0,16040,1,0,0,0,0,0,0,0,0
10,2017-04-19,21:00:04,0,pb1705,XSGE,16040,16010,16040,178,14264950,25808,25820,16880,14675,15780,15915,0,16035,0,0,0,2017-04-20,75604000,16040,5,0,0,0,0,0,0,0,0,16045,1,0,0,0,0,0,0,0,0
11,2017-04-19,21:00:04,500,pb1705,XSGE,16045,16010,16045,202,16190350,25810,25820,16880,14675,15780,15915,0,16035,0,0,0,2017-04-20,75604500,16045,3,0,0,0,0,0,0,0,0,16060,3,0,0,0,0,0,0,0,0
12,2017-04-19,21:00:05,0,pb1705,XSGE,16050,16010,16060,206,16511450,25810,25820,16880,14675,15780,15915,0,16035,0,0,0,2017-04-20,75605000,16050,9,0,0,0,0,0,0,0,0,16060,2,0,0,0,0,0,0,0,0
13,2017-04-19,21:00:05,500,pb1705,XSGE,16055,16010,16070,216,17314600,25802,25820,16880,14675,15780,15915,0,16035,0,0,0,2017-04-20,75605500,16050,13,0,0,0,0,0,0,0,0,16070,1,0,0,0,0,0,0,0,0
14,2017-04-19,21:00:06,0,pb1705,XSGE,16055,16010,16070,216,17314600,25802,25820,16880,14675,15780,15915,0,16035,0,0,0,2017-04-20,75606000,16055,5,0,0,0,0,0,0,0,0,16080,41,0,0,0,0,0,0,0,0
15,2017-04-19,21:00:06,500,pb1705,XSGE,16055,16010,16070,216,17314600,25802,25820,16880,14675,15780,15915,0,16035,0,0,0,2017-04-20,75606500,16060,9,0,0,0,0,0,0,0,0,16080,41,0,0,0,0,0,0,0,0
16,2017-04-19,21:00:07,0,pb1705,XSGE,16075,16010,16080,240,19244150,25798,25820,16880,14675,15780,15915,0,16035,0,0,0,2017-04-20,75607000,16075,4,0,0,0,0,0,0,0,0,16080,30,0,0,0,0,0,0,0,0
17,2017-04-19,21:00:07,500,pb1705,XSGE,16075,16010,16080,248,19887150,25798,25820,16880,14675,15780,15915,0,16035,0,0,0,2017-04-20,75607500,16060,1,0,0,0,0,0,0,0,0,16075,2,0,0,0,0,0,0,0,0
18,2017-04-19,21:00:08,0,pb1705,XSGE,16075,16010,16080,252,20208650,25798,25820,16880,14675,15780,15915,0,16035,0,0,0,2017-04-20,75608000,16075,1,0,0,0,0,0,0,0,0,16080,31,0,0,0,0,0,0,0,0
19,2017-04-19,21:00:08,500,pb1705,XSGE,16080,16010,16080,254,20369450,25798,25820,16880,14675,15780,15915,0,16035,0,0,0,2017-04-20,75608500,16075,2,0,0,0,0,0,0,0,0,16080,31,0,0,0,0,0,0,0,0
20,2017-04-19,21:00:09,0,pb1705,XSGE,16075,16010,16080,262,21012500,25794,25820,16880,14675,15780,15915,0,16035,0,0,0,2017-04-20,75609000,16075,1,0,0,0,0,0,0,0,0,16080,29,0,0,0,0,0,0,0,0
21,2017-04-19,21:00:09,500,pb1705,XSGE,16075,16010,16080,262,21012500,25794,25820,16880,14675,15780,15915,0,16035,0,0,0,2017-04-20,75609500,16075,2,0,0,0,0,0,0,0,0,16080,29,0,0,0,0,0,0,0,0
22,2017-04-19,21:00:10,0,pb1705,XSGE,16080,16010,16080,286,22941700,25784,25820,16880,14675,15780,15915,0,16035,0,0,0,2017-04-20,75610000,16065,10,0,0,0,0,0,0,0,0,16080,25,0,0,0,0,0,0,0,0
23,2017-04-19,21:00:10,500,pb1705,XSGE,16075,16010,16080,288,23102450,25786,25820,16880,14675,15780,15915,0,16035,0,0,0,2017-04-20,75610500,16070,3,0,0,0,0,0,0,0,0,16080,25,0,0,0,0,0,0,0,0
24,2017-04-19,21:00:11,0,pb1705,XSGE,16075,16010,16080,288,23102450,25786,25820,16880,14675,15780,15915,0,16035,0,0,0,2017-04-20,75611000,16075,1,0,0,0,0,0,0,0,0,16080,25,0,0,0,0,0,0,0,0
25,2017-04-19,21:00:11,500,pb1705,XSGE,16075,16010,16080,292,23423950,25788,25820,16880,14675,15780,15915,0,16035,0,0,0,2017-04-20,75611500,16065,10,0,0,0,0,0,0,0,0,16080,28,0,0,0,0,0,0,0,0
26,2017-04-19,21:00:12,0,pb1705,XSGE,16075,16010,16080,292,23423950,25788,25820,16880,14675,15780,15915,0,16035,0,0,0,2017-04-20,75612000,16070,1,0,0,0,0,0,0,0,0,16080,28,0,0,0,0,0,0,0,0
27,2017-04-19,21:00:12,500,pb1705,XSGE,16075,16010,16080,292,23423950,25788,25820,16880,14675,15780,15915,0,16035,0,0,0,2017-04-20,75612500,16070,3,0,0,0,0,0,0,0,0,16080,28,0,0,0,0,0,0,0,0
28,2017-04-19,21:00:13,0,pb1705,XSGE,16075,16010,16080,292,23423950,25788,25820,16880,14675,15780,15915,0,16035,0,0,0,2017-04-20,75613000,16070,1,0,0,0,0,0,0,0,0,16080,29,0,0,0,0,0,0,0,0
29,2017-04-19,21:00:13,500,pb1705,XSGE,16080,16010,16080,300,24067100,25784,25820,16880,14675,15780,15915,0,16035,0,0,0,2017-04-20,75613500,16070,1,0,0,0,0,0,0,0,0,16080,26,0,0,0,0,0,0,0,0
30,2017-04-19,21:00:14,0,pb1705,XSGE,16080,16010,16080,300,24067100,25784,25820,16880,14675,15780,15915,0,16035,0,0,0,2017-04-20,75614000,16070,1,0,0,0,0,0,0,0,0,16080,26,0,0,0,0,0,0,0,0
31,2017-04-19,21:00:14,500,pb1705,XSGE,16080,16010,16080,300,24067100,25784,25820,16880,14675,15780,15915,0,16035,0,0,0,2017-04-20,75614500,16075,1,0,0,0,0,0,0,0,0,16080,26,0,0,0,0,0,0,0,0
32,2017-04-19,21:00:15,0,pb1705,XSGE,16080,16010,16080,302,24227900,25782,25820,16880,14675,15780,15915,0,16035,0,0,0,2017-04-20,75615000,16075,1,0,0,0,0,0,0,0,0,16080,25,0,0,0,0,0,0,0,0
33,2017-04-19,21:00:15,500,pb1705,XSGE,16080,16010,16080,314,25192700,25782,25820,16880,14675,15780,15915,0,16035,0,0,0,2017-04-20,75615500,16075,1,0,0,0,0,0,0,0,0,16080,19,0,0,0,0,0,0,0,0
34,2017-04-19,21:00:16,0,pb1705,XSGE,16080,16010,16080,318,25514300,25782,25820,16880,14675,15780,15915,0,16035,0,0,0,2017-04-20,75616000,16075,1,0,0,0,0,0,0,0,0,16080,17,0,0,0,0,0,0,0,0
35,2017-04-19,21:00:16,500,pb1705,XSGE,16080,16010,16080,332,26639900,25782,25820,16880,14675,15780,15915,0,16035,0,0,0,2017-04-20,75616500,16075,1,0,0,0,0,0,0,0,0,16080,10,0,0,0,0,0,0,0,0
36,2017-04-19,21:00:17,0,pb1705,XSGE,16075,16010,16080,334,26800650,25782,25820,16880,14675,15780,15915,0,16035,0,0,0,2017-04-20,75617000,16065,10,0,0,0,0,0,0,0,0,16070,1,0,0,0,0,0,0,0,0
37,2017-04-19,21:00:17,500,pb1705,XSGE,16070,16010,16080,336,26961350,25782,25820,16880,14675,15780,15915,0,16035,0,0,0,2017-04-20,75617500,16065,10,0,0,0,0,0,0,0,0,16080,10,0,0,0,0,0,0,0,0
38,2017-04-19,21:00:18,0,pb1705,XSGE,16070,16010,16080,338,27122050,25782,25820,16880,14675,15780,15915,0,16035,0,0,0,2017-04-20,75618000,16070,2,0,0,0,0,0,0,0,0,16080,10,0,0,0,0,0,0,0,0
39,2017-04-19,21:00:18,500,pb1705,XSGE,16070,16010,16080,342,27443450,25778,25820,16880,14675,15780,15915,0,16035,0,0,0,2017-04-20,75618500,16065,10,0,0,0,0,0,0,0,0,16075,1,0,0,0,0,0,0,0,0
40,2017-04-19,21:00:19,0,pb1705,XSGE,16070,16010,16080,342,27443450,25778,25820,16880,14675,15780,15915,0,16035,0,0,0,2017-04-20,75619000,16065,10,0,0,0,0,0,0,0,0,16075,1,0,0,0,0,0,0,0,0
41,2017-04-19,21:00:19,500,pb1705,XSGE,16070,16010,16080,342,27443450,25778,25820,16880,14675,15780,15915,0,16035,0,0,0,2017-04-20,75619500,16065,10,0,0,0,0,0,0,0,0,16075,4,0,0,0,0,0,0,0,0
42,2017-04-19,21:00:20,0,pb1705,XSGE,16070,16010,16080,342,27443450,25778,25820,16880,14675,15780,15915,0,16035,0,0,0,2017-04-20,75620000,16065,10,0,0,0,0,0,0,0,0,16075,4,0,0,0,0,0,0,0,0
43,2017-04-19,21:00:20,500,pb1705,XSGE,16065,16010,16080,348,27925400,25778,25820,16880,14675,15780,15915,0,16035,0,0,0,2017-04-20,75620500,16065,7,0,0,0,0,0,0,0,0,16070,4,0,0,0,0,0,0,0,0
44,2017-04-19,21:00:21,0,pb1705,XSGE,16030,16010,16080,382,30655750,25788,25820,16880,14675,15780,15915,0,16035,0,0,0,2017-04-20,75621000,16030,8,0,0,0,0,0,0,0,0,16055,2,0,0,0,0,0,0,0,0
45,2017-04-19,21:00:21,500,pb1705,XSGE,16030,16010,16080,382,30655750,25788,25820,16880,14675,15780,15915,0,16035,0,0,0,2017-04-20,75621500,16045,5,0,0,0,0,0,0,0,0,16055,10,0,0,0,0,0,0,0,0
46,2017-04-19,21:00:22,0,pb1705,XSGE,16045,16010,16080,384,30816200,25788,25820,16880,14675,15780,15915,0,16035,0,0,0,2017-04-20,75622000,16045,4,0,0,0,0,0,0,0,0,16055,10,0,0,0,0,0,0,0,0
47,2017-04-19,21:00:22,500,pb1705,XSGE,16045,16010,16080,384,30816200,25788,25820,16880,14675,15780,15915,0,16035,0,0,0,2017-04-20,75622500,16050,5,0,0,0,0,0,0,0,0,16055,9,0,0,0,0,0,0,0,0
48,2017-04-19,21:00:23,0,pb1705,XSGE,16045,16010,16080,384,30816200,25788,25820,16880,14675,15780,15915,0,16035,0,0,0,2017-04-20,75623000,16050,5,0,0,0,0,0,0,0,0,16055,9,0,0,0,0,0,0,0,0
49,2017-04-19,21:00:23,500,pb1705,XSGE,16045,16010,16080,384,30816200,25788,25820,16880,14675,15780,15915,0,16035,0,0,0,2017-04-20,75623500,16050,3,0,0,0,0,0,0,0,0,16055,9,0,0,0,0,0,0,0,0
50,2017-04-19,21:00:24,0,pb1705,XSGE,16050,16010,16080,390,31297700,25794,25820,16880,14675,15780,15915,0,16035,0,0,0,2017-04-20,75624000,16035,3,0,0,0,0,0,0,0,0,16040,2,0,0,0,0,0,0,0,0
51,2017-04-19,21:00:24,500,pb1705,XSGE,16040,16010,16080,410,32901700,25810,25820,16880,14675,15780,15915,0,16035,0,0,0,2017-04-20,75624500,16040,3,0,0,0,0,0,0,0,0,16055,5,0,0,0,0,0,0,0,0
52,2017-04-19,21:00:25,0,pb1705,XSGE,16040,16010,16080,414,33222500,25810,25820,16880,14675,15780,15915,0,16035,0,0,0,2017-04-20,75625000,16045,1,0,0,0,0,0,0,0,0,16055,5,0,0,0,0,0,0,0,0
53,2017-04-19,21:00:25,500,pb1705,XSGE,16040,16010,16080,414,33222500,25810,25820,16880,14675,15780,15915,0,16035,0,0,0,2017-04-20,75625500,16045,1,0,0,0,0,0,0,0,0,16050,3,0,0,0,0,0,0,0,0
54,2017-04-19,21:00:26,0,pb1705,XSGE,16045,16010,16080,416,33382950,25812,25820,16880,14675,15780,15915,0,16035,0,0,0,2017-04-20,75626000,16045,1,0,0,0,0,0,0,0,0,16050,7,0,0,0,0,0,0,0,0
55,2017-04-19,21:00:26,500,pb1705,XSGE,16045,16010,16080,416,33382950,25812,25820,16880,14675,15780,15915,0,16035,0,0,0,2017-04-20,75626500,16045,2,0,0,0,0,0,0,0,0,16050,7,0,0,0,0,0,0,0,0
56,2017-04-19,21:00:27,0,pb1705,XSGE,16045,16010,16080,418,33543400,25812,25820,16880,14675,15780,15915,0,16035,0,0,0,2017-04-20,75627000,16045,1,0,0,0,0,0,0,0,0,16050,6,0,0,0,0,0,0,0,0
57,2017-04-19,21:00:27,500,pb1705,XSGE,16045,16010,16080,418,33543400,25812,25820,16880,14675,15780,15915,0,16035,0,0,0,2017-04-20,75627500,16045,2,0,0,0,0,0,0,0,0,16050,6,0,0,0,0,0,0,0,0
58,2017-04-19,21:00:28,0,pb1705,XSGE,16045,16010,16080,424,34024750,25818,25820,16880,14675,15780,15915,0,16035,0,0,0,2017-04-20,75628000,16035,3,0,0,0,0,0,0,0,0,16045,2,0,0,0,0,0,0,0,0
59,2017-04-19,21:00:28,500,pb1705,XSGE,16045,16010,16080,424,34024750,25818,25820,16880,14675,15780,15915,0,16035,0,0,0,2017-04-20,75628500,16035,3,0,0,0,0,0,0,0,0,16045,2,0,0,0,0,0,0,0,0
60,2017-04-19,21:00:29,0,pb1705,XSGE,16045,16010,16080,424,34024750,25818,25820,16880,14675,15780,15915,0,16035,0,0,0,2017-04-20,75629000,16040,1,0,0,0,0,0,0,0,0,16045,2,0,0,0,0,0,0,0,0
61,2017-04-19,21:00:29,500,pb1705,XSGE,16045,16010,16080,424,34024750,25818,25820,16880,14675,15780,15915,0,16035,0,0,0,2017-04-20,75629500,16040,1,0,0,0,0,0,0,0,0,16045,3,0,0,0,0,0,0,0,0
62,2017-04-19,21:00:30,0,pb1705,XSGE,16045,16010,16080,424,34024750,25818,25820,16880,14675,15780,15915,0,16035,0,0,0,2017-04-20,75630000,16040,1,0,0,0,0,0,0,0,0,16045,2,0,0,0,0,0,0,0,0
63,2017-04-19,21:00:31,0,pb1705,XSGE,16045,16010,16080,424,34024750,25818,25820,16880,14675,15780,15915,0,16035,0,0,0,2017-04-20,75631000,16040,1,0,0,0,0,0,0,0,0,16045,6,0,0,0,0,0,0,0,0
64,2017-04-19,21:00:32,0,pb1705,XSGE,16040,16010,16080,430,34506050,25816,25820,16880,14675,15780,15915,0,16035,0,0,0,2017-04-20,75632000,16035,1,0,0,0,0,0,0,0,0,16040,2,0,0,0,0,0,0,0,0
65,2017-04-19,21:00:32,500,pb1705,XSGE,16040,16010,16080,430,34506050,25816,25820,16880,14675,15780,15915,0,16035,0,0,0,2017-04-20,75632500,16035,1,0,0,0,0,0,0,0,0,16040,11,0,0,0,0,0,0,0,0
66,2017-04-19,21:00:33,500,pb1705,XSGE,16040,16010,16080,430,34506050,25816,25820,16880,14675,15780,15915,0,16035,0,0,0,2017-04-20,75633500,16035,1,0,0,0,0,0,0,0,0,16040,11,0,0,0,0,0,0,0,0
67,2017-04-19,21:00:34,0,pb1705,XSGE,16040,16010,16080,432,34666450,25816,25820,16880,14675,15780,15915,0,16035,0,0,0,2017-04-20,75634000,16010,8,0,0,0,0,0,0,0,0,16040,15,0,0,0,0,0,0,0,0
68,2017-04-19,21:00:34,500,pb1705,XSGE,16040,16010,16080,432,34666450,25816,25820,16880,14675,15780,15915,0,16035,0,0,0,2017-04-20,75634500,16020,2,0,0,0,0,0,0,0,0,16035,1,0,0,0,0,0,0,0,0
69,2017-04-19,21:00:35,0,pb1705,XSGE,16040,16010,16080,432,34666450,25816,25820,16880,14675,15780,15915,0,16035,0,0,0,2017-04-20,75635000,16020,4,0,0,0,0,0,0,0,0,16035,1,0,0,0,0,0,0,0,0
70,2017-04-19,21:00:35,500,pb1705,XSGE,16020,16010,16080,434,34826650,25814,25820,16880,14675,15780,15915,0,16035,0,0,0,2017-04-20,75635500,16020,3,0,0,0,0,0,0,0,0,16035,1,0,0,0,0,0,0,0,0
71,2017-04-19,21:00:36,0,pb1705,XSGE,16020,16010,16080,434,34826650,25814,25820,16880,14675,15780,15915,0,16035,0,0,0,2017-04-20,75636000,16020,3,0,0,0,0,0,0,0,0,16035,24,0,0,0,0,0,0,0,0
72,2017-04-19,21:00:36,500,pb1705,XSGE,16020,16010,16080,434,34826650,25814,25820,16880,14675,15780,15915,0,16035,0,0,0,2017-04-20,75636500,16020,3,0,0,0,0,0,0,0,0,16035,23,0,0,0,0,0,0,0,0
73,2017-04-19,21:00:37,0,pb1705,XSGE,16020,16010,16080,434,34826650,25814,25820,16880,14675,15780,15915,0,16035,0,0,0,2017-04-20,75637000,16020,5,0,0,0,0,0,0,0,0,16035,23,0,0,0,0,0,0,0,0
74,2017-04-19,21:00:37,500,pb1705,XSGE,16020,16010,16080,436,34986850,25814,25820,16880,14675,15780,15915,0,16035,0,0,0,2017-04-20,75637500,16020,1,0,0,0,0,0,0,0,0,16030,1,0,0,0,0,0,0,0,0
75,2017-04-19,21:00:38,0,pb1705,XSGE,16020,16010,16080,436,34986850,25814,25820,16880,14675,15780,15915,0,16035,0,0,0,2017-04-20,75638000,16020,1,0,0,0,0,0,0,0,0,16030,4,0,0,0,0,0,0,0,0
76,2017-04-19,21:00:38,500,pb1705,XSGE,16020,16010,16080,438,35147050,25812,25820,16880,14675,15780,15915,0,16035,0,0,0,2017-04-20,75638500,16015,1,0,0,0,0,0,0,0,0,16030,4,0,0,0,0,0,0,0,0
77,2017-04-19,21:00:39,0,pb1705,XSGE,16020,16010,16080,438,35147050,25812,25820,16880,14675,15780,15915,0,16035,0,0,0,2017-04-20,75639000,16015,9,0,0,0,0,0,0,0,0,16030,4,0,0,0,0,0,0,0,0
78,2017-04-19,21:00:39,500,pb1705,XSGE,16030,16010,16080,440,35307350,25812,25820,16880,14675,15780,15915,0,16035,0,0,0,2017-04-20,75639500,16015,2,0,0,0,0,0,0,0,0,16020,1,0,0,0,0,0,0,0,0
79,2017-04-19,21:00:40,0,pb1705,XSGE,16020,16010,16080,446,35787950,25816,25820,16880,14675,15780,15915,0,16035,0,0,0,2017-04-20,75640000,16015,1,0,0,0,0,0,0,0,0,16020,3,0,0,0,0,0,0,0,0
80,2017-04-19,21:00:40,500,pb1705,XSGE,16020,16010,16080,446,35787950,25816,25820,16880,14675,15780,15915,0,16035,0,0,0,2017-04-20,75640500,16015,1,0,0,0,0,0,0,0,0,16020,3,0,0,0,0,0,0,0,0
81,2017-04-19,21:00:41,0,pb1705,XSGE,16020,16010,16080,446,35787950,25816,25820,16880,14675,15780,15915,0,16035,0,0,0,2017-04-20,75641000,16015,1,0,0,0,0,0,0,0,0,16020,6,0,0,0,0,0,0,0,0
82,2017-04-19,21:00:41,500,pb1705,XSGE,16015,16010,16080,448,35948100,25818,25820,16880,14675,15780,15915,0,16035,0,0,0,2017-04-20,75641500,16000,1,0,0,0,0,0,0,0,0,16015,1,0,0,0,0,0,0,0,0
83,2017-04-19,21:00:42,0,pb1705,XSGE,16015,16010,16080,448,35948100,25818,25820,16880,14675,15780,15915,0,16035,0,0,0,2017-04-20,75642000,16000,2,0,0,0,0,0,0,0,0,16015,9,0,0,0,0,0,0,0,0
84,2017-04-19,21:00:42,500,pb1705,XSGE,16000,16000,16080,452,36268100,25814,25820,16880,14675,15780,15915,0,16035,0,0,0,2017-04-20,75642500,15980,8,0,0,0,0,0,0,0,0,16015,8,0,0,0,0,0,0,0,0
85,2017-04-19,21:00:43,0,pb1705,XSGE,16000,16000,16080,452,36268100,25814,25820,16880,14675,15780,15915,0,16035,0,0,0,2017-04-20,75643000,15995,6,0,0,0,0,0,0,0,0,16005,1,0,0,0,0,0,0,0,0
86,2017-04-19,21:00:43,500,pb1705,XSGE,16005,16000,16080,456,36588200,25818,25820,16880,14675,15780,15915,0,16035,0,0,0,2017-04-20,75643500,15990,1,0,0,0,0,0,0,0,0,16005,6,0,0,0,0,0,0,0,0
87,2017-04-19,21:00:44,0,pb1705,XSGE,16005,16000,16080,456,36588200,25818,25820,16880,14675,15780,15915,0,16035,0,0,0,2017-04-20,75644000,15995,5,0,0,0,0,0,0,0,0,16005,11,0,0,0,0,0,0,0,0
88,2017-04-19,21:00:44,500,pb1705,XSGE,16000,16000,16080,458,36748200,25816,25820,16880,14675,15780,15915,0,16035,0,0,0,2017-04-20,75644500,15970,9,0,0,0,0,0,0,0,0,16005,11,0,0,0,0,0,0,0,0
89,2017-04-19,21:00:45,0,pb1705,XSGE,16000,16000,16080,458,36748200,25816,25820,16880,14675,15780,15915,0,16035,0,0,0,2017-04-20,75645000,15985,11,0,0,0,0,0,0,0,0,16005,11,0,0,0,0,0,0,0,0
90,2017-04-19,21:00:45,500,pb1705,XSGE,16000,16000,16080,458,36748200,25816,25820,16880,14675,15780,15915,0,16035,0,0,0,2017-04-20,75645500,15990,1,0,0,0,0,0,0,0,0,15995,3,0,0,0,0,0,0,0,0
91,2017-04-19,21:00:46,0,pb1705,XSGE,15995,15990,16080,470,37707750,25820,25820,16880,14675,15780,15915,0,16035,0,0,0,2017-04-20,75646000,15990,1,0,0,0,0,0,0,0,0,15995,11,0,0,0,0,0,0,0,0
92,2017-04-19,21:00:46,500,pb1705,XSGE,15995,15990,16080,470,37707750,25820,25820,16880,14675,15780,15915,0,16035,0,0,0,2017-04-20,75646500,15970,10,0,0,0,0,0,0,0,0,15995,11,0,0,0,0,0,0,0,0
93,2017-04-19,21:00:47,0,pb1705,XSGE,15990,15990,16080,472,37867650,25820,25820,16880,14675,15780,15915,0,16035,0,0,0,2017-04-20,75647000,15985,10,0,0,0,0,0,0,0,0,15995,11,0,0,0,0,0,0,0,0
94,2017-04-19,21:00:47,500,pb1705,XSGE,15995,15990,16080,474,38027600,25822,25820,16880,14675,15780,15915,0,16035,0,0,0,2017-04-20,75647500,15990,1,0,0,0,0,0,0,0,0,15995,10,0,0,0,0,0,0,0,0
95,2017-04-19,21:00:48,0,pb1705,XSGE,15995,15990,16080,480,38507450,25822,25820,16880,14675,15780,15915,0,16035,0,0,0,2017-04-20,75648000,15990,7,0,0,0,0,0,0,0,0,15995,8,0,0,0,0,0,0,0,0
96,2017-04-19,21:00:48,500,pb1705,XSGE,15995,15990,16080,492,39467150,25820,25820,16880,14675,15780,15915,0,16035,0,0,0,2017-04-20,75648500,15990,9,0,0,0,0,0,0,0,0,15995,4,0,0,0,0,0,0,0,0
97,2017-04-19,21:00:49,0,pb1705,XSGE,15995,15990,16080,500,40106950,25824,25820,16880,14675,15780,15915,0,16035,0,0,0,2017-04-20,75649000,15990,10,0,0,0,0,0,0,0,0,15995,1,0,0,0,0,0,0,0,0
98,2017-04-19,21:00:49,500,pb1705,XSGE,15995,15990,16080,502,40266900,25824,25820,16880,14675,15780,15915,0,16035,0,0,0,2017-04-20,75649500,15995,3,0,0,0,0,0,0,0,0,16015,5,0,0,0,0,0,0,0,0
99,2017-04-19,21:00:50,0,pb1705,XSGE,15995,15990,16080,502,40266900,25824,25820,16880,14675,15780,15915,0,16035,0,0,0,2017-04-20,75650000,15995,1,0,0,0,0,0,0,0,0,16010,1,0,0,0,0,0,0,0,0
100,2017-04-19,21:00:50,500,pb1705,XSGE,15990,15990,16080,512,41066450,25828,25820,16880,14675,15780,15915,0,16035,0,0,0,2017-04-20,75650500,16000,1,0,0,0,0,0,0,0,0,16010,1,0,0,0,0,0,0,0,0
101,2017-04-19,21:00:51,0,pb1705,XSGE,15990,15990,16080,512,41066450,25828,25820,16880,14675,15780,15915,0,16035,0,0,0,2017-04-20,75651000,16000,2,0,0,0,0,0,0,0,0,16005,1,0,0,0,0,0,0,0,0
102,2017-04-19,21:00:51,500,pb1705,XSGE,15990,15990,16080,512,41066450,25828,25820,16880,14675,15780,15915,0,16035,0,0,0,2017-04-20,75651500,16000,2,0,0,0,0,0,0,0,0,16005,1,0,0,0,0,0,0,0,0
103,2017-04-19,21:00:52,500,pb1705,XSGE,15990,15990,16080,512,41066450,25828,25820,16880,14675,15780,15915,0,16035,0,0,0,2017-04-20,75652500,16000,2,0,0,0,0,0,0,0,0,16005,1,0,0,0,0,0,0,0,0
104,2017-04-19,21:00:53,0,pb1705,XSGE,16005,15990,16080,514,41226500,25828,25820,16880,14675,15780,15915,0,16035,0,0,0,2017-04-20,75653000,16005,2,0,0,0,0,0,0,0,0,16010,2,0,0,0,0,0,0,0,0
105,2017-04-19,21:00:53,500,pb1705,XSGE,16000,15990,16080,520,41706600,25834,25820,16880,14675,15780,15915,0,16035,0,0,0,2017-04-20,75653500,16000,1,0,0,0,0,0,0,0,0,16010,2,0,0,0,0,0,0,0,0
106,2017-04-19,21:00:54,0,pb1705,XSGE,16000,15990,16080,520,41706600,25834,25820,16880,14675,15780,15915,0,16035,0,0,0,2017-04-20,75654000,16000,1,0,0,0,0,0,0,0,0,16010,2,0,0,0,0,0,0,0,0
107,2017-04-19,21:00:54,500,pb1705,XSGE,16000,15990,16080,520,41706600,25834,25820,16880,14675,15780,15915,0,16035,0,0,0,2017-04-20,75654500,16000,2,0,0,0,0,0,0,0,0,16010,2,0,0,0,0,0,0,0,0
108,2017-04-19,21:00:55,0,pb1705,XSGE,16000,15990,16080,520,41706600,25834,25820,16880,14675,15780,15915,0,16035,0,0,0,2017-04-20,75655000,16005,1,0,0,0,0,0,0,0,0,16010,2,0,0,0,0,0,0,0,0
109,2017-04-19,21:00:55,500,pb1705,XSGE,16010,15990,16080,522,41866700,25834,25820,16880,14675,15780,15915,0,16035,0,0,0,2017-04-20,75655500,16010,1,0,0,0,0,0,0,0,0,16015,6,0,0,0,0,0,0,0,0
110,2017-04-19,21:00:56,0,pb1705,XSGE,16005,15990,16080,534,42827450,25838,25820,16880,14675,15780,15915,0,16035,0,0,0,2017-04-20,75656000,16000,2,0,0,0,0,0,0,0,0,16005,4,0,0,0,0,0,0,0,0
111,2017-04-19,21:00:56,500,pb1705,XSGE,16005,15990,16080,534,42827450,25838,25820,16880,14675,15780,15915,0,16035,0,0,0,2017-04-20,75656500,16000,5,0,0,0,0,0,0,0,0,16005,6,0,0,0,0,0,0,0,0
112,2017-04-19,21:00:57,0,pb1705,XSGE,16005,15990,16080,534,42827450,25838,25820,16880,14675,15780,15915,0,16035,0,0,0,2017-04-20,75657000,16000,2,0,0,0,0,0,0,0,0,16005,6,0,0,0,0,0,0,0,0
113,2017-04-19,21:00:57,500,pb1705,XSGE,16005,15990,16080,546,43787750,25840,25820,16880,14675,15780,15915,0,16035,0,0,0,2017-04-20,75657500,16005,7,0,0,0,0,0,0,0,0,16010,2,0,0,0,0,0,0,0,0
114,2017-04-19,21:00:58,0,pb1705,XSGE,16005,15990,16080,546,43787750,25840,25820,16880,14675,15780,15915,0,16035,0,0,0,2017-04-20,75658000,16005,7,0,0,0,0,0,0,0,0,16010,2,0,0,0,0,0,0,0,0
115,2017-04-19,21:00:59,500,pb1705,XSGE,16010,15990,16080,550,44107950,25842,25820,16880,14675,15780,15915,0,16035,0,0,0,2017-04-20,75659500,16005,9,0,0,0,0,0,0,0,0,16015,1,0,0,0,0,0,0,0,0
116,2017-04-19,21:01:00,0,pb1705,XSGE,16010,15990,16080,550,44107950,25842,25820,16880,14675,15780,15915,0,16035,0,0,0,2017-04-20,75660000,16010,10,0,0,0,0,0,0,0,0,16015,1,0,0,0,0,0,0,0,0
117,2017-04-19,21:01:00,500,pb1705,XSGE,16015,15990,16080,552,44268100,25844,25820,16880,14675,15780,15915,0,16035,0,0,0,2017-04-20,75660500,16015,2,0,0,0,0,0,0,0,0,16035,21,0,0,0,0,0,0,0,0
118,2017-04-19,21:01:01,0,pb1705,XSGE,16015,15990,16080,556,44588550,25842,25820,16880,14675,15780,15915,0,16035,0,0,0,2017-04-20,75661000,16015,3,0,0,0,0,0,0,0,0,16030,5,0,0,0,0,0,0,0,0
119,2017-04-19,21:01:01,500,pb1705,XSGE,16015,15990,16080,556,44588550,25842,25820,16880,14675,15780,15915,0,16035,0,0,0,2017-04-20,75661500,16020,2,0,0,0,0,0,0,0,0,16030,1,0,0,0,0,0,0,0,0
120,2017-04-19,21:01:02,0,pb1705,XSGE,16030,15990,16080,558,44748850,25840,25820,16880,14675,15780,15915,0,16035,0,0,0,2017-04-20,75662000,16020,2,0,0,0,0,0,0,0,0,16025,1,0,0,0,0,0,0,0,0
121,2017-04-19,21:01:02,500,pb1705,XSGE,16025,15990,16080,562,45069350,25838,25820,16880,14675,15780,15915,0,16035,0,0,0,2017-04-20,75662500,16020,2,0,0,0,0,0,0,0,0,16035,21,0,0,0,0,0,0,0,0
122,2017-04-19,21:01:03,0,pb1705,XSGE,16025,15990,16080,562,45069350,25838,25820,16880,14675,15780,15915,0,16035,0,0,0,2017-04-20,75663000,16020,2,0,0,0,0,0,0,0,0,16035,21,0,0,0,0,0,0,0,0
123,2017-04-19,21:01:03,500,pb1705,XSGE,16030,15990,16080,564,45229650,25838,25820,16880,14675,15780,15915,0,16035,0,0,0,2017-04-20,75663500,16020,2,0,0,0,0,0,0,0,0,16035,22,0,0,0,0,0,0,0,0
124,2017-04-19,21:01:04,500,pb1705,XSGE,16030,15990,16080,564,45229650,25838,25820,16880,14675,15780,15915,0,16035,0,0,0,2017-04-20,75664500,16020,2,0,0,0,0,0,0,0,0,16030,1,0,0,0,0,0,0,0,0
125,2017-04-19,21:01:05,0,pb1705,XSGE,16030,15990,16080,564,45229650,25838,25820,16880,14675,15780,15915,0,16035,0,0,0,2017-04-20,75665000,16020,4,0,0,0,0,0,0,0,0,16030,1,0,0,0,0,0,0,0,0
126,2017-04-19,21:01:05,500,pb1705,XSGE,16030,15990,16080,564,45229650,25838,25820,16880,14675,15780,15915,0,16035,0,0,0,2017-04-20,75665500,16025,1,0,0,0,0,0,0,0,0,16035,21,0,0,0,0,0,0,0,0
127,2017-04-19,21:01:06,0,pb1705,XSGE,16030,15990,16080,566,45389950,25838,25820,16880,14675,15780,15915,0,16035,0,0,0,2017-04-20,75666000,16025,5,0,0,0,0,0,0,0,0,16035,23,0,0,0,0,0,0,0,0
128,2017-04-19,21:01:06,500,pb1705,XSGE,16035,15990,16080,590,47314150,25822,25820,16880,14675,15780,15915,0,16035,0,0,0,2017-04-20,75666500,16030,10,0,0,0,0,0,0,0,0,16035,11,0,0,0,0,0,0,0,0
129,2017-04-19,21:01:07,0,pb1705,XSGE,16035,15990,16080,592,47474500,25820,25820,16880,14675,15780,15915,0,16035,0,0,0,2017-04-20,75667000,16030,5,0,0,0,0,0,0,0,0,16035,10,0,0,0,0,0,0,0,0
130,2017-04-19,21:01:07,500,pb1705,XSGE,16035,15990,16080,598,47955500,25820,25820,16880,14675,15780,15915,0,16035,0,0,0,2017-04-20,75667500,16030,1,0,0,0,0,0,0,0,0,16035,8,0,0,0,0,0,0,0,0
131,2017-04-19,21:01:08,0,pb1705,XSGE,16035,15990,16080,614,49238250,25810,25820,16880,14675,15780,15915,0,16035,0,0,0,2017-04-20,75668000,16025,2,0,0,0,0,0,0,0,0,16035,1,0,0,0,0,0,0,0,0
132,2017-04-19,21:01:08,500,pb1705,XSGE,16010,15990,16080,654,52441300,25814,25820,16880,14675,15780,15915,0,16035,0,0,0,2017-04-20,75668500,16005,2,0,0,0,0,0,0,0,0,16035,1,0,0,0,0,0,0,0,0
133,2017-04-19,21:01:09,0,pb1705,XSGE,16025,15990,16080,660,52922050,25814,25820,16880,14675,15780,15915,0,16035,0,0,0,2017-04-20,75669000,16025,1,0,0,0,0,0,0,0,0,16030,7,0,0,0,0,0,0,0,0
134,2017-04-19,21:01:09,500,pb1705,XSGE,16030,15990,16080,664,53242650,25818,25820,16880,14675,15780,15915,0,16035,0,0,0,2017-04-20,75669500,16020,2,0,0,0,0,0,0,0,0,16025,1,0,0,0,0,0,0,0,0
135,2017-04-19,21:01:10,0,pb1705,XSGE,16030,15990,16080,670,53723450,25820,25820,16880,14675,15780,15915,0,16035,0,0,0,2017-04-20,75670000,16025,4,0,0,0,0,0,0,0,0,16035,3,0,0,0,0,0,0,0,0
136,2017-04-19,21:01:10,500,pb1705,XSGE,16030,15990,16080,670,53723450,25820,25820,16880,14675,15780,15915,0,16035,0,0,0,2017-04-20,75670500,16025,6,0,0,0,0,0,0,0,0,16035,2,0,0,0,0,0,0,0,0
137,2017-04-19,21:01:11,0,pb1705,XSGE,16035,15990,16080,672,53883800,25822,25820,16880,14675,15780,15915,0,16035,0,0,0,2017-04-20,75671000,16025,10,0,0,0,0,0,0,0,0,16030,1,0,0,0,0,0,0,0,0
138,2017-04-19,21:01:11,500,pb1705,XSGE,16035,15990,16080,676,54204450,25824,25820,16880,14675,15780,15915,0,16035,0,0,0,2017-04-20,75671500,16025,7,0,0,0,0,0,0,0,0,16040,1,0,0,0,0,0,0,0,0
139,2017-04-19,21:01:12,0,pb1705,XSGE,16035,15990,16080,680,54525200,25824,25820,16880,14675,15780,15915,0,16035,0,0,0,2017-04-20,75672000,16035,2,0,0,0,0,0,0,0,0,16050,4,0,0,0,0,0,0,0,0
140,2017-04-19,21:01:12,500,pb1705,XSGE,16045,15990,16080,682,54685650,25822,25820,16880,14675,15780,15915,0,16035,0,0,0,2017-04-20,75672500,16040,1,0,0,0,0,0,0,0,0,16050,4,0,0,0,0,0,0,0,0
141,2017-04-19,21:01:13,0,pb1705,XSGE,16045,15990,16080,682,54685650,25822,25820,16880,14675,15780,15915,0,16035,0,0,0,2017-04-20,75673000,16040,5,0,0,0,0,0,0,0,0,16045,1,0,0,0,0,0,0,0,0
142,2017-04-19,21:01:13,500,pb1705,XSGE,16045,15990,16080,686,55006550,25818,25820,16880,14675,15780,15915,0,16035,0,0,0,2017-04-20,75673500,16040,5,0,0,0,0,0,0,0,0,16045,1,0,0,0,0,0,0,0,0
143,2017-04-19,21:01:14,0,pb1705,XSGE,16045,15990,16080,686,55006550,25818,25820,16880,14675,15780,15915,0,16035,0,0,0,2017-04-20,75674000,16040,5,0,0,0,0,0,0,0,0,16045,1,0,0,0,0,0,0,0,0
144,2017-04-19,21:01:14,500,pb1705,XSGE,16045,15990,16080,686,55006550,25818,25820,16880,14675,15780,15915,0,16035,0,0,0,2017-04-20,75674500,16040,5,0,0,0,0,0,0,0,0,16045,2,0,0,0,0,0,0,0,0
145,2017-04-19,21:01:15,0,pb1705,XSGE,16040,15990,16080,696,55808550,25810,25820,16880,14675,15780,15915,0,16035,0,0,0,2017-04-20,75675000,16035,3,0,0,0,0,0,0,0,0,16045,2,0,0,0,0,0,0,0,0
146,2017-04-19,21:01:15,500,pb1705,XSGE,16035,15990,16080,702,56289600,25816,25820,16880,14675,15780,15915,0,16035,0,0,0,2017-04-20,75675500,16025,2,0,0,0,0,0,0,0,0,16040,2,0,0,0,0,0,0,0,0
147,2017-04-19,21:01:16,0,pb1705,XSGE,16035,15990,16080,702,56289600,25816,25820,16880,14675,15780,15915,0,16035,0,0,0,2017-04-20,75676000,16030,1,0,0,0,0,0,0,0,0,16040,2,0,0,0,0,0,0,0,0
148,2017-04-19,21:01:16,500,pb1705,XSGE,16035,15990,16080,702,56289600,25816,25820,16880,14675,15780,15915,0,16035,0,0,0,2017-04-20,75676500,16035,1,0,0,0,0,0,0,0,0,16040,2,0,0,0,0,0,0,0,0
149,2017-04-19,21:01:17,0,pb1705,XSGE,16035,15990,16080,704,56449950,25816,25820,16880,14675,15780,15915,0,16035,0,0,0,2017-04-20,75677000,16025,2,0,0,0,0,0,0,0,0,16035,2,0,0,0,0,0,0,0,0
150,2017-04-19,21:01:17,500,pb1705,XSGE,16035,15990,16080,704,56449950,25816,25820,16880,14675,15780,15915,0,16035,0,0,0,2017-04-20,75677500,16025,1,0,0,0,0,0,0,0,0,16040,3,0,0,0,0,0,0,0,0
151,2017-04-19,21:01:18,0,pb1705,XSGE,16035,15990,16080,704,56449950,25816,25820,16880,14675,15780,15915,0,16035,0,0,0,2017-04-20,75678000,16030,1,0,0,0,0,0,0,0,0,16040,3,0,0,0,0,0,0,0,0
152,2017-04-19,21:01:18,500,pb1705,XSGE,16040,15990,16080,708,56770750,25818,25820,16880,14675,15780,15915,0,16035,0,0,0,2017-04-20,75678500,16040,10,0,0,0,0,0,0,0,0,16045,1,0,0,0,0,0,0,0,0
153,2017-04-19,21:01:19,0,pb1705,XSGE,16040,15990,16080,720,57733150,25818,25820,16880,14675,15780,15915,0,16035,0,0,0,2017-04-20,75679000,16040,4,0,0,0,0,0,0,0,0,16045,2,0,0,0,0,0,0,0,0
154,2017-04-19,21:01:19,500,pb1705,XSGE,16040,15990,16080,728,58374750,25826,25820,16880,14675,15780,15915,0,16035,0,0,0,2017-04-20,75679500,16025,1,0,0,0,0,0,0,0,0,16040,1,0,0,0,0,0,0,0,0
155,2017-04-19,21:01:20,0,pb1705,XSGE,16040,15990,16080,728,58374750,25826,25820,16880,14675,15780,15915,0,16035,0,0,0,2017-04-20,75680000,16025,2,0,0,0,0,0,0,0,0,16045,2,0,0,0,0,0,0,0,0
156,2017-04-19,21:01:20,500,pb1705,XSGE,16040,15990,16080,728,58374750,25826,25820,16880,14675,15780,15915,0,16035,0,0,0,2017-04-20,75680500,16030,1,0,0,0,0,0,0,0,0,16045,2,0,0,0,0,0,0,0,0
157,2017-04-19,21:01:21,0,pb1705,XSGE,16040,15990,16080,728,58374750,25826,25820,16880,14675,15780,15915,0,16035,0,0,0,2017-04-20,75681000,16030,1,0,0,0,0,0,0,0,0,16045,2,0,0,0,0,0,0,0,0
158,2017-04-19,21:01:21,500,pb1705,XSGE,16040,15990,16080,728,58374750,25826,25820,16880,14675,15780,15915,0,16035,0,0,0,2017-04-20,75681500,16030,2,0,0,0,0,0,0,0,0,16045,2,0,0,0,0,0,0,0,0
159,2017-04-19,21:01:22,0,pb1705,XSGE,16040,15990,16080,728,58374750,25826,25820,16880,14675,15780,15915,0,16035,0,0,0,2017-04-20,75682000,16030,4,0,0,0,0,0,0,0,0,16045,2,0,0,0,0,0,0,0,0
160,2017-04-19,21:01:22,500,pb1705,XSGE,16040,15990,16080,728,58374750,25826,25820,16880,14675,15780,15915,0,16035,0,0,0,2017-04-20,75682500,16035,2,0,0,0,0,0,0,0,0,16045,2,0,0,0,0,0,0,0,0
161,2017-04-19,21:01:23,0,pb1705,XSGE,16040,15990,16080,728,58374750,25826,25820,16880,14675,15780,15915,0,16035,0,0,0,2017-04-20,75683000,16040,2,0,0,0,0,0,0,0,0,16045,2,0,0,0,0,0,0,0,0
162,2017-04-19,21:01:23,500,pb1705,XSGE,16045,15990,16080,732,58695650,25826,25820,16880,14675,15780,15915,0,16035,0,0,0,2017-04-20,75683500,16045,1,0,0,0,0,0,0,0,0,16050,5,0,0,0,0,0,0,0,0
163,2017-04-19,21:01:24,0,pb1705,XSGE,16045,15990,16080,744,59658600,25820,25820,16880,14675,15780,15915,0,16035,0,0,0,2017-04-20,75684000,16040,3,0,0,0,0,0,0,0,0,16050,1,0,0,0,0,0,0,0,0
164,2017-04-19,21:01:24,500,pb1705,XSGE,16050,15990,16080,746,59819100,25820,25820,16880,14675,15780,15915,0,16035,0,0,0,2017-04-20,75684500,16040,2,0,0,0,0,0,0,0,0,16055,3,0,0,0,0,0,0,0,0
165,2017-04-19,21:01:25,0,pb1705,XSGE,16050,15990,16080,746,59819100,25820,25820,16880,14675,15780,15915,0,16035,0,0,0,2017-04-20,75685000,16040,3,0,0,0,0,0,0,0,0,16055,3,0,0,0,0,0,0,0,0
166,2017-04-19,21:01:25,500,pb1705,XSGE,16050,15990,16080,746,59819100,25820,25820,16880,14675,15780,15915,0,16035,0,0,0,2017-04-20,75685500,16040,2,0,0,0,0,0,0,0,0,16055,4,0,0,0,0,0,0,0,0
167,2017-04-19,21:01:26,0,pb1705,XSGE,16050,15990,16080,746,59819100,25820,25820,16880,14675,15780,15915,0,16035,0,0,0,2017-04-20,75686000,16040,3,0,0,0,0,0,0,0,0,16055,4,0,0,0,0,0,0,0,0
168,2017-04-19,21:01:26,500,pb1705,XSGE,16050,15990,16080,746,59819100,25820,25820,16880,14675,15780,15915,0,16035,0,0,0,2017-04-20,75686500,16045,1,0,0,0,0,0,0,0,0,16055,5,0,0,0,0,0,0,0,0
169,2017-04-19,21:01:27,0,pb1705,XSGE,16055,15990,16080,748,59979650,25822,25820,16880,14675,15780,15915,0,16035,0,0,0,2017-04-20,75687000,16045,1,0,0,0,0,0,0,0,0,16055,4,0,0,0,0,0,0,0,0
170,2017-04-19,21:01:27,500,pb1705,XSGE,16055,15990,16080,750,60140200,25824,25820,16880,14675,15780,15915,0,16035,0,0,0,2017-04-20,75687500,16045,3,0,0,0,0,0,0,0,0,16055,3,0,0,0,0,0,0,0,0
171,2017-04-19,21:01:28,0,pb1705,XSGE,16055,15990,16080,750,60140200,25824,25820,16880,14675,15780,15915,0,16035,0,0,0,2017-04-20,75688000,16045,4,0,0,0,0,0,0,0,0,16055,2,0,0,0,0,0,0,0,0
172,2017-04-19,21:01:28,500,pb1705,XSGE,16055,15990,16080,754,60461300,25824,25820,16880,14675,15780,15915,0,16035,0,0,0,2017-04-20,75688500,16055,2,0,0,0,0,0,0,0,0,16060,1,0,0,0,0,0,0,0,0
173,2017-04-19,21:01:29,0,pb1705,XSGE,16075,15990,16080,758,60782650,25828,25820,16880,14675,15780,15915,0,16035,0,0,0,2017-04-20,75689000,16055,3,0,0,0,0,0,0,0,0,16080,5,0,0,0,0,0,0,0,0
174,2017-04-19,21:01:29,500,pb1705,XSGE,16075,15990,16080,762,61104150,25824,25820,16880,14675,15780,15915,0,16035,0,0,0,2017-04-20,75689500,16055,3,0,0,0,0,0,0,0,0,16075,5,0,0,0,0,0,0,0,0
175,2017-04-19,21:01:30,0,pb1705,XSGE,16075,15990,16080,762,61104150,25824,25820,16880,14675,15780,15915,0,16035,0,0,0,2017-04-20,75690000,16055,4,0,0,0,0,0,0,0,0,16075,5,0,0,0,0,0,0,0,0
176,2017-04-19,21:01:30,500,pb1705,XSGE,16075,15990,16080,762,61104150,25824,25820,16880,14675,15780,15915,0,16035,0,0,0,2017-04-20,75690500,16060,1,0,0,0,0,0,0,0,0,16070,2,0,0,0,0,0,0,0,0
177,2017-04-19,21:01:31,0,pb1705,XSGE,16060,15990,16080,764,61264750,25824,25820,16880,14675,15780,15915,0,16035,0,0,0,2017-04-20,75691000,16060,3,0,0,0,0,0,0,0,0,16070,2,0,0,0,0,0,0,0,0
178,2017-04-19,21:01:31,500,pb1705,XSGE,16060,15990,16080,764,61264750,25824,25820,16880,14675,15780,15915,0,16035,0,0,0,2017-04-20,75691500,16060,4,0,0,0,0,0,0,0,0,16075,5,0,0,0,0,0,0,0,0
179,2017-04-19,21:01:32,0,pb1705,XSGE,16060,15990,16080,764,61264750,25824,25820,16880,14675,15780,15915,0,16035,0,0,0,2017-04-20,75692000,16060,4,0,0,0,0,0,0,0,0,16075,9,0,0,0,0,0,0,0,0
180,2017-04-19,21:01:32,500,pb1705,XSGE,16060,15990,16080,766,61425350,25822,25820,16880,14675,15780,15915,0,16035,0,0,0,2017-04-20,75692500,16060,3,0,0,0,0,0,0,0,0,16075,10,0,0,0,0,0,0,0,0
181,2017-04-19,21:01:33,0,pb1705,XSGE,16060,15990,16080,768,61585950,25820,25820,16880,14675,15780,15915,0,16035,0,0,0,2017-04-20,75693000,16060,6,0,0,0,0,0,0,0,0,16070,1,0,0,0,0,0,0,0,0
182,2017-04-19,21:01:33,500,pb1705,XSGE,16070,15990,16080,770,61746650,25820,25820,16880,14675,15780,15915,0,16035,0,0,0,2017-04-20,75693500,16065,1,0,0,0,0,0,0,0,0,16075,8,0,0,0,0,0,0,0,0
183,2017-04-19,21:01:34,0,pb1705,XSGE,16075,15990,16080,772,61907400,25820,25820,16880,14675,15780,15915,0,16035,0,0,0,2017-04-20,75694000,16070,1,0,0,0,0,0,0,0,0,16075,5,0,0,0,0,0,0,0,0
184,2017-04-19,21:01:34,500,pb1705,XSGE,16075,15990,16080,774,62068150,25820,25820,16880,14675,15780,15915,0,16035,0,0,0,2017-04-20,75694500,16070,6,0,0,0,0,0,0,0,0,16075,4,0,0,0,0,0,0,0,0
185,2017-04-19,21:01:35,0,pb1705,XSGE,16075,15990,16080,782,62711150,25824,25820,16880,14675,15780,15915,0,16035,0,0,0,2017-04-20,75695000,16075,1,0,0,0,0,0,0,0,0,16080,5,0,0,0,0,0,0,0,0
186,2017-04-19,21:01:35,500,pb1705,XSGE,16075,15990,16080,782,62711150,25824,25820,16880,14675,15780,15915,0,16035,0,0,0,2017-04-20,75695500,16075,5,0,0,0,0,0,0,0,0,16080,5,0,0,0,0,0,0,0,0
187,2017-04-19,21:01:36,0,pb1705,XSGE,16080,15990,16080,784,62871950,25824,25820,16880,14675,15780,15915,0,16035,0,0,0,2017-04-20,75696000,16075,5,0,0,0,0,0,0,0,0,16080,4,0,0,0,0,0,0,0,0
188,2017-04-19,21:01:36,500,pb1705,XSGE,16080,15990,16080,788,63193550,25824,25820,16880,14675,15780,15915,0,16035,0,0,0,2017-04-20,75696500,16075,5,0,0,0,0,0,0,0,0,16080,2,0,0,0,0,0,0,0,0
189,2017-04-19,21:01:37,0,pb1705,XSGE,16080,15990,16080,792,63515150,25826,25820,16880,14675,15780,15915,0,16035,0,0,0,2017-04-20,75697000,16075,5,0,0,0,0,0,0,0,0,16100,1,0,0,0,0,0,0,0,0
190,2017-04-19,21:01:37,500,pb1705,XSGE,16080,15990,16080,792,63515150,25826,25820,16880,14675,15780,15915,0,16035,0,0,0,2017-04-20,75697500,16075,5,0,0,0,0,0,0,0,0,16095,3,0,0,0,0,0,0,0,0
191,2017-04-19,21:01:38,0,pb1705,XSGE,16080,15990,16080,792,63515150,25826,25820,16880,14675,15780,15915,0,16035,0,0,0,2017-04-20,75698000,16080,10,0,0,0,0,0,0,0,0,16090,2,0,0,0,0,0,0,0,0
192,2017-04-19,21:01:38,500,pb1705,XSGE,16080,15990,16080,792,63515150,25826,25820,16880,14675,15780,15915,0,16035,0,0,0,2017-04-20,75698500,16080,15,0,0,0,0,0,0,0,0,16090,3,0,0,0,0,0,0,0,0
193,2017-04-19,21:01:39,0,pb1705,XSGE,16095,15990,16095,794,63676100,25826,25820,16880,14675,15780,15915,0,16035,0,0,0,2017-04-20,75699000,16080,15,0,0,0,0,0,0,0,0,16095,4,0,0,0,0,0,0,0,0
194,2017-04-19,21:01:39,500,pb1705,XSGE,16095,15990,16095,794,63676100,25826,25820,16880,14675,15780,15915,0,16035,0,0,0,2017-04-20,75699500,16080,15,0,0,0,0,0,0,0,0,16095,4,0,0,0,0,0,0,0,0
195,2017-04-19,21:01:40,0,pb1705,XSGE,16105,15990,16105,802,64320050,25824,25820,16880,14675,15780,15915,0,16035,0,0,0,2017-04-20,75700000,16095,1,0,0,0,0,0,0,0,0,16120,4,0,0,0,0,0,0,0,0
196,2017-04-19,21:01:40,500,pb1705,XSGE,16095,15990,16110,808,64803050,25818,25820,16880,14675,15780,15915,0,16035,0,0,0,2017-04-20,75700500,16095,4,0,0,0,0,0,0,0,0,16105,3,0,0,0,0,0,0,0,0
197,2017-04-19,21:01:41,0,pb1705,XSGE,16095,15990,16110,812,65124950,25814,25820,16880,14675,15780,15915,0,16035,0,0,0,2017-04-20,75701000,16095,3,0,0,0,0,0,0,0,0,16100,1,0,0,0,0,0,0,0,0
198,2017-04-19,21:01:41,500,pb1705,XSGE,16095,15990,16110,812,65124950,25814,25820,16880,14675,15780,15915,0,16035,0,0,0,2017-04-20,75701500,16095,2,0,0,0,0,0,0,0,0,16100,1,0,0,0,0,0,0,0,0
199,2017-04-19,21:01:42,0,pb1705,XSGE,16095,15990,16110,814,65285900,25814,25820,16880,14675,15780,15915,0,16035,0,0,0,2017-04-20,75702000,16095,1,0,0,0,0,0,0,0,0,16100,2,0,0,0,0,0,0,0,0
200,2017-04-19,21:01:42,500,pb1705,XSGE,16095,15990,16110,816,65446850,25812,25820,16880,14675,15780,15915,0,16035,0,0,0,2017-04-20,75702500,16090,1,0,0,0,0,0,0,0,0,16095,3,0,0,0,0,0,0,0,0
201,2017-04-19,21:01:43,0,pb1705,XSGE,16100,15990,16110,820,65768800,25812,25820,16880,14675,15780,15915,0,16035,0,0,0,2017-04-20,75703000,16095,14,0,0,0,0,0,0,0,0,16120,5,0,0,0,0,0,0,0,0
202,2017-04-19,21:01:43,500,pb1705,XSGE,16100,15990,16110,820,65768800,25812,25820,16880,14675,15780,15915,0,16035,0,0,0,2017-04-20,75703500,16095,15,0,0,0,0,0,0,0,0,16120,6,0,0,0,0,0,0,0,0
203,2017-04-19,21:01:44,0,pb1705,XSGE,16115,15990,16115,822,65929950,25812,25820,16880,14675,15780,15915,0,16035,0,0,0,2017-04-20,75704000,16095,13,0,0,0,0,0,0,0,0,16115,2,0,0,0,0,0,0,0,0
204,2017-04-19,21:01:44,500,pb1705,XSGE,16100,15990,16115,828,66413100,25812,25820,16880,14675,15780,15915,0,16035,0,0,0,2017-04-20,75704500,16100,1,0,0,0,0,0,0,0,0,16105,1,0,0,0,0,0,0,0,0
205,2017-04-19,21:01:45,0,pb1705,XSGE,16100,15990,16115,842,67539900,25812,25820,16880,14675,15780,15915,0,16035,0,0,0,2017-04-20,75705000,16095,8,0,0,0,0,0,0,0,0,16100,11,0,0,0,0,0,0,0,0
206,2017-04-19,21:01:45,500,pb1705,XSGE,16100,15990,16115,858,68827550,25814,25820,16880,14675,15780,15915,0,16035,0,0,0,2017-04-20,75705500,16095,1,0,0,0,0,0,0,0,0,16100,1,0,0,0,0,0,0,0,0
207,2017-04-19,21:01:46,0,pb1705,XSGE,16095,15990,16115,862,69149450,25818,25820,16880,14675,15780,15915,0,16035,0,0,0,2017-04-20,75706000,16090,2,0,0,0,0,0,0,0,0,16095,2,0,0,0,0,0,0,0,0
208,2017-04-19,21:01:46,500,pb1705,XSGE,16095,15990,16115,862,69149450,25818,25820,16880,14675,15780,15915,0,16035,0,0,0,2017-04-20,75706500,16060,10,0,0,0,0,0,0,0,0,16090,1,0,0,0,0,0,0,0,0
209,2017-04-19,21:01:47,0,pb1705,XSGE,16080,15990,16115,866,69471150,25818,25820,16880,14675,15780,15915,0,16035,0,0,0,2017-04-20,75707000,16075,8,0,0,0,0,0,0,0,0,16090,2,0,0,0,0,0,0,0,0
210,2017-04-19,21:01:47,500,pb1705,XSGE,16100,15990,16115,876,70275850,25818,25820,16880,14675,15780,15915,0,16035,0,0,0,2017-04-20,75707500,16100,16,0,0,0,0,0,0,0,0,16110,2,0,0,0,0,0,0,0,0
211,2017-04-19,21:01:48,0,pb1705,XSGE,16105,15990,16115,880,70597900,25816,25820,16880,14675,15780,15915,0,16035,0,0,0,2017-04-20,75708000,16100,15,0,0,0,0,0,0,0,0,16105,3,0,0,0,0,0,0,0,0
212,2017-04-19,21:01:48,500,pb1705,XSGE,16105,15990,16115,884,70919950,25814,25820,16880,14675,15780,15915,0,16035,0,0,0,2017-04-20,75708500,16100,14,0,0,0,0,0,0,0,0,16105,1,0,0,0,0,0,0,0,0
213,2017-04-19,21:01:49,500,pb1705,XSGE,16100,15990,16115,888,71241950,25810,25820,16880,14675,15780,15915,0,16035,0,0,0,2017-04-20,75709500,16100,12,0,0,0,0,0,0,0,0,16105,1,0,0,0,0,0,0,0,0
214,2017-04-19,21:01:50,0,pb1705,XSGE,16100,15990,16115,890,71402950,25808,25820,16880,14675,15780,15915,0,16035,0,0,0,2017-04-20,75710000,16100,11,0,0,0,0,0,0,0,0,16105,1,0,0,0,0,0,0,0,0
215,2017-04-19,21:01:50,500,pb1705,XSGE,16100,15990,16115,892,71563950,25806,25820,16880,14675,15780,15915,0,16035,0,0,0,2017-04-20,75710500,16100,10,0,0,0,0,0,0,0,0,16105,2,0,0,0,0,0,0,0,0
216,2017-04-19,21:01:51,0,pb1705,XSGE,16105,15990,16115,894,71725000,25804,25820,16880,14675,15780,15915,0,16035,0,0,0,2017-04-20,75711000,16105,9,0,0,0,0,0,0,0,0,16110,5,0,0,0,0,0,0,0,0
217,2017-04-19,21:01:51,500,pb1705,XSGE,16105,15990,16115,896,71886050,25802,25820,16880,14675,15780,15915,0,16035,0,0,0,2017-04-20,75711500,16105,8,0,0,0,0,0,0,0,0,16110,6,0,0,0,0,0,0,0,0
218,2017-04-19,21:01:52,0,pb1705,XSGE,16105,15990,16115,900,72208150,25798,25820,16880,14675,15780,15915,0,16035,0,0,0,2017-04-20,75712000,16105,6,0,0,0,0,0,0,0,0,16110,6,0,0,0,0,0,0,0,0
219,2017-04-19,21:01:52,500,pb1705,XSGE,16105,15990,16115,912,73174450,25790,25820,16880,14675,15780,15915,0,16035,0,0,0,2017-04-20,75712500,16100,10,0,0,0,0,0,0,0,0,16110,11,0,0,0,0,0,0,0,0
220,2017-04-19,21:01:53,0,pb1705,XSGE,16105,15990,16115,912,73174450,25790,25820,16880,14675,15780,15915,0,16035,0,0,0,2017-04-20,75713000,16100,10,0,0,0,0,0,0,0,0,16105,3,0,0,0,0,0,0,0,0
221,2017-04-19,21:01:53,500,pb1705,XSGE,16100,15990,16115,916,73496450,25790,25820,16880,14675,15780,15915,0,16035,0,0,0,2017-04-20,75713500,16100,8,0,0,0,0,0,0,0,0,16105,7,0,0,0,0,0,0,0,0
222,2017-04-19,21:01:54,0,pb1705,XSGE,16100,15990,16115,916,73496450,25790,25820,16880,14675,15780,15915,0,16035,0,0,0,2017-04-20,75714000,16100,8,0,0,0,0,0,0,0,0,16105,3,0,0,0,0,0,0,0,0
223,2017-04-19,21:01:54,500,pb1705,XSGE,16105,15990,16115,922,73979600,25790,25820,16880,14675,15780,15915,0,16035,0,0,0,2017-04-20,75714500,16100,8,0,0,0,0,0,0,0,0,16110,4,0,0,0,0,0,0,0,0
224,2017-04-19,21:01:55,0,pb1705,XSGE,16105,15990,16115,922,73979600,25790,25820,16880,14675,15780,15915,0,16035,0,0,0,2017-04-20,75715000,16100,8,0,0,0,0,0,0,0,0,16105,1,0,0,0,0,0,0,0,0
225,2017-04-19,21:01:57,0,pb1705,XSGE,16105,15990,16115,922,73979600,25790,25820,16880,14675,15780,15915,0,16035,0,0,0,2017-04-20,75717000,16100,8,0,0,0,0,0,0,0,0,16105,2,0,0,0,0,0,0,0,0
226,2017-04-19,21:01:57,500,pb1705,XSGE,16100,15990,16115,938,75267600,25782,25820,16880,14675,15780,15915,0,16035,0,0,0,2017-04-20,75717500,16080,1,0,0,0,0,0,0,0,0,16105,1,0,0,0,0,0,0,0,0
227,2017-04-19,21:01:58,0,pb1705,XSGE,16100,15990,16115,938,75267600,25782,25820,16880,14675,15780,15915,0,16035,0,0,0,2017-04-20,75718000,16085,1,0,0,0,0,0,0,0,0,16105,7,0,0,0,0,0,0,0,0
228,2017-04-19,21:01:58,500,pb1705,XSGE,16100,15990,16115,938,75267600,25782,25820,16880,14675,15780,15915,0,16035,0,0,0,2017-04-20,75718500,16090,2,0,0,0,0,0,0,0,0,16105,1,0,0,0,0,0,0,0,0
229,2017-04-19,21:01:59,0,pb1705,XSGE,16100,15990,16115,938,75267600,25782,25820,16880,14675,15780,15915,0,16035,0,0,0,2017-04-20,75719000,16090,2,0,0,0,0,0,0,0,0,16105,2,0,0,0,0,0,0,0,0
230,2017-04-19,21:01:59,500,pb1705,XSGE,16090,15990,16115,940,75428500,25784,25820,16880,14675,15780,15915,0,16035,0,0,0,2017-04-20,75719500,16085,3,0,0,0,0,0,0,0,0,16100,10,0,0,0,0,0,0,0,0
231,2017-04-19,21:02:00,0,pb1705,XSGE,16090,15990,16115,940,75428500,25784,25820,16880,14675,15780,15915,0,16035,0,0,0,2017-04-20,75720000,16085,3,0,0,0,0,0,0,0,0,16100,11,0,0,0,0,0,0,0,0
232,2017-04-19,21:02:00,500,pb1705,XSGE,16090,15990,16115,950,76232850,25784,25820,16880,14675,15780,15915,0,16035,0,0,0,2017-04-20,75720500,16080,2,0,0,0,0,0,0,0,0,16100,10,0,0,0,0,0,0,0,0
233,2017-04-19,21:02:01,0,pb1705,XSGE,16090,15990,16115,950,76232850,25784,25820,16880,14675,15780,15915,0,16035,0,0,0,2017-04-20,75721000,16080,3,0,0,0,0,0,0,0,0,16100,10,0,0,0,0,0,0,0,0
234,2017-04-19,21:02:01,500,pb1705,XSGE,16090,15990,16115,950,76232850,25784,25820,16880,14675,15780,15915,0,16035,0,0,0,2017-04-20,75721500,16080,3,0,0,0,0,0,0,0,0,16100,11,0,0,0,0,0,0,0,0
235,2017-04-19,21:02:02,0,pb1705,XSGE,16090,15990,16115,950,76232850,25784,25820,16880,14675,15780,15915,0,16035,0,0,0,2017-04-20,75722000,16080,3,0,0,0,0,0,0,0,0,16100,11,0,0,0,0,0,0,0,0
236,2017-04-19,21:02:02,500,pb1705,XSGE,16090,15990,16115,950,76232850,25784,25820,16880,14675,15780,15915,0,16035,0,0,0,2017-04-20,75722500,16080,3,0,0,0,0,0,0,0,0,16100,12,0,0,0,0,0,0,0,0
237,2017-04-19,21:02:03,0,pb1705,XSGE,16090,15990,16115,950,76232850,25784,25820,16880,14675,15780,15915,0,16035,0,0,0,2017-04-20,75723000,16080,5,0,0,0,0,0,0,0,0,16100,11,0,0,0,0,0,0,0,0
238,2017-04-19,21:02:03,500,pb1705,XSGE,16090,15990,16115,950,76232850,25784,25820,16880,14675,15780,15915,0,16035,0,0,0,2017-04-20,75723500,16080,3,0,0,0,0,0,0,0,0,16100,13,0,0,0,0,0,0,0,0
239,2017-04-19,21:02:04,500,pb1705,XSGE,16090,15990,16115,950,76232850,25784,25820,16880,14675,15780,15915,0,16035,0,0,0,2017-04-20,75724500,16085,1,0,0,0,0,0,0,0,0,16095,1,0,0,0,0,0,0,0,0
240,2017-04-19,21:02:05,0,pb1705,XSGE,16090,15990,16115,950,76232850,25784,25820,16880,14675,15780,15915,0,16035,0,0,0,2017-04-20,75725000,16085,1,0,0,0,0,0,0,0,0,16095,1,0,0,0,0,0,0,0,0
241,2017-04-19,21:02:06,0,pb1705,XSGE,16080,15990,16115,958,76876100,25792,25820,16880,14675,15780,15915,0,16035,0,0,0,2017-04-20,75726000,16080,1,0,0,0,0,0,0,0,0,16085,2,0,0,0,0,0,0,0,0
242,2017-04-19,21:02:06,500,pb1705,XSGE,16080,15990,16115,958,76876100,25792,25820,16880,14675,15780,15915,0,16035,0,0,0,2017-04-20,75726500,16080,1,0,0,0,0,0,0,0,0,16085,4,0,0,0,0,0,0,0,0
243,2017-04-19,21:02:07,0,pb1705,XSGE,16080,15990,16115,960,77036900,25794,25820,16880,14675,15780,15915,0,16035,0,0,0,2017-04-20,75727000,16075,2,0,0,0,0,0,0,0,0,16085,4,0,0,0,0,0,0,0,0
244,2017-04-19,21:02:07,500,pb1705,XSGE,16080,15990,16115,960,77036900,25794,25820,16880,14675,15780,15915,0,16035,0,0,0,2017-04-20,75727500,16075,4,0,0,0,0,0,0,0,0,16085,6,0,0,0,0,0,0,0,0
245,2017-04-19,21:02:08,0,pb1705,XSGE,16080,15990,16115,960,77036900,25794,25820,16880,14675,15780,15915,0,16035,0,0,0,2017-04-20,75728000,16080,1,0,0,0,0,0,0,0,0,16085,6,0,0,0,0,0,0,0,0
246,2017-04-19,21:02:08,500,pb1705,XSGE,16080,15990,16115,962,77197700,25792,25820,16880,14675,15780,15915,0,16035,0,0,0,2017-04-20,75728500,16075,2,0,0,0,0,0,0,0,0,16080,1,0,0,0,0,0,0,0,0
247,2017-04-19,21:02:09,0,pb1705,XSGE,16080,15990,16115,962,77197700,25792,25820,16880,14675,15780,15915,0,16035,0,0,0,2017-04-20,75729000,16075,2,0,0,0,0,0,0,0,0,16080,1,0,0,0,0,0,0,0,0
248,2017-04-19,21:02:10,0,pb1705,XSGE,16075,15990,16115,964,77358450,25794,25820,16880,14675,15780,15915,0,16035,0,0,0,2017-04-20,75730000,16075,1,0,0,0,0,0,0,0,0,16080,1,0,0,0,0,0,0,0,0
249,2017-04-19,21:02:10,500,pb1705,XSGE,16075,15990,16115,964,77358450,25794,25820,16880,14675,15780,15915,0,16035,0,0,0,2017-04-20,75730500,16075,1,0,0,0,0,0,0,0,0,16080,1,0,0,0,0,0,0,0,0
250,2017-04-19,21:02:11,0,pb1705,XSGE,16075,15990,16115,966,77519200,25794,25820,16880,14675,15780,15915,0,16035,0,0,0,2017-04-20,75731000,16070,1,0,0,0,0,0,0,0,0,16080,2,0,0,0,0,0,0,0,0
251,2017-04-19,21:02:12,0,pb1705,XSGE,16075,15990,16115,966,77519200,25794,25820,16880,14675,15780,15915,0,16035,0,0,0,2017-04-20,75732000,16070,1,0,0,0,0,0,0,0,0,16080,4,0,0,0,0,0,0,0,0
252,2017-04-19,21:02:13,0,pb1705,XSGE,16080,15990,16115,968,77680000,25794,25820,16880,14675,15780,15915,0,16035,0,0,0,2017-04-20,75733000,16050,10,0,0,0,0,0,0,0,0,16080,3,0,0,0,0,0,0,0,0
253,2017-04-19,21:02:13,500,pb1705,XSGE,16080,15990,16115,968,77680000,25794,25820,16880,14675,15780,15915,0,16035,0,0,0,2017-04-20,75733500,16060,3,0,0,0,0,0,0,0,0,16080,3,0,0,0,0,0,0,0,0
254,2017-04-19,21:02:14,0,pb1705,XSGE,16080,15990,16115,970,77840800,25792,25820,16880,14675,15780,15915,0,16035,0,0,0,2017-04-20,75734000,16065,1,0,0,0,0,0,0,0,0,16080,3,0,0,0,0,0,0,0,0
255,2017-04-19,21:02:15,500,pb1705,XSGE,16080,15990,16115,970,77840800,25792,25820,16880,14675,15780,15915,0,16035,0,0,0,2017-04-20,75735500,16065,1,0,0,0,0,0,0,0,0,16080,3,0,0,0,0,0,0,0,0
256,2017-04-19,21:02:16,0,pb1705,XSGE,16065,15990,16115,972,78001450,25794,25820,16880,14675,15780,15915,0,16035,0,0,0,2017-04-20,75736000,16055,3,0,0,0,0,0,0,0,0,16080,3,0,0,0,0,0,0,0,0
257,2017-04-19,21:02:16,500,pb1705,XSGE,16065,15990,16115,972,78001450,25794,25820,16880,14675,15780,15915,0,16035,0,0,0,2017-04-20,75736500,16065,1,0,0,0,0,0,0,0,0,16075,1,0,0,0,0,0,0,0,0
258,2017-04-19,21:02:17,0,pb1705,XSGE,16065,15990,16115,972,78001450,25794,25820,16880,14675,15780,15915,0,16035,0,0,0,2017-04-20,75737000,16065,1,0,0,0,0,0,0,0,0,16075,5,0,0,0,0,0,0,0,0
259,2017-04-19,21:02:17,500,pb1705,XSGE,16075,15990,16115,974,78162200,25794,25820,16880,14675,15780,15915,0,16035,0,0,0,2017-04-20,75737500,16065,1,0,0,0,0,0,0,0,0,16075,3,0,0,0,0,0,0,0,0
260,2017-04-19,21:02:18,0,pb1705,XSGE,16075,15990,16115,974,78162200,25794,25820,16880,14675,15780,15915,0,16035,0,0,0,2017-04-20,75738000,16065,1,0,0,0,0,0,0,0,0,16070,1,0,0,0,0,0,0,0,0
261,2017-04-19,21:02:19,0,pb1705,XSGE,16075,15990,16115,974,78162200,25794,25820,16880,14675,15780,15915,0,16035,0,0,0,2017-04-20,75739000,16055,3,0,0,0,0,0,0,0,0,16065,1,0,0,0,0,0,0,0,0
262,2017-04-19,21:02:19,500,pb1705,XSGE,16075,15990,16115,974,78162200,25794,25820,16880,14675,15780,15915,0,16035,0,0,0,2017-04-20,75739500,16060,1,0,0,0,0,0,0,0,0,16065,4,0,0,0,0,0,0,0,0
263,2017-04-19,21:02:20,0,pb1705,XSGE,16075,15990,16115,974,78162200,25794,25820,16880,14675,15780,15915,0,16035,0,0,0,2017-04-20,75740000,16060,1,0,0,0,0,0,0,0,0,16065,4,0,0,0,0,0,0,0,0
264,2017-04-19,21:02:20,500,pb1705,XSGE,16065,15990,16115,978,78483500,25794,25820,16880,14675,15780,15915,0,16035,0,0,0,2017-04-20,75740500,16060,2,0,0,0,0,0,0,0,0,16065,2,0,0,0,0,0,0,0,0
265,2017-04-19,21:02:21,0,pb1705,XSGE,16065,15990,16115,982,78804800,25794,25820,16880,14675,15780,15915,0,16035,0,0,0,2017-04-20,75741000,16060,2,0,0,0,0,0,0,0,0,16070,1,0,0,0,0,0,0,0,0
266,2017-04-19,21:02:21,500,pb1705,XSGE,16065,15990,16115,982,78804800,25794,25820,16880,14675,15780,15915,0,16035,0,0,0,2017-04-20,75741500,16060,2,0,0,0,0,0,0,0,0,16065,1,0,0,0,0,0,0,0,0
267,2017-04-19,21:02:22,0,pb1705,XSGE,16065,15990,16115,982,78804800,25794,25820,16880,14675,15780,15915,0,16035,0,0,0,2017-04-20,75742000,16060,2,0,0,0,0,0,0,0,0,16065,1,0,0,0,0,0,0,0,0
268,2017-04-19,21:02:23,0,pb1705,XSGE,16065,15990,16115,984,78965450,25792,25820,16880,14675,15780,15915,0,16035,0,0,0,2017-04-20,75743000,16060,1,0,0,0,0,0,0,0,0,16070,1,0,0,0,0,0,0,0,0
269,2017-04-19,21:02:24,0,pb1705,XSGE,16070,15990,16115,986,79126150,25792,25820,16880,14675,15780,15915,0,16035,0,0,0,2017-04-20,75744000,16060,1,0,0,0,0,0,0,0,0,16075,1,0,0,0,0,0,0,0,0
270,2017-04-19,21:02:25,0,pb1705,XSGE,16070,15990,16115,986,79126150,25792,25820,16880,14675,15780,15915,0,16035,0,0,0,2017-04-20,75745000,16060,2,0,0,0,0,0,0,0,0,16075,2,0,0,0,0,0,0,0,0
271,2017-04-19,21:02:26,0,pb1705,XSGE,16070,15990,16115,986,79126150,25792,25820,16880,14675,15780,15915,0,16035,0,0,0,2017-04-20,75746000,16060,2,0,0,0,0,0,0,0,0,16075,1,0,0,0,0,0,0,0,0
272,2017-04-19,21:02:26,500,pb1705,XSGE,16070,15990,16115,986,79126150,25792,25820,16880,14675,15780,15915,0,16035,0,0,0,2017-04-20,75746500,16060,2,0,0,0,0,0,0,0,0,16075,3,0,0,0,0,0,0,0,0
273,2017-04-19,21:02:28,500,pb1705,XSGE,16070,15990,16115,986,79126150,25792,25820,16880,14675,15780,15915,0,16035,0,0,0,2017-04-20,75748500,16060,3,0,0,0,0,0,0,0,0,16075,3,0,0,0,0,0,0,0,0
274,2017-04-19,21:02:29,0,pb1705,XSGE,16070,15990,16115,986,79126150,25792,25820,16880,14675,15780,15915,0,16035,0,0,0,2017-04-20,75749000,16060,4,0,0,0,0,0,0,0,0,16075,3,0,0,0,0,0,0,0,0
275,2017-04-19,21:02:29,500,pb1705,XSGE,16070,15990,16115,986,79126150,25792,25820,16880,14675,15780,15915,0,16035,0,0,0,2017-04-20,75749500,16060,2,0,0,0,0,0,0,0,0,16075,3,0,0,0,0,0,0,0,0
276,2017-04-19,21:02:30,0,pb1705,XSGE,16070,15990,16115,986,79126150,25792,25820,16880,14675,15780,15915,0,16035,0,0,0,2017-04-20,75750000,16060,3,0,0,0,0,0,0,0,0,16075,3,0,0,0,0,0,0,0,0
277,2017-04-19,21:02:30,500,pb1705,XSGE,16070,15990,16115,986,79126150,25792,25820,16880,14675,15780,15915,0,16035,0,0,0,2017-04-20,75750500,16060,2,0,0,0,0,0,0,0,0,16075,3,0,0,0,0,0,0,0,0
278,2017-04-19,21:02:31,0,pb1705,XSGE,16070,15990,16115,986,79126150,25792,25820,16880,14675,15780,15915,0,16035,0,0,0,2017-04-20,75751000,16060,2,0,0,0,0,0,0,0,0,16075,3,0,0,0,0,0,0,0,0
279,2017-04-19,21:02:32,0,pb1705,XSGE,16070,15990,16115,986,79126150,25792,25820,16880,14675,15780,15915,0,16035,0,0,0,2017-04-20,75752000,16060,2,0,0,0,0,0,0,0,0,16075,6,0,0,0,0,0,0,0,0
280,2017-04-19,21:02:34,0,pb1705,XSGE,16070,15990,16115,986,79126150,25792,25820,16880,14675,15780,15915,0,16035,0,0,0,2017-04-20,75754000,16060,2,0,0,0,0,0,0,0,0,16075,7,0,0,0,0,0,0,0,0
281,2017-04-19,21:02:36,0,pb1705,XSGE,16070,15990,16115,986,79126150,25792,25820,16880,14675,15780,15915,0,16035,0,0,0,2017-04-20,75756000,16060,2,0,0,0,0,0,0,0,0,16075,8,0,0,0,0,0,0,0,0
282,2017-04-19,21:02:38,0,pb1705,XSGE,16060,15990,16115,990,79447350,25792,25820,16880,14675,15780,15915,0,16035,0,0,0,2017-04-20,75758000,16055,3,0,0,0,0,0,0,0,0,16075,8,0,0,0,0,0,0,0,0
283,2017-04-19,21:02:38,500,pb1705,XSGE,16060,15990,16115,992,79607950,25792,25820,16880,14675,15780,15915,0,16035,0,0,0,2017-04-20,75758500,16055,3,0,0,0,0,0,0,0,0,16060,1,0,0,0,0,0,0,0,0
284,2017-04-19,21:02:39,0,pb1705,XSGE,16060,15990,16115,1000,80250350,25798,25820,16880,14675,15780,15915,0,16035,0,0,0,2017-04-20,75759000,16055,3,0,0,0,0,0,0,0,0,16070,1,0,0,0,0,0,0,0,0
285,2017-04-19,21:02:40,0,pb1705,XSGE,16060,15990,16115,1000,80250350,25798,25820,16880,14675,15780,15915,0,16035,0,0,0,2017-04-20,75760000,16055,3,0,0,0,0,0,0,0,0,16070,2,0,0,0,0,0,0,0,0
286,2017-04-19,21:02:40,500,pb1705,XSGE,16060,15990,16115,1000,80250350,25798,25820,16880,14675,15780,15915,0,16035,0,0,0,2017-04-20,75760500,16055,3,0,0,0,0,0,0,0,0,16070,2,0,0,0,0,0,0,0,0
287,2017-04-19,21:02:42,500,pb1705,XSGE,16060,15990,16115,1000,80250350,25798,25820,16880,14675,15780,15915,0,16035,0,0,0,2017-04-20,75762500,16055,3,0,0,0,0,0,0,0,0,16065,1,0,0,0,0,0,0,0,0
288,2017-04-19,21:02:43,0,pb1705,XSGE,16060,15990,16115,1000,80250350,25798,25820,16880,14675,15780,15915,0,16035,0,0,0,2017-04-20,75763000,16060,2,0,0,0,0,0,0,0,0,16065,4,0,0,0,0,0,0,0,0
289,2017-04-19,21:02:43,500,pb1705,XSGE,16060,15990,16115,1004,80571550,25798,25820,16880,14675,15780,15915,0,16035,0,0,0,2017-04-20,75763500,16055,3,0,0,0,0,0,0,0,0,16065,7,0,0,0,0,0,0,0,0
290,2017-04-19,21:02:44,0,pb1705,XSGE,16060,15990,16115,1004,80571550,25798,25820,16880,14675,15780,15915,0,16035,0,0,0,2017-04-20,75764000,16055,2,0,0,0,0,0,0,0,0,16065,7,0,0,0,0,0,0,0,0
291,2017-04-19,21:02:44,500,pb1705,XSGE,16060,15990,16115,1004,80571550,25798,25820,16880,14675,15780,15915,0,16035,0,0,0,2017-04-20,75764500,16055,2,0,0,0,0,0,0,0,0,16065,7,0,0,0,0,0,0,0,0
292,2017-04-19,21:02:45,0,pb1705,XSGE,16060,15990,16115,1004,80571550,25798,25820,16880,14675,15780,15915,0,16035,0,0,0,2017-04-20,75765000,16055,2,0,0,0,0,0,0,0,0,16065,8,0,0,0,0,0,0,0,0
293,2017-04-19,21:02:45,500,pb1705,XSGE,16060,15990,16115,1004,80571550,25798,25820,16880,14675,15780,15915,0,16035,0,0,0,2017-04-20,75765500,16040,3,0,0,0,0,0,0,0,0,16065,8,0,0,0,0,0,0,0,0
294,2017-04-19,21:02:46,0,pb1705,XSGE,16060,15990,16115,1004,80571550,25798,25820,16880,14675,15780,15915,0,16035,0,0,0,2017-04-20,75766000,16045,3,0,0,0,0,0,0,0,0,16065,8,0,0,0,0,0,0,0,0
295,2017-04-19,21:02:46,500,pb1705,XSGE,16060,15990,16115,1004,80571550,25798,25820,16880,14675,15780,15915,0,16035,0,0,0,2017-04-20,75766500,16040,4,0,0,0,0,0,0,0,0,16065,10,0,0,0,0,0,0,0,0
296,2017-04-19,21:02:47,0,pb1705,XSGE,16060,15990,16115,1004,80571550,25798,25820,16880,14675,15780,15915,0,16035,0,0,0,2017-04-20,75767000,16045,2,0,0,0,0,0,0,0,0,16065,10,0,0,0,0,0,0,0,0
297,2017-04-19,21:02:47,500,pb1705,XSGE,16060,15990,16115,1004,80571550,25798,25820,16880,14675,15780,15915,0,16035,0,0,0,2017-04-20,75767500,16040,3,0,0,0,0,0,0,0,0,16065,10,0,0,0,0,0,0,0,0
298,2017-04-19,21:02:48,0,pb1705,XSGE,16060,15990,16115,1004,80571550,25798,25820,16880,14675,15780,15915,0,16035,0,0,0,2017-04-20,75768000,16045,2,0,0,0,0,0,0,0,0,16065,10,0,0,0,0,0,0,0,0
299,2017-04-19,21:02:48,500,pb1705,XSGE,16060,15990,16115,1004,80571550,25798,25820,16880,14675,15780,15915,0,16035,0,0,0,2017-04-20,75768500,16040,3,0,0,0,0,0,0,0,0,16065,10,0,0,0,0,0,0,0,0
300,2017-04-19,21:02:49,0,pb1705,XSGE,16060,15990,16115,1004,80571550,25798,25820,16880,14675,15780,15915,0,16035,0,0,0,2017-04-20,75769000,16040,5,0,0,0,0,0,0,0,0,16065,10,0,0,0,0,0,0,0,0
301,2017-04-19,21:02:49,500,pb1705,XSGE,16060,15990,16115,1004,80571550,25798,25820,16880,14675,15780,15915,0,16035,0,0,0,2017-04-20,75769500,16040,5,0,0,0,0,0,0,0,0,16065,11,0,0,0,0,0,0,0,0
302,2017-04-19,21:02:50,0,pb1705,XSGE,16065,15990,16115,1006,80732200,25796,25820,16880,14675,15780,15915,0,16035,0,0,0,2017-04-20,75770000,16045,2,0,0,0,0,0,0,0,0,16065,10,0,0,0,0,0,0,0,0
303,2017-04-19,21:02:50,500,pb1705,XSGE,16065,15990,16115,1006,80732200,25796,25820,16880,14675,15780,15915,0,16035,0,0,0,2017-04-20,75770500,16040,5,0,0,0,0,0,0,0,0,16065,10,0,0,0,0,0,0,0,0
304,2017-04-19,21:02:51,0,pb1705,XSGE,16065,15990,16115,1006,80732200,25796,25820,16880,14675,15780,15915,0,16035,0,0,0,2017-04-20,75771000,16040,6,0,0,0,0,0,0,0,0,16065,10,0,0,0,0,0,0,0,0
305,2017-04-19,21:02:52,0,pb1705,XSGE,16065,15990,16115,1006,80732200,25796,25820,16880,14675,15780,15915,0,16035,0,0,0,2017-04-20,75772000,16045,3,0,0,0,0,0,0,0,0,16065,9,0,0,0,0,0,0,0,0
306,2017-04-19,21:02:52,500,pb1705,XSGE,16065,15990,16115,1006,80732200,25796,25820,16880,14675,15780,15915,0,16035,0,0,0,2017-04-20,75772500,16045,4,0,0,0,0,0,0,0,0,16065,9,0,0,0,0,0,0,0,0
307,2017-04-19,21:02:53,0,pb1705,XSGE,16065,15990,16115,1006,80732200,25796,25820,16880,14675,15780,15915,0,16035,0,0,0,2017-04-20,75773000,16045,5,0,0,0,0,0,0,0,0,16065,9,0,0,0,0,0,0,0,0
308,2017-04-19,21:02:53,500,pb1705,XSGE,16065,15990,16115,1006,80732200,25796,25820,16880,14675,15780,15915,0,16035,0,0,0,2017-04-20,75773500,16045,5,0,0,0,0,0,0,0,0,16065,9,0,0,0,0,0,0,0,0
309,2017-04-19,21:02:55,0,pb1705,XSGE,16065,15990,16115,1006,80732200,25796,25820,16880,14675,15780,15915,0,16035,0,0,0,2017-04-20,75775000,16045,7,0,0,0,0,0,0,0,0,16065,9,0,0,0,0,0,0,0,0
310,2017-04-19,21:02:58,0,pb1705,XSGE,16065,15990,16115,1006,80732200,25796,25820,16880,14675,15780,15915,0,16035,0,0,0,2017-04-20,75778000,16045,7,0,0,0,0,0,0,0,0,16065,12,0,0,0,0,0,0,0,0
311,2017-04-19,21:02:58,500,pb1705,XSGE,16065,15990,16115,1006,80732200,25796,25820,16880,14675,15780,15915,0,16035,0,0,0,2017-04-20,75778500,16045,7,0,0,0,0,0,0,0,0,16065,13,0,0,0,0,0,0,0,0
312,2017-04-19,21:03:00,500,pb1705,XSGE,16065,15990,16115,1006,80732200,25796,25820,16880,14675,15780,15915,0,16035,0,0,0,2017-04-20,75780500,16045,7,0,0,0,0,0,0,0,0,16065,13,0,0,0,0,0,0,0,0
313,2017-04-19,21:03:01,0,pb1705,XSGE,16065,15990,16115,1006,80732200,25796,25820,16880,14675,15780,15915,0,16035,0,0,0,2017-04-20,75781000,16045,7,0,0,0,0,0,0,0,0,16065,12,0,0,0,0,0,0,0,0
314,2017-04-19,21:03:04,0,pb1705,XSGE,16065,15990,16115,1006,80732200,25796,25820,16880,14675,15780,15915,0,16035,0,0,0,2017-04-20,75784000,16045,7,0,0,0,0,0,0,0,0,16065,12,0,0,0,0,0,0,0,0
315,2017-04-19,21:03:05,500,pb1705,XSGE,16065,15990,16115,1006,80732200,25796,25820,16880,14675,15780,15915,0,16035,0,0,0,2017-04-20,75785500,16045,7,0,0,0,0,0,0,0,0,16065,13,0,0,0,0,0,0,0,0
316,2017-04-19,21:03:07,500,pb1705,XSGE,16065,15990,16115,1006,80732200,25796,25820,16880,14675,15780,15915,0,16035,0,0,0,2017-04-20,75787500,16050,1,0,0,0,0,0,0,0,0,16065,13,0,0,0,0,0,0,0,0
317,2017-04-19,21:03:08,500,pb1705,XSGE,16065,15990,16115,1006,80732200,25796,25820,16880,14675,15780,15915,0,16035,0,0,0,2017-04-20,75788500,16050,1,0,0,0,0,0,0,0,0,16065,12,0,0,0,0,0,0,0,0
318,2017-04-19,21:03:09,0,pb1705,XSGE,16065,15990,16115,1006,80732200,25796,25820,16880,14675,15780,15915,0,16035,0,0,0,2017-04-20,75789000,16055,1,0,0,0,0,0,0,0,0,16065,10,0,0,0,0,0,0,0,0
319,2017-04-19,21:03:09,500,pb1705,XSGE,16065,15990,16115,1006,80732200,25796,25820,16880,14675,15780,15915,0,16035,0,0,0,2017-04-20,75789500,16060,1,0,0,0,0,0,0,0,0,16065,9,0,0,0,0,0,0,0,0
320,2017-04-19,21:03:10,0,pb1705,XSGE,16065,15990,16115,1006,80732200,25796,25820,16880,14675,15780,15915,0,16035,0,0,0,2017-04-20,75790000,16060,1,0,0,0,0,0,0,0,0,16065,11,0,0,0,0,0,0,0,0
321,2017-04-19,21:03:11,0,pb1705,XSGE,16065,15990,16115,1006,80732200,25796,25820,16880,14675,15780,15915,0,16035,0,0,0,2017-04-20,75791000,16060,1,0,0,0,0,0,0,0,0,16065,12,0,0,0,0,0,0,0,0
322,2017-04-19,21:03:13,0,pb1705,XSGE,16065,15990,16115,1006,80732200,25796,25820,16880,14675,15780,15915,0,16035,0,0,0,2017-04-20,75793000,16060,1,0,0,0,0,0,0,0,0,16065,11,0,0,0,0,0,0,0,0
323,2017-04-19,21:03:14,500,pb1705,XSGE,16060,15990,16115,1008,80892800,25796,25820,16880,14675,15780,15915,0,16035,0,0,0,2017-04-20,75794500,16055,1,0,0,0,0,0,0,0,0,16065,11,0,0,0,0,0,0,0,0
324,2017-04-19,21:03:15,0,pb1705,XSGE,16060,15990,16115,1008,80892800,25796,25820,16880,14675,15780,15915,0,16035,0,0,0,2017-04-20,75795000,16055,1,0,0,0,0,0,0,0,0,16065,11,0,0,0,0,0,0,0,0
325,2017-04-19,21:03:16,0,pb1705,XSGE,16060,15990,16115,1008,80892800,25796,25820,16880,14675,15780,15915,0,16035,0,0,0,2017-04-20,75796000,16055,1,0,0,0,0,0,0,0,0,16065,8,0,0,0,0,0,0,0,0
326,2017-04-19,21:03:16,500,pb1705,XSGE,16060,15990,16115,1008,80892800,25796,25820,16880,14675,15780,15915,0,16035,0,0,0,2017-04-20,75796500,16055,1,0,0,0,0,0,0,0,0,16065,8,0,0,0,0,0,0,0,0
327,2017-04-19,21:03:18,500,pb1705,XSGE,16060,15990,16115,1008,80892800,25796,25820,16880,14675,15780,15915,0,16035,0,0,0,2017-04-20,75798500,16055,1,0,0,0,0,0,0,0,0,16065,9,0,0,0,0,0,0,0,0
328,2017-04-19,21:03:19,0,pb1705,XSGE,16060,15990,16115,1008,80892800,25796,25820,16880,14675,15780,15915,0,16035,0,0,0,2017-04-20,75799000,16055,1,0,0,0,0,0,0,0,0,16060,1,0,0,0,0,0,0,0,0
329,2017-04-19,21:03:20,0,pb1705,XSGE,16060,15990,16115,1008,80892800,25796,25820,16880,14675,15780,15915,0,16035,0,0,0,2017-04-20,75800000,16055,1,0,0,0,0,0,0,0,0,16060,1,0,0,0,0,0,0,0,0
330,2017-04-19,21:03:20,500,pb1705,XSGE,16060,15990,16115,1010,81053400,25794,25820,16880,14675,15780,15915,0,16035,0,0,0,2017-04-20,75800500,16060,1,0,0,0,0,0,0,0,0,16065,8,0,0,0,0,0,0,0,0
331,2017-04-19,21:03:21,0,pb1705,XSGE,16060,15990,16115,1010,81053400,25794,25820,16880,14675,15780,15915,0,16035,0,0,0,2017-04-20,75801000,16055,1,0,0,0,0,0,0,0,0,16065,8,0,0,0,0,0,0,0,0
332,2017-04-19,21:03:23,0,pb1705,XSGE,16060,15990,16115,1010,81053400,25794,25820,16880,14675,15780,15915,0,16035,0,0,0,2017-04-20,75803000,16055,1,0,0,0,0,0,0,0,0,16065,9,0,0,0,0,0,0,0,0
333,2017-04-19,21:03:24,0,pb1705,XSGE,16060,15990,16115,1010,81053400,25794,25820,16880,14675,15780,15915,0,16035,0,0,0,2017-04-20,75804000,16055,1,0,0,0,0,0,0,0,0,16065,9,0,0,0,0,0,0,0,0
334,2017-04-19,21:03:24,500,pb1705,XSGE,16060,15990,16115,1010,81053400,25794,25820,16880,14675,15780,15915,0,16035,0,0,0,2017-04-20,75804500,16055,1,0,0,0,0,0,0,0,0,16065,8,0,0,0,0,0,0,0,0
335,2017-04-19,21:03:25,0,pb1705,XSGE,16060,15990,16115,1010,81053400,25794,25820,16880,14675,15780,15915,0,16035,0,0,0,2017-04-20,75805000,16055,2,0,0,0,0,0,0,0,0,16065,8,0,0,0,0,0,0,0,0
336,2017-04-19,21:03:25,500,pb1705,XSGE,16055,15990,16115,1012,81213950,25796,25820,16880,14675,15780,15915,0,16035,0,0,0,2017-04-20,75805500,16055,1,0,0,0,0,0,0,0,0,16065,8,0,0,0,0,0,0,0,0
337,2017-04-19,21:03:28,0,pb1705,XSGE,16055,15990,16115,1012,81213950,25796,25820,16880,14675,15780,15915,0,16035,0,0,0,2017-04-20,75808000,16055,2,0,0,0,0,0,0,0,0,16065,7,0,0,0,0,0,0,0,0
338,2017-04-19,21:03:28,500,pb1705,XSGE,16055,15990,16115,1012,81213950,25796,25820,16880,14675,15780,15915,0,16035,0,0,0,2017-04-20,75808500,16055,2,0,0,0,0,0,0,0,0,16065,6,0,0,0,0,0,0,0,0
339,2017-04-19,21:03:29,0,pb1705,XSGE,16055,15990,16115,1012,81213950,25796,25820,16880,14675,15780,15915,0,16035,0,0,0,2017-04-20,75809000,16060,1,0,0,0,0,0,0,0,0,16065,6,0,0,0,0,0,0,0,0
340,2017-04-19,21:03:29,500,pb1705,XSGE,16065,15990,16115,1024,82177850,25800,25820,16880,14675,15780,15915,0,16035,0,0,0,2017-04-20,75809500,16060,6,0,0,0,0,0,0,0,0,16065,4,0,0,0,0,0,0,0,0
341,2017-04-19,21:03:30,0,pb1705,XSGE,16065,15990,16115,1036,83141750,25804,25820,16880,14675,15780,15915,0,16035,0,0,0,2017-04-20,75810000,16065,5,0,0,0,0,0,0,0,0,16070,1,0,0,0,0,0,0,0,0
342,2017-04-19,21:03:30,500,pb1705,XSGE,16065,15990,16115,1036,83141750,25804,25820,16880,14675,15780,15915,0,16035,0,0,0,2017-04-20,75810500,16065,2,0,0,0,0,0,0,0,0,16070,2,0,0,0,0,0,0,0,0
343,2017-04-19,21:03:31,500,pb1705,XSGE,16065,15990,16115,1036,83141750,25804,25820,16880,14675,15780,15915,0,16035,0,0,0,2017-04-20,75811500,16065,2,0,0,0,0,0,0,0,0,16070,3,0,0,0,0,0,0,0,0
344,2017-04-19,21:03:32,0,pb1705,XSGE,16065,15990,16115,1036,83141750,25804,25820,16880,14675,15780,15915,0,16035,0,0,0,2017-04-20,75812000,16065,2,0,0,0,0,0,0,0,0,16070,2,0,0,0,0,0,0,0,0
345,2017-04-19,21:03:33,0,pb1705,XSGE,16065,15990,16115,1036,83141750,25804,25820,16880,14675,15780,15915,0,16035,0,0,0,2017-04-20,75813000,16065,2,0,0,0,0,0,0,0,0,16070,2,0,0,0,0,0,0,0,0
346,2017-04-19,21:03:34,0,pb1705,XSGE,16065,15990,16115,1038,83302400,25804,25820,16880,14675,15780,15915,0,16035,0,0,0,2017-04-20,75814000,16065,1,0,0,0,0,0,0,0,0,16070,3,0,0,0,0,0,0,0,0
347,2017-04-19,21:03:34,500,pb1705,XSGE,16065,15990,16115,1040,83463050,25804,25820,16880,14675,15780,15915,0,16035,0,0,0,2017-04-20,75814500,16065,1,0,0,0,0,0,0,0,0,16070,3,0,0,0,0,0,0,0,0
348,2017-04-19,21:03:35,500,pb1705,XSGE,16065,15990,16115,1042,83623700,25802,25820,16880,14675,15780,15915,0,16035,0,0,0,2017-04-20,75815500,16060,1,0,0,0,0,0,0,0,0,16065,12,0,0,0,0,0,0,0,0
349,2017-04-19,21:03:37,0,pb1705,XSGE,16060,15990,16115,1044,83784300,25804,25820,16880,14675,15780,15915,0,16035,0,0,0,2017-04-20,75817000,16055,1,0,0,0,0,0,0,0,0,16065,12,0,0,0,0,0,0,0,0
350,2017-04-19,21:03:38,0,pb1705,XSGE,16060,15990,16115,1044,83784300,25804,25820,16880,14675,15780,15915,0,16035,0,0,0,2017-04-20,75818000,16055,1,0,0,0,0,0,0,0,0,16060,1,0,0,0,0,0,0,0,0
351,2017-04-19,21:03:38,500,pb1705,XSGE,16060,15990,16115,1046,83944900,25802,25820,16880,14675,15780,15915,0,16035,0,0,0,2017-04-20,75818500,16055,1,0,0,0,0,0,0,0,0,16060,1,0,0,0,0,0,0,0,0
352,2017-04-19,21:03:39,0,pb1705,XSGE,16060,15990,16115,1048,84105500,25802,25820,16880,14675,15780,15915,0,16035,0,0,0,2017-04-20,75819000,16055,1,0,0,0,0,0,0,0,0,16065,13,0,0,0,0,0,0,0,0
353,2017-04-19,21:03:39,500,pb1705,XSGE,16055,15990,16115,1050,84266050,25802,25820,16880,14675,15780,15915,0,16035,0,0,0,2017-04-20,75819500,16050,3,0,0,0,0,0,0,0,0,16060,5,0,0,0,0,0,0,0,0
354,2017-04-19,21:03:40,0,pb1705,XSGE,16060,15990,16115,1060,85069050,25808,25820,16880,14675,15780,15915,0,16035,0,0,0,2017-04-20,75820000,16050,3,0,0,0,0,0,0,0,0,16065,13,0,0,0,0,0,0,0,0
355,2017-04-19,21:03:40,500,pb1705,XSGE,16060,15990,16115,1060,85069050,25808,25820,16880,14675,15780,15915,0,16035,0,0,0,2017-04-20,75820500,16050,3,0,0,0,0,0,0,0,0,16055,5,0,0,0,0,0,0,0,0
356,2017-04-19,21:03:41,0,pb1705,XSGE,16060,15990,16115,1064,85390250,25812,25820,16880,14675,15780,15915,0,16035,0,0,0,2017-04-20,75821000,16050,8,0,0,0,0,0,0,0,0,16055,3,0,0,0,0,0,0,0,0
357,2017-04-19,21:03:42,500,pb1705,XSGE,16050,15990,16115,1068,85711250,25812,25820,16880,14675,15780,15915,0,16035,0,0,0,2017-04-20,75822500,16050,6,0,0,0,0,0,0,0,0,16055,3,0,0,0,0,0,0,0,0
358,2017-04-19,21:03:45,500,pb1705,XSGE,16055,15990,16115,1072,86032350,25816,25820,16880,14675,15780,15915,0,16035,0,0,0,2017-04-20,75825500,16050,6,0,0,0,0,0,0,0,0,16055,2,0,0,0,0,0,0,0,0
359,2017-04-19,21:03:46,0,pb1705,XSGE,16055,15990,16115,1078,86514000,25820,25820,16880,14675,15780,15915,0,16035,0,0,0,2017-04-20,75826000,16050,6,0,0,0,0,0,0,0,0,16065,13,0,0,0,0,0,0,0,0
360,2017-04-19,21:03:46,500,pb1705,XSGE,16055,15990,16115,1078,86514000,25820,25820,16880,14675,15780,15915,0,16035,0,0,0,2017-04-20,75826500,16055,1,0,0,0,0,0,0,0,0,16065,14,0,0,0,0,0,0,0,0
361,2017-04-19,21:03:47,0,pb1705,XSGE,16055,15990,16115,1078,86514000,25820,25820,16880,14675,15780,15915,0,16035,0,0,0,2017-04-20,75827000,16055,1,0,0,0,0,0,0,0,0,16065,16,0,0,0,0,0,0,0,0
362,2017-04-19,21:03:47,500,pb1705,XSGE,16055,15990,16115,1078,86514000,25820,25820,16880,14675,15780,15915,0,16035,0,0,0,2017-04-20,75827500,16055,2,0,0,0,0,0,0,0,0,16065,16,0,0,0,0,0,0,0,0
363,2017-04-19,21:03:50,0,pb1705,XSGE,16055,15990,16115,1082,86835100,25816,25820,16880,14675,15780,15915,0,16035,0,0,0,2017-04-20,75830000,16050,6,0,0,0,0,0,0,0,0,16065,16,0,0,0,0,0,0,0,0
364,2017-04-19,21:03:51,0,pb1705,XSGE,16055,15990,16115,1082,86835100,25816,25820,16880,14675,15780,15915,0,16035,0,0,0,2017-04-20,75831000,16050,6,0,0,0,0,0,0,0,0,16060,1,0,0,0,0,0,0,0,0
365,2017-04-19,21:03:51,500,pb1705,XSGE,16050,15990,16115,1088,87316600,25810,25820,16880,14675,15780,15915,0,16035,0,0,0,2017-04-20,75831500,16045,2,0,0,0,0,0,0,0,0,16055,1,0,0,0,0,0,0,0,0
366,2017-04-19,21:03:52,0,pb1705,XSGE,16050,15990,16115,1088,87316600,25810,25820,16880,14675,15780,15915,0,16035,0,0,0,2017-04-20,75832000,16050,1,0,0,0,0,0,0,0,0,16055,4,0,0,0,0,0,0,0,0
367,2017-04-19,21:03:52,500,pb1705,XSGE,16050,15990,16115,1090,87477100,25810,25820,16880,14675,15780,15915,0,16035,0,0,0,2017-04-20,75832500,16045,1,0,0,0,0,0,0,0,0,16050,1,0,0,0,0,0,0,0,0
368,2017-04-19,21:03:53,0,pb1705,XSGE,16050,15990,16115,1090,87477100,25810,25820,16880,14675,15780,15915,0,16035,0,0,0,2017-04-20,75833000,16045,1,0,0,0,0,0,0,0,0,16050,1,0,0,0,0,0,0,0,0
369,2017-04-19,21:03:54,0,pb1705,XSGE,16050,15990,16115,1090,87477100,25810,25820,16880,14675,15780,15915,0,16035,0,0,0,2017-04-20,75834000,16045,1,0,0,0,0,0,0,0,0,16050,3,0,0,0,0,0,0,0,0
370,2017-04-19,21:03:54,500,pb1705,XSGE,16050,15990,16115,1090,87477100,25810,25820,16880,14675,15780,15915,0,16035,0,0,0,2017-04-20,75834500,16045,1,0,0,0,0,0,0,0,0,16050,4,0,0,0,0,0,0,0,0
371,2017-04-19,21:03:56,0,pb1705,XSGE,16050,15990,16115,1092,87637600,25812,25820,16880,14675,15780,15915,0,16035,0,0,0,2017-04-20,75836000,16045,1,0,0,0,0,0,0,0,0,16050,3,0,0,0,0,0,0,0,0
372,2017-04-19,21:03:56,500,pb1705,XSGE,16050,15990,16115,1096,87958600,25816,25820,16880,14675,15780,15915,0,16035,0,0,0,2017-04-20,75836500,16045,2,0,0,0,0,0,0,0,0,16050,1,0,0,0,0,0,0,0,0
373,2017-04-19,21:03:57,0,pb1705,XSGE,16050,15990,16115,1098,88119100,25816,25820,16880,14675,15780,15915,0,16035,0,0,0,2017-04-20,75837000,16050,2,0,0,0,0,0,0,0,0,16055,3,0,0,0,0,0,0,0,0
374,2017-04-19,21:03:57,500,pb1705,XSGE,16055,15990,16115,1102,88440200,25820,25820,16880,14675,15780,15915,0,16035,0,0,0,2017-04-20,75837500,16055,4,0,0,0,0,0,0,0,0,16060,2,0,0,0,0,0,0,0,0
375,2017-04-19,21:03:58,0,pb1705,XSGE,16060,15990,16115,1106,88761400,25822,25820,16880,14675,15780,15915,0,16035,0,0,0,2017-04-20,75838000,16060,2,0,0,0,0,0,0,0,0,16070,1,0,0,0,0,0,0,0,0
376,2017-04-19,21:03:58,500,pb1705,XSGE,16060,15990,16115,1106,88761400,25822,25820,16880,14675,15780,15915,0,16035,0,0,0,2017-04-20,75838500,16060,2,0,0,0,0,0,0,0,0,16070,3,0,0,0,0,0,0,0,0
377,2017-04-19,21:03:59,0,pb1705,XSGE,16060,15990,16115,1110,89082600,25820,25820,16880,14675,15780,15915,0,16035,0,0,0,2017-04-20,75839000,16055,1,0,0,0,0,0,0,0,0,16065,1,0,0,0,0,0,0,0,0
378,2017-04-19,21:03:59,500,pb1705,XSGE,16060,15990,16115,1110,89082600,25820,25820,16880,14675,15780,15915,0,16035,0,0,0,2017-04-20,75839500,16055,1,0,0,0,0,0,0,0,0,16065,1,0,0,0,0,0,0,0,0
379,2017-04-19,21:04:00,0,pb1705,XSGE,16060,15990,16115,1110,89082600,25820,25820,16880,14675,15780,15915,0,16035,0,0,0,2017-04-20,75840000,16055,1,0,0,0,0,0,0,0,0,16060,2,0,0,0,0,0,0,0,0
380,2017-04-19,21:04:00,500,pb1705,XSGE,16060,15990,16115,1110,89082600,25820,25820,16880,14675,15780,15915,0,16035,0,0,0,2017-04-20,75840500,16055,2,0,0,0,0,0,0,0,0,16060,3,0,0,0,0,0,0,0,0
381,2017-04-19,21:04:01,500,pb1705,XSGE,16055,15990,16115,1114,89403700,25818,25820,16880,14675,15780,15915,0,16035,0,0,0,2017-04-20,75841500,16050,1,0,0,0,0,0,0,0,0,16055,10,0,0,0,0,0,0,0,0
382,2017-04-19,21:04:02,0,pb1705,XSGE,16055,15990,16115,1116,89564250,25818,25820,16880,14675,15780,15915,0,16035,0,0,0,2017-04-20,75842000,16050,1,0,0,0,0,0,0,0,0,16055,9,0,0,0,0,0,0,0,0
383,2017-04-19,21:04:02,500,pb1705,XSGE,16055,15990,16115,1116,89564250,25818,25820,16880,14675,15780,15915,0,16035,0,0,0,2017-04-20,75842500,16050,1,0,0,0,0,0,0,0,0,16055,9,0,0,0,0,0,0,0,0
384,2017-04-19,21:04:03,0,pb1705,XSGE,16055,15990,16115,1120,89885350,25818,25820,16880,14675,15780,15915,0,16035,0,0,0,2017-04-20,75843000,16050,1,0,0,0,0,0,0,0,0,16055,7,0,0,0,0,0,0,0,0
385,2017-04-19,21:04:03,500,pb1705,XSGE,16050,15990,16115,1122,90045850,25818,25820,16880,14675,15780,15915,0,16035,0,0,0,2017-04-20,75843500,16045,4,0,0,0,0,0,0,0,0,16055,7,0,0,0,0,0,0,0,0
386,2017-04-19,21:04:04,0,pb1705,XSGE,16050,15990,16115,1122,90045850,25818,25820,16880,14675,15780,15915,0,16035,0,0,0,2017-04-20,75844000,16045,5,0,0,0,0,0,0,0,0,16055,7,0,0,0,0,0,0,0,0
387,2017-04-19,21:04:04,500,pb1705,XSGE,16050,15990,16115,1122,90045850,25818,25820,16880,14675,15780,15915,0,16035,0,0,0,2017-04-20,75844500,16045,6,0,0,0,0,0,0,0,0,16055,7,0,0,0,0,0,0,0,0
388,2017-04-19,21:04:05,0,pb1705,XSGE,16050,15990,16115,1124,90206350,25818,25820,16880,14675,15780,15915,0,16035,0,0,0,2017-04-20,75845000,16045,6,0,0,0,0,0,0,0,0,16055,7,0,0,0,0,0,0,0,0
389,2017-04-19,21:04:05,500,pb1705,XSGE,16055,15990,16115,1138,91330200,25812,25820,16880,14675,15780,15915,0,16035,0,0,0,2017-04-20,75845500,16050,4,0,0,0,0,0,0,0,0,16060,2,0,0,0,0,0,0,0,0
390,2017-04-19,21:04:06,0,pb1705,XSGE,16055,15990,16115,1138,91330200,25812,25820,16880,14675,15780,15915,0,16035,0,0,0,2017-04-20,75846000,16050,6,0,0,0,0,0,0,0,0,16060,2,0,0,0,0,0,0,0,0
391,2017-04-19,21:04:06,500,pb1705,XSGE,16060,15990,16115,1142,91651400,25816,25820,16880,14675,15780,15915,0,16035,0,0,0,2017-04-20,75846500,16050,11,0,0,0,0,0,0,0,0,16070,1,0,0,0,0,0,0,0,0
392,2017-04-19,21:04:07,0,pb1705,XSGE,16060,15990,16115,1142,91651400,25816,25820,16880,14675,15780,15915,0,16035,0,0,0,2017-04-20,75847000,16050,11,0,0,0,0,0,0,0,0,16070,3,0,0,0,0,0,0,0,0
393,2017-04-19,21:04:07,500,pb1705,XSGE,16060,15990,16115,1142,91651400,25816,25820,16880,14675,15780,15915,0,16035,0,0,0,2017-04-20,75847500,16050,11,0,0,0,0,0,0,0,0,16070,4,0,0,0,0,0,0,0,0
394,2017-04-19,21:04:08,500,pb1705,XSGE,16060,15990,16115,1142,91651400,25816,25820,16880,14675,15780,15915,0,16035,0,0,0,2017-04-20,75848500,16050,9,0,0,0,0,0,0,0,0,16070,4,0,0,0,0,0,0,0,0
395,2017-04-19,21:04:10,0,pb1705,XSGE,16060,15990,16115,1142,91651400,25816,25820,16880,14675,15780,15915,0,16035,0,0,0,2017-04-20,75850000,16055,2,0,0,0,0,0,0,0,0,16070,5,0,0,0,0,0,0,0,0
396,2017-04-19,21:04:11,0,pb1705,XSGE,16060,15990,16115,1142,91651400,25816,25820,16880,14675,15780,15915,0,16035,0,0,0,2017-04-20,75851000,16055,2,0,0,0,0,0,0,0,0,16070,6,0,0,0,0,0,0,0,0
397,2017-04-19,21:04:13,0,pb1705,XSGE,16060,15990,16115,1142,91651400,25816,25820,16880,14675,15780,15915,0,16035,0,0,0,2017-04-20,75853000,16055,3,0,0,0,0,0,0,0,0,16070,5,0,0,0,0,0,0,0,0
398,2017-04-19,21:04:13,500,pb1705,XSGE,16060,15990,16115,1142,91651400,25816,25820,16880,14675,15780,15915,0,16035,0,0,0,2017-04-20,75853500,16055,2,0,0,0,0,0,0,0,0,16070,6,0,0,0,0,0,0,0,0
399,2017-04-19,21:04:14,500,pb1705,XSGE,16070,15990,16115,1144,91812100,25818,25820,16880,14675,15780,15915,0,16035,0,0,0,2017-04-20,75854500,16055,2,0,0,0,0,0,0,0,0,16070,5,0,0,0,0,0,0,0,0
400,2017-04-19,21:04:15,500,pb1705,XSGE,16070,15990,16115,1144,91812100,25818,25820,16880,14675,15780,15915,0,16035,0,0,0,2017-04-20,75855500,16055,7,0,0,0,0,0,0,0,0,16070,5,0,0,0,0,0,0,0,0
401,2017-04-19,21:04:17,0,pb1705,XSGE,16070,15990,16115,1144,91812100,25818,25820,16880,14675,15780,15915,0,16035,0,0,0,2017-04-20,75857000,16060,1,0,0,0,0,0,0,0,0,16070,5,0,0,0,0,0,0,0,0
402,2017-04-19,21:04:17,500,pb1705,XSGE,16070,15990,16115,1146,91972800,25818,25820,16880,14675,15780,15915,0,16035,0,0,0,2017-04-20,75857500,16060,1,0,0,0,0,0,0,0,0,16070,4,0,0,0,0,0,0,0,0
403,2017-04-19,21:04:19,0,pb1705,XSGE,16070,15990,16115,1146,91972800,25818,25820,16880,14675,15780,15915,0,16035,0,0,0,2017-04-20,75859000,16060,1,0,0,0,0,0,0,0,0,16070,6,0,0,0,0,0,0,0,0
404,2017-04-19,21:04:20,0,pb1705,XSGE,16070,15990,16115,1146,91972800,25818,25820,16880,14675,15780,15915,0,16035,0,0,0,2017-04-20,75860000,16060,1,0,0,0,0,0,0,0,0,16070,5,0,0,0,0,0,0,0,0
405,2017-04-19,21:04:20,500,pb1705,XSGE,16060,15990,16115,1148,92133400,25820,25820,16880,14675,15780,15915,0,16035,0,0,0,2017-04-20,75860500,16055,7,0,0,0,0,0,0,0,0,16070,5,0,0,0,0,0,0,0,0
406,2017-04-19,21:04:21,0,pb1705,XSGE,16060,15990,16115,1148,92133400,25820,25820,16880,14675,15780,15915,0,16035,0,0,0,2017-04-20,75861000,16055,7,0,0,0,0,0,0,0,0,16070,5,0,0,0,0,0,0,0,0
407,2017-04-19,21:04:22,500,pb1705,XSGE,16060,15990,16115,1148,92133400,25820,25820,16880,14675,15780,15915,0,16035,0,0,0,2017-04-20,75862500,16060,2,0,0,0,0,0,0,0,0,16070,5,0,0,0,0,0,0,0,0
408,2017-04-19,21:04:23,0,pb1705,XSGE,16060,15990,16115,1148,92133400,25820,25820,16880,14675,15780,15915,0,16035,0,0,0,2017-04-20,75863000,16060,2,0,0,0,0,0,0,0,0,16070,6,0,0,0,0,0,0,0,0
409,2017-04-19,21:04:24,0,pb1705,XSGE,16060,15990,16115,1148,92133400,25820,25820,16880,14675,15780,15915,0,16035,0,0,0,2017-04-20,75864000,16060,2,0,0,0,0,0,0,0,0,16070,5,0,0,0,0,0,0,0,0
410,2017-04-19,21:04:26,500,pb1705,XSGE,16060,15990,16115,1148,92133400,25820,25820,16880,14675,15780,15915,0,16035,0,0,0,2017-04-20,75866500,16060,2,0,0,0,0,0,0,0,0,16070,7,0,0,0,0,0,0,0,0
411,2017-04-19,21:04:27,0,pb1705,XSGE,16060,15990,16115,1148,92133400,25820,25820,16880,14675,15780,15915,0,16035,0,0,0,2017-04-20,75867000,16060,2,0,0,0,0,0,0,0,0,16070,7,0,0,0,0,0,0,0,0
412,2017-04-19,21:04:29,0,pb1705,XSGE,16060,15990,16115,1148,92133400,25820,25820,16880,14675,15780,15915,0,16035,0,0,0,2017-04-20,75869000,16060,7,0,0,0,0,0,0,0,0,16070,7,0,0,0,0,0,0,0,0
413,2017-04-19,21:04:30,0,pb1705,XSGE,16060,15990,16115,1148,92133400,25820,25820,16880,14675,15780,15915,0,16035,0,0,0,2017-04-20,75870000,16060,7,0,0,0,0,0,0,0,0,16070,9,0,0,0,0,0,0,0,0
414,2017-04-19,21:04:30,500,pb1705,XSGE,16060,15990,16115,1150,92294000,25820,25820,16880,14675,15780,15915,0,16035,0,0,0,2017-04-20,75870500,16060,6,0,0,0,0,0,0,0,0,16070,9,0,0,0,0,0,0,0,0
415,2017-04-19,21:04:31,0,pb1705,XSGE,16060,15990,16115,1150,92294000,25820,25820,16880,14675,15780,15915,0,16035,0,0,0,2017-04-20,75871000,16060,6,0,0,0,0,0,0,0,0,16070,10,0,0,0,0,0,0,0,0
416,2017-04-19,21:04:31,500,pb1705,XSGE,16060,15990,16115,1150,92294000,25820,25820,16880,14675,15780,15915,0,16035,0,0,0,2017-04-20,75871500,16060,1,0,0,0,0,0,0,0,0,16070,9,0,0,0,0,0,0,0,0
417,2017-04-19,21:04:32,0,pb1705,XSGE,16060,15990,16115,1150,92294000,25820,25820,16880,14675,15780,15915,0,16035,0,0,0,2017-04-20,75872000,16060,1,0,0,0,0,0,0,0,0,16070,10,0,0,0,0,0,0,0,0
418,2017-04-19,21:04:32,500,pb1705,XSGE,16060,15990,16115,1150,92294000,25820,25820,16880,14675,15780,15915,0,16035,0,0,0,2017-04-20,75872500,16060,1,0,0,0,0,0,0,0,0,16070,9,0,0,0,0,0,0,0,0
419,2017-04-19,21:04:33,500,pb1705,XSGE,16060,15990,16115,1150,92294000,25820,25820,16880,14675,15780,15915,0,16035,0,0,0,2017-04-20,75873500,16060,1,0,0,0,0,0,0,0,0,16065,1,0,0,0,0,0,0,0,0
420,2017-04-19,21:04:34,0,pb1705,XSGE,16060,15990,16115,1150,92294000,25820,25820,16880,14675,15780,15915,0,16035,0,0,0,2017-04-20,75874000,16060,1,0,0,0,0,0,0,0,0,16065,1,0,0,0,0,0,0,0,0
421,2017-04-19,21:04:34,500,pb1705,XSGE,16060,15990,16115,1150,92294000,25820,25820,16880,14675,15780,15915,0,16035,0,0,0,2017-04-20,75874500,16060,1,0,0,0,0,0,0,0,0,16070,9,0,0,0,0,0,0,0,0
422,2017-04-19,21:04:35,0,pb1705,XSGE,16060,15990,16115,1154,92615200,25818,25820,16880,14675,15780,15915,0,16035,0,0,0,2017-04-20,75875000,16050,1,0,0,0,0,0,0,0,0,16065,5,0,0,0,0,0,0,0,0
423,2017-04-19,21:04:35,500,pb1705,XSGE,16060,15990,16115,1154,92615200,25818,25820,16880,14675,15780,15915,0,16035,0,0,0,2017-04-20,75875500,16050,1,0,0,0,0,0,0,0,0,16065,7,0,0,0,0,0,0,0,0
424,2017-04-19,21:04:36,0,pb1705,XSGE,16060,15990,16115,1154,92615200,25818,25820,16880,14675,15780,15915,0,16035,0,0,0,2017-04-20,75876000,16050,1,0,0,0,0,0,0,0,0,16065,4,0,0,0,0,0,0,0,0
425,2017-04-19,21:04:38,500,pb1705,XSGE,16060,15990,16115,1154,92615200,25818,25820,16880,14675,15780,15915,0,16035,0,0,0,2017-04-20,75878500,16050,6,0,0,0,0,0,0,0,0,16065,4,0,0,0,0,0,0,0,0
426,2017-04-19,21:04:40,0,pb1705,XSGE,16060,15990,16115,1154,92615200,25818,25820,16880,14675,15780,15915,0,16035,0,0,0,2017-04-20,75880000,16050,6,0,0,0,0,0,0,0,0,16065,3,0,0,0,0,0,0,0,0
427,2017-04-19,21:04:41,0,pb1705,XSGE,16060,15990,16115,1154,92615200,25818,25820,16880,14675,15780,15915,0,16035,0,0,0,2017-04-20,75881000,16050,7,0,0,0,0,0,0,0,0,16065,3,0,0,0,0,0,0,0,0
428,2017-04-19,21:04:41,500,pb1705,XSGE,16060,15990,16115,1154,92615200,25818,25820,16880,14675,15780,15915,0,16035,0,0,0,2017-04-20,75881500,16050,6,0,0,0,0,0,0,0,0,16065,4,0,0,0,0,0,0,0,0
429,2017-04-19,21:04:45,0,pb1705,XSGE,16060,15990,16115,1154,92615200,25818,25820,16880,14675,15780,15915,0,16035,0,0,0,2017-04-20,75885000,16050,8,0,0,0,0,0,0,0,0,16065,3,0,0,0,0,0,0,0,0
430,2017-04-19,21:04:45,500,pb1705,XSGE,16060,15990,16115,1154,92615200,25818,25820,16880,14675,15780,15915,0,16035,0,0,0,2017-04-20,75885500,16050,8,0,0,0,0,0,0,0,0,16065,1,0,0,0,0,0,0,0,0
431,2017-04-19,21:04:46,0,pb1705,XSGE,16060,15990,16115,1154,92615200,25818,25820,16880,14675,15780,15915,0,16035,0,0,0,2017-04-20,75886000,16050,8,0,0,0,0,0,0,0,0,16065,1,0,0,0,0,0,0,0,0
432,2017-04-19,21:04:46,500,pb1705,XSGE,16060,15990,16115,1154,92615200,25818,25820,16880,14675,15780,15915,0,16035,0,0,0,2017-04-20,75886500,16055,4,0,0,0,0,0,0,0,0,16070,9,0,0,0,0,0,0,0,0
433,2017-04-19,21:04:47,0,pb1705,XSGE,16070,15990,16115,1156,92775900,25818,25820,16880,14675,15780,15915,0,16035,0,0,0,2017-04-20,75887000,16055,5,0,0,0,0,0,0,0,0,16070,9,0,0,0,0,0,0,0,0
434,2017-04-19,21:04:47,500,pb1705,XSGE,16070,15990,16115,1156,92775900,25818,25820,16880,14675,15780,15915,0,16035,0,0,0,2017-04-20,75887500,16055,6,0,0,0,0,0,0,0,0,16070,9,0,0,0,0,0,0,0,0
435,2017-04-19,21:04:48,0,pb1705,XSGE,16070,15990,16115,1156,92775900,25818,25820,16880,14675,15780,15915,0,16035,0,0,0,2017-04-20,75888000,16055,6,0,0,0,0,0,0,0,0,16070,8,0,0,0,0,0,0,0,0
436,2017-04-19,21:04:48,500,pb1705,XSGE,16070,15990,16115,1156,92775900,25818,25820,16880,14675,15780,15915,0,16035,0,0,0,2017-04-20,75888500,16060,1,0,0,0,0,0,0,0,0,16070,8,0,0,0,0,0,0,0,0
437,2017-04-19,21:04:49,0,pb1705,XSGE,16070,15990,16115,1156,92775900,25818,25820,16880,14675,15780,15915,0,16035,0,0,0,2017-04-20,75889000,16060,2,0,0,0,0,0,0,0,0,16070,8,0,0,0,0,0,0,0,0
438,2017-04-19,21:04:49,500,pb1705,XSGE,16070,15990,16115,1156,92775900,25818,25820,16880,14675,15780,15915,0,16035,0,0,0,2017-04-20,75889500,16060,8,0,0,0,0,0,0,0,0,16070,8,0,0,0,0,0,0,0,0
439,2017-04-19,21:04:50,500,pb1705,XSGE,16070,15990,16115,1156,92775900,25818,25820,16880,14675,15780,15915,0,16035,0,0,0,2017-04-20,75890500,16065,3,0,0,0,0,0,0,0,0,16070,8,0,0,0,0,0,0,0,0
440,2017-04-19,21:04:51,0,pb1705,XSGE,16070,15990,16115,1160,93097300,25818,25820,16880,14675,15780,15915,0,16035,0,0,0,2017-04-20,75891000,16065,4,0,0,0,0,0,0,0,0,16070,6,0,0,0,0,0,0,0,0
441,2017-04-19,21:04:52,0,pb1705,XSGE,16070,15990,16115,1160,93097300,25818,25820,16880,14675,15780,15915,0,16035,0,0,0,2017-04-20,75892000,16065,1,0,0,0,0,0,0,0,0,16070,7,0,0,0,0,0,0,0,0
442,2017-04-19,21:04:52,500,pb1705,XSGE,16070,15990,16115,1164,93418700,25822,25820,16880,14675,15780,15915,0,16035,0,0,0,2017-04-20,75892500,16065,4,0,0,0,0,0,0,0,0,16070,5,0,0,0,0,0,0,0,0
443,2017-04-19,21:04:53,0,pb1705,XSGE,16070,15990,16115,1170,93900800,25826,25820,16880,14675,15780,15915,0,16035,0,0,0,2017-04-20,75893000,16065,4,0,0,0,0,0,0,0,0,16070,3,0,0,0,0,0,0,0,0
444,2017-04-19,21:04:53,500,pb1705,XSGE,16070,15990,16115,1170,93900800,25826,25820,16880,14675,15780,15915,0,16035,0,0,0,2017-04-20,75893500,16065,2,0,0,0,0,0,0,0,0,16070,3,0,0,0,0,0,0,0,0
445,2017-04-19,21:04:55,500,pb1705,XSGE,16070,15990,16115,1176,94382900,25832,25820,16880,14675,15780,15915,0,16035,0,0,0,2017-04-20,75895500,16065,3,0,0,0,0,0,0,0,0,16070,1,0,0,0,0,0,0,0,0
446,2017-04-19,21:04:56,0,pb1705,XSGE,16070,15990,16115,1178,94543600,25832,25820,16880,14675,15780,15915,0,16035,0,0,0,2017-04-20,75896000,16065,3,0,0,0,0,0,0,0,0,16080,1,0,0,0,0,0,0,0,0
447,2017-04-19,21:04:56,500,pb1705,XSGE,16070,15990,16115,1178,94543600,25832,25820,16880,14675,15780,15915,0,16035,0,0,0,2017-04-20,75896500,16065,3,0,0,0,0,0,0,0,0,16080,3,0,0,0,0,0,0,0,0
448,2017-04-19,21:04:57,0,pb1705,XSGE,16070,15990,16115,1178,94543600,25832,25820,16880,14675,15780,15915,0,16035,0,0,0,2017-04-20,75897000,16065,4,0,0,0,0,0,0,0,0,16080,3,0,0,0,0,0,0,0,0
449,2017-04-19,21:04:57,500,pb1705,XSGE,16070,15990,16115,1178,94543600,25832,25820,16880,14675,15780,15915,0,16035,0,0,0,2017-04-20,75897500,16065,3,0,0,0,0,0,0,0,0,16080,4,0,0,0,0,0,0,0,0
450,2017-04-19,21:04:58,0,pb1705,XSGE,16070,15990,16115,1178,94543600,25832,25820,16880,14675,15780,15915,0,16035,0,0,0,2017-04-20,75898000,16065,4,0,0,0,0,0,0,0,0,16080,2,0,0,0,0,0,0,0,0
451,2017-04-19,21:04:58,500,pb1705,XSGE,16070,15990,16115,1178,94543600,25832,25820,16880,14675,15780,15915,0,16035,0,0,0,2017-04-20,75898500,16065,1,0,0,0,0,0,0,0,0,16075,4,0,0,0,0,0,0,0,0
452,2017-04-19,21:04:59,0,pb1705,XSGE,16070,15990,16115,1178,94543600,25832,25820,16880,14675,15780,15915,0,16035,0,0,0,2017-04-20,75899000,16060,6,0,0,0,0,0,0,0,0,16075,4,0,0,0,0,0,0,0,0
453,2017-04-19,21:04:59,500,pb1705,XSGE,16070,15990,16115,1178,94543600,25832,25820,16880,14675,15780,15915,0,16035,0,0,0,2017-04-20,75899500,16060,5,0,0,0,0,0,0,0,0,16075,4,0,0,0,0,0,0,0,0
454,2017-04-19,21:05:00,0,pb1705,XSGE,16070,15990,16115,1178,94543600,25832,25820,16880,14675,15780,15915,0,16035,0,0,0,2017-04-20,75900000,16065,1,0,0,0,0,0,0,0,0,16075,3,0,0,0,0,0,0,0,0
455,2017-04-19,21:05:02,500,pb1705,XSGE,16070,15990,16115,1178,94543600,25832,25820,16880,14675,15780,15915,0,16035,0,0,0,2017-04-20,75902500,16065,1,0,0,0,0,0,0,0,0,16075,4,0,0,0,0,0,0,0,0
456,2017-04-19,21:05:03,0,pb1705,XSGE,16070,15990,16115,1178,94543600,25832,25820,16880,14675,15780,15915,0,16035,0,0,0,2017-04-20,75903000,16065,1,0,0,0,0,0,0,0,0,16075,4,0,0,0,0,0,0,0,0
457,2017-04-19,21:05:04,500,pb1705,XSGE,16070,15990,16115,1178,94543600,25832,25820,16880,14675,15780,15915,0,16035,0,0,0,2017-04-20,75904500,16065,1,0,0,0,0,0,0,0,0,16070,2,0,0,0,0,0,0,0,0
458,2017-04-19,21:05:05,0,pb1705,XSGE,16070,15990,16115,1178,94543600,25832,25820,16880,14675,15780,15915,0,16035,0,0,0,2017-04-20,75905000,16060,5,0,0,0,0,0,0,0,0,16070,2,0,0,0,0,0,0,0,0
459,2017-04-19,21:05:05,500,pb1705,XSGE,16065,15990,16115,1180,94704250,25832,25820,16880,14675,15780,15915,0,16035,0,0,0,2017-04-20,75905500,16065,2,0,0,0,0,0,0,0,0,16070,5,0,0,0,0,0,0,0,0
460,2017-04-19,21:05:06,0,pb1705,XSGE,16065,15990,16115,1184,95025550,25832,25820,16880,14675,15780,15915,0,16035,0,0,0,2017-04-20,75906000,16060,5,0,0,0,0,0,0,0,0,16070,6,0,0,0,0,0,0,0,0
461,2017-04-19,21:05:07,0,pb1705,XSGE,16065,15990,16115,1184,95025550,25832,25820,16880,14675,15780,15915,0,16035,0,0,0,2017-04-20,75907000,16060,5,0,0,0,0,0,0,0,0,16065,2,0,0,0,0,0,0,0,0
462,2017-04-19,21:05:07,500,pb1705,XSGE,16065,15990,16115,1184,95025550,25832,25820,16880,14675,15780,15915,0,16035,0,0,0,2017-04-20,75907500,16055,3,0,0,0,0,0,0,0,0,16065,3,0,0,0,0,0,0,0,0
463,2017-04-19,21:05:10,0,pb1705,XSGE,16065,15990,16115,1184,95025550,25832,25820,16880,14675,15780,15915,0,16035,0,0,0,2017-04-20,75910000,16060,1,0,0,0,0,0,0,0,0,16065,3,0,0,0,0,0,0,0,0
464,2017-04-19,21:05:10,500,pb1705,XSGE,16065,15990,16115,1184,95025550,25832,25820,16880,14675,15780,15915,0,16035,0,0,0,2017-04-20,75910500,16060,1,0,0,0,0,0,0,0,0,16065,2,0,0,0,0,0,0,0,0
465,2017-04-19,21:05:11,0,pb1705,XSGE,16065,15990,16115,1184,95025550,25832,25820,16880,14675,15780,15915,0,16035,0,0,0,2017-04-20,75911000,16060,1,0,0,0,0,0,0,0,0,16065,2,0,0,0,0,0,0,0,0
466,2017-04-19,21:05:12,0,pb1705,XSGE,16060,15990,16115,1186,95186150,25830,25820,16880,14675,15780,15915,0,16035,0,0,0,2017-04-20,75912000,16055,3,0,0,0,0,0,0,0,0,16065,2,0,0,0,0,0,0,0,0
467,2017-04-19,21:05:12,500,pb1705,XSGE,16060,15990,16115,1186,95186150,25830,25820,16880,14675,15780,15915,0,16035,0,0,0,2017-04-20,75912500,16055,3,0,0,0,0,0,0,0,0,16065,2,0,0,0,0,0,0,0,0
468,2017-04-19,21:05:13,0,pb1705,XSGE,16060,15990,16115,1186,95186150,25830,25820,16880,14675,15780,15915,0,16035,0,0,0,2017-04-20,75913000,16055,8,0,0,0,0,0,0,0,0,16065,2,0,0,0,0,0,0,0,0
469,2017-04-19,21:05:14,0,pb1705,XSGE,16060,15990,16115,1186,95186150,25830,25820,16880,14675,15780,15915,0,16035,0,0,0,2017-04-20,75914000,16055,10,0,0,0,0,0,0,0,0,16065,2,0,0,0,0,0,0,0,0
470,2017-04-19,21:05:14,500,pb1705,XSGE,16065,15990,16115,1190,95507450,25830,25820,16880,14675,15780,15915,0,16035,0,0,0,2017-04-20,75914500,16055,10,0,0,0,0,0,0,0,0,16070,8,0,0,0,0,0,0,0,0
471,2017-04-19,21:05:15,0,pb1705,XSGE,16070,15990,16115,1192,95668150,25830,25820,16880,14675,15780,15915,0,16035,0,0,0,2017-04-20,75915000,16060,2,0,0,0,0,0,0,0,0,16070,7,0,0,0,0,0,0,0,0
472,2017-04-19,21:05:15,500,pb1705,XSGE,16070,15990,16115,1194,95828850,25830,25820,16880,14675,15780,15915,0,16035,0,0,0,2017-04-20,75915500,16060,3,0,0,0,0,0,0,0,0,16070,5,0,0,0,0,0,0,0,0
473,2017-04-19,21:05:16,0,pb1705,XSGE,16070,15990,16115,1194,95828850,25830,25820,16880,14675,15780,15915,0,16035,0,0,0,2017-04-20,75916000,16060,8,0,0,0,0,0,0,0,0,16070,5,0,0,0,0,0,0,0,0
474,2017-04-19,21:05:16,500,pb1705,XSGE,16070,15990,16115,1196,95989550,25830,25820,16880,14675,15780,15915,0,16035,0,0,0,2017-04-20,75916500,16060,8,0,0,0,0,0,0,0,0,16070,4,0,0,0,0,0,0,0,0
475,2017-04-19,21:05:17,0,pb1705,XSGE,16070,15990,16115,1196,95989550,25830,25820,16880,14675,15780,15915,0,16035,0,0,0,2017-04-20,75917000,16065,1,0,0,0,0,0,0,0,0,16070,4,0,0,0,0,0,0,0,0
476,2017-04-19,21:05:17,500,pb1705,XSGE,16070,15990,16115,1202,96471650,25834,25820,16880,14675,15780,15915,0,16035,0,0,0,2017-04-20,75917500,16065,3,0,0,0,0,0,0,0,0,16070,1,0,0,0,0,0,0,0,0
477,2017-04-19,21:05:18,0,pb1705,XSGE,16070,15990,16115,1204,96632350,25836,25820,16880,14675,15780,15915,0,16035,0,0,0,2017-04-20,75918000,16070,2,0,0,0,0,0,0,0,0,16075,8,0,0,0,0,0,0,0,0
478,2017-04-19,21:05:18,500,pb1705,XSGE,16070,15990,16115,1204,96632350,25836,25820,16880,14675,15780,15915,0,16035,0,0,0,2017-04-20,75918500,16070,2,0,0,0,0,0,0,0,0,16075,7,0,0,0,0,0,0,0,0
479,2017-04-19,21:05:19,0,pb1705,XSGE,16075,15990,16115,1206,96793100,25836,25820,16880,14675,15780,15915,0,16035,0,0,0,2017-04-20,75919000,16070,3,0,0,0,0,0,0,0,0,16075,4,0,0,0,0,0,0,0,0
480,2017-04-19,21:05:19,500,pb1705,XSGE,16075,15990,16115,1206,96793100,25836,25820,16880,14675,15780,15915,0,16035,0,0,0,2017-04-20,75919500,16065,2,0,0,0,0,0,0,0,0,16075,4,0,0,0,0,0,0,0,0
481,2017-04-19,21:05:20,0,pb1705,XSGE,16065,15990,16115,1210,97114500,25836,25820,16880,14675,15780,15915,0,16035,0,0,0,2017-04-20,75920000,16065,2,0,0,0,0,0,0,0,0,16075,3,0,0,0,0,0,0,0,0
482,2017-04-19,21:05:20,500,pb1705,XSGE,16065,15990,16115,1210,97114500,25836,25820,16880,14675,15780,15915,0,16035,0,0,0,2017-04-20,75920500,16065,2,0,0,0,0,0,0,0,0,16075,3,0,0,0,0,0,0,0,0
483,2017-04-19,21:05:21,0,pb1705,XSGE,16065,15990,16115,1210,97114500,25836,25820,16880,14675,15780,15915,0,16035,0,0,0,2017-04-20,75921000,16065,1,0,0,0,0,0,0,0,0,16075,5,0,0,0,0,0,0,0,0
484,2017-04-19,21:05:21,500,pb1705,XSGE,16065,15990,16115,1212,97275150,25836,25820,16880,14675,15780,15915,0,16035,0,0,0,2017-04-20,75921500,16060,2,0,0,0,0,0,0,0,0,16075,5,0,0,0,0,0,0,0,0
485,2017-04-19,21:05:22,0,pb1705,XSGE,16065,15990,16115,1212,97275150,25836,25820,16880,14675,15780,15915,0,16035,0,0,0,2017-04-20,75922000,16060,1,0,0,0,0,0,0,0,0,16075,6,0,0,0,0,0,0,0,0
486,2017-04-19,21:05:22,500,pb1705,XSGE,16060,15990,16115,1214,97435750,25834,25820,16880,14675,15780,15915,0,16035,0,0,0,2017-04-20,75922500,16055,8,0,0,0,0,0,0,0,0,16070,1,0,0,0,0,0,0,0,0
487,2017-04-19,21:05:23,0,pb1705,XSGE,16060,15990,16115,1214,97435750,25834,25820,16880,14675,15780,15915,0,16035,0,0,0,2017-04-20,75923000,16055,7,0,0,0,0,0,0,0,0,16070,4,0,0,0,0,0,0,0,0
488,2017-04-19,21:05:23,500,pb1705,XSGE,16060,15990,16115,1214,97435750,25834,25820,16880,14675,15780,15915,0,16035,0,0,0,2017-04-20,75923500,16060,1,0,0,0,0,0,0,0,0,16070,5,0,0,0,0,0,0,0,0
489,2017-04-19,21:05:24,0,pb1705,XSGE,16060,15990,16115,1216,97596350,25834,25820,16880,14675,15780,15915,0,16035,0,0,0,2017-04-20,75924000,16055,7,0,0,0,0,0,0,0,0,16060,4,0,0,0,0,0,0,0,0
490,2017-04-19,21:05:24,500,pb1705,XSGE,16055,15990,16115,1222,98078000,25832,25820,16880,14675,15780,15915,0,16035,0,0,0,2017-04-20,75924500,16055,4,0,0,0,0,0,0,0,0,16060,3,0,0,0,0,0,0,0,0
491,2017-04-19,21:05:25,0,pb1705,XSGE,16055,15990,16115,1226,98399100,25832,25820,16880,14675,15780,15915,0,16035,0,0,0,2017-04-20,75925000,16050,1,0,0,0,0,0,0,0,0,16060,3,0,0,0,0,0,0,0,0
492,2017-04-19,21:05:26,0,pb1705,XSGE,16055,15990,16115,1226,98399100,25832,25820,16880,14675,15780,15915,0,16035,0,0,0,2017-04-20,75926000,16050,2,0,0,0,0,0,0,0,0,16060,3,0,0,0,0,0,0,0,0
493,2017-04-19,21:05:27,0,pb1705,XSGE,16055,15990,16115,1226,98399100,25832,25820,16880,14675,15780,15915,0,16035,0,0,0,2017-04-20,75927000,16055,1,0,0,0,0,0,0,0,0,16060,1,0,0,0,0,0,0,0,0
494,2017-04-19,21:05:27,500,pb1705,XSGE,16055,15990,16115,1226,98399100,25832,25820,16880,14675,15780,15915,0,16035,0,0,0,2017-04-20,75927500,16055,1,0,0,0,0,0,0,0,0,16060,4,0,0,0,0,0,0,0,0
495,2017-04-19,21:05:28,0,pb1705,XSGE,16060,15990,16115,1230,98720300,25830,25820,16880,14675,15780,15915,0,16035,0,0,0,2017-04-20,75928000,16055,1,0,0,0,0,0,0,0,0,16060,2,0,0,0,0,0,0,0,0
496,2017-04-19,21:05:28,500,pb1705,XSGE,16060,15990,16115,1230,98720300,25830,25820,16880,14675,15780,15915,0,16035,0,0,0,2017-04-20,75928500,16055,1,0,0,0,0,0,0,0,0,16060,2,0,0,0,0,0,0,0,0
497,2017-04-19,21:05:30,0,pb1705,XSGE,16060,15990,16115,1230,98720300,25830,25820,16880,14675,15780,15915,0,16035,0,0,0,2017-04-20,75930000,16055,1,0,0,0,0,0,0,0,0,16060,2,0,0,0,0,0,0,0,0
498,2017-04-19,21:05:31,0,pb1705,XSGE,16055,15990,16115,1232,98880850,25828,25820,16880,14675,15780,15915,0,16035,0,0,0,2017-04-20,75931000,16050,2,0,0,0,0,0,0,0,0,16060,2,0,0,0,0,0,0,0,0
499,2017-04-19,21:05:31,500,pb1705,XSGE,16055,15990,16115,1232,98880850,25828,25820,16880,14675,15780,15915,0,16035,0,0,0,2017-04-20,75931500,16050,3,0,0,0,0,0,0,0,0,16060,2,0,0,0,0,0,0,0,0
500,2017-04-19,21:05:33,0,pb1705,XSGE,16055,15990,16115,1232,98880850,25828,25820,16880,14675,15780,15915,0,16035,0,0,0,2017-04-20,75933000,16050,3,0,0,0,0,0,0,0,0,16060,3,0,0,0,0,0,0,0,0
501,2017-04-19,21:05:33,500,pb1705,XSGE,16060,15990,16115,1238,99362650,25830,25820,16880,14675,15780,15915,0,16035,0,0,0,2017-04-20,75933500,16055,1,0,0,0,0,0,0,0,0,16060,1,0,0,0,0,0,0,0,0
502,2017-04-19,21:05:34,0,pb1705,XSGE,16060,15990,16115,1240,99523250,25832,25820,16880,14675,15780,15915,0,16035,0,0,0,2017-04-20,75934000,16055,2,0,0,0,0,0,0,0,0,16065,1,0,0,0,0,0,0,0,0
503,2017-04-19,21:05:35,0,pb1705,XSGE,16060,15990,16115,1240,99523250,25832,25820,16880,14675,15780,15915,0,16035,0,0,0,2017-04-20,75935000,16055,2,0,0,0,0,0,0,0,0,16065,2,0,0,0,0,0,0,0,0
504,2017-04-19,21:05:35,500,pb1705,XSGE,16060,15990,16115,1240,99523250,25832,25820,16880,14675,15780,15915,0,16035,0,0,0,2017-04-20,75935500,16055,4,0,0,0,0,0,0,0,0,16065,2,0,0,0,0,0,0,0,0
505,2017-04-19,21:05:36,0,pb1705,XSGE,16060,15990,16115,1240,99523250,25832,25820,16880,14675,15780,15915,0,16035,0,0,0,2017-04-20,75936000,16055,2,0,0,0,0,0,0,0,0,16065,1,0,0,0,0,0,0,0,0
506,2017-04-19,21:05:36,500,pb1705,XSGE,16060,15990,16115,1240,99523250,25832,25820,16880,14675,15780,15915,0,16035,0,0,0,2017-04-20,75936500,16055,3,0,0,0,0,0,0,0,0,16065,1,0,0,0,0,0,0,0,0
507,2017-04-19,21:05:37,500,pb1705,XSGE,16060,15990,16115,1240,99523250,25832,25820,16880,14675,15780,15915,0,16035,0,0,0,2017-04-20,75937500,16055,8,0,0,0,0,0,0,0,0,16070,2,0,0,0,0,0,0,0,0
508,2017-04-19,21:05:38,500,pb1705,XSGE,16060,15990,16115,1240,99523250,25832,25820,16880,14675,15780,15915,0,16035,0,0,0,2017-04-20,75938500,16055,10,0,0,0,0,0,0,0,0,16070,2,0,0,0,0,0,0,0,0
509,2017-04-19,21:05:39,0,pb1705,XSGE,16060,15990,16115,1240,99523250,25832,25820,16880,14675,15780,15915,0,16035,0,0,0,2017-04-20,75939000,16055,8,0,0,0,0,0,0,0,0,16070,2,0,0,0,0,0,0,0,0
510,2017-04-19,21:05:40,0,pb1705,XSGE,16060,15990,16115,1240,99523250,25832,25820,16880,14675,15780,15915,0,16035,0,0,0,2017-04-20,75940000,16060,1,0,0,0,0,0,0,0,0,16070,2,0,0,0,0,0,0,0,0
511,2017-04-19,21:05:40,500,pb1705,XSGE,16060,15990,16115,1240,99523250,25832,25820,16880,14675,15780,15915,0,16035,0,0,0,2017-04-20,75940500,16060,1,0,0,0,0,0,0,0,0,16070,3,0,0,0,0,0,0,0,0
512,2017-04-19,21:05:41,0,pb1705,XSGE,16060,15990,16115,1240,99523250,25832,25820,16880,14675,15780,15915,0,16035,0,0,0,2017-04-20,75941000,16060,1,0,0,0,0,0,0,0,0,16070,5,0,0,0,0,0,0,0,0
513,2017-04-19,21:05:42,0,pb1705,XSGE,16060,15990,16115,1240,99523250,25832,25820,16880,14675,15780,15915,0,16035,0,0,0,2017-04-20,75942000,16060,6,0,0,0,0,0,0,0,0,16070,5,0,0,0,0,0,0,0,0
514,2017-04-19,21:05:45,0,pb1705,XSGE,16060,15990,16115,1240,99523250,25832,25820,16880,14675,15780,15915,0,16035,0,0,0,2017-04-20,75945000,16060,6,0,0,0,0,0,0,0,0,16070,5,0,0,0,0,0,0,0,0
515,2017-04-19,21:05:47,500,pb1705,XSGE,16060,15990,16115,1240,99523250,25832,25820,16880,14675,15780,15915,0,16035,0,0,0,2017-04-20,75947500,16060,6,0,0,0,0,0,0,0,0,16070,7,0,0,0,0,0,0,0,0
516,2017-04-19,21:05:53,500,pb1705,XSGE,16060,15990,16115,1240,99523250,25832,25820,16880,14675,15780,15915,0,16035,0,0,0,2017-04-20,75953500,16065,1,0,0,0,0,0,0,0,0,16070,7,0,0,0,0,0,0,0,0
517,2017-04-19,21:05:54,0,pb1705,XSGE,16060,15990,16115,1252,100486900,25822,25820,16880,14675,15780,15915,0,16035,0,0,0,2017-04-20,75954000,16060,2,0,0,0,0,0,0,0,0,16070,7,0,0,0,0,0,0,0,0
518,2017-04-19,21:05:55,500,pb1705,XSGE,16070,15990,16115,1258,100969000,25824,25820,16880,14675,15780,15915,0,16035,0,0,0,2017-04-20,75955500,16065,2,0,0,0,0,0,0,0,0,16070,2,0,0,0,0,0,0,0,0
519,2017-04-19,21:05:56,0,pb1705,XSGE,16065,15990,16115,1266,101611700,25828,25820,16880,14675,15780,15915,0,16035,0,0,0,2017-04-20,75956000,16060,15,0,0,0,0,0,0,0,0,16075,4,0,0,0,0,0,0,0,0
520,2017-04-19,21:05:56,500,pb1705,XSGE,16065,15990,16115,1266,101611700,25828,25820,16880,14675,15780,15915,0,16035,0,0,0,2017-04-20,75956500,16065,3,0,0,0,0,0,0,0,0,16075,4,0,0,0,0,0,0,0,0
521,2017-04-19,21:05:57,0,pb1705,XSGE,16070,15990,16115,1278,102575700,25830,25820,16880,14675,15780,15915,0,16035,0,0,0,2017-04-20,75957000,16070,7,0,0,0,0,0,0,0,0,16075,4,0,0,0,0,0,0,0,0
522,2017-04-19,21:05:57,500,pb1705,XSGE,16070,15990,16115,1292,103700600,25818,25820,16880,14675,15780,15915,0,16035,0,0,0,2017-04-20,75957500,16060,3,0,0,0,0,0,0,0,0,16065,1,0,0,0,0,0,0,0,0
523,2017-04-19,21:05:58,500,pb1705,XSGE,16070,15990,16115,1292,103700600,25818,25820,16880,14675,15780,15915,0,16035,0,0,0,2017-04-20,75958500,16060,3,0,0,0,0,0,0,0,0,16065,2,0,0,0,0,0,0,0,0
524,2017-04-19,21:05:59,0,pb1705,XSGE,16065,15990,16115,1296,104021900,25818,25820,16880,14675,15780,15915,0,16035,0,0,0,2017-04-20,75959000,16060,3,0,0,0,0,0,0,0,0,16075,3,0,0,0,0,0,0,0,0
525,2017-04-19,21:05:59,500,pb1705,XSGE,16065,15990,16115,1296,104021900,25818,25820,16880,14675,15780,15915,0,16035,0,0,0,2017-04-20,75959500,16060,8,0,0,0,0,0,0,0,0,16075,3,0,0,0,0,0,0,0,0
526,2017-04-19,21:06:00,0,pb1705,XSGE,16065,15990,16115,1296,104021900,25818,25820,16880,14675,15780,15915,0,16035,0,0,0,2017-04-20,75960000,16060,3,0,0,0,0,0,0,0,0,16075,3,0,0,0,0,0,0,0,0
527,2017-04-19,21:06:02,500,pb1705,XSGE,16065,15990,16115,1296,104021900,25818,25820,16880,14675,15780,15915,0,16035,0,0,0,2017-04-20,75962500,16060,7,0,0,0,0,0,0,0,0,16075,3,0,0,0,0,0,0,0,0
