,dataDate,dataTime,dataMillisec,instrumentID,exchangeCD,lastPrice,lowPrice,highPrice,volume,value,openInterest,preOpenInterest,upperLimitPrice,lowerLimitPrice,preSettlementPrice,prevClosePrice,settlementPrice,openPrice,closePrice,preDelta,currDelta,clearingDay,milliSecOffset,bidPrice1,bidVolume1,bidPrice2,bidVolume2,bidPrice3,bidVolume3,bidPrice4,bidVolume4,bidPrice5,bidVolume5,askPrice1,askVolume1,askPrice2,askVolume2,askPrice3,askVolume3,askPrice4,askVolume4,askPrice5,askVolume5
0,2017-04-20,08:59:00,94,pp1709,XDCE,7619,7619,7619,904,34437880,529348,529450,8030,7266,7648,7668,0,7619,0,0,0,2017-04-20,32340094,7619,32,0,0,0,0,0,0,0,0,7620,107,0,0,0,0,0,0,0,0
1,2017-04-20,09:00:00,147,pp1709,XDCE,7619,7619,7620,938,35733130,529348,529450,8030,7266,7648,7668,0,7619,0,0,0,2017-04-20,32400147,7619,17,0,0,0,0,0,0,0,0,7620,105,0,0,0,0,0,0,0,0
2,2017-04-20,09:00:00,644,pp1709,XDCE,7618,7617,7620,1272,48457700,529300,529450,8030,7266,7648,7668,0,7619,0,0,0,2017-04-20,32400644,7616,15,0,0,0,0,0,0,0,0,7619,118,0,0,0,0,0,0,0,0
3,2017-04-20,09:00:01,126,pp1709,XDCE,7616,7616,7620,1706,64989200,529348,529450,8030,7266,7648,7668,0,7619,0,0,0,2017-04-20,32401126,7616,47,0,0,0,0,0,0,0,0,7619,4,0,0,0,0,0,0,0,0
4,2017-04-20,09:00:01,646,pp1709,XDCE,7620,7616,7620,1958,74588340,529368,529450,8030,7266,7648,7668,0,7619,0,0,0,2017-04-20,32401646,7619,43,0,0,0,0,0,0,0,0,7620,24,0,0,0,0,0,0,0,0
5,2017-04-20,09:00:02,145,pp1709,XDCE,7620,7616,7632,2260,86097580,529388,529450,8030,7266,7648,7668,0,7619,0,0,0,2017-04-20,32402145,7624,5,0,0,0,0,0,0,0,0,7629,1,0,0,0,0,0,0,0,0
6,2017-04-20,09:00:02,643,pp1709,XDCE,7629,7616,7636,2534,96546800,529346,529450,8030,7266,7648,7668,0,7619,0,0,0,2017-04-20,32402643,7628,18,0,0,0,0,0,0,0,0,7629,1,0,0,0,0,0,0,0,0
7,2017-04-20,09:00:03,146,pp1709,XDCE,7630,7616,7636,2654,101125730,529290,529450,8030,7266,7648,7668,0,7619,0,0,0,2017-04-20,32403146,7630,11,0,0,0,0,0,0,0,0,7634,4,0,0,0,0,0,0,0,0
8,2017-04-20,09:00:03,640,pp1709,XDCE,7634,7616,7636,2792,106392980,529216,529450,8030,7266,7648,7668,0,7619,0,0,0,2017-04-20,32403640,7633,23,0,0,0,0,0,0,0,0,7635,5,0,0,0,0,0,0,0,0
9,2017-04-20,09:00:04,141,pp1709,XDCE,7635,7616,7636,2924,111431080,529132,529450,8030,7266,7648,7668,0,7619,0,0,0,2017-04-20,32404141,7635,3,0,0,0,0,0,0,0,0,7636,135,0,0,0,0,0,0,0,0
10,2017-04-20,09:00:04,638,pp1709,XDCE,7631,7616,7636,2998,114254980,529132,529450,8030,7266,7648,7668,0,7619,0,0,0,2017-04-20,32404638,7630,1,0,0,0,0,0,0,0,0,7631,32,0,0,0,0,0,0,0,0
11,2017-04-20,09:00:05,142,pp1709,XDCE,7630,7616,7636,3086,117612160,529096,529450,8030,7266,7648,7668,0,7619,0,0,0,2017-04-20,32405142,7629,24,0,0,0,0,0,0,0,0,7630,6,0,0,0,0,0,0,0,0
12,2017-04-20,09:00:05,604,pp1709,XDCE,7630,7616,7636,3170,120817210,529108,529450,8030,7266,7648,7668,0,7619,0,0,0,2017-04-20,32405604,7631,11,0,0,0,0,0,0,0,0,7635,1,0,0,0,0,0,0,0,0
13,2017-04-20,09:00:06,146,pp1709,XDCE,7635,7616,7636,3298,125702340,529096,529450,8030,7266,7648,7668,0,7619,0,0,0,2017-04-20,32406146,7634,2,0,0,0,0,0,0,0,0,7635,3,0,0,0,0,0,0,0,0
14,2017-04-20,09:00:06,636,pp1709,XDCE,7634,7616,7636,3376,128678990,529080,529450,8030,7266,7648,7668,0,7619,0,0,0,2017-04-20,32406636,7633,10,0,0,0,0,0,0,0,0,7634,10,0,0,0,0,0,0,0,0
15,2017-04-20,09:00:07,139,pp1709,XDCE,7632,7616,7636,3408,129900290,529076,529450,8030,7266,7648,7668,0,7619,0,0,0,2017-04-20,32407139,7631,10,0,0,0,0,0,0,0,0,7633,1,0,0,0,0,0,0,0,0
16,2017-04-20,09:00:07,642,pp1709,XDCE,7633,7616,7636,3410,129976620,529076,529450,8030,7266,7648,7668,0,7619,0,0,0,2017-04-20,32407642,7633,51,0,0,0,0,0,0,0,0,7634,3,0,0,0,0,0,0,0,0
17,2017-04-20,09:00:08,131,pp1709,XDCE,7635,7616,7636,3424,130511040,529068,529450,8030,7266,7648,7668,0,7619,0,0,0,2017-04-20,32408131,7634,9,0,0,0,0,0,0,0,0,7636,118,0,0,0,0,0,0,0,0
18,2017-04-20,09:00:08,615,pp1709,XDCE,7635,7616,7636,3466,132114420,529084,529450,8030,7266,7648,7668,0,7619,0,0,0,2017-04-20,32408615,7634,3,0,0,0,0,0,0,0,0,7635,14,0,0,0,0,0,0,0,0
19,2017-04-20,09:00:09,142,pp1709,XDCE,7635,7616,7636,3542,135015860,529074,529450,8030,7266,7648,7668,0,7619,0,0,0,2017-04-20,32409142,7635,4,0,0,0,0,0,0,0,0,7636,101,0,0,0,0,0,0,0,0
20,2017-04-20,09:00:09,644,pp1709,XDCE,7637,7616,7637,3746,142804590,529072,529450,8030,7266,7648,7668,0,7619,0,0,0,2017-04-20,32409644,7637,1,0,0,0,0,0,0,0,0,7638,16,0,0,0,0,0,0,0,0
21,2017-04-20,09:00:10,143,pp1709,XDCE,7639,7616,7639,3798,144790430,529084,529450,8030,7266,7648,7668,0,7619,0,0,0,2017-04-20,32410143,7639,32,0,0,0,0,0,0,0,0,7640,45,0,0,0,0,0,0,0,0
22,2017-04-20,09:00:10,639,pp1709,XDCE,7640,7616,7640,3928,149755930,529006,529450,8030,7266,7648,7668,0,7619,0,0,0,2017-04-20,32410639,7638,1,0,0,0,0,0,0,0,0,7640,36,0,0,0,0,0,0,0,0
23,2017-04-20,09:00:11,135,pp1709,XDCE,7639,7616,7640,4000,152505790,528984,529450,8030,7266,7648,7668,0,7619,0,0,0,2017-04-20,32411135,7639,5,0,0,0,0,0,0,0,0,7640,19,0,0,0,0,0,0,0,0
24,2017-04-20,09:00:11,641,pp1709,XDCE,7641,7616,7641,4070,155179840,528954,529450,8030,7266,7648,7668,0,7619,0,0,0,2017-04-20,32411641,7641,3,0,0,0,0,0,0,0,0,7642,10,0,0,0,0,0,0,0,0
25,2017-04-20,09:00:12,129,pp1709,XDCE,7640,7616,7642,4114,156860870,528944,529450,8030,7266,7648,7668,0,7619,0,0,0,2017-04-20,32412129,7640,5,0,0,0,0,0,0,0,0,7642,5,0,0,0,0,0,0,0,0
26,2017-04-20,09:00:12,631,pp1709,XDCE,7641,7616,7643,4170,159000610,528964,529450,8030,7266,7648,7668,0,7619,0,0,0,2017-04-20,32412631,7641,3,0,0,0,0,0,0,0,0,7644,5,0,0,0,0,0,0,0,0
27,2017-04-20,09:00:13,138,pp1709,XDCE,7644,7616,7644,4232,161369630,528916,529450,8030,7266,7648,7668,0,7619,0,0,0,2017-04-20,32413138,7644,11,0,0,0,0,0,0,0,0,7645,18,0,0,0,0,0,0,0,0
28,2017-04-20,09:00:13,623,pp1709,XDCE,7644,7616,7644,4282,163280550,528870,529450,8030,7266,7648,7668,0,7619,0,0,0,2017-04-20,32413623,7642,28,0,0,0,0,0,0,0,0,7644,2,0,0,0,0,0,0,0,0
29,2017-04-20,09:00:14,141,pp1709,XDCE,7644,7616,7644,4298,163892070,528874,529450,8030,7266,7648,7668,0,7619,0,0,0,2017-04-20,32414141,7644,9,0,0,0,0,0,0,0,0,7645,20,0,0,0,0,0,0,0,0
30,2017-04-20,09:00:14,645,pp1709,XDCE,7645,7616,7645,4364,166414720,528846,529450,8030,7266,7648,7668,0,7619,0,0,0,2017-04-20,32414645,7644,4,0,0,0,0,0,0,0,0,7645,11,0,0,0,0,0,0,0,0
31,2017-04-20,09:00:15,144,pp1709,XDCE,7645,7616,7645,4396,167637900,528826,529450,8030,7266,7648,7668,0,7619,0,0,0,2017-04-20,32415144,7645,2,0,0,0,0,0,0,0,0,7646,16,0,0,0,0,0,0,0,0
32,2017-04-20,09:00:15,640,pp1709,XDCE,7646,7616,7646,4410,168173070,528820,529450,8030,7266,7648,7668,0,7619,0,0,0,2017-04-20,32415640,7645,9,0,0,0,0,0,0,0,0,7646,16,0,0,0,0,0,0,0,0
33,2017-04-20,09:00:16,140,pp1709,XDCE,7645,7616,7646,4468,170390200,528808,529450,8030,7266,7648,7668,0,7619,0,0,0,2017-04-20,32416140,7644,36,0,0,0,0,0,0,0,0,7645,15,0,0,0,0,0,0,0,0
34,2017-04-20,09:00:16,635,pp1709,XDCE,7645,7616,7646,4504,171766300,528782,529450,8030,7266,7648,7668,0,7619,0,0,0,2017-04-20,32416635,7645,49,0,0,0,0,0,0,0,0,7646,9,0,0,0,0,0,0,0,0
35,2017-04-20,09:00:17,146,pp1709,XDCE,7645,7616,7646,4510,171995650,528780,529450,8030,7266,7648,7668,0,7619,0,0,0,2017-04-20,32417146,7645,52,0,0,0,0,0,0,0,0,7646,9,0,0,0,0,0,0,0,0
36,2017-04-20,09:00:17,615,pp1709,XDCE,7647,7616,7647,4560,173907050,528778,529450,8030,7266,7648,7668,0,7619,0,0,0,2017-04-20,32417615,7646,5,0,0,0,0,0,0,0,0,7647,21,0,0,0,0,0,0,0,0
37,2017-04-20,09:00:18,115,pp1709,XDCE,7645,7616,7647,4642,177041750,528832,529450,8030,7266,7648,7668,0,7619,0,0,0,2017-04-20,32418115,7645,78,0,0,0,0,0,0,0,0,7646,1,0,0,0,0,0,0,0,0
38,2017-04-20,09:00:18,644,pp1709,XDCE,7646,7616,7647,4656,177576910,528838,529450,8030,7266,7648,7668,0,7619,0,0,0,2017-04-20,32418644,7646,4,0,0,0,0,0,0,0,0,7647,11,0,0,0,0,0,0,0,0
39,2017-04-20,09:00:19,146,pp1709,XDCE,7645,7616,7647,4762,181629010,528856,529450,8030,7266,7648,7668,0,7619,0,0,0,2017-04-20,32419146,7645,39,0,0,0,0,0,0,0,0,7647,10,0,0,0,0,0,0,0,0
40,2017-04-20,09:00:19,646,pp1709,XDCE,7641,7616,7647,5208,198671390,528946,529450,8030,7266,7648,7668,0,7619,0,0,0,2017-04-20,32419646,7640,17,0,0,0,0,0,0,0,0,7641,108,0,0,0,0,0,0,0,0
41,2017-04-20,09:00:20,103,pp1709,XDCE,7644,7616,7647,5516,210438140,529016,529450,8030,7266,7648,7668,0,7619,0,0,0,2017-04-20,32420103,7640,13,0,0,0,0,0,0,0,0,7645,3,0,0,0,0,0,0,0,0
42,2017-04-20,09:00:20,610,pp1709,XDCE,7647,7616,7647,5794,221064750,528980,529450,8030,7266,7648,7668,0,7619,0,0,0,2017-04-20,32420610,7646,1,0,0,0,0,0,0,0,0,7648,33,0,0,0,0,0,0,0,0
43,2017-04-20,09:00:21,145,pp1709,XDCE,7647,7616,7648,5822,222135360,528954,529450,8030,7266,7648,7668,0,7619,0,0,0,2017-04-20,32421145,7647,16,0,0,0,0,0,0,0,0,7648,27,0,0,0,0,0,0,0,0
44,2017-04-20,09:00:21,603,pp1709,XDCE,7647,7616,7648,5874,224123650,528914,529450,8030,7266,7648,7668,0,7619,0,0,0,2017-04-20,32421603,7644,1,0,0,0,0,0,0,0,0,7647,16,0,0,0,0,0,0,0,0
45,2017-04-20,09:00:22,125,pp1709,XDCE,7644,7616,7648,5970,227793680,528846,529450,8030,7266,7648,7668,0,7619,0,0,0,2017-04-20,32422125,7647,57,0,0,0,0,0,0,0,0,7648,11,0,0,0,0,0,0,0,0
46,2017-04-20,09:00:22,644,pp1709,XDCE,7648,7616,7649,6078,231923990,528768,529450,8030,7266,7648,7668,0,7619,0,0,0,2017-04-20,32422644,7648,4,0,0,0,0,0,0,0,0,7650,74,0,0,0,0,0,0,0,0
47,2017-04-20,09:00:23,113,pp1709,XDCE,7650,7616,7650,6116,233377450,528768,529450,8030,7266,7648,7668,0,7619,0,0,0,2017-04-20,32423113,7649,2,0,0,0,0,0,0,0,0,7650,57,0,0,0,0,0,0,0,0
48,2017-04-20,09:00:23,646,pp1709,XDCE,7648,7616,7650,6140,234295220,528748,529450,8030,7266,7648,7668,0,7619,0,0,0,2017-04-20,32423646,7647,56,0,0,0,0,0,0,0,0,7648,31,0,0,0,0,0,0,0,0
49,2017-04-20,09:00:24,124,pp1709,XDCE,7648,7616,7650,6164,235212960,528738,529450,8030,7266,7648,7668,0,7619,0,0,0,2017-04-20,32424124,7647,58,0,0,0,0,0,0,0,0,7648,21,0,0,0,0,0,0,0,0
50,2017-04-20,09:00:24,610,pp1709,XDCE,7648,7616,7650,6216,237201400,528752,529450,8030,7266,7648,7668,0,7619,0,0,0,2017-04-20,32424610,7647,50,0,0,0,0,0,0,0,0,7648,6,0,0,0,0,0,0,0,0
51,2017-04-20,09:00:25,137,pp1709,XDCE,7647,7616,7650,6254,238654340,528770,529450,8030,7266,7648,7668,0,7619,0,0,0,2017-04-20,32425137,7647,32,0,0,0,0,0,0,0,0,7648,11,0,0,0,0,0,0,0,0
52,2017-04-20,09:00:25,621,pp1709,XDCE,7649,7616,7650,6366,242937170,528728,529450,8030,7266,7648,7668,0,7619,0,0,0,2017-04-20,32425621,7648,22,0,0,0,0,0,0,0,0,7649,1,0,0,0,0,0,0,0,0
53,2017-04-20,09:00:26,112,pp1709,XDCE,7648,7616,7650,6430,245384540,528714,529450,8030,7266,7648,7668,0,7619,0,0,0,2017-04-20,32426112,7647,10,0,0,0,0,0,0,0,0,7650,54,0,0,0,0,0,0,0,0
54,2017-04-20,09:00:26,637,pp1709,XDCE,7646,7616,7650,6530,249207840,528670,529450,8030,7266,7648,7668,0,7619,0,0,0,2017-04-20,32426637,7641,2,0,0,0,0,0,0,0,0,7646,28,0,0,0,0,0,0,0,0
55,2017-04-20,09:00:27,100,pp1709,XDCE,7642,7616,7650,6580,251119220,528630,529450,8030,7266,7648,7668,0,7619,0,0,0,2017-04-20,32427100,7642,9,0,0,0,0,0,0,0,0,7645,3,0,0,0,0,0,0,0,0
56,2017-04-20,09:00:27,647,pp1709,XDCE,7645,7616,7650,6610,252265780,528624,529450,8030,7266,7648,7668,0,7619,0,0,0,2017-04-20,32427647,7642,5,0,0,0,0,0,0,0,0,7645,6,0,0,0,0,0,0,0,0
57,2017-04-20,09:00:28,135,pp1709,XDCE,7647,7616,7650,6694,255477060,528610,529450,8030,7266,7648,7668,0,7619,0,0,0,2017-04-20,32428135,7645,5,0,0,0,0,0,0,0,0,7647,215,0,0,0,0,0,0,0,0
58,2017-04-20,09:00:28,639,pp1709,XDCE,7647,7616,7650,6696,255553530,528610,529450,8030,7266,7648,7668,0,7619,0,0,0,2017-04-20,32428639,7645,11,0,0,0,0,0,0,0,0,7647,214,0,0,0,0,0,0,0,0
59,2017-04-20,09:00:29,99,pp1709,XDCE,7647,7616,7650,6782,258841580,528634,529450,8030,7266,7648,7668,0,7619,0,0,0,2017-04-20,32429099,7645,3,0,0,0,0,0,0,0,0,7647,179,0,0,0,0,0,0,0,0
60,2017-04-20,09:00:29,643,pp1709,XDCE,7645,7616,7650,6798,259453180,528620,529450,8030,7266,7648,7668,0,7619,0,0,0,2017-04-20,32429643,7643,4,0,0,0,0,0,0,0,0,7645,7,0,0,0,0,0,0,0,0
61,2017-04-20,09:00:30,101,pp1709,XDCE,7645,7616,7650,6800,259529630,528620,529450,8030,7266,7648,7668,0,7619,0,0,0,2017-04-20,32430101,7643,4,0,0,0,0,0,0,0,0,7645,6,0,0,0,0,0,0,0,0
62,2017-04-20,09:00:30,639,pp1709,XDCE,7643,7616,7650,6810,259911820,528618,529450,8030,7266,7648,7668,0,7619,0,0,0,2017-04-20,32430639,7645,1,0,0,0,0,0,0,0,0,7646,1,0,0,0,0,0,0,0,0
63,2017-04-20,09:00:31,131,pp1709,XDCE,7644,7616,7650,6836,260905670,528606,529450,8030,7266,7648,7668,0,7619,0,0,0,2017-04-20,32431131,7643,1,0,0,0,0,0,0,0,0,7645,4,0,0,0,0,0,0,0,0
64,2017-04-20,09:00:31,646,pp1709,XDCE,7643,7616,7650,6844,261211450,528606,529450,8030,7266,7648,7668,0,7619,0,0,0,2017-04-20,32431646,7642,5,0,0,0,0,0,0,0,0,7645,17,0,0,0,0,0,0,0,0
65,2017-04-20,09:00:32,143,pp1709,XDCE,7645,7616,7650,6860,261822950,528614,529450,8030,7266,7648,7668,0,7619,0,0,0,2017-04-20,32432143,7642,3,0,0,0,0,0,0,0,0,7645,26,0,0,0,0,0,0,0,0
66,2017-04-20,09:00:32,599,pp1709,XDCE,7643,7616,7650,6898,263275140,528584,529450,8030,7266,7648,7668,0,7619,0,0,0,2017-04-20,32432599,7643,7,0,0,0,0,0,0,0,0,7645,26,0,0,0,0,0,0,0,0
67,2017-04-20,09:00:33,111,pp1709,XDCE,7645,7616,7650,6908,263657350,528586,529450,8030,7266,7648,7668,0,7619,0,0,0,2017-04-20,32433111,7643,4,0,0,0,0,0,0,0,0,7645,23,0,0,0,0,0,0,0,0
68,2017-04-20,09:00:33,598,pp1709,XDCE,7643,7616,7650,6932,264574630,528582,529450,8030,7266,7648,7668,0,7619,0,0,0,2017-04-20,32433598,7643,7,0,0,0,0,0,0,0,0,7645,15,0,0,0,0,0,0,0,0
69,2017-04-20,09:00:34,109,pp1709,XDCE,7646,7616,7650,6970,266027200,528580,529450,8030,7266,7648,7668,0,7619,0,0,0,2017-04-20,32434109,7645,62,0,0,0,0,0,0,0,0,7646,4,0,0,0,0,0,0,0,0
70,2017-04-20,09:00:34,596,pp1709,XDCE,7645,7616,7650,6978,266333010,528576,529450,8030,7266,7648,7668,0,7619,0,0,0,2017-04-20,32434596,7645,62,0,0,0,0,0,0,0,0,7646,3,0,0,0,0,0,0,0,0
71,2017-04-20,09:00:35,96,pp1709,XDCE,7645,7616,7650,6982,266485910,528574,529450,8030,7266,7648,7668,0,7619,0,0,0,2017-04-20,32435096,7645,73,0,0,0,0,0,0,0,0,7646,3,0,0,0,0,0,0,0,0
72,2017-04-20,09:00:35,620,pp1709,XDCE,7645,7616,7650,7136,272372580,528450,529450,8030,7266,7648,7668,0,7619,0,0,0,2017-04-20,32435620,7643,5,0,0,0,0,0,0,0,0,7645,13,0,0,0,0,0,0,0,0
73,2017-04-20,09:00:36,109,pp1709,XDCE,7643,7616,7650,7144,272678280,528448,529450,8030,7266,7648,7668,0,7619,0,0,0,2017-04-20,32436109,7643,50,0,0,0,0,0,0,0,0,7645,1,0,0,0,0,0,0,0,0
74,2017-04-20,09:00:36,642,pp1709,XDCE,7646,7616,7650,7168,273595770,528442,529450,8030,7266,7648,7668,0,7619,0,0,0,2017-04-20,32436642,7646,37,0,0,0,0,0,0,0,0,7647,200,0,0,0,0,0,0,0,0
75,2017-04-20,09:00:37,129,pp1709,XDCE,7647,7616,7650,7220,275583950,528434,529450,8030,7266,7648,7668,0,7619,0,0,0,2017-04-20,32437129,7646,20,0,0,0,0,0,0,0,0,7647,178,0,0,0,0,0,0,0,0
76,2017-04-20,09:00:37,624,pp1709,XDCE,7645,7616,7650,7280,277877720,528440,529450,8030,7266,7648,7668,0,7619,0,0,0,2017-04-20,32437624,7645,96,0,0,0,0,0,0,0,0,7646,1,0,0,0,0,0,0,0,0
77,2017-04-20,09:00:38,143,pp1709,XDCE,7643,7616,7650,7556,288427420,528480,529450,8030,7266,7648,7668,0,7619,0,0,0,2017-04-20,32438143,7642,1,0,0,0,0,0,0,0,0,7643,71,0,0,0,0,0,0,0,0
78,2017-04-20,09:00:38,608,pp1709,XDCE,7642,7616,7650,7828,298820580,528478,529450,8030,7266,7648,7668,0,7619,0,0,0,2017-04-20,32438608,7641,31,0,0,0,0,0,0,0,0,7642,69,0,0,0,0,0,0,0,0
79,2017-04-20,09:00:39,137,pp1709,XDCE,7643,7616,7650,8096,309060670,528414,529450,8030,7266,7648,7668,0,7619,0,0,0,2017-04-20,32439137,7641,4,0,0,0,0,0,0,0,0,7643,46,0,0,0,0,0,0,0,0
80,2017-04-20,09:00:39,594,pp1709,XDCE,7645,7616,7650,8192,312729340,528414,529450,8030,7266,7648,7668,0,7619,0,0,0,2017-04-20,32439594,7643,5,0,0,0,0,0,0,0,0,7645,6,0,0,0,0,0,0,0,0
81,2017-04-20,09:00:40,130,pp1709,XDCE,7643,7616,7650,8220,313799690,528424,529450,8030,7266,7648,7668,0,7619,0,0,0,2017-04-20,32440130,7644,4,0,0,0,0,0,0,0,0,7645,3,0,0,0,0,0,0,0,0
82,2017-04-20,09:00:40,596,pp1709,XDCE,7643,7616,7650,8242,314640460,528408,529450,8030,7266,7648,7668,0,7619,0,0,0,2017-04-20,32440596,7642,2,0,0,0,0,0,0,0,0,7643,5,0,0,0,0,0,0,0,0
83,2017-04-20,09:00:41,109,pp1709,XDCE,7641,7616,7650,8284,316245270,528378,529450,8030,7266,7648,7668,0,7619,0,0,0,2017-04-20,32441109,7641,5,0,0,0,0,0,0,0,0,7642,3,0,0,0,0,0,0,0,0
84,2017-04-20,09:00:41,613,pp1709,XDCE,7640,7616,7650,8366,319378050,528348,529450,8030,7266,7648,7668,0,7619,0,0,0,2017-04-20,32441613,7639,4,0,0,0,0,0,0,0,0,7640,20,0,0,0,0,0,0,0,0
85,2017-04-20,09:00:42,84,pp1709,XDCE,7639,7616,7650,8374,319683610,528354,529450,8030,7266,7648,7668,0,7619,0,0,0,2017-04-20,32442084,7638,13,0,0,0,0,0,0,0,0,7640,20,0,0,0,0,0,0,0,0
86,2017-04-20,09:00:42,644,pp1709,XDCE,7639,7616,7650,8398,320600340,528352,529450,8030,7266,7648,7668,0,7619,0,0,0,2017-04-20,32442644,7638,13,0,0,0,0,0,0,0,0,7639,5,0,0,0,0,0,0,0,0
87,2017-04-20,09:00:43,96,pp1709,XDCE,7638,7616,7650,8418,321364190,528354,529450,8030,7266,7648,7668,0,7619,0,0,0,2017-04-20,32443096,7639,5,0,0,0,0,0,0,0,0,7640,15,0,0,0,0,0,0,0,0
88,2017-04-20,09:00:43,596,pp1709,XDCE,7639,7616,7650,8456,322815700,528316,529450,8030,7266,7648,7668,0,7619,0,0,0,2017-04-20,32443596,7639,16,0,0,0,0,0,0,0,0,7640,7,0,0,0,0,0,0,0,0
89,2017-04-20,09:00:44,99,pp1709,XDCE,7644,7616,7650,8484,323885500,528312,529450,8030,7266,7648,7668,0,7619,0,0,0,2017-04-20,32444099,7642,30,0,0,0,0,0,0,0,0,7643,2,0,0,0,0,0,0,0,0
90,2017-04-20,09:00:44,595,pp1709,XDCE,7644,7616,7650,8524,325414360,528284,529450,8030,7266,7648,7668,0,7619,0,0,0,2017-04-20,32444595,7645,23,0,0,0,0,0,0,0,0,7646,7,0,0,0,0,0,0,0,0
91,2017-04-20,09:00:45,136,pp1709,XDCE,7645,7616,7650,8628,329389700,528234,529450,8030,7266,7648,7668,0,7619,0,0,0,2017-04-20,32445136,7644,15,0,0,0,0,0,0,0,0,7646,1,0,0,0,0,0,0,0,0
92,2017-04-20,09:00:45,595,pp1709,XDCE,7644,7616,7650,8636,329695490,528230,529450,8030,7266,7648,7668,0,7619,0,0,0,2017-04-20,32445595,7644,13,0,0,0,0,0,0,0,0,7645,5,0,0,0,0,0,0,0,0
93,2017-04-20,09:00:46,135,pp1709,XDCE,7646,7616,7650,8652,330307170,528226,529450,8030,7266,7648,7668,0,7619,0,0,0,2017-04-20,32446135,7644,15,0,0,0,0,0,0,0,0,7646,4,0,0,0,0,0,0,0,0
94,2017-04-20,09:00:46,630,pp1709,XDCE,7644,7616,7650,8714,332676810,528236,529450,8030,7266,7648,7668,0,7619,0,0,0,2017-04-20,32446630,7643,240,0,0,0,0,0,0,0,0,7644,75,0,0,0,0,0,0,0,0
95,2017-04-20,09:00:47,141,pp1709,XDCE,7641,7616,7650,9224,352166170,527756,529450,8030,7266,7648,7668,0,7619,0,0,0,2017-04-20,32447141,7640,95,0,0,0,0,0,0,0,0,7642,16,0,0,0,0,0,0,0,0
96,2017-04-20,09:00:47,603,pp1709,XDCE,7642,7616,7650,9226,352242590,527756,529450,8030,7266,7648,7668,0,7619,0,0,0,2017-04-20,32447603,7640,96,0,0,0,0,0,0,0,0,7641,4,0,0,0,0,0,0,0,0
97,2017-04-20,09:00:48,32,pp1709,XDCE,7640,7616,7650,9258,353465050,527748,529450,8030,7266,7648,7668,0,7619,0,0,0,2017-04-20,32448032,7640,105,0,0,0,0,0,0,0,0,7641,1,0,0,0,0,0,0,0,0
98,2017-04-20,09:00:48,625,pp1709,XDCE,7640,7616,7650,9302,355146060,527750,529450,8030,7266,7648,7668,0,7619,0,0,0,2017-04-20,32448625,7640,94,0,0,0,0,0,0,0,0,7643,27,0,0,0,0,0,0,0,0
99,2017-04-20,09:00:49,60,pp1709,XDCE,7640,7616,7650,9308,355375260,527750,529450,8030,7266,7648,7668,0,7619,0,0,0,2017-04-20,32449060,7641,25,0,0,0,0,0,0,0,0,7642,8,0,0,0,0,0,0,0,0
100,2017-04-20,09:00:49,603,pp1709,XDCE,7642,7616,7650,9334,356368520,527748,529450,8030,7266,7648,7668,0,7619,0,0,0,2017-04-20,32449603,7641,15,0,0,0,0,0,0,0,0,7642,5,0,0,0,0,0,0,0,0
101,2017-04-20,09:00:50,145,pp1709,XDCE,7641,7616,7650,9352,357056230,527742,529450,8030,7266,7648,7668,0,7619,0,0,0,2017-04-20,32450145,7641,8,0,0,0,0,0,0,0,0,7642,3,0,0,0,0,0,0,0,0
102,2017-04-20,09:00:50,640,pp1709,XDCE,7641,7616,7650,9372,357820360,527734,529450,8030,7266,7648,7668,0,7619,0,0,0,2017-04-20,32450640,7641,52,0,0,0,0,0,0,0,0,7643,23,0,0,0,0,0,0,0,0
103,2017-04-20,09:00:51,128,pp1709,XDCE,7643,7616,7650,9454,360953750,527674,529450,8030,7266,7648,7668,0,7619,0,0,0,2017-04-20,32451128,7643,23,0,0,0,0,0,0,0,0,7644,93,0,0,0,0,0,0,0,0
104,2017-04-20,09:00:51,636,pp1709,XDCE,7644,7616,7650,9484,362100350,527678,529450,8030,7266,7648,7668,0,7619,0,0,0,2017-04-20,32451636,7643,22,0,0,0,0,0,0,0,0,7644,78,0,0,0,0,0,0,0,0
105,2017-04-20,09:00:52,98,pp1709,XDCE,7645,7616,7650,9654,368597780,527634,529450,8030,7266,7648,7668,0,7619,0,0,0,2017-04-20,32452098,7645,2,0,0,0,0,0,0,0,0,7646,4,0,0,0,0,0,0,0,0
106,2017-04-20,09:00:52,636,pp1709,XDCE,7646,7616,7650,9710,370738290,527588,529450,8030,7266,7648,7668,0,7619,0,0,0,2017-04-20,32452636,7645,2,0,0,0,0,0,0,0,0,7646,8,0,0,0,0,0,0,0,0
107,2017-04-20,09:00:53,99,pp1709,XDCE,7644,7616,7650,9720,371120520,527584,529450,8030,7266,7648,7668,0,7619,0,0,0,2017-04-20,32453099,7644,7,0,0,0,0,0,0,0,0,7645,1,0,0,0,0,0,0,0,0
108,2017-04-20,09:00:53,641,pp1709,XDCE,7645,7616,7650,9722,371196970,527584,529450,8030,7266,7648,7668,0,7619,0,0,0,2017-04-20,32453641,7646,7,0,0,0,0,0,0,0,0,7647,5,0,0,0,0,0,0,0,0
109,2017-04-20,09:00:54,140,pp1709,XDCE,7645,7616,7650,9760,372649610,527550,529450,8030,7266,7648,7668,0,7619,0,0,0,2017-04-20,32454140,7644,17,0,0,0,0,0,0,0,0,7645,25,0,0,0,0,0,0,0,0
110,2017-04-20,09:00:54,647,pp1709,XDCE,7645,7616,7650,9790,373796270,527550,529450,8030,7266,7648,7668,0,7619,0,0,0,2017-04-20,32454647,7645,4,0,0,0,0,0,0,0,0,7646,3,0,0,0,0,0,0,0,0
111,2017-04-20,09:00:55,99,pp1709,XDCE,7645,7616,7650,9828,375248740,527538,529450,8030,7266,7648,7668,0,7619,0,0,0,2017-04-20,32455099,7643,26,0,0,0,0,0,0,0,0,7645,29,0,0,0,0,0,0,0,0
112,2017-04-20,09:00:55,629,pp1709,XDCE,7643,7616,7650,9836,375554460,527530,529450,8030,7266,7648,7668,0,7619,0,0,0,2017-04-20,32455629,7643,22,0,0,0,0,0,0,0,0,7645,11,0,0,0,0,0,0,0,0
113,2017-04-20,09:00:56,141,pp1709,XDCE,7643,7616,7650,9860,376471770,527506,529450,8030,7266,7648,7668,0,7619,0,0,0,2017-04-20,32456141,7643,19,0,0,0,0,0,0,0,0,7645,4,0,0,0,0,0,0,0,0
114,2017-04-20,09:00:56,605,pp1709,XDCE,7642,7616,7650,9924,378917450,527510,529450,8030,7266,7648,7668,0,7619,0,0,0,2017-04-20,32456605,7642,3,0,0,0,0,0,0,0,0,7643,32,0,0,0,0,0,0,0,0
115,2017-04-20,09:00:57,136,pp1709,XDCE,7643,7616,7650,9934,379299560,527506,529450,8030,7266,7648,7668,0,7619,0,0,0,2017-04-20,32457136,7641,59,0,0,0,0,0,0,0,0,7643,29,0,0,0,0,0,0,0,0
116,2017-04-20,09:00:57,604,pp1709,XDCE,7643,7616,7650,9936,379375990,527506,529450,8030,7266,7648,7668,0,7619,0,0,0,2017-04-20,32457604,7641,64,0,0,0,0,0,0,0,0,7642,16,0,0,0,0,0,0,0,0
117,2017-04-20,09:00:58,134,pp1709,XDCE,7643,7616,7650,9936,379375990,527506,529450,8030,7266,7648,7668,0,7619,0,0,0,2017-04-20,32458134,7641,64,0,0,0,0,0,0,0,0,7642,23,0,0,0,0,0,0,0,0
118,2017-04-20,09:00:58,637,pp1709,XDCE,7643,7616,7650,9946,379758140,527516,529450,8030,7266,7648,7668,0,7619,0,0,0,2017-04-20,32458637,7641,64,0,0,0,0,0,0,0,0,7642,18,0,0,0,0,0,0,0,0
119,2017-04-20,09:00:59,138,pp1709,XDCE,7643,7616,7650,10084,385030660,527510,529450,8030,7266,7648,7668,0,7619,0,0,0,2017-04-20,32459138,7642,2,0,0,0,0,0,0,0,0,7643,38,0,0,0,0,0,0,0,0
120,2017-04-20,09:00:59,633,pp1709,XDCE,7642,7616,7650,10094,385412760,527510,529450,8030,7266,7648,7668,0,7619,0,0,0,2017-04-20,32459633,7642,4,0,0,0,0,0,0,0,0,7643,38,0,0,0,0,0,0,0,0
121,2017-04-20,09:01:00,133,pp1709,XDCE,7642,7616,7650,10106,385871280,527504,529450,8030,7266,7648,7668,0,7619,0,0,0,2017-04-20,32460133,7642,1,0,0,0,0,0,0,0,0,7643,38,0,0,0,0,0,0,0,0
122,2017-04-20,09:01:00,599,pp1709,XDCE,7643,7616,7650,10272,392214340,527494,529450,8030,7266,7648,7668,0,7619,0,0,0,2017-04-20,32460599,7642,163,0,0,0,0,0,0,0,0,7643,9,0,0,0,0,0,0,0,0
123,2017-04-20,09:01:01,145,pp1709,XDCE,7645,7616,7650,10318,393972350,527490,529450,8030,7266,7648,7668,0,7619,0,0,0,2017-04-20,32461145,7643,35,0,0,0,0,0,0,0,0,7645,79,0,0,0,0,0,0,0,0
124,2017-04-20,09:01:01,633,pp1709,XDCE,7647,7616,7650,10496,400776480,527476,529450,8030,7266,7648,7668,0,7619,0,0,0,2017-04-20,32461633,7646,6,0,0,0,0,0,0,0,0,7647,8,0,0,0,0,0,0,0,0
125,2017-04-20,09:01:02,125,pp1709,XDCE,7644,7616,7650,10604,404904880,527378,529450,8030,7266,7648,7668,0,7619,0,0,0,2017-04-20,32462125,7645,8,0,0,0,0,0,0,0,0,7646,5,0,0,0,0,0,0,0,0
126,2017-04-20,09:01:02,642,pp1709,XDCE,7645,7616,7650,10628,405822310,527362,529450,8030,7266,7648,7668,0,7619,0,0,0,2017-04-20,32462642,7644,1,0,0,0,0,0,0,0,0,7645,11,0,0,0,0,0,0,0,0
127,2017-04-20,09:01:03,137,pp1709,XDCE,7643,7616,7650,10654,406816100,527350,529450,8030,7266,7648,7668,0,7619,0,0,0,2017-04-20,32463137,7643,8,0,0,0,0,0,0,0,0,7645,19,0,0,0,0,0,0,0,0
128,2017-04-20,09:01:03,646,pp1709,XDCE,7643,7616,7650,10688,408115440,527316,529450,8030,7266,7648,7668,0,7619,0,0,0,2017-04-20,32463646,7643,2,0,0,0,0,0,0,0,0,7644,17,0,0,0,0,0,0,0,0
129,2017-04-20,09:01:04,115,pp1709,XDCE,7644,7616,7650,10698,408497620,527316,529450,8030,7266,7648,7668,0,7619,0,0,0,2017-04-20,32464115,7642,172,0,0,0,0,0,0,0,0,7644,46,0,0,0,0,0,0,0,0
130,2017-04-20,09:01:04,637,pp1709,XDCE,7642,7616,7650,11066,422558820,526972,529450,8030,7266,7648,7668,0,7619,0,0,0,2017-04-20,32464637,7641,17,0,0,0,0,0,0,0,0,7642,9,0,0,0,0,0,0,0,0
131,2017-04-20,09:01:05,140,pp1709,XDCE,7640,7616,7650,11230,428825090,526912,529450,8030,7266,7648,7668,0,7619,0,0,0,2017-04-20,32465140,7640,19,0,0,0,0,0,0,0,0,7641,8,0,0,0,0,0,0,0,0
132,2017-04-20,09:01:05,642,pp1709,XDCE,7640,7616,7650,11276,430582290,526916,529450,8030,7266,7648,7668,0,7619,0,0,0,2017-04-20,32465642,7639,4,0,0,0,0,0,0,0,0,7641,22,0,0,0,0,0,0,0,0
133,2017-04-20,09:01:06,121,pp1709,XDCE,7640,7616,7650,11284,430887890,526914,529450,8030,7266,7648,7668,0,7619,0,0,0,2017-04-20,32466121,7639,4,0,0,0,0,0,0,0,0,7640,9,0,0,0,0,0,0,0,0
134,2017-04-20,09:01:06,600,pp1709,XDCE,7638,7616,7650,11304,431651750,526916,529450,8030,7266,7648,7668,0,7619,0,0,0,2017-04-20,32466600,7638,13,0,0,0,0,0,0,0,0,7639,3,0,0,0,0,0,0,0,0
135,2017-04-20,09:01:07,105,pp1709,XDCE,7639,7616,7650,11376,434401730,526894,529450,8030,7266,7648,7668,0,7619,0,0,0,2017-04-20,32467105,7638,7,0,0,0,0,0,0,0,0,7640,22,0,0,0,0,0,0,0,0
136,2017-04-20,09:01:07,643,pp1709,XDCE,7638,7616,7650,11400,435318280,526880,529450,8030,7266,7648,7668,0,7619,0,0,0,2017-04-20,32467643,7636,5,0,0,0,0,0,0,0,0,7639,5,0,0,0,0,0,0,0,0
137,2017-04-20,09:01:08,146,pp1709,XDCE,7639,7616,7650,11412,435776590,526882,529450,8030,7266,7648,7668,0,7619,0,0,0,2017-04-20,32468146,7636,4,0,0,0,0,0,0,0,0,7639,5,0,0,0,0,0,0,0,0
138,2017-04-20,09:01:08,599,pp1709,XDCE,7636,7616,7650,11428,436387530,526888,529450,8030,7266,7648,7668,0,7619,0,0,0,2017-04-20,32468599,7636,78,0,0,0,0,0,0,0,0,7639,4,0,0,0,0,0,0,0,0
139,2017-04-20,09:01:09,126,pp1709,XDCE,7636,7616,7650,11528,440206390,526876,529450,8030,7266,7648,7668,0,7619,0,0,0,2017-04-20,32469126,7636,36,0,0,0,0,0,0,0,0,7638,5,0,0,0,0,0,0,0,0
140,2017-04-20,09:01:09,598,pp1709,XDCE,7640,7616,7650,11642,444560750,526818,529450,8030,7266,7648,7668,0,7619,0,0,0,2017-04-20,32469598,7636,9,0,0,0,0,0,0,0,0,7637,1,0,0,0,0,0,0,0,0
141,2017-04-20,09:01:10,105,pp1709,XDCE,7636,7616,7650,11676,445858920,526828,529450,8030,7266,7648,7668,0,7619,0,0,0,2017-04-20,32470105,7638,4,0,0,0,0,0,0,0,0,7640,11,0,0,0,0,0,0,0,0
142,2017-04-20,09:01:10,637,pp1709,XDCE,7638,7616,7650,11720,447539300,526806,529450,8030,7266,7648,7668,0,7619,0,0,0,2017-04-20,32470637,7638,19,0,0,0,0,0,0,0,0,7640,8,0,0,0,0,0,0,0,0
143,2017-04-20,09:01:11,100,pp1709,XDCE,7638,7616,7650,11786,450060160,526742,529450,8030,7266,7648,7668,0,7619,0,0,0,2017-04-20,32471100,7637,73,0,0,0,0,0,0,0,0,7638,18,0,0,0,0,0,0,0,0
144,2017-04-20,09:01:11,471,pp1709,XDCE,7638,7616,7650,11834,451893280,526702,529450,8030,7266,7648,7668,0,7619,0,0,0,2017-04-20,32471471,7639,1,0,0,0,0,0,0,0,0,7640,1,0,0,0,0,0,0,0,0
145,2017-04-20,09:01:12,116,pp1709,XDCE,7638,7616,7650,11836,451969660,526702,529450,8030,7266,7648,7668,0,7619,0,0,0,2017-04-20,32472116,7637,74,0,0,0,0,0,0,0,0,7638,16,0,0,0,0,0,0,0,0
146,2017-04-20,09:01:12,528,pp1709,XDCE,7637,7616,7650,11874,453420850,526694,529450,8030,7266,7648,7668,0,7619,0,0,0,2017-04-20,32472528,7637,71,0,0,0,0,0,0,0,0,7638,4,0,0,0,0,0,0,0,0
147,2017-04-20,09:01:13,76,pp1709,XDCE,7638,7616,7650,11918,455101320,526678,529450,8030,7266,7648,7668,0,7619,0,0,0,2017-04-20,32473076,7637,69,0,0,0,0,0,0,0,0,7639,88,0,0,0,0,0,0,0,0
148,2017-04-20,09:01:13,598,pp1709,XDCE,7637,7616,7650,11922,455254070,526678,529450,8030,7266,7648,7668,0,7619,0,0,0,2017-04-20,32473598,7637,68,0,0,0,0,0,0,0,0,7638,2,0,0,0,0,0,0,0,0
149,2017-04-20,09:01:14,96,pp1709,XDCE,7637,7616,7650,11922,455254070,526678,529450,8030,7266,7648,7668,0,7619,0,0,0,2017-04-20,32474096,7637,69,0,0,0,0,0,0,0,0,7638,3,0,0,0,0,0,0,0,0
150,2017-04-20,09:01:14,627,pp1709,XDCE,7637,7616,7650,11944,456094220,526680,529450,8030,7266,7648,7668,0,7619,0,0,0,2017-04-20,32474627,7637,65,0,0,0,0,0,0,0,0,7638,1,0,0,0,0,0,0,0,0
151,2017-04-20,09:01:15,138,pp1709,XDCE,7638,7616,7650,12004,458385420,526718,529450,8030,7266,7648,7668,0,7619,0,0,0,2017-04-20,32475138,7637,45,0,0,0,0,0,0,0,0,7638,11,0,0,0,0,0,0,0,0
152,2017-04-20,09:01:15,634,pp1709,XDCE,7637,7616,7650,12052,460218390,526710,529450,8030,7266,7648,7668,0,7619,0,0,0,2017-04-20,32475634,7637,30,0,0,0,0,0,0,0,0,7638,13,0,0,0,0,0,0,0,0
153,2017-04-20,09:01:16,95,pp1709,XDCE,7637,7616,7650,12118,462738610,526734,529450,8030,7266,7648,7668,0,7619,0,0,0,2017-04-20,32476095,7636,13,0,0,0,0,0,0,0,0,7637,21,0,0,0,0,0,0,0,0
154,2017-04-20,09:01:16,598,pp1709,XDCE,7636,7616,7650,12206,466098760,526714,529450,8030,7266,7648,7668,0,7619,0,0,0,2017-04-20,32476598,7635,26,0,0,0,0,0,0,0,0,7636,18,0,0,0,0,0,0,0,0
155,2017-04-20,09:01:17,99,pp1709,XDCE,7636,7616,7650,12238,467320520,526682,529450,8030,7266,7648,7668,0,7619,0,0,0,2017-04-20,32477099,7635,26,0,0,0,0,0,0,0,0,7636,7,0,0,0,0,0,0,0,0
156,2017-04-20,09:01:17,647,pp1709,XDCE,7636,7616,7650,12244,467549600,526676,529450,8030,7266,7648,7668,0,7619,0,0,0,2017-04-20,32477647,7635,26,0,0,0,0,0,0,0,0,7636,5,0,0,0,0,0,0,0,0
157,2017-04-20,09:01:18,120,pp1709,XDCE,7636,7616,7650,12270,468542180,526694,529450,8030,7266,7648,7668,0,7619,0,0,0,2017-04-20,32478120,7635,16,0,0,0,0,0,0,0,0,7636,4,0,0,0,0,0,0,0,0
158,2017-04-20,09:01:18,452,pp1709,XDCE,7636,7616,7650,12270,468542180,526694,529450,8030,7266,7648,7668,0,7619,0,0,0,2017-04-20,32478452,7635,16,0,0,0,0,0,0,0,0,7636,5,0,0,0,0,0,0,0,0
159,2017-04-20,09:01:19,61,pp1709,XDCE,7635,7616,7650,12274,468694890,526696,529450,8030,7266,7648,7668,0,7619,0,0,0,2017-04-20,32479061,7635,15,0,0,0,0,0,0,0,0,7636,4,0,0,0,0,0,0,0,0
160,2017-04-20,09:01:19,603,pp1709,XDCE,7637,7616,7650,12310,470069490,526662,529450,8030,7266,7648,7668,0,7619,0,0,0,2017-04-20,32479603,7635,14,0,0,0,0,0,0,0,0,7637,23,0,0,0,0,0,0,0,0
161,2017-04-20,09:01:20,98,pp1709,XDCE,7635,7616,7650,12316,470298550,526664,529450,8030,7266,7648,7668,0,7619,0,0,0,2017-04-20,32480098,7635,12,0,0,0,0,0,0,0,0,7637,23,0,0,0,0,0,0,0,0
162,2017-04-20,09:01:20,596,pp1709,XDCE,7636,7616,7650,12322,470527630,526664,529450,8030,7266,7648,7668,0,7619,0,0,0,2017-04-20,32480596,7636,7,0,0,0,0,0,0,0,0,7637,23,0,0,0,0,0,0,0,0
163,2017-04-20,09:01:21,137,pp1709,XDCE,7637,7616,7650,12348,471520420,526646,529450,8030,7266,7648,7668,0,7619,0,0,0,2017-04-20,32481137,7636,6,0,0,0,0,0,0,0,0,7637,12,0,0,0,0,0,0,0,0
164,2017-04-20,09:01:21,603,pp1709,XDCE,7637,7616,7650,12372,472436860,526642,529450,8030,7266,7648,7668,0,7619,0,0,0,2017-04-20,32481603,7637,3,0,0,0,0,0,0,0,0,7638,1,0,0,0,0,0,0,0,0
165,2017-04-20,09:01:22,126,pp1709,XDCE,7635,7616,7650,12406,473735000,526656,529450,8030,7266,7648,7668,0,7619,0,0,0,2017-04-20,32482126,7635,18,0,0,0,0,0,0,0,0,7637,13,0,0,0,0,0,0,0,0
166,2017-04-20,09:01:22,572,pp1709,XDCE,7636,7616,7650,12408,473811360,526656,529450,8030,7266,7648,7668,0,7619,0,0,0,2017-04-20,32482572,7635,18,0,0,0,0,0,0,0,0,7637,13,0,0,0,0,0,0,0,0
167,2017-04-20,09:01:23,106,pp1709,XDCE,7636,7616,7650,12408,473811360,526656,529450,8030,7266,7648,7668,0,7619,0,0,0,2017-04-20,32483106,7635,19,0,0,0,0,0,0,0,0,7636,4,0,0,0,0,0,0,0,0
168,2017-04-20,09:01:23,634,pp1709,XDCE,7637,7616,7650,12446,475262110,526658,529450,8030,7266,7648,7668,0,7619,0,0,0,2017-04-20,32483634,7635,12,0,0,0,0,0,0,0,0,7637,10,0,0,0,0,0,0,0,0
169,2017-04-20,09:01:24,96,pp1709,XDCE,7635,7616,7650,12476,476407360,526680,529450,8030,7266,7648,7668,0,7619,0,0,0,2017-04-20,32484096,7635,5,0,0,0,0,0,0,0,0,7637,4,0,0,0,0,0,0,0,0
170,2017-04-20,09:01:24,598,pp1709,XDCE,7635,7616,7650,12494,477094540,526686,529450,8030,7266,7648,7668,0,7619,0,0,0,2017-04-20,32484598,7635,5,0,0,0,0,0,0,0,0,7636,1,0,0,0,0,0,0,0,0
171,2017-04-20,09:01:25,146,pp1709,XDCE,7636,7616,7650,12504,477476330,526678,529450,8030,7266,7648,7668,0,7619,0,0,0,2017-04-20,32485146,7636,4,0,0,0,0,0,0,0,0,7637,4,0,0,0,0,0,0,0,0
172,2017-04-20,09:01:25,636,pp1709,XDCE,7636,7616,7650,12564,479767130,526684,529450,8030,7266,7648,7668,0,7619,0,0,0,2017-04-20,32485636,7634,19,0,0,0,0,0,0,0,0,7635,57,0,0,0,0,0,0,0,0
173,2017-04-20,09:01:26,111,pp1709,XDCE,7634,7616,7650,12578,480301520,526688,529450,8030,7266,7648,7668,0,7619,0,0,0,2017-04-20,32486111,7634,13,0,0,0,0,0,0,0,0,7635,59,0,0,0,0,0,0,0,0
174,2017-04-20,09:01:26,632,pp1709,XDCE,7637,7616,7650,12848,490609640,526526,529450,8030,7266,7648,7668,0,7619,0,0,0,2017-04-20,32486632,7637,12,0,0,0,0,0,0,0,0,7638,26,0,0,0,0,0,0,0,0
175,2017-04-20,09:01:27,132,pp1709,XDCE,7641,7616,7650,13100,500234460,526480,529450,8030,7266,7648,7668,0,7619,0,0,0,2017-04-20,32487132,7639,4,0,0,0,0,0,0,0,0,7642,2,0,0,0,0,0,0,0,0
176,2017-04-20,09:01:27,633,pp1709,XDCE,7642,7616,7650,13126,501227890,526458,529450,8030,7266,7648,7668,0,7619,0,0,0,2017-04-20,32487633,7642,12,0,0,0,0,0,0,0,0,7643,2,0,0,0,0,0,0,0,0
177,2017-04-20,09:01:28,98,pp1709,XDCE,7641,7616,7650,13178,503214740,526434,529450,8030,7266,7648,7668,0,7619,0,0,0,2017-04-20,32488098,7641,12,0,0,0,0,0,0,0,0,7642,13,0,0,0,0,0,0,0,0
178,2017-04-20,09:01:28,596,pp1709,XDCE,7642,7616,7650,13206,504284610,526434,529450,8030,7266,7648,7668,0,7619,0,0,0,2017-04-20,32488596,7642,11,0,0,0,0,0,0,0,0,7644,3,0,0,0,0,0,0,0,0
179,2017-04-20,09:01:29,134,pp1709,XDCE,7642,7616,7650,13206,504284610,526434,529450,8030,7266,7648,7668,0,7619,0,0,0,2017-04-20,32489134,7642,14,0,0,0,0,0,0,0,0,7644,1,0,0,0,0,0,0,0,0
180,2017-04-20,09:01:29,640,pp1709,XDCE,7644,7616,7650,13208,504361050,526434,529450,8030,7266,7648,7668,0,7619,0,0,0,2017-04-20,32489640,7643,3,0,0,0,0,0,0,0,0,7645,5,0,0,0,0,0,0,0,0
181,2017-04-20,09:01:30,90,pp1709,XDCE,7645,7616,7650,13210,504437500,526432,529450,8030,7266,7648,7668,0,7619,0,0,0,2017-04-20,32490090,7643,18,0,0,0,0,0,0,0,0,7645,4,0,0,0,0,0,0,0,0
182,2017-04-20,09:01:30,610,pp1709,XDCE,7645,7616,7650,13236,505431350,526416,529450,8030,7266,7648,7668,0,7619,0,0,0,2017-04-20,32490610,7643,18,0,0,0,0,0,0,0,0,7645,16,0,0,0,0,0,0,0,0
183,2017-04-20,09:01:31,146,pp1709,XDCE,7645,7616,7650,13236,505431350,526416,529450,8030,7266,7648,7668,0,7619,0,0,0,2017-04-20,32491146,7643,8,0,0,0,0,0,0,0,0,7645,13,0,0,0,0,0,0,0,0
184,2017-04-20,09:01:31,644,pp1709,XDCE,7645,7616,7650,13244,505737120,526412,529450,8030,7266,7648,7668,0,7619,0,0,0,2017-04-20,32491644,7644,9,0,0,0,0,0,0,0,0,7645,12,0,0,0,0,0,0,0,0
185,2017-04-20,09:01:32,95,pp1709,XDCE,7645,7616,7650,13252,506042920,526406,529450,8030,7266,7648,7668,0,7619,0,0,0,2017-04-20,32492095,7644,9,0,0,0,0,0,0,0,0,7645,12,0,0,0,0,0,0,0,0
186,2017-04-20,09:01:32,601,pp1709,XDCE,7647,7616,7650,13302,507954290,526364,529450,8030,7266,7648,7668,0,7619,0,0,0,2017-04-20,32492601,7646,35,0,0,0,0,0,0,0,0,7648,8,0,0,0,0,0,0,0,0
187,2017-04-20,09:01:33,132,pp1709,XDCE,7646,7616,7650,13334,509177650,526332,529450,8030,7266,7648,7668,0,7619,0,0,0,2017-04-20,32493132,7646,5,0,0,0,0,0,0,0,0,7647,6,0,0,0,0,0,0,0,0
188,2017-04-20,09:01:34,94,pp1709,XDCE,7646,7616,7650,13380,510936370,526318,529450,8030,7266,7648,7668,0,7619,0,0,0,2017-04-20,32494094,7645,95,0,0,0,0,0,0,0,0,7646,4,0,0,0,0,0,0,0,0
189,2017-04-20,09:01:34,647,pp1709,XDCE,7647,7616,7650,13436,513077070,526324,529450,8030,7266,7648,7668,0,7619,0,0,0,2017-04-20,32494647,7645,77,0,0,0,0,0,0,0,0,7646,1,0,0,0,0,0,0,0,0
190,2017-04-20,09:01:35,142,pp1709,XDCE,7646,7616,7650,13438,513153530,526326,529450,8030,7266,7648,7668,0,7619,0,0,0,2017-04-20,32495142,7645,77,0,0,0,0,0,0,0,0,7648,15,0,0,0,0,0,0,0,0
191,2017-04-20,09:01:35,642,pp1709,XDCE,7648,7616,7650,13444,513382950,526330,529450,8030,7266,7648,7668,0,7619,0,0,0,2017-04-20,32495642,7646,5,0,0,0,0,0,0,0,0,7647,9,0,0,0,0,0,0,0,0
192,2017-04-20,09:01:36,124,pp1709,XDCE,7647,7616,7650,13480,514759470,526304,529450,8030,7266,7648,7668,0,7619,0,0,0,2017-04-20,32496124,7647,5,0,0,0,0,0,0,0,0,7649,1,0,0,0,0,0,0,0,0
193,2017-04-20,09:01:36,618,pp1709,XDCE,7650,7616,7650,13484,514912460,526302,529450,8030,7266,7648,7668,0,7619,0,0,0,2017-04-20,32496618,7648,3,0,0,0,0,0,0,0,0,7650,67,0,0,0,0,0,0,0,0
194,2017-04-20,09:01:37,115,pp1709,XDCE,7653,7616,7653,13632,520573570,526300,529450,8030,7266,7648,7668,0,7619,0,0,0,2017-04-20,32497115,7650,4,0,0,0,0,0,0,0,0,7653,8,0,0,0,0,0,0,0,0
195,2017-04-20,09:01:37,629,pp1709,XDCE,7655,7616,7655,13680,522410390,526306,529450,8030,7266,7648,7668,0,7619,0,0,0,2017-04-20,32497629,7653,40,0,0,0,0,0,0,0,0,7655,2,0,0,0,0,0,0,0,0
196,2017-04-20,09:01:38,120,pp1709,XDCE,7655,7616,7655,13734,524476940,526286,529450,8030,7266,7648,7668,0,7619,0,0,0,2017-04-20,32498120,7655,10,0,0,0,0,0,0,0,0,7656,2,0,0,0,0,0,0,0,0
197,2017-04-20,09:01:38,605,pp1709,XDCE,7655,7616,7656,13750,525089370,526274,529450,8030,7266,7648,7668,0,7619,0,0,0,2017-04-20,32498605,7655,5,0,0,0,0,0,0,0,0,7657,2,0,0,0,0,0,0,0,0
198,2017-04-20,09:01:39,104,pp1709,XDCE,7658,7616,7658,13768,525778500,526264,529450,8030,7266,7648,7668,0,7619,0,0,0,2017-04-20,32499104,7656,5,0,0,0,0,0,0,0,0,7658,10,0,0,0,0,0,0,0,0
199,2017-04-20,09:01:39,603,pp1709,XDCE,7655,7616,7658,13794,526773700,526246,529450,8030,7266,7648,7668,0,7619,0,0,0,2017-04-20,32499603,7654,3,0,0,0,0,0,0,0,0,7655,29,0,0,0,0,0,0,0,0
200,2017-04-20,09:01:40,146,pp1709,XDCE,7655,7616,7658,13904,530984060,526172,529450,8030,7266,7648,7668,0,7619,0,0,0,2017-04-20,32500146,7655,3,0,0,0,0,0,0,0,0,7657,2,0,0,0,0,0,0,0,0
201,2017-04-20,09:01:40,592,pp1709,XDCE,7656,7616,7658,13910,531213720,526168,529450,8030,7266,7648,7668,0,7619,0,0,0,2017-04-20,32500592,7654,3,0,0,0,0,0,0,0,0,7657,2,0,0,0,0,0,0,0,0
202,2017-04-20,09:01:41,106,pp1709,XDCE,7657,7616,7658,13938,532285760,526166,529450,8030,7266,7648,7668,0,7619,0,0,0,2017-04-20,32501106,7655,1,0,0,0,0,0,0,0,0,7657,1,0,0,0,0,0,0,0,0
203,2017-04-20,09:01:41,624,pp1709,XDCE,7654,7616,7658,13962,533204400,526156,529450,8030,7266,7648,7668,0,7619,0,0,0,2017-04-20,32501624,7653,27,0,0,0,0,0,0,0,0,7656,3,0,0,0,0,0,0,0,0
204,2017-04-20,09:01:42,110,pp1709,XDCE,7653,7616,7658,13976,533740240,526148,529450,8030,7266,7648,7668,0,7619,0,0,0,2017-04-20,32502110,7655,2,0,0,0,0,0,0,0,0,7657,4,0,0,0,0,0,0,0,0
205,2017-04-20,09:01:42,612,pp1709,XDCE,7655,7616,7658,13986,534122990,526144,529450,8030,7266,7648,7668,0,7619,0,0,0,2017-04-20,32502612,7653,26,0,0,0,0,0,0,0,0,7655,1,0,0,0,0,0,0,0,0
206,2017-04-20,09:01:43,97,pp1709,XDCE,7657,7616,7658,13994,534429190,526144,529450,8030,7266,7648,7668,0,7619,0,0,0,2017-04-20,32503097,7653,25,0,0,0,0,0,0,0,0,7656,4,0,0,0,0,0,0,0,0
207,2017-04-20,09:01:43,595,pp1709,XDCE,7653,7616,7658,14010,535041430,526146,529450,8030,7266,7648,7668,0,7619,0,0,0,2017-04-20,32503595,7653,17,0,0,0,0,0,0,0,0,7654,1,0,0,0,0,0,0,0,0
208,2017-04-20,09:01:44,95,pp1709,XDCE,7654,7616,7658,14014,535194510,526144,529450,8030,7266,7648,7668,0,7619,0,0,0,2017-04-20,32504095,7653,27,0,0,0,0,0,0,0,0,7655,3,0,0,0,0,0,0,0,0
209,2017-04-20,09:01:44,601,pp1709,XDCE,7655,7616,7658,14044,536342740,526140,529450,8030,7266,7648,7668,0,7619,0,0,0,2017-04-20,32504601,7653,26,0,0,0,0,0,0,0,0,7655,28,0,0,0,0,0,0,0,0
210,2017-04-20,09:01:45,101,pp1709,XDCE,7655,7616,7658,14058,536878490,526146,529450,8030,7266,7648,7668,0,7619,0,0,0,2017-04-20,32505101,7654,9,0,0,0,0,0,0,0,0,7655,15,0,0,0,0,0,0,0,0
211,2017-04-20,09:01:45,600,pp1709,XDCE,7655,7616,7658,14094,538256360,526118,529450,8030,7266,7648,7668,0,7619,0,0,0,2017-04-20,32505600,7655,26,0,0,0,0,0,0,0,0,7656,2,0,0,0,0,0,0,0,0
212,2017-04-20,09:01:46,139,pp1709,XDCE,7656,7616,7658,14100,538486040,526122,529450,8030,7266,7648,7668,0,7619,0,0,0,2017-04-20,32506139,7656,2,0,0,0,0,0,0,0,0,7657,9,0,0,0,0,0,0,0,0
213,2017-04-20,09:01:47,99,pp1709,XDCE,7657,7616,7658,14118,539175170,526118,529450,8030,7266,7648,7668,0,7619,0,0,0,2017-04-20,32507099,7657,20,0,0,0,0,0,0,0,0,7658,18,0,0,0,0,0,0,0,0
214,2017-04-20,09:01:47,598,pp1709,XDCE,7659,7616,7659,14166,541013110,526112,529450,8030,7266,7648,7668,0,7619,0,0,0,2017-04-20,32507598,7659,14,0,0,0,0,0,0,0,0,7660,36,0,0,0,0,0,0,0,0
215,2017-04-20,09:01:48,102,pp1709,XDCE,7659,7616,7659,14194,542085370,526088,529450,8030,7266,7648,7668,0,7619,0,0,0,2017-04-20,32508102,7658,12,0,0,0,0,0,0,0,0,7659,8,0,0,0,0,0,0,0,0
216,2017-04-20,09:01:48,563,pp1709,XDCE,7659,7616,7659,14218,543004400,526096,529450,8030,7266,7648,7668,0,7619,0,0,0,2017-04-20,32508563,7658,7,0,0,0,0,0,0,0,0,7659,7,0,0,0,0,0,0,0,0
217,2017-04-20,09:01:49,144,pp1709,XDCE,7659,7616,7659,14236,543693690,526094,529450,8030,7266,7648,7668,0,7619,0,0,0,2017-04-20,32509144,7659,1,0,0,0,0,0,0,0,0,7660,35,0,0,0,0,0,0,0,0
218,2017-04-20,09:01:49,639,pp1709,XDCE,7660,7616,7660,14264,544765810,526110,529450,8030,7266,7648,7668,0,7619,0,0,0,2017-04-20,32509639,7659,6,0,0,0,0,0,0,0,0,7660,34,0,0,0,0,0,0,0,0
219,2017-04-20,09:01:50,128,pp1709,XDCE,7661,7616,7661,14354,548212900,526096,529450,8030,7266,7648,7668,0,7619,0,0,0,2017-04-20,32510128,7660,34,0,0,0,0,0,0,0,0,7662,1,0,0,0,0,0,0,0,0
220,2017-04-20,09:01:50,630,pp1709,XDCE,7661,7616,7661,14388,549515270,526074,529450,8030,7266,7648,7668,0,7619,0,0,0,2017-04-20,32510630,7661,6,0,0,0,0,0,0,0,0,7662,1,0,0,0,0,0,0,0,0
221,2017-04-20,09:01:51,144,pp1709,XDCE,7662,7616,7662,14410,550357970,526062,529450,8030,7266,7648,7668,0,7619,0,0,0,2017-04-20,32511144,7662,8,0,0,0,0,0,0,0,0,7663,7,0,0,0,0,0,0,0,0
222,2017-04-20,09:01:51,607,pp1709,XDCE,7660,7616,7663,14432,551200760,526044,529450,8030,7266,7648,7668,0,7619,0,0,0,2017-04-20,32511607,7661,9,0,0,0,0,0,0,0,0,7664,4,0,0,0,0,0,0,0,0
223,2017-04-20,09:01:52,144,pp1709,XDCE,7669,7616,7669,14562,556184240,526008,529450,8030,7266,7648,7668,0,7619,0,0,0,2017-04-20,32512144,7664,1,0,0,0,0,0,0,0,0,7668,1,0,0,0,0,0,0,0,0
224,2017-04-20,09:01:52,633,pp1709,XDCE,7665,7616,7669,14636,559020890,525980,529450,8030,7266,7648,7668,0,7619,0,0,0,2017-04-20,32512633,7665,6,0,0,0,0,0,0,0,0,7667,3,0,0,0,0,0,0,0,0
225,2017-04-20,09:01:53,138,pp1709,XDCE,7665,7616,7669,14656,559787360,525966,529450,8030,7266,7648,7668,0,7619,0,0,0,2017-04-20,32513138,7665,6,0,0,0,0,0,0,0,0,7666,3,0,0,0,0,0,0,0,0
226,2017-04-20,09:01:53,644,pp1709,XDCE,7663,7616,7669,14700,561473650,525960,529450,8030,7266,7648,7668,0,7619,0,0,0,2017-04-20,32513644,7664,4,0,0,0,0,0,0,0,0,7667,2,0,0,0,0,0,0,0,0
227,2017-04-20,09:01:54,129,pp1709,XDCE,7664,7616,7669,14740,563006730,525958,529450,8030,7266,7648,7668,0,7619,0,0,0,2017-04-20,32514129,7664,11,0,0,0,0,0,0,0,0,7665,5,0,0,0,0,0,0,0,0
228,2017-04-20,09:01:54,608,pp1709,XDCE,7665,7616,7669,14754,563543270,525956,529450,8030,7266,7648,7668,0,7619,0,0,0,2017-04-20,32514608,7665,15,0,0,0,0,0,0,0,0,7666,1,0,0,0,0,0,0,0,0
229,2017-04-20,09:01:55,124,pp1709,XDCE,7665,7616,7669,14760,563773250,525952,529450,8030,7266,7648,7668,0,7619,0,0,0,2017-04-20,32515124,7665,14,0,0,0,0,0,0,0,0,7667,6,0,0,0,0,0,0,0,0
230,2017-04-20,09:01:55,611,pp1709,XDCE,7665,7616,7669,14794,565076330,525938,529450,8030,7266,7648,7668,0,7619,0,0,0,2017-04-20,32515611,7664,6,0,0,0,0,0,0,0,0,7665,47,0,0,0,0,0,0,0,0
231,2017-04-20,09:01:56,128,pp1709,XDCE,7665,7616,7669,14820,566072690,525930,529450,8030,7266,7648,7668,0,7619,0,0,0,2017-04-20,32516128,7662,10,0,0,0,0,0,0,0,0,7663,6,0,0,0,0,0,0,0,0
232,2017-04-20,09:01:56,599,pp1709,XDCE,7662,7616,7669,14846,567068830,525928,529450,8030,7266,7648,7668,0,7619,0,0,0,2017-04-20,32516599,7662,8,0,0,0,0,0,0,0,0,7664,3,0,0,0,0,0,0,0,0
233,2017-04-20,09:01:57,129,pp1709,XDCE,7664,7616,7669,14848,567145470,525928,529450,8030,7266,7648,7668,0,7619,0,0,0,2017-04-20,32517129,7663,8,0,0,0,0,0,0,0,0,7664,2,0,0,0,0,0,0,0,0
234,2017-04-20,09:01:57,586,pp1709,XDCE,7665,7616,7669,14858,567528640,525924,529450,8030,7266,7648,7668,0,7619,0,0,0,2017-04-20,32517586,7664,1,0,0,0,0,0,0,0,0,7665,16,0,0,0,0,0,0,0,0
235,2017-04-20,09:01:58,129,pp1709,XDCE,7664,7616,7669,14892,568831290,525902,529450,8030,7266,7648,7668,0,7619,0,0,0,2017-04-20,32518129,7662,2,0,0,0,0,0,0,0,0,7664,3,0,0,0,0,0,0,0,0
236,2017-04-20,09:01:58,645,pp1709,XDCE,7662,7616,7669,14988,572509070,525806,529450,8030,7266,7648,7668,0,7619,0,0,0,2017-04-20,32518645,7661,19,0,0,0,0,0,0,0,0,7662,9,0,0,0,0,0,0,0,0
237,2017-04-20,09:01:59,143,pp1709,XDCE,7663,7616,7669,15028,574041560,525790,529450,8030,7266,7648,7668,0,7619,0,0,0,2017-04-20,32519143,7663,4,0,0,0,0,0,0,0,0,7664,7,0,0,0,0,0,0,0,0
238,2017-04-20,09:01:59,594,pp1709,XDCE,7664,7616,7669,15050,574884560,525792,529450,8030,7266,7648,7668,0,7619,0,0,0,2017-04-20,32519594,7662,38,0,0,0,0,0,0,0,0,7663,3,0,0,0,0,0,0,0,0
239,2017-04-20,09:02:00,118,pp1709,XDCE,7663,7616,7669,15146,578562280,525702,529450,8030,7266,7648,7668,0,7619,0,0,0,2017-04-20,32520118,7661,12,0,0,0,0,0,0,0,0,7662,1,0,0,0,0,0,0,0,0
240,2017-04-20,09:02:00,633,pp1709,XDCE,7664,7616,7669,15228,581703900,525674,529450,8030,7266,7648,7668,0,7619,0,0,0,2017-04-20,32520633,7664,16,0,0,0,0,0,0,0,0,7665,17,0,0,0,0,0,0,0,0
241,2017-04-20,09:02:00,927,pp1709,XDCE,7665,7616,7669,15254,582700250,525654,529450,8030,7266,7648,7668,0,7619,0,0,0,2017-04-20,32520927,7664,4,0,0,0,0,0,0,0,0,7665,15,0,0,0,0,0,0,0,0
242,2017-04-20,09:02:01,631,pp1709,XDCE,7665,7616,7669,15286,583926570,525626,529450,8030,7266,7648,7668,0,7619,0,0,0,2017-04-20,32521631,7664,2,0,0,0,0,0,0,0,0,7665,5,0,0,0,0,0,0,0,0
243,2017-04-20,09:02:02,108,pp1709,XDCE,7664,7616,7669,15356,586608690,525610,529450,8030,7266,7648,7668,0,7619,0,0,0,2017-04-20,32522108,7663,34,0,0,0,0,0,0,0,0,7665,5,0,0,0,0,0,0,0,0
244,2017-04-20,09:02:02,627,pp1709,XDCE,7666,7616,7669,15406,588524970,525586,529450,8030,7266,7648,7668,0,7619,0,0,0,2017-04-20,32522627,7664,1,0,0,0,0,0,0,0,0,7667,2,0,0,0,0,0,0,0,0
245,2017-04-20,09:02:03,131,pp1709,XDCE,7664,7616,7669,15424,589214910,525568,529450,8030,7266,7648,7668,0,7619,0,0,0,2017-04-20,32523131,7664,12,0,0,0,0,0,0,0,0,7667,6,0,0,0,0,0,0,0,0
246,2017-04-20,09:02:03,635,pp1709,XDCE,7665,7616,7669,15446,590058030,525566,529450,8030,7266,7648,7668,0,7619,0,0,0,2017-04-20,32523635,7663,29,0,0,0,0,0,0,0,0,7665,1,0,0,0,0,0,0,0,0
247,2017-04-20,09:02:04,101,pp1709,XDCE,7665,7616,7669,15458,590517930,525554,529450,8030,7266,7648,7668,0,7619,0,0,0,2017-04-20,32524101,7665,24,0,0,0,0,0,0,0,0,7666,1,0,0,0,0,0,0,0,0
248,2017-04-20,09:02:04,624,pp1709,XDCE,7666,7616,7669,15542,593737220,525514,529450,8030,7266,7648,7668,0,7619,0,0,0,2017-04-20,32524624,7663,23,0,0,0,0,0,0,0,0,7665,1,0,0,0,0,0,0,0,0
249,2017-04-20,09:02:05,97,pp1709,XDCE,7663,7616,7669,15592,595652970,525512,529450,8030,7266,7648,7668,0,7619,0,0,0,2017-04-20,32525097,7663,28,0,0,0,0,0,0,0,0,7664,16,0,0,0,0,0,0,0,0
250,2017-04-20,09:02:05,597,pp1709,XDCE,7664,7616,7669,15626,596955830,525518,529450,8030,7266,7648,7668,0,7619,0,0,0,2017-04-20,32525597,7663,26,0,0,0,0,0,0,0,0,7664,16,0,0,0,0,0,0,0,0
251,2017-04-20,09:02:06,118,pp1709,XDCE,7664,7616,7669,15664,598411970,525522,529450,8030,7266,7648,7668,0,7619,0,0,0,2017-04-20,32526118,7664,12,0,0,0,0,0,0,0,0,7665,5,0,0,0,0,0,0,0,0
252,2017-04-20,09:02:06,597,pp1709,XDCE,7664,7616,7669,15678,598948410,525526,529450,8030,7266,7648,7668,0,7619,0,0,0,2017-04-20,32526597,7663,20,0,0,0,0,0,0,0,0,7664,2,0,0,0,0,0,0,0,0
253,2017-04-20,09:02:07,124,pp1709,XDCE,7662,7616,7669,15722,600634250,525524,529450,8030,7266,7648,7668,0,7619,0,0,0,2017-04-20,32527124,7661,4,0,0,0,0,0,0,0,0,7662,10,0,0,0,0,0,0,0,0
254,2017-04-20,09:02:07,622,pp1709,XDCE,7664,7616,7669,15756,601936910,525506,529450,8030,7266,7648,7668,0,7619,0,0,0,2017-04-20,32527622,7661,24,0,0,0,0,0,0,0,0,7663,1,0,0,0,0,0,0,0,0
255,2017-04-20,09:02:08,132,pp1709,XDCE,7661,7616,7669,15764,602243350,525504,529450,8030,7266,7648,7668,0,7619,0,0,0,2017-04-20,32528132,7661,21,0,0,0,0,0,0,0,0,7663,8,0,0,0,0,0,0,0,0
256,2017-04-20,09:02:08,599,pp1709,XDCE,7660,7616,7669,15804,603775580,525492,529450,8030,7266,7648,7668,0,7619,0,0,0,2017-04-20,32528599,7660,20,0,0,0,0,0,0,0,0,7661,17,0,0,0,0,0,0,0,0
257,2017-04-20,09:02:09,97,pp1709,XDCE,7660,7616,7669,15838,605077790,525492,529450,8030,7266,7648,7668,0,7619,0,0,0,2017-04-20,32529097,7660,4,0,0,0,0,0,0,0,0,7661,2,0,0,0,0,0,0,0,0
258,2017-04-20,09:02:09,618,pp1709,XDCE,7661,7616,7669,15860,605920470,525504,529450,8030,7266,7648,7668,0,7619,0,0,0,2017-04-20,32529618,7659,10,0,0,0,0,0,0,0,0,7661,4,0,0,0,0,0,0,0,0
259,2017-04-20,09:02:09,985,pp1709,XDCE,7660,7616,7669,15864,606073680,525508,529450,8030,7266,7648,7668,0,7619,0,0,0,2017-04-20,32529985,7659,10,0,0,0,0,0,0,0,0,7660,1,0,0,0,0,0,0,0,0
260,2017-04-20,09:02:10,639,pp1709,XDCE,7660,7616,7669,15890,607069500,525502,529450,8030,7266,7648,7668,0,7619,0,0,0,2017-04-20,32530639,7660,15,0,0,0,0,0,0,0,0,7661,6,0,0,0,0,0,0,0,0
261,2017-04-20,09:02:11,95,pp1709,XDCE,7660,7616,7669,15902,607529100,525490,529450,8030,7266,7648,7668,0,7619,0,0,0,2017-04-20,32531095,7659,9,0,0,0,0,0,0,0,0,7660,10,0,0,0,0,0,0,0,0
262,2017-04-20,09:02:12,118,pp1709,XDCE,7659,7616,7669,15920,608218410,525500,529450,8030,7266,7648,7668,0,7619,0,0,0,2017-04-20,32532118,7658,33,0,0,0,0,0,0,0,0,7659,19,0,0,0,0,0,0,0,0
263,2017-04-20,09:02:12,602,pp1709,XDCE,7660,7616,7669,15924,608371600,525502,529450,8030,7266,7648,7668,0,7619,0,0,0,2017-04-20,32532602,7658,31,0,0,0,0,0,0,0,0,7660,9,0,0,0,0,0,0,0,0
264,2017-04-20,09:02:13,125,pp1709,XDCE,7659,7616,7669,15992,610975350,525500,529450,8030,7266,7648,7668,0,7619,0,0,0,2017-04-20,32533125,7656,29,0,0,0,0,0,0,0,0,7658,3,0,0,0,0,0,0,0,0
265,2017-04-20,09:02:13,626,pp1709,XDCE,7656,7616,7669,15994,611051910,525500,529450,8030,7266,7648,7668,0,7619,0,0,0,2017-04-20,32533626,7656,28,0,0,0,0,0,0,0,0,7658,13,0,0,0,0,0,0,0,0
266,2017-04-20,09:02:14,141,pp1709,XDCE,7656,7616,7669,16040,612812810,525500,529450,8030,7266,7648,7668,0,7619,0,0,0,2017-04-20,32534141,7656,4,0,0,0,0,0,0,0,0,7657,36,0,0,0,0,0,0,0,0
267,2017-04-20,09:02:14,646,pp1709,XDCE,7654,7616,7669,16092,614803160,525480,529450,8030,7266,7648,7668,0,7619,0,0,0,2017-04-20,32534646,7653,16,0,0,0,0,0,0,0,0,7655,29,0,0,0,0,0,0,0,0
268,2017-04-20,09:02:15,147,pp1709,XDCE,7653,7616,7669,16126,616104170,525482,529450,8030,7266,7648,7668,0,7619,0,0,0,2017-04-20,32535147,7651,1,0,0,0,0,0,0,0,0,7654,4,0,0,0,0,0,0,0,0
269,2017-04-20,09:02:15,599,pp1709,XDCE,7653,7616,7669,16140,616639880,525478,529450,8030,7266,7648,7668,0,7619,0,0,0,2017-04-20,32535599,7652,15,0,0,0,0,0,0,0,0,7653,1,0,0,0,0,0,0,0,0
270,2017-04-20,09:02:16,132,pp1709,XDCE,7652,7616,7669,16194,618706070,525448,529450,8030,7266,7648,7668,0,7619,0,0,0,2017-04-20,32536132,7652,19,0,0,0,0,0,0,0,0,7653,1,0,0,0,0,0,0,0,0
271,2017-04-20,09:02:16,598,pp1709,XDCE,7653,7616,7669,16206,619165230,525442,529450,8030,7266,7648,7668,0,7619,0,0,0,2017-04-20,32536598,7653,5,0,0,0,0,0,0,0,0,7656,15,0,0,0,0,0,0,0,0
272,2017-04-20,09:02:17,100,pp1709,XDCE,7656,7616,7669,16222,619777600,525436,529450,8030,7266,7648,7668,0,7619,0,0,0,2017-04-20,32537100,7655,7,0,0,0,0,0,0,0,0,7656,11,0,0,0,0,0,0,0,0
273,2017-04-20,09:02:17,594,pp1709,XDCE,7655,7616,7669,16244,620619610,525420,529450,8030,7266,7648,7668,0,7619,0,0,0,2017-04-20,32537594,7653,5,0,0,0,0,0,0,0,0,7655,4,0,0,0,0,0,0,0,0
274,2017-04-20,09:02:18,103,pp1709,XDCE,7653,7616,7669,16246,620696140,525422,529450,8030,7266,7648,7668,0,7619,0,0,0,2017-04-20,32538103,7653,6,0,0,0,0,0,0,0,0,7655,4,0,0,0,0,0,0,0,0
275,2017-04-20,09:02:18,630,pp1709,XDCE,7662,7616,7669,16394,626363700,525336,529450,8030,7266,7648,7668,0,7619,0,0,0,2017-04-20,32538630,7662,4,0,0,0,0,0,0,0,0,7663,8,0,0,0,0,0,0,0,0
276,2017-04-20,09:02:19,141,pp1709,XDCE,7661,7616,7669,16464,629045400,525312,529450,8030,7266,7648,7668,0,7619,0,0,0,2017-04-20,32539141,7662,5,0,0,0,0,0,0,0,0,7663,1,0,0,0,0,0,0,0,0
277,2017-04-20,09:02:19,596,pp1709,XDCE,7662,7616,7669,16474,629428520,525308,529450,8030,7266,7648,7668,0,7619,0,0,0,2017-04-20,32539596,7662,4,0,0,0,0,0,0,0,0,7663,3,0,0,0,0,0,0,0,0
278,2017-04-20,09:02:20,113,pp1709,XDCE,7662,7616,7669,16484,629811620,525308,529450,8030,7266,7648,7668,0,7619,0,0,0,2017-04-20,32540113,7661,5,0,0,0,0,0,0,0,0,7662,1,0,0,0,0,0,0,0,0
279,2017-04-20,09:02:20,597,pp1709,XDCE,7662,7616,7669,16488,629964860,525308,529450,8030,7266,7648,7668,0,7619,0,0,0,2017-04-20,32540597,7661,6,0,0,0,0,0,0,0,0,7662,35,0,0,0,0,0,0,0,0
280,2017-04-20,09:02:21,99,pp1709,XDCE,7662,7616,7669,16502,630501140,525306,529450,8030,7266,7648,7668,0,7619,0,0,0,2017-04-20,32541099,7660,246,0,0,0,0,0,0,0,0,7661,15,0,0,0,0,0,0,0,0
281,2017-04-20,09:02:21,631,pp1709,XDCE,7662,7616,7669,16508,630731000,525310,529450,8030,7266,7648,7668,0,7619,0,0,0,2017-04-20,32541631,7661,1,0,0,0,0,0,0,0,0,7662,2,0,0,0,0,0,0,0,0
282,2017-04-20,09:02:22,95,pp1709,XDCE,7660,7616,7669,16518,631114030,525300,529450,8030,7266,7648,7668,0,7619,0,0,0,2017-04-20,32542095,7661,1,0,0,0,0,0,0,0,0,7662,2,0,0,0,0,0,0,0,0
283,2017-04-20,09:02:22,638,pp1709,XDCE,7661,7616,7669,16522,631267250,525298,529450,8030,7266,7648,7668,0,7619,0,0,0,2017-04-20,32542638,7661,3,0,0,0,0,0,0,0,0,7662,3,0,0,0,0,0,0,0,0
284,2017-04-20,09:02:23,129,pp1709,XDCE,7661,7616,7669,16530,631573690,525292,529450,8030,7266,7648,7668,0,7619,0,0,0,2017-04-20,32543129,7660,244,0,0,0,0,0,0,0,0,7661,1,0,0,0,0,0,0,0,0
285,2017-04-20,09:02:23,565,pp1709,XDCE,7661,7616,7669,16532,631650300,525292,529450,8030,7266,7648,7668,0,7619,0,0,0,2017-04-20,32543565,7660,244,0,0,0,0,0,0,0,0,7662,3,0,0,0,0,0,0,0,0
286,2017-04-20,09:02:24,130,pp1709,XDCE,7662,7616,7669,16542,632033380,525290,529450,8030,7266,7648,7668,0,7619,0,0,0,2017-04-20,32544130,7662,8,0,0,0,0,0,0,0,0,7663,3,0,0,0,0,0,0,0,0
287,2017-04-20,09:02:24,597,pp1709,XDCE,7662,7616,7669,16544,632110000,525290,529450,8030,7266,7648,7668,0,7619,0,0,0,2017-04-20,32544597,7662,8,0,0,0,0,0,0,0,0,7663,4,0,0,0,0,0,0,0,0
288,2017-04-20,09:02:25,132,pp1709,XDCE,7663,7616,7669,16554,632493150,525290,529450,8030,7266,7648,7668,0,7619,0,0,0,2017-04-20,32545132,7663,6,0,0,0,0,0,0,0,0,7664,1,0,0,0,0,0,0,0,0
289,2017-04-20,09:02:25,611,pp1709,XDCE,7662,7616,7669,16592,633948970,525264,529450,8030,7266,7648,7668,0,7619,0,0,0,2017-04-20,32545611,7662,5,0,0,0,0,0,0,0,0,7664,1,0,0,0,0,0,0,0,0
290,2017-04-20,09:02:26,132,pp1709,XDCE,7665,7616,7669,16606,634485420,525260,529450,8030,7266,7648,7668,0,7619,0,0,0,2017-04-20,32546132,7662,4,0,0,0,0,0,0,0,0,7665,7,0,0,0,0,0,0,0,0
291,2017-04-20,09:02:26,630,pp1709,XDCE,7662,7616,7669,16632,635481480,525264,529450,8030,7266,7648,7668,0,7619,0,0,0,2017-04-20,32546630,7662,7,0,0,0,0,0,0,0,0,7663,2,0,0,0,0,0,0,0,0
292,2017-04-20,09:02:27,96,pp1709,XDCE,7665,7616,7669,16642,635864640,525260,529450,8030,7266,7648,7668,0,7619,0,0,0,2017-04-20,32547096,7663,5,0,0,0,0,0,0,0,0,7665,7,0,0,0,0,0,0,0,0
293,2017-04-20,09:02:27,611,pp1709,XDCE,7663,7616,7669,16646,636017920,525262,529450,8030,7266,7648,7668,0,7619,0,0,0,2017-04-20,32547611,7663,6,0,0,0,0,0,0,0,0,7665,6,0,0,0,0,0,0,0,0
294,2017-04-20,09:02:28,67,pp1709,XDCE,7663,7616,7669,16650,636171200,525262,529450,8030,7266,7648,7668,0,7619,0,0,0,2017-04-20,32548067,7663,5,0,0,0,0,0,0,0,0,7665,5,0,0,0,0,0,0,0,0
295,2017-04-20,09:02:28,589,pp1709,XDCE,7665,7616,7669,16664,636707760,525262,529450,8030,7266,7648,7668,0,7619,0,0,0,2017-04-20,32548589,7663,5,0,0,0,0,0,0,0,0,7666,15,0,0,0,0,0,0,0,0
296,2017-04-20,09:02:29,100,pp1709,XDCE,7664,7616,7669,16692,637780770,525262,529450,8030,7266,7648,7668,0,7619,0,0,0,2017-04-20,32549100,7664,61,0,0,0,0,0,0,0,0,7666,13,0,0,0,0,0,0,0,0
297,2017-04-20,09:02:29,596,pp1709,XDCE,7664,7616,7669,16714,638623810,525262,529450,8030,7266,7648,7668,0,7619,0,0,0,2017-04-20,32549596,7664,51,0,0,0,0,0,0,0,0,7665,2,0,0,0,0,0,0,0,0
298,2017-04-20,09:02:30,115,pp1709,XDCE,7664,7616,7669,16758,640310160,525236,529450,8030,7266,7648,7668,0,7619,0,0,0,2017-04-20,32550115,7664,46,0,0,0,0,0,0,0,0,7666,3,0,0,0,0,0,0,0,0
299,2017-04-20,09:02:30,593,pp1709,XDCE,7665,7616,7669,16778,641076660,525230,529450,8030,7266,7648,7668,0,7619,0,0,0,2017-04-20,32550593,7665,1,0,0,0,0,0,0,0,0,7666,3,0,0,0,0,0,0,0,0
300,2017-04-20,09:02:31,96,pp1709,XDCE,7664,7616,7669,16810,642303180,525214,529450,8030,7266,7648,7668,0,7619,0,0,0,2017-04-20,32551096,7664,42,0,0,0,0,0,0,0,0,7667,8,0,0,0,0,0,0,0,0
301,2017-04-20,09:02:31,634,pp1709,XDCE,7666,7616,7669,16868,644526300,525214,529450,8030,7266,7648,7668,0,7619,0,0,0,2017-04-20,32551634,7666,2,0,0,0,0,0,0,0,0,7667,3,0,0,0,0,0,0,0,0
302,2017-04-20,09:02:32,76,pp1709,XDCE,7667,7616,7669,16878,644909590,525216,529450,8030,7266,7648,7668,0,7619,0,0,0,2017-04-20,32552076,7665,1,0,0,0,0,0,0,0,0,7667,2,0,0,0,0,0,0,0,0
303,2017-04-20,09:02:32,631,pp1709,XDCE,7664,7616,7669,16886,645216160,525216,529450,8030,7266,7648,7668,0,7619,0,0,0,2017-04-20,32552631,7664,39,0,0,0,0,0,0,0,0,7665,100,0,0,0,0,0,0,0,0
304,2017-04-20,09:02:33,136,pp1709,XDCE,7665,7616,7669,16892,645446110,525222,529450,8030,7266,7648,7668,0,7619,0,0,0,2017-04-20,32553136,7664,39,0,0,0,0,0,0,0,0,7665,102,0,0,0,0,0,0,0,0
305,2017-04-20,09:02:33,594,pp1709,XDCE,7664,7616,7669,16898,645676040,525224,529450,8030,7266,7648,7668,0,7619,0,0,0,2017-04-20,32553594,7664,37,0,0,0,0,0,0,0,0,7665,102,0,0,0,0,0,0,0,0
306,2017-04-20,09:02:34,58,pp1709,XDCE,7665,7616,7669,16904,645905990,525230,529450,8030,7266,7648,7668,0,7619,0,0,0,2017-04-20,32554058,7664,36,0,0,0,0,0,0,0,0,7665,99,0,0,0,0,0,0,0,0
307,2017-04-20,09:02:35,92,pp1709,XDCE,7664,7616,7669,16980,648818330,525262,529450,8030,7266,7648,7668,0,7619,0,0,0,2017-04-20,32555092,7663,3,0,0,0,0,0,0,0,0,7665,97,0,0,0,0,0,0,0,0
308,2017-04-20,09:02:35,636,pp1709,XDCE,7663,7616,7669,17000,649584810,525278,529450,8030,7266,7648,7668,0,7619,0,0,0,2017-04-20,32555636,7663,1,0,0,0,0,0,0,0,0,7665,91,0,0,0,0,0,0,0,0
309,2017-04-20,09:02:35,905,pp1709,XDCE,7665,7616,7669,17002,649661460,525280,529450,8030,7266,7648,7668,0,7619,0,0,0,2017-04-20,32555905,7663,1,0,0,0,0,0,0,0,0,7665,90,0,0,0,0,0,0,0,0
310,2017-04-20,09:02:36,596,pp1709,XDCE,7665,7616,7669,17002,649661460,525280,529450,8030,7266,7648,7668,0,7619,0,0,0,2017-04-20,32556596,7663,1,0,0,0,0,0,0,0,0,7664,1,0,0,0,0,0,0,0,0
311,2017-04-20,09:02:36,999,pp1709,XDCE,7665,7616,7669,17012,650044670,525274,529450,8030,7266,7648,7668,0,7619,0,0,0,2017-04-20,32556999,7664,3,0,0,0,0,0,0,0,0,7665,89,0,0,0,0,0,0,0,0
312,2017-04-20,09:02:37,516,pp1709,XDCE,7665,7616,7669,17016,650197970,525278,529450,8030,7266,7648,7668,0,7619,0,0,0,2017-04-20,32557516,7664,3,0,0,0,0,0,0,0,0,7665,88,0,0,0,0,0,0,0,0
313,2017-04-20,09:02:38,1,pp1709,XDCE,7664,7616,7669,17034,650887730,525290,529450,8030,7266,7648,7668,0,7619,0,0,0,2017-04-20,32558001,7663,1,0,0,0,0,0,0,0,0,7664,37,0,0,0,0,0,0,0,0
314,2017-04-20,09:02:38,630,pp1709,XDCE,7664,7616,7669,17060,651883950,525294,529450,8030,7266,7648,7668,0,7619,0,0,0,2017-04-20,32558630,7663,1,0,0,0,0,0,0,0,0,7664,31,0,0,0,0,0,0,0,0
315,2017-04-20,09:02:39,121,pp1709,XDCE,7662,7616,7669,17064,652037200,525290,529450,8030,7266,7648,7668,0,7619,0,0,0,2017-04-20,32559121,7662,26,0,0,0,0,0,0,0,0,7664,31,0,0,0,0,0,0,0,0
316,2017-04-20,09:02:39,622,pp1709,XDCE,7662,7616,7669,17064,652037200,525290,529450,8030,7266,7648,7668,0,7619,0,0,0,2017-04-20,32559622,7662,26,0,0,0,0,0,0,0,0,7664,33,0,0,0,0,0,0,0,0
317,2017-04-20,09:02:40,68,pp1709,XDCE,7663,7616,7669,17072,652343690,525286,529450,8030,7266,7648,7668,0,7619,0,0,0,2017-04-20,32560068,7663,11,0,0,0,0,0,0,0,0,7664,23,0,0,0,0,0,0,0,0
318,2017-04-20,09:02:40,623,pp1709,XDCE,7663,7616,7669,17082,652726840,525276,529450,8030,7266,7648,7668,0,7619,0,0,0,2017-04-20,32560623,7663,6,0,0,0,0,0,0,0,0,7664,23,0,0,0,0,0,0,0,0
319,2017-04-20,09:02:41,119,pp1709,XDCE,7665,7616,7669,17146,655179350,525312,529450,8030,7266,7648,7668,0,7619,0,0,0,2017-04-20,32561119,7664,17,0,0,0,0,0,0,0,0,7665,89,0,0,0,0,0,0,0,0
320,2017-04-20,09:02:41,647,pp1709,XDCE,7665,7616,7669,17148,655256000,525314,529450,8030,7266,7648,7668,0,7619,0,0,0,2017-04-20,32561647,7664,18,0,0,0,0,0,0,0,0,7665,88,0,0,0,0,0,0,0,0
321,2017-04-20,09:02:42,121,pp1709,XDCE,7664,7616,7669,17158,655639210,525320,529450,8030,7266,7648,7668,0,7619,0,0,0,2017-04-20,32562121,7664,14,0,0,0,0,0,0,0,0,7665,87,0,0,0,0,0,0,0,0
322,2017-04-20,09:02:42,598,pp1709,XDCE,7664,7616,7669,17182,656558910,525326,529450,8030,7266,7648,7668,0,7619,0,0,0,2017-04-20,32562598,7664,6,0,0,0,0,0,0,0,0,7665,85,0,0,0,0,0,0,0,0
323,2017-04-20,09:02:43,100,pp1709,XDCE,7665,7616,7669,17352,663074160,525414,529450,8030,7266,7648,7668,0,7619,0,0,0,2017-04-20,32563100,7665,17,0,0,0,0,0,0,0,0,7666,4,0,0,0,0,0,0,0,0
324,2017-04-20,09:02:43,491,pp1709,XDCE,7666,7616,7669,17394,664684140,525398,529450,8030,7266,7648,7668,0,7619,0,0,0,2017-04-20,32563491,7666,23,0,0,0,0,0,0,0,0,7668,14,0,0,0,0,0,0,0,0
325,2017-04-20,09:02:44,93,pp1709,XDCE,7667,7616,7669,17402,664990800,525394,529450,8030,7266,7648,7668,0,7619,0,0,0,2017-04-20,32564093,7667,4,0,0,0,0,0,0,0,0,7668,14,0,0,0,0,0,0,0,0
326,2017-04-20,09:02:44,610,pp1709,XDCE,7667,7616,7669,17404,665067470,525392,529450,8030,7266,7648,7668,0,7619,0,0,0,2017-04-20,32564610,7667,14,0,0,0,0,0,0,0,0,7668,14,0,0,0,0,0,0,0,0
327,2017-04-20,09:02:45,128,pp1709,XDCE,7669,7616,7670,17470,667598170,525350,529450,8030,7266,7648,7668,0,7619,0,0,0,2017-04-20,32565128,7669,10,0,0,0,0,0,0,0,0,7670,11,0,0,0,0,0,0,0,0
328,2017-04-20,09:02:45,634,pp1709,XDCE,7672,7616,7672,17528,669822550,525328,529450,8030,7266,7648,7668,0,7619,0,0,0,2017-04-20,32565634,7670,25,0,0,0,0,0,0,0,0,7673,4,0,0,0,0,0,0,0,0
329,2017-04-20,09:02:46,143,pp1709,XDCE,7677,7616,7677,17662,674964350,525264,529450,8030,7266,7648,7668,0,7619,0,0,0,2017-04-20,32566143,7673,1,0,0,0,0,0,0,0,0,7674,1,0,0,0,0,0,0,0,0
330,2017-04-20,09:02:46,614,pp1709,XDCE,7674,7616,7677,17688,675962180,525252,529450,8030,7266,7648,7668,0,7619,0,0,0,2017-04-20,32566614,7674,22,0,0,0,0,0,0,0,0,7675,8,0,0,0,0,0,0,0,0
331,2017-04-20,09:02:47,104,pp1709,XDCE,7675,7616,7677,17748,678264870,525236,529450,8030,7266,7648,7668,0,7619,0,0,0,2017-04-20,32567104,7675,11,0,0,0,0,0,0,0,0,7677,12,0,0,0,0,0,0,0,0
332,2017-04-20,09:02:47,550,pp1709,XDCE,7677,7616,7677,17756,678571930,525238,529450,8030,7266,7648,7668,0,7619,0,0,0,2017-04-20,32567550,7675,11,0,0,0,0,0,0,0,0,7677,9,0,0,0,0,0,0,0,0
333,2017-04-20,09:02:48,134,pp1709,XDCE,7676,7616,7677,17818,680951580,525188,529450,8030,7266,7648,7668,0,7619,0,0,0,2017-04-20,32568134,7676,8,0,0,0,0,0,0,0,0,7678,4,0,0,0,0,0,0,0,0
334,2017-04-20,09:02:48,604,pp1709,XDCE,7677,7616,7678,17828,681335470,525188,529450,8030,7266,7648,7668,0,7619,0,0,0,2017-04-20,32568604,7675,8,0,0,0,0,0,0,0,0,7679,4,0,0,0,0,0,0,0,0
335,2017-04-20,09:02:49,148,pp1709,XDCE,7675,7616,7679,17878,683254710,525158,529450,8030,7266,7648,7668,0,7619,0,0,0,2017-04-20,32569148,7676,3,0,0,0,0,0,0,0,0,7678,4,0,0,0,0,0,0,0,0
336,2017-04-20,09:02:49,632,pp1709,XDCE,7674,7616,7679,17910,684483010,525148,529450,8030,7266,7648,7668,0,7619,0,0,0,2017-04-20,32569632,7674,44,0,0,0,0,0,0,0,0,7677,4,0,0,0,0,0,0,0,0
337,2017-04-20,09:02:50,120,pp1709,XDCE,7677,7616,7679,17924,685020370,525138,529450,8030,7266,7648,7668,0,7619,0,0,0,2017-04-20,32570120,7677,6,0,0,0,0,0,0,0,0,7678,16,0,0,0,0,0,0,0,0
338,2017-04-20,09:02:50,615,pp1709,XDCE,7676,7616,7679,17974,686939250,525098,529450,8030,7266,7648,7668,0,7619,0,0,0,2017-04-20,32570615,7675,1,0,0,0,0,0,0,0,0,7677,7,0,0,0,0,0,0,0,0
339,2017-04-20,09:02:51,109,pp1709,XDCE,7675,7616,7679,17998,687860370,525112,529450,8030,7266,7648,7668,0,7619,0,0,0,2017-04-20,32571109,7675,2,0,0,0,0,0,0,0,0,7676,2,0,0,0,0,0,0,0,0
340,2017-04-20,09:02:51,591,pp1709,XDCE,7675,7616,7679,18004,688090630,525108,529450,8030,7266,7648,7668,0,7619,0,0,0,2017-04-20,32571591,7675,1,0,0,0,0,0,0,0,0,7676,2,0,0,0,0,0,0,0,0
341,2017-04-20,09:02:52,97,pp1709,XDCE,7676,7616,7679,18020,688704700,525116,529450,8030,7266,7648,7668,0,7619,0,0,0,2017-04-20,32572097,7675,1,0,0,0,0,0,0,0,0,7677,20,0,0,0,0,0,0,0,0
342,2017-04-20,09:02:52,594,pp1709,XDCE,7677,7616,7679,18028,689011710,525112,529450,8030,7266,7648,7668,0,7619,0,0,0,2017-04-20,32572594,7674,42,0,0,0,0,0,0,0,0,7677,19,0,0,0,0,0,0,0,0
343,2017-04-20,09:02:53,131,pp1709,XDCE,7677,7616,7679,18048,689779210,525100,529450,8030,7266,7648,7668,0,7619,0,0,0,2017-04-20,32573131,7675,2,0,0,0,0,0,0,0,0,7677,22,0,0,0,0,0,0,0,0
344,2017-04-20,09:02:53,595,pp1709,XDCE,7676,7616,7679,18078,690930640,525086,529450,8030,7266,7648,7668,0,7619,0,0,0,2017-04-20,32573595,7676,1,0,0,0,0,0,0,0,0,7677,15,0,0,0,0,0,0,0,0
345,2017-04-20,09:02:54,101,pp1709,XDCE,7675,7616,7679,18086,691237670,525088,529450,8030,7266,7648,7668,0,7619,0,0,0,2017-04-20,32574101,7675,18,0,0,0,0,0,0,0,0,7677,16,0,0,0,0,0,0,0,0
346,2017-04-20,09:02:54,603,pp1709,XDCE,7676,7616,7679,18094,691544740,525084,529450,8030,7266,7648,7668,0,7619,0,0,0,2017-04-20,32574603,7676,3,0,0,0,0,0,0,0,0,7677,18,0,0,0,0,0,0,0,0
347,2017-04-20,09:02:55,94,pp1709,XDCE,7676,7616,7679,18108,692082120,525074,529450,8030,7266,7648,7668,0,7619,0,0,0,2017-04-20,32575094,7676,2,0,0,0,0,0,0,0,0,7677,12,0,0,0,0,0,0,0,0
348,2017-04-20,09:02:55,577,pp1709,XDCE,7677,7616,7679,18142,693387200,525094,529450,8030,7266,7648,7668,0,7619,0,0,0,2017-04-20,32575577,7677,3,0,0,0,0,0,0,0,0,7678,23,0,0,0,0,0,0,0,0
349,2017-04-20,09:02:56,85,pp1709,XDCE,7676,7616,7679,18152,693771030,525094,529450,8030,7266,7648,7668,0,7619,0,0,0,2017-04-20,32576085,7675,19,0,0,0,0,0,0,0,0,7678,26,0,0,0,0,0,0,0,0
350,2017-04-20,09:02:56,614,pp1709,XDCE,7676,7616,7679,18200,695613180,525060,529450,8030,7266,7648,7668,0,7619,0,0,0,2017-04-20,32576614,7676,23,0,0,0,0,0,0,0,0,7677,3,0,0,0,0,0,0,0,0
351,2017-04-20,09:02:57,98,pp1709,XDCE,7678,7616,7679,18210,695997050,525054,529450,8030,7266,7648,7668,0,7619,0,0,0,2017-04-20,32577098,7676,19,0,0,0,0,0,0,0,0,7678,23,0,0,0,0,0,0,0,0
352,2017-04-20,09:02:57,643,pp1709,XDCE,7676,7616,7679,18226,696611190,525042,529450,8030,7266,7648,7668,0,7619,0,0,0,2017-04-20,32577643,7676,17,0,0,0,0,0,0,0,0,7677,4,0,0,0,0,0,0,0,0
353,2017-04-20,09:02:58,117,pp1709,XDCE,7677,7616,7679,18254,697686010,525026,529450,8030,7266,7648,7668,0,7619,0,0,0,2017-04-20,32578117,7677,4,0,0,0,0,0,0,0,0,7678,16,0,0,0,0,0,0,0,0
354,2017-04-20,09:02:58,641,pp1709,XDCE,7677,7616,7679,18264,698069870,525020,529450,8030,7266,7648,7668,0,7619,0,0,0,2017-04-20,32578641,7676,1,0,0,0,0,0,0,0,0,7677,1,0,0,0,0,0,0,0,0
355,2017-04-20,09:02:59,110,pp1709,XDCE,7675,7616,7679,18276,698530390,525016,529450,8030,7266,7648,7668,0,7619,0,0,0,2017-04-20,32579110,7675,3,0,0,0,0,0,0,0,0,7676,3,0,0,0,0,0,0,0,0
356,2017-04-20,09:02:59,629,pp1709,XDCE,7675,7616,7679,18294,699221140,525010,529450,8030,7266,7648,7668,0,7619,0,0,0,2017-04-20,32579629,7674,40,0,0,0,0,0,0,0,0,7675,3,0,0,0,0,0,0,0,0
357,2017-04-20,09:03:00,95,pp1709,XDCE,7675,7616,7679,18312,699911910,525012,529450,8030,7266,7648,7668,0,7619,0,0,0,2017-04-20,32580095,7674,39,0,0,0,0,0,0,0,0,7675,2,0,0,0,0,0,0,0,0
358,2017-04-20,09:03:00,561,pp1709,XDCE,7677,7616,7679,18380,702521770,525012,529450,8030,7266,7648,7668,0,7619,0,0,0,2017-04-20,32580561,7674,39,0,0,0,0,0,0,0,0,7677,5,0,0,0,0,0,0,0,0
359,2017-04-20,09:03:01,75,pp1709,XDCE,7677,7616,7679,18412,703749880,525006,529450,8030,7266,7648,7668,0,7619,0,0,0,2017-04-20,32581075,7674,36,0,0,0,0,0,0,0,0,7677,1,0,0,0,0,0,0,0,0
360,2017-04-20,09:03:01,617,pp1709,XDCE,7679,7616,7679,18492,706820940,524948,529450,8030,7266,7648,7668,0,7619,0,0,0,2017-04-20,32581617,7676,1,0,0,0,0,0,0,0,0,7677,4,0,0,0,0,0,0,0,0
361,2017-04-20,09:03:02,148,pp1709,XDCE,7676,7616,7679,18540,708663180,524928,529450,8030,7266,7648,7668,0,7619,0,0,0,2017-04-20,32582148,7675,6,0,0,0,0,0,0,0,0,7676,24,0,0,0,0,0,0,0,0
362,2017-04-20,09:03:02,595,pp1709,XDCE,7676,7616,7679,18558,709353920,524928,529450,8030,7266,7648,7668,0,7619,0,0,0,2017-04-20,32582595,7674,29,0,0,0,0,0,0,0,0,7675,14,0,0,0,0,0,0,0,0
363,2017-04-20,09:03:03,83,pp1709,XDCE,7674,7616,7679,18574,709967850,524936,529450,8030,7266,7648,7668,0,7619,0,0,0,2017-04-20,32583083,7674,22,0,0,0,0,0,0,0,0,7675,35,0,0,0,0,0,0,0,0
364,2017-04-20,09:03:03,624,pp1709,XDCE,7674,7616,7679,18644,712653740,524932,529450,8030,7266,7648,7668,0,7619,0,0,0,2017-04-20,32583624,7672,3,0,0,0,0,0,0,0,0,7674,16,0,0,0,0,0,0,0,0
365,2017-04-20,09:03:04,139,pp1709,XDCE,7679,7616,7680,18774,717643380,524860,529450,8030,7266,7648,7668,0,7619,0,0,0,2017-04-20,32584139,7679,187,0,0,0,0,0,0,0,0,7680,52,0,0,0,0,0,0,0,0
366,2017-04-20,09:03:04,630,pp1709,XDCE,7679,7616,7680,18992,726013740,524652,529450,8030,7266,7648,7668,0,7619,0,0,0,2017-04-20,32584630,7679,104,0,0,0,0,0,0,0,0,7680,65,0,0,0,0,0,0,0,0
367,2017-04-20,09:03:05,146,pp1709,XDCE,7676,7616,7680,19214,734537310,524442,529450,8030,7266,7648,7668,0,7619,0,0,0,2017-04-20,32585146,7676,56,0,0,0,0,0,0,0,0,7677,6,0,0,0,0,0,0,0,0
368,2017-04-20,09:03:05,646,pp1709,XDCE,7677,7616,7680,19230,735151450,524434,529450,8030,7266,7648,7668,0,7619,0,0,0,2017-04-20,32585646,7676,54,0,0,0,0,0,0,0,0,7679,49,0,0,0,0,0,0,0,0
369,2017-04-20,09:03:06,96,pp1709,XDCE,7676,7616,7680,19240,735535250,524436,529450,8030,7266,7648,7668,0,7619,0,0,0,2017-04-20,32586096,7676,49,0,0,0,0,0,0,0,0,7679,31,0,0,0,0,0,0,0,0
370,2017-04-20,09:03:06,633,pp1709,XDCE,7677,7616,7680,19328,738913810,524438,529450,8030,7266,7648,7668,0,7619,0,0,0,2017-04-20,32586633,7677,3,0,0,0,0,0,0,0,0,7679,1,0,0,0,0,0,0,0,0
371,2017-04-20,09:03:07,147,pp1709,XDCE,7677,7616,7680,19348,739681530,524434,529450,8030,7266,7648,7668,0,7619,0,0,0,2017-04-20,32587147,7676,49,0,0,0,0,0,0,0,0,7679,4,0,0,0,0,0,0,0,0
372,2017-04-20,09:03:07,591,pp1709,XDCE,7676,7616,7680,19370,740525940,524450,529450,8030,7266,7648,7668,0,7619,0,0,0,2017-04-20,32587591,7677,2,0,0,0,0,0,0,0,0,7679,4,0,0,0,0,0,0,0,0
373,2017-04-20,09:03:08,109,pp1709,XDCE,7677,7616,7680,19374,740679500,524450,529450,8030,7266,7648,7668,0,7619,0,0,0,2017-04-20,32588109,7677,1,0,0,0,0,0,0,0,0,7679,6,0,0,0,0,0,0,0,0
374,2017-04-20,09:03:08,645,pp1709,XDCE,7678,7616,7680,19408,741984890,524458,529450,8030,7266,7648,7668,0,7619,0,0,0,2017-04-20,32588645,7678,17,0,0,0,0,0,0,0,0,7679,7,0,0,0,0,0,0,0,0
375,2017-04-20,09:03:09,140,pp1709,XDCE,7678,7616,7683,19482,744826460,524480,529450,8030,7266,7648,7668,0,7619,0,0,0,2017-04-20,32589140,7679,4,0,0,0,0,0,0,0,0,7680,1,0,0,0,0,0,0,0,0
376,2017-04-20,09:03:09,615,pp1709,XDCE,7680,7616,7683,19532,746746580,524486,529450,8030,7266,7648,7668,0,7619,0,0,0,2017-04-20,32589615,7680,6,0,0,0,0,0,0,0,0,7682,6,0,0,0,0,0,0,0,0
377,2017-04-20,09:03:10,63,pp1709,XDCE,7682,7616,7683,19542,747130680,524490,529450,8030,7266,7648,7668,0,7619,0,0,0,2017-04-20,32590063,7682,14,0,0,0,0,0,0,0,0,7683,9,0,0,0,0,0,0,0,0
378,2017-04-20,09:03:10,642,pp1709,XDCE,7684,7616,7684,19614,749896680,524452,529450,8030,7266,7648,7668,0,7619,0,0,0,2017-04-20,32590642,7683,1,0,0,0,0,0,0,0,0,7684,30,0,0,0,0,0,0,0,0
379,2017-04-20,09:03:11,131,pp1709,XDCE,7684,7616,7684,19680,752432400,524450,529450,8030,7266,7648,7668,0,7619,0,0,0,2017-04-20,32591131,7684,60,0,0,0,0,0,0,0,0,7685,73,0,0,0,0,0,0,0,0
380,2017-04-20,09:03:11,620,pp1709,XDCE,7686,7616,7686,19874,759887030,524326,529450,8030,7266,7648,7668,0,7619,0,0,0,2017-04-20,32591620,7686,13,0,0,0,0,0,0,0,0,7687,12,0,0,0,0,0,0,0,0
381,2017-04-20,09:03:12,135,pp1709,XDCE,7686,7616,7687,19938,762346660,524284,529450,8030,7266,7648,7668,0,7619,0,0,0,2017-04-20,32592135,7685,3,0,0,0,0,0,0,0,0,7686,5,0,0,0,0,0,0,0,0
382,2017-04-20,09:03:12,646,pp1709,XDCE,7688,7616,7688,20076,767650850,524204,529450,8030,7266,7648,7668,0,7619,0,0,0,2017-04-20,32592646,7688,2,0,0,0,0,0,0,0,0,7689,50,0,0,0,0,0,0,0,0
383,2017-04-20,09:03:13,112,pp1709,XDCE,7687,7616,7690,20188,771956190,524140,529450,8030,7266,7648,7668,0,7619,0,0,0,2017-04-20,32593112,7689,1,0,0,0,0,0,0,0,0,7690,34,0,0,0,0,0,0,0,0
384,2017-04-20,09:03:13,641,pp1709,XDCE,7687,7616,7690,20220,773186300,524118,529450,8030,7266,7648,7668,0,7619,0,0,0,2017-04-20,32593641,7687,181,0,0,0,0,0,0,0,0,7688,1,0,0,0,0,0,0,0,0
385,2017-04-20,09:03:14,145,pp1709,XDCE,7689,7616,7690,20248,774262740,524128,529450,8030,7266,7648,7668,0,7619,0,0,0,2017-04-20,32594145,7689,89,0,0,0,0,0,0,0,0,7690,34,0,0,0,0,0,0,0,0
386,2017-04-20,09:03:14,643,pp1709,XDCE,7689,7616,7690,20410,780490860,524162,529450,8030,7266,7648,7668,0,7619,0,0,0,2017-04-20,32594643,7689,13,0,0,0,0,0,0,0,0,7690,42,0,0,0,0,0,0,0,0
387,2017-04-20,09:03:15,118,pp1709,XDCE,7688,7616,7690,20482,783258640,524128,529450,8030,7266,7648,7668,0,7619,0,0,0,2017-04-20,32595118,7687,158,0,0,0,0,0,0,0,0,7688,72,0,0,0,0,0,0,0,0
388,2017-04-20,09:03:15,633,pp1709,XDCE,7687,7616,7690,20750,793559230,524002,529450,8030,7266,7648,7668,0,7619,0,0,0,2017-04-20,32595633,7687,27,0,0,0,0,0,0,0,0,7688,14,0,0,0,0,0,0,0,0
389,2017-04-20,09:03:16,128,pp1709,XDCE,7684,7616,7690,20848,797325580,523986,529450,8030,7266,7648,7668,0,7619,0,0,0,2017-04-20,32596128,7684,1,0,0,0,0,0,0,0,0,7685,3,0,0,0,0,0,0,0,0
390,2017-04-20,09:03:16,626,pp1709,XDCE,7684,7616,7690,20882,798631960,523990,529450,8030,7266,7648,7668,0,7619,0,0,0,2017-04-20,32596626,7683,12,0,0,0,0,0,0,0,0,7685,2,0,0,0,0,0,0,0,0
391,2017-04-20,09:03:17,117,pp1709,XDCE,7687,7616,7690,20916,799938490,523980,529450,8030,7266,7648,7668,0,7619,0,0,0,2017-04-20,32597117,7686,20,0,0,0,0,0,0,0,0,7687,23,0,0,0,0,0,0,0,0
392,2017-04-20,09:03:17,643,pp1709,XDCE,7686,7616,7690,20940,800860830,523980,529450,8030,7266,7648,7668,0,7619,0,0,0,2017-04-20,32597643,7686,10,0,0,0,0,0,0,0,0,7687,22,0,0,0,0,0,0,0,0
393,2017-04-20,09:03:18,108,pp1709,XDCE,7685,7616,7690,20984,802551630,523978,529450,8030,7266,7648,7668,0,7619,0,0,0,2017-04-20,32598108,7685,4,0,0,0,0,0,0,0,0,7686,1,0,0,0,0,0,0,0,0
394,2017-04-20,09:03:18,594,pp1709,XDCE,7687,7616,7690,21010,803550810,523986,529450,8030,7266,7648,7668,0,7619,0,0,0,2017-04-20,32598594,7686,8,0,0,0,0,0,0,0,0,7687,19,0,0,0,0,0,0,0,0
395,2017-04-20,09:03:19,93,pp1709,XDCE,7686,7616,7690,21020,803935120,523982,529450,8030,7266,7648,7668,0,7619,0,0,0,2017-04-20,32599093,7686,4,0,0,0,0,0,0,0,0,7687,20,0,0,0,0,0,0,0,0
396,2017-04-20,09:03:19,597,pp1709,XDCE,7686,7616,7690,21022,804011980,523980,529450,8030,7266,7648,7668,0,7619,0,0,0,2017-04-20,32599597,7686,3,0,0,0,0,0,0,0,0,7687,20,0,0,0,0,0,0,0,0
397,2017-04-20,09:03:20,101,pp1709,XDCE,7686,7616,7690,21028,804242560,523974,529450,8030,7266,7648,7668,0,7619,0,0,0,2017-04-20,32600101,7686,2,0,0,0,0,0,0,0,0,7687,18,0,0,0,0,0,0,0,0
398,2017-04-20,09:03:20,637,pp1709,XDCE,7686,7616,7690,21038,804626860,523982,529450,8030,7266,7648,7668,0,7619,0,0,0,2017-04-20,32600637,7685,67,0,0,0,0,0,0,0,0,7687,17,0,0,0,0,0,0,0,0
399,2017-04-20,09:03:21,95,pp1709,XDCE,7685,7616,7690,21046,804934270,523980,529450,8030,7266,7648,7668,0,7619,0,0,0,2017-04-20,32601095,7685,64,0,0,0,0,0,0,0,0,7686,20,0,0,0,0,0,0,0,0
400,2017-04-20,09:03:21,609,pp1709,XDCE,7686,7616,7690,21052,805164840,523978,529450,8030,7266,7648,7668,0,7619,0,0,0,2017-04-20,32601609,7685,63,0,0,0,0,0,0,0,0,7686,18,0,0,0,0,0,0,0,0
401,2017-04-20,09:03:22,96,pp1709,XDCE,7685,7616,7690,21062,805549090,523970,529450,8030,7266,7648,7668,0,7619,0,0,0,2017-04-20,32602096,7685,58,0,0,0,0,0,0,0,0,7686,32,0,0,0,0,0,0,0,0
402,2017-04-20,09:03:22,597,pp1709,XDCE,7685,7616,7690,21066,805702790,523968,529450,8030,7266,7648,7668,0,7619,0,0,0,2017-04-20,32602597,7685,58,0,0,0,0,0,0,0,0,7686,33,0,0,0,0,0,0,0,0
403,2017-04-20,09:03:23,109,pp1709,XDCE,7685,7616,7690,21094,806778810,523988,529450,8030,7266,7648,7668,0,7619,0,0,0,2017-04-20,32603109,7685,56,0,0,0,0,0,0,0,0,7686,43,0,0,0,0,0,0,0,0
404,2017-04-20,09:03:23,643,pp1709,XDCE,7686,7616,7690,21152,809007610,523990,529450,8030,7266,7648,7668,0,7619,0,0,0,2017-04-20,32603643,7685,44,0,0,0,0,0,0,0,0,7686,29,0,0,0,0,0,0,0,0
405,2017-04-20,09:03:24,137,pp1709,XDCE,7685,7616,7690,21198,810775280,523988,529450,8030,7266,7648,7668,0,7619,0,0,0,2017-04-20,32604137,7685,33,0,0,0,0,0,0,0,0,7686,23,0,0,0,0,0,0,0,0
406,2017-04-20,09:03:24,598,pp1709,XDCE,7685,7616,7690,21230,812004890,523974,529450,8030,7266,7648,7668,0,7619,0,0,0,2017-04-20,32604598,7685,18,0,0,0,0,0,0,0,0,7686,22,0,0,0,0,0,0,0,0
407,2017-04-20,09:03:25,135,pp1709,XDCE,7683,7616,7690,21268,813465020,523940,529450,8030,7266,7648,7668,0,7619,0,0,0,2017-04-20,32605135,7683,11,0,0,0,0,0,0,0,0,7684,8,0,0,0,0,0,0,0,0
408,2017-04-20,09:03:25,617,pp1709,XDCE,7685,7616,7690,21332,815924100,523946,529450,8030,7266,7648,7668,0,7619,0,0,0,2017-04-20,32605617,7683,8,0,0,0,0,0,0,0,0,7685,30,0,0,0,0,0,0,0,0
409,2017-04-20,09:03:26,115,pp1709,XDCE,7685,7616,7690,21336,816077780,523944,529450,8030,7266,7648,7668,0,7619,0,0,0,2017-04-20,32606115,7683,7,0,0,0,0,0,0,0,0,7685,33,0,0,0,0,0,0,0,0
410,2017-04-20,09:03:26,591,pp1709,XDCE,7683,7616,7690,21368,817306980,523932,529450,8030,7266,7648,7668,0,7619,0,0,0,2017-04-20,32606591,7681,3,0,0,0,0,0,0,0,0,7684,11,0,0,0,0,0,0,0,0
411,2017-04-20,09:03:27,122,pp1709,XDCE,7682,7616,7690,21370,817383800,523932,529450,8030,7266,7648,7668,0,7619,0,0,0,2017-04-20,32607122,7681,3,0,0,0,0,0,0,0,0,7684,11,0,0,0,0,0,0,0,0
412,2017-04-20,09:03:27,627,pp1709,XDCE,7680,7616,7690,21388,818075210,523936,529450,8030,7266,7648,7668,0,7619,0,0,0,2017-04-20,32607627,7682,10,0,0,0,0,0,0,0,0,7684,5,0,0,0,0,0,0,0,0
413,2017-04-20,09:03:28,131,pp1709,XDCE,7682,7616,7690,21408,818843400,523952,529450,8030,7266,7648,7668,0,7619,0,0,0,2017-04-20,32608131,7681,5,0,0,0,0,0,0,0,0,7682,2,0,0,0,0,0,0,0,0
414,2017-04-20,09:03:28,641,pp1709,XDCE,7681,7616,7690,21410,818920210,523950,529450,8030,7266,7648,7668,0,7619,0,0,0,2017-04-20,32608641,7680,5,0,0,0,0,0,0,0,0,7682,29,0,0,0,0,0,0,0,0
415,2017-04-20,09:03:29,95,pp1709,XDCE,7680,7616,7690,21414,819073810,523950,529450,8030,7266,7648,7668,0,7619,0,0,0,2017-04-20,32609095,7680,7,0,0,0,0,0,0,0,0,7682,14,0,0,0,0,0,0,0,0
416,2017-04-20,09:03:29,635,pp1709,XDCE,7683,7616,7690,21458,820763910,523982,529450,8030,7266,7648,7668,0,7619,0,0,0,2017-04-20,32609635,7681,20,0,0,0,0,0,0,0,0,7683,13,0,0,0,0,0,0,0,0
417,2017-04-20,09:03:30,145,pp1709,XDCE,7683,7616,7690,21488,821916310,523968,529450,8030,7266,7648,7668,0,7619,0,0,0,2017-04-20,32610145,7683,41,0,0,0,0,0,0,0,0,7684,3,0,0,0,0,0,0,0,0
418,2017-04-20,09:03:30,593,pp1709,XDCE,7683,7616,7690,21510,822761350,523976,529450,8030,7266,7648,7668,0,7619,0,0,0,2017-04-20,32610593,7683,5,0,0,0,0,0,0,0,0,7684,11,0,0,0,0,0,0,0,0
419,2017-04-20,09:03:31,125,pp1709,XDCE,7682,7616,7690,21514,822915000,523978,529450,8030,7266,7648,7668,0,7619,0,0,0,2017-04-20,32611125,7682,7,0,0,0,0,0,0,0,0,7683,1,0,0,0,0,0,0,0,0
420,2017-04-20,09:03:31,549,pp1709,XDCE,7682,7616,7690,21534,823683210,523986,529450,8030,7266,7648,7668,0,7619,0,0,0,2017-04-20,32611549,7682,2,0,0,0,0,0,0,0,0,7683,7,0,0,0,0,0,0,0,0
421,2017-04-20,09:03:32,132,pp1709,XDCE,7682,7616,7690,21540,823913670,523984,529450,8030,7266,7648,7668,0,7619,0,0,0,2017-04-20,32612132,7681,18,0,0,0,0,0,0,0,0,7682,4,0,0,0,0,0,0,0,0
422,2017-04-20,09:03:32,642,pp1709,XDCE,7682,7616,7690,21570,825066070,523986,529450,8030,7266,7648,7668,0,7619,0,0,0,2017-04-20,32612642,7682,2,0,0,0,0,0,0,0,0,7683,5,0,0,0,0,0,0,0,0
423,2017-04-20,09:03:33,4,pp1709,XDCE,7681,7616,7690,21574,825219690,523986,529450,8030,7266,7648,7668,0,7619,0,0,0,2017-04-20,32613004,7681,16,0,0,0,0,0,0,0,0,7683,7,0,0,0,0,0,0,0,0
424,2017-04-20,09:03:33,639,pp1709,XDCE,7682,7616,7690,21582,825526990,523984,529450,8030,7266,7648,7668,0,7619,0,0,0,2017-04-20,32613639,7681,16,0,0,0,0,0,0,0,0,7683,5,0,0,0,0,0,0,0,0
425,2017-04-20,09:03:34,114,pp1709,XDCE,7681,7616,7690,21584,825603800,523984,529450,8030,7266,7648,7668,0,7619,0,0,0,2017-04-20,32614114,7681,15,0,0,0,0,0,0,0,0,7683,3,0,0,0,0,0,0,0,0
426,2017-04-20,09:03:34,568,pp1709,XDCE,7681,7616,7690,21594,825987850,523976,529450,8030,7266,7648,7668,0,7619,0,0,0,2017-04-20,32614568,7681,11,0,0,0,0,0,0,0,0,7683,7,0,0,0,0,0,0,0,0
427,2017-04-20,09:03:35,124,pp1709,XDCE,7681,7616,7690,21594,825987850,523976,529450,8030,7266,7648,7668,0,7619,0,0,0,2017-04-20,32615124,7681,1,0,0,0,0,0,0,0,0,7683,9,0,0,0,0,0,0,0,0
428,2017-04-20,09:03:35,626,pp1709,XDCE,7681,7616,7690,21598,826141470,523978,529450,8030,7266,7648,7668,0,7619,0,0,0,2017-04-20,32615626,7680,12,0,0,0,0,0,0,0,0,7681,2,0,0,0,0,0,0,0,0
429,2017-04-20,09:03:36,72,pp1709,XDCE,7681,7616,7690,21598,826141470,523978,529450,8030,7266,7648,7668,0,7619,0,0,0,2017-04-20,32616072,7680,12,0,0,0,0,0,0,0,0,7681,4,0,0,0,0,0,0,0,0
430,2017-04-20,09:03:36,644,pp1709,XDCE,7685,7616,7690,21886,837207150,523800,529450,8030,7266,7648,7668,0,7619,0,0,0,2017-04-20,32616644,7685,164,0,0,0,0,0,0,0,0,7686,8,0,0,0,0,0,0,0,0
431,2017-04-20,09:03:37,121,pp1709,XDCE,7685,7616,7690,21956,839896910,523732,529450,8030,7266,7648,7668,0,7619,0,0,0,2017-04-20,32617121,7685,130,0,0,0,0,0,0,0,0,7686,73,0,0,0,0,0,0,0,0
432,2017-04-20,09:03:37,633,pp1709,XDCE,7685,7616,7690,21978,840742260,523710,529450,8030,7266,7648,7668,0,7619,0,0,0,2017-04-20,32617633,7685,120,0,0,0,0,0,0,0,0,7686,70,0,0,0,0,0,0,0,0
433,2017-04-20,09:03:38,147,pp1709,XDCE,7685,7616,7690,21992,841280210,523700,529450,8030,7266,7648,7668,0,7619,0,0,0,2017-04-20,32618147,7685,113,0,0,0,0,0,0,0,0,7686,73,0,0,0,0,0,0,0,0
434,2017-04-20,09:03:39,63,pp1709,XDCE,7686,7616,7690,22014,842125590,523696,529450,8030,7266,7648,7668,0,7619,0,0,0,2017-04-20,32619063,7685,105,0,0,0,0,0,0,0,0,7686,70,0,0,0,0,0,0,0,0
435,2017-04-20,09:03:39,609,pp1709,XDCE,7686,7616,7690,22022,842433010,523692,529450,8030,7266,7648,7668,0,7619,0,0,0,2017-04-20,32619609,7685,103,0,0,0,0,0,0,0,0,7686,3,0,0,0,0,0,0,0,0
436,2017-04-20,09:03:40,95,pp1709,XDCE,7685,7616,7690,22058,843816590,523662,529450,8030,7266,7648,7668,0,7619,0,0,0,2017-04-20,32620095,7685,102,0,0,0,0,0,0,0,0,7687,30,0,0,0,0,0,0,0,0
437,2017-04-20,09:03:40,643,pp1709,XDCE,7686,7616,7690,22080,844661990,523656,529450,8030,7266,7648,7668,0,7619,0,0,0,2017-04-20,32620643,7686,4,0,0,0,0,0,0,0,0,7687,30,0,0,0,0,0,0,0,0
438,2017-04-20,09:03:41,134,pp1709,XDCE,7686,7616,7690,22088,844969430,523658,529450,8030,7266,7648,7668,0,7619,0,0,0,2017-04-20,32621134,7686,4,0,0,0,0,0,0,0,0,7687,30,0,0,0,0,0,0,0,0
439,2017-04-20,09:03:41,628,pp1709,XDCE,7687,7616,7690,22150,847352370,523612,529450,8030,7266,7648,7668,0,7619,0,0,0,2017-04-20,32621628,7686,12,0,0,0,0,0,0,0,0,7687,2,0,0,0,0,0,0,0,0
440,2017-04-20,09:03:42,112,pp1709,XDCE,7687,7616,7690,22166,847967340,523602,529450,8030,7266,7648,7668,0,7619,0,0,0,2017-04-20,32622112,7687,7,0,0,0,0,0,0,0,0,7688,25,0,0,0,0,0,0,0,0
441,2017-04-20,09:03:42,596,pp1709,XDCE,7687,7616,7690,22166,847967340,523602,529450,8030,7266,7648,7668,0,7619,0,0,0,2017-04-20,32622596,7687,5,0,0,0,0,0,0,0,0,7688,25,0,0,0,0,0,0,0,0
442,2017-04-20,09:03:43,147,pp1709,XDCE,7686,7616,7690,22192,848966580,523602,529450,8030,7266,7648,7668,0,7619,0,0,0,2017-04-20,32623147,7686,7,0,0,0,0,0,0,0,0,7688,25,0,0,0,0,0,0,0,0
443,2017-04-20,09:03:43,638,pp1709,XDCE,7687,7616,7690,22202,849350890,523602,529450,8030,7266,7648,7668,0,7619,0,0,0,2017-04-20,32623638,7686,3,0,0,0,0,0,0,0,0,7688,26,0,0,0,0,0,0,0,0
444,2017-04-20,09:03:44,103,pp1709,XDCE,7687,7616,7690,22204,849427760,523604,529450,8030,7266,7648,7668,0,7619,0,0,0,2017-04-20,32624103,7687,1,0,0,0,0,0,0,0,0,7688,27,0,0,0,0,0,0,0,0
445,2017-04-20,09:03:44,596,pp1709,XDCE,7688,7616,7690,22218,849965860,523600,529450,8030,7266,7648,7668,0,7619,0,0,0,2017-04-20,32624596,7686,8,0,0,0,0,0,0,0,0,7688,25,0,0,0,0,0,0,0,0
446,2017-04-20,09:03:45,117,pp1709,XDCE,7688,7616,7690,22262,851657180,523578,529450,8030,7266,7648,7668,0,7619,0,0,0,2017-04-20,32625117,7686,6,0,0,0,0,0,0,0,0,7688,5,0,0,0,0,0,0,0,0
447,2017-04-20,09:03:45,608,pp1709,XDCE,7687,7616,7690,22290,852733370,523566,529450,8030,7266,7648,7668,0,7619,0,0,0,2017-04-20,32625608,7688,8,0,0,0,0,0,0,0,0,7689,18,0,0,0,0,0,0,0,0
448,2017-04-20,09:03:46,134,pp1709,XDCE,7688,7616,7690,22294,852887130,523566,529450,8030,7266,7648,7668,0,7619,0,0,0,2017-04-20,32626134,7686,9,0,0,0,0,0,0,0,0,7689,18,0,0,0,0,0,0,0,0
449,2017-04-20,09:03:46,642,pp1709,XDCE,7688,7616,7690,22302,853194590,523560,529450,8030,7266,7648,7668,0,7619,0,0,0,2017-04-20,32626642,7686,2,0,0,0,0,0,0,0,0,7688,8,0,0,0,0,0,0,0,0
450,2017-04-20,09:03:47,143,pp1709,XDCE,7688,7616,7690,22312,853578990,523560,529450,8030,7266,7648,7668,0,7619,0,0,0,2017-04-20,32627143,7686,2,0,0,0,0,0,0,0,0,7688,19,0,0,0,0,0,0,0,0
451,2017-04-20,09:03:47,607,pp1709,XDCE,7685,7616,7690,22318,853809560,523554,529450,8030,7266,7648,7668,0,7619,0,0,0,2017-04-20,32627607,7686,5,0,0,0,0,0,0,0,0,7687,6,0,0,0,0,0,0,0,0
452,2017-04-20,09:03:48,134,pp1709,XDCE,7688,7616,7690,22328,854193920,523554,529450,8030,7266,7648,7668,0,7619,0,0,0,2017-04-20,32628134,7686,5,0,0,0,0,0,0,0,0,7688,18,0,0,0,0,0,0,0,0
453,2017-04-20,09:03:48,628,pp1709,XDCE,7685,7616,7690,22344,854808770,523548,529450,8030,7266,7648,7668,0,7619,0,0,0,2017-04-20,32628628,7685,116,0,0,0,0,0,0,0,0,7688,25,0,0,0,0,0,0,0,0
454,2017-04-20,09:03:49,138,pp1709,XDCE,7686,7616,7690,22348,854962490,523548,529450,8030,7266,7648,7668,0,7619,0,0,0,2017-04-20,32629138,7686,39,0,0,0,0,0,0,0,0,7688,24,0,0,0,0,0,0,0,0
455,2017-04-20,09:03:49,594,pp1709,XDCE,7685,7616,7690,22354,855193040,523542,529450,8030,7266,7648,7668,0,7619,0,0,0,2017-04-20,32629594,7685,116,0,0,0,0,0,0,0,0,7688,24,0,0,0,0,0,0,0,0
456,2017-04-20,09:03:50,128,pp1709,XDCE,7688,7616,7690,22356,855269920,523542,529450,8030,7266,7648,7668,0,7619,0,0,0,2017-04-20,32630128,7685,116,0,0,0,0,0,0,0,0,7687,5,0,0,0,0,0,0,0,0
457,2017-04-20,09:03:50,642,pp1709,XDCE,7686,7616,7690,22382,856269080,523536,529450,8030,7266,7648,7668,0,7619,0,0,0,2017-04-20,32630642,7685,110,0,0,0,0,0,0,0,0,7686,11,0,0,0,0,0,0,0,0
458,2017-04-20,09:03:51,96,pp1709,XDCE,7686,7616,7690,22388,856499660,523532,529450,8030,7266,7648,7668,0,7619,0,0,0,2017-04-20,32631096,7685,110,0,0,0,0,0,0,0,0,7686,11,0,0,0,0,0,0,0,0
459,2017-04-20,09:03:51,624,pp1709,XDCE,7686,7616,7690,22390,856576520,523532,529450,8030,7266,7648,7668,0,7619,0,0,0,2017-04-20,32631624,7685,110,0,0,0,0,0,0,0,0,7686,23,0,0,0,0,0,0,0,0
460,2017-04-20,09:03:52,133,pp1709,XDCE,7685,7616,7690,22396,856807070,523526,529450,8030,7266,7648,7668,0,7619,0,0,0,2017-04-20,32632133,7685,107,0,0,0,0,0,0,0,0,7686,23,0,0,0,0,0,0,0,0
461,2017-04-20,09:03:52,620,pp1709,XDCE,7685,7616,7690,22402,857037620,523522,529450,8030,7266,7648,7668,0,7619,0,0,0,2017-04-20,32632620,7685,104,0,0,0,0,0,0,0,0,7686,23,0,0,0,0,0,0,0,0
462,2017-04-20,09:03:53,105,pp1709,XDCE,7685,7616,7690,22408,857268170,523516,529450,8030,7266,7648,7668,0,7619,0,0,0,2017-04-20,32633105,7685,101,0,0,0,0,0,0,0,0,7686,23,0,0,0,0,0,0,0,0
463,2017-04-20,09:03:53,595,pp1709,XDCE,7686,7616,7690,22430,858113630,523514,529450,8030,7266,7648,7668,0,7619,0,0,0,2017-04-20,32633595,7685,101,0,0,0,0,0,0,0,0,7686,4,0,0,0,0,0,0,0,0
464,2017-04-20,09:03:54,96,pp1709,XDCE,7685,7616,7690,22488,860342280,523476,529450,8030,7266,7648,7668,0,7619,0,0,0,2017-04-20,32634096,7685,72,0,0,0,0,0,0,0,0,7686,11,0,0,0,0,0,0,0,0
465,2017-04-20,09:03:54,604,pp1709,XDCE,7686,7616,7690,22596,864492370,523382,529450,8030,7266,7648,7668,0,7619,0,0,0,2017-04-20,32634604,7686,81,0,0,0,0,0,0,0,0,7687,6,0,0,0,0,0,0,0,0
466,2017-04-20,09:03:55,135,pp1709,XDCE,7686,7616,7690,22630,865798990,523368,529450,8030,7266,7648,7668,0,7619,0,0,0,2017-04-20,32635135,7686,68,0,0,0,0,0,0,0,0,7687,13,0,0,0,0,0,0,0,0
467,2017-04-20,09:03:55,605,pp1709,XDCE,7686,7616,7690,22654,866721310,523352,529450,8030,7266,7648,7668,0,7619,0,0,0,2017-04-20,32635605,7686,56,0,0,0,0,0,0,0,0,7687,13,0,0,0,0,0,0,0,0
468,2017-04-20,09:03:56,99,pp1709,XDCE,7686,7616,7690,22660,866951890,523346,529450,8030,7266,7648,7668,0,7619,0,0,0,2017-04-20,32636099,7686,56,0,0,0,0,0,0,0,0,7687,11,0,0,0,0,0,0,0,0
469,2017-04-20,09:03:56,600,pp1709,XDCE,7686,7616,7690,22684,867874220,523324,529450,8030,7266,7648,7668,0,7619,0,0,0,2017-04-20,32636600,7686,45,0,0,0,0,0,0,0,0,7687,10,0,0,0,0,0,0,0,0
470,2017-04-20,09:03:57,115,pp1709,XDCE,7686,7616,7690,22698,868412250,523316,529450,8030,7266,7648,7668,0,7619,0,0,0,2017-04-20,32637115,7686,42,0,0,0,0,0,0,0,0,7687,9,0,0,0,0,0,0,0,0
471,2017-04-20,09:03:57,599,pp1709,XDCE,7686,7616,7690,22702,868565980,523314,529450,8030,7266,7648,7668,0,7619,0,0,0,2017-04-20,32637599,7686,41,0,0,0,0,0,0,0,0,7687,8,0,0,0,0,0,0,0,0
472,2017-04-20,09:03:58,97,pp1709,XDCE,7686,7616,7690,22712,868950280,523304,529450,8030,7266,7648,7668,0,7619,0,0,0,2017-04-20,32638097,7686,36,0,0,0,0,0,0,0,0,7687,12,0,0,0,0,0,0,0,0
473,2017-04-20,09:03:58,607,pp1709,XDCE,7686,7616,7690,22774,871333080,523248,529450,8030,7266,7648,7668,0,7619,0,0,0,2017-04-20,32638607,7686,16,0,0,0,0,0,0,0,0,7688,19,0,0,0,0,0,0,0,0
474,2017-04-20,09:03:59,119,pp1709,XDCE,7685,7616,7690,22812,872793390,523222,529450,8030,7266,7648,7668,0,7619,0,0,0,2017-04-20,32639119,7685,34,0,0,0,0,0,0,0,0,7687,12,0,0,0,0,0,0,0,0
475,2017-04-20,09:03:59,611,pp1709,XDCE,7685,7616,7690,22854,874407260,523192,529450,8030,7266,7648,7668,0,7619,0,0,0,2017-04-20,32639611,7685,15,0,0,0,0,0,0,0,0,7686,18,0,0,0,0,0,0,0,0
476,2017-04-20,09:04:00,133,pp1709,XDCE,7685,7616,7690,22888,875713690,523162,529450,8030,7266,7648,7668,0,7619,0,0,0,2017-04-20,32640133,7682,8,0,0,0,0,0,0,0,0,7685,6,0,0,0,0,0,0,0,0
477,2017-04-20,09:04:00,596,pp1709,XDCE,7682,7616,7690,22922,877020050,523162,529450,8030,7266,7648,7668,0,7619,0,0,0,2017-04-20,32640596,7682,4,0,0,0,0,0,0,0,0,7685,18,0,0,0,0,0,0,0,0
478,2017-04-20,09:04:01,97,pp1709,XDCE,7686,7616,7690,22968,878787620,523150,529450,8030,7266,7648,7668,0,7619,0,0,0,2017-04-20,32641097,7684,4,0,0,0,0,0,0,0,0,7685,11,0,0,0,0,0,0,0,0
479,2017-04-20,09:04:01,631,pp1709,XDCE,7684,7616,7690,22978,879171830,523142,529450,8030,7266,7648,7668,0,7619,0,0,0,2017-04-20,32641631,7683,1,0,0,0,0,0,0,0,0,7684,3,0,0,0,0,0,0,0,0
480,2017-04-20,09:04:02,95,pp1709,XDCE,7681,7616,7690,22986,879479110,523142,529450,8030,7266,7648,7668,0,7619,0,0,0,2017-04-20,32642095,7681,5,0,0,0,0,0,0,0,0,7684,6,0,0,0,0,0,0,0,0
481,2017-04-20,09:04:02,641,pp1709,XDCE,7684,7616,7690,23000,880016970,523146,529450,8030,7266,7648,7668,0,7619,0,0,0,2017-04-20,32642641,7684,3,0,0,0,0,0,0,0,0,7685,16,0,0,0,0,0,0,0,0
482,2017-04-20,09:04:03,129,pp1709,XDCE,7684,7616,7690,23006,880247490,523146,529450,8030,7266,7648,7668,0,7619,0,0,0,2017-04-20,32643129,7682,10,0,0,0,0,0,0,0,0,7685,16,0,0,0,0,0,0,0,0
483,2017-04-20,09:04:03,638,pp1709,XDCE,7680,7616,7690,23062,882398190,523154,529450,8030,7266,7648,7668,0,7619,0,0,0,2017-04-20,32643638,7680,5,0,0,0,0,0,0,0,0,7684,4,0,0,0,0,0,0,0,0
484,2017-04-20,09:04:04,105,pp1709,XDCE,7680,7616,7690,23174,886698990,523156,529450,8030,7266,7648,7668,0,7619,0,0,0,2017-04-20,32644105,7681,38,0,0,0,0,0,0,0,0,7682,4,0,0,0,0,0,0,0,0
485,2017-04-20,09:04:04,615,pp1709,XDCE,7680,7616,7690,23232,888926490,523152,529450,8030,7266,7648,7668,0,7619,0,0,0,2017-04-20,32644615,7679,7,0,0,0,0,0,0,0,0,7680,2,0,0,0,0,0,0,0,0
486,2017-04-20,09:04:05,143,pp1709,XDCE,7680,7616,7690,23306,891768090,523152,529450,8030,7266,7648,7668,0,7619,0,0,0,2017-04-20,32645143,7679,7,0,0,0,0,0,0,0,0,7680,13,0,0,0,0,0,0,0,0
487,2017-04-20,09:04:05,636,pp1709,XDCE,7680,7616,7690,23400,895377690,523138,529450,8030,7266,7648,7668,0,7619,0,0,0,2017-04-20,32645636,7679,7,0,0,0,0,0,0,0,0,7680,1,0,0,0,0,0,0,0,0
488,2017-04-20,09:04:06,142,pp1709,XDCE,7680,7616,7690,23430,896529690,523140,529450,8030,7266,7648,7668,0,7619,0,0,0,2017-04-20,32646142,7680,37,0,0,0,0,0,0,0,0,7681,2,0,0,0,0,0,0,0,0
489,2017-04-20,09:04:06,647,pp1709,XDCE,7680,7616,7690,23510,899601730,523138,529450,8030,7266,7648,7668,0,7619,0,0,0,2017-04-20,32646647,7679,21,0,0,0,0,0,0,0,0,7680,6,0,0,0,0,0,0,0,0
490,2017-04-20,09:04:07,148,pp1709,XDCE,7679,7616,7690,23550,901137610,523124,529450,8030,7266,7648,7668,0,7619,0,0,0,2017-04-20,32647148,7679,20,0,0,0,0,0,0,0,0,7680,7,0,0,0,0,0,0,0,0
491,2017-04-20,09:04:07,619,pp1709,XDCE,7679,7616,7690,23560,901521560,523124,529450,8030,7266,7648,7668,0,7619,0,0,0,2017-04-20,32647619,7679,15,0,0,0,0,0,0,0,0,7680,7,0,0,0,0,0,0,0,0
492,2017-04-20,09:04:08,145,pp1709,XDCE,7680,7616,7690,23626,904056070,523122,529450,8030,7266,7648,7668,0,7619,0,0,0,2017-04-20,32648145,7680,91,0,0,0,0,0,0,0,0,7682,1,0,0,0,0,0,0,0,0
493,2017-04-20,09:04:08,636,pp1709,XDCE,7680,7616,7690,23778,909892890,523104,529450,8030,7266,7648,7668,0,7619,0,0,0,2017-04-20,32648636,7680,135,0,0,0,0,0,0,0,0,7683,13,0,0,0,0,0,0,0,0
494,2017-04-20,09:04:09,141,pp1709,XDCE,7680,7616,7690,23892,914270490,523090,529450,8030,7266,7648,7668,0,7619,0,0,0,2017-04-20,32649141,7680,101,0,0,0,0,0,0,0,0,7682,4,0,0,0,0,0,0,0,0
495,2017-04-20,09:04:09,593,pp1709,XDCE,7680,7616,7690,23920,915345850,523084,529450,8030,7266,7648,7668,0,7619,0,0,0,2017-04-20,32649593,7680,118,0,0,0,0,0,0,0,0,7683,19,0,0,0,0,0,0,0,0
496,2017-04-20,09:04:10,129,pp1709,XDCE,7680,7616,7690,24028,919493050,523086,529450,8030,7266,7648,7668,0,7619,0,0,0,2017-04-20,32650129,7680,31,0,0,0,0,0,0,0,0,7682,8,0,0,0,0,0,0,0,0
497,2017-04-20,09:04:10,593,pp1709,XDCE,7680,7616,7690,24140,923793870,523142,529450,8030,7266,7648,7668,0,7619,0,0,0,2017-04-20,32650593,7679,16,0,0,0,0,0,0,0,0,7680,6,0,0,0,0,0,0,0,0
498,2017-04-20,09:04:11,141,pp1709,XDCE,7680,7616,7690,24180,925329870,523164,529450,8030,7266,7648,7668,0,7619,0,0,0,2017-04-20,32651141,7679,16,0,0,0,0,0,0,0,0,7680,9,0,0,0,0,0,0,0,0
499,2017-04-20,09:04:11,601,pp1709,XDCE,7680,7616,7690,24200,926097870,523184,529450,8030,7266,7648,7668,0,7619,0,0,0,2017-04-20,32651601,7679,16,0,0,0,0,0,0,0,0,7680,9,0,0,0,0,0,0,0,0
500,2017-04-20,09:04:12,141,pp1709,XDCE,7679,7616,7690,24260,928401760,523204,529450,8030,7266,7648,7668,0,7619,0,0,0,2017-04-20,32652141,7679,6,0,0,0,0,0,0,0,0,7680,9,0,0,0,0,0,0,0,0
501,2017-04-20,09:04:12,634,pp1709,XDCE,7678,7616,7690,24308,930244540,523208,529450,8030,7266,7648,7668,0,7619,0,0,0,2017-04-20,32652634,7677,1,0,0,0,0,0,0,0,0,7678,2,0,0,0,0,0,0,0,0
502,2017-04-20,09:04:13,137,pp1709,XDCE,7678,7616,7690,24336,931319570,523184,529450,8030,7266,7648,7668,0,7619,0,0,0,2017-04-20,32653137,7677,4,0,0,0,0,0,0,0,0,7679,64,0,0,0,0,0,0,0,0
503,2017-04-20,09:04:13,600,pp1709,XDCE,7679,7616,7690,24340,931473150,523180,529450,8030,7266,7648,7668,0,7619,0,0,0,2017-04-20,32653600,7677,8,0,0,0,0,0,0,0,0,7679,65,0,0,0,0,0,0,0,0
504,2017-04-20,09:04:14,138,pp1709,XDCE,7679,7616,7690,24348,931780290,523180,529450,8030,7266,7648,7668,0,7619,0,0,0,2017-04-20,32654138,7677,7,0,0,0,0,0,0,0,0,7678,2,0,0,0,0,0,0,0,0
505,2017-04-20,09:04:14,604,pp1709,XDCE,7677,7616,7690,24352,931933840,523178,529450,8030,7266,7648,7668,0,7619,0,0,0,2017-04-20,32654604,7677,3,0,0,0,0,0,0,0,0,7678,1,0,0,0,0,0,0,0,0
506,2017-04-20,09:04:15,134,pp1709,XDCE,7677,7616,7690,24352,931933840,523178,529450,8030,7266,7648,7668,0,7619,0,0,0,2017-04-20,32655134,7677,3,0,0,0,0,0,0,0,0,7678,3,0,0,0,0,0,0,0,0
507,2017-04-20,09:04:15,599,pp1709,XDCE,7677,7616,7690,24356,932087390,523178,529450,8030,7266,7648,7668,0,7619,0,0,0,2017-04-20,32655599,7677,3,0,0,0,0,0,0,0,0,7678,2,0,0,0,0,0,0,0,0
508,2017-04-20,09:04:16,124,pp1709,XDCE,7677,7616,7690,24358,932164160,523178,529450,8030,7266,7648,7668,0,7619,0,0,0,2017-04-20,32656124,7677,3,0,0,0,0,0,0,0,0,7678,2,0,0,0,0,0,0,0,0
509,2017-04-20,09:04:16,630,pp1709,XDCE,7677,7616,7690,24362,932317700,523178,529450,8030,7266,7648,7668,0,7619,0,0,0,2017-04-20,32656630,7676,44,0,0,0,0,0,0,0,0,7677,6,0,0,0,0,0,0,0,0
510,2017-04-20,09:04:17,102,pp1709,XDCE,7679,7616,7690,24390,933392620,523170,529450,8030,7266,7648,7668,0,7619,0,0,0,2017-04-20,32657102,7677,3,0,0,0,0,0,0,0,0,7679,56,0,0,0,0,0,0,0,0
511,2017-04-20,09:04:17,594,pp1709,XDCE,7677,7616,7690,24402,933853340,523168,529450,8030,7266,7648,7668,0,7619,0,0,0,2017-04-20,32657594,7677,5,0,0,0,0,0,0,0,0,7679,51,0,0,0,0,0,0,0,0
512,2017-04-20,09:04:18,29,pp1709,XDCE,7677,7616,7690,24404,933930110,523166,529450,8030,7266,7648,7668,0,7619,0,0,0,2017-04-20,32658029,7676,44,0,0,0,0,0,0,0,0,7678,1,0,0,0,0,0,0,0,0
513,2017-04-20,09:04:18,593,pp1709,XDCE,7677,7616,7690,24406,934006880,523166,529450,8030,7266,7648,7668,0,7619,0,0,0,2017-04-20,32658593,7677,28,0,0,0,0,0,0,0,0,7678,1,0,0,0,0,0,0,0,0
514,2017-04-20,09:04:19,118,pp1709,XDCE,7677,7616,7690,24414,934313950,523164,529450,8030,7266,7648,7668,0,7619,0,0,0,2017-04-20,32659118,7677,25,0,0,0,0,0,0,0,0,7678,1,0,0,0,0,0,0,0,0
515,2017-04-20,09:04:19,600,pp1709,XDCE,7676,7616,7690,24434,935081610,523156,529450,8030,7266,7648,7668,0,7619,0,0,0,2017-04-20,32659600,7678,9,0,0,0,0,0,0,0,0,7679,51,0,0,0,0,0,0,0,0
516,2017-04-20,09:04:20,141,pp1709,XDCE,7678,7616,7690,24446,935542280,523160,529450,8030,7266,7648,7668,0,7619,0,0,0,2017-04-20,32660141,7678,3,0,0,0,0,0,0,0,0,7679,51,0,0,0,0,0,0,0,0
517,2017-04-20,09:04:20,596,pp1709,XDCE,7679,7616,7690,24488,937154810,523164,529450,8030,7266,7648,7668,0,7619,0,0,0,2017-04-20,32660596,7677,46,0,0,0,0,0,0,0,0,7679,34,0,0,0,0,0,0,0,0
518,2017-04-20,09:04:21,145,pp1709,XDCE,7678,7616,7690,24522,938460200,523160,529450,8030,7266,7648,7668,0,7619,0,0,0,2017-04-20,32661145,7678,2,0,0,0,0,0,0,0,0,7679,21,0,0,0,0,0,0,0,0
519,2017-04-20,09:04:21,596,pp1709,XDCE,7680,7616,7690,24574,940456780,523160,529450,8030,7266,7648,7668,0,7619,0,0,0,2017-04-20,32661596,7679,1,0,0,0,0,0,0,0,0,7680,19,0,0,0,0,0,0,0,0
520,2017-04-20,09:04:22,127,pp1709,XDCE,7678,7616,7690,24578,940610350,523156,529450,8030,7266,7648,7668,0,7619,0,0,0,2017-04-20,32662127,7678,4,0,0,0,0,0,0,0,0,7680,19,0,0,0,0,0,0,0,0
521,2017-04-20,09:04:22,524,pp1709,XDCE,7679,7616,7690,24582,940763930,523152,529450,8030,7266,7648,7668,0,7619,0,0,0,2017-04-20,32662524,7678,4,0,0,0,0,0,0,0,0,7680,19,0,0,0,0,0,0,0,0
522,2017-04-20,09:04:23,29,pp1709,XDCE,7678,7616,7690,24584,940840710,523154,529450,8030,7266,7648,7668,0,7619,0,0,0,2017-04-20,32663029,7679,50,0,0,0,0,0,0,0,0,7680,19,0,0,0,0,0,0,0,0
523,2017-04-20,09:04:23,604,pp1709,XDCE,7679,7616,7690,24590,941071080,523156,529450,8030,7266,7648,7668,0,7619,0,0,0,2017-04-20,32663604,7679,47,0,0,0,0,0,0,0,0,7680,19,0,0,0,0,0,0,0,0
524,2017-04-20,09:04:24,94,pp1709,XDCE,7679,7616,7690,24594,941224660,523160,529450,8030,7266,7648,7668,0,7619,0,0,0,2017-04-20,32664094,7679,57,0,0,0,0,0,0,0,0,7680,19,0,0,0,0,0,0,0,0
525,2017-04-20,09:04:24,617,pp1709,XDCE,7680,7616,7690,24600,941455050,523166,529450,8030,7266,7648,7668,0,7619,0,0,0,2017-04-20,32664617,7679,57,0,0,0,0,0,0,0,0,7680,17,0,0,0,0,0,0,0,0
526,2017-04-20,09:04:25,90,pp1709,XDCE,7680,7616,7690,24622,942299850,523186,529450,8030,7266,7648,7668,0,7619,0,0,0,2017-04-20,32665090,7679,57,0,0,0,0,0,0,0,0,7680,11,0,0,0,0,0,0,0,0
527,2017-04-20,09:04:25,641,pp1709,XDCE,7680,7616,7690,24630,942607030,523190,529450,8030,7266,7648,7668,0,7619,0,0,0,2017-04-20,32665641,7679,55,0,0,0,0,0,0,0,0,7680,9,0,0,0,0,0,0,0,0
528,2017-04-20,09:04:26,142,pp1709,XDCE,7680,7616,7690,24642,943067830,523190,529450,8030,7266,7648,7668,0,7619,0,0,0,2017-04-20,32666142,7679,54,0,0,0,0,0,0,0,0,7680,7,0,0,0,0,0,0,0,0
529,2017-04-20,09:04:26,649,pp1709,XDCE,7680,7616,7690,24656,943605430,523190,529450,8030,7266,7648,7668,0,7619,0,0,0,2017-04-20,32666649,7679,54,0,0,0,0,0,0,0,0,7680,9,0,0,0,0,0,0,0,0
530,2017-04-20,09:04:27,118,pp1709,XDCE,7680,7616,7690,24662,943835820,523194,529450,8030,7266,7648,7668,0,7619,0,0,0,2017-04-20,32667118,7679,53,0,0,0,0,0,0,0,0,7680,8,0,0,0,0,0,0,0,0
531,2017-04-20,09:04:27,575,pp1709,XDCE,7680,7616,7690,24670,944143010,523200,529450,8030,7266,7648,7668,0,7619,0,0,0,2017-04-20,32667575,7679,52,0,0,0,0,0,0,0,0,7680,9,0,0,0,0,0,0,0,0
532,2017-04-20,09:04:28,14,pp1709,XDCE,7680,7616,7690,24672,944219810,523202,529450,8030,7266,7648,7668,0,7619,0,0,0,2017-04-20,32668014,7679,52,0,0,0,0,0,0,0,0,7680,8,0,0,0,0,0,0,0,0
533,2017-04-20,09:04:28,594,pp1709,XDCE,7678,7616,7690,24784,948520010,523298,529450,8030,7266,7648,7668,0,7619,0,0,0,2017-04-20,32668594,7677,5,0,0,0,0,0,0,0,0,7679,20,0,0,0,0,0,0,0,0
534,2017-04-20,09:04:29,132,pp1709,XDCE,7676,7616,7690,24804,949287710,523290,529450,8030,7266,7648,7668,0,7619,0,0,0,2017-04-20,32669132,7676,40,0,0,0,0,0,0,0,0,7679,19,0,0,0,0,0,0,0,0
535,2017-04-20,09:04:29,595,pp1709,XDCE,7679,7616,7690,24824,950055450,523296,529450,8030,7266,7648,7668,0,7619,0,0,0,2017-04-20,32669595,7678,3,0,0,0,0,0,0,0,0,7679,16,0,0,0,0,0,0,0,0
536,2017-04-20,09:04:30,635,pp1709,XDCE,7678,7616,7690,24846,950900130,523316,529450,8030,7266,7648,7668,0,7619,0,0,0,2017-04-20,32670635,7678,2,0,0,0,0,0,0,0,0,7679,6,0,0,0,0,0,0,0,0
537,2017-04-20,09:04:31,123,pp1709,XDCE,7678,7616,7690,24852,951130470,523312,529450,8030,7266,7648,7668,0,7619,0,0,0,2017-04-20,32671123,7677,1,0,0,0,0,0,0,0,0,7678,21,0,0,0,0,0,0,0,0
538,2017-04-20,09:04:31,524,pp1709,XDCE,7677,7616,7690,24854,951207240,523310,529450,8030,7266,7648,7668,0,7619,0,0,0,2017-04-20,32671524,7676,35,0,0,0,0,0,0,0,0,7678,21,0,0,0,0,0,0,0,0
