,dataDate,dataTime,dataMillisec,instrumentID,exchangeCD,lastPrice,lowPrice,highPrice,volume,value,openInterest,preOpenInterest,upperLimitPrice,lowerLimitPrice,preSettlementPrice,prevClosePrice,settlementPrice,openPrice,closePrice,preDelta,currDelta,clearingDay,milliSecOffset,bidPrice1,bidVolume1,bidPrice2,bidVolume2,bidPrice3,bidVolume3,bidPrice4,bidVolume4,bidPrice5,bidVolume5,askPrice1,askVolume1,askPrice2,askVolume2,askPrice3,askVolume3,askPrice4,askVolume4,askPrice5,askVolume5
0,2017-04-19,19:28:28,0,SF705,XZCE,5152,0,0,0,0,9328,9328,5448,4928,5188,5152,0,0,0,0,0,2017-04-20,70108000,0,0,0,0,0,0,0,0,0,0,0,0,0,0,0,0,0,0,0,0
1,2017-04-20,08:59:00,0,SF705,XZCE,5164,5164,5164,14,361480,9332,9328,5448,4928,5188,5152,0,5164,0,0,0,2017-04-20,32340000,5164,18,0,0,0,0,0,0,0,0,5188,1,0,0,0,0,0,0,0,0
2,2017-04-20,09:00:00,0,SF705,XZCE,5188,5164,5188,16,413360,9332,9328,5448,4928,5188,5152,0,5164,0,0,0,2017-04-20,32400000,5164,18,0,0,0,0,0,0,0,0,5190,3,0,0,0,0,0,0,0,0
3,2017-04-20,09:00:01,0,SF705,XZCE,5188,5164,5188,16,413360,9332,9328,5448,4928,5188,5152,0,5164,0,0,0,2017-04-20,32401000,5166,1,0,0,0,0,0,0,0,0,5190,3,0,0,0,0,0,0,0,0
4,2017-04-20,09:00:01,0,SF705,XZCE,5190,5164,5190,20,517160,9330,9328,5448,4928,5188,5152,0,5164,0,0,0,2017-04-20,32401000,5172,1,0,0,0,0,0,0,0,0,5186,51,0,0,0,0,0,0,0,0
5,2017-04-20,09:00:02,0,SF705,XZCE,5188,5164,5190,22,569040,9332,9328,5448,4928,5188,5152,0,5164,0,0,0,2017-04-20,32402000,5178,1,0,0,0,0,0,0,0,0,5184,4,0,0,0,0,0,0,0,0
6,2017-04-20,09:00:02,0,SF705,XZCE,5188,5164,5190,26,672800,9336,9328,5448,4928,5188,5152,0,5164,0,0,0,2017-04-20,32402000,5178,3,0,0,0,0,0,0,0,0,5184,2,0,0,0,0,0,0,0,0
7,2017-04-20,09:00:04,0,SF705,XZCE,5178,5164,5190,32,828140,9330,9328,5448,4928,5188,5152,0,5164,0,0,0,2017-04-20,32404000,5168,2,0,0,0,0,0,0,0,0,5178,47,0,0,0,0,0,0,0,0
8,2017-04-20,09:00:05,0,SF705,XZCE,5178,5164,5190,32,828140,9330,9328,5448,4928,5188,5152,0,5164,0,0,0,2017-04-20,32405000,5168,2,0,0,0,0,0,0,0,0,5178,49,0,0,0,0,0,0,0,0
9,2017-04-20,09:00:05,0,SF705,XZCE,5178,5164,5190,32,828140,9330,9328,5448,4928,5188,5152,0,5164,0,0,0,2017-04-20,32405000,5168,2,0,0,0,0,0,0,0,0,5176,1,0,0,0,0,0,0,0,0
10,2017-04-20,09:00:06,0,SF705,XZCE,5178,5164,5190,32,828140,9330,9328,5448,4928,5188,5152,0,5164,0,0,0,2017-04-20,32406000,5168,2,0,0,0,0,0,0,0,0,5174,6,0,0,0,0,0,0,0,0
11,2017-04-20,09:00:08,0,SF705,XZCE,5176,5164,5190,56,1449260,9330,9328,5448,4928,5188,5152,0,5164,0,0,0,2017-04-20,32408000,5176,13,0,0,0,0,0,0,0,0,5178,49,0,0,0,0,0,0,0,0
12,2017-04-20,09:00:09,0,SF705,XZCE,5176,5164,5190,60,1552780,9326,9328,5448,4928,5188,5152,0,5164,0,0,0,2017-04-20,32409000,5176,11,0,0,0,0,0,0,0,0,5178,49,0,0,0,0,0,0,0,0
13,2017-04-20,09:00:10,0,SF705,XZCE,5176,5164,5190,86,2225660,9304,9328,5448,4928,5188,5152,0,5164,0,0,0,2017-04-20,32410000,5168,2,0,0,0,0,0,0,0,0,5174,5,0,0,0,0,0,0,0,0
14,2017-04-20,09:00:10,0,SF705,XZCE,5176,5164,5190,86,2225660,9304,9328,5448,4928,5188,5152,0,5164,0,0,0,2017-04-20,32410000,5168,2,0,0,0,0,0,0,0,0,5172,1,0,0,0,0,0,0,0,0
15,2017-04-20,09:00:12,0,SF705,XZCE,5176,5164,5190,86,2225660,9304,9328,5448,4928,5188,5152,0,5164,0,0,0,2017-04-20,32412000,5166,2,0,0,0,0,0,0,0,0,5172,1,0,0,0,0,0,0,0,0
16,2017-04-20,09:00:14,0,SF705,XZCE,5176,5164,5190,88,2277420,9304,9328,5448,4928,5188,5152,0,5164,0,0,0,2017-04-20,32414000,5166,2,0,0,0,0,0,0,0,0,5174,7,0,0,0,0,0,0,0,0
17,2017-04-20,09:00:15,0,SF705,XZCE,5176,5164,5190,88,2277420,9304,9328,5448,4928,5188,5152,0,5164,0,0,0,2017-04-20,32415000,5166,2,0,0,0,0,0,0,0,0,5174,2,0,0,0,0,0,0,0,0
18,2017-04-20,09:00:16,0,SF705,XZCE,5176,5164,5190,88,2277420,9304,9328,5448,4928,5188,5152,0,5164,0,0,0,2017-04-20,32416000,5166,2,0,0,0,0,0,0,0,0,5172,1,0,0,0,0,0,0,0,0
19,2017-04-20,09:00:17,0,SF705,XZCE,5172,5164,5190,90,2329140,9304,9328,5448,4928,5188,5152,0,5164,0,0,0,2017-04-20,32417000,5172,1,0,0,0,0,0,0,0,0,5186,1,0,0,0,0,0,0,0,0
20,2017-04-20,09:00:18,0,SF705,XZCE,5172,5164,5190,92,2380860,9302,9328,5448,4928,5188,5152,0,5164,0,0,0,2017-04-20,32418000,5166,2,0,0,0,0,0,0,0,0,5170,1,0,0,0,0,0,0,0,0
21,2017-04-20,09:00:19,0,SF705,XZCE,5172,5164,5190,110,2846340,9284,9328,5448,4928,5188,5152,0,5164,0,0,0,2017-04-20,32419000,5170,7,0,0,0,0,0,0,0,0,5186,1,0,0,0,0,0,0,0,0
22,2017-04-20,09:00:20,0,SF705,XZCE,5172,5164,5190,110,2846340,9284,9328,5448,4928,5188,5152,0,5164,0,0,0,2017-04-20,32420000,5174,1,0,0,0,0,0,0,0,0,5186,1,0,0,0,0,0,0,0,0
23,2017-04-20,09:00:20,0,SF705,XZCE,5186,5164,5190,114,2950060,9284,9328,5448,4928,5188,5152,0,5164,0,0,0,2017-04-20,32420000,5174,1,0,0,0,0,0,0,0,0,5188,2,0,0,0,0,0,0,0,0
24,2017-04-20,09:00:21,0,SF705,XZCE,5188,5164,5190,116,3001940,9284,9328,5448,4928,5188,5152,0,5164,0,0,0,2017-04-20,32421000,5174,1,0,0,0,0,0,0,0,0,5188,1,0,0,0,0,0,0,0,0
25,2017-04-20,09:00:21,0,SF705,XZCE,5188,5164,5190,116,3001940,9284,9328,5448,4928,5188,5152,0,5164,0,0,0,2017-04-20,32421000,5174,1,0,0,0,0,0,0,0,0,5180,1,0,0,0,0,0,0,0,0
26,2017-04-20,09:00:25,0,SF705,XZCE,5188,5164,5190,116,3001940,9284,9328,5448,4928,5188,5152,0,5164,0,0,0,2017-04-20,32425000,5176,1,0,0,0,0,0,0,0,0,5180,1,0,0,0,0,0,0,0,0
27,2017-04-20,09:00:32,0,SF705,XZCE,5178,5164,5190,118,3053720,9282,9328,5448,4928,5188,5152,0,5164,0,0,0,2017-04-20,32432000,5176,1,0,0,0,0,0,0,0,0,5180,1,0,0,0,0,0,0,0,0
28,2017-04-20,09:00:37,0,SF705,XZCE,5176,5164,5190,120,3105480,9280,9328,5448,4928,5188,5152,0,5164,0,0,0,2017-04-20,32437000,5172,1,0,0,0,0,0,0,0,0,5180,1,0,0,0,0,0,0,0,0
29,2017-04-20,09:00:37,0,SF705,XZCE,5172,5164,5190,124,3208920,9280,9328,5448,4928,5188,5152,0,5164,0,0,0,2017-04-20,32437000,5170,1,0,0,0,0,0,0,0,0,5172,35,0,0,0,0,0,0,0,0
30,2017-04-20,09:00:37,0,SF705,XZCE,5170,5164,5190,126,3260620,9280,9328,5448,4928,5188,5152,0,5164,0,0,0,2017-04-20,32437000,5168,6,0,0,0,0,0,0,0,0,5172,35,0,0,0,0,0,0,0,0
31,2017-04-20,09:00:39,0,SF705,XZCE,5170,5164,5190,126,3260620,9280,9328,5448,4928,5188,5152,0,5164,0,0,0,2017-04-20,32439000,5166,2,0,0,0,0,0,0,0,0,5172,35,0,0,0,0,0,0,0,0
32,2017-04-20,09:00:39,0,SF705,XZCE,5166,5164,5190,130,3363940,9278,9328,5448,4928,5188,5152,0,5164,0,0,0,2017-04-20,32439000,5160,3,0,0,0,0,0,0,0,0,5166,33,0,0,0,0,0,0,0,0
33,2017-04-20,09:00:40,0,SF705,XZCE,5160,5160,5190,132,3415540,9276,9328,5448,4928,5188,5152,0,5164,0,0,0,2017-04-20,32440000,5160,2,0,0,0,0,0,0,0,0,5166,33,0,0,0,0,0,0,0,0
34,2017-04-20,09:00:41,0,SF705,XZCE,5166,5160,5190,192,4965340,9216,9328,5448,4928,5188,5152,0,5164,0,0,0,2017-04-20,32441000,5160,2,0,0,0,0,0,0,0,0,5166,3,0,0,0,0,0,0,0,0
35,2017-04-20,09:00:42,0,SF705,XZCE,5160,5160,5190,194,5016940,9214,9328,5448,4928,5188,5152,0,5164,0,0,0,2017-04-20,32442000,5160,1,0,0,0,0,0,0,0,0,5166,3,0,0,0,0,0,0,0,0
36,2017-04-20,09:00:42,0,SF705,XZCE,5160,5160,5190,196,5068540,9214,9328,5448,4928,5188,5152,0,5164,0,0,0,2017-04-20,32442000,5156,5,0,0,0,0,0,0,0,0,5166,3,0,0,0,0,0,0,0,0
37,2017-04-20,09:00:42,0,SF705,XZCE,5166,5160,5190,198,5120200,9212,9328,5448,4928,5188,5152,0,5164,0,0,0,2017-04-20,32442000,5156,5,0,0,0,0,0,0,0,0,5166,2,0,0,0,0,0,0,0,0
38,2017-04-20,09:00:43,0,SF705,XZCE,5166,5160,5190,198,5120200,9212,9328,5448,4928,5188,5152,0,5164,0,0,0,2017-04-20,32443000,5158,6,0,0,0,0,0,0,0,0,5166,2,0,0,0,0,0,0,0,0
39,2017-04-20,09:00:46,0,SF705,XZCE,5166,5160,5190,198,5120200,9212,9328,5448,4928,5188,5152,0,5164,0,0,0,2017-04-20,32446000,5158,6,0,0,0,0,0,0,0,0,5164,1,0,0,0,0,0,0,0,0
40,2017-04-20,09:00:47,0,SF705,XZCE,5158,5158,5190,202,5223360,9212,9328,5448,4928,5188,5152,0,5164,0,0,0,2017-04-20,32447000,5158,4,0,0,0,0,0,0,0,0,5164,1,0,0,0,0,0,0,0,0
41,2017-04-20,09:00:47,0,SF705,XZCE,5164,5158,5190,204,5275000,9212,9328,5448,4928,5188,5152,0,5164,0,0,0,2017-04-20,32447000,5158,4,0,0,0,0,0,0,0,0,5166,2,0,0,0,0,0,0,0,0
42,2017-04-20,09:00:49,0,SF705,XZCE,5164,5158,5190,204,5275000,9212,9328,5448,4928,5188,5152,0,5164,0,0,0,2017-04-20,32449000,5156,5,0,0,0,0,0,0,0,0,5166,2,0,0,0,0,0,0,0,0
43,2017-04-20,09:00:50,0,SF705,XZCE,5164,5158,5190,204,5275000,9212,9328,5448,4928,5188,5152,0,5164,0,0,0,2017-04-20,32450000,5160,1,0,0,0,0,0,0,0,0,5166,2,0,0,0,0,0,0,0,0
44,2017-04-20,09:00:50,0,SF705,XZCE,5164,5158,5190,204,5275000,9212,9328,5448,4928,5188,5152,0,5164,0,0,0,2017-04-20,32450000,5160,1,0,0,0,0,0,0,0,0,5164,1,0,0,0,0,0,0,0,0
45,2017-04-20,09:00:54,0,SF705,XZCE,5160,5158,5190,206,5326600,9212,9328,5448,4928,5188,5152,0,5164,0,0,0,2017-04-20,32454000,5156,10,0,0,0,0,0,0,0,0,5164,1,0,0,0,0,0,0,0,0
46,2017-04-20,09:00:56,0,SF705,XZCE,5170,5158,5190,216,5585100,9206,9328,5448,4928,5188,5152,0,5164,0,0,0,2017-04-20,32456000,5170,1,0,0,0,0,0,0,0,0,5186,2,0,0,0,0,0,0,0,0
47,2017-04-20,09:00:56,0,SF705,XZCE,5186,5158,5190,222,5740680,9204,9328,5448,4928,5188,5152,0,5164,0,0,0,2017-04-20,32456000,5174,1,0,0,0,0,0,0,0,0,5188,1,0,0,0,0,0,0,0,0
48,2017-04-20,09:00:58,0,SF705,XZCE,5174,5158,5190,224,5792420,9204,9328,5448,4928,5188,5152,0,5164,0,0,0,2017-04-20,32458000,5166,1,0,0,0,0,0,0,0,0,5184,1,0,0,0,0,0,0,0,0
49,2017-04-20,09:00:59,0,SF705,XZCE,5184,5158,5190,226,5844260,9204,9328,5448,4928,5188,5152,0,5164,0,0,0,2017-04-20,32459000,5164,1,0,0,0,0,0,0,0,0,5180,1,0,0,0,0,0,0,0,0
50,2017-04-20,09:01:00,0,SF705,XZCE,5184,5158,5190,226,5844260,9204,9328,5448,4928,5188,5152,0,5164,0,0,0,2017-04-20,32460000,5166,4,0,0,0,0,0,0,0,0,5188,1,0,0,0,0,0,0,0,0
51,2017-04-20,09:01:00,0,SF705,XZCE,5184,5158,5190,226,5844260,9204,9328,5448,4928,5188,5152,0,5164,0,0,0,2017-04-20,32460000,5172,1,0,0,0,0,0,0,0,0,5188,1,0,0,0,0,0,0,0,0
52,2017-04-20,09:01:02,0,SF705,XZCE,5184,5158,5190,226,5844260,9204,9328,5448,4928,5188,5152,0,5164,0,0,0,2017-04-20,32462000,5176,2,0,0,0,0,0,0,0,0,5188,1,0,0,0,0,0,0,0,0
53,2017-04-20,09:01:02,0,SF705,XZCE,5176,5158,5190,228,5896020,9202,9328,5448,4928,5188,5152,0,5164,0,0,0,2017-04-20,32462000,5176,1,0,0,0,0,0,0,0,0,5188,1,0,0,0,0,0,0,0,0
54,2017-04-20,09:01:04,0,SF705,XZCE,5176,5158,5190,228,5896020,9202,9328,5448,4928,5188,5152,0,5164,0,0,0,2017-04-20,32464000,5180,1,0,0,0,0,0,0,0,0,5188,1,0,0,0,0,0,0,0,0
55,2017-04-20,09:01:07,0,SF705,XZCE,5180,5158,5190,230,5947820,9202,9328,5448,4928,5188,5152,0,5164,0,0,0,2017-04-20,32467000,5176,2,0,0,0,0,0,0,0,0,5188,1,0,0,0,0,0,0,0,0
56,2017-04-20,09:01:07,0,SF705,XZCE,5180,5158,5190,230,5947820,9202,9328,5448,4928,5188,5152,0,5164,0,0,0,2017-04-20,32467000,5176,2,0,0,0,0,0,0,0,0,5186,3,0,0,0,0,0,0,0,0
57,2017-04-20,09:01:10,0,SF705,XZCE,5180,5158,5190,230,5947820,9202,9328,5448,4928,5188,5152,0,5164,0,0,0,2017-04-20,32470000,5176,2,0,0,0,0,0,0,0,0,5184,1,0,0,0,0,0,0,0,0
58,2017-04-20,09:01:10,0,SF705,XZCE,5176,5158,5190,232,5999580,9200,9328,5448,4928,5188,5152,0,5164,0,0,0,2017-04-20,32470000,5176,1,0,0,0,0,0,0,0,0,5184,1,0,0,0,0,0,0,0,0
59,2017-04-20,09:01:15,0,SF705,XZCE,5176,5158,5190,234,6051340,9200,9328,5448,4928,5188,5152,0,5164,0,0,0,2017-04-20,32475000,5168,5,0,0,0,0,0,0,0,0,5176,2,0,0,0,0,0,0,0,0
60,2017-04-20,09:01:16,0,SF705,XZCE,5176,5158,5190,234,6051340,9200,9328,5448,4928,5188,5152,0,5164,0,0,0,2017-04-20,32476000,5168,5,0,0,0,0,0,0,0,0,5176,3,0,0,0,0,0,0,0,0
61,2017-04-20,09:01:16,0,SF705,XZCE,5176,5158,5190,234,6051340,9200,9328,5448,4928,5188,5152,0,5164,0,0,0,2017-04-20,32476000,5170,4,0,0,0,0,0,0,0,0,5176,3,0,0,0,0,0,0,0,0
62,2017-04-20,09:01:19,0,SF705,XZCE,5176,5158,5190,238,6154860,9200,9328,5448,4928,5188,5152,0,5164,0,0,0,2017-04-20,32479000,5170,4,0,0,0,0,0,0,0,0,5176,1,0,0,0,0,0,0,0,0
63,2017-04-20,09:01:19,0,SF705,XZCE,5172,5158,5190,242,6258300,9196,9328,5448,4928,5188,5152,0,5164,0,0,0,2017-04-20,32479000,5170,4,0,0,0,0,0,0,0,0,5176,1,0,0,0,0,0,0,0,0
64,2017-04-20,09:01:21,0,SF705,XZCE,5176,5158,5190,244,6310060,9194,9328,5448,4928,5188,5152,0,5164,0,0,0,2017-04-20,32481000,5176,3,0,0,0,0,0,0,0,0,5184,4,0,0,0,0,0,0,0,0
65,2017-04-20,09:01:22,0,SF705,XZCE,5176,5158,5190,246,6361820,9194,9328,5448,4928,5188,5152,0,5164,0,0,0,2017-04-20,32482000,5176,2,0,0,0,0,0,0,0,0,5184,4,0,0,0,0,0,0,0,0
66,2017-04-20,09:01:22,0,SF705,XZCE,5176,5158,5190,246,6361820,9194,9328,5448,4928,5188,5152,0,5164,0,0,0,2017-04-20,32482000,5168,5,0,0,0,0,0,0,0,0,5184,4,0,0,0,0,0,0,0,0
67,2017-04-20,09:01:23,0,SF705,XZCE,5176,5158,5190,246,6361820,9194,9328,5448,4928,5188,5152,0,5164,0,0,0,2017-04-20,32483000,5168,5,0,0,0,0,0,0,0,0,5180,1,0,0,0,0,0,0,0,0
68,2017-04-20,09:01:24,0,SF705,XZCE,5176,5158,5190,246,6361820,9194,9328,5448,4928,5188,5152,0,5164,0,0,0,2017-04-20,32484000,5168,5,0,0,0,0,0,0,0,0,5184,4,0,0,0,0,0,0,0,0
69,2017-04-20,09:01:24,0,SF705,XZCE,5176,5158,5190,246,6361820,9194,9328,5448,4928,5188,5152,0,5164,0,0,0,2017-04-20,32484000,5172,1,0,0,0,0,0,0,0,0,5184,4,0,0,0,0,0,0,0,0
70,2017-04-20,09:01:25,0,SF705,XZCE,5176,5158,5190,246,6361820,9194,9328,5448,4928,5188,5152,0,5164,0,0,0,2017-04-20,32485000,5172,1,0,0,0,0,0,0,0,0,5182,1,0,0,0,0,0,0,0,0
71,2017-04-20,09:01:28,0,SF705,XZCE,5182,5158,5190,248,6413640,9196,9328,5448,4928,5188,5152,0,5164,0,0,0,2017-04-20,32488000,5172,2,0,0,0,0,0,0,0,0,5184,4,0,0,0,0,0,0,0,0
72,2017-04-20,09:01:29,0,SF705,XZCE,5182,5158,5190,248,6413640,9196,9328,5448,4928,5188,5152,0,5164,0,0,0,2017-04-20,32489000,5174,5,0,0,0,0,0,0,0,0,5184,4,0,0,0,0,0,0,0,0
73,2017-04-20,09:01:34,0,SF705,XZCE,5182,5158,5190,248,6413640,9196,9328,5448,4928,5188,5152,0,5164,0,0,0,2017-04-20,32494000,5182,2,0,0,0,0,0,0,0,0,5184,4,0,0,0,0,0,0,0,0
74,2017-04-20,09:01:34,0,SF705,XZCE,5182,5158,5190,252,6517280,9196,9328,5448,4928,5188,5152,0,5164,0,0,0,2017-04-20,32494000,5176,1,0,0,0,0,0,0,0,0,5182,1,0,0,0,0,0,0,0,0
75,2017-04-20,09:01:37,0,SF705,XZCE,5182,5158,5190,252,6517280,9196,9328,5448,4928,5188,5152,0,5164,0,0,0,2017-04-20,32497000,5176,1,0,0,0,0,0,0,0,0,5184,4,0,0,0,0,0,0,0,0
76,2017-04-20,09:01:38,0,SF705,XZCE,5182,5158,5190,252,6517280,9196,9328,5448,4928,5188,5152,0,5164,0,0,0,2017-04-20,32498000,5176,2,0,0,0,0,0,0,0,0,5184,4,0,0,0,0,0,0,0,0
77,2017-04-20,09:01:38,0,SF705,XZCE,5182,5158,5190,252,6517280,9196,9328,5448,4928,5188,5152,0,5164,0,0,0,2017-04-20,32498000,5176,2,0,0,0,0,0,0,0,0,5184,3,0,0,0,0,0,0,0,0
78,2017-04-20,09:01:42,0,SF705,XZCE,5182,5158,5190,252,6517280,9196,9328,5448,4928,5188,5152,0,5164,0,0,0,2017-04-20,32502000,5176,2,0,0,0,0,0,0,0,0,5182,41,0,0,0,0,0,0,0,0
79,2017-04-20,09:01:43,0,SF705,XZCE,5182,5158,5190,252,6517280,9196,9328,5448,4928,5188,5152,0,5164,0,0,0,2017-04-20,32503000,5176,2,0,0,0,0,0,0,0,0,5182,43,0,0,0,0,0,0,0,0
80,2017-04-20,09:01:45,0,SF705,XZCE,5182,5158,5190,256,6620920,9192,9328,5448,4928,5188,5152,0,5164,0,0,0,2017-04-20,32505000,5176,3,0,0,0,0,0,0,0,0,5182,41,0,0,0,0,0,0,0,0
81,2017-04-20,09:01:48,0,SF705,XZCE,5182,5158,5190,256,6620920,9192,9328,5448,4928,5188,5152,0,5164,0,0,0,2017-04-20,32508000,5176,4,0,0,0,0,0,0,0,0,5182,41,0,0,0,0,0,0,0,0
82,2017-04-20,09:01:52,0,SF705,XZCE,5182,5158,5190,262,6776380,9192,9328,5448,4928,5188,5152,0,5164,0,0,0,2017-04-20,32512000,5176,4,0,0,0,0,0,0,0,0,5182,38,0,0,0,0,0,0,0,0
83,2017-04-20,09:01:52,0,SF705,XZCE,5182,5158,5190,266,6880020,9188,9328,5448,4928,5188,5152,0,5164,0,0,0,2017-04-20,32512000,5176,4,0,0,0,0,0,0,0,0,5182,36,0,0,0,0,0,0,0,0
84,2017-04-20,09:01:54,0,SF705,XZCE,5182,5158,5190,268,6931840,9188,9328,5448,4928,5188,5152,0,5164,0,0,0,2017-04-20,32514000,5176,4,0,0,0,0,0,0,0,0,5182,35,0,0,0,0,0,0,0,0
85,2017-04-20,09:01:54,0,SF705,XZCE,5182,5158,5190,298,7709140,9158,9328,5448,4928,5188,5152,0,5164,0,0,0,2017-04-20,32514000,5176,4,0,0,0,0,0,0,0,0,5182,20,0,0,0,0,0,0,0,0
86,2017-04-20,09:01:56,0,SF705,XZCE,5182,5158,5190,304,7864600,9152,9328,5448,4928,5188,5152,0,5164,0,0,0,2017-04-20,32516000,5176,3,0,0,0,0,0,0,0,0,5182,18,0,0,0,0,0,0,0,0
87,2017-04-20,09:01:57,0,SF705,XZCE,5182,5158,5190,304,7864600,9152,9328,5448,4928,5188,5152,0,5164,0,0,0,2017-04-20,32517000,5176,4,0,0,0,0,0,0,0,0,5182,18,0,0,0,0,0,0,0,0
88,2017-04-20,09:01:57,0,SF705,XZCE,5182,5158,5190,304,7864600,9152,9328,5448,4928,5188,5152,0,5164,0,0,0,2017-04-20,32517000,5176,4,0,0,0,0,0,0,0,0,5182,16,0,0,0,0,0,0,0,0
89,2017-04-20,09:01:59,0,SF705,XZCE,5182,5158,5190,304,7864600,9152,9328,5448,4928,5188,5152,0,5164,0,0,0,2017-04-20,32519000,5176,3,0,0,0,0,0,0,0,0,5182,16,0,0,0,0,0,0,0,0
90,2017-04-20,09:02:02,0,SF705,XZCE,5182,5158,5190,306,7916420,9152,9328,5448,4928,5188,5152,0,5164,0,0,0,2017-04-20,32522000,5176,3,0,0,0,0,0,0,0,0,5182,15,0,0,0,0,0,0,0,0
91,2017-04-20,09:02:03,0,SF705,XZCE,5182,5158,5190,326,8434620,9152,9328,5448,4928,5188,5152,0,5164,0,0,0,2017-04-20,32523000,5176,3,0,0,0,0,0,0,0,0,5182,5,0,0,0,0,0,0,0,0
92,2017-04-20,09:02:05,0,SF705,XZCE,5182,5158,5190,328,8486440,9150,9328,5448,4928,5188,5152,0,5164,0,0,0,2017-04-20,32525000,5176,3,0,0,0,0,0,0,0,0,5182,4,0,0,0,0,0,0,0,0
93,2017-04-20,09:02:06,0,SF705,XZCE,5182,5158,5190,330,8538260,9150,9328,5448,4928,5188,5152,0,5164,0,0,0,2017-04-20,32526000,5176,3,0,0,0,0,0,0,0,0,5182,3,0,0,0,0,0,0,0,0
94,2017-04-20,09:02:09,0,SF705,XZCE,5182,5158,5190,332,8590080,9150,9328,5448,4928,5188,5152,0,5164,0,0,0,2017-04-20,32529000,5176,3,0,0,0,0,0,0,0,0,5182,2,0,0,0,0,0,0,0,0
95,2017-04-20,09:02:14,0,SF705,XZCE,5182,5158,5190,332,8590080,9150,9328,5448,4928,5188,5152,0,5164,0,0,0,2017-04-20,32534000,5176,4,0,0,0,0,0,0,0,0,5182,2,0,0,0,0,0,0,0,0
96,2017-04-20,09:02:14,0,SF705,XZCE,5182,5158,5190,332,8590080,9150,9328,5448,4928,5188,5152,0,5164,0,0,0,2017-04-20,32534000,5176,2,0,0,0,0,0,0,0,0,5182,2,0,0,0,0,0,0,0,0
97,2017-04-20,09:02:15,0,SF705,XZCE,5182,5158,5190,334,8641900,9148,9328,5448,4928,5188,5152,0,5164,0,0,0,2017-04-20,32535000,5176,2,0,0,0,0,0,0,0,0,5182,1,0,0,0,0,0,0,0,0
98,2017-04-20,09:02:17,0,SF705,XZCE,5182,5158,5190,334,8641900,9148,9328,5448,4928,5188,5152,0,5164,0,0,0,2017-04-20,32537000,5176,2,0,0,0,0,0,0,0,0,5182,3,0,0,0,0,0,0,0,0
99,2017-04-20,09:02:19,0,SF705,XZCE,5182,5158,5190,334,8641900,9148,9328,5448,4928,5188,5152,0,5164,0,0,0,2017-04-20,32539000,5176,2,0,0,0,0,0,0,0,0,5180,2,0,0,0,0,0,0,0,0
100,2017-04-20,09:02:20,0,SF705,XZCE,5182,5158,5190,338,8745540,9150,9328,5448,4928,5188,5152,0,5164,0,0,0,2017-04-20,32540000,5176,2,0,0,0,0,0,0,0,0,5182,3,0,0,0,0,0,0,0,0
101,2017-04-20,09:02:22,0,SF705,XZCE,5182,5158,5190,340,8797360,9148,9328,5448,4928,5188,5152,0,5164,0,0,0,2017-04-20,32542000,5176,2,0,0,0,0,0,0,0,0,5182,2,0,0,0,0,0,0,0,0
102,2017-04-20,09:02:23,0,SF705,XZCE,5182,5158,5190,342,8849180,9146,9328,5448,4928,5188,5152,0,5164,0,0,0,2017-04-20,32543000,5176,2,0,0,0,0,0,0,0,0,5182,1,0,0,0,0,0,0,0,0
103,2017-04-20,09:02:27,0,SF705,XZCE,5182,5158,5190,344,8901000,9146,9328,5448,4928,5188,5152,0,5164,0,0,0,2017-04-20,32547000,5178,1,0,0,0,0,0,0,0,0,5184,3,0,0,0,0,0,0,0,0
104,2017-04-20,09:02:27,0,SF705,XZCE,5182,5158,5190,344,8901000,9146,9328,5448,4928,5188,5152,0,5164,0,0,0,2017-04-20,32547000,5182,2,0,0,0,0,0,0,0,0,5184,3,0,0,0,0,0,0,0,0
105,2017-04-20,09:02:40,0,SF705,XZCE,5182,5158,5190,348,9004640,9148,9328,5448,4928,5188,5152,0,5164,0,0,0,2017-04-20,32560000,5178,4,0,0,0,0,0,0,0,0,5184,3,0,0,0,0,0,0,0,0
106,2017-04-20,09:02:42,0,SF705,XZCE,5178,5158,5190,350,9056420,9146,9328,5448,4928,5188,5152,0,5164,0,0,0,2017-04-20,32562000,5178,2,0,0,0,0,0,0,0,0,5184,3,0,0,0,0,0,0,0,0
107,2017-04-20,09:02:44,0,SF705,XZCE,5184,5158,5190,356,9211940,9140,9328,5448,4928,5188,5152,0,5164,0,0,0,2017-04-20,32564000,5178,2,0,0,0,0,0,0,0,0,5186,1,0,0,0,0,0,0,0,0
108,2017-04-20,09:02:45,0,SF705,XZCE,5184,5158,5190,356,9211940,9140,9328,5448,4928,5188,5152,0,5164,0,0,0,2017-04-20,32565000,5178,2,0,0,0,0,0,0,0,0,5182,2,0,0,0,0,0,0,0,0
109,2017-04-20,09:02:45,0,SF705,XZCE,5184,5158,5190,356,9211940,9140,9328,5448,4928,5188,5152,0,5164,0,0,0,2017-04-20,32565000,5178,3,0,0,0,0,0,0,0,0,5182,2,0,0,0,0,0,0,0,0
110,2017-04-20,09:02:45,0,SF705,XZCE,5182,5158,5190,360,9315580,9136,9328,5448,4928,5188,5152,0,5164,0,0,0,2017-04-20,32565000,5178,6,0,0,0,0,0,0,0,0,5186,1,0,0,0,0,0,0,0,0
111,2017-04-20,09:02:48,0,SF705,XZCE,5182,5158,5190,360,9315580,9136,9328,5448,4928,5188,5152,0,5164,0,0,0,2017-04-20,32568000,5180,1,0,0,0,0,0,0,0,0,5186,1,0,0,0,0,0,0,0,0
112,2017-04-20,09:02:48,0,SF705,XZCE,5182,5158,5190,360,9315580,9136,9328,5448,4928,5188,5152,0,5164,0,0,0,2017-04-20,32568000,5182,1,0,0,0,0,0,0,0,0,5186,1,0,0,0,0,0,0,0,0
113,2017-04-20,09:02:50,0,SF705,XZCE,5182,5158,5190,360,9315580,9136,9328,5448,4928,5188,5152,0,5164,0,0,0,2017-04-20,32570000,5182,5,0,0,0,0,0,0,0,0,5186,1,0,0,0,0,0,0,0,0
114,2017-04-20,09:02:51,0,SF705,XZCE,5192,5158,5192,370,9575180,9128,9328,5448,4928,5188,5152,0,5164,0,0,0,2017-04-20,32571000,5178,1,0,0,0,0,0,0,0,0,5192,1,0,0,0,0,0,0,0,0
115,2017-04-20,09:02:52,0,SF705,XZCE,5192,5158,5192,370,9575180,9128,9328,5448,4928,5188,5152,0,5164,0,0,0,2017-04-20,32572000,5186,1,0,0,0,0,0,0,0,0,5192,1,0,0,0,0,0,0,0,0
116,2017-04-20,09:02:55,0,SF705,XZCE,5192,5158,5192,372,9627100,9128,9328,5448,4928,5188,5152,0,5164,0,0,0,2017-04-20,32575000,5186,1,0,0,0,0,0,0,0,0,5192,1,0,0,0,0,0,0,0,0
117,2017-04-20,09:02:56,0,SF705,XZCE,5186,5158,5192,374,9678960,9130,9328,5448,4928,5188,5152,0,5164,0,0,0,2017-04-20,32576000,5182,1,0,0,0,0,0,0,0,0,5192,1,0,0,0,0,0,0,0,0
118,2017-04-20,09:02:59,0,SF705,XZCE,5194,5158,5194,378,9782840,9132,9328,5448,4928,5188,5152,0,5164,0,0,0,2017-04-20,32579000,5192,2,0,0,0,0,0,0,0,0,5198,3,0,0,0,0,0,0,0,0
119,2017-04-20,09:02:59,0,SF705,XZCE,5198,5158,5198,382,9886800,9130,9328,5448,4928,5188,5152,0,5164,0,0,0,2017-04-20,32579000,5194,1,0,0,0,0,0,0,0,0,5198,1,0,0,0,0,0,0,0,0
120,2017-04-20,09:03:03,0,SF705,XZCE,5198,5158,5198,384,9938780,9130,9328,5448,4928,5188,5152,0,5164,0,0,0,2017-04-20,32583000,5194,1,0,0,0,0,0,0,0,0,5210,1,0,0,0,0,0,0,0,0
121,2017-04-20,09:03:03,0,SF705,XZCE,5198,5158,5198,384,9938780,9130,9328,5448,4928,5188,5152,0,5164,0,0,0,2017-04-20,32583000,5198,1,0,0,0,0,0,0,0,0,5210,1,0,0,0,0,0,0,0,0
122,2017-04-20,09:03:04,0,SF705,XZCE,5198,5158,5198,386,9990760,9130,9328,5448,4928,5188,5152,0,5164,0,0,0,2017-04-20,32584000,5194,1,0,0,0,0,0,0,0,0,5208,1,0,0,0,0,0,0,0,0
123,2017-04-20,09:03:06,0,SF705,XZCE,5198,5158,5198,386,9990760,9130,9328,5448,4928,5188,5152,0,5164,0,0,0,2017-04-20,32586000,5194,1,0,0,0,0,0,0,0,0,5204,1,0,0,0,0,0,0,0,0
124,2017-04-20,09:03:07,0,SF705,XZCE,5198,5158,5198,386,9990760,9130,9328,5448,4928,5188,5152,0,5164,0,0,0,2017-04-20,32587000,5194,1,0,0,0,0,0,0,0,0,5202,1,0,0,0,0,0,0,0,0
125,2017-04-20,09:03:09,0,SF705,XZCE,5198,5158,5198,386,9990760,9130,9328,5448,4928,5188,5152,0,5164,0,0,0,2017-04-20,32589000,5196,4,0,0,0,0,0,0,0,0,5202,1,0,0,0,0,0,0,0,0
126,2017-04-20,09:03:12,0,SF705,XZCE,5198,5158,5198,386,9990760,9130,9328,5448,4928,5188,5152,0,5164,0,0,0,2017-04-20,32592000,5196,4,0,0,0,0,0,0,0,0,5200,1,0,0,0,0,0,0,0,0
127,2017-04-20,09:03:12,0,SF705,XZCE,5198,5158,5198,386,9990760,9130,9328,5448,4928,5188,5152,0,5164,0,0,0,2017-04-20,32592000,5196,4,0,0,0,0,0,0,0,0,5200,2,0,0,0,0,0,0,0,0
128,2017-04-20,09:03:14,0,SF705,XZCE,5198,5158,5198,386,9990760,9130,9328,5448,4928,5188,5152,0,5164,0,0,0,2017-04-20,32594000,5196,4,0,0,0,0,0,0,0,0,5198,5,0,0,0,0,0,0,0,0
129,2017-04-20,09:03:14,0,SF705,XZCE,5198,5158,5198,386,9990760,9130,9328,5448,4928,5188,5152,0,5164,0,0,0,2017-04-20,32594000,5196,4,0,0,0,0,0,0,0,0,5198,6,0,0,0,0,0,0,0,0
130,2017-04-20,09:03:22,0,SF705,XZCE,5198,5158,5198,388,10042740,9130,9328,5448,4928,5188,5152,0,5164,0,0,0,2017-04-20,32602000,5196,4,0,0,0,0,0,0,0,0,5198,5,0,0,0,0,0,0,0,0
131,2017-04-20,09:03:23,0,SF705,XZCE,5198,5158,5198,398,10302640,9130,9328,5448,4928,5188,5152,0,5164,0,0,0,2017-04-20,32603000,5196,4,0,0,0,0,0,0,0,0,5200,2,0,0,0,0,0,0,0,0
132,2017-04-20,09:03:27,0,SF705,XZCE,5198,5158,5198,398,10302640,9130,9328,5448,4928,5188,5152,0,5164,0,0,0,2017-04-20,32607000,5196,4,0,0,0,0,0,0,0,0,5200,3,0,0,0,0,0,0,0,0
133,2017-04-20,09:03:29,0,SF705,XZCE,5200,5158,5200,404,10458640,9128,9328,5448,4928,5188,5152,0,5164,0,0,0,2017-04-20,32609000,5196,4,0,0,0,0,0,0,0,0,5210,2,0,0,0,0,0,0,0,0
134,2017-04-20,09:03:30,0,SF705,XZCE,5210,5158,5210,410,10614940,9130,9328,5448,4928,5188,5152,0,5164,0,0,0,2017-04-20,32610000,5196,4,0,0,0,0,0,0,0,0,5212,2,0,0,0,0,0,0,0,0
135,2017-04-20,09:03:31,0,SF705,XZCE,5210,5158,5210,410,10614940,9130,9328,5448,4928,5188,5152,0,5164,0,0,0,2017-04-20,32611000,5200,1,0,0,0,0,0,0,0,0,5212,2,0,0,0,0,0,0,0,0
136,2017-04-20,09:03:32,0,SF705,XZCE,5212,5158,5212,416,10771300,9128,9328,5448,4928,5188,5152,0,5164,0,0,0,2017-04-20,32612000,5200,1,0,0,0,0,0,0,0,0,5218,1,0,0,0,0,0,0,0,0
137,2017-04-20,09:03:33,0,SF705,XZCE,5246,5158,5246,488,12659860,9086,9328,5448,4928,5188,5152,0,5164,0,0,0,2017-04-20,32613000,5200,1,0,0,0,0,0,0,0,0,5242,2,0,0,0,0,0,0,0,0
138,2017-04-20,09:03:33,0,SF705,XZCE,5238,5158,5248,530,13759840,9128,9328,5448,4928,5188,5152,0,5164,0,0,0,2017-04-20,32613000,5224,10,0,0,0,0,0,0,0,0,5244,1,0,0,0,0,0,0,0,0
139,2017-04-20,09:03:34,0,SF705,XZCE,5224,5158,5248,532,13812080,9128,9328,5448,4928,5188,5152,0,5164,0,0,0,2017-04-20,32614000,5224,9,0,0,0,0,0,0,0,0,5244,1,0,0,0,0,0,0,0,0
140,2017-04-20,09:03:34,0,SF705,XZCE,5228,5158,5248,542,14073480,9118,9328,5448,4928,5188,5152,0,5164,0,0,0,2017-04-20,32614000,5224,9,0,0,0,0,0,0,0,0,5244,1,0,0,0,0,0,0,0,0
141,2017-04-20,09:03:36,0,SF705,XZCE,5228,5158,5248,542,14073480,9118,9328,5448,4928,5188,5152,0,5164,0,0,0,2017-04-20,32616000,5224,9,0,0,0,0,0,0,0,0,5244,2,0,0,0,0,0,0,0,0
142,2017-04-20,09:03:36,0,SF705,XZCE,5244,5158,5248,546,14178360,9116,9328,5448,4928,5188,5152,0,5164,0,0,0,2017-04-20,32616000,5228,3,0,0,0,0,0,0,0,0,5246,21,0,0,0,0,0,0,0,0
143,2017-04-20,09:03:37,0,SF705,XZCE,5228,5158,5248,552,14335200,9112,9328,5448,4928,5188,5152,0,5164,0,0,0,2017-04-20,32617000,5224,9,0,0,0,0,0,0,0,0,5242,1,0,0,0,0,0,0,0,0
144,2017-04-20,09:03:38,0,SF705,XZCE,5224,5158,5248,554,14387440,9112,9328,5448,4928,5188,5152,0,5164,0,0,0,2017-04-20,32618000,5224,8,0,0,0,0,0,0,0,0,5242,1,0,0,0,0,0,0,0,0
145,2017-04-20,09:03:39,0,SF705,XZCE,5228,5158,5248,558,14492000,9116,9328,5448,4928,5188,5152,0,5164,0,0,0,2017-04-20,32619000,5226,1,0,0,0,0,0,0,0,0,5240,2,0,0,0,0,0,0,0,0
146,2017-04-20,09:03:40,0,SF705,XZCE,5224,5158,5248,568,14753200,9106,9328,5448,4928,5188,5152,0,5164,0,0,0,2017-04-20,32620000,5224,4,0,0,0,0,0,0,0,0,5236,1,0,0,0,0,0,0,0,0
147,2017-04-20,09:03:40,0,SF705,XZCE,5224,5158,5248,570,14805440,9104,9328,5448,4928,5188,5152,0,5164,0,0,0,2017-04-20,32620000,5224,3,0,0,0,0,0,0,0,0,5236,1,0,0,0,0,0,0,0,0
148,2017-04-20,09:03:42,0,SF705,XZCE,5224,5158,5248,574,14909920,9100,9328,5448,4928,5188,5152,0,5164,0,0,0,2017-04-20,32622000,5224,1,0,0,0,0,0,0,0,0,5226,2,0,0,0,0,0,0,0,0
149,2017-04-20,09:03:42,0,SF705,XZCE,5224,5158,5248,576,14962160,9100,9328,5448,4928,5188,5152,0,5164,0,0,0,2017-04-20,32622000,5202,2,0,0,0,0,0,0,0,0,5224,1,0,0,0,0,0,0,0,0
150,2017-04-20,09:03:43,0,SF705,XZCE,5224,5158,5248,576,14962160,9100,9328,5448,4928,5188,5152,0,5164,0,0,0,2017-04-20,32623000,5208,2,0,0,0,0,0,0,0,0,5218,1,0,0,0,0,0,0,0,0
151,2017-04-20,09:03:43,0,SF705,XZCE,5208,5158,5248,580,15066320,9100,9328,5448,4928,5188,5152,0,5164,0,0,0,2017-04-20,32623000,5202,2,0,0,0,0,0,0,0,0,5218,1,0,0,0,0,0,0,0,0
152,2017-04-20,09:03:45,0,SF705,XZCE,5208,5158,5248,580,15066320,9100,9328,5448,4928,5188,5152,0,5164,0,0,0,2017-04-20,32625000,5204,2,0,0,0,0,0,0,0,0,5218,1,0,0,0,0,0,0,0,0
153,2017-04-20,09:03:46,0,SF705,XZCE,5208,5158,5248,580,15066320,9100,9328,5448,4928,5188,5152,0,5164,0,0,0,2017-04-20,32626000,5204,3,0,0,0,0,0,0,0,0,5218,1,0,0,0,0,0,0,0,0
154,2017-04-20,09:03:47,0,SF705,XZCE,5218,5158,5248,582,15118500,9100,9328,5448,4928,5188,5152,0,5164,0,0,0,2017-04-20,32627000,5218,3,0,0,0,0,0,0,0,0,5226,1,0,0,0,0,0,0,0,0
155,2017-04-20,09:03:49,0,SF705,XZCE,5218,5158,5248,582,15118500,9100,9328,5448,4928,5188,5152,0,5164,0,0,0,2017-04-20,32629000,5218,3,0,0,0,0,0,0,0,0,5224,1,0,0,0,0,0,0,0,0
156,2017-04-20,09:03:51,0,SF705,XZCE,5218,5158,5248,582,15118500,9100,9328,5448,4928,5188,5152,0,5164,0,0,0,2017-04-20,32631000,5218,5,0,0,0,0,0,0,0,0,5224,1,0,0,0,0,0,0,0,0
157,2017-04-20,09:03:52,0,SF705,XZCE,5218,5158,5248,582,15118500,9100,9328,5448,4928,5188,5152,0,5164,0,0,0,2017-04-20,32632000,5218,5,0,0,0,0,0,0,0,0,5226,1,0,0,0,0,0,0,0,0
158,2017-04-20,09:03:54,0,SF705,XZCE,5218,5158,5248,582,15118500,9100,9328,5448,4928,5188,5152,0,5164,0,0,0,2017-04-20,32634000,5218,5,0,0,0,0,0,0,0,0,5222,1,0,0,0,0,0,0,0,0
159,2017-04-20,09:03:55,0,SF705,XZCE,5218,5158,5248,584,15170680,9102,9328,5448,4928,5188,5152,0,5164,0,0,0,2017-04-20,32635000,5218,4,0,0,0,0,0,0,0,0,5222,1,0,0,0,0,0,0,0,0
160,2017-04-20,09:03:57,0,SF705,XZCE,5220,5158,5248,586,15222880,9102,9328,5448,4928,5188,5152,0,5164,0,0,0,2017-04-20,32637000,5218,4,0,0,0,0,0,0,0,0,5222,1,0,0,0,0,0,0,0,0
161,2017-04-20,09:04:01,0,SF705,XZCE,5222,5158,5248,588,15275100,9100,9328,5448,4928,5188,5152,0,5164,0,0,0,2017-04-20,32641000,5218,4,0,0,0,0,0,0,0,0,5226,1,0,0,0,0,0,0,0,0
162,2017-04-20,09:04:03,0,SF705,XZCE,5222,5158,5248,588,15275100,9100,9328,5448,4928,5188,5152,0,5164,0,0,0,2017-04-20,32643000,5222,1,0,0,0,0,0,0,0,0,5226,1,0,0,0,0,0,0,0,0
163,2017-04-20,09:04:04,0,SF705,XZCE,5222,5158,5248,590,15327320,9100,9328,5448,4928,5188,5152,0,5164,0,0,0,2017-04-20,32644000,5218,3,0,0,0,0,0,0,0,0,5226,1,0,0,0,0,0,0,0,0
164,2017-04-20,09:04:05,0,SF705,XZCE,5226,5158,5248,592,15379580,9100,9328,5448,4928,5188,5152,0,5164,0,0,0,2017-04-20,32645000,5220,1,0,0,0,0,0,0,0,0,5228,5,0,0,0,0,0,0,0,0
165,2017-04-20,09:04:06,0,SF705,XZCE,5240,5158,5248,596,15484380,9100,9328,5448,4928,5188,5152,0,5164,0,0,0,2017-04-20,32646000,5220,1,0,0,0,0,0,0,0,0,5240,2,0,0,0,0,0,0,0,0
166,2017-04-20,09:04:06,0,SF705,XZCE,5240,5158,5248,596,15484380,9100,9328,5448,4928,5188,5152,0,5164,0,0,0,2017-04-20,32646000,5224,1,0,0,0,0,0,0,0,0,5240,2,0,0,0,0,0,0,0,0
167,2017-04-20,09:04:08,0,SF705,XZCE,5240,5158,5248,596,15484380,9100,9328,5448,4928,5188,5152,0,5164,0,0,0,2017-04-20,32648000,5226,5,0,0,0,0,0,0,0,0,5240,2,0,0,0,0,0,0,0,0
168,2017-04-20,09:04:09,0,SF705,XZCE,5240,5158,5248,596,15484380,9100,9328,5448,4928,5188,5152,0,5164,0,0,0,2017-04-20,32649000,5226,5,0,0,0,0,0,0,0,0,5238,2,0,0,0,0,0,0,0,0
169,2017-04-20,09:04:09,0,SF705,XZCE,5240,5158,5248,596,15484380,9100,9328,5448,4928,5188,5152,0,5164,0,0,0,2017-04-20,32649000,5226,5,0,0,0,0,0,0,0,0,5230,1,0,0,0,0,0,0,0,0
170,2017-04-20,09:04:17,0,SF705,XZCE,5230,5158,5248,598,15536680,9100,9328,5448,4928,5188,5152,0,5164,0,0,0,2017-04-20,32657000,5230,1,0,0,0,0,0,0,0,0,5238,6,0,0,0,0,0,0,0,0
171,2017-04-20,09:04:19,0,SF705,XZCE,5230,5158,5248,598,15536680,9100,9328,5448,4928,5188,5152,0,5164,0,0,0,2017-04-20,32659000,5230,1,0,0,0,0,0,0,0,0,5236,1,0,0,0,0,0,0,0,0
172,2017-04-20,09:04:20,0,SF705,XZCE,5238,5158,5248,604,15693820,9106,9328,5448,4928,5188,5152,0,5164,0,0,0,2017-04-20,32660000,5230,1,0,0,0,0,0,0,0,0,5238,4,0,0,0,0,0,0,0,0
173,2017-04-20,09:04:21,0,SF705,XZCE,5238,5158,5248,604,15693820,9106,9328,5448,4928,5188,5152,0,5164,0,0,0,2017-04-20,32661000,5230,1,0,0,0,0,0,0,0,0,5238,8,0,0,0,0,0,0,0,0
174,2017-04-20,09:04:22,0,SF705,XZCE,5238,5158,5248,604,15693820,9106,9328,5448,4928,5188,5152,0,5164,0,0,0,2017-04-20,32662000,5230,1,0,0,0,0,0,0,0,0,5236,2,0,0,0,0,0,0,0,0
175,2017-04-20,09:04:23,0,SF705,XZCE,5230,5158,5248,606,15746120,9106,9328,5448,4928,5188,5152,0,5164,0,0,0,2017-04-20,32663000,5226,5,0,0,0,0,0,0,0,0,5236,2,0,0,0,0,0,0,0,0
176,2017-04-20,09:04:23,0,SF705,XZCE,5230,5158,5248,606,15746120,9106,9328,5448,4928,5188,5152,0,5164,0,0,0,2017-04-20,32663000,5232,1,0,0,0,0,0,0,0,0,5236,2,0,0,0,0,0,0,0,0
177,2017-04-20,09:04:25,0,SF705,XZCE,5230,5158,5248,606,15746120,9106,9328,5448,4928,5188,5152,0,5164,0,0,0,2017-04-20,32665000,5224,1,0,0,0,0,0,0,0,0,5236,2,0,0,0,0,0,0,0,0
178,2017-04-20,09:04:26,0,SF705,XZCE,5230,5158,5248,606,15746120,9106,9328,5448,4928,5188,5152,0,5164,0,0,0,2017-04-20,32666000,5224,1,0,0,0,0,0,0,0,0,5232,4,0,0,0,0,0,0,0,0
179,2017-04-20,09:04:28,0,SF705,XZCE,5230,5158,5248,606,15746120,9106,9328,5448,4928,5188,5152,0,5164,0,0,0,2017-04-20,32668000,5226,1,0,0,0,0,0,0,0,0,5232,4,0,0,0,0,0,0,0,0
180,2017-04-20,09:04:31,0,SF705,XZCE,5226,5158,5248,608,15798380,9106,9328,5448,4928,5188,5152,0,5164,0,0,0,2017-04-20,32671000,5222,3,0,0,0,0,0,0,0,0,5232,4,0,0,0,0,0,0,0,0
181,2017-04-20,09:04:32,0,SF705,XZCE,5226,5158,5248,608,15798380,9106,9328,5448,4928,5188,5152,0,5164,0,0,0,2017-04-20,32672000,5222,3,0,0,0,0,0,0,0,0,5230,2,0,0,0,0,0,0,0,0
182,2017-04-20,09:04:33,0,SF705,XZCE,5230,5158,5248,610,15850680,9106,9328,5448,4928,5188,5152,0,5164,0,0,0,2017-04-20,32673000,5224,2,0,0,0,0,0,0,0,0,5230,1,0,0,0,0,0,0,0,0
183,2017-04-20,09:04:34,0,SF705,XZCE,5230,5158,5248,616,16007580,9106,9328,5448,4928,5188,5152,0,5164,0,0,0,2017-04-20,32674000,5230,1,0,0,0,0,0,0,0,0,5232,4,0,0,0,0,0,0,0,0
184,2017-04-20,09:04:34,0,SF705,XZCE,5230,5158,5248,618,16059880,9108,9328,5448,4928,5188,5152,0,5164,0,0,0,2017-04-20,32674000,5224,2,0,0,0,0,0,0,0,0,5232,4,0,0,0,0,0,0,0,0
185,2017-04-20,09:04:36,0,SF705,XZCE,5224,5158,5248,620,16112120,9108,9328,5448,4928,5188,5152,0,5164,0,0,0,2017-04-20,32676000,5224,1,0,0,0,0,0,0,0,0,5232,4,0,0,0,0,0,0,0,0
186,2017-04-20,09:04:38,0,SF705,XZCE,5224,5158,5248,620,16112120,9108,9328,5448,4928,5188,5152,0,5164,0,0,0,2017-04-20,32678000,5224,1,0,0,0,0,0,0,0,0,5230,2,0,0,0,0,0,0,0,0
187,2017-04-20,09:04:39,0,SF705,XZCE,5224,5158,5248,622,16164360,9106,9328,5448,4928,5188,5152,0,5164,0,0,0,2017-04-20,32679000,5222,3,0,0,0,0,0,0,0,0,5230,2,0,0,0,0,0,0,0,0
188,2017-04-20,09:04:41,0,SF705,XZCE,5224,5158,5248,622,16164360,9106,9328,5448,4928,5188,5152,0,5164,0,0,0,2017-04-20,32681000,5222,3,0,0,0,0,0,0,0,0,5230,3,0,0,0,0,0,0,0,0
189,2017-04-20,09:04:43,0,SF705,XZCE,5222,5158,5248,626,16268800,9108,9328,5448,4928,5188,5152,0,5164,0,0,0,2017-04-20,32683000,5222,2,0,0,0,0,0,0,0,0,5230,2,0,0,0,0,0,0,0,0
190,2017-04-20,09:04:48,0,SF705,XZCE,5222,5158,5248,626,16268800,9108,9328,5448,4928,5188,5152,0,5164,0,0,0,2017-04-20,32688000,5224,3,0,0,0,0,0,0,0,0,5230,2,0,0,0,0,0,0,0,0
191,2017-04-20,09:04:49,0,SF705,XZCE,5222,5158,5248,628,16321020,9108,9328,5448,4928,5188,5152,0,5164,0,0,0,2017-04-20,32689000,5224,2,0,0,0,0,0,0,0,0,5230,2,0,0,0,0,0,0,0,0
192,2017-04-20,09:04:53,0,SF705,XZCE,5224,5158,5248,632,16425500,9108,9328,5448,4928,5188,5152,0,5164,0,0,0,2017-04-20,32693000,5222,2,0,0,0,0,0,0,0,0,5230,2,0,0,0,0,0,0,0,0
193,2017-04-20,09:04:55,0,SF705,XZCE,5222,5158,5248,636,16529940,9110,9328,5448,4928,5188,5152,0,5164,0,0,0,2017-04-20,32695000,5220,3,0,0,0,0,0,0,0,0,5230,2,0,0,0,0,0,0,0,0
194,2017-04-20,09:04:57,0,SF705,XZCE,5222,5158,5248,636,16529940,9110,9328,5448,4928,5188,5152,0,5164,0,0,0,2017-04-20,32697000,5220,3,0,0,0,0,0,0,0,0,5228,1,0,0,0,0,0,0,0,0
195,2017-04-20,09:04:58,0,SF705,XZCE,5222,5158,5248,636,16529940,9110,9328,5448,4928,5188,5152,0,5164,0,0,0,2017-04-20,32698000,5222,1,0,0,0,0,0,0,0,0,5228,11,0,0,0,0,0,0,0,0
196,2017-04-20,09:04:59,0,SF705,XZCE,5220,5158,5248,642,16686540,9108,9328,5448,4928,5188,5152,0,5164,0,0,0,2017-04-20,32699000,5220,2,0,0,0,0,0,0,0,0,5228,11,0,0,0,0,0,0,0,0
197,2017-04-20,09:05:00,0,SF705,XZCE,5220,5158,5248,642,16686540,9108,9328,5448,4928,5188,5152,0,5164,0,0,0,2017-04-20,32700000,5220,1,0,0,0,0,0,0,0,0,5222,2,0,0,0,0,0,0,0,0
198,2017-04-20,09:05:05,0,SF705,XZCE,5220,5158,5248,644,16738740,9108,9328,5448,4928,5188,5152,0,5164,0,0,0,2017-04-20,32705000,5218,3,0,0,0,0,0,0,0,0,5222,2,0,0,0,0,0,0,0,0
199,2017-04-20,09:05:06,0,SF705,XZCE,5220,5158,5248,646,16790940,9110,9328,5448,4928,5188,5152,0,5164,0,0,0,2017-04-20,32706000,5218,3,0,0,0,0,0,0,0,0,5222,2,0,0,0,0,0,0,0,0
200,2017-04-20,09:05:10,0,SF705,XZCE,5222,5158,5248,652,16947600,9112,9328,5448,4928,5188,5152,0,5164,0,0,0,2017-04-20,32710000,5218,1,0,0,0,0,0,0,0,0,5222,1,0,0,0,0,0,0,0,0
201,2017-04-20,09:05:15,0,SF705,XZCE,5222,5158,5248,654,16999820,9114,9328,5448,4928,5188,5152,0,5164,0,0,0,2017-04-20,32715000,5222,2,0,0,0,0,0,0,0,0,5226,2,0,0,0,0,0,0,0,0
202,2017-04-20,09:05:15,0,SF705,XZCE,5226,5158,5248,656,17052080,9116,9328,5448,4928,5188,5152,0,5164,0,0,0,2017-04-20,32715000,5222,2,0,0,0,0,0,0,0,0,5226,1,0,0,0,0,0,0,0,0
203,2017-04-20,09:05:16,0,SF705,XZCE,5222,5158,5248,660,17156520,9116,9328,5448,4928,5188,5152,0,5164,0,0,0,2017-04-20,32716000,5218,2,0,0,0,0,0,0,0,0,5222,7,0,0,0,0,0,0,0,0
204,2017-04-20,09:05:17,0,SF705,XZCE,5218,5158,5248,662,17208700,9118,9328,5448,4928,5188,5152,0,5164,0,0,0,2017-04-20,32717000,5218,1,0,0,0,0,0,0,0,0,5222,7,0,0,0,0,0,0,0,0
205,2017-04-20,09:05:19,0,SF705,XZCE,5218,5158,5248,662,17208700,9118,9328,5448,4928,5188,5152,0,5164,0,0,0,2017-04-20,32719000,5218,2,0,0,0,0,0,0,0,0,5222,7,0,0,0,0,0,0,0,0
206,2017-04-20,09:05:20,0,SF705,XZCE,5222,5158,5248,664,17260920,9118,9328,5448,4928,5188,5152,0,5164,0,0,0,2017-04-20,32720000,5218,2,0,0,0,0,0,0,0,0,5222,6,0,0,0,0,0,0,0,0
207,2017-04-20,09:05:20,0,SF705,XZCE,5222,5158,5248,668,17365360,9118,9328,5448,4928,5188,5152,0,5164,0,0,0,2017-04-20,32720000,5218,2,0,0,0,0,0,0,0,0,5222,4,0,0,0,0,0,0,0,0
208,2017-04-20,09:05:21,0,SF705,XZCE,5218,5158,5248,672,17469720,9116,9328,5448,4928,5188,5152,0,5164,0,0,0,2017-04-20,32721000,5212,2,0,0,0,0,0,0,0,0,5218,8,0,0,0,0,0,0,0,0
209,2017-04-20,09:05:27,0,SF705,XZCE,5218,5158,5248,674,17521900,9114,9328,5448,4928,5188,5152,0,5164,0,0,0,2017-04-20,32727000,5212,2,0,0,0,0,0,0,0,0,5218,7,0,0,0,0,0,0,0,0
210,2017-04-20,09:05:32,0,SF705,XZCE,5218,5158,5248,674,17521900,9114,9328,5448,4928,5188,5152,0,5164,0,0,0,2017-04-20,32732000,5212,2,0,0,0,0,0,0,0,0,5216,2,0,0,0,0,0,0,0,0
211,2017-04-20,09:05:32,0,SF705,XZCE,5210,5158,5248,682,17730300,9112,9328,5448,4928,5188,5152,0,5164,0,0,0,2017-04-20,32732000,5206,2,0,0,0,0,0,0,0,0,5210,2,0,0,0,0,0,0,0,0
212,2017-04-20,09:05:34,0,SF705,XZCE,5210,5158,5248,682,17730300,9112,9328,5448,4928,5188,5152,0,5164,0,0,0,2017-04-20,32734000,5206,3,0,0,0,0,0,0,0,0,5212,9,0,0,0,0,0,0,0,0
213,2017-04-20,09:05:34,0,SF705,XZCE,5206,5158,5248,684,17782360,9112,9328,5448,4928,5188,5152,0,5164,0,0,0,2017-04-20,32734000,5206,2,0,0,0,0,0,0,0,0,5212,9,0,0,0,0,0,0,0,0
214,2017-04-20,09:05:36,0,SF705,XZCE,5206,5158,5248,688,17886480,9114,9328,5448,4928,5188,5152,0,5164,0,0,0,2017-04-20,32736000,5202,3,0,0,0,0,0,0,0,0,5206,2,0,0,0,0,0,0,0,0
215,2017-04-20,09:05:36,0,SF705,XZCE,5206,5158,5248,690,17938540,9114,9328,5448,4928,5188,5152,0,5164,0,0,0,2017-04-20,32736000,5202,3,0,0,0,0,0,0,0,0,5206,2,0,0,0,0,0,0,0,0
216,2017-04-20,09:05:39,0,SF705,XZCE,5206,5158,5248,692,17990600,9114,9328,5448,4928,5188,5152,0,5164,0,0,0,2017-04-20,32739000,5202,3,0,0,0,0,0,0,0,0,5206,1,0,0,0,0,0,0,0,0
217,2017-04-20,09:05:43,0,SF705,XZCE,5206,5158,5248,692,17990600,9114,9328,5448,4928,5188,5152,0,5164,0,0,0,2017-04-20,32743000,5204,2,0,0,0,0,0,0,0,0,5206,1,0,0,0,0,0,0,0,0
218,2017-04-20,09:05:44,0,SF705,XZCE,5206,5158,5248,694,18042660,9116,9328,5448,4928,5188,5152,0,5164,0,0,0,2017-04-20,32744000,5206,1,0,0,0,0,0,0,0,0,5212,9,0,0,0,0,0,0,0,0
219,2017-04-20,09:05:46,0,SF705,XZCE,5206,5158,5248,694,18042660,9116,9328,5448,4928,5188,5152,0,5164,0,0,0,2017-04-20,32746000,5204,2,0,0,0,0,0,0,0,0,5212,9,0,0,0,0,0,0,0,0
220,2017-04-20,09:05:51,0,SF705,XZCE,5206,5158,5248,696,18094720,9116,9328,5448,4928,5188,5152,0,5164,0,0,0,2017-04-20,32751000,5206,3,0,0,0,0,0,0,0,0,5210,2,0,0,0,0,0,0,0,0
221,2017-04-20,09:05:56,0,SF705,XZCE,5206,5158,5248,696,18094720,9116,9328,5448,4928,5188,5152,0,5164,0,0,0,2017-04-20,32756000,5204,2,0,0,0,0,0,0,0,0,5210,2,0,0,0,0,0,0,0,0
222,2017-04-20,09:05:58,0,SF705,XZCE,5206,5158,5248,696,18094720,9116,9328,5448,4928,5188,5152,0,5164,0,0,0,2017-04-20,32758000,5204,2,0,0,0,0,0,0,0,0,5208,1,0,0,0,0,0,0,0,0
223,2017-04-20,09:06:01,0,SF705,XZCE,5204,5158,5248,700,18198800,9112,9328,5448,4928,5188,5152,0,5164,0,0,0,2017-04-20,32761000,5202,3,0,0,0,0,0,0,0,0,5208,1,0,0,0,0,0,0,0,0
224,2017-04-20,09:06:03,0,SF705,XZCE,5202,5158,5248,704,18302840,9112,9328,5448,4928,5188,5152,0,5164,0,0,0,2017-04-20,32763000,5202,2,0,0,0,0,0,0,0,0,5210,2,0,0,0,0,0,0,0,0
225,2017-04-20,09:06:05,0,SF705,XZCE,5202,5158,5248,704,18302840,9112,9328,5448,4928,5188,5152,0,5164,0,0,0,2017-04-20,32765000,5204,1,0,0,0,0,0,0,0,0,5210,2,0,0,0,0,0,0,0,0
226,2017-04-20,09:06:07,0,SF705,XZCE,5202,5158,5248,704,18302840,9112,9328,5448,4928,5188,5152,0,5164,0,0,0,2017-04-20,32767000,5204,1,0,0,0,0,0,0,0,0,5210,3,0,0,0,0,0,0,0,0
227,2017-04-20,09:06:07,0,SF705,XZCE,5202,5158,5248,704,18302840,9112,9328,5448,4928,5188,5152,0,5164,0,0,0,2017-04-20,32767000,5204,2,0,0,0,0,0,0,0,0,5210,3,0,0,0,0,0,0,0,0
228,2017-04-20,09:06:08,0,SF705,XZCE,5202,5158,5248,704,18302840,9112,9328,5448,4928,5188,5152,0,5164,0,0,0,2017-04-20,32768000,5206,1,0,0,0,0,0,0,0,0,5210,3,0,0,0,0,0,0,0,0
229,2017-04-20,09:06:09,0,SF705,XZCE,5202,5158,5248,704,18302840,9112,9328,5448,4928,5188,5152,0,5164,0,0,0,2017-04-20,32769000,5206,1,0,0,0,0,0,0,0,0,5210,4,0,0,0,0,0,0,0,0
230,2017-04-20,09:06:23,0,SF705,XZCE,5202,5158,5248,704,18302840,9112,9328,5448,4928,5188,5152,0,5164,0,0,0,2017-04-20,32783000,5206,1,0,0,0,0,0,0,0,0,5210,6,0,0,0,0,0,0,0,0
231,2017-04-20,09:06:36,0,SF705,XZCE,5202,5158,5248,704,18302840,9112,9328,5448,4928,5188,5152,0,5164,0,0,0,2017-04-20,32796000,5206,2,0,0,0,0,0,0,0,0,5210,5,0,0,0,0,0,0,0,0
232,2017-04-20,09:06:39,0,SF705,XZCE,5210,5158,5248,706,18354940,9112,9328,5448,4928,5188,5152,0,5164,0,0,0,2017-04-20,32799000,5206,2,0,0,0,0,0,0,0,0,5210,4,0,0,0,0,0,0,0,0
233,2017-04-20,09:06:43,0,SF705,XZCE,5210,5158,5248,708,18407040,9114,9328,5448,4928,5188,5152,0,5164,0,0,0,2017-04-20,32803000,5206,2,0,0,0,0,0,0,0,0,5210,3,0,0,0,0,0,0,0,0
234,2017-04-20,09:06:44,0,SF705,XZCE,5210,5158,5248,710,18459140,9114,9328,5448,4928,5188,5152,0,5164,0,0,0,2017-04-20,32804000,5206,2,0,0,0,0,0,0,0,0,5210,2,0,0,0,0,0,0,0,0
235,2017-04-20,09:06:44,0,SF705,XZCE,5210,5158,5248,712,18511240,9116,9328,5448,4928,5188,5152,0,5164,0,0,0,2017-04-20,32804000,5206,2,0,0,0,0,0,0,0,0,5210,1,0,0,0,0,0,0,0,0
236,2017-04-20,09:06:44,0,SF705,XZCE,5210,5158,5248,714,18563340,9118,9328,5448,4928,5188,5152,0,5164,0,0,0,2017-04-20,32804000,5206,2,0,0,0,0,0,0,0,0,5212,9,0,0,0,0,0,0,0,0
237,2017-04-20,09:06:45,0,SF705,XZCE,5210,5158,5248,714,18563340,9118,9328,5448,4928,5188,5152,0,5164,0,0,0,2017-04-20,32805000,5210,5,0,0,0,0,0,0,0,0,5212,9,0,0,0,0,0,0,0,0
238,2017-04-20,09:06:48,0,SF705,XZCE,5210,5158,5248,716,18615440,9118,9328,5448,4928,5188,5152,0,5164,0,0,0,2017-04-20,32808000,5210,4,0,0,0,0,0,0,0,0,5212,9,0,0,0,0,0,0,0,0
239,2017-04-20,09:06:52,0,SF705,XZCE,5212,5158,5248,718,18667560,9118,9328,5448,4928,5188,5152,0,5164,0,0,0,2017-04-20,32812000,5210,4,0,0,0,0,0,0,0,0,5212,8,0,0,0,0,0,0,0,0
240,2017-04-20,09:06:53,0,SF705,XZCE,5212,5158,5248,718,18667560,9118,9328,5448,4928,5188,5152,0,5164,0,0,0,2017-04-20,32813000,5210,3,0,0,0,0,0,0,0,0,5212,8,0,0,0,0,0,0,0,0
241,2017-04-20,09:06:57,0,SF705,XZCE,5212,5158,5248,720,18719680,9118,9328,5448,4928,5188,5152,0,5164,0,0,0,2017-04-20,32817000,5210,3,0,0,0,0,0,0,0,0,5212,7,0,0,0,0,0,0,0,0
242,2017-04-20,09:07:01,0,SF705,XZCE,5212,5158,5248,734,19084520,9118,9328,5448,4928,5188,5152,0,5164,0,0,0,2017-04-20,32821000,5210,3,0,0,0,0,0,0,0,0,5216,2,0,0,0,0,0,0,0,0
243,2017-04-20,09:07:02,0,SF705,XZCE,5212,5158,5248,734,19084520,9118,9328,5448,4928,5188,5152,0,5164,0,0,0,2017-04-20,32822000,5212,2,0,0,0,0,0,0,0,0,5216,2,0,0,0,0,0,0,0,0
244,2017-04-20,09:07:04,0,SF705,XZCE,5212,5158,5248,736,19136640,9118,9328,5448,4928,5188,5152,0,5164,0,0,0,2017-04-20,32824000,5212,1,0,0,0,0,0,0,0,0,5216,2,0,0,0,0,0,0,0,0
245,2017-04-20,09:07:06,0,SF705,XZCE,5212,5158,5248,738,19188760,9118,9328,5448,4928,5188,5152,0,5164,0,0,0,2017-04-20,32826000,5210,5,0,0,0,0,0,0,0,0,5212,2,0,0,0,0,0,0,0,0
246,2017-04-20,09:07:07,0,SF705,XZCE,5212,5158,5248,740,19240880,9116,9328,5448,4928,5188,5152,0,5164,0,0,0,2017-04-20,32827000,5210,5,0,0,0,0,0,0,0,0,5216,2,0,0,0,0,0,0,0,0
247,2017-04-20,09:07:08,0,SF705,XZCE,5212,5158,5248,740,19240880,9116,9328,5448,4928,5188,5152,0,5164,0,0,0,2017-04-20,32828000,5212,1,0,0,0,0,0,0,0,0,5216,2,0,0,0,0,0,0,0,0
248,2017-04-20,09:07:12,0,SF705,XZCE,5212,5158,5248,742,19293000,9116,9328,5448,4928,5188,5152,0,5164,0,0,0,2017-04-20,32832000,5210,5,0,0,0,0,0,0,0,0,5212,3,0,0,0,0,0,0,0,0
249,2017-04-20,09:07:32,0,SF705,XZCE,5212,5158,5248,744,19345120,9118,9328,5448,4928,5188,5152,0,5164,0,0,0,2017-04-20,32852000,5210,5,0,0,0,0,0,0,0,0,5212,2,0,0,0,0,0,0,0,0
250,2017-04-20,09:07:40,0,SF705,XZCE,5212,5158,5248,746,19397240,9118,9328,5448,4928,5188,5152,0,5164,0,0,0,2017-04-20,32860000,5210,5,0,0,0,0,0,0,0,0,5212,1,0,0,0,0,0,0,0,0
251,2017-04-20,09:07:44,0,SF705,XZCE,5210,5158,5248,748,19449340,9116,9328,5448,4928,5188,5152,0,5164,0,0,0,2017-04-20,32864000,5210,4,0,0,0,0,0,0,0,0,5212,1,0,0,0,0,0,0,0,0
252,2017-04-20,09:07:45,0,SF705,XZCE,5212,5158,5248,750,19501460,9118,9328,5448,4928,5188,5152,0,5164,0,0,0,2017-04-20,32865000,5210,4,0,0,0,0,0,0,0,0,5216,3,0,0,0,0,0,0,0,0
253,2017-04-20,09:07:49,0,SF705,XZCE,5212,5158,5248,750,19501460,9118,9328,5448,4928,5188,5152,0,5164,0,0,0,2017-04-20,32869000,5210,5,0,0,0,0,0,0,0,0,5216,3,0,0,0,0,0,0,0,0
254,2017-04-20,09:07:50,0,SF705,XZCE,5212,5158,5248,750,19501460,9118,9328,5448,4928,5188,5152,0,5164,0,0,0,2017-04-20,32870000,5212,2,0,0,0,0,0,0,0,0,5216,2,0,0,0,0,0,0,0,0
255,2017-04-20,09:08:03,0,SF705,XZCE,5216,5158,5248,754,19605780,9118,9328,5448,4928,5188,5152,0,5164,0,0,0,2017-04-20,32883000,5212,2,0,0,0,0,0,0,0,0,5218,8,0,0,0,0,0,0,0,0
256,2017-04-20,09:08:04,0,SF705,XZCE,5216,5158,5248,756,19657940,9116,9328,5448,4928,5188,5152,0,5164,0,0,0,2017-04-20,32884000,5212,2,0,0,0,0,0,0,0,0,5218,8,0,0,0,0,0,0,0,0
257,2017-04-20,09:08:11,0,SF705,XZCE,5216,5158,5248,756,19657940,9116,9328,5448,4928,5188,5152,0,5164,0,0,0,2017-04-20,32891000,5212,2,0,0,0,0,0,0,0,0,5216,1,0,0,0,0,0,0,0,0
258,2017-04-20,09:08:11,0,SF705,XZCE,5216,5158,5248,756,19657940,9116,9328,5448,4928,5188,5152,0,5164,0,0,0,2017-04-20,32891000,5212,2,0,0,0,0,0,0,0,0,5216,2,0,0,0,0,0,0,0,0
259,2017-04-20,09:08:12,0,SF705,XZCE,5216,5158,5248,756,19657940,9116,9328,5448,4928,5188,5152,0,5164,0,0,0,2017-04-20,32892000,5212,2,0,0,0,0,0,0,0,0,5216,3,0,0,0,0,0,0,0,0
260,2017-04-20,09:08:13,0,SF705,XZCE,5212,5158,5248,760,19762180,9116,9328,5448,4928,5188,5152,0,5164,0,0,0,2017-04-20,32893000,5210,3,0,0,0,0,0,0,0,0,5212,1,0,0,0,0,0,0,0,0
261,2017-04-20,09:08:14,0,SF705,XZCE,5210,5158,5248,762,19814280,9114,9328,5448,4928,5188,5152,0,5164,0,0,0,2017-04-20,32894000,5210,2,0,0,0,0,0,0,0,0,5212,1,0,0,0,0,0,0,0,0
262,2017-04-20,09:08:16,0,SF705,XZCE,5210,5158,5248,762,19814280,9114,9328,5448,4928,5188,5152,0,5164,0,0,0,2017-04-20,32896000,5210,2,0,0,0,0,0,0,0,0,5214,1,0,0,0,0,0,0,0,0
263,2017-04-20,09:08:17,0,SF705,XZCE,5210,5158,5248,762,19814280,9114,9328,5448,4928,5188,5152,0,5164,0,0,0,2017-04-20,32897000,5212,2,0,0,0,0,0,0,0,0,5214,1,0,0,0,0,0,0,0,0
264,2017-04-20,09:08:24,0,SF705,XZCE,5212,5158,5248,764,19866400,9114,9328,5448,4928,5188,5152,0,5164,0,0,0,2017-04-20,32904000,5212,1,0,0,0,0,0,0,0,0,5216,2,0,0,0,0,0,0,0,0
265,2017-04-20,09:08:26,0,SF705,XZCE,5212,5158,5248,766,19918520,9114,9328,5448,4928,5188,5152,0,5164,0,0,0,2017-04-20,32906000,5210,2,0,0,0,0,0,0,0,0,5216,1,0,0,0,0,0,0,0,0
266,2017-04-20,09:08:28,0,SF705,XZCE,5210,5158,5248,772,20074820,9110,9328,5448,4928,5188,5152,0,5164,0,0,0,2017-04-20,32908000,5210,3,0,0,0,0,0,0,0,0,5216,1,0,0,0,0,0,0,0,0
267,2017-04-20,09:08:34,0,SF705,XZCE,5210,5158,5248,772,20074820,9110,9328,5448,4928,5188,5152,0,5164,0,0,0,2017-04-20,32914000,5208,1,0,0,0,0,0,0,0,0,5216,1,0,0,0,0,0,0,0,0
268,2017-04-20,09:08:40,0,SF705,XZCE,5210,5158,5248,772,20074820,9110,9328,5448,4928,5188,5152,0,5164,0,0,0,2017-04-20,32920000,5208,2,0,0,0,0,0,0,0,0,5216,1,0,0,0,0,0,0,0,0
269,2017-04-20,09:08:40,0,SF705,XZCE,5210,5158,5248,772,20074820,9110,9328,5448,4928,5188,5152,0,5164,0,0,0,2017-04-20,32920000,5208,1,0,0,0,0,0,0,0,0,5216,1,0,0,0,0,0,0,0,0
270,2017-04-20,09:08:58,0,SF705,XZCE,5210,5158,5248,776,20179020,9110,9328,5448,4928,5188,5152,0,5164,0,0,0,2017-04-20,32938000,5210,1,0,0,0,0,0,0,0,0,5216,1,0,0,0,0,0,0,0,0
271,2017-04-20,09:09:00,0,SF705,XZCE,5210,5158,5248,776,20179020,9110,9328,5448,4928,5188,5152,0,5164,0,0,0,2017-04-20,32940000,5208,2,0,0,0,0,0,0,0,0,5216,1,0,0,0,0,0,0,0,0
272,2017-04-20,09:09:02,0,SF705,XZCE,5210,5158,5248,776,20179020,9110,9328,5448,4928,5188,5152,0,5164,0,0,0,2017-04-20,32942000,5208,2,0,0,0,0,0,0,0,0,5216,3,0,0,0,0,0,0,0,0
273,2017-04-20,09:09:07,0,SF705,XZCE,5210,5158,5248,776,20179020,9110,9328,5448,4928,5188,5152,0,5164,0,0,0,2017-04-20,32947000,5208,3,0,0,0,0,0,0,0,0,5216,3,0,0,0,0,0,0,0,0
274,2017-04-20,09:09:09,0,SF705,XZCE,5210,5158,5248,776,20179020,9110,9328,5448,4928,5188,5152,0,5164,0,0,0,2017-04-20,32949000,5208,2,0,0,0,0,0,0,0,0,5214,1,0,0,0,0,0,0,0,0
275,2017-04-20,09:09:12,0,SF705,XZCE,5210,5158,5248,776,20179020,9110,9328,5448,4928,5188,5152,0,5164,0,0,0,2017-04-20,32952000,5208,2,0,0,0,0,0,0,0,0,5210,1,0,0,0,0,0,0,0,0
276,2017-04-20,09:09:14,0,SF705,XZCE,5210,5158,5248,776,20179020,9110,9328,5448,4928,5188,5152,0,5164,0,0,0,2017-04-20,32954000,5208,3,0,0,0,0,0,0,0,0,5210,1,0,0,0,0,0,0,0,0
277,2017-04-20,09:09:16,0,SF705,XZCE,5208,5158,5248,780,20283180,9108,9328,5448,4928,5188,5152,0,5164,0,0,0,2017-04-20,32956000,5208,1,0,0,0,0,0,0,0,0,5210,1,0,0,0,0,0,0,0,0
278,2017-04-20,09:09:16,0,SF705,XZCE,5208,5158,5248,782,20335260,9106,9328,5448,4928,5188,5152,0,5164,0,0,0,2017-04-20,32956000,5204,2,0,0,0,0,0,0,0,0,5210,1,0,0,0,0,0,0,0,0
279,2017-04-20,09:09:29,0,SF705,XZCE,5204,5158,5248,786,20439340,9104,9328,5448,4928,5188,5152,0,5164,0,0,0,2017-04-20,32969000,5202,2,0,0,0,0,0,0,0,0,5210,1,0,0,0,0,0,0,0,0
280,2017-04-20,09:09:30,0,SF705,XZCE,5204,5158,5248,790,20543420,9104,9328,5448,4928,5188,5152,0,5164,0,0,0,2017-04-20,32970000,5202,2,0,0,0,0,0,0,0,0,5210,1,0,0,0,0,0,0,0,0
281,2017-04-20,09:09:33,0,SF705,XZCE,5204,5158,5248,790,20543420,9104,9328,5448,4928,5188,5152,0,5164,0,0,0,2017-04-20,32973000,5202,2,0,0,0,0,0,0,0,0,5210,2,0,0,0,0,0,0,0,0
282,2017-04-20,09:09:43,0,SF705,XZCE,5202,5158,5248,796,20699480,9100,9328,5448,4928,5188,5152,0,5164,0,0,0,2017-04-20,32983000,5200,7,0,0,0,0,0,0,0,0,5210,2,0,0,0,0,0,0,0,0
283,2017-04-20,09:09:46,0,SF705,XZCE,5204,5158,5282,1058,27516720,9192,9328,5448,4928,5188,5152,0,5164,0,0,0,2017-04-20,32986000,5204,1,0,0,0,0,0,0,0,0,5218,9,0,0,0,0,0,0,0,0
284,2017-04-20,09:09:46,0,SF705,XZCE,5204,5158,5282,1060,27568760,9192,9328,5448,4928,5188,5152,0,5164,0,0,0,2017-04-20,32986000,5202,10,0,0,0,0,0,0,0,0,5218,9,0,0,0,0,0,0,0,0
285,2017-04-20,09:09:47,0,SF705,XZCE,5204,5158,5282,1060,27568760,9192,9328,5448,4928,5188,5152,0,5164,0,0,0,2017-04-20,32987000,5202,10,0,0,0,0,0,0,0,0,5214,1,0,0,0,0,0,0,0,0
286,2017-04-20,09:09:47,0,SF705,XZCE,5204,5158,5282,1060,27568760,9192,9328,5448,4928,5188,5152,0,5164,0,0,0,2017-04-20,32987000,5202,10,0,0,0,0,0,0,0,0,5218,9,0,0,0,0,0,0,0,0
287,2017-04-20,09:09:48,0,SF705,XZCE,5204,5158,5282,1060,27568760,9192,9328,5448,4928,5188,5152,0,5164,0,0,0,2017-04-20,32988000,5206,2,0,0,0,0,0,0,0,0,5218,9,0,0,0,0,0,0,0,0
288,2017-04-20,09:09:52,0,SF705,XZCE,5204,5158,5282,1060,27568760,9192,9328,5448,4928,5188,5152,0,5164,0,0,0,2017-04-20,32992000,5214,5,0,0,0,0,0,0,0,0,5218,9,0,0,0,0,0,0,0,0
289,2017-04-20,09:09:54,0,SF705,XZCE,5218,5158,5282,1066,27725300,9186,9328,5448,4928,5188,5152,0,5164,0,0,0,2017-04-20,32994000,5214,5,0,0,0,0,0,0,0,0,5218,6,0,0,0,0,0,0,0,0
290,2017-04-20,09:09:58,0,SF705,XZCE,5218,5158,5282,1070,27829660,9186,9328,5448,4928,5188,5152,0,5164,0,0,0,2017-04-20,32998000,5214,5,0,0,0,0,0,0,0,0,5218,4,0,0,0,0,0,0,0,0
291,2017-04-20,09:09:59,0,SF705,XZCE,5220,5158,5282,1084,28195060,9182,9328,5448,4928,5188,5152,0,5164,0,0,0,2017-04-20,32999000,5216,2,0,0,0,0,0,0,0,0,5220,2,0,0,0,0,0,0,0,0
292,2017-04-20,09:10:05,0,SF705,XZCE,5220,5158,5282,1088,28299460,9186,9328,5448,4928,5188,5152,0,5164,0,0,0,2017-04-20,33005000,5216,2,0,0,0,0,0,0,0,0,5248,5,0,0,0,0,0,0,0,0
293,2017-04-20,09:10:05,0,SF705,XZCE,5220,5158,5282,1088,28299460,9186,9328,5448,4928,5188,5152,0,5164,0,0,0,2017-04-20,33005000,5222,1,0,0,0,0,0,0,0,0,5246,1,0,0,0,0,0,0,0,0
294,2017-04-20,09:10:07,0,SF705,XZCE,5220,5158,5282,1088,28299460,9186,9328,5448,4928,5188,5152,0,5164,0,0,0,2017-04-20,33007000,5222,1,0,0,0,0,0,0,0,0,5244,2,0,0,0,0,0,0,0,0
295,2017-04-20,09:10:09,0,SF705,XZCE,5220,5158,5282,1100,28612660,9176,9328,5448,4928,5188,5152,0,5164,0,0,0,2017-04-20,33009000,5216,2,0,0,0,0,0,0,0,0,5220,3,0,0,0,0,0,0,0,0
296,2017-04-20,09:10:09,0,SF705,XZCE,5216,5158,5282,1104,28716980,9176,9328,5448,4928,5188,5152,0,5164,0,0,0,2017-04-20,33009000,5208,2,0,0,0,0,0,0,0,0,5220,4,0,0,0,0,0,0,0,0
297,2017-04-20,09:10:10,0,SF705,XZCE,5216,5158,5282,1104,28716980,9176,9328,5448,4928,5188,5152,0,5164,0,0,0,2017-04-20,33010000,5208,3,0,0,0,0,0,0,0,0,5220,4,0,0,0,0,0,0,0,0
298,2017-04-20,09:10:11,0,SF705,XZCE,5216,5158,5282,1104,28716980,9176,9328,5448,4928,5188,5152,0,5164,0,0,0,2017-04-20,33011000,5210,1,0,0,0,0,0,0,0,0,5220,4,0,0,0,0,0,0,0,0
299,2017-04-20,09:10:14,0,SF705,XZCE,5216,5158,5282,1104,28716980,9176,9328,5448,4928,5188,5152,0,5164,0,0,0,2017-04-20,33014000,5210,3,0,0,0,0,0,0,0,0,5220,4,0,0,0,0,0,0,0,0
300,2017-04-20,09:10:15,0,SF705,XZCE,5216,5158,5282,1104,28716980,9176,9328,5448,4928,5188,5152,0,5164,0,0,0,2017-04-20,33015000,5210,3,0,0,0,0,0,0,0,0,5218,3,0,0,0,0,0,0,0,0
301,2017-04-20,09:10:15,0,SF705,XZCE,5216,5158,5282,1104,28716980,9176,9328,5448,4928,5188,5152,0,5164,0,0,0,2017-04-20,33015000,5210,3,0,0,0,0,0,0,0,0,5216,1,0,0,0,0,0,0,0,0
302,2017-04-20,09:10:15,0,SF705,XZCE,5218,5158,5282,1108,28821340,9174,9328,5448,4928,5188,5152,0,5164,0,0,0,2017-04-20,33015000,5210,3,0,0,0,0,0,0,0,0,5218,2,0,0,0,0,0,0,0,0
303,2017-04-20,09:10:17,0,SF705,XZCE,5218,5158,5282,1108,28821340,9174,9328,5448,4928,5188,5152,0,5164,0,0,0,2017-04-20,33017000,5212,1,0,0,0,0,0,0,0,0,5218,2,0,0,0,0,0,0,0,0
304,2017-04-20,09:10:18,0,SF705,XZCE,5218,5158,5282,1108,28821340,9174,9328,5448,4928,5188,5152,0,5164,0,0,0,2017-04-20,33018000,5216,18,0,0,0,0,0,0,0,0,5218,2,0,0,0,0,0,0,0,0
305,2017-04-20,09:10:21,0,SF705,XZCE,5218,5158,5282,1110,28873520,9174,9328,5448,4928,5188,5152,0,5164,0,0,0,2017-04-20,33021000,5216,18,0,0,0,0,0,0,0,0,5220,3,0,0,0,0,0,0,0,0
306,2017-04-20,09:10:22,0,SF705,XZCE,5218,5158,5282,1110,28873520,9174,9328,5448,4928,5188,5152,0,5164,0,0,0,2017-04-20,33022000,5216,18,0,0,0,0,0,0,0,0,5218,1,0,0,0,0,0,0,0,0
307,2017-04-20,09:10:23,0,SF705,XZCE,5218,5158,5282,1110,28873520,9174,9328,5448,4928,5188,5152,0,5164,0,0,0,2017-04-20,33023000,5216,19,0,0,0,0,0,0,0,0,5218,1,0,0,0,0,0,0,0,0
308,2017-04-20,09:10:24,0,SF705,XZCE,5218,5158,5282,1112,28925700,9176,9328,5448,4928,5188,5152,0,5164,0,0,0,2017-04-20,33024000,5216,19,0,0,0,0,0,0,0,0,5220,3,0,0,0,0,0,0,0,0
309,2017-04-20,09:10:25,0,SF705,XZCE,5218,5158,5282,1112,28925700,9176,9328,5448,4928,5188,5152,0,5164,0,0,0,2017-04-20,33025000,5218,2,0,0,0,0,0,0,0,0,5220,3,0,0,0,0,0,0,0,0
310,2017-04-20,09:10:25,0,SF705,XZCE,5220,5158,5282,1118,29082300,9176,9328,5448,4928,5188,5152,0,5164,0,0,0,2017-04-20,33025000,5222,1,0,0,0,0,0,0,0,0,5238,1,0,0,0,0,0,0,0,0
311,2017-04-20,09:10:26,0,SF705,XZCE,5220,5158,5282,1118,29082300,9176,9328,5448,4928,5188,5152,0,5164,0,0,0,2017-04-20,33026000,5226,1,0,0,0,0,0,0,0,0,5238,1,0,0,0,0,0,0,0,0
312,2017-04-20,09:10:28,0,SF705,XZCE,5220,5158,5282,1118,29082300,9176,9328,5448,4928,5188,5152,0,5164,0,0,0,2017-04-20,33028000,5226,1,0,0,0,0,0,0,0,0,5238,3,0,0,0,0,0,0,0,0
313,2017-04-20,09:10:29,0,SF705,XZCE,5220,5158,5282,1118,29082300,9176,9328,5448,4928,5188,5152,0,5164,0,0,0,2017-04-20,33029000,5226,1,0,0,0,0,0,0,0,0,5236,1,0,0,0,0,0,0,0,0
314,2017-04-20,09:10:31,0,SF705,XZCE,5236,5158,5282,1120,29134660,9178,9328,5448,4928,5188,5152,0,5164,0,0,0,2017-04-20,33031000,5226,2,0,0,0,0,0,0,0,0,5236,2,0,0,0,0,0,0,0,0
315,2017-04-20,09:10:31,0,SF705,XZCE,5236,5158,5282,1120,29134660,9178,9328,5448,4928,5188,5152,0,5164,0,0,0,2017-04-20,33031000,5226,2,0,0,0,0,0,0,0,0,5236,3,0,0,0,0,0,0,0,0
316,2017-04-20,09:10:32,0,SF705,XZCE,5236,5158,5282,1120,29134660,9178,9328,5448,4928,5188,5152,0,5164,0,0,0,2017-04-20,33032000,5228,1,0,0,0,0,0,0,0,0,5236,3,0,0,0,0,0,0,0,0
317,2017-04-20,09:10:32,0,SF705,XZCE,5236,5158,5282,1126,29291740,9180,9328,5448,4928,5188,5152,0,5164,0,0,0,2017-04-20,33032000,5228,1,0,0,0,0,0,0,0,0,5238,1,0,0,0,0,0,0,0,0
318,2017-04-20,09:10:35,0,SF705,XZCE,5228,5158,5282,1128,29344020,9178,9328,5448,4928,5188,5152,0,5164,0,0,0,2017-04-20,33035000,5224,4,0,0,0,0,0,0,0,0,5228,115,0,0,0,0,0,0,0,0
319,2017-04-20,09:10:40,0,SF705,XZCE,5228,5158,5282,1136,29553140,9178,9328,5448,4928,5188,5152,0,5164,0,0,0,2017-04-20,33040000,5224,4,0,0,0,0,0,0,0,0,5228,111,0,0,0,0,0,0,0,0
320,2017-04-20,09:10:40,0,SF705,XZCE,5228,5158,5282,1136,29553140,9178,9328,5448,4928,5188,5152,0,5164,0,0,0,2017-04-20,33040000,5224,5,0,0,0,0,0,0,0,0,5228,111,0,0,0,0,0,0,0,0
321,2017-04-20,09:10:40,0,SF705,XZCE,5224,5158,5282,1140,29657620,9178,9328,5448,4928,5188,5152,0,5164,0,0,0,2017-04-20,33040000,5224,3,0,0,0,0,0,0,0,0,5228,111,0,0,0,0,0,0,0,0
322,2017-04-20,09:10:41,0,SF705,XZCE,5224,5158,5282,1140,29657620,9178,9328,5448,4928,5188,5152,0,5164,0,0,0,2017-04-20,33041000,5230,2,0,0,0,0,0,0,0,0,5236,14,0,0,0,0,0,0,0,0
323,2017-04-20,09:10:42,0,SF705,XZCE,5224,5158,5282,1140,29657620,9178,9328,5448,4928,5188,5152,0,5164,0,0,0,2017-04-20,33042000,5224,3,0,0,0,0,0,0,0,0,5236,14,0,0,0,0,0,0,0,0
324,2017-04-20,09:10:43,0,SF705,XZCE,5224,5158,5282,1140,29657620,9178,9328,5448,4928,5188,5152,0,5164,0,0,0,2017-04-20,33043000,5228,1,0,0,0,0,0,0,0,0,5234,1,0,0,0,0,0,0,0,0
325,2017-04-20,09:10:44,0,SF705,XZCE,5224,5158,5282,1140,29657620,9178,9328,5448,4928,5188,5152,0,5164,0,0,0,2017-04-20,33044000,5228,1,0,0,0,0,0,0,0,0,5232,2,0,0,0,0,0,0,0,0
326,2017-04-20,09:10:47,0,SF705,XZCE,5228,5158,5282,1142,29709900,9180,9328,5448,4928,5188,5152,0,5164,0,0,0,2017-04-20,33047000,5226,1,0,0,0,0,0,0,0,0,5228,1,0,0,0,0,0,0,0,0
327,2017-04-20,09:10:48,0,SF705,XZCE,5228,5158,5282,1144,29762180,9182,9328,5448,4928,5188,5152,0,5164,0,0,0,2017-04-20,33048000,5228,11,0,0,0,0,0,0,0,0,5230,3,0,0,0,0,0,0,0,0
328,2017-04-20,09:10:48,0,SF705,XZCE,5228,5158,5282,1144,29762180,9182,9328,5448,4928,5188,5152,0,5164,0,0,0,2017-04-20,33048000,5228,16,0,0,0,0,0,0,0,0,5230,3,0,0,0,0,0,0,0,0
329,2017-04-20,09:10:52,0,SF705,XZCE,5230,5158,5282,1148,29866780,9186,9328,5448,4928,5188,5152,0,5164,0,0,0,2017-04-20,33052000,5228,16,0,0,0,0,0,0,0,0,5230,1,0,0,0,0,0,0,0,0
330,2017-04-20,09:10:53,0,SF705,XZCE,5230,5158,5282,1150,29919080,9186,9328,5448,4928,5188,5152,0,5164,0,0,0,2017-04-20,33053000,5228,16,0,0,0,0,0,0,0,0,5232,2,0,0,0,0,0,0,0,0
331,2017-04-20,09:10:55,0,SF705,XZCE,5230,5158,5282,1150,29919080,9186,9328,5448,4928,5188,5152,0,5164,0,0,0,2017-04-20,33055000,5228,16,0,0,0,0,0,0,0,0,5230,2,0,0,0,0,0,0,0,0
332,2017-04-20,09:10:56,0,SF705,XZCE,5232,5158,5282,1158,30128360,9186,9328,5448,4928,5188,5152,0,5164,0,0,0,2017-04-20,33056000,5232,2,0,0,0,0,0,0,0,0,5234,1,0,0,0,0,0,0,0,0
333,2017-04-20,09:10:58,0,SF705,XZCE,5234,5158,5282,1160,30180700,9188,9328,5448,4928,5188,5152,0,5164,0,0,0,2017-04-20,33058000,5232,2,0,0,0,0,0,0,0,0,5236,14,0,0,0,0,0,0,0,0
334,2017-04-20,09:10:59,0,SF705,XZCE,5234,5158,5282,1160,30180700,9188,9328,5448,4928,5188,5152,0,5164,0,0,0,2017-04-20,33059000,5232,3,0,0,0,0,0,0,0,0,5236,14,0,0,0,0,0,0,0,0
335,2017-04-20,09:10:59,0,SF705,XZCE,5234,5158,5282,1160,30180700,9188,9328,5448,4928,5188,5152,0,5164,0,0,0,2017-04-20,33059000,5232,4,0,0,0,0,0,0,0,0,5236,14,0,0,0,0,0,0,0,0
336,2017-04-20,09:11:01,0,SF705,XZCE,5232,5158,5282,1164,30285340,9192,9328,5448,4928,5188,5152,0,5164,0,0,0,2017-04-20,33061000,5232,2,0,0,0,0,0,0,0,0,5236,14,0,0,0,0,0,0,0,0
337,2017-04-20,09:11:01,0,SF705,XZCE,5236,5158,5282,1184,30808940,9192,9328,5448,4928,5188,5152,0,5164,0,0,0,2017-04-20,33061000,5232,2,0,0,0,0,0,0,0,0,5236,4,0,0,0,0,0,0,0,0
338,2017-04-20,09:11:04,0,SF705,XZCE,5236,5158,5282,1184,30808940,9192,9328,5448,4928,5188,5152,0,5164,0,0,0,2017-04-20,33064000,5232,4,0,0,0,0,0,0,0,0,5236,4,0,0,0,0,0,0,0,0
339,2017-04-20,09:11:04,0,SF705,XZCE,5232,5158,5282,1192,31018220,9190,9328,5448,4928,5188,5152,0,5164,0,0,0,2017-04-20,33064000,5228,16,0,0,0,0,0,0,0,0,5232,6,0,0,0,0,0,0,0,0
340,2017-04-20,09:11:04,0,SF705,XZCE,5232,5158,5282,1204,31332140,9188,9328,5448,4928,5188,5152,0,5164,0,0,0,2017-04-20,33064000,5230,1,0,0,0,0,0,0,0,0,5236,4,0,0,0,0,0,0,0,0
341,2017-04-20,09:11:07,0,SF705,XZCE,5236,5158,5282,1212,31541580,9182,9328,5448,4928,5188,5152,0,5164,0,0,0,2017-04-20,33067000,5230,1,0,0,0,0,0,0,0,0,5238,1,0,0,0,0,0,0,0,0
342,2017-04-20,09:11:08,0,SF705,XZCE,5234,5158,5282,1214,31593920,9180,9328,5448,4928,5188,5152,0,5164,0,0,0,2017-04-20,33068000,5230,1,0,0,0,0,0,0,0,0,5238,1,0,0,0,0,0,0,0,0
343,2017-04-20,09:11:08,0,SF705,XZCE,5234,5158,5282,1214,31593920,9180,9328,5448,4928,5188,5152,0,5164,0,0,0,2017-04-20,33068000,5236,3,0,0,0,0,0,0,0,0,5238,1,0,0,0,0,0,0,0,0
344,2017-04-20,09:11:10,0,SF705,XZCE,5236,5158,5282,1222,31803360,9182,9328,5448,4928,5188,5152,0,5164,0,0,0,2017-04-20,33070000,5228,11,0,0,0,0,0,0,0,0,5230,7,0,0,0,0,0,0,0,0
345,2017-04-20,09:11:11,0,SF705,XZCE,5238,5158,5282,1238,32222400,9168,9328,5448,4928,5188,5152,0,5164,0,0,0,2017-04-20,33071000,5228,11,0,0,0,0,0,0,0,0,5242,2,0,0,0,0,0,0,0,0
346,2017-04-20,09:11:12,0,SF705,XZCE,5238,5158,5282,1238,32222400,9168,9328,5448,4928,5188,5152,0,5164,0,0,0,2017-04-20,33072000,5238,1,0,0,0,0,0,0,0,0,5242,2,0,0,0,0,0,0,0,0
347,2017-04-20,09:11:12,0,SF705,XZCE,5238,5158,5282,1238,32222400,9168,9328,5448,4928,5188,5152,0,5164,0,0,0,2017-04-20,33072000,5238,2,0,0,0,0,0,0,0,0,5242,2,0,0,0,0,0,0,0,0
348,2017-04-20,09:11:14,0,SF705,XZCE,5248,5158,5282,1260,32799680,9176,9328,5448,4928,5188,5152,0,5164,0,0,0,2017-04-20,33074000,5250,5,0,0,0,0,0,0,0,0,5262,5,0,0,0,0,0,0,0,0
349,2017-04-20,09:11:16,0,SF705,XZCE,5240,5158,5282,1280,33323680,9166,9328,5448,4928,5188,5152,0,5164,0,0,0,2017-04-20,33076000,5240,2,0,0,0,0,0,0,0,0,5262,6,0,0,0,0,0,0,0,0
350,2017-04-20,09:11:16,0,SF705,XZCE,5240,5158,5282,1280,33323680,9166,9328,5448,4928,5188,5152,0,5164,0,0,0,2017-04-20,33076000,5240,2,0,0,0,0,0,0,0,0,5256,1,0,0,0,0,0,0,0,0
351,2017-04-20,09:11:16,0,SF705,XZCE,5240,5158,5282,1280,33323680,9166,9328,5448,4928,5188,5152,0,5164,0,0,0,2017-04-20,33076000,5240,2,0,0,0,0,0,0,0,0,5252,1,0,0,0,0,0,0,0,0
352,2017-04-20,09:11:17,0,SF705,XZCE,5240,5158,5282,1280,33323680,9166,9328,5448,4928,5188,5152,0,5164,0,0,0,2017-04-20,33077000,5244,2,0,0,0,0,0,0,0,0,5260,2,0,0,0,0,0,0,0,0
353,2017-04-20,09:11:17,0,SF705,XZCE,5240,5158,5282,1280,33323680,9166,9328,5448,4928,5188,5152,0,5164,0,0,0,2017-04-20,33077000,5248,1,0,0,0,0,0,0,0,0,5260,2,0,0,0,0,0,0,0,0
354,2017-04-20,09:11:18,0,SF705,XZCE,5248,5158,5282,1284,33428640,9168,9328,5448,4928,5188,5152,0,5164,0,0,0,2017-04-20,33078000,5244,2,0,0,0,0,0,0,0,0,5250,1,0,0,0,0,0,0,0,0
355,2017-04-20,09:11:19,0,SF705,XZCE,5250,5158,5282,1286,33481140,9168,9328,5448,4928,5188,5152,0,5164,0,0,0,2017-04-20,33079000,5244,2,0,0,0,0,0,0,0,0,5260,2,0,0,0,0,0,0,0,0
356,2017-04-20,09:11:19,0,SF705,XZCE,5250,5158,5282,1286,33481140,9168,9328,5448,4928,5188,5152,0,5164,0,0,0,2017-04-20,33079000,5248,1,0,0,0,0,0,0,0,0,5260,2,0,0,0,0,0,0,0,0
357,2017-04-20,09:11:20,0,SF705,XZCE,5250,5158,5282,1286,33481140,9168,9328,5448,4928,5188,5152,0,5164,0,0,0,2017-04-20,33080000,5248,1,0,0,0,0,0,0,0,0,5250,2,0,0,0,0,0,0,0,0
358,2017-04-20,09:11:20,0,SF705,XZCE,5250,5158,5282,1286,33481140,9168,9328,5448,4928,5188,5152,0,5164,0,0,0,2017-04-20,33080000,5244,2,0,0,0,0,0,0,0,0,5248,1,0,0,0,0,0,0,0,0
359,2017-04-20,09:11:21,0,SF705,XZCE,5250,5158,5282,1286,33481140,9168,9328,5448,4928,5188,5152,0,5164,0,0,0,2017-04-20,33081000,5244,2,0,0,0,0,0,0,0,0,5250,2,0,0,0,0,0,0,0,0
360,2017-04-20,09:11:21,0,SF705,XZCE,5244,5158,5282,1290,33586020,9168,9328,5448,4928,5188,5152,0,5164,0,0,0,2017-04-20,33081000,5240,2,0,0,0,0,0,0,0,0,5244,8,0,0,0,0,0,0,0,0
361,2017-04-20,09:11:23,0,SF705,XZCE,5240,5158,5282,1294,33690820,9168,9328,5448,4928,5188,5152,0,5164,0,0,0,2017-04-20,33083000,5238,2,0,0,0,0,0,0,0,0,5244,8,0,0,0,0,0,0,0,0
362,2017-04-20,09:11:24,0,SF705,XZCE,5244,5158,5282,1298,33795700,9168,9328,5448,4928,5188,5152,0,5164,0,0,0,2017-04-20,33084000,5238,2,0,0,0,0,0,0,0,0,5244,6,0,0,0,0,0,0,0,0
363,2017-04-20,09:11:24,0,SF705,XZCE,5244,5158,5282,1298,33795700,9168,9328,5448,4928,5188,5152,0,5164,0,0,0,2017-04-20,33084000,5238,2,0,0,0,0,0,0,0,0,5240,1,0,0,0,0,0,0,0,0
364,2017-04-20,09:11:26,0,SF705,XZCE,5244,5158,5282,1300,33848140,9170,9328,5448,4928,5188,5152,0,5164,0,0,0,2017-04-20,33086000,5238,2,0,0,0,0,0,0,0,0,5244,16,0,0,0,0,0,0,0,0
365,2017-04-20,09:11:29,0,SF705,XZCE,5236,5158,5282,1308,34057580,9170,9328,5448,4928,5188,5152,0,5164,0,0,0,2017-04-20,33089000,5230,2,0,0,0,0,0,0,0,0,5238,8,0,0,0,0,0,0,0,0
366,2017-04-20,09:11:33,0,SF705,XZCE,5228,5158,5282,1314,34214420,9166,9328,5448,4928,5188,5152,0,5164,0,0,0,2017-04-20,33093000,5228,10,0,0,0,0,0,0,0,0,5230,8,0,0,0,0,0,0,0,0
367,2017-04-20,09:11:33,0,SF705,XZCE,5230,5158,5282,1316,34266720,9164,9328,5448,4928,5188,5152,0,5164,0,0,0,2017-04-20,33093000,5228,10,0,0,0,0,0,0,0,0,5230,7,0,0,0,0,0,0,0,0
368,2017-04-20,09:11:34,0,SF705,XZCE,5230,5158,5282,1318,34319020,9164,9328,5448,4928,5188,5152,0,5164,0,0,0,2017-04-20,33094000,5228,10,0,0,0,0,0,0,0,0,5230,6,0,0,0,0,0,0,0,0
369,2017-04-20,09:11:37,0,SF705,XZCE,5228,5158,5282,1320,34371300,9164,9328,5448,4928,5188,5152,0,5164,0,0,0,2017-04-20,33097000,5228,9,0,0,0,0,0,0,0,0,5230,6,0,0,0,0,0,0,0,0
370,2017-04-20,09:11:39,0,SF705,XZCE,5228,5158,5282,1338,34841820,9164,9328,5448,4928,5188,5152,0,5164,0,0,0,2017-04-20,33099000,5222,2,0,0,0,0,0,0,0,0,5228,1,0,0,0,0,0,0,0,0
371,2017-04-20,09:11:43,0,SF705,XZCE,5228,5158,5282,1340,34894100,9164,9328,5448,4928,5188,5152,0,5164,0,0,0,2017-04-20,33103000,5222,2,0,0,0,0,0,0,0,0,5230,6,0,0,0,0,0,0,0,0
372,2017-04-20,09:11:44,0,SF705,XZCE,5228,5158,5282,1340,34894100,9164,9328,5448,4928,5188,5152,0,5164,0,0,0,2017-04-20,33104000,5222,2,0,0,0,0,0,0,0,0,5228,1,0,0,0,0,0,0,0,0
373,2017-04-20,09:11:50,0,SF705,XZCE,5228,5158,5282,1340,34894100,9164,9328,5448,4928,5188,5152,0,5164,0,0,0,2017-04-20,33110000,5222,2,0,0,0,0,0,0,0,0,5228,11,0,0,0,0,0,0,0,0
374,2017-04-20,09:11:51,0,SF705,XZCE,5222,5158,5282,1346,35050760,9164,9328,5448,4928,5188,5152,0,5164,0,0,0,2017-04-20,33111000,5216,18,0,0,0,0,0,0,0,0,5224,10,0,0,0,0,0,0,0,0
375,2017-04-20,09:11:51,0,SF705,XZCE,5216,5158,5282,1352,35207240,9170,9328,5448,4928,5188,5152,0,5164,0,0,0,2017-04-20,33111000,5216,15,0,0,0,0,0,0,0,0,5224,10,0,0,0,0,0,0,0,0
376,2017-04-20,09:11:53,0,SF705,XZCE,5216,5158,5282,1352,35207240,9170,9328,5448,4928,5188,5152,0,5164,0,0,0,2017-04-20,33113000,5216,15,0,0,0,0,0,0,0,0,5228,21,0,0,0,0,0,0,0,0
377,2017-04-20,09:11:55,0,SF705,XZCE,5216,5158,5282,1352,35207240,9170,9328,5448,4928,5188,5152,0,5164,0,0,0,2017-04-20,33115000,5216,15,0,0,0,0,0,0,0,0,5222,10,0,0,0,0,0,0,0,0
378,2017-04-20,09:11:56,0,SF705,XZCE,5216,5158,5282,1354,35259400,9168,9328,5448,4928,5188,5152,0,5164,0,0,0,2017-04-20,33116000,5218,1,0,0,0,0,0,0,0,0,5222,10,0,0,0,0,0,0,0,0
379,2017-04-20,09:11:56,0,SF705,XZCE,5218,5158,5282,1356,35311580,9168,9328,5448,4928,5188,5152,0,5164,0,0,0,2017-04-20,33116000,5216,15,0,0,0,0,0,0,0,0,5222,10,0,0,0,0,0,0,0,0
380,2017-04-20,09:11:57,0,SF705,XZCE,5222,5158,5282,1360,35416020,9164,9328,5448,4928,5188,5152,0,5164,0,0,0,2017-04-20,33117000,5216,15,0,0,0,0,0,0,0,0,5222,8,0,0,0,0,0,0,0,0
381,2017-04-20,09:11:57,0,SF705,XZCE,5222,5158,5282,1376,35833780,9148,9328,5448,4928,5188,5152,0,5164,0,0,0,2017-04-20,33117000,5222,2,0,0,0,0,0,0,0,0,5228,21,0,0,0,0,0,0,0,0
382,2017-04-20,09:12:04,0,SF705,XZCE,5222,5158,5282,1376,35833780,9148,9328,5448,4928,5188,5152,0,5164,0,0,0,2017-04-20,33124000,5222,5,0,0,0,0,0,0,0,0,5228,21,0,0,0,0,0,0,0,0
383,2017-04-20,09:12:09,0,SF705,XZCE,5222,5158,5282,1376,35833780,9148,9328,5448,4928,5188,5152,0,5164,0,0,0,2017-04-20,33129000,5222,5,0,0,0,0,0,0,0,0,5228,11,0,0,0,0,0,0,0,0
384,2017-04-20,09:12:10,0,SF705,XZCE,5222,5158,5282,1376,35833780,9148,9328,5448,4928,5188,5152,0,5164,0,0,0,2017-04-20,33130000,5224,4,0,0,0,0,0,0,0,0,5228,11,0,0,0,0,0,0,0,0
385,2017-04-20,09:12:12,0,SF705,XZCE,5228,5158,5282,1394,36304300,9150,9328,5448,4928,5188,5152,0,5164,0,0,0,2017-04-20,33132000,5224,4,0,0,0,0,0,0,0,0,5228,2,0,0,0,0,0,0,0,0
386,2017-04-20,09:12:13,0,SF705,XZCE,5224,5158,5282,1396,36356540,9150,9328,5448,4928,5188,5152,0,5164,0,0,0,2017-04-20,33133000,5224,3,0,0,0,0,0,0,0,0,5230,6,0,0,0,0,0,0,0,0
387,2017-04-20,09:12:13,0,SF705,XZCE,5224,5158,5282,1396,36356540,9150,9328,5448,4928,5188,5152,0,5164,0,0,0,2017-04-20,33133000,5228,1,0,0,0,0,0,0,0,0,5230,6,0,0,0,0,0,0,0,0
388,2017-04-20,09:12:14,0,SF705,XZCE,5224,5158,5282,1398,36408780,9150,9328,5448,4928,5188,5152,0,5164,0,0,0,2017-04-20,33134000,5224,3,0,0,0,0,0,0,0,0,5230,6,0,0,0,0,0,0,0,0
389,2017-04-20,09:12:17,0,SF705,XZCE,5224,5158,5282,1398,36408780,9150,9328,5448,4928,5188,5152,0,5164,0,0,0,2017-04-20,33137000,5224,3,0,0,0,0,0,0,0,0,5236,10,0,0,0,0,0,0,0,0
390,2017-04-20,09:12:20,0,SF705,XZCE,5236,5158,5282,1402,36513500,9150,9328,5448,4928,5188,5152,0,5164,0,0,0,2017-04-20,33140000,5224,3,0,0,0,0,0,0,0,0,5236,8,0,0,0,0,0,0,0,0
391,2017-04-20,09:12:21,0,SF705,XZCE,5236,5158,5282,1404,36565860,9150,9328,5448,4928,5188,5152,0,5164,0,0,0,2017-04-20,33141000,5224,3,0,0,0,0,0,0,0,0,5236,7,0,0,0,0,0,0,0,0
392,2017-04-20,09:12:22,0,SF705,XZCE,5236,5158,5282,1404,36565860,9150,9328,5448,4928,5188,5152,0,5164,0,0,0,2017-04-20,33142000,5224,3,0,0,0,0,0,0,0,0,5234,1,0,0,0,0,0,0,0,0
393,2017-04-20,09:12:23,0,SF705,XZCE,5236,5158,5282,1404,36565860,9150,9328,5448,4928,5188,5152,0,5164,0,0,0,2017-04-20,33143000,5224,4,0,0,0,0,0,0,0,0,5234,1,0,0,0,0,0,0,0,0
394,2017-04-20,09:12:25,0,SF705,XZCE,5236,5158,5282,1404,36565860,9150,9328,5448,4928,5188,5152,0,5164,0,0,0,2017-04-20,33145000,5226,1,0,0,0,0,0,0,0,0,5234,1,0,0,0,0,0,0,0,0
395,2017-04-20,09:12:26,0,SF705,XZCE,5234,5158,5282,1406,36618200,9152,9328,5448,4928,5188,5152,0,5164,0,0,0,2017-04-20,33146000,5226,1,0,0,0,0,0,0,0,0,5236,8,0,0,0,0,0,0,0,0
396,2017-04-20,09:12:29,0,SF705,XZCE,5234,5158,5282,1406,36618200,9152,9328,5448,4928,5188,5152,0,5164,0,0,0,2017-04-20,33149000,5226,1,0,0,0,0,0,0,0,0,5236,9,0,0,0,0,0,0,0,0
397,2017-04-20,09:12:31,0,SF705,XZCE,5234,5158,5282,1406,36618200,9152,9328,5448,4928,5188,5152,0,5164,0,0,0,2017-04-20,33151000,5226,1,0,0,0,0,0,0,0,0,5228,1,0,0,0,0,0,0,0,0
398,2017-04-20,09:12:31,0,SF705,XZCE,5228,5158,5282,1408,36670480,9150,9328,5448,4928,5188,5152,0,5164,0,0,0,2017-04-20,33151000,5226,1,0,0,0,0,0,0,0,0,5236,9,0,0,0,0,0,0,0,0
399,2017-04-20,09:12:32,0,SF705,XZCE,5228,5158,5282,1408,36670480,9150,9328,5448,4928,5188,5152,0,5164,0,0,0,2017-04-20,33152000,5224,1,0,0,0,0,0,0,0,0,5236,9,0,0,0,0,0,0,0,0
400,2017-04-20,09:12:32,0,SF705,XZCE,5228,5158,5282,1408,36670480,9150,9328,5448,4928,5188,5152,0,5164,0,0,0,2017-04-20,33152000,5224,1,0,0,0,0,0,0,0,0,5230,2,0,0,0,0,0,0,0,0
401,2017-04-20,09:12:33,0,SF705,XZCE,5224,5158,5282,1410,36722720,9150,9328,5448,4928,5188,5152,0,5164,0,0,0,2017-04-20,33153000,5222,1,0,0,0,0,0,0,0,0,5224,3,0,0,0,0,0,0,0,0
402,2017-04-20,09:12:33,0,SF705,XZCE,5222,5158,5282,1412,36774940,9150,9328,5448,4928,5188,5152,0,5164,0,0,0,2017-04-20,33153000,5216,1,0,0,0,0,0,0,0,0,5224,2,0,0,0,0,0,0,0,0
403,2017-04-20,09:12:34,0,SF705,XZCE,5222,5158,5282,1412,36774940,9150,9328,5448,4928,5188,5152,0,5164,0,0,0,2017-04-20,33154000,5216,2,0,0,0,0,0,0,0,0,5226,10,0,0,0,0,0,0,0,0
404,2017-04-20,09:12:36,0,SF705,XZCE,5226,5158,5282,1414,36827200,9150,9328,5448,4928,5188,5152,0,5164,0,0,0,2017-04-20,33156000,5216,2,0,0,0,0,0,0,0,0,5226,9,0,0,0,0,0,0,0,0
405,2017-04-20,09:12:37,0,SF705,XZCE,5216,5158,5282,1418,36931520,9150,9328,5448,4928,5188,5152,0,5164,0,0,0,2017-04-20,33157000,5214,3,0,0,0,0,0,0,0,0,5216,9,0,0,0,0,0,0,0,0
406,2017-04-20,09:12:39,0,SF705,XZCE,5216,5158,5282,1420,36983680,9150,9328,5448,4928,5188,5152,0,5164,0,0,0,2017-04-20,33159000,5214,3,0,0,0,0,0,0,0,0,5216,8,0,0,0,0,0,0,0,0
407,2017-04-20,09:12:39,0,SF705,XZCE,5214,5158,5282,1426,37140100,9152,9328,5448,4928,5188,5152,0,5164,0,0,0,2017-04-20,33159000,5212,11,0,0,0,0,0,0,0,0,5216,18,0,0,0,0,0,0,0,0
408,2017-04-20,09:12:40,0,SF705,XZCE,5214,5158,5282,1426,37140100,9152,9328,5448,4928,5188,5152,0,5164,0,0,0,2017-04-20,33160000,5212,11,0,0,0,0,0,0,0,0,5214,1,0,0,0,0,0,0,0,0
409,2017-04-20,09:12:40,0,SF705,XZCE,5216,5158,5282,1432,37296580,9152,9328,5448,4928,5188,5152,0,5164,0,0,0,2017-04-20,33160000,5212,11,0,0,0,0,0,0,0,0,5216,16,0,0,0,0,0,0,0,0
410,2017-04-20,09:12:43,0,SF705,XZCE,5210,5158,5282,1460,38025980,9128,9328,5448,4928,5188,5152,0,5164,0,0,0,2017-04-20,33163000,5208,1,0,0,0,0,0,0,0,0,5210,2,0,0,0,0,0,0,0,0
411,2017-04-20,09:12:44,0,SF705,XZCE,5208,5158,5282,1464,38130140,9128,9328,5448,4928,5188,5152,0,5164,0,0,0,2017-04-20,33164000,5208,2,0,0,0,0,0,0,0,0,5214,1,0,0,0,0,0,0,0,0
412,2017-04-20,09:12:44,0,SF705,XZCE,5208,5158,5282,1470,38286380,9128,9328,5448,4928,5188,5152,0,5164,0,0,0,2017-04-20,33164000,5206,1,0,0,0,0,0,0,0,0,5208,1,0,0,0,0,0,0,0,0
413,2017-04-20,09:12:45,0,SF705,XZCE,5208,5158,5282,1474,38390540,9128,9328,5448,4928,5188,5152,0,5164,0,0,0,2017-04-20,33165000,5206,1,0,0,0,0,0,0,0,0,5214,1,0,0,0,0,0,0,0,0
414,2017-04-20,09:12:46,0,SF705,XZCE,5208,5158,5282,1474,38390540,9128,9328,5448,4928,5188,5152,0,5164,0,0,0,2017-04-20,33166000,5206,2,0,0,0,0,0,0,0,0,5214,1,0,0,0,0,0,0,0,0
415,2017-04-20,09:12:49,0,SF705,XZCE,5208,5158,5282,1474,38390540,9128,9328,5448,4928,5188,5152,0,5164,0,0,0,2017-04-20,33169000,5208,1,0,0,0,0,0,0,0,0,5214,1,0,0,0,0,0,0,0,0
416,2017-04-20,09:12:58,0,SF705,XZCE,5214,5158,5282,1476,38442680,9126,9328,5448,4928,5188,5152,0,5164,0,0,0,2017-04-20,33178000,5212,3,0,0,0,0,0,0,0,0,5216,1,0,0,0,0,0,0,0,0
417,2017-04-20,09:12:58,0,SF705,XZCE,5214,5158,5282,1476,38442680,9126,9328,5448,4928,5188,5152,0,5164,0,0,0,2017-04-20,33178000,5212,3,0,0,0,0,0,0,0,0,5216,2,0,0,0,0,0,0,0,0
418,2017-04-20,09:12:59,0,SF705,XZCE,5214,5158,5282,1476,38442680,9126,9328,5448,4928,5188,5152,0,5164,0,0,0,2017-04-20,33179000,5208,1,0,0,0,0,0,0,0,0,5216,2,0,0,0,0,0,0,0,0
419,2017-04-20,09:12:59,0,SF705,XZCE,5214,5158,5282,1476,38442680,9126,9328,5448,4928,5188,5152,0,5164,0,0,0,2017-04-20,33179000,5208,2,0,0,0,0,0,0,0,0,5216,2,0,0,0,0,0,0,0,0
420,2017-04-20,09:13:00,0,SF705,XZCE,5214,5158,5282,1476,38442680,9126,9328,5448,4928,5188,5152,0,5164,0,0,0,2017-04-20,33180000,5214,1,0,0,0,0,0,0,0,0,5216,2,0,0,0,0,0,0,0,0
421,2017-04-20,09:13:03,0,SF705,XZCE,5216,5158,5282,1480,38547000,9124,9328,5448,4928,5188,5152,0,5164,0,0,0,2017-04-20,33183000,5214,1,0,0,0,0,0,0,0,0,5228,1,0,0,0,0,0,0,0,0
422,2017-04-20,09:13:03,0,SF705,XZCE,5214,5158,5282,1482,38599140,9122,9328,5448,4928,5188,5152,0,5164,0,0,0,2017-04-20,33183000,5208,5,0,0,0,0,0,0,0,0,5228,1,0,0,0,0,0,0,0,0
423,2017-04-20,09:13:04,0,SF705,XZCE,5214,5158,5282,1484,38651280,9120,9328,5448,4928,5188,5152,0,5164,0,0,0,2017-04-20,33184000,5208,5,0,0,0,0,0,0,0,0,5228,1,0,0,0,0,0,0,0,0
424,2017-04-20,09:13:06,0,SF705,XZCE,5214,5158,5282,1484,38651280,9120,9328,5448,4928,5188,5152,0,5164,0,0,0,2017-04-20,33186000,5210,1,0,0,0,0,0,0,0,0,5226,1,0,0,0,0,0,0,0,0
425,2017-04-20,09:13:07,0,SF705,XZCE,5208,5158,5282,1504,39172080,9110,9328,5448,4928,5188,5152,0,5164,0,0,0,2017-04-20,33187000,5206,11,0,0,0,0,0,0,0,0,5226,1,0,0,0,0,0,0,0,0
426,2017-04-20,09:13:08,0,SF705,XZCE,5208,5158,5282,1504,39172080,9110,9328,5448,4928,5188,5152,0,5164,0,0,0,2017-04-20,33188000,5210,2,0,0,0,0,0,0,0,0,5226,1,0,0,0,0,0,0,0,0
427,2017-04-20,09:13:08,0,SF705,XZCE,5208,5158,5282,1504,39172080,9110,9328,5448,4928,5188,5152,0,5164,0,0,0,2017-04-20,33188000,5210,2,0,0,0,0,0,0,0,0,5224,1,0,0,0,0,0,0,0,0
428,2017-04-20,09:13:10,0,SF705,XZCE,5208,5158,5282,1504,39172080,9110,9328,5448,4928,5188,5152,0,5164,0,0,0,2017-04-20,33190000,5210,2,0,0,0,0,0,0,0,0,5222,1,0,0,0,0,0,0,0,0
429,2017-04-20,09:13:11,0,SF705,XZCE,5208,5158,5282,1504,39172080,9110,9328,5448,4928,5188,5152,0,5164,0,0,0,2017-04-20,33191000,5216,1,0,0,0,0,0,0,0,0,5220,1,0,0,0,0,0,0,0,0
430,2017-04-20,09:13:12,0,SF705,XZCE,5208,5158,5282,1504,39172080,9110,9328,5448,4928,5188,5152,0,5164,0,0,0,2017-04-20,33192000,5216,3,0,0,0,0,0,0,0,0,5220,1,0,0,0,0,0,0,0,0
431,2017-04-20,09:13:12,0,SF705,XZCE,5210,5158,5282,1514,39432580,9108,9328,5448,4928,5188,5152,0,5164,0,0,0,2017-04-20,33192000,5206,11,0,0,0,0,0,0,0,0,5210,5,0,0,0,0,0,0,0,0
432,2017-04-20,09:13:13,0,SF705,XZCE,5210,5158,5282,1520,39588880,9108,9328,5448,4928,5188,5152,0,5164,0,0,0,2017-04-20,33193000,5206,11,0,0,0,0,0,0,0,0,5210,2,0,0,0,0,0,0,0,0
433,2017-04-20,09:13:14,0,SF705,XZCE,5210,5158,5282,1522,39640980,9108,9328,5448,4928,5188,5152,0,5164,0,0,0,2017-04-20,33194000,5206,11,0,0,0,0,0,0,0,0,5210,1,0,0,0,0,0,0,0,0
434,2017-04-20,09:13:15,0,SF705,XZCE,5210,5158,5282,1524,39693080,9108,9328,5448,4928,5188,5152,0,5164,0,0,0,2017-04-20,33195000,5206,11,0,0,0,0,0,0,0,0,5220,2,0,0,0,0,0,0,0,0
435,2017-04-20,09:13:16,0,SF705,XZCE,5210,5158,5282,1524,39693080,9108,9328,5448,4928,5188,5152,0,5164,0,0,0,2017-04-20,33196000,5210,3,0,0,0,0,0,0,0,0,5220,2,0,0,0,0,0,0,0,0
436,2017-04-20,09:13:16,0,SF705,XZCE,5220,5158,5282,1528,39797480,9108,9328,5448,4928,5188,5152,0,5164,0,0,0,2017-04-20,33196000,5210,3,0,0,0,0,0,0,0,0,5218,2,0,0,0,0,0,0,0,0
437,2017-04-20,09:13:20,0,SF705,XZCE,5218,5158,5282,1532,39901840,9108,9328,5448,4928,5188,5152,0,5164,0,0,0,2017-04-20,33200000,5210,3,0,0,0,0,0,0,0,0,5220,1,0,0,0,0,0,0,0,0
438,2017-04-20,09:13:20,0,SF705,XZCE,5218,5158,5282,1532,39901840,9108,9328,5448,4928,5188,5152,0,5164,0,0,0,2017-04-20,33200000,5210,3,0,0,0,0,0,0,0,0,5220,2,0,0,0,0,0,0,0,0
439,2017-04-20,09:13:22,0,SF705,XZCE,5218,5158,5282,1532,39901840,9108,9328,5448,4928,5188,5152,0,5164,0,0,0,2017-04-20,33202000,5212,1,0,0,0,0,0,0,0,0,5220,2,0,0,0,0,0,0,0,0
440,2017-04-20,09:13:23,0,SF705,XZCE,5220,5158,5282,1534,39954040,9110,9328,5448,4928,5188,5152,0,5164,0,0,0,2017-04-20,33203000,5212,1,0,0,0,0,0,0,0,0,5220,1,0,0,0,0,0,0,0,0
441,2017-04-20,09:13:25,0,SF705,XZCE,5212,5158,5282,1536,40006160,9110,9328,5448,4928,5188,5152,0,5164,0,0,0,2017-04-20,33205000,5210,3,0,0,0,0,0,0,0,0,5220,1,0,0,0,0,0,0,0,0
442,2017-04-20,09:13:26,0,SF705,XZCE,5212,5158,5282,1536,40006160,9110,9328,5448,4928,5188,5152,0,5164,0,0,0,2017-04-20,33206000,5210,3,0,0,0,0,0,0,0,0,5218,1,0,0,0,0,0,0,0,0
443,2017-04-20,09:13:29,0,SF705,XZCE,5212,5158,5282,1536,40006160,9110,9328,5448,4928,5188,5152,0,5164,0,0,0,2017-04-20,33209000,5212,2,0,0,0,0,0,0,0,0,5218,1,0,0,0,0,0,0,0,0
444,2017-04-20,09:13:31,0,SF705,XZCE,5218,5158,5282,1538,40058340,9110,9328,5448,4928,5188,5152,0,5164,0,0,0,2017-04-20,33211000,5218,2,0,0,0,0,0,0,0,0,5220,1,0,0,0,0,0,0,0,0
445,2017-04-20,09:13:32,0,SF705,XZCE,5218,5158,5282,1538,40058340,9110,9328,5448,4928,5188,5152,0,5164,0,0,0,2017-04-20,33212000,5218,3,0,0,0,0,0,0,0,0,5220,1,0,0,0,0,0,0,0,0
446,2017-04-20,09:13:38,0,SF705,XZCE,5220,5158,5282,1540,40110540,9112,9328,5448,4928,5188,5152,0,5164,0,0,0,2017-04-20,33218000,5218,3,0,0,0,0,0,0,0,0,5226,1,0,0,0,0,0,0,0,0
447,2017-04-20,09:13:40,0,SF705,XZCE,5220,5158,5282,1540,40110540,9112,9328,5448,4928,5188,5152,0,5164,0,0,0,2017-04-20,33220000,5218,3,0,0,0,0,0,0,0,0,5228,1,0,0,0,0,0,0,0,0
448,2017-04-20,09:13:42,0,SF705,XZCE,5220,5158,5282,1540,40110540,9112,9328,5448,4928,5188,5152,0,5164,0,0,0,2017-04-20,33222000,5218,3,0,0,0,0,0,0,0,0,5228,2,0,0,0,0,0,0,0,0
449,2017-04-20,09:13:46,0,SF705,XZCE,5220,5158,5282,1540,40110540,9112,9328,5448,4928,5188,5152,0,5164,0,0,0,2017-04-20,33226000,5218,3,0,0,0,0,0,0,0,0,5228,3,0,0,0,0,0,0,0,0
450,2017-04-20,09:13:49,0,SF705,XZCE,5220,5158,5282,1540,40110540,9112,9328,5448,4928,5188,5152,0,5164,0,0,0,2017-04-20,33229000,5218,3,0,0,0,0,0,0,0,0,5226,1,0,0,0,0,0,0,0,0
451,2017-04-20,09:13:56,0,SF705,XZCE,5226,5158,5282,1542,40162800,9114,9328,5448,4928,5188,5152,0,5164,0,0,0,2017-04-20,33236000,5218,3,0,0,0,0,0,0,0,0,5228,2,0,0,0,0,0,0,0,0
452,2017-04-20,09:13:56,0,SF705,XZCE,5218,5158,5282,1544,40214980,9114,9328,5448,4928,5188,5152,0,5164,0,0,0,2017-04-20,33236000,5218,2,0,0,0,0,0,0,0,0,5228,2,0,0,0,0,0,0,0,0
453,2017-04-20,09:14:01,0,SF705,XZCE,5218,5158,5282,1544,40214980,9114,9328,5448,4928,5188,5152,0,5164,0,0,0,2017-04-20,33241000,5220,1,0,0,0,0,0,0,0,0,5228,2,0,0,0,0,0,0,0,0
454,2017-04-20,09:14:01,0,SF705,XZCE,5228,5158,5282,1546,40267260,9116,9328,5448,4928,5188,5152,0,5164,0,0,0,2017-04-20,33241000,5220,1,0,0,0,0,0,0,0,0,5228,1,0,0,0,0,0,0,0,0
455,2017-04-20,09:14:07,0,SF705,XZCE,5228,5158,5282,1548,40319540,9116,9328,5448,4928,5188,5152,0,5164,0,0,0,2017-04-20,33247000,5220,2,0,0,0,0,0,0,0,0,5228,1,0,0,0,0,0,0,0,0
456,2017-04-20,09:14:11,0,SF705,XZCE,5228,5158,5282,1550,40371820,9118,9328,5448,4928,5188,5152,0,5164,0,0,0,2017-04-20,33251000,5228,29,0,0,0,0,0,0,0,0,5232,2,0,0,0,0,0,0,0,0
457,2017-04-20,09:14:12,0,SF705,XZCE,5228,5158,5282,1550,40371820,9118,9328,5448,4928,5188,5152,0,5164,0,0,0,2017-04-20,33252000,5228,30,0,0,0,0,0,0,0,0,5232,2,0,0,0,0,0,0,0,0
458,2017-04-20,09:14:18,0,SF705,XZCE,5228,5158,5282,1574,40999180,9118,9328,5448,4928,5188,5152,0,5164,0,0,0,2017-04-20,33258000,5228,18,0,0,0,0,0,0,0,0,5232,2,0,0,0,0,0,0,0,0
459,2017-04-20,09:14:19,0,SF705,XZCE,5232,5158,5282,1578,41103820,9118,9328,5448,4928,5188,5152,0,5164,0,0,0,2017-04-20,33259000,5232,28,0,0,0,0,0,0,0,0,5234,2,0,0,0,0,0,0,0,0
460,2017-04-20,09:14:24,0,SF705,XZCE,5232,5158,5282,1588,41365420,9128,9328,5448,4928,5188,5152,0,5164,0,0,0,2017-04-20,33264000,5232,23,0,0,0,0,0,0,0,0,5234,2,0,0,0,0,0,0,0,0
461,2017-04-20,09:14:25,0,SF705,XZCE,5232,5158,5282,1588,41365420,9128,9328,5448,4928,5188,5152,0,5164,0,0,0,2017-04-20,33265000,5232,23,0,0,0,0,0,0,0,0,5234,1,0,0,0,0,0,0,0,0
462,2017-04-20,09:14:27,0,SF705,XZCE,5232,5158,5282,1612,41993260,9130,9328,5448,4928,5188,5152,0,5164,0,0,0,2017-04-20,33267000,5232,11,0,0,0,0,0,0,0,0,5234,1,0,0,0,0,0,0,0,0
463,2017-04-20,09:14:27,0,SF705,XZCE,5232,5158,5282,1634,42568780,9144,9328,5448,4928,5188,5152,0,5164,0,0,0,2017-04-20,33267000,5228,18,0,0,0,0,0,0,0,0,5232,3,0,0,0,0,0,0,0,0
464,2017-04-20,09:14:28,0,SF705,XZCE,5232,5158,5282,1638,42673420,9148,9328,5448,4928,5188,5152,0,5164,0,0,0,2017-04-20,33268000,5228,18,0,0,0,0,0,0,0,0,5232,1,0,0,0,0,0,0,0,0
465,2017-04-20,09:14:29,0,SF705,XZCE,5232,5158,5282,1638,42673420,9148,9328,5448,4928,5188,5152,0,5164,0,0,0,2017-04-20,33269000,5228,18,0,0,0,0,0,0,0,0,5234,1,0,0,0,0,0,0,0,0
466,2017-04-20,09:14:31,0,SF705,XZCE,5228,5158,5282,1640,42725700,9148,9328,5448,4928,5188,5152,0,5164,0,0,0,2017-04-20,33271000,5228,17,0,0,0,0,0,0,0,0,5234,1,0,0,0,0,0,0,0,0
467,2017-04-20,09:14:32,0,SF705,XZCE,5228,5158,5282,1640,42725700,9148,9328,5448,4928,5188,5152,0,5164,0,0,0,2017-04-20,33272000,5228,17,0,0,0,0,0,0,0,0,5234,2,0,0,0,0,0,0,0,0
468,2017-04-20,09:14:33,0,SF705,XZCE,5234,5158,5282,1642,42778040,9148,9328,5448,4928,5188,5152,0,5164,0,0,0,2017-04-20,33273000,5228,17,0,0,0,0,0,0,0,0,5234,1,0,0,0,0,0,0,0,0
469,2017-04-20,09:14:34,0,SF705,XZCE,5234,5158,5282,1646,42882720,9150,9328,5448,4928,5188,5152,0,5164,0,0,0,2017-04-20,33274000,5228,18,0,0,0,0,0,0,0,0,5236,33,0,0,0,0,0,0,0,0
470,2017-04-20,09:14:34,0,SF705,XZCE,5234,5158,5282,1646,42882720,9150,9328,5448,4928,5188,5152,0,5164,0,0,0,2017-04-20,33274000,5228,18,0,0,0,0,0,0,0,0,5234,5,0,0,0,0,0,0,0,0
471,2017-04-20,09:14:38,0,SF705,XZCE,5234,5158,5282,1646,42882720,9150,9328,5448,4928,5188,5152,0,5164,0,0,0,2017-04-20,33278000,5228,19,0,0,0,0,0,0,0,0,5234,5,0,0,0,0,0,0,0,0
472,2017-04-20,09:14:39,0,SF705,XZCE,5234,5158,5282,1646,42882720,9150,9328,5448,4928,5188,5152,0,5164,0,0,0,2017-04-20,33279000,5228,19,0,0,0,0,0,0,0,0,5236,33,0,0,0,0,0,0,0,0
473,2017-04-20,09:14:39,0,SF705,XZCE,5234,5158,5282,1646,42882720,9150,9328,5448,4928,5188,5152,0,5164,0,0,0,2017-04-20,33279000,5228,19,0,0,0,0,0,0,0,0,5234,5,0,0,0,0,0,0,0,0
474,2017-04-20,09:14:40,0,SF705,XZCE,5234,5158,5282,1646,42882720,9150,9328,5448,4928,5188,5152,0,5164,0,0,0,2017-04-20,33280000,5228,18,0,0,0,0,0,0,0,0,5234,5,0,0,0,0,0,0,0,0
475,2017-04-20,09:14:43,0,SF705,XZCE,5234,5158,5282,1646,42882720,9150,9328,5448,4928,5188,5152,0,5164,0,0,0,2017-04-20,33283000,5228,18,0,0,0,0,0,0,0,0,5232,2,0,0,0,0,0,0,0,0
476,2017-04-20,09:14:45,0,SF705,XZCE,5234,5158,5282,1646,42882720,9150,9328,5448,4928,5188,5152,0,5164,0,0,0,2017-04-20,33285000,5228,2,0,0,0,0,0,0,0,0,5232,2,0,0,0,0,0,0,0,0
477,2017-04-20,09:14:46,0,SF705,XZCE,5228,5158,5282,1650,42987280,9148,9328,5448,4928,5188,5152,0,5164,0,0,0,2017-04-20,33286000,5224,1,0,0,0,0,0,0,0,0,5228,1,0,0,0,0,0,0,0,0
478,2017-04-20,09:14:50,0,SF705,XZCE,5228,5158,5282,1650,42987280,9148,9328,5448,4928,5188,5152,0,5164,0,0,0,2017-04-20,33290000,5224,1,0,0,0,0,0,0,0,0,5232,2,0,0,0,0,0,0,0,0
479,2017-04-20,09:14:54,0,SF705,XZCE,5228,5158,5282,1650,42987280,9148,9328,5448,4928,5188,5152,0,5164,0,0,0,2017-04-20,33294000,5222,1,0,0,0,0,0,0,0,0,5230,1,0,0,0,0,0,0,0,0
480,2017-04-20,09:15:01,0,SF705,XZCE,5228,5158,5282,1650,42987280,9148,9328,5448,4928,5188,5152,0,5164,0,0,0,2017-04-20,33301000,5222,3,0,0,0,0,0,0,0,0,5230,1,0,0,0,0,0,0,0,0
481,2017-04-20,09:15:03,0,SF705,XZCE,5228,5158,5282,1650,42987280,9148,9328,5448,4928,5188,5152,0,5164,0,0,0,2017-04-20,33303000,5222,1,0,0,0,0,0,0,0,0,5230,1,0,0,0,0,0,0,0,0
482,2017-04-20,09:15:06,0,SF705,XZCE,5228,5158,5282,1650,42987280,9148,9328,5448,4928,5188,5152,0,5164,0,0,0,2017-04-20,33306000,5224,1,0,0,0,0,0,0,0,0,5226,1,0,0,0,0,0,0,0,0
483,2017-04-20,09:15:06,0,SF705,XZCE,5226,5158,5282,1652,43039540,9146,9328,5448,4928,5188,5152,0,5164,0,0,0,2017-04-20,33306000,5224,1,0,0,0,0,0,0,0,0,5226,1,0,0,0,0,0,0,0,0
484,2017-04-20,09:15:07,0,SF705,XZCE,5226,5158,5282,1652,43039540,9146,9328,5448,4928,5188,5152,0,5164,0,0,0,2017-04-20,33307000,5224,1,0,0,0,0,0,0,0,0,5226,2,0,0,0,0,0,0,0,0
485,2017-04-20,09:15:18,0,SF705,XZCE,5226,5158,5282,1652,43039540,9146,9328,5448,4928,5188,5152,0,5164,0,0,0,2017-04-20,33318000,5224,1,0,0,0,0,0,0,0,0,5226,1,0,0,0,0,0,0,0,0
486,2017-04-20,09:15:22,0,SF705,XZCE,5226,5158,5282,1654,43091800,9144,9328,5448,4928,5188,5152,0,5164,0,0,0,2017-04-20,33322000,5226,1,0,0,0,0,0,0,0,0,5230,1,0,0,0,0,0,0,0,0
487,2017-04-20,09:15:24,0,SF705,XZCE,5226,5158,5282,1654,43091800,9144,9328,5448,4928,5188,5152,0,5164,0,0,0,2017-04-20,33324000,5226,1,0,0,0,0,0,0,0,0,5232,3,0,0,0,0,0,0,0,0
488,2017-04-20,09:15:24,0,SF705,XZCE,5226,5158,5282,1654,43091800,9144,9328,5448,4928,5188,5152,0,5164,0,0,0,2017-04-20,33324000,5224,1,0,0,0,0,0,0,0,0,5232,3,0,0,0,0,0,0,0,0
489,2017-04-20,09:15:27,0,SF705,XZCE,5226,5158,5282,1654,43091800,9144,9328,5448,4928,5188,5152,0,5164,0,0,0,2017-04-20,33327000,5224,1,0,0,0,0,0,0,0,0,5230,1,0,0,0,0,0,0,0,0
490,2017-04-20,09:15:29,0,SF705,XZCE,5224,5158,5282,1656,43144040,9144,9328,5448,4928,5188,5152,0,5164,0,0,0,2017-04-20,33329000,5222,1,0,0,0,0,0,0,0,0,5224,1,0,0,0,0,0,0,0,0
491,2017-04-20,09:15:30,0,SF705,XZCE,5224,5158,5282,1658,43196280,9142,9328,5448,4928,5188,5152,0,5164,0,0,0,2017-04-20,33330000,5224,5,0,0,0,0,0,0,0,0,5230,2,0,0,0,0,0,0,0,0
492,2017-04-20,09:15:37,0,SF705,XZCE,5224,5158,5282,1658,43196280,9142,9328,5448,4928,5188,5152,0,5164,0,0,0,2017-04-20,33337000,5222,2,0,0,0,0,0,0,0,0,5230,2,0,0,0,0,0,0,0,0
493,2017-04-20,09:15:38,0,SF705,XZCE,5224,5158,5282,1658,43196280,9142,9328,5448,4928,5188,5152,0,5164,0,0,0,2017-04-20,33338000,5222,2,0,0,0,0,0,0,0,0,5230,3,0,0,0,0,0,0,0,0
494,2017-04-20,09:15:39,0,SF705,XZCE,5224,5158,5282,1658,43196280,9142,9328,5448,4928,5188,5152,0,5164,0,0,0,2017-04-20,33339000,5226,2,0,0,0,0,0,0,0,0,5230,3,0,0,0,0,0,0,0,0
495,2017-04-20,09:15:42,0,SF705,XZCE,5226,5158,5282,1660,43248540,9142,9328,5448,4928,5188,5152,0,5164,0,0,0,2017-04-20,33342000,5226,1,0,0,0,0,0,0,0,0,5230,3,0,0,0,0,0,0,0,0
496,2017-04-20,09:15:43,0,SF705,XZCE,5226,5158,5282,1660,43248540,9142,9328,5448,4928,5188,5152,0,5164,0,0,0,2017-04-20,33343000,5226,1,0,0,0,0,0,0,0,0,5230,4,0,0,0,0,0,0,0,0
497,2017-04-20,09:15:45,0,SF705,XZCE,5226,5158,5282,1662,43300800,9142,9328,5448,4928,5188,5152,0,5164,0,0,0,2017-04-20,33345000,5222,2,0,0,0,0,0,0,0,0,5230,4,0,0,0,0,0,0,0,0
498,2017-04-20,09:15:53,0,SF705,XZCE,5226,5158,5282,1662,43300800,9142,9328,5448,4928,5188,5152,0,5164,0,0,0,2017-04-20,33353000,5222,2,0,0,0,0,0,0,0,0,5228,1,0,0,0,0,0,0,0,0
499,2017-04-20,09:15:57,0,SF705,XZCE,5226,5158,5282,1662,43300800,9142,9328,5448,4928,5188,5152,0,5164,0,0,0,2017-04-20,33357000,5222,2,0,0,0,0,0,0,0,0,5226,1,0,0,0,0,0,0,0,0
500,2017-04-20,09:16:04,0,SF705,XZCE,5226,5158,5282,1662,43300800,9142,9328,5448,4928,5188,5152,0,5164,0,0,0,2017-04-20,33364000,5222,2,0,0,0,0,0,0,0,0,5226,2,0,0,0,0,0,0,0,0
501,2017-04-20,09:16:04,0,SF705,XZCE,5222,5158,5282,1664,43353020,9140,9328,5448,4928,5188,5152,0,5164,0,0,0,2017-04-20,33364000,5222,1,0,0,0,0,0,0,0,0,5226,2,0,0,0,0,0,0,0,0
502,2017-04-20,09:16:06,0,SF705,XZCE,5222,5158,5282,1666,43405240,9138,9328,5448,4928,5188,5152,0,5164,0,0,0,2017-04-20,33366000,5220,8,0,0,0,0,0,0,0,0,5222,3,0,0,0,0,0,0,0,0
503,2017-04-20,09:16:09,0,SF705,XZCE,5222,5158,5282,1666,43405240,9138,9328,5448,4928,5188,5152,0,5164,0,0,0,2017-04-20,33369000,5220,8,0,0,0,0,0,0,0,0,5222,5,0,0,0,0,0,0,0,0
504,2017-04-20,09:16:16,0,SF705,XZCE,5220,5158,5282,1672,43561840,9138,9328,5448,4928,5188,5152,0,5164,0,0,0,2017-04-20,33376000,5218,1,0,0,0,0,0,0,0,0,5222,5,0,0,0,0,0,0,0,0
505,2017-04-20,09:16:19,0,SF705,XZCE,5220,5158,5282,1672,43561840,9138,9328,5448,4928,5188,5152,0,5164,0,0,0,2017-04-20,33379000,5218,1,0,0,0,0,0,0,0,0,5222,6,0,0,0,0,0,0,0,0
506,2017-04-20,09:16:20,0,SF705,XZCE,5218,5158,5282,1674,43614020,9138,9328,5448,4928,5188,5152,0,5164,0,0,0,2017-04-20,33380000,5212,3,0,0,0,0,0,0,0,0,5222,4,0,0,0,0,0,0,0,0
507,2017-04-20,09:16:21,0,SF705,XZCE,5218,5158,5282,1674,43614020,9138,9328,5448,4928,5188,5152,0,5164,0,0,0,2017-04-20,33381000,5214,1,0,0,0,0,0,0,0,0,5222,4,0,0,0,0,0,0,0,0
508,2017-04-20,09:16:24,0,SF705,XZCE,5218,5158,5282,1674,43614020,9138,9328,5448,4928,5188,5152,0,5164,0,0,0,2017-04-20,33384000,5214,1,0,0,0,0,0,0,0,0,5220,1,0,0,0,0,0,0,0,0
509,2017-04-20,09:16:27,0,SF705,XZCE,5218,5158,5282,1674,43614020,9138,9328,5448,4928,5188,5152,0,5164,0,0,0,2017-04-20,33387000,5214,3,0,0,0,0,0,0,0,0,5220,2,0,0,0,0,0,0,0,0
510,2017-04-20,09:16:32,0,SF705,XZCE,5218,5158,5282,1674,43614020,9138,9328,5448,4928,5188,5152,0,5164,0,0,0,2017-04-20,33392000,5214,4,0,0,0,0,0,0,0,0,5220,2,0,0,0,0,0,0,0,0
511,2017-04-20,09:16:34,0,SF705,XZCE,5218,5158,5282,1674,43614020,9138,9328,5448,4928,5188,5152,0,5164,0,0,0,2017-04-20,33394000,5216,1,0,0,0,0,0,0,0,0,5220,2,0,0,0,0,0,0,0,0
512,2017-04-20,09:16:41,0,SF705,XZCE,5220,5158,5282,1676,43666220,9136,9328,5448,4928,5188,5152,0,5164,0,0,0,2017-04-20,33401000,5216,1,0,0,0,0,0,0,0,0,5220,1,0,0,0,0,0,0,0,0
513,2017-04-20,09:16:47,0,SF705,XZCE,5220,5158,5282,1678,43718420,9138,9328,5448,4928,5188,5152,0,5164,0,0,0,2017-04-20,33407000,5216,2,0,0,0,0,0,0,0,0,5222,4,0,0,0,0,0,0,0,0
514,2017-04-20,09:16:55,0,SF705,XZCE,5216,5158,5282,1680,43770580,9136,9328,5448,4928,5188,5152,0,5164,0,0,0,2017-04-20,33415000,5214,3,0,0,0,0,0,0,0,0,5222,4,0,0,0,0,0,0,0,0
515,2017-04-20,09:16:56,0,SF705,XZCE,5216,5158,5282,1680,43770580,9136,9328,5448,4928,5188,5152,0,5164,0,0,0,2017-04-20,33416000,5216,1,0,0,0,0,0,0,0,0,5222,4,0,0,0,0,0,0,0,0
516,2017-04-20,09:17:06,0,SF705,XZCE,5216,5158,5282,1680,43770580,9136,9328,5448,4928,5188,5152,0,5164,0,0,0,2017-04-20,33426000,5216,1,0,0,0,0,0,0,0,0,5222,1,0,0,0,0,0,0,0,0
517,2017-04-20,09:17:07,0,SF705,XZCE,5216,5158,5282,1680,43770580,9136,9328,5448,4928,5188,5152,0,5164,0,0,0,2017-04-20,33427000,5216,3,0,0,0,0,0,0,0,0,5222,1,0,0,0,0,0,0,0,0
518,2017-04-20,09:17:07,0,SF705,XZCE,5218,5158,5282,1682,43822760,9138,9328,5448,4928,5188,5152,0,5164,0,0,0,2017-04-20,33427000,5216,3,0,0,0,0,0,0,0,0,5222,1,0,0,0,0,0,0,0,0
519,2017-04-20,09:17:07,0,SF705,XZCE,5218,5158,5282,1682,43822760,9138,9328,5448,4928,5188,5152,0,5164,0,0,0,2017-04-20,33427000,5216,1,0,0,0,0,0,0,0,0,5222,1,0,0,0,0,0,0,0,0
520,2017-04-20,09:17:10,0,SF705,XZCE,5218,5158,5282,1682,43822760,9138,9328,5448,4928,5188,5152,0,5164,0,0,0,2017-04-20,33430000,5216,3,0,0,0,0,0,0,0,0,5222,1,0,0,0,0,0,0,0,0
521,2017-04-20,09:17:14,0,SF705,XZCE,5218,5158,5282,1682,43822760,9138,9328,5448,4928,5188,5152,0,5164,0,0,0,2017-04-20,33434000,5216,1,0,0,0,0,0,0,0,0,5222,1,0,0,0,0,0,0,0,0
522,2017-04-20,09:17:17,0,SF705,XZCE,5216,5158,5282,1684,43874920,9136,9328,5448,4928,5188,5152,0,5164,0,0,0,2017-04-20,33437000,5214,3,0,0,0,0,0,0,0,0,5222,1,0,0,0,0,0,0,0,0
523,2017-04-20,09:17:19,0,SF705,XZCE,5214,5158,5282,1686,43927060,9136,9328,5448,4928,5188,5152,0,5164,0,0,0,2017-04-20,33439000,5214,2,0,0,0,0,0,0,0,0,5222,2,0,0,0,0,0,0,0,0
524,2017-04-20,09:17:23,0,SF705,XZCE,5214,5158,5282,1686,43927060,9136,9328,5448,4928,5188,5152,0,5164,0,0,0,2017-04-20,33443000,5212,2,0,0,0,0,0,0,0,0,5222,2,0,0,0,0,0,0,0,0
525,2017-04-20,09:17:23,0,SF705,XZCE,5214,5158,5282,1686,43927060,9136,9328,5448,4928,5188,5152,0,5164,0,0,0,2017-04-20,33443000,5212,2,0,0,0,0,0,0,0,0,5220,1,0,0,0,0,0,0,0,0
526,2017-04-20,09:17:28,0,SF705,XZCE,5212,5158,5282,1688,43979180,9136,9328,5448,4928,5188,5152,0,5164,0,0,0,2017-04-20,33448000,5212,1,0,0,0,0,0,0,0,0,5220,1,0,0,0,0,0,0,0,0
527,2017-04-20,09:17:32,0,SF705,XZCE,5212,5158,5282,1688,43979180,9136,9328,5448,4928,5188,5152,0,5164,0,0,0,2017-04-20,33452000,5212,1,0,0,0,0,0,0,0,0,5218,1,0,0,0,0,0,0,0,0
528,2017-04-20,09:17:33,0,SF705,XZCE,5212,5158,5282,1688,43979180,9136,9328,5448,4928,5188,5152,0,5164,0,0,0,2017-04-20,33453000,5214,1,0,0,0,0,0,0,0,0,5218,1,0,0,0,0,0,0,0,0
529,2017-04-20,09:17:34,0,SF705,XZCE,5212,5158,5282,1692,44083420,9132,9328,5448,4928,5188,5152,0,5164,0,0,0,2017-04-20,33454000,5212,2,0,0,0,0,0,0,0,0,5218,1,0,0,0,0,0,0,0,0
530,2017-04-20,09:17:35,0,SF705,XZCE,5212,5158,5282,1692,44083420,9132,9328,5448,4928,5188,5152,0,5164,0,0,0,2017-04-20,33455000,5214,1,0,0,0,0,0,0,0,0,5218,1,0,0,0,0,0,0,0,0
531,2017-04-20,09:17:35,0,SF705,XZCE,5212,5158,5282,1692,44083420,9132,9328,5448,4928,5188,5152,0,5164,0,0,0,2017-04-20,33455000,5210,5,0,0,0,0,0,0,0,0,5218,1,0,0,0,0,0,0,0,0
532,2017-04-20,09:17:35,0,SF705,XZCE,5212,5158,5282,1692,44083420,9132,9328,5448,4928,5188,5152,0,5164,0,0,0,2017-04-20,33455000,5210,5,0,0,0,0,0,0,0,0,5218,1,0,0,0,0,0,0,0,0
533,2017-04-20,09:17:36,0,SF705,XZCE,5212,5158,5282,1694,44135540,9130,9328,5448,4928,5188,5152,0,5164,0,0,0,2017-04-20,33456000,5210,5,0,0,0,0,0,0,0,0,5218,1,0,0,0,0,0,0,0,0
534,2017-04-20,09:17:38,0,SF705,XZCE,5212,5158,5282,1694,44135540,9130,9328,5448,4928,5188,5152,0,5164,0,0,0,2017-04-20,33458000,5212,2,0,0,0,0,0,0,0,0,5218,1,0,0,0,0,0,0,0,0
535,2017-04-20,09:17:54,0,SF705,XZCE,5218,5158,5282,1696,44187720,9130,9328,5448,4928,5188,5152,0,5164,0,0,0,2017-04-20,33474000,5218,3,0,0,0,0,0,0,0,0,5222,1,0,0,0,0,0,0,0,0
536,2017-04-20,09:18:00,0,SF705,XZCE,5218,5158,5282,1696,44187720,9130,9328,5448,4928,5188,5152,0,5164,0,0,0,2017-04-20,33480000,5218,3,0,0,0,0,0,0,0,0,5220,1,0,0,0,0,0,0,0,0
537,2017-04-20,09:18:02,0,SF705,XZCE,5218,5158,5282,1696,44187720,9130,9328,5448,4928,5188,5152,0,5164,0,0,0,2017-04-20,33482000,5218,3,0,0,0,0,0,0,0,0,5222,1,0,0,0,0,0,0,0,0
538,2017-04-20,09:18:05,0,SF705,XZCE,5218,5158,5282,1696,44187720,9130,9328,5448,4928,5188,5152,0,5164,0,0,0,2017-04-20,33485000,5218,3,0,0,0,0,0,0,0,0,5222,2,0,0,0,0,0,0,0,0
539,2017-04-20,09:18:08,0,SF705,XZCE,5218,5158,5282,1698,44239900,9130,9328,5448,4928,5188,5152,0,5164,0,0,0,2017-04-20,33488000,5218,2,0,0,0,0,0,0,0,0,5222,2,0,0,0,0,0,0,0,0
540,2017-04-20,09:18:15,0,SF705,XZCE,5218,5158,5282,1698,44239900,9130,9328,5448,4928,5188,5152,0,5164,0,0,0,2017-04-20,33495000,5218,3,0,0,0,0,0,0,0,0,5222,2,0,0,0,0,0,0,0,0
541,2017-04-20,09:18:32,0,SF705,XZCE,5222,5158,5282,1700,44292120,9130,9328,5448,4928,5188,5152,0,5164,0,0,0,2017-04-20,33512000,5218,3,0,0,0,0,0,0,0,0,5222,1,0,0,0,0,0,0,0,0
542,2017-04-20,09:18:45,0,SF705,XZCE,5218,5158,5282,1702,44344300,9132,9328,5448,4928,5188,5152,0,5164,0,0,0,2017-04-20,33525000,5218,2,0,0,0,0,0,0,0,0,5222,1,0,0,0,0,0,0,0,0
543,2017-04-20,09:18:49,0,SF705,XZCE,5218,5158,5282,1706,44448660,9132,9328,5448,4928,5188,5152,0,5164,0,0,0,2017-04-20,33529000,5214,3,0,0,0,0,0,0,0,0,5218,5,0,0,0,0,0,0,0,0
544,2017-04-20,09:18:50,0,SF705,XZCE,5218,5158,5282,1708,44500840,9132,9328,5448,4928,5188,5152,0,5164,0,0,0,2017-04-20,33530000,5214,4,0,0,0,0,0,0,0,0,5218,4,0,0,0,0,0,0,0,0
545,2017-04-20,09:18:52,0,SF705,XZCE,5218,5158,5282,1710,44553020,9130,9328,5448,4928,5188,5152,0,5164,0,0,0,2017-04-20,33532000,5214,4,0,0,0,0,0,0,0,0,5218,3,0,0,0,0,0,0,0,0
546,2017-04-20,09:18:52,0,SF705,XZCE,5218,5158,5282,1716,44709560,9130,9328,5448,4928,5188,5152,0,5164,0,0,0,2017-04-20,33532000,5218,2,0,0,0,0,0,0,0,0,5222,1,0,0,0,0,0,0,0,0
547,2017-04-20,09:18:54,0,SF705,XZCE,5218,5158,5282,1718,44761740,9130,9328,5448,4928,5188,5152,0,5164,0,0,0,2017-04-20,33534000,5218,1,0,0,0,0,0,0,0,0,5222,1,0,0,0,0,0,0,0,0
548,2017-04-20,09:19:00,0,SF705,XZCE,5218,5158,5282,1720,44813920,9130,9328,5448,4928,5188,5152,0,5164,0,0,0,2017-04-20,33540000,5214,4,0,0,0,0,0,0,0,0,5218,9,0,0,0,0,0,0,0,0
549,2017-04-20,09:19:05,0,SF705,XZCE,5218,5158,5282,1722,44866100,9130,9328,5448,4928,5188,5152,0,5164,0,0,0,2017-04-20,33545000,5214,4,0,0,0,0,0,0,0,0,5218,8,0,0,0,0,0,0,0,0
550,2017-04-20,09:19:29,0,SF705,XZCE,5218,5158,5282,1724,44918280,9130,9328,5448,4928,5188,5152,0,5164,0,0,0,2017-04-20,33569000,5214,4,0,0,0,0,0,0,0,0,5218,7,0,0,0,0,0,0,0,0
551,2017-04-20,09:19:38,0,SF705,XZCE,5214,5158,5282,1726,44970420,9130,9328,5448,4928,5188,5152,0,5164,0,0,0,2017-04-20,33578000,5214,2,0,0,0,0,0,0,0,0,5218,7,0,0,0,0,0,0,0,0
552,2017-04-20,09:19:39,0,SF705,XZCE,5214,5158,5282,1728,45022560,9130,9328,5448,4928,5188,5152,0,5164,0,0,0,2017-04-20,33579000,5214,1,0,0,0,0,0,0,0,0,5218,7,0,0,0,0,0,0,0,0
553,2017-04-20,09:19:44,0,SF705,XZCE,5214,5158,5282,1728,45022560,9130,9328,5448,4928,5188,5152,0,5164,0,0,0,2017-04-20,33584000,5214,1,0,0,0,0,0,0,0,0,5218,9,0,0,0,0,0,0,0,0
554,2017-04-20,09:19:47,0,SF705,XZCE,5214,5158,5282,1730,45074700,9130,9328,5448,4928,5188,5152,0,5164,0,0,0,2017-04-20,33587000,5210,2,0,0,0,0,0,0,0,0,5214,2,0,0,0,0,0,0,0,0
555,2017-04-20,09:19:48,0,SF705,XZCE,5210,5158,5282,1736,45231000,9124,9328,5448,4928,5188,5152,0,5164,0,0,0,2017-04-20,33588000,5210,5,0,0,0,0,0,0,0,0,5214,2,0,0,0,0,0,0,0,0
556,2017-04-20,09:19:50,0,SF705,XZCE,5210,5158,5282,1736,45231000,9124,9328,5448,4928,5188,5152,0,5164,0,0,0,2017-04-20,33590000,5208,10,0,0,0,0,0,0,0,0,5214,2,0,0,0,0,0,0,0,0
557,2017-04-20,09:19:55,0,SF705,XZCE,5210,5158,5282,1736,45231000,9124,9328,5448,4928,5188,5152,0,5164,0,0,0,2017-04-20,33595000,5208,10,0,0,0,0,0,0,0,0,5218,10,0,0,0,0,0,0,0,0
558,2017-04-20,09:19:55,0,SF705,XZCE,5210,5158,5282,1736,45231000,9124,9328,5448,4928,5188,5152,0,5164,0,0,0,2017-04-20,33595000,5208,10,0,0,0,0,0,0,0,0,5218,8,0,0,0,0,0,0,0,0
559,2017-04-20,09:19:56,0,SF705,XZCE,5208,5158,5282,1742,45387240,9118,9328,5448,4928,5188,5152,0,5164,0,0,0,2017-04-20,33596000,5208,7,0,0,0,0,0,0,0,0,5218,8,0,0,0,0,0,0,0,0
560,2017-04-20,09:19:56,0,SF705,XZCE,5208,5158,5282,1742,45387240,9118,9328,5448,4928,5188,5152,0,5164,0,0,0,2017-04-20,33596000,5208,7,0,0,0,0,0,0,0,0,5216,2,0,0,0,0,0,0,0,0
561,2017-04-20,09:20:01,0,SF705,XZCE,5208,5158,5282,1742,45387240,9118,9328,5448,4928,5188,5152,0,5164,0,0,0,2017-04-20,33601000,5208,7,0,0,0,0,0,0,0,0,5212,3,0,0,0,0,0,0,0,0
562,2017-04-20,09:20:02,0,SF705,XZCE,5208,5158,5282,1746,45491400,9114,9328,5448,4928,5188,5152,0,5164,0,0,0,2017-04-20,33602000,5208,5,0,0,0,0,0,0,0,0,5212,3,0,0,0,0,0,0,0,0
563,2017-04-20,09:20:04,0,SF705,XZCE,5212,5158,5282,1748,45543520,9112,9328,5448,4928,5188,5152,0,5164,0,0,0,2017-04-20,33604000,5208,5,0,0,0,0,0,0,0,0,5212,2,0,0,0,0,0,0,0,0
564,2017-04-20,09:20:05,0,SF705,XZCE,5206,5158,5282,1760,45855880,9104,9328,5448,4928,5188,5152,0,5164,0,0,0,2017-04-20,33605000,5204,6,0,0,0,0,0,0,0,0,5206,1,0,0,0,0,0,0,0,0
565,2017-04-20,09:20:05,0,SF705,XZCE,5206,5158,5282,1762,45907940,9106,9328,5448,4928,5188,5152,0,5164,0,0,0,2017-04-20,33605000,5204,6,0,0,0,0,0,0,0,0,5208,5,0,0,0,0,0,0,0,0
566,2017-04-20,09:20:06,0,SF705,XZCE,5208,5158,5282,1768,46064180,9100,9328,5448,4928,5188,5152,0,5164,0,0,0,2017-04-20,33606000,5204,4,0,0,0,0,0,0,0,0,5208,4,0,0,0,0,0,0,0,0
567,2017-04-20,09:20:08,0,SF705,XZCE,5206,5158,5282,1774,46220360,9098,9328,5448,4928,5188,5152,0,5164,0,0,0,2017-04-20,33608000,5204,2,0,0,0,0,0,0,0,0,5208,4,0,0,0,0,0,0,0,0
568,2017-04-20,09:20:11,0,SF705,XZCE,5206,5158,5282,1774,46220360,9098,9328,5448,4928,5188,5152,0,5164,0,0,0,2017-04-20,33611000,5204,2,0,0,0,0,0,0,0,0,5216,3,0,0,0,0,0,0,0,0
569,2017-04-20,09:20:15,0,SF705,XZCE,5206,5158,5282,1774,46220360,9098,9328,5448,4928,5188,5152,0,5164,0,0,0,2017-04-20,33615000,5210,1,0,0,0,0,0,0,0,0,5216,3,0,0,0,0,0,0,0,0
570,2017-04-20,09:20:17,0,SF705,XZCE,5214,5158,5282,1776,46272500,9098,9328,5448,4928,5188,5152,0,5164,0,0,0,2017-04-20,33617000,5210,1,0,0,0,0,0,0,0,0,5216,3,0,0,0,0,0,0,0,0
