,dataDate,dataTime,dataMillisec,instrumentID,exchangeCD,lastPrice,lowPrice,highPrice,volume,value,openInterest,preOpenInterest,upperLimitPrice,lowerLimitPrice,preSettlementPrice,prevClosePrice,settlementPrice,openPrice,closePrice,preDelta,currDelta,clearingDay,milliSecOffset,bidPrice1,bidVolume1,bidPrice2,bidVolume2,bidPrice3,bidVolume3,bidPrice4,bidVolume4,bidPrice5,bidVolume5,askPrice1,askVolume1,askPrice2,askVolume2,askPrice3,askVolume3,askPrice4,askVolume4,askPrice5,askVolume5
0,2017-04-19,19:28:28,0,SM705,XZCE,5960,0,0,0,0,20286,20286,6314,5598,5956,5960,0,0,0,0,0,2017-04-20,70108000,0,0,0,0,0,0,0,0,0,0,0,0,0,0,0,0,0,0,0,0
1,2017-04-20,08:59:00,0,SM705,XZCE,5936,5936,5936,82,2433760,20312,20286,6314,5598,5956,5960,0,5936,0,0,0,2017-04-20,32340000,5932,8,0,0,0,0,0,0,0,0,5936,8,0,0,0,0,0,0,0,0
2,2017-04-20,09:00:00,0,SM705,XZCE,5936,5936,5936,98,2908640,20320,20286,6314,5598,5956,5960,0,5936,0,0,0,2017-04-20,32400000,5936,12,0,0,0,0,0,0,0,0,5940,10,0,0,0,0,0,0,0,0
3,2017-04-20,09:00:00,0,SM705,XZCE,5940,5936,5940,166,4928240,20340,20286,6314,5598,5956,5960,0,5936,0,0,0,2017-04-20,32400000,5936,4,0,0,0,0,0,0,0,0,5940,7,0,0,0,0,0,0,0,0
4,2017-04-20,09:00:01,0,SM705,XZCE,5932,5932,5944,250,7419680,20334,20286,6314,5598,5956,5960,0,5936,0,0,0,2017-04-20,32401000,5932,5,0,0,0,0,0,0,0,0,5958,7,0,0,0,0,0,0,0,0
5,2017-04-20,09:00:01,0,SM705,XZCE,5952,5932,5952,268,7955360,20338,20286,6314,5598,5956,5960,0,5936,0,0,0,2017-04-20,32401000,5946,2,0,0,0,0,0,0,0,0,5954,1,0,0,0,0,0,0,0,0
6,2017-04-20,09:00:02,0,SM705,XZCE,5946,5932,5952,270,8014820,20338,20286,6314,5598,5956,5960,0,5936,0,0,0,2017-04-20,32402000,5946,1,0,0,0,0,0,0,0,0,5952,19,0,0,0,0,0,0,0,0
7,2017-04-20,09:00:02,0,SM705,XZCE,5952,5932,5952,278,8252900,20338,20286,6314,5598,5956,5960,0,5936,0,0,0,2017-04-20,32402000,5942,13,0,0,0,0,0,0,0,0,5952,1,0,0,0,0,0,0,0,0
8,2017-04-20,09:00:03,0,SM705,XZCE,5946,5932,5952,282,8371820,20340,20286,6314,5598,5956,5960,0,5936,0,0,0,2017-04-20,32403000,5944,10,0,0,0,0,0,0,0,0,5950,19,0,0,0,0,0,0,0,0
9,2017-04-20,09:00:03,0,SM705,XZCE,5944,5932,5952,290,8609580,20332,20286,6314,5598,5956,5960,0,5936,0,0,0,2017-04-20,32403000,5944,6,0,0,0,0,0,0,0,0,5950,18,0,0,0,0,0,0,0,0
10,2017-04-20,09:00:04,0,SM705,XZCE,5944,5932,5952,294,8728460,20332,20286,6314,5598,5956,5960,0,5936,0,0,0,2017-04-20,32404000,5944,5,0,0,0,0,0,0,0,0,5950,17,0,0,0,0,0,0,0,0
11,2017-04-20,09:00:04,0,SM705,XZCE,5944,5932,5952,304,9025660,20334,20286,6314,5598,5956,5960,0,5936,0,0,0,2017-04-20,32404000,5942,8,0,0,0,0,0,0,0,0,5944,31,0,0,0,0,0,0,0,0
12,2017-04-20,09:00:05,0,SM705,XZCE,5936,5932,5952,354,10509660,20360,20286,6314,5598,5956,5960,0,5936,0,0,0,2017-04-20,32405000,5934,2,0,0,0,0,0,0,0,0,5940,7,0,0,0,0,0,0,0,0
13,2017-04-20,09:00:05,0,SM705,XZCE,5936,5932,5952,374,11103260,20358,20286,6314,5598,5956,5960,0,5936,0,0,0,2017-04-20,32405000,5934,1,0,0,0,0,0,0,0,0,5936,17,0,0,0,0,0,0,0,0
14,2017-04-20,09:00:06,0,SM705,XZCE,5936,5932,5952,380,11281340,20364,20286,6314,5598,5956,5960,0,5936,0,0,0,2017-04-20,32406000,5934,1,0,0,0,0,0,0,0,0,5936,15,0,0,0,0,0,0,0,0
15,2017-04-20,09:00:06,0,SM705,XZCE,5936,5932,5952,394,11696860,20368,20286,6314,5598,5956,5960,0,5936,0,0,0,2017-04-20,32406000,5932,3,0,0,0,0,0,0,0,0,5936,15,0,0,0,0,0,0,0,0
16,2017-04-20,09:00:07,0,SM705,XZCE,5936,5932,5952,396,11756220,20370,20286,6314,5598,5956,5960,0,5936,0,0,0,2017-04-20,32407000,5934,3,0,0,0,0,0,0,0,0,5936,7,0,0,0,0,0,0,0,0
17,2017-04-20,09:00:07,0,SM705,XZCE,5936,5932,5952,416,12349820,20358,20286,6314,5598,5956,5960,0,5936,0,0,0,2017-04-20,32407000,5932,4,0,0,0,0,0,0,0,0,5936,19,0,0,0,0,0,0,0,0
18,2017-04-20,09:00:08,0,SM705,XZCE,5926,5926,5952,464,13772060,20380,20286,6314,5598,5956,5960,0,5936,0,0,0,2017-04-20,32408000,5928,4,0,0,0,0,0,0,0,0,5934,4,0,0,0,0,0,0,0,0
19,2017-04-20,09:00:09,0,SM705,XZCE,5934,5926,5952,470,13950080,20386,20286,6314,5598,5956,5960,0,5936,0,0,0,2017-04-20,32409000,5932,4,0,0,0,0,0,0,0,0,5934,1,0,0,0,0,0,0,0,0
20,2017-04-20,09:00:09,0,SM705,XZCE,5936,5926,5952,496,14721760,20386,20286,6314,5598,5956,5960,0,5936,0,0,0,2017-04-20,32409000,5932,1,0,0,0,0,0,0,0,0,5936,14,0,0,0,0,0,0,0,0
21,2017-04-20,09:00:10,0,SM705,XZCE,5936,5926,5952,496,14721760,20386,20286,6314,5598,5956,5960,0,5936,0,0,0,2017-04-20,32410000,5932,1,0,0,0,0,0,0,0,0,5934,4,0,0,0,0,0,0,0,0
22,2017-04-20,09:00:11,0,SM705,XZCE,5936,5926,5952,540,16027680,20394,20286,6314,5598,5956,5960,0,5936,0,0,0,2017-04-20,32411000,5934,12,0,0,0,0,0,0,0,0,5938,2,0,0,0,0,0,0,0,0
23,2017-04-20,09:00:11,0,SM705,XZCE,5930,5926,5952,602,17865980,20366,20286,6314,5598,5956,5960,0,5936,0,0,0,2017-04-20,32411000,5932,1,0,0,0,0,0,0,0,0,5938,2,0,0,0,0,0,0,0,0
24,2017-04-20,09:00:12,0,SM705,XZCE,5930,5926,5952,602,17865980,20366,20286,6314,5598,5956,5960,0,5936,0,0,0,2017-04-20,32412000,5934,4,0,0,0,0,0,0,0,0,5938,2,0,0,0,0,0,0,0,0
25,2017-04-20,09:00:12,0,SM705,XZCE,5930,5926,5952,602,17865980,20366,20286,6314,5598,5956,5960,0,5936,0,0,0,2017-04-20,32412000,5934,4,0,0,0,0,0,0,0,0,5940,4,0,0,0,0,0,0,0,0
26,2017-04-20,09:00:13,0,SM705,XZCE,5936,5926,5952,604,17925340,20364,20286,6314,5598,5956,5960,0,5936,0,0,0,2017-04-20,32413000,5934,4,0,0,0,0,0,0,0,0,5938,1,0,0,0,0,0,0,0,0
27,2017-04-20,09:00:13,0,SM705,XZCE,5936,5926,5952,604,17925340,20364,20286,6314,5598,5956,5960,0,5936,0,0,0,2017-04-20,32413000,5934,4,0,0,0,0,0,0,0,0,5940,3,0,0,0,0,0,0,0,0
28,2017-04-20,09:00:14,0,SM705,XZCE,5936,5926,5952,604,17925340,20364,20286,6314,5598,5956,5960,0,5936,0,0,0,2017-04-20,32414000,5936,10,0,0,0,0,0,0,0,0,5940,5,0,0,0,0,0,0,0,0
29,2017-04-20,09:00:14,0,SM705,XZCE,5942,5926,5952,626,18578960,20356,20286,6314,5598,5956,5960,0,5936,0,0,0,2017-04-20,32414000,5938,9,0,0,0,0,0,0,0,0,5942,2,0,0,0,0,0,0,0,0
30,2017-04-20,09:00:15,0,SM705,XZCE,5938,5926,5952,630,18697720,20356,20286,6314,5598,5956,5960,0,5936,0,0,0,2017-04-20,32415000,5940,5,0,0,0,0,0,0,0,0,5948,1,0,0,0,0,0,0,0,0
31,2017-04-20,09:00:15,0,SM705,XZCE,5938,5926,5952,630,18697720,20356,20286,6314,5598,5956,5960,0,5936,0,0,0,2017-04-20,32415000,5940,5,0,0,0,0,0,0,0,0,5946,1,0,0,0,0,0,0,0,0
32,2017-04-20,09:00:16,0,SM705,XZCE,5938,5926,5952,630,18697720,20356,20286,6314,5598,5956,5960,0,5936,0,0,0,2017-04-20,32416000,5940,6,0,0,0,0,0,0,0,0,5946,1,0,0,0,0,0,0,0,0
33,2017-04-20,09:00:17,0,SM705,XZCE,5934,5926,5952,690,20477920,20386,20286,6314,5598,5956,5960,0,5936,0,0,0,2017-04-20,32417000,5932,1,0,0,0,0,0,0,0,0,5934,10,0,0,0,0,0,0,0,0
34,2017-04-20,09:00:18,0,SM705,XZCE,5932,5926,5952,700,20774520,20388,20286,6314,5598,5956,5960,0,5936,0,0,0,2017-04-20,32418000,5930,101,0,0,0,0,0,0,0,0,5934,15,0,0,0,0,0,0,0,0
35,2017-04-20,09:00:19,0,SM705,XZCE,5932,5926,5952,700,20774520,20388,20286,6314,5598,5956,5960,0,5936,0,0,0,2017-04-20,32419000,5932,9,0,0,0,0,0,0,0,0,5934,15,0,0,0,0,0,0,0,0
36,2017-04-20,09:00:19,0,SM705,XZCE,5934,5926,5952,716,21249240,20404,20286,6314,5598,5956,5960,0,5936,0,0,0,2017-04-20,32419000,5932,9,0,0,0,0,0,0,0,0,5934,7,0,0,0,0,0,0,0,0
37,2017-04-20,09:00:20,0,SM705,XZCE,5934,5926,5952,742,22020660,20412,20286,6314,5598,5956,5960,0,5936,0,0,0,2017-04-20,32420000,5932,4,0,0,0,0,0,0,0,0,5938,9,0,0,0,0,0,0,0,0
38,2017-04-20,09:00:21,0,SM705,XZCE,5932,5926,5952,746,22139300,20416,20286,6314,5598,5956,5960,0,5936,0,0,0,2017-04-20,32421000,5932,2,0,0,0,0,0,0,0,0,5938,9,0,0,0,0,0,0,0,0
39,2017-04-20,09:00:22,0,SM705,XZCE,5938,5926,5952,754,22376820,20424,20286,6314,5598,5956,5960,0,5936,0,0,0,2017-04-20,32422000,5934,5,0,0,0,0,0,0,0,0,5938,5,0,0,0,0,0,0,0,0
40,2017-04-20,09:00:23,0,SM705,XZCE,5934,5926,5952,756,22436160,20426,20286,6314,5598,5956,5960,0,5936,0,0,0,2017-04-20,32423000,5934,4,0,0,0,0,0,0,0,0,5938,5,0,0,0,0,0,0,0,0
41,2017-04-20,09:00:24,0,SM705,XZCE,5934,5926,5952,756,22436160,20426,20286,6314,5598,5956,5960,0,5936,0,0,0,2017-04-20,32424000,5934,5,0,0,0,0,0,0,0,0,5938,5,0,0,0,0,0,0,0,0
42,2017-04-20,09:00:24,0,SM705,XZCE,5934,5926,5952,758,22495500,20428,20286,6314,5598,5956,5960,0,5936,0,0,0,2017-04-20,32424000,5934,4,0,0,0,0,0,0,0,0,5938,5,0,0,0,0,0,0,0,0
43,2017-04-20,09:00:25,0,SM705,XZCE,5938,5926,5952,760,22554880,20430,20286,6314,5598,5956,5960,0,5936,0,0,0,2017-04-20,32425000,5934,4,0,0,0,0,0,0,0,0,5938,4,0,0,0,0,0,0,0,0
44,2017-04-20,09:00:27,0,SM705,XZCE,5938,5926,5952,762,22614260,20432,20286,6314,5598,5956,5960,0,5936,0,0,0,2017-04-20,32427000,5934,4,0,0,0,0,0,0,0,0,5938,3,0,0,0,0,0,0,0,0
45,2017-04-20,09:00:28,0,SM705,XZCE,5938,5926,5952,764,22673640,20434,20286,6314,5598,5956,5960,0,5936,0,0,0,2017-04-20,32428000,5934,4,0,0,0,0,0,0,0,0,5938,2,0,0,0,0,0,0,0,0
46,2017-04-20,09:00:28,0,SM705,XZCE,5938,5926,5952,766,22733020,20436,20286,6314,5598,5956,5960,0,5936,0,0,0,2017-04-20,32428000,5934,4,0,0,0,0,0,0,0,0,5938,5,0,0,0,0,0,0,0,0
47,2017-04-20,09:00:29,0,SM705,XZCE,5934,5926,5952,770,22851700,20440,20286,6314,5598,5956,5960,0,5936,0,0,0,2017-04-20,32429000,5932,6,0,0,0,0,0,0,0,0,5936,1,0,0,0,0,0,0,0,0
48,2017-04-20,09:00:30,0,SM705,XZCE,5934,5926,5952,770,22851700,20440,20286,6314,5598,5956,5960,0,5936,0,0,0,2017-04-20,32430000,5932,6,0,0,0,0,0,0,0,0,5936,3,0,0,0,0,0,0,0,0
49,2017-04-20,09:00:31,0,SM705,XZCE,5934,5926,5952,774,22970380,20438,20286,6314,5598,5956,5960,0,5936,0,0,0,2017-04-20,32431000,5932,6,0,0,0,0,0,0,0,0,5934,2,0,0,0,0,0,0,0,0
50,2017-04-20,09:00:32,0,SM705,XZCE,5932,5926,5952,776,23029700,20440,20286,6314,5598,5956,5960,0,5936,0,0,0,2017-04-20,32432000,5932,5,0,0,0,0,0,0,0,0,5934,2,0,0,0,0,0,0,0,0
51,2017-04-20,09:00:32,0,SM705,XZCE,5932,5926,5952,786,23326300,20442,20286,6314,5598,5956,5960,0,5936,0,0,0,2017-04-20,32432000,5930,101,0,0,0,0,0,0,0,0,5934,52,0,0,0,0,0,0,0,0
52,2017-04-20,09:00:33,0,SM705,XZCE,5934,5926,5952,788,23385640,20440,20286,6314,5598,5956,5960,0,5936,0,0,0,2017-04-20,32433000,5930,101,0,0,0,0,0,0,0,0,5934,51,0,0,0,0,0,0,0,0
53,2017-04-20,09:00:33,0,SM705,XZCE,5934,5926,5952,788,23385640,20440,20286,6314,5598,5956,5960,0,5936,0,0,0,2017-04-20,32433000,5930,101,0,0,0,0,0,0,0,0,5932,1,0,0,0,0,0,0,0,0
54,2017-04-20,09:00:34,0,SM705,XZCE,5934,5926,5952,788,23385640,20440,20286,6314,5598,5956,5960,0,5936,0,0,0,2017-04-20,32434000,5930,101,0,0,0,0,0,0,0,0,5932,7,0,0,0,0,0,0,0,0
55,2017-04-20,09:00:34,0,SM705,XZCE,5934,5926,5952,790,23444980,20440,20286,6314,5598,5956,5960,0,5936,0,0,0,2017-04-20,32434000,5930,101,0,0,0,0,0,0,0,0,5932,6,0,0,0,0,0,0,0,0
56,2017-04-20,09:00:35,0,SM705,XZCE,5930,5926,5952,822,24393780,20408,20286,6314,5598,5956,5960,0,5936,0,0,0,2017-04-20,32435000,5930,85,0,0,0,0,0,0,0,0,5932,6,0,0,0,0,0,0,0,0
57,2017-04-20,09:00:35,0,SM705,XZCE,5930,5926,5952,882,26172780,20394,20286,6314,5598,5956,5960,0,5936,0,0,0,2017-04-20,32435000,5930,55,0,0,0,0,0,0,0,0,5932,16,0,0,0,0,0,0,0,0
58,2017-04-20,09:00:36,0,SM705,XZCE,5928,5926,5952,994,29492460,20286,20286,6314,5598,5956,5960,0,5936,0,0,0,2017-04-20,32436000,5928,4,0,0,0,0,0,0,0,0,5930,4,0,0,0,0,0,0,0,0
59,2017-04-20,09:00:36,0,SM705,XZCE,5926,5926,5952,1076,31922120,20286,20286,6314,5598,5956,5960,0,5936,0,0,0,2017-04-20,32436000,5924,2,0,0,0,0,0,0,0,0,5926,1,0,0,0,0,0,0,0,0
60,2017-04-20,09:00:37,0,SM705,XZCE,5924,5924,5952,1080,32040600,20286,20286,6314,5598,5956,5960,0,5936,0,0,0,2017-04-20,32437000,5922,9,0,0,0,0,0,0,0,0,5924,5,0,0,0,0,0,0,0,0
61,2017-04-20,09:00:37,0,SM705,XZCE,5922,5922,5952,1090,32336700,20280,20286,6314,5598,5956,5960,0,5936,0,0,0,2017-04-20,32437000,5922,4,0,0,0,0,0,0,0,0,5924,4,0,0,0,0,0,0,0,0
62,2017-04-20,09:00:38,0,SM705,XZCE,5922,5922,5952,1092,32395920,20280,20286,6314,5598,5956,5960,0,5936,0,0,0,2017-04-20,32438000,5922,3,0,0,0,0,0,0,0,0,5924,2,0,0,0,0,0,0,0,0
63,2017-04-20,09:00:40,0,SM705,XZCE,5924,5922,5952,1100,32632880,20276,20286,6314,5598,5956,5960,0,5936,0,0,0,2017-04-20,32440000,5920,1,0,0,0,0,0,0,0,0,5924,1,0,0,0,0,0,0,0,0
64,2017-04-20,09:00:41,0,SM705,XZCE,5924,5922,5952,1102,32692120,20276,20286,6314,5598,5956,5960,0,5936,0,0,0,2017-04-20,32441000,5920,1,0,0,0,0,0,0,0,0,5926,2,0,0,0,0,0,0,0,0
65,2017-04-20,09:00:41,0,SM705,XZCE,5924,5922,5952,1102,32692120,20276,20286,6314,5598,5956,5960,0,5936,0,0,0,2017-04-20,32441000,5920,1,0,0,0,0,0,0,0,0,5922,1,0,0,0,0,0,0,0,0
66,2017-04-20,09:00:42,0,SM705,XZCE,5922,5922,5952,1104,32751340,20276,20286,6314,5598,5956,5960,0,5936,0,0,0,2017-04-20,32442000,5922,21,0,0,0,0,0,0,0,0,5926,2,0,0,0,0,0,0,0,0
67,2017-04-20,09:00:42,0,SM705,XZCE,5930,5922,5952,1156,34293140,20282,20286,6314,5598,5956,5960,0,5936,0,0,0,2017-04-20,32442000,5920,101,0,0,0,0,0,0,0,0,5930,5,0,0,0,0,0,0,0,0
68,2017-04-20,09:00:43,0,SM705,XZCE,5920,5920,5952,1188,35240340,20254,20286,6314,5598,5956,5960,0,5936,0,0,0,2017-04-20,32443000,5922,4,0,0,0,0,0,0,0,0,5928,4,0,0,0,0,0,0,0,0
69,2017-04-20,09:00:43,0,SM705,XZCE,5920,5920,5952,1188,35240340,20254,20286,6314,5598,5956,5960,0,5936,0,0,0,2017-04-20,32443000,5922,12,0,0,0,0,0,0,0,0,5930,5,0,0,0,0,0,0,0,0
70,2017-04-20,09:00:44,0,SM705,XZCE,5922,5920,5952,1236,36661620,20260,20286,6314,5598,5956,5960,0,5936,0,0,0,2017-04-20,32444000,5920,85,0,0,0,0,0,0,0,0,5928,1,0,0,0,0,0,0,0,0
71,2017-04-20,09:00:44,0,SM705,XZCE,5928,5920,5952,1238,36720900,20260,20286,6314,5598,5956,5960,0,5936,0,0,0,2017-04-20,32444000,5922,4,0,0,0,0,0,0,0,0,5928,4,0,0,0,0,0,0,0,0
72,2017-04-20,09:00:44,0,SM705,XZCE,5928,5920,5952,1238,36720900,20260,20286,6314,5598,5956,5960,0,5936,0,0,0,2017-04-20,32444000,5920,85,0,0,0,0,0,0,0,0,5926,3,0,0,0,0,0,0,0,0
73,2017-04-20,09:00:45,0,SM705,XZCE,5922,5920,5952,1240,36780120,20262,20286,6314,5598,5956,5960,0,5936,0,0,0,2017-04-20,32445000,5922,9,0,0,0,0,0,0,0,0,5926,3,0,0,0,0,0,0,0,0
74,2017-04-20,09:00:47,0,SM705,XZCE,5922,5920,5952,1242,36839340,20262,20286,6314,5598,5956,5960,0,5936,0,0,0,2017-04-20,32447000,5922,8,0,0,0,0,0,0,0,0,5926,3,0,0,0,0,0,0,0,0
75,2017-04-20,09:00:47,0,SM705,XZCE,5924,5920,5952,1258,37313260,20262,20286,6314,5598,5956,5960,0,5936,0,0,0,2017-04-20,32447000,5920,86,0,0,0,0,0,0,0,0,5928,4,0,0,0,0,0,0,0,0
76,2017-04-20,09:00:48,0,SM705,XZCE,5920,5920,5952,1260,37372460,20262,20286,6314,5598,5956,5960,0,5936,0,0,0,2017-04-20,32448000,5920,85,0,0,0,0,0,0,0,0,5926,1,0,0,0,0,0,0,0,0
77,2017-04-20,09:00:48,0,SM705,XZCE,5922,5920,5952,1264,37490900,20260,20286,6314,5598,5956,5960,0,5936,0,0,0,2017-04-20,32448000,5920,86,0,0,0,0,0,0,0,0,5922,16,0,0,0,0,0,0,0,0
78,2017-04-20,09:00:48,0,SM705,XZCE,5922,5920,5952,1296,38438420,20260,20286,6314,5598,5956,5960,0,5936,0,0,0,2017-04-20,32448000,5920,86,0,0,0,0,0,0,0,0,5928,4,0,0,0,0,0,0,0,0
79,2017-04-20,09:00:49,0,SM705,XZCE,5920,5920,5952,1300,38556820,20262,20286,6314,5598,5956,5960,0,5936,0,0,0,2017-04-20,32449000,5920,85,0,0,0,0,0,0,0,0,5926,1,0,0,0,0,0,0,0,0
80,2017-04-20,09:00:50,0,SM705,XZCE,5926,5920,5952,1302,38616080,20262,20286,6314,5598,5956,5960,0,5936,0,0,0,2017-04-20,32450000,5922,1,0,0,0,0,0,0,0,0,5928,4,0,0,0,0,0,0,0,0
81,2017-04-20,09:00:51,0,SM705,XZCE,5922,5920,5952,1308,38793740,20264,20286,6314,5598,5956,5960,0,5936,0,0,0,2017-04-20,32451000,5920,85,0,0,0,0,0,0,0,0,5928,4,0,0,0,0,0,0,0,0
82,2017-04-20,09:00:51,0,SM705,XZCE,5928,5920,5952,1314,38971580,20264,20286,6314,5598,5956,5960,0,5936,0,0,0,2017-04-20,32451000,5920,85,0,0,0,0,0,0,0,0,5928,1,0,0,0,0,0,0,0,0
83,2017-04-20,09:00:52,0,SM705,XZCE,5922,5920,5952,1316,39030800,20262,20286,6314,5598,5956,5960,0,5936,0,0,0,2017-04-20,32452000,5922,1,0,0,0,0,0,0,0,0,5928,1,0,0,0,0,0,0,0,0
84,2017-04-20,09:00:52,0,SM705,XZCE,5920,5920,5952,1322,39208400,20262,20286,6314,5598,5956,5960,0,5936,0,0,0,2017-04-20,32452000,5920,84,0,0,0,0,0,0,0,0,5928,1,0,0,0,0,0,0,0,0
85,2017-04-20,09:00:52,0,SM705,XZCE,5920,5920,5952,1322,39208400,20262,20286,6314,5598,5956,5960,0,5936,0,0,0,2017-04-20,32452000,5922,4,0,0,0,0,0,0,0,0,5928,1,0,0,0,0,0,0,0,0
86,2017-04-20,09:00:53,0,SM705,XZCE,5922,5920,5952,1326,39326840,20266,20286,6314,5598,5956,5960,0,5936,0,0,0,2017-04-20,32453000,5922,6,0,0,0,0,0,0,0,0,5928,1,0,0,0,0,0,0,0,0
87,2017-04-20,09:00:54,0,SM705,XZCE,5922,5920,5952,1326,39326840,20266,20286,6314,5598,5956,5960,0,5936,0,0,0,2017-04-20,32454000,5924,1,0,0,0,0,0,0,0,0,5928,3,0,0,0,0,0,0,0,0
88,2017-04-20,09:00:54,0,SM705,XZCE,5922,5920,5952,1326,39326840,20266,20286,6314,5598,5956,5960,0,5936,0,0,0,2017-04-20,32454000,5924,1,0,0,0,0,0,0,0,0,5926,1,0,0,0,0,0,0,0,0
89,2017-04-20,09:00:55,0,SM705,XZCE,5922,5920,5952,1330,39445280,20268,20286,6314,5598,5956,5960,0,5936,0,0,0,2017-04-20,32455000,5922,5,0,0,0,0,0,0,0,0,5926,1,0,0,0,0,0,0,0,0
90,2017-04-20,09:00:55,0,SM705,XZCE,5922,5920,5952,1330,39445280,20268,20286,6314,5598,5956,5960,0,5936,0,0,0,2017-04-20,32455000,5922,1,0,0,0,0,0,0,0,0,5926,1,0,0,0,0,0,0,0,0
91,2017-04-20,09:00:56,0,SM705,XZCE,5926,5920,5952,1332,39504540,20266,20286,6314,5598,5956,5960,0,5936,0,0,0,2017-04-20,32456000,5922,5,0,0,0,0,0,0,0,0,5928,3,0,0,0,0,0,0,0,0
92,2017-04-20,09:00:57,0,SM705,XZCE,5926,5920,5952,1332,39504540,20266,20286,6314,5598,5956,5960,0,5936,0,0,0,2017-04-20,32457000,5922,5,0,0,0,0,0,0,0,0,5928,2,0,0,0,0,0,0,0,0
93,2017-04-20,09:00:57,0,SM705,XZCE,5926,5920,5952,1332,39504540,20266,20286,6314,5598,5956,5960,0,5936,0,0,0,2017-04-20,32457000,5922,6,0,0,0,0,0,0,0,0,5928,2,0,0,0,0,0,0,0,0
94,2017-04-20,09:00:58,0,SM705,XZCE,5926,5920,5952,1332,39504540,20266,20286,6314,5598,5956,5960,0,5936,0,0,0,2017-04-20,32458000,5922,6,0,0,0,0,0,0,0,0,5928,3,0,0,0,0,0,0,0,0
95,2017-04-20,09:00:59,0,SM705,XZCE,5922,5920,5952,1334,39563760,20268,20286,6314,5598,5956,5960,0,5936,0,0,0,2017-04-20,32459000,5922,5,0,0,0,0,0,0,0,0,5928,3,0,0,0,0,0,0,0,0
96,2017-04-20,09:01:00,0,SM705,XZCE,5922,5920,5952,1344,39859860,20270,20286,6314,5598,5956,5960,0,5936,0,0,0,2017-04-20,32460000,5922,1,0,0,0,0,0,0,0,0,5928,3,0,0,0,0,0,0,0,0
97,2017-04-20,09:01:01,0,SM705,XZCE,5922,5920,5952,1344,39859860,20270,20286,6314,5598,5956,5960,0,5936,0,0,0,2017-04-20,32461000,5922,2,0,0,0,0,0,0,0,0,5928,3,0,0,0,0,0,0,0,0
98,2017-04-20,09:01:02,0,SM705,XZCE,5922,5920,5952,1348,39978300,20270,20286,6314,5598,5956,5960,0,5936,0,0,0,2017-04-20,32462000,5920,140,0,0,0,0,0,0,0,0,5922,3,0,0,0,0,0,0,0,0
99,2017-04-20,09:01:02,0,SM705,XZCE,5922,5920,5952,1354,40155960,20264,20286,6314,5598,5956,5960,0,5936,0,0,0,2017-04-20,32462000,5922,1,0,0,0,0,0,0,0,0,5928,3,0,0,0,0,0,0,0,0
100,2017-04-20,09:01:03,0,SM705,XZCE,5922,5920,5952,1354,40155960,20264,20286,6314,5598,5956,5960,0,5936,0,0,0,2017-04-20,32463000,5922,7,0,0,0,0,0,0,0,0,5926,1,0,0,0,0,0,0,0,0
101,2017-04-20,09:01:04,0,SM705,XZCE,5922,5920,5952,1354,40155960,20264,20286,6314,5598,5956,5960,0,5936,0,0,0,2017-04-20,32464000,5922,6,0,0,0,0,0,0,0,0,5926,1,0,0,0,0,0,0,0,0
102,2017-04-20,09:01:04,0,SM705,XZCE,5928,5920,5952,1364,40452360,20262,20286,6314,5598,5956,5960,0,5936,0,0,0,2017-04-20,32464000,5928,5,0,0,0,0,0,0,0,0,5930,1,0,0,0,0,0,0,0,0
103,2017-04-20,09:01:04,0,SM705,XZCE,5928,5920,5952,1364,40452360,20262,20286,6314,5598,5956,5960,0,5936,0,0,0,2017-04-20,32464000,5928,6,0,0,0,0,0,0,0,0,5930,1,0,0,0,0,0,0,0,0
104,2017-04-20,09:01:05,0,SM705,XZCE,5928,5920,5952,1372,40689480,20254,20286,6314,5598,5956,5960,0,5936,0,0,0,2017-04-20,32465000,5928,2,0,0,0,0,0,0,0,0,5930,2,0,0,0,0,0,0,0,0
105,2017-04-20,09:01:06,0,SM705,XZCE,5928,5920,5952,1372,40689480,20254,20286,6314,5598,5956,5960,0,5936,0,0,0,2017-04-20,32466000,5928,2,0,0,0,0,0,0,0,0,5930,3,0,0,0,0,0,0,0,0
106,2017-04-20,09:01:06,0,SM705,XZCE,5928,5920,5952,1372,40689480,20254,20286,6314,5598,5956,5960,0,5936,0,0,0,2017-04-20,32466000,5928,2,0,0,0,0,0,0,0,0,5930,2,0,0,0,0,0,0,0,0
107,2017-04-20,09:01:06,0,SM705,XZCE,5928,5920,5952,1372,40689480,20254,20286,6314,5598,5956,5960,0,5936,0,0,0,2017-04-20,32466000,5928,3,0,0,0,0,0,0,0,0,5930,2,0,0,0,0,0,0,0,0
108,2017-04-20,09:01:07,0,SM705,XZCE,5930,5920,5952,1374,40748780,20256,20286,6314,5598,5956,5960,0,5936,0,0,0,2017-04-20,32467000,5928,3,0,0,0,0,0,0,0,0,5930,1,0,0,0,0,0,0,0,0
109,2017-04-20,09:01:08,0,SM705,XZCE,5930,5920,5952,1380,40926680,20258,20286,6314,5598,5956,5960,0,5936,0,0,0,2017-04-20,32468000,5928,3,0,0,0,0,0,0,0,0,5934,1,0,0,0,0,0,0,0,0
110,2017-04-20,09:01:09,0,SM705,XZCE,5930,5920,5952,1380,40926680,20258,20286,6314,5598,5956,5960,0,5936,0,0,0,2017-04-20,32469000,5928,4,0,0,0,0,0,0,0,0,5934,1,0,0,0,0,0,0,0,0
111,2017-04-20,09:01:10,0,SM705,XZCE,5936,5920,5952,1392,41282840,20264,20286,6314,5598,5956,5960,0,5936,0,0,0,2017-04-20,32470000,5930,1,0,0,0,0,0,0,0,0,5934,3,0,0,0,0,0,0,0,0
112,2017-04-20,09:01:10,0,SM705,XZCE,5936,5920,5952,1392,41282840,20264,20286,6314,5598,5956,5960,0,5936,0,0,0,2017-04-20,32470000,5930,3,0,0,0,0,0,0,0,0,5934,4,0,0,0,0,0,0,0,0
113,2017-04-20,09:01:11,0,SM705,XZCE,5936,5920,5952,1392,41282840,20264,20286,6314,5598,5956,5960,0,5936,0,0,0,2017-04-20,32471000,5930,4,0,0,0,0,0,0,0,0,5934,4,0,0,0,0,0,0,0,0
114,2017-04-20,09:01:11,0,SM705,XZCE,5936,5920,5952,1402,41579640,20266,20286,6314,5598,5956,5960,0,5936,0,0,0,2017-04-20,32471000,5930,6,0,0,0,0,0,0,0,0,5936,1,0,0,0,0,0,0,0,0
115,2017-04-20,09:01:12,0,SM705,XZCE,5934,5920,5952,1404,41638980,20266,20286,6314,5598,5956,5960,0,5936,0,0,0,2017-04-20,32472000,5934,5,0,0,0,0,0,0,0,0,5936,1,0,0,0,0,0,0,0,0
116,2017-04-20,09:01:12,0,SM705,XZCE,5936,5920,5952,1406,41698340,20264,20286,6314,5598,5956,5960,0,5936,0,0,0,2017-04-20,32472000,5934,21,0,0,0,0,0,0,0,0,5938,11,0,0,0,0,0,0,0,0
117,2017-04-20,09:01:13,0,SM705,XZCE,5936,5920,5952,1406,41698340,20264,20286,6314,5598,5956,5960,0,5936,0,0,0,2017-04-20,32473000,5934,22,0,0,0,0,0,0,0,0,5936,1,0,0,0,0,0,0,0,0
118,2017-04-20,09:01:13,0,SM705,XZCE,5936,5920,5952,1422,42173220,20264,20286,6314,5598,5956,5960,0,5936,0,0,0,2017-04-20,32473000,5934,22,0,0,0,0,0,0,0,0,5938,1,0,0,0,0,0,0,0,0
119,2017-04-20,09:01:14,0,SM705,XZCE,5938,5920,5952,1424,42232600,20264,20286,6314,5598,5956,5960,0,5936,0,0,0,2017-04-20,32474000,5934,59,0,0,0,0,0,0,0,0,5940,4,0,0,0,0,0,0,0,0
120,2017-04-20,09:01:15,0,SM705,XZCE,5940,5920,5952,1426,42292000,20264,20286,6314,5598,5956,5960,0,5936,0,0,0,2017-04-20,32475000,5934,59,0,0,0,0,0,0,0,0,5940,3,0,0,0,0,0,0,0,0
121,2017-04-20,09:01:15,0,SM705,XZCE,5940,5920,5952,1426,42292000,20264,20286,6314,5598,5956,5960,0,5936,0,0,0,2017-04-20,32475000,5938,1,0,0,0,0,0,0,0,0,5940,14,0,0,0,0,0,0,0,0
122,2017-04-20,09:01:16,0,SM705,XZCE,5940,5920,5952,1426,42292000,20264,20286,6314,5598,5956,5960,0,5936,0,0,0,2017-04-20,32476000,5938,3,0,0,0,0,0,0,0,0,5940,14,0,0,0,0,0,0,0,0
123,2017-04-20,09:01:17,0,SM705,XZCE,5940,5920,5952,1426,42292000,20264,20286,6314,5598,5956,5960,0,5936,0,0,0,2017-04-20,32477000,5938,3,0,0,0,0,0,0,0,0,5940,17,0,0,0,0,0,0,0,0
124,2017-04-20,09:01:17,0,SM705,XZCE,5938,5920,5952,1432,42470140,20270,20286,6314,5598,5956,5960,0,5936,0,0,0,2017-04-20,32477000,5938,1,0,0,0,0,0,0,0,0,5940,14,0,0,0,0,0,0,0,0
125,2017-04-20,09:01:18,0,SM705,XZCE,5940,5920,5952,1436,42588940,20270,20286,6314,5598,5956,5960,0,5936,0,0,0,2017-04-20,32478000,5938,1,0,0,0,0,0,0,0,0,5940,12,0,0,0,0,0,0,0,0
126,2017-04-20,09:01:20,0,SM705,XZCE,5940,5920,5952,1460,43301740,20290,20286,6314,5598,5956,5960,0,5936,0,0,0,2017-04-20,32480000,5934,59,0,0,0,0,0,0,0,0,5940,2,0,0,0,0,0,0,0,0
127,2017-04-20,09:01:21,0,SM705,XZCE,5940,5920,5952,1460,43301740,20290,20286,6314,5598,5956,5960,0,5936,0,0,0,2017-04-20,32481000,5934,60,0,0,0,0,0,0,0,0,5940,2,0,0,0,0,0,0,0,0
128,2017-04-20,09:01:22,0,SM705,XZCE,5940,5920,5952,1460,43301740,20290,20286,6314,5598,5956,5960,0,5936,0,0,0,2017-04-20,32482000,5934,23,0,0,0,0,0,0,0,0,5940,2,0,0,0,0,0,0,0,0
129,2017-04-20,09:01:22,0,SM705,XZCE,5940,5920,5952,1460,43301740,20290,20286,6314,5598,5956,5960,0,5936,0,0,0,2017-04-20,32482000,5936,1,0,0,0,0,0,0,0,0,5940,2,0,0,0,0,0,0,0,0
130,2017-04-20,09:01:22,0,SM705,XZCE,5940,5920,5952,1460,43301740,20290,20286,6314,5598,5956,5960,0,5936,0,0,0,2017-04-20,32482000,5934,23,0,0,0,0,0,0,0,0,5940,2,0,0,0,0,0,0,0,0
131,2017-04-20,09:01:24,0,SM705,XZCE,5940,5920,5952,1460,43301740,20290,20286,6314,5598,5956,5960,0,5936,0,0,0,2017-04-20,32484000,5936,1,0,0,0,0,0,0,0,0,5938,4,0,0,0,0,0,0,0,0
132,2017-04-20,09:01:24,0,SM705,XZCE,5938,5920,5952,1462,43361120,20288,20286,6314,5598,5956,5960,0,5936,0,0,0,2017-04-20,32484000,5934,27,0,0,0,0,0,0,0,0,5938,7,0,0,0,0,0,0,0,0
133,2017-04-20,09:01:25,0,SM705,XZCE,5938,5920,5952,1462,43361120,20288,20286,6314,5598,5956,5960,0,5936,0,0,0,2017-04-20,32485000,5934,28,0,0,0,0,0,0,0,0,5938,7,0,0,0,0,0,0,0,0
134,2017-04-20,09:01:25,0,SM705,XZCE,5940,5920,5952,1480,43895720,20272,20286,6314,5598,5956,5960,0,5936,0,0,0,2017-04-20,32485000,5940,1,0,0,0,0,0,0,0,0,5944,1,0,0,0,0,0,0,0,0
135,2017-04-20,09:01:26,0,SM705,XZCE,5934,5920,5952,1540,45675920,20306,20286,6314,5598,5956,5960,0,5936,0,0,0,2017-04-20,32486000,5932,4,0,0,0,0,0,0,0,0,5938,4,0,0,0,0,0,0,0,0
136,2017-04-20,09:01:27,0,SM705,XZCE,5934,5920,5952,1540,45675920,20306,20286,6314,5598,5956,5960,0,5936,0,0,0,2017-04-20,32487000,5934,2,0,0,0,0,0,0,0,0,5944,6,0,0,0,0,0,0,0,0
137,2017-04-20,09:01:27,0,SM705,XZCE,5934,5920,5952,1540,45675920,20306,20286,6314,5598,5956,5960,0,5936,0,0,0,2017-04-20,32487000,5938,37,0,0,0,0,0,0,0,0,5942,6,0,0,0,0,0,0,0,0
138,2017-04-20,09:01:28,0,SM705,XZCE,5944,5920,5952,1556,46151440,20290,20286,6314,5598,5956,5960,0,5936,0,0,0,2017-04-20,32488000,5944,7,0,0,0,0,0,0,0,0,5946,19,0,0,0,0,0,0,0,0
139,2017-04-20,09:01:29,0,SM705,XZCE,5944,5920,5952,1564,46389200,20290,20286,6314,5598,5956,5960,0,5936,0,0,0,2017-04-20,32489000,5944,3,0,0,0,0,0,0,0,0,5946,19,0,0,0,0,0,0,0,0
140,2017-04-20,09:01:30,0,SM705,XZCE,5944,5920,5952,1574,46686400,20282,20286,6314,5598,5956,5960,0,5936,0,0,0,2017-04-20,32490000,5938,37,0,0,0,0,0,0,0,0,5944,1,0,0,0,0,0,0,0,0
141,2017-04-20,09:01:31,0,SM705,XZCE,5944,5920,5952,1574,46686400,20282,20286,6314,5598,5956,5960,0,5936,0,0,0,2017-04-20,32491000,5940,4,0,0,0,0,0,0,0,0,5944,1,0,0,0,0,0,0,0,0
142,2017-04-20,09:01:33,0,SM705,XZCE,5944,5920,5952,1576,46745840,20282,20286,6314,5598,5956,5960,0,5936,0,0,0,2017-04-20,32493000,5940,4,0,0,0,0,0,0,0,0,5946,22,0,0,0,0,0,0,0,0
143,2017-04-20,09:01:33,0,SM705,XZCE,5940,5920,5952,1586,47042840,20282,20286,6314,5598,5956,5960,0,5936,0,0,0,2017-04-20,32493000,5938,37,0,0,0,0,0,0,0,0,5946,22,0,0,0,0,0,0,0,0
144,2017-04-20,09:01:34,0,SM705,XZCE,5940,5920,5952,1586,47042840,20282,20286,6314,5598,5956,5960,0,5936,0,0,0,2017-04-20,32494000,5938,37,0,0,0,0,0,0,0,0,5944,2,0,0,0,0,0,0,0,0
145,2017-04-20,09:01:36,0,SM705,XZCE,5940,5920,5952,1586,47042840,20282,20286,6314,5598,5956,5960,0,5936,0,0,0,2017-04-20,32496000,5940,37,0,0,0,0,0,0,0,0,5944,3,0,0,0,0,0,0,0,0
146,2017-04-20,09:01:37,0,SM705,XZCE,5944,5920,5952,1588,47102280,20284,20286,6314,5598,5956,5960,0,5936,0,0,0,2017-04-20,32497000,5942,4,0,0,0,0,0,0,0,0,5944,2,0,0,0,0,0,0,0,0
147,2017-04-20,09:01:37,0,SM705,XZCE,5942,5920,5952,1596,47339960,20288,20286,6314,5598,5956,5960,0,5936,0,0,0,2017-04-20,32497000,5942,2,0,0,0,0,0,0,0,0,5946,23,0,0,0,0,0,0,0,0
148,2017-04-20,09:01:38,0,SM705,XZCE,5944,5920,5952,1600,47458840,20288,20286,6314,5598,5956,5960,0,5936,0,0,0,2017-04-20,32498000,5944,21,0,0,0,0,0,0,0,0,5946,23,0,0,0,0,0,0,0,0
149,2017-04-20,09:01:39,0,SM705,XZCE,5946,5920,5952,1602,47518300,20286,20286,6314,5598,5956,5960,0,5936,0,0,0,2017-04-20,32499000,5944,21,0,0,0,0,0,0,0,0,5946,22,0,0,0,0,0,0,0,0
150,2017-04-20,09:01:40,0,SM705,XZCE,5946,5920,5952,1608,47696680,20286,20286,6314,5598,5956,5960,0,5936,0,0,0,2017-04-20,32500000,5944,21,0,0,0,0,0,0,0,0,5946,19,0,0,0,0,0,0,0,0
151,2017-04-20,09:01:40,0,SM705,XZCE,5946,5920,5952,1612,47815600,20282,20286,6314,5598,5956,5960,0,5936,0,0,0,2017-04-20,32500000,5944,23,0,0,0,0,0,0,0,0,5946,17,0,0,0,0,0,0,0,0
152,2017-04-20,09:01:41,0,SM705,XZCE,5944,5920,5952,1622,48112800,20284,20286,6314,5598,5956,5960,0,5936,0,0,0,2017-04-20,32501000,5944,22,0,0,0,0,0,0,0,0,5946,13,0,0,0,0,0,0,0,0
153,2017-04-20,09:01:42,0,SM705,XZCE,5946,5920,5952,1648,48885780,20262,20286,6314,5598,5956,5960,0,5936,0,0,0,2017-04-20,32502000,5944,22,0,0,0,0,0,0,0,0,5954,4,0,0,0,0,0,0,0,0
154,2017-04-20,09:01:42,0,SM705,XZCE,5946,5920,5952,1648,48885780,20262,20286,6314,5598,5956,5960,0,5936,0,0,0,2017-04-20,32502000,5944,25,0,0,0,0,0,0,0,0,5962,4,0,0,0,0,0,0,0,0
155,2017-04-20,09:01:43,0,SM705,XZCE,5964,5920,5964,1664,49362900,20254,20286,6314,5598,5956,5960,0,5936,0,0,0,2017-04-20,32503000,5946,7,0,0,0,0,0,0,0,0,5960,4,0,0,0,0,0,0,0,0
156,2017-04-20,09:01:43,0,SM705,XZCE,5962,5920,5964,1666,49422520,20254,20286,6314,5598,5956,5960,0,5936,0,0,0,2017-04-20,32503000,5948,1,0,0,0,0,0,0,0,0,5960,3,0,0,0,0,0,0,0,0
157,2017-04-20,09:01:44,0,SM705,XZCE,5960,5920,5964,1668,49482120,20252,20286,6314,5598,5956,5960,0,5936,0,0,0,2017-04-20,32504000,5950,3,0,0,0,0,0,0,0,0,5958,1,0,0,0,0,0,0,0,0
158,2017-04-20,09:01:44,0,SM705,XZCE,5960,5920,5964,1668,49482120,20252,20286,6314,5598,5956,5960,0,5936,0,0,0,2017-04-20,32504000,5948,4,0,0,0,0,0,0,0,0,5950,1,0,0,0,0,0,0,0,0
159,2017-04-20,09:01:45,0,SM705,XZCE,5966,5920,5966,1684,49959400,20254,20286,6314,5598,5956,5960,0,5936,0,0,0,2017-04-20,32505000,5960,14,0,0,0,0,0,0,0,0,5968,3,0,0,0,0,0,0,0,0
160,2017-04-20,09:01:45,0,SM705,XZCE,5982,5920,5982,1716,50916520,20244,20286,6314,5598,5956,5960,0,5936,0,0,0,2017-04-20,32505000,5962,1,0,0,0,0,0,0,0,0,5966,1,0,0,0,0,0,0,0,0
161,2017-04-20,09:01:46,0,SM705,XZCE,5962,5920,5982,1726,51214620,20238,20286,6314,5598,5956,5960,0,5936,0,0,0,2017-04-20,32506000,5962,4,0,0,0,0,0,0,0,0,5966,3,0,0,0,0,0,0,0,0
162,2017-04-20,09:01:47,0,SM705,XZCE,5966,5920,5982,1728,51274280,20238,20286,6314,5598,5956,5960,0,5936,0,0,0,2017-04-20,32507000,5962,4,0,0,0,0,0,0,0,0,5966,2,0,0,0,0,0,0,0,0
163,2017-04-20,09:01:47,0,SM705,XZCE,5966,5920,5982,1736,51512920,20234,20286,6314,5598,5956,5960,0,5936,0,0,0,2017-04-20,32507000,5962,9,0,0,0,0,0,0,0,0,5966,1,0,0,0,0,0,0,0,0
164,2017-04-20,09:01:48,0,SM705,XZCE,5966,5920,5982,1738,51572580,20234,20286,6314,5598,5956,5960,0,5936,0,0,0,2017-04-20,32508000,5968,1,0,0,0,0,0,0,0,0,5980,1,0,0,0,0,0,0,0,0
165,2017-04-20,09:01:48,0,SM705,XZCE,5966,5920,5982,1738,51572580,20234,20286,6314,5598,5956,5960,0,5936,0,0,0,2017-04-20,32508000,5968,1,0,0,0,0,0,0,0,0,5978,1,0,0,0,0,0,0,0,0
166,2017-04-20,09:01:49,0,SM705,XZCE,5978,5920,5982,1742,51692140,20234,20286,6314,5598,5956,5960,0,5936,0,0,0,2017-04-20,32509000,5968,1,0,0,0,0,0,0,0,0,5978,3,0,0,0,0,0,0,0,0
167,2017-04-20,09:01:49,0,SM705,XZCE,5968,5920,5982,1744,51751820,20234,20286,6314,5598,5956,5960,0,5936,0,0,0,2017-04-20,32509000,5970,4,0,0,0,0,0,0,0,0,5976,1,0,0,0,0,0,0,0,0
168,2017-04-20,09:01:50,0,SM705,XZCE,5968,5920,5982,1744,51751820,20234,20286,6314,5598,5956,5960,0,5936,0,0,0,2017-04-20,32510000,5972,1,0,0,0,0,0,0,0,0,5976,1,0,0,0,0,0,0,0,0
169,2017-04-20,09:01:50,0,SM705,XZCE,5970,5920,5982,1750,51930920,20230,20286,6314,5598,5956,5960,0,5936,0,0,0,2017-04-20,32510000,5966,7,0,0,0,0,0,0,0,0,5978,3,0,0,0,0,0,0,0,0
170,2017-04-20,09:01:51,0,SM705,XZCE,5970,5920,5982,1750,51930920,20230,20286,6314,5598,5956,5960,0,5936,0,0,0,2017-04-20,32511000,5966,7,0,0,0,0,0,0,0,0,5974,6,0,0,0,0,0,0,0,0
171,2017-04-20,09:01:51,0,SM705,XZCE,5968,5920,5982,1752,51990600,20230,20286,6314,5598,5956,5960,0,5936,0,0,0,2017-04-20,32511000,5966,7,0,0,0,0,0,0,0,0,5974,5,0,0,0,0,0,0,0,0
172,2017-04-20,09:01:52,0,SM705,XZCE,5974,5920,5982,1756,52110080,20232,20286,6314,5598,5956,5960,0,5936,0,0,0,2017-04-20,32512000,5966,7,0,0,0,0,0,0,0,0,5972,1,0,0,0,0,0,0,0,0
173,2017-04-20,09:01:52,0,SM705,XZCE,5972,5920,5982,1758,52169800,20232,20286,6314,5598,5956,5960,0,5936,0,0,0,2017-04-20,32512000,5968,1,0,0,0,0,0,0,0,0,5974,3,0,0,0,0,0,0,0,0
174,2017-04-20,09:01:53,0,SM705,XZCE,5978,5920,5982,1768,52468700,20238,20286,6314,5598,5956,5960,0,5936,0,0,0,2017-04-20,32513000,5966,7,0,0,0,0,0,0,0,0,5978,2,0,0,0,0,0,0,0,0
175,2017-04-20,09:01:53,0,SM705,XZCE,5978,5920,5982,1768,52468700,20238,20286,6314,5598,5956,5960,0,5936,0,0,0,2017-04-20,32513000,5968,1,0,0,0,0,0,0,0,0,5970,2,0,0,0,0,0,0,0,0
176,2017-04-20,09:01:54,0,SM705,XZCE,5976,5920,5982,1784,52946780,20240,20286,6314,5598,5956,5960,0,5936,0,0,0,2017-04-20,32514000,5966,7,0,0,0,0,0,0,0,0,5978,2,0,0,0,0,0,0,0,0
177,2017-04-20,09:01:54,0,SM705,XZCE,5976,5920,5982,1784,52946780,20240,20286,6314,5598,5956,5960,0,5936,0,0,0,2017-04-20,32514000,5974,1,0,0,0,0,0,0,0,0,5976,1,0,0,0,0,0,0,0,0
178,2017-04-20,09:01:55,0,SM705,XZCE,5976,5920,5982,1784,52946780,20240,20286,6314,5598,5956,5960,0,5936,0,0,0,2017-04-20,32515000,5974,2,0,0,0,0,0,0,0,0,5980,1,0,0,0,0,0,0,0,0
179,2017-04-20,09:01:55,0,SM705,XZCE,5974,5920,5982,1788,53066260,20242,20286,6314,5598,5956,5960,0,5936,0,0,0,2017-04-20,32515000,5972,3,0,0,0,0,0,0,0,0,5980,1,0,0,0,0,0,0,0,0
180,2017-04-20,09:01:55,0,SM705,XZCE,5974,5920,5982,1788,53066260,20242,20286,6314,5598,5956,5960,0,5936,0,0,0,2017-04-20,32515000,5972,3,0,0,0,0,0,0,0,0,5980,5,0,0,0,0,0,0,0,0
181,2017-04-20,09:01:57,0,SM705,XZCE,5974,5920,5982,1790,53126000,20240,20286,6314,5598,5956,5960,0,5936,0,0,0,2017-04-20,32517000,5974,40,0,0,0,0,0,0,0,0,5980,5,0,0,0,0,0,0,0,0
182,2017-04-20,09:01:57,0,SM705,XZCE,5974,5920,5982,1790,53126000,20240,20286,6314,5598,5956,5960,0,5936,0,0,0,2017-04-20,32517000,5976,1,0,0,0,0,0,0,0,0,5978,1,0,0,0,0,0,0,0,0
183,2017-04-20,09:01:59,0,SM705,XZCE,5976,5920,5982,1794,53245520,20242,20286,6314,5598,5956,5960,0,5936,0,0,0,2017-04-20,32519000,5974,37,0,0,0,0,0,0,0,0,5982,14,0,0,0,0,0,0,0,0
184,2017-04-20,09:01:59,0,SM705,XZCE,5976,5920,5982,1794,53245520,20242,20286,6314,5598,5956,5960,0,5936,0,0,0,2017-04-20,32519000,5974,37,0,0,0,0,0,0,0,0,5976,10,0,0,0,0,0,0,0,0
185,2017-04-20,09:02:00,0,SM705,XZCE,5976,5920,5982,1804,53544320,20250,20286,6314,5598,5956,5960,0,5936,0,0,0,2017-04-20,32520000,5974,40,0,0,0,0,0,0,0,0,5976,5,0,0,0,0,0,0,0,0
186,2017-04-20,09:02:00,0,SM705,XZCE,5976,5920,5982,1810,53723600,20252,20286,6314,5598,5956,5960,0,5936,0,0,0,2017-04-20,32520000,5974,38,0,0,0,0,0,0,0,0,5976,4,0,0,0,0,0,0,0,0
187,2017-04-20,09:02:01,0,SM705,XZCE,5974,5920,5982,1816,53902820,20250,20286,6314,5598,5956,5960,0,5936,0,0,0,2017-04-20,32521000,5974,36,0,0,0,0,0,0,0,0,5976,4,0,0,0,0,0,0,0,0
188,2017-04-20,09:02:01,0,SM705,XZCE,5974,5920,5982,1822,54082040,20250,20286,6314,5598,5956,5960,0,5936,0,0,0,2017-04-20,32521000,5974,34,0,0,0,0,0,0,0,0,5976,3,0,0,0,0,0,0,0,0
189,2017-04-20,09:02:02,0,SM705,XZCE,5974,5920,5982,1890,56113200,20188,20286,6314,5598,5956,5960,0,5936,0,0,0,2017-04-20,32522000,5972,1,0,0,0,0,0,0,0,0,5974,12,0,0,0,0,0,0,0,0
190,2017-04-20,09:02:02,0,SM705,XZCE,5972,5920,5982,1892,56172920,20188,20286,6314,5598,5956,5960,0,5936,0,0,0,2017-04-20,32522000,5968,4,0,0,0,0,0,0,0,0,5972,5,0,0,0,0,0,0,0,0
191,2017-04-20,09:02:03,0,SM705,XZCE,5972,5920,5982,1894,56232640,20188,20286,6314,5598,5956,5960,0,5936,0,0,0,2017-04-20,32523000,5966,4,0,0,0,0,0,0,0,0,5968,4,0,0,0,0,0,0,0,0
192,2017-04-20,09:02:04,0,SM705,XZCE,5972,5920,5982,1894,56232640,20188,20286,6314,5598,5956,5960,0,5936,0,0,0,2017-04-20,32524000,5966,5,0,0,0,0,0,0,0,0,5968,6,0,0,0,0,0,0,0,0
193,2017-04-20,09:02:04,0,SM705,XZCE,5966,5920,5982,1904,56530940,20192,20286,6314,5598,5956,5960,0,5936,0,0,0,2017-04-20,32524000,5962,7,0,0,0,0,0,0,0,0,5966,1,0,0,0,0,0,0,0,0
194,2017-04-20,09:02:05,0,SM705,XZCE,5962,5920,5982,1918,56948280,20194,20286,6314,5598,5956,5960,0,5936,0,0,0,2017-04-20,32525000,5962,2,0,0,0,0,0,0,0,0,5968,6,0,0,0,0,0,0,0,0
195,2017-04-20,09:02:05,0,SM705,XZCE,5972,5920,5982,1940,57605200,20196,20286,6314,5598,5956,5960,0,5936,0,0,0,2017-04-20,32525000,5964,2,0,0,0,0,0,0,0,0,5966,4,0,0,0,0,0,0,0,0
196,2017-04-20,09:02:06,0,SM705,XZCE,5966,5920,5982,1942,57664860,20198,20286,6314,5598,5956,5960,0,5936,0,0,0,2017-04-20,32526000,5964,2,0,0,0,0,0,0,0,0,5972,1,0,0,0,0,0,0,0,0
197,2017-04-20,09:02:07,0,SM705,XZCE,5964,5920,5982,1944,57724500,20196,20286,6314,5598,5956,5960,0,5936,0,0,0,2017-04-20,32527000,5966,1,0,0,0,0,0,0,0,0,5972,1,0,0,0,0,0,0,0,0
198,2017-04-20,09:02:07,0,SM705,XZCE,5964,5920,5982,1946,57784140,20196,20286,6314,5598,5956,5960,0,5936,0,0,0,2017-04-20,32527000,5964,1,0,0,0,0,0,0,0,0,5972,1,0,0,0,0,0,0,0,0
199,2017-04-20,09:02:08,0,SM705,XZCE,5964,5920,5982,1946,57784140,20196,20286,6314,5598,5956,5960,0,5936,0,0,0,2017-04-20,32528000,5966,3,0,0,0,0,0,0,0,0,5972,1,0,0,0,0,0,0,0,0
200,2017-04-20,09:02:10,0,SM705,XZCE,5970,5920,5982,1948,57843840,20194,20286,6314,5598,5956,5960,0,5936,0,0,0,2017-04-20,32530000,5966,3,0,0,0,0,0,0,0,0,5972,1,0,0,0,0,0,0,0,0
201,2017-04-20,09:02:10,0,SM705,XZCE,5972,5920,5982,1952,57963280,20190,20286,6314,5598,5956,5960,0,5936,0,0,0,2017-04-20,32530000,5968,1,0,0,0,0,0,0,0,0,5974,4,0,0,0,0,0,0,0,0
202,2017-04-20,09:02:11,0,SM705,XZCE,5972,5920,5982,1952,57963280,20190,20286,6314,5598,5956,5960,0,5936,0,0,0,2017-04-20,32531000,5968,1,0,0,0,0,0,0,0,0,5972,7,0,0,0,0,0,0,0,0
203,2017-04-20,09:02:12,0,SM705,XZCE,5972,5920,5982,1952,57963280,20190,20286,6314,5598,5956,5960,0,5936,0,0,0,2017-04-20,32532000,5968,1,0,0,0,0,0,0,0,0,5972,11,0,0,0,0,0,0,0,0
204,2017-04-20,09:02:12,0,SM705,XZCE,5972,5920,5982,1956,58082720,20194,20286,6314,5598,5956,5960,0,5936,0,0,0,2017-04-20,32532000,5968,1,0,0,0,0,0,0,0,0,5972,9,0,0,0,0,0,0,0,0
205,2017-04-20,09:02:13,0,SM705,XZCE,5966,5920,5982,1980,58798640,20208,20286,6314,5598,5956,5960,0,5936,0,0,0,2017-04-20,32533000,5966,4,0,0,0,0,0,0,0,0,5972,1,0,0,0,0,0,0,0,0
206,2017-04-20,09:02:13,0,SM705,XZCE,5974,5920,5982,1994,59216820,20214,20286,6314,5598,5956,5960,0,5936,0,0,0,2017-04-20,32533000,5974,14,0,0,0,0,0,0,0,0,5976,3,0,0,0,0,0,0,0,0
207,2017-04-20,09:02:14,0,SM705,XZCE,5976,5920,5982,2000,59396100,20212,20286,6314,5598,5956,5960,0,5936,0,0,0,2017-04-20,32534000,5976,2,0,0,0,0,0,0,0,0,5978,2,0,0,0,0,0,0,0,0
208,2017-04-20,09:02:15,0,SM705,XZCE,5976,5920,5982,2030,60292500,20208,20286,6314,5598,5956,5960,0,5936,0,0,0,2017-04-20,32535000,5974,2,0,0,0,0,0,0,0,0,5976,9,0,0,0,0,0,0,0,0
209,2017-04-20,09:02:15,0,SM705,XZCE,5976,5920,5982,2032,60352260,20206,20286,6314,5598,5956,5960,0,5936,0,0,0,2017-04-20,32535000,5974,2,0,0,0,0,0,0,0,0,5976,8,0,0,0,0,0,0,0,0
210,2017-04-20,09:02:16,0,SM705,XZCE,5974,5920,5982,2034,60412000,20206,20286,6314,5598,5956,5960,0,5936,0,0,0,2017-04-20,32536000,5974,1,0,0,0,0,0,0,0,0,5976,8,0,0,0,0,0,0,0,0
211,2017-04-20,09:02:16,0,SM705,XZCE,5974,5920,5982,2036,60471740,20206,20286,6314,5598,5956,5960,0,5936,0,0,0,2017-04-20,32536000,5968,1,0,0,0,0,0,0,0,0,5976,9,0,0,0,0,0,0,0,0
212,2017-04-20,09:02:17,0,SM705,XZCE,5974,5920,5982,2036,60471740,20206,20286,6314,5598,5956,5960,0,5936,0,0,0,2017-04-20,32537000,5968,1,0,0,0,0,0,0,0,0,5976,1,0,0,0,0,0,0,0,0
213,2017-04-20,09:02:17,0,SM705,XZCE,5976,5920,5982,2038,60531500,20206,20286,6314,5598,5956,5960,0,5936,0,0,0,2017-04-20,32537000,5972,1,0,0,0,0,0,0,0,0,5978,2,0,0,0,0,0,0,0,0
214,2017-04-20,09:02:17,0,SM705,XZCE,5976,5920,5982,2038,60531500,20206,20286,6314,5598,5956,5960,0,5936,0,0,0,2017-04-20,32537000,5972,1,0,0,0,0,0,0,0,0,5978,1,0,0,0,0,0,0,0,0
215,2017-04-20,09:02:19,0,SM705,XZCE,5976,5920,5982,2038,60531500,20206,20286,6314,5598,5956,5960,0,5936,0,0,0,2017-04-20,32539000,5972,1,0,0,0,0,0,0,0,0,5976,2,0,0,0,0,0,0,0,0
216,2017-04-20,09:02:21,0,SM705,XZCE,5972,5920,5982,2040,60591220,20208,20286,6314,5598,5956,5960,0,5936,0,0,0,2017-04-20,32541000,5968,4,0,0,0,0,0,0,0,0,5976,2,0,0,0,0,0,0,0,0
217,2017-04-20,09:02:21,0,SM705,XZCE,5972,5920,5982,2040,60591220,20208,20286,6314,5598,5956,5960,0,5936,0,0,0,2017-04-20,32541000,5968,4,0,0,0,0,0,0,0,0,5976,3,0,0,0,0,0,0,0,0
218,2017-04-20,09:02:22,0,SM705,XZCE,5972,5920,5982,2040,60591220,20208,20286,6314,5598,5956,5960,0,5936,0,0,0,2017-04-20,32542000,5968,2,0,0,0,0,0,0,0,0,5972,1,0,0,0,0,0,0,0,0
219,2017-04-20,09:02:22,0,SM705,XZCE,5972,5920,5982,2040,60591220,20208,20286,6314,5598,5956,5960,0,5936,0,0,0,2017-04-20,32542000,5968,4,0,0,0,0,0,0,0,0,5972,1,0,0,0,0,0,0,0,0
220,2017-04-20,09:02:23,0,SM705,XZCE,5972,5920,5982,2042,60650940,20210,20286,6314,5598,5956,5960,0,5936,0,0,0,2017-04-20,32543000,5968,2,0,0,0,0,0,0,0,0,5976,3,0,0,0,0,0,0,0,0
221,2017-04-20,09:02:24,0,SM705,XZCE,5972,5920,5982,2042,60650940,20210,20286,6314,5598,5956,5960,0,5936,0,0,0,2017-04-20,32544000,5972,1,0,0,0,0,0,0,0,0,5974,1,0,0,0,0,0,0,0,0
222,2017-04-20,09:02:24,0,SM705,XZCE,5972,5920,5982,2042,60650940,20210,20286,6314,5598,5956,5960,0,5936,0,0,0,2017-04-20,32544000,5972,21,0,0,0,0,0,0,0,0,5974,1,0,0,0,0,0,0,0,0
223,2017-04-20,09:02:25,0,SM705,XZCE,5972,5920,5982,2042,60650940,20210,20286,6314,5598,5956,5960,0,5936,0,0,0,2017-04-20,32545000,5972,21,0,0,0,0,0,0,0,0,5976,13,0,0,0,0,0,0,0,0
224,2017-04-20,09:02:28,0,SM705,XZCE,5972,5920,5982,2042,60650940,20210,20286,6314,5598,5956,5960,0,5936,0,0,0,2017-04-20,32548000,5972,22,0,0,0,0,0,0,0,0,5976,13,0,0,0,0,0,0,0,0
225,2017-04-20,09:02:31,0,SM705,XZCE,5976,5920,5982,2044,60710700,20210,20286,6314,5598,5956,5960,0,5936,0,0,0,2017-04-20,32551000,5972,22,0,0,0,0,0,0,0,0,5976,12,0,0,0,0,0,0,0,0
226,2017-04-20,09:02:31,0,SM705,XZCE,5976,5920,5982,2058,61129020,20214,20286,6314,5598,5956,5960,0,5936,0,0,0,2017-04-20,32551000,5972,22,0,0,0,0,0,0,0,0,5976,5,0,0,0,0,0,0,0,0
227,2017-04-20,09:02:32,0,SM705,XZCE,5976,5920,5982,2058,61129020,20214,20286,6314,5598,5956,5960,0,5936,0,0,0,2017-04-20,32552000,5972,22,0,0,0,0,0,0,0,0,5976,6,0,0,0,0,0,0,0,0
228,2017-04-20,09:02:33,0,SM705,XZCE,5976,5920,5982,2066,61368060,20214,20286,6314,5598,5956,5960,0,5936,0,0,0,2017-04-20,32553000,5972,22,0,0,0,0,0,0,0,0,5976,1,0,0,0,0,0,0,0,0
229,2017-04-20,09:02:33,0,SM705,XZCE,5976,5920,5982,2068,61427820,20212,20286,6314,5598,5956,5960,0,5936,0,0,0,2017-04-20,32553000,5976,7,0,0,0,0,0,0,0,0,5978,3,0,0,0,0,0,0,0,0
230,2017-04-20,09:02:33,0,SM705,XZCE,5976,5920,5982,2068,61427820,20212,20286,6314,5598,5956,5960,0,5936,0,0,0,2017-04-20,32553000,5976,7,0,0,0,0,0,0,0,0,5978,2,0,0,0,0,0,0,0,0
231,2017-04-20,09:02:35,0,SM705,XZCE,5976,5920,5982,2070,61487580,20212,20286,6314,5598,5956,5960,0,5936,0,0,0,2017-04-20,32555000,5976,6,0,0,0,0,0,0,0,0,5978,3,0,0,0,0,0,0,0,0
232,2017-04-20,09:02:37,0,SM705,XZCE,5976,5920,5982,2070,61487580,20212,20286,6314,5598,5956,5960,0,5936,0,0,0,2017-04-20,32557000,5976,7,0,0,0,0,0,0,0,0,5978,3,0,0,0,0,0,0,0,0
233,2017-04-20,09:02:39,0,SM705,XZCE,5976,5920,5982,2074,61607100,20212,20286,6314,5598,5956,5960,0,5936,0,0,0,2017-04-20,32559000,5976,5,0,0,0,0,0,0,0,0,5978,2,0,0,0,0,0,0,0,0
234,2017-04-20,09:02:39,0,SM705,XZCE,5976,5920,5982,2076,61666860,20212,20286,6314,5598,5956,5960,0,5936,0,0,0,2017-04-20,32559000,5976,4,0,0,0,0,0,0,0,0,5978,2,0,0,0,0,0,0,0,0
235,2017-04-20,09:02:40,0,SM705,XZCE,5978,5920,5982,2080,61786420,20212,20286,6314,5598,5956,5960,0,5936,0,0,0,2017-04-20,32560000,5976,3,0,0,0,0,0,0,0,0,5978,1,0,0,0,0,0,0,0,0
236,2017-04-20,09:02:40,0,SM705,XZCE,5978,5920,5982,2086,61965760,20214,20286,6314,5598,5956,5960,0,5936,0,0,0,2017-04-20,32560000,5978,19,0,0,0,0,0,0,0,0,5980,1,0,0,0,0,0,0,0,0
237,2017-04-20,09:02:41,0,SM705,XZCE,5978,5920,5982,2090,62085320,20218,20286,6314,5598,5956,5960,0,5936,0,0,0,2017-04-20,32561000,5978,17,0,0,0,0,0,0,0,0,5980,1,0,0,0,0,0,0,0,0
238,2017-04-20,09:02:41,0,SM705,XZCE,5978,5920,5982,2094,62204880,20218,20286,6314,5598,5956,5960,0,5936,0,0,0,2017-04-20,32561000,5978,16,0,0,0,0,0,0,0,0,5982,10,0,0,0,0,0,0,0,0
239,2017-04-20,09:02:43,0,SM705,XZCE,5978,5920,5982,2096,62264660,20218,20286,6314,5598,5956,5960,0,5936,0,0,0,2017-04-20,32563000,5978,16,0,0,0,0,0,0,0,0,5982,10,0,0,0,0,0,0,0,0
240,2017-04-20,09:02:44,0,SM705,XZCE,5978,5920,5982,2096,62264660,20218,20286,6314,5598,5956,5960,0,5936,0,0,0,2017-04-20,32564000,5978,15,0,0,0,0,0,0,0,0,5982,10,0,0,0,0,0,0,0,0
241,2017-04-20,09:02:45,0,SM705,XZCE,5978,5920,5982,2096,62264660,20218,20286,6314,5598,5956,5960,0,5936,0,0,0,2017-04-20,32565000,5978,16,0,0,0,0,0,0,0,0,5982,12,0,0,0,0,0,0,0,0
242,2017-04-20,09:02:46,0,SM705,XZCE,5982,5920,5982,2100,62384300,20218,20286,6314,5598,5956,5960,0,5936,0,0,0,2017-04-20,32566000,5978,16,0,0,0,0,0,0,0,0,5982,10,0,0,0,0,0,0,0,0
243,2017-04-20,09:02:46,0,SM705,XZCE,5982,5920,5982,2104,62503940,20216,20286,6314,5598,5956,5960,0,5936,0,0,0,2017-04-20,32566000,5978,16,0,0,0,0,0,0,0,0,5982,8,0,0,0,0,0,0,0,0
244,2017-04-20,09:02:47,0,SM705,XZCE,5982,5920,5982,2116,62862860,20214,20286,6314,5598,5956,5960,0,5936,0,0,0,2017-04-20,32567000,5978,12,0,0,0,0,0,0,0,0,5982,7,0,0,0,0,0,0,0,0
245,2017-04-20,09:02:48,0,SM705,XZCE,5982,5920,5982,2118,62922680,20214,20286,6314,5598,5956,5960,0,5936,0,0,0,2017-04-20,32568000,5978,12,0,0,0,0,0,0,0,0,5982,6,0,0,0,0,0,0,0,0
246,2017-04-20,09:02:48,0,SM705,XZCE,5982,5920,5982,2122,63042320,20214,20286,6314,5598,5956,5960,0,5936,0,0,0,2017-04-20,32568000,5980,1,0,0,0,0,0,0,0,0,5982,4,0,0,0,0,0,0,0,0
247,2017-04-20,09:02:49,0,SM705,XZCE,5980,5920,5982,2126,63161920,20216,20286,6314,5598,5956,5960,0,5936,0,0,0,2017-04-20,32569000,5978,12,0,0,0,0,0,0,0,0,5982,3,0,0,0,0,0,0,0,0
248,2017-04-20,09:02:49,0,SM705,XZCE,5980,5920,5982,2126,63161920,20216,20286,6314,5598,5956,5960,0,5936,0,0,0,2017-04-20,32569000,5978,12,0,0,0,0,0,0,0,0,5980,1,0,0,0,0,0,0,0,0
249,2017-04-20,09:02:50,0,SM705,XZCE,5978,5920,5982,2130,63281480,20220,20286,6314,5598,5956,5960,0,5936,0,0,0,2017-04-20,32570000,5978,12,0,0,0,0,0,0,0,0,5980,1,0,0,0,0,0,0,0,0
250,2017-04-20,09:02:50,0,SM705,XZCE,5982,5920,5982,2138,63520760,20214,20286,6314,5598,5956,5960,0,5936,0,0,0,2017-04-20,32570000,5982,4,0,0,0,0,0,0,0,0,5984,5,0,0,0,0,0,0,0,0
251,2017-04-20,09:02:51,0,SM705,XZCE,5996,5920,5996,2184,64899840,20220,20286,6314,5598,5956,5960,0,5936,0,0,0,2017-04-20,32571000,5996,18,0,0,0,0,0,0,0,0,5998,30,0,0,0,0,0,0,0,0
252,2017-04-20,09:02:52,0,SM705,XZCE,5998,5920,5998,2186,64959820,20220,20286,6314,5598,5956,5960,0,5936,0,0,0,2017-04-20,32572000,5996,18,0,0,0,0,0,0,0,0,5998,29,0,0,0,0,0,0,0,0
253,2017-04-20,09:02:52,0,SM705,XZCE,5996,5920,5998,2190,65079740,20220,20286,6314,5598,5956,5960,0,5936,0,0,0,2017-04-20,32572000,5996,17,0,0,0,0,0,0,0,0,5998,28,0,0,0,0,0,0,0,0
254,2017-04-20,09:02:53,0,SM705,XZCE,5998,5920,5998,2192,65139720,20222,20286,6314,5598,5956,5960,0,5936,0,0,0,2017-04-20,32573000,5996,17,0,0,0,0,0,0,0,0,5998,27,0,0,0,0,0,0,0,0
255,2017-04-20,09:02:53,0,SM705,XZCE,5998,5920,5998,2192,65139720,20222,20286,6314,5598,5956,5960,0,5936,0,0,0,2017-04-20,32573000,5996,17,0,0,0,0,0,0,0,0,5998,28,0,0,0,0,0,0,0,0
256,2017-04-20,09:02:55,0,SM705,XZCE,5996,5920,5998,2198,65319600,20226,20286,6314,5598,5956,5960,0,5936,0,0,0,2017-04-20,32575000,5996,14,0,0,0,0,0,0,0,0,5998,29,0,0,0,0,0,0,0,0
257,2017-04-20,09:02:55,0,SM705,XZCE,5996,5920,5998,2230,66278960,20224,20286,6314,5598,5956,5960,0,5936,0,0,0,2017-04-20,32575000,5984,1,0,0,0,0,0,0,0,0,5996,5,0,0,0,0,0,0,0,0
258,2017-04-20,09:02:56,0,SM705,XZCE,5996,5920,5998,2230,66278960,20224,20286,6314,5598,5956,5960,0,5936,0,0,0,2017-04-20,32576000,5984,1,0,0,0,0,0,0,0,0,5994,1,0,0,0,0,0,0,0,0
259,2017-04-20,09:02:56,0,SM705,XZCE,5996,5920,5998,2238,66518800,20226,20286,6314,5598,5956,5960,0,5936,0,0,0,2017-04-20,32576000,5986,1,0,0,0,0,0,0,0,0,5992,1,0,0,0,0,0,0,0,0
260,2017-04-20,09:02:57,0,SM705,XZCE,5996,5920,5998,2238,66518800,20226,20286,6314,5598,5956,5960,0,5936,0,0,0,2017-04-20,32577000,5986,2,0,0,0,0,0,0,0,0,5992,2,0,0,0,0,0,0,0,0
261,2017-04-20,09:02:57,0,SM705,XZCE,5986,5920,5998,2240,66578660,20226,20286,6314,5598,5956,5960,0,5936,0,0,0,2017-04-20,32577000,5986,1,0,0,0,0,0,0,0,0,5988,10,0,0,0,0,0,0,0,0
262,2017-04-20,09:02:58,0,SM705,XZCE,5986,5920,5998,2242,66638520,20226,20286,6314,5598,5956,5960,0,5936,0,0,0,2017-04-20,32578000,5982,4,0,0,0,0,0,0,0,0,5988,10,0,0,0,0,0,0,0,0
263,2017-04-20,09:02:59,0,SM705,XZCE,5986,5920,5998,2246,66758240,20230,20286,6314,5598,5956,5960,0,5936,0,0,0,2017-04-20,32579000,5982,4,0,0,0,0,0,0,0,0,5986,2,0,0,0,0,0,0,0,0
264,2017-04-20,09:02:59,0,SM705,XZCE,5986,5920,5998,2248,66818100,20230,20286,6314,5598,5956,5960,0,5936,0,0,0,2017-04-20,32579000,5982,4,0,0,0,0,0,0,0,0,5986,1,0,0,0,0,0,0,0,0
265,2017-04-20,09:03:01,0,SM705,XZCE,5986,5920,5998,2258,67117400,20232,20286,6314,5598,5956,5960,0,5936,0,0,0,2017-04-20,32581000,5980,1,0,0,0,0,0,0,0,0,5988,10,0,0,0,0,0,0,0,0
266,2017-04-20,09:03:02,0,SM705,XZCE,5986,5920,5998,2260,67177260,20232,20286,6314,5598,5956,5960,0,5936,0,0,0,2017-04-20,32582000,5980,1,0,0,0,0,0,0,0,0,5984,2,0,0,0,0,0,0,0,0
267,2017-04-20,09:03:02,0,SM705,XZCE,5986,5920,5998,2264,67296980,20232,20286,6314,5598,5956,5960,0,5936,0,0,0,2017-04-20,32582000,5980,1,0,0,0,0,0,0,0,0,5988,10,0,0,0,0,0,0,0,0
268,2017-04-20,09:03:03,0,SM705,XZCE,5986,5920,5998,2264,67296980,20232,20286,6314,5598,5956,5960,0,5936,0,0,0,2017-04-20,32583000,5980,5,0,0,0,0,0,0,0,0,5988,10,0,0,0,0,0,0,0,0
269,2017-04-20,09:03:04,0,SM705,XZCE,5988,5920,5998,2266,67356860,20234,20286,6314,5598,5956,5960,0,5936,0,0,0,2017-04-20,32584000,5982,3,0,0,0,0,0,0,0,0,5988,9,0,0,0,0,0,0,0,0
270,2017-04-20,09:03:05,0,SM705,XZCE,5988,5920,5998,2276,67656260,20244,20286,6314,5598,5956,5960,0,5936,0,0,0,2017-04-20,32585000,5982,4,0,0,0,0,0,0,0,0,5988,4,0,0,0,0,0,0,0,0
271,2017-04-20,09:03:07,0,SM705,XZCE,5988,5920,5998,2276,67656260,20244,20286,6314,5598,5956,5960,0,5936,0,0,0,2017-04-20,32587000,5982,4,0,0,0,0,0,0,0,0,5988,5,0,0,0,0,0,0,0,0
272,2017-04-20,09:03:07,0,SM705,XZCE,5988,5920,5998,2276,67656260,20244,20286,6314,5598,5956,5960,0,5936,0,0,0,2017-04-20,32587000,5984,5,0,0,0,0,0,0,0,0,5988,5,0,0,0,0,0,0,0,0
273,2017-04-20,09:03:08,0,SM705,XZCE,5984,5920,5998,2284,67895620,20248,20286,6314,5598,5956,5960,0,5936,0,0,0,2017-04-20,32588000,5984,1,0,0,0,0,0,0,0,0,5988,9,0,0,0,0,0,0,0,0
274,2017-04-20,09:03:08,0,SM705,XZCE,5984,5920,5998,2286,67955460,20250,20286,6314,5598,5956,5960,0,5936,0,0,0,2017-04-20,32588000,5982,4,0,0,0,0,0,0,0,0,5988,9,0,0,0,0,0,0,0,0
275,2017-04-20,09:03:08,0,SM705,XZCE,5988,5920,5998,2298,68314740,20260,20286,6314,5598,5956,5960,0,5936,0,0,0,2017-04-20,32588000,5982,4,0,0,0,0,0,0,0,0,5988,3,0,0,0,0,0,0,0,0
276,2017-04-20,09:03:09,0,SM705,XZCE,5982,5920,5998,2300,68374560,20258,20286,6314,5598,5956,5960,0,5936,0,0,0,2017-04-20,32589000,5982,3,0,0,0,0,0,0,0,0,5988,3,0,0,0,0,0,0,0,0
277,2017-04-20,09:03:10,0,SM705,XZCE,5988,5920,5998,2304,68494320,20258,20286,6314,5598,5956,5960,0,5936,0,0,0,2017-04-20,32590000,5982,4,0,0,0,0,0,0,0,0,5988,1,0,0,0,0,0,0,0,0
278,2017-04-20,09:03:11,0,SM705,XZCE,5988,5920,5998,2308,68614080,20258,20286,6314,5598,5956,5960,0,5936,0,0,0,2017-04-20,32591000,5982,4,0,0,0,0,0,0,0,0,5988,1,0,0,0,0,0,0,0,0
279,2017-04-20,09:03:13,0,SM705,XZCE,5988,5920,5998,2308,68614080,20258,20286,6314,5598,5956,5960,0,5936,0,0,0,2017-04-20,32593000,5982,4,0,0,0,0,0,0,0,0,5986,9,0,0,0,0,0,0,0,0
280,2017-04-20,09:03:14,0,SM705,XZCE,5988,5920,5998,2310,68673960,20258,20286,6314,5598,5956,5960,0,5936,0,0,0,2017-04-20,32594000,5982,4,0,0,0,0,0,0,0,0,5986,8,0,0,0,0,0,0,0,0
281,2017-04-20,09:03:14,0,SM705,XZCE,5986,5920,5998,2326,69152840,20274,20286,6314,5598,5956,5960,0,5936,0,0,0,2017-04-20,32594000,5982,5,0,0,0,0,0,0,0,0,5988,1,0,0,0,0,0,0,0,0
282,2017-04-20,09:03:16,0,SM705,XZCE,5986,5920,5998,2326,69152840,20274,20286,6314,5598,5956,5960,0,5936,0,0,0,2017-04-20,32596000,5982,5,0,0,0,0,0,0,0,0,5988,2,0,0,0,0,0,0,0,0
283,2017-04-20,09:03:17,0,SM705,XZCE,5988,5920,5998,2328,69212720,20272,20286,6314,5598,5956,5960,0,5936,0,0,0,2017-04-20,32597000,5982,6,0,0,0,0,0,0,0,0,5988,1,0,0,0,0,0,0,0,0
284,2017-04-20,09:03:20,0,SM705,XZCE,5988,5920,5998,2328,69212720,20272,20286,6314,5598,5956,5960,0,5936,0,0,0,2017-04-20,32600000,5984,1,0,0,0,0,0,0,0,0,5988,5,0,0,0,0,0,0,0,0
285,2017-04-20,09:03:21,0,SM705,XZCE,5988,5920,5998,2328,69212720,20272,20286,6314,5598,5956,5960,0,5936,0,0,0,2017-04-20,32601000,5984,1,0,0,0,0,0,0,0,0,5988,6,0,0,0,0,0,0,0,0
286,2017-04-20,09:03:22,0,SM705,XZCE,5988,5920,5998,2330,69272600,20272,20286,6314,5598,5956,5960,0,5936,0,0,0,2017-04-20,32602000,5982,6,0,0,0,0,0,0,0,0,5988,5,0,0,0,0,0,0,0,0
287,2017-04-20,09:03:22,0,SM705,XZCE,5984,5920,5998,2332,69332440,20272,20286,6314,5598,5956,5960,0,5936,0,0,0,2017-04-20,32602000,5982,6,0,0,0,0,0,0,0,0,5988,5,0,0,0,0,0,0,0,0
288,2017-04-20,09:03:23,0,SM705,XZCE,5984,5920,5998,2332,69332440,20272,20286,6314,5598,5956,5960,0,5936,0,0,0,2017-04-20,32603000,5982,6,0,0,0,0,0,0,0,0,5988,11,0,0,0,0,0,0,0,0
289,2017-04-20,09:03:24,0,SM705,XZCE,5984,5920,5998,2332,69332440,20272,20286,6314,5598,5956,5960,0,5936,0,0,0,2017-04-20,32604000,5982,6,0,0,0,0,0,0,0,0,5986,2,0,0,0,0,0,0,0,0
290,2017-04-20,09:03:25,0,SM705,XZCE,5982,5920,5998,2338,69511900,20266,20286,6314,5598,5956,5960,0,5936,0,0,0,2017-04-20,32605000,5982,4,0,0,0,0,0,0,0,0,5986,2,0,0,0,0,0,0,0,0
291,2017-04-20,09:03:25,0,SM705,XZCE,5982,5920,5998,2338,69511900,20266,20286,6314,5598,5956,5960,0,5936,0,0,0,2017-04-20,32605000,5984,20,0,0,0,0,0,0,0,0,5986,2,0,0,0,0,0,0,0,0
292,2017-04-20,09:03:26,0,SM705,XZCE,5986,5920,5998,2344,69691480,20266,20286,6314,5598,5956,5960,0,5936,0,0,0,2017-04-20,32606000,5986,1,0,0,0,0,0,0,0,0,5988,11,0,0,0,0,0,0,0,0
293,2017-04-20,09:03:27,0,SM705,XZCE,5988,5920,5998,2348,69811240,20268,20286,6314,5598,5956,5960,0,5936,0,0,0,2017-04-20,32607000,5986,1,0,0,0,0,0,0,0,0,5988,9,0,0,0,0,0,0,0,0
294,2017-04-20,09:03:28,0,SM705,XZCE,5988,5920,5998,2366,70350160,20272,20286,6314,5598,5956,5960,0,5936,0,0,0,2017-04-20,32608000,5986,2,0,0,0,0,0,0,0,0,5990,2,0,0,0,0,0,0,0,0
295,2017-04-20,09:03:28,0,SM705,XZCE,5984,5920,5998,2376,70649360,20280,20286,6314,5598,5956,5960,0,5936,0,0,0,2017-04-20,32608000,5984,18,0,0,0,0,0,0,0,0,5990,2,0,0,0,0,0,0,0,0
296,2017-04-20,09:03:29,0,SM705,XZCE,5984,5920,5998,2376,70649360,20280,20286,6314,5598,5956,5960,0,5936,0,0,0,2017-04-20,32609000,5986,1,0,0,0,0,0,0,0,0,5990,2,0,0,0,0,0,0,0,0
297,2017-04-20,09:03:29,0,SM705,XZCE,5990,5920,5998,2378,70709260,20280,20286,6314,5598,5956,5960,0,5936,0,0,0,2017-04-20,32609000,5984,19,0,0,0,0,0,0,0,0,5990,1,0,0,0,0,0,0,0,0
298,2017-04-20,09:03:30,0,SM705,XZCE,5990,5920,5998,2378,70709260,20280,20286,6314,5598,5956,5960,0,5936,0,0,0,2017-04-20,32610000,5984,18,0,0,0,0,0,0,0,0,5990,1,0,0,0,0,0,0,0,0
299,2017-04-20,09:03:33,0,SM705,XZCE,5990,5920,5998,2378,70709260,20280,20286,6314,5598,5956,5960,0,5936,0,0,0,2017-04-20,32613000,5988,5,0,0,0,0,0,0,0,0,5990,1,0,0,0,0,0,0,0,0
300,2017-04-20,09:03:34,0,SM705,XZCE,5988,5920,5998,2388,71008660,20290,20286,6314,5598,5956,5960,0,5936,0,0,0,2017-04-20,32614000,5984,18,0,0,0,0,0,0,0,0,5988,1,0,0,0,0,0,0,0,0
301,2017-04-20,09:03:35,0,SM705,XZCE,5984,5920,5998,2390,71068500,20292,20286,6314,5598,5956,5960,0,5936,0,0,0,2017-04-20,32615000,5984,17,0,0,0,0,0,0,0,0,5988,6,0,0,0,0,0,0,0,0
302,2017-04-20,09:03:35,0,SM705,XZCE,5984,5920,5998,2392,71128340,20294,20286,6314,5598,5956,5960,0,5936,0,0,0,2017-04-20,32615000,5984,16,0,0,0,0,0,0,0,0,5988,5,0,0,0,0,0,0,0,0
303,2017-04-20,09:03:36,0,SM705,XZCE,5984,5920,5998,2392,71128340,20294,20286,6314,5598,5956,5960,0,5936,0,0,0,2017-04-20,32616000,5984,16,0,0,0,0,0,0,0,0,5988,6,0,0,0,0,0,0,0,0
304,2017-04-20,09:03:36,0,SM705,XZCE,5984,5920,5998,2396,71248020,20298,20286,6314,5598,5956,5960,0,5936,0,0,0,2017-04-20,32616000,5984,14,0,0,0,0,0,0,0,0,5988,6,0,0,0,0,0,0,0,0
305,2017-04-20,09:03:37,0,SM705,XZCE,5984,5920,5998,2398,71307860,20300,20286,6314,5598,5956,5960,0,5936,0,0,0,2017-04-20,32617000,5984,13,0,0,0,0,0,0,0,0,5988,6,0,0,0,0,0,0,0,0
306,2017-04-20,09:03:38,0,SM705,XZCE,5988,5920,5998,2400,71367740,20300,20286,6314,5598,5956,5960,0,5936,0,0,0,2017-04-20,32618000,5984,13,0,0,0,0,0,0,0,0,5988,5,0,0,0,0,0,0,0,0
307,2017-04-20,09:03:38,0,SM705,XZCE,5984,5920,5998,2410,71666940,20310,20286,6314,5598,5956,5960,0,5936,0,0,0,2017-04-20,32618000,5984,8,0,0,0,0,0,0,0,0,5988,5,0,0,0,0,0,0,0,0
308,2017-04-20,09:03:40,0,SM705,XZCE,5984,5920,5998,2414,71786620,20314,20286,6314,5598,5956,5960,0,5936,0,0,0,2017-04-20,32620000,5984,6,0,0,0,0,0,0,0,0,5988,5,0,0,0,0,0,0,0,0
309,2017-04-20,09:03:40,0,SM705,XZCE,5988,5920,5998,2418,71906380,20310,20286,6314,5598,5956,5960,0,5936,0,0,0,2017-04-20,32620000,5984,8,0,0,0,0,0,0,0,0,5988,3,0,0,0,0,0,0,0,0
310,2017-04-20,09:03:41,0,SM705,XZCE,5984,5920,5998,2422,72026060,20312,20286,6314,5598,5956,5960,0,5936,0,0,0,2017-04-20,32621000,5984,7,0,0,0,0,0,0,0,0,5988,2,0,0,0,0,0,0,0,0
311,2017-04-20,09:03:42,0,SM705,XZCE,5986,5920,5998,2434,72385220,20320,20286,6314,5598,5956,5960,0,5936,0,0,0,2017-04-20,32622000,5984,2,0,0,0,0,0,0,0,0,5988,2,0,0,0,0,0,0,0,0
312,2017-04-20,09:03:42,0,SM705,XZCE,5984,5920,5998,2436,72445060,20320,20286,6314,5598,5956,5960,0,5936,0,0,0,2017-04-20,32622000,5984,1,0,0,0,0,0,0,0,0,5988,2,0,0,0,0,0,0,0,0
313,2017-04-20,09:03:43,0,SM705,XZCE,5988,5920,5998,2438,72504940,20320,20286,6314,5598,5956,5960,0,5936,0,0,0,2017-04-20,32623000,5984,1,0,0,0,0,0,0,0,0,5988,1,0,0,0,0,0,0,0,0
314,2017-04-20,09:03:43,0,SM705,XZCE,5988,5920,5998,2438,72504940,20320,20286,6314,5598,5956,5960,0,5936,0,0,0,2017-04-20,32623000,5984,1,0,0,0,0,0,0,0,0,5986,1,0,0,0,0,0,0,0,0
315,2017-04-20,09:03:44,0,SM705,XZCE,5984,5920,5998,2440,72564780,20320,20286,6314,5598,5956,5960,0,5936,0,0,0,2017-04-20,32624000,5982,2,0,0,0,0,0,0,0,0,5986,1,0,0,0,0,0,0,0,0
316,2017-04-20,09:03:45,0,SM705,XZCE,5984,5920,5998,2440,72564780,20320,20286,6314,5598,5956,5960,0,5936,0,0,0,2017-04-20,32625000,5982,2,0,0,0,0,0,0,0,0,5986,3,0,0,0,0,0,0,0,0
317,2017-04-20,09:03:45,0,SM705,XZCE,5984,5920,5998,2440,72564780,20320,20286,6314,5598,5956,5960,0,5936,0,0,0,2017-04-20,32625000,5982,2,0,0,0,0,0,0,0,0,5984,1,0,0,0,0,0,0,0,0
318,2017-04-20,09:03:46,0,SM705,XZCE,5986,5920,5998,2442,72624640,20320,20286,6314,5598,5956,5960,0,5936,0,0,0,2017-04-20,32626000,5982,2,0,0,0,0,0,0,0,0,5986,3,0,0,0,0,0,0,0,0
319,2017-04-20,09:03:47,0,SM705,XZCE,5982,5920,5998,2446,72744280,20318,20286,6314,5598,5956,5960,0,5936,0,0,0,2017-04-20,32627000,5980,6,0,0,0,0,0,0,0,0,5982,11,0,0,0,0,0,0,0,0
320,2017-04-20,09:03:47,0,SM705,XZCE,5982,5920,5998,2446,72744280,20318,20286,6314,5598,5956,5960,0,5936,0,0,0,2017-04-20,32627000,5980,7,0,0,0,0,0,0,0,0,5982,11,0,0,0,0,0,0,0,0
321,2017-04-20,09:03:48,0,SM705,XZCE,5980,5920,5998,2448,72804080,20320,20286,6314,5598,5956,5960,0,5936,0,0,0,2017-04-20,32628000,5980,3,0,0,0,0,0,0,0,0,5982,11,0,0,0,0,0,0,0,0
322,2017-04-20,09:03:48,0,SM705,XZCE,5980,5920,5998,2454,72983480,20318,20286,6314,5598,5956,5960,0,5936,0,0,0,2017-04-20,32628000,5978,3,0,0,0,0,0,0,0,0,5982,12,0,0,0,0,0,0,0,0
323,2017-04-20,09:03:50,0,SM705,XZCE,5982,5920,5998,2464,73282580,20318,20286,6314,5598,5956,5960,0,5936,0,0,0,2017-04-20,32630000,5978,3,0,0,0,0,0,0,0,0,5982,19,0,0,0,0,0,0,0,0
324,2017-04-20,09:03:50,0,SM705,XZCE,5980,5920,5998,2472,73521780,20316,20286,6314,5598,5956,5960,0,5936,0,0,0,2017-04-20,32630000,5976,2,0,0,0,0,0,0,0,0,5982,18,0,0,0,0,0,0,0,0
325,2017-04-20,09:03:51,0,SM705,XZCE,5980,5920,5998,2472,73521780,20316,20286,6314,5598,5956,5960,0,5936,0,0,0,2017-04-20,32631000,5976,2,0,0,0,0,0,0,0,0,5980,1,0,0,0,0,0,0,0,0
326,2017-04-20,09:03:52,0,SM705,XZCE,5980,5920,5998,2472,73521780,20316,20286,6314,5598,5956,5960,0,5936,0,0,0,2017-04-20,32632000,5976,2,0,0,0,0,0,0,0,0,5980,3,0,0,0,0,0,0,0,0
327,2017-04-20,09:03:52,0,SM705,XZCE,5976,5920,5998,2474,73581540,20316,20286,6314,5598,5956,5960,0,5936,0,0,0,2017-04-20,32632000,5976,1,0,0,0,0,0,0,0,0,5978,1,0,0,0,0,0,0,0,0
328,2017-04-20,09:03:53,0,SM705,XZCE,5960,5920,5998,2528,75190740,20320,20286,6314,5598,5956,5960,0,5936,0,0,0,2017-04-20,32633000,5960,2,0,0,0,0,0,0,0,0,5966,4,0,0,0,0,0,0,0,0
329,2017-04-20,09:03:54,0,SM705,XZCE,5960,5920,5998,2534,75369540,20318,20286,6314,5598,5956,5960,0,5936,0,0,0,2017-04-20,32634000,5962,1,0,0,0,0,0,0,0,0,5966,4,0,0,0,0,0,0,0,0
330,2017-04-20,09:03:54,0,SM705,XZCE,5960,5920,5998,2534,75369540,20318,20286,6314,5598,5956,5960,0,5936,0,0,0,2017-04-20,32634000,5964,5,0,0,0,0,0,0,0,0,5966,4,0,0,0,0,0,0,0,0
331,2017-04-20,09:03:55,0,SM705,XZCE,5966,5920,5998,2542,75608180,20310,20286,6314,5598,5956,5960,0,5936,0,0,0,2017-04-20,32635000,5966,4,0,0,0,0,0,0,0,0,5972,2,0,0,0,0,0,0,0,0
332,2017-04-20,09:03:56,0,SM705,XZCE,5966,5920,5998,2546,75727500,20308,20286,6314,5598,5956,5960,0,5936,0,0,0,2017-04-20,32636000,5966,3,0,0,0,0,0,0,0,0,5972,1,0,0,0,0,0,0,0,0
333,2017-04-20,09:03:56,0,SM705,XZCE,5966,5920,5998,2548,75787160,20308,20286,6314,5598,5956,5960,0,5936,0,0,0,2017-04-20,32636000,5966,2,0,0,0,0,0,0,0,0,5972,1,0,0,0,0,0,0,0,0
334,2017-04-20,09:03:57,0,SM705,XZCE,5972,5920,5998,2550,75846880,20306,20286,6314,5598,5956,5960,0,5936,0,0,0,2017-04-20,32637000,5966,2,0,0,0,0,0,0,0,0,5976,3,0,0,0,0,0,0,0,0
335,2017-04-20,09:03:57,0,SM705,XZCE,5972,5920,5998,2550,75846880,20306,20286,6314,5598,5956,5960,0,5936,0,0,0,2017-04-20,32637000,5970,1,0,0,0,0,0,0,0,0,5974,1,0,0,0,0,0,0,0,0
336,2017-04-20,09:04:02,0,SM705,XZCE,5972,5920,5998,2550,75846880,20306,20286,6314,5598,5956,5960,0,5936,0,0,0,2017-04-20,32642000,5972,3,0,0,0,0,0,0,0,0,5974,1,0,0,0,0,0,0,0,0
337,2017-04-20,09:04:03,0,SM705,XZCE,5972,5920,5998,2550,75846880,20306,20286,6314,5598,5956,5960,0,5936,0,0,0,2017-04-20,32643000,5972,3,0,0,0,0,0,0,0,0,5974,2,0,0,0,0,0,0,0,0
338,2017-04-20,09:04:05,0,SM705,XZCE,5972,5920,5998,2552,75906600,20306,20286,6314,5598,5956,5960,0,5936,0,0,0,2017-04-20,32645000,5972,3,0,0,0,0,0,0,0,0,5974,1,0,0,0,0,0,0,0,0
339,2017-04-20,09:04:06,0,SM705,XZCE,5974,5920,5998,2554,75966340,20306,20286,6314,5598,5956,5960,0,5936,0,0,0,2017-04-20,32646000,5972,3,0,0,0,0,0,0,0,0,5976,3,0,0,0,0,0,0,0,0
340,2017-04-20,09:04:06,0,SM705,XZCE,5974,5920,5998,2554,75966340,20306,20286,6314,5598,5956,5960,0,5936,0,0,0,2017-04-20,32646000,5974,1,0,0,0,0,0,0,0,0,5976,3,0,0,0,0,0,0,0,0
341,2017-04-20,09:04:07,0,SM705,XZCE,5974,5920,5998,2554,75966340,20306,20286,6314,5598,5956,5960,0,5936,0,0,0,2017-04-20,32647000,5974,21,0,0,0,0,0,0,0,0,5976,3,0,0,0,0,0,0,0,0
342,2017-04-20,09:04:08,0,SM705,XZCE,5974,5920,5998,2558,76085820,20310,20286,6314,5598,5956,5960,0,5936,0,0,0,2017-04-20,32648000,5974,20,0,0,0,0,0,0,0,0,5976,2,0,0,0,0,0,0,0,0
343,2017-04-20,09:04:10,0,SM705,XZCE,5976,5920,5998,2562,76205340,20314,20286,6314,5598,5956,5960,0,5936,0,0,0,2017-04-20,32650000,5976,5,0,0,0,0,0,0,0,0,5980,4,0,0,0,0,0,0,0,0
344,2017-04-20,09:04:10,0,SM705,XZCE,5976,5920,5998,2562,76205340,20314,20286,6314,5598,5956,5960,0,5936,0,0,0,2017-04-20,32650000,5976,9,0,0,0,0,0,0,0,0,5980,4,0,0,0,0,0,0,0,0
345,2017-04-20,09:04:11,0,SM705,XZCE,5980,5920,5998,2572,76504340,20306,20286,6314,5598,5956,5960,0,5936,0,0,0,2017-04-20,32651000,5980,15,0,0,0,0,0,0,0,0,5982,6,0,0,0,0,0,0,0,0
346,2017-04-20,09:04:11,0,SM705,XZCE,5982,5920,5998,2586,76923080,20306,20286,6314,5598,5956,5960,0,5936,0,0,0,2017-04-20,32651000,5980,15,0,0,0,0,0,0,0,0,5982,7,0,0,0,0,0,0,0,0
347,2017-04-20,09:04:12,0,SM705,XZCE,5980,5920,5998,2588,76982880,20304,20286,6314,5598,5956,5960,0,5936,0,0,0,2017-04-20,32652000,5980,14,0,0,0,0,0,0,0,0,5982,7,0,0,0,0,0,0,0,0
348,2017-04-20,09:04:12,0,SM705,XZCE,5980,5920,5998,2590,77042680,20302,20286,6314,5598,5956,5960,0,5936,0,0,0,2017-04-20,32652000,5980,13,0,0,0,0,0,0,0,0,5982,7,0,0,0,0,0,0,0,0
349,2017-04-20,09:04:14,0,SM705,XZCE,5980,5920,5998,2592,77102480,20300,20286,6314,5598,5956,5960,0,5936,0,0,0,2017-04-20,32654000,5980,12,0,0,0,0,0,0,0,0,5982,7,0,0,0,0,0,0,0,0
350,2017-04-20,09:04:14,0,SM705,XZCE,5980,5920,5998,2626,78119080,20276,20286,6314,5598,5956,5960,0,5936,0,0,0,2017-04-20,32654000,5976,11,0,0,0,0,0,0,0,0,5982,2,0,0,0,0,0,0,0,0
351,2017-04-20,09:04:15,0,SM705,XZCE,5980,5920,5998,2626,78119080,20276,20286,6314,5598,5956,5960,0,5936,0,0,0,2017-04-20,32655000,5976,11,0,0,0,0,0,0,0,0,5980,4,0,0,0,0,0,0,0,0
352,2017-04-20,09:04:16,0,SM705,XZCE,5980,5920,5998,2626,78119080,20276,20286,6314,5598,5956,5960,0,5936,0,0,0,2017-04-20,32656000,5976,11,0,0,0,0,0,0,0,0,5980,10,0,0,0,0,0,0,0,0
353,2017-04-20,09:04:16,0,SM705,XZCE,5980,5920,5998,2626,78119080,20276,20286,6314,5598,5956,5960,0,5936,0,0,0,2017-04-20,32656000,5976,11,0,0,0,0,0,0,0,0,5980,6,0,0,0,0,0,0,0,0
354,2017-04-20,09:04:17,0,SM705,XZCE,5980,5920,5998,2626,78119080,20276,20286,6314,5598,5956,5960,0,5936,0,0,0,2017-04-20,32657000,5976,12,0,0,0,0,0,0,0,0,5980,6,0,0,0,0,0,0,0,0
355,2017-04-20,09:04:18,0,SM705,XZCE,5980,5920,5998,2626,78119080,20276,20286,6314,5598,5956,5960,0,5936,0,0,0,2017-04-20,32658000,5976,10,0,0,0,0,0,0,0,0,5980,6,0,0,0,0,0,0,0,0
356,2017-04-20,09:04:21,0,SM705,XZCE,5980,5920,5998,2626,78119080,20276,20286,6314,5598,5956,5960,0,5936,0,0,0,2017-04-20,32661000,5976,10,0,0,0,0,0,0,0,0,5980,7,0,0,0,0,0,0,0,0
357,2017-04-20,09:04:22,0,SM705,XZCE,5980,5920,5998,2628,78178880,20274,20286,6314,5598,5956,5960,0,5936,0,0,0,2017-04-20,32662000,5976,10,0,0,0,0,0,0,0,0,5980,6,0,0,0,0,0,0,0,0
358,2017-04-20,09:04:27,0,SM705,XZCE,5980,5920,5998,2638,78477880,20274,20286,6314,5598,5956,5960,0,5936,0,0,0,2017-04-20,32667000,5976,10,0,0,0,0,0,0,0,0,5980,6,0,0,0,0,0,0,0,0
359,2017-04-20,09:04:30,0,SM705,XZCE,5980,5920,5998,2638,78477880,20274,20286,6314,5598,5956,5960,0,5936,0,0,0,2017-04-20,32670000,5976,10,0,0,0,0,0,0,0,0,5980,7,0,0,0,0,0,0,0,0
360,2017-04-20,09:04:31,0,SM705,XZCE,5980,5920,5998,2656,79016080,20278,20286,6314,5598,5956,5960,0,5936,0,0,0,2017-04-20,32671000,5980,11,0,0,0,0,0,0,0,0,5982,8,0,0,0,0,0,0,0,0
361,2017-04-20,09:04:32,0,SM705,XZCE,5980,5920,5998,2656,79016080,20278,20286,6314,5598,5956,5960,0,5936,0,0,0,2017-04-20,32672000,5980,11,0,0,0,0,0,0,0,0,5982,9,0,0,0,0,0,0,0,0
362,2017-04-20,09:04:35,0,SM705,XZCE,5980,5920,5998,2660,79135680,20282,20286,6314,5598,5956,5960,0,5936,0,0,0,2017-04-20,32675000,5980,9,0,0,0,0,0,0,0,0,5982,9,0,0,0,0,0,0,0,0
363,2017-04-20,09:04:36,0,SM705,XZCE,5980,5920,5998,2668,79374880,20282,20286,6314,5598,5956,5960,0,5936,0,0,0,2017-04-20,32676000,5980,5,0,0,0,0,0,0,0,0,5982,8,0,0,0,0,0,0,0,0
364,2017-04-20,09:04:37,0,SM705,XZCE,5980,5920,5998,2668,79374880,20282,20286,6314,5598,5956,5960,0,5936,0,0,0,2017-04-20,32677000,5980,5,0,0,0,0,0,0,0,0,5982,17,0,0,0,0,0,0,0,0
365,2017-04-20,09:04:38,0,SM705,XZCE,5980,5920,5998,2678,79673880,20282,20286,6314,5598,5956,5960,0,5936,0,0,0,2017-04-20,32678000,5978,2,0,0,0,0,0,0,0,0,5982,17,0,0,0,0,0,0,0,0
366,2017-04-20,09:04:40,0,SM705,XZCE,5982,5920,5998,2682,79793520,20278,20286,6314,5598,5956,5960,0,5936,0,0,0,2017-04-20,32680000,5978,4,0,0,0,0,0,0,0,0,5980,8,0,0,0,0,0,0,0,0
367,2017-04-20,09:04:41,0,SM705,XZCE,5978,5920,5998,2684,79853300,20278,20286,6314,5598,5956,5960,0,5936,0,0,0,2017-04-20,32681000,5978,3,0,0,0,0,0,0,0,0,5980,8,0,0,0,0,0,0,0,0
368,2017-04-20,09:04:41,0,SM705,XZCE,5978,5920,5998,2684,79853300,20278,20286,6314,5598,5956,5960,0,5936,0,0,0,2017-04-20,32681000,5978,2,0,0,0,0,0,0,0,0,5980,9,0,0,0,0,0,0,0,0
369,2017-04-20,09:04:45,0,SM705,XZCE,5978,5920,5998,2688,79972860,20274,20286,6314,5598,5956,5960,0,5936,0,0,0,2017-04-20,32685000,5976,8,0,0,0,0,0,0,0,0,5980,9,0,0,0,0,0,0,0,0
370,2017-04-20,09:04:47,0,SM705,XZCE,5980,5920,5998,2690,80032660,20272,20286,6314,5598,5956,5960,0,5936,0,0,0,2017-04-20,32687000,5976,8,0,0,0,0,0,0,0,0,5980,8,0,0,0,0,0,0,0,0
371,2017-04-20,09:04:49,0,SM705,XZCE,5976,5920,5998,2700,80331460,20282,20286,6314,5598,5956,5960,0,5936,0,0,0,2017-04-20,32689000,5976,3,0,0,0,0,0,0,0,0,5980,8,0,0,0,0,0,0,0,0
372,2017-04-20,09:04:49,0,SM705,XZCE,5976,5920,5998,2706,80510740,20282,20286,6314,5598,5956,5960,0,5936,0,0,0,2017-04-20,32689000,5972,3,0,0,0,0,0,0,0,0,5974,9,0,0,0,0,0,0,0,0
373,2017-04-20,09:04:50,0,SM705,XZCE,5968,5920,5998,2714,80749460,20290,20286,6314,5598,5956,5960,0,5936,0,0,0,2017-04-20,32690000,5968,1,0,0,0,0,0,0,0,0,5972,11,0,0,0,0,0,0,0,0
374,2017-04-20,09:04:50,0,SM705,XZCE,5968,5920,5998,2716,80809140,20290,20286,6314,5598,5956,5960,0,5936,0,0,0,2017-04-20,32690000,5966,2,0,0,0,0,0,0,0,0,5972,11,0,0,0,0,0,0,0,0
375,2017-04-20,09:04:53,0,SM705,XZCE,5966,5920,5998,2718,80868800,20288,20286,6314,5598,5956,5960,0,5936,0,0,0,2017-04-20,32693000,5966,1,0,0,0,0,0,0,0,0,5972,11,0,0,0,0,0,0,0,0
376,2017-04-20,09:04:54,0,SM705,XZCE,5972,5920,5998,2720,80928520,20288,20286,6314,5598,5956,5960,0,5936,0,0,0,2017-04-20,32694000,5966,1,0,0,0,0,0,0,0,0,5972,10,0,0,0,0,0,0,0,0
377,2017-04-20,09:04:56,0,SM705,XZCE,5972,5920,5998,2726,81107680,20294,20286,6314,5598,5956,5960,0,5936,0,0,0,2017-04-20,32696000,5966,1,0,0,0,0,0,0,0,0,5972,7,0,0,0,0,0,0,0,0
378,2017-04-20,09:04:57,0,SM705,XZCE,5972,5920,5998,2726,81107680,20294,20286,6314,5598,5956,5960,0,5936,0,0,0,2017-04-20,32697000,5966,2,0,0,0,0,0,0,0,0,5972,7,0,0,0,0,0,0,0,0
379,2017-04-20,09:04:58,0,SM705,XZCE,5972,5920,5998,2740,81525720,20292,20286,6314,5598,5956,5960,0,5936,0,0,0,2017-04-20,32698000,5966,4,0,0,0,0,0,0,0,0,5972,6,0,0,0,0,0,0,0,0
380,2017-04-20,09:05:00,0,SM705,XZCE,5972,5920,5998,2740,81525720,20292,20286,6314,5598,5956,5960,0,5936,0,0,0,2017-04-20,32700000,5966,3,0,0,0,0,0,0,0,0,5972,6,0,0,0,0,0,0,0,0
381,2017-04-20,09:05:01,0,SM705,XZCE,5972,5920,5998,2740,81525720,20292,20286,6314,5598,5956,5960,0,5936,0,0,0,2017-04-20,32701000,5966,4,0,0,0,0,0,0,0,0,5972,6,0,0,0,0,0,0,0,0
382,2017-04-20,09:05:02,0,SM705,XZCE,5972,5920,5998,2740,81525720,20292,20286,6314,5598,5956,5960,0,5936,0,0,0,2017-04-20,32702000,5966,3,0,0,0,0,0,0,0,0,5972,16,0,0,0,0,0,0,0,0
383,2017-04-20,09:05:02,0,SM705,XZCE,5972,5920,5998,2740,81525720,20292,20286,6314,5598,5956,5960,0,5936,0,0,0,2017-04-20,32702000,5966,4,0,0,0,0,0,0,0,0,5972,16,0,0,0,0,0,0,0,0
384,2017-04-20,09:05:03,0,SM705,XZCE,5972,5920,5998,2740,81525720,20292,20286,6314,5598,5956,5960,0,5936,0,0,0,2017-04-20,32703000,5966,3,0,0,0,0,0,0,0,0,5970,4,0,0,0,0,0,0,0,0
385,2017-04-20,09:05:04,0,SM705,XZCE,5972,5920,5998,2740,81525720,20292,20286,6314,5598,5956,5960,0,5936,0,0,0,2017-04-20,32704000,5966,3,0,0,0,0,0,0,0,0,5970,13,0,0,0,0,0,0,0,0
386,2017-04-20,09:05:04,0,SM705,XZCE,5972,5920,5998,2740,81525720,20292,20286,6314,5598,5956,5960,0,5936,0,0,0,2017-04-20,32704000,5966,3,0,0,0,0,0,0,0,0,5970,9,0,0,0,0,0,0,0,0
387,2017-04-20,09:05:06,0,SM705,XZCE,5972,5920,5998,2742,81585440,20292,20286,6314,5598,5956,5960,0,5936,0,0,0,2017-04-20,32706000,5966,3,0,0,0,0,0,0,0,0,5970,8,0,0,0,0,0,0,0,0
388,2017-04-20,09:05:07,0,SM705,XZCE,5972,5920,5998,2742,81585440,20292,20286,6314,5598,5956,5960,0,5936,0,0,0,2017-04-20,32707000,5966,3,0,0,0,0,0,0,0,0,5970,9,0,0,0,0,0,0,0,0
389,2017-04-20,09:05:07,0,SM705,XZCE,5966,5920,5998,2744,81645100,20292,20286,6314,5598,5956,5960,0,5936,0,0,0,2017-04-20,32707000,5966,2,0,0,0,0,0,0,0,0,5970,9,0,0,0,0,0,0,0,0
390,2017-04-20,09:05:08,0,SM705,XZCE,5966,5920,5998,2744,81645100,20292,20286,6314,5598,5956,5960,0,5936,0,0,0,2017-04-20,32708000,5966,2,0,0,0,0,0,0,0,0,5970,11,0,0,0,0,0,0,0,0
391,2017-04-20,09:05:09,0,SM705,XZCE,5970,5920,5998,2746,81704800,20292,20286,6314,5598,5956,5960,0,5936,0,0,0,2017-04-20,32709000,5966,2,0,0,0,0,0,0,0,0,5970,10,0,0,0,0,0,0,0,0
392,2017-04-20,09:05:10,0,SM705,XZCE,5970,5920,5998,2746,81704800,20292,20286,6314,5598,5956,5960,0,5936,0,0,0,2017-04-20,32710000,5966,2,0,0,0,0,0,0,0,0,5970,11,0,0,0,0,0,0,0,0
393,2017-04-20,09:05:10,0,SM705,XZCE,5970,5920,5998,2746,81704800,20292,20286,6314,5598,5956,5960,0,5936,0,0,0,2017-04-20,32710000,5966,4,0,0,0,0,0,0,0,0,5970,11,0,0,0,0,0,0,0,0
394,2017-04-20,09:05:13,0,SM705,XZCE,5970,5920,5998,2746,81704800,20292,20286,6314,5598,5956,5960,0,5936,0,0,0,2017-04-20,32713000,5968,2,0,0,0,0,0,0,0,0,5970,11,0,0,0,0,0,0,0,0
395,2017-04-20,09:05:13,0,SM705,XZCE,5970,5920,5998,2748,81764500,20292,20286,6314,5598,5956,5960,0,5936,0,0,0,2017-04-20,32713000,5968,2,0,0,0,0,0,0,0,0,5970,10,0,0,0,0,0,0,0,0
396,2017-04-20,09:05:14,0,SM705,XZCE,5968,5920,5998,2750,81824180,20292,20286,6314,5598,5956,5960,0,5936,0,0,0,2017-04-20,32714000,5968,1,0,0,0,0,0,0,0,0,5970,10,0,0,0,0,0,0,0,0
397,2017-04-20,09:05:16,0,SM705,XZCE,5970,5920,5998,2754,81943580,20296,20286,6314,5598,5956,5960,0,5936,0,0,0,2017-04-20,32716000,5968,1,0,0,0,0,0,0,0,0,5970,9,0,0,0,0,0,0,0,0
398,2017-04-20,09:05:17,0,SM705,XZCE,5970,5920,5998,2754,81943580,20296,20286,6314,5598,5956,5960,0,5936,0,0,0,2017-04-20,32717000,5968,2,0,0,0,0,0,0,0,0,5970,9,0,0,0,0,0,0,0,0
399,2017-04-20,09:05:18,0,SM705,XZCE,5970,5920,5998,2758,82062980,20296,20286,6314,5598,5956,5960,0,5936,0,0,0,2017-04-20,32718000,5968,2,0,0,0,0,0,0,0,0,5970,7,0,0,0,0,0,0,0,0
400,2017-04-20,09:05:20,0,SM705,XZCE,5970,5920,5998,2762,82182380,20296,20286,6314,5598,5956,5960,0,5936,0,0,0,2017-04-20,32720000,5968,2,0,0,0,0,0,0,0,0,5970,5,0,0,0,0,0,0,0,0
401,2017-04-20,09:05:21,0,SM705,XZCE,5970,5920,5998,2762,82182380,20296,20286,6314,5598,5956,5960,0,5936,0,0,0,2017-04-20,32721000,5968,3,0,0,0,0,0,0,0,0,5970,5,0,0,0,0,0,0,0,0
402,2017-04-20,09:05:24,0,SM705,XZCE,5966,5920,5998,2770,82421020,20296,20286,6314,5598,5956,5960,0,5936,0,0,0,2017-04-20,32724000,5966,1,0,0,0,0,0,0,0,0,5968,7,0,0,0,0,0,0,0,0
403,2017-04-20,09:05:24,0,SM705,XZCE,5966,5920,5998,2770,82421020,20296,20286,6314,5598,5956,5960,0,5936,0,0,0,2017-04-20,32724000,5966,1,0,0,0,0,0,0,0,0,5968,11,0,0,0,0,0,0,0,0
404,2017-04-20,09:05:25,0,SM705,XZCE,5966,5920,5998,2772,82480680,20296,20286,6314,5598,5956,5960,0,5936,0,0,0,2017-04-20,32725000,5962,8,0,0,0,0,0,0,0,0,5966,1,0,0,0,0,0,0,0,0
405,2017-04-20,09:05:26,0,SM705,XZCE,5966,5920,5998,2772,82480680,20296,20286,6314,5598,5956,5960,0,5936,0,0,0,2017-04-20,32726000,5962,8,0,0,0,0,0,0,0,0,5966,2,0,0,0,0,0,0,0,0
406,2017-04-20,09:05:26,0,SM705,XZCE,5966,5920,5998,2772,82480680,20296,20286,6314,5598,5956,5960,0,5936,0,0,0,2017-04-20,32726000,5962,4,0,0,0,0,0,0,0,0,5966,3,0,0,0,0,0,0,0,0
407,2017-04-20,09:05:27,0,SM705,XZCE,5962,5920,5998,2780,82719160,20290,20286,6314,5598,5956,5960,0,5936,0,0,0,2017-04-20,32727000,5956,8,0,0,0,0,0,0,0,0,5962,1,0,0,0,0,0,0,0,0
408,2017-04-20,09:05:28,0,SM705,XZCE,5966,5920,5998,2786,82898140,20288,20286,6314,5598,5956,5960,0,5936,0,0,0,2017-04-20,32728000,5958,1,0,0,0,0,0,0,0,0,5966,1,0,0,0,0,0,0,0,0
409,2017-04-20,09:05:30,0,SM705,XZCE,5964,5920,5998,2790,83017420,20290,20286,6314,5598,5956,5960,0,5936,0,0,0,2017-04-20,32730000,5960,1,0,0,0,0,0,0,0,0,5966,1,0,0,0,0,0,0,0,0
410,2017-04-20,09:05:30,0,SM705,XZCE,5960,5920,5998,2798,83255820,20290,20286,6314,5598,5956,5960,0,5936,0,0,0,2017-04-20,32730000,5952,8,0,0,0,0,0,0,0,0,5960,1,0,0,0,0,0,0,0,0
411,2017-04-20,09:05:31,0,SM705,XZCE,5960,5920,5998,2798,83255820,20290,20286,6314,5598,5956,5960,0,5936,0,0,0,2017-04-20,32731000,5954,2,0,0,0,0,0,0,0,0,5960,1,0,0,0,0,0,0,0,0
412,2017-04-20,09:05:32,0,SM705,XZCE,5960,5920,5998,2798,83255820,20290,20286,6314,5598,5956,5960,0,5936,0,0,0,2017-04-20,32732000,5954,2,0,0,0,0,0,0,0,0,5960,2,0,0,0,0,0,0,0,0
413,2017-04-20,09:05:33,0,SM705,XZCE,5960,5920,5998,2802,83375020,20290,20286,6314,5598,5956,5960,0,5936,0,0,0,2017-04-20,32733000,5954,2,0,0,0,0,0,0,0,0,5958,6,0,0,0,0,0,0,0,0
414,2017-04-20,09:05:33,0,SM705,XZCE,5958,5920,5998,2806,83494180,20290,20286,6314,5598,5956,5960,0,5936,0,0,0,2017-04-20,32733000,5956,2,0,0,0,0,0,0,0,0,5958,4,0,0,0,0,0,0,0,0
415,2017-04-20,09:05:33,0,SM705,XZCE,5958,5920,5998,2806,83494180,20290,20286,6314,5598,5956,5960,0,5936,0,0,0,2017-04-20,32733000,5956,5,0,0,0,0,0,0,0,0,5958,4,0,0,0,0,0,0,0,0
416,2017-04-20,09:05:34,0,SM705,XZCE,5958,5920,5998,2816,83792080,20298,20286,6314,5598,5956,5960,0,5936,0,0,0,2017-04-20,32734000,5954,5,0,0,0,0,0,0,0,0,5956,5,0,0,0,0,0,0,0,0
417,2017-04-20,09:05:34,0,SM705,XZCE,5956,5920,5998,2826,84089880,20288,20286,6314,5598,5956,5960,0,5936,0,0,0,2017-04-20,32734000,5956,4,0,0,0,0,0,0,0,0,5964,1,0,0,0,0,0,0,0,0
418,2017-04-20,09:05:36,0,SM705,XZCE,5968,5920,5998,2848,84746360,20282,20286,6314,5598,5956,5960,0,5936,0,0,0,2017-04-20,32736000,5958,1,0,0,0,0,0,0,0,0,5968,4,0,0,0,0,0,0,0,0
419,2017-04-20,09:05:36,0,SM705,XZCE,5958,5920,5998,2852,84865520,20282,20286,6314,5598,5956,5960,0,5936,0,0,0,2017-04-20,32736000,5954,1,0,0,0,0,0,0,0,0,5958,8,0,0,0,0,0,0,0,0
420,2017-04-20,09:05:36,0,SM705,XZCE,5958,5920,5998,2852,84865520,20282,20286,6314,5598,5956,5960,0,5936,0,0,0,2017-04-20,32736000,5954,1,0,0,0,0,0,0,0,0,5958,9,0,0,0,0,0,0,0,0
421,2017-04-20,09:05:40,0,SM705,XZCE,5954,5920,5998,2858,85044140,20276,20286,6314,5598,5956,5960,0,5936,0,0,0,2017-04-20,32740000,5952,11,0,0,0,0,0,0,0,0,5954,5,0,0,0,0,0,0,0,0
422,2017-04-20,09:05:41,0,SM705,XZCE,5954,5920,5998,2858,85044140,20276,20286,6314,5598,5956,5960,0,5936,0,0,0,2017-04-20,32741000,5952,11,0,0,0,0,0,0,0,0,5954,7,0,0,0,0,0,0,0,0
423,2017-04-20,09:05:41,0,SM705,XZCE,5954,5920,5998,2860,85103680,20276,20286,6314,5598,5956,5960,0,5936,0,0,0,2017-04-20,32741000,5952,11,0,0,0,0,0,0,0,0,5954,6,0,0,0,0,0,0,0,0
424,2017-04-20,09:05:43,0,SM705,XZCE,5954,5920,5998,2862,85163220,20274,20286,6314,5598,5956,5960,0,5936,0,0,0,2017-04-20,32743000,5952,11,0,0,0,0,0,0,0,0,5954,5,0,0,0,0,0,0,0,0
425,2017-04-20,09:05:43,0,SM705,XZCE,5952,5920,5998,2878,85639380,20276,20286,6314,5598,5956,5960,0,5936,0,0,0,2017-04-20,32743000,5952,3,0,0,0,0,0,0,0,0,5954,5,0,0,0,0,0,0,0,0
426,2017-04-20,09:05:44,0,SM705,XZCE,5952,5920,5998,2880,85698900,20276,20286,6314,5598,5956,5960,0,5936,0,0,0,2017-04-20,32744000,5952,2,0,0,0,0,0,0,0,0,5954,5,0,0,0,0,0,0,0,0
427,2017-04-20,09:05:44,0,SM705,XZCE,5954,5920,5998,2882,85758440,20276,20286,6314,5598,5956,5960,0,5936,0,0,0,2017-04-20,32744000,5952,2,0,0,0,0,0,0,0,0,5954,4,0,0,0,0,0,0,0,0
428,2017-04-20,09:05:45,0,SM705,XZCE,5952,5920,5998,2888,85937000,20276,20286,6314,5598,5956,5960,0,5936,0,0,0,2017-04-20,32745000,5950,4,0,0,0,0,0,0,0,0,5952,1,0,0,0,0,0,0,0,0
429,2017-04-20,09:05:45,0,SM705,XZCE,5952,5920,5998,2888,85937000,20276,20286,6314,5598,5956,5960,0,5936,0,0,0,2017-04-20,32745000,5950,4,0,0,0,0,0,0,0,0,5952,2,0,0,0,0,0,0,0,0
430,2017-04-20,09:05:47,0,SM705,XZCE,5952,5920,5998,2888,85937000,20276,20286,6314,5598,5956,5960,0,5936,0,0,0,2017-04-20,32747000,5950,5,0,0,0,0,0,0,0,0,5952,2,0,0,0,0,0,0,0,0
431,2017-04-20,09:05:48,0,SM705,XZCE,5950,5920,5998,2890,85996500,20278,20286,6314,5598,5956,5960,0,5936,0,0,0,2017-04-20,32748000,5950,4,0,0,0,0,0,0,0,0,5952,2,0,0,0,0,0,0,0,0
432,2017-04-20,09:05:50,0,SM705,XZCE,5952,5920,5998,2892,86056020,20278,20286,6314,5598,5956,5960,0,5936,0,0,0,2017-04-20,32750000,5950,4,0,0,0,0,0,0,0,0,5952,1,0,0,0,0,0,0,0,0
433,2017-04-20,09:05:51,0,SM705,XZCE,5950,5920,5998,2898,86234520,20284,20286,6314,5598,5956,5960,0,5936,0,0,0,2017-04-20,32751000,5950,2,0,0,0,0,0,0,0,0,5952,1,0,0,0,0,0,0,0,0
434,2017-04-20,09:05:52,0,SM705,XZCE,5950,5920,5998,2904,86413020,20284,20286,6314,5598,5956,5960,0,5936,0,0,0,2017-04-20,32752000,5946,2,0,0,0,0,0,0,0,0,5950,3,0,0,0,0,0,0,0,0
435,2017-04-20,09:05:52,0,SM705,XZCE,5950,5920,5998,2908,86532020,20280,20286,6314,5598,5956,5960,0,5936,0,0,0,2017-04-20,32752000,5946,2,0,0,0,0,0,0,0,0,5950,1,0,0,0,0,0,0,0,0
436,2017-04-20,09:05:53,0,SM705,XZCE,5950,5920,5998,2910,86591520,20278,20286,6314,5598,5956,5960,0,5936,0,0,0,2017-04-20,32753000,5946,2,0,0,0,0,0,0,0,0,5952,2,0,0,0,0,0,0,0,0
437,2017-04-20,09:05:54,0,SM705,XZCE,5950,5920,5998,2910,86591520,20278,20286,6314,5598,5956,5960,0,5936,0,0,0,2017-04-20,32754000,5950,1,0,0,0,0,0,0,0,0,5952,2,0,0,0,0,0,0,0,0
438,2017-04-20,09:05:56,0,SM705,XZCE,5950,5920,5998,2912,86651020,20278,20286,6314,5598,5956,5960,0,5936,0,0,0,2017-04-20,32756000,5946,2,0,0,0,0,0,0,0,0,5952,2,0,0,0,0,0,0,0,0
439,2017-04-20,09:05:57,0,SM705,XZCE,5950,5920,5998,2912,86651020,20278,20286,6314,5598,5956,5960,0,5936,0,0,0,2017-04-20,32757000,5948,1,0,0,0,0,0,0,0,0,5952,2,0,0,0,0,0,0,0,0
440,2017-04-20,09:05:57,0,SM705,XZCE,5952,5920,5998,2914,86710540,20278,20286,6314,5598,5956,5960,0,5936,0,0,0,2017-04-20,32757000,5948,1,0,0,0,0,0,0,0,0,5952,1,0,0,0,0,0,0,0,0
441,2017-04-20,09:05:58,0,SM705,XZCE,5952,5920,5998,2914,86710540,20278,20286,6314,5598,5956,5960,0,5936,0,0,0,2017-04-20,32758000,5948,2,0,0,0,0,0,0,0,0,5950,3,0,0,0,0,0,0,0,0
442,2017-04-20,09:05:58,0,SM705,XZCE,5948,5920,5998,2916,86770020,20280,20286,6314,5598,5956,5960,0,5936,0,0,0,2017-04-20,32758000,5948,1,0,0,0,0,0,0,0,0,5950,3,0,0,0,0,0,0,0,0
443,2017-04-20,09:05:59,0,SM705,XZCE,5948,5920,5998,2916,86770020,20280,20286,6314,5598,5956,5960,0,5936,0,0,0,2017-04-20,32759000,5948,3,0,0,0,0,0,0,0,0,5950,3,0,0,0,0,0,0,0,0
444,2017-04-20,09:06:00,0,SM705,XZCE,5948,5920,5998,2916,86770020,20280,20286,6314,5598,5956,5960,0,5936,0,0,0,2017-04-20,32760000,5948,4,0,0,0,0,0,0,0,0,5950,4,0,0,0,0,0,0,0,0
445,2017-04-20,09:06:02,0,SM705,XZCE,5950,5920,5998,2924,87008020,20274,20286,6314,5598,5956,5960,0,5936,0,0,0,2017-04-20,32762000,5950,1,0,0,0,0,0,0,0,0,5952,1,0,0,0,0,0,0,0,0
446,2017-04-20,09:06:02,0,SM705,XZCE,5952,5920,5998,2926,87067540,20272,20286,6314,5598,5956,5960,0,5936,0,0,0,2017-04-20,32762000,5950,5,0,0,0,0,0,0,0,0,5954,1,0,0,0,0,0,0,0,0
447,2017-04-20,09:06:03,0,SM705,XZCE,5952,5920,5998,2926,87067540,20272,20286,6314,5598,5956,5960,0,5936,0,0,0,2017-04-20,32763000,5950,7,0,0,0,0,0,0,0,0,5954,1,0,0,0,0,0,0,0,0
448,2017-04-20,09:06:04,0,SM705,XZCE,5952,5920,5998,2926,87067540,20272,20286,6314,5598,5956,5960,0,5936,0,0,0,2017-04-20,32764000,5950,9,0,0,0,0,0,0,0,0,5954,1,0,0,0,0,0,0,0,0
449,2017-04-20,09:06:05,0,SM705,XZCE,5954,5920,5998,2928,87127080,20272,20286,6314,5598,5956,5960,0,5936,0,0,0,2017-04-20,32765000,5952,3,0,0,0,0,0,0,0,0,5960,5,0,0,0,0,0,0,0,0
450,2017-04-20,09:06:06,0,SM705,XZCE,5958,5920,5998,2930,87186660,20272,20286,6314,5598,5956,5960,0,5936,0,0,0,2017-04-20,32766000,5952,3,0,0,0,0,0,0,0,0,5960,4,0,0,0,0,0,0,0,0
451,2017-04-20,09:06:07,0,SM705,XZCE,5954,5920,5998,2932,87246200,20274,20286,6314,5598,5956,5960,0,5936,0,0,0,2017-04-20,32767000,5954,1,0,0,0,0,0,0,0,0,5960,4,0,0,0,0,0,0,0,0
452,2017-04-20,09:06:08,0,SM705,XZCE,5960,5920,5998,2934,87305800,20274,20286,6314,5598,5956,5960,0,5936,0,0,0,2017-04-20,32768000,5954,1,0,0,0,0,0,0,0,0,5960,3,0,0,0,0,0,0,0,0
453,2017-04-20,09:06:08,0,SM705,XZCE,5960,5920,5998,2934,87305800,20274,20286,6314,5598,5956,5960,0,5936,0,0,0,2017-04-20,32768000,5954,1,0,0,0,0,0,0,0,0,5958,1,0,0,0,0,0,0,0,0
454,2017-04-20,09:06:10,0,SM705,XZCE,5954,5920,5998,2936,87365340,20274,20286,6314,5598,5956,5960,0,5936,0,0,0,2017-04-20,32770000,5950,10,0,0,0,0,0,0,0,0,5958,1,0,0,0,0,0,0,0,0
455,2017-04-20,09:06:10,0,SM705,XZCE,5954,5920,5998,2936,87365340,20274,20286,6314,5598,5956,5960,0,5936,0,0,0,2017-04-20,32770000,5954,2,0,0,0,0,0,0,0,0,5958,1,0,0,0,0,0,0,0,0
456,2017-04-20,09:06:12,0,SM705,XZCE,5954,5920,5998,2936,87365340,20274,20286,6314,5598,5956,5960,0,5936,0,0,0,2017-04-20,32772000,5954,3,0,0,0,0,0,0,0,0,5958,1,0,0,0,0,0,0,0,0
457,2017-04-20,09:06:16,0,SM705,XZCE,5958,5920,5998,2938,87424920,20272,20286,6314,5598,5956,5960,0,5936,0,0,0,2017-04-20,32776000,5958,9,0,0,0,0,0,0,0,0,5960,3,0,0,0,0,0,0,0,0
458,2017-04-20,09:06:17,0,SM705,XZCE,5960,5920,5998,2940,87484520,20274,20286,6314,5598,5956,5960,0,5936,0,0,0,2017-04-20,32777000,5958,10,0,0,0,0,0,0,0,0,5960,2,0,0,0,0,0,0,0,0
459,2017-04-20,09:06:18,0,SM705,XZCE,5960,5920,5998,2940,87484520,20274,20286,6314,5598,5956,5960,0,5936,0,0,0,2017-04-20,32778000,5958,10,0,0,0,0,0,0,0,0,5960,3,0,0,0,0,0,0,0,0
460,2017-04-20,09:06:18,0,SM705,XZCE,5960,5920,5998,2962,88140120,20272,20286,6314,5598,5956,5960,0,5936,0,0,0,2017-04-20,32778000,5956,2,0,0,0,0,0,0,0,0,5960,1,0,0,0,0,0,0,0,0
461,2017-04-20,09:06:19,0,SM705,XZCE,5960,5920,5998,2962,88140120,20272,20286,6314,5598,5956,5960,0,5936,0,0,0,2017-04-20,32779000,5958,1,0,0,0,0,0,0,0,0,5960,1,0,0,0,0,0,0,0,0
462,2017-04-20,09:06:20,0,SM705,XZCE,5960,5920,5998,2962,88140120,20272,20286,6314,5598,5956,5960,0,5936,0,0,0,2017-04-20,32780000,5958,1,0,0,0,0,0,0,0,0,5960,2,0,0,0,0,0,0,0,0
463,2017-04-20,09:06:22,0,SM705,XZCE,5960,5920,5998,2972,88438120,20276,20286,6314,5598,5956,5960,0,5936,0,0,0,2017-04-20,32782000,5960,2,0,0,0,0,0,0,0,0,5962,3,0,0,0,0,0,0,0,0
464,2017-04-20,09:06:23,0,SM705,XZCE,5960,5920,5998,2972,88438120,20276,20286,6314,5598,5956,5960,0,5936,0,0,0,2017-04-20,32783000,5960,2,0,0,0,0,0,0,0,0,5962,2,0,0,0,0,0,0,0,0
465,2017-04-20,09:06:24,0,SM705,XZCE,5960,5920,5998,2972,88438120,20276,20286,6314,5598,5956,5960,0,5936,0,0,0,2017-04-20,32784000,5960,5,0,0,0,0,0,0,0,0,5962,2,0,0,0,0,0,0,0,0
466,2017-04-20,09:06:24,0,SM705,XZCE,5960,5920,5998,2972,88438120,20276,20286,6314,5598,5956,5960,0,5936,0,0,0,2017-04-20,32784000,5960,9,0,0,0,0,0,0,0,0,5962,2,0,0,0,0,0,0,0,0
467,2017-04-20,09:06:24,0,SM705,XZCE,5962,5920,5998,2974,88497740,20276,20286,6314,5598,5956,5960,0,5936,0,0,0,2017-04-20,32784000,5960,9,0,0,0,0,0,0,0,0,5962,1,0,0,0,0,0,0,0,0
468,2017-04-20,09:06:25,0,SM705,XZCE,5962,5920,5998,2976,88557360,20276,20286,6314,5598,5956,5960,0,5936,0,0,0,2017-04-20,32785000,5960,9,0,0,0,0,0,0,0,0,5964,1,0,0,0,0,0,0,0,0
469,2017-04-20,09:06:25,0,SM705,XZCE,5962,5920,5998,2976,88557360,20276,20286,6314,5598,5956,5960,0,5936,0,0,0,2017-04-20,32785000,5962,1,0,0,0,0,0,0,0,0,5964,1,0,0,0,0,0,0,0,0
470,2017-04-20,09:06:26,0,SM705,XZCE,5960,5920,5998,2982,88736160,20274,20286,6314,5598,5956,5960,0,5936,0,0,0,2017-04-20,32786000,5960,7,0,0,0,0,0,0,0,0,5964,1,0,0,0,0,0,0,0,0
471,2017-04-20,09:06:26,0,SM705,XZCE,5960,5920,5998,2982,88736160,20274,20286,6314,5598,5956,5960,0,5936,0,0,0,2017-04-20,32786000,5960,8,0,0,0,0,0,0,0,0,5964,1,0,0,0,0,0,0,0,0
472,2017-04-20,09:06:27,0,SM705,XZCE,5960,5920,5998,2984,88795760,20276,20286,6314,5598,5956,5960,0,5936,0,0,0,2017-04-20,32787000,5960,7,0,0,0,0,0,0,0,0,5964,1,0,0,0,0,0,0,0,0
473,2017-04-20,09:06:29,0,SM705,XZCE,5960,5920,5998,2984,88795760,20276,20286,6314,5598,5956,5960,0,5936,0,0,0,2017-04-20,32789000,5960,7,0,0,0,0,0,0,0,0,5962,2,0,0,0,0,0,0,0,0
474,2017-04-20,09:06:29,0,SM705,XZCE,5964,5920,5998,2992,89034320,20276,20286,6314,5598,5956,5960,0,5936,0,0,0,2017-04-20,32789000,5964,6,0,0,0,0,0,0,0,0,5966,1,0,0,0,0,0,0,0,0
475,2017-04-20,09:06:29,0,SM705,XZCE,5966,5920,5998,2994,89093980,20278,20286,6314,5598,5956,5960,0,5936,0,0,0,2017-04-20,32789000,5966,1,0,0,0,0,0,0,0,0,5968,2,0,0,0,0,0,0,0,0
476,2017-04-20,09:06:31,0,SM705,XZCE,5964,5920,5998,3008,89511460,20292,20286,6314,5598,5956,5960,0,5936,0,0,0,2017-04-20,32791000,5960,7,0,0,0,0,0,0,0,0,5966,1,0,0,0,0,0,0,0,0
477,2017-04-20,09:06:31,0,SM705,XZCE,5966,5920,5998,3010,89571120,20292,20286,6314,5598,5956,5960,0,5936,0,0,0,2017-04-20,32791000,5962,1,0,0,0,0,0,0,0,0,5968,1,0,0,0,0,0,0,0,0
478,2017-04-20,09:06:32,0,SM705,XZCE,5968,5920,5998,3012,89630800,20292,20286,6314,5598,5956,5960,0,5936,0,0,0,2017-04-20,32792000,5962,1,0,0,0,0,0,0,0,0,5970,6,0,0,0,0,0,0,0,0
479,2017-04-20,09:06:33,0,SM705,XZCE,5968,5920,5998,3012,89630800,20292,20286,6314,5598,5956,5960,0,5936,0,0,0,2017-04-20,32793000,5962,1,0,0,0,0,0,0,0,0,5970,5,0,0,0,0,0,0,0,0
480,2017-04-20,09:06:33,0,SM705,XZCE,5968,5920,5998,3012,89630800,20292,20286,6314,5598,5956,5960,0,5936,0,0,0,2017-04-20,32793000,5962,7,0,0,0,0,0,0,0,0,5970,5,0,0,0,0,0,0,0,0
481,2017-04-20,09:06:35,0,SM705,XZCE,5970,5920,5998,3014,89690500,20294,20286,6314,5598,5956,5960,0,5936,0,0,0,2017-04-20,32795000,5962,7,0,0,0,0,0,0,0,0,5970,4,0,0,0,0,0,0,0,0
482,2017-04-20,09:06:35,0,SM705,XZCE,5962,5920,5998,3016,89750120,20292,20286,6314,5598,5956,5960,0,5936,0,0,0,2017-04-20,32795000,5962,6,0,0,0,0,0,0,0,0,5968,1,0,0,0,0,0,0,0,0
483,2017-04-20,09:06:38,0,SM705,XZCE,5962,5920,5998,3016,89750120,20292,20286,6314,5598,5956,5960,0,5936,0,0,0,2017-04-20,32798000,5964,1,0,0,0,0,0,0,0,0,5968,1,0,0,0,0,0,0,0,0
484,2017-04-20,09:06:38,0,SM705,XZCE,5962,5920,5998,3016,89750120,20292,20286,6314,5598,5956,5960,0,5936,0,0,0,2017-04-20,32798000,5962,7,0,0,0,0,0,0,0,0,5968,1,0,0,0,0,0,0,0,0
485,2017-04-20,09:06:39,0,SM705,XZCE,5962,5920,5998,3016,89750120,20292,20286,6314,5598,5956,5960,0,5936,0,0,0,2017-04-20,32799000,5964,6,0,0,0,0,0,0,0,0,5968,1,0,0,0,0,0,0,0,0
486,2017-04-20,09:06:40,0,SM705,XZCE,5968,5920,5998,3018,89809800,20292,20286,6314,5598,5956,5960,0,5936,0,0,0,2017-04-20,32800000,5968,1,0,0,0,0,0,0,0,0,5970,5,0,0,0,0,0,0,0,0
487,2017-04-20,09:06:43,0,SM705,XZCE,5970,5920,5998,3028,90108300,20286,20286,6314,5598,5956,5960,0,5936,0,0,0,2017-04-20,32803000,5970,1,0,0,0,0,0,0,0,0,5972,11,0,0,0,0,0,0,0,0
488,2017-04-20,09:06:44,0,SM705,XZCE,5970,5920,5998,3028,90108300,20286,20286,6314,5598,5956,5960,0,5936,0,0,0,2017-04-20,32804000,5970,1,0,0,0,0,0,0,0,0,5972,10,0,0,0,0,0,0,0,0
489,2017-04-20,09:06:46,0,SM705,XZCE,5972,5920,5998,3030,90168020,20286,20286,6314,5598,5956,5960,0,5936,0,0,0,2017-04-20,32806000,5970,1,0,0,0,0,0,0,0,0,5972,10,0,0,0,0,0,0,0,0
490,2017-04-20,09:06:47,0,SM705,XZCE,5972,5920,5998,3030,90168020,20286,20286,6314,5598,5956,5960,0,5936,0,0,0,2017-04-20,32807000,5970,2,0,0,0,0,0,0,0,0,5976,5,0,0,0,0,0,0,0,0
491,2017-04-20,09:06:49,0,SM705,XZCE,5972,5920,5998,3030,90168020,20286,20286,6314,5598,5956,5960,0,5936,0,0,0,2017-04-20,32809000,5970,3,0,0,0,0,0,0,0,0,5976,9,0,0,0,0,0,0,0,0
492,2017-04-20,09:06:49,0,SM705,XZCE,5972,5920,5998,3030,90168020,20286,20286,6314,5598,5956,5960,0,5936,0,0,0,2017-04-20,32809000,5972,50,0,0,0,0,0,0,0,0,5976,9,0,0,0,0,0,0,0,0
493,2017-04-20,09:06:50,0,SM705,XZCE,5976,5920,5998,3048,90705860,20294,20286,6314,5598,5956,5960,0,5936,0,0,0,2017-04-20,32810000,5974,6,0,0,0,0,0,0,0,0,5980,23,0,0,0,0,0,0,0,0
494,2017-04-20,09:06:50,0,SM705,XZCE,5976,5920,5998,3048,90705860,20294,20286,6314,5598,5956,5960,0,5936,0,0,0,2017-04-20,32810000,5974,6,0,0,0,0,0,0,0,0,5978,8,0,0,0,0,0,0,0,0
495,2017-04-20,09:06:52,0,SM705,XZCE,5974,5920,5998,3050,90765600,20294,20286,6314,5598,5956,5960,0,5936,0,0,0,2017-04-20,32812000,5974,5,0,0,0,0,0,0,0,0,5978,8,0,0,0,0,0,0,0,0
496,2017-04-20,09:06:54,0,SM705,XZCE,5974,5920,5998,3050,90765600,20294,20286,6314,5598,5956,5960,0,5936,0,0,0,2017-04-20,32814000,5976,1,0,0,0,0,0,0,0,0,5978,8,0,0,0,0,0,0,0,0
497,2017-04-20,09:06:57,0,SM705,XZCE,5978,5920,5998,3054,90885160,20294,20286,6314,5598,5956,5960,0,5936,0,0,0,2017-04-20,32817000,5976,1,0,0,0,0,0,0,0,0,5978,6,0,0,0,0,0,0,0,0
498,2017-04-20,09:06:58,0,SM705,XZCE,5978,5920,5998,3064,91184060,20284,20286,6314,5598,5956,5960,0,5936,0,0,0,2017-04-20,32818000,5976,1,0,0,0,0,0,0,0,0,5978,1,0,0,0,0,0,0,0,0
499,2017-04-20,09:06:58,0,SM705,XZCE,5976,5920,5998,3066,91243820,20284,20286,6314,5598,5956,5960,0,5936,0,0,0,2017-04-20,32818000,5972,50,0,0,0,0,0,0,0,0,5978,1,0,0,0,0,0,0,0,0
500,2017-04-20,09:06:59,0,SM705,XZCE,5976,5920,5998,3066,91243820,20284,20286,6314,5598,5956,5960,0,5936,0,0,0,2017-04-20,32819000,5972,50,0,0,0,0,0,0,0,0,5978,34,0,0,0,0,0,0,0,0
501,2017-04-20,09:07:00,0,SM705,XZCE,5978,5920,5998,3068,91303600,20282,20286,6314,5598,5956,5960,0,5936,0,0,0,2017-04-20,32820000,5972,50,0,0,0,0,0,0,0,0,5978,33,0,0,0,0,0,0,0,0
502,2017-04-20,09:07:01,0,SM705,XZCE,5972,5920,5998,3074,91482760,20288,20286,6314,5598,5956,5960,0,5936,0,0,0,2017-04-20,32821000,5972,48,0,0,0,0,0,0,0,0,5978,32,0,0,0,0,0,0,0,0
503,2017-04-20,09:07:02,0,SM705,XZCE,5972,5920,5998,3076,91542480,20290,20286,6314,5598,5956,5960,0,5936,0,0,0,2017-04-20,32822000,5972,48,0,0,0,0,0,0,0,0,5978,32,0,0,0,0,0,0,0,0
504,2017-04-20,09:07:02,0,SM705,XZCE,5972,5920,5998,3080,91661920,20294,20286,6314,5598,5956,5960,0,5936,0,0,0,2017-04-20,32822000,5972,46,0,0,0,0,0,0,0,0,5978,32,0,0,0,0,0,0,0,0
505,2017-04-20,09:07:03,0,SM705,XZCE,5972,5920,5998,3084,91781360,20294,20286,6314,5598,5956,5960,0,5936,0,0,0,2017-04-20,32823000,5972,43,0,0,0,0,0,0,0,0,5978,32,0,0,0,0,0,0,0,0
506,2017-04-20,09:07:05,0,SM705,XZCE,5972,5920,5998,3160,94050720,20370,20286,6314,5598,5956,5960,0,5936,0,0,0,2017-04-20,32825000,5972,5,0,0,0,0,0,0,0,0,5976,10,0,0,0,0,0,0,0,0
507,2017-04-20,09:07:05,0,SM705,XZCE,5972,5920,5998,3160,94050720,20370,20286,6314,5598,5956,5960,0,5936,0,0,0,2017-04-20,32825000,5972,5,0,0,0,0,0,0,0,0,5976,11,0,0,0,0,0,0,0,0
508,2017-04-20,09:07:07,0,SM705,XZCE,5972,5920,5998,3162,94110440,20370,20286,6314,5598,5956,5960,0,5936,0,0,0,2017-04-20,32827000,5972,4,0,0,0,0,0,0,0,0,5976,11,0,0,0,0,0,0,0,0
509,2017-04-20,09:07:07,0,SM705,XZCE,5976,5920,5998,3164,94170200,20370,20286,6314,5598,5956,5960,0,5936,0,0,0,2017-04-20,32827000,5972,4,0,0,0,0,0,0,0,0,5976,10,0,0,0,0,0,0,0,0
510,2017-04-20,09:07:08,0,SM705,XZCE,5976,5920,5998,3164,94170200,20370,20286,6314,5598,5956,5960,0,5936,0,0,0,2017-04-20,32828000,5972,5,0,0,0,0,0,0,0,0,5976,10,0,0,0,0,0,0,0,0
511,2017-04-20,09:07:08,0,SM705,XZCE,5976,5920,5998,3164,94170200,20370,20286,6314,5598,5956,5960,0,5936,0,0,0,2017-04-20,32828000,5972,4,0,0,0,0,0,0,0,0,5976,10,0,0,0,0,0,0,0,0
512,2017-04-20,09:07:10,0,SM705,XZCE,5974,5920,5998,3166,94229940,20372,20286,6314,5598,5956,5960,0,5936,0,0,0,2017-04-20,32830000,5972,4,0,0,0,0,0,0,0,0,5974,8,0,0,0,0,0,0,0,0
513,2017-04-20,09:07:11,0,SM705,XZCE,5974,5920,5998,3172,94409160,20372,20286,6314,5598,5956,5960,0,5936,0,0,0,2017-04-20,32831000,5972,6,0,0,0,0,0,0,0,0,5974,5,0,0,0,0,0,0,0,0
514,2017-04-20,09:07:17,0,SM705,XZCE,5974,5920,5998,3174,94468900,20374,20286,6314,5598,5956,5960,0,5936,0,0,0,2017-04-20,32837000,5972,6,0,0,0,0,0,0,0,0,5974,4,0,0,0,0,0,0,0,0
515,2017-04-20,09:07:17,0,SM705,XZCE,5970,5920,5998,3192,95006200,20378,20286,6314,5598,5956,5960,0,5936,0,0,0,2017-04-20,32837000,5968,3,0,0,0,0,0,0,0,0,5970,1,0,0,0,0,0,0,0,0
516,2017-04-20,09:07:18,0,SM705,XZCE,5970,5920,5998,3194,95065900,20378,20286,6314,5598,5956,5960,0,5936,0,0,0,2017-04-20,32838000,5968,3,0,0,0,0,0,0,0,0,5972,1,0,0,0,0,0,0,0,0
517,2017-04-20,09:07:19,0,SM705,XZCE,5970,5920,5998,3194,95065900,20378,20286,6314,5598,5956,5960,0,5936,0,0,0,2017-04-20,32839000,5968,4,0,0,0,0,0,0,0,0,5972,1,0,0,0,0,0,0,0,0
518,2017-04-20,09:07:23,0,SM705,XZCE,5970,5920,5998,3194,95065900,20378,20286,6314,5598,5956,5960,0,5936,0,0,0,2017-04-20,32843000,5970,1,0,0,0,0,0,0,0,0,5972,1,0,0,0,0,0,0,0,0
519,2017-04-20,09:07:23,0,SM705,XZCE,5972,5920,5998,3196,95125620,20376,20286,6314,5598,5956,5960,0,5936,0,0,0,2017-04-20,32843000,5968,4,0,0,0,0,0,0,0,0,5976,5,0,0,0,0,0,0,0,0
520,2017-04-20,09:07:24,0,SM705,XZCE,5972,5920,5998,3196,95125620,20376,20286,6314,5598,5956,5960,0,5936,0,0,0,2017-04-20,32844000,5968,4,0,0,0,0,0,0,0,0,5976,6,0,0,0,0,0,0,0,0
521,2017-04-20,09:07:24,0,SM705,XZCE,5972,5920,5998,3196,95125620,20376,20286,6314,5598,5956,5960,0,5936,0,0,0,2017-04-20,32844000,5968,4,0,0,0,0,0,0,0,0,5976,2,0,0,0,0,0,0,0,0
522,2017-04-20,09:07:26,0,SM705,XZCE,5968,5920,5998,3198,95185300,20376,20286,6314,5598,5956,5960,0,5936,0,0,0,2017-04-20,32846000,5968,3,0,0,0,0,0,0,0,0,5976,2,0,0,0,0,0,0,0,0
523,2017-04-20,09:07:26,0,SM705,XZCE,5968,5920,5998,3198,95185300,20376,20286,6314,5598,5956,5960,0,5936,0,0,0,2017-04-20,32846000,5970,1,0,0,0,0,0,0,0,0,5976,2,0,0,0,0,0,0,0,0
524,2017-04-20,09:07:27,0,SM705,XZCE,5970,5920,5998,3200,95245000,20376,20286,6314,5598,5956,5960,0,5936,0,0,0,2017-04-20,32847000,5968,2,0,0,0,0,0,0,0,0,5970,4,0,0,0,0,0,0,0,0
525,2017-04-20,09:07:28,0,SM705,XZCE,5970,5920,5998,3206,95424100,20382,20286,6314,5598,5956,5960,0,5936,0,0,0,2017-04-20,32848000,5968,2,0,0,0,0,0,0,0,0,5970,1,0,0,0,0,0,0,0,0
526,2017-04-20,09:07:33,0,SM705,XZCE,5970,5920,5998,3206,95424100,20382,20286,6314,5598,5956,5960,0,5936,0,0,0,2017-04-20,32853000,5968,2,0,0,0,0,0,0,0,0,5970,5,0,0,0,0,0,0,0,0
527,2017-04-20,09:07:35,0,SM705,XZCE,5970,5920,5998,3206,95424100,20382,20286,6314,5598,5956,5960,0,5936,0,0,0,2017-04-20,32855000,5968,2,0,0,0,0,0,0,0,0,5970,6,0,0,0,0,0,0,0,0
528,2017-04-20,09:07:39,0,SM705,XZCE,5970,5920,5998,3206,95424100,20382,20286,6314,5598,5956,5960,0,5936,0,0,0,2017-04-20,32859000,5968,3,0,0,0,0,0,0,0,0,5970,6,0,0,0,0,0,0,0,0
529,2017-04-20,09:07:40,0,SM705,XZCE,5970,5920,5998,3206,95424100,20382,20286,6314,5598,5956,5960,0,5936,0,0,0,2017-04-20,32860000,5968,4,0,0,0,0,0,0,0,0,5970,6,0,0,0,0,0,0,0,0
530,2017-04-20,09:07:40,0,SM705,XZCE,5970,5920,5998,3206,95424100,20382,20286,6314,5598,5956,5960,0,5936,0,0,0,2017-04-20,32860000,5968,5,0,0,0,0,0,0,0,0,5970,6,0,0,0,0,0,0,0,0
531,2017-04-20,09:07:40,0,SM705,XZCE,5970,5920,5998,3206,95424100,20382,20286,6314,5598,5956,5960,0,5936,0,0,0,2017-04-20,32860000,5968,7,0,0,0,0,0,0,0,0,5970,6,0,0,0,0,0,0,0,0
532,2017-04-20,09:07:42,0,SM705,XZCE,5970,5920,5998,3206,95424100,20382,20286,6314,5598,5956,5960,0,5936,0,0,0,2017-04-20,32862000,5968,7,0,0,0,0,0,0,0,0,5970,5,0,0,0,0,0,0,0,0
533,2017-04-20,09:07:42,0,SM705,XZCE,5970,5920,5998,3212,95603200,20388,20286,6314,5598,5956,5960,0,5936,0,0,0,2017-04-20,32862000,5968,4,0,0,0,0,0,0,0,0,5970,2,0,0,0,0,0,0,0,0
534,2017-04-20,09:07:43,0,SM705,XZCE,5968,5920,5998,3214,95662880,20386,20286,6314,5598,5956,5960,0,5936,0,0,0,2017-04-20,32863000,5968,3,0,0,0,0,0,0,0,0,5970,2,0,0,0,0,0,0,0,0
535,2017-04-20,09:07:44,0,SM705,XZCE,5968,5920,5998,3220,95841920,20382,20286,6314,5598,5956,5960,0,5936,0,0,0,2017-04-20,32864000,5966,2,0,0,0,0,0,0,0,0,5970,2,0,0,0,0,0,0,0,0
536,2017-04-20,09:07:45,0,SM705,XZCE,5968,5920,5998,3220,95841920,20382,20286,6314,5598,5956,5960,0,5936,0,0,0,2017-04-20,32865000,5968,1,0,0,0,0,0,0,0,0,5970,2,0,0,0,0,0,0,0,0
537,2017-04-20,09:07:46,0,SM705,XZCE,5968,5920,5998,3222,95901600,20382,20286,6314,5598,5956,5960,0,5936,0,0,0,2017-04-20,32866000,5968,1,0,0,0,0,0,0,0,0,5970,2,0,0,0,0,0,0,0,0
538,2017-04-20,09:07:46,0,SM705,XZCE,5970,5920,5998,3226,96021000,20386,20286,6314,5598,5956,5960,0,5936,0,0,0,2017-04-20,32866000,5966,1,0,0,0,0,0,0,0,0,5972,1,0,0,0,0,0,0,0,0
539,2017-04-20,09:07:48,0,SM705,XZCE,5970,5920,5998,3226,96021000,20386,20286,6314,5598,5956,5960,0,5936,0,0,0,2017-04-20,32868000,5966,2,0,0,0,0,0,0,0,0,5972,1,0,0,0,0,0,0,0,0
540,2017-04-20,09:07:49,0,SM705,XZCE,5966,5920,5998,3228,96080660,20386,20286,6314,5598,5956,5960,0,5936,0,0,0,2017-04-20,32869000,5966,1,0,0,0,0,0,0,0,0,5972,1,0,0,0,0,0,0,0,0
541,2017-04-20,09:07:49,0,SM705,XZCE,5966,5920,5998,3230,96140320,20386,20286,6314,5598,5956,5960,0,5936,0,0,0,2017-04-20,32869000,5964,1,0,0,0,0,0,0,0,0,5972,1,0,0,0,0,0,0,0,0
542,2017-04-20,09:07:54,0,SM705,XZCE,5966,5920,5998,3230,96140320,20386,20286,6314,5598,5956,5960,0,5936,0,0,0,2017-04-20,32874000,5964,1,0,0,0,0,0,0,0,0,5970,4,0,0,0,0,0,0,0,0
543,2017-04-20,09:07:55,0,SM705,XZCE,5966,5920,5998,3230,96140320,20386,20286,6314,5598,5956,5960,0,5936,0,0,0,2017-04-20,32875000,5964,1,0,0,0,0,0,0,0,0,5972,1,0,0,0,0,0,0,0,0
544,2017-04-20,09:07:56,0,SM705,XZCE,5964,5920,5998,3232,96199960,20384,20286,6314,5598,5956,5960,0,5936,0,0,0,2017-04-20,32876000,5960,3,0,0,0,0,0,0,0,0,5964,2,0,0,0,0,0,0,0,0
545,2017-04-20,09:07:58,0,SM705,XZCE,5964,5920,5998,3236,96319240,20384,20286,6314,5598,5956,5960,0,5936,0,0,0,2017-04-20,32878000,5964,2,0,0,0,0,0,0,0,0,5970,2,0,0,0,0,0,0,0,0
546,2017-04-20,09:07:58,0,SM705,XZCE,5964,5920,5998,3236,96319240,20384,20286,6314,5598,5956,5960,0,5936,0,0,0,2017-04-20,32878000,5964,2,0,0,0,0,0,0,0,0,5970,1,0,0,0,0,0,0,0,0
547,2017-04-20,09:08:01,0,SM705,XZCE,5964,5920,5998,3240,96438520,20384,20286,6314,5598,5956,5960,0,5936,0,0,0,2017-04-20,32881000,5964,1,0,0,0,0,0,0,0,0,5970,1,0,0,0,0,0,0,0,0
548,2017-04-20,09:08:01,0,SM705,XZCE,5964,5920,5998,3240,96438520,20384,20286,6314,5598,5956,5960,0,5936,0,0,0,2017-04-20,32881000,5964,1,0,0,0,0,0,0,0,0,5970,3,0,0,0,0,0,0,0,0
549,2017-04-20,09:08:03,0,SM705,XZCE,5970,5920,5998,3246,96617620,20390,20286,6314,5598,5956,5960,0,5936,0,0,0,2017-04-20,32883000,5970,17,0,0,0,0,0,0,0,0,5974,4,0,0,0,0,0,0,0,0
550,2017-04-20,09:08:04,0,SM705,XZCE,5970,5920,5998,3252,96796720,20390,20286,6314,5598,5956,5960,0,5936,0,0,0,2017-04-20,32884000,5970,14,0,0,0,0,0,0,0,0,5972,1,0,0,0,0,0,0,0,0
551,2017-04-20,09:08:06,0,SM705,XZCE,5972,5920,5998,3260,97035600,20396,20286,6314,5598,5956,5960,0,5936,0,0,0,2017-04-20,32886000,5972,3,0,0,0,0,0,0,0,0,5974,6,0,0,0,0,0,0,0,0
552,2017-04-20,09:08:06,0,SM705,XZCE,5972,5920,5998,3266,97214760,20396,20286,6314,5598,5956,5960,0,5936,0,0,0,2017-04-20,32886000,5970,16,0,0,0,0,0,0,0,0,5974,6,0,0,0,0,0,0,0,0
553,2017-04-20,09:08:06,0,SM705,XZCE,5972,5920,5998,3266,97214760,20396,20286,6314,5598,5956,5960,0,5936,0,0,0,2017-04-20,32886000,5970,16,0,0,0,0,0,0,0,0,5972,1,0,0,0,0,0,0,0,0
554,2017-04-20,09:08:07,0,SM705,XZCE,5970,5920,5998,3272,97393860,20396,20286,6314,5598,5956,5960,0,5936,0,0,0,2017-04-20,32887000,5970,13,0,0,0,0,0,0,0,0,5974,3,0,0,0,0,0,0,0,0
555,2017-04-20,09:08:10,0,SM705,XZCE,5974,5920,5998,3282,97692560,20394,20286,6314,5598,5956,5960,0,5936,0,0,0,2017-04-20,32890000,5970,15,0,0,0,0,0,0,0,0,5976,2,0,0,0,0,0,0,0,0
556,2017-04-20,09:08:11,0,SM705,XZCE,5974,5920,5998,3282,97692560,20394,20286,6314,5598,5956,5960,0,5936,0,0,0,2017-04-20,32891000,5970,15,0,0,0,0,0,0,0,0,5976,3,0,0,0,0,0,0,0,0
557,2017-04-20,09:08:12,0,SM705,XZCE,5970,5920,5998,3284,97752260,20396,20286,6314,5598,5956,5960,0,5936,0,0,0,2017-04-20,32892000,5970,14,0,0,0,0,0,0,0,0,5976,2,0,0,0,0,0,0,0,0
558,2017-04-20,09:08:13,0,SM705,XZCE,5970,5920,5998,3284,97752260,20396,20286,6314,5598,5956,5960,0,5936,0,0,0,2017-04-20,32893000,5972,2,0,0,0,0,0,0,0,0,5976,2,0,0,0,0,0,0,0,0
559,2017-04-20,09:08:14,0,SM705,XZCE,5970,5920,5998,3288,97871660,20396,20286,6314,5598,5956,5960,0,5936,0,0,0,2017-04-20,32894000,5970,14,0,0,0,0,0,0,0,0,5976,2,0,0,0,0,0,0,0,0
560,2017-04-20,09:08:16,0,SM705,XZCE,5976,5920,5998,3290,97931420,20398,20286,6314,5598,5956,5960,0,5936,0,0,0,2017-04-20,32896000,5974,1,0,0,0,0,0,0,0,0,5976,1,0,0,0,0,0,0,0,0
