,dataDate,dataTime,dataMillisec,instrumentID,exchangeCD,lastPrice,lowPrice,highPrice,volume,value,openInterest,preOpenInterest,upperLimitPrice,lowerLimitPrice,preSettlementPrice,prevClosePrice,settlementPrice,openPrice,closePrice,preDelta,currDelta,clearingDay,milliSecOffset,bidPrice1,bidVolume1,bidPrice2,bidVolume2,bidPrice3,bidVolume3,bidPrice4,bidVolume4,bidPrice5,bidVolume5,askPrice1,askVolume1,askPrice2,askVolume2,askPrice3,askVolume3,askPrice4,askVolume4,askPrice5,askVolume5
0,2017-04-20,00:00:00,0,TF1706,CCFX,98.67,0.0,0.0,0,0,19596,19596,0.0,0.0,98.625,98.67,0.0,0.0,0.0,0,0,2017-04-20,0,0.0,0,0,0,0,0,0,0,0,0,0.0,0,0,0,0,0,0,0,0,0
1,2017-04-20,07:14:14,500,TF1706,CCFX,98.67,0.0,0.0,0,0,19596,19596,99.805,97.445,98.625,98.67,0.0,0.0,0.0,0,0,2017-04-20,26054500,0.0,0,0,0,0,0,0,0,0,0,0.0,0,0,0,0,0,0,0,0,0
2,2017-04-20,09:14:00,500,TF1706,CCFX,98.61,98.61,98.61,1,986100,19595,19596,99.805,97.445,98.625,98.67,0.0,98.61,0.0,0,0,2017-04-20,33240500,98.6,1,0,0,0,0,0,0,0,0,98.61,4,0,0,0,0,0,0,0,0
3,2017-04-20,09:15:00,500,TF1706,CCFX,98.61,98.59,98.61,9,8874400,19597,19596,99.805,97.445,98.625,98.67,0.0,98.61,0.0,0,0,2017-04-20,33300500,98.555,2,0,0,0,0,0,0,0,0,98.66,3,0,0,0,0,0,0,0,0
4,2017-04-20,09:15:01,0,TF1706,CCFX,98.605,98.59,98.61,12,11832550,19600,19596,99.805,97.445,98.625,98.67,0.0,98.61,0.0,0,0,2017-04-20,33301000,98.61,2,0,0,0,0,0,0,0,0,98.655,3,0,0,0,0,0,0,0,0
5,2017-04-20,09:15:01,500,TF1706,CCFX,98.605,98.59,98.61,12,11832550,19600,19596,99.805,97.445,98.625,98.67,0.0,98.61,0.0,0,0,2017-04-20,33301500,98.615,1,0,0,0,0,0,0,0,0,98.63,9,0,0,0,0,0,0,0,0
6,2017-04-20,09:15:02,0,TF1706,CCFX,98.61,98.59,98.615,17,16763100,19601,19596,99.805,97.445,98.625,98.67,0.0,98.61,0.0,0,0,2017-04-20,33302000,98.6,6,0,0,0,0,0,0,0,0,98.61,26,0,0,0,0,0,0,0,0
7,2017-04-20,09:15:02,500,TF1706,CCFX,98.61,98.59,98.615,31,30568500,19591,19596,99.805,97.445,98.625,98.67,0.0,98.61,0.0,0,0,2017-04-20,33302500,98.6,6,0,0,0,0,0,0,0,0,98.61,18,0,0,0,0,0,0,0,0
8,2017-04-20,09:15:03,0,TF1706,CCFX,98.61,98.59,98.615,31,30568500,19591,19596,99.805,97.445,98.625,98.67,0.0,98.61,0.0,0,0,2017-04-20,33303000,98.6,6,0,0,0,0,0,0,0,0,98.61,19,0,0,0,0,0,0,0,0
9,2017-04-20,09:15:04,0,TF1706,CCFX,98.61,98.59,98.615,31,30568500,19591,19596,99.805,97.445,98.625,98.67,0.0,98.61,0.0,0,0,2017-04-20,33304000,98.605,1,0,0,0,0,0,0,0,0,98.61,19,0,0,0,0,0,0,0,0
10,2017-04-20,09:15:04,500,TF1706,CCFX,98.605,98.59,98.615,32,31554550,19591,19596,99.805,97.445,98.625,98.67,0.0,98.61,0.0,0,0,2017-04-20,33304500,98.6,6,0,0,0,0,0,0,0,0,98.61,19,0,0,0,0,0,0,0,0
11,2017-04-20,09:15:05,0,TF1706,CCFX,98.605,98.59,98.615,38,37470650,19591,19596,99.805,97.445,98.625,98.67,0.0,98.61,0.0,0,0,2017-04-20,33305000,98.6,2,0,0,0,0,0,0,0,0,98.605,1,0,0,0,0,0,0,0,0
12,2017-04-20,09:15:05,500,TF1706,CCFX,98.605,98.59,98.615,45,44372950,19591,19596,99.805,97.445,98.625,98.67,0.0,98.61,0.0,0,0,2017-04-20,33305500,98.6,1,0,0,0,0,0,0,0,0,98.605,3,0,0,0,0,0,0,0,0
13,2017-04-20,09:15:06,0,TF1706,CCFX,98.61,98.59,98.615,52,51275400,19587,19596,99.805,97.445,98.625,98.67,0.0,98.61,0.0,0,0,2017-04-20,33306000,98.575,2,0,0,0,0,0,0,0,0,98.61,9,0,0,0,0,0,0,0,0
14,2017-04-20,09:15:06,500,TF1706,CCFX,98.61,98.59,98.615,52,51275400,19587,19596,99.805,97.445,98.625,98.67,0.0,98.61,0.0,0,0,2017-04-20,33306500,98.58,4,0,0,0,0,0,0,0,0,98.605,5,0,0,0,0,0,0,0,0
15,2017-04-20,09:15:07,0,TF1706,CCFX,98.61,98.59,98.615,52,51275400,19587,19596,99.805,97.445,98.625,98.67,0.0,98.61,0.0,0,0,2017-04-20,33307000,98.58,2,0,0,0,0,0,0,0,0,98.6,1,0,0,0,0,0,0,0,0
16,2017-04-20,09:15:07,500,TF1706,CCFX,98.6,98.59,98.615,56,55219400,19590,19596,99.805,97.445,98.625,98.67,0.0,98.61,0.0,0,0,2017-04-20,33307500,98.6,2,0,0,0,0,0,0,0,0,98.605,3,0,0,0,0,0,0,0,0
17,2017-04-20,09:15:08,0,TF1706,CCFX,98.6,98.59,98.615,58,57191400,19592,19596,99.805,97.445,98.625,98.67,0.0,98.61,0.0,0,0,2017-04-20,33308000,98.585,3,0,0,0,0,0,0,0,0,98.595,2,0,0,0,0,0,0,0,0
18,2017-04-20,09:15:08,500,TF1706,CCFX,98.6,98.59,98.615,58,57191400,19592,19596,99.805,97.445,98.625,98.67,0.0,98.61,0.0,0,0,2017-04-20,33308500,98.59,1,0,0,0,0,0,0,0,0,98.595,2,0,0,0,0,0,0,0,0
19,2017-04-20,09:15:09,0,TF1706,CCFX,98.6,98.59,98.615,58,57191400,19592,19596,99.805,97.445,98.625,98.67,0.0,98.61,0.0,0,0,2017-04-20,33309000,98.585,3,0,0,0,0,0,0,0,0,98.595,2,0,0,0,0,0,0,0,0
20,2017-04-20,09:15:09,500,TF1706,CCFX,98.6,98.59,98.615,58,57191400,19592,19596,99.805,97.445,98.625,98.67,0.0,98.61,0.0,0,0,2017-04-20,33309500,98.59,3,0,0,0,0,0,0,0,0,98.595,2,0,0,0,0,0,0,0,0
21,2017-04-20,09:15:10,0,TF1706,CCFX,98.595,98.59,98.615,60,59163300,19590,19596,99.805,97.445,98.625,98.67,0.0,98.61,0.0,0,0,2017-04-20,33310000,98.6,6,0,0,0,0,0,0,0,0,98.605,9,0,0,0,0,0,0,0,0
22,2017-04-20,09:15:10,500,TF1706,CCFX,98.6,98.59,98.615,66,65079300,19590,19596,99.805,97.445,98.625,98.67,0.0,98.61,0.0,0,0,2017-04-20,33310500,98.59,4,0,0,0,0,0,0,0,0,98.6,7,0,0,0,0,0,0,0,0
23,2017-04-20,09:15:11,0,TF1706,CCFX,98.6,98.59,98.615,66,65079300,19590,19596,99.805,97.445,98.625,98.67,0.0,98.61,0.0,0,0,2017-04-20,33311000,98.59,4,0,0,0,0,0,0,0,0,98.6,6,0,0,0,0,0,0,0,0
24,2017-04-20,09:15:11,500,TF1706,CCFX,98.59,98.59,98.615,67,66065200,19590,19596,99.805,97.445,98.625,98.67,0.0,98.61,0.0,0,0,2017-04-20,33311500,98.595,1,0,0,0,0,0,0,0,0,98.6,6,0,0,0,0,0,0,0,0
25,2017-04-20,09:15:12,0,TF1706,CCFX,98.59,98.59,98.615,67,66065200,19590,19596,99.805,97.445,98.625,98.67,0.0,98.61,0.0,0,0,2017-04-20,33312000,98.595,1,0,0,0,0,0,0,0,0,98.6,6,0,0,0,0,0,0,0,0
26,2017-04-20,09:15:12,500,TF1706,CCFX,98.595,98.59,98.615,68,67051150,19589,19596,99.805,97.445,98.625,98.67,0.0,98.61,0.0,0,0,2017-04-20,33312500,98.59,2,0,0,0,0,0,0,0,0,98.595,1,0,0,0,0,0,0,0,0
27,2017-04-20,09:15:13,0,TF1706,CCFX,98.595,98.59,98.615,68,67051150,19589,19596,99.805,97.445,98.625,98.67,0.0,98.61,0.0,0,0,2017-04-20,33313000,98.59,2,0,0,0,0,0,0,0,0,98.595,1,0,0,0,0,0,0,0,0
28,2017-04-20,09:15:14,0,TF1706,CCFX,98.595,98.59,98.615,68,67051150,19589,19596,99.805,97.445,98.625,98.67,0.0,98.61,0.0,0,0,2017-04-20,33314000,98.59,3,0,0,0,0,0,0,0,0,98.595,1,0,0,0,0,0,0,0,0
29,2017-04-20,09:15:15,0,TF1706,CCFX,98.595,98.59,98.615,69,68037100,19589,19596,99.805,97.445,98.625,98.67,0.0,98.61,0.0,0,0,2017-04-20,33315000,98.595,1,0,0,0,0,0,0,0,0,98.6,3,0,0,0,0,0,0,0,0
30,2017-04-20,09:15:15,500,TF1706,CCFX,98.595,98.59,98.615,69,68037100,19589,19596,99.805,97.445,98.625,98.67,0.0,98.61,0.0,0,0,2017-04-20,33315500,98.595,1,0,0,0,0,0,0,0,0,98.605,11,0,0,0,0,0,0,0,0
31,2017-04-20,09:15:16,0,TF1706,CCFX,98.6,98.59,98.615,70,69023100,19589,19596,99.805,97.445,98.625,98.67,0.0,98.61,0.0,0,0,2017-04-20,33316000,98.595,1,0,0,0,0,0,0,0,0,98.605,11,0,0,0,0,0,0,0,0
32,2017-04-20,09:15:16,500,TF1706,CCFX,98.6,98.59,98.615,70,69023100,19589,19596,99.805,97.445,98.625,98.67,0.0,98.61,0.0,0,0,2017-04-20,33316500,98.59,3,0,0,0,0,0,0,0,0,98.605,12,0,0,0,0,0,0,0,0
33,2017-04-20,09:15:17,0,TF1706,CCFX,98.6,98.59,98.615,70,69023100,19589,19596,99.805,97.445,98.625,98.67,0.0,98.61,0.0,0,0,2017-04-20,33317000,98.595,1,0,0,0,0,0,0,0,0,98.605,12,0,0,0,0,0,0,0,0
34,2017-04-20,09:15:17,500,TF1706,CCFX,98.6,98.59,98.615,70,69023100,19589,19596,99.805,97.445,98.625,98.67,0.0,98.61,0.0,0,0,2017-04-20,33317500,98.595,1,0,0,0,0,0,0,0,0,98.605,12,0,0,0,0,0,0,0,0
35,2017-04-20,09:15:18,0,TF1706,CCFX,98.6,98.59,98.615,70,69023100,19589,19596,99.805,97.445,98.625,98.67,0.0,98.61,0.0,0,0,2017-04-20,33318000,98.595,1,0,0,0,0,0,0,0,0,98.6,2,0,0,0,0,0,0,0,0
36,2017-04-20,09:15:18,500,TF1706,CCFX,98.6,98.59,98.615,70,69023100,19589,19596,99.805,97.445,98.625,98.67,0.0,98.61,0.0,0,0,2017-04-20,33318500,98.595,1,0,0,0,0,0,0,0,0,98.605,11,0,0,0,0,0,0,0,0
37,2017-04-20,09:15:19,0,TF1706,CCFX,98.6,98.59,98.615,70,69023100,19589,19596,99.805,97.445,98.625,98.67,0.0,98.61,0.0,0,0,2017-04-20,33319000,98.595,1,0,0,0,0,0,0,0,0,98.605,11,0,0,0,0,0,0,0,0
38,2017-04-20,09:15:20,0,TF1706,CCFX,98.6,98.59,98.615,70,69023100,19589,19596,99.805,97.445,98.625,98.67,0.0,98.61,0.0,0,0,2017-04-20,33320000,98.595,1,0,0,0,0,0,0,0,0,98.605,11,0,0,0,0,0,0,0,0
39,2017-04-20,09:15:21,0,TF1706,CCFX,98.605,98.59,98.615,71,70009150,19590,19596,99.805,97.445,98.625,98.67,0.0,98.61,0.0,0,0,2017-04-20,33321000,98.595,1,0,0,0,0,0,0,0,0,98.605,10,0,0,0,0,0,0,0,0
40,2017-04-20,09:15:22,0,TF1706,CCFX,98.605,98.59,98.615,71,70009150,19590,19596,99.805,97.445,98.625,98.67,0.0,98.61,0.0,0,0,2017-04-20,33322000,98.595,1,0,0,0,0,0,0,0,0,98.605,10,0,0,0,0,0,0,0,0
41,2017-04-20,09:15:22,500,TF1706,CCFX,98.605,98.59,98.615,71,70009150,19590,19596,99.805,97.445,98.625,98.67,0.0,98.61,0.0,0,0,2017-04-20,33322500,98.595,1,0,0,0,0,0,0,0,0,98.6,2,0,0,0,0,0,0,0,0
42,2017-04-20,09:15:23,0,TF1706,CCFX,98.595,98.59,98.615,72,70995100,19591,19596,99.805,97.445,98.625,98.67,0.0,98.61,0.0,0,0,2017-04-20,33323000,98.59,2,0,0,0,0,0,0,0,0,98.595,1,0,0,0,0,0,0,0,0
43,2017-04-20,09:15:24,0,TF1706,CCFX,98.595,98.59,98.615,72,70995100,19591,19596,99.805,97.445,98.625,98.67,0.0,98.61,0.0,0,0,2017-04-20,33324000,98.59,2,0,0,0,0,0,0,0,0,98.595,1,0,0,0,0,0,0,0,0
44,2017-04-20,09:15:24,500,TF1706,CCFX,98.59,98.59,98.615,73,71981000,19590,19596,99.805,97.445,98.625,98.67,0.0,98.61,0.0,0,0,2017-04-20,33324500,98.59,1,0,0,0,0,0,0,0,0,98.595,1,0,0,0,0,0,0,0,0
45,2017-04-20,09:15:25,0,TF1706,CCFX,98.59,98.59,98.615,74,72966900,19590,19596,99.805,97.445,98.625,98.67,0.0,98.61,0.0,0,0,2017-04-20,33325000,98.585,2,0,0,0,0,0,0,0,0,98.59,3,0,0,0,0,0,0,0,0
46,2017-04-20,09:15:25,500,TF1706,CCFX,98.58,98.58,98.615,77,75924400,19590,19596,99.805,97.445,98.625,98.67,0.0,98.61,0.0,0,0,2017-04-20,33325500,98.58,2,0,0,0,0,0,0,0,0,98.59,11,0,0,0,0,0,0,0,0
47,2017-04-20,09:15:26,0,TF1706,CCFX,98.58,98.58,98.615,78,76910200,19590,19596,99.805,97.445,98.625,98.67,0.0,98.61,0.0,0,0,2017-04-20,33326000,98.58,1,0,0,0,0,0,0,0,0,98.585,1,0,0,0,0,0,0,0,0
48,2017-04-20,09:15:26,500,TF1706,CCFX,98.58,98.58,98.615,79,77896000,19590,19596,99.805,97.445,98.625,98.67,0.0,98.61,0.0,0,0,2017-04-20,33326500,98.58,1,0,0,0,0,0,0,0,0,98.585,1,0,0,0,0,0,0,0,0
49,2017-04-20,09:15:27,0,TF1706,CCFX,98.58,98.58,98.615,80,78881800,19591,19596,99.805,97.445,98.625,98.67,0.0,98.61,0.0,0,0,2017-04-20,33327000,98.57,1,0,0,0,0,0,0,0,0,98.585,2,0,0,0,0,0,0,0,0
50,2017-04-20,09:15:27,500,TF1706,CCFX,98.595,98.58,98.615,84,82825350,19589,19596,99.805,97.445,98.625,98.67,0.0,98.61,0.0,0,0,2017-04-20,33327500,98.58,2,0,0,0,0,0,0,0,0,98.6,11,0,0,0,0,0,0,0,0
51,2017-04-20,09:15:28,0,TF1706,CCFX,98.595,98.58,98.615,84,82825350,19589,19596,99.805,97.445,98.625,98.67,0.0,98.61,0.0,0,0,2017-04-20,33328000,98.58,2,0,0,0,0,0,0,0,0,98.595,1,0,0,0,0,0,0,0,0
52,2017-04-20,09:15:28,500,TF1706,CCFX,98.595,98.58,98.615,84,82825350,19589,19596,99.805,97.445,98.625,98.67,0.0,98.61,0.0,0,0,2017-04-20,33328500,98.585,1,0,0,0,0,0,0,0,0,98.595,1,0,0,0,0,0,0,0,0
53,2017-04-20,09:15:29,0,TF1706,CCFX,98.595,98.58,98.615,84,82825350,19589,19596,99.805,97.445,98.625,98.67,0.0,98.61,0.0,0,0,2017-04-20,33329000,98.585,1,0,0,0,0,0,0,0,0,98.595,2,0,0,0,0,0,0,0,0
54,2017-04-20,09:15:29,500,TF1706,CCFX,98.595,98.58,98.615,84,82825350,19589,19596,99.805,97.445,98.625,98.67,0.0,98.61,0.0,0,0,2017-04-20,33329500,98.585,2,0,0,0,0,0,0,0,0,98.595,2,0,0,0,0,0,0,0,0
55,2017-04-20,09:15:30,0,TF1706,CCFX,98.595,98.58,98.615,84,82825350,19589,19596,99.805,97.445,98.625,98.67,0.0,98.61,0.0,0,0,2017-04-20,33330000,98.585,2,0,0,0,0,0,0,0,0,98.59,2,0,0,0,0,0,0,0,0
56,2017-04-20,09:15:30,500,TF1706,CCFX,98.595,98.58,98.615,84,82825350,19589,19596,99.805,97.445,98.625,98.67,0.0,98.61,0.0,0,0,2017-04-20,33330500,98.585,2,0,0,0,0,0,0,0,0,98.595,2,0,0,0,0,0,0,0,0
57,2017-04-20,09:15:31,0,TF1706,CCFX,98.585,98.58,98.615,86,84797050,19589,19596,99.805,97.445,98.625,98.67,0.0,98.61,0.0,0,0,2017-04-20,33331000,98.575,1,0,0,0,0,0,0,0,0,98.59,1,0,0,0,0,0,0,0,0
58,2017-04-20,09:15:31,500,TF1706,CCFX,98.585,98.58,98.615,86,84797050,19589,19596,99.805,97.445,98.625,98.67,0.0,98.61,0.0,0,0,2017-04-20,33331500,98.58,1,0,0,0,0,0,0,0,0,98.59,2,0,0,0,0,0,0,0,0
59,2017-04-20,09:15:32,0,TF1706,CCFX,98.585,98.58,98.615,86,84797050,19589,19596,99.805,97.445,98.625,98.67,0.0,98.61,0.0,0,0,2017-04-20,33332000,98.58,3,0,0,0,0,0,0,0,0,98.59,3,0,0,0,0,0,0,0,0
60,2017-04-20,09:15:33,0,TF1706,CCFX,98.585,98.58,98.615,86,84797050,19589,19596,99.805,97.445,98.625,98.67,0.0,98.61,0.0,0,0,2017-04-20,33333000,98.58,1,0,0,0,0,0,0,0,0,98.59,3,0,0,0,0,0,0,0,0
61,2017-04-20,09:15:33,500,TF1706,CCFX,98.59,98.58,98.615,87,85782950,19588,19596,99.805,97.445,98.625,98.67,0.0,98.61,0.0,0,0,2017-04-20,33333500,98.58,1,0,0,0,0,0,0,0,0,98.59,2,0,0,0,0,0,0,0,0
62,2017-04-20,09:15:34,0,TF1706,CCFX,98.59,98.58,98.615,87,85782950,19588,19596,99.805,97.445,98.625,98.67,0.0,98.61,0.0,0,0,2017-04-20,33334000,98.58,1,0,0,0,0,0,0,0,0,98.59,11,0,0,0,0,0,0,0,0
63,2017-04-20,09:15:34,500,TF1706,CCFX,98.59,98.58,98.615,87,85782950,19588,19596,99.805,97.445,98.625,98.67,0.0,98.61,0.0,0,0,2017-04-20,33334500,98.575,2,0,0,0,0,0,0,0,0,98.59,11,0,0,0,0,0,0,0,0
64,2017-04-20,09:15:35,0,TF1706,CCFX,98.59,98.58,98.615,87,85782950,19588,19596,99.805,97.445,98.625,98.67,0.0,98.61,0.0,0,0,2017-04-20,33335000,98.575,2,0,0,0,0,0,0,0,0,98.585,1,0,0,0,0,0,0,0,0
65,2017-04-20,09:15:35,500,TF1706,CCFX,98.59,98.58,98.615,87,85782950,19588,19596,99.805,97.445,98.625,98.67,0.0,98.61,0.0,0,0,2017-04-20,33335500,98.575,2,0,0,0,0,0,0,0,0,98.585,9,0,0,0,0,0,0,0,0
66,2017-04-20,09:15:36,0,TF1706,CCFX,98.59,98.58,98.615,87,85782950,19588,19596,99.805,97.445,98.625,98.67,0.0,98.61,0.0,0,0,2017-04-20,33336000,98.575,2,0,0,0,0,0,0,0,0,98.585,10,0,0,0,0,0,0,0,0
67,2017-04-20,09:15:36,500,TF1706,CCFX,98.575,98.575,98.615,88,86768700,19588,19596,99.805,97.445,98.625,98.67,0.0,98.61,0.0,0,0,2017-04-20,33336500,98.575,1,0,0,0,0,0,0,0,0,98.585,11,0,0,0,0,0,0,0,0
68,2017-04-20,09:15:37,0,TF1706,CCFX,98.575,98.575,98.615,88,86768700,19588,19596,99.805,97.445,98.625,98.67,0.0,98.61,0.0,0,0,2017-04-20,33337000,98.58,1,0,0,0,0,0,0,0,0,98.585,11,0,0,0,0,0,0,0,0
69,2017-04-20,09:15:37,500,TF1706,CCFX,98.575,98.575,98.615,90,88740250,19588,19596,99.805,97.445,98.625,98.67,0.0,98.61,0.0,0,0,2017-04-20,33337500,98.57,1,0,0,0,0,0,0,0,0,98.575,2,0,0,0,0,0,0,0,0
70,2017-04-20,09:15:38,0,TF1706,CCFX,98.575,98.575,98.615,90,88740250,19588,19596,99.805,97.445,98.625,98.67,0.0,98.61,0.0,0,0,2017-04-20,33338000,98.57,1,0,0,0,0,0,0,0,0,98.575,10,0,0,0,0,0,0,0,0
71,2017-04-20,09:15:38,500,TF1706,CCFX,98.565,98.565,98.615,92,90711600,19588,19596,99.805,97.445,98.625,98.67,0.0,98.61,0.0,0,0,2017-04-20,33338500,98.56,1,0,0,0,0,0,0,0,0,98.565,2,0,0,0,0,0,0,0,0
72,2017-04-20,09:15:39,0,TF1706,CCFX,98.565,98.565,98.615,92,90711600,19588,19596,99.805,97.445,98.625,98.67,0.0,98.61,0.0,0,0,2017-04-20,33339000,98.56,1,0,0,0,0,0,0,0,0,98.565,3,0,0,0,0,0,0,0,0
73,2017-04-20,09:15:39,500,TF1706,CCFX,98.555,98.555,98.615,95,93668300,19591,19596,99.805,97.445,98.625,98.67,0.0,98.61,0.0,0,0,2017-04-20,33339500,98.555,1,0,0,0,0,0,0,0,0,98.565,3,0,0,0,0,0,0,0,0
74,2017-04-20,09:15:40,0,TF1706,CCFX,98.555,98.555,98.615,96,94653850,19592,19596,99.805,97.445,98.625,98.67,0.0,98.61,0.0,0,0,2017-04-20,33340000,98.54,1,0,0,0,0,0,0,0,0,98.565,3,0,0,0,0,0,0,0,0
75,2017-04-20,09:15:40,500,TF1706,CCFX,98.56,98.555,98.615,97,95639450,19591,19596,99.805,97.445,98.625,98.67,0.0,98.61,0.0,0,0,2017-04-20,33340500,98.56,1,0,0,0,0,0,0,0,0,98.565,4,0,0,0,0,0,0,0,0
76,2017-04-20,09:15:41,0,TF1706,CCFX,98.56,98.555,98.615,98,96625050,19591,19596,99.805,97.445,98.625,98.67,0.0,98.61,0.0,0,0,2017-04-20,33341000,98.54,7,0,0,0,0,0,0,0,0,98.555,1,0,0,0,0,0,0,0,0
77,2017-04-20,09:15:41,500,TF1706,CCFX,98.555,98.555,98.615,100,98596150,19591,19596,99.805,97.445,98.625,98.67,0.0,98.61,0.0,0,0,2017-04-20,33341500,98.555,3,0,0,0,0,0,0,0,0,98.57,1,0,0,0,0,0,0,0,0
78,2017-04-20,09:15:42,0,TF1706,CCFX,98.555,98.555,98.615,100,98596150,19591,19596,99.805,97.445,98.625,98.67,0.0,98.61,0.0,0,0,2017-04-20,33342000,98.56,2,0,0,0,0,0,0,0,0,98.57,2,0,0,0,0,0,0,0,0
79,2017-04-20,09:15:42,500,TF1706,CCFX,98.57,98.555,98.615,104,102538750,19587,19596,99.805,97.445,98.625,98.67,0.0,98.61,0.0,0,0,2017-04-20,33342500,98.555,1,0,0,0,0,0,0,0,0,98.57,1,0,0,0,0,0,0,0,0
80,2017-04-20,09:15:43,0,TF1706,CCFX,98.56,98.555,98.615,105,103524350,19588,19596,99.805,97.445,98.625,98.67,0.0,98.61,0.0,0,0,2017-04-20,33343000,98.555,3,0,0,0,0,0,0,0,0,98.57,1,0,0,0,0,0,0,0,0
81,2017-04-20,09:15:43,500,TF1706,CCFX,98.56,98.555,98.615,105,103524350,19588,19596,99.805,97.445,98.625,98.67,0.0,98.61,0.0,0,0,2017-04-20,33343500,98.56,1,0,0,0,0,0,0,0,0,98.57,1,0,0,0,0,0,0,0,0
82,2017-04-20,09:15:44,0,TF1706,CCFX,98.56,98.555,98.615,105,103524350,19588,19596,99.805,97.445,98.625,98.67,0.0,98.61,0.0,0,0,2017-04-20,33344000,98.56,3,0,0,0,0,0,0,0,0,98.57,1,0,0,0,0,0,0,0,0
83,2017-04-20,09:15:44,500,TF1706,CCFX,98.56,98.555,98.615,105,103524350,19588,19596,99.805,97.445,98.625,98.67,0.0,98.61,0.0,0,0,2017-04-20,33344500,98.56,1,0,0,0,0,0,0,0,0,98.565,1,0,0,0,0,0,0,0,0
84,2017-04-20,09:15:45,0,TF1706,CCFX,98.565,98.555,98.615,107,105495650,19588,19596,99.805,97.445,98.625,98.67,0.0,98.61,0.0,0,0,2017-04-20,33345000,98.56,1,0,0,0,0,0,0,0,0,98.565,1,0,0,0,0,0,0,0,0
85,2017-04-20,09:15:45,500,TF1706,CCFX,98.565,98.555,98.615,107,105495650,19588,19596,99.805,97.445,98.625,98.67,0.0,98.61,0.0,0,0,2017-04-20,33345500,98.56,2,0,0,0,0,0,0,0,0,98.565,1,0,0,0,0,0,0,0,0
86,2017-04-20,09:15:46,0,TF1706,CCFX,98.565,98.555,98.615,110,108452600,19588,19596,99.805,97.445,98.625,98.67,0.0,98.61,0.0,0,0,2017-04-20,33346000,98.56,2,0,0,0,0,0,0,0,0,98.57,1,0,0,0,0,0,0,0,0
87,2017-04-20,09:15:46,500,TF1706,CCFX,98.565,98.555,98.615,110,108452600,19588,19596,99.805,97.445,98.625,98.67,0.0,98.61,0.0,0,0,2017-04-20,33346500,98.565,1,0,0,0,0,0,0,0,0,98.57,1,0,0,0,0,0,0,0,0
88,2017-04-20,09:15:47,0,TF1706,CCFX,98.57,98.555,98.615,111,109438300,19587,19596,99.805,97.445,98.625,98.67,0.0,98.61,0.0,0,0,2017-04-20,33347000,98.57,1,0,0,0,0,0,0,0,0,98.575,8,0,0,0,0,0,0,0,0
89,2017-04-20,09:15:47,500,TF1706,CCFX,98.575,98.555,98.615,119,117324300,19589,19596,99.805,97.445,98.625,98.67,0.0,98.61,0.0,0,0,2017-04-20,33347500,98.57,1,0,0,0,0,0,0,0,0,98.585,10,0,0,0,0,0,0,0,0
90,2017-04-20,09:15:48,0,TF1706,CCFX,98.575,98.555,98.615,119,117324300,19589,19596,99.805,97.445,98.625,98.67,0.0,98.61,0.0,0,0,2017-04-20,33348000,98.57,1,0,0,0,0,0,0,0,0,98.58,1,0,0,0,0,0,0,0,0
91,2017-04-20,09:15:48,500,TF1706,CCFX,98.575,98.555,98.615,119,117324300,19589,19596,99.805,97.445,98.625,98.67,0.0,98.61,0.0,0,0,2017-04-20,33348500,98.57,1,0,0,0,0,0,0,0,0,98.58,3,0,0,0,0,0,0,0,0
92,2017-04-20,09:15:49,0,TF1706,CCFX,98.575,98.555,98.615,119,117324300,19589,19596,99.805,97.445,98.625,98.67,0.0,98.61,0.0,0,0,2017-04-20,33349000,98.57,1,0,0,0,0,0,0,0,0,98.58,3,0,0,0,0,0,0,0,0
93,2017-04-20,09:15:49,500,TF1706,CCFX,98.575,98.555,98.615,119,117324300,19589,19596,99.805,97.445,98.625,98.67,0.0,98.61,0.0,0,0,2017-04-20,33349500,98.57,1,0,0,0,0,0,0,0,0,98.58,3,0,0,0,0,0,0,0,0
94,2017-04-20,09:15:50,0,TF1706,CCFX,98.575,98.555,98.615,119,117324300,19589,19596,99.805,97.445,98.625,98.67,0.0,98.61,0.0,0,0,2017-04-20,33350000,98.57,1,0,0,0,0,0,0,0,0,98.58,4,0,0,0,0,0,0,0,0
95,2017-04-20,09:15:51,500,TF1706,CCFX,98.575,98.555,98.615,119,117324300,19589,19596,99.805,97.445,98.625,98.67,0.0,98.61,0.0,0,0,2017-04-20,33351500,98.57,1,0,0,0,0,0,0,0,0,98.58,2,0,0,0,0,0,0,0,0
96,2017-04-20,09:15:52,0,TF1706,CCFX,98.575,98.555,98.615,119,117324300,19589,19596,99.805,97.445,98.625,98.67,0.0,98.61,0.0,0,0,2017-04-20,33352000,98.57,2,0,0,0,0,0,0,0,0,98.58,2,0,0,0,0,0,0,0,0
97,2017-04-20,09:15:56,500,TF1706,CCFX,98.575,98.555,98.615,119,117324300,19589,19596,99.805,97.445,98.625,98.67,0.0,98.61,0.0,0,0,2017-04-20,33356500,98.57,2,0,0,0,0,0,0,0,0,98.58,2,0,0,0,0,0,0,0,0
98,2017-04-20,09:15:57,500,TF1706,CCFX,98.575,98.555,98.615,119,117324300,19589,19596,99.805,97.445,98.625,98.67,0.0,98.61,0.0,0,0,2017-04-20,33357500,98.57,2,0,0,0,0,0,0,0,0,98.58,2,0,0,0,0,0,0,0,0
99,2017-04-20,09:15:58,0,TF1706,CCFX,98.575,98.555,98.615,119,117324300,19589,19596,99.805,97.445,98.625,98.67,0.0,98.61,0.0,0,0,2017-04-20,33358000,98.57,2,0,0,0,0,0,0,0,0,98.575,2,0,0,0,0,0,0,0,0
100,2017-04-20,09:15:58,500,TF1706,CCFX,98.575,98.555,98.615,119,117324300,19589,19596,99.805,97.445,98.625,98.67,0.0,98.61,0.0,0,0,2017-04-20,33358500,98.57,2,0,0,0,0,0,0,0,0,98.58,2,0,0,0,0,0,0,0,0
101,2017-04-20,09:15:59,0,TF1706,CCFX,98.575,98.555,98.615,119,117324300,19589,19596,99.805,97.445,98.625,98.67,0.0,98.61,0.0,0,0,2017-04-20,33359000,98.57,2,0,0,0,0,0,0,0,0,98.58,2,0,0,0,0,0,0,0,0
102,2017-04-20,09:16:00,500,TF1706,CCFX,98.575,98.555,98.615,119,117324300,19589,19596,99.805,97.445,98.625,98.67,0.0,98.61,0.0,0,0,2017-04-20,33360500,98.57,2,0,0,0,0,0,0,0,0,98.58,2,0,0,0,0,0,0,0,0
103,2017-04-20,09:16:02,500,TF1706,CCFX,98.57,98.555,98.615,120,118310000,19589,19596,99.805,97.445,98.625,98.67,0.0,98.61,0.0,0,0,2017-04-20,33362500,98.57,1,0,0,0,0,0,0,0,0,98.58,2,0,0,0,0,0,0,0,0
104,2017-04-20,09:16:03,0,TF1706,CCFX,98.575,98.555,98.615,121,119295750,19589,19596,99.805,97.445,98.625,98.67,0.0,98.61,0.0,0,0,2017-04-20,33363000,98.57,3,0,0,0,0,0,0,0,0,98.575,2,0,0,0,0,0,0,0,0
105,2017-04-20,09:16:03,500,TF1706,CCFX,98.575,98.555,98.615,123,121267250,19589,19596,99.805,97.445,98.625,98.67,0.0,98.61,0.0,0,0,2017-04-20,33363500,98.575,4,0,0,0,0,0,0,0,0,98.58,2,0,0,0,0,0,0,0,0
106,2017-04-20,09:16:04,0,TF1706,CCFX,98.575,98.555,98.615,123,121267250,19589,19596,99.805,97.445,98.625,98.67,0.0,98.61,0.0,0,0,2017-04-20,33364000,98.575,5,0,0,0,0,0,0,0,0,98.58,1,0,0,0,0,0,0,0,0
107,2017-04-20,09:16:04,500,TF1706,CCFX,98.575,98.555,98.615,123,121267250,19589,19596,99.805,97.445,98.625,98.67,0.0,98.61,0.0,0,0,2017-04-20,33364500,98.575,5,0,0,0,0,0,0,0,0,98.58,1,0,0,0,0,0,0,0,0
108,2017-04-20,09:16:05,500,TF1706,CCFX,98.575,98.555,98.615,123,121267250,19589,19596,99.805,97.445,98.625,98.67,0.0,98.61,0.0,0,0,2017-04-20,33365500,98.575,6,0,0,0,0,0,0,0,0,98.58,1,0,0,0,0,0,0,0,0
109,2017-04-20,09:16:06,0,TF1706,CCFX,98.575,98.555,98.615,123,121267250,19589,19596,99.805,97.445,98.625,98.67,0.0,98.61,0.0,0,0,2017-04-20,33366000,98.575,5,0,0,0,0,0,0,0,0,98.58,1,0,0,0,0,0,0,0,0
110,2017-04-20,09:16:06,500,TF1706,CCFX,98.575,98.555,98.615,123,121267250,19589,19596,99.805,97.445,98.625,98.67,0.0,98.61,0.0,0,0,2017-04-20,33366500,98.575,5,0,0,0,0,0,0,0,0,98.58,1,0,0,0,0,0,0,0,0
111,2017-04-20,09:16:07,0,TF1706,CCFX,98.58,98.555,98.615,124,122253050,19589,19596,99.805,97.445,98.625,98.67,0.0,98.61,0.0,0,0,2017-04-20,33367000,98.58,6,0,0,0,0,0,0,0,0,98.585,2,0,0,0,0,0,0,0,0
112,2017-04-20,09:16:07,500,TF1706,CCFX,98.585,98.555,98.615,126,124224750,19589,19596,99.805,97.445,98.625,98.67,0.0,98.61,0.0,0,0,2017-04-20,33367500,98.585,1,0,0,0,0,0,0,0,0,98.6,9,0,0,0,0,0,0,0,0
113,2017-04-20,09:16:08,0,TF1706,CCFX,98.58,98.555,98.615,127,125210550,19590,19596,99.805,97.445,98.625,98.67,0.0,98.61,0.0,0,0,2017-04-20,33368000,98.58,5,0,0,0,0,0,0,0,0,98.595,2,0,0,0,0,0,0,0,0
114,2017-04-20,09:16:08,500,TF1706,CCFX,98.58,98.555,98.615,127,125210550,19590,19596,99.805,97.445,98.625,98.67,0.0,98.61,0.0,0,0,2017-04-20,33368500,98.58,5,0,0,0,0,0,0,0,0,98.585,2,0,0,0,0,0,0,0,0
115,2017-04-20,09:16:09,0,TF1706,CCFX,98.58,98.555,98.615,128,126196350,19590,19596,99.805,97.445,98.625,98.67,0.0,98.61,0.0,0,0,2017-04-20,33369000,98.58,4,0,0,0,0,0,0,0,0,98.585,2,0,0,0,0,0,0,0,0
116,2017-04-20,09:16:10,500,TF1706,CCFX,98.585,98.555,98.615,130,128168050,19590,19596,99.805,97.445,98.625,98.67,0.0,98.61,0.0,0,0,2017-04-20,33370500,98.585,2,0,0,0,0,0,0,0,0,98.595,1,0,0,0,0,0,0,0,0
117,2017-04-20,09:16:11,0,TF1706,CCFX,98.585,98.555,98.615,131,129153900,19591,19596,99.805,97.445,98.625,98.67,0.0,98.61,0.0,0,0,2017-04-20,33371000,98.585,2,0,0,0,0,0,0,0,0,98.59,3,0,0,0,0,0,0,0,0
118,2017-04-20,09:16:11,500,TF1706,CCFX,98.585,98.555,98.615,132,130139750,19591,19596,99.805,97.445,98.625,98.67,0.0,98.61,0.0,0,0,2017-04-20,33371500,98.585,1,0,0,0,0,0,0,0,0,98.59,5,0,0,0,0,0,0,0,0
119,2017-04-20,09:16:12,0,TF1706,CCFX,98.585,98.555,98.615,132,130139750,19591,19596,99.805,97.445,98.625,98.67,0.0,98.61,0.0,0,0,2017-04-20,33372000,98.58,4,0,0,0,0,0,0,0,0,98.59,5,0,0,0,0,0,0,0,0
120,2017-04-20,09:16:12,500,TF1706,CCFX,98.585,98.555,98.615,132,130139750,19591,19596,99.805,97.445,98.625,98.67,0.0,98.61,0.0,0,0,2017-04-20,33372500,98.58,4,0,0,0,0,0,0,0,0,98.585,2,0,0,0,0,0,0,0,0
121,2017-04-20,09:16:13,0,TF1706,CCFX,98.585,98.555,98.615,132,130139750,19591,19596,99.805,97.445,98.625,98.67,0.0,98.61,0.0,0,0,2017-04-20,33373000,98.58,4,0,0,0,0,0,0,0,0,98.585,2,0,0,0,0,0,0,0,0
122,2017-04-20,09:16:14,0,TF1706,CCFX,98.585,98.555,98.615,134,132111450,19592,19596,99.805,97.445,98.625,98.67,0.0,98.61,0.0,0,0,2017-04-20,33374000,98.585,28,0,0,0,0,0,0,0,0,98.59,4,0,0,0,0,0,0,0,0
123,2017-04-20,09:16:14,500,TF1706,CCFX,98.585,98.555,98.615,134,132111450,19592,19596,99.805,97.445,98.625,98.67,0.0,98.61,0.0,0,0,2017-04-20,33374500,98.585,28,0,0,0,0,0,0,0,0,98.59,4,0,0,0,0,0,0,0,0
124,2017-04-20,09:16:15,0,TF1706,CCFX,98.585,98.555,98.615,134,132111450,19592,19596,99.805,97.445,98.625,98.67,0.0,98.61,0.0,0,0,2017-04-20,33375000,98.585,28,0,0,0,0,0,0,0,0,98.59,6,0,0,0,0,0,0,0,0
125,2017-04-20,09:16:15,500,TF1706,CCFX,98.59,98.555,98.615,135,133097350,19592,19596,99.805,97.445,98.625,98.67,0.0,98.61,0.0,0,0,2017-04-20,33375500,98.585,28,0,0,0,0,0,0,0,0,98.59,5,0,0,0,0,0,0,0,0
126,2017-04-20,09:16:16,0,TF1706,CCFX,98.59,98.555,98.615,136,134083250,19593,19596,99.805,97.445,98.625,98.67,0.0,98.61,0.0,0,0,2017-04-20,33376000,98.585,28,0,0,0,0,0,0,0,0,98.59,7,0,0,0,0,0,0,0,0
127,2017-04-20,09:16:16,500,TF1706,CCFX,98.59,98.555,98.615,136,134083250,19593,19596,99.805,97.445,98.625,98.67,0.0,98.61,0.0,0,0,2017-04-20,33376500,98.585,29,0,0,0,0,0,0,0,0,98.59,7,0,0,0,0,0,0,0,0
128,2017-04-20,09:16:18,500,TF1706,CCFX,98.59,98.555,98.615,137,135069150,19593,19596,99.805,97.445,98.625,98.67,0.0,98.61,0.0,0,0,2017-04-20,33378500,98.585,30,0,0,0,0,0,0,0,0,98.59,6,0,0,0,0,0,0,0,0
129,2017-04-20,09:16:19,0,TF1706,CCFX,98.59,98.555,98.615,137,135069150,19593,19596,99.805,97.445,98.625,98.67,0.0,98.61,0.0,0,0,2017-04-20,33379000,98.585,30,0,0,0,0,0,0,0,0,98.59,6,0,0,0,0,0,0,0,0
130,2017-04-20,09:16:20,500,TF1706,CCFX,98.59,98.555,98.615,143,140984550,19599,19596,99.805,97.445,98.625,98.67,0.0,98.61,0.0,0,0,2017-04-20,33380500,98.59,14,0,0,0,0,0,0,0,0,98.6,17,0,0,0,0,0,0,0,0
131,2017-04-20,09:16:21,0,TF1706,CCFX,98.59,98.555,98.615,143,140984550,19599,19596,99.805,97.445,98.625,98.67,0.0,98.61,0.0,0,0,2017-04-20,33381000,98.59,14,0,0,0,0,0,0,0,0,98.6,17,0,0,0,0,0,0,0,0
132,2017-04-20,09:16:21,500,TF1706,CCFX,98.59,98.555,98.615,143,140984550,19599,19596,99.805,97.445,98.625,98.67,0.0,98.61,0.0,0,0,2017-04-20,33381500,98.59,14,0,0,0,0,0,0,0,0,98.595,3,0,0,0,0,0,0,0,0
133,2017-04-20,09:16:24,0,TF1706,CCFX,98.595,98.555,98.615,144,141970500,19599,19596,99.805,97.445,98.625,98.67,0.0,98.61,0.0,0,0,2017-04-20,33384000,98.59,15,0,0,0,0,0,0,0,0,98.595,2,0,0,0,0,0,0,0,0
134,2017-04-20,09:16:24,500,TF1706,CCFX,98.595,98.555,98.615,144,141970500,19599,19596,99.805,97.445,98.625,98.67,0.0,98.61,0.0,0,0,2017-04-20,33384500,98.59,15,0,0,0,0,0,0,0,0,98.595,3,0,0,0,0,0,0,0,0
135,2017-04-20,09:16:27,0,TF1706,CCFX,98.595,98.555,98.615,144,141970500,19599,19596,99.805,97.445,98.625,98.67,0.0,98.61,0.0,0,0,2017-04-20,33387000,98.59,16,0,0,0,0,0,0,0,0,98.595,3,0,0,0,0,0,0,0,0
136,2017-04-20,09:16:27,500,TF1706,CCFX,98.59,98.555,98.615,145,142956400,19600,19596,99.805,97.445,98.625,98.67,0.0,98.61,0.0,0,0,2017-04-20,33387500,98.59,15,0,0,0,0,0,0,0,0,98.595,4,0,0,0,0,0,0,0,0
137,2017-04-20,09:16:28,500,TF1706,CCFX,98.59,98.555,98.615,146,143942300,19601,19596,99.805,97.445,98.625,98.67,0.0,98.61,0.0,0,0,2017-04-20,33388500,98.59,14,0,0,0,0,0,0,0,0,98.595,4,0,0,0,0,0,0,0,0
138,2017-04-20,09:16:29,500,TF1706,CCFX,98.595,98.555,98.615,148,145914200,19602,19596,99.805,97.445,98.625,98.67,0.0,98.61,0.0,0,0,2017-04-20,33389500,98.59,13,0,0,0,0,0,0,0,0,98.595,2,0,0,0,0,0,0,0,0
139,2017-04-20,09:16:30,0,TF1706,CCFX,98.59,98.555,98.615,149,146900100,19602,19596,99.805,97.445,98.625,98.67,0.0,98.61,0.0,0,0,2017-04-20,33390000,98.585,29,0,0,0,0,0,0,0,0,98.595,2,0,0,0,0,0,0,0,0
140,2017-04-20,09:16:30,500,TF1706,CCFX,98.59,98.555,98.615,149,146900100,19602,19596,99.805,97.445,98.625,98.67,0.0,98.61,0.0,0,0,2017-04-20,33390500,98.585,29,0,0,0,0,0,0,0,0,98.59,1,0,0,0,0,0,0,0,0
141,2017-04-20,09:16:31,0,TF1706,CCFX,98.59,98.555,98.615,151,148871900,19601,19596,99.805,97.445,98.625,98.67,0.0,98.61,0.0,0,0,2017-04-20,33391000,98.585,1,0,0,0,0,0,0,0,0,98.595,2,0,0,0,0,0,0,0,0
142,2017-04-20,09:16:31,500,TF1706,CCFX,98.59,98.555,98.615,151,148871900,19601,19596,99.805,97.445,98.625,98.67,0.0,98.61,0.0,0,0,2017-04-20,33391500,98.585,1,0,0,0,0,0,0,0,0,98.595,3,0,0,0,0,0,0,0,0
143,2017-04-20,09:16:32,0,TF1706,CCFX,98.595,98.555,98.615,152,149857850,19600,19596,99.805,97.445,98.625,98.67,0.0,98.61,0.0,0,0,2017-04-20,33392000,98.585,1,0,0,0,0,0,0,0,0,98.595,2,0,0,0,0,0,0,0,0
144,2017-04-20,09:16:32,500,TF1706,CCFX,98.595,98.555,98.615,152,149857850,19600,19596,99.805,97.445,98.625,98.67,0.0,98.61,0.0,0,0,2017-04-20,33392500,98.585,2,0,0,0,0,0,0,0,0,98.595,2,0,0,0,0,0,0,0,0
145,2017-04-20,09:16:33,0,TF1706,CCFX,98.595,98.555,98.615,152,149857850,19600,19596,99.805,97.445,98.625,98.67,0.0,98.61,0.0,0,0,2017-04-20,33393000,98.585,3,0,0,0,0,0,0,0,0,98.595,2,0,0,0,0,0,0,0,0
146,2017-04-20,09:16:33,500,TF1706,CCFX,98.595,98.555,98.615,152,149857850,19600,19596,99.805,97.445,98.625,98.67,0.0,98.61,0.0,0,0,2017-04-20,33393500,98.585,3,0,0,0,0,0,0,0,0,98.59,1,0,0,0,0,0,0,0,0
147,2017-04-20,09:16:34,0,TF1706,CCFX,98.59,98.555,98.615,153,150843750,19600,19596,99.805,97.445,98.625,98.67,0.0,98.61,0.0,0,0,2017-04-20,33394000,98.59,8,0,0,0,0,0,0,0,0,98.595,2,0,0,0,0,0,0,0,0
148,2017-04-20,09:16:34,500,TF1706,CCFX,98.59,98.555,98.615,153,150843750,19600,19596,99.805,97.445,98.625,98.67,0.0,98.61,0.0,0,0,2017-04-20,33394500,98.59,7,0,0,0,0,0,0,0,0,98.595,1,0,0,0,0,0,0,0,0
149,2017-04-20,09:16:35,0,TF1706,CCFX,98.59,98.555,98.615,153,150843750,19600,19596,99.805,97.445,98.625,98.67,0.0,98.61,0.0,0,0,2017-04-20,33395000,98.59,6,0,0,0,0,0,0,0,0,98.595,1,0,0,0,0,0,0,0,0
150,2017-04-20,09:16:35,500,TF1706,CCFX,98.59,98.555,98.615,154,151829650,19601,19596,99.805,97.445,98.625,98.67,0.0,98.61,0.0,0,0,2017-04-20,33395500,98.59,2,0,0,0,0,0,0,0,0,98.595,1,0,0,0,0,0,0,0,0
151,2017-04-20,09:16:36,0,TF1706,CCFX,98.59,98.555,98.615,154,151829650,19601,19596,99.805,97.445,98.625,98.67,0.0,98.61,0.0,0,0,2017-04-20,33396000,98.59,2,0,0,0,0,0,0,0,0,98.595,2,0,0,0,0,0,0,0,0
152,2017-04-20,09:16:36,500,TF1706,CCFX,98.59,98.555,98.615,154,151829650,19601,19596,99.805,97.445,98.625,98.67,0.0,98.61,0.0,0,0,2017-04-20,33396500,98.59,2,0,0,0,0,0,0,0,0,98.595,2,0,0,0,0,0,0,0,0
153,2017-04-20,09:16:38,0,TF1706,CCFX,98.59,98.555,98.615,154,151829650,19601,19596,99.805,97.445,98.625,98.67,0.0,98.61,0.0,0,0,2017-04-20,33398000,98.59,2,0,0,0,0,0,0,0,0,98.595,2,0,0,0,0,0,0,0,0
154,2017-04-20,09:16:40,500,TF1706,CCFX,98.59,98.555,98.615,154,151829650,19601,19596,99.805,97.445,98.625,98.67,0.0,98.61,0.0,0,0,2017-04-20,33400500,98.59,2,0,0,0,0,0,0,0,0,98.595,2,0,0,0,0,0,0,0,0
155,2017-04-20,09:16:42,0,TF1706,CCFX,98.59,98.555,98.615,154,151829650,19601,19596,99.805,97.445,98.625,98.67,0.0,98.61,0.0,0,0,2017-04-20,33402000,98.59,2,0,0,0,0,0,0,0,0,98.595,2,0,0,0,0,0,0,0,0
156,2017-04-20,09:16:43,500,TF1706,CCFX,98.59,98.555,98.615,154,151829650,19601,19596,99.805,97.445,98.625,98.67,0.0,98.61,0.0,0,0,2017-04-20,33403500,98.59,1,0,0,0,0,0,0,0,0,98.595,1,0,0,0,0,0,0,0,0
157,2017-04-20,09:16:44,500,TF1706,CCFX,98.59,98.555,98.615,154,151829650,19601,19596,99.805,97.445,98.625,98.67,0.0,98.61,0.0,0,0,2017-04-20,33404500,98.59,1,0,0,0,0,0,0,0,0,98.595,1,0,0,0,0,0,0,0,0
158,2017-04-20,09:16:45,0,TF1706,CCFX,98.59,98.555,98.615,154,151829650,19601,19596,99.805,97.445,98.625,98.67,0.0,98.61,0.0,0,0,2017-04-20,33405000,98.59,1,0,0,0,0,0,0,0,0,98.595,3,0,0,0,0,0,0,0,0
159,2017-04-20,09:16:45,500,TF1706,CCFX,98.59,98.555,98.615,155,152815550,19602,19596,99.805,97.445,98.625,98.67,0.0,98.61,0.0,0,0,2017-04-20,33405500,98.585,3,0,0,0,0,0,0,0,0,98.595,3,0,0,0,0,0,0,0,0
160,2017-04-20,09:16:46,0,TF1706,CCFX,98.595,98.555,98.615,158,155773400,19601,19596,99.805,97.445,98.625,98.67,0.0,98.61,0.0,0,0,2017-04-20,33406000,98.585,3,0,0,0,0,0,0,0,0,98.595,3,0,0,0,0,0,0,0,0
161,2017-04-20,09:16:46,500,TF1706,CCFX,98.595,98.555,98.615,158,155773400,19601,19596,99.805,97.445,98.625,98.67,0.0,98.61,0.0,0,0,2017-04-20,33406500,98.59,2,0,0,0,0,0,0,0,0,98.595,4,0,0,0,0,0,0,0,0
162,2017-04-20,09:16:48,500,TF1706,CCFX,98.595,98.555,98.615,158,155773400,19601,19596,99.805,97.445,98.625,98.67,0.0,98.61,0.0,0,0,2017-04-20,33408500,98.585,3,0,0,0,0,0,0,0,0,98.595,4,0,0,0,0,0,0,0,0
163,2017-04-20,09:16:49,500,TF1706,CCFX,98.595,98.555,98.615,158,155773400,19601,19596,99.805,97.445,98.625,98.67,0.0,98.61,0.0,0,0,2017-04-20,33409500,98.59,2,0,0,0,0,0,0,0,0,98.595,4,0,0,0,0,0,0,0,0
164,2017-04-20,09:16:50,0,TF1706,CCFX,98.595,98.555,98.615,158,155773400,19601,19596,99.805,97.445,98.625,98.67,0.0,98.61,0.0,0,0,2017-04-20,33410000,98.585,3,0,0,0,0,0,0,0,0,98.595,4,0,0,0,0,0,0,0,0
165,2017-04-20,09:16:51,0,TF1706,CCFX,98.595,98.555,98.615,158,155773400,19601,19596,99.805,97.445,98.625,98.67,0.0,98.61,0.0,0,0,2017-04-20,33411000,98.59,2,0,0,0,0,0,0,0,0,98.595,4,0,0,0,0,0,0,0,0
166,2017-04-20,09:16:52,0,TF1706,CCFX,98.595,98.555,98.615,158,155773400,19601,19596,99.805,97.445,98.625,98.67,0.0,98.61,0.0,0,0,2017-04-20,33412000,98.59,2,0,0,0,0,0,0,0,0,98.595,1,0,0,0,0,0,0,0,0
167,2017-04-20,09:16:53,0,TF1706,CCFX,98.595,98.555,98.615,158,155773400,19601,19596,99.805,97.445,98.625,98.67,0.0,98.61,0.0,0,0,2017-04-20,33413000,98.585,3,0,0,0,0,0,0,0,0,98.595,2,0,0,0,0,0,0,0,0
168,2017-04-20,09:16:54,0,TF1706,CCFX,98.585,98.555,98.615,161,158730950,19603,19596,99.805,97.445,98.625,98.67,0.0,98.61,0.0,0,0,2017-04-20,33414000,98.58,14,0,0,0,0,0,0,0,0,98.595,2,0,0,0,0,0,0,0,0
169,2017-04-20,09:16:54,500,TF1706,CCFX,98.585,98.555,98.615,161,158730950,19603,19596,99.805,97.445,98.625,98.67,0.0,98.61,0.0,0,0,2017-04-20,33414500,98.585,1,0,0,0,0,0,0,0,0,98.595,5,0,0,0,0,0,0,0,0
170,2017-04-20,09:16:55,0,TF1706,CCFX,98.585,98.555,98.615,161,158730950,19603,19596,99.805,97.445,98.625,98.67,0.0,98.61,0.0,0,0,2017-04-20,33415000,98.585,3,0,0,0,0,0,0,0,0,98.595,5,0,0,0,0,0,0,0,0
171,2017-04-20,09:16:58,500,TF1706,CCFX,98.585,98.555,98.615,161,158730950,19603,19596,99.805,97.445,98.625,98.67,0.0,98.61,0.0,0,0,2017-04-20,33418500,98.585,3,0,0,0,0,0,0,0,0,98.595,5,0,0,0,0,0,0,0,0
172,2017-04-20,09:16:59,0,TF1706,CCFX,98.585,98.555,98.615,161,158730950,19603,19596,99.805,97.445,98.625,98.67,0.0,98.61,0.0,0,0,2017-04-20,33419000,98.585,3,0,0,0,0,0,0,0,0,98.595,6,0,0,0,0,0,0,0,0
173,2017-04-20,09:16:59,500,TF1706,CCFX,98.585,98.555,98.615,161,158730950,19603,19596,99.805,97.445,98.625,98.67,0.0,98.61,0.0,0,0,2017-04-20,33419500,98.585,2,0,0,0,0,0,0,0,0,98.595,6,0,0,0,0,0,0,0,0
174,2017-04-20,09:17:01,0,TF1706,CCFX,98.585,98.555,98.615,161,158730950,19603,19596,99.805,97.445,98.625,98.67,0.0,98.61,0.0,0,0,2017-04-20,33421000,98.585,2,0,0,0,0,0,0,0,0,98.59,1,0,0,0,0,0,0,0,0
175,2017-04-20,09:17:01,500,TF1706,CCFX,98.585,98.555,98.615,163,160702650,19603,19596,99.805,97.445,98.625,98.67,0.0,98.61,0.0,0,0,2017-04-20,33421500,98.58,14,0,0,0,0,0,0,0,0,98.59,2,0,0,0,0,0,0,0,0
176,2017-04-20,09:17:03,0,TF1706,CCFX,98.59,98.555,98.615,164,161688550,19602,19596,99.805,97.445,98.625,98.67,0.0,98.61,0.0,0,0,2017-04-20,33423000,98.58,14,0,0,0,0,0,0,0,0,98.59,1,0,0,0,0,0,0,0,0
177,2017-04-20,09:17:03,500,TF1706,CCFX,98.59,98.555,98.615,164,161688550,19602,19596,99.805,97.445,98.625,98.67,0.0,98.61,0.0,0,0,2017-04-20,33423500,98.58,14,0,0,0,0,0,0,0,0,98.59,1,0,0,0,0,0,0,0,0
178,2017-04-20,09:17:07,0,TF1706,CCFX,98.59,98.555,98.615,164,161688550,19602,19596,99.805,97.445,98.625,98.67,0.0,98.61,0.0,0,0,2017-04-20,33427000,98.585,2,0,0,0,0,0,0,0,0,98.59,1,0,0,0,0,0,0,0,0
179,2017-04-20,09:17:07,500,TF1706,CCFX,98.59,98.555,98.615,164,161688550,19602,19596,99.805,97.445,98.625,98.67,0.0,98.61,0.0,0,0,2017-04-20,33427500,98.585,2,0,0,0,0,0,0,0,0,98.59,2,0,0,0,0,0,0,0,0
180,2017-04-20,09:17:13,500,TF1706,CCFX,98.59,98.555,98.615,164,161688550,19602,19596,99.805,97.445,98.625,98.67,0.0,98.61,0.0,0,0,2017-04-20,33433500,98.585,2,0,0,0,0,0,0,0,0,98.59,2,0,0,0,0,0,0,0,0
181,2017-04-20,09:17:14,500,TF1706,CCFX,98.59,98.555,98.615,164,161688550,19602,19596,99.805,97.445,98.625,98.67,0.0,98.61,0.0,0,0,2017-04-20,33434500,98.585,2,0,0,0,0,0,0,0,0,98.59,2,0,0,0,0,0,0,0,0
182,2017-04-20,09:17:15,0,TF1706,CCFX,98.59,98.555,98.615,164,161688550,19602,19596,99.805,97.445,98.625,98.67,0.0,98.61,0.0,0,0,2017-04-20,33435000,98.585,2,0,0,0,0,0,0,0,0,98.59,4,0,0,0,0,0,0,0,0
183,2017-04-20,09:17:16,0,TF1706,CCFX,98.585,98.555,98.615,165,162674400,19602,19596,99.805,97.445,98.625,98.67,0.0,98.61,0.0,0,0,2017-04-20,33436000,98.585,1,0,0,0,0,0,0,0,0,98.59,7,0,0,0,0,0,0,0,0
184,2017-04-20,09:17:16,500,TF1706,CCFX,98.585,98.555,98.615,165,162674400,19602,19596,99.805,97.445,98.625,98.67,0.0,98.61,0.0,0,0,2017-04-20,33436500,98.585,1,0,0,0,0,0,0,0,0,98.59,7,0,0,0,0,0,0,0,0
185,2017-04-20,09:17:17,0,TF1706,CCFX,98.585,98.555,98.615,165,162674400,19602,19596,99.805,97.445,98.625,98.67,0.0,98.61,0.0,0,0,2017-04-20,33437000,98.585,1,0,0,0,0,0,0,0,0,98.59,7,0,0,0,0,0,0,0,0
186,2017-04-20,09:17:17,500,TF1706,CCFX,98.585,98.555,98.615,165,162674400,19602,19596,99.805,97.445,98.625,98.67,0.0,98.61,0.0,0,0,2017-04-20,33437500,98.585,1,0,0,0,0,0,0,0,0,98.59,7,0,0,0,0,0,0,0,0
187,2017-04-20,09:17:18,500,TF1706,CCFX,98.59,98.555,98.615,172,169575700,19608,19596,99.805,97.445,98.625,98.67,0.0,98.61,0.0,0,0,2017-04-20,33438500,98.59,3,0,0,0,0,0,0,0,0,98.595,5,0,0,0,0,0,0,0,0
188,2017-04-20,09:17:19,0,TF1706,CCFX,98.59,98.555,98.615,173,170561600,19608,19596,99.805,97.445,98.625,98.67,0.0,98.61,0.0,0,0,2017-04-20,33439000,98.59,2,0,0,0,0,0,0,0,0,98.595,5,0,0,0,0,0,0,0,0
189,2017-04-20,09:17:20,500,TF1706,CCFX,98.59,98.555,98.615,173,170561600,19608,19596,99.805,97.445,98.625,98.67,0.0,98.61,0.0,0,0,2017-04-20,33440500,98.59,2,0,0,0,0,0,0,0,0,98.595,5,0,0,0,0,0,0,0,0
190,2017-04-20,09:17:21,0,TF1706,CCFX,98.59,98.555,98.615,173,170561600,19608,19596,99.805,97.445,98.625,98.67,0.0,98.61,0.0,0,0,2017-04-20,33441000,98.59,2,0,0,0,0,0,0,0,0,98.595,5,0,0,0,0,0,0,0,0
191,2017-04-20,09:17:22,0,TF1706,CCFX,98.595,98.555,98.615,174,171547550,19608,19596,99.805,97.445,98.625,98.67,0.0,98.61,0.0,0,0,2017-04-20,33442000,98.59,2,0,0,0,0,0,0,0,0,98.595,4,0,0,0,0,0,0,0,0
192,2017-04-20,09:17:22,500,TF1706,CCFX,98.595,98.555,98.615,175,172533500,19608,19596,99.805,97.445,98.625,98.67,0.0,98.61,0.0,0,0,2017-04-20,33442500,98.59,2,0,0,0,0,0,0,0,0,98.595,3,0,0,0,0,0,0,0,0
193,2017-04-20,09:17:23,0,TF1706,CCFX,98.595,98.555,98.615,175,172533500,19608,19596,99.805,97.445,98.625,98.67,0.0,98.61,0.0,0,0,2017-04-20,33443000,98.59,2,0,0,0,0,0,0,0,0,98.595,9,0,0,0,0,0,0,0,0
194,2017-04-20,09:17:23,500,TF1706,CCFX,98.59,98.555,98.615,177,174505300,19608,19596,99.805,97.445,98.625,98.67,0.0,98.61,0.0,0,0,2017-04-20,33443500,98.585,1,0,0,0,0,0,0,0,0,98.595,9,0,0,0,0,0,0,0,0
195,2017-04-20,09:17:24,0,TF1706,CCFX,98.59,98.555,98.615,177,174505300,19608,19596,99.805,97.445,98.625,98.67,0.0,98.61,0.0,0,0,2017-04-20,33444000,98.585,1,0,0,0,0,0,0,0,0,98.595,9,0,0,0,0,0,0,0,0
196,2017-04-20,09:17:25,0,TF1706,CCFX,98.59,98.555,98.615,177,174505300,19608,19596,99.805,97.445,98.625,98.67,0.0,98.61,0.0,0,0,2017-04-20,33445000,98.585,1,0,0,0,0,0,0,0,0,98.59,1,0,0,0,0,0,0,0,0
197,2017-04-20,09:17:25,500,TF1706,CCFX,98.59,98.555,98.615,177,174505300,19608,19596,99.805,97.445,98.625,98.67,0.0,98.61,0.0,0,0,2017-04-20,33445500,98.585,2,0,0,0,0,0,0,0,0,98.59,1,0,0,0,0,0,0,0,0
198,2017-04-20,09:17:27,0,TF1706,CCFX,98.59,98.555,98.615,177,174505300,19608,19596,99.805,97.445,98.625,98.67,0.0,98.61,0.0,0,0,2017-04-20,33447000,98.585,3,0,0,0,0,0,0,0,0,98.59,1,0,0,0,0,0,0,0,0
199,2017-04-20,09:17:29,0,TF1706,CCFX,98.59,98.555,98.615,177,174505300,19608,19596,99.805,97.445,98.625,98.67,0.0,98.61,0.0,0,0,2017-04-20,33449000,98.585,3,0,0,0,0,0,0,0,0,98.59,3,0,0,0,0,0,0,0,0
200,2017-04-20,09:17:29,500,TF1706,CCFX,98.59,98.555,98.615,177,174505300,19608,19596,99.805,97.445,98.625,98.67,0.0,98.61,0.0,0,0,2017-04-20,33449500,98.585,2,0,0,0,0,0,0,0,0,98.59,3,0,0,0,0,0,0,0,0
201,2017-04-20,09:17:30,0,TF1706,CCFX,98.59,98.555,98.615,177,174505300,19608,19596,99.805,97.445,98.625,98.67,0.0,98.61,0.0,0,0,2017-04-20,33450000,98.585,2,0,0,0,0,0,0,0,0,98.59,3,0,0,0,0,0,0,0,0
202,2017-04-20,09:17:30,500,TF1706,CCFX,98.59,98.555,98.615,177,174505300,19608,19596,99.805,97.445,98.625,98.67,0.0,98.61,0.0,0,0,2017-04-20,33450500,98.585,2,0,0,0,0,0,0,0,0,98.59,3,0,0,0,0,0,0,0,0
203,2017-04-20,09:17:31,500,TF1706,CCFX,98.59,98.555,98.615,177,174505300,19608,19596,99.805,97.445,98.625,98.67,0.0,98.61,0.0,0,0,2017-04-20,33451500,98.585,2,0,0,0,0,0,0,0,0,98.59,6,0,0,0,0,0,0,0,0
204,2017-04-20,09:17:34,500,TF1706,CCFX,98.59,98.555,98.615,177,174505300,19608,19596,99.805,97.445,98.625,98.67,0.0,98.61,0.0,0,0,2017-04-20,33454500,98.585,2,0,0,0,0,0,0,0,0,98.59,6,0,0,0,0,0,0,0,0
205,2017-04-20,09:17:35,0,TF1706,CCFX,98.585,98.555,98.615,179,176477000,19607,19596,99.805,97.445,98.625,98.67,0.0,98.61,0.0,0,0,2017-04-20,33455000,98.58,14,0,0,0,0,0,0,0,0,98.585,4,0,0,0,0,0,0,0,0
206,2017-04-20,09:17:35,500,TF1706,CCFX,98.58,98.555,98.615,182,179434400,19610,19596,99.805,97.445,98.625,98.67,0.0,98.61,0.0,0,0,2017-04-20,33455500,98.58,11,0,0,0,0,0,0,0,0,98.585,2,0,0,0,0,0,0,0,0
207,2017-04-20,09:17:37,0,TF1706,CCFX,98.58,98.555,98.615,182,179434400,19610,19596,99.805,97.445,98.625,98.67,0.0,98.61,0.0,0,0,2017-04-20,33457000,98.58,11,0,0,0,0,0,0,0,0,98.585,2,0,0,0,0,0,0,0,0
208,2017-04-20,09:17:37,500,TF1706,CCFX,98.58,98.555,98.615,182,179434400,19610,19596,99.805,97.445,98.625,98.67,0.0,98.61,0.0,0,0,2017-04-20,33457500,98.58,11,0,0,0,0,0,0,0,0,98.59,15,0,0,0,0,0,0,0,0
209,2017-04-20,09:17:38,0,TF1706,CCFX,98.58,98.555,98.615,182,179434400,19610,19596,99.805,97.445,98.625,98.67,0.0,98.61,0.0,0,0,2017-04-20,33458000,98.58,11,0,0,0,0,0,0,0,0,98.59,15,0,0,0,0,0,0,0,0
210,2017-04-20,09:17:38,500,TF1706,CCFX,98.58,98.555,98.615,182,179434400,19610,19596,99.805,97.445,98.625,98.67,0.0,98.61,0.0,0,0,2017-04-20,33458500,98.58,11,0,0,0,0,0,0,0,0,98.59,15,0,0,0,0,0,0,0,0
211,2017-04-20,09:17:39,0,TF1706,CCFX,98.58,98.555,98.615,182,179434400,19610,19596,99.805,97.445,98.625,98.67,0.0,98.61,0.0,0,0,2017-04-20,33459000,98.58,11,0,0,0,0,0,0,0,0,98.59,15,0,0,0,0,0,0,0,0
212,2017-04-20,09:17:39,500,TF1706,CCFX,98.58,98.555,98.615,182,179434400,19610,19596,99.805,97.445,98.625,98.67,0.0,98.61,0.0,0,0,2017-04-20,33459500,98.58,11,0,0,0,0,0,0,0,0,98.59,18,0,0,0,0,0,0,0,0
213,2017-04-20,09:17:42,0,TF1706,CCFX,98.58,98.555,98.615,182,179434400,19610,19596,99.805,97.445,98.625,98.67,0.0,98.61,0.0,0,0,2017-04-20,33462000,98.58,11,0,0,0,0,0,0,0,0,98.59,18,0,0,0,0,0,0,0,0
214,2017-04-20,09:17:43,500,TF1706,CCFX,98.58,98.555,98.615,182,179434400,19610,19596,99.805,97.445,98.625,98.67,0.0,98.61,0.0,0,0,2017-04-20,33463500,98.58,11,0,0,0,0,0,0,0,0,98.59,18,0,0,0,0,0,0,0,0
215,2017-04-20,09:17:44,0,TF1706,CCFX,98.58,98.555,98.615,182,179434400,19610,19596,99.805,97.445,98.625,98.67,0.0,98.61,0.0,0,0,2017-04-20,33464000,98.58,11,0,0,0,0,0,0,0,0,98.59,18,0,0,0,0,0,0,0,0
216,2017-04-20,09:17:46,0,TF1706,CCFX,98.58,98.555,98.615,182,179434400,19610,19596,99.805,97.445,98.625,98.67,0.0,98.61,0.0,0,0,2017-04-20,33466000,98.58,11,0,0,0,0,0,0,0,0,98.585,1,0,0,0,0,0,0,0,0
217,2017-04-20,09:17:46,500,TF1706,CCFX,98.58,98.555,98.615,182,179434400,19610,19596,99.805,97.445,98.625,98.67,0.0,98.61,0.0,0,0,2017-04-20,33466500,98.58,11,0,0,0,0,0,0,0,0,98.585,1,0,0,0,0,0,0,0,0
218,2017-04-20,09:17:47,500,TF1706,CCFX,98.58,98.555,98.615,182,179434400,19610,19596,99.805,97.445,98.625,98.67,0.0,98.61,0.0,0,0,2017-04-20,33467500,98.58,11,0,0,0,0,0,0,0,0,98.585,1,0,0,0,0,0,0,0,0
219,2017-04-20,09:17:48,0,TF1706,CCFX,98.585,98.555,98.615,183,180420250,19609,19596,99.805,97.445,98.625,98.67,0.0,98.61,0.0,0,0,2017-04-20,33468000,98.58,11,0,0,0,0,0,0,0,0,98.59,18,0,0,0,0,0,0,0,0
220,2017-04-20,09:17:48,500,TF1706,CCFX,98.585,98.555,98.615,183,180420250,19609,19596,99.805,97.445,98.625,98.67,0.0,98.61,0.0,0,0,2017-04-20,33468500,98.58,11,0,0,0,0,0,0,0,0,98.59,18,0,0,0,0,0,0,0,0
221,2017-04-20,09:17:50,0,TF1706,CCFX,98.585,98.555,98.615,183,180420250,19609,19596,99.805,97.445,98.625,98.67,0.0,98.61,0.0,0,0,2017-04-20,33470000,98.58,11,0,0,0,0,0,0,0,0,98.59,19,0,0,0,0,0,0,0,0
222,2017-04-20,09:17:51,0,TF1706,CCFX,98.585,98.555,98.615,183,180420250,19609,19596,99.805,97.445,98.625,98.67,0.0,98.61,0.0,0,0,2017-04-20,33471000,98.58,11,0,0,0,0,0,0,0,0,98.59,19,0,0,0,0,0,0,0,0
223,2017-04-20,09:17:51,500,TF1706,CCFX,98.585,98.555,98.615,183,180420250,19609,19596,99.805,97.445,98.625,98.67,0.0,98.61,0.0,0,0,2017-04-20,33471500,98.58,11,0,0,0,0,0,0,0,0,98.59,19,0,0,0,0,0,0,0,0
224,2017-04-20,09:17:53,0,TF1706,CCFX,98.585,98.555,98.615,183,180420250,19609,19596,99.805,97.445,98.625,98.67,0.0,98.61,0.0,0,0,2017-04-20,33473000,98.58,11,0,0,0,0,0,0,0,0,98.59,10,0,0,0,0,0,0,0,0
225,2017-04-20,09:17:54,0,TF1706,CCFX,98.585,98.555,98.615,183,180420250,19609,19596,99.805,97.445,98.625,98.67,0.0,98.61,0.0,0,0,2017-04-20,33474000,98.58,11,0,0,0,0,0,0,0,0,98.59,10,0,0,0,0,0,0,0,0
226,2017-04-20,09:17:56,500,TF1706,CCFX,98.585,98.555,98.615,183,180420250,19609,19596,99.805,97.445,98.625,98.67,0.0,98.61,0.0,0,0,2017-04-20,33476500,98.58,11,0,0,0,0,0,0,0,0,98.59,7,0,0,0,0,0,0,0,0
227,2017-04-20,09:17:57,500,TF1706,CCFX,98.585,98.555,98.615,183,180420250,19609,19596,99.805,97.445,98.625,98.67,0.0,98.61,0.0,0,0,2017-04-20,33477500,98.58,11,0,0,0,0,0,0,0,0,98.59,7,0,0,0,0,0,0,0,0
228,2017-04-20,09:17:58,0,TF1706,CCFX,98.585,98.555,98.615,183,180420250,19609,19596,99.805,97.445,98.625,98.67,0.0,98.61,0.0,0,0,2017-04-20,33478000,98.58,11,0,0,0,0,0,0,0,0,98.59,7,0,0,0,0,0,0,0,0
229,2017-04-20,09:17:58,500,TF1706,CCFX,98.585,98.555,98.615,183,180420250,19609,19596,99.805,97.445,98.625,98.67,0.0,98.61,0.0,0,0,2017-04-20,33478500,98.58,12,0,0,0,0,0,0,0,0,98.59,7,0,0,0,0,0,0,0,0
230,2017-04-20,09:17:59,500,TF1706,CCFX,98.585,98.555,98.615,183,180420250,19609,19596,99.805,97.445,98.625,98.67,0.0,98.61,0.0,0,0,2017-04-20,33479500,98.585,2,0,0,0,0,0,0,0,0,98.59,7,0,0,0,0,0,0,0,0
231,2017-04-20,09:18:00,0,TF1706,CCFX,98.585,98.555,98.615,183,180420250,19609,19596,99.805,97.445,98.625,98.67,0.0,98.61,0.0,0,0,2017-04-20,33480000,98.58,12,0,0,0,0,0,0,0,0,98.59,7,0,0,0,0,0,0,0,0
232,2017-04-20,09:18:04,0,TF1706,CCFX,98.585,98.555,98.615,183,180420250,19609,19596,99.805,97.445,98.625,98.67,0.0,98.61,0.0,0,0,2017-04-20,33484000,98.58,12,0,0,0,0,0,0,0,0,98.59,7,0,0,0,0,0,0,0,0
233,2017-04-20,09:18:04,500,TF1706,CCFX,98.585,98.555,98.615,183,180420250,19609,19596,99.805,97.445,98.625,98.67,0.0,98.61,0.0,0,0,2017-04-20,33484500,98.58,12,0,0,0,0,0,0,0,0,98.59,13,0,0,0,0,0,0,0,0
234,2017-04-20,09:18:10,0,TF1706,CCFX,98.585,98.555,98.615,183,180420250,19609,19596,99.805,97.445,98.625,98.67,0.0,98.61,0.0,0,0,2017-04-20,33490000,98.58,12,0,0,0,0,0,0,0,0,98.59,22,0,0,0,0,0,0,0,0
235,2017-04-20,09:18:12,0,TF1706,CCFX,98.585,98.555,98.615,183,180420250,19609,19596,99.805,97.445,98.625,98.67,0.0,98.61,0.0,0,0,2017-04-20,33492000,98.58,12,0,0,0,0,0,0,0,0,98.59,22,0,0,0,0,0,0,0,0
236,2017-04-20,09:18:13,500,TF1706,CCFX,98.585,98.555,98.615,183,180420250,19609,19596,99.805,97.445,98.625,98.67,0.0,98.61,0.0,0,0,2017-04-20,33493500,98.58,12,0,0,0,0,0,0,0,0,98.59,22,0,0,0,0,0,0,0,0
237,2017-04-20,09:18:14,0,TF1706,CCFX,98.585,98.555,98.615,183,180420250,19609,19596,99.805,97.445,98.625,98.67,0.0,98.61,0.0,0,0,2017-04-20,33494000,98.58,12,0,0,0,0,0,0,0,0,98.59,22,0,0,0,0,0,0,0,0
238,2017-04-20,09:18:18,0,TF1706,CCFX,98.59,98.555,98.615,184,181406150,19609,19596,99.805,97.445,98.625,98.67,0.0,98.61,0.0,0,0,2017-04-20,33498000,98.58,12,0,0,0,0,0,0,0,0,98.59,21,0,0,0,0,0,0,0,0
239,2017-04-20,09:18:18,500,TF1706,CCFX,98.59,98.555,98.615,184,181406150,19609,19596,99.805,97.445,98.625,98.67,0.0,98.61,0.0,0,0,2017-04-20,33498500,98.58,12,0,0,0,0,0,0,0,0,98.59,21,0,0,0,0,0,0,0,0
240,2017-04-20,09:18:19,500,TF1706,CCFX,98.59,98.555,98.615,184,181406150,19609,19596,99.805,97.445,98.625,98.67,0.0,98.61,0.0,0,0,2017-04-20,33499500,98.58,12,0,0,0,0,0,0,0,0,98.59,21,0,0,0,0,0,0,0,0
241,2017-04-20,09:18:21,500,TF1706,CCFX,98.59,98.555,98.615,184,181406150,19609,19596,99.805,97.445,98.625,98.67,0.0,98.61,0.0,0,0,2017-04-20,33501500,98.58,12,0,0,0,0,0,0,0,0,98.585,1,0,0,0,0,0,0,0,0
242,2017-04-20,09:18:22,500,TF1706,CCFX,98.59,98.555,98.615,184,181406150,19609,19596,99.805,97.445,98.625,98.67,0.0,98.61,0.0,0,0,2017-04-20,33502500,98.58,12,0,0,0,0,0,0,0,0,98.585,1,0,0,0,0,0,0,0,0
243,2017-04-20,09:18:23,0,TF1706,CCFX,98.585,98.555,98.615,185,182392000,19610,19596,99.805,97.445,98.625,98.67,0.0,98.61,0.0,0,0,2017-04-20,33503000,98.58,12,0,0,0,0,0,0,0,0,98.59,21,0,0,0,0,0,0,0,0
244,2017-04-20,09:18:25,500,TF1706,CCFX,98.585,98.555,98.615,185,182392000,19610,19596,99.805,97.445,98.625,98.67,0.0,98.61,0.0,0,0,2017-04-20,33505500,98.58,12,0,0,0,0,0,0,0,0,98.59,21,0,0,0,0,0,0,0,0
245,2017-04-20,09:18:27,0,TF1706,CCFX,98.585,98.555,98.615,185,182392000,19610,19596,99.805,97.445,98.625,98.67,0.0,98.61,0.0,0,0,2017-04-20,33507000,98.58,12,0,0,0,0,0,0,0,0,98.59,21,0,0,0,0,0,0,0,0
246,2017-04-20,09:18:27,500,TF1706,CCFX,98.585,98.555,98.615,185,182392000,19610,19596,99.805,97.445,98.625,98.67,0.0,98.61,0.0,0,0,2017-04-20,33507500,98.58,12,0,0,0,0,0,0,0,0,98.59,21,0,0,0,0,0,0,0,0
247,2017-04-20,09:18:28,500,TF1706,CCFX,98.585,98.555,98.615,185,182392000,19610,19596,99.805,97.445,98.625,98.67,0.0,98.61,0.0,0,0,2017-04-20,33508500,98.58,12,0,0,0,0,0,0,0,0,98.59,21,0,0,0,0,0,0,0,0
248,2017-04-20,09:18:29,0,TF1706,CCFX,98.585,98.555,98.615,185,182392000,19610,19596,99.805,97.445,98.625,98.67,0.0,98.61,0.0,0,0,2017-04-20,33509000,98.58,12,0,0,0,0,0,0,0,0,98.59,21,0,0,0,0,0,0,0,0
249,2017-04-20,09:18:30,0,TF1706,CCFX,98.585,98.555,98.615,185,182392000,19610,19596,99.805,97.445,98.625,98.67,0.0,98.61,0.0,0,0,2017-04-20,33510000,98.58,12,0,0,0,0,0,0,0,0,98.59,21,0,0,0,0,0,0,0,0
250,2017-04-20,09:18:31,0,TF1706,CCFX,98.585,98.555,98.615,185,182392000,19610,19596,99.805,97.445,98.625,98.67,0.0,98.61,0.0,0,0,2017-04-20,33511000,98.58,12,0,0,0,0,0,0,0,0,98.59,21,0,0,0,0,0,0,0,0
251,2017-04-20,09:18:31,500,TF1706,CCFX,98.58,98.555,98.615,186,183377800,19611,19596,99.805,97.445,98.625,98.67,0.0,98.61,0.0,0,0,2017-04-20,33511500,98.58,11,0,0,0,0,0,0,0,0,98.59,21,0,0,0,0,0,0,0,0
252,2017-04-20,09:18:32,0,TF1706,CCFX,98.58,98.555,98.615,186,183377800,19611,19596,99.805,97.445,98.625,98.67,0.0,98.61,0.0,0,0,2017-04-20,33512000,98.58,11,0,0,0,0,0,0,0,0,98.59,21,0,0,0,0,0,0,0,0
253,2017-04-20,09:18:34,0,TF1706,CCFX,98.58,98.555,98.615,186,183377800,19611,19596,99.805,97.445,98.625,98.67,0.0,98.61,0.0,0,0,2017-04-20,33514000,98.58,11,0,0,0,0,0,0,0,0,98.59,12,0,0,0,0,0,0,0,0
254,2017-04-20,09:18:34,500,TF1706,CCFX,98.58,98.555,98.615,186,183377800,19611,19596,99.805,97.445,98.625,98.67,0.0,98.61,0.0,0,0,2017-04-20,33514500,98.585,4,0,0,0,0,0,0,0,0,98.59,12,0,0,0,0,0,0,0,0
255,2017-04-20,09:18:35,0,TF1706,CCFX,98.58,98.555,98.615,186,183377800,19611,19596,99.805,97.445,98.625,98.67,0.0,98.61,0.0,0,0,2017-04-20,33515000,98.58,12,0,0,0,0,0,0,0,0,98.59,12,0,0,0,0,0,0,0,0
256,2017-04-20,09:18:37,0,TF1706,CCFX,98.58,98.555,98.615,186,183377800,19611,19596,99.805,97.445,98.625,98.67,0.0,98.61,0.0,0,0,2017-04-20,33517000,98.58,12,0,0,0,0,0,0,0,0,98.59,12,0,0,0,0,0,0,0,0
257,2017-04-20,09:18:41,0,TF1706,CCFX,98.58,98.555,98.615,186,183377800,19611,19596,99.805,97.445,98.625,98.67,0.0,98.61,0.0,0,0,2017-04-20,33521000,98.585,2,0,0,0,0,0,0,0,0,98.59,12,0,0,0,0,0,0,0,0
258,2017-04-20,09:18:41,500,TF1706,CCFX,98.585,98.555,98.615,188,185349500,19611,19596,99.805,97.445,98.625,98.67,0.0,98.61,0.0,0,0,2017-04-20,33521500,98.58,12,0,0,0,0,0,0,0,0,98.59,14,0,0,0,0,0,0,0,0
259,2017-04-20,09:18:44,500,TF1706,CCFX,98.585,98.555,98.615,188,185349500,19611,19596,99.805,97.445,98.625,98.67,0.0,98.61,0.0,0,0,2017-04-20,33524500,98.58,12,0,0,0,0,0,0,0,0,98.59,12,0,0,0,0,0,0,0,0
260,2017-04-20,09:18:45,0,TF1706,CCFX,98.585,98.555,98.615,188,185349500,19611,19596,99.805,97.445,98.625,98.67,0.0,98.61,0.0,0,0,2017-04-20,33525000,98.585,4,0,0,0,0,0,0,0,0,98.59,12,0,0,0,0,0,0,0,0
261,2017-04-20,09:18:45,500,TF1706,CCFX,98.585,98.555,98.615,188,185349500,19611,19596,99.805,97.445,98.625,98.67,0.0,98.61,0.0,0,0,2017-04-20,33525500,98.585,1,0,0,0,0,0,0,0,0,98.59,12,0,0,0,0,0,0,0,0
262,2017-04-20,09:18:46,0,TF1706,CCFX,98.585,98.555,98.615,188,185349500,19611,19596,99.805,97.445,98.625,98.67,0.0,98.61,0.0,0,0,2017-04-20,33526000,98.585,1,0,0,0,0,0,0,0,0,98.59,12,0,0,0,0,0,0,0,0
263,2017-04-20,09:18:53,0,TF1706,CCFX,98.585,98.555,98.615,189,186335350,19612,19596,99.805,97.445,98.625,98.67,0.0,98.61,0.0,0,0,2017-04-20,33533000,98.58,12,0,0,0,0,0,0,0,0,98.59,12,0,0,0,0,0,0,0,0
264,2017-04-20,09:18:54,0,TF1706,CCFX,98.585,98.555,98.615,189,186335350,19612,19596,99.805,97.445,98.625,98.67,0.0,98.61,0.0,0,0,2017-04-20,33534000,98.58,12,0,0,0,0,0,0,0,0,98.59,12,0,0,0,0,0,0,0,0
265,2017-04-20,09:18:54,500,TF1706,CCFX,98.585,98.555,98.615,189,186335350,19612,19596,99.805,97.445,98.625,98.67,0.0,98.61,0.0,0,0,2017-04-20,33534500,98.58,12,0,0,0,0,0,0,0,0,98.585,2,0,0,0,0,0,0,0,0
266,2017-04-20,09:18:55,0,TF1706,CCFX,98.585,98.555,98.615,189,186335350,19612,19596,99.805,97.445,98.625,98.67,0.0,98.61,0.0,0,0,2017-04-20,33535000,98.58,12,0,0,0,0,0,0,0,0,98.585,3,0,0,0,0,0,0,0,0
267,2017-04-20,09:18:57,500,TF1706,CCFX,98.58,98.555,98.615,191,188306950,19613,19596,99.805,97.445,98.625,98.67,0.0,98.61,0.0,0,0,2017-04-20,33537500,98.58,10,0,0,0,0,0,0,0,0,98.585,12,0,0,0,0,0,0,0,0
268,2017-04-20,09:18:58,0,TF1706,CCFX,98.58,98.555,98.615,200,197179150,19614,19596,99.805,97.445,98.625,98.67,0.0,98.61,0.0,0,0,2017-04-20,33538000,98.575,14,0,0,0,0,0,0,0,0,98.58,11,0,0,0,0,0,0,0,0
269,2017-04-20,09:18:58,500,TF1706,CCFX,98.58,98.555,98.615,200,197179150,19614,19596,99.805,97.445,98.625,98.67,0.0,98.61,0.0,0,0,2017-04-20,33538500,98.575,14,0,0,0,0,0,0,0,0,98.58,3,0,0,0,0,0,0,0,0
270,2017-04-20,09:18:59,0,TF1706,CCFX,98.58,98.555,98.615,200,197179150,19614,19596,99.805,97.445,98.625,98.67,0.0,98.61,0.0,0,0,2017-04-20,33539000,98.575,14,0,0,0,0,0,0,0,0,98.58,3,0,0,0,0,0,0,0,0
271,2017-04-20,09:18:59,500,TF1706,CCFX,98.575,98.555,98.615,202,199150650,19616,19596,99.805,97.445,98.625,98.67,0.0,98.61,0.0,0,0,2017-04-20,33539500,98.575,12,0,0,0,0,0,0,0,0,98.58,4,0,0,0,0,0,0,0,0
272,2017-04-20,09:19:00,0,TF1706,CCFX,98.575,98.555,98.615,204,201122150,19616,19596,99.805,97.445,98.625,98.67,0.0,98.61,0.0,0,0,2017-04-20,33540000,98.575,10,0,0,0,0,0,0,0,0,98.58,4,0,0,0,0,0,0,0,0
273,2017-04-20,09:19:01,500,TF1706,CCFX,98.575,98.555,98.615,204,201122150,19616,19596,99.805,97.445,98.625,98.67,0.0,98.61,0.0,0,0,2017-04-20,33541500,98.575,11,0,0,0,0,0,0,0,0,98.58,4,0,0,0,0,0,0,0,0
274,2017-04-20,09:19:02,0,TF1706,CCFX,98.575,98.555,98.615,208,205065150,19618,19596,99.805,97.445,98.625,98.67,0.0,98.61,0.0,0,0,2017-04-20,33542000,98.575,7,0,0,0,0,0,0,0,0,98.58,4,0,0,0,0,0,0,0,0
275,2017-04-20,09:19:03,500,TF1706,CCFX,98.575,98.555,98.615,215,211965400,19625,19596,99.805,97.445,98.625,98.67,0.0,98.61,0.0,0,0,2017-04-20,33543500,98.57,2,0,0,0,0,0,0,0,0,98.575,12,0,0,0,0,0,0,0,0
276,2017-04-20,09:19:04,0,TF1706,CCFX,98.57,98.555,98.615,216,212951100,19624,19596,99.805,97.445,98.625,98.67,0.0,98.61,0.0,0,0,2017-04-20,33544000,98.57,1,0,0,0,0,0,0,0,0,98.575,16,0,0,0,0,0,0,0,0
277,2017-04-20,09:19:04,500,TF1706,CCFX,98.57,98.555,98.615,217,213936800,19623,19596,99.805,97.445,98.625,98.67,0.0,98.61,0.0,0,0,2017-04-20,33544500,98.565,2,0,0,0,0,0,0,0,0,98.575,17,0,0,0,0,0,0,0,0
278,2017-04-20,09:19:05,0,TF1706,CCFX,98.57,98.555,98.615,217,213936800,19623,19596,99.805,97.445,98.625,98.67,0.0,98.61,0.0,0,0,2017-04-20,33545000,98.565,2,0,0,0,0,0,0,0,0,98.575,20,0,0,0,0,0,0,0,0
279,2017-04-20,09:19:05,500,TF1706,CCFX,98.57,98.555,98.615,217,213936800,19623,19596,99.805,97.445,98.625,98.67,0.0,98.61,0.0,0,0,2017-04-20,33545500,98.565,2,0,0,0,0,0,0,0,0,98.57,1,0,0,0,0,0,0,0,0
280,2017-04-20,09:19:06,0,TF1706,CCFX,98.57,98.555,98.615,221,217879600,19626,19596,99.805,97.445,98.625,98.67,0.0,98.61,0.0,0,0,2017-04-20,33546000,98.565,2,0,0,0,0,0,0,0,0,98.57,2,0,0,0,0,0,0,0,0
281,2017-04-20,09:19:06,500,TF1706,CCFX,98.565,98.555,98.615,223,219850900,19624,19596,99.805,97.445,98.625,98.67,0.0,98.61,0.0,0,0,2017-04-20,33546500,98.56,9,0,0,0,0,0,0,0,0,98.57,9,0,0,0,0,0,0,0,0
282,2017-04-20,09:19:07,0,TF1706,CCFX,98.565,98.555,98.615,223,219850900,19624,19596,99.805,97.445,98.625,98.67,0.0,98.61,0.0,0,0,2017-04-20,33547000,98.56,9,0,0,0,0,0,0,0,0,98.57,4,0,0,0,0,0,0,0,0
283,2017-04-20,09:19:08,0,TF1706,CCFX,98.565,98.555,98.615,223,219850900,19624,19596,99.805,97.445,98.625,98.67,0.0,98.61,0.0,0,0,2017-04-20,33548000,98.565,2,0,0,0,0,0,0,0,0,98.57,3,0,0,0,0,0,0,0,0
284,2017-04-20,09:19:08,500,TF1706,CCFX,98.565,98.555,98.615,223,219850900,19624,19596,99.805,97.445,98.625,98.67,0.0,98.61,0.0,0,0,2017-04-20,33548500,98.565,3,0,0,0,0,0,0,0,0,98.57,11,0,0,0,0,0,0,0,0
285,2017-04-20,09:19:09,0,TF1706,CCFX,98.57,98.555,98.615,234,230693600,19624,19596,99.805,97.445,98.625,98.67,0.0,98.61,0.0,0,0,2017-04-20,33549000,98.57,3,0,0,0,0,0,0,0,0,98.575,1,0,0,0,0,0,0,0,0
286,2017-04-20,09:19:09,500,TF1706,CCFX,98.575,98.555,98.615,235,231679350,19623,19596,99.805,97.445,98.625,98.67,0.0,98.61,0.0,0,0,2017-04-20,33549500,98.575,1,0,0,0,0,0,0,0,0,98.58,1,0,0,0,0,0,0,0,0
287,2017-04-20,09:19:10,0,TF1706,CCFX,98.575,98.555,98.615,235,231679350,19623,19596,99.805,97.445,98.625,98.67,0.0,98.61,0.0,0,0,2017-04-20,33550000,98.57,1,0,0,0,0,0,0,0,0,98.575,1,0,0,0,0,0,0,0,0
288,2017-04-20,09:19:10,500,TF1706,CCFX,98.575,98.555,98.615,236,232665100,19622,19596,99.805,97.445,98.625,98.67,0.0,98.61,0.0,0,0,2017-04-20,33550500,98.57,1,0,0,0,0,0,0,0,0,98.58,1,0,0,0,0,0,0,0,0
289,2017-04-20,09:19:13,0,TF1706,CCFX,98.575,98.555,98.615,236,232665100,19622,19596,99.805,97.445,98.625,98.67,0.0,98.61,0.0,0,0,2017-04-20,33553000,98.57,2,0,0,0,0,0,0,0,0,98.58,1,0,0,0,0,0,0,0,0
290,2017-04-20,09:19:13,500,TF1706,CCFX,98.575,98.555,98.615,236,232665100,19622,19596,99.805,97.445,98.625,98.67,0.0,98.61,0.0,0,0,2017-04-20,33553500,98.57,2,0,0,0,0,0,0,0,0,98.58,1,0,0,0,0,0,0,0,0
291,2017-04-20,09:19:14,0,TF1706,CCFX,98.575,98.555,98.615,236,232665100,19622,19596,99.805,97.445,98.625,98.67,0.0,98.61,0.0,0,0,2017-04-20,33554000,98.57,2,0,0,0,0,0,0,0,0,98.58,1,0,0,0,0,0,0,0,0
292,2017-04-20,09:19:15,0,TF1706,CCFX,98.575,98.555,98.615,236,232665100,19622,19596,99.805,97.445,98.625,98.67,0.0,98.61,0.0,0,0,2017-04-20,33555000,98.57,2,0,0,0,0,0,0,0,0,98.58,2,0,0,0,0,0,0,0,0
293,2017-04-20,09:19:16,0,TF1706,CCFX,98.57,98.555,98.615,237,233650800,19622,19596,99.805,97.445,98.625,98.67,0.0,98.61,0.0,0,0,2017-04-20,33556000,98.57,1,0,0,0,0,0,0,0,0,98.58,2,0,0,0,0,0,0,0,0
294,2017-04-20,09:19:16,500,TF1706,CCFX,98.57,98.555,98.615,237,233650800,19622,19596,99.805,97.445,98.625,98.67,0.0,98.61,0.0,0,0,2017-04-20,33556500,98.575,2,0,0,0,0,0,0,0,0,98.58,3,0,0,0,0,0,0,0,0
295,2017-04-20,09:19:17,0,TF1706,CCFX,98.57,98.555,98.615,237,233650800,19622,19596,99.805,97.445,98.625,98.67,0.0,98.61,0.0,0,0,2017-04-20,33557000,98.575,2,0,0,0,0,0,0,0,0,98.58,3,0,0,0,0,0,0,0,0
296,2017-04-20,09:19:17,500,TF1706,CCFX,98.58,98.555,98.615,240,236608200,19620,19596,99.805,97.445,98.625,98.67,0.0,98.61,0.0,0,0,2017-04-20,33557500,98.58,5,0,0,0,0,0,0,0,0,98.585,2,0,0,0,0,0,0,0,0
297,2017-04-20,09:19:18,0,TF1706,CCFX,98.58,98.555,98.615,241,237594000,19621,19596,99.805,97.445,98.625,98.67,0.0,98.61,0.0,0,0,2017-04-20,33558000,98.575,2,0,0,0,0,0,0,0,0,98.585,2,0,0,0,0,0,0,0,0
298,2017-04-20,09:19:18,500,TF1706,CCFX,98.58,98.555,98.615,244,240551500,19619,19596,99.805,97.445,98.625,98.67,0.0,98.61,0.0,0,0,2017-04-20,33558500,98.58,3,0,0,0,0,0,0,0,0,98.59,11,0,0,0,0,0,0,0,0
299,2017-04-20,09:19:19,0,TF1706,CCFX,98.59,98.555,98.615,245,241537400,19620,19596,99.805,97.445,98.625,98.67,0.0,98.61,0.0,0,0,2017-04-20,33559000,98.585,2,0,0,0,0,0,0,0,0,98.59,10,0,0,0,0,0,0,0,0
300,2017-04-20,09:19:19,500,TF1706,CCFX,98.59,98.555,98.615,246,242523300,19620,19596,99.805,97.445,98.625,98.67,0.0,98.61,0.0,0,0,2017-04-20,33559500,98.585,2,0,0,0,0,0,0,0,0,98.59,9,0,0,0,0,0,0,0,0
301,2017-04-20,09:19:20,0,TF1706,CCFX,98.59,98.555,98.615,255,251396400,19619,19596,99.805,97.445,98.625,98.67,0.0,98.61,0.0,0,0,2017-04-20,33560000,98.59,4,0,0,0,0,0,0,0,0,98.6,2,0,0,0,0,0,0,0,0
302,2017-04-20,09:19:20,500,TF1706,CCFX,98.59,98.555,98.615,255,251396400,19619,19596,99.805,97.445,98.625,98.67,0.0,98.61,0.0,0,0,2017-04-20,33560500,98.59,2,0,0,0,0,0,0,0,0,98.6,2,0,0,0,0,0,0,0,0
303,2017-04-20,09:19:21,0,TF1706,CCFX,98.59,98.555,98.615,258,254354100,19619,19596,99.805,97.445,98.625,98.67,0.0,98.61,0.0,0,0,2017-04-20,33561000,98.585,3,0,0,0,0,0,0,0,0,98.59,1,0,0,0,0,0,0,0,0
304,2017-04-20,09:19:21,500,TF1706,CCFX,98.59,98.555,98.615,262,258297700,19620,19596,99.805,97.445,98.625,98.67,0.0,98.61,0.0,0,0,2017-04-20,33561500,98.59,2,0,0,0,0,0,0,0,0,98.6,3,0,0,0,0,0,0,0,0
305,2017-04-20,09:19:22,0,TF1706,CCFX,98.59,98.555,98.615,264,260269500,19621,19596,99.805,97.445,98.625,98.67,0.0,98.61,0.0,0,0,2017-04-20,33562000,98.585,2,0,0,0,0,0,0,0,0,98.59,2,0,0,0,0,0,0,0,0
306,2017-04-20,09:19:22,500,TF1706,CCFX,98.58,98.555,98.615,268,264212800,19621,19596,99.805,97.445,98.625,98.67,0.0,98.61,0.0,0,0,2017-04-20,33562500,98.57,2,0,0,0,0,0,0,0,0,98.58,2,0,0,0,0,0,0,0,0
307,2017-04-20,09:19:23,0,TF1706,CCFX,98.58,98.555,98.615,270,266184400,19622,19596,99.805,97.445,98.625,98.67,0.0,98.61,0.0,0,0,2017-04-20,33563000,98.57,2,0,0,0,0,0,0,0,0,98.585,3,0,0,0,0,0,0,0,0
308,2017-04-20,09:19:23,500,TF1706,CCFX,98.58,98.555,98.615,270,266184400,19622,19596,99.805,97.445,98.625,98.67,0.0,98.61,0.0,0,0,2017-04-20,33563500,98.58,6,0,0,0,0,0,0,0,0,98.585,3,0,0,0,0,0,0,0,0
309,2017-04-20,09:19:24,0,TF1706,CCFX,98.58,98.555,98.615,270,266184400,19622,19596,99.805,97.445,98.625,98.67,0.0,98.61,0.0,0,0,2017-04-20,33564000,98.58,3,0,0,0,0,0,0,0,0,98.585,3,0,0,0,0,0,0,0,0
310,2017-04-20,09:19:24,500,TF1706,CCFX,98.58,98.555,98.615,272,268156000,19621,19596,99.805,97.445,98.625,98.67,0.0,98.61,0.0,0,0,2017-04-20,33564500,98.58,1,0,0,0,0,0,0,0,0,98.585,5,0,0,0,0,0,0,0,0
311,2017-04-20,09:19:25,0,TF1706,CCFX,98.58,98.555,98.615,273,269141800,19620,19596,99.805,97.445,98.625,98.67,0.0,98.61,0.0,0,0,2017-04-20,33565000,98.575,1,0,0,0,0,0,0,0,0,98.585,5,0,0,0,0,0,0,0,0
312,2017-04-20,09:19:25,500,TF1706,CCFX,98.58,98.555,98.615,273,269141800,19620,19596,99.805,97.445,98.625,98.67,0.0,98.61,0.0,0,0,2017-04-20,33565500,98.57,3,0,0,0,0,0,0,0,0,98.585,5,0,0,0,0,0,0,0,0
313,2017-04-20,09:19:27,500,TF1706,CCFX,98.58,98.555,98.615,273,269141800,19620,19596,99.805,97.445,98.625,98.67,0.0,98.61,0.0,0,0,2017-04-20,33567500,98.575,2,0,0,0,0,0,0,0,0,98.585,5,0,0,0,0,0,0,0,0
314,2017-04-20,09:19:28,0,TF1706,CCFX,98.58,98.555,98.615,273,269141800,19620,19596,99.805,97.445,98.625,98.67,0.0,98.61,0.0,0,0,2017-04-20,33568000,98.57,3,0,0,0,0,0,0,0,0,98.585,5,0,0,0,0,0,0,0,0
315,2017-04-20,09:19:28,500,TF1706,CCFX,98.58,98.555,98.615,273,269141800,19620,19596,99.805,97.445,98.625,98.67,0.0,98.61,0.0,0,0,2017-04-20,33568500,98.58,4,0,0,0,0,0,0,0,0,98.585,5,0,0,0,0,0,0,0,0
316,2017-04-20,09:19:29,0,TF1706,CCFX,98.58,98.555,98.615,273,269141800,19620,19596,99.805,97.445,98.625,98.67,0.0,98.61,0.0,0,0,2017-04-20,33569000,98.575,2,0,0,0,0,0,0,0,0,98.585,5,0,0,0,0,0,0,0,0
317,2017-04-20,09:19:29,500,TF1706,CCFX,98.58,98.555,98.615,273,269141800,19620,19596,99.805,97.445,98.625,98.67,0.0,98.61,0.0,0,0,2017-04-20,33569500,98.575,3,0,0,0,0,0,0,0,0,98.585,5,0,0,0,0,0,0,0,0
318,2017-04-20,09:19:30,0,TF1706,CCFX,98.58,98.555,98.615,273,269141800,19620,19596,99.805,97.445,98.625,98.67,0.0,98.61,0.0,0,0,2017-04-20,33570000,98.575,4,0,0,0,0,0,0,0,0,98.585,5,0,0,0,0,0,0,0,0
319,2017-04-20,09:19:30,500,TF1706,CCFX,98.58,98.555,98.615,273,269141800,19620,19596,99.805,97.445,98.625,98.67,0.0,98.61,0.0,0,0,2017-04-20,33570500,98.58,4,0,0,0,0,0,0,0,0,98.585,5,0,0,0,0,0,0,0,0
320,2017-04-20,09:19:31,0,TF1706,CCFX,98.58,98.555,98.615,273,269141800,19620,19596,99.805,97.445,98.625,98.67,0.0,98.61,0.0,0,0,2017-04-20,33571000,98.575,2,0,0,0,0,0,0,0,0,98.585,5,0,0,0,0,0,0,0,0
321,2017-04-20,09:19:31,500,TF1706,CCFX,98.58,98.555,98.615,273,269141800,19620,19596,99.805,97.445,98.625,98.67,0.0,98.61,0.0,0,0,2017-04-20,33571500,98.575,2,0,0,0,0,0,0,0,0,98.585,5,0,0,0,0,0,0,0,0
322,2017-04-20,09:19:34,500,TF1706,CCFX,98.58,98.555,98.615,273,269141800,19620,19596,99.805,97.445,98.625,98.67,0.0,98.61,0.0,0,0,2017-04-20,33574500,98.575,2,0,0,0,0,0,0,0,0,98.585,5,0,0,0,0,0,0,0,0
323,2017-04-20,09:19:35,0,TF1706,CCFX,98.58,98.555,98.615,273,269141800,19620,19596,99.805,97.445,98.625,98.67,0.0,98.61,0.0,0,0,2017-04-20,33575000,98.58,4,0,0,0,0,0,0,0,0,98.585,18,0,0,0,0,0,0,0,0
324,2017-04-20,09:19:35,500,TF1706,CCFX,98.58,98.555,98.615,273,269141800,19620,19596,99.805,97.445,98.625,98.67,0.0,98.61,0.0,0,0,2017-04-20,33575500,98.575,2,0,0,0,0,0,0,0,0,98.585,15,0,0,0,0,0,0,0,0
325,2017-04-20,09:19:36,500,TF1706,CCFX,98.58,98.555,98.615,273,269141800,19620,19596,99.805,97.445,98.625,98.67,0.0,98.61,0.0,0,0,2017-04-20,33576500,98.575,2,0,0,0,0,0,0,0,0,98.585,15,0,0,0,0,0,0,0,0
326,2017-04-20,09:19:37,0,TF1706,CCFX,98.58,98.555,98.615,273,269141800,19620,19596,99.805,97.445,98.625,98.67,0.0,98.61,0.0,0,0,2017-04-20,33577000,98.58,4,0,0,0,0,0,0,0,0,98.585,15,0,0,0,0,0,0,0,0
327,2017-04-20,09:19:37,500,TF1706,CCFX,98.58,98.555,98.615,274,270127600,19620,19596,99.805,97.445,98.625,98.67,0.0,98.61,0.0,0,0,2017-04-20,33577500,98.575,2,0,0,0,0,0,0,0,0,98.585,15,0,0,0,0,0,0,0,0
328,2017-04-20,09:19:41,0,TF1706,CCFX,98.58,98.555,98.615,274,270127600,19620,19596,99.805,97.445,98.625,98.67,0.0,98.61,0.0,0,0,2017-04-20,33581000,98.575,2,0,0,0,0,0,0,0,0,98.585,15,0,0,0,0,0,0,0,0
329,2017-04-20,09:19:41,500,TF1706,CCFX,98.58,98.555,98.615,274,270127600,19620,19596,99.805,97.445,98.625,98.67,0.0,98.61,0.0,0,0,2017-04-20,33581500,98.58,3,0,0,0,0,0,0,0,0,98.585,15,0,0,0,0,0,0,0,0
330,2017-04-20,09:19:42,0,TF1706,CCFX,98.58,98.555,98.615,274,270127600,19620,19596,99.805,97.445,98.625,98.67,0.0,98.61,0.0,0,0,2017-04-20,33582000,98.575,2,0,0,0,0,0,0,0,0,98.585,15,0,0,0,0,0,0,0,0
331,2017-04-20,09:19:42,500,TF1706,CCFX,98.58,98.555,98.615,274,270127600,19620,19596,99.805,97.445,98.625,98.67,0.0,98.61,0.0,0,0,2017-04-20,33582500,98.58,3,0,0,0,0,0,0,0,0,98.585,15,0,0,0,0,0,0,0,0
332,2017-04-20,09:19:43,0,TF1706,CCFX,98.58,98.555,98.615,274,270127600,19620,19596,99.805,97.445,98.625,98.67,0.0,98.61,0.0,0,0,2017-04-20,33583000,98.575,1,0,0,0,0,0,0,0,0,98.585,15,0,0,0,0,0,0,0,0
333,2017-04-20,09:19:43,500,TF1706,CCFX,98.575,98.555,98.615,275,271113350,19620,19596,99.805,97.445,98.625,98.67,0.0,98.61,0.0,0,0,2017-04-20,33583500,98.57,11,0,0,0,0,0,0,0,0,98.575,1,0,0,0,0,0,0,0,0
334,2017-04-20,09:19:44,0,TF1706,CCFX,98.575,98.555,98.615,276,272099100,19620,19596,99.805,97.445,98.625,98.67,0.0,98.61,0.0,0,0,2017-04-20,33584000,98.575,7,0,0,0,0,0,0,0,0,98.58,5,0,0,0,0,0,0,0,0
335,2017-04-20,09:19:44,500,TF1706,CCFX,98.58,98.555,98.615,281,277028100,19623,19596,99.805,97.445,98.625,98.67,0.0,98.61,0.0,0,0,2017-04-20,33584500,98.575,5,0,0,0,0,0,0,0,0,98.585,15,0,0,0,0,0,0,0,0
336,2017-04-20,09:19:45,0,TF1706,CCFX,98.58,98.555,98.615,281,277028100,19623,19596,99.805,97.445,98.625,98.67,0.0,98.61,0.0,0,0,2017-04-20,33585000,98.58,1,0,0,0,0,0,0,0,0,98.585,15,0,0,0,0,0,0,0,0
337,2017-04-20,09:19:45,500,TF1706,CCFX,98.58,98.555,98.615,282,278013900,19623,19596,99.805,97.445,98.625,98.67,0.0,98.61,0.0,0,0,2017-04-20,33585500,98.575,3,0,0,0,0,0,0,0,0,98.58,3,0,0,0,0,0,0,0,0
338,2017-04-20,09:19:46,0,TF1706,CCFX,98.575,98.555,98.615,288,283928500,19625,19596,99.805,97.445,98.625,98.67,0.0,98.61,0.0,0,0,2017-04-20,33586000,98.57,13,0,0,0,0,0,0,0,0,98.585,15,0,0,0,0,0,0,0,0
339,2017-04-20,09:19:47,0,TF1706,CCFX,98.575,98.555,98.615,288,283928500,19625,19596,99.805,97.445,98.625,98.67,0.0,98.61,0.0,0,0,2017-04-20,33587000,98.57,13,0,0,0,0,0,0,0,0,98.58,2,0,0,0,0,0,0,0,0
340,2017-04-20,09:19:47,500,TF1706,CCFX,98.575,98.555,98.615,288,283928500,19625,19596,99.805,97.445,98.625,98.67,0.0,98.61,0.0,0,0,2017-04-20,33587500,98.57,11,0,0,0,0,0,0,0,0,98.58,4,0,0,0,0,0,0,0,0
341,2017-04-20,09:19:48,0,TF1706,CCFX,98.575,98.555,98.615,288,283928500,19625,19596,99.805,97.445,98.625,98.67,0.0,98.61,0.0,0,0,2017-04-20,33588000,98.57,13,0,0,0,0,0,0,0,0,98.58,2,0,0,0,0,0,0,0,0
342,2017-04-20,09:19:49,500,TF1706,CCFX,98.575,98.555,98.615,288,283928500,19625,19596,99.805,97.445,98.625,98.67,0.0,98.61,0.0,0,0,2017-04-20,33589500,98.57,15,0,0,0,0,0,0,0,0,98.58,2,0,0,0,0,0,0,0,0
343,2017-04-20,09:19:50,0,TF1706,CCFX,98.575,98.555,98.615,288,283928500,19625,19596,99.805,97.445,98.625,98.67,0.0,98.61,0.0,0,0,2017-04-20,33590000,98.57,13,0,0,0,0,0,0,0,0,98.58,2,0,0,0,0,0,0,0,0
344,2017-04-20,09:19:50,500,TF1706,CCFX,98.575,98.555,98.615,288,283928500,19625,19596,99.805,97.445,98.625,98.67,0.0,98.61,0.0,0,0,2017-04-20,33590500,98.57,12,0,0,0,0,0,0,0,0,98.58,2,0,0,0,0,0,0,0,0
345,2017-04-20,09:19:51,500,TF1706,CCFX,98.575,98.555,98.615,288,283928500,19625,19596,99.805,97.445,98.625,98.67,0.0,98.61,0.0,0,0,2017-04-20,33591500,98.57,10,0,0,0,0,0,0,0,0,98.58,2,0,0,0,0,0,0,0,0
346,2017-04-20,09:19:53,0,TF1706,CCFX,98.575,98.555,98.615,288,283928500,19625,19596,99.805,97.445,98.625,98.67,0.0,98.61,0.0,0,0,2017-04-20,33593000,98.57,12,0,0,0,0,0,0,0,0,98.58,2,0,0,0,0,0,0,0,0
347,2017-04-20,09:19:53,500,TF1706,CCFX,98.575,98.555,98.615,288,283928500,19625,19596,99.805,97.445,98.625,98.67,0.0,98.61,0.0,0,0,2017-04-20,33593500,98.575,4,0,0,0,0,0,0,0,0,98.58,2,0,0,0,0,0,0,0,0
348,2017-04-20,09:19:54,0,TF1706,CCFX,98.575,98.555,98.615,288,283928500,19625,19596,99.805,97.445,98.625,98.67,0.0,98.61,0.0,0,0,2017-04-20,33594000,98.575,1,0,0,0,0,0,0,0,0,98.58,1,0,0,0,0,0,0,0,0
349,2017-04-20,09:19:58,0,TF1706,CCFX,98.575,98.555,98.615,288,283928500,19625,19596,99.805,97.445,98.625,98.67,0.0,98.61,0.0,0,0,2017-04-20,33598000,98.575,1,0,0,0,0,0,0,0,0,98.58,1,0,0,0,0,0,0,0,0
350,2017-04-20,09:19:58,500,TF1706,CCFX,98.575,98.555,98.615,288,283928500,19625,19596,99.805,97.445,98.625,98.67,0.0,98.61,0.0,0,0,2017-04-20,33598500,98.575,3,0,0,0,0,0,0,0,0,98.58,2,0,0,0,0,0,0,0,0
351,2017-04-20,09:20:00,500,TF1706,CCFX,98.575,98.555,98.615,288,283928500,19625,19596,99.805,97.445,98.625,98.67,0.0,98.61,0.0,0,0,2017-04-20,33600500,98.575,3,0,0,0,0,0,0,0,0,98.58,3,0,0,0,0,0,0,0,0
352,2017-04-20,09:20:02,0,TF1706,CCFX,98.575,98.555,98.615,291,286885750,19626,19596,99.805,97.445,98.625,98.67,0.0,98.61,0.0,0,0,2017-04-20,33602000,98.57,10,0,0,0,0,0,0,0,0,98.58,4,0,0,0,0,0,0,0,0
353,2017-04-20,09:20:02,500,TF1706,CCFX,98.575,98.555,98.615,291,286885750,19626,19596,99.805,97.445,98.625,98.67,0.0,98.61,0.0,0,0,2017-04-20,33602500,98.57,11,0,0,0,0,0,0,0,0,98.58,4,0,0,0,0,0,0,0,0
354,2017-04-20,09:20:03,0,TF1706,CCFX,98.575,98.555,98.615,291,286885750,19626,19596,99.805,97.445,98.625,98.67,0.0,98.61,0.0,0,0,2017-04-20,33603000,98.57,11,0,0,0,0,0,0,0,0,98.58,4,0,0,0,0,0,0,0,0
355,2017-04-20,09:20:05,500,TF1706,CCFX,98.575,98.555,98.615,291,286885750,19626,19596,99.805,97.445,98.625,98.67,0.0,98.61,0.0,0,0,2017-04-20,33605500,98.57,11,0,0,0,0,0,0,0,0,98.58,4,0,0,0,0,0,0,0,0
356,2017-04-20,09:20:06,0,TF1706,CCFX,98.575,98.555,98.615,291,286885750,19626,19596,99.805,97.445,98.625,98.67,0.0,98.61,0.0,0,0,2017-04-20,33606000,98.57,11,0,0,0,0,0,0,0,0,98.58,4,0,0,0,0,0,0,0,0
357,2017-04-20,09:20:08,0,TF1706,CCFX,98.575,98.555,98.615,291,286885750,19626,19596,99.805,97.445,98.625,98.67,0.0,98.61,0.0,0,0,2017-04-20,33608000,98.57,12,0,0,0,0,0,0,0,0,98.58,4,0,0,0,0,0,0,0,0
358,2017-04-20,09:20:08,500,TF1706,CCFX,98.575,98.555,98.615,291,286885750,19626,19596,99.805,97.445,98.625,98.67,0.0,98.61,0.0,0,0,2017-04-20,33608500,98.57,11,0,0,0,0,0,0,0,0,98.58,4,0,0,0,0,0,0,0,0
359,2017-04-20,09:20:13,0,TF1706,CCFX,98.575,98.555,98.615,291,286885750,19626,19596,99.805,97.445,98.625,98.67,0.0,98.61,0.0,0,0,2017-04-20,33613000,98.57,13,0,0,0,0,0,0,0,0,98.58,4,0,0,0,0,0,0,0,0
360,2017-04-20,09:20:16,0,TF1706,CCFX,98.575,98.555,98.615,291,286885750,19626,19596,99.805,97.445,98.625,98.67,0.0,98.61,0.0,0,0,2017-04-20,33616000,98.57,23,0,0,0,0,0,0,0,0,98.58,4,0,0,0,0,0,0,0,0
361,2017-04-20,09:20:17,0,TF1706,CCFX,98.575,98.555,98.615,291,286885750,19626,19596,99.805,97.445,98.625,98.67,0.0,98.61,0.0,0,0,2017-04-20,33617000,98.57,23,0,0,0,0,0,0,0,0,98.58,4,0,0,0,0,0,0,0,0
362,2017-04-20,09:20:19,500,TF1706,CCFX,98.575,98.555,98.615,291,286885750,19626,19596,99.805,97.445,98.625,98.67,0.0,98.61,0.0,0,0,2017-04-20,33619500,98.57,23,0,0,0,0,0,0,0,0,98.58,4,0,0,0,0,0,0,0,0
363,2017-04-20,09:20:22,0,TF1706,CCFX,98.575,98.555,98.615,291,286885750,19626,19596,99.805,97.445,98.625,98.67,0.0,98.61,0.0,0,0,2017-04-20,33622000,98.57,23,0,0,0,0,0,0,0,0,98.58,4,0,0,0,0,0,0,0,0
364,2017-04-20,09:20:26,0,TF1706,CCFX,98.575,98.555,98.615,291,286885750,19626,19596,99.805,97.445,98.625,98.67,0.0,98.61,0.0,0,0,2017-04-20,33626000,98.57,33,0,0,0,0,0,0,0,0,98.58,4,0,0,0,0,0,0,0,0
365,2017-04-20,09:20:26,500,TF1706,CCFX,98.575,98.555,98.615,291,286885750,19626,19596,99.805,97.445,98.625,98.67,0.0,98.61,0.0,0,0,2017-04-20,33626500,98.57,35,0,0,0,0,0,0,0,0,98.58,4,0,0,0,0,0,0,0,0
366,2017-04-20,09:20:33,0,TF1706,CCFX,98.575,98.555,98.615,291,286885750,19626,19596,99.805,97.445,98.625,98.67,0.0,98.61,0.0,0,0,2017-04-20,33633000,98.57,35,0,0,0,0,0,0,0,0,98.58,4,0,0,0,0,0,0,0,0
367,2017-04-20,09:20:33,500,TF1706,CCFX,98.575,98.555,98.615,291,286885750,19626,19596,99.805,97.445,98.625,98.67,0.0,98.61,0.0,0,0,2017-04-20,33633500,98.57,35,0,0,0,0,0,0,0,0,98.58,4,0,0,0,0,0,0,0,0
368,2017-04-20,09:20:34,0,TF1706,CCFX,98.575,98.555,98.615,291,286885750,19626,19596,99.805,97.445,98.625,98.67,0.0,98.61,0.0,0,0,2017-04-20,33634000,98.57,35,0,0,0,0,0,0,0,0,98.58,4,0,0,0,0,0,0,0,0
369,2017-04-20,09:20:39,0,TF1706,CCFX,98.575,98.555,98.615,291,286885750,19626,19596,99.805,97.445,98.625,98.67,0.0,98.61,0.0,0,0,2017-04-20,33639000,98.57,34,0,0,0,0,0,0,0,0,98.58,4,0,0,0,0,0,0,0,0
370,2017-04-20,09:20:46,0,TF1706,CCFX,98.575,98.555,98.615,291,286885750,19626,19596,99.805,97.445,98.625,98.67,0.0,98.61,0.0,0,0,2017-04-20,33646000,98.57,34,0,0,0,0,0,0,0,0,98.58,4,0,0,0,0,0,0,0,0
371,2017-04-20,09:20:47,0,TF1706,CCFX,98.575,98.555,98.615,291,286885750,19626,19596,99.805,97.445,98.625,98.67,0.0,98.61,0.0,0,0,2017-04-20,33647000,98.57,34,0,0,0,0,0,0,0,0,98.58,4,0,0,0,0,0,0,0,0
372,2017-04-20,09:20:47,500,TF1706,CCFX,98.575,98.555,98.615,291,286885750,19626,19596,99.805,97.445,98.625,98.67,0.0,98.61,0.0,0,0,2017-04-20,33647500,98.57,35,0,0,0,0,0,0,0,0,98.58,4,0,0,0,0,0,0,0,0
373,2017-04-20,09:20:50,500,TF1706,CCFX,98.58,98.555,98.615,295,290828950,19628,19596,99.805,97.445,98.625,98.67,0.0,98.61,0.0,0,0,2017-04-20,33650500,98.575,3,0,0,0,0,0,0,0,0,98.585,15,0,0,0,0,0,0,0,0
374,2017-04-20,09:20:51,0,TF1706,CCFX,98.58,98.555,98.615,295,290828950,19628,19596,99.805,97.445,98.625,98.67,0.0,98.61,0.0,0,0,2017-04-20,33651000,98.58,1,0,0,0,0,0,0,0,0,98.585,15,0,0,0,0,0,0,0,0
375,2017-04-20,09:20:51,500,TF1706,CCFX,98.58,98.555,98.615,295,290828950,19628,19596,99.805,97.445,98.625,98.67,0.0,98.61,0.0,0,0,2017-04-20,33651500,98.58,2,0,0,0,0,0,0,0,0,98.585,15,0,0,0,0,0,0,0,0
376,2017-04-20,09:20:52,0,TF1706,CCFX,98.58,98.555,98.615,295,290828950,19628,19596,99.805,97.445,98.625,98.67,0.0,98.61,0.0,0,0,2017-04-20,33652000,98.58,3,0,0,0,0,0,0,0,0,98.585,15,0,0,0,0,0,0,0,0
377,2017-04-20,09:20:54,500,TF1706,CCFX,98.58,98.555,98.615,295,290828950,19628,19596,99.805,97.445,98.625,98.67,0.0,98.61,0.0,0,0,2017-04-20,33654500,98.58,4,0,0,0,0,0,0,0,0,98.585,14,0,0,0,0,0,0,0,0
378,2017-04-20,09:20:56,0,TF1706,CCFX,98.58,98.555,98.615,295,290828950,19628,19596,99.805,97.445,98.625,98.67,0.0,98.61,0.0,0,0,2017-04-20,33656000,98.58,5,0,0,0,0,0,0,0,0,98.585,14,0,0,0,0,0,0,0,0
379,2017-04-20,09:20:57,500,TF1706,CCFX,98.585,98.555,98.615,296,291814800,19627,19596,99.805,97.445,98.625,98.67,0.0,98.61,0.0,0,0,2017-04-20,33657500,98.58,5,0,0,0,0,0,0,0,0,98.585,13,0,0,0,0,0,0,0,0
380,2017-04-20,09:20:58,0,TF1706,CCFX,98.585,98.555,98.615,296,291814800,19627,19596,99.805,97.445,98.625,98.67,0.0,98.61,0.0,0,0,2017-04-20,33658000,98.58,4,0,0,0,0,0,0,0,0,98.585,13,0,0,0,0,0,0,0,0
381,2017-04-20,09:20:58,500,TF1706,CCFX,98.585,98.555,98.615,296,291814800,19627,19596,99.805,97.445,98.625,98.67,0.0,98.61,0.0,0,0,2017-04-20,33658500,98.58,4,0,0,0,0,0,0,0,0,98.585,13,0,0,0,0,0,0,0,0
382,2017-04-20,09:21:07,500,TF1706,CCFX,98.585,98.555,98.615,296,291814800,19627,19596,99.805,97.445,98.625,98.67,0.0,98.61,0.0,0,0,2017-04-20,33667500,98.58,4,0,0,0,0,0,0,0,0,98.585,13,0,0,0,0,0,0,0,0
383,2017-04-20,09:21:09,0,TF1706,CCFX,98.585,98.555,98.615,296,291814800,19627,19596,99.805,97.445,98.625,98.67,0.0,98.61,0.0,0,0,2017-04-20,33669000,98.58,5,0,0,0,0,0,0,0,0,98.585,13,0,0,0,0,0,0,0,0
384,2017-04-20,09:21:10,500,TF1706,CCFX,98.585,98.555,98.615,309,304630850,19627,19596,99.805,97.445,98.625,98.67,0.0,98.61,0.0,0,0,2017-04-20,33670500,98.585,7,0,0,0,0,0,0,0,0,98.59,1,0,0,0,0,0,0,0,0
385,2017-04-20,09:21:11,0,TF1706,CCFX,98.59,98.555,98.615,310,305616750,19628,19596,99.805,97.445,98.625,98.67,0.0,98.61,0.0,0,0,2017-04-20,33671000,98.59,3,0,0,0,0,0,0,0,0,98.6,11,0,0,0,0,0,0,0,0
386,2017-04-20,09:21:11,500,TF1706,CCFX,98.59,98.555,98.615,311,306602650,19629,19596,99.805,97.445,98.625,98.67,0.0,98.61,0.0,0,0,2017-04-20,33671500,98.585,7,0,0,0,0,0,0,0,0,98.59,6,0,0,0,0,0,0,0,0
387,2017-04-20,09:21:12,0,TF1706,CCFX,98.585,98.555,98.615,315,310546050,19633,19596,99.805,97.445,98.625,98.67,0.0,98.61,0.0,0,0,2017-04-20,33672000,98.585,4,0,0,0,0,0,0,0,0,98.59,6,0,0,0,0,0,0,0,0
388,2017-04-20,09:21:12,500,TF1706,CCFX,98.585,98.555,98.615,315,310546050,19633,19596,99.805,97.445,98.625,98.67,0.0,98.61,0.0,0,0,2017-04-20,33672500,98.585,4,0,0,0,0,0,0,0,0,98.59,2,0,0,0,0,0,0,0,0
389,2017-04-20,09:21:13,0,TF1706,CCFX,98.585,98.555,98.615,315,310546050,19633,19596,99.805,97.445,98.625,98.67,0.0,98.61,0.0,0,0,2017-04-20,33673000,98.585,5,0,0,0,0,0,0,0,0,98.59,2,0,0,0,0,0,0,0,0
390,2017-04-20,09:21:18,500,TF1706,CCFX,98.585,98.555,98.615,315,310546050,19633,19596,99.805,97.445,98.625,98.67,0.0,98.61,0.0,0,0,2017-04-20,33678500,98.585,5,0,0,0,0,0,0,0,0,98.59,2,0,0,0,0,0,0,0,0
391,2017-04-20,09:21:19,0,TF1706,CCFX,98.585,98.555,98.615,315,310546050,19633,19596,99.805,97.445,98.625,98.67,0.0,98.61,0.0,0,0,2017-04-20,33679000,98.585,5,0,0,0,0,0,0,0,0,98.59,2,0,0,0,0,0,0,0,0
392,2017-04-20,09:21:21,0,TF1706,CCFX,98.585,98.555,98.615,315,310546050,19633,19596,99.805,97.445,98.625,98.67,0.0,98.61,0.0,0,0,2017-04-20,33681000,98.585,5,0,0,0,0,0,0,0,0,98.59,2,0,0,0,0,0,0,0,0
393,2017-04-20,09:21:21,500,TF1706,CCFX,98.585,98.555,98.615,315,310546050,19633,19596,99.805,97.445,98.625,98.67,0.0,98.61,0.0,0,0,2017-04-20,33681500,98.585,5,0,0,0,0,0,0,0,0,98.59,2,0,0,0,0,0,0,0,0
394,2017-04-20,09:21:24,0,TF1706,CCFX,98.585,98.555,98.615,315,310546050,19633,19596,99.805,97.445,98.625,98.67,0.0,98.61,0.0,0,0,2017-04-20,33684000,98.585,5,0,0,0,0,0,0,0,0,98.59,2,0,0,0,0,0,0,0,0
395,2017-04-20,09:21:24,500,TF1706,CCFX,98.585,98.555,98.615,315,310546050,19633,19596,99.805,97.445,98.625,98.67,0.0,98.61,0.0,0,0,2017-04-20,33684500,98.585,5,0,0,0,0,0,0,0,0,98.59,2,0,0,0,0,0,0,0,0
396,2017-04-20,09:21:29,0,TF1706,CCFX,98.585,98.555,98.615,315,310546050,19633,19596,99.805,97.445,98.625,98.67,0.0,98.61,0.0,0,0,2017-04-20,33689000,98.585,5,0,0,0,0,0,0,0,0,98.59,2,0,0,0,0,0,0,0,0
397,2017-04-20,09:21:31,0,TF1706,CCFX,98.585,98.555,98.615,315,310546050,19633,19596,99.805,97.445,98.625,98.67,0.0,98.61,0.0,0,0,2017-04-20,33691000,98.585,5,0,0,0,0,0,0,0,0,98.59,2,0,0,0,0,0,0,0,0
398,2017-04-20,09:21:31,500,TF1706,CCFX,98.585,98.555,98.615,316,311531900,19633,19596,99.805,97.445,98.625,98.67,0.0,98.61,0.0,0,0,2017-04-20,33691500,98.585,4,0,0,0,0,0,0,0,0,98.59,2,0,0,0,0,0,0,0,0
399,2017-04-20,09:21:35,500,TF1706,CCFX,98.585,98.555,98.615,316,311531900,19633,19596,99.805,97.445,98.625,98.67,0.0,98.61,0.0,0,0,2017-04-20,33695500,98.585,4,0,0,0,0,0,0,0,0,98.59,2,0,0,0,0,0,0,0,0
400,2017-04-20,09:21:37,0,TF1706,CCFX,98.585,98.555,98.615,316,311531900,19633,19596,99.805,97.445,98.625,98.67,0.0,98.61,0.0,0,0,2017-04-20,33697000,98.585,4,0,0,0,0,0,0,0,0,98.59,3,0,0,0,0,0,0,0,0
401,2017-04-20,09:21:38,500,TF1706,CCFX,98.585,98.555,98.615,316,311531900,19633,19596,99.805,97.445,98.625,98.67,0.0,98.61,0.0,0,0,2017-04-20,33698500,98.585,4,0,0,0,0,0,0,0,0,98.59,3,0,0,0,0,0,0,0,0
402,2017-04-20,09:21:39,500,TF1706,CCFX,98.585,98.555,98.615,316,311531900,19633,19596,99.805,97.445,98.625,98.67,0.0,98.61,0.0,0,0,2017-04-20,33699500,98.585,5,0,0,0,0,0,0,0,0,98.59,3,0,0,0,0,0,0,0,0
403,2017-04-20,09:21:40,0,TF1706,CCFX,98.585,98.555,98.615,316,311531900,19633,19596,99.805,97.445,98.625,98.67,0.0,98.61,0.0,0,0,2017-04-20,33700000,98.585,4,0,0,0,0,0,0,0,0,98.59,3,0,0,0,0,0,0,0,0
404,2017-04-20,09:21:45,0,TF1706,CCFX,98.585,98.555,98.615,316,311531900,19633,19596,99.805,97.445,98.625,98.67,0.0,98.61,0.0,0,0,2017-04-20,33705000,98.585,4,0,0,0,0,0,0,0,0,98.59,3,0,0,0,0,0,0,0,0
405,2017-04-20,09:21:53,500,TF1706,CCFX,98.585,98.555,98.615,319,314489450,19632,19596,99.805,97.445,98.625,98.67,0.0,98.61,0.0,0,0,2017-04-20,33713500,98.585,1,0,0,0,0,0,0,0,0,98.59,3,0,0,0,0,0,0,0,0
406,2017-04-20,09:21:54,0,TF1706,CCFX,98.585,98.555,98.615,320,315475300,19632,19596,99.805,97.445,98.625,98.67,0.0,98.61,0.0,0,0,2017-04-20,33714000,98.58,3,0,0,0,0,0,0,0,0,98.59,2,0,0,0,0,0,0,0,0
407,2017-04-20,09:21:54,500,TF1706,CCFX,98.585,98.555,98.615,320,315475300,19632,19596,99.805,97.445,98.625,98.67,0.0,98.61,0.0,0,0,2017-04-20,33714500,98.58,3,0,0,0,0,0,0,0,0,98.59,2,0,0,0,0,0,0,0,0
408,2017-04-20,09:21:55,0,TF1706,CCFX,98.585,98.555,98.615,320,315475300,19632,19596,99.805,97.445,98.625,98.67,0.0,98.61,0.0,0,0,2017-04-20,33715000,98.58,3,0,0,0,0,0,0,0,0,98.59,3,0,0,0,0,0,0,0,0
409,2017-04-20,09:21:58,0,TF1706,CCFX,98.585,98.555,98.615,320,315475300,19632,19596,99.805,97.445,98.625,98.67,0.0,98.61,0.0,0,0,2017-04-20,33718000,98.58,3,0,0,0,0,0,0,0,0,98.59,3,0,0,0,0,0,0,0,0
410,2017-04-20,09:21:58,500,TF1706,CCFX,98.585,98.555,98.615,320,315475300,19632,19596,99.805,97.445,98.625,98.67,0.0,98.61,0.0,0,0,2017-04-20,33718500,98.58,3,0,0,0,0,0,0,0,0,98.59,4,0,0,0,0,0,0,0,0
411,2017-04-20,09:21:59,0,TF1706,CCFX,98.58,98.555,98.615,323,318432700,19632,19596,99.805,97.445,98.625,98.67,0.0,98.61,0.0,0,0,2017-04-20,33719000,98.575,8,0,0,0,0,0,0,0,0,98.58,1,0,0,0,0,0,0,0,0
412,2017-04-20,09:21:59,500,TF1706,CCFX,98.58,98.555,98.615,323,318432700,19632,19596,99.805,97.445,98.625,98.67,0.0,98.61,0.0,0,0,2017-04-20,33719500,98.575,8,0,0,0,0,0,0,0,0,98.58,1,0,0,0,0,0,0,0,0
413,2017-04-20,09:22:00,0,TF1706,CCFX,98.58,98.555,98.615,324,319418500,19632,19596,99.805,97.445,98.625,98.67,0.0,98.61,0.0,0,0,2017-04-20,33720000,98.58,4,0,0,0,0,0,0,0,0,98.585,1,0,0,0,0,0,0,0,0
414,2017-04-20,09:22:00,500,TF1706,CCFX,98.58,98.555,98.615,324,319418500,19632,19596,99.805,97.445,98.625,98.67,0.0,98.61,0.0,0,0,2017-04-20,33720500,98.575,9,0,0,0,0,0,0,0,0,98.585,2,0,0,0,0,0,0,0,0
415,2017-04-20,09:22:01,0,TF1706,CCFX,98.58,98.555,98.615,324,319418500,19632,19596,99.805,97.445,98.625,98.67,0.0,98.61,0.0,0,0,2017-04-20,33721000,98.575,8,0,0,0,0,0,0,0,0,98.585,2,0,0,0,0,0,0,0,0
416,2017-04-20,09:22:02,500,TF1706,CCFX,98.58,98.555,98.615,324,319418500,19632,19596,99.805,97.445,98.625,98.67,0.0,98.61,0.0,0,0,2017-04-20,33722500,98.575,10,0,0,0,0,0,0,0,0,98.585,2,0,0,0,0,0,0,0,0
417,2017-04-20,09:22:03,0,TF1706,CCFX,98.585,98.555,98.615,326,321390200,19630,19596,99.805,97.445,98.625,98.67,0.0,98.61,0.0,0,0,2017-04-20,33723000,98.585,4,0,0,0,0,0,0,0,0,98.59,1,0,0,0,0,0,0,0,0
418,2017-04-20,09:22:03,500,TF1706,CCFX,98.585,98.555,98.615,326,321390200,19630,19596,99.805,97.445,98.625,98.67,0.0,98.61,0.0,0,0,2017-04-20,33723500,98.585,1,0,0,0,0,0,0,0,0,98.59,1,0,0,0,0,0,0,0,0
419,2017-04-20,09:22:04,0,TF1706,CCFX,98.585,98.555,98.615,326,321390200,19630,19596,99.805,97.445,98.625,98.67,0.0,98.61,0.0,0,0,2017-04-20,33724000,98.585,2,0,0,0,0,0,0,0,0,98.59,1,0,0,0,0,0,0,0,0
420,2017-04-20,09:22:09,0,TF1706,CCFX,98.585,98.555,98.615,326,321390200,19630,19596,99.805,97.445,98.625,98.67,0.0,98.61,0.0,0,0,2017-04-20,33729000,98.585,2,0,0,0,0,0,0,0,0,98.59,1,0,0,0,0,0,0,0,0
421,2017-04-20,09:22:10,500,TF1706,CCFX,98.585,98.555,98.615,326,321390200,19630,19596,99.805,97.445,98.625,98.67,0.0,98.61,0.0,0,0,2017-04-20,33730500,98.585,2,0,0,0,0,0,0,0,0,98.59,1,0,0,0,0,0,0,0,0
422,2017-04-20,09:22:17,500,TF1706,CCFX,98.585,98.555,98.615,326,321390200,19630,19596,99.805,97.445,98.625,98.67,0.0,98.61,0.0,0,0,2017-04-20,33737500,98.585,2,0,0,0,0,0,0,0,0,98.59,1,0,0,0,0,0,0,0,0
423,2017-04-20,09:22:18,0,TF1706,CCFX,98.585,98.555,98.615,326,321390200,19630,19596,99.805,97.445,98.625,98.67,0.0,98.61,0.0,0,0,2017-04-20,33738000,98.585,2,0,0,0,0,0,0,0,0,98.59,1,0,0,0,0,0,0,0,0
424,2017-04-20,09:22:20,0,TF1706,CCFX,98.585,98.555,98.615,326,321390200,19630,19596,99.805,97.445,98.625,98.67,0.0,98.61,0.0,0,0,2017-04-20,33740000,98.585,2,0,0,0,0,0,0,0,0,98.59,1,0,0,0,0,0,0,0,0
425,2017-04-20,09:22:21,0,TF1706,CCFX,98.585,98.555,98.615,326,321390200,19630,19596,99.805,97.445,98.625,98.67,0.0,98.61,0.0,0,0,2017-04-20,33741000,98.585,2,0,0,0,0,0,0,0,0,98.59,1,0,0,0,0,0,0,0,0
426,2017-04-20,09:22:21,500,TF1706,CCFX,98.585,98.555,98.615,327,322376050,19629,19596,99.805,97.445,98.625,98.67,0.0,98.61,0.0,0,0,2017-04-20,33741500,98.585,1,0,0,0,0,0,0,0,0,98.59,1,0,0,0,0,0,0,0,0
427,2017-04-20,09:22:24,0,TF1706,CCFX,98.585,98.555,98.615,327,322376050,19629,19596,99.805,97.445,98.625,98.67,0.0,98.61,0.0,0,0,2017-04-20,33744000,98.585,2,0,0,0,0,0,0,0,0,98.59,1,0,0,0,0,0,0,0,0
428,2017-04-20,09:22:24,500,TF1706,CCFX,98.59,98.555,98.615,328,323361950,19629,19596,99.805,97.445,98.625,98.67,0.0,98.61,0.0,0,0,2017-04-20,33744500,98.585,2,0,0,0,0,0,0,0,0,98.595,2,0,0,0,0,0,0,0,0
429,2017-04-20,09:22:25,0,TF1706,CCFX,98.59,98.555,98.615,328,323361950,19629,19596,99.805,97.445,98.625,98.67,0.0,98.61,0.0,0,0,2017-04-20,33745000,98.585,2,0,0,0,0,0,0,0,0,98.595,2,0,0,0,0,0,0,0,0
430,2017-04-20,09:22:29,0,TF1706,CCFX,98.59,98.555,98.615,328,323361950,19629,19596,99.805,97.445,98.625,98.67,0.0,98.61,0.0,0,0,2017-04-20,33749000,98.585,2,0,0,0,0,0,0,0,0,98.595,2,0,0,0,0,0,0,0,0
431,2017-04-20,09:22:30,500,TF1706,CCFX,98.59,98.555,98.615,328,323361950,19629,19596,99.805,97.445,98.625,98.67,0.0,98.61,0.0,0,0,2017-04-20,33750500,98.585,2,0,0,0,0,0,0,0,0,98.595,3,0,0,0,0,0,0,0,0
432,2017-04-20,09:22:31,500,TF1706,CCFX,98.59,98.555,98.615,328,323361950,19629,19596,99.805,97.445,98.625,98.67,0.0,98.61,0.0,0,0,2017-04-20,33751500,98.585,2,0,0,0,0,0,0,0,0,98.595,3,0,0,0,0,0,0,0,0
433,2017-04-20,09:22:32,0,TF1706,CCFX,98.59,98.555,98.615,328,323361950,19629,19596,99.805,97.445,98.625,98.67,0.0,98.61,0.0,0,0,2017-04-20,33752000,98.585,2,0,0,0,0,0,0,0,0,98.595,3,0,0,0,0,0,0,0,0
434,2017-04-20,09:22:33,500,TF1706,CCFX,98.59,98.555,98.615,328,323361950,19629,19596,99.805,97.445,98.625,98.67,0.0,98.61,0.0,0,0,2017-04-20,33753500,98.585,2,0,0,0,0,0,0,0,0,98.595,3,0,0,0,0,0,0,0,0
435,2017-04-20,09:22:38,500,TF1706,CCFX,98.59,98.555,98.615,328,323361950,19629,19596,99.805,97.445,98.625,98.67,0.0,98.61,0.0,0,0,2017-04-20,33758500,98.585,2,0,0,0,0,0,0,0,0,98.595,3,0,0,0,0,0,0,0,0
436,2017-04-20,09:22:44,0,TF1706,CCFX,98.59,98.555,98.615,328,323361950,19629,19596,99.805,97.445,98.625,98.67,0.0,98.61,0.0,0,0,2017-04-20,33764000,98.585,3,0,0,0,0,0,0,0,0,98.595,3,0,0,0,0,0,0,0,0
437,2017-04-20,09:22:45,500,TF1706,CCFX,98.59,98.555,98.615,328,323361950,19629,19596,99.805,97.445,98.625,98.67,0.0,98.61,0.0,0,0,2017-04-20,33765500,98.585,3,0,0,0,0,0,0,0,0,98.595,3,0,0,0,0,0,0,0,0
438,2017-04-20,09:22:54,0,TF1706,CCFX,98.59,98.555,98.615,328,323361950,19629,19596,99.805,97.445,98.625,98.67,0.0,98.61,0.0,0,0,2017-04-20,33774000,98.585,3,0,0,0,0,0,0,0,0,98.595,3,0,0,0,0,0,0,0,0
439,2017-04-20,09:23:00,500,TF1706,CCFX,98.59,98.555,98.615,328,323361950,19629,19596,99.805,97.445,98.625,98.67,0.0,98.61,0.0,0,0,2017-04-20,33780500,98.585,3,0,0,0,0,0,0,0,0,98.595,3,0,0,0,0,0,0,0,0
440,2017-04-20,09:23:04,0,TF1706,CCFX,98.59,98.555,98.615,328,323361950,19629,19596,99.805,97.445,98.625,98.67,0.0,98.61,0.0,0,0,2017-04-20,33784000,98.585,3,0,0,0,0,0,0,0,0,98.595,3,0,0,0,0,0,0,0,0
441,2017-04-20,09:23:09,0,TF1706,CCFX,98.59,98.555,98.615,328,323361950,19629,19596,99.805,97.445,98.625,98.67,0.0,98.61,0.0,0,0,2017-04-20,33789000,98.585,3,0,0,0,0,0,0,0,0,98.595,3,0,0,0,0,0,0,0,0
442,2017-04-20,09:23:18,500,TF1706,CCFX,98.59,98.555,98.615,328,323361950,19629,19596,99.805,97.445,98.625,98.67,0.0,98.61,0.0,0,0,2017-04-20,33798500,98.585,3,0,0,0,0,0,0,0,0,98.595,3,0,0,0,0,0,0,0,0
443,2017-04-20,09:23:19,0,TF1706,CCFX,98.595,98.555,98.615,329,324347900,19629,19596,99.805,97.445,98.625,98.67,0.0,98.61,0.0,0,0,2017-04-20,33799000,98.585,3,0,0,0,0,0,0,0,0,98.595,2,0,0,0,0,0,0,0,0
444,2017-04-20,09:23:19,500,TF1706,CCFX,98.595,98.555,98.615,329,324347900,19629,19596,99.805,97.445,98.625,98.67,0.0,98.61,0.0,0,0,2017-04-20,33799500,98.585,3,0,0,0,0,0,0,0,0,98.595,2,0,0,0,0,0,0,0,0
445,2017-04-20,09:23:23,0,TF1706,CCFX,98.595,98.555,98.615,329,324347900,19629,19596,99.805,97.445,98.625,98.67,0.0,98.61,0.0,0,0,2017-04-20,33803000,98.585,3,0,0,0,0,0,0,0,0,98.595,2,0,0,0,0,0,0,0,0
446,2017-04-20,09:23:24,500,TF1706,CCFX,98.595,98.555,98.615,329,324347900,19629,19596,99.805,97.445,98.625,98.67,0.0,98.61,0.0,0,0,2017-04-20,33804500,98.585,3,0,0,0,0,0,0,0,0,98.595,2,0,0,0,0,0,0,0,0
447,2017-04-20,09:23:28,500,TF1706,CCFX,98.595,98.555,98.615,329,324347900,19629,19596,99.805,97.445,98.625,98.67,0.0,98.61,0.0,0,0,2017-04-20,33808500,98.585,3,0,0,0,0,0,0,0,0,98.59,2,0,0,0,0,0,0,0,0
448,2017-04-20,09:23:29,0,TF1706,CCFX,98.595,98.555,98.615,329,324347900,19629,19596,99.805,97.445,98.625,98.67,0.0,98.61,0.0,0,0,2017-04-20,33809000,98.585,3,0,0,0,0,0,0,0,0,98.595,6,0,0,0,0,0,0,0,0
449,2017-04-20,09:23:30,500,TF1706,CCFX,98.595,98.555,98.615,329,324347900,19629,19596,99.805,97.445,98.625,98.67,0.0,98.61,0.0,0,0,2017-04-20,33810500,98.585,4,0,0,0,0,0,0,0,0,98.595,6,0,0,0,0,0,0,0,0
450,2017-04-20,09:23:31,0,TF1706,CCFX,98.595,98.555,98.615,329,324347900,19629,19596,99.805,97.445,98.625,98.67,0.0,98.61,0.0,0,0,2017-04-20,33811000,98.585,4,0,0,0,0,0,0,0,0,98.595,2,0,0,0,0,0,0,0,0
451,2017-04-20,09:23:32,500,TF1706,CCFX,98.595,98.555,98.615,329,324347900,19629,19596,99.805,97.445,98.625,98.67,0.0,98.61,0.0,0,0,2017-04-20,33812500,98.585,4,0,0,0,0,0,0,0,0,98.595,2,0,0,0,0,0,0,0,0
452,2017-04-20,09:23:40,0,TF1706,CCFX,98.595,98.555,98.615,329,324347900,19629,19596,99.805,97.445,98.625,98.67,0.0,98.61,0.0,0,0,2017-04-20,33820000,98.585,4,0,0,0,0,0,0,0,0,98.595,2,0,0,0,0,0,0,0,0
453,2017-04-20,09:23:40,500,TF1706,CCFX,98.595,98.555,98.615,329,324347900,19629,19596,99.805,97.445,98.625,98.67,0.0,98.61,0.0,0,0,2017-04-20,33820500,98.585,4,0,0,0,0,0,0,0,0,98.595,2,0,0,0,0,0,0,0,0
454,2017-04-20,09:23:42,0,TF1706,CCFX,98.595,98.555,98.615,329,324347900,19629,19596,99.805,97.445,98.625,98.67,0.0,98.61,0.0,0,0,2017-04-20,33822000,98.585,4,0,0,0,0,0,0,0,0,98.595,2,0,0,0,0,0,0,0,0
455,2017-04-20,09:23:43,500,TF1706,CCFX,98.595,98.555,98.615,329,324347900,19629,19596,99.805,97.445,98.625,98.67,0.0,98.61,0.0,0,0,2017-04-20,33823500,98.585,4,0,0,0,0,0,0,0,0,98.59,2,0,0,0,0,0,0,0,0
456,2017-04-20,09:23:44,500,TF1706,CCFX,98.585,98.555,98.615,332,327305450,19629,19596,99.805,97.445,98.625,98.67,0.0,98.61,0.0,0,0,2017-04-20,33824500,98.585,1,0,0,0,0,0,0,0,0,98.59,3,0,0,0,0,0,0,0,0
457,2017-04-20,09:23:45,0,TF1706,CCFX,98.585,98.555,98.615,333,328291300,19630,19596,99.805,97.445,98.625,98.67,0.0,98.61,0.0,0,0,2017-04-20,33825000,98.58,3,0,0,0,0,0,0,0,0,98.585,7,0,0,0,0,0,0,0,0
458,2017-04-20,09:23:45,500,TF1706,CCFX,98.585,98.555,98.615,340,335192250,19628,19596,99.805,97.445,98.625,98.67,0.0,98.61,0.0,0,0,2017-04-20,33825500,98.58,3,0,0,0,0,0,0,0,0,98.59,4,0,0,0,0,0,0,0,0
459,2017-04-20,09:23:46,0,TF1706,CCFX,98.585,98.555,98.615,340,335192250,19628,19596,99.805,97.445,98.625,98.67,0.0,98.61,0.0,0,0,2017-04-20,33826000,98.58,3,0,0,0,0,0,0,0,0,98.59,2,0,0,0,0,0,0,0,0
460,2017-04-20,09:23:46,500,TF1706,CCFX,98.585,98.555,98.615,340,335192250,19628,19596,99.805,97.445,98.625,98.67,0.0,98.61,0.0,0,0,2017-04-20,33826500,98.58,5,0,0,0,0,0,0,0,0,98.59,2,0,0,0,0,0,0,0,0
461,2017-04-20,09:23:50,0,TF1706,CCFX,98.585,98.555,98.615,340,335192250,19628,19596,99.805,97.445,98.625,98.67,0.0,98.61,0.0,0,0,2017-04-20,33830000,98.58,7,0,0,0,0,0,0,0,0,98.59,2,0,0,0,0,0,0,0,0
462,2017-04-20,09:23:56,0,TF1706,CCFX,98.585,98.555,98.615,340,335192250,19628,19596,99.805,97.445,98.625,98.67,0.0,98.61,0.0,0,0,2017-04-20,33836000,98.58,4,0,0,0,0,0,0,0,0,98.59,2,0,0,0,0,0,0,0,0
463,2017-04-20,09:23:58,0,TF1706,CCFX,98.585,98.555,98.615,340,335192250,19628,19596,99.805,97.445,98.625,98.67,0.0,98.61,0.0,0,0,2017-04-20,33838000,98.58,4,0,0,0,0,0,0,0,0,98.59,2,0,0,0,0,0,0,0,0
464,2017-04-20,09:23:58,500,TF1706,CCFX,98.585,98.555,98.615,340,335192250,19628,19596,99.805,97.445,98.625,98.67,0.0,98.61,0.0,0,0,2017-04-20,33838500,98.58,4,0,0,0,0,0,0,0,0,98.59,2,0,0,0,0,0,0,0,0
465,2017-04-20,09:23:59,500,TF1706,CCFX,98.585,98.555,98.615,340,335192250,19628,19596,99.805,97.445,98.625,98.67,0.0,98.61,0.0,0,0,2017-04-20,33839500,98.58,7,0,0,0,0,0,0,0,0,98.59,2,0,0,0,0,0,0,0,0
466,2017-04-20,09:24:00,0,TF1706,CCFX,98.585,98.555,98.615,340,335192250,19628,19596,99.805,97.445,98.625,98.67,0.0,98.61,0.0,0,0,2017-04-20,33840000,98.585,1,0,0,0,0,0,0,0,0,98.59,2,0,0,0,0,0,0,0,0
467,2017-04-20,09:24:00,500,TF1706,CCFX,98.585,98.555,98.615,340,335192250,19628,19596,99.805,97.445,98.625,98.67,0.0,98.61,0.0,0,0,2017-04-20,33840500,98.585,3,0,0,0,0,0,0,0,0,98.59,2,0,0,0,0,0,0,0,0
468,2017-04-20,09:24:01,0,TF1706,CCFX,98.585,98.555,98.615,340,335192250,19628,19596,99.805,97.445,98.625,98.67,0.0,98.61,0.0,0,0,2017-04-20,33841000,98.585,3,0,0,0,0,0,0,0,0,98.59,3,0,0,0,0,0,0,0,0
469,2017-04-20,09:24:05,0,TF1706,CCFX,98.585,98.555,98.615,340,335192250,19628,19596,99.805,97.445,98.625,98.67,0.0,98.61,0.0,0,0,2017-04-20,33845000,98.585,3,0,0,0,0,0,0,0,0,98.59,3,0,0,0,0,0,0,0,0
470,2017-04-20,09:24:06,500,TF1706,CCFX,98.585,98.555,98.615,340,335192250,19628,19596,99.805,97.445,98.625,98.67,0.0,98.61,0.0,0,0,2017-04-20,33846500,98.585,3,0,0,0,0,0,0,0,0,98.59,2,0,0,0,0,0,0,0,0
471,2017-04-20,09:24:09,0,TF1706,CCFX,98.585,98.555,98.615,340,335192250,19628,19596,99.805,97.445,98.625,98.67,0.0,98.61,0.0,0,0,2017-04-20,33849000,98.585,3,0,0,0,0,0,0,0,0,98.59,2,0,0,0,0,0,0,0,0
472,2017-04-20,09:24:09,500,TF1706,CCFX,98.585,98.555,98.615,340,335192250,19628,19596,99.805,97.445,98.625,98.67,0.0,98.61,0.0,0,0,2017-04-20,33849500,98.585,3,0,0,0,0,0,0,0,0,98.59,2,0,0,0,0,0,0,0,0
473,2017-04-20,09:24:10,0,TF1706,CCFX,98.585,98.555,98.615,340,335192250,19628,19596,99.805,97.445,98.625,98.67,0.0,98.61,0.0,0,0,2017-04-20,33850000,98.585,2,0,0,0,0,0,0,0,0,98.59,2,0,0,0,0,0,0,0,0
474,2017-04-20,09:24:22,0,TF1706,CCFX,98.585,98.555,98.615,340,335192250,19628,19596,99.805,97.445,98.625,98.67,0.0,98.61,0.0,0,0,2017-04-20,33862000,98.585,2,0,0,0,0,0,0,0,0,98.59,2,0,0,0,0,0,0,0,0
475,2017-04-20,09:24:24,0,TF1706,CCFX,98.59,98.555,98.615,342,337164050,19628,19596,99.805,97.445,98.625,98.67,0.0,98.61,0.0,0,0,2017-04-20,33864000,98.585,4,0,0,0,0,0,0,0,0,98.595,2,0,0,0,0,0,0,0,0
476,2017-04-20,09:24:24,500,TF1706,CCFX,98.59,98.555,98.615,342,337164050,19628,19596,99.805,97.445,98.625,98.67,0.0,98.61,0.0,0,0,2017-04-20,33864500,98.585,2,0,0,0,0,0,0,0,0,98.595,2,0,0,0,0,0,0,0,0
477,2017-04-20,09:24:30,500,TF1706,CCFX,98.59,98.555,98.615,342,337164050,19628,19596,99.805,97.445,98.625,98.67,0.0,98.61,0.0,0,0,2017-04-20,33870500,98.585,4,0,0,0,0,0,0,0,0,98.595,2,0,0,0,0,0,0,0,0
478,2017-04-20,09:24:35,0,TF1706,CCFX,98.59,98.555,98.615,342,337164050,19628,19596,99.805,97.445,98.625,98.67,0.0,98.61,0.0,0,0,2017-04-20,33875000,98.585,2,0,0,0,0,0,0,0,0,98.595,2,0,0,0,0,0,0,0,0
479,2017-04-20,09:24:35,500,TF1706,CCFX,98.59,98.555,98.615,342,337164050,19628,19596,99.805,97.445,98.625,98.67,0.0,98.61,0.0,0,0,2017-04-20,33875500,98.585,4,0,0,0,0,0,0,0,0,98.595,2,0,0,0,0,0,0,0,0
480,2017-04-20,09:24:36,500,TF1706,CCFX,98.59,98.555,98.615,342,337164050,19628,19596,99.805,97.445,98.625,98.67,0.0,98.61,0.0,0,0,2017-04-20,33876500,98.585,9,0,0,0,0,0,0,0,0,98.595,2,0,0,0,0,0,0,0,0
481,2017-04-20,09:24:39,0,TF1706,CCFX,98.59,98.555,98.615,342,337164050,19628,19596,99.805,97.445,98.625,98.67,0.0,98.61,0.0,0,0,2017-04-20,33879000,98.585,10,0,0,0,0,0,0,0,0,98.595,2,0,0,0,0,0,0,0,0
482,2017-04-20,09:24:43,0,TF1706,CCFX,98.59,98.555,98.615,342,337164050,19628,19596,99.805,97.445,98.625,98.67,0.0,98.61,0.0,0,0,2017-04-20,33883000,98.59,2,0,0,0,0,0,0,0,0,98.595,2,0,0,0,0,0,0,0,0
483,2017-04-20,09:24:43,500,TF1706,CCFX,98.595,98.555,98.615,344,339135950,19629,19596,99.805,97.445,98.625,98.67,0.0,98.61,0.0,0,0,2017-04-20,33883500,98.595,2,0,0,0,0,0,0,0,0,98.6,2,0,0,0,0,0,0,0,0
484,2017-04-20,09:24:44,0,TF1706,CCFX,98.595,98.555,98.615,344,339135950,19629,19596,99.805,97.445,98.625,98.67,0.0,98.61,0.0,0,0,2017-04-20,33884000,98.595,3,0,0,0,0,0,0,0,0,98.6,2,0,0,0,0,0,0,0,0
485,2017-04-20,09:24:48,0,TF1706,CCFX,98.595,98.555,98.615,344,339135950,19629,19596,99.805,97.445,98.625,98.67,0.0,98.61,0.0,0,0,2017-04-20,33888000,98.595,3,0,0,0,0,0,0,0,0,98.6,2,0,0,0,0,0,0,0,0
486,2017-04-20,09:24:49,0,TF1706,CCFX,98.595,98.555,98.615,344,339135950,19629,19596,99.805,97.445,98.625,98.67,0.0,98.61,0.0,0,0,2017-04-20,33889000,98.595,4,0,0,0,0,0,0,0,0,98.6,2,0,0,0,0,0,0,0,0
487,2017-04-20,09:24:49,500,TF1706,CCFX,98.595,98.555,98.615,344,339135950,19629,19596,99.805,97.445,98.625,98.67,0.0,98.61,0.0,0,0,2017-04-20,33889500,98.595,4,0,0,0,0,0,0,0,0,98.6,2,0,0,0,0,0,0,0,0
488,2017-04-20,09:24:52,0,TF1706,CCFX,98.6,98.555,98.615,345,340121950,19629,19596,99.805,97.445,98.625,98.67,0.0,98.61,0.0,0,0,2017-04-20,33892000,98.595,4,0,0,0,0,0,0,0,0,98.6,1,0,0,0,0,0,0,0,0
489,2017-04-20,09:24:53,500,TF1706,CCFX,98.6,98.555,98.615,345,340121950,19629,19596,99.805,97.445,98.625,98.67,0.0,98.61,0.0,0,0,2017-04-20,33893500,98.595,2,0,0,0,0,0,0,0,0,98.6,1,0,0,0,0,0,0,0,0
490,2017-04-20,09:24:54,500,TF1706,CCFX,98.6,98.555,98.615,345,340121950,19629,19596,99.805,97.445,98.625,98.67,0.0,98.61,0.0,0,0,2017-04-20,33894500,98.595,2,0,0,0,0,0,0,0,0,98.6,1,0,0,0,0,0,0,0,0
491,2017-04-20,09:24:57,0,TF1706,CCFX,98.6,98.555,98.615,345,340121950,19629,19596,99.805,97.445,98.625,98.67,0.0,98.61,0.0,0,0,2017-04-20,33897000,98.595,2,0,0,0,0,0,0,0,0,98.6,1,0,0,0,0,0,0,0,0
492,2017-04-20,09:24:57,500,TF1706,CCFX,98.6,98.555,98.615,345,340121950,19629,19596,99.805,97.445,98.625,98.67,0.0,98.61,0.0,0,0,2017-04-20,33897500,98.595,3,0,0,0,0,0,0,0,0,98.6,1,0,0,0,0,0,0,0,0
493,2017-04-20,09:24:59,0,TF1706,CCFX,98.595,98.555,98.615,346,341107900,19630,19596,99.805,97.445,98.625,98.67,0.0,98.61,0.0,0,0,2017-04-20,33899000,98.595,2,0,0,0,0,0,0,0,0,98.6,1,0,0,0,0,0,0,0,0
494,2017-04-20,09:24:59,500,TF1706,CCFX,98.595,98.555,98.615,346,341107900,19630,19596,99.805,97.445,98.625,98.67,0.0,98.61,0.0,0,0,2017-04-20,33899500,98.595,3,0,0,0,0,0,0,0,0,98.6,1,0,0,0,0,0,0,0,0
495,2017-04-20,09:25:04,500,TF1706,CCFX,98.595,98.555,98.615,346,341107900,19630,19596,99.805,97.445,98.625,98.67,0.0,98.61,0.0,0,0,2017-04-20,33904500,98.595,3,0,0,0,0,0,0,0,0,98.6,1,0,0,0,0,0,0,0,0
496,2017-04-20,09:25:05,0,TF1706,CCFX,98.6,98.555,98.615,347,342093900,19631,19596,99.805,97.445,98.625,98.67,0.0,98.61,0.0,0,0,2017-04-20,33905000,98.595,4,0,0,0,0,0,0,0,0,98.605,1,0,0,0,0,0,0,0,0
497,2017-04-20,09:25:05,500,TF1706,CCFX,98.6,98.555,98.615,347,342093900,19631,19596,99.805,97.445,98.625,98.67,0.0,98.61,0.0,0,0,2017-04-20,33905500,98.6,1,0,0,0,0,0,0,0,0,98.605,1,0,0,0,0,0,0,0,0
498,2017-04-20,09:25:06,0,TF1706,CCFX,98.6,98.555,98.615,347,342093900,19631,19596,99.805,97.445,98.625,98.67,0.0,98.61,0.0,0,0,2017-04-20,33906000,98.6,1,0,0,0,0,0,0,0,0,98.605,2,0,0,0,0,0,0,0,0
499,2017-04-20,09:25:06,500,TF1706,CCFX,98.6,98.555,98.615,347,342093900,19631,19596,99.805,97.445,98.625,98.67,0.0,98.61,0.0,0,0,2017-04-20,33906500,98.6,1,0,0,0,0,0,0,0,0,98.605,1,0,0,0,0,0,0,0,0
