,dataDate,dataTime,dataMillisec,instrumentID,exchangeCD,lastPrice,lowPrice,highPrice,volume,value,openInterest,preOpenInterest,upperLimitPrice,lowerLimitPrice,preSettlementPrice,prevClosePrice,settlementPrice,openPrice,closePrice,preDelta,currDelta,clearingDay,milliSecOffset,bidPrice1,bidVolume1,bidPrice2,bidVolume2,bidPrice3,bidVolume3,bidPrice4,bidVolume4,bidPrice5,bidVolume5,askPrice1,askVolume1,askPrice2,askVolume2,askPrice3,askVolume3,askPrice4,askVolume4,askPrice5,askVolume5
0,2017-04-20,08:59:00,94,v1709,XDCE,5505,5505,5505,160,4404000,170038,170016,5765,5225,5495,5530,0,5505,0,0,0,2017-04-20,32340094,5505,3,0,0,0,0,0,0,0,0,5510,1,0,0,0,0,0,0,0,0
1,2017-04-20,09:00:00,146,v1709,XDCE,5500,5500,5505,188,5174350,170058,170016,5765,5225,5495,5530,0,5505,0,0,0,2017-04-20,32400146,5500,75,0,0,0,0,0,0,0,0,5505,28,0,0,0,0,0,0,0,0
2,2017-04-20,09:00:00,646,v1709,XDCE,5515,5500,5515,388,10681350,170122,170016,5765,5225,5495,5530,0,5505,0,0,0,2017-04-20,32400646,5515,4,0,0,0,0,0,0,0,0,5520,57,0,0,0,0,0,0,0,0
3,2017-04-20,09:00:01,141,v1709,XDCE,5515,5500,5520,534,14705550,170142,170016,5765,5225,5495,5530,0,5505,0,0,0,2017-04-20,32401141,5510,2,0,0,0,0,0,0,0,0,5515,16,0,0,0,0,0,0,0,0
4,2017-04-20,09:00:01,640,v1709,XDCE,5510,5500,5520,552,15201450,170138,170016,5765,5225,5495,5530,0,5505,0,0,0,2017-04-20,32401640,5510,8,0,0,0,0,0,0,0,0,5515,23,0,0,0,0,0,0,0,0
5,2017-04-20,09:00:02,144,v1709,XDCE,5515,5500,5525,796,21931900,170182,170016,5765,5225,5495,5530,0,5505,0,0,0,2017-04-20,32402144,5515,2,0,0,0,0,0,0,0,0,5520,8,0,0,0,0,0,0,0,0
6,2017-04-20,09:00:02,623,v1709,XDCE,5510,5500,5525,974,26838350,170206,170016,5765,5225,5495,5530,0,5505,0,0,0,2017-04-20,32402623,5510,2,0,0,0,0,0,0,0,0,5520,8,0,0,0,0,0,0,0,0
7,2017-04-20,09:00:03,134,v1709,XDCE,5520,5500,5525,1048,28880000,170250,170016,5765,5225,5495,5530,0,5505,0,0,0,2017-04-20,32403134,5515,61,0,0,0,0,0,0,0,0,5520,12,0,0,0,0,0,0,0,0
8,2017-04-20,09:00:03,643,v1709,XDCE,5515,5500,5525,1088,29983650,170258,170016,5765,5225,5495,5530,0,5505,0,0,0,2017-04-20,32403643,5520,1,0,0,0,0,0,0,0,0,5525,22,0,0,0,0,0,0,0,0
9,2017-04-20,09:00:04,143,v1709,XDCE,5520,5500,5525,1134,31253650,170284,170016,5765,5225,5495,5530,0,5505,0,0,0,2017-04-20,32404143,5520,23,0,0,0,0,0,0,0,0,5525,14,0,0,0,0,0,0,0,0
10,2017-04-20,09:00:04,630,v1709,XDCE,5520,5500,5525,1188,32744150,170314,170016,5765,5225,5495,5530,0,5505,0,0,0,2017-04-20,32404630,5520,19,0,0,0,0,0,0,0,0,5525,15,0,0,0,0,0,0,0,0
11,2017-04-20,09:00:05,126,v1709,XDCE,5520,5500,5525,1234,34014350,170324,170016,5765,5225,5495,5530,0,5505,0,0,0,2017-04-20,32405126,5520,9,0,0,0,0,0,0,0,0,5525,9,0,0,0,0,0,0,0,0
12,2017-04-20,09:00:05,603,v1709,XDCE,5520,5500,5525,1270,35008000,170330,170016,5765,5225,5495,5530,0,5505,0,0,0,2017-04-20,32405603,5520,13,0,0,0,0,0,0,0,0,5525,18,0,0,0,0,0,0,0,0
13,2017-04-20,09:00:06,137,v1709,XDCE,5520,5500,5525,1314,36222850,170334,170016,5765,5225,5495,5530,0,5505,0,0,0,2017-04-20,32406137,5520,1,0,0,0,0,0,0,0,0,5525,9,0,0,0,0,0,0,0,0
14,2017-04-20,09:00:06,644,v1709,XDCE,5515,5500,5525,1354,37326350,170372,170016,5765,5225,5495,5530,0,5505,0,0,0,2017-04-20,32406644,5515,77,0,0,0,0,0,0,0,0,5525,20,0,0,0,0,0,0,0,0
15,2017-04-20,09:00:07,138,v1709,XDCE,5520,5500,5525,1386,38209800,170366,170016,5765,5225,5495,5530,0,5505,0,0,0,2017-04-20,32407138,5520,9,0,0,0,0,0,0,0,0,5525,30,0,0,0,0,0,0,0,0
16,2017-04-20,09:00:07,644,v1709,XDCE,5520,5500,5525,1406,38761800,170366,170016,5765,5225,5495,5530,0,5505,0,0,0,2017-04-20,32407644,5515,84,0,0,0,0,0,0,0,0,5520,26,0,0,0,0,0,0,0,0
17,2017-04-20,09:00:08,140,v1709,XDCE,5520,5500,5525,1496,41245600,170440,170016,5765,5225,5495,5530,0,5505,0,0,0,2017-04-20,32408140,5520,23,0,0,0,0,0,0,0,0,5525,31,0,0,0,0,0,0,0,0
18,2017-04-20,09:00:08,619,v1709,XDCE,5520,5500,5525,1500,41356000,170444,170016,5765,5225,5495,5530,0,5505,0,0,0,2017-04-20,32408619,5520,42,0,0,0,0,0,0,0,0,5525,31,0,0,0,0,0,0,0,0
19,2017-04-20,09:00:09,142,v1709,XDCE,5525,5500,5525,1604,44226600,170524,170016,5765,5225,5495,5530,0,5505,0,0,0,2017-04-20,32409142,5515,78,0,0,0,0,0,0,0,0,5525,28,0,0,0,0,0,0,0,0
20,2017-04-20,09:00:09,606,v1709,XDCE,5515,5500,5525,1608,44337000,170524,170016,5765,5225,5495,5530,0,5505,0,0,0,2017-04-20,32409606,5515,77,0,0,0,0,0,0,0,0,5525,27,0,0,0,0,0,0,0,0
21,2017-04-20,09:00:10,125,v1709,XDCE,5515,5500,5525,1638,45164950,170544,170016,5765,5225,5495,5530,0,5505,0,0,0,2017-04-20,32410125,5515,68,0,0,0,0,0,0,0,0,5525,25,0,0,0,0,0,0,0,0
22,2017-04-20,09:00:10,638,v1709,XDCE,5520,5500,5525,1656,45661750,170544,170016,5765,5225,5495,5530,0,5505,0,0,0,2017-04-20,32410638,5520,9,0,0,0,0,0,0,0,0,5525,15,0,0,0,0,0,0,0,0
23,2017-04-20,09:00:11,146,v1709,XDCE,5525,5500,5525,1668,45993200,170544,170016,5765,5225,5495,5530,0,5505,0,0,0,2017-04-20,32411146,5520,33,0,0,0,0,0,0,0,0,5525,12,0,0,0,0,0,0,0,0
24,2017-04-20,09:00:11,613,v1709,XDCE,5525,5500,5525,1696,46766650,170550,170016,5765,5225,5495,5530,0,5505,0,0,0,2017-04-20,32411613,5520,51,0,0,0,0,0,0,0,0,5530,46,0,0,0,0,0,0,0,0
25,2017-04-20,09:00:12,132,v1709,XDCE,5520,5500,5525,1698,46821850,170550,170016,5765,5225,5495,5530,0,5505,0,0,0,2017-04-20,32412132,5520,51,0,0,0,0,0,0,0,0,5530,49,0,0,0,0,0,0,0,0
26,2017-04-20,09:00:12,613,v1709,XDCE,5520,5500,5525,1704,46987550,170552,170016,5765,5225,5495,5530,0,5505,0,0,0,2017-04-20,32412613,5520,50,0,0,0,0,0,0,0,0,5530,49,0,0,0,0,0,0,0,0
27,2017-04-20,09:00:13,145,v1709,XDCE,5525,5500,5530,1710,47153350,170554,170016,5765,5225,5495,5530,0,5505,0,0,0,2017-04-20,32413145,5520,55,0,0,0,0,0,0,0,0,5525,2,0,0,0,0,0,0,0,0
28,2017-04-20,09:00:13,625,v1709,XDCE,5525,5500,5530,1726,47595300,170560,170016,5765,5225,5495,5530,0,5505,0,0,0,2017-04-20,32413625,5520,66,0,0,0,0,0,0,0,0,5530,57,0,0,0,0,0,0,0,0
29,2017-04-20,09:00:14,147,v1709,XDCE,5525,5500,5530,1768,48756550,170596,170016,5765,5225,5495,5530,0,5505,0,0,0,2017-04-20,32414147,5520,67,0,0,0,0,0,0,0,0,5525,4,0,0,0,0,0,0,0,0
30,2017-04-20,09:00:14,602,v1709,XDCE,5525,5500,5530,1776,48977550,170596,170016,5765,5225,5495,5530,0,5505,0,0,0,2017-04-20,32414602,5525,5,0,0,0,0,0,0,0,0,5530,33,0,0,0,0,0,0,0,0
31,2017-04-20,09:00:15,145,v1709,XDCE,5525,5500,5530,1778,49032800,170596,170016,5765,5225,5495,5530,0,5505,0,0,0,2017-04-20,32415145,5525,11,0,0,0,0,0,0,0,0,5530,37,0,0,0,0,0,0,0,0
32,2017-04-20,09:00:15,637,v1709,XDCE,5530,5500,5530,1786,49253900,170598,170016,5765,5225,5495,5530,0,5505,0,0,0,2017-04-20,32415637,5525,18,0,0,0,0,0,0,0,0,5530,36,0,0,0,0,0,0,0,0
33,2017-04-20,09:00:16,116,v1709,XDCE,5530,5500,5530,1800,49640900,170600,170016,5765,5225,5495,5530,0,5505,0,0,0,2017-04-20,32416116,5525,35,0,0,0,0,0,0,0,0,5530,22,0,0,0,0,0,0,0,0
34,2017-04-20,09:00:16,628,v1709,XDCE,5530,5500,5530,1810,49917400,170608,170016,5765,5225,5495,5530,0,5505,0,0,0,2017-04-20,32416628,5525,44,0,0,0,0,0,0,0,0,5530,20,0,0,0,0,0,0,0,0
35,2017-04-20,09:00:17,101,v1709,XDCE,5525,5500,5530,1824,50304450,170618,170016,5765,5225,5495,5530,0,5505,0,0,0,2017-04-20,32417101,5525,43,0,0,0,0,0,0,0,0,5530,14,0,0,0,0,0,0,0,0
36,2017-04-20,09:00:17,622,v1709,XDCE,5520,5500,5530,1922,53011500,170658,170016,5765,5225,5495,5530,0,5505,0,0,0,2017-04-20,32417622,5520,74,0,0,0,0,0,0,0,0,5525,13,0,0,0,0,0,0,0,0
37,2017-04-20,09:00:18,136,v1709,XDCE,5520,5500,5530,1974,54446700,170700,170016,5765,5225,5495,5530,0,5505,0,0,0,2017-04-20,32418136,5520,48,0,0,0,0,0,0,0,0,5525,11,0,0,0,0,0,0,0,0
38,2017-04-20,09:00:18,621,v1709,XDCE,5525,5500,5530,1984,54722850,170706,170016,5765,5225,5495,5530,0,5505,0,0,0,2017-04-20,32418621,5520,44,0,0,0,0,0,0,0,0,5525,20,0,0,0,0,0,0,0,0
39,2017-04-20,09:00:19,126,v1709,XDCE,5525,5500,5530,1998,55109350,170720,170016,5765,5225,5495,5530,0,5505,0,0,0,2017-04-20,32419126,5520,38,0,0,0,0,0,0,0,0,5525,24,0,0,0,0,0,0,0,0
40,2017-04-20,09:00:19,608,v1709,XDCE,5525,5500,5530,2012,55495800,170720,170016,5765,5225,5495,5530,0,5505,0,0,0,2017-04-20,32419608,5520,29,0,0,0,0,0,0,0,0,5525,34,0,0,0,0,0,0,0,0
41,2017-04-20,09:00:20,107,v1709,XDCE,5525,5500,5530,2014,55551050,170720,170016,5765,5225,5495,5530,0,5505,0,0,0,2017-04-20,32420107,5520,29,0,0,0,0,0,0,0,0,5525,44,0,0,0,0,0,0,0,0
42,2017-04-20,09:00:20,605,v1709,XDCE,5525,5500,5530,2084,57484800,170748,170016,5765,5225,5495,5530,0,5505,0,0,0,2017-04-20,32420605,5525,86,0,0,0,0,0,0,0,0,5530,165,0,0,0,0,0,0,0,0
43,2017-04-20,09:00:21,138,v1709,XDCE,5530,5500,5530,2102,57982200,170754,170016,5765,5225,5495,5530,0,5505,0,0,0,2017-04-20,32421138,5525,84,0,0,0,0,0,0,0,0,5530,161,0,0,0,0,0,0,0,0
44,2017-04-20,09:00:21,645,v1709,XDCE,5525,5500,5530,2126,58645250,170754,170016,5765,5225,5495,5530,0,5505,0,0,0,2017-04-20,32421645,5525,74,0,0,0,0,0,0,0,0,5530,172,0,0,0,0,0,0,0,0
45,2017-04-20,09:00:22,115,v1709,XDCE,5525,5500,5530,2154,59418750,170760,170016,5765,5225,5495,5530,0,5505,0,0,0,2017-04-20,32422115,5525,65,0,0,0,0,0,0,0,0,5530,175,0,0,0,0,0,0,0,0
46,2017-04-20,09:00:22,632,v1709,XDCE,5525,5500,5530,2154,59418750,170760,170016,5765,5225,5495,5530,0,5505,0,0,0,2017-04-20,32422632,5525,70,0,0,0,0,0,0,0,0,5530,176,0,0,0,0,0,0,0,0
47,2017-04-20,09:00:23,134,v1709,XDCE,5525,5500,5530,2158,59529250,170760,170016,5765,5225,5495,5530,0,5505,0,0,0,2017-04-20,32423134,5525,68,0,0,0,0,0,0,0,0,5530,177,0,0,0,0,0,0,0,0
48,2017-04-20,09:00:23,592,v1709,XDCE,5525,5500,5530,2174,59971300,170774,170016,5765,5225,5495,5530,0,5505,0,0,0,2017-04-20,32423592,5525,64,0,0,0,0,0,0,0,0,5530,176,0,0,0,0,0,0,0,0
49,2017-04-20,09:00:24,92,v1709,XDCE,5525,5500,5530,2182,60192350,170774,170016,5765,5225,5495,5530,0,5505,0,0,0,2017-04-20,32424092,5525,62,0,0,0,0,0,0,0,0,5530,175,0,0,0,0,0,0,0,0
50,2017-04-20,09:00:24,603,v1709,XDCE,5525,5500,5530,2328,64225600,170808,170016,5765,5225,5495,5530,0,5505,0,0,0,2017-04-20,32424603,5520,65,0,0,0,0,0,0,0,0,5525,41,0,0,0,0,0,0,0,0
51,2017-04-20,09:00:25,117,v1709,XDCE,5525,5500,5530,2330,64280850,170806,170016,5765,5225,5495,5530,0,5505,0,0,0,2017-04-20,32425117,5520,61,0,0,0,0,0,0,0,0,5525,45,0,0,0,0,0,0,0,0
52,2017-04-20,09:00:25,627,v1709,XDCE,5525,5500,5530,2350,64833350,170806,170016,5765,5225,5495,5530,0,5505,0,0,0,2017-04-20,32425627,5520,60,0,0,0,0,0,0,0,0,5525,60,0,0,0,0,0,0,0,0
53,2017-04-20,09:00:26,112,v1709,XDCE,5520,5500,5530,2356,64999050,170808,170016,5765,5225,5495,5530,0,5505,0,0,0,2017-04-20,32426112,5520,60,0,0,0,0,0,0,0,0,5525,59,0,0,0,0,0,0,0,0
54,2017-04-20,09:00:26,633,v1709,XDCE,5520,5500,5530,3178,87692450,170146,170016,5765,5225,5495,5530,0,5505,0,0,0,2017-04-20,32426633,5520,6,0,0,0,0,0,0,0,0,5525,4,0,0,0,0,0,0,0,0
55,2017-04-20,09:00:27,98,v1709,XDCE,5525,5500,5530,3242,89459900,170162,170016,5765,5225,5495,5530,0,5505,0,0,0,2017-04-20,32427098,5520,12,0,0,0,0,0,0,0,0,5525,3,0,0,0,0,0,0,0,0
56,2017-04-20,09:00:27,634,v1709,XDCE,5525,5500,5530,3260,89957150,170180,170016,5765,5225,5495,5530,0,5505,0,0,0,2017-04-20,32427634,5525,2,0,0,0,0,0,0,0,0,5530,132,0,0,0,0,0,0,0,0
57,2017-04-20,09:00:28,132,v1709,XDCE,5525,5500,5530,3274,90343900,170184,170016,5765,5225,5495,5530,0,5505,0,0,0,2017-04-20,32428132,5520,18,0,0,0,0,0,0,0,0,5525,5,0,0,0,0,0,0,0,0
58,2017-04-20,09:00:28,594,v1709,XDCE,5520,5500,5530,3284,90619900,170178,170016,5765,5225,5495,5530,0,5505,0,0,0,2017-04-20,32428594,5520,38,0,0,0,0,0,0,0,0,5525,15,0,0,0,0,0,0,0,0
59,2017-04-20,09:00:29,99,v1709,XDCE,5520,5500,5530,3286,90675100,170178,170016,5765,5225,5495,5530,0,5505,0,0,0,2017-04-20,32429099,5520,38,0,0,0,0,0,0,0,0,5525,15,0,0,0,0,0,0,0,0
60,2017-04-20,09:00:29,640,v1709,XDCE,5525,5500,5530,3288,90730350,170178,170016,5765,5225,5495,5530,0,5505,0,0,0,2017-04-20,32429640,5520,38,0,0,0,0,0,0,0,0,5525,29,0,0,0,0,0,0,0,0
61,2017-04-20,09:00:30,110,v1709,XDCE,5520,5500,5530,3290,90785550,170180,170016,5765,5225,5495,5530,0,5505,0,0,0,2017-04-20,32430110,5520,23,0,0,0,0,0,0,0,0,5525,29,0,0,0,0,0,0,0,0
62,2017-04-20,09:00:30,571,v1709,XDCE,5520,5500,5530,3296,90951200,170184,170016,5765,5225,5495,5530,0,5505,0,0,0,2017-04-20,32430571,5520,21,0,0,0,0,0,0,0,0,5525,28,0,0,0,0,0,0,0,0
63,2017-04-20,09:00:31,105,v1709,XDCE,5525,5500,5530,3302,91116950,170182,170016,5765,5225,5495,5530,0,5505,0,0,0,2017-04-20,32431105,5520,22,0,0,0,0,0,0,0,0,5525,28,0,0,0,0,0,0,0,0
64,2017-04-20,09:00:31,640,v1709,XDCE,5525,5500,5530,3386,93436950,170228,170016,5765,5225,5495,5530,0,5505,0,0,0,2017-04-20,32431640,5525,68,0,0,0,0,0,0,0,0,5530,162,0,0,0,0,0,0,0,0
65,2017-04-20,09:00:32,144,v1709,XDCE,5525,5500,5530,3394,93657950,170236,170016,5765,5225,5495,5530,0,5505,0,0,0,2017-04-20,32432144,5525,73,0,0,0,0,0,0,0,0,5530,161,0,0,0,0,0,0,0,0
66,2017-04-20,09:00:32,592,v1709,XDCE,5525,5500,5530,3396,93713200,170236,170016,5765,5225,5495,5530,0,5505,0,0,0,2017-04-20,32432592,5525,73,0,0,0,0,0,0,0,0,5530,169,0,0,0,0,0,0,0,0
67,2017-04-20,09:00:33,127,v1709,XDCE,5525,5500,5530,3420,94376200,170256,170016,5765,5225,5495,5530,0,5505,0,0,0,2017-04-20,32433127,5525,56,0,0,0,0,0,0,0,0,5530,148,0,0,0,0,0,0,0,0
68,2017-04-20,09:00:33,623,v1709,XDCE,5525,5500,5530,3422,94431450,170258,170016,5765,5225,5495,5530,0,5505,0,0,0,2017-04-20,32433623,5525,55,0,0,0,0,0,0,0,0,5530,148,0,0,0,0,0,0,0,0
69,2017-04-20,09:00:34,133,v1709,XDCE,5525,5500,5530,3422,94431450,170258,170016,5765,5225,5495,5530,0,5505,0,0,0,2017-04-20,32434133,5525,59,0,0,0,0,0,0,0,0,5530,148,0,0,0,0,0,0,0,0
70,2017-04-20,09:00:34,625,v1709,XDCE,5525,5500,5530,3542,97746500,170360,170016,5765,5225,5495,5530,0,5505,0,0,0,2017-04-20,32434625,5520,43,0,0,0,0,0,0,0,0,5525,25,0,0,0,0,0,0,0,0
71,2017-04-20,09:00:35,144,v1709,XDCE,5525,5500,5530,3542,97746500,170360,170016,5765,5225,5495,5530,0,5505,0,0,0,2017-04-20,32435144,5520,41,0,0,0,0,0,0,0,0,5525,31,0,0,0,0,0,0,0,0
72,2017-04-20,09:00:35,626,v1709,XDCE,5525,5500,5530,3542,97746500,170360,170016,5765,5225,5495,5530,0,5505,0,0,0,2017-04-20,32435626,5520,40,0,0,0,0,0,0,0,0,5525,34,0,0,0,0,0,0,0,0
73,2017-04-20,09:00:36,134,v1709,XDCE,5525,5500,5530,3544,97801750,170360,170016,5765,5225,5495,5530,0,5505,0,0,0,2017-04-20,32436134,5520,35,0,0,0,0,0,0,0,0,5525,42,0,0,0,0,0,0,0,0
74,2017-04-20,09:00:36,618,v1709,XDCE,5520,5500,5530,3558,98188450,170370,170016,5765,5225,5495,5530,0,5505,0,0,0,2017-04-20,32436618,5520,34,0,0,0,0,0,0,0,0,5525,39,0,0,0,0,0,0,0,0
75,2017-04-20,09:00:37,110,v1709,XDCE,5525,5500,5530,3568,98464700,170380,170016,5765,5225,5495,5530,0,5505,0,0,0,2017-04-20,32437110,5520,37,0,0,0,0,0,0,0,0,5525,34,0,0,0,0,0,0,0,0
76,2017-04-20,09:00:37,526,v1709,XDCE,5525,5500,5530,3568,98464700,170380,170016,5765,5225,5495,5530,0,5505,0,0,0,2017-04-20,32437526,5520,39,0,0,0,0,0,0,0,0,5525,32,0,0,0,0,0,0,0,0
77,2017-04-20,09:00:38,91,v1709,XDCE,5525,5500,5530,3568,98464700,170380,170016,5765,5225,5495,5530,0,5505,0,0,0,2017-04-20,32438091,5520,39,0,0,0,0,0,0,0,0,5525,35,0,0,0,0,0,0,0,0
78,2017-04-20,09:00:38,632,v1709,XDCE,5525,5500,5530,3638,100398450,170352,170016,5765,5225,5495,5530,0,5505,0,0,0,2017-04-20,32438632,5525,5,0,0,0,0,0,0,0,0,5530,155,0,0,0,0,0,0,0,0
79,2017-04-20,09:00:39,137,v1709,XDCE,5525,5500,5530,3648,100674700,170352,170016,5765,5225,5495,5530,0,5505,0,0,0,2017-04-20,32439137,5525,4,0,0,0,0,0,0,0,0,5530,154,0,0,0,0,0,0,0,0
80,2017-04-20,09:00:39,594,v1709,XDCE,5525,5500,5530,3654,100840550,170352,170016,5765,5225,5495,5530,0,5505,0,0,0,2017-04-20,32439594,5525,5,0,0,0,0,0,0,0,0,5530,149,0,0,0,0,0,0,0,0
81,2017-04-20,09:00:40,144,v1709,XDCE,5525,5500,5530,3738,103163050,170422,170016,5765,5225,5495,5530,0,5505,0,0,0,2017-04-20,32440144,5525,627,0,0,0,0,0,0,0,0,5530,109,0,0,0,0,0,0,0,0
82,2017-04-20,09:00:40,598,v1709,XDCE,5535,5500,5535,3966,109467550,170466,170016,5765,5225,5495,5530,0,5505,0,0,0,2017-04-20,32440598,5530,63,0,0,0,0,0,0,0,0,5535,23,0,0,0,0,0,0,0,0
83,2017-04-20,09:00:41,133,v1709,XDCE,5540,5500,5540,4026,111127950,170472,170016,5765,5225,5495,5530,0,5505,0,0,0,2017-04-20,32441133,5535,91,0,0,0,0,0,0,0,0,5540,13,0,0,0,0,0,0,0,0
84,2017-04-20,09:00:41,634,v1709,XDCE,5535,5500,5540,4206,116110100,170608,170016,5765,5225,5495,5530,0,5505,0,0,0,2017-04-20,32441634,5530,31,0,0,0,0,0,0,0,0,5535,20,0,0,0,0,0,0,0,0
85,2017-04-20,09:00:42,84,v1709,XDCE,5535,5500,5540,4214,116331500,170610,170016,5765,5225,5495,5530,0,5505,0,0,0,2017-04-20,32442084,5530,31,0,0,0,0,0,0,0,0,5535,20,0,0,0,0,0,0,0,0
86,2017-04-20,09:00:42,595,v1709,XDCE,5530,5500,5540,4230,116773900,170610,170016,5765,5225,5495,5530,0,5505,0,0,0,2017-04-20,32442595,5530,23,0,0,0,0,0,0,0,0,5535,20,0,0,0,0,0,0,0,0
87,2017-04-20,09:00:43,138,v1709,XDCE,5530,5500,5540,4234,116884500,170612,170016,5765,5225,5495,5530,0,5505,0,0,0,2017-04-20,32443138,5530,41,0,0,0,0,0,0,0,0,5535,20,0,0,0,0,0,0,0,0
88,2017-04-20,09:00:43,628,v1709,XDCE,5535,5500,5540,4236,116939850,170614,170016,5765,5225,5495,5530,0,5505,0,0,0,2017-04-20,32443628,5530,44,0,0,0,0,0,0,0,0,5535,25,0,0,0,0,0,0,0,0
89,2017-04-20,09:00:44,144,v1709,XDCE,5530,5500,5540,4238,116995150,170614,170016,5765,5225,5495,5530,0,5505,0,0,0,2017-04-20,32444144,5530,49,0,0,0,0,0,0,0,0,5535,25,0,0,0,0,0,0,0,0
90,2017-04-20,09:00:44,622,v1709,XDCE,5530,5500,5540,4674,129043150,170296,170016,5765,5225,5495,5530,0,5505,0,0,0,2017-04-20,32444622,5525,522,0,0,0,0,0,0,0,0,5530,7,0,0,0,0,0,0,0,0
91,2017-04-20,09:00:45,96,v1709,XDCE,5530,5500,5540,4760,131420950,170312,170016,5765,5225,5495,5530,0,5505,0,0,0,2017-04-20,32445096,5530,8,0,0,0,0,0,0,0,0,5535,37,0,0,0,0,0,0,0,0
92,2017-04-20,09:00:45,644,v1709,XDCE,5530,5500,5540,4760,131420950,170312,170016,5765,5225,5495,5530,0,5505,0,0,0,2017-04-20,32445644,5530,29,0,0,0,0,0,0,0,0,5535,40,0,0,0,0,0,0,0,0
93,2017-04-20,09:00:46,125,v1709,XDCE,5530,5500,5540,4760,131420950,170312,170016,5765,5225,5495,5530,0,5505,0,0,0,2017-04-20,32446125,5530,35,0,0,0,0,0,0,0,0,5535,37,0,0,0,0,0,0,0,0
94,2017-04-20,09:00:46,597,v1709,XDCE,5530,5500,5540,4760,131420950,170312,170016,5765,5225,5495,5530,0,5505,0,0,0,2017-04-20,32446597,5530,35,0,0,0,0,0,0,0,0,5535,41,0,0,0,0,0,0,0,0
95,2017-04-20,09:00:47,139,v1709,XDCE,5535,5500,5540,4770,131697550,170316,170016,5765,5225,5495,5530,0,5505,0,0,0,2017-04-20,32447139,5530,83,0,0,0,0,0,0,0,0,5535,34,0,0,0,0,0,0,0,0
96,2017-04-20,09:00:47,621,v1709,XDCE,5535,5500,5540,4770,131697550,170316,170016,5765,5225,5495,5530,0,5505,0,0,0,2017-04-20,32447621,5530,134,0,0,0,0,0,0,0,0,5535,34,0,0,0,0,0,0,0,0
97,2017-04-20,09:00:48,87,v1709,XDCE,5535,5500,5540,4778,131918950,170320,170016,5765,5225,5495,5530,0,5505,0,0,0,2017-04-20,32448087,5530,135,0,0,0,0,0,0,0,0,5535,53,0,0,0,0,0,0,0,0
98,2017-04-20,09:00:48,635,v1709,XDCE,5535,5500,5540,4882,134797100,170230,170016,5765,5225,5495,5530,0,5505,0,0,0,2017-04-20,32448635,5530,134,0,0,0,0,0,0,0,0,5540,63,0,0,0,0,0,0,0,0
99,2017-04-20,09:00:49,135,v1709,XDCE,5535,5500,5540,4886,134907800,170234,170016,5765,5225,5495,5530,0,5505,0,0,0,2017-04-20,32449135,5530,134,0,0,0,0,0,0,0,0,5540,62,0,0,0,0,0,0,0,0
100,2017-04-20,09:00:49,555,v1709,XDCE,5530,5500,5540,4888,134963100,170236,170016,5765,5225,5495,5530,0,5505,0,0,0,2017-04-20,32449555,5530,145,0,0,0,0,0,0,0,0,5535,6,0,0,0,0,0,0,0,0
101,2017-04-20,09:00:50,135,v1709,XDCE,5535,5500,5540,4908,135516600,170250,170016,5765,5225,5495,5530,0,5505,0,0,0,2017-04-20,32450135,5535,3,0,0,0,0,0,0,0,0,5540,59,0,0,0,0,0,0,0,0
102,2017-04-20,09:00:50,639,v1709,XDCE,5540,5500,5540,5002,138119100,170264,170016,5765,5225,5495,5530,0,5505,0,0,0,2017-04-20,32450639,5535,21,0,0,0,0,0,0,0,0,5540,47,0,0,0,0,0,0,0,0
103,2017-04-20,09:00:51,113,v1709,XDCE,5540,5500,5540,5006,138229900,170268,170016,5765,5225,5495,5530,0,5505,0,0,0,2017-04-20,32451113,5535,38,0,0,0,0,0,0,0,0,5540,44,0,0,0,0,0,0,0,0
104,2017-04-20,09:00:51,631,v1709,XDCE,5535,5500,5540,5056,139613650,170264,170016,5765,5225,5495,5530,0,5505,0,0,0,2017-04-20,32451631,5530,136,0,0,0,0,0,0,0,0,5535,175,0,0,0,0,0,0,0,0
105,2017-04-20,09:00:52,126,v1709,XDCE,5535,5500,5540,5110,141108100,170260,170016,5765,5225,5495,5530,0,5505,0,0,0,2017-04-20,32452126,5530,143,0,0,0,0,0,0,0,0,5535,156,0,0,0,0,0,0,0,0
106,2017-04-20,09:00:52,610,v1709,XDCE,5535,5500,5540,5112,141163450,170260,170016,5765,5225,5495,5530,0,5505,0,0,0,2017-04-20,32452610,5530,111,0,0,0,0,0,0,0,0,5535,155,0,0,0,0,0,0,0,0
107,2017-04-20,09:00:53,142,v1709,XDCE,5530,5500,5540,5124,141495300,170266,170016,5765,5225,5495,5530,0,5505,0,0,0,2017-04-20,32453142,5530,85,0,0,0,0,0,0,0,0,5535,152,0,0,0,0,0,0,0,0
108,2017-04-20,09:00:53,639,v1709,XDCE,5535,5500,5540,5140,141937800,170258,170016,5765,5225,5495,5530,0,5505,0,0,0,2017-04-20,32453639,5530,31,0,0,0,0,0,0,0,0,5535,165,0,0,0,0,0,0,0,0
109,2017-04-20,09:00:54,104,v1709,XDCE,5530,5500,5540,5148,142159000,170260,170016,5765,5225,5495,5530,0,5505,0,0,0,2017-04-20,32454104,5530,31,0,0,0,0,0,0,0,0,5535,170,0,0,0,0,0,0,0,0
110,2017-04-20,09:00:54,630,v1709,XDCE,5535,5500,5540,5278,145756000,170272,170016,5765,5225,5495,5530,0,5505,0,0,0,2017-04-20,32454630,5530,20,0,0,0,0,0,0,0,0,5535,120,0,0,0,0,0,0,0,0
111,2017-04-20,09:00:55,137,v1709,XDCE,5535,5500,5540,5282,145866650,170274,170016,5765,5225,5495,5530,0,5505,0,0,0,2017-04-20,32455137,5530,21,0,0,0,0,0,0,0,0,5535,119,0,0,0,0,0,0,0,0
112,2017-04-20,09:00:55,641,v1709,XDCE,5530,5500,5540,5284,145921950,170272,170016,5765,5225,5495,5530,0,5505,0,0,0,2017-04-20,32455641,5530,20,0,0,0,0,0,0,0,0,5535,120,0,0,0,0,0,0,0,0
113,2017-04-20,09:00:56,125,v1709,XDCE,5535,5500,5540,5370,148300950,170272,170016,5765,5225,5495,5530,0,5505,0,0,0,2017-04-20,32456125,5525,516,0,0,0,0,0,0,0,0,5535,87,0,0,0,0,0,0,0,0
114,2017-04-20,09:00:56,568,v1709,XDCE,5535,5500,5540,5370,148300950,170272,170016,5765,5225,5495,5530,0,5505,0,0,0,2017-04-20,32456568,5530,6,0,0,0,0,0,0,0,0,5535,88,0,0,0,0,0,0,0,0
115,2017-04-20,09:00:57,116,v1709,XDCE,5535,5500,5540,5382,148632800,170274,170016,5765,5225,5495,5530,0,5505,0,0,0,2017-04-20,32457116,5530,30,0,0,0,0,0,0,0,0,5535,87,0,0,0,0,0,0,0,0
116,2017-04-20,09:00:57,638,v1709,XDCE,5535,5500,5540,5404,149241650,170260,170016,5765,5225,5495,5530,0,5505,0,0,0,2017-04-20,32457638,5530,32,0,0,0,0,0,0,0,0,5535,76,0,0,0,0,0,0,0,0
117,2017-04-20,09:00:58,137,v1709,XDCE,5535,5500,5540,5406,149297000,170260,170016,5765,5225,5495,5530,0,5505,0,0,0,2017-04-20,32458137,5530,69,0,0,0,0,0,0,0,0,5535,95,0,0,0,0,0,0,0,0
118,2017-04-20,09:00:58,616,v1709,XDCE,5530,5500,5540,5408,149352300,170260,170016,5765,5225,5495,5530,0,5505,0,0,0,2017-04-20,32458616,5530,69,0,0,0,0,0,0,0,0,5535,97,0,0,0,0,0,0,0,0
119,2017-04-20,09:00:59,106,v1709,XDCE,5535,5500,5540,5414,149518300,170260,170016,5765,5225,5495,5530,0,5505,0,0,0,2017-04-20,32459106,5530,72,0,0,0,0,0,0,0,0,5535,96,0,0,0,0,0,0,0,0
120,2017-04-20,09:00:59,600,v1709,XDCE,5535,5500,5540,5424,149794850,170268,170016,5765,5225,5495,5530,0,5505,0,0,0,2017-04-20,32459600,5530,173,0,0,0,0,0,0,0,0,5535,95,0,0,0,0,0,0,0,0
121,2017-04-20,09:01:00,120,v1709,XDCE,5530,5500,5540,5432,150016150,170272,170016,5765,5225,5495,5530,0,5505,0,0,0,2017-04-20,32460120,5530,172,0,0,0,0,0,0,0,0,5535,93,0,0,0,0,0,0,0,0
122,2017-04-20,09:01:00,594,v1709,XDCE,5530,5500,5540,5436,150126750,170274,170016,5765,5225,5495,5530,0,5505,0,0,0,2017-04-20,32460594,5530,173,0,0,0,0,0,0,0,0,5535,93,0,0,0,0,0,0,0,0
123,2017-04-20,09:01:01,147,v1709,XDCE,5535,5500,5540,5438,150182100,170274,170016,5765,5225,5495,5530,0,5505,0,0,0,2017-04-20,32461147,5530,173,0,0,0,0,0,0,0,0,5535,94,0,0,0,0,0,0,0,0
124,2017-04-20,09:01:01,631,v1709,XDCE,5535,5500,5540,5600,154665400,170140,170016,5765,5225,5495,5530,0,5505,0,0,0,2017-04-20,32461631,5530,202,0,0,0,0,0,0,0,0,5535,18,0,0,0,0,0,0,0,0
125,2017-04-20,09:01:02,14,v1709,XDCE,5540,5500,5540,5708,157656050,170206,170016,5765,5225,5495,5530,0,5505,0,0,0,2017-04-20,32462014,5535,33,0,0,0,0,0,0,0,0,5540,29,0,0,0,0,0,0,0,0
126,2017-04-20,09:01:02,637,v1709,XDCE,5540,5500,5540,5744,158652950,170188,170016,5765,5225,5495,5530,0,5505,0,0,0,2017-04-20,32462637,5535,149,0,0,0,0,0,0,0,0,5540,16,0,0,0,0,0,0,0,0
127,2017-04-20,09:01:03,111,v1709,XDCE,5540,5500,5540,5766,159262350,170184,170016,5765,5225,5495,5530,0,5505,0,0,0,2017-04-20,32463111,5535,153,0,0,0,0,0,0,0,0,5540,27,0,0,0,0,0,0,0,0
128,2017-04-20,09:01:03,623,v1709,XDCE,5540,5500,5540,5776,159539350,170184,170016,5765,5225,5495,5530,0,5505,0,0,0,2017-04-20,32463623,5535,149,0,0,0,0,0,0,0,0,5540,19,0,0,0,0,0,0,0,0
129,2017-04-20,09:01:04,142,v1709,XDCE,5535,5500,5540,5826,160923650,170172,170016,5765,5225,5495,5530,0,5505,0,0,0,2017-04-20,32464142,5535,17,0,0,0,0,0,0,0,0,5540,35,0,0,0,0,0,0,0,0
130,2017-04-20,09:01:04,638,v1709,XDCE,5540,5500,5540,5992,165521200,170068,170016,5765,5225,5495,5530,0,5505,0,0,0,2017-04-20,32464638,5540,34,0,0,0,0,0,0,0,0,5545,119,0,0,0,0,0,0,0,0
131,2017-04-20,09:01:05,143,v1709,XDCE,5535,5500,5540,6068,167626350,170006,170016,5765,5225,5495,5530,0,5505,0,0,0,2017-04-20,32465143,5535,7,0,0,0,0,0,0,0,0,5540,28,0,0,0,0,0,0,0,0
132,2017-04-20,09:01:05,594,v1709,XDCE,5535,5500,5540,6068,167626350,170006,170016,5765,5225,5495,5530,0,5505,0,0,0,2017-04-20,32465594,5535,8,0,0,0,0,0,0,0,0,5540,47,0,0,0,0,0,0,0,0
133,2017-04-20,09:01:06,142,v1709,XDCE,5535,5500,5540,6190,171005000,170048,170016,5765,5225,5495,5530,0,5505,0,0,0,2017-04-20,32466142,5535,8,0,0,0,0,0,0,0,0,5540,4,0,0,0,0,0,0,0,0
134,2017-04-20,09:01:06,592,v1709,XDCE,5540,5500,5540,6192,171060400,170048,170016,5765,5225,5495,5530,0,5505,0,0,0,2017-04-20,32466592,5535,18,0,0,0,0,0,0,0,0,5540,13,0,0,0,0,0,0,0,0
135,2017-04-20,09:01:07,101,v1709,XDCE,5535,5500,5540,6194,171115750,170046,170016,5765,5225,5495,5530,0,5505,0,0,0,2017-04-20,32467101,5535,65,0,0,0,0,0,0,0,0,5540,14,0,0,0,0,0,0,0,0
136,2017-04-20,09:01:07,634,v1709,XDCE,5535,5500,5540,6194,171115750,170046,170016,5765,5225,5495,5530,0,5505,0,0,0,2017-04-20,32467634,5535,65,0,0,0,0,0,0,0,0,5540,65,0,0,0,0,0,0,0,0
137,2017-04-20,09:01:08,94,v1709,XDCE,5535,5500,5540,6196,171171100,170046,170016,5765,5225,5495,5530,0,5505,0,0,0,2017-04-20,32468094,5535,55,0,0,0,0,0,0,0,0,5540,71,0,0,0,0,0,0,0,0
138,2017-04-20,09:01:08,548,v1709,XDCE,5535,5500,5540,6196,171171100,170046,170016,5765,5225,5495,5530,0,5505,0,0,0,2017-04-20,32468548,5535,50,0,0,0,0,0,0,0,0,5540,66,0,0,0,0,0,0,0,0
139,2017-04-20,09:01:09,91,v1709,XDCE,5540,5500,5540,6302,174107250,170134,170016,5765,5225,5495,5530,0,5505,0,0,0,2017-04-20,32469091,5535,62,0,0,0,0,0,0,0,0,5540,24,0,0,0,0,0,0,0,0
140,2017-04-20,09:01:09,623,v1709,XDCE,5535,5500,5540,6310,174328650,170126,170016,5765,5225,5495,5530,0,5505,0,0,0,2017-04-20,32469623,5535,58,0,0,0,0,0,0,0,0,5540,26,0,0,0,0,0,0,0,0
141,2017-04-20,09:01:09,938,v1709,XDCE,5535,5500,5540,6318,174550100,170128,170016,5765,5225,5495,5530,0,5505,0,0,0,2017-04-20,32469938,5535,55,0,0,0,0,0,0,0,0,5540,36,0,0,0,0,0,0,0,0
142,2017-04-20,09:01:10,607,v1709,XDCE,5535,5500,5540,6338,175103650,170124,170016,5765,5225,5495,5530,0,5505,0,0,0,2017-04-20,32470607,5535,43,0,0,0,0,0,0,0,0,5540,39,0,0,0,0,0,0,0,0
143,2017-04-20,09:01:11,112,v1709,XDCE,5535,5500,5540,6338,175103650,170124,170016,5765,5225,5495,5530,0,5505,0,0,0,2017-04-20,32471112,5535,33,0,0,0,0,0,0,0,0,5540,40,0,0,0,0,0,0,0,0
144,2017-04-20,09:01:11,578,v1709,XDCE,5540,5500,5540,6342,175214450,170128,170016,5765,5225,5495,5530,0,5505,0,0,0,2017-04-20,32471578,5535,33,0,0,0,0,0,0,0,0,5540,39,0,0,0,0,0,0,0,0
145,2017-04-20,09:01:12,98,v1709,XDCE,5540,5500,5540,6342,175214450,170128,170016,5765,5225,5495,5530,0,5505,0,0,0,2017-04-20,32472098,5535,3,0,0,0,0,0,0,0,0,5540,44,0,0,0,0,0,0,0,0
146,2017-04-20,09:01:12,613,v1709,XDCE,5540,5500,5540,6346,175325250,170132,170016,5765,5225,5495,5530,0,5505,0,0,0,2017-04-20,32472613,5535,3,0,0,0,0,0,0,0,0,5540,43,0,0,0,0,0,0,0,0
147,2017-04-20,09:01:13,112,v1709,XDCE,5540,5500,5540,6446,178095250,170188,170016,5765,5225,5495,5530,0,5505,0,0,0,2017-04-20,32473112,5535,12,0,0,0,0,0,0,0,0,5540,8,0,0,0,0,0,0,0,0
148,2017-04-20,09:01:13,556,v1709,XDCE,5540,5500,5540,6900,190661050,169752,170016,5765,5225,5495,5530,0,5505,0,0,0,2017-04-20,32473556,5540,399,0,0,0,0,0,0,0,0,5545,128,0,0,0,0,0,0,0,0
149,2017-04-20,09:01:14,91,v1709,XDCE,5540,5500,5540,6906,190827250,169746,170016,5765,5225,5495,5530,0,5505,0,0,0,2017-04-20,32474091,5540,400,0,0,0,0,0,0,0,0,5545,127,0,0,0,0,0,0,0,0
150,2017-04-20,09:01:14,642,v1709,XDCE,5540,5500,5540,6912,190993450,169740,170016,5765,5225,5495,5530,0,5505,0,0,0,2017-04-20,32474642,5540,397,0,0,0,0,0,0,0,0,5545,127,0,0,0,0,0,0,0,0
151,2017-04-20,09:01:15,122,v1709,XDCE,5540,5500,5540,6912,190993450,169740,170016,5765,5225,5495,5530,0,5505,0,0,0,2017-04-20,32475122,5540,397,0,0,0,0,0,0,0,0,5545,125,0,0,0,0,0,0,0,0
152,2017-04-20,09:01:16,138,v1709,XDCE,5545,5500,5545,7140,197314750,169738,170016,5765,5225,5495,5530,0,5505,0,0,0,2017-04-20,32476138,5545,14,0,0,0,0,0,0,0,0,5550,61,0,0,0,0,0,0,0,0
153,2017-04-20,09:01:16,572,v1709,XDCE,5545,5500,5545,7152,197647450,169738,170016,5765,5225,5495,5530,0,5505,0,0,0,2017-04-20,32476572,5545,21,0,0,0,0,0,0,0,0,5550,62,0,0,0,0,0,0,0,0
154,2017-04-20,09:01:17,135,v1709,XDCE,5545,5500,5550,7186,198590650,169720,170016,5765,5225,5495,5530,0,5505,0,0,0,2017-04-20,32477135,5545,17,0,0,0,0,0,0,0,0,5550,36,0,0,0,0,0,0,0,0
155,2017-04-20,09:01:17,644,v1709,XDCE,5550,5500,5550,7190,198701600,169720,170016,5765,5225,5495,5530,0,5505,0,0,0,2017-04-20,32477644,5545,19,0,0,0,0,0,0,0,0,5550,39,0,0,0,0,0,0,0,0
156,2017-04-20,09:01:18,125,v1709,XDCE,5550,5500,5550,7204,199089850,169718,170016,5765,5225,5495,5530,0,5505,0,0,0,2017-04-20,32478125,5545,19,0,0,0,0,0,0,0,0,5550,37,0,0,0,0,0,0,0,0
157,2017-04-20,09:01:18,628,v1709,XDCE,5550,5500,5550,7224,199644850,169702,170016,5765,5225,5495,5530,0,5505,0,0,0,2017-04-20,32478628,5545,84,0,0,0,0,0,0,0,0,5550,27,0,0,0,0,0,0,0,0
158,2017-04-20,09:01:19,135,v1709,XDCE,5550,5500,5550,7280,201198800,169738,170016,5765,5225,5495,5530,0,5505,0,0,0,2017-04-20,32479135,5550,27,0,0,0,0,0,0,0,0,5555,90,0,0,0,0,0,0,0,0
159,2017-04-20,09:01:19,645,v1709,XDCE,5550,5500,5550,7294,201587300,169740,170016,5765,5225,5495,5530,0,5505,0,0,0,2017-04-20,32479645,5550,25,0,0,0,0,0,0,0,0,5555,89,0,0,0,0,0,0,0,0
160,2017-04-20,09:01:20,95,v1709,XDCE,5550,5500,5555,7300,201753850,169744,170016,5765,5225,5495,5530,0,5505,0,0,0,2017-04-20,32480095,5550,23,0,0,0,0,0,0,0,0,5555,88,0,0,0,0,0,0,0,0
161,2017-04-20,09:01:20,629,v1709,XDCE,5555,5500,5555,7306,201920450,169744,170016,5765,5225,5495,5530,0,5505,0,0,0,2017-04-20,32480629,5550,30,0,0,0,0,0,0,0,0,5555,86,0,0,0,0,0,0,0,0
162,2017-04-20,09:01:21,97,v1709,XDCE,5545,5500,5555,7436,205527900,169742,170016,5765,5225,5495,5530,0,5505,0,0,0,2017-04-20,32481097,5545,93,0,0,0,0,0,0,0,0,5550,1,0,0,0,0,0,0,0,0
163,2017-04-20,09:01:21,624,v1709,XDCE,5550,5500,5555,7452,205971850,169746,170016,5765,5225,5495,5530,0,5505,0,0,0,2017-04-20,32481624,5550,18,0,0,0,0,0,0,0,0,5555,88,0,0,0,0,0,0,0,0
164,2017-04-20,09:01:22,142,v1709,XDCE,5550,5500,5555,7468,206416200,169738,170016,5765,5225,5495,5530,0,5505,0,0,0,2017-04-20,32482142,5550,51,0,0,0,0,0,0,0,0,5555,87,0,0,0,0,0,0,0,0
165,2017-04-20,09:01:22,624,v1709,XDCE,5555,5500,5555,7606,210249050,169660,170016,5765,5225,5495,5530,0,5505,0,0,0,2017-04-20,32482624,5550,50,0,0,0,0,0,0,0,0,5555,22,0,0,0,0,0,0,0,0
166,2017-04-20,09:01:23,106,v1709,XDCE,5550,5500,5555,7622,210693100,169646,170016,5765,5225,5495,5530,0,5505,0,0,0,2017-04-20,32483106,5550,44,0,0,0,0,0,0,0,0,5555,26,0,0,0,0,0,0,0,0
167,2017-04-20,09:01:23,598,v1709,XDCE,5555,5500,5555,7644,211304150,169646,170016,5765,5225,5495,5530,0,5505,0,0,0,2017-04-20,32483598,5550,45,0,0,0,0,0,0,0,0,5555,19,0,0,0,0,0,0,0,0
168,2017-04-20,09:01:24,144,v1709,XDCE,5555,5500,5555,7644,211304150,169646,170016,5765,5225,5495,5530,0,5505,0,0,0,2017-04-20,32484144,5550,52,0,0,0,0,0,0,0,0,5555,31,0,0,0,0,0,0,0,0
169,2017-04-20,09:01:24,614,v1709,XDCE,5550,5500,5555,7646,211359650,169644,170016,5765,5225,5495,5530,0,5505,0,0,0,2017-04-20,32484614,5550,52,0,0,0,0,0,0,0,0,5555,31,0,0,0,0,0,0,0,0
170,2017-04-20,09:01:25,146,v1709,XDCE,5550,5500,5555,7646,211359650,169644,170016,5765,5225,5495,5530,0,5505,0,0,0,2017-04-20,32485146,5550,52,0,0,0,0,0,0,0,0,5555,36,0,0,0,0,0,0,0,0
171,2017-04-20,09:01:25,637,v1709,XDCE,5550,5500,5555,7648,211415150,169644,170016,5765,5225,5495,5530,0,5505,0,0,0,2017-04-20,32485637,5550,52,0,0,0,0,0,0,0,0,5555,44,0,0,0,0,0,0,0,0
172,2017-04-20,09:01:26,129,v1709,XDCE,5550,5500,5555,7774,214911550,169560,170016,5765,5225,5495,5530,0,5505,0,0,0,2017-04-20,32486129,5550,8,0,0,0,0,0,0,0,0,5555,44,0,0,0,0,0,0,0,0
173,2017-04-20,09:01:26,622,v1709,XDCE,5550,5500,5555,7790,215355600,169562,170016,5765,5225,5495,5530,0,5505,0,0,0,2017-04-20,32486622,5550,7,0,0,0,0,0,0,0,0,5555,47,0,0,0,0,0,0,0,0
174,2017-04-20,09:01:27,95,v1709,XDCE,5555,5500,5555,7844,216855350,169592,170016,5765,5225,5495,5530,0,5505,0,0,0,2017-04-20,32487095,5550,6,0,0,0,0,0,0,0,0,5555,26,0,0,0,0,0,0,0,0
175,2017-04-20,09:01:27,647,v1709,XDCE,5550,5500,5555,7882,217910000,169564,170016,5765,5225,5495,5530,0,5505,0,0,0,2017-04-20,32487647,5550,61,0,0,0,0,0,0,0,0,5555,26,0,0,0,0,0,0,0,0
176,2017-04-20,09:01:28,126,v1709,XDCE,5555,5500,5555,7886,218021050,169562,170016,5765,5225,5495,5530,0,5505,0,0,0,2017-04-20,32488126,5550,65,0,0,0,0,0,0,0,0,5555,31,0,0,0,0,0,0,0,0
177,2017-04-20,09:01:28,637,v1709,XDCE,5555,5500,5555,7888,218076600,169562,170016,5765,5225,5495,5530,0,5505,0,0,0,2017-04-20,32488637,5550,69,0,0,0,0,0,0,0,0,5555,29,0,0,0,0,0,0,0,0
178,2017-04-20,09:01:28,957,v1709,XDCE,5555,5500,5555,7888,218076600,169562,170016,5765,5225,5495,5530,0,5505,0,0,0,2017-04-20,32488957,5550,100,0,0,0,0,0,0,0,0,5555,29,0,0,0,0,0,0,0,0
179,2017-04-20,09:01:29,647,v1709,XDCE,5555,5500,5555,7948,219743050,169530,170016,5765,5225,5495,5530,0,5505,0,0,0,2017-04-20,32489647,5555,29,0,0,0,0,0,0,0,0,5560,172,0,0,0,0,0,0,0,0
180,2017-04-20,09:01:30,129,v1709,XDCE,5555,5500,5555,7956,219965250,169530,170016,5765,5225,5495,5530,0,5505,0,0,0,2017-04-20,32490129,5555,79,0,0,0,0,0,0,0,0,5560,174,0,0,0,0,0,0,0,0
181,2017-04-20,09:01:30,642,v1709,XDCE,5555,5500,5555,7962,220131900,169530,170016,5765,5225,5495,5530,0,5505,0,0,0,2017-04-20,32490642,5555,188,0,0,0,0,0,0,0,0,5560,175,0,0,0,0,0,0,0,0
182,2017-04-20,09:01:31,129,v1709,XDCE,5555,5500,5555,7966,220243000,169530,170016,5765,5225,5495,5530,0,5505,0,0,0,2017-04-20,32491129,5555,188,0,0,0,0,0,0,0,0,5560,174,0,0,0,0,0,0,0,0
183,2017-04-20,09:01:31,615,v1709,XDCE,5560,5500,5560,7992,220965550,169548,170016,5765,5225,5495,5530,0,5505,0,0,0,2017-04-20,32491615,5555,191,0,0,0,0,0,0,0,0,5560,166,0,0,0,0,0,0,0,0
184,2017-04-20,09:01:32,113,v1709,XDCE,5560,5500,5560,8152,225413450,169444,170016,5765,5225,5495,5530,0,5505,0,0,0,2017-04-20,32492113,5555,205,0,0,0,0,0,0,0,0,5560,98,0,0,0,0,0,0,0,0
185,2017-04-20,09:01:32,641,v1709,XDCE,5560,5500,5560,8226,227470550,169458,170016,5765,5225,5495,5530,0,5505,0,0,0,2017-04-20,32492641,5555,201,0,0,0,0,0,0,0,0,5560,64,0,0,0,0,0,0,0,0
186,2017-04-20,09:01:33,90,v1709,XDCE,5560,5500,5560,8242,227915350,169454,170016,5765,5225,5495,5530,0,5505,0,0,0,2017-04-20,32493090,5555,202,0,0,0,0,0,0,0,0,5560,58,0,0,0,0,0,0,0,0
187,2017-04-20,09:01:33,602,v1709,XDCE,5560,5500,5560,8366,231362550,169530,170016,5765,5225,5495,5530,0,5505,0,0,0,2017-04-20,32493602,5555,202,0,0,0,0,0,0,0,0,5565,41,0,0,0,0,0,0,0,0
188,2017-04-20,09:01:34,125,v1709,XDCE,5560,5500,5565,8396,232196700,169542,170016,5765,5225,5495,5530,0,5505,0,0,0,2017-04-20,32494125,5560,3,0,0,0,0,0,0,0,0,5565,52,0,0,0,0,0,0,0,0
189,2017-04-20,09:01:34,597,v1709,XDCE,5560,5500,5565,8412,232641500,169540,170016,5765,5225,5495,5530,0,5505,0,0,0,2017-04-20,32494597,5555,231,0,0,0,0,0,0,0,0,5560,15,0,0,0,0,0,0,0,0
190,2017-04-20,09:01:35,108,v1709,XDCE,5560,5500,5565,8442,233475000,169536,170016,5765,5225,5495,5530,0,5505,0,0,0,2017-04-20,32495108,5555,219,0,0,0,0,0,0,0,0,5560,1,0,0,0,0,0,0,0,0
191,2017-04-20,09:01:35,632,v1709,XDCE,5560,5500,5565,8456,233864050,169540,170016,5765,5225,5495,5530,0,5505,0,0,0,2017-04-20,32495632,5555,218,0,0,0,0,0,0,0,0,5560,5,0,0,0,0,0,0,0,0
192,2017-04-20,09:01:36,89,v1709,XDCE,5560,5500,5565,8456,233864050,169540,170016,5765,5225,5495,5530,0,5505,0,0,0,2017-04-20,32496089,5555,219,0,0,0,0,0,0,0,0,5560,8,0,0,0,0,0,0,0,0
193,2017-04-20,09:01:36,630,v1709,XDCE,5560,5500,5565,8662,239585750,169540,170016,5765,5225,5495,5530,0,5505,0,0,0,2017-04-20,32496630,5555,117,0,0,0,0,0,0,0,0,5560,14,0,0,0,0,0,0,0,0
194,2017-04-20,09:01:37,132,v1709,XDCE,5555,5500,5565,8668,239752500,169542,170016,5765,5225,5495,5530,0,5505,0,0,0,2017-04-20,32497132,5555,116,0,0,0,0,0,0,0,0,5560,44,0,0,0,0,0,0,0,0
195,2017-04-20,09:01:37,639,v1709,XDCE,5560,5500,5565,8670,239808100,169542,170016,5765,5225,5495,5530,0,5505,0,0,0,2017-04-20,32497639,5555,116,0,0,0,0,0,0,0,0,5560,54,0,0,0,0,0,0,0,0
196,2017-04-20,09:01:38,144,v1709,XDCE,5555,5500,5565,8828,244196850,169560,170016,5765,5225,5495,5530,0,5505,0,0,0,2017-04-20,32498144,5555,43,0,0,0,0,0,0,0,0,5560,250,0,0,0,0,0,0,0,0
197,2017-04-20,09:01:38,638,v1709,XDCE,5550,5500,5565,8964,247973600,169606,170016,5765,5225,5495,5530,0,5505,0,0,0,2017-04-20,32498638,5550,79,0,0,0,0,0,0,0,0,5555,13,0,0,0,0,0,0,0,0
198,2017-04-20,09:01:39,142,v1709,XDCE,5555,5500,5565,8968,248084700,169604,170016,5765,5225,5495,5530,0,5505,0,0,0,2017-04-20,32499142,5550,77,0,0,0,0,0,0,0,0,5555,56,0,0,0,0,0,0,0,0
199,2017-04-20,09:01:39,623,v1709,XDCE,5550,5500,5565,8996,248861800,169612,170016,5765,5225,5495,5530,0,5505,0,0,0,2017-04-20,32499623,5550,64,0,0,0,0,0,0,0,0,5555,76,0,0,0,0,0,0,0,0
200,2017-04-20,09:01:40,139,v1709,XDCE,5555,5500,5565,9002,249028450,169612,170016,5765,5225,5495,5530,0,5505,0,0,0,2017-04-20,32500139,5550,64,0,0,0,0,0,0,0,0,5555,74,0,0,0,0,0,0,0,0
201,2017-04-20,09:01:40,647,v1709,XDCE,5550,5500,5565,9018,249472750,169618,170016,5765,5225,5495,5530,0,5505,0,0,0,2017-04-20,32500647,5550,62,0,0,0,0,0,0,0,0,5555,80,0,0,0,0,0,0,0,0
202,2017-04-20,09:01:41,95,v1709,XDCE,5550,5500,5565,9018,249472750,169618,170016,5765,5225,5495,5530,0,5505,0,0,0,2017-04-20,32501095,5550,62,0,0,0,0,0,0,0,0,5555,84,0,0,0,0,0,0,0,0
203,2017-04-20,09:01:41,614,v1709,XDCE,5555,5500,5565,9020,249528300,169620,170016,5765,5225,5495,5530,0,5505,0,0,0,2017-04-20,32501614,5550,65,0,0,0,0,0,0,0,0,5555,83,0,0,0,0,0,0,0,0
204,2017-04-20,09:01:42,92,v1709,XDCE,5550,5500,5565,9024,249639350,169624,170016,5765,5225,5495,5530,0,5505,0,0,0,2017-04-20,32502092,5550,79,0,0,0,0,0,0,0,0,5555,83,0,0,0,0,0,0,0,0
205,2017-04-20,09:01:42,628,v1709,XDCE,5550,5500,5565,9254,256021850,169522,170016,5765,5225,5495,5530,0,5505,0,0,0,2017-04-20,32502628,5550,11,0,0,0,0,0,0,0,0,5555,69,0,0,0,0,0,0,0,0
206,2017-04-20,09:01:43,111,v1709,XDCE,5550,5500,5565,9284,256854350,169512,170016,5765,5225,5495,5530,0,5505,0,0,0,2017-04-20,32503111,5545,66,0,0,0,0,0,0,0,0,5550,10,0,0,0,0,0,0,0,0
207,2017-04-20,09:01:43,598,v1709,XDCE,5555,5500,5565,9548,264186450,169366,170016,5765,5225,5495,5530,0,5505,0,0,0,2017-04-20,32503598,5555,69,0,0,0,0,0,0,0,0,5560,301,0,0,0,0,0,0,0,0
208,2017-04-20,09:01:44,133,v1709,XDCE,5555,5500,5565,9694,268241600,169302,170016,5765,5225,5495,5530,0,5505,0,0,0,2017-04-20,32504133,5550,14,0,0,0,0,0,0,0,0,5555,38,0,0,0,0,0,0,0,0
209,2017-04-20,09:01:44,641,v1709,XDCE,5555,5500,5565,9714,268796900,169310,170016,5765,5225,5495,5530,0,5505,0,0,0,2017-04-20,32504641,5545,54,0,0,0,0,0,0,0,0,5555,98,0,0,0,0,0,0,0,0
210,2017-04-20,09:01:45,102,v1709,XDCE,5550,5500,5565,9716,268852400,169310,170016,5765,5225,5495,5530,0,5505,0,0,0,2017-04-20,32505102,5550,52,0,0,0,0,0,0,0,0,5555,97,0,0,0,0,0,0,0,0
211,2017-04-20,09:01:45,628,v1709,XDCE,5555,5500,5565,9746,269685600,169306,170016,5765,5225,5495,5530,0,5505,0,0,0,2017-04-20,32505628,5550,61,0,0,0,0,0,0,0,0,5555,194,0,0,0,0,0,0,0,0
212,2017-04-20,09:01:46,91,v1709,XDCE,5555,5500,5565,9756,269963350,169306,170016,5765,5225,5495,5530,0,5505,0,0,0,2017-04-20,32506091,5550,60,0,0,0,0,0,0,0,0,5555,193,0,0,0,0,0,0,0,0
213,2017-04-20,09:01:46,642,v1709,XDCE,5555,5500,5565,9758,270018900,169306,170016,5765,5225,5495,5530,0,5505,0,0,0,2017-04-20,32506642,5550,61,0,0,0,0,0,0,0,0,5555,193,0,0,0,0,0,0,0,0
214,2017-04-20,09:01:47,106,v1709,XDCE,5550,5500,5565,9770,270351900,169300,170016,5765,5225,5495,5530,0,5505,0,0,0,2017-04-20,32507106,5550,48,0,0,0,0,0,0,0,0,5555,195,0,0,0,0,0,0,0,0
215,2017-04-20,09:01:47,597,v1709,XDCE,5555,5500,5565,9778,270573950,169300,170016,5765,5225,5495,5530,0,5505,0,0,0,2017-04-20,32507597,5550,45,0,0,0,0,0,0,0,0,5555,206,0,0,0,0,0,0,0,0
216,2017-04-20,09:01:48,54,v1709,XDCE,5555,5500,5565,9780,270629500,169298,170016,5765,5225,5495,5530,0,5505,0,0,0,2017-04-20,32508054,5550,46,0,0,0,0,0,0,0,0,5555,245,0,0,0,0,0,0,0,0
217,2017-04-20,09:01:48,619,v1709,XDCE,5550,5500,5565,9782,270685000,169296,170016,5765,5225,5495,5530,0,5505,0,0,0,2017-04-20,32508619,5550,54,0,0,0,0,0,0,0,0,5555,244,0,0,0,0,0,0,0,0
218,2017-04-20,09:01:49,125,v1709,XDCE,5550,5500,5565,9786,270796000,169294,170016,5765,5225,5495,5530,0,5505,0,0,0,2017-04-20,32509125,5550,53,0,0,0,0,0,0,0,0,5555,244,0,0,0,0,0,0,0,0
219,2017-04-20,09:01:49,627,v1709,XDCE,5550,5500,5565,9800,271184550,169292,170016,5765,5225,5495,5530,0,5505,0,0,0,2017-04-20,32509627,5550,51,0,0,0,0,0,0,0,0,5555,243,0,0,0,0,0,0,0,0
220,2017-04-20,09:01:50,129,v1709,XDCE,5550,5500,5565,9808,271406550,169284,170016,5765,5225,5495,5530,0,5505,0,0,0,2017-04-20,32510129,5550,51,0,0,0,0,0,0,0,0,5555,263,0,0,0,0,0,0,0,0
221,2017-04-20,09:01:50,640,v1709,XDCE,5550,5500,5565,9820,271739550,169272,170016,5765,5225,5495,5530,0,5505,0,0,0,2017-04-20,32510640,5550,51,0,0,0,0,0,0,0,0,5555,266,0,0,0,0,0,0,0,0
222,2017-04-20,09:01:51,101,v1709,XDCE,5550,5500,5565,9842,272350050,169270,170016,5765,5225,5495,5530,0,5505,0,0,0,2017-04-20,32511101,5550,41,0,0,0,0,0,0,0,0,5555,266,0,0,0,0,0,0,0,0
223,2017-04-20,09:01:51,595,v1709,XDCE,5550,5500,5565,9948,275291550,169192,170016,5765,5225,5495,5530,0,5505,0,0,0,2017-04-20,32511595,5550,18,0,0,0,0,0,0,0,0,5555,276,0,0,0,0,0,0,0,0
224,2017-04-20,09:01:52,117,v1709,XDCE,5550,5500,5565,9960,275624650,169192,170016,5765,5225,5495,5530,0,5505,0,0,0,2017-04-20,32512117,5550,26,0,0,0,0,0,0,0,0,5555,271,0,0,0,0,0,0,0,0
225,2017-04-20,09:01:52,632,v1709,XDCE,5555,5500,5565,10268,284174300,169084,170016,5765,5225,5495,5530,0,5505,0,0,0,2017-04-20,32512632,5550,38,0,0,0,0,0,0,0,0,5555,220,0,0,0,0,0,0,0,0
226,2017-04-20,09:01:53,143,v1709,XDCE,5550,5500,5565,10270,284229800,169084,170016,5765,5225,5495,5530,0,5505,0,0,0,2017-04-20,32513143,5550,45,0,0,0,0,0,0,0,0,5555,221,0,0,0,0,0,0,0,0
227,2017-04-20,09:01:53,645,v1709,XDCE,5550,5500,5565,10274,284340800,169084,170016,5765,5225,5495,5530,0,5505,0,0,0,2017-04-20,32513645,5550,100,0,0,0,0,0,0,0,0,5555,211,0,0,0,0,0,0,0,0
228,2017-04-20,09:01:54,97,v1709,XDCE,5550,5500,5565,10280,284507300,169086,170016,5765,5225,5495,5530,0,5505,0,0,0,2017-04-20,32514097,5550,118,0,0,0,0,0,0,0,0,5555,211,0,0,0,0,0,0,0,0
229,2017-04-20,09:01:54,634,v1709,XDCE,5550,5500,5565,10280,284507300,169086,170016,5765,5225,5495,5530,0,5505,0,0,0,2017-04-20,32514634,5550,120,0,0,0,0,0,0,0,0,5555,201,0,0,0,0,0,0,0,0
230,2017-04-20,09:01:55,108,v1709,XDCE,5550,5500,5565,10286,284673800,169090,170016,5765,5225,5495,5530,0,5505,0,0,0,2017-04-20,32515108,5550,117,0,0,0,0,0,0,0,0,5555,201,0,0,0,0,0,0,0,0
231,2017-04-20,09:01:55,588,v1709,XDCE,5555,5500,5565,10288,284729350,169090,170016,5765,5225,5495,5530,0,5505,0,0,0,2017-04-20,32515588,5550,133,0,0,0,0,0,0,0,0,5555,200,0,0,0,0,0,0,0,0
232,2017-04-20,09:01:56,99,v1709,XDCE,5550,5500,5565,10292,284840350,169094,170016,5765,5225,5495,5530,0,5505,0,0,0,2017-04-20,32516099,5550,129,0,0,0,0,0,0,0,0,5555,210,0,0,0,0,0,0,0,0
233,2017-04-20,09:01:56,600,v1709,XDCE,5550,5500,5565,10292,284840350,169094,170016,5765,5225,5495,5530,0,5505,0,0,0,2017-04-20,32516600,5550,154,0,0,0,0,0,0,0,0,5555,212,0,0,0,0,0,0,0,0
234,2017-04-20,09:01:57,147,v1709,XDCE,5555,5500,5565,10320,285617450,169094,170016,5765,5225,5495,5530,0,5505,0,0,0,2017-04-20,32517147,5550,143,0,0,0,0,0,0,0,0,5555,210,0,0,0,0,0,0,0,0
235,2017-04-20,09:01:58,99,v1709,XDCE,5555,5500,5565,10320,285617450,169094,170016,5765,5225,5495,5530,0,5505,0,0,0,2017-04-20,32518099,5550,145,0,0,0,0,0,0,0,0,5555,200,0,0,0,0,0,0,0,0
236,2017-04-20,09:01:59,142,v1709,XDCE,5550,5500,5565,10322,285672950,169094,170016,5765,5225,5495,5530,0,5505,0,0,0,2017-04-20,32519142,5550,144,0,0,0,0,0,0,0,0,5555,200,0,0,0,0,0,0,0,0
237,2017-04-20,09:01:59,595,v1709,XDCE,5550,5500,5565,10326,285783950,169094,170016,5765,5225,5495,5530,0,5505,0,0,0,2017-04-20,32519595,5550,91,0,0,0,0,0,0,0,0,5555,200,0,0,0,0,0,0,0,0
238,2017-04-20,09:02:00,75,v1709,XDCE,5550,5500,5565,10326,285783950,169094,170016,5765,5225,5495,5530,0,5505,0,0,0,2017-04-20,32520075,5550,89,0,0,0,0,0,0,0,0,5555,214,0,0,0,0,0,0,0,0
239,2017-04-20,09:02:00,609,v1709,XDCE,5550,5500,5565,10348,286394450,169094,170016,5765,5225,5495,5530,0,5505,0,0,0,2017-04-20,32520609,5550,78,0,0,0,0,0,0,0,0,5555,215,0,0,0,0,0,0,0,0
240,2017-04-20,09:02:01,140,v1709,XDCE,5555,5500,5565,10350,286450000,169092,170016,5765,5225,5495,5530,0,5505,0,0,0,2017-04-20,32521140,5550,78,0,0,0,0,0,0,0,0,5555,215,0,0,0,0,0,0,0,0
241,2017-04-20,09:02:02,93,v1709,XDCE,5550,5500,5565,10352,286505500,169092,170016,5765,5225,5495,5530,0,5505,0,0,0,2017-04-20,32522093,5550,77,0,0,0,0,0,0,0,0,5555,215,0,0,0,0,0,0,0,0
242,2017-04-20,09:02:02,642,v1709,XDCE,5550,5500,5565,10506,290779000,169058,170016,5765,5225,5495,5530,0,5505,0,0,0,2017-04-20,32522642,5545,92,0,0,0,0,0,0,0,0,5550,23,0,0,0,0,0,0,0,0
243,2017-04-20,09:02:03,123,v1709,XDCE,5550,5500,5565,10568,292499500,169040,170016,5765,5225,5495,5530,0,5505,0,0,0,2017-04-20,32523123,5550,41,0,0,0,0,0,0,0,0,5555,217,0,0,0,0,0,0,0,0
244,2017-04-20,09:02:03,603,v1709,XDCE,5550,5500,5565,10588,293054500,169040,170016,5765,5225,5495,5530,0,5505,0,0,0,2017-04-20,32523603,5550,65,0,0,0,0,0,0,0,0,5555,217,0,0,0,0,0,0,0,0
245,2017-04-20,09:02:04,124,v1709,XDCE,5550,5500,5565,10590,293110000,169040,170016,5765,5225,5495,5530,0,5505,0,0,0,2017-04-20,32524124,5550,64,0,0,0,0,0,0,0,0,5555,232,0,0,0,0,0,0,0,0
246,2017-04-20,09:02:04,615,v1709,XDCE,5550,5500,5565,10590,293110000,169040,170016,5765,5225,5495,5530,0,5505,0,0,0,2017-04-20,32524615,5550,65,0,0,0,0,0,0,0,0,5555,235,0,0,0,0,0,0,0,0
247,2017-04-20,09:02:05,124,v1709,XDCE,5550,5500,5565,10592,293165500,169040,170016,5765,5225,5495,5530,0,5505,0,0,0,2017-04-20,32525124,5550,64,0,0,0,0,0,0,0,0,5555,234,0,0,0,0,0,0,0,0
248,2017-04-20,09:02:05,624,v1709,XDCE,5550,5500,5565,10594,293221000,169040,170016,5765,5225,5495,5530,0,5505,0,0,0,2017-04-20,32525624,5550,63,0,0,0,0,0,0,0,0,5555,234,0,0,0,0,0,0,0,0
249,2017-04-20,09:02:06,121,v1709,XDCE,5550,5500,5565,10594,293221000,169040,170016,5765,5225,5495,5530,0,5505,0,0,0,2017-04-20,32526121,5550,63,0,0,0,0,0,0,0,0,5555,235,0,0,0,0,0,0,0,0
250,2017-04-20,09:02:06,601,v1709,XDCE,5550,5500,5565,10594,293221000,169040,170016,5765,5225,5495,5530,0,5505,0,0,0,2017-04-20,32526601,5550,55,0,0,0,0,0,0,0,0,5555,240,0,0,0,0,0,0,0,0
251,2017-04-20,09:02:07,108,v1709,XDCE,5550,5500,5565,10610,293665000,169032,170016,5765,5225,5495,5530,0,5505,0,0,0,2017-04-20,32527108,5550,57,0,0,0,0,0,0,0,0,5555,248,0,0,0,0,0,0,0,0
252,2017-04-20,09:02:07,602,v1709,XDCE,5550,5500,5565,10724,296828500,168970,170016,5765,5225,5495,5530,0,5505,0,0,0,2017-04-20,32527602,5545,95,0,0,0,0,0,0,0,0,5550,11,0,0,0,0,0,0,0,0
253,2017-04-20,09:02:08,140,v1709,XDCE,5545,5500,5565,10728,296939400,168970,170016,5765,5225,5495,5530,0,5505,0,0,0,2017-04-20,32528140,5545,102,0,0,0,0,0,0,0,0,5550,25,0,0,0,0,0,0,0,0
254,2017-04-20,09:02:08,598,v1709,XDCE,5550,5500,5565,10782,298437900,168942,170016,5765,5225,5495,5530,0,5505,0,0,0,2017-04-20,32528598,5550,123,0,0,0,0,0,0,0,0,5555,253,0,0,0,0,0,0,0,0
255,2017-04-20,09:02:09,101,v1709,XDCE,5550,5500,5565,10784,298493400,168940,170016,5765,5225,5495,5530,0,5505,0,0,0,2017-04-20,32529101,5550,126,0,0,0,0,0,0,0,0,5555,255,0,0,0,0,0,0,0,0
256,2017-04-20,09:02:09,638,v1709,XDCE,5550,5500,5565,10784,298493400,168940,170016,5765,5225,5495,5530,0,5505,0,0,0,2017-04-20,32529638,5550,127,0,0,0,0,0,0,0,0,5555,256,0,0,0,0,0,0,0,0
257,2017-04-20,09:02:10,147,v1709,XDCE,5550,5500,5565,10790,298659950,168936,170016,5765,5225,5495,5530,0,5505,0,0,0,2017-04-20,32530147,5550,125,0,0,0,0,0,0,0,0,5555,255,0,0,0,0,0,0,0,0
258,2017-04-20,09:02:10,620,v1709,XDCE,5550,5500,5565,10796,298826450,168936,170016,5765,5225,5495,5530,0,5505,0,0,0,2017-04-20,32530620,5550,122,0,0,0,0,0,0,0,0,5555,255,0,0,0,0,0,0,0,0
259,2017-04-20,09:02:11,106,v1709,XDCE,5550,5500,5565,10808,299159500,168932,170016,5765,5225,5495,5530,0,5505,0,0,0,2017-04-20,32531106,5550,117,0,0,0,0,0,0,0,0,5555,254,0,0,0,0,0,0,0,0
260,2017-04-20,09:02:11,629,v1709,XDCE,5550,5500,5565,10890,301435000,168932,170016,5765,5225,5495,5530,0,5505,0,0,0,2017-04-20,32531629,5550,76,0,0,0,0,0,0,0,0,5555,254,0,0,0,0,0,0,0,0
261,2017-04-20,09:02:12,90,v1709,XDCE,5555,5500,5565,10900,301712550,168930,170016,5765,5225,5495,5530,0,5505,0,0,0,2017-04-20,32532090,5550,73,0,0,0,0,0,0,0,0,5555,258,0,0,0,0,0,0,0,0
262,2017-04-20,09:02:12,608,v1709,XDCE,5550,5500,5565,10902,301768050,168930,170016,5765,5225,5495,5530,0,5505,0,0,0,2017-04-20,32532608,5550,72,0,0,0,0,0,0,0,0,5555,259,0,0,0,0,0,0,0,0
263,2017-04-20,09:02:13,125,v1709,XDCE,5550,5500,5565,11114,307656050,168734,170016,5765,5225,5495,5530,0,5505,0,0,0,2017-04-20,32533125,5550,20,0,0,0,0,0,0,0,0,5555,156,0,0,0,0,0,0,0,0
264,2017-04-20,09:02:13,635,v1709,XDCE,5555,5500,5565,11128,308044850,168722,170016,5765,5225,5495,5530,0,5505,0,0,0,2017-04-20,32533635,5550,20,0,0,0,0,0,0,0,0,5555,150,0,0,0,0,0,0,0,0
265,2017-04-20,09:02:14,92,v1709,XDCE,5550,5500,5565,11132,308155850,168722,170016,5765,5225,5495,5530,0,5505,0,0,0,2017-04-20,32534092,5550,18,0,0,0,0,0,0,0,0,5555,156,0,0,0,0,0,0,0,0
266,2017-04-20,09:02:14,605,v1709,XDCE,5550,5500,5565,11154,308766350,168726,170016,5765,5225,5495,5530,0,5505,0,0,0,2017-04-20,32534605,5550,7,0,0,0,0,0,0,0,0,5555,156,0,0,0,0,0,0,0,0
267,2017-04-20,09:02:15,90,v1709,XDCE,5550,5500,5565,11168,309154850,168718,170016,5765,5225,5495,5530,0,5505,0,0,0,2017-04-20,32535090,5550,51,0,0,0,0,0,0,0,0,5555,157,0,0,0,0,0,0,0,0
268,2017-04-20,09:02:15,585,v1709,XDCE,5550,5500,5565,11176,309376950,168722,170016,5765,5225,5495,5530,0,5505,0,0,0,2017-04-20,32535585,5550,61,0,0,0,0,0,0,0,0,5555,162,0,0,0,0,0,0,0,0
269,2017-04-20,09:02:16,91,v1709,XDCE,5555,5500,5565,11180,309488050,168722,170016,5765,5225,5495,5530,0,5505,0,0,0,2017-04-20,32536091,5550,61,0,0,0,0,0,0,0,0,5555,164,0,0,0,0,0,0,0,0
270,2017-04-20,09:02:16,624,v1709,XDCE,5555,5500,5565,11180,309488050,168722,170016,5765,5225,5495,5530,0,5505,0,0,0,2017-04-20,32536624,5550,62,0,0,0,0,0,0,0,0,5555,164,0,0,0,0,0,0,0,0
271,2017-04-20,09:02:17,67,v1709,XDCE,5555,5500,5565,11180,309488050,168722,170016,5765,5225,5495,5530,0,5505,0,0,0,2017-04-20,32537067,5550,81,0,0,0,0,0,0,0,0,5555,164,0,0,0,0,0,0,0,0
272,2017-04-20,09:02:17,643,v1709,XDCE,5555,5500,5565,11186,309654600,168722,170016,5765,5225,5495,5530,0,5505,0,0,0,2017-04-20,32537643,5550,79,0,0,0,0,0,0,0,0,5555,163,0,0,0,0,0,0,0,0
273,2017-04-20,09:02:18,78,v1709,XDCE,5555,5500,5565,11198,309987700,168714,170016,5765,5225,5495,5530,0,5505,0,0,0,2017-04-20,32538078,5550,75,0,0,0,0,0,0,0,0,5555,161,0,0,0,0,0,0,0,0
274,2017-04-20,09:02:18,571,v1709,XDCE,5555,5500,5565,11198,309987700,168714,170016,5765,5225,5495,5530,0,5505,0,0,0,2017-04-20,32538571,5550,76,0,0,0,0,0,0,0,0,5555,161,0,0,0,0,0,0,0,0
275,2017-04-20,09:02:19,102,v1709,XDCE,5555,5500,5565,11206,310209850,168720,170016,5765,5225,5495,5530,0,5505,0,0,0,2017-04-20,32539102,5550,78,0,0,0,0,0,0,0,0,5555,148,0,0,0,0,0,0,0,0
276,2017-04-20,09:02:20,133,v1709,XDCE,5555,5500,5565,11206,310209850,168720,170016,5765,5225,5495,5530,0,5505,0,0,0,2017-04-20,32540133,5550,82,0,0,0,0,0,0,0,0,5555,149,0,0,0,0,0,0,0,0
277,2017-04-20,09:02:20,637,v1709,XDCE,5555,5500,5565,11206,310209850,168720,170016,5765,5225,5495,5530,0,5505,0,0,0,2017-04-20,32540637,5550,83,0,0,0,0,0,0,0,0,5555,149,0,0,0,0,0,0,0,0
278,2017-04-20,09:02:21,100,v1709,XDCE,5550,5500,5565,11210,310320900,168720,170016,5765,5225,5495,5530,0,5505,0,0,0,2017-04-20,32541100,5550,80,0,0,0,0,0,0,0,0,5555,158,0,0,0,0,0,0,0,0
279,2017-04-20,09:02:21,926,v1709,XDCE,5550,5500,5565,11212,310376400,168718,170016,5765,5225,5495,5530,0,5505,0,0,0,2017-04-20,32541926,5550,79,0,0,0,0,0,0,0,0,5555,163,0,0,0,0,0,0,0,0
280,2017-04-20,09:02:22,623,v1709,XDCE,5550,5500,5565,11212,310376400,168718,170016,5765,5225,5495,5530,0,5505,0,0,0,2017-04-20,32542623,5550,89,0,0,0,0,0,0,0,0,5555,164,0,0,0,0,0,0,0,0
281,2017-04-20,09:02:22,973,v1709,XDCE,5550,5500,5565,11218,310542900,168718,170016,5765,5225,5495,5530,0,5505,0,0,0,2017-04-20,32542973,5550,86,0,0,0,0,0,0,0,0,5555,163,0,0,0,0,0,0,0,0
282,2017-04-20,09:02:23,617,v1709,XDCE,5550,5500,5565,11218,310542900,168718,170016,5765,5225,5495,5530,0,5505,0,0,0,2017-04-20,32543617,5550,86,0,0,0,0,0,0,0,0,5555,181,0,0,0,0,0,0,0,0
283,2017-04-20,09:02:24,104,v1709,XDCE,5555,5500,5565,11222,310654000,168720,170016,5765,5225,5495,5530,0,5505,0,0,0,2017-04-20,32544104,5550,86,0,0,0,0,0,0,0,0,5555,180,0,0,0,0,0,0,0,0
284,2017-04-20,09:02:25,90,v1709,XDCE,5550,5500,5565,11224,310709500,168720,170016,5765,5225,5495,5530,0,5505,0,0,0,2017-04-20,32545090,5550,85,0,0,0,0,0,0,0,0,5555,182,0,0,0,0,0,0,0,0
285,2017-04-20,09:02:25,591,v1709,XDCE,5550,5500,5565,11226,310765000,168720,170016,5765,5225,5495,5530,0,5505,0,0,0,2017-04-20,32545591,5550,84,0,0,0,0,0,0,0,0,5555,182,0,0,0,0,0,0,0,0
286,2017-04-20,09:02:26,13,v1709,XDCE,5555,5500,5565,11228,310820550,168720,170016,5765,5225,5495,5530,0,5505,0,0,0,2017-04-20,32546013,5550,68,0,0,0,0,0,0,0,0,5555,186,0,0,0,0,0,0,0,0
287,2017-04-20,09:02:26,590,v1709,XDCE,5550,5500,5565,11230,310876050,168718,170016,5765,5225,5495,5530,0,5505,0,0,0,2017-04-20,32546590,5550,67,0,0,0,0,0,0,0,0,5555,186,0,0,0,0,0,0,0,0
288,2017-04-20,09:02:27,117,v1709,XDCE,5550,5500,5565,11230,310876050,168718,170016,5765,5225,5495,5530,0,5505,0,0,0,2017-04-20,32547117,5550,72,0,0,0,0,0,0,0,0,5555,186,0,0,0,0,0,0,0,0
289,2017-04-20,09:02:27,616,v1709,XDCE,5550,5500,5565,11240,311153550,168718,170016,5765,5225,5495,5530,0,5505,0,0,0,2017-04-20,32547616,5550,67,0,0,0,0,0,0,0,0,5555,186,0,0,0,0,0,0,0,0
290,2017-04-20,09:02:28,78,v1709,XDCE,5550,5500,5565,11242,311209050,168716,170016,5765,5225,5495,5530,0,5505,0,0,0,2017-04-20,32548078,5550,66,0,0,0,0,0,0,0,0,5555,186,0,0,0,0,0,0,0,0
291,2017-04-20,09:02:29,603,v1709,XDCE,5550,5500,5565,11242,311209050,168716,170016,5765,5225,5495,5530,0,5505,0,0,0,2017-04-20,32549603,5550,66,0,0,0,0,0,0,0,0,5555,187,0,0,0,0,0,0,0,0
292,2017-04-20,09:02:30,136,v1709,XDCE,5550,5500,5565,11242,311209050,168716,170016,5765,5225,5495,5530,0,5505,0,0,0,2017-04-20,32550136,5550,66,0,0,0,0,0,0,0,0,5555,200,0,0,0,0,0,0,0,0
293,2017-04-20,09:02:31,136,v1709,XDCE,5550,5500,5565,11250,311431050,168716,170016,5765,5225,5495,5530,0,5505,0,0,0,2017-04-20,32551136,5550,62,0,0,0,0,0,0,0,0,5555,200,0,0,0,0,0,0,0,0
294,2017-04-20,09:02:31,589,v1709,XDCE,5550,5500,5565,11254,311542100,168714,170016,5765,5225,5495,5530,0,5505,0,0,0,2017-04-20,32551589,5550,61,0,0,0,0,0,0,0,0,5555,202,0,0,0,0,0,0,0,0
295,2017-04-20,09:02:32,136,v1709,XDCE,5550,5500,5565,11254,311542100,168714,170016,5765,5225,5495,5530,0,5505,0,0,0,2017-04-20,32552136,5550,61,0,0,0,0,0,0,0,0,5555,205,0,0,0,0,0,0,0,0
296,2017-04-20,09:02:32,436,v1709,XDCE,5550,5500,5565,11254,311542100,168714,170016,5765,5225,5495,5530,0,5505,0,0,0,2017-04-20,32552436,5550,61,0,0,0,0,0,0,0,0,5555,206,0,0,0,0,0,0,0,0
297,2017-04-20,09:02:33,89,v1709,XDCE,5550,5500,5565,11258,311653100,168710,170016,5765,5225,5495,5530,0,5505,0,0,0,2017-04-20,32553089,5550,59,0,0,0,0,0,0,0,0,5555,206,0,0,0,0,0,0,0,0
298,2017-04-20,09:02:33,505,v1709,XDCE,5550,5500,5565,11270,311986100,168698,170016,5765,5225,5495,5530,0,5505,0,0,0,2017-04-20,32553505,5550,53,0,0,0,0,0,0,0,0,5555,205,0,0,0,0,0,0,0,0
299,2017-04-20,09:02:34,123,v1709,XDCE,5550,5500,5565,11272,312041600,168698,170016,5765,5225,5495,5530,0,5505,0,0,0,2017-04-20,32554123,5550,52,0,0,0,0,0,0,0,0,5555,211,0,0,0,0,0,0,0,0
300,2017-04-20,09:02:34,484,v1709,XDCE,5555,5500,5565,11274,312097150,168698,170016,5765,5225,5495,5530,0,5505,0,0,0,2017-04-20,32554484,5550,52,0,0,0,0,0,0,0,0,5555,212,0,0,0,0,0,0,0,0
301,2017-04-20,09:02:35,117,v1709,XDCE,5550,5500,5565,11280,312263650,168692,170016,5765,5225,5495,5530,0,5505,0,0,0,2017-04-20,32555117,5550,183,0,0,0,0,0,0,0,0,5555,212,0,0,0,0,0,0,0,0
302,2017-04-20,09:02:35,344,v1709,XDCE,5550,5500,5565,11282,312319150,168690,170016,5765,5225,5495,5530,0,5505,0,0,0,2017-04-20,32555344,5550,184,0,0,0,0,0,0,0,0,5555,203,0,0,0,0,0,0,0,0
303,2017-04-20,09:02:36,583,v1709,XDCE,5550,5500,5565,11282,312319150,168690,170016,5765,5225,5495,5530,0,5505,0,0,0,2017-04-20,32556583,5550,185,0,0,0,0,0,0,0,0,5555,203,0,0,0,0,0,0,0,0
304,2017-04-20,09:02:37,142,v1709,XDCE,5550,5500,5565,11284,312374650,168688,170016,5765,5225,5495,5530,0,5505,0,0,0,2017-04-20,32557142,5550,184,0,0,0,0,0,0,0,0,5555,205,0,0,0,0,0,0,0,0
305,2017-04-20,09:02:37,631,v1709,XDCE,5550,5500,5565,11284,312374650,168688,170016,5765,5225,5495,5530,0,5505,0,0,0,2017-04-20,32557631,5550,185,0,0,0,0,0,0,0,0,5555,205,0,0,0,0,0,0,0,0
306,2017-04-20,09:02:38,94,v1709,XDCE,5550,5500,5565,11284,312374650,168688,170016,5765,5225,5495,5530,0,5505,0,0,0,2017-04-20,32558094,5550,185,0,0,0,0,0,0,0,0,5555,185,0,0,0,0,0,0,0,0
307,2017-04-20,09:02:38,592,v1709,XDCE,5555,5500,5565,11286,312430200,168686,170016,5765,5225,5495,5530,0,5505,0,0,0,2017-04-20,32558592,5550,184,0,0,0,0,0,0,0,0,5555,194,0,0,0,0,0,0,0,0
308,2017-04-20,09:02:39,71,v1709,XDCE,5555,5500,5565,11286,312430200,168686,170016,5765,5225,5495,5530,0,5505,0,0,0,2017-04-20,32559071,5550,184,0,0,0,0,0,0,0,0,5555,195,0,0,0,0,0,0,0,0
309,2017-04-20,09:02:39,626,v1709,XDCE,5550,5500,5565,11312,313152250,168684,170016,5765,5225,5495,5530,0,5505,0,0,0,2017-04-20,32559626,5550,182,0,0,0,0,0,0,0,0,5555,184,0,0,0,0,0,0,0,0
310,2017-04-20,09:02:39,950,v1709,XDCE,5550,5500,5565,11314,313207750,168684,170016,5765,5225,5495,5530,0,5505,0,0,0,2017-04-20,32559950,5550,181,0,0,0,0,0,0,0,0,5555,184,0,0,0,0,0,0,0,0
311,2017-04-20,09:02:40,618,v1709,XDCE,5555,5500,5565,11324,313485500,168684,170016,5765,5225,5495,5530,0,5505,0,0,0,2017-04-20,32560618,5550,181,0,0,0,0,0,0,0,0,5555,179,0,0,0,0,0,0,0,0
312,2017-04-20,09:02:41,112,v1709,XDCE,5555,5500,5565,11326,313541050,168682,170016,5765,5225,5495,5530,0,5505,0,0,0,2017-04-20,32561112,5550,183,0,0,0,0,0,0,0,0,5555,168,0,0,0,0,0,0,0,0
313,2017-04-20,09:02:41,626,v1709,XDCE,5550,5500,5565,11328,313596550,168682,170016,5765,5225,5495,5530,0,5505,0,0,0,2017-04-20,32561626,5550,185,0,0,0,0,0,0,0,0,5555,168,0,0,0,0,0,0,0,0
314,2017-04-20,09:02:42,1,v1709,XDCE,5550,5500,5565,11328,313596550,168682,170016,5765,5225,5495,5530,0,5505,0,0,0,2017-04-20,32562001,5550,185,0,0,0,0,0,0,0,0,5555,163,0,0,0,0,0,0,0,0
315,2017-04-20,09:02:43,109,v1709,XDCE,5550,5500,5565,11328,313596550,168682,170016,5765,5225,5495,5530,0,5505,0,0,0,2017-04-20,32563109,5550,186,0,0,0,0,0,0,0,0,5555,163,0,0,0,0,0,0,0,0
316,2017-04-20,09:02:43,645,v1709,XDCE,5550,5500,5565,11328,313596550,168682,170016,5765,5225,5495,5530,0,5505,0,0,0,2017-04-20,32563645,5550,187,0,0,0,0,0,0,0,0,5555,163,0,0,0,0,0,0,0,0
317,2017-04-20,09:02:44,142,v1709,XDCE,5550,5500,5565,11328,313596550,168682,170016,5765,5225,5495,5530,0,5505,0,0,0,2017-04-20,32564142,5550,182,0,0,0,0,0,0,0,0,5555,163,0,0,0,0,0,0,0,0
318,2017-04-20,09:02:44,632,v1709,XDCE,5555,5500,5565,11496,318262700,168608,170016,5765,5225,5495,5530,0,5505,0,0,0,2017-04-20,32564632,5550,189,0,0,0,0,0,0,0,0,5555,80,0,0,0,0,0,0,0,0
319,2017-04-20,09:02:45,131,v1709,XDCE,5555,5500,5565,11658,322762250,168582,170016,5765,5225,5495,5530,0,5505,0,0,0,2017-04-20,32565131,5555,13,0,0,0,0,0,0,0,0,5560,343,0,0,0,0,0,0,0,0
320,2017-04-20,09:02:45,635,v1709,XDCE,5555,5500,5565,11662,322873350,168580,170016,5765,5225,5495,5530,0,5505,0,0,0,2017-04-20,32565635,5555,16,0,0,0,0,0,0,0,0,5560,342,0,0,0,0,0,0,0,0
321,2017-04-20,09:02:46,94,v1709,XDCE,5555,5500,5565,11662,322873350,168580,170016,5765,5225,5495,5530,0,5505,0,0,0,2017-04-20,32566094,5555,26,0,0,0,0,0,0,0,0,5560,334,0,0,0,0,0,0,0,0
322,2017-04-20,09:02:46,620,v1709,XDCE,5555,5500,5565,11662,322873350,168580,170016,5765,5225,5495,5530,0,5505,0,0,0,2017-04-20,32566620,5555,28,0,0,0,0,0,0,0,0,5560,334,0,0,0,0,0,0,0,0
323,2017-04-20,09:02:47,95,v1709,XDCE,5555,5500,5565,11662,322873350,168580,170016,5765,5225,5495,5530,0,5505,0,0,0,2017-04-20,32567095,5555,25,0,0,0,0,0,0,0,0,5560,334,0,0,0,0,0,0,0,0
324,2017-04-20,09:02:47,616,v1709,XDCE,5555,5500,5565,11664,322928900,168580,170016,5765,5225,5495,5530,0,5505,0,0,0,2017-04-20,32567616,5555,24,0,0,0,0,0,0,0,0,5560,335,0,0,0,0,0,0,0,0
325,2017-04-20,09:02:48,118,v1709,XDCE,5555,5500,5565,11796,326595250,168564,170016,5765,5225,5495,5530,0,5505,0,0,0,2017-04-20,32568118,5550,188,0,0,0,0,0,0,0,0,5555,17,0,0,0,0,0,0,0,0
326,2017-04-20,09:02:48,614,v1709,XDCE,5555,5500,5565,11852,328150650,168590,170016,5765,5225,5495,5530,0,5505,0,0,0,2017-04-20,32568614,5550,194,0,0,0,0,0,0,0,0,5555,25,0,0,0,0,0,0,0,0
327,2017-04-20,09:02:49,104,v1709,XDCE,5555,5500,5565,11854,328206200,168592,170016,5765,5225,5495,5530,0,5505,0,0,0,2017-04-20,32569104,5550,189,0,0,0,0,0,0,0,0,5555,24,0,0,0,0,0,0,0,0
328,2017-04-20,09:02:49,634,v1709,XDCE,5555,5500,5565,11854,328206200,168592,170016,5765,5225,5495,5530,0,5505,0,0,0,2017-04-20,32569634,5550,189,0,0,0,0,0,0,0,0,5555,28,0,0,0,0,0,0,0,0
329,2017-04-20,09:02:50,103,v1709,XDCE,5550,5500,5565,11858,328317200,168592,170016,5765,5225,5495,5530,0,5505,0,0,0,2017-04-20,32570103,5550,187,0,0,0,0,0,0,0,0,5555,28,0,0,0,0,0,0,0,0
330,2017-04-20,09:02:50,499,v1709,XDCE,5550,5500,5565,11858,328317200,168592,170016,5765,5225,5495,5530,0,5505,0,0,0,2017-04-20,32570499,5550,187,0,0,0,0,0,0,0,0,5555,32,0,0,0,0,0,0,0,0
331,2017-04-20,09:02:51,88,v1709,XDCE,5550,5500,5565,11858,328317200,168592,170016,5765,5225,5495,5530,0,5505,0,0,0,2017-04-20,32571088,5550,187,0,0,0,0,0,0,0,0,5555,42,0,0,0,0,0,0,0,0
332,2017-04-20,09:02:52,134,v1709,XDCE,5555,5500,5565,11860,328372750,168594,170016,5765,5225,5495,5530,0,5505,0,0,0,2017-04-20,32572134,5550,187,0,0,0,0,0,0,0,0,5555,42,0,0,0,0,0,0,0,0
333,2017-04-20,09:02:52,635,v1709,XDCE,5555,5500,5565,11864,328483850,168594,170016,5765,5225,5495,5530,0,5505,0,0,0,2017-04-20,32572635,5550,187,0,0,0,0,0,0,0,0,5555,40,0,0,0,0,0,0,0,0
334,2017-04-20,09:02:53,142,v1709,XDCE,5555,5500,5565,11866,328539400,168596,170016,5765,5225,5495,5530,0,5505,0,0,0,2017-04-20,32573142,5550,187,0,0,0,0,0,0,0,0,5555,39,0,0,0,0,0,0,0,0
335,2017-04-20,09:02:53,642,v1709,XDCE,5555,5500,5565,11866,328539400,168596,170016,5765,5225,5495,5530,0,5505,0,0,0,2017-04-20,32573642,5550,187,0,0,0,0,0,0,0,0,5555,40,0,0,0,0,0,0,0,0
336,2017-04-20,09:02:54,134,v1709,XDCE,5555,5500,5565,11870,328650500,168596,170016,5765,5225,5495,5530,0,5505,0,0,0,2017-04-20,32574134,5550,187,0,0,0,0,0,0,0,0,5555,38,0,0,0,0,0,0,0,0
337,2017-04-20,09:02:54,595,v1709,XDCE,5550,5500,5565,11874,328761550,168596,170016,5765,5225,5495,5530,0,5505,0,0,0,2017-04-20,32574595,5550,186,0,0,0,0,0,0,0,0,5555,52,0,0,0,0,0,0,0,0
338,2017-04-20,09:02:55,19,v1709,XDCE,5550,5500,5565,11876,328817050,168594,170016,5765,5225,5495,5530,0,5505,0,0,0,2017-04-20,32575019,5550,185,0,0,0,0,0,0,0,0,5555,53,0,0,0,0,0,0,0,0
339,2017-04-20,09:02:55,628,v1709,XDCE,5550,5500,5565,11876,328817050,168594,170016,5765,5225,5495,5530,0,5505,0,0,0,2017-04-20,32575628,5550,185,0,0,0,0,0,0,0,0,5555,54,0,0,0,0,0,0,0,0
340,2017-04-20,09:02:56,74,v1709,XDCE,5550,5500,5565,11876,328817050,168594,170016,5765,5225,5495,5530,0,5505,0,0,0,2017-04-20,32576074,5550,185,0,0,0,0,0,0,0,0,5555,57,0,0,0,0,0,0,0,0
341,2017-04-20,09:02:56,632,v1709,XDCE,5555,5500,5565,11878,328872600,168596,170016,5765,5225,5495,5530,0,5505,0,0,0,2017-04-20,32576632,5550,190,0,0,0,0,0,0,0,0,5555,56,0,0,0,0,0,0,0,0
342,2017-04-20,09:02:57,95,v1709,XDCE,5555,5500,5565,11878,328872600,168596,170016,5765,5225,5495,5530,0,5505,0,0,0,2017-04-20,32577095,5550,185,0,0,0,0,0,0,0,0,5555,56,0,0,0,0,0,0,0,0
343,2017-04-20,09:02:57,600,v1709,XDCE,5550,5500,5565,11884,329039100,168594,170016,5765,5225,5495,5530,0,5505,0,0,0,2017-04-20,32577600,5550,182,0,0,0,0,0,0,0,0,5555,61,0,0,0,0,0,0,0,0
344,2017-04-20,09:02:58,106,v1709,XDCE,5550,5500,5565,11886,329094600,168594,170016,5765,5225,5495,5530,0,5505,0,0,0,2017-04-20,32578106,5550,181,0,0,0,0,0,0,0,0,5555,61,0,0,0,0,0,0,0,0
345,2017-04-20,09:02:59,95,v1709,XDCE,5550,5500,5565,11888,329150100,168594,170016,5765,5225,5495,5530,0,5505,0,0,0,2017-04-20,32579095,5550,178,0,0,0,0,0,0,0,0,5555,74,0,0,0,0,0,0,0,0
346,2017-04-20,09:02:59,625,v1709,XDCE,5550,5500,5565,11888,329150100,168594,170016,5765,5225,5495,5530,0,5505,0,0,0,2017-04-20,32579625,5550,178,0,0,0,0,0,0,0,0,5555,86,0,0,0,0,0,0,0,0
347,2017-04-20,09:03:00,41,v1709,XDCE,5550,5500,5565,11898,329427600,168594,170016,5765,5225,5495,5530,0,5505,0,0,0,2017-04-20,32580041,5550,173,0,0,0,0,0,0,0,0,5555,86,0,0,0,0,0,0,0,0
348,2017-04-20,09:03:00,595,v1709,XDCE,5550,5500,5565,11898,329427600,168594,170016,5765,5225,5495,5530,0,5505,0,0,0,2017-04-20,32580595,5550,173,0,0,0,0,0,0,0,0,5555,136,0,0,0,0,0,0,0,0
349,2017-04-20,09:03:01,138,v1709,XDCE,5555,5500,5565,11902,329538700,168594,170016,5765,5225,5495,5530,0,5505,0,0,0,2017-04-20,32581138,5550,180,0,0,0,0,0,0,0,0,5555,135,0,0,0,0,0,0,0,0
350,2017-04-20,09:03:01,643,v1709,XDCE,5555,5500,5565,11932,330371550,168600,170016,5765,5225,5495,5530,0,5505,0,0,0,2017-04-20,32581643,5550,170,0,0,0,0,0,0,0,0,5555,128,0,0,0,0,0,0,0,0
351,2017-04-20,09:03:02,91,v1709,XDCE,5555,5500,5565,11976,331593050,168598,170016,5765,5225,5495,5530,0,5505,0,0,0,2017-04-20,32582091,5550,156,0,0,0,0,0,0,0,0,5555,118,0,0,0,0,0,0,0,0
352,2017-04-20,09:03:02,590,v1709,XDCE,5550,5500,5565,12092,334812100,168610,170016,5765,5225,5495,5530,0,5505,0,0,0,2017-04-20,32582590,5550,98,0,0,0,0,0,0,0,0,5555,117,0,0,0,0,0,0,0,0
353,2017-04-20,09:03:03,101,v1709,XDCE,5545,5500,5565,12294,340417500,168634,170016,5765,5225,5495,5530,0,5505,0,0,0,2017-04-20,32583101,5545,65,0,0,0,0,0,0,0,0,5550,22,0,0,0,0,0,0,0,0
354,2017-04-20,09:03:03,607,v1709,XDCE,5545,5500,5565,12294,340417500,168634,170016,5765,5225,5495,5530,0,5505,0,0,0,2017-04-20,32583607,5545,60,0,0,0,0,0,0,0,0,5550,73,0,0,0,0,0,0,0,0
355,2017-04-20,09:03:04,98,v1709,XDCE,5545,5500,5565,12294,340417500,168634,170016,5765,5225,5495,5530,0,5505,0,0,0,2017-04-20,32584098,5545,62,0,0,0,0,0,0,0,0,5550,63,0,0,0,0,0,0,0,0
356,2017-04-20,09:03:04,515,v1709,XDCE,5550,5500,5565,12314,340972500,168644,170016,5765,5225,5495,5530,0,5505,0,0,0,2017-04-20,32584515,5545,61,0,0,0,0,0,0,0,0,5550,56,0,0,0,0,0,0,0,0
357,2017-04-20,09:03:05,104,v1709,XDCE,5545,5500,5565,12320,341138900,168650,170016,5765,5225,5495,5530,0,5505,0,0,0,2017-04-20,32585104,5545,58,0,0,0,0,0,0,0,0,5550,56,0,0,0,0,0,0,0,0
358,2017-04-20,09:03:05,592,v1709,XDCE,5550,5500,5565,12322,341194400,168652,170016,5765,5225,5495,5530,0,5505,0,0,0,2017-04-20,32585592,5545,58,0,0,0,0,0,0,0,0,5550,61,0,0,0,0,0,0,0,0
359,2017-04-20,09:03:06,133,v1709,XDCE,5550,5500,5565,12334,341527400,168662,170016,5765,5225,5495,5530,0,5505,0,0,0,2017-04-20,32586133,5545,61,0,0,0,0,0,0,0,0,5550,53,0,0,0,0,0,0,0,0
360,2017-04-20,09:03:06,509,v1709,XDCE,5550,5500,5565,12348,341915900,168650,170016,5765,5225,5495,5530,0,5505,0,0,0,2017-04-20,32586509,5545,61,0,0,0,0,0,0,0,0,5550,47,0,0,0,0,0,0,0,0
361,2017-04-20,09:03:07,145,v1709,XDCE,5545,5500,5565,12350,341971350,168652,170016,5765,5225,5495,5530,0,5505,0,0,0,2017-04-20,32587145,5545,69,0,0,0,0,0,0,0,0,5550,47,0,0,0,0,0,0,0,0
362,2017-04-20,09:03:07,595,v1709,XDCE,5545,5500,5565,12350,341971350,168652,170016,5765,5225,5495,5530,0,5505,0,0,0,2017-04-20,32587595,5545,78,0,0,0,0,0,0,0,0,5550,47,0,0,0,0,0,0,0,0
363,2017-04-20,09:03:08,97,v1709,XDCE,5550,5500,5565,12444,344579850,168626,170016,5765,5225,5495,5530,0,5505,0,0,0,2017-04-20,32588097,5550,235,0,0,0,0,0,0,0,0,5555,67,0,0,0,0,0,0,0,0
364,2017-04-20,09:03:08,648,v1709,XDCE,5550,5500,5565,12456,344912850,168624,170016,5765,5225,5495,5530,0,5505,0,0,0,2017-04-20,32588648,5550,236,0,0,0,0,0,0,0,0,5555,63,0,0,0,0,0,0,0,0
365,2017-04-20,09:03:09,147,v1709,XDCE,5550,5500,5565,12456,344912850,168624,170016,5765,5225,5495,5530,0,5505,0,0,0,2017-04-20,32589147,5550,237,0,0,0,0,0,0,0,0,5555,62,0,0,0,0,0,0,0,0
366,2017-04-20,09:03:09,643,v1709,XDCE,5550,5500,5565,12456,344912850,168624,170016,5765,5225,5495,5530,0,5505,0,0,0,2017-04-20,32589643,5550,244,0,0,0,0,0,0,0,0,5555,59,0,0,0,0,0,0,0,0
367,2017-04-20,09:03:10,121,v1709,XDCE,5550,5500,5565,12456,344912850,168624,170016,5765,5225,5495,5530,0,5505,0,0,0,2017-04-20,32590121,5550,239,0,0,0,0,0,0,0,0,5555,59,0,0,0,0,0,0,0,0
368,2017-04-20,09:03:10,596,v1709,XDCE,5555,5500,5565,12468,345246150,168618,170016,5765,5225,5495,5530,0,5505,0,0,0,2017-04-20,32590596,5550,239,0,0,0,0,0,0,0,0,5555,54,0,0,0,0,0,0,0,0
369,2017-04-20,09:03:11,133,v1709,XDCE,5555,5500,5565,12592,348689850,168608,170016,5765,5225,5495,5530,0,5505,0,0,0,2017-04-20,32591133,5555,25,0,0,0,0,0,0,0,0,5560,355,0,0,0,0,0,0,0,0
370,2017-04-20,09:03:11,647,v1709,XDCE,5555,5500,5565,12594,348745400,168608,170016,5765,5225,5495,5530,0,5505,0,0,0,2017-04-20,32591647,5555,37,0,0,0,0,0,0,0,0,5560,407,0,0,0,0,0,0,0,0
371,2017-04-20,09:03:12,141,v1709,XDCE,5555,5500,5565,12598,348856500,168606,170016,5765,5225,5495,5530,0,5505,0,0,0,2017-04-20,32592141,5555,46,0,0,0,0,0,0,0,0,5560,403,0,0,0,0,0,0,0,0
372,2017-04-20,09:03:12,596,v1709,XDCE,5555,5500,5565,12630,349745300,168574,170016,5765,5225,5495,5530,0,5505,0,0,0,2017-04-20,32592596,5555,26,0,0,0,0,0,0,0,0,5560,403,0,0,0,0,0,0,0,0
373,2017-04-20,09:03:13,5,v1709,XDCE,5555,5500,5565,12632,349800850,168572,170016,5765,5225,5495,5530,0,5505,0,0,0,2017-04-20,32593005,5555,25,0,0,0,0,0,0,0,0,5560,403,0,0,0,0,0,0,0,0
374,2017-04-20,09:03:13,641,v1709,XDCE,5555,5500,5565,12638,349967500,168570,170016,5765,5225,5495,5530,0,5505,0,0,0,2017-04-20,32593641,5555,22,0,0,0,0,0,0,0,0,5560,403,0,0,0,0,0,0,0,0
375,2017-04-20,09:03:13,963,v1709,XDCE,5555,5500,5565,12638,349967500,168570,170016,5765,5225,5495,5530,0,5505,0,0,0,2017-04-20,32593963,5555,23,0,0,0,0,0,0,0,0,5560,404,0,0,0,0,0,0,0,0
376,2017-04-20,09:03:14,641,v1709,XDCE,5555,5500,5565,12640,350023050,168572,170016,5765,5225,5495,5530,0,5505,0,0,0,2017-04-20,32594641,5555,22,0,0,0,0,0,0,0,0,5560,404,0,0,0,0,0,0,0,0
377,2017-04-20,09:03:15,130,v1709,XDCE,5555,5500,5565,12640,350023050,168572,170016,5765,5225,5495,5530,0,5505,0,0,0,2017-04-20,32595130,5555,25,0,0,0,0,0,0,0,0,5560,404,0,0,0,0,0,0,0,0
378,2017-04-20,09:03:15,642,v1709,XDCE,5555,5500,5565,12640,350023050,168572,170016,5765,5225,5495,5530,0,5505,0,0,0,2017-04-20,32595642,5555,43,0,0,0,0,0,0,0,0,5560,404,0,0,0,0,0,0,0,0
379,2017-04-20,09:03:16,50,v1709,XDCE,5555,5500,5565,12640,350023050,168572,170016,5765,5225,5495,5530,0,5505,0,0,0,2017-04-20,32596050,5555,44,0,0,0,0,0,0,0,0,5560,404,0,0,0,0,0,0,0,0
380,2017-04-20,09:03:16,598,v1709,XDCE,5555,5500,5565,12640,350023050,168572,170016,5765,5225,5495,5530,0,5505,0,0,0,2017-04-20,32596598,5555,47,0,0,0,0,0,0,0,0,5560,404,0,0,0,0,0,0,0,0
381,2017-04-20,09:03:17,140,v1709,XDCE,5555,5500,5565,12648,350245250,168572,170016,5765,5225,5495,5530,0,5505,0,0,0,2017-04-20,32597140,5555,45,0,0,0,0,0,0,0,0,5560,405,0,0,0,0,0,0,0,0
382,2017-04-20,09:03:17,633,v1709,XDCE,5555,5500,5565,12648,350245250,168572,170016,5765,5225,5495,5530,0,5505,0,0,0,2017-04-20,32597633,5555,45,0,0,0,0,0,0,0,0,5560,455,0,0,0,0,0,0,0,0
383,2017-04-20,09:03:18,108,v1709,XDCE,5555,5500,5565,12648,350245250,168572,170016,5765,5225,5495,5530,0,5505,0,0,0,2017-04-20,32598108,5555,46,0,0,0,0,0,0,0,0,5560,461,0,0,0,0,0,0,0,0
384,2017-04-20,09:03:19,89,v1709,XDCE,5555,5500,5565,12648,350245250,168572,170016,5765,5225,5495,5530,0,5505,0,0,0,2017-04-20,32599089,5555,46,0,0,0,0,0,0,0,0,5560,462,0,0,0,0,0,0,0,0
385,2017-04-20,09:03:19,634,v1709,XDCE,5555,5500,5565,12648,350245250,168572,170016,5765,5225,5495,5530,0,5505,0,0,0,2017-04-20,32599634,5555,47,0,0,0,0,0,0,0,0,5560,462,0,0,0,0,0,0,0,0
386,2017-04-20,09:03:20,645,v1709,XDCE,5555,5500,5565,12650,350300800,168570,170016,5765,5225,5495,5530,0,5505,0,0,0,2017-04-20,32600645,5555,46,0,0,0,0,0,0,0,0,5560,462,0,0,0,0,0,0,0,0
387,2017-04-20,09:03:21,90,v1709,XDCE,5555,5500,5565,12650,350300800,168570,170016,5765,5225,5495,5530,0,5505,0,0,0,2017-04-20,32601090,5555,47,0,0,0,0,0,0,0,0,5560,462,0,0,0,0,0,0,0,0
388,2017-04-20,09:03:21,637,v1709,XDCE,5555,5500,5565,12652,350356350,168570,170016,5765,5225,5495,5530,0,5505,0,0,0,2017-04-20,32601637,5555,46,0,0,0,0,0,0,0,0,5560,462,0,0,0,0,0,0,0,0
389,2017-04-20,09:03:22,90,v1709,XDCE,5555,5500,5565,12654,350411900,168568,170016,5765,5225,5495,5530,0,5505,0,0,0,2017-04-20,32602090,5555,41,0,0,0,0,0,0,0,0,5560,463,0,0,0,0,0,0,0,0
390,2017-04-20,09:03:22,641,v1709,XDCE,5560,5500,5565,12656,350467500,168568,170016,5765,5225,5495,5530,0,5505,0,0,0,2017-04-20,32602641,5555,41,0,0,0,0,0,0,0,0,5560,462,0,0,0,0,0,0,0,0
391,2017-04-20,09:03:23,132,v1709,XDCE,5560,5500,5565,12660,350578700,168568,170016,5765,5225,5495,5530,0,5505,0,0,0,2017-04-20,32603132,5555,42,0,0,0,0,0,0,0,0,5560,460,0,0,0,0,0,0,0,0
392,2017-04-20,09:03:24,127,v1709,XDCE,5555,5500,5565,12662,350634250,168568,170016,5765,5225,5495,5530,0,5505,0,0,0,2017-04-20,32604127,5555,41,0,0,0,0,0,0,0,0,5560,460,0,0,0,0,0,0,0,0
393,2017-04-20,09:03:24,515,v1709,XDCE,5555,5500,5565,12666,350745350,168564,170016,5765,5225,5495,5530,0,5505,0,0,0,2017-04-20,32604515,5555,44,0,0,0,0,0,0,0,0,5560,461,0,0,0,0,0,0,0,0
394,2017-04-20,09:03:25,126,v1709,XDCE,5555,5500,5565,12670,350856450,168564,170016,5765,5225,5495,5530,0,5505,0,0,0,2017-04-20,32605126,5555,42,0,0,0,0,0,0,0,0,5560,461,0,0,0,0,0,0,0,0
395,2017-04-20,09:03:25,510,v1709,XDCE,5555,5500,5565,12670,350856450,168564,170016,5765,5225,5495,5530,0,5505,0,0,0,2017-04-20,32605510,5555,50,0,0,0,0,0,0,0,0,5560,461,0,0,0,0,0,0,0,0
396,2017-04-20,09:03:26,614,v1709,XDCE,5555,5500,5565,12674,350967550,168560,170016,5765,5225,5495,5530,0,5505,0,0,0,2017-04-20,32606614,5555,49,0,0,0,0,0,0,0,0,5560,461,0,0,0,0,0,0,0,0
397,2017-04-20,09:03:27,122,v1709,XDCE,5555,5500,5565,12676,351023100,168560,170016,5765,5225,5495,5530,0,5505,0,0,0,2017-04-20,32607122,5555,49,0,0,0,0,0,0,0,0,5560,466,0,0,0,0,0,0,0,0
398,2017-04-20,09:03:27,634,v1709,XDCE,5560,5500,5565,12678,351078700,168560,170016,5765,5225,5495,5530,0,5505,0,0,0,2017-04-20,32607634,5555,52,0,0,0,0,0,0,0,0,5560,465,0,0,0,0,0,0,0,0
399,2017-04-20,09:03:28,57,v1709,XDCE,5560,5500,5565,12678,351078700,168560,170016,5765,5225,5495,5530,0,5505,0,0,0,2017-04-20,32608057,5555,56,0,0,0,0,0,0,0,0,5560,465,0,0,0,0,0,0,0,0
400,2017-04-20,09:03:28,367,v1709,XDCE,5560,5500,5565,12678,351078700,168560,170016,5765,5225,5495,5530,0,5505,0,0,0,2017-04-20,32608367,5555,60,0,0,0,0,0,0,0,0,5560,465,0,0,0,0,0,0,0,0
401,2017-04-20,09:03:29,120,v1709,XDCE,5560,5500,5565,12678,351078700,168560,170016,5765,5225,5495,5530,0,5505,0,0,0,2017-04-20,32609120,5555,62,0,0,0,0,0,0,0,0,5560,465,0,0,0,0,0,0,0,0
402,2017-04-20,09:03:29,590,v1709,XDCE,5560,5500,5565,12682,351189900,168562,170016,5765,5225,5495,5530,0,5505,0,0,0,2017-04-20,32609590,5555,62,0,0,0,0,0,0,0,0,5560,463,0,0,0,0,0,0,0,0
403,2017-04-20,09:03:30,90,v1709,XDCE,5555,5500,5565,12686,351301050,168562,170016,5765,5225,5495,5530,0,5505,0,0,0,2017-04-20,32610090,5555,61,0,0,0,0,0,0,0,0,5560,464,0,0,0,0,0,0,0,0
404,2017-04-20,09:03:30,575,v1709,XDCE,5555,5500,5565,12686,351301050,168562,170016,5765,5225,5495,5530,0,5505,0,0,0,2017-04-20,32610575,5555,62,0,0,0,0,0,0,0,0,5560,464,0,0,0,0,0,0,0,0
405,2017-04-20,09:03:31,135,v1709,XDCE,5555,5500,5565,12700,351690150,168572,170016,5765,5225,5495,5530,0,5505,0,0,0,2017-04-20,32611135,5555,61,0,0,0,0,0,0,0,0,5560,459,0,0,0,0,0,0,0,0
406,2017-04-20,09:03:31,601,v1709,XDCE,5560,5500,5565,12704,351801350,168576,170016,5765,5225,5495,5530,0,5505,0,0,0,2017-04-20,32611601,5555,61,0,0,0,0,0,0,0,0,5560,457,0,0,0,0,0,0,0,0
407,2017-04-20,09:03:32,128,v1709,XDCE,5560,5500,5565,12706,351856950,168576,170016,5765,5225,5495,5530,0,5505,0,0,0,2017-04-20,32612128,5555,61,0,0,0,0,0,0,0,0,5560,457,0,0,0,0,0,0,0,0
408,2017-04-20,09:03:33,83,v1709,XDCE,5555,5500,5565,12712,352023600,168582,170016,5765,5225,5495,5530,0,5505,0,0,0,2017-04-20,32613083,5555,58,0,0,0,0,0,0,0,0,5560,457,0,0,0,0,0,0,0,0
409,2017-04-20,09:03:33,639,v1709,XDCE,5560,5500,5565,12722,352301600,168582,170016,5765,5225,5495,5530,0,5505,0,0,0,2017-04-20,32613639,5555,59,0,0,0,0,0,0,0,0,5560,452,0,0,0,0,0,0,0,0
410,2017-04-20,09:03:34,131,v1709,XDCE,5555,5500,5565,12724,352357150,168584,170016,5765,5225,5495,5530,0,5505,0,0,0,2017-04-20,32614131,5555,58,0,0,0,0,0,0,0,0,5560,452,0,0,0,0,0,0,0,0
411,2017-04-20,09:03:34,595,v1709,XDCE,5555,5500,5565,12724,352357150,168584,170016,5765,5225,5495,5530,0,5505,0,0,0,2017-04-20,32614595,5555,58,0,0,0,0,0,0,0,0,5560,451,0,0,0,0,0,0,0,0
412,2017-04-20,09:03:35,83,v1709,XDCE,5555,5500,5565,12724,352357150,168584,170016,5765,5225,5495,5530,0,5505,0,0,0,2017-04-20,32615083,5555,72,0,0,0,0,0,0,0,0,5560,451,0,0,0,0,0,0,0,0
413,2017-04-20,09:03:35,564,v1709,XDCE,5560,5500,5565,12726,352412750,168584,170016,5765,5225,5495,5530,0,5505,0,0,0,2017-04-20,32615564,5555,72,0,0,0,0,0,0,0,0,5560,450,0,0,0,0,0,0,0,0
414,2017-04-20,09:03:35,871,v1709,XDCE,5560,5500,5565,12726,352412750,168584,170016,5765,5225,5495,5530,0,5505,0,0,0,2017-04-20,32615871,5555,77,0,0,0,0,0,0,0,0,5560,450,0,0,0,0,0,0,0,0
415,2017-04-20,09:03:36,621,v1709,XDCE,5560,5500,5565,12726,352412750,168584,170016,5765,5225,5495,5530,0,5505,0,0,0,2017-04-20,32616621,5555,77,0,0,0,0,0,0,0,0,5560,451,0,0,0,0,0,0,0,0
416,2017-04-20,09:03:37,137,v1709,XDCE,5555,5500,5565,12728,352468300,168586,170016,5765,5225,5495,5530,0,5505,0,0,0,2017-04-20,32617137,5555,77,0,0,0,0,0,0,0,0,5560,453,0,0,0,0,0,0,0,0
417,2017-04-20,09:03:37,430,v1709,XDCE,5560,5500,5565,12752,353135400,168586,170016,5765,5225,5495,5530,0,5505,0,0,0,2017-04-20,32617430,5555,75,0,0,0,0,0,0,0,0,5560,446,0,0,0,0,0,0,0,0
418,2017-04-20,09:03:38,147,v1709,XDCE,5560,5500,5565,12758,353302200,168580,170016,5765,5225,5495,5530,0,5505,0,0,0,2017-04-20,32618147,5555,75,0,0,0,0,0,0,0,0,5560,443,0,0,0,0,0,0,0,0
419,2017-04-20,09:03:38,590,v1709,XDCE,5560,5500,5565,12962,358973400,168378,170016,5765,5225,5495,5530,0,5505,0,0,0,2017-04-20,32618590,5555,76,0,0,0,0,0,0,0,0,5560,318,0,0,0,0,0,0,0,0
420,2017-04-20,09:03:39,116,v1709,XDCE,5560,5500,5565,13044,361253000,168300,170016,5765,5225,5495,5530,0,5505,0,0,0,2017-04-20,32619116,5555,76,0,0,0,0,0,0,0,0,5560,277,0,0,0,0,0,0,0,0
421,2017-04-20,09:03:39,608,v1709,XDCE,5560,5500,5565,13258,367202150,168320,170016,5765,5225,5495,5530,0,5505,0,0,0,2017-04-20,32619608,5555,82,0,0,0,0,0,0,0,0,5560,171,0,0,0,0,0,0,0,0
422,2017-04-20,09:03:40,99,v1709,XDCE,5560,5500,5565,13406,371316550,168330,170016,5765,5225,5495,5530,0,5505,0,0,0,2017-04-20,32620099,5555,80,0,0,0,0,0,0,0,0,5560,97,0,0,0,0,0,0,0,0
423,2017-04-20,09:03:40,647,v1709,XDCE,5560,5500,5565,13600,376709750,168462,170016,5765,5225,5495,5530,0,5505,0,0,0,2017-04-20,32620647,5560,8,0,0,0,0,0,0,0,0,5565,99,0,0,0,0,0,0,0,0
424,2017-04-20,09:03:41,109,v1709,XDCE,5560,5500,5565,13632,377599350,168466,170016,5765,5225,5495,5530,0,5505,0,0,0,2017-04-20,32621109,5555,82,0,0,0,0,0,0,0,0,5560,3,0,0,0,0,0,0,0,0
425,2017-04-20,09:03:41,631,v1709,XDCE,5555,5500,5565,13660,378377500,168470,170016,5765,5225,5495,5530,0,5505,0,0,0,2017-04-20,32621631,5560,3,0,0,0,0,0,0,0,0,5565,120,0,0,0,0,0,0,0,0
426,2017-04-20,09:03:42,112,v1709,XDCE,5560,5500,5565,13674,378766700,168464,170016,5765,5225,5495,5530,0,5505,0,0,0,2017-04-20,32622112,5555,71,0,0,0,0,0,0,0,0,5560,8,0,0,0,0,0,0,0,0
427,2017-04-20,09:03:42,633,v1709,XDCE,5560,5500,5565,13692,379267100,168464,170016,5765,5225,5495,5530,0,5505,0,0,0,2017-04-20,32622633,5555,71,0,0,0,0,0,0,0,0,5560,13,0,0,0,0,0,0,0,0
428,2017-04-20,09:03:43,139,v1709,XDCE,5560,5500,5565,13702,379545100,168456,170016,5765,5225,5495,5530,0,5505,0,0,0,2017-04-20,32623139,5555,70,0,0,0,0,0,0,0,0,5560,68,0,0,0,0,0,0,0,0
429,2017-04-20,09:03:43,636,v1709,XDCE,5560,5500,5565,13804,382380700,168356,170016,5765,5225,5495,5530,0,5505,0,0,0,2017-04-20,32623636,5555,70,0,0,0,0,0,0,0,0,5560,72,0,0,0,0,0,0,0,0
430,2017-04-20,09:03:44,117,v1709,XDCE,5560,5500,5565,13806,382436300,168356,170016,5765,5225,5495,5530,0,5505,0,0,0,2017-04-20,32624117,5555,95,0,0,0,0,0,0,0,0,5560,77,0,0,0,0,0,0,0,0
431,2017-04-20,09:03:44,613,v1709,XDCE,5560,5500,5565,13806,382436300,168356,170016,5765,5225,5495,5530,0,5505,0,0,0,2017-04-20,32624613,5555,95,0,0,0,0,0,0,0,0,5560,127,0,0,0,0,0,0,0,0
432,2017-04-20,09:03:45,131,v1709,XDCE,5560,5500,5565,13812,382603100,168356,170016,5765,5225,5495,5530,0,5505,0,0,0,2017-04-20,32625131,5555,96,0,0,0,0,0,0,0,0,5560,127,0,0,0,0,0,0,0,0
433,2017-04-20,09:03:45,639,v1709,XDCE,5560,5500,5565,13814,382658700,168356,170016,5765,5225,5495,5530,0,5505,0,0,0,2017-04-20,32625639,5555,100,0,0,0,0,0,0,0,0,5560,147,0,0,0,0,0,0,0,0
434,2017-04-20,09:03:46,104,v1709,XDCE,5560,5500,5565,13894,384882700,168392,170016,5765,5225,5495,5530,0,5505,0,0,0,2017-04-20,32626104,5555,100,0,0,0,0,0,0,0,0,5560,108,0,0,0,0,0,0,0,0
435,2017-04-20,09:03:46,613,v1709,XDCE,5560,5500,5565,13894,384882700,168392,170016,5765,5225,5495,5530,0,5505,0,0,0,2017-04-20,32626613,5555,96,0,0,0,0,0,0,0,0,5560,120,0,0,0,0,0,0,0,0
436,2017-04-20,09:03:47,94,v1709,XDCE,5555,5500,5565,13896,384938250,168394,170016,5765,5225,5495,5530,0,5505,0,0,0,2017-04-20,32627094,5555,94,0,0,0,0,0,0,0,0,5560,120,0,0,0,0,0,0,0,0
437,2017-04-20,09:03:48,89,v1709,XDCE,5555,5500,5565,13896,384938250,168394,170016,5765,5225,5495,5530,0,5505,0,0,0,2017-04-20,32628089,5555,94,0,0,0,0,0,0,0,0,5560,121,0,0,0,0,0,0,0,0
438,2017-04-20,09:03:48,613,v1709,XDCE,5560,5500,5565,13902,385105000,168398,170016,5765,5225,5495,5530,0,5505,0,0,0,2017-04-20,32628613,5555,103,0,0,0,0,0,0,0,0,5560,119,0,0,0,0,0,0,0,0
439,2017-04-20,09:03:49,139,v1709,XDCE,5560,5500,5565,13944,386272600,168438,170016,5765,5225,5495,5530,0,5505,0,0,0,2017-04-20,32629139,5555,103,0,0,0,0,0,0,0,0,5560,106,0,0,0,0,0,0,0,0
440,2017-04-20,09:03:49,632,v1709,XDCE,5560,5500,5565,13946,386328200,168438,170016,5765,5225,5495,5530,0,5505,0,0,0,2017-04-20,32629632,5555,103,0,0,0,0,0,0,0,0,5560,105,0,0,0,0,0,0,0,0
441,2017-04-20,09:03:50,122,v1709,XDCE,5560,5500,5565,13950,386439400,168438,170016,5765,5225,5495,5530,0,5505,0,0,0,2017-04-20,32630122,5555,113,0,0,0,0,0,0,0,0,5560,104,0,0,0,0,0,0,0,0
442,2017-04-20,09:03:50,647,v1709,XDCE,5560,5500,5565,13950,386439400,168438,170016,5765,5225,5495,5530,0,5505,0,0,0,2017-04-20,32630647,5555,114,0,0,0,0,0,0,0,0,5560,104,0,0,0,0,0,0,0,0
443,2017-04-20,09:03:51,89,v1709,XDCE,5560,5500,5565,13952,386495000,168438,170016,5765,5225,5495,5530,0,5505,0,0,0,2017-04-20,32631089,5555,116,0,0,0,0,0,0,0,0,5560,103,0,0,0,0,0,0,0,0
444,2017-04-20,09:03:51,627,v1709,XDCE,5560,5500,5565,13956,386606200,168438,170016,5765,5225,5495,5530,0,5505,0,0,0,2017-04-20,32631627,5555,116,0,0,0,0,0,0,0,0,5560,101,0,0,0,0,0,0,0,0
445,2017-04-20,09:03:52,136,v1709,XDCE,5560,5500,5565,13968,386939800,168428,170016,5765,5225,5495,5530,0,5505,0,0,0,2017-04-20,32632136,5555,118,0,0,0,0,0,0,0,0,5560,205,0,0,0,0,0,0,0,0
446,2017-04-20,09:03:52,634,v1709,XDCE,5560,5500,5565,13968,386939800,168428,170016,5765,5225,5495,5530,0,5505,0,0,0,2017-04-20,32632634,5555,118,0,0,0,0,0,0,0,0,5560,207,0,0,0,0,0,0,0,0
447,2017-04-20,09:03:53,40,v1709,XDCE,5555,5500,5565,13970,386995350,168430,170016,5765,5225,5495,5530,0,5505,0,0,0,2017-04-20,32633040,5555,117,0,0,0,0,0,0,0,0,5560,207,0,0,0,0,0,0,0,0
448,2017-04-20,09:03:53,624,v1709,XDCE,5555,5500,5565,13970,386995350,168430,170016,5765,5225,5495,5530,0,5505,0,0,0,2017-04-20,32633624,5555,215,0,0,0,0,0,0,0,0,5560,197,0,0,0,0,0,0,0,0
449,2017-04-20,09:03:54,144,v1709,XDCE,5560,5500,5565,13972,387050950,168428,170016,5765,5225,5495,5530,0,5505,0,0,0,2017-04-20,32634144,5555,216,0,0,0,0,0,0,0,0,5560,196,0,0,0,0,0,0,0,0
450,2017-04-20,09:03:54,588,v1709,XDCE,5560,5500,5565,13972,387050950,168428,170016,5765,5225,5495,5530,0,5505,0,0,0,2017-04-20,32634588,5555,218,0,0,0,0,0,0,0,0,5560,196,0,0,0,0,0,0,0,0
451,2017-04-20,09:03:55,80,v1709,XDCE,5555,5500,5565,13974,387106500,168430,170016,5765,5225,5495,5530,0,5505,0,0,0,2017-04-20,32635080,5555,216,0,0,0,0,0,0,0,0,5560,196,0,0,0,0,0,0,0,0
452,2017-04-20,09:03:55,612,v1709,XDCE,5560,5500,5565,13978,387217700,168428,170016,5765,5225,5495,5530,0,5505,0,0,0,2017-04-20,32635612,5555,217,0,0,0,0,0,0,0,0,5560,194,0,0,0,0,0,0,0,0
453,2017-04-20,09:03:56,133,v1709,XDCE,5560,5500,5565,13980,387273300,168428,170016,5765,5225,5495,5530,0,5505,0,0,0,2017-04-20,32636133,5555,217,0,0,0,0,0,0,0,0,5560,193,0,0,0,0,0,0,0,0
454,2017-04-20,09:03:56,626,v1709,XDCE,5560,5500,5565,14000,387829300,168428,170016,5765,5225,5495,5530,0,5505,0,0,0,2017-04-20,32636626,5555,214,0,0,0,0,0,0,0,0,5560,191,0,0,0,0,0,0,0,0
455,2017-04-20,09:03:57,636,v1709,XDCE,5560,5500,5565,14000,387829300,168428,170016,5765,5225,5495,5530,0,5505,0,0,0,2017-04-20,32637636,5555,214,0,0,0,0,0,0,0,0,5560,196,0,0,0,0,0,0,0,0
456,2017-04-20,09:03:58,144,v1709,XDCE,5555,5500,5565,14002,387884850,168428,170016,5765,5225,5495,5530,0,5505,0,0,0,2017-04-20,32638144,5555,213,0,0,0,0,0,0,0,0,5560,207,0,0,0,0,0,0,0,0
457,2017-04-20,09:03:58,631,v1709,XDCE,5560,5500,5565,14004,387940450,168428,170016,5765,5225,5495,5530,0,5505,0,0,0,2017-04-20,32638631,5555,213,0,0,0,0,0,0,0,0,5560,206,0,0,0,0,0,0,0,0
458,2017-04-20,09:03:59,642,v1709,XDCE,5560,5500,5565,14004,387940450,168428,170016,5765,5225,5495,5530,0,5505,0,0,0,2017-04-20,32639642,5555,214,0,0,0,0,0,0,0,0,5560,206,0,0,0,0,0,0,0,0
459,2017-04-20,09:04:00,618,v1709,XDCE,5560,5500,5565,14004,387940450,168428,170016,5765,5225,5495,5530,0,5505,0,0,0,2017-04-20,32640618,5555,214,0,0,0,0,0,0,0,0,5560,209,0,0,0,0,0,0,0,0
460,2017-04-20,09:04:01,105,v1709,XDCE,5555,5500,5565,14444,400161950,168644,170016,5765,5225,5495,5530,0,5505,0,0,0,2017-04-20,32641105,5550,72,0,0,0,0,0,0,0,0,5555,93,0,0,0,0,0,0,0,0
461,2017-04-20,09:04:01,601,v1709,XDCE,5550,5500,5565,14478,401105700,168652,170016,5765,5225,5495,5530,0,5505,0,0,0,2017-04-20,32641601,5550,61,0,0,0,0,0,0,0,0,5555,110,0,0,0,0,0,0,0,0
462,2017-04-20,09:04:02,129,v1709,XDCE,5555,5500,5565,14924,413499100,168362,170016,5765,5225,5495,5530,0,5505,0,0,0,2017-04-20,32642129,5555,112,0,0,0,0,0,0,0,0,5560,100,0,0,0,0,0,0,0,0
463,2017-04-20,09:04:02,643,v1709,XDCE,5560,5500,5565,14950,414221500,168344,170016,5765,5225,5495,5530,0,5505,0,0,0,2017-04-20,32642643,5555,107,0,0,0,0,0,0,0,0,5560,98,0,0,0,0,0,0,0,0
464,2017-04-20,09:04:03,86,v1709,XDCE,5560,5500,5565,14950,414221500,168344,170016,5765,5225,5495,5530,0,5505,0,0,0,2017-04-20,32643086,5555,107,0,0,0,0,0,0,0,0,5560,102,0,0,0,0,0,0,0,0
465,2017-04-20,09:04:03,600,v1709,XDCE,5560,5500,5565,15062,417335100,168248,170016,5765,5225,5495,5530,0,5505,0,0,0,2017-04-20,32643600,5555,114,0,0,0,0,0,0,0,0,5560,34,0,0,0,0,0,0,0,0
466,2017-04-20,09:04:04,123,v1709,XDCE,5555,5500,5565,15066,417446200,168252,170016,5765,5225,5495,5530,0,5505,0,0,0,2017-04-20,32644123,5555,111,0,0,0,0,0,0,0,0,5560,40,0,0,0,0,0,0,0,0
467,2017-04-20,09:04:04,647,v1709,XDCE,5555,5500,5565,15068,417501750,168254,170016,5765,5225,5495,5530,0,5505,0,0,0,2017-04-20,32644647,5555,100,0,0,0,0,0,0,0,0,5560,66,0,0,0,0,0,0,0,0
468,2017-04-20,09:04:05,95,v1709,XDCE,5560,5500,5565,15080,417835350,168260,170016,5765,5225,5495,5530,0,5505,0,0,0,2017-04-20,32645095,5555,100,0,0,0,0,0,0,0,0,5560,60,0,0,0,0,0,0,0,0
469,2017-04-20,09:04:05,637,v1709,XDCE,5560,5500,5565,15080,417835350,168260,170016,5765,5225,5495,5530,0,5505,0,0,0,2017-04-20,32645637,5555,102,0,0,0,0,0,0,0,0,5560,67,0,0,0,0,0,0,0,0
470,2017-04-20,09:04:06,93,v1709,XDCE,5560,5500,5565,15080,417835350,168260,170016,5765,5225,5495,5530,0,5505,0,0,0,2017-04-20,32646093,5555,114,0,0,0,0,0,0,0,0,5560,57,0,0,0,0,0,0,0,0
471,2017-04-20,09:04:06,642,v1709,XDCE,5560,5500,5565,15080,417835350,168260,170016,5765,5225,5495,5530,0,5505,0,0,0,2017-04-20,32646642,5555,116,0,0,0,0,0,0,0,0,5560,57,0,0,0,0,0,0,0,0
472,2017-04-20,09:04:07,110,v1709,XDCE,5555,5500,5565,15082,417890900,168260,170016,5765,5225,5495,5530,0,5505,0,0,0,2017-04-20,32647110,5555,115,0,0,0,0,0,0,0,0,5560,59,0,0,0,0,0,0,0,0
473,2017-04-20,09:04:08,97,v1709,XDCE,5555,5500,5565,15082,417890900,168260,170016,5765,5225,5495,5530,0,5505,0,0,0,2017-04-20,32648097,5555,116,0,0,0,0,0,0,0,0,5560,52,0,0,0,0,0,0,0,0
474,2017-04-20,09:04:08,637,v1709,XDCE,5560,5500,5565,15088,418057700,168262,170016,5765,5225,5495,5530,0,5505,0,0,0,2017-04-20,32648637,5555,116,0,0,0,0,0,0,0,0,5560,50,0,0,0,0,0,0,0,0
475,2017-04-20,09:04:09,132,v1709,XDCE,5560,5500,5565,15092,418168900,168262,170016,5765,5225,5495,5530,0,5505,0,0,0,2017-04-20,32649132,5555,218,0,0,0,0,0,0,0,0,5560,42,0,0,0,0,0,0,0,0
476,2017-04-20,09:04:09,595,v1709,XDCE,5560,5500,5565,15140,419503300,168294,170016,5765,5225,5495,5530,0,5505,0,0,0,2017-04-20,32649595,5555,218,0,0,0,0,0,0,0,0,5560,18,0,0,0,0,0,0,0,0
477,2017-04-20,09:04:10,108,v1709,XDCE,5560,5500,5565,15178,420559700,168320,170016,5765,5225,5495,5530,0,5505,0,0,0,2017-04-20,32650108,5560,12,0,0,0,0,0,0,0,0,5565,116,0,0,0,0,0,0,0,0
478,2017-04-20,09:04:10,553,v1709,XDCE,5560,5500,5565,15178,420559700,168320,170016,5765,5225,5495,5530,0,5505,0,0,0,2017-04-20,32650553,5560,51,0,0,0,0,0,0,0,0,5565,121,0,0,0,0,0,0,0,0
479,2017-04-20,09:04:11,91,v1709,XDCE,5560,5500,5565,15180,420615300,168318,170016,5765,5225,5495,5530,0,5505,0,0,0,2017-04-20,32651091,5560,50,0,0,0,0,0,0,0,0,5565,112,0,0,0,0,0,0,0,0
480,2017-04-20,09:04:11,640,v1709,XDCE,5560,5500,5565,15200,421171300,168312,170016,5765,5225,5495,5530,0,5505,0,0,0,2017-04-20,32651640,5560,49,0,0,0,0,0,0,0,0,5565,111,0,0,0,0,0,0,0,0
481,2017-04-20,09:04:12,94,v1709,XDCE,5560,5500,5565,15210,421449300,168310,170016,5765,5225,5495,5530,0,5505,0,0,0,2017-04-20,32652094,5560,44,0,0,0,0,0,0,0,0,5565,117,0,0,0,0,0,0,0,0
482,2017-04-20,09:04:12,557,v1709,XDCE,5560,5500,5565,15210,421449300,168310,170016,5765,5225,5495,5530,0,5505,0,0,0,2017-04-20,32652557,5560,44,0,0,0,0,0,0,0,0,5565,112,0,0,0,0,0,0,0,0
483,2017-04-20,09:04:13,135,v1709,XDCE,5560,5500,5565,15212,421504900,168310,170016,5765,5225,5495,5530,0,5505,0,0,0,2017-04-20,32653135,5560,45,0,0,0,0,0,0,0,0,5565,117,0,0,0,0,0,0,0,0
484,2017-04-20,09:04:13,636,v1709,XDCE,5565,5500,5565,15216,421616200,168314,170016,5765,5225,5495,5530,0,5505,0,0,0,2017-04-20,32653636,5560,47,0,0,0,0,0,0,0,0,5565,115,0,0,0,0,0,0,0,0
485,2017-04-20,09:04:14,113,v1709,XDCE,5560,5500,5565,15234,422117000,168308,170016,5765,5225,5495,5530,0,5505,0,0,0,2017-04-20,32654113,5560,102,0,0,0,0,0,0,0,0,5565,84,0,0,0,0,0,0,0,0
486,2017-04-20,09:04:14,631,v1709,XDCE,5565,5500,5565,15236,422172650,168308,170016,5765,5225,5495,5530,0,5505,0,0,0,2017-04-20,32654631,5560,104,0,0,0,0,0,0,0,0,5565,91,0,0,0,0,0,0,0,0
487,2017-04-20,09:04:15,109,v1709,XDCE,5560,5500,5565,15240,422283850,168306,170016,5765,5225,5495,5530,0,5505,0,0,0,2017-04-20,32655109,5560,107,0,0,0,0,0,0,0,0,5565,93,0,0,0,0,0,0,0,0
488,2017-04-20,09:04:15,617,v1709,XDCE,5560,5500,5565,15242,422339450,168304,170016,5765,5225,5495,5530,0,5505,0,0,0,2017-04-20,32655617,5560,106,0,0,0,0,0,0,0,0,5565,88,0,0,0,0,0,0,0,0
489,2017-04-20,09:04:16,45,v1709,XDCE,5560,5500,5565,15242,422339450,168304,170016,5765,5225,5495,5530,0,5505,0,0,0,2017-04-20,32656045,5560,106,0,0,0,0,0,0,0,0,5565,93,0,0,0,0,0,0,0,0
490,2017-04-20,09:04:16,611,v1709,XDCE,5565,5500,5565,15244,422395100,168304,170016,5765,5225,5495,5530,0,5505,0,0,0,2017-04-20,32656611,5560,104,0,0,0,0,0,0,0,0,5565,92,0,0,0,0,0,0,0,0
491,2017-04-20,09:04:17,102,v1709,XDCE,5565,5500,5565,15346,425230750,168254,170016,5765,5225,5495,5530,0,5505,0,0,0,2017-04-20,32657102,5560,44,0,0,0,0,0,0,0,0,5565,115,0,0,0,0,0,0,0,0
492,2017-04-20,09:04:17,513,v1709,XDCE,5560,5500,5565,15352,425397600,168256,170016,5765,5225,5495,5530,0,5505,0,0,0,2017-04-20,32657513,5560,42,0,0,0,0,0,0,0,0,5565,114,0,0,0,0,0,0,0,0
493,2017-04-20,09:04:18,146,v1709,XDCE,5560,5500,5565,15368,425842550,168264,170016,5765,5225,5495,5530,0,5505,0,0,0,2017-04-20,32658146,5560,39,0,0,0,0,0,0,0,0,5565,111,0,0,0,0,0,0,0,0
494,2017-04-20,09:04:18,547,v1709,XDCE,5560,5500,5565,15368,425842550,168264,170016,5765,5225,5495,5530,0,5505,0,0,0,2017-04-20,32658547,5560,39,0,0,0,0,0,0,0,0,5565,110,0,0,0,0,0,0,0,0
495,2017-04-20,09:04:19,94,v1709,XDCE,5560,5500,5565,15406,426898950,168264,170016,5765,5225,5495,5530,0,5505,0,0,0,2017-04-20,32659094,5560,20,0,0,0,0,0,0,0,0,5565,111,0,0,0,0,0,0,0,0
496,2017-04-20,09:04:19,601,v1709,XDCE,5565,5500,5565,15410,427010250,168264,170016,5765,5225,5495,5530,0,5505,0,0,0,2017-04-20,32659601,5560,20,0,0,0,0,0,0,0,0,5565,114,0,0,0,0,0,0,0,0
497,2017-04-20,09:04:20,139,v1709,XDCE,5565,5500,5565,15414,427121550,168266,170016,5765,5225,5495,5530,0,5505,0,0,0,2017-04-20,32660139,5560,25,0,0,0,0,0,0,0,0,5565,112,0,0,0,0,0,0,0,0
498,2017-04-20,09:04:20,598,v1709,XDCE,5565,5500,5565,15416,427177200,168266,170016,5765,5225,5495,5530,0,5505,0,0,0,2017-04-20,32660598,5560,85,0,0,0,0,0,0,0,0,5565,101,0,0,0,0,0,0,0,0
499,2017-04-20,09:04:21,90,v1709,XDCE,5565,5500,5565,15416,427177200,168266,170016,5765,5225,5495,5530,0,5505,0,0,0,2017-04-20,32661090,5560,85,0,0,0,0,0,0,0,0,5565,119,0,0,0,0,0,0,0,0
500,2017-04-20,09:04:21,590,v1709,XDCE,5565,5500,5565,15416,427177200,168266,170016,5765,5225,5495,5530,0,5505,0,0,0,2017-04-20,32661590,5560,85,0,0,0,0,0,0,0,0,5565,120,0,0,0,0,0,0,0,0
501,2017-04-20,09:04:22,106,v1709,XDCE,5565,5500,5565,15416,427177200,168266,170016,5765,5225,5495,5530,0,5505,0,0,0,2017-04-20,32662106,5560,86,0,0,0,0,0,0,0,0,5565,119,0,0,0,0,0,0,0,0
502,2017-04-20,09:04:22,640,v1709,XDCE,5565,5500,5565,15418,427232850,168266,170016,5765,5225,5495,5530,0,5505,0,0,0,2017-04-20,32662640,5560,91,0,0,0,0,0,0,0,0,5565,118,0,0,0,0,0,0,0,0
503,2017-04-20,09:04:23,144,v1709,XDCE,5565,5500,5565,15420,427288500,168266,170016,5765,5225,5495,5530,0,5505,0,0,0,2017-04-20,32663144,5560,126,0,0,0,0,0,0,0,0,5565,232,0,0,0,0,0,0,0,0
504,2017-04-20,09:04:23,589,v1709,XDCE,5565,5500,5565,15420,427288500,168266,170016,5765,5225,5495,5530,0,5505,0,0,0,2017-04-20,32663589,5560,130,0,0,0,0,0,0,0,0,5565,232,0,0,0,0,0,0,0,0
505,2017-04-20,09:04:24,134,v1709,XDCE,5565,5500,5565,15430,427566750,168268,170016,5765,5225,5495,5530,0,5505,0,0,0,2017-04-20,32664134,5560,85,0,0,0,0,0,0,0,0,5565,228,0,0,0,0,0,0,0,0
506,2017-04-20,09:04:24,635,v1709,XDCE,5560,5500,5565,15450,428123100,168274,170016,5765,5225,5495,5530,0,5505,0,0,0,2017-04-20,32664635,5560,82,0,0,0,0,0,0,0,0,5565,222,0,0,0,0,0,0,0,0
507,2017-04-20,09:04:25,138,v1709,XDCE,5560,5500,5565,15454,428234300,168274,170016,5765,5225,5495,5530,0,5505,0,0,0,2017-04-20,32665138,5560,81,0,0,0,0,0,0,0,0,5565,221,0,0,0,0,0,0,0,0
508,2017-04-20,09:04:25,625,v1709,XDCE,5565,5500,5565,15460,428401250,168274,170016,5765,5225,5495,5530,0,5505,0,0,0,2017-04-20,32665625,5560,81,0,0,0,0,0,0,0,0,5565,219,0,0,0,0,0,0,0,0
509,2017-04-20,09:04:26,130,v1709,XDCE,5560,5500,5565,15462,428456850,168276,170016,5765,5225,5495,5530,0,5505,0,0,0,2017-04-20,32666130,5560,190,0,0,0,0,0,0,0,0,5565,196,0,0,0,0,0,0,0,0
510,2017-04-20,09:04:26,417,v1709,XDCE,5560,5500,5565,15462,428456850,168276,170016,5765,5225,5495,5530,0,5505,0,0,0,2017-04-20,32666417,5560,190,0,0,0,0,0,0,0,0,5565,195,0,0,0,0,0,0,0,0
511,2017-04-20,09:04:27,134,v1709,XDCE,5565,5500,5565,15464,428512500,168276,170016,5765,5225,5495,5530,0,5505,0,0,0,2017-04-20,32667134,5560,190,0,0,0,0,0,0,0,0,5565,194,0,0,0,0,0,0,0,0
512,2017-04-20,09:04:27,648,v1709,XDCE,5560,5500,5565,15466,428568100,168276,170016,5765,5225,5495,5530,0,5505,0,0,0,2017-04-20,32667648,5560,190,0,0,0,0,0,0,0,0,5565,194,0,0,0,0,0,0,0,0
513,2017-04-20,09:04:28,503,v1709,XDCE,5560,5500,5565,15466,428568100,168276,170016,5765,5225,5495,5530,0,5505,0,0,0,2017-04-20,32668503,5560,191,0,0,0,0,0,0,0,0,5565,195,0,0,0,0,0,0,0,0
514,2017-04-20,09:04:29,472,v1709,XDCE,5560,5500,5565,15468,428623700,168278,170016,5765,5225,5495,5530,0,5505,0,0,0,2017-04-20,32669472,5560,191,0,0,0,0,0,0,0,0,5565,196,0,0,0,0,0,0,0,0
515,2017-04-20,09:04:30,93,v1709,XDCE,5560,5500,5565,15468,428623700,168278,170016,5765,5225,5495,5530,0,5505,0,0,0,2017-04-20,32670093,5560,201,0,0,0,0,0,0,0,0,5565,252,0,0,0,0,0,0,0,0
516,2017-04-20,09:04:30,589,v1709,XDCE,5560,5500,5565,15472,428734900,168282,170016,5765,5225,5495,5530,0,5505,0,0,0,2017-04-20,32670589,5560,200,0,0,0,0,0,0,0,0,5565,251,0,0,0,0,0,0,0,0
517,2017-04-20,09:04:31,131,v1709,XDCE,5560,5500,5565,15472,428734900,168282,170016,5765,5225,5495,5530,0,5505,0,0,0,2017-04-20,32671131,5560,200,0,0,0,0,0,0,0,0,5565,206,0,0,0,0,0,0,0,0
518,2017-04-20,09:04:32,34,v1709,XDCE,5560,5500,5565,15474,428790500,168284,170016,5765,5225,5495,5530,0,5505,0,0,0,2017-04-20,32672034,5560,199,0,0,0,0,0,0,0,0,5565,207,0,0,0,0,0,0,0,0
519,2017-04-20,09:04:33,129,v1709,XDCE,5565,5500,5565,15476,428846150,168282,170016,5765,5225,5495,5530,0,5505,0,0,0,2017-04-20,32673129,5560,199,0,0,0,0,0,0,0,0,5565,206,0,0,0,0,0,0,0,0
520,2017-04-20,09:04:34,82,v1709,XDCE,5565,5500,5565,15478,428901800,168282,170016,5765,5225,5495,5530,0,5505,0,0,0,2017-04-20,32674082,5560,199,0,0,0,0,0,0,0,0,5565,208,0,0,0,0,0,0,0,0
521,2017-04-20,09:04:35,30,v1709,XDCE,5565,5500,5565,15482,429013100,168282,170016,5765,5225,5495,5530,0,5505,0,0,0,2017-04-20,32675030,5560,196,0,0,0,0,0,0,0,0,5565,208,0,0,0,0,0,0,0,0
522,2017-04-20,09:04:35,592,v1709,XDCE,5560,5500,5565,15484,429068700,168284,170016,5765,5225,5495,5530,0,5505,0,0,0,2017-04-20,32675592,5560,195,0,0,0,0,0,0,0,0,5565,209,0,0,0,0,0,0,0,0
523,2017-04-20,09:04:36,58,v1709,XDCE,5560,5500,5565,15488,429179950,168284,170016,5765,5225,5495,5530,0,5505,0,0,0,2017-04-20,32676058,5560,194,0,0,0,0,0,0,0,0,5565,208,0,0,0,0,0,0,0,0
524,2017-04-20,09:04:36,577,v1709,XDCE,5560,5500,5565,15494,429346850,168288,170016,5765,5225,5495,5530,0,5505,0,0,0,2017-04-20,32676577,5560,193,0,0,0,0,0,0,0,0,5565,208,0,0,0,0,0,0,0,0
525,2017-04-20,09:04:37,59,v1709,XDCE,5560,5500,5565,15494,429346850,168288,170016,5765,5225,5495,5530,0,5505,0,0,0,2017-04-20,32677059,5560,193,0,0,0,0,0,0,0,0,5565,210,0,0,0,0,0,0,0,0
526,2017-04-20,09:04:37,444,v1709,XDCE,5560,5500,5565,15494,429346850,168288,170016,5765,5225,5495,5530,0,5505,0,0,0,2017-04-20,32677444,5560,193,0,0,0,0,0,0,0,0,5565,215,0,0,0,0,0,0,0,0
527,2017-04-20,09:04:37,934,v1709,XDCE,5560,5500,5565,15494,429346850,168288,170016,5765,5225,5495,5530,0,5505,0,0,0,2017-04-20,32677934,5560,195,0,0,0,0,0,0,0,0,5565,215,0,0,0,0,0,0,0,0
528,2017-04-20,09:04:39,147,v1709,XDCE,5565,5500,5565,15498,429458100,168288,170016,5765,5225,5495,5530,0,5505,0,0,0,2017-04-20,32679147,5560,194,0,0,0,0,0,0,0,0,5565,214,0,0,0,0,0,0,0,0
529,2017-04-20,09:04:39,459,v1709,XDCE,5565,5500,5565,15508,429736350,168292,170016,5765,5225,5495,5530,0,5505,0,0,0,2017-04-20,32679459,5560,194,0,0,0,0,0,0,0,0,5565,209,0,0,0,0,0,0,0,0
530,2017-04-20,09:04:40,61,v1709,XDCE,5565,5500,5565,15508,429736350,168292,170016,5765,5225,5495,5530,0,5505,0,0,0,2017-04-20,32680061,5560,194,0,0,0,0,0,0,0,0,5565,213,0,0,0,0,0,0,0,0
531,2017-04-20,09:04:40,642,v1709,XDCE,5565,5500,5565,15508,429736350,168292,170016,5765,5225,5495,5530,0,5505,0,0,0,2017-04-20,32680642,5560,198,0,0,0,0,0,0,0,0,5565,213,0,0,0,0,0,0,0,0
532,2017-04-20,09:04:41,143,v1709,XDCE,5560,5500,5565,15510,429791950,168294,170016,5765,5225,5495,5530,0,5505,0,0,0,2017-04-20,32681143,5560,197,0,0,0,0,0,0,0,0,5565,215,0,0,0,0,0,0,0,0
533,2017-04-20,09:04:42,61,v1709,XDCE,5560,5500,5565,15510,429791950,168294,170016,5765,5225,5495,5530,0,5505,0,0,0,2017-04-20,32682061,5560,198,0,0,0,0,0,0,0,0,5565,215,0,0,0,0,0,0,0,0
534,2017-04-20,09:04:43,119,v1709,XDCE,5560,5500,5565,15510,429791950,168294,170016,5765,5225,5495,5530,0,5505,0,0,0,2017-04-20,32683119,5560,198,0,0,0,0,0,0,0,0,5565,252,0,0,0,0,0,0,0,0
535,2017-04-20,09:04:43,374,v1709,XDCE,5565,5500,5565,15512,429847600,168296,170016,5765,5225,5495,5530,0,5505,0,0,0,2017-04-20,32683374,5560,198,0,0,0,0,0,0,0,0,5565,251,0,0,0,0,0,0,0,0
536,2017-04-20,09:04:44,540,v1709,XDCE,5565,5500,5565,15512,429847600,168296,170016,5765,5225,5495,5530,0,5505,0,0,0,2017-04-20,32684540,5560,198,0,0,0,0,0,0,0,0,5565,250,0,0,0,0,0,0,0,0
537,2017-04-20,09:04:47,100,v1709,XDCE,5565,5500,5565,15528,430292500,168296,170016,5765,5225,5495,5530,0,5505,0,0,0,2017-04-20,32687100,5560,192,0,0,0,0,0,0,0,0,5565,248,0,0,0,0,0,0,0,0
