,dataDate,dataTime,dataMillisec,instrumentID,exchangeCD,lastPrice,lowPrice,highPrice,volume,value,openInterest,preOpenInterest,upperLimitPrice,lowerLimitPrice,preSettlementPrice,prevClosePrice,settlementPrice,openPrice,closePrice,preDelta,currDelta,clearingDay,milliSecOffset,bidPrice1,bidVolume1,bidPrice2,bidVolume2,bidPrice3,bidVolume3,bidPrice4,bidVolume4,bidPrice5,bidVolume5,askPrice1,askVolume1,askPrice2,askVolume2,askPrice3,askVolume3,askPrice4,askVolume4,askPrice5,askVolume5
0,2017-04-19,19:28:28,0,WH705,XZCE,3093,0,0,0,0,11390,11390,3267,2955,3111,3093,0,0,0,0,0,2017-04-20,70108000,0,0,0,0,0,0,0,0,0,0,0,0,0,0,0,0,0,0,0,0
1,2017-04-20,08:59:00,0,WH705,XZCE,3087,3087,3087,4,246960,11390,11390,3267,2955,3111,3093,0,3087,0,0,0,2017-04-20,32340000,3087,1,0,0,0,0,0,0,0,0,3093,1,0,0,0,0,0,0,0,0
2,2017-04-20,09:00:01,0,WH705,XZCE,3093,3087,3093,8,494400,11390,11390,3267,2955,3111,3093,0,3087,0,0,0,2017-04-20,32401000,3093,1,0,0,0,0,0,0,0,0,3099,2,0,0,0,0,0,0,0,0
3,2017-04-20,09:00:01,0,WH705,XZCE,3087,3082,3093,16,988320,11386,11390,3267,2955,3111,3093,0,3087,0,0,0,2017-04-20,32401000,3093,7,0,0,0,0,0,0,0,0,3099,2,0,0,0,0,0,0,0,0
4,2017-04-20,09:00:02,0,WH705,XZCE,3092,3082,3093,22,1359360,11380,11390,3267,2955,3111,3093,0,3087,0,0,0,2017-04-20,32402000,3093,4,0,0,0,0,0,0,0,0,3099,2,0,0,0,0,0,0,0,0
5,2017-04-20,09:00:02,0,WH705,XZCE,3092,3082,3093,26,1606720,11378,11390,3267,2955,3111,3093,0,3087,0,0,0,2017-04-20,32402000,3093,2,0,0,0,0,0,0,0,0,3097,1,0,0,0,0,0,0,0,0
6,2017-04-20,09:00:04,0,WH705,XZCE,3093,3082,3093,28,1730440,11378,11390,3267,2955,3111,3093,0,3087,0,0,0,2017-04-20,32404000,3093,4,0,0,0,0,0,0,0,0,3097,1,0,0,0,0,0,0,0,0
7,2017-04-20,09:00:06,0,WH705,XZCE,3093,3082,3093,28,1730440,11378,11390,3267,2955,3111,3093,0,3087,0,0,0,2017-04-20,32406000,3093,5,0,0,0,0,0,0,0,0,3097,1,0,0,0,0,0,0,0,0
8,2017-04-20,09:00:08,0,WH705,XZCE,3093,3082,3093,28,1730440,11378,11390,3267,2955,3111,3093,0,3087,0,0,0,2017-04-20,32408000,3093,4,0,0,0,0,0,0,0,0,3097,1,0,0,0,0,0,0,0,0
9,2017-04-20,09:00:09,0,WH705,XZCE,3093,3082,3093,34,2101600,11372,11390,3267,2955,3111,3093,0,3087,0,0,0,2017-04-20,32409000,3093,1,0,0,0,0,0,0,0,0,3097,1,0,0,0,0,0,0,0,0
10,2017-04-20,09:00:09,0,WH705,XZCE,3087,3082,3093,40,2472040,11376,11390,3267,2955,3111,3093,0,3087,0,0,0,2017-04-20,32409000,3081,1,0,0,0,0,0,0,0,0,3097,2,0,0,0,0,0,0,0,0
11,2017-04-20,09:00:10,0,WH705,XZCE,3087,3082,3093,40,2472040,11376,11390,3267,2955,3111,3093,0,3087,0,0,0,2017-04-20,32410000,3081,1,0,0,0,0,0,0,0,0,3096,1,0,0,0,0,0,0,0,0
12,2017-04-20,09:00:12,0,WH705,XZCE,3087,3082,3093,40,2472040,11376,11390,3267,2955,3111,3093,0,3087,0,0,0,2017-04-20,32412000,3082,1,0,0,0,0,0,0,0,0,3095,1,0,0,0,0,0,0,0,0
13,2017-04-20,09:00:12,0,WH705,XZCE,3087,3082,3093,40,2472040,11376,11390,3267,2955,3111,3093,0,3087,0,0,0,2017-04-20,32412000,3082,1,0,0,0,0,0,0,0,0,3095,2,0,0,0,0,0,0,0,0
14,2017-04-20,09:00:14,0,WH705,XZCE,3087,3082,3093,40,2472040,11376,11390,3267,2955,3111,3093,0,3087,0,0,0,2017-04-20,32414000,3082,2,0,0,0,0,0,0,0,0,3094,1,0,0,0,0,0,0,0,0
15,2017-04-20,09:00:15,0,WH705,XZCE,3082,3082,3093,42,2595320,11376,11390,3267,2955,3111,3093,0,3087,0,0,0,2017-04-20,32415000,3082,1,0,0,0,0,0,0,0,0,3093,1,0,0,0,0,0,0,0,0
16,2017-04-20,09:00:16,0,WH705,XZCE,3094,3082,3094,48,2966600,11374,11390,3267,2955,3111,3093,0,3087,0,0,0,2017-04-20,32416000,3082,1,0,0,0,0,0,0,0,0,3095,4,0,0,0,0,0,0,0,0
17,2017-04-20,09:00:16,0,WH705,XZCE,3094,3082,3094,48,2966600,11374,11390,3267,2955,3111,3093,0,3087,0,0,0,2017-04-20,32416000,3082,1,0,0,0,0,0,0,0,0,3095,3,0,0,0,0,0,0,0,0
18,2017-04-20,09:00:17,0,WH705,XZCE,3094,3082,3094,48,2966600,11374,11390,3267,2955,3111,3093,0,3087,0,0,0,2017-04-20,32417000,3082,1,0,0,0,0,0,0,0,0,3094,1,0,0,0,0,0,0,0,0
19,2017-04-20,09:00:17,0,WH705,XZCE,3094,3082,3094,48,2966600,11374,11390,3267,2955,3111,3093,0,3087,0,0,0,2017-04-20,32417000,3082,1,0,0,0,0,0,0,0,0,3093,1,0,0,0,0,0,0,0,0
20,2017-04-20,09:00:18,0,WH705,XZCE,3093,3082,3094,50,3090320,11374,11390,3267,2955,3111,3093,0,3087,0,0,0,2017-04-20,32418000,3082,1,0,0,0,0,0,0,0,0,3094,1,0,0,0,0,0,0,0,0
21,2017-04-20,09:00:19,0,WH705,XZCE,3093,3082,3094,50,3090320,11374,11390,3267,2955,3111,3093,0,3087,0,0,0,2017-04-20,32419000,3090,6,0,0,0,0,0,0,0,0,3093,1,0,0,0,0,0,0,0,0
22,2017-04-20,09:00:19,0,WH705,XZCE,3094,3082,3094,54,3337840,11374,11390,3267,2955,3111,3093,0,3087,0,0,0,2017-04-20,32419000,3094,2,0,0,0,0,0,0,0,0,3095,3,0,0,0,0,0,0,0,0
23,2017-04-20,09:00:20,0,WH705,XZCE,3094,3082,3094,58,3585360,11374,11390,3267,2955,3111,3093,0,3087,0,0,0,2017-04-20,32420000,3094,1,0,0,0,0,0,0,0,0,3095,2,0,0,0,0,0,0,0,0
24,2017-04-20,09:00:21,0,WH705,XZCE,3095,3082,3095,60,3709160,11372,11390,3267,2955,3111,3093,0,3087,0,0,0,2017-04-20,32421000,3094,1,0,0,0,0,0,0,0,0,3095,1,0,0,0,0,0,0,0,0
25,2017-04-20,09:00:22,0,WH705,XZCE,3095,3082,3096,70,4328160,11378,11390,3267,2955,3111,3093,0,3087,0,0,0,2017-04-20,32422000,3094,1,0,0,0,0,0,0,0,0,3097,2,0,0,0,0,0,0,0,0
26,2017-04-20,09:00:24,0,WH705,XZCE,3095,3082,3096,70,4328160,11378,11390,3267,2955,3111,3093,0,3087,0,0,0,2017-04-20,32424000,3095,1,0,0,0,0,0,0,0,0,3097,2,0,0,0,0,0,0,0,0
27,2017-04-20,09:00:25,0,WH705,XZCE,3095,3082,3096,70,4328160,11378,11390,3267,2955,3111,3093,0,3087,0,0,0,2017-04-20,32425000,3095,1,0,0,0,0,0,0,0,0,3096,1,0,0,0,0,0,0,0,0
28,2017-04-20,09:00:27,0,WH705,XZCE,3095,3082,3096,70,4328160,11378,11390,3267,2955,3111,3093,0,3087,0,0,0,2017-04-20,32427000,3095,1,0,0,0,0,0,0,0,0,3097,2,0,0,0,0,0,0,0,0
29,2017-04-20,09:00:30,0,WH705,XZCE,3095,3082,3096,74,4575760,11378,11390,3267,2955,3111,3093,0,3087,0,0,0,2017-04-20,32430000,3094,1,0,0,0,0,0,0,0,0,3097,3,0,0,0,0,0,0,0,0
30,2017-04-20,09:00:31,0,WH705,XZCE,3095,3082,3096,74,4575760,11378,11390,3267,2955,3111,3093,0,3087,0,0,0,2017-04-20,32431000,3094,1,0,0,0,0,0,0,0,0,3097,5,0,0,0,0,0,0,0,0
31,2017-04-20,09:00:31,0,WH705,XZCE,3095,3082,3096,74,4575760,11378,11390,3267,2955,3111,3093,0,3087,0,0,0,2017-04-20,32431000,3094,1,0,0,0,0,0,0,0,0,3096,1,0,0,0,0,0,0,0,0
32,2017-04-20,09:00:32,0,WH705,XZCE,3096,3082,3096,76,4699600,11378,11390,3267,2955,3111,3093,0,3087,0,0,0,2017-04-20,32432000,3094,1,0,0,0,0,0,0,0,0,3096,1,0,0,0,0,0,0,0,0
33,2017-04-20,09:00:33,0,WH705,XZCE,3096,3082,3096,76,4699600,11378,11390,3267,2955,3111,3093,0,3087,0,0,0,2017-04-20,32433000,3094,1,0,0,0,0,0,0,0,0,3095,1,0,0,0,0,0,0,0,0
34,2017-04-20,09:00:33,0,WH705,XZCE,3096,3082,3096,76,4699600,11378,11390,3267,2955,3111,3093,0,3087,0,0,0,2017-04-20,32433000,3094,1,0,0,0,0,0,0,0,0,3095,4,0,0,0,0,0,0,0,0
35,2017-04-20,09:00:34,0,WH705,XZCE,3094,3082,3096,78,4823360,11378,11390,3267,2955,3111,3093,0,3087,0,0,0,2017-04-20,32434000,3083,1,0,0,0,0,0,0,0,0,3093,1,0,0,0,0,0,0,0,0
36,2017-04-20,09:00:34,0,WH705,XZCE,3094,3082,3096,78,4823360,11378,11390,3267,2955,3111,3093,0,3087,0,0,0,2017-04-20,32434000,3083,1,0,0,0,0,0,0,0,0,3093,3,0,0,0,0,0,0,0,0
37,2017-04-20,09:00:36,0,WH705,XZCE,3094,3082,3096,78,4823360,11378,11390,3267,2955,3111,3093,0,3087,0,0,0,2017-04-20,32436000,3083,1,0,0,0,0,0,0,0,0,3092,1,0,0,0,0,0,0,0,0
38,2017-04-20,09:00:36,0,WH705,XZCE,3094,3082,3096,78,4823360,11378,11390,3267,2955,3111,3093,0,3087,0,0,0,2017-04-20,32436000,3083,1,0,0,0,0,0,0,0,0,3091,1,0,0,0,0,0,0,0,0
39,2017-04-20,09:00:37,0,WH705,XZCE,3091,3082,3096,84,5194280,11376,11390,3267,2955,3111,3093,0,3087,0,0,0,2017-04-20,32437000,3087,1,0,0,0,0,0,0,0,0,3091,1,0,0,0,0,0,0,0,0
40,2017-04-20,09:00:38,0,WH705,XZCE,3091,3082,3096,84,5194280,11376,11390,3267,2955,3111,3093,0,3087,0,0,0,2017-04-20,32438000,3087,1,0,0,0,0,0,0,0,0,3090,4,0,0,0,0,0,0,0,0
41,2017-04-20,09:00:39,0,WH705,XZCE,3091,3082,3096,84,5194280,11376,11390,3267,2955,3111,3093,0,3087,0,0,0,2017-04-20,32439000,3087,1,0,0,0,0,0,0,0,0,3091,1,0,0,0,0,0,0,0,0
42,2017-04-20,09:00:40,0,WH705,XZCE,3083,3082,3096,88,5440920,11378,11390,3267,2955,3111,3093,0,3087,0,0,0,2017-04-20,32440000,3083,1,0,0,0,0,0,0,0,0,3087,1,0,0,0,0,0,0,0,0
43,2017-04-20,09:00:40,0,WH705,XZCE,3083,3082,3096,88,5440920,11378,11390,3267,2955,3111,3093,0,3087,0,0,0,2017-04-20,32440000,3083,1,0,0,0,0,0,0,0,0,3087,2,0,0,0,0,0,0,0,0
44,2017-04-20,09:00:41,0,WH705,XZCE,3083,3082,3096,88,5440920,11378,11390,3267,2955,3111,3093,0,3087,0,0,0,2017-04-20,32441000,3085,1,0,0,0,0,0,0,0,0,3087,2,0,0,0,0,0,0,0,0
45,2017-04-20,09:00:43,0,WH705,XZCE,3083,3082,3096,88,5440920,11378,11390,3267,2955,3111,3093,0,3087,0,0,0,2017-04-20,32443000,3083,3,0,0,0,0,0,0,0,0,3087,2,0,0,0,0,0,0,0,0
46,2017-04-20,09:00:44,0,WH705,XZCE,3087,3082,3096,90,5564400,11378,11390,3267,2955,3111,3093,0,3087,0,0,0,2017-04-20,32444000,3083,3,0,0,0,0,0,0,0,0,3087,1,0,0,0,0,0,0,0,0
47,2017-04-20,09:00:45,0,WH705,XZCE,3087,3082,3096,94,5811360,11378,11390,3267,2955,3111,3093,0,3087,0,0,0,2017-04-20,32445000,3087,5,0,0,0,0,0,0,0,0,3092,1,0,0,0,0,0,0,0,0
48,2017-04-20,09:00:45,0,WH705,XZCE,3087,3082,3096,96,5934840,11378,11390,3267,2955,3111,3093,0,3087,0,0,0,2017-04-20,32445000,3087,4,0,0,0,0,0,0,0,0,3092,1,0,0,0,0,0,0,0,0
49,2017-04-20,09:00:46,0,WH705,XZCE,3087,3082,3096,96,5934840,11378,11390,3267,2955,3111,3093,0,3087,0,0,0,2017-04-20,32446000,3087,4,0,0,0,0,0,0,0,0,3091,1,0,0,0,0,0,0,0,0
50,2017-04-20,09:00:47,0,WH705,XZCE,3087,3082,3096,98,6058320,11378,11390,3267,2955,3111,3093,0,3087,0,0,0,2017-04-20,32447000,3087,4,0,0,0,0,0,0,0,0,3091,1,0,0,0,0,0,0,0,0
51,2017-04-20,09:00:49,0,WH705,XZCE,3087,3082,3096,100,6181800,11378,11390,3267,2955,3111,3093,0,3087,0,0,0,2017-04-20,32449000,3087,3,0,0,0,0,0,0,0,0,3091,1,0,0,0,0,0,0,0,0
52,2017-04-20,09:00:49,0,WH705,XZCE,3087,3082,3096,106,6552240,11378,11390,3267,2955,3111,3093,0,3087,0,0,0,2017-04-20,32449000,3083,3,0,0,0,0,0,0,0,0,3087,7,0,0,0,0,0,0,0,0
53,2017-04-20,09:00:50,0,WH705,XZCE,3087,3082,3096,110,6799200,11378,11390,3267,2955,3111,3093,0,3087,0,0,0,2017-04-20,32450000,3083,3,0,0,0,0,0,0,0,0,3087,5,0,0,0,0,0,0,0,0
54,2017-04-20,09:00:51,0,WH705,XZCE,3087,3082,3096,112,6922680,11378,11390,3267,2955,3111,3093,0,3087,0,0,0,2017-04-20,32451000,3083,3,0,0,0,0,0,0,0,0,3087,4,0,0,0,0,0,0,0,0
55,2017-04-20,09:00:52,0,WH705,XZCE,3083,3082,3096,120,7415960,11384,11390,3267,2955,3111,3093,0,3087,0,0,0,2017-04-20,32452000,3082,2,0,0,0,0,0,0,0,0,3083,4,0,0,0,0,0,0,0,0
56,2017-04-20,09:00:54,0,WH705,XZCE,3083,3082,3096,122,7539280,11384,11390,3267,2955,3111,3093,0,3087,0,0,0,2017-04-20,32454000,3082,2,0,0,0,0,0,0,0,0,3083,3,0,0,0,0,0,0,0,0
57,2017-04-20,09:00:54,0,WH705,XZCE,3082,3082,3096,124,7662560,11384,11390,3267,2955,3111,3093,0,3087,0,0,0,2017-04-20,32454000,3082,1,0,0,0,0,0,0,0,0,3083,3,0,0,0,0,0,0,0,0
58,2017-04-20,09:00:55,0,WH705,XZCE,3082,3082,3096,126,7785840,11384,11390,3267,2955,3111,3093,0,3087,0,0,0,2017-04-20,32455000,3081,1,0,0,0,0,0,0,0,0,3083,3,0,0,0,0,0,0,0,0
59,2017-04-20,09:00:55,0,WH705,XZCE,3082,3082,3096,126,7785840,11384,11390,3267,2955,3111,3093,0,3087,0,0,0,2017-04-20,32455000,3081,1,0,0,0,0,0,0,0,0,3082,1,0,0,0,0,0,0,0,0
60,2017-04-20,09:00:56,0,WH705,XZCE,3082,3082,3096,126,7785840,11384,11390,3267,2955,3111,3093,0,3087,0,0,0,2017-04-20,32456000,3081,1,0,0,0,0,0,0,0,0,3083,3,0,0,0,0,0,0,0,0
61,2017-04-20,09:00:59,0,WH705,XZCE,3083,3082,3096,128,7909160,11384,11390,3267,2955,3111,3093,0,3087,0,0,0,2017-04-20,32459000,3081,1,0,0,0,0,0,0,0,0,3083,2,0,0,0,0,0,0,0,0
62,2017-04-20,09:00:59,0,WH705,XZCE,3083,3082,3096,128,7909160,11384,11390,3267,2955,3111,3093,0,3087,0,0,0,2017-04-20,32459000,3081,1,0,0,0,0,0,0,0,0,3083,3,0,0,0,0,0,0,0,0
63,2017-04-20,09:01:01,0,WH705,XZCE,3081,3081,3096,132,8155640,11386,11390,3267,2955,3111,3093,0,3087,0,0,0,2017-04-20,32461000,3080,1,0,0,0,0,0,0,0,0,3083,2,0,0,0,0,0,0,0,0
64,2017-04-20,09:01:02,0,WH705,XZCE,3083,3081,3096,138,8525600,11386,11390,3267,2955,3111,3093,0,3087,0,0,0,2017-04-20,32462000,3083,9,0,0,0,0,0,0,0,0,3087,4,0,0,0,0,0,0,0,0
65,2017-04-20,09:01:03,0,WH705,XZCE,3083,3081,3096,138,8525600,11386,11390,3267,2955,3111,3093,0,3087,0,0,0,2017-04-20,32463000,3083,10,0,0,0,0,0,0,0,0,3087,4,0,0,0,0,0,0,0,0
66,2017-04-20,09:01:04,0,WH705,XZCE,3083,3081,3096,138,8525600,11386,11390,3267,2955,3111,3093,0,3087,0,0,0,2017-04-20,32464000,3084,1,0,0,0,0,0,0,0,0,3087,4,0,0,0,0,0,0,0,0
67,2017-04-20,09:01:04,0,WH705,XZCE,3083,3081,3096,138,8525600,11386,11390,3267,2955,3111,3093,0,3087,0,0,0,2017-04-20,32464000,3085,1,0,0,0,0,0,0,0,0,3087,4,0,0,0,0,0,0,0,0
68,2017-04-20,09:01:05,0,WH705,XZCE,3083,3081,3096,138,8525600,11386,11390,3267,2955,3111,3093,0,3087,0,0,0,2017-04-20,32465000,3084,1,0,0,0,0,0,0,0,0,3087,4,0,0,0,0,0,0,0,0
69,2017-04-20,09:01:06,0,WH705,XZCE,3083,3081,3096,138,8525600,11386,11390,3267,2955,3111,3093,0,3087,0,0,0,2017-04-20,32466000,3084,3,0,0,0,0,0,0,0,0,3087,4,0,0,0,0,0,0,0,0
70,2017-04-20,09:01:07,0,WH705,XZCE,3083,3081,3096,138,8525600,11386,11390,3267,2955,3111,3093,0,3087,0,0,0,2017-04-20,32467000,3085,1,0,0,0,0,0,0,0,0,3087,4,0,0,0,0,0,0,0,0
71,2017-04-20,09:01:08,0,WH705,XZCE,3084,3081,3096,142,8772320,11388,11390,3267,2955,3111,3093,0,3087,0,0,0,2017-04-20,32468000,3084,2,0,0,0,0,0,0,0,0,3087,4,0,0,0,0,0,0,0,0
72,2017-04-20,09:01:09,0,WH705,XZCE,3087,3081,3096,144,8895800,11390,11390,3267,2955,3111,3093,0,3087,0,0,0,2017-04-20,32469000,3084,2,0,0,0,0,0,0,0,0,3087,3,0,0,0,0,0,0,0,0
73,2017-04-20,09:01:12,0,WH705,XZCE,3087,3081,3096,146,9019280,11390,11390,3267,2955,3111,3093,0,3087,0,0,0,2017-04-20,32472000,3084,2,0,0,0,0,0,0,0,0,3087,2,0,0,0,0,0,0,0,0
74,2017-04-20,09:01:12,0,WH705,XZCE,3087,3081,3096,146,9019280,11390,11390,3267,2955,3111,3093,0,3087,0,0,0,2017-04-20,32472000,3084,2,0,0,0,0,0,0,0,0,3087,3,0,0,0,0,0,0,0,0
75,2017-04-20,09:01:13,0,WH705,XZCE,3087,3081,3096,146,9019280,11390,11390,3267,2955,3111,3093,0,3087,0,0,0,2017-04-20,32473000,3086,1,0,0,0,0,0,0,0,0,3087,3,0,0,0,0,0,0,0,0
76,2017-04-20,09:01:14,0,WH705,XZCE,3087,3081,3096,148,9142760,11390,11390,3267,2955,3111,3093,0,3087,0,0,0,2017-04-20,32474000,3086,1,0,0,0,0,0,0,0,0,3087,2,0,0,0,0,0,0,0,0
77,2017-04-20,09:01:14,0,WH705,XZCE,3087,3081,3096,150,9266240,11392,11390,3267,2955,3111,3093,0,3087,0,0,0,2017-04-20,32474000,3086,1,0,0,0,0,0,0,0,0,3087,1,0,0,0,0,0,0,0,0
78,2017-04-20,09:01:14,0,WH705,XZCE,3087,3081,3096,152,9389720,11390,11390,3267,2955,3111,3093,0,3087,0,0,0,2017-04-20,32474000,3087,1,0,0,0,0,0,0,0,0,3091,3,0,0,0,0,0,0,0,0
79,2017-04-20,09:01:18,0,WH705,XZCE,3087,3081,3096,152,9389720,11390,11390,3267,2955,3111,3093,0,3087,0,0,0,2017-04-20,32478000,3087,1,0,0,0,0,0,0,0,0,3090,1,0,0,0,0,0,0,0,0
80,2017-04-20,09:01:20,0,WH705,XZCE,3087,3081,3096,154,9513200,11390,11390,3267,2955,3111,3093,0,3087,0,0,0,2017-04-20,32480000,3086,1,0,0,0,0,0,0,0,0,3087,4,0,0,0,0,0,0,0,0
81,2017-04-20,09:01:20,0,WH705,XZCE,3087,3081,3096,154,9513200,11390,11390,3267,2955,3111,3093,0,3087,0,0,0,2017-04-20,32480000,3086,1,0,0,0,0,0,0,0,0,3087,6,0,0,0,0,0,0,0,0
82,2017-04-20,09:01:22,0,WH705,XZCE,3086,3081,3096,156,9636640,11390,11390,3267,2955,3111,3093,0,3087,0,0,0,2017-04-20,32482000,3084,3,0,0,0,0,0,0,0,0,3087,6,0,0,0,0,0,0,0,0
83,2017-04-20,09:01:25,0,WH705,XZCE,3084,3081,3096,162,10006720,11384,11390,3267,2955,3111,3093,0,3087,0,0,0,2017-04-20,32485000,3083,9,0,0,0,0,0,0,0,0,3087,6,0,0,0,0,0,0,0,0
84,2017-04-20,09:01:26,0,WH705,XZCE,3084,3081,3096,162,10006720,11384,11390,3267,2955,3111,3093,0,3087,0,0,0,2017-04-20,32486000,3084,1,0,0,0,0,0,0,0,0,3087,6,0,0,0,0,0,0,0,0
85,2017-04-20,09:01:32,0,WH705,XZCE,3084,3081,3096,162,10006720,11384,11390,3267,2955,3111,3093,0,3087,0,0,0,2017-04-20,32492000,3084,1,0,0,0,0,0,0,0,0,3086,1,0,0,0,0,0,0,0,0
86,2017-04-20,09:01:41,0,WH705,XZCE,3086,3081,3096,164,10130160,11382,11390,3267,2955,3111,3093,0,3087,0,0,0,2017-04-20,32501000,3084,1,0,0,0,0,0,0,0,0,3087,6,0,0,0,0,0,0,0,0
87,2017-04-20,09:01:43,0,WH705,XZCE,3086,3081,3096,164,10130160,11382,11390,3267,2955,3111,3093,0,3087,0,0,0,2017-04-20,32503000,3084,1,0,0,0,0,0,0,0,0,3086,1,0,0,0,0,0,0,0,0
88,2017-04-20,09:01:44,0,WH705,XZCE,3086,3081,3096,164,10130160,11382,11390,3267,2955,3111,3093,0,3087,0,0,0,2017-04-20,32504000,3083,9,0,0,0,0,0,0,0,0,3086,1,0,0,0,0,0,0,0,0
89,2017-04-20,09:01:45,0,WH705,XZCE,3086,3081,3096,166,10253600,11380,11390,3267,2955,3111,3093,0,3087,0,0,0,2017-04-20,32505000,3083,9,0,0,0,0,0,0,0,0,3087,6,0,0,0,0,0,0,0,0
90,2017-04-20,09:01:45,0,WH705,XZCE,3086,3081,3096,166,10253600,11380,11390,3267,2955,3111,3093,0,3087,0,0,0,2017-04-20,32505000,3083,9,0,0,0,0,0,0,0,0,3084,5,0,0,0,0,0,0,0,0
91,2017-04-20,09:01:51,0,WH705,XZCE,3083,3081,3096,178,10993520,11370,11390,3267,2955,3111,3093,0,3087,0,0,0,2017-04-20,32511000,3083,3,0,0,0,0,0,0,0,0,3084,5,0,0,0,0,0,0,0,0
92,2017-04-20,09:01:51,0,WH705,XZCE,3083,3081,3096,184,11363480,11370,11390,3267,2955,3111,3093,0,3087,0,0,0,2017-04-20,32511000,3080,1,0,0,0,0,0,0,0,0,3081,1,0,0,0,0,0,0,0,0
93,2017-04-20,09:01:52,0,WH705,XZCE,3083,3081,3096,184,11363480,11370,11390,3267,2955,3111,3093,0,3087,0,0,0,2017-04-20,32512000,3080,1,0,0,0,0,0,0,0,0,3081,2,0,0,0,0,0,0,0,0
94,2017-04-20,09:01:52,0,WH705,XZCE,3080,3080,3096,186,11486680,11370,11390,3267,2955,3111,3093,0,3087,0,0,0,2017-04-20,32512000,3072,1,0,0,0,0,0,0,0,0,3081,2,0,0,0,0,0,0,0,0
95,2017-04-20,09:01:53,0,WH705,XZCE,3080,3080,3096,186,11486680,11370,11390,3267,2955,3111,3093,0,3087,0,0,0,2017-04-20,32513000,3072,1,0,0,0,0,0,0,0,0,3080,1,0,0,0,0,0,0,0,0
96,2017-04-20,09:01:53,0,WH705,XZCE,3080,3080,3096,186,11486680,11370,11390,3267,2955,3111,3093,0,3087,0,0,0,2017-04-20,32513000,3072,1,0,0,0,0,0,0,0,0,3081,2,0,0,0,0,0,0,0,0
97,2017-04-20,09:01:54,0,WH705,XZCE,3080,3080,3096,186,11486680,11370,11390,3267,2955,3111,3093,0,3087,0,0,0,2017-04-20,32514000,3072,1,0,0,0,0,0,0,0,0,3080,5,0,0,0,0,0,0,0,0
98,2017-04-20,09:01:54,0,WH705,XZCE,3080,3080,3096,186,11486680,11370,11390,3267,2955,3111,3093,0,3087,0,0,0,2017-04-20,32514000,3072,1,0,0,0,0,0,0,0,0,3081,1,0,0,0,0,0,0,0,0
99,2017-04-20,09:01:56,0,WH705,XZCE,3072,3072,3096,188,11609560,11372,11390,3267,2955,3111,3093,0,3087,0,0,0,2017-04-20,32516000,3070,1,0,0,0,0,0,0,0,0,3081,1,0,0,0,0,0,0,0,0
100,2017-04-20,09:01:56,0,WH705,XZCE,3072,3072,3096,188,11609560,11372,11390,3267,2955,3111,3093,0,3087,0,0,0,2017-04-20,32516000,3070,1,0,0,0,0,0,0,0,0,3072,2,0,0,0,0,0,0,0,0
101,2017-04-20,09:01:57,0,WH705,XZCE,3070,3070,3096,190,11732360,11372,11390,3267,2955,3111,3093,0,3087,0,0,0,2017-04-20,32517000,3067,1,0,0,0,0,0,0,0,0,3072,7,0,0,0,0,0,0,0,0
102,2017-04-20,09:01:57,0,WH705,XZCE,3070,3068,3096,194,11977960,11372,11390,3267,2955,3111,3093,0,3087,0,0,0,2017-04-20,32517000,3067,1,0,0,0,0,0,0,0,0,3072,7,0,0,0,0,0,0,0,0
103,2017-04-20,09:01:58,0,WH705,XZCE,3070,3068,3096,194,11977960,11372,11390,3267,2955,3111,3093,0,3087,0,0,0,2017-04-20,32518000,3068,1,0,0,0,0,0,0,0,0,3072,7,0,0,0,0,0,0,0,0
104,2017-04-20,09:01:59,0,WH705,XZCE,3070,3068,3096,194,11977960,11372,11390,3267,2955,3111,3093,0,3087,0,0,0,2017-04-20,32519000,3068,1,0,0,0,0,0,0,0,0,3070,1,0,0,0,0,0,0,0,0
105,2017-04-20,09:01:59,0,WH705,XZCE,3070,3068,3096,194,11977960,11372,11390,3267,2955,3111,3093,0,3087,0,0,0,2017-04-20,32519000,3068,1,0,0,0,0,0,0,0,0,3069,1,0,0,0,0,0,0,0,0
106,2017-04-20,09:02:00,0,WH705,XZCE,3069,3068,3096,198,12223480,11372,11390,3267,2955,3111,3093,0,3087,0,0,0,2017-04-20,32520000,3067,1,0,0,0,0,0,0,0,0,3068,6,0,0,0,0,0,0,0,0
107,2017-04-20,09:02:01,0,WH705,XZCE,3067,3067,3096,200,12346160,11372,11390,3267,2955,3111,3093,0,3087,0,0,0,2017-04-20,32521000,3064,1,0,0,0,0,0,0,0,0,3068,11,0,0,0,0,0,0,0,0
108,2017-04-20,09:02:02,0,WH705,XZCE,3068,3067,3096,202,12468880,11374,11390,3267,2955,3111,3093,0,3087,0,0,0,2017-04-20,32522000,3064,1,0,0,0,0,0,0,0,0,3068,16,0,0,0,0,0,0,0,0
109,2017-04-20,09:02:03,0,WH705,XZCE,3068,3067,3096,202,12468880,11374,11390,3267,2955,3111,3093,0,3087,0,0,0,2017-04-20,32523000,3064,1,0,0,0,0,0,0,0,0,3067,1,0,0,0,0,0,0,0,0
110,2017-04-20,09:02:03,0,WH705,XZCE,3068,3067,3096,202,12468880,11374,11390,3267,2955,3111,3093,0,3087,0,0,0,2017-04-20,32523000,3064,2,0,0,0,0,0,0,0,0,3067,1,0,0,0,0,0,0,0,0
111,2017-04-20,09:02:04,0,WH705,XZCE,3064,3064,3096,204,12591440,11376,11390,3267,2955,3111,3093,0,3087,0,0,0,2017-04-20,32524000,3064,1,0,0,0,0,0,0,0,0,3067,1,0,0,0,0,0,0,0,0
112,2017-04-20,09:02:04,0,WH705,XZCE,3064,3064,3096,206,12714000,11378,11390,3267,2955,3111,3093,0,3087,0,0,0,2017-04-20,32524000,3063,1,0,0,0,0,0,0,0,0,3067,2,0,0,0,0,0,0,0,0
113,2017-04-20,09:02:05,0,WH705,XZCE,3064,3064,3096,206,12714000,11378,11390,3267,2955,3111,3093,0,3087,0,0,0,2017-04-20,32525000,3063,1,0,0,0,0,0,0,0,0,3066,1,0,0,0,0,0,0,0,0
114,2017-04-20,09:02:05,0,WH705,XZCE,3064,3064,3096,212,13081680,11378,11390,3267,2955,3111,3093,0,3087,0,0,0,2017-04-20,32525000,3063,1,0,0,0,0,0,0,0,0,3066,12,0,0,0,0,0,0,0,0
115,2017-04-20,09:02:06,0,WH705,XZCE,3064,3064,3096,212,13081680,11378,11390,3267,2955,3111,3093,0,3087,0,0,0,2017-04-20,32526000,3063,1,0,0,0,0,0,0,0,0,3067,2,0,0,0,0,0,0,0,0
116,2017-04-20,09:02:07,0,WH705,XZCE,3064,3064,3096,212,13081680,11378,11390,3267,2955,3111,3093,0,3087,0,0,0,2017-04-20,32527000,3064,1,0,0,0,0,0,0,0,0,3067,2,0,0,0,0,0,0,0,0
117,2017-04-20,09:02:08,0,WH705,XZCE,3064,3064,3096,212,13081680,11378,11390,3267,2955,3111,3093,0,3087,0,0,0,2017-04-20,32528000,3064,4,0,0,0,0,0,0,0,0,3067,2,0,0,0,0,0,0,0,0
118,2017-04-20,09:02:09,0,WH705,XZCE,3064,3064,3096,220,13571920,11382,11390,3267,2955,3111,3093,0,3087,0,0,0,2017-04-20,32529000,3063,2,0,0,0,0,0,0,0,0,3064,5,0,0,0,0,0,0,0,0
119,2017-04-20,09:02:09,0,WH705,XZCE,3064,3064,3096,224,13817040,11382,11390,3267,2955,3111,3093,0,3087,0,0,0,2017-04-20,32529000,3063,2,0,0,0,0,0,0,0,0,3064,3,0,0,0,0,0,0,0,0
120,2017-04-20,09:02:10,0,WH705,XZCE,3064,3064,3096,226,13939600,11382,11390,3267,2955,3111,3093,0,3087,0,0,0,2017-04-20,32530000,3063,2,0,0,0,0,0,0,0,0,3064,4,0,0,0,0,0,0,0,0
121,2017-04-20,09:02:10,0,WH705,XZCE,3063,3063,3096,228,14062120,11382,11390,3267,2955,3111,3093,0,3087,0,0,0,2017-04-20,32530000,3063,1,0,0,0,0,0,0,0,0,3064,4,0,0,0,0,0,0,0,0
122,2017-04-20,09:02:11,0,WH705,XZCE,3063,3063,3096,230,14184640,11384,11390,3267,2955,3111,3093,0,3087,0,0,0,2017-04-20,32531000,3062,1,0,0,0,0,0,0,0,0,3064,4,0,0,0,0,0,0,0,0
123,2017-04-20,09:02:12,0,WH705,XZCE,3063,3063,3096,230,14184640,11384,11390,3267,2955,3111,3093,0,3087,0,0,0,2017-04-20,32532000,3062,1,0,0,0,0,0,0,0,0,3064,5,0,0,0,0,0,0,0,0
124,2017-04-20,09:02:13,0,WH705,XZCE,3062,3062,3096,232,14307120,11384,11390,3267,2955,3111,3093,0,3087,0,0,0,2017-04-20,32533000,3060,1,0,0,0,0,0,0,0,0,3064,5,0,0,0,0,0,0,0,0
125,2017-04-20,09:02:13,0,WH705,XZCE,3062,3062,3096,232,14307120,11384,11390,3267,2955,3111,3093,0,3087,0,0,0,2017-04-20,32533000,3060,1,0,0,0,0,0,0,0,0,3064,6,0,0,0,0,0,0,0,0
126,2017-04-20,09:02:14,0,WH705,XZCE,3060,3060,3096,234,14429520,11384,11390,3267,2955,3111,3093,0,3087,0,0,0,2017-04-20,32534000,3055,2,0,0,0,0,0,0,0,0,3064,6,0,0,0,0,0,0,0,0
127,2017-04-20,09:02:14,0,WH705,XZCE,3060,3060,3096,234,14429520,11384,11390,3267,2955,3111,3093,0,3087,0,0,0,2017-04-20,32534000,3056,1,0,0,0,0,0,0,0,0,3064,6,0,0,0,0,0,0,0,0
128,2017-04-20,09:02:15,0,WH705,XZCE,3056,3056,3096,236,14551760,11386,11390,3267,2955,3111,3093,0,3087,0,0,0,2017-04-20,32535000,3055,2,0,0,0,0,0,0,0,0,3062,1,0,0,0,0,0,0,0,0
129,2017-04-20,09:02:16,0,WH705,XZCE,3062,3055,3096,240,14796720,11388,11390,3267,2955,3111,3093,0,3087,0,0,0,2017-04-20,32536000,3055,1,0,0,0,0,0,0,0,0,3063,1,0,0,0,0,0,0,0,0
130,2017-04-20,09:02:17,0,WH705,XZCE,3062,3055,3096,246,15164160,11388,11390,3267,2955,3111,3093,0,3087,0,0,0,2017-04-20,32537000,3055,1,0,0,0,0,0,0,0,0,3061,17,0,0,0,0,0,0,0,0
131,2017-04-20,09:02:17,0,WH705,XZCE,3062,3055,3096,246,15164160,11388,11390,3267,2955,3111,3093,0,3087,0,0,0,2017-04-20,32537000,3055,1,0,0,0,0,0,0,0,0,3063,2,0,0,0,0,0,0,0,0
132,2017-04-20,09:02:18,0,WH705,XZCE,3062,3055,3096,246,15164160,11388,11390,3267,2955,3111,3093,0,3087,0,0,0,2017-04-20,32538000,3055,1,0,0,0,0,0,0,0,0,3063,3,0,0,0,0,0,0,0,0
133,2017-04-20,09:02:19,0,WH705,XZCE,3062,3055,3096,246,15164160,11388,11390,3267,2955,3111,3093,0,3087,0,0,0,2017-04-20,32539000,3058,1,0,0,0,0,0,0,0,0,3063,3,0,0,0,0,0,0,0,0
134,2017-04-20,09:02:19,0,WH705,XZCE,3063,3055,3096,248,15286680,11386,11390,3267,2955,3111,3093,0,3087,0,0,0,2017-04-20,32539000,3058,1,0,0,0,0,0,0,0,0,3063,2,0,0,0,0,0,0,0,0
135,2017-04-20,09:02:20,0,WH705,XZCE,3057,3055,3096,256,15775800,11386,11390,3267,2955,3111,3093,0,3087,0,0,0,2017-04-20,32540000,3055,1,0,0,0,0,0,0,0,0,3063,2,0,0,0,0,0,0,0,0
136,2017-04-20,09:02:20,0,WH705,XZCE,3057,3055,3096,258,15898080,11386,11390,3267,2955,3111,3093,0,3087,0,0,0,2017-04-20,32540000,3055,1,0,0,0,0,0,0,0,0,3063,2,0,0,0,0,0,0,0,0
137,2017-04-20,09:02:21,0,WH705,XZCE,3056,3055,3096,260,16020320,11386,11390,3267,2955,3111,3093,0,3087,0,0,0,2017-04-20,32541000,3055,1,0,0,0,0,0,0,0,0,3063,2,0,0,0,0,0,0,0,0
138,2017-04-20,09:02:21,0,WH705,XZCE,3056,3055,3096,260,16020320,11386,11390,3267,2955,3111,3093,0,3087,0,0,0,2017-04-20,32541000,3055,1,0,0,0,0,0,0,0,0,3057,20,0,0,0,0,0,0,0,0
139,2017-04-20,09:02:22,0,WH705,XZCE,3057,3055,3096,266,16387160,11386,11390,3267,2955,3111,3093,0,3087,0,0,0,2017-04-20,32542000,3056,1,0,0,0,0,0,0,0,0,3057,17,0,0,0,0,0,0,0,0
140,2017-04-20,09:02:22,0,WH705,XZCE,3056,3055,3096,268,16509400,11388,11390,3267,2955,3111,3093,0,3087,0,0,0,2017-04-20,32542000,3055,2,0,0,0,0,0,0,0,0,3057,19,0,0,0,0,0,0,0,0
141,2017-04-20,09:02:23,0,WH705,XZCE,3055,3055,3096,270,16631600,11390,11390,3267,2955,3111,3093,0,3087,0,0,0,2017-04-20,32543000,3055,1,0,0,0,0,0,0,0,0,3056,2,0,0,0,0,0,0,0,0
142,2017-04-20,09:02:23,0,WH705,XZCE,3055,3055,3096,272,16753800,11390,11390,3267,2955,3111,3093,0,3087,0,0,0,2017-04-20,32543000,3053,1,0,0,0,0,0,0,0,0,3056,3,0,0,0,0,0,0,0,0
143,2017-04-20,09:02:24,0,WH705,XZCE,3056,3055,3096,280,17242760,11390,11390,3267,2955,3111,3093,0,3087,0,0,0,2017-04-20,32544000,3055,1,0,0,0,0,0,0,0,0,3057,18,0,0,0,0,0,0,0,0
144,2017-04-20,09:02:25,0,WH705,XZCE,3056,3055,3096,280,17242760,11390,11390,3267,2955,3111,3093,0,3087,0,0,0,2017-04-20,32545000,3055,1,0,0,0,0,0,0,0,0,3056,4,0,0,0,0,0,0,0,0
145,2017-04-20,09:02:26,0,WH705,XZCE,3056,3055,3096,280,17242760,11390,11390,3267,2955,3111,3093,0,3087,0,0,0,2017-04-20,32546000,3055,1,0,0,0,0,0,0,0,0,3057,18,0,0,0,0,0,0,0,0
146,2017-04-20,09:02:27,0,WH705,XZCE,3055,3055,3096,282,17364960,11390,11390,3267,2955,3111,3093,0,3087,0,0,0,2017-04-20,32547000,3053,1,0,0,0,0,0,0,0,0,3055,1,0,0,0,0,0,0,0,0
147,2017-04-20,09:02:28,0,WH705,XZCE,3057,3055,3096,318,19566000,11390,11390,3267,2955,3111,3093,0,3087,0,0,0,2017-04-20,32548000,3057,11,0,0,0,0,0,0,0,0,3062,11,0,0,0,0,0,0,0,0
148,2017-04-20,09:02:28,0,WH705,XZCE,3057,3055,3096,340,20911080,11390,11390,3267,2955,3111,3093,0,3087,0,0,0,2017-04-20,32548000,3055,1,0,0,0,0,0,0,0,0,3056,3,0,0,0,0,0,0,0,0
149,2017-04-20,09:02:29,0,WH705,XZCE,3057,3055,3096,340,20911080,11390,11390,3267,2955,3111,3093,0,3087,0,0,0,2017-04-20,32549000,3055,1,0,0,0,0,0,0,0,0,3056,1,0,0,0,0,0,0,0,0
150,2017-04-20,09:02:29,0,WH705,XZCE,3056,3055,3096,342,21033320,11390,11390,3267,2955,3111,3093,0,3087,0,0,0,2017-04-20,32549000,3055,1,0,0,0,0,0,0,0,0,3056,1,0,0,0,0,0,0,0,0
151,2017-04-20,09:02:30,0,WH705,XZCE,3056,3055,3096,344,21155560,11388,11390,3267,2955,3111,3093,0,3087,0,0,0,2017-04-20,32550000,3056,5,0,0,0,0,0,0,0,0,3061,2,0,0,0,0,0,0,0,0
152,2017-04-20,09:02:30,0,WH705,XZCE,3056,3055,3096,344,21155560,11388,11390,3267,2955,3111,3093,0,3087,0,0,0,2017-04-20,32550000,3055,1,0,0,0,0,0,0,0,0,3062,1,0,0,0,0,0,0,0,0
153,2017-04-20,09:02:31,0,WH705,XZCE,3056,3055,3096,344,21155560,11388,11390,3267,2955,3111,3093,0,3087,0,0,0,2017-04-20,32551000,3056,1,0,0,0,0,0,0,0,0,3062,1,0,0,0,0,0,0,0,0
154,2017-04-20,09:02:32,0,WH705,XZCE,3056,3055,3096,344,21155560,11388,11390,3267,2955,3111,3093,0,3087,0,0,0,2017-04-20,32552000,3056,2,0,0,0,0,0,0,0,0,3062,1,0,0,0,0,0,0,0,0
155,2017-04-20,09:02:32,0,WH705,XZCE,3056,3055,3096,346,21277800,11388,11390,3267,2955,3111,3093,0,3087,0,0,0,2017-04-20,32552000,3056,1,0,0,0,0,0,0,0,0,3062,1,0,0,0,0,0,0,0,0
156,2017-04-20,09:02:34,0,WH705,XZCE,3056,3055,3096,346,21277800,11388,11390,3267,2955,3111,3093,0,3087,0,0,0,2017-04-20,32554000,3056,2,0,0,0,0,0,0,0,0,3062,1,0,0,0,0,0,0,0,0
157,2017-04-20,09:02:34,0,WH705,XZCE,3056,3055,3096,346,21277800,11388,11390,3267,2955,3111,3093,0,3087,0,0,0,2017-04-20,32554000,3057,1,0,0,0,0,0,0,0,0,3062,1,0,0,0,0,0,0,0,0
158,2017-04-20,09:02:36,0,WH705,XZCE,3056,3055,3096,346,21277800,11388,11390,3267,2955,3111,3093,0,3087,0,0,0,2017-04-20,32556000,3059,1,0,0,0,0,0,0,0,0,3062,1,0,0,0,0,0,0,0,0
159,2017-04-20,09:02:37,0,WH705,XZCE,3056,3055,3096,346,21277800,11388,11390,3267,2955,3111,3093,0,3087,0,0,0,2017-04-20,32557000,3060,3,0,0,0,0,0,0,0,0,3062,1,0,0,0,0,0,0,0,0
160,2017-04-20,09:02:45,0,WH705,XZCE,3062,3055,3096,348,21400280,11386,11390,3267,2955,3111,3093,0,3087,0,0,0,2017-04-20,32565000,3060,3,0,0,0,0,0,0,0,0,3063,1,0,0,0,0,0,0,0,0
161,2017-04-20,09:02:46,0,WH705,XZCE,3062,3055,3096,348,21400280,11386,11390,3267,2955,3111,3093,0,3087,0,0,0,2017-04-20,32566000,3060,4,0,0,0,0,0,0,0,0,3063,1,0,0,0,0,0,0,0,0
162,2017-04-20,09:02:48,0,WH705,XZCE,3060,3055,3096,352,21645080,11390,11390,3267,2955,3111,3093,0,3087,0,0,0,2017-04-20,32568000,3060,2,0,0,0,0,0,0,0,0,3063,1,0,0,0,0,0,0,0,0
163,2017-04-20,09:02:49,0,WH705,XZCE,3060,3055,3096,360,22134680,11396,11390,3267,2955,3111,3093,0,3087,0,0,0,2017-04-20,32569000,3059,1,0,0,0,0,0,0,0,0,3060,1,0,0,0,0,0,0,0,0
164,2017-04-20,09:02:50,0,WH705,XZCE,3060,3055,3096,362,22257080,11396,11390,3267,2955,3111,3093,0,3087,0,0,0,2017-04-20,32570000,3059,1,0,0,0,0,0,0,0,0,3064,5,0,0,0,0,0,0,0,0
165,2017-04-20,09:02:51,0,WH705,XZCE,3063,3055,3096,364,22379600,11394,11390,3267,2955,3111,3093,0,3087,0,0,0,2017-04-20,32571000,3059,1,0,0,0,0,0,0,0,0,3064,5,0,0,0,0,0,0,0,0
166,2017-04-20,09:02:52,0,WH705,XZCE,3063,3055,3096,364,22379600,11394,11390,3267,2955,3111,3093,0,3087,0,0,0,2017-04-20,32572000,3060,1,0,0,0,0,0,0,0,0,3064,5,0,0,0,0,0,0,0,0
167,2017-04-20,09:02:52,0,WH705,XZCE,3063,3055,3096,364,22379600,11394,11390,3267,2955,3111,3093,0,3087,0,0,0,2017-04-20,32572000,3060,1,0,0,0,0,0,0,0,0,3063,1,0,0,0,0,0,0,0,0
168,2017-04-20,09:02:53,0,WH705,XZCE,3059,3055,3096,368,22624320,11396,11390,3267,2955,3111,3093,0,3087,0,0,0,2017-04-20,32573000,3057,2,0,0,0,0,0,0,0,0,3063,1,0,0,0,0,0,0,0,0
169,2017-04-20,09:02:54,0,WH705,XZCE,3057,3055,3096,370,22746600,11396,11390,3267,2955,3111,3093,0,3087,0,0,0,2017-04-20,32574000,3057,1,0,0,0,0,0,0,0,0,3063,1,0,0,0,0,0,0,0,0
170,2017-04-20,09:02:55,0,WH705,XZCE,3064,3055,3096,382,23481960,11394,11390,3267,2955,3111,3093,0,3087,0,0,0,2017-04-20,32575000,3064,4,0,0,0,0,0,0,0,0,3066,1,0,0,0,0,0,0,0,0
171,2017-04-20,09:02:55,0,WH705,XZCE,3064,3055,3096,384,23604520,11394,11390,3267,2955,3111,3093,0,3087,0,0,0,2017-04-20,32575000,3064,3,0,0,0,0,0,0,0,0,3066,1,0,0,0,0,0,0,0,0
172,2017-04-20,09:02:57,0,WH705,XZCE,3066,3055,3096,386,23727160,11396,11390,3267,2955,3111,3093,0,3087,0,0,0,2017-04-20,32577000,3066,5,0,0,0,0,0,0,0,0,3069,2,0,0,0,0,0,0,0,0
173,2017-04-20,09:02:58,0,WH705,XZCE,3069,3055,3096,390,23972680,11396,11390,3267,2955,3111,3093,0,3087,0,0,0,2017-04-20,32578000,3066,5,0,0,0,0,0,0,0,0,3072,1,0,0,0,0,0,0,0,0
174,2017-04-20,09:03:00,0,WH705,XZCE,3069,3055,3096,390,23972680,11396,11390,3267,2955,3111,3093,0,3087,0,0,0,2017-04-20,32580000,3068,1,0,0,0,0,0,0,0,0,3072,1,0,0,0,0,0,0,0,0
175,2017-04-20,09:03:01,0,WH705,XZCE,3066,3055,3096,394,24217960,11398,11390,3267,2955,3111,3093,0,3087,0,0,0,2017-04-20,32581000,3066,4,0,0,0,0,0,0,0,0,3072,1,0,0,0,0,0,0,0,0
176,2017-04-20,09:03:02,0,WH705,XZCE,3072,3055,3096,396,24340840,11398,11390,3267,2955,3111,3093,0,3087,0,0,0,2017-04-20,32582000,3066,4,0,0,0,0,0,0,0,0,3073,1,0,0,0,0,0,0,0,0
177,2017-04-20,09:03:03,0,WH705,XZCE,3072,3055,3096,396,24340840,11398,11390,3267,2955,3111,3093,0,3087,0,0,0,2017-04-20,32583000,3067,1,0,0,0,0,0,0,0,0,3073,1,0,0,0,0,0,0,0,0
178,2017-04-20,09:03:05,0,WH705,XZCE,3072,3055,3096,396,24340840,11398,11390,3267,2955,3111,3093,0,3087,0,0,0,2017-04-20,32585000,3067,1,0,0,0,0,0,0,0,0,3073,2,0,0,0,0,0,0,0,0
179,2017-04-20,09:03:08,0,WH705,XZCE,3072,3055,3096,396,24340840,11398,11390,3267,2955,3111,3093,0,3087,0,0,0,2017-04-20,32588000,3069,2,0,0,0,0,0,0,0,0,3073,2,0,0,0,0,0,0,0,0
180,2017-04-20,09:03:10,0,WH705,XZCE,3072,3055,3096,396,24340840,11398,11390,3267,2955,3111,3093,0,3087,0,0,0,2017-04-20,32590000,3069,2,0,0,0,0,0,0,0,0,3072,1,0,0,0,0,0,0,0,0
181,2017-04-20,09:03:10,0,WH705,XZCE,3069,3055,3096,398,24463600,11398,11390,3267,2955,3111,3093,0,3087,0,0,0,2017-04-20,32590000,3069,1,0,0,0,0,0,0,0,0,3072,1,0,0,0,0,0,0,0,0
182,2017-04-20,09:03:11,0,WH705,XZCE,3069,3055,3096,400,24586360,11398,11390,3267,2955,3111,3093,0,3087,0,0,0,2017-04-20,32591000,3066,6,0,0,0,0,0,0,0,0,3072,1,0,0,0,0,0,0,0,0
183,2017-04-20,09:03:11,0,WH705,XZCE,3069,3055,3096,400,24586360,11398,11390,3267,2955,3111,3093,0,3087,0,0,0,2017-04-20,32591000,3066,6,0,0,0,0,0,0,0,0,3072,2,0,0,0,0,0,0,0,0
184,2017-04-20,09:03:12,0,WH705,XZCE,3069,3055,3096,400,24586360,11398,11390,3267,2955,3111,3093,0,3087,0,0,0,2017-04-20,32592000,3067,1,0,0,0,0,0,0,0,0,3072,2,0,0,0,0,0,0,0,0
185,2017-04-20,09:03:17,0,WH705,XZCE,3069,3055,3096,400,24586360,11398,11390,3267,2955,3111,3093,0,3087,0,0,0,2017-04-20,32597000,3069,1,0,0,0,0,0,0,0,0,3072,2,0,0,0,0,0,0,0,0
186,2017-04-20,09:03:18,0,WH705,XZCE,3069,3055,3096,400,24586360,11398,11390,3267,2955,3111,3093,0,3087,0,0,0,2017-04-20,32598000,3069,1,0,0,0,0,0,0,0,0,3072,3,0,0,0,0,0,0,0,0
187,2017-04-20,09:03:18,0,WH705,XZCE,3069,3055,3096,400,24586360,11398,11390,3267,2955,3111,3093,0,3087,0,0,0,2017-04-20,32598000,3069,1,0,0,0,0,0,0,0,0,3072,4,0,0,0,0,0,0,0,0
188,2017-04-20,09:03:19,0,WH705,XZCE,3069,3055,3096,402,24709120,11398,11390,3267,2955,3111,3093,0,3087,0,0,0,2017-04-20,32599000,3067,1,0,0,0,0,0,0,0,0,3072,4,0,0,0,0,0,0,0,0
189,2017-04-20,09:03:22,0,WH705,XZCE,3067,3055,3096,404,24831800,11400,11390,3267,2955,3111,3093,0,3087,0,0,0,2017-04-20,32602000,3066,6,0,0,0,0,0,0,0,0,3069,1,0,0,0,0,0,0,0,0
190,2017-04-20,09:03:22,0,WH705,XZCE,3069,3055,3096,406,24954560,11400,11390,3267,2955,3111,3093,0,3087,0,0,0,2017-04-20,32602000,3066,6,0,0,0,0,0,0,0,0,3072,1,0,0,0,0,0,0,0,0
191,2017-04-20,09:03:23,0,WH705,XZCE,3069,3055,3096,406,24954560,11400,11390,3267,2955,3111,3093,0,3087,0,0,0,2017-04-20,32603000,3066,6,0,0,0,0,0,0,0,0,3071,1,0,0,0,0,0,0,0,0
192,2017-04-20,09:03:25,0,WH705,XZCE,3071,3055,3096,408,25077400,11400,11390,3267,2955,3111,3093,0,3087,0,0,0,2017-04-20,32605000,3066,6,0,0,0,0,0,0,0,0,3072,3,0,0,0,0,0,0,0,0
193,2017-04-20,09:03:26,0,WH705,XZCE,3071,3055,3096,408,25077400,11400,11390,3267,2955,3111,3093,0,3087,0,0,0,2017-04-20,32606000,3066,6,0,0,0,0,0,0,0,0,3072,4,0,0,0,0,0,0,0,0
194,2017-04-20,09:03:26,0,WH705,XZCE,3071,3055,3096,408,25077400,11400,11390,3267,2955,3111,3093,0,3087,0,0,0,2017-04-20,32606000,3067,1,0,0,0,0,0,0,0,0,3072,4,0,0,0,0,0,0,0,0
195,2017-04-20,09:03:27,0,WH705,XZCE,3072,3055,3096,410,25200280,11402,11390,3267,2955,3111,3093,0,3087,0,0,0,2017-04-20,32607000,3067,1,0,0,0,0,0,0,0,0,3072,3,0,0,0,0,0,0,0,0
196,2017-04-20,09:03:28,0,WH705,XZCE,3072,3055,3096,410,25200280,11402,11390,3267,2955,3111,3093,0,3087,0,0,0,2017-04-20,32608000,3067,1,0,0,0,0,0,0,0,0,3070,1,0,0,0,0,0,0,0,0
197,2017-04-20,09:03:29,0,WH705,XZCE,3072,3055,3096,412,25323160,11402,11390,3267,2955,3111,3093,0,3087,0,0,0,2017-04-20,32609000,3072,4,0,0,0,0,0,0,0,0,3073,2,0,0,0,0,0,0,0,0
198,2017-04-20,09:03:29,0,WH705,XZCE,3072,3055,3096,412,25323160,11402,11390,3267,2955,3111,3093,0,3087,0,0,0,2017-04-20,32609000,3072,4,0,0,0,0,0,0,0,0,3073,4,0,0,0,0,0,0,0,0
199,2017-04-20,09:03:30,0,WH705,XZCE,3072,3055,3096,412,25323160,11402,11390,3267,2955,3111,3093,0,3087,0,0,0,2017-04-20,32610000,3072,4,0,0,0,0,0,0,0,0,3073,6,0,0,0,0,0,0,0,0
200,2017-04-20,09:03:30,0,WH705,XZCE,3072,3055,3096,412,25323160,11402,11390,3267,2955,3111,3093,0,3087,0,0,0,2017-04-20,32610000,3072,4,0,0,0,0,0,0,0,0,3073,5,0,0,0,0,0,0,0,0
201,2017-04-20,09:03:33,0,WH705,XZCE,3072,3055,3096,414,25446040,11402,11390,3267,2955,3111,3093,0,3087,0,0,0,2017-04-20,32613000,3072,3,0,0,0,0,0,0,0,0,3073,5,0,0,0,0,0,0,0,0
202,2017-04-20,09:03:34,0,WH705,XZCE,3073,3055,3096,420,25814800,11402,11390,3267,2955,3111,3093,0,3087,0,0,0,2017-04-20,32614000,3072,1,0,0,0,0,0,0,0,0,3073,4,0,0,0,0,0,0,0,0
203,2017-04-20,09:03:34,0,WH705,XZCE,3072,3055,3096,422,25937680,11402,11390,3267,2955,3111,3093,0,3087,0,0,0,2017-04-20,32614000,3071,1,0,0,0,0,0,0,0,0,3073,4,0,0,0,0,0,0,0,0
204,2017-04-20,09:03:37,0,WH705,XZCE,3073,3055,3096,424,26060600,11400,11390,3267,2955,3111,3093,0,3087,0,0,0,2017-04-20,32617000,3071,1,0,0,0,0,0,0,0,0,3073,2,0,0,0,0,0,0,0,0
205,2017-04-20,09:03:39,0,WH705,XZCE,3071,3055,3096,430,26429120,11400,11390,3267,2955,3111,3093,0,3087,0,0,0,2017-04-20,32619000,3067,1,0,0,0,0,0,0,0,0,3075,1,0,0,0,0,0,0,0,0
206,2017-04-20,09:03:40,0,WH705,XZCE,3071,3055,3096,430,26429120,11400,11390,3267,2955,3111,3093,0,3087,0,0,0,2017-04-20,32620000,3069,1,0,0,0,0,0,0,0,0,3075,1,0,0,0,0,0,0,0,0
207,2017-04-20,09:03:41,0,WH705,XZCE,3071,3055,3096,430,26429120,11400,11390,3267,2955,3111,3093,0,3087,0,0,0,2017-04-20,32621000,3069,1,0,0,0,0,0,0,0,0,3075,2,0,0,0,0,0,0,0,0
208,2017-04-20,09:03:42,0,WH705,XZCE,3071,3055,3096,430,26429120,11400,11390,3267,2955,3111,3093,0,3087,0,0,0,2017-04-20,32622000,3069,1,0,0,0,0,0,0,0,0,3075,1,0,0,0,0,0,0,0,0
209,2017-04-20,09:03:44,0,WH705,XZCE,3071,3055,3096,430,26429120,11400,11390,3267,2955,3111,3093,0,3087,0,0,0,2017-04-20,32624000,3069,1,0,0,0,0,0,0,0,0,3075,2,0,0,0,0,0,0,0,0
210,2017-04-20,09:03:53,0,WH705,XZCE,3071,3055,3096,430,26429120,11400,11390,3267,2955,3111,3093,0,3087,0,0,0,2017-04-20,32633000,3069,1,0,0,0,0,0,0,0,0,3075,3,0,0,0,0,0,0,0,0
211,2017-04-20,09:03:54,0,WH705,XZCE,3071,3055,3096,430,26429120,11400,11390,3267,2955,3111,3093,0,3087,0,0,0,2017-04-20,32634000,3069,1,0,0,0,0,0,0,0,0,3074,1,0,0,0,0,0,0,0,0
212,2017-04-20,09:03:56,0,WH705,XZCE,3071,3055,3096,430,26429120,11400,11390,3267,2955,3111,3093,0,3087,0,0,0,2017-04-20,32636000,3069,1,0,0,0,0,0,0,0,0,3074,2,0,0,0,0,0,0,0,0
213,2017-04-20,09:04:08,0,WH705,XZCE,3071,3055,3096,430,26429120,11400,11390,3267,2955,3111,3093,0,3087,0,0,0,2017-04-20,32648000,3069,1,0,0,0,0,0,0,0,0,3074,3,0,0,0,0,0,0,0,0
214,2017-04-20,09:04:10,0,WH705,XZCE,3069,3055,3096,432,26551880,11398,11390,3267,2955,3111,3093,0,3087,0,0,0,2017-04-20,32650000,3067,1,0,0,0,0,0,0,0,0,3069,1,0,0,0,0,0,0,0,0
215,2017-04-20,09:04:14,0,WH705,XZCE,3067,3055,3096,434,26674560,11400,11390,3267,2955,3111,3093,0,3087,0,0,0,2017-04-20,32654000,3066,6,0,0,0,0,0,0,0,0,3067,49,0,0,0,0,0,0,0,0
216,2017-04-20,09:04:15,0,WH705,XZCE,3067,3055,3096,442,27165280,11406,11390,3267,2955,3111,3093,0,3087,0,0,0,2017-04-20,32655000,3066,3,0,0,0,0,0,0,0,0,3067,48,0,0,0,0,0,0,0,0
217,2017-04-20,09:04:15,0,WH705,XZCE,3067,3055,3096,442,27165280,11406,11390,3267,2955,3111,3093,0,3087,0,0,0,2017-04-20,32655000,3066,3,0,0,0,0,0,0,0,0,3069,1,0,0,0,0,0,0,0,0
218,2017-04-20,09:04:16,0,WH705,XZCE,3066,3055,3096,446,27410560,11404,11390,3267,2955,3111,3093,0,3087,0,0,0,2017-04-20,32656000,3066,1,0,0,0,0,0,0,0,0,3069,1,0,0,0,0,0,0,0,0
219,2017-04-20,09:04:17,0,WH705,XZCE,3066,3055,3096,448,27533200,11404,11390,3267,2955,3111,3093,0,3087,0,0,0,2017-04-20,32657000,3064,3,0,0,0,0,0,0,0,0,3066,1,0,0,0,0,0,0,0,0
220,2017-04-20,09:04:22,0,WH705,XZCE,3066,3055,3096,448,27533200,11404,11390,3267,2955,3111,3093,0,3087,0,0,0,2017-04-20,32662000,3064,3,0,0,0,0,0,0,0,0,3065,50,0,0,0,0,0,0,0,0
221,2017-04-20,09:04:23,0,WH705,XZCE,3066,3055,3096,448,27533200,11404,11390,3267,2955,3111,3093,0,3087,0,0,0,2017-04-20,32663000,3064,3,0,0,0,0,0,0,0,0,3066,1,0,0,0,0,0,0,0,0
222,2017-04-20,09:04:23,0,WH705,XZCE,3064,3055,3096,454,27900880,11404,11390,3267,2955,3111,3093,0,3087,0,0,0,2017-04-20,32663000,3061,2,0,0,0,0,0,0,0,0,3064,1,0,0,0,0,0,0,0,0
223,2017-04-20,09:04:24,0,WH705,XZCE,3061,3055,3096,456,28023320,11404,11390,3267,2955,3111,3093,0,3087,0,0,0,2017-04-20,32664000,3061,1,0,0,0,0,0,0,0,0,3064,1,0,0,0,0,0,0,0,0
224,2017-04-20,09:04:25,0,WH705,XZCE,3061,3055,3096,456,28023320,11404,11390,3267,2955,3111,3093,0,3087,0,0,0,2017-04-20,32665000,3061,1,0,0,0,0,0,0,0,0,3063,50,0,0,0,0,0,0,0,0
225,2017-04-20,09:04:26,0,WH705,XZCE,3061,3055,3096,456,28023320,11404,11390,3267,2955,3111,3093,0,3087,0,0,0,2017-04-20,32666000,3061,1,0,0,0,0,0,0,0,0,3062,1,0,0,0,0,0,0,0,0
226,2017-04-20,09:04:27,0,WH705,XZCE,3061,3055,3096,456,28023320,11404,11390,3267,2955,3111,3093,0,3087,0,0,0,2017-04-20,32667000,3062,1,0,0,0,0,0,0,0,0,3064,1,0,0,0,0,0,0,0,0
227,2017-04-20,09:04:28,0,WH705,XZCE,3061,3055,3096,460,28268200,11402,11390,3267,2955,3111,3093,0,3087,0,0,0,2017-04-20,32668000,3059,1,0,0,0,0,0,0,0,0,3061,3,0,0,0,0,0,0,0,0
228,2017-04-20,09:04:29,0,WH705,XZCE,3061,3055,3096,460,28268200,11402,11390,3267,2955,3111,3093,0,3087,0,0,0,2017-04-20,32669000,3060,1,0,0,0,0,0,0,0,0,3061,3,0,0,0,0,0,0,0,0
229,2017-04-20,09:04:29,0,WH705,XZCE,3061,3055,3096,460,28268200,11402,11390,3267,2955,3111,3093,0,3087,0,0,0,2017-04-20,32669000,3060,2,0,0,0,0,0,0,0,0,3061,3,0,0,0,0,0,0,0,0
230,2017-04-20,09:04:31,0,WH705,XZCE,3060,3055,3096,462,28390600,11402,11390,3267,2955,3111,3093,0,3087,0,0,0,2017-04-20,32671000,3060,1,0,0,0,0,0,0,0,0,3061,3,0,0,0,0,0,0,0,0
231,2017-04-20,09:04:32,0,WH705,XZCE,3061,3055,3096,464,28513040,11402,11390,3267,2955,3111,3093,0,3087,0,0,0,2017-04-20,32672000,3060,1,0,0,0,0,0,0,0,0,3061,2,0,0,0,0,0,0,0,0
232,2017-04-20,09:04:32,0,WH705,XZCE,3061,3055,3096,468,28757920,11398,11390,3267,2955,3111,3093,0,3087,0,0,0,2017-04-20,32672000,3061,1,0,0,0,0,0,0,0,0,3064,1,0,0,0,0,0,0,0,0
233,2017-04-20,09:04:33,0,WH705,XZCE,3061,3055,3096,468,28757920,11398,11390,3267,2955,3111,3093,0,3087,0,0,0,2017-04-20,32673000,3060,1,0,0,0,0,0,0,0,0,3064,1,0,0,0,0,0,0,0,0
234,2017-04-20,09:04:33,0,WH705,XZCE,3060,3055,3096,470,28880320,11398,11390,3267,2955,3111,3093,0,3087,0,0,0,2017-04-20,32673000,3059,1,0,0,0,0,0,0,0,0,3060,4,0,0,0,0,0,0,0,0
235,2017-04-20,09:04:34,0,WH705,XZCE,3060,3055,3096,470,28880320,11398,11390,3267,2955,3111,3093,0,3087,0,0,0,2017-04-20,32674000,3059,1,0,0,0,0,0,0,0,0,3060,5,0,0,0,0,0,0,0,0
236,2017-04-20,09:04:34,0,WH705,XZCE,3060,3055,3096,472,29002720,11398,11390,3267,2955,3111,3093,0,3087,0,0,0,2017-04-20,32674000,3059,1,0,0,0,0,0,0,0,0,3060,4,0,0,0,0,0,0,0,0
237,2017-04-20,09:04:35,0,WH705,XZCE,3059,3055,3096,480,29492160,11398,11390,3267,2955,3111,3093,0,3087,0,0,0,2017-04-20,32675000,3059,3,0,0,0,0,0,0,0,0,3060,1,0,0,0,0,0,0,0,0
238,2017-04-20,09:04:37,0,WH705,XZCE,3060,3055,3096,482,29614560,11398,11390,3267,2955,3111,3093,0,3087,0,0,0,2017-04-20,32677000,3060,1,0,0,0,0,0,0,0,0,3066,3,0,0,0,0,0,0,0,0
239,2017-04-20,09:04:38,0,WH705,XZCE,3060,3055,3096,482,29614560,11398,11390,3267,2955,3111,3093,0,3087,0,0,0,2017-04-20,32678000,3059,3,0,0,0,0,0,0,0,0,3065,1,0,0,0,0,0,0,0,0
240,2017-04-20,09:04:40,0,WH705,XZCE,3060,3055,3096,482,29614560,11398,11390,3267,2955,3111,3093,0,3087,0,0,0,2017-04-20,32680000,3059,3,0,0,0,0,0,0,0,0,3063,1,0,0,0,0,0,0,0,0
241,2017-04-20,09:04:41,0,WH705,XZCE,3059,3055,3096,484,29736920,11398,11390,3267,2955,3111,3093,0,3087,0,0,0,2017-04-20,32681000,3059,2,0,0,0,0,0,0,0,0,3063,1,0,0,0,0,0,0,0,0
242,2017-04-20,09:04:42,0,WH705,XZCE,3059,3055,3096,484,29736920,11398,11390,3267,2955,3111,3093,0,3087,0,0,0,2017-04-20,32682000,3059,2,0,0,0,0,0,0,0,0,3061,67,0,0,0,0,0,0,0,0
243,2017-04-20,09:04:42,0,WH705,XZCE,3059,3055,3096,484,29736920,11398,11390,3267,2955,3111,3093,0,3087,0,0,0,2017-04-20,32682000,3056,1,0,0,0,0,0,0,0,0,3061,67,0,0,0,0,0,0,0,0
244,2017-04-20,09:04:43,0,WH705,XZCE,3059,3055,3096,484,29736920,11398,11390,3267,2955,3111,3093,0,3087,0,0,0,2017-04-20,32683000,3056,1,0,0,0,0,0,0,0,0,3060,1,0,0,0,0,0,0,0,0
245,2017-04-20,09:04:43,0,WH705,XZCE,3059,3055,3096,484,29736920,11398,11390,3267,2955,3111,3093,0,3087,0,0,0,2017-04-20,32683000,3056,1,0,0,0,0,0,0,0,0,3059,1,0,0,0,0,0,0,0,0
246,2017-04-20,09:04:44,0,WH705,XZCE,3059,3055,3096,484,29736920,11398,11390,3267,2955,3111,3093,0,3087,0,0,0,2017-04-20,32684000,3056,1,0,0,0,0,0,0,0,0,3058,27,0,0,0,0,0,0,0,0
247,2017-04-20,09:04:44,0,WH705,XZCE,3059,3055,3096,484,29736920,11398,11390,3267,2955,3111,3093,0,3087,0,0,0,2017-04-20,32684000,3056,1,0,0,0,0,0,0,0,0,3059,1,0,0,0,0,0,0,0,0
248,2017-04-20,09:04:45,0,WH705,XZCE,3059,3055,3096,488,29981640,11398,11390,3267,2955,3111,3093,0,3087,0,0,0,2017-04-20,32685000,3060,1,0,0,0,0,0,0,0,0,3064,1,0,0,0,0,0,0,0,0
249,2017-04-20,09:04:46,0,WH705,XZCE,3059,3055,3096,488,29981640,11398,11390,3267,2955,3111,3093,0,3087,0,0,0,2017-04-20,32686000,3061,1,0,0,0,0,0,0,0,0,3063,1,0,0,0,0,0,0,0,0
250,2017-04-20,09:04:47,0,WH705,XZCE,3061,3055,3096,490,30104080,11396,11390,3267,2955,3111,3093,0,3087,0,0,0,2017-04-20,32687000,3060,1,0,0,0,0,0,0,0,0,3064,1,0,0,0,0,0,0,0,0
251,2017-04-20,09:04:48,0,WH705,XZCE,3061,3055,3096,490,30104080,11396,11390,3267,2955,3111,3093,0,3087,0,0,0,2017-04-20,32688000,3060,1,0,0,0,0,0,0,0,0,3062,1,0,0,0,0,0,0,0,0
252,2017-04-20,09:04:49,0,WH705,XZCE,3061,3055,3096,490,30104080,11396,11390,3267,2955,3111,3093,0,3087,0,0,0,2017-04-20,32689000,3060,1,0,0,0,0,0,0,0,0,3061,33,0,0,0,0,0,0,0,0
253,2017-04-20,09:04:50,0,WH705,XZCE,3061,3055,3096,490,30104080,11396,11390,3267,2955,3111,3093,0,3087,0,0,0,2017-04-20,32690000,3061,1,0,0,0,0,0,0,0,0,3062,1,0,0,0,0,0,0,0,0
254,2017-04-20,09:04:52,0,WH705,XZCE,3061,3055,3096,494,30348960,11398,11390,3267,2955,3111,3093,0,3087,0,0,0,2017-04-20,32692000,3060,1,0,0,0,0,0,0,0,0,3064,1,0,0,0,0,0,0,0,0
255,2017-04-20,09:04:52,0,WH705,XZCE,3061,3055,3096,494,30348960,11398,11390,3267,2955,3111,3093,0,3087,0,0,0,2017-04-20,32692000,3062,1,0,0,0,0,0,0,0,0,3064,1,0,0,0,0,0,0,0,0
256,2017-04-20,09:04:54,0,WH705,XZCE,3064,3055,3096,496,30471520,11398,11390,3267,2955,3111,3093,0,3087,0,0,0,2017-04-20,32694000,3064,2,0,0,0,0,0,0,0,0,3066,3,0,0,0,0,0,0,0,0
257,2017-04-20,09:04:55,0,WH705,XZCE,3064,3055,3096,496,30471520,11398,11390,3267,2955,3111,3093,0,3087,0,0,0,2017-04-20,32695000,3065,1,0,0,0,0,0,0,0,0,3066,3,0,0,0,0,0,0,0,0
258,2017-04-20,09:04:58,0,WH705,XZCE,3065,3055,3096,498,30594120,11396,11390,3267,2955,3111,3093,0,3087,0,0,0,2017-04-20,32698000,3064,2,0,0,0,0,0,0,0,0,3065,1,0,0,0,0,0,0,0,0
259,2017-04-20,09:05:03,0,WH705,XZCE,3065,3055,3096,498,30594120,11396,11390,3267,2955,3111,3093,0,3087,0,0,0,2017-04-20,32703000,3064,2,0,0,0,0,0,0,0,0,3065,2,0,0,0,0,0,0,0,0
260,2017-04-20,09:05:04,0,WH705,XZCE,3065,3055,3096,498,30594120,11396,11390,3267,2955,3111,3093,0,3087,0,0,0,2017-04-20,32704000,3064,2,0,0,0,0,0,0,0,0,3065,3,0,0,0,0,0,0,0,0
261,2017-04-20,09:05:04,0,WH705,XZCE,3065,3055,3096,498,30594120,11396,11390,3267,2955,3111,3093,0,3087,0,0,0,2017-04-20,32704000,3064,2,0,0,0,0,0,0,0,0,3065,5,0,0,0,0,0,0,0,0
262,2017-04-20,09:05:05,0,WH705,XZCE,3065,3055,3096,498,30594120,11396,11390,3267,2955,3111,3093,0,3087,0,0,0,2017-04-20,32705000,3064,2,0,0,0,0,0,0,0,0,3065,4,0,0,0,0,0,0,0,0
263,2017-04-20,09:05:06,0,WH705,XZCE,3064,3055,3096,500,30716680,11394,11390,3267,2955,3111,3093,0,3087,0,0,0,2017-04-20,32706000,3064,1,0,0,0,0,0,0,0,0,3065,4,0,0,0,0,0,0,0,0
264,2017-04-20,09:05:07,0,WH705,XZCE,3064,3055,3096,502,30839240,11394,11390,3267,2955,3111,3093,0,3087,0,0,0,2017-04-20,32707000,3060,1,0,0,0,0,0,0,0,0,3065,4,0,0,0,0,0,0,0,0
265,2017-04-20,09:05:18,0,WH705,XZCE,3065,3055,3096,504,30961840,11396,11390,3267,2955,3111,3093,0,3087,0,0,0,2017-04-20,32718000,3060,1,0,0,0,0,0,0,0,0,3065,3,0,0,0,0,0,0,0,0
266,2017-04-20,09:05:19,0,WH705,XZCE,3065,3055,3096,504,30961840,11396,11390,3267,2955,3111,3093,0,3087,0,0,0,2017-04-20,32719000,3060,1,0,0,0,0,0,0,0,0,3065,4,0,0,0,0,0,0,0,0
267,2017-04-20,09:05:23,0,WH705,XZCE,3060,3055,3096,506,31084240,11396,11390,3267,2955,3111,3093,0,3087,0,0,0,2017-04-20,32723000,3055,4,0,0,0,0,0,0,0,0,3065,4,0,0,0,0,0,0,0,0
268,2017-04-20,09:05:24,0,WH705,XZCE,3060,3055,3096,506,31084240,11396,11390,3267,2955,3111,3093,0,3087,0,0,0,2017-04-20,32724000,3056,1,0,0,0,0,0,0,0,0,3065,4,0,0,0,0,0,0,0,0
269,2017-04-20,09:05:25,0,WH705,XZCE,3060,3055,3096,506,31084240,11396,11390,3267,2955,3111,3093,0,3087,0,0,0,2017-04-20,32725000,3056,2,0,0,0,0,0,0,0,0,3064,2,0,0,0,0,0,0,0,0
270,2017-04-20,09:05:25,0,WH705,XZCE,3060,3055,3096,506,31084240,11396,11390,3267,2955,3111,3093,0,3087,0,0,0,2017-04-20,32725000,3056,2,0,0,0,0,0,0,0,0,3064,3,0,0,0,0,0,0,0,0
271,2017-04-20,09:05:29,0,WH705,XZCE,3060,3055,3096,506,31084240,11396,11390,3267,2955,3111,3093,0,3087,0,0,0,2017-04-20,32729000,3056,2,0,0,0,0,0,0,0,0,3064,4,0,0,0,0,0,0,0,0
272,2017-04-20,09:05:30,0,WH705,XZCE,3056,3055,3096,514,31573200,11400,11390,3267,2955,3111,3093,0,3087,0,0,0,2017-04-20,32730000,3055,4,0,0,0,0,0,0,0,0,3056,2,0,0,0,0,0,0,0,0
273,2017-04-20,09:05:31,0,WH705,XZCE,3056,3055,3096,516,31695440,11400,11390,3267,2955,3111,3093,0,3087,0,0,0,2017-04-20,32731000,3055,4,0,0,0,0,0,0,0,0,3056,1,0,0,0,0,0,0,0,0
274,2017-04-20,09:05:32,0,WH705,XZCE,3056,3055,3096,520,31939920,11398,11390,3267,2955,3111,3093,0,3087,0,0,0,2017-04-20,32732000,3055,4,0,0,0,0,0,0,0,0,3056,1,0,0,0,0,0,0,0,0
275,2017-04-20,09:05:32,0,WH705,XZCE,3056,3055,3096,524,32184400,11398,11390,3267,2955,3111,3093,0,3087,0,0,0,2017-04-20,32732000,3055,4,0,0,0,0,0,0,0,0,3063,5,0,0,0,0,0,0,0,0
276,2017-04-20,09:05:33,0,WH705,XZCE,3056,3055,3096,524,32184400,11398,11390,3267,2955,3111,3093,0,3087,0,0,0,2017-04-20,32733000,3055,4,0,0,0,0,0,0,0,0,3064,4,0,0,0,0,0,0,0,0
277,2017-04-20,09:05:33,0,WH705,XZCE,3056,3055,3096,524,32184400,11398,11390,3267,2955,3111,3093,0,3087,0,0,0,2017-04-20,32733000,3055,4,0,0,0,0,0,0,0,0,3063,1,0,0,0,0,0,0,0,0
278,2017-04-20,09:05:34,0,WH705,XZCE,3056,3055,3096,524,32184400,11398,11390,3267,2955,3111,3093,0,3087,0,0,0,2017-04-20,32734000,3055,4,0,0,0,0,0,0,0,0,3060,1,0,0,0,0,0,0,0,0
279,2017-04-20,09:05:35,0,WH705,XZCE,3056,3055,3096,524,32184400,11398,11390,3267,2955,3111,3093,0,3087,0,0,0,2017-04-20,32735000,3056,1,0,0,0,0,0,0,0,0,3060,1,0,0,0,0,0,0,0,0
280,2017-04-20,09:05:35,0,WH705,XZCE,3062,3055,3096,528,32429360,11396,11390,3267,2955,3111,3093,0,3087,0,0,0,2017-04-20,32735000,3056,1,0,0,0,0,0,0,0,0,3063,1,0,0,0,0,0,0,0,0
281,2017-04-20,09:05:37,0,WH705,XZCE,3062,3055,3096,528,32429360,11396,11390,3267,2955,3111,3093,0,3087,0,0,0,2017-04-20,32737000,3056,1,0,0,0,0,0,0,0,0,3062,1,0,0,0,0,0,0,0,0
282,2017-04-20,09:05:39,0,WH705,XZCE,3062,3055,3096,528,32429360,11396,11390,3267,2955,3111,3093,0,3087,0,0,0,2017-04-20,32739000,3057,1,0,0,0,0,0,0,0,0,3062,1,0,0,0,0,0,0,0,0
283,2017-04-20,09:05:40,0,WH705,XZCE,3062,3055,3096,530,32551840,11394,11390,3267,2955,3111,3093,0,3087,0,0,0,2017-04-20,32740000,3057,1,0,0,0,0,0,0,0,0,3063,1,0,0,0,0,0,0,0,0
284,2017-04-20,09:05:40,0,WH705,XZCE,3062,3055,3096,530,32551840,11394,11390,3267,2955,3111,3093,0,3087,0,0,0,2017-04-20,32740000,3057,1,0,0,0,0,0,0,0,0,3061,1,0,0,0,0,0,0,0,0
285,2017-04-20,09:05:42,0,WH705,XZCE,3063,3055,3096,534,32796880,11390,11390,3267,2955,3111,3093,0,3087,0,0,0,2017-04-20,32742000,3063,1,0,0,0,0,0,0,0,0,3064,2,0,0,0,0,0,0,0,0
286,2017-04-20,09:05:43,0,WH705,XZCE,3063,3055,3096,536,32919400,11390,11390,3267,2955,3111,3093,0,3087,0,0,0,2017-04-20,32743000,3061,8,0,0,0,0,0,0,0,0,3064,2,0,0,0,0,0,0,0,0
287,2017-04-20,09:05:44,0,WH705,XZCE,3063,3055,3096,536,32919400,11390,11390,3267,2955,3111,3093,0,3087,0,0,0,2017-04-20,32744000,3061,8,0,0,0,0,0,0,0,0,3064,1,0,0,0,0,0,0,0,0
288,2017-04-20,09:05:44,0,WH705,XZCE,3061,3055,3096,544,33409160,11390,11390,3267,2955,3111,3093,0,3087,0,0,0,2017-04-20,32744000,3061,4,0,0,0,0,0,0,0,0,3064,1,0,0,0,0,0,0,0,0
289,2017-04-20,09:05:47,0,WH705,XZCE,3061,3055,3096,544,33409160,11390,11390,3267,2955,3111,3093,0,3087,0,0,0,2017-04-20,32747000,3061,5,0,0,0,0,0,0,0,0,3063,61,0,0,0,0,0,0,0,0
290,2017-04-20,09:05:48,0,WH705,XZCE,3061,3055,3096,544,33409160,11390,11390,3267,2955,3111,3093,0,3087,0,0,0,2017-04-20,32748000,3061,5,0,0,0,0,0,0,0,0,3064,1,0,0,0,0,0,0,0,0
291,2017-04-20,09:05:50,0,WH705,XZCE,3061,3055,3096,546,33531600,11390,11390,3267,2955,3111,3093,0,3087,0,0,0,2017-04-20,32750000,3061,4,0,0,0,0,0,0,0,0,3064,1,0,0,0,0,0,0,0,0
292,2017-04-20,09:05:51,0,WH705,XZCE,3061,3055,3096,546,33531600,11390,11390,3267,2955,3111,3093,0,3087,0,0,0,2017-04-20,32751000,3062,1,0,0,0,0,0,0,0,0,3064,1,0,0,0,0,0,0,0,0
293,2017-04-20,09:05:52,0,WH705,XZCE,3061,3055,3096,546,33531600,11390,11390,3267,2955,3111,3093,0,3087,0,0,0,2017-04-20,32752000,3062,1,0,0,0,0,0,0,0,0,3065,1,0,0,0,0,0,0,0,0
294,2017-04-20,09:05:55,0,WH705,XZCE,3062,3055,3096,548,33654080,11388,11390,3267,2955,3111,3093,0,3087,0,0,0,2017-04-20,32755000,3061,4,0,0,0,0,0,0,0,0,3065,1,0,0,0,0,0,0,0,0
295,2017-04-20,09:05:56,0,WH705,XZCE,3062,3055,3096,548,33654080,11388,11390,3267,2955,3111,3093,0,3087,0,0,0,2017-04-20,32756000,3063,1,0,0,0,0,0,0,0,0,3065,1,0,0,0,0,0,0,0,0
296,2017-04-20,09:05:56,0,WH705,XZCE,3062,3055,3096,548,33654080,11388,11390,3267,2955,3111,3093,0,3087,0,0,0,2017-04-20,32756000,3063,1,0,0,0,0,0,0,0,0,3064,1,0,0,0,0,0,0,0,0
297,2017-04-20,09:05:57,0,WH705,XZCE,3062,3055,3096,548,33654080,11388,11390,3267,2955,3111,3093,0,3087,0,0,0,2017-04-20,32757000,3063,34,0,0,0,0,0,0,0,0,3064,1,0,0,0,0,0,0,0,0
298,2017-04-20,09:05:58,0,WH705,XZCE,3062,3055,3096,548,33654080,11388,11390,3267,2955,3111,3093,0,3087,0,0,0,2017-04-20,32758000,3063,1,0,0,0,0,0,0,0,0,3064,1,0,0,0,0,0,0,0,0
299,2017-04-20,09:06:00,0,WH705,XZCE,3062,3055,3096,550,33776560,11390,11390,3267,2955,3111,3093,0,3087,0,0,0,2017-04-20,32760000,3061,4,0,0,0,0,0,0,0,0,3064,1,0,0,0,0,0,0,0,0
300,2017-04-20,09:06:00,0,WH705,XZCE,3062,3055,3096,550,33776560,11390,11390,3267,2955,3111,3093,0,3087,0,0,0,2017-04-20,32760000,3061,4,0,0,0,0,0,0,0,0,3063,1,0,0,0,0,0,0,0,0
301,2017-04-20,09:06:03,0,WH705,XZCE,3062,3055,3096,550,33776560,11390,11390,3267,2955,3111,3093,0,3087,0,0,0,2017-04-20,32763000,3061,4,0,0,0,0,0,0,0,0,3062,7,0,0,0,0,0,0,0,0
302,2017-04-20,09:06:03,0,WH705,XZCE,3061,3055,3096,552,33899000,11388,11390,3267,2955,3111,3093,0,3087,0,0,0,2017-04-20,32763000,3061,3,0,0,0,0,0,0,0,0,3062,7,0,0,0,0,0,0,0,0
303,2017-04-20,09:06:05,0,WH705,XZCE,3062,3055,3096,554,34021480,11388,11390,3267,2955,3111,3093,0,3087,0,0,0,2017-04-20,32765000,3061,3,0,0,0,0,0,0,0,0,3062,6,0,0,0,0,0,0,0,0
304,2017-04-20,09:06:06,0,WH705,XZCE,3062,3055,3096,554,34021480,11388,11390,3267,2955,3111,3093,0,3087,0,0,0,2017-04-20,32766000,3061,3,0,0,0,0,0,0,0,0,3062,39,0,0,0,0,0,0,0,0
305,2017-04-20,09:06:07,0,WH705,XZCE,3062,3055,3096,554,34021480,11388,11390,3267,2955,3111,3093,0,3087,0,0,0,2017-04-20,32767000,3061,3,0,0,0,0,0,0,0,0,3062,6,0,0,0,0,0,0,0,0
306,2017-04-20,09:06:08,0,WH705,XZCE,3062,3055,3096,554,34021480,11388,11390,3267,2955,3111,3093,0,3087,0,0,0,2017-04-20,32768000,3061,4,0,0,0,0,0,0,0,0,3062,6,0,0,0,0,0,0,0,0
307,2017-04-20,09:06:11,0,WH705,XZCE,3062,3055,3096,554,34021480,11388,11390,3267,2955,3111,3093,0,3087,0,0,0,2017-04-20,32771000,3061,4,0,0,0,0,0,0,0,0,3062,7,0,0,0,0,0,0,0,0
308,2017-04-20,09:06:11,0,WH705,XZCE,3062,3055,3096,554,34021480,11388,11390,3267,2955,3111,3093,0,3087,0,0,0,2017-04-20,32771000,3061,5,0,0,0,0,0,0,0,0,3062,7,0,0,0,0,0,0,0,0
309,2017-04-20,09:06:12,0,WH705,XZCE,3061,3055,3096,556,34143920,11388,11390,3267,2955,3111,3093,0,3087,0,0,0,2017-04-20,32772000,3061,4,0,0,0,0,0,0,0,0,3062,7,0,0,0,0,0,0,0,0
310,2017-04-20,09:06:13,0,WH705,XZCE,3062,3055,3096,558,34266400,11388,11390,3267,2955,3111,3093,0,3087,0,0,0,2017-04-20,32773000,3061,3,0,0,0,0,0,0,0,0,3062,6,0,0,0,0,0,0,0,0
311,2017-04-20,09:06:14,0,WH705,XZCE,3062,3055,3096,560,34388880,11388,11390,3267,2955,3111,3093,0,3087,0,0,0,2017-04-20,32774000,3061,3,0,0,0,0,0,0,0,0,3062,5,0,0,0,0,0,0,0,0
312,2017-04-20,09:06:15,0,WH705,XZCE,3062,3055,3096,560,34388880,11388,11390,3267,2955,3111,3093,0,3087,0,0,0,2017-04-20,32775000,3061,6,0,0,0,0,0,0,0,0,3062,5,0,0,0,0,0,0,0,0
313,2017-04-20,09:06:16,0,WH705,XZCE,3062,3055,3096,560,34388880,11388,11390,3267,2955,3111,3093,0,3087,0,0,0,2017-04-20,32776000,3061,7,0,0,0,0,0,0,0,0,3062,5,0,0,0,0,0,0,0,0
314,2017-04-20,09:06:25,0,WH705,XZCE,3061,3055,3096,562,34511320,11388,11390,3267,2955,3111,3093,0,3087,0,0,0,2017-04-20,32785000,3061,6,0,0,0,0,0,0,0,0,3062,1,0,0,0,0,0,0,0,0
315,2017-04-20,09:06:25,0,WH705,XZCE,3062,3055,3096,564,34633800,11390,11390,3267,2955,3111,3093,0,3087,0,0,0,2017-04-20,32785000,3061,6,0,0,0,0,0,0,0,0,3064,1,0,0,0,0,0,0,0,0
316,2017-04-20,09:06:27,0,WH705,XZCE,3061,3055,3096,566,34756240,11390,11390,3267,2955,3111,3093,0,3087,0,0,0,2017-04-20,32787000,3061,5,0,0,0,0,0,0,0,0,3064,1,0,0,0,0,0,0,0,0
317,2017-04-20,09:06:27,0,WH705,XZCE,3061,3055,3096,568,34878680,11392,11390,3267,2955,3111,3093,0,3087,0,0,0,2017-04-20,32787000,3061,4,0,0,0,0,0,0,0,0,3064,1,0,0,0,0,0,0,0,0
318,2017-04-20,09:06:30,0,WH705,XZCE,3064,3055,3096,570,35001240,11394,11390,3267,2955,3111,3093,0,3087,0,0,0,2017-04-20,32790000,3061,4,0,0,0,0,0,0,0,0,3063,1,0,0,0,0,0,0,0,0
319,2017-04-20,09:06:31,0,WH705,XZCE,3061,3055,3096,572,35123680,11396,11390,3267,2955,3111,3093,0,3087,0,0,0,2017-04-20,32791000,3061,3,0,0,0,0,0,0,0,0,3063,1,0,0,0,0,0,0,0,0
320,2017-04-20,09:06:32,0,WH705,XZCE,3061,3055,3096,572,35123680,11396,11390,3267,2955,3111,3093,0,3087,0,0,0,2017-04-20,32792000,3061,3,0,0,0,0,0,0,0,0,3063,43,0,0,0,0,0,0,0,0
321,2017-04-20,09:06:33,0,WH705,XZCE,3061,3055,3096,572,35123680,11396,11390,3267,2955,3111,3093,0,3087,0,0,0,2017-04-20,32793000,3061,3,0,0,0,0,0,0,0,0,3063,44,0,0,0,0,0,0,0,0
322,2017-04-20,09:06:33,0,WH705,XZCE,3061,3055,3096,572,35123680,11396,11390,3267,2955,3111,3093,0,3087,0,0,0,2017-04-20,32793000,3061,3,0,0,0,0,0,0,0,0,3063,2,0,0,0,0,0,0,0,0
323,2017-04-20,09:06:39,0,WH705,XZCE,3061,3055,3096,578,35491000,11402,11390,3267,2955,3111,3093,0,3087,0,0,0,2017-04-20,32799000,3060,2,0,0,0,0,0,0,0,0,3063,2,0,0,0,0,0,0,0,0
324,2017-04-20,09:06:41,0,WH705,XZCE,3060,3055,3096,580,35613400,11402,11390,3267,2955,3111,3093,0,3087,0,0,0,2017-04-20,32801000,3060,1,0,0,0,0,0,0,0,0,3063,2,0,0,0,0,0,0,0,0
325,2017-04-20,09:06:42,0,WH705,XZCE,3060,3055,3096,582,35735800,11400,11390,3267,2955,3111,3093,0,3087,0,0,0,2017-04-20,32802000,3056,1,0,0,0,0,0,0,0,0,3063,2,0,0,0,0,0,0,0,0
326,2017-04-20,09:06:43,0,WH705,XZCE,3060,3055,3096,582,35735800,11400,11390,3267,2955,3111,3093,0,3087,0,0,0,2017-04-20,32803000,3060,1,0,0,0,0,0,0,0,0,3063,2,0,0,0,0,0,0,0,0
327,2017-04-20,09:06:45,0,WH705,XZCE,3063,3055,3096,586,35980840,11400,11390,3267,2955,3111,3093,0,3087,0,0,0,2017-04-20,32805000,3056,1,0,0,0,0,0,0,0,0,3064,2,0,0,0,0,0,0,0,0
328,2017-04-20,09:06:47,0,WH705,XZCE,3063,3055,3096,586,35980840,11400,11390,3267,2955,3111,3093,0,3087,0,0,0,2017-04-20,32807000,3056,2,0,0,0,0,0,0,0,0,3064,2,0,0,0,0,0,0,0,0
329,2017-04-20,09:06:47,0,WH705,XZCE,3063,3055,3096,586,35980840,11400,11390,3267,2955,3111,3093,0,3087,0,0,0,2017-04-20,32807000,3057,2,0,0,0,0,0,0,0,0,3064,2,0,0,0,0,0,0,0,0
330,2017-04-20,09:06:47,0,WH705,XZCE,3063,3055,3096,586,35980840,11400,11390,3267,2955,3111,3093,0,3087,0,0,0,2017-04-20,32807000,3061,3,0,0,0,0,0,0,0,0,3064,2,0,0,0,0,0,0,0,0
331,2017-04-20,09:06:48,0,WH705,XZCE,3063,3055,3096,586,35980840,11400,11390,3267,2955,3111,3093,0,3087,0,0,0,2017-04-20,32808000,3061,3,0,0,0,0,0,0,0,0,3063,1,0,0,0,0,0,0,0,0
332,2017-04-20,09:06:49,0,WH705,XZCE,3063,3055,3096,588,36103360,11400,11390,3267,2955,3111,3093,0,3087,0,0,0,2017-04-20,32809000,3061,3,0,0,0,0,0,0,0,0,3064,2,0,0,0,0,0,0,0,0
333,2017-04-20,09:06:54,0,WH705,XZCE,3064,3055,3096,590,36225920,11400,11390,3267,2955,3111,3093,0,3087,0,0,0,2017-04-20,32814000,3061,3,0,0,0,0,0,0,0,0,3064,1,0,0,0,0,0,0,0,0
334,2017-04-20,09:06:56,0,WH705,XZCE,3065,3055,3096,594,36471120,11404,11390,3267,2955,3111,3093,0,3087,0,0,0,2017-04-20,32816000,3061,3,0,0,0,0,0,0,0,0,3065,2,0,0,0,0,0,0,0,0
335,2017-04-20,09:06:59,0,WH705,XZCE,3065,3055,3096,598,36716320,11404,11390,3267,2955,3111,3093,0,3087,0,0,0,2017-04-20,32819000,3065,18,0,0,0,0,0,0,0,0,3066,1,0,0,0,0,0,0,0,0
336,2017-04-20,09:07:01,0,WH705,XZCE,3066,3055,3096,600,36838960,11406,11390,3267,2955,3111,3093,0,3087,0,0,0,2017-04-20,32821000,3066,1,0,0,0,0,0,0,0,0,3070,2,0,0,0,0,0,0,0,0
337,2017-04-20,09:07:01,0,WH705,XZCE,3070,3055,3096,604,37084560,11406,11390,3267,2955,3111,3093,0,3087,0,0,0,2017-04-20,32821000,3066,1,0,0,0,0,0,0,0,0,3071,1,0,0,0,0,0,0,0,0
338,2017-04-20,09:07:02,0,WH705,XZCE,3070,3055,3096,604,37084560,11406,11390,3267,2955,3111,3093,0,3087,0,0,0,2017-04-20,32822000,3067,1,0,0,0,0,0,0,0,0,3071,1,0,0,0,0,0,0,0,0
339,2017-04-20,09:07:04,0,WH705,XZCE,3070,3055,3096,604,37084560,11406,11390,3267,2955,3111,3093,0,3087,0,0,0,2017-04-20,32824000,3067,1,0,0,0,0,0,0,0,0,3070,1,0,0,0,0,0,0,0,0
340,2017-04-20,09:07:05,0,WH705,XZCE,3070,3055,3096,608,37330160,11404,11390,3267,2955,3111,3093,0,3087,0,0,0,2017-04-20,32825000,3067,1,0,0,0,0,0,0,0,0,3071,1,0,0,0,0,0,0,0,0
341,2017-04-20,09:07:07,0,WH705,XZCE,3071,3055,3096,610,37453000,11404,11390,3267,2955,3111,3093,0,3087,0,0,0,2017-04-20,32827000,3071,4,0,0,0,0,0,0,0,0,3072,1,0,0,0,0,0,0,0,0
342,2017-04-20,09:07:07,0,WH705,XZCE,3072,3055,3096,612,37575880,11404,11390,3267,2955,3111,3093,0,3087,0,0,0,2017-04-20,32827000,3071,4,0,0,0,0,0,0,0,0,3074,1,0,0,0,0,0,0,0,0
343,2017-04-20,09:07:09,0,WH705,XZCE,3072,3055,3096,612,37575880,11404,11390,3267,2955,3111,3093,0,3087,0,0,0,2017-04-20,32829000,3071,4,0,0,0,0,0,0,0,0,3073,1,0,0,0,0,0,0,0,0
344,2017-04-20,09:07:10,0,WH705,XZCE,3074,3055,3096,616,37821800,11404,11390,3267,2955,3111,3093,0,3087,0,0,0,2017-04-20,32830000,3074,16,0,0,0,0,0,0,0,0,3075,1,0,0,0,0,0,0,0,0
345,2017-04-20,09:07:10,0,WH705,XZCE,3075,3055,3096,618,37944800,11404,11390,3267,2955,3111,3093,0,3087,0,0,0,2017-04-20,32830000,3074,16,0,0,0,0,0,0,0,0,3076,1,0,0,0,0,0,0,0,0
346,2017-04-20,09:07:12,0,WH705,XZCE,3076,3055,3096,620,38067840,11404,11390,3267,2955,3111,3093,0,3087,0,0,0,2017-04-20,32832000,3076,3,0,0,0,0,0,0,0,0,3078,1,0,0,0,0,0,0,0,0
347,2017-04-20,09:07:13,0,WH705,XZCE,3077,3055,3096,624,38314000,11404,11390,3267,2955,3111,3093,0,3087,0,0,0,2017-04-20,32833000,3076,3,0,0,0,0,0,0,0,0,3078,1,0,0,0,0,0,0,0,0
348,2017-04-20,09:07:13,0,WH705,XZCE,3077,3055,3096,624,38314000,11404,11390,3267,2955,3111,3093,0,3087,0,0,0,2017-04-20,32833000,3076,3,0,0,0,0,0,0,0,0,3078,2,0,0,0,0,0,0,0,0
349,2017-04-20,09:07:14,0,WH705,XZCE,3078,3055,3096,630,38683360,11400,11390,3267,2955,3111,3093,0,3087,0,0,0,2017-04-20,32834000,3076,3,0,0,0,0,0,0,0,0,3078,1,0,0,0,0,0,0,0,0
350,2017-04-20,09:07:14,0,WH705,XZCE,3078,3055,3096,630,38683360,11400,11390,3267,2955,3111,3093,0,3087,0,0,0,2017-04-20,32834000,3077,1,0,0,0,0,0,0,0,0,3078,1,0,0,0,0,0,0,0,0
351,2017-04-20,09:07:15,0,WH705,XZCE,3078,3055,3096,630,38683360,11400,11390,3267,2955,3111,3093,0,3087,0,0,0,2017-04-20,32835000,3077,1,0,0,0,0,0,0,0,0,3078,2,0,0,0,0,0,0,0,0
352,2017-04-20,09:07:16,0,WH705,XZCE,3078,3055,3096,630,38683360,11400,11390,3267,2955,3111,3093,0,3087,0,0,0,2017-04-20,32836000,3077,1,0,0,0,0,0,0,0,0,3078,4,0,0,0,0,0,0,0,0
353,2017-04-20,09:07:17,0,WH705,XZCE,3078,3055,3096,630,38683360,11400,11390,3267,2955,3111,3093,0,3087,0,0,0,2017-04-20,32837000,3076,3,0,0,0,0,0,0,0,0,3077,1,0,0,0,0,0,0,0,0
354,2017-04-20,09:07:17,0,WH705,XZCE,3078,3055,3096,630,38683360,11400,11390,3267,2955,3111,3093,0,3087,0,0,0,2017-04-20,32837000,3076,3,0,0,0,0,0,0,0,0,3077,2,0,0,0,0,0,0,0,0
355,2017-04-20,09:07:17,0,WH705,XZCE,3078,3055,3096,632,38806480,11402,11390,3267,2955,3111,3093,0,3087,0,0,0,2017-04-20,32837000,3076,3,0,0,0,0,0,0,0,0,3077,1,0,0,0,0,0,0,0,0
356,2017-04-20,09:07:18,0,WH705,XZCE,3077,3055,3096,634,38929560,11402,11390,3267,2955,3111,3093,0,3087,0,0,0,2017-04-20,32838000,3077,2,0,0,0,0,0,0,0,0,3078,3,0,0,0,0,0,0,0,0
357,2017-04-20,09:07:18,0,WH705,XZCE,3077,3055,3096,638,39175720,11402,11390,3267,2955,3111,3093,0,3087,0,0,0,2017-04-20,32838000,3075,3,0,0,0,0,0,0,0,0,3078,3,0,0,0,0,0,0,0,0
358,2017-04-20,09:07:19,0,WH705,XZCE,3077,3055,3096,638,39175720,11402,11390,3267,2955,3111,3093,0,3087,0,0,0,2017-04-20,32839000,3075,3,0,0,0,0,0,0,0,0,3078,2,0,0,0,0,0,0,0,0
359,2017-04-20,09:07:20,0,WH705,XZCE,3078,3055,3096,640,39298840,11402,11390,3267,2955,3111,3093,0,3087,0,0,0,2017-04-20,32840000,3070,1,0,0,0,0,0,0,0,0,3078,2,0,0,0,0,0,0,0,0
360,2017-04-20,09:07:21,0,WH705,XZCE,3078,3055,3096,640,39298840,11402,11390,3267,2955,3111,3093,0,3087,0,0,0,2017-04-20,32841000,3076,1,0,0,0,0,0,0,0,0,3078,2,0,0,0,0,0,0,0,0
361,2017-04-20,09:07:22,0,WH705,XZCE,3078,3055,3096,640,39298840,11402,11390,3267,2955,3111,3093,0,3087,0,0,0,2017-04-20,32842000,3076,34,0,0,0,0,0,0,0,0,3078,1,0,0,0,0,0,0,0,0
362,2017-04-20,09:07:23,0,WH705,XZCE,3076,3055,3096,642,39421880,11404,11390,3267,2955,3111,3093,0,3087,0,0,0,2017-04-20,32843000,3070,1,0,0,0,0,0,0,0,0,3077,1,0,0,0,0,0,0,0,0
363,2017-04-20,09:07:23,0,WH705,XZCE,3076,3055,3096,644,39544920,11404,11390,3267,2955,3111,3093,0,3087,0,0,0,2017-04-20,32843000,3070,1,0,0,0,0,0,0,0,0,3078,1,0,0,0,0,0,0,0,0
364,2017-04-20,09:07:23,0,WH705,XZCE,3076,3055,3096,644,39544920,11404,11390,3267,2955,3111,3093,0,3087,0,0,0,2017-04-20,32843000,3070,1,0,0,0,0,0,0,0,0,3076,1,0,0,0,0,0,0,0,0
365,2017-04-20,09:07:24,0,WH705,XZCE,3076,3055,3096,644,39544920,11404,11390,3267,2955,3111,3093,0,3087,0,0,0,2017-04-20,32844000,3071,1,0,0,0,0,0,0,0,0,3076,1,0,0,0,0,0,0,0,0
366,2017-04-20,09:07:27,0,WH705,XZCE,3076,3055,3096,644,39544920,11404,11390,3267,2955,3111,3093,0,3087,0,0,0,2017-04-20,32847000,3071,1,0,0,0,0,0,0,0,0,3076,2,0,0,0,0,0,0,0,0
367,2017-04-20,09:07:29,0,WH705,XZCE,3076,3055,3096,644,39544920,11404,11390,3267,2955,3111,3093,0,3087,0,0,0,2017-04-20,32849000,3072,1,0,0,0,0,0,0,0,0,3076,2,0,0,0,0,0,0,0,0
368,2017-04-20,09:07:31,0,WH705,XZCE,3076,3055,3096,648,39791000,11402,11390,3267,2955,3111,3093,0,3087,0,0,0,2017-04-20,32851000,3076,14,0,0,0,0,0,0,0,0,3078,1,0,0,0,0,0,0,0,0
369,2017-04-20,09:07:34,0,WH705,XZCE,3078,3055,3096,652,40037240,11400,11390,3267,2955,3111,3093,0,3087,0,0,0,2017-04-20,32854000,3076,14,0,0,0,0,0,0,0,0,3078,1,0,0,0,0,0,0,0,0
370,2017-04-20,09:07:35,0,WH705,XZCE,3078,3055,3096,652,40037240,11400,11390,3267,2955,3111,3093,0,3087,0,0,0,2017-04-20,32855000,3076,14,0,0,0,0,0,0,0,0,3078,3,0,0,0,0,0,0,0,0
371,2017-04-20,09:07:36,0,WH705,XZCE,3076,3055,3096,654,40160280,11400,11390,3267,2955,3111,3093,0,3087,0,0,0,2017-04-20,32856000,3076,13,0,0,0,0,0,0,0,0,3078,3,0,0,0,0,0,0,0,0
372,2017-04-20,09:07:36,0,WH705,XZCE,3076,3055,3096,654,40160280,11400,11390,3267,2955,3111,3093,0,3087,0,0,0,2017-04-20,32856000,3076,13,0,0,0,0,0,0,0,0,3078,2,0,0,0,0,0,0,0,0
373,2017-04-20,09:07:38,0,WH705,XZCE,3076,3055,3096,654,40160280,11400,11390,3267,2955,3111,3093,0,3087,0,0,0,2017-04-20,32858000,3076,13,0,0,0,0,0,0,0,0,3078,1,0,0,0,0,0,0,0,0
374,2017-04-20,09:07:39,0,WH705,XZCE,3076,3055,3096,656,40283320,11400,11390,3267,2955,3111,3093,0,3087,0,0,0,2017-04-20,32859000,3076,12,0,0,0,0,0,0,0,0,3078,2,0,0,0,0,0,0,0,0
375,2017-04-20,09:07:39,0,WH705,XZCE,3076,3055,3096,656,40283320,11400,11390,3267,2955,3111,3093,0,3087,0,0,0,2017-04-20,32859000,3076,12,0,0,0,0,0,0,0,0,3078,3,0,0,0,0,0,0,0,0
376,2017-04-20,09:07:41,0,WH705,XZCE,3078,3055,3096,664,40775800,11400,11390,3267,2955,3111,3093,0,3087,0,0,0,2017-04-20,32861000,3076,12,0,0,0,0,0,0,0,0,3079,23,0,0,0,0,0,0,0,0
377,2017-04-20,09:07:42,0,WH705,XZCE,3078,3055,3096,666,40898920,11400,11390,3267,2955,3111,3093,0,3087,0,0,0,2017-04-20,32862000,3076,12,0,0,0,0,0,0,0,0,3078,1,0,0,0,0,0,0,0,0
378,2017-04-20,09:07:44,0,WH705,XZCE,3078,3055,3096,666,40898920,11400,11390,3267,2955,3111,3093,0,3087,0,0,0,2017-04-20,32864000,3076,12,0,0,0,0,0,0,0,0,3078,2,0,0,0,0,0,0,0,0
379,2017-04-20,09:07:45,0,WH705,XZCE,3078,3055,3096,666,40898920,11400,11390,3267,2955,3111,3093,0,3087,0,0,0,2017-04-20,32865000,3076,12,0,0,0,0,0,0,0,0,3078,3,0,0,0,0,0,0,0,0
380,2017-04-20,09:07:45,0,WH705,XZCE,3076,3055,3096,668,41021960,11398,11390,3267,2955,3111,3093,0,3087,0,0,0,2017-04-20,32865000,3076,11,0,0,0,0,0,0,0,0,3078,4,0,0,0,0,0,0,0,0
381,2017-04-20,09:07:47,0,WH705,XZCE,3076,3055,3096,672,41268040,11394,11390,3267,2955,3111,3093,0,3087,0,0,0,2017-04-20,32867000,3076,9,0,0,0,0,0,0,0,0,3078,4,0,0,0,0,0,0,0,0
382,2017-04-20,09:07:47,0,WH705,XZCE,3078,3055,3096,678,41637400,11398,11390,3267,2955,3111,3093,0,3087,0,0,0,2017-04-20,32867000,3077,1,0,0,0,0,0,0,0,0,3078,1,0,0,0,0,0,0,0,0
383,2017-04-20,09:07:48,0,WH705,XZCE,3077,3055,3096,680,41760480,11400,11390,3267,2955,3111,3093,0,3087,0,0,0,2017-04-20,32868000,3076,9,0,0,0,0,0,0,0,0,3078,1,0,0,0,0,0,0,0,0
384,2017-04-20,09:07:51,0,WH705,XZCE,3077,3055,3096,680,41760480,11400,11390,3267,2955,3111,3093,0,3087,0,0,0,2017-04-20,32871000,3077,2,0,0,0,0,0,0,0,0,3078,1,0,0,0,0,0,0,0,0
385,2017-04-20,09:07:53,0,WH705,XZCE,3078,3055,3096,682,41883600,11400,11390,3267,2955,3111,3093,0,3087,0,0,0,2017-04-20,32873000,3077,2,0,0,0,0,0,0,0,0,3079,21,0,0,0,0,0,0,0,0
386,2017-04-20,09:07:54,0,WH705,XZCE,3078,3055,3096,682,41883600,11400,11390,3267,2955,3111,3093,0,3087,0,0,0,2017-04-20,32874000,3078,1,0,0,0,0,0,0,0,0,3079,21,0,0,0,0,0,0,0,0
387,2017-04-20,09:07:55,0,WH705,XZCE,3078,3055,3096,688,42252960,11400,11390,3267,2955,3111,3093,0,3087,0,0,0,2017-04-20,32875000,3077,2,0,0,0,0,0,0,0,0,3079,20,0,0,0,0,0,0,0,0
388,2017-04-20,09:07:55,0,WH705,XZCE,3079,3055,3096,694,42622440,11396,11390,3267,2955,3111,3093,0,3087,0,0,0,2017-04-20,32875000,3077,2,0,0,0,0,0,0,0,0,3079,17,0,0,0,0,0,0,0,0
389,2017-04-20,09:07:56,0,WH705,XZCE,3079,3055,3096,710,43607720,11398,11390,3267,2955,3111,3093,0,3087,0,0,0,2017-04-20,32876000,3077,2,0,0,0,0,0,0,0,0,3079,9,0,0,0,0,0,0,0,0
390,2017-04-20,09:07:56,0,WH705,XZCE,3079,3055,3096,714,43854040,11394,11390,3267,2955,3111,3093,0,3087,0,0,0,2017-04-20,32876000,3077,2,0,0,0,0,0,0,0,0,3079,7,0,0,0,0,0,0,0,0
391,2017-04-20,09:07:56,0,WH705,XZCE,3079,3055,3096,722,44346680,11386,11390,3267,2955,3111,3093,0,3087,0,0,0,2017-04-20,32876000,3077,2,0,0,0,0,0,0,0,0,3079,3,0,0,0,0,0,0,0,0
392,2017-04-20,09:07:57,0,WH705,XZCE,3079,3055,3096,728,44716160,11388,11390,3267,2955,3111,3093,0,3087,0,0,0,2017-04-20,32877000,3078,2,0,0,0,0,0,0,0,0,3083,1,0,0,0,0,0,0,0,0
393,2017-04-20,09:07:58,0,WH705,XZCE,3079,3055,3096,728,44716160,11388,11390,3267,2955,3111,3093,0,3087,0,0,0,2017-04-20,32878000,3079,3,0,0,0,0,0,0,0,0,3083,1,0,0,0,0,0,0,0,0
394,2017-04-20,09:07:58,0,WH705,XZCE,3079,3055,3096,728,44716160,11388,11390,3267,2955,3111,3093,0,3087,0,0,0,2017-04-20,32878000,3079,1,0,0,0,0,0,0,0,0,3083,1,0,0,0,0,0,0,0,0
395,2017-04-20,09:07:59,0,WH705,XZCE,3084,3055,3096,732,44962880,11386,11390,3267,2955,3111,3093,0,3087,0,0,0,2017-04-20,32879000,3084,2,0,0,0,0,0,0,0,0,3088,1,0,0,0,0,0,0,0,0
396,2017-04-20,09:07:59,0,WH705,XZCE,3090,3055,3096,736,45210080,11382,11390,3267,2955,3111,3093,0,3087,0,0,0,2017-04-20,32879000,3084,2,0,0,0,0,0,0,0,0,3090,1,0,0,0,0,0,0,0,0
397,2017-04-20,09:08:00,0,WH705,XZCE,3090,3055,3096,742,45580880,11380,11390,3267,2955,3111,3093,0,3087,0,0,0,2017-04-20,32880000,3084,2,0,0,0,0,0,0,0,0,3091,11,0,0,0,0,0,0,0,0
398,2017-04-20,09:08:00,0,WH705,XZCE,3084,3055,3096,744,45704240,11380,11390,3267,2955,3111,3093,0,3087,0,0,0,2017-04-20,32880000,3084,1,0,0,0,0,0,0,0,0,3091,1,0,0,0,0,0,0,0,0
399,2017-04-20,09:08:01,0,WH705,XZCE,3091,3055,3096,750,46075160,11380,11390,3267,2955,3111,3093,0,3087,0,0,0,2017-04-20,32881000,3084,1,0,0,0,0,0,0,0,0,3089,2,0,0,0,0,0,0,0,0
400,2017-04-20,09:08:02,0,WH705,XZCE,3091,3055,3096,750,46075160,11380,11390,3267,2955,3111,3093,0,3087,0,0,0,2017-04-20,32882000,3084,1,0,0,0,0,0,0,0,0,3089,6,0,0,0,0,0,0,0,0
401,2017-04-20,09:08:03,0,WH705,XZCE,3084,3055,3096,752,46198520,11380,11390,3267,2955,3111,3093,0,3087,0,0,0,2017-04-20,32883000,3083,9,0,0,0,0,0,0,0,0,3088,4,0,0,0,0,0,0,0,0
402,2017-04-20,09:08:04,0,WH705,XZCE,3084,3055,3096,752,46198520,11380,11390,3267,2955,3111,3093,0,3087,0,0,0,2017-04-20,32884000,3083,9,0,0,0,0,0,0,0,0,3084,1,0,0,0,0,0,0,0,0
403,2017-04-20,09:08:05,0,WH705,XZCE,3084,3055,3096,752,46198520,11380,11390,3267,2955,3111,3093,0,3087,0,0,0,2017-04-20,32885000,3083,10,0,0,0,0,0,0,0,0,3084,1,0,0,0,0,0,0,0,0
404,2017-04-20,09:08:05,0,WH705,XZCE,3083,3055,3096,754,46321840,11380,11390,3267,2955,3111,3093,0,3087,0,0,0,2017-04-20,32885000,3083,9,0,0,0,0,0,0,0,0,3084,1,0,0,0,0,0,0,0,0
405,2017-04-20,09:08:07,0,WH705,XZCE,3083,3055,3096,754,46321840,11380,11390,3267,2955,3111,3093,0,3087,0,0,0,2017-04-20,32887000,3083,1,0,0,0,0,0,0,0,0,3084,1,0,0,0,0,0,0,0,0
406,2017-04-20,09:08:08,0,WH705,XZCE,3084,3055,3096,756,46445200,11380,11390,3267,2955,3111,3093,0,3087,0,0,0,2017-04-20,32888000,3084,1,0,0,0,0,0,0,0,0,3088,1,0,0,0,0,0,0,0,0
407,2017-04-20,09:08:09,0,WH705,XZCE,3083,3055,3096,760,46691840,11382,11390,3267,2955,3111,3093,0,3087,0,0,0,2017-04-20,32889000,3080,1,0,0,0,0,0,0,0,0,3088,1,0,0,0,0,0,0,0,0
408,2017-04-20,09:08:10,0,WH705,XZCE,3083,3055,3096,760,46691840,11382,11390,3267,2955,3111,3093,0,3087,0,0,0,2017-04-20,32890000,3080,1,0,0,0,0,0,0,0,0,3083,1,0,0,0,0,0,0,0,0
409,2017-04-20,09:08:10,0,WH705,XZCE,3083,3055,3096,760,46691840,11382,11390,3267,2955,3111,3093,0,3087,0,0,0,2017-04-20,32890000,3080,1,0,0,0,0,0,0,0,0,3082,1,0,0,0,0,0,0,0,0
410,2017-04-20,09:08:11,0,WH705,XZCE,3083,3055,3096,760,46691840,11382,11390,3267,2955,3111,3093,0,3087,0,0,0,2017-04-20,32891000,3080,1,0,0,0,0,0,0,0,0,3083,1,0,0,0,0,0,0,0,0
411,2017-04-20,09:08:11,0,WH705,XZCE,3080,3055,3096,762,46815040,11382,11390,3267,2955,3111,3093,0,3087,0,0,0,2017-04-20,32891000,3082,1,0,0,0,0,0,0,0,0,3083,1,0,0,0,0,0,0,0,0
412,2017-04-20,09:08:12,0,WH705,XZCE,3083,3055,3096,764,46938360,11382,11390,3267,2955,3111,3093,0,3087,0,0,0,2017-04-20,32892000,3082,2,0,0,0,0,0,0,0,0,3086,1,0,0,0,0,0,0,0,0
413,2017-04-20,09:08:12,0,WH705,XZCE,3083,3055,3096,764,46938360,11382,11390,3267,2955,3111,3093,0,3087,0,0,0,2017-04-20,32892000,3082,3,0,0,0,0,0,0,0,0,3086,1,0,0,0,0,0,0,0,0
414,2017-04-20,09:08:13,0,WH705,XZCE,3083,3055,3096,764,46938360,11382,11390,3267,2955,3111,3093,0,3087,0,0,0,2017-04-20,32893000,3082,3,0,0,0,0,0,0,0,0,3085,1,0,0,0,0,0,0,0,0
415,2017-04-20,09:08:14,0,WH705,XZCE,3082,3055,3096,774,47554760,11388,11390,3267,2955,3111,3093,0,3087,0,0,0,2017-04-20,32894000,3074,1,0,0,0,0,0,0,0,0,3082,1,0,0,0,0,0,0,0,0
416,2017-04-20,09:08:16,0,WH705,XZCE,3082,3055,3096,774,47554760,11388,11390,3267,2955,3111,3093,0,3087,0,0,0,2017-04-20,32896000,3075,2,0,0,0,0,0,0,0,0,3082,1,0,0,0,0,0,0,0,0
417,2017-04-20,09:08:17,0,WH705,XZCE,3082,3055,3096,774,47554760,11388,11390,3267,2955,3111,3093,0,3087,0,0,0,2017-04-20,32897000,3075,1,0,0,0,0,0,0,0,0,3082,1,0,0,0,0,0,0,0,0
418,2017-04-20,09:08:18,0,WH705,XZCE,3082,3055,3096,774,47554760,11388,11390,3267,2955,3111,3093,0,3087,0,0,0,2017-04-20,32898000,3075,1,0,0,0,0,0,0,0,0,3081,1,0,0,0,0,0,0,0,0
419,2017-04-20,09:08:19,0,WH705,XZCE,3082,3055,3096,774,47554760,11388,11390,3267,2955,3111,3093,0,3087,0,0,0,2017-04-20,32899000,3075,1,0,0,0,0,0,0,0,0,3081,2,0,0,0,0,0,0,0,0
420,2017-04-20,09:08:20,0,WH705,XZCE,3076,3055,3096,776,47677800,11390,11390,3267,2955,3111,3093,0,3087,0,0,0,2017-04-20,32900000,3075,1,0,0,0,0,0,0,0,0,3081,2,0,0,0,0,0,0,0,0
421,2017-04-20,09:08:21,0,WH705,XZCE,3076,3055,3096,776,47677800,11390,11390,3267,2955,3111,3093,0,3087,0,0,0,2017-04-20,32901000,3075,1,0,0,0,0,0,0,0,0,3080,20,0,0,0,0,0,0,0,0
422,2017-04-20,09:08:21,0,WH705,XZCE,3076,3055,3096,776,47677800,11390,11390,3267,2955,3111,3093,0,3087,0,0,0,2017-04-20,32901000,3075,2,0,0,0,0,0,0,0,0,3080,20,0,0,0,0,0,0,0,0
423,2017-04-20,09:08:22,0,WH705,XZCE,3076,3055,3096,776,47677800,11390,11390,3267,2955,3111,3093,0,3087,0,0,0,2017-04-20,32902000,3075,2,0,0,0,0,0,0,0,0,3079,21,0,0,0,0,0,0,0,0
424,2017-04-20,09:08:23,0,WH705,XZCE,3076,3055,3096,776,47677800,11390,11390,3267,2955,3111,3093,0,3087,0,0,0,2017-04-20,32903000,3076,1,0,0,0,0,0,0,0,0,3079,2,0,0,0,0,0,0,0,0
425,2017-04-20,09:08:25,0,WH705,XZCE,3076,3055,3096,776,47677800,11390,11390,3267,2955,3111,3093,0,3087,0,0,0,2017-04-20,32905000,3076,1,0,0,0,0,0,0,0,0,3078,1,0,0,0,0,0,0,0,0
426,2017-04-20,09:08:28,0,WH705,XZCE,3076,3055,3096,778,47800840,11390,11390,3267,2955,3111,3093,0,3087,0,0,0,2017-04-20,32908000,3076,2,0,0,0,0,0,0,0,0,3078,1,0,0,0,0,0,0,0,0
427,2017-04-20,09:08:30,0,WH705,XZCE,3076,3055,3096,778,47800840,11390,11390,3267,2955,3111,3093,0,3087,0,0,0,2017-04-20,32910000,3076,2,0,0,0,0,0,0,0,0,3077,1,0,0,0,0,0,0,0,0
428,2017-04-20,09:08:31,0,WH705,XZCE,3076,3055,3096,778,47800840,11390,11390,3267,2955,3111,3093,0,3087,0,0,0,2017-04-20,32911000,3076,2,0,0,0,0,0,0,0,0,3077,34,0,0,0,0,0,0,0,0
429,2017-04-20,09:08:32,0,WH705,XZCE,3076,3055,3096,778,47800840,11390,11390,3267,2955,3111,3093,0,3087,0,0,0,2017-04-20,32912000,3075,3,0,0,0,0,0,0,0,0,3077,34,0,0,0,0,0,0,0,0
430,2017-04-20,09:08:32,0,WH705,XZCE,3076,3055,3096,778,47800840,11390,11390,3267,2955,3111,3093,0,3087,0,0,0,2017-04-20,32912000,3075,3,0,0,0,0,0,0,0,0,3077,1,0,0,0,0,0,0,0,0
431,2017-04-20,09:08:33,0,WH705,XZCE,3075,3055,3096,780,47923840,11392,11390,3267,2955,3111,3093,0,3087,0,0,0,2017-04-20,32913000,3075,2,0,0,0,0,0,0,0,0,3077,1,0,0,0,0,0,0,0,0
432,2017-04-20,09:08:33,0,WH705,XZCE,3075,3055,3096,780,47923840,11392,11390,3267,2955,3111,3093,0,3087,0,0,0,2017-04-20,32913000,3076,2,0,0,0,0,0,0,0,0,3077,1,0,0,0,0,0,0,0,0
433,2017-04-20,09:08:34,0,WH705,XZCE,3077,3055,3096,782,48046920,11392,11390,3267,2955,3111,3093,0,3087,0,0,0,2017-04-20,32914000,3075,2,0,0,0,0,0,0,0,0,3078,1,0,0,0,0,0,0,0,0
434,2017-04-20,09:08:35,0,WH705,XZCE,3077,3055,3096,782,48046920,11392,11390,3267,2955,3111,3093,0,3087,0,0,0,2017-04-20,32915000,3077,2,0,0,0,0,0,0,0,0,3078,1,0,0,0,0,0,0,0,0
435,2017-04-20,09:08:37,0,WH705,XZCE,3077,3055,3096,782,48046920,11392,11390,3267,2955,3111,3093,0,3087,0,0,0,2017-04-20,32917000,3077,2,0,0,0,0,0,0,0,0,3079,1,0,0,0,0,0,0,0,0
436,2017-04-20,09:08:38,0,WH705,XZCE,3077,3055,3096,782,48046920,11392,11390,3267,2955,3111,3093,0,3087,0,0,0,2017-04-20,32918000,3077,2,0,0,0,0,0,0,0,0,3078,1,0,0,0,0,0,0,0,0
437,2017-04-20,09:08:40,0,WH705,XZCE,3078,3055,3096,784,48170040,11390,11390,3267,2955,3111,3093,0,3087,0,0,0,2017-04-20,32920000,3077,2,0,0,0,0,0,0,0,0,3079,1,0,0,0,0,0,0,0,0
438,2017-04-20,09:08:42,0,WH705,XZCE,3078,3055,3096,784,48170040,11390,11390,3267,2955,3111,3093,0,3087,0,0,0,2017-04-20,32922000,3077,10,0,0,0,0,0,0,0,0,3079,1,0,0,0,0,0,0,0,0
439,2017-04-20,09:08:42,0,WH705,XZCE,3077,3055,3096,804,49400840,11374,11390,3267,2955,3111,3093,0,3087,0,0,0,2017-04-20,32922000,3076,2,0,0,0,0,0,0,0,0,3079,1,0,0,0,0,0,0,0,0
440,2017-04-20,09:08:42,0,WH705,XZCE,3077,3055,3096,804,49400840,11374,11390,3267,2955,3111,3093,0,3087,0,0,0,2017-04-20,32922000,3078,1,0,0,0,0,0,0,0,0,3079,1,0,0,0,0,0,0,0,0
441,2017-04-20,09:08:43,0,WH705,XZCE,3079,3055,3096,806,49524000,11374,11390,3267,2955,3111,3093,0,3087,0,0,0,2017-04-20,32923000,3078,1,0,0,0,0,0,0,0,0,3080,1,0,0,0,0,0,0,0,0
442,2017-04-20,09:08:43,0,WH705,XZCE,3079,3055,3096,806,49524000,11374,11390,3267,2955,3111,3093,0,3087,0,0,0,2017-04-20,32923000,3076,2,0,0,0,0,0,0,0,0,3080,1,0,0,0,0,0,0,0,0
443,2017-04-20,09:08:44,0,WH705,XZCE,3079,3055,3096,806,49524000,11374,11390,3267,2955,3111,3093,0,3087,0,0,0,2017-04-20,32924000,3078,1,0,0,0,0,0,0,0,0,3080,1,0,0,0,0,0,0,0,0
444,2017-04-20,09:08:44,0,WH705,XZCE,3079,3055,3096,806,49524000,11374,11390,3267,2955,3111,3093,0,3087,0,0,0,2017-04-20,32924000,3078,1,0,0,0,0,0,0,0,0,3080,2,0,0,0,0,0,0,0,0
445,2017-04-20,09:08:46,0,WH705,XZCE,3079,3055,3096,806,49524000,11374,11390,3267,2955,3111,3093,0,3087,0,0,0,2017-04-20,32926000,3078,1,0,0,0,0,0,0,0,0,3080,1,0,0,0,0,0,0,0,0
446,2017-04-20,09:08:46,0,WH705,XZCE,3080,3055,3096,808,49647200,11374,11390,3267,2955,3111,3093,0,3087,0,0,0,2017-04-20,32926000,3080,1,0,0,0,0,0,0,0,0,3082,1,0,0,0,0,0,0,0,0
447,2017-04-20,09:08:50,0,WH705,XZCE,3080,3055,3096,808,49647200,11374,11390,3267,2955,3111,3093,0,3087,0,0,0,2017-04-20,32930000,3080,1,0,0,0,0,0,0,0,0,3082,2,0,0,0,0,0,0,0,0
448,2017-04-20,09:08:51,0,WH705,XZCE,3080,3055,3096,808,49647200,11374,11390,3267,2955,3111,3093,0,3087,0,0,0,2017-04-20,32931000,3078,2,0,0,0,0,0,0,0,0,3082,2,0,0,0,0,0,0,0,0
449,2017-04-20,09:08:51,0,WH705,XZCE,3080,3055,3096,808,49647200,11374,11390,3267,2955,3111,3093,0,3087,0,0,0,2017-04-20,32931000,3078,2,0,0,0,0,0,0,0,0,3080,2,0,0,0,0,0,0,0,0
450,2017-04-20,09:08:52,0,WH705,XZCE,3080,3055,3096,812,49893600,11372,11390,3267,2955,3111,3093,0,3087,0,0,0,2017-04-20,32932000,3078,2,0,0,0,0,0,0,0,0,3082,2,0,0,0,0,0,0,0,0
451,2017-04-20,09:08:52,0,WH705,XZCE,3080,3055,3096,812,49893600,11372,11390,3267,2955,3111,3093,0,3087,0,0,0,2017-04-20,32932000,3078,2,0,0,0,0,0,0,0,0,3082,1,0,0,0,0,0,0,0,0
452,2017-04-20,09:08:53,0,WH705,XZCE,3080,3055,3096,812,49893600,11372,11390,3267,2955,3111,3093,0,3087,0,0,0,2017-04-20,32933000,3079,2,0,0,0,0,0,0,0,0,3082,1,0,0,0,0,0,0,0,0
453,2017-04-20,09:08:54,0,WH705,XZCE,3080,3055,3096,812,49893600,11372,11390,3267,2955,3111,3093,0,3087,0,0,0,2017-04-20,32934000,3080,2,0,0,0,0,0,0,0,0,3082,2,0,0,0,0,0,0,0,0
454,2017-04-20,09:08:57,0,WH705,XZCE,3080,3055,3096,814,50016800,11374,11390,3267,2955,3111,3093,0,3087,0,0,0,2017-04-20,32937000,3080,1,0,0,0,0,0,0,0,0,3082,2,0,0,0,0,0,0,0,0
455,2017-04-20,09:08:59,0,WH705,XZCE,3080,3055,3096,814,50016800,11374,11390,3267,2955,3111,3093,0,3087,0,0,0,2017-04-20,32939000,3080,4,0,0,0,0,0,0,0,0,3082,2,0,0,0,0,0,0,0,0
456,2017-04-20,09:09:01,0,WH705,XZCE,3080,3055,3096,814,50016800,11374,11390,3267,2955,3111,3093,0,3087,0,0,0,2017-04-20,32941000,3081,1,0,0,0,0,0,0,0,0,3082,2,0,0,0,0,0,0,0,0
457,2017-04-20,09:09:02,0,WH705,XZCE,3080,3055,3096,814,50016800,11374,11390,3267,2955,3111,3093,0,3087,0,0,0,2017-04-20,32942000,3081,1,0,0,0,0,0,0,0,0,3082,3,0,0,0,0,0,0,0,0
458,2017-04-20,09:09:02,0,WH705,XZCE,3080,3055,3096,814,50016800,11374,11390,3267,2955,3111,3093,0,3087,0,0,0,2017-04-20,32942000,3080,4,0,0,0,0,0,0,0,0,3082,3,0,0,0,0,0,0,0,0
459,2017-04-20,09:09:04,0,WH705,XZCE,3080,3055,3096,814,50016800,11374,11390,3267,2955,3111,3093,0,3087,0,0,0,2017-04-20,32944000,3080,4,0,0,0,0,0,0,0,0,3081,1,0,0,0,0,0,0,0,0
460,2017-04-20,09:09:05,0,WH705,XZCE,3080,3055,3096,814,50016800,11374,11390,3267,2955,3111,3093,0,3087,0,0,0,2017-04-20,32945000,3080,6,0,0,0,0,0,0,0,0,3081,1,0,0,0,0,0,0,0,0
461,2017-04-20,09:09:12,0,WH705,XZCE,3080,3055,3096,816,50140000,11376,11390,3267,2955,3111,3093,0,3087,0,0,0,2017-04-20,32952000,3080,5,0,0,0,0,0,0,0,0,3081,1,0,0,0,0,0,0,0,0
462,2017-04-20,09:09:13,0,WH705,XZCE,3080,3055,3096,816,50140000,11376,11390,3267,2955,3111,3093,0,3087,0,0,0,2017-04-20,32953000,3080,6,0,0,0,0,0,0,0,0,3081,1,0,0,0,0,0,0,0,0
463,2017-04-20,09:09:13,0,WH705,XZCE,3080,3055,3096,816,50140000,11376,11390,3267,2955,3111,3093,0,3087,0,0,0,2017-04-20,32953000,3080,3,0,0,0,0,0,0,0,0,3081,1,0,0,0,0,0,0,0,0
464,2017-04-20,09:09:15,0,WH705,XZCE,3080,3055,3096,818,50263200,11374,11390,3267,2955,3111,3093,0,3087,0,0,0,2017-04-20,32955000,3080,2,0,0,0,0,0,0,0,0,3081,1,0,0,0,0,0,0,0,0
465,2017-04-20,09:09:16,0,WH705,XZCE,3080,3055,3096,822,50509600,11372,11390,3267,2955,3111,3093,0,3087,0,0,0,2017-04-20,32956000,3080,1,0,0,0,0,0,0,0,0,3082,3,0,0,0,0,0,0,0,0
466,2017-04-20,09:09:17,0,WH705,XZCE,3080,3055,3096,824,50632800,11374,11390,3267,2955,3111,3093,0,3087,0,0,0,2017-04-20,32957000,3080,2,0,0,0,0,0,0,0,0,3082,3,0,0,0,0,0,0,0,0
467,2017-04-20,09:09:17,0,WH705,XZCE,3080,3055,3096,824,50632800,11374,11390,3267,2955,3111,3093,0,3087,0,0,0,2017-04-20,32957000,3080,2,0,0,0,0,0,0,0,0,3081,1,0,0,0,0,0,0,0,0
468,2017-04-20,09:09:19,0,WH705,XZCE,3081,3055,3096,826,50756040,11374,11390,3267,2955,3111,3093,0,3087,0,0,0,2017-04-20,32959000,3080,2,0,0,0,0,0,0,0,0,3082,23,0,0,0,0,0,0,0,0
469,2017-04-20,09:09:20,0,WH705,XZCE,3081,3055,3096,826,50756040,11374,11390,3267,2955,3111,3093,0,3087,0,0,0,2017-04-20,32960000,3080,2,0,0,0,0,0,0,0,0,3082,3,0,0,0,0,0,0,0,0
470,2017-04-20,09:09:22,0,WH705,XZCE,3081,3055,3096,826,50756040,11374,11390,3267,2955,3111,3093,0,3087,0,0,0,2017-04-20,32962000,3080,3,0,0,0,0,0,0,0,0,3081,1,0,0,0,0,0,0,0,0
471,2017-04-20,09:09:24,0,WH705,XZCE,3082,3055,3096,830,51002600,11378,11390,3267,2955,3111,3093,0,3087,0,0,0,2017-04-20,32964000,3080,3,0,0,0,0,0,0,0,0,3082,2,0,0,0,0,0,0,0,0
472,2017-04-20,09:09:25,0,WH705,XZCE,3082,3055,3096,836,51372440,11376,11390,3267,2955,3111,3093,0,3087,0,0,0,2017-04-20,32965000,3080,3,0,0,0,0,0,0,0,0,3083,1,0,0,0,0,0,0,0,0
473,2017-04-20,09:09:26,0,WH705,XZCE,3082,3055,3096,836,51372440,11376,11390,3267,2955,3111,3093,0,3087,0,0,0,2017-04-20,32966000,3081,1,0,0,0,0,0,0,0,0,3083,1,0,0,0,0,0,0,0,0
474,2017-04-20,09:09:29,0,WH705,XZCE,3082,3055,3096,836,51372440,11376,11390,3267,2955,3111,3093,0,3087,0,0,0,2017-04-20,32969000,3080,3,0,0,0,0,0,0,0,0,3083,1,0,0,0,0,0,0,0,0
475,2017-04-20,09:09:29,0,WH705,XZCE,3083,3055,3096,840,51619080,11376,11390,3267,2955,3111,3093,0,3087,0,0,0,2017-04-20,32969000,3083,4,0,0,0,0,0,0,0,0,3084,1,0,0,0,0,0,0,0,0
476,2017-04-20,09:09:32,0,WH705,XZCE,3083,3055,3096,840,51619080,11376,11390,3267,2955,3111,3093,0,3087,0,0,0,2017-04-20,32972000,3083,24,0,0,0,0,0,0,0,0,3084,1,0,0,0,0,0,0,0,0
477,2017-04-20,09:09:32,0,WH705,XZCE,3084,3055,3096,842,51742440,11376,11390,3267,2955,3111,3093,0,3087,0,0,0,2017-04-20,32972000,3084,1,0,0,0,0,0,0,0,0,3086,2,0,0,0,0,0,0,0,0
478,2017-04-20,09:09:34,0,WH705,XZCE,3084,3055,3096,842,51742440,11376,11390,3267,2955,3111,3093,0,3087,0,0,0,2017-04-20,32974000,3084,1,0,0,0,0,0,0,0,0,3086,1,0,0,0,0,0,0,0,0
479,2017-04-20,09:09:35,0,WH705,XZCE,3086,3055,3096,844,51865880,11378,11390,3267,2955,3111,3093,0,3087,0,0,0,2017-04-20,32975000,3084,1,0,0,0,0,0,0,0,0,3088,2,0,0,0,0,0,0,0,0
480,2017-04-20,09:09:35,0,WH705,XZCE,3086,3055,3096,844,51865880,11378,11390,3267,2955,3111,3093,0,3087,0,0,0,2017-04-20,32975000,3083,4,0,0,0,0,0,0,0,0,3088,2,0,0,0,0,0,0,0,0
481,2017-04-20,09:09:36,0,WH705,XZCE,3086,3055,3096,844,51865880,11378,11390,3267,2955,3111,3093,0,3087,0,0,0,2017-04-20,32976000,3083,4,0,0,0,0,0,0,0,0,3087,1,0,0,0,0,0,0,0,0
482,2017-04-20,09:09:37,0,WH705,XZCE,3086,3055,3096,844,51865880,11378,11390,3267,2955,3111,3093,0,3087,0,0,0,2017-04-20,32977000,3080,2,0,0,0,0,0,0,0,0,3087,1,0,0,0,0,0,0,0,0
483,2017-04-20,09:09:38,0,WH705,XZCE,3086,3055,3096,844,51865880,11378,11390,3267,2955,3111,3093,0,3087,0,0,0,2017-04-20,32978000,3081,1,0,0,0,0,0,0,0,0,3086,1,0,0,0,0,0,0,0,0
484,2017-04-20,09:09:41,0,WH705,XZCE,3086,3055,3096,846,51989320,11378,11390,3267,2955,3111,3093,0,3087,0,0,0,2017-04-20,32981000,3081,1,0,0,0,0,0,0,0,0,3087,1,0,0,0,0,0,0,0,0
485,2017-04-20,09:09:41,0,WH705,XZCE,3087,3055,3096,848,52112800,11378,11390,3267,2955,3111,3093,0,3087,0,0,0,2017-04-20,32981000,3081,1,0,0,0,0,0,0,0,0,3088,2,0,0,0,0,0,0,0,0
486,2017-04-20,09:09:44,0,WH705,XZCE,3087,3055,3096,848,52112800,11378,11390,3267,2955,3111,3093,0,3087,0,0,0,2017-04-20,32984000,3081,1,0,0,0,0,0,0,0,0,3087,1,0,0,0,0,0,0,0,0
487,2017-04-20,09:09:45,0,WH705,XZCE,3087,3055,3096,848,52112800,11378,11390,3267,2955,3111,3093,0,3087,0,0,0,2017-04-20,32985000,3081,1,0,0,0,0,0,0,0,0,3086,1,0,0,0,0,0,0,0,0
488,2017-04-20,09:09:50,0,WH705,XZCE,3087,3055,3096,848,52112800,11378,11390,3267,2955,3111,3093,0,3087,0,0,0,2017-04-20,32990000,3081,1,0,0,0,0,0,0,0,0,3086,12,0,0,0,0,0,0,0,0
489,2017-04-20,09:09:51,0,WH705,XZCE,3087,3055,3096,848,52112800,11378,11390,3267,2955,3111,3093,0,3087,0,0,0,2017-04-20,32991000,3081,1,0,0,0,0,0,0,0,0,3086,11,0,0,0,0,0,0,0,0
490,2017-04-20,09:09:52,0,WH705,XZCE,3087,3055,3096,848,52112800,11378,11390,3267,2955,3111,3093,0,3087,0,0,0,2017-04-20,32992000,3081,1,0,0,0,0,0,0,0,0,3087,1,0,0,0,0,0,0,0,0
491,2017-04-20,09:09:52,0,WH705,XZCE,3087,3055,3096,848,52112800,11378,11390,3267,2955,3111,3093,0,3087,0,0,0,2017-04-20,32992000,3081,1,0,0,0,0,0,0,0,0,3085,3,0,0,0,0,0,0,0,0
492,2017-04-20,09:09:53,0,WH705,XZCE,3087,3055,3096,848,52112800,11378,11390,3267,2955,3111,3093,0,3087,0,0,0,2017-04-20,32993000,3082,1,0,0,0,0,0,0,0,0,3085,3,0,0,0,0,0,0,0,0
493,2017-04-20,09:09:56,0,WH705,XZCE,3087,3055,3096,848,52112800,11378,11390,3267,2955,3111,3093,0,3087,0,0,0,2017-04-20,32996000,3081,1,0,0,0,0,0,0,0,0,3085,3,0,0,0,0,0,0,0,0
494,2017-04-20,09:09:57,0,WH705,XZCE,3087,3055,3096,848,52112800,11378,11390,3267,2955,3111,3093,0,3087,0,0,0,2017-04-20,32997000,3081,1,0,0,0,0,0,0,0,0,3085,14,0,0,0,0,0,0,0,0
495,2017-04-20,09:09:58,0,WH705,XZCE,3087,3055,3096,848,52112800,11378,11390,3267,2955,3111,3093,0,3087,0,0,0,2017-04-20,32998000,3081,1,0,0,0,0,0,0,0,0,3084,1,0,0,0,0,0,0,0,0
496,2017-04-20,09:10:01,0,WH705,XZCE,3087,3055,3096,848,52112800,11378,11390,3267,2955,3111,3093,0,3087,0,0,0,2017-04-20,33001000,3081,1,0,0,0,0,0,0,0,0,3085,3,0,0,0,0,0,0,0,0
497,2017-04-20,09:10:01,0,WH705,XZCE,3087,3055,3096,848,52112800,11378,11390,3267,2955,3111,3093,0,3087,0,0,0,2017-04-20,33001000,3081,1,0,0,0,0,0,0,0,0,3085,4,0,0,0,0,0,0,0,0
498,2017-04-20,09:10:02,0,WH705,XZCE,3087,3055,3096,850,52236280,11378,11390,3267,2955,3111,3093,0,3087,0,0,0,2017-04-20,33002000,3081,1,0,0,0,0,0,0,0,0,3085,3,0,0,0,0,0,0,0,0
499,2017-04-20,09:10:03,0,WH705,XZCE,3087,3055,3096,850,52236280,11378,11390,3267,2955,3111,3093,0,3087,0,0,0,2017-04-20,33003000,3081,1,0,0,0,0,0,0,0,0,3085,5,0,0,0,0,0,0,0,0
500,2017-04-20,09:10:08,0,WH705,XZCE,3087,3055,3096,850,52236280,11378,11390,3267,2955,3111,3093,0,3087,0,0,0,2017-04-20,33008000,3082,1,0,0,0,0,0,0,0,0,3085,5,0,0,0,0,0,0,0,0
501,2017-04-20,09:10:08,0,WH705,XZCE,3087,3055,3096,850,52236280,11378,11390,3267,2955,3111,3093,0,3087,0,0,0,2017-04-20,33008000,3082,1,0,0,0,0,0,0,0,0,3085,6,0,0,0,0,0,0,0,0
502,2017-04-20,09:10:09,0,WH705,XZCE,3087,3055,3096,850,52236280,11378,11390,3267,2955,3111,3093,0,3087,0,0,0,2017-04-20,33009000,3082,1,0,0,0,0,0,0,0,0,3084,1,0,0,0,0,0,0,0,0
503,2017-04-20,09:10:12,0,WH705,XZCE,3087,3055,3096,850,52236280,11378,11390,3267,2955,3111,3093,0,3087,0,0,0,2017-04-20,33012000,3082,1,0,0,0,0,0,0,0,0,3084,2,0,0,0,0,0,0,0,0
504,2017-04-20,09:10:12,0,WH705,XZCE,3087,3055,3096,850,52236280,11378,11390,3267,2955,3111,3093,0,3087,0,0,0,2017-04-20,33012000,3082,1,0,0,0,0,0,0,0,0,3084,5,0,0,0,0,0,0,0,0
505,2017-04-20,09:10:15,0,WH705,XZCE,3087,3055,3096,850,52236280,11378,11390,3267,2955,3111,3093,0,3087,0,0,0,2017-04-20,33015000,3082,1,0,0,0,0,0,0,0,0,3084,4,0,0,0,0,0,0,0,0
506,2017-04-20,09:10:16,0,WH705,XZCE,3082,3055,3096,852,52359560,11376,11390,3267,2955,3111,3093,0,3087,0,0,0,2017-04-20,33016000,3081,1,0,0,0,0,0,0,0,0,3084,4,0,0,0,0,0,0,0,0
507,2017-04-20,09:10:17,0,WH705,XZCE,3082,3055,3096,852,52359560,11376,11390,3267,2955,3111,3093,0,3087,0,0,0,2017-04-20,33017000,3080,3,0,0,0,0,0,0,0,0,3083,1,0,0,0,0,0,0,0,0
508,2017-04-20,09:10:18,0,WH705,XZCE,3082,3055,3096,852,52359560,11376,11390,3267,2955,3111,3093,0,3087,0,0,0,2017-04-20,33018000,3080,3,0,0,0,0,0,0,0,0,3082,23,0,0,0,0,0,0,0,0
509,2017-04-20,09:10:19,0,WH705,XZCE,3082,3055,3096,852,52359560,11376,11390,3267,2955,3111,3093,0,3087,0,0,0,2017-04-20,33019000,3080,3,0,0,0,0,0,0,0,0,3082,3,0,0,0,0,0,0,0,0
510,2017-04-20,09:10:20,0,WH705,XZCE,3080,3055,3096,854,52482760,11376,11390,3267,2955,3111,3093,0,3087,0,0,0,2017-04-20,33020000,3080,2,0,0,0,0,0,0,0,0,3082,3,0,0,0,0,0,0,0,0
511,2017-04-20,09:10:22,0,WH705,XZCE,3080,3055,3096,858,52729160,11378,11390,3267,2955,3111,3093,0,3087,0,0,0,2017-04-20,33022000,3075,6,0,0,0,0,0,0,0,0,3082,3,0,0,0,0,0,0,0,0
512,2017-04-20,09:10:23,0,WH705,XZCE,3080,3055,3096,858,52729160,11378,11390,3267,2955,3111,3093,0,3087,0,0,0,2017-04-20,33023000,3076,1,0,0,0,0,0,0,0,0,3082,3,0,0,0,0,0,0,0,0
513,2017-04-20,09:10:23,0,WH705,XZCE,3080,3055,3096,858,52729160,11378,11390,3267,2955,3111,3093,0,3087,0,0,0,2017-04-20,33023000,3077,3,0,0,0,0,0,0,0,0,3082,3,0,0,0,0,0,0,0,0
514,2017-04-20,09:10:25,0,WH705,XZCE,3080,3055,3096,858,52729160,11378,11390,3267,2955,3111,3093,0,3087,0,0,0,2017-04-20,33025000,3077,3,0,0,0,0,0,0,0,0,3081,1,0,0,0,0,0,0,0,0
515,2017-04-20,09:10:26,0,WH705,XZCE,3080,3055,3096,858,52729160,11378,11390,3267,2955,3111,3093,0,3087,0,0,0,2017-04-20,33026000,3077,3,0,0,0,0,0,0,0,0,3080,60,0,0,0,0,0,0,0,0
516,2017-04-20,09:10:27,0,WH705,XZCE,3077,3055,3096,864,53098400,11378,11390,3267,2955,3111,3093,0,3087,0,0,0,2017-04-20,33027000,3076,1,0,0,0,0,0,0,0,0,3077,1,0,0,0,0,0,0,0,0
517,2017-04-20,09:10:27,0,WH705,XZCE,3076,3055,3096,866,53221440,11380,11390,3267,2955,3111,3093,0,3087,0,0,0,2017-04-20,33027000,3075,6,0,0,0,0,0,0,0,0,3077,1,0,0,0,0,0,0,0,0
518,2017-04-20,09:10:28,0,WH705,XZCE,3076,3055,3096,866,53221440,11380,11390,3267,2955,3111,3093,0,3087,0,0,0,2017-04-20,33028000,3075,6,0,0,0,0,0,0,0,0,3077,4,0,0,0,0,0,0,0,0
519,2017-04-20,09:10:28,0,WH705,XZCE,3077,3055,3096,868,53344520,11380,11390,3267,2955,3111,3093,0,3087,0,0,0,2017-04-20,33028000,3075,6,0,0,0,0,0,0,0,0,3077,3,0,0,0,0,0,0,0,0
520,2017-04-20,09:10:29,0,WH705,XZCE,3077,3055,3096,874,53713760,11374,11390,3267,2955,3111,3093,0,3087,0,0,0,2017-04-20,33029000,3075,6,0,0,0,0,0,0,0,0,3079,2,0,0,0,0,0,0,0,0
521,2017-04-20,09:10:29,0,WH705,XZCE,3077,3055,3096,874,53713760,11374,11390,3267,2955,3111,3093,0,3087,0,0,0,2017-04-20,33029000,3075,6,0,0,0,0,0,0,0,0,3079,1,0,0,0,0,0,0,0,0
522,2017-04-20,09:10:29,0,WH705,XZCE,3077,3055,3096,874,53713760,11374,11390,3267,2955,3111,3093,0,3087,0,0,0,2017-04-20,33029000,3075,6,0,0,0,0,0,0,0,0,3078,1,0,0,0,0,0,0,0,0
523,2017-04-20,09:10:31,0,WH705,XZCE,3077,3055,3096,874,53713760,11374,11390,3267,2955,3111,3093,0,3087,0,0,0,2017-04-20,33031000,3077,1,0,0,0,0,0,0,0,0,3078,1,0,0,0,0,0,0,0,0
524,2017-04-20,09:10:32,0,WH705,XZCE,3077,3055,3096,876,53836840,11374,11390,3267,2955,3111,3093,0,3087,0,0,0,2017-04-20,33032000,3075,6,0,0,0,0,0,0,0,0,3078,34,0,0,0,0,0,0,0,0
525,2017-04-20,09:10:32,0,WH705,XZCE,3077,3055,3096,876,53836840,11374,11390,3267,2955,3111,3093,0,3087,0,0,0,2017-04-20,33032000,3075,6,0,0,0,0,0,0,0,0,3078,1,0,0,0,0,0,0,0,0
526,2017-04-20,09:10:33,0,WH705,XZCE,3078,3055,3096,878,53959960,11372,11390,3267,2955,3111,3093,0,3087,0,0,0,2017-04-20,33033000,3075,6,0,0,0,0,0,0,0,0,3079,1,0,0,0,0,0,0,0,0
527,2017-04-20,09:10:33,0,WH705,XZCE,3078,3055,3096,878,53959960,11372,11390,3267,2955,3111,3093,0,3087,0,0,0,2017-04-20,33033000,3077,1,0,0,0,0,0,0,0,0,3079,1,0,0,0,0,0,0,0,0
528,2017-04-20,09:10:35,0,WH705,XZCE,3078,3055,3096,878,53959960,11372,11390,3267,2955,3111,3093,0,3087,0,0,0,2017-04-20,33035000,3075,6,0,0,0,0,0,0,0,0,3079,1,0,0,0,0,0,0,0,0
529,2017-04-20,09:10:36,0,WH705,XZCE,3078,3055,3096,878,53959960,11372,11390,3267,2955,3111,3093,0,3087,0,0,0,2017-04-20,33036000,3076,1,0,0,0,0,0,0,0,0,3079,1,0,0,0,0,0,0,0,0
530,2017-04-20,09:10:42,0,WH705,XZCE,3078,3055,3096,878,53959960,11372,11390,3267,2955,3111,3093,0,3087,0,0,0,2017-04-20,33042000,3075,2,0,0,0,0,0,0,0,0,3079,1,0,0,0,0,0,0,0,0
531,2017-04-20,09:10:43,0,WH705,XZCE,3079,3055,3096,880,54083120,11372,11390,3267,2955,3111,3093,0,3087,0,0,0,2017-04-20,33043000,3075,2,0,0,0,0,0,0,0,0,3084,1,0,0,0,0,0,0,0,0
532,2017-04-20,09:10:44,0,WH705,XZCE,3079,3055,3096,880,54083120,11372,11390,3267,2955,3111,3093,0,3087,0,0,0,2017-04-20,33044000,3076,1,0,0,0,0,0,0,0,0,3083,1,0,0,0,0,0,0,0,0
533,2017-04-20,09:10:47,0,WH705,XZCE,3079,3055,3096,880,54083120,11372,11390,3267,2955,3111,3093,0,3087,0,0,0,2017-04-20,33047000,3076,1,0,0,0,0,0,0,0,0,3083,22,0,0,0,0,0,0,0,0
534,2017-04-20,09:10:47,0,WH705,XZCE,3079,3055,3096,880,54083120,11372,11390,3267,2955,3111,3093,0,3087,0,0,0,2017-04-20,33047000,3076,1,0,0,0,0,0,0,0,0,3082,1,0,0,0,0,0,0,0,0
535,2017-04-20,09:10:48,0,WH705,XZCE,3079,3055,3096,880,54083120,11372,11390,3267,2955,3111,3093,0,3087,0,0,0,2017-04-20,33048000,3077,1,0,0,0,0,0,0,0,0,3082,1,0,0,0,0,0,0,0,0
536,2017-04-20,09:10:49,0,WH705,XZCE,3079,3055,3096,880,54083120,11372,11390,3267,2955,3111,3093,0,3087,0,0,0,2017-04-20,33049000,3077,1,0,0,0,0,0,0,0,0,3081,20,0,0,0,0,0,0,0,0
537,2017-04-20,09:10:49,0,WH705,XZCE,3079,3055,3096,880,54083120,11372,11390,3267,2955,3111,3093,0,3087,0,0,0,2017-04-20,33049000,3077,1,0,0,0,0,0,0,0,0,3082,1,0,0,0,0,0,0,0,0
538,2017-04-20,09:10:50,0,WH705,XZCE,3079,3055,3096,880,54083120,11372,11390,3267,2955,3111,3093,0,3087,0,0,0,2017-04-20,33050000,3078,1,0,0,0,0,0,0,0,0,3082,1,0,0,0,0,0,0,0,0
539,2017-04-20,09:10:51,0,WH705,XZCE,3079,3055,3096,880,54083120,11372,11390,3267,2955,3111,3093,0,3087,0,0,0,2017-04-20,33051000,3078,1,0,0,0,0,0,0,0,0,3083,2,0,0,0,0,0,0,0,0
540,2017-04-20,09:10:52,0,WH705,XZCE,3079,3055,3096,880,54083120,11372,11390,3267,2955,3111,3093,0,3087,0,0,0,2017-04-20,33052000,3082,4,0,0,0,0,0,0,0,0,3083,2,0,0,0,0,0,0,0,0
541,2017-04-20,09:10:53,0,WH705,XZCE,3079,3055,3096,880,54083120,11372,11390,3267,2955,3111,3093,0,3087,0,0,0,2017-04-20,33053000,3082,4,0,0,0,0,0,0,0,0,3083,1,0,0,0,0,0,0,0,0
542,2017-04-20,09:10:54,0,WH705,XZCE,3079,3055,3096,880,54083120,11372,11390,3267,2955,3111,3093,0,3087,0,0,0,2017-04-20,33054000,3082,4,0,0,0,0,0,0,0,0,3083,2,0,0,0,0,0,0,0,0
543,2017-04-20,09:10:55,0,WH705,XZCE,3079,3055,3096,880,54083120,11372,11390,3267,2955,3111,3093,0,3087,0,0,0,2017-04-20,33055000,3082,4,0,0,0,0,0,0,0,0,3083,23,0,0,0,0,0,0,0,0
544,2017-04-20,09:10:55,0,WH705,XZCE,3079,3055,3096,880,54083120,11372,11390,3267,2955,3111,3093,0,3087,0,0,0,2017-04-20,33055000,3082,4,0,0,0,0,0,0,0,0,3083,2,0,0,0,0,0,0,0,0
545,2017-04-20,09:10:56,0,WH705,XZCE,3082,3055,3096,888,54576240,11372,11390,3267,2955,3111,3093,0,3087,0,0,0,2017-04-20,33056000,3077,5,0,0,0,0,0,0,0,0,3083,2,0,0,0,0,0,0,0,0
546,2017-04-20,09:10:56,0,WH705,XZCE,3082,3055,3096,890,54699520,11372,11390,3267,2955,3111,3093,0,3087,0,0,0,2017-04-20,33056000,3077,5,0,0,0,0,0,0,0,0,3083,2,0,0,0,0,0,0,0,0
547,2017-04-20,09:10:58,0,WH705,XZCE,3082,3055,3096,890,54699520,11372,11390,3267,2955,3111,3093,0,3087,0,0,0,2017-04-20,33058000,3078,14,0,0,0,0,0,0,0,0,3082,1,0,0,0,0,0,0,0,0
548,2017-04-20,09:10:58,0,WH705,XZCE,3082,3055,3096,890,54699520,11372,11390,3267,2955,3111,3093,0,3087,0,0,0,2017-04-20,33058000,3078,15,0,0,0,0,0,0,0,0,3082,1,0,0,0,0,0,0,0,0
549,2017-04-20,09:10:58,0,WH705,XZCE,3082,3055,3096,890,54699520,11372,11390,3267,2955,3111,3093,0,3087,0,0,0,2017-04-20,33058000,3079,14,0,0,0,0,0,0,0,0,3083,2,0,0,0,0,0,0,0,0
550,2017-04-20,09:10:59,0,WH705,XZCE,3082,3055,3096,890,54699520,11372,11390,3267,2955,3111,3093,0,3087,0,0,0,2017-04-20,33059000,3080,14,0,0,0,0,0,0,0,0,3083,2,0,0,0,0,0,0,0,0
551,2017-04-20,09:11:01,0,WH705,XZCE,3082,3055,3096,890,54699520,11372,11390,3267,2955,3111,3093,0,3087,0,0,0,2017-04-20,33061000,3078,1,0,0,0,0,0,0,0,0,3083,2,0,0,0,0,0,0,0,0
552,2017-04-20,09:11:02,0,WH705,XZCE,3078,3055,3096,892,54822640,11372,11390,3267,2955,3111,3093,0,3087,0,0,0,2017-04-20,33062000,3077,5,0,0,0,0,0,0,0,0,3083,2,0,0,0,0,0,0,0,0
553,2017-04-20,09:11:03,0,WH705,XZCE,3078,3055,3096,892,54822640,11372,11390,3267,2955,3111,3093,0,3087,0,0,0,2017-04-20,33063000,3079,1,0,0,0,0,0,0,0,0,3083,2,0,0,0,0,0,0,0,0
554,2017-04-20,09:11:06,0,WH705,XZCE,3078,3055,3096,892,54822640,11372,11390,3267,2955,3111,3093,0,3087,0,0,0,2017-04-20,33066000,3079,1,0,0,0,0,0,0,0,0,3082,27,0,0,0,0,0,0,0,0
555,2017-04-20,09:11:06,0,WH705,XZCE,3078,3055,3096,892,54822640,11372,11390,3267,2955,3111,3093,0,3087,0,0,0,2017-04-20,33066000,3079,1,0,0,0,0,0,0,0,0,3082,28,0,0,0,0,0,0,0,0
556,2017-04-20,09:11:07,0,WH705,XZCE,3078,3055,3096,892,54822640,11372,11390,3267,2955,3111,3093,0,3087,0,0,0,2017-04-20,33067000,3079,1,0,0,0,0,0,0,0,0,3081,1,0,0,0,0,0,0,0,0
557,2017-04-20,09:11:09,0,WH705,XZCE,3078,3055,3096,892,54822640,11372,11390,3267,2955,3111,3093,0,3087,0,0,0,2017-04-20,33069000,3077,5,0,0,0,0,0,0,0,0,3081,1,0,0,0,0,0,0,0,0
558,2017-04-20,09:11:10,0,WH705,XZCE,3078,3055,3096,892,54822640,11372,11390,3267,2955,3111,3093,0,3087,0,0,0,2017-04-20,33070000,3077,6,0,0,0,0,0,0,0,0,3079,1,0,0,0,0,0,0,0,0
559,2017-04-20,09:11:11,0,WH705,XZCE,3079,3055,3096,894,54945800,11372,11390,3267,2955,3111,3093,0,3087,0,0,0,2017-04-20,33071000,3077,6,0,0,0,0,0,0,0,0,3083,2,0,0,0,0,0,0,0,0
560,2017-04-20,09:11:11,0,WH705,XZCE,3079,3055,3096,894,54945800,11372,11390,3267,2955,3111,3093,0,3087,0,0,0,2017-04-20,33071000,3077,6,0,0,0,0,0,0,0,0,3078,1,0,0,0,0,0,0,0,0
561,2017-04-20,09:11:12,0,WH705,XZCE,3079,3055,3096,894,54945800,11372,11390,3267,2955,3111,3093,0,3087,0,0,0,2017-04-20,33072000,3077,7,0,0,0,0,0,0,0,0,3078,1,0,0,0,0,0,0,0,0
562,2017-04-20,09:11:12,0,WH705,XZCE,3079,3055,3096,894,54945800,11372,11390,3267,2955,3111,3093,0,3087,0,0,0,2017-04-20,33072000,3077,7,0,0,0,0,0,0,0,0,3078,3,0,0,0,0,0,0,0,0
563,2017-04-20,09:11:15,0,WH705,XZCE,3078,3055,3096,900,55315160,11376,11390,3267,2955,3111,3093,0,3087,0,0,0,2017-04-20,33075000,3078,2,0,0,0,0,0,0,0,0,3079,2,0,0,0,0,0,0,0,0
564,2017-04-20,09:11:16,0,WH705,XZCE,3078,3055,3096,900,55315160,11376,11390,3267,2955,3111,3093,0,3087,0,0,0,2017-04-20,33076000,3077,7,0,0,0,0,0,0,0,0,3079,2,0,0,0,0,0,0,0,0
565,2017-04-20,09:11:17,0,WH705,XZCE,3078,3055,3096,900,55315160,11376,11390,3267,2955,3111,3093,0,3087,0,0,0,2017-04-20,33077000,3078,27,0,0,0,0,0,0,0,0,3079,2,0,0,0,0,0,0,0,0
