,dataDate,dataTime,dataMillisec,instrumentID,exchangeCD,lastPrice,lowPrice,highPrice,volume,value,openInterest,preOpenInterest,upperLimitPrice,lowerLimitPrice,preSettlementPrice,prevClosePrice,settlementPrice,openPrice,closePrice,preDelta,currDelta,clearingDay,milliSecOffset,bidPrice1,bidVolume1,bidPrice2,bidVolume2,bidPrice3,bidVolume3,bidPrice4,bidVolume4,bidPrice5,bidVolume5,askPrice1,askVolume1,askPrice2,askVolume2,askPrice3,askVolume3,askPrice4,askVolume4,askPrice5,askVolume5
0,2017-04-19,19:28:28,0,ZC705,XZCE,622.6,0.0,0.0,0,0.0,177302,177302,658.2,583.4,620.8,622.6,0.0,0.0,0,0,0,2017-04-20,70108000,0.0,0,0,0,0,0,0,0,0,0,0.0,0,0,0,0,0,0,0,0,0
1,2017-04-19,19:28:28,0,ZC705,XZCE,622.6,0.0,0.0,0,0.0,177302,177302,658.2,583.4,620.8,622.6,0.0,622.4,0,0,0,2017-04-20,70108000,0.0,0,0,0,0,0,0,0,0,0,0.0,0,0,0,0,0,0,0,0,0
2,2017-04-19,19:28:28,0,ZC705,XZCE,622.6,0.0,0.0,0,0.0,177302,177302,658.2,583.4,620.8,622.6,0.0,622.6,0,0,0,2017-04-20,70108000,0.0,0,0,0,0,0,0,0,0,0,0.0,0,0,0,0,0,0,0,0,0
3,2017-04-19,19:28:28,0,ZC705,XZCE,622.6,0.0,0.0,0,0.0,177302,177302,658.2,583.4,620.8,622.6,0.0,625.0,0,0,0,2017-04-20,70108000,0.0,0,0,0,0,0,0,0,0,0,0.0,0,0,0,0,0,0,0,0,0
4,2017-04-19,19:28:28,0,ZC705,XZCE,622.6,0.0,0.0,0,0.0,177302,177302,658.2,583.4,620.8,622.6,0.0,624.2,0,0,0,2017-04-20,70108000,0.0,0,0,0,0,0,0,0,0,0,0.0,0,0,0,0,0,0,0,0,0
5,2017-04-19,19:28:28,0,ZC705,XZCE,622.6,0.0,0.0,0,0.0,177302,177302,658.2,583.4,620.8,622.6,0.0,622.6,0,0,0,2017-04-20,70108000,0.0,0,0,0,0,0,0,0,0,0,0.0,0,0,0,0,0,0,0,0,0
6,2017-04-19,19:28:28,0,ZC705,XZCE,622.6,0.0,0.0,0,0.0,177302,177302,658.2,583.4,620.8,622.6,0.0,622.4,0,0,0,2017-04-20,70108000,0.0,0,0,0,0,0,0,0,0,0,0.0,0,0,0,0,0,0,0,0,0
7,2017-04-19,19:28:28,0,ZC705,XZCE,622.6,0.0,0.0,0,0.0,177302,177302,658.2,583.4,620.8,622.6,0.0,622.6,0,0,0,2017-04-20,70108000,0.0,0,0,0,0,0,0,0,0,0,0.0,0,0,0,0,0,0,0,0,0
8,2017-04-19,20:59:00,0,ZC705,XZCE,622.6,622.6,622.6,30,1867800.0,177298,177302,658.2,583.4,620.8,622.6,0.0,622.6,0,0,0,2017-04-20,75540000,622.4,2,0,0,0,0,0,0,0,0,623.0,11,0,0,0,0,0,0,0,0
9,2017-04-19,21:00:00,0,ZC705,XZCE,623.0,622.6,623.0,60,3736800.0,177272,177302,658.2,583.4,620.8,622.6,0.0,622.6,0,0,0,2017-04-20,75600000,623.0,5,0,0,0,0,0,0,0,0,623.4,20,0,0,0,0,0,0,0,0
10,2017-04-19,21:00:01,0,ZC705,XZCE,623.0,622.6,623.0,76,4733600.0,177256,177302,658.2,583.4,620.8,622.6,0.0,622.6,0,0,0,2017-04-20,75601000,622.4,2,0,0,0,0,0,0,0,0,623.0,20,0,0,0,0,0,0,0,0
11,2017-04-19,21:00:01,0,ZC705,XZCE,623.0,622.6,623.0,84,5232000.0,177252,177302,658.2,583.4,620.8,622.6,0.0,622.6,0,0,0,2017-04-20,75601000,622.4,2,0,0,0,0,0,0,0,0,623.0,19,0,0,0,0,0,0,0,0
12,2017-04-19,21:00:02,0,ZC705,XZCE,623.0,622.6,623.0,86,5356600.0,177252,177302,658.2,583.4,620.8,622.6,0.0,622.6,0,0,0,2017-04-20,75602000,622.4,2,0,0,0,0,0,0,0,0,623.0,18,0,0,0,0,0,0,0,0
13,2017-04-19,21:00:02,0,ZC705,XZCE,622.4,622.4,623.0,88,5481080.0,177252,177302,658.2,583.4,620.8,622.6,0.0,622.6,0,0,0,2017-04-20,75602000,622.4,4,0,0,0,0,0,0,0,0,622.6,3,0,0,0,0,0,0,0,0
14,2017-04-19,21:00:03,0,ZC705,XZCE,622.6,622.4,623.0,118,7348880.0,177230,177302,658.2,583.4,620.8,622.6,0.0,622.6,0,0,0,2017-04-20,75603000,622.2,3,0,0,0,0,0,0,0,0,623.0,7,0,0,0,0,0,0,0,0
15,2017-04-19,21:00:03,0,ZC705,XZCE,623.0,622.4,623.0,124,7722680.0,177226,177302,658.2,583.4,620.8,622.6,0.0,622.6,0,0,0,2017-04-20,75603000,622.2,3,0,0,0,0,0,0,0,0,623.0,4,0,0,0,0,0,0,0,0
16,2017-04-19,21:00:04,0,ZC705,XZCE,623.0,622.4,623.0,130,8096480.0,177222,177302,658.2,583.4,620.8,622.6,0.0,622.6,0,0,0,2017-04-20,75604000,622.2,3,0,0,0,0,0,0,0,0,623.0,1,0,0,0,0,0,0,0,0
17,2017-04-19,21:00:04,0,ZC705,XZCE,623.0,622.2,623.0,148,9217880.0,177206,177302,658.2,583.4,620.8,622.6,0.0,622.6,0,0,0,2017-04-20,75604000,622.0,14,0,0,0,0,0,0,0,0,623.0,5,0,0,0,0,0,0,0,0
18,2017-04-19,21:00:04,0,ZC705,XZCE,623.0,622.2,623.0,150,9342480.0,177206,177302,658.2,583.4,620.8,622.6,0.0,622.6,0,0,0,2017-04-20,75604000,622.0,14,0,0,0,0,0,0,0,0,623.0,4,0,0,0,0,0,0,0,0
19,2017-04-19,21:00:06,0,ZC705,XZCE,622.0,622.0,623.0,178,11084080.0,177200,177302,658.2,583.4,620.8,622.6,0.0,622.6,0,0,0,2017-04-20,75606000,621.8,2,0,0,0,0,0,0,0,0,622.0,2,0,0,0,0,0,0,0,0
20,2017-04-19,21:00:06,0,ZC705,XZCE,622.0,622.0,623.0,182,11332880.0,177196,177302,658.2,583.4,620.8,622.6,0.0,622.6,0,0,0,2017-04-20,75606000,622.2,1,0,0,0,0,0,0,0,0,623.0,4,0,0,0,0,0,0,0,0
21,2017-04-19,21:00:07,0,ZC705,XZCE,623.4,622.0,623.4,282,17566880.0,177246,177302,658.2,583.4,620.8,622.6,0.0,622.6,0,0,0,2017-04-20,75607000,622.2,3,0,0,0,0,0,0,0,0,623.2,2,0,0,0,0,0,0,0,0
22,2017-04-19,21:00:07,0,ZC705,XZCE,623.4,622.0,623.4,290,18065600.0,177246,177302,658.2,583.4,620.8,622.6,0.0,622.6,0,0,0,2017-04-20,75607000,623.4,47,0,0,0,0,0,0,0,0,623.6,10,0,0,0,0,0,0,0,0
23,2017-04-19,21:00:09,0,ZC705,XZCE,623.4,622.0,623.4,294,18314960.0,177246,177302,658.2,583.4,620.8,622.6,0.0,622.6,0,0,0,2017-04-20,75609000,623.4,45,0,0,0,0,0,0,0,0,623.6,10,0,0,0,0,0,0,0,0
24,2017-04-19,21:00:10,0,ZC705,XZCE,623.6,622.0,623.6,298,18564400.0,177246,177302,658.2,583.4,620.8,622.6,0.0,622.6,0,0,0,2017-04-20,75610000,623.4,45,0,0,0,0,0,0,0,0,623.6,8,0,0,0,0,0,0,0,0
25,2017-04-19,21:00:11,0,ZC705,XZCE,623.4,622.0,623.6,306,19063120.0,177244,177302,658.2,583.4,620.8,622.6,0.0,622.6,0,0,0,2017-04-20,75611000,623.4,44,0,0,0,0,0,0,0,0,623.6,5,0,0,0,0,0,0,0,0
26,2017-04-19,21:00:13,0,ZC705,XZCE,623.6,622.0,623.6,310,19312560.0,177244,177302,658.2,583.4,620.8,622.6,0.0,622.6,0,0,0,2017-04-20,75613000,623.4,44,0,0,0,0,0,0,0,0,623.6,3,0,0,0,0,0,0,0,0
27,2017-04-19,21:00:14,0,ZC705,XZCE,623.6,622.0,623.6,316,19686720.0,177244,177302,658.2,583.4,620.8,622.6,0.0,622.6,0,0,0,2017-04-20,75614000,623.6,2,0,0,0,0,0,0,0,0,623.8,2,0,0,0,0,0,0,0,0
28,2017-04-19,21:00:14,0,ZC705,XZCE,623.6,622.0,623.6,318,19811440.0,177244,177302,658.2,583.4,620.8,622.6,0.0,622.6,0,0,0,2017-04-20,75614000,623.6,4,0,0,0,0,0,0,0,0,623.8,2,0,0,0,0,0,0,0,0
29,2017-04-19,21:00:15,0,ZC705,XZCE,623.6,622.0,623.6,320,19936160.0,177242,177302,658.2,583.4,620.8,622.6,0.0,622.6,0,0,0,2017-04-20,75615000,623.6,3,0,0,0,0,0,0,0,0,623.8,2,0,0,0,0,0,0,0,0
30,2017-04-19,21:00:15,0,ZC705,XZCE,623.8,622.0,623.8,324,20185680.0,177240,177302,658.2,583.4,620.8,622.6,0.0,622.6,0,0,0,2017-04-20,75615000,623.8,1,0,0,0,0,0,0,0,0,624.0,11,0,0,0,0,0,0,0,0
31,2017-04-19,21:00:16,0,ZC705,XZCE,624.0,622.0,624.0,366,22806480.0,177210,177302,658.2,583.4,620.8,622.6,0.0,622.6,0,0,0,2017-04-20,75616000,623.4,38,0,0,0,0,0,0,0,0,624.2,100,0,0,0,0,0,0,0,0
32,2017-04-19,21:00:16,0,ZC705,XZCE,623.4,622.0,624.2,404,25175400.0,177172,177302,658.2,583.4,620.8,622.6,0.0,622.6,0,0,0,2017-04-20,75616000,623.4,37,0,0,0,0,0,0,0,0,624.2,82,0,0,0,0,0,0,0,0
33,2017-04-19,21:00:17,0,ZC705,XZCE,624.2,622.0,624.2,440,27422520.0,177138,177302,658.2,583.4,620.8,622.6,0.0,622.6,0,0,0,2017-04-20,75617000,623.4,36,0,0,0,0,0,0,0,0,624.2,65,0,0,0,0,0,0,0,0
34,2017-04-19,21:00:19,0,ZC705,XZCE,624.2,622.0,624.2,440,27422520.0,177138,177302,658.2,583.4,620.8,622.6,0.0,622.6,0,0,0,2017-04-20,75619000,623.6,5,0,0,0,0,0,0,0,0,624.2,65,0,0,0,0,0,0,0,0
35,2017-04-19,21:00:19,0,ZC705,XZCE,624.2,622.0,624.2,454,28296400.0,177124,177302,658.2,583.4,620.8,622.6,0.0,622.6,0,0,0,2017-04-20,75619000,623.6,5,0,0,0,0,0,0,0,0,624.0,2,0,0,0,0,0,0,0,0
36,2017-04-19,21:00:20,0,ZC705,XZCE,624.0,622.0,624.2,458,28546000.0,177120,177302,658.2,583.4,620.8,622.6,0.0,622.6,0,0,0,2017-04-20,75620000,623.6,5,0,0,0,0,0,0,0,0,624.2,60,0,0,0,0,0,0,0,0
37,2017-04-19,21:00:22,0,ZC705,XZCE,624.2,622.0,624.2,462,28795680.0,177116,177302,658.2,583.4,620.8,622.6,0.0,622.6,0,0,0,2017-04-20,75622000,623.6,5,0,0,0,0,0,0,0,0,624.2,58,0,0,0,0,0,0,0,0
38,2017-04-19,21:00:23,0,ZC705,XZCE,623.6,622.0,624.2,474,29544000.0,177116,177302,658.2,583.4,620.8,622.6,0.0,622.6,0,0,0,2017-04-20,75623000,623.4,36,0,0,0,0,0,0,0,0,623.6,4,0,0,0,0,0,0,0,0
39,2017-04-19,21:00:23,0,ZC705,XZCE,623.6,622.0,624.2,476,29668720.0,177118,177302,658.2,583.4,620.8,622.6,0.0,622.6,0,0,0,2017-04-20,75623000,623.4,36,0,0,0,0,0,0,0,0,623.6,3,0,0,0,0,0,0,0,0
40,2017-04-19,21:00:24,0,ZC705,XZCE,623.4,622.0,624.2,478,29793400.0,177116,177302,658.2,583.4,620.8,622.6,0.0,622.6,0,0,0,2017-04-20,75624000,623.4,35,0,0,0,0,0,0,0,0,623.6,3,0,0,0,0,0,0,0,0
41,2017-04-19,21:00:25,0,ZC705,XZCE,623.6,622.0,624.2,484,30167560.0,177116,177302,658.2,583.4,620.8,622.6,0.0,622.6,0,0,0,2017-04-20,75625000,623.4,35,0,0,0,0,0,0,0,0,624.0,1,0,0,0,0,0,0,0,0
42,2017-04-19,21:00:26,0,ZC705,XZCE,624.0,622.0,624.2,488,30417160.0,177114,177302,658.2,583.4,620.8,622.6,0.0,622.6,0,0,0,2017-04-20,75626000,623.4,34,0,0,0,0,0,0,0,0,624.2,60,0,0,0,0,0,0,0,0
43,2017-04-19,21:00:27,0,ZC705,XZCE,623.4,622.0,624.2,492,30666520.0,177110,177302,658.2,583.4,620.8,622.6,0.0,622.6,0,0,0,2017-04-20,75627000,623.4,32,0,0,0,0,0,0,0,0,624.2,60,0,0,0,0,0,0,0,0
44,2017-04-19,21:00:29,0,ZC705,XZCE,623.4,622.0,624.2,494,30791200.0,177108,177302,658.2,583.4,620.8,622.6,0.0,622.6,0,0,0,2017-04-20,75629000,623.4,31,0,0,0,0,0,0,0,0,624.0,1,0,0,0,0,0,0,0,0
45,2017-04-19,21:00:30,0,ZC705,XZCE,623.4,622.0,624.2,500,31165240.0,177102,177302,658.2,583.4,620.8,622.6,0.0,622.6,0,0,0,2017-04-20,75630000,623.4,29,0,0,0,0,0,0,0,0,624.0,1,0,0,0,0,0,0,0,0
46,2017-04-19,21:00:31,0,ZC705,XZCE,623.4,622.0,624.2,500,31165240.0,177102,177302,658.2,583.4,620.8,622.6,0.0,622.6,0,0,0,2017-04-20,75631000,623.4,29,0,0,0,0,0,0,0,0,624.0,2,0,0,0,0,0,0,0,0
47,2017-04-19,21:00:32,0,ZC705,XZCE,623.4,622.0,624.2,502,31289920.0,177100,177302,658.2,583.4,620.8,622.6,0.0,622.6,0,0,0,2017-04-20,75632000,623.4,28,0,0,0,0,0,0,0,0,624.0,4,0,0,0,0,0,0,0,0
48,2017-04-19,21:00:33,0,ZC705,XZCE,624.2,622.0,624.2,546,34036400.0,177060,177302,658.2,583.4,620.8,622.6,0.0,622.6,0,0,0,2017-04-20,75633000,623.4,28,0,0,0,0,0,0,0,0,624.0,38,0,0,0,0,0,0,0,0
49,2017-04-19,21:00:33,0,ZC705,XZCE,624.2,622.0,624.2,546,34036400.0,177060,177302,658.2,583.4,620.8,622.6,0.0,622.6,0,0,0,2017-04-20,75633000,623.4,28,0,0,0,0,0,0,0,0,624.0,39,0,0,0,0,0,0,0,0
50,2017-04-19,21:00:34,0,ZC705,XZCE,624.2,622.0,624.2,546,34036400.0,177060,177302,658.2,583.4,620.8,622.6,0.0,622.6,0,0,0,2017-04-20,75634000,623.4,33,0,0,0,0,0,0,0,0,624.0,49,0,0,0,0,0,0,0,0
51,2017-04-19,21:00:34,0,ZC705,XZCE,624.2,622.0,624.2,546,34036400.0,177060,177302,658.2,583.4,620.8,622.6,0.0,622.6,0,0,0,2017-04-20,75634000,623.4,33,0,0,0,0,0,0,0,0,624.0,50,0,0,0,0,0,0,0,0
52,2017-04-19,21:00:35,0,ZC705,XZCE,623.4,622.0,624.2,552,34410440.0,177054,177302,658.2,583.4,620.8,622.6,0.0,622.6,0,0,0,2017-04-20,75635000,623.4,30,0,0,0,0,0,0,0,0,624.0,50,0,0,0,0,0,0,0,0
53,2017-04-19,21:00:36,0,ZC705,XZCE,624.0,622.0,624.2,554,34535240.0,177054,177302,658.2,583.4,620.8,622.6,0.0,622.6,0,0,0,2017-04-20,75636000,623.4,30,0,0,0,0,0,0,0,0,624.0,49,0,0,0,0,0,0,0,0
54,2017-04-19,21:00:38,0,ZC705,XZCE,624.0,622.0,624.2,560,34909640.0,177052,177302,658.2,583.4,620.8,622.6,0.0,622.6,0,0,0,2017-04-20,75638000,623.4,28,0,0,0,0,0,0,0,0,624.0,49,0,0,0,0,0,0,0,0
55,2017-04-19,21:00:38,0,ZC705,XZCE,624.0,622.0,624.2,560,34909640.0,177052,177302,658.2,583.4,620.8,622.6,0.0,622.6,0,0,0,2017-04-20,75638000,623.4,28,0,0,0,0,0,0,0,0,624.0,51,0,0,0,0,0,0,0,0
56,2017-04-19,21:00:39,0,ZC705,XZCE,624.0,622.0,624.2,560,34909640.0,177052,177302,658.2,583.4,620.8,622.6,0.0,622.6,0,0,0,2017-04-20,75639000,623.6,10,0,0,0,0,0,0,0,0,624.0,51,0,0,0,0,0,0,0,0
57,2017-04-19,21:00:39,0,ZC705,XZCE,624.0,622.0,624.2,560,34909640.0,177052,177302,658.2,583.4,620.8,622.6,0.0,622.6,0,0,0,2017-04-20,75639000,623.6,10,0,0,0,0,0,0,0,0,624.0,56,0,0,0,0,0,0,0,0
58,2017-04-19,21:00:40,0,ZC705,XZCE,624.0,622.0,624.2,562,35034440.0,177050,177302,658.2,583.4,620.8,622.6,0.0,622.6,0,0,0,2017-04-20,75640000,623.6,10,0,0,0,0,0,0,0,0,624.0,55,0,0,0,0,0,0,0,0
59,2017-04-19,21:00:41,0,ZC705,XZCE,624.0,622.0,624.2,572,35658440.0,177040,177302,658.2,583.4,620.8,622.6,0.0,622.6,0,0,0,2017-04-20,75641000,623.6,10,0,0,0,0,0,0,0,0,624.0,50,0,0,0,0,0,0,0,0
60,2017-04-19,21:00:41,0,ZC705,XZCE,624.2,622.0,624.2,710,44272400.0,176942,177302,658.2,583.4,620.8,622.6,0.0,622.6,0,0,0,2017-04-20,75641000,623.6,10,0,0,0,0,0,0,0,0,624.2,29,0,0,0,0,0,0,0,0
61,2017-04-19,21:00:42,0,ZC705,XZCE,624.0,622.0,624.2,712,44397200.0,176942,177302,658.2,583.4,620.8,622.6,0.0,622.6,0,0,0,2017-04-20,75642000,624.0,40,0,0,0,0,0,0,0,0,624.2,29,0,0,0,0,0,0,0,0
62,2017-04-19,21:00:42,0,ZC705,XZCE,624.2,622.0,624.2,734,45770440.0,176920,177302,658.2,583.4,620.8,622.6,0.0,622.6,0,0,0,2017-04-20,75642000,624.0,40,0,0,0,0,0,0,0,0,624.2,18,0,0,0,0,0,0,0,0
63,2017-04-19,21:00:43,0,ZC705,XZCE,624.0,622.0,624.2,736,45895240.0,176918,177302,658.2,583.4,620.8,622.6,0.0,622.6,0,0,0,2017-04-20,75643000,624.0,39,0,0,0,0,0,0,0,0,624.2,18,0,0,0,0,0,0,0,0
64,2017-04-19,21:00:43,0,ZC705,XZCE,624.2,622.0,624.2,738,46020080.0,176916,177302,658.2,583.4,620.8,622.6,0.0,622.6,0,0,0,2017-04-20,75643000,624.0,39,0,0,0,0,0,0,0,0,624.2,17,0,0,0,0,0,0,0,0
65,2017-04-19,21:00:44,0,ZC705,XZCE,624.0,622.0,624.2,742,46269680.0,176912,177302,658.2,583.4,620.8,622.6,0.0,622.6,0,0,0,2017-04-20,75644000,624.0,37,0,0,0,0,0,0,0,0,624.2,17,0,0,0,0,0,0,0,0
66,2017-04-19,21:00:45,0,ZC705,XZCE,624.0,622.0,624.2,744,46394480.0,176912,177302,658.2,583.4,620.8,622.6,0.0,622.6,0,0,0,2017-04-20,75645000,624.0,36,0,0,0,0,0,0,0,0,624.2,17,0,0,0,0,0,0,0,0
67,2017-04-19,21:00:46,0,ZC705,XZCE,624.2,622.0,624.2,764,47642880.0,176894,177302,658.2,583.4,620.8,622.6,0.0,622.6,0,0,0,2017-04-20,75646000,624.0,35,0,0,0,0,0,0,0,0,624.2,8,0,0,0,0,0,0,0,0
68,2017-04-19,21:00:46,0,ZC705,XZCE,624.2,622.0,624.2,764,47642880.0,176894,177302,658.2,583.4,620.8,622.6,0.0,622.6,0,0,0,2017-04-20,75646000,624.0,35,0,0,0,0,0,0,0,0,624.2,12,0,0,0,0,0,0,0,0
69,2017-04-19,21:00:46,0,ZC705,XZCE,624.2,622.0,624.2,764,47642880.0,176894,177302,658.2,583.4,620.8,622.6,0.0,622.6,0,0,0,2017-04-20,75646000,624.0,35,0,0,0,0,0,0,0,0,624.2,8,0,0,0,0,0,0,0,0
70,2017-04-19,21:00:47,0,ZC705,XZCE,624.0,622.0,624.2,766,47767680.0,176894,177302,658.2,583.4,620.8,622.6,0.0,622.6,0,0,0,2017-04-20,75647000,624.0,34,0,0,0,0,0,0,0,0,624.2,13,0,0,0,0,0,0,0,0
71,2017-04-19,21:00:48,0,ZC705,XZCE,624.2,622.0,624.2,768,47892520.0,176894,177302,658.2,583.4,620.8,622.6,0.0,622.6,0,0,0,2017-04-20,75648000,624.0,34,0,0,0,0,0,0,0,0,624.2,8,0,0,0,0,0,0,0,0
72,2017-04-19,21:00:48,0,ZC705,XZCE,624.0,622.0,624.2,770,48017320.0,176894,177302,658.2,583.4,620.8,622.6,0.0,622.6,0,0,0,2017-04-20,75648000,624.0,33,0,0,0,0,0,0,0,0,624.2,17,0,0,0,0,0,0,0,0
73,2017-04-19,21:00:49,0,ZC705,XZCE,624.2,622.0,624.2,796,49640240.0,176878,177302,658.2,583.4,620.8,622.6,0.0,622.6,0,0,0,2017-04-20,75649000,624.0,26,0,0,0,0,0,0,0,0,624.2,11,0,0,0,0,0,0,0,0
74,2017-04-19,21:00:49,0,ZC705,XZCE,624.0,622.0,624.2,798,49765040.0,176878,177302,658.2,583.4,620.8,622.6,0.0,622.6,0,0,0,2017-04-20,75649000,624.0,26,0,0,0,0,0,0,0,0,624.2,14,0,0,0,0,0,0,0,0
75,2017-04-19,21:00:49,0,ZC705,XZCE,624.0,622.0,624.2,802,50014640.0,176874,177302,658.2,583.4,620.8,622.6,0.0,622.6,0,0,0,2017-04-20,75649000,624.0,24,0,0,0,0,0,0,0,0,624.2,14,0,0,0,0,0,0,0,0
76,2017-04-19,21:00:51,0,ZC705,XZCE,624.0,622.0,624.2,806,50264240.0,176874,177302,658.2,583.4,620.8,622.6,0.0,622.6,0,0,0,2017-04-20,75651000,624.0,22,0,0,0,0,0,0,0,0,624.2,14,0,0,0,0,0,0,0,0
77,2017-04-19,21:00:51,0,ZC705,XZCE,624.2,622.0,624.2,824,51387800.0,176870,177302,658.2,583.4,620.8,622.6,0.0,622.6,0,0,0,2017-04-20,75651000,624.0,22,0,0,0,0,0,0,0,0,624.2,3,0,0,0,0,0,0,0,0
78,2017-04-19,21:00:51,0,ZC705,XZCE,624.2,622.0,624.2,830,51762320.0,176870,177302,658.2,583.4,620.8,622.6,0.0,622.6,0,0,0,2017-04-20,75651000,624.0,22,0,0,0,0,0,0,0,0,624.4,2,0,0,0,0,0,0,0,0
79,2017-04-19,21:00:52,0,ZC705,XZCE,624.2,622.0,624.2,830,51762320.0,176870,177302,658.2,583.4,620.8,622.6,0.0,622.6,0,0,0,2017-04-20,75652000,624.0,22,0,0,0,0,0,0,0,0,624.2,1,0,0,0,0,0,0,0,0
80,2017-04-19,21:00:53,0,ZC705,XZCE,624.4,622.0,624.4,836,52136960.0,176874,177302,658.2,583.4,620.8,622.6,0.0,622.6,0,0,0,2017-04-20,75653000,624.2,1,0,0,0,0,0,0,0,0,624.6,19,0,0,0,0,0,0,0,0
81,2017-04-19,21:00:53,0,ZC705,XZCE,624.2,622.0,624.4,840,52386640.0,176874,177302,658.2,583.4,620.8,622.6,0.0,622.6,0,0,0,2017-04-20,75653000,624.2,4,0,0,0,0,0,0,0,0,624.6,19,0,0,0,0,0,0,0,0
82,2017-04-19,21:00:54,0,ZC705,XZCE,624.2,622.0,624.6,848,52886000.0,176870,177302,658.2,583.4,620.8,622.6,0.0,622.6,0,0,0,2017-04-20,75654000,624.2,1,0,0,0,0,0,0,0,0,624.6,18,0,0,0,0,0,0,0,0
83,2017-04-19,21:00:54,0,ZC705,XZCE,624.0,622.0,624.6,854,53260400.0,176868,177302,658.2,583.4,620.8,622.6,0.0,622.6,0,0,0,2017-04-20,75654000,624.0,20,0,0,0,0,0,0,0,0,624.2,1,0,0,0,0,0,0,0,0
84,2017-04-19,21:00:55,0,ZC705,XZCE,624.0,622.0,624.6,854,53260400.0,176868,177302,658.2,583.4,620.8,622.6,0.0,622.6,0,0,0,2017-04-20,75655000,624.0,20,0,0,0,0,0,0,0,0,624.2,4,0,0,0,0,0,0,0,0
85,2017-04-19,21:00:55,0,ZC705,XZCE,624.6,622.0,624.6,864,53885000.0,176862,177302,658.2,583.4,620.8,622.6,0.0,622.6,0,0,0,2017-04-20,75655000,624.0,20,0,0,0,0,0,0,0,0,624.6,15,0,0,0,0,0,0,0,0
86,2017-04-19,21:00:56,0,ZC705,XZCE,624.6,622.0,624.6,864,53885000.0,176862,177302,658.2,583.4,620.8,622.6,0.0,622.6,0,0,0,2017-04-20,75656000,624.0,20,0,0,0,0,0,0,0,0,624.4,5,0,0,0,0,0,0,0,0
87,2017-04-19,21:00:56,0,ZC705,XZCE,624.4,622.0,624.6,866,54009880.0,176860,177302,658.2,583.4,620.8,622.6,0.0,622.6,0,0,0,2017-04-20,75656000,624.0,20,0,0,0,0,0,0,0,0,624.4,4,0,0,0,0,0,0,0,0
88,2017-04-19,21:00:56,0,ZC705,XZCE,624.4,622.0,624.6,872,54384520.0,176854,177302,658.2,583.4,620.8,622.6,0.0,622.6,0,0,0,2017-04-20,75656000,624.0,19,0,0,0,0,0,0,0,0,624.4,2,0,0,0,0,0,0,0,0
89,2017-04-19,21:00:57,0,ZC705,XZCE,624.4,622.0,624.6,872,54384520.0,176854,177302,658.2,583.4,620.8,622.6,0.0,622.6,0,0,0,2017-04-20,75657000,624.0,19,0,0,0,0,0,0,0,0,624.2,1,0,0,0,0,0,0,0,0
90,2017-04-19,21:00:59,0,ZC705,XZCE,624.2,622.0,624.6,878,54759040.0,176850,177302,658.2,583.4,620.8,622.6,0.0,622.6,0,0,0,2017-04-20,75659000,624.2,2,0,0,0,0,0,0,0,0,624.4,2,0,0,0,0,0,0,0,0
91,2017-04-19,21:00:59,0,ZC705,XZCE,624.4,622.0,624.6,882,55008800.0,176848,177302,658.2,583.4,620.8,622.6,0.0,622.6,0,0,0,2017-04-20,75659000,624.4,1,0,0,0,0,0,0,0,0,624.6,16,0,0,0,0,0,0,0,0
92,2017-04-19,21:00:59,0,ZC705,XZCE,624.4,622.0,624.6,888,55383440.0,176842,177302,658.2,583.4,620.8,622.6,0.0,622.6,0,0,0,2017-04-20,75659000,624.2,2,0,0,0,0,0,0,0,0,624.4,14,0,0,0,0,0,0,0,0
93,2017-04-19,21:01:00,0,ZC705,XZCE,624.4,622.0,624.6,896,55882960.0,176834,177302,658.2,583.4,620.8,622.6,0.0,622.6,0,0,0,2017-04-20,75660000,624.2,4,0,0,0,0,0,0,0,0,624.4,12,0,0,0,0,0,0,0,0
94,2017-04-19,21:01:01,0,ZC705,XZCE,624.4,622.0,624.6,918,57256640.0,176812,177302,658.2,583.4,620.8,622.6,0.0,622.6,0,0,0,2017-04-20,75661000,624.0,19,0,0,0,0,0,0,0,0,624.4,1,0,0,0,0,0,0,0,0
95,2017-04-19,21:01:01,0,ZC705,XZCE,624.4,622.0,624.6,918,57256640.0,176812,177302,658.2,583.4,620.8,622.6,0.0,622.6,0,0,0,2017-04-20,75661000,624.0,19,0,0,0,0,0,0,0,0,624.4,6,0,0,0,0,0,0,0,0
96,2017-04-19,21:01:02,0,ZC705,XZCE,624.4,622.0,624.6,928,57881040.0,176810,177302,658.2,583.4,620.8,622.6,0.0,622.6,0,0,0,2017-04-20,75662000,624.0,19,0,0,0,0,0,0,0,0,624.4,2,0,0,0,0,0,0,0,0
97,2017-04-19,21:01:02,0,ZC705,XZCE,624.4,622.0,624.6,990,61752320.0,176770,177302,658.2,583.4,620.8,622.6,0.0,622.6,0,0,0,2017-04-20,75662000,624.0,19,0,0,0,0,0,0,0,0,624.6,2,0,0,0,0,0,0,0,0
98,2017-04-19,21:01:03,0,ZC705,XZCE,624.2,622.0,624.6,998,62251680.0,176770,177302,658.2,583.4,620.8,622.6,0.0,622.6,0,0,0,2017-04-20,75663000,624.0,19,0,0,0,0,0,0,0,0,624.8,274,0,0,0,0,0,0,0,0
99,2017-04-19,21:01:03,0,ZC705,XZCE,624.8,622.0,624.8,1002,62501600.0,176770,177302,658.2,583.4,620.8,622.6,0.0,622.6,0,0,0,2017-04-20,75663000,624.0,19,0,0,0,0,0,0,0,0,624.8,272,0,0,0,0,0,0,0,0
100,2017-04-19,21:01:04,0,ZC705,XZCE,624.8,622.0,624.8,1020,63626240.0,176752,177302,658.2,583.4,620.8,622.6,0.0,622.6,0,0,0,2017-04-20,75664000,624.2,6,0,0,0,0,0,0,0,0,624.6,14,0,0,0,0,0,0,0,0
101,2017-04-19,21:01:04,0,ZC705,XZCE,624.6,622.0,624.8,1034,64500680.0,176738,177302,658.2,583.4,620.8,622.6,0.0,622.6,0,0,0,2017-04-20,75664000,624.0,19,0,0,0,0,0,0,0,0,624.6,7,0,0,0,0,0,0,0,0
102,2017-04-19,21:01:05,0,ZC705,XZCE,624.6,622.0,624.8,1044,65125280.0,176728,177302,658.2,583.4,620.8,622.6,0.0,622.6,0,0,0,2017-04-20,75665000,624.4,1,0,0,0,0,0,0,0,0,624.6,2,0,0,0,0,0,0,0,0
103,2017-04-19,21:01:05,0,ZC705,XZCE,624.6,622.0,624.8,1048,65375120.0,176724,177302,658.2,583.4,620.8,622.6,0.0,622.6,0,0,0,2017-04-20,75665000,624.4,1,0,0,0,0,0,0,0,0,624.8,272,0,0,0,0,0,0,0,0
104,2017-04-19,21:01:06,0,ZC705,XZCE,624.8,622.0,624.8,1066,66499760.0,176710,177302,658.2,583.4,620.8,622.6,0.0,622.6,0,0,0,2017-04-20,75666000,624.6,50,0,0,0,0,0,0,0,0,624.8,263,0,0,0,0,0,0,0,0
105,2017-04-19,21:01:06,0,ZC705,XZCE,624.8,622.0,624.8,1072,66874640.0,176704,177302,658.2,583.4,620.8,622.6,0.0,622.6,0,0,0,2017-04-20,75666000,624.6,50,0,0,0,0,0,0,0,0,624.8,260,0,0,0,0,0,0,0,0
106,2017-04-19,21:01:07,0,ZC705,XZCE,624.8,622.0,624.8,1098,68499120.0,176680,177302,658.2,583.4,620.8,622.6,0.0,622.6,0,0,0,2017-04-20,75667000,624.6,51,0,0,0,0,0,0,0,0,624.8,247,0,0,0,0,0,0,0,0
107,2017-04-19,21:01:07,0,ZC705,XZCE,624.6,622.0,624.8,1100,68624040.0,176682,177302,658.2,583.4,620.8,622.6,0.0,622.6,0,0,0,2017-04-20,75667000,624.6,50,0,0,0,0,0,0,0,0,624.8,247,0,0,0,0,0,0,0,0
108,2017-04-19,21:01:08,0,ZC705,XZCE,624.8,622.0,624.8,1110,69248840.0,176672,177302,658.2,583.4,620.8,622.6,0.0,622.6,0,0,0,2017-04-20,75668000,624.6,50,0,0,0,0,0,0,0,0,624.8,243,0,0,0,0,0,0,0,0
109,2017-04-19,21:01:08,0,ZC705,XZCE,624.8,622.0,624.8,1128,70373480.0,176658,177302,658.2,583.4,620.8,622.6,0.0,622.6,0,0,0,2017-04-20,75668000,624.6,49,0,0,0,0,0,0,0,0,624.8,235,0,0,0,0,0,0,0,0
110,2017-04-19,21:01:09,0,ZC705,XZCE,624.6,622.0,624.8,1132,70623320.0,176656,177302,658.2,583.4,620.8,622.6,0.0,622.6,0,0,0,2017-04-20,75669000,624.6,48,0,0,0,0,0,0,0,0,624.8,234,0,0,0,0,0,0,0,0
111,2017-04-19,21:01:09,0,ZC705,XZCE,624.6,622.0,624.8,1138,70998080.0,176662,177302,658.2,583.4,620.8,622.6,0.0,622.6,0,0,0,2017-04-20,75669000,624.6,45,0,0,0,0,0,0,0,0,624.8,234,0,0,0,0,0,0,0,0
112,2017-04-19,21:01:10,0,ZC705,XZCE,624.8,622.0,624.8,1152,71872800.0,176648,177302,658.2,583.4,620.8,622.6,0.0,622.6,0,0,0,2017-04-20,75670000,624.6,45,0,0,0,0,0,0,0,0,624.8,227,0,0,0,0,0,0,0,0
113,2017-04-19,21:01:10,0,ZC705,XZCE,624.6,622.0,624.8,1156,72122640.0,176650,177302,658.2,583.4,620.8,622.6,0.0,622.6,0,0,0,2017-04-20,75670000,624.6,43,0,0,0,0,0,0,0,0,624.8,227,0,0,0,0,0,0,0,0
114,2017-04-19,21:01:11,0,ZC705,XZCE,624.8,622.0,624.8,1160,72372560.0,176646,177302,658.2,583.4,620.8,622.6,0.0,622.6,0,0,0,2017-04-20,75671000,624.6,43,0,0,0,0,0,0,0,0,624.8,225,0,0,0,0,0,0,0,0
115,2017-04-19,21:01:11,0,ZC705,XZCE,624.8,622.0,624.8,1180,73622160.0,176638,177302,658.2,583.4,620.8,622.6,0.0,622.6,0,0,0,2017-04-20,75671000,624.6,39,0,0,0,0,0,0,0,0,624.8,219,0,0,0,0,0,0,0,0
116,2017-04-19,21:01:12,0,ZC705,XZCE,624.6,622.0,624.8,1182,73747080.0,176640,177302,658.2,583.4,620.8,622.6,0.0,622.6,0,0,0,2017-04-20,75672000,624.6,38,0,0,0,0,0,0,0,0,624.8,219,0,0,0,0,0,0,0,0
117,2017-04-19,21:01:12,0,ZC705,XZCE,624.6,622.0,624.8,1188,74121840.0,176644,177302,658.2,583.4,620.8,622.6,0.0,622.6,0,0,0,2017-04-20,75672000,624.6,35,0,0,0,0,0,0,0,0,624.8,199,0,0,0,0,0,0,0,0
118,2017-04-19,21:01:13,0,ZC705,XZCE,624.6,622.0,624.8,1206,75246120.0,176630,177302,658.2,583.4,620.8,622.6,0.0,622.6,0,0,0,2017-04-20,75673000,624.6,33,0,0,0,0,0,0,0,0,624.8,192,0,0,0,0,0,0,0,0
119,2017-04-19,21:01:13,0,ZC705,XZCE,624.8,622.0,624.8,1222,76245800.0,176630,177302,658.2,583.4,620.8,622.6,0.0,622.6,0,0,0,2017-04-20,75673000,624.6,27,0,0,0,0,0,0,0,0,624.8,190,0,0,0,0,0,0,0,0
120,2017-04-19,21:01:14,0,ZC705,XZCE,624.8,622.0,624.8,1322,82493800.0,176604,177302,658.2,583.4,620.8,622.6,0.0,622.6,0,0,0,2017-04-20,75674000,624.4,1,0,0,0,0,0,0,0,0,624.8,167,0,0,0,0,0,0,0,0
121,2017-04-19,21:01:15,0,ZC705,XZCE,624.6,622.0,624.8,1328,82868560.0,176600,177302,658.2,583.4,620.8,622.6,0.0,622.6,0,0,0,2017-04-20,75675000,624.2,2,0,0,0,0,0,0,0,0,624.8,167,0,0,0,0,0,0,0,0
122,2017-04-19,21:01:15,0,ZC705,XZCE,624.2,622.0,624.8,1338,83492760.0,176596,177302,658.2,583.4,620.8,622.6,0.0,622.6,0,0,0,2017-04-20,75675000,624.0,19,0,0,0,0,0,0,0,0,624.8,164,0,0,0,0,0,0,0,0
123,2017-04-19,21:01:16,0,ZC705,XZCE,624.8,622.0,624.8,1348,84117560.0,176586,177302,658.2,583.4,620.8,622.6,0.0,622.6,0,0,0,2017-04-20,75676000,624.0,19,0,0,0,0,0,0,0,0,624.8,159,0,0,0,0,0,0,0,0
124,2017-04-19,21:01:16,0,ZC705,XZCE,624.8,622.0,624.8,1360,84867320.0,176576,177302,658.2,583.4,620.8,622.6,0.0,622.6,0,0,0,2017-04-20,75676000,624.0,18,0,0,0,0,0,0,0,0,624.8,154,0,0,0,0,0,0,0,0
125,2017-04-19,21:01:17,0,ZC705,XZCE,624.8,622.0,624.8,1372,85617080.0,176568,177302,658.2,583.4,620.8,622.6,0.0,622.6,0,0,0,2017-04-20,75677000,624.0,15,0,0,0,0,0,0,0,0,624.8,151,0,0,0,0,0,0,0,0
126,2017-04-19,21:01:18,0,ZC705,XZCE,624.0,622.0,624.8,1376,85866680.0,176568,177302,658.2,583.4,620.8,622.6,0.0,622.6,0,0,0,2017-04-20,75678000,624.0,13,0,0,0,0,0,0,0,0,624.8,151,0,0,0,0,0,0,0,0
127,2017-04-19,21:01:19,0,ZC705,XZCE,624.0,622.0,624.8,1380,86116280.0,176564,177302,658.2,583.4,620.8,622.6,0.0,622.6,0,0,0,2017-04-20,75679000,624.0,11,0,0,0,0,0,0,0,0,624.8,151,0,0,0,0,0,0,0,0
128,2017-04-19,21:01:19,0,ZC705,XZCE,624.8,622.0,624.8,1386,86491160.0,176560,177302,658.2,583.4,620.8,622.6,0.0,622.6,0,0,0,2017-04-20,75679000,624.0,11,0,0,0,0,0,0,0,0,624.8,149,0,0,0,0,0,0,0,0
129,2017-04-19,21:01:20,0,ZC705,XZCE,624.8,622.0,624.8,1386,86491160.0,176560,177302,658.2,583.4,620.8,622.6,0.0,622.6,0,0,0,2017-04-20,75680000,624.0,11,0,0,0,0,0,0,0,0,624.8,159,0,0,0,0,0,0,0,0
130,2017-04-19,21:01:20,0,ZC705,XZCE,624.8,622.0,624.8,1392,86866040.0,176554,177302,658.2,583.4,620.8,622.6,0.0,622.6,0,0,0,2017-04-20,75680000,624.0,11,0,0,0,0,0,0,0,0,624.8,158,0,0,0,0,0,0,0,0
131,2017-04-19,21:01:21,0,ZC705,XZCE,624.0,622.0,624.8,1394,86990840.0,176554,177302,658.2,583.4,620.8,622.6,0.0,622.6,0,0,0,2017-04-20,75681000,624.0,10,0,0,0,0,0,0,0,0,624.6,1,0,0,0,0,0,0,0,0
132,2017-04-19,21:01:21,0,ZC705,XZCE,624.0,622.0,624.8,1394,86990840.0,176554,177302,658.2,583.4,620.8,622.6,0.0,622.6,0,0,0,2017-04-20,75681000,624.0,10,0,0,0,0,0,0,0,0,624.6,8,0,0,0,0,0,0,0,0
133,2017-04-19,21:01:22,0,ZC705,XZCE,624.0,622.0,624.8,1398,87240440.0,176554,177302,658.2,583.4,620.8,622.6,0.0,622.6,0,0,0,2017-04-20,75682000,624.0,9,0,0,0,0,0,0,0,0,624.6,14,0,0,0,0,0,0,0,0
134,2017-04-19,21:01:22,0,ZC705,XZCE,624.6,622.0,624.8,1400,87365360.0,176554,177302,658.2,583.4,620.8,622.6,0.0,622.6,0,0,0,2017-04-20,75682000,624.0,9,0,0,0,0,0,0,0,0,624.6,23,0,0,0,0,0,0,0,0
135,2017-04-19,21:01:23,0,ZC705,XZCE,624.6,622.0,624.8,1514,94485800.0,176458,177302,658.2,583.4,620.8,622.6,0.0,622.6,0,0,0,2017-04-20,75683000,623.8,1,0,0,0,0,0,0,0,0,624.0,1,0,0,0,0,0,0,0,0
136,2017-04-19,21:01:23,0,ZC705,XZCE,623.8,622.0,624.8,1516,94610559.99,176456,177302,658.2,583.4,620.8,622.6,0.0,622.6,0,0,0,2017-04-20,75683000,623.6,1,0,0,0,0,0,0,0,0,623.8,1,0,0,0,0,0,0,0,0
137,2017-04-19,21:01:24,0,ZC705,XZCE,623.8,622.0,624.8,1516,94610559.99,176456,177302,658.2,583.4,620.8,622.6,0.0,622.6,0,0,0,2017-04-20,75684000,623.6,5,0,0,0,0,0,0,0,0,623.8,1,0,0,0,0,0,0,0,0
138,2017-04-19,21:01:24,0,ZC705,XZCE,623.6,622.0,624.8,1518,94735279.99,176456,177302,658.2,583.4,620.8,622.6,0.0,622.6,0,0,0,2017-04-20,75684000,623.6,4,0,0,0,0,0,0,0,0,623.8,2,0,0,0,0,0,0,0,0
139,2017-04-19,21:01:25,0,ZC705,XZCE,623.6,622.0,624.8,1518,94735279.99,176456,177302,658.2,583.4,620.8,622.6,0.0,622.6,0,0,0,2017-04-20,75685000,623.6,15,0,0,0,0,0,0,0,0,623.8,2,0,0,0,0,0,0,0,0
140,2017-04-19,21:01:25,0,ZC705,XZCE,623.6,622.0,624.8,1524,95109439.99,176452,177302,658.2,583.4,620.8,622.6,0.0,622.6,0,0,0,2017-04-20,75685000,623.6,14,0,0,0,0,0,0,0,0,624.0,1,0,0,0,0,0,0,0,0
141,2017-04-19,21:01:26,0,ZC705,XZCE,624.0,622.0,624.8,1526,95234239.99,176454,177302,658.2,583.4,620.8,622.6,0.0,622.6,0,0,0,2017-04-20,75686000,623.4,29,0,0,0,0,0,0,0,0,624.6,10,0,0,0,0,0,0,0,0
142,2017-04-19,21:01:26,0,ZC705,XZCE,623.8,622.0,624.8,1530,95483759.99,176454,177302,658.2,583.4,620.8,622.6,0.0,622.6,0,0,0,2017-04-20,75686000,623.6,14,0,0,0,0,0,0,0,0,623.8,55,0,0,0,0,0,0,0,0
143,2017-04-19,21:01:27,0,ZC705,XZCE,623.8,622.0,624.8,1536,95858039.99,176448,177302,658.2,583.4,620.8,622.6,0.0,622.6,0,0,0,2017-04-20,75687000,623.6,15,0,0,0,0,0,0,0,0,623.8,52,0,0,0,0,0,0,0,0
144,2017-04-19,21:01:27,0,ZC705,XZCE,623.6,622.0,624.8,1538,95982759.99,176446,177302,658.2,583.4,620.8,622.6,0.0,622.6,0,0,0,2017-04-20,75687000,623.6,14,0,0,0,0,0,0,0,0,623.8,52,0,0,0,0,0,0,0,0
145,2017-04-19,21:01:28,0,ZC705,XZCE,623.6,622.0,624.8,1566,97728839.99,176418,177302,658.2,583.4,620.8,622.6,0.0,622.6,0,0,0,2017-04-20,75688000,623.4,28,0,0,0,0,0,0,0,0,623.8,52,0,0,0,0,0,0,0,0
146,2017-04-19,21:01:29,0,ZC705,XZCE,623.6,622.0,624.8,1566,97728839.99,176418,177302,658.2,583.4,620.8,622.6,0.0,622.6,0,0,0,2017-04-20,75689000,623.4,28,0,0,0,0,0,0,0,0,623.8,53,0,0,0,0,0,0,0,0
147,2017-04-19,21:01:29,0,ZC705,XZCE,623.4,622.0,624.8,1570,97978199.99,176418,177302,658.2,583.4,620.8,622.6,0.0,622.6,0,0,0,2017-04-20,75689000,623.4,26,0,0,0,0,0,0,0,0,623.8,53,0,0,0,0,0,0,0,0
148,2017-04-19,21:01:30,0,ZC705,XZCE,623.4,622.0,624.8,1572,98102879.99,176418,177302,658.2,583.4,620.8,622.6,0.0,622.6,0,0,0,2017-04-20,75690000,623.4,25,0,0,0,0,0,0,0,0,623.8,53,0,0,0,0,0,0,0,0
149,2017-04-19,21:01:30,0,ZC705,XZCE,623.6,622.0,624.8,1574,98227599.99,176418,177302,658.2,583.4,620.8,622.6,0.0,622.6,0,0,0,2017-04-20,75690000,623.4,25,0,0,0,0,0,0,0,0,623.6,1,0,0,0,0,0,0,0,0
150,2017-04-19,21:01:33,0,ZC705,XZCE,623.6,622.0,624.8,1586,98975919.99,176406,177302,658.2,583.4,620.8,622.6,0.0,622.6,0,0,0,2017-04-20,75693000,623.6,4,0,0,0,0,0,0,0,0,623.8,53,0,0,0,0,0,0,0,0
151,2017-04-19,21:01:34,0,ZC705,XZCE,623.4,622.0,624.8,1606,100222719.99,176406,177302,658.2,583.4,620.8,622.6,0.0,622.6,0,0,0,2017-04-20,75694000,623.6,5,0,0,0,0,0,0,0,0,624.2,3,0,0,0,0,0,0,0,0
152,2017-04-19,21:01:34,0,ZC705,XZCE,624.4,622.0,624.8,1700,106092079.99,176356,177302,658.2,583.4,620.8,622.6,0.0,622.6,0,0,0,2017-04-20,75694000,624.4,90,0,0,0,0,0,0,0,0,624.6,19,0,0,0,0,0,0,0,0
153,2017-04-19,21:01:35,0,ZC705,XZCE,624.4,622.0,624.8,1710,106716479.99,176348,177302,658.2,583.4,620.8,622.6,0.0,622.6,0,0,0,2017-04-20,75695000,624.4,85,0,0,0,0,0,0,0,0,624.6,19,0,0,0,0,0,0,0,0
154,2017-04-19,21:01:35,0,ZC705,XZCE,624.4,622.0,624.8,1782,111212159.99,176300,177302,658.2,583.4,620.8,622.6,0.0,622.6,0,0,0,2017-04-20,75695000,624.4,85,0,0,0,0,0,0,0,0,624.8,160,0,0,0,0,0,0,0,0
155,2017-04-19,21:01:35,0,ZC705,XZCE,624.8,622.0,624.8,1784,111337119.99,176298,177302,658.2,583.4,620.8,622.6,0.0,622.6,0,0,0,2017-04-20,75695000,624.4,85,0,0,0,0,0,0,0,0,624.8,159,0,0,0,0,0,0,0,0
156,2017-04-19,21:01:36,0,ZC705,XZCE,624.8,622.0,624.8,1792,111836959.99,176292,177302,658.2,583.4,620.8,622.6,0.0,622.6,0,0,0,2017-04-20,75696000,624.4,81,0,0,0,0,0,0,0,0,624.8,156,0,0,0,0,0,0,0,0
157,2017-04-19,21:01:37,0,ZC705,XZCE,624.4,622.0,624.8,1884,117581439.99,176200,177302,658.2,583.4,620.8,622.6,0.0,622.6,0,0,0,2017-04-20,75697000,624.4,35,0,0,0,0,0,0,0,0,624.8,156,0,0,0,0,0,0,0,0
158,2017-04-19,21:01:38,0,ZC705,XZCE,624.4,622.0,624.8,1886,117706319.99,176198,177302,658.2,583.4,620.8,622.6,0.0,622.6,0,0,0,2017-04-20,75698000,623.4,22,0,0,0,0,0,0,0,0,624.8,156,0,0,0,0,0,0,0,0
159,2017-04-19,21:01:38,0,ZC705,XZCE,624.6,622.0,624.8,1888,117831239.99,176198,177302,658.2,583.4,620.8,622.6,0.0,622.6,0,0,0,2017-04-20,75698000,623.8,3,0,0,0,0,0,0,0,0,624.6,2,0,0,0,0,0,0,0,0
160,2017-04-19,21:01:39,0,ZC705,XZCE,624.8,622.0,624.8,1956,122079879.99,176130,177302,658.2,583.4,620.8,622.6,0.0,622.6,0,0,0,2017-04-20,75699000,623.8,5,0,0,0,0,0,0,0,0,624.6,2,0,0,0,0,0,0,0,0
161,2017-04-19,21:01:39,0,ZC705,XZCE,623.8,622.0,624.8,1958,122204639.99,176128,177302,658.2,583.4,620.8,622.6,0.0,622.6,0,0,0,2017-04-20,75699000,623.8,4,0,0,0,0,0,0,0,0,624.6,2,0,0,0,0,0,0,0,0
162,2017-04-19,21:01:39,0,ZC705,XZCE,623.8,622.0,624.8,1960,122329399.99,176128,177302,658.2,583.4,620.8,622.6,0.0,622.6,0,0,0,2017-04-20,75699000,623.8,1,0,0,0,0,0,0,0,0,624.4,2,0,0,0,0,0,0,0,0
163,2017-04-19,21:01:41,0,ZC705,XZCE,623.8,622.0,624.8,1960,122329399.99,176128,177302,658.2,583.4,620.8,622.6,0.0,622.6,0,0,0,2017-04-20,75701000,624.0,20,0,0,0,0,0,0,0,0,624.4,2,0,0,0,0,0,0,0,0
164,2017-04-19,21:01:42,0,ZC705,XZCE,623.8,622.0,624.8,1960,122329399.99,176128,177302,658.2,583.4,620.8,622.6,0.0,622.6,0,0,0,2017-04-20,75702000,623.8,1,0,0,0,0,0,0,0,0,624.0,1,0,0,0,0,0,0,0,0
165,2017-04-19,21:01:42,0,ZC705,XZCE,624.4,622.0,624.8,1964,122579159.99,176126,177302,658.2,583.4,620.8,622.6,0.0,622.6,0,0,0,2017-04-20,75702000,624.0,3,0,0,0,0,0,0,0,0,624.4,1,0,0,0,0,0,0,0,0
166,2017-04-19,21:01:43,0,ZC705,XZCE,624.0,622.0,624.8,1970,122953559.99,176122,177302,658.2,583.4,620.8,622.6,0.0,622.6,0,0,0,2017-04-20,75703000,624.0,1,0,0,0,0,0,0,0,0,624.6,16,0,0,0,0,0,0,0,0
167,2017-04-19,21:01:44,0,ZC705,XZCE,624.0,622.0,624.8,1984,123827159.99,176122,177302,658.2,583.4,620.8,622.6,0.0,622.6,0,0,0,2017-04-20,75704000,623.8,3,0,0,0,0,0,0,0,0,624.0,3,0,0,0,0,0,0,0,0
168,2017-04-19,21:01:44,0,ZC705,XZCE,623.8,622.0,624.8,1990,124201439.99,176116,177302,658.2,583.4,620.8,622.6,0.0,622.6,0,0,0,2017-04-20,75704000,623.6,8,0,0,0,0,0,0,0,0,623.8,2,0,0,0,0,0,0,0,0
169,2017-04-19,21:01:44,0,ZC705,XZCE,623.8,622.0,624.8,1994,124450959.99,176114,177302,658.2,583.4,620.8,622.6,0.0,622.6,0,0,0,2017-04-20,75704000,623.8,8,0,0,0,0,0,0,0,0,624.0,3,0,0,0,0,0,0,0,0
170,2017-04-19,21:01:45,0,ZC705,XZCE,623.8,622.0,624.8,1994,124450959.99,176114,177302,658.2,583.4,620.8,622.6,0.0,622.6,0,0,0,2017-04-20,75705000,623.8,8,0,0,0,0,0,0,0,0,624.0,4,0,0,0,0,0,0,0,0
171,2017-04-19,21:01:47,0,ZC705,XZCE,624.0,622.0,624.8,2002,124950159.99,176114,177302,658.2,583.4,620.8,622.6,0.0,622.6,0,0,0,2017-04-20,75707000,624.0,1,0,0,0,0,0,0,0,0,624.4,3,0,0,0,0,0,0,0,0
172,2017-04-19,21:01:47,0,ZC705,XZCE,624.0,622.0,624.8,2002,124950159.99,176114,177302,658.2,583.4,620.8,622.6,0.0,622.6,0,0,0,2017-04-20,75707000,624.0,4,0,0,0,0,0,0,0,0,624.2,3,0,0,0,0,0,0,0,0
173,2017-04-19,21:01:48,0,ZC705,XZCE,624.0,622.0,624.8,2012,125574159.99,176116,177302,658.2,583.4,620.8,622.6,0.0,622.6,0,0,0,2017-04-20,75708000,623.6,8,0,0,0,0,0,0,0,0,624.2,3,0,0,0,0,0,0,0,0
174,2017-04-19,21:01:49,0,ZC705,XZCE,623.8,622.0,624.8,2018,125948439.99,176112,177302,658.2,583.4,620.8,622.6,0.0,622.6,0,0,0,2017-04-20,75709000,623.6,7,0,0,0,0,0,0,0,0,623.8,1,0,0,0,0,0,0,0,0
175,2017-04-19,21:01:49,0,ZC705,XZCE,623.6,622.0,624.8,2020,126073159.99,176114,177302,658.2,583.4,620.8,622.6,0.0,622.6,0,0,0,2017-04-20,75709000,623.6,6,0,0,0,0,0,0,0,0,623.8,1,0,0,0,0,0,0,0,0
176,2017-04-19,21:01:50,0,ZC705,XZCE,623.8,622.0,624.8,2022,126197919.99,176114,177302,658.2,583.4,620.8,622.6,0.0,622.6,0,0,0,2017-04-20,75710000,623.8,23,0,0,0,0,0,0,0,0,624.2,3,0,0,0,0,0,0,0,0
177,2017-04-19,21:01:51,0,ZC705,XZCE,623.8,622.0,624.8,2024,126322679.99,176112,177302,658.2,583.4,620.8,622.6,0.0,622.6,0,0,0,2017-04-20,75711000,623.8,22,0,0,0,0,0,0,0,0,624.0,1,0,0,0,0,0,0,0,0
178,2017-04-19,21:01:51,0,ZC705,XZCE,624.0,622.0,624.8,2030,126697079.99,176112,177302,658.2,583.4,620.8,622.6,0.0,622.6,0,0,0,2017-04-20,75711000,624.0,7,0,0,0,0,0,0,0,0,624.2,3,0,0,0,0,0,0,0,0
179,2017-04-19,21:01:53,0,ZC705,XZCE,624.0,622.0,624.8,2036,127071479.99,176112,177302,658.2,583.4,620.8,622.6,0.0,622.6,0,0,0,2017-04-20,75713000,624.0,4,0,0,0,0,0,0,0,0,624.2,3,0,0,0,0,0,0,0,0
180,2017-04-19,21:01:54,0,ZC705,XZCE,624.0,622.0,624.8,2038,127196279.99,176112,177302,658.2,583.4,620.8,622.6,0.0,622.6,0,0,0,2017-04-20,75714000,624.0,3,0,0,0,0,0,0,0,0,624.2,4,0,0,0,0,0,0,0,0
181,2017-04-19,21:01:54,0,ZC705,XZCE,624.0,622.0,624.8,2040,127321079.99,176112,177302,658.2,583.4,620.8,622.6,0.0,622.6,0,0,0,2017-04-20,75714000,624.0,2,0,0,0,0,0,0,0,0,624.2,4,0,0,0,0,0,0,0,0
182,2017-04-19,21:01:56,0,ZC705,XZCE,624.0,622.0,624.8,2040,127321079.99,176112,177302,658.2,583.4,620.8,622.6,0.0,622.6,0,0,0,2017-04-20,75716000,624.0,8,0,0,0,0,0,0,0,0,624.2,4,0,0,0,0,0,0,0,0
183,2017-04-19,21:01:57,0,ZC705,XZCE,624.0,622.0,624.8,2050,127945079.99,176102,177302,658.2,583.4,620.8,622.6,0.0,622.6,0,0,0,2017-04-20,75717000,624.0,3,0,0,0,0,0,0,0,0,624.2,5,0,0,0,0,0,0,0,0
184,2017-04-19,21:01:58,0,ZC705,XZCE,624.2,622.0,624.8,2062,128694119.99,176096,177302,658.2,583.4,620.8,622.6,0.0,622.6,0,0,0,2017-04-20,75718000,624.2,6,0,0,0,0,0,0,0,0,624.4,15,0,0,0,0,0,0,0,0
185,2017-04-19,21:01:59,0,ZC705,XZCE,624.2,622.0,624.8,2062,128694119.99,176096,177302,658.2,583.4,620.8,622.6,0.0,622.6,0,0,0,2017-04-20,75719000,624.2,10,0,0,0,0,0,0,0,0,624.4,16,0,0,0,0,0,0,0,0
186,2017-04-19,21:01:59,0,ZC705,XZCE,624.4,622.0,624.8,2094,130692199.99,176094,177302,658.2,583.4,620.8,622.6,0.0,622.6,0,0,0,2017-04-20,75719000,624.2,10,0,0,0,0,0,0,0,0,624.6,21,0,0,0,0,0,0,0,0
187,2017-04-19,21:02:00,0,ZC705,XZCE,624.2,622.0,624.8,2098,130941879.99,176094,177302,658.2,583.4,620.8,622.6,0.0,622.6,0,0,0,2017-04-20,75720000,624.2,8,0,0,0,0,0,0,0,0,624.6,21,0,0,0,0,0,0,0,0
188,2017-04-19,21:02:00,0,ZC705,XZCE,624.2,622.0,624.8,2100,131066719.99,176092,177302,658.2,583.4,620.8,622.6,0.0,622.6,0,0,0,2017-04-20,75720000,624.2,7,0,0,0,0,0,0,0,0,624.6,21,0,0,0,0,0,0,0,0
189,2017-04-19,21:02:01,0,ZC705,XZCE,624.4,622.0,624.8,2146,133938959.99,176070,177302,658.2,583.4,620.8,622.6,0.0,622.6,0,0,0,2017-04-20,75721000,624.4,6,0,0,0,0,0,0,0,0,624.6,3,0,0,0,0,0,0,0,0
190,2017-04-19,21:02:01,0,ZC705,XZCE,624.6,622.0,624.8,2150,134188799.99,176066,177302,658.2,583.4,620.8,622.6,0.0,622.6,0,0,0,2017-04-20,75721000,624.4,6,0,0,0,0,0,0,0,0,624.6,1,0,0,0,0,0,0,0,0
191,2017-04-19,21:02:01,0,ZC705,XZCE,624.6,622.0,624.8,2152,134313719.99,176064,177302,658.2,583.4,620.8,622.6,0.0,622.6,0,0,0,2017-04-20,75721000,624.6,9,0,0,0,0,0,0,0,0,624.8,137,0,0,0,0,0,0,0,0
192,2017-04-19,21:02:02,0,ZC705,XZCE,624.8,622.0,624.8,2180,136063159.98,176036,177302,658.2,583.4,620.8,622.6,0.0,622.6,0,0,0,2017-04-20,75722000,624.6,9,0,0,0,0,0,0,0,0,624.8,123,0,0,0,0,0,0,0,0
193,2017-04-19,21:02:02,0,ZC705,XZCE,624.8,622.0,624.8,2240,139811959.98,175976,177302,658.2,583.4,620.8,622.6,0.0,622.6,0,0,0,2017-04-20,75722000,624.6,9,0,0,0,0,0,0,0,0,624.8,93,0,0,0,0,0,0,0,0
194,2017-04-19,21:02:03,0,ZC705,XZCE,624.6,622.0,624.8,2250,140436559.98,175970,177302,658.2,583.4,620.8,622.6,0.0,622.6,0,0,0,2017-04-20,75723000,624.6,4,0,0,0,0,0,0,0,0,624.8,93,0,0,0,0,0,0,0,0
195,2017-04-19,21:02:04,0,ZC705,XZCE,624.6,622.0,624.8,2250,140436559.98,175970,177302,658.2,583.4,620.8,622.6,0.0,622.6,0,0,0,2017-04-20,75724000,624.6,4,0,0,0,0,0,0,0,0,624.8,84,0,0,0,0,0,0,0,0
196,2017-04-19,21:02:04,0,ZC705,XZCE,624.6,622.0,624.8,2252,140561479.98,175970,177302,658.2,583.4,620.8,622.6,0.0,622.6,0,0,0,2017-04-20,75724000,624.6,3,0,0,0,0,0,0,0,0,624.8,84,0,0,0,0,0,0,0,0
197,2017-04-19,21:02:05,0,ZC705,XZCE,624.6,622.0,624.8,2258,140936239.98,175966,177302,658.2,583.4,620.8,622.6,0.0,622.6,0,0,0,2017-04-20,75725000,624.4,6,0,0,0,0,0,0,0,0,624.8,85,0,0,0,0,0,0,0,0
198,2017-04-19,21:02:06,0,ZC705,XZCE,624.8,622.0,624.8,2264,141311119.98,175964,177302,658.2,583.4,620.8,622.6,0.0,622.6,0,0,0,2017-04-20,75726000,624.4,6,0,0,0,0,0,0,0,0,624.8,82,0,0,0,0,0,0,0,0
199,2017-04-19,21:02:06,0,ZC705,XZCE,624.8,622.0,624.8,2266,141436079.98,175962,177302,658.2,583.4,620.8,622.6,0.0,622.6,0,0,0,2017-04-20,75726000,624.4,6,0,0,0,0,0,0,0,0,624.8,82,0,0,0,0,0,0,0,0
200,2017-04-19,21:02:06,0,ZC705,XZCE,624.8,622.0,624.8,2266,141436079.98,175962,177302,658.2,583.4,620.8,622.6,0.0,622.6,0,0,0,2017-04-20,75726000,624.4,6,0,0,0,0,0,0,0,0,624.6,16,0,0,0,0,0,0,0,0
201,2017-04-19,21:02:07,0,ZC705,XZCE,624.4,622.0,624.8,2268,141560959.98,175960,177302,658.2,583.4,620.8,622.6,0.0,622.6,0,0,0,2017-04-20,75727000,624.4,5,0,0,0,0,0,0,0,0,624.6,17,0,0,0,0,0,0,0,0
202,2017-04-19,21:02:09,0,ZC705,XZCE,624.8,622.0,624.8,2348,146559359.98,175884,177302,658.2,583.4,620.8,622.6,0.0,622.6,0,0,0,2017-04-20,75729000,624.4,5,0,0,0,0,0,0,0,0,624.6,5,0,0,0,0,0,0,0,0
203,2017-04-19,21:02:10,0,ZC705,XZCE,624.4,622.0,624.8,2356,147058879.98,175876,177302,658.2,583.4,620.8,622.6,0.0,622.6,0,0,0,2017-04-20,75730000,624.2,5,0,0,0,0,0,0,0,0,624.6,10,0,0,0,0,0,0,0,0
204,2017-04-19,21:02:11,0,ZC705,XZCE,624.4,622.0,624.8,2356,147058879.98,175876,177302,658.2,583.4,620.8,622.6,0.0,622.6,0,0,0,2017-04-20,75731000,624.2,5,0,0,0,0,0,0,0,0,624.6,12,0,0,0,0,0,0,0,0
205,2017-04-19,21:02:11,0,ZC705,XZCE,624.4,622.0,624.8,2358,147183759.98,175876,177302,658.2,583.4,620.8,622.6,0.0,622.6,0,0,0,2017-04-20,75731000,624.2,5,0,0,0,0,0,0,0,0,624.4,7,0,0,0,0,0,0,0,0
206,2017-04-19,21:02:13,0,ZC705,XZCE,624.4,622.0,624.8,2358,147183759.98,175876,177302,658.2,583.4,620.8,622.6,0.0,622.6,0,0,0,2017-04-20,75733000,624.2,6,0,0,0,0,0,0,0,0,624.4,7,0,0,0,0,0,0,0,0
207,2017-04-19,21:02:16,0,ZC705,XZCE,624.4,622.0,624.8,2360,147308639.98,175874,177302,658.2,583.4,620.8,622.6,0.0,622.6,0,0,0,2017-04-20,75736000,624.2,6,0,0,0,0,0,0,0,0,624.4,6,0,0,0,0,0,0,0,0
208,2017-04-19,21:02:17,0,ZC705,XZCE,624.4,622.0,624.8,2366,147683279.98,175872,177302,658.2,583.4,620.8,622.6,0.0,622.6,0,0,0,2017-04-20,75737000,624.2,6,0,0,0,0,0,0,0,0,624.4,3,0,0,0,0,0,0,0,0
209,2017-04-19,21:02:18,0,ZC705,XZCE,624.4,622.0,624.8,2368,147808159.98,175872,177302,658.2,583.4,620.8,622.6,0.0,622.6,0,0,0,2017-04-20,75738000,624.2,6,0,0,0,0,0,0,0,0,624.4,2,0,0,0,0,0,0,0,0
210,2017-04-19,21:02:20,0,ZC705,XZCE,624.4,622.0,624.8,2368,147808159.98,175872,177302,658.2,583.4,620.8,622.6,0.0,622.6,0,0,0,2017-04-20,75740000,624.2,15,0,0,0,0,0,0,0,0,624.4,12,0,0,0,0,0,0,0,0
211,2017-04-19,21:02:21,0,ZC705,XZCE,624.2,622.0,624.8,2370,147932999.98,175872,177302,658.2,583.4,620.8,622.6,0.0,622.6,0,0,0,2017-04-20,75741000,624.2,14,0,0,0,0,0,0,0,0,624.4,10,0,0,0,0,0,0,0,0
212,2017-04-19,21:02:22,0,ZC705,XZCE,624.2,622.0,624.8,2374,148182679.98,175868,177302,658.2,583.4,620.8,622.6,0.0,622.6,0,0,0,2017-04-20,75742000,624.2,12,0,0,0,0,0,0,0,0,624.4,10,0,0,0,0,0,0,0,0
213,2017-04-19,21:02:23,0,ZC705,XZCE,624.2,622.0,624.8,2374,148182679.98,175868,177302,658.2,583.4,620.8,622.6,0.0,622.6,0,0,0,2017-04-20,75743000,624.2,12,0,0,0,0,0,0,0,0,624.4,11,0,0,0,0,0,0,0,0
214,2017-04-19,21:02:24,0,ZC705,XZCE,624.2,622.0,624.8,2374,148182679.98,175868,177302,658.2,583.4,620.8,622.6,0.0,622.6,0,0,0,2017-04-20,75744000,624.2,13,0,0,0,0,0,0,0,0,624.4,12,0,0,0,0,0,0,0,0
215,2017-04-19,21:02:24,0,ZC705,XZCE,624.2,622.0,624.8,2374,148182679.98,175868,177302,658.2,583.4,620.8,622.6,0.0,622.6,0,0,0,2017-04-20,75744000,624.2,12,0,0,0,0,0,0,0,0,624.4,12,0,0,0,0,0,0,0,0
216,2017-04-19,21:02:25,0,ZC705,XZCE,624.2,622.0,624.8,2378,148432359.98,175866,177302,658.2,583.4,620.8,622.6,0.0,622.6,0,0,0,2017-04-20,75745000,624.2,14,0,0,0,0,0,0,0,0,624.4,12,0,0,0,0,0,0,0,0
217,2017-04-19,21:02:26,0,ZC705,XZCE,624.4,622.0,624.8,2382,148682119.98,175866,177302,658.2,583.4,620.8,622.6,0.0,622.6,0,0,0,2017-04-20,75746000,624.2,14,0,0,0,0,0,0,0,0,624.4,10,0,0,0,0,0,0,0,0
218,2017-04-19,21:02:27,0,ZC705,XZCE,624.2,622.0,624.8,2384,148806959.98,175866,177302,658.2,583.4,620.8,622.6,0.0,622.6,0,0,0,2017-04-20,75747000,624.2,13,0,0,0,0,0,0,0,0,624.4,10,0,0,0,0,0,0,0,0
219,2017-04-19,21:02:27,0,ZC705,XZCE,624.2,622.0,624.8,2386,148931799.98,175866,177302,658.2,583.4,620.8,622.6,0.0,622.6,0,0,0,2017-04-20,75747000,624.2,12,0,0,0,0,0,0,0,0,624.4,10,0,0,0,0,0,0,0,0
220,2017-04-19,21:02:28,0,ZC705,XZCE,624.4,622.0,624.8,2390,149181559.98,175866,177302,658.2,583.4,620.8,622.6,0.0,622.6,0,0,0,2017-04-20,75748000,624.2,12,0,0,0,0,0,0,0,0,624.4,8,0,0,0,0,0,0,0,0
221,2017-04-19,21:02:29,0,ZC705,XZCE,624.2,622.0,624.8,2392,149306399.98,175866,177302,658.2,583.4,620.8,622.6,0.0,622.6,0,0,0,2017-04-20,75749000,624.2,11,0,0,0,0,0,0,0,0,624.4,8,0,0,0,0,0,0,0,0
222,2017-04-19,21:02:29,0,ZC705,XZCE,624.4,622.0,624.8,2408,150305439.98,175854,177302,658.2,583.4,620.8,622.6,0.0,622.6,0,0,0,2017-04-20,75749000,624.4,8,0,0,0,0,0,0,0,0,624.6,40,0,0,0,0,0,0,0,0
223,2017-04-19,21:02:30,0,ZC705,XZCE,624.4,622.0,624.8,2408,150305439.98,175854,177302,658.2,583.4,620.8,622.6,0.0,622.6,0,0,0,2017-04-20,75750000,624.4,12,0,0,0,0,0,0,0,0,624.6,41,0,0,0,0,0,0,0,0
224,2017-04-19,21:02:31,0,ZC705,XZCE,624.4,622.0,624.8,2432,151803999.98,175830,177302,658.2,583.4,620.8,622.6,0.0,622.6,0,0,0,2017-04-20,75751000,624.2,5,0,0,0,0,0,0,0,0,624.4,25,0,0,0,0,0,0,0,0
225,2017-04-19,21:02:31,0,ZC705,XZCE,624.4,622.0,624.8,2434,151928879.98,175828,177302,658.2,583.4,620.8,622.6,0.0,622.6,0,0,0,2017-04-20,75751000,624.2,5,0,0,0,0,0,0,0,0,624.4,24,0,0,0,0,0,0,0,0
226,2017-04-19,21:02:32,0,ZC705,XZCE,624.4,622.0,624.8,2434,151928879.98,175828,177302,658.2,583.4,620.8,622.6,0.0,622.6,0,0,0,2017-04-20,75752000,624.2,5,0,0,0,0,0,0,0,0,624.4,44,0,0,0,0,0,0,0,0
227,2017-04-19,21:02:35,0,ZC705,XZCE,624.4,622.0,624.8,2434,151928879.98,175828,177302,658.2,583.4,620.8,622.6,0.0,622.6,0,0,0,2017-04-20,75755000,624.2,1,0,0,0,0,0,0,0,0,624.4,44,0,0,0,0,0,0,0,0
228,2017-04-19,21:02:35,0,ZC705,XZCE,624.4,622.0,624.8,2444,152553279.98,175818,177302,658.2,583.4,620.8,622.6,0.0,622.6,0,0,0,2017-04-20,75755000,624.2,1,0,0,0,0,0,0,0,0,624.4,39,0,0,0,0,0,0,0,0
229,2017-04-19,21:02:36,0,ZC705,XZCE,624.4,622.0,624.8,2476,154551359.98,175800,177302,658.2,583.4,620.8,622.6,0.0,622.6,0,0,0,2017-04-20,75756000,624.2,1,0,0,0,0,0,0,0,0,624.4,23,0,0,0,0,0,0,0,0
230,2017-04-19,21:02:36,0,ZC705,XZCE,624.2,622.0,624.8,2478,154676199.98,175798,177302,658.2,583.4,620.8,622.6,0.0,622.6,0,0,0,2017-04-20,75756000,624.0,5,0,0,0,0,0,0,0,0,624.4,23,0,0,0,0,0,0,0,0
231,2017-04-19,21:02:39,0,ZC705,XZCE,624.2,622.0,624.8,2478,154676199.98,175798,177302,658.2,583.4,620.8,622.6,0.0,622.6,0,0,0,2017-04-20,75759000,624.0,6,0,0,0,0,0,0,0,0,624.4,23,0,0,0,0,0,0,0,0
232,2017-04-19,21:02:40,0,ZC705,XZCE,624.2,622.0,624.8,2478,154676199.98,175798,177302,658.2,583.4,620.8,622.6,0.0,622.6,0,0,0,2017-04-20,75760000,624.0,21,0,0,0,0,0,0,0,0,624.2,4,0,0,0,0,0,0,0,0
233,2017-04-19,21:02:41,0,ZC705,XZCE,624.2,622.0,624.8,2478,154676199.98,175798,177302,658.2,583.4,620.8,622.6,0.0,622.6,0,0,0,2017-04-20,75761000,624.0,22,0,0,0,0,0,0,0,0,624.2,4,0,0,0,0,0,0,0,0
234,2017-04-19,21:02:42,0,ZC705,XZCE,624.2,622.0,624.8,2482,154925879.98,175796,177302,658.2,583.4,620.8,622.6,0.0,622.6,0,0,0,2017-04-20,75762000,624.0,22,0,0,0,0,0,0,0,0,624.4,28,0,0,0,0,0,0,0,0
235,2017-04-19,21:02:43,0,ZC705,XZCE,624.2,622.0,624.8,2482,154925879.98,175796,177302,658.2,583.4,620.8,622.6,0.0,622.6,0,0,0,2017-04-20,75763000,624.0,22,0,0,0,0,0,0,0,0,624.4,25,0,0,0,0,0,0,0,0
236,2017-04-19,21:02:44,0,ZC705,XZCE,624.2,622.0,624.8,2482,154925879.98,175796,177302,658.2,583.4,620.8,622.6,0.0,622.6,0,0,0,2017-04-20,75764000,624.0,22,0,0,0,0,0,0,0,0,624.2,5,0,0,0,0,0,0,0,0
237,2017-04-19,21:02:44,0,ZC705,XZCE,624.2,622.0,624.8,2492,155550079.98,175796,177302,658.2,583.4,620.8,622.6,0.0,622.6,0,0,0,2017-04-20,75764000,624.0,22,0,0,0,0,0,0,0,0,624.4,25,0,0,0,0,0,0,0,0
238,2017-04-19,21:02:46,0,ZC705,XZCE,624.2,622.0,624.8,2492,155550079.98,175796,177302,658.2,583.4,620.8,622.6,0.0,622.6,0,0,0,2017-04-20,75766000,624.2,2,0,0,0,0,0,0,0,0,624.4,25,0,0,0,0,0,0,0,0
239,2017-04-19,21:02:48,0,ZC705,XZCE,624.2,622.0,624.8,2498,155924599.98,175790,177302,658.2,583.4,620.8,622.6,0.0,622.6,0,0,0,2017-04-20,75768000,624.2,3,0,0,0,0,0,0,0,0,624.4,25,0,0,0,0,0,0,0,0
240,2017-04-19,21:02:48,0,ZC705,XZCE,624.2,622.0,624.8,2504,156299119.98,175784,177302,658.2,583.4,620.8,622.6,0.0,622.6,0,0,0,2017-04-20,75768000,624.0,23,0,0,0,0,0,0,0,0,624.2,1,0,0,0,0,0,0,0,0
241,2017-04-19,21:02:49,0,ZC705,XZCE,624.0,622.0,624.8,2524,157547119.98,175784,177302,658.2,583.4,620.8,622.6,0.0,622.6,0,0,0,2017-04-20,75769000,624.0,13,0,0,0,0,0,0,0,0,624.2,1,0,0,0,0,0,0,0,0
242,2017-04-19,21:02:50,0,ZC705,XZCE,624.2,622.0,624.8,2526,157671959.98,175784,177302,658.2,583.4,620.8,622.6,0.0,622.6,0,0,0,2017-04-20,75770000,624.0,13,0,0,0,0,0,0,0,0,624.2,1,0,0,0,0,0,0,0,0
243,2017-04-19,21:02:51,0,ZC705,XZCE,624.2,622.0,624.8,2528,157796799.98,175782,177302,658.2,583.4,620.8,622.6,0.0,622.6,0,0,0,2017-04-20,75771000,624.0,14,0,0,0,0,0,0,0,0,624.4,25,0,0,0,0,0,0,0,0
244,2017-04-19,21:02:52,0,ZC705,XZCE,624.0,622.0,624.8,2534,158171199.98,175782,177302,658.2,583.4,620.8,622.6,0.0,622.6,0,0,0,2017-04-20,75772000,624.0,11,0,0,0,0,0,0,0,0,624.4,25,0,0,0,0,0,0,0,0
245,2017-04-19,21:02:52,0,ZC705,XZCE,624.0,622.0,624.8,2534,158171199.98,175782,177302,658.2,583.4,620.8,622.6,0.0,622.6,0,0,0,2017-04-20,75772000,624.0,3,0,0,0,0,0,0,0,0,624.4,25,0,0,0,0,0,0,0,0
246,2017-04-19,21:02:53,0,ZC705,XZCE,624.0,622.0,624.8,2534,158171199.98,175782,177302,658.2,583.4,620.8,622.6,0.0,622.6,0,0,0,2017-04-20,75773000,624.0,3,0,0,0,0,0,0,0,0,624.2,1,0,0,0,0,0,0,0,0
247,2017-04-19,21:02:53,0,ZC705,XZCE,624.2,622.0,624.8,2536,158296039.98,175782,177302,658.2,583.4,620.8,622.6,0.0,622.6,0,0,0,2017-04-20,75773000,624.0,3,0,0,0,0,0,0,0,0,624.4,27,0,0,0,0,0,0,0,0
248,2017-04-19,21:02:54,0,ZC705,XZCE,624.2,622.0,624.8,2536,158296039.98,175782,177302,658.2,583.4,620.8,622.6,0.0,622.6,0,0,0,2017-04-20,75774000,624.0,3,0,0,0,0,0,0,0,0,624.2,2,0,0,0,0,0,0,0,0
249,2017-04-19,21:02:55,0,ZC705,XZCE,624.0,622.0,624.8,2542,158670439.98,175778,177302,658.2,583.4,620.8,622.6,0.0,622.6,0,0,0,2017-04-20,75775000,623.8,1,0,0,0,0,0,0,0,0,624.2,2,0,0,0,0,0,0,0,0
250,2017-04-19,21:02:55,0,ZC705,XZCE,624.4,622.0,624.8,2568,160293879.98,175772,177302,658.2,583.4,620.8,622.6,0.0,622.6,0,0,0,2017-04-20,75775000,623.8,4,0,0,0,0,0,0,0,0,624.4,19,0,0,0,0,0,0,0,0
251,2017-04-19,21:02:56,0,ZC705,XZCE,624.4,622.0,624.8,2568,160293879.98,175772,177302,658.2,583.4,620.8,622.6,0.0,622.6,0,0,0,2017-04-20,75776000,624.0,1,0,0,0,0,0,0,0,0,624.4,21,0,0,0,0,0,0,0,0
252,2017-04-19,21:02:57,0,ZC705,XZCE,624.4,622.0,624.8,2568,160293879.98,175772,177302,658.2,583.4,620.8,622.6,0.0,622.6,0,0,0,2017-04-20,75777000,623.8,4,0,0,0,0,0,0,0,0,624.4,22,0,0,0,0,0,0,0,0
253,2017-04-19,21:02:57,0,ZC705,XZCE,624.4,622.0,624.8,2568,160293879.98,175772,177302,658.2,583.4,620.8,622.6,0.0,622.6,0,0,0,2017-04-20,75777000,623.8,4,0,0,0,0,0,0,0,0,624.4,43,0,0,0,0,0,0,0,0
254,2017-04-19,21:02:59,0,ZC705,XZCE,624.4,622.0,624.8,2570,160418759.98,175772,177302,658.2,583.4,620.8,622.6,0.0,622.6,0,0,0,2017-04-20,75779000,623.8,4,0,0,0,0,0,0,0,0,624.4,43,0,0,0,0,0,0,0,0
255,2017-04-19,21:03:00,0,ZC705,XZCE,624.4,622.0,624.8,2570,160418759.98,175772,177302,658.2,583.4,620.8,622.6,0.0,622.6,0,0,0,2017-04-20,75780000,624.0,1,0,0,0,0,0,0,0,0,624.4,43,0,0,0,0,0,0,0,0
256,2017-04-19,21:03:01,0,ZC705,XZCE,624.4,622.0,624.8,2570,160418759.98,175772,177302,658.2,583.4,620.8,622.6,0.0,622.6,0,0,0,2017-04-20,75781000,624.0,1,0,0,0,0,0,0,0,0,624.4,44,0,0,0,0,0,0,0,0
257,2017-04-19,21:03:01,0,ZC705,XZCE,624.2,622.0,624.8,2572,160543599.98,175770,177302,658.2,583.4,620.8,622.6,0.0,622.6,0,0,0,2017-04-20,75781000,623.8,4,0,0,0,0,0,0,0,0,624.4,45,0,0,0,0,0,0,0,0
258,2017-04-19,21:03:01,0,ZC705,XZCE,624.2,622.0,624.8,2572,160543599.98,175770,177302,658.2,583.4,620.8,622.6,0.0,622.6,0,0,0,2017-04-20,75781000,623.8,3,0,0,0,0,0,0,0,0,624.4,45,0,0,0,0,0,0,0,0
259,2017-04-19,21:03:02,0,ZC705,XZCE,624.2,622.0,624.8,2572,160543599.98,175770,177302,658.2,583.4,620.8,622.6,0.0,622.6,0,0,0,2017-04-20,75782000,624.0,1,0,0,0,0,0,0,0,0,624.4,45,0,0,0,0,0,0,0,0
260,2017-04-19,21:03:03,0,ZC705,XZCE,624.4,622.0,624.8,2584,161292879.98,175770,177302,658.2,583.4,620.8,622.6,0.0,622.6,0,0,0,2017-04-20,75783000,623.8,3,0,0,0,0,0,0,0,0,624.4,50,0,0,0,0,0,0,0,0
261,2017-04-19,21:03:04,0,ZC705,XZCE,624.4,622.0,624.8,2584,161292879.98,175770,177302,658.2,583.4,620.8,622.6,0.0,622.6,0,0,0,2017-04-20,75784000,623.8,7,0,0,0,0,0,0,0,0,624.4,51,0,0,0,0,0,0,0,0
262,2017-04-19,21:03:04,0,ZC705,XZCE,624.4,622.0,624.8,2584,161292879.98,175770,177302,658.2,583.4,620.8,622.6,0.0,622.6,0,0,0,2017-04-20,75784000,623.8,7,0,0,0,0,0,0,0,0,624.0,1,0,0,0,0,0,0,0,0
263,2017-04-19,21:03:05,0,ZC705,XZCE,624.0,622.0,624.8,2586,161417679.98,175770,177302,658.2,583.4,620.8,622.6,0.0,622.6,0,0,0,2017-04-20,75785000,624.0,7,0,0,0,0,0,0,0,0,624.2,1,0,0,0,0,0,0,0,0
264,2017-04-19,21:03:05,0,ZC705,XZCE,624.0,622.0,624.8,2586,161417679.98,175770,177302,658.2,583.4,620.8,622.6,0.0,622.6,0,0,0,2017-04-20,75785000,624.0,11,0,0,0,0,0,0,0,0,624.2,1,0,0,0,0,0,0,0,0
265,2017-04-19,21:03:07,0,ZC705,XZCE,624.2,622.0,624.8,2596,162041879.98,175760,177302,658.2,583.4,620.8,622.6,0.0,622.6,0,0,0,2017-04-20,75787000,624.2,1,0,0,0,0,0,0,0,0,624.4,52,0,0,0,0,0,0,0,0
266,2017-04-19,21:03:08,0,ZC705,XZCE,624.2,622.0,624.8,2598,162166719.98,175760,177302,658.2,583.4,620.8,622.6,0.0,622.6,0,0,0,2017-04-20,75788000,624.0,11,0,0,0,0,0,0,0,0,624.4,52,0,0,0,0,0,0,0,0
267,2017-04-19,21:03:10,0,ZC705,XZCE,624.0,622.0,624.8,2600,162291519.98,175760,177302,658.2,583.4,620.8,622.6,0.0,622.6,0,0,0,2017-04-20,75790000,624.0,10,0,0,0,0,0,0,0,0,624.4,51,0,0,0,0,0,0,0,0
268,2017-04-19,21:03:13,0,ZC705,XZCE,624.0,622.0,624.8,2600,162291519.98,175760,177302,658.2,583.4,620.8,622.6,0.0,622.6,0,0,0,2017-04-20,75793000,624.0,33,0,0,0,0,0,0,0,0,624.4,55,0,0,0,0,0,0,0,0
269,2017-04-19,21:03:14,0,ZC705,XZCE,624.0,622.0,624.8,2666,166409919.98,175760,177302,658.2,583.4,620.8,622.6,0.0,622.6,0,0,0,2017-04-20,75794000,623.8,7,0,0,0,0,0,0,0,0,624.0,68,0,0,0,0,0,0,0,0
270,2017-04-19,21:03:14,0,ZC705,XZCE,624.0,622.0,624.8,2678,167158719.98,175760,177302,658.2,583.4,620.8,622.6,0.0,622.6,0,0,0,2017-04-20,75794000,623.8,44,0,0,0,0,0,0,0,0,624.0,62,0,0,0,0,0,0,0,0
271,2017-04-19,21:03:15,0,ZC705,XZCE,624.0,622.0,624.8,2698,168406719.98,175760,177302,658.2,583.4,620.8,622.6,0.0,622.6,0,0,0,2017-04-20,75795000,623.8,44,0,0,0,0,0,0,0,0,624.0,52,0,0,0,0,0,0,0,0
272,2017-04-19,21:03:15,0,ZC705,XZCE,623.8,622.0,624.8,2700,168531479.98,175758,177302,658.2,583.4,620.8,622.6,0.0,622.6,0,0,0,2017-04-20,75795000,623.8,43,0,0,0,0,0,0,0,0,624.0,52,0,0,0,0,0,0,0,0
273,2017-04-19,21:03:16,0,ZC705,XZCE,623.8,622.0,624.8,2700,168531479.98,175758,177302,658.2,583.4,620.8,622.6,0.0,622.6,0,0,0,2017-04-20,75796000,623.8,43,0,0,0,0,0,0,0,0,624.0,53,0,0,0,0,0,0,0,0
274,2017-04-19,21:03:16,0,ZC705,XZCE,624.0,622.0,624.8,2704,168781079.98,175756,177302,658.2,583.4,620.8,622.6,0.0,622.6,0,0,0,2017-04-20,75796000,623.8,42,0,0,0,0,0,0,0,0,624.0,52,0,0,0,0,0,0,0,0
275,2017-04-19,21:03:17,0,ZC705,XZCE,623.8,622.0,624.8,2706,168905839.98,175756,177302,658.2,583.4,620.8,622.6,0.0,622.6,0,0,0,2017-04-20,75797000,623.8,41,0,0,0,0,0,0,0,0,624.0,52,0,0,0,0,0,0,0,0
276,2017-04-19,21:03:18,0,ZC705,XZCE,623.8,622.0,624.8,2710,169155359.98,175756,177302,658.2,583.4,620.8,622.6,0.0,622.6,0,0,0,2017-04-20,75798000,623.8,39,0,0,0,0,0,0,0,0,624.0,52,0,0,0,0,0,0,0,0
277,2017-04-19,21:03:18,0,ZC705,XZCE,624.0,622.0,624.8,2746,171401759.98,175756,177302,658.2,583.4,620.8,622.6,0.0,622.6,0,0,0,2017-04-20,75798000,623.8,39,0,0,0,0,0,0,0,0,624.0,34,0,0,0,0,0,0,0,0
278,2017-04-19,21:03:18,0,ZC705,XZCE,624.0,622.0,624.8,2748,171526559.98,175756,177302,658.2,583.4,620.8,622.6,0.0,622.6,0,0,0,2017-04-20,75798000,623.8,39,0,0,0,0,0,0,0,0,624.0,33,0,0,0,0,0,0,0,0
279,2017-04-19,21:03:20,0,ZC705,XZCE,624.0,622.0,624.8,2750,171651359.98,175758,177302,658.2,583.4,620.8,622.6,0.0,622.6,0,0,0,2017-04-20,75800000,623.8,39,0,0,0,0,0,0,0,0,624.0,32,0,0,0,0,0,0,0,0
280,2017-04-19,21:03:20,0,ZC705,XZCE,624.0,622.0,624.8,2750,171651359.98,175758,177302,658.2,583.4,620.8,622.6,0.0,622.6,0,0,0,2017-04-20,75800000,623.8,39,0,0,0,0,0,0,0,0,624.0,31,0,0,0,0,0,0,0,0
281,2017-04-19,21:03:22,0,ZC705,XZCE,624.0,622.0,624.8,2750,171651359.98,175758,177302,658.2,583.4,620.8,622.6,0.0,622.6,0,0,0,2017-04-20,75802000,623.8,39,0,0,0,0,0,0,0,0,624.0,32,0,0,0,0,0,0,0,0
282,2017-04-19,21:03:22,0,ZC705,XZCE,624.0,622.0,624.8,2772,173024159.98,175758,177302,658.2,583.4,620.8,622.6,0.0,622.6,0,0,0,2017-04-20,75802000,623.8,39,0,0,0,0,0,0,0,0,624.0,21,0,0,0,0,0,0,0,0
283,2017-04-19,21:03:23,0,ZC705,XZCE,624.0,622.0,624.8,2772,173024159.98,175758,177302,658.2,583.4,620.8,622.6,0.0,622.6,0,0,0,2017-04-20,75803000,623.8,37,0,0,0,0,0,0,0,0,624.0,21,0,0,0,0,0,0,0,0
284,2017-04-19,21:03:24,0,ZC705,XZCE,623.8,622.0,624.8,2774,173148919.98,175756,177302,658.2,583.4,620.8,622.6,0.0,622.6,0,0,0,2017-04-20,75804000,623.8,36,0,0,0,0,0,0,0,0,624.0,21,0,0,0,0,0,0,0,0
285,2017-04-19,21:03:26,0,ZC705,XZCE,623.8,622.0,624.8,2776,173273679.98,175756,177302,658.2,583.4,620.8,622.6,0.0,622.6,0,0,0,2017-04-20,75806000,623.8,35,0,0,0,0,0,0,0,0,624.0,21,0,0,0,0,0,0,0,0
286,2017-04-19,21:03:27,0,ZC705,XZCE,623.8,622.0,624.8,2776,173273679.98,175756,177302,658.2,583.4,620.8,622.6,0.0,622.6,0,0,0,2017-04-20,75807000,623.8,35,0,0,0,0,0,0,0,0,624.0,22,0,0,0,0,0,0,0,0
287,2017-04-19,21:03:27,0,ZC705,XZCE,623.8,622.0,624.8,2778,173398439.98,175754,177302,658.2,583.4,620.8,622.6,0.0,622.6,0,0,0,2017-04-20,75807000,623.8,34,0,0,0,0,0,0,0,0,624.0,23,0,0,0,0,0,0,0,0
288,2017-04-19,21:03:27,0,ZC705,XZCE,624.0,622.0,624.8,2794,174396839.98,175754,177302,658.2,583.4,620.8,622.6,0.0,622.6,0,0,0,2017-04-20,75807000,623.8,34,0,0,0,0,0,0,0,0,624.0,15,0,0,0,0,0,0,0,0
289,2017-04-19,21:03:29,0,ZC705,XZCE,624.2,622.0,624.8,2828,176519119.98,175754,177302,658.2,583.4,620.8,622.6,0.0,622.6,0,0,0,2017-04-20,75809000,624.2,2,0,0,0,0,0,0,0,0,624.4,96,0,0,0,0,0,0,0,0
290,2017-04-19,21:03:30,0,ZC705,XZCE,624.0,622.0,624.8,2836,177018319.98,175750,177302,658.2,583.4,620.8,622.6,0.0,622.6,0,0,0,2017-04-20,75810000,623.8,18,0,0,0,0,0,0,0,0,624.0,1,0,0,0,0,0,0,0,0
291,2017-04-19,21:03:31,0,ZC705,XZCE,624.0,622.0,624.8,2836,177018319.98,175750,177302,658.2,583.4,620.8,622.6,0.0,622.6,0,0,0,2017-04-20,75811000,623.8,18,0,0,0,0,0,0,0,0,624.0,2,0,0,0,0,0,0,0,0
292,2017-04-19,21:03:32,0,ZC705,XZCE,624.0,622.0,624.8,2836,177018319.98,175750,177302,658.2,583.4,620.8,622.6,0.0,622.6,0,0,0,2017-04-20,75812000,623.8,19,0,0,0,0,0,0,0,0,624.0,2,0,0,0,0,0,0,0,0
293,2017-04-19,21:03:33,0,ZC705,XZCE,624.0,622.0,624.8,2838,177143119.98,175748,177302,658.2,583.4,620.8,622.6,0.0,622.6,0,0,0,2017-04-20,75813000,623.8,19,0,0,0,0,0,0,0,0,624.0,1,0,0,0,0,0,0,0,0
294,2017-04-19,21:03:33,0,ZC705,XZCE,624.0,622.0,624.8,2838,177143119.98,175748,177302,658.2,583.4,620.8,622.6,0.0,622.6,0,0,0,2017-04-20,75813000,623.8,18,0,0,0,0,0,0,0,0,624.0,1,0,0,0,0,0,0,0,0
295,2017-04-19,21:03:34,0,ZC705,XZCE,624.0,622.0,624.8,2838,177143119.98,175748,177302,658.2,583.4,620.8,622.6,0.0,622.6,0,0,0,2017-04-20,75814000,623.8,8,0,0,0,0,0,0,0,0,624.0,1,0,0,0,0,0,0,0,0
296,2017-04-19,21:03:34,0,ZC705,XZCE,624.0,622.0,624.8,2842,177392719.98,175752,177302,658.2,583.4,620.8,622.6,0.0,622.6,0,0,0,2017-04-20,75814000,624.0,9,0,0,0,0,0,0,0,0,624.2,5,0,0,0,0,0,0,0,0
297,2017-04-19,21:03:35,0,ZC705,XZCE,624.0,622.0,624.8,2860,178515919.98,175752,177302,658.2,583.4,620.8,622.6,0.0,622.6,0,0,0,2017-04-20,75815000,623.8,7,0,0,0,0,0,0,0,0,624.0,15,0,0,0,0,0,0,0,0
298,2017-04-19,21:03:37,0,ZC705,XZCE,623.8,622.0,624.8,2866,178890199.98,175746,177302,658.2,583.4,620.8,622.6,0.0,622.6,0,0,0,2017-04-20,75817000,623.6,4,0,0,0,0,0,0,0,0,624.0,15,0,0,0,0,0,0,0,0
299,2017-04-19,21:03:42,0,ZC705,XZCE,623.8,622.0,624.8,2866,178890199.98,175746,177302,658.2,583.4,620.8,622.6,0.0,622.6,0,0,0,2017-04-20,75822000,623.6,5,0,0,0,0,0,0,0,0,624.0,15,0,0,0,0,0,0,0,0
300,2017-04-19,21:03:43,0,ZC705,XZCE,623.6,622.0,624.8,2872,179264359.98,175742,177302,658.2,583.4,620.8,622.6,0.0,622.6,0,0,0,2017-04-20,75823000,623.6,3,0,0,0,0,0,0,0,0,624.0,14,0,0,0,0,0,0,0,0
301,2017-04-19,21:03:45,0,ZC705,XZCE,623.8,622.0,624.8,2876,179513879.98,175738,177302,658.2,583.4,620.8,622.6,0.0,622.6,0,0,0,2017-04-20,75825000,623.6,3,0,0,0,0,0,0,0,0,623.8,2,0,0,0,0,0,0,0,0
302,2017-04-19,21:03:46,0,ZC705,XZCE,623.8,622.0,624.8,2876,179513879.98,175738,177302,658.2,583.4,620.8,622.6,0.0,622.6,0,0,0,2017-04-20,75826000,623.6,4,0,0,0,0,0,0,0,0,623.8,2,0,0,0,0,0,0,0,0
303,2017-04-19,21:03:47,0,ZC705,XZCE,624.0,622.0,624.8,2908,181510679.98,175746,177302,658.2,583.4,620.8,622.6,0.0,622.6,0,0,0,2017-04-20,75827000,624.0,247,0,0,0,0,0,0,0,0,624.2,10,0,0,0,0,0,0,0,0
304,2017-04-19,21:03:47,0,ZC705,XZCE,624.0,622.0,624.8,2908,181510679.98,175746,177302,658.2,583.4,620.8,622.6,0.0,622.6,0,0,0,2017-04-20,75827000,624.0,282,0,0,0,0,0,0,0,0,624.2,6,0,0,0,0,0,0,0,0
305,2017-04-19,21:03:48,0,ZC705,XZCE,624.0,622.0,624.8,2908,181510679.98,175746,177302,658.2,583.4,620.8,622.6,0.0,622.6,0,0,0,2017-04-20,75828000,624.0,282,0,0,0,0,0,0,0,0,624.2,5,0,0,0,0,0,0,0,0
306,2017-04-19,21:03:49,0,ZC705,XZCE,624.0,622.0,624.8,2908,181510679.98,175746,177302,658.2,583.4,620.8,622.6,0.0,622.6,0,0,0,2017-04-20,75829000,624.0,282,0,0,0,0,0,0,0,0,624.2,9,0,0,0,0,0,0,0,0
307,2017-04-19,21:03:49,0,ZC705,XZCE,624.0,622.0,624.8,2910,181635479.98,175746,177302,658.2,583.4,620.8,622.6,0.0,622.6,0,0,0,2017-04-20,75829000,624.0,281,0,0,0,0,0,0,0,0,624.2,9,0,0,0,0,0,0,0,0
308,2017-04-19,21:03:50,0,ZC705,XZCE,624.0,622.0,624.8,2912,181760279.98,175748,177302,658.2,583.4,620.8,622.6,0.0,622.6,0,0,0,2017-04-20,75830000,624.0,280,0,0,0,0,0,0,0,0,624.2,9,0,0,0,0,0,0,0,0
309,2017-04-19,21:03:51,0,ZC705,XZCE,624.0,622.0,624.8,3026,188873879.98,175748,177302,658.2,583.4,620.8,622.6,0.0,622.6,0,0,0,2017-04-20,75831000,624.0,223,0,0,0,0,0,0,0,0,624.2,10,0,0,0,0,0,0,0,0
310,2017-04-19,21:03:51,0,ZC705,XZCE,624.0,622.0,624.8,3030,189123479.98,175748,177302,658.2,583.4,620.8,622.6,0.0,622.6,0,0,0,2017-04-20,75831000,624.0,221,0,0,0,0,0,0,0,0,624.2,9,0,0,0,0,0,0,0,0
311,2017-04-19,21:03:52,0,ZC705,XZCE,624.0,622.0,624.8,3030,189123479.98,175748,177302,658.2,583.4,620.8,622.6,0.0,622.6,0,0,0,2017-04-20,75832000,624.0,221,0,0,0,0,0,0,0,0,624.2,15,0,0,0,0,0,0,0,0
312,2017-04-19,21:03:54,0,ZC705,XZCE,624.0,622.0,624.8,3030,189123479.98,175748,177302,658.2,583.4,620.8,622.6,0.0,622.6,0,0,0,2017-04-20,75834000,624.0,223,0,0,0,0,0,0,0,0,624.2,15,0,0,0,0,0,0,0,0
313,2017-04-19,21:03:56,0,ZC705,XZCE,624.0,622.0,624.8,3032,189248279.98,175750,177302,658.2,583.4,620.8,622.6,0.0,622.6,0,0,0,2017-04-20,75836000,624.0,222,0,0,0,0,0,0,0,0,624.2,15,0,0,0,0,0,0,0,0
314,2017-04-19,21:03:57,0,ZC705,XZCE,624.0,622.0,624.8,3052,190496279.98,175770,177302,658.2,583.4,620.8,622.6,0.0,622.6,0,0,0,2017-04-20,75837000,624.0,212,0,0,0,0,0,0,0,0,624.2,15,0,0,0,0,0,0,0,0
315,2017-04-19,21:03:57,0,ZC705,XZCE,624.0,622.0,624.8,3056,190745879.98,175772,177302,658.2,583.4,620.8,622.6,0.0,622.6,0,0,0,2017-04-20,75837000,624.0,210,0,0,0,0,0,0,0,0,624.2,15,0,0,0,0,0,0,0,0
316,2017-04-19,21:03:58,0,ZC705,XZCE,624.0,622.0,624.8,3060,190995479.98,175776,177302,658.2,583.4,620.8,622.6,0.0,622.6,0,0,0,2017-04-20,75838000,624.0,208,0,0,0,0,0,0,0,0,624.2,15,0,0,0,0,0,0,0,0
317,2017-04-19,21:03:58,0,ZC705,XZCE,624.0,622.0,624.8,3060,190995479.98,175776,177302,658.2,583.4,620.8,622.6,0.0,622.6,0,0,0,2017-04-20,75838000,624.0,222,0,0,0,0,0,0,0,0,624.2,15,0,0,0,0,0,0,0,0
318,2017-04-19,21:03:59,0,ZC705,XZCE,624.2,622.0,624.8,3068,191494839.98,175776,177302,658.2,583.4,620.8,622.6,0.0,622.6,0,0,0,2017-04-20,75839000,624.0,222,0,0,0,0,0,0,0,0,624.2,1,0,0,0,0,0,0,0,0
319,2017-04-19,21:03:59,0,ZC705,XZCE,624.2,622.0,624.8,3068,191494839.98,175776,177302,658.2,583.4,620.8,622.6,0.0,622.6,0,0,0,2017-04-20,75839000,624.0,222,0,0,0,0,0,0,0,0,624.2,4,0,0,0,0,0,0,0,0
320,2017-04-19,21:04:01,0,ZC705,XZCE,624.2,622.0,624.8,3068,191494839.98,175776,177302,658.2,583.4,620.8,622.6,0.0,622.6,0,0,0,2017-04-20,75841000,624.0,222,0,0,0,0,0,0,0,0,624.2,5,0,0,0,0,0,0,0,0
321,2017-04-19,21:04:04,0,ZC705,XZCE,624.0,622.0,624.8,3080,192243639.98,175780,177302,658.2,583.4,620.8,622.6,0.0,622.6,0,0,0,2017-04-20,75844000,624.0,217,0,0,0,0,0,0,0,0,624.2,4,0,0,0,0,0,0,0,0
322,2017-04-19,21:04:04,0,ZC705,XZCE,624.0,622.0,624.8,3184,198733239.98,175780,177302,658.2,583.4,620.8,622.6,0.0,622.6,0,0,0,2017-04-20,75844000,624.0,165,0,0,0,0,0,0,0,0,624.2,4,0,0,0,0,0,0,0,0
323,2017-04-19,21:04:05,0,ZC705,XZCE,624.0,622.0,624.8,3186,198858039.98,175780,177302,658.2,583.4,620.8,622.6,0.0,622.6,0,0,0,2017-04-20,75845000,624.0,164,0,0,0,0,0,0,0,0,624.2,4,0,0,0,0,0,0,0,0
324,2017-04-19,21:04:07,0,ZC705,XZCE,624.2,622.0,624.8,3196,199482239.98,175774,177302,658.2,583.4,620.8,622.6,0.0,622.6,0,0,0,2017-04-20,75847000,624.2,1,0,0,0,0,0,0,0,0,624.4,97,0,0,0,0,0,0,0,0
325,2017-04-19,21:04:07,0,ZC705,XZCE,624.2,622.0,624.8,3196,199482239.98,175774,177302,658.2,583.4,620.8,622.6,0.0,622.6,0,0,0,2017-04-20,75847000,624.2,2,0,0,0,0,0,0,0,0,624.4,97,0,0,0,0,0,0,0,0
326,2017-04-19,21:04:08,0,ZC705,XZCE,624.2,622.0,624.8,3196,199482239.98,175774,177302,658.2,583.4,620.8,622.6,0.0,622.6,0,0,0,2017-04-20,75848000,624.2,3,0,0,0,0,0,0,0,0,624.4,87,0,0,0,0,0,0,0,0
327,2017-04-19,21:04:08,0,ZC705,XZCE,624.2,622.0,624.8,3198,199607079.98,175772,177302,658.2,583.4,620.8,622.6,0.0,622.6,0,0,0,2017-04-20,75848000,624.2,2,0,0,0,0,0,0,0,0,624.4,87,0,0,0,0,0,0,0,0
328,2017-04-19,21:04:09,0,ZC705,XZCE,624.2,622.0,624.8,3200,199731919.98,175772,177302,658.2,583.4,620.8,622.6,0.0,622.6,0,0,0,2017-04-20,75849000,624.2,1,0,0,0,0,0,0,0,0,624.4,87,0,0,0,0,0,0,0,0
329,2017-04-19,21:04:09,0,ZC705,XZCE,624.2,622.0,624.8,3200,199731919.98,175772,177302,658.2,583.4,620.8,622.6,0.0,622.6,0,0,0,2017-04-20,75849000,624.2,2,0,0,0,0,0,0,0,0,624.4,87,0,0,0,0,0,0,0,0
330,2017-04-19,21:04:10,0,ZC705,XZCE,624.4,622.0,624.8,3214,200606079.98,175772,177302,658.2,583.4,620.8,622.6,0.0,622.6,0,0,0,2017-04-20,75850000,624.0,163,0,0,0,0,0,0,0,0,624.4,82,0,0,0,0,0,0,0,0
331,2017-04-19,21:04:11,0,ZC705,XZCE,624.4,622.0,624.8,3214,200606079.98,175772,177302,658.2,583.4,620.8,622.6,0.0,622.6,0,0,0,2017-04-20,75851000,624.2,10,0,0,0,0,0,0,0,0,624.4,82,0,0,0,0,0,0,0,0
332,2017-04-19,21:04:13,0,ZC705,XZCE,624.4,622.0,624.8,3336,208223759.98,175684,177302,658.2,583.4,620.8,622.6,0.0,622.6,0,0,0,2017-04-20,75853000,624.2,44,0,0,0,0,0,0,0,0,624.4,21,0,0,0,0,0,0,0,0
333,2017-04-19,21:04:14,0,ZC705,XZCE,624.4,622.0,624.8,3338,208348639.98,175682,177302,658.2,583.4,620.8,622.6,0.0,622.6,0,0,0,2017-04-20,75854000,624.2,44,0,0,0,0,0,0,0,0,624.4,20,0,0,0,0,0,0,0,0
334,2017-04-19,21:04:15,0,ZC705,XZCE,624.4,622.0,624.8,3342,208598399.98,175678,177302,658.2,583.4,620.8,622.6,0.0,622.6,0,0,0,2017-04-20,75855000,624.2,44,0,0,0,0,0,0,0,0,624.4,18,0,0,0,0,0,0,0,0
335,2017-04-19,21:04:15,0,ZC705,XZCE,624.4,622.0,624.8,3362,209847199.98,175658,177302,658.2,583.4,620.8,622.6,0.0,622.6,0,0,0,2017-04-20,75855000,624.2,44,0,0,0,0,0,0,0,0,624.4,8,0,0,0,0,0,0,0,0
336,2017-04-19,21:04:16,0,ZC705,XZCE,624.2,622.0,624.8,3366,210096879.98,175658,177302,658.2,583.4,620.8,622.6,0.0,622.6,0,0,0,2017-04-20,75856000,624.2,42,0,0,0,0,0,0,0,0,624.4,8,0,0,0,0,0,0,0,0
337,2017-04-19,21:04:17,0,ZC705,XZCE,624.2,622.0,624.8,3368,210221719.98,175658,177302,658.2,583.4,620.8,622.6,0.0,622.6,0,0,0,2017-04-20,75857000,624.2,41,0,0,0,0,0,0,0,0,624.4,8,0,0,0,0,0,0,0,0
338,2017-04-19,21:04:18,0,ZC705,XZCE,624.2,622.0,624.8,3368,210221719.98,175658,177302,658.2,583.4,620.8,622.6,0.0,622.6,0,0,0,2017-04-20,75858000,624.2,41,0,0,0,0,0,0,0,0,624.4,9,0,0,0,0,0,0,0,0
339,2017-04-19,21:04:19,0,ZC705,XZCE,624.2,622.0,624.8,3370,210346559.98,175658,177302,658.2,583.4,620.8,622.6,0.0,622.6,0,0,0,2017-04-20,75859000,624.2,50,0,0,0,0,0,0,0,0,624.4,9,0,0,0,0,0,0,0,0
340,2017-04-19,21:04:19,0,ZC705,XZCE,624.2,622.0,624.8,3370,210346559.98,175658,177302,658.2,583.4,620.8,622.6,0.0,622.6,0,0,0,2017-04-20,75859000,624.2,51,0,0,0,0,0,0,0,0,624.4,9,0,0,0,0,0,0,0,0
341,2017-04-19,21:04:20,0,ZC705,XZCE,624.2,622.0,624.8,3374,210596239.98,175658,177302,658.2,583.4,620.8,622.6,0.0,622.6,0,0,0,2017-04-20,75860000,624.2,49,0,0,0,0,0,0,0,0,624.4,9,0,0,0,0,0,0,0,0
342,2017-04-19,21:04:21,0,ZC705,XZCE,624.2,622.0,624.8,3376,210721079.98,175658,177302,658.2,583.4,620.8,622.6,0.0,622.6,0,0,0,2017-04-20,75861000,624.2,48,0,0,0,0,0,0,0,0,624.4,9,0,0,0,0,0,0,0,0
343,2017-04-19,21:04:21,0,ZC705,XZCE,624.2,622.0,624.8,3378,210845919.98,175658,177302,658.2,583.4,620.8,622.6,0.0,622.6,0,0,0,2017-04-20,75861000,624.2,13,0,0,0,0,0,0,0,0,624.4,9,0,0,0,0,0,0,0,0
344,2017-04-19,21:04:22,0,ZC705,XZCE,624.4,622.0,624.8,3398,212094719.98,175642,177302,658.2,583.4,620.8,622.6,0.0,622.6,0,0,0,2017-04-20,75862000,624.2,13,0,0,0,0,0,0,0,0,624.6,44,0,0,0,0,0,0,0,0
345,2017-04-19,21:04:23,0,ZC705,XZCE,624.4,622.0,624.8,3398,212094719.98,175642,177302,658.2,583.4,620.8,622.6,0.0,622.6,0,0,0,2017-04-20,75863000,624.2,13,0,0,0,0,0,0,0,0,624.4,28,0,0,0,0,0,0,0,0
346,2017-04-19,21:04:25,0,ZC705,XZCE,624.4,622.0,624.8,3398,212094719.98,175642,177302,658.2,583.4,620.8,622.6,0.0,622.6,0,0,0,2017-04-20,75865000,624.2,13,0,0,0,0,0,0,0,0,624.4,1,0,0,0,0,0,0,0,0
347,2017-04-19,21:04:26,0,ZC705,XZCE,624.4,622.0,624.8,3402,212344479.98,175640,177302,658.2,583.4,620.8,622.6,0.0,622.6,0,0,0,2017-04-20,75866000,624.2,13,0,0,0,0,0,0,0,0,624.4,43,0,0,0,0,0,0,0,0
348,2017-04-19,21:04:26,0,ZC705,XZCE,624.2,622.0,624.8,3428,213967399.98,175614,177302,658.2,583.4,620.8,622.6,0.0,622.6,0,0,0,2017-04-20,75866000,624.0,163,0,0,0,0,0,0,0,0,624.4,43,0,0,0,0,0,0,0,0
349,2017-04-19,21:04:28,0,ZC705,XZCE,624.2,622.0,624.8,3428,213967399.98,175614,177302,658.2,583.4,620.8,622.6,0.0,622.6,0,0,0,2017-04-20,75868000,624.0,163,0,0,0,0,0,0,0,0,624.4,44,0,0,0,0,0,0,0,0
350,2017-04-19,21:04:28,0,ZC705,XZCE,624.4,622.0,624.8,3430,214092279.98,175614,177302,658.2,583.4,620.8,622.6,0.0,622.6,0,0,0,2017-04-20,75868000,624.0,163,0,0,0,0,0,0,0,0,624.4,1,0,0,0,0,0,0,0,0
351,2017-04-19,21:04:29,0,ZC705,XZCE,624.4,622.0,624.8,3440,214716679.98,175608,177302,658.2,583.4,620.8,622.6,0.0,622.6,0,0,0,2017-04-20,75869000,624.4,5,0,0,0,0,0,0,0,0,624.6,44,0,0,0,0,0,0,0,0
352,2017-04-19,21:04:32,0,ZC705,XZCE,624.4,622.0,624.8,3450,215341079.98,175608,177302,658.2,583.4,620.8,622.6,0.0,622.6,0,0,0,2017-04-20,75872000,624.2,3,0,0,0,0,0,0,0,0,624.4,5,0,0,0,0,0,0,0,0
353,2017-04-19,21:04:32,0,ZC705,XZCE,624.4,622.0,624.8,3450,215341079.98,175608,177302,658.2,583.4,620.8,622.6,0.0,622.6,0,0,0,2017-04-20,75872000,624.2,5,0,0,0,0,0,0,0,0,624.4,6,0,0,0,0,0,0,0,0
354,2017-04-19,21:04:33,0,ZC705,XZCE,624.4,622.0,624.8,3450,215341079.98,175608,177302,658.2,583.4,620.8,622.6,0.0,622.6,0,0,0,2017-04-20,75873000,624.2,7,0,0,0,0,0,0,0,0,624.4,6,0,0,0,0,0,0,0,0
355,2017-04-19,21:04:33,0,ZC705,XZCE,624.4,622.0,624.8,3452,215465959.98,175608,177302,658.2,583.4,620.8,622.6,0.0,622.6,0,0,0,2017-04-20,75873000,624.2,7,0,0,0,0,0,0,0,0,624.4,5,0,0,0,0,0,0,0,0
356,2017-04-19,21:04:35,0,ZC705,XZCE,624.4,622.0,624.8,3452,215465959.98,175608,177302,658.2,583.4,620.8,622.6,0.0,622.6,0,0,0,2017-04-20,75875000,624.2,8,0,0,0,0,0,0,0,0,624.4,5,0,0,0,0,0,0,0,0
357,2017-04-19,21:04:35,0,ZC705,XZCE,624.2,622.0,624.8,3456,215715639.98,175608,177302,658.2,583.4,620.8,622.6,0.0,622.6,0,0,0,2017-04-20,75875000,624.2,5,0,0,0,0,0,0,0,0,624.4,5,0,0,0,0,0,0,0,0
358,2017-04-19,21:04:36,0,ZC705,XZCE,624.2,622.0,624.8,3456,215715639.98,175608,177302,658.2,583.4,620.8,622.6,0.0,622.6,0,0,0,2017-04-20,75876000,624.2,7,0,0,0,0,0,0,0,0,624.4,5,0,0,0,0,0,0,0,0
359,2017-04-19,21:04:36,0,ZC705,XZCE,624.4,622.0,624.8,3460,215965399.98,175610,177302,658.2,583.4,620.8,622.6,0.0,622.6,0,0,0,2017-04-20,75876000,624.2,7,0,0,0,0,0,0,0,0,624.4,3,0,0,0,0,0,0,0,0
360,2017-04-19,21:04:37,0,ZC705,XZCE,624.4,622.0,624.8,3466,216340039.98,175610,177302,658.2,583.4,620.8,622.6,0.0,622.6,0,0,0,2017-04-20,75877000,624.4,3,0,0,0,0,0,0,0,0,624.6,44,0,0,0,0,0,0,0,0
361,2017-04-19,21:04:39,0,ZC705,XZCE,624.4,622.0,624.8,3466,216340039.98,175610,177302,658.2,583.4,620.8,622.6,0.0,622.6,0,0,0,2017-04-20,75879000,624.4,3,0,0,0,0,0,0,0,0,624.6,43,0,0,0,0,0,0,0,0
362,2017-04-19,21:04:40,0,ZC705,XZCE,624.4,622.0,624.8,3466,216340039.98,175610,177302,658.2,583.4,620.8,622.6,0.0,622.6,0,0,0,2017-04-20,75880000,624.4,4,0,0,0,0,0,0,0,0,624.6,43,0,0,0,0,0,0,0,0
363,2017-04-19,21:04:41,0,ZC705,XZCE,624.6,622.0,624.8,3486,217589239.98,175610,177302,658.2,583.4,620.8,622.6,0.0,622.6,0,0,0,2017-04-20,75881000,624.4,4,0,0,0,0,0,0,0,0,624.6,33,0,0,0,0,0,0,0,0
364,2017-04-19,21:04:41,0,ZC705,XZCE,624.4,622.0,624.8,3496,218213639.98,175602,177302,658.2,583.4,620.8,622.6,0.0,622.6,0,0,0,2017-04-20,75881000,624.2,7,0,0,0,0,0,0,0,0,624.6,32,0,0,0,0,0,0,0,0
365,2017-04-19,21:04:42,0,ZC705,XZCE,624.6,622.0,624.8,3500,218463479.98,175598,177302,658.2,583.4,620.8,622.6,0.0,622.6,0,0,0,2017-04-20,75882000,624.2,7,0,0,0,0,0,0,0,0,624.6,30,0,0,0,0,0,0,0,0
366,2017-04-19,21:04:43,0,ZC705,XZCE,624.6,622.0,624.8,3500,218463479.98,175598,177302,658.2,583.4,620.8,622.6,0.0,622.6,0,0,0,2017-04-20,75883000,624.2,7,0,0,0,0,0,0,0,0,624.4,1,0,0,0,0,0,0,0,0
367,2017-04-19,21:04:45,0,ZC705,XZCE,624.6,622.0,624.8,3502,218588399.98,175596,177302,658.2,583.4,620.8,622.6,0.0,622.6,0,0,0,2017-04-20,75885000,624.2,7,0,0,0,0,0,0,0,0,624.6,30,0,0,0,0,0,0,0,0
368,2017-04-19,21:04:45,0,ZC705,XZCE,624.2,622.0,624.8,3512,219212599.98,175586,177302,658.2,583.4,620.8,622.6,0.0,622.6,0,0,0,2017-04-20,75885000,624.4,9,0,0,0,0,0,0,0,0,624.6,30,0,0,0,0,0,0,0,0
369,2017-04-19,21:04:46,0,ZC705,XZCE,624.2,622.0,624.8,3514,219337439.98,175586,177302,658.2,583.4,620.8,622.6,0.0,622.6,0,0,0,2017-04-20,75886000,624.4,8,0,0,0,0,0,0,0,0,624.6,31,0,0,0,0,0,0,0,0
370,2017-04-19,21:04:46,0,ZC705,XZCE,624.4,622.0,624.8,3516,219462319.98,175586,177302,658.2,583.4,620.8,622.6,0.0,622.6,0,0,0,2017-04-20,75886000,624.4,7,0,0,0,0,0,0,0,0,624.6,31,0,0,0,0,0,0,0,0
371,2017-04-19,21:04:47,0,ZC705,XZCE,624.6,622.0,624.8,3518,219587239.98,175584,177302,658.2,583.4,620.8,622.6,0.0,622.6,0,0,0,2017-04-20,75887000,624.4,7,0,0,0,0,0,0,0,0,624.6,30,0,0,0,0,0,0,0,0
372,2017-04-19,21:04:47,0,ZC705,XZCE,624.4,622.0,624.8,3520,219712119.98,175582,177302,658.2,583.4,620.8,622.6,0.0,622.6,0,0,0,2017-04-20,75887000,624.4,6,0,0,0,0,0,0,0,0,624.6,30,0,0,0,0,0,0,0,0
373,2017-04-19,21:04:48,0,ZC705,XZCE,624.6,622.0,624.8,3540,220961319.98,175562,177302,658.2,583.4,620.8,622.6,0.0,622.6,0,0,0,2017-04-20,75888000,624.4,6,0,0,0,0,0,0,0,0,624.6,20,0,0,0,0,0,0,0,0
374,2017-04-19,21:04:48,0,ZC705,XZCE,624.6,622.0,624.8,3542,221086239.98,175562,177302,658.2,583.4,620.8,622.6,0.0,622.6,0,0,0,2017-04-20,75888000,624.4,7,0,0,0,0,0,0,0,0,624.6,19,0,0,0,0,0,0,0,0
375,2017-04-19,21:04:49,0,ZC705,XZCE,624.6,622.0,624.8,3544,221211159.98,175560,177302,658.2,583.4,620.8,622.6,0.0,622.6,0,0,0,2017-04-20,75889000,624.4,7,0,0,0,0,0,0,0,0,624.6,18,0,0,0,0,0,0,0,0
376,2017-04-19,21:04:50,0,ZC705,XZCE,624.6,622.0,624.8,3544,221211159.98,175560,177302,658.2,583.4,620.8,622.6,0.0,622.6,0,0,0,2017-04-20,75890000,624.4,7,0,0,0,0,0,0,0,0,624.6,19,0,0,0,0,0,0,0,0
377,2017-04-19,21:04:50,0,ZC705,XZCE,624.6,622.0,624.8,3544,221211159.98,175560,177302,658.2,583.4,620.8,622.6,0.0,622.6,0,0,0,2017-04-20,75890000,624.4,7,0,0,0,0,0,0,0,0,624.6,18,0,0,0,0,0,0,0,0
378,2017-04-19,21:04:51,0,ZC705,XZCE,624.6,622.0,624.8,3564,222460359.98,175552,177302,658.2,583.4,620.8,622.6,0.0,622.6,0,0,0,2017-04-20,75891000,624.4,7,0,0,0,0,0,0,0,0,624.6,8,0,0,0,0,0,0,0,0
379,2017-04-19,21:04:53,0,ZC705,XZCE,624.6,622.0,624.8,3580,223459719.98,175544,177302,658.2,583.4,620.8,622.6,0.0,622.6,0,0,0,2017-04-20,75893000,624.4,8,0,0,0,0,0,0,0,0,624.8,51,0,0,0,0,0,0,0,0
380,2017-04-19,21:04:54,0,ZC705,XZCE,624.8,622.0,624.8,3582,223584679.97,175544,177302,658.2,583.4,620.8,622.6,0.0,622.6,0,0,0,2017-04-20,75894000,624.4,36,0,0,0,0,0,0,0,0,624.8,50,0,0,0,0,0,0,0,0
381,2017-04-19,21:04:54,0,ZC705,XZCE,624.4,622.0,624.8,3584,223709559.97,175544,177302,658.2,583.4,620.8,622.6,0.0,622.6,0,0,0,2017-04-20,75894000,624.4,35,0,0,0,0,0,0,0,0,624.8,50,0,0,0,0,0,0,0,0
382,2017-04-19,21:04:54,0,ZC705,XZCE,624.8,622.0,624.8,3590,224084439.97,175542,177302,658.2,583.4,620.8,622.6,0.0,622.6,0,0,0,2017-04-20,75894000,624.4,35,0,0,0,0,0,0,0,0,624.8,47,0,0,0,0,0,0,0,0
383,2017-04-19,21:04:55,0,ZC705,XZCE,624.4,622.0,624.8,3592,224209319.97,175540,177302,658.2,583.4,620.8,622.6,0.0,622.6,0,0,0,2017-04-20,75895000,624.4,34,0,0,0,0,0,0,0,0,624.8,44,0,0,0,0,0,0,0,0
384,2017-04-19,21:04:56,0,ZC705,XZCE,624.6,622.0,624.8,3594,224334239.97,175540,177302,658.2,583.4,620.8,622.6,0.0,622.6,0,0,0,2017-04-20,75896000,624.4,34,0,0,0,0,0,0,0,0,624.8,44,0,0,0,0,0,0,0,0
385,2017-04-19,21:04:56,0,ZC705,XZCE,624.6,622.0,624.8,3594,224334239.97,175540,177302,658.2,583.4,620.8,622.6,0.0,622.6,0,0,0,2017-04-20,75896000,624.6,12,0,0,0,0,0,0,0,0,624.8,44,0,0,0,0,0,0,0,0
386,2017-04-19,21:04:57,0,ZC705,XZCE,624.6,622.0,624.8,3596,224459159.97,175542,177302,658.2,583.4,620.8,622.6,0.0,622.6,0,0,0,2017-04-20,75897000,624.6,11,0,0,0,0,0,0,0,0,624.8,44,0,0,0,0,0,0,0,0
387,2017-04-19,21:04:57,0,ZC705,XZCE,624.8,622.0,624.8,3602,224834039.97,175536,177302,658.2,583.4,620.8,622.6,0.0,622.6,0,0,0,2017-04-20,75897000,624.6,11,0,0,0,0,0,0,0,0,624.8,41,0,0,0,0,0,0,0,0
388,2017-04-19,21:04:58,0,ZC705,XZCE,624.8,622.0,624.8,3604,224958999.97,175534,177302,658.2,583.4,620.8,622.6,0.0,622.6,0,0,0,2017-04-20,75898000,624.6,11,0,0,0,0,0,0,0,0,624.8,41,0,0,0,0,0,0,0,0
389,2017-04-19,21:04:59,0,ZC705,XZCE,624.8,622.0,624.8,3606,225083959.97,175532,177302,658.2,583.4,620.8,622.6,0.0,622.6,0,0,0,2017-04-20,75899000,624.6,11,0,0,0,0,0,0,0,0,624.8,40,0,0,0,0,0,0,0,0
390,2017-04-19,21:05:00,0,ZC705,XZCE,624.8,622.0,624.8,3608,225208919.97,175530,177302,658.2,583.4,620.8,622.6,0.0,622.6,0,0,0,2017-04-20,75900000,624.6,11,0,0,0,0,0,0,0,0,624.8,39,0,0,0,0,0,0,0,0
391,2017-04-19,21:05:01,0,ZC705,XZCE,624.6,622.0,624.8,3612,225458759.97,175532,177302,658.2,583.4,620.8,622.6,0.0,622.6,0,0,0,2017-04-20,75901000,624.6,9,0,0,0,0,0,0,0,0,624.8,39,0,0,0,0,0,0,0,0
392,2017-04-19,21:05:02,0,ZC705,XZCE,624.8,622.0,624.8,3614,225583719.97,175530,177302,658.2,583.4,620.8,622.6,0.0,622.6,0,0,0,2017-04-20,75902000,624.6,9,0,0,0,0,0,0,0,0,624.8,38,0,0,0,0,0,0,0,0
393,2017-04-19,21:05:03,0,ZC705,XZCE,624.8,622.0,624.8,3616,225708679.97,175528,177302,658.2,583.4,620.8,622.6,0.0,622.6,0,0,0,2017-04-20,75903000,624.6,9,0,0,0,0,0,0,0,0,624.8,37,0,0,0,0,0,0,0,0
394,2017-04-19,21:05:04,0,ZC705,XZCE,624.8,622.0,624.8,3616,225708679.97,175528,177302,658.2,583.4,620.8,622.6,0.0,622.6,0,0,0,2017-04-20,75904000,624.4,10,0,0,0,0,0,0,0,0,624.8,37,0,0,0,0,0,0,0,0
395,2017-04-19,21:05:06,0,ZC705,XZCE,624.8,622.0,624.8,3616,225708679.97,175528,177302,658.2,583.4,620.8,622.6,0.0,622.6,0,0,0,2017-04-20,75906000,624.4,6,0,0,0,0,0,0,0,0,624.8,38,0,0,0,0,0,0,0,0
396,2017-04-19,21:05:06,0,ZC705,XZCE,624.8,622.0,624.8,3622,226083559.97,175524,177302,658.2,583.4,620.8,622.6,0.0,622.6,0,0,0,2017-04-20,75906000,624.4,5,0,0,0,0,0,0,0,0,624.8,38,0,0,0,0,0,0,0,0
397,2017-04-19,21:05:07,0,ZC705,XZCE,624.8,622.0,624.8,3628,226458439.97,175518,177302,658.2,583.4,620.8,622.6,0.0,622.6,0,0,0,2017-04-20,75907000,624.4,5,0,0,0,0,0,0,0,0,624.8,35,0,0,0,0,0,0,0,0
398,2017-04-19,21:05:08,0,ZC705,XZCE,624.8,622.0,624.8,3628,226458439.97,175518,177302,658.2,583.4,620.8,622.6,0.0,622.6,0,0,0,2017-04-20,75908000,624.4,5,0,0,0,0,0,0,0,0,624.6,32,0,0,0,0,0,0,0,0
399,2017-04-19,21:05:10,0,ZC705,XZCE,624.4,622.0,624.8,3640,227207719.97,175510,177302,658.2,583.4,620.8,622.6,0.0,622.6,0,0,0,2017-04-20,75910000,624.2,2,0,0,0,0,0,0,0,0,624.4,1,0,0,0,0,0,0,0,0
400,2017-04-19,21:05:10,0,ZC705,XZCE,624.4,622.0,624.8,3642,227332599.97,175508,177302,658.2,583.4,620.8,622.6,0.0,622.6,0,0,0,2017-04-20,75910000,624.2,2,0,0,0,0,0,0,0,0,624.6,31,0,0,0,0,0,0,0,0
401,2017-04-19,21:05:11,0,ZC705,XZCE,624.2,622.0,624.8,3646,227582279.97,175508,177302,658.2,583.4,620.8,622.6,0.0,622.6,0,0,0,2017-04-20,75911000,624.0,163,0,0,0,0,0,0,0,0,624.2,3,0,0,0,0,0,0,0,0
402,2017-04-19,21:05:11,0,ZC705,XZCE,624.2,622.0,624.8,3652,227956799.97,175508,177302,658.2,583.4,620.8,622.6,0.0,622.6,0,0,0,2017-04-20,75911000,624.2,6,0,0,0,0,0,0,0,0,624.6,31,0,0,0,0,0,0,0,0
403,2017-04-19,21:05:12,0,ZC705,XZCE,624.2,622.0,624.8,3652,227956799.97,175508,177302,658.2,583.4,620.8,622.6,0.0,622.6,0,0,0,2017-04-20,75912000,624.2,6,0,0,0,0,0,0,0,0,624.4,30,0,0,0,0,0,0,0,0
404,2017-04-19,21:05:12,0,ZC705,XZCE,624.0,622.0,624.8,3710,231575999.97,175496,177302,658.2,583.4,620.8,622.6,0.0,622.6,0,0,0,2017-04-20,75912000,624.0,140,0,0,0,0,0,0,0,0,624.2,30,0,0,0,0,0,0,0,0
405,2017-04-19,21:05:13,0,ZC705,XZCE,624.0,622.0,624.8,3778,235819199.97,175496,177302,658.2,583.4,620.8,622.6,0.0,622.6,0,0,0,2017-04-20,75913000,624.0,106,0,0,0,0,0,0,0,0,624.2,30,0,0,0,0,0,0,0,0
406,2017-04-19,21:05:15,0,ZC705,XZCE,624.2,622.0,624.8,3780,235944039.97,175494,177302,658.2,583.4,620.8,622.6,0.0,622.6,0,0,0,2017-04-20,75915000,624.0,106,0,0,0,0,0,0,0,0,624.2,29,0,0,0,0,0,0,0,0
407,2017-04-19,21:05:17,0,ZC705,XZCE,624.2,622.0,624.8,3780,235944039.97,175494,177302,658.2,583.4,620.8,622.6,0.0,622.6,0,0,0,2017-04-20,75917000,624.0,106,0,0,0,0,0,0,0,0,624.4,30,0,0,0,0,0,0,0,0
408,2017-04-19,21:05:17,0,ZC705,XZCE,624.2,622.0,624.8,3780,235944039.97,175494,177302,658.2,583.4,620.8,622.6,0.0,622.6,0,0,0,2017-04-20,75917000,624.2,1,0,0,0,0,0,0,0,0,624.4,30,0,0,0,0,0,0,0,0
409,2017-04-19,21:05:18,0,ZC705,XZCE,624.2,622.0,624.8,3782,236068879.97,175494,177302,658.2,583.4,620.8,622.6,0.0,622.6,0,0,0,2017-04-20,75918000,624.0,106,0,0,0,0,0,0,0,0,624.4,30,0,0,0,0,0,0,0,0
410,2017-04-19,21:05:19,0,ZC705,XZCE,624.0,622.0,624.8,3784,236193679.97,175496,177302,658.2,583.4,620.8,622.6,0.0,622.6,0,0,0,2017-04-20,75919000,624.0,105,0,0,0,0,0,0,0,0,624.4,30,0,0,0,0,0,0,0,0
411,2017-04-19,21:05:19,0,ZC705,XZCE,624.0,622.0,624.8,3784,236193679.97,175496,177302,658.2,583.4,620.8,622.6,0.0,622.6,0,0,0,2017-04-20,75919000,624.0,109,0,0,0,0,0,0,0,0,624.4,30,0,0,0,0,0,0,0,0
412,2017-04-19,21:05:21,0,ZC705,XZCE,624.0,622.0,624.8,3784,236193679.97,175496,177302,658.2,583.4,620.8,622.6,0.0,622.6,0,0,0,2017-04-20,75921000,624.2,2,0,0,0,0,0,0,0,0,624.4,30,0,0,0,0,0,0,0,0
413,2017-04-19,21:05:23,0,ZC705,XZCE,624.2,622.0,624.8,3788,236443359.97,175492,177302,658.2,583.4,620.8,622.6,0.0,622.6,0,0,0,2017-04-20,75923000,624.0,109,0,0,0,0,0,0,0,0,624.2,1,0,0,0,0,0,0,0,0
414,2017-04-19,21:05:25,0,ZC705,XZCE,624.2,622.0,624.8,3788,236443359.97,175492,177302,658.2,583.4,620.8,622.6,0.0,622.6,0,0,0,2017-04-20,75925000,624.0,109,0,0,0,0,0,0,0,0,624.2,2,0,0,0,0,0,0,0,0
415,2017-04-19,21:05:27,0,ZC705,XZCE,624.0,622.0,624.8,3798,237067359.97,175492,177302,658.2,583.4,620.8,622.6,0.0,622.6,0,0,0,2017-04-20,75927000,624.0,105,0,0,0,0,0,0,0,0,624.2,2,0,0,0,0,0,0,0,0
416,2017-04-19,21:05:27,0,ZC705,XZCE,624.0,622.0,624.8,3800,237192159.97,175492,177302,658.2,583.4,620.8,622.6,0.0,622.6,0,0,0,2017-04-20,75927000,624.0,104,0,0,0,0,0,0,0,0,624.2,2,0,0,0,0,0,0,0,0
417,2017-04-19,21:05:29,0,ZC705,XZCE,624.0,622.0,624.8,3802,237316959.97,175494,177302,658.2,583.4,620.8,622.6,0.0,622.6,0,0,0,2017-04-20,75929000,624.0,103,0,0,0,0,0,0,0,0,624.2,2,0,0,0,0,0,0,0,0
418,2017-04-19,21:05:29,0,ZC705,XZCE,624.2,622.0,624.8,3806,237566639.97,175494,177302,658.2,583.4,620.8,622.6,0.0,622.6,0,0,0,2017-04-20,75929000,624.0,103,0,0,0,0,0,0,0,0,624.4,30,0,0,0,0,0,0,0,0
419,2017-04-19,21:05:30,0,ZC705,XZCE,624.2,622.0,624.8,3806,237566639.97,175494,177302,658.2,583.4,620.8,622.6,0.0,622.6,0,0,0,2017-04-20,75930000,624.0,103,0,0,0,0,0,0,0,0,624.2,1,0,0,0,0,0,0,0,0
420,2017-04-19,21:05:31,0,ZC705,XZCE,624.2,622.0,624.8,3808,237691479.97,175494,177302,658.2,583.4,620.8,622.6,0.0,622.6,0,0,0,2017-04-20,75931000,624.0,103,0,0,0,0,0,0,0,0,624.4,30,0,0,0,0,0,0,0,0
421,2017-04-19,21:05:32,0,ZC705,XZCE,624.2,622.0,624.8,3808,237691479.97,175494,177302,658.2,583.4,620.8,622.6,0.0,622.6,0,0,0,2017-04-20,75932000,624.0,99,0,0,0,0,0,0,0,0,624.4,31,0,0,0,0,0,0,0,0
422,2017-04-19,21:05:32,0,ZC705,XZCE,624.2,622.0,624.8,3808,237691479.97,175494,177302,658.2,583.4,620.8,622.6,0.0,622.6,0,0,0,2017-04-20,75932000,624.0,99,0,0,0,0,0,0,0,0,624.2,30,0,0,0,0,0,0,0,0
423,2017-04-19,21:05:32,0,ZC705,XZCE,624.2,622.0,624.8,3808,237691479.97,175494,177302,658.2,583.4,620.8,622.6,0.0,622.6,0,0,0,2017-04-20,75932000,624.0,100,0,0,0,0,0,0,0,0,624.2,30,0,0,0,0,0,0,0,0
424,2017-04-19,21:05:35,0,ZC705,XZCE,624.0,622.0,624.8,3812,237941079.97,175498,177302,658.2,583.4,620.8,622.6,0.0,622.6,0,0,0,2017-04-20,75935000,624.0,98,0,0,0,0,0,0,0,0,624.2,30,0,0,0,0,0,0,0,0
425,2017-04-19,21:05:37,0,ZC705,XZCE,624.0,622.0,624.8,3822,238565079.97,175508,177302,658.2,583.4,620.8,622.6,0.0,622.6,0,0,0,2017-04-20,75937000,624.0,93,0,0,0,0,0,0,0,0,624.2,30,0,0,0,0,0,0,0,0
426,2017-04-19,21:05:39,0,ZC705,XZCE,624.0,622.0,624.8,3822,238565079.97,175508,177302,658.2,583.4,620.8,622.6,0.0,622.6,0,0,0,2017-04-20,75939000,624.0,93,0,0,0,0,0,0,0,0,624.2,40,0,0,0,0,0,0,0,0
427,2017-04-19,21:05:39,0,ZC705,XZCE,624.0,622.0,624.8,3824,238689879.97,175508,177302,658.2,583.4,620.8,622.6,0.0,622.6,0,0,0,2017-04-20,75939000,624.0,92,0,0,0,0,0,0,0,0,624.2,40,0,0,0,0,0,0,0,0
428,2017-04-19,21:05:40,0,ZC705,XZCE,624.0,622.0,624.8,3826,238814679.97,175510,177302,658.2,583.4,620.8,622.6,0.0,622.6,0,0,0,2017-04-20,75940000,624.0,91,0,0,0,0,0,0,0,0,624.2,40,0,0,0,0,0,0,0,0
429,2017-04-19,21:05:40,0,ZC705,XZCE,624.2,622.0,624.8,3832,239189199.97,175508,177302,658.2,583.4,620.8,622.6,0.0,622.6,0,0,0,2017-04-20,75940000,624.0,90,0,0,0,0,0,0,0,0,624.2,38,0,0,0,0,0,0,0,0
430,2017-04-19,21:05:41,0,ZC705,XZCE,624.0,622.0,624.8,3876,241934799.97,175508,177302,658.2,583.4,620.8,622.6,0.0,622.6,0,0,0,2017-04-20,75941000,624.0,68,0,0,0,0,0,0,0,0,624.2,73,0,0,0,0,0,0,0,0
431,2017-04-19,21:05:42,0,ZC705,XZCE,624.0,622.0,624.8,3890,242808399.97,175510,177302,658.2,583.4,620.8,622.6,0.0,622.6,0,0,0,2017-04-20,75942000,624.0,61,0,0,0,0,0,0,0,0,624.2,73,0,0,0,0,0,0,0,0
432,2017-04-19,21:05:43,0,ZC705,XZCE,624.2,622.0,624.8,3894,243058079.97,175510,177302,658.2,583.4,620.8,622.6,0.0,622.6,0,0,0,2017-04-20,75943000,624.0,61,0,0,0,0,0,0,0,0,624.2,71,0,0,0,0,0,0,0,0
433,2017-04-19,21:05:46,0,ZC705,XZCE,624.2,622.0,624.8,3898,243307759.97,175506,177302,658.2,583.4,620.8,622.6,0.0,622.6,0,0,0,2017-04-20,75946000,624.0,61,0,0,0,0,0,0,0,0,624.2,69,0,0,0,0,0,0,0,0
434,2017-04-19,21:05:46,0,ZC705,XZCE,624.0,622.0,624.8,3902,243557359.97,175506,177302,658.2,583.4,620.8,622.6,0.0,622.6,0,0,0,2017-04-20,75946000,624.0,59,0,0,0,0,0,0,0,0,624.2,69,0,0,0,0,0,0,0,0
435,2017-04-19,21:05:47,0,ZC705,XZCE,624.0,622.0,624.8,3904,243682159.97,175508,177302,658.2,583.4,620.8,622.6,0.0,622.6,0,0,0,2017-04-20,75947000,624.0,58,0,0,0,0,0,0,0,0,624.2,70,0,0,0,0,0,0,0,0
436,2017-04-19,21:05:50,0,ZC705,XZCE,624.0,622.0,624.8,3904,243682159.97,175508,177302,658.2,583.4,620.8,622.6,0.0,622.6,0,0,0,2017-04-20,75950000,624.0,60,0,0,0,0,0,0,0,0,624.2,70,0,0,0,0,0,0,0,0
437,2017-04-19,21:05:53,0,ZC705,XZCE,624.0,622.0,624.8,3906,243806959.97,175510,177302,658.2,583.4,620.8,622.6,0.0,622.6,0,0,0,2017-04-20,75953000,624.0,59,0,0,0,0,0,0,0,0,624.2,70,0,0,0,0,0,0,0,0
438,2017-04-19,21:05:55,0,ZC705,XZCE,624.0,622.0,624.8,3908,243931759.97,175512,177302,658.2,583.4,620.8,622.6,0.0,622.6,0,0,0,2017-04-20,75955000,624.0,58,0,0,0,0,0,0,0,0,624.2,70,0,0,0,0,0,0,0,0
439,2017-04-19,21:05:56,0,ZC705,XZCE,624.0,622.0,624.8,3930,245304559.97,175534,177302,658.2,583.4,620.8,622.6,0.0,622.6,0,0,0,2017-04-20,75956000,624.0,47,0,0,0,0,0,0,0,0,624.2,70,0,0,0,0,0,0,0,0
440,2017-04-19,21:05:56,0,ZC705,XZCE,624.0,622.0,624.8,3932,245429359.97,175536,177302,658.2,583.4,620.8,622.6,0.0,622.6,0,0,0,2017-04-20,75956000,624.0,46,0,0,0,0,0,0,0,0,624.2,70,0,0,0,0,0,0,0,0
441,2017-04-19,21:05:57,0,ZC705,XZCE,624.0,622.0,624.8,3934,245554159.97,175538,177302,658.2,583.4,620.8,622.6,0.0,622.6,0,0,0,2017-04-20,75957000,624.0,45,0,0,0,0,0,0,0,0,624.2,70,0,0,0,0,0,0,0,0
442,2017-04-19,21:05:57,0,ZC705,XZCE,624.0,622.0,624.8,3938,245803759.97,175538,177302,658.2,583.4,620.8,622.6,0.0,622.6,0,0,0,2017-04-20,75957000,624.0,44,0,0,0,0,0,0,0,0,624.2,69,0,0,0,0,0,0,0,0
443,2017-04-19,21:06:00,0,ZC705,XZCE,624.0,622.0,624.8,4026,251294959.97,175530,177302,658.2,583.4,620.8,622.6,0.0,622.6,0,0,0,2017-04-20,75960000,623.8,6,0,0,0,0,0,0,0,0,624.0,6,0,0,0,0,0,0,0,0
444,2017-04-19,21:06:01,0,ZC705,XZCE,624.0,622.0,624.8,4026,251294959.97,175530,177302,658.2,583.4,620.8,622.6,0.0,622.6,0,0,0,2017-04-20,75961000,623.8,2,0,0,0,0,0,0,0,0,624.0,6,0,0,0,0,0,0,0,0
445,2017-04-19,21:06:01,0,ZC705,XZCE,623.8,622.0,624.8,4030,251544479.97,175530,177302,658.2,583.4,620.8,622.6,0.0,622.6,0,0,0,2017-04-20,75961000,623.6,19,0,0,0,0,0,0,0,0,623.8,6,0,0,0,0,0,0,0,0
446,2017-04-19,21:06:02,0,ZC705,XZCE,623.8,622.0,624.8,4032,251669239.97,175528,177302,658.2,583.4,620.8,622.6,0.0,622.6,0,0,0,2017-04-20,75962000,623.6,19,0,0,0,0,0,0,0,0,623.8,5,0,0,0,0,0,0,0,0
447,2017-04-19,21:06:02,0,ZC705,XZCE,623.8,622.0,624.8,4032,251669239.97,175528,177302,658.2,583.4,620.8,622.6,0.0,622.6,0,0,0,2017-04-20,75962000,623.6,20,0,0,0,0,0,0,0,0,623.8,5,0,0,0,0,0,0,0,0
448,2017-04-19,21:06:06,0,ZC705,XZCE,623.8,622.0,624.8,4032,251669239.97,175528,177302,658.2,583.4,620.8,622.6,0.0,622.6,0,0,0,2017-04-20,75966000,623.6,20,0,0,0,0,0,0,0,0,623.8,6,0,0,0,0,0,0,0,0
449,2017-04-19,21:06:10,0,ZC705,XZCE,623.8,622.0,624.8,4036,251918759.97,175524,177302,658.2,583.4,620.8,622.6,0.0,622.6,0,0,0,2017-04-20,75970000,623.6,20,0,0,0,0,0,0,0,0,623.8,4,0,0,0,0,0,0,0,0
450,2017-04-19,21:06:11,0,ZC705,XZCE,623.6,622.0,624.8,4040,252168199.97,175522,177302,658.2,583.4,620.8,622.6,0.0,622.6,0,0,0,2017-04-20,75971000,623.6,18,0,0,0,0,0,0,0,0,623.8,4,0,0,0,0,0,0,0,0
451,2017-04-19,21:06:12,0,ZC705,XZCE,623.6,622.0,624.8,4042,252292919.97,175520,177302,658.2,583.4,620.8,622.6,0.0,622.6,0,0,0,2017-04-20,75972000,623.6,17,0,0,0,0,0,0,0,0,623.8,4,0,0,0,0,0,0,0,0
452,2017-04-19,21:06:13,0,ZC705,XZCE,623.6,622.0,624.8,4044,252417639.97,175520,177302,658.2,583.4,620.8,622.6,0.0,622.6,0,0,0,2017-04-20,75973000,623.6,16,0,0,0,0,0,0,0,0,623.8,4,0,0,0,0,0,0,0,0
453,2017-04-19,21:06:14,0,ZC705,XZCE,623.6,622.0,624.8,4044,252417639.97,175520,177302,658.2,583.4,620.8,622.6,0.0,622.6,0,0,0,2017-04-20,75974000,623.6,17,0,0,0,0,0,0,0,0,623.8,1,0,0,0,0,0,0,0,0
454,2017-04-19,21:06:16,0,ZC705,XZCE,623.6,622.0,624.8,4044,252417639.97,175520,177302,658.2,583.4,620.8,622.6,0.0,622.6,0,0,0,2017-04-20,75976000,623.6,18,0,0,0,0,0,0,0,0,623.8,1,0,0,0,0,0,0,0,0
455,2017-04-19,21:06:17,0,ZC705,XZCE,623.6,622.0,624.8,4054,253041239.97,175520,177302,658.2,583.4,620.8,622.6,0.0,622.6,0,0,0,2017-04-20,75977000,623.6,13,0,0,0,0,0,0,0,0,623.8,1,0,0,0,0,0,0,0,0
456,2017-04-19,21:06:18,0,ZC705,XZCE,623.6,622.0,624.8,4058,253290679.97,175518,177302,658.2,583.4,620.8,622.6,0.0,622.6,0,0,0,2017-04-20,75978000,623.6,11,0,0,0,0,0,0,0,0,623.8,1,0,0,0,0,0,0,0,0
457,2017-04-19,21:06:20,0,ZC705,XZCE,623.6,622.0,624.8,4060,253415399.97,175518,177302,658.2,583.4,620.8,622.6,0.0,622.6,0,0,0,2017-04-20,75980000,623.6,14,0,0,0,0,0,0,0,0,623.8,1,0,0,0,0,0,0,0,0
458,2017-04-19,21:06:20,0,ZC705,XZCE,623.6,622.0,624.8,4062,253540119.97,175518,177302,658.2,583.4,620.8,622.6,0.0,622.6,0,0,0,2017-04-20,75980000,623.6,9,0,0,0,0,0,0,0,0,623.8,1,0,0,0,0,0,0,0,0
459,2017-04-19,21:06:21,0,ZC705,XZCE,623.6,622.0,624.8,4062,253540119.97,175518,177302,658.2,583.4,620.8,622.6,0.0,622.6,0,0,0,2017-04-20,75981000,623.6,10,0,0,0,0,0,0,0,0,623.8,1,0,0,0,0,0,0,0,0
460,2017-04-19,21:06:21,0,ZC705,XZCE,623.6,622.0,624.8,4062,253540119.97,175518,177302,658.2,583.4,620.8,622.6,0.0,622.6,0,0,0,2017-04-20,75981000,623.6,14,0,0,0,0,0,0,0,0,623.8,1,0,0,0,0,0,0,0,0
461,2017-04-19,21:06:22,0,ZC705,XZCE,623.6,622.0,624.8,4062,253540119.97,175518,177302,658.2,583.4,620.8,622.6,0.0,622.6,0,0,0,2017-04-20,75982000,623.6,10,0,0,0,0,0,0,0,0,623.8,1,0,0,0,0,0,0,0,0
462,2017-04-19,21:06:23,0,ZC705,XZCE,623.8,622.0,624.8,4064,253664879.97,175518,177302,658.2,583.4,620.8,622.6,0.0,622.6,0,0,0,2017-04-20,75983000,623.6,10,0,0,0,0,0,0,0,0,624.0,6,0,0,0,0,0,0,0,0
463,2017-04-19,21:06:24,0,ZC705,XZCE,623.6,622.0,624.8,4066,253789599.97,175518,177302,658.2,583.4,620.8,622.6,0.0,622.6,0,0,0,2017-04-20,75984000,623.6,9,0,0,0,0,0,0,0,0,624.0,6,0,0,0,0,0,0,0,0
464,2017-04-19,21:06:24,0,ZC705,XZCE,623.6,622.0,624.8,4070,254039039.97,175518,177302,658.2,583.4,620.8,622.6,0.0,622.6,0,0,0,2017-04-20,75984000,623.6,7,0,0,0,0,0,0,0,0,624.0,6,0,0,0,0,0,0,0,0
465,2017-04-19,21:06:25,0,ZC705,XZCE,623.6,622.0,624.8,4072,254163759.97,175518,177302,658.2,583.4,620.8,622.6,0.0,622.6,0,0,0,2017-04-20,75985000,623.6,6,0,0,0,0,0,0,0,0,624.0,6,0,0,0,0,0,0,0,0
466,2017-04-19,21:06:25,0,ZC705,XZCE,623.6,622.0,624.8,4074,254288479.97,175518,177302,658.2,583.4,620.8,622.6,0.0,622.6,0,0,0,2017-04-20,75985000,623.6,5,0,0,0,0,0,0,0,0,624.0,6,0,0,0,0,0,0,0,0
467,2017-04-19,21:06:27,0,ZC705,XZCE,623.6,622.0,624.8,4076,254413199.97,175518,177302,658.2,583.4,620.8,622.6,0.0,622.6,0,0,0,2017-04-20,75987000,623.6,8,0,0,0,0,0,0,0,0,624.0,6,0,0,0,0,0,0,0,0
468,2017-04-19,21:06:29,0,ZC705,XZCE,623.6,622.0,624.8,4076,254413199.97,175518,177302,658.2,583.4,620.8,622.6,0.0,622.6,0,0,0,2017-04-20,75989000,623.6,7,0,0,0,0,0,0,0,0,624.0,6,0,0,0,0,0,0,0,0
469,2017-04-19,21:06:30,0,ZC705,XZCE,624.0,622.0,624.8,4078,254537999.97,175518,177302,658.2,583.4,620.8,622.6,0.0,622.6,0,0,0,2017-04-20,75990000,623.6,8,0,0,0,0,0,0,0,0,624.0,5,0,0,0,0,0,0,0,0
470,2017-04-19,21:06:30,0,ZC705,XZCE,624.0,622.0,624.8,4078,254537999.97,175518,177302,658.2,583.4,620.8,622.6,0.0,622.6,0,0,0,2017-04-20,75990000,623.8,1,0,0,0,0,0,0,0,0,624.0,5,0,0,0,0,0,0,0,0
471,2017-04-19,21:06:31,0,ZC705,XZCE,623.6,622.0,624.8,4094,255535759.97,175520,177302,658.2,583.4,620.8,622.6,0.0,622.6,0,0,0,2017-04-20,75991000,623.4,13,0,0,0,0,0,0,0,0,623.6,3,0,0,0,0,0,0,0,0
472,2017-04-19,21:06:31,0,ZC705,XZCE,623.6,622.0,624.8,4100,255909919.97,175520,177302,658.2,583.4,620.8,622.6,0.0,622.6,0,0,0,2017-04-20,75991000,623.4,13,0,0,0,0,0,0,0,0,623.8,4,0,0,0,0,0,0,0,0
473,2017-04-19,21:06:34,0,ZC705,XZCE,623.6,622.0,624.8,4100,255909919.97,175520,177302,658.2,583.4,620.8,622.6,0.0,622.6,0,0,0,2017-04-20,75994000,623.6,1,0,0,0,0,0,0,0,0,623.8,4,0,0,0,0,0,0,0,0
474,2017-04-19,21:06:35,0,ZC705,XZCE,623.4,622.0,624.8,4104,256159279.97,175518,177302,658.2,583.4,620.8,622.6,0.0,622.6,0,0,0,2017-04-20,75995000,623.4,12,0,0,0,0,0,0,0,0,623.8,4,0,0,0,0,0,0,0,0
475,2017-04-19,21:06:36,0,ZC705,XZCE,623.4,622.0,624.8,4104,256159279.97,175518,177302,658.2,583.4,620.8,622.6,0.0,622.6,0,0,0,2017-04-20,75996000,623.4,8,0,0,0,0,0,0,0,0,623.8,4,0,0,0,0,0,0,0,0
476,2017-04-19,21:06:42,0,ZC705,XZCE,623.4,622.0,624.8,4108,256408639.97,175518,177302,658.2,583.4,620.8,622.6,0.0,622.6,0,0,0,2017-04-20,76002000,623.4,6,0,0,0,0,0,0,0,0,623.8,4,0,0,0,0,0,0,0,0
477,2017-04-19,21:06:46,0,ZC705,XZCE,623.4,622.0,624.8,4108,256408639.97,175518,177302,658.2,583.4,620.8,622.6,0.0,622.6,0,0,0,2017-04-20,76006000,623.4,6,0,0,0,0,0,0,0,0,623.8,5,0,0,0,0,0,0,0,0
478,2017-04-19,21:06:46,0,ZC705,XZCE,623.8,622.0,624.8,4114,256782919.97,175512,177302,658.2,583.4,620.8,622.6,0.0,622.6,0,0,0,2017-04-20,76006000,623.4,6,0,0,0,0,0,0,0,0,623.8,2,0,0,0,0,0,0,0,0
479,2017-04-19,21:06:47,0,ZC705,XZCE,623.6,622.0,624.8,4116,256907639.97,175510,177302,658.2,583.4,620.8,622.6,0.0,622.6,0,0,0,2017-04-20,76007000,623.6,2,0,0,0,0,0,0,0,0,623.8,4,0,0,0,0,0,0,0,0
480,2017-04-19,21:06:52,0,ZC705,XZCE,623.6,622.0,624.8,4116,256907639.97,175510,177302,658.2,583.4,620.8,622.6,0.0,622.6,0,0,0,2017-04-20,76012000,623.6,8,0,0,0,0,0,0,0,0,623.8,4,0,0,0,0,0,0,0,0
481,2017-04-19,21:06:52,0,ZC705,XZCE,623.6,622.0,624.8,4118,257032359.97,175508,177302,658.2,583.4,620.8,622.6,0.0,622.6,0,0,0,2017-04-20,76012000,623.6,7,0,0,0,0,0,0,0,0,623.8,4,0,0,0,0,0,0,0,0
482,2017-04-19,21:06:55,0,ZC705,XZCE,623.6,622.0,624.8,4118,257032359.97,175508,177302,658.2,583.4,620.8,622.6,0.0,622.6,0,0,0,2017-04-20,76015000,623.6,7,0,0,0,0,0,0,0,0,623.8,5,0,0,0,0,0,0,0,0
483,2017-04-19,21:06:58,0,ZC705,XZCE,623.6,622.0,624.8,4118,257032359.97,175508,177302,658.2,583.4,620.8,622.6,0.0,622.6,0,0,0,2017-04-20,76018000,623.6,7,0,0,0,0,0,0,0,0,623.8,6,0,0,0,0,0,0,0,0
484,2017-04-19,21:07:03,0,ZC705,XZCE,623.6,622.0,624.8,4126,257531239.97,175500,177302,658.2,583.4,620.8,622.6,0.0,622.6,0,0,0,2017-04-20,76023000,623.6,3,0,0,0,0,0,0,0,0,623.8,6,0,0,0,0,0,0,0,0
485,2017-04-19,21:07:04,0,ZC705,XZCE,623.6,622.0,624.8,4126,257531239.97,175500,177302,658.2,583.4,620.8,622.6,0.0,622.6,0,0,0,2017-04-20,76024000,623.6,3,0,0,0,0,0,0,0,0,623.8,5,0,0,0,0,0,0,0,0
486,2017-04-19,21:07:05,0,ZC705,XZCE,623.6,622.0,624.8,4128,257655959.97,175500,177302,658.2,583.4,620.8,622.6,0.0,622.6,0,0,0,2017-04-20,76025000,623.6,5,0,0,0,0,0,0,0,0,623.8,6,0,0,0,0,0,0,0,0
487,2017-04-19,21:07:05,0,ZC705,XZCE,623.6,622.0,624.8,4128,257655959.97,175500,177302,658.2,583.4,620.8,622.6,0.0,622.6,0,0,0,2017-04-20,76025000,623.6,25,0,0,0,0,0,0,0,0,623.8,7,0,0,0,0,0,0,0,0
488,2017-04-19,21:07:05,0,ZC705,XZCE,623.6,622.0,624.8,4130,257780679.97,175498,177302,658.2,583.4,620.8,622.6,0.0,622.6,0,0,0,2017-04-20,76025000,623.6,24,0,0,0,0,0,0,0,0,623.8,7,0,0,0,0,0,0,0,0
489,2017-04-19,21:07:06,0,ZC705,XZCE,623.6,622.0,624.8,4130,257780679.97,175498,177302,658.2,583.4,620.8,622.6,0.0,622.6,0,0,0,2017-04-20,76026000,623.6,24,0,0,0,0,0,0,0,0,623.8,10,0,0,0,0,0,0,0,0
490,2017-04-19,21:07:07,0,ZC705,XZCE,623.6,622.0,624.8,4130,257780679.97,175498,177302,658.2,583.4,620.8,622.6,0.0,622.6,0,0,0,2017-04-20,76027000,623.6,24,0,0,0,0,0,0,0,0,623.8,6,0,0,0,0,0,0,0,0
491,2017-04-19,21:07:08,0,ZC705,XZCE,623.6,622.0,624.8,4140,258404279.97,175488,177302,658.2,583.4,620.8,622.6,0.0,622.6,0,0,0,2017-04-20,76028000,623.6,19,0,0,0,0,0,0,0,0,623.8,6,0,0,0,0,0,0,0,0
492,2017-04-19,21:07:11,0,ZC705,XZCE,623.8,622.0,624.8,4142,258529039.96,175488,177302,658.2,583.4,620.8,622.6,0.0,622.6,0,0,0,2017-04-20,76031000,623.6,19,0,0,0,0,0,0,0,0,623.8,5,0,0,0,0,0,0,0,0
493,2017-04-19,21:07:11,0,ZC705,XZCE,623.6,622.0,624.8,4144,258653759.96,175486,177302,658.2,583.4,620.8,622.6,0.0,622.6,0,0,0,2017-04-20,76031000,623.6,18,0,0,0,0,0,0,0,0,623.8,5,0,0,0,0,0,0,0,0
494,2017-04-19,21:07:13,0,ZC705,XZCE,623.6,622.0,624.8,4144,258653759.96,175486,177302,658.2,583.4,620.8,622.6,0.0,622.6,0,0,0,2017-04-20,76033000,623.6,18,0,0,0,0,0,0,0,0,623.8,9,0,0,0,0,0,0,0,0
495,2017-04-19,21:07:14,0,ZC705,XZCE,623.6,622.0,624.8,4144,258653759.96,175486,177302,658.2,583.4,620.8,622.6,0.0,622.6,0,0,0,2017-04-20,76034000,623.6,18,0,0,0,0,0,0,0,0,623.8,11,0,0,0,0,0,0,0,0
496,2017-04-19,21:07:17,0,ZC705,XZCE,623.6,622.0,624.8,4146,258778479.96,175486,177302,658.2,583.4,620.8,622.6,0.0,622.6,0,0,0,2017-04-20,76037000,623.6,18,0,0,0,0,0,0,0,0,623.8,11,0,0,0,0,0,0,0,0
497,2017-04-19,21:07:22,0,ZC705,XZCE,623.6,622.0,624.8,4146,258778479.96,175486,177302,658.2,583.4,620.8,622.6,0.0,622.6,0,0,0,2017-04-20,76042000,623.6,18,0,0,0,0,0,0,0,0,623.8,21,0,0,0,0,0,0,0,0
498,2017-04-19,21:07:23,0,ZC705,XZCE,623.6,622.0,624.8,4154,259277359.96,175480,177302,658.2,583.4,620.8,622.6,0.0,622.6,0,0,0,2017-04-20,76043000,623.6,14,0,0,0,0,0,0,0,0,623.8,21,0,0,0,0,0,0,0,0
499,2017-04-19,21:07:23,0,ZC705,XZCE,623.6,622.0,624.8,4182,261023439.96,175452,177302,658.2,583.4,620.8,622.6,0.0,622.6,0,0,0,2017-04-20,76043000,623.4,6,0,0,0,0,0,0,0,0,623.6,16,0,0,0,0,0,0,0,0
500,2017-04-19,21:07:24,0,ZC705,XZCE,623.4,622.0,624.8,4184,261148119.96,175450,177302,658.2,583.4,620.8,622.6,0.0,622.6,0,0,0,2017-04-20,76044000,623.4,5,0,0,0,0,0,0,0,0,623.6,16,0,0,0,0,0,0,0,0
501,2017-04-19,21:07:27,0,ZC705,XZCE,623.4,622.0,624.8,4184,261148119.96,175450,177302,658.2,583.4,620.8,622.6,0.0,622.6,0,0,0,2017-04-20,76047000,623.4,9,0,0,0,0,0,0,0,0,623.6,16,0,0,0,0,0,0,0,0
502,2017-04-19,21:07:27,0,ZC705,XZCE,623.4,622.0,624.8,4188,261397479.96,175446,177302,658.2,583.4,620.8,622.6,0.0,622.6,0,0,0,2017-04-20,76047000,623.4,7,0,0,0,0,0,0,0,0,623.6,16,0,0,0,0,0,0,0,0
503,2017-04-19,21:07:33,0,ZC705,XZCE,623.4,622.0,624.8,4188,261397479.96,175446,177302,658.2,583.4,620.8,622.6,0.0,622.6,0,0,0,2017-04-20,76053000,623.4,3,0,0,0,0,0,0,0,0,623.6,16,0,0,0,0,0,0,0,0
504,2017-04-19,21:07:33,0,ZC705,XZCE,623.4,622.0,624.8,4190,261522159.96,175446,177302,658.2,583.4,620.8,622.6,0.0,622.6,0,0,0,2017-04-20,76053000,623.4,2,0,0,0,0,0,0,0,0,623.6,16,0,0,0,0,0,0,0,0
505,2017-04-19,21:07:34,0,ZC705,XZCE,623.4,622.0,624.8,4190,261522159.96,175446,177302,658.2,583.4,620.8,622.6,0.0,622.6,0,0,0,2017-04-20,76054000,623.4,4,0,0,0,0,0,0,0,0,623.6,17,0,0,0,0,0,0,0,0
506,2017-04-19,21:07:35,0,ZC705,XZCE,623.4,622.0,624.8,4192,261646839.96,175446,177302,658.2,583.4,620.8,622.6,0.0,622.6,0,0,0,2017-04-20,76055000,623.4,3,0,0,0,0,0,0,0,0,623.6,17,0,0,0,0,0,0,0,0
507,2017-04-19,21:07:36,0,ZC705,XZCE,623.6,622.0,624.8,4196,261896279.96,175442,177302,658.2,583.4,620.8,622.6,0.0,622.6,0,0,0,2017-04-20,76056000,623.4,3,0,0,0,0,0,0,0,0,623.6,15,0,0,0,0,0,0,0,0
508,2017-04-19,21:07:37,0,ZC705,XZCE,623.6,622.0,624.8,4198,262020999.96,175440,177302,658.2,583.4,620.8,622.6,0.0,622.6,0,0,0,2017-04-20,76057000,623.4,3,0,0,0,0,0,0,0,0,623.6,14,0,0,0,0,0,0,0,0
509,2017-04-19,21:07:38,0,ZC705,XZCE,623.6,622.0,624.8,4202,262270439.96,175436,177302,658.2,583.4,620.8,622.6,0.0,622.6,0,0,0,2017-04-20,76058000,623.4,3,0,0,0,0,0,0,0,0,623.6,12,0,0,0,0,0,0,0,0
