,dataDate,dataTime,dataMillisec,instrumentID,exchangeCD,lastPrice,lowPrice,highPrice,volume,value,openInterest,preOpenInterest,upperLimitPrice,lowerLimitPrice,preSettlementPrice,prevClosePrice,settlementPrice,openPrice,closePrice,preDelta,currDelta,clearingDay,milliSecOffset,bidPrice1,bidVolume1,bidPrice2,bidVolume2,bidPrice3,bidVolume3,bidPrice4,bidVolume4,bidPrice5,bidVolume5,askPrice1,askVolume1,askPrice2,askVolume2,askPrice3,askVolume3,askPrice4,askVolume4,askPrice5,askVolume5
0,2017-04-24,09:00:00,762,a1709,XDCE,3764,3740,3782,77342,2906732340,239360,249612,3934,3560,3747,3743,0,3750,0,0,0,2017-04-24,32400762,3762,67,0,0,0,0,0,0,0,0,3764,68,0,0,0,0,0,0,0,0
1,2017-04-24,09:00:01,263,a1709,XDCE,3764,3740,3782,77456,2911023140,239338,249612,3934,3560,3747,3743,0,3750,0,0,0,2017-04-24,32401263,3763,2,0,0,0,0,0,0,0,0,3765,30,0,0,0,0,0,0,0,0
2,2017-04-24,09:00:01,764,a1709,XDCE,3766,3740,3782,77618,2917121420,239268,249612,3934,3560,3747,3743,0,3750,0,0,0,2017-04-24,32401764,3765,2,0,0,0,0,0,0,0,0,3766,95,0,0,0,0,0,0,0,0
3,2017-04-24,09:00:02,255,a1709,XDCE,3764,3740,3782,77670,2919078860,239268,249612,3934,3560,3747,3743,0,3750,0,0,0,2017-04-24,32402255,3763,9,0,0,0,0,0,0,0,0,3764,14,0,0,0,0,0,0,0,0
4,2017-04-24,09:00:02,744,a1709,XDCE,3763,3740,3782,77704,2920358280,239260,249612,3934,3560,3747,3743,0,3750,0,0,0,2017-04-24,32402744,3762,8,0,0,0,0,0,0,0,0,3763,1,0,0,0,0,0,0,0,0
5,2017-04-24,09:00:03,263,a1709,XDCE,3762,3740,3782,77740,2921712700,239272,249612,3934,3560,3747,3743,0,3750,0,0,0,2017-04-24,32403263,3762,4,0,0,0,0,0,0,0,0,3764,15,0,0,0,0,0,0,0,0
6,2017-04-24,09:00:03,763,a1709,XDCE,3761,3740,3782,77812,2924420900,239294,249612,3934,3560,3747,3743,0,3750,0,0,0,2017-04-24,32403763,3760,21,0,0,0,0,0,0,0,0,3762,25,0,0,0,0,0,0,0,0
7,2017-04-24,09:00:04,248,a1709,XDCE,3762,3740,3782,77866,2926452180,239314,249612,3934,3560,3747,3743,0,3750,0,0,0,2017-04-24,32404248,3760,23,0,0,0,0,0,0,0,0,3762,8,0,0,0,0,0,0,0,0
8,2017-04-24,09:00:04,744,a1709,XDCE,3762,3740,3782,77884,2927129340,239326,249612,3934,3560,3747,3743,0,3750,0,0,0,2017-04-24,32404744,3761,2,0,0,0,0,0,0,0,0,3762,1,0,0,0,0,0,0,0,0
9,2017-04-24,09:00:05,239,a1709,XDCE,3762,3740,3782,77900,2927731200,239330,249612,3934,3560,3747,3743,0,3750,0,0,0,2017-04-24,32405239,3761,11,0,0,0,0,0,0,0,0,3762,1,0,0,0,0,0,0,0,0
10,2017-04-24,09:00:05,759,a1709,XDCE,3763,3740,3782,77918,2928408400,239328,249612,3934,3560,3747,3743,0,3750,0,0,0,2017-04-24,32405759,3762,3,0,0,0,0,0,0,0,0,3763,2,0,0,0,0,0,0,0,0
11,2017-04-24,09:00:06,169,a1709,XDCE,3764,3740,3782,77924,2928634200,239328,249612,3934,3560,3747,3743,0,3750,0,0,0,2017-04-24,32406169,3763,1,0,0,0,0,0,0,0,0,3764,17,0,0,0,0,0,0,0,0
12,2017-04-24,09:00:06,756,a1709,XDCE,3762,3740,3782,77970,2930364780,239318,249612,3934,3560,3747,3743,0,3750,0,0,0,2017-04-24,32406756,3761,4,0,0,0,0,0,0,0,0,3763,2,0,0,0,0,0,0,0,0
13,2017-04-24,09:00:07,253,a1709,XDCE,3763,3740,3782,77980,2930741080,239318,249612,3934,3560,3747,3743,0,3750,0,0,0,2017-04-24,32407253,3762,3,0,0,0,0,0,0,0,0,3763,76,0,0,0,0,0,0,0,0
14,2017-04-24,09:00:07,743,a1709,XDCE,3762,3740,3782,78024,2932396620,239336,249612,3934,3560,3747,3743,0,3750,0,0,0,2017-04-24,32407743,3761,10,0,0,0,0,0,0,0,0,3762,3,0,0,0,0,0,0,0,0
15,2017-04-24,09:00:08,260,a1709,XDCE,3762,3740,3782,78030,2932622320,239340,249612,3934,3560,3747,3743,0,3750,0,0,0,2017-04-24,32408260,3761,9,0,0,0,0,0,0,0,0,3762,2,0,0,0,0,0,0,0,0
16,2017-04-24,09:00:08,736,a1709,XDCE,3763,3740,3782,78052,2933450140,239340,249612,3934,3560,3747,3743,0,3750,0,0,0,2017-04-24,32408736,3762,2,0,0,0,0,0,0,0,0,3763,57,0,0,0,0,0,0,0,0
17,2017-04-24,09:00:09,260,a1709,XDCE,3763,3740,3782,78058,2933675900,239340,249612,3934,3560,3747,3743,0,3750,0,0,0,2017-04-24,32409260,3762,5,0,0,0,0,0,0,0,0,3763,54,0,0,0,0,0,0,0,0
18,2017-04-24,09:00:09,756,a1709,XDCE,3762,3740,3782,78084,2934654160,239340,249612,3934,3560,3747,3743,0,3750,0,0,0,2017-04-24,32409756,3761,11,0,0,0,0,0,0,0,0,3763,47,0,0,0,0,0,0,0,0
19,2017-04-24,09:00:10,234,a1709,XDCE,3762,3740,3782,78098,2935180860,239350,249612,3934,3560,3747,3743,0,3750,0,0,0,2017-04-24,32410234,3761,11,0,0,0,0,0,0,0,0,3762,60,0,0,0,0,0,0,0,0
20,2017-04-24,09:00:10,759,a1709,XDCE,3762,3740,3782,78150,2937136900,239374,249612,3934,3560,3747,3743,0,3750,0,0,0,2017-04-24,32410759,3761,4,0,0,0,0,0,0,0,0,3762,45,0,0,0,0,0,0,0,0
21,2017-04-24,09:00:11,263,a1709,XDCE,3762,3740,3782,78240,2940522700,239458,249612,3934,3560,3747,3743,0,3750,0,0,0,2017-04-24,32411263,3762,8,0,0,0,0,0,0,0,0,3763,53,0,0,0,0,0,0,0,0
22,2017-04-24,09:00:11,724,a1709,XDCE,3762,3740,3782,78248,2940823700,239458,249612,3934,3560,3747,3743,0,3750,0,0,0,2017-04-24,32411724,3762,30,0,0,0,0,0,0,0,0,3763,50,0,0,0,0,0,0,0,0
23,2017-04-24,09:00:12,220,a1709,XDCE,3762,3740,3782,78294,2942554660,239458,249612,3934,3560,3747,3743,0,3750,0,0,0,2017-04-24,32412220,3762,10,0,0,0,0,0,0,0,0,3763,26,0,0,0,0,0,0,0,0
24,2017-04-24,09:00:12,763,a1709,XDCE,3763,3740,3782,78306,2943006220,239450,249612,3934,3560,3747,3743,0,3750,0,0,0,2017-04-24,32412763,3762,11,0,0,0,0,0,0,0,0,3763,20,0,0,0,0,0,0,0,0
25,2017-04-24,09:00:13,259,a1709,XDCE,3763,3740,3782,78370,2945414540,239452,249612,3934,3560,3747,3743,0,3750,0,0,0,2017-04-24,32413259,3763,9,0,0,0,0,0,0,0,0,3764,19,0,0,0,0,0,0,0,0
26,2017-04-24,09:00:13,755,a1709,XDCE,3764,3740,3782,78398,2946468460,239452,249612,3934,3560,3747,3743,0,3750,0,0,0,2017-04-24,32413755,3764,12,0,0,0,0,0,0,0,0,3765,13,0,0,0,0,0,0,0,0
27,2017-04-24,09:00:14,256,a1709,XDCE,3764,3740,3782,78402,2946619020,239456,249612,3934,3560,3747,3743,0,3750,0,0,0,2017-04-24,32414256,3764,16,0,0,0,0,0,0,0,0,3765,10,0,0,0,0,0,0,0,0
28,2017-04-24,09:00:14,759,a1709,XDCE,3765,3740,3782,78444,2948199980,239442,249612,3934,3560,3747,3743,0,3750,0,0,0,2017-04-24,32414759,3764,13,0,0,0,0,0,0,0,0,3765,7,0,0,0,0,0,0,0,0
29,2017-04-24,09:00:15,261,a1709,XDCE,3765,3740,3782,78446,2948275280,239442,249612,3934,3560,3747,3743,0,3750,0,0,0,2017-04-24,32415261,3764,15,0,0,0,0,0,0,0,0,3765,6,0,0,0,0,0,0,0,0
30,2017-04-24,09:00:15,740,a1709,XDCE,3765,3740,3782,78448,2948350580,239442,249612,3934,3560,3747,3743,0,3750,0,0,0,2017-04-24,32415740,3764,17,0,0,0,0,0,0,0,0,3765,5,0,0,0,0,0,0,0,0
31,2017-04-24,09:00:16,217,a1709,XDCE,3764,3740,3782,78462,2948877560,239446,249612,3934,3560,3747,3743,0,3750,0,0,0,2017-04-24,32416217,3764,13,0,0,0,0,0,0,0,0,3765,4,0,0,0,0,0,0,0,0
32,2017-04-24,09:00:16,689,a1709,XDCE,3765,3740,3782,78508,2950609240,239444,249612,3934,3560,3747,3743,0,3750,0,0,0,2017-04-24,32416689,3764,6,0,0,0,0,0,0,0,0,3765,12,0,0,0,0,0,0,0,0
33,2017-04-24,09:00:17,211,a1709,XDCE,3764,3740,3782,78528,2951362060,239430,249612,3934,3560,3747,3743,0,3750,0,0,0,2017-04-24,32417211,3763,12,0,0,0,0,0,0,0,0,3764,16,0,0,0,0,0,0,0,0
34,2017-04-24,09:00:17,695,a1709,XDCE,3763,3740,3782,78532,2951512600,239432,249612,3934,3560,3747,3743,0,3750,0,0,0,2017-04-24,32417695,3763,14,0,0,0,0,0,0,0,0,3764,15,0,0,0,0,0,0,0,0
35,2017-04-24,09:00:18,252,a1709,XDCE,3764,3740,3782,78550,2952190100,239432,249612,3934,3560,3747,3743,0,3750,0,0,0,2017-04-24,32418252,3763,15,0,0,0,0,0,0,0,0,3764,7,0,0,0,0,0,0,0,0
36,2017-04-24,09:00:18,759,a1709,XDCE,3764,3740,3782,78550,2952190100,239432,249612,3934,3560,3747,3743,0,3750,0,0,0,2017-04-24,32418759,3763,13,0,0,0,0,0,0,0,0,3764,7,0,0,0,0,0,0,0,0
37,2017-04-24,09:00:19,242,a1709,XDCE,3764,3740,3782,78578,2953243760,239446,249612,3934,3560,3747,3743,0,3750,0,0,0,2017-04-24,32419242,3763,2,0,0,0,0,0,0,0,0,3764,8,0,0,0,0,0,0,0,0
38,2017-04-24,09:00:19,753,a1709,XDCE,3764,3740,3782,78582,2953394300,239444,249612,3934,3560,3747,3743,0,3750,0,0,0,2017-04-24,32419753,3763,4,0,0,0,0,0,0,0,0,3764,7,0,0,0,0,0,0,0,0
39,2017-04-24,09:00:20,259,a1709,XDCE,3764,3740,3782,78608,2954372940,239444,249612,3934,3560,3747,3743,0,3750,0,0,0,2017-04-24,32420259,3763,8,0,0,0,0,0,0,0,0,3765,23,0,0,0,0,0,0,0,0
40,2017-04-24,09:00:20,733,a1709,XDCE,3764,3740,3782,78612,2954523500,239444,249612,3934,3560,3747,3743,0,3750,0,0,0,2017-04-24,32420733,3764,1,0,0,0,0,0,0,0,0,3765,23,0,0,0,0,0,0,0,0
41,2017-04-24,09:00:21,247,a1709,XDCE,3764,3740,3782,78612,2954523500,239444,249612,3934,3560,3747,3743,0,3750,0,0,0,2017-04-24,32421247,3764,7,0,0,0,0,0,0,0,0,3765,23,0,0,0,0,0,0,0,0
42,2017-04-24,09:00:21,667,a1709,XDCE,3765,3740,3782,78616,2954674100,239444,249612,3934,3560,3747,3743,0,3750,0,0,0,2017-04-24,32421667,3764,9,0,0,0,0,0,0,0,0,3765,21,0,0,0,0,0,0,0,0
43,2017-04-24,09:00:22,259,a1709,XDCE,3764,3740,3782,78626,2955050500,239446,249612,3934,3560,3747,3743,0,3750,0,0,0,2017-04-24,32422259,3764,6,0,0,0,0,0,0,0,0,3765,21,0,0,0,0,0,0,0,0
44,2017-04-24,09:00:22,721,a1709,XDCE,3764,3740,3782,78628,2955125780,239448,249612,3934,3560,3747,3743,0,3750,0,0,0,2017-04-24,32422721,3764,7,0,0,0,0,0,0,0,0,3765,21,0,0,0,0,0,0,0,0
45,2017-04-24,09:00:23,243,a1709,XDCE,3764,3740,3782,78628,2955125780,239448,249612,3934,3560,3747,3743,0,3750,0,0,0,2017-04-24,32423243,3764,9,0,0,0,0,0,0,0,0,3765,23,0,0,0,0,0,0,0,0
46,2017-04-24,09:00:23,744,a1709,XDCE,3764,3740,3782,78674,2956857240,239474,249612,3934,3560,3747,3743,0,3750,0,0,0,2017-04-24,32423744,3763,10,0,0,0,0,0,0,0,0,3764,151,0,0,0,0,0,0,0,0
47,2017-04-24,09:00:24,186,a1709,XDCE,3764,3740,3782,78714,2958362840,239514,249612,3934,3560,3747,3743,0,3750,0,0,0,2017-04-24,32424186,3763,13,0,0,0,0,0,0,0,0,3764,183,0,0,0,0,0,0,0,0
48,2017-04-24,09:00:24,763,a1709,XDCE,3763,3740,3782,78748,2959642320,239516,249612,3934,3560,3747,3743,0,3750,0,0,0,2017-04-24,32424763,3762,25,0,0,0,0,0,0,0,0,3763,14,0,0,0,0,0,0,0,0
49,2017-04-24,09:00:25,241,a1709,XDCE,3762,3740,3782,78804,2961749060,239552,249612,3934,3560,3747,3743,0,3750,0,0,0,2017-04-24,32425241,3761,19,0,0,0,0,0,0,0,0,3762,6,0,0,0,0,0,0,0,0
50,2017-04-24,09:00:25,721,a1709,XDCE,3761,3740,3782,78812,2962049980,239558,249612,3934,3560,3747,3743,0,3750,0,0,0,2017-04-24,32425721,3761,18,0,0,0,0,0,0,0,0,3762,72,0,0,0,0,0,0,0,0
51,2017-04-24,09:00:26,250,a1709,XDCE,3761,3740,3782,78838,2963027840,239558,249612,3934,3560,3747,3743,0,3750,0,0,0,2017-04-24,32426250,3761,6,0,0,0,0,0,0,0,0,3762,77,0,0,0,0,0,0,0,0
52,2017-04-24,09:00:26,710,a1709,XDCE,3761,3740,3782,78854,2963629600,239562,249612,3934,3560,3747,3743,0,3750,0,0,0,2017-04-24,32426710,3760,10,0,0,0,0,0,0,0,0,3761,21,0,0,0,0,0,0,0,0
53,2017-04-24,09:00:27,243,a1709,XDCE,3761,3740,3782,78858,2963780040,239564,249612,3934,3560,3747,3743,0,3750,0,0,0,2017-04-24,32427243,3760,11,0,0,0,0,0,0,0,0,3761,22,0,0,0,0,0,0,0,0
54,2017-04-24,09:00:27,737,a1709,XDCE,3761,3740,3782,78874,2964381800,239554,249612,3934,3560,3747,3743,0,3750,0,0,0,2017-04-24,32427737,3760,13,0,0,0,0,0,0,0,0,3761,14,0,0,0,0,0,0,0,0
55,2017-04-24,09:00:29,199,a1709,XDCE,3761,3740,3782,78874,2964381800,239554,249612,3934,3560,3747,3743,0,3750,0,0,0,2017-04-24,32429199,3760,14,0,0,0,0,0,0,0,0,3761,16,0,0,0,0,0,0,0,0
56,2017-04-24,09:00:29,751,a1709,XDCE,3761,3740,3782,78882,2964682680,239554,249612,3934,3560,3747,3743,0,3750,0,0,0,2017-04-24,32429751,3760,14,0,0,0,0,0,0,0,0,3761,12,0,0,0,0,0,0,0,0
57,2017-04-24,09:00:30,236,a1709,XDCE,3761,3740,3782,78882,2964682680,239554,249612,3934,3560,3747,3743,0,3750,0,0,0,2017-04-24,32430236,3760,14,0,0,0,0,0,0,0,0,3761,14,0,0,0,0,0,0,0,0
58,2017-04-24,09:00:30,729,a1709,XDCE,3761,3740,3782,78884,2964757900,239554,249612,3934,3560,3747,3743,0,3750,0,0,0,2017-04-24,32430729,3760,14,0,0,0,0,0,0,0,0,3761,13,0,0,0,0,0,0,0,0
59,2017-04-24,09:00:31,259,a1709,XDCE,3761,3740,3782,78886,2964833120,239554,249612,3934,3560,3747,3743,0,3750,0,0,0,2017-04-24,32431259,3760,14,0,0,0,0,0,0,0,0,3761,12,0,0,0,0,0,0,0,0
60,2017-04-24,09:00:31,710,a1709,XDCE,3761,3740,3782,78890,2964983540,239554,249612,3934,3560,3747,3743,0,3750,0,0,0,2017-04-24,32431710,3760,13,0,0,0,0,0,0,0,0,3761,11,0,0,0,0,0,0,0,0
61,2017-04-24,09:00:32,204,a1709,XDCE,3762,3740,3782,78922,2966187160,239560,249612,3934,3560,3747,3743,0,3750,0,0,0,2017-04-24,32432204,3761,9,0,0,0,0,0,0,0,0,3762,70,0,0,0,0,0,0,0,0
62,2017-04-24,09:00:32,693,a1709,XDCE,3762,3740,3782,78932,2966563360,239550,249612,3934,3560,3747,3743,0,3750,0,0,0,2017-04-24,32432693,3761,7,0,0,0,0,0,0,0,0,3762,65,0,0,0,0,0,0,0,0
63,2017-04-24,09:00:33,228,a1709,XDCE,3762,3740,3782,78932,2966563360,239550,249612,3934,3560,3747,3743,0,3750,0,0,0,2017-04-24,32433228,3761,10,0,0,0,0,0,0,0,0,3762,60,0,0,0,0,0,0,0,0
64,2017-04-24,09:00:33,741,a1709,XDCE,3761,3740,3782,78988,2968670040,239506,249612,3934,3560,3747,3743,0,3750,0,0,0,2017-04-24,32433741,3761,9,0,0,0,0,0,0,0,0,3762,34,0,0,0,0,0,0,0,0
65,2017-04-24,09:00:34,235,a1709,XDCE,3761,3740,3782,78988,2968670040,239506,249612,3934,3560,3747,3743,0,3750,0,0,0,2017-04-24,32434235,3761,10,0,0,0,0,0,0,0,0,3762,34,0,0,0,0,0,0,0,0
66,2017-04-24,09:00:34,733,a1709,XDCE,3761,3740,3782,78988,2968670040,239506,249612,3934,3560,3747,3743,0,3750,0,0,0,2017-04-24,32434733,3761,12,0,0,0,0,0,0,0,0,3762,34,0,0,0,0,0,0,0,0
67,2017-04-24,09:00:35,233,a1709,XDCE,3761,3740,3782,78988,2968670040,239506,249612,3934,3560,3747,3743,0,3750,0,0,0,2017-04-24,32435233,3761,14,0,0,0,0,0,0,0,0,3762,34,0,0,0,0,0,0,0,0
68,2017-04-24,09:00:35,679,a1709,XDCE,3761,3740,3782,78988,2968670040,239506,249612,3934,3560,3747,3743,0,3750,0,0,0,2017-04-24,32435679,3761,16,0,0,0,0,0,0,0,0,3762,34,0,0,0,0,0,0,0,0
69,2017-04-24,09:00:36,240,a1709,XDCE,3761,3740,3782,78988,2968670040,239506,249612,3934,3560,3747,3743,0,3750,0,0,0,2017-04-24,32436240,3761,37,0,0,0,0,0,0,0,0,3762,34,0,0,0,0,0,0,0,0
70,2017-04-24,09:00:36,738,a1709,XDCE,3761,3740,3782,79112,2973333680,239576,249612,3934,3560,3747,3743,0,3750,0,0,0,2017-04-24,32436738,3760,43,0,0,0,0,0,0,0,0,3761,67,0,0,0,0,0,0,0,0
71,2017-04-24,09:00:37,235,a1709,XDCE,3761,3740,3782,79120,2973634540,239584,249612,3934,3560,3747,3743,0,3750,0,0,0,2017-04-24,32437235,3761,9,0,0,0,0,0,0,0,0,3762,35,0,0,0,0,0,0,0,0
72,2017-04-24,09:00:37,727,a1709,XDCE,3761,3740,3782,79138,2974311520,239584,249612,3934,3560,3747,3743,0,3750,0,0,0,2017-04-24,32437727,3760,43,0,0,0,0,0,0,0,0,3761,42,0,0,0,0,0,0,0,0
73,2017-04-24,09:00:38,223,a1709,XDCE,3760,3740,3782,79222,2977469920,239626,249612,3934,3560,3747,3743,0,3750,0,0,0,2017-04-24,32438223,3759,68,0,0,0,0,0,0,0,0,3760,23,0,0,0,0,0,0,0,0
74,2017-04-24,09:00:38,734,a1709,XDCE,3760,3740,3782,79228,2977695520,239632,249612,3934,3560,3747,3743,0,3750,0,0,0,2017-04-24,32438734,3759,66,0,0,0,0,0,0,0,0,3760,20,0,0,0,0,0,0,0,0
75,2017-04-24,09:00:39,190,a1709,XDCE,3760,3740,3782,79230,2977770720,239634,249612,3934,3560,3747,3743,0,3750,0,0,0,2017-04-24,32439190,3759,65,0,0,0,0,0,0,0,0,3760,19,0,0,0,0,0,0,0,0
76,2017-04-24,09:00:40,167,a1709,XDCE,3760,3740,3782,79232,2977845920,239634,249612,3934,3560,3747,3743,0,3750,0,0,0,2017-04-24,32440167,3759,65,0,0,0,0,0,0,0,0,3760,18,0,0,0,0,0,0,0,0
77,2017-04-24,09:00:40,733,a1709,XDCE,3760,3740,3782,79236,2977996320,239638,249612,3934,3560,3747,3743,0,3750,0,0,0,2017-04-24,32440733,3759,65,0,0,0,0,0,0,0,0,3760,16,0,0,0,0,0,0,0,0
78,2017-04-24,09:00:41,248,a1709,XDCE,3760,3740,3782,79240,2978146720,239642,249612,3934,3560,3747,3743,0,3750,0,0,0,2017-04-24,32441248,3759,65,0,0,0,0,0,0,0,0,3760,14,0,0,0,0,0,0,0,0
79,2017-04-24,09:00:41,727,a1709,XDCE,3760,3740,3782,79250,2978522720,239652,249612,3934,3560,3747,3743,0,3750,0,0,0,2017-04-24,32441727,3759,65,0,0,0,0,0,0,0,0,3760,9,0,0,0,0,0,0,0,0
80,2017-04-24,09:00:42,263,a1709,XDCE,3760,3740,3782,79252,2978597920,239654,249612,3934,3560,3747,3743,0,3750,0,0,0,2017-04-24,32442263,3759,66,0,0,0,0,0,0,0,0,3760,8,0,0,0,0,0,0,0,0
81,2017-04-24,09:00:42,756,a1709,XDCE,3760,3740,3782,79254,2978673120,239656,249612,3934,3560,3747,3743,0,3750,0,0,0,2017-04-24,32442756,3759,65,0,0,0,0,0,0,0,0,3760,7,0,0,0,0,0,0,0,0
82,2017-04-24,09:00:43,127,a1709,XDCE,3760,3740,3782,79254,2978673120,239656,249612,3934,3560,3747,3743,0,3750,0,0,0,2017-04-24,32443127,3759,67,0,0,0,0,0,0,0,0,3761,46,0,0,0,0,0,0,0,0
83,2017-04-24,09:00:43,724,a1709,XDCE,3761,3740,3782,79260,2978898780,239656,249612,3934,3560,3747,3743,0,3750,0,0,0,2017-04-24,32443724,3760,27,0,0,0,0,0,0,0,0,3761,43,0,0,0,0,0,0,0,0
84,2017-04-24,09:00:44,212,a1709,XDCE,3760,3740,3782,79334,2981681380,239656,249612,3934,3560,3747,3743,0,3750,0,0,0,2017-04-24,32444212,3759,67,0,0,0,0,0,0,0,0,3760,23,0,0,0,0,0,0,0,0
85,2017-04-24,09:00:44,728,a1709,XDCE,3760,3740,3782,79336,2981756580,239656,249612,3934,3560,3747,3743,0,3750,0,0,0,2017-04-24,32444728,3759,66,0,0,0,0,0,0,0,0,3760,23,0,0,0,0,0,0,0,0
86,2017-04-24,09:00:45,208,a1709,XDCE,3759,3740,3782,79408,2984463280,239702,249612,3934,3560,3747,3743,0,3750,0,0,0,2017-04-24,32445208,3759,39,0,0,0,0,0,0,0,0,3760,12,0,0,0,0,0,0,0,0
87,2017-04-24,09:00:45,757,a1709,XDCE,3759,3740,3782,79408,2984463280,239702,249612,3934,3560,3747,3743,0,3750,0,0,0,2017-04-24,32445757,3759,38,0,0,0,0,0,0,0,0,3760,12,0,0,0,0,0,0,0,0
88,2017-04-24,09:00:46,154,a1709,XDCE,3759,3740,3782,79412,2984613640,239702,249612,3934,3560,3747,3743,0,3750,0,0,0,2017-04-24,32446154,3759,37,0,0,0,0,0,0,0,0,3760,12,0,0,0,0,0,0,0,0
89,2017-04-24,09:00:46,699,a1709,XDCE,3759,3740,3782,79428,2985215100,239696,249612,3934,3560,3747,3743,0,3750,0,0,0,2017-04-24,32446699,3759,29,0,0,0,0,0,0,0,0,3760,12,0,0,0,0,0,0,0,0
90,2017-04-24,09:00:47,259,a1709,XDCE,3760,3740,3782,79470,2986794100,239686,249612,3934,3560,3747,3743,0,3750,0,0,0,2017-04-24,32447259,3759,21,0,0,0,0,0,0,0,0,3760,1,0,0,0,0,0,0,0,0
91,2017-04-24,09:00:47,671,a1709,XDCE,3759,3740,3782,79478,2987094840,239688,249612,3934,3560,3747,3743,0,3750,0,0,0,2017-04-24,32447671,3759,17,0,0,0,0,0,0,0,0,3761,36,0,0,0,0,0,0,0,0
92,2017-04-24,09:00:48,221,a1709,XDCE,3759,3740,3782,79478,2987094840,239688,249612,3934,3560,3747,3743,0,3750,0,0,0,2017-04-24,32448221,3759,17,0,0,0,0,0,0,0,0,3760,5,0,0,0,0,0,0,0,0
93,2017-04-24,09:00:48,751,a1709,XDCE,3759,3740,3782,79510,2988297760,239696,249612,3934,3560,3747,3743,0,3750,0,0,0,2017-04-24,32448751,3758,15,0,0,0,0,0,0,0,0,3760,45,0,0,0,0,0,0,0,0
94,2017-04-24,09:00:49,264,a1709,XDCE,3759,3740,3782,79514,2988448120,239700,249612,3934,3560,3747,3743,0,3750,0,0,0,2017-04-24,32449264,3758,10,0,0,0,0,0,0,0,0,3760,54,0,0,0,0,0,0,0,0
95,2017-04-24,09:00:49,672,a1709,XDCE,3759,3740,3782,79514,2988448120,239700,249612,3934,3560,3747,3743,0,3750,0,0,0,2017-04-24,32449672,3758,12,0,0,0,0,0,0,0,0,3760,55,0,0,0,0,0,0,0,0
96,2017-04-24,09:00:50,168,a1709,XDCE,3759,3740,3782,79516,2988523300,239698,249612,3934,3560,3747,3743,0,3750,0,0,0,2017-04-24,32450168,3758,13,0,0,0,0,0,0,0,0,3759,7,0,0,0,0,0,0,0,0
97,2017-04-24,09:00:50,682,a1709,XDCE,3758,3740,3782,79524,2988823980,239700,249612,3934,3560,3747,3743,0,3750,0,0,0,2017-04-24,32450682,3758,11,0,0,0,0,0,0,0,0,3759,6,0,0,0,0,0,0,0,0
98,2017-04-24,09:00:51,255,a1709,XDCE,3760,3740,3782,79548,2989726260,239684,249612,3934,3560,3747,3743,0,3750,0,0,0,2017-04-24,32451255,3759,1,0,0,0,0,0,0,0,0,3760,47,0,0,0,0,0,0,0,0
99,2017-04-24,09:00:51,654,a1709,XDCE,3759,3740,3782,79550,2989801440,239684,249612,3934,3560,3747,3743,0,3750,0,0,0,2017-04-24,32451654,3758,11,0,0,0,0,0,0,0,0,3759,7,0,0,0,0,0,0,0,0
100,2017-04-24,09:00:52,231,a1709,XDCE,3759,3740,3782,79550,2989801440,239684,249612,3934,3560,3747,3743,0,3750,0,0,0,2017-04-24,32452231,3758,11,0,0,0,0,0,0,0,0,3759,42,0,0,0,0,0,0,0,0
101,2017-04-24,09:00:52,758,a1709,XDCE,3759,3740,3782,79550,2989801440,239684,249612,3934,3560,3747,3743,0,3750,0,0,0,2017-04-24,32452758,3758,12,0,0,0,0,0,0,0,0,3759,8,0,0,0,0,0,0,0,0
102,2017-04-24,09:00:53,224,a1709,XDCE,3758,3740,3782,79574,2990703360,239678,249612,3934,3560,3747,3743,0,3750,0,0,0,2017-04-24,32453224,3757,16,0,0,0,0,0,0,0,0,3758,22,0,0,0,0,0,0,0,0
103,2017-04-24,09:00:53,718,a1709,XDCE,3759,3740,3782,79626,2992657600,239658,249612,3934,3560,3747,3743,0,3750,0,0,0,2017-04-24,32453718,3757,15,0,0,0,0,0,0,0,0,3759,7,0,0,0,0,0,0,0,0
104,2017-04-24,09:00:54,185,a1709,XDCE,3757,3740,3782,79632,2992883060,239656,249612,3934,3560,3747,3743,0,3750,0,0,0,2017-04-24,32454185,3757,14,0,0,0,0,0,0,0,0,3758,2,0,0,0,0,0,0,0,0
105,2017-04-24,09:00:54,700,a1709,XDCE,3757,3740,3782,79636,2993033340,239652,249612,3934,3560,3747,3743,0,3750,0,0,0,2017-04-24,32454700,3757,14,0,0,0,0,0,0,0,0,3758,3,0,0,0,0,0,0,0,0
106,2017-04-24,09:00:55,244,a1709,XDCE,3757,3740,3782,79648,2993484200,239648,249612,3934,3560,3747,3743,0,3750,0,0,0,2017-04-24,32455244,3757,9,0,0,0,0,0,0,0,0,3758,6,0,0,0,0,0,0,0,0
107,2017-04-24,09:00:55,736,a1709,XDCE,3758,3740,3782,79660,2993935160,239646,249612,3934,3560,3747,3743,0,3750,0,0,0,2017-04-24,32455736,3758,4,0,0,0,0,0,0,0,0,3759,9,0,0,0,0,0,0,0,0
108,2017-04-24,09:00:56,257,a1709,XDCE,3758,3740,3782,79662,2994010320,239644,249612,3934,3560,3747,3743,0,3750,0,0,0,2017-04-24,32456257,3758,10,0,0,0,0,0,0,0,0,3759,9,0,0,0,0,0,0,0,0
109,2017-04-24,09:00:56,720,a1709,XDCE,3758,3740,3782,79668,2994235800,239644,249612,3934,3560,3747,3743,0,3750,0,0,0,2017-04-24,32456720,3758,7,0,0,0,0,0,0,0,0,3759,9,0,0,0,0,0,0,0,0
110,2017-04-24,09:00:57,198,a1709,XDCE,3759,3740,3782,79690,2995062580,239642,249612,3934,3560,3747,3743,0,3750,0,0,0,2017-04-24,32457198,3757,16,0,0,0,0,0,0,0,0,3759,10,0,0,0,0,0,0,0,0
111,2017-04-24,09:00:57,592,a1709,XDCE,3759,3740,3782,79690,2995062580,239642,249612,3934,3560,3747,3743,0,3750,0,0,0,2017-04-24,32457592,3758,1,0,0,0,0,0,0,0,0,3759,8,0,0,0,0,0,0,0,0
112,2017-04-24,09:00:58,223,a1709,XDCE,3758,3740,3782,79694,2995212900,239644,249612,3934,3560,3747,3743,0,3750,0,0,0,2017-04-24,32458223,3757,16,0,0,0,0,0,0,0,0,3759,11,0,0,0,0,0,0,0,0
113,2017-04-24,09:00:58,746,a1709,XDCE,3758,3740,3782,79694,2995212900,239644,249612,3934,3560,3747,3743,0,3750,0,0,0,2017-04-24,32458746,3757,18,0,0,0,0,0,0,0,0,3759,11,0,0,0,0,0,0,0,0
114,2017-04-24,09:00:59,166,a1709,XDCE,3758,3740,3782,79694,2995212900,239644,249612,3934,3560,3747,3743,0,3750,0,0,0,2017-04-24,32459166,3757,19,0,0,0,0,0,0,0,0,3759,11,0,0,0,0,0,0,0,0
115,2017-04-24,09:00:59,756,a1709,XDCE,3758,3740,3782,79694,2995212900,239644,249612,3934,3560,3747,3743,0,3750,0,0,0,2017-04-24,32459756,3757,20,0,0,0,0,0,0,0,0,3759,11,0,0,0,0,0,0,0,0
116,2017-04-24,09:01:01,258,a1709,XDCE,3759,3740,3782,79732,2996640640,239634,249612,3934,3560,3747,3743,0,3750,0,0,0,2017-04-24,32461258,3757,7,0,0,0,0,0,0,0,0,3758,4,0,0,0,0,0,0,0,0
117,2017-04-24,09:01:01,676,a1709,XDCE,3757,3740,3782,79752,2997392040,239628,249612,3934,3560,3747,3743,0,3750,0,0,0,2017-04-24,32461676,3756,25,0,0,0,0,0,0,0,0,3757,26,0,0,0,0,0,0,0,0
118,2017-04-24,09:01:02,263,a1709,XDCE,3756,3740,3782,79788,2998744200,239662,249612,3934,3560,3747,3743,0,3750,0,0,0,2017-04-24,32462263,3756,2,0,0,0,0,0,0,0,0,3757,12,0,0,0,0,0,0,0,0
119,2017-04-24,09:01:02,722,a1709,XDCE,3755,3740,3782,79798,2999119780,239656,249612,3934,3560,3747,3743,0,3750,0,0,0,2017-04-24,32462722,3755,23,0,0,0,0,0,0,0,0,3756,8,0,0,0,0,0,0,0,0
120,2017-04-24,09:01:03,245,a1709,XDCE,3756,3740,3782,79814,2999720740,239668,249612,3934,3560,3747,3743,0,3750,0,0,0,2017-04-24,32463245,3756,16,0,0,0,0,0,0,0,0,3757,9,0,0,0,0,0,0,0,0
121,2017-04-24,09:01:03,729,a1709,XDCE,3756,3740,3782,79830,3000321700,239678,249612,3934,3560,3747,3743,0,3750,0,0,0,2017-04-24,32463729,3755,13,0,0,0,0,0,0,0,0,3757,9,0,0,0,0,0,0,0,0
122,2017-04-24,09:01:04,263,a1709,XDCE,3756,3740,3782,79832,3000396820,239678,249612,3934,3560,3747,3743,0,3750,0,0,0,2017-04-24,32464263,3755,13,0,0,0,0,0,0,0,0,3757,10,0,0,0,0,0,0,0,0
123,2017-04-24,09:01:04,757,a1709,XDCE,3756,3740,3782,79848,3000997900,239680,249612,3934,3560,3747,3743,0,3750,0,0,0,2017-04-24,32464757,3756,4,0,0,0,0,0,0,0,0,3757,2,0,0,0,0,0,0,0,0
124,2017-04-24,09:01:05,261,a1709,XDCE,3759,3740,3782,79904,3003102560,239636,249612,3934,3560,3747,3743,0,3750,0,0,0,2017-04-24,32465261,3759,12,0,0,0,0,0,0,0,0,3760,18,0,0,0,0,0,0,0,0
125,2017-04-24,09:01:05,745,a1709,XDCE,3760,3740,3782,79934,3004230560,239642,249612,3934,3560,3747,3743,0,3750,0,0,0,2017-04-24,32465745,3760,8,0,0,0,0,0,0,0,0,3761,8,0,0,0,0,0,0,0,0
126,2017-04-24,09:01:06,260,a1709,XDCE,3761,3740,3782,79948,3004757100,239644,249612,3934,3560,3747,3743,0,3750,0,0,0,2017-04-24,32466260,3760,12,0,0,0,0,0,0,0,0,3761,1,0,0,0,0,0,0,0,0
127,2017-04-24,09:01:06,755,a1709,XDCE,3761,3740,3782,79952,3004907540,239646,249612,3934,3560,3747,3743,0,3750,0,0,0,2017-04-24,32466755,3760,12,0,0,0,0,0,0,0,0,3762,38,0,0,0,0,0,0,0,0
128,2017-04-24,09:01:07,229,a1709,XDCE,3760,3740,3782,79968,3005509140,239650,249612,3934,3560,3747,3743,0,3750,0,0,0,2017-04-24,32467229,3760,7,0,0,0,0,0,0,0,0,3761,23,0,0,0,0,0,0,0,0
129,2017-04-24,09:01:07,739,a1709,XDCE,3761,3740,3782,79980,3005960460,239662,249612,3934,3560,3747,3743,0,3750,0,0,0,2017-04-24,32467739,3760,12,0,0,0,0,0,0,0,0,3761,17,0,0,0,0,0,0,0,0
130,2017-04-24,09:01:08,258,a1709,XDCE,3761,3740,3782,79980,3005960460,239662,249612,3934,3560,3747,3743,0,3750,0,0,0,2017-04-24,32468258,3760,14,0,0,0,0,0,0,0,0,3762,38,0,0,0,0,0,0,0,0
131,2017-04-24,09:01:08,685,a1709,XDCE,3761,3740,3782,79990,3006336560,239666,249612,3934,3560,3747,3743,0,3750,0,0,0,2017-04-24,32468685,3761,7,0,0,0,0,0,0,0,0,3762,38,0,0,0,0,0,0,0,0
132,2017-04-24,09:01:09,180,a1709,XDCE,3761,3740,3782,80040,3008217260,239676,249612,3934,3560,3747,3743,0,3750,0,0,0,2017-04-24,32469180,3761,3,0,0,0,0,0,0,0,0,3762,27,0,0,0,0,0,0,0,0
133,2017-04-24,09:01:09,762,a1709,XDCE,3761,3740,3782,80046,3008442920,239676,249612,3934,3560,3747,3743,0,3750,0,0,0,2017-04-24,32469762,3760,16,0,0,0,0,0,0,0,0,3762,27,0,0,0,0,0,0,0,0
134,2017-04-24,09:01:10,263,a1709,XDCE,3761,3740,3782,80046,3008442920,239676,249612,3934,3560,3747,3743,0,3750,0,0,0,2017-04-24,32470263,3761,26,0,0,0,0,0,0,0,0,3762,27,0,0,0,0,0,0,0,0
135,2017-04-24,09:01:10,711,a1709,XDCE,3761,3740,3782,80130,3011602600,239676,249612,3934,3560,3747,3743,0,3750,0,0,0,2017-04-24,32470711,3761,7,0,0,0,0,0,0,0,0,3762,9,0,0,0,0,0,0,0,0
136,2017-04-24,09:01:11,242,a1709,XDCE,3761,3740,3782,80130,3011602600,239676,249612,3934,3560,3747,3743,0,3750,0,0,0,2017-04-24,32471242,3761,10,0,0,0,0,0,0,0,0,3762,9,0,0,0,0,0,0,0,0
137,2017-04-24,09:01:11,753,a1709,XDCE,3762,3740,3782,80136,3011828300,239678,249612,3934,3560,3747,3743,0,3750,0,0,0,2017-04-24,32471753,3761,11,0,0,0,0,0,0,0,0,3762,7,0,0,0,0,0,0,0,0
138,2017-04-24,09:01:12,263,a1709,XDCE,3760,3740,3782,80162,3012806140,239672,249612,3934,3560,3747,3743,0,3750,0,0,0,2017-04-24,32472263,3760,15,0,0,0,0,0,0,0,0,3761,2,0,0,0,0,0,0,0,0
139,2017-04-24,09:01:12,745,a1709,XDCE,3761,3740,3782,80166,3012956580,239670,249612,3934,3560,3747,3743,0,3750,0,0,0,2017-04-24,32472745,3761,5,0,0,0,0,0,0,0,0,3762,24,0,0,0,0,0,0,0,0
140,2017-04-24,09:01:13,232,a1709,XDCE,3761,3740,3782,80176,3013332680,239672,249612,3934,3560,3747,3743,0,3750,0,0,0,2017-04-24,32473232,3760,17,0,0,0,0,0,0,0,0,3762,24,0,0,0,0,0,0,0,0
141,2017-04-24,09:01:13,761,a1709,XDCE,3760,3740,3782,80188,3013783880,239680,249612,3934,3560,3747,3743,0,3750,0,0,0,2017-04-24,32473761,3760,11,0,0,0,0,0,0,0,0,3761,26,0,0,0,0,0,0,0,0
142,2017-04-24,09:01:14,212,a1709,XDCE,3761,3740,3782,80192,3013934320,239684,249612,3934,3560,3747,3743,0,3750,0,0,0,2017-04-24,32474212,3760,13,0,0,0,0,0,0,0,0,3761,24,0,0,0,0,0,0,0,0
143,2017-04-24,09:01:14,715,a1709,XDCE,3761,3740,3782,80198,3014159980,239686,249612,3934,3560,3747,3743,0,3750,0,0,0,2017-04-24,32474715,3760,15,0,0,0,0,0,0,0,0,3761,21,0,0,0,0,0,0,0,0
144,2017-04-24,09:01:15,205,a1709,XDCE,3761,3740,3782,80198,3014159980,239686,249612,3934,3560,3747,3743,0,3750,0,0,0,2017-04-24,32475205,3760,17,0,0,0,0,0,0,0,0,3762,25,0,0,0,0,0,0,0,0
145,2017-04-24,09:01:15,753,a1709,XDCE,3761,3740,3782,80230,3015363700,239690,249612,3934,3560,3747,3743,0,3750,0,0,0,2017-04-24,32475753,3761,1,0,0,0,0,0,0,0,0,3762,15,0,0,0,0,0,0,0,0
146,2017-04-24,09:01:16,196,a1709,XDCE,3760,3740,3782,80252,3016191020,239680,249612,3934,3560,3747,3743,0,3750,0,0,0,2017-04-24,32476196,3760,7,0,0,0,0,0,0,0,0,3762,17,0,0,0,0,0,0,0,0
147,2017-04-24,09:01:16,737,a1709,XDCE,3760,3740,3782,80274,3017018220,239672,249612,3934,3560,3747,3743,0,3750,0,0,0,2017-04-24,32476737,3759,15,0,0,0,0,0,0,0,0,3760,9,0,0,0,0,0,0,0,0
148,2017-04-24,09:01:17,263,a1709,XDCE,3760,3740,3782,80292,3017695020,239668,249612,3934,3560,3747,3743,0,3750,0,0,0,2017-04-24,32477263,3759,14,0,0,0,0,0,0,0,0,3761,9,0,0,0,0,0,0,0,0
149,2017-04-24,09:01:17,759,a1709,XDCE,3763,3740,3782,80352,3019952100,239678,249612,3934,3560,3747,3743,0,3750,0,0,0,2017-04-24,32477759,3759,15,0,0,0,0,0,0,0,0,3763,10,0,0,0,0,0,0,0,0
150,2017-04-24,09:01:18,262,a1709,XDCE,3761,3740,3782,80362,3020328240,239686,249612,3934,3560,3747,3743,0,3750,0,0,0,2017-04-24,32478262,3760,16,0,0,0,0,0,0,0,0,3761,20,0,0,0,0,0,0,0,0
151,2017-04-24,09:01:18,738,a1709,XDCE,3760,3740,3782,80364,3020403440,239684,249612,3934,3560,3747,3743,0,3750,0,0,0,2017-04-24,32478738,3760,5,0,0,0,0,0,0,0,0,3761,20,0,0,0,0,0,0,0,0
152,2017-04-24,09:01:19,250,a1709,XDCE,3761,3740,3782,80366,3020478660,239684,249612,3934,3560,3747,3743,0,3750,0,0,0,2017-04-24,32479250,3760,7,0,0,0,0,0,0,0,0,3761,19,0,0,0,0,0,0,0,0
153,2017-04-24,09:01:19,727,a1709,XDCE,3761,3740,3782,80394,3021531740,239684,249612,3934,3560,3747,3743,0,3750,0,0,0,2017-04-24,32479727,3760,8,0,0,0,0,0,0,0,0,3761,5,0,0,0,0,0,0,0,0
154,2017-04-24,09:01:20,237,a1709,XDCE,3762,3740,3782,80414,3022284040,239690,249612,3934,3560,3747,3743,0,3750,0,0,0,2017-04-24,32480237,3761,2,0,0,0,0,0,0,0,0,3762,11,0,0,0,0,0,0,0,0
155,2017-04-24,09:01:20,760,a1709,XDCE,3760,3740,3782,80430,3022885840,239694,249612,3934,3560,3747,3743,0,3750,0,0,0,2017-04-24,32480760,3760,6,0,0,0,0,0,0,0,0,3762,11,0,0,0,0,0,0,0,0
156,2017-04-24,09:01:21,170,a1709,XDCE,3761,3740,3782,80434,3023036280,239690,249612,3934,3560,3747,3743,0,3750,0,0,0,2017-04-24,32481170,3760,8,0,0,0,0,0,0,0,0,3761,3,0,0,0,0,0,0,0,0
157,2017-04-24,09:01:21,713,a1709,XDCE,3762,3740,3782,80482,3024841860,239704,249612,3934,3560,3747,3743,0,3750,0,0,0,2017-04-24,32481713,3761,2,0,0,0,0,0,0,0,0,3762,26,0,0,0,0,0,0,0,0
158,2017-04-24,09:01:22,241,a1709,XDCE,3760,3740,3782,80488,3025067500,239702,249612,3934,3560,3747,3743,0,3750,0,0,0,2017-04-24,32482241,3760,8,0,0,0,0,0,0,0,0,3762,27,0,0,0,0,0,0,0,0
159,2017-04-24,09:01:22,755,a1709,XDCE,3761,3740,3782,80490,3025142720,239704,249612,3934,3560,3747,3743,0,3750,0,0,0,2017-04-24,32482755,3760,10,0,0,0,0,0,0,0,0,3761,53,0,0,0,0,0,0,0,0
160,2017-04-24,09:01:23,251,a1709,XDCE,3761,3740,3782,80494,3025293160,239708,249612,3934,3560,3747,3743,0,3750,0,0,0,2017-04-24,32483251,3760,11,0,0,0,0,0,0,0,0,3761,52,0,0,0,0,0,0,0,0
161,2017-04-24,09:01:23,763,a1709,XDCE,3761,3740,3782,80508,3025819700,239696,249612,3934,3560,3747,3743,0,3750,0,0,0,2017-04-24,32483763,3760,14,0,0,0,0,0,0,0,0,3761,44,0,0,0,0,0,0,0,0
162,2017-04-24,09:01:24,249,a1709,XDCE,3761,3740,3782,80512,3025970140,239696,249612,3934,3560,3747,3743,0,3750,0,0,0,2017-04-24,32484249,3760,16,0,0,0,0,0,0,0,0,3761,42,0,0,0,0,0,0,0,0
163,2017-04-24,09:01:24,720,a1709,XDCE,3761,3740,3782,80514,3026045360,239696,249612,3934,3560,3747,3743,0,3750,0,0,0,2017-04-24,32484720,3760,16,0,0,0,0,0,0,0,0,3761,46,0,0,0,0,0,0,0,0
164,2017-04-24,09:01:25,746,a1709,XDCE,3761,3740,3782,80520,3026271000,239694,249612,3934,3560,3747,3743,0,3750,0,0,0,2017-04-24,32485746,3760,16,0,0,0,0,0,0,0,0,3761,44,0,0,0,0,0,0,0,0
165,2017-04-24,09:01:27,232,a1709,XDCE,3761,3740,3782,80610,3029655880,239618,249612,3934,3560,3747,3743,0,3750,0,0,0,2017-04-24,32487232,3761,31,0,0,0,0,0,0,0,0,3762,16,0,0,0,0,0,0,0,0
166,2017-04-24,09:01:28,249,a1709,XDCE,3761,3740,3782,80610,3029655880,239618,249612,3934,3560,3747,3743,0,3750,0,0,0,2017-04-24,32488249,3760,20,0,0,0,0,0,0,0,0,3762,19,0,0,0,0,0,0,0,0
167,2017-04-24,09:01:28,755,a1709,XDCE,3760,3740,3782,80612,3029731080,239620,249612,3934,3560,3747,3743,0,3750,0,0,0,2017-04-24,32488755,3760,21,0,0,0,0,0,0,0,0,3761,5,0,0,0,0,0,0,0,0
168,2017-04-24,09:01:29,198,a1709,XDCE,3761,3740,3782,80616,3029881520,239620,249612,3934,3560,3747,3743,0,3750,0,0,0,2017-04-24,32489198,3760,23,0,0,0,0,0,0,0,0,3761,13,0,0,0,0,0,0,0,0
169,2017-04-24,09:01:29,729,a1709,XDCE,3761,3740,3782,80616,3029881520,239620,249612,3934,3560,3747,3743,0,3750,0,0,0,2017-04-24,32489729,3760,24,0,0,0,0,0,0,0,0,3761,13,0,0,0,0,0,0,0,0
170,2017-04-24,09:01:30,719,a1709,XDCE,3761,3740,3782,80620,3030031960,239618,249612,3934,3560,3747,3743,0,3750,0,0,0,2017-04-24,32490719,3760,25,0,0,0,0,0,0,0,0,3761,12,0,0,0,0,0,0,0,0
171,2017-04-24,09:01:31,252,a1709,XDCE,3761,3740,3782,80626,3030257620,239624,249612,3934,3560,3747,3743,0,3750,0,0,0,2017-04-24,32491252,3760,25,0,0,0,0,0,0,0,0,3761,9,0,0,0,0,0,0,0,0
172,2017-04-24,09:01:31,749,a1709,XDCE,3761,3740,3782,80636,3030633700,239624,249612,3934,3560,3747,3743,0,3750,0,0,0,2017-04-24,32491749,3760,24,0,0,0,0,0,0,0,0,3761,6,0,0,0,0,0,0,0,0
173,2017-04-24,09:01:32,244,a1709,XDCE,3761,3740,3782,80636,3030633700,239624,249612,3934,3560,3747,3743,0,3750,0,0,0,2017-04-24,32492244,3760,25,0,0,0,0,0,0,0,0,3761,6,0,0,0,0,0,0,0,0
174,2017-04-24,09:01:32,666,a1709,XDCE,3760,3740,3782,80640,3030784100,239626,249612,3934,3560,3747,3743,0,3750,0,0,0,2017-04-24,32492666,3760,23,0,0,0,0,0,0,0,0,3761,11,0,0,0,0,0,0,0,0
175,2017-04-24,09:01:33,216,a1709,XDCE,3760,3740,3782,80652,3031235360,239628,249612,3934,3560,3747,3743,0,3750,0,0,0,2017-04-24,32493216,3760,54,0,0,0,0,0,0,0,0,3761,8,0,0,0,0,0,0,0,0
176,2017-04-24,09:01:33,743,a1709,XDCE,3760,3740,3782,80652,3031235360,239628,249612,3934,3560,3747,3743,0,3750,0,0,0,2017-04-24,32493743,3760,54,0,0,0,0,0,0,0,0,3761,9,0,0,0,0,0,0,0,0
177,2017-04-24,09:01:34,241,a1709,XDCE,3761,3740,3782,80664,3031686680,239624,249612,3934,3560,3747,3743,0,3750,0,0,0,2017-04-24,32494241,3760,54,0,0,0,0,0,0,0,0,3761,4,0,0,0,0,0,0,0,0
178,2017-04-24,09:01:34,674,a1709,XDCE,3761,3740,3782,80674,3032062780,239622,249612,3934,3560,3747,3743,0,3750,0,0,0,2017-04-24,32494674,3760,56,0,0,0,0,0,0,0,0,3762,49,0,0,0,0,0,0,0,0
179,2017-04-24,09:01:35,239,a1709,XDCE,3761,3740,3782,80674,3032062780,239622,249612,3934,3560,3747,3743,0,3750,0,0,0,2017-04-24,32495239,3760,56,0,0,0,0,0,0,0,0,3762,46,0,0,0,0,0,0,0,0
180,2017-04-24,09:01:36,238,a1709,XDCE,3762,3740,3782,80698,3032965660,239632,249612,3934,3560,3747,3743,0,3750,0,0,0,2017-04-24,32496238,3761,8,0,0,0,0,0,0,0,0,3762,34,0,0,0,0,0,0,0,0
181,2017-04-24,09:01:36,736,a1709,XDCE,3761,3740,3782,80700,3033040880,239632,249612,3934,3560,3747,3743,0,3750,0,0,0,2017-04-24,32496736,3761,33,0,0,0,0,0,0,0,0,3762,34,0,0,0,0,0,0,0,0
182,2017-04-24,09:01:37,226,a1709,XDCE,3761,3740,3782,80710,3033416980,239632,249612,3934,3560,3747,3743,0,3750,0,0,0,2017-04-24,32497226,3761,31,0,0,0,0,0,0,0,0,3762,35,0,0,0,0,0,0,0,0
183,2017-04-24,09:01:37,727,a1709,XDCE,3761,3740,3782,80722,3033868300,239626,249612,3934,3560,3747,3743,0,3750,0,0,0,2017-04-24,32497727,3761,28,0,0,0,0,0,0,0,0,3762,37,0,0,0,0,0,0,0,0
184,2017-04-24,09:01:38,124,a1709,XDCE,3761,3740,3782,80722,3033868300,239626,249612,3934,3560,3747,3743,0,3750,0,0,0,2017-04-24,32498124,3761,28,0,0,0,0,0,0,0,0,3762,38,0,0,0,0,0,0,0,0
185,2017-04-24,09:01:38,735,a1709,XDCE,3761,3740,3782,80778,3035974460,239576,249612,3934,3560,3747,3743,0,3750,0,0,0,2017-04-24,32498735,3760,55,0,0,0,0,0,0,0,0,3761,24,0,0,0,0,0,0,0,0
186,2017-04-24,09:01:41,238,a1709,XDCE,3761,3740,3782,80786,3036275340,239576,249612,3934,3560,3747,3743,0,3750,0,0,0,2017-04-24,32501238,3760,55,0,0,0,0,0,0,0,0,3761,20,0,0,0,0,0,0,0,0
187,2017-04-24,09:01:41,713,a1709,XDCE,3761,3740,3782,80786,3036275340,239576,249612,3934,3560,3747,3743,0,3750,0,0,0,2017-04-24,32501713,3760,55,0,0,0,0,0,0,0,0,3761,22,0,0,0,0,0,0,0,0
188,2017-04-24,09:01:42,197,a1709,XDCE,3760,3740,3782,80788,3036350540,239576,249612,3934,3560,3747,3743,0,3750,0,0,0,2017-04-24,32502197,3760,54,0,0,0,0,0,0,0,0,3761,22,0,0,0,0,0,0,0,0
189,2017-04-24,09:01:42,759,a1709,XDCE,3761,3740,3782,80800,3036801840,239574,249612,3934,3560,3747,3743,0,3750,0,0,0,2017-04-24,32502759,3760,58,0,0,0,0,0,0,0,0,3761,17,0,0,0,0,0,0,0,0
190,2017-04-24,09:01:43,252,a1709,XDCE,3761,3740,3782,80808,3037102720,239568,249612,3934,3560,3747,3743,0,3750,0,0,0,2017-04-24,32503252,3760,63,0,0,0,0,0,0,0,0,3761,14,0,0,0,0,0,0,0,0
191,2017-04-24,09:01:44,734,a1709,XDCE,3761,3740,3782,80810,3037177940,239568,249612,3934,3560,3747,3743,0,3750,0,0,0,2017-04-24,32504734,3760,63,0,0,0,0,0,0,0,0,3761,13,0,0,0,0,0,0,0,0
192,2017-04-24,09:01:45,249,a1709,XDCE,3761,3740,3782,80810,3037177940,239568,249612,3934,3560,3747,3743,0,3750,0,0,0,2017-04-24,32505249,3760,65,0,0,0,0,0,0,0,0,3761,13,0,0,0,0,0,0,0,0
193,2017-04-24,09:01:45,734,a1709,XDCE,3761,3740,3782,80812,3037253160,239568,249612,3934,3560,3747,3743,0,3750,0,0,0,2017-04-24,32505734,3760,65,0,0,0,0,0,0,0,0,3761,13,0,0,0,0,0,0,0,0
194,2017-04-24,09:01:46,239,a1709,XDCE,3761,3740,3782,80812,3037253160,239568,249612,3934,3560,3747,3743,0,3750,0,0,0,2017-04-24,32506239,3760,65,0,0,0,0,0,0,0,0,3761,16,0,0,0,0,0,0,0,0
195,2017-04-24,09:01:46,710,a1709,XDCE,3760,3740,3782,80816,3037403560,239570,249612,3934,3560,3747,3743,0,3750,0,0,0,2017-04-24,32506710,3760,64,0,0,0,0,0,0,0,0,3761,16,0,0,0,0,0,0,0,0
196,2017-04-24,09:01:47,234,a1709,XDCE,3760,3740,3782,80816,3037403560,239570,249612,3934,3560,3747,3743,0,3750,0,0,0,2017-04-24,32507234,3760,68,0,0,0,0,0,0,0,0,3761,17,0,0,0,0,0,0,0,0
197,2017-04-24,09:01:47,705,a1709,XDCE,3760,3740,3782,80816,3037403560,239570,249612,3934,3560,3747,3743,0,3750,0,0,0,2017-04-24,32507705,3760,68,0,0,0,0,0,0,0,0,3761,18,0,0,0,0,0,0,0,0
198,2017-04-24,09:01:48,258,a1709,XDCE,3760,3740,3782,80818,3037478760,239568,249612,3934,3560,3747,3743,0,3750,0,0,0,2017-04-24,32508258,3760,67,0,0,0,0,0,0,0,0,3761,18,0,0,0,0,0,0,0,0
199,2017-04-24,09:01:49,248,a1709,XDCE,3760,3740,3782,80818,3037478760,239568,249612,3934,3560,3747,3743,0,3750,0,0,0,2017-04-24,32509248,3760,67,0,0,0,0,0,0,0,0,3761,19,0,0,0,0,0,0,0,0
200,2017-04-24,09:01:50,57,a1709,XDCE,3760,3740,3782,80820,3037553960,239566,249612,3934,3560,3747,3743,0,3750,0,0,0,2017-04-24,32510057,3760,66,0,0,0,0,0,0,0,0,3761,23,0,0,0,0,0,0,0,0
201,2017-04-24,09:01:50,666,a1709,XDCE,3761,3740,3782,80862,3039133580,239570,249612,3934,3560,3747,3743,0,3750,0,0,0,2017-04-24,32510666,3760,68,0,0,0,0,0,0,0,0,3761,2,0,0,0,0,0,0,0,0
202,2017-04-24,09:01:52,256,a1709,XDCE,3760,3740,3782,80866,3039283980,239566,249612,3934,3560,3747,3743,0,3750,0,0,0,2017-04-24,32512256,3760,66,0,0,0,0,0,0,0,0,3761,22,0,0,0,0,0,0,0,0
203,2017-04-24,09:01:52,730,a1709,XDCE,3760,3740,3782,80866,3039283980,239566,249612,3934,3560,3747,3743,0,3750,0,0,0,2017-04-24,32512730,3760,66,0,0,0,0,0,0,0,0,3761,23,0,0,0,0,0,0,0,0
204,2017-04-24,09:01:53,694,a1709,XDCE,3760,3740,3782,80866,3039283980,239566,249612,3934,3560,3747,3743,0,3750,0,0,0,2017-04-24,32513694,3760,66,0,0,0,0,0,0,0,0,3761,24,0,0,0,0,0,0,0,0
205,2017-04-24,09:01:54,157,a1709,XDCE,3760,3740,3782,80866,3039283980,239566,249612,3934,3560,3747,3743,0,3750,0,0,0,2017-04-24,32514157,3760,66,0,0,0,0,0,0,0,0,3761,27,0,0,0,0,0,0,0,0
206,2017-04-24,09:01:55,215,a1709,XDCE,3761,3740,3782,80870,3039434420,239566,249612,3934,3560,3747,3743,0,3750,0,0,0,2017-04-24,32515215,3760,66,0,0,0,0,0,0,0,0,3761,25,0,0,0,0,0,0,0,0
207,2017-04-24,09:01:55,694,a1709,XDCE,3761,3740,3782,80872,3039509640,239564,249612,3934,3560,3747,3743,0,3750,0,0,0,2017-04-24,32515694,3760,65,0,0,0,0,0,0,0,0,3761,22,0,0,0,0,0,0,0,0
208,2017-04-24,09:01:56,234,a1709,XDCE,3761,3740,3782,80872,3039509640,239564,249612,3934,3560,3747,3743,0,3750,0,0,0,2017-04-24,32516234,3760,65,0,0,0,0,0,0,0,0,3761,23,0,0,0,0,0,0,0,0
209,2017-04-24,09:01:57,188,a1709,XDCE,3761,3740,3782,80874,3039584860,239564,249612,3934,3560,3747,3743,0,3750,0,0,0,2017-04-24,32517188,3760,65,0,0,0,0,0,0,0,0,3761,22,0,0,0,0,0,0,0,0
210,2017-04-24,09:01:57,694,a1709,XDCE,3761,3740,3782,80874,3039584860,239564,249612,3934,3560,3747,3743,0,3750,0,0,0,2017-04-24,32517694,3760,105,0,0,0,0,0,0,0,0,3761,23,0,0,0,0,0,0,0,0
211,2017-04-24,09:01:59,188,a1709,XDCE,3760,3740,3782,80884,3039960860,239562,249612,3934,3560,3747,3743,0,3750,0,0,0,2017-04-24,32519188,3760,100,0,0,0,0,0,0,0,0,3761,23,0,0,0,0,0,0,0,0
212,2017-04-24,09:01:59,757,a1709,XDCE,3760,3740,3782,80896,3040412160,239562,249612,3934,3560,3747,3743,0,3750,0,0,0,2017-04-24,32519757,3760,99,0,0,0,0,0,0,0,0,3761,18,0,0,0,0,0,0,0,0
213,2017-04-24,09:02:00,739,a1709,XDCE,3760,3740,3782,80922,3041389820,239556,249612,3934,3560,3747,3743,0,3750,0,0,0,2017-04-24,32520739,3760,89,0,0,0,0,0,0,0,0,3761,16,0,0,0,0,0,0,0,0
214,2017-04-24,09:02:01,241,a1709,XDCE,3760,3740,3782,80932,3041765820,239558,249612,3934,3560,3747,3743,0,3750,0,0,0,2017-04-24,32521241,3760,84,0,0,0,0,0,0,0,0,3761,17,0,0,0,0,0,0,0,0
215,2017-04-24,09:02:01,736,a1709,XDCE,3760,3740,3782,80934,3041841020,239558,249612,3934,3560,3747,3743,0,3750,0,0,0,2017-04-24,32521736,3760,83,0,0,0,0,0,0,0,0,3761,17,0,0,0,0,0,0,0,0
216,2017-04-24,09:02:02,263,a1709,XDCE,3761,3740,3782,80968,3043119760,239558,249612,3934,3560,3747,3743,0,3750,0,0,0,2017-04-24,32522263,3761,77,0,0,0,0,0,0,0,0,3762,37,0,0,0,0,0,0,0,0
217,2017-04-24,09:02:02,741,a1709,XDCE,3761,3740,3782,80974,3043345420,239558,249612,3934,3560,3747,3743,0,3750,0,0,0,2017-04-24,32522741,3761,75,0,0,0,0,0,0,0,0,3762,37,0,0,0,0,0,0,0,0
218,2017-04-24,09:02:03,625,a1709,XDCE,3761,3740,3782,80974,3043345420,239558,249612,3934,3560,3747,3743,0,3750,0,0,0,2017-04-24,32523625,3761,78,0,0,0,0,0,0,0,0,3762,37,0,0,0,0,0,0,0,0
219,2017-04-24,09:02:04,248,a1709,XDCE,3762,3740,3782,81030,3045452140,239606,249612,3934,3560,3747,3743,0,3750,0,0,0,2017-04-24,32524248,3761,79,0,0,0,0,0,0,0,0,3762,9,0,0,0,0,0,0,0,0
220,2017-04-24,09:02:04,751,a1709,XDCE,3761,3740,3782,81062,3046655960,239606,249612,3934,3560,3747,3743,0,3750,0,0,0,2017-04-24,32524751,3761,80,0,0,0,0,0,0,0,0,3763,45,0,0,0,0,0,0,0,0
221,2017-04-24,09:02:05,248,a1709,XDCE,3761,3740,3782,81062,3046655960,239606,249612,3934,3560,3747,3743,0,3750,0,0,0,2017-04-24,32525248,3762,4,0,0,0,0,0,0,0,0,3763,40,0,0,0,0,0,0,0,0
222,2017-04-24,09:02:05,620,a1709,XDCE,3762,3740,3782,81064,3046731200,239606,249612,3934,3560,3747,3743,0,3750,0,0,0,2017-04-24,32525620,3762,12,0,0,0,0,0,0,0,0,3763,39,0,0,0,0,0,0,0,0
223,2017-04-24,09:02:06,261,a1709,XDCE,3764,3740,3782,81282,3054935800,239574,249612,3934,3560,3747,3743,0,3750,0,0,0,2017-04-24,32526261,3762,10,0,0,0,0,0,0,0,0,3764,27,0,0,0,0,0,0,0,0
224,2017-04-24,09:02:06,750,a1709,XDCE,3763,3740,3782,81290,3055236840,239570,249612,3934,3560,3747,3743,0,3750,0,0,0,2017-04-24,32526750,3763,11,0,0,0,0,0,0,0,0,3764,23,0,0,0,0,0,0,0,0
225,2017-04-24,09:02:07,262,a1709,XDCE,3763,3740,3782,81358,3057795340,239546,249612,3934,3560,3747,3743,0,3750,0,0,0,2017-04-24,32527262,3763,4,0,0,0,0,0,0,0,0,3764,25,0,0,0,0,0,0,0,0
226,2017-04-24,09:02:07,751,a1709,XDCE,3762,3740,3782,81374,3058397380,239556,249612,3934,3560,3747,3743,0,3750,0,0,0,2017-04-24,32527751,3762,18,0,0,0,0,0,0,0,0,3764,27,0,0,0,0,0,0,0,0
227,2017-04-24,09:02:08,212,a1709,XDCE,3763,3740,3782,81384,3058773680,239566,249612,3934,3560,3747,3743,0,3750,0,0,0,2017-04-24,32528212,3763,10,0,0,0,0,0,0,0,0,3764,27,0,0,0,0,0,0,0,0
228,2017-04-24,09:02:08,758,a1709,XDCE,3763,3740,3782,81384,3058773680,239566,249612,3934,3560,3747,3743,0,3750,0,0,0,2017-04-24,32528758,3763,5,0,0,0,0,0,0,0,0,3764,25,0,0,0,0,0,0,0,0
229,2017-04-24,09:02:09,218,a1709,XDCE,3763,3740,3782,81394,3059149980,239570,249612,3934,3560,3747,3743,0,3750,0,0,0,2017-04-24,32529218,3762,14,0,0,0,0,0,0,0,0,3764,25,0,0,0,0,0,0,0,0
230,2017-04-24,09:02:09,732,a1709,XDCE,3762,3740,3782,81396,3059225220,239568,249612,3934,3560,3747,3743,0,3750,0,0,0,2017-04-24,32529732,3762,13,0,0,0,0,0,0,0,0,3764,25,0,0,0,0,0,0,0,0
231,2017-04-24,09:02:10,223,a1709,XDCE,3763,3740,3782,81402,3059450980,239570,249612,3934,3560,3747,3743,0,3750,0,0,0,2017-04-24,32530223,3762,9,0,0,0,0,0,0,0,0,3763,6,0,0,0,0,0,0,0,0
232,2017-04-24,09:02:10,708,a1709,XDCE,3762,3740,3782,81410,3059751940,239578,249612,3934,3560,3747,3743,0,3750,0,0,0,2017-04-24,32530708,3762,5,0,0,0,0,0,0,0,0,3763,14,0,0,0,0,0,0,0,0
233,2017-04-24,09:02:11,261,a1709,XDCE,3763,3740,3782,81424,3060278720,239586,249612,3934,3560,3747,3743,0,3750,0,0,0,2017-04-24,32531261,3761,90,0,0,0,0,0,0,0,0,3763,11,0,0,0,0,0,0,0,0
234,2017-04-24,09:02:11,734,a1709,XDCE,3763,3740,3782,81424,3060278720,239586,249612,3934,3560,3747,3743,0,3750,0,0,0,2017-04-24,32531734,3761,89,0,0,0,0,0,0,0,0,3763,10,0,0,0,0,0,0,0,0
235,2017-04-24,09:02:12,184,a1709,XDCE,3762,3740,3782,81432,3060579620,239590,249612,3934,3560,3747,3743,0,3750,0,0,0,2017-04-24,32532184,3761,89,0,0,0,0,0,0,0,0,3762,9,0,0,0,0,0,0,0,0
236,2017-04-24,09:02:12,759,a1709,XDCE,3762,3740,3782,81450,3061256780,239578,249612,3934,3560,3747,3743,0,3750,0,0,0,2017-04-24,32532759,3762,18,0,0,0,0,0,0,0,0,3763,11,0,0,0,0,0,0,0,0
237,2017-04-24,09:02:13,262,a1709,XDCE,3762,3740,3782,81450,3061256780,239578,249612,3934,3560,3747,3743,0,3750,0,0,0,2017-04-24,32533262,3762,18,0,0,0,0,0,0,0,0,3763,13,0,0,0,0,0,0,0,0
238,2017-04-24,09:02:13,759,a1709,XDCE,3762,3740,3782,81450,3061256780,239578,249612,3934,3560,3747,3743,0,3750,0,0,0,2017-04-24,32533759,3762,21,0,0,0,0,0,0,0,0,3763,14,0,0,0,0,0,0,0,0
239,2017-04-24,09:02:14,225,a1709,XDCE,3763,3740,3782,81454,3061407280,239578,249612,3934,3560,3747,3743,0,3750,0,0,0,2017-04-24,32534225,3762,21,0,0,0,0,0,0,0,0,3763,18,0,0,0,0,0,0,0,0
240,2017-04-24,09:02:14,405,a1709,XDCE,3763,3740,3782,81454,3061407280,239578,249612,3934,3560,3747,3743,0,3750,0,0,0,2017-04-24,32534405,3762,21,0,0,0,0,0,0,0,0,3763,19,0,0,0,0,0,0,0,0
241,2017-04-24,09:02:15,169,a1709,XDCE,3763,3740,3782,81456,3061482540,239578,249612,3934,3560,3747,3743,0,3750,0,0,0,2017-04-24,32535169,3762,21,0,0,0,0,0,0,0,0,3763,18,0,0,0,0,0,0,0,0
242,2017-04-24,09:02:16,261,a1709,XDCE,3762,3740,3782,81482,3062460660,239580,249612,3934,3560,3747,3743,0,3750,0,0,0,2017-04-24,32536261,3762,8,0,0,0,0,0,0,0,0,3763,19,0,0,0,0,0,0,0,0
243,2017-04-24,09:02:16,727,a1709,XDCE,3762,3740,3782,81498,3063062580,239574,249612,3934,3560,3747,3743,0,3750,0,0,0,2017-04-24,32536727,3761,87,0,0,0,0,0,0,0,0,3762,3,0,0,0,0,0,0,0,0
244,2017-04-24,09:02:17,233,a1709,XDCE,3761,3740,3782,81506,3063363460,239574,249612,3934,3560,3747,3743,0,3750,0,0,0,2017-04-24,32537233,3761,83,0,0,0,0,0,0,0,0,3762,9,0,0,0,0,0,0,0,0
245,2017-04-24,09:02:17,755,a1709,XDCE,3762,3740,3782,81508,3063438700,239574,249612,3934,3560,3747,3743,0,3750,0,0,0,2017-04-24,32537755,3761,90,0,0,0,0,0,0,0,0,3762,8,0,0,0,0,0,0,0,0
246,2017-04-24,09:02:18,195,a1709,XDCE,3762,3740,3782,81508,3063438700,239574,249612,3934,3560,3747,3743,0,3750,0,0,0,2017-04-24,32538195,3761,95,0,0,0,0,0,0,0,0,3762,8,0,0,0,0,0,0,0,0
247,2017-04-24,09:02:18,725,a1709,XDCE,3762,3740,3782,81526,3064115860,239572,249612,3934,3560,3747,3743,0,3750,0,0,0,2017-04-24,32538725,3762,1,0,0,0,0,0,0,0,0,3763,23,0,0,0,0,0,0,0,0
248,2017-04-24,09:02:19,213,a1709,XDCE,3761,3740,3782,81556,3065244180,239572,249612,3934,3560,3747,3743,0,3750,0,0,0,2017-04-24,32539213,3761,79,0,0,0,0,0,0,0,0,3762,1,0,0,0,0,0,0,0,0
249,2017-04-24,09:02:20,181,a1709,XDCE,3761,3740,3782,81558,3065319400,239572,249612,3934,3560,3747,3743,0,3750,0,0,0,2017-04-24,32540181,3761,79,0,0,0,0,0,0,0,0,3762,1,0,0,0,0,0,0,0,0
250,2017-04-24,09:02:20,722,a1709,XDCE,3761,3740,3782,81558,3065319400,239572,249612,3934,3560,3747,3743,0,3750,0,0,0,2017-04-24,32540722,3761,80,0,0,0,0,0,0,0,0,3762,2,0,0,0,0,0,0,0,0
251,2017-04-24,09:02:21,261,a1709,XDCE,3762,3740,3782,81560,3065394640,239574,249612,3934,3560,3747,3743,0,3750,0,0,0,2017-04-24,32541261,3761,84,0,0,0,0,0,0,0,0,3762,1,0,0,0,0,0,0,0,0
252,2017-04-24,09:02:22,182,a1709,XDCE,3762,3740,3782,81582,3066222080,239574,249612,3934,3560,3747,3743,0,3750,0,0,0,2017-04-24,32542182,3761,74,0,0,0,0,0,0,0,0,3763,38,0,0,0,0,0,0,0,0
253,2017-04-24,09:02:22,754,a1709,XDCE,3762,3740,3782,81582,3066222080,239574,249612,3934,3560,3747,3743,0,3750,0,0,0,2017-04-24,32542754,3761,74,0,0,0,0,0,0,0,0,3762,1,0,0,0,0,0,0,0,0
254,2017-04-24,09:02:23,157,a1709,XDCE,3762,3740,3782,81590,3066523040,239574,249612,3934,3560,3747,3743,0,3750,0,0,0,2017-04-24,32543157,3761,74,0,0,0,0,0,0,0,0,3762,2,0,0,0,0,0,0,0,0
255,2017-04-24,09:02:24,249,a1709,XDCE,3762,3740,3782,81598,3066824000,239582,249612,3934,3560,3747,3743,0,3750,0,0,0,2017-04-24,32544249,3761,74,0,0,0,0,0,0,0,0,3762,1,0,0,0,0,0,0,0,0
256,2017-04-24,09:02:24,716,a1709,XDCE,3762,3740,3782,81600,3066899240,239584,249612,3934,3560,3747,3743,0,3750,0,0,0,2017-04-24,32544716,3761,74,0,0,0,0,0,0,0,0,3763,44,0,0,0,0,0,0,0,0
257,2017-04-24,09:02:25,752,a1709,XDCE,3762,3740,3782,81600,3066899240,239584,249612,3934,3560,3747,3743,0,3750,0,0,0,2017-04-24,32545752,3762,1,0,0,0,0,0,0,0,0,3763,44,0,0,0,0,0,0,0,0
258,2017-04-24,09:02:26,197,a1709,XDCE,3762,3740,3782,81602,3066974480,239586,249612,3934,3560,3747,3743,0,3750,0,0,0,2017-04-24,32546197,3761,74,0,0,0,0,0,0,0,0,3762,8,0,0,0,0,0,0,0,0
259,2017-04-24,09:02:26,730,a1709,XDCE,3762,3740,3782,81606,3067124960,239590,249612,3934,3560,3747,3743,0,3750,0,0,0,2017-04-24,32546730,3761,74,0,0,0,0,0,0,0,0,3762,6,0,0,0,0,0,0,0,0
260,2017-04-24,09:02:27,204,a1709,XDCE,3762,3740,3782,81608,3067200200,239592,249612,3934,3560,3747,3743,0,3750,0,0,0,2017-04-24,32547204,3761,74,0,0,0,0,0,0,0,0,3762,5,0,0,0,0,0,0,0,0
261,2017-04-24,09:02:27,682,a1709,XDCE,3761,3740,3782,81610,3067275420,239592,249612,3934,3560,3747,3743,0,3750,0,0,0,2017-04-24,32547682,3761,73,0,0,0,0,0,0,0,0,3762,5,0,0,0,0,0,0,0,0
262,2017-04-24,09:02:29,232,a1709,XDCE,3762,3740,3782,81628,3067952480,239594,249612,3934,3560,3747,3743,0,3750,0,0,0,2017-04-24,32549232,3761,66,0,0,0,0,0,0,0,0,3762,1,0,0,0,0,0,0,0,0
263,2017-04-24,09:02:29,759,a1709,XDCE,3761,3740,3782,81644,3068554260,239606,249612,3934,3560,3747,3743,0,3750,0,0,0,2017-04-24,32549759,3761,59,0,0,0,0,0,0,0,0,3762,5,0,0,0,0,0,0,0,0
264,2017-04-24,09:02:30,208,a1709,XDCE,3761,3740,3782,81644,3068554260,239606,249612,3934,3560,3747,3743,0,3750,0,0,0,2017-04-24,32550208,3761,59,0,0,0,0,0,0,0,0,3762,6,0,0,0,0,0,0,0,0
265,2017-04-24,09:02:30,721,a1709,XDCE,3762,3740,3782,81646,3068629500,239606,249612,3934,3560,3747,3743,0,3750,0,0,0,2017-04-24,32550721,3761,59,0,0,0,0,0,0,0,0,3762,5,0,0,0,0,0,0,0,0
266,2017-04-24,09:02:31,244,a1709,XDCE,3762,3740,3782,81646,3068629500,239606,249612,3934,3560,3747,3743,0,3750,0,0,0,2017-04-24,32551244,3761,59,0,0,0,0,0,0,0,0,3762,6,0,0,0,0,0,0,0,0
267,2017-04-24,09:02:31,689,a1709,XDCE,3761,3740,3782,81648,3068704720,239606,249612,3934,3560,3747,3743,0,3750,0,0,0,2017-04-24,32551689,3761,58,0,0,0,0,0,0,0,0,3762,7,0,0,0,0,0,0,0,0
268,2017-04-24,09:02:32,230,a1709,XDCE,3762,3740,3782,81664,3069306620,239608,249612,3934,3560,3747,3743,0,3750,0,0,0,2017-04-24,32552230,3762,4,0,0,0,0,0,0,0,0,3763,45,0,0,0,0,0,0,0,0
269,2017-04-24,09:02:32,748,a1709,XDCE,3762,3740,3782,81672,3069607580,239616,249612,3934,3560,3747,3743,0,3750,0,0,0,2017-04-24,32552748,3761,57,0,0,0,0,0,0,0,0,3762,1,0,0,0,0,0,0,0,0
270,2017-04-24,09:02:33,217,a1709,XDCE,3762,3740,3782,81674,3069682820,239618,249612,3934,3560,3747,3743,0,3750,0,0,0,2017-04-24,32553217,3761,57,0,0,0,0,0,0,0,0,3762,2,0,0,0,0,0,0,0,0
271,2017-04-24,09:02:33,669,a1709,XDCE,3762,3740,3782,81676,3069758060,239620,249612,3934,3560,3747,3743,0,3750,0,0,0,2017-04-24,32553669,3761,57,0,0,0,0,0,0,0,0,3762,3,0,0,0,0,0,0,0,0
272,2017-04-24,09:02:34,228,a1709,XDCE,3762,3740,3782,81676,3069758060,239620,249612,3934,3560,3747,3743,0,3750,0,0,0,2017-04-24,32554228,3761,54,0,0,0,0,0,0,0,0,3762,53,0,0,0,0,0,0,0,0
273,2017-04-24,09:02:35,246,a1709,XDCE,3762,3740,3782,81678,3069833300,239622,249612,3934,3560,3747,3743,0,3750,0,0,0,2017-04-24,32555246,3761,54,0,0,0,0,0,0,0,0,3762,59,0,0,0,0,0,0,0,0
274,2017-04-24,09:02:35,736,a1709,XDCE,3762,3740,3782,81680,3069908540,239622,249612,3934,3560,3747,3743,0,3750,0,0,0,2017-04-24,32555736,3761,56,0,0,0,0,0,0,0,0,3762,58,0,0,0,0,0,0,0,0
275,2017-04-24,09:02:36,729,a1709,XDCE,3761,3740,3782,81710,3071036940,239620,249612,3934,3560,3747,3743,0,3750,0,0,0,2017-04-24,32556729,3761,46,0,0,0,0,0,0,0,0,3762,53,0,0,0,0,0,0,0,0
276,2017-04-24,09:02:37,212,a1709,XDCE,3762,3740,3782,81732,3071864580,239640,249612,3934,3560,3747,3743,0,3750,0,0,0,2017-04-24,32557212,3761,46,0,0,0,0,0,0,0,0,3762,42,0,0,0,0,0,0,0,0
277,2017-04-24,09:02:37,746,a1709,XDCE,3762,3740,3782,81732,3071864580,239640,249612,3934,3560,3747,3743,0,3750,0,0,0,2017-04-24,32557746,3761,49,0,0,0,0,0,0,0,0,3762,42,0,0,0,0,0,0,0,0
278,2017-04-24,09:02:38,236,a1709,XDCE,3762,3740,3782,81744,3072315920,239642,249612,3934,3560,3747,3743,0,3750,0,0,0,2017-04-24,32558236,3761,44,0,0,0,0,0,0,0,0,3762,36,0,0,0,0,0,0,0,0
279,2017-04-24,09:02:38,762,a1709,XDCE,3761,3740,3782,81748,3072466360,239646,249612,3934,3560,3747,3743,0,3750,0,0,0,2017-04-24,32558762,3761,42,0,0,0,0,0,0,0,0,3762,36,0,0,0,0,0,0,0,0
280,2017-04-24,09:02:39,246,a1709,XDCE,3762,3740,3782,81750,3072541600,239648,249612,3934,3560,3747,3743,0,3750,0,0,0,2017-04-24,32559246,3761,42,0,0,0,0,0,0,0,0,3762,35,0,0,0,0,0,0,0,0
281,2017-04-24,09:02:39,727,a1709,XDCE,3761,3740,3782,81776,3073519520,239648,249612,3934,3560,3747,3743,0,3750,0,0,0,2017-04-24,32559727,3761,32,0,0,0,0,0,0,0,0,3762,32,0,0,0,0,0,0,0,0
282,2017-04-24,09:02:40,212,a1709,XDCE,3761,3740,3782,81782,3073745180,239648,249612,3934,3560,3747,3743,0,3750,0,0,0,2017-04-24,32560212,3761,29,0,0,0,0,0,0,0,0,3762,32,0,0,0,0,0,0,0,0
283,2017-04-24,09:02:40,727,a1709,XDCE,3762,3740,3782,81790,3074046140,239656,249612,3934,3560,3747,3743,0,3750,0,0,0,2017-04-24,32560727,3761,26,0,0,0,0,0,0,0,0,3762,28,0,0,0,0,0,0,0,0
284,2017-04-24,09:02:41,254,a1709,XDCE,3761,3740,3782,81842,3076001860,239656,249612,3934,3560,3747,3743,0,3750,0,0,0,2017-04-24,32561254,3760,107,0,0,0,0,0,0,0,0,3762,30,0,0,0,0,0,0,0,0
285,2017-04-24,09:02:42,245,a1709,XDCE,3762,3740,3782,81844,3076077100,239658,249612,3934,3560,3747,3743,0,3750,0,0,0,2017-04-24,32562245,3760,107,0,0,0,0,0,0,0,0,3762,29,0,0,0,0,0,0,0,0
286,2017-04-24,09:02:42,747,a1709,XDCE,3761,3740,3782,81848,3076227540,239656,249612,3934,3560,3747,3743,0,3750,0,0,0,2017-04-24,32562747,3761,7,0,0,0,0,0,0,0,0,3762,29,0,0,0,0,0,0,0,0
287,2017-04-24,09:02:43,703,a1709,XDCE,3762,3740,3782,81850,3076302780,239658,249612,3934,3560,3747,3743,0,3750,0,0,0,2017-04-24,32563703,3761,7,0,0,0,0,0,0,0,0,3762,28,0,0,0,0,0,0,0,0
288,2017-04-24,09:02:45,200,a1709,XDCE,3760,3740,3782,81872,3077130140,239648,249612,3934,3560,3747,3743,0,3750,0,0,0,2017-04-24,32565200,3760,103,0,0,0,0,0,0,0,0,3762,27,0,0,0,0,0,0,0,0
289,2017-04-24,09:02:45,760,a1709,XDCE,3761,3740,3782,81874,3077205360,239646,249612,3934,3560,3747,3743,0,3750,0,0,0,2017-04-24,32565760,3760,103,0,0,0,0,0,0,0,0,3762,27,0,0,0,0,0,0,0,0
290,2017-04-24,09:02:46,210,a1709,XDCE,3761,3740,3782,81874,3077205360,239646,249612,3934,3560,3747,3743,0,3750,0,0,0,2017-04-24,32566210,3760,104,0,0,0,0,0,0,0,0,3762,27,0,0,0,0,0,0,0,0
291,2017-04-24,09:02:46,717,a1709,XDCE,3761,3740,3782,81892,3077882340,239654,249612,3934,3560,3747,3743,0,3750,0,0,0,2017-04-24,32566717,3760,104,0,0,0,0,0,0,0,0,3761,41,0,0,0,0,0,0,0,0
292,2017-04-24,09:02:47,254,a1709,XDCE,3761,3740,3782,81906,3078408860,239662,249612,3934,3560,3747,3743,0,3750,0,0,0,2017-04-24,32567254,3760,103,0,0,0,0,0,0,0,0,3761,36,0,0,0,0,0,0,0,0
293,2017-04-24,09:02:47,739,a1709,XDCE,3761,3740,3782,81908,3078484080,239664,249612,3934,3560,3747,3743,0,3750,0,0,0,2017-04-24,32567739,3760,103,0,0,0,0,0,0,0,0,3761,35,0,0,0,0,0,0,0,0
294,2017-04-24,09:02:48,199,a1709,XDCE,3761,3740,3782,81908,3078484080,239664,249612,3934,3560,3747,3743,0,3750,0,0,0,2017-04-24,32568199,3760,104,0,0,0,0,0,0,0,0,3761,35,0,0,0,0,0,0,0,0
295,2017-04-24,09:02:49,249,a1709,XDCE,3761,3740,3782,81908,3078484080,239664,249612,3934,3560,3747,3743,0,3750,0,0,0,2017-04-24,32569249,3760,103,0,0,0,0,0,0,0,0,3761,35,0,0,0,0,0,0,0,0
296,2017-04-24,09:02:49,721,a1709,XDCE,3761,3740,3782,81916,3078784960,239670,249612,3934,3560,3747,3743,0,3750,0,0,0,2017-04-24,32569721,3760,98,0,0,0,0,0,0,0,0,3761,31,0,0,0,0,0,0,0,0
297,2017-04-24,09:02:50,254,a1709,XDCE,3761,3740,3782,81916,3078784960,239670,249612,3934,3560,3747,3743,0,3750,0,0,0,2017-04-24,32570254,3760,98,0,0,0,0,0,0,0,0,3761,32,0,0,0,0,0,0,0,0
298,2017-04-24,09:02:50,761,a1709,XDCE,3761,3740,3782,81918,3078860180,239672,249612,3934,3560,3747,3743,0,3750,0,0,0,2017-04-24,32570761,3760,97,0,0,0,0,0,0,0,0,3761,31,0,0,0,0,0,0,0,0
299,2017-04-24,09:02:51,244,a1709,XDCE,3761,3740,3782,81920,3078935400,239674,249612,3934,3560,3747,3743,0,3750,0,0,0,2017-04-24,32571244,3760,97,0,0,0,0,0,0,0,0,3761,30,0,0,0,0,0,0,0,0
300,2017-04-24,09:02:51,746,a1709,XDCE,3761,3740,3782,81960,3080439800,239714,249612,3934,3560,3747,3743,0,3750,0,0,0,2017-04-24,32571746,3760,97,0,0,0,0,0,0,0,0,3761,11,0,0,0,0,0,0,0,0
301,2017-04-24,09:02:52,254,a1709,XDCE,3761,3740,3782,81970,3080815900,239722,249612,3934,3560,3747,3743,0,3750,0,0,0,2017-04-24,32572254,3760,97,0,0,0,0,0,0,0,0,3761,6,0,0,0,0,0,0,0,0
302,2017-04-24,09:02:52,730,a1709,XDCE,3761,3740,3782,81972,3080891120,239724,249612,3934,3560,3747,3743,0,3750,0,0,0,2017-04-24,32572730,3760,97,0,0,0,0,0,0,0,0,3761,5,0,0,0,0,0,0,0,0
303,2017-04-24,09:02:53,262,a1709,XDCE,3761,3740,3782,81972,3080891120,239724,249612,3934,3560,3747,3743,0,3750,0,0,0,2017-04-24,32573262,3760,97,0,0,0,0,0,0,0,0,3761,6,0,0,0,0,0,0,0,0
304,2017-04-24,09:02:53,761,a1709,XDCE,3761,3740,3782,81978,3081116780,239728,249612,3934,3560,3747,3743,0,3750,0,0,0,2017-04-24,32573761,3760,102,0,0,0,0,0,0,0,0,3761,3,0,0,0,0,0,0,0,0
305,2017-04-24,09:02:54,260,a1709,XDCE,3761,3740,3782,81986,3081417660,239728,249612,3934,3560,3747,3743,0,3750,0,0,0,2017-04-24,32574260,3761,6,0,0,0,0,0,0,0,0,3762,30,0,0,0,0,0,0,0,0
306,2017-04-24,09:02:54,741,a1709,XDCE,3762,3740,3782,82008,3082245020,239730,249612,3934,3560,3747,3743,0,3750,0,0,0,2017-04-24,32574741,3760,99,0,0,0,0,0,0,0,0,3762,29,0,0,0,0,0,0,0,0
307,2017-04-24,09:02:55,210,a1709,XDCE,3762,3740,3782,82008,3082245020,239730,249612,3934,3560,3747,3743,0,3750,0,0,0,2017-04-24,32575210,3760,100,0,0,0,0,0,0,0,0,3762,27,0,0,0,0,0,0,0,0
308,2017-04-24,09:02:55,755,a1709,XDCE,3762,3740,3782,82008,3082245020,239730,249612,3934,3560,3747,3743,0,3750,0,0,0,2017-04-24,32575755,3761,3,0,0,0,0,0,0,0,0,3762,27,0,0,0,0,0,0,0,0
309,2017-04-24,09:02:56,262,a1709,XDCE,3762,3740,3782,82008,3082245020,239730,249612,3934,3560,3747,3743,0,3750,0,0,0,2017-04-24,32576262,3761,1,0,0,0,0,0,0,0,0,3762,29,0,0,0,0,0,0,0,0
310,2017-04-24,09:02:56,698,a1709,XDCE,3762,3740,3782,82008,3082245020,239730,249612,3934,3560,3747,3743,0,3750,0,0,0,2017-04-24,32576698,3761,2,0,0,0,0,0,0,0,0,3762,30,0,0,0,0,0,0,0,0
311,2017-04-24,09:02:57,252,a1709,XDCE,3761,3740,3782,82020,3082696440,239728,249612,3934,3560,3747,3743,0,3750,0,0,0,2017-04-24,32577252,3761,1,0,0,0,0,0,0,0,0,3762,25,0,0,0,0,0,0,0,0
312,2017-04-24,09:02:59,175,a1709,XDCE,3762,3740,3782,82022,3082771680,239730,249612,3934,3560,3747,3743,0,3750,0,0,0,2017-04-24,32579175,3761,1,0,0,0,0,0,0,0,0,3762,24,0,0,0,0,0,0,0,0
313,2017-04-24,09:02:59,738,a1709,XDCE,3761,3740,3782,82024,3082846900,239732,249612,3934,3560,3747,3743,0,3750,0,0,0,2017-04-24,32579738,3761,10,0,0,0,0,0,0,0,0,3762,22,0,0,0,0,0,0,0,0
314,2017-04-24,09:03:00,260,a1709,XDCE,3762,3740,3782,82036,3083298340,239744,249612,3934,3560,3747,3743,0,3750,0,0,0,2017-04-24,32580260,3761,12,0,0,0,0,0,0,0,0,3762,16,0,0,0,0,0,0,0,0
315,2017-04-24,09:03:00,748,a1709,XDCE,3762,3740,3782,82088,3085254580,239768,249612,3934,3560,3747,3743,0,3750,0,0,0,2017-04-24,32580748,3762,12,0,0,0,0,0,0,0,0,3763,59,0,0,0,0,0,0,0,0
316,2017-04-24,09:03:01,262,a1709,XDCE,3762,3740,3782,82090,3085329820,239768,249612,3934,3560,3747,3743,0,3750,0,0,0,2017-04-24,32581262,3762,11,0,0,0,0,0,0,0,0,3763,59,0,0,0,0,0,0,0,0
317,2017-04-24,09:03:02,246,a1709,XDCE,3762,3740,3782,82090,3085329820,239768,249612,3934,3560,3747,3743,0,3750,0,0,0,2017-04-24,32582246,3762,9,0,0,0,0,0,0,0,0,3763,58,0,0,0,0,0,0,0,0
318,2017-04-24,09:03:02,755,a1709,XDCE,3762,3740,3782,82114,3086232700,239778,249612,3934,3560,3747,3743,0,3750,0,0,0,2017-04-24,32582755,3761,29,0,0,0,0,0,0,0,0,3762,38,0,0,0,0,0,0,0,0
319,2017-04-24,09:03:03,241,a1709,XDCE,3762,3740,3782,82114,3086232700,239778,249612,3934,3560,3747,3743,0,3750,0,0,0,2017-04-24,32583241,3761,40,0,0,0,0,0,0,0,0,3762,41,0,0,0,0,0,0,0,0
320,2017-04-24,09:03:03,716,a1709,XDCE,3761,3740,3782,82138,3087135340,239758,249612,3934,3560,3747,3743,0,3750,0,0,0,2017-04-24,32583716,3761,31,0,0,0,0,0,0,0,0,3762,44,0,0,0,0,0,0,0,0
321,2017-04-24,09:03:04,255,a1709,XDCE,3761,3740,3782,82140,3087210560,239760,249612,3934,3560,3747,3743,0,3750,0,0,0,2017-04-24,32584255,3761,31,0,0,0,0,0,0,0,0,3762,45,0,0,0,0,0,0,0,0
322,2017-04-24,09:03:05,255,a1709,XDCE,3761,3740,3782,82142,3087285780,239762,249612,3934,3560,3747,3743,0,3750,0,0,0,2017-04-24,32585255,3761,30,0,0,0,0,0,0,0,0,3762,45,0,0,0,0,0,0,0,0
323,2017-04-24,09:03:05,719,a1709,XDCE,3761,3740,3782,82142,3087285780,239762,249612,3934,3560,3747,3743,0,3750,0,0,0,2017-04-24,32585719,3761,30,0,0,0,0,0,0,0,0,3762,46,0,0,0,0,0,0,0,0
324,2017-04-24,09:03:06,259,a1709,XDCE,3761,3740,3782,82148,3087511440,239766,249612,3934,3560,3747,3743,0,3750,0,0,0,2017-04-24,32586259,3761,27,0,0,0,0,0,0,0,0,3762,46,0,0,0,0,0,0,0,0
325,2017-04-24,09:03:06,738,a1709,XDCE,3761,3740,3782,82150,3087586660,239766,249612,3934,3560,3747,3743,0,3750,0,0,0,2017-04-24,32586738,3761,28,0,0,0,0,0,0,0,0,3762,56,0,0,0,0,0,0,0,0
326,2017-04-24,09:03:07,249,a1709,XDCE,3761,3740,3782,82150,3087586660,239766,249612,3934,3560,3747,3743,0,3750,0,0,0,2017-04-24,32587249,3761,35,0,0,0,0,0,0,0,0,3762,57,0,0,0,0,0,0,0,0
327,2017-04-24,09:03:07,751,a1709,XDCE,3761,3740,3782,82154,3087737100,239770,249612,3934,3560,3747,3743,0,3750,0,0,0,2017-04-24,32587751,3761,33,0,0,0,0,0,0,0,0,3762,57,0,0,0,0,0,0,0,0
328,2017-04-24,09:03:08,209,a1709,XDCE,3761,3740,3782,82154,3087737100,239770,249612,3934,3560,3747,3743,0,3750,0,0,0,2017-04-24,32588209,3761,33,0,0,0,0,0,0,0,0,3762,58,0,0,0,0,0,0,0,0
329,2017-04-24,09:03:08,698,a1709,XDCE,3762,3740,3782,82176,3088564540,239768,249612,3934,3560,3747,3743,0,3750,0,0,0,2017-04-24,32588698,3761,25,0,0,0,0,0,0,0,0,3762,57,0,0,0,0,0,0,0,0
330,2017-04-24,09:03:09,259,a1709,XDCE,3762,3740,3782,82202,3089542660,239794,249612,3934,3560,3747,3743,0,3750,0,0,0,2017-04-24,32589259,3761,17,0,0,0,0,0,0,0,0,3762,44,0,0,0,0,0,0,0,0
331,2017-04-24,09:03:09,705,a1709,XDCE,3762,3740,3782,82202,3089542660,239794,249612,3934,3560,3747,3743,0,3750,0,0,0,2017-04-24,32589705,3761,17,0,0,0,0,0,0,0,0,3762,48,0,0,0,0,0,0,0,0
332,2017-04-24,09:03:10,762,a1709,XDCE,3762,3740,3782,82202,3089542660,239794,249612,3934,3560,3747,3743,0,3750,0,0,0,2017-04-24,32590762,3761,13,0,0,0,0,0,0,0,0,3762,49,0,0,0,0,0,0,0,0
333,2017-04-24,09:03:11,231,a1709,XDCE,3762,3740,3782,82202,3089542660,239794,249612,3934,3560,3747,3743,0,3750,0,0,0,2017-04-24,32591231,3761,19,0,0,0,0,0,0,0,0,3762,49,0,0,0,0,0,0,0,0
334,2017-04-24,09:03:11,725,a1709,XDCE,3762,3740,3782,82204,3089617900,239796,249612,3934,3560,3747,3743,0,3750,0,0,0,2017-04-24,32591725,3761,21,0,0,0,0,0,0,0,0,3762,49,0,0,0,0,0,0,0,0
335,2017-04-24,09:03:13,250,a1709,XDCE,3761,3740,3782,82208,3089768340,239798,249612,3934,3560,3747,3743,0,3750,0,0,0,2017-04-24,32593250,3761,20,0,0,0,0,0,0,0,0,3762,49,0,0,0,0,0,0,0,0
336,2017-04-24,09:03:13,734,a1709,XDCE,3761,3740,3782,82248,3091272740,239802,249612,3934,3560,3747,3743,0,3750,0,0,0,2017-04-24,32593734,3760,117,0,0,0,0,0,0,0,0,3761,25,0,0,0,0,0,0,0,0
337,2017-04-24,09:03:14,228,a1709,XDCE,3761,3740,3782,82248,3091272740,239802,249612,3934,3560,3747,3743,0,3750,0,0,0,2017-04-24,32594228,3760,117,0,0,0,0,0,0,0,0,3761,28,0,0,0,0,0,0,0,0
338,2017-04-24,09:03:15,254,a1709,XDCE,3761,3740,3782,82248,3091272740,239802,249612,3934,3560,3747,3743,0,3750,0,0,0,2017-04-24,32595254,3760,117,0,0,0,0,0,0,0,0,3761,6,0,0,0,0,0,0,0,0
339,2017-04-24,09:03:15,757,a1709,XDCE,3761,3740,3782,82268,3092024940,239812,249612,3934,3560,3747,3743,0,3750,0,0,0,2017-04-24,32595757,3761,11,0,0,0,0,0,0,0,0,3762,46,0,0,0,0,0,0,0,0
340,2017-04-24,09:03:16,254,a1709,XDCE,3761,3740,3782,82270,3092100160,239812,249612,3934,3560,3747,3743,0,3750,0,0,0,2017-04-24,32596254,3761,7,0,0,0,0,0,0,0,0,3762,46,0,0,0,0,0,0,0,0
341,2017-04-24,09:03:17,125,a1709,XDCE,3761,3740,3782,82274,3092250600,239814,249612,3934,3560,3747,3743,0,3750,0,0,0,2017-04-24,32597125,3761,21,0,0,0,0,0,0,0,0,3762,46,0,0,0,0,0,0,0,0
342,2017-04-24,09:03:17,725,a1709,XDCE,3761,3740,3782,82274,3092250600,239814,249612,3934,3560,3747,3743,0,3750,0,0,0,2017-04-24,32597725,3761,22,0,0,0,0,0,0,0,0,3762,46,0,0,0,0,0,0,0,0
343,2017-04-24,09:03:18,242,a1709,XDCE,3761,3740,3782,82276,3092325820,239816,249612,3934,3560,3747,3743,0,3750,0,0,0,2017-04-24,32598242,3761,46,0,0,0,0,0,0,0,0,3762,46,0,0,0,0,0,0,0,0
344,2017-04-24,09:03:18,748,a1709,XDCE,3761,3740,3782,82278,3092401040,239818,249612,3934,3560,3747,3743,0,3750,0,0,0,2017-04-24,32598748,3761,65,0,0,0,0,0,0,0,0,3762,46,0,0,0,0,0,0,0,0
345,2017-04-24,09:03:19,245,a1709,XDCE,3762,3740,3782,82366,3095711220,239906,249612,3934,3560,3747,3743,0,3750,0,0,0,2017-04-24,32599245,3761,51,0,0,0,0,0,0,0,0,3762,21,0,0,0,0,0,0,0,0
346,2017-04-24,09:03:19,752,a1709,XDCE,3761,3740,3782,82370,3095861660,239906,249612,3934,3560,3747,3743,0,3750,0,0,0,2017-04-24,32599752,3761,49,0,0,0,0,0,0,0,0,3762,23,0,0,0,0,0,0,0,0
347,2017-04-24,09:03:20,694,a1709,XDCE,3762,3740,3782,82372,3095936900,239908,249612,3934,3560,3747,3743,0,3750,0,0,0,2017-04-24,32600694,3761,49,0,0,0,0,0,0,0,0,3762,22,0,0,0,0,0,0,0,0
348,2017-04-24,09:03:21,188,a1709,XDCE,3762,3740,3782,82372,3095936900,239908,249612,3934,3560,3747,3743,0,3750,0,0,0,2017-04-24,32601188,3761,49,0,0,0,0,0,0,0,0,3762,23,0,0,0,0,0,0,0,0
349,2017-04-24,09:03:21,760,a1709,XDCE,3762,3740,3782,82374,3096012140,239908,249612,3934,3560,3747,3743,0,3750,0,0,0,2017-04-24,32601760,3761,50,0,0,0,0,0,0,0,0,3762,27,0,0,0,0,0,0,0,0
350,2017-04-24,09:03:22,737,a1709,XDCE,3762,3740,3782,82380,3096237820,239912,249612,3934,3560,3747,3743,0,3750,0,0,0,2017-04-24,32602737,3761,49,0,0,0,0,0,0,0,0,3762,26,0,0,0,0,0,0,0,0
351,2017-04-24,09:03:24,248,a1709,XDCE,3761,3740,3782,82394,3096764360,239912,249612,3934,3560,3747,3743,0,3750,0,0,0,2017-04-24,32604248,3761,42,0,0,0,0,0,0,0,0,3762,27,0,0,0,0,0,0,0,0
352,2017-04-24,09:03:25,207,a1709,XDCE,3762,3740,3782,82398,3096914840,239916,249612,3934,3560,3747,3743,0,3750,0,0,0,2017-04-24,32605207,3761,42,0,0,0,0,0,0,0,0,3762,25,0,0,0,0,0,0,0,0
353,2017-04-24,09:03:25,732,a1709,XDCE,3762,3740,3782,82426,3097968200,239934,249612,3934,3560,3747,3743,0,3750,0,0,0,2017-04-24,32605732,3761,42,0,0,0,0,0,0,0,0,3762,11,0,0,0,0,0,0,0,0
354,2017-04-24,09:03:26,252,a1709,XDCE,3762,3740,3782,82448,3098795840,239934,249612,3934,3560,3747,3743,0,3750,0,0,0,2017-04-24,32606252,3762,4,0,0,0,0,0,0,0,0,3763,63,0,0,0,0,0,0,0,0
355,2017-04-24,09:03:26,757,a1709,XDCE,3762,3740,3782,82448,3098795840,239934,249612,3934,3560,3747,3743,0,3750,0,0,0,2017-04-24,32606757,3762,6,0,0,0,0,0,0,0,0,3763,63,0,0,0,0,0,0,0,0
356,2017-04-24,09:03:27,695,a1709,XDCE,3763,3740,3782,82450,3098871100,239934,249612,3934,3560,3747,3743,0,3750,0,0,0,2017-04-24,32607695,3762,8,0,0,0,0,0,0,0,0,3763,62,0,0,0,0,0,0,0,0
357,2017-04-24,09:03:28,246,a1709,XDCE,3762,3740,3782,82456,3099096820,239928,249612,3934,3560,3747,3743,0,3750,0,0,0,2017-04-24,32608246,3762,5,0,0,0,0,0,0,0,0,3763,62,0,0,0,0,0,0,0,0
358,2017-04-24,09:03:28,675,a1709,XDCE,3762,3740,3782,82456,3099096820,239928,249612,3934,3560,3747,3743,0,3750,0,0,0,2017-04-24,32608675,3762,23,0,0,0,0,0,0,0,0,3763,59,0,0,0,0,0,0,0,0
359,2017-04-24,09:03:29,245,a1709,XDCE,3762,3740,3782,82458,3099172060,239928,249612,3934,3560,3747,3743,0,3750,0,0,0,2017-04-24,32609245,3762,22,0,0,0,0,0,0,0,0,3763,59,0,0,0,0,0,0,0,0
360,2017-04-24,09:03:30,263,a1709,XDCE,3762,3740,3782,82460,3099247300,239928,249612,3934,3560,3747,3743,0,3750,0,0,0,2017-04-24,32610263,3762,17,0,0,0,0,0,0,0,0,3763,59,0,0,0,0,0,0,0,0
361,2017-04-24,09:03:30,665,a1709,XDCE,3762,3740,3782,82460,3099247300,239928,249612,3934,3560,3747,3743,0,3750,0,0,0,2017-04-24,32610665,3762,18,0,0,0,0,0,0,0,0,3763,59,0,0,0,0,0,0,0,0
362,2017-04-24,09:03:31,261,a1709,XDCE,3762,3740,3782,82496,3100601620,239944,249612,3934,3560,3747,3743,0,3750,0,0,0,2017-04-24,32611261,3761,44,0,0,0,0,0,0,0,0,3762,71,0,0,0,0,0,0,0,0
363,2017-04-24,09:03:31,678,a1709,XDCE,3762,3740,3782,82496,3100601620,239944,249612,3934,3560,3747,3743,0,3750,0,0,0,2017-04-24,32611678,3761,44,0,0,0,0,0,0,0,0,3762,72,0,0,0,0,0,0,0,0
364,2017-04-24,09:03:32,197,a1709,XDCE,3762,3740,3782,82498,3100676860,239946,249612,3934,3560,3747,3743,0,3750,0,0,0,2017-04-24,32612197,3761,44,0,0,0,0,0,0,0,0,3762,71,0,0,0,0,0,0,0,0
365,2017-04-24,09:03:32,689,a1709,XDCE,3762,3740,3782,82504,3100902580,239952,249612,3934,3560,3747,3743,0,3750,0,0,0,2017-04-24,32612689,3761,44,0,0,0,0,0,0,0,0,3762,68,0,0,0,0,0,0,0,0
366,2017-04-24,09:03:33,249,a1709,XDCE,3762,3740,3782,82504,3100902580,239952,249612,3934,3560,3747,3743,0,3750,0,0,0,2017-04-24,32613249,3761,44,0,0,0,0,0,0,0,0,3762,70,0,0,0,0,0,0,0,0
367,2017-04-24,09:03:33,695,a1709,XDCE,3761,3740,3782,82536,3102106400,239966,249612,3934,3560,3747,3743,0,3750,0,0,0,2017-04-24,32613695,3761,43,0,0,0,0,0,0,0,0,3762,55,0,0,0,0,0,0,0,0
368,2017-04-24,09:03:34,257,a1709,XDCE,3761,3740,3782,82540,3102256840,239970,249612,3934,3560,3747,3743,0,3750,0,0,0,2017-04-24,32614257,3761,41,0,0,0,0,0,0,0,0,3762,55,0,0,0,0,0,0,0,0
369,2017-04-24,09:03:34,748,a1709,XDCE,3762,3740,3782,82542,3102332080,239972,249612,3934,3560,3747,3743,0,3750,0,0,0,2017-04-24,32614748,3761,41,0,0,0,0,0,0,0,0,3762,55,0,0,0,0,0,0,0,0
370,2017-04-24,09:03:35,184,a1709,XDCE,3761,3740,3782,82614,3105040420,240004,249612,3934,3560,3747,3743,0,3750,0,0,0,2017-04-24,32615184,3761,26,0,0,0,0,0,0,0,0,3762,34,0,0,0,0,0,0,0,0
371,2017-04-24,09:03:35,762,a1709,XDCE,3761,3740,3782,82618,3105190860,240006,249612,3934,3560,3747,3743,0,3750,0,0,0,2017-04-24,32615762,3761,25,0,0,0,0,0,0,0,0,3762,34,0,0,0,0,0,0,0,0
372,2017-04-24,09:03:36,248,a1709,XDCE,3761,3740,3782,82618,3105190860,240006,249612,3934,3560,3747,3743,0,3750,0,0,0,2017-04-24,32616248,3761,27,0,0,0,0,0,0,0,0,3762,34,0,0,0,0,0,0,0,0
373,2017-04-24,09:03:37,674,a1709,XDCE,3761,3740,3782,82618,3105190860,240006,249612,3934,3560,3747,3743,0,3750,0,0,0,2017-04-24,32617674,3761,28,0,0,0,0,0,0,0,0,3762,34,0,0,0,0,0,0,0,0
374,2017-04-24,09:03:38,231,a1709,XDCE,3762,3740,3782,82620,3105266100,240006,249612,3934,3560,3747,3743,0,3750,0,0,0,2017-04-24,32618231,3761,29,0,0,0,0,0,0,0,0,3762,34,0,0,0,0,0,0,0,0
375,2017-04-24,09:03:39,759,a1709,XDCE,3762,3740,3782,82624,3105416580,240002,249612,3934,3560,3747,3743,0,3750,0,0,0,2017-04-24,32619759,3761,29,0,0,0,0,0,0,0,0,3762,32,0,0,0,0,0,0,0,0
376,2017-04-24,09:03:40,734,a1709,XDCE,3762,3740,3782,82630,3105642300,240002,249612,3934,3560,3747,3743,0,3750,0,0,0,2017-04-24,32620734,3761,29,0,0,0,0,0,0,0,0,3762,29,0,0,0,0,0,0,0,0
377,2017-04-24,09:03:42,731,a1709,XDCE,3761,3740,3782,82648,3106319280,240020,249612,3934,3560,3747,3743,0,3750,0,0,0,2017-04-24,32622731,3761,20,0,0,0,0,0,0,0,0,3762,30,0,0,0,0,0,0,0,0
378,2017-04-24,09:03:43,257,a1709,XDCE,3761,3740,3782,82688,3107823680,240056,249612,3934,3560,3747,3743,0,3750,0,0,0,2017-04-24,32623257,3760,123,0,0,0,0,0,0,0,0,3761,18,0,0,0,0,0,0,0,0
379,2017-04-24,09:03:43,675,a1709,XDCE,3761,3740,3782,82690,3107898900,240058,249612,3934,3560,3747,3743,0,3750,0,0,0,2017-04-24,32623675,3760,123,0,0,0,0,0,0,0,0,3761,17,0,0,0,0,0,0,0,0
380,2017-04-24,09:03:44,710,a1709,XDCE,3761,3740,3782,82700,3108275000,240068,249612,3934,3560,3747,3743,0,3750,0,0,0,2017-04-24,32624710,3760,123,0,0,0,0,0,0,0,0,3761,5,0,0,0,0,0,0,0,0
381,2017-04-24,09:03:45,196,a1709,XDCE,3761,3740,3782,82702,3108350220,240066,249612,3934,3560,3747,3743,0,3750,0,0,0,2017-04-24,32625196,3760,123,0,0,0,0,0,0,0,0,3761,8,0,0,0,0,0,0,0,0
382,2017-04-24,09:03:46,732,a1709,XDCE,3760,3740,3782,82704,3108425420,240066,249612,3934,3560,3747,3743,0,3750,0,0,0,2017-04-24,32626732,3760,122,0,0,0,0,0,0,0,0,3761,8,0,0,0,0,0,0,0,0
383,2017-04-24,09:03:47,258,a1709,XDCE,3761,3740,3782,82712,3108726280,240066,249612,3934,3560,3747,3743,0,3750,0,0,0,2017-04-24,32627258,3760,121,0,0,0,0,0,0,0,0,3761,5,0,0,0,0,0,0,0,0
384,2017-04-24,09:03:47,729,a1709,XDCE,3761,3740,3782,82722,3109102380,240074,249612,3934,3560,3747,3743,0,3750,0,0,0,2017-04-24,32627729,3761,3,0,0,0,0,0,0,0,0,3762,55,0,0,0,0,0,0,0,0
385,2017-04-24,09:03:48,261,a1709,XDCE,3761,3740,3782,82728,3109328040,240074,249612,3934,3560,3747,3743,0,3750,0,0,0,2017-04-24,32628261,3760,122,0,0,0,0,0,0,0,0,3761,3,0,0,0,0,0,0,0,0
386,2017-04-24,09:03:48,657,a1709,XDCE,3761,3740,3782,82734,3109553660,240074,249612,3934,3560,3747,3743,0,3750,0,0,0,2017-04-24,32628657,3760,120,0,0,0,0,0,0,0,0,3761,8,0,0,0,0,0,0,0,0
387,2017-04-24,09:03:50,240,a1709,XDCE,3761,3740,3782,82742,3109854540,240074,249612,3934,3560,3747,3743,0,3750,0,0,0,2017-04-24,32630240,3760,120,0,0,0,0,0,0,0,0,3761,4,0,0,0,0,0,0,0,0
388,2017-04-24,09:03:51,215,a1709,XDCE,3761,3740,3782,82742,3109854540,240074,249612,3934,3560,3747,3743,0,3750,0,0,0,2017-04-24,32631215,3760,120,0,0,0,0,0,0,0,0,3761,5,0,0,0,0,0,0,0,0
389,2017-04-24,09:03:51,759,a1709,XDCE,3761,3740,3782,82742,3109854540,240074,249612,3934,3560,3747,3743,0,3750,0,0,0,2017-04-24,32631759,3760,121,0,0,0,0,0,0,0,0,3761,5,0,0,0,0,0,0,0,0
390,2017-04-24,09:03:52,195,a1709,XDCE,3761,3740,3782,82744,3109929760,240074,249612,3934,3560,3747,3743,0,3750,0,0,0,2017-04-24,32632195,3760,121,0,0,0,0,0,0,0,0,3761,24,0,0,0,0,0,0,0,0
391,2017-04-24,09:03:53,223,a1709,XDCE,3761,3740,3782,82744,3109929760,240074,249612,3934,3560,3747,3743,0,3750,0,0,0,2017-04-24,32633223,3760,120,0,0,0,0,0,0,0,0,3761,24,0,0,0,0,0,0,0,0
392,2017-04-24,09:03:54,207,a1709,XDCE,3761,3740,3782,82744,3109929760,240074,249612,3934,3560,3747,3743,0,3750,0,0,0,2017-04-24,32634207,3760,119,0,0,0,0,0,0,0,0,3761,24,0,0,0,0,0,0,0,0
393,2017-04-24,09:03:54,732,a1709,XDCE,3761,3740,3782,82754,3110305860,240074,249612,3934,3560,3747,3743,0,3750,0,0,0,2017-04-24,32634732,3760,119,0,0,0,0,0,0,0,0,3761,19,0,0,0,0,0,0,0,0
394,2017-04-24,09:03:55,240,a1709,XDCE,3761,3740,3782,82804,3112186360,240086,249612,3934,3560,3747,3743,0,3750,0,0,0,2017-04-24,32635240,3760,119,0,0,0,0,0,0,0,0,3762,68,0,0,0,0,0,0,0,0
395,2017-04-24,09:03:55,659,a1709,XDCE,3761,3740,3782,82804,3112186360,240086,249612,3934,3560,3747,3743,0,3750,0,0,0,2017-04-24,32635659,3761,1,0,0,0,0,0,0,0,0,3762,68,0,0,0,0,0,0,0,0
396,2017-04-24,09:03:57,232,a1709,XDCE,3761,3740,3782,82814,3112562460,240084,249612,3934,3560,3747,3743,0,3750,0,0,0,2017-04-24,32637232,3761,1,0,0,0,0,0,0,0,0,3762,68,0,0,0,0,0,0,0,0
397,2017-04-24,09:03:57,666,a1709,XDCE,3761,3740,3782,82816,3112637680,240082,249612,3934,3560,3747,3743,0,3750,0,0,0,2017-04-24,32637666,3761,8,0,0,0,0,0,0,0,0,3762,68,0,0,0,0,0,0,0,0
398,2017-04-24,09:03:58,255,a1709,XDCE,3761,3740,3782,82816,3112637680,240082,249612,3934,3560,3747,3743,0,3750,0,0,0,2017-04-24,32638255,3761,10,0,0,0,0,0,0,0,0,3762,68,0,0,0,0,0,0,0,0
399,2017-04-24,09:03:58,738,a1709,XDCE,3760,3740,3782,82844,3113690680,240064,249612,3934,3560,3747,3743,0,3750,0,0,0,2017-04-24,32638738,3760,116,0,0,0,0,0,0,0,0,3762,68,0,0,0,0,0,0,0,0
400,2017-04-24,09:03:59,204,a1709,XDCE,3760,3740,3782,82844,3113690680,240064,249612,3934,3560,3747,3743,0,3750,0,0,0,2017-04-24,32639204,3761,2,0,0,0,0,0,0,0,0,3762,68,0,0,0,0,0,0,0,0
401,2017-04-24,09:03:59,747,a1709,XDCE,3761,3740,3782,82854,3114066780,240064,249612,3934,3560,3747,3743,0,3750,0,0,0,2017-04-24,32639747,3760,116,0,0,0,0,0,0,0,0,3761,2,0,0,0,0,0,0,0,0
402,2017-04-24,09:04:00,262,a1709,XDCE,3761,3740,3782,82858,3114217220,240064,249612,3934,3560,3747,3743,0,3750,0,0,0,2017-04-24,32640262,3761,4,0,0,0,0,0,0,0,0,3762,64,0,0,0,0,0,0,0,0
403,2017-04-24,09:04:00,746,a1709,XDCE,3760,3740,3782,82876,3114894100,240064,249612,3934,3560,3747,3743,0,3750,0,0,0,2017-04-24,32640746,3760,111,0,0,0,0,0,0,0,0,3761,5,0,0,0,0,0,0,0,0
404,2017-04-24,09:04:01,257,a1709,XDCE,3761,3740,3782,82884,3115194980,240064,249612,3934,3560,3747,3743,0,3750,0,0,0,2017-04-24,32641257,3760,108,0,0,0,0,0,0,0,0,3761,2,0,0,0,0,0,0,0,0
405,2017-04-24,09:04:01,681,a1709,XDCE,3761,3740,3782,82888,3115345420,240064,249612,3934,3560,3747,3743,0,3750,0,0,0,2017-04-24,32641681,3761,18,0,0,0,0,0,0,0,0,3762,65,0,0,0,0,0,0,0,0
406,2017-04-24,09:04:02,235,a1709,XDCE,3761,3740,3782,82924,3116699380,240084,249612,3934,3560,3747,3743,0,3750,0,0,0,2017-04-24,32642235,3760,108,0,0,0,0,0,0,0,0,3761,8,0,0,0,0,0,0,0,0
407,2017-04-24,09:04:02,750,a1709,XDCE,3761,3740,3782,82924,3116699380,240084,249612,3934,3560,3747,3743,0,3750,0,0,0,2017-04-24,32642750,3760,109,0,0,0,0,0,0,0,0,3761,12,0,0,0,0,0,0,0,0
408,2017-04-24,09:04:03,235,a1709,XDCE,3761,3740,3782,82924,3116699380,240084,249612,3934,3560,3747,3743,0,3750,0,0,0,2017-04-24,32643235,3760,109,0,0,0,0,0,0,0,0,3761,13,0,0,0,0,0,0,0,0
409,2017-04-24,09:04:03,726,a1709,XDCE,3760,3740,3782,82926,3116774580,240084,249612,3934,3560,3747,3743,0,3750,0,0,0,2017-04-24,32643726,3760,108,0,0,0,0,0,0,0,0,3761,10,0,0,0,0,0,0,0,0
410,2017-04-24,09:04:04,671,a1709,XDCE,3760,3740,3782,82930,3116924980,240082,249612,3934,3560,3747,3743,0,3750,0,0,0,2017-04-24,32644671,3760,107,0,0,0,0,0,0,0,0,3761,14,0,0,0,0,0,0,0,0
411,2017-04-24,09:04:06,732,a1709,XDCE,3760,3740,3782,82932,3117000180,240080,249612,3934,3560,3747,3743,0,3750,0,0,0,2017-04-24,32646732,3760,106,0,0,0,0,0,0,0,0,3761,15,0,0,0,0,0,0,0,0
412,2017-04-24,09:04:07,260,a1709,XDCE,3760,3740,3782,82932,3117000180,240080,249612,3934,3560,3747,3743,0,3750,0,0,0,2017-04-24,32647260,3760,106,0,0,0,0,0,0,0,0,3761,22,0,0,0,0,0,0,0,0
413,2017-04-24,09:04:07,673,a1709,XDCE,3760,3740,3782,82932,3117000180,240080,249612,3934,3560,3747,3743,0,3750,0,0,0,2017-04-24,32647673,3760,106,0,0,0,0,0,0,0,0,3761,21,0,0,0,0,0,0,0,0
414,2017-04-24,09:04:08,228,a1709,XDCE,3760,3740,3782,82932,3117000180,240080,249612,3934,3560,3747,3743,0,3750,0,0,0,2017-04-24,32648228,3760,107,0,0,0,0,0,0,0,0,3761,21,0,0,0,0,0,0,0,0
415,2017-04-24,09:04:08,721,a1709,XDCE,3761,3740,3782,82940,3117301060,240080,249612,3934,3560,3747,3743,0,3750,0,0,0,2017-04-24,32648721,3760,108,0,0,0,0,0,0,0,0,3761,11,0,0,0,0,0,0,0,0
416,2017-04-24,09:04:09,248,a1709,XDCE,3761,3740,3782,82962,3118128480,240088,249612,3934,3560,3747,3743,0,3750,0,0,0,2017-04-24,32649248,3761,3,0,0,0,0,0,0,0,0,3762,65,0,0,0,0,0,0,0,0
417,2017-04-24,09:04:09,755,a1709,XDCE,3761,3740,3782,82964,3118203700,240088,249612,3934,3560,3747,3743,0,3750,0,0,0,2017-04-24,32649755,3761,2,0,0,0,0,0,0,0,0,3762,65,0,0,0,0,0,0,0,0
418,2017-04-24,09:04:10,235,a1709,XDCE,3761,3740,3782,82964,3118203700,240088,249612,3934,3560,3747,3743,0,3750,0,0,0,2017-04-24,32650235,3761,3,0,0,0,0,0,0,0,0,3762,65,0,0,0,0,0,0,0,0
419,2017-04-24,09:04:10,750,a1709,XDCE,3761,3740,3782,82976,3118655020,240080,249612,3934,3560,3747,3743,0,3750,0,0,0,2017-04-24,32650750,3761,10,0,0,0,0,0,0,0,0,3762,65,0,0,0,0,0,0,0,0
420,2017-04-24,09:04:11,262,a1709,XDCE,3761,3740,3782,82976,3118655020,240080,249612,3934,3560,3747,3743,0,3750,0,0,0,2017-04-24,32651262,3761,7,0,0,0,0,0,0,0,0,3762,65,0,0,0,0,0,0,0,0
421,2017-04-24,09:04:12,244,a1709,XDCE,3761,3740,3782,82978,3118730240,240080,249612,3934,3560,3747,3743,0,3750,0,0,0,2017-04-24,32652244,3761,6,0,0,0,0,0,0,0,0,3762,65,0,0,0,0,0,0,0,0
422,2017-04-24,09:04:12,734,a1709,XDCE,3761,3740,3782,82992,3119256780,240078,249612,3934,3560,3747,3743,0,3750,0,0,0,2017-04-24,32652734,3760,106,0,0,0,0,0,0,0,0,3761,6,0,0,0,0,0,0,0,0
423,2017-04-24,09:04:13,220,a1709,XDCE,3760,3740,3782,83000,3119557620,240074,249612,3934,3560,3747,3743,0,3750,0,0,0,2017-04-24,32653220,3760,104,0,0,0,0,0,0,0,0,3761,4,0,0,0,0,0,0,0,0
424,2017-04-24,09:04:14,220,a1709,XDCE,3760,3740,3782,83000,3119557620,240074,249612,3934,3560,3747,3743,0,3750,0,0,0,2017-04-24,32654220,3760,102,0,0,0,0,0,0,0,0,3761,54,0,0,0,0,0,0,0,0
425,2017-04-24,09:04:14,743,a1709,XDCE,3761,3740,3782,83004,3119708060,240074,249612,3934,3560,3747,3743,0,3750,0,0,0,2017-04-24,32654743,3760,102,0,0,0,0,0,0,0,0,3761,52,0,0,0,0,0,0,0,0
426,2017-04-24,09:04:15,192,a1709,XDCE,3760,3740,3782,83062,3121888880,240064,249612,3934,3560,3747,3743,0,3750,0,0,0,2017-04-24,32655192,3760,79,0,0,0,0,0,0,0,0,3761,52,0,0,0,0,0,0,0,0
427,2017-04-24,09:04:15,748,a1709,XDCE,3760,3740,3782,83220,3127829680,240220,249612,3934,3560,3747,3743,0,3750,0,0,0,2017-04-24,32655748,3759,40,0,0,0,0,0,0,0,0,3760,23,0,0,0,0,0,0,0,0
428,2017-04-24,09:04:16,158,a1709,XDCE,3760,3740,3782,83220,3127829680,240220,249612,3934,3560,3747,3743,0,3750,0,0,0,2017-04-24,32656158,3759,33,0,0,0,0,0,0,0,0,3760,22,0,0,0,0,0,0,0,0
429,2017-04-24,09:04:16,666,a1709,XDCE,3759,3740,3782,83228,3128130400,240228,249612,3934,3560,3747,3743,0,3750,0,0,0,2017-04-24,32656666,3759,29,0,0,0,0,0,0,0,0,3760,24,0,0,0,0,0,0,0,0
430,2017-04-24,09:04:17,194,a1709,XDCE,3759,3740,3782,83234,3128355940,240234,249612,3934,3560,3747,3743,0,3750,0,0,0,2017-04-24,32657194,3759,26,0,0,0,0,0,0,0,0,3760,26,0,0,0,0,0,0,0,0
431,2017-04-24,09:04:17,756,a1709,XDCE,3759,3740,3782,83242,3128656660,240236,249612,3934,3560,3747,3743,0,3750,0,0,0,2017-04-24,32657756,3759,22,0,0,0,0,0,0,0,0,3760,26,0,0,0,0,0,0,0,0
432,2017-04-24,09:04:18,173,a1709,XDCE,3759,3740,3782,83260,3129333280,240240,249612,3934,3560,3747,3743,0,3750,0,0,0,2017-04-24,32658173,3759,13,0,0,0,0,0,0,0,0,3760,26,0,0,0,0,0,0,0,0
433,2017-04-24,09:04:18,753,a1709,XDCE,3759,3740,3782,83260,3129333280,240240,249612,3934,3560,3747,3743,0,3750,0,0,0,2017-04-24,32658753,3759,13,0,0,0,0,0,0,0,0,3760,21,0,0,0,0,0,0,0,0
434,2017-04-24,09:04:19,220,a1709,XDCE,3759,3740,3782,83296,3130686620,240268,249612,3934,3560,3747,3743,0,3750,0,0,0,2017-04-24,32659220,3758,15,0,0,0,0,0,0,0,0,3759,7,0,0,0,0,0,0,0,0
435,2017-04-24,09:04:19,666,a1709,XDCE,3759,3740,3782,83328,3131889500,240264,249612,3934,3560,3747,3743,0,3750,0,0,0,2017-04-24,32659666,3759,14,0,0,0,0,0,0,0,0,3760,9,0,0,0,0,0,0,0,0
436,2017-04-24,09:04:20,249,a1709,XDCE,3759,3740,3782,83328,3131889500,240264,249612,3934,3560,3747,3743,0,3750,0,0,0,2017-04-24,32660249,3759,15,0,0,0,0,0,0,0,0,3760,12,0,0,0,0,0,0,0,0
437,2017-04-24,09:04:20,746,a1709,XDCE,3759,3740,3782,83358,3133017200,240248,249612,3934,3560,3747,3743,0,3750,0,0,0,2017-04-24,32660746,3758,13,0,0,0,0,0,0,0,0,3760,14,0,0,0,0,0,0,0,0
438,2017-04-24,09:04:21,255,a1709,XDCE,3759,3740,3782,83358,3133017200,240248,249612,3934,3560,3747,3743,0,3750,0,0,0,2017-04-24,32661255,3758,17,0,0,0,0,0,0,0,0,3759,2,0,0,0,0,0,0,0,0
439,2017-04-24,09:04:21,725,a1709,XDCE,3758,3740,3782,83364,3133242720,240246,249612,3934,3560,3747,3743,0,3750,0,0,0,2017-04-24,32661725,3758,16,0,0,0,0,0,0,0,0,3759,1,0,0,0,0,0,0,0,0
440,2017-04-24,09:04:22,189,a1709,XDCE,3758,3740,3782,83370,3133468200,240248,249612,3934,3560,3747,3743,0,3750,0,0,0,2017-04-24,32662189,3758,10,0,0,0,0,0,0,0,0,3759,3,0,0,0,0,0,0,0,0
441,2017-04-24,09:04:22,710,a1709,XDCE,3758,3740,3782,83374,3133618520,240248,249612,3934,3560,3747,3743,0,3750,0,0,0,2017-04-24,32662710,3758,6,0,0,0,0,0,0,0,0,3759,16,0,0,0,0,0,0,0,0
442,2017-04-24,09:04:23,212,a1709,XDCE,3758,3740,3782,83376,3133693680,240248,249612,3934,3560,3747,3743,0,3750,0,0,0,2017-04-24,32663212,3758,5,0,0,0,0,0,0,0,0,3759,19,0,0,0,0,0,0,0,0
443,2017-04-24,09:04:24,223,a1709,XDCE,3758,3740,3782,83376,3133693680,240248,249612,3934,3560,3747,3743,0,3750,0,0,0,2017-04-24,32664223,3758,3,0,0,0,0,0,0,0,0,3759,19,0,0,0,0,0,0,0,0
444,2017-04-24,09:04:24,756,a1709,XDCE,3758,3740,3782,83386,3134069480,240250,249612,3934,3560,3747,3743,0,3750,0,0,0,2017-04-24,32664756,3757,34,0,0,0,0,0,0,0,0,3758,6,0,0,0,0,0,0,0,0
445,2017-04-24,09:04:25,252,a1709,XDCE,3758,3740,3782,83386,3134069480,240250,249612,3934,3560,3747,3743,0,3750,0,0,0,2017-04-24,32665252,3757,32,0,0,0,0,0,0,0,0,3758,7,0,0,0,0,0,0,0,0
446,2017-04-24,09:04:26,170,a1709,XDCE,3758,3740,3782,83386,3134069480,240250,249612,3934,3560,3747,3743,0,3750,0,0,0,2017-04-24,32666170,3757,32,0,0,0,0,0,0,0,0,3758,9,0,0,0,0,0,0,0,0
447,2017-04-24,09:04:26,673,a1709,XDCE,3758,3740,3782,83386,3134069480,240250,249612,3934,3560,3747,3743,0,3750,0,0,0,2017-04-24,32666673,3757,32,0,0,0,0,0,0,0,0,3758,13,0,0,0,0,0,0,0,0
448,2017-04-24,09:04:27,234,a1709,XDCE,3757,3740,3782,83388,3134144620,240252,249612,3934,3560,3747,3743,0,3750,0,0,0,2017-04-24,32667234,3757,28,0,0,0,0,0,0,0,0,3758,16,0,0,0,0,0,0,0,0
449,2017-04-24,09:04:27,747,a1709,XDCE,3757,3740,3782,83408,3134896020,240272,249612,3934,3560,3747,3743,0,3750,0,0,0,2017-04-24,32667747,3757,20,0,0,0,0,0,0,0,0,3758,17,0,0,0,0,0,0,0,0
450,2017-04-24,09:04:28,157,a1709,XDCE,3757,3740,3782,83456,3136699380,240258,249612,3934,3560,3747,3743,0,3750,0,0,0,2017-04-24,32668157,3756,27,0,0,0,0,0,0,0,0,3758,19,0,0,0,0,0,0,0,0
451,2017-04-24,09:04:28,725,a1709,XDCE,3757,3740,3782,83456,3136699380,240258,249612,3934,3560,3747,3743,0,3750,0,0,0,2017-04-24,32668725,3756,25,0,0,0,0,0,0,0,0,3758,19,0,0,0,0,0,0,0,0
452,2017-04-24,09:04:29,252,a1709,XDCE,3756,3740,3782,83462,3136924740,240260,249612,3934,3560,3747,3743,0,3750,0,0,0,2017-04-24,32669252,3756,17,0,0,0,0,0,0,0,0,3757,138,0,0,0,0,0,0,0,0
453,2017-04-24,09:04:29,753,a1709,XDCE,3755,3740,3782,83502,3138427080,240268,249612,3934,3560,3747,3743,0,3750,0,0,0,2017-04-24,32669753,3755,17,0,0,0,0,0,0,0,0,3756,15,0,0,0,0,0,0,0,0
454,2017-04-24,09:04:30,147,a1709,XDCE,3755,3740,3782,83514,3138877680,240268,249612,3934,3560,3747,3743,0,3750,0,0,0,2017-04-24,32670147,3755,20,0,0,0,0,0,0,0,0,3756,16,0,0,0,0,0,0,0,0
455,2017-04-24,09:04:30,707,a1709,XDCE,3755,3740,3782,83554,3140379680,240250,249612,3934,3560,3747,3743,0,3750,0,0,0,2017-04-24,32670707,3754,34,0,0,0,0,0,0,0,0,3756,24,0,0,0,0,0,0,0,0
456,2017-04-24,09:04:31,227,a1709,XDCE,3755,3740,3782,83554,3140379680,240250,249612,3934,3560,3747,3743,0,3750,0,0,0,2017-04-24,32671227,3754,32,0,0,0,0,0,0,0,0,3756,24,0,0,0,0,0,0,0,0
457,2017-04-24,09:04:31,677,a1709,XDCE,3756,3740,3782,83566,3140830400,240250,249612,3934,3560,3747,3743,0,3750,0,0,0,2017-04-24,32671677,3755,2,0,0,0,0,0,0,0,0,3756,18,0,0,0,0,0,0,0,0
458,2017-04-24,09:04:32,245,a1709,XDCE,3755,3740,3782,83570,3140980600,240246,249612,3934,3560,3747,3743,0,3750,0,0,0,2017-04-24,32672245,3754,32,0,0,0,0,0,0,0,0,3755,10,0,0,0,0,0,0,0,0
459,2017-04-24,09:04:32,751,a1709,XDCE,3755,3740,3782,83596,3141956900,240220,249612,3934,3560,3747,3743,0,3750,0,0,0,2017-04-24,32672751,3754,32,0,0,0,0,0,0,0,0,3755,1,0,0,0,0,0,0,0,0
460,2017-04-24,09:04:33,232,a1709,XDCE,3755,3740,3782,83634,3143383660,240200,249612,3934,3560,3747,3743,0,3750,0,0,0,2017-04-24,32673232,3755,5,0,0,0,0,0,0,0,0,3756,19,0,0,0,0,0,0,0,0
461,2017-04-24,09:04:33,667,a1709,XDCE,3755,3740,3782,83636,3143458760,240202,249612,3934,3560,3747,3743,0,3750,0,0,0,2017-04-24,32673667,3755,4,0,0,0,0,0,0,0,0,3756,19,0,0,0,0,0,0,0,0
462,2017-04-24,09:04:34,245,a1709,XDCE,3755,3740,3782,83644,3143759160,240202,249612,3934,3560,3747,3743,0,3750,0,0,0,2017-04-24,32674245,3754,32,0,0,0,0,0,0,0,0,3755,1,0,0,0,0,0,0,0,0
463,2017-04-24,09:04:35,254,a1709,XDCE,3754,3740,3782,83648,3143909320,240202,249612,3934,3560,3747,3743,0,3750,0,0,0,2017-04-24,32675254,3754,30,0,0,0,0,0,0,0,0,3755,2,0,0,0,0,0,0,0,0
464,2017-04-24,09:04:35,717,a1709,XDCE,3754,3740,3782,83652,3144059480,240200,249612,3934,3560,3747,3743,0,3750,0,0,0,2017-04-24,32675717,3754,28,0,0,0,0,0,0,0,0,3755,3,0,0,0,0,0,0,0,0
465,2017-04-24,09:04:36,231,a1709,XDCE,3755,3740,3782,83662,3144434940,240196,249612,3934,3560,3747,3743,0,3750,0,0,0,2017-04-24,32676231,3754,27,0,0,0,0,0,0,0,0,3756,24,0,0,0,0,0,0,0,0
466,2017-04-24,09:04:36,725,a1709,XDCE,3754,3740,3782,83672,3144810340,240194,249612,3934,3560,3747,3743,0,3750,0,0,0,2017-04-24,32676725,3754,20,0,0,0,0,0,0,0,0,3755,1,0,0,0,0,0,0,0,0
467,2017-04-24,09:04:37,674,a1709,XDCE,3754,3740,3782,83672,3144810340,240194,249612,3934,3560,3747,3743,0,3750,0,0,0,2017-04-24,32677674,3754,21,0,0,0,0,0,0,0,0,3755,5,0,0,0,0,0,0,0,0
468,2017-04-24,09:04:38,210,a1709,XDCE,3754,3740,3782,83672,3144810340,240194,249612,3934,3560,3747,3743,0,3750,0,0,0,2017-04-24,32678210,3754,22,0,0,0,0,0,0,0,0,3755,8,0,0,0,0,0,0,0,0
469,2017-04-24,09:04:38,732,a1709,XDCE,3754,3740,3782,83676,3144960500,240194,249612,3934,3560,3747,3743,0,3750,0,0,0,2017-04-24,32678732,3754,20,0,0,0,0,0,0,0,0,3755,8,0,0,0,0,0,0,0,0
470,2017-04-24,09:04:39,164,a1709,XDCE,3754,3740,3782,83716,3146462100,240174,249612,3934,3560,3747,3743,0,3750,0,0,0,2017-04-24,32679164,3753,31,0,0,0,0,0,0,0,0,3755,13,0,0,0,0,0,0,0,0
471,2017-04-24,09:04:39,756,a1709,XDCE,3754,3740,3782,83718,3146537180,240174,249612,3934,3560,3747,3743,0,3750,0,0,0,2017-04-24,32679756,3753,26,0,0,0,0,0,0,0,0,3754,7,0,0,0,0,0,0,0,0
472,2017-04-24,09:04:40,188,a1709,XDCE,3753,3740,3782,83730,3146987600,240168,249612,3934,3560,3747,3743,0,3750,0,0,0,2017-04-24,32680188,3753,23,0,0,0,0,0,0,0,0,3754,12,0,0,0,0,0,0,0,0
473,2017-04-24,09:04:40,746,a1709,XDCE,3753,3740,3782,83776,3148713980,240146,249612,3934,3560,3747,3743,0,3750,0,0,0,2017-04-24,32680746,3752,36,0,0,0,0,0,0,0,0,3753,5,0,0,0,0,0,0,0,0
474,2017-04-24,09:04:41,213,a1709,XDCE,3752,3740,3782,83784,3149014140,240146,249612,3934,3560,3747,3743,0,3750,0,0,0,2017-04-24,32681213,3752,29,0,0,0,0,0,0,0,0,3753,12,0,0,0,0,0,0,0,0
475,2017-04-24,09:04:41,759,a1709,XDCE,3752,3740,3782,83814,3150139740,240142,249612,3934,3560,3747,3743,0,3750,0,0,0,2017-04-24,32681759,3752,15,0,0,0,0,0,0,0,0,3753,27,0,0,0,0,0,0,0,0
476,2017-04-24,09:04:42,258,a1709,XDCE,3751,3740,3782,83844,3151265300,240170,249612,3934,3560,3747,3743,0,3750,0,0,0,2017-04-24,32682258,3751,45,0,0,0,0,0,0,0,0,3752,42,0,0,0,0,0,0,0,0
477,2017-04-24,09:04:42,761,a1709,XDCE,3751,3740,3782,83854,3151640440,240168,249612,3934,3560,3747,3743,0,3750,0,0,0,2017-04-24,32682761,3751,40,0,0,0,0,0,0,0,0,3752,45,0,0,0,0,0,0,0,0
478,2017-04-24,09:04:43,213,a1709,XDCE,3752,3740,3782,83866,3152090600,240166,249612,3934,3560,3747,3743,0,3750,0,0,0,2017-04-24,32683213,3751,36,0,0,0,0,0,0,0,0,3752,48,0,0,0,0,0,0,0,0
479,2017-04-24,09:04:43,720,a1709,XDCE,3751,3740,3782,84004,3157266940,240148,249612,3934,3560,3747,3743,0,3750,0,0,0,2017-04-24,32683720,3750,149,0,0,0,0,0,0,0,0,3751,11,0,0,0,0,0,0,0,0
480,2017-04-24,09:04:44,257,a1709,XDCE,3751,3740,3782,84048,3158917380,240144,249612,3934,3560,3747,3743,0,3750,0,0,0,2017-04-24,32684257,3750,147,0,0,0,0,0,0,0,0,3751,1,0,0,0,0,0,0,0,0
481,2017-04-24,09:04:44,756,a1709,XDCE,3751,3740,3782,84082,3160192520,240134,249612,3934,3560,3747,3743,0,3750,0,0,0,2017-04-24,32684756,3750,137,0,0,0,0,0,0,0,0,3751,2,0,0,0,0,0,0,0,0
482,2017-04-24,09:04:45,239,a1709,XDCE,3751,3740,3782,84096,3160717640,240122,249612,3934,3560,3747,3743,0,3750,0,0,0,2017-04-24,32685239,3750,136,0,0,0,0,0,0,0,0,3751,3,0,0,0,0,0,0,0,0
483,2017-04-24,09:04:45,698,a1709,XDCE,3751,3740,3782,84130,3161992960,240104,249612,3934,3560,3747,3743,0,3750,0,0,0,2017-04-24,32685698,3750,132,0,0,0,0,0,0,0,0,3751,5,0,0,0,0,0,0,0,0
484,2017-04-24,09:04:46,200,a1709,XDCE,3750,3740,3782,84134,3162142960,240108,249612,3934,3560,3747,3743,0,3750,0,0,0,2017-04-24,32686200,3750,130,0,0,0,0,0,0,0,0,3751,8,0,0,0,0,0,0,0,0
485,2017-04-24,09:04:46,661,a1709,XDCE,3750,3740,3782,84190,3164243140,240092,249612,3934,3560,3747,3743,0,3750,0,0,0,2017-04-24,32686661,3750,111,0,0,0,0,0,0,0,0,3751,2,0,0,0,0,0,0,0,0
486,2017-04-24,09:04:47,240,a1709,XDCE,3752,3740,3782,84218,3165293440,240094,249612,3934,3560,3747,3743,0,3750,0,0,0,2017-04-24,32687240,3751,4,0,0,0,0,0,0,0,0,3752,30,0,0,0,0,0,0,0,0
487,2017-04-24,09:04:47,745,a1709,XDCE,3751,3740,3782,84248,3166418540,240070,249612,3934,3560,3747,3743,0,3750,0,0,0,2017-04-24,32687745,3751,25,0,0,0,0,0,0,0,0,3752,30,0,0,0,0,0,0,0,0
488,2017-04-24,09:04:48,259,a1709,XDCE,3751,3740,3782,84250,3166493560,240070,249612,3934,3560,3747,3743,0,3750,0,0,0,2017-04-24,32688259,3751,24,0,0,0,0,0,0,0,0,3752,29,0,0,0,0,0,0,0,0
489,2017-04-24,09:04:48,724,a1709,XDCE,3752,3740,3782,84266,3167093880,240058,249612,3934,3560,3747,3743,0,3750,0,0,0,2017-04-24,32688724,3751,26,0,0,0,0,0,0,0,0,3752,21,0,0,0,0,0,0,0,0
490,2017-04-24,09:04:49,258,a1709,XDCE,3752,3740,3782,84310,3168744740,240030,249612,3934,3560,3747,3743,0,3750,0,0,0,2017-04-24,32689258,3752,10,0,0,0,0,0,0,0,0,3753,24,0,0,0,0,0,0,0,0
491,2017-04-24,09:04:49,737,a1709,XDCE,3751,3740,3782,84392,3171820720,240010,249612,3934,3560,3747,3743,0,3750,0,0,0,2017-04-24,32689737,3750,101,0,0,0,0,0,0,0,0,3751,97,0,0,0,0,0,0,0,0
492,2017-04-24,09:04:50,184,a1709,XDCE,3751,3740,3782,84396,3171970760,240008,249612,3934,3560,3747,3743,0,3750,0,0,0,2017-04-24,32690184,3750,91,0,0,0,0,0,0,0,0,3751,95,0,0,0,0,0,0,0,0
493,2017-04-24,09:04:50,742,a1709,XDCE,3751,3740,3782,84400,3172120780,240006,249612,3934,3560,3747,3743,0,3750,0,0,0,2017-04-24,32690742,3750,90,0,0,0,0,0,0,0,0,3751,94,0,0,0,0,0,0,0,0
494,2017-04-24,09:04:51,243,a1709,XDCE,3751,3740,3782,84472,3174820800,239984,249612,3934,3560,3747,3743,0,3750,0,0,0,2017-04-24,32691243,3750,55,0,0,0,0,0,0,0,0,3751,94,0,0,0,0,0,0,0,0
495,2017-04-24,09:04:51,707,a1709,XDCE,3750,3740,3782,84582,3178945800,240072,249612,3934,3560,3747,3743,0,3750,0,0,0,2017-04-24,32691707,3749,41,0,0,0,0,0,0,0,0,3750,15,0,0,0,0,0,0,0,0
496,2017-04-24,09:04:52,261,a1709,XDCE,3750,3740,3782,84606,3179845700,240080,249612,3934,3560,3747,3743,0,3750,0,0,0,2017-04-24,32692261,3749,21,0,0,0,0,0,0,0,0,3750,18,0,0,0,0,0,0,0,0
497,2017-04-24,09:04:52,753,a1709,XDCE,3750,3740,3782,84608,3179920700,240082,249612,3934,3560,3747,3743,0,3750,0,0,0,2017-04-24,32692753,3749,21,0,0,0,0,0,0,0,0,3750,17,0,0,0,0,0,0,0,0
498,2017-04-24,09:04:53,183,a1709,XDCE,3749,3740,3782,84626,3180595580,240088,249612,3934,3560,3747,3743,0,3750,0,0,0,2017-04-24,32693183,3749,13,0,0,0,0,0,0,0,0,3750,21,0,0,0,0,0,0,0,0
499,2017-04-24,09:04:53,761,a1709,XDCE,3750,3740,3782,84704,3183519540,240076,249612,3934,3560,3747,3743,0,3750,0,0,0,2017-04-24,32693761,3748,54,0,0,0,0,0,0,0,0,3750,20,0,0,0,0,0,0,0,0
500,2017-04-24,09:04:54,254,a1709,XDCE,3748,3740,3782,84738,3184793900,240082,249612,3934,3560,3747,3743,0,3750,0,0,0,2017-04-24,32694254,3748,37,0,0,0,0,0,0,0,0,3749,12,0,0,0,0,0,0,0,0
501,2017-04-24,09:04:54,744,a1709,XDCE,3749,3740,3782,84818,3187792380,240100,249612,3934,3560,3747,3743,0,3750,0,0,0,2017-04-24,32694744,3747,53,0,0,0,0,0,0,0,0,3748,2,0,0,0,0,0,0,0,0
502,2017-04-24,09:04:55,183,a1709,XDCE,3747,3740,3782,84886,3190340520,240104,249612,3934,3560,3747,3743,0,3750,0,0,0,2017-04-24,32695183,3747,26,0,0,0,0,0,0,0,0,3748,15,0,0,0,0,0,0,0,0
503,2017-04-24,09:04:55,758,a1709,XDCE,3747,3740,3782,84934,3192139100,240080,249612,3934,3560,3747,3743,0,3750,0,0,0,2017-04-24,32695758,3746,46,0,0,0,0,0,0,0,0,3748,17,0,0,0,0,0,0,0,0
504,2017-04-24,09:04:56,239,a1709,XDCE,3746,3740,3782,85002,3194686420,240088,249612,3934,3560,3747,3743,0,3750,0,0,0,2017-04-24,32696239,3746,22,0,0,0,0,0,0,0,0,3747,11,0,0,0,0,0,0,0,0
505,2017-04-24,09:04:56,746,a1709,XDCE,3747,3740,3782,85132,3199557180,240014,249612,3934,3560,3747,3743,0,3750,0,0,0,2017-04-24,32696746,3747,2,0,0,0,0,0,0,0,0,3748,18,0,0,0,0,0,0,0,0
506,2017-04-24,09:04:57,214,a1709,XDCE,3748,3740,3782,85246,3203828980,239916,249612,3934,3560,3747,3743,0,3750,0,0,0,2017-04-24,32697214,3748,19,0,0,0,0,0,0,0,0,3749,24,0,0,0,0,0,0,0,0
507,2017-04-24,09:04:57,657,a1709,XDCE,3748,3740,3782,85280,3205103320,239908,249612,3934,3560,3747,3743,0,3750,0,0,0,2017-04-24,32697657,3748,8,0,0,0,0,0,0,0,0,3749,23,0,0,0,0,0,0,0,0
508,2017-04-24,09:04:58,245,a1709,XDCE,3749,3740,3782,85294,3205628140,239900,249612,3934,3560,3747,3743,0,3750,0,0,0,2017-04-24,32698245,3748,7,0,0,0,0,0,0,0,0,3749,21,0,0,0,0,0,0,0,0
509,2017-04-24,09:04:58,732,a1709,XDCE,3748,3740,3782,85296,3205703100,239900,249612,3934,3560,3747,3743,0,3750,0,0,0,2017-04-24,32698732,3748,11,0,0,0,0,0,0,0,0,3749,21,0,0,0,0,0,0,0,0
510,2017-04-24,09:04:59,261,a1709,XDCE,3749,3740,3782,85310,3206227940,239900,249612,3934,3560,3747,3743,0,3750,0,0,0,2017-04-24,32699261,3748,10,0,0,0,0,0,0,0,0,3749,15,0,0,0,0,0,0,0,0
511,2017-04-24,09:04:59,757,a1709,XDCE,3749,3740,3782,85314,3206377900,239904,249612,3934,3560,3747,3743,0,3750,0,0,0,2017-04-24,32699757,3748,13,0,0,0,0,0,0,0,0,3749,18,0,0,0,0,0,0,0,0
512,2017-04-24,09:05:00,200,a1709,XDCE,3749,3740,3782,85322,3206677780,239902,249612,3934,3560,3747,3743,0,3750,0,0,0,2017-04-24,32700200,3748,12,0,0,0,0,0,0,0,0,3749,16,0,0,0,0,0,0,0,0
513,2017-04-24,09:05:00,720,a1709,XDCE,3749,3740,3782,85328,3206902700,239902,249612,3934,3560,3747,3743,0,3750,0,0,0,2017-04-24,32700720,3748,16,0,0,0,0,0,0,0,0,3749,14,0,0,0,0,0,0,0,0
514,2017-04-24,09:05:01,218,a1709,XDCE,3749,3740,3782,85352,3207802440,239890,249612,3934,3560,3747,3743,0,3750,0,0,0,2017-04-24,32701218,3748,18,0,0,0,0,0,0,0,0,3749,3,0,0,0,0,0,0,0,0
515,2017-04-24,09:05:01,732,a1709,XDCE,3749,3740,3782,85394,3209376920,239904,249612,3934,3560,3747,3743,0,3750,0,0,0,2017-04-24,32701732,3749,1,0,0,0,0,0,0,0,0,3750,21,0,0,0,0,0,0,0,0
516,2017-04-24,09:05:02,232,a1709,XDCE,3750,3740,3782,85404,3209751920,239902,249612,3934,3560,3747,3743,0,3750,0,0,0,2017-04-24,32702232,3749,106,0,0,0,0,0,0,0,0,3750,8,0,0,0,0,0,0,0,0
517,2017-04-24,09:05:02,681,a1709,XDCE,3749,3740,3782,85434,3210876780,239904,249612,3934,3560,3747,3743,0,3750,0,0,0,2017-04-24,32702681,3749,99,0,0,0,0,0,0,0,0,3751,107,0,0,0,0,0,0,0,0
518,2017-04-24,09:05:03,249,a1709,XDCE,3749,3740,3782,85434,3210876780,239904,249612,3934,3560,3747,3743,0,3750,0,0,0,2017-04-24,32703249,3750,11,0,0,0,0,0,0,0,0,3751,106,0,0,0,0,0,0,0,0
519,2017-04-24,09:05:03,670,a1709,XDCE,3751,3740,3782,85484,3212752280,239854,249612,3934,3560,3747,3743,0,3750,0,0,0,2017-04-24,32703670,3750,14,0,0,0,0,0,0,0,0,3751,77,0,0,0,0,0,0,0,0
520,2017-04-24,09:05:04,235,a1709,XDCE,3752,3740,3782,85662,3219429300,239864,249612,3934,3560,3747,3743,0,3750,0,0,0,2017-04-24,32704235,3752,23,0,0,0,0,0,0,0,0,3753,32,0,0,0,0,0,0,0,0
521,2017-04-24,09:05:04,660,a1709,XDCE,3752,3740,3782,85672,3219804520,239862,249612,3934,3560,3747,3743,0,3750,0,0,0,2017-04-24,32704660,3752,23,0,0,0,0,0,0,0,0,3753,26,0,0,0,0,0,0,0,0
522,2017-04-24,09:05:05,231,a1709,XDCE,3753,3740,3782,85706,3221080540,239860,249612,3934,3560,3747,3743,0,3750,0,0,0,2017-04-24,32705231,3752,29,0,0,0,0,0,0,0,0,3753,9,0,0,0,0,0,0,0,0
523,2017-04-24,09:05:05,732,a1709,XDCE,3753,3740,3782,85738,3222281500,239852,249612,3934,3560,3747,3743,0,3750,0,0,0,2017-04-24,32705732,3753,5,0,0,0,0,0,0,0,0,3754,66,0,0,0,0,0,0,0,0
524,2017-04-24,09:05:06,158,a1709,XDCE,3753,3740,3782,85754,3222881980,239844,249612,3934,3560,3747,3743,0,3750,0,0,0,2017-04-24,32706158,3752,27,0,0,0,0,0,0,0,0,3753,13,0,0,0,0,0,0,0,0
525,2017-04-24,09:05:06,724,a1709,XDCE,3753,3740,3782,85822,3225434020,239846,249612,3934,3560,3747,3743,0,3750,0,0,0,2017-04-24,32706724,3752,33,0,0,0,0,0,0,0,0,3753,31,0,0,0,0,0,0,0,0
526,2017-04-24,09:05:07,258,a1709,XDCE,3753,3740,3782,85888,3227911000,239852,249612,3934,3560,3747,3743,0,3750,0,0,0,2017-04-24,32707258,3753,1,0,0,0,0,0,0,0,0,3754,21,0,0,0,0,0,0,0,0
527,2017-04-24,09:05:07,762,a1709,XDCE,3753,3740,3782,85890,3227986060,239852,249612,3934,3560,3747,3743,0,3750,0,0,0,2017-04-24,32707762,3753,8,0,0,0,0,0,0,0,0,3754,21,0,0,0,0,0,0,0,0
528,2017-04-24,09:05:08,211,a1709,XDCE,3753,3740,3782,85896,3228211240,239856,249612,3934,3560,3747,3743,0,3750,0,0,0,2017-04-24,32708211,3753,18,0,0,0,0,0,0,0,0,3754,17,0,0,0,0,0,0,0,0
529,2017-04-24,09:05:08,723,a1709,XDCE,3753,3740,3782,85906,3228586560,239858,249612,3934,3560,3747,3743,0,3750,0,0,0,2017-04-24,32708723,3753,17,0,0,0,0,0,0,0,0,3754,26,0,0,0,0,0,0,0,0
530,2017-04-24,09:05:09,239,a1709,XDCE,3754,3740,3782,85922,3229187200,239864,249612,3934,3560,3747,3743,0,3750,0,0,0,2017-04-24,32709239,3753,20,0,0,0,0,0,0,0,0,3754,23,0,0,0,0,0,0,0,0
531,2017-04-24,09:05:09,575,a1709,XDCE,3754,3740,3782,85922,3229187200,239864,249612,3934,3560,3747,3743,0,3750,0,0,0,2017-04-24,32709575,3753,25,0,0,0,0,0,0,0,0,3754,23,0,0,0,0,0,0,0,0
532,2017-04-24,09:05:10,233,a1709,XDCE,3754,3740,3782,85924,3229262280,239866,249612,3934,3560,3747,3743,0,3750,0,0,0,2017-04-24,32710233,3753,26,0,0,0,0,0,0,0,0,3754,22,0,0,0,0,0,0,0,0
533,2017-04-24,09:05:10,723,a1709,XDCE,3754,3740,3782,85970,3230989120,239892,249612,3934,3560,3747,3743,0,3750,0,0,0,2017-04-24,32710723,3754,4,0,0,0,0,0,0,0,0,3755,30,0,0,0,0,0,0,0,0
534,2017-04-24,09:05:11,260,a1709,XDCE,3754,3740,3782,86024,3233015880,239876,249612,3934,3560,3747,3743,0,3750,0,0,0,2017-04-24,32711260,3753,2,0,0,0,0,0,0,0,0,3754,4,0,0,0,0,0,0,0,0
535,2017-04-24,09:05:11,694,a1709,XDCE,3754,3740,3782,86026,3233090960,239876,249612,3934,3560,3747,3743,0,3750,0,0,0,2017-04-24,32711694,3753,13,0,0,0,0,0,0,0,0,3754,1,0,0,0,0,0,0,0,0
