,dataDate,dataTime,dataMillisec,instrumentID,exchangeCD,lastPrice,lowPrice,highPrice,volume,value,openInterest,preOpenInterest,upperLimitPrice,lowerLimitPrice,preSettlementPrice,prevClosePrice,settlementPrice,openPrice,closePrice,preDelta,currDelta,clearingDay,milliSecOffset,bidPrice1,bidVolume1,bidPrice2,bidVolume2,bidPrice3,bidVolume3,bidPrice4,bidVolume4,bidPrice5,bidVolume5,askPrice1,askVolume1,askPrice2,askVolume2,askPrice3,askVolume3,askPrice4,askVolume4,askPrice5,askVolume5
0,2017-04-22,02:30:00,500,ag1706,XSGE,4164,4141,4171,252564,15750765780,514194,518440,4383,3966,4175,4161,0,4155,0,0,0,2017-04-24,9000500,4163,24,0,0,0,0,0,0,0,0,4164,26,0,0,0,0,0,0,0,0
1,2017-04-24,09:00:00,500,ag1706,XSGE,4160,4141,4171,253068,15782215080,514282,518440,4383,3966,4175,4161,0,4155,0,0,0,2017-04-24,32400500,4157,47,0,0,0,0,0,0,0,0,4160,8,0,0,0,0,0,0,0,0
2,2017-04-24,09:00:01,0,ag1706,XSGE,4158,4141,4171,253172,15788701800,514266,518440,4383,3966,4175,4161,0,4155,0,0,0,2017-04-24,32401000,4158,10,0,0,0,0,0,0,0,0,4160,23,0,0,0,0,0,0,0,0
3,2017-04-24,09:00:01,500,ag1706,XSGE,4160,4141,4171,253400,15802924710,514270,518440,4383,3966,4175,4161,0,4155,0,0,0,2017-04-24,32401500,4158,3,0,0,0,0,0,0,0,0,4160,3,0,0,0,0,0,0,0,0
4,2017-04-24,09:00:02,0,ag1706,XSGE,4160,4141,4171,253508,15809663700,514228,518440,4383,3966,4175,4161,0,4155,0,0,0,2017-04-24,32402000,4160,2,0,0,0,0,0,0,0,0,4161,7,0,0,0,0,0,0,0,0
5,2017-04-24,09:00:02,500,ag1706,XSGE,4160,4141,4171,253702,15821771040,514308,518440,4383,3966,4175,4161,0,4155,0,0,0,2017-04-24,32402500,4160,59,0,0,0,0,0,0,0,0,4162,37,0,0,0,0,0,0,0,0
6,2017-04-24,09:00:03,0,ag1706,XSGE,4158,4141,4171,254028,15842108940,514394,518440,4383,3966,4175,4161,0,4155,0,0,0,2017-04-24,32403000,4157,42,0,0,0,0,0,0,0,0,4158,2,0,0,0,0,0,0,0,0
7,2017-04-24,09:00:03,500,ag1706,XSGE,4161,4141,4171,254376,15863815350,514318,518440,4383,3966,4175,4161,0,4155,0,0,0,2017-04-24,32403500,4160,10,0,0,0,0,0,0,0,0,4161,5,0,0,0,0,0,0,0,0
8,2017-04-24,09:00:04,0,ag1706,XSGE,4159,4141,4171,254514,15872424570,514238,518440,4383,3966,4175,4161,0,4155,0,0,0,2017-04-24,32404000,4158,25,0,0,0,0,0,0,0,0,4159,7,0,0,0,0,0,0,0,0
9,2017-04-24,09:00:04,500,ag1706,XSGE,4159,4141,4171,254582,15876666870,514244,518440,4383,3966,4175,4161,0,4155,0,0,0,2017-04-24,32404500,4159,9,0,0,0,0,0,0,0,0,4160,89,0,0,0,0,0,0,0,0
10,2017-04-24,09:00:05,0,ag1706,XSGE,4157,4141,4171,254810,15890886930,514260,518440,4383,3966,4175,4161,0,4155,0,0,0,2017-04-24,32405000,4156,77,0,0,0,0,0,0,0,0,4158,32,0,0,0,0,0,0,0,0
11,2017-04-24,09:00:05,500,ag1706,XSGE,4156,4141,4171,255090,15908343540,514180,518440,4383,3966,4175,4161,0,4155,0,0,0,2017-04-24,32405500,4155,70,0,0,0,0,0,0,0,0,4156,48,0,0,0,0,0,0,0,0
12,2017-04-24,09:00:06,0,ag1706,XSGE,4156,4141,4171,255242,15917817780,514206,518440,4383,3966,4175,4161,0,4155,0,0,0,2017-04-24,32406000,4156,8,0,0,0,0,0,0,0,0,4157,19,0,0,0,0,0,0,0,0
13,2017-04-24,09:00:06,500,ag1706,XSGE,4156,4141,4171,255338,15923801850,514198,518440,4383,3966,4175,4161,0,4155,0,0,0,2017-04-24,32406500,4154,292,0,0,0,0,0,0,0,0,4156,14,0,0,0,0,0,0,0,0
14,2017-04-24,09:00:07,0,ag1706,XSGE,4155,4141,4171,255388,15926917890,514184,518440,4383,3966,4175,4161,0,4155,0,0,0,2017-04-24,32407000,4155,19,0,0,0,0,0,0,0,0,4156,26,0,0,0,0,0,0,0,0
15,2017-04-24,09:00:07,500,ag1706,XSGE,4156,4141,4171,255504,15934147260,514136,518440,4383,3966,4175,4161,0,4155,0,0,0,2017-04-24,32407500,4155,3,0,0,0,0,0,0,0,0,4156,16,0,0,0,0,0,0,0,0
16,2017-04-24,09:00:08,0,ag1706,XSGE,4155,4141,4171,255540,15936390960,514126,518440,4383,3966,4175,4161,0,4155,0,0,0,2017-04-24,32408000,4155,2,0,0,0,0,0,0,0,0,4156,14,0,0,0,0,0,0,0,0
17,2017-04-24,09:00:08,500,ag1706,XSGE,4157,4141,4171,255624,15941627550,514078,518440,4383,3966,4175,4161,0,4155,0,0,0,2017-04-24,32408500,4156,47,0,0,0,0,0,0,0,0,4157,10,0,0,0,0,0,0,0,0
18,2017-04-24,09:00:09,0,ag1706,XSGE,4155,4141,4171,255732,15948360120,513998,518440,4383,3966,4175,4161,0,4155,0,0,0,2017-04-24,32409000,4155,1,0,0,0,0,0,0,0,0,4156,7,0,0,0,0,0,0,0,0
19,2017-04-24,09:00:09,500,ag1706,XSGE,4155,4141,4171,255746,15949232670,514002,518440,4383,3966,4175,4161,0,4155,0,0,0,2017-04-24,32409500,4154,258,0,0,0,0,0,0,0,0,4155,4,0,0,0,0,0,0,0,0
20,2017-04-24,09:00:10,0,ag1706,XSGE,4155,4141,4171,255862,15956462430,513978,518440,4383,3966,4175,4161,0,4155,0,0,0,2017-04-24,32410000,4155,12,0,0,0,0,0,0,0,0,4156,6,0,0,0,0,0,0,0,0
21,2017-04-24,09:00:10,500,ag1706,XSGE,4155,4141,4171,255956,15962321130,513970,518440,4383,3966,4175,4161,0,4155,0,0,0,2017-04-24,32410500,4154,268,0,0,0,0,0,0,0,0,4155,19,0,0,0,0,0,0,0,0
22,2017-04-24,09:00:11,0,ag1706,XSGE,4156,4141,4171,256084,15970298340,513944,518440,4383,3966,4175,4161,0,4155,0,0,0,2017-04-24,32411000,4154,259,0,0,0,0,0,0,0,0,4156,67,0,0,0,0,0,0,0,0
23,2017-04-24,09:00:11,500,ag1706,XSGE,4156,4141,4171,256130,15973165950,513898,518440,4383,3966,4175,4161,0,4155,0,0,0,2017-04-24,32411500,4154,259,0,0,0,0,0,0,0,0,4156,43,0,0,0,0,0,0,0,0
24,2017-04-24,09:00:12,0,ag1706,XSGE,4155,4141,4171,256220,15978774300,513852,518440,4383,3966,4175,4161,0,4155,0,0,0,2017-04-24,32412000,4154,229,0,0,0,0,0,0,0,0,4155,95,0,0,0,0,0,0,0,0
25,2017-04-24,09:00:12,500,ag1706,XSGE,4154,4141,4171,256260,15981266700,513812,518440,4383,3966,4175,4161,0,4155,0,0,0,2017-04-24,32412500,4154,214,0,0,0,0,0,0,0,0,4155,95,0,0,0,0,0,0,0,0
26,2017-04-24,09:00:13,0,ag1706,XSGE,4155,4141,4171,256356,15987249240,513798,518440,4383,3966,4175,4161,0,4155,0,0,0,2017-04-24,32413000,4154,192,0,0,0,0,0,0,0,0,4155,69,0,0,0,0,0,0,0,0
27,2017-04-24,09:00:13,500,ag1706,XSGE,4155,4141,4171,256464,15993979440,513800,518440,4383,3966,4175,4161,0,4155,0,0,0,2017-04-24,32413500,4154,172,0,0,0,0,0,0,0,0,4155,45,0,0,0,0,0,0,0,0
28,2017-04-24,09:00:14,0,ag1706,XSGE,4155,4141,4171,256470,15994353360,513800,518440,4383,3966,4175,4161,0,4155,0,0,0,2017-04-24,32414000,4154,172,0,0,0,0,0,0,0,0,4155,43,0,0,0,0,0,0,0,0
29,2017-04-24,09:00:14,500,ag1706,XSGE,4154,4141,4171,256480,15994976460,513790,518440,4383,3966,4175,4161,0,4155,0,0,0,2017-04-24,32414500,4154,167,0,0,0,0,0,0,0,0,4155,51,0,0,0,0,0,0,0,0
30,2017-04-24,09:00:15,0,ag1706,XSGE,4154,4141,4171,256490,15995599560,513784,518440,4383,3966,4175,4161,0,4155,0,0,0,2017-04-24,32415000,4154,172,0,0,0,0,0,0,0,0,4155,52,0,0,0,0,0,0,0,0
31,2017-04-24,09:00:15,500,ag1706,XSGE,4154,4141,4171,256522,15997593510,513776,518440,4383,3966,4175,4161,0,4155,0,0,0,2017-04-24,32415500,4154,147,0,0,0,0,0,0,0,0,4155,51,0,0,0,0,0,0,0,0
32,2017-04-24,09:00:16,0,ag1706,XSGE,4155,4141,4171,256554,15999587910,513786,518440,4383,3966,4175,4161,0,4155,0,0,0,2017-04-24,32416000,4154,148,0,0,0,0,0,0,0,0,4155,36,0,0,0,0,0,0,0,0
33,2017-04-24,09:00:16,500,ag1706,XSGE,4154,4141,4171,256622,16003825950,513834,518440,4383,3966,4175,4161,0,4155,0,0,0,2017-04-24,32416500,4154,146,0,0,0,0,0,0,0,0,4155,5,0,0,0,0,0,0,0,0
34,2017-04-24,09:00:17,0,ag1706,XSGE,4156,4141,4171,256664,16006443660,513842,518440,4383,3966,4175,4161,0,4155,0,0,0,2017-04-24,32417000,4155,31,0,0,0,0,0,0,0,0,4156,37,0,0,0,0,0,0,0,0
35,2017-04-24,09:00:17,500,ag1706,XSGE,4154,4141,4171,256768,16012925040,513804,518440,4383,3966,4175,4161,0,4155,0,0,0,2017-04-24,32417500,4154,135,0,0,0,0,0,0,0,0,4155,5,0,0,0,0,0,0,0,0
36,2017-04-24,09:00:18,0,ag1706,XSGE,4154,4141,4171,256790,16014296010,513796,518440,4383,3966,4175,4161,0,4155,0,0,0,2017-04-24,32418000,4155,2,0,0,0,0,0,0,0,0,4156,39,0,0,0,0,0,0,0,0
37,2017-04-24,09:00:18,500,ag1706,XSGE,4154,4141,4171,256798,16014794580,513794,518440,4383,3966,4175,4161,0,4155,0,0,0,2017-04-24,32418500,4154,129,0,0,0,0,0,0,0,0,4155,22,0,0,0,0,0,0,0,0
38,2017-04-24,09:00:19,0,ag1706,XSGE,4155,4141,4171,256844,16017661380,513762,518440,4383,3966,4175,4161,0,4155,0,0,0,2017-04-24,32419000,4154,124,0,0,0,0,0,0,0,0,4155,39,0,0,0,0,0,0,0,0
39,2017-04-24,09:00:19,500,ag1706,XSGE,4155,4141,4171,256944,16023892530,513664,518440,4383,3966,4175,4161,0,4155,0,0,0,2017-04-24,32419500,4154,79,0,0,0,0,0,0,0,0,4155,3,0,0,0,0,0,0,0,0
40,2017-04-24,09:00:20,0,ag1706,XSGE,4154,4141,4171,257042,16029999150,513588,518440,4383,3966,4175,4161,0,4155,0,0,0,2017-04-24,32420000,4154,38,0,0,0,0,0,0,0,0,4155,10,0,0,0,0,0,0,0,0
41,2017-04-24,09:00:20,500,ag1706,XSGE,4155,4141,4171,257070,16031744250,513570,518440,4383,3966,4175,4161,0,4155,0,0,0,2017-04-24,32420500,4154,51,0,0,0,0,0,0,0,0,4155,36,0,0,0,0,0,0,0,0
42,2017-04-24,09:00:21,0,ag1706,XSGE,4154,4141,4171,257162,16037476770,513586,518440,4383,3966,4175,4161,0,4155,0,0,0,2017-04-24,32421000,4153,83,0,0,0,0,0,0,0,0,4154,68,0,0,0,0,0,0,0,0
43,2017-04-24,09:00:21,500,ag1706,XSGE,4154,4141,4171,257202,16039969170,513626,518440,4383,3966,4175,4161,0,4155,0,0,0,2017-04-24,32421500,4153,83,0,0,0,0,0,0,0,0,4154,49,0,0,0,0,0,0,0,0
44,2017-04-24,09:00:22,0,ag1706,XSGE,4154,4141,4171,257326,16047695910,513606,518440,4383,3966,4175,4161,0,4155,0,0,0,2017-04-24,32422000,4153,83,0,0,0,0,0,0,0,0,4154,9,0,0,0,0,0,0,0,0
45,2017-04-24,09:00:22,500,ag1706,XSGE,4154,4141,4171,257332,16048069770,513612,518440,4383,3966,4175,4161,0,4155,0,0,0,2017-04-24,32422500,4153,86,0,0,0,0,0,0,0,0,4154,8,0,0,0,0,0,0,0,0
46,2017-04-24,09:00:23,0,ag1706,XSGE,4154,4141,4171,257340,16048568250,513612,518440,4383,3966,4175,4161,0,4155,0,0,0,2017-04-24,32423000,4153,87,0,0,0,0,0,0,0,0,4154,6,0,0,0,0,0,0,0,0
47,2017-04-24,09:00:23,500,ag1706,XSGE,4154,4141,4171,257356,16049565210,513616,518440,4383,3966,4175,4161,0,4155,0,0,0,2017-04-24,32423500,4154,2,0,0,0,0,0,0,0,0,4155,87,0,0,0,0,0,0,0,0
48,2017-04-24,09:00:24,0,ag1706,XSGE,4155,4141,4171,257410,16052929890,513586,518440,4383,3966,4175,4161,0,4155,0,0,0,2017-04-24,32424000,4153,82,0,0,0,0,0,0,0,0,4154,14,0,0,0,0,0,0,0,0
49,2017-04-24,09:00:24,500,ag1706,XSGE,4153,4141,4171,257414,16053179100,513582,518440,4383,3966,4175,4161,0,4155,0,0,0,2017-04-24,32424500,4153,82,0,0,0,0,0,0,0,0,4154,13,0,0,0,0,0,0,0,0
50,2017-04-24,09:00:25,0,ag1706,XSGE,4154,4141,4171,257526,16060157790,513586,518440,4383,3966,4175,4161,0,4155,0,0,0,2017-04-24,32425000,4153,64,0,0,0,0,0,0,0,0,4155,70,0,0,0,0,0,0,0,0
51,2017-04-24,09:00:25,500,ag1706,XSGE,4154,4141,4171,257528,16060282410,513586,518440,4383,3966,4175,4161,0,4155,0,0,0,2017-04-24,32425500,4154,9,0,0,0,0,0,0,0,0,4155,70,0,0,0,0,0,0,0,0
52,2017-04-24,09:00:26,0,ag1706,XSGE,4154,4141,4171,257638,16067138070,513690,518440,4383,3966,4175,4161,0,4155,0,0,0,2017-04-24,32426000,4154,19,0,0,0,0,0,0,0,0,4155,20,0,0,0,0,0,0,0,0
53,2017-04-24,09:00:26,500,ag1706,XSGE,4154,4141,4171,257672,16069256760,513696,518440,4383,3966,4175,4161,0,4155,0,0,0,2017-04-24,32426500,4154,27,0,0,0,0,0,0,0,0,4155,15,0,0,0,0,0,0,0,0
54,2017-04-24,09:00:27,0,ag1706,XSGE,4154,4141,4171,257720,16072248390,513686,518440,4383,3966,4175,4161,0,4155,0,0,0,2017-04-24,32427000,4154,33,0,0,0,0,0,0,0,0,4156,62,0,0,0,0,0,0,0,0
55,2017-04-24,09:00:27,500,ag1706,XSGE,4156,4141,4171,257726,16072622400,513680,518440,4383,3966,4175,4161,0,4155,0,0,0,2017-04-24,32427500,4154,36,0,0,0,0,0,0,0,0,4156,68,0,0,0,0,0,0,0,0
56,2017-04-24,09:00:28,0,ag1706,XSGE,4155,4141,4171,257740,16073495040,513684,518440,4383,3966,4175,4161,0,4155,0,0,0,2017-04-24,32428000,4154,36,0,0,0,0,0,0,0,0,4155,16,0,0,0,0,0,0,0,0
57,2017-04-24,09:00:28,500,ag1706,XSGE,4155,4141,4171,257758,16074616890,513700,518440,4383,3966,4175,4161,0,4155,0,0,0,2017-04-24,32428500,4154,33,0,0,0,0,0,0,0,0,4155,7,0,0,0,0,0,0,0,0
58,2017-04-24,09:00:29,0,ag1706,XSGE,4154,4141,4171,257792,16076735700,513690,518440,4383,3966,4175,4161,0,4155,0,0,0,2017-04-24,32429000,4154,26,0,0,0,0,0,0,0,0,4155,5,0,0,0,0,0,0,0,0
59,2017-04-24,09:00:29,500,ag1706,XSGE,4155,4141,4171,257810,16077857550,513672,518440,4383,3966,4175,4161,0,4155,0,0,0,2017-04-24,32429500,4155,1,0,0,0,0,0,0,0,0,4156,50,0,0,0,0,0,0,0,0
60,2017-04-24,09:00:30,0,ag1706,XSGE,4155,4141,4171,257812,16077982200,513672,518440,4383,3966,4175,4161,0,4155,0,0,0,2017-04-24,32430000,4154,38,0,0,0,0,0,0,0,0,4155,3,0,0,0,0,0,0,0,0
61,2017-04-24,09:00:30,500,ag1706,XSGE,4155,4141,4171,258102,16096050480,513524,518440,4383,3966,4175,4161,0,4155,0,0,0,2017-04-24,32430500,4154,8,0,0,0,0,0,0,0,0,4155,3,0,0,0,0,0,0,0,0
62,2017-04-24,09:00:31,0,ag1706,XSGE,4155,4141,4171,258120,16097172330,513516,518440,4383,3966,4175,4161,0,4155,0,0,0,2017-04-24,32431000,4154,13,0,0,0,0,0,0,0,0,4156,62,0,0,0,0,0,0,0,0
63,2017-04-24,09:00:31,500,ag1706,XSGE,4155,4141,4171,258126,16097546280,513516,518440,4383,3966,4175,4161,0,4155,0,0,0,2017-04-24,32431500,4154,18,0,0,0,0,0,0,0,0,4156,110,0,0,0,0,0,0,0,0
64,2017-04-24,09:00:32,0,ag1706,XSGE,4156,4141,4171,258154,16099291620,513496,518440,4383,3966,4175,4161,0,4155,0,0,0,2017-04-24,32432000,4155,27,0,0,0,0,0,0,0,0,4156,102,0,0,0,0,0,0,0,0
65,2017-04-24,09:00:32,500,ag1706,XSGE,4156,4141,4171,258156,16099416300,513496,518440,4383,3966,4175,4161,0,4155,0,0,0,2017-04-24,32432500,4155,29,0,0,0,0,0,0,0,0,4156,42,0,0,0,0,0,0,0,0
66,2017-04-24,09:00:33,0,ag1706,XSGE,4156,4141,4171,258212,16102906830,513460,518440,4383,3966,4175,4161,0,4155,0,0,0,2017-04-24,32433000,4155,32,0,0,0,0,0,0,0,0,4156,19,0,0,0,0,0,0,0,0
67,2017-04-24,09:00:33,500,ag1706,XSGE,4154,4141,4171,258292,16107892620,513388,518440,4383,3966,4175,4161,0,4155,0,0,0,2017-04-24,32433500,4154,11,0,0,0,0,0,0,0,0,4155,7,0,0,0,0,0,0,0,0
68,2017-04-24,09:00:34,0,ag1706,XSGE,4154,4141,4171,258310,16109014530,513384,518440,4383,3966,4175,4161,0,4155,0,0,0,2017-04-24,32434000,4154,29,0,0,0,0,0,0,0,0,4156,25,0,0,0,0,0,0,0,0
69,2017-04-24,09:00:34,500,ag1706,XSGE,4155,4141,4171,258338,16110759660,513384,518440,4383,3966,4175,4161,0,4155,0,0,0,2017-04-24,32434500,4155,16,0,0,0,0,0,0,0,0,4156,18,0,0,0,0,0,0,0,0
70,2017-04-24,09:00:35,0,ag1706,XSGE,4155,4141,4171,258358,16112006160,513384,518440,4383,3966,4175,4161,0,4155,0,0,0,2017-04-24,32435000,4155,18,0,0,0,0,0,0,0,0,4156,20,0,0,0,0,0,0,0,0
71,2017-04-24,09:00:35,500,ag1706,XSGE,4156,4141,4171,258370,16112754210,513394,518440,4383,3966,4175,4161,0,4155,0,0,0,2017-04-24,32435500,4155,19,0,0,0,0,0,0,0,0,4156,14,0,0,0,0,0,0,0,0
72,2017-04-24,09:00:36,0,ag1706,XSGE,4155,4141,4171,258382,16113502140,513394,518440,4383,3966,4175,4161,0,4155,0,0,0,2017-04-24,32436000,4155,29,0,0,0,0,0,0,0,0,4156,17,0,0,0,0,0,0,0,0
73,2017-04-24,09:00:36,500,ag1706,XSGE,4155,4141,4171,258388,16113876090,513392,518440,4383,3966,4175,4161,0,4155,0,0,0,2017-04-24,32436500,4155,27,0,0,0,0,0,0,0,0,4156,16,0,0,0,0,0,0,0,0
74,2017-04-24,09:00:37,0,ag1706,XSGE,4156,4141,4171,258400,16114624020,513388,518440,4383,3966,4175,4161,0,4155,0,0,0,2017-04-24,32437000,4155,23,0,0,0,0,0,0,0,0,4156,15,0,0,0,0,0,0,0,0
75,2017-04-24,09:00:37,500,ag1706,XSGE,4155,4141,4171,258414,16115496720,513378,518440,4383,3966,4175,4161,0,4155,0,0,0,2017-04-24,32437500,4155,23,0,0,0,0,0,0,0,0,4156,16,0,0,0,0,0,0,0,0
76,2017-04-24,09:00:38,0,ag1706,XSGE,4156,4141,4171,258420,16115870760,513372,518440,4383,3966,4175,4161,0,4155,0,0,0,2017-04-24,32438000,4155,23,0,0,0,0,0,0,0,0,4156,13,0,0,0,0,0,0,0,0
77,2017-04-24,09:00:38,500,ag1706,XSGE,4156,4141,4171,258444,16117366770,513394,518440,4383,3966,4175,4161,0,4155,0,0,0,2017-04-24,32438500,4156,396,0,0,0,0,0,0,0,0,4157,18,0,0,0,0,0,0,0,0
78,2017-04-24,09:00:39,0,ag1706,XSGE,4156,4141,4171,258452,16117865490,513394,518440,4383,3966,4175,4161,0,4155,0,0,0,2017-04-24,32439000,4156,392,0,0,0,0,0,0,0,0,4157,161,0,0,0,0,0,0,0,0
79,2017-04-24,09:00:39,500,ag1706,XSGE,4156,4141,4171,258488,16120109730,513422,518440,4383,3966,4175,4161,0,4155,0,0,0,2017-04-24,32439500,4156,381,0,0,0,0,0,0,0,0,4157,161,0,0,0,0,0,0,0,0
80,2017-04-24,09:00:40,0,ag1706,XSGE,4156,4141,4171,258534,16122977400,513448,518440,4383,3966,4175,4161,0,4155,0,0,0,2017-04-24,32440000,4156,359,0,0,0,0,0,0,0,0,4157,160,0,0,0,0,0,0,0,0
81,2017-04-24,09:00:40,500,ag1706,XSGE,4157,4141,4171,258594,16126717980,513494,518440,4383,3966,4175,4161,0,4155,0,0,0,2017-04-24,32440500,4156,335,0,0,0,0,0,0,0,0,4157,168,0,0,0,0,0,0,0,0
82,2017-04-24,09:00:41,0,ag1706,XSGE,4157,4141,4171,258598,16126967400,513490,518440,4383,3966,4175,4161,0,4155,0,0,0,2017-04-24,32441000,4156,336,0,0,0,0,0,0,0,0,4157,172,0,0,0,0,0,0,0,0
83,2017-04-24,09:00:41,500,ag1706,XSGE,4157,4141,4171,258600,16127092110,513488,518440,4383,3966,4175,4161,0,4155,0,0,0,2017-04-24,32441500,4156,336,0,0,0,0,0,0,0,0,4157,169,0,0,0,0,0,0,0,0
84,2017-04-24,09:00:42,0,ag1706,XSGE,4157,4141,4171,258680,16132080510,513490,518440,4383,3966,4175,4161,0,4155,0,0,0,2017-04-24,32442000,4156,336,0,0,0,0,0,0,0,0,4157,111,0,0,0,0,0,0,0,0
85,2017-04-24,09:00:42,500,ag1706,XSGE,4156,4141,4171,258718,16134449490,513498,518440,4383,3966,4175,4161,0,4155,0,0,0,2017-04-24,32442500,4156,325,0,0,0,0,0,0,0,0,4157,109,0,0,0,0,0,0,0,0
86,2017-04-24,09:00:43,0,ag1706,XSGE,4157,4141,4171,258980,16150785600,513298,518440,4383,3966,4175,4161,0,4155,0,0,0,2017-04-24,32443000,4156,295,0,0,0,0,0,0,0,0,4157,8,0,0,0,0,0,0,0,0
87,2017-04-24,09:00:43,500,ag1706,XSGE,4157,4141,4171,259038,16154402220,513282,518440,4383,3966,4175,4161,0,4155,0,0,0,2017-04-24,32443500,4156,295,0,0,0,0,0,0,0,0,4157,69,0,0,0,0,0,0,0,0
88,2017-04-24,09:00:44,0,ag1706,XSGE,4157,4141,4171,259080,16157020650,513282,518440,4383,3966,4175,4161,0,4155,0,0,0,2017-04-24,32444000,4156,279,0,0,0,0,0,0,0,0,4157,64,0,0,0,0,0,0,0,0
89,2017-04-24,09:00:44,500,ag1706,XSGE,4157,4141,4171,259136,16160511780,513276,518440,4383,3966,4175,4161,0,4155,0,0,0,2017-04-24,32444500,4156,255,0,0,0,0,0,0,0,0,4157,61,0,0,0,0,0,0,0,0
90,2017-04-24,09:00:45,0,ag1706,XSGE,4156,4141,4171,259150,16161384540,513278,518440,4383,3966,4175,4161,0,4155,0,0,0,2017-04-24,32445000,4156,248,0,0,0,0,0,0,0,0,4157,61,0,0,0,0,0,0,0,0
91,2017-04-24,09:00:45,500,ag1706,XSGE,4157,4141,4171,259152,16161509250,513276,518440,4383,3966,4175,4161,0,4155,0,0,0,2017-04-24,32445500,4156,248,0,0,0,0,0,0,0,0,4157,70,0,0,0,0,0,0,0,0
92,2017-04-24,09:00:46,0,ag1706,XSGE,4157,4141,4171,259174,16162881060,513256,518440,4383,3966,4175,4161,0,4155,0,0,0,2017-04-24,32446000,4156,248,0,0,0,0,0,0,0,0,4157,61,0,0,0,0,0,0,0,0
93,2017-04-24,09:00:46,500,ag1706,XSGE,4157,4141,4171,259180,16163255160,513254,518440,4383,3966,4175,4161,0,4155,0,0,0,2017-04-24,32446500,4156,249,0,0,0,0,0,0,0,0,4157,60,0,0,0,0,0,0,0,0
94,2017-04-24,09:00:47,0,ag1706,XSGE,4157,4141,4171,259180,16163255160,513254,518440,4383,3966,4175,4161,0,4155,0,0,0,2017-04-24,32447000,4156,255,0,0,0,0,0,0,0,0,4157,61,0,0,0,0,0,0,0,0
95,2017-04-24,09:00:47,500,ag1706,XSGE,4157,4141,4171,259190,16163878620,513252,518440,4383,3966,4175,4161,0,4155,0,0,0,2017-04-24,32447500,4156,253,0,0,0,0,0,0,0,0,4157,59,0,0,0,0,0,0,0,0
96,2017-04-24,09:00:48,0,ag1706,XSGE,4157,4141,4171,259214,16165374990,513252,518440,4383,3966,4175,4161,0,4155,0,0,0,2017-04-24,32448000,4156,248,0,0,0,0,0,0,0,0,4157,52,0,0,0,0,0,0,0,0
97,2017-04-24,09:00:48,500,ag1706,XSGE,4157,4141,4171,259228,16166247960,513238,518440,4383,3966,4175,4161,0,4155,0,0,0,2017-04-24,32448500,4156,248,0,0,0,0,0,0,0,0,4157,45,0,0,0,0,0,0,0,0
98,2017-04-24,09:00:49,0,ag1706,XSGE,4156,4141,4171,259232,16166497350,513236,518440,4383,3966,4175,4161,0,4155,0,0,0,2017-04-24,32449000,4156,247,0,0,0,0,0,0,0,0,4157,50,0,0,0,0,0,0,0,0
99,2017-04-24,09:00:49,500,ag1706,XSGE,4157,4141,4171,259238,16166871450,513234,518440,4383,3966,4175,4161,0,4155,0,0,0,2017-04-24,32449500,4156,246,0,0,0,0,0,0,0,0,4157,31,0,0,0,0,0,0,0,0
100,2017-04-24,09:00:50,0,ag1706,XSGE,4157,4141,4171,259248,16167494970,513230,518440,4383,3966,4175,4161,0,4155,0,0,0,2017-04-24,32450000,4156,239,0,0,0,0,0,0,0,0,4157,21,0,0,0,0,0,0,0,0
101,2017-04-24,09:00:50,500,ag1706,XSGE,4157,4141,4171,259250,16167619680,513230,518440,4383,3966,4175,4161,0,4155,0,0,0,2017-04-24,32450500,4156,239,0,0,0,0,0,0,0,0,4157,14,0,0,0,0,0,0,0,0
102,2017-04-24,09:00:51,0,ag1706,XSGE,4156,4141,4171,259280,16169490300,513248,518440,4383,3966,4175,4161,0,4155,0,0,0,2017-04-24,32451000,4157,15,0,0,0,0,0,0,0,0,4158,61,0,0,0,0,0,0,0,0
103,2017-04-24,09:00:51,500,ag1706,XSGE,4158,4141,4171,259308,16171236420,513260,518440,4383,3966,4175,4161,0,4155,0,0,0,2017-04-24,32451500,4157,7,0,0,0,0,0,0,0,0,4158,130,0,0,0,0,0,0,0,0
104,2017-04-24,09:00:52,0,ag1706,XSGE,4157,4141,4171,259310,16171361130,513260,518440,4383,3966,4175,4161,0,4155,0,0,0,2017-04-24,32452000,4157,7,0,0,0,0,0,0,0,0,4158,132,0,0,0,0,0,0,0,0
105,2017-04-24,09:00:52,500,ag1706,XSGE,4157,4141,4171,259310,16171361130,513260,518440,4383,3966,4175,4161,0,4155,0,0,0,2017-04-24,32452500,4157,9,0,0,0,0,0,0,0,0,4158,135,0,0,0,0,0,0,0,0
106,2017-04-24,09:00:53,0,ag1706,XSGE,4157,4141,4171,259328,16172483520,513260,518440,4383,3966,4175,4161,0,4155,0,0,0,2017-04-24,32453000,4156,272,0,0,0,0,0,0,0,0,4157,2,0,0,0,0,0,0,0,0
107,2017-04-24,09:00:53,500,ag1706,XSGE,4157,4141,4171,259332,16172732940,513262,518440,4383,3966,4175,4161,0,4155,0,0,0,2017-04-24,32453500,4156,274,0,0,0,0,0,0,0,0,4157,1,0,0,0,0,0,0,0,0
108,2017-04-24,09:00:54,0,ag1706,XSGE,4157,4141,4171,259338,16173107040,513264,518440,4383,3966,4175,4161,0,4155,0,0,0,2017-04-24,32454000,4156,271,0,0,0,0,0,0,0,0,4158,141,0,0,0,0,0,0,0,0
109,2017-04-24,09:00:54,500,ag1706,XSGE,4157,4141,4171,259338,16173107040,513264,518440,4383,3966,4175,4161,0,4155,0,0,0,2017-04-24,32454500,4156,271,0,0,0,0,0,0,0,0,4158,141,0,0,0,0,0,0,0,0
110,2017-04-24,09:00:55,0,ag1706,XSGE,4156,4141,4171,259340,16173231720,513266,518440,4383,3966,4175,4161,0,4155,0,0,0,2017-04-24,32455000,4156,270,0,0,0,0,0,0,0,0,4157,53,0,0,0,0,0,0,0,0
111,2017-04-24,09:00:55,500,ag1706,XSGE,4156,4141,4171,259360,16174478700,513254,518440,4383,3966,4175,4161,0,4155,0,0,0,2017-04-24,32455500,4156,267,0,0,0,0,0,0,0,0,4157,73,0,0,0,0,0,0,0,0
112,2017-04-24,09:00:56,0,ag1706,XSGE,4156,4141,4171,259364,16174728090,513254,518440,4383,3966,4175,4161,0,4155,0,0,0,2017-04-24,32456000,4156,266,0,0,0,0,0,0,0,0,4157,72,0,0,0,0,0,0,0,0
113,2017-04-24,09:00:56,500,ag1706,XSGE,4156,4141,4171,259364,16174728090,513254,518440,4383,3966,4175,4161,0,4155,0,0,0,2017-04-24,32456500,4156,266,0,0,0,0,0,0,0,0,4157,75,0,0,0,0,0,0,0,0
114,2017-04-24,09:00:57,0,ag1706,XSGE,4156,4141,4171,259370,16175102160,513252,518440,4383,3966,4175,4161,0,4155,0,0,0,2017-04-24,32457000,4156,264,0,0,0,0,0,0,0,0,4157,74,0,0,0,0,0,0,0,0
115,2017-04-24,09:00:57,500,ag1706,XSGE,4157,4141,4171,259490,16182584760,513270,518440,4383,3966,4175,4161,0,4155,0,0,0,2017-04-24,32457500,4156,275,0,0,0,0,0,0,0,0,4157,41,0,0,0,0,0,0,0,0
116,2017-04-24,09:00:58,0,ag1706,XSGE,4157,4141,4171,259504,16183457700,513272,518440,4383,3966,4175,4161,0,4155,0,0,0,2017-04-24,32458000,4156,274,0,0,0,0,0,0,0,0,4157,46,0,0,0,0,0,0,0,0
117,2017-04-24,09:00:58,500,ag1706,XSGE,4157,4141,4171,259518,16184330670,513278,518440,4383,3966,4175,4161,0,4155,0,0,0,2017-04-24,32458500,4156,274,0,0,0,0,0,0,0,0,4157,39,0,0,0,0,0,0,0,0
118,2017-04-24,09:00:59,0,ag1706,XSGE,4157,4141,4171,259518,16184330670,513278,518440,4383,3966,4175,4161,0,4155,0,0,0,2017-04-24,32459000,4156,274,0,0,0,0,0,0,0,0,4157,57,0,0,0,0,0,0,0,0
119,2017-04-24,09:00:59,500,ag1706,XSGE,4157,4141,4171,259518,16184330670,513278,518440,4383,3966,4175,4161,0,4155,0,0,0,2017-04-24,32459500,4156,274,0,0,0,0,0,0,0,0,4157,57,0,0,0,0,0,0,0,0
120,2017-04-24,09:01:00,0,ag1706,XSGE,4157,4141,4171,259530,16185078780,513288,518440,4383,3966,4175,4161,0,4155,0,0,0,2017-04-24,32460000,4156,270,0,0,0,0,0,0,0,0,4157,61,0,0,0,0,0,0,0,0
121,2017-04-24,09:01:00,500,ag1706,XSGE,4156,4141,4171,259600,16189442580,513288,518440,4383,3966,4175,4161,0,4155,0,0,0,2017-04-24,32460500,4156,235,0,0,0,0,0,0,0,0,4157,51,0,0,0,0,0,0,0,0
122,2017-04-24,09:01:01,0,ag1706,XSGE,4157,4141,4171,259646,16192310880,513272,518440,4383,3966,4175,4161,0,4155,0,0,0,2017-04-24,32461000,4156,234,0,0,0,0,0,0,0,0,4157,45,0,0,0,0,0,0,0,0
123,2017-04-24,09:01:01,500,ag1706,XSGE,4157,4141,4171,259646,16192310880,513272,518440,4383,3966,4175,4161,0,4155,0,0,0,2017-04-24,32461500,4156,234,0,0,0,0,0,0,0,0,4157,57,0,0,0,0,0,0,0,0
124,2017-04-24,09:01:02,0,ag1706,XSGE,4156,4141,4171,259748,16198669650,513330,518440,4383,3966,4175,4161,0,4155,0,0,0,2017-04-24,32462000,4156,187,0,0,0,0,0,0,0,0,4157,62,0,0,0,0,0,0,0,0
125,2017-04-24,09:01:02,500,ag1706,XSGE,4156,4141,4171,259754,16199043690,513336,518440,4383,3966,4175,4161,0,4155,0,0,0,2017-04-24,32462500,4156,183,0,0,0,0,0,0,0,0,4157,83,0,0,0,0,0,0,0,0
126,2017-04-24,09:01:03,0,ag1706,XSGE,4156,4141,4171,259768,16199916450,513338,518440,4383,3966,4175,4161,0,4155,0,0,0,2017-04-24,32463000,4156,177,0,0,0,0,0,0,0,0,4157,99,0,0,0,0,0,0,0,0
127,2017-04-24,09:01:03,500,ag1706,XSGE,4156,4141,4171,259902,16208270010,513338,518440,4383,3966,4175,4161,0,4155,0,0,0,2017-04-24,32463500,4156,113,0,0,0,0,0,0,0,0,4157,94,0,0,0,0,0,0,0,0
128,2017-04-24,09:01:04,0,ag1706,XSGE,4156,4141,4171,260130,16222483560,513428,518440,4383,3966,4175,4161,0,4155,0,0,0,2017-04-24,32464000,4155,33,0,0,0,0,0,0,0,0,4156,12,0,0,0,0,0,0,0,0
129,2017-04-24,09:01:04,500,ag1706,XSGE,4156,4141,4171,260130,16222483560,513428,518440,4383,3966,4175,4161,0,4155,0,0,0,2017-04-24,32464500,4155,33,0,0,0,0,0,0,0,0,4156,237,0,0,0,0,0,0,0,0
130,2017-04-24,09:01:05,0,ag1706,XSGE,4155,4141,4171,260196,16226597010,513410,518440,4383,3966,4175,4161,0,4155,0,0,0,2017-04-24,32465000,4154,36,0,0,0,0,0,0,0,0,4155,88,0,0,0,0,0,0,0,0
131,2017-04-24,09:01:05,500,ag1706,XSGE,4155,4141,4171,260248,16229837280,513394,518440,4383,3966,4175,4161,0,4155,0,0,0,2017-04-24,32465500,4154,12,0,0,0,0,0,0,0,0,4155,180,0,0,0,0,0,0,0,0
132,2017-04-24,09:01:06,0,ag1706,XSGE,4154,4141,4171,260298,16232952780,513386,518440,4383,3966,4175,4161,0,4155,0,0,0,2017-04-24,32466000,4153,43,0,0,0,0,0,0,0,0,4154,26,0,0,0,0,0,0,0,0
133,2017-04-24,09:01:06,500,ag1706,XSGE,4153,4141,4171,260324,16234572660,513400,518440,4383,3966,4175,4161,0,4155,0,0,0,2017-04-24,32466500,4153,31,0,0,0,0,0,0,0,0,4154,125,0,0,0,0,0,0,0,0
134,2017-04-24,09:01:07,0,ag1706,XSGE,4153,4141,4171,260388,16238559540,513350,518440,4383,3966,4175,4161,0,4155,0,0,0,2017-04-24,32467000,4152,51,0,0,0,0,0,0,0,0,4153,8,0,0,0,0,0,0,0,0
135,2017-04-24,09:01:07,500,ag1706,XSGE,4153,4141,4171,260478,16244165520,513354,518440,4383,3966,4175,4161,0,4155,0,0,0,2017-04-24,32467500,4152,47,0,0,0,0,0,0,0,0,4153,201,0,0,0,0,0,0,0,0
136,2017-04-24,09:01:08,0,ag1706,XSGE,4152,4141,4171,260494,16245162000,513360,518440,4383,3966,4175,4161,0,4155,0,0,0,2017-04-24,32468000,4152,25,0,0,0,0,0,0,0,0,4153,205,0,0,0,0,0,0,0,0
137,2017-04-24,09:01:08,500,ag1706,XSGE,4152,4141,4171,260538,16247902530,513364,518440,4383,3966,4175,4161,0,4155,0,0,0,2017-04-24,32468500,4152,10,0,0,0,0,0,0,0,0,4153,222,0,0,0,0,0,0,0,0
138,2017-04-24,09:01:09,0,ag1706,XSGE,4151,4141,4171,260570,16249895310,513342,518440,4383,3966,4175,4161,0,4155,0,0,0,2017-04-24,32469000,4151,196,0,0,0,0,0,0,0,0,4152,6,0,0,0,0,0,0,0,0
139,2017-04-24,09:01:09,500,ag1706,XSGE,4151,4141,4171,260674,16256372070,513300,518440,4383,3966,4175,4161,0,4155,0,0,0,2017-04-24,32469500,4151,223,0,0,0,0,0,0,0,0,4152,88,0,0,0,0,0,0,0,0
140,2017-04-24,09:01:10,0,ag1706,XSGE,4152,4141,4171,260698,16257866760,513300,518440,4383,3966,4175,4161,0,4155,0,0,0,2017-04-24,32470000,4151,195,0,0,0,0,0,0,0,0,4152,87,0,0,0,0,0,0,0,0
141,2017-04-24,09:01:10,500,ag1706,XSGE,4152,4141,4171,260740,16260482520,513300,518440,4383,3966,4175,4161,0,4155,0,0,0,2017-04-24,32470500,4151,195,0,0,0,0,0,0,0,0,4152,66,0,0,0,0,0,0,0,0
142,2017-04-24,09:01:11,0,ag1706,XSGE,4152,4141,4171,260850,16267332720,513338,518440,4383,3966,4175,4161,0,4155,0,0,0,2017-04-24,32471000,4151,144,0,0,0,0,0,0,0,0,4152,49,0,0,0,0,0,0,0,0
143,2017-04-24,09:01:11,500,ag1706,XSGE,4152,4141,4171,260936,16272688800,513324,518440,4383,3966,4175,4161,0,4155,0,0,0,2017-04-24,32471500,4151,144,0,0,0,0,0,0,0,0,4152,8,0,0,0,0,0,0,0,0
144,2017-04-24,09:01:12,0,ag1706,XSGE,4152,4141,4171,260956,16273934400,513328,518440,4383,3966,4175,4161,0,4155,0,0,0,2017-04-24,32472000,4152,11,0,0,0,0,0,0,0,0,4153,48,0,0,0,0,0,0,0,0
145,2017-04-24,09:01:12,500,ag1706,XSGE,4152,4141,4171,261068,16280908710,513294,518440,4383,3966,4175,4161,0,4155,0,0,0,2017-04-24,32472500,4151,100,0,0,0,0,0,0,0,0,4152,4,0,0,0,0,0,0,0,0
146,2017-04-24,09:01:13,0,ag1706,XSGE,4152,4141,4171,261076,16281406950,513294,518440,4383,3966,4175,4161,0,4155,0,0,0,2017-04-24,32473000,4152,4,0,0,0,0,0,0,0,0,4153,241,0,0,0,0,0,0,0,0
147,2017-04-24,09:01:13,500,ag1706,XSGE,4152,4141,4171,261086,16282029750,513302,518440,4383,3966,4175,4161,0,4155,0,0,0,2017-04-24,32473500,4151,120,0,0,0,0,0,0,0,0,4152,14,0,0,0,0,0,0,0,0
148,2017-04-24,09:01:14,0,ag1706,XSGE,4152,4141,4171,261118,16284022710,513314,518440,4383,3966,4175,4161,0,4155,0,0,0,2017-04-24,32474000,4152,384,0,0,0,0,0,0,0,0,4153,241,0,0,0,0,0,0,0,0
149,2017-04-24,09:01:14,500,ag1706,XSGE,4153,4141,4171,261132,16284894660,513316,518440,4383,3966,4175,4161,0,4155,0,0,0,2017-04-24,32474500,4152,396,0,0,0,0,0,0,0,0,4153,238,0,0,0,0,0,0,0,0
150,2017-04-24,09:01:15,0,ag1706,XSGE,4152,4141,4171,261140,16285392930,513324,518440,4383,3966,4175,4161,0,4155,0,0,0,2017-04-24,32475000,4152,393,0,0,0,0,0,0,0,0,4153,237,0,0,0,0,0,0,0,0
151,2017-04-24,09:01:15,500,ag1706,XSGE,4152,4141,4171,261146,16285766610,513330,518440,4383,3966,4175,4161,0,4155,0,0,0,2017-04-24,32475500,4152,398,0,0,0,0,0,0,0,0,4153,237,0,0,0,0,0,0,0,0
152,2017-04-24,09:01:16,0,ag1706,XSGE,4152,4141,4171,261168,16287136980,513344,518440,4383,3966,4175,4161,0,4155,0,0,0,2017-04-24,32476000,4152,414,0,0,0,0,0,0,0,0,4153,221,0,0,0,0,0,0,0,0
153,2017-04-24,09:01:16,500,ag1706,XSGE,4153,4141,4171,261352,16298599260,513224,518440,4383,3966,4175,4161,0,4155,0,0,0,2017-04-24,32476500,4152,424,0,0,0,0,0,0,0,0,4154,29,0,0,0,0,0,0,0,0
154,2017-04-24,09:01:17,0,ag1706,XSGE,4152,4141,4171,261464,16305576210,513180,518440,4383,3966,4175,4161,0,4155,0,0,0,2017-04-24,32477000,4152,427,0,0,0,0,0,0,0,0,4153,5,0,0,0,0,0,0,0,0
155,2017-04-24,09:01:17,500,ag1706,XSGE,4153,4141,4171,261512,16308566850,513162,518440,4383,3966,4175,4161,0,4155,0,0,0,2017-04-24,32477500,4153,49,0,0,0,0,0,0,0,0,4154,13,0,0,0,0,0,0,0,0
156,2017-04-24,09:01:18,0,ag1706,XSGE,4154,4141,4171,261600,16314049080,513114,518440,4383,3966,4175,4161,0,4155,0,0,0,2017-04-24,32478000,4154,6,0,0,0,0,0,0,0,0,4155,29,0,0,0,0,0,0,0,0
157,2017-04-24,09:01:18,500,ag1706,XSGE,4154,4141,4171,261626,16315669350,513104,518440,4383,3966,4175,4161,0,4155,0,0,0,2017-04-24,32478500,4153,17,0,0,0,0,0,0,0,0,4154,1,0,0,0,0,0,0,0,0
158,2017-04-24,09:01:19,0,ag1706,XSGE,4154,4141,4171,261630,16315918590,513108,518440,4383,3966,4175,4161,0,4155,0,0,0,2017-04-24,32479000,4154,42,0,0,0,0,0,0,0,0,4155,26,0,0,0,0,0,0,0,0
159,2017-04-24,09:01:19,500,ag1706,XSGE,4154,4141,4171,261632,16316043210,513110,518440,4383,3966,4175,4161,0,4155,0,0,0,2017-04-24,32479500,4154,21,0,0,0,0,0,0,0,0,4155,51,0,0,0,0,0,0,0,0
160,2017-04-24,09:01:20,0,ag1706,XSGE,4154,4141,4171,261634,16316167830,513110,518440,4383,3966,4175,4161,0,4155,0,0,0,2017-04-24,32480000,4154,16,0,0,0,0,0,0,0,0,4155,62,0,0,0,0,0,0,0,0
161,2017-04-24,09:01:20,500,ag1706,XSGE,4155,4141,4171,261636,16316292480,513110,518440,4383,3966,4175,4161,0,4155,0,0,0,2017-04-24,32480500,4154,23,0,0,0,0,0,0,0,0,4155,61,0,0,0,0,0,0,0,0
162,2017-04-24,09:01:21,0,ag1706,XSGE,4154,4141,4171,261676,16318784880,513098,518440,4383,3966,4175,4161,0,4155,0,0,0,2017-04-24,32481000,4153,44,0,0,0,0,0,0,0,0,4154,110,0,0,0,0,0,0,0,0
163,2017-04-24,09:01:21,500,ag1706,XSGE,4154,4141,4171,261722,16321651110,513082,518440,4383,3966,4175,4161,0,4155,0,0,0,2017-04-24,32481500,4153,78,0,0,0,0,0,0,0,0,4154,88,0,0,0,0,0,0,0,0
164,2017-04-24,09:01:22,0,ag1706,XSGE,4154,4141,4171,261764,16324268130,513078,518440,4383,3966,4175,4161,0,4155,0,0,0,2017-04-24,32482000,4153,113,0,0,0,0,0,0,0,0,4154,69,0,0,0,0,0,0,0,0
165,2017-04-24,09:01:22,500,ag1706,XSGE,4154,4141,4171,261782,16325389710,513078,518440,4383,3966,4175,4161,0,4155,0,0,0,2017-04-24,32482500,4153,113,0,0,0,0,0,0,0,0,4154,60,0,0,0,0,0,0,0,0
166,2017-04-24,09:01:23,0,ag1706,XSGE,4154,4141,4171,261782,16325389710,513078,518440,4383,3966,4175,4161,0,4155,0,0,0,2017-04-24,32483000,4153,125,0,0,0,0,0,0,0,0,4154,66,0,0,0,0,0,0,0,0
167,2017-04-24,09:01:23,500,ag1706,XSGE,4154,4141,4171,261782,16325389710,513078,518440,4383,3966,4175,4161,0,4155,0,0,0,2017-04-24,32483500,4153,134,0,0,0,0,0,0,0,0,4154,66,0,0,0,0,0,0,0,0
168,2017-04-24,09:01:24,0,ag1706,XSGE,4154,4141,4171,261914,16333614630,513078,518440,4383,3966,4175,4161,0,4155,0,0,0,2017-04-24,32484000,4154,339,0,0,0,0,0,0,0,0,4155,74,0,0,0,0,0,0,0,0
169,2017-04-24,09:01:24,500,ag1706,XSGE,4154,4141,4171,261960,16336481370,513056,518440,4383,3966,4175,4161,0,4155,0,0,0,2017-04-24,32484500,4154,347,0,0,0,0,0,0,0,0,4155,36,0,0,0,0,0,0,0,0
170,2017-04-24,09:01:25,0,ag1706,XSGE,4154,4141,4171,262054,16342338660,513056,518440,4383,3966,4175,4161,0,4155,0,0,0,2017-04-24,32485000,4154,305,0,0,0,0,0,0,0,0,4155,16,0,0,0,0,0,0,0,0
171,2017-04-24,09:01:25,500,ag1706,XSGE,4155,4141,4171,262102,16345330260,513066,518440,4383,3966,4175,4161,0,4155,0,0,0,2017-04-24,32485500,4155,5,0,0,0,0,0,0,0,0,4156,44,0,0,0,0,0,0,0,0
172,2017-04-24,09:01:26,0,ag1706,XSGE,4155,4141,4171,262122,16346576760,513080,518440,4383,3966,4175,4161,0,4155,0,0,0,2017-04-24,32486000,4154,307,0,0,0,0,0,0,0,0,4155,119,0,0,0,0,0,0,0,0
173,2017-04-24,09:01:26,500,ag1706,XSGE,4154,4141,4171,262360,16361406540,513318,518440,4383,3966,4175,4161,0,4155,0,0,0,2017-04-24,32486500,4154,188,0,0,0,0,0,0,0,0,4156,42,0,0,0,0,0,0,0,0
174,2017-04-24,09:01:27,0,ag1706,XSGE,4154,4141,4171,262360,16361406540,513318,518440,4383,3966,4175,4161,0,4155,0,0,0,2017-04-24,32487000,4154,176,0,0,0,0,0,0,0,0,4156,45,0,0,0,0,0,0,0,0
175,2017-04-24,09:01:27,500,ag1706,XSGE,4154,4141,4171,262362,16361531160,513318,518440,4383,3966,4175,4161,0,4155,0,0,0,2017-04-24,32487500,4154,175,0,0,0,0,0,0,0,0,4155,3,0,0,0,0,0,0,0,0
176,2017-04-24,09:01:28,0,ag1706,XSGE,4155,4141,4171,262370,16362029730,513318,518440,4383,3966,4175,4161,0,4155,0,0,0,2017-04-24,32488000,4154,187,0,0,0,0,0,0,0,0,4155,21,0,0,0,0,0,0,0,0
177,2017-04-24,09:01:28,500,ag1706,XSGE,4154,4141,4171,262410,16364522670,513302,518440,4383,3966,4175,4161,0,4155,0,0,0,2017-04-24,32488500,4154,185,0,0,0,0,0,0,0,0,4155,3,0,0,0,0,0,0,0,0
178,2017-04-24,09:01:29,0,ag1706,XSGE,4154,4141,4171,262410,16364522670,513302,518440,4383,3966,4175,4161,0,4155,0,0,0,2017-04-24,32489000,4154,188,0,0,0,0,0,0,0,0,4155,3,0,0,0,0,0,0,0,0
179,2017-04-24,09:01:29,500,ag1706,XSGE,4154,4141,4171,262410,16364522670,513302,518440,4383,3966,4175,4161,0,4155,0,0,0,2017-04-24,32489500,4154,188,0,0,0,0,0,0,0,0,4155,11,0,0,0,0,0,0,0,0
180,2017-04-24,09:01:30,0,ag1706,XSGE,4155,4141,4171,262516,16371130260,513254,518440,4383,3966,4175,4161,0,4155,0,0,0,2017-04-24,32490000,4155,18,0,0,0,0,0,0,0,0,4156,14,0,0,0,0,0,0,0,0
181,2017-04-24,09:01:30,500,ag1706,XSGE,4155,4141,4171,262534,16372252230,513246,518440,4383,3966,4175,4161,0,4155,0,0,0,2017-04-24,32490500,4155,16,0,0,0,0,0,0,0,0,4156,40,0,0,0,0,0,0,0,0
182,2017-04-24,09:01:31,0,ag1706,XSGE,4155,4141,4171,262546,16373000130,513234,518440,4383,3966,4175,4161,0,4155,0,0,0,2017-04-24,32491000,4155,11,0,0,0,0,0,0,0,0,4156,59,0,0,0,0,0,0,0,0
183,2017-04-24,09:01:31,500,ag1706,XSGE,4155,4141,4171,262560,16373872680,513224,518440,4383,3966,4175,4161,0,4155,0,0,0,2017-04-24,32491500,4155,5,0,0,0,0,0,0,0,0,4156,60,0,0,0,0,0,0,0,0
184,2017-04-24,09:01:32,0,ag1706,XSGE,4155,4141,4171,262576,16374869880,513226,518440,4383,3966,4175,4161,0,4155,0,0,0,2017-04-24,32492000,4154,188,0,0,0,0,0,0,0,0,4155,47,0,0,0,0,0,0,0,0
185,2017-04-24,09:01:32,500,ag1706,XSGE,4154,4141,4171,262578,16374994500,513228,518440,4383,3966,4175,4161,0,4155,0,0,0,2017-04-24,32492500,4154,188,0,0,0,0,0,0,0,0,4155,47,0,0,0,0,0,0,0,0
186,2017-04-24,09:01:33,0,ag1706,XSGE,4155,4141,4171,262584,16375368450,513234,518440,4383,3966,4175,4161,0,4155,0,0,0,2017-04-24,32493000,4154,188,0,0,0,0,0,0,0,0,4155,39,0,0,0,0,0,0,0,0
187,2017-04-24,09:01:33,500,ag1706,XSGE,4154,4141,4171,262664,16380353250,513234,518440,4383,3966,4175,4161,0,4155,0,0,0,2017-04-24,32493500,4154,148,0,0,0,0,0,0,0,0,4155,40,0,0,0,0,0,0,0,0
188,2017-04-24,09:01:34,0,ag1706,XSGE,4155,4141,4171,262684,16381599750,513254,518440,4383,3966,4175,4161,0,4155,0,0,0,2017-04-24,32494000,4154,148,0,0,0,0,0,0,0,0,4155,31,0,0,0,0,0,0,0,0
189,2017-04-24,09:01:34,500,ag1706,XSGE,4154,4141,4171,262690,16381973610,513258,518440,4383,3966,4175,4161,0,4155,0,0,0,2017-04-24,32494500,4154,145,0,0,0,0,0,0,0,0,4155,33,0,0,0,0,0,0,0,0
190,2017-04-24,09:01:35,0,ag1706,XSGE,4155,4141,4171,262728,16384341960,513276,518440,4383,3966,4175,4161,0,4155,0,0,0,2017-04-24,32495000,4154,145,0,0,0,0,0,0,0,0,4155,15,0,0,0,0,0,0,0,0
191,2017-04-24,09:01:35,500,ag1706,XSGE,4154,4141,4171,262732,16384591230,513278,518440,4383,3966,4175,4161,0,4155,0,0,0,2017-04-24,32495500,4154,144,0,0,0,0,0,0,0,0,4155,15,0,0,0,0,0,0,0,0
192,2017-04-24,09:01:36,0,ag1706,XSGE,4154,4141,4171,262732,16384591230,513278,518440,4383,3966,4175,4161,0,4155,0,0,0,2017-04-24,32496000,4154,144,0,0,0,0,0,0,0,0,4155,24,0,0,0,0,0,0,0,0
193,2017-04-24,09:01:36,500,ag1706,XSGE,4154,4141,4171,262732,16384591230,513278,518440,4383,3966,4175,4161,0,4155,0,0,0,2017-04-24,32496500,4154,144,0,0,0,0,0,0,0,0,4155,24,0,0,0,0,0,0,0,0
194,2017-04-24,09:01:37,0,ag1706,XSGE,4154,4141,4171,262742,16385214330,513288,518440,4383,3966,4175,4161,0,4155,0,0,0,2017-04-24,32497000,4154,140,0,0,0,0,0,0,0,0,4155,24,0,0,0,0,0,0,0,0
195,2017-04-24,09:01:37,500,ag1706,XSGE,4154,4141,4171,262744,16385338950,513290,518440,4383,3966,4175,4161,0,4155,0,0,0,2017-04-24,32497500,4154,139,0,0,0,0,0,0,0,0,4155,50,0,0,0,0,0,0,0,0
196,2017-04-24,09:01:38,0,ag1706,XSGE,4155,4141,4171,262752,16385837520,513292,518440,4383,3966,4175,4161,0,4155,0,0,0,2017-04-24,32498000,4154,138,0,0,0,0,0,0,0,0,4155,47,0,0,0,0,0,0,0,0
197,2017-04-24,09:01:38,500,ag1706,XSGE,4155,4141,4171,262758,16386211470,513292,518440,4383,3966,4175,4161,0,4155,0,0,0,2017-04-24,32498500,4154,138,0,0,0,0,0,0,0,0,4155,29,0,0,0,0,0,0,0,0
198,2017-04-24,09:01:39,0,ag1706,XSGE,4154,4141,4171,262766,16386710040,513298,518440,4383,3966,4175,4161,0,4155,0,0,0,2017-04-24,32499000,4154,137,0,0,0,0,0,0,0,0,4155,30,0,0,0,0,0,0,0,0
199,2017-04-24,09:01:39,500,ag1706,XSGE,4155,4141,4171,262770,16386959310,513298,518440,4383,3966,4175,4161,0,4155,0,0,0,2017-04-24,32499500,4154,136,0,0,0,0,0,0,0,0,4155,29,0,0,0,0,0,0,0,0
200,2017-04-24,09:01:40,0,ag1706,XSGE,4155,4141,4171,262774,16387208610,513298,518440,4383,3966,4175,4161,0,4155,0,0,0,2017-04-24,32500000,4154,138,0,0,0,0,0,0,0,0,4155,32,0,0,0,0,0,0,0,0
201,2017-04-24,09:01:40,500,ag1706,XSGE,4154,4141,4171,262782,16387707090,513300,518440,4383,3966,4175,4161,0,4155,0,0,0,2017-04-24,32500500,4154,134,0,0,0,0,0,0,0,0,4155,32,0,0,0,0,0,0,0,0
202,2017-04-24,09:01:41,0,ag1706,XSGE,4154,4141,4171,262786,16387956330,513300,518440,4383,3966,4175,4161,0,4155,0,0,0,2017-04-24,32501000,4154,134,0,0,0,0,0,0,0,0,4155,42,0,0,0,0,0,0,0,0
203,2017-04-24,09:01:41,500,ag1706,XSGE,4154,4141,4171,262788,16388080950,513302,518440,4383,3966,4175,4161,0,4155,0,0,0,2017-04-24,32501500,4154,133,0,0,0,0,0,0,0,0,4155,50,0,0,0,0,0,0,0,0
204,2017-04-24,09:01:42,0,ag1706,XSGE,4154,4141,4171,262788,16388080950,513302,518440,4383,3966,4175,4161,0,4155,0,0,0,2017-04-24,32502000,4154,133,0,0,0,0,0,0,0,0,4155,50,0,0,0,0,0,0,0,0
205,2017-04-24,09:01:42,500,ag1706,XSGE,4154,4141,4171,262790,16388205570,513304,518440,4383,3966,4175,4161,0,4155,0,0,0,2017-04-24,32502500,4154,132,0,0,0,0,0,0,0,0,4155,50,0,0,0,0,0,0,0,0
206,2017-04-24,09:01:43,0,ag1706,XSGE,4155,4141,4171,262800,16388828820,513308,518440,4383,3966,4175,4161,0,4155,0,0,0,2017-04-24,32503000,4154,132,0,0,0,0,0,0,0,0,4155,48,0,0,0,0,0,0,0,0
207,2017-04-24,09:01:43,500,ag1706,XSGE,4155,4141,4171,262804,16389078090,513310,518440,4383,3966,4175,4161,0,4155,0,0,0,2017-04-24,32503500,4154,136,0,0,0,0,0,0,0,0,4155,62,0,0,0,0,0,0,0,0
208,2017-04-24,09:01:44,0,ag1706,XSGE,4155,4141,4171,262808,16389327390,513306,518440,4383,3966,4175,4161,0,4155,0,0,0,2017-04-24,32504000,4154,140,0,0,0,0,0,0,0,0,4155,60,0,0,0,0,0,0,0,0
209,2017-04-24,09:01:44,500,ag1706,XSGE,4155,4141,4171,262816,16389825990,513302,518440,4383,3966,4175,4161,0,4155,0,0,0,2017-04-24,32504500,4154,140,0,0,0,0,0,0,0,0,4155,56,0,0,0,0,0,0,0,0
210,2017-04-24,09:01:45,0,ag1706,XSGE,4155,4141,4171,262818,16389950640,513302,518440,4383,3966,4175,4161,0,4155,0,0,0,2017-04-24,32505000,4154,140,0,0,0,0,0,0,0,0,4155,56,0,0,0,0,0,0,0,0
211,2017-04-24,09:01:45,500,ag1706,XSGE,4155,4141,4171,262822,16390199940,513298,518440,4383,3966,4175,4161,0,4155,0,0,0,2017-04-24,32505500,4154,140,0,0,0,0,0,0,0,0,4155,54,0,0,0,0,0,0,0,0
212,2017-04-24,09:01:46,0,ag1706,XSGE,4155,4141,4171,262826,16390449240,513294,518440,4383,3966,4175,4161,0,4155,0,0,0,2017-04-24,32506000,4154,140,0,0,0,0,0,0,0,0,4155,48,0,0,0,0,0,0,0,0
213,2017-04-24,09:01:46,500,ag1706,XSGE,4154,4141,4171,262828,16390573860,513294,518440,4383,3966,4175,4161,0,4155,0,0,0,2017-04-24,32506500,4154,139,0,0,0,0,0,0,0,0,4155,48,0,0,0,0,0,0,0,0
214,2017-04-24,09:01:47,0,ag1706,XSGE,4155,4141,4171,262872,16393316160,513282,518440,4383,3966,4175,4161,0,4155,0,0,0,2017-04-24,32507000,4154,141,0,0,0,0,0,0,0,0,4155,26,0,0,0,0,0,0,0,0
215,2017-04-24,09:01:47,500,ag1706,XSGE,4155,4141,4171,262882,16393939380,513284,518440,4383,3966,4175,4161,0,4155,0,0,0,2017-04-24,32507500,4154,140,0,0,0,0,0,0,0,0,4155,29,0,0,0,0,0,0,0,0
216,2017-04-24,09:01:48,0,ag1706,XSGE,4155,4141,4171,262888,16394313300,513290,518440,4383,3966,4175,4161,0,4155,0,0,0,2017-04-24,32508000,4154,139,0,0,0,0,0,0,0,0,4155,28,0,0,0,0,0,0,0,0
217,2017-04-24,09:01:48,500,ag1706,XSGE,4154,4141,4171,262892,16394562540,513290,518440,4383,3966,4175,4161,0,4155,0,0,0,2017-04-24,32508500,4154,137,0,0,0,0,0,0,0,0,4155,28,0,0,0,0,0,0,0,0
218,2017-04-24,09:01:49,0,ag1706,XSGE,4155,4141,4171,262918,16396182990,513316,518440,4383,3966,4175,4161,0,4155,0,0,0,2017-04-24,32509000,4154,137,0,0,0,0,0,0,0,0,4155,17,0,0,0,0,0,0,0,0
219,2017-04-24,09:01:49,500,ag1706,XSGE,4155,4141,4171,262918,16396182990,513316,518440,4383,3966,4175,4161,0,4155,0,0,0,2017-04-24,32509500,4154,137,0,0,0,0,0,0,0,0,4155,19,0,0,0,0,0,0,0,0
220,2017-04-24,09:01:50,0,ag1706,XSGE,4155,4141,4171,262918,16396182990,513316,518440,4383,3966,4175,4161,0,4155,0,0,0,2017-04-24,32510000,4154,137,0,0,0,0,0,0,0,0,4155,19,0,0,0,0,0,0,0,0
221,2017-04-24,09:01:50,500,ag1706,XSGE,4155,4141,4171,262918,16396182990,513316,518440,4383,3966,4175,4161,0,4155,0,0,0,2017-04-24,32510500,4154,137,0,0,0,0,0,0,0,0,4155,19,0,0,0,0,0,0,0,0
222,2017-04-24,09:01:51,0,ag1706,XSGE,4155,4141,4171,262922,16396432260,513318,518440,4383,3966,4175,4161,0,4155,0,0,0,2017-04-24,32511000,4154,136,0,0,0,0,0,0,0,0,4155,34,0,0,0,0,0,0,0,0
223,2017-04-24,09:01:51,500,ag1706,XSGE,4155,4141,4171,262922,16396432260,513318,518440,4383,3966,4175,4161,0,4155,0,0,0,2017-04-24,32511500,4154,136,0,0,0,0,0,0,0,0,4155,34,0,0,0,0,0,0,0,0
224,2017-04-24,09:01:52,0,ag1706,XSGE,4155,4141,4171,262932,16397055510,513326,518440,4383,3966,4175,4161,0,4155,0,0,0,2017-04-24,32512000,4154,141,0,0,0,0,0,0,0,0,4155,37,0,0,0,0,0,0,0,0
225,2017-04-24,09:01:52,500,ag1706,XSGE,4155,4141,4171,262932,16397055510,513326,518440,4383,3966,4175,4161,0,4155,0,0,0,2017-04-24,32512500,4154,155,0,0,0,0,0,0,0,0,4155,37,0,0,0,0,0,0,0,0
226,2017-04-24,09:01:53,0,ag1706,XSGE,4155,4141,4171,262934,16397180160,513328,518440,4383,3966,4175,4161,0,4155,0,0,0,2017-04-24,32513000,4154,155,0,0,0,0,0,0,0,0,4155,28,0,0,0,0,0,0,0,0
227,2017-04-24,09:01:53,500,ag1706,XSGE,4155,4141,4171,262990,16400670360,513306,518440,4383,3966,4175,4161,0,4155,0,0,0,2017-04-24,32513500,4155,72,0,0,0,0,0,0,0,0,4156,85,0,0,0,0,0,0,0,0
228,2017-04-24,09:01:54,0,ag1706,XSGE,4155,4141,4171,263022,16402664760,513306,518440,4383,3966,4175,4161,0,4155,0,0,0,2017-04-24,32514000,4155,65,0,0,0,0,0,0,0,0,4156,85,0,0,0,0,0,0,0,0
229,2017-04-24,09:01:54,500,ag1706,XSGE,4156,4141,4171,263038,16403662170,513292,518440,4383,3966,4175,4161,0,4155,0,0,0,2017-04-24,32514500,4155,76,0,0,0,0,0,0,0,0,4156,78,0,0,0,0,0,0,0,0
230,2017-04-24,09:01:55,0,ag1706,XSGE,4155,4141,4171,263070,16405656570,513292,518440,4383,3966,4175,4161,0,4155,0,0,0,2017-04-24,32515000,4155,60,0,0,0,0,0,0,0,0,4156,78,0,0,0,0,0,0,0,0
231,2017-04-24,09:01:55,500,ag1706,XSGE,4155,4141,4171,263070,16405656570,513292,518440,4383,3966,4175,4161,0,4155,0,0,0,2017-04-24,32515500,4155,56,0,0,0,0,0,0,0,0,4156,78,0,0,0,0,0,0,0,0
232,2017-04-24,09:01:56,500,ag1706,XSGE,4155,4141,4171,263088,16406778420,513274,518440,4383,3966,4175,4161,0,4155,0,0,0,2017-04-24,32516500,4155,53,0,0,0,0,0,0,0,0,4156,78,0,0,0,0,0,0,0,0
233,2017-04-24,09:01:57,0,ag1706,XSGE,4155,4141,4171,263088,16406778420,513274,518440,4383,3966,4175,4161,0,4155,0,0,0,2017-04-24,32517000,4155,53,0,0,0,0,0,0,0,0,4156,78,0,0,0,0,0,0,0,0
234,2017-04-24,09:01:57,500,ag1706,XSGE,4155,4141,4171,263180,16412512320,513186,518440,4383,3966,4175,4161,0,4155,0,0,0,2017-04-24,32517500,4155,7,0,0,0,0,0,0,0,0,4156,79,0,0,0,0,0,0,0,0
235,2017-04-24,09:01:58,0,ag1706,XSGE,4155,4141,4171,263186,16412886270,513186,518440,4383,3966,4175,4161,0,4155,0,0,0,2017-04-24,32518000,4155,22,0,0,0,0,0,0,0,0,4156,80,0,0,0,0,0,0,0,0
236,2017-04-24,09:01:58,500,ag1706,XSGE,4155,4141,4171,263186,16412886270,513186,518440,4383,3966,4175,4161,0,4155,0,0,0,2017-04-24,32518500,4155,34,0,0,0,0,0,0,0,0,4156,80,0,0,0,0,0,0,0,0
237,2017-04-24,09:01:59,0,ag1706,XSGE,4155,4141,4171,263186,16412886270,513186,518440,4383,3966,4175,4161,0,4155,0,0,0,2017-04-24,32519000,4155,34,0,0,0,0,0,0,0,0,4156,80,0,0,0,0,0,0,0,0
238,2017-04-24,09:01:59,500,ag1706,XSGE,4155,4141,4171,263198,16413634320,513174,518440,4383,3966,4175,4161,0,4155,0,0,0,2017-04-24,32519500,4155,45,0,0,0,0,0,0,0,0,4156,75,0,0,0,0,0,0,0,0
239,2017-04-24,09:02:00,0,ag1706,XSGE,4155,4141,4171,263200,16413758970,513174,518440,4383,3966,4175,4161,0,4155,0,0,0,2017-04-24,32520000,4155,45,0,0,0,0,0,0,0,0,4156,78,0,0,0,0,0,0,0,0
240,2017-04-24,09:02:00,500,ag1706,XSGE,4156,4141,4171,263228,16415504460,513182,518440,4383,3966,4175,4161,0,4155,0,0,0,2017-04-24,32520500,4155,47,0,0,0,0,0,0,0,0,4156,65,0,0,0,0,0,0,0,0
241,2017-04-24,09:02:01,0,ag1706,XSGE,4155,4141,4171,263296,16419742560,513152,518440,4383,3966,4175,4161,0,4155,0,0,0,2017-04-24,32521000,4155,32,0,0,0,0,0,0,0,0,4156,67,0,0,0,0,0,0,0,0
242,2017-04-24,09:02:01,500,ag1706,XSGE,4155,4141,4171,263298,16419867210,513152,518440,4383,3966,4175,4161,0,4155,0,0,0,2017-04-24,32521500,4155,32,0,0,0,0,0,0,0,0,4156,71,0,0,0,0,0,0,0,0
243,2017-04-24,09:02:02,0,ag1706,XSGE,4155,4141,4171,263298,16419867210,513152,518440,4383,3966,4175,4161,0,4155,0,0,0,2017-04-24,32522000,4155,32,0,0,0,0,0,0,0,0,4156,71,0,0,0,0,0,0,0,0
244,2017-04-24,09:02:02,500,ag1706,XSGE,4155,4141,4171,263298,16419867210,513152,518440,4383,3966,4175,4161,0,4155,0,0,0,2017-04-24,32522500,4155,32,0,0,0,0,0,0,0,0,4156,71,0,0,0,0,0,0,0,0
245,2017-04-24,09:02:03,0,ag1706,XSGE,4155,4141,4171,263298,16419867210,513152,518440,4383,3966,4175,4161,0,4155,0,0,0,2017-04-24,32523000,4155,33,0,0,0,0,0,0,0,0,4156,71,0,0,0,0,0,0,0,0
246,2017-04-24,09:02:03,500,ag1706,XSGE,4156,4141,4171,263300,16419991890,513154,518440,4383,3966,4175,4161,0,4155,0,0,0,2017-04-24,32523500,4155,33,0,0,0,0,0,0,0,0,4156,70,0,0,0,0,0,0,0,0
247,2017-04-24,09:02:04,0,ag1706,XSGE,4156,4141,4171,263310,16420615290,513164,518440,4383,3966,4175,4161,0,4155,0,0,0,2017-04-24,32524000,4155,33,0,0,0,0,0,0,0,0,4156,65,0,0,0,0,0,0,0,0
248,2017-04-24,09:02:04,500,ag1706,XSGE,4155,4141,4171,263316,16420989300,513164,518440,4383,3966,4175,4161,0,4155,0,0,0,2017-04-24,32524500,4155,37,0,0,0,0,0,0,0,0,4156,63,0,0,0,0,0,0,0,0
249,2017-04-24,09:02:05,0,ag1706,XSGE,4155,4141,4171,263322,16421363310,513168,518440,4383,3966,4175,4161,0,4155,0,0,0,2017-04-24,32525000,4155,36,0,0,0,0,0,0,0,0,4156,61,0,0,0,0,0,0,0,0
250,2017-04-24,09:02:05,500,ag1706,XSGE,4156,4141,4171,263332,16421986710,513168,518440,4383,3966,4175,4161,0,4155,0,0,0,2017-04-24,32525500,4155,36,0,0,0,0,0,0,0,0,4156,56,0,0,0,0,0,0,0,0
251,2017-04-24,09:02:06,0,ag1706,XSGE,4155,4141,4171,263354,16423357860,513166,518440,4383,3966,4175,4161,0,4155,0,0,0,2017-04-24,32526000,4155,25,0,0,0,0,0,0,0,0,4156,57,0,0,0,0,0,0,0,0
252,2017-04-24,09:02:06,500,ag1706,XSGE,4155,4141,4171,263364,16423981110,513170,518440,4383,3966,4175,4161,0,4155,0,0,0,2017-04-24,32526500,4155,42,0,0,0,0,0,0,0,0,4156,62,0,0,0,0,0,0,0,0
253,2017-04-24,09:02:07,0,ag1706,XSGE,4155,4141,4171,263366,16424105760,513168,518440,4383,3966,4175,4161,0,4155,0,0,0,2017-04-24,32527000,4155,41,0,0,0,0,0,0,0,0,4156,61,0,0,0,0,0,0,0,0
254,2017-04-24,09:02:07,500,ag1706,XSGE,4155,4141,4171,263370,16424355060,513168,518440,4383,3966,4175,4161,0,4155,0,0,0,2017-04-24,32527500,4155,51,0,0,0,0,0,0,0,0,4156,56,0,0,0,0,0,0,0,0
255,2017-04-24,09:02:08,0,ag1706,XSGE,4155,4141,4171,263370,16424355060,513168,518440,4383,3966,4175,4161,0,4155,0,0,0,2017-04-24,32528000,4155,52,0,0,0,0,0,0,0,0,4156,56,0,0,0,0,0,0,0,0
256,2017-04-24,09:02:08,500,ag1706,XSGE,4155,4141,4171,263370,16424355060,513168,518440,4383,3966,4175,4161,0,4155,0,0,0,2017-04-24,32528500,4155,52,0,0,0,0,0,0,0,0,4156,63,0,0,0,0,0,0,0,0
257,2017-04-24,09:02:09,0,ag1706,XSGE,4155,4141,4171,263384,16425227670,513168,518440,4383,3966,4175,4161,0,4155,0,0,0,2017-04-24,32529000,4155,47,0,0,0,0,0,0,0,0,4156,61,0,0,0,0,0,0,0,0
258,2017-04-24,09:02:09,500,ag1706,XSGE,4155,4141,4171,263402,16426349520,513158,518440,4383,3966,4175,4161,0,4155,0,0,0,2017-04-24,32529500,4155,44,0,0,0,0,0,0,0,0,4156,62,0,0,0,0,0,0,0,0
259,2017-04-24,09:02:10,0,ag1706,XSGE,4155,4141,4171,263408,16426723470,513156,518440,4383,3966,4175,4161,0,4155,0,0,0,2017-04-24,32530000,4155,44,0,0,0,0,0,0,0,0,4156,62,0,0,0,0,0,0,0,0
260,2017-04-24,09:02:10,500,ag1706,XSGE,4156,4141,4171,263544,16435201710,513218,518440,4383,3966,4175,4161,0,4155,0,0,0,2017-04-24,32530500,4156,332,0,0,0,0,0,0,0,0,4157,55,0,0,0,0,0,0,0,0
261,2017-04-24,09:02:11,0,ag1706,XSGE,4156,4141,4171,263790,16450537350,513340,518440,4383,3966,4175,4161,0,4155,0,0,0,2017-04-24,32531000,4156,224,0,0,0,0,0,0,0,0,4157,72,0,0,0,0,0,0,0,0
262,2017-04-24,09:02:11,500,ag1706,XSGE,4156,4141,4171,263790,16450537350,513340,518440,4383,3966,4175,4161,0,4155,0,0,0,2017-04-24,32531500,4156,212,0,0,0,0,0,0,0,0,4157,74,0,0,0,0,0,0,0,0
263,2017-04-24,09:02:12,0,ag1706,XSGE,4156,4141,4171,263798,16451036070,513340,518440,4383,3966,4175,4161,0,4155,0,0,0,2017-04-24,32532000,4156,216,0,0,0,0,0,0,0,0,4157,74,0,0,0,0,0,0,0,0
264,2017-04-24,09:02:12,500,ag1706,XSGE,4156,4141,4171,263850,16454277810,513340,518440,4383,3966,4175,4161,0,4155,0,0,0,2017-04-24,32532500,4156,192,0,0,0,0,0,0,0,0,4157,71,0,0,0,0,0,0,0,0
265,2017-04-24,09:02:13,0,ag1706,XSGE,4156,4141,4171,263850,16454277810,513340,518440,4383,3966,4175,4161,0,4155,0,0,0,2017-04-24,32533000,4156,192,0,0,0,0,0,0,0,0,4157,71,0,0,0,0,0,0,0,0
266,2017-04-24,09:02:13,500,ag1706,XSGE,4156,4141,4171,263850,16454277810,513340,518440,4383,3966,4175,4161,0,4155,0,0,0,2017-04-24,32533500,4156,201,0,0,0,0,0,0,0,0,4157,61,0,0,0,0,0,0,0,0
267,2017-04-24,09:02:14,0,ag1706,XSGE,4156,4141,4171,263856,16454651850,513344,518440,4383,3966,4175,4161,0,4155,0,0,0,2017-04-24,32534000,4156,210,0,0,0,0,0,0,0,0,4157,61,0,0,0,0,0,0,0,0
268,2017-04-24,09:02:14,500,ag1706,XSGE,4156,4141,4171,263858,16454776530,513344,518440,4383,3966,4175,4161,0,4155,0,0,0,2017-04-24,32534500,4156,210,0,0,0,0,0,0,0,0,4157,61,0,0,0,0,0,0,0,0
269,2017-04-24,09:02:15,0,ag1706,XSGE,4156,4141,4171,263858,16454776530,513344,518440,4383,3966,4175,4161,0,4155,0,0,0,2017-04-24,32535000,4156,210,0,0,0,0,0,0,0,0,4157,61,0,0,0,0,0,0,0,0
270,2017-04-24,09:02:15,500,ag1706,XSGE,4156,4141,4171,263898,16457270130,513344,518440,4383,3966,4175,4161,0,4155,0,0,0,2017-04-24,32535500,4156,190,0,0,0,0,0,0,0,0,4157,61,0,0,0,0,0,0,0,0
271,2017-04-24,09:02:16,0,ag1706,XSGE,4156,4141,4171,263902,16457519490,513348,518440,4383,3966,4175,4161,0,4155,0,0,0,2017-04-24,32536000,4156,188,0,0,0,0,0,0,0,0,4157,61,0,0,0,0,0,0,0,0
272,2017-04-24,09:02:16,500,ag1706,XSGE,4156,4141,4171,263918,16458516960,513358,518440,4383,3966,4175,4161,0,4155,0,0,0,2017-04-24,32536500,4156,181,0,0,0,0,0,0,0,0,4157,60,0,0,0,0,0,0,0,0
273,2017-04-24,09:02:17,0,ag1706,XSGE,4156,4141,4171,263982,16462506720,513362,518440,4383,3966,4175,4161,0,4155,0,0,0,2017-04-24,32537000,4156,149,0,0,0,0,0,0,0,0,4157,60,0,0,0,0,0,0,0,0
274,2017-04-24,09:02:17,500,ag1706,XSGE,4156,4141,4171,263998,16463504220,513372,518440,4383,3966,4175,4161,0,4155,0,0,0,2017-04-24,32537500,4156,131,0,0,0,0,0,0,0,0,4157,59,0,0,0,0,0,0,0,0
275,2017-04-24,09:02:18,0,ag1706,XSGE,4156,4141,4171,264024,16465125060,513378,518440,4383,3966,4175,4161,0,4155,0,0,0,2017-04-24,32538000,4156,118,0,0,0,0,0,0,0,0,4157,58,0,0,0,0,0,0,0,0
276,2017-04-24,09:02:18,500,ag1706,XSGE,4156,4141,4171,264060,16467369300,513378,518440,4383,3966,4175,4161,0,4155,0,0,0,2017-04-24,32538500,4156,100,0,0,0,0,0,0,0,0,4157,62,0,0,0,0,0,0,0,0
277,2017-04-24,09:02:19,0,ag1706,XSGE,4156,4141,4171,264134,16471982460,513378,518440,4383,3966,4175,4161,0,4155,0,0,0,2017-04-24,32539000,4156,63,0,0,0,0,0,0,0,0,4157,70,0,0,0,0,0,0,0,0
278,2017-04-24,09:02:19,500,ag1706,XSGE,4156,4141,4171,264266,16480211340,513450,518440,4383,3966,4175,4161,0,4155,0,0,0,2017-04-24,32539500,4155,28,0,0,0,0,0,0,0,0,4156,66,0,0,0,0,0,0,0,0
279,2017-04-24,09:02:20,0,ag1706,XSGE,4155,4141,4171,264356,16485821250,513516,518440,4383,3966,4175,4161,0,4155,0,0,0,2017-04-24,32540000,4155,9,0,0,0,0,0,0,0,0,4156,146,0,0,0,0,0,0,0,0
280,2017-04-24,09:02:20,500,ag1706,XSGE,4155,4141,4171,264382,16487441700,513518,518440,4383,3966,4175,4161,0,4155,0,0,0,2017-04-24,32540500,4154,186,0,0,0,0,0,0,0,0,4155,50,0,0,0,0,0,0,0,0
281,2017-04-24,09:02:21,0,ag1706,XSGE,4155,4141,4171,264448,16491555060,513518,518440,4383,3966,4175,4161,0,4155,0,0,0,2017-04-24,32541000,4154,180,0,0,0,0,0,0,0,0,4155,32,0,0,0,0,0,0,0,0
282,2017-04-24,09:02:21,500,ag1706,XSGE,4155,4141,4171,264452,16491804360,513522,518440,4383,3966,4175,4161,0,4155,0,0,0,2017-04-24,32541500,4154,180,0,0,0,0,0,0,0,0,4155,86,0,0,0,0,0,0,0,0
283,2017-04-24,09:02:22,0,ag1706,XSGE,4154,4141,4171,264460,16492302840,513530,518440,4383,3966,4175,4161,0,4155,0,0,0,2017-04-24,32542000,4154,176,0,0,0,0,0,0,0,0,4155,86,0,0,0,0,0,0,0,0
284,2017-04-24,09:02:22,500,ag1706,XSGE,4155,4141,4171,264462,16492427490,513530,518440,4383,3966,4175,4161,0,4155,0,0,0,2017-04-24,32542500,4154,176,0,0,0,0,0,0,0,0,4155,85,0,0,0,0,0,0,0,0
285,2017-04-24,09:02:23,0,ag1706,XSGE,4154,4141,4171,264464,16492552110,513530,518440,4383,3966,4175,4161,0,4155,0,0,0,2017-04-24,32543000,4154,175,0,0,0,0,0,0,0,0,4155,85,0,0,0,0,0,0,0,0
286,2017-04-24,09:02:23,500,ag1706,XSGE,4156,4141,4171,264640,16503521370,513674,518440,4383,3966,4175,4161,0,4155,0,0,0,2017-04-24,32543500,4155,314,0,0,0,0,0,0,0,0,4156,104,0,0,0,0,0,0,0,0
287,2017-04-24,09:02:24,0,ag1706,XSGE,4155,4141,4171,264698,16507136220,513720,518440,4383,3966,4175,4161,0,4155,0,0,0,2017-04-24,32544000,4155,300,0,0,0,0,0,0,0,0,4156,108,0,0,0,0,0,0,0,0
288,2017-04-24,09:02:24,500,ag1706,XSGE,4155,4141,4171,264698,16507136220,513720,518440,4383,3966,4175,4161,0,4155,0,0,0,2017-04-24,32544500,4155,300,0,0,0,0,0,0,0,0,4156,100,0,0,0,0,0,0,0,0
289,2017-04-24,09:02:25,0,ag1706,XSGE,4155,4141,4171,264698,16507136220,513720,518440,4383,3966,4175,4161,0,4155,0,0,0,2017-04-24,32545000,4155,300,0,0,0,0,0,0,0,0,4156,92,0,0,0,0,0,0,0,0
290,2017-04-24,09:02:25,500,ag1706,XSGE,4155,4141,4171,264700,16507260870,513720,518440,4383,3966,4175,4161,0,4155,0,0,0,2017-04-24,32545500,4155,299,0,0,0,0,0,0,0,0,4156,94,0,0,0,0,0,0,0,0
291,2017-04-24,09:02:26,0,ag1706,XSGE,4156,4141,4171,264702,16507385550,513720,518440,4383,3966,4175,4161,0,4155,0,0,0,2017-04-24,32546000,4155,300,0,0,0,0,0,0,0,0,4156,93,0,0,0,0,0,0,0,0
292,2017-04-24,09:02:26,500,ag1706,XSGE,4156,4141,4171,264706,16507634910,513720,518440,4383,3966,4175,4161,0,4155,0,0,0,2017-04-24,32546500,4155,300,0,0,0,0,0,0,0,0,4156,91,0,0,0,0,0,0,0,0
293,2017-04-24,09:02:27,0,ag1706,XSGE,4156,4141,4171,264706,16507634910,513720,518440,4383,3966,4175,4161,0,4155,0,0,0,2017-04-24,32547000,4155,300,0,0,0,0,0,0,0,0,4156,91,0,0,0,0,0,0,0,0
294,2017-04-24,09:02:27,500,ag1706,XSGE,4156,4141,4171,264706,16507634910,513720,518440,4383,3966,4175,4161,0,4155,0,0,0,2017-04-24,32547500,4155,301,0,0,0,0,0,0,0,0,4156,91,0,0,0,0,0,0,0,0
295,2017-04-24,09:02:28,0,ag1706,XSGE,4155,4141,4171,264806,16513867410,513720,518440,4383,3966,4175,4161,0,4155,0,0,0,2017-04-24,32548000,4155,256,0,0,0,0,0,0,0,0,4156,91,0,0,0,0,0,0,0,0
296,2017-04-24,09:02:28,500,ag1706,XSGE,4155,4141,4171,264836,16515737160,513722,518440,4383,3966,4175,4161,0,4155,0,0,0,2017-04-24,32548500,4155,235,0,0,0,0,0,0,0,0,4156,92,0,0,0,0,0,0,0,0
297,2017-04-24,09:02:29,0,ag1706,XSGE,4155,4141,4171,264836,16515737160,513722,518440,4383,3966,4175,4161,0,4155,0,0,0,2017-04-24,32549000,4155,235,0,0,0,0,0,0,0,0,4156,92,0,0,0,0,0,0,0,0
298,2017-04-24,09:02:29,500,ag1706,XSGE,4155,4141,4171,264876,16518230460,513752,518440,4383,3966,4175,4161,0,4155,0,0,0,2017-04-24,32549500,4155,225,0,0,0,0,0,0,0,0,4156,221,0,0,0,0,0,0,0,0
299,2017-04-24,09:02:30,0,ag1706,XSGE,4156,4141,4171,264880,16518479820,513756,518440,4383,3966,4175,4161,0,4155,0,0,0,2017-04-24,32550000,4155,225,0,0,0,0,0,0,0,0,4156,227,0,0,0,0,0,0,0,0
300,2017-04-24,09:02:30,500,ag1706,XSGE,4156,4141,4171,264880,16518479820,513756,518440,4383,3966,4175,4161,0,4155,0,0,0,2017-04-24,32550500,4155,225,0,0,0,0,0,0,0,0,4156,227,0,0,0,0,0,0,0,0
301,2017-04-24,09:02:31,0,ag1706,XSGE,4155,4141,4171,265010,16526582070,513798,518440,4383,3966,4175,4161,0,4155,0,0,0,2017-04-24,32551000,4155,160,0,0,0,0,0,0,0,0,4156,98,0,0,0,0,0,0,0,0
302,2017-04-24,09:02:31,500,ag1706,XSGE,4155,4141,4171,265054,16529324370,513798,518440,4383,3966,4175,4161,0,4155,0,0,0,2017-04-24,32551500,4155,138,0,0,0,0,0,0,0,0,4156,98,0,0,0,0,0,0,0,0
303,2017-04-24,09:02:32,0,ag1706,XSGE,4155,4141,4171,265210,16539047070,513798,518440,4383,3966,4175,4161,0,4155,0,0,0,2017-04-24,32552000,4155,60,0,0,0,0,0,0,0,0,4156,98,0,0,0,0,0,0,0,0
304,2017-04-24,09:02:32,500,ag1706,XSGE,4155,4141,4171,265218,16539545760,513798,518440,4383,3966,4175,4161,0,4155,0,0,0,2017-04-24,32552500,4155,69,0,0,0,0,0,0,0,0,4156,95,0,0,0,0,0,0,0,0
305,2017-04-24,09:02:33,0,ag1706,XSGE,4155,4141,4171,265218,16539545760,513798,518440,4383,3966,4175,4161,0,4155,0,0,0,2017-04-24,32553000,4155,69,0,0,0,0,0,0,0,0,4156,237,0,0,0,0,0,0,0,0
306,2017-04-24,09:02:33,500,ag1706,XSGE,4155,4141,4171,265218,16539545760,513798,518440,4383,3966,4175,4161,0,4155,0,0,0,2017-04-24,32553500,4155,69,0,0,0,0,0,0,0,0,4156,237,0,0,0,0,0,0,0,0
307,2017-04-24,09:02:34,0,ag1706,XSGE,4155,4141,4171,265268,16542662040,513800,518440,4383,3966,4175,4161,0,4155,0,0,0,2017-04-24,32554000,4155,45,0,0,0,0,0,0,0,0,4156,99,0,0,0,0,0,0,0,0
308,2017-04-24,09:02:34,500,ag1706,XSGE,4155,4141,4171,265282,16543534590,513802,518440,4383,3966,4175,4161,0,4155,0,0,0,2017-04-24,32554500,4155,39,0,0,0,0,0,0,0,0,4156,101,0,0,0,0,0,0,0,0
309,2017-04-24,09:02:35,0,ag1706,XSGE,4155,4141,4171,265282,16543534590,513802,518440,4383,3966,4175,4161,0,4155,0,0,0,2017-04-24,32555000,4155,46,0,0,0,0,0,0,0,0,4156,101,0,0,0,0,0,0,0,0
310,2017-04-24,09:02:35,500,ag1706,XSGE,4155,4141,4171,265282,16543534590,513802,518440,4383,3966,4175,4161,0,4155,0,0,0,2017-04-24,32555500,4155,46,0,0,0,0,0,0,0,0,4156,101,0,0,0,0,0,0,0,0
311,2017-04-24,09:02:36,0,ag1706,XSGE,4155,4141,4171,265284,16543659240,513802,518440,4383,3966,4175,4161,0,4155,0,0,0,2017-04-24,32556000,4155,50,0,0,0,0,0,0,0,0,4156,101,0,0,0,0,0,0,0,0
312,2017-04-24,09:02:36,500,ag1706,XSGE,4156,4141,4171,265318,16545778800,513790,518440,4383,3966,4175,4161,0,4155,0,0,0,2017-04-24,32556500,4155,52,0,0,0,0,0,0,0,0,4156,226,0,0,0,0,0,0,0,0
313,2017-04-24,09:02:37,0,ag1706,XSGE,4156,4141,4171,265334,16546776030,513802,518440,4383,3966,4175,4161,0,4155,0,0,0,2017-04-24,32557000,4155,45,0,0,0,0,0,0,0,0,4156,225,0,0,0,0,0,0,0,0
314,2017-04-24,09:02:37,500,ag1706,XSGE,4156,4141,4171,265334,16546776030,513802,518440,4383,3966,4175,4161,0,4155,0,0,0,2017-04-24,32557500,4155,45,0,0,0,0,0,0,0,0,4156,225,0,0,0,0,0,0,0,0
315,2017-04-24,09:02:38,500,ag1706,XSGE,4156,4141,4171,265334,16546776030,513802,518440,4383,3966,4175,4161,0,4155,0,0,0,2017-04-24,32558500,4155,45,0,0,0,0,0,0,0,0,4156,225,0,0,0,0,0,0,0,0
316,2017-04-24,09:02:39,0,ag1706,XSGE,4155,4141,4171,265414,16551762030,513786,518440,4383,3966,4175,4161,0,4155,0,0,0,2017-04-24,32559000,4154,179,0,0,0,0,0,0,0,0,4155,41,0,0,0,0,0,0,0,0
317,2017-04-24,09:02:39,500,ag1706,XSGE,4155,4141,4171,265476,16555626180,513724,518440,4383,3966,4175,4161,0,4155,0,0,0,2017-04-24,32559500,4154,179,0,0,0,0,0,0,0,0,4155,11,0,0,0,0,0,0,0,0
318,2017-04-24,09:02:40,0,ag1706,XSGE,4155,4141,4171,265476,16555626180,513724,518440,4383,3966,4175,4161,0,4155,0,0,0,2017-04-24,32560000,4154,179,0,0,0,0,0,0,0,0,4155,19,0,0,0,0,0,0,0,0
319,2017-04-24,09:02:40,500,ag1706,XSGE,4155,4141,4171,265478,16555750830,513724,518440,4383,3966,4175,4161,0,4155,0,0,0,2017-04-24,32560500,4154,179,0,0,0,0,0,0,0,0,4155,19,0,0,0,0,0,0,0,0
320,2017-04-24,09:02:41,0,ag1706,XSGE,4155,4141,4171,265538,16559490330,513672,518440,4383,3966,4175,4161,0,4155,0,0,0,2017-04-24,32561000,4154,179,0,0,0,0,0,0,0,0,4155,28,0,0,0,0,0,0,0,0
321,2017-04-24,09:02:41,500,ag1706,XSGE,4155,4141,4171,265538,16559490330,513672,518440,4383,3966,4175,4161,0,4155,0,0,0,2017-04-24,32561500,4154,179,0,0,0,0,0,0,0,0,4155,28,0,0,0,0,0,0,0,0
322,2017-04-24,09:02:42,0,ag1706,XSGE,4155,4141,4171,265548,16560113580,513672,518440,4383,3966,4175,4161,0,4155,0,0,0,2017-04-24,32562000,4154,179,0,0,0,0,0,0,0,0,4155,33,0,0,0,0,0,0,0,0
323,2017-04-24,09:02:42,500,ag1706,XSGE,4155,4141,4171,265548,16560113580,513672,518440,4383,3966,4175,4161,0,4155,0,0,0,2017-04-24,32562500,4154,179,0,0,0,0,0,0,0,0,4155,33,0,0,0,0,0,0,0,0
324,2017-04-24,09:02:43,0,ag1706,XSGE,4155,4141,4171,265550,16560238230,513672,518440,4383,3966,4175,4161,0,4155,0,0,0,2017-04-24,32563000,4154,179,0,0,0,0,0,0,0,0,4155,40,0,0,0,0,0,0,0,0
325,2017-04-24,09:02:43,500,ag1706,XSGE,4155,4141,4171,265550,16560238230,513672,518440,4383,3966,4175,4161,0,4155,0,0,0,2017-04-24,32563500,4154,179,0,0,0,0,0,0,0,0,4155,41,0,0,0,0,0,0,0,0
326,2017-04-24,09:02:44,0,ag1706,XSGE,4155,4141,4171,265550,16560238230,513672,518440,4383,3966,4175,4161,0,4155,0,0,0,2017-04-24,32564000,4154,173,0,0,0,0,0,0,0,0,4155,47,0,0,0,0,0,0,0,0
327,2017-04-24,09:02:44,500,ag1706,XSGE,4154,4141,4171,265552,16560362850,513672,518440,4383,3966,4175,4161,0,4155,0,0,0,2017-04-24,32564500,4154,172,0,0,0,0,0,0,0,0,4155,47,0,0,0,0,0,0,0,0
328,2017-04-24,09:02:45,0,ag1706,XSGE,4154,4141,4171,265552,16560362850,513672,518440,4383,3966,4175,4161,0,4155,0,0,0,2017-04-24,32565000,4154,173,0,0,0,0,0,0,0,0,4155,54,0,0,0,0,0,0,0,0
329,2017-04-24,09:02:45,500,ag1706,XSGE,4155,4141,4171,265558,16560736740,513674,518440,4383,3966,4175,4161,0,4155,0,0,0,2017-04-24,32565500,4154,171,0,0,0,0,0,0,0,0,4155,53,0,0,0,0,0,0,0,0
330,2017-04-24,09:02:46,0,ag1706,XSGE,4155,4141,4171,265568,16561359990,513674,518440,4383,3966,4175,4161,0,4155,0,0,0,2017-04-24,32566000,4154,171,0,0,0,0,0,0,0,0,4155,48,0,0,0,0,0,0,0,0
331,2017-04-24,09:02:46,500,ag1706,XSGE,4155,4141,4171,265568,16561359990,513674,518440,4383,3966,4175,4161,0,4155,0,0,0,2017-04-24,32566500,4154,171,0,0,0,0,0,0,0,0,4155,49,0,0,0,0,0,0,0,0
332,2017-04-24,09:02:47,0,ag1706,XSGE,4155,4141,4171,265568,16561359990,513674,518440,4383,3966,4175,4161,0,4155,0,0,0,2017-04-24,32567000,4154,171,0,0,0,0,0,0,0,0,4155,50,0,0,0,0,0,0,0,0
333,2017-04-24,09:02:47,500,ag1706,XSGE,4154,4141,4171,265578,16561983090,513680,518440,4383,3966,4175,4161,0,4155,0,0,0,2017-04-24,32567500,4154,162,0,0,0,0,0,0,0,0,4155,50,0,0,0,0,0,0,0,0
334,2017-04-24,09:02:48,0,ag1706,XSGE,4154,4141,4171,265578,16561983090,513680,518440,4383,3966,4175,4161,0,4155,0,0,0,2017-04-24,32568000,4154,162,0,0,0,0,0,0,0,0,4155,50,0,0,0,0,0,0,0,0
335,2017-04-24,09:02:48,500,ag1706,XSGE,4154,4141,4171,265578,16561983090,513680,518440,4383,3966,4175,4161,0,4155,0,0,0,2017-04-24,32568500,4154,162,0,0,0,0,0,0,0,0,4155,50,0,0,0,0,0,0,0,0
336,2017-04-24,09:02:49,0,ag1706,XSGE,4154,4141,4171,265582,16562232330,513680,518440,4383,3966,4175,4161,0,4155,0,0,0,2017-04-24,32569000,4154,160,0,0,0,0,0,0,0,0,4155,50,0,0,0,0,0,0,0,0
337,2017-04-24,09:02:49,500,ag1706,XSGE,4154,4141,4171,265582,16562232330,513680,518440,4383,3966,4175,4161,0,4155,0,0,0,2017-04-24,32569500,4154,166,0,0,0,0,0,0,0,0,4155,51,0,0,0,0,0,0,0,0
338,2017-04-24,09:02:51,0,ag1706,XSGE,4154,4141,4171,265582,16562232330,513680,518440,4383,3966,4175,4161,0,4155,0,0,0,2017-04-24,32571000,4154,169,0,0,0,0,0,0,0,0,4155,51,0,0,0,0,0,0,0,0
339,2017-04-24,09:02:51,500,ag1706,XSGE,4154,4141,4171,265582,16562232330,513680,518440,4383,3966,4175,4161,0,4155,0,0,0,2017-04-24,32571500,4154,171,0,0,0,0,0,0,0,0,4155,51,0,0,0,0,0,0,0,0
340,2017-04-24,09:02:52,0,ag1706,XSGE,4154,4141,4171,265584,16562356950,513682,518440,4383,3966,4175,4161,0,4155,0,0,0,2017-04-24,32572000,4154,170,0,0,0,0,0,0,0,0,4155,51,0,0,0,0,0,0,0,0
341,2017-04-24,09:02:52,500,ag1706,XSGE,4154,4141,4171,265610,16563977010,513682,518440,4383,3966,4175,4161,0,4155,0,0,0,2017-04-24,32572500,4154,157,0,0,0,0,0,0,0,0,4155,47,0,0,0,0,0,0,0,0
342,2017-04-24,09:02:53,0,ag1706,XSGE,4154,4141,4171,265610,16563977010,513682,518440,4383,3966,4175,4161,0,4155,0,0,0,2017-04-24,32573000,4154,157,0,0,0,0,0,0,0,0,4155,189,0,0,0,0,0,0,0,0
343,2017-04-24,09:02:53,500,ag1706,XSGE,4154,4141,4171,265610,16563977010,513682,518440,4383,3966,4175,4161,0,4155,0,0,0,2017-04-24,32573500,4154,146,0,0,0,0,0,0,0,0,4155,191,0,0,0,0,0,0,0,0
344,2017-04-24,09:02:54,0,ag1706,XSGE,4154,4141,4171,265650,16566469410,513682,518440,4383,3966,4175,4161,0,4155,0,0,0,2017-04-24,32574000,4154,126,0,0,0,0,0,0,0,0,4155,197,0,0,0,0,0,0,0,0
345,2017-04-24,09:02:54,500,ag1706,XSGE,4154,4141,4171,265690,16568961810,513682,518440,4383,3966,4175,4161,0,4155,0,0,0,2017-04-24,32574500,4154,101,0,0,0,0,0,0,0,0,4155,197,0,0,0,0,0,0,0,0
346,2017-04-24,09:02:55,0,ag1706,XSGE,4154,4141,4171,265704,16569834150,513682,518440,4383,3966,4175,4161,0,4155,0,0,0,2017-04-24,32575000,4154,92,0,0,0,0,0,0,0,0,4155,199,0,0,0,0,0,0,0,0
347,2017-04-24,09:02:56,0,ag1706,XSGE,4154,4141,4171,265726,16571204970,513682,518440,4383,3966,4175,4161,0,4155,0,0,0,2017-04-24,32576000,4154,81,0,0,0,0,0,0,0,0,4155,51,0,0,0,0,0,0,0,0
348,2017-04-24,09:02:56,500,ag1706,XSGE,4154,4141,4171,265750,16572700410,513682,518440,4383,3966,4175,4161,0,4155,0,0,0,2017-04-24,32576500,4154,79,0,0,0,0,0,0,0,0,4155,206,0,0,0,0,0,0,0,0
349,2017-04-24,09:02:57,0,ag1706,XSGE,4154,4141,4171,265754,16572949650,513684,518440,4383,3966,4175,4161,0,4155,0,0,0,2017-04-24,32577000,4154,80,0,0,0,0,0,0,0,0,4155,207,0,0,0,0,0,0,0,0
350,2017-04-24,09:02:57,500,ag1706,XSGE,4154,4141,4171,265754,16572949650,513684,518440,4383,3966,4175,4161,0,4155,0,0,0,2017-04-24,32577500,4154,80,0,0,0,0,0,0,0,0,4155,208,0,0,0,0,0,0,0,0
351,2017-04-24,09:02:58,0,ag1706,XSGE,4154,4141,4171,265760,16573323510,513688,518440,4383,3966,4175,4161,0,4155,0,0,0,2017-04-24,32578000,4154,77,0,0,0,0,0,0,0,0,4155,209,0,0,0,0,0,0,0,0
352,2017-04-24,09:02:58,500,ag1706,XSGE,4154,4141,4171,265762,16573448130,513688,518440,4383,3966,4175,4161,0,4155,0,0,0,2017-04-24,32578500,4154,76,0,0,0,0,0,0,0,0,4155,209,0,0,0,0,0,0,0,0
353,2017-04-24,09:02:59,0,ag1706,XSGE,4154,4141,4171,265764,16573572750,513688,518440,4383,3966,4175,4161,0,4155,0,0,0,2017-04-24,32579000,4154,75,0,0,0,0,0,0,0,0,4155,209,0,0,0,0,0,0,0,0
354,2017-04-24,09:03:00,0,ag1706,XSGE,4154,4141,4171,265766,16573697370,513688,518440,4383,3966,4175,4161,0,4155,0,0,0,2017-04-24,32580000,4154,74,0,0,0,0,0,0,0,0,4155,209,0,0,0,0,0,0,0,0
355,2017-04-24,09:03:00,500,ag1706,XSGE,4154,4141,4171,265772,16574071230,513692,518440,4383,3966,4175,4161,0,4155,0,0,0,2017-04-24,32580500,4154,70,0,0,0,0,0,0,0,0,4155,209,0,0,0,0,0,0,0,0
356,2017-04-24,09:03:01,0,ag1706,XSGE,4154,4141,4171,265772,16574071230,513692,518440,4383,3966,4175,4161,0,4155,0,0,0,2017-04-24,32581000,4154,70,0,0,0,0,0,0,0,0,4155,207,0,0,0,0,0,0,0,0
357,2017-04-24,09:03:01,500,ag1706,XSGE,4154,4141,4171,265792,16575317430,513692,518440,4383,3966,4175,4161,0,4155,0,0,0,2017-04-24,32581500,4154,60,0,0,0,0,0,0,0,0,4155,208,0,0,0,0,0,0,0,0
358,2017-04-24,09:03:02,0,ag1706,XSGE,4154,4141,4171,265806,16576189890,513684,518440,4383,3966,4175,4161,0,4155,0,0,0,2017-04-24,32582000,4154,58,0,0,0,0,0,0,0,0,4155,210,0,0,0,0,0,0,0,0
359,2017-04-24,09:03:02,500,ag1706,XSGE,4154,4141,4171,265840,16578308490,513660,518440,4383,3966,4175,4161,0,4155,0,0,0,2017-04-24,32582500,4154,42,0,0,0,0,0,0,0,0,4155,209,0,0,0,0,0,0,0,0
360,2017-04-24,09:03:03,0,ag1706,XSGE,4155,4141,4171,265848,16578807060,513654,518440,4383,3966,4175,4161,0,4155,0,0,0,2017-04-24,32583000,4154,41,0,0,0,0,0,0,0,0,4155,204,0,0,0,0,0,0,0,0
361,2017-04-24,09:03:03,500,ag1706,XSGE,4155,4141,4171,265848,16578807060,513654,518440,4383,3966,4175,4161,0,4155,0,0,0,2017-04-24,32583500,4154,41,0,0,0,0,0,0,0,0,4155,205,0,0,0,0,0,0,0,0
362,2017-04-24,09:03:04,0,ag1706,XSGE,4154,4141,4171,265850,16578931680,513652,518440,4383,3966,4175,4161,0,4155,0,0,0,2017-04-24,32584000,4154,40,0,0,0,0,0,0,0,0,4155,205,0,0,0,0,0,0,0,0
363,2017-04-24,09:03:04,500,ag1706,XSGE,4154,4141,4171,265850,16578931680,513652,518440,4383,3966,4175,4161,0,4155,0,0,0,2017-04-24,32584500,4154,37,0,0,0,0,0,0,0,0,4155,206,0,0,0,0,0,0,0,0
364,2017-04-24,09:03:05,0,ag1706,XSGE,4154,4141,4171,265850,16578931680,513652,518440,4383,3966,4175,4161,0,4155,0,0,0,2017-04-24,32585000,4154,37,0,0,0,0,0,0,0,0,4155,206,0,0,0,0,0,0,0,0
365,2017-04-24,09:03:05,500,ag1706,XSGE,4154,4141,4171,265850,16578931680,513652,518440,4383,3966,4175,4161,0,4155,0,0,0,2017-04-24,32585500,4154,37,0,0,0,0,0,0,0,0,4155,206,0,0,0,0,0,0,0,0
366,2017-04-24,09:03:06,0,ag1706,XSGE,4154,4141,4171,265850,16578931680,513652,518440,4383,3966,4175,4161,0,4155,0,0,0,2017-04-24,32586000,4154,38,0,0,0,0,0,0,0,0,4155,206,0,0,0,0,0,0,0,0
367,2017-04-24,09:03:06,500,ag1706,XSGE,4154,4141,4171,265850,16578931680,513652,518440,4383,3966,4175,4161,0,4155,0,0,0,2017-04-24,32586500,4154,38,0,0,0,0,0,0,0,0,4155,206,0,0,0,0,0,0,0,0
368,2017-04-24,09:03:07,0,ag1706,XSGE,4154,4141,4171,265854,16579180950,513648,518440,4383,3966,4175,4161,0,4155,0,0,0,2017-04-24,32587000,4154,37,0,0,0,0,0,0,0,0,4155,205,0,0,0,0,0,0,0,0
369,2017-04-24,09:03:07,500,ag1706,XSGE,4155,4141,4171,265856,16579305600,513646,518440,4383,3966,4175,4161,0,4155,0,0,0,2017-04-24,32587500,4154,38,0,0,0,0,0,0,0,0,4155,204,0,0,0,0,0,0,0,0
370,2017-04-24,09:03:08,0,ag1706,XSGE,4154,4141,4171,265864,16579804080,513640,518440,4383,3966,4175,4161,0,4155,0,0,0,2017-04-24,32588000,4154,34,0,0,0,0,0,0,0,0,4155,204,0,0,0,0,0,0,0,0
371,2017-04-24,09:03:08,500,ag1706,XSGE,4154,4141,4171,265904,16582296480,513650,518440,4383,3966,4175,4161,0,4155,0,0,0,2017-04-24,32588500,4154,14,0,0,0,0,0,0,0,0,4155,204,0,0,0,0,0,0,0,0
372,2017-04-24,09:03:09,0,ag1706,XSGE,4154,4141,4171,265904,16582296480,513650,518440,4383,3966,4175,4161,0,4155,0,0,0,2017-04-24,32589000,4154,28,0,0,0,0,0,0,0,0,4155,204,0,0,0,0,0,0,0,0
373,2017-04-24,09:03:09,500,ag1706,XSGE,4154,4141,4171,265906,16582421100,513650,518440,4383,3966,4175,4161,0,4155,0,0,0,2017-04-24,32589500,4154,41,0,0,0,0,0,0,0,0,4155,204,0,0,0,0,0,0,0,0
374,2017-04-24,09:03:10,0,ag1706,XSGE,4154,4141,4171,265914,16582919580,513642,518440,4383,3966,4175,4161,0,4155,0,0,0,2017-04-24,32590000,4154,37,0,0,0,0,0,0,0,0,4155,204,0,0,0,0,0,0,0,0
375,2017-04-24,09:03:10,500,ag1706,XSGE,4154,4141,4171,265916,16583044200,513640,518440,4383,3966,4175,4161,0,4155,0,0,0,2017-04-24,32590500,4154,39,0,0,0,0,0,0,0,0,4155,204,0,0,0,0,0,0,0,0
376,2017-04-24,09:03:11,0,ag1706,XSGE,4154,4141,4171,265918,16583168820,513638,518440,4383,3966,4175,4161,0,4155,0,0,0,2017-04-24,32591000,4154,38,0,0,0,0,0,0,0,0,4155,204,0,0,0,0,0,0,0,0
377,2017-04-24,09:03:11,500,ag1706,XSGE,4154,4141,4171,265918,16583168820,513638,518440,4383,3966,4175,4161,0,4155,0,0,0,2017-04-24,32591500,4154,51,0,0,0,0,0,0,0,0,4155,49,0,0,0,0,0,0,0,0
378,2017-04-24,09:03:12,0,ag1706,XSGE,4155,4141,4171,265928,16583792070,513630,518440,4383,3966,4175,4161,0,4155,0,0,0,2017-04-24,32592000,4154,75,0,0,0,0,0,0,0,0,4155,135,0,0,0,0,0,0,0,0
379,2017-04-24,09:03:12,500,ag1706,XSGE,4155,4141,4171,265928,16583792070,513630,518440,4383,3966,4175,4161,0,4155,0,0,0,2017-04-24,32592500,4154,108,0,0,0,0,0,0,0,0,4155,135,0,0,0,0,0,0,0,0
380,2017-04-24,09:03:13,0,ag1706,XSGE,4155,4141,4171,265930,16583916720,513630,518440,4383,3966,4175,4161,0,4155,0,0,0,2017-04-24,32593000,4154,138,0,0,0,0,0,0,0,0,4155,134,0,0,0,0,0,0,0,0
381,2017-04-24,09:03:13,500,ag1706,XSGE,4155,4141,4171,265930,16583916720,513630,518440,4383,3966,4175,4161,0,4155,0,0,0,2017-04-24,32593500,4154,140,0,0,0,0,0,0,0,0,4155,134,0,0,0,0,0,0,0,0
382,2017-04-24,09:03:14,0,ag1706,XSGE,4155,4141,4171,265956,16585537080,513632,518440,4383,3966,4175,4161,0,4155,0,0,0,2017-04-24,32594000,4154,147,0,0,0,0,0,0,0,0,4155,124,0,0,0,0,0,0,0,0
383,2017-04-24,09:03:15,0,ag1706,XSGE,4154,4141,4171,265960,16585786320,513636,518440,4383,3966,4175,4161,0,4155,0,0,0,2017-04-24,32595000,4154,145,0,0,0,0,0,0,0,0,4155,124,0,0,0,0,0,0,0,0
384,2017-04-24,09:03:15,500,ag1706,XSGE,4154,4141,4171,265960,16585786320,513636,518440,4383,3966,4175,4161,0,4155,0,0,0,2017-04-24,32595500,4154,151,0,0,0,0,0,0,0,0,4155,124,0,0,0,0,0,0,0,0
385,2017-04-24,09:03:16,0,ag1706,XSGE,4155,4141,4171,266164,16598500560,513470,518440,4383,3966,4175,4161,0,4155,0,0,0,2017-04-24,32596000,4154,158,0,0,0,0,0,0,0,0,4155,24,0,0,0,0,0,0,0,0
386,2017-04-24,09:03:16,500,ag1706,XSGE,4155,4141,4171,266342,16609594410,513398,518440,4383,3966,4175,4161,0,4155,0,0,0,2017-04-24,32596500,4154,159,0,0,0,0,0,0,0,0,4155,25,0,0,0,0,0,0,0,0
387,2017-04-24,09:03:17,0,ag1706,XSGE,4155,4141,4171,266402,16613333910,513358,518440,4383,3966,4175,4161,0,4155,0,0,0,2017-04-24,32597000,4155,10,0,0,0,0,0,0,0,0,4156,92,0,0,0,0,0,0,0,0
388,2017-04-24,09:03:17,500,ag1706,XSGE,4155,4141,4171,266408,16613707860,513352,518440,4383,3966,4175,4161,0,4155,0,0,0,2017-04-24,32597500,4155,25,0,0,0,0,0,0,0,0,4156,127,0,0,0,0,0,0,0,0
389,2017-04-24,09:03:18,0,ag1706,XSGE,4155,4141,4171,266408,16613707860,513352,518440,4383,3966,4175,4161,0,4155,0,0,0,2017-04-24,32598000,4155,25,0,0,0,0,0,0,0,0,4156,128,0,0,0,0,0,0,0,0
390,2017-04-24,09:03:18,500,ag1706,XSGE,4155,4141,4171,266412,16613957160,513352,518440,4383,3966,4175,4161,0,4155,0,0,0,2017-04-24,32598500,4155,23,0,0,0,0,0,0,0,0,4156,128,0,0,0,0,0,0,0,0
391,2017-04-24,09:03:19,0,ag1706,XSGE,4155,4141,4171,266412,16613957160,513352,518440,4383,3966,4175,4161,0,4155,0,0,0,2017-04-24,32599000,4155,23,0,0,0,0,0,0,0,0,4156,128,0,0,0,0,0,0,0,0
392,2017-04-24,09:03:19,500,ag1706,XSGE,4155,4141,4171,266412,16613957160,513352,518440,4383,3966,4175,4161,0,4155,0,0,0,2017-04-24,32599500,4155,35,0,0,0,0,0,0,0,0,4156,128,0,0,0,0,0,0,0,0
393,2017-04-24,09:03:20,0,ag1706,XSGE,4155,4141,4171,266416,16614206460,513352,518440,4383,3966,4175,4161,0,4155,0,0,0,2017-04-24,32600000,4155,33,0,0,0,0,0,0,0,0,4156,128,0,0,0,0,0,0,0,0
394,2017-04-24,09:03:20,500,ag1706,XSGE,4155,4141,4171,266416,16614206460,513352,518440,4383,3966,4175,4161,0,4155,0,0,0,2017-04-24,32600500,4155,34,0,0,0,0,0,0,0,0,4156,128,0,0,0,0,0,0,0,0
395,2017-04-24,09:03:21,0,ag1706,XSGE,4155,4141,4171,266416,16614206460,513352,518440,4383,3966,4175,4161,0,4155,0,0,0,2017-04-24,32601000,4155,34,0,0,0,0,0,0,0,0,4156,123,0,0,0,0,0,0,0,0
396,2017-04-24,09:03:21,500,ag1706,XSGE,4156,4141,4171,266418,16614331140,513350,518440,4383,3966,4175,4161,0,4155,0,0,0,2017-04-24,32601500,4155,35,0,0,0,0,0,0,0,0,4156,122,0,0,0,0,0,0,0,0
397,2017-04-24,09:03:22,0,ag1706,XSGE,4156,4141,4171,266418,16614331140,513350,518440,4383,3966,4175,4161,0,4155,0,0,0,2017-04-24,32602000,4155,42,0,0,0,0,0,0,0,0,4156,141,0,0,0,0,0,0,0,0
398,2017-04-24,09:03:22,500,ag1706,XSGE,4156,4141,4171,266418,16614331140,513350,518440,4383,3966,4175,4161,0,4155,0,0,0,2017-04-24,32602500,4155,43,0,0,0,0,0,0,0,0,4156,141,0,0,0,0,0,0,0,0
399,2017-04-24,09:03:23,0,ag1706,XSGE,4155,4141,4171,266474,16617821340,513344,518440,4383,3966,4175,4161,0,4155,0,0,0,2017-04-24,32603000,4155,20,0,0,0,0,0,0,0,0,4156,141,0,0,0,0,0,0,0,0
400,2017-04-24,09:03:23,500,ag1706,XSGE,4155,4141,4171,266474,16617821340,513344,518440,4383,3966,4175,4161,0,4155,0,0,0,2017-04-24,32603500,4155,25,0,0,0,0,0,0,0,0,4156,141,0,0,0,0,0,0,0,0
401,2017-04-24,09:03:24,0,ag1706,XSGE,4155,4141,4171,266474,16617821340,513344,518440,4383,3966,4175,4161,0,4155,0,0,0,2017-04-24,32604000,4155,25,0,0,0,0,0,0,0,0,4156,141,0,0,0,0,0,0,0,0
402,2017-04-24,09:03:24,500,ag1706,XSGE,4155,4141,4171,266474,16617821340,513344,518440,4383,3966,4175,4161,0,4155,0,0,0,2017-04-24,32604500,4155,25,0,0,0,0,0,0,0,0,4156,141,0,0,0,0,0,0,0,0
403,2017-04-24,09:03:25,0,ag1706,XSGE,4155,4141,4171,266474,16617821340,513344,518440,4383,3966,4175,4161,0,4155,0,0,0,2017-04-24,32605000,4155,25,0,0,0,0,0,0,0,0,4156,141,0,0,0,0,0,0,0,0
404,2017-04-24,09:03:25,500,ag1706,XSGE,4155,4141,4171,266476,16617945990,513346,518440,4383,3966,4175,4161,0,4155,0,0,0,2017-04-24,32605500,4155,24,0,0,0,0,0,0,0,0,4156,141,0,0,0,0,0,0,0,0
405,2017-04-24,09:03:26,0,ag1706,XSGE,4155,4141,4171,266476,16617945990,513346,518440,4383,3966,4175,4161,0,4155,0,0,0,2017-04-24,32606000,4155,26,0,0,0,0,0,0,0,0,4156,141,0,0,0,0,0,0,0,0
406,2017-04-24,09:03:26,500,ag1706,XSGE,4155,4141,4171,266478,16618070640,513348,518440,4383,3966,4175,4161,0,4155,0,0,0,2017-04-24,32606500,4155,25,0,0,0,0,0,0,0,0,4156,141,0,0,0,0,0,0,0,0
407,2017-04-24,09:03:27,0,ag1706,XSGE,4155,4141,4171,266488,16618693890,513358,518440,4383,3966,4175,4161,0,4155,0,0,0,2017-04-24,32607000,4155,20,0,0,0,0,0,0,0,0,4156,141,0,0,0,0,0,0,0,0
408,2017-04-24,09:03:27,500,ag1706,XSGE,4155,4141,4171,266488,16618693890,513358,518440,4383,3966,4175,4161,0,4155,0,0,0,2017-04-24,32607500,4155,20,0,0,0,0,0,0,0,0,4156,141,0,0,0,0,0,0,0,0
409,2017-04-24,09:03:28,500,ag1706,XSGE,4155,4141,4171,266500,16619441790,513348,518440,4383,3966,4175,4161,0,4155,0,0,0,2017-04-24,32608500,4155,14,0,0,0,0,0,0,0,0,4156,141,0,0,0,0,0,0,0,0
410,2017-04-24,09:03:29,0,ag1706,XSGE,4155,4141,4171,266500,16619441790,513348,518440,4383,3966,4175,4161,0,4155,0,0,0,2017-04-24,32609000,4155,14,0,0,0,0,0,0,0,0,4156,141,0,0,0,0,0,0,0,0
411,2017-04-24,09:03:29,500,ag1706,XSGE,4155,4141,4171,266500,16619441790,513348,518440,4383,3966,4175,4161,0,4155,0,0,0,2017-04-24,32609500,4155,25,0,0,0,0,0,0,0,0,4156,141,0,0,0,0,0,0,0,0
412,2017-04-24,09:03:30,0,ag1706,XSGE,4155,4141,4171,266500,16619441790,513348,518440,4383,3966,4175,4161,0,4155,0,0,0,2017-04-24,32610000,4155,25,0,0,0,0,0,0,0,0,4156,141,0,0,0,0,0,0,0,0
413,2017-04-24,09:03:30,500,ag1706,XSGE,4155,4141,4171,266536,16621685490,513380,518440,4383,3966,4175,4161,0,4155,0,0,0,2017-04-24,32610500,4155,7,0,0,0,0,0,0,0,0,4156,141,0,0,0,0,0,0,0,0
414,2017-04-24,09:03:31,0,ag1706,XSGE,4155,4141,4171,266536,16621685490,513380,518440,4383,3966,4175,4161,0,4155,0,0,0,2017-04-24,32611000,4155,28,0,0,0,0,0,0,0,0,4156,143,0,0,0,0,0,0,0,0
415,2017-04-24,09:03:31,500,ag1706,XSGE,4155,4141,4171,266540,16621934790,513380,518440,4383,3966,4175,4161,0,4155,0,0,0,2017-04-24,32611500,4155,31,0,0,0,0,0,0,0,0,4156,144,0,0,0,0,0,0,0,0
416,2017-04-24,09:03:32,0,ag1706,XSGE,4155,4141,4171,266540,16621934790,513380,518440,4383,3966,4175,4161,0,4155,0,0,0,2017-04-24,32612000,4155,31,0,0,0,0,0,0,0,0,4156,147,0,0,0,0,0,0,0,0
417,2017-04-24,09:03:32,500,ag1706,XSGE,4155,4141,4171,266570,16623804540,513380,518440,4383,3966,4175,4161,0,4155,0,0,0,2017-04-24,32612500,4155,16,0,0,0,0,0,0,0,0,4156,147,0,0,0,0,0,0,0,0
418,2017-04-24,09:03:33,0,ag1706,XSGE,4155,4141,4171,266570,16623804540,513380,518440,4383,3966,4175,4161,0,4155,0,0,0,2017-04-24,32613000,4155,19,0,0,0,0,0,0,0,0,4156,147,0,0,0,0,0,0,0,0
419,2017-04-24,09:03:33,500,ag1706,XSGE,4155,4141,4171,266618,16626796230,513350,518440,4383,3966,4175,4161,0,4155,0,0,0,2017-04-24,32613500,4155,3,0,0,0,0,0,0,0,0,4156,150,0,0,0,0,0,0,0,0
420,2017-04-24,09:03:34,0,ag1706,XSGE,4155,4141,4171,266630,16627544130,513350,518440,4383,3966,4175,4161,0,4155,0,0,0,2017-04-24,32614000,4154,223,0,0,0,0,0,0,0,0,4155,26,0,0,0,0,0,0,0,0
421,2017-04-24,09:03:34,500,ag1706,XSGE,4155,4141,4171,266630,16627544130,513350,518440,4383,3966,4175,4161,0,4155,0,0,0,2017-04-24,32614500,4154,223,0,0,0,0,0,0,0,0,4155,74,0,0,0,0,0,0,0,0
422,2017-04-24,09:03:35,0,ag1706,XSGE,4155,4141,4171,266630,16627544130,513350,518440,4383,3966,4175,4161,0,4155,0,0,0,2017-04-24,32615000,4154,223,0,0,0,0,0,0,0,0,4155,75,0,0,0,0,0,0,0,0
423,2017-04-24,09:03:35,500,ag1706,XSGE,4155,4141,4171,266636,16627918080,513350,518440,4383,3966,4175,4161,0,4155,0,0,0,2017-04-24,32615500,4154,221,0,0,0,0,0,0,0,0,4155,75,0,0,0,0,0,0,0,0
424,2017-04-24,09:03:36,500,ag1706,XSGE,4155,4141,4171,266636,16627918080,513350,518440,4383,3966,4175,4161,0,4155,0,0,0,2017-04-24,32616500,4154,221,0,0,0,0,0,0,0,0,4155,81,0,0,0,0,0,0,0,0
425,2017-04-24,09:03:37,0,ag1706,XSGE,4155,4141,4171,266636,16627918080,513350,518440,4383,3966,4175,4161,0,4155,0,0,0,2017-04-24,32617000,4154,212,0,0,0,0,0,0,0,0,4155,88,0,0,0,0,0,0,0,0
426,2017-04-24,09:03:37,500,ag1706,XSGE,4155,4141,4171,266636,16627918080,513350,518440,4383,3966,4175,4161,0,4155,0,0,0,2017-04-24,32617500,4154,214,0,0,0,0,0,0,0,0,4155,95,0,0,0,0,0,0,0,0
427,2017-04-24,09:03:38,0,ag1706,XSGE,4154,4141,4171,266776,16636641480,513224,518440,4383,3966,4175,4161,0,4155,0,0,0,2017-04-24,32618000,4154,132,0,0,0,0,0,0,0,0,4155,96,0,0,0,0,0,0,0,0
428,2017-04-24,09:03:38,500,ag1706,XSGE,4155,4141,4171,266780,16636890780,513222,518440,4383,3966,4175,4161,0,4155,0,0,0,2017-04-24,32618500,4154,127,0,0,0,0,0,0,0,0,4155,94,0,0,0,0,0,0,0,0
429,2017-04-24,09:03:39,0,ag1706,XSGE,4154,4141,4171,266832,16640130900,513186,518440,4383,3966,4175,4161,0,4155,0,0,0,2017-04-24,32619000,4154,121,0,0,0,0,0,0,0,0,4155,81,0,0,0,0,0,0,0,0
430,2017-04-24,09:03:39,500,ag1706,XSGE,4154,4141,4171,266832,16640130900,513186,518440,4383,3966,4175,4161,0,4155,0,0,0,2017-04-24,32619500,4154,130,0,0,0,0,0,0,0,0,4155,81,0,0,0,0,0,0,0,0
431,2017-04-24,09:03:40,0,ag1706,XSGE,4155,4141,4171,266838,16640504820,513188,518440,4383,3966,4175,4161,0,4155,0,0,0,2017-04-24,32620000,4154,129,0,0,0,0,0,0,0,0,4155,79,0,0,0,0,0,0,0,0
432,2017-04-24,09:03:41,0,ag1706,XSGE,4155,4141,4171,266840,16640629470,513190,518440,4383,3966,4175,4161,0,4155,0,0,0,2017-04-24,32621000,4154,129,0,0,0,0,0,0,0,0,4155,78,0,0,0,0,0,0,0,0
433,2017-04-24,09:03:41,500,ag1706,XSGE,4155,4141,4171,266840,16640629470,513190,518440,4383,3966,4175,4161,0,4155,0,0,0,2017-04-24,32621500,4154,123,0,0,0,0,0,0,0,0,4155,148,0,0,0,0,0,0,0,0
434,2017-04-24,09:03:42,0,ag1706,XSGE,4155,4141,4171,266840,16640629470,513190,518440,4383,3966,4175,4161,0,4155,0,0,0,2017-04-24,32622000,4154,143,0,0,0,0,0,0,0,0,4155,148,0,0,0,0,0,0,0,0
435,2017-04-24,09:03:42,500,ag1706,XSGE,4155,4141,4171,266840,16640629470,513190,518440,4383,3966,4175,4161,0,4155,0,0,0,2017-04-24,32622500,4154,143,0,0,0,0,0,0,0,0,4155,148,0,0,0,0,0,0,0,0
436,2017-04-24,09:03:43,0,ag1706,XSGE,4154,4141,4171,266844,16640878710,513186,518440,4383,3966,4175,4161,0,4155,0,0,0,2017-04-24,32623000,4154,141,0,0,0,0,0,0,0,0,4155,148,0,0,0,0,0,0,0,0
437,2017-04-24,09:03:43,500,ag1706,XSGE,4154,4141,4171,266844,16640878710,513186,518440,4383,3966,4175,4161,0,4155,0,0,0,2017-04-24,32623500,4154,141,0,0,0,0,0,0,0,0,4155,148,0,0,0,0,0,0,0,0
438,2017-04-24,09:03:44,0,ag1706,XSGE,4154,4141,4171,266844,16640878710,513186,518440,4383,3966,4175,4161,0,4155,0,0,0,2017-04-24,32624000,4154,142,0,0,0,0,0,0,0,0,4155,150,0,0,0,0,0,0,0,0
439,2017-04-24,09:03:44,500,ag1706,XSGE,4154,4141,4171,266848,16641127950,513182,518440,4383,3966,4175,4161,0,4155,0,0,0,2017-04-24,32624500,4154,141,0,0,0,0,0,0,0,0,4155,150,0,0,0,0,0,0,0,0
440,2017-04-24,09:03:45,0,ag1706,XSGE,4154,4141,4171,266848,16641127950,513182,518440,4383,3966,4175,4161,0,4155,0,0,0,2017-04-24,32625000,4154,141,0,0,0,0,0,0,0,0,4155,150,0,0,0,0,0,0,0,0
441,2017-04-24,09:03:45,500,ag1706,XSGE,4154,4141,4171,266848,16641127950,513182,518440,4383,3966,4175,4161,0,4155,0,0,0,2017-04-24,32625500,4154,142,0,0,0,0,0,0,0,0,4155,150,0,0,0,0,0,0,0,0
442,2017-04-24,09:03:46,0,ag1706,XSGE,4154,4141,4171,266878,16642997400,513176,518440,4383,3966,4175,4161,0,4155,0,0,0,2017-04-24,32626000,4154,132,0,0,0,0,0,0,0,0,4155,145,0,0,0,0,0,0,0,0
443,2017-04-24,09:03:47,0,ag1706,XSGE,4154,4141,4171,266878,16642997400,513176,518440,4383,3966,4175,4161,0,4155,0,0,0,2017-04-24,32627000,4154,132,0,0,0,0,0,0,0,0,4155,145,0,0,0,0,0,0,0,0
444,2017-04-24,09:03:47,500,ag1706,XSGE,4154,4141,4171,266878,16642997400,513176,518440,4383,3966,4175,4161,0,4155,0,0,0,2017-04-24,32627500,4154,133,0,0,0,0,0,0,0,0,4155,145,0,0,0,0,0,0,0,0
445,2017-04-24,09:03:48,0,ag1706,XSGE,4154,4141,4171,266878,16642997400,513176,518440,4383,3966,4175,4161,0,4155,0,0,0,2017-04-24,32628000,4154,133,0,0,0,0,0,0,0,0,4155,153,0,0,0,0,0,0,0,0
446,2017-04-24,09:03:48,500,ag1706,XSGE,4154,4141,4171,266900,16644368220,513154,518440,4383,3966,4175,4161,0,4155,0,0,0,2017-04-24,32628500,4154,122,0,0,0,0,0,0,0,0,4155,154,0,0,0,0,0,0,0,0
447,2017-04-24,09:03:49,0,ag1706,XSGE,4154,4141,4171,266928,16646112900,513148,518440,4383,3966,4175,4161,0,4155,0,0,0,2017-04-24,32629000,4154,110,0,0,0,0,0,0,0,0,4155,154,0,0,0,0,0,0,0,0
448,2017-04-24,09:03:49,500,ag1706,XSGE,4154,4141,4171,266962,16648231440,513136,518440,4383,3966,4175,4161,0,4155,0,0,0,2017-04-24,32629500,4154,93,0,0,0,0,0,0,0,0,4155,154,0,0,0,0,0,0,0,0
449,2017-04-24,09:03:50,0,ag1706,XSGE,4154,4141,4171,267014,16651471560,513110,518440,4383,3966,4175,4161,0,4155,0,0,0,2017-04-24,32630000,4154,67,0,0,0,0,0,0,0,0,4155,154,0,0,0,0,0,0,0,0
450,2017-04-24,09:03:50,500,ag1706,XSGE,4154,4141,4171,267020,16651845420,513108,518440,4383,3966,4175,4161,0,4155,0,0,0,2017-04-24,32630500,4154,64,0,0,0,0,0,0,0,0,4155,152,0,0,0,0,0,0,0,0
451,2017-04-24,09:03:51,0,ag1706,XSGE,4154,4141,4171,267128,16658574900,513082,518440,4383,3966,4175,4161,0,4155,0,0,0,2017-04-24,32631000,4154,13,0,0,0,0,0,0,0,0,4155,161,0,0,0,0,0,0,0,0
452,2017-04-24,09:03:51,500,ag1706,XSGE,4154,4141,4171,267172,16661316480,513070,518440,4383,3966,4175,4161,0,4155,0,0,0,2017-04-24,32631500,4153,249,0,0,0,0,0,0,0,0,4154,39,0,0,0,0,0,0,0,0
453,2017-04-24,09:03:52,0,ag1706,XSGE,4153,4141,4171,267214,16663932870,513032,518440,4383,3966,4175,4161,0,4155,0,0,0,2017-04-24,32632000,4153,224,0,0,0,0,0,0,0,0,4154,67,0,0,0,0,0,0,0,0
454,2017-04-24,09:03:52,500,ag1706,XSGE,4153,4141,4171,267238,16665427950,513032,518440,4383,3966,4175,4161,0,4155,0,0,0,2017-04-24,32632500,4153,212,0,0,0,0,0,0,0,0,4154,59,0,0,0,0,0,0,0,0
455,2017-04-24,09:03:53,0,ag1706,XSGE,4153,4141,4171,267238,16665427950,513032,518440,4383,3966,4175,4161,0,4155,0,0,0,2017-04-24,32633000,4153,212,0,0,0,0,0,0,0,0,4154,62,0,0,0,0,0,0,0,0
456,2017-04-24,09:03:53,500,ag1706,XSGE,4153,4141,4171,267238,16665427950,513032,518440,4383,3966,4175,4161,0,4155,0,0,0,2017-04-24,32633500,4153,212,0,0,0,0,0,0,0,0,4154,87,0,0,0,0,0,0,0,0
457,2017-04-24,09:03:54,0,ag1706,XSGE,4153,4141,4171,267448,16678510050,512908,518440,4383,3966,4175,4161,0,4155,0,0,0,2017-04-24,32634000,4153,106,0,0,0,0,0,0,0,0,4154,96,0,0,0,0,0,0,0,0
458,2017-04-24,09:03:54,500,ag1706,XSGE,4153,4141,4171,267466,16679631360,512926,518440,4383,3966,4175,4161,0,4155,0,0,0,2017-04-24,32634500,4153,102,0,0,0,0,0,0,0,0,4154,132,0,0,0,0,0,0,0,0
459,2017-04-24,09:03:55,0,ag1706,XSGE,4154,4141,4171,267470,16679880570,512928,518440,4383,3966,4175,4161,0,4155,0,0,0,2017-04-24,32635000,4153,101,0,0,0,0,0,0,0,0,4154,131,0,0,0,0,0,0,0,0
460,2017-04-24,09:03:55,500,ag1706,XSGE,4153,4141,4171,267478,16680378960,512928,518440,4383,3966,4175,4161,0,4155,0,0,0,2017-04-24,32635500,4153,98,0,0,0,0,0,0,0,0,4154,130,0,0,0,0,0,0,0,0
461,2017-04-24,09:03:56,0,ag1706,XSGE,4153,4141,4171,267500,16681749450,512926,518440,4383,3966,4175,4161,0,4155,0,0,0,2017-04-24,32636000,4153,87,0,0,0,0,0,0,0,0,4154,132,0,0,0,0,0,0,0,0
462,2017-04-24,09:03:56,500,ag1706,XSGE,4153,4141,4171,267500,16681749450,512926,518440,4383,3966,4175,4161,0,4155,0,0,0,2017-04-24,32636500,4153,87,0,0,0,0,0,0,0,0,4154,150,0,0,0,0,0,0,0,0
463,2017-04-24,09:03:57,0,ag1706,XSGE,4153,4141,4171,267570,16686110100,512896,518440,4383,3966,4175,4161,0,4155,0,0,0,2017-04-24,32637000,4153,52,0,0,0,0,0,0,0,0,4154,150,0,0,0,0,0,0,0,0
464,2017-04-24,09:03:57,500,ag1706,XSGE,4153,4141,4171,267626,16689598620,512870,518440,4383,3966,4175,4161,0,4155,0,0,0,2017-04-24,32637500,4153,25,0,0,0,0,0,0,0,0,4154,155,0,0,0,0,0,0,0,0
465,2017-04-24,09:03:58,0,ag1706,XSGE,4152,4141,4171,267704,16694457300,512890,518440,4383,3966,4175,4161,0,4155,0,0,0,2017-04-24,32638000,4152,470,0,0,0,0,0,0,0,0,4153,91,0,0,0,0,0,0,0,0
466,2017-04-24,09:03:58,500,ag1706,XSGE,4153,4141,4171,267716,16695204690,512890,518440,4383,3966,4175,4161,0,4155,0,0,0,2017-04-24,32638500,4152,456,0,0,0,0,0,0,0,0,4153,110,0,0,0,0,0,0,0,0
467,2017-04-24,09:03:59,0,ag1706,XSGE,4153,4141,4171,267716,16695204690,512890,518440,4383,3966,4175,4161,0,4155,0,0,0,2017-04-24,32639000,4152,456,0,0,0,0,0,0,0,0,4153,118,0,0,0,0,0,0,0,0
468,2017-04-24,09:03:59,500,ag1706,XSGE,4153,4141,4171,267716,16695204690,512890,518440,4383,3966,4175,4161,0,4155,0,0,0,2017-04-24,32639500,4152,454,0,0,0,0,0,0,0,0,4153,121,0,0,0,0,0,0,0,0
469,2017-04-24,09:04:00,0,ag1706,XSGE,4153,4141,4171,267716,16695204690,512890,518440,4383,3966,4175,4161,0,4155,0,0,0,2017-04-24,32640000,4152,454,0,0,0,0,0,0,0,0,4153,111,0,0,0,0,0,0,0,0
470,2017-04-24,09:04:00,500,ag1706,XSGE,4153,4141,4171,267726,16695827640,512900,518440,4383,3966,4175,4161,0,4155,0,0,0,2017-04-24,32640500,4152,460,0,0,0,0,0,0,0,0,4153,106,0,0,0,0,0,0,0,0
471,2017-04-24,09:04:01,0,ag1706,XSGE,4152,4141,4171,267728,16695952200,512900,518440,4383,3966,4175,4161,0,4155,0,0,0,2017-04-24,32641000,4152,459,0,0,0,0,0,0,0,0,4153,112,0,0,0,0,0,0,0,0
472,2017-04-24,09:04:01,500,ag1706,XSGE,4152,4141,4171,267730,16696076760,512902,518440,4383,3966,4175,4161,0,4155,0,0,0,2017-04-24,32641500,4152,459,0,0,0,0,0,0,0,0,4153,117,0,0,0,0,0,0,0,0
473,2017-04-24,09:04:02,500,ag1706,XSGE,4153,4141,4171,267754,16697571780,512884,518440,4383,3966,4175,4161,0,4155,0,0,0,2017-04-24,32642500,4152,463,0,0,0,0,0,0,0,0,4153,109,0,0,0,0,0,0,0,0
474,2017-04-24,09:04:03,0,ag1706,XSGE,4152,4141,4171,267812,16701184020,512886,518440,4383,3966,4175,4161,0,4155,0,0,0,2017-04-24,32643000,4152,434,0,0,0,0,0,0,0,0,4153,109,0,0,0,0,0,0,0,0
475,2017-04-24,09:04:03,500,ag1706,XSGE,4152,4141,4171,267816,16701433140,512886,518440,4383,3966,4175,4161,0,4155,0,0,0,2017-04-24,32643500,4152,419,0,0,0,0,0,0,0,0,4153,111,0,0,0,0,0,0,0,0
476,2017-04-24,09:04:04,0,ag1706,XSGE,4152,4141,4171,267818,16701557700,512888,518440,4383,3966,4175,4161,0,4155,0,0,0,2017-04-24,32644000,4152,418,0,0,0,0,0,0,0,0,4153,111,0,0,0,0,0,0,0,0
477,2017-04-24,09:04:04,500,ag1706,XSGE,4152,4141,4171,267844,16703176980,512888,518440,4383,3966,4175,4161,0,4155,0,0,0,2017-04-24,32644500,4152,410,0,0,0,0,0,0,0,0,4153,111,0,0,0,0,0,0,0,0
478,2017-04-24,09:04:05,0,ag1706,XSGE,4152,4141,4171,267846,16703301540,512888,518440,4383,3966,4175,4161,0,4155,0,0,0,2017-04-24,32645000,4152,409,0,0,0,0,0,0,0,0,4153,111,0,0,0,0,0,0,0,0
479,2017-04-24,09:04:05,500,ag1706,XSGE,4153,4141,4171,267848,16703426130,512886,518440,4383,3966,4175,4161,0,4155,0,0,0,2017-04-24,32645500,4152,409,0,0,0,0,0,0,0,0,4153,110,0,0,0,0,0,0,0,0
480,2017-04-24,09:04:06,0,ag1706,XSGE,4152,4141,4171,267850,16703550690,512888,518440,4383,3966,4175,4161,0,4155,0,0,0,2017-04-24,32646000,4152,408,0,0,0,0,0,0,0,0,4153,109,0,0,0,0,0,0,0,0
481,2017-04-24,09:04:06,500,ag1706,XSGE,4152,4141,4171,267850,16703550690,512888,518440,4383,3966,4175,4161,0,4155,0,0,0,2017-04-24,32646500,4152,408,0,0,0,0,0,0,0,0,4153,137,0,0,0,0,0,0,0,0
482,2017-04-24,09:04:07,0,ag1706,XSGE,4152,4141,4171,267850,16703550690,512888,518440,4383,3966,4175,4161,0,4155,0,0,0,2017-04-24,32647000,4152,408,0,0,0,0,0,0,0,0,4153,137,0,0,0,0,0,0,0,0
483,2017-04-24,09:04:07,500,ag1706,XSGE,4152,4141,4171,267854,16703799810,512890,518440,4383,3966,4175,4161,0,4155,0,0,0,2017-04-24,32647500,4152,407,0,0,0,0,0,0,0,0,4153,137,0,0,0,0,0,0,0,0
484,2017-04-24,09:04:08,0,ag1706,XSGE,4153,4141,4171,267858,16704048990,512888,518440,4383,3966,4175,4161,0,4155,0,0,0,2017-04-24,32648000,4152,407,0,0,0,0,0,0,0,0,4153,135,0,0,0,0,0,0,0,0
485,2017-04-24,09:04:08,500,ag1706,XSGE,4153,4141,4171,267858,16704048990,512888,518440,4383,3966,4175,4161,0,4155,0,0,0,2017-04-24,32648500,4152,427,0,0,0,0,0,0,0,0,4153,136,0,0,0,0,0,0,0,0
486,2017-04-24,09:04:09,0,ag1706,XSGE,4152,4141,4171,267970,16711025970,512876,518440,4383,3966,4175,4161,0,4155,0,0,0,2017-04-24,32649000,4152,437,0,0,0,0,0,0,0,0,4153,82,0,0,0,0,0,0,0,0
487,2017-04-24,09:04:09,500,ag1706,XSGE,4152,4141,4171,267970,16711025970,512876,518440,4383,3966,4175,4161,0,4155,0,0,0,2017-04-24,32649500,4152,437,0,0,0,0,0,0,0,0,4153,91,0,0,0,0,0,0,0,0
488,2017-04-24,09:04:10,0,ag1706,XSGE,4153,4141,4171,267972,16711150560,512876,518440,4383,3966,4175,4161,0,4155,0,0,0,2017-04-24,32650000,4152,437,0,0,0,0,0,0,0,0,4153,88,0,0,0,0,0,0,0,0
489,2017-04-24,09:04:10,500,ag1706,XSGE,4153,4141,4171,268010,16713517260,512878,518440,4383,3966,4175,4161,0,4155,0,0,0,2017-04-24,32650500,4152,421,0,0,0,0,0,0,0,0,4153,90,0,0,0,0,0,0,0,0
490,2017-04-24,09:04:11,0,ag1706,XSGE,4152,4141,4171,268018,16714015500,512878,518440,4383,3966,4175,4161,0,4155,0,0,0,2017-04-24,32651000,4152,416,0,0,0,0,0,0,0,0,4153,90,0,0,0,0,0,0,0,0
491,2017-04-24,09:04:11,500,ag1706,XSGE,4153,4141,4171,268054,16716257610,512900,518440,4383,3966,4175,4161,0,4155,0,0,0,2017-04-24,32651500,4152,399,0,0,0,0,0,0,0,0,4153,93,0,0,0,0,0,0,0,0
492,2017-04-24,09:04:12,0,ag1706,XSGE,4152,4141,4171,268072,16717378830,512904,518440,4383,3966,4175,4161,0,4155,0,0,0,2017-04-24,32652000,4152,400,0,0,0,0,0,0,0,0,4153,93,0,0,0,0,0,0,0,0
493,2017-04-24,09:04:12,500,ag1706,XSGE,4152,4141,4171,268072,16717378830,512904,518440,4383,3966,4175,4161,0,4155,0,0,0,2017-04-24,32652500,4152,400,0,0,0,0,0,0,0,0,4153,105,0,0,0,0,0,0,0,0
494,2017-04-24,09:04:13,0,ag1706,XSGE,4152,4141,4171,268074,16717503390,512904,518440,4383,3966,4175,4161,0,4155,0,0,0,2017-04-24,32653000,4152,399,0,0,0,0,0,0,0,0,4153,117,0,0,0,0,0,0,0,0
495,2017-04-24,09:04:13,500,ag1706,XSGE,4152,4141,4171,268074,16717503390,512904,518440,4383,3966,4175,4161,0,4155,0,0,0,2017-04-24,32653500,4152,399,0,0,0,0,0,0,0,0,4153,118,0,0,0,0,0,0,0,0
496,2017-04-24,09:04:14,0,ag1706,XSGE,4152,4141,4171,268074,16717503390,512904,518440,4383,3966,4175,4161,0,4155,0,0,0,2017-04-24,32654000,4152,399,0,0,0,0,0,0,0,0,4153,118,0,0,0,0,0,0,0,0
497,2017-04-24,09:04:14,500,ag1706,XSGE,4152,4141,4171,268074,16717503390,512904,518440,4383,3966,4175,4161,0,4155,0,0,0,2017-04-24,32654500,4152,399,0,0,0,0,0,0,0,0,4153,118,0,0,0,0,0,0,0,0
498,2017-04-24,09:04:15,0,ag1706,XSGE,4152,4141,4171,268118,16720244310,512940,518440,4383,3966,4175,4161,0,4155,0,0,0,2017-04-24,32655000,4152,398,0,0,0,0,0,0,0,0,4153,98,0,0,0,0,0,0,0,0
499,2017-04-24,09:04:15,500,ag1706,XSGE,4152,4141,4171,268118,16720244310,512940,518440,4383,3966,4175,4161,0,4155,0,0,0,2017-04-24,32655500,4152,400,0,0,0,0,0,0,0,0,4153,98,0,0,0,0,0,0,0,0
500,2017-04-24,09:04:16,0,ag1706,XSGE,4153,4141,4171,268220,16726596900,512940,518440,4383,3966,4175,4161,0,4155,0,0,0,2017-04-24,32656000,4152,350,0,0,0,0,0,0,0,0,4153,97,0,0,0,0,0,0,0,0
501,2017-04-24,09:04:16,500,ag1706,XSGE,4153,4141,4171,268276,16730085420,512940,518440,4383,3966,4175,4161,0,4155,0,0,0,2017-04-24,32656500,4152,338,0,0,0,0,0,0,0,0,4153,68,0,0,0,0,0,0,0,0
502,2017-04-24,09:04:17,0,ag1706,XSGE,4153,4141,4171,268276,16730085420,512940,518440,4383,3966,4175,4161,0,4155,0,0,0,2017-04-24,32657000,4152,350,0,0,0,0,0,0,0,0,4153,68,0,0,0,0,0,0,0,0
503,2017-04-24,09:04:17,500,ag1706,XSGE,4153,4141,4171,268294,16731206610,512940,518440,4383,3966,4175,4161,0,4155,0,0,0,2017-04-24,32657500,4152,346,0,0,0,0,0,0,0,0,4153,63,0,0,0,0,0,0,0,0
504,2017-04-24,09:04:18,0,ag1706,XSGE,4153,4141,4171,268296,16731331200,512940,518440,4383,3966,4175,4161,0,4155,0,0,0,2017-04-24,32658000,4152,346,0,0,0,0,0,0,0,0,4153,67,0,0,0,0,0,0,0,0
505,2017-04-24,09:04:18,500,ag1706,XSGE,4153,4141,4171,268296,16731331200,512940,518440,4383,3966,4175,4161,0,4155,0,0,0,2017-04-24,32658500,4152,346,0,0,0,0,0,0,0,0,4153,67,0,0,0,0,0,0,0,0
506,2017-04-24,09:04:19,0,ag1706,XSGE,4152,4141,4171,268298,16731455760,512940,518440,4383,3966,4175,4161,0,4155,0,0,0,2017-04-24,32659000,4152,345,0,0,0,0,0,0,0,0,4153,67,0,0,0,0,0,0,0,0
507,2017-04-24,09:04:19,500,ag1706,XSGE,4152,4141,4171,268300,16731580320,512940,518440,4383,3966,4175,4161,0,4155,0,0,0,2017-04-24,32659500,4152,344,0,0,0,0,0,0,0,0,4153,67,0,0,0,0,0,0,0,0
508,2017-04-24,09:04:20,0,ag1706,XSGE,4152,4141,4171,268304,16731829440,512944,518440,4383,3966,4175,4161,0,4155,0,0,0,2017-04-24,32660000,4152,342,0,0,0,0,0,0,0,0,4153,86,0,0,0,0,0,0,0,0
509,2017-04-24,09:04:21,500,ag1706,XSGE,4152,4141,4171,268304,16731829440,512944,518440,4383,3966,4175,4161,0,4155,0,0,0,2017-04-24,32661500,4152,343,0,0,0,0,0,0,0,0,4153,86,0,0,0,0,0,0,0,0
510,2017-04-24,09:04:22,0,ag1706,XSGE,4152,4141,4171,268310,16732203150,512948,518440,4383,3966,4175,4161,0,4155,0,0,0,2017-04-24,32662000,4152,341,0,0,0,0,0,0,0,0,4153,90,0,0,0,0,0,0,0,0
511,2017-04-24,09:04:22,500,ag1706,XSGE,4152,4141,4171,268414,16738680270,512952,518440,4383,3966,4175,4161,0,4155,0,0,0,2017-04-24,32662500,4152,291,0,0,0,0,0,0,0,0,4153,90,0,0,0,0,0,0,0,0
512,2017-04-24,09:04:23,0,ag1706,XSGE,4152,4141,4171,268414,16738680270,512952,518440,4383,3966,4175,4161,0,4155,0,0,0,2017-04-24,32663000,4152,275,0,0,0,0,0,0,0,0,4153,90,0,0,0,0,0,0,0,0
513,2017-04-24,09:04:23,500,ag1706,XSGE,4152,4141,4171,268414,16738680270,512952,518440,4383,3966,4175,4161,0,4155,0,0,0,2017-04-24,32663500,4152,275,0,0,0,0,0,0,0,0,4153,90,0,0,0,0,0,0,0,0
514,2017-04-24,09:04:24,0,ag1706,XSGE,4152,4141,4171,268494,16743662670,512952,518440,4383,3966,4175,4161,0,4155,0,0,0,2017-04-24,32664000,4152,235,0,0,0,0,0,0,0,0,4153,91,0,0,0,0,0,0,0,0
515,2017-04-24,09:04:24,500,ag1706,XSGE,4152,4141,4171,268894,16768574670,512810,518440,4383,3966,4175,4161,0,4155,0,0,0,2017-04-24,32664500,4152,35,0,0,0,0,0,0,0,0,4153,96,0,0,0,0,0,0,0,0
516,2017-04-24,09:04:25,0,ag1706,XSGE,4151,4141,4171,268988,16774428930,512842,518440,4383,3966,4175,4161,0,4155,0,0,0,2017-04-24,32665000,4151,99,0,0,0,0,0,0,0,0,4152,85,0,0,0,0,0,0,0,0
517,2017-04-24,09:04:25,500,ag1706,XSGE,4152,4141,4171,269162,16785263100,512834,518440,4383,3966,4175,4161,0,4155,0,0,0,2017-04-24,32665500,4151,6,0,0,0,0,0,0,0,0,4152,113,0,0,0,0,0,0,0,0
518,2017-04-24,09:04:26,0,ag1706,XSGE,4151,4141,4171,269168,16785636690,512830,518440,4383,3966,4175,4161,0,4155,0,0,0,2017-04-24,32666000,4150,294,0,0,0,0,0,0,0,0,4151,27,0,0,0,0,0,0,0,0
519,2017-04-24,09:04:26,500,ag1706,XSGE,4151,4141,4171,269226,16789248060,512838,518440,4383,3966,4175,4161,0,4155,0,0,0,2017-04-24,32666500,4150,306,0,0,0,0,0,0,0,0,4151,3,0,0,0,0,0,0,0,0
520,2017-04-24,09:04:27,0,ag1706,XSGE,4152,4141,4171,269240,16790119890,512828,518440,4383,3966,4175,4161,0,4155,0,0,0,2017-04-24,32667000,4151,22,0,0,0,0,0,0,0,0,4152,86,0,0,0,0,0,0,0,0
521,2017-04-24,09:04:27,500,ag1706,XSGE,4152,4141,4171,269240,16790119890,512828,518440,4383,3966,4175,4161,0,4155,0,0,0,2017-04-24,32667500,4151,22,0,0,0,0,0,0,0,0,4152,158,0,0,0,0,0,0,0,0
522,2017-04-24,09:04:28,0,ag1706,XSGE,4152,4141,4171,269240,16790119890,512828,518440,4383,3966,4175,4161,0,4155,0,0,0,2017-04-24,32668000,4151,54,0,0,0,0,0,0,0,0,4152,158,0,0,0,0,0,0,0,0
523,2017-04-24,09:04:28,500,ag1706,XSGE,4151,4141,4171,269250,16790742540,512832,518440,4383,3966,4175,4161,0,4155,0,0,0,2017-04-24,32668500,4151,49,0,0,0,0,0,0,0,0,4152,158,0,0,0,0,0,0,0,0
524,2017-04-24,09:04:29,0,ag1706,XSGE,4151,4141,4171,269250,16790742540,512832,518440,4383,3966,4175,4161,0,4155,0,0,0,2017-04-24,32669000,4151,49,0,0,0,0,0,0,0,0,4152,127,0,0,0,0,0,0,0,0
525,2017-04-24,09:04:29,500,ag1706,XSGE,4151,4141,4171,269252,16790867070,512830,518440,4383,3966,4175,4161,0,4155,0,0,0,2017-04-24,32669500,4151,53,0,0,0,0,0,0,0,0,4152,128,0,0,0,0,0,0,0,0
526,2017-04-24,09:04:30,0,ag1706,XSGE,4151,4141,4171,269252,16790867070,512830,518440,4383,3966,4175,4161,0,4155,0,0,0,2017-04-24,32670000,4151,63,0,0,0,0,0,0,0,0,4152,128,0,0,0,0,0,0,0,0
