,dataDate,dataTime,dataMillisec,instrumentID,exchangeCD,lastPrice,lowPrice,highPrice,volume,value,openInterest,preOpenInterest,upperLimitPrice,lowerLimitPrice,preSettlementPrice,prevClosePrice,settlementPrice,openPrice,closePrice,preDelta,currDelta,clearingDay,milliSecOffset,bidPrice1,bidVolume1,bidPrice2,bidVolume2,bidPrice3,bidVolume3,bidPrice4,bidVolume4,bidPrice5,bidVolume5,askPrice1,askVolume1,askPrice2,askVolume2,askPrice3,askVolume3,askPrice4,askVolume4,askPrice5,askVolume5
0,2017-04-22,02:30:00,500,au1706,XSGE,287.4,285.85,287.95,150734,43257983800,218358,209336,300.05,271.5,285.8,285.9,0.0,286.35,0.0,0,0,2017-04-24,9000500,287.4,2,0,0,0,0,0,0,0,0,287.45,1,0,0,0,0,0,0,0,0
1,2017-04-24,09:00:00,500,au1706,XSGE,285.05,285.05,287.95,153826,44141913200,219094,209336,300.05,271.5,285.8,285.9,0.0,286.35,0.0,0,0,2017-04-24,32400500,285.05,170,0,0,0,0,0,0,0,0,285.2,123,0,0,0,0,0,0,0,0
2,2017-04-24,09:00:01,0,au1706,XSGE,285.15,285.05,287.95,154310,44279896100,219132,209336,300.05,271.5,285.8,285.9,0.0,286.35,0.0,0,0,2017-04-24,32401000,285.05,41,0,0,0,0,0,0,0,0,285.15,5,0,0,0,0,0,0,0,0
3,2017-04-24,09:00:01,500,au1706,XSGE,285.15,285.0,287.95,154734,44400780200,219226,209336,300.05,271.5,285.8,285.9,0.0,286.35,0.0,0,0,2017-04-24,32401500,285.15,5,0,0,0,0,0,0,0,0,285.2,127,0,0,0,0,0,0,0,0
4,2017-04-24,09:00:02,0,au1706,XSGE,285.05,285.0,287.95,155524,44626023900,219026,209336,300.05,271.5,285.8,285.9,0.0,286.35,0.0,0,0,2017-04-24,32402000,285.0,107,0,0,0,0,0,0,0,0,285.05,82,0,0,0,0,0,0,0,0
5,2017-04-24,09:00:02,500,au1706,XSGE,285.05,284.85,287.95,156174,44811267700,218836,209336,300.05,271.5,285.8,285.9,0.0,286.35,0.0,0,0,2017-04-24,32402500,285.05,110,0,0,0,0,0,0,0,0,285.1,13,0,0,0,0,0,0,0,0
6,2017-04-24,09:00:03,0,au1706,XSGE,285.1,284.85,287.95,156598,44932141400,218706,209336,300.05,271.5,285.8,285.9,0.0,286.35,0.0,0,0,2017-04-24,32403000,285.1,11,0,0,0,0,0,0,0,0,285.15,16,0,0,0,0,0,0,0,0
7,2017-04-24,09:00:03,500,au1706,XSGE,285.15,284.85,287.95,156912,45021676900,218710,209336,300.05,271.5,285.8,285.9,0.0,286.35,0.0,0,0,2017-04-24,32403500,285.15,61,0,0,0,0,0,0,0,0,285.25,1,0,0,0,0,0,0,0,0
8,2017-04-24,09:00:04,0,au1706,XSGE,285.25,284.85,287.95,157208,45106103300,218610,209336,300.05,271.5,285.8,285.9,0.0,286.35,0.0,0,0,2017-04-24,32404000,285.25,196,0,0,0,0,0,0,0,0,285.3,99,0,0,0,0,0,0,0,0
9,2017-04-24,09:00:04,500,au1706,XSGE,285.25,284.85,287.95,157396,45159731400,218564,209336,300.05,271.5,285.8,285.9,0.0,286.35,0.0,0,0,2017-04-24,32404500,285.25,125,0,0,0,0,0,0,0,0,285.3,94,0,0,0,0,0,0,0,0
10,2017-04-24,09:00:05,0,au1706,XSGE,285.3,284.85,287.95,157570,45209366300,218488,209336,300.05,271.5,285.8,285.9,0.0,286.35,0.0,0,0,2017-04-24,32405000,285.25,53,0,0,0,0,0,0,0,0,285.3,77,0,0,0,0,0,0,0,0
11,2017-04-24,09:00:05,500,au1706,XSGE,285.15,284.85,287.95,157782,45269831000,218422,209336,300.05,271.5,285.8,285.9,0.0,286.35,0.0,0,0,2017-04-24,32405500,285.15,32,0,0,0,0,0,0,0,0,285.2,15,0,0,0,0,0,0,0,0
12,2017-04-24,09:00:06,0,au1706,XSGE,285.2,284.85,287.95,158054,45347399700,218408,209336,300.05,271.5,285.8,285.9,0.0,286.35,0.0,0,0,2017-04-24,32406000,285.2,115,0,0,0,0,0,0,0,0,285.25,28,0,0,0,0,0,0,0,0
13,2017-04-24,09:00:06,500,au1706,XSGE,285.25,284.85,287.95,158090,45357667400,218384,209336,300.05,271.5,285.8,285.9,0.0,286.35,0.0,0,0,2017-04-24,32406500,285.2,107,0,0,0,0,0,0,0,0,285.25,17,0,0,0,0,0,0,0,0
14,2017-04-24,09:00:07,0,au1706,XSGE,285.15,284.85,287.95,158362,45435240500,218146,209336,300.05,271.5,285.8,285.9,0.0,286.35,0.0,0,0,2017-04-24,32407000,285.099,2,0,0,0,0,0,0,0,0,285.15,90,0,0,0,0,0,0,0,0
15,2017-04-24,09:00:07,500,au1706,XSGE,285.15,284.85,287.95,158516,45479146500,218076,209336,300.05,271.5,285.8,285.9,0.0,286.35,0.0,0,0,2017-04-24,32407500,285.1,1,0,0,0,0,0,0,0,0,285.15,60,0,0,0,0,0,0,0,0
16,2017-04-24,09:00:08,0,au1706,XSGE,285.05,284.85,287.95,158552,45489409900,218068,209336,300.05,271.5,285.8,285.9,0.0,286.35,0.0,0,0,2017-04-24,32408000,285.05,2,0,0,0,0,0,0,0,0,285.1,19,0,0,0,0,0,0,0,0
17,2017-04-24,09:00:08,500,au1706,XSGE,285.05,284.85,287.95,158594,45501381300,218046,209336,300.05,271.5,285.8,285.9,0.0,286.35,0.0,0,0,2017-04-24,32408500,285.0,5,0,0,0,0,0,0,0,0,285.05,42,0,0,0,0,0,0,0,0
18,2017-04-24,09:00:09,0,au1706,XSGE,285.0,284.85,287.95,158800,45560104500,217972,209336,300.05,271.5,285.8,285.9,0.0,286.35,0.0,0,0,2017-04-24,32409000,285.05,1,0,0,0,0,0,0,0,0,285.1,4,0,0,0,0,0,0,0,0
19,2017-04-24,09:00:09,500,au1706,XSGE,284.9,284.85,287.95,159080,45639924000,217846,209336,300.05,271.5,285.8,285.9,0.0,286.35,0.0,0,0,2017-04-24,32409500,284.85,5,0,0,0,0,0,0,0,0,284.9,21,0,0,0,0,0,0,0,0
20,2017-04-24,09:00:10,0,au1706,XSGE,284.85,284.85,287.95,159256,45690063000,217800,209336,300.05,271.5,285.8,285.9,0.0,286.35,0.0,0,0,2017-04-24,32410000,284.85,47,0,0,0,0,0,0,0,0,284.95,6,0,0,0,0,0,0,0,0
21,2017-04-24,09:00:10,500,au1706,XSGE,284.95,284.85,287.95,159384,45726533300,217778,209336,300.05,271.5,285.8,285.9,0.0,286.35,0.0,0,0,2017-04-24,32410500,284.9,29,0,0,0,0,0,0,0,0,284.95,4,0,0,0,0,0,0,0,0
22,2017-04-24,09:00:11,0,au1706,XSGE,284.95,284.85,287.95,159490,45756738200,217744,209336,300.05,271.5,285.8,285.9,0.0,286.35,0.0,0,0,2017-04-24,32411000,284.95,15,0,0,0,0,0,0,0,0,285.0,18,0,0,0,0,0,0,0,0
23,2017-04-24,09:00:11,500,au1706,XSGE,285.0,284.85,287.95,159612,45791512200,217700,209336,300.05,271.5,285.8,285.9,0.0,286.35,0.0,0,0,2017-04-24,32411500,285.0,44,0,0,0,0,0,0,0,0,285.05,7,0,0,0,0,0,0,0,0
24,2017-04-24,09:00:12,0,au1706,XSGE,285.05,284.85,287.95,159644,45800634000,217698,209336,300.05,271.5,285.8,285.9,0.0,286.35,0.0,0,0,2017-04-24,32412000,285.05,60,0,0,0,0,0,0,0,0,285.1,12,0,0,0,0,0,0,0,0
25,2017-04-24,09:00:12,500,au1706,XSGE,285.1,284.85,287.95,159756,45832560700,217674,209336,300.05,271.5,285.8,285.9,0.0,286.35,0.0,0,0,2017-04-24,32412500,285.1,16,0,0,0,0,0,0,0,0,285.15,24,0,0,0,0,0,0,0,0
26,2017-04-24,09:00:13,0,au1706,XSGE,285.1,284.85,287.95,159848,45858790800,217612,209336,300.05,271.5,285.8,285.9,0.0,286.35,0.0,0,0,2017-04-24,32413000,285.05,13,0,0,0,0,0,0,0,0,285.15,59,0,0,0,0,0,0,0,0
27,2017-04-24,09:00:13,500,au1706,XSGE,285.1,284.85,287.95,159876,45866774200,217606,209336,300.05,271.5,285.8,285.9,0.0,286.35,0.0,0,0,2017-04-24,32413500,285.1,7,0,0,0,0,0,0,0,0,285.15,56,0,0,0,0,0,0,0,0
28,2017-04-24,09:00:14,0,au1706,XSGE,285.05,284.85,287.95,159918,45878746700,217610,209336,300.05,271.5,285.8,285.9,0.0,286.35,0.0,0,0,2017-04-24,32414000,285.0,68,0,0,0,0,0,0,0,0,285.05,13,0,0,0,0,0,0,0,0
29,2017-04-24,09:00:14,500,au1706,XSGE,285.05,284.85,287.95,160024,45908964200,217574,209336,300.05,271.5,285.8,285.9,0.0,286.35,0.0,0,0,2017-04-24,32414500,285.05,23,0,0,0,0,0,0,0,0,285.1,29,0,0,0,0,0,0,0,0
30,2017-04-24,09:00:15,0,au1706,XSGE,285.0,284.85,287.95,160154,45946022600,217562,209336,300.05,271.5,285.8,285.9,0.0,286.35,0.0,0,0,2017-04-24,32415000,285.0,77,0,0,0,0,0,0,0,0,285.05,99,0,0,0,0,0,0,0,0
31,2017-04-24,09:00:15,500,au1706,XSGE,285.05,284.85,287.95,160218,45964265700,217592,209336,300.05,271.5,285.8,285.9,0.0,286.35,0.0,0,0,2017-04-24,32415500,285.0,95,0,0,0,0,0,0,0,0,285.05,73,0,0,0,0,0,0,0,0
32,2017-04-24,09:00:16,0,au1706,XSGE,285.0,284.85,287.95,160392,46013860300,217612,209336,300.05,271.5,285.8,285.9,0.0,286.35,0.0,0,0,2017-04-24,32416000,285.0,51,0,0,0,0,0,0,0,0,285.05,20,0,0,0,0,0,0,0,0
33,2017-04-24,09:00:16,500,au1706,XSGE,285.1,284.85,287.95,160478,46038375900,217608,209336,300.05,271.5,285.8,285.9,0.0,286.35,0.0,0,0,2017-04-24,32416500,285.05,29,0,0,0,0,0,0,0,0,285.1,18,0,0,0,0,0,0,0,0
34,2017-04-24,09:00:17,0,au1706,XSGE,285.0,284.85,287.95,160680,46095952800,217614,209336,300.05,271.5,285.8,285.9,0.0,286.35,0.0,0,0,2017-04-24,32417000,284.95,25,0,0,0,0,0,0,0,0,285.0,60,0,0,0,0,0,0,0,0
35,2017-04-24,09:00:17,500,au1706,XSGE,284.95,284.85,287.95,160976,46180302200,217716,209336,300.05,271.5,285.8,285.9,0.0,286.35,0.0,0,0,2017-04-24,32417500,284.9,1,0,0,0,0,0,0,0,0,285.0,7,0,0,0,0,0,0,0,0
36,2017-04-24,09:00:18,0,au1706,XSGE,285.0,284.85,287.95,161104,46216782200,217704,209336,300.05,271.5,285.8,285.9,0.0,286.35,0.0,0,0,2017-04-24,32418000,285.0,10,0,0,0,0,0,0,0,0,285.05,28,0,0,0,0,0,0,0,0
37,2017-04-24,09:00:18,500,au1706,XSGE,285.05,284.85,287.95,161204,46245286900,217688,209336,300.05,271.5,285.8,285.9,0.0,286.35,0.0,0,0,2017-04-24,32418500,285.05,1,0,0,0,0,0,0,0,0,285.1,46,0,0,0,0,0,0,0,0
38,2017-04-24,09:00:19,0,au1706,XSGE,285.0,284.85,287.95,161254,46259538300,217654,209336,300.05,271.5,285.8,285.9,0.0,286.35,0.0,0,0,2017-04-24,32419000,285.0,18,0,0,0,0,0,0,0,0,285.05,8,0,0,0,0,0,0,0,0
39,2017-04-24,09:00:19,500,au1706,XSGE,285.05,284.85,287.95,161300,46272650300,217628,209336,300.05,271.5,285.8,285.9,0.0,286.35,0.0,0,0,2017-04-24,32419500,285.0,42,0,0,0,0,0,0,0,0,285.05,1,0,0,0,0,0,0,0,0
40,2017-04-24,09:00:20,0,au1706,XSGE,285.05,284.85,287.95,161368,46292031500,217612,209336,300.05,271.5,285.8,285.9,0.0,286.35,0.0,0,0,2017-04-24,32420000,285.05,3,0,0,0,0,0,0,0,0,285.1,52,0,0,0,0,0,0,0,0
41,2017-04-24,09:00:20,500,au1706,XSGE,285.05,284.85,287.95,161436,46311414900,217614,209336,300.05,271.5,285.8,285.9,0.0,286.35,0.0,0,0,2017-04-24,32420500,285.0,32,0,0,0,0,0,0,0,0,285.05,76,0,0,0,0,0,0,0,0
42,2017-04-24,09:00:21,0,au1706,XSGE,285.05,284.85,287.95,161560,46346760200,217626,209336,300.05,271.5,285.8,285.9,0.0,286.35,0.0,0,0,2017-04-24,32421000,285.0,23,0,0,0,0,0,0,0,0,285.05,27,0,0,0,0,0,0,0,0
43,2017-04-24,09:00:21,500,au1706,XSGE,285.05,284.85,287.95,161578,46351890700,217626,209336,300.05,271.5,285.8,285.9,0.0,286.35,0.0,0,0,2017-04-24,32421500,285.0,29,0,0,0,0,0,0,0,0,285.05,29,0,0,0,0,0,0,0,0
44,2017-04-24,09:00:22,0,au1706,XSGE,285.0,284.85,287.95,161618,46363291600,217632,209336,300.05,271.5,285.8,285.9,0.0,286.35,0.0,0,0,2017-04-24,32422000,285.0,15,0,0,0,0,0,0,0,0,285.05,44,0,0,0,0,0,0,0,0
45,2017-04-24,09:00:22,500,au1706,XSGE,285.05,284.85,287.95,161736,46396926800,217636,209336,300.05,271.5,285.8,285.9,0.0,286.35,0.0,0,0,2017-04-24,32422500,285.0,126,0,0,0,0,0,0,0,0,285.1,48,0,0,0,0,0,0,0,0
46,2017-04-24,09:00:23,0,au1706,XSGE,285.1,284.85,287.95,161824,46422012700,217608,209336,300.05,271.5,285.8,285.9,0.0,286.35,0.0,0,0,2017-04-24,32423000,285.05,5,0,0,0,0,0,0,0,0,285.1,27,0,0,0,0,0,0,0,0
47,2017-04-24,09:00:23,500,au1706,XSGE,285.05,284.85,287.95,161910,46446527300,217626,209336,300.05,271.5,285.8,285.9,0.0,286.35,0.0,0,0,2017-04-24,32423500,285.05,25,0,0,0,0,0,0,0,0,285.1,25,0,0,0,0,0,0,0,0
48,2017-04-24,09:00:24,0,au1706,XSGE,285.1,284.85,287.95,161946,46456790100,217600,209336,300.05,271.5,285.8,285.9,0.0,286.35,0.0,0,0,2017-04-24,32424000,285.05,46,0,0,0,0,0,0,0,0,285.1,15,0,0,0,0,0,0,0,0
49,2017-04-24,09:00:24,500,au1706,XSGE,285.15,284.85,287.95,162028,46480169200,217600,209336,300.05,271.5,285.8,285.9,0.0,286.35,0.0,0,0,2017-04-24,32424500,285.1,49,0,0,0,0,0,0,0,0,285.15,22,0,0,0,0,0,0,0,0
50,2017-04-24,09:00:25,0,au1706,XSGE,285.2,284.85,287.95,162206,46530934000,217650,209336,300.05,271.5,285.8,285.9,0.0,286.35,0.0,0,0,2017-04-24,32425000,285.2,5,0,0,0,0,0,0,0,0,285.25,2,0,0,0,0,0,0,0,0
51,2017-04-24,09:00:25,500,au1706,XSGE,285.25,284.85,287.95,162304,46558887800,217652,209336,300.05,271.5,285.8,285.9,0.0,286.35,0.0,0,0,2017-04-24,32425500,285.25,31,0,0,0,0,0,0,0,0,285.3,4,0,0,0,0,0,0,0,0
52,2017-04-24,09:00:26,0,au1706,XSGE,285.349,284.85,287.95,162362,46575434700,217644,209336,300.05,271.5,285.8,285.9,0.0,286.35,0.0,0,0,2017-04-24,32426000,285.3,20,0,0,0,0,0,0,0,0,285.349,4,0,0,0,0,0,0,0,0
53,2017-04-24,09:00:26,500,au1706,XSGE,285.3,284.85,287.95,162426,46593696000,217626,209336,300.05,271.5,285.8,285.9,0.0,286.35,0.0,0,0,2017-04-24,32426500,285.3,11,0,0,0,0,0,0,0,0,285.349,3,0,0,0,0,0,0,0,0
54,2017-04-24,09:00:27,0,au1706,XSGE,285.3,284.85,287.95,162474,46607390400,217642,209336,300.05,271.5,285.8,285.9,0.0,286.35,0.0,0,0,2017-04-24,32427000,285.3,3,0,0,0,0,0,0,0,0,285.349,20,0,0,0,0,0,0,0,0
55,2017-04-24,09:00:27,500,au1706,XSGE,285.3,284.85,287.95,162542,46626789900,217614,209336,300.05,271.5,285.8,285.9,0.0,286.35,0.0,0,0,2017-04-24,32427500,285.25,4,0,0,0,0,0,0,0,0,285.299,7,0,0,0,0,0,0,0,0
56,2017-04-24,09:00:28,0,au1706,XSGE,285.25,284.85,287.95,162604,46644475100,217614,209336,300.05,271.5,285.8,285.9,0.0,286.35,0.0,0,0,2017-04-24,32428000,285.2,9,0,0,0,0,0,0,0,0,285.25,8,0,0,0,0,0,0,0,0
57,2017-04-24,09:00:28,500,au1706,XSGE,285.3,284.85,287.95,162690,46669007700,217640,209336,300.05,271.5,285.8,285.9,0.0,286.35,0.0,0,0,2017-04-24,32428500,285.25,38,0,0,0,0,0,0,0,0,285.299,6,0,0,0,0,0,0,0,0
58,2017-04-24,09:00:29,0,au1706,XSGE,285.3,284.85,287.95,162812,46703813300,217726,209336,300.05,271.5,285.8,285.9,0.0,286.35,0.0,0,0,2017-04-24,32429000,285.25,9,0,0,0,0,0,0,0,0,285.3,9,0,0,0,0,0,0,0,0
59,2017-04-24,09:00:29,500,au1706,XSGE,285.299,284.85,287.95,162850,46714653400,217700,209336,300.05,271.5,285.8,285.9,0.0,286.35,0.0,0,0,2017-04-24,32429500,285.25,4,0,0,0,0,0,0,0,0,285.3,28,0,0,0,0,0,0,0,0
60,2017-04-24,09:00:30,0,au1706,XSGE,285.3,284.85,287.95,162890,46726063700,217706,209336,300.05,271.5,285.8,285.9,0.0,286.35,0.0,0,0,2017-04-24,32430000,285.25,6,0,0,0,0,0,0,0,0,285.3,36,0,0,0,0,0,0,0,0
61,2017-04-24,09:00:30,500,au1706,XSGE,285.3,284.85,287.95,162914,46732909800,217688,209336,300.05,271.5,285.8,285.9,0.0,286.35,0.0,0,0,2017-04-24,32430500,285.2,18,0,0,0,0,0,0,0,0,285.25,2,0,0,0,0,0,0,0,0
62,2017-04-24,09:00:31,0,au1706,XSGE,285.2,284.85,287.95,162948,46742608200,217686,209336,300.05,271.5,285.8,285.9,0.0,286.35,0.0,0,0,2017-04-24,32431000,285.2,60,0,0,0,0,0,0,0,0,285.3,31,0,0,0,0,0,0,0,0
63,2017-04-24,09:00:31,500,au1706,XSGE,285.25,284.85,287.95,163040,46768849600,217658,209336,300.05,271.5,285.8,285.9,0.0,286.35,0.0,0,0,2017-04-24,32431500,285.2,39,0,0,0,0,0,0,0,0,285.25,8,0,0,0,0,0,0,0,0
64,2017-04-24,09:00:32,0,au1706,XSGE,285.25,284.85,287.95,163118,46791100900,217644,209336,300.05,271.5,285.8,285.9,0.0,286.35,0.0,0,0,2017-04-24,32432000,285.25,3,0,0,0,0,0,0,0,0,285.3,31,0,0,0,0,0,0,0,0
65,2017-04-24,09:00:32,500,au1706,XSGE,285.3,284.85,287.95,163150,46800229800,217628,209336,300.05,271.5,285.8,285.9,0.0,286.35,0.0,0,0,2017-04-24,32432500,285.25,48,0,0,0,0,0,0,0,0,285.3,13,0,0,0,0,0,0,0,0
66,2017-04-24,09:00:33,0,au1706,XSGE,285.3,284.85,287.95,163176,46807647600,217628,209336,300.05,271.5,285.8,285.9,0.0,286.35,0.0,0,0,2017-04-24,32433000,285.3,19,0,0,0,0,0,0,0,0,285.349,52,0,0,0,0,0,0,0,0
67,2017-04-24,09:00:33,500,au1706,XSGE,285.3,284.85,287.95,163280,46837322300,217674,209336,300.05,271.5,285.8,285.9,0.0,286.35,0.0,0,0,2017-04-24,32433500,285.3,7,0,0,0,0,0,0,0,0,285.349,21,0,0,0,0,0,0,0,0
68,2017-04-24,09:00:34,0,au1706,XSGE,285.3,284.85,287.95,163286,46839034200,217672,209336,300.05,271.5,285.8,285.9,0.0,286.35,0.0,0,0,2017-04-24,32434000,285.3,28,0,0,0,0,0,0,0,0,285.349,23,0,0,0,0,0,0,0,0
69,2017-04-24,09:00:34,500,au1706,XSGE,285.3,284.85,287.95,163336,46853300600,217690,209336,300.05,271.5,285.8,285.9,0.0,286.35,0.0,0,0,2017-04-24,32434500,285.3,36,0,0,0,0,0,0,0,0,285.349,5,0,0,0,0,0,0,0,0
70,2017-04-24,09:00:35,0,au1706,XSGE,285.349,284.85,287.95,163364,46861289500,217676,209336,300.05,271.5,285.8,285.9,0.0,286.35,0.0,0,0,2017-04-24,32435000,285.349,1,0,0,0,0,0,0,0,0,285.4,32,0,0,0,0,0,0,0,0
71,2017-04-24,09:00:35,500,au1706,XSGE,285.3,284.85,287.95,163378,46865283900,217668,209336,300.05,271.5,285.8,285.9,0.0,286.35,0.0,0,0,2017-04-24,32435500,285.3,18,0,0,0,0,0,0,0,0,285.35,18,0,0,0,0,0,0,0,0
72,2017-04-24,09:00:36,0,au1706,XSGE,285.3,284.85,287.95,163408,46873843100,217696,209336,300.05,271.5,285.8,285.9,0.0,286.35,0.0,0,0,2017-04-24,32436000,285.3,17,0,0,0,0,0,0,0,0,285.35,39,0,0,0,0,0,0,0,0
73,2017-04-24,09:00:36,500,au1706,XSGE,285.35,284.85,287.95,163466,46890391500,217684,209336,300.05,271.5,285.8,285.9,0.0,286.35,0.0,0,0,2017-04-24,32436500,285.3,2,0,0,0,0,0,0,0,0,285.35,48,0,0,0,0,0,0,0,0
74,2017-04-24,09:00:37,0,au1706,XSGE,285.3,284.85,287.95,163480,46894385800,217686,209336,300.05,271.5,285.8,285.9,0.0,286.35,0.0,0,0,2017-04-24,32437000,285.25,70,0,0,0,0,0,0,0,0,285.35,58,0,0,0,0,0,0,0,0
75,2017-04-24,09:00:37,500,au1706,XSGE,285.35,284.85,287.95,163514,46904085900,217694,209336,300.05,271.5,285.8,285.9,0.0,286.35,0.0,0,0,2017-04-24,32437500,285.3,11,0,0,0,0,0,0,0,0,285.35,53,0,0,0,0,0,0,0,0
76,2017-04-24,09:00:38,0,au1706,XSGE,285.35,284.85,287.95,163534,46909792100,217706,209336,300.05,271.5,285.8,285.9,0.0,286.35,0.0,0,0,2017-04-24,32438000,285.3,52,0,0,0,0,0,0,0,0,285.35,57,0,0,0,0,0,0,0,0
77,2017-04-24,09:00:38,500,au1706,XSGE,285.3,284.85,287.95,163550,46914356900,217710,209336,300.05,271.5,285.8,285.9,0.0,286.35,0.0,0,0,2017-04-24,32438500,285.3,44,0,0,0,0,0,0,0,0,285.35,60,0,0,0,0,0,0,0,0
78,2017-04-24,09:00:39,0,au1706,XSGE,285.3,284.85,287.95,163660,46945743900,217698,209336,300.05,271.5,285.8,285.9,0.0,286.35,0.0,0,0,2017-04-24,32439000,285.3,41,0,0,0,0,0,0,0,0,285.35,16,0,0,0,0,0,0,0,0
79,2017-04-24,09:00:39,500,au1706,XSGE,285.3,284.85,287.95,163776,46978840300,217732,209336,300.05,271.5,285.8,285.9,0.0,286.35,0.0,0,0,2017-04-24,32439500,285.3,7,0,0,0,0,0,0,0,0,285.35,27,0,0,0,0,0,0,0,0
80,2017-04-24,09:00:40,0,au1706,XSGE,285.25,284.85,287.95,163830,46994247700,217734,209336,300.05,271.5,285.8,285.9,0.0,286.35,0.0,0,0,2017-04-24,32440000,285.25,52,0,0,0,0,0,0,0,0,285.3,18,0,0,0,0,0,0,0,0
81,2017-04-24,09:00:40,500,au1706,XSGE,285.3,284.85,287.95,163880,47008511900,217748,209336,300.05,271.5,285.8,285.9,0.0,286.35,0.0,0,0,2017-04-24,32440500,285.25,132,0,0,0,0,0,0,0,0,285.35,31,0,0,0,0,0,0,0,0
82,2017-04-24,09:00:41,0,au1706,XSGE,285.35,284.85,287.95,163982,47037617300,217808,209336,300.05,271.5,285.8,285.9,0.0,286.35,0.0,0,0,2017-04-24,32441000,285.35,65,0,0,0,0,0,0,0,0,285.4,30,0,0,0,0,0,0,0,0
83,2017-04-24,09:00:41,500,au1706,XSGE,285.3,284.85,287.95,164164,47089554300,217934,209336,300.05,271.5,285.8,285.9,0.0,286.35,0.0,0,0,2017-04-24,32441500,285.3,29,0,0,0,0,0,0,0,0,285.35,61,0,0,0,0,0,0,0,0
84,2017-04-24,09:00:42,0,au1706,XSGE,285.35,284.85,287.95,164194,47098114400,217934,209336,300.05,271.5,285.8,285.9,0.0,286.35,0.0,0,0,2017-04-24,32442000,285.3,32,0,0,0,0,0,0,0,0,285.35,74,0,0,0,0,0,0,0,0
85,2017-04-24,09:00:42,500,au1706,XSGE,285.35,284.85,287.95,164320,47134067000,217932,209336,300.05,271.5,285.8,285.9,0.0,286.35,0.0,0,0,2017-04-24,32442500,285.3,22,0,0,0,0,0,0,0,0,285.35,26,0,0,0,0,0,0,0,0
86,2017-04-24,09:00:43,0,au1706,XSGE,285.35,284.85,287.95,164326,47135778900,217930,209336,300.05,271.5,285.8,285.9,0.0,286.35,0.0,0,0,2017-04-24,32443000,285.3,40,0,0,0,0,0,0,0,0,285.35,25,0,0,0,0,0,0,0,0
87,2017-04-24,09:00:43,500,au1706,XSGE,285.25,284.85,287.95,164654,47229359100,218090,209336,300.05,271.5,285.8,285.9,0.0,286.35,0.0,0,0,2017-04-24,32443500,285.25,30,0,0,0,0,0,0,0,0,285.35,18,0,0,0,0,0,0,0,0
88,2017-04-24,09:00:44,0,au1706,XSGE,285.35,284.85,287.95,164682,47237348700,218076,209336,300.05,271.5,285.8,285.9,0.0,286.35,0.0,0,0,2017-04-24,32444000,285.3,19,0,0,0,0,0,0,0,0,285.35,37,0,0,0,0,0,0,0,0
89,2017-04-24,09:00:44,500,au1706,XSGE,285.35,284.85,287.95,164698,47241914100,218070,209336,300.05,271.5,285.8,285.9,0.0,286.35,0.0,0,0,2017-04-24,32444500,285.3,15,0,0,0,0,0,0,0,0,285.35,24,0,0,0,0,0,0,0,0
90,2017-04-24,09:00:45,0,au1706,XSGE,285.35,284.85,287.95,164746,47255610600,218062,209336,300.05,271.5,285.8,285.9,0.0,286.35,0.0,0,0,2017-04-24,32445000,285.3,19,0,0,0,0,0,0,0,0,285.35,6,0,0,0,0,0,0,0,0
91,2017-04-24,09:00:45,500,au1706,XSGE,285.4,284.85,287.95,164870,47290997300,218034,209336,300.05,271.5,285.8,285.9,0.0,286.35,0.0,0,0,2017-04-24,32445500,285.35,12,0,0,0,0,0,0,0,0,285.4,14,0,0,0,0,0,0,0,0
92,2017-04-24,09:00:46,0,au1706,XSGE,285.35,284.85,287.95,164912,47302981200,218046,209336,300.05,271.5,285.8,285.9,0.0,286.35,0.0,0,0,2017-04-24,32446000,285.35,69,0,0,0,0,0,0,0,0,285.4,34,0,0,0,0,0,0,0,0
93,2017-04-24,09:00:46,500,au1706,XSGE,285.4,284.85,287.95,164920,47305264300,218042,209336,300.05,271.5,285.8,285.9,0.0,286.35,0.0,0,0,2017-04-24,32446500,285.35,86,0,0,0,0,0,0,0,0,285.4,22,0,0,0,0,0,0,0,0
94,2017-04-24,09:00:47,0,au1706,XSGE,285.4,284.85,287.95,164930,47308118000,218048,209336,300.05,271.5,285.8,285.9,0.0,286.35,0.0,0,0,2017-04-24,32447000,285.35,89,0,0,0,0,0,0,0,0,285.4,15,0,0,0,0,0,0,0,0
95,2017-04-24,09:00:47,500,au1706,XSGE,285.35,284.85,287.95,164944,47312113500,218048,209336,300.05,271.5,285.8,285.9,0.0,286.35,0.0,0,0,2017-04-24,32447500,285.35,92,0,0,0,0,0,0,0,0,285.4,9,0,0,0,0,0,0,0,0
96,2017-04-24,09:00:48,0,au1706,XSGE,285.35,284.85,287.95,164986,47324100200,218076,209336,300.05,271.5,285.8,285.9,0.0,286.35,0.0,0,0,2017-04-24,32448000,285.35,119,0,0,0,0,0,0,0,0,285.45,43,0,0,0,0,0,0,0,0
97,2017-04-24,09:00:48,500,au1706,XSGE,285.35,284.85,287.95,164992,47325812300,218078,209336,300.05,271.5,285.8,285.9,0.0,286.35,0.0,0,0,2017-04-24,32448500,285.4,3,0,0,0,0,0,0,0,0,285.45,74,0,0,0,0,0,0,0,0
98,2017-04-24,09:00:49,0,au1706,XSGE,285.35,284.85,287.95,165010,47330948900,218090,209336,300.05,271.5,285.8,285.9,0.0,286.35,0.0,0,0,2017-04-24,32449000,285.35,116,0,0,0,0,0,0,0,0,285.4,6,0,0,0,0,0,0,0,0
99,2017-04-24,09:00:49,500,au1706,XSGE,285.35,284.85,287.95,165090,47353779700,218100,209336,300.05,271.5,285.8,285.9,0.0,286.35,0.0,0,0,2017-04-24,32449500,285.35,107,0,0,0,0,0,0,0,0,285.45,73,0,0,0,0,0,0,0,0
100,2017-04-24,09:00:50,0,au1706,XSGE,285.35,284.85,287.95,165104,47357774900,218112,209336,300.05,271.5,285.8,285.9,0.0,286.35,0.0,0,0,2017-04-24,32450000,285.4,20,0,0,0,0,0,0,0,0,285.45,72,0,0,0,0,0,0,0,0
101,2017-04-24,09:00:50,500,au1706,XSGE,285.4,284.85,287.95,165108,47358916500,218108,209336,300.05,271.5,285.8,285.9,0.0,286.35,0.0,0,0,2017-04-24,32450500,285.4,26,0,0,0,0,0,0,0,0,285.45,59,0,0,0,0,0,0,0,0
102,2017-04-24,09:00:51,0,au1706,XSGE,285.4,284.85,287.95,165128,47364624500,218102,209336,300.05,271.5,285.8,285.9,0.0,286.35,0.0,0,0,2017-04-24,32451000,285.4,22,0,0,0,0,0,0,0,0,285.45,212,0,0,0,0,0,0,0,0
103,2017-04-24,09:00:51,500,au1706,XSGE,285.4,284.85,287.95,165130,47365195300,218102,209336,300.05,271.5,285.8,285.9,0.0,286.35,0.0,0,0,2017-04-24,32451500,285.4,50,0,0,0,0,0,0,0,0,285.45,190,0,0,0,0,0,0,0,0
104,2017-04-24,09:00:52,0,au1706,XSGE,285.4,284.85,287.95,165244,47397730900,218198,209336,300.05,271.5,285.8,285.9,0.0,286.35,0.0,0,0,2017-04-24,32452000,285.4,22,0,0,0,0,0,0,0,0,285.45,190,0,0,0,0,0,0,0,0
105,2017-04-24,09:00:52,500,au1706,XSGE,285.4,284.85,287.95,165348,47427411200,218268,209336,300.05,271.5,285.8,285.9,0.0,286.35,0.0,0,0,2017-04-24,32452500,285.35,62,0,0,0,0,0,0,0,0,285.4,7,0,0,0,0,0,0,0,0
106,2017-04-24,09:00:53,0,au1706,XSGE,285.35,284.85,287.95,165384,47437685300,218282,209336,300.05,271.5,285.8,285.9,0.0,286.35,0.0,0,0,2017-04-24,32453000,285.35,100,0,0,0,0,0,0,0,0,285.4,7,0,0,0,0,0,0,0,0
107,2017-04-24,09:00:53,500,au1706,XSGE,285.4,284.85,287.95,165432,47451384100,218286,209336,300.05,271.5,285.8,285.9,0.0,286.35,0.0,0,0,2017-04-24,32453500,285.4,2,0,0,0,0,0,0,0,0,285.45,218,0,0,0,0,0,0,0,0
108,2017-04-24,09:00:54,0,au1706,XSGE,285.45,284.85,287.95,165476,47463942100,218292,209336,300.05,271.5,285.8,285.9,0.0,286.35,0.0,0,0,2017-04-24,32454000,285.4,39,0,0,0,0,0,0,0,0,285.45,220,0,0,0,0,0,0,0,0
109,2017-04-24,09:00:54,500,au1706,XSGE,285.4,284.85,287.95,165518,47475929900,218316,209336,300.05,271.5,285.8,285.9,0.0,286.35,0.0,0,0,2017-04-24,32454500,285.4,36,0,0,0,0,0,0,0,0,285.45,210,0,0,0,0,0,0,0,0
110,2017-04-24,09:00:55,0,au1706,XSGE,285.4,284.85,287.95,165544,47483350600,218322,209336,300.05,271.5,285.8,285.9,0.0,286.35,0.0,0,0,2017-04-24,32455000,285.4,26,0,0,0,0,0,0,0,0,285.45,207,0,0,0,0,0,0,0,0
111,2017-04-24,09:00:55,500,au1706,XSGE,285.45,284.85,287.95,165578,47493054400,218320,209336,300.05,271.5,285.8,285.9,0.0,286.35,0.0,0,0,2017-04-24,32455500,285.4,3,0,0,0,0,0,0,0,0,285.45,203,0,0,0,0,0,0,0,0
112,2017-04-24,09:00:56,0,au1706,XSGE,285.45,284.85,287.95,165638,47510177400,218316,209336,300.05,271.5,285.8,285.9,0.0,286.35,0.0,0,0,2017-04-24,32456000,285.4,5,0,0,0,0,0,0,0,0,285.45,192,0,0,0,0,0,0,0,0
113,2017-04-24,09:00:56,500,au1706,XSGE,285.45,284.85,287.95,165692,47525588600,218346,209336,300.05,271.5,285.8,285.9,0.0,286.35,0.0,0,0,2017-04-24,32456500,285.35,46,0,0,0,0,0,0,0,0,285.45,185,0,0,0,0,0,0,0,0
114,2017-04-24,09:00:57,0,au1706,XSGE,285.35,284.85,287.95,165708,47530154400,218342,209336,300.05,271.5,285.8,285.9,0.0,286.35,0.0,0,0,2017-04-24,32457000,285.35,34,0,0,0,0,0,0,0,0,285.4,21,0,0,0,0,0,0,0,0
115,2017-04-24,09:00:57,500,au1706,XSGE,285.35,284.85,287.95,165812,47559830000,218386,209336,300.05,271.5,285.8,285.9,0.0,286.35,0.0,0,0,2017-04-24,32457500,285.3,36,0,0,0,0,0,0,0,0,285.35,3,0,0,0,0,0,0,0,0
116,2017-04-24,09:00:58,0,au1706,XSGE,285.35,284.85,287.95,165814,47560400700,218386,209336,300.05,271.5,285.8,285.9,0.0,286.35,0.0,0,0,2017-04-24,32458000,285.3,99,0,0,0,0,0,0,0,0,285.35,15,0,0,0,0,0,0,0,0
117,2017-04-24,09:00:58,500,au1706,XSGE,285.35,284.85,287.95,165886,47580943700,218380,209336,300.05,271.5,285.8,285.9,0.0,286.35,0.0,0,0,2017-04-24,32458500,285.3,73,0,0,0,0,0,0,0,0,285.35,10,0,0,0,0,0,0,0,0
118,2017-04-24,09:00:59,0,au1706,XSGE,285.35,284.85,287.95,165912,47588362500,218368,209336,300.05,271.5,285.8,285.9,0.0,286.35,0.0,0,0,2017-04-24,32459000,285.3,67,0,0,0,0,0,0,0,0,285.35,3,0,0,0,0,0,0,0,0
119,2017-04-24,09:00:59,500,au1706,XSGE,285.35,284.85,287.95,165918,47590074600,218366,209336,300.05,271.5,285.8,285.9,0.0,286.35,0.0,0,0,2017-04-24,32459500,285.3,70,0,0,0,0,0,0,0,0,285.35,4,0,0,0,0,0,0,0,0
120,2017-04-24,09:01:00,0,au1706,XSGE,285.4,284.85,287.95,166102,47642585600,218344,209336,300.05,271.5,285.8,285.9,0.0,286.35,0.0,0,0,2017-04-24,32460000,285.35,26,0,0,0,0,0,0,0,0,285.4,14,0,0,0,0,0,0,0,0
121,2017-04-24,09:01:00,500,au1706,XSGE,285.35,284.85,287.95,166330,47707647600,218382,209336,300.05,271.5,285.8,285.9,0.0,286.35,0.0,0,0,2017-04-24,32460500,285.3,29,0,0,0,0,0,0,0,0,285.35,83,0,0,0,0,0,0,0,0
122,2017-04-24,09:01:01,0,au1706,XSGE,285.3,284.85,287.95,166442,47739602900,218350,209336,300.05,271.5,285.8,285.9,0.0,286.35,0.0,0,0,2017-04-24,32461000,285.25,70,0,0,0,0,0,0,0,0,285.3,19,0,0,0,0,0,0,0,0
123,2017-04-24,09:01:01,500,au1706,XSGE,285.25,284.85,287.95,166594,47782964500,218322,209336,300.05,271.5,285.8,285.9,0.0,286.35,0.0,0,0,2017-04-24,32461500,285.3,10,0,0,0,0,0,0,0,0,285.35,51,0,0,0,0,0,0,0,0
124,2017-04-24,09:01:02,0,au1706,XSGE,285.3,284.85,287.95,166676,47806359000,218288,209336,300.05,271.5,285.8,285.9,0.0,286.35,0.0,0,0,2017-04-24,32462000,285.25,43,0,0,0,0,0,0,0,0,285.3,34,0,0,0,0,0,0,0,0
125,2017-04-24,09:01:02,500,au1706,XSGE,285.25,284.85,287.95,166932,47879392900,218306,209336,300.05,271.5,285.8,285.9,0.0,286.35,0.0,0,0,2017-04-24,32462500,285.25,23,0,0,0,0,0,0,0,0,285.3,5,0,0,0,0,0,0,0,0
126,2017-04-24,09:01:03,0,au1706,XSGE,285.3,284.85,287.95,166944,47882816500,218302,209336,300.05,271.5,285.8,285.9,0.0,286.35,0.0,0,0,2017-04-24,32463000,285.25,43,0,0,0,0,0,0,0,0,285.3,11,0,0,0,0,0,0,0,0
127,2017-04-24,09:01:03,500,au1706,XSGE,285.25,284.85,287.95,166988,47895367500,218262,209336,300.05,271.5,285.8,285.9,0.0,286.35,0.0,0,0,2017-04-24,32463500,285.25,18,0,0,0,0,0,0,0,0,285.3,25,0,0,0,0,0,0,0,0
128,2017-04-24,09:01:04,0,au1706,XSGE,285.3,284.85,287.95,167020,47904496300,218262,209336,300.05,271.5,285.8,285.9,0.0,286.35,0.0,0,0,2017-04-24,32464000,285.25,28,0,0,0,0,0,0,0,0,285.3,34,0,0,0,0,0,0,0,0
129,2017-04-24,09:01:04,500,au1706,XSGE,285.25,284.85,287.95,167042,47910771800,218274,209336,300.05,271.5,285.8,285.9,0.0,286.35,0.0,0,0,2017-04-24,32464500,285.25,17,0,0,0,0,0,0,0,0,285.3,40,0,0,0,0,0,0,0,0
130,2017-04-24,09:01:05,0,au1706,XSGE,285.3,284.85,287.95,167078,47921040900,218310,209336,300.05,271.5,285.8,285.9,0.0,286.35,0.0,0,0,2017-04-24,32465000,285.25,22,0,0,0,0,0,0,0,0,285.3,42,0,0,0,0,0,0,0,0
131,2017-04-24,09:01:05,500,au1706,XSGE,285.25,284.85,287.95,167140,47938727400,218304,209336,300.05,271.5,285.8,285.9,0.0,286.35,0.0,0,0,2017-04-24,32465500,285.25,1,0,0,0,0,0,0,0,0,285.3,35,0,0,0,0,0,0,0,0
132,2017-04-24,09:01:06,0,au1706,XSGE,285.2,284.85,287.95,167188,47952419300,218312,209336,300.05,271.5,285.8,285.9,0.0,286.35,0.0,0,0,2017-04-24,32466000,285.2,26,0,0,0,0,0,0,0,0,285.25,17,0,0,0,0,0,0,0,0
133,2017-04-24,09:01:06,500,au1706,XSGE,285.25,284.85,287.95,167258,47972384800,218282,209336,300.05,271.5,285.8,285.9,0.0,286.35,0.0,0,0,2017-04-24,32466500,285.2,41,0,0,0,0,0,0,0,0,285.25,19,0,0,0,0,0,0,0,0
134,2017-04-24,09:01:07,0,au1706,XSGE,285.2,284.85,287.95,167286,47980371200,218274,209336,300.05,271.5,285.8,285.9,0.0,286.35,0.0,0,0,2017-04-24,32467000,285.2,35,0,0,0,0,0,0,0,0,285.25,27,0,0,0,0,0,0,0,0
135,2017-04-24,09:01:07,500,au1706,XSGE,285.2,284.85,287.95,167304,47985505300,218266,209336,300.05,271.5,285.8,285.9,0.0,286.35,0.0,0,0,2017-04-24,32467500,285.2,32,0,0,0,0,0,0,0,0,285.25,23,0,0,0,0,0,0,0,0
136,2017-04-24,09:01:08,0,au1706,XSGE,285.25,284.85,287.95,167354,47999767200,218270,209336,300.05,271.5,285.8,285.9,0.0,286.35,0.0,0,0,2017-04-24,32468000,285.2,32,0,0,0,0,0,0,0,0,285.25,20,0,0,0,0,0,0,0,0
137,2017-04-24,09:01:08,500,au1706,XSGE,285.25,284.85,287.95,167416,48017452600,218236,209336,300.05,271.5,285.8,285.9,0.0,286.35,0.0,0,0,2017-04-24,32468500,285.2,30,0,0,0,0,0,0,0,0,285.25,32,0,0,0,0,0,0,0,0
138,2017-04-24,09:01:09,0,au1706,XSGE,285.2,284.85,287.95,167482,48036277300,218184,209336,300.05,271.5,285.8,285.9,0.0,286.35,0.0,0,0,2017-04-24,32469000,285.15,9,0,0,0,0,0,0,0,0,285.2,2,0,0,0,0,0,0,0,0
139,2017-04-24,09:01:09,500,au1706,XSGE,285.25,284.85,287.95,167546,48054531900,218146,209336,300.05,271.5,285.8,285.9,0.0,286.35,0.0,0,0,2017-04-24,32469500,285.2,6,0,0,0,0,0,0,0,0,285.25,35,0,0,0,0,0,0,0,0
140,2017-04-24,09:01:10,0,au1706,XSGE,285.2,284.85,287.95,167562,48059095300,218134,209336,300.05,271.5,285.8,285.9,0.0,286.35,0.0,0,0,2017-04-24,32470000,285.2,5,0,0,0,0,0,0,0,0,285.25,39,0,0,0,0,0,0,0,0
141,2017-04-24,09:01:10,500,au1706,XSGE,285.2,284.85,287.95,167594,48068222000,218122,209336,300.05,271.5,285.8,285.9,0.0,286.35,0.0,0,0,2017-04-24,32470500,285.15,40,0,0,0,0,0,0,0,0,285.25,48,0,0,0,0,0,0,0,0
142,2017-04-24,09:01:11,0,au1706,XSGE,285.25,284.85,287.95,167674,48091038100,218090,209336,300.05,271.5,285.8,285.9,0.0,286.35,0.0,0,0,2017-04-24,32471000,285.2,5,0,0,0,0,0,0,0,0,285.25,43,0,0,0,0,0,0,0,0
143,2017-04-24,09:01:11,500,au1706,XSGE,285.25,284.85,287.95,167706,48100165200,218082,209336,300.05,271.5,285.8,285.9,0.0,286.35,0.0,0,0,2017-04-24,32471500,285.15,33,0,0,0,0,0,0,0,0,285.25,41,0,0,0,0,0,0,0,0
144,2017-04-24,09:01:12,0,au1706,XSGE,285.25,284.85,287.95,167710,48101306200,218080,209336,300.05,271.5,285.8,285.9,0.0,286.35,0.0,0,0,2017-04-24,32472000,285.15,87,0,0,0,0,0,0,0,0,285.25,49,0,0,0,0,0,0,0,0
145,2017-04-24,09:01:12,500,au1706,XSGE,285.2,284.85,287.95,167732,48107580700,218062,209336,300.05,271.5,285.8,285.9,0.0,286.35,0.0,0,0,2017-04-24,32472500,285.2,1,0,0,0,0,0,0,0,0,285.25,42,0,0,0,0,0,0,0,0
146,2017-04-24,09:01:13,0,au1706,XSGE,285.2,284.85,287.95,167742,48110432600,218062,209336,300.05,271.5,285.8,285.9,0.0,286.35,0.0,0,0,2017-04-24,32473000,285.2,6,0,0,0,0,0,0,0,0,285.25,43,0,0,0,0,0,0,0,0
147,2017-04-24,09:01:13,500,au1706,XSGE,285.25,284.85,287.95,167750,48112714600,218054,209336,300.05,271.5,285.8,285.9,0.0,286.35,0.0,0,0,2017-04-24,32473500,285.2,83,0,0,0,0,0,0,0,0,285.25,45,0,0,0,0,0,0,0,0
148,2017-04-24,09:01:14,0,au1706,XSGE,285.25,284.85,287.95,167750,48112714600,218054,209336,300.05,271.5,285.8,285.9,0.0,286.35,0.0,0,0,2017-04-24,32474000,285.2,97,0,0,0,0,0,0,0,0,285.25,34,0,0,0,0,0,0,0,0
149,2017-04-24,09:01:14,500,au1706,XSGE,285.2,284.85,287.95,167760,48115566600,218054,209336,300.05,271.5,285.8,285.9,0.0,286.35,0.0,0,0,2017-04-24,32474500,285.2,112,0,0,0,0,0,0,0,0,285.25,37,0,0,0,0,0,0,0,0
150,2017-04-24,09:01:15,0,au1706,XSGE,285.25,284.85,287.95,167762,48116137100,218054,209336,300.05,271.5,285.8,285.9,0.0,286.35,0.0,0,0,2017-04-24,32475000,285.2,113,0,0,0,0,0,0,0,0,285.25,38,0,0,0,0,0,0,0,0
151,2017-04-24,09:01:15,500,au1706,XSGE,285.25,284.85,287.95,167770,48118419100,218046,209336,300.05,271.5,285.8,285.9,0.0,286.35,0.0,0,0,2017-04-24,32475500,285.2,83,0,0,0,0,0,0,0,0,285.25,34,0,0,0,0,0,0,0,0
152,2017-04-24,09:01:16,0,au1706,XSGE,285.25,284.85,287.95,167776,48120130600,218048,209336,300.05,271.5,285.8,285.9,0.0,286.35,0.0,0,0,2017-04-24,32476000,285.2,85,0,0,0,0,0,0,0,0,285.25,57,0,0,0,0,0,0,0,0
153,2017-04-24,09:01:16,500,au1706,XSGE,285.25,284.85,287.95,167780,48121271600,218046,209336,300.05,271.5,285.8,285.9,0.0,286.35,0.0,0,0,2017-04-24,32476500,285.2,85,0,0,0,0,0,0,0,0,285.25,55,0,0,0,0,0,0,0,0
154,2017-04-24,09:01:17,0,au1706,XSGE,285.25,284.85,287.95,167832,48136104600,218006,209336,300.05,271.5,285.8,285.9,0.0,286.35,0.0,0,0,2017-04-24,32477000,285.2,61,0,0,0,0,0,0,0,0,285.25,28,0,0,0,0,0,0,0,0
155,2017-04-24,09:01:17,500,au1706,XSGE,285.25,284.85,287.95,167898,48154930600,217970,209336,300.05,271.5,285.8,285.9,0.0,286.35,0.0,0,0,2017-04-24,32477500,285.25,2,0,0,0,0,0,0,0,0,285.3,78,0,0,0,0,0,0,0,0
156,2017-04-24,09:01:18,0,au1706,XSGE,285.25,284.85,287.95,167928,48163488200,217980,209336,300.05,271.5,285.8,285.9,0.0,286.35,0.0,0,0,2017-04-24,32478000,285.25,7,0,0,0,0,0,0,0,0,285.3,81,0,0,0,0,0,0,0,0
157,2017-04-24,09:01:18,500,au1706,XSGE,285.3,284.85,287.95,167942,48167482200,217966,209336,300.05,271.5,285.8,285.9,0.0,286.35,0.0,0,0,2017-04-24,32478500,285.25,18,0,0,0,0,0,0,0,0,285.3,76,0,0,0,0,0,0,0,0
158,2017-04-24,09:01:19,0,au1706,XSGE,285.3,284.85,287.95,167944,48168052800,217964,209336,300.05,271.5,285.8,285.9,0.0,286.35,0.0,0,0,2017-04-24,32479000,285.25,22,0,0,0,0,0,0,0,0,285.3,71,0,0,0,0,0,0,0,0
159,2017-04-24,09:01:19,500,au1706,XSGE,285.25,284.85,287.95,167996,48182886000,217978,209336,300.05,271.5,285.8,285.9,0.0,286.35,0.0,0,0,2017-04-24,32479500,285.2,94,0,0,0,0,0,0,0,0,285.25,14,0,0,0,0,0,0,0,0
160,2017-04-24,09:01:20,0,au1706,XSGE,285.3,284.85,287.95,168108,48214837200,218000,209336,300.05,271.5,285.8,285.9,0.0,286.35,0.0,0,0,2017-04-24,32480000,285.25,48,0,0,0,0,0,0,0,0,285.3,37,0,0,0,0,0,0,0,0
161,2017-04-24,09:01:20,500,au1706,XSGE,285.3,284.85,287.95,168160,48229672800,218004,209336,300.05,271.5,285.8,285.9,0.0,286.35,0.0,0,0,2017-04-24,32480500,285.25,52,0,0,0,0,0,0,0,0,285.3,18,0,0,0,0,0,0,0,0
162,2017-04-24,09:01:21,0,au1706,XSGE,285.3,284.85,287.95,168186,48237090600,218010,209336,300.05,271.5,285.8,285.9,0.0,286.35,0.0,0,0,2017-04-24,32481000,285.25,85,0,0,0,0,0,0,0,0,285.3,5,0,0,0,0,0,0,0,0
163,2017-04-24,09:01:21,500,au1706,XSGE,285.3,284.85,287.95,168202,48241655400,218012,209336,300.05,271.5,285.8,285.9,0.0,286.35,0.0,0,0,2017-04-24,32481500,285.3,17,0,0,0,0,0,0,0,0,285.35,157,0,0,0,0,0,0,0,0
164,2017-04-24,09:01:22,0,au1706,XSGE,285.35,284.85,287.95,168220,48246791500,218002,209336,300.05,271.5,285.8,285.9,0.0,286.35,0.0,0,0,2017-04-24,32482000,285.3,22,0,0,0,0,0,0,0,0,285.35,151,0,0,0,0,0,0,0,0
165,2017-04-24,09:01:22,500,au1706,XSGE,285.35,284.85,287.95,168220,48246791500,218002,209336,300.05,271.5,285.8,285.9,0.0,286.35,0.0,0,0,2017-04-24,32482500,285.3,22,0,0,0,0,0,0,0,0,285.35,151,0,0,0,0,0,0,0,0
166,2017-04-24,09:01:23,0,au1706,XSGE,285.3,284.85,287.95,168234,48250785800,218004,209336,300.05,271.5,285.8,285.9,0.0,286.35,0.0,0,0,2017-04-24,32483000,285.3,16,0,0,0,0,0,0,0,0,285.35,150,0,0,0,0,0,0,0,0
167,2017-04-24,09:01:23,500,au1706,XSGE,285.3,284.85,287.95,168266,48259915400,217998,209336,300.05,271.5,285.8,285.9,0.0,286.35,0.0,0,0,2017-04-24,32483500,285.25,80,0,0,0,0,0,0,0,0,285.35,150,0,0,0,0,0,0,0,0
168,2017-04-24,09:01:24,0,au1706,XSGE,285.25,284.85,287.95,168272,48261626900,218004,209336,300.05,271.5,285.8,285.9,0.0,286.35,0.0,0,0,2017-04-24,32484000,285.25,79,0,0,0,0,0,0,0,0,285.3,2,0,0,0,0,0,0,0,0
169,2017-04-24,09:01:24,500,au1706,XSGE,285.3,284.85,287.95,168284,48265050500,218006,209336,300.05,271.5,285.8,285.9,0.0,286.35,0.0,0,0,2017-04-24,32484500,285.3,29,0,0,0,0,0,0,0,0,285.35,154,0,0,0,0,0,0,0,0
170,2017-04-24,09:01:25,0,au1706,XSGE,285.35,284.85,287.95,168310,48272468800,218024,209336,300.05,271.5,285.8,285.9,0.0,286.35,0.0,0,0,2017-04-24,32485000,285.3,1,0,0,0,0,0,0,0,0,285.35,149,0,0,0,0,0,0,0,0
171,2017-04-24,09:01:25,500,au1706,XSGE,285.35,284.85,287.95,168314,48273610200,218024,209336,300.05,271.5,285.8,285.9,0.0,286.35,0.0,0,0,2017-04-24,32485500,285.25,79,0,0,0,0,0,0,0,0,285.35,147,0,0,0,0,0,0,0,0
172,2017-04-24,09:01:26,0,au1706,XSGE,285.25,284.85,287.95,168342,48281597200,218026,209336,300.05,271.5,285.8,285.9,0.0,286.35,0.0,0,0,2017-04-24,32486000,285.25,78,0,0,0,0,0,0,0,0,285.3,45,0,0,0,0,0,0,0,0
173,2017-04-24,09:01:26,500,au1706,XSGE,285.3,284.85,287.95,168362,48287302700,218012,209336,300.05,271.5,285.8,285.9,0.0,286.35,0.0,0,0,2017-04-24,32486500,285.25,85,0,0,0,0,0,0,0,0,285.3,50,0,0,0,0,0,0,0,0
174,2017-04-24,09:01:27,0,au1706,XSGE,285.3,284.85,287.95,168364,48287873300,218010,209336,300.05,271.5,285.8,285.9,0.0,286.35,0.0,0,0,2017-04-24,32487000,285.25,56,0,0,0,0,0,0,0,0,285.3,79,0,0,0,0,0,0,0,0
175,2017-04-24,09:01:27,500,au1706,XSGE,285.2,284.85,287.95,168462,48315828200,218078,209336,300.05,271.5,285.8,285.9,0.0,286.35,0.0,0,0,2017-04-24,32487500,285.2,89,0,0,0,0,0,0,0,0,285.25,2,0,0,0,0,0,0,0,0
176,2017-04-24,09:01:28,0,au1706,XSGE,285.25,284.85,287.95,168466,48316969200,218080,209336,300.05,271.5,285.8,285.9,0.0,286.35,0.0,0,0,2017-04-24,32488000,285.2,88,0,0,0,0,0,0,0,0,285.25,3,0,0,0,0,0,0,0,0
177,2017-04-24,09:01:28,500,au1706,XSGE,285.3,284.85,287.95,168476,48319821900,218082,209336,300.05,271.5,285.8,285.9,0.0,286.35,0.0,0,0,2017-04-24,32488500,285.2,88,0,0,0,0,0,0,0,0,285.3,87,0,0,0,0,0,0,0,0
178,2017-04-24,09:01:29,0,au1706,XSGE,285.3,284.85,287.95,168542,48338651500,218074,209336,300.05,271.5,285.8,285.9,0.0,286.35,0.0,0,0,2017-04-24,32489000,285.25,4,0,0,0,0,0,0,0,0,285.3,55,0,0,0,0,0,0,0,0
179,2017-04-24,09:01:29,500,au1706,XSGE,285.3,284.85,287.95,168542,48338651500,218074,209336,300.05,271.5,285.8,285.9,0.0,286.35,0.0,0,0,2017-04-24,32489500,285.25,18,0,0,0,0,0,0,0,0,285.3,64,0,0,0,0,0,0,0,0
180,2017-04-24,09:01:30,0,au1706,XSGE,285.3,284.85,287.95,168542,48338651500,218074,209336,300.05,271.5,285.8,285.9,0.0,286.35,0.0,0,0,2017-04-24,32490000,285.25,58,0,0,0,0,0,0,0,0,285.3,65,0,0,0,0,0,0,0,0
181,2017-04-24,09:01:30,500,au1706,XSGE,285.3,284.85,287.95,168548,48340363300,218068,209336,300.05,271.5,285.8,285.9,0.0,286.35,0.0,0,0,2017-04-24,32490500,285.25,85,0,0,0,0,0,0,0,0,285.3,56,0,0,0,0,0,0,0,0
182,2017-04-24,09:01:31,0,au1706,XSGE,285.25,284.85,287.95,168550,48340933800,218066,209336,300.05,271.5,285.8,285.9,0.0,286.35,0.0,0,0,2017-04-24,32491000,285.25,150,0,0,0,0,0,0,0,0,285.3,45,0,0,0,0,0,0,0,0
183,2017-04-24,09:01:31,500,au1706,XSGE,285.25,284.85,287.95,168550,48340933800,218066,209336,300.05,271.5,285.8,285.9,0.0,286.35,0.0,0,0,2017-04-24,32491500,285.25,150,0,0,0,0,0,0,0,0,285.3,45,0,0,0,0,0,0,0,0
184,2017-04-24,09:01:32,0,au1706,XSGE,285.3,284.85,287.95,168558,48343216200,218058,209336,300.05,271.5,285.8,285.9,0.0,286.35,0.0,0,0,2017-04-24,32492000,285.25,150,0,0,0,0,0,0,0,0,285.3,11,0,0,0,0,0,0,0,0
185,2017-04-24,09:01:32,500,au1706,XSGE,285.3,284.85,287.95,168560,48343786800,218056,209336,300.05,271.5,285.8,285.9,0.0,286.35,0.0,0,0,2017-04-24,32492500,285.25,153,0,0,0,0,0,0,0,0,285.3,11,0,0,0,0,0,0,0,0
186,2017-04-24,09:01:33,0,au1706,XSGE,285.3,284.85,287.95,168614,48359193000,218062,209336,300.05,271.5,285.8,285.9,0.0,286.35,0.0,0,0,2017-04-24,32493000,285.25,154,0,0,0,0,0,0,0,0,285.3,14,0,0,0,0,0,0,0,0
187,2017-04-24,09:01:33,500,au1706,XSGE,285.3,284.85,287.95,168630,48363757800,218058,209336,300.05,271.5,285.8,285.9,0.0,286.35,0.0,0,0,2017-04-24,32493500,285.25,159,0,0,0,0,0,0,0,0,285.3,6,0,0,0,0,0,0,0,0
188,2017-04-24,09:01:34,0,au1706,XSGE,285.3,284.85,287.95,168638,48366040200,218058,209336,300.05,271.5,285.8,285.9,0.0,286.35,0.0,0,0,2017-04-24,32494000,285.25,159,0,0,0,0,0,0,0,0,285.3,2,0,0,0,0,0,0,0,0
189,2017-04-24,09:01:34,500,au1706,XSGE,285.3,284.85,287.95,168660,48372316800,218066,209336,300.05,271.5,285.8,285.9,0.0,286.35,0.0,0,0,2017-04-24,32494500,285.3,39,0,0,0,0,0,0,0,0,285.35,153,0,0,0,0,0,0,0,0
190,2017-04-24,09:01:35,0,au1706,XSGE,285.35,284.85,287.95,168662,48372887500,218068,209336,300.05,271.5,285.8,285.9,0.0,286.35,0.0,0,0,2017-04-24,32495000,285.3,38,0,0,0,0,0,0,0,0,285.35,159,0,0,0,0,0,0,0,0
191,2017-04-24,09:01:35,500,au1706,XSGE,285.3,284.85,287.95,168668,48374599300,218074,209336,300.05,271.5,285.8,285.9,0.0,286.35,0.0,0,0,2017-04-24,32495500,285.3,36,0,0,0,0,0,0,0,0,285.35,166,0,0,0,0,0,0,0,0
192,2017-04-24,09:01:36,0,au1706,XSGE,285.3,284.85,287.95,168668,48374599300,218074,209336,300.05,271.5,285.8,285.9,0.0,286.35,0.0,0,0,2017-04-24,32496000,285.3,37,0,0,0,0,0,0,0,0,285.35,167,0,0,0,0,0,0,0,0
193,2017-04-24,09:01:36,500,au1706,XSGE,285.3,284.85,287.95,168674,48376311200,218074,209336,300.05,271.5,285.8,285.9,0.0,286.35,0.0,0,0,2017-04-24,32496500,285.3,36,0,0,0,0,0,0,0,0,285.35,168,0,0,0,0,0,0,0,0
194,2017-04-24,09:01:37,0,au1706,XSGE,285.3,284.85,287.95,168676,48376881800,218076,209336,300.05,271.5,285.8,285.9,0.0,286.35,0.0,0,0,2017-04-24,32497000,285.3,16,0,0,0,0,0,0,0,0,285.35,168,0,0,0,0,0,0,0,0
195,2017-04-24,09:01:37,500,au1706,XSGE,285.3,284.85,287.95,168710,48386582000,218102,209336,300.05,271.5,285.8,285.9,0.0,286.35,0.0,0,0,2017-04-24,32497500,285.25,191,0,0,0,0,0,0,0,0,285.3,38,0,0,0,0,0,0,0,0
196,2017-04-24,09:01:38,0,au1706,XSGE,285.3,284.85,287.95,168712,48387152600,218104,209336,300.05,271.5,285.8,285.9,0.0,286.35,0.0,0,0,2017-04-24,32498000,285.25,191,0,0,0,0,0,0,0,0,285.3,38,0,0,0,0,0,0,0,0
197,2017-04-24,09:01:38,500,au1706,XSGE,285.3,284.85,287.95,168714,48387723200,218104,209336,300.05,271.5,285.8,285.9,0.0,286.35,0.0,0,0,2017-04-24,32498500,285.25,190,0,0,0,0,0,0,0,0,285.3,38,0,0,0,0,0,0,0,0
198,2017-04-24,09:01:39,0,au1706,XSGE,285.3,284.85,287.95,168714,48387723200,218104,209336,300.05,271.5,285.8,285.9,0.0,286.35,0.0,0,0,2017-04-24,32499000,285.25,190,0,0,0,0,0,0,0,0,285.3,38,0,0,0,0,0,0,0,0
199,2017-04-24,09:01:39,500,au1706,XSGE,285.3,284.85,287.95,168714,48387723200,218104,209336,300.05,271.5,285.8,285.9,0.0,286.35,0.0,0,0,2017-04-24,32499500,285.25,190,0,0,0,0,0,0,0,0,285.3,38,0,0,0,0,0,0,0,0
200,2017-04-24,09:01:40,0,au1706,XSGE,285.3,284.85,287.95,168734,48393429200,218100,209336,300.05,271.5,285.8,285.9,0.0,286.35,0.0,0,0,2017-04-24,32500000,285.25,193,0,0,0,0,0,0,0,0,285.3,29,0,0,0,0,0,0,0,0
201,2017-04-24,09:01:40,500,au1706,XSGE,285.25,284.85,287.95,168778,48405980200,218080,209336,300.05,271.5,285.8,285.9,0.0,286.35,0.0,0,0,2017-04-24,32500500,285.25,173,0,0,0,0,0,0,0,0,285.3,29,0,0,0,0,0,0,0,0
202,2017-04-24,09:01:41,0,au1706,XSGE,285.3,284.85,287.95,168818,48417392200,218076,209336,300.05,271.5,285.8,285.9,0.0,286.35,0.0,0,0,2017-04-24,32501000,285.25,173,0,0,0,0,0,0,0,0,285.3,10,0,0,0,0,0,0,0,0
203,2017-04-24,09:01:41,500,au1706,XSGE,285.3,284.85,287.95,168818,48417392200,218076,209336,300.05,271.5,285.8,285.9,0.0,286.35,0.0,0,0,2017-04-24,32501500,285.25,173,0,0,0,0,0,0,0,0,285.3,22,0,0,0,0,0,0,0,0
204,2017-04-24,09:01:42,0,au1706,XSGE,285.3,284.85,287.95,168818,48417392200,218076,209336,300.05,271.5,285.8,285.9,0.0,286.35,0.0,0,0,2017-04-24,32502000,285.25,173,0,0,0,0,0,0,0,0,285.3,22,0,0,0,0,0,0,0,0
205,2017-04-24,09:01:42,500,au1706,XSGE,285.3,284.85,287.95,168820,48417962800,218076,209336,300.05,271.5,285.8,285.9,0.0,286.35,0.0,0,0,2017-04-24,32502500,285.25,173,0,0,0,0,0,0,0,0,285.3,21,0,0,0,0,0,0,0,0
206,2017-04-24,09:01:43,0,au1706,XSGE,285.3,284.85,287.95,168822,48418533400,218074,209336,300.05,271.5,285.8,285.9,0.0,286.35,0.0,0,0,2017-04-24,32503000,285.25,174,0,0,0,0,0,0,0,0,285.3,24,0,0,0,0,0,0,0,0
207,2017-04-24,09:01:43,500,au1706,XSGE,285.3,284.85,287.95,168822,48418533400,218074,209336,300.05,271.5,285.8,285.9,0.0,286.35,0.0,0,0,2017-04-24,32503500,285.25,159,0,0,0,0,0,0,0,0,285.3,24,0,0,0,0,0,0,0,0
208,2017-04-24,09:01:44,0,au1706,XSGE,285.25,284.85,287.95,168828,48420245000,218074,209336,300.05,271.5,285.8,285.9,0.0,286.35,0.0,0,0,2017-04-24,32504000,285.25,157,0,0,0,0,0,0,0,0,285.3,23,0,0,0,0,0,0,0,0
209,2017-04-24,09:01:44,500,au1706,XSGE,285.3,284.85,287.95,168830,48420815600,218074,209336,300.05,271.5,285.8,285.9,0.0,286.35,0.0,0,0,2017-04-24,32504500,285.25,157,0,0,0,0,0,0,0,0,285.3,22,0,0,0,0,0,0,0,0
210,2017-04-24,09:01:45,0,au1706,XSGE,285.3,284.85,287.95,168838,48423098000,218070,209336,300.05,271.5,285.8,285.9,0.0,286.35,0.0,0,0,2017-04-24,32505000,285.25,157,0,0,0,0,0,0,0,0,285.3,17,0,0,0,0,0,0,0,0
211,2017-04-24,09:01:45,500,au1706,XSGE,285.3,284.85,287.95,168838,48423098000,218070,209336,300.05,271.5,285.8,285.9,0.0,286.35,0.0,0,0,2017-04-24,32505500,285.25,129,0,0,0,0,0,0,0,0,285.3,51,0,0,0,0,0,0,0,0
212,2017-04-24,09:01:46,0,au1706,XSGE,285.3,284.85,287.95,168862,48429945200,218052,209336,300.05,271.5,285.8,285.9,0.0,286.35,0.0,0,0,2017-04-24,32506000,285.25,129,0,0,0,0,0,0,0,0,285.3,43,0,0,0,0,0,0,0,0
213,2017-04-24,09:01:46,500,au1706,XSGE,285.3,284.85,287.95,168868,48431657000,218046,209336,300.05,271.5,285.8,285.9,0.0,286.35,0.0,0,0,2017-04-24,32506500,285.25,129,0,0,0,0,0,0,0,0,285.3,51,0,0,0,0,0,0,0,0
214,2017-04-24,09:01:47,0,au1706,XSGE,285.3,284.85,287.95,168978,48463040300,218038,209336,300.05,271.5,285.8,285.9,0.0,286.35,0.0,0,0,2017-04-24,32507000,285.3,54,0,0,0,0,0,0,0,0,285.35,161,0,0,0,0,0,0,0,0
215,2017-04-24,09:01:47,500,au1706,XSGE,285.35,284.85,287.95,168990,48466464200,218038,209336,300.05,271.5,285.8,285.9,0.0,286.35,0.0,0,0,2017-04-24,32507500,285.3,52,0,0,0,0,0,0,0,0,285.35,161,0,0,0,0,0,0,0,0
216,2017-04-24,09:01:48,0,au1706,XSGE,285.35,284.85,287.95,168994,48467605600,218038,209336,300.05,271.5,285.8,285.9,0.0,286.35,0.0,0,0,2017-04-24,32508000,285.3,52,0,0,0,0,0,0,0,0,285.35,159,0,0,0,0,0,0,0,0
217,2017-04-24,09:01:48,500,au1706,XSGE,285.35,284.85,287.95,168996,48468176300,218040,209336,300.05,271.5,285.8,285.9,0.0,286.35,0.0,0,0,2017-04-24,32508500,285.3,52,0,0,0,0,0,0,0,0,285.35,158,0,0,0,0,0,0,0,0
218,2017-04-24,09:01:49,0,au1706,XSGE,285.3,284.85,287.95,168998,48468746900,218040,209336,300.05,271.5,285.8,285.9,0.0,286.35,0.0,0,0,2017-04-24,32509000,285.3,71,0,0,0,0,0,0,0,0,285.35,158,0,0,0,0,0,0,0,0
219,2017-04-24,09:01:49,500,au1706,XSGE,285.3,284.85,287.95,168998,48468746900,218040,209336,300.05,271.5,285.8,285.9,0.0,286.35,0.0,0,0,2017-04-24,32509500,285.3,93,0,0,0,0,0,0,0,0,285.35,158,0,0,0,0,0,0,0,0
220,2017-04-24,09:01:50,0,au1706,XSGE,285.3,284.85,287.95,169038,48480160300,218056,209336,300.05,271.5,285.8,285.9,0.0,286.35,0.0,0,0,2017-04-24,32510000,285.3,87,0,0,0,0,0,0,0,0,285.35,144,0,0,0,0,0,0,0,0
221,2017-04-24,09:01:50,500,au1706,XSGE,285.3,284.85,287.95,169044,48481872200,218054,209336,300.05,271.5,285.8,285.9,0.0,286.35,0.0,0,0,2017-04-24,32510500,285.3,85,0,0,0,0,0,0,0,0,285.35,140,0,0,0,0,0,0,0,0
222,2017-04-24,09:01:51,0,au1706,XSGE,285.3,284.85,287.95,169074,48490432200,218054,209336,300.05,271.5,285.8,285.9,0.0,286.35,0.0,0,0,2017-04-24,32511000,285.3,80,0,0,0,0,0,0,0,0,285.35,130,0,0,0,0,0,0,0,0
223,2017-04-24,09:01:51,500,au1706,XSGE,285.3,284.85,287.95,169080,48492144000,218050,209336,300.05,271.5,285.8,285.9,0.0,286.35,0.0,0,0,2017-04-24,32511500,285.3,77,0,0,0,0,0,0,0,0,285.35,130,0,0,0,0,0,0,0,0
224,2017-04-24,09:01:52,0,au1706,XSGE,285.35,284.85,287.95,169082,48492714700,218050,209336,300.05,271.5,285.8,285.9,0.0,286.35,0.0,0,0,2017-04-24,32512000,285.3,77,0,0,0,0,0,0,0,0,285.35,129,0,0,0,0,0,0,0,0
225,2017-04-24,09:01:52,500,au1706,XSGE,285.3,284.85,287.95,169088,48494426500,218044,209336,300.05,271.5,285.8,285.9,0.0,286.35,0.0,0,0,2017-04-24,32512500,285.3,75,0,0,0,0,0,0,0,0,285.35,129,0,0,0,0,0,0,0,0
226,2017-04-24,09:01:53,0,au1706,XSGE,285.3,284.85,287.95,169094,48496138400,218044,209336,300.05,271.5,285.8,285.9,0.0,286.35,0.0,0,0,2017-04-24,32513000,285.3,73,0,0,0,0,0,0,0,0,285.35,128,0,0,0,0,0,0,0,0
227,2017-04-24,09:01:53,500,au1706,XSGE,285.3,284.85,287.95,169104,48498991400,218034,209336,300.05,271.5,285.8,285.9,0.0,286.35,0.0,0,0,2017-04-24,32513500,285.3,48,0,0,0,0,0,0,0,0,285.35,128,0,0,0,0,0,0,0,0
228,2017-04-24,09:01:54,0,au1706,XSGE,285.3,284.85,287.95,169144,48510404300,218018,209336,300.05,271.5,285.8,285.9,0.0,286.35,0.0,0,0,2017-04-24,32514000,285.3,42,0,0,0,0,0,0,0,0,285.35,122,0,0,0,0,0,0,0,0
229,2017-04-24,09:01:54,500,au1706,XSGE,285.3,284.85,287.95,169168,48517252600,218016,209336,300.05,271.5,285.8,285.9,0.0,286.35,0.0,0,0,2017-04-24,32514500,285.3,21,0,0,0,0,0,0,0,0,285.35,111,0,0,0,0,0,0,0,0
230,2017-04-24,09:01:55,0,au1706,XSGE,285.35,284.85,287.95,169254,48541792700,218020,209336,300.05,271.5,285.8,285.9,0.0,286.35,0.0,0,0,2017-04-24,32515000,285.3,21,0,0,0,0,0,0,0,0,285.35,71,0,0,0,0,0,0,0,0
231,2017-04-24,09:01:55,500,au1706,XSGE,285.35,284.85,287.95,169384,48578887700,217982,209336,300.05,271.5,285.8,285.9,0.0,286.35,0.0,0,0,2017-04-24,32515500,285.3,35,0,0,0,0,0,0,0,0,285.35,6,0,0,0,0,0,0,0,0
232,2017-04-24,09:01:56,0,au1706,XSGE,285.3,284.85,287.95,169410,48586306000,217966,209336,300.05,271.5,285.8,285.9,0.0,286.35,0.0,0,0,2017-04-24,32516000,285.3,89,0,0,0,0,0,0,0,0,285.35,5,0,0,0,0,0,0,0,0
233,2017-04-24,09:01:56,500,au1706,XSGE,285.3,284.85,287.95,169484,48607420100,218012,209336,300.05,271.5,285.8,285.9,0.0,286.35,0.0,0,0,2017-04-24,32516500,285.3,71,0,0,0,0,0,0,0,0,285.35,2,0,0,0,0,0,0,0,0
234,2017-04-24,09:01:57,0,au1706,XSGE,285.3,284.85,287.95,169500,48611985200,218012,209336,300.05,271.5,285.8,285.9,0.0,286.35,0.0,0,0,2017-04-24,32517000,285.3,67,0,0,0,0,0,0,0,0,285.35,4,0,0,0,0,0,0,0,0
235,2017-04-24,09:01:57,500,au1706,XSGE,285.35,284.85,287.95,169518,48617121500,218000,209336,300.05,271.5,285.8,285.9,0.0,286.35,0.0,0,0,2017-04-24,32517500,285.35,1,0,0,0,0,0,0,0,0,285.4,327,0,0,0,0,0,0,0,0
236,2017-04-24,09:01:58,0,au1706,XSGE,285.3,284.85,287.95,169540,48623398500,217996,209336,300.05,271.5,285.8,285.9,0.0,286.35,0.0,0,0,2017-04-24,32518000,285.3,84,0,0,0,0,0,0,0,0,285.35,90,0,0,0,0,0,0,0,0
237,2017-04-24,09:01:58,500,au1706,XSGE,285.3,284.85,287.95,169542,48623969100,217998,209336,300.05,271.5,285.8,285.9,0.0,286.35,0.0,0,0,2017-04-24,32518500,285.3,77,0,0,0,0,0,0,0,0,285.35,99,0,0,0,0,0,0,0,0
238,2017-04-24,09:01:59,0,au1706,XSGE,285.3,284.85,287.95,169542,48623969100,217998,209336,300.05,271.5,285.8,285.9,0.0,286.35,0.0,0,0,2017-04-24,32519000,285.3,75,0,0,0,0,0,0,0,0,285.35,115,0,0,0,0,0,0,0,0
239,2017-04-24,09:01:59,500,au1706,XSGE,285.3,284.85,287.95,169598,48639947500,217986,209336,300.05,271.5,285.8,285.9,0.0,286.35,0.0,0,0,2017-04-24,32519500,285.3,65,0,0,0,0,0,0,0,0,285.35,102,0,0,0,0,0,0,0,0
240,2017-04-24,09:02:00,0,au1706,XSGE,285.35,284.85,287.95,169800,48697588200,217964,209336,300.05,271.5,285.8,285.9,0.0,286.35,0.0,0,0,2017-04-24,32520000,285.3,66,0,0,0,0,0,0,0,0,285.35,11,0,0,0,0,0,0,0,0
241,2017-04-24,09:02:00,500,au1706,XSGE,285.3,284.85,287.95,169868,48716989200,217912,209336,300.05,271.5,285.8,285.9,0.0,286.35,0.0,0,0,2017-04-24,32520500,285.3,39,0,0,0,0,0,0,0,0,285.35,7,0,0,0,0,0,0,0,0
242,2017-04-24,09:02:01,0,au1706,XSGE,285.3,284.85,287.95,169876,48719271600,217906,209336,300.05,271.5,285.8,285.9,0.0,286.35,0.0,0,0,2017-04-24,32521000,285.3,48,0,0,0,0,0,0,0,0,285.35,37,0,0,0,0,0,0,0,0
243,2017-04-24,09:02:01,500,au1706,XSGE,285.3,284.85,287.95,169876,48719271600,217906,209336,300.05,271.5,285.8,285.9,0.0,286.35,0.0,0,0,2017-04-24,32521500,285.3,43,0,0,0,0,0,0,0,0,285.35,39,0,0,0,0,0,0,0,0
244,2017-04-24,09:02:02,0,au1706,XSGE,285.35,284.85,287.95,169920,48731826900,217886,209336,300.05,271.5,285.8,285.9,0.0,286.35,0.0,0,0,2017-04-24,32522000,285.3,43,0,0,0,0,0,0,0,0,285.35,19,0,0,0,0,0,0,0,0
245,2017-04-24,09:02:02,500,au1706,XSGE,285.3,284.85,287.95,169926,48733538900,217882,209336,300.05,271.5,285.8,285.9,0.0,286.35,0.0,0,0,2017-04-24,32522500,285.3,47,0,0,0,0,0,0,0,0,285.35,22,0,0,0,0,0,0,0,0
246,2017-04-24,09:02:03,0,au1706,XSGE,285.3,284.85,287.95,169930,48734680200,217882,209336,300.05,271.5,285.8,285.9,0.0,286.35,0.0,0,0,2017-04-24,32523000,285.3,46,0,0,0,0,0,0,0,0,285.35,23,0,0,0,0,0,0,0,0
247,2017-04-24,09:02:03,500,au1706,XSGE,285.3,284.85,287.95,169930,48734680200,217882,209336,300.05,271.5,285.8,285.9,0.0,286.35,0.0,0,0,2017-04-24,32523500,285.3,58,0,0,0,0,0,0,0,0,285.35,43,0,0,0,0,0,0,0,0
248,2017-04-24,09:02:04,0,au1706,XSGE,285.3,284.85,287.95,169934,48735821400,217882,209336,300.05,271.5,285.8,285.9,0.0,286.35,0.0,0,0,2017-04-24,32524000,285.3,56,0,0,0,0,0,0,0,0,285.35,96,0,0,0,0,0,0,0,0
249,2017-04-24,09:02:04,500,au1706,XSGE,285.3,284.85,287.95,169936,48736392000,217882,209336,300.05,271.5,285.8,285.9,0.0,286.35,0.0,0,0,2017-04-24,32524500,285.3,56,0,0,0,0,0,0,0,0,285.35,117,0,0,0,0,0,0,0,0
250,2017-04-24,09:02:05,0,au1706,XSGE,285.35,284.85,287.95,169938,48736962700,217880,209336,300.05,271.5,285.8,285.9,0.0,286.35,0.0,0,0,2017-04-24,32525000,285.3,54,0,0,0,0,0,0,0,0,285.35,133,0,0,0,0,0,0,0,0
251,2017-04-24,09:02:05,500,au1706,XSGE,285.3,284.85,287.95,169948,48739815800,217872,209336,300.05,271.5,285.8,285.9,0.0,286.35,0.0,0,0,2017-04-24,32525500,285.3,50,0,0,0,0,0,0,0,0,285.35,132,0,0,0,0,0,0,0,0
252,2017-04-24,09:02:06,0,au1706,XSGE,285.35,284.85,287.95,169950,48740386500,217872,209336,300.05,271.5,285.8,285.9,0.0,286.35,0.0,0,0,2017-04-24,32526000,285.3,51,0,0,0,0,0,0,0,0,285.35,130,0,0,0,0,0,0,0,0
253,2017-04-24,09:02:06,500,au1706,XSGE,285.35,284.85,287.95,170152,48798027100,217802,209336,300.05,271.5,285.8,285.9,0.0,286.35,0.0,0,0,2017-04-24,32526500,285.3,50,0,0,0,0,0,0,0,0,285.35,38,0,0,0,0,0,0,0,0
254,2017-04-24,09:02:07,0,au1706,XSGE,285.35,284.85,287.95,170154,48798597800,217800,209336,300.05,271.5,285.8,285.9,0.0,286.35,0.0,0,0,2017-04-24,32527000,285.3,58,0,0,0,0,0,0,0,0,285.35,44,0,0,0,0,0,0,0,0
255,2017-04-24,09:02:07,500,au1706,XSGE,285.35,284.85,287.95,170162,48800880600,217792,209336,300.05,271.5,285.8,285.9,0.0,286.35,0.0,0,0,2017-04-24,32527500,285.3,58,0,0,0,0,0,0,0,0,285.35,47,0,0,0,0,0,0,0,0
256,2017-04-24,09:02:08,0,au1706,XSGE,285.3,284.85,287.95,170164,48801451200,217792,209336,300.05,271.5,285.8,285.9,0.0,286.35,0.0,0,0,2017-04-24,32528000,285.3,65,0,0,0,0,0,0,0,0,285.35,48,0,0,0,0,0,0,0,0
257,2017-04-24,09:02:08,500,au1706,XSGE,285.35,284.85,287.95,170166,48802021900,217792,209336,300.05,271.5,285.8,285.9,0.0,286.35,0.0,0,0,2017-04-24,32528500,285.3,65,0,0,0,0,0,0,0,0,285.35,48,0,0,0,0,0,0,0,0
258,2017-04-24,09:02:09,0,au1706,XSGE,285.35,284.85,287.95,170166,48802021900,217792,209336,300.05,271.5,285.8,285.9,0.0,286.35,0.0,0,0,2017-04-24,32529000,285.3,65,0,0,0,0,0,0,0,0,285.35,48,0,0,0,0,0,0,0,0
259,2017-04-24,09:02:09,500,au1706,XSGE,285.3,284.85,287.95,170176,48804874900,217786,209336,300.05,271.5,285.8,285.9,0.0,286.35,0.0,0,0,2017-04-24,32529500,285.3,60,0,0,0,0,0,0,0,0,285.35,48,0,0,0,0,0,0,0,0
260,2017-04-24,09:02:10,0,au1706,XSGE,285.35,284.85,287.95,170186,48807728400,217778,209336,300.05,271.5,285.8,285.9,0.0,286.35,0.0,0,0,2017-04-24,32530000,285.3,90,0,0,0,0,0,0,0,0,285.35,45,0,0,0,0,0,0,0,0
261,2017-04-24,09:02:10,500,au1706,XSGE,285.35,284.85,287.95,170186,48807728400,217778,209336,300.05,271.5,285.8,285.9,0.0,286.35,0.0,0,0,2017-04-24,32530500,285.3,90,0,0,0,0,0,0,0,0,285.35,43,0,0,0,0,0,0,0,0
262,2017-04-24,09:02:11,0,au1706,XSGE,285.35,284.85,287.95,170220,48817430300,217802,209336,300.05,271.5,285.8,285.9,0.0,286.35,0.0,0,0,2017-04-24,32531000,285.3,90,0,0,0,0,0,0,0,0,285.35,27,0,0,0,0,0,0,0,0
263,2017-04-24,09:02:11,500,au1706,XSGE,285.35,284.85,287.95,170234,48821425200,217796,209336,300.05,271.5,285.8,285.9,0.0,286.35,0.0,0,0,2017-04-24,32531500,285.3,91,0,0,0,0,0,0,0,0,285.35,20,0,0,0,0,0,0,0,0
264,2017-04-24,09:02:12,0,au1706,XSGE,285.35,284.85,287.95,170270,48831697800,217808,209336,300.05,271.5,285.8,285.9,0.0,286.35,0.0,0,0,2017-04-24,32532000,285.3,91,0,0,0,0,0,0,0,0,285.35,1,0,0,0,0,0,0,0,0
265,2017-04-24,09:02:12,500,au1706,XSGE,285.35,284.85,287.95,170292,48837975500,217808,209336,300.05,271.5,285.8,285.9,0.0,286.35,0.0,0,0,2017-04-24,32532500,285.35,24,0,0,0,0,0,0,0,0,285.4,363,0,0,0,0,0,0,0,0
266,2017-04-24,09:02:13,0,au1706,XSGE,285.35,284.85,287.95,170304,48841399900,217810,209336,300.05,271.5,285.8,285.9,0.0,286.35,0.0,0,0,2017-04-24,32533000,285.35,37,0,0,0,0,0,0,0,0,285.4,381,0,0,0,0,0,0,0,0
267,2017-04-24,09:02:13,500,au1706,XSGE,285.35,284.85,287.95,170320,48845965500,217816,209336,300.05,271.5,285.8,285.9,0.0,286.35,0.0,0,0,2017-04-24,32533500,285.35,29,0,0,0,0,0,0,0,0,285.4,382,0,0,0,0,0,0,0,0
268,2017-04-24,09:02:14,0,au1706,XSGE,285.35,284.85,287.95,170328,48848248300,217822,209336,300.05,271.5,285.8,285.9,0.0,286.35,0.0,0,0,2017-04-24,32534000,285.35,25,0,0,0,0,0,0,0,0,285.4,382,0,0,0,0,0,0,0,0
269,2017-04-24,09:02:14,500,au1706,XSGE,285.35,284.85,287.95,170328,48848248300,217822,209336,300.05,271.5,285.8,285.9,0.0,286.35,0.0,0,0,2017-04-24,32534500,285.35,27,0,0,0,0,0,0,0,0,285.4,384,0,0,0,0,0,0,0,0
270,2017-04-24,09:02:15,0,au1706,XSGE,285.35,284.85,287.95,170330,48848819000,217824,209336,300.05,271.5,285.8,285.9,0.0,286.35,0.0,0,0,2017-04-24,32535000,285.35,26,0,0,0,0,0,0,0,0,285.4,384,0,0,0,0,0,0,0,0
271,2017-04-24,09:02:15,500,au1706,XSGE,285.35,284.85,287.95,170334,48849960400,217826,209336,300.05,271.5,285.8,285.9,0.0,286.35,0.0,0,0,2017-04-24,32535500,285.35,24,0,0,0,0,0,0,0,0,285.4,384,0,0,0,0,0,0,0,0
272,2017-04-24,09:02:16,0,au1706,XSGE,285.4,284.85,287.95,170336,48850531200,217826,209336,300.05,271.5,285.8,285.9,0.0,286.35,0.0,0,0,2017-04-24,32536000,285.35,25,0,0,0,0,0,0,0,0,285.4,383,0,0,0,0,0,0,0,0
273,2017-04-24,09:02:16,500,au1706,XSGE,285.4,284.85,287.95,170346,48853385100,217820,209336,300.05,271.5,285.8,285.9,0.0,286.35,0.0,0,0,2017-04-24,32536500,285.35,24,0,0,0,0,0,0,0,0,285.4,379,0,0,0,0,0,0,0,0
274,2017-04-24,09:02:17,0,au1706,XSGE,285.4,284.85,287.95,170416,48873359300,217864,209336,300.05,271.5,285.8,285.9,0.0,286.35,0.0,0,0,2017-04-24,32537000,285.3,87,0,0,0,0,0,0,0,0,285.35,1,0,0,0,0,0,0,0,0
275,2017-04-24,09:02:17,500,au1706,XSGE,285.3,284.85,287.95,170434,48878494800,217866,209336,300.05,271.5,285.8,285.9,0.0,286.35,0.0,0,0,2017-04-24,32537500,285.3,79,0,0,0,0,0,0,0,0,285.35,32,0,0,0,0,0,0,0,0
276,2017-04-24,09:02:18,0,au1706,XSGE,285.35,284.85,287.95,170438,48879636100,217866,209336,300.05,271.5,285.8,285.9,0.0,286.35,0.0,0,0,2017-04-24,32538000,285.3,93,0,0,0,0,0,0,0,0,285.35,41,0,0,0,0,0,0,0,0
277,2017-04-24,09:02:18,500,au1706,XSGE,285.35,284.85,287.95,170488,48893901300,217854,209336,300.05,271.5,285.8,285.9,0.0,286.35,0.0,0,0,2017-04-24,32538500,285.3,70,0,0,0,0,0,0,0,0,285.35,45,0,0,0,0,0,0,0,0
278,2017-04-24,09:02:19,0,au1706,XSGE,285.35,284.85,287.95,170496,48896184100,217854,209336,300.05,271.5,285.8,285.9,0.0,286.35,0.0,0,0,2017-04-24,32539000,285.3,65,0,0,0,0,0,0,0,0,285.35,54,0,0,0,0,0,0,0,0
279,2017-04-24,09:02:19,500,au1706,XSGE,285.35,284.85,287.95,170500,48897325500,217858,209336,300.05,271.5,285.8,285.9,0.0,286.35,0.0,0,0,2017-04-24,32539500,285.3,66,0,0,0,0,0,0,0,0,285.35,62,0,0,0,0,0,0,0,0
280,2017-04-24,09:02:20,0,au1706,XSGE,285.35,284.85,287.95,170502,48897896200,217858,209336,300.05,271.5,285.8,285.9,0.0,286.35,0.0,0,0,2017-04-24,32540000,285.3,36,0,0,0,0,0,0,0,0,285.35,91,0,0,0,0,0,0,0,0
281,2017-04-24,09:02:20,500,au1706,XSGE,285.3,284.85,287.95,170574,48918437800,217860,209336,300.05,271.5,285.8,285.9,0.0,286.35,0.0,0,0,2017-04-24,32540500,285.25,115,0,0,0,0,0,0,0,0,285.35,93,0,0,0,0,0,0,0,0
282,2017-04-24,09:02:21,0,au1706,XSGE,285.3,284.85,287.95,170574,48918437800,217860,209336,300.05,271.5,285.8,285.9,0.0,286.35,0.0,0,0,2017-04-24,32541000,285.25,180,0,0,0,0,0,0,0,0,285.3,1,0,0,0,0,0,0,0,0
283,2017-04-24,09:02:21,500,au1706,XSGE,285.35,284.85,287.95,170768,48973793000,217818,209336,300.05,271.5,285.8,285.9,0.0,286.35,0.0,0,0,2017-04-24,32541500,285.35,23,0,0,0,0,0,0,0,0,285.4,371,0,0,0,0,0,0,0,0
284,2017-04-24,09:02:22,0,au1706,XSGE,285.35,284.85,287.95,170822,48989201900,217806,209336,300.05,271.5,285.8,285.9,0.0,286.35,0.0,0,0,2017-04-24,32542000,285.3,34,0,0,0,0,0,0,0,0,285.35,39,0,0,0,0,0,0,0,0
285,2017-04-24,09:02:22,500,au1706,XSGE,285.35,284.85,287.95,170862,49000615600,217784,209336,300.05,271.5,285.8,285.9,0.0,286.35,0.0,0,0,2017-04-24,32542500,285.3,52,0,0,0,0,0,0,0,0,285.35,30,0,0,0,0,0,0,0,0
286,2017-04-24,09:02:23,0,au1706,XSGE,285.35,284.85,287.95,170862,49000615600,217784,209336,300.05,271.5,285.8,285.9,0.0,286.35,0.0,0,0,2017-04-24,32543000,285.3,70,0,0,0,0,0,0,0,0,285.35,30,0,0,0,0,0,0,0,0
287,2017-04-24,09:02:23,500,au1706,XSGE,285.35,284.85,287.95,170862,49000615600,217784,209336,300.05,271.5,285.8,285.9,0.0,286.35,0.0,0,0,2017-04-24,32543500,285.3,73,0,0,0,0,0,0,0,0,285.35,30,0,0,0,0,0,0,0,0
288,2017-04-24,09:02:24,0,au1706,XSGE,285.35,284.85,287.95,170898,49010887000,217752,209336,300.05,271.5,285.8,285.9,0.0,286.35,0.0,0,0,2017-04-24,32544000,285.3,62,0,0,0,0,0,0,0,0,285.35,22,0,0,0,0,0,0,0,0
289,2017-04-24,09:02:24,500,au1706,XSGE,285.35,284.85,287.95,170898,49010887000,217752,209336,300.05,271.5,285.8,285.9,0.0,286.35,0.0,0,0,2017-04-24,32544500,285.3,67,0,0,0,0,0,0,0,0,285.35,23,0,0,0,0,0,0,0,0
290,2017-04-24,09:02:25,0,au1706,XSGE,285.3,284.85,287.95,170938,49022300900,217752,209336,300.05,271.5,285.8,285.9,0.0,286.35,0.0,0,0,2017-04-24,32545000,285.3,62,0,0,0,0,0,0,0,0,285.35,9,0,0,0,0,0,0,0,0
291,2017-04-24,09:02:25,500,au1706,XSGE,285.35,284.85,287.95,170956,49027437200,217748,209336,300.05,271.5,285.8,285.9,0.0,286.35,0.0,0,0,2017-04-24,32545500,285.35,1,0,0,0,0,0,0,0,0,285.4,380,0,0,0,0,0,0,0,0
292,2017-04-24,09:02:26,0,au1706,XSGE,285.3,284.85,287.95,170968,49030860900,217740,209336,300.05,271.5,285.8,285.9,0.0,286.35,0.0,0,0,2017-04-24,32546000,285.3,58,0,0,0,0,0,0,0,0,285.35,2,0,0,0,0,0,0,0,0
293,2017-04-24,09:02:26,500,au1706,XSGE,285.35,284.85,287.95,170980,49034285100,217740,209336,300.05,271.5,285.8,285.9,0.0,286.35,0.0,0,0,2017-04-24,32546500,285.3,58,0,0,0,0,0,0,0,0,285.35,31,0,0,0,0,0,0,0,0
294,2017-04-24,09:02:27,0,au1706,XSGE,285.3,284.85,287.95,171090,49065668100,217652,209336,300.05,271.5,285.8,285.9,0.0,286.35,0.0,0,0,2017-04-24,32547000,285.3,3,0,0,0,0,0,0,0,0,285.35,72,0,0,0,0,0,0,0,0
295,2017-04-24,09:02:27,500,au1706,XSGE,285.3,284.85,287.95,171094,49066809300,217656,209336,300.05,271.5,285.8,285.9,0.0,286.35,0.0,0,0,2017-04-24,32547500,285.25,191,0,0,0,0,0,0,0,0,285.3,4,0,0,0,0,0,0,0,0
296,2017-04-24,09:02:28,0,au1706,XSGE,285.35,284.85,287.95,171104,49069662400,217654,209336,300.05,271.5,285.8,285.9,0.0,286.35,0.0,0,0,2017-04-24,32548000,285.3,31,0,0,0,0,0,0,0,0,285.35,115,0,0,0,0,0,0,0,0
297,2017-04-24,09:02:28,500,au1706,XSGE,285.3,284.85,287.95,171126,49075939000,217632,209336,300.05,271.5,285.8,285.9,0.0,286.35,0.0,0,0,2017-04-24,32548500,285.3,20,0,0,0,0,0,0,0,0,285.35,115,0,0,0,0,0,0,0,0
298,2017-04-24,09:02:29,0,au1706,XSGE,285.3,284.85,287.95,171126,49075939000,217632,209336,300.05,271.5,285.8,285.9,0.0,286.35,0.0,0,0,2017-04-24,32549000,285.3,38,0,0,0,0,0,0,0,0,285.35,115,0,0,0,0,0,0,0,0
299,2017-04-24,09:02:29,500,au1706,XSGE,285.3,284.85,287.95,171166,49087351100,217658,209336,300.05,271.5,285.8,285.9,0.0,286.35,0.0,0,0,2017-04-24,32549500,285.3,19,0,0,0,0,0,0,0,0,285.35,107,0,0,0,0,0,0,0,0
300,2017-04-24,09:02:30,0,au1706,XSGE,285.3,284.85,287.95,171186,49093057100,217660,209336,300.05,271.5,285.8,285.9,0.0,286.35,0.0,0,0,2017-04-24,32550000,285.3,9,0,0,0,0,0,0,0,0,285.35,107,0,0,0,0,0,0,0,0
301,2017-04-24,09:02:30,500,au1706,XSGE,285.3,284.85,287.95,171220,49102757300,217676,209336,300.05,271.5,285.8,285.9,0.0,286.35,0.0,0,0,2017-04-24,32550500,285.25,121,0,0,0,0,0,0,0,0,285.3,2,0,0,0,0,0,0,0,0
302,2017-04-24,09:02:31,0,au1706,XSGE,285.3,284.85,287.95,171228,49105039700,217680,209336,300.05,271.5,285.8,285.9,0.0,286.35,0.0,0,0,2017-04-24,32551000,285.25,121,0,0,0,0,0,0,0,0,285.3,4,0,0,0,0,0,0,0,0
303,2017-04-24,09:02:31,500,au1706,XSGE,285.3,284.85,287.95,171246,49110175100,217680,209336,300.05,271.5,285.8,285.9,0.0,286.35,0.0,0,0,2017-04-24,32551500,285.3,9,0,0,0,0,0,0,0,0,285.35,122,0,0,0,0,0,0,0,0
304,2017-04-24,09:02:32,0,au1706,XSGE,285.3,284.85,287.95,171260,49114169300,217666,209336,300.05,271.5,285.8,285.9,0.0,286.35,0.0,0,0,2017-04-24,32552000,285.3,11,0,0,0,0,0,0,0,0,285.35,122,0,0,0,0,0,0,0,0
305,2017-04-24,09:02:32,500,au1706,XSGE,285.3,284.85,287.95,171260,49114169300,217666,209336,300.05,271.5,285.8,285.9,0.0,286.35,0.0,0,0,2017-04-24,32552500,285.3,12,0,0,0,0,0,0,0,0,285.35,117,0,0,0,0,0,0,0,0
306,2017-04-24,09:02:33,0,au1706,XSGE,285.35,284.85,287.95,171270,49117022700,217664,209336,300.05,271.5,285.8,285.9,0.0,286.35,0.0,0,0,2017-04-24,32553000,285.3,15,0,0,0,0,0,0,0,0,285.35,113,0,0,0,0,0,0,0,0
307,2017-04-24,09:02:33,500,au1706,XSGE,285.35,284.85,287.95,171270,49117022700,217664,209336,300.05,271.5,285.8,285.9,0.0,286.35,0.0,0,0,2017-04-24,32553500,285.3,30,0,0,0,0,0,0,0,0,285.35,114,0,0,0,0,0,0,0,0
308,2017-04-24,09:02:34,0,au1706,XSGE,285.35,284.85,287.95,171282,49120446900,217652,209336,300.05,271.5,285.8,285.9,0.0,286.35,0.0,0,0,2017-04-24,32554000,285.3,32,0,0,0,0,0,0,0,0,285.35,108,0,0,0,0,0,0,0,0
309,2017-04-24,09:02:34,500,au1706,XSGE,285.35,284.85,287.95,171288,49122158800,217646,209336,300.05,271.5,285.8,285.9,0.0,286.35,0.0,0,0,2017-04-24,32554500,285.3,32,0,0,0,0,0,0,0,0,285.35,107,0,0,0,0,0,0,0,0
310,2017-04-24,09:02:35,0,au1706,XSGE,285.35,284.85,287.95,171308,49127865800,217646,209336,300.05,271.5,285.8,285.9,0.0,286.35,0.0,0,0,2017-04-24,32555000,285.3,32,0,0,0,0,0,0,0,0,285.35,98,0,0,0,0,0,0,0,0
311,2017-04-24,09:02:35,500,au1706,XSGE,285.35,284.85,287.95,171368,49144986800,217628,209336,300.05,271.5,285.8,285.9,0.0,286.35,0.0,0,0,2017-04-24,32555500,285.3,34,0,0,0,0,0,0,0,0,285.35,62,0,0,0,0,0,0,0,0
312,2017-04-24,09:02:36,0,au1706,XSGE,285.35,284.85,287.95,171368,49144986800,217628,209336,300.05,271.5,285.8,285.9,0.0,286.35,0.0,0,0,2017-04-24,32556000,285.3,42,0,0,0,0,0,0,0,0,285.35,62,0,0,0,0,0,0,0,0
313,2017-04-24,09:02:36,500,au1706,XSGE,285.35,284.85,287.95,171368,49144986800,217628,209336,300.05,271.5,285.8,285.9,0.0,286.35,0.0,0,0,2017-04-24,32556500,285.3,48,0,0,0,0,0,0,0,0,285.35,62,0,0,0,0,0,0,0,0
314,2017-04-24,09:02:37,0,au1706,XSGE,285.35,284.85,287.95,171368,49144986800,217628,209336,300.05,271.5,285.8,285.9,0.0,286.35,0.0,0,0,2017-04-24,32557000,285.3,52,0,0,0,0,0,0,0,0,285.35,62,0,0,0,0,0,0,0,0
315,2017-04-24,09:02:37,500,au1706,XSGE,285.35,284.85,287.95,171368,49144986800,217628,209336,300.05,271.5,285.8,285.9,0.0,286.35,0.0,0,0,2017-04-24,32557500,285.3,52,0,0,0,0,0,0,0,0,285.35,63,0,0,0,0,0,0,0,0
316,2017-04-24,09:02:38,0,au1706,XSGE,285.35,284.85,287.95,171368,49144986800,217628,209336,300.05,271.5,285.8,285.9,0.0,286.35,0.0,0,0,2017-04-24,32558000,285.3,52,0,0,0,0,0,0,0,0,285.35,70,0,0,0,0,0,0,0,0
317,2017-04-24,09:02:38,500,au1706,XSGE,285.35,284.85,287.95,171368,49144986800,217628,209336,300.05,271.5,285.8,285.9,0.0,286.35,0.0,0,0,2017-04-24,32558500,285.3,55,0,0,0,0,0,0,0,0,285.35,125,0,0,0,0,0,0,0,0
318,2017-04-24,09:02:39,0,au1706,XSGE,285.3,284.85,287.95,171370,49145557400,217626,209336,300.05,271.5,285.8,285.9,0.0,286.35,0.0,0,0,2017-04-24,32559000,285.3,46,0,0,0,0,0,0,0,0,285.35,131,0,0,0,0,0,0,0,0
319,2017-04-24,09:02:39,500,au1706,XSGE,285.3,284.85,287.95,171374,49146698600,217626,209336,300.05,271.5,285.8,285.9,0.0,286.35,0.0,0,0,2017-04-24,32559500,285.3,44,0,0,0,0,0,0,0,0,285.35,131,0,0,0,0,0,0,0,0
320,2017-04-24,09:02:40,0,au1706,XSGE,285.3,284.85,287.95,171378,49147839900,217626,209336,300.05,271.5,285.8,285.9,0.0,286.35,0.0,0,0,2017-04-24,32560000,285.3,45,0,0,0,0,0,0,0,0,285.35,130,0,0,0,0,0,0,0,0
321,2017-04-24,09:02:40,500,au1706,XSGE,285.35,284.85,287.95,171386,49150122700,217626,209336,300.05,271.5,285.8,285.9,0.0,286.35,0.0,0,0,2017-04-24,32560500,285.3,43,0,0,0,0,0,0,0,0,285.35,126,0,0,0,0,0,0,0,0
322,2017-04-24,09:02:41,0,au1706,XSGE,285.35,284.85,287.95,171386,49150122700,217626,209336,300.05,271.5,285.8,285.9,0.0,286.35,0.0,0,0,2017-04-24,32561000,285.3,45,0,0,0,0,0,0,0,0,285.35,126,0,0,0,0,0,0,0,0
323,2017-04-24,09:02:41,500,au1706,XSGE,285.35,284.85,287.95,171386,49150122700,217626,209336,300.05,271.5,285.8,285.9,0.0,286.35,0.0,0,0,2017-04-24,32561500,285.3,44,0,0,0,0,0,0,0,0,285.35,126,0,0,0,0,0,0,0,0
324,2017-04-24,09:02:42,0,au1706,XSGE,285.35,284.85,287.95,171388,49150693400,217626,209336,300.05,271.5,285.8,285.9,0.0,286.35,0.0,0,0,2017-04-24,32562000,285.3,44,0,0,0,0,0,0,0,0,285.35,125,0,0,0,0,0,0,0,0
325,2017-04-24,09:02:42,500,au1706,XSGE,285.3,284.85,287.95,171390,49151264000,217626,209336,300.05,271.5,285.8,285.9,0.0,286.35,0.0,0,0,2017-04-24,32562500,285.3,73,0,0,0,0,0,0,0,0,285.35,121,0,0,0,0,0,0,0,0
326,2017-04-24,09:02:43,0,au1706,XSGE,285.3,284.85,287.95,171390,49151264000,217626,209336,300.05,271.5,285.8,285.9,0.0,286.35,0.0,0,0,2017-04-24,32563000,285.3,76,0,0,0,0,0,0,0,0,285.35,121,0,0,0,0,0,0,0,0
327,2017-04-24,09:02:43,500,au1706,XSGE,285.3,284.85,287.95,171390,49151264000,217626,209336,300.05,271.5,285.8,285.9,0.0,286.35,0.0,0,0,2017-04-24,32563500,285.3,76,0,0,0,0,0,0,0,0,285.35,121,0,0,0,0,0,0,0,0
328,2017-04-24,09:02:44,0,au1706,XSGE,285.35,284.85,287.95,171404,49155258900,217618,209336,300.05,271.5,285.8,285.9,0.0,286.35,0.0,0,0,2017-04-24,32564000,285.3,86,0,0,0,0,0,0,0,0,285.35,114,0,0,0,0,0,0,0,0
329,2017-04-24,09:02:44,500,au1706,XSGE,285.35,284.85,287.95,171406,49155829600,217616,209336,300.05,271.5,285.8,285.9,0.0,286.35,0.0,0,0,2017-04-24,32564500,285.3,87,0,0,0,0,0,0,0,0,285.35,107,0,0,0,0,0,0,0,0
330,2017-04-24,09:02:45,0,au1706,XSGE,285.35,284.85,287.95,171408,49156400300,217616,209336,300.05,271.5,285.8,285.9,0.0,286.35,0.0,0,0,2017-04-24,32565000,285.3,87,0,0,0,0,0,0,0,0,285.35,105,0,0,0,0,0,0,0,0
331,2017-04-24,09:02:45,500,au1706,XSGE,285.35,284.85,287.95,171408,49156400300,217616,209336,300.05,271.5,285.8,285.9,0.0,286.35,0.0,0,0,2017-04-24,32565500,285.3,87,0,0,0,0,0,0,0,0,285.35,105,0,0,0,0,0,0,0,0
332,2017-04-24,09:02:46,0,au1706,XSGE,285.35,284.85,287.95,171408,49156400300,217616,209336,300.05,271.5,285.8,285.9,0.0,286.35,0.0,0,0,2017-04-24,32566000,285.3,87,0,0,0,0,0,0,0,0,285.35,105,0,0,0,0,0,0,0,0
333,2017-04-24,09:02:46,500,au1706,XSGE,285.3,284.85,287.95,171412,49157541500,217614,209336,300.05,271.5,285.8,285.9,0.0,286.35,0.0,0,0,2017-04-24,32566500,285.3,85,0,0,0,0,0,0,0,0,285.35,105,0,0,0,0,0,0,0,0
334,2017-04-24,09:02:47,0,au1706,XSGE,285.3,284.85,287.95,171412,49157541500,217614,209336,300.05,271.5,285.8,285.9,0.0,286.35,0.0,0,0,2017-04-24,32567000,285.3,88,0,0,0,0,0,0,0,0,285.35,105,0,0,0,0,0,0,0,0
335,2017-04-24,09:02:48,0,au1706,XSGE,285.35,284.85,287.95,171418,49159253600,217608,209336,300.05,271.5,285.8,285.9,0.0,286.35,0.0,0,0,2017-04-24,32568000,285.3,159,0,0,0,0,0,0,0,0,285.35,102,0,0,0,0,0,0,0,0
336,2017-04-24,09:02:48,500,au1706,XSGE,285.35,284.85,287.95,171422,49160395000,217608,209336,300.05,271.5,285.8,285.9,0.0,286.35,0.0,0,0,2017-04-24,32568500,285.3,181,0,0,0,0,0,0,0,0,285.35,100,0,0,0,0,0,0,0,0
337,2017-04-24,09:02:49,0,au1706,XSGE,285.35,284.85,287.95,171422,49160395000,217608,209336,300.05,271.5,285.8,285.9,0.0,286.35,0.0,0,0,2017-04-24,32569000,285.3,180,0,0,0,0,0,0,0,0,285.35,94,0,0,0,0,0,0,0,0
338,2017-04-24,09:02:49,500,au1706,XSGE,285.35,284.85,287.95,171424,49160965700,217608,209336,300.05,271.5,285.8,285.9,0.0,286.35,0.0,0,0,2017-04-24,32569500,285.3,180,0,0,0,0,0,0,0,0,285.35,76,0,0,0,0,0,0,0,0
339,2017-04-24,09:02:50,0,au1706,XSGE,285.35,284.85,287.95,171430,49162677800,217602,209336,300.05,271.5,285.8,285.9,0.0,286.35,0.0,0,0,2017-04-24,32570000,285.3,180,0,0,0,0,0,0,0,0,285.35,72,0,0,0,0,0,0,0,0
340,2017-04-24,09:02:50,500,au1706,XSGE,285.35,284.85,287.95,171430,49162677800,217602,209336,300.05,271.5,285.8,285.9,0.0,286.35,0.0,0,0,2017-04-24,32570500,285.3,186,0,0,0,0,0,0,0,0,285.35,72,0,0,0,0,0,0,0,0
341,2017-04-24,09:02:51,0,au1706,XSGE,285.3,284.85,287.95,171440,49165531000,217602,209336,300.05,271.5,285.8,285.9,0.0,286.35,0.0,0,0,2017-04-24,32571000,285.3,183,0,0,0,0,0,0,0,0,285.35,70,0,0,0,0,0,0,0,0
342,2017-04-24,09:02:51,500,au1706,XSGE,285.3,284.85,287.95,171448,49167813400,217594,209336,300.05,271.5,285.8,285.9,0.0,286.35,0.0,0,0,2017-04-24,32571500,285.3,180,0,0,0,0,0,0,0,0,285.35,70,0,0,0,0,0,0,0,0
343,2017-04-24,09:02:52,500,au1706,XSGE,285.35,284.85,287.95,171488,49179227400,217580,209336,300.05,271.5,285.8,285.9,0.0,286.35,0.0,0,0,2017-04-24,32572500,285.3,180,0,0,0,0,0,0,0,0,285.35,62,0,0,0,0,0,0,0,0
344,2017-04-24,09:02:53,0,au1706,XSGE,285.35,284.85,287.95,171490,49179798100,217582,209336,300.05,271.5,285.8,285.9,0.0,286.35,0.0,0,0,2017-04-24,32573000,285.3,180,0,0,0,0,0,0,0,0,285.35,61,0,0,0,0,0,0,0,0
345,2017-04-24,09:02:53,500,au1706,XSGE,285.35,284.85,287.95,171502,49183222300,217582,209336,300.05,271.5,285.8,285.9,0.0,286.35,0.0,0,0,2017-04-24,32573500,285.3,180,0,0,0,0,0,0,0,0,285.35,55,0,0,0,0,0,0,0,0
346,2017-04-24,09:02:54,0,au1706,XSGE,285.35,284.85,287.95,171502,49183222300,217582,209336,300.05,271.5,285.8,285.9,0.0,286.35,0.0,0,0,2017-04-24,32574000,285.3,182,0,0,0,0,0,0,0,0,285.35,55,0,0,0,0,0,0,0,0
347,2017-04-24,09:02:55,0,au1706,XSGE,285.35,284.85,287.95,171506,49184363700,217582,209336,300.05,271.5,285.8,285.9,0.0,286.35,0.0,0,0,2017-04-24,32575000,285.3,198,0,0,0,0,0,0,0,0,285.35,53,0,0,0,0,0,0,0,0
348,2017-04-24,09:02:55,500,au1706,XSGE,285.35,284.85,287.95,171506,49184363700,217582,209336,300.05,271.5,285.8,285.9,0.0,286.35,0.0,0,0,2017-04-24,32575500,285.3,198,0,0,0,0,0,0,0,0,285.35,59,0,0,0,0,0,0,0,0
349,2017-04-24,09:02:56,0,au1706,XSGE,285.35,284.85,287.95,171510,49185505000,217582,209336,300.05,271.5,285.8,285.9,0.0,286.35,0.0,0,0,2017-04-24,32576000,285.3,197,0,0,0,0,0,0,0,0,285.35,59,0,0,0,0,0,0,0,0
350,2017-04-24,09:02:56,500,au1706,XSGE,285.35,284.85,287.95,171518,49187787800,217582,209336,300.05,271.5,285.8,285.9,0.0,286.35,0.0,0,0,2017-04-24,32576500,285.3,199,0,0,0,0,0,0,0,0,285.35,56,0,0,0,0,0,0,0,0
351,2017-04-24,09:02:57,0,au1706,XSGE,285.3,284.85,287.95,171520,49188358400,217582,209336,300.05,271.5,285.8,285.9,0.0,286.35,0.0,0,0,2017-04-24,32577000,285.3,198,0,0,0,0,0,0,0,0,285.35,56,0,0,0,0,0,0,0,0
352,2017-04-24,09:02:57,500,au1706,XSGE,285.3,284.85,287.95,171520,49188358400,217582,209336,300.05,271.5,285.8,285.9,0.0,286.35,0.0,0,0,2017-04-24,32577500,285.3,203,0,0,0,0,0,0,0,0,285.35,56,0,0,0,0,0,0,0,0
353,2017-04-24,09:02:58,0,au1706,XSGE,285.35,284.85,287.95,171532,49191782100,217576,209336,300.05,271.5,285.8,285.9,0.0,286.35,0.0,0,0,2017-04-24,32578000,285.3,198,0,0,0,0,0,0,0,0,285.35,55,0,0,0,0,0,0,0,0
354,2017-04-24,09:02:58,500,au1706,XSGE,285.35,284.85,287.95,171546,49195776500,217570,209336,300.05,271.5,285.8,285.9,0.0,286.35,0.0,0,0,2017-04-24,32578500,285.3,193,0,0,0,0,0,0,0,0,285.35,53,0,0,0,0,0,0,0,0
355,2017-04-24,09:02:59,0,au1706,XSGE,285.3,284.85,287.95,171566,49201482500,217552,209336,300.05,271.5,285.8,285.9,0.0,286.35,0.0,0,0,2017-04-24,32579000,285.3,183,0,0,0,0,0,0,0,0,285.35,55,0,0,0,0,0,0,0,0
356,2017-04-24,09:02:59,500,au1706,XSGE,285.3,284.85,287.95,171566,49201482500,217552,209336,300.05,271.5,285.8,285.9,0.0,286.35,0.0,0,0,2017-04-24,32579500,285.3,177,0,0,0,0,0,0,0,0,285.35,55,0,0,0,0,0,0,0,0
357,2017-04-24,09:03:00,0,au1706,XSGE,285.3,284.85,287.95,171688,49236289100,217454,209336,300.05,271.5,285.8,285.9,0.0,286.35,0.0,0,0,2017-04-24,32580000,285.3,116,0,0,0,0,0,0,0,0,285.35,55,0,0,0,0,0,0,0,0
358,2017-04-24,09:03:00,500,au1706,XSGE,285.3,284.85,287.95,171708,49241995600,217448,209336,300.05,271.5,285.8,285.9,0.0,286.35,0.0,0,0,2017-04-24,32580500,285.3,111,0,0,0,0,0,0,0,0,285.35,87,0,0,0,0,0,0,0,0
359,2017-04-24,09:03:01,0,au1706,XSGE,285.3,284.85,287.95,171718,49244848600,217438,209336,300.05,271.5,285.8,285.9,0.0,286.35,0.0,0,0,2017-04-24,32581000,285.3,106,0,0,0,0,0,0,0,0,285.35,87,0,0,0,0,0,0,0,0
360,2017-04-24,09:03:01,500,au1706,XSGE,285.3,284.85,287.95,171740,49251125200,217416,209336,300.05,271.5,285.8,285.9,0.0,286.35,0.0,0,0,2017-04-24,32581500,285.3,97,0,0,0,0,0,0,0,0,285.35,102,0,0,0,0,0,0,0,0
361,2017-04-24,09:03:02,0,au1706,XSGE,285.3,284.85,287.95,171742,49251695800,217416,209336,300.05,271.5,285.8,285.9,0.0,286.35,0.0,0,0,2017-04-24,32582000,285.3,96,0,0,0,0,0,0,0,0,285.35,135,0,0,0,0,0,0,0,0
362,2017-04-24,09:03:02,500,au1706,XSGE,285.3,284.85,287.95,171766,49258543000,217392,209336,300.05,271.5,285.8,285.9,0.0,286.35,0.0,0,0,2017-04-24,32582500,285.3,108,0,0,0,0,0,0,0,0,285.35,135,0,0,0,0,0,0,0,0
363,2017-04-24,09:03:03,0,au1706,XSGE,285.3,284.85,287.95,171774,49260825700,217392,209336,300.05,271.5,285.8,285.9,0.0,286.35,0.0,0,0,2017-04-24,32583000,285.3,108,0,0,0,0,0,0,0,0,285.35,131,0,0,0,0,0,0,0,0
364,2017-04-24,09:03:03,500,au1706,XSGE,285.3,284.85,287.95,171794,49266531700,217372,209336,300.05,271.5,285.8,285.9,0.0,286.35,0.0,0,0,2017-04-24,32583500,285.3,98,0,0,0,0,0,0,0,0,285.35,142,0,0,0,0,0,0,0,0
365,2017-04-24,09:03:04,500,au1706,XSGE,285.3,284.85,287.95,171820,49273949800,217358,209336,300.05,271.5,285.8,285.9,0.0,286.35,0.0,0,0,2017-04-24,32584500,285.3,88,0,0,0,0,0,0,0,0,285.35,139,0,0,0,0,0,0,0,0
366,2017-04-24,09:03:05,0,au1706,XSGE,285.3,284.85,287.95,171820,49273949800,217358,209336,300.05,271.5,285.8,285.9,0.0,286.35,0.0,0,0,2017-04-24,32585000,285.3,88,0,0,0,0,0,0,0,0,285.35,139,0,0,0,0,0,0,0,0
367,2017-04-24,09:03:05,500,au1706,XSGE,285.3,284.85,287.95,171840,49279655800,217338,209336,300.05,271.5,285.8,285.9,0.0,286.35,0.0,0,0,2017-04-24,32585500,285.3,78,0,0,0,0,0,0,0,0,285.35,213,0,0,0,0,0,0,0,0
368,2017-04-24,09:03:06,500,au1706,XSGE,285.3,284.85,287.95,171862,49285932400,217324,209336,300.05,271.5,285.8,285.9,0.0,286.35,0.0,0,0,2017-04-24,32586500,285.3,68,0,0,0,0,0,0,0,0,285.35,215,0,0,0,0,0,0,0,0
369,2017-04-24,09:03:07,0,au1706,XSGE,285.3,284.85,287.95,171862,49285932400,217324,209336,300.05,271.5,285.8,285.9,0.0,286.35,0.0,0,0,2017-04-24,32587000,285.3,69,0,0,0,0,0,0,0,0,285.35,220,0,0,0,0,0,0,0,0
370,2017-04-24,09:03:07,500,au1706,XSGE,285.3,284.85,287.95,171874,49289356000,217314,209336,300.05,271.5,285.8,285.9,0.0,286.35,0.0,0,0,2017-04-24,32587500,285.3,63,0,0,0,0,0,0,0,0,285.35,220,0,0,0,0,0,0,0,0
371,2017-04-24,09:03:08,0,au1706,XSGE,285.3,284.85,287.95,171874,49289356000,217314,209336,300.05,271.5,285.8,285.9,0.0,286.35,0.0,0,0,2017-04-24,32588000,285.3,64,0,0,0,0,0,0,0,0,285.35,221,0,0,0,0,0,0,0,0
372,2017-04-24,09:03:08,500,au1706,XSGE,285.3,284.85,287.95,171894,49295062000,217300,209336,300.05,271.5,285.8,285.9,0.0,286.35,0.0,0,0,2017-04-24,32588500,285.3,55,0,0,0,0,0,0,0,0,285.35,221,0,0,0,0,0,0,0,0
373,2017-04-24,09:03:09,0,au1706,XSGE,285.3,284.85,287.95,171894,49295062000,217300,209336,300.05,271.5,285.8,285.9,0.0,286.35,0.0,0,0,2017-04-24,32589000,285.3,56,0,0,0,0,0,0,0,0,285.35,221,0,0,0,0,0,0,0,0
374,2017-04-24,09:03:09,500,au1706,XSGE,285.3,284.85,287.95,171904,49297915200,217294,209336,300.05,271.5,285.8,285.9,0.0,286.35,0.0,0,0,2017-04-24,32589500,285.3,53,0,0,0,0,0,0,0,0,285.35,219,0,0,0,0,0,0,0,0
375,2017-04-24,09:03:10,0,au1706,XSGE,285.35,284.85,287.95,171906,49298485900,217296,209336,300.05,271.5,285.8,285.9,0.0,286.35,0.0,0,0,2017-04-24,32590000,285.3,53,0,0,0,0,0,0,0,0,285.35,225,0,0,0,0,0,0,0,0
376,2017-04-24,09:03:10,500,au1706,XSGE,285.35,284.85,287.95,171910,49299627300,217296,209336,300.05,271.5,285.8,285.9,0.0,286.35,0.0,0,0,2017-04-24,32590500,285.3,53,0,0,0,0,0,0,0,0,285.35,223,0,0,0,0,0,0,0,0
377,2017-04-24,09:03:11,500,au1706,XSGE,285.3,284.85,287.95,171922,49303050900,217286,209336,300.05,271.5,285.8,285.9,0.0,286.35,0.0,0,0,2017-04-24,32591500,285.3,47,0,0,0,0,0,0,0,0,285.35,223,0,0,0,0,0,0,0,0
378,2017-04-24,09:03:12,0,au1706,XSGE,285.3,284.85,287.95,171928,49304762700,217280,209336,300.05,271.5,285.8,285.9,0.0,286.35,0.0,0,0,2017-04-24,32592000,285.3,44,0,0,0,0,0,0,0,0,285.35,225,0,0,0,0,0,0,0,0
379,2017-04-24,09:03:12,500,au1706,XSGE,285.35,284.85,287.95,171930,49305333400,217282,209336,300.05,271.5,285.8,285.9,0.0,286.35,0.0,0,0,2017-04-24,32592500,285.3,44,0,0,0,0,0,0,0,0,285.35,225,0,0,0,0,0,0,0,0
380,2017-04-24,09:03:13,0,au1706,XSGE,285.35,284.85,287.95,171930,49305333400,217282,209336,300.05,271.5,285.8,285.9,0.0,286.35,0.0,0,0,2017-04-24,32593000,285.3,60,0,0,0,0,0,0,0,0,285.35,225,0,0,0,0,0,0,0,0
381,2017-04-24,09:03:14,500,au1706,XSGE,285.3,284.85,287.95,171936,49307045200,217282,209336,300.05,271.5,285.8,285.9,0.0,286.35,0.0,0,0,2017-04-24,32594500,285.3,57,0,0,0,0,0,0,0,0,285.35,225,0,0,0,0,0,0,0,0
382,2017-04-24,09:03:15,0,au1706,XSGE,285.3,284.85,287.95,171936,49307045200,217282,209336,300.05,271.5,285.8,285.9,0.0,286.35,0.0,0,0,2017-04-24,32595000,285.3,61,0,0,0,0,0,0,0,0,285.35,225,0,0,0,0,0,0,0,0
383,2017-04-24,09:03:15,500,au1706,XSGE,285.3,284.85,287.95,171966,49315604200,217290,209336,300.05,271.5,285.8,285.9,0.0,286.35,0.0,0,0,2017-04-24,32595500,285.3,57,0,0,0,0,0,0,0,0,285.35,225,0,0,0,0,0,0,0,0
384,2017-04-24,09:03:16,0,au1706,XSGE,285.3,284.85,287.95,171992,49323022000,217290,209336,300.05,271.5,285.8,285.9,0.0,286.35,0.0,0,0,2017-04-24,32596000,285.3,44,0,0,0,0,0,0,0,0,285.35,226,0,0,0,0,0,0,0,0
385,2017-04-24,09:03:16,500,au1706,XSGE,285.3,284.85,287.95,171992,49323022000,217290,209336,300.05,271.5,285.8,285.9,0.0,286.35,0.0,0,0,2017-04-24,32596500,285.3,44,0,0,0,0,0,0,0,0,285.35,211,0,0,0,0,0,0,0,0
386,2017-04-24,09:03:17,0,au1706,XSGE,285.3,284.85,287.95,172004,49326445600,217290,209336,300.05,271.5,285.8,285.9,0.0,286.35,0.0,0,0,2017-04-24,32597000,285.3,74,0,0,0,0,0,0,0,0,285.35,211,0,0,0,0,0,0,0,0
387,2017-04-24,09:03:17,500,au1706,XSGE,285.3,284.85,287.95,172012,49328728000,217286,209336,300.05,271.5,285.8,285.9,0.0,286.35,0.0,0,0,2017-04-24,32597500,285.3,100,0,0,0,0,0,0,0,0,285.35,209,0,0,0,0,0,0,0,0
388,2017-04-24,09:03:18,0,au1706,XSGE,285.3,284.85,287.95,172012,49328728000,217286,209336,300.05,271.5,285.8,285.9,0.0,286.35,0.0,0,0,2017-04-24,32598000,285.3,98,0,0,0,0,0,0,0,0,285.35,203,0,0,0,0,0,0,0,0
389,2017-04-24,09:03:18,500,au1706,XSGE,285.35,284.85,287.95,172020,49331010800,217286,209336,300.05,271.5,285.8,285.9,0.0,286.35,0.0,0,0,2017-04-24,32598500,285.3,106,0,0,0,0,0,0,0,0,285.35,189,0,0,0,0,0,0,0,0
390,2017-04-24,09:03:19,500,au1706,XSGE,285.35,284.85,287.95,172032,49334435000,217298,209336,300.05,271.5,285.8,285.9,0.0,286.35,0.0,0,0,2017-04-24,32599500,285.3,100,0,0,0,0,0,0,0,0,285.35,187,0,0,0,0,0,0,0,0
391,2017-04-24,09:03:20,0,au1706,XSGE,285.3,284.85,287.95,172036,49335576200,217294,209336,300.05,271.5,285.8,285.9,0.0,286.35,0.0,0,0,2017-04-24,32600000,285.3,98,0,0,0,0,0,0,0,0,285.35,202,0,0,0,0,0,0,0,0
392,2017-04-24,09:03:20,500,au1706,XSGE,285.3,284.85,287.95,172036,49335576200,217294,209336,300.05,271.5,285.8,285.9,0.0,286.35,0.0,0,0,2017-04-24,32600500,285.3,100,0,0,0,0,0,0,0,0,285.35,202,0,0,0,0,0,0,0,0
393,2017-04-24,09:03:21,0,au1706,XSGE,285.35,284.85,287.95,172044,49337858700,217294,209336,300.05,271.5,285.8,285.9,0.0,286.35,0.0,0,0,2017-04-24,32601000,285.3,97,0,0,0,0,0,0,0,0,285.35,201,0,0,0,0,0,0,0,0
394,2017-04-24,09:03:21,500,au1706,XSGE,285.3,284.85,287.95,172046,49338429300,217294,209336,300.05,271.5,285.8,285.9,0.0,286.35,0.0,0,0,2017-04-24,32601500,285.3,96,0,0,0,0,0,0,0,0,285.35,202,0,0,0,0,0,0,0,0
395,2017-04-24,09:03:22,0,au1706,XSGE,285.3,284.85,287.95,172046,49338429300,217294,209336,300.05,271.5,285.8,285.9,0.0,286.35,0.0,0,0,2017-04-24,32602000,285.3,97,0,0,0,0,0,0,0,0,285.35,202,0,0,0,0,0,0,0,0
396,2017-04-24,09:03:22,500,au1706,XSGE,285.3,284.85,287.95,172052,49340141100,217294,209336,300.05,271.5,285.8,285.9,0.0,286.35,0.0,0,0,2017-04-24,32602500,285.3,94,0,0,0,0,0,0,0,0,285.35,202,0,0,0,0,0,0,0,0
397,2017-04-24,09:03:23,0,au1706,XSGE,285.3,284.85,287.95,172056,49341282300,217298,209336,300.05,271.5,285.8,285.9,0.0,286.35,0.0,0,0,2017-04-24,32603000,285.3,87,0,0,0,0,0,0,0,0,285.35,203,0,0,0,0,0,0,0,0
398,2017-04-24,09:03:23,500,au1706,XSGE,285.3,284.85,287.95,172056,49341282300,217298,209336,300.05,271.5,285.8,285.9,0.0,286.35,0.0,0,0,2017-04-24,32603500,285.3,89,0,0,0,0,0,0,0,0,285.35,209,0,0,0,0,0,0,0,0
399,2017-04-24,09:03:24,0,au1706,XSGE,285.35,284.85,287.95,172058,49341853000,217298,209336,300.05,271.5,285.8,285.9,0.0,286.35,0.0,0,0,2017-04-24,32604000,285.3,89,0,0,0,0,0,0,0,0,285.35,209,0,0,0,0,0,0,0,0
400,2017-04-24,09:03:24,500,au1706,XSGE,285.35,284.85,287.95,172066,49344135500,217298,209336,300.05,271.5,285.8,285.9,0.0,286.35,0.0,0,0,2017-04-24,32604500,285.3,86,0,0,0,0,0,0,0,0,285.35,208,0,0,0,0,0,0,0,0
401,2017-04-24,09:03:25,0,au1706,XSGE,285.35,284.85,287.95,172070,49345276900,217298,209336,300.05,271.5,285.8,285.9,0.0,286.35,0.0,0,0,2017-04-24,32605000,285.3,86,0,0,0,0,0,0,0,0,285.35,206,0,0,0,0,0,0,0,0
402,2017-04-24,09:03:25,500,au1706,XSGE,285.3,284.85,287.95,172072,49345847500,217298,209336,300.05,271.5,285.8,285.9,0.0,286.35,0.0,0,0,2017-04-24,32605500,285.3,85,0,0,0,0,0,0,0,0,285.35,206,0,0,0,0,0,0,0,0
403,2017-04-24,09:03:26,0,au1706,XSGE,285.3,284.85,287.95,172076,49346988800,217298,209336,300.05,271.5,285.8,285.9,0.0,286.35,0.0,0,0,2017-04-24,32606000,285.3,86,0,0,0,0,0,0,0,0,285.35,205,0,0,0,0,0,0,0,0
404,2017-04-24,09:03:26,500,au1706,XSGE,285.3,284.85,287.95,172076,49346988800,217298,209336,300.05,271.5,285.8,285.9,0.0,286.35,0.0,0,0,2017-04-24,32606500,285.3,86,0,0,0,0,0,0,0,0,285.35,205,0,0,0,0,0,0,0,0
405,2017-04-24,09:03:27,0,au1706,XSGE,285.35,284.85,287.95,172078,49347559500,217298,209336,300.05,271.5,285.8,285.9,0.0,286.35,0.0,0,0,2017-04-24,32607000,285.3,86,0,0,0,0,0,0,0,0,285.35,204,0,0,0,0,0,0,0,0
406,2017-04-24,09:03:27,500,au1706,XSGE,285.3,284.85,287.95,172086,49349841900,217296,209336,300.05,271.5,285.8,285.9,0.0,286.35,0.0,0,0,2017-04-24,32607500,285.3,82,0,0,0,0,0,0,0,0,285.35,204,0,0,0,0,0,0,0,0
407,2017-04-24,09:03:28,0,au1706,XSGE,285.35,284.85,287.95,172108,49356119600,217296,209336,300.05,271.5,285.8,285.9,0.0,286.35,0.0,0,0,2017-04-24,32608000,285.3,83,0,0,0,0,0,0,0,0,285.35,196,0,0,0,0,0,0,0,0
408,2017-04-24,09:03:28,500,au1706,XSGE,285.35,284.85,287.95,172116,49358402400,217290,209336,300.05,271.5,285.8,285.9,0.0,286.35,0.0,0,0,2017-04-24,32608500,285.3,84,0,0,0,0,0,0,0,0,285.35,192,0,0,0,0,0,0,0,0
409,2017-04-24,09:03:29,0,au1706,XSGE,285.35,284.85,287.95,172116,49358402400,217290,209336,300.05,271.5,285.8,285.9,0.0,286.35,0.0,0,0,2017-04-24,32609000,285.3,54,0,0,0,0,0,0,0,0,285.35,192,0,0,0,0,0,0,0,0
410,2017-04-24,09:03:29,500,au1706,XSGE,285.35,284.85,287.95,172116,49358402400,217290,209336,300.05,271.5,285.8,285.9,0.0,286.35,0.0,0,0,2017-04-24,32609500,285.3,53,0,0,0,0,0,0,0,0,285.35,192,0,0,0,0,0,0,0,0
411,2017-04-24,09:03:30,0,au1706,XSGE,285.3,284.85,287.95,172122,49360114200,217284,209336,300.05,271.5,285.8,285.9,0.0,286.35,0.0,0,0,2017-04-24,32610000,285.3,50,0,0,0,0,0,0,0,0,285.35,192,0,0,0,0,0,0,0,0
412,2017-04-24,09:03:30,500,au1706,XSGE,285.3,284.85,287.95,172122,49360114200,217284,209336,300.05,271.5,285.8,285.9,0.0,286.35,0.0,0,0,2017-04-24,32610500,285.3,50,0,0,0,0,0,0,0,0,285.35,193,0,0,0,0,0,0,0,0
413,2017-04-24,09:03:31,500,au1706,XSGE,285.35,284.85,287.95,172146,49366962600,217260,209336,300.05,271.5,285.8,285.9,0.0,286.35,0.0,0,0,2017-04-24,32611500,285.3,50,0,0,0,0,0,0,0,0,285.35,187,0,0,0,0,0,0,0,0
414,2017-04-24,09:03:32,0,au1706,XSGE,285.35,284.85,287.95,172146,49366962600,217260,209336,300.05,271.5,285.8,285.9,0.0,286.35,0.0,0,0,2017-04-24,32612000,285.3,49,0,0,0,0,0,0,0,0,285.35,187,0,0,0,0,0,0,0,0
415,2017-04-24,09:03:32,500,au1706,XSGE,285.3,284.85,287.95,172152,49368674400,217254,209336,300.05,271.5,285.8,285.9,0.0,286.35,0.0,0,0,2017-04-24,32612500,285.3,46,0,0,0,0,0,0,0,0,285.35,187,0,0,0,0,0,0,0,0
416,2017-04-24,09:03:33,0,au1706,XSGE,285.3,284.85,287.95,172152,49368674400,217254,209336,300.05,271.5,285.8,285.9,0.0,286.35,0.0,0,0,2017-04-24,32613000,285.3,46,0,0,0,0,0,0,0,0,285.35,202,0,0,0,0,0,0,0,0
417,2017-04-24,09:03:34,0,au1706,XSGE,285.3,284.85,287.95,172166,49372669100,217252,209336,300.05,271.5,285.8,285.9,0.0,286.35,0.0,0,0,2017-04-24,32614000,285.3,44,0,0,0,0,0,0,0,0,285.35,208,0,0,0,0,0,0,0,0
418,2017-04-24,09:03:34,500,au1706,XSGE,285.35,284.85,287.95,172174,49374951600,217246,209336,300.05,271.5,285.8,285.9,0.0,286.35,0.0,0,0,2017-04-24,32614500,285.3,41,0,0,0,0,0,0,0,0,285.35,207,0,0,0,0,0,0,0,0
419,2017-04-24,09:03:35,0,au1706,XSGE,285.3,284.85,287.95,172328,49418892800,217144,209336,300.05,271.5,285.8,285.9,0.0,286.35,0.0,0,0,2017-04-24,32615000,285.3,14,0,0,0,0,0,0,0,0,285.35,163,0,0,0,0,0,0,0,0
420,2017-04-24,09:03:35,500,au1706,XSGE,285.3,284.85,287.95,172338,49421745800,217134,209336,300.05,271.5,285.8,285.9,0.0,286.35,0.0,0,0,2017-04-24,32615500,285.3,18,0,0,0,0,0,0,0,0,285.35,164,0,0,0,0,0,0,0,0
421,2017-04-24,09:03:36,0,au1706,XSGE,285.3,284.85,287.95,172372,49431446000,217116,209336,300.05,271.5,285.8,285.9,0.0,286.35,0.0,0,0,2017-04-24,32616000,285.3,1,0,0,0,0,0,0,0,0,285.35,165,0,0,0,0,0,0,0,0
422,2017-04-24,09:03:36,500,au1706,XSGE,285.3,284.85,287.95,172374,49432016600,217116,209336,300.05,271.5,285.8,285.9,0.0,286.35,0.0,0,0,2017-04-24,32616500,285.25,111,0,0,0,0,0,0,0,0,285.3,43,0,0,0,0,0,0,0,0
423,2017-04-24,09:03:37,0,au1706,XSGE,285.3,284.85,287.95,172396,49438293100,217102,209336,300.05,271.5,285.8,285.9,0.0,286.35,0.0,0,0,2017-04-24,32617000,285.25,110,0,0,0,0,0,0,0,0,285.3,50,0,0,0,0,0,0,0,0
424,2017-04-24,09:03:37,500,au1706,XSGE,285.3,284.85,287.95,172396,49438293100,217102,209336,300.05,271.5,285.8,285.9,0.0,286.35,0.0,0,0,2017-04-24,32617500,285.25,110,0,0,0,0,0,0,0,0,285.3,71,0,0,0,0,0,0,0,0
425,2017-04-24,09:03:38,0,au1706,XSGE,285.25,284.85,287.95,172402,49440004600,217102,209336,300.05,271.5,285.8,285.9,0.0,286.35,0.0,0,0,2017-04-24,32618000,285.25,107,0,0,0,0,0,0,0,0,285.3,72,0,0,0,0,0,0,0,0
426,2017-04-24,09:03:38,500,au1706,XSGE,285.25,284.85,287.95,172402,49440004600,217102,209336,300.05,271.5,285.8,285.9,0.0,286.35,0.0,0,0,2017-04-24,32618500,285.25,101,0,0,0,0,0,0,0,0,285.3,78,0,0,0,0,0,0,0,0
427,2017-04-24,09:03:39,0,au1706,XSGE,285.25,284.85,287.95,172402,49440004600,217102,209336,300.05,271.5,285.8,285.9,0.0,286.35,0.0,0,0,2017-04-24,32619000,285.25,101,0,0,0,0,0,0,0,0,285.3,78,0,0,0,0,0,0,0,0
428,2017-04-24,09:03:39,500,au1706,XSGE,285.3,284.85,287.95,172410,49442287000,217098,209336,300.05,271.5,285.8,285.9,0.0,286.35,0.0,0,0,2017-04-24,32619500,285.25,101,0,0,0,0,0,0,0,0,285.3,74,0,0,0,0,0,0,0,0
429,2017-04-24,09:03:40,0,au1706,XSGE,285.3,284.85,287.95,172410,49442287000,217098,209336,300.05,271.5,285.8,285.9,0.0,286.35,0.0,0,0,2017-04-24,32620000,285.25,102,0,0,0,0,0,0,0,0,285.3,68,0,0,0,0,0,0,0,0
430,2017-04-24,09:03:40,500,au1706,XSGE,285.3,284.85,287.95,172414,49443428200,217094,209336,300.05,271.5,285.8,285.9,0.0,286.35,0.0,0,0,2017-04-24,32620500,285.25,108,0,0,0,0,0,0,0,0,285.3,66,0,0,0,0,0,0,0,0
431,2017-04-24,09:03:41,0,au1706,XSGE,285.25,284.85,287.95,172420,49445139700,217094,209336,300.05,271.5,285.8,285.9,0.0,286.35,0.0,0,0,2017-04-24,32621000,285.25,105,0,0,0,0,0,0,0,0,285.3,66,0,0,0,0,0,0,0,0
432,2017-04-24,09:03:41,500,au1706,XSGE,285.25,284.85,287.95,172420,49445139700,217094,209336,300.05,271.5,285.8,285.9,0.0,286.35,0.0,0,0,2017-04-24,32621500,285.25,75,0,0,0,0,0,0,0,0,285.3,113,0,0,0,0,0,0,0,0
433,2017-04-24,09:03:42,0,au1706,XSGE,285.3,284.85,287.95,172422,49445710300,217092,209336,300.05,271.5,285.8,285.9,0.0,286.35,0.0,0,0,2017-04-24,32622000,285.25,66,0,0,0,0,0,0,0,0,285.3,129,0,0,0,0,0,0,0,0
434,2017-04-24,09:03:42,500,au1706,XSGE,285.3,284.85,287.95,172422,49445710300,217092,209336,300.05,271.5,285.8,285.9,0.0,286.35,0.0,0,0,2017-04-24,32622500,285.25,65,0,0,0,0,0,0,0,0,285.3,131,0,0,0,0,0,0,0,0
435,2017-04-24,09:03:43,0,au1706,XSGE,285.25,284.85,287.95,172430,49447992400,217088,209336,300.05,271.5,285.8,285.9,0.0,286.35,0.0,0,0,2017-04-24,32623000,285.25,62,0,0,0,0,0,0,0,0,285.3,130,0,0,0,0,0,0,0,0
436,2017-04-24,09:03:43,500,au1706,XSGE,285.3,284.85,287.95,172438,49450274600,217084,209336,300.05,271.5,285.8,285.9,0.0,286.35,0.0,0,0,2017-04-24,32623500,285.25,60,0,0,0,0,0,0,0,0,285.3,134,0,0,0,0,0,0,0,0
437,2017-04-24,09:03:44,0,au1706,XSGE,285.25,284.85,287.95,172440,49450845100,217082,209336,300.05,271.5,285.8,285.9,0.0,286.35,0.0,0,0,2017-04-24,32624000,285.25,59,0,0,0,0,0,0,0,0,285.3,134,0,0,0,0,0,0,0,0
438,2017-04-24,09:03:44,500,au1706,XSGE,285.25,284.85,287.95,172442,49451415600,217080,209336,300.05,271.5,285.8,285.9,0.0,286.35,0.0,0,0,2017-04-24,32624500,285.25,58,0,0,0,0,0,0,0,0,285.3,134,0,0,0,0,0,0,0,0
439,2017-04-24,09:03:45,0,au1706,XSGE,285.25,284.85,287.95,172484,49463396100,217084,209336,300.05,271.5,285.8,285.9,0.0,286.35,0.0,0,0,2017-04-24,32625000,285.25,38,0,0,0,0,0,0,0,0,285.3,134,0,0,0,0,0,0,0,0
440,2017-04-24,09:03:45,500,au1706,XSGE,285.25,284.85,287.95,172560,49485075100,217070,209336,300.05,271.5,285.8,285.9,0.0,286.35,0.0,0,0,2017-04-24,32625500,285.2,119,0,0,0,0,0,0,0,0,285.25,27,0,0,0,0,0,0,0,0
441,2017-04-24,09:03:46,0,au1706,XSGE,285.25,284.85,287.95,172624,49503331300,217094,209336,300.05,271.5,285.8,285.9,0.0,286.35,0.0,0,0,2017-04-24,32626000,285.2,122,0,0,0,0,0,0,0,0,285.25,10,0,0,0,0,0,0,0,0
442,2017-04-24,09:03:46,500,au1706,XSGE,285.25,284.85,287.95,172694,49523298800,217080,209336,300.05,271.5,285.8,285.9,0.0,286.35,0.0,0,0,2017-04-24,32626500,285.25,26,0,0,0,0,0,0,0,0,285.3,80,0,0,0,0,0,0,0,0
443,2017-04-24,09:03:47,0,au1706,XSGE,285.25,284.85,287.95,172706,49526722200,217078,209336,300.05,271.5,285.8,285.9,0.0,286.35,0.0,0,0,2017-04-24,32627000,285.25,26,0,0,0,0,0,0,0,0,285.3,70,0,0,0,0,0,0,0,0
444,2017-04-24,09:03:47,500,au1706,XSGE,285.25,284.85,287.95,172708,49527292700,217076,209336,300.05,271.5,285.8,285.9,0.0,286.35,0.0,0,0,2017-04-24,32627500,285.25,28,0,0,0,0,0,0,0,0,285.3,70,0,0,0,0,0,0,0,0
445,2017-04-24,09:03:48,0,au1706,XSGE,285.25,284.85,287.95,172708,49527292700,217076,209336,300.05,271.5,285.8,285.9,0.0,286.35,0.0,0,0,2017-04-24,32628000,285.25,41,0,0,0,0,0,0,0,0,285.3,70,0,0,0,0,0,0,0,0
446,2017-04-24,09:03:48,500,au1706,XSGE,285.25,284.85,287.95,172714,49529004200,217070,209336,300.05,271.5,285.8,285.9,0.0,286.35,0.0,0,0,2017-04-24,32628500,285.25,39,0,0,0,0,0,0,0,0,285.3,70,0,0,0,0,0,0,0,0
447,2017-04-24,09:03:49,0,au1706,XSGE,285.25,284.85,287.95,172714,49529004200,217070,209336,300.05,271.5,285.8,285.9,0.0,286.35,0.0,0,0,2017-04-24,32629000,285.25,40,0,0,0,0,0,0,0,0,285.3,70,0,0,0,0,0,0,0,0
448,2017-04-24,09:03:49,500,au1706,XSGE,285.3,284.85,287.95,172716,49529574800,217070,209336,300.05,271.5,285.8,285.9,0.0,286.35,0.0,0,0,2017-04-24,32629500,285.25,41,0,0,0,0,0,0,0,0,285.3,70,0,0,0,0,0,0,0,0
449,2017-04-24,09:03:50,0,au1706,XSGE,285.3,284.85,287.95,172718,49530145400,217072,209336,300.05,271.5,285.8,285.9,0.0,286.35,0.0,0,0,2017-04-24,32630000,285.25,58,0,0,0,0,0,0,0,0,285.3,69,0,0,0,0,0,0,0,0
450,2017-04-24,09:03:50,500,au1706,XSGE,285.25,284.85,287.95,172724,49531856900,217072,209336,300.05,271.5,285.8,285.9,0.0,286.35,0.0,0,0,2017-04-24,32630500,285.25,58,0,0,0,0,0,0,0,0,285.3,69,0,0,0,0,0,0,0,0
451,2017-04-24,09:03:51,0,au1706,XSGE,285.25,284.85,287.95,172726,49532427400,217072,209336,300.05,271.5,285.8,285.9,0.0,286.35,0.0,0,0,2017-04-24,32631000,285.25,58,0,0,0,0,0,0,0,0,285.3,69,0,0,0,0,0,0,0,0
452,2017-04-24,09:03:52,0,au1706,XSGE,285.3,284.85,287.95,172728,49532998000,217074,209336,300.05,271.5,285.8,285.9,0.0,286.35,0.0,0,0,2017-04-24,32632000,285.25,59,0,0,0,0,0,0,0,0,285.3,68,0,0,0,0,0,0,0,0
453,2017-04-24,09:03:52,500,au1706,XSGE,285.3,284.85,287.95,172728,49532998000,217074,209336,300.05,271.5,285.8,285.9,0.0,286.35,0.0,0,0,2017-04-24,32632500,285.25,59,0,0,0,0,0,0,0,0,285.3,69,0,0,0,0,0,0,0,0
454,2017-04-24,09:03:53,0,au1706,XSGE,285.25,284.85,287.95,172736,49535280000,217074,209336,300.05,271.5,285.8,285.9,0.0,286.35,0.0,0,0,2017-04-24,32633000,285.25,54,0,0,0,0,0,0,0,0,285.3,54,0,0,0,0,0,0,0,0
455,2017-04-24,09:03:53,500,au1706,XSGE,285.25,284.85,287.95,172738,49535850500,217074,209336,300.05,271.5,285.8,285.9,0.0,286.35,0.0,0,0,2017-04-24,32633500,285.25,48,0,0,0,0,0,0,0,0,285.3,65,0,0,0,0,0,0,0,0
456,2017-04-24,09:03:54,0,au1706,XSGE,285.3,284.85,287.95,172742,49536991700,217074,209336,300.05,271.5,285.8,285.9,0.0,286.35,0.0,0,0,2017-04-24,32634000,285.25,48,0,0,0,0,0,0,0,0,285.3,64,0,0,0,0,0,0,0,0
457,2017-04-24,09:03:54,500,au1706,XSGE,285.25,284.85,287.95,172746,49538132800,217076,209336,300.05,271.5,285.8,285.9,0.0,286.35,0.0,0,0,2017-04-24,32634500,285.25,42,0,0,0,0,0,0,0,0,285.3,63,0,0,0,0,0,0,0,0
458,2017-04-24,09:03:55,0,au1706,XSGE,285.25,284.85,287.95,172746,49538132800,217076,209336,300.05,271.5,285.8,285.9,0.0,286.35,0.0,0,0,2017-04-24,32635000,285.25,42,0,0,0,0,0,0,0,0,285.3,63,0,0,0,0,0,0,0,0
459,2017-04-24,09:03:55,500,au1706,XSGE,285.25,284.85,287.95,172754,49540414800,217074,209336,300.05,271.5,285.8,285.9,0.0,286.35,0.0,0,0,2017-04-24,32635500,285.25,38,0,0,0,0,0,0,0,0,285.3,69,0,0,0,0,0,0,0,0
460,2017-04-24,09:03:56,0,au1706,XSGE,285.25,284.85,287.95,172758,49541555800,217078,209336,300.05,271.5,285.8,285.9,0.0,286.35,0.0,0,0,2017-04-24,32636000,285.25,36,0,0,0,0,0,0,0,0,285.3,69,0,0,0,0,0,0,0,0
461,2017-04-24,09:03:56,500,au1706,XSGE,285.25,284.85,287.95,172798,49552965800,217086,209336,300.05,271.5,285.8,285.9,0.0,286.35,0.0,0,0,2017-04-24,32636500,285.25,16,0,0,0,0,0,0,0,0,285.3,75,0,0,0,0,0,0,0,0
462,2017-04-24,09:03:57,0,au1706,XSGE,285.25,284.85,287.95,172830,49562093800,217086,209336,300.05,271.5,285.8,285.9,0.0,286.35,0.0,0,0,2017-04-24,32637000,285.2,122,0,0,0,0,0,0,0,0,285.25,20,0,0,0,0,0,0,0,0
463,2017-04-24,09:03:57,500,au1706,XSGE,285.25,284.85,287.95,172834,49563234800,217086,209336,300.05,271.5,285.8,285.9,0.0,286.35,0.0,0,0,2017-04-24,32637500,285.2,90,0,0,0,0,0,0,0,0,285.25,50,0,0,0,0,0,0,0,0
464,2017-04-24,09:03:58,0,au1706,XSGE,285.25,284.85,287.95,172834,49563234800,217086,209336,300.05,271.5,285.8,285.9,0.0,286.35,0.0,0,0,2017-04-24,32638000,285.2,85,0,0,0,0,0,0,0,0,285.25,51,0,0,0,0,0,0,0,0
465,2017-04-24,09:03:58,500,au1706,XSGE,285.25,284.85,287.95,172842,49565516600,217086,209336,300.05,271.5,285.8,285.9,0.0,286.35,0.0,0,0,2017-04-24,32638500,285.2,83,0,0,0,0,0,0,0,0,285.25,109,0,0,0,0,0,0,0,0
466,2017-04-24,09:03:59,0,au1706,XSGE,285.25,284.85,287.95,172848,49567228100,217086,209336,300.05,271.5,285.8,285.9,0.0,286.35,0.0,0,0,2017-04-24,32639000,285.2,78,0,0,0,0,0,0,0,0,285.25,119,0,0,0,0,0,0,0,0
467,2017-04-24,09:03:59,500,au1706,XSGE,285.2,284.85,287.95,172852,49568369000,217088,209336,300.05,271.5,285.8,285.9,0.0,286.35,0.0,0,0,2017-04-24,32639500,285.2,77,0,0,0,0,0,0,0,0,285.25,118,0,0,0,0,0,0,0,0
468,2017-04-24,09:04:00,0,au1706,XSGE,285.25,284.85,287.95,172854,49568939500,217088,209336,300.05,271.5,285.8,285.9,0.0,286.35,0.0,0,0,2017-04-24,32640000,285.2,77,0,0,0,0,0,0,0,0,285.25,137,0,0,0,0,0,0,0,0
469,2017-04-24,09:04:00,500,au1706,XSGE,285.2,284.85,287.95,172856,49569509900,217090,209336,300.05,271.5,285.8,285.9,0.0,286.35,0.0,0,0,2017-04-24,32640500,285.2,76,0,0,0,0,0,0,0,0,285.25,137,0,0,0,0,0,0,0,0
470,2017-04-24,09:04:01,0,au1706,XSGE,285.25,284.85,287.95,172858,49570080400,217092,209336,300.05,271.5,285.8,285.9,0.0,286.35,0.0,0,0,2017-04-24,32641000,285.2,76,0,0,0,0,0,0,0,0,285.25,136,0,0,0,0,0,0,0,0
471,2017-04-24,09:04:01,500,au1706,XSGE,285.25,284.85,287.95,172858,49570080400,217092,209336,300.05,271.5,285.8,285.9,0.0,286.35,0.0,0,0,2017-04-24,32641500,285.2,73,0,0,0,0,0,0,0,0,285.25,139,0,0,0,0,0,0,0,0
472,2017-04-24,09:04:02,0,au1706,XSGE,285.25,284.85,287.95,172858,49570080400,217092,209336,300.05,271.5,285.8,285.9,0.0,286.35,0.0,0,0,2017-04-24,32642000,285.2,73,0,0,0,0,0,0,0,0,285.25,176,0,0,0,0,0,0,0,0
473,2017-04-24,09:04:02,500,au1706,XSGE,285.25,284.85,287.95,172858,49570080400,217092,209336,300.05,271.5,285.8,285.9,0.0,286.35,0.0,0,0,2017-04-24,32642500,285.2,73,0,0,0,0,0,0,0,0,285.25,176,0,0,0,0,0,0,0,0
474,2017-04-24,09:04:03,0,au1706,XSGE,285.25,284.85,287.95,172858,49570080400,217092,209336,300.05,271.5,285.8,285.9,0.0,286.35,0.0,0,0,2017-04-24,32643000,285.2,73,0,0,0,0,0,0,0,0,285.25,176,0,0,0,0,0,0,0,0
475,2017-04-24,09:04:03,500,au1706,XSGE,285.25,284.85,287.95,172892,49579777300,217112,209336,300.05,271.5,285.8,285.9,0.0,286.35,0.0,0,0,2017-04-24,32643500,285.2,57,0,0,0,0,0,0,0,0,285.25,176,0,0,0,0,0,0,0,0
476,2017-04-24,09:04:04,0,au1706,XSGE,285.2,284.85,287.95,172924,49588903700,217134,209336,300.05,271.5,285.8,285.9,0.0,286.35,0.0,0,0,2017-04-24,32644000,285.2,41,0,0,0,0,0,0,0,0,285.25,184,0,0,0,0,0,0,0,0
477,2017-04-24,09:04:04,500,au1706,XSGE,285.2,284.85,287.95,172942,49594037300,217148,209336,300.05,271.5,285.8,285.9,0.0,286.35,0.0,0,0,2017-04-24,32644500,285.2,33,0,0,0,0,0,0,0,0,285.25,186,0,0,0,0,0,0,0,0
478,2017-04-24,09:04:05,0,au1706,XSGE,285.25,284.85,287.95,172952,49596889400,217156,209336,300.05,271.5,285.8,285.9,0.0,286.35,0.0,0,0,2017-04-24,32645000,285.2,30,0,0,0,0,0,0,0,0,285.25,185,0,0,0,0,0,0,0,0
