,dataDate,dataTime,dataMillisec,instrumentID,exchangeCD,lastPrice,lowPrice,highPrice,volume,value,openInterest,preOpenInterest,upperLimitPrice,lowerLimitPrice,preSettlementPrice,prevClosePrice,settlementPrice,openPrice,closePrice,preDelta,currDelta,clearingDay,milliSecOffset,bidPrice1,bidVolume1,bidPrice2,bidVolume2,bidPrice3,bidVolume3,bidPrice4,bidVolume4,bidPrice5,bidVolume5,askPrice1,askVolume1,askPrice2,askVolume2,askPrice3,askVolume3,askPrice4,askVolume4,askPrice5,askVolume5
0,2017-04-24,09:00:00,0,CF709,XZCE,15990,15925,16100,78140,6255142400,252996,261542,16835,15225,16030,16120,0,16095,0,0,0,2017-04-24,32400000,15980,3,0,0,0,0,0,0,0,0,15990,12,0,0,0,0,0,0,0,0
1,2017-04-24,09:00:00,0,CF709,XZCE,15995,15925,16100,78434,6278655050,253094,261542,16835,15225,16030,16120,0,16095,0,0,0,2017-04-24,32400000,15995,16,0,0,0,0,0,0,0,0,16000,40,0,0,0,0,0,0,0,0
2,2017-04-24,09:00:01,0,CF709,XZCE,15995,15925,16100,78580,6290331400,253070,261542,16835,15225,16030,16120,0,16095,0,0,0,2017-04-24,32401000,15995,2,0,0,0,0,0,0,0,0,16005,29,0,0,0,0,0,0,0,0
3,2017-04-24,09:00:01,0,CF709,XZCE,16005,15925,16100,78610,6292732150,253068,261542,16835,15225,16030,16120,0,16095,0,0,0,2017-04-24,32401000,15990,112,0,0,0,0,0,0,0,0,16000,2,0,0,0,0,0,0,0,0
4,2017-04-24,09:00:02,0,CF709,XZCE,15990,15925,16100,78676,6298008850,253104,261542,16835,15225,16030,16120,0,16095,0,0,0,2017-04-24,32402000,15990,102,0,0,0,0,0,0,0,0,16000,2,0,0,0,0,0,0,0,0
5,2017-04-24,09:00:02,0,CF709,XZCE,15990,15925,16100,78704,6300247450,253102,261542,16835,15225,16030,16120,0,16095,0,0,0,2017-04-24,32402000,15995,2,0,0,0,0,0,0,0,0,16005,2,0,0,0,0,0,0,0,0
6,2017-04-24,09:00:03,0,CF709,XZCE,16005,15925,16100,78724,6301847950,253096,261542,16835,15225,16030,16120,0,16095,0,0,0,2017-04-24,32403000,15995,9,0,0,0,0,0,0,0,0,16005,22,0,0,0,0,0,0,0,0
7,2017-04-24,09:00:03,0,CF709,XZCE,16005,15925,16100,78726,6302008000,253094,261542,16835,15225,16030,16120,0,16095,0,0,0,2017-04-24,32403000,15995,7,0,0,0,0,0,0,0,0,16005,21,0,0,0,0,0,0,0,0
8,2017-04-24,09:00:04,0,CF709,XZCE,15995,15925,16100,78728,6302167950,253094,261542,16835,15225,16030,16120,0,16095,0,0,0,2017-04-24,32404000,15995,6,0,0,0,0,0,0,0,0,16005,21,0,0,0,0,0,0,0,0
9,2017-04-24,09:00:04,0,CF709,XZCE,16005,15925,16100,78734,6302648100,253090,261542,16835,15225,16030,16120,0,16095,0,0,0,2017-04-24,32404000,16000,10,0,0,0,0,0,0,0,0,16005,18,0,0,0,0,0,0,0,0
10,2017-04-24,09:00:05,0,CF709,XZCE,16000,15925,16100,78760,6304728100,253088,261542,16835,15225,16030,16120,0,16095,0,0,0,2017-04-24,32405000,15995,7,0,0,0,0,0,0,0,0,16000,8,0,0,0,0,0,0,0,0
11,2017-04-24,09:00:05,0,CF709,XZCE,16005,15925,16100,78876,6314011000,253138,261542,16835,15225,16030,16120,0,16095,0,0,0,2017-04-24,32405000,16000,3,0,0,0,0,0,0,0,0,16005,41,0,0,0,0,0,0,0,0
12,2017-04-24,09:00:06,0,CF709,XZCE,16005,15925,16100,78878,6314171050,253138,261542,16835,15225,16030,16120,0,16095,0,0,0,2017-04-24,32406000,16000,4,0,0,0,0,0,0,0,0,16005,40,0,0,0,0,0,0,0,0
13,2017-04-24,09:00:06,0,CF709,XZCE,16005,15925,16100,78892,6315291400,253138,261542,16835,15225,16030,16120,0,16095,0,0,0,2017-04-24,32406000,16000,1,0,0,0,0,0,0,0,0,16005,34,0,0,0,0,0,0,0,0
14,2017-04-24,09:00:07,0,CF709,XZCE,16000,15925,16100,78896,6315611400,253136,261542,16835,15225,16030,16120,0,16095,0,0,0,2017-04-24,32407000,16000,2,0,0,0,0,0,0,0,0,16005,33,0,0,0,0,0,0,0,0
15,2017-04-24,09:00:07,0,CF709,XZCE,16005,15925,16100,78902,6316091550,253130,261542,16835,15225,16030,16120,0,16095,0,0,0,2017-04-24,32407000,16000,1,0,0,0,0,0,0,0,0,16005,32,0,0,0,0,0,0,0,0
16,2017-04-24,09:00:07,0,CF709,XZCE,16005,15925,16100,78904,6316251600,253128,261542,16835,15225,16030,16120,0,16095,0,0,0,2017-04-24,32407000,16000,1,0,0,0,0,0,0,0,0,16005,31,0,0,0,0,0,0,0,0
17,2017-04-24,09:00:08,0,CF709,XZCE,16000,15925,16100,78906,6316411600,253130,261542,16835,15225,16030,16120,0,16095,0,0,0,2017-04-24,32408000,15995,11,0,0,0,0,0,0,0,0,16005,31,0,0,0,0,0,0,0,0
18,2017-04-24,09:00:09,0,CF709,XZCE,16000,15925,16100,78910,6316731600,253130,261542,16835,15225,16030,16120,0,16095,0,0,0,2017-04-24,32409000,15995,11,0,0,0,0,0,0,0,0,16005,30,0,0,0,0,0,0,0,0
19,2017-04-24,09:00:09,0,CF709,XZCE,16005,15925,16100,78916,6317211750,253130,261542,16835,15225,16030,16120,0,16095,0,0,0,2017-04-24,32409000,15995,12,0,0,0,0,0,0,0,0,16005,27,0,0,0,0,0,0,0,0
20,2017-04-24,09:00:09,0,CF709,XZCE,16005,15925,16100,78916,6317211750,253130,261542,16835,15225,16030,16120,0,16095,0,0,0,2017-04-24,32409000,15995,12,0,0,0,0,0,0,0,0,16005,32,0,0,0,0,0,0,0,0
21,2017-04-24,09:00:10,0,CF709,XZCE,16000,15925,16100,78918,6317371750,253130,261542,16835,15225,16030,16120,0,16095,0,0,0,2017-04-24,32410000,15995,13,0,0,0,0,0,0,0,0,16005,35,0,0,0,0,0,0,0,0
22,2017-04-24,09:00:11,0,CF709,XZCE,16005,15925,16100,78922,6317691850,253128,261542,16835,15225,16030,16120,0,16095,0,0,0,2017-04-24,32411000,15995,16,0,0,0,0,0,0,0,0,16005,33,0,0,0,0,0,0,0,0
23,2017-04-24,09:00:11,0,CF709,XZCE,16000,15925,16100,78926,6318011850,253128,261542,16835,15225,16030,16120,0,16095,0,0,0,2017-04-24,32411000,15995,16,0,0,0,0,0,0,0,0,16000,14,0,0,0,0,0,0,0,0
24,2017-04-24,09:00:12,0,CF709,XZCE,16000,15925,16100,78954,6320251850,253128,261542,16835,15225,16030,16120,0,16095,0,0,0,2017-04-24,32412000,15995,19,0,0,0,0,0,0,0,0,16005,33,0,0,0,0,0,0,0,0
25,2017-04-24,09:00:12,0,CF709,XZCE,16005,15925,16100,78956,6320411900,253128,261542,16835,15225,16030,16120,0,16095,0,0,0,2017-04-24,32412000,15995,20,0,0,0,0,0,0,0,0,16005,32,0,0,0,0,0,0,0,0
26,2017-04-24,09:00:13,0,CF709,XZCE,16005,15925,16100,79060,6328734500,253150,261542,16835,15225,16030,16120,0,16095,0,0,0,2017-04-24,32413000,15995,20,0,0,0,0,0,0,0,0,16010,150,0,0,0,0,0,0,0,0
27,2017-04-24,09:00:13,0,CF709,XZCE,16005,15925,16100,79062,6328894550,253148,261542,16835,15225,16030,16120,0,16095,0,0,0,2017-04-24,32413000,16005,21,0,0,0,0,0,0,0,0,16010,150,0,0,0,0,0,0,0,0
28,2017-04-24,09:00:14,0,CF709,XZCE,16005,15925,16100,79106,6332415650,253146,261542,16835,15225,16030,16120,0,16095,0,0,0,2017-04-24,32414000,16000,4,0,0,0,0,0,0,0,0,16005,2,0,0,0,0,0,0,0,0
29,2017-04-24,09:00:14,0,CF709,XZCE,16005,15925,16100,79120,6333536000,253160,261542,16835,15225,16030,16120,0,16095,0,0,0,2017-04-24,32414000,16000,13,0,0,0,0,0,0,0,0,16010,151,0,0,0,0,0,0,0,0
30,2017-04-24,09:00:15,0,CF709,XZCE,16010,15925,16100,79130,6334336500,253166,261542,16835,15225,16030,16120,0,16095,0,0,0,2017-04-24,32415000,16000,14,0,0,0,0,0,0,0,0,16010,148,0,0,0,0,0,0,0,0
31,2017-04-24,09:00:15,0,CF709,XZCE,16010,15925,16100,79142,6335297100,253170,261542,16835,15225,16030,16120,0,16095,0,0,0,2017-04-24,32415000,16000,15,0,0,0,0,0,0,0,0,16010,143,0,0,0,0,0,0,0,0
32,2017-04-24,09:00:16,0,CF709,XZCE,16010,15925,16100,79146,6335617300,253174,261542,16835,15225,16030,16120,0,16095,0,0,0,2017-04-24,32416000,16000,17,0,0,0,0,0,0,0,0,16010,142,0,0,0,0,0,0,0,0
33,2017-04-24,09:00:16,0,CF709,XZCE,16000,15925,16100,79188,6338977300,253182,261542,16835,15225,16030,16120,0,16095,0,0,0,2017-04-24,32416000,15995,6,0,0,0,0,0,0,0,0,16010,141,0,0,0,0,0,0,0,0
34,2017-04-24,09:00:17,0,CF709,XZCE,16000,15925,16100,79196,6339617300,253182,261542,16835,15225,16030,16120,0,16095,0,0,0,2017-04-24,32417000,16000,7,0,0,0,0,0,0,0,0,16010,141,0,0,0,0,0,0,0,0
35,2017-04-24,09:00:17,0,CF709,XZCE,16000,15925,16100,79240,6343137300,253212,261542,16835,15225,16030,16120,0,16095,0,0,0,2017-04-24,32417000,16000,26,0,0,0,0,0,0,0,0,16010,140,0,0,0,0,0,0,0,0
36,2017-04-24,09:00:18,0,CF709,XZCE,16000,15925,16100,79240,6343137300,253212,261542,16835,15225,16030,16120,0,16095,0,0,0,2017-04-24,32418000,16000,26,0,0,0,0,0,0,0,0,16010,158,0,0,0,0,0,0,0,0
37,2017-04-24,09:00:18,0,CF709,XZCE,16010,15925,16100,79262,6344898400,253214,261542,16835,15225,16030,16120,0,16095,0,0,0,2017-04-24,32418000,16000,23,0,0,0,0,0,0,0,0,16010,156,0,0,0,0,0,0,0,0
38,2017-04-24,09:00:19,0,CF709,XZCE,16010,15925,16100,79272,6345698900,253206,261542,16835,15225,16030,16120,0,16095,0,0,0,2017-04-24,32419000,16000,23,0,0,0,0,0,0,0,0,16010,151,0,0,0,0,0,0,0,0
39,2017-04-24,09:00:19,0,CF709,XZCE,16005,15925,16100,79274,6345858950,253208,261542,16835,15225,16030,16120,0,16095,0,0,0,2017-04-24,32419000,16005,1,0,0,0,0,0,0,0,0,16010,151,0,0,0,0,0,0,0,0
40,2017-04-24,09:00:20,0,CF709,XZCE,16005,15925,16100,79278,6346179050,253208,261542,16835,15225,16030,16120,0,16095,0,0,0,2017-04-24,32420000,16005,9,0,0,0,0,0,0,0,0,16010,152,0,0,0,0,0,0,0,0
41,2017-04-24,09:00:20,0,CF709,XZCE,16010,15925,16100,79280,6346339150,253208,261542,16835,15225,16030,16120,0,16095,0,0,0,2017-04-24,32420000,16005,9,0,0,0,0,0,0,0,0,16010,151,0,0,0,0,0,0,0,0
42,2017-04-24,09:00:21,0,CF709,XZCE,16010,15925,16100,79296,6347619950,253210,261542,16835,15225,16030,16120,0,16095,0,0,0,2017-04-24,32421000,16000,20,0,0,0,0,0,0,0,0,16010,150,0,0,0,0,0,0,0,0
43,2017-04-24,09:00:21,0,CF709,XZCE,16005,15925,16100,79300,6347940050,253208,261542,16835,15225,16030,16120,0,16095,0,0,0,2017-04-24,32421000,16000,19,0,0,0,0,0,0,0,0,16010,150,0,0,0,0,0,0,0,0
44,2017-04-24,09:00:22,0,CF709,XZCE,16005,15925,16100,79300,6347940050,253208,261542,16835,15225,16030,16120,0,16095,0,0,0,2017-04-24,32422000,16000,19,0,0,0,0,0,0,0,0,16005,15,0,0,0,0,0,0,0,0
45,2017-04-24,09:00:22,0,CF709,XZCE,16005,15925,16100,79308,6348580250,253214,261542,16835,15225,16030,16120,0,16095,0,0,0,2017-04-24,32422000,16000,16,0,0,0,0,0,0,0,0,16005,15,0,0,0,0,0,0,0,0
46,2017-04-24,09:00:22,0,CF709,XZCE,16005,15925,16100,79308,6348580250,253214,261542,16835,15225,16030,16120,0,16095,0,0,0,2017-04-24,32422000,16000,16,0,0,0,0,0,0,0,0,16005,17,0,0,0,0,0,0,0,0
47,2017-04-24,09:00:23,0,CF709,XZCE,16005,15925,16100,79324,6349860650,253218,261542,16835,15225,16030,16120,0,16095,0,0,0,2017-04-24,32423000,16000,12,0,0,0,0,0,0,0,0,16005,11,0,0,0,0,0,0,0,0
48,2017-04-24,09:00:24,0,CF709,XZCE,16000,15925,16100,79336,6350820650,253218,261542,16835,15225,16030,16120,0,16095,0,0,0,2017-04-24,32424000,16000,9,0,0,0,0,0,0,0,0,16005,10,0,0,0,0,0,0,0,0
49,2017-04-24,09:00:24,0,CF709,XZCE,16005,15925,16100,79348,6351780950,253230,261542,16835,15225,16030,16120,0,16095,0,0,0,2017-04-24,32424000,16000,9,0,0,0,0,0,0,0,0,16005,6,0,0,0,0,0,0,0,0
50,2017-04-24,09:00:25,0,CF709,XZCE,16005,15925,16100,79352,6352101050,253230,261542,16835,15225,16030,16120,0,16095,0,0,0,2017-04-24,32425000,16000,9,0,0,0,0,0,0,0,0,16005,6,0,0,0,0,0,0,0,0
51,2017-04-24,09:00:25,0,CF709,XZCE,16005,15925,16100,79356,6352421150,253230,261542,16835,15225,16030,16120,0,16095,0,0,0,2017-04-24,32425000,16000,8,0,0,0,0,0,0,0,0,16005,7,0,0,0,0,0,0,0,0
52,2017-04-24,09:00:25,0,CF709,XZCE,16000,15925,16100,79366,6353221150,253228,261542,16835,15225,16030,16120,0,16095,0,0,0,2017-04-24,32425000,16000,3,0,0,0,0,0,0,0,0,16005,7,0,0,0,0,0,0,0,0
53,2017-04-24,09:00:26,0,CF709,XZCE,16005,15925,16100,79400,6355942000,253216,261542,16835,15225,16030,16120,0,16095,0,0,0,2017-04-24,32426000,16005,15,0,0,0,0,0,0,0,0,16010,159,0,0,0,0,0,0,0,0
54,2017-04-24,09:00:27,0,CF709,XZCE,16005,15925,16100,79430,6358342750,253218,261542,16835,15225,16030,16120,0,16095,0,0,0,2017-04-24,32427000,16000,5,0,0,0,0,0,0,0,0,16005,13,0,0,0,0,0,0,0,0
55,2017-04-24,09:00:27,0,CF709,XZCE,16005,15925,16100,79432,6358502800,253220,261542,16835,15225,16030,16120,0,16095,0,0,0,2017-04-24,32427000,16000,10,0,0,0,0,0,0,0,0,16005,12,0,0,0,0,0,0,0,0
56,2017-04-24,09:00:28,0,CF709,XZCE,16005,15925,16100,79454,6360263350,253228,261542,16835,15225,16030,16120,0,16095,0,0,0,2017-04-24,32428000,16000,6,0,0,0,0,0,0,0,0,16005,11,0,0,0,0,0,0,0,0
57,2017-04-24,09:00:29,0,CF709,XZCE,16000,15925,16100,79462,6360903350,253236,261542,16835,15225,16030,16120,0,16095,0,0,0,2017-04-24,32429000,16000,2,0,0,0,0,0,0,0,0,16005,14,0,0,0,0,0,0,0,0
58,2017-04-24,09:00:29,0,CF709,XZCE,16000,15925,16100,79468,6361383350,253242,261542,16835,15225,16030,16120,0,16095,0,0,0,2017-04-24,32429000,15995,7,0,0,0,0,0,0,0,0,16000,4,0,0,0,0,0,0,0,0
59,2017-04-24,09:00:30,0,CF709,XZCE,16000,15925,16100,79470,6361543350,253244,261542,16835,15225,16030,16120,0,16095,0,0,0,2017-04-24,32430000,15995,7,0,0,0,0,0,0,0,0,16000,31,0,0,0,0,0,0,0,0
60,2017-04-24,09:00:30,0,CF709,XZCE,16000,15925,16100,79472,6361703350,253246,261542,16835,15225,16030,16120,0,16095,0,0,0,2017-04-24,32430000,15995,7,0,0,0,0,0,0,0,0,16000,32,0,0,0,0,0,0,0,0
61,2017-04-24,09:00:31,0,CF709,XZCE,16000,15925,16100,79578,6370183350,253268,261542,16835,15225,16030,16120,0,16095,0,0,0,2017-04-24,32431000,16000,8,0,0,0,0,0,0,0,0,16005,8,0,0,0,0,0,0,0,0
62,2017-04-24,09:00:31,0,CF709,XZCE,16000,15925,16100,79578,6370183350,253268,261542,16835,15225,16030,16120,0,16095,0,0,0,2017-04-24,32431000,16000,8,0,0,0,0,0,0,0,0,16005,11,0,0,0,0,0,0,0,0
63,2017-04-24,09:00:32,0,CF709,XZCE,16000,15925,16100,79586,6370823350,253276,261542,16835,15225,16030,16120,0,16095,0,0,0,2017-04-24,32432000,16000,4,0,0,0,0,0,0,0,0,16005,20,0,0,0,0,0,0,0,0
64,2017-04-24,09:00:32,0,CF709,XZCE,16005,15925,16100,79602,6372103750,253278,261542,16835,15225,16030,16120,0,16095,0,0,0,2017-04-24,32432000,15995,21,0,0,0,0,0,0,0,0,16005,26,0,0,0,0,0,0,0,0
65,2017-04-24,09:00:33,0,CF709,XZCE,16005,15925,16100,79610,6372743950,253276,261542,16835,15225,16030,16120,0,16095,0,0,0,2017-04-24,32433000,16000,7,0,0,0,0,0,0,0,0,16005,18,0,0,0,0,0,0,0,0
66,2017-04-24,09:00:33,0,CF709,XZCE,16005,15925,16100,79612,6372904000,253278,261542,16835,15225,16030,16120,0,16095,0,0,0,2017-04-24,32433000,16000,12,0,0,0,0,0,0,0,0,16005,17,0,0,0,0,0,0,0,0
67,2017-04-24,09:00:34,0,CF709,XZCE,16005,15925,16100,79612,6372904000,253278,261542,16835,15225,16030,16120,0,16095,0,0,0,2017-04-24,32434000,16000,15,0,0,0,0,0,0,0,0,16005,25,0,0,0,0,0,0,0,0
68,2017-04-24,09:00:34,0,CF709,XZCE,16000,15925,16100,79626,6374024000,253288,261542,16835,15225,16030,16120,0,16095,0,0,0,2017-04-24,32434000,16000,21,0,0,0,0,0,0,0,0,16005,28,0,0,0,0,0,0,0,0
69,2017-04-24,09:00:35,0,CF709,XZCE,16005,15925,16100,79630,6374344100,253290,261542,16835,15225,16030,16120,0,16095,0,0,0,2017-04-24,32435000,16000,20,0,0,0,0,0,0,0,0,16005,27,0,0,0,0,0,0,0,0
70,2017-04-24,09:00:35,0,CF709,XZCE,16000,15925,16100,79632,6374504100,253292,261542,16835,15225,16030,16120,0,16095,0,0,0,2017-04-24,32435000,16000,24,0,0,0,0,0,0,0,0,16005,28,0,0,0,0,0,0,0,0
71,2017-04-24,09:00:35,0,CF709,XZCE,16000,15925,16100,79634,6374664100,253292,261542,16835,15225,16030,16120,0,16095,0,0,0,2017-04-24,32435000,16000,23,0,0,0,0,0,0,0,0,16005,28,0,0,0,0,0,0,0,0
72,2017-04-24,09:00:36,0,CF709,XZCE,16005,15925,16100,79694,6379465600,253310,261542,16835,15225,16030,16120,0,16095,0,0,0,2017-04-24,32436000,16005,8,0,0,0,0,0,0,0,0,16010,154,0,0,0,0,0,0,0,0
73,2017-04-24,09:00:37,0,CF709,XZCE,16000,15925,16100,79716,6381225600,253316,261542,16835,15225,16030,16120,0,16095,0,0,0,2017-04-24,32437000,16000,32,0,0,0,0,0,0,0,0,16010,154,0,0,0,0,0,0,0,0
74,2017-04-24,09:00:37,0,CF709,XZCE,16005,15925,16100,79738,6382986150,253300,261542,16835,15225,16030,16120,0,16095,0,0,0,2017-04-24,32437000,16005,3,0,0,0,0,0,0,0,0,16010,154,0,0,0,0,0,0,0,0
75,2017-04-24,09:00:38,0,CF709,XZCE,16005,15925,16100,79748,6383786400,253300,261542,16835,15225,16030,16120,0,16095,0,0,0,2017-04-24,32438000,16000,19,0,0,0,0,0,0,0,0,16010,154,0,0,0,0,0,0,0,0
76,2017-04-24,09:00:38,0,CF709,XZCE,16010,15925,16100,79758,6384586900,253306,261542,16835,15225,16030,16120,0,16095,0,0,0,2017-04-24,32438000,16000,20,0,0,0,0,0,0,0,0,16010,153,0,0,0,0,0,0,0,0
77,2017-04-24,09:00:39,0,CF709,XZCE,16010,15925,16100,79760,6384747000,253306,261542,16835,15225,16030,16120,0,16095,0,0,0,2017-04-24,32439000,16005,3,0,0,0,0,0,0,0,0,16010,153,0,0,0,0,0,0,0,0
78,2017-04-24,09:00:39,0,CF709,XZCE,16005,15925,16100,79766,6385227150,253312,261542,16835,15225,16030,16120,0,16095,0,0,0,2017-04-24,32439000,16000,15,0,0,0,0,0,0,0,0,16005,30,0,0,0,0,0,0,0,0
79,2017-04-24,09:00:40,0,CF709,XZCE,16005,15925,16100,79768,6385387200,253314,261542,16835,15225,16030,16120,0,16095,0,0,0,2017-04-24,32440000,16000,15,0,0,0,0,0,0,0,0,16005,35,0,0,0,0,0,0,0,0
80,2017-04-24,09:00:40,0,CF709,XZCE,16010,15925,16100,79792,6387308400,253308,261542,16835,15225,16030,16120,0,16095,0,0,0,2017-04-24,32440000,16000,15,0,0,0,0,0,0,0,0,16010,150,0,0,0,0,0,0,0,0
81,2017-04-24,09:00:41,0,CF709,XZCE,16010,15925,16100,79794,6387468500,253306,261542,16835,15225,16030,16120,0,16095,0,0,0,2017-04-24,32441000,16000,17,0,0,0,0,0,0,0,0,16010,150,0,0,0,0,0,0,0,0
82,2017-04-24,09:00:41,0,CF709,XZCE,16010,15925,16100,79794,6387468500,253306,261542,16835,15225,16030,16120,0,16095,0,0,0,2017-04-24,32441000,16000,24,0,0,0,0,0,0,0,0,16010,152,0,0,0,0,0,0,0,0
83,2017-04-24,09:00:42,0,CF709,XZCE,16010,15925,16100,79794,6387468500,253306,261542,16835,15225,16030,16120,0,16095,0,0,0,2017-04-24,32442000,16000,24,0,0,0,0,0,0,0,0,16010,156,0,0,0,0,0,0,0,0
84,2017-04-24,09:00:42,0,CF709,XZCE,16010,15925,16100,79794,6387468500,253306,261542,16835,15225,16030,16120,0,16095,0,0,0,2017-04-24,32442000,16000,24,0,0,0,0,0,0,0,0,16010,160,0,0,0,0,0,0,0,0
85,2017-04-24,09:00:43,0,CF709,XZCE,16005,15925,16100,79796,6387628550,253306,261542,16835,15225,16030,16120,0,16095,0,0,0,2017-04-24,32443000,16000,24,0,0,0,0,0,0,0,0,16005,3,0,0,0,0,0,0,0,0
86,2017-04-24,09:00:43,0,CF709,XZCE,16005,15925,16100,79798,6387788600,253304,261542,16835,15225,16030,16120,0,16095,0,0,0,2017-04-24,32443000,16000,23,0,0,0,0,0,0,0,0,16005,2,0,0,0,0,0,0,0,0
87,2017-04-24,09:00:44,0,CF709,XZCE,16000,15925,16100,79806,6388428600,253306,261542,16835,15225,16030,16120,0,16095,0,0,0,2017-04-24,32444000,16000,19,0,0,0,0,0,0,0,0,16010,157,0,0,0,0,0,0,0,0
88,2017-04-24,09:00:44,0,CF709,XZCE,16010,15925,16100,79808,6388588700,253306,261542,16835,15225,16030,16120,0,16095,0,0,0,2017-04-24,32444000,16000,20,0,0,0,0,0,0,0,0,16010,156,0,0,0,0,0,0,0,0
89,2017-04-24,09:00:45,0,CF709,XZCE,16000,15925,16100,79810,6388748700,253308,261542,16835,15225,16030,16120,0,16095,0,0,0,2017-04-24,32445000,16000,22,0,0,0,0,0,0,0,0,16010,159,0,0,0,0,0,0,0,0
90,2017-04-24,09:00:46,0,CF709,XZCE,16005,15925,16100,79840,6391149450,253306,261542,16835,15225,16030,16120,0,16095,0,0,0,2017-04-24,32446000,16000,18,0,0,0,0,0,0,0,0,16010,155,0,0,0,0,0,0,0,0
91,2017-04-24,09:00:46,0,CF709,XZCE,16005,15925,16100,79842,6391309500,253308,261542,16835,15225,16030,16120,0,16095,0,0,0,2017-04-24,32446000,16000,21,0,0,0,0,0,0,0,0,16005,31,0,0,0,0,0,0,0,0
92,2017-04-24,09:00:47,0,CF709,XZCE,16005,15925,16100,79842,6391309500,253308,261542,16835,15225,16030,16120,0,16095,0,0,0,2017-04-24,32447000,16000,16,0,0,0,0,0,0,0,0,16005,35,0,0,0,0,0,0,0,0
93,2017-04-24,09:00:47,0,CF709,XZCE,16005,15925,16100,79864,6393070050,253330,261542,16835,15225,16030,16120,0,16095,0,0,0,2017-04-24,32447000,16000,17,0,0,0,0,0,0,0,0,16005,27,0,0,0,0,0,0,0,0
94,2017-04-24,09:00:48,0,CF709,XZCE,16005,15925,16100,79864,6393070050,253330,261542,16835,15225,16030,16120,0,16095,0,0,0,2017-04-24,32448000,16000,17,0,0,0,0,0,0,0,0,16005,22,0,0,0,0,0,0,0,0
95,2017-04-24,09:00:49,0,CF709,XZCE,16000,15925,16100,79866,6393230050,253332,261542,16835,15225,16030,16120,0,16095,0,0,0,2017-04-24,32449000,16000,16,0,0,0,0,0,0,0,0,16005,27,0,0,0,0,0,0,0,0
96,2017-04-24,09:00:49,0,CF709,XZCE,16000,15925,16100,79872,6393710050,253332,261542,16835,15225,16030,16120,0,16095,0,0,0,2017-04-24,32449000,16000,14,0,0,0,0,0,0,0,0,16005,21,0,0,0,0,0,0,0,0
97,2017-04-24,09:00:50,0,CF709,XZCE,16000,15925,16100,79872,6393710050,253332,261542,16835,15225,16030,16120,0,16095,0,0,0,2017-04-24,32450000,16000,15,0,0,0,0,0,0,0,0,16005,20,0,0,0,0,0,0,0,0
98,2017-04-24,09:00:50,0,CF709,XZCE,16000,15925,16100,79878,6394190050,253332,261542,16835,15225,16030,16120,0,16095,0,0,0,2017-04-24,32450000,16000,12,0,0,0,0,0,0,0,0,16005,20,0,0,0,0,0,0,0,0
99,2017-04-24,09:00:51,0,CF709,XZCE,16005,15925,16100,79888,6394990300,253332,261542,16835,15225,16030,16120,0,16095,0,0,0,2017-04-24,32451000,16000,14,0,0,0,0,0,0,0,0,16005,15,0,0,0,0,0,0,0,0
100,2017-04-24,09:00:51,0,CF709,XZCE,16000,15925,16100,79916,6397230300,253322,261542,16835,15225,16030,16120,0,16095,0,0,0,2017-04-24,32451000,15995,24,0,0,0,0,0,0,0,0,16000,1,0,0,0,0,0,0,0,0
101,2017-04-24,09:00:52,0,CF709,XZCE,16000,15925,16100,79920,6397550300,253318,261542,16835,15225,16030,16120,0,16095,0,0,0,2017-04-24,32452000,15995,26,0,0,0,0,0,0,0,0,16005,25,0,0,0,0,0,0,0,0
102,2017-04-24,09:00:52,0,CF709,XZCE,16000,15925,16100,79920,6397550300,253318,261542,16835,15225,16030,16120,0,16095,0,0,0,2017-04-24,32452000,15995,25,0,0,0,0,0,0,0,0,16000,10,0,0,0,0,0,0,0,0
103,2017-04-24,09:00:53,0,CF709,XZCE,15995,15925,16100,79922,6397710250,253318,261542,16835,15225,16030,16120,0,16095,0,0,0,2017-04-24,32453000,15995,25,0,0,0,0,0,0,0,0,16000,10,0,0,0,0,0,0,0,0
104,2017-04-24,09:00:53,0,CF709,XZCE,15995,15925,16100,79930,6398350050,253316,261542,16835,15225,16030,16120,0,16095,0,0,0,2017-04-24,32453000,15995,24,0,0,0,0,0,0,0,0,16000,9,0,0,0,0,0,0,0,0
105,2017-04-24,09:00:54,0,CF709,XZCE,16000,15925,16100,79934,6398670050,253318,261542,16835,15225,16030,16120,0,16095,0,0,0,2017-04-24,32454000,15995,23,0,0,0,0,0,0,0,0,16000,8,0,0,0,0,0,0,0,0
106,2017-04-24,09:00:55,0,CF709,XZCE,16000,15925,16100,79946,6399630050,253330,261542,16835,15225,16030,16120,0,16095,0,0,0,2017-04-24,32455000,15995,23,0,0,0,0,0,0,0,0,16000,2,0,0,0,0,0,0,0,0
107,2017-04-24,09:00:56,0,CF709,XZCE,16000,15925,16100,79954,6400270050,253326,261542,16835,15225,16030,16120,0,16095,0,0,0,2017-04-24,32456000,15995,22,0,0,0,0,0,0,0,0,16005,26,0,0,0,0,0,0,0,0
108,2017-04-24,09:00:56,0,CF709,XZCE,16005,15925,16100,79960,6400750200,253328,261542,16835,15225,16030,16120,0,16095,0,0,0,2017-04-24,32456000,16000,1,0,0,0,0,0,0,0,0,16005,24,0,0,0,0,0,0,0,0
109,2017-04-24,09:00:56,0,CF709,XZCE,16000,15925,16100,79962,6400910200,253328,261542,16835,15225,16030,16120,0,16095,0,0,0,2017-04-24,32456000,15995,24,0,0,0,0,0,0,0,0,16000,1,0,0,0,0,0,0,0,0
110,2017-04-24,09:00:57,0,CF709,XZCE,15995,15925,16100,80030,6406348500,253326,261542,16835,15225,16030,16120,0,16095,0,0,0,2017-04-24,32457000,15990,7,0,0,0,0,0,0,0,0,15995,3,0,0,0,0,0,0,0,0
111,2017-04-24,09:00:58,0,CF709,XZCE,15995,15925,16100,80054,6408267900,253314,261542,16835,15225,16030,16120,0,16095,0,0,0,2017-04-24,32458000,15990,12,0,0,0,0,0,0,0,0,15995,4,0,0,0,0,0,0,0,0
112,2017-04-24,09:00:58,0,CF709,XZCE,15995,15925,16100,80076,6410027350,253310,261542,16835,15225,16030,16120,0,16095,0,0,0,2017-04-24,32458000,15990,12,0,0,0,0,0,0,0,0,16000,23,0,0,0,0,0,0,0,0
113,2017-04-24,09:00:59,0,CF709,XZCE,15995,15925,16100,80076,6410027350,253310,261542,16835,15225,16030,16120,0,16095,0,0,0,2017-04-24,32459000,15990,12,0,0,0,0,0,0,0,0,16000,28,0,0,0,0,0,0,0,0
114,2017-04-24,09:00:59,0,CF709,XZCE,15990,15925,16100,80080,6410347150,253312,261542,16835,15225,16030,16120,0,16095,0,0,0,2017-04-24,32459000,15990,10,0,0,0,0,0,0,0,0,16000,29,0,0,0,0,0,0,0,0
115,2017-04-24,09:01:00,0,CF709,XZCE,15995,15925,16100,80084,6410667050,253312,261542,16835,15225,16030,16120,0,16095,0,0,0,2017-04-24,32460000,15995,1,0,0,0,0,0,0,0,0,16000,29,0,0,0,0,0,0,0,0
116,2017-04-24,09:01:00,0,CF709,XZCE,15995,15925,16100,80088,6410986950,253314,261542,16835,15225,16030,16120,0,16095,0,0,0,2017-04-24,32460000,15995,6,0,0,0,0,0,0,0,0,16000,25,0,0,0,0,0,0,0,0
117,2017-04-24,09:01:01,0,CF709,XZCE,15995,15925,16100,80112,6412906350,253314,261542,16835,15225,16030,16120,0,16095,0,0,0,2017-04-24,32461000,15995,17,0,0,0,0,0,0,0,0,16000,17,0,0,0,0,0,0,0,0
118,2017-04-24,09:01:01,0,CF709,XZCE,15995,15925,16100,80112,6412906350,253314,261542,16835,15225,16030,16120,0,16095,0,0,0,2017-04-24,32461000,15995,17,0,0,0,0,0,0,0,0,16000,18,0,0,0,0,0,0,0,0
119,2017-04-24,09:01:02,0,CF709,XZCE,16000,15925,16100,80184,6418666350,253344,261542,16835,15225,16030,16120,0,16095,0,0,0,2017-04-24,32462000,16000,25,0,0,0,0,0,0,0,0,16005,30,0,0,0,0,0,0,0,0
120,2017-04-24,09:01:02,0,CF709,XZCE,16000,15925,16100,80210,6420746350,253364,261542,16835,15225,16030,16120,0,16095,0,0,0,2017-04-24,32462000,16000,13,0,0,0,0,0,0,0,0,16005,30,0,0,0,0,0,0,0,0
121,2017-04-24,09:01:03,0,CF709,XZCE,16000,15925,16100,80236,6422826350,253360,261542,16835,15225,16030,16120,0,16095,0,0,0,2017-04-24,32463000,15995,15,0,0,0,0,0,0,0,0,16000,1,0,0,0,0,0,0,0,0
122,2017-04-24,09:01:04,0,CF709,XZCE,16000,15925,16100,80238,6422986350,253362,261542,16835,15225,16030,16120,0,16095,0,0,0,2017-04-24,32464000,15995,19,0,0,0,0,0,0,0,0,16005,31,0,0,0,0,0,0,0,0
123,2017-04-24,09:01:04,0,CF709,XZCE,15995,15925,16100,80240,6423146300,253360,261542,16835,15225,16030,16120,0,16095,0,0,0,2017-04-24,32464000,15995,21,0,0,0,0,0,0,0,0,16005,31,0,0,0,0,0,0,0,0
124,2017-04-24,09:01:05,0,CF709,XZCE,15995,15925,16100,80240,6423146300,253360,261542,16835,15225,16030,16120,0,16095,0,0,0,2017-04-24,32465000,15995,21,0,0,0,0,0,0,0,0,16000,1,0,0,0,0,0,0,0,0
125,2017-04-24,09:01:05,0,CF709,XZCE,16000,15925,16100,80242,6423306300,253360,261542,16835,15225,16030,16120,0,16095,0,0,0,2017-04-24,32465000,15995,22,0,0,0,0,0,0,0,0,16005,32,0,0,0,0,0,0,0,0
126,2017-04-24,09:01:06,0,CF709,XZCE,16005,15925,16100,80244,6423466350,253360,261542,16835,15225,16030,16120,0,16095,0,0,0,2017-04-24,32466000,15995,23,0,0,0,0,0,0,0,0,16005,32,0,0,0,0,0,0,0,0
127,2017-04-24,09:01:06,0,CF709,XZCE,16005,15925,16100,80244,6423466350,253360,261542,16835,15225,16030,16120,0,16095,0,0,0,2017-04-24,32466000,16000,2,0,0,0,0,0,0,0,0,16005,32,0,0,0,0,0,0,0,0
128,2017-04-24,09:01:07,0,CF709,XZCE,16000,15925,16100,80254,6424266350,253360,261542,16835,15225,16030,16120,0,16095,0,0,0,2017-04-24,32467000,15995,24,0,0,0,0,0,0,0,0,16000,17,0,0,0,0,0,0,0,0
129,2017-04-24,09:01:08,0,CF709,XZCE,16000,15925,16100,80270,6425546350,253344,261542,16835,15225,16030,16120,0,16095,0,0,0,2017-04-24,32468000,15995,24,0,0,0,0,0,0,0,0,16000,10,0,0,0,0,0,0,0,0
130,2017-04-24,09:01:09,0,CF709,XZCE,16000,15925,16100,80272,6425706350,253344,261542,16835,15225,16030,16120,0,16095,0,0,0,2017-04-24,32469000,15995,29,0,0,0,0,0,0,0,0,16000,9,0,0,0,0,0,0,0,0
131,2017-04-24,09:01:09,0,CF709,XZCE,16000,15925,16100,80290,6427146350,253328,261542,16835,15225,16030,16120,0,16095,0,0,0,2017-04-24,32469000,16000,37,0,0,0,0,0,0,0,0,16005,32,0,0,0,0,0,0,0,0
132,2017-04-24,09:01:10,0,CF709,XZCE,16000,15925,16100,80292,6427306350,253328,261542,16835,15225,16030,16120,0,16095,0,0,0,2017-04-24,32470000,16000,36,0,0,0,0,0,0,0,0,16005,32,0,0,0,0,0,0,0,0
133,2017-04-24,09:01:10,0,CF709,XZCE,16000,15925,16100,80310,6428746350,253314,261542,16835,15225,16030,16120,0,16095,0,0,0,2017-04-24,32470000,16000,32,0,0,0,0,0,0,0,0,16005,32,0,0,0,0,0,0,0,0
134,2017-04-24,09:01:11,0,CF709,XZCE,16000,15925,16100,80314,6429066350,253316,261542,16835,15225,16030,16120,0,16095,0,0,0,2017-04-24,32471000,16000,35,0,0,0,0,0,0,0,0,16005,31,0,0,0,0,0,0,0,0
135,2017-04-24,09:01:11,0,CF709,XZCE,16000,15925,16100,80318,6429386350,253316,261542,16835,15225,16030,16120,0,16095,0,0,0,2017-04-24,32471000,16000,44,0,0,0,0,0,0,0,0,16005,33,0,0,0,0,0,0,0,0
136,2017-04-24,09:01:12,0,CF709,XZCE,16005,15925,16100,80320,6429546400,253318,261542,16835,15225,16030,16120,0,16095,0,0,0,2017-04-24,32472000,16000,45,0,0,0,0,0,0,0,0,16005,32,0,0,0,0,0,0,0,0
137,2017-04-24,09:01:12,0,CF709,XZCE,16000,15925,16100,80350,6431946400,253292,261542,16835,15225,16030,16120,0,16095,0,0,0,2017-04-24,32472000,16000,31,0,0,0,0,0,0,0,0,16005,33,0,0,0,0,0,0,0,0
138,2017-04-24,09:01:13,0,CF709,XZCE,16000,15925,16100,80370,6433546400,253298,261542,16835,15225,16030,16120,0,16095,0,0,0,2017-04-24,32473000,16000,22,0,0,0,0,0,0,0,0,16005,33,0,0,0,0,0,0,0,0
139,2017-04-24,09:01:13,0,CF709,XZCE,16005,15925,16100,80374,6433866500,253298,261542,16835,15225,16030,16120,0,16095,0,0,0,2017-04-24,32473000,16000,21,0,0,0,0,0,0,0,0,16005,32,0,0,0,0,0,0,0,0
140,2017-04-24,09:01:14,0,CF709,XZCE,16005,15925,16100,80374,6433866500,253298,261542,16835,15225,16030,16120,0,16095,0,0,0,2017-04-24,32474000,16000,21,0,0,0,0,0,0,0,0,16005,34,0,0,0,0,0,0,0,0
141,2017-04-24,09:01:15,0,CF709,XZCE,16005,15925,16100,80376,6434026550,253300,261542,16835,15225,16030,16120,0,16095,0,0,0,2017-04-24,32475000,16000,21,0,0,0,0,0,0,0,0,16005,43,0,0,0,0,0,0,0,0
142,2017-04-24,09:01:15,0,CF709,XZCE,16005,15925,16100,80380,6434346650,253304,261542,16835,15225,16030,16120,0,16095,0,0,0,2017-04-24,32475000,16000,21,0,0,0,0,0,0,0,0,16005,42,0,0,0,0,0,0,0,0
143,2017-04-24,09:01:16,0,CF709,XZCE,16000,15925,16100,80396,6435626650,253302,261542,16835,15225,16030,16120,0,16095,0,0,0,2017-04-24,32476000,16000,13,0,0,0,0,0,0,0,0,16005,42,0,0,0,0,0,0,0,0
144,2017-04-24,09:01:16,0,CF709,XZCE,16000,15925,16100,80424,6437866650,253326,261542,16835,15225,16030,16120,0,16095,0,0,0,2017-04-24,32476000,15995,31,0,0,0,0,0,0,0,0,16005,46,0,0,0,0,0,0,0,0
145,2017-04-24,09:01:17,0,CF709,XZCE,16000,15925,16100,80424,6437866650,253326,261542,16835,15225,16030,16120,0,16095,0,0,0,2017-04-24,32477000,15995,31,0,0,0,0,0,0,0,0,16005,47,0,0,0,0,0,0,0,0
146,2017-04-24,09:01:17,0,CF709,XZCE,16000,15925,16100,80424,6437866650,253326,261542,16835,15225,16030,16120,0,16095,0,0,0,2017-04-24,32477000,15995,26,0,0,0,0,0,0,0,0,16005,46,0,0,0,0,0,0,0,0
147,2017-04-24,09:01:18,0,CF709,XZCE,16005,15925,16100,80484,6442668150,253384,261542,16835,15225,16030,16120,0,16095,0,0,0,2017-04-24,32478000,15995,26,0,0,0,0,0,0,0,0,16005,26,0,0,0,0,0,0,0,0
148,2017-04-24,09:01:18,0,CF709,XZCE,16000,15925,16100,80488,6442988150,253382,261542,16835,15225,16030,16120,0,16095,0,0,0,2017-04-24,32478000,15995,26,0,0,0,0,0,0,0,0,16005,22,0,0,0,0,0,0,0,0
149,2017-04-24,09:01:18,0,CF709,XZCE,15995,15925,16100,80498,6443787900,253382,261542,16835,15225,16030,16120,0,16095,0,0,0,2017-04-24,32478000,15995,21,0,0,0,0,0,0,0,0,16005,27,0,0,0,0,0,0,0,0
150,2017-04-24,09:01:19,0,CF709,XZCE,16000,15925,16100,80500,6443947900,253384,261542,16835,15225,16030,16120,0,16095,0,0,0,2017-04-24,32479000,15995,21,0,0,0,0,0,0,0,0,16000,2,0,0,0,0,0,0,0,0
151,2017-04-24,09:01:20,0,CF709,XZCE,16005,15925,16100,80508,6444588100,253386,261542,16835,15225,16030,16120,0,16095,0,0,0,2017-04-24,32480000,16000,1,0,0,0,0,0,0,0,0,16005,24,0,0,0,0,0,0,0,0
152,2017-04-24,09:01:20,0,CF709,XZCE,16005,15925,16100,80508,6444588100,253386,261542,16835,15225,16030,16120,0,16095,0,0,0,2017-04-24,32480000,16000,1,0,0,0,0,0,0,0,0,16005,25,0,0,0,0,0,0,0,0
153,2017-04-24,09:01:21,0,CF709,XZCE,15995,15925,16100,80568,6449386600,253406,261542,16835,15225,16030,16120,0,16095,0,0,0,2017-04-24,32481000,15995,6,0,0,0,0,0,0,0,0,16000,4,0,0,0,0,0,0,0,0
154,2017-04-24,09:01:21,0,CF709,XZCE,16000,15925,16100,80572,6449706600,253406,261542,16835,15225,16030,16120,0,16095,0,0,0,2017-04-24,32481000,15995,6,0,0,0,0,0,0,0,0,16000,2,0,0,0,0,0,0,0,0
155,2017-04-24,09:01:22,0,CF709,XZCE,16000,15925,16100,80574,6449866600,253408,261542,16835,15225,16030,16120,0,16095,0,0,0,2017-04-24,32482000,15995,7,0,0,0,0,0,0,0,0,16000,5,0,0,0,0,0,0,0,0
156,2017-04-24,09:01:22,0,CF709,XZCE,16000,15925,16100,80574,6449866600,253408,261542,16835,15225,16030,16120,0,16095,0,0,0,2017-04-24,32482000,15995,8,0,0,0,0,0,0,0,0,16000,5,0,0,0,0,0,0,0,0
157,2017-04-24,09:01:23,0,CF709,XZCE,16000,15925,16100,80584,6450666600,253418,261542,16835,15225,16030,16120,0,16095,0,0,0,2017-04-24,32483000,16000,15,0,0,0,0,0,0,0,0,16005,18,0,0,0,0,0,0,0,0
158,2017-04-24,09:01:23,0,CF709,XZCE,16000,15925,16100,80584,6450666600,253418,261542,16835,15225,16030,16120,0,16095,0,0,0,2017-04-24,32483000,16000,15,0,0,0,0,0,0,0,0,16005,31,0,0,0,0,0,0,0,0
159,2017-04-24,09:01:24,0,CF709,XZCE,16000,15925,16100,80614,6453066600,253428,261542,16835,15225,16030,16120,0,16095,0,0,0,2017-04-24,32484000,15995,7,0,0,0,0,0,0,0,0,16000,5,0,0,0,0,0,0,0,0
160,2017-04-24,09:01:24,0,CF709,XZCE,16000,15925,16100,80614,6453066600,253428,261542,16835,15225,16030,16120,0,16095,0,0,0,2017-04-24,32484000,15995,7,0,0,0,0,0,0,0,0,16000,8,0,0,0,0,0,0,0,0
161,2017-04-24,09:01:25,0,CF709,XZCE,15995,15925,16100,80622,6453706400,253428,261542,16835,15225,16030,16120,0,16095,0,0,0,2017-04-24,32485000,15995,11,0,0,0,0,0,0,0,0,16000,6,0,0,0,0,0,0,0,0
162,2017-04-24,09:01:25,0,CF709,XZCE,15995,15925,16100,80622,6453706400,253428,261542,16835,15225,16030,16120,0,16095,0,0,0,2017-04-24,32485000,15995,12,0,0,0,0,0,0,0,0,16000,8,0,0,0,0,0,0,0,0
163,2017-04-24,09:01:26,0,CF709,XZCE,15995,15925,16100,80622,6453706400,253428,261542,16835,15225,16030,16120,0,16095,0,0,0,2017-04-24,32486000,15995,12,0,0,0,0,0,0,0,0,16000,14,0,0,0,0,0,0,0,0
164,2017-04-24,09:01:27,0,CF709,XZCE,16000,15925,16100,80624,6453866400,253430,261542,16835,15225,16030,16120,0,16095,0,0,0,2017-04-24,32487000,15995,12,0,0,0,0,0,0,0,0,16000,13,0,0,0,0,0,0,0,0
165,2017-04-24,09:01:27,0,CF709,XZCE,16000,15925,16100,80626,6454026400,253432,261542,16835,15225,16030,16120,0,16095,0,0,0,2017-04-24,32487000,15995,17,0,0,0,0,0,0,0,0,16000,12,0,0,0,0,0,0,0,0
166,2017-04-24,09:01:28,0,CF709,XZCE,16000,15925,16100,80626,6454026400,253432,261542,16835,15225,16030,16120,0,16095,0,0,0,2017-04-24,32488000,15995,17,0,0,0,0,0,0,0,0,16000,13,0,0,0,0,0,0,0,0
167,2017-04-24,09:01:29,0,CF709,XZCE,16000,15925,16100,80626,6454026400,253432,261542,16835,15225,16030,16120,0,16095,0,0,0,2017-04-24,32489000,15995,19,0,0,0,0,0,0,0,0,16000,13,0,0,0,0,0,0,0,0
168,2017-04-24,09:01:30,0,CF709,XZCE,16000,15925,16100,80626,6454026400,253432,261542,16835,15225,16030,16120,0,16095,0,0,0,2017-04-24,32490000,15995,19,0,0,0,0,0,0,0,0,16000,33,0,0,0,0,0,0,0,0
169,2017-04-24,09:01:31,0,CF709,XZCE,16000,15925,16100,80632,6454506400,253432,261542,16835,15225,16030,16120,0,16095,0,0,0,2017-04-24,32491000,15995,19,0,0,0,0,0,0,0,0,16000,30,0,0,0,0,0,0,0,0
170,2017-04-24,09:01:32,0,CF709,XZCE,16000,15925,16100,80632,6454506400,253432,261542,16835,15225,16030,16120,0,16095,0,0,0,2017-04-24,32492000,15995,20,0,0,0,0,0,0,0,0,16000,31,0,0,0,0,0,0,0,0
171,2017-04-24,09:01:32,0,CF709,XZCE,15995,15925,16100,80636,6454826300,253434,261542,16835,15225,16030,16120,0,16095,0,0,0,2017-04-24,32492000,15995,18,0,0,0,0,0,0,0,0,16000,31,0,0,0,0,0,0,0,0
172,2017-04-24,09:01:33,0,CF709,XZCE,15995,15925,16100,80642,6455306150,253438,261542,16835,15225,16030,16120,0,16095,0,0,0,2017-04-24,32493000,15995,16,0,0,0,0,0,0,0,0,16000,31,0,0,0,0,0,0,0,0
173,2017-04-24,09:01:35,0,CF709,XZCE,15995,15925,16100,80654,6456265850,253434,261542,16835,15225,16030,16120,0,16095,0,0,0,2017-04-24,32495000,15995,10,0,0,0,0,0,0,0,0,16000,28,0,0,0,0,0,0,0,0
174,2017-04-24,09:01:35,0,CF709,XZCE,15995,15925,16100,80654,6456265850,253434,261542,16835,15225,16030,16120,0,16095,0,0,0,2017-04-24,32495000,15995,11,0,0,0,0,0,0,0,0,16000,38,0,0,0,0,0,0,0,0
175,2017-04-24,09:01:36,0,CF709,XZCE,15995,15925,16100,80654,6456265850,253434,261542,16835,15225,16030,16120,0,16095,0,0,0,2017-04-24,32496000,15995,11,0,0,0,0,0,0,0,0,16000,39,0,0,0,0,0,0,0,0
176,2017-04-24,09:01:36,0,CF709,XZCE,15995,15925,16100,80688,6458985000,253418,261542,16835,15225,16030,16120,0,16095,0,0,0,2017-04-24,32496000,15995,8,0,0,0,0,0,0,0,0,16000,42,0,0,0,0,0,0,0,0
177,2017-04-24,09:01:37,0,CF709,XZCE,15995,15925,16100,80704,6460264600,253414,261542,16835,15225,16030,16120,0,16095,0,0,0,2017-04-24,32497000,15990,21,0,0,0,0,0,0,0,0,16000,42,0,0,0,0,0,0,0,0
178,2017-04-24,09:01:37,0,CF709,XZCE,15995,15925,16100,80704,6460264600,253414,261542,16835,15225,16030,16120,0,16095,0,0,0,2017-04-24,32497000,15990,21,0,0,0,0,0,0,0,0,15995,1,0,0,0,0,0,0,0,0
179,2017-04-24,09:01:38,0,CF709,XZCE,15995,15925,16100,80706,6460424550,253412,261542,16835,15225,16030,16120,0,16095,0,0,0,2017-04-24,32498000,15990,21,0,0,0,0,0,0,0,0,16000,42,0,0,0,0,0,0,0,0
180,2017-04-24,09:01:38,0,CF709,XZCE,16000,15925,16100,80710,6460744550,253412,261542,16835,15225,16030,16120,0,16095,0,0,0,2017-04-24,32498000,15990,27,0,0,0,0,0,0,0,0,16000,40,0,0,0,0,0,0,0,0
181,2017-04-24,09:01:39,0,CF709,XZCE,15990,15925,16100,80714,6461064350,253416,261542,16835,15225,16030,16120,0,16095,0,0,0,2017-04-24,32499000,15990,26,0,0,0,0,0,0,0,0,16000,40,0,0,0,0,0,0,0,0
182,2017-04-24,09:01:39,0,CF709,XZCE,16000,15925,16100,80716,6461224350,253414,261542,16835,15225,16030,16120,0,16095,0,0,0,2017-04-24,32499000,15990,26,0,0,0,0,0,0,0,0,16000,43,0,0,0,0,0,0,0,0
183,2017-04-24,09:01:40,0,CF709,XZCE,15995,15925,16100,80718,6461384300,253416,261542,16835,15225,16030,16120,0,16095,0,0,0,2017-04-24,32500000,15990,26,0,0,0,0,0,0,0,0,16000,43,0,0,0,0,0,0,0,0
184,2017-04-24,09:01:40,0,CF709,XZCE,15990,15925,16100,80720,6461544200,253418,261542,16835,15225,16030,16120,0,16095,0,0,0,2017-04-24,32500000,15990,25,0,0,0,0,0,0,0,0,15995,16,0,0,0,0,0,0,0,0
185,2017-04-24,09:01:40,0,CF709,XZCE,15990,15925,16100,80720,6461544200,253418,261542,16835,15225,16030,16120,0,16095,0,0,0,2017-04-24,32500000,15990,22,0,0,0,0,0,0,0,0,15995,16,0,0,0,0,0,0,0,0
186,2017-04-24,09:01:41,0,CF709,XZCE,15990,15925,16100,80720,6461544200,253418,261542,16835,15225,16030,16120,0,16095,0,0,0,2017-04-24,32501000,15990,23,0,0,0,0,0,0,0,0,15995,16,0,0,0,0,0,0,0,0
187,2017-04-24,09:01:41,0,CF709,XZCE,15995,15925,16100,80732,6462503900,253430,261542,16835,15225,16030,16120,0,16095,0,0,0,2017-04-24,32501000,15990,23,0,0,0,0,0,0,0,0,15995,10,0,0,0,0,0,0,0,0
188,2017-04-24,09:01:43,0,CF709,XZCE,15995,15925,16100,80748,6463783500,253420,261542,16835,15225,16030,16120,0,16095,0,0,0,2017-04-24,32503000,15990,24,0,0,0,0,0,0,0,0,15995,8,0,0,0,0,0,0,0,0
189,2017-04-24,09:01:44,0,CF709,XZCE,15995,15925,16100,80748,6463783500,253420,261542,16835,15225,16030,16120,0,16095,0,0,0,2017-04-24,32504000,15990,24,0,0,0,0,0,0,0,0,15995,21,0,0,0,0,0,0,0,0
190,2017-04-24,09:01:44,0,CF709,XZCE,15990,15925,16100,80768,6465382500,253420,261542,16835,15225,16030,16120,0,16095,0,0,0,2017-04-24,32504000,15990,16,0,0,0,0,0,0,0,0,15995,14,0,0,0,0,0,0,0,0
191,2017-04-24,09:01:45,0,CF709,XZCE,15995,15925,16100,80784,6466662100,253432,261542,16835,15225,16030,16120,0,16095,0,0,0,2017-04-24,32505000,15990,23,0,0,0,0,0,0,0,0,15995,7,0,0,0,0,0,0,0,0
192,2017-04-24,09:01:45,0,CF709,XZCE,15995,15925,16100,80800,6467941700,253430,261542,16835,15225,16030,16120,0,16095,0,0,0,2017-04-24,32505000,15995,5,0,0,0,0,0,0,0,0,16000,49,0,0,0,0,0,0,0,0
193,2017-04-24,09:01:46,0,CF709,XZCE,15990,15925,16100,80816,6469220900,253444,261542,16835,15225,16030,16120,0,16095,0,0,0,2017-04-24,32506000,15990,22,0,0,0,0,0,0,0,0,15995,8,0,0,0,0,0,0,0,0
194,2017-04-24,09:01:46,0,CF709,XZCE,15990,15925,16100,80828,6470180300,253444,261542,16835,15225,16030,16120,0,16095,0,0,0,2017-04-24,32506000,15990,16,0,0,0,0,0,0,0,0,15995,9,0,0,0,0,0,0,0,0
195,2017-04-24,09:01:47,0,CF709,XZCE,15990,15925,16100,80828,6470180300,253444,261542,16835,15225,16030,16120,0,16095,0,0,0,2017-04-24,32507000,15990,13,0,0,0,0,0,0,0,0,15995,9,0,0,0,0,0,0,0,0
196,2017-04-24,09:01:48,0,CF709,XZCE,15990,15925,16100,80830,6470340200,253444,261542,16835,15225,16030,16120,0,16095,0,0,0,2017-04-24,32508000,15990,12,0,0,0,0,0,0,0,0,15995,9,0,0,0,0,0,0,0,0
197,2017-04-24,09:01:48,0,CF709,XZCE,15990,15925,16100,80832,6470500100,253444,261542,16835,15225,16030,16120,0,16095,0,0,0,2017-04-24,32508000,15990,11,0,0,0,0,0,0,0,0,15995,11,0,0,0,0,0,0,0,0
198,2017-04-24,09:01:49,0,CF709,XZCE,15990,15925,16100,80832,6470500100,253444,261542,16835,15225,16030,16120,0,16095,0,0,0,2017-04-24,32509000,15990,11,0,0,0,0,0,0,0,0,15995,8,0,0,0,0,0,0,0,0
199,2017-04-24,09:01:50,0,CF709,XZCE,15990,15925,16100,80862,6472898600,253452,261542,16835,15225,16030,16120,0,16095,0,0,0,2017-04-24,32510000,15985,56,0,0,0,0,0,0,0,0,15990,54,0,0,0,0,0,0,0,0
200,2017-04-24,09:01:50,0,CF709,XZCE,15990,15925,16100,80864,6473058500,253454,261542,16835,15225,16030,16120,0,16095,0,0,0,2017-04-24,32510000,15985,56,0,0,0,0,0,0,0,0,15990,54,0,0,0,0,0,0,0,0
201,2017-04-24,09:01:52,0,CF709,XZCE,15985,15925,16100,80874,6473857750,253456,261542,16835,15225,16030,16120,0,16095,0,0,0,2017-04-24,32512000,15985,51,0,0,0,0,0,0,0,0,15990,54,0,0,0,0,0,0,0,0
202,2017-04-24,09:01:52,0,CF709,XZCE,15990,15925,16100,80880,6474337450,253462,261542,16835,15225,16030,16120,0,16095,0,0,0,2017-04-24,32512000,15985,51,0,0,0,0,0,0,0,0,15990,55,0,0,0,0,0,0,0,0
203,2017-04-24,09:01:53,0,CF709,XZCE,15985,15925,16100,80884,6474657150,253466,261542,16835,15225,16030,16120,0,16095,0,0,0,2017-04-24,32513000,15985,49,0,0,0,0,0,0,0,0,15990,58,0,0,0,0,0,0,0,0
204,2017-04-24,09:01:53,0,CF709,XZCE,15985,15925,16100,80884,6474657150,253466,261542,16835,15225,16030,16120,0,16095,0,0,0,2017-04-24,32513000,15985,51,0,0,0,0,0,0,0,0,15990,58,0,0,0,0,0,0,0,0
205,2017-04-24,09:01:54,0,CF709,XZCE,15985,15925,16100,80886,6474817000,253464,261542,16835,15225,16030,16120,0,16095,0,0,0,2017-04-24,32514000,15985,50,0,0,0,0,0,0,0,0,15990,59,0,0,0,0,0,0,0,0
206,2017-04-24,09:01:54,0,CF709,XZCE,15985,15925,16100,80892,6475296550,253464,261542,16835,15225,16030,16120,0,16095,0,0,0,2017-04-24,32514000,15985,47,0,0,0,0,0,0,0,0,15990,59,0,0,0,0,0,0,0,0
207,2017-04-24,09:01:55,0,CF709,XZCE,15985,15925,16100,80904,6476255650,253474,261542,16835,15225,16030,16120,0,16095,0,0,0,2017-04-24,32515000,15985,46,0,0,0,0,0,0,0,0,15990,54,0,0,0,0,0,0,0,0
208,2017-04-24,09:01:55,0,CF709,XZCE,15985,15925,16100,80912,6476895050,253482,261542,16835,15225,16030,16120,0,16095,0,0,0,2017-04-24,32515000,15985,42,0,0,0,0,0,0,0,0,15990,54,0,0,0,0,0,0,0,0
209,2017-04-24,09:01:56,0,CF709,XZCE,15990,15925,16100,80980,6482331650,253542,261542,16835,15225,16030,16120,0,16095,0,0,0,2017-04-24,32516000,15985,42,0,0,0,0,0,0,0,0,15990,19,0,0,0,0,0,0,0,0
210,2017-04-24,09:01:57,0,CF709,XZCE,15990,15925,16100,80984,6482651450,253546,261542,16835,15225,16030,16120,0,16095,0,0,0,2017-04-24,32517000,15985,42,0,0,0,0,0,0,0,0,15990,17,0,0,0,0,0,0,0,0
211,2017-04-24,09:01:57,0,CF709,XZCE,15990,15925,16100,80984,6482651450,253546,261542,16835,15225,16030,16120,0,16095,0,0,0,2017-04-24,32517000,15985,46,0,0,0,0,0,0,0,0,15990,18,0,0,0,0,0,0,0,0
212,2017-04-24,09:01:58,0,CF709,XZCE,15985,15925,16100,80990,6483131000,253552,261542,16835,15225,16030,16120,0,16095,0,0,0,2017-04-24,32518000,15985,43,0,0,0,0,0,0,0,0,15990,18,0,0,0,0,0,0,0,0
213,2017-04-24,09:01:58,0,CF709,XZCE,15985,15925,16100,80990,6483131000,253552,261542,16835,15225,16030,16120,0,16095,0,0,0,2017-04-24,32518000,15985,44,0,0,0,0,0,0,0,0,15990,18,0,0,0,0,0,0,0,0
214,2017-04-24,09:01:59,0,CF709,XZCE,15990,15925,16100,80998,6483770600,253556,261542,16835,15225,16030,16120,0,16095,0,0,0,2017-04-24,32519000,15985,47,0,0,0,0,0,0,0,0,15990,19,0,0,0,0,0,0,0,0
215,2017-04-24,09:01:59,0,CF709,XZCE,15990,15925,16100,81004,6484250300,253560,261542,16835,15225,16030,16120,0,16095,0,0,0,2017-04-24,32519000,15985,46,0,0,0,0,0,0,0,0,15990,17,0,0,0,0,0,0,0,0
216,2017-04-24,09:02:00,0,CF709,XZCE,15990,15925,16100,81038,6486968600,253582,261542,16835,15225,16030,16120,0,16095,0,0,0,2017-04-24,32520000,15985,47,0,0,0,0,0,0,0,0,15995,16,0,0,0,0,0,0,0,0
217,2017-04-24,09:02:00,0,CF709,XZCE,15990,15925,16100,81038,6486968600,253582,261542,16835,15225,16030,16120,0,16095,0,0,0,2017-04-24,32520000,15990,28,0,0,0,0,0,0,0,0,15995,15,0,0,0,0,0,0,0,0
218,2017-04-24,09:02:01,0,CF709,XZCE,15990,15925,16100,81038,6486968600,253582,261542,16835,15225,16030,16120,0,16095,0,0,0,2017-04-24,32521000,15990,37,0,0,0,0,0,0,0,0,15995,14,0,0,0,0,0,0,0,0
219,2017-04-24,09:02:01,0,CF709,XZCE,15990,15925,16100,81038,6486968600,253582,261542,16835,15225,16030,16120,0,16095,0,0,0,2017-04-24,32521000,15990,38,0,0,0,0,0,0,0,0,15995,13,0,0,0,0,0,0,0,0
220,2017-04-24,09:02:02,0,CF709,XZCE,15990,15925,16100,81038,6486968600,253582,261542,16835,15225,16030,16120,0,16095,0,0,0,2017-04-24,32522000,15990,38,0,0,0,0,0,0,0,0,15995,15,0,0,0,0,0,0,0,0
221,2017-04-24,09:02:02,0,CF709,XZCE,15990,15925,16100,81040,6487128500,253584,261542,16835,15225,16030,16120,0,16095,0,0,0,2017-04-24,32522000,15990,37,0,0,0,0,0,0,0,0,15995,15,0,0,0,0,0,0,0,0
222,2017-04-24,09:02:03,0,CF709,XZCE,15990,15925,16100,81040,6487128500,253584,261542,16835,15225,16030,16120,0,16095,0,0,0,2017-04-24,32523000,15990,37,0,0,0,0,0,0,0,0,15995,16,0,0,0,0,0,0,0,0
223,2017-04-24,09:02:04,0,CF709,XZCE,15995,15925,16100,81052,6488088200,253592,261542,16835,15225,16030,16120,0,16095,0,0,0,2017-04-24,32524000,15990,35,0,0,0,0,0,0,0,0,15995,12,0,0,0,0,0,0,0,0
224,2017-04-24,09:02:04,0,CF709,XZCE,15990,15925,16100,81062,6488887700,253596,261542,16835,15225,16030,16120,0,16095,0,0,0,2017-04-24,32524000,15990,33,0,0,0,0,0,0,0,0,15995,10,0,0,0,0,0,0,0,0
225,2017-04-24,09:02:05,0,CF709,XZCE,15995,15925,16100,81064,6489047650,253598,261542,16835,15225,16030,16120,0,16095,0,0,0,2017-04-24,32525000,15990,34,0,0,0,0,0,0,0,0,15995,12,0,0,0,0,0,0,0,0
226,2017-04-24,09:02:05,0,CF709,XZCE,15990,15925,16100,81066,6489207550,253600,261542,16835,15225,16030,16120,0,16095,0,0,0,2017-04-24,32525000,15990,38,0,0,0,0,0,0,0,0,15995,13,0,0,0,0,0,0,0,0
227,2017-04-24,09:02:06,0,CF709,XZCE,15990,15925,16100,81078,6490166950,253602,261542,16835,15225,16030,16120,0,16095,0,0,0,2017-04-24,32526000,15990,32,0,0,0,0,0,0,0,0,15995,13,0,0,0,0,0,0,0,0
228,2017-04-24,09:02:07,0,CF709,XZCE,15995,15925,16100,81084,6490646800,253608,261542,16835,15225,16030,16120,0,16095,0,0,0,2017-04-24,32527000,15990,32,0,0,0,0,0,0,0,0,15995,19,0,0,0,0,0,0,0,0
229,2017-04-24,09:02:07,0,CF709,XZCE,15995,15925,16100,81102,6492086350,253612,261542,16835,15225,16030,16120,0,16095,0,0,0,2017-04-24,32527000,15990,29,0,0,0,0,0,0,0,0,15995,13,0,0,0,0,0,0,0,0
230,2017-04-24,09:02:08,0,CF709,XZCE,15995,15925,16100,81104,6492246300,253612,261542,16835,15225,16030,16120,0,16095,0,0,0,2017-04-24,32528000,15990,29,0,0,0,0,0,0,0,0,15995,12,0,0,0,0,0,0,0,0
231,2017-04-24,09:02:08,0,CF709,XZCE,15995,15925,16100,81104,6492246300,253612,261542,16835,15225,16030,16120,0,16095,0,0,0,2017-04-24,32528000,15990,29,0,0,0,0,0,0,0,0,15995,17,0,0,0,0,0,0,0,0
232,2017-04-24,09:02:09,0,CF709,XZCE,15990,15925,16100,81110,6492726000,253608,261542,16835,15225,16030,16120,0,16095,0,0,0,2017-04-24,32529000,15990,26,0,0,0,0,0,0,0,0,15995,17,0,0,0,0,0,0,0,0
233,2017-04-24,09:02:10,0,CF709,XZCE,15995,15925,16100,81132,6494485450,253626,261542,16835,15225,16030,16120,0,16095,0,0,0,2017-04-24,32530000,15990,26,0,0,0,0,0,0,0,0,15995,7,0,0,0,0,0,0,0,0
234,2017-04-24,09:02:11,0,CF709,XZCE,15990,15925,16100,81142,6495284950,253616,261542,16835,15225,16030,16120,0,16095,0,0,0,2017-04-24,32531000,15990,23,0,0,0,0,0,0,0,0,15995,8,0,0,0,0,0,0,0,0
235,2017-04-24,09:02:11,0,CF709,XZCE,15995,15925,16100,81146,6495604850,253616,261542,16835,15225,16030,16120,0,16095,0,0,0,2017-04-24,32531000,15990,25,0,0,0,0,0,0,0,0,15995,9,0,0,0,0,0,0,0,0
236,2017-04-24,09:02:12,0,CF709,XZCE,15995,15925,16100,81146,6495604850,253616,261542,16835,15225,16030,16120,0,16095,0,0,0,2017-04-24,32532000,15990,26,0,0,0,0,0,0,0,0,15995,10,0,0,0,0,0,0,0,0
237,2017-04-24,09:02:12,0,CF709,XZCE,15990,15925,16100,81156,6496404350,253616,261542,16835,15225,16030,16120,0,16095,0,0,0,2017-04-24,32532000,15990,24,0,0,0,0,0,0,0,0,15995,10,0,0,0,0,0,0,0,0
238,2017-04-24,09:02:13,0,CF709,XZCE,15995,15925,16100,81158,6496564300,253616,261542,16835,15225,16030,16120,0,16095,0,0,0,2017-04-24,32533000,15990,24,0,0,0,0,0,0,0,0,15995,9,0,0,0,0,0,0,0,0
239,2017-04-24,09:02:14,0,CF709,XZCE,15995,15925,16100,81160,6496724250,253616,261542,16835,15225,16030,16120,0,16095,0,0,0,2017-04-24,32534000,15990,24,0,0,0,0,0,0,0,0,15995,5,0,0,0,0,0,0,0,0
240,2017-04-24,09:02:15,0,CF709,XZCE,15990,15925,16100,81170,6497523750,253618,261542,16835,15225,16030,16120,0,16095,0,0,0,2017-04-24,32535000,15990,20,0,0,0,0,0,0,0,0,15995,4,0,0,0,0,0,0,0,0
241,2017-04-24,09:02:15,0,CF709,XZCE,15990,15925,16100,81200,6499922250,253598,261542,16835,15225,16030,16120,0,16095,0,0,0,2017-04-24,32535000,15990,5,0,0,0,0,0,0,0,0,15995,8,0,0,0,0,0,0,0,0
242,2017-04-24,09:02:16,0,CF709,XZCE,15990,15925,16100,81210,6500721750,253594,261542,16835,15225,16030,16120,0,16095,0,0,0,2017-04-24,32536000,15985,64,0,0,0,0,0,0,0,0,15995,20,0,0,0,0,0,0,0,0
243,2017-04-24,09:02:16,0,CF709,XZCE,15990,15925,16100,81210,6500721750,253594,261542,16835,15225,16030,16120,0,16095,0,0,0,2017-04-24,32536000,15990,1,0,0,0,0,0,0,0,0,15995,20,0,0,0,0,0,0,0,0
244,2017-04-24,09:02:17,0,CF709,XZCE,15990,15925,16100,81214,6501041550,253594,261542,16835,15225,16030,16120,0,16095,0,0,0,2017-04-24,32537000,15990,30,0,0,0,0,0,0,0,0,15995,20,0,0,0,0,0,0,0,0
245,2017-04-24,09:02:18,0,CF709,XZCE,15990,15925,16100,81214,6501041550,253594,261542,16835,15225,16030,16120,0,16095,0,0,0,2017-04-24,32538000,15990,30,0,0,0,0,0,0,0,0,15995,18,0,0,0,0,0,0,0,0
246,2017-04-24,09:02:18,0,CF709,XZCE,15990,15925,16100,81214,6501041550,253594,261542,16835,15225,16030,16120,0,16095,0,0,0,2017-04-24,32538000,15990,31,0,0,0,0,0,0,0,0,15995,17,0,0,0,0,0,0,0,0
247,2017-04-24,09:02:19,0,CF709,XZCE,15995,15925,16100,81234,6502641050,253606,261542,16835,15225,16030,16120,0,16095,0,0,0,2017-04-24,32539000,15990,31,0,0,0,0,0,0,0,0,15995,1,0,0,0,0,0,0,0,0
248,2017-04-24,09:02:20,0,CF709,XZCE,15990,15925,16100,81236,6502800950,253608,261542,16835,15225,16030,16120,0,16095,0,0,0,2017-04-24,32540000,15990,30,0,0,0,0,0,0,0,0,15995,3,0,0,0,0,0,0,0,0
249,2017-04-24,09:02:20,0,CF709,XZCE,15990,15925,16100,81240,6503120750,253608,261542,16835,15225,16030,16120,0,16095,0,0,0,2017-04-24,32540000,15990,28,0,0,0,0,0,0,0,0,15995,3,0,0,0,0,0,0,0,0
250,2017-04-24,09:02:21,0,CF709,XZCE,15990,15925,16100,81240,6503120750,253608,261542,16835,15225,16030,16120,0,16095,0,0,0,2017-04-24,32541000,15990,31,0,0,0,0,0,0,0,0,15995,3,0,0,0,0,0,0,0,0
251,2017-04-24,09:02:21,0,CF709,XZCE,15990,15925,16100,81246,6503600450,253614,261542,16835,15225,16030,16120,0,16095,0,0,0,2017-04-24,32541000,15990,28,0,0,0,0,0,0,0,0,15995,7,0,0,0,0,0,0,0,0
252,2017-04-24,09:02:22,0,CF709,XZCE,15990,15925,16100,81246,6503600450,253614,261542,16835,15225,16030,16120,0,16095,0,0,0,2017-04-24,32542000,15990,25,0,0,0,0,0,0,0,0,15995,28,0,0,0,0,0,0,0,0
253,2017-04-24,09:02:23,0,CF709,XZCE,15990,15925,16100,81256,6504399950,253614,261542,16835,15225,16030,16120,0,16095,0,0,0,2017-04-24,32543000,15990,20,0,0,0,0,0,0,0,0,15995,28,0,0,0,0,0,0,0,0
254,2017-04-24,09:02:23,0,CF709,XZCE,15995,15925,16100,81260,6504719850,253616,261542,16835,15225,16030,16120,0,16095,0,0,0,2017-04-24,32543000,15990,21,0,0,0,0,0,0,0,0,15995,26,0,0,0,0,0,0,0,0
255,2017-04-24,09:02:24,0,CF709,XZCE,15990,15925,16100,81270,6505519350,253616,261542,16835,15225,16030,16120,0,16095,0,0,0,2017-04-24,32544000,15990,16,0,0,0,0,0,0,0,0,15995,26,0,0,0,0,0,0,0,0
256,2017-04-24,09:02:24,0,CF709,XZCE,15990,15925,16100,81278,6506158950,253616,261542,16835,15225,16030,16120,0,16095,0,0,0,2017-04-24,32544000,15990,12,0,0,0,0,0,0,0,0,15995,26,0,0,0,0,0,0,0,0
257,2017-04-24,09:02:25,0,CF709,XZCE,15995,15925,16100,81282,6506478850,253620,261542,16835,15225,16030,16120,0,16095,0,0,0,2017-04-24,32545000,15990,12,0,0,0,0,0,0,0,0,15995,25,0,0,0,0,0,0,0,0
258,2017-04-24,09:02:25,0,CF709,XZCE,15995,15925,16100,81286,6506798750,253622,261542,16835,15225,16030,16120,0,16095,0,0,0,2017-04-24,32545000,15990,13,0,0,0,0,0,0,0,0,15995,23,0,0,0,0,0,0,0,0
259,2017-04-24,09:02:26,0,CF709,XZCE,15990,15925,16100,81290,6507118550,253624,261542,16835,15225,16030,16120,0,16095,0,0,0,2017-04-24,32546000,15990,13,0,0,0,0,0,0,0,0,15995,31,0,0,0,0,0,0,0,0
260,2017-04-24,09:02:27,0,CF709,XZCE,15990,15925,16100,81290,6507118550,253624,261542,16835,15225,16030,16120,0,16095,0,0,0,2017-04-24,32547000,15990,18,0,0,0,0,0,0,0,0,15995,31,0,0,0,0,0,0,0,0
261,2017-04-24,09:02:27,0,CF709,XZCE,15990,15925,16100,81292,6507278450,253624,261542,16835,15225,16030,16120,0,16095,0,0,0,2017-04-24,32547000,15990,18,0,0,0,0,0,0,0,0,15995,31,0,0,0,0,0,0,0,0
262,2017-04-24,09:02:28,0,CF709,XZCE,15990,15925,16100,81294,6507438350,253624,261542,16835,15225,16030,16120,0,16095,0,0,0,2017-04-24,32548000,15990,17,0,0,0,0,0,0,0,0,15995,31,0,0,0,0,0,0,0,0
263,2017-04-24,09:02:29,0,CF709,XZCE,15995,15925,16100,81296,6507598300,253626,261542,16835,15225,16030,16120,0,16095,0,0,0,2017-04-24,32549000,15990,17,0,0,0,0,0,0,0,0,15995,31,0,0,0,0,0,0,0,0
264,2017-04-24,09:02:30,0,CF709,XZCE,15995,15925,16100,81298,6507758250,253628,261542,16835,15225,16030,16120,0,16095,0,0,0,2017-04-24,32550000,15990,22,0,0,0,0,0,0,0,0,15995,30,0,0,0,0,0,0,0,0
265,2017-04-24,09:02:30,0,CF709,XZCE,15995,15925,16100,81298,6507758250,253628,261542,16835,15225,16030,16120,0,16095,0,0,0,2017-04-24,32550000,15990,23,0,0,0,0,0,0,0,0,15995,30,0,0,0,0,0,0,0,0
266,2017-04-24,09:02:33,0,CF709,XZCE,15995,15925,16100,81308,6508558000,253636,261542,16835,15225,16030,16120,0,16095,0,0,0,2017-04-24,32553000,15990,23,0,0,0,0,0,0,0,0,15995,25,0,0,0,0,0,0,0,0
267,2017-04-24,09:02:34,0,CF709,XZCE,15995,15925,16100,81320,6509517700,253638,261542,16835,15225,16030,16120,0,16095,0,0,0,2017-04-24,32554000,15990,18,0,0,0,0,0,0,0,0,15995,24,0,0,0,0,0,0,0,0
268,2017-04-24,09:02:34,0,CF709,XZCE,15990,15925,16100,81322,6509677600,253638,261542,16835,15225,16030,16120,0,16095,0,0,0,2017-04-24,32554000,15990,21,0,0,0,0,0,0,0,0,15995,24,0,0,0,0,0,0,0,0
269,2017-04-24,09:02:35,0,CF709,XZCE,15995,15925,16100,81332,6510477350,253644,261542,16835,15225,16030,16120,0,16095,0,0,0,2017-04-24,32555000,15990,21,0,0,0,0,0,0,0,0,15995,19,0,0,0,0,0,0,0,0
270,2017-04-24,09:02:35,0,CF709,XZCE,15990,15925,16100,81374,6513835250,253654,261542,16835,15225,16030,16120,0,16095,0,0,0,2017-04-24,32555000,15985,79,0,0,0,0,0,0,0,0,15995,19,0,0,0,0,0,0,0,0
271,2017-04-24,09:02:37,0,CF709,XZCE,15985,15925,16100,81376,6513995100,253656,261542,16835,15225,16030,16120,0,16095,0,0,0,2017-04-24,32557000,15985,78,0,0,0,0,0,0,0,0,15990,1,0,0,0,0,0,0,0,0
272,2017-04-24,09:02:37,0,CF709,XZCE,15985,15925,16100,81380,6514314800,253656,261542,16835,15225,16030,16120,0,16095,0,0,0,2017-04-24,32557000,15985,77,0,0,0,0,0,0,0,0,15995,21,0,0,0,0,0,0,0,0
273,2017-04-24,09:02:38,0,CF709,XZCE,15985,15925,16100,81380,6514314800,253656,261542,16835,15225,16030,16120,0,16095,0,0,0,2017-04-24,32558000,15985,77,0,0,0,0,0,0,0,0,15990,20,0,0,0,0,0,0,0,0
274,2017-04-24,09:02:38,0,CF709,XZCE,15985,15925,16100,81384,6514634500,253658,261542,16835,15225,16030,16120,0,16095,0,0,0,2017-04-24,32558000,15985,76,0,0,0,0,0,0,0,0,15990,29,0,0,0,0,0,0,0,0
275,2017-04-24,09:02:40,0,CF709,XZCE,15990,15925,16100,81394,6515434000,253660,261542,16835,15225,16030,16120,0,16095,0,0,0,2017-04-24,32560000,15985,73,0,0,0,0,0,0,0,0,15990,25,0,0,0,0,0,0,0,0
276,2017-04-24,09:02:40,0,CF709,XZCE,15985,15925,16100,81400,6515913550,253660,261542,16835,15225,16030,16120,0,16095,0,0,0,2017-04-24,32560000,15985,70,0,0,0,0,0,0,0,0,15990,25,0,0,0,0,0,0,0,0
277,2017-04-24,09:02:41,0,CF709,XZCE,15990,15925,16100,81414,6517032850,253656,261542,16835,15225,16030,16120,0,16095,0,0,0,2017-04-24,32561000,15985,65,0,0,0,0,0,0,0,0,15990,23,0,0,0,0,0,0,0,0
278,2017-04-24,09:02:41,0,CF709,XZCE,15990,15925,16100,81418,6517352650,253656,261542,16835,15225,16030,16120,0,16095,0,0,0,2017-04-24,32561000,15985,70,0,0,0,0,0,0,0,0,15990,24,0,0,0,0,0,0,0,0
279,2017-04-24,09:02:42,0,CF709,XZCE,15985,15925,16100,81420,6517512500,253656,261542,16835,15225,16030,16120,0,16095,0,0,0,2017-04-24,32562000,15985,69,0,0,0,0,0,0,0,0,15990,25,0,0,0,0,0,0,0,0
280,2017-04-24,09:02:42,0,CF709,XZCE,15985,15925,16100,81420,6517512500,253656,261542,16835,15225,16030,16120,0,16095,0,0,0,2017-04-24,32562000,15985,70,0,0,0,0,0,0,0,0,15990,25,0,0,0,0,0,0,0,0
281,2017-04-24,09:02:44,0,CF709,XZCE,15990,15925,16100,81432,6518471900,253666,261542,16835,15225,16030,16120,0,16095,0,0,0,2017-04-24,32564000,15985,70,0,0,0,0,0,0,0,0,15990,20,0,0,0,0,0,0,0,0
282,2017-04-24,09:02:45,0,CF709,XZCE,15990,15925,16100,81442,6519271400,253674,261542,16835,15225,16030,16120,0,16095,0,0,0,2017-04-24,32565000,15985,70,0,0,0,0,0,0,0,0,15990,15,0,0,0,0,0,0,0,0
283,2017-04-24,09:02:45,0,CF709,XZCE,15990,15925,16100,81444,6519431300,253674,261542,16835,15225,16030,16120,0,16095,0,0,0,2017-04-24,32565000,15985,70,0,0,0,0,0,0,0,0,15990,14,0,0,0,0,0,0,0,0
284,2017-04-24,09:02:45,0,CF709,XZCE,15985,15925,16100,81446,6519591150,253672,261542,16835,15225,16030,16120,0,16095,0,0,0,2017-04-24,32565000,15985,69,0,0,0,0,0,0,0,0,15990,14,0,0,0,0,0,0,0,0
285,2017-04-24,09:02:47,0,CF709,XZCE,15985,15925,16100,81446,6519591150,253672,261542,16835,15225,16030,16120,0,16095,0,0,0,2017-04-24,32567000,15985,69,0,0,0,0,0,0,0,0,15990,15,0,0,0,0,0,0,0,0
286,2017-04-24,09:02:47,0,CF709,XZCE,15990,15925,16100,81452,6520070850,253676,261542,16835,15225,16030,16120,0,16095,0,0,0,2017-04-24,32567000,15985,68,0,0,0,0,0,0,0,0,15990,13,0,0,0,0,0,0,0,0
287,2017-04-24,09:02:49,0,CF709,XZCE,15990,15925,16100,81602,6532063350,253554,261542,16835,15225,16030,16120,0,16095,0,0,0,2017-04-24,32569000,15985,1,0,0,0,0,0,0,0,0,15990,15,0,0,0,0,0,0,0,0
288,2017-04-24,09:02:49,0,CF709,XZCE,15985,15925,16100,81636,6534780800,253524,261542,16835,15225,16030,16120,0,16095,0,0,0,2017-04-24,32569000,15980,301,0,0,0,0,0,0,0,0,15990,17,0,0,0,0,0,0,0,0
289,2017-04-24,09:02:50,0,CF709,XZCE,15990,15925,16100,81640,6535100600,253528,261542,16835,15225,16030,16120,0,16095,0,0,0,2017-04-24,32570000,15980,301,0,0,0,0,0,0,0,0,15990,75,0,0,0,0,0,0,0,0
290,2017-04-24,09:02:50,0,CF709,XZCE,15985,15925,16100,81642,6535260450,253528,261542,16835,15225,16030,16120,0,16095,0,0,0,2017-04-24,32570000,15980,300,0,0,0,0,0,0,0,0,15990,75,0,0,0,0,0,0,0,0
291,2017-04-24,09:02:51,0,CF709,XZCE,15985,15925,16100,81642,6535260450,253528,261542,16835,15225,16030,16120,0,16095,0,0,0,2017-04-24,32571000,15980,300,0,0,0,0,0,0,0,0,15985,5,0,0,0,0,0,0,0,0
292,2017-04-24,09:02:52,0,CF709,XZCE,15985,15925,16100,81642,6535260450,253528,261542,16835,15225,16030,16120,0,16095,0,0,0,2017-04-24,32572000,15980,300,0,0,0,0,0,0,0,0,15985,6,0,0,0,0,0,0,0,0
293,2017-04-24,09:02:54,0,CF709,XZCE,15980,15925,16100,81672,6537657450,253498,261542,16835,15225,16030,16120,0,16095,0,0,0,2017-04-24,32574000,15980,285,0,0,0,0,0,0,0,0,15985,7,0,0,0,0,0,0,0,0
294,2017-04-24,09:02:54,0,CF709,XZCE,15980,15925,16100,81672,6537657450,253498,261542,16835,15225,16030,16120,0,16095,0,0,0,2017-04-24,32574000,15980,286,0,0,0,0,0,0,0,0,15985,8,0,0,0,0,0,0,0,0
295,2017-04-24,09:02:55,0,CF709,XZCE,15980,15925,16100,81674,6537817250,253496,261542,16835,15225,16030,16120,0,16095,0,0,0,2017-04-24,32575000,15980,285,0,0,0,0,0,0,0,0,15985,11,0,0,0,0,0,0,0,0
296,2017-04-24,09:02:55,0,CF709,XZCE,15980,15925,16100,81676,6537977050,253496,261542,16835,15225,16030,16120,0,16095,0,0,0,2017-04-24,32575000,15980,284,0,0,0,0,0,0,0,0,15985,11,0,0,0,0,0,0,0,0
297,2017-04-24,09:02:56,0,CF709,XZCE,15980,15925,16100,81678,6538136850,253494,261542,16835,15225,16030,16120,0,16095,0,0,0,2017-04-24,32576000,15980,283,0,0,0,0,0,0,0,0,15985,11,0,0,0,0,0,0,0,0
298,2017-04-24,09:02:56,0,CF709,XZCE,15985,15925,16100,81682,6538456550,253498,261542,16835,15225,16030,16120,0,16095,0,0,0,2017-04-24,32576000,15980,283,0,0,0,0,0,0,0,0,15985,9,0,0,0,0,0,0,0,0
299,2017-04-24,09:02:57,0,CF709,XZCE,15985,15925,16100,81686,6538776250,253498,261542,16835,15225,16030,16120,0,16095,0,0,0,2017-04-24,32577000,15980,283,0,0,0,0,0,0,0,0,15985,7,0,0,0,0,0,0,0,0
300,2017-04-24,09:02:57,0,CF709,XZCE,15985,15925,16100,81688,6538936100,253500,261542,16835,15225,16030,16120,0,16095,0,0,0,2017-04-24,32577000,15980,283,0,0,0,0,0,0,0,0,15985,6,0,0,0,0,0,0,0,0
301,2017-04-24,09:02:58,0,CF709,XZCE,15980,15925,16100,81692,6539255700,253496,261542,16835,15225,16030,16120,0,16095,0,0,0,2017-04-24,32578000,15980,281,0,0,0,0,0,0,0,0,15985,6,0,0,0,0,0,0,0,0
302,2017-04-24,09:02:58,0,CF709,XZCE,15985,15925,16100,81694,6539415550,253498,261542,16835,15225,16030,16120,0,16095,0,0,0,2017-04-24,32578000,15980,281,0,0,0,0,0,0,0,0,15985,5,0,0,0,0,0,0,0,0
303,2017-04-24,09:02:59,0,CF709,XZCE,15985,15925,16100,81696,6539575400,253500,261542,16835,15225,16030,16120,0,16095,0,0,0,2017-04-24,32579000,15980,281,0,0,0,0,0,0,0,0,15985,5,0,0,0,0,0,0,0,0
304,2017-04-24,09:02:59,0,CF709,XZCE,15980,15925,16100,81700,6539895000,253500,261542,16835,15225,16030,16120,0,16095,0,0,0,2017-04-24,32579000,15980,279,0,0,0,0,0,0,0,0,15985,5,0,0,0,0,0,0,0,0
305,2017-04-24,09:03:00,0,CF709,XZCE,15980,15925,16100,81700,6539895000,253500,261542,16835,15225,16030,16120,0,16095,0,0,0,2017-04-24,32580000,15980,283,0,0,0,0,0,0,0,0,15985,5,0,0,0,0,0,0,0,0
306,2017-04-24,09:03:00,0,CF709,XZCE,15985,15925,16100,81702,6540054850,253498,261542,16835,15225,16030,16120,0,16095,0,0,0,2017-04-24,32580000,15980,283,0,0,0,0,0,0,0,0,15985,5,0,0,0,0,0,0,0,0
307,2017-04-24,09:03:01,0,CF709,XZCE,15985,15925,16100,81712,6540854100,253498,261542,16835,15225,16030,16120,0,16095,0,0,0,2017-04-24,32581000,15985,4,0,0,0,0,0,0,0,0,15990,74,0,0,0,0,0,0,0,0
308,2017-04-24,09:03:01,0,CF709,XZCE,15985,15925,16100,81712,6540854100,253498,261542,16835,15225,16030,16120,0,16095,0,0,0,2017-04-24,32581000,15985,7,0,0,0,0,0,0,0,0,15990,74,0,0,0,0,0,0,0,0
309,2017-04-24,09:03:02,0,CF709,XZCE,15985,15925,16100,81712,6540854100,253498,261542,16835,15225,16030,16120,0,16095,0,0,0,2017-04-24,32582000,15985,11,0,0,0,0,0,0,0,0,15990,74,0,0,0,0,0,0,0,0
310,2017-04-24,09:03:02,0,CF709,XZCE,15985,15925,16100,81712,6540854100,253498,261542,16835,15225,16030,16120,0,16095,0,0,0,2017-04-24,32582000,15985,14,0,0,0,0,0,0,0,0,15990,73,0,0,0,0,0,0,0,0
311,2017-04-24,09:03:03,0,CF709,XZCE,15985,15925,16100,81714,6541013950,253498,261542,16835,15225,16030,16120,0,16095,0,0,0,2017-04-24,32583000,15985,13,0,0,0,0,0,0,0,0,15990,73,0,0,0,0,0,0,0,0
312,2017-04-24,09:03:03,0,CF709,XZCE,15985,15925,16100,81714,6541013950,253498,261542,16835,15225,16030,16120,0,16095,0,0,0,2017-04-24,32583000,15985,18,0,0,0,0,0,0,0,0,15990,73,0,0,0,0,0,0,0,0
313,2017-04-24,09:03:04,0,CF709,XZCE,15985,15925,16100,81716,6541173800,253498,261542,16835,15225,16030,16120,0,16095,0,0,0,2017-04-24,32584000,15985,17,0,0,0,0,0,0,0,0,15990,73,0,0,0,0,0,0,0,0
314,2017-04-24,09:03:04,0,CF709,XZCE,15985,15925,16100,81726,6541973050,253492,261542,16835,15225,16030,16120,0,16095,0,0,0,2017-04-24,32584000,15985,15,0,0,0,0,0,0,0,0,15990,67,0,0,0,0,0,0,0,0
315,2017-04-24,09:03:05,0,CF709,XZCE,15985,15925,16100,81726,6541973050,253492,261542,16835,15225,16030,16120,0,16095,0,0,0,2017-04-24,32585000,15985,16,0,0,0,0,0,0,0,0,15990,67,0,0,0,0,0,0,0,0
316,2017-04-24,09:03:07,0,CF709,XZCE,15985,15925,16100,81726,6541973050,253492,261542,16835,15225,16030,16120,0,16095,0,0,0,2017-04-24,32587000,15985,26,0,0,0,0,0,0,0,0,15990,67,0,0,0,0,0,0,0,0
317,2017-04-24,09:03:07,0,CF709,XZCE,15985,15925,16100,81728,6542132900,253490,261542,16835,15225,16030,16120,0,16095,0,0,0,2017-04-24,32587000,15985,25,0,0,0,0,0,0,0,0,15990,68,0,0,0,0,0,0,0,0
318,2017-04-24,09:03:08,0,CF709,XZCE,15985,15925,16100,81728,6542132900,253490,261542,16835,15225,16030,16120,0,16095,0,0,0,2017-04-24,32588000,15985,32,0,0,0,0,0,0,0,0,15990,68,0,0,0,0,0,0,0,0
319,2017-04-24,09:03:09,0,CF709,XZCE,15985,15925,16100,81750,6543891250,253488,261542,16835,15225,16030,16120,0,16095,0,0,0,2017-04-24,32589000,15985,21,0,0,0,0,0,0,0,0,15990,68,0,0,0,0,0,0,0,0
320,2017-04-24,09:03:09,0,CF709,XZCE,15985,15925,16100,81756,6544370800,253490,261542,16835,15225,16030,16120,0,16095,0,0,0,2017-04-24,32589000,15985,19,0,0,0,0,0,0,0,0,15990,68,0,0,0,0,0,0,0,0
321,2017-04-24,09:03:10,0,CF709,XZCE,15985,15925,16100,81756,6544370800,253490,261542,16835,15225,16030,16120,0,16095,0,0,0,2017-04-24,32590000,15985,19,0,0,0,0,0,0,0,0,15990,69,0,0,0,0,0,0,0,0
322,2017-04-24,09:03:11,0,CF709,XZCE,15985,15925,16100,81796,6547567800,253492,261542,16835,15225,16030,16120,0,16095,0,0,0,2017-04-24,32591000,15980,302,0,0,0,0,0,0,0,0,15985,13,0,0,0,0,0,0,0,0
323,2017-04-24,09:03:12,0,CF709,XZCE,15990,15925,16100,81826,6549966300,253522,261542,16835,15225,16030,16120,0,16095,0,0,0,2017-04-24,32592000,15980,301,0,0,0,0,0,0,0,0,15990,66,0,0,0,0,0,0,0,0
324,2017-04-24,09:03:14,0,CF709,XZCE,15990,15925,16100,81826,6549966300,253522,261542,16835,15225,16030,16120,0,16095,0,0,0,2017-04-24,32594000,15980,301,0,0,0,0,0,0,0,0,15990,91,0,0,0,0,0,0,0,0
325,2017-04-24,09:03:14,0,CF709,XZCE,15990,15925,16100,81830,6550286100,253526,261542,16835,15225,16030,16120,0,16095,0,0,0,2017-04-24,32594000,15980,300,0,0,0,0,0,0,0,0,15990,89,0,0,0,0,0,0,0,0
326,2017-04-24,09:03:15,0,CF709,XZCE,15990,15925,16100,81830,6550286100,253526,261542,16835,15225,16030,16120,0,16095,0,0,0,2017-04-24,32595000,15985,1,0,0,0,0,0,0,0,0,15990,89,0,0,0,0,0,0,0,0
327,2017-04-24,09:03:15,0,CF709,XZCE,15985,15925,16100,81832,6550445950,253528,261542,16835,15225,16030,16120,0,16095,0,0,0,2017-04-24,32595000,15980,300,0,0,0,0,0,0,0,0,15985,4,0,0,0,0,0,0,0,0
328,2017-04-24,09:03:16,0,CF709,XZCE,15985,15925,16100,81834,6550605800,253528,261542,16835,15225,16030,16120,0,16095,0,0,0,2017-04-24,32596000,15980,300,0,0,0,0,0,0,0,0,15985,6,0,0,0,0,0,0,0,0
329,2017-04-24,09:03:17,0,CF709,XZCE,15985,15925,16100,81838,6550925500,253524,261542,16835,15225,16030,16120,0,16095,0,0,0,2017-04-24,32597000,15980,333,0,0,0,0,0,0,0,0,15985,5,0,0,0,0,0,0,0,0
330,2017-04-24,09:03:17,0,CF709,XZCE,15980,15925,16100,81842,6551245100,253520,261542,16835,15225,16030,16120,0,16095,0,0,0,2017-04-24,32597000,15980,331,0,0,0,0,0,0,0,0,15985,5,0,0,0,0,0,0,0,0
331,2017-04-24,09:03:19,0,CF709,XZCE,15985,15925,16100,81848,6551724650,253526,261542,16835,15225,16030,16120,0,16095,0,0,0,2017-04-24,32599000,15980,331,0,0,0,0,0,0,0,0,15985,2,0,0,0,0,0,0,0,0
332,2017-04-24,09:03:20,0,CF709,XZCE,15985,15925,16100,81862,6552843600,253530,261542,16835,15225,16030,16120,0,16095,0,0,0,2017-04-24,32600000,15980,331,0,0,0,0,0,0,0,0,15985,24,0,0,0,0,0,0,0,0
333,2017-04-24,09:03:22,0,CF709,XZCE,15985,15925,16100,81864,6553003450,253530,261542,16835,15225,16030,16120,0,16095,0,0,0,2017-04-24,32602000,15980,341,0,0,0,0,0,0,0,0,15985,24,0,0,0,0,0,0,0,0
334,2017-04-24,09:03:23,0,CF709,XZCE,15985,15925,16100,81866,6553163300,253532,261542,16835,15225,16030,16120,0,16095,0,0,0,2017-04-24,32603000,15980,341,0,0,0,0,0,0,0,0,15985,24,0,0,0,0,0,0,0,0
335,2017-04-24,09:03:24,0,CF709,XZCE,15985,15925,16100,81866,6553163300,253532,261542,16835,15225,16030,16120,0,16095,0,0,0,2017-04-24,32604000,15980,341,0,0,0,0,0,0,0,0,15985,26,0,0,0,0,0,0,0,0
336,2017-04-24,09:03:24,0,CF709,XZCE,15985,15925,16100,81868,6553323150,253534,261542,16835,15225,16030,16120,0,16095,0,0,0,2017-04-24,32604000,15980,341,0,0,0,0,0,0,0,0,15985,25,0,0,0,0,0,0,0,0
337,2017-04-24,09:03:25,0,CF709,XZCE,15985,15925,16100,81874,6553802700,253536,261542,16835,15225,16030,16120,0,16095,0,0,0,2017-04-24,32605000,15980,341,0,0,0,0,0,0,0,0,15985,23,0,0,0,0,0,0,0,0
338,2017-04-24,09:03:25,0,CF709,XZCE,15985,15925,16100,81906,6556360300,253568,261542,16835,15225,16030,16120,0,16095,0,0,0,2017-04-24,32605000,15980,341,0,0,0,0,0,0,0,0,15985,11,0,0,0,0,0,0,0,0
339,2017-04-24,09:03:26,0,CF709,XZCE,15985,15925,16100,81928,6558118650,253590,261542,16835,15225,16030,16120,0,16095,0,0,0,2017-04-24,32606000,15985,81,0,0,0,0,0,0,0,0,15990,69,0,0,0,0,0,0,0,0
340,2017-04-24,09:03:26,0,CF709,XZCE,15985,15925,16100,81934,6558598200,253590,261542,16835,15225,16030,16120,0,16095,0,0,0,2017-04-24,32606000,15985,79,0,0,0,0,0,0,0,0,15990,69,0,0,0,0,0,0,0,0
341,2017-04-24,09:03:27,0,CF709,XZCE,15985,15925,16100,81934,6558598200,253590,261542,16835,15225,16030,16120,0,16095,0,0,0,2017-04-24,32607000,15985,80,0,0,0,0,0,0,0,0,15990,69,0,0,0,0,0,0,0,0
342,2017-04-24,09:03:27,0,CF709,XZCE,15990,15925,16100,81944,6559397700,253592,261542,16835,15225,16030,16120,0,16095,0,0,0,2017-04-24,32607000,15985,80,0,0,0,0,0,0,0,0,15990,64,0,0,0,0,0,0,0,0
343,2017-04-24,09:03:29,0,CF709,XZCE,15985,15925,16100,81976,6561955300,253592,261542,16835,15225,16030,16120,0,16095,0,0,0,2017-04-24,32609000,15985,65,0,0,0,0,0,0,0,0,15990,63,0,0,0,0,0,0,0,0
344,2017-04-24,09:03:29,0,CF709,XZCE,15985,15925,16100,81976,6561955300,253592,261542,16835,15225,16030,16120,0,16095,0,0,0,2017-04-24,32609000,15985,65,0,0,0,0,0,0,0,0,15990,62,0,0,0,0,0,0,0,0
345,2017-04-24,09:03:30,0,CF709,XZCE,15990,15925,16100,81978,6562115200,253590,261542,16835,15225,16030,16120,0,16095,0,0,0,2017-04-24,32610000,15985,65,0,0,0,0,0,0,0,0,15990,61,0,0,0,0,0,0,0,0
346,2017-04-24,09:03:30,0,CF709,XZCE,15985,15925,16100,81984,6562594750,253592,261542,16835,15225,16030,16120,0,16095,0,0,0,2017-04-24,32610000,15980,343,0,0,0,0,0,0,0,0,15990,61,0,0,0,0,0,0,0,0
347,2017-04-24,09:03:31,0,CF709,XZCE,15980,15925,16100,81988,6562914350,253590,261542,16835,15225,16030,16120,0,16095,0,0,0,2017-04-24,32611000,15980,342,0,0,0,0,0,0,0,0,15990,61,0,0,0,0,0,0,0,0
348,2017-04-24,09:03:31,0,CF709,XZCE,15980,15925,16100,81988,6562914350,253590,261542,16835,15225,16030,16120,0,16095,0,0,0,2017-04-24,32611000,15980,375,0,0,0,0,0,0,0,0,15990,61,0,0,0,0,0,0,0,0
349,2017-04-24,09:03:32,0,CF709,XZCE,15990,15925,16100,82012,6564833150,253566,261542,16835,15225,16030,16120,0,16095,0,0,0,2017-04-24,32612000,15980,365,0,0,0,0,0,0,0,0,15990,59,0,0,0,0,0,0,0,0
350,2017-04-24,09:03:33,0,CF709,XZCE,15985,15925,16100,82014,6564993000,253566,261542,16835,15225,16030,16120,0,16095,0,0,0,2017-04-24,32613000,15980,364,0,0,0,0,0,0,0,0,15990,59,0,0,0,0,0,0,0,0
351,2017-04-24,09:03:33,0,CF709,XZCE,15985,15925,16100,82018,6565312700,253566,261542,16835,15225,16030,16120,0,16095,0,0,0,2017-04-24,32613000,15980,365,0,0,0,0,0,0,0,0,15990,59,0,0,0,0,0,0,0,0
352,2017-04-24,09:03:34,0,CF709,XZCE,15980,15925,16100,82038,6566910700,253546,261542,16835,15225,16030,16120,0,16095,0,0,0,2017-04-24,32614000,15980,356,0,0,0,0,0,0,0,0,15990,76,0,0,0,0,0,0,0,0
353,2017-04-24,09:03:34,0,CF709,XZCE,15985,15925,16100,82040,6567070550,253544,261542,16835,15225,16030,16120,0,16095,0,0,0,2017-04-24,32614000,15980,356,0,0,0,0,0,0,0,0,15990,76,0,0,0,0,0,0,0,0
354,2017-04-24,09:03:35,0,CF709,XZCE,15985,15925,16100,82042,6567230400,253546,261542,16835,15225,16030,16120,0,16095,0,0,0,2017-04-24,32615000,15985,1,0,0,0,0,0,0,0,0,15990,76,0,0,0,0,0,0,0,0
355,2017-04-24,09:03:35,0,CF709,XZCE,15980,15925,16100,82046,6567550000,253548,261542,16835,15225,16030,16120,0,16095,0,0,0,2017-04-24,32615000,15985,1,0,0,0,0,0,0,0,0,15990,76,0,0,0,0,0,0,0,0
356,2017-04-24,09:03:36,0,CF709,XZCE,15980,15925,16100,82046,6567550000,253548,261542,16835,15225,16030,16120,0,16095,0,0,0,2017-04-24,32616000,15985,7,0,0,0,0,0,0,0,0,15990,76,0,0,0,0,0,0,0,0
357,2017-04-24,09:03:37,0,CF709,XZCE,15985,15925,16100,82050,6567869700,253550,261542,16835,15225,16030,16120,0,16095,0,0,0,2017-04-24,32617000,15985,11,0,0,0,0,0,0,0,0,15990,76,0,0,0,0,0,0,0,0
358,2017-04-24,09:03:37,0,CF709,XZCE,15990,15925,16100,82052,6568029600,253548,261542,16835,15225,16030,16120,0,16095,0,0,0,2017-04-24,32617000,15985,11,0,0,0,0,0,0,0,0,15990,75,0,0,0,0,0,0,0,0
359,2017-04-24,09:03:38,0,CF709,XZCE,15990,15925,16100,82056,6568349400,253548,261542,16835,15225,16030,16120,0,16095,0,0,0,2017-04-24,32618000,15985,21,0,0,0,0,0,0,0,0,15990,73,0,0,0,0,0,0,0,0
360,2017-04-24,09:03:38,0,CF709,XZCE,15985,15925,16100,82060,6568669100,253550,261542,16835,15225,16030,16120,0,16095,0,0,0,2017-04-24,32618000,15985,19,0,0,0,0,0,0,0,0,15990,73,0,0,0,0,0,0,0,0
361,2017-04-24,09:03:39,0,CF709,XZCE,15985,15925,16100,82062,6568828950,253552,261542,16835,15225,16030,16120,0,16095,0,0,0,2017-04-24,32619000,15985,18,0,0,0,0,0,0,0,0,15990,73,0,0,0,0,0,0,0,0
362,2017-04-24,09:03:40,0,CF709,XZCE,15990,15925,16100,82068,6569308650,253552,261542,16835,15225,16030,16120,0,16095,0,0,0,2017-04-24,32620000,15985,18,0,0,0,0,0,0,0,0,15990,70,0,0,0,0,0,0,0,0
363,2017-04-24,09:03:40,0,CF709,XZCE,15985,15925,16100,82070,6569468500,253554,261542,16835,15225,16030,16120,0,16095,0,0,0,2017-04-24,32620000,15985,15,0,0,0,0,0,0,0,0,15990,70,0,0,0,0,0,0,0,0
364,2017-04-24,09:03:41,0,CF709,XZCE,15985,15925,16100,82070,6569468500,253554,261542,16835,15225,16030,16120,0,16095,0,0,0,2017-04-24,32621000,15985,12,0,0,0,0,0,0,0,0,15990,70,0,0,0,0,0,0,0,0
365,2017-04-24,09:03:41,0,CF709,XZCE,15985,15925,16100,82072,6569628350,253552,261542,16835,15225,16030,16120,0,16095,0,0,0,2017-04-24,32621000,15985,11,0,0,0,0,0,0,0,0,15990,70,0,0,0,0,0,0,0,0
366,2017-04-24,09:03:42,0,CF709,XZCE,15985,15925,16100,82074,6569788200,253552,261542,16835,15225,16030,16120,0,16095,0,0,0,2017-04-24,32622000,15985,10,0,0,0,0,0,0,0,0,15990,70,0,0,0,0,0,0,0,0
367,2017-04-24,09:03:43,0,CF709,XZCE,15985,15925,16100,82076,6569948050,253552,261542,16835,15225,16030,16120,0,16095,0,0,0,2017-04-24,32623000,15985,9,0,0,0,0,0,0,0,0,15990,70,0,0,0,0,0,0,0,0
368,2017-04-24,09:03:44,0,CF709,XZCE,15985,15925,16100,82080,6570267750,253548,261542,16835,15225,16030,16120,0,16095,0,0,0,2017-04-24,32624000,15985,7,0,0,0,0,0,0,0,0,15990,70,0,0,0,0,0,0,0,0
369,2017-04-24,09:03:44,0,CF709,XZCE,15985,15925,16100,82082,6570427600,253546,261542,16835,15225,16030,16120,0,16095,0,0,0,2017-04-24,32624000,15985,6,0,0,0,0,0,0,0,0,15990,70,0,0,0,0,0,0,0,0
370,2017-04-24,09:03:45,0,CF709,XZCE,15990,15925,16100,82086,6570747400,253546,261542,16835,15225,16030,16120,0,16095,0,0,0,2017-04-24,32625000,15985,6,0,0,0,0,0,0,0,0,15990,68,0,0,0,0,0,0,0,0
371,2017-04-24,09:03:45,0,CF709,XZCE,15990,15925,16100,82088,6570907300,253546,261542,16835,15225,16030,16120,0,16095,0,0,0,2017-04-24,32625000,15985,6,0,0,0,0,0,0,0,0,15990,67,0,0,0,0,0,0,0,0
372,2017-04-24,09:03:46,0,CF709,XZCE,15985,15925,16100,82096,6571546700,253542,261542,16835,15225,16030,16120,0,16095,0,0,0,2017-04-24,32626000,15985,7,0,0,0,0,0,0,0,0,15990,65,0,0,0,0,0,0,0,0
373,2017-04-24,09:03:47,0,CF709,XZCE,15985,15925,16100,82096,6571546700,253542,261542,16835,15225,16030,16120,0,16095,0,0,0,2017-04-24,32627000,15985,7,0,0,0,0,0,0,0,0,15990,66,0,0,0,0,0,0,0,0
374,2017-04-24,09:03:48,0,CF709,XZCE,15985,15925,16100,82100,6571866400,253538,261542,16835,15225,16030,16120,0,16095,0,0,0,2017-04-24,32628000,15985,8,0,0,0,0,0,0,0,0,15990,66,0,0,0,0,0,0,0,0
375,2017-04-24,09:03:49,0,CF709,XZCE,15985,15925,16100,82100,6571866400,253538,261542,16835,15225,16030,16120,0,16095,0,0,0,2017-04-24,32629000,15985,8,0,0,0,0,0,0,0,0,15990,67,0,0,0,0,0,0,0,0
376,2017-04-24,09:03:50,0,CF709,XZCE,15990,15925,16100,82102,6572026300,253538,261542,16835,15225,16030,16120,0,16095,0,0,0,2017-04-24,32630000,15985,5,0,0,0,0,0,0,0,0,15990,67,0,0,0,0,0,0,0,0
377,2017-04-24,09:03:51,0,CF709,XZCE,15990,15925,16100,82122,6573625300,253538,261542,16835,15225,16030,16120,0,16095,0,0,0,2017-04-24,32631000,15985,5,0,0,0,0,0,0,0,0,15990,57,0,0,0,0,0,0,0,0
378,2017-04-24,09:03:51,0,CF709,XZCE,15985,15925,16100,82134,6574584400,253538,261542,16835,15225,16030,16120,0,16095,0,0,0,2017-04-24,32631000,15980,418,0,0,0,0,0,0,0,0,15985,25,0,0,0,0,0,0,0,0
379,2017-04-24,09:03:51,0,CF709,XZCE,15985,15925,16100,82134,6574584400,253538,261542,16835,15225,16030,16120,0,16095,0,0,0,2017-04-24,32631000,15980,416,0,0,0,0,0,0,0,0,15985,31,0,0,0,0,0,0,0,0
380,2017-04-24,09:03:52,0,CF709,XZCE,15985,15925,16100,82204,6580179150,253588,261542,16835,15225,16030,16120,0,16095,0,0,0,2017-04-24,32632000,15985,7,0,0,0,0,0,0,0,0,15990,56,0,0,0,0,0,0,0,0
381,2017-04-24,09:03:53,0,CF709,XZCE,15985,15925,16100,82212,6580818550,253596,261542,16835,15225,16030,16120,0,16095,0,0,0,2017-04-24,32633000,15985,4,0,0,0,0,0,0,0,0,15990,56,0,0,0,0,0,0,0,0
382,2017-04-24,09:03:54,0,CF709,XZCE,15985,15925,16100,82214,6580978400,253598,261542,16835,15225,16030,16120,0,16095,0,0,0,2017-04-24,32634000,15985,3,0,0,0,0,0,0,0,0,15990,56,0,0,0,0,0,0,0,0
383,2017-04-24,09:03:55,0,CF709,XZCE,15985,15925,16100,82224,6581777650,253594,261542,16835,15225,16030,16120,0,16095,0,0,0,2017-04-24,32635000,15985,4,0,0,0,0,0,0,0,0,15990,57,0,0,0,0,0,0,0,0
384,2017-04-24,09:03:55,0,CF709,XZCE,15985,15925,16100,82244,6583376150,253576,261542,16835,15225,16030,16120,0,16095,0,0,0,2017-04-24,32635000,15985,3,0,0,0,0,0,0,0,0,15990,57,0,0,0,0,0,0,0,0
385,2017-04-24,09:03:55,0,CF709,XZCE,15985,15925,16100,82264,6584974650,253566,261542,16835,15225,16030,16120,0,16095,0,0,0,2017-04-24,32635000,15985,1,0,0,0,0,0,0,0,0,15990,65,0,0,0,0,0,0,0,0
386,2017-04-24,09:03:56,0,CF709,XZCE,15985,15925,16100,82284,6586573150,253570,261542,16835,15225,16030,16120,0,16095,0,0,0,2017-04-24,32636000,15985,2,0,0,0,0,0,0,0,0,15990,57,0,0,0,0,0,0,0,0
387,2017-04-24,09:03:57,0,CF709,XZCE,15985,15925,16100,82294,6587372400,253568,261542,16835,15225,16030,16120,0,16095,0,0,0,2017-04-24,32637000,15980,405,0,0,0,0,0,0,0,0,15985,1,0,0,0,0,0,0,0,0
388,2017-04-24,09:03:57,0,CF709,XZCE,15985,15925,16100,82296,6587532250,253568,261542,16835,15225,16030,16120,0,16095,0,0,0,2017-04-24,32637000,15985,1,0,0,0,0,0,0,0,0,15990,56,0,0,0,0,0,0,0,0
389,2017-04-24,09:03:58,0,CF709,XZCE,15985,15925,16100,82298,6587692100,253568,261542,16835,15225,16030,16120,0,16095,0,0,0,2017-04-24,32638000,15985,1,0,0,0,0,0,0,0,0,15990,56,0,0,0,0,0,0,0,0
390,2017-04-24,09:03:58,0,CF709,XZCE,15985,15925,16100,82298,6587692100,253568,261542,16835,15225,16030,16120,0,16095,0,0,0,2017-04-24,32638000,15980,406,0,0,0,0,0,0,0,0,15990,56,0,0,0,0,0,0,0,0
391,2017-04-24,09:03:58,0,CF709,XZCE,15980,15925,16100,82302,6588011700,253564,261542,16835,15225,16030,16120,0,16095,0,0,0,2017-04-24,32638000,15985,1,0,0,0,0,0,0,0,0,15990,59,0,0,0,0,0,0,0,0
392,2017-04-24,09:03:59,0,CF709,XZCE,15985,15925,16100,82304,6588171550,253562,261542,16835,15225,16030,16120,0,16095,0,0,0,2017-04-24,32639000,15980,425,0,0,0,0,0,0,0,0,15990,64,0,0,0,0,0,0,0,0
393,2017-04-24,09:03:59,0,CF709,XZCE,15985,15925,16100,82304,6588171550,253562,261542,16835,15225,16030,16120,0,16095,0,0,0,2017-04-24,32639000,15980,425,0,0,0,0,0,0,0,0,15990,65,0,0,0,0,0,0,0,0
394,2017-04-24,09:04:00,0,CF709,XZCE,15990,15925,16100,82306,6588331450,253562,261542,16835,15225,16030,16120,0,16095,0,0,0,2017-04-24,32640000,15980,424,0,0,0,0,0,0,0,0,15990,94,0,0,0,0,0,0,0,0
395,2017-04-24,09:04:00,0,CF709,XZCE,15990,15925,16100,82306,6588331450,253562,261542,16835,15225,16030,16120,0,16095,0,0,0,2017-04-24,32640000,15980,424,0,0,0,0,0,0,0,0,15990,95,0,0,0,0,0,0,0,0
396,2017-04-24,09:04:01,0,CF709,XZCE,15985,15925,16100,82476,6601918700,253396,261542,16835,15225,16030,16120,0,16095,0,0,0,2017-04-24,32641000,15980,341,0,0,0,0,0,0,0,0,15990,125,0,0,0,0,0,0,0,0
397,2017-04-24,09:04:02,0,CF709,XZCE,15985,15925,16100,82476,6601918700,253396,261542,16835,15225,16030,16120,0,16095,0,0,0,2017-04-24,32642000,15980,341,0,0,0,0,0,0,0,0,15990,100,0,0,0,0,0,0,0,0
398,2017-04-24,09:04:02,0,CF709,XZCE,15985,15925,16100,82476,6601918700,253396,261542,16835,15225,16030,16120,0,16095,0,0,0,2017-04-24,32642000,15980,341,0,0,0,0,0,0,0,0,15990,99,0,0,0,0,0,0,0,0
399,2017-04-24,09:04:04,0,CF709,XZCE,15985,15925,16100,82478,6602078550,253398,261542,16835,15225,16030,16120,0,16095,0,0,0,2017-04-24,32644000,15980,341,0,0,0,0,0,0,0,0,15985,3,0,0,0,0,0,0,0,0
400,2017-04-24,09:04:04,0,CF709,XZCE,15985,15925,16100,82478,6602078550,253398,261542,16835,15225,16030,16120,0,16095,0,0,0,2017-04-24,32644000,15980,341,0,0,0,0,0,0,0,0,15985,4,0,0,0,0,0,0,0,0
401,2017-04-24,09:04:04,0,CF709,XZCE,15980,15925,16100,82480,6602238350,253396,261542,16835,15225,16030,16120,0,16095,0,0,0,2017-04-24,32644000,15980,340,0,0,0,0,0,0,0,0,15985,4,0,0,0,0,0,0,0,0
402,2017-04-24,09:04:06,0,CF709,XZCE,15985,15925,16100,82482,6602398200,253398,261542,16835,15225,16030,16120,0,16095,0,0,0,2017-04-24,32646000,15980,340,0,0,0,0,0,0,0,0,15985,5,0,0,0,0,0,0,0,0
403,2017-04-24,09:04:06,0,CF709,XZCE,15980,15925,16100,82490,6603037400,253398,261542,16835,15225,16030,16120,0,16095,0,0,0,2017-04-24,32646000,15980,338,0,0,0,0,0,0,0,0,15985,2,0,0,0,0,0,0,0,0
404,2017-04-24,09:04:07,0,CF709,XZCE,15985,15925,16100,82494,6603357100,253400,261542,16835,15225,16030,16120,0,16095,0,0,0,2017-04-24,32647000,15980,338,0,0,0,0,0,0,0,0,15990,68,0,0,0,0,0,0,0,0
405,2017-04-24,09:04:08,0,CF709,XZCE,15985,15925,16100,82496,6603516950,253400,261542,16835,15225,16030,16120,0,16095,0,0,0,2017-04-24,32648000,15985,10,0,0,0,0,0,0,0,0,15990,68,0,0,0,0,0,0,0,0
406,2017-04-24,09:04:08,0,CF709,XZCE,15985,15925,16100,82500,6603836650,253398,261542,16835,15225,16030,16120,0,16095,0,0,0,2017-04-24,32648000,15985,8,0,0,0,0,0,0,0,0,15990,66,0,0,0,0,0,0,0,0
407,2017-04-24,09:04:08,0,CF709,XZCE,15985,15925,16100,82504,6604156350,253398,261542,16835,15225,16030,16120,0,16095,0,0,0,2017-04-24,32648000,15985,6,0,0,0,0,0,0,0,0,15990,66,0,0,0,0,0,0,0,0
408,2017-04-24,09:04:09,0,CF709,XZCE,15985,15925,16100,82516,6605115450,253408,261542,16835,15225,16030,16120,0,16095,0,0,0,2017-04-24,32649000,15980,339,0,0,0,0,0,0,0,0,15990,66,0,0,0,0,0,0,0,0
409,2017-04-24,09:04:09,0,CF709,XZCE,15980,15925,16100,82526,6605914450,253398,261542,16835,15225,16030,16120,0,16095,0,0,0,2017-04-24,32649000,15980,334,0,0,0,0,0,0,0,0,15990,66,0,0,0,0,0,0,0,0
410,2017-04-24,09:04:10,0,CF709,XZCE,15980,15925,16100,82526,6605914450,253398,261542,16835,15225,16030,16120,0,16095,0,0,0,2017-04-24,32650000,15980,334,0,0,0,0,0,0,0,0,15990,69,0,0,0,0,0,0,0,0
411,2017-04-24,09:04:11,0,CF709,XZCE,15985,15925,16100,82528,6606074300,253400,261542,16835,15225,16030,16120,0,16095,0,0,0,2017-04-24,32651000,15980,334,0,0,0,0,0,0,0,0,15990,71,0,0,0,0,0,0,0,0
412,2017-04-24,09:04:12,0,CF709,XZCE,15985,15925,16100,82528,6606074300,253400,261542,16835,15225,16030,16120,0,16095,0,0,0,2017-04-24,32652000,15980,333,0,0,0,0,0,0,0,0,15990,71,0,0,0,0,0,0,0,0
413,2017-04-24,09:04:12,0,CF709,XZCE,15980,15925,16100,82534,6606553700,253396,261542,16835,15225,16030,16120,0,16095,0,0,0,2017-04-24,32652000,15980,330,0,0,0,0,0,0,0,0,15990,71,0,0,0,0,0,0,0,0
414,2017-04-24,09:04:13,0,CF709,XZCE,15980,15925,16100,82542,6607192900,253388,261542,16835,15225,16030,16120,0,16095,0,0,0,2017-04-24,32653000,15980,326,0,0,0,0,0,0,0,0,15990,71,0,0,0,0,0,0,0,0
415,2017-04-24,09:04:13,0,CF709,XZCE,15980,15925,16100,82542,6607192900,253388,261542,16835,15225,16030,16120,0,16095,0,0,0,2017-04-24,32653000,15980,327,0,0,0,0,0,0,0,0,15990,71,0,0,0,0,0,0,0,0
416,2017-04-24,09:04:14,0,CF709,XZCE,15980,15925,16100,82542,6607192900,253388,261542,16835,15225,16030,16120,0,16095,0,0,0,2017-04-24,32654000,15980,327,0,0,0,0,0,0,0,0,15990,67,0,0,0,0,0,0,0,0
417,2017-04-24,09:04:15,0,CF709,XZCE,15980,15925,16100,82542,6607192900,253388,261542,16835,15225,16030,16120,0,16095,0,0,0,2017-04-24,32655000,15980,327,0,0,0,0,0,0,0,0,15990,68,0,0,0,0,0,0,0,0
418,2017-04-24,09:04:15,0,CF709,XZCE,15980,15925,16100,82542,6607192900,253388,261542,16835,15225,16030,16120,0,16095,0,0,0,2017-04-24,32655000,15980,329,0,0,0,0,0,0,0,0,15990,68,0,0,0,0,0,0,0,0
419,2017-04-24,09:04:16,0,CF709,XZCE,15990,15925,16100,82558,6608472100,253388,261542,16835,15225,16030,16120,0,16095,0,0,0,2017-04-24,32656000,15980,329,0,0,0,0,0,0,0,0,15990,70,0,0,0,0,0,0,0,0
420,2017-04-24,09:04:17,0,CF709,XZCE,15980,15925,16100,82560,6608631900,253386,261542,16835,15225,16030,16120,0,16095,0,0,0,2017-04-24,32657000,15980,328,0,0,0,0,0,0,0,0,15990,70,0,0,0,0,0,0,0,0
421,2017-04-24,09:04:18,0,CF709,XZCE,15990,15925,16100,82564,6608951700,253390,261542,16835,15225,16030,16120,0,16095,0,0,0,2017-04-24,32658000,15980,328,0,0,0,0,0,0,0,0,15990,68,0,0,0,0,0,0,0,0
422,2017-04-24,09:04:19,0,CF709,XZCE,15990,15925,16100,82566,6609111600,253390,261542,16835,15225,16030,16120,0,16095,0,0,0,2017-04-24,32659000,15980,329,0,0,0,0,0,0,0,0,15990,71,0,0,0,0,0,0,0,0
423,2017-04-24,09:04:20,0,CF709,XZCE,15980,15925,16100,82570,6609431200,253390,261542,16835,15225,16030,16120,0,16095,0,0,0,2017-04-24,32660000,15980,327,0,0,0,0,0,0,0,0,15990,66,0,0,0,0,0,0,0,0
424,2017-04-24,09:04:21,0,CF709,XZCE,15980,15925,16100,82572,6609591000,253388,261542,16835,15225,16030,16120,0,16095,0,0,0,2017-04-24,32661000,15980,326,0,0,0,0,0,0,0,0,15990,66,0,0,0,0,0,0,0,0
425,2017-04-24,09:04:22,0,CF709,XZCE,15980,15925,16100,82572,6609591000,253388,261542,16835,15225,16030,16120,0,16095,0,0,0,2017-04-24,32662000,15980,327,0,0,0,0,0,0,0,0,15990,75,0,0,0,0,0,0,0,0
426,2017-04-24,09:04:22,0,CF709,XZCE,15990,15925,16100,82592,6611190000,253388,261542,16835,15225,16030,16120,0,16095,0,0,0,2017-04-24,32662000,15980,327,0,0,0,0,0,0,0,0,15990,65,0,0,0,0,0,0,0,0
427,2017-04-24,09:04:22,0,CF709,XZCE,15990,15925,16100,82592,6611190000,253388,261542,16835,15225,16030,16120,0,16095,0,0,0,2017-04-24,32662000,15980,327,0,0,0,0,0,0,0,0,15990,66,0,0,0,0,0,0,0,0
428,2017-04-24,09:04:23,0,CF709,XZCE,15985,15925,16100,82598,6611669550,253386,261542,16835,15225,16030,16120,0,16095,0,0,0,2017-04-24,32663000,15985,4,0,0,0,0,0,0,0,0,15990,66,0,0,0,0,0,0,0,0
429,2017-04-24,09:04:24,0,CF709,XZCE,15985,15925,16100,82608,6612468800,253382,261542,16835,15225,16030,16120,0,16095,0,0,0,2017-04-24,32664000,15980,327,0,0,0,0,0,0,0,0,15990,66,0,0,0,0,0,0,0,0
430,2017-04-24,09:04:25,0,CF709,XZCE,15985,15925,16100,82608,6612468800,253382,261542,16835,15225,16030,16120,0,16095,0,0,0,2017-04-24,32665000,15980,327,0,0,0,0,0,0,0,0,15985,2,0,0,0,0,0,0,0,0
431,2017-04-24,09:04:25,0,CF709,XZCE,15985,15925,16100,82610,6612628650,253384,261542,16835,15225,16030,16120,0,16095,0,0,0,2017-04-24,32665000,15980,326,0,0,0,0,0,0,0,0,15985,3,0,0,0,0,0,0,0,0
432,2017-04-24,09:04:25,0,CF709,XZCE,15985,15925,16100,82610,6612628650,253384,261542,16835,15225,16030,16120,0,16095,0,0,0,2017-04-24,32665000,15980,327,0,0,0,0,0,0,0,0,15985,3,0,0,0,0,0,0,0,0
433,2017-04-24,09:04:27,0,CF709,XZCE,15985,15925,16100,82616,6613108200,253386,261542,16835,15225,16030,16120,0,16095,0,0,0,2017-04-24,32667000,15985,1,0,0,0,0,0,0,0,0,15990,64,0,0,0,0,0,0,0,0
434,2017-04-24,09:04:29,0,CF709,XZCE,15985,15925,16100,82616,6613108200,253386,261542,16835,15225,16030,16120,0,16095,0,0,0,2017-04-24,32669000,15985,1,0,0,0,0,0,0,0,0,15990,65,0,0,0,0,0,0,0,0
435,2017-04-24,09:04:30,0,CF709,XZCE,15985,15925,16100,82626,6613907450,253382,261542,16835,15225,16030,16120,0,16095,0,0,0,2017-04-24,32670000,15980,326,0,0,0,0,0,0,0,0,15985,9,0,0,0,0,0,0,0,0
436,2017-04-24,09:04:31,0,CF709,XZCE,15985,15925,16100,82626,6613907450,253382,261542,16835,15225,16030,16120,0,16095,0,0,0,2017-04-24,32671000,15980,327,0,0,0,0,0,0,0,0,15985,9,0,0,0,0,0,0,0,0
437,2017-04-24,09:04:32,0,CF709,XZCE,15985,15925,16100,82626,6613907450,253382,261542,16835,15225,16030,16120,0,16095,0,0,0,2017-04-24,32672000,15980,337,0,0,0,0,0,0,0,0,15985,9,0,0,0,0,0,0,0,0
438,2017-04-24,09:04:32,0,CF709,XZCE,15985,15925,16100,82626,6613907450,253382,261542,16835,15225,16030,16120,0,16095,0,0,0,2017-04-24,32672000,15980,340,0,0,0,0,0,0,0,0,15985,9,0,0,0,0,0,0,0,0
439,2017-04-24,09:04:33,0,CF709,XZCE,15985,15925,16100,82638,6614866550,253386,261542,16835,15225,16030,16120,0,16095,0,0,0,2017-04-24,32673000,15980,340,0,0,0,0,0,0,0,0,15985,3,0,0,0,0,0,0,0,0
440,2017-04-24,09:04:34,0,CF709,XZCE,15985,15925,16100,82642,6615186250,253388,261542,16835,15225,16030,16120,0,16095,0,0,0,2017-04-24,32674000,15980,340,0,0,0,0,0,0,0,0,15985,1,0,0,0,0,0,0,0,0
441,2017-04-24,09:04:34,0,CF709,XZCE,15985,15925,16100,82650,6615825650,253396,261542,16835,15225,16030,16120,0,16095,0,0,0,2017-04-24,32674000,15985,23,0,0,0,0,0,0,0,0,15990,65,0,0,0,0,0,0,0,0
442,2017-04-24,09:04:35,0,CF709,XZCE,15985,15925,16100,82658,6616465050,253402,261542,16835,15225,16030,16120,0,16095,0,0,0,2017-04-24,32675000,15985,23,0,0,0,0,0,0,0,0,15990,63,0,0,0,0,0,0,0,0
443,2017-04-24,09:04:37,0,CF709,XZCE,15985,15925,16100,82658,6616465050,253402,261542,16835,15225,16030,16120,0,16095,0,0,0,2017-04-24,32677000,15985,25,0,0,0,0,0,0,0,0,15990,73,0,0,0,0,0,0,0,0
444,2017-04-24,09:04:38,0,CF709,XZCE,15985,15925,16100,82666,6617104450,253394,261542,16835,15225,16030,16120,0,16095,0,0,0,2017-04-24,32678000,15985,21,0,0,0,0,0,0,0,0,15990,73,0,0,0,0,0,0,0,0
445,2017-04-24,09:04:38,0,CF709,XZCE,15990,15925,16100,82670,6617424250,253394,261542,16835,15225,16030,16120,0,16095,0,0,0,2017-04-24,32678000,15985,21,0,0,0,0,0,0,0,0,15990,71,0,0,0,0,0,0,0,0
446,2017-04-24,09:04:39,0,CF709,XZCE,15990,15925,16100,82670,6617424250,253394,261542,16835,15225,16030,16120,0,16095,0,0,0,2017-04-24,32679000,15985,20,0,0,0,0,0,0,0,0,15990,71,0,0,0,0,0,0,0,0
447,2017-04-24,09:04:40,0,CF709,XZCE,15990,15925,16100,82674,6617744050,253398,261542,16835,15225,16030,16120,0,16095,0,0,0,2017-04-24,32680000,15985,20,0,0,0,0,0,0,0,0,15990,60,0,0,0,0,0,0,0,0
448,2017-04-24,09:04:40,0,CF709,XZCE,15985,15925,16100,82692,6619182700,253398,261542,16835,15225,16030,16120,0,16095,0,0,0,2017-04-24,32680000,15985,11,0,0,0,0,0,0,0,0,15990,60,0,0,0,0,0,0,0,0
449,2017-04-24,09:04:41,0,CF709,XZCE,15985,15925,16100,82694,6619342550,253398,261542,16835,15225,16030,16120,0,16095,0,0,0,2017-04-24,32681000,15985,10,0,0,0,0,0,0,0,0,15990,60,0,0,0,0,0,0,0,0
450,2017-04-24,09:04:41,0,CF709,XZCE,15990,15925,16100,82696,6619502450,253400,261542,16835,15225,16030,16120,0,16095,0,0,0,2017-04-24,32681000,15985,10,0,0,0,0,0,0,0,0,15990,59,0,0,0,0,0,0,0,0
451,2017-04-24,09:04:42,0,CF709,XZCE,15990,15925,16100,82698,6619662350,253400,261542,16835,15225,16030,16120,0,16095,0,0,0,2017-04-24,32682000,15985,10,0,0,0,0,0,0,0,0,15990,58,0,0,0,0,0,0,0,0
452,2017-04-24,09:04:43,0,CF709,XZCE,15985,15925,16100,82700,6619822200,253400,261542,16835,15225,16030,16120,0,16095,0,0,0,2017-04-24,32683000,15985,9,0,0,0,0,0,0,0,0,15990,58,0,0,0,0,0,0,0,0
453,2017-04-24,09:04:45,0,CF709,XZCE,15990,15925,16100,82704,6620142000,253404,261542,16835,15225,16030,16120,0,16095,0,0,0,2017-04-24,32685000,15985,9,0,0,0,0,0,0,0,0,15990,56,0,0,0,0,0,0,0,0
454,2017-04-24,09:04:46,0,CF709,XZCE,15985,15925,16100,82722,6621580650,253392,261542,16835,15225,16030,16120,0,16095,0,0,0,2017-04-24,32686000,15980,346,0,0,0,0,0,0,0,0,15985,6,0,0,0,0,0,0,0,0
455,2017-04-24,09:04:46,0,CF709,XZCE,15985,15925,16100,82722,6621580650,253392,261542,16835,15225,16030,16120,0,16095,0,0,0,2017-04-24,32686000,15980,347,0,0,0,0,0,0,0,0,15985,6,0,0,0,0,0,0,0,0
456,2017-04-24,09:04:47,0,CF709,XZCE,15985,15925,16100,82724,6621740500,253392,261542,16835,15225,16030,16120,0,16095,0,0,0,2017-04-24,32687000,15980,347,0,0,0,0,0,0,0,0,15985,5,0,0,0,0,0,0,0,0
457,2017-04-24,09:04:47,0,CF709,XZCE,15985,15925,16100,82724,6621740500,253392,261542,16835,15225,16030,16120,0,16095,0,0,0,2017-04-24,32687000,15980,346,0,0,0,0,0,0,0,0,15985,5,0,0,0,0,0,0,0,0
458,2017-04-24,09:04:49,0,CF709,XZCE,15985,15925,16100,82734,6622539750,253384,261542,16835,15225,16030,16120,0,16095,0,0,0,2017-04-24,32689000,15985,6,0,0,0,0,0,0,0,0,15990,56,0,0,0,0,0,0,0,0
459,2017-04-24,09:04:50,0,CF709,XZCE,15985,15925,16100,82734,6622539750,253384,261542,16835,15225,16030,16120,0,16095,0,0,0,2017-04-24,32690000,15985,9,0,0,0,0,0,0,0,0,15990,56,0,0,0,0,0,0,0,0
460,2017-04-24,09:04:50,0,CF709,XZCE,15980,15925,16100,82764,6624936750,253390,261542,16835,15225,16030,16120,0,16095,0,0,0,2017-04-24,32690000,15980,340,0,0,0,0,0,0,0,0,15990,56,0,0,0,0,0,0,0,0
461,2017-04-24,09:04:51,0,CF709,XZCE,15985,15925,16100,82766,6625096600,253390,261542,16835,15225,16030,16120,0,16095,0,0,0,2017-04-24,32691000,15980,340,0,0,0,0,0,0,0,0,15990,55,0,0,0,0,0,0,0,0
462,2017-04-24,09:04:51,0,CF709,XZCE,15985,15925,16100,82776,6625895850,253380,261542,16835,15225,16030,16120,0,16095,0,0,0,2017-04-24,32691000,15980,340,0,0,0,0,0,0,0,0,15990,55,0,0,0,0,0,0,0,0
463,2017-04-24,09:04:52,0,CF709,XZCE,15985,15925,16100,82776,6625895850,253380,261542,16835,15225,16030,16120,0,16095,0,0,0,2017-04-24,32692000,15980,341,0,0,0,0,0,0,0,0,15990,55,0,0,0,0,0,0,0,0
464,2017-04-24,09:04:54,0,CF709,XZCE,15980,15925,16100,82778,6626055650,253378,261542,16835,15225,16030,16120,0,16095,0,0,0,2017-04-24,32694000,15980,340,0,0,0,0,0,0,0,0,15990,55,0,0,0,0,0,0,0,0
465,2017-04-24,09:04:55,0,CF709,XZCE,15980,15925,16100,82778,6626055650,253378,261542,16835,15225,16030,16120,0,16095,0,0,0,2017-04-24,32695000,15980,340,0,0,0,0,0,0,0,0,15990,60,0,0,0,0,0,0,0,0
466,2017-04-24,09:04:56,0,CF709,XZCE,15980,15925,16100,82778,6626055650,253378,261542,16835,15225,16030,16120,0,16095,0,0,0,2017-04-24,32696000,15980,340,0,0,0,0,0,0,0,0,15990,63,0,0,0,0,0,0,0,0
467,2017-04-24,09:04:56,0,CF709,XZCE,15980,15925,16100,82790,6627014450,253376,261542,16835,15225,16030,16120,0,16095,0,0,0,2017-04-24,32696000,15980,335,0,0,0,0,0,0,0,0,15990,63,0,0,0,0,0,0,0,0
468,2017-04-24,09:04:57,0,CF709,XZCE,15985,15925,16100,82792,6627174300,253374,261542,16835,15225,16030,16120,0,16095,0,0,0,2017-04-24,32697000,15980,335,0,0,0,0,0,0,0,0,15990,63,0,0,0,0,0,0,0,0
469,2017-04-24,09:04:57,0,CF709,XZCE,15985,15925,16100,82796,6627494000,253376,261542,16835,15225,16030,16120,0,16095,0,0,0,2017-04-24,32697000,15980,335,0,0,0,0,0,0,0,0,15990,62,0,0,0,0,0,0,0,0
470,2017-04-24,09:05:00,0,CF709,XZCE,15980,15925,16100,82800,6627813600,253376,261542,16835,15225,16030,16120,0,16095,0,0,0,2017-04-24,32700000,15980,333,0,0,0,0,0,0,0,0,15990,62,0,0,0,0,0,0,0,0
471,2017-04-24,09:05:01,0,CF709,XZCE,15980,15925,16100,82800,6627813600,253376,261542,16835,15225,16030,16120,0,16095,0,0,0,2017-04-24,32701000,15980,323,0,0,0,0,0,0,0,0,15990,62,0,0,0,0,0,0,0,0
472,2017-04-24,09:05:01,0,CF709,XZCE,15985,15925,16100,82812,6628772700,253376,261542,16835,15225,16030,16120,0,16095,0,0,0,2017-04-24,32701000,15980,328,0,0,0,0,0,0,0,0,15990,62,0,0,0,0,0,0,0,0
473,2017-04-24,09:05:02,0,CF709,XZCE,15985,15925,16100,82816,6629092400,253378,261542,16835,15225,16030,16120,0,16095,0,0,0,2017-04-24,32702000,15980,327,0,0,0,0,0,0,0,0,15985,46,0,0,0,0,0,0,0,0
474,2017-04-24,09:05:03,0,CF709,XZCE,15985,15925,16100,82816,6629092400,253378,261542,16835,15225,16030,16120,0,16095,0,0,0,2017-04-24,32703000,15980,327,0,0,0,0,0,0,0,0,15985,57,0,0,0,0,0,0,0,0
475,2017-04-24,09:05:03,0,CF709,XZCE,15985,15925,16100,82830,6630211350,253380,261542,16835,15225,16030,16120,0,16095,0,0,0,2017-04-24,32703000,15980,321,0,0,0,0,0,0,0,0,15985,56,0,0,0,0,0,0,0,0
476,2017-04-24,09:05:03,0,CF709,XZCE,15980,15925,16100,82970,6641397350,253242,261542,16835,15225,16030,16120,0,16095,0,0,0,2017-04-24,32703000,15980,251,0,0,0,0,0,0,0,0,15985,56,0,0,0,0,0,0,0,0
477,2017-04-24,09:05:04,0,CF709,XZCE,15980,15925,16100,83040,6646990350,253210,261542,16835,15225,16030,16120,0,16095,0,0,0,2017-04-24,32704000,15980,216,0,0,0,0,0,0,0,0,15985,56,0,0,0,0,0,0,0,0
478,2017-04-24,09:05:05,0,CF709,XZCE,15980,15925,16100,83130,6654181350,253252,261542,16835,15225,16030,16120,0,16095,0,0,0,2017-04-24,32705000,15980,171,0,0,0,0,0,0,0,0,15985,66,0,0,0,0,0,0,0,0
479,2017-04-24,09:05:05,0,CF709,XZCE,15980,15925,16100,83182,6658336150,253236,261542,16835,15225,16030,16120,0,16095,0,0,0,2017-04-24,32705000,15980,146,0,0,0,0,0,0,0,0,15985,66,0,0,0,0,0,0,0,0
480,2017-04-24,09:05:06,0,CF709,XZCE,15980,15925,16100,83256,6664248750,253182,261542,16835,15225,16030,16120,0,16095,0,0,0,2017-04-24,32706000,15980,111,0,0,0,0,0,0,0,0,15985,64,0,0,0,0,0,0,0,0
481,2017-04-24,09:05:06,0,CF709,XZCE,15980,15925,16100,83256,6664248750,253182,261542,16835,15225,16030,16120,0,16095,0,0,0,2017-04-24,32706000,15980,110,0,0,0,0,0,0,0,0,15985,64,0,0,0,0,0,0,0,0
482,2017-04-24,09:05:06,0,CF709,XZCE,15980,15925,16100,83276,6665846750,253182,261542,16835,15225,16030,16120,0,16095,0,0,0,2017-04-24,32706000,15980,100,0,0,0,0,0,0,0,0,15985,64,0,0,0,0,0,0,0,0
483,2017-04-24,09:05:07,0,CF709,XZCE,15980,15925,16100,83352,6671919150,253148,261542,16835,15225,16030,16120,0,16095,0,0,0,2017-04-24,32707000,15980,62,0,0,0,0,0,0,0,0,15985,65,0,0,0,0,0,0,0,0
484,2017-04-24,09:05:08,0,CF709,XZCE,15980,15925,16100,83360,6672558350,253140,261542,16835,15225,16030,16120,0,16095,0,0,0,2017-04-24,32708000,15980,66,0,0,0,0,0,0,0,0,15985,53,0,0,0,0,0,0,0,0
485,2017-04-24,09:05:09,0,CF709,XZCE,15980,15925,16100,83368,6673197550,253140,261542,16835,15225,16030,16120,0,16095,0,0,0,2017-04-24,32709000,15980,66,0,0,0,0,0,0,0,0,15985,52,0,0,0,0,0,0,0,0
486,2017-04-24,09:05:09,0,CF709,XZCE,15980,15925,16100,83410,6676553350,253140,261542,16835,15225,16030,16120,0,16095,0,0,0,2017-04-24,32709000,15980,65,0,0,0,0,0,0,0,0,15985,24,0,0,0,0,0,0,0,0
487,2017-04-24,09:05:10,0,CF709,XZCE,15980,15925,16100,83410,6676553350,253140,261542,16835,15225,16030,16120,0,16095,0,0,0,2017-04-24,32710000,15980,66,0,0,0,0,0,0,0,0,15985,27,0,0,0,0,0,0,0,0
488,2017-04-24,09:05:11,0,CF709,XZCE,15985,15925,16100,83418,6677192750,253140,261542,16835,15225,16030,16120,0,16095,0,0,0,2017-04-24,32711000,15980,66,0,0,0,0,0,0,0,0,15985,23,0,0,0,0,0,0,0,0
489,2017-04-24,09:05:11,0,CF709,XZCE,15980,15925,16100,83422,6677512350,253140,261542,16835,15225,16030,16120,0,16095,0,0,0,2017-04-24,32711000,15980,64,0,0,0,0,0,0,0,0,15985,32,0,0,0,0,0,0,0,0
490,2017-04-24,09:05:11,0,CF709,XZCE,15980,15925,16100,83426,6677831950,253140,261542,16835,15225,16030,16120,0,16095,0,0,0,2017-04-24,32711000,15980,62,0,0,0,0,0,0,0,0,15985,32,0,0,0,0,0,0,0,0
491,2017-04-24,09:05:12,0,CF709,XZCE,15980,15925,16100,83426,6677831950,253140,261542,16835,15225,16030,16120,0,16095,0,0,0,2017-04-24,32712000,15980,64,0,0,0,0,0,0,0,0,15985,32,0,0,0,0,0,0,0,0
492,2017-04-24,09:05:12,0,CF709,XZCE,15980,15925,16100,83426,6677831950,253140,261542,16835,15225,16030,16120,0,16095,0,0,0,2017-04-24,32712000,15980,84,0,0,0,0,0,0,0,0,15985,32,0,0,0,0,0,0,0,0
493,2017-04-24,09:05:13,0,CF709,XZCE,15980,15925,16100,83432,6678311350,253144,261542,16835,15225,16030,16120,0,16095,0,0,0,2017-04-24,32713000,15980,83,0,0,0,0,0,0,0,0,15985,27,0,0,0,0,0,0,0,0
494,2017-04-24,09:05:14,0,CF709,XZCE,15985,15925,16100,83516,6685025050,253132,261542,16835,15225,16030,16120,0,16095,0,0,0,2017-04-24,32714000,15985,6,0,0,0,0,0,0,0,0,15990,64,0,0,0,0,0,0,0,0
495,2017-04-24,09:05:14,0,CF709,XZCE,15985,15925,16100,83520,6685344750,253130,261542,16835,15225,16030,16120,0,16095,0,0,0,2017-04-24,32714000,15985,26,0,0,0,0,0,0,0,0,15990,63,0,0,0,0,0,0,0,0
496,2017-04-24,09:05:15,0,CF709,XZCE,15985,15925,16100,83520,6685344750,253130,261542,16835,15225,16030,16120,0,16095,0,0,0,2017-04-24,32715000,15985,39,0,0,0,0,0,0,0,0,15990,63,0,0,0,0,0,0,0,0
497,2017-04-24,09:05:15,0,CF709,XZCE,15985,15925,16100,83520,6685344750,253130,261542,16835,15225,16030,16120,0,16095,0,0,0,2017-04-24,32715000,15985,46,0,0,0,0,0,0,0,0,15990,63,0,0,0,0,0,0,0,0
498,2017-04-24,09:05:16,0,CF709,XZCE,15985,15925,16100,83534,6686463700,253124,261542,16835,15225,16030,16120,0,16095,0,0,0,2017-04-24,32716000,15985,38,0,0,0,0,0,0,0,0,15990,69,0,0,0,0,0,0,0,0
499,2017-04-24,09:05:16,0,CF709,XZCE,15990,15925,16100,83536,6686623600,253124,261542,16835,15225,16030,16120,0,16095,0,0,0,2017-04-24,32716000,15985,38,0,0,0,0,0,0,0,0,15990,68,0,0,0,0,0,0,0,0
500,2017-04-24,09:05:17,0,CF709,XZCE,15985,15925,16100,83540,6686943300,253120,261542,16835,15225,16030,16120,0,16095,0,0,0,2017-04-24,32717000,15985,33,0,0,0,0,0,0,0,0,15990,68,0,0,0,0,0,0,0,0
501,2017-04-24,09:05:17,0,CF709,XZCE,15985,15925,16100,83542,6687103150,253120,261542,16835,15225,16030,16120,0,16095,0,0,0,2017-04-24,32717000,15985,29,0,0,0,0,0,0,0,0,15990,68,0,0,0,0,0,0,0,0
502,2017-04-24,09:05:18,0,CF709,XZCE,15985,15925,16100,83606,6692218350,253086,261542,16835,15225,16030,16120,0,16095,0,0,0,2017-04-24,32718000,15980,68,0,0,0,0,0,0,0,0,15985,9,0,0,0,0,0,0,0,0
503,2017-04-24,09:05:18,0,CF709,XZCE,15985,15925,16100,83606,6692218350,253086,261542,16835,15225,16030,16120,0,16095,0,0,0,2017-04-24,32718000,15980,78,0,0,0,0,0,0,0,0,15985,9,0,0,0,0,0,0,0,0
504,2017-04-24,09:05:19,0,CF709,XZCE,15985,15925,16100,83624,6693657000,253068,261542,16835,15225,16030,16120,0,16095,0,0,0,2017-04-24,32719000,15985,24,0,0,0,0,0,0,0,0,15990,84,0,0,0,0,0,0,0,0
505,2017-04-24,09:05:19,0,CF709,XZCE,15985,15925,16100,83628,6693976700,253064,261542,16835,15225,16030,16120,0,16095,0,0,0,2017-04-24,32719000,15985,22,0,0,0,0,0,0,0,0,15990,84,0,0,0,0,0,0,0,0
506,2017-04-24,09:05:20,0,CF709,XZCE,15985,15925,16100,83630,6694136550,253064,261542,16835,15225,16030,16120,0,16095,0,0,0,2017-04-24,32720000,15985,21,0,0,0,0,0,0,0,0,15990,84,0,0,0,0,0,0,0,0
507,2017-04-24,09:05:21,0,CF709,XZCE,15985,15925,16100,83634,6694456250,253060,261542,16835,15225,16030,16120,0,16095,0,0,0,2017-04-24,32721000,15985,19,0,0,0,0,0,0,0,0,15990,84,0,0,0,0,0,0,0,0
508,2017-04-24,09:05:22,0,CF709,XZCE,15985,15925,16100,83636,6694616100,253060,261542,16835,15225,16030,16120,0,16095,0,0,0,2017-04-24,32722000,15985,18,0,0,0,0,0,0,0,0,15990,84,0,0,0,0,0,0,0,0
509,2017-04-24,09:05:23,0,CF709,XZCE,15985,15925,16100,83638,6694775950,253058,261542,16835,15225,16030,16120,0,16095,0,0,0,2017-04-24,32723000,15985,17,0,0,0,0,0,0,0,0,15990,84,0,0,0,0,0,0,0,0
510,2017-04-24,09:05:23,0,CF709,XZCE,15985,15925,16100,83640,6694935800,253058,261542,16835,15225,16030,16120,0,16095,0,0,0,2017-04-24,32723000,15985,16,0,0,0,0,0,0,0,0,15990,84,0,0,0,0,0,0,0,0
511,2017-04-24,09:05:24,0,CF709,XZCE,15985,15925,16100,83644,6695255500,253056,261542,16835,15225,16030,16120,0,16095,0,0,0,2017-04-24,32724000,15985,14,0,0,0,0,0,0,0,0,15990,83,0,0,0,0,0,0,0,0
512,2017-04-24,09:05:25,0,CF709,XZCE,15985,15925,16100,83646,6695415350,253054,261542,16835,15225,16030,16120,0,16095,0,0,0,2017-04-24,32725000,15985,13,0,0,0,0,0,0,0,0,15990,83,0,0,0,0,0,0,0,0
