,dataDate,dataTime,dataMillisec,instrumentID,exchangeCD,lastPrice,lowPrice,highPrice,volume,value,openInterest,preOpenInterest,upperLimitPrice,lowerLimitPrice,preSettlementPrice,prevClosePrice,settlementPrice,openPrice,closePrice,preDelta,currDelta,clearingDay,milliSecOffset,bidPrice1,bidVolume1,bidPrice2,bidVolume2,bidPrice3,bidVolume3,bidPrice4,bidVolume4,bidPrice5,bidVolume5,askPrice1,askVolume1,askPrice2,askVolume2,askPrice3,askVolume3,askPrice4,askVolume4,askPrice5,askVolume5
0,2017-04-24,08:59:00,708,cs1709,XDCE,2025,2025,2025,7924,160461000,793346,797570,2119,1919,2019,2035,0,2025,0,0,0,2017-04-24,32340708,2025,19,0,0,0,0,0,0,0,0,2028,5,0,0,0,0,0,0,0,0
1,2017-04-24,09:00:00,761,cs1709,XDCE,2026,2025,2029,8096,163946880,793346,797570,2119,1919,2019,2035,0,2025,0,0,0,2017-04-24,32400761,2025,22,0,0,0,0,0,0,0,0,2030,251,0,0,0,0,0,0,0,0
2,2017-04-24,09:00:01,252,cs1709,XDCE,2025,2025,2029,11924,241523080,794344,797570,2119,1919,2019,2035,0,2025,0,0,0,2017-04-24,32401252,2024,172,0,0,0,0,0,0,0,0,2025,18,0,0,0,0,0,0,0,0
3,2017-04-24,09:00:01,763,cs1709,XDCE,2025,2024,2029,13812,279768620,794802,797570,2119,1919,2019,2035,0,2025,0,0,0,2017-04-24,32401763,2025,3,0,0,0,0,0,0,0,0,2026,5,0,0,0,0,0,0,0,0
4,2017-04-24,09:00:02,264,cs1709,XDCE,2027,2024,2029,14402,291720960,794786,797570,2119,1919,2019,2035,0,2025,0,0,0,2017-04-24,32402264,2026,61,0,0,0,0,0,0,0,0,2027,25,0,0,0,0,0,0,0,0
5,2017-04-24,09:00:02,758,cs1709,XDCE,2027,2024,2029,14868,301170120,794844,797570,2119,1919,2019,2035,0,2025,0,0,0,2017-04-24,32402758,2027,73,0,0,0,0,0,0,0,0,2028,20,0,0,0,0,0,0,0,0
6,2017-04-24,09:00:03,249,cs1709,XDCE,2027,2024,2029,15636,316738520,794998,797570,2119,1919,2019,2035,0,2025,0,0,0,2017-04-24,32403249,2027,33,0,0,0,0,0,0,0,0,2028,35,0,0,0,0,0,0,0,0
7,2017-04-24,09:00:03,754,cs1709,XDCE,2029,2024,2029,15770,319456500,795014,797570,2119,1919,2019,2035,0,2025,0,0,0,2017-04-24,32403754,2028,76,0,0,0,0,0,0,0,0,2029,88,0,0,0,0,0,0,0,0
8,2017-04-24,09:00:04,248,cs1709,XDCE,2029,2024,2029,15892,321931440,795000,797570,2119,1919,2019,2035,0,2025,0,0,0,2017-04-24,32404248,2028,82,0,0,0,0,0,0,0,0,2029,55,0,0,0,0,0,0,0,0
9,2017-04-24,09:00:04,757,cs1709,XDCE,2027,2024,2029,16114,326433760,794928,797570,2119,1919,2019,2035,0,2025,0,0,0,2017-04-24,32404757,2027,194,0,0,0,0,0,0,0,0,2029,13,0,0,0,0,0,0,0,0
10,2017-04-24,09:00:05,264,cs1709,XDCE,2029,2024,2030,16234,328868460,794928,797570,2119,1919,2019,2035,0,2025,0,0,0,2017-04-24,32405264,2028,42,0,0,0,0,0,0,0,0,2029,3,0,0,0,0,0,0,0,0
11,2017-04-24,09:00:05,759,cs1709,XDCE,2030,2024,2030,16312,330451600,794948,797570,2119,1919,2019,2035,0,2025,0,0,0,2017-04-24,32405759,2028,87,0,0,0,0,0,0,0,0,2030,370,0,0,0,0,0,0,0,0
12,2017-04-24,09:00:06,246,cs1709,XDCE,2029,2024,2030,16608,336455360,794822,797570,2119,1919,2019,2035,0,2025,0,0,0,2017-04-24,32406246,2028,26,0,0,0,0,0,0,0,0,2029,47,0,0,0,0,0,0,0,0
13,2017-04-24,09:00:06,763,cs1709,XDCE,2030,2024,2030,16980,344004300,794702,797570,2119,1919,2019,2035,0,2025,0,0,0,2017-04-24,32406763,2029,2,0,0,0,0,0,0,0,0,2030,325,0,0,0,0,0,0,0,0
14,2017-04-24,09:00:07,252,cs1709,XDCE,2029,2024,2030,17500,354557980,794298,797570,2119,1919,2019,2035,0,2025,0,0,0,2017-04-24,32407252,2028,75,0,0,0,0,0,0,0,0,2029,33,0,0,0,0,0,0,0,0
15,2017-04-24,09:00:07,754,cs1709,XDCE,2029,2024,2030,17570,355978280,794354,797570,2119,1919,2019,2035,0,2025,0,0,0,2017-04-24,32407754,2029,37,0,0,0,0,0,0,0,0,2030,189,0,0,0,0,0,0,0,0
16,2017-04-24,09:00:08,261,cs1709,XDCE,2028,2024,2030,17868,362023160,794254,797570,2119,1919,2019,2035,0,2025,0,0,0,2017-04-24,32408261,2028,10,0,0,0,0,0,0,0,0,2030,262,0,0,0,0,0,0,0,0
17,2017-04-24,09:00:08,741,cs1709,XDCE,2029,2024,2030,18004,364781480,794298,797570,2119,1919,2019,2035,0,2025,0,0,0,2017-04-24,32408741,2027,171,0,0,0,0,0,0,0,0,2029,93,0,0,0,0,0,0,0,0
18,2017-04-24,09:00:09,263,cs1709,XDCE,2028,2024,2030,18216,369080960,794390,797570,2119,1919,2019,2035,0,2025,0,0,0,2017-04-24,32409263,2027,128,0,0,0,0,0,0,0,0,2028,17,0,0,0,0,0,0,0,0
19,2017-04-24,09:00:09,750,cs1709,XDCE,2028,2024,2030,18384,372487980,794346,797570,2119,1919,2019,2035,0,2025,0,0,0,2017-04-24,32409750,2027,137,0,0,0,0,0,0,0,0,2028,113,0,0,0,0,0,0,0,0
20,2017-04-24,09:00:10,243,cs1709,XDCE,2028,2024,2030,18438,373583100,794346,797570,2119,1919,2019,2035,0,2025,0,0,0,2017-04-24,32410243,2027,130,0,0,0,0,0,0,0,0,2028,87,0,0,0,0,0,0,0,0
21,2017-04-24,09:00:10,753,cs1709,XDCE,2027,2024,2030,18828,381489400,794396,797570,2119,1919,2019,2035,0,2025,0,0,0,2017-04-24,32410753,2027,10,0,0,0,0,0,0,0,0,2028,80,0,0,0,0,0,0,0,0
22,2017-04-24,09:00:11,259,cs1709,XDCE,2027,2024,2030,18976,384489640,794366,797570,2119,1919,2019,2035,0,2025,0,0,0,2017-04-24,32411259,2027,72,0,0,0,0,0,0,0,0,2028,56,0,0,0,0,0,0,0,0
23,2017-04-24,09:00:11,761,cs1709,XDCE,2027,2024,2030,19048,385949480,794350,797570,2119,1919,2019,2035,0,2025,0,0,0,2017-04-24,32411761,2027,60,0,0,0,0,0,0,0,0,2028,56,0,0,0,0,0,0,0,0
24,2017-04-24,09:00:12,250,cs1709,XDCE,2028,2024,2030,19104,387085160,794350,797570,2119,1919,2019,2035,0,2025,0,0,0,2017-04-24,32412250,2027,60,0,0,0,0,0,0,0,0,2029,78,0,0,0,0,0,0,0,0
25,2017-04-24,09:00:12,728,cs1709,XDCE,2027,2024,2030,19406,393208440,794200,797570,2119,1919,2019,2035,0,2025,0,0,0,2017-04-24,32412728,2027,33,0,0,0,0,0,0,0,0,2029,85,0,0,0,0,0,0,0,0
26,2017-04-24,09:00:13,263,cs1709,XDCE,2029,2024,2030,19648,398117620,794096,797570,2119,1919,2019,2035,0,2025,0,0,0,2017-04-24,32413263,2029,46,0,0,0,0,0,0,0,0,2030,210,0,0,0,0,0,0,0,0
27,2017-04-24,09:00:13,757,cs1709,XDCE,2029,2024,2030,19766,400512680,794114,797570,2119,1919,2019,2035,0,2025,0,0,0,2017-04-24,32413757,2029,20,0,0,0,0,0,0,0,0,2030,176,0,0,0,0,0,0,0,0
28,2017-04-24,09:00:14,259,cs1709,XDCE,2029,2024,2030,19780,400796840,794104,797570,2119,1919,2019,2035,0,2025,0,0,0,2017-04-24,32414259,2029,18,0,0,0,0,0,0,0,0,2030,151,0,0,0,0,0,0,0,0
29,2017-04-24,09:00:14,743,cs1709,XDCE,2030,2024,2030,19786,400918620,794098,797570,2119,1919,2019,2035,0,2025,0,0,0,2017-04-24,32414743,2029,17,0,0,0,0,0,0,0,0,2030,149,0,0,0,0,0,0,0,0
30,2017-04-24,09:00:15,259,cs1709,XDCE,2029,2024,2030,19818,401568060,794086,797570,2119,1919,2019,2035,0,2025,0,0,0,2017-04-24,32415259,2029,11,0,0,0,0,0,0,0,0,2030,142,0,0,0,0,0,0,0,0
31,2017-04-24,09:00:15,721,cs1709,XDCE,2030,2024,2030,19842,402055200,794088,797570,2119,1919,2019,2035,0,2025,0,0,0,2017-04-24,32415721,2029,28,0,0,0,0,0,0,0,0,2030,133,0,0,0,0,0,0,0,0
32,2017-04-24,09:00:16,260,cs1709,XDCE,2030,2024,2030,20218,409687300,794166,797570,2119,1919,2019,2035,0,2025,0,0,0,2017-04-24,32416260,2030,42,0,0,0,0,0,0,0,0,2031,470,0,0,0,0,0,0,0,0
33,2017-04-24,09:00:16,722,cs1709,XDCE,2030,2024,2030,20576,416953640,794246,797570,2119,1919,2019,2035,0,2025,0,0,0,2017-04-24,32416722,2029,26,0,0,0,0,0,0,0,0,2030,32,0,0,0,0,0,0,0,0
34,2017-04-24,09:00:17,254,cs1709,XDCE,2029,2024,2030,20586,417156560,794250,797570,2119,1919,2019,2035,0,2025,0,0,0,2017-04-24,32417254,2029,45,0,0,0,0,0,0,0,0,2030,53,0,0,0,0,0,0,0,0
35,2017-04-24,09:00:17,712,cs1709,XDCE,2029,2024,2030,20670,418860960,794224,797570,2119,1919,2019,2035,0,2025,0,0,0,2017-04-24,32417712,2028,228,0,0,0,0,0,0,0,0,2029,161,0,0,0,0,0,0,0,0
36,2017-04-24,09:00:18,261,cs1709,XDCE,2028,2024,2030,20694,419347900,794220,797570,2119,1919,2019,2035,0,2025,0,0,0,2017-04-24,32418261,2028,232,0,0,0,0,0,0,0,0,2029,180,0,0,0,0,0,0,0,0
37,2017-04-24,09:00:18,696,cs1709,XDCE,2029,2024,2030,20700,419469640,794220,797570,2119,1919,2019,2035,0,2025,0,0,0,2017-04-24,32418696,2028,234,0,0,0,0,0,0,0,0,2029,183,0,0,0,0,0,0,0,0
38,2017-04-24,09:00:19,258,cs1709,XDCE,2029,2024,2030,20756,420605840,794214,797570,2119,1919,2019,2035,0,2025,0,0,0,2017-04-24,32419258,2028,223,0,0,0,0,0,0,0,0,2029,157,0,0,0,0,0,0,0,0
39,2017-04-24,09:00:19,747,cs1709,XDCE,2028,2024,2030,20874,422999040,794246,797570,2119,1919,2019,2035,0,2025,0,0,0,2017-04-24,32419747,2028,183,0,0,0,0,0,0,0,0,2029,162,0,0,0,0,0,0,0,0
40,2017-04-24,09:00:20,220,cs1709,XDCE,2029,2024,2030,20878,423080200,794244,797570,2119,1919,2019,2035,0,2025,0,0,0,2017-04-24,32420220,2028,194,0,0,0,0,0,0,0,0,2029,161,0,0,0,0,0,0,0,0
41,2017-04-24,09:00:20,735,cs1709,XDCE,2029,2024,2030,20898,423485920,794248,797570,2119,1919,2019,2035,0,2025,0,0,0,2017-04-24,32420735,2028,215,0,0,0,0,0,0,0,0,2029,159,0,0,0,0,0,0,0,0
42,2017-04-24,09:00:21,200,cs1709,XDCE,2028,2024,2030,20952,424581040,794302,797570,2119,1919,2019,2035,0,2025,0,0,0,2017-04-24,32421200,2028,179,0,0,0,0,0,0,0,0,2029,164,0,0,0,0,0,0,0,0
43,2017-04-24,09:00:21,763,cs1709,XDCE,2028,2024,2030,20982,425189480,794324,797570,2119,1919,2019,2035,0,2025,0,0,0,2017-04-24,32421763,2028,156,0,0,0,0,0,0,0,0,2029,233,0,0,0,0,0,0,0,0
44,2017-04-24,09:00:22,183,cs1709,XDCE,2029,2024,2030,20990,425351760,794326,797570,2119,1919,2019,2035,0,2025,0,0,0,2017-04-24,32422183,2028,158,0,0,0,0,0,0,0,0,2029,231,0,0,0,0,0,0,0,0
45,2017-04-24,09:00:22,756,cs1709,XDCE,2028,2024,2030,21102,427623140,794330,797570,2119,1919,2019,2035,0,2025,0,0,0,2017-04-24,32422756,2028,104,0,0,0,0,0,0,0,0,2029,232,0,0,0,0,0,0,0,0
46,2017-04-24,09:00:23,734,cs1709,XDCE,2029,2024,2030,21328,432207220,794224,797570,2119,1919,2019,2035,0,2025,0,0,0,2017-04-24,32423734,2028,38,0,0,0,0,0,0,0,0,2029,193,0,0,0,0,0,0,0,0
47,2017-04-24,09:00:24,222,cs1709,XDCE,2028,2024,2030,21418,434032980,794192,797570,2119,1919,2019,2035,0,2025,0,0,0,2017-04-24,32424222,2027,129,0,0,0,0,0,0,0,0,2029,170,0,0,0,0,0,0,0,0
48,2017-04-24,09:00:24,755,cs1709,XDCE,2029,2024,2030,21432,434317040,794184,797570,2119,1919,2019,2035,0,2025,0,0,0,2017-04-24,32424755,2028,36,0,0,0,0,0,0,0,0,2029,171,0,0,0,0,0,0,0,0
49,2017-04-24,09:00:25,256,cs1709,XDCE,2029,2024,2030,21440,434479300,794180,797570,2119,1919,2019,2035,0,2025,0,0,0,2017-04-24,32425256,2028,36,0,0,0,0,0,0,0,0,2029,172,0,0,0,0,0,0,0,0
50,2017-04-24,09:00:25,762,cs1709,XDCE,2028,2024,2030,21496,435615180,794168,797570,2119,1919,2019,2035,0,2025,0,0,0,2017-04-24,32425762,2028,28,0,0,0,0,0,0,0,0,2029,162,0,0,0,0,0,0,0,0
51,2017-04-24,09:00:26,256,cs1709,XDCE,2028,2024,2030,21562,436953660,794110,797570,2119,1919,2019,2035,0,2025,0,0,0,2017-04-24,32426256,2027,256,0,0,0,0,0,0,0,0,2028,108,0,0,0,0,0,0,0,0
52,2017-04-24,09:00:26,735,cs1709,XDCE,2028,2024,2030,21716,440076740,794124,797570,2119,1919,2019,2035,0,2025,0,0,0,2017-04-24,32426735,2027,249,0,0,0,0,0,0,0,0,2028,84,0,0,0,0,0,0,0,0
53,2017-04-24,09:00:27,246,cs1709,XDCE,2027,2024,2030,21782,441415200,794186,797570,2119,1919,2019,2035,0,2025,0,0,0,2017-04-24,32427246,2027,143,0,0,0,0,0,0,0,0,2028,137,0,0,0,0,0,0,0,0
54,2017-04-24,09:00:27,748,cs1709,XDCE,2027,2024,2030,22596,457914980,794860,797570,2119,1919,2019,2035,0,2025,0,0,0,2017-04-24,32427748,2026,216,0,0,0,0,0,0,0,0,2028,743,0,0,0,0,0,0,0,0
55,2017-04-24,09:00:28,235,cs1709,XDCE,2027,2024,2030,22688,459779420,794912,797570,2119,1919,2019,2035,0,2025,0,0,0,2017-04-24,32428235,2026,183,0,0,0,0,0,0,0,0,2027,138,0,0,0,0,0,0,0,0
56,2017-04-24,09:00:28,727,cs1709,XDCE,2027,2024,2030,22706,460144220,794904,797570,2119,1919,2019,2035,0,2025,0,0,0,2017-04-24,32428727,2026,223,0,0,0,0,0,0,0,0,2027,31,0,0,0,0,0,0,0,0
57,2017-04-24,09:00:29,263,cs1709,XDCE,2027,2024,2030,22904,464158460,794798,797570,2119,1919,2019,2035,0,2025,0,0,0,2017-04-24,32429263,2027,30,0,0,0,0,0,0,0,0,2028,687,0,0,0,0,0,0,0,0
58,2017-04-24,09:00:29,754,cs1709,XDCE,2027,2024,2030,22956,465212500,794802,797570,2119,1919,2019,2035,0,2025,0,0,0,2017-04-24,32429754,2027,37,0,0,0,0,0,0,0,0,2028,738,0,0,0,0,0,0,0,0
59,2017-04-24,09:00:30,255,cs1709,XDCE,2027,2024,2030,22996,466023320,794774,797570,2119,1919,2019,2035,0,2025,0,0,0,2017-04-24,32430255,2027,19,0,0,0,0,0,0,0,0,2028,237,0,0,0,0,0,0,0,0
60,2017-04-24,09:00:30,743,cs1709,XDCE,2028,2024,2030,23072,467564520,794766,797570,2119,1919,2019,2035,0,2025,0,0,0,2017-04-24,32430743,2027,51,0,0,0,0,0,0,0,0,2028,122,0,0,0,0,0,0,0,0
61,2017-04-24,09:00:31,245,cs1709,XDCE,2027,2024,2030,23316,472510020,794834,797570,2119,1919,2019,2035,0,2025,0,0,0,2017-04-24,32431245,2027,11,0,0,0,0,0,0,0,0,2028,403,0,0,0,0,0,0,0,0
62,2017-04-24,09:00:31,763,cs1709,XDCE,2028,2024,2030,23438,474983980,794844,797570,2119,1919,2019,2035,0,2025,0,0,0,2017-04-24,32431763,2027,15,0,0,0,0,0,0,0,0,2028,361,0,0,0,0,0,0,0,0
63,2017-04-24,09:00:32,233,cs1709,XDCE,2027,2024,2030,23448,475186700,794848,797570,2119,1919,2019,2035,0,2025,0,0,0,2017-04-24,32432233,2027,22,0,0,0,0,0,0,0,0,2028,387,0,0,0,0,0,0,0,0
64,2017-04-24,09:00:32,730,cs1709,XDCE,2028,2024,2030,23454,475308360,794848,797570,2119,1919,2019,2035,0,2025,0,0,0,2017-04-24,32432730,2027,15,0,0,0,0,0,0,0,0,2028,426,0,0,0,0,0,0,0,0
65,2017-04-24,09:00:33,228,cs1709,XDCE,2027,2024,2030,23570,477660720,794860,797570,2119,1919,2019,2035,0,2025,0,0,0,2017-04-24,32433228,2027,11,0,0,0,0,0,0,0,0,2028,472,0,0,0,0,0,0,0,0
66,2017-04-24,09:00:33,761,cs1709,XDCE,2027,2024,2030,23604,478350220,794836,797570,2119,1919,2019,2035,0,2025,0,0,0,2017-04-24,32433761,2027,10,0,0,0,0,0,0,0,0,2028,463,0,0,0,0,0,0,0,0
67,2017-04-24,09:00:34,252,cs1709,XDCE,2027,2024,2030,23680,479891440,794862,797570,2119,1919,2019,2035,0,2025,0,0,0,2017-04-24,32434252,2027,11,0,0,0,0,0,0,0,0,2028,412,0,0,0,0,0,0,0,0
68,2017-04-24,09:00:34,749,cs1709,XDCE,2026,2024,2030,23710,480499500,794862,797570,2119,1919,2019,2035,0,2025,0,0,0,2017-04-24,32434749,2026,197,0,0,0,0,0,0,0,0,2028,152,0,0,0,0,0,0,0,0
69,2017-04-24,09:00:35,231,cs1709,XDCE,2027,2024,2030,23736,481026480,794870,797570,2119,1919,2019,2035,0,2025,0,0,0,2017-04-24,32435231,2026,186,0,0,0,0,0,0,0,0,2028,156,0,0,0,0,0,0,0,0
70,2017-04-24,09:00:35,759,cs1709,XDCE,2027,2024,2030,23762,481553500,794882,797570,2119,1919,2019,2035,0,2025,0,0,0,2017-04-24,32435759,2026,186,0,0,0,0,0,0,0,0,2027,85,0,0,0,0,0,0,0,0
71,2017-04-24,09:00:36,246,cs1709,XDCE,2027,2024,2030,23912,484593920,794988,797570,2119,1919,2019,2035,0,2025,0,0,0,2017-04-24,32436246,2026,187,0,0,0,0,0,0,0,0,2028,550,0,0,0,0,0,0,0,0
72,2017-04-24,09:00:36,755,cs1709,XDCE,2028,2024,2030,23936,485080200,795000,797570,2119,1919,2019,2035,0,2025,0,0,0,2017-04-24,32436755,2026,178,0,0,0,0,0,0,0,0,2027,9,0,0,0,0,0,0,0,0
73,2017-04-24,09:00:37,263,cs1709,XDCE,2026,2024,2030,23962,485607180,794980,797570,2119,1919,2019,2035,0,2025,0,0,0,2017-04-24,32437263,2026,172,0,0,0,0,0,0,0,0,2027,495,0,0,0,0,0,0,0,0
74,2017-04-24,09:00:37,733,cs1709,XDCE,2026,2024,2030,23966,485688240,794978,797570,2119,1919,2019,2035,0,2025,0,0,0,2017-04-24,32437733,2026,179,0,0,0,0,0,0,0,0,2027,494,0,0,0,0,0,0,0,0
75,2017-04-24,09:00:38,251,cs1709,XDCE,2027,2024,2030,23984,486053000,794974,797570,2119,1919,2019,2035,0,2025,0,0,0,2017-04-24,32438251,2026,179,0,0,0,0,0,0,0,0,2028,239,0,0,0,0,0,0,0,0
76,2017-04-24,09:00:38,747,cs1709,XDCE,2027,2024,2030,24028,486944880,794998,797570,2119,1919,2019,2035,0,2025,0,0,0,2017-04-24,32438747,2026,180,0,0,0,0,0,0,0,0,2028,322,0,0,0,0,0,0,0,0
77,2017-04-24,09:00:39,256,cs1709,XDCE,2027,2024,2030,24056,487512420,795022,797570,2119,1919,2019,2035,0,2025,0,0,0,2017-04-24,32439256,2026,179,0,0,0,0,0,0,0,0,2028,323,0,0,0,0,0,0,0,0
78,2017-04-24,09:00:39,759,cs1709,XDCE,2026,2024,2030,24102,488444780,795068,797570,2119,1919,2019,2035,0,2025,0,0,0,2017-04-24,32439759,2026,180,0,0,0,0,0,0,0,0,2028,783,0,0,0,0,0,0,0,0
79,2017-04-24,09:00:40,260,cs1709,XDCE,2026,2024,2030,24104,488485300,795068,797570,2119,1919,2019,2035,0,2025,0,0,0,2017-04-24,32440260,2027,3,0,0,0,0,0,0,0,0,2028,837,0,0,0,0,0,0,0,0
80,2017-04-24,09:00:40,738,cs1709,XDCE,2027,2024,2030,24296,492376920,795070,797570,2119,1919,2019,2035,0,2025,0,0,0,2017-04-24,32440738,2026,176,0,0,0,0,0,0,0,0,2027,92,0,0,0,0,0,0,0,0
81,2017-04-24,09:00:41,243,cs1709,XDCE,2026,2024,2030,24492,496349800,795236,797570,2119,1919,2019,2035,0,2025,0,0,0,2017-04-24,32441243,2026,172,0,0,0,0,0,0,0,0,2027,371,0,0,0,0,0,0,0,0
82,2017-04-24,09:00:41,760,cs1709,XDCE,2027,2024,2030,24614,498822720,795334,797570,2119,1919,2019,2035,0,2025,0,0,0,2017-04-24,32441760,2026,189,0,0,0,0,0,0,0,0,2028,357,0,0,0,0,0,0,0,0
83,2017-04-24,09:00:42,246,cs1709,XDCE,2027,2024,2030,24736,501295540,795444,797570,2119,1919,2019,2035,0,2025,0,0,0,2017-04-24,32442246,2026,184,0,0,0,0,0,0,0,0,2028,357,0,0,0,0,0,0,0,0
84,2017-04-24,09:00:42,758,cs1709,XDCE,2026,2024,2030,25100,508670200,795450,797570,2119,1919,2019,2035,0,2025,0,0,0,2017-04-24,32442758,2025,568,0,0,0,0,0,0,0,0,2027,2,0,0,0,0,0,0,0,0
85,2017-04-24,09:00:43,214,cs1709,XDCE,2027,2024,2030,25106,508791820,795452,797570,2119,1919,2019,2035,0,2025,0,0,0,2017-04-24,32443214,2026,21,0,0,0,0,0,0,0,0,2027,57,0,0,0,0,0,0,0,0
86,2017-04-24,09:00:43,760,cs1709,XDCE,2026,2024,2030,25190,510494120,795400,797570,2119,1919,2019,2035,0,2025,0,0,0,2017-04-24,32443760,2026,26,0,0,0,0,0,0,0,0,2027,122,0,0,0,0,0,0,0,0
87,2017-04-24,09:00:44,255,cs1709,XDCE,2027,2024,2030,25206,510818340,795410,797570,2119,1919,2019,2035,0,2025,0,0,0,2017-04-24,32444255,2026,27,0,0,0,0,0,0,0,0,2027,104,0,0,0,0,0,0,0,0
88,2017-04-24,09:00:44,746,cs1709,XDCE,2026,2024,2030,25226,511223660,795422,797570,2119,1919,2019,2035,0,2025,0,0,0,2017-04-24,32444746,2026,14,0,0,0,0,0,0,0,0,2027,193,0,0,0,0,0,0,0,0
89,2017-04-24,09:00:45,227,cs1709,XDCE,2027,2024,2030,25276,512237060,795434,797570,2119,1919,2019,2035,0,2025,0,0,0,2017-04-24,32445227,2026,13,0,0,0,0,0,0,0,0,2027,181,0,0,0,0,0,0,0,0
90,2017-04-24,09:00:45,743,cs1709,XDCE,2026,2024,2030,25628,519368580,795774,797570,2119,1919,2019,2035,0,2025,0,0,0,2017-04-24,32445743,2025,522,0,0,0,0,0,0,0,0,2026,25,0,0,0,0,0,0,0,0
91,2017-04-24,09:00:46,253,cs1709,XDCE,2027,2024,2030,25736,521556740,795738,797570,2119,1919,2019,2035,0,2025,0,0,0,2017-04-24,32446253,2026,44,0,0,0,0,0,0,0,0,2027,61,0,0,0,0,0,0,0,0
92,2017-04-24,09:00:46,738,cs1709,XDCE,2027,2024,2030,25866,524191560,795794,797570,2119,1919,2019,2035,0,2025,0,0,0,2017-04-24,32446738,2026,49,0,0,0,0,0,0,0,0,2027,10,0,0,0,0,0,0,0,0
93,2017-04-24,09:00:47,255,cs1709,XDCE,2026,2024,2030,25876,524394180,795786,797570,2119,1919,2019,2035,0,2025,0,0,0,2017-04-24,32447255,2026,143,0,0,0,0,0,0,0,0,2027,13,0,0,0,0,0,0,0,0
94,2017-04-24,09:00:47,756,cs1709,XDCE,2026,2024,2030,26696,541012060,795348,797570,2119,1919,2019,2035,0,2025,0,0,0,2017-04-24,32447756,2025,599,0,0,0,0,0,0,0,0,2026,226,0,0,0,0,0,0,0,0
95,2017-04-24,09:00:48,248,cs1709,XDCE,2026,2024,2030,26750,542106080,795346,797570,2119,1919,2019,2035,0,2025,0,0,0,2017-04-24,32448248,2025,575,0,0,0,0,0,0,0,0,2026,203,0,0,0,0,0,0,0,0
96,2017-04-24,09:00:48,762,cs1709,XDCE,2026,2024,2030,27154,550291080,795134,797570,2119,1919,2019,2035,0,2025,0,0,0,2017-04-24,32448762,2025,522,0,0,0,0,0,0,0,0,2026,3,0,0,0,0,0,0,0,0
97,2017-04-24,09:00:49,206,cs1709,XDCE,2026,2024,2030,27166,550534200,795132,797570,2119,1919,2019,2035,0,2025,0,0,0,2017-04-24,32449206,2026,32,0,0,0,0,0,0,0,0,2027,270,0,0,0,0,0,0,0,0
98,2017-04-24,09:00:49,763,cs1709,XDCE,2026,2024,2030,27200,551223240,795140,797570,2119,1919,2019,2035,0,2025,0,0,0,2017-04-24,32449763,2026,65,0,0,0,0,0,0,0,0,2027,242,0,0,0,0,0,0,0,0
99,2017-04-24,09:00:50,262,cs1709,XDCE,2027,2024,2030,27202,551263780,795140,797570,2119,1919,2019,2035,0,2025,0,0,0,2017-04-24,32450262,2026,84,0,0,0,0,0,0,0,0,2027,314,0,0,0,0,0,0,0,0
100,2017-04-24,09:00:50,734,cs1709,XDCE,2027,2024,2030,27210,551425940,795138,797570,2119,1919,2019,2035,0,2025,0,0,0,2017-04-24,32450734,2026,88,0,0,0,0,0,0,0,0,2027,329,0,0,0,0,0,0,0,0
101,2017-04-24,09:00:51,258,cs1709,XDCE,2026,2024,2030,27230,551831140,795158,797570,2119,1919,2019,2035,0,2025,0,0,0,2017-04-24,32451258,2026,183,0,0,0,0,0,0,0,0,2027,246,0,0,0,0,0,0,0,0
102,2017-04-24,09:00:51,700,cs1709,XDCE,2026,2024,2030,27232,551871660,795160,797570,2119,1919,2019,2035,0,2025,0,0,0,2017-04-24,32451700,2026,185,0,0,0,0,0,0,0,0,2027,536,0,0,0,0,0,0,0,0
103,2017-04-24,09:00:52,109,cs1709,XDCE,2026,2024,2030,27234,551912180,795160,797570,2119,1919,2019,2035,0,2025,0,0,0,2017-04-24,32452109,2026,206,0,0,0,0,0,0,0,0,2027,526,0,0,0,0,0,0,0,0
104,2017-04-24,09:00:52,687,cs1709,XDCE,2027,2024,2030,27238,551993260,795156,797570,2119,1919,2019,2035,0,2025,0,0,0,2017-04-24,32452687,2026,206,0,0,0,0,0,0,0,0,2027,524,0,0,0,0,0,0,0,0
105,2017-04-24,09:00:53,263,cs1709,XDCE,2027,2024,2030,27246,552155360,795156,797570,2119,1919,2019,2035,0,2025,0,0,0,2017-04-24,32453263,2026,207,0,0,0,0,0,0,0,0,2027,519,0,0,0,0,0,0,0,0
106,2017-04-24,09:00:53,759,cs1709,XDCE,2027,2024,2030,27280,552844220,795134,797570,2119,1919,2019,2035,0,2025,0,0,0,2017-04-24,32453759,2026,189,0,0,0,0,0,0,0,0,2027,517,0,0,0,0,0,0,0,0
107,2017-04-24,09:00:54,211,cs1709,XDCE,2027,2024,2030,27302,553290120,795132,797570,2119,1919,2019,2035,0,2025,0,0,0,2017-04-24,32454211,2026,184,0,0,0,0,0,0,0,0,2027,504,0,0,0,0,0,0,0,0
108,2017-04-24,09:00:54,727,cs1709,XDCE,2027,2024,2030,27324,553736040,795140,797570,2119,1919,2019,2035,0,2025,0,0,0,2017-04-24,32454727,2026,184,0,0,0,0,0,0,0,0,2027,583,0,0,0,0,0,0,0,0
109,2017-04-24,09:00:55,256,cs1709,XDCE,2026,2024,2030,27716,561677960,795068,797570,2119,1919,2019,2035,0,2025,0,0,0,2017-04-24,32455256,2025,514,0,0,0,0,0,0,0,0,2027,573,0,0,0,0,0,0,0,0
110,2017-04-24,09:00:55,714,cs1709,XDCE,2026,2024,2030,27760,562569660,795092,797570,2119,1919,2019,2035,0,2025,0,0,0,2017-04-24,32455714,2025,559,0,0,0,0,0,0,0,0,2026,260,0,0,0,0,0,0,0,0
111,2017-04-24,09:00:56,232,cs1709,XDCE,2026,2024,2030,27922,565851780,795152,797570,2119,1919,2019,2035,0,2025,0,0,0,2017-04-24,32456232,2025,559,0,0,0,0,0,0,0,0,2026,179,0,0,0,0,0,0,0,0
112,2017-04-24,09:00:56,754,cs1709,XDCE,2026,2024,2030,28172,570916760,795304,797570,2119,1919,2019,2035,0,2025,0,0,0,2017-04-24,32456754,2025,558,0,0,0,0,0,0,0,0,2026,58,0,0,0,0,0,0,0,0
113,2017-04-24,09:00:57,243,cs1709,XDCE,2026,2024,2030,28286,573226400,795282,797570,2119,1919,2019,2035,0,2025,0,0,0,2017-04-24,32457243,2026,89,0,0,0,0,0,0,0,0,2027,353,0,0,0,0,0,0,0,0
114,2017-04-24,09:00:57,731,cs1709,XDCE,2027,2024,2030,28290,573307460,795286,797570,2119,1919,2019,2035,0,2025,0,0,0,2017-04-24,32457731,2026,117,0,0,0,0,0,0,0,0,2027,358,0,0,0,0,0,0,0,0
115,2017-04-24,09:00:58,174,cs1709,XDCE,2026,2024,2030,28376,575049820,795340,797570,2119,1919,2019,2035,0,2025,0,0,0,2017-04-24,32458174,2026,76,0,0,0,0,0,0,0,0,2027,370,0,0,0,0,0,0,0,0
116,2017-04-24,09:00:58,742,cs1709,XDCE,2026,2024,2030,28528,578129340,795280,797570,2119,1919,2019,2035,0,2025,0,0,0,2017-04-24,32458742,2025,565,0,0,0,0,0,0,0,0,2027,372,0,0,0,0,0,0,0,0
117,2017-04-24,09:00:59,255,cs1709,XDCE,2025,2024,2030,28560,578777620,795266,797570,2119,1919,2019,2035,0,2025,0,0,0,2017-04-24,32459255,2025,565,0,0,0,0,0,0,0,0,2026,184,0,0,0,0,0,0,0,0
118,2017-04-24,09:00:59,680,cs1709,XDCE,2026,2024,2030,28782,583275340,795266,797570,2119,1919,2019,2035,0,2025,0,0,0,2017-04-24,32459680,2025,564,0,0,0,0,0,0,0,0,2026,79,0,0,0,0,0,0,0,0
119,2017-04-24,09:01:00,230,cs1709,XDCE,2027,2024,2030,28948,586638520,795108,797570,2119,1919,2019,2035,0,2025,0,0,0,2017-04-24,32460230,2026,375,0,0,0,0,0,0,0,0,2027,687,0,0,0,0,0,0,0,0
120,2017-04-24,09:01:00,747,cs1709,XDCE,2027,2024,2030,29016,588016800,795160,797570,2119,1919,2019,2035,0,2025,0,0,0,2017-04-24,32460747,2026,397,0,0,0,0,0,0,0,0,2027,657,0,0,0,0,0,0,0,0
121,2017-04-24,09:01:01,223,cs1709,XDCE,2027,2024,2030,29038,588462540,795142,797570,2119,1919,2019,2035,0,2025,0,0,0,2017-04-24,32461223,2026,441,0,0,0,0,0,0,0,0,2027,656,0,0,0,0,0,0,0,0
122,2017-04-24,09:01:01,745,cs1709,XDCE,2026,2024,2030,29240,592555060,795140,797570,2119,1919,2019,2035,0,2025,0,0,0,2017-04-24,32461745,2026,350,0,0,0,0,0,0,0,0,2027,657,0,0,0,0,0,0,0,0
123,2017-04-24,09:01:02,262,cs1709,XDCE,2026,2024,2030,29294,593649280,795134,797570,2119,1919,2019,2035,0,2025,0,0,0,2017-04-24,32462262,2026,332,0,0,0,0,0,0,0,0,2027,648,0,0,0,0,0,0,0,0
124,2017-04-24,09:01:02,759,cs1709,XDCE,2027,2024,2030,29374,595270780,795156,797570,2119,1919,2019,2035,0,2025,0,0,0,2017-04-24,32462759,2026,346,0,0,0,0,0,0,0,0,2027,615,0,0,0,0,0,0,0,0
125,2017-04-24,09:01:03,233,cs1709,XDCE,2026,2024,2030,29380,595392360,795156,797570,2119,1919,2019,2035,0,2025,0,0,0,2017-04-24,32463233,2026,355,0,0,0,0,0,0,0,0,2027,614,0,0,0,0,0,0,0,0
126,2017-04-24,09:01:03,754,cs1709,XDCE,2026,2024,2030,30208,612168840,794608,797570,2119,1919,2019,2035,0,2025,0,0,0,2017-04-24,32463754,2026,4,0,0,0,0,0,0,0,0,2027,467,0,0,0,0,0,0,0,0
127,2017-04-24,09:01:04,260,cs1709,XDCE,2026,2024,2030,30276,613546520,794600,797570,2119,1919,2019,2035,0,2025,0,0,0,2017-04-24,32464260,2025,571,0,0,0,0,0,0,0,0,2026,20,0,0,0,0,0,0,0,0
128,2017-04-24,09:01:04,757,cs1709,XDCE,2026,2024,2030,30486,617802740,794714,797570,2119,1919,2019,2035,0,2025,0,0,0,2017-04-24,32464757,2026,32,0,0,0,0,0,0,0,0,2027,402,0,0,0,0,0,0,0,0
129,2017-04-24,09:01:05,220,cs1709,XDCE,2026,2024,2030,30596,620032120,794718,797570,2119,1919,2019,2035,0,2025,0,0,0,2017-04-24,32465220,2026,147,0,0,0,0,0,0,0,0,2027,132,0,0,0,0,0,0,0,0
130,2017-04-24,09:01:05,752,cs1709,XDCE,2027,2024,2030,30878,625748240,794686,797570,2119,1919,2019,2035,0,2025,0,0,0,2017-04-24,32465752,2027,34,0,0,0,0,0,0,0,0,2028,744,0,0,0,0,0,0,0,0
131,2017-04-24,09:01:06,229,cs1709,XDCE,2027,2024,2030,30958,627369840,794702,797570,2119,1919,2019,2035,0,2025,0,0,0,2017-04-24,32466229,2027,33,0,0,0,0,0,0,0,0,2028,722,0,0,0,0,0,0,0,0
132,2017-04-24,09:01:06,755,cs1709,XDCE,2027,2024,2030,32112,650772540,795128,797570,2119,1919,2019,2035,0,2025,0,0,0,2017-04-24,32466755,2027,81,0,0,0,0,0,0,0,0,2029,270,0,0,0,0,0,0,0,0
133,2017-04-24,09:01:07,253,cs1709,XDCE,2028,2024,2030,32120,650934780,795134,797570,2119,1919,2019,2035,0,2025,0,0,0,2017-04-24,32467253,2027,121,0,0,0,0,0,0,0,0,2029,270,0,0,0,0,0,0,0,0
134,2017-04-24,09:01:07,763,cs1709,XDCE,2028,2024,2030,32146,651462060,795140,797570,2119,1919,2019,2035,0,2025,0,0,0,2017-04-24,32467763,2027,121,0,0,0,0,0,0,0,0,2029,280,0,0,0,0,0,0,0,0
135,2017-04-24,09:01:08,206,cs1709,XDCE,2027,2024,2030,32600,660664660,795166,797570,2119,1919,2019,2035,0,2025,0,0,0,2017-04-24,32468206,2026,173,0,0,0,0,0,0,0,0,2028,87,0,0,0,0,0,0,0,0
136,2017-04-24,09:01:08,761,cs1709,XDCE,2027,2024,2030,32634,661353840,795152,797570,2119,1919,2019,2035,0,2025,0,0,0,2017-04-24,32468761,2026,172,0,0,0,0,0,0,0,0,2028,103,0,0,0,0,0,0,0,0
137,2017-04-24,09:01:09,253,cs1709,XDCE,2027,2024,2030,32644,661556540,795146,797570,2119,1919,2019,2035,0,2025,0,0,0,2017-04-24,32469253,2026,173,0,0,0,0,0,0,0,0,2028,93,0,0,0,0,0,0,0,0
138,2017-04-24,09:01:09,660,cs1709,XDCE,2027,2024,2030,32654,661759240,795144,797570,2119,1919,2019,2035,0,2025,0,0,0,2017-04-24,32469660,2026,174,0,0,0,0,0,0,0,0,2028,93,0,0,0,0,0,0,0,0
139,2017-04-24,09:01:10,253,cs1709,XDCE,2027,2024,2030,33026,669296400,795276,797570,2119,1919,2019,2035,0,2025,0,0,0,2017-04-24,32470253,2026,3,0,0,0,0,0,0,0,0,2027,92,0,0,0,0,0,0,0,0
140,2017-04-24,09:01:10,672,cs1709,XDCE,2027,2024,2030,33028,669336940,795278,797570,2119,1919,2019,2035,0,2025,0,0,0,2017-04-24,32470672,2026,49,0,0,0,0,0,0,0,0,2027,132,0,0,0,0,0,0,0,0
141,2017-04-24,09:01:11,243,cs1709,XDCE,2026,2024,2030,33034,669458520,795276,797570,2119,1919,2019,2035,0,2025,0,0,0,2017-04-24,32471243,2026,65,0,0,0,0,0,0,0,0,2027,134,0,0,0,0,0,0,0,0
142,2017-04-24,09:01:11,750,cs1709,XDCE,2026,2024,2030,33040,669580100,795270,797570,2119,1919,2019,2035,0,2025,0,0,0,2017-04-24,32471750,2026,73,0,0,0,0,0,0,0,0,2027,133,0,0,0,0,0,0,0,0
143,2017-04-24,09:01:12,161,cs1709,XDCE,2026,2024,2030,33062,670025840,795254,797570,2119,1919,2019,2035,0,2025,0,0,0,2017-04-24,32472161,2026,64,0,0,0,0,0,0,0,0,2027,167,0,0,0,0,0,0,0,0
144,2017-04-24,09:01:12,759,cs1709,XDCE,2027,2024,2030,33076,670309620,795246,797570,2119,1919,2019,2035,0,2025,0,0,0,2017-04-24,32472759,2026,71,0,0,0,0,0,0,0,0,2027,250,0,0,0,0,0,0,0,0
145,2017-04-24,09:01:13,257,cs1709,XDCE,2027,2024,2030,33076,670309620,795246,797570,2119,1919,2019,2035,0,2025,0,0,0,2017-04-24,32473257,2026,83,0,0,0,0,0,0,0,0,2027,252,0,0,0,0,0,0,0,0
146,2017-04-24,09:01:13,695,cs1709,XDCE,2027,2024,2030,33076,670309620,795246,797570,2119,1919,2019,2035,0,2025,0,0,0,2017-04-24,32473695,2026,84,0,0,0,0,0,0,0,0,2027,252,0,0,0,0,0,0,0,0
147,2017-04-24,09:01:14,253,cs1709,XDCE,2027,2024,2030,33088,670552860,795246,797570,2119,1919,2019,2035,0,2025,0,0,0,2017-04-24,32474253,2026,96,0,0,0,0,0,0,0,0,2027,247,0,0,0,0,0,0,0,0
148,2017-04-24,09:01:14,763,cs1709,XDCE,2026,2024,2030,33588,680687780,794982,797570,2119,1919,2019,2035,0,2025,0,0,0,2017-04-24,32474763,2026,131,0,0,0,0,0,0,0,0,2027,48,0,0,0,0,0,0,0,0
149,2017-04-24,09:01:15,171,cs1709,XDCE,2027,2024,2030,33706,683078900,794948,797570,2119,1919,2019,2035,0,2025,0,0,0,2017-04-24,32475171,2026,115,0,0,0,0,0,0,0,0,2027,48,0,0,0,0,0,0,0,0
150,2017-04-24,09:01:15,727,cs1709,XDCE,2027,2024,2030,33782,684619020,794994,797570,2119,1919,2019,2035,0,2025,0,0,0,2017-04-24,32475727,2026,109,0,0,0,0,0,0,0,0,2027,33,0,0,0,0,0,0,0,0
151,2017-04-24,09:01:16,192,cs1709,XDCE,2026,2024,2030,33786,684700080,794994,797570,2119,1919,2019,2035,0,2025,0,0,0,2017-04-24,32476192,2026,113,0,0,0,0,0,0,0,0,2027,33,0,0,0,0,0,0,0,0
152,2017-04-24,09:01:16,713,cs1709,XDCE,2026,2024,2030,33794,684862160,795002,797570,2119,1919,2019,2035,0,2025,0,0,0,2017-04-24,32476713,2026,111,0,0,0,0,0,0,0,0,2027,34,0,0,0,0,0,0,0,0
153,2017-04-24,09:01:17,237,cs1709,XDCE,2026,2024,2030,33800,684983740,795002,797570,2119,1919,2019,2035,0,2025,0,0,0,2017-04-24,32477237,2026,103,0,0,0,0,0,0,0,0,2027,44,0,0,0,0,0,0,0,0
154,2017-04-24,09:01:17,760,cs1709,XDCE,2027,2024,2030,33802,685024280,795004,797570,2119,1919,2019,2035,0,2025,0,0,0,2017-04-24,32477760,2026,105,0,0,0,0,0,0,0,0,2027,57,0,0,0,0,0,0,0,0
155,2017-04-24,09:01:18,243,cs1709,XDCE,2026,2024,2030,33816,685307960,795006,797570,2119,1919,2019,2035,0,2025,0,0,0,2017-04-24,32478243,2026,116,0,0,0,0,0,0,0,0,2027,64,0,0,0,0,0,0,0,0
156,2017-04-24,09:01:18,684,cs1709,XDCE,2026,2024,2030,33860,686199420,795048,797570,2119,1919,2019,2035,0,2025,0,0,0,2017-04-24,32478684,2026,95,0,0,0,0,0,0,0,0,2027,70,0,0,0,0,0,0,0,0
157,2017-04-24,09:01:19,181,cs1709,XDCE,2027,2024,2030,33866,686321040,795048,797570,2119,1919,2019,2035,0,2025,0,0,0,2017-04-24,32479181,2026,100,0,0,0,0,0,0,0,0,2027,68,0,0,0,0,0,0,0,0
158,2017-04-24,09:01:19,756,cs1709,XDCE,2026,2024,2030,33884,686685720,795066,797570,2119,1919,2019,2035,0,2025,0,0,0,2017-04-24,32479756,2026,92,0,0,0,0,0,0,0,0,2027,75,0,0,0,0,0,0,0,0
159,2017-04-24,09:01:20,200,cs1709,XDCE,2027,2024,2030,33886,686726260,795066,797570,2119,1919,2019,2035,0,2025,0,0,0,2017-04-24,32480200,2026,92,0,0,0,0,0,0,0,0,2027,87,0,0,0,0,0,0,0,0
160,2017-04-24,09:01:20,760,cs1709,XDCE,2027,2024,2030,33894,686888360,795066,797570,2119,1919,2019,2035,0,2025,0,0,0,2017-04-24,32480760,2026,90,0,0,0,0,0,0,0,0,2027,91,0,0,0,0,0,0,0,0
161,2017-04-24,09:01:21,157,cs1709,XDCE,2027,2024,2030,33898,686969440,795064,797570,2119,1919,2019,2035,0,2025,0,0,0,2017-04-24,32481157,2026,92,0,0,0,0,0,0,0,0,2027,92,0,0,0,0,0,0,0,0
162,2017-04-24,09:01:21,710,cs1709,XDCE,2027,2024,2030,33900,687009980,795064,797570,2119,1919,2019,2035,0,2025,0,0,0,2017-04-24,32481710,2026,92,0,0,0,0,0,0,0,0,2027,90,0,0,0,0,0,0,0,0
163,2017-04-24,09:01:22,261,cs1709,XDCE,2027,2024,2030,33902,687050520,795066,797570,2119,1919,2019,2035,0,2025,0,0,0,2017-04-24,32482261,2026,92,0,0,0,0,0,0,0,0,2027,102,0,0,0,0,0,0,0,0
164,2017-04-24,09:01:22,746,cs1709,XDCE,2027,2024,2030,33968,688388100,795092,797570,2119,1919,2019,2035,0,2025,0,0,0,2017-04-24,32482746,2026,86,0,0,0,0,0,0,0,0,2027,76,0,0,0,0,0,0,0,0
165,2017-04-24,09:01:23,178,cs1709,XDCE,2026,2024,2030,34004,689117760,795074,797570,2119,1919,2019,2035,0,2025,0,0,0,2017-04-24,32483178,2026,100,0,0,0,0,0,0,0,0,2027,79,0,0,0,0,0,0,0,0
166,2017-04-24,09:01:24,241,cs1709,XDCE,2026,2024,2030,34006,689158280,795074,797570,2119,1919,2019,2035,0,2025,0,0,0,2017-04-24,32484241,2026,101,0,0,0,0,0,0,0,0,2027,80,0,0,0,0,0,0,0,0
167,2017-04-24,09:01:24,723,cs1709,XDCE,2026,2024,2030,34258,694263800,795198,797570,2119,1919,2019,2035,0,2025,0,0,0,2017-04-24,32484723,2025,949,0,0,0,0,0,0,0,0,2026,83,0,0,0,0,0,0,0,0
168,2017-04-24,09:01:25,241,cs1709,XDCE,2026,2024,2030,34262,694344840,795200,797570,2119,1919,2019,2035,0,2025,0,0,0,2017-04-24,32485241,2025,938,0,0,0,0,0,0,0,0,2026,86,0,0,0,0,0,0,0,0
169,2017-04-24,09:01:25,737,cs1709,XDCE,2026,2024,2030,34400,697140580,795242,797570,2119,1919,2019,2035,0,2025,0,0,0,2017-04-24,32485737,2025,931,0,0,0,0,0,0,0,0,2026,29,0,0,0,0,0,0,0,0
170,2017-04-24,09:01:26,260,cs1709,XDCE,2026,2024,2030,34478,698720860,795250,797570,2119,1919,2019,2035,0,2025,0,0,0,2017-04-24,32486260,2025,931,0,0,0,0,0,0,0,0,2026,8,0,0,0,0,0,0,0,0
171,2017-04-24,09:01:26,699,cs1709,XDCE,2026,2024,2030,34486,698882940,795254,797570,2119,1919,2019,2035,0,2025,0,0,0,2017-04-24,32486699,2025,931,0,0,0,0,0,0,0,0,2026,12,0,0,0,0,0,0,0,0
172,2017-04-24,09:01:27,259,cs1709,XDCE,2026,2024,2030,34512,699409480,795260,797570,2119,1919,2019,2035,0,2025,0,0,0,2017-04-24,32487259,2025,1020,0,0,0,0,0,0,0,0,2026,163,0,0,0,0,0,0,0,0
173,2017-04-24,09:01:27,742,cs1709,XDCE,2026,2024,2030,34732,703864880,795416,797570,2119,1919,2019,2035,0,2025,0,0,0,2017-04-24,32487742,2025,920,0,0,0,0,0,0,0,0,2026,173,0,0,0,0,0,0,0,0
174,2017-04-24,09:01:28,238,cs1709,XDCE,2025,2024,2030,34814,705525500,795498,797570,2119,1919,2019,2035,0,2025,0,0,0,2017-04-24,32488238,2025,885,0,0,0,0,0,0,0,0,2026,190,0,0,0,0,0,0,0,0
175,2017-04-24,09:01:28,716,cs1709,XDCE,2025,2024,2030,35052,710345020,795618,797570,2119,1919,2019,2035,0,2025,0,0,0,2017-04-24,32488716,2025,762,0,0,0,0,0,0,0,0,2026,205,0,0,0,0,0,0,0,0
176,2017-04-24,09:01:29,212,cs1709,XDCE,2026,2024,2030,35082,710952560,795612,797570,2119,1919,2019,2035,0,2025,0,0,0,2017-04-24,32489212,2025,749,0,0,0,0,0,0,0,0,2026,208,0,0,0,0,0,0,0,0
177,2017-04-24,09:01:29,755,cs1709,XDCE,2025,2024,2030,35084,710993060,795614,797570,2119,1919,2019,2035,0,2025,0,0,0,2017-04-24,32489755,2025,748,0,0,0,0,0,0,0,0,2026,208,0,0,0,0,0,0,0,0
178,2017-04-24,09:01:30,233,cs1709,XDCE,2025,2024,2030,35090,711114600,795618,797570,2119,1919,2019,2035,0,2025,0,0,0,2017-04-24,32490233,2025,749,0,0,0,0,0,0,0,0,2026,214,0,0,0,0,0,0,0,0
179,2017-04-24,09:01:30,688,cs1709,XDCE,2025,2024,2030,35108,711479120,795620,797570,2119,1919,2019,2035,0,2025,0,0,0,2017-04-24,32490688,2025,745,0,0,0,0,0,0,0,0,2026,414,0,0,0,0,0,0,0,0
180,2017-04-24,09:01:31,221,cs1709,XDCE,2026,2024,2030,35124,711803180,795624,797570,2119,1919,2019,2035,0,2025,0,0,0,2017-04-24,32491221,2025,740,0,0,0,0,0,0,0,0,2026,411,0,0,0,0,0,0,0,0
181,2017-04-24,09:01:31,745,cs1709,XDCE,2026,2024,2030,35124,711803180,795624,797570,2119,1919,2019,2035,0,2025,0,0,0,2017-04-24,32491745,2025,740,0,0,0,0,0,0,0,0,2026,412,0,0,0,0,0,0,0,0
182,2017-04-24,09:01:32,239,cs1709,XDCE,2025,2024,2030,35156,712451180,795654,797570,2119,1919,2019,2035,0,2025,0,0,0,2017-04-24,32492239,2025,685,0,0,0,0,0,0,0,0,2026,412,0,0,0,0,0,0,0,0
183,2017-04-24,09:01:32,680,cs1709,XDCE,2025,2024,2030,35156,712451180,795654,797570,2119,1919,2019,2035,0,2025,0,0,0,2017-04-24,32492680,2025,685,0,0,0,0,0,0,0,0,2026,413,0,0,0,0,0,0,0,0
184,2017-04-24,09:01:33,254,cs1709,XDCE,2026,2024,2030,35164,712613240,795654,797570,2119,1919,2019,2035,0,2025,0,0,0,2017-04-24,32493254,2025,684,0,0,0,0,0,0,0,0,2026,413,0,0,0,0,0,0,0,0
185,2017-04-24,09:01:33,737,cs1709,XDCE,2026,2024,2030,35166,712653760,795654,797570,2119,1919,2019,2035,0,2025,0,0,0,2017-04-24,32493737,2025,686,0,0,0,0,0,0,0,0,2026,420,0,0,0,0,0,0,0,0
186,2017-04-24,09:01:34,223,cs1709,XDCE,2025,2024,2030,35170,712734760,795654,797570,2119,1919,2019,2035,0,2025,0,0,0,2017-04-24,32494223,2025,685,0,0,0,0,0,0,0,0,2026,421,0,0,0,0,0,0,0,0
187,2017-04-24,09:01:34,712,cs1709,XDCE,2025,2024,2030,35210,713544760,795654,797570,2119,1919,2019,2035,0,2025,0,0,0,2017-04-24,32494712,2025,668,0,0,0,0,0,0,0,0,2026,521,0,0,0,0,0,0,0,0
188,2017-04-24,09:01:35,243,cs1709,XDCE,2025,2024,2030,35278,714921760,795694,797570,2119,1919,2019,2035,0,2025,0,0,0,2017-04-24,32495243,2025,629,0,0,0,0,0,0,0,0,2026,603,0,0,0,0,0,0,0,0
189,2017-04-24,09:01:35,718,cs1709,XDCE,2025,2024,2030,35642,722292780,795804,797570,2119,1919,2019,2035,0,2025,0,0,0,2017-04-24,32495718,2025,448,0,0,0,0,0,0,0,0,2026,613,0,0,0,0,0,0,0,0
190,2017-04-24,09:01:36,234,cs1709,XDCE,2025,2024,2030,36556,740801220,796020,797570,2119,1919,2019,2035,0,2025,0,0,0,2017-04-24,32496234,2024,235,0,0,0,0,0,0,0,0,2025,125,0,0,0,0,0,0,0,0
191,2017-04-24,09:01:36,719,cs1709,XDCE,2024,2024,2030,36560,740882180,796020,797570,2119,1919,2019,2035,0,2025,0,0,0,2017-04-24,32496719,2024,125,0,0,0,0,0,0,0,0,2025,141,0,0,0,0,0,0,0,0
192,2017-04-24,09:01:37,258,cs1709,XDCE,2023,2023,2030,36854,746833200,795998,797570,2119,1919,2019,2035,0,2025,0,0,0,2017-04-24,32497258,2023,342,0,0,0,0,0,0,0,0,2024,94,0,0,0,0,0,0,0,0
193,2017-04-24,09:01:37,756,cs1709,XDCE,2023,2023,2030,37290,755654180,795824,797570,2119,1919,2019,2035,0,2025,0,0,0,2017-04-24,32497756,2023,264,0,0,0,0,0,0,0,0,2024,68,0,0,0,0,0,0,0,0
194,2017-04-24,09:01:38,260,cs1709,XDCE,2024,2023,2030,37558,761077600,795858,797570,2119,1919,2019,2035,0,2025,0,0,0,2017-04-24,32498260,2024,19,0,0,0,0,0,0,0,0,2025,452,0,0,0,0,0,0,0,0
195,2017-04-24,09:01:38,754,cs1709,XDCE,2024,2023,2030,37572,761360960,795866,797570,2119,1919,2019,2035,0,2025,0,0,0,2017-04-24,32498754,2024,15,0,0,0,0,0,0,0,0,2025,462,0,0,0,0,0,0,0,0
196,2017-04-24,09:01:39,246,cs1709,XDCE,2024,2023,2030,37578,761482400,795872,797570,2119,1919,2019,2035,0,2025,0,0,0,2017-04-24,32499246,2024,28,0,0,0,0,0,0,0,0,2025,462,0,0,0,0,0,0,0,0
197,2017-04-24,09:01:39,719,cs1709,XDCE,2024,2023,2030,37630,762534880,795892,797570,2119,1919,2019,2035,0,2025,0,0,0,2017-04-24,32499719,2024,2,0,0,0,0,0,0,0,0,2025,465,0,0,0,0,0,0,0,0
198,2017-04-24,09:01:40,228,cs1709,XDCE,2024,2023,2030,37642,762777740,795896,797570,2119,1919,2019,2035,0,2025,0,0,0,2017-04-24,32500228,2023,336,0,0,0,0,0,0,0,0,2024,1,0,0,0,0,0,0,0,0
199,2017-04-24,09:01:40,721,cs1709,XDCE,2023,2023,2030,37654,763020500,795898,797570,2119,1919,2019,2035,0,2025,0,0,0,2017-04-24,32500721,2023,320,0,0,0,0,0,0,0,0,2024,11,0,0,0,0,0,0,0,0
200,2017-04-24,09:01:41,259,cs1709,XDCE,2025,2023,2030,37726,764477880,795914,797570,2119,1919,2019,2035,0,2025,0,0,0,2017-04-24,32501259,2024,40,0,0,0,0,0,0,0,0,2025,82,0,0,0,0,0,0,0,0
201,2017-04-24,09:01:41,741,cs1709,XDCE,2024,2023,2030,37806,766097080,795834,797570,2119,1919,2019,2035,0,2025,0,0,0,2017-04-24,32501741,2023,320,0,0,0,0,0,0,0,0,2024,1,0,0,0,0,0,0,0,0
202,2017-04-24,09:01:42,248,cs1709,XDCE,2025,2023,2030,37838,766744860,795842,797570,2119,1919,2019,2035,0,2025,0,0,0,2017-04-24,32502248,2024,41,0,0,0,0,0,0,0,0,2025,85,0,0,0,0,0,0,0,0
203,2017-04-24,09:01:43,260,cs1709,XDCE,2024,2023,2030,37846,766906780,795836,797570,2119,1919,2019,2035,0,2025,0,0,0,2017-04-24,32503260,2024,38,0,0,0,0,0,0,0,0,2025,86,0,0,0,0,0,0,0,0
204,2017-04-24,09:01:43,730,cs1709,XDCE,2024,2023,2030,37938,768768860,795760,797570,2119,1919,2019,2035,0,2025,0,0,0,2017-04-24,32503730,2023,322,0,0,0,0,0,0,0,0,2025,96,0,0,0,0,0,0,0,0
205,2017-04-24,09:01:44,257,cs1709,XDCE,2025,2023,2030,38016,770347620,795702,797570,2119,1919,2019,2035,0,2025,0,0,0,2017-04-24,32504257,2024,24,0,0,0,0,0,0,0,0,2025,102,0,0,0,0,0,0,0,0
206,2017-04-24,09:01:44,699,cs1709,XDCE,2025,2023,2030,38020,770428600,795704,797570,2119,1919,2019,2035,0,2025,0,0,0,2017-04-24,32504699,2024,27,0,0,0,0,0,0,0,0,2025,106,0,0,0,0,0,0,0,0
207,2017-04-24,09:01:45,241,cs1709,XDCE,2024,2023,2030,38040,770833520,795714,797570,2119,1919,2019,2035,0,2025,0,0,0,2017-04-24,32505241,2024,27,0,0,0,0,0,0,0,0,2025,112,0,0,0,0,0,0,0,0
208,2017-04-24,09:01:45,761,cs1709,XDCE,2024,2023,2030,38110,772250340,795696,797570,2119,1919,2019,2035,0,2025,0,0,0,2017-04-24,32505761,2024,50,0,0,0,0,0,0,0,0,2025,112,0,0,0,0,0,0,0,0
209,2017-04-24,09:01:46,261,cs1709,XDCE,2024,2023,2030,38180,773667140,795630,797570,2119,1919,2019,2035,0,2025,0,0,0,2017-04-24,32506261,2023,352,0,0,0,0,0,0,0,0,2024,5,0,0,0,0,0,0,0,0
210,2017-04-24,09:01:46,738,cs1709,XDCE,2024,2023,2030,38232,774719620,795580,797570,2119,1919,2019,2035,0,2025,0,0,0,2017-04-24,32506738,2024,16,0,0,0,0,0,0,0,0,2025,307,0,0,0,0,0,0,0,0
211,2017-04-24,09:01:47,240,cs1709,XDCE,2025,2023,2030,38240,774881620,795580,797570,2119,1919,2019,2035,0,2025,0,0,0,2017-04-24,32507240,2024,16,0,0,0,0,0,0,0,0,2025,305,0,0,0,0,0,0,0,0
212,2017-04-24,09:01:47,738,cs1709,XDCE,2024,2023,2030,38244,774962580,795576,797570,2119,1919,2019,2035,0,2025,0,0,0,2017-04-24,32507738,2024,29,0,0,0,0,0,0,0,0,2025,336,0,0,0,0,0,0,0,0
213,2017-04-24,09:01:48,235,cs1709,XDCE,2024,2023,2030,38404,778200980,795532,797570,2119,1919,2019,2035,0,2025,0,0,0,2017-04-24,32508235,2024,51,0,0,0,0,0,0,0,0,2025,337,0,0,0,0,0,0,0,0
214,2017-04-24,09:01:48,749,cs1709,XDCE,2024,2023,2030,38406,778241460,795534,797570,2119,1919,2019,2035,0,2025,0,0,0,2017-04-24,32508749,2024,51,0,0,0,0,0,0,0,0,2025,337,0,0,0,0,0,0,0,0
215,2017-04-24,09:01:49,233,cs1709,XDCE,2024,2023,2030,38406,778241460,795534,797570,2119,1919,2019,2035,0,2025,0,0,0,2017-04-24,32509233,2024,52,0,0,0,0,0,0,0,0,2025,337,0,0,0,0,0,0,0,0
216,2017-04-24,09:01:49,748,cs1709,XDCE,2024,2023,2030,38490,779942420,795586,797570,2119,1919,2019,2035,0,2025,0,0,0,2017-04-24,32509748,2024,65,0,0,0,0,0,0,0,0,2025,549,0,0,0,0,0,0,0,0
217,2017-04-24,09:01:50,241,cs1709,XDCE,2024,2023,2030,38612,782411700,795566,797570,2119,1919,2019,2035,0,2025,0,0,0,2017-04-24,32510241,2024,59,0,0,0,0,0,0,0,0,2025,552,0,0,0,0,0,0,0,0
218,2017-04-24,09:01:50,741,cs1709,XDCE,2024,2023,2030,38756,785326260,795468,797570,2119,1919,2019,2035,0,2025,0,0,0,2017-04-24,32510741,2024,88,0,0,0,0,0,0,0,0,2025,554,0,0,0,0,0,0,0,0
219,2017-04-24,09:01:51,236,cs1709,XDCE,2024,2023,2030,38964,789536000,795462,797570,2119,1919,2019,2035,0,2025,0,0,0,2017-04-24,32511236,2023,399,0,0,0,0,0,0,0,0,2024,55,0,0,0,0,0,0,0,0
220,2017-04-24,09:01:51,759,cs1709,XDCE,2024,2023,2030,39314,796619980,795460,797570,2119,1919,2019,2035,0,2025,0,0,0,2017-04-24,32511759,2023,223,0,0,0,0,0,0,0,0,2024,307,0,0,0,0,0,0,0,0
221,2017-04-24,09:01:52,145,cs1709,XDCE,2024,2023,2030,39338,797105680,795454,797570,2119,1919,2019,2035,0,2025,0,0,0,2017-04-24,32512145,2023,216,0,0,0,0,0,0,0,0,2024,277,0,0,0,0,0,0,0,0
222,2017-04-24,09:01:52,762,cs1709,XDCE,2024,2023,2030,39562,801639420,795606,797570,2119,1919,2019,2035,0,2025,0,0,0,2017-04-24,32512762,2023,225,0,0,0,0,0,0,0,0,2025,463,0,0,0,0,0,0,0,0
223,2017-04-24,09:01:53,262,cs1709,XDCE,2023,2023,2030,39566,801720360,795606,797570,2119,1919,2019,2035,0,2025,0,0,0,2017-04-24,32513262,2023,226,0,0,0,0,0,0,0,0,2024,176,0,0,0,0,0,0,0,0
224,2017-04-24,09:01:53,755,cs1709,XDCE,2022,2022,2030,40104,812603160,795884,797570,2119,1919,2019,2035,0,2025,0,0,0,2017-04-24,32513755,2022,253,0,0,0,0,0,0,0,0,2024,44,0,0,0,0,0,0,0,0
225,2017-04-24,09:01:54,245,cs1709,XDCE,2022,2022,2030,40186,814261720,795872,797570,2119,1919,2019,2035,0,2025,0,0,0,2017-04-24,32514245,2022,484,0,0,0,0,0,0,0,0,2023,86,0,0,0,0,0,0,0,0
226,2017-04-24,09:01:54,754,cs1709,XDCE,2023,2022,2030,40434,819278800,796062,797570,2119,1919,2019,2035,0,2025,0,0,0,2017-04-24,32514754,2023,71,0,0,0,0,0,0,0,0,2024,477,0,0,0,0,0,0,0,0
227,2017-04-24,09:01:55,243,cs1709,XDCE,2024,2022,2030,40496,820533080,796062,797570,2119,1919,2019,2035,0,2025,0,0,0,2017-04-24,32515243,2023,49,0,0,0,0,0,0,0,0,2024,440,0,0,0,0,0,0,0,0
228,2017-04-24,09:01:55,726,cs1709,XDCE,2024,2022,2030,40528,821180500,796064,797570,2119,1919,2019,2035,0,2025,0,0,0,2017-04-24,32515726,2023,42,0,0,0,0,0,0,0,0,2024,484,0,0,0,0,0,0,0,0
229,2017-04-24,09:01:56,252,cs1709,XDCE,2023,2022,2030,40624,823122600,796118,797570,2119,1919,2019,2035,0,2025,0,0,0,2017-04-24,32516252,2022,281,0,0,0,0,0,0,0,0,2024,42,0,0,0,0,0,0,0,0
230,2017-04-24,09:01:56,718,cs1709,XDCE,2023,2022,2030,40644,823527200,796138,797570,2119,1919,2019,2035,0,2025,0,0,0,2017-04-24,32516718,2022,286,0,0,0,0,0,0,0,0,2023,500,0,0,0,0,0,0,0,0
231,2017-04-24,09:01:57,228,cs1709,XDCE,2023,2022,2030,40718,825023580,796150,797570,2119,1919,2019,2035,0,2025,0,0,0,2017-04-24,32517228,2022,253,0,0,0,0,0,0,0,0,2023,497,0,0,0,0,0,0,0,0
232,2017-04-24,09:01:57,746,cs1709,XDCE,2023,2022,2030,40724,825144960,796150,797570,2119,1919,2019,2035,0,2025,0,0,0,2017-04-24,32517746,2022,257,0,0,0,0,0,0,0,0,2023,495,0,0,0,0,0,0,0,0
233,2017-04-24,09:01:58,243,cs1709,XDCE,2022,2022,2030,40726,825185400,796152,797570,2119,1919,2019,2035,0,2025,0,0,0,2017-04-24,32518243,2022,256,0,0,0,0,0,0,0,0,2023,500,0,0,0,0,0,0,0,0
234,2017-04-24,09:01:58,754,cs1709,XDCE,2022,2022,2030,40788,826439140,796156,797570,2119,1919,2019,2035,0,2025,0,0,0,2017-04-24,32518754,2022,235,0,0,0,0,0,0,0,0,2023,495,0,0,0,0,0,0,0,0
235,2017-04-24,09:01:59,236,cs1709,XDCE,2023,2022,2030,40792,826520060,796160,797570,2119,1919,2019,2035,0,2025,0,0,0,2017-04-24,32519236,2022,240,0,0,0,0,0,0,0,0,2023,494,0,0,0,0,0,0,0,0
236,2017-04-24,09:01:59,749,cs1709,XDCE,2023,2022,2030,40816,827005380,796174,797570,2119,1919,2019,2035,0,2025,0,0,0,2017-04-24,32519749,2022,244,0,0,0,0,0,0,0,0,2023,497,0,0,0,0,0,0,0,0
237,2017-04-24,09:02:00,191,cs1709,XDCE,2023,2022,2030,40860,827895360,796208,797570,2119,1919,2019,2035,0,2025,0,0,0,2017-04-24,32520191,2022,239,0,0,0,0,0,0,0,0,2023,488,0,0,0,0,0,0,0,0
238,2017-04-24,09:02:00,745,cs1709,XDCE,2022,2022,2030,40890,828501960,796210,797570,2119,1919,2019,2035,0,2025,0,0,0,2017-04-24,32520745,2022,224,0,0,0,0,0,0,0,0,2023,494,0,0,0,0,0,0,0,0
239,2017-04-24,09:02:01,235,cs1709,XDCE,2023,2022,2030,41114,833031300,796206,797570,2119,1919,2019,2035,0,2025,0,0,0,2017-04-24,32521235,2022,127,0,0,0,0,0,0,0,0,2023,544,0,0,0,0,0,0,0,0
240,2017-04-24,09:02:01,742,cs1709,XDCE,2022,2022,2030,41154,833840260,796222,797570,2119,1919,2019,2035,0,2025,0,0,0,2017-04-24,32521742,2022,115,0,0,0,0,0,0,0,0,2023,550,0,0,0,0,0,0,0,0
241,2017-04-24,09:02:02,255,cs1709,XDCE,2022,2022,2030,41374,838288680,796164,797570,2119,1919,2019,2035,0,2025,0,0,0,2017-04-24,32522255,2021,298,0,0,0,0,0,0,0,0,2023,68,0,0,0,0,0,0,0,0
242,2017-04-24,09:02:02,725,cs1709,XDCE,2022,2021,2030,41624,843343360,796384,797570,2119,1919,2019,2035,0,2025,0,0,0,2017-04-24,32522725,2021,282,0,0,0,0,0,0,0,0,2023,78,0,0,0,0,0,0,0,0
243,2017-04-24,09:02:03,249,cs1709,XDCE,2021,2021,2030,41722,845324040,796390,797570,2119,1919,2019,2035,0,2025,0,0,0,2017-04-24,32523249,2021,227,0,0,0,0,0,0,0,0,2022,190,0,0,0,0,0,0,0,0
244,2017-04-24,09:02:03,699,cs1709,XDCE,2022,2021,2030,42016,851268160,796570,797570,2119,1919,2019,2035,0,2025,0,0,0,2017-04-24,32523699,2022,1,0,0,0,0,0,0,0,0,2023,413,0,0,0,0,0,0,0,0
245,2017-04-24,09:02:04,211,cs1709,XDCE,2022,2021,2030,42288,856765940,796620,797570,2119,1919,2019,2035,0,2025,0,0,0,2017-04-24,32524211,2022,9,0,0,0,0,0,0,0,0,2023,418,0,0,0,0,0,0,0,0
246,2017-04-24,09:02:04,757,cs1709,XDCE,2022,2021,2030,42460,860243900,796628,797570,2119,1919,2019,2035,0,2025,0,0,0,2017-04-24,32524757,2021,346,0,0,0,0,0,0,0,0,2022,53,0,0,0,0,0,0,0,0
247,2017-04-24,09:02:05,247,cs1709,XDCE,2022,2021,2030,42462,860284340,796630,797570,2119,1919,2019,2035,0,2025,0,0,0,2017-04-24,32525247,2022,10,0,0,0,0,0,0,0,0,2023,339,0,0,0,0,0,0,0,0
248,2017-04-24,09:02:05,761,cs1709,XDCE,2022,2021,2030,42466,860365240,796632,797570,2119,1919,2019,2035,0,2025,0,0,0,2017-04-24,32525761,2022,21,0,0,0,0,0,0,0,0,2023,333,0,0,0,0,0,0,0,0
249,2017-04-24,09:02:06,254,cs1709,XDCE,2022,2021,2030,42484,860729200,796636,797570,2119,1919,2019,2035,0,2025,0,0,0,2017-04-24,32526254,2022,15,0,0,0,0,0,0,0,0,2023,333,0,0,0,0,0,0,0,0
250,2017-04-24,09:02:06,759,cs1709,XDCE,2022,2021,2030,42492,860891000,796634,797570,2119,1919,2019,2035,0,2025,0,0,0,2017-04-24,32526759,2022,13,0,0,0,0,0,0,0,0,2023,352,0,0,0,0,0,0,0,0
251,2017-04-24,09:02:07,214,cs1709,XDCE,2022,2021,2030,42498,861012340,796640,797570,2119,1919,2019,2035,0,2025,0,0,0,2017-04-24,32527214,2022,11,0,0,0,0,0,0,0,0,2023,362,0,0,0,0,0,0,0,0
252,2017-04-24,09:02:07,737,cs1709,XDCE,2022,2021,2030,42536,861780720,796662,797570,2119,1919,2019,2035,0,2025,0,0,0,2017-04-24,32527737,2022,11,0,0,0,0,0,0,0,0,2023,361,0,0,0,0,0,0,0,0
253,2017-04-24,09:02:08,240,cs1709,XDCE,2022,2021,2030,42562,862306440,796678,797570,2119,1919,2019,2035,0,2025,0,0,0,2017-04-24,32528240,2021,501,0,0,0,0,0,0,0,0,2022,7,0,0,0,0,0,0,0,0
254,2017-04-24,09:02:08,722,cs1709,XDCE,2022,2021,2030,42580,862670400,796680,797570,2119,1919,2019,2035,0,2025,0,0,0,2017-04-24,32528722,2022,9,0,0,0,0,0,0,0,0,2023,360,0,0,0,0,0,0,0,0
255,2017-04-24,09:02:09,229,cs1709,XDCE,2022,2021,2030,42780,866714400,796656,797570,2119,1919,2019,2035,0,2025,0,0,0,2017-04-24,32529229,2022,23,0,0,0,0,0,0,0,0,2023,368,0,0,0,0,0,0,0,0
256,2017-04-24,09:02:09,734,cs1709,XDCE,2022,2021,2030,42782,866754840,796656,797570,2119,1919,2019,2035,0,2025,0,0,0,2017-04-24,32529734,2022,12,0,0,0,0,0,0,0,0,2023,364,0,0,0,0,0,0,0,0
257,2017-04-24,09:02:10,263,cs1709,XDCE,2022,2021,2030,42810,867321120,796680,797570,2119,1919,2019,2035,0,2025,0,0,0,2017-04-24,32530263,2022,35,0,0,0,0,0,0,0,0,2023,358,0,0,0,0,0,0,0,0
258,2017-04-24,09:02:10,748,cs1709,XDCE,2022,2021,2030,42834,867806580,796698,797570,2119,1919,2019,2035,0,2025,0,0,0,2017-04-24,32530748,2022,250,0,0,0,0,0,0,0,0,2023,339,0,0,0,0,0,0,0,0
259,2017-04-24,09:02:11,242,cs1709,XDCE,2022,2021,2030,42874,868615380,796700,797570,2119,1919,2019,2035,0,2025,0,0,0,2017-04-24,32531242,2022,251,0,0,0,0,0,0,0,0,2023,344,0,0,0,0,0,0,0,0
260,2017-04-24,09:02:11,659,cs1709,XDCE,2023,2021,2030,42884,868817640,796698,797570,2119,1919,2019,2035,0,2025,0,0,0,2017-04-24,32531659,2022,279,0,0,0,0,0,0,0,0,2023,341,0,0,0,0,0,0,0,0
261,2017-04-24,09:02:12,195,cs1709,XDCE,2022,2021,2030,42888,868898520,796698,797570,2119,1919,2019,2035,0,2025,0,0,0,2017-04-24,32532195,2022,307,0,0,0,0,0,0,0,0,2023,362,0,0,0,0,0,0,0,0
262,2017-04-24,09:02:12,732,cs1709,XDCE,2022,2021,2030,42944,870030840,796728,797570,2119,1919,2019,2035,0,2025,0,0,0,2017-04-24,32532732,2022,279,0,0,0,0,0,0,0,0,2023,363,0,0,0,0,0,0,0,0
263,2017-04-24,09:02:13,212,cs1709,XDCE,2022,2021,2030,42948,870111740,796730,797570,2119,1919,2019,2035,0,2025,0,0,0,2017-04-24,32533212,2022,278,0,0,0,0,0,0,0,0,2023,362,0,0,0,0,0,0,0,0
264,2017-04-24,09:02:13,719,cs1709,XDCE,2022,2021,2030,42950,870152180,796730,797570,2119,1919,2019,2035,0,2025,0,0,0,2017-04-24,32533719,2022,296,0,0,0,0,0,0,0,0,2023,363,0,0,0,0,0,0,0,0
265,2017-04-24,09:02:14,170,cs1709,XDCE,2023,2021,2030,42952,870192640,796730,797570,2119,1919,2019,2035,0,2025,0,0,0,2017-04-24,32534170,2022,296,0,0,0,0,0,0,0,0,2023,362,0,0,0,0,0,0,0,0
266,2017-04-24,09:02:14,724,cs1709,XDCE,2022,2021,2030,43170,874600600,796848,797570,2119,1919,2019,2035,0,2025,0,0,0,2017-04-24,32534724,2022,188,0,0,0,0,0,0,0,0,2023,313,0,0,0,0,0,0,0,0
267,2017-04-24,09:02:15,262,cs1709,XDCE,2022,2021,2030,43556,882405560,797178,797570,2119,1919,2019,2035,0,2025,0,0,0,2017-04-24,32535262,2021,274,0,0,0,0,0,0,0,0,2022,144,0,0,0,0,0,0,0,0
268,2017-04-24,09:02:15,756,cs1709,XDCE,2022,2021,2030,43588,883052300,797164,797570,2119,1919,2019,2035,0,2025,0,0,0,2017-04-24,32535756,2021,247,0,0,0,0,0,0,0,0,2022,170,0,0,0,0,0,0,0,0
269,2017-04-24,09:02:16,231,cs1709,XDCE,2022,2021,2030,43724,885802160,797184,797570,2119,1919,2019,2035,0,2025,0,0,0,2017-04-24,32536231,2021,244,0,0,0,0,0,0,0,0,2022,207,0,0,0,0,0,0,0,0
270,2017-04-24,09:02:16,710,cs1709,XDCE,2022,2021,2030,43724,885802160,797184,797570,2119,1919,2019,2035,0,2025,0,0,0,2017-04-24,32536710,2021,244,0,0,0,0,0,0,0,0,2022,328,0,0,0,0,0,0,0,0
271,2017-04-24,09:02:17,263,cs1709,XDCE,2022,2021,2030,43738,886085120,797194,797570,2119,1919,2019,2035,0,2025,0,0,0,2017-04-24,32537263,2021,236,0,0,0,0,0,0,0,0,2022,327,0,0,0,0,0,0,0,0
272,2017-04-24,09:02:17,757,cs1709,XDCE,2021,2021,2030,43742,886165960,797192,797570,2119,1919,2019,2035,0,2025,0,0,0,2017-04-24,32537757,2021,233,0,0,0,0,0,0,0,0,2022,377,0,0,0,0,0,0,0,0
273,2017-04-24,09:02:18,212,cs1709,XDCE,2022,2021,2030,43840,888146940,797182,797570,2119,1919,2019,2035,0,2025,0,0,0,2017-04-24,32538212,2021,204,0,0,0,0,0,0,0,0,2022,358,0,0,0,0,0,0,0,0
274,2017-04-24,09:02:18,745,cs1709,XDCE,2022,2021,2030,43848,888308700,797174,797570,2119,1919,2019,2035,0,2025,0,0,0,2017-04-24,32538745,2021,205,0,0,0,0,0,0,0,0,2022,355,0,0,0,0,0,0,0,0
275,2017-04-24,09:02:19,259,cs1709,XDCE,2022,2021,2030,44102,893442560,797116,797570,2119,1919,2019,2035,0,2025,0,0,0,2017-04-24,32539259,2021,105,0,0,0,0,0,0,0,0,2022,330,0,0,0,0,0,0,0,0
276,2017-04-24,09:02:19,749,cs1709,XDCE,2021,2021,2030,44314,897727120,797080,797570,2119,1919,2019,2035,0,2025,0,0,0,2017-04-24,32539749,2020,996,0,0,0,0,0,0,0,0,2021,15,0,0,0,0,0,0,0,0
277,2017-04-24,09:02:20,244,cs1709,XDCE,2022,2021,2030,44362,898697280,797078,797570,2119,1919,2019,2035,0,2025,0,0,0,2017-04-24,32540244,2021,4,0,0,0,0,0,0,0,0,2022,315,0,0,0,0,0,0,0,0
278,2017-04-24,09:02:20,713,cs1709,XDCE,2021,2020,2030,44866,908878240,796944,797570,2119,1919,2019,2035,0,2025,0,0,0,2017-04-24,32540713,2020,746,0,0,0,0,0,0,0,0,2021,42,0,0,0,0,0,0,0,0
279,2017-04-24,09:02:21,228,cs1709,XDCE,2020,2020,2030,45264,916917920,796922,797570,2119,1919,2019,2035,0,2025,0,0,0,2017-04-24,32541228,2020,551,0,0,0,0,0,0,0,0,2021,44,0,0,0,0,0,0,0,0
280,2017-04-24,09:02:21,748,cs1709,XDCE,2020,2020,2030,45514,921968100,796968,797570,2119,1919,2019,2035,0,2025,0,0,0,2017-04-24,32541748,2020,471,0,0,0,0,0,0,0,0,2021,434,0,0,0,0,0,0,0,0
281,2017-04-24,09:02:22,263,cs1709,XDCE,2021,2020,2030,45630,924311500,796982,797570,2119,1919,2019,2035,0,2025,0,0,0,2017-04-24,32542263,2020,428,0,0,0,0,0,0,0,0,2021,432,0,0,0,0,0,0,0,0
282,2017-04-24,09:02:22,761,cs1709,XDCE,2021,2020,2030,45636,924432760,796978,797570,2119,1919,2019,2035,0,2025,0,0,0,2017-04-24,32542761,2020,429,0,0,0,0,0,0,0,0,2021,442,0,0,0,0,0,0,0,0
283,2017-04-24,09:02:23,233,cs1709,XDCE,2020,2020,2030,45662,924958020,796996,797570,2119,1919,2019,2035,0,2025,0,0,0,2017-04-24,32543233,2020,419,0,0,0,0,0,0,0,0,2021,439,0,0,0,0,0,0,0,0
284,2017-04-24,09:02:23,745,cs1709,XDCE,2020,2020,2030,45680,925321620,797004,797570,2119,1919,2019,2035,0,2025,0,0,0,2017-04-24,32543745,2020,416,0,0,0,0,0,0,0,0,2021,439,0,0,0,0,0,0,0,0
285,2017-04-24,09:02:24,239,cs1709,XDCE,2021,2020,2030,45724,926210520,797020,797570,2119,1919,2019,2035,0,2025,0,0,0,2017-04-24,32544239,2020,399,0,0,0,0,0,0,0,0,2021,440,0,0,0,0,0,0,0,0
286,2017-04-24,09:02:24,753,cs1709,XDCE,2020,2020,2030,45738,926493360,797032,797570,2119,1919,2019,2035,0,2025,0,0,0,2017-04-24,32544753,2020,397,0,0,0,0,0,0,0,0,2021,440,0,0,0,0,0,0,0,0
287,2017-04-24,09:02:25,261,cs1709,XDCE,2021,2020,2030,45744,926614580,797034,797570,2119,1919,2019,2035,0,2025,0,0,0,2017-04-24,32545261,2020,396,0,0,0,0,0,0,0,0,2021,440,0,0,0,0,0,0,0,0
288,2017-04-24,09:02:25,752,cs1709,XDCE,2019,2019,2030,46554,942976580,797004,797570,2119,1919,2019,2035,0,2025,0,0,0,2017-04-24,32545752,2019,243,0,0,0,0,0,0,0,0,2020,74,0,0,0,0,0,0,0,0
289,2017-04-24,09:02:26,262,cs1709,XDCE,2020,2019,2030,46728,946490860,797100,797570,2119,1919,2019,2035,0,2025,0,0,0,2017-04-24,32546262,2019,187,0,0,0,0,0,0,0,0,2020,40,0,0,0,0,0,0,0,0
290,2017-04-24,09:02:26,738,cs1709,XDCE,2020,2019,2030,46958,951138000,797180,797570,2119,1919,2019,2035,0,2025,0,0,0,2017-04-24,32546738,2019,196,0,0,0,0,0,0,0,0,2020,127,0,0,0,0,0,0,0,0
291,2017-04-24,09:02:27,240,cs1709,XDCE,2019,2019,2030,47026,952511480,797248,797570,2119,1919,2019,2035,0,2025,0,0,0,2017-04-24,32547240,2019,190,0,0,0,0,0,0,0,0,2020,361,0,0,0,0,0,0,0,0
292,2017-04-24,09:02:27,749,cs1709,XDCE,2020,2019,2030,47094,953884800,797308,797570,2119,1919,2019,2035,0,2025,0,0,0,2017-04-24,32547749,2019,178,0,0,0,0,0,0,0,0,2020,349,0,0,0,0,0,0,0,0
293,2017-04-24,09:02:28,258,cs1709,XDCE,2020,2019,2030,47104,954086720,797316,797570,2119,1919,2019,2035,0,2025,0,0,0,2017-04-24,32548258,2019,234,0,0,0,0,0,0,0,0,2020,348,0,0,0,0,0,0,0,0
294,2017-04-24,09:02:28,755,cs1709,XDCE,2020,2019,2030,47128,954571520,797322,797570,2119,1919,2019,2035,0,2025,0,0,0,2017-04-24,32548755,2019,236,0,0,0,0,0,0,0,0,2020,437,0,0,0,0,0,0,0,0
295,2017-04-24,09:02:29,252,cs1709,XDCE,2019,2019,2030,47136,954733040,797322,797570,2119,1919,2019,2035,0,2025,0,0,0,2017-04-24,32549252,2019,237,0,0,0,0,0,0,0,0,2020,437,0,0,0,0,0,0,0,0
296,2017-04-24,09:02:29,725,cs1709,XDCE,2020,2019,2030,47154,955096580,797334,797570,2119,1919,2019,2035,0,2025,0,0,0,2017-04-24,32549725,2019,230,0,0,0,0,0,0,0,0,2020,431,0,0,0,0,0,0,0,0
297,2017-04-24,09:02:30,243,cs1709,XDCE,2019,2019,2030,47212,956267820,797356,797570,2119,1919,2019,2035,0,2025,0,0,0,2017-04-24,32550243,2019,212,0,0,0,0,0,0,0,0,2020,920,0,0,0,0,0,0,0,0
298,2017-04-24,09:02:30,762,cs1709,XDCE,2020,2019,2030,47352,959095060,797454,797570,2119,1919,2019,2035,0,2025,0,0,0,2017-04-24,32550762,2019,178,0,0,0,0,0,0,0,0,2020,889,0,0,0,0,0,0,0,0
299,2017-04-24,09:02:31,261,cs1709,XDCE,2020,2019,2030,47562,963335200,797460,797570,2119,1919,2019,2035,0,2025,0,0,0,2017-04-24,32551261,2019,384,0,0,0,0,0,0,0,0,2020,884,0,0,0,0,0,0,0,0
300,2017-04-24,09:02:31,755,cs1709,XDCE,2019,2019,2030,47570,963496760,797462,797570,2119,1919,2019,2035,0,2025,0,0,0,2017-04-24,32551755,2019,388,0,0,0,0,0,0,0,0,2020,884,0,0,0,0,0,0,0,0
301,2017-04-24,09:02:32,251,cs1709,XDCE,2020,2019,2030,47586,963819920,797474,797570,2119,1919,2019,2035,0,2025,0,0,0,2017-04-24,32552251,2019,382,0,0,0,0,0,0,0,0,2020,882,0,0,0,0,0,0,0,0
302,2017-04-24,09:02:32,745,cs1709,XDCE,2020,2019,2030,47878,969715600,797658,797570,2119,1919,2019,2035,0,2025,0,0,0,2017-04-24,32552745,2019,253,0,0,0,0,0,0,0,0,2020,874,0,0,0,0,0,0,0,0
303,2017-04-24,09:02:33,258,cs1709,XDCE,2019,2019,2030,47908,970321320,797682,797570,2119,1919,2019,2035,0,2025,0,0,0,2017-04-24,32553258,2019,339,0,0,0,0,0,0,0,0,2020,873,0,0,0,0,0,0,0,0
304,2017-04-24,09:02:33,739,cs1709,XDCE,2019,2019,2030,47946,971088620,797696,797570,2119,1919,2019,2035,0,2025,0,0,0,2017-04-24,32553739,2019,373,0,0,0,0,0,0,0,0,2020,879,0,0,0,0,0,0,0,0
305,2017-04-24,09:02:34,256,cs1709,XDCE,2020,2019,2030,47954,971250160,797700,797570,2119,1919,2019,2035,0,2025,0,0,0,2017-04-24,32554256,2019,382,0,0,0,0,0,0,0,0,2020,878,0,0,0,0,0,0,0,0
306,2017-04-24,09:02:34,748,cs1709,XDCE,2020,2019,2030,47972,971613740,797686,797570,2119,1919,2019,2035,0,2025,0,0,0,2017-04-24,32554748,2019,413,0,0,0,0,0,0,0,0,2020,902,0,0,0,0,0,0,0,0
307,2017-04-24,09:02:35,197,cs1709,XDCE,2020,2019,2030,48140,975006940,797726,797570,2119,1919,2019,2035,0,2025,0,0,0,2017-04-24,32555197,2019,333,0,0,0,0,0,0,0,0,2020,845,0,0,0,0,0,0,0,0
308,2017-04-24,09:02:35,758,cs1709,XDCE,2020,2019,2030,48164,975491580,797718,797570,2119,1919,2019,2035,0,2025,0,0,0,2017-04-24,32555758,2019,358,0,0,0,0,0,0,0,0,2020,842,0,0,0,0,0,0,0,0
309,2017-04-24,09:02:36,231,cs1709,XDCE,2019,2019,2030,48216,976541940,797708,797570,2119,1919,2019,2035,0,2025,0,0,0,2017-04-24,32556231,2019,398,0,0,0,0,0,0,0,0,2020,818,0,0,0,0,0,0,0,0
310,2017-04-24,09:02:36,734,cs1709,XDCE,2019,2019,2030,48322,978683100,797608,797570,2119,1919,2019,2035,0,2025,0,0,0,2017-04-24,32556734,2019,409,0,0,0,0,0,0,0,0,2020,799,0,0,0,0,0,0,0,0
311,2017-04-24,09:02:37,212,cs1709,XDCE,2020,2019,2030,48334,978925480,797600,797570,2119,1919,2019,2035,0,2025,0,0,0,2017-04-24,32557212,2019,432,0,0,0,0,0,0,0,0,2020,789,0,0,0,0,0,0,0,0
312,2017-04-24,09:02:37,692,cs1709,XDCE,2020,2019,2030,48374,979733140,797616,797570,2119,1919,2019,2035,0,2025,0,0,0,2017-04-24,32557692,2019,424,0,0,0,0,0,0,0,0,2020,866,0,0,0,0,0,0,0,0
313,2017-04-24,09:02:38,232,cs1709,XDCE,2020,2019,2030,49106,994519480,798050,797570,2119,1919,2019,2035,0,2025,0,0,0,2017-04-24,32558232,2019,443,0,0,0,0,0,0,0,0,2020,503,0,0,0,0,0,0,0,0
314,2017-04-24,09:02:38,744,cs1709,XDCE,2020,2019,2030,50110,1014800280,797842,797570,2119,1919,2019,2035,0,2025,0,0,0,2017-04-24,32558744,2019,457,0,0,0,0,0,0,0,0,2021,392,0,0,0,0,0,0,0,0
315,2017-04-24,09:02:39,263,cs1709,XDCE,2020,2019,2030,50112,1014840680,797840,797570,2119,1919,2019,2035,0,2025,0,0,0,2017-04-24,32559263,2020,59,0,0,0,0,0,0,0,0,2021,372,0,0,0,0,0,0,0,0
316,2017-04-24,09:02:39,761,cs1709,XDCE,2020,2019,2030,50122,1015042680,797830,797570,2119,1919,2019,2035,0,2025,0,0,0,2017-04-24,32559761,2020,166,0,0,0,0,0,0,0,0,2021,372,0,0,0,0,0,0,0,0
317,2017-04-24,09:02:40,219,cs1709,XDCE,2021,2019,2030,50132,1015244700,797828,797570,2119,1919,2019,2035,0,2025,0,0,0,2017-04-24,32560219,2020,198,0,0,0,0,0,0,0,0,2021,371,0,0,0,0,0,0,0,0
318,2017-04-24,09:02:40,744,cs1709,XDCE,2021,2019,2030,50256,1017750600,797818,797570,2119,1919,2019,2035,0,2025,0,0,0,2017-04-24,32560744,2020,193,0,0,0,0,0,0,0,0,2021,317,0,0,0,0,0,0,0,0
319,2017-04-24,09:02:41,209,cs1709,XDCE,2020,2019,2030,50642,1025550920,797448,797570,2119,1919,2019,2035,0,2025,0,0,0,2017-04-24,32561209,2020,172,0,0,0,0,0,0,0,0,2021,124,0,0,0,0,0,0,0,0
320,2017-04-24,09:02:41,760,cs1709,XDCE,2021,2019,2030,50914,1031047820,797344,797570,2119,1919,2019,2035,0,2025,0,0,0,2017-04-24,32561760,2021,84,0,0,0,0,0,0,0,0,2022,197,0,0,0,0,0,0,0,0
321,2017-04-24,09:02:42,262,cs1709,XDCE,2021,2019,2030,50926,1031290360,797344,797570,2119,1919,2019,2035,0,2025,0,0,0,2017-04-24,32562262,2021,136,0,0,0,0,0,0,0,0,2022,189,0,0,0,0,0,0,0,0
322,2017-04-24,09:02:42,760,cs1709,XDCE,2021,2019,2030,50936,1031492460,797344,797570,2119,1919,2019,2035,0,2025,0,0,0,2017-04-24,32562760,2021,141,0,0,0,0,0,0,0,0,2022,189,0,0,0,0,0,0,0,0
323,2017-04-24,09:02:43,259,cs1709,XDCE,2022,2019,2030,50940,1031573340,797344,797570,2119,1919,2019,2035,0,2025,0,0,0,2017-04-24,32563259,2021,144,0,0,0,0,0,0,0,0,2022,187,0,0,0,0,0,0,0,0
324,2017-04-24,09:02:44,231,cs1709,XDCE,2022,2019,2030,51070,1034201940,797454,797570,2119,1919,2019,2035,0,2025,0,0,0,2017-04-24,32564231,2021,144,0,0,0,0,0,0,0,0,2022,122,0,0,0,0,0,0,0,0
325,2017-04-24,09:02:44,727,cs1709,XDCE,2022,2019,2030,51072,1034242380,797454,797570,2119,1919,2019,2035,0,2025,0,0,0,2017-04-24,32564727,2021,149,0,0,0,0,0,0,0,0,2022,201,0,0,0,0,0,0,0,0
326,2017-04-24,09:02:45,177,cs1709,XDCE,2022,2019,2030,51072,1034242380,797454,797570,2119,1919,2019,2035,0,2025,0,0,0,2017-04-24,32565177,2021,155,0,0,0,0,0,0,0,0,2022,201,0,0,0,0,0,0,0,0
327,2017-04-24,09:02:45,678,cs1709,XDCE,2021,2019,2030,51096,1034727480,797462,797570,2119,1919,2019,2035,0,2025,0,0,0,2017-04-24,32565678,2021,147,0,0,0,0,0,0,0,0,2022,198,0,0,0,0,0,0,0,0
328,2017-04-24,09:02:46,249,cs1709,XDCE,2022,2019,2030,51124,1035293580,797488,797570,2119,1919,2019,2035,0,2025,0,0,0,2017-04-24,32566249,2021,144,0,0,0,0,0,0,0,0,2022,189,0,0,0,0,0,0,0,0
329,2017-04-24,09:02:46,761,cs1709,XDCE,2021,2019,2030,51136,1035536120,797498,797570,2119,1919,2019,2035,0,2025,0,0,0,2017-04-24,32566761,2021,150,0,0,0,0,0,0,0,0,2022,188,0,0,0,0,0,0,0,0
330,2017-04-24,09:02:47,261,cs1709,XDCE,2021,2019,2030,51148,1035778740,797510,797570,2119,1919,2019,2035,0,2025,0,0,0,2017-04-24,32567261,2021,149,0,0,0,0,0,0,0,0,2022,186,0,0,0,0,0,0,0,0
331,2017-04-24,09:02:47,733,cs1709,XDCE,2022,2019,2030,51152,1035859620,797510,797570,2119,1919,2019,2035,0,2025,0,0,0,2017-04-24,32567733,2021,156,0,0,0,0,0,0,0,0,2022,186,0,0,0,0,0,0,0,0
332,2017-04-24,09:02:48,263,cs1709,XDCE,2021,2019,2030,51176,1036344660,797532,797570,2119,1919,2019,2035,0,2025,0,0,0,2017-04-24,32568263,2021,143,0,0,0,0,0,0,0,0,2022,186,0,0,0,0,0,0,0,0
333,2017-04-24,09:02:48,685,cs1709,XDCE,2022,2019,2030,51230,1037436520,797582,797570,2119,1919,2019,2035,0,2025,0,0,0,2017-04-24,32568685,2021,142,0,0,0,0,0,0,0,0,2022,161,0,0,0,0,0,0,0,0
334,2017-04-24,09:02:49,244,cs1709,XDCE,2021,2019,2030,51582,1044553880,797548,797570,2119,1919,2019,2035,0,2025,0,0,0,2017-04-24,32569244,2021,158,0,0,0,0,0,0,0,0,2022,1,0,0,0,0,0,0,0,0
335,2017-04-24,09:02:49,753,cs1709,XDCE,2022,2019,2030,51592,1044756080,797548,797570,2119,1919,2019,2035,0,2025,0,0,0,2017-04-24,32569753,2022,258,0,0,0,0,0,0,0,0,2023,86,0,0,0,0,0,0,0,0
336,2017-04-24,09:02:50,240,cs1709,XDCE,2022,2019,2030,51642,1045767080,797498,797570,2119,1919,2019,2035,0,2025,0,0,0,2017-04-24,32570240,2022,234,0,0,0,0,0,0,0,0,2023,76,0,0,0,0,0,0,0,0
337,2017-04-24,09:02:50,755,cs1709,XDCE,2023,2019,2030,51912,1051229060,797608,797570,2119,1919,2019,2035,0,2025,0,0,0,2017-04-24,32570755,2023,8,0,0,0,0,0,0,0,0,2024,340,0,0,0,0,0,0,0,0
338,2017-04-24,09:02:51,214,cs1709,XDCE,2023,2019,2030,51928,1051552740,797608,797570,2119,1919,2019,2035,0,2025,0,0,0,2017-04-24,32571214,2022,244,0,0,0,0,0,0,0,0,2023,50,0,0,0,0,0,0,0,0
339,2017-04-24,09:02:51,752,cs1709,XDCE,2022,2019,2030,52034,1053696100,797606,797570,2119,1919,2019,2035,0,2025,0,0,0,2017-04-24,32571752,2022,207,0,0,0,0,0,0,0,0,2023,71,0,0,0,0,0,0,0,0
340,2017-04-24,09:02:52,241,cs1709,XDCE,2023,2019,2030,52042,1053857900,797602,797570,2119,1919,2019,2035,0,2025,0,0,0,2017-04-24,32572241,2022,206,0,0,0,0,0,0,0,0,2023,69,0,0,0,0,0,0,0,0
341,2017-04-24,09:02:52,748,cs1709,XDCE,2023,2019,2030,52044,1053898360,797602,797570,2119,1919,2019,2035,0,2025,0,0,0,2017-04-24,32572748,2022,258,0,0,0,0,0,0,0,0,2023,55,0,0,0,0,0,0,0,0
342,2017-04-24,09:02:53,249,cs1709,XDCE,2023,2019,2030,52044,1053898360,797602,797570,2119,1919,2019,2035,0,2025,0,0,0,2017-04-24,32573249,2022,258,0,0,0,0,0,0,0,0,2023,54,0,0,0,0,0,0,0,0
343,2017-04-24,09:02:53,758,cs1709,XDCE,2023,2019,2030,52058,1054181460,797602,797570,2119,1919,2019,2035,0,2025,0,0,0,2017-04-24,32573758,2022,252,0,0,0,0,0,0,0,0,2023,54,0,0,0,0,0,0,0,0
344,2017-04-24,09:02:54,252,cs1709,XDCE,2023,2019,2030,52064,1054302840,797600,797570,2119,1919,2019,2035,0,2025,0,0,0,2017-04-24,32574252,2022,220,0,0,0,0,0,0,0,0,2023,68,0,0,0,0,0,0,0,0
345,2017-04-24,09:02:54,741,cs1709,XDCE,2022,2019,2030,52068,1054383720,797600,797570,2119,1919,2019,2035,0,2025,0,0,0,2017-04-24,32574741,2022,218,0,0,0,0,0,0,0,0,2023,78,0,0,0,0,0,0,0,0
346,2017-04-24,09:02:55,243,cs1709,XDCE,2022,2019,2030,52080,1054626440,797592,797570,2119,1919,2019,2035,0,2025,0,0,0,2017-04-24,32575243,2022,227,0,0,0,0,0,0,0,0,2023,115,0,0,0,0,0,0,0,0
347,2017-04-24,09:02:55,733,cs1709,XDCE,2023,2019,2030,52124,1055516480,797560,797570,2119,1919,2019,2035,0,2025,0,0,0,2017-04-24,32575733,2022,224,0,0,0,0,0,0,0,0,2023,84,0,0,0,0,0,0,0,0
348,2017-04-24,09:02:56,161,cs1709,XDCE,2023,2019,2030,52136,1055759240,797554,797570,2119,1919,2019,2035,0,2025,0,0,0,2017-04-24,32576161,2022,277,0,0,0,0,0,0,0,0,2023,72,0,0,0,0,0,0,0,0
349,2017-04-24,09:02:56,747,cs1709,XDCE,2023,2019,2030,52256,1058186840,797634,797570,2119,1919,2019,2035,0,2025,0,0,0,2017-04-24,32576747,2023,163,0,0,0,0,0,0,0,0,2024,200,0,0,0,0,0,0,0,0
350,2017-04-24,09:02:57,260,cs1709,XDCE,2023,2019,2030,52286,1058793740,797656,797570,2119,1919,2019,2035,0,2025,0,0,0,2017-04-24,32577260,2023,166,0,0,0,0,0,0,0,0,2024,200,0,0,0,0,0,0,0,0
351,2017-04-24,09:02:57,741,cs1709,XDCE,2023,2019,2030,52316,1059400640,797654,797570,2119,1919,2019,2035,0,2025,0,0,0,2017-04-24,32577741,2023,159,0,0,0,0,0,0,0,0,2024,252,0,0,0,0,0,0,0,0
352,2017-04-24,09:02:58,258,cs1709,XDCE,2023,2019,2030,52338,1059845700,797652,797570,2119,1919,2019,2035,0,2025,0,0,0,2017-04-24,32578258,2023,152,0,0,0,0,0,0,0,0,2024,252,0,0,0,0,0,0,0,0
353,2017-04-24,09:02:58,544,cs1709,XDCE,2024,2019,2030,52340,1059886180,797654,797570,2119,1919,2019,2035,0,2025,0,0,0,2017-04-24,32578544,2023,154,0,0,0,0,0,0,0,0,2024,252,0,0,0,0,0,0,0,0
354,2017-04-24,09:02:59,225,cs1709,XDCE,2024,2019,2030,52344,1059967120,797652,797570,2119,1919,2019,2035,0,2025,0,0,0,2017-04-24,32579225,2023,162,0,0,0,0,0,0,0,0,2024,251,0,0,0,0,0,0,0,0
355,2017-04-24,09:02:59,755,cs1709,XDCE,2024,2019,2030,52346,1060007600,797654,797570,2119,1919,2019,2035,0,2025,0,0,0,2017-04-24,32579755,2023,174,0,0,0,0,0,0,0,0,2024,250,0,0,0,0,0,0,0,0
356,2017-04-24,09:03:00,259,cs1709,XDCE,2024,2019,2030,52356,1060210000,797652,797570,2119,1919,2019,2035,0,2025,0,0,0,2017-04-24,32580259,2023,182,0,0,0,0,0,0,0,0,2024,295,0,0,0,0,0,0,0,0
357,2017-04-24,09:03:00,736,cs1709,XDCE,2024,2019,2030,52376,1060614800,797658,797570,2119,1919,2019,2035,0,2025,0,0,0,2017-04-24,32580736,2023,189,0,0,0,0,0,0,0,0,2024,287,0,0,0,0,0,0,0,0
358,2017-04-24,09:03:01,224,cs1709,XDCE,2023,2019,2030,52406,1061221700,797648,797570,2119,1919,2019,2035,0,2025,0,0,0,2017-04-24,32581224,2023,201,0,0,0,0,0,0,0,0,2024,288,0,0,0,0,0,0,0,0
359,2017-04-24,09:03:01,755,cs1709,XDCE,2024,2019,2030,52408,1061262180,797648,797570,2119,1919,2019,2035,0,2025,0,0,0,2017-04-24,32581755,2023,212,0,0,0,0,0,0,0,0,2024,288,0,0,0,0,0,0,0,0
360,2017-04-24,09:03:02,253,cs1709,XDCE,2023,2019,2030,52432,1061747840,797662,797570,2119,1919,2019,2035,0,2025,0,0,0,2017-04-24,32582253,2023,295,0,0,0,0,0,0,0,0,2024,281,0,0,0,0,0,0,0,0
361,2017-04-24,09:03:02,739,cs1709,XDCE,2024,2019,2030,52454,1062193120,797680,797570,2119,1919,2019,2035,0,2025,0,0,0,2017-04-24,32582739,2023,296,0,0,0,0,0,0,0,0,2024,351,0,0,0,0,0,0,0,0
362,2017-04-24,09:03:03,70,cs1709,XDCE,2024,2019,2030,52456,1062233600,797682,797570,2119,1919,2019,2035,0,2025,0,0,0,2017-04-24,32583070,2023,297,0,0,0,0,0,0,0,0,2024,351,0,0,0,0,0,0,0,0
363,2017-04-24,09:03:03,690,cs1709,XDCE,2023,2019,2030,52460,1062314520,797682,797570,2119,1919,2019,2035,0,2025,0,0,0,2017-04-24,32583690,2023,297,0,0,0,0,0,0,0,0,2024,451,0,0,0,0,0,0,0,0
364,2017-04-24,09:03:04,183,cs1709,XDCE,2023,2019,2030,52464,1062395460,797682,797570,2119,1919,2019,2035,0,2025,0,0,0,2017-04-24,32584183,2023,293,0,0,0,0,0,0,0,0,2024,548,0,0,0,0,0,0,0,0
365,2017-04-24,09:03:04,743,cs1709,XDCE,2023,2019,2030,52464,1062395460,797682,797570,2119,1919,2019,2035,0,2025,0,0,0,2017-04-24,32584743,2023,288,0,0,0,0,0,0,0,0,2024,584,0,0,0,0,0,0,0,0
366,2017-04-24,09:03:05,253,cs1709,XDCE,2024,2019,2030,52498,1063083620,797716,797570,2119,1919,2019,2035,0,2025,0,0,0,2017-04-24,32585253,2023,291,0,0,0,0,0,0,0,0,2024,433,0,0,0,0,0,0,0,0
367,2017-04-24,09:03:05,701,cs1709,XDCE,2022,2019,2030,53498,1083314480,797998,797570,2119,1919,2019,2035,0,2025,0,0,0,2017-04-24,32585701,2022,300,0,0,0,0,0,0,0,0,2023,66,0,0,0,0,0,0,0,0
368,2017-04-24,09:03:06,260,cs1709,XDCE,2024,2019,2030,53728,1087967640,798028,797570,2119,1919,2019,2035,0,2025,0,0,0,2017-04-24,32586260,2023,42,0,0,0,0,0,0,0,0,2024,220,0,0,0,0,0,0,0,0
369,2017-04-24,09:03:06,760,cs1709,XDCE,2024,2019,2030,53760,1088615300,798032,797570,2119,1919,2019,2035,0,2025,0,0,0,2017-04-24,32586760,2023,43,0,0,0,0,0,0,0,0,2024,210,0,0,0,0,0,0,0,0
370,2017-04-24,09:03:07,259,cs1709,XDCE,2023,2019,2030,53792,1089262660,798032,797570,2119,1919,2019,2035,0,2025,0,0,0,2017-04-24,32587259,2023,28,0,0,0,0,0,0,0,0,2024,225,0,0,0,0,0,0,0,0
371,2017-04-24,09:03:07,693,cs1709,XDCE,2023,2019,2030,53968,1092822140,797990,797570,2119,1919,2019,2035,0,2025,0,0,0,2017-04-24,32587693,2021,346,0,0,0,0,0,0,0,0,2023,89,0,0,0,0,0,0,0,0
372,2017-04-24,09:03:08,248,cs1709,XDCE,2023,2019,2030,53980,1093064860,797990,797570,2119,1919,2019,2035,0,2025,0,0,0,2017-04-24,32588248,2021,322,0,0,0,0,0,0,0,0,2023,145,0,0,0,0,0,0,0,0
373,2017-04-24,09:03:08,742,cs1709,XDCE,2022,2019,2030,54032,1094116700,797980,797570,2119,1919,2019,2035,0,2025,0,0,0,2017-04-24,32588742,2022,3,0,0,0,0,0,0,0,0,2023,141,0,0,0,0,0,0,0,0
374,2017-04-24,09:03:09,244,cs1709,XDCE,2022,2019,2030,54068,1094844620,797952,797570,2119,1919,2019,2035,0,2025,0,0,0,2017-04-24,32589244,2021,157,0,0,0,0,0,0,0,0,2023,157,0,0,0,0,0,0,0,0
375,2017-04-24,09:03:09,739,cs1709,XDCE,2023,2019,2030,54078,1095046880,797952,797570,2119,1919,2019,2035,0,2025,0,0,0,2017-04-24,32589739,2021,157,0,0,0,0,0,0,0,0,2023,154,0,0,0,0,0,0,0,0
376,2017-04-24,09:03:10,207,cs1709,XDCE,2023,2019,2030,54098,1095451480,797934,797570,2119,1919,2019,2035,0,2025,0,0,0,2017-04-24,32590207,2021,162,0,0,0,0,0,0,0,0,2023,145,0,0,0,0,0,0,0,0
377,2017-04-24,09:03:10,710,cs1709,XDCE,2023,2019,2030,54112,1095734700,797920,797570,2119,1919,2019,2035,0,2025,0,0,0,2017-04-24,32590710,2021,162,0,0,0,0,0,0,0,0,2023,128,0,0,0,0,0,0,0,0
378,2017-04-24,09:03:11,160,cs1709,XDCE,2023,2019,2030,54112,1095734700,797920,797570,2119,1919,2019,2035,0,2025,0,0,0,2017-04-24,32591160,2022,15,0,0,0,0,0,0,0,0,2023,129,0,0,0,0,0,0,0,0
379,2017-04-24,09:03:11,710,cs1709,XDCE,2023,2019,2030,54118,1095856080,797920,797570,2119,1919,2019,2035,0,2025,0,0,0,2017-04-24,32591710,2022,17,0,0,0,0,0,0,0,0,2023,136,0,0,0,0,0,0,0,0
380,2017-04-24,09:03:12,217,cs1709,XDCE,2022,2019,2030,54142,1096341360,797940,797570,2119,1919,2019,2035,0,2025,0,0,0,2017-04-24,32592217,2022,5,0,0,0,0,0,0,0,0,2023,137,0,0,0,0,0,0,0,0
381,2017-04-24,09:03:12,730,cs1709,XDCE,2022,2019,2030,54168,1096867080,797942,797570,2119,1919,2019,2035,0,2025,0,0,0,2017-04-24,32592730,2021,200,0,0,0,0,0,0,0,0,2022,18,0,0,0,0,0,0,0,0
382,2017-04-24,09:03:13,246,cs1709,XDCE,2022,2019,2030,54172,1096947960,797946,797570,2119,1919,2019,2035,0,2025,0,0,0,2017-04-24,32593246,2021,194,0,0,0,0,0,0,0,0,2022,33,0,0,0,0,0,0,0,0
383,2017-04-24,09:03:13,699,cs1709,XDCE,2022,2019,2030,54204,1097594880,797958,797570,2119,1919,2019,2035,0,2025,0,0,0,2017-04-24,32593699,2021,182,0,0,0,0,0,0,0,0,2022,34,0,0,0,0,0,0,0,0
384,2017-04-24,09:03:14,235,cs1709,XDCE,2021,2019,2030,54224,1097999080,797948,797570,2119,1919,2019,2035,0,2025,0,0,0,2017-04-24,32594235,2021,172,0,0,0,0,0,0,0,0,2022,35,0,0,0,0,0,0,0,0
385,2017-04-24,09:03:14,747,cs1709,XDCE,2022,2019,2030,54234,1098201280,797952,797570,2119,1919,2019,2035,0,2025,0,0,0,2017-04-24,32594747,2021,174,0,0,0,0,0,0,0,0,2022,82,0,0,0,0,0,0,0,0
386,2017-04-24,09:03:15,216,cs1709,XDCE,2022,2019,2030,54242,1098363040,797948,797570,2119,1919,2019,2035,0,2025,0,0,0,2017-04-24,32595216,2021,175,0,0,0,0,0,0,0,0,2022,80,0,0,0,0,0,0,0,0
387,2017-04-24,09:03:15,755,cs1709,XDCE,2021,2019,2030,54344,1100424460,797992,797570,2119,1919,2019,2035,0,2025,0,0,0,2017-04-24,32595755,2021,126,0,0,0,0,0,0,0,0,2022,83,0,0,0,0,0,0,0,0
388,2017-04-24,09:03:16,184,cs1709,XDCE,2021,2019,2030,54594,1105476980,798008,797570,2119,1919,2019,2035,0,2025,0,0,0,2017-04-24,32596184,2020,924,0,0,0,0,0,0,0,0,2021,98,0,0,0,0,0,0,0,0
389,2017-04-24,09:03:16,727,cs1709,XDCE,2021,2019,2030,54620,1106002440,798006,797570,2119,1919,2019,2035,0,2025,0,0,0,2017-04-24,32596727,2020,920,0,0,0,0,0,0,0,0,2021,87,0,0,0,0,0,0,0,0
390,2017-04-24,09:03:17,234,cs1709,XDCE,2021,2019,2030,54620,1106002440,798006,797570,2119,1919,2019,2035,0,2025,0,0,0,2017-04-24,32597234,2020,910,0,0,0,0,0,0,0,0,2021,97,0,0,0,0,0,0,0,0
391,2017-04-24,09:03:17,747,cs1709,XDCE,2020,2019,2030,54628,1106164060,798004,797570,2119,1919,2019,2035,0,2025,0,0,0,2017-04-24,32597747,2020,907,0,0,0,0,0,0,0,0,2021,96,0,0,0,0,0,0,0,0
392,2017-04-24,09:03:18,247,cs1709,XDCE,2021,2019,2030,54642,1106446980,798002,797570,2119,1919,2019,2035,0,2025,0,0,0,2017-04-24,32598247,2020,908,0,0,0,0,0,0,0,0,2021,91,0,0,0,0,0,0,0,0
393,2017-04-24,09:03:18,706,cs1709,XDCE,2021,2019,2030,54646,1106527800,798000,797570,2119,1919,2019,2035,0,2025,0,0,0,2017-04-24,32598706,2020,907,0,0,0,0,0,0,0,0,2021,91,0,0,0,0,0,0,0,0
394,2017-04-24,09:03:19,226,cs1709,XDCE,2020,2019,2030,54658,1106770300,797990,797570,2119,1919,2019,2035,0,2025,0,0,0,2017-04-24,32599226,2020,925,0,0,0,0,0,0,0,0,2021,86,0,0,0,0,0,0,0,0
395,2017-04-24,09:03:19,703,cs1709,XDCE,2020,2019,2030,54668,1106972380,797988,797570,2119,1919,2019,2035,0,2025,0,0,0,2017-04-24,32599703,2020,923,0,0,0,0,0,0,0,0,2021,163,0,0,0,0,0,0,0,0
396,2017-04-24,09:03:20,177,cs1709,XDCE,2021,2019,2030,54680,1107214860,797988,797570,2119,1919,2019,2035,0,2025,0,0,0,2017-04-24,32600177,2020,922,0,0,0,0,0,0,0,0,2021,159,0,0,0,0,0,0,0,0
397,2017-04-24,09:03:20,686,cs1709,XDCE,2021,2019,2030,54704,1107699900,798006,797570,2119,1919,2019,2035,0,2025,0,0,0,2017-04-24,32600686,2020,922,0,0,0,0,0,0,0,0,2021,147,0,0,0,0,0,0,0,0
398,2017-04-24,09:03:21,247,cs1709,XDCE,2021,2019,2030,54724,1108104000,798008,797570,2119,1919,2019,2035,0,2025,0,0,0,2017-04-24,32601247,2020,918,0,0,0,0,0,0,0,0,2021,142,0,0,0,0,0,0,0,0
399,2017-04-24,09:03:21,748,cs1709,XDCE,2021,2019,2030,54736,1108346520,798020,797570,2119,1919,2019,2035,0,2025,0,0,0,2017-04-24,32601748,2020,918,0,0,0,0,0,0,0,0,2021,136,0,0,0,0,0,0,0,0
400,2017-04-24,09:03:22,239,cs1709,XDCE,2020,2019,2030,54790,1109437520,797996,797570,2119,1919,2019,2035,0,2025,0,0,0,2017-04-24,32602239,2020,902,0,0,0,0,0,0,0,0,2021,126,0,0,0,0,0,0,0,0
401,2017-04-24,09:03:22,754,cs1709,XDCE,2021,2019,2030,55044,1114570840,797808,797570,2119,1919,2019,2035,0,2025,0,0,0,2017-04-24,32602754,2021,276,0,0,0,0,0,0,0,0,2022,99,0,0,0,0,0,0,0,0
402,2017-04-24,09:03:23,188,cs1709,XDCE,2021,2019,2030,55052,1114732520,797802,797570,2119,1919,2019,2035,0,2025,0,0,0,2017-04-24,32603188,2021,298,0,0,0,0,0,0,0,0,2022,78,0,0,0,0,0,0,0,0
403,2017-04-24,09:03:23,737,cs1709,XDCE,2021,2019,2030,55052,1114732520,797802,797570,2119,1919,2019,2035,0,2025,0,0,0,2017-04-24,32603737,2021,299,0,0,0,0,0,0,0,0,2022,88,0,0,0,0,0,0,0,0
404,2017-04-24,09:03:24,251,cs1709,XDCE,2021,2019,2030,55084,1115379240,797772,797570,2119,1919,2019,2035,0,2025,0,0,0,2017-04-24,32604251,2021,283,0,0,0,0,0,0,0,0,2022,101,0,0,0,0,0,0,0,0
405,2017-04-24,09:03:24,760,cs1709,XDCE,2022,2019,2030,55114,1115985840,797772,797570,2119,1919,2019,2035,0,2025,0,0,0,2017-04-24,32604760,2021,287,0,0,0,0,0,0,0,0,2022,93,0,0,0,0,0,0,0,0
406,2017-04-24,09:03:25,201,cs1709,XDCE,2021,2019,2030,55122,1116147520,797764,797570,2119,1919,2019,2035,0,2025,0,0,0,2017-04-24,32605201,2021,284,0,0,0,0,0,0,0,0,2022,95,0,0,0,0,0,0,0,0
407,2017-04-24,09:03:25,736,cs1709,XDCE,2022,2019,2030,55138,1116471000,797750,797570,2119,1919,2019,2035,0,2025,0,0,0,2017-04-24,32605736,2021,282,0,0,0,0,0,0,0,0,2022,89,0,0,0,0,0,0,0,0
408,2017-04-24,09:03:26,251,cs1709,XDCE,2021,2019,2030,55140,1116511420,797750,797570,2119,1919,2019,2035,0,2025,0,0,0,2017-04-24,32606251,2021,381,0,0,0,0,0,0,0,0,2022,90,0,0,0,0,0,0,0,0
409,2017-04-24,09:03:26,749,cs1709,XDCE,2022,2019,2030,55144,1116592280,797748,797570,2119,1919,2019,2035,0,2025,0,0,0,2017-04-24,32606749,2021,380,0,0,0,0,0,0,0,0,2022,89,0,0,0,0,0,0,0,0
410,2017-04-24,09:03:27,197,cs1709,XDCE,2022,2019,2030,55148,1116673160,797748,797570,2119,1919,2019,2035,0,2025,0,0,0,2017-04-24,32607197,2021,392,0,0,0,0,0,0,0,0,2022,88,0,0,0,0,0,0,0,0
411,2017-04-24,09:03:27,752,cs1709,XDCE,2022,2019,2030,55162,1116956240,797748,797570,2119,1919,2019,2035,0,2025,0,0,0,2017-04-24,32607752,2021,402,0,0,0,0,0,0,0,0,2022,73,0,0,0,0,0,0,0,0
412,2017-04-24,09:03:28,230,cs1709,XDCE,2022,2019,2030,55216,1118048120,797748,797570,2119,1919,2019,2035,0,2025,0,0,0,2017-04-24,32608230,2021,416,0,0,0,0,0,0,0,0,2022,81,0,0,0,0,0,0,0,0
413,2017-04-24,09:03:28,692,cs1709,XDCE,2022,2019,2030,55230,1118331200,797748,797570,2119,1919,2019,2035,0,2025,0,0,0,2017-04-24,32608692,2021,420,0,0,0,0,0,0,0,0,2022,145,0,0,0,0,0,0,0,0
414,2017-04-24,09:03:29,84,cs1709,XDCE,2022,2019,2030,55234,1118412080,797748,797570,2119,1919,2019,2035,0,2025,0,0,0,2017-04-24,32609084,2021,452,0,0,0,0,0,0,0,0,2022,143,0,0,0,0,0,0,0,0
415,2017-04-24,09:03:29,760,cs1709,XDCE,2021,2019,2030,55238,1118492920,797748,797570,2119,1919,2019,2035,0,2025,0,0,0,2017-04-24,32609760,2021,453,0,0,0,0,0,0,0,0,2022,143,0,0,0,0,0,0,0,0
416,2017-04-24,09:03:30,104,cs1709,XDCE,2021,2019,2030,55268,1119099480,797724,797570,2119,1919,2019,2035,0,2025,0,0,0,2017-04-24,32610104,2021,453,0,0,0,0,0,0,0,0,2022,131,0,0,0,0,0,0,0,0
417,2017-04-24,09:03:30,703,cs1709,XDCE,2021,2019,2030,55390,1121565100,797722,797570,2119,1919,2019,2035,0,2025,0,0,0,2017-04-24,32610703,2021,392,0,0,0,0,0,0,0,0,2022,127,0,0,0,0,0,0,0,0
418,2017-04-24,09:03:31,255,cs1709,XDCE,2022,2019,2030,55392,1121605540,797722,797570,2119,1919,2019,2035,0,2025,0,0,0,2017-04-24,32611255,2021,392,0,0,0,0,0,0,0,0,2022,127,0,0,0,0,0,0,0,0
419,2017-04-24,09:03:31,560,cs1709,XDCE,2022,2019,2030,55392,1121605540,797722,797570,2119,1919,2019,2035,0,2025,0,0,0,2017-04-24,32611560,2021,402,0,0,0,0,0,0,0,0,2022,127,0,0,0,0,0,0,0,0
420,2017-04-24,09:03:32,261,cs1709,XDCE,2021,2019,2030,55414,1122050360,797742,797570,2119,1919,2019,2035,0,2025,0,0,0,2017-04-24,32612261,2021,403,0,0,0,0,0,0,0,0,2022,117,0,0,0,0,0,0,0,0
421,2017-04-24,09:03:32,738,cs1709,XDCE,2022,2019,2030,55430,1122373820,797746,797570,2119,1919,2019,2035,0,2025,0,0,0,2017-04-24,32612738,2021,400,0,0,0,0,0,0,0,0,2022,112,0,0,0,0,0,0,0,0
422,2017-04-24,09:03:33,222,cs1709,XDCE,2021,2019,2030,55482,1123424820,797704,797570,2119,1919,2019,2035,0,2025,0,0,0,2017-04-24,32613222,2021,378,0,0,0,0,0,0,0,0,2022,108,0,0,0,0,0,0,0,0
423,2017-04-24,09:03:33,714,cs1709,XDCE,2022,2019,2030,55488,1123546140,797708,797570,2119,1919,2019,2035,0,2025,0,0,0,2017-04-24,32613714,2021,381,0,0,0,0,0,0,0,0,2022,105,0,0,0,0,0,0,0,0
424,2017-04-24,09:03:34,227,cs1709,XDCE,2022,2019,2030,55488,1123546140,797708,797570,2119,1919,2019,2035,0,2025,0,0,0,2017-04-24,32614227,2021,386,0,0,0,0,0,0,0,0,2022,106,0,0,0,0,0,0,0,0
425,2017-04-24,09:03:35,258,cs1709,XDCE,2021,2019,2030,55534,1124476120,797728,797570,2119,1919,2019,2035,0,2025,0,0,0,2017-04-24,32615258,2021,379,0,0,0,0,0,0,0,0,2022,90,0,0,0,0,0,0,0,0
426,2017-04-24,09:03:35,762,cs1709,XDCE,2021,2019,2030,55554,1124880320,797708,797570,2119,1919,2019,2035,0,2025,0,0,0,2017-04-24,32615762,2021,372,0,0,0,0,0,0,0,0,2022,91,0,0,0,0,0,0,0,0
427,2017-04-24,09:03:36,261,cs1709,XDCE,2021,2019,2030,55628,1126376500,797728,797570,2119,1919,2019,2035,0,2025,0,0,0,2017-04-24,32616261,2021,367,0,0,0,0,0,0,0,0,2022,59,0,0,0,0,0,0,0,0
428,2017-04-24,09:03:36,744,cs1709,XDCE,2021,2019,2030,55644,1126699880,797718,797570,2119,1919,2019,2035,0,2025,0,0,0,2017-04-24,32616744,2021,360,0,0,0,0,0,0,0,0,2022,58,0,0,0,0,0,0,0,0
429,2017-04-24,09:03:37,239,cs1709,XDCE,2021,2019,2030,55646,1126740300,797716,797570,2119,1919,2019,2035,0,2025,0,0,0,2017-04-24,32617239,2021,359,0,0,0,0,0,0,0,0,2022,58,0,0,0,0,0,0,0,0
430,2017-04-24,09:03:37,763,cs1709,XDCE,2022,2019,2030,55654,1126902060,797710,797570,2119,1919,2019,2035,0,2025,0,0,0,2017-04-24,32617763,2021,360,0,0,0,0,0,0,0,0,2022,56,0,0,0,0,0,0,0,0
431,2017-04-24,09:03:38,231,cs1709,XDCE,2021,2019,2030,55988,1133653540,797502,797570,2119,1919,2019,2035,0,2025,0,0,0,2017-04-24,32618231,2021,263,0,0,0,0,0,0,0,0,2023,231,0,0,0,0,0,0,0,0
432,2017-04-24,09:03:38,741,cs1709,XDCE,2022,2019,2030,56026,1134421780,797492,797570,2119,1919,2019,2035,0,2025,0,0,0,2017-04-24,32618741,2021,284,0,0,0,0,0,0,0,0,2022,26,0,0,0,0,0,0,0,0
433,2017-04-24,09:03:39,230,cs1709,XDCE,2022,2019,2030,56128,1136483220,797558,797570,2119,1919,2019,2035,0,2025,0,0,0,2017-04-24,32619230,2021,226,0,0,0,0,0,0,0,0,2022,39,0,0,0,0,0,0,0,0
434,2017-04-24,09:03:39,756,cs1709,XDCE,2022,2019,2030,56128,1136483220,797558,797570,2119,1919,2019,2035,0,2025,0,0,0,2017-04-24,32619756,2021,222,0,0,0,0,0,0,0,0,2022,39,0,0,0,0,0,0,0,0
435,2017-04-24,09:03:40,227,cs1709,XDCE,2022,2019,2030,56140,1136725840,797558,797570,2119,1919,2019,2035,0,2025,0,0,0,2017-04-24,32620227,2021,221,0,0,0,0,0,0,0,0,2022,45,0,0,0,0,0,0,0,0
436,2017-04-24,09:03:40,758,cs1709,XDCE,2021,2019,2030,56150,1136927940,797560,797570,2119,1919,2019,2035,0,2025,0,0,0,2017-04-24,32620758,2021,217,0,0,0,0,0,0,0,0,2022,48,0,0,0,0,0,0,0,0
437,2017-04-24,09:03:41,185,cs1709,XDCE,2022,2019,2030,56352,1141010380,797506,797570,2119,1919,2019,2035,0,2025,0,0,0,2017-04-24,32621185,2021,113,0,0,0,0,0,0,0,0,2022,126,0,0,0,0,0,0,0,0
438,2017-04-24,09:03:41,761,cs1709,XDCE,2021,2019,2030,56358,1141131660,797500,797570,2119,1919,2019,2035,0,2025,0,0,0,2017-04-24,32621761,2021,112,0,0,0,0,0,0,0,0,2022,126,0,0,0,0,0,0,0,0
439,2017-04-24,09:03:42,254,cs1709,XDCE,2021,2019,2030,56374,1141455140,797506,797570,2119,1919,2019,2035,0,2025,0,0,0,2017-04-24,32622254,2021,103,0,0,0,0,0,0,0,0,2022,120,0,0,0,0,0,0,0,0
440,2017-04-24,09:03:42,553,cs1709,XDCE,2021,2019,2030,56374,1141455140,797506,797570,2119,1919,2019,2035,0,2025,0,0,0,2017-04-24,32622553,2021,183,0,0,0,0,0,0,0,0,2022,131,0,0,0,0,0,0,0,0
441,2017-04-24,09:03:43,206,cs1709,XDCE,2021,2019,2030,56580,1145618400,797510,797570,2119,1919,2019,2035,0,2025,0,0,0,2017-04-24,32623206,2021,86,0,0,0,0,0,0,0,0,2022,150,0,0,0,0,0,0,0,0
442,2017-04-24,09:03:43,663,cs1709,XDCE,2021,2019,2030,56764,1149337140,797634,797570,2119,1919,2019,2035,0,2025,0,0,0,2017-04-24,32623663,2020,1036,0,0,0,0,0,0,0,0,2021,194,0,0,0,0,0,0,0,0
443,2017-04-24,09:03:44,232,cs1709,XDCE,2021,2019,2030,56766,1149377560,797634,797570,2119,1919,2019,2035,0,2025,0,0,0,2017-04-24,32624232,2020,1033,0,0,0,0,0,0,0,0,2021,193,0,0,0,0,0,0,0,0
444,2017-04-24,09:03:44,727,cs1709,XDCE,2021,2019,2030,56774,1149539220,797634,797570,2119,1919,2019,2035,0,2025,0,0,0,2017-04-24,32624727,2020,1032,0,0,0,0,0,0,0,0,2021,191,0,0,0,0,0,0,0,0
445,2017-04-24,09:03:45,252,cs1709,XDCE,2021,2019,2030,56782,1149700900,797632,797570,2119,1919,2019,2035,0,2025,0,0,0,2017-04-24,32625252,2020,1032,0,0,0,0,0,0,0,0,2021,187,0,0,0,0,0,0,0,0
446,2017-04-24,09:03:45,723,cs1709,XDCE,2021,2019,2030,56794,1149943320,797632,797570,2119,1919,2019,2035,0,2025,0,0,0,2017-04-24,32625723,2020,1027,0,0,0,0,0,0,0,0,2021,186,0,0,0,0,0,0,0,0
447,2017-04-24,09:03:46,206,cs1709,XDCE,2021,2019,2030,56820,1150468560,797622,797570,2119,1919,2019,2035,0,2025,0,0,0,2017-04-24,32626206,2020,1016,0,0,0,0,0,0,0,0,2021,184,0,0,0,0,0,0,0,0
448,2017-04-24,09:03:46,749,cs1709,XDCE,2021,2019,2030,56860,1151276960,797592,797570,2119,1919,2019,2035,0,2025,0,0,0,2017-04-24,32626749,2020,1016,0,0,0,0,0,0,0,0,2021,169,0,0,0,0,0,0,0,0
449,2017-04-24,09:03:47,261,cs1709,XDCE,2021,2019,2030,56888,1151842840,797590,797570,2119,1919,2019,2035,0,2025,0,0,0,2017-04-24,32627261,2020,1038,0,0,0,0,0,0,0,0,2021,155,0,0,0,0,0,0,0,0
450,2017-04-24,09:03:47,697,cs1709,XDCE,2021,2019,2030,56890,1151883260,797590,797570,2119,1919,2019,2035,0,2025,0,0,0,2017-04-24,32627697,2020,1038,0,0,0,0,0,0,0,0,2021,154,0,0,0,0,0,0,0,0
451,2017-04-24,09:03:48,224,cs1709,XDCE,2021,2019,2030,56894,1151964080,797588,797570,2119,1919,2019,2035,0,2025,0,0,0,2017-04-24,32628224,2020,1038,0,0,0,0,0,0,0,0,2021,153,0,0,0,0,0,0,0,0
452,2017-04-24,09:03:48,733,cs1709,XDCE,2021,2019,2030,56904,1152166180,797586,797570,2119,1919,2019,2035,0,2025,0,0,0,2017-04-24,32628733,2020,1046,0,0,0,0,0,0,0,0,2021,146,0,0,0,0,0,0,0,0
453,2017-04-24,09:03:49,216,cs1709,XDCE,2021,2019,2030,56976,1153621300,797572,797570,2119,1919,2019,2035,0,2025,0,0,0,2017-04-24,32629216,2020,1039,0,0,0,0,0,0,0,0,2021,107,0,0,0,0,0,0,0,0
454,2017-04-24,09:03:49,762,cs1709,XDCE,2020,2019,2030,56986,1153823380,797570,797570,2119,1919,2019,2035,0,2025,0,0,0,2017-04-24,32629762,2020,928,0,0,0,0,0,0,0,0,2021,110,0,0,0,0,0,0,0,0
455,2017-04-24,09:03:50,214,cs1709,XDCE,2021,2019,2030,57010,1154308200,797546,797570,2119,1919,2019,2035,0,2025,0,0,0,2017-04-24,32630214,2020,917,0,0,0,0,0,0,0,0,2021,109,0,0,0,0,0,0,0,0
456,2017-04-24,09:03:50,711,cs1709,XDCE,2020,2019,2030,57016,1154429400,797540,797570,2119,1919,2019,2035,0,2025,0,0,0,2017-04-24,32630711,2020,914,0,0,0,0,0,0,0,0,2021,119,0,0,0,0,0,0,0,0
457,2017-04-24,09:03:51,218,cs1709,XDCE,2020,2019,2030,57022,1154550640,797538,797570,2119,1919,2019,2035,0,2025,0,0,0,2017-04-24,32631218,2020,912,0,0,0,0,0,0,0,0,2021,117,0,0,0,0,0,0,0,0
458,2017-04-24,09:03:51,737,cs1709,XDCE,2020,2019,2030,57026,1154631440,797538,797570,2119,1919,2019,2035,0,2025,0,0,0,2017-04-24,32631737,2020,911,0,0,0,0,0,0,0,0,2021,117,0,0,0,0,0,0,0,0
459,2017-04-24,09:03:52,194,cs1709,XDCE,2021,2019,2030,57030,1154712280,797538,797570,2119,1919,2019,2035,0,2025,0,0,0,2017-04-24,32632194,2020,911,0,0,0,0,0,0,0,0,2021,115,0,0,0,0,0,0,0,0
460,2017-04-24,09:03:52,713,cs1709,XDCE,2021,2019,2030,57052,1155156900,797538,797570,2119,1919,2019,2035,0,2025,0,0,0,2017-04-24,32632713,2020,911,0,0,0,0,0,0,0,0,2021,104,0,0,0,0,0,0,0,0
461,2017-04-24,09:03:53,188,cs1709,XDCE,2021,2019,2030,57056,1155237740,797536,797570,2119,1919,2019,2035,0,2025,0,0,0,2017-04-24,32633188,2020,910,0,0,0,0,0,0,0,0,2021,102,0,0,0,0,0,0,0,0
462,2017-04-24,09:03:53,744,cs1709,XDCE,2021,2019,2030,57056,1155237740,797536,797570,2119,1919,2019,2035,0,2025,0,0,0,2017-04-24,32633744,2020,912,0,0,0,0,0,0,0,0,2021,102,0,0,0,0,0,0,0,0
463,2017-04-24,09:03:54,226,cs1709,XDCE,2020,2019,2030,57068,1155480140,797534,797570,2119,1919,2019,2035,0,2025,0,0,0,2017-04-24,32634226,2020,908,0,0,0,0,0,0,0,0,2021,107,0,0,0,0,0,0,0,0
464,2017-04-24,09:03:54,745,cs1709,XDCE,2021,2019,2030,57092,1155965180,797534,797570,2119,1919,2019,2035,0,2025,0,0,0,2017-04-24,32634745,2020,908,0,0,0,0,0,0,0,0,2021,95,0,0,0,0,0,0,0,0
465,2017-04-24,09:03:55,220,cs1709,XDCE,2020,2019,2030,57094,1156005580,797536,797570,2119,1919,2019,2035,0,2025,0,0,0,2017-04-24,32635220,2020,926,0,0,0,0,0,0,0,0,2021,96,0,0,0,0,0,0,0,0
466,2017-04-24,09:03:55,677,cs1709,XDCE,2021,2019,2030,57096,1156046000,797536,797570,2119,1919,2019,2035,0,2025,0,0,0,2017-04-24,32635677,2020,930,0,0,0,0,0,0,0,0,2021,95,0,0,0,0,0,0,0,0
467,2017-04-24,09:03:56,259,cs1709,XDCE,2020,2019,2030,57328,1160732500,797482,797570,2119,1919,2019,2035,0,2025,0,0,0,2017-04-24,32636259,2020,819,0,0,0,0,0,0,0,0,2021,105,0,0,0,0,0,0,0,0
468,2017-04-24,09:03:56,762,cs1709,XDCE,2020,2019,2030,57464,1163479700,797470,797570,2119,1919,2019,2035,0,2025,0,0,0,2017-04-24,32636762,2020,753,0,0,0,0,0,0,0,0,2021,123,0,0,0,0,0,0,0,0
469,2017-04-24,09:03:57,169,cs1709,XDCE,2021,2019,2030,57466,1163520120,797470,797570,2119,1919,2019,2035,0,2025,0,0,0,2017-04-24,32637169,2020,753,0,0,0,0,0,0,0,0,2021,122,0,0,0,0,0,0,0,0
470,2017-04-24,09:03:57,753,cs1709,XDCE,2020,2019,2030,57470,1163600940,797470,797570,2119,1919,2019,2035,0,2025,0,0,0,2017-04-24,32637753,2020,752,0,0,0,0,0,0,0,0,2021,121,0,0,0,0,0,0,0,0
471,2017-04-24,09:03:58,200,cs1709,XDCE,2021,2019,2030,57474,1163681760,797470,797570,2119,1919,2019,2035,0,2025,0,0,0,2017-04-24,32638200,2020,753,0,0,0,0,0,0,0,0,2021,121,0,0,0,0,0,0,0,0
472,2017-04-24,09:03:58,700,cs1709,XDCE,2020,2019,2030,57498,1164166580,797466,797570,2119,1919,2019,2035,0,2025,0,0,0,2017-04-24,32638700,2020,742,0,0,0,0,0,0,0,0,2021,121,0,0,0,0,0,0,0,0
473,2017-04-24,09:03:59,49,cs1709,XDCE,2020,2019,2030,57602,1166267420,797376,797570,2119,1919,2019,2035,0,2025,0,0,0,2017-04-24,32639049,2020,692,0,0,0,0,0,0,0,0,2021,119,0,0,0,0,0,0,0,0
474,2017-04-24,09:03:59,757,cs1709,XDCE,2020,2019,2030,57602,1166267420,797376,797570,2119,1919,2019,2035,0,2025,0,0,0,2017-04-24,32639757,2020,694,0,0,0,0,0,0,0,0,2021,119,0,0,0,0,0,0,0,0
475,2017-04-24,09:04:00,218,cs1709,XDCE,2021,2019,2030,57604,1166307840,797376,797570,2119,1919,2019,2035,0,2025,0,0,0,2017-04-24,32640218,2020,695,0,0,0,0,0,0,0,0,2021,149,0,0,0,0,0,0,0,0
476,2017-04-24,09:04:00,737,cs1709,XDCE,2020,2019,2030,57612,1166469460,797372,797570,2119,1919,2019,2035,0,2025,0,0,0,2017-04-24,32640737,2020,693,0,0,0,0,0,0,0,0,2021,177,0,0,0,0,0,0,0,0
477,2017-04-24,09:04:01,230,cs1709,XDCE,2020,2019,2030,57634,1166913900,797350,797570,2119,1919,2019,2035,0,2025,0,0,0,2017-04-24,32641230,2020,689,0,0,0,0,0,0,0,0,2021,169,0,0,0,0,0,0,0,0
478,2017-04-24,09:04:01,755,cs1709,XDCE,2020,2019,2030,57698,1168206700,797324,797570,2119,1919,2019,2035,0,2025,0,0,0,2017-04-24,32641755,2020,657,0,0,0,0,0,0,0,0,2021,184,0,0,0,0,0,0,0,0
479,2017-04-24,09:04:02,143,cs1709,XDCE,2021,2019,2030,57720,1168651320,797324,797570,2119,1919,2019,2035,0,2025,0,0,0,2017-04-24,32642143,2020,657,0,0,0,0,0,0,0,0,2021,173,0,0,0,0,0,0,0,0
480,2017-04-24,09:04:02,689,cs1709,XDCE,2021,2019,2030,57732,1168893840,797316,797570,2119,1919,2019,2035,0,2025,0,0,0,2017-04-24,32642689,2020,657,0,0,0,0,0,0,0,0,2021,168,0,0,0,0,0,0,0,0
481,2017-04-24,09:04:03,156,cs1709,XDCE,2021,2019,2030,57754,1169338460,797314,797570,2119,1919,2019,2035,0,2025,0,0,0,2017-04-24,32643156,2020,659,0,0,0,0,0,0,0,0,2021,157,0,0,0,0,0,0,0,0
482,2017-04-24,09:04:03,758,cs1709,XDCE,2021,2019,2030,57756,1169378880,797312,797570,2119,1919,2019,2035,0,2025,0,0,0,2017-04-24,32643758,2020,659,0,0,0,0,0,0,0,0,2021,147,0,0,0,0,0,0,0,0
483,2017-04-24,09:04:04,230,cs1709,XDCE,2021,2019,2030,57976,1173824080,797314,797570,2119,1919,2019,2035,0,2025,0,0,0,2017-04-24,32644230,2020,625,0,0,0,0,0,0,0,0,2021,87,0,0,0,0,0,0,0,0
484,2017-04-24,09:04:04,659,cs1709,XDCE,2021,2019,2030,58152,1177381040,797368,797570,2119,1919,2019,2035,0,2025,0,0,0,2017-04-24,32644659,2021,14,0,0,0,0,0,0,0,0,2022,157,0,0,0,0,0,0,0,0
485,2017-04-24,09:04:05,245,cs1709,XDCE,2021,2019,2030,58152,1177381040,797368,797570,2119,1919,2019,2035,0,2025,0,0,0,2017-04-24,32645245,2021,41,0,0,0,0,0,0,0,0,2022,152,0,0,0,0,0,0,0,0
486,2017-04-24,09:04:05,710,cs1709,XDCE,2021,2019,2030,58154,1177421460,797370,797570,2119,1919,2019,2035,0,2025,0,0,0,2017-04-24,32645710,2021,70,0,0,0,0,0,0,0,0,2022,157,0,0,0,0,0,0,0,0
487,2017-04-24,09:04:06,217,cs1709,XDCE,2021,2019,2030,58174,1177825660,797390,797570,2119,1919,2019,2035,0,2025,0,0,0,2017-04-24,32646217,2021,265,0,0,0,0,0,0,0,0,2022,139,0,0,0,0,0,0,0,0
488,2017-04-24,09:04:06,759,cs1709,XDCE,2021,2019,2030,58194,1178229860,797374,797570,2119,1919,2019,2035,0,2025,0,0,0,2017-04-24,32646759,2021,279,0,0,0,0,0,0,0,0,2022,139,0,0,0,0,0,0,0,0
489,2017-04-24,09:04:07,262,cs1709,XDCE,2022,2019,2030,58196,1178270300,797376,797570,2119,1919,2019,2035,0,2025,0,0,0,2017-04-24,32647262,2021,372,0,0,0,0,0,0,0,0,2022,138,0,0,0,0,0,0,0,0
490,2017-04-24,09:04:07,590,cs1709,XDCE,2022,2019,2030,58218,1178715120,797394,797570,2119,1919,2019,2035,0,2025,0,0,0,2017-04-24,32647590,2021,374,0,0,0,0,0,0,0,0,2022,127,0,0,0,0,0,0,0,0
491,2017-04-24,09:04:08,232,cs1709,XDCE,2022,2019,2030,58224,1178836440,797392,797570,2119,1919,2019,2035,0,2025,0,0,0,2017-04-24,32648232,2021,360,0,0,0,0,0,0,0,0,2022,110,0,0,0,0,0,0,0,0
492,2017-04-24,09:04:08,724,cs1709,XDCE,2022,2019,2030,58224,1178836440,797392,797570,2119,1919,2019,2035,0,2025,0,0,0,2017-04-24,32648724,2021,377,0,0,0,0,0,0,0,0,2022,111,0,0,0,0,0,0,0,0
493,2017-04-24,09:04:09,235,cs1709,XDCE,2022,2019,2030,58224,1178836440,797392,797570,2119,1919,2019,2035,0,2025,0,0,0,2017-04-24,32649235,2021,377,0,0,0,0,0,0,0,0,2022,104,0,0,0,0,0,0,0,0
494,2017-04-24,09:04:09,757,cs1709,XDCE,2022,2019,2030,58268,1179726080,797388,797570,2119,1919,2019,2035,0,2025,0,0,0,2017-04-24,32649757,2021,644,0,0,0,0,0,0,0,0,2022,82,0,0,0,0,0,0,0,0
495,2017-04-24,09:04:10,225,cs1709,XDCE,2022,2019,2030,58432,1183042160,797268,797570,2119,1919,2019,2035,0,2025,0,0,0,2017-04-24,32650225,2022,38,0,0,0,0,0,0,0,0,2023,728,0,0,0,0,0,0,0,0
496,2017-04-24,09:04:10,755,cs1709,XDCE,2022,2019,2030,58448,1183365680,797270,797570,2119,1919,2019,2035,0,2025,0,0,0,2017-04-24,32650755,2022,52,0,0,0,0,0,0,0,0,2023,729,0,0,0,0,0,0,0,0
497,2017-04-24,09:04:11,227,cs1709,XDCE,2022,2019,2030,58458,1183567880,797270,797570,2119,1919,2019,2035,0,2025,0,0,0,2017-04-24,32651227,2022,53,0,0,0,0,0,0,0,0,2023,719,0,0,0,0,0,0,0,0
498,2017-04-24,09:04:11,756,cs1709,XDCE,2022,2019,2030,58510,1184619320,797312,797570,2119,1919,2019,2035,0,2025,0,0,0,2017-04-24,32651756,2022,29,0,0,0,0,0,0,0,0,2023,719,0,0,0,0,0,0,0,0
499,2017-04-24,09:04:12,233,cs1709,XDCE,2022,2019,2030,58568,1185792080,797262,797570,2119,1919,2019,2035,0,2025,0,0,0,2017-04-24,32652233,2021,676,0,0,0,0,0,0,0,0,2022,1,0,0,0,0,0,0,0,0
500,2017-04-24,09:04:12,756,cs1709,XDCE,2022,2019,2030,58568,1185792080,797262,797570,2119,1919,2019,2035,0,2025,0,0,0,2017-04-24,32652756,2021,682,0,0,0,0,0,0,0,0,2022,3,0,0,0,0,0,0,0,0
501,2017-04-24,09:04:13,228,cs1709,XDCE,2021,2019,2030,58590,1186236720,797280,797570,2119,1919,2019,2035,0,2025,0,0,0,2017-04-24,32653228,2021,668,0,0,0,0,0,0,0,0,2022,58,0,0,0,0,0,0,0,0
502,2017-04-24,09:04:13,755,cs1709,XDCE,2022,2019,2030,58606,1186560200,797278,797570,2119,1919,2019,2035,0,2025,0,0,0,2017-04-24,32653755,2021,667,0,0,0,0,0,0,0,0,2022,52,0,0,0,0,0,0,0,0
503,2017-04-24,09:04:14,176,cs1709,XDCE,2022,2019,2030,58608,1186600640,797278,797570,2119,1919,2019,2035,0,2025,0,0,0,2017-04-24,32654176,2021,667,0,0,0,0,0,0,0,0,2022,51,0,0,0,0,0,0,0,0
504,2017-04-24,09:04:14,740,cs1709,XDCE,2022,2019,2030,58708,1188622640,797286,797570,2119,1919,2019,2035,0,2025,0,0,0,2017-04-24,32654740,2021,668,0,0,0,0,0,0,0,0,2022,2,0,0,0,0,0,0,0,0
505,2017-04-24,09:04:15,216,cs1709,XDCE,2022,2019,2030,58732,1189107920,797290,797570,2119,1919,2019,2035,0,2025,0,0,0,2017-04-24,32655216,2021,668,0,0,0,0,0,0,0,0,2022,61,0,0,0,0,0,0,0,0
506,2017-04-24,09:04:15,733,cs1709,XDCE,2021,2019,2030,58794,1190361240,797320,797570,2119,1919,2019,2035,0,2025,0,0,0,2017-04-24,32655733,2021,652,0,0,0,0,0,0,0,0,2022,46,0,0,0,0,0,0,0,0
507,2017-04-24,09:04:16,172,cs1709,XDCE,2022,2019,2030,58810,1190684760,797326,797570,2119,1919,2019,2035,0,2025,0,0,0,2017-04-24,32656172,2021,652,0,0,0,0,0,0,0,0,2022,38,0,0,0,0,0,0,0,0
508,2017-04-24,09:04:16,680,cs1709,XDCE,2022,2019,2030,58822,1190927400,797338,797570,2119,1919,2019,2035,0,2025,0,0,0,2017-04-24,32656680,2021,652,0,0,0,0,0,0,0,0,2022,32,0,0,0,0,0,0,0,0
509,2017-04-24,09:04:17,246,cs1709,XDCE,2022,2019,2030,58822,1190927400,797338,797570,2119,1919,2019,2035,0,2025,0,0,0,2017-04-24,32657246,2021,653,0,0,0,0,0,0,0,0,2022,32,0,0,0,0,0,0,0,0
510,2017-04-24,09:04:17,759,cs1709,XDCE,2022,2019,2030,58822,1190927400,797338,797570,2119,1919,2019,2035,0,2025,0,0,0,2017-04-24,32657759,2021,654,0,0,0,0,0,0,0,0,2022,32,0,0,0,0,0,0,0,0
511,2017-04-24,09:04:18,226,cs1709,XDCE,2021,2019,2030,58854,1191574300,797356,797570,2119,1919,2019,2035,0,2025,0,0,0,2017-04-24,32658226,2021,647,0,0,0,0,0,0,0,0,2022,24,0,0,0,0,0,0,0,0
512,2017-04-24,09:04:18,761,cs1709,XDCE,2022,2019,2030,58862,1191736060,797364,797570,2119,1919,2019,2035,0,2025,0,0,0,2017-04-24,32658761,2021,647,0,0,0,0,0,0,0,0,2022,50,0,0,0,0,0,0,0,0
513,2017-04-24,09:04:19,236,cs1709,XDCE,2022,2019,2030,58862,1191736060,797364,797570,2119,1919,2019,2035,0,2025,0,0,0,2017-04-24,32659236,2021,650,0,0,0,0,0,0,0,0,2022,50,0,0,0,0,0,0,0,0
514,2017-04-24,09:04:19,689,cs1709,XDCE,2022,2019,2030,58862,1191736060,797364,797570,2119,1919,2019,2035,0,2025,0,0,0,2017-04-24,32659689,2021,650,0,0,0,0,0,0,0,0,2022,51,0,0,0,0,0,0,0,0
515,2017-04-24,09:04:20,241,cs1709,XDCE,2022,2019,2030,58892,1192342640,797388,797570,2119,1919,2019,2035,0,2025,0,0,0,2017-04-24,32660241,2021,649,0,0,0,0,0,0,0,0,2022,38,0,0,0,0,0,0,0,0
516,2017-04-24,09:04:20,761,cs1709,XDCE,2022,2019,2030,58896,1192423520,797388,797570,2119,1919,2019,2035,0,2025,0,0,0,2017-04-24,32660761,2021,649,0,0,0,0,0,0,0,0,2022,59,0,0,0,0,0,0,0,0
517,2017-04-24,09:04:21,225,cs1709,XDCE,2021,2019,2030,58898,1192463940,797390,797570,2119,1919,2019,2035,0,2025,0,0,0,2017-04-24,32661225,2021,649,0,0,0,0,0,0,0,0,2022,59,0,0,0,0,0,0,0,0
518,2017-04-24,09:04:21,762,cs1709,XDCE,2021,2019,2030,58908,1192666040,797400,797570,2119,1919,2019,2035,0,2025,0,0,0,2017-04-24,32661762,2021,666,0,0,0,0,0,0,0,0,2022,61,0,0,0,0,0,0,0,0
519,2017-04-24,09:04:22,238,cs1709,XDCE,2022,2019,2030,59002,1194566720,797434,797570,2119,1919,2019,2035,0,2025,0,0,0,2017-04-24,32662238,2021,676,0,0,0,0,0,0,0,0,2022,14,0,0,0,0,0,0,0,0
520,2017-04-24,09:04:22,761,cs1709,XDCE,2022,2019,2030,59252,1199623160,797534,797570,2119,1919,2019,2035,0,2025,0,0,0,2017-04-24,32662761,2022,49,0,0,0,0,0,0,0,0,2023,744,0,0,0,0,0,0,0,0
521,2017-04-24,09:04:23,234,cs1709,XDCE,2022,2019,2030,59262,1199825360,797524,797570,2119,1919,2019,2035,0,2025,0,0,0,2017-04-24,32663234,2022,47,0,0,0,0,0,0,0,0,2023,776,0,0,0,0,0,0,0,0
522,2017-04-24,09:04:23,718,cs1709,XDCE,2022,2019,2030,59276,1200108440,797512,797570,2119,1919,2019,2035,0,2025,0,0,0,2017-04-24,32663718,2022,41,0,0,0,0,0,0,0,0,2023,770,0,0,0,0,0,0,0,0
523,2017-04-24,09:04:24,254,cs1709,XDCE,2022,2019,2030,59320,1200998120,797516,797570,2119,1919,2019,2035,0,2025,0,0,0,2017-04-24,32664254,2022,19,0,0,0,0,0,0,0,0,2023,776,0,0,0,0,0,0,0,0
524,2017-04-24,09:04:24,724,cs1709,XDCE,2022,2019,2030,59362,1201847360,797550,797570,2119,1919,2019,2035,0,2025,0,0,0,2017-04-24,32664724,2021,707,0,0,0,0,0,0,0,0,2022,147,0,0,0,0,0,0,0,0
525,2017-04-24,09:04:25,185,cs1709,XDCE,2022,2019,2030,59376,1202130440,797552,797570,2119,1919,2019,2035,0,2025,0,0,0,2017-04-24,32665185,2021,706,0,0,0,0,0,0,0,0,2022,153,0,0,0,0,0,0,0,0
526,2017-04-24,09:04:25,732,cs1709,XDCE,2022,2019,2030,59380,1202211300,797554,797570,2119,1919,2019,2035,0,2025,0,0,0,2017-04-24,32665732,2021,706,0,0,0,0,0,0,0,0,2022,211,0,0,0,0,0,0,0,0
527,2017-04-24,09:04:26,184,cs1709,XDCE,2022,2019,2030,59380,1202211300,797554,797570,2119,1919,2019,2035,0,2025,0,0,0,2017-04-24,32666184,2021,707,0,0,0,0,0,0,0,0,2022,212,0,0,0,0,0,0,0,0
528,2017-04-24,09:04:26,664,cs1709,XDCE,2022,2019,2030,59382,1202251740,797556,797570,2119,1919,2019,2035,0,2025,0,0,0,2017-04-24,32666664,2021,708,0,0,0,0,0,0,0,0,2022,211,0,0,0,0,0,0,0,0
529,2017-04-24,09:04:27,261,cs1709,XDCE,2021,2019,2030,59396,1202534800,797570,797570,2119,1919,2019,2035,0,2025,0,0,0,2017-04-24,32667261,2021,708,0,0,0,0,0,0,0,0,2022,205,0,0,0,0,0,0,0,0
