,dataDate,dataTime,dataMillisec,instrumentID,exchangeCD,lastPrice,lowPrice,highPrice,volume,value,openInterest,preOpenInterest,upperLimitPrice,lowerLimitPrice,preSettlementPrice,prevClosePrice,settlementPrice,openPrice,closePrice,preDelta,currDelta,clearingDay,milliSecOffset,bidPrice1,bidVolume1,bidPrice2,bidVolume2,bidPrice3,bidVolume3,bidPrice4,bidVolume4,bidPrice5,bidVolume5,askPrice1,askVolume1,askPrice2,askVolume2,askPrice3,askVolume3,askPrice4,askVolume4,askPrice5,askVolume5
0,2017-04-24,09:00:00,0,FG709,XZCE,1286,1277,1288,125940,3232454400,258802,284618,1352,1222,1287,1285,0,1285,0,0,0,2017-04-24,32400000,1285,178,0,0,0,0,0,0,0,0,1286,19,0,0,0,0,0,0,0,0
1,2017-04-24,09:00:00,0,FG709,XZCE,1284,1277,1288,126418,3244729440,258758,284618,1352,1222,1287,1285,0,1285,0,0,0,2017-04-24,32400000,1284,67,0,0,0,0,0,0,0,0,1285,323,0,0,0,0,0,0,0,0
2,2017-04-24,09:00:01,0,FG709,XZCE,1285,1277,1288,126522,3247402240,258814,284618,1352,1222,1287,1285,0,1285,0,0,0,2017-04-24,32401000,1284,64,0,0,0,0,0,0,0,0,1285,290,0,0,0,0,0,0,0,0
3,2017-04-24,09:00:01,0,FG709,XZCE,1285,1277,1288,126620,3249920840,258802,284618,1352,1222,1287,1285,0,1285,0,0,0,2017-04-24,32401000,1284,55,0,0,0,0,0,0,0,0,1285,261,0,0,0,0,0,0,0,0
4,2017-04-24,09:00:02,0,FG709,XZCE,1284,1277,1288,126626,3250074920,258800,284618,1352,1222,1287,1285,0,1285,0,0,0,2017-04-24,32402000,1284,52,0,0,0,0,0,0,0,0,1285,261,0,0,0,0,0,0,0,0
5,2017-04-24,09:00:02,0,FG709,XZCE,1284,1277,1288,126682,3251513000,258774,284618,1352,1222,1287,1285,0,1285,0,0,0,2017-04-24,32402000,1284,21,0,0,0,0,0,0,0,0,1285,261,0,0,0,0,0,0,0,0
6,2017-04-24,09:00:03,0,FG709,XZCE,1285,1277,1288,126722,3252541000,258758,284618,1352,1222,1287,1285,0,1285,0,0,0,2017-04-24,32403000,1284,18,0,0,0,0,0,0,0,0,1285,257,0,0,0,0,0,0,0,0
7,2017-04-24,09:00:03,0,FG709,XZCE,1284,1277,1288,126770,3253773640,258730,284618,1352,1222,1287,1285,0,1285,0,0,0,2017-04-24,32403000,1283,79,0,0,0,0,0,0,0,0,1284,31,0,0,0,0,0,0,0,0
8,2017-04-24,09:00:04,0,FG709,XZCE,1284,1277,1288,126772,3253825000,258730,284618,1352,1222,1287,1285,0,1285,0,0,0,2017-04-24,32404000,1283,79,0,0,0,0,0,0,0,0,1284,49,0,0,0,0,0,0,0,0
9,2017-04-24,09:00:04,0,FG709,XZCE,1284,1277,1288,126776,3253927720,258728,284618,1352,1222,1287,1285,0,1285,0,0,0,2017-04-24,32404000,1283,86,0,0,0,0,0,0,0,0,1284,78,0,0,0,0,0,0,0,0
10,2017-04-24,09:00:05,0,FG709,XZCE,1284,1277,1288,126782,3254081800,258722,284618,1352,1222,1287,1285,0,1285,0,0,0,2017-04-24,32405000,1283,65,0,0,0,0,0,0,0,0,1284,75,0,0,0,0,0,0,0,0
11,2017-04-24,09:00:05,0,FG709,XZCE,1284,1277,1288,126784,3254133160,258720,284618,1352,1222,1287,1285,0,1285,0,0,0,2017-04-24,32405000,1283,65,0,0,0,0,0,0,0,0,1284,94,0,0,0,0,0,0,0,0
12,2017-04-24,09:00:06,0,FG709,XZCE,1283,1277,1288,126810,3254800320,258718,284618,1352,1222,1287,1285,0,1285,0,0,0,2017-04-24,32406000,1283,53,0,0,0,0,0,0,0,0,1284,123,0,0,0,0,0,0,0,0
13,2017-04-24,09:00:06,0,FG709,XZCE,1283,1277,1288,126818,3255005600,258718,284618,1352,1222,1287,1285,0,1285,0,0,0,2017-04-24,32406000,1283,52,0,0,0,0,0,0,0,0,1284,124,0,0,0,0,0,0,0,0
14,2017-04-24,09:00:07,0,FG709,XZCE,1283,1277,1288,126830,3255313520,258718,284618,1352,1222,1287,1285,0,1285,0,0,0,2017-04-24,32407000,1283,83,0,0,0,0,0,0,0,0,1284,124,0,0,0,0,0,0,0,0
15,2017-04-24,09:00:07,0,FG709,XZCE,1283,1277,1288,126866,3256237280,258720,284618,1352,1222,1287,1285,0,1285,0,0,0,2017-04-24,32407000,1283,82,0,0,0,0,0,0,0,0,1284,223,0,0,0,0,0,0,0,0
16,2017-04-24,09:00:08,0,FG709,XZCE,1283,1277,1288,126868,3256288600,258718,284618,1352,1222,1287,1285,0,1285,0,0,0,2017-04-24,32408000,1283,81,0,0,0,0,0,0,0,0,1284,224,0,0,0,0,0,0,0,0
17,2017-04-24,09:00:08,0,FG709,XZCE,1284,1277,1288,126870,3256339960,258716,284618,1352,1222,1287,1285,0,1285,0,0,0,2017-04-24,32408000,1283,81,0,0,0,0,0,0,0,0,1284,223,0,0,0,0,0,0,0,0
18,2017-04-24,09:00:09,0,FG709,XZCE,1283,1277,1288,126874,3256442600,258716,284618,1352,1222,1287,1285,0,1285,0,0,0,2017-04-24,32409000,1283,82,0,0,0,0,0,0,0,0,1284,233,0,0,0,0,0,0,0,0
19,2017-04-24,09:00:09,0,FG709,XZCE,1283,1277,1288,126878,3256545240,258716,284618,1352,1222,1287,1285,0,1285,0,0,0,2017-04-24,32409000,1283,80,0,0,0,0,0,0,0,0,1284,233,0,0,0,0,0,0,0,0
20,2017-04-24,09:00:10,0,FG709,XZCE,1284,1277,1288,127054,3261064920,258718,284618,1352,1222,1287,1285,0,1285,0,0,0,2017-04-24,32410000,1282,139,0,0,0,0,0,0,0,0,1284,225,0,0,0,0,0,0,0,0
21,2017-04-24,09:00:10,0,FG709,XZCE,1284,1277,1288,127054,3261064920,258718,284618,1352,1222,1287,1285,0,1285,0,0,0,2017-04-24,32410000,1282,139,0,0,0,0,0,0,0,0,1283,3,0,0,0,0,0,0,0,0
22,2017-04-24,09:00:11,0,FG709,XZCE,1283,1277,1288,127056,3261116240,258716,284618,1352,1222,1287,1285,0,1285,0,0,0,2017-04-24,32411000,1282,141,0,0,0,0,0,0,0,0,1283,9,0,0,0,0,0,0,0,0
23,2017-04-24,09:00:11,0,FG709,XZCE,1282,1277,1288,127096,3262141840,258730,284618,1352,1222,1287,1285,0,1285,0,0,0,2017-04-24,32411000,1282,120,0,0,0,0,0,0,0,0,1283,61,0,0,0,0,0,0,0,0
24,2017-04-24,09:00:12,0,FG709,XZCE,1282,1277,1288,127108,3262449520,258726,284618,1352,1222,1287,1285,0,1285,0,0,0,2017-04-24,32412000,1282,124,0,0,0,0,0,0,0,0,1283,60,0,0,0,0,0,0,0,0
25,2017-04-24,09:00:12,0,FG709,XZCE,1283,1277,1288,127116,3262654800,258724,284618,1352,1222,1287,1285,0,1285,0,0,0,2017-04-24,32412000,1282,133,0,0,0,0,0,0,0,0,1283,57,0,0,0,0,0,0,0,0
26,2017-04-24,09:00:13,0,FG709,XZCE,1283,1277,1288,127234,3265682680,258740,284618,1352,1222,1287,1285,0,1285,0,0,0,2017-04-24,32413000,1282,82,0,0,0,0,0,0,0,0,1283,53,0,0,0,0,0,0,0,0
27,2017-04-24,09:00:13,0,FG709,XZCE,1282,1277,1288,127242,3265887800,258738,284618,1352,1222,1287,1285,0,1285,0,0,0,2017-04-24,32413000,1282,71,0,0,0,0,0,0,0,0,1283,61,0,0,0,0,0,0,0,0
28,2017-04-24,09:00:14,0,FG709,XZCE,1282,1277,1288,127262,3266400600,258746,284618,1352,1222,1287,1285,0,1285,0,0,0,2017-04-24,32414000,1282,63,0,0,0,0,0,0,0,0,1283,61,0,0,0,0,0,0,0,0
29,2017-04-24,09:00:14,0,FG709,XZCE,1283,1277,1288,127336,3268299440,258750,284618,1352,1222,1287,1285,0,1285,0,0,0,2017-04-24,32414000,1282,48,0,0,0,0,0,0,0,0,1283,39,0,0,0,0,0,0,0,0
30,2017-04-24,09:00:15,0,FG709,XZCE,1283,1277,1288,127360,3268915280,258748,284618,1352,1222,1287,1285,0,1285,0,0,0,2017-04-24,32415000,1282,57,0,0,0,0,0,0,0,0,1283,20,0,0,0,0,0,0,0,0
31,2017-04-24,09:00:15,0,FG709,XZCE,1283,1277,1288,127362,3268966600,258748,284618,1352,1222,1287,1285,0,1285,0,0,0,2017-04-24,32415000,1282,57,0,0,0,0,0,0,0,0,1283,20,0,0,0,0,0,0,0,0
32,2017-04-24,09:00:16,0,FG709,XZCE,1283,1277,1288,127390,3269685080,258724,284618,1352,1222,1287,1285,0,1285,0,0,0,2017-04-24,32416000,1282,51,0,0,0,0,0,0,0,0,1283,13,0,0,0,0,0,0,0,0
33,2017-04-24,09:00:16,0,FG709,XZCE,1282,1277,1288,127410,3270197880,258716,284618,1352,1222,1287,1285,0,1285,0,0,0,2017-04-24,32416000,1282,41,0,0,0,0,0,0,0,0,1283,12,0,0,0,0,0,0,0,0
34,2017-04-24,09:00:17,0,FG709,XZCE,1282,1277,1288,127412,3270249160,258716,284618,1352,1222,1287,1285,0,1285,0,0,0,2017-04-24,32417000,1282,41,0,0,0,0,0,0,0,0,1283,17,0,0,0,0,0,0,0,0
35,2017-04-24,09:00:17,0,FG709,XZCE,1283,1277,1288,127442,3271018960,258718,284618,1352,1222,1287,1285,0,1285,0,0,0,2017-04-24,32417000,1282,47,0,0,0,0,0,0,0,0,1283,4,0,0,0,0,0,0,0,0
36,2017-04-24,09:00:18,0,FG709,XZCE,1282,1277,1288,127458,3271429200,258710,284618,1352,1222,1287,1285,0,1285,0,0,0,2017-04-24,32418000,1282,46,0,0,0,0,0,0,0,0,1283,5,0,0,0,0,0,0,0,0
37,2017-04-24,09:00:18,0,FG709,XZCE,1282,1277,1288,127476,3271890720,258702,284618,1352,1222,1287,1285,0,1285,0,0,0,2017-04-24,32418000,1282,44,0,0,0,0,0,0,0,0,1283,6,0,0,0,0,0,0,0,0
38,2017-04-24,09:00:19,0,FG709,XZCE,1283,1277,1288,127488,3272198640,258700,284618,1352,1222,1287,1285,0,1285,0,0,0,2017-04-24,32419000,1283,4,0,0,0,0,0,0,0,0,1284,72,0,0,0,0,0,0,0,0
39,2017-04-24,09:00:19,0,FG709,XZCE,1282,1277,1288,127498,3272455040,258700,284618,1352,1222,1287,1285,0,1285,0,0,0,2017-04-24,32419000,1282,42,0,0,0,0,0,0,0,0,1283,8,0,0,0,0,0,0,0,0
40,2017-04-24,09:00:20,0,FG709,XZCE,1283,1277,1288,127514,3272865600,258702,284618,1352,1222,1287,1285,0,1285,0,0,0,2017-04-24,32420000,1282,42,0,0,0,0,0,0,0,0,1283,1,0,0,0,0,0,0,0,0
41,2017-04-24,09:00:20,0,FG709,XZCE,1282,1277,1288,127518,3272968160,258702,284618,1352,1222,1287,1285,0,1285,0,0,0,2017-04-24,32420000,1283,3,0,0,0,0,0,0,0,0,1284,72,0,0,0,0,0,0,0,0
42,2017-04-24,09:00:21,0,FG709,XZCE,1283,1277,1288,127524,3273122120,258700,284618,1352,1222,1287,1285,0,1285,0,0,0,2017-04-24,32421000,1282,47,0,0,0,0,0,0,0,0,1283,8,0,0,0,0,0,0,0,0
43,2017-04-24,09:00:21,0,FG709,XZCE,1284,1277,1288,127548,3273738440,258688,284618,1352,1222,1287,1285,0,1285,0,0,0,2017-04-24,32421000,1282,52,0,0,0,0,0,0,0,0,1283,6,0,0,0,0,0,0,0,0
44,2017-04-24,09:00:22,0,FG709,XZCE,1284,1277,1288,127562,3274097960,258684,284618,1352,1222,1287,1285,0,1285,0,0,0,2017-04-24,32422000,1282,50,0,0,0,0,0,0,0,0,1284,64,0,0,0,0,0,0,0,0
45,2017-04-24,09:00:22,0,FG709,XZCE,1284,1277,1288,127568,3274252040,258680,284618,1352,1222,1287,1285,0,1285,0,0,0,2017-04-24,32422000,1283,42,0,0,0,0,0,0,0,0,1284,61,0,0,0,0,0,0,0,0
46,2017-04-24,09:00:23,0,FG709,XZCE,1283,1277,1288,127598,3275021840,258680,284618,1352,1222,1287,1285,0,1285,0,0,0,2017-04-24,32423000,1283,73,0,0,0,0,0,0,0,0,1284,54,0,0,0,0,0,0,0,0
47,2017-04-24,09:00:23,0,FG709,XZCE,1283,1277,1288,127602,3275124480,258678,284618,1352,1222,1287,1285,0,1285,0,0,0,2017-04-24,32423000,1283,72,0,0,0,0,0,0,0,0,1284,61,0,0,0,0,0,0,0,0
48,2017-04-24,09:00:24,0,FG709,XZCE,1283,1277,1288,127608,3275278440,258676,284618,1352,1222,1287,1285,0,1285,0,0,0,2017-04-24,32424000,1283,71,0,0,0,0,0,0,0,0,1284,60,0,0,0,0,0,0,0,0
49,2017-04-24,09:00:24,0,FG709,XZCE,1283,1277,1288,127618,3275535040,258676,284618,1352,1222,1287,1285,0,1285,0,0,0,2017-04-24,32424000,1283,73,0,0,0,0,0,0,0,0,1284,78,0,0,0,0,0,0,0,0
50,2017-04-24,09:00:25,0,FG709,XZCE,1283,1277,1288,127700,3277639160,258702,284618,1352,1222,1287,1285,0,1285,0,0,0,2017-04-24,32425000,1283,32,0,0,0,0,0,0,0,0,1284,86,0,0,0,0,0,0,0,0
51,2017-04-24,09:00:25,0,FG709,XZCE,1283,1277,1288,127700,3277639160,258702,284618,1352,1222,1287,1285,0,1285,0,0,0,2017-04-24,32425000,1283,32,0,0,0,0,0,0,0,0,1284,96,0,0,0,0,0,0,0,0
52,2017-04-24,09:00:26,0,FG709,XZCE,1283,1277,1288,127712,3277947080,258706,284618,1352,1222,1287,1285,0,1285,0,0,0,2017-04-24,32426000,1283,26,0,0,0,0,0,0,0,0,1284,86,0,0,0,0,0,0,0,0
53,2017-04-24,09:00:26,0,FG709,XZCE,1284,1277,1288,127716,3278049800,258706,284618,1352,1222,1287,1285,0,1285,0,0,0,2017-04-24,32426000,1283,26,0,0,0,0,0,0,0,0,1284,84,0,0,0,0,0,0,0,0
54,2017-04-24,09:00:27,0,FG709,XZCE,1283,1277,1288,127720,3278152440,258710,284618,1352,1222,1287,1285,0,1285,0,0,0,2017-04-24,32427000,1283,24,0,0,0,0,0,0,0,0,1284,84,0,0,0,0,0,0,0,0
55,2017-04-24,09:00:27,0,FG709,XZCE,1284,1277,1288,127730,3278409240,258718,284618,1352,1222,1287,1285,0,1285,0,0,0,2017-04-24,32427000,1283,21,0,0,0,0,0,0,0,0,1284,83,0,0,0,0,0,0,0,0
56,2017-04-24,09:00:28,0,FG709,XZCE,1283,1277,1288,127780,3279692240,258744,284618,1352,1222,1287,1285,0,1285,0,0,0,2017-04-24,32428000,1282,65,0,0,0,0,0,0,0,0,1283,83,0,0,0,0,0,0,0,0
57,2017-04-24,09:00:28,0,FG709,XZCE,1283,1277,1288,127806,3280359400,258746,284618,1352,1222,1287,1285,0,1285,0,0,0,2017-04-24,32428000,1282,67,0,0,0,0,0,0,0,0,1283,75,0,0,0,0,0,0,0,0
58,2017-04-24,09:00:29,0,FG709,XZCE,1283,1277,1288,127806,3280359400,258746,284618,1352,1222,1287,1285,0,1285,0,0,0,2017-04-24,32429000,1282,67,0,0,0,0,0,0,0,0,1283,68,0,0,0,0,0,0,0,0
59,2017-04-24,09:00:29,0,FG709,XZCE,1283,1277,1288,127818,3280667320,258746,284618,1352,1222,1287,1285,0,1285,0,0,0,2017-04-24,32429000,1282,67,0,0,0,0,0,0,0,0,1283,62,0,0,0,0,0,0,0,0
60,2017-04-24,09:00:30,0,FG709,XZCE,1283,1277,1288,127838,3281180520,258746,284618,1352,1222,1287,1285,0,1285,0,0,0,2017-04-24,32430000,1282,67,0,0,0,0,0,0,0,0,1283,52,0,0,0,0,0,0,0,0
61,2017-04-24,09:00:30,0,FG709,XZCE,1282,1277,1288,127862,3281795880,258742,284618,1352,1222,1287,1285,0,1285,0,0,0,2017-04-24,32430000,1282,67,0,0,0,0,0,0,0,0,1283,42,0,0,0,0,0,0,0,0
62,2017-04-24,09:00:31,0,FG709,XZCE,1282,1277,1288,127890,3282513800,258746,284618,1352,1222,1287,1285,0,1285,0,0,0,2017-04-24,32431000,1282,54,0,0,0,0,0,0,0,0,1283,82,0,0,0,0,0,0,0,0
63,2017-04-24,09:00:31,0,FG709,XZCE,1283,1277,1288,127894,3282616440,258746,284618,1352,1222,1287,1285,0,1285,0,0,0,2017-04-24,32431000,1282,66,0,0,0,0,0,0,0,0,1283,80,0,0,0,0,0,0,0,0
64,2017-04-24,09:00:32,0,FG709,XZCE,1283,1277,1288,127916,3283180960,258746,284618,1352,1222,1287,1285,0,1285,0,0,0,2017-04-24,32432000,1282,60,0,0,0,0,0,0,0,0,1283,83,0,0,0,0,0,0,0,0
65,2017-04-24,09:00:32,0,FG709,XZCE,1282,1277,1288,127920,3283283520,258742,284618,1352,1222,1287,1285,0,1285,0,0,0,2017-04-24,32432000,1282,58,0,0,0,0,0,0,0,0,1283,89,0,0,0,0,0,0,0,0
66,2017-04-24,09:00:33,0,FG709,XZCE,1282,1277,1288,128012,3285642400,258744,284618,1352,1222,1287,1285,0,1285,0,0,0,2017-04-24,32433000,1282,62,0,0,0,0,0,0,0,0,1283,47,0,0,0,0,0,0,0,0
67,2017-04-24,09:00:33,0,FG709,XZCE,1282,1277,1288,128042,3286411600,258750,284618,1352,1222,1287,1285,0,1285,0,0,0,2017-04-24,32433000,1282,48,0,0,0,0,0,0,0,0,1283,46,0,0,0,0,0,0,0,0
68,2017-04-24,09:00:34,0,FG709,XZCE,1282,1277,1288,128048,3286565440,258750,284618,1352,1222,1287,1285,0,1285,0,0,0,2017-04-24,32434000,1282,50,0,0,0,0,0,0,0,0,1283,55,0,0,0,0,0,0,0,0
69,2017-04-24,09:00:34,0,FG709,XZCE,1283,1277,1288,128050,3286616760,258752,284618,1352,1222,1287,1285,0,1285,0,0,0,2017-04-24,32434000,1282,56,0,0,0,0,0,0,0,0,1283,54,0,0,0,0,0,0,0,0
70,2017-04-24,09:00:35,0,FG709,XZCE,1282,1277,1288,128064,3286975720,258762,284618,1352,1222,1287,1285,0,1285,0,0,0,2017-04-24,32435000,1282,55,0,0,0,0,0,0,0,0,1283,51,0,0,0,0,0,0,0,0
71,2017-04-24,09:00:35,0,FG709,XZCE,1282,1277,1288,128064,3286975720,258762,284618,1352,1222,1287,1285,0,1285,0,0,0,2017-04-24,32435000,1282,56,0,0,0,0,0,0,0,0,1283,52,0,0,0,0,0,0,0,0
72,2017-04-24,09:00:36,0,FG709,XZCE,1283,1277,1288,128134,3288771920,258818,284618,1352,1222,1287,1285,0,1285,0,0,0,2017-04-24,32436000,1282,71,0,0,0,0,0,0,0,0,1283,35,0,0,0,0,0,0,0,0
73,2017-04-24,09:00:36,0,FG709,XZCE,1283,1277,1288,128134,3288771920,258818,284618,1352,1222,1287,1285,0,1285,0,0,0,2017-04-24,32436000,1282,71,0,0,0,0,0,0,0,0,1283,37,0,0,0,0,0,0,0,0
74,2017-04-24,09:00:37,0,FG709,XZCE,1283,1277,1288,128148,3289131160,258822,284618,1352,1222,1287,1285,0,1285,0,0,0,2017-04-24,32437000,1282,72,0,0,0,0,0,0,0,0,1283,30,0,0,0,0,0,0,0,0
75,2017-04-24,09:00:37,0,FG709,XZCE,1283,1277,1288,128168,3289644360,258822,284618,1352,1222,1287,1285,0,1285,0,0,0,2017-04-24,32437000,1282,69,0,0,0,0,0,0,0,0,1283,24,0,0,0,0,0,0,0,0
76,2017-04-24,09:00:38,0,FG709,XZCE,1283,1277,1288,128172,3289747000,258822,284618,1352,1222,1287,1285,0,1285,0,0,0,2017-04-24,32438000,1282,59,0,0,0,0,0,0,0,0,1283,31,0,0,0,0,0,0,0,0
77,2017-04-24,09:00:38,0,FG709,XZCE,1282,1277,1288,128182,3290003400,258818,284618,1352,1222,1287,1285,0,1285,0,0,0,2017-04-24,32438000,1282,51,0,0,0,0,0,0,0,0,1283,69,0,0,0,0,0,0,0,0
78,2017-04-24,09:00:39,0,FG709,XZCE,1282,1277,1288,128190,3290208520,258812,284618,1352,1222,1287,1285,0,1285,0,0,0,2017-04-24,32439000,1282,49,0,0,0,0,0,0,0,0,1283,68,0,0,0,0,0,0,0,0
79,2017-04-24,09:00:39,0,FG709,XZCE,1282,1277,1288,128240,3291490520,258766,284618,1352,1222,1287,1285,0,1285,0,0,0,2017-04-24,32439000,1282,34,0,0,0,0,0,0,0,0,1283,68,0,0,0,0,0,0,0,0
80,2017-04-24,09:00:40,0,FG709,XZCE,1282,1277,1288,128240,3291490520,258766,284618,1352,1222,1287,1285,0,1285,0,0,0,2017-04-24,32440000,1282,36,0,0,0,0,0,0,0,0,1283,76,0,0,0,0,0,0,0,0
81,2017-04-24,09:00:40,0,FG709,XZCE,1283,1277,1288,128254,3291849760,258756,284618,1352,1222,1287,1285,0,1285,0,0,0,2017-04-24,32440000,1282,35,0,0,0,0,0,0,0,0,1283,77,0,0,0,0,0,0,0,0
82,2017-04-24,09:00:41,0,FG709,XZCE,1283,1277,1288,128260,3292003720,258754,284618,1352,1222,1287,1285,0,1285,0,0,0,2017-04-24,32441000,1282,34,0,0,0,0,0,0,0,0,1283,76,0,0,0,0,0,0,0,0
83,2017-04-24,09:00:41,0,FG709,XZCE,1282,1277,1288,128268,3292208840,258754,284618,1352,1222,1287,1285,0,1285,0,0,0,2017-04-24,32441000,1282,30,0,0,0,0,0,0,0,0,1283,76,0,0,0,0,0,0,0,0
84,2017-04-24,09:00:42,0,FG709,XZCE,1282,1277,1288,128268,3292208840,258754,284618,1352,1222,1287,1285,0,1285,0,0,0,2017-04-24,32442000,1282,32,0,0,0,0,0,0,0,0,1283,77,0,0,0,0,0,0,0,0
85,2017-04-24,09:00:42,0,FG709,XZCE,1282,1277,1288,128282,3292567800,258744,284618,1352,1222,1287,1285,0,1285,0,0,0,2017-04-24,32442000,1282,25,0,0,0,0,0,0,0,0,1283,77,0,0,0,0,0,0,0,0
86,2017-04-24,09:00:43,0,FG709,XZCE,1282,1277,1288,128294,3292875480,258746,284618,1352,1222,1287,1285,0,1285,0,0,0,2017-04-24,32443000,1282,26,0,0,0,0,0,0,0,0,1283,72,0,0,0,0,0,0,0,0
87,2017-04-24,09:00:43,0,FG709,XZCE,1283,1277,1288,128510,3298418040,258588,284618,1352,1222,1287,1285,0,1285,0,0,0,2017-04-24,32443000,1281,204,0,0,0,0,0,0,0,0,1283,68,0,0,0,0,0,0,0,0
88,2017-04-24,09:00:44,0,FG709,XZCE,1283,1277,1288,128518,3298623320,258588,284618,1352,1222,1287,1285,0,1285,0,0,0,2017-04-24,32444000,1282,10,0,0,0,0,0,0,0,0,1283,70,0,0,0,0,0,0,0,0
89,2017-04-24,09:00:44,0,FG709,XZCE,1282,1277,1288,128570,3299956600,258576,284618,1352,1222,1287,1285,0,1285,0,0,0,2017-04-24,32444000,1282,5,0,0,0,0,0,0,0,0,1283,99,0,0,0,0,0,0,0,0
90,2017-04-24,09:00:45,0,FG709,XZCE,1283,1277,1288,128572,3300007920,258578,284618,1352,1222,1287,1285,0,1285,0,0,0,2017-04-24,32445000,1282,7,0,0,0,0,0,0,0,0,1283,98,0,0,0,0,0,0,0,0
91,2017-04-24,09:00:45,0,FG709,XZCE,1281,1277,1288,128588,3300417840,258564,284618,1352,1222,1287,1285,0,1285,0,0,0,2017-04-24,32445000,1282,1,0,0,0,0,0,0,0,0,1283,98,0,0,0,0,0,0,0,0
92,2017-04-24,09:00:46,0,FG709,XZCE,1282,1277,1288,128658,3302212640,258542,284618,1352,1222,1287,1285,0,1285,0,0,0,2017-04-24,32446000,1282,1,0,0,0,0,0,0,0,0,1283,96,0,0,0,0,0,0,0,0
93,2017-04-24,09:00:46,0,FG709,XZCE,1282,1277,1288,128776,3305238160,258492,284618,1352,1222,1287,1285,0,1285,0,0,0,2017-04-24,32446000,1282,4,0,0,0,0,0,0,0,0,1283,96,0,0,0,0,0,0,0,0
94,2017-04-24,09:00:47,0,FG709,XZCE,1282,1277,1288,128776,3305238160,258492,284618,1352,1222,1287,1285,0,1285,0,0,0,2017-04-24,32447000,1282,5,0,0,0,0,0,0,0,0,1283,96,0,0,0,0,0,0,0,0
95,2017-04-24,09:00:47,0,FG709,XZCE,1282,1277,1288,128786,3305494560,258492,284618,1352,1222,1287,1285,0,1285,0,0,0,2017-04-24,32447000,1281,178,0,0,0,0,0,0,0,0,1282,1,0,0,0,0,0,0,0,0
96,2017-04-24,09:00:48,0,FG709,XZCE,1281,1277,1288,128790,3305597040,258490,284618,1352,1222,1287,1285,0,1285,0,0,0,2017-04-24,32448000,1281,182,0,0,0,0,0,0,0,0,1282,2,0,0,0,0,0,0,0,0
97,2017-04-24,09:00:48,0,FG709,XZCE,1282,1277,1288,128798,3305802160,258484,284618,1352,1222,1287,1285,0,1285,0,0,0,2017-04-24,32448000,1281,182,0,0,0,0,0,0,0,0,1283,101,0,0,0,0,0,0,0,0
98,2017-04-24,09:00:49,0,FG709,XZCE,1281,1277,1288,128808,3306058360,258480,284618,1352,1222,1287,1285,0,1285,0,0,0,2017-04-24,32449000,1281,179,0,0,0,0,0,0,0,0,1283,107,0,0,0,0,0,0,0,0
99,2017-04-24,09:00:49,0,FG709,XZCE,1281,1277,1288,128808,3306058360,258480,284618,1352,1222,1287,1285,0,1285,0,0,0,2017-04-24,32449000,1281,181,0,0,0,0,0,0,0,0,1283,125,0,0,0,0,0,0,0,0
100,2017-04-24,09:00:50,0,FG709,XZCE,1282,1277,1288,128822,3306417320,258480,284618,1352,1222,1287,1285,0,1285,0,0,0,2017-04-24,32450000,1281,175,0,0,0,0,0,0,0,0,1282,4,0,0,0,0,0,0,0,0
101,2017-04-24,09:00:50,0,FG709,XZCE,1281,1277,1288,128844,3306980960,258490,284618,1352,1222,1287,1285,0,1285,0,0,0,2017-04-24,32450000,1281,175,0,0,0,0,0,0,0,0,1283,129,0,0,0,0,0,0,0,0
102,2017-04-24,09:00:51,0,FG709,XZCE,1282,1277,1288,128906,3308570640,258430,284618,1352,1222,1287,1285,0,1285,0,0,0,2017-04-24,32451000,1282,15,0,0,0,0,0,0,0,0,1283,138,0,0,0,0,0,0,0,0
103,2017-04-24,09:00:51,0,FG709,XZCE,1283,1277,1288,128914,3308775920,258436,284618,1352,1222,1287,1285,0,1285,0,0,0,2017-04-24,32451000,1282,16,0,0,0,0,0,0,0,0,1283,134,0,0,0,0,0,0,0,0
104,2017-04-24,09:00:52,0,FG709,XZCE,1282,1277,1288,128968,3310160480,258446,284618,1352,1222,1287,1285,0,1285,0,0,0,2017-04-24,32452000,1282,46,0,0,0,0,0,0,0,0,1283,135,0,0,0,0,0,0,0,0
105,2017-04-24,09:00:52,0,FG709,XZCE,1282,1277,1288,128974,3310314320,258440,284618,1352,1222,1287,1285,0,1285,0,0,0,2017-04-24,32452000,1282,43,0,0,0,0,0,0,0,0,1283,136,0,0,0,0,0,0,0,0
106,2017-04-24,09:00:53,0,FG709,XZCE,1282,1277,1288,128980,3310468160,258436,284618,1352,1222,1287,1285,0,1285,0,0,0,2017-04-24,32453000,1282,51,0,0,0,0,0,0,0,0,1283,125,0,0,0,0,0,0,0,0
107,2017-04-24,09:00:53,0,FG709,XZCE,1282,1277,1288,128996,3310878400,258434,284618,1352,1222,1287,1285,0,1285,0,0,0,2017-04-24,32453000,1282,44,0,0,0,0,0,0,0,0,1283,125,0,0,0,0,0,0,0,0
108,2017-04-24,09:00:54,0,FG709,XZCE,1282,1277,1288,129046,3312160400,258398,284618,1352,1222,1287,1285,0,1285,0,0,0,2017-04-24,32454000,1282,22,0,0,0,0,0,0,0,0,1283,124,0,0,0,0,0,0,0,0
109,2017-04-24,09:00:54,0,FG709,XZCE,1283,1277,1288,129048,3312211720,258400,284618,1352,1222,1287,1285,0,1285,0,0,0,2017-04-24,32454000,1282,36,0,0,0,0,0,0,0,0,1283,123,0,0,0,0,0,0,0,0
110,2017-04-24,09:00:55,0,FG709,XZCE,1282,1277,1288,129070,3312775800,258400,284618,1352,1222,1287,1285,0,1285,0,0,0,2017-04-24,32455000,1282,32,0,0,0,0,0,0,0,0,1283,123,0,0,0,0,0,0,0,0
111,2017-04-24,09:00:55,0,FG709,XZCE,1282,1277,1288,129082,3313083480,258410,284618,1352,1222,1287,1285,0,1285,0,0,0,2017-04-24,32455000,1282,26,0,0,0,0,0,0,0,0,1283,133,0,0,0,0,0,0,0,0
112,2017-04-24,09:00:56,0,FG709,XZCE,1282,1277,1288,129088,3313237320,258410,284618,1352,1222,1287,1285,0,1285,0,0,0,2017-04-24,32456000,1282,27,0,0,0,0,0,0,0,0,1283,143,0,0,0,0,0,0,0,0
113,2017-04-24,09:00:56,0,FG709,XZCE,1282,1277,1288,129098,3313493720,258400,284618,1352,1222,1287,1285,0,1285,0,0,0,2017-04-24,32456000,1282,12,0,0,0,0,0,0,0,0,1283,145,0,0,0,0,0,0,0,0
114,2017-04-24,09:00:57,0,FG709,XZCE,1283,1277,1288,129102,3313596360,258396,284618,1352,1222,1287,1285,0,1285,0,0,0,2017-04-24,32457000,1282,15,0,0,0,0,0,0,0,0,1283,144,0,0,0,0,0,0,0,0
115,2017-04-24,09:00:57,0,FG709,XZCE,1282,1277,1288,129104,3313647640,258396,284618,1352,1222,1287,1285,0,1285,0,0,0,2017-04-24,32457000,1282,14,0,0,0,0,0,0,0,0,1283,140,0,0,0,0,0,0,0,0
116,2017-04-24,09:00:58,0,FG709,XZCE,1282,1277,1288,129122,3314109160,258398,284618,1352,1222,1287,1285,0,1285,0,0,0,2017-04-24,32458000,1282,11,0,0,0,0,0,0,0,0,1283,138,0,0,0,0,0,0,0,0
117,2017-04-24,09:00:58,0,FG709,XZCE,1282,1277,1288,129156,3314980920,258378,284618,1352,1222,1287,1285,0,1285,0,0,0,2017-04-24,32458000,1282,28,0,0,0,0,0,0,0,0,1283,129,0,0,0,0,0,0,0,0
118,2017-04-24,09:00:59,0,FG709,XZCE,1283,1277,1288,129158,3315032240,258376,284618,1352,1222,1287,1285,0,1285,0,0,0,2017-04-24,32459000,1282,29,0,0,0,0,0,0,0,0,1283,128,0,0,0,0,0,0,0,0
119,2017-04-24,09:00:59,0,FG709,XZCE,1283,1277,1288,129158,3315032240,258376,284618,1352,1222,1287,1285,0,1285,0,0,0,2017-04-24,32459000,1282,29,0,0,0,0,0,0,0,0,1283,130,0,0,0,0,0,0,0,0
120,2017-04-24,09:01:00,0,FG709,XZCE,1282,1277,1288,129190,3315852720,258380,284618,1352,1222,1287,1285,0,1285,0,0,0,2017-04-24,32460000,1282,28,0,0,0,0,0,0,0,0,1283,125,0,0,0,0,0,0,0,0
121,2017-04-24,09:01:00,0,FG709,XZCE,1283,1277,1288,129248,3317341000,258406,284618,1352,1222,1287,1285,0,1285,0,0,0,2017-04-24,32460000,1282,30,0,0,0,0,0,0,0,0,1283,105,0,0,0,0,0,0,0,0
122,2017-04-24,09:01:01,0,FG709,XZCE,1282,1277,1288,129250,3317392280,258406,284618,1352,1222,1287,1285,0,1285,0,0,0,2017-04-24,32461000,1282,30,0,0,0,0,0,0,0,0,1283,115,0,0,0,0,0,0,0,0
123,2017-04-24,09:01:01,0,FG709,XZCE,1282,1277,1288,129250,3317392280,258406,284618,1352,1222,1287,1285,0,1285,0,0,0,2017-04-24,32461000,1282,49,0,0,0,0,0,0,0,0,1283,115,0,0,0,0,0,0,0,0
124,2017-04-24,09:01:02,0,FG709,XZCE,1283,1277,1288,129262,3317700200,258406,284618,1352,1222,1287,1285,0,1285,0,0,0,2017-04-24,32462000,1282,46,0,0,0,0,0,0,0,0,1283,118,0,0,0,0,0,0,0,0
125,2017-04-24,09:01:02,0,FG709,XZCE,1282,1277,1288,129268,3317854040,258406,284618,1352,1222,1287,1285,0,1285,0,0,0,2017-04-24,32462000,1282,45,0,0,0,0,0,0,0,0,1283,119,0,0,0,0,0,0,0,0
126,2017-04-24,09:01:03,0,FG709,XZCE,1282,1277,1288,129270,3317905320,258406,284618,1352,1222,1287,1285,0,1285,0,0,0,2017-04-24,32463000,1282,48,0,0,0,0,0,0,0,0,1283,121,0,0,0,0,0,0,0,0
127,2017-04-24,09:01:03,0,FG709,XZCE,1283,1277,1288,129276,3318059280,258410,284618,1352,1222,1287,1285,0,1285,0,0,0,2017-04-24,32463000,1282,54,0,0,0,0,0,0,0,0,1283,119,0,0,0,0,0,0,0,0
128,2017-04-24,09:01:04,0,FG709,XZCE,1283,1277,1288,129296,3318572480,258416,284618,1352,1222,1287,1285,0,1285,0,0,0,2017-04-24,32464000,1282,73,0,0,0,0,0,0,0,0,1283,102,0,0,0,0,0,0,0,0
129,2017-04-24,09:01:04,0,FG709,XZCE,1283,1277,1288,129296,3318572480,258416,284618,1352,1222,1287,1285,0,1285,0,0,0,2017-04-24,32464000,1282,78,0,0,0,0,0,0,0,0,1283,102,0,0,0,0,0,0,0,0
130,2017-04-24,09:01:05,0,FG709,XZCE,1283,1277,1288,129506,3323961080,258380,284618,1352,1222,1287,1285,0,1285,0,0,0,2017-04-24,32465000,1283,32,0,0,0,0,0,0,0,0,1284,96,0,0,0,0,0,0,0,0
131,2017-04-24,09:01:05,0,FG709,XZCE,1283,1277,1288,129512,3324115040,258380,284618,1352,1222,1287,1285,0,1285,0,0,0,2017-04-24,32465000,1283,60,0,0,0,0,0,0,0,0,1284,95,0,0,0,0,0,0,0,0
132,2017-04-24,09:01:06,0,FG709,XZCE,1283,1277,1288,129512,3324115040,258380,284618,1352,1222,1287,1285,0,1285,0,0,0,2017-04-24,32466000,1283,60,0,0,0,0,0,0,0,0,1284,94,0,0,0,0,0,0,0,0
133,2017-04-24,09:01:06,0,FG709,XZCE,1284,1277,1288,129516,3324217760,258380,284618,1352,1222,1287,1285,0,1285,0,0,0,2017-04-24,32466000,1283,59,0,0,0,0,0,0,0,0,1284,93,0,0,0,0,0,0,0,0
134,2017-04-24,09:01:07,0,FG709,XZCE,1283,1277,1288,129524,3324423040,258372,284618,1352,1222,1287,1285,0,1285,0,0,0,2017-04-24,32467000,1283,56,0,0,0,0,0,0,0,0,1284,93,0,0,0,0,0,0,0,0
135,2017-04-24,09:01:07,0,FG709,XZCE,1283,1277,1288,129538,3324782280,258372,284618,1352,1222,1287,1285,0,1285,0,0,0,2017-04-24,32467000,1283,110,0,0,0,0,0,0,0,0,1284,81,0,0,0,0,0,0,0,0
136,2017-04-24,09:01:08,0,FG709,XZCE,1284,1277,1288,129594,3326220360,258348,284618,1352,1222,1287,1285,0,1285,0,0,0,2017-04-24,32468000,1283,50,0,0,0,0,0,0,0,0,1284,55,0,0,0,0,0,0,0,0
137,2017-04-24,09:01:08,0,FG709,XZCE,1283,1277,1288,129600,3326374320,258344,284618,1352,1222,1287,1285,0,1285,0,0,0,2017-04-24,32468000,1283,46,0,0,0,0,0,0,0,0,1284,67,0,0,0,0,0,0,0,0
138,2017-04-24,09:01:09,0,FG709,XZCE,1283,1277,1288,129604,3326476960,258344,284618,1352,1222,1287,1285,0,1285,0,0,0,2017-04-24,32469000,1283,45,0,0,0,0,0,0,0,0,1284,67,0,0,0,0,0,0,0,0
139,2017-04-24,09:01:09,0,FG709,XZCE,1283,1277,1288,129608,3326579600,258344,284618,1352,1222,1287,1285,0,1285,0,0,0,2017-04-24,32469000,1283,44,0,0,0,0,0,0,0,0,1284,66,0,0,0,0,0,0,0,0
140,2017-04-24,09:01:10,0,FG709,XZCE,1283,1277,1288,129608,3326579600,258344,284618,1352,1222,1287,1285,0,1285,0,0,0,2017-04-24,32470000,1283,56,0,0,0,0,0,0,0,0,1284,66,0,0,0,0,0,0,0,0
141,2017-04-24,09:01:10,0,FG709,XZCE,1284,1277,1288,129654,3327760880,258330,284618,1352,1222,1287,1285,0,1285,0,0,0,2017-04-24,32470000,1283,58,0,0,0,0,0,0,0,0,1284,62,0,0,0,0,0,0,0,0
142,2017-04-24,09:01:11,0,FG709,XZCE,1284,1277,1288,129654,3327760880,258330,284618,1352,1222,1287,1285,0,1285,0,0,0,2017-04-24,32471000,1283,62,0,0,0,0,0,0,0,0,1284,62,0,0,0,0,0,0,0,0
143,2017-04-24,09:01:11,0,FG709,XZCE,1283,1277,1288,129668,3328120120,258336,284618,1352,1222,1287,1285,0,1285,0,0,0,2017-04-24,32471000,1283,59,0,0,0,0,0,0,0,0,1284,61,0,0,0,0,0,0,0,0
144,2017-04-24,09:01:12,0,FG709,XZCE,1283,1277,1288,129668,3328120120,258336,284618,1352,1222,1287,1285,0,1285,0,0,0,2017-04-24,32472000,1283,49,0,0,0,0,0,0,0,0,1284,62,0,0,0,0,0,0,0,0
145,2017-04-24,09:01:12,0,FG709,XZCE,1283,1277,1288,129668,3328120120,258336,284618,1352,1222,1287,1285,0,1285,0,0,0,2017-04-24,32472000,1283,50,0,0,0,0,0,0,0,0,1284,64,0,0,0,0,0,0,0,0
146,2017-04-24,09:01:13,0,FG709,XZCE,1284,1277,1288,129672,3328222840,258332,284618,1352,1222,1287,1285,0,1285,0,0,0,2017-04-24,32473000,1283,52,0,0,0,0,0,0,0,0,1284,63,0,0,0,0,0,0,0,0
147,2017-04-24,09:01:13,0,FG709,XZCE,1284,1277,1288,129676,3328325560,258332,284618,1352,1222,1287,1285,0,1285,0,0,0,2017-04-24,32473000,1283,46,0,0,0,0,0,0,0,0,1284,64,0,0,0,0,0,0,0,0
148,2017-04-24,09:01:14,0,FG709,XZCE,1284,1277,1288,129684,3328531000,258324,284618,1352,1222,1287,1285,0,1285,0,0,0,2017-04-24,32474000,1283,47,0,0,0,0,0,0,0,0,1284,71,0,0,0,0,0,0,0,0
149,2017-04-24,09:01:14,0,FG709,XZCE,1284,1277,1288,129684,3328531000,258324,284618,1352,1222,1287,1285,0,1285,0,0,0,2017-04-24,32474000,1283,54,0,0,0,0,0,0,0,0,1284,72,0,0,0,0,0,0,0,0
150,2017-04-24,09:01:15,0,FG709,XZCE,1284,1277,1288,129776,3330893560,258366,284618,1352,1222,1287,1285,0,1285,0,0,0,2017-04-24,32475000,1283,10,0,0,0,0,0,0,0,0,1284,71,0,0,0,0,0,0,0,0
151,2017-04-24,09:01:16,0,FG709,XZCE,1284,1277,1288,129794,3331355800,258350,284618,1352,1222,1287,1285,0,1285,0,0,0,2017-04-24,32476000,1283,11,0,0,0,0,0,0,0,0,1284,53,0,0,0,0,0,0,0,0
152,2017-04-24,09:01:16,0,FG709,XZCE,1284,1277,1288,129794,3331355800,258350,284618,1352,1222,1287,1285,0,1285,0,0,0,2017-04-24,32476000,1283,32,0,0,0,0,0,0,0,0,1284,59,0,0,0,0,0,0,0,0
153,2017-04-24,09:01:17,0,FG709,XZCE,1284,1277,1288,129818,3331972120,258354,284618,1352,1222,1287,1285,0,1285,0,0,0,2017-04-24,32477000,1283,31,0,0,0,0,0,0,0,0,1284,50,0,0,0,0,0,0,0,0
154,2017-04-24,09:01:17,0,FG709,XZCE,1283,1277,1288,129822,3332074760,258352,284618,1352,1222,1287,1285,0,1285,0,0,0,2017-04-24,32477000,1283,30,0,0,0,0,0,0,0,0,1284,49,0,0,0,0,0,0,0,0
155,2017-04-24,09:01:18,0,FG709,XZCE,1284,1277,1288,129836,3332434280,258354,284618,1352,1222,1287,1285,0,1285,0,0,0,2017-04-24,32478000,1283,19,0,0,0,0,0,0,0,0,1284,49,0,0,0,0,0,0,0,0
156,2017-04-24,09:01:19,0,FG709,XZCE,1283,1277,1288,129856,3332947480,258354,284618,1352,1222,1287,1285,0,1285,0,0,0,2017-04-24,32479000,1283,21,0,0,0,0,0,0,0,0,1284,62,0,0,0,0,0,0,0,0
157,2017-04-24,09:01:19,0,FG709,XZCE,1283,1277,1288,129858,3332998800,258354,284618,1352,1222,1287,1285,0,1285,0,0,0,2017-04-24,32479000,1283,21,0,0,0,0,0,0,0,0,1284,77,0,0,0,0,0,0,0,0
158,2017-04-24,09:01:20,0,FG709,XZCE,1283,1277,1288,129862,3333101440,258356,284618,1352,1222,1287,1285,0,1285,0,0,0,2017-04-24,32480000,1283,19,0,0,0,0,0,0,0,0,1284,76,0,0,0,0,0,0,0,0
159,2017-04-24,09:01:20,0,FG709,XZCE,1283,1277,1288,129864,3333152760,258354,284618,1352,1222,1287,1285,0,1285,0,0,0,2017-04-24,32480000,1283,20,0,0,0,0,0,0,0,0,1284,96,0,0,0,0,0,0,0,0
160,2017-04-24,09:01:21,0,FG709,XZCE,1283,1277,1288,129864,3333152760,258354,284618,1352,1222,1287,1285,0,1285,0,0,0,2017-04-24,32481000,1283,27,0,0,0,0,0,0,0,0,1284,99,0,0,0,0,0,0,0,0
161,2017-04-24,09:01:21,0,FG709,XZCE,1283,1277,1288,129882,3333614640,258356,284618,1352,1222,1287,1285,0,1285,0,0,0,2017-04-24,32481000,1283,25,0,0,0,0,0,0,0,0,1284,97,0,0,0,0,0,0,0,0
162,2017-04-24,09:01:22,0,FG709,XZCE,1284,1277,1288,129892,3333871440,258362,284618,1352,1222,1287,1285,0,1285,0,0,0,2017-04-24,32482000,1283,25,0,0,0,0,0,0,0,0,1284,93,0,0,0,0,0,0,0,0
163,2017-04-24,09:01:22,0,FG709,XZCE,1284,1277,1288,129918,3334539120,258340,284618,1352,1222,1287,1285,0,1285,0,0,0,2017-04-24,32482000,1283,15,0,0,0,0,0,0,0,0,1284,80,0,0,0,0,0,0,0,0
164,2017-04-24,09:01:23,0,FG709,XZCE,1284,1277,1288,129922,3334641840,258340,284618,1352,1222,1287,1285,0,1285,0,0,0,2017-04-24,32483000,1283,43,0,0,0,0,0,0,0,0,1284,83,0,0,0,0,0,0,0,0
165,2017-04-24,09:01:23,0,FG709,XZCE,1283,1277,1288,129926,3334744480,258342,284618,1352,1222,1287,1285,0,1285,0,0,0,2017-04-24,32483000,1283,49,0,0,0,0,0,0,0,0,1284,82,0,0,0,0,0,0,0,0
166,2017-04-24,09:01:24,0,FG709,XZCE,1283,1277,1288,129926,3334744480,258342,284618,1352,1222,1287,1285,0,1285,0,0,0,2017-04-24,32484000,1283,50,0,0,0,0,0,0,0,0,1284,82,0,0,0,0,0,0,0,0
167,2017-04-24,09:01:24,0,FG709,XZCE,1284,1277,1288,129928,3334795840,258342,284618,1352,1222,1287,1285,0,1285,0,0,0,2017-04-24,32484000,1283,50,0,0,0,0,0,0,0,0,1284,81,0,0,0,0,0,0,0,0
168,2017-04-24,09:01:25,0,FG709,XZCE,1284,1277,1288,129928,3334795840,258342,284618,1352,1222,1287,1285,0,1285,0,0,0,2017-04-24,32485000,1283,50,0,0,0,0,0,0,0,0,1284,114,0,0,0,0,0,0,0,0
169,2017-04-24,09:01:25,0,FG709,XZCE,1284,1277,1288,129934,3334949920,258336,284618,1352,1222,1287,1285,0,1285,0,0,0,2017-04-24,32485000,1283,50,0,0,0,0,0,0,0,0,1284,113,0,0,0,0,0,0,0,0
170,2017-04-24,09:01:26,0,FG709,XZCE,1284,1277,1288,129934,3334949920,258336,284618,1352,1222,1287,1285,0,1285,0,0,0,2017-04-24,32486000,1283,51,0,0,0,0,0,0,0,0,1284,113,0,0,0,0,0,0,0,0
171,2017-04-24,09:01:26,0,FG709,XZCE,1284,1277,1288,129944,3335206720,258334,284618,1352,1222,1287,1285,0,1285,0,0,0,2017-04-24,32486000,1283,48,0,0,0,0,0,0,0,0,1284,123,0,0,0,0,0,0,0,0
172,2017-04-24,09:01:27,0,FG709,XZCE,1283,1277,1288,129948,3335309360,258336,284618,1352,1222,1287,1285,0,1285,0,0,0,2017-04-24,32487000,1283,43,0,0,0,0,0,0,0,0,1284,122,0,0,0,0,0,0,0,0
173,2017-04-24,09:01:27,0,FG709,XZCE,1283,1277,1288,129952,3335412000,258340,284618,1352,1222,1287,1285,0,1285,0,0,0,2017-04-24,32487000,1283,34,0,0,0,0,0,0,0,0,1284,126,0,0,0,0,0,0,0,0
174,2017-04-24,09:01:28,0,FG709,XZCE,1283,1277,1288,130022,3337208200,258304,284618,1352,1222,1287,1285,0,1285,0,0,0,2017-04-24,32488000,1282,138,0,0,0,0,0,0,0,0,1283,38,0,0,0,0,0,0,0,0
175,2017-04-24,09:01:28,0,FG709,XZCE,1283,1277,1288,130064,3338285920,258302,284618,1352,1222,1287,1285,0,1285,0,0,0,2017-04-24,32488000,1282,135,0,0,0,0,0,0,0,0,1283,23,0,0,0,0,0,0,0,0
176,2017-04-24,09:01:29,0,FG709,XZCE,1283,1277,1288,130084,3338799120,258302,284618,1352,1222,1287,1285,0,1285,0,0,0,2017-04-24,32489000,1282,135,0,0,0,0,0,0,0,0,1283,22,0,0,0,0,0,0,0,0
177,2017-04-24,09:01:30,0,FG709,XZCE,1283,1277,1288,130086,3338850440,258300,284618,1352,1222,1287,1285,0,1285,0,0,0,2017-04-24,32490000,1282,133,0,0,0,0,0,0,0,0,1283,21,0,0,0,0,0,0,0,0
178,2017-04-24,09:01:30,0,FG709,XZCE,1283,1277,1288,130086,3338850440,258300,284618,1352,1222,1287,1285,0,1285,0,0,0,2017-04-24,32490000,1282,133,0,0,0,0,0,0,0,0,1283,25,0,0,0,0,0,0,0,0
179,2017-04-24,09:01:31,0,FG709,XZCE,1283,1277,1288,130108,3339414960,258290,284618,1352,1222,1287,1285,0,1285,0,0,0,2017-04-24,32491000,1282,129,0,0,0,0,0,0,0,0,1283,38,0,0,0,0,0,0,0,0
180,2017-04-24,09:01:31,0,FG709,XZCE,1283,1277,1288,130138,3340184760,258272,284618,1352,1222,1287,1285,0,1285,0,0,0,2017-04-24,32491000,1282,126,0,0,0,0,0,0,0,0,1283,21,0,0,0,0,0,0,0,0
181,2017-04-24,09:01:32,0,FG709,XZCE,1283,1277,1288,130140,3340236080,258270,284618,1352,1222,1287,1285,0,1285,0,0,0,2017-04-24,32492000,1282,125,0,0,0,0,0,0,0,0,1283,20,0,0,0,0,0,0,0,0
182,2017-04-24,09:01:32,0,FG709,XZCE,1282,1277,1288,130198,3341723200,258250,284618,1352,1222,1287,1285,0,1285,0,0,0,2017-04-24,32492000,1282,90,0,0,0,0,0,0,0,0,1283,37,0,0,0,0,0,0,0,0
183,2017-04-24,09:01:33,0,FG709,XZCE,1282,1277,1288,130450,3348184480,258078,284618,1352,1222,1287,1285,0,1285,0,0,0,2017-04-24,32493000,1281,252,0,0,0,0,0,0,0,0,1283,38,0,0,0,0,0,0,0,0
184,2017-04-24,09:01:33,0,FG709,XZCE,1283,1277,1288,130478,3348902960,258076,284618,1352,1222,1287,1285,0,1285,0,0,0,2017-04-24,32493000,1281,252,0,0,0,0,0,0,0,0,1283,27,0,0,0,0,0,0,0,0
185,2017-04-24,09:01:34,0,FG709,XZCE,1283,1277,1288,130484,3349056920,258070,284618,1352,1222,1287,1285,0,1285,0,0,0,2017-04-24,32494000,1281,262,0,0,0,0,0,0,0,0,1283,56,0,0,0,0,0,0,0,0
186,2017-04-24,09:01:34,0,FG709,XZCE,1283,1277,1288,130524,3350083320,258036,284618,1352,1222,1287,1285,0,1285,0,0,0,2017-04-24,32494000,1282,5,0,0,0,0,0,0,0,0,1283,78,0,0,0,0,0,0,0,0
187,2017-04-24,09:01:35,0,FG709,XZCE,1283,1277,1288,130526,3350134640,258034,284618,1352,1222,1287,1285,0,1285,0,0,0,2017-04-24,32495000,1282,32,0,0,0,0,0,0,0,0,1283,77,0,0,0,0,0,0,0,0
188,2017-04-24,09:01:35,0,FG709,XZCE,1283,1277,1288,130526,3350134640,258034,284618,1352,1222,1287,1285,0,1285,0,0,0,2017-04-24,32495000,1282,37,0,0,0,0,0,0,0,0,1283,79,0,0,0,0,0,0,0,0
189,2017-04-24,09:01:36,0,FG709,XZCE,1282,1277,1288,130528,3350185920,258032,284618,1352,1222,1287,1285,0,1285,0,0,0,2017-04-24,32496000,1282,25,0,0,0,0,0,0,0,0,1283,79,0,0,0,0,0,0,0,0
190,2017-04-24,09:01:36,0,FG709,XZCE,1282,1277,1288,130532,3350288480,258032,284618,1352,1222,1287,1285,0,1285,0,0,0,2017-04-24,32496000,1282,35,0,0,0,0,0,0,0,0,1283,112,0,0,0,0,0,0,0,0
191,2017-04-24,09:01:37,0,FG709,XZCE,1283,1277,1288,130534,3350339800,258030,284618,1352,1222,1287,1285,0,1285,0,0,0,2017-04-24,32497000,1282,23,0,0,0,0,0,0,0,0,1283,113,0,0,0,0,0,0,0,0
192,2017-04-24,09:01:37,0,FG709,XZCE,1283,1277,1288,130534,3350339800,258030,284618,1352,1222,1287,1285,0,1285,0,0,0,2017-04-24,32497000,1282,30,0,0,0,0,0,0,0,0,1283,113,0,0,0,0,0,0,0,0
193,2017-04-24,09:01:38,0,FG709,XZCE,1283,1277,1288,130534,3350339800,258030,284618,1352,1222,1287,1285,0,1285,0,0,0,2017-04-24,32498000,1282,30,0,0,0,0,0,0,0,0,1283,115,0,0,0,0,0,0,0,0
194,2017-04-24,09:01:38,0,FG709,XZCE,1283,1277,1288,130540,3350493760,258026,284618,1352,1222,1287,1285,0,1285,0,0,0,2017-04-24,32498000,1282,29,0,0,0,0,0,0,0,0,1283,115,0,0,0,0,0,0,0,0
195,2017-04-24,09:01:39,0,FG709,XZCE,1283,1277,1288,130630,3352803160,258052,284618,1352,1222,1287,1285,0,1285,0,0,0,2017-04-24,32499000,1282,31,0,0,0,0,0,0,0,0,1283,76,0,0,0,0,0,0,0,0
196,2017-04-24,09:01:40,0,FG709,XZCE,1283,1277,1288,130634,3352905800,258056,284618,1352,1222,1287,1285,0,1285,0,0,0,2017-04-24,32500000,1282,31,0,0,0,0,0,0,0,0,1283,76,0,0,0,0,0,0,0,0
197,2017-04-24,09:01:40,0,FG709,XZCE,1283,1277,1288,130786,3356806120,258014,284618,1352,1222,1287,1285,0,1285,0,0,0,2017-04-24,32500000,1283,146,0,0,0,0,0,0,0,0,1284,144,0,0,0,0,0,0,0,0
198,2017-04-24,09:01:41,0,FG709,XZCE,1283,1277,1288,130786,3356806120,258014,284618,1352,1222,1287,1285,0,1285,0,0,0,2017-04-24,32501000,1283,147,0,0,0,0,0,0,0,0,1284,144,0,0,0,0,0,0,0,0
199,2017-04-24,09:01:41,0,FG709,XZCE,1283,1277,1288,130786,3356806120,258014,284618,1352,1222,1287,1285,0,1285,0,0,0,2017-04-24,32501000,1283,167,0,0,0,0,0,0,0,0,1284,134,0,0,0,0,0,0,0,0
200,2017-04-24,09:01:42,0,FG709,XZCE,1283,1277,1288,130828,3357883840,258012,284618,1352,1222,1287,1285,0,1285,0,0,0,2017-04-24,32502000,1283,147,0,0,0,0,0,0,0,0,1284,133,0,0,0,0,0,0,0,0
201,2017-04-24,09:01:42,0,FG709,XZCE,1283,1277,1288,130828,3357883840,258012,284618,1352,1222,1287,1285,0,1285,0,0,0,2017-04-24,32502000,1283,147,0,0,0,0,0,0,0,0,1284,135,0,0,0,0,0,0,0,0
202,2017-04-24,09:01:43,0,FG709,XZCE,1284,1277,1288,130850,3358448800,257992,284618,1352,1222,1287,1285,0,1285,0,0,0,2017-04-24,32503000,1283,142,0,0,0,0,0,0,0,0,1284,129,0,0,0,0,0,0,0,0
203,2017-04-24,09:01:44,0,FG709,XZCE,1283,1277,1288,130902,3359783120,257952,284618,1352,1222,1287,1285,0,1285,0,0,0,2017-04-24,32504000,1283,141,0,0,0,0,0,0,0,0,1284,105,0,0,0,0,0,0,0,0
204,2017-04-24,09:01:44,0,FG709,XZCE,1283,1277,1288,130906,3359885760,257952,284618,1352,1222,1287,1285,0,1285,0,0,0,2017-04-24,32504000,1283,139,0,0,0,0,0,0,0,0,1284,107,0,0,0,0,0,0,0,0
205,2017-04-24,09:01:45,0,FG709,XZCE,1283,1277,1288,130908,3359937080,257952,284618,1352,1222,1287,1285,0,1285,0,0,0,2017-04-24,32505000,1283,138,0,0,0,0,0,0,0,0,1284,108,0,0,0,0,0,0,0,0
206,2017-04-24,09:01:45,0,FG709,XZCE,1283,1277,1288,130908,3359937080,257952,284618,1352,1222,1287,1285,0,1285,0,0,0,2017-04-24,32505000,1283,139,0,0,0,0,0,0,0,0,1284,108,0,0,0,0,0,0,0,0
207,2017-04-24,09:01:46,0,FG709,XZCE,1283,1277,1288,130914,3360091040,257954,284618,1352,1222,1287,1285,0,1285,0,0,0,2017-04-24,32506000,1283,137,0,0,0,0,0,0,0,0,1284,107,0,0,0,0,0,0,0,0
208,2017-04-24,09:01:46,0,FG709,XZCE,1284,1277,1288,130920,3360245120,257954,284618,1352,1222,1287,1285,0,1285,0,0,0,2017-04-24,32506000,1283,136,0,0,0,0,0,0,0,0,1284,106,0,0,0,0,0,0,0,0
209,2017-04-24,09:01:47,0,FG709,XZCE,1284,1277,1288,130940,3360758720,257954,284618,1352,1222,1287,1285,0,1285,0,0,0,2017-04-24,32507000,1283,177,0,0,0,0,0,0,0,0,1284,97,0,0,0,0,0,0,0,0
210,2017-04-24,09:01:47,0,FG709,XZCE,1284,1277,1288,130940,3360758720,257954,284618,1352,1222,1287,1285,0,1285,0,0,0,2017-04-24,32507000,1283,178,0,0,0,0,0,0,0,0,1284,97,0,0,0,0,0,0,0,0
211,2017-04-24,09:01:48,0,FG709,XZCE,1284,1277,1288,130940,3360758720,257954,284618,1352,1222,1287,1285,0,1285,0,0,0,2017-04-24,32508000,1283,179,0,0,0,0,0,0,0,0,1284,97,0,0,0,0,0,0,0,0
212,2017-04-24,09:01:48,0,FG709,XZCE,1283,1277,1288,130996,3362195680,257954,284618,1352,1222,1287,1285,0,1285,0,0,0,2017-04-24,32508000,1283,151,0,0,0,0,0,0,0,0,1284,97,0,0,0,0,0,0,0,0
213,2017-04-24,09:01:49,0,FG709,XZCE,1284,1277,1288,131010,3362555200,257954,284618,1352,1222,1287,1285,0,1285,0,0,0,2017-04-24,32509000,1283,164,0,0,0,0,0,0,0,0,1284,90,0,0,0,0,0,0,0,0
214,2017-04-24,09:01:50,0,FG709,XZCE,1284,1277,1288,131010,3362555200,257954,284618,1352,1222,1287,1285,0,1285,0,0,0,2017-04-24,32510000,1283,162,0,0,0,0,0,0,0,0,1284,90,0,0,0,0,0,0,0,0
215,2017-04-24,09:01:51,0,FG709,XZCE,1284,1277,1288,131010,3362555200,257954,284618,1352,1222,1287,1285,0,1285,0,0,0,2017-04-24,32511000,1283,163,0,0,0,0,0,0,0,0,1284,90,0,0,0,0,0,0,0,0
216,2017-04-24,09:01:51,0,FG709,XZCE,1284,1277,1288,131024,3362914720,257950,284618,1352,1222,1287,1285,0,1285,0,0,0,2017-04-24,32511000,1283,162,0,0,0,0,0,0,0,0,1284,84,0,0,0,0,0,0,0,0
217,2017-04-24,09:01:52,0,FG709,XZCE,1284,1277,1288,131034,3363171520,257956,284618,1352,1222,1287,1285,0,1285,0,0,0,2017-04-24,32512000,1283,164,0,0,0,0,0,0,0,0,1284,79,0,0,0,0,0,0,0,0
218,2017-04-24,09:01:52,0,FG709,XZCE,1284,1277,1288,131034,3363171520,257956,284618,1352,1222,1287,1285,0,1285,0,0,0,2017-04-24,32512000,1283,166,0,0,0,0,0,0,0,0,1284,79,0,0,0,0,0,0,0,0
219,2017-04-24,09:01:53,0,FG709,XZCE,1284,1277,1288,131036,3363222880,257956,284618,1352,1222,1287,1285,0,1285,0,0,0,2017-04-24,32513000,1283,166,0,0,0,0,0,0,0,0,1284,78,0,0,0,0,0,0,0,0
220,2017-04-24,09:01:53,0,FG709,XZCE,1284,1277,1288,131042,3363376960,257956,284618,1352,1222,1287,1285,0,1285,0,0,0,2017-04-24,32513000,1283,165,0,0,0,0,0,0,0,0,1284,67,0,0,0,0,0,0,0,0
221,2017-04-24,09:01:54,0,FG709,XZCE,1284,1277,1288,131062,3363890560,257976,284618,1352,1222,1287,1285,0,1285,0,0,0,2017-04-24,32514000,1283,165,0,0,0,0,0,0,0,0,1284,57,0,0,0,0,0,0,0,0
222,2017-04-24,09:01:55,0,FG709,XZCE,1284,1277,1288,131062,3363890560,257976,284618,1352,1222,1287,1285,0,1285,0,0,0,2017-04-24,32515000,1283,167,0,0,0,0,0,0,0,0,1284,57,0,0,0,0,0,0,0,0
223,2017-04-24,09:01:55,0,FG709,XZCE,1284,1277,1288,131064,3363941920,257978,284618,1352,1222,1287,1285,0,1285,0,0,0,2017-04-24,32515000,1283,167,0,0,0,0,0,0,0,0,1284,56,0,0,0,0,0,0,0,0
224,2017-04-24,09:01:56,0,FG709,XZCE,1284,1277,1288,131072,3364147360,257978,284618,1352,1222,1287,1285,0,1285,0,0,0,2017-04-24,32516000,1283,167,0,0,0,0,0,0,0,0,1284,52,0,0,0,0,0,0,0,0
225,2017-04-24,09:01:57,0,FG709,XZCE,1284,1277,1288,131126,3365534080,258014,284618,1352,1222,1287,1285,0,1285,0,0,0,2017-04-24,32517000,1283,167,0,0,0,0,0,0,0,0,1284,25,0,0,0,0,0,0,0,0
226,2017-04-24,09:01:57,0,FG709,XZCE,1284,1277,1288,131178,3366869440,258032,284618,1352,1222,1287,1285,0,1285,0,0,0,2017-04-24,32517000,1284,14,0,0,0,0,0,0,0,0,1285,329,0,0,0,0,0,0,0,0
227,2017-04-24,09:01:58,0,FG709,XZCE,1284,1277,1288,131180,3366920800,258034,284618,1352,1222,1287,1285,0,1285,0,0,0,2017-04-24,32518000,1284,13,0,0,0,0,0,0,0,0,1285,329,0,0,0,0,0,0,0,0
228,2017-04-24,09:01:58,0,FG709,XZCE,1285,1277,1288,131196,3367332000,258036,284618,1352,1222,1287,1285,0,1285,0,0,0,2017-04-24,32518000,1284,13,0,0,0,0,0,0,0,0,1285,321,0,0,0,0,0,0,0,0
229,2017-04-24,09:01:59,0,FG709,XZCE,1284,1277,1288,131206,3367588800,258038,284618,1352,1222,1287,1285,0,1285,0,0,0,2017-04-24,32519000,1284,10,0,0,0,0,0,0,0,0,1285,319,0,0,0,0,0,0,0,0
230,2017-04-24,09:01:59,0,FG709,XZCE,1284,1277,1288,131218,3367896960,258038,284618,1352,1222,1287,1285,0,1285,0,0,0,2017-04-24,32519000,1284,8,0,0,0,0,0,0,0,0,1285,319,0,0,0,0,0,0,0,0
231,2017-04-24,09:02:00,0,FG709,XZCE,1284,1277,1288,131218,3367896960,258038,284618,1352,1222,1287,1285,0,1285,0,0,0,2017-04-24,32520000,1284,23,0,0,0,0,0,0,0,0,1285,319,0,0,0,0,0,0,0,0
232,2017-04-24,09:02:00,0,FG709,XZCE,1285,1277,1288,131220,3367948360,258038,284618,1352,1222,1287,1285,0,1285,0,0,0,2017-04-24,32520000,1284,23,0,0,0,0,0,0,0,0,1285,320,0,0,0,0,0,0,0,0
233,2017-04-24,09:02:01,0,FG709,XZCE,1284,1277,1288,131226,3368102440,258040,284618,1352,1222,1287,1285,0,1285,0,0,0,2017-04-24,32521000,1284,48,0,0,0,0,0,0,0,0,1285,319,0,0,0,0,0,0,0,0
234,2017-04-24,09:02:01,0,FG709,XZCE,1285,1277,1288,131230,3368205240,258040,284618,1352,1222,1287,1285,0,1285,0,0,0,2017-04-24,32521000,1284,47,0,0,0,0,0,0,0,0,1285,317,0,0,0,0,0,0,0,0
235,2017-04-24,09:02:02,0,FG709,XZCE,1284,1277,1288,131232,3368256600,258042,284618,1352,1222,1287,1285,0,1285,0,0,0,2017-04-24,32522000,1284,46,0,0,0,0,0,0,0,0,1285,317,0,0,0,0,0,0,0,0
236,2017-04-24,09:02:02,0,FG709,XZCE,1284,1277,1288,131240,3368462040,258044,284618,1352,1222,1287,1285,0,1285,0,0,0,2017-04-24,32522000,1284,46,0,0,0,0,0,0,0,0,1285,315,0,0,0,0,0,0,0,0
237,2017-04-24,09:02:03,0,FG709,XZCE,1285,1277,1288,131442,3373653440,258242,284618,1352,1222,1287,1285,0,1285,0,0,0,2017-04-24,32523000,1284,62,0,0,0,0,0,0,0,0,1285,205,0,0,0,0,0,0,0,0
238,2017-04-24,09:02:03,0,FG709,XZCE,1285,1277,1288,131442,3373653440,258242,284618,1352,1222,1287,1285,0,1285,0,0,0,2017-04-24,32523000,1284,63,0,0,0,0,0,0,0,0,1285,205,0,0,0,0,0,0,0,0
239,2017-04-24,09:02:04,0,FG709,XZCE,1285,1277,1288,131450,3373859040,258248,284618,1352,1222,1287,1285,0,1285,0,0,0,2017-04-24,32524000,1284,64,0,0,0,0,0,0,0,0,1285,201,0,0,0,0,0,0,0,0
240,2017-04-24,09:02:04,0,FG709,XZCE,1284,1277,1288,131458,3374064480,258248,284618,1352,1222,1287,1285,0,1285,0,0,0,2017-04-24,32524000,1284,62,0,0,0,0,0,0,0,0,1285,201,0,0,0,0,0,0,0,0
241,2017-04-24,09:02:05,0,FG709,XZCE,1285,1277,1288,131496,3375041080,258268,284618,1352,1222,1287,1285,0,1285,0,0,0,2017-04-24,32525000,1284,63,0,0,0,0,0,0,0,0,1285,189,0,0,0,0,0,0,0,0
242,2017-04-24,09:02:05,0,FG709,XZCE,1285,1277,1288,131502,3375195280,258268,284618,1352,1222,1287,1285,0,1285,0,0,0,2017-04-24,32525000,1284,67,0,0,0,0,0,0,0,0,1285,186,0,0,0,0,0,0,0,0
243,2017-04-24,09:02:06,0,FG709,XZCE,1284,1277,1288,131506,3375298000,258268,284618,1352,1222,1287,1285,0,1285,0,0,0,2017-04-24,32526000,1284,58,0,0,0,0,0,0,0,0,1285,185,0,0,0,0,0,0,0,0
244,2017-04-24,09:02:06,0,FG709,XZCE,1285,1277,1288,131508,3375349400,258270,284618,1352,1222,1287,1285,0,1285,0,0,0,2017-04-24,32526000,1284,24,0,0,0,0,0,0,0,0,1285,184,0,0,0,0,0,0,0,0
245,2017-04-24,09:02:07,0,FG709,XZCE,1284,1277,1288,131512,3375452120,258270,284618,1352,1222,1287,1285,0,1285,0,0,0,2017-04-24,32527000,1284,22,0,0,0,0,0,0,0,0,1285,184,0,0,0,0,0,0,0,0
246,2017-04-24,09:02:07,0,FG709,XZCE,1284,1277,1288,131512,3375452120,258270,284618,1352,1222,1287,1285,0,1285,0,0,0,2017-04-24,32527000,1284,22,0,0,0,0,0,0,0,0,1285,182,0,0,0,0,0,0,0,0
247,2017-04-24,09:02:08,0,FG709,XZCE,1285,1277,1288,131524,3375760520,258270,284618,1352,1222,1287,1285,0,1285,0,0,0,2017-04-24,32528000,1284,52,0,0,0,0,0,0,0,0,1285,176,0,0,0,0,0,0,0,0
248,2017-04-24,09:02:08,0,FG709,XZCE,1285,1277,1288,131626,3378381920,258370,284618,1352,1222,1287,1285,0,1285,0,0,0,2017-04-24,32528000,1284,53,0,0,0,0,0,0,0,0,1285,126,0,0,0,0,0,0,0,0
249,2017-04-24,09:02:09,0,FG709,XZCE,1285,1277,1288,131630,3378484720,258370,284618,1352,1222,1287,1285,0,1285,0,0,0,2017-04-24,32529000,1284,68,0,0,0,0,0,0,0,0,1285,125,0,0,0,0,0,0,0,0
250,2017-04-24,09:02:09,0,FG709,XZCE,1285,1277,1288,131630,3378484720,258370,284618,1352,1222,1287,1285,0,1285,0,0,0,2017-04-24,32529000,1284,75,0,0,0,0,0,0,0,0,1285,125,0,0,0,0,0,0,0,0
251,2017-04-24,09:02:10,0,FG709,XZCE,1285,1277,1288,131638,3378690320,258378,284618,1352,1222,1287,1285,0,1285,0,0,0,2017-04-24,32530000,1284,75,0,0,0,0,0,0,0,0,1285,121,0,0,0,0,0,0,0,0
252,2017-04-24,09:02:10,0,FG709,XZCE,1284,1277,1288,131682,3379820240,258366,284618,1352,1222,1287,1285,0,1285,0,0,0,2017-04-24,32530000,1284,78,0,0,0,0,0,0,0,0,1285,100,0,0,0,0,0,0,0,0
253,2017-04-24,09:02:11,0,FG709,XZCE,1285,1277,1288,131696,3380180040,258362,284618,1352,1222,1287,1285,0,1285,0,0,0,2017-04-24,32531000,1284,161,0,0,0,0,0,0,0,0,1285,94,0,0,0,0,0,0,0,0
254,2017-04-24,09:02:11,0,FG709,XZCE,1285,1277,1288,131698,3380231440,258362,284618,1352,1222,1287,1285,0,1285,0,0,0,2017-04-24,32531000,1284,162,0,0,0,0,0,0,0,0,1285,93,0,0,0,0,0,0,0,0
255,2017-04-24,09:02:12,0,FG709,XZCE,1285,1277,1288,131698,3380231440,258362,284618,1352,1222,1287,1285,0,1285,0,0,0,2017-04-24,32532000,1284,163,0,0,0,0,0,0,0,0,1285,92,0,0,0,0,0,0,0,0
256,2017-04-24,09:02:12,0,FG709,XZCE,1285,1277,1288,131700,3380282840,258362,284618,1352,1222,1287,1285,0,1285,0,0,0,2017-04-24,32532000,1284,163,0,0,0,0,0,0,0,0,1285,91,0,0,0,0,0,0,0,0
257,2017-04-24,09:02:13,0,FG709,XZCE,1285,1277,1288,131752,3381619240,258378,284618,1352,1222,1287,1285,0,1285,0,0,0,2017-04-24,32533000,1284,163,0,0,0,0,0,0,0,0,1285,66,0,0,0,0,0,0,0,0
258,2017-04-24,09:02:13,0,FG709,XZCE,1284,1277,1288,131754,3381670600,258378,284618,1352,1222,1287,1285,0,1285,0,0,0,2017-04-24,32533000,1284,162,0,0,0,0,0,0,0,0,1285,66,0,0,0,0,0,0,0,0
259,2017-04-24,09:02:14,0,FG709,XZCE,1285,1277,1288,131798,3382801400,258382,284618,1352,1222,1287,1285,0,1285,0,0,0,2017-04-24,32534000,1284,146,0,0,0,0,0,0,0,0,1285,50,0,0,0,0,0,0,0,0
260,2017-04-24,09:02:14,0,FG709,XZCE,1285,1277,1288,131798,3382801400,258382,284618,1352,1222,1287,1285,0,1285,0,0,0,2017-04-24,32534000,1284,116,0,0,0,0,0,0,0,0,1285,52,0,0,0,0,0,0,0,0
261,2017-04-24,09:02:15,0,FG709,XZCE,1284,1277,1288,131806,3383006840,258380,284618,1352,1222,1287,1285,0,1285,0,0,0,2017-04-24,32535000,1284,115,0,0,0,0,0,0,0,0,1285,50,0,0,0,0,0,0,0,0
262,2017-04-24,09:02:15,0,FG709,XZCE,1285,1277,1288,131812,3383161040,258380,284618,1352,1222,1287,1285,0,1285,0,0,0,2017-04-24,32535000,1284,115,0,0,0,0,0,0,0,0,1285,50,0,0,0,0,0,0,0,0
263,2017-04-24,09:02:16,0,FG709,XZCE,1285,1277,1288,131816,3383263840,258380,284618,1352,1222,1287,1285,0,1285,0,0,0,2017-04-24,32536000,1284,115,0,0,0,0,0,0,0,0,1285,50,0,0,0,0,0,0,0,0
264,2017-04-24,09:02:16,0,FG709,XZCE,1284,1277,1288,131830,3383623360,258388,284618,1352,1222,1287,1285,0,1285,0,0,0,2017-04-24,32536000,1284,110,0,0,0,0,0,0,0,0,1285,61,0,0,0,0,0,0,0,0
265,2017-04-24,09:02:17,0,FG709,XZCE,1284,1277,1288,131854,3384239680,258386,284618,1352,1222,1287,1285,0,1285,0,0,0,2017-04-24,32537000,1284,98,0,0,0,0,0,0,0,0,1285,63,0,0,0,0,0,0,0,0
266,2017-04-24,09:02:17,0,FG709,XZCE,1285,1277,1288,131862,3384445280,258386,284618,1352,1222,1287,1285,0,1285,0,0,0,2017-04-24,32537000,1284,97,0,0,0,0,0,0,0,0,1285,65,0,0,0,0,0,0,0,0
267,2017-04-24,09:02:18,0,FG709,XZCE,1285,1277,1288,131862,3384445280,258386,284618,1352,1222,1287,1285,0,1285,0,0,0,2017-04-24,32538000,1284,98,0,0,0,0,0,0,0,0,1285,66,0,0,0,0,0,0,0,0
268,2017-04-24,09:02:18,0,FG709,XZCE,1285,1277,1288,131868,3384599480,258386,284618,1352,1222,1287,1285,0,1285,0,0,0,2017-04-24,32538000,1284,94,0,0,0,0,0,0,0,0,1285,63,0,0,0,0,0,0,0,0
269,2017-04-24,09:02:19,0,FG709,XZCE,1285,1277,1288,131870,3384650880,258386,284618,1352,1222,1287,1285,0,1285,0,0,0,2017-04-24,32539000,1284,94,0,0,0,0,0,0,0,0,1285,63,0,0,0,0,0,0,0,0
270,2017-04-24,09:02:19,0,FG709,XZCE,1285,1277,1288,131870,3384650880,258386,284618,1352,1222,1287,1285,0,1285,0,0,0,2017-04-24,32539000,1284,94,0,0,0,0,0,0,0,0,1285,70,0,0,0,0,0,0,0,0
271,2017-04-24,09:02:20,0,FG709,XZCE,1285,1277,1288,131872,3384702280,258388,284618,1352,1222,1287,1285,0,1285,0,0,0,2017-04-24,32540000,1284,95,0,0,0,0,0,0,0,0,1285,72,0,0,0,0,0,0,0,0
272,2017-04-24,09:02:20,0,FG709,XZCE,1285,1277,1288,131878,3384856480,258390,284618,1352,1222,1287,1285,0,1285,0,0,0,2017-04-24,32540000,1284,93,0,0,0,0,0,0,0,0,1285,77,0,0,0,0,0,0,0,0
273,2017-04-24,09:02:21,0,FG709,XZCE,1285,1277,1288,131888,3385113480,258390,284618,1352,1222,1287,1285,0,1285,0,0,0,2017-04-24,32541000,1284,93,0,0,0,0,0,0,0,0,1285,75,0,0,0,0,0,0,0,0
274,2017-04-24,09:02:21,0,FG709,XZCE,1284,1277,1288,131900,3385421640,258380,284618,1352,1222,1287,1285,0,1285,0,0,0,2017-04-24,32541000,1284,101,0,0,0,0,0,0,0,0,1285,72,0,0,0,0,0,0,0,0
275,2017-04-24,09:02:22,0,FG709,XZCE,1284,1277,1288,131992,3387784200,258288,284618,1352,1222,1287,1285,0,1285,0,0,0,2017-04-24,32542000,1284,60,0,0,0,0,0,0,0,0,1285,79,0,0,0,0,0,0,0,0
276,2017-04-24,09:02:22,0,FG709,XZCE,1284,1277,1288,132112,3390865800,258182,284618,1352,1222,1287,1285,0,1285,0,0,0,2017-04-24,32542000,1283,93,0,0,0,0,0,0,0,0,1284,136,0,0,0,0,0,0,0,0
277,2017-04-24,09:02:23,0,FG709,XZCE,1284,1277,1288,132112,3390865800,258182,284618,1352,1222,1287,1285,0,1285,0,0,0,2017-04-24,32543000,1283,93,0,0,0,0,0,0,0,0,1284,137,0,0,0,0,0,0,0,0
278,2017-04-24,09:02:24,0,FG709,XZCE,1284,1277,1288,132114,3390917160,258180,284618,1352,1222,1287,1285,0,1285,0,0,0,2017-04-24,32544000,1283,93,0,0,0,0,0,0,0,0,1284,136,0,0,0,0,0,0,0,0
279,2017-04-24,09:02:25,0,FG709,XZCE,1284,1277,1288,132122,3391122600,258172,284618,1352,1222,1287,1285,0,1285,0,0,0,2017-04-24,32545000,1283,93,0,0,0,0,0,0,0,0,1284,132,0,0,0,0,0,0,0,0
280,2017-04-24,09:02:26,0,FG709,XZCE,1284,1277,1288,132138,3391533480,258156,284618,1352,1222,1287,1285,0,1285,0,0,0,2017-04-24,32546000,1283,93,0,0,0,0,0,0,0,0,1284,124,0,0,0,0,0,0,0,0
281,2017-04-24,09:02:27,0,FG709,XZCE,1284,1277,1288,132138,3391533480,258156,284618,1352,1222,1287,1285,0,1285,0,0,0,2017-04-24,32547000,1283,95,0,0,0,0,0,0,0,0,1284,124,0,0,0,0,0,0,0,0
282,2017-04-24,09:02:27,0,FG709,XZCE,1283,1277,1288,132140,3391584800,258158,284618,1352,1222,1287,1285,0,1285,0,0,0,2017-04-24,32547000,1283,94,0,0,0,0,0,0,0,0,1284,124,0,0,0,0,0,0,0,0
283,2017-04-24,09:02:28,0,FG709,XZCE,1283,1277,1288,132144,3391687440,258156,284618,1352,1222,1287,1285,0,1285,0,0,0,2017-04-24,32548000,1283,93,0,0,0,0,0,0,0,0,1284,125,0,0,0,0,0,0,0,0
284,2017-04-24,09:02:28,0,FG709,XZCE,1283,1277,1288,132148,3391790080,258156,284618,1352,1222,1287,1285,0,1285,0,0,0,2017-04-24,32548000,1283,92,0,0,0,0,0,0,0,0,1284,124,0,0,0,0,0,0,0,0
285,2017-04-24,09:02:29,0,FG709,XZCE,1283,1277,1288,132168,3392303280,258176,284618,1352,1222,1287,1285,0,1285,0,0,0,2017-04-24,32549000,1283,82,0,0,0,0,0,0,0,0,1284,126,0,0,0,0,0,0,0,0
286,2017-04-24,09:02:29,0,FG709,XZCE,1283,1277,1288,132188,3392816480,258196,284618,1352,1222,1287,1285,0,1285,0,0,0,2017-04-24,32549000,1283,72,0,0,0,0,0,0,0,0,1284,126,0,0,0,0,0,0,0,0
287,2017-04-24,09:02:30,0,FG709,XZCE,1283,1277,1288,132190,3392867800,258196,284618,1352,1222,1287,1285,0,1285,0,0,0,2017-04-24,32550000,1283,71,0,0,0,0,0,0,0,0,1284,132,0,0,0,0,0,0,0,0
288,2017-04-24,09:02:30,0,FG709,XZCE,1283,1277,1288,132196,3393021760,258200,284618,1352,1222,1287,1285,0,1285,0,0,0,2017-04-24,32550000,1283,68,0,0,0,0,0,0,0,0,1284,132,0,0,0,0,0,0,0,0
289,2017-04-24,09:02:31,0,FG709,XZCE,1283,1277,1288,132200,3393124400,258198,284618,1352,1222,1287,1285,0,1285,0,0,0,2017-04-24,32551000,1283,67,0,0,0,0,0,0,0,0,1284,133,0,0,0,0,0,0,0,0
290,2017-04-24,09:02:31,0,FG709,XZCE,1283,1277,1288,132202,3393175720,258200,284618,1352,1222,1287,1285,0,1285,0,0,0,2017-04-24,32551000,1283,66,0,0,0,0,0,0,0,0,1284,133,0,0,0,0,0,0,0,0
291,2017-04-24,09:02:32,0,FG709,XZCE,1283,1277,1288,132220,3393637600,258216,284618,1352,1222,1287,1285,0,1285,0,0,0,2017-04-24,32552000,1283,57,0,0,0,0,0,0,0,0,1284,133,0,0,0,0,0,0,0,0
292,2017-04-24,09:02:32,0,FG709,XZCE,1284,1277,1288,132232,3393945760,258214,284618,1352,1222,1287,1285,0,1285,0,0,0,2017-04-24,32552000,1283,69,0,0,0,0,0,0,0,0,1284,133,0,0,0,0,0,0,0,0
293,2017-04-24,09:02:33,0,FG709,XZCE,1284,1277,1288,132232,3393945760,258214,284618,1352,1222,1287,1285,0,1285,0,0,0,2017-04-24,32553000,1283,69,0,0,0,0,0,0,0,0,1284,134,0,0,0,0,0,0,0,0
294,2017-04-24,09:02:33,0,FG709,XZCE,1284,1277,1288,132236,3394048480,258216,284618,1352,1222,1287,1285,0,1285,0,0,0,2017-04-24,32553000,1283,69,0,0,0,0,0,0,0,0,1284,133,0,0,0,0,0,0,0,0
295,2017-04-24,09:02:34,0,FG709,XZCE,1283,1277,1288,132246,3394305080,258224,284618,1352,1222,1287,1285,0,1285,0,0,0,2017-04-24,32554000,1283,64,0,0,0,0,0,0,0,0,1284,137,0,0,0,0,0,0,0,0
296,2017-04-24,09:02:34,0,FG709,XZCE,1284,1277,1288,132258,3394613240,258228,284618,1352,1222,1287,1285,0,1285,0,0,0,2017-04-24,32554000,1283,64,0,0,0,0,0,0,0,0,1284,139,0,0,0,0,0,0,0,0
297,2017-04-24,09:02:35,0,FG709,XZCE,1284,1277,1288,132280,3395178200,258220,284618,1352,1222,1287,1285,0,1285,0,0,0,2017-04-24,32555000,1283,54,0,0,0,0,0,0,0,0,1284,138,0,0,0,0,0,0,0,0
298,2017-04-24,09:02:35,0,FG709,XZCE,1283,1277,1288,132388,3397949480,258238,284618,1352,1222,1287,1285,0,1285,0,0,0,2017-04-24,32555000,1282,77,0,0,0,0,0,0,0,0,1283,13,0,0,0,0,0,0,0,0
299,2017-04-24,09:02:36,0,FG709,XZCE,1282,1277,1288,132412,3398564840,258234,284618,1352,1222,1287,1285,0,1285,0,0,0,2017-04-24,32556000,1282,84,0,0,0,0,0,0,0,0,1283,28,0,0,0,0,0,0,0,0
300,2017-04-24,09:02:36,0,FG709,XZCE,1282,1277,1288,132412,3398564840,258234,284618,1352,1222,1287,1285,0,1285,0,0,0,2017-04-24,32556000,1282,84,0,0,0,0,0,0,0,0,1283,82,0,0,0,0,0,0,0,0
301,2017-04-24,09:02:37,0,FG709,XZCE,1282,1277,1288,132412,3398564840,258234,284618,1352,1222,1287,1285,0,1285,0,0,0,2017-04-24,32557000,1282,84,0,0,0,0,0,0,0,0,1283,148,0,0,0,0,0,0,0,0
302,2017-04-24,09:02:37,0,FG709,XZCE,1282,1277,1288,132412,3398564840,258234,284618,1352,1222,1287,1285,0,1285,0,0,0,2017-04-24,32557000,1282,83,0,0,0,0,0,0,0,0,1283,149,0,0,0,0,0,0,0,0
303,2017-04-24,09:02:38,0,FG709,XZCE,1282,1277,1288,132414,3398616120,258232,284618,1352,1222,1287,1285,0,1285,0,0,0,2017-04-24,32558000,1282,85,0,0,0,0,0,0,0,0,1283,151,0,0,0,0,0,0,0,0
304,2017-04-24,09:02:38,0,FG709,XZCE,1282,1277,1288,132422,3398821240,258234,284618,1352,1222,1287,1285,0,1285,0,0,0,2017-04-24,32558000,1282,121,0,0,0,0,0,0,0,0,1283,150,0,0,0,0,0,0,0,0
305,2017-04-24,09:02:39,0,FG709,XZCE,1283,1277,1288,132434,3399129160,258242,284618,1352,1222,1287,1285,0,1285,0,0,0,2017-04-24,32559000,1282,116,0,0,0,0,0,0,0,0,1283,147,0,0,0,0,0,0,0,0
306,2017-04-24,09:02:39,0,FG709,XZCE,1282,1277,1288,132438,3399231720,258242,284618,1352,1222,1287,1285,0,1285,0,0,0,2017-04-24,32559000,1282,157,0,0,0,0,0,0,0,0,1283,147,0,0,0,0,0,0,0,0
307,2017-04-24,09:02:40,0,FG709,XZCE,1283,1277,1288,132440,3399283040,258244,284618,1352,1222,1287,1285,0,1285,0,0,0,2017-04-24,32560000,1282,157,0,0,0,0,0,0,0,0,1283,148,0,0,0,0,0,0,0,0
308,2017-04-24,09:02:40,0,FG709,XZCE,1282,1277,1288,132454,3399642000,258236,284618,1352,1222,1287,1285,0,1285,0,0,0,2017-04-24,32560000,1282,152,0,0,0,0,0,0,0,0,1283,146,0,0,0,0,0,0,0,0
309,2017-04-24,09:02:41,0,FG709,XZCE,1282,1277,1288,132460,3399795840,258236,284618,1352,1222,1287,1285,0,1285,0,0,0,2017-04-24,32561000,1282,150,0,0,0,0,0,0,0,0,1283,148,0,0,0,0,0,0,0,0
310,2017-04-24,09:02:41,0,FG709,XZCE,1282,1277,1288,132468,3400000960,258236,284618,1352,1222,1287,1285,0,1285,0,0,0,2017-04-24,32561000,1282,136,0,0,0,0,0,0,0,0,1283,150,0,0,0,0,0,0,0,0
311,2017-04-24,09:02:42,0,FG709,XZCE,1282,1277,1288,132468,3400000960,258236,284618,1352,1222,1287,1285,0,1285,0,0,0,2017-04-24,32562000,1282,137,0,0,0,0,0,0,0,0,1283,150,0,0,0,0,0,0,0,0
312,2017-04-24,09:02:43,0,FG709,XZCE,1282,1277,1288,132482,3400359920,258240,284618,1352,1222,1287,1285,0,1285,0,0,0,2017-04-24,32563000,1282,130,0,0,0,0,0,0,0,0,1283,163,0,0,0,0,0,0,0,0
313,2017-04-24,09:02:43,0,FG709,XZCE,1282,1277,1288,132486,3400462480,258240,284618,1352,1222,1287,1285,0,1285,0,0,0,2017-04-24,32563000,1282,129,0,0,0,0,0,0,0,0,1283,165,0,0,0,0,0,0,0,0
314,2017-04-24,09:02:44,0,FG709,XZCE,1282,1277,1288,132488,3400513760,258240,284618,1352,1222,1287,1285,0,1285,0,0,0,2017-04-24,32564000,1282,128,0,0,0,0,0,0,0,0,1283,167,0,0,0,0,0,0,0,0
315,2017-04-24,09:02:44,0,FG709,XZCE,1282,1277,1288,132500,3400821440,258240,284618,1352,1222,1287,1285,0,1285,0,0,0,2017-04-24,32564000,1282,122,0,0,0,0,0,0,0,0,1283,134,0,0,0,0,0,0,0,0
316,2017-04-24,09:02:45,0,FG709,XZCE,1282,1277,1288,132510,3401077840,258232,284618,1352,1222,1287,1285,0,1285,0,0,0,2017-04-24,32565000,1282,117,0,0,0,0,0,0,0,0,1283,137,0,0,0,0,0,0,0,0
317,2017-04-24,09:02:45,0,FG709,XZCE,1282,1277,1288,132534,3401693200,258212,284618,1352,1222,1287,1285,0,1285,0,0,0,2017-04-24,32565000,1282,105,0,0,0,0,0,0,0,0,1283,138,0,0,0,0,0,0,0,0
318,2017-04-24,09:02:46,0,FG709,XZCE,1283,1277,1288,132554,3402206400,258218,284618,1352,1222,1287,1285,0,1285,0,0,0,2017-04-24,32566000,1282,98,0,0,0,0,0,0,0,0,1283,135,0,0,0,0,0,0,0,0
319,2017-04-24,09:02:46,0,FG709,XZCE,1282,1277,1288,132560,3402360240,258218,284618,1352,1222,1287,1285,0,1285,0,0,0,2017-04-24,32566000,1282,95,0,0,0,0,0,0,0,0,1283,135,0,0,0,0,0,0,0,0
320,2017-04-24,09:02:47,0,FG709,XZCE,1282,1277,1288,132610,3403642240,258232,284618,1352,1222,1287,1285,0,1285,0,0,0,2017-04-24,32567000,1282,80,0,0,0,0,0,0,0,0,1283,135,0,0,0,0,0,0,0,0
321,2017-04-24,09:02:47,0,FG709,XZCE,1282,1277,1288,132640,3404411440,258236,284618,1352,1222,1287,1285,0,1285,0,0,0,2017-04-24,32567000,1282,68,0,0,0,0,0,0,0,0,1283,136,0,0,0,0,0,0,0,0
322,2017-04-24,09:02:48,0,FG709,XZCE,1281,1277,1288,132794,3408356920,258114,284618,1352,1222,1287,1285,0,1285,0,0,0,2017-04-24,32568000,1281,387,0,0,0,0,0,0,0,0,1282,31,0,0,0,0,0,0,0,0
323,2017-04-24,09:02:48,0,FG709,XZCE,1282,1277,1288,132804,3408613320,258114,284618,1352,1222,1287,1285,0,1285,0,0,0,2017-04-24,32568000,1281,383,0,0,0,0,0,0,0,0,1282,32,0,0,0,0,0,0,0,0
324,2017-04-24,09:02:49,0,FG709,XZCE,1282,1277,1288,132806,3408664600,258114,284618,1352,1222,1287,1285,0,1285,0,0,0,2017-04-24,32569000,1281,373,0,0,0,0,0,0,0,0,1282,46,0,0,0,0,0,0,0,0
325,2017-04-24,09:02:49,0,FG709,XZCE,1282,1277,1288,132808,3408715880,258114,284618,1352,1222,1287,1285,0,1285,0,0,0,2017-04-24,32569000,1281,374,0,0,0,0,0,0,0,0,1282,57,0,0,0,0,0,0,0,0
326,2017-04-24,09:02:50,0,FG709,XZCE,1282,1277,1288,132808,3408715880,258114,284618,1352,1222,1287,1285,0,1285,0,0,0,2017-04-24,32570000,1281,374,0,0,0,0,0,0,0,0,1282,67,0,0,0,0,0,0,0,0
327,2017-04-24,09:02:50,0,FG709,XZCE,1282,1277,1288,132808,3408715880,258114,284618,1352,1222,1287,1285,0,1285,0,0,0,2017-04-24,32570000,1281,378,0,0,0,0,0,0,0,0,1282,71,0,0,0,0,0,0,0,0
328,2017-04-24,09:02:51,0,FG709,XZCE,1281,1277,1288,132814,3408869600,258108,284618,1352,1222,1287,1285,0,1285,0,0,0,2017-04-24,32571000,1281,375,0,0,0,0,0,0,0,0,1282,72,0,0,0,0,0,0,0,0
329,2017-04-24,09:02:51,0,FG709,XZCE,1281,1277,1288,132826,3409177040,258112,284618,1352,1222,1287,1285,0,1285,0,0,0,2017-04-24,32571000,1281,369,0,0,0,0,0,0,0,0,1282,74,0,0,0,0,0,0,0,0
330,2017-04-24,09:02:52,0,FG709,XZCE,1281,1277,1288,132830,3409279520,258114,284618,1352,1222,1287,1285,0,1285,0,0,0,2017-04-24,32572000,1281,368,0,0,0,0,0,0,0,0,1282,78,0,0,0,0,0,0,0,0
331,2017-04-24,09:02:52,0,FG709,XZCE,1281,1277,1288,132846,3409689440,258130,284618,1352,1222,1287,1285,0,1285,0,0,0,2017-04-24,32572000,1281,360,0,0,0,0,0,0,0,0,1282,78,0,0,0,0,0,0,0,0
332,2017-04-24,09:02:53,0,FG709,XZCE,1281,1277,1288,133254,3420142400,257810,284618,1352,1222,1287,1285,0,1285,0,0,0,2017-04-24,32573000,1281,160,0,0,0,0,0,0,0,0,1282,90,0,0,0,0,0,0,0,0
333,2017-04-24,09:02:53,0,FG709,XZCE,1281,1277,1288,133260,3420296120,257814,284618,1352,1222,1287,1285,0,1285,0,0,0,2017-04-24,32573000,1281,159,0,0,0,0,0,0,0,0,1282,88,0,0,0,0,0,0,0,0
334,2017-04-24,09:02:54,0,FG709,XZCE,1281,1277,1288,133582,3428545760,257530,284618,1352,1222,1287,1285,0,1285,0,0,0,2017-04-24,32574000,1280,325,0,0,0,0,0,0,0,0,1281,303,0,0,0,0,0,0,0,0
335,2017-04-24,09:02:54,0,FG709,XZCE,1280,1277,1288,133610,3429262560,257518,284618,1352,1222,1287,1285,0,1285,0,0,0,2017-04-24,32574000,1280,317,0,0,0,0,0,0,0,0,1281,318,0,0,0,0,0,0,0,0
336,2017-04-24,09:02:55,0,FG709,XZCE,1280,1277,1288,133706,3431720160,257508,284618,1352,1222,1287,1285,0,1285,0,0,0,2017-04-24,32575000,1280,278,0,0,0,0,0,0,0,0,1281,313,0,0,0,0,0,0,0,0
337,2017-04-24,09:02:55,0,FG709,XZCE,1280,1277,1288,133950,3437966560,257374,284618,1352,1222,1287,1285,0,1285,0,0,0,2017-04-24,32575000,1280,158,0,0,0,0,0,0,0,0,1281,312,0,0,0,0,0,0,0,0
338,2017-04-24,09:02:56,0,FG709,XZCE,1280,1277,1288,134268,3446107360,257192,284618,1352,1222,1287,1285,0,1285,0,0,0,2017-04-24,32576000,1279,151,0,0,0,0,0,0,0,0,1280,6,0,0,0,0,0,0,0,0
339,2017-04-24,09:02:56,0,FG709,XZCE,1280,1277,1288,134308,3447131360,257152,284618,1352,1222,1287,1285,0,1285,0,0,0,2017-04-24,32576000,1279,153,0,0,0,0,0,0,0,0,1280,116,0,0,0,0,0,0,0,0
340,2017-04-24,09:02:57,0,FG709,XZCE,1280,1277,1288,134308,3447131360,257152,284618,1352,1222,1287,1285,0,1285,0,0,0,2017-04-24,32577000,1279,153,0,0,0,0,0,0,0,0,1280,120,0,0,0,0,0,0,0,0
341,2017-04-24,09:02:57,0,FG709,XZCE,1280,1277,1288,134362,3448513760,257134,284618,1352,1222,1287,1285,0,1285,0,0,0,2017-04-24,32577000,1279,136,0,0,0,0,0,0,0,0,1280,116,0,0,0,0,0,0,0,0
342,2017-04-24,09:02:58,0,FG709,XZCE,1280,1277,1288,134458,3450971360,257062,284618,1352,1222,1287,1285,0,1285,0,0,0,2017-04-24,32578000,1279,97,0,0,0,0,0,0,0,0,1280,119,0,0,0,0,0,0,0,0
343,2017-04-24,09:02:58,0,FG709,XZCE,1279,1277,1288,134500,3452045720,257032,284618,1352,1222,1287,1285,0,1285,0,0,0,2017-04-24,32578000,1279,104,0,0,0,0,0,0,0,0,1281,313,0,0,0,0,0,0,0,0
344,2017-04-24,09:02:59,0,FG709,XZCE,1280,1277,1288,134552,3453376920,257004,284618,1352,1222,1287,1285,0,1285,0,0,0,2017-04-24,32579000,1280,63,0,0,0,0,0,0,0,0,1281,313,0,0,0,0,0,0,0,0
345,2017-04-24,09:02:59,0,FG709,XZCE,1280,1277,1288,134556,3453479320,257002,284618,1352,1222,1287,1285,0,1285,0,0,0,2017-04-24,32579000,1280,61,0,0,0,0,0,0,0,0,1281,313,0,0,0,0,0,0,0,0
346,2017-04-24,09:03:00,0,FG709,XZCE,1280,1277,1288,134568,3453786520,257002,284618,1352,1222,1287,1285,0,1285,0,0,0,2017-04-24,32580000,1280,60,0,0,0,0,0,0,0,0,1281,313,0,0,0,0,0,0,0,0
347,2017-04-24,09:03:00,0,FG709,XZCE,1280,1277,1288,134578,3454042520,257002,284618,1352,1222,1287,1285,0,1285,0,0,0,2017-04-24,32580000,1280,55,0,0,0,0,0,0,0,0,1281,311,0,0,0,0,0,0,0,0
348,2017-04-24,09:03:01,0,FG709,XZCE,1280,1277,1288,134596,3454503320,256986,284618,1352,1222,1287,1285,0,1285,0,0,0,2017-04-24,32581000,1280,97,0,0,0,0,0,0,0,0,1281,311,0,0,0,0,0,0,0,0
349,2017-04-24,09:03:01,0,FG709,XZCE,1281,1277,1288,134610,3454862000,256974,284618,1352,1222,1287,1285,0,1285,0,0,0,2017-04-24,32581000,1280,90,0,0,0,0,0,0,0,0,1281,307,0,0,0,0,0,0,0,0
350,2017-04-24,09:03:02,0,FG709,XZCE,1281,1277,1288,134650,3455886800,256944,284618,1352,1222,1287,1285,0,1285,0,0,0,2017-04-24,32582000,1280,76,0,0,0,0,0,0,0,0,1281,302,0,0,0,0,0,0,0,0
351,2017-04-24,09:03:02,0,FG709,XZCE,1280,1277,1288,134678,3456603600,256936,284618,1352,1222,1287,1285,0,1285,0,0,0,2017-04-24,32582000,1280,62,0,0,0,0,0,0,0,0,1281,302,0,0,0,0,0,0,0,0
352,2017-04-24,09:03:03,0,FG709,XZCE,1280,1277,1288,134694,3457013200,256946,284618,1352,1222,1287,1285,0,1285,0,0,0,2017-04-24,32583000,1280,87,0,0,0,0,0,0,0,0,1281,301,0,0,0,0,0,0,0,0
353,2017-04-24,09:03:03,0,FG709,XZCE,1281,1277,1288,134734,3458038000,256946,284618,1352,1222,1287,1285,0,1285,0,0,0,2017-04-24,32583000,1280,69,0,0,0,0,0,0,0,0,1281,298,0,0,0,0,0,0,0,0
354,2017-04-24,09:03:04,0,FG709,XZCE,1281,1277,1288,134760,3458704120,256968,284618,1352,1222,1287,1285,0,1285,0,0,0,2017-04-24,32584000,1280,58,0,0,0,0,0,0,0,0,1281,299,0,0,0,0,0,0,0,0
355,2017-04-24,09:03:04,0,FG709,XZCE,1280,1277,1288,134768,3458908920,256974,284618,1352,1222,1287,1285,0,1285,0,0,0,2017-04-24,32584000,1280,59,0,0,0,0,0,0,0,0,1281,300,0,0,0,0,0,0,0,0
356,2017-04-24,09:03:05,0,FG709,XZCE,1281,1277,1288,134782,3459267600,256974,284618,1352,1222,1287,1285,0,1285,0,0,0,2017-04-24,32585000,1280,64,0,0,0,0,0,0,0,0,1281,299,0,0,0,0,0,0,0,0
357,2017-04-24,09:03:05,0,FG709,XZCE,1280,1277,1288,134808,3459933200,256974,284618,1352,1222,1287,1285,0,1285,0,0,0,2017-04-24,32585000,1280,54,0,0,0,0,0,0,0,0,1281,300,0,0,0,0,0,0,0,0
358,2017-04-24,09:03:06,0,FG709,XZCE,1280,1277,1288,134812,3460035600,256972,284618,1352,1222,1287,1285,0,1285,0,0,0,2017-04-24,32586000,1280,54,0,0,0,0,0,0,0,0,1281,300,0,0,0,0,0,0,0,0
359,2017-04-24,09:03:06,0,FG709,XZCE,1280,1277,1288,134812,3460035600,256972,284618,1352,1222,1287,1285,0,1285,0,0,0,2017-04-24,32586000,1280,58,0,0,0,0,0,0,0,0,1281,300,0,0,0,0,0,0,0,0
360,2017-04-24,09:03:07,0,FG709,XZCE,1280,1277,1288,134828,3460445200,256972,284618,1352,1222,1287,1285,0,1285,0,0,0,2017-04-24,32587000,1280,67,0,0,0,0,0,0,0,0,1281,299,0,0,0,0,0,0,0,0
361,2017-04-24,09:03:07,0,FG709,XZCE,1281,1277,1288,134844,3460855120,256958,284618,1352,1222,1287,1285,0,1285,0,0,0,2017-04-24,32587000,1280,65,0,0,0,0,0,0,0,0,1281,293,0,0,0,0,0,0,0,0
362,2017-04-24,09:03:08,0,FG709,XZCE,1280,1277,1288,134886,3461930320,256918,284618,1352,1222,1287,1285,0,1285,0,0,0,2017-04-24,32588000,1280,46,0,0,0,0,0,0,0,0,1281,294,0,0,0,0,0,0,0,0
363,2017-04-24,09:03:08,0,FG709,XZCE,1280,1277,1288,134890,3462032720,256918,284618,1352,1222,1287,1285,0,1285,0,0,0,2017-04-24,32588000,1280,47,0,0,0,0,0,0,0,0,1281,294,0,0,0,0,0,0,0,0
364,2017-04-24,09:03:09,0,FG709,XZCE,1280,1277,1288,134944,3463415120,256926,284618,1352,1222,1287,1285,0,1285,0,0,0,2017-04-24,32589000,1280,30,0,0,0,0,0,0,0,0,1281,304,0,0,0,0,0,0,0,0
365,2017-04-24,09:03:09,0,FG709,XZCE,1281,1277,1288,134966,3463978760,256908,284618,1352,1222,1287,1285,0,1285,0,0,0,2017-04-24,32589000,1280,37,0,0,0,0,0,0,0,0,1281,303,0,0,0,0,0,0,0,0
366,2017-04-24,09:03:10,0,FG709,XZCE,1281,1277,1288,134974,3464183720,256906,284618,1352,1222,1287,1285,0,1285,0,0,0,2017-04-24,32590000,1280,42,0,0,0,0,0,0,0,0,1281,307,0,0,0,0,0,0,0,0
367,2017-04-24,09:03:10,0,FG709,XZCE,1280,1277,1288,135068,3466590120,256820,284618,1352,1222,1287,1285,0,1285,0,0,0,2017-04-24,32590000,1279,70,0,0,0,0,0,0,0,0,1280,232,0,0,0,0,0,0,0,0
368,2017-04-24,09:03:11,0,FG709,XZCE,1280,1277,1288,135126,3468074920,256776,284618,1352,1222,1287,1285,0,1285,0,0,0,2017-04-24,32591000,1279,60,0,0,0,0,0,0,0,0,1280,215,0,0,0,0,0,0,0,0
369,2017-04-24,09:03:11,0,FG709,XZCE,1280,1277,1288,135150,3468689320,256768,284618,1352,1222,1287,1285,0,1285,0,0,0,2017-04-24,32591000,1279,73,0,0,0,0,0,0,0,0,1280,224,0,0,0,0,0,0,0,0
370,2017-04-24,09:03:12,0,FG709,XZCE,1280,1277,1288,135600,3480209320,256368,284618,1352,1222,1287,1285,0,1285,0,0,0,2017-04-24,32592000,1280,20,0,0,0,0,0,0,0,0,1281,310,0,0,0,0,0,0,0,0
371,2017-04-24,09:03:12,0,FG709,XZCE,1280,1277,1288,135620,3480721320,256362,284618,1352,1222,1287,1285,0,1285,0,0,0,2017-04-24,32592000,1280,20,0,0,0,0,0,0,0,0,1281,308,0,0,0,0,0,0,0,0
372,2017-04-24,09:03:13,0,FG709,XZCE,1280,1277,1288,135632,3481028520,256362,284618,1352,1222,1287,1285,0,1285,0,0,0,2017-04-24,32593000,1280,36,0,0,0,0,0,0,0,0,1281,306,0,0,0,0,0,0,0,0
373,2017-04-24,09:03:13,0,FG709,XZCE,1280,1277,1288,135674,3482103720,256356,284618,1352,1222,1287,1285,0,1285,0,0,0,2017-04-24,32593000,1280,31,0,0,0,0,0,0,0,0,1281,296,0,0,0,0,0,0,0,0
374,2017-04-24,09:03:14,0,FG709,XZCE,1280,1277,1288,135674,3482103720,256356,284618,1352,1222,1287,1285,0,1285,0,0,0,2017-04-24,32594000,1280,34,0,0,0,0,0,0,0,0,1281,296,0,0,0,0,0,0,0,0
375,2017-04-24,09:03:14,0,FG709,XZCE,1281,1277,1288,135742,3483845880,256334,284618,1352,1222,1287,1285,0,1285,0,0,0,2017-04-24,32594000,1280,60,0,0,0,0,0,0,0,0,1281,28,0,0,0,0,0,0,0,0
376,2017-04-24,09:03:15,0,FG709,XZCE,1281,1277,1288,135846,3486510360,256274,284618,1352,1222,1287,1285,0,1285,0,0,0,2017-04-24,32595000,1281,29,0,0,0,0,0,0,0,0,1282,94,0,0,0,0,0,0,0,0
377,2017-04-24,09:03:15,0,FG709,XZCE,1281,1277,1288,135870,3487125240,256254,284618,1352,1222,1287,1285,0,1285,0,0,0,2017-04-24,32595000,1281,18,0,0,0,0,0,0,0,0,1282,92,0,0,0,0,0,0,0,0
378,2017-04-24,09:03:16,0,FG709,XZCE,1281,1277,1288,135906,3488047560,256218,284618,1352,1222,1287,1285,0,1285,0,0,0,2017-04-24,32596000,1280,63,0,0,0,0,0,0,0,0,1282,125,0,0,0,0,0,0,0,0
379,2017-04-24,09:03:16,0,FG709,XZCE,1281,1277,1288,135906,3488047560,256218,284618,1352,1222,1287,1285,0,1285,0,0,0,2017-04-24,32596000,1280,63,0,0,0,0,0,0,0,0,1281,1,0,0,0,0,0,0,0,0
380,2017-04-24,09:03:17,0,FG709,XZCE,1281,1277,1288,135912,3488201280,256216,284618,1352,1222,1287,1285,0,1285,0,0,0,2017-04-24,32597000,1280,46,0,0,0,0,0,0,0,0,1281,43,0,0,0,0,0,0,0,0
381,2017-04-24,09:03:17,0,FG709,XZCE,1281,1277,1288,135928,3488611200,256216,284618,1352,1222,1287,1285,0,1285,0,0,0,2017-04-24,32597000,1280,49,0,0,0,0,0,0,0,0,1281,35,0,0,0,0,0,0,0,0
382,2017-04-24,09:03:18,0,FG709,XZCE,1281,1277,1288,135932,3488713680,256220,284618,1352,1222,1287,1285,0,1285,0,0,0,2017-04-24,32598000,1280,61,0,0,0,0,0,0,0,0,1281,39,0,0,0,0,0,0,0,0
383,2017-04-24,09:03:18,0,FG709,XZCE,1281,1277,1288,135932,3488713680,256220,284618,1352,1222,1287,1285,0,1285,0,0,0,2017-04-24,32598000,1280,61,0,0,0,0,0,0,0,0,1281,72,0,0,0,0,0,0,0,0
384,2017-04-24,09:03:19,0,FG709,XZCE,1281,1277,1288,135944,3489021120,256218,284618,1352,1222,1287,1285,0,1285,0,0,0,2017-04-24,32599000,1280,70,0,0,0,0,0,0,0,0,1281,67,0,0,0,0,0,0,0,0
385,2017-04-24,09:03:19,0,FG709,XZCE,1281,1277,1288,135962,3489482280,256214,284618,1352,1222,1287,1285,0,1285,0,0,0,2017-04-24,32599000,1280,66,0,0,0,0,0,0,0,0,1281,62,0,0,0,0,0,0,0,0
386,2017-04-24,09:03:20,0,FG709,XZCE,1280,1277,1288,135970,3489687080,256214,284618,1352,1222,1287,1285,0,1285,0,0,0,2017-04-24,32600000,1280,66,0,0,0,0,0,0,0,0,1281,60,0,0,0,0,0,0,0,0
387,2017-04-24,09:03:20,0,FG709,XZCE,1281,1277,1288,135974,3489789560,256214,284618,1352,1222,1287,1285,0,1285,0,0,0,2017-04-24,32600000,1280,88,0,0,0,0,0,0,0,0,1281,48,0,0,0,0,0,0,0,0
388,2017-04-24,09:03:21,0,FG709,XZCE,1280,1277,1288,135978,3489891960,256214,284618,1352,1222,1287,1285,0,1285,0,0,0,2017-04-24,32601000,1280,93,0,0,0,0,0,0,0,0,1281,52,0,0,0,0,0,0,0,0
389,2017-04-24,09:03:21,0,FG709,XZCE,1280,1277,1288,135988,3490147960,256218,284618,1352,1222,1287,1285,0,1285,0,0,0,2017-04-24,32601000,1280,92,0,0,0,0,0,0,0,0,1281,53,0,0,0,0,0,0,0,0
390,2017-04-24,09:03:22,0,FG709,XZCE,1280,1277,1288,135994,3490301560,256212,284618,1352,1222,1287,1285,0,1285,0,0,0,2017-04-24,32602000,1280,89,0,0,0,0,0,0,0,0,1281,56,0,0,0,0,0,0,0,0
391,2017-04-24,09:03:22,0,FG709,XZCE,1280,1277,1288,136026,3491120760,256214,284618,1352,1222,1287,1285,0,1285,0,0,0,2017-04-24,32602000,1280,77,0,0,0,0,0,0,0,0,1281,54,0,0,0,0,0,0,0,0
392,2017-04-24,09:03:23,0,FG709,XZCE,1281,1277,1288,136050,3491735640,256216,284618,1352,1222,1287,1285,0,1285,0,0,0,2017-04-24,32603000,1280,66,0,0,0,0,0,0,0,0,1281,66,0,0,0,0,0,0,0,0
393,2017-04-24,09:03:23,0,FG709,XZCE,1280,1277,1288,136064,3492094040,256210,284618,1352,1222,1287,1285,0,1285,0,0,0,2017-04-24,32603000,1280,59,0,0,0,0,0,0,0,0,1281,66,0,0,0,0,0,0,0,0
394,2017-04-24,09:03:24,0,FG709,XZCE,1280,1277,1288,136104,3493118040,256184,284618,1352,1222,1287,1285,0,1285,0,0,0,2017-04-24,32604000,1280,49,0,0,0,0,0,0,0,0,1281,68,0,0,0,0,0,0,0,0
395,2017-04-24,09:03:24,0,FG709,XZCE,1281,1277,1288,136122,3493579200,256182,284618,1352,1222,1287,1285,0,1285,0,0,0,2017-04-24,32604000,1280,44,0,0,0,0,0,0,0,0,1281,65,0,0,0,0,0,0,0,0
396,2017-04-24,09:03:25,0,FG709,XZCE,1281,1277,1288,136152,3494347800,256160,284618,1352,1222,1287,1285,0,1285,0,0,0,2017-04-24,32605000,1280,45,0,0,0,0,0,0,0,0,1281,59,0,0,0,0,0,0,0,0
397,2017-04-24,09:03:25,0,FG709,XZCE,1281,1277,1288,136282,3497678400,256066,284618,1352,1222,1287,1285,0,1285,0,0,0,2017-04-24,32605000,1280,31,0,0,0,0,0,0,0,0,1281,37,0,0,0,0,0,0,0,0
398,2017-04-24,09:03:26,0,FG709,XZCE,1280,1277,1288,136290,3497883200,256064,284618,1352,1222,1287,1285,0,1285,0,0,0,2017-04-24,32606000,1280,40,0,0,0,0,0,0,0,0,1281,37,0,0,0,0,0,0,0,0
399,2017-04-24,09:03:26,0,FG709,XZCE,1280,1277,1288,136310,3498395200,256064,284618,1352,1222,1287,1285,0,1285,0,0,0,2017-04-24,32606000,1280,21,0,0,0,0,0,0,0,0,1281,50,0,0,0,0,0,0,0,0
400,2017-04-24,09:03:27,0,FG709,XZCE,1281,1277,1288,136316,3498548920,256062,284618,1352,1222,1287,1285,0,1285,0,0,0,2017-04-24,32607000,1280,26,0,0,0,0,0,0,0,0,1281,49,0,0,0,0,0,0,0,0
401,2017-04-24,09:03:27,0,FG709,XZCE,1280,1277,1288,136318,3498600120,256062,284618,1352,1222,1287,1285,0,1285,0,0,0,2017-04-24,32607000,1280,26,0,0,0,0,0,0,0,0,1281,49,0,0,0,0,0,0,0,0
402,2017-04-24,09:03:28,0,FG709,XZCE,1280,1277,1288,136366,3499828920,256018,284618,1352,1222,1287,1285,0,1285,0,0,0,2017-04-24,32608000,1280,9,0,0,0,0,0,0,0,0,1281,61,0,0,0,0,0,0,0,0
403,2017-04-24,09:03:28,0,FG709,XZCE,1281,1277,1288,136494,3503108280,256108,284618,1352,1222,1287,1285,0,1285,0,0,0,2017-04-24,32608000,1280,24,0,0,0,0,0,0,0,0,1281,36,0,0,0,0,0,0,0,0
404,2017-04-24,09:03:29,0,FG709,XZCE,1280,1277,1288,136570,3505053880,256092,284618,1352,1222,1287,1285,0,1285,0,0,0,2017-04-24,32609000,1280,13,0,0,0,0,0,0,0,0,1281,26,0,0,0,0,0,0,0,0
405,2017-04-24,09:03:29,0,FG709,XZCE,1280,1277,1288,136574,3505156280,256092,284618,1352,1222,1287,1285,0,1285,0,0,0,2017-04-24,32609000,1280,16,0,0,0,0,0,0,0,0,1281,30,0,0,0,0,0,0,0,0
406,2017-04-24,09:03:30,0,FG709,XZCE,1281,1277,1288,136578,3505258760,256090,284618,1352,1222,1287,1285,0,1285,0,0,0,2017-04-24,32610000,1280,48,0,0,0,0,0,0,0,0,1281,45,0,0,0,0,0,0,0,0
407,2017-04-24,09:03:30,0,FG709,XZCE,1280,1277,1288,136582,3505361160,256090,284618,1352,1222,1287,1285,0,1285,0,0,0,2017-04-24,32610000,1280,48,0,0,0,0,0,0,0,0,1281,48,0,0,0,0,0,0,0,0
408,2017-04-24,09:03:31,0,FG709,XZCE,1281,1277,1288,136708,3508589280,255986,284618,1352,1222,1287,1285,0,1285,0,0,0,2017-04-24,32611000,1279,103,0,0,0,0,0,0,0,0,1281,35,0,0,0,0,0,0,0,0
409,2017-04-24,09:03:31,0,FG709,XZCE,1281,1277,1288,136710,3508640520,255984,284618,1352,1222,1287,1285,0,1285,0,0,0,2017-04-24,32611000,1279,97,0,0,0,0,0,0,0,0,1280,1,0,0,0,0,0,0,0,0
410,2017-04-24,09:03:32,0,FG709,XZCE,1281,1277,1288,136716,3508794240,255982,284618,1352,1222,1287,1285,0,1285,0,0,0,2017-04-24,32612000,1279,97,0,0,0,0,0,0,0,0,1280,13,0,0,0,0,0,0,0,0
411,2017-04-24,09:03:32,0,FG709,XZCE,1280,1277,1288,136730,3509152640,255980,284618,1352,1222,1287,1285,0,1285,0,0,0,2017-04-24,32612000,1279,88,0,0,0,0,0,0,0,0,1280,41,0,0,0,0,0,0,0,0
412,2017-04-24,09:03:33,0,FG709,XZCE,1280,1277,1288,136730,3509152640,255980,284618,1352,1222,1287,1285,0,1285,0,0,0,2017-04-24,32613000,1279,90,0,0,0,0,0,0,0,0,1280,41,0,0,0,0,0,0,0,0
413,2017-04-24,09:03:33,0,FG709,XZCE,1279,1277,1288,136734,3509254960,255982,284618,1352,1222,1287,1285,0,1285,0,0,0,2017-04-24,32613000,1279,90,0,0,0,0,0,0,0,0,1280,41,0,0,0,0,0,0,0,0
414,2017-04-24,09:03:34,0,FG709,XZCE,1279,1277,1288,136750,3509664240,255986,284618,1352,1222,1287,1285,0,1285,0,0,0,2017-04-24,32614000,1279,83,0,0,0,0,0,0,0,0,1280,40,0,0,0,0,0,0,0,0
415,2017-04-24,09:03:34,0,FG709,XZCE,1279,1277,1288,136754,3509766560,255984,284618,1352,1222,1287,1285,0,1285,0,0,0,2017-04-24,32614000,1279,82,0,0,0,0,0,0,0,0,1280,41,0,0,0,0,0,0,0,0
416,2017-04-24,09:03:35,0,FG709,XZCE,1279,1277,1288,136774,3510278160,255974,284618,1352,1222,1287,1285,0,1285,0,0,0,2017-04-24,32615000,1279,77,0,0,0,0,0,0,0,0,1280,36,0,0,0,0,0,0,0,0
417,2017-04-24,09:03:35,0,FG709,XZCE,1280,1277,1288,136776,3510329360,255972,284618,1352,1222,1287,1285,0,1285,0,0,0,2017-04-24,32615000,1279,90,0,0,0,0,0,0,0,0,1280,36,0,0,0,0,0,0,0,0
418,2017-04-24,09:03:36,0,FG709,XZCE,1279,1277,1288,136810,3511199080,255982,284618,1352,1222,1287,1285,0,1285,0,0,0,2017-04-24,32616000,1279,91,0,0,0,0,0,0,0,0,1280,28,0,0,0,0,0,0,0,0
419,2017-04-24,09:03:36,0,FG709,XZCE,1279,1277,1288,136818,3511403720,255986,284618,1352,1222,1287,1285,0,1285,0,0,0,2017-04-24,32616000,1279,91,0,0,0,0,0,0,0,0,1280,27,0,0,0,0,0,0,0,0
420,2017-04-24,09:03:37,0,FG709,XZCE,1280,1277,1288,136870,3512734920,255996,284618,1352,1222,1287,1285,0,1285,0,0,0,2017-04-24,32617000,1279,86,0,0,0,0,0,0,0,0,1280,13,0,0,0,0,0,0,0,0
421,2017-04-24,09:03:37,0,FG709,XZCE,1279,1277,1288,136876,3512888400,255994,284618,1352,1222,1287,1285,0,1285,0,0,0,2017-04-24,32617000,1279,87,0,0,0,0,0,0,0,0,1280,18,0,0,0,0,0,0,0,0
422,2017-04-24,09:03:38,0,FG709,XZCE,1280,1277,1288,136978,3515499600,255912,284618,1352,1222,1287,1285,0,1285,0,0,0,2017-04-24,32618000,1279,46,0,0,0,0,0,0,0,0,1280,23,0,0,0,0,0,0,0,0
423,2017-04-24,09:03:38,0,FG709,XZCE,1279,1277,1288,136988,3515755400,255912,284618,1352,1222,1287,1285,0,1285,0,0,0,2017-04-24,32618000,1279,25,0,0,0,0,0,0,0,0,1280,34,0,0,0,0,0,0,0,0
424,2017-04-24,09:03:39,0,FG709,XZCE,1279,1277,1288,137004,3516164680,255914,284618,1352,1222,1287,1285,0,1285,0,0,0,2017-04-24,32619000,1279,20,0,0,0,0,0,0,0,0,1280,37,0,0,0,0,0,0,0,0
425,2017-04-24,09:03:39,0,FG709,XZCE,1278,1277,1288,137066,3517749400,255908,284618,1352,1222,1287,1285,0,1285,0,0,0,2017-04-24,32619000,1278,409,0,0,0,0,0,0,0,0,1279,37,0,0,0,0,0,0,0,0
426,2017-04-24,09:03:40,0,FG709,XZCE,1279,1277,1288,137134,3519488840,255906,284618,1352,1222,1287,1285,0,1285,0,0,0,2017-04-24,32620000,1278,411,0,0,0,0,0,0,0,0,1279,10,0,0,0,0,0,0,0,0
427,2017-04-24,09:03:40,0,FG709,XZCE,1279,1277,1288,137186,3520819000,255916,284618,1352,1222,1287,1285,0,1285,0,0,0,2017-04-24,32620000,1279,28,0,0,0,0,0,0,0,0,1280,103,0,0,0,0,0,0,0,0
428,2017-04-24,09:03:41,0,FG709,XZCE,1279,1277,1288,137188,3520870160,255914,284618,1352,1222,1287,1285,0,1285,0,0,0,2017-04-24,32621000,1279,27,0,0,0,0,0,0,0,0,1280,103,0,0,0,0,0,0,0,0
429,2017-04-24,09:03:41,0,FG709,XZCE,1278,1277,1288,137246,3522352640,255876,284618,1352,1222,1287,1285,0,1285,0,0,0,2017-04-24,32621000,1278,418,0,0,0,0,0,0,0,0,1279,38,0,0,0,0,0,0,0,0
430,2017-04-24,09:03:42,0,FG709,XZCE,1278,1277,1288,137282,3523272800,255868,284618,1352,1222,1287,1285,0,1285,0,0,0,2017-04-24,32622000,1278,413,0,0,0,0,0,0,0,0,1279,37,0,0,0,0,0,0,0,0
431,2017-04-24,09:03:42,0,FG709,XZCE,1279,1277,1288,137294,3523579760,255860,284618,1352,1222,1287,1285,0,1285,0,0,0,2017-04-24,32622000,1278,408,0,0,0,0,0,0,0,0,1279,36,0,0,0,0,0,0,0,0
432,2017-04-24,09:03:43,0,FG709,XZCE,1278,1277,1288,137306,3523886480,255850,284618,1352,1222,1287,1285,0,1285,0,0,0,2017-04-24,32623000,1278,405,0,0,0,0,0,0,0,0,1279,67,0,0,0,0,0,0,0,0
433,2017-04-24,09:03:44,0,FG709,XZCE,1279,1277,1288,137312,3524039960,255846,284618,1352,1222,1287,1285,0,1285,0,0,0,2017-04-24,32624000,1278,405,0,0,0,0,0,0,0,0,1279,66,0,0,0,0,0,0,0,0
434,2017-04-24,09:03:44,0,FG709,XZCE,1278,1277,1288,137376,3525675800,255832,284618,1352,1222,1287,1285,0,1285,0,0,0,2017-04-24,32624000,1278,386,0,0,0,0,0,0,0,0,1279,56,0,0,0,0,0,0,0,0
435,2017-04-24,09:03:44,0,FG709,XZCE,1279,1277,1288,137384,3525880440,255830,284618,1352,1222,1287,1285,0,1285,0,0,0,2017-04-24,32624000,1278,386,0,0,0,0,0,0,0,0,1279,53,0,0,0,0,0,0,0,0
436,2017-04-24,09:03:45,0,FG709,XZCE,1279,1277,1288,137414,3526647840,255850,284618,1352,1222,1287,1285,0,1285,0,0,0,2017-04-24,32625000,1278,384,0,0,0,0,0,0,0,0,1279,42,0,0,0,0,0,0,0,0
437,2017-04-24,09:03:45,0,FG709,XZCE,1279,1277,1288,137428,3527005960,255846,284618,1352,1222,1287,1285,0,1285,0,0,0,2017-04-24,32625000,1278,383,0,0,0,0,0,0,0,0,1279,49,0,0,0,0,0,0,0,0
438,2017-04-24,09:03:46,0,FG709,XZCE,1278,1277,1288,137432,3527108200,255844,284618,1352,1222,1287,1285,0,1285,0,0,0,2017-04-24,32626000,1278,392,0,0,0,0,0,0,0,0,1279,49,0,0,0,0,0,0,0,0
439,2017-04-24,09:03:46,0,FG709,XZCE,1278,1277,1288,137438,3527261560,255846,284618,1352,1222,1287,1285,0,1285,0,0,0,2017-04-24,32626000,1278,381,0,0,0,0,0,0,0,0,1279,61,0,0,0,0,0,0,0,0
440,2017-04-24,09:03:47,0,FG709,XZCE,1279,1277,1288,137480,3528335920,255848,284618,1352,1222,1287,1285,0,1285,0,0,0,2017-04-24,32627000,1278,362,0,0,0,0,0,0,0,0,1279,61,0,0,0,0,0,0,0,0
441,2017-04-24,09:03:47,0,FG709,XZCE,1279,1277,1288,137542,3529921880,255848,284618,1352,1222,1287,1285,0,1285,0,0,0,2017-04-24,32627000,1278,341,0,0,0,0,0,0,0,0,1279,52,0,0,0,0,0,0,0,0
442,2017-04-24,09:03:48,0,FG709,XZCE,1278,1277,1288,137584,3530995400,255848,284618,1352,1222,1287,1285,0,1285,0,0,0,2017-04-24,32628000,1278,331,0,0,0,0,0,0,0,0,1279,51,0,0,0,0,0,0,0,0
443,2017-04-24,09:03:48,0,FG709,XZCE,1279,1277,1288,137646,3532581360,255810,284618,1352,1222,1287,1285,0,1285,0,0,0,2017-04-24,32628000,1278,309,0,0,0,0,0,0,0,0,1279,51,0,0,0,0,0,0,0,0
444,2017-04-24,09:03:49,0,FG709,XZCE,1279,1277,1288,137652,3532734840,255812,284618,1352,1222,1287,1285,0,1285,0,0,0,2017-04-24,32629000,1278,307,0,0,0,0,0,0,0,0,1279,57,0,0,0,0,0,0,0,0
445,2017-04-24,09:03:49,0,FG709,XZCE,1278,1277,1288,137678,3533399400,255810,284618,1352,1222,1287,1285,0,1285,0,0,0,2017-04-24,32629000,1278,307,0,0,0,0,0,0,0,0,1279,57,0,0,0,0,0,0,0,0
446,2017-04-24,09:03:50,0,FG709,XZCE,1278,1277,1288,137728,3534677400,255766,284618,1352,1222,1287,1285,0,1285,0,0,0,2017-04-24,32630000,1278,283,0,0,0,0,0,0,0,0,1279,56,0,0,0,0,0,0,0,0
447,2017-04-24,09:03:50,0,FG709,XZCE,1278,1277,1288,137734,3534830760,255768,284618,1352,1222,1287,1285,0,1285,0,0,0,2017-04-24,32630000,1278,282,0,0,0,0,0,0,0,0,1279,56,0,0,0,0,0,0,0,0
448,2017-04-24,09:03:51,0,FG709,XZCE,1278,1277,1288,137760,3535495320,255756,284618,1352,1222,1287,1285,0,1285,0,0,0,2017-04-24,32631000,1278,272,0,0,0,0,0,0,0,0,1279,54,0,0,0,0,0,0,0,0
449,2017-04-24,09:03:51,0,FG709,XZCE,1278,1277,1288,137784,3536108760,255760,284618,1352,1222,1287,1285,0,1285,0,0,0,2017-04-24,32631000,1278,250,0,0,0,0,0,0,0,0,1279,54,0,0,0,0,0,0,0,0
450,2017-04-24,09:03:52,0,FG709,XZCE,1279,1277,1288,137786,3536159920,255762,284618,1352,1222,1287,1285,0,1285,0,0,0,2017-04-24,32632000,1278,253,0,0,0,0,0,0,0,0,1279,53,0,0,0,0,0,0,0,0
451,2017-04-24,09:03:52,0,FG709,XZCE,1279,1277,1288,137806,3536671520,255776,284618,1352,1222,1287,1285,0,1285,0,0,0,2017-04-24,32632000,1278,247,0,0,0,0,0,0,0,0,1279,51,0,0,0,0,0,0,0,0
452,2017-04-24,09:03:53,0,FG709,XZCE,1279,1277,1288,137834,3537387760,255798,284618,1352,1222,1287,1285,0,1285,0,0,0,2017-04-24,32633000,1278,261,0,0,0,0,0,0,0,0,1279,37,0,0,0,0,0,0,0,0
453,2017-04-24,09:03:53,0,FG709,XZCE,1279,1277,1288,137838,3537490080,255800,284618,1352,1222,1287,1285,0,1285,0,0,0,2017-04-24,32633000,1278,271,0,0,0,0,0,0,0,0,1279,35,0,0,0,0,0,0,0,0
454,2017-04-24,09:03:54,0,FG709,XZCE,1278,1277,1288,137870,3538308000,255822,284618,1352,1222,1287,1285,0,1285,0,0,0,2017-04-24,32634000,1278,256,0,0,0,0,0,0,0,0,1279,34,0,0,0,0,0,0,0,0
455,2017-04-24,09:03:54,0,FG709,XZCE,1278,1277,1288,137888,3538768080,255814,284618,1352,1222,1287,1285,0,1285,0,0,0,2017-04-24,32634000,1278,252,0,0,0,0,0,0,0,0,1279,30,0,0,0,0,0,0,0,0
456,2017-04-24,09:03:55,0,FG709,XZCE,1279,1277,1288,137902,3539126200,255806,284618,1352,1222,1287,1285,0,1285,0,0,0,2017-04-24,32635000,1278,251,0,0,0,0,0,0,0,0,1279,27,0,0,0,0,0,0,0,0
457,2017-04-24,09:03:55,0,FG709,XZCE,1279,1277,1288,137966,3540763320,255780,284618,1352,1222,1287,1285,0,1285,0,0,0,2017-04-24,32635000,1279,105,0,0,0,0,0,0,0,0,1280,181,0,0,0,0,0,0,0,0
458,2017-04-24,09:03:56,0,FG709,XZCE,1279,1277,1288,138008,3541837680,255756,284618,1352,1222,1287,1285,0,1285,0,0,0,2017-04-24,32636000,1279,91,0,0,0,0,0,0,0,0,1280,181,0,0,0,0,0,0,0,0
459,2017-04-24,09:03:56,0,FG709,XZCE,1279,1277,1288,138028,3542349280,255752,284618,1352,1222,1287,1285,0,1285,0,0,0,2017-04-24,32636000,1279,88,0,0,0,0,0,0,0,0,1280,181,0,0,0,0,0,0,0,0
460,2017-04-24,09:03:57,0,FG709,XZCE,1279,1277,1288,138028,3542349280,255752,284618,1352,1222,1287,1285,0,1285,0,0,0,2017-04-24,32637000,1279,104,0,0,0,0,0,0,0,0,1280,181,0,0,0,0,0,0,0,0
461,2017-04-24,09:03:58,0,FG709,XZCE,1279,1277,1288,138028,3542349280,255752,284618,1352,1222,1287,1285,0,1285,0,0,0,2017-04-24,32638000,1279,106,0,0,0,0,0,0,0,0,1280,182,0,0,0,0,0,0,0,0
462,2017-04-24,09:03:58,0,FG709,XZCE,1280,1277,1288,138094,3544038880,255782,284618,1352,1222,1287,1285,0,1285,0,0,0,2017-04-24,32638000,1279,115,0,0,0,0,0,0,0,0,1280,156,0,0,0,0,0,0,0,0
463,2017-04-24,09:03:58,0,FG709,XZCE,1279,1277,1288,138116,3544601640,255780,284618,1352,1222,1287,1285,0,1285,0,0,0,2017-04-24,32638000,1279,105,0,0,0,0,0,0,0,0,1280,167,0,0,0,0,0,0,0,0
464,2017-04-24,09:03:59,0,FG709,XZCE,1279,1277,1288,138244,3547875880,255794,284618,1352,1222,1287,1285,0,1285,0,0,0,2017-04-24,32639000,1279,68,0,0,0,0,0,0,0,0,1280,177,0,0,0,0,0,0,0,0
465,2017-04-24,09:03:59,0,FG709,XZCE,1279,1277,1288,138246,3547927040,255796,284618,1352,1222,1287,1285,0,1285,0,0,0,2017-04-24,32639000,1279,69,0,0,0,0,0,0,0,0,1280,177,0,0,0,0,0,0,0,0
466,2017-04-24,09:04:00,0,FG709,XZCE,1279,1277,1288,138274,3548643280,255794,284618,1352,1222,1287,1285,0,1285,0,0,0,2017-04-24,32640000,1279,46,0,0,0,0,0,0,0,0,1280,176,0,0,0,0,0,0,0,0
467,2017-04-24,09:04:01,0,FG709,XZCE,1280,1277,1288,138284,3548899280,255796,284618,1352,1222,1287,1285,0,1285,0,0,0,2017-04-24,32641000,1279,35,0,0,0,0,0,0,0,0,1280,179,0,0,0,0,0,0,0,0
468,2017-04-24,09:04:01,0,FG709,XZCE,1279,1277,1288,138290,3549052760,255798,284618,1352,1222,1287,1285,0,1285,0,0,0,2017-04-24,32641000,1279,36,0,0,0,0,0,0,0,0,1280,184,0,0,0,0,0,0,0,0
469,2017-04-24,09:04:01,0,FG709,XZCE,1279,1277,1288,138328,3550024800,255784,284618,1352,1222,1287,1285,0,1285,0,0,0,2017-04-24,32641000,1279,18,0,0,0,0,0,0,0,0,1280,184,0,0,0,0,0,0,0,0
470,2017-04-24,09:04:02,0,FG709,XZCE,1279,1277,1288,138332,3550127120,255784,284618,1352,1222,1287,1285,0,1285,0,0,0,2017-04-24,32642000,1279,17,0,0,0,0,0,0,0,0,1280,184,0,0,0,0,0,0,0,0
471,2017-04-24,09:04:02,0,FG709,XZCE,1279,1277,1288,138342,3550382920,255784,284618,1352,1222,1287,1285,0,1285,0,0,0,2017-04-24,32642000,1279,15,0,0,0,0,0,0,0,0,1280,184,0,0,0,0,0,0,0,0
472,2017-04-24,09:04:03,0,FG709,XZCE,1279,1277,1288,138426,3552531640,255758,284618,1352,1222,1287,1285,0,1285,0,0,0,2017-04-24,32643000,1278,255,0,0,0,0,0,0,0,0,1279,51,0,0,0,0,0,0,0,0
473,2017-04-24,09:04:04,0,FG709,XZCE,1279,1277,1288,138440,3552889760,255746,284618,1352,1222,1287,1285,0,1285,0,0,0,2017-04-24,32644000,1278,258,0,0,0,0,0,0,0,0,1279,94,0,0,0,0,0,0,0,0
474,2017-04-24,09:04:04,0,FG709,XZCE,1279,1277,1288,138458,3553350200,255730,284618,1352,1222,1287,1285,0,1285,0,0,0,2017-04-24,32644000,1278,245,0,0,0,0,0,0,0,0,1279,126,0,0,0,0,0,0,0,0
475,2017-04-24,09:04:04,0,FG709,XZCE,1279,1277,1288,138460,3553401360,255728,284618,1352,1222,1287,1285,0,1285,0,0,0,2017-04-24,32644000,1278,245,0,0,0,0,0,0,0,0,1279,125,0,0,0,0,0,0,0,0
476,2017-04-24,09:04:05,0,FG709,XZCE,1278,1277,1288,138512,3554730480,255688,284618,1352,1222,1287,1285,0,1285,0,0,0,2017-04-24,32645000,1278,244,0,0,0,0,0,0,0,0,1279,110,0,0,0,0,0,0,0,0
477,2017-04-24,09:04:05,0,FG709,XZCE,1279,1277,1288,138520,3554935120,255686,284618,1352,1222,1287,1285,0,1285,0,0,0,2017-04-24,32645000,1278,255,0,0,0,0,0,0,0,0,1279,97,0,0,0,0,0,0,0,0
478,2017-04-24,09:04:06,0,FG709,XZCE,1279,1277,1288,138560,3555958320,255696,284618,1352,1222,1287,1285,0,1285,0,0,0,2017-04-24,32646000,1278,255,0,0,0,0,0,0,0,0,1279,77,0,0,0,0,0,0,0,0
479,2017-04-24,09:04:06,0,FG709,XZCE,1279,1277,1288,138584,3556572240,255716,284618,1352,1222,1287,1285,0,1285,0,0,0,2017-04-24,32646000,1278,256,0,0,0,0,0,0,0,0,1279,66,0,0,0,0,0,0,0,0
480,2017-04-24,09:04:07,0,FG709,XZCE,1278,1277,1288,138590,3556725600,255712,284618,1352,1222,1287,1285,0,1285,0,0,0,2017-04-24,32647000,1278,258,0,0,0,0,0,0,0,0,1279,32,0,0,0,0,0,0,0,0
481,2017-04-24,09:04:07,0,FG709,XZCE,1278,1277,1288,138596,3556878960,255708,284618,1352,1222,1287,1285,0,1285,0,0,0,2017-04-24,32647000,1278,257,0,0,0,0,0,0,0,0,1279,30,0,0,0,0,0,0,0,0
482,2017-04-24,09:04:08,0,FG709,XZCE,1279,1277,1288,138616,3557390560,255706,284618,1352,1222,1287,1285,0,1285,0,0,0,2017-04-24,32648000,1278,249,0,0,0,0,0,0,0,0,1279,28,0,0,0,0,0,0,0,0
483,2017-04-24,09:04:08,0,FG709,XZCE,1279,1277,1288,138620,3557492880,255702,284618,1352,1222,1287,1285,0,1285,0,0,0,2017-04-24,32648000,1278,257,0,0,0,0,0,0,0,0,1279,26,0,0,0,0,0,0,0,0
484,2017-04-24,09:04:09,0,FG709,XZCE,1278,1277,1288,138716,3559946640,255656,284618,1352,1222,1287,1285,0,1285,0,0,0,2017-04-24,32649000,1278,242,0,0,0,0,0,0,0,0,1279,12,0,0,0,0,0,0,0,0
485,2017-04-24,09:04:10,0,FG709,XZCE,1279,1277,1288,138742,3560611720,255646,284618,1352,1222,1287,1285,0,1285,0,0,0,2017-04-24,32650000,1279,59,0,0,0,0,0,0,0,0,1280,163,0,0,0,0,0,0,0,0
486,2017-04-24,09:04:10,0,FG709,XZCE,1279,1277,1288,138752,3560867520,255644,284618,1352,1222,1287,1285,0,1285,0,0,0,2017-04-24,32650000,1279,55,0,0,0,0,0,0,0,0,1280,163,0,0,0,0,0,0,0,0
487,2017-04-24,09:04:10,0,FG709,XZCE,1279,1277,1288,138780,3561583760,255640,284618,1352,1222,1287,1285,0,1285,0,0,0,2017-04-24,32650000,1279,59,0,0,0,0,0,0,0,0,1280,147,0,0,0,0,0,0,0,0
488,2017-04-24,09:04:11,0,FG709,XZCE,1279,1277,1288,138794,3561941880,255638,284618,1352,1222,1287,1285,0,1285,0,0,0,2017-04-24,32651000,1279,58,0,0,0,0,0,0,0,0,1280,147,0,0,0,0,0,0,0,0
489,2017-04-24,09:04:11,0,FG709,XZCE,1280,1277,1288,138804,3562197880,255636,284618,1352,1222,1287,1285,0,1285,0,0,0,2017-04-24,32651000,1279,62,0,0,0,0,0,0,0,0,1280,144,0,0,0,0,0,0,0,0
490,2017-04-24,09:04:12,0,FG709,XZCE,1279,1277,1288,138812,3562402520,255634,284618,1352,1222,1287,1285,0,1285,0,0,0,2017-04-24,32652000,1279,44,0,0,0,0,0,0,0,0,1280,162,0,0,0,0,0,0,0,0
491,2017-04-24,09:04:12,0,FG709,XZCE,1279,1277,1288,138812,3562402520,255634,284618,1352,1222,1287,1285,0,1285,0,0,0,2017-04-24,32652000,1279,30,0,0,0,0,0,0,0,0,1280,172,0,0,0,0,0,0,0,0
492,2017-04-24,09:04:13,0,FG709,XZCE,1280,1277,1288,138816,3562504920,255634,284618,1352,1222,1287,1285,0,1285,0,0,0,2017-04-24,32653000,1279,41,0,0,0,0,0,0,0,0,1280,171,0,0,0,0,0,0,0,0
493,2017-04-24,09:04:13,0,FG709,XZCE,1280,1277,1288,138854,3563477720,255634,284618,1352,1222,1287,1285,0,1285,0,0,0,2017-04-24,32653000,1279,23,0,0,0,0,0,0,0,0,1280,170,0,0,0,0,0,0,0,0
494,2017-04-24,09:04:14,0,FG709,XZCE,1280,1277,1288,138916,3565064920,255622,284618,1352,1222,1287,1285,0,1285,0,0,0,2017-04-24,32654000,1278,358,0,0,0,0,0,0,0,0,1279,1,0,0,0,0,0,0,0,0
495,2017-04-24,09:04:14,0,FG709,XZCE,1279,1277,1288,138918,3565116080,255622,284618,1352,1222,1287,1285,0,1285,0,0,0,2017-04-24,32654000,1278,358,0,0,0,0,0,0,0,0,1279,1,0,0,0,0,0,0,0,0
496,2017-04-24,09:04:15,0,FG709,XZCE,1279,1277,1288,138920,3565167240,255622,284618,1352,1222,1287,1285,0,1285,0,0,0,2017-04-24,32655000,1278,358,0,0,0,0,0,0,0,0,1279,6,0,0,0,0,0,0,0,0
497,2017-04-24,09:04:15,0,FG709,XZCE,1278,1277,1288,138922,3565218360,255622,284618,1352,1222,1287,1285,0,1285,0,0,0,2017-04-24,32655000,1278,357,0,0,0,0,0,0,0,0,1279,25,0,0,0,0,0,0,0,0
498,2017-04-24,09:04:16,0,FG709,XZCE,1279,1277,1288,138924,3565269520,255622,284618,1352,1222,1287,1285,0,1285,0,0,0,2017-04-24,32656000,1278,358,0,0,0,0,0,0,0,0,1279,24,0,0,0,0,0,0,0,0
499,2017-04-24,09:04:17,0,FG709,XZCE,1279,1277,1288,138938,3565627640,255614,284618,1352,1222,1287,1285,0,1285,0,0,0,2017-04-24,32657000,1278,360,0,0,0,0,0,0,0,0,1279,17,0,0,0,0,0,0,0,0
500,2017-04-24,09:04:17,0,FG709,XZCE,1279,1277,1288,138942,3565729960,255618,284618,1352,1222,1287,1285,0,1285,0,0,0,2017-04-24,32657000,1278,360,0,0,0,0,0,0,0,0,1279,20,0,0,0,0,0,0,0,0
501,2017-04-24,09:04:18,0,FG709,XZCE,1279,1277,1288,138952,3565985760,255624,284618,1352,1222,1287,1285,0,1285,0,0,0,2017-04-24,32658000,1278,390,0,0,0,0,0,0,0,0,1279,15,0,0,0,0,0,0,0,0
502,2017-04-24,09:04:18,0,FG709,XZCE,1278,1277,1288,138984,3566803680,255628,284618,1352,1222,1287,1285,0,1285,0,0,0,2017-04-24,32658000,1278,391,0,0,0,0,0,0,0,0,1280,164,0,0,0,0,0,0,0,0
503,2017-04-24,09:04:18,0,FG709,XZCE,1279,1277,1288,138990,3566957160,255628,284618,1352,1222,1287,1285,0,1285,0,0,0,2017-04-24,32658000,1279,30,0,0,0,0,0,0,0,0,1280,178,0,0,0,0,0,0,0,0
504,2017-04-24,09:04:19,0,FG709,XZCE,1279,1277,1288,138994,3567059480,255626,284618,1352,1222,1287,1285,0,1285,0,0,0,2017-04-24,32659000,1279,29,0,0,0,0,0,0,0,0,1280,181,0,0,0,0,0,0,0,0
505,2017-04-24,09:04:19,0,FG709,XZCE,1279,1277,1288,139006,3567366440,255626,284618,1352,1222,1287,1285,0,1285,0,0,0,2017-04-24,32659000,1279,25,0,0,0,0,0,0,0,0,1280,181,0,0,0,0,0,0,0,0
506,2017-04-24,09:04:20,0,FG709,XZCE,1279,1277,1288,139008,3567417600,255626,284618,1352,1222,1287,1285,0,1285,0,0,0,2017-04-24,32660000,1279,25,0,0,0,0,0,0,0,0,1280,181,0,0,0,0,0,0,0,0
507,2017-04-24,09:04:21,0,FG709,XZCE,1279,1277,1288,139026,3567878040,255626,284618,1352,1222,1287,1285,0,1285,0,0,0,2017-04-24,32661000,1279,16,0,0,0,0,0,0,0,0,1280,181,0,0,0,0,0,0,0,0
508,2017-04-24,09:04:21,0,FG709,XZCE,1279,1277,1288,139030,3567980360,255626,284618,1352,1222,1287,1285,0,1285,0,0,0,2017-04-24,32661000,1279,15,0,0,0,0,0,0,0,0,1280,181,0,0,0,0,0,0,0,0
509,2017-04-24,09:04:21,0,FG709,XZCE,1279,1277,1288,139062,3568798920,255602,284618,1352,1222,1287,1285,0,1285,0,0,0,2017-04-24,32661000,1278,401,0,0,0,0,0,0,0,0,1279,2,0,0,0,0,0,0,0,0
510,2017-04-24,09:04:22,0,FG709,XZCE,1279,1277,1288,139068,3568952400,255596,284618,1352,1222,1287,1285,0,1285,0,0,0,2017-04-24,32662000,1279,2,0,0,0,0,0,0,0,0,1280,182,0,0,0,0,0,0,0,0
511,2017-04-24,09:04:22,0,FG709,XZCE,1279,1277,1288,139068,3568952400,255596,284618,1352,1222,1287,1285,0,1285,0,0,0,2017-04-24,32662000,1279,5,0,0,0,0,0,0,0,0,1280,182,0,0,0,0,0,0,0,0
512,2017-04-24,09:04:23,0,FG709,XZCE,1280,1277,1288,139078,3569208400,255596,284618,1352,1222,1287,1285,0,1285,0,0,0,2017-04-24,32663000,1279,3,0,0,0,0,0,0,0,0,1280,179,0,0,0,0,0,0,0,0
513,2017-04-24,09:04:23,0,FG709,XZCE,1279,1277,1288,139094,3569617680,255584,284618,1352,1222,1287,1285,0,1285,0,0,0,2017-04-24,32663000,1278,401,0,0,0,0,0,0,0,0,1280,170,0,0,0,0,0,0,0,0
514,2017-04-24,09:04:24,0,FG709,XZCE,1279,1277,1288,139104,3569873480,255576,284618,1352,1222,1287,1285,0,1285,0,0,0,2017-04-24,32664000,1278,401,0,0,0,0,0,0,0,0,1279,6,0,0,0,0,0,0,0,0
515,2017-04-24,09:04:24,0,FG709,XZCE,1279,1277,1288,139104,3569873480,255576,284618,1352,1222,1287,1285,0,1285,0,0,0,2017-04-24,32664000,1278,401,0,0,0,0,0,0,0,0,1279,33,0,0,0,0,0,0,0,0
516,2017-04-24,09:04:25,0,FG709,XZCE,1279,1277,1288,139106,3569924640,255576,284618,1352,1222,1287,1285,0,1285,0,0,0,2017-04-24,32665000,1278,401,0,0,0,0,0,0,0,0,1279,44,0,0,0,0,0,0,0,0
517,2017-04-24,09:04:25,0,FG709,XZCE,1279,1277,1288,139124,3570385080,255586,284618,1352,1222,1287,1285,0,1285,0,0,0,2017-04-24,32665000,1278,402,0,0,0,0,0,0,0,0,1279,35,0,0,0,0,0,0,0,0
518,2017-04-24,09:04:26,0,FG709,XZCE,1279,1277,1288,139128,3570487400,255584,284618,1352,1222,1287,1285,0,1285,0,0,0,2017-04-24,32666000,1278,402,0,0,0,0,0,0,0,0,1279,60,0,0,0,0,0,0,0,0
519,2017-04-24,09:04:27,0,FG709,XZCE,1278,1277,1288,139130,3570538520,255584,284618,1352,1222,1287,1285,0,1285,0,0,0,2017-04-24,32667000,1278,401,0,0,0,0,0,0,0,0,1279,63,0,0,0,0,0,0,0,0
520,2017-04-24,09:04:27,0,FG709,XZCE,1278,1277,1288,139138,3570743000,255582,284618,1352,1222,1287,1285,0,1285,0,0,0,2017-04-24,32667000,1278,400,0,0,0,0,0,0,0,0,1279,62,0,0,0,0,0,0,0,0
521,2017-04-24,09:04:27,0,FG709,XZCE,1278,1277,1288,139138,3570743000,255582,284618,1352,1222,1287,1285,0,1285,0,0,0,2017-04-24,32667000,1278,399,0,0,0,0,0,0,0,0,1279,62,0,0,0,0,0,0,0,0
522,2017-04-24,09:04:28,0,FG709,XZCE,1279,1277,1288,139156,3571203440,255568,284618,1352,1222,1287,1285,0,1285,0,0,0,2017-04-24,32668000,1278,400,0,0,0,0,0,0,0,0,1279,53,0,0,0,0,0,0,0,0
523,2017-04-24,09:04:28,0,FG709,XZCE,1279,1277,1288,139158,3571254600,255566,284618,1352,1222,1287,1285,0,1285,0,0,0,2017-04-24,32668000,1278,400,0,0,0,0,0,0,0,0,1279,52,0,0,0,0,0,0,0,0
524,2017-04-24,09:04:29,0,FG709,XZCE,1279,1277,1288,139222,3572891720,255554,284618,1352,1222,1287,1285,0,1285,0,0,0,2017-04-24,32669000,1278,399,0,0,0,0,0,0,0,0,1279,22,0,0,0,0,0,0,0,0
525,2017-04-24,09:04:30,0,FG709,XZCE,1279,1277,1288,139248,3573556800,255572,284618,1352,1222,1287,1285,0,1285,0,0,0,2017-04-24,32670000,1278,390,0,0,0,0,0,0,0,0,1279,19,0,0,0,0,0,0,0,0
526,2017-04-24,09:04:30,0,FG709,XZCE,1278,1277,1288,139268,3574068000,255582,284618,1352,1222,1287,1285,0,1285,0,0,0,2017-04-24,32670000,1278,380,0,0,0,0,0,0,0,0,1279,17,0,0,0,0,0,0,0,0
527,2017-04-24,09:04:30,0,FG709,XZCE,1278,1277,1288,139268,3574068000,255582,284618,1352,1222,1287,1285,0,1285,0,0,0,2017-04-24,32670000,1278,381,0,0,0,0,0,0,0,0,1279,29,0,0,0,0,0,0,0,0
528,2017-04-24,09:04:31,0,FG709,XZCE,1279,1277,1288,139302,3574937720,255600,284618,1352,1222,1287,1285,0,1285,0,0,0,2017-04-24,32671000,1279,11,0,0,0,0,0,0,0,0,1280,188,0,0,0,0,0,0,0,0
529,2017-04-24,09:04:31,0,FG709,XZCE,1279,1277,1288,139318,3575347000,255616,284618,1352,1222,1287,1285,0,1285,0,0,0,2017-04-24,32671000,1279,22,0,0,0,0,0,0,0,0,1280,198,0,0,0,0,0,0,0,0
530,2017-04-24,09:04:32,0,FG709,XZCE,1279,1277,1288,139348,3576114400,255622,284618,1352,1222,1287,1285,0,1285,0,0,0,2017-04-24,32672000,1279,7,0,0,0,0,0,0,0,0,1280,198,0,0,0,0,0,0,0,0
531,2017-04-24,09:04:33,0,FG709,XZCE,1279,1277,1288,139348,3576114400,255622,284618,1352,1222,1287,1285,0,1285,0,0,0,2017-04-24,32673000,1279,12,0,0,0,0,0,0,0,0,1280,198,0,0,0,0,0,0,0,0
532,2017-04-24,09:04:33,0,FG709,XZCE,1279,1277,1288,139352,3576216720,255622,284618,1352,1222,1287,1285,0,1285,0,0,0,2017-04-24,32673000,1279,11,0,0,0,0,0,0,0,0,1280,197,0,0,0,0,0,0,0,0
533,2017-04-24,09:04:33,0,FG709,XZCE,1279,1277,1288,139352,3576216720,255622,284618,1352,1222,1287,1285,0,1285,0,0,0,2017-04-24,32673000,1279,14,0,0,0,0,0,0,0,0,1280,197,0,0,0,0,0,0,0,0
534,2017-04-24,09:04:34,0,FG709,XZCE,1278,1277,1288,139386,3577085760,255598,284618,1352,1222,1287,1285,0,1285,0,0,0,2017-04-24,32674000,1278,384,0,0,0,0,0,0,0,0,1279,30,0,0,0,0,0,0,0,0
535,2017-04-24,09:04:35,0,FG709,XZCE,1279,1277,1288,139422,3578006640,255564,284618,1352,1222,1287,1285,0,1285,0,0,0,2017-04-24,32675000,1278,389,0,0,0,0,0,0,0,0,1279,32,0,0,0,0,0,0,0,0
