,dataDate,dataTime,dataMillisec,instrumentID,exchangeCD,lastPrice,lowPrice,highPrice,volume,value,openInterest,preOpenInterest,upperLimitPrice,lowerLimitPrice,preSettlementPrice,prevClosePrice,settlementPrice,openPrice,closePrice,preDelta,currDelta,clearingDay,milliSecOffset,bidPrice1,bidVolume1,bidPrice2,bidVolume2,bidPrice3,bidVolume3,bidPrice4,bidVolume4,bidPrice5,bidVolume5,askPrice1,askVolume1,askPrice2,askVolume2,askPrice3,askVolume3,askPrice4,askVolume4,askPrice5,askVolume5
0,2017-04-24,00:00:00,0,IC1705,CCFX,6260.2,0.0,0.0,0,0,18425,18425,0.0,0.0,6264,6260.2,0.0,0.0,0.0,0,0,2017-04-24,0,0.0,0,0,0,0,0,0,0,0,0,0.0,0,0,0,0,0,0,0,0,0
1,2017-04-24,07:03:53,500,IC1705,CCFX,6260.2,0.0,0.0,0,0,18425,18425,6890.4,5637.6,6264,6260.2,0.0,0.0,0.0,0,0,2017-04-24,25433500,0.0,0,0,0,0,0,0,0,0,0,0.0,0,0,0,0,0,0,0,0,0
2,2017-04-24,09:29:00,500,IC1705,CCFX,6244.8,6244.8,6244.8,44,54954240,18392,18425,6890.4,5637.6,6264,6260.2,0.0,6244.8,0.0,0,0,2017-04-24,34140500,6243.0,1,0,0,0,0,0,0,0,0,6245.0,1,0,0,0,0,0,0,0,0
3,2017-04-24,09:30:00,500,IC1705,CCFX,6245.0,6244.8,6245.0,51,63697200,18386,18425,6890.4,5637.6,6264,6260.2,0.0,6244.8,0.0,0,0,2017-04-24,34200500,6245.0,13,0,0,0,0,0,0,0,0,6249.0,3,0,0,0,0,0,0,0,0
4,2017-04-24,09:30:01,0,IC1705,CCFX,6247.6,6244.8,6249.0,55,68694640,18383,18425,6890.4,5637.6,6264,6260.2,0.0,6244.8,0.0,0,0,2017-04-24,34201000,6245.0,14,0,0,0,0,0,0,0,0,6248.8,1,0,0,0,0,0,0,0,0
5,2017-04-24,09:30:01,500,IC1705,CCFX,6249.0,6244.8,6249.0,62,77441640,18379,18425,6890.4,5637.6,6264,6260.2,0.0,6244.8,0.0,0,0,2017-04-24,34201500,6249.0,6,0,0,0,0,0,0,0,0,6250.0,1,0,0,0,0,0,0,0,0
6,2017-04-24,09:30:02,0,IC1705,CCFX,6250.0,6244.8,6250.0,66,82441040,18376,18425,6890.4,5637.6,6264,6260.2,0.0,6244.8,0.0,0,0,2017-04-24,34202000,6249.4,1,0,0,0,0,0,0,0,0,6252.8,1,0,0,0,0,0,0,0,0
7,2017-04-24,09:30:02,500,IC1705,CCFX,6252.6,6244.8,6252.6,69,86191360,18374,18425,6890.4,5637.6,6264,6260.2,0.0,6244.8,0.0,0,0,2017-04-24,34202500,6249.6,1,0,0,0,0,0,0,0,0,6252.8,1,0,0,0,0,0,0,0,0
8,2017-04-24,09:30:03,0,IC1705,CCFX,6249.6,6244.8,6252.6,72,89941200,18373,18425,6890.4,5637.6,6264,6260.2,0.0,6244.8,0.0,0,0,2017-04-24,34203000,6249.0,4,0,0,0,0,0,0,0,0,6252.6,1,0,0,0,0,0,0,0,0
9,2017-04-24,09:30:03,500,IC1705,CCFX,6249.2,6244.8,6252.6,73,91191040,18374,18425,6890.4,5637.6,6264,6260.2,0.0,6244.8,0.0,0,0,2017-04-24,34203500,6249.2,1,0,0,0,0,0,0,0,0,6252.2,1,0,0,0,0,0,0,0,0
10,2017-04-24,09:30:04,0,IC1705,CCFX,6249.4,6244.8,6252.6,77,96190960,18370,18425,6890.4,5637.6,6264,6260.2,0.0,6244.8,0.0,0,0,2017-04-24,34204000,6249.0,3,0,0,0,0,0,0,0,0,6252.0,1,0,0,0,0,0,0,0,0
11,2017-04-24,09:30:04,500,IC1705,CCFX,6252.0,6244.8,6252.6,81,101192520,18366,18425,6890.4,5637.6,6264,6260.2,0.0,6244.8,0.0,0,0,2017-04-24,34204500,6249.2,1,0,0,0,0,0,0,0,0,6252.2,1,0,0,0,0,0,0,0,0
12,2017-04-24,09:30:05,0,IC1705,CCFX,6252.8,6244.8,6252.8,82,102443080,18365,18425,6890.4,5637.6,6264,6260.2,0.0,6244.8,0.0,0,0,2017-04-24,34205000,6249.4,1,0,0,0,0,0,0,0,0,6254.0,1,0,0,0,0,0,0,0,0
13,2017-04-24,09:30:05,500,IC1705,CCFX,6252.2,6244.8,6252.8,85,106193440,18364,18425,6890.4,5637.6,6264,6260.2,0.0,6244.8,0.0,0,0,2017-04-24,34205500,6252.2,1,0,0,0,0,0,0,0,0,6253.8,1,0,0,0,0,0,0,0,0
14,2017-04-24,09:30:06,0,IC1705,CCFX,6249.0,6244.8,6252.8,88,109944120,18361,18425,6890.4,5637.6,6264,6260.2,0.0,6244.8,0.0,0,0,2017-04-24,34206000,6249.0,2,0,0,0,0,0,0,0,0,6253.4,1,0,0,0,0,0,0,0,0
15,2017-04-24,09:30:06,500,IC1705,CCFX,6253.2,6244.8,6253.2,93,116197160,18357,18425,6890.4,5637.6,6264,6260.2,0.0,6244.8,0.0,0,0,2017-04-24,34206500,6249.4,3,0,0,0,0,0,0,0,0,6253.2,3,0,0,0,0,0,0,0,0
16,2017-04-24,09:30:07,0,IC1705,CCFX,6253.2,6244.8,6253.2,97,121199320,18354,18425,6890.4,5637.6,6264,6260.2,0.0,6244.8,0.0,0,0,2017-04-24,34207000,6253.2,2,0,0,0,0,0,0,0,0,6253.6,1,0,0,0,0,0,0,0,0
17,2017-04-24,09:30:07,500,IC1705,CCFX,6253.8,6244.8,6253.8,99,123700720,18353,18425,6890.4,5637.6,6264,6260.2,0.0,6244.8,0.0,0,0,2017-04-24,34207500,6253.6,1,0,0,0,0,0,0,0,0,6254.0,1,0,0,0,0,0,0,0,0
18,2017-04-24,09:30:08,0,IC1705,CCFX,6253.6,6244.8,6254.0,103,128703760,18351,18425,6890.4,5637.6,6264,6260.2,0.0,6244.8,0.0,0,0,2017-04-24,34208000,6253.2,2,0,0,0,0,0,0,0,0,6255.0,6,0,0,0,0,0,0,0,0
19,2017-04-24,09:30:08,500,IC1705,CCFX,6253.2,6244.8,6254.0,104,129954400,18350,18425,6890.4,5637.6,6264,6260.2,0.0,6244.8,0.0,0,0,2017-04-24,34208500,6253.2,3,0,0,0,0,0,0,0,0,6254.8,1,0,0,0,0,0,0,0,0
20,2017-04-24,09:30:09,0,IC1705,CCFX,6253.2,6244.8,6254.0,105,131205040,18349,18425,6890.4,5637.6,6264,6260.2,0.0,6244.8,0.0,0,0,2017-04-24,34209000,6253.2,2,0,0,0,0,0,0,0,0,6255.0,6,0,0,0,0,0,0,0,0
21,2017-04-24,09:30:09,500,IC1705,CCFX,6253.2,6244.8,6254.0,106,132455680,18349,18425,6890.4,5637.6,6264,6260.2,0.0,6244.8,0.0,0,0,2017-04-24,34209500,6253.2,1,0,0,0,0,0,0,0,0,6255.0,6,0,0,0,0,0,0,0,0
22,2017-04-24,09:30:10,0,IC1705,CCFX,6253.2,6244.8,6254.0,107,133706320,18348,18425,6890.4,5637.6,6264,6260.2,0.0,6244.8,0.0,0,0,2017-04-24,34210000,6253.2,1,0,0,0,0,0,0,0,0,6254.8,2,0,0,0,0,0,0,0,0
23,2017-04-24,09:30:10,500,IC1705,CCFX,6253.2,6244.8,6255.0,111,138709880,18345,18425,6890.4,5637.6,6264,6260.2,0.0,6244.8,0.0,0,0,2017-04-24,34210500,6249.6,3,0,0,0,0,0,0,0,0,6255.0,4,0,0,0,0,0,0,0,0
24,2017-04-24,09:30:11,0,IC1705,CCFX,6253.2,6244.8,6255.0,111,138709880,18345,18425,6890.4,5637.6,6264,6260.2,0.0,6244.8,0.0,0,0,2017-04-24,34211000,6254.0,1,0,0,0,0,0,0,0,0,6254.4,1,0,0,0,0,0,0,0,0
25,2017-04-24,09:30:11,500,IC1705,CCFX,6254.2,6244.8,6255.0,116,144962880,18340,18425,6890.4,5637.6,6264,6260.2,0.0,6244.8,0.0,0,0,2017-04-24,34211500,6249.8,4,0,0,0,0,0,0,0,0,6255.0,4,0,0,0,0,0,0,0,0
26,2017-04-24,09:30:12,0,IC1705,CCFX,6254.2,6244.8,6255.0,117,146213720,18340,18425,6890.4,5637.6,6264,6260.2,0.0,6244.8,0.0,0,0,2017-04-24,34212000,6250.4,2,0,0,0,0,0,0,0,0,6254.4,1,0,0,0,0,0,0,0,0
27,2017-04-24,09:30:12,500,IC1705,CCFX,6254.2,6244.8,6255.0,117,146213720,18340,18425,6890.4,5637.6,6264,6260.2,0.0,6244.8,0.0,0,0,2017-04-24,34212500,6250.6,2,0,0,0,0,0,0,0,0,6254.0,1,0,0,0,0,0,0,0,0
28,2017-04-24,09:30:13,0,IC1705,CCFX,6250.8,6244.8,6255.0,118,147463880,18340,18425,6890.4,5637.6,6264,6260.2,0.0,6244.8,0.0,0,0,2017-04-24,34213000,6250.8,2,0,0,0,0,0,0,0,0,6255.0,4,0,0,0,0,0,0,0,0
29,2017-04-24,09:30:13,500,IC1705,CCFX,6254.6,6244.8,6255.0,119,148714800,18339,18425,6890.4,5637.6,6264,6260.2,0.0,6244.8,0.0,0,0,2017-04-24,34213500,6251.4,1,0,0,0,0,0,0,0,0,6255.0,4,0,0,0,0,0,0,0,0
30,2017-04-24,09:30:14,0,IC1705,CCFX,6251.8,6244.8,6255.0,121,151216160,18337,18425,6890.4,5637.6,6264,6260.2,0.0,6244.8,0.0,0,0,2017-04-24,34214000,6251.8,1,0,0,0,0,0,0,0,0,6254.0,1,0,0,0,0,0,0,0,0
31,2017-04-24,09:30:14,500,IC1705,CCFX,6254.0,6244.8,6255.0,122,152466960,18337,18425,6890.4,5637.6,6264,6260.2,0.0,6244.8,0.0,0,0,2017-04-24,34214500,6252.0,2,0,0,0,0,0,0,0,0,6253.8,1,0,0,0,0,0,0,0,0
32,2017-04-24,09:30:15,0,IC1705,CCFX,6254.0,6244.8,6255.0,123,153717760,18336,18425,6890.4,5637.6,6264,6260.2,0.0,6244.8,0.0,0,0,2017-04-24,34215000,6254.4,1,0,0,0,0,0,0,0,0,6255.0,4,0,0,0,0,0,0,0,0
33,2017-04-24,09:30:15,500,IC1705,CCFX,6255.0,6244.8,6255.0,127,158721520,18334,18425,6890.4,5637.6,6264,6260.2,0.0,6244.8,0.0,0,0,2017-04-24,34215500,6252.2,1,0,0,0,0,0,0,0,0,6255.0,2,0,0,0,0,0,0,0,0
34,2017-04-24,09:30:16,0,IC1705,CCFX,6255.0,6244.8,6255.0,127,158721520,18334,18425,6890.4,5637.6,6264,6260.2,0.0,6244.8,0.0,0,0,2017-04-24,34216000,6252.6,1,0,0,0,0,0,0,0,0,6255.0,2,0,0,0,0,0,0,0,0
35,2017-04-24,09:30:16,500,IC1705,CCFX,6252.8,6244.8,6255.0,129,161222640,18332,18425,6890.4,5637.6,6264,6260.2,0.0,6244.8,0.0,0,0,2017-04-24,34216500,6252.8,2,0,0,0,0,0,0,0,0,6255.0,2,0,0,0,0,0,0,0,0
36,2017-04-24,09:30:17,0,IC1705,CCFX,6252.8,6244.8,6255.0,129,161222640,18332,18425,6890.4,5637.6,6264,6260.2,0.0,6244.8,0.0,0,0,2017-04-24,34217000,6254.0,1,0,0,0,0,0,0,0,0,6255.0,2,0,0,0,0,0,0,0,0
37,2017-04-24,09:30:17,500,IC1705,CCFX,6255.0,6244.8,6255.0,130,162473640,18331,18425,6890.4,5637.6,6264,6260.2,0.0,6244.8,0.0,0,0,2017-04-24,34217500,6254.0,1,0,0,0,0,0,0,0,0,6255.0,1,0,0,0,0,0,0,0,0
38,2017-04-24,09:30:18,0,IC1705,CCFX,6254.0,6244.8,6255.0,131,163724440,18331,18425,6890.4,5637.6,6264,6260.2,0.0,6244.8,0.0,0,0,2017-04-24,34218000,6252.8,1,0,0,0,0,0,0,0,0,6254.0,2,0,0,0,0,0,0,0,0
39,2017-04-24,09:30:18,500,IC1705,CCFX,6254.0,6244.8,6255.0,132,164975240,18331,18425,6890.4,5637.6,6264,6260.2,0.0,6244.8,0.0,0,0,2017-04-24,34218500,6252.8,2,0,0,0,0,0,0,0,0,6254.0,1,0,0,0,0,0,0,0,0
40,2017-04-24,09:30:19,0,IC1705,CCFX,6255.0,6244.8,6255.0,134,167477040,18331,18425,6890.4,5637.6,6264,6260.2,0.0,6244.8,0.0,0,0,2017-04-24,34219000,6252.8,1,0,0,0,0,0,0,0,0,6257.8,1,0,0,0,0,0,0,0,0
41,2017-04-24,09:30:19,500,IC1705,CCFX,6253.2,6244.8,6255.0,136,169978320,18329,18425,6890.4,5637.6,6264,6260.2,0.0,6244.8,0.0,0,0,2017-04-24,34219500,6253.2,1,0,0,0,0,0,0,0,0,6255.0,1,0,0,0,0,0,0,0,0
42,2017-04-24,09:30:20,0,IC1705,CCFX,6253.0,6244.8,6255.0,138,172479560,18327,18425,6890.4,5637.6,6264,6260.2,0.0,6244.8,0.0,0,0,2017-04-24,34220000,6253.4,1,0,0,0,0,0,0,0,0,6254.6,1,0,0,0,0,0,0,0,0
43,2017-04-24,09:30:20,500,IC1705,CCFX,6253.2,6244.8,6255.0,139,173730200,18326,18425,6890.4,5637.6,6264,6260.2,0.0,6244.8,0.0,0,0,2017-04-24,34220500,6251.4,1,0,0,0,0,0,0,0,0,6252.8,1,0,0,0,0,0,0,0,0
44,2017-04-24,09:30:21,0,IC1705,CCFX,6253.6,6244.8,6255.0,145,181233720,18321,18425,6890.4,5637.6,6264,6260.2,0.0,6244.8,0.0,0,0,2017-04-24,34221000,6250.4,1,0,0,0,0,0,0,0,0,6255.0,1,0,0,0,0,0,0,0,0
45,2017-04-24,09:30:21,500,IC1705,CCFX,6253.6,6244.8,6255.0,145,181233720,18321,18425,6890.4,5637.6,6264,6260.2,0.0,6244.8,0.0,0,0,2017-04-24,34221500,6250.8,3,0,0,0,0,0,0,0,0,6254.6,1,0,0,0,0,0,0,0,0
46,2017-04-24,09:30:22,0,IC1705,CCFX,6253.6,6244.8,6255.0,145,181233720,18321,18425,6890.4,5637.6,6264,6260.2,0.0,6244.8,0.0,0,0,2017-04-24,34222000,6251.2,1,0,0,0,0,0,0,0,0,6254.4,1,0,0,0,0,0,0,0,0
47,2017-04-24,09:30:22,500,IC1705,CCFX,6253.6,6244.8,6255.0,145,181233720,18321,18425,6890.4,5637.6,6264,6260.2,0.0,6244.8,0.0,0,0,2017-04-24,34222500,6251.4,1,0,0,0,0,0,0,0,0,6254.4,2,0,0,0,0,0,0,0,0
48,2017-04-24,09:30:23,0,IC1705,CCFX,6254.4,6244.8,6255.0,147,183735480,18321,18425,6890.4,5637.6,6264,6260.2,0.0,6244.8,0.0,0,0,2017-04-24,34223000,6251.6,1,0,0,0,0,0,0,0,0,6254.6,1,0,0,0,0,0,0,0,0
49,2017-04-24,09:30:23,500,IC1705,CCFX,6254.4,6244.8,6255.0,147,183735480,18321,18425,6890.4,5637.6,6264,6260.2,0.0,6244.8,0.0,0,0,2017-04-24,34223500,6251.8,1,0,0,0,0,0,0,0,0,6254.6,1,0,0,0,0,0,0,0,0
50,2017-04-24,09:30:24,0,IC1705,CCFX,6253.4,6244.8,6255.0,150,187487000,18321,18425,6890.4,5637.6,6264,6260.2,0.0,6244.8,0.0,0,0,2017-04-24,34224000,6251.8,1,0,0,0,0,0,0,0,0,6253.4,2,0,0,0,0,0,0,0,0
51,2017-04-24,09:30:24,500,IC1705,CCFX,6253.4,6244.8,6255.0,151,188737680,18321,18425,6890.4,5637.6,6264,6260.2,0.0,6244.8,0.0,0,0,2017-04-24,34224500,6250.6,2,0,0,0,0,0,0,0,0,6253.2,1,0,0,0,0,0,0,0,0
52,2017-04-24,09:30:25,0,IC1705,CCFX,6253.2,6244.8,6255.0,153,191238960,18319,18425,6890.4,5637.6,6264,6260.2,0.0,6244.8,0.0,0,0,2017-04-24,34225000,6253.2,1,0,0,0,0,0,0,0,0,6253.4,1,0,0,0,0,0,0,0,0
53,2017-04-24,09:30:25,500,IC1705,CCFX,6253.4,6244.8,6255.0,154,192489640,18319,18425,6890.4,5637.6,6264,6260.2,0.0,6244.8,0.0,0,0,2017-04-24,34225500,6253.2,1,0,0,0,0,0,0,0,0,6253.6,1,0,0,0,0,0,0,0,0
54,2017-04-24,09:30:26,0,IC1705,CCFX,6253.2,6244.8,6255.0,156,194990920,18319,18425,6890.4,5637.6,6264,6260.2,0.0,6244.8,0.0,0,0,2017-04-24,34226000,6252.0,1,0,0,0,0,0,0,0,0,6253.6,1,0,0,0,0,0,0,0,0
55,2017-04-24,09:30:26,500,IC1705,CCFX,6252.0,6244.8,6255.0,157,196241320,18319,18425,6890.4,5637.6,6264,6260.2,0.0,6244.8,0.0,0,0,2017-04-24,34226500,6251.8,1,0,0,0,0,0,0,0,0,6253.6,1,0,0,0,0,0,0,0,0
56,2017-04-24,09:30:27,0,IC1705,CCFX,6253.6,6244.8,6255.0,158,197492040,18318,18425,6890.4,5637.6,6264,6260.2,0.0,6244.8,0.0,0,0,2017-04-24,34227000,6251.8,1,0,0,0,0,0,0,0,0,6255.0,1,0,0,0,0,0,0,0,0
57,2017-04-24,09:30:27,500,IC1705,CCFX,6253.6,6244.8,6255.0,158,197492040,18318,18425,6890.4,5637.6,6264,6260.2,0.0,6244.8,0.0,0,0,2017-04-24,34227500,6252.2,1,0,0,0,0,0,0,0,0,6255.0,1,0,0,0,0,0,0,0,0
58,2017-04-24,09:30:28,0,IC1705,CCFX,6255.0,6244.8,6255.0,159,198743040,18317,18425,6890.4,5637.6,6264,6260.2,0.0,6244.8,0.0,0,0,2017-04-24,34228000,6252.4,2,0,0,0,0,0,0,0,0,6257.4,1,0,0,0,0,0,0,0,0
59,2017-04-24,09:30:28,500,IC1705,CCFX,6255.0,6244.8,6255.0,159,198743040,18317,18425,6890.4,5637.6,6264,6260.2,0.0,6244.8,0.0,0,0,2017-04-24,34228500,6252.8,3,0,0,0,0,0,0,0,0,6257.0,1,0,0,0,0,0,0,0,0
60,2017-04-24,09:30:29,0,IC1705,CCFX,6257.0,6244.8,6257.0,160,199994440,18316,18425,6890.4,5637.6,6264,6260.2,0.0,6244.8,0.0,0,0,2017-04-24,34229000,6253.0,2,0,0,0,0,0,0,0,0,6257.2,2,0,0,0,0,0,0,0,0
61,2017-04-24,09:30:29,500,IC1705,CCFX,6257.0,6244.8,6257.0,160,199994440,18316,18425,6890.4,5637.6,6264,6260.2,0.0,6244.8,0.0,0,0,2017-04-24,34229500,6253.4,2,0,0,0,0,0,0,0,0,6257.0,1,0,0,0,0,0,0,0,0
62,2017-04-24,09:30:30,0,IC1705,CCFX,6257.0,6244.8,6257.0,160,199994440,18316,18425,6890.4,5637.6,6264,6260.2,0.0,6244.8,0.0,0,0,2017-04-24,34230000,6253.8,1,0,0,0,0,0,0,0,0,6256.6,1,0,0,0,0,0,0,0,0
63,2017-04-24,09:30:30,500,IC1705,CCFX,6257.0,6244.8,6257.0,160,199994440,18316,18425,6890.4,5637.6,6264,6260.2,0.0,6244.8,0.0,0,0,2017-04-24,34230500,6254.2,1,0,0,0,0,0,0,0,0,6256.6,1,0,0,0,0,0,0,0,0
64,2017-04-24,09:30:31,0,IC1705,CCFX,6254.2,6244.8,6257.0,161,201245280,18315,18425,6890.4,5637.6,6264,6260.2,0.0,6244.8,0.0,0,0,2017-04-24,34231000,6253.8,1,0,0,0,0,0,0,0,0,6256.6,1,0,0,0,0,0,0,0,0
65,2017-04-24,09:30:31,500,IC1705,CCFX,6254.2,6244.8,6257.0,161,201245280,18315,18425,6890.4,5637.6,6264,6260.2,0.0,6244.8,0.0,0,0,2017-04-24,34231500,6253.8,1,0,0,0,0,0,0,0,0,6256.4,1,0,0,0,0,0,0,0,0
66,2017-04-24,09:30:32,0,IC1705,CCFX,6254.2,6244.8,6257.0,161,201245280,18315,18425,6890.4,5637.6,6264,6260.2,0.0,6244.8,0.0,0,0,2017-04-24,34232000,6253.8,1,0,0,0,0,0,0,0,0,6256.4,1,0,0,0,0,0,0,0,0
67,2017-04-24,09:30:32,500,IC1705,CCFX,6253.8,6244.8,6257.0,162,202496040,18315,18425,6890.4,5637.6,6264,6260.2,0.0,6244.8,0.0,0,0,2017-04-24,34232500,6254.0,1,0,0,0,0,0,0,0,0,6256.0,1,0,0,0,0,0,0,0,0
68,2017-04-24,09:30:33,0,IC1705,CCFX,6253.8,6244.8,6257.0,162,202496040,18315,18425,6890.4,5637.6,6264,6260.2,0.0,6244.8,0.0,0,0,2017-04-24,34233000,6254.0,1,0,0,0,0,0,0,0,0,6256.0,1,0,0,0,0,0,0,0,0
69,2017-04-24,09:30:33,500,IC1705,CCFX,6253.8,6244.8,6257.0,162,202496040,18315,18425,6890.4,5637.6,6264,6260.2,0.0,6244.8,0.0,0,0,2017-04-24,34233500,6253.2,1,0,0,0,0,0,0,0,0,6256.0,1,0,0,0,0,0,0,0,0
70,2017-04-24,09:30:34,0,IC1705,CCFX,6253.8,6244.8,6257.0,162,202496040,18315,18425,6890.4,5637.6,6264,6260.2,0.0,6244.8,0.0,0,0,2017-04-24,34234000,6253.6,1,0,0,0,0,0,0,0,0,6255.8,1,0,0,0,0,0,0,0,0
71,2017-04-24,09:30:34,500,IC1705,CCFX,6253.8,6244.8,6257.0,162,202496040,18315,18425,6890.4,5637.6,6264,6260.2,0.0,6244.8,0.0,0,0,2017-04-24,34234500,6253.6,1,0,0,0,0,0,0,0,0,6256.0,1,0,0,0,0,0,0,0,0
72,2017-04-24,09:30:35,0,IC1705,CCFX,6253.2,6244.8,6257.0,164,204997400,18314,18425,6890.4,5637.6,6264,6260.2,0.0,6244.8,0.0,0,0,2017-04-24,34235000,6253.0,1,0,0,0,0,0,0,0,0,6253.6,1,0,0,0,0,0,0,0,0
73,2017-04-24,09:30:35,500,IC1705,CCFX,6253.2,6244.8,6257.0,166,207498760,18312,18425,6890.4,5637.6,6264,6260.2,0.0,6244.8,0.0,0,0,2017-04-24,34235500,6253.0,1,0,0,0,0,0,0,0,0,6255.8,1,0,0,0,0,0,0,0,0
74,2017-04-24,09:30:36,0,IC1705,CCFX,6253.2,6244.8,6257.0,166,207498760,18312,18425,6890.4,5637.6,6264,6260.2,0.0,6244.8,0.0,0,0,2017-04-24,34236000,6253.2,1,0,0,0,0,0,0,0,0,6255.6,1,0,0,0,0,0,0,0,0
75,2017-04-24,09:30:36,500,IC1705,CCFX,6253.0,6244.8,6257.0,168,210000000,18310,18425,6890.4,5637.6,6264,6260.2,0.0,6244.8,0.0,0,0,2017-04-24,34236500,6253.6,1,0,0,0,0,0,0,0,0,6255.6,1,0,0,0,0,0,0,0,0
76,2017-04-24,09:30:37,0,IC1705,CCFX,6253.0,6244.8,6257.0,169,211250600,18311,18425,6890.4,5637.6,6264,6260.2,0.0,6244.8,0.0,0,0,2017-04-24,34237000,6252.8,1,0,0,0,0,0,0,0,0,6255.4,1,0,0,0,0,0,0,0,0
77,2017-04-24,09:30:37,500,IC1705,CCFX,6253.0,6244.8,6257.0,169,211250600,18311,18425,6890.4,5637.6,6264,6260.2,0.0,6244.8,0.0,0,0,2017-04-24,34237500,6252.8,1,0,0,0,0,0,0,0,0,6255.2,1,0,0,0,0,0,0,0,0
78,2017-04-24,09:30:38,0,IC1705,CCFX,6253.0,6244.8,6257.0,169,211250600,18311,18425,6890.4,5637.6,6264,6260.2,0.0,6244.8,0.0,0,0,2017-04-24,34238000,6252.2,1,0,0,0,0,0,0,0,0,6255.2,1,0,0,0,0,0,0,0,0
79,2017-04-24,09:30:38,500,IC1705,CCFX,6253.0,6244.8,6257.0,170,212501200,18311,18425,6890.4,5637.6,6264,6260.2,0.0,6244.8,0.0,0,0,2017-04-24,34238500,6253.0,11,0,0,0,0,0,0,0,0,6254.8,1,0,0,0,0,0,0,0,0
80,2017-04-24,09:30:39,0,IC1705,CCFX,6253.0,6244.8,6257.0,170,212501200,18311,18425,6890.4,5637.6,6264,6260.2,0.0,6244.8,0.0,0,0,2017-04-24,34239000,6253.0,11,0,0,0,0,0,0,0,0,6254.6,1,0,0,0,0,0,0,0,0
81,2017-04-24,09:30:39,500,IC1705,CCFX,6254.6,6244.8,6257.0,173,216253560,18308,18425,6890.4,5637.6,6264,6260.2,0.0,6244.8,0.0,0,0,2017-04-24,34239500,6253.0,10,0,0,0,0,0,0,0,0,6255.2,1,0,0,0,0,0,0,0,0
82,2017-04-24,09:30:40,0,IC1705,CCFX,6254.6,6244.8,6257.0,173,216253560,18308,18425,6890.4,5637.6,6264,6260.2,0.0,6244.8,0.0,0,0,2017-04-24,34240000,6253.2,1,0,0,0,0,0,0,0,0,6255.2,1,0,0,0,0,0,0,0,0
83,2017-04-24,09:30:40,500,IC1705,CCFX,6253.2,6244.8,6257.0,174,217504200,18308,18425,6890.4,5637.6,6264,6260.2,0.0,6244.8,0.0,0,0,2017-04-24,34240500,6253.0,10,0,0,0,0,0,0,0,0,6255.0,1,0,0,0,0,0,0,0,0
84,2017-04-24,09:30:41,0,IC1705,CCFX,6253.2,6244.8,6257.0,174,217504200,18308,18425,6890.4,5637.6,6264,6260.2,0.0,6244.8,0.0,0,0,2017-04-24,34241000,6253.0,10,0,0,0,0,0,0,0,0,6254.8,1,0,0,0,0,0,0,0,0
85,2017-04-24,09:30:41,500,IC1705,CCFX,6254.8,6244.8,6257.0,176,220006080,18306,18425,6890.4,5637.6,6264,6260.2,0.0,6244.8,0.0,0,0,2017-04-24,34241500,6253.0,10,0,0,0,0,0,0,0,0,6255.0,1,0,0,0,0,0,0,0,0
86,2017-04-24,09:30:42,0,IC1705,CCFX,6255.0,6244.8,6257.0,177,221257080,18305,18425,6890.4,5637.6,6264,6260.2,0.0,6244.8,0.0,0,0,2017-04-24,34242000,6253.0,10,0,0,0,0,0,0,0,0,6255.4,1,0,0,0,0,0,0,0,0
87,2017-04-24,09:30:42,500,IC1705,CCFX,6253.2,6244.8,6257.0,178,222507720,18305,18425,6890.4,5637.6,6264,6260.2,0.0,6244.8,0.0,0,0,2017-04-24,34242500,6255.2,1,0,0,0,0,0,0,0,0,6255.4,1,0,0,0,0,0,0,0,0
88,2017-04-24,09:30:43,0,IC1705,CCFX,6255.2,6244.8,6257.0,179,223758760,18304,18425,6890.4,5637.6,6264,6260.2,0.0,6244.8,0.0,0,0,2017-04-24,34243000,6253.4,1,0,0,0,0,0,0,0,0,6255.4,1,0,0,0,0,0,0,0,0
89,2017-04-24,09:30:43,500,IC1705,CCFX,6255.4,6244.8,6257.0,181,226260840,18303,18425,6890.4,5637.6,6264,6260.2,0.0,6244.8,0.0,0,0,2017-04-24,34243500,6255.4,1,0,0,0,0,0,0,0,0,6256.0,1,0,0,0,0,0,0,0,0
90,2017-04-24,09:30:44,0,IC1705,CCFX,6255.0,6244.8,6257.0,183,228762920,18301,18425,6890.4,5637.6,6264,6260.2,0.0,6244.8,0.0,0,0,2017-04-24,34244000,6253.4,1,0,0,0,0,0,0,0,0,6255.2,1,0,0,0,0,0,0,0,0
91,2017-04-24,09:30:44,500,IC1705,CCFX,6255.0,6244.8,6257.0,183,228762920,18301,18425,6890.4,5637.6,6264,6260.2,0.0,6244.8,0.0,0,0,2017-04-24,34244500,6253.8,1,0,0,0,0,0,0,0,0,6255.2,1,0,0,0,0,0,0,0,0
92,2017-04-24,09:30:45,0,IC1705,CCFX,6255.0,6244.8,6257.0,183,228762920,18301,18425,6890.4,5637.6,6264,6260.2,0.0,6244.8,0.0,0,0,2017-04-24,34245000,6253.8,1,0,0,0,0,0,0,0,0,6254.6,1,0,0,0,0,0,0,0,0
93,2017-04-24,09:30:45,500,IC1705,CCFX,6255.2,6244.8,6257.0,185,231264960,18300,18425,6890.4,5637.6,6264,6260.2,0.0,6244.8,0.0,0,0,2017-04-24,34245500,6253.8,1,0,0,0,0,0,0,0,0,6255.4,1,0,0,0,0,0,0,0,0
94,2017-04-24,09:30:46,0,IC1705,CCFX,6255.2,6244.8,6257.0,185,231264960,18300,18425,6890.4,5637.6,6264,6260.2,0.0,6244.8,0.0,0,0,2017-04-24,34246000,6254.0,1,0,0,0,0,0,0,0,0,6254.6,1,0,0,0,0,0,0,0,0
95,2017-04-24,09:30:46,500,IC1705,CCFX,6254.6,6244.8,6257.0,190,237518960,18297,18425,6890.4,5637.6,6264,6260.2,0.0,6244.8,0.0,0,0,2017-04-24,34246500,6253.6,1,0,0,0,0,0,0,0,0,6255.4,1,0,0,0,0,0,0,0,0
96,2017-04-24,09:30:47,0,IC1705,CCFX,6253.0,6244.8,6257.0,193,241271200,18296,18425,6890.4,5637.6,6264,6260.2,0.0,6244.8,0.0,0,0,2017-04-24,34247000,6253.0,9,0,0,0,0,0,0,0,0,6253.8,1,0,0,0,0,0,0,0,0
97,2017-04-24,09:30:48,0,IC1705,CCFX,6253.8,6244.8,6257.0,194,242521960,18295,18425,6890.4,5637.6,6264,6260.2,0.0,6244.8,0.0,0,0,2017-04-24,34248000,6253.0,9,0,0,0,0,0,0,0,0,6253.6,1,0,0,0,0,0,0,0,0
98,2017-04-24,09:30:48,500,IC1705,CCFX,6253.6,6244.8,6257.0,196,245023280,18294,18425,6890.4,5637.6,6264,6260.2,0.0,6244.8,0.0,0,0,2017-04-24,34248500,6253.8,1,0,0,0,0,0,0,0,0,6255.4,1,0,0,0,0,0,0,0,0
99,2017-04-24,09:30:49,0,IC1705,CCFX,6253.6,6244.8,6257.0,196,245023280,18294,18425,6890.4,5637.6,6264,6260.2,0.0,6244.8,0.0,0,0,2017-04-24,34249000,6253.8,3,0,0,0,0,0,0,0,0,6255.4,1,0,0,0,0,0,0,0,0
100,2017-04-24,09:30:49,500,IC1705,CCFX,6253.8,6244.8,6257.0,199,248775560,18291,18425,6890.4,5637.6,6264,6260.2,0.0,6244.8,0.0,0,0,2017-04-24,34249500,6253.0,8,0,0,0,0,0,0,0,0,6255.4,1,0,0,0,0,0,0,0,0
101,2017-04-24,09:30:50,0,IC1705,CCFX,6253.8,6244.8,6257.0,199,248775560,18291,18425,6890.4,5637.6,6264,6260.2,0.0,6244.8,0.0,0,0,2017-04-24,34250000,6253.0,8,0,0,0,0,0,0,0,0,6255.4,1,0,0,0,0,0,0,0,0
102,2017-04-24,09:30:50,500,IC1705,CCFX,6253.0,6244.8,6257.0,201,251277200,18291,18425,6890.4,5637.6,6264,6260.2,0.0,6244.8,0.0,0,0,2017-04-24,34250500,6253.0,7,0,0,0,0,0,0,0,0,6253.8,2,0,0,0,0,0,0,0,0
103,2017-04-24,09:30:51,0,IC1705,CCFX,6253.0,6244.8,6257.0,201,251277200,18291,18425,6890.4,5637.6,6264,6260.2,0.0,6244.8,0.0,0,0,2017-04-24,34251000,6253.0,7,0,0,0,0,0,0,0,0,6253.8,1,0,0,0,0,0,0,0,0
104,2017-04-24,09:30:51,500,IC1705,CCFX,6253.0,6244.8,6257.0,201,251277200,18291,18425,6890.4,5637.6,6264,6260.2,0.0,6244.8,0.0,0,0,2017-04-24,34251500,6253.0,7,0,0,0,0,0,0,0,0,6253.8,1,0,0,0,0,0,0,0,0
105,2017-04-24,09:30:52,0,IC1705,CCFX,6253.0,6244.8,6257.0,202,252527800,18291,18425,6890.4,5637.6,6264,6260.2,0.0,6244.8,0.0,0,0,2017-04-24,34252000,6253.0,6,0,0,0,0,0,0,0,0,6253.8,1,0,0,0,0,0,0,0,0
106,2017-04-24,09:30:52,500,IC1705,CCFX,6253.0,6244.8,6257.0,205,256279600,18291,18425,6890.4,5637.6,6264,6260.2,0.0,6244.8,0.0,0,0,2017-04-24,34252500,6253.0,3,0,0,0,0,0,0,0,0,6253.8,1,0,0,0,0,0,0,0,0
107,2017-04-24,09:30:53,0,IC1705,CCFX,6253.0,6244.8,6257.0,208,260031400,18289,18425,6890.4,5637.6,6264,6260.2,0.0,6244.8,0.0,0,0,2017-04-24,34253000,6253.0,1,0,0,0,0,0,0,0,0,6253.2,1,0,0,0,0,0,0,0,0
108,2017-04-24,09:30:53,500,IC1705,CCFX,6253.0,6244.8,6257.0,210,262532600,18288,18425,6890.4,5637.6,6264,6260.2,0.0,6244.8,0.0,0,0,2017-04-24,34253500,6252.2,1,0,0,0,0,0,0,0,0,6253.8,1,0,0,0,0,0,0,0,0
109,2017-04-24,09:30:54,0,IC1705,CCFX,6252.2,6244.8,6257.0,211,263783040,18288,18425,6890.4,5637.6,6264,6260.2,0.0,6244.8,0.0,0,0,2017-04-24,34254000,6251.2,3,0,0,0,0,0,0,0,0,6253.8,2,0,0,0,0,0,0,0,0
110,2017-04-24,09:30:54,500,IC1705,CCFX,6252.2,6244.8,6257.0,211,263783040,18288,18425,6890.4,5637.6,6264,6260.2,0.0,6244.8,0.0,0,0,2017-04-24,34254500,6251.2,3,0,0,0,0,0,0,0,0,6253.6,1,0,0,0,0,0,0,0,0
111,2017-04-24,09:30:55,0,IC1705,CCFX,6252.2,6244.8,6257.0,211,263783040,18288,18425,6890.4,5637.6,6264,6260.2,0.0,6244.8,0.0,0,0,2017-04-24,34255000,6251.6,1,0,0,0,0,0,0,0,0,6253.6,1,0,0,0,0,0,0,0,0
112,2017-04-24,09:30:55,500,IC1705,CCFX,6251.6,6244.8,6257.0,212,265033360,18287,18425,6890.4,5637.6,6264,6260.2,0.0,6244.8,0.0,0,0,2017-04-24,34255500,6251.2,2,0,0,0,0,0,0,0,0,6253.6,1,0,0,0,0,0,0,0,0
113,2017-04-24,09:30:56,500,IC1705,CCFX,6251.6,6244.8,6257.0,212,265033360,18287,18425,6890.4,5637.6,6264,6260.2,0.0,6244.8,0.0,0,0,2017-04-24,34256500,6251.4,1,0,0,0,0,0,0,0,0,6253.6,1,0,0,0,0,0,0,0,0
114,2017-04-24,09:30:57,0,IC1705,CCFX,6251.6,6244.8,6257.0,212,265033360,18287,18425,6890.4,5637.6,6264,6260.2,0.0,6244.8,0.0,0,0,2017-04-24,34257000,6251.4,1,0,0,0,0,0,0,0,0,6253.6,1,0,0,0,0,0,0,0,0
115,2017-04-24,09:30:57,500,IC1705,CCFX,6251.6,6244.8,6257.0,212,265033360,18287,18425,6890.4,5637.6,6264,6260.2,0.0,6244.8,0.0,0,0,2017-04-24,34257500,6251.4,1,0,0,0,0,0,0,0,0,6253.4,1,0,0,0,0,0,0,0,0
116,2017-04-24,09:30:58,0,IC1705,CCFX,6251.4,6244.8,6257.0,213,266283640,18287,18425,6890.4,5637.6,6264,6260.2,0.0,6244.8,0.0,0,0,2017-04-24,34258000,6251.2,2,0,0,0,0,0,0,0,0,6253.2,1,0,0,0,0,0,0,0,0
117,2017-04-24,09:30:58,500,IC1705,CCFX,6251.4,6244.8,6257.0,213,266283640,18287,18425,6890.4,5637.6,6264,6260.2,0.0,6244.8,0.0,0,0,2017-04-24,34258500,6251.2,2,0,0,0,0,0,0,0,0,6253.2,1,0,0,0,0,0,0,0,0
118,2017-04-24,09:31:00,0,IC1705,CCFX,6251.4,6244.8,6257.0,213,266283640,18287,18425,6890.4,5637.6,6264,6260.2,0.0,6244.8,0.0,0,0,2017-04-24,34260000,6251.6,1,0,0,0,0,0,0,0,0,6253.2,1,0,0,0,0,0,0,0,0
119,2017-04-24,09:31:00,500,IC1705,CCFX,6251.6,6244.8,6257.0,214,267533960,18286,18425,6890.4,5637.6,6264,6260.2,0.0,6244.8,0.0,0,0,2017-04-24,34260500,6251.2,2,0,0,0,0,0,0,0,0,6253.2,1,0,0,0,0,0,0,0,0
120,2017-04-24,09:31:01,0,IC1705,CCFX,6253.0,6244.8,6257.0,215,268784560,18285,18425,6890.4,5637.6,6264,6260.2,0.0,6244.8,0.0,0,0,2017-04-24,34261000,6251.2,2,0,0,0,0,0,0,0,0,6252.8,1,0,0,0,0,0,0,0,0
121,2017-04-24,09:31:01,500,IC1705,CCFX,6252.8,6244.8,6257.0,219,273786800,18283,18425,6890.4,5637.6,6264,6260.2,0.0,6244.8,0.0,0,0,2017-04-24,34261500,6251.2,2,0,0,0,0,0,0,0,0,6253.4,5,0,0,0,0,0,0,0,0
122,2017-04-24,09:31:02,0,IC1705,CCFX,6252.8,6244.8,6257.0,219,273786800,18283,18425,6890.4,5637.6,6264,6260.2,0.0,6244.8,0.0,0,0,2017-04-24,34262000,6251.2,2,0,0,0,0,0,0,0,0,6253.2,1,0,0,0,0,0,0,0,0
123,2017-04-24,09:31:02,500,IC1705,CCFX,6253.2,6244.8,6257.0,220,275037440,18282,18425,6890.4,5637.6,6264,6260.2,0.0,6244.8,0.0,0,0,2017-04-24,34262500,6252.8,1,0,0,0,0,0,0,0,0,6253.4,5,0,0,0,0,0,0,0,0
124,2017-04-24,09:31:03,0,IC1705,CCFX,6253.2,6244.8,6257.0,220,275037440,18282,18425,6890.4,5637.6,6264,6260.2,0.0,6244.8,0.0,0,0,2017-04-24,34263000,6252.8,1,0,0,0,0,0,0,0,0,6253.4,5,0,0,0,0,0,0,0,0
125,2017-04-24,09:31:04,0,IC1705,CCFX,6253.2,6244.8,6257.0,220,275037440,18282,18425,6890.4,5637.6,6264,6260.2,0.0,6244.8,0.0,0,0,2017-04-24,34264000,6252.8,1,0,0,0,0,0,0,0,0,6253.4,5,0,0,0,0,0,0,0,0
126,2017-04-24,09:31:04,500,IC1705,CCFX,6252.8,6244.8,6257.0,221,276288000,18282,18425,6890.4,5637.6,6264,6260.2,0.0,6244.8,0.0,0,0,2017-04-24,34264500,6251.4,1,0,0,0,0,0,0,0,0,6253.0,1,0,0,0,0,0,0,0,0
127,2017-04-24,09:31:05,0,IC1705,CCFX,6252.8,6244.8,6257.0,221,276288000,18282,18425,6890.4,5637.6,6264,6260.2,0.0,6244.8,0.0,0,0,2017-04-24,34265000,6251.6,1,0,0,0,0,0,0,0,0,6253.0,1,0,0,0,0,0,0,0,0
128,2017-04-24,09:31:05,500,IC1705,CCFX,6252.8,6244.8,6257.0,221,276288000,18282,18425,6890.4,5637.6,6264,6260.2,0.0,6244.8,0.0,0,0,2017-04-24,34265500,6251.8,1,0,0,0,0,0,0,0,0,6253.0,1,0,0,0,0,0,0,0,0
129,2017-04-24,09:31:06,0,IC1705,CCFX,6252.8,6244.8,6257.0,221,276288000,18282,18425,6890.4,5637.6,6264,6260.2,0.0,6244.8,0.0,0,0,2017-04-24,34266000,6251.8,1,0,0,0,0,0,0,0,0,6252.8,1,0,0,0,0,0,0,0,0
130,2017-04-24,09:31:06,500,IC1705,CCFX,6252.8,6244.8,6257.0,221,276288000,18282,18425,6890.4,5637.6,6264,6260.2,0.0,6244.8,0.0,0,0,2017-04-24,34266500,6251.4,1,0,0,0,0,0,0,0,0,6251.8,1,0,0,0,0,0,0,0,0
131,2017-04-24,09:31:07,0,IC1705,CCFX,6251.2,6244.8,6257.0,222,277538240,18283,18425,6890.4,5637.6,6264,6260.2,0.0,6244.8,0.0,0,0,2017-04-24,34267000,6251.2,1,0,0,0,0,0,0,0,0,6251.8,1,0,0,0,0,0,0,0,0
132,2017-04-24,09:31:07,500,IC1705,CCFX,6251.2,6244.8,6257.0,223,278788480,18283,18425,6890.4,5637.6,6264,6260.2,0.0,6244.8,0.0,0,0,2017-04-24,34267500,6250.4,1,0,0,0,0,0,0,0,0,6251.8,1,0,0,0,0,0,0,0,0
133,2017-04-24,09:31:08,0,IC1705,CCFX,6251.2,6244.8,6257.0,223,278788480,18283,18425,6890.4,5637.6,6264,6260.2,0.0,6244.8,0.0,0,0,2017-04-24,34268000,6250.4,1,0,0,0,0,0,0,0,0,6251.2,1,0,0,0,0,0,0,0,0
134,2017-04-24,09:31:08,500,IC1705,CCFX,6251.2,6244.8,6257.0,223,278788480,18283,18425,6890.4,5637.6,6264,6260.2,0.0,6244.8,0.0,0,0,2017-04-24,34268500,6250.4,1,0,0,0,0,0,0,0,0,6251.0,1,0,0,0,0,0,0,0,0
135,2017-04-24,09:31:09,500,IC1705,CCFX,6251.2,6244.8,6257.0,228,285039040,18280,18425,6890.4,5637.6,6264,6260.2,0.0,6244.8,0.0,0,0,2017-04-24,34269500,6248.8,1,0,0,0,0,0,0,0,0,6251.8,1,0,0,0,0,0,0,0,0
136,2017-04-24,09:31:10,0,IC1705,CCFX,6251.2,6244.8,6257.0,228,285039040,18280,18425,6890.4,5637.6,6264,6260.2,0.0,6244.8,0.0,0,0,2017-04-24,34270000,6248.8,1,0,0,0,0,0,0,0,0,6251.4,1,0,0,0,0,0,0,0,0
137,2017-04-24,09:31:10,500,IC1705,CCFX,6251.2,6244.8,6257.0,228,285039040,18280,18425,6890.4,5637.6,6264,6260.2,0.0,6244.8,0.0,0,0,2017-04-24,34270500,6249.4,1,0,0,0,0,0,0,0,0,6249.6,1,0,0,0,0,0,0,0,0
138,2017-04-24,09:31:11,0,IC1705,CCFX,6249.6,6244.8,6257.0,229,286288960,18279,18425,6890.4,5637.6,6264,6260.2,0.0,6244.8,0.0,0,0,2017-04-24,34271000,6249.4,1,0,0,0,0,0,0,0,0,6251.2,2,0,0,0,0,0,0,0,0
139,2017-04-24,09:31:11,500,IC1705,CCFX,6249.4,6244.8,6257.0,231,288788760,18278,18425,6890.4,5637.6,6264,6260.2,0.0,6244.8,0.0,0,0,2017-04-24,34271500,6249.0,1,0,0,0,0,0,0,0,0,6251.2,2,0,0,0,0,0,0,0,0
140,2017-04-24,09:31:12,0,IC1705,CCFX,6249.0,6244.8,6257.0,232,290038560,18277,18425,6890.4,5637.6,6264,6260.2,0.0,6244.8,0.0,0,0,2017-04-24,34272000,6248.8,1,0,0,0,0,0,0,0,0,6249.0,1,0,0,0,0,0,0,0,0
141,2017-04-24,09:31:12,500,IC1705,CCFX,6248.8,6244.8,6257.0,234,292538120,18275,18425,6890.4,5637.6,6264,6260.2,0.0,6244.8,0.0,0,0,2017-04-24,34272500,6247.0,1,0,0,0,0,0,0,0,0,6251.2,2,0,0,0,0,0,0,0,0
142,2017-04-24,09:31:13,0,IC1705,CCFX,6248.8,6244.8,6257.0,234,292538120,18275,18425,6890.4,5637.6,6264,6260.2,0.0,6244.8,0.0,0,0,2017-04-24,34273000,6247.4,1,0,0,0,0,0,0,0,0,6250.8,5,0,0,0,0,0,0,0,0
143,2017-04-24,09:31:13,500,IC1705,CCFX,6248.8,6244.8,6257.0,234,292538120,18275,18425,6890.4,5637.6,6264,6260.2,0.0,6244.8,0.0,0,0,2017-04-24,34273500,6247.4,1,0,0,0,0,0,0,0,0,6250.0,1,0,0,0,0,0,0,0,0
144,2017-04-24,09:31:14,0,IC1705,CCFX,6248.8,6244.8,6257.0,234,292538120,18275,18425,6890.4,5637.6,6264,6260.2,0.0,6244.8,0.0,0,0,2017-04-24,34274000,6247.6,1,0,0,0,0,0,0,0,0,6249.8,2,0,0,0,0,0,0,0,0
145,2017-04-24,09:31:14,500,IC1705,CCFX,6248.8,6244.8,6257.0,234,292538120,18275,18425,6890.4,5637.6,6264,6260.2,0.0,6244.8,0.0,0,0,2017-04-24,34274500,6247.6,1,0,0,0,0,0,0,0,0,6249.8,2,0,0,0,0,0,0,0,0
146,2017-04-24,09:31:16,0,IC1705,CCFX,6243.8,6243.8,6257.0,240,300035720,18271,18425,6890.4,5637.6,6264,6260.2,0.0,6244.8,0.0,0,0,2017-04-24,34276000,6243.6,1,0,0,0,0,0,0,0,0,6248.8,1,0,0,0,0,0,0,0,0
147,2017-04-24,09:31:16,500,IC1705,CCFX,6243.8,6243.8,6257.0,240,300035720,18271,18425,6890.4,5637.6,6264,6260.2,0.0,6244.8,0.0,0,0,2017-04-24,34276500,6244.2,1,0,0,0,0,0,0,0,0,6248.2,1,0,0,0,0,0,0,0,0
148,2017-04-24,09:31:17,0,IC1705,CCFX,6243.8,6243.8,6257.0,240,300035720,18271,18425,6890.4,5637.6,6264,6260.2,0.0,6244.8,0.0,0,0,2017-04-24,34277000,6244.6,1,0,0,0,0,0,0,0,0,6247.8,2,0,0,0,0,0,0,0,0
149,2017-04-24,09:31:17,500,IC1705,CCFX,6244.8,6243.8,6257.0,245,306283520,18269,18425,6890.4,5637.6,6264,6260.2,0.0,6244.8,0.0,0,0,2017-04-24,34277500,6244.8,3,0,0,0,0,0,0,0,0,6249.8,1,0,0,0,0,0,0,0,0
150,2017-04-24,09:31:18,0,IC1705,CCFX,6249.6,6243.8,6257.0,247,308783320,18268,18425,6890.4,5637.6,6264,6260.2,0.0,6244.8,0.0,0,0,2017-04-24,34278000,6245.2,5,0,0,0,0,0,0,0,0,6249.8,1,0,0,0,0,0,0,0,0
151,2017-04-24,09:31:18,500,IC1705,CCFX,6249.6,6243.8,6257.0,247,308783320,18268,18425,6890.4,5637.6,6264,6260.2,0.0,6244.8,0.0,0,0,2017-04-24,34278500,6245.6,2,0,0,0,0,0,0,0,0,6248.8,1,0,0,0,0,0,0,0,0
152,2017-04-24,09:31:19,0,IC1705,CCFX,6249.6,6243.8,6257.0,247,308783320,18268,18425,6890.4,5637.6,6264,6260.2,0.0,6244.8,0.0,0,0,2017-04-24,34279000,6245.8,3,0,0,0,0,0,0,0,0,6248.6,1,0,0,0,0,0,0,0,0
153,2017-04-24,09:31:19,500,IC1705,CCFX,6249.6,6243.8,6257.0,247,308783320,18268,18425,6890.4,5637.6,6264,6260.2,0.0,6244.8,0.0,0,0,2017-04-24,34279500,6246.0,4,0,0,0,0,0,0,0,0,6248.6,1,0,0,0,0,0,0,0,0
154,2017-04-24,09:31:20,0,IC1705,CCFX,6246.8,6243.8,6257.0,248,310032680,18267,18425,6890.4,5637.6,6264,6260.2,0.0,6244.8,0.0,0,0,2017-04-24,34280000,6246.2,3,0,0,0,0,0,0,0,0,6248.6,1,0,0,0,0,0,0,0,0
155,2017-04-24,09:31:20,500,IC1705,CCFX,6246.8,6243.8,6257.0,248,310032680,18267,18425,6890.4,5637.6,6264,6260.2,0.0,6244.8,0.0,0,0,2017-04-24,34280500,6246.4,2,0,0,0,0,0,0,0,0,6248.8,1,0,0,0,0,0,0,0,0
156,2017-04-24,09:31:21,0,IC1705,CCFX,6246.8,6243.8,6257.0,248,310032680,18267,18425,6890.4,5637.6,6264,6260.2,0.0,6244.8,0.0,0,0,2017-04-24,34281000,6246.6,3,0,0,0,0,0,0,0,0,6248.8,1,0,0,0,0,0,0,0,0
157,2017-04-24,09:31:21,500,IC1705,CCFX,6246.8,6243.8,6257.0,248,310032680,18267,18425,6890.4,5637.6,6264,6260.2,0.0,6244.8,0.0,0,0,2017-04-24,34281500,6246.8,4,0,0,0,0,0,0,0,0,6248.8,1,0,0,0,0,0,0,0,0
158,2017-04-24,09:31:22,0,IC1705,CCFX,6248.8,6243.8,6257.0,249,311282440,18267,18425,6890.4,5637.6,6264,6260.2,0.0,6244.8,0.0,0,0,2017-04-24,34282000,6247.0,4,0,0,0,0,0,0,0,0,6248.6,1,0,0,0,0,0,0,0,0
159,2017-04-24,09:31:22,500,IC1705,CCFX,6247.2,6243.8,6257.0,251,313781600,18267,18425,6890.4,5637.6,6264,6260.2,0.0,6244.8,0.0,0,0,2017-04-24,34282500,6247.2,3,0,0,0,0,0,0,0,0,6248.8,1,0,0,0,0,0,0,0,0
160,2017-04-24,09:31:23,0,IC1705,CCFX,6248.8,6243.8,6257.0,252,315031360,18267,18425,6890.4,5637.6,6264,6260.2,0.0,6244.8,0.0,0,0,2017-04-24,34283000,6247.4,1,0,0,0,0,0,0,0,0,6250.0,1,0,0,0,0,0,0,0,0
161,2017-04-24,09:31:23,500,IC1705,CCFX,6248.8,6243.8,6257.0,252,315031360,18267,18425,6890.4,5637.6,6264,6260.2,0.0,6244.8,0.0,0,0,2017-04-24,34283500,6247.6,1,0,0,0,0,0,0,0,0,6250.0,1,0,0,0,0,0,0,0,0
162,2017-04-24,09:31:24,0,IC1705,CCFX,6248.8,6243.8,6257.0,252,315031360,18267,18425,6890.4,5637.6,6264,6260.2,0.0,6244.8,0.0,0,0,2017-04-24,34284000,6247.8,2,0,0,0,0,0,0,0,0,6250.0,1,0,0,0,0,0,0,0,0
163,2017-04-24,09:31:24,500,IC1705,CCFX,6248.8,6243.8,6257.0,252,315031360,18267,18425,6890.4,5637.6,6264,6260.2,0.0,6244.8,0.0,0,0,2017-04-24,34284500,6247.8,2,0,0,0,0,0,0,0,0,6250.0,1,0,0,0,0,0,0,0,0
164,2017-04-24,09:31:25,0,IC1705,CCFX,6247.8,6243.8,6257.0,253,316280920,18266,18425,6890.4,5637.6,6264,6260.2,0.0,6244.8,0.0,0,0,2017-04-24,34285000,6247.8,1,0,0,0,0,0,0,0,0,6250.0,1,0,0,0,0,0,0,0,0
165,2017-04-24,09:31:26,0,IC1705,CCFX,6247.8,6243.8,6257.0,254,317530480,18266,18425,6890.4,5637.6,6264,6260.2,0.0,6244.8,0.0,0,0,2017-04-24,34286000,6247.6,1,0,0,0,0,0,0,0,0,6250.0,1,0,0,0,0,0,0,0,0
166,2017-04-24,09:31:27,0,IC1705,CCFX,6247.6,6243.8,6257.0,255,318780000,18265,18425,6890.4,5637.6,6264,6260.2,0.0,6244.8,0.0,0,0,2017-04-24,34287000,6247.8,1,0,0,0,0,0,0,0,0,6250.0,2,0,0,0,0,0,0,0,0
167,2017-04-24,09:31:27,500,IC1705,CCFX,6247.6,6243.8,6257.0,255,318780000,18265,18425,6890.4,5637.6,6264,6260.2,0.0,6244.8,0.0,0,0,2017-04-24,34287500,6247.8,1,0,0,0,0,0,0,0,0,6250.0,2,0,0,0,0,0,0,0,0
168,2017-04-24,09:31:28,0,IC1705,CCFX,6247.6,6243.8,6257.0,255,318780000,18265,18425,6890.4,5637.6,6264,6260.2,0.0,6244.8,0.0,0,0,2017-04-24,34288000,6247.8,1,0,0,0,0,0,0,0,0,6249.2,2,0,0,0,0,0,0,0,0
169,2017-04-24,09:31:28,500,IC1705,CCFX,6247.6,6243.8,6257.0,255,318780000,18265,18425,6890.4,5637.6,6264,6260.2,0.0,6244.8,0.0,0,0,2017-04-24,34288500,6247.2,1,0,0,0,0,0,0,0,0,6249.2,2,0,0,0,0,0,0,0,0
170,2017-04-24,09:31:29,0,IC1705,CCFX,6247.6,6243.8,6257.0,255,318780000,18265,18425,6890.4,5637.6,6264,6260.2,0.0,6244.8,0.0,0,0,2017-04-24,34289000,6247.2,1,0,0,0,0,0,0,0,0,6248.8,1,0,0,0,0,0,0,0,0
171,2017-04-24,09:31:29,500,IC1705,CCFX,6247.6,6243.8,6257.0,255,318780000,18265,18425,6890.4,5637.6,6264,6260.2,0.0,6244.8,0.0,0,0,2017-04-24,34289500,6247.8,1,0,0,0,0,0,0,0,0,6248.8,1,0,0,0,0,0,0,0,0
172,2017-04-24,09:31:30,0,IC1705,CCFX,6247.8,6243.8,6257.0,256,320029560,18265,18425,6890.4,5637.6,6264,6260.2,0.0,6244.8,0.0,0,0,2017-04-24,34290000,6247.2,1,0,0,0,0,0,0,0,0,6248.8,1,0,0,0,0,0,0,0,0
173,2017-04-24,09:31:30,500,IC1705,CCFX,6247.2,6243.8,6257.0,257,321279000,18264,18425,6890.4,5637.6,6264,6260.2,0.0,6244.8,0.0,0,0,2017-04-24,34290500,6246.6,1,0,0,0,0,0,0,0,0,6248.8,1,0,0,0,0,0,0,0,0
174,2017-04-24,09:31:31,0,IC1705,CCFX,6246.6,6243.8,6257.0,258,322528320,18263,18425,6890.4,5637.6,6264,6260.2,0.0,6244.8,0.0,0,0,2017-04-24,34291000,6245.4,1,0,0,0,0,0,0,0,0,6247.2,2,0,0,0,0,0,0,0,0
175,2017-04-24,09:31:31,500,IC1705,CCFX,6246.6,6243.8,6257.0,258,322528320,18263,18425,6890.4,5637.6,6264,6260.2,0.0,6244.8,0.0,0,0,2017-04-24,34291500,6244.4,1,0,0,0,0,0,0,0,0,6245.4,1,0,0,0,0,0,0,0,0
176,2017-04-24,09:31:32,0,IC1705,CCFX,6245.4,6243.8,6257.0,259,323777400,18262,18425,6890.4,5637.6,6264,6260.2,0.0,6244.8,0.0,0,0,2017-04-24,34292000,6244.6,1,0,0,0,0,0,0,0,0,6247.2,2,0,0,0,0,0,0,0,0
177,2017-04-24,09:31:32,500,IC1705,CCFX,6247.2,6243.8,6257.0,260,325026840,18262,18425,6890.4,5637.6,6264,6260.2,0.0,6244.8,0.0,0,0,2017-04-24,34292500,6244.8,1,0,0,0,0,0,0,0,0,6247.2,1,0,0,0,0,0,0,0,0
178,2017-04-24,09:31:33,0,IC1705,CCFX,6244.8,6243.8,6257.0,261,326275800,18262,18425,6890.4,5637.6,6264,6260.2,0.0,6244.8,0.0,0,0,2017-04-24,34293000,6244.4,1,0,0,0,0,0,0,0,0,6244.6,1,0,0,0,0,0,0,0,0
179,2017-04-24,09:31:33,500,IC1705,CCFX,6244.4,6243.8,6257.0,263,328773600,18262,18425,6890.4,5637.6,6264,6260.2,0.0,6244.8,0.0,0,0,2017-04-24,34293500,6244.0,2,0,0,0,0,0,0,0,0,6246.8,1,0,0,0,0,0,0,0,0
180,2017-04-24,09:31:34,0,IC1705,CCFX,6244.8,6243.8,6257.0,264,330022560,18261,18425,6890.4,5637.6,6264,6260.2,0.0,6244.8,0.0,0,0,2017-04-24,34294000,6244.4,1,0,0,0,0,0,0,0,0,6246.8,1,0,0,0,0,0,0,0,0
181,2017-04-24,09:31:35,0,IC1705,CCFX,6244.8,6243.8,6257.0,264,330022560,18261,18425,6890.4,5637.6,6264,6260.2,0.0,6244.8,0.0,0,0,2017-04-24,34295000,6244.4,1,0,0,0,0,0,0,0,0,6246.8,1,0,0,0,0,0,0,0,0
182,2017-04-24,09:31:35,500,IC1705,CCFX,6246.8,6243.8,6257.0,265,331271920,18260,18425,6890.4,5637.6,6264,6260.2,0.0,6244.8,0.0,0,0,2017-04-24,34295500,6244.4,1,0,0,0,0,0,0,0,0,6248.8,1,0,0,0,0,0,0,0,0
183,2017-04-24,09:31:36,0,IC1705,CCFX,6246.8,6243.8,6257.0,265,331271920,18260,18425,6890.4,5637.6,6264,6260.2,0.0,6244.8,0.0,0,0,2017-04-24,34296000,6244.8,5,0,0,0,0,0,0,0,0,6248.4,1,0,0,0,0,0,0,0,0
184,2017-04-24,09:31:36,500,IC1705,CCFX,6246.8,6243.8,6257.0,265,331271920,18260,18425,6890.4,5637.6,6264,6260.2,0.0,6244.8,0.0,0,0,2017-04-24,34296500,6245.4,1,0,0,0,0,0,0,0,0,6248.4,1,0,0,0,0,0,0,0,0
185,2017-04-24,09:31:37,0,IC1705,CCFX,6245.6,6243.8,6257.0,267,333770200,18261,18425,6890.4,5637.6,6264,6260.2,0.0,6244.8,0.0,0,0,2017-04-24,34297000,6245.6,1,0,0,0,0,0,0,0,0,6248.0,1,0,0,0,0,0,0,0,0
186,2017-04-24,09:31:37,500,IC1705,CCFX,6245.6,6243.8,6257.0,267,333770200,18261,18425,6890.4,5637.6,6264,6260.2,0.0,6244.8,0.0,0,0,2017-04-24,34297500,6245.6,1,0,0,0,0,0,0,0,0,6247.8,1,0,0,0,0,0,0,0,0
187,2017-04-24,09:31:38,0,IC1705,CCFX,6245.6,6243.8,6257.0,267,333770200,18261,18425,6890.4,5637.6,6264,6260.2,0.0,6244.8,0.0,0,0,2017-04-24,34298000,6245.6,1,0,0,0,0,0,0,0,0,6247.8,2,0,0,0,0,0,0,0,0
188,2017-04-24,09:31:38,500,IC1705,CCFX,6245.6,6243.8,6257.0,268,335019320,18261,18425,6890.4,5637.6,6264,6260.2,0.0,6244.8,0.0,0,0,2017-04-24,34298500,6245.4,1,0,0,0,0,0,0,0,0,6247.6,1,0,0,0,0,0,0,0,0
189,2017-04-24,09:31:39,0,IC1705,CCFX,6247.4,6243.8,6257.0,269,336268800,18261,18425,6890.4,5637.6,6264,6260.2,0.0,6244.8,0.0,0,0,2017-04-24,34299000,6245.4,1,0,0,0,0,0,0,0,0,6247.6,1,0,0,0,0,0,0,0,0
190,2017-04-24,09:31:39,500,IC1705,CCFX,6247.4,6243.8,6257.0,269,336268800,18261,18425,6890.4,5637.6,6264,6260.2,0.0,6244.8,0.0,0,0,2017-04-24,34299500,6245.4,1,0,0,0,0,0,0,0,0,6247.6,1,0,0,0,0,0,0,0,0
191,2017-04-24,09:31:40,0,IC1705,CCFX,6245.4,6243.8,6257.0,270,337517880,18261,18425,6890.4,5637.6,6264,6260.2,0.0,6244.8,0.0,0,0,2017-04-24,34300000,6245.0,1,0,0,0,0,0,0,0,0,6247.6,1,0,0,0,0,0,0,0,0
192,2017-04-24,09:31:40,500,IC1705,CCFX,6245.0,6243.8,6257.0,271,338766880,18261,18425,6890.4,5637.6,6264,6260.2,0.0,6244.8,0.0,0,0,2017-04-24,34300500,6245.4,3,0,0,0,0,0,0,0,0,6247.6,1,0,0,0,0,0,0,0,0
193,2017-04-24,09:31:41,0,IC1705,CCFX,6247.6,6243.8,6257.0,272,340016400,18260,18425,6890.4,5637.6,6264,6260.2,0.0,6244.8,0.0,0,0,2017-04-24,34301000,6245.4,3,0,0,0,0,0,0,0,0,6247.8,1,0,0,0,0,0,0,0,0
194,2017-04-24,09:31:41,500,IC1705,CCFX,6245.4,6243.8,6257.0,274,342514560,18260,18425,6890.4,5637.6,6264,6260.2,0.0,6244.8,0.0,0,0,2017-04-24,34301500,6245.4,1,0,0,0,0,0,0,0,0,6247.8,1,0,0,0,0,0,0,0,0
195,2017-04-24,09:31:42,500,IC1705,CCFX,6245.4,6243.8,6257.0,274,342514560,18260,18425,6890.4,5637.6,6264,6260.2,0.0,6244.8,0.0,0,0,2017-04-24,34302500,6245.4,4,0,0,0,0,0,0,0,0,6247.8,1,0,0,0,0,0,0,0,0
196,2017-04-24,09:31:43,0,IC1705,CCFX,6245.4,6243.8,6257.0,274,342514560,18260,18425,6890.4,5637.6,6264,6260.2,0.0,6244.8,0.0,0,0,2017-04-24,34303000,6245.4,4,0,0,0,0,0,0,0,0,6247.8,1,0,0,0,0,0,0,0,0
197,2017-04-24,09:31:43,500,IC1705,CCFX,6245.4,6243.8,6257.0,274,342514560,18260,18425,6890.4,5637.6,6264,6260.2,0.0,6244.8,0.0,0,0,2017-04-24,34303500,6245.6,2,0,0,0,0,0,0,0,0,6247.8,1,0,0,0,0,0,0,0,0
198,2017-04-24,09:31:44,500,IC1705,CCFX,6245.6,6243.8,6257.0,276,345013240,18260,18425,6890.4,5637.6,6264,6260.2,0.0,6244.8,0.0,0,0,2017-04-24,34304500,6245.6,1,0,0,0,0,0,0,0,0,6246.4,2,0,0,0,0,0,0,0,0
199,2017-04-24,09:31:45,0,IC1705,CCFX,6246.4,6243.8,6257.0,278,347511800,18258,18425,6890.4,5637.6,6264,6260.2,0.0,6244.8,0.0,0,0,2017-04-24,34305000,6245.6,1,0,0,0,0,0,0,0,0,6247.4,1,0,0,0,0,0,0,0,0
200,2017-04-24,09:31:45,500,IC1705,CCFX,6246.4,6243.8,6257.0,278,347511800,18258,18425,6890.4,5637.6,6264,6260.2,0.0,6244.8,0.0,0,0,2017-04-24,34305500,6245.8,1,0,0,0,0,0,0,0,0,6247.2,1,0,0,0,0,0,0,0,0
201,2017-04-24,09:31:46,0,IC1705,CCFX,6246.0,6243.8,6257.0,279,348761000,18258,18425,6890.4,5637.6,6264,6260.2,0.0,6244.8,0.0,0,0,2017-04-24,34306000,6245.8,1,0,0,0,0,0,0,0,0,6247.2,1,0,0,0,0,0,0,0,0
202,2017-04-24,09:31:46,500,IC1705,CCFX,6247.4,6243.8,6257.0,281,351259920,18256,18425,6890.4,5637.6,6264,6260.2,0.0,6244.8,0.0,0,0,2017-04-24,34306500,6245.8,1,0,0,0,0,0,0,0,0,6248.2,1,0,0,0,0,0,0,0,0
203,2017-04-24,09:31:47,0,IC1705,CCFX,6248.2,6243.8,6257.0,282,352509560,18255,18425,6890.4,5637.6,6264,6260.2,0.0,6244.8,0.0,0,0,2017-04-24,34307000,6245.8,1,0,0,0,0,0,0,0,0,6248.4,1,0,0,0,0,0,0,0,0
204,2017-04-24,09:31:47,500,IC1705,CCFX,6248.2,6243.8,6257.0,282,352509560,18255,18425,6890.4,5637.6,6264,6260.2,0.0,6244.8,0.0,0,0,2017-04-24,34307500,6245.8,1,0,0,0,0,0,0,0,0,6248.4,1,0,0,0,0,0,0,0,0
205,2017-04-24,09:31:48,0,IC1705,CCFX,6248.2,6243.8,6257.0,282,352509560,18255,18425,6890.4,5637.6,6264,6260.2,0.0,6244.8,0.0,0,0,2017-04-24,34308000,6246.0,1,0,0,0,0,0,0,0,0,6248.4,1,0,0,0,0,0,0,0,0
206,2017-04-24,09:31:48,500,IC1705,CCFX,6248.2,6243.8,6257.0,282,352509560,18255,18425,6890.4,5637.6,6264,6260.2,0.0,6244.8,0.0,0,0,2017-04-24,34308500,6248.4,1,0,0,0,0,0,0,0,0,6248.8,1,0,0,0,0,0,0,0,0
207,2017-04-24,09:31:49,0,IC1705,CCFX,6248.4,6243.8,6257.0,283,353759240,18255,18425,6890.4,5637.6,6264,6260.2,0.0,6244.8,0.0,0,0,2017-04-24,34309000,6246.0,1,0,0,0,0,0,0,0,0,6248.8,1,0,0,0,0,0,0,0,0
208,2017-04-24,09:31:49,500,IC1705,CCFX,6246.4,6243.8,6257.0,284,355008520,18255,18425,6890.4,5637.6,6264,6260.2,0.0,6244.8,0.0,0,0,2017-04-24,34309500,6246.2,1,0,0,0,0,0,0,0,0,6248.6,2,0,0,0,0,0,0,0,0
209,2017-04-24,09:31:50,0,IC1705,CCFX,6246.4,6243.8,6257.0,284,355008520,18255,18425,6890.4,5637.6,6264,6260.2,0.0,6244.8,0.0,0,0,2017-04-24,34310000,6246.2,1,0,0,0,0,0,0,0,0,6248.6,1,0,0,0,0,0,0,0,0
210,2017-04-24,09:31:50,500,IC1705,CCFX,6246.4,6243.8,6257.0,284,355008520,18255,18425,6890.4,5637.6,6264,6260.2,0.0,6244.8,0.0,0,0,2017-04-24,34310500,6246.4,2,0,0,0,0,0,0,0,0,6248.6,1,0,0,0,0,0,0,0,0
211,2017-04-24,09:31:51,0,IC1705,CCFX,6246.4,6243.8,6257.0,285,356257800,18254,18425,6890.4,5637.6,6264,6260.2,0.0,6244.8,0.0,0,0,2017-04-24,34311000,6246.4,1,0,0,0,0,0,0,0,0,6246.8,1,0,0,0,0,0,0,0,0
212,2017-04-24,09:31:51,500,IC1705,CCFX,6246.4,6243.8,6257.0,286,357507080,18254,18425,6890.4,5637.6,6264,6260.2,0.0,6244.8,0.0,0,0,2017-04-24,34311500,6246.0,1,0,0,0,0,0,0,0,0,6246.8,1,0,0,0,0,0,0,0,0
213,2017-04-24,09:31:52,0,IC1705,CCFX,6246.4,6243.8,6257.0,286,357507080,18254,18425,6890.4,5637.6,6264,6260.2,0.0,6244.8,0.0,0,0,2017-04-24,34312000,6245.4,4,0,0,0,0,0,0,0,0,6246.8,1,0,0,0,0,0,0,0,0
214,2017-04-24,09:31:52,500,IC1705,CCFX,6246.4,6243.8,6257.0,286,357507080,18254,18425,6890.4,5637.6,6264,6260.2,0.0,6244.8,0.0,0,0,2017-04-24,34312500,6245.4,4,0,0,0,0,0,0,0,0,6246.4,1,0,0,0,0,0,0,0,0
215,2017-04-24,09:31:53,0,IC1705,CCFX,6246.4,6243.8,6257.0,286,357507080,18254,18425,6890.4,5637.6,6264,6260.2,0.0,6244.8,0.0,0,0,2017-04-24,34313000,6245.4,4,0,0,0,0,0,0,0,0,6246.2,1,0,0,0,0,0,0,0,0
216,2017-04-24,09:31:53,500,IC1705,CCFX,6246.4,6243.8,6257.0,289,361254680,18253,18425,6890.4,5637.6,6264,6260.2,0.0,6244.8,0.0,0,0,2017-04-24,34313500,6245.4,3,0,0,0,0,0,0,0,0,6247.2,1,0,0,0,0,0,0,0,0
217,2017-04-24,09:31:54,0,IC1705,CCFX,6246.4,6243.8,6257.0,289,361254680,18253,18425,6890.4,5637.6,6264,6260.2,0.0,6244.8,0.0,0,0,2017-04-24,34314000,6246.2,2,0,0,0,0,0,0,0,0,6247.2,1,0,0,0,0,0,0,0,0
218,2017-04-24,09:31:55,0,IC1705,CCFX,6247.2,6243.8,6257.0,290,362504120,18253,18425,6890.4,5637.6,6264,6260.2,0.0,6244.8,0.0,0,0,2017-04-24,34315000,6246.2,2,0,0,0,0,0,0,0,0,6249.8,1,0,0,0,0,0,0,0,0
219,2017-04-24,09:31:55,500,IC1705,CCFX,6247.2,6243.8,6257.0,290,362504120,18253,18425,6890.4,5637.6,6264,6260.2,0.0,6244.8,0.0,0,0,2017-04-24,34315500,6246.6,1,0,0,0,0,0,0,0,0,6248.4,2,0,0,0,0,0,0,0,0
220,2017-04-24,09:31:56,0,IC1705,CCFX,6247.2,6243.8,6257.0,290,362504120,18253,18425,6890.4,5637.6,6264,6260.2,0.0,6244.8,0.0,0,0,2017-04-24,34316000,6246.6,1,0,0,0,0,0,0,0,0,6248.4,2,0,0,0,0,0,0,0,0
221,2017-04-24,09:31:57,0,IC1705,CCFX,6246.6,6243.8,6257.0,291,363753440,18252,18425,6890.4,5637.6,6264,6260.2,0.0,6244.8,0.0,0,0,2017-04-24,34317000,6246.2,2,0,0,0,0,0,0,0,0,6248.2,2,0,0,0,0,0,0,0,0
222,2017-04-24,09:31:57,500,IC1705,CCFX,6246.6,6243.8,6257.0,291,363753440,18252,18425,6890.4,5637.6,6264,6260.2,0.0,6244.8,0.0,0,0,2017-04-24,34317500,6246.2,2,0,0,0,0,0,0,0,0,6248.2,2,0,0,0,0,0,0,0,0
223,2017-04-24,09:31:58,0,IC1705,CCFX,6246.6,6243.8,6257.0,291,363753440,18252,18425,6890.4,5637.6,6264,6260.2,0.0,6244.8,0.0,0,0,2017-04-24,34318000,6246.2,2,0,0,0,0,0,0,0,0,6248.2,2,0,0,0,0,0,0,0,0
224,2017-04-24,09:31:58,500,IC1705,CCFX,6248.2,6243.8,6257.0,292,365003080,18251,18425,6890.4,5637.6,6264,6260.2,0.0,6244.8,0.0,0,0,2017-04-24,34318500,6246.2,2,0,0,0,0,0,0,0,0,6248.2,1,0,0,0,0,0,0,0,0
225,2017-04-24,09:31:59,0,IC1705,CCFX,6248.2,6243.8,6257.0,292,365003080,18251,18425,6890.4,5637.6,6264,6260.2,0.0,6244.8,0.0,0,0,2017-04-24,34319000,6246.2,2,0,0,0,0,0,0,0,0,6248.2,1,0,0,0,0,0,0,0,0
226,2017-04-24,09:31:59,500,IC1705,CCFX,6246.2,6243.8,6257.0,293,366252320,18250,18425,6890.4,5637.6,6264,6260.2,0.0,6244.8,0.0,0,0,2017-04-24,34319500,6246.2,1,0,0,0,0,0,0,0,0,6248.2,2,0,0,0,0,0,0,0,0
227,2017-04-24,09:32:00,500,IC1705,CCFX,6246.2,6243.8,6257.0,294,367501560,18249,18425,6890.4,5637.6,6264,6260.2,0.0,6244.8,0.0,0,0,2017-04-24,34320500,6245.8,1,0,0,0,0,0,0,0,0,6246.2,4,0,0,0,0,0,0,0,0
228,2017-04-24,09:32:01,0,IC1705,CCFX,6246.2,6243.8,6257.0,297,371249200,18248,18425,6890.4,5637.6,6264,6260.2,0.0,6244.8,0.0,0,0,2017-04-24,34321000,6245.4,3,0,0,0,0,0,0,0,0,6246.2,2,0,0,0,0,0,0,0,0
229,2017-04-24,09:32:01,500,IC1705,CCFX,6246.2,6243.8,6257.0,297,371249200,18248,18425,6890.4,5637.6,6264,6260.2,0.0,6244.8,0.0,0,0,2017-04-24,34321500,6245.8,2,0,0,0,0,0,0,0,0,6246.2,2,0,0,0,0,0,0,0,0
230,2017-04-24,09:32:02,0,IC1705,CCFX,6245.8,6243.8,6257.0,298,372498360,18247,18425,6890.4,5637.6,6264,6260.2,0.0,6244.8,0.0,0,0,2017-04-24,34322000,6245.8,2,0,0,0,0,0,0,0,0,6246.2,2,0,0,0,0,0,0,0,0
231,2017-04-24,09:32:02,500,IC1705,CCFX,6245.8,6243.8,6257.0,301,376245920,18245,18425,6890.4,5637.6,6264,6260.2,0.0,6244.8,0.0,0,0,2017-04-24,34322500,6245.4,3,0,0,0,0,0,0,0,0,6246.2,1,0,0,0,0,0,0,0,0
232,2017-04-24,09:32:04,500,IC1705,CCFX,6245.4,6243.8,6257.0,302,377495000,18244,18425,6890.4,5637.6,6264,6260.2,0.0,6244.8,0.0,0,0,2017-04-24,34324500,6245.4,2,0,0,0,0,0,0,0,0,6246.2,1,0,0,0,0,0,0,0,0
233,2017-04-24,09:32:05,0,IC1705,CCFX,6245.4,6243.8,6257.0,304,379993160,18243,18425,6890.4,5637.6,6264,6260.2,0.0,6244.8,0.0,0,0,2017-04-24,34325000,6245.0,2,0,0,0,0,0,0,0,0,6246.2,1,0,0,0,0,0,0,0,0
234,2017-04-24,09:32:06,0,IC1705,CCFX,6245.0,6243.8,6257.0,306,382491160,18242,18425,6890.4,5637.6,6264,6260.2,0.0,6244.8,0.0,0,0,2017-04-24,34326000,6245.8,1,0,0,0,0,0,0,0,0,6246.2,1,0,0,0,0,0,0,0,0
235,2017-04-24,09:32:08,500,IC1705,CCFX,6246.2,6243.8,6257.0,308,384989640,18240,18425,6890.4,5637.6,6264,6260.2,0.0,6244.8,0.0,0,0,2017-04-24,34328500,6245.8,1,0,0,0,0,0,0,0,0,6247.8,1,0,0,0,0,0,0,0,0
236,2017-04-24,09:32:09,0,IC1705,CCFX,6245.8,6243.8,6257.0,309,386238800,18239,18425,6890.4,5637.6,6264,6260.2,0.0,6244.8,0.0,0,0,2017-04-24,34329000,6245.0,2,0,0,0,0,0,0,0,0,6247.8,1,0,0,0,0,0,0,0,0
237,2017-04-24,09:32:09,500,IC1705,CCFX,6245.8,6243.8,6257.0,310,387487960,18239,18425,6890.4,5637.6,6264,6260.2,0.0,6244.8,0.0,0,0,2017-04-24,34329500,6245.0,2,0,0,0,0,0,0,0,0,6247.4,2,0,0,0,0,0,0,0,0
238,2017-04-24,09:32:10,500,IC1705,CCFX,6245.8,6243.8,6257.0,310,387487960,18239,18425,6890.4,5637.6,6264,6260.2,0.0,6244.8,0.0,0,0,2017-04-24,34330500,6245.0,2,0,0,0,0,0,0,0,0,6247.4,2,0,0,0,0,0,0,0,0
239,2017-04-24,09:32:11,0,IC1705,CCFX,6248.2,6243.8,6257.0,317,396234280,18240,18425,6890.4,5637.6,6264,6260.2,0.0,6244.8,0.0,0,0,2017-04-24,34331000,6245.0,2,0,0,0,0,0,0,0,0,6247.2,1,0,0,0,0,0,0,0,0
240,2017-04-24,09:32:11,500,IC1705,CCFX,6248.2,6243.8,6257.0,317,396234280,18240,18425,6890.4,5637.6,6264,6260.2,0.0,6244.8,0.0,0,0,2017-04-24,34331500,6245.2,2,0,0,0,0,0,0,0,0,6247.0,1,0,0,0,0,0,0,0,0
241,2017-04-24,09:32:12,0,IC1705,CCFX,6248.2,6243.8,6257.0,317,396234280,18240,18425,6890.4,5637.6,6264,6260.2,0.0,6244.8,0.0,0,0,2017-04-24,34332000,6245.2,2,0,0,0,0,0,0,0,0,6248.4,2,0,0,0,0,0,0,0,0
242,2017-04-24,09:32:12,500,IC1705,CCFX,6248.2,6243.8,6257.0,317,396234280,18240,18425,6890.4,5637.6,6264,6260.2,0.0,6244.8,0.0,0,0,2017-04-24,34332500,6245.6,1,0,0,0,0,0,0,0,0,6248.4,2,0,0,0,0,0,0,0,0
243,2017-04-24,09:32:13,0,IC1705,CCFX,6248.4,6243.8,6257.0,318,397483960,18239,18425,6890.4,5637.6,6264,6260.2,0.0,6244.8,0.0,0,0,2017-04-24,34333000,6247.8,9,0,0,0,0,0,0,0,0,6248.4,1,0,0,0,0,0,0,0,0
244,2017-04-24,09:32:13,500,IC1705,CCFX,6247.8,6243.8,6257.0,322,402482360,18237,18425,6890.4,5637.6,6264,6260.2,0.0,6244.8,0.0,0,0,2017-04-24,34333500,6247.8,7,0,0,0,0,0,0,0,0,6249.8,1,0,0,0,0,0,0,0,0
245,2017-04-24,09:32:14,0,IC1705,CCFX,6247.8,6243.8,6257.0,322,402482360,18237,18425,6890.4,5637.6,6264,6260.2,0.0,6244.8,0.0,0,0,2017-04-24,34334000,6248.0,1,0,0,0,0,0,0,0,0,6249.8,1,0,0,0,0,0,0,0,0
246,2017-04-24,09:32:14,500,IC1705,CCFX,6249.6,6243.8,6257.0,323,403732280,18236,18425,6890.4,5637.6,6264,6260.2,0.0,6244.8,0.0,0,0,2017-04-24,34334500,6248.2,1,0,0,0,0,0,0,0,0,6249.0,1,0,0,0,0,0,0,0,0
247,2017-04-24,09:32:15,0,IC1705,CCFX,6249.6,6243.8,6257.0,323,403732280,18236,18425,6890.4,5637.6,6264,6260.2,0.0,6244.8,0.0,0,0,2017-04-24,34335000,6248.2,1,0,0,0,0,0,0,0,0,6248.8,1,0,0,0,0,0,0,0,0
248,2017-04-24,09:32:15,500,IC1705,CCFX,6249.6,6243.8,6257.0,323,403732280,18236,18425,6890.4,5637.6,6264,6260.2,0.0,6244.8,0.0,0,0,2017-04-24,34335500,6247.8,7,0,0,0,0,0,0,0,0,6248.8,1,0,0,0,0,0,0,0,0
249,2017-04-24,09:32:16,0,IC1705,CCFX,6248.8,6243.8,6257.0,325,406231800,18236,18425,6890.4,5637.6,6264,6260.2,0.0,6244.8,0.0,0,0,2017-04-24,34336000,6247.8,7,0,0,0,0,0,0,0,0,6249.0,1,0,0,0,0,0,0,0,0
250,2017-04-24,09:32:16,500,IC1705,CCFX,6249.0,6243.8,6257.0,326,407481600,18235,18425,6890.4,5637.6,6264,6260.2,0.0,6244.8,0.0,0,0,2017-04-24,34336500,6248.0,1,0,0,0,0,0,0,0,0,6248.8,1,0,0,0,0,0,0,0,0
251,2017-04-24,09:32:17,0,IC1705,CCFX,6248.8,6243.8,6257.0,327,408731360,18235,18425,6890.4,5637.6,6264,6260.2,0.0,6244.8,0.0,0,0,2017-04-24,34337000,6248.0,1,0,0,0,0,0,0,0,0,6249.8,1,0,0,0,0,0,0,0,0
252,2017-04-24,09:32:17,500,IC1705,CCFX,6248.8,6243.8,6257.0,327,408731360,18235,18425,6890.4,5637.6,6264,6260.2,0.0,6244.8,0.0,0,0,2017-04-24,34337500,6248.2,2,0,0,0,0,0,0,0,0,6249.8,1,0,0,0,0,0,0,0,0
253,2017-04-24,09:32:18,0,IC1705,CCFX,6248.2,6243.8,6257.0,328,409981000,18236,18425,6890.4,5637.6,6264,6260.2,0.0,6244.8,0.0,0,0,2017-04-24,34338000,6247.8,7,0,0,0,0,0,0,0,0,6249.8,1,0,0,0,0,0,0,0,0
254,2017-04-24,09:32:18,500,IC1705,CCFX,6247.8,6243.8,6257.0,330,412480120,18234,18425,6890.4,5637.6,6264,6260.2,0.0,6244.8,0.0,0,0,2017-04-24,34338500,6247.8,5,0,0,0,0,0,0,0,0,6249.6,1,0,0,0,0,0,0,0,0
255,2017-04-24,09:32:19,0,IC1705,CCFX,6249.4,6243.8,6257.0,332,414979880,18234,18425,6890.4,5637.6,6264,6260.2,0.0,6244.8,0.0,0,0,2017-04-24,34339000,6247.8,5,0,0,0,0,0,0,0,0,6249.4,1,0,0,0,0,0,0,0,0
256,2017-04-24,09:32:19,500,IC1705,CCFX,6247.8,6243.8,6257.0,334,417479000,18232,18425,6890.4,5637.6,6264,6260.2,0.0,6244.8,0.0,0,0,2017-04-24,34339500,6247.8,3,0,0,0,0,0,0,0,0,6249.4,1,0,0,0,0,0,0,0,0
257,2017-04-24,09:32:20,0,IC1705,CCFX,6247.8,6243.8,6257.0,335,418728560,18231,18425,6890.4,5637.6,6264,6260.2,0.0,6244.8,0.0,0,0,2017-04-24,34340000,6247.8,2,0,0,0,0,0,0,0,0,6249.4,1,0,0,0,0,0,0,0,0
258,2017-04-24,09:32:20,500,IC1705,CCFX,6247.8,6243.8,6257.0,337,421227680,18229,18425,6890.4,5637.6,6264,6260.2,0.0,6244.8,0.0,0,0,2017-04-24,34340500,6245.0,2,0,0,0,0,0,0,0,0,6249.4,1,0,0,0,0,0,0,0,0
259,2017-04-24,09:32:21,0,IC1705,CCFX,6247.8,6243.8,6257.0,337,421227680,18229,18425,6890.4,5637.6,6264,6260.2,0.0,6244.8,0.0,0,0,2017-04-24,34341000,6245.8,1,0,0,0,0,0,0,0,0,6249.0,3,0,0,0,0,0,0,0,0
260,2017-04-24,09:32:21,500,IC1705,CCFX,6248.8,6243.8,6257.0,339,423726600,18230,18425,6890.4,5637.6,6264,6260.2,0.0,6244.8,0.0,0,0,2017-04-24,34341500,6246.0,1,0,0,0,0,0,0,0,0,6249.0,1,0,0,0,0,0,0,0,0
261,2017-04-24,09:32:22,0,IC1705,CCFX,6248.8,6243.8,6257.0,339,423726600,18230,18425,6890.4,5637.6,6264,6260.2,0.0,6244.8,0.0,0,0,2017-04-24,34342000,6246.2,1,0,0,0,0,0,0,0,0,6249.0,1,0,0,0,0,0,0,0,0
262,2017-04-24,09:32:22,500,IC1705,CCFX,6246.4,6243.8,6257.0,340,424975880,18230,18425,6890.4,5637.6,6264,6260.2,0.0,6244.8,0.0,0,0,2017-04-24,34342500,6246.2,1,0,0,0,0,0,0,0,0,6249.0,1,0,0,0,0,0,0,0,0
263,2017-04-24,09:32:23,0,IC1705,CCFX,6245.0,6243.8,6257.0,342,427474120,18230,18425,6890.4,5637.6,6264,6260.2,0.0,6244.8,0.0,0,0,2017-04-24,34343000,6245.0,1,0,0,0,0,0,0,0,0,6248.8,2,0,0,0,0,0,0,0,0
264,2017-04-24,09:32:23,500,IC1705,CCFX,6246.0,6243.8,6257.0,345,431221320,18229,18425,6890.4,5637.6,6264,6260.2,0.0,6244.8,0.0,0,0,2017-04-24,34343500,6244.0,2,0,0,0,0,0,0,0,0,6248.4,2,0,0,0,0,0,0,0,0
265,2017-04-24,09:32:24,0,IC1705,CCFX,6246.0,6243.8,6257.0,345,431221320,18229,18425,6890.4,5637.6,6264,6260.2,0.0,6244.8,0.0,0,0,2017-04-24,34344000,6244.4,1,0,0,0,0,0,0,0,0,6248.0,2,0,0,0,0,0,0,0,0
266,2017-04-24,09:32:24,500,IC1705,CCFX,6246.0,6243.8,6257.0,345,431221320,18229,18425,6890.4,5637.6,6264,6260.2,0.0,6244.8,0.0,0,0,2017-04-24,34344500,6244.4,1,0,0,0,0,0,0,0,0,6247.8,3,0,0,0,0,0,0,0,0
267,2017-04-24,09:32:25,0,IC1705,CCFX,6246.0,6243.8,6257.0,345,431221320,18229,18425,6890.4,5637.6,6264,6260.2,0.0,6244.8,0.0,0,0,2017-04-24,34345000,6244.2,1,0,0,0,0,0,0,0,0,6247.4,1,0,0,0,0,0,0,0,0
268,2017-04-24,09:32:25,500,IC1705,CCFX,6246.0,6243.8,6257.0,345,431221320,18229,18425,6890.4,5637.6,6264,6260.2,0.0,6244.8,0.0,0,0,2017-04-24,34345500,6244.0,2,0,0,0,0,0,0,0,0,6247.2,2,0,0,0,0,0,0,0,0
269,2017-04-24,09:32:26,0,IC1705,CCFX,6246.0,6243.8,6257.0,345,431221320,18229,18425,6890.4,5637.6,6264,6260.2,0.0,6244.8,0.0,0,0,2017-04-24,34346000,6244.0,4,0,0,0,0,0,0,0,0,6246.8,1,0,0,0,0,0,0,0,0
270,2017-04-24,09:32:26,500,IC1705,CCFX,6246.0,6243.8,6257.0,345,431221320,18229,18425,6890.4,5637.6,6264,6260.2,0.0,6244.8,0.0,0,0,2017-04-24,34346500,6245.0,3,0,0,0,0,0,0,0,0,6246.6,1,0,0,0,0,0,0,0,0
271,2017-04-24,09:32:27,0,IC1705,CCFX,6246.0,6243.8,6257.0,345,431221320,18229,18425,6890.4,5637.6,6264,6260.2,0.0,6244.8,0.0,0,0,2017-04-24,34347000,6245.0,3,0,0,0,0,0,0,0,0,6246.8,1,0,0,0,0,0,0,0,0
272,2017-04-24,09:32:27,500,IC1705,CCFX,6246.0,6243.8,6257.0,345,431221320,18229,18425,6890.4,5637.6,6264,6260.2,0.0,6244.8,0.0,0,0,2017-04-24,34347500,6245.0,3,0,0,0,0,0,0,0,0,6246.8,1,0,0,0,0,0,0,0,0
273,2017-04-24,09:32:28,500,IC1705,CCFX,6246.0,6243.8,6257.0,345,431221320,18229,18425,6890.4,5637.6,6264,6260.2,0.0,6244.8,0.0,0,0,2017-04-24,34348500,6245.0,8,0,0,0,0,0,0,0,0,6246.8,1,0,0,0,0,0,0,0,0
274,2017-04-24,09:32:29,0,IC1705,CCFX,6246.0,6243.8,6257.0,345,431221320,18229,18425,6890.4,5637.6,6264,6260.2,0.0,6244.8,0.0,0,0,2017-04-24,34349000,6245.0,8,0,0,0,0,0,0,0,0,6247.2,1,0,0,0,0,0,0,0,0
275,2017-04-24,09:32:29,500,IC1705,CCFX,6245.0,6243.8,6257.0,346,432470320,18228,18425,6890.4,5637.6,6264,6260.2,0.0,6244.8,0.0,0,0,2017-04-24,34349500,6245.2,1,0,0,0,0,0,0,0,0,6247.0,1,0,0,0,0,0,0,0,0
276,2017-04-24,09:32:30,500,IC1705,CCFX,6245.0,6243.8,6257.0,346,432470320,18228,18425,6890.4,5637.6,6264,6260.2,0.0,6244.8,0.0,0,0,2017-04-24,34350500,6245.2,1,0,0,0,0,0,0,0,0,6247.0,1,0,0,0,0,0,0,0,0
277,2017-04-24,09:32:31,0,IC1705,CCFX,6247.0,6243.8,6257.0,347,433719720,18228,18425,6890.4,5637.6,6264,6260.2,0.0,6244.8,0.0,0,0,2017-04-24,34351000,6247.0,1,0,0,0,0,0,0,0,0,6247.2,1,0,0,0,0,0,0,0,0
278,2017-04-24,09:32:31,500,IC1705,CCFX,6247.0,6243.8,6257.0,347,433719720,18228,18425,6890.4,5637.6,6264,6260.2,0.0,6244.8,0.0,0,0,2017-04-24,34351500,6247.0,1,0,0,0,0,0,0,0,0,6247.2,1,0,0,0,0,0,0,0,0
279,2017-04-24,09:32:32,500,IC1705,CCFX,6247.0,6243.8,6257.0,347,433719720,18228,18425,6890.4,5637.6,6264,6260.2,0.0,6244.8,0.0,0,0,2017-04-24,34352500,6247.0,1,0,0,0,0,0,0,0,0,6247.2,1,0,0,0,0,0,0,0,0
280,2017-04-24,09:32:33,0,IC1705,CCFX,6247.0,6243.8,6257.0,349,436218560,18228,18425,6890.4,5637.6,6264,6260.2,0.0,6244.8,0.0,0,0,2017-04-24,34353000,6245.2,4,0,0,0,0,0,0,0,0,6247.6,1,0,0,0,0,0,0,0,0
281,2017-04-24,09:32:33,500,IC1705,CCFX,6247.6,6243.8,6257.0,350,437468080,18228,18425,6890.4,5637.6,6264,6260.2,0.0,6244.8,0.0,0,0,2017-04-24,34353500,6246.0,1,0,0,0,0,0,0,0,0,6248.8,10,0,0,0,0,0,0,0,0
282,2017-04-24,09:32:34,0,IC1705,CCFX,6247.6,6243.8,6257.0,350,437468080,18228,18425,6890.4,5637.6,6264,6260.2,0.0,6244.8,0.0,0,0,2017-04-24,34354000,6246.2,1,0,0,0,0,0,0,0,0,6247.2,1,0,0,0,0,0,0,0,0
283,2017-04-24,09:32:34,500,IC1705,CCFX,6247.2,6243.8,6257.0,351,438717520,18229,18425,6890.4,5637.6,6264,6260.2,0.0,6244.8,0.0,0,0,2017-04-24,34354500,6246.4,1,0,0,0,0,0,0,0,0,6248.4,1,0,0,0,0,0,0,0,0
284,2017-04-24,09:32:35,0,IC1705,CCFX,6247.2,6243.8,6257.0,351,438717520,18229,18425,6890.4,5637.6,6264,6260.2,0.0,6244.8,0.0,0,0,2017-04-24,34355000,6246.6,1,0,0,0,0,0,0,0,0,6248.4,1,0,0,0,0,0,0,0,0
285,2017-04-24,09:32:36,0,IC1705,CCFX,6247.2,6243.8,6257.0,351,438717520,18229,18425,6890.4,5637.6,6264,6260.2,0.0,6244.8,0.0,0,0,2017-04-24,34356000,6246.6,1,0,0,0,0,0,0,0,0,6248.2,1,0,0,0,0,0,0,0,0
286,2017-04-24,09:32:36,500,IC1705,CCFX,6246.8,6243.8,6257.0,352,439966880,18229,18425,6890.4,5637.6,6264,6260.2,0.0,6244.8,0.0,0,0,2017-04-24,34356500,6246.6,1,0,0,0,0,0,0,0,0,6248.2,1,0,0,0,0,0,0,0,0
287,2017-04-24,09:32:37,0,IC1705,CCFX,6246.8,6243.8,6257.0,352,439966880,18229,18425,6890.4,5637.6,6264,6260.2,0.0,6244.8,0.0,0,0,2017-04-24,34357000,6245.2,4,0,0,0,0,0,0,0,0,6246.6,1,0,0,0,0,0,0,0,0
288,2017-04-24,09:32:37,500,IC1705,CCFX,6246.8,6243.8,6257.0,352,439966880,18229,18425,6890.4,5637.6,6264,6260.2,0.0,6244.8,0.0,0,0,2017-04-24,34357500,6245.2,4,0,0,0,0,0,0,0,0,6245.8,3,0,0,0,0,0,0,0,0
289,2017-04-24,09:32:38,0,IC1705,CCFX,6245.8,6243.8,6257.0,354,442465200,18230,18425,6890.4,5637.6,6264,6260.2,0.0,6244.8,0.0,0,0,2017-04-24,34358000,6245.2,4,0,0,0,0,0,0,0,0,6245.8,1,0,0,0,0,0,0,0,0
290,2017-04-24,09:32:38,500,IC1705,CCFX,6245.2,6243.8,6257.0,360,449959600,18231,18425,6890.4,5637.6,6264,6260.2,0.0,6244.8,0.0,0,0,2017-04-24,34358500,6245.0,9,0,0,0,0,0,0,0,0,6246.6,1,0,0,0,0,0,0,0,0
291,2017-04-24,09:32:39,0,IC1705,CCFX,6245.2,6243.8,6257.0,360,449959600,18231,18425,6890.4,5637.6,6264,6260.2,0.0,6244.8,0.0,0,0,2017-04-24,34359000,6245.0,9,0,0,0,0,0,0,0,0,6246.6,2,0,0,0,0,0,0,0,0
292,2017-04-24,09:32:40,0,IC1705,CCFX,6245.2,6243.8,6257.0,360,449959600,18231,18425,6890.4,5637.6,6264,6260.2,0.0,6244.8,0.0,0,0,2017-04-24,34360000,6245.0,9,0,0,0,0,0,0,0,0,6246.6,2,0,0,0,0,0,0,0,0
293,2017-04-24,09:32:41,0,IC1705,CCFX,6245.2,6243.8,6257.0,360,449959600,18231,18425,6890.4,5637.6,6264,6260.2,0.0,6244.8,0.0,0,0,2017-04-24,34361000,6245.0,9,0,0,0,0,0,0,0,0,6246.6,1,0,0,0,0,0,0,0,0
294,2017-04-24,09:32:42,0,IC1705,CCFX,6245.0,6243.8,6257.0,361,451208600,18231,18425,6890.4,5637.6,6264,6260.2,0.0,6244.8,0.0,0,0,2017-04-24,34362000,6245.4,1,0,0,0,0,0,0,0,0,6246.6,1,0,0,0,0,0,0,0,0
295,2017-04-24,09:32:42,500,IC1705,CCFX,6245.0,6243.8,6257.0,361,451208600,18231,18425,6890.4,5637.6,6264,6260.2,0.0,6244.8,0.0,0,0,2017-04-24,34362500,6245.4,1,0,0,0,0,0,0,0,0,6246.6,1,0,0,0,0,0,0,0,0
296,2017-04-24,09:32:43,500,IC1705,CCFX,6246.6,6243.8,6257.0,362,452457920,18230,18425,6890.4,5637.6,6264,6260.2,0.0,6244.8,0.0,0,0,2017-04-24,34363500,6246.6,1,0,0,0,0,0,0,0,0,6248.0,1,0,0,0,0,0,0,0,0
297,2017-04-24,09:32:44,0,IC1705,CCFX,6245.0,6243.8,6257.0,372,464948400,18232,18425,6890.4,5637.6,6264,6260.2,0.0,6244.8,0.0,0,0,2017-04-24,34364000,6245.0,2,0,0,0,0,0,0,0,0,6247.6,1,0,0,0,0,0,0,0,0
298,2017-04-24,09:32:44,500,IC1705,CCFX,6245.0,6243.8,6257.0,374,467446400,18233,18425,6890.4,5637.6,6264,6260.2,0.0,6244.8,0.0,0,0,2017-04-24,34364500,6244.6,1,0,0,0,0,0,0,0,0,6245.4,1,0,0,0,0,0,0,0,0
299,2017-04-24,09:32:45,0,IC1705,CCFX,6245.4,6243.8,6257.0,375,468695480,18233,18425,6890.4,5637.6,6264,6260.2,0.0,6244.8,0.0,0,0,2017-04-24,34365000,6244.8,1,0,0,0,0,0,0,0,0,6247.0,1,0,0,0,0,0,0,0,0
300,2017-04-24,09:32:45,500,IC1705,CCFX,6245.4,6243.8,6257.0,376,469944560,18234,18425,6890.4,5637.6,6264,6260.2,0.0,6244.8,0.0,0,0,2017-04-24,34365500,6244.8,1,0,0,0,0,0,0,0,0,6245.2,1,0,0,0,0,0,0,0,0
301,2017-04-24,09:32:46,500,IC1705,CCFX,6244.8,6243.8,6257.0,377,471193520,18233,18425,6890.4,5637.6,6264,6260.2,0.0,6244.8,0.0,0,0,2017-04-24,34366500,6244.6,1,0,0,0,0,0,0,0,0,6245.2,1,0,0,0,0,0,0,0,0
302,2017-04-24,09:32:47,500,IC1705,CCFX,6244.6,6243.8,6257.0,379,473691360,18233,18425,6890.4,5637.6,6264,6260.2,0.0,6244.8,0.0,0,0,2017-04-24,34367500,6244.6,1,0,0,0,0,0,0,0,0,6245.2,1,0,0,0,0,0,0,0,0
303,2017-04-24,09:32:48,0,IC1705,CCFX,6244.6,6243.8,6257.0,380,474940280,18233,18425,6890.4,5637.6,6264,6260.2,0.0,6244.8,0.0,0,0,2017-04-24,34368000,6244.2,1,0,0,0,0,0,0,0,0,6245.2,1,0,0,0,0,0,0,0,0
304,2017-04-24,09:32:48,500,IC1705,CCFX,6244.6,6243.8,6257.0,380,474940280,18233,18425,6890.4,5637.6,6264,6260.2,0.0,6244.8,0.0,0,0,2017-04-24,34368500,6244.2,1,0,0,0,0,0,0,0,0,6244.4,1,0,0,0,0,0,0,0,0
305,2017-04-24,09:32:49,0,IC1705,CCFX,6244.0,6243.8,6257.0,383,478686720,18231,18425,6890.4,5637.6,6264,6260.2,0.0,6244.8,0.0,0,0,2017-04-24,34369000,6243.0,2,0,0,0,0,0,0,0,0,6244.2,1,0,0,0,0,0,0,0,0
306,2017-04-24,09:32:49,500,IC1705,CCFX,6243.0,6243.0,6257.0,384,479935320,18231,18425,6890.4,5637.6,6264,6260.2,0.0,6244.8,0.0,0,0,2017-04-24,34369500,6243.0,1,0,0,0,0,0,0,0,0,6244.2,1,0,0,0,0,0,0,0,0
307,2017-04-24,09:32:50,0,IC1705,CCFX,6244.2,6243.0,6257.0,386,482432760,18232,18425,6890.4,5637.6,6264,6260.2,0.0,6244.8,0.0,0,0,2017-04-24,34370000,6242.2,1,0,0,0,0,0,0,0,0,6244.8,1,0,0,0,0,0,0,0,0
308,2017-04-24,09:32:50,500,IC1705,CCFX,6242.4,6242.4,6257.0,387,483681240,18231,18425,6890.4,5637.6,6264,6260.2,0.0,6244.8,0.0,0,0,2017-04-24,34370500,6242.2,1,0,0,0,0,0,0,0,0,6243.0,4,0,0,0,0,0,0,0,0
309,2017-04-24,09:32:51,0,IC1705,CCFX,6241.4,6241.4,6257.0,389,486177960,18231,18425,6890.4,5637.6,6264,6260.2,0.0,6244.8,0.0,0,0,2017-04-24,34371000,6240.2,1,0,0,0,0,0,0,0,0,6242.0,1,0,0,0,0,0,0,0,0
310,2017-04-24,09:32:51,500,IC1705,CCFX,6240.2,6240.2,6257.0,392,489922840,18230,18425,6890.4,5637.6,6264,6260.2,0.0,6244.8,0.0,0,0,2017-04-24,34371500,6239.0,2,0,0,0,0,0,0,0,0,6241.8,2,0,0,0,0,0,0,0,0
311,2017-04-24,09:32:52,0,IC1705,CCFX,6240.2,6240.2,6257.0,392,489922840,18230,18425,6890.4,5637.6,6264,6260.2,0.0,6244.8,0.0,0,0,2017-04-24,34372000,6239.0,2,0,0,0,0,0,0,0,0,6241.4,1,0,0,0,0,0,0,0,0
312,2017-04-24,09:32:52,500,IC1705,CCFX,6240.2,6240.2,6257.0,392,489922840,18230,18425,6890.4,5637.6,6264,6260.2,0.0,6244.8,0.0,0,0,2017-04-24,34372500,6239.6,1,0,0,0,0,0,0,0,0,6241.2,1,0,0,0,0,0,0,0,0
313,2017-04-24,09:32:53,0,IC1705,CCFX,6240.2,6239.8,6257.0,395,493667080,18229,18425,6890.4,5637.6,6264,6260.2,0.0,6244.8,0.0,0,0,2017-04-24,34373000,6239.6,1,0,0,0,0,0,0,0,0,6241.4,1,0,0,0,0,0,0,0,0
314,2017-04-24,09:32:53,500,IC1705,CCFX,6239.6,6239.6,6257.0,396,494915000,18228,18425,6890.4,5637.6,6264,6260.2,0.0,6244.8,0.0,0,0,2017-04-24,34373500,6239.8,1,0,0,0,0,0,0,0,0,6243.0,4,0,0,0,0,0,0,0,0
315,2017-04-24,09:32:54,0,IC1705,CCFX,6239.6,6239.6,6257.0,396,494915000,18228,18425,6890.4,5637.6,6264,6260.2,0.0,6244.8,0.0,0,0,2017-04-24,34374000,6240.0,1,0,0,0,0,0,0,0,0,6242.6,1,0,0,0,0,0,0,0,0
316,2017-04-24,09:32:54,500,IC1705,CCFX,6240.0,6239.6,6257.0,397,496163000,18229,18425,6890.4,5637.6,6264,6260.2,0.0,6244.8,0.0,0,0,2017-04-24,34374500,6239.8,1,0,0,0,0,0,0,0,0,6240.0,1,0,0,0,0,0,0,0,0
317,2017-04-24,09:32:55,0,IC1705,CCFX,6240.0,6239.6,6257.0,397,496163000,18229,18425,6890.4,5637.6,6264,6260.2,0.0,6244.8,0.0,0,0,2017-04-24,34375000,6239.8,1,0,0,0,0,0,0,0,0,6240.0,1,0,0,0,0,0,0,0,0
318,2017-04-24,09:32:56,0,IC1705,CCFX,6239.8,6239.6,6257.0,399,498658920,18228,18425,6890.4,5637.6,6264,6260.2,0.0,6244.8,0.0,0,0,2017-04-24,34376000,6239.0,2,0,0,0,0,0,0,0,0,6240.0,1,0,0,0,0,0,0,0,0
319,2017-04-24,09:32:56,500,IC1705,CCFX,6239.8,6239.6,6257.0,399,498658920,18228,18425,6890.4,5637.6,6264,6260.2,0.0,6244.8,0.0,0,0,2017-04-24,34376500,6239.0,2,0,0,0,0,0,0,0,0,6239.8,1,0,0,0,0,0,0,0,0
320,2017-04-24,09:32:57,0,IC1705,CCFX,6239.8,6239.6,6257.0,399,498658920,18228,18425,6890.4,5637.6,6264,6260.2,0.0,6244.8,0.0,0,0,2017-04-24,34377000,6239.0,2,0,0,0,0,0,0,0,0,6239.8,2,0,0,0,0,0,0,0,0
321,2017-04-24,09:32:57,500,IC1705,CCFX,6239.0,6239.0,6257.0,400,499906720,18227,18425,6890.4,5637.6,6264,6260.2,0.0,6244.8,0.0,0,0,2017-04-24,34377500,6239.0,1,0,0,0,0,0,0,0,0,6239.6,1,0,0,0,0,0,0,0,0
322,2017-04-24,09:32:58,0,IC1705,CCFX,6239.0,6239.0,6257.0,401,501154520,18226,18425,6890.4,5637.6,6264,6260.2,0.0,6244.8,0.0,0,0,2017-04-24,34378000,6238.0,1,0,0,0,0,0,0,0,0,6238.2,1,0,0,0,0,0,0,0,0
323,2017-04-24,09:32:58,500,IC1705,CCFX,6236.4,6236.4,6257.0,403,503649400,18225,18425,6890.4,5637.6,6264,6260.2,0.0,6244.8,0.0,0,0,2017-04-24,34378500,6236.2,4,0,0,0,0,0,0,0,0,6237.0,5,0,0,0,0,0,0,0,0
324,2017-04-24,09:32:59,500,IC1705,CCFX,6236.4,6236.4,6257.0,403,503649400,18225,18425,6890.4,5637.6,6264,6260.2,0.0,6244.8,0.0,0,0,2017-04-24,34379500,6236.2,4,0,0,0,0,0,0,0,0,6237.0,5,0,0,0,0,0,0,0,0
325,2017-04-24,09:33:00,0,IC1705,CCFX,6236.2,6236.2,6257.0,407,508638360,18221,18425,6890.4,5637.6,6264,6260.2,0.0,6244.8,0.0,0,0,2017-04-24,34380000,6234.8,1,0,0,0,0,0,0,0,0,6236.0,1,0,0,0,0,0,0,0,0
326,2017-04-24,09:33:00,500,IC1705,CCFX,6235.8,6233.0,6257.0,412,514873400,18222,18425,6890.4,5637.6,6264,6260.2,0.0,6244.8,0.0,0,0,2017-04-24,34380500,6233.0,1,0,0,0,0,0,0,0,0,6235.8,7,0,0,0,0,0,0,0,0
327,2017-04-24,09:33:01,0,IC1705,CCFX,6233.0,6233.0,6257.0,413,516120000,18221,18425,6890.4,5637.6,6264,6260.2,0.0,6244.8,0.0,0,0,2017-04-24,34381000,6231.0,1,0,0,0,0,0,0,0,0,6235.4,1,0,0,0,0,0,0,0,0
328,2017-04-24,09:33:01,500,IC1705,CCFX,6235.0,6233.0,6257.0,415,518614000,18219,18425,6890.4,5637.6,6264,6260.2,0.0,6244.8,0.0,0,0,2017-04-24,34381500,6234.0,1,0,0,0,0,0,0,0,0,6235.0,1,0,0,0,0,0,0,0,0
329,2017-04-24,09:33:02,0,IC1705,CCFX,6234.8,6233.0,6257.0,417,521107760,18218,18425,6890.4,5637.6,6264,6260.2,0.0,6244.8,0.0,0,0,2017-04-24,34382000,6234.2,1,0,0,0,0,0,0,0,0,6235.8,3,0,0,0,0,0,0,0,0
330,2017-04-24,09:33:02,500,IC1705,CCFX,6234.8,6233.0,6257.0,418,522354720,18217,18425,6890.4,5637.6,6264,6260.2,0.0,6244.8,0.0,0,0,2017-04-24,34382500,6234.2,1,0,0,0,0,0,0,0,0,6235.6,1,0,0,0,0,0,0,0,0
331,2017-04-24,09:33:03,0,IC1705,CCFX,6234.2,6233.0,6257.0,419,523601560,18216,18425,6890.4,5637.6,6264,6260.2,0.0,6244.8,0.0,0,0,2017-04-24,34383000,6231.2,1,0,0,0,0,0,0,0,0,6234.0,2,0,0,0,0,0,0,0,0
332,2017-04-24,09:33:03,500,IC1705,CCFX,6234.0,6233.0,6257.0,421,526095200,18216,18425,6890.4,5637.6,6264,6260.2,0.0,6244.8,0.0,0,0,2017-04-24,34383500,6231.6,1,0,0,0,0,0,0,0,0,6233.8,1,0,0,0,0,0,0,0,0
333,2017-04-24,09:33:04,0,IC1705,CCFX,6230.2,6230.2,6257.0,429,536065760,18213,18425,6890.4,5637.6,6264,6260.2,0.0,6244.8,0.0,0,0,2017-04-24,34384000,6227.6,1,0,0,0,0,0,0,0,0,6233.8,1,0,0,0,0,0,0,0,0
334,2017-04-24,09:33:04,500,IC1705,CCFX,6230.2,6230.2,6257.0,429,536065760,18213,18425,6890.4,5637.6,6264,6260.2,0.0,6244.8,0.0,0,0,2017-04-24,34384500,6230.4,1,0,0,0,0,0,0,0,0,6232.8,1,0,0,0,0,0,0,0,0
335,2017-04-24,09:33:05,0,IC1705,CCFX,6232.6,6230.2,6257.0,430,537312280,18213,18425,6890.4,5637.6,6264,6260.2,0.0,6244.8,0.0,0,0,2017-04-24,34385000,6230.6,1,0,0,0,0,0,0,0,0,6233.4,3,0,0,0,0,0,0,0,0
336,2017-04-24,09:33:05,500,IC1705,CCFX,6232.6,6230.2,6257.0,430,537312280,18213,18425,6890.4,5637.6,6264,6260.2,0.0,6244.8,0.0,0,0,2017-04-24,34385500,6230.8,1,0,0,0,0,0,0,0,0,6233.0,1,0,0,0,0,0,0,0,0
337,2017-04-24,09:33:06,0,IC1705,CCFX,6233.2,6230.2,6257.0,432,539805520,18212,18425,6890.4,5637.6,6264,6260.2,0.0,6244.8,0.0,0,0,2017-04-24,34386000,6231.4,1,0,0,0,0,0,0,0,0,6233.2,1,0,0,0,0,0,0,0,0
338,2017-04-24,09:33:06,500,IC1705,CCFX,6233.2,6230.2,6257.0,433,541052160,18212,18425,6890.4,5637.6,6264,6260.2,0.0,6244.8,0.0,0,0,2017-04-24,34386500,6233.0,1,0,0,0,0,0,0,0,0,6233.6,1,0,0,0,0,0,0,0,0
339,2017-04-24,09:33:07,0,IC1705,CCFX,6233.4,6230.2,6257.0,436,544792200,18211,18425,6890.4,5637.6,6264,6260.2,0.0,6244.8,0.0,0,0,2017-04-24,34387000,6233.2,2,0,0,0,0,0,0,0,0,6234.0,2,0,0,0,0,0,0,0,0
340,2017-04-24,09:33:07,500,IC1705,CCFX,6233.0,6230.2,6257.0,441,551025760,18206,18425,6890.4,5637.6,6264,6260.2,0.0,6244.8,0.0,0,0,2017-04-24,34387500,6232.2,1,0,0,0,0,0,0,0,0,6235.2,1,0,0,0,0,0,0,0,0
341,2017-04-24,09:33:08,0,IC1705,CCFX,6233.4,6230.2,6257.0,443,553519400,18204,18425,6890.4,5637.6,6264,6260.2,0.0,6244.8,0.0,0,0,2017-04-24,34388000,6232.6,1,0,0,0,0,0,0,0,0,6235.0,1,0,0,0,0,0,0,0,0
342,2017-04-24,09:33:08,500,IC1705,CCFX,6232.8,6230.2,6257.0,444,554765960,18204,18425,6890.4,5637.6,6264,6260.2,0.0,6244.8,0.0,0,0,2017-04-24,34388500,6232.6,1,0,0,0,0,0,0,0,0,6233.0,1,0,0,0,0,0,0,0,0
343,2017-04-24,09:33:09,0,IC1705,CCFX,6233.0,6230.2,6257.0,445,556012560,18204,18425,6890.4,5637.6,6264,6260.2,0.0,6244.8,0.0,0,0,2017-04-24,34389000,6233.0,1,0,0,0,0,0,0,0,0,6233.2,1,0,0,0,0,0,0,0,0
344,2017-04-24,09:33:09,500,IC1705,CCFX,6233.2,6230.2,6257.0,446,557259200,18204,18425,6890.4,5637.6,6264,6260.2,0.0,6244.8,0.0,0,0,2017-04-24,34389500,6233.0,1,0,0,0,0,0,0,0,0,6233.2,1,0,0,0,0,0,0,0,0
345,2017-04-24,09:33:10,0,IC1705,CCFX,6233.2,6230.2,6257.0,447,558505840,18203,18425,6890.4,5637.6,6264,6260.2,0.0,6244.8,0.0,0,0,2017-04-24,34390000,6233.0,1,0,0,0,0,0,0,0,0,6233.2,1,0,0,0,0,0,0,0,0
346,2017-04-24,09:33:10,500,IC1705,CCFX,6233.0,6230.2,6257.0,450,562245680,18202,18425,6890.4,5637.6,6264,6260.2,0.0,6244.8,0.0,0,0,2017-04-24,34390500,6232.6,1,0,0,0,0,0,0,0,0,6235.2,1,0,0,0,0,0,0,0,0
347,2017-04-24,09:33:11,0,IC1705,CCFX,6233.0,6230.2,6257.0,450,562245680,18202,18425,6890.4,5637.6,6264,6260.2,0.0,6244.8,0.0,0,0,2017-04-24,34391000,6233.2,1,0,0,0,0,0,0,0,0,6235.0,1,0,0,0,0,0,0,0,0
348,2017-04-24,09:33:11,500,IC1705,CCFX,6235.2,6230.2,6257.0,451,563492720,18202,18425,6890.4,5637.6,6264,6260.2,0.0,6244.8,0.0,0,0,2017-04-24,34391500,6233.4,1,0,0,0,0,0,0,0,0,6235.0,1,0,0,0,0,0,0,0,0
349,2017-04-24,09:33:12,0,IC1705,CCFX,6235.2,6230.2,6257.0,452,564739760,18201,18425,6890.4,5637.6,6264,6260.2,0.0,6244.8,0.0,0,0,2017-04-24,34392000,6233.4,2,0,0,0,0,0,0,0,0,6235.8,3,0,0,0,0,0,0,0,0
350,2017-04-24,09:33:12,500,IC1705,CCFX,6233.8,6230.2,6257.0,453,565986520,18201,18425,6890.4,5637.6,6264,6260.2,0.0,6244.8,0.0,0,0,2017-04-24,34392500,6233.6,1,0,0,0,0,0,0,0,0,6235.8,3,0,0,0,0,0,0,0,0
351,2017-04-24,09:33:13,0,IC1705,CCFX,6233.8,6230.2,6257.0,455,568480040,18200,18425,6890.4,5637.6,6264,6260.2,0.0,6244.8,0.0,0,0,2017-04-24,34393000,6233.4,1,0,0,0,0,0,0,0,0,6235.8,3,0,0,0,0,0,0,0,0
352,2017-04-24,09:33:14,500,IC1705,CCFX,6233.4,6230.2,6257.0,456,569726720,18199,18425,6890.4,5637.6,6264,6260.2,0.0,6244.8,0.0,0,0,2017-04-24,34394500,6233.2,2,0,0,0,0,0,0,0,0,6235.8,3,0,0,0,0,0,0,0,0
353,2017-04-24,09:33:15,0,IC1705,CCFX,6233.8,6230.2,6257.0,457,570973480,18198,18425,6890.4,5637.6,6264,6260.2,0.0,6244.8,0.0,0,0,2017-04-24,34395000,6233.2,1,0,0,0,0,0,0,0,0,6233.4,1,0,0,0,0,0,0,0,0
354,2017-04-24,09:33:15,500,IC1705,CCFX,6230.0,6230.0,6257.0,462,577205840,18198,18425,6890.4,5637.6,6264,6260.2,0.0,6244.8,0.0,0,0,2017-04-24,34395500,6228.2,1,0,0,0,0,0,0,0,0,6230.0,1,0,0,0,0,0,0,0,0
355,2017-04-24,09:33:16,0,IC1705,CCFX,6235.6,6230.0,6257.0,469,585934520,18199,18425,6890.4,5637.6,6264,6260.2,0.0,6244.8,0.0,0,0,2017-04-24,34396000,6233.2,1,0,0,0,0,0,0,0,0,6235.6,1,0,0,0,0,0,0,0,0
356,2017-04-24,09:33:16,500,IC1705,CCFX,6233.4,6230.0,6257.0,474,592169720,18200,18425,6890.4,5637.6,6264,6260.2,0.0,6244.8,0.0,0,0,2017-04-24,34396500,6233.4,1,0,0,0,0,0,0,0,0,6235.4,1,0,0,0,0,0,0,0,0
357,2017-04-24,09:33:17,0,IC1705,CCFX,6235.8,6230.0,6257.0,481,600898880,18198,18425,6890.4,5637.6,6264,6260.2,0.0,6244.8,0.0,0,0,2017-04-24,34397000,6234.4,3,0,0,0,0,0,0,0,0,6238.2,1,0,0,0,0,0,0,0,0
358,2017-04-24,09:33:17,500,IC1705,CCFX,6234.8,6230.0,6257.0,482,602145840,18197,18425,6890.4,5637.6,6264,6260.2,0.0,6244.8,0.0,0,0,2017-04-24,34397500,6234.6,2,0,0,0,0,0,0,0,0,6237.0,1,0,0,0,0,0,0,0,0
359,2017-04-24,09:33:18,0,IC1705,CCFX,6235.8,6230.0,6257.0,484,604640400,18197,18425,6890.4,5637.6,6264,6260.2,0.0,6244.8,0.0,0,0,2017-04-24,34398000,6235.8,2,0,0,0,0,0,0,0,0,6237.6,1,0,0,0,0,0,0,0,0
360,2017-04-24,09:33:18,500,IC1705,CCFX,6235.8,6230.0,6257.0,484,604640400,18197,18425,6890.4,5637.6,6264,6260.2,0.0,6244.8,0.0,0,0,2017-04-24,34398500,6235.8,2,0,0,0,0,0,0,0,0,6237.6,1,0,0,0,0,0,0,0,0
361,2017-04-24,09:33:19,0,IC1705,CCFX,6236.2,6230.0,6257.0,485,605887640,18196,18425,6890.4,5637.6,6264,6260.2,0.0,6244.8,0.0,0,0,2017-04-24,34399000,6235.8,2,0,0,0,0,0,0,0,0,6236.2,1,0,0,0,0,0,0,0,0
362,2017-04-24,09:33:19,500,IC1705,CCFX,6235.8,6230.0,6257.0,487,608381960,18197,18425,6890.4,5637.6,6264,6260.2,0.0,6244.8,0.0,0,0,2017-04-24,34399500,6233.2,4,0,0,0,0,0,0,0,0,6235.8,1,0,0,0,0,0,0,0,0
363,2017-04-24,09:33:20,0,IC1705,CCFX,6235.8,6230.0,6257.0,487,608381960,18197,18425,6890.4,5637.6,6264,6260.2,0.0,6244.8,0.0,0,0,2017-04-24,34400000,6233.2,4,0,0,0,0,0,0,0,0,6235.8,1,0,0,0,0,0,0,0,0
364,2017-04-24,09:33:20,500,IC1705,CCFX,6235.8,6230.0,6257.0,487,608381960,18197,18425,6890.4,5637.6,6264,6260.2,0.0,6244.8,0.0,0,0,2017-04-24,34400500,6233.4,1,0,0,0,0,0,0,0,0,6235.8,1,0,0,0,0,0,0,0,0
365,2017-04-24,09:33:21,0,IC1705,CCFX,6235.8,6230.0,6257.0,488,609629120,18196,18425,6890.4,5637.6,6264,6260.2,0.0,6244.8,0.0,0,0,2017-04-24,34401000,6233.6,1,0,0,0,0,0,0,0,0,6235.8,2,0,0,0,0,0,0,0,0
366,2017-04-24,09:33:21,500,IC1705,CCFX,6235.8,6230.0,6257.0,488,609629120,18196,18425,6890.4,5637.6,6264,6260.2,0.0,6244.8,0.0,0,0,2017-04-24,34401500,6233.6,1,0,0,0,0,0,0,0,0,6235.8,2,0,0,0,0,0,0,0,0
367,2017-04-24,09:33:22,0,IC1705,CCFX,6235.8,6230.0,6257.0,489,610876280,18195,18425,6890.4,5637.6,6264,6260.2,0.0,6244.8,0.0,0,0,2017-04-24,34402000,6233.8,1,0,0,0,0,0,0,0,0,6235.8,1,0,0,0,0,0,0,0,0
368,2017-04-24,09:33:22,500,IC1705,CCFX,6235.8,6230.0,6257.0,489,610876280,18195,18425,6890.4,5637.6,6264,6260.2,0.0,6244.8,0.0,0,0,2017-04-24,34402500,6234.0,1,0,0,0,0,0,0,0,0,6235.8,1,0,0,0,0,0,0,0,0
369,2017-04-24,09:33:23,500,IC1705,CCFX,6235.8,6230.0,6257.0,489,610876280,18195,18425,6890.4,5637.6,6264,6260.2,0.0,6244.8,0.0,0,0,2017-04-24,34403500,6234.2,1,0,0,0,0,0,0,0,0,6235.8,1,0,0,0,0,0,0,0,0
370,2017-04-24,09:33:24,0,IC1705,CCFX,6235.8,6230.0,6257.0,489,610876280,18195,18425,6890.4,5637.6,6264,6260.2,0.0,6244.8,0.0,0,0,2017-04-24,34404000,6234.2,1,0,0,0,0,0,0,0,0,6235.6,1,0,0,0,0,0,0,0,0
371,2017-04-24,09:33:24,500,IC1705,CCFX,6235.8,6230.0,6257.0,489,610876280,18195,18425,6890.4,5637.6,6264,6260.2,0.0,6244.8,0.0,0,0,2017-04-24,34404500,6235.0,1,0,0,0,0,0,0,0,0,6235.6,1,0,0,0,0,0,0,0,0
372,2017-04-24,09:33:25,0,IC1705,CCFX,6235.8,6230.0,6257.0,489,610876280,18195,18425,6890.4,5637.6,6264,6260.2,0.0,6244.8,0.0,0,0,2017-04-24,34405000,6235.0,1,0,0,0,0,0,0,0,0,6235.8,1,0,0,0,0,0,0,0,0
373,2017-04-24,09:33:25,500,IC1705,CCFX,6235.0,6230.0,6257.0,490,612123280,18194,18425,6890.4,5637.6,6264,6260.2,0.0,6244.8,0.0,0,0,2017-04-24,34405500,6234.4,1,0,0,0,0,0,0,0,0,6235.8,1,0,0,0,0,0,0,0,0
374,2017-04-24,09:33:26,0,IC1705,CCFX,6235.8,6230.0,6257.0,491,613370440,18193,18425,6890.4,5637.6,6264,6260.2,0.0,6244.8,0.0,0,0,2017-04-24,34406000,6234.4,1,0,0,0,0,0,0,0,0,6236.2,1,0,0,0,0,0,0,0,0
375,2017-04-24,09:33:26,500,IC1705,CCFX,6236.2,6230.0,6257.0,492,614617680,18193,18425,6890.4,5637.6,6264,6260.2,0.0,6244.8,0.0,0,0,2017-04-24,34406500,6234.4,1,0,0,0,0,0,0,0,0,6238.0,1,0,0,0,0,0,0,0,0
376,2017-04-24,09:33:27,0,IC1705,CCFX,6236.2,6230.0,6257.0,492,614617680,18193,18425,6890.4,5637.6,6264,6260.2,0.0,6244.8,0.0,0,0,2017-04-24,34407000,6235.8,1,0,0,0,0,0,0,0,0,6237.6,1,0,0,0,0,0,0,0,0
377,2017-04-24,09:33:27,500,IC1705,CCFX,6236.2,6230.0,6257.0,492,614617680,18193,18425,6890.4,5637.6,6264,6260.2,0.0,6244.8,0.0,0,0,2017-04-24,34407500,6235.8,1,0,0,0,0,0,0,0,0,6237.6,1,0,0,0,0,0,0,0,0
378,2017-04-24,09:33:29,0,IC1705,CCFX,6237.6,6230.0,6257.0,493,615865200,18192,18425,6890.4,5637.6,6264,6260.2,0.0,6244.8,0.0,0,0,2017-04-24,34409000,6235.8,1,0,0,0,0,0,0,0,0,6238.0,1,0,0,0,0,0,0,0,0
379,2017-04-24,09:33:30,0,IC1705,CCFX,6237.8,6230.0,6257.0,494,617112760,18191,18425,6890.4,5637.6,6264,6260.2,0.0,6244.8,0.0,0,0,2017-04-24,34410000,6235.8,1,0,0,0,0,0,0,0,0,6238.0,1,0,0,0,0,0,0,0,0
380,2017-04-24,09:33:30,500,IC1705,CCFX,6237.8,6230.0,6257.0,494,617112760,18191,18425,6890.4,5637.6,6264,6260.2,0.0,6244.8,0.0,0,0,2017-04-24,34410500,6236.0,1,0,0,0,0,0,0,0,0,6238.0,1,0,0,0,0,0,0,0,0
381,2017-04-24,09:33:31,0,IC1705,CCFX,6237.8,6230.0,6257.0,494,617112760,18191,18425,6890.4,5637.6,6264,6260.2,0.0,6244.8,0.0,0,0,2017-04-24,34411000,6236.0,1,0,0,0,0,0,0,0,0,6238.2,1,0,0,0,0,0,0,0,0
382,2017-04-24,09:33:31,500,IC1705,CCFX,6237.8,6230.0,6257.0,494,617112760,18191,18425,6890.4,5637.6,6264,6260.2,0.0,6244.8,0.0,0,0,2017-04-24,34411500,6236.2,1,0,0,0,0,0,0,0,0,6238.2,1,0,0,0,0,0,0,0,0
383,2017-04-24,09:33:33,0,IC1705,CCFX,6237.8,6230.0,6257.0,494,617112760,18191,18425,6890.4,5637.6,6264,6260.2,0.0,6244.8,0.0,0,0,2017-04-24,34413000,6236.2,1,0,0,0,0,0,0,0,0,6238.0,2,0,0,0,0,0,0,0,0
384,2017-04-24,09:33:33,500,IC1705,CCFX,6236.0,6230.0,6257.0,495,618359960,18191,18425,6890.4,5637.6,6264,6260.2,0.0,6244.8,0.0,0,0,2017-04-24,34413500,6235.8,1,0,0,0,0,0,0,0,0,6237.8,3,0,0,0,0,0,0,0,0
385,2017-04-24,09:33:34,0,IC1705,CCFX,6237.6,6230.0,6257.0,497,620854760,18190,18425,6890.4,5637.6,6264,6260.2,0.0,6244.8,0.0,0,0,2017-04-24,34414000,6235.8,1,0,0,0,0,0,0,0,0,6237.8,3,0,0,0,0,0,0,0,0
386,2017-04-24,09:33:35,0,IC1705,CCFX,6237.6,6230.0,6257.0,497,620854760,18190,18425,6890.4,5637.6,6264,6260.2,0.0,6244.8,0.0,0,0,2017-04-24,34415000,6235.8,1,0,0,0,0,0,0,0,0,6237.4,1,0,0,0,0,0,0,0,0
387,2017-04-24,09:33:35,500,IC1705,CCFX,6235.8,6230.0,6257.0,498,622101920,18189,18425,6890.4,5637.6,6264,6260.2,0.0,6244.8,0.0,0,0,2017-04-24,34415500,6235.0,1,0,0,0,0,0,0,0,0,6236.2,1,0,0,0,0,0,0,0,0
388,2017-04-24,09:33:36,0,IC1705,CCFX,6235.8,6230.0,6257.0,498,622101920,18189,18425,6890.4,5637.6,6264,6260.2,0.0,6244.8,0.0,0,0,2017-04-24,34416000,6235.0,1,0,0,0,0,0,0,0,0,6235.2,1,0,0,0,0,0,0,0,0
389,2017-04-24,09:33:36,500,IC1705,CCFX,6236.0,6230.0,6257.0,500,624596160,18188,18425,6890.4,5637.6,6264,6260.2,0.0,6244.8,0.0,0,0,2017-04-24,34416500,6235.0,1,0,0,0,0,0,0,0,0,6237.4,1,0,0,0,0,0,0,0,0
390,2017-04-24,09:33:37,0,IC1705,CCFX,6236.0,6230.0,6257.0,501,625843360,18188,18425,6890.4,5637.6,6264,6260.2,0.0,6244.8,0.0,0,0,2017-04-24,34417000,6235.0,1,0,0,0,0,0,0,0,0,6237.2,1,0,0,0,0,0,0,0,0
391,2017-04-24,09:33:37,500,IC1705,CCFX,6236.0,6230.0,6257.0,501,625843360,18188,18425,6890.4,5637.6,6264,6260.2,0.0,6244.8,0.0,0,0,2017-04-24,34417500,6235.0,2,0,0,0,0,0,0,0,0,6237.2,1,0,0,0,0,0,0,0,0
392,2017-04-24,09:33:38,0,IC1705,CCFX,6237.2,6230.0,6257.0,503,628338200,18186,18425,6890.4,5637.6,6264,6260.2,0.0,6244.8,0.0,0,0,2017-04-24,34418000,6235.2,1,0,0,0,0,0,0,0,0,6237.6,1,0,0,0,0,0,0,0,0
393,2017-04-24,09:33:38,500,IC1705,CCFX,6237.2,6230.0,6257.0,503,628338200,18186,18425,6890.4,5637.6,6264,6260.2,0.0,6244.8,0.0,0,0,2017-04-24,34418500,6235.2,2,0,0,0,0,0,0,0,0,6237.6,1,0,0,0,0,0,0,0,0
394,2017-04-24,09:33:39,0,IC1705,CCFX,6235.4,6230.0,6257.0,504,629585280,18187,18425,6890.4,5637.6,6264,6260.2,0.0,6244.8,0.0,0,0,2017-04-24,34419000,6235.2,2,0,0,0,0,0,0,0,0,6237.6,1,0,0,0,0,0,0,0,0
395,2017-04-24,09:33:39,500,IC1705,CCFX,6237.6,6230.0,6257.0,505,630832800,18186,18425,6890.4,5637.6,6264,6260.2,0.0,6244.8,0.0,0,0,2017-04-24,34419500,6235.6,1,0,0,0,0,0,0,0,0,6238.2,1,0,0,0,0,0,0,0,0
396,2017-04-24,09:33:40,0,IC1705,CCFX,6235.8,6230.0,6257.0,506,632079960,18185,18425,6890.4,5637.6,6264,6260.2,0.0,6244.8,0.0,0,0,2017-04-24,34420000,6235.8,1,0,0,0,0,0,0,0,0,6238.2,1,0,0,0,0,0,0,0,0
397,2017-04-24,09:33:40,500,IC1705,CCFX,6235.8,6230.0,6257.0,506,632079960,18185,18425,6890.4,5637.6,6264,6260.2,0.0,6244.8,0.0,0,0,2017-04-24,34420500,6235.8,1,0,0,0,0,0,0,0,0,6238.2,1,0,0,0,0,0,0,0,0
398,2017-04-24,09:33:41,0,IC1705,CCFX,6235.8,6230.0,6257.0,506,632079960,18185,18425,6890.4,5637.6,6264,6260.2,0.0,6244.8,0.0,0,0,2017-04-24,34421000,6235.8,1,0,0,0,0,0,0,0,0,6238.2,1,0,0,0,0,0,0,0,0
399,2017-04-24,09:33:41,500,IC1705,CCFX,6235.8,6230.0,6257.0,506,632079960,18185,18425,6890.4,5637.6,6264,6260.2,0.0,6244.8,0.0,0,0,2017-04-24,34421500,6235.8,4,0,0,0,0,0,0,0,0,6238.0,1,0,0,0,0,0,0,0,0
400,2017-04-24,09:33:42,0,IC1705,CCFX,6238.0,6230.0,6257.0,507,633327560,18185,18425,6890.4,5637.6,6264,6260.2,0.0,6244.8,0.0,0,0,2017-04-24,34422000,6236.0,1,0,0,0,0,0,0,0,0,6238.2,1,0,0,0,0,0,0,0,0
401,2017-04-24,09:33:42,500,IC1705,CCFX,6238.0,6230.0,6257.0,507,633327560,18185,18425,6890.4,5637.6,6264,6260.2,0.0,6244.8,0.0,0,0,2017-04-24,34422500,6236.4,1,0,0,0,0,0,0,0,0,6238.2,1,0,0,0,0,0,0,0,0
402,2017-04-24,09:33:43,0,IC1705,CCFX,6236.4,6230.0,6257.0,508,634574840,18184,18425,6890.4,5637.6,6264,6260.2,0.0,6244.8,0.0,0,0,2017-04-24,34423000,6236.0,1,0,0,0,0,0,0,0,0,6238.2,1,0,0,0,0,0,0,0,0
403,2017-04-24,09:33:43,500,IC1705,CCFX,6236.4,6230.0,6257.0,509,635822120,18183,18425,6890.4,5637.6,6264,6260.2,0.0,6244.8,0.0,0,0,2017-04-24,34423500,6236.4,5,0,0,0,0,0,0,0,0,6238.0,1,0,0,0,0,0,0,0,0
404,2017-04-24,09:33:44,0,IC1705,CCFX,6238.0,6230.0,6257.0,510,637069720,18182,18425,6890.4,5637.6,6264,6260.2,0.0,6244.8,0.0,0,0,2017-04-24,34424000,6236.4,5,0,0,0,0,0,0,0,0,6238.2,1,0,0,0,0,0,0,0,0
405,2017-04-24,09:33:44,500,IC1705,CCFX,6236.4,6230.0,6257.0,512,639564280,18180,18425,6890.4,5637.6,6264,6260.2,0.0,6244.8,0.0,0,0,2017-04-24,34424500,6236.4,6,0,0,0,0,0,0,0,0,6238.2,1,0,0,0,0,0,0,0,0
406,2017-04-24,09:33:45,0,IC1705,CCFX,6236.4,6230.0,6257.0,514,642058840,18179,18425,6890.4,5637.6,6264,6260.2,0.0,6244.8,0.0,0,0,2017-04-24,34425000,6236.4,4,0,0,0,0,0,0,0,0,6238.2,1,0,0,0,0,0,0,0,0
407,2017-04-24,09:33:45,500,IC1705,CCFX,6236.4,6230.0,6257.0,517,645800680,18177,18425,6890.4,5637.6,6264,6260.2,0.0,6244.8,0.0,0,0,2017-04-24,34425500,6236.4,1,0,0,0,0,0,0,0,0,6238.2,1,0,0,0,0,0,0,0,0
408,2017-04-24,09:33:46,500,IC1705,CCFX,6238.2,6230.0,6257.0,518,647048320,18176,18425,6890.4,5637.6,6264,6260.2,0.0,6244.8,0.0,0,0,2017-04-24,34426500,6236.4,2,0,0,0,0,0,0,0,0,6238.8,1,0,0,0,0,0,0,0,0
409,2017-04-24,09:33:47,0,IC1705,CCFX,6238.2,6230.0,6257.0,518,647048320,18176,18425,6890.4,5637.6,6264,6260.2,0.0,6244.8,0.0,0,0,2017-04-24,34427000,6236.6,2,0,0,0,0,0,0,0,0,6237.6,2,0,0,0,0,0,0,0,0
410,2017-04-24,09:33:47,500,IC1705,CCFX,6238.2,6230.0,6257.0,518,647048320,18176,18425,6890.4,5637.6,6264,6260.2,0.0,6244.8,0.0,0,0,2017-04-24,34427500,6236.4,2,0,0,0,0,0,0,0,0,6237.6,2,0,0,0,0,0,0,0,0
411,2017-04-24,09:33:48,0,IC1705,CCFX,6236.6,6230.0,6257.0,521,650790680,18176,18425,6890.4,5637.6,6264,6260.2,0.0,6244.8,0.0,0,0,2017-04-24,34428000,6236.4,2,0,0,0,0,0,0,0,0,6238.6,1,0,0,0,0,0,0,0,0
412,2017-04-24,09:33:48,500,IC1705,CCFX,6236.4,6230.0,6257.0,523,653285240,18175,18425,6890.4,5637.6,6264,6260.2,0.0,6244.8,0.0,0,0,2017-04-24,34428500,6235.2,1,0,0,0,0,0,0,0,0,6237.4,1,0,0,0,0,0,0,0,0
413,2017-04-24,09:33:49,0,IC1705,CCFX,6236.4,6230.0,6257.0,523,653285240,18175,18425,6890.4,5637.6,6264,6260.2,0.0,6244.8,0.0,0,0,2017-04-24,34429000,6235.4,1,0,0,0,0,0,0,0,0,6237.4,1,0,0,0,0,0,0,0,0
414,2017-04-24,09:33:49,500,IC1705,CCFX,6236.4,6230.0,6257.0,523,653285240,18175,18425,6890.4,5637.6,6264,6260.2,0.0,6244.8,0.0,0,0,2017-04-24,34429500,6235.2,1,0,0,0,0,0,0,0,0,6237.4,1,0,0,0,0,0,0,0,0
415,2017-04-24,09:33:50,0,IC1705,CCFX,6236.4,6230.0,6257.0,523,653285240,18175,18425,6890.4,5637.6,6264,6260.2,0.0,6244.8,0.0,0,0,2017-04-24,34430000,6235.4,1,0,0,0,0,0,0,0,0,6237.4,1,0,0,0,0,0,0,0,0
416,2017-04-24,09:33:50,500,IC1705,CCFX,6235.4,6230.0,6257.0,526,657027280,18175,18425,6890.4,5637.6,6264,6260.2,0.0,6244.8,0.0,0,0,2017-04-24,34430500,6235.2,1,0,0,0,0,0,0,0,0,6238.8,1,0,0,0,0,0,0,0,0
417,2017-04-24,09:33:51,0,IC1705,CCFX,6235.4,6230.0,6257.0,526,657027280,18175,18425,6890.4,5637.6,6264,6260.2,0.0,6244.8,0.0,0,0,2017-04-24,34431000,6235.2,1,0,0,0,0,0,0,0,0,6235.4,1,0,0,0,0,0,0,0,0
418,2017-04-24,09:33:51,500,IC1705,CCFX,6235.4,6230.0,6257.0,527,658274360,18175,18425,6890.4,5637.6,6264,6260.2,0.0,6244.8,0.0,0,0,2017-04-24,34431500,6235.6,1,0,0,0,0,0,0,0,0,6238.4,1,0,0,0,0,0,0,0,0
419,2017-04-24,09:33:52,0,IC1705,CCFX,6235.4,6230.0,6257.0,527,658274360,18175,18425,6890.4,5637.6,6264,6260.2,0.0,6244.8,0.0,0,0,2017-04-24,34432000,6235.6,1,0,0,0,0,0,0,0,0,6238.2,2,0,0,0,0,0,0,0,0
420,2017-04-24,09:33:52,500,IC1705,CCFX,6235.2,6230.0,6257.0,529,660768480,18174,18425,6890.4,5637.6,6264,6260.2,0.0,6244.8,0.0,0,0,2017-04-24,34432500,6235.0,2,0,0,0,0,0,0,0,0,6238.0,1,0,0,0,0,0,0,0,0
421,2017-04-24,09:33:53,0,IC1705,CCFX,6235.2,6230.0,6257.0,529,660768480,18174,18425,6890.4,5637.6,6264,6260.2,0.0,6244.8,0.0,0,0,2017-04-24,34433000,6235.0,2,0,0,0,0,0,0,0,0,6235.4,2,0,0,0,0,0,0,0,0
422,2017-04-24,09:33:53,500,IC1705,CCFX,6235.2,6230.0,6257.0,529,660768480,18174,18425,6890.4,5637.6,6264,6260.2,0.0,6244.8,0.0,0,0,2017-04-24,34433500,6235.0,2,0,0,0,0,0,0,0,0,6235.2,1,0,0,0,0,0,0,0,0
423,2017-04-24,09:33:54,0,IC1705,CCFX,6235.4,6230.0,6257.0,531,663262600,18173,18425,6890.4,5637.6,6264,6260.2,0.0,6244.8,0.0,0,0,2017-04-24,34434000,6235.0,2,0,0,0,0,0,0,0,0,6235.4,1,0,0,0,0,0,0,0,0
424,2017-04-24,09:33:54,500,IC1705,CCFX,6234.4,6230.0,6257.0,535,668250400,18173,18425,6890.4,5637.6,6264,6260.2,0.0,6244.8,0.0,0,0,2017-04-24,34434500,6230.4,1,0,0,0,0,0,0,0,0,6233.0,2,0,0,0,0,0,0,0,0
425,2017-04-24,09:33:55,0,IC1705,CCFX,6232.0,6230.0,6257.0,536,669496800,18173,18425,6890.4,5637.6,6264,6260.2,0.0,6244.8,0.0,0,0,2017-04-24,34435000,6232.0,1,0,0,0,0,0,0,0,0,6232.8,1,0,0,0,0,0,0,0,0
426,2017-04-24,09:33:55,500,IC1705,CCFX,6232.0,6230.0,6257.0,536,669496800,18173,18425,6890.4,5637.6,6264,6260.2,0.0,6244.8,0.0,0,0,2017-04-24,34435500,6230.2,2,0,0,0,0,0,0,0,0,6233.0,2,0,0,0,0,0,0,0,0
427,2017-04-24,09:33:56,0,IC1705,CCFX,6232.0,6230.0,6257.0,536,669496800,18173,18425,6890.4,5637.6,6264,6260.2,0.0,6244.8,0.0,0,0,2017-04-24,34436000,6230.4,1,0,0,0,0,0,0,0,0,6233.0,2,0,0,0,0,0,0,0,0
428,2017-04-24,09:33:56,500,IC1705,CCFX,6232.0,6230.0,6257.0,536,669496800,18173,18425,6890.4,5637.6,6264,6260.2,0.0,6244.8,0.0,0,0,2017-04-24,34436500,6230.2,2,0,0,0,0,0,0,0,0,6231.8,1,0,0,0,0,0,0,0,0
429,2017-04-24,09:33:57,500,IC1705,CCFX,6231.8,6230.0,6257.0,537,670743160,18172,18425,6890.4,5637.6,6264,6260.2,0.0,6244.8,0.0,0,0,2017-04-24,34437500,6230.2,2,0,0,0,0,0,0,0,0,6233.0,2,0,0,0,0,0,0,0,0
430,2017-04-24,09:33:58,0,IC1705,CCFX,6231.8,6230.0,6257.0,537,670743160,18172,18425,6890.4,5637.6,6264,6260.2,0.0,6244.8,0.0,0,0,2017-04-24,34438000,6230.6,1,0,0,0,0,0,0,0,0,6233.0,2,0,0,0,0,0,0,0,0
431,2017-04-24,09:33:58,500,IC1705,CCFX,6231.8,6230.0,6257.0,537,670743160,18172,18425,6890.4,5637.6,6264,6260.2,0.0,6244.8,0.0,0,0,2017-04-24,34438500,6230.6,1,0,0,0,0,0,0,0,0,6232.8,1,0,0,0,0,0,0,0,0
432,2017-04-24,09:33:59,0,IC1705,CCFX,6230.6,6230.0,6257.0,538,671989280,18171,18425,6890.4,5637.6,6264,6260.2,0.0,6244.8,0.0,0,0,2017-04-24,34439000,6230.2,2,0,0,0,0,0,0,0,0,6230.6,1,0,0,0,0,0,0,0,0
433,2017-04-24,09:33:59,500,IC1705,CCFX,6230.2,6230.0,6257.0,542,676973440,18169,18425,6890.4,5637.6,6264,6260.2,0.0,6244.8,0.0,0,0,2017-04-24,34439500,6226.4,1,0,0,0,0,0,0,0,0,6230.6,1,0,0,0,0,0,0,0,0
434,2017-04-24,09:34:00,0,IC1705,CCFX,6230.2,6230.0,6257.0,542,676973440,18169,18425,6890.4,5637.6,6264,6260.2,0.0,6244.8,0.0,0,0,2017-04-24,34440000,6229.4,2,0,0,0,0,0,0,0,0,6230.0,1,0,0,0,0,0,0,0,0
435,2017-04-24,09:34:00,500,IC1705,CCFX,6230.0,6230.0,6257.0,543,678219440,18168,18425,6890.4,5637.6,6264,6260.2,0.0,6244.8,0.0,0,0,2017-04-24,34440500,6230.0,1,0,0,0,0,0,0,0,0,6230.6,1,0,0,0,0,0,0,0,0
436,2017-04-24,09:34:01,0,IC1705,CCFX,6230.0,6230.0,6257.0,543,678219440,18168,18425,6890.4,5637.6,6264,6260.2,0.0,6244.8,0.0,0,0,2017-04-24,34441000,6230.0,1,0,0,0,0,0,0,0,0,6230.6,1,0,0,0,0,0,0,0,0
437,2017-04-24,09:34:01,500,IC1705,CCFX,6230.6,6230.0,6257.0,545,680711560,18166,18425,6890.4,5637.6,6264,6260.2,0.0,6244.8,0.0,0,0,2017-04-24,34441500,6230.6,5,0,0,0,0,0,0,0,0,6232.8,1,0,0,0,0,0,0,0,0
438,2017-04-24,09:34:02,0,IC1705,CCFX,6230.6,6230.0,6257.0,545,680711560,18166,18425,6890.4,5637.6,6264,6260.2,0.0,6244.8,0.0,0,0,2017-04-24,34442000,6230.8,1,0,0,0,0,0,0,0,0,6232.6,1,0,0,0,0,0,0,0,0
439,2017-04-24,09:34:02,500,IC1705,CCFX,6232.4,6230.0,6257.0,546,681958040,18166,18425,6890.4,5637.6,6264,6260.2,0.0,6244.8,0.0,0,0,2017-04-24,34442500,6230.6,6,0,0,0,0,0,0,0,0,6232.8,1,0,0,0,0,0,0,0,0
440,2017-04-24,09:34:03,0,IC1705,CCFX,6232.4,6230.0,6257.0,546,681958040,18166,18425,6890.4,5637.6,6264,6260.2,0.0,6244.8,0.0,0,0,2017-04-24,34443000,6230.6,7,0,0,0,0,0,0,0,0,6235.0,2,0,0,0,0,0,0,0,0
441,2017-04-24,09:34:03,500,IC1705,CCFX,6232.4,6230.0,6257.0,546,681958040,18166,18425,6890.4,5637.6,6264,6260.2,0.0,6244.8,0.0,0,0,2017-04-24,34443500,6231.0,2,0,0,0,0,0,0,0,0,6234.8,1,0,0,0,0,0,0,0,0
442,2017-04-24,09:34:04,0,IC1705,CCFX,6232.4,6230.0,6257.0,546,681958040,18166,18425,6890.4,5637.6,6264,6260.2,0.0,6244.8,0.0,0,0,2017-04-24,34444000,6231.2,1,0,0,0,0,0,0,0,0,6234.8,1,0,0,0,0,0,0,0,0
443,2017-04-24,09:34:04,500,IC1705,CCFX,6232.4,6230.0,6257.0,546,681958040,18166,18425,6890.4,5637.6,6264,6260.2,0.0,6244.8,0.0,0,0,2017-04-24,34444500,6231.4,1,0,0,0,0,0,0,0,0,6234.8,1,0,0,0,0,0,0,0,0
444,2017-04-24,09:34:05,0,IC1705,CCFX,6234.6,6230.0,6257.0,547,683204960,18166,18425,6890.4,5637.6,6264,6260.2,0.0,6244.8,0.0,0,0,2017-04-24,34445000,6231.6,1,0,0,0,0,0,0,0,0,6234.2,1,0,0,0,0,0,0,0,0
445,2017-04-24,09:34:05,500,IC1705,CCFX,6234.6,6230.0,6257.0,547,683204960,18166,18425,6890.4,5637.6,6264,6260.2,0.0,6244.8,0.0,0,0,2017-04-24,34445500,6230.6,6,0,0,0,0,0,0,0,0,6234.2,1,0,0,0,0,0,0,0,0
446,2017-04-24,09:34:06,0,IC1705,CCFX,6234.6,6230.0,6257.0,547,683204960,18166,18425,6890.4,5637.6,6264,6260.2,0.0,6244.8,0.0,0,0,2017-04-24,34446000,6231.0,2,0,0,0,0,0,0,0,0,6234.0,2,0,0,0,0,0,0,0,0
447,2017-04-24,09:34:06,500,IC1705,CCFX,6234.6,6230.0,6257.0,547,683204960,18166,18425,6890.4,5637.6,6264,6260.2,0.0,6244.8,0.0,0,0,2017-04-24,34446500,6231.0,2,0,0,0,0,0,0,0,0,6233.6,1,0,0,0,0,0,0,0,0
448,2017-04-24,09:34:07,0,IC1705,CCFX,6231.0,6230.0,6257.0,549,685697360,18164,18425,6890.4,5637.6,6264,6260.2,0.0,6244.8,0.0,0,0,2017-04-24,34447000,6231.8,1,0,0,0,0,0,0,0,0,6233.2,1,0,0,0,0,0,0,0,0
449,2017-04-24,09:34:07,500,IC1705,CCFX,6230.6,6230.0,6257.0,553,690681920,18165,18425,6890.4,5637.6,6264,6260.2,0.0,6244.8,0.0,0,0,2017-04-24,34447500,6230.6,3,0,0,0,0,0,0,0,0,6233.0,1,0,0,0,0,0,0,0,0
450,2017-04-24,09:34:08,0,IC1705,CCFX,6230.6,6230.0,6257.0,556,694420280,18162,18425,6890.4,5637.6,6264,6260.2,0.0,6244.8,0.0,0,0,2017-04-24,34448000,6231.0,1,0,0,0,0,0,0,0,0,6232.8,2,0,0,0,0,0,0,0,0
451,2017-04-24,09:34:08,500,IC1705,CCFX,6231.0,6230.0,6257.0,558,696912680,18162,18425,6890.4,5637.6,6264,6260.2,0.0,6244.8,0.0,0,0,2017-04-24,34448500,6227.2,1,0,0,0,0,0,0,0,0,6232.6,4,0,0,0,0,0,0,0,0
452,2017-04-24,09:34:09,0,IC1705,CCFX,6231.0,6230.0,6257.0,558,696912680,18162,18425,6890.4,5637.6,6264,6260.2,0.0,6244.8,0.0,0,0,2017-04-24,34449000,6228.2,1,0,0,0,0,0,0,0,0,6232.0,2,0,0,0,0,0,0,0,0
453,2017-04-24,09:34:09,500,IC1705,CCFX,6231.0,6230.0,6257.0,558,696912680,18162,18425,6890.4,5637.6,6264,6260.2,0.0,6244.8,0.0,0,0,2017-04-24,34449500,6228.2,1,0,0,0,0,0,0,0,0,6228.6,1,0,0,0,0,0,0,0,0
454,2017-04-24,09:34:10,0,IC1705,CCFX,6229.0,6229.0,6257.0,560,699404280,18160,18425,6890.4,5637.6,6264,6260.2,0.0,6244.8,0.0,0,0,2017-04-24,34450000,6227.4,1,0,0,0,0,0,0,0,0,6231.8,1,0,0,0,0,0,0,0,0
455,2017-04-24,09:34:10,500,IC1705,CCFX,6229.0,6229.0,6257.0,560,699404280,18160,18425,6890.4,5637.6,6264,6260.2,0.0,6244.8,0.0,0,0,2017-04-24,34450500,6227.8,2,0,0,0,0,0,0,0,0,6228.0,2,0,0,0,0,0,0,0,0
456,2017-04-24,09:34:11,0,IC1705,CCFX,6228.0,6228.0,6257.0,562,701895480,18162,18425,6890.4,5637.6,6264,6260.2,0.0,6244.8,0.0,0,0,2017-04-24,34451000,6229.6,1,0,0,0,0,0,0,0,0,6230.6,1,0,0,0,0,0,0,0,0
457,2017-04-24,09:34:11,500,IC1705,CCFX,6228.0,6228.0,6257.0,562,701895480,18162,18425,6890.4,5637.6,6264,6260.2,0.0,6244.8,0.0,0,0,2017-04-24,34451500,6229.6,1,0,0,0,0,0,0,0,0,6230.6,1,0,0,0,0,0,0,0,0
458,2017-04-24,09:34:12,0,IC1705,CCFX,6228.0,6228.0,6257.0,562,701895480,18162,18425,6890.4,5637.6,6264,6260.2,0.0,6244.8,0.0,0,0,2017-04-24,34452000,6229.6,1,0,0,0,0,0,0,0,0,6230.6,1,0,0,0,0,0,0,0,0
459,2017-04-24,09:34:12,500,IC1705,CCFX,6230.6,6228.0,6257.0,563,703141600,18162,18425,6890.4,5637.6,6264,6260.2,0.0,6244.8,0.0,0,0,2017-04-24,34452500,6230.0,1,0,0,0,0,0,0,0,0,6231.8,1,0,0,0,0,0,0,0,0
460,2017-04-24,09:34:13,0,IC1705,CCFX,6230.6,6228.0,6257.0,563,703141600,18162,18425,6890.4,5637.6,6264,6260.2,0.0,6244.8,0.0,0,0,2017-04-24,34453000,6230.0,1,0,0,0,0,0,0,0,0,6231.6,1,0,0,0,0,0,0,0,0
461,2017-04-24,09:34:13,500,IC1705,CCFX,6230.6,6228.0,6257.0,563,703141600,18162,18425,6890.4,5637.6,6264,6260.2,0.0,6244.8,0.0,0,0,2017-04-24,34453500,6230.0,1,0,0,0,0,0,0,0,0,6231.4,1,0,0,0,0,0,0,0,0
462,2017-04-24,09:34:14,0,IC1705,CCFX,6231.4,6228.0,6257.0,564,704387880,18161,18425,6890.4,5637.6,6264,6260.2,0.0,6244.8,0.0,0,0,2017-04-24,34454000,6230.0,1,0,0,0,0,0,0,0,0,6231.6,1,0,0,0,0,0,0,0,0
463,2017-04-24,09:34:15,0,IC1705,CCFX,6230.0,6228.0,6257.0,566,706879880,18162,18425,6890.4,5637.6,6264,6260.2,0.0,6244.8,0.0,0,0,2017-04-24,34455000,6231.4,1,0,0,0,0,0,0,0,0,6231.6,1,0,0,0,0,0,0,0,0
464,2017-04-24,09:34:15,500,IC1705,CCFX,6231.4,6228.0,6257.0,569,710618720,18162,18425,6890.4,5637.6,6264,6260.2,0.0,6244.8,0.0,0,0,2017-04-24,34455500,6229.6,1,0,0,0,0,0,0,0,0,6233.4,1,0,0,0,0,0,0,0,0
465,2017-04-24,09:34:16,0,IC1705,CCFX,6233.0,6228.0,6257.0,570,711865320,18161,18425,6890.4,5637.6,6264,6260.2,0.0,6244.8,0.0,0,0,2017-04-24,34456000,6230.8,1,0,0,0,0,0,0,0,0,6233.2,4,0,0,0,0,0,0,0,0
466,2017-04-24,09:34:16,500,IC1705,CCFX,6230.8,6228.0,6257.0,571,713111480,18161,18425,6890.4,5637.6,6264,6260.2,0.0,6244.8,0.0,0,0,2017-04-24,34456500,6226.0,1,0,0,0,0,0,0,0,0,6233.0,1,0,0,0,0,0,0,0,0
467,2017-04-24,09:34:17,0,IC1705,CCFX,6230.8,6228.0,6257.0,571,713111480,18161,18425,6890.4,5637.6,6264,6260.2,0.0,6244.8,0.0,0,0,2017-04-24,34457000,6226.8,3,0,0,0,0,0,0,0,0,6232.2,2,0,0,0,0,0,0,0,0
468,2017-04-24,09:34:17,500,IC1705,CCFX,6230.8,6228.0,6257.0,571,713111480,18161,18425,6890.4,5637.6,6264,6260.2,0.0,6244.8,0.0,0,0,2017-04-24,34457500,6227.4,1,0,0,0,0,0,0,0,0,6231.6,1,0,0,0,0,0,0,0,0
469,2017-04-24,09:34:18,0,IC1705,CCFX,6230.8,6228.0,6257.0,571,713111480,18161,18425,6890.4,5637.6,6264,6260.2,0.0,6244.8,0.0,0,0,2017-04-24,34458000,6227.6,4,0,0,0,0,0,0,0,0,6231.4,1,0,0,0,0,0,0,0,0
470,2017-04-24,09:34:18,500,IC1705,CCFX,6230.8,6228.0,6257.0,571,713111480,18161,18425,6890.4,5637.6,6264,6260.2,0.0,6244.8,0.0,0,0,2017-04-24,34458500,6227.8,1,0,0,0,0,0,0,0,0,6230.0,1,0,0,0,0,0,0,0,0
471,2017-04-24,09:34:19,0,IC1705,CCFX,6230.8,6228.0,6257.0,571,713111480,18161,18425,6890.4,5637.6,6264,6260.2,0.0,6244.8,0.0,0,0,2017-04-24,34459000,6227.8,1,0,0,0,0,0,0,0,0,6230.0,1,0,0,0,0,0,0,0,0
472,2017-04-24,09:34:19,500,IC1705,CCFX,6230.8,6228.0,6257.0,571,713111480,18161,18425,6890.4,5637.6,6264,6260.2,0.0,6244.8,0.0,0,0,2017-04-24,34459500,6228.0,1,0,0,0,0,0,0,0,0,6229.6,1,0,0,0,0,0,0,0,0
473,2017-04-24,09:34:20,500,IC1705,CCFX,6230.8,6228.0,6257.0,571,713111480,18161,18425,6890.4,5637.6,6264,6260.2,0.0,6244.8,0.0,0,0,2017-04-24,34460500,6228.0,1,0,0,0,0,0,0,0,0,6229.6,1,0,0,0,0,0,0,0,0
474,2017-04-24,09:34:21,0,IC1705,CCFX,6228.0,6228.0,6257.0,572,714357080,18160,18425,6890.4,5637.6,6264,6260.2,0.0,6244.8,0.0,0,0,2017-04-24,34461000,6226.4,4,0,0,0,0,0,0,0,0,6229.6,1,0,0,0,0,0,0,0,0
475,2017-04-24,09:34:21,500,IC1705,CCFX,6228.0,6228.0,6257.0,572,714357080,18160,18425,6890.4,5637.6,6264,6260.2,0.0,6244.8,0.0,0,0,2017-04-24,34461500,6226.8,1,0,0,0,0,0,0,0,0,6229.6,1,0,0,0,0,0,0,0,0
476,2017-04-24,09:34:22,0,IC1705,CCFX,6227.0,6227.0,6257.0,573,715602480,18161,18425,6890.4,5637.6,6264,6260.2,0.0,6244.8,0.0,0,0,2017-04-24,34462000,6228.0,1,0,0,0,0,0,0,0,0,6229.4,1,0,0,0,0,0,0,0,0
477,2017-04-24,09:34:22,500,IC1705,CCFX,6227.0,6227.0,6257.0,573,715602480,18161,18425,6890.4,5637.6,6264,6260.2,0.0,6244.8,0.0,0,0,2017-04-24,34462500,6228.0,1,0,0,0,0,0,0,0,0,6229.2,3,0,0,0,0,0,0,0,0
478,2017-04-24,09:34:23,0,IC1705,CCFX,6228.0,6227.0,6257.0,574,716848080,18161,18425,6890.4,5637.6,6264,6260.2,0.0,6244.8,0.0,0,0,2017-04-24,34463000,6226.8,1,0,0,0,0,0,0,0,0,6229.2,2,0,0,0,0,0,0,0,0
479,2017-04-24,09:34:23,500,IC1705,CCFX,6228.0,6227.0,6257.0,574,716848080,18161,18425,6890.4,5637.6,6264,6260.2,0.0,6244.8,0.0,0,0,2017-04-24,34463500,6227.0,1,0,0,0,0,0,0,0,0,6229.2,2,0,0,0,0,0,0,0,0
480,2017-04-24,09:34:24,0,IC1705,CCFX,6228.0,6227.0,6257.0,575,718093680,18162,18425,6890.4,5637.6,6264,6260.2,0.0,6244.8,0.0,0,0,2017-04-24,34464000,6227.0,1,0,0,0,0,0,0,0,0,6228.0,2,0,0,0,0,0,0,0,0
481,2017-04-24,09:34:24,500,IC1705,CCFX,6228.0,6227.0,6257.0,575,718093680,18162,18425,6890.4,5637.6,6264,6260.2,0.0,6244.8,0.0,0,0,2017-04-24,34464500,6227.0,1,0,0,0,0,0,0,0,0,6228.0,2,0,0,0,0,0,0,0,0
482,2017-04-24,09:34:25,0,IC1705,CCFX,6227.0,6227.0,6257.0,576,719339080,18163,18425,6890.4,5637.6,6264,6260.2,0.0,6244.8,0.0,0,0,2017-04-24,34465000,6225.6,2,0,0,0,0,0,0,0,0,6228.0,3,0,0,0,0,0,0,0,0
483,2017-04-24,09:34:25,500,IC1705,CCFX,6222.4,6222.4,6257.0,587,733034000,18169,18425,6890.4,5637.6,6264,6260.2,0.0,6244.8,0.0,0,0,2017-04-24,34465500,6222.2,1,0,0,0,0,0,0,0,0,6227.8,2,0,0,0,0,0,0,0,0
484,2017-04-24,09:34:26,0,IC1705,CCFX,6222.4,6222.4,6257.0,587,733034000,18169,18425,6890.4,5637.6,6264,6260.2,0.0,6244.8,0.0,0,0,2017-04-24,34466000,6222.8,1,0,0,0,0,0,0,0,0,6227.2,2,0,0,0,0,0,0,0,0
485,2017-04-24,09:34:26,500,IC1705,CCFX,6222.4,6222.4,6257.0,587,733034000,18169,18425,6890.4,5637.6,6264,6260.2,0.0,6244.8,0.0,0,0,2017-04-24,34466500,6223.0,2,0,0,0,0,0,0,0,0,6227.0,3,0,0,0,0,0,0,0,0
486,2017-04-24,09:34:27,0,IC1705,CCFX,6222.4,6222.4,6257.0,587,733034000,18169,18425,6890.4,5637.6,6264,6260.2,0.0,6244.8,0.0,0,0,2017-04-24,34467000,6223.0,2,0,0,0,0,0,0,0,0,6226.6,1,0,0,0,0,0,0,0,0
487,2017-04-24,09:34:27,500,IC1705,CCFX,6222.4,6222.4,6257.0,588,734278480,18168,18425,6890.4,5637.6,6264,6260.2,0.0,6244.8,0.0,0,0,2017-04-24,34467500,6223.0,1,0,0,0,0,0,0,0,0,6226.2,1,0,0,0,0,0,0,0,0
488,2017-04-24,09:34:28,0,IC1705,CCFX,6223.0,6222.4,6257.0,589,735523080,18167,18425,6890.4,5637.6,6264,6260.2,0.0,6244.8,0.0,0,0,2017-04-24,34468000,6222.2,1,0,0,0,0,0,0,0,0,6225.8,1,0,0,0,0,0,0,0,0
489,2017-04-24,09:34:28,500,IC1705,CCFX,6223.0,6222.4,6257.0,589,735523080,18167,18425,6890.4,5637.6,6264,6260.2,0.0,6244.8,0.0,0,0,2017-04-24,34468500,6222.2,1,0,0,0,0,0,0,0,0,6225.6,4,0,0,0,0,0,0,0,0
490,2017-04-24,09:34:29,0,IC1705,CCFX,6222.0,6222.0,6257.0,592,739256960,18165,18425,6890.4,5637.6,6264,6260.2,0.0,6244.8,0.0,0,0,2017-04-24,34469000,6220.2,2,0,0,0,0,0,0,0,0,6222.2,5,0,0,0,0,0,0,0,0
491,2017-04-24,09:34:29,500,IC1705,CCFX,6222.2,6222.0,6257.0,593,740501400,18164,18425,6890.4,5637.6,6264,6260.2,0.0,6244.8,0.0,0,0,2017-04-24,34469500,6220.2,2,0,0,0,0,0,0,0,0,6222.0,1,0,0,0,0,0,0,0,0
492,2017-04-24,09:34:30,0,IC1705,CCFX,6222.2,6222.0,6257.0,593,740501400,18164,18425,6890.4,5637.6,6264,6260.2,0.0,6244.8,0.0,0,0,2017-04-24,34470000,6220.2,2,0,0,0,0,0,0,0,0,6221.8,1,0,0,0,0,0,0,0,0
493,2017-04-24,09:34:30,500,IC1705,CCFX,6222.2,6222.0,6257.0,593,740501400,18164,18425,6890.4,5637.6,6264,6260.2,0.0,6244.8,0.0,0,0,2017-04-24,34470500,6220.2,2,0,0,0,0,0,0,0,0,6221.6,1,0,0,0,0,0,0,0,0
494,2017-04-24,09:34:31,0,IC1705,CCFX,6220.2,6220.2,6257.0,594,741745440,18164,18425,6890.4,5637.6,6264,6260.2,0.0,6244.8,0.0,0,0,2017-04-24,34471000,6220.2,1,0,0,0,0,0,0,0,0,6221.6,1,0,0,0,0,0,0,0,0
495,2017-04-24,09:34:31,500,IC1705,CCFX,6220.2,6220.2,6257.0,594,741745440,18164,18425,6890.4,5637.6,6264,6260.2,0.0,6244.8,0.0,0,0,2017-04-24,34471500,6220.2,1,0,0,0,0,0,0,0,0,6221.6,1,0,0,0,0,0,0,0,0
