,dataDate,dataTime,dataMillisec,instrumentID,exchangeCD,lastPrice,lowPrice,highPrice,volume,value,openInterest,preOpenInterest,upperLimitPrice,lowerLimitPrice,preSettlementPrice,prevClosePrice,settlementPrice,openPrice,closePrice,preDelta,currDelta,clearingDay,milliSecOffset,bidPrice1,bidVolume1,bidPrice2,bidVolume2,bidPrice3,bidVolume3,bidPrice4,bidVolume4,bidPrice5,bidVolume5,askPrice1,askVolume1,askPrice2,askVolume2,askPrice3,askVolume3,askPrice4,askVolume4,askPrice5,askVolume5
0,2017-04-24,00:00:00,0,IF1705,CCFX,3441.2,0.0,0.0,0,0,26774,26774,0.0,0.0,3438.6,3441.2,0.0,0,0.0,0,0,2017-04-24,0,0.0,0,0,0,0,0,0,0,0,0,0.0,0,0,0,0,0,0,0,0,0
1,2017-04-24,07:03:53,500,IF1705,CCFX,3441.2,0.0,0.0,0,0,26774,26774,3782.4,3094.8,3438.6,3441.2,0.0,0,0.0,0,0,2017-04-24,25433500,0.0,0,0,0,0,0,0,0,0,0,0.0,0,0,0,0,0,0,0,0,0
2,2017-04-24,09:29:00,500,IF1705,CCFX,3439.0,3439.0,3439.0,50,51585000,26745,26774,3782.4,3094.8,3438.6,3441.2,0.0,3439,0.0,0,0,2017-04-24,34140500,3438.4,8,0,0,0,0,0,0,0,0,3439.2,1,0,0,0,0,0,0,0,0
3,2017-04-24,09:30:00,500,IF1705,CCFX,3440.6,3439.0,3440.6,56,57776160,26742,26774,3782.4,3094.8,3438.6,3441.2,0.0,3439,0.0,0,0,2017-04-24,34200500,3439.2,1,0,0,0,0,0,0,0,0,3439.8,4,0,0,0,0,0,0,0,0
4,2017-04-24,09:30:01,0,IF1705,CCFX,3439.8,3439.0,3440.6,58,59840040,26741,26774,3782.4,3094.8,3438.6,3441.2,0.0,3439,0.0,0,0,2017-04-24,34201000,3439.2,4,0,0,0,0,0,0,0,0,3439.6,1,0,0,0,0,0,0,0,0
5,2017-04-24,09:30:01,500,IF1705,CCFX,3439.2,3439.0,3440.6,64,66030840,26736,26774,3782.4,3094.8,3438.6,3441.2,0.0,3439,0.0,0,0,2017-04-24,34201500,3439.0,2,0,0,0,0,0,0,0,0,3439.2,2,0,0,0,0,0,0,0,0
6,2017-04-24,09:30:02,0,IF1705,CCFX,3439.2,3439.0,3440.6,66,68094360,26736,26774,3782.4,3094.8,3438.6,3441.2,0.0,3439,0.0,0,0,2017-04-24,34202000,3439.2,4,0,0,0,0,0,0,0,0,3439.4,1,0,0,0,0,0,0,0,0
7,2017-04-24,09:30:02,500,IF1705,CCFX,3439.2,3439.0,3440.6,72,74285220,26730,26774,3782.4,3094.8,3438.6,3441.2,0.0,3439,0.0,0,0,2017-04-24,34202500,3439.2,4,0,0,0,0,0,0,0,0,3439.4,1,0,0,0,0,0,0,0,0
8,2017-04-24,09:30:03,0,IF1705,CCFX,3439.6,3439.0,3440.6,75,77380740,26728,26774,3782.4,3094.8,3438.6,3441.2,0.0,3439,0.0,0,0,2017-04-24,34203000,3439.4,1,0,0,0,0,0,0,0,0,3439.8,2,0,0,0,0,0,0,0,0
9,2017-04-24,09:30:03,500,IF1705,CCFX,3439.6,3439.0,3440.6,75,77380740,26728,26774,3782.4,3094.8,3438.6,3441.2,0.0,3439,0.0,0,0,2017-04-24,34203500,3439.6,6,0,0,0,0,0,0,0,0,3439.8,2,0,0,0,0,0,0,0,0
10,2017-04-24,09:30:04,0,IF1705,CCFX,3439.6,3439.0,3441.6,88,90798360,26717,26774,3782.4,3094.8,3438.6,3441.2,0.0,3439,0.0,0,0,2017-04-24,34204000,3439.6,4,0,0,0,0,0,0,0,0,3440.0,8,0,0,0,0,0,0,0,0
11,2017-04-24,09:30:04,500,IF1705,CCFX,3439.6,3439.0,3441.6,90,92862120,26715,26774,3782.4,3094.8,3438.6,3441.2,0.0,3439,0.0,0,0,2017-04-24,34204500,3439.8,7,0,0,0,0,0,0,0,0,3440.0,10,0,0,0,0,0,0,0,0
12,2017-04-24,09:30:05,0,IF1705,CCFX,3440.0,3439.0,3441.6,96,99053940,26712,26774,3782.4,3094.8,3438.6,3441.2,0.0,3439,0.0,0,0,2017-04-24,34205000,3439.8,3,0,0,0,0,0,0,0,0,3440.0,7,0,0,0,0,0,0,0,0
13,2017-04-24,09:30:05,500,IF1705,CCFX,3440.0,3439.0,3441.6,107,110405640,26703,26774,3782.4,3094.8,3438.6,3441.2,0.0,3439,0.0,0,0,2017-04-24,34205500,3439.6,1,0,0,0,0,0,0,0,0,3440.0,1,0,0,0,0,0,0,0,0
14,2017-04-24,09:30:06,0,IF1705,CCFX,3441.8,3439.0,3441.8,111,114534420,26702,26774,3782.4,3094.8,3438.6,3441.2,0.0,3439,0.0,0,0,2017-04-24,34206000,3439.4,1,0,0,0,0,0,0,0,0,3440.0,1,0,0,0,0,0,0,0,0
15,2017-04-24,09:30:06,500,IF1705,CCFX,3440.0,3439.0,3441.8,112,115566420,26701,26774,3782.4,3094.8,3438.6,3441.2,0.0,3439,0.0,0,0,2017-04-24,34206500,3440.0,2,0,0,0,0,0,0,0,0,3441.6,2,0,0,0,0,0,0,0,0
16,2017-04-24,09:30:07,0,IF1705,CCFX,3441.6,3439.0,3441.8,115,118663800,26698,26774,3782.4,3094.8,3438.6,3441.2,0.0,3439,0.0,0,0,2017-04-24,34207000,3441.6,1,0,0,0,0,0,0,0,0,3441.8,14,0,0,0,0,0,0,0,0
17,2017-04-24,09:30:07,500,IF1705,CCFX,3439.0,3439.0,3441.8,132,136208820,26695,26774,3782.4,3094.8,3438.6,3441.2,0.0,3439,0.0,0,0,2017-04-24,34207500,3439.0,9,0,0,0,0,0,0,0,0,3440.6,2,0,0,0,0,0,0,0,0
18,2017-04-24,09:30:08,0,IF1705,CCFX,3440.4,3439.0,3441.8,133,137240940,26695,26774,3782.4,3094.8,3438.6,3441.2,0.0,3439,0.0,0,0,2017-04-24,34208000,3440.0,3,0,0,0,0,0,0,0,0,3440.4,1,0,0,0,0,0,0,0,0
19,2017-04-24,09:30:08,500,IF1705,CCFX,3440.6,3439.0,3441.8,137,141369600,26693,26774,3782.4,3094.8,3438.6,3441.2,0.0,3439,0.0,0,0,2017-04-24,34208500,3440.6,1,0,0,0,0,0,0,0,0,3441.6,2,0,0,0,0,0,0,0,0
20,2017-04-24,09:30:09,0,IF1705,CCFX,3440.4,3439.0,3441.8,141,145498860,26690,26774,3782.4,3094.8,3438.6,3441.2,0.0,3439,0.0,0,0,2017-04-24,34209000,3440.2,1,0,0,0,0,0,0,0,0,3440.6,1,0,0,0,0,0,0,0,0
21,2017-04-24,09:30:09,500,IF1705,CCFX,3440.6,3439.0,3441.8,145,149628060,26686,26774,3782.4,3094.8,3438.6,3441.2,0.0,3439,0.0,0,0,2017-04-24,34209500,3440.2,1,0,0,0,0,0,0,0,0,3441.4,1,0,0,0,0,0,0,0,0
22,2017-04-24,09:30:10,0,IF1705,CCFX,3441.4,3439.0,3441.8,146,150660480,26685,26774,3782.4,3094.8,3438.6,3441.2,0.0,3439,0.0,0,0,2017-04-24,34210000,3440.2,1,0,0,0,0,0,0,0,0,3441.8,15,0,0,0,0,0,0,0,0
23,2017-04-24,09:30:10,500,IF1705,CCFX,3440.2,3439.0,3441.8,150,154789560,26683,26774,3782.4,3094.8,3438.6,3441.2,0.0,3439,0.0,0,0,2017-04-24,34210500,3440.0,3,0,0,0,0,0,0,0,0,3440.2,2,0,0,0,0,0,0,0,0
24,2017-04-24,09:30:11,0,IF1705,CCFX,3441.8,3439.0,3441.8,155,159951240,26682,26774,3782.4,3094.8,3438.6,3441.2,0.0,3439,0.0,0,0,2017-04-24,34211000,3440.2,1,0,0,0,0,0,0,0,0,3440.4,3,0,0,0,0,0,0,0,0
25,2017-04-24,09:30:11,500,IF1705,CCFX,3440.4,3439.0,3441.8,158,163048440,26682,26774,3782.4,3094.8,3438.6,3441.2,0.0,3439,0.0,0,0,2017-04-24,34211500,3440.4,2,0,0,0,0,0,0,0,0,3441.8,13,0,0,0,0,0,0,0,0
26,2017-04-24,09:30:12,0,IF1705,CCFX,3441.8,3439.0,3441.8,165,170276220,26682,26774,3782.4,3094.8,3438.6,3441.2,0.0,3439,0.0,0,0,2017-04-24,34212000,3440.6,1,0,0,0,0,0,0,0,0,3441.8,6,0,0,0,0,0,0,0,0
27,2017-04-24,09:30:12,500,IF1705,CCFX,3441.8,3439.0,3441.8,166,171308760,26682,26774,3782.4,3094.8,3438.6,3441.2,0.0,3439,0.0,0,0,2017-04-24,34212500,3440.6,1,0,0,0,0,0,0,0,0,3441.6,2,0,0,0,0,0,0,0,0
28,2017-04-24,09:30:13,0,IF1705,CCFX,3441.8,3439.0,3441.8,166,171308760,26682,26774,3782.4,3094.8,3438.6,3441.2,0.0,3439,0.0,0,0,2017-04-24,34213000,3441.4,7,0,0,0,0,0,0,0,0,3441.6,1,0,0,0,0,0,0,0,0
29,2017-04-24,09:30:13,500,IF1705,CCFX,3441.4,3439.0,3441.8,172,177503340,26677,26774,3782.4,3094.8,3438.6,3441.2,0.0,3439,0.0,0,0,2017-04-24,34213500,3441.4,2,0,0,0,0,0,0,0,0,3441.8,6,0,0,0,0,0,0,0,0
30,2017-04-24,09:30:14,0,IF1705,CCFX,3441.8,3439.0,3441.8,175,180600720,26675,26774,3782.4,3094.8,3438.6,3441.2,0.0,3439,0.0,0,0,2017-04-24,34214000,3439.0,10,0,0,0,0,0,0,0,0,3441.8,5,0,0,0,0,0,0,0,0
31,2017-04-24,09:30:14,500,IF1705,CCFX,3441.4,3439.0,3441.8,176,181633140,26675,26774,3782.4,3094.8,3438.6,3441.2,0.0,3439,0.0,0,0,2017-04-24,34214500,3439.4,2,0,0,0,0,0,0,0,0,3441.4,1,0,0,0,0,0,0,0,0
32,2017-04-24,09:30:15,0,IF1705,CCFX,3439.6,3439.0,3441.8,178,183697440,26673,26774,3782.4,3094.8,3438.6,3441.2,0.0,3439,0.0,0,0,2017-04-24,34215000,3439.6,4,0,0,0,0,0,0,0,0,3440.6,1,0,0,0,0,0,0,0,0
33,2017-04-24,09:30:15,500,IF1705,CCFX,3440.6,3439.0,3441.8,179,184729620,26672,26774,3782.4,3094.8,3438.6,3441.2,0.0,3439,0.0,0,0,2017-04-24,34215500,3439.6,3,0,0,0,0,0,0,0,0,3440.0,1,0,0,0,0,0,0,0,0
34,2017-04-24,09:30:16,0,IF1705,CCFX,3440.0,3439.0,3441.8,180,185761620,26671,26774,3782.4,3094.8,3438.6,3441.2,0.0,3439,0.0,0,0,2017-04-24,34216000,3440.0,2,0,0,0,0,0,0,0,0,3441.4,2,0,0,0,0,0,0,0,0
35,2017-04-24,09:30:16,500,IF1705,CCFX,3439.0,3439.0,3441.8,192,198144540,26660,26774,3782.4,3094.8,3438.6,3441.2,0.0,3439,0.0,0,0,2017-04-24,34216500,3439.0,8,0,0,0,0,0,0,0,0,3441.2,2,0,0,0,0,0,0,0,0
36,2017-04-24,09:30:17,0,IF1705,CCFX,3439.0,3439.0,3441.8,193,199176240,26659,26774,3782.4,3094.8,3438.6,3441.2,0.0,3439,0.0,0,0,2017-04-24,34217000,3440.0,2,0,0,0,0,0,0,0,0,3440.8,1,0,0,0,0,0,0,0,0
37,2017-04-24,09:30:17,500,IF1705,CCFX,3439.0,3439.0,3441.8,195,201239640,26659,26774,3782.4,3094.8,3438.6,3441.2,0.0,3439,0.0,0,0,2017-04-24,34217500,3440.0,1,0,0,0,0,0,0,0,0,3440.6,2,0,0,0,0,0,0,0,0
38,2017-04-24,09:30:18,0,IF1705,CCFX,3439.0,3439.0,3441.8,195,201239640,26659,26774,3782.4,3094.8,3438.6,3441.2,0.0,3439,0.0,0,0,2017-04-24,34218000,3440.0,6,0,0,0,0,0,0,0,0,3440.4,1,0,0,0,0,0,0,0,0
39,2017-04-24,09:30:18,500,IF1705,CCFX,3439.0,3439.0,3441.8,195,201239640,26659,26774,3782.4,3094.8,3438.6,3441.2,0.0,3439,0.0,0,0,2017-04-24,34218500,3440.0,2,0,0,0,0,0,0,0,0,3440.4,1,0,0,0,0,0,0,0,0
40,2017-04-24,09:30:19,0,IF1705,CCFX,3439.0,3439.0,3441.8,195,201239640,26659,26774,3782.4,3094.8,3438.6,3441.2,0.0,3439,0.0,0,0,2017-04-24,34219000,3440.2,4,0,0,0,0,0,0,0,0,3440.4,1,0,0,0,0,0,0,0,0
41,2017-04-24,09:30:19,500,IF1705,CCFX,3439.0,3439.0,3441.8,195,201239640,26659,26774,3782.4,3094.8,3438.6,3441.2,0.0,3439,0.0,0,0,2017-04-24,34219500,3440.0,2,0,0,0,0,0,0,0,0,3440.2,1,0,0,0,0,0,0,0,0
42,2017-04-24,09:30:20,0,IF1705,CCFX,3440.0,3439.0,3441.8,198,204335700,26657,26774,3782.4,3094.8,3438.6,3441.2,0.0,3439,0.0,0,0,2017-04-24,34220000,3439.8,4,0,0,0,0,0,0,0,0,3440.8,1,0,0,0,0,0,0,0,0
43,2017-04-24,09:30:20,500,IF1705,CCFX,3440.0,3439.0,3441.8,198,204335700,26657,26774,3782.4,3094.8,3438.6,3441.2,0.0,3439,0.0,0,0,2017-04-24,34220500,3439.6,3,0,0,0,0,0,0,0,0,3440.8,1,0,0,0,0,0,0,0,0
44,2017-04-24,09:30:21,0,IF1705,CCFX,3440.8,3439.0,3441.8,204,210528900,26651,26774,3782.4,3094.8,3438.6,3441.2,0.0,3439,0.0,0,0,2017-04-24,34221000,3440.8,5,0,0,0,0,0,0,0,0,3441.0,1,0,0,0,0,0,0,0,0
45,2017-04-24,09:30:21,500,IF1705,CCFX,3441.0,3439.0,3441.8,209,215690160,26646,26774,3782.4,3094.8,3438.6,3441.2,0.0,3439,0.0,0,0,2017-04-24,34221500,3440.8,1,0,0,0,0,0,0,0,0,3441.2,2,0,0,0,0,0,0,0,0
46,2017-04-24,09:30:22,0,IF1705,CCFX,3440.8,3439.0,3441.8,211,217754640,26644,26774,3782.4,3094.8,3438.6,3441.2,0.0,3439,0.0,0,0,2017-04-24,34222000,3440.2,1,0,0,0,0,0,0,0,0,3440.8,1,0,0,0,0,0,0,0,0
47,2017-04-24,09:30:22,500,IF1705,CCFX,3440.8,3439.0,3441.8,211,217754640,26644,26774,3782.4,3094.8,3438.6,3441.2,0.0,3439,0.0,0,0,2017-04-24,34222500,3440.2,1,0,0,0,0,0,0,0,0,3440.8,1,0,0,0,0,0,0,0,0
48,2017-04-24,09:30:23,0,IF1705,CCFX,3440.2,3439.0,3441.8,212,218786700,26643,26774,3782.4,3094.8,3438.6,3441.2,0.0,3439,0.0,0,0,2017-04-24,34223000,3440.0,2,0,0,0,0,0,0,0,0,3440.2,1,0,0,0,0,0,0,0,0
49,2017-04-24,09:30:23,500,IF1705,CCFX,3440.0,3439.0,3441.8,214,220850700,26642,26774,3782.4,3094.8,3438.6,3441.2,0.0,3439,0.0,0,0,2017-04-24,34223500,3439.8,1,0,0,0,0,0,0,0,0,3441.0,1,0,0,0,0,0,0,0,0
50,2017-04-24,09:30:24,0,IF1705,CCFX,3440.0,3439.0,3441.8,214,220850700,26642,26774,3782.4,3094.8,3438.6,3441.2,0.0,3439,0.0,0,0,2017-04-24,34224000,3439.8,1,0,0,0,0,0,0,0,0,3440.8,1,0,0,0,0,0,0,0,0
51,2017-04-24,09:30:24,500,IF1705,CCFX,3440.8,3439.0,3441.8,215,221882940,26641,26774,3782.4,3094.8,3438.6,3441.2,0.0,3439,0.0,0,0,2017-04-24,34224500,3440.0,1,0,0,0,0,0,0,0,0,3441.0,1,0,0,0,0,0,0,0,0
52,2017-04-24,09:30:25,0,IF1705,CCFX,3439.8,3439.0,3441.8,217,223946880,26641,26774,3782.4,3094.8,3438.6,3441.2,0.0,3439,0.0,0,0,2017-04-24,34225000,3439.6,3,0,0,0,0,0,0,0,0,3441.0,1,0,0,0,0,0,0,0,0
53,2017-04-24,09:30:25,500,IF1705,CCFX,3439.8,3439.0,3441.8,217,223946880,26641,26774,3782.4,3094.8,3438.6,3441.2,0.0,3439,0.0,0,0,2017-04-24,34225500,3440.2,1,0,0,0,0,0,0,0,0,3440.8,2,0,0,0,0,0,0,0,0
54,2017-04-24,09:30:26,0,IF1705,CCFX,3439.0,3439.0,3441.8,223,230138100,26635,26774,3782.4,3094.8,3438.6,3441.2,0.0,3439,0.0,0,0,2017-04-24,34226000,3439.0,5,0,0,0,0,0,0,0,0,3440.6,2,0,0,0,0,0,0,0,0
55,2017-04-24,09:30:26,500,IF1705,CCFX,3439.0,3439.0,3441.8,223,230138100,26635,26774,3782.4,3094.8,3438.6,3441.2,0.0,3439,0.0,0,0,2017-04-24,34226500,3439.2,2,0,0,0,0,0,0,0,0,3440.4,2,0,0,0,0,0,0,0,0
56,2017-04-24,09:30:27,0,IF1705,CCFX,3440.4,3439.0,3441.8,225,232202280,26633,26774,3782.4,3094.8,3438.6,3441.2,0.0,3439,0.0,0,0,2017-04-24,34227000,3440.4,2,0,0,0,0,0,0,0,0,3440.6,1,0,0,0,0,0,0,0,0
57,2017-04-24,09:30:27,500,IF1705,CCFX,3440.4,3439.0,3441.8,225,232202280,26633,26774,3782.4,3094.8,3438.6,3441.2,0.0,3439,0.0,0,0,2017-04-24,34227500,3439.4,1,0,0,0,0,0,0,0,0,3440.6,1,0,0,0,0,0,0,0,0
58,2017-04-24,09:30:28,0,IF1705,CCFX,3440.2,3439.0,3441.8,231,238393440,26627,26774,3782.4,3094.8,3438.6,3441.2,0.0,3439,0.0,0,0,2017-04-24,34228000,3439.2,1,0,0,0,0,0,0,0,0,3440.4,1,0,0,0,0,0,0,0,0
59,2017-04-24,09:30:28,500,IF1705,CCFX,3440.4,3439.0,3441.8,235,242521500,26623,26774,3782.4,3094.8,3438.6,3441.2,0.0,3439,0.0,0,0,2017-04-24,34228500,3439.4,1,0,0,0,0,0,0,0,0,3440.4,1,0,0,0,0,0,0,0,0
60,2017-04-24,09:30:29,0,IF1705,CCFX,3440.4,3439.0,3441.8,236,243553620,26622,26774,3782.4,3094.8,3438.6,3441.2,0.0,3439,0.0,0,0,2017-04-24,34229000,3439.8,1,0,0,0,0,0,0,0,0,3440.8,1,0,0,0,0,0,0,0,0
61,2017-04-24,09:30:29,500,IF1705,CCFX,3440.4,3439.0,3441.8,237,244585740,26621,26774,3782.4,3094.8,3438.6,3441.2,0.0,3439,0.0,0,0,2017-04-24,34229500,3439.8,1,0,0,0,0,0,0,0,0,3440.8,1,0,0,0,0,0,0,0,0
62,2017-04-24,09:30:30,0,IF1705,CCFX,3439.4,3439.0,3441.8,241,248713200,26617,26774,3782.4,3094.8,3438.6,3441.2,0.0,3439,0.0,0,0,2017-04-24,34230000,3439.2,1,0,0,0,0,0,0,0,0,3440.2,1,0,0,0,0,0,0,0,0
63,2017-04-24,09:30:30,500,IF1705,CCFX,3440.2,3439.0,3441.8,242,249745260,26616,26774,3782.4,3094.8,3438.6,3441.2,0.0,3439,0.0,0,0,2017-04-24,34230500,3439.2,1,0,0,0,0,0,0,0,0,3440.8,1,0,0,0,0,0,0,0,0
64,2017-04-24,09:30:31,0,IF1705,CCFX,3440.8,3439.0,3441.8,243,250777500,26615,26774,3782.4,3094.8,3438.6,3441.2,0.0,3439,0.0,0,0,2017-04-24,34231000,3440.8,13,0,0,0,0,0,0,0,0,3441.4,2,0,0,0,0,0,0,0,0
65,2017-04-24,09:30:31,500,IF1705,CCFX,3441.4,3439.0,3441.8,245,252842340,26615,26774,3782.4,3094.8,3438.6,3441.2,0.0,3439,0.0,0,0,2017-04-24,34231500,3441.4,3,0,0,0,0,0,0,0,0,3441.6,7,0,0,0,0,0,0,0,0
66,2017-04-24,09:30:32,0,IF1705,CCFX,3441.6,3439.0,3441.8,256,264199200,26607,26774,3782.4,3094.8,3438.6,3441.2,0.0,3439,0.0,0,0,2017-04-24,34232000,3441.6,5,0,0,0,0,0,0,0,0,3441.8,5,0,0,0,0,0,0,0,0
67,2017-04-24,09:30:32,500,IF1705,CCFX,3441.6,3439.0,3441.8,257,265231680,26606,26774,3782.4,3094.8,3438.6,3441.2,0.0,3439,0.0,0,0,2017-04-24,34232500,3441.6,4,0,0,0,0,0,0,0,0,3441.8,5,0,0,0,0,0,0,0,0
68,2017-04-24,09:30:33,0,IF1705,CCFX,3441.6,3439.0,3441.8,262,270394140,26603,26774,3782.4,3094.8,3438.6,3441.2,0.0,3439,0.0,0,0,2017-04-24,34233000,3440.8,12,0,0,0,0,0,0,0,0,3441.8,4,0,0,0,0,0,0,0,0
69,2017-04-24,09:30:33,500,IF1705,CCFX,3441.6,3439.0,3441.8,262,270394140,26603,26774,3782.4,3094.8,3438.6,3441.2,0.0,3439,0.0,0,0,2017-04-24,34233500,3440.8,12,0,0,0,0,0,0,0,0,3441.6,1,0,0,0,0,0,0,0,0
70,2017-04-24,09:30:34,0,IF1705,CCFX,3440.8,3439.0,3441.8,264,272458620,26601,26774,3782.4,3094.8,3438.6,3441.2,0.0,3439,0.0,0,0,2017-04-24,34234000,3440.8,11,0,0,0,0,0,0,0,0,3441.6,1,0,0,0,0,0,0,0,0
71,2017-04-24,09:30:34,500,IF1705,CCFX,3441.6,3439.0,3441.8,266,274523580,26600,26774,3782.4,3094.8,3438.6,3441.2,0.0,3439,0.0,0,0,2017-04-24,34234500,3441.6,5,0,0,0,0,0,0,0,0,3441.8,5,0,0,0,0,0,0,0,0
72,2017-04-24,09:30:35,0,IF1705,CCFX,3441.6,3439.0,3441.8,270,278653500,26599,26774,3782.4,3094.8,3438.6,3441.2,0.0,3439,0.0,0,0,2017-04-24,34235000,3441.6,1,0,0,0,0,0,0,0,0,3441.8,5,0,0,0,0,0,0,0,0
73,2017-04-24,09:30:35,500,IF1705,CCFX,3441.6,3439.0,3441.8,271,279685980,26598,26774,3782.4,3094.8,3438.6,3441.2,0.0,3439,0.0,0,0,2017-04-24,34235500,3440.8,11,0,0,0,0,0,0,0,0,3441.6,2,0,0,0,0,0,0,0,0
74,2017-04-24,09:30:36,0,IF1705,CCFX,3441.6,3439.0,3441.8,271,279685980,26598,26774,3782.4,3094.8,3438.6,3441.2,0.0,3439,0.0,0,0,2017-04-24,34236000,3440.8,12,0,0,0,0,0,0,0,0,3441.6,3,0,0,0,0,0,0,0,0
75,2017-04-24,09:30:36,500,IF1705,CCFX,3441.6,3439.0,3441.8,271,279685980,26598,26774,3782.4,3094.8,3438.6,3441.2,0.0,3439,0.0,0,0,2017-04-24,34236500,3440.8,12,0,0,0,0,0,0,0,0,3441.6,7,0,0,0,0,0,0,0,0
76,2017-04-24,09:30:37,0,IF1705,CCFX,3441.6,3439.0,3441.8,271,279685980,26598,26774,3782.4,3094.8,3438.6,3441.2,0.0,3439,0.0,0,0,2017-04-24,34237000,3440.8,12,0,0,0,0,0,0,0,0,3441.2,1,0,0,0,0,0,0,0,0
77,2017-04-24,09:30:37,500,IF1705,CCFX,3440.8,3439.0,3441.8,273,281750460,26596,26774,3782.4,3094.8,3438.6,3441.2,0.0,3439,0.0,0,0,2017-04-24,34237500,3440.8,10,0,0,0,0,0,0,0,0,3441.2,1,0,0,0,0,0,0,0,0
78,2017-04-24,09:30:38,0,IF1705,CCFX,3440.8,3439.0,3441.8,277,285879420,26592,26774,3782.4,3094.8,3438.6,3441.2,0.0,3439,0.0,0,0,2017-04-24,34238000,3440.8,6,0,0,0,0,0,0,0,0,3441.2,1,0,0,0,0,0,0,0,0
79,2017-04-24,09:30:38,500,IF1705,CCFX,3440.8,3439.0,3441.8,282,291040680,26587,26774,3782.4,3094.8,3438.6,3441.2,0.0,3439,0.0,0,0,2017-04-24,34238500,3440.8,2,0,0,0,0,0,0,0,0,3441.2,1,0,0,0,0,0,0,0,0
80,2017-04-24,09:30:39,0,IF1705,CCFX,3440.2,3439.0,3441.8,286,295169340,26584,26774,3782.4,3094.8,3438.6,3441.2,0.0,3439,0.0,0,0,2017-04-24,34239000,3440.2,4,0,0,0,0,0,0,0,0,3440.4,1,0,0,0,0,0,0,0,0
81,2017-04-24,09:30:39,500,IF1705,CCFX,3440.2,3439.0,3441.8,287,296201400,26584,26774,3782.4,3094.8,3438.6,3441.2,0.0,3439,0.0,0,0,2017-04-24,34239500,3440.2,3,0,0,0,0,0,0,0,0,3440.4,1,0,0,0,0,0,0,0,0
82,2017-04-24,09:30:40,0,IF1705,CCFX,3440.4,3439.0,3441.8,289,298265580,26582,26774,3782.4,3094.8,3438.6,3441.2,0.0,3439,0.0,0,0,2017-04-24,34240000,3440.2,2,0,0,0,0,0,0,0,0,3440.8,10,0,0,0,0,0,0,0,0
83,2017-04-24,09:30:40,500,IF1705,CCFX,3440.8,3439.0,3441.8,290,299297820,26582,26774,3782.4,3094.8,3438.6,3441.2,0.0,3439,0.0,0,0,2017-04-24,34240500,3440.2,2,0,0,0,0,0,0,0,0,3440.8,13,0,0,0,0,0,0,0,0
84,2017-04-24,09:30:41,0,IF1705,CCFX,3440.8,3439.0,3441.8,291,300330060,26581,26774,3782.4,3094.8,3438.6,3441.2,0.0,3439,0.0,0,0,2017-04-24,34241000,3440.2,2,0,0,0,0,0,0,0,0,3440.8,14,0,0,0,0,0,0,0,0
85,2017-04-24,09:30:42,0,IF1705,CCFX,3440.8,3439.0,3441.8,291,300330060,26581,26774,3782.4,3094.8,3438.6,3441.2,0.0,3439,0.0,0,0,2017-04-24,34242000,3440.2,2,0,0,0,0,0,0,0,0,3440.8,14,0,0,0,0,0,0,0,0
86,2017-04-24,09:30:42,500,IF1705,CCFX,3440.8,3439.0,3441.8,291,300330060,26581,26774,3782.4,3094.8,3438.6,3441.2,0.0,3439,0.0,0,0,2017-04-24,34242500,3440.2,2,0,0,0,0,0,0,0,0,3440.8,14,0,0,0,0,0,0,0,0
87,2017-04-24,09:30:43,0,IF1705,CCFX,3440.8,3439.0,3441.8,292,301362300,26581,26774,3782.4,3094.8,3438.6,3441.2,0.0,3439,0.0,0,0,2017-04-24,34243000,3440.4,1,0,0,0,0,0,0,0,0,3440.8,13,0,0,0,0,0,0,0,0
88,2017-04-24,09:30:43,500,IF1705,CCFX,3440.2,3439.0,3441.8,296,305490660,26578,26774,3782.4,3094.8,3438.6,3441.2,0.0,3439,0.0,0,0,2017-04-24,34243500,3439.8,1,0,0,0,0,0,0,0,0,3440.8,13,0,0,0,0,0,0,0,0
89,2017-04-24,09:30:44,0,IF1705,CCFX,3440.2,3439.0,3441.8,296,305490660,26578,26774,3782.4,3094.8,3438.6,3441.2,0.0,3439,0.0,0,0,2017-04-24,34244000,3439.8,1,0,0,0,0,0,0,0,0,3440.6,4,0,0,0,0,0,0,0,0
90,2017-04-24,09:30:44,500,IF1705,CCFX,3440.6,3439.0,3441.8,297,306522840,26577,26774,3782.4,3094.8,3438.6,3441.2,0.0,3439,0.0,0,0,2017-04-24,34244500,3439.8,1,0,0,0,0,0,0,0,0,3440.6,3,0,0,0,0,0,0,0,0
91,2017-04-24,09:30:45,0,IF1705,CCFX,3440.6,3439.0,3441.8,297,306522840,26577,26774,3782.4,3094.8,3438.6,3441.2,0.0,3439,0.0,0,0,2017-04-24,34245000,3440.0,1,0,0,0,0,0,0,0,0,3440.6,3,0,0,0,0,0,0,0,0
92,2017-04-24,09:30:45,500,IF1705,CCFX,3440.6,3439.0,3441.8,297,306522840,26577,26774,3782.4,3094.8,3438.6,3441.2,0.0,3439,0.0,0,0,2017-04-24,34245500,3440.0,1,0,0,0,0,0,0,0,0,3440.6,3,0,0,0,0,0,0,0,0
93,2017-04-24,09:30:46,0,IF1705,CCFX,3440.6,3439.0,3441.8,297,306522840,26577,26774,3782.4,3094.8,3438.6,3441.2,0.0,3439,0.0,0,0,2017-04-24,34246000,3440.4,1,0,0,0,0,0,0,0,0,3440.6,3,0,0,0,0,0,0,0,0
94,2017-04-24,09:30:46,500,IF1705,CCFX,3440.4,3439.0,3441.8,298,307554960,26577,26774,3782.4,3094.8,3438.6,3441.2,0.0,3439,0.0,0,0,2017-04-24,34246500,3440.2,1,0,0,0,0,0,0,0,0,3440.4,3,0,0,0,0,0,0,0,0
95,2017-04-24,09:30:47,0,IF1705,CCFX,3440.0,3439.0,3441.8,300,309619020,26576,26774,3782.4,3094.8,3438.6,3441.2,0.0,3439,0.0,0,0,2017-04-24,34247000,3439.8,1,0,0,0,0,0,0,0,0,3440.0,4,0,0,0,0,0,0,0,0
96,2017-04-24,09:30:47,500,IF1705,CCFX,3439.8,3439.0,3441.8,301,310650960,26575,26774,3782.4,3094.8,3438.6,3441.2,0.0,3439,0.0,0,0,2017-04-24,34247500,3439.2,1,0,0,0,0,0,0,0,0,3440.0,4,0,0,0,0,0,0,0,0
97,2017-04-24,09:30:48,0,IF1705,CCFX,3439.8,3439.0,3441.8,301,310650960,26575,26774,3782.4,3094.8,3438.6,3441.2,0.0,3439,0.0,0,0,2017-04-24,34248000,3439.2,2,0,0,0,0,0,0,0,0,3440.0,4,0,0,0,0,0,0,0,0
98,2017-04-24,09:30:48,500,IF1705,CCFX,3439.2,3439.0,3441.8,302,311682720,26574,26774,3782.4,3094.8,3438.6,3441.2,0.0,3439,0.0,0,0,2017-04-24,34248500,3439.2,1,0,0,0,0,0,0,0,0,3440.0,4,0,0,0,0,0,0,0,0
99,2017-04-24,09:30:49,0,IF1705,CCFX,3438.8,3438.8,3441.8,311,320968020,26565,26774,3782.4,3094.8,3438.6,3441.2,0.0,3439,0.0,0,0,2017-04-24,34249000,3438.6,2,0,0,0,0,0,0,0,0,3440.0,4,0,0,0,0,0,0,0,0
100,2017-04-24,09:30:49,500,IF1705,CCFX,3439.6,3438.8,3441.8,318,328191180,26563,26774,3782.4,3094.8,3438.6,3441.2,0.0,3439,0.0,0,0,2017-04-24,34249500,3438.8,1,0,0,0,0,0,0,0,0,3439.8,1,0,0,0,0,0,0,0,0
101,2017-04-24,09:30:50,0,IF1705,CCFX,3439.6,3438.8,3441.8,319,329223060,26563,26774,3782.4,3094.8,3438.6,3441.2,0.0,3439,0.0,0,0,2017-04-24,34250000,3438.8,1,0,0,0,0,0,0,0,0,3439.6,1,0,0,0,0,0,0,0,0
102,2017-04-24,09:30:50,500,IF1705,CCFX,3439.6,3438.8,3441.8,319,329223060,26563,26774,3782.4,3094.8,3438.6,3441.2,0.0,3439,0.0,0,0,2017-04-24,34250500,3439.0,1,0,0,0,0,0,0,0,0,3439.6,1,0,0,0,0,0,0,0,0
103,2017-04-24,09:30:51,500,IF1705,CCFX,3439.6,3438.8,3441.8,319,329223060,26563,26774,3782.4,3094.8,3438.6,3441.2,0.0,3439,0.0,0,0,2017-04-24,34251500,3439.0,1,0,0,0,0,0,0,0,0,3439.8,1,0,0,0,0,0,0,0,0
104,2017-04-24,09:30:52,0,IF1705,CCFX,3439.0,3438.8,3441.8,321,331286460,26561,26774,3782.4,3094.8,3438.6,3441.2,0.0,3439,0.0,0,0,2017-04-24,34252000,3438.6,2,0,0,0,0,0,0,0,0,3439.0,2,0,0,0,0,0,0,0,0
105,2017-04-24,09:30:52,500,IF1705,CCFX,3439.0,3438.8,3441.8,323,333349860,26559,26774,3782.4,3094.8,3438.6,3441.2,0.0,3439,0.0,0,0,2017-04-24,34252500,3438.6,2,0,0,0,0,0,0,0,0,3439.8,1,0,0,0,0,0,0,0,0
106,2017-04-24,09:30:53,0,IF1705,CCFX,3439.0,3438.8,3441.8,323,333349860,26559,26774,3782.4,3094.8,3438.6,3441.2,0.0,3439,0.0,0,0,2017-04-24,34253000,3438.8,1,0,0,0,0,0,0,0,0,3439.0,2,0,0,0,0,0,0,0,0
107,2017-04-24,09:30:53,500,IF1705,CCFX,3438.8,3438.8,3441.8,326,336444900,26557,26774,3782.4,3094.8,3438.6,3441.2,0.0,3439,0.0,0,0,2017-04-24,34253500,3438.6,2,0,0,0,0,0,0,0,0,3439.0,1,0,0,0,0,0,0,0,0
108,2017-04-24,09:30:54,0,IF1705,CCFX,3438.6,3438.6,3441.8,328,338508060,26555,26774,3782.4,3094.8,3438.6,3441.2,0.0,3439,0.0,0,0,2017-04-24,34254000,3438.4,8,0,0,0,0,0,0,0,0,3438.6,1,0,0,0,0,0,0,0,0
109,2017-04-24,09:30:54,500,IF1705,CCFX,3438.6,3438.6,3441.8,329,339539640,26554,26774,3782.4,3094.8,3438.6,3441.2,0.0,3439,0.0,0,0,2017-04-24,34254500,3438.4,8,0,0,0,0,0,0,0,0,3438.6,1,0,0,0,0,0,0,0,0
110,2017-04-24,09:30:55,0,IF1705,CCFX,3438.6,3438.6,3441.8,329,339539640,26554,26774,3782.4,3094.8,3438.6,3441.2,0.0,3439,0.0,0,0,2017-04-24,34255000,3438.4,8,0,0,0,0,0,0,0,0,3438.6,1,0,0,0,0,0,0,0,0
111,2017-04-24,09:30:56,0,IF1705,CCFX,3438.4,3438.4,3441.8,333,343665720,26550,26774,3782.4,3094.8,3438.6,3441.2,0.0,3439,0.0,0,0,2017-04-24,34256000,3438.4,4,0,0,0,0,0,0,0,0,3438.6,1,0,0,0,0,0,0,0,0
112,2017-04-24,09:30:56,500,IF1705,CCFX,3438.4,3438.4,3441.8,336,346760340,26549,26774,3782.4,3094.8,3438.6,3441.2,0.0,3439,0.0,0,0,2017-04-24,34256500,3438.4,2,0,0,0,0,0,0,0,0,3439.0,2,0,0,0,0,0,0,0,0
113,2017-04-24,09:30:57,0,IF1705,CCFX,3438.4,3438.4,3441.8,337,347791860,26548,26774,3782.4,3094.8,3438.6,3441.2,0.0,3439,0.0,0,0,2017-04-24,34257000,3438.4,1,0,0,0,0,0,0,0,0,3439.0,2,0,0,0,0,0,0,0,0
114,2017-04-24,09:30:57,500,IF1705,CCFX,3438.4,3438.4,3441.8,337,347791860,26548,26774,3782.4,3094.8,3438.6,3441.2,0.0,3439,0.0,0,0,2017-04-24,34257500,3438.8,1,0,0,0,0,0,0,0,0,3439.0,2,0,0,0,0,0,0,0,0
115,2017-04-24,09:30:58,500,IF1705,CCFX,3438.4,3438.4,3441.8,337,347791860,26548,26774,3782.4,3094.8,3438.6,3441.2,0.0,3439,0.0,0,0,2017-04-24,34258500,3438.8,1,0,0,0,0,0,0,0,0,3439.0,2,0,0,0,0,0,0,0,0
116,2017-04-24,09:30:59,0,IF1705,CCFX,3439.0,3438.4,3441.8,339,349855260,26547,26774,3782.4,3094.8,3438.6,3441.2,0.0,3439,0.0,0,0,2017-04-24,34259000,3438.8,1,0,0,0,0,0,0,0,0,3439.6,2,0,0,0,0,0,0,0,0
117,2017-04-24,09:30:59,500,IF1705,CCFX,3439.0,3438.4,3441.8,339,349855260,26547,26774,3782.4,3094.8,3438.6,3441.2,0.0,3439,0.0,0,0,2017-04-24,34259500,3438.8,1,0,0,0,0,0,0,0,0,3439.6,2,0,0,0,0,0,0,0,0
118,2017-04-24,09:31:00,500,IF1705,CCFX,3438.8,3438.4,3441.8,343,353982540,26543,26774,3782.4,3094.8,3438.6,3441.2,0.0,3439,0.0,0,0,2017-04-24,34260500,3438.4,1,0,0,0,0,0,0,0,0,3438.8,2,0,0,0,0,0,0,0,0
119,2017-04-24,09:31:01,0,IF1705,CCFX,3438.8,3438.4,3441.8,344,355014180,26542,26774,3782.4,3094.8,3438.6,3441.2,0.0,3439,0.0,0,0,2017-04-24,34261000,3438.4,2,0,0,0,0,0,0,0,0,3438.8,3,0,0,0,0,0,0,0,0
120,2017-04-24,09:31:01,500,IF1705,CCFX,3438.8,3438.4,3441.8,344,355014180,26542,26774,3782.4,3094.8,3438.6,3441.2,0.0,3439,0.0,0,0,2017-04-24,34261500,3438.6,2,0,0,0,0,0,0,0,0,3438.8,3,0,0,0,0,0,0,0,0
121,2017-04-24,09:31:03,0,IF1705,CCFX,3438.8,3438.4,3441.8,344,355014180,26542,26774,3782.4,3094.8,3438.6,3441.2,0.0,3439,0.0,0,0,2017-04-24,34263000,3438.6,2,0,0,0,0,0,0,0,0,3438.8,6,0,0,0,0,0,0,0,0
122,2017-04-24,09:31:03,500,IF1705,CCFX,3438.8,3438.4,3441.8,344,355014180,26542,26774,3782.4,3094.8,3438.6,3441.2,0.0,3439,0.0,0,0,2017-04-24,34263500,3438.6,2,0,0,0,0,0,0,0,0,3438.8,6,0,0,0,0,0,0,0,0
123,2017-04-24,09:31:04,0,IF1705,CCFX,3438.6,3438.4,3441.8,346,357077340,26540,26774,3782.4,3094.8,3438.6,3441.2,0.0,3439,0.0,0,0,2017-04-24,34264000,3438.4,1,0,0,0,0,0,0,0,0,3438.6,2,0,0,0,0,0,0,0,0
124,2017-04-24,09:31:04,500,IF1705,CCFX,3438.4,3438.4,3441.8,347,358108860,26540,26774,3782.4,3094.8,3438.6,3441.2,0.0,3439,0.0,0,0,2017-04-24,34264500,3438.2,2,0,0,0,0,0,0,0,0,3438.6,3,0,0,0,0,0,0,0,0
125,2017-04-24,09:31:05,0,IF1705,CCFX,3436.0,3436.0,3441.8,359,370483140,26532,26774,3782.4,3094.8,3438.6,3441.2,0.0,3439,0.0,0,0,2017-04-24,34265000,3436.0,3,0,0,0,0,0,0,0,0,3438.4,1,0,0,0,0,0,0,0,0
126,2017-04-24,09:31:05,500,IF1705,CCFX,3438.0,3436.0,3441.8,361,372545340,26530,26774,3782.4,3094.8,3438.6,3441.2,0.0,3439,0.0,0,0,2017-04-24,34265500,3436.6,3,0,0,0,0,0,0,0,0,3438.0,3,0,0,0,0,0,0,0,0
127,2017-04-24,09:31:06,0,IF1705,CCFX,3436.8,3436.0,3441.8,362,373576380,26529,26774,3782.4,3094.8,3438.6,3441.2,0.0,3439,0.0,0,0,2017-04-24,34266000,3436.8,1,0,0,0,0,0,0,0,0,3437.8,1,0,0,0,0,0,0,0,0
128,2017-04-24,09:31:06,500,IF1705,CCFX,3436.8,3436.0,3441.8,363,374607420,26529,26774,3782.4,3094.8,3438.6,3441.2,0.0,3439,0.0,0,0,2017-04-24,34266500,3437.4,1,0,0,0,0,0,0,0,0,3437.6,1,0,0,0,0,0,0,0,0
129,2017-04-24,09:31:07,0,IF1705,CCFX,3436.8,3436.0,3441.8,363,374607420,26529,26774,3782.4,3094.8,3438.6,3441.2,0.0,3439,0.0,0,0,2017-04-24,34267000,3437.4,1,0,0,0,0,0,0,0,0,3437.8,1,0,0,0,0,0,0,0,0
130,2017-04-24,09:31:07,500,IF1705,CCFX,3437.0,3436.0,3441.8,366,377701080,26526,26774,3782.4,3094.8,3438.6,3441.2,0.0,3439,0.0,0,0,2017-04-24,34267500,3437.0,1,0,0,0,0,0,0,0,0,3438.0,1,0,0,0,0,0,0,0,0
131,2017-04-24,09:31:08,0,IF1705,CCFX,3438.0,3436.0,3441.8,368,379763880,26524,26774,3782.4,3094.8,3438.6,3441.2,0.0,3439,0.0,0,0,2017-04-24,34268000,3438.0,3,0,0,0,0,0,0,0,0,3438.2,1,0,0,0,0,0,0,0,0
132,2017-04-24,09:31:08,500,IF1705,CCFX,3438.0,3436.0,3441.8,371,382858080,26521,26774,3782.4,3094.8,3438.6,3441.2,0.0,3439,0.0,0,0,2017-04-24,34268500,3437.0,2,0,0,0,0,0,0,0,0,3438.2,1,0,0,0,0,0,0,0,0
133,2017-04-24,09:31:09,0,IF1705,CCFX,3438.0,3436.0,3441.8,371,382858080,26521,26774,3782.4,3094.8,3438.6,3441.2,0.0,3439,0.0,0,0,2017-04-24,34269000,3437.2,2,0,0,0,0,0,0,0,0,3438.2,1,0,0,0,0,0,0,0,0
134,2017-04-24,09:31:09,500,IF1705,CCFX,3438.0,3436.0,3441.8,371,382858080,26521,26774,3782.4,3094.8,3438.6,3441.2,0.0,3439,0.0,0,0,2017-04-24,34269500,3437.4,2,0,0,0,0,0,0,0,0,3438.2,1,0,0,0,0,0,0,0,0
135,2017-04-24,09:31:10,0,IF1705,CCFX,3438.0,3436.0,3441.8,371,382858080,26521,26774,3782.4,3094.8,3438.6,3441.2,0.0,3439,0.0,0,0,2017-04-24,34270000,3437.4,2,0,0,0,0,0,0,0,0,3438.2,1,0,0,0,0,0,0,0,0
136,2017-04-24,09:31:10,500,IF1705,CCFX,3437.6,3436.0,3441.8,373,384920580,26519,26774,3782.4,3094.8,3438.6,3441.2,0.0,3439,0.0,0,0,2017-04-24,34270500,3437.4,1,0,0,0,0,0,0,0,0,3437.6,1,0,0,0,0,0,0,0,0
137,2017-04-24,09:31:11,0,IF1705,CCFX,3437.4,3436.0,3441.8,375,386983080,26518,26774,3782.4,3094.8,3438.6,3441.2,0.0,3439,0.0,0,0,2017-04-24,34271000,3437.2,1,0,0,0,0,0,0,0,0,3438.2,1,0,0,0,0,0,0,0,0
138,2017-04-24,09:31:11,500,IF1705,CCFX,3437.2,3436.0,3441.8,381,393171720,26518,26774,3782.4,3094.8,3438.6,3441.2,0.0,3439,0.0,0,0,2017-04-24,34271500,3437.2,1,0,0,0,0,0,0,0,0,3437.6,1,0,0,0,0,0,0,0,0
139,2017-04-24,09:31:12,0,IF1705,CCFX,3437.6,3436.0,3441.8,382,394203000,26517,26774,3782.4,3094.8,3438.6,3441.2,0.0,3439,0.0,0,0,2017-04-24,34272000,3438.4,1,0,0,0,0,0,0,0,0,3438.8,3,0,0,0,0,0,0,0,0
140,2017-04-24,09:31:12,500,IF1705,CCFX,3437.6,3436.0,3441.8,382,394203000,26517,26774,3782.4,3094.8,3438.6,3441.2,0.0,3439,0.0,0,0,2017-04-24,34272500,3438.4,3,0,0,0,0,0,0,0,0,3438.6,2,0,0,0,0,0,0,0,0
141,2017-04-24,09:31:13,0,IF1705,CCFX,3438.6,3436.0,3441.8,383,395234580,26516,26774,3782.4,3094.8,3438.6,3441.2,0.0,3439,0.0,0,0,2017-04-24,34273000,3438.4,3,0,0,0,0,0,0,0,0,3438.6,1,0,0,0,0,0,0,0,0
142,2017-04-24,09:31:13,500,IF1705,CCFX,3438.4,3436.0,3441.8,386,398329140,26516,26774,3782.4,3094.8,3438.6,3441.2,0.0,3439,0.0,0,0,2017-04-24,34273500,3437.8,1,0,0,0,0,0,0,0,0,3438.4,2,0,0,0,0,0,0,0,0
143,2017-04-24,09:31:14,0,IF1705,CCFX,3437.8,3436.0,3441.8,387,399360480,26516,26774,3782.4,3094.8,3438.6,3441.2,0.0,3439,0.0,0,0,2017-04-24,34274000,3437.8,1,0,0,0,0,0,0,0,0,3438.4,2,0,0,0,0,0,0,0,0
144,2017-04-24,09:31:14,500,IF1705,CCFX,3437.8,3436.0,3441.8,387,399360480,26516,26774,3782.4,3094.8,3438.6,3441.2,0.0,3439,0.0,0,0,2017-04-24,34274500,3437.4,1,0,0,0,0,0,0,0,0,3438.4,2,0,0,0,0,0,0,0,0
145,2017-04-24,09:31:15,0,IF1705,CCFX,3437.8,3436.0,3441.8,387,399360480,26516,26774,3782.4,3094.8,3438.6,3441.2,0.0,3439,0.0,0,0,2017-04-24,34275000,3438.0,1,0,0,0,0,0,0,0,0,3438.4,5,0,0,0,0,0,0,0,0
146,2017-04-24,09:31:15,500,IF1705,CCFX,3438.4,3436.0,3441.8,390,402454920,26516,26774,3782.4,3094.8,3438.6,3441.2,0.0,3439,0.0,0,0,2017-04-24,34275500,3438.2,1,0,0,0,0,0,0,0,0,3438.4,3,0,0,0,0,0,0,0,0
147,2017-04-24,09:31:16,0,IF1705,CCFX,3438.4,3436.0,3441.8,393,405549480,26513,26774,3782.4,3094.8,3438.6,3441.2,0.0,3439,0.0,0,0,2017-04-24,34276000,3438.2,1,0,0,0,0,0,0,0,0,3438.6,1,0,0,0,0,0,0,0,0
148,2017-04-24,09:31:16,500,IF1705,CCFX,3438.2,3436.0,3441.8,394,406580940,26512,26774,3782.4,3094.8,3438.6,3441.2,0.0,3439,0.0,0,0,2017-04-24,34276500,3437.8,1,0,0,0,0,0,0,0,0,3438.4,1,0,0,0,0,0,0,0,0
149,2017-04-24,09:31:17,0,IF1705,CCFX,3438.2,3436.0,3441.8,395,407612400,26511,26774,3782.4,3094.8,3438.6,3441.2,0.0,3439,0.0,0,0,2017-04-24,34277000,3437.8,1,0,0,0,0,0,0,0,0,3438.4,1,0,0,0,0,0,0,0,0
150,2017-04-24,09:31:17,500,IF1705,CCFX,3438.2,3436.0,3441.8,395,407612400,26511,26774,3782.4,3094.8,3438.6,3441.2,0.0,3439,0.0,0,0,2017-04-24,34277500,3437.8,2,0,0,0,0,0,0,0,0,3438.4,2,0,0,0,0,0,0,0,0
151,2017-04-24,09:31:18,0,IF1705,CCFX,3438.2,3436.0,3441.8,395,407612400,26511,26774,3782.4,3094.8,3438.6,3441.2,0.0,3439,0.0,0,0,2017-04-24,34278000,3437.8,1,0,0,0,0,0,0,0,0,3438.4,1,0,0,0,0,0,0,0,0
152,2017-04-24,09:31:18,500,IF1705,CCFX,3438.2,3436.0,3441.8,395,407612400,26511,26774,3782.4,3094.8,3438.6,3441.2,0.0,3439,0.0,0,0,2017-04-24,34278500,3437.8,1,0,0,0,0,0,0,0,0,3438.4,1,0,0,0,0,0,0,0,0
153,2017-04-24,09:31:19,0,IF1705,CCFX,3438.4,3436.0,3441.8,396,408643920,26511,26774,3782.4,3094.8,3438.6,3441.2,0.0,3439,0.0,0,0,2017-04-24,34279000,3438.4,1,0,0,0,0,0,0,0,0,3438.8,3,0,0,0,0,0,0,0,0
154,2017-04-24,09:31:19,500,IF1705,CCFX,3438.4,3436.0,3441.8,398,410706960,26510,26774,3782.4,3094.8,3438.6,3441.2,0.0,3439,0.0,0,0,2017-04-24,34279500,3437.8,1,0,0,0,0,0,0,0,0,3438.8,3,0,0,0,0,0,0,0,0
155,2017-04-24,09:31:20,0,IF1705,CCFX,3438.4,3436.0,3441.8,398,410706960,26510,26774,3782.4,3094.8,3438.6,3441.2,0.0,3439,0.0,0,0,2017-04-24,34280000,3437.8,1,0,0,0,0,0,0,0,0,3438.4,1,0,0,0,0,0,0,0,0
156,2017-04-24,09:31:21,500,IF1705,CCFX,3438.4,3436.0,3441.8,399,411738480,26510,26774,3782.4,3094.8,3438.6,3441.2,0.0,3439,0.0,0,0,2017-04-24,34281500,3438.4,1,0,0,0,0,0,0,0,0,3438.6,1,0,0,0,0,0,0,0,0
157,2017-04-24,09:31:22,0,IF1705,CCFX,3438.4,3436.0,3441.8,403,415864800,26506,26774,3782.4,3094.8,3438.6,3441.2,0.0,3439,0.0,0,0,2017-04-24,34282000,3438.4,1,0,0,0,0,0,0,0,0,3438.8,2,0,0,0,0,0,0,0,0
158,2017-04-24,09:31:22,500,IF1705,CCFX,3438.8,3436.0,3441.8,404,416896440,26505,26774,3782.4,3094.8,3438.6,3441.2,0.0,3439,0.0,0,0,2017-04-24,34282500,3438.4,1,0,0,0,0,0,0,0,0,3438.8,1,0,0,0,0,0,0,0,0
159,2017-04-24,09:31:23,0,IF1705,CCFX,3438.2,3436.0,3441.8,406,418959420,26503,26774,3782.4,3094.8,3438.6,3441.2,0.0,3439,0.0,0,0,2017-04-24,34283000,3437.8,1,0,0,0,0,0,0,0,0,3438.8,1,0,0,0,0,0,0,0,0
160,2017-04-24,09:31:23,500,IF1705,CCFX,3438.8,3436.0,3441.8,408,421022640,26501,26774,3782.4,3094.8,3438.6,3441.2,0.0,3439,0.0,0,0,2017-04-24,34283500,3438.0,1,0,0,0,0,0,0,0,0,3439.0,1,0,0,0,0,0,0,0,0
161,2017-04-24,09:31:24,0,IF1705,CCFX,3438.8,3436.0,3441.8,408,421022640,26501,26774,3782.4,3094.8,3438.6,3441.2,0.0,3439,0.0,0,0,2017-04-24,34284000,3438.2,1,0,0,0,0,0,0,0,0,3438.6,1,0,0,0,0,0,0,0,0
162,2017-04-24,09:31:24,500,IF1705,CCFX,3438.8,3436.0,3441.8,408,421022640,26501,26774,3782.4,3094.8,3438.6,3441.2,0.0,3439,0.0,0,0,2017-04-24,34284500,3438.2,1,0,0,0,0,0,0,0,0,3438.6,1,0,0,0,0,0,0,0,0
163,2017-04-24,09:31:25,0,IF1705,CCFX,3438.8,3436.0,3441.8,408,421022640,26501,26774,3782.4,3094.8,3438.6,3441.2,0.0,3439,0.0,0,0,2017-04-24,34285000,3438.2,1,0,0,0,0,0,0,0,0,3438.4,1,0,0,0,0,0,0,0,0
164,2017-04-24,09:31:25,500,IF1705,CCFX,3438.8,3436.0,3441.8,408,421022640,26501,26774,3782.4,3094.8,3438.6,3441.2,0.0,3439,0.0,0,0,2017-04-24,34285500,3438.2,1,0,0,0,0,0,0,0,0,3438.4,2,0,0,0,0,0,0,0,0
165,2017-04-24,09:31:26,0,IF1705,CCFX,3438.8,3436.0,3441.8,408,421022640,26501,26774,3782.4,3094.8,3438.6,3441.2,0.0,3439,0.0,0,0,2017-04-24,34286000,3438.2,1,0,0,0,0,0,0,0,0,3438.4,2,0,0,0,0,0,0,0,0
166,2017-04-24,09:31:26,500,IF1705,CCFX,3438.2,3436.0,3441.8,409,422054100,26502,26774,3782.4,3094.8,3438.6,3441.2,0.0,3439,0.0,0,0,2017-04-24,34286500,3438.0,1,0,0,0,0,0,0,0,0,3438.2,1,0,0,0,0,0,0,0,0
167,2017-04-24,09:31:27,0,IF1705,CCFX,3437.8,3436.0,3441.8,412,425148300,26500,26774,3782.4,3094.8,3438.6,3441.2,0.0,3439,0.0,0,0,2017-04-24,34287000,3437.8,1,0,0,0,0,0,0,0,0,3438.4,2,0,0,0,0,0,0,0,0
168,2017-04-24,09:31:27,500,IF1705,CCFX,3437.8,3436.0,3441.8,412,425148300,26500,26774,3782.4,3094.8,3438.6,3441.2,0.0,3439,0.0,0,0,2017-04-24,34287500,3437.8,1,0,0,0,0,0,0,0,0,3438.2,1,0,0,0,0,0,0,0,0
169,2017-04-24,09:31:28,0,IF1705,CCFX,3438.2,3436.0,3441.8,413,426179760,26499,26774,3782.4,3094.8,3438.6,3441.2,0.0,3439,0.0,0,0,2017-04-24,34288000,3437.8,1,0,0,0,0,0,0,0,0,3438.0,1,0,0,0,0,0,0,0,0
170,2017-04-24,09:31:28,500,IF1705,CCFX,3438.2,3436.0,3441.8,413,426179760,26499,26774,3782.4,3094.8,3438.6,3441.2,0.0,3439,0.0,0,0,2017-04-24,34288500,3437.8,1,0,0,0,0,0,0,0,0,3438.0,1,0,0,0,0,0,0,0,0
171,2017-04-24,09:31:29,0,IF1705,CCFX,3437.8,3436.0,3441.8,414,427211100,26498,26774,3782.4,3094.8,3438.6,3441.2,0.0,3439,0.0,0,0,2017-04-24,34289000,3437.2,5,0,0,0,0,0,0,0,0,3438.0,1,0,0,0,0,0,0,0,0
172,2017-04-24,09:31:29,500,IF1705,CCFX,3438.0,3436.0,3441.8,415,428242500,26497,26774,3782.4,3094.8,3438.6,3441.2,0.0,3439,0.0,0,0,2017-04-24,34289500,3437.2,5,0,0,0,0,0,0,0,0,3438.0,1,0,0,0,0,0,0,0,0
173,2017-04-24,09:31:30,500,IF1705,CCFX,3437.2,3436.0,3441.8,416,429273660,26496,26774,3782.4,3094.8,3438.6,3441.2,0.0,3439,0.0,0,0,2017-04-24,34290500,3437.2,4,0,0,0,0,0,0,0,0,3438.0,3,0,0,0,0,0,0,0,0
174,2017-04-24,09:31:31,0,IF1705,CCFX,3437.2,3436.0,3441.8,416,429273660,26496,26774,3782.4,3094.8,3438.6,3441.2,0.0,3439,0.0,0,0,2017-04-24,34291000,3437.2,4,0,0,0,0,0,0,0,0,3438.0,3,0,0,0,0,0,0,0,0
175,2017-04-24,09:31:32,0,IF1705,CCFX,3437.2,3436.0,3441.8,416,429273660,26496,26774,3782.4,3094.8,3438.6,3441.2,0.0,3439,0.0,0,0,2017-04-24,34292000,3437.2,4,0,0,0,0,0,0,0,0,3437.8,2,0,0,0,0,0,0,0,0
176,2017-04-24,09:31:32,500,IF1705,CCFX,3437.2,3436.0,3441.8,417,430304820,26495,26774,3782.4,3094.8,3438.6,3441.2,0.0,3439,0.0,0,0,2017-04-24,34292500,3437.2,3,0,0,0,0,0,0,0,0,3437.8,2,0,0,0,0,0,0,0,0
177,2017-04-24,09:31:33,500,IF1705,CCFX,3437.2,3436.0,3441.8,417,430304820,26495,26774,3782.4,3094.8,3438.6,3441.2,0.0,3439,0.0,0,0,2017-04-24,34293500,3437.2,3,0,0,0,0,0,0,0,0,3437.8,2,0,0,0,0,0,0,0,0
178,2017-04-24,09:31:34,0,IF1705,CCFX,3437.2,3436.0,3441.8,418,431335980,26494,26774,3782.4,3094.8,3438.6,3441.2,0.0,3439,0.0,0,0,2017-04-24,34294000,3437.2,2,0,0,0,0,0,0,0,0,3437.8,2,0,0,0,0,0,0,0,0
179,2017-04-24,09:31:34,500,IF1705,CCFX,3437.2,3436.0,3441.8,418,431335980,26494,26774,3782.4,3094.8,3438.6,3441.2,0.0,3439,0.0,0,0,2017-04-24,34294500,3437.2,2,0,0,0,0,0,0,0,0,3437.8,2,0,0,0,0,0,0,0,0
180,2017-04-24,09:31:35,0,IF1705,CCFX,3437.2,3436.0,3441.8,418,431335980,26494,26774,3782.4,3094.8,3438.6,3441.2,0.0,3439,0.0,0,0,2017-04-24,34295000,3437.2,2,0,0,0,0,0,0,0,0,3437.8,2,0,0,0,0,0,0,0,0
181,2017-04-24,09:31:35,500,IF1705,CCFX,3437.2,3436.0,3441.8,418,431335980,26494,26774,3782.4,3094.8,3438.6,3441.2,0.0,3439,0.0,0,0,2017-04-24,34295500,3437.2,2,0,0,0,0,0,0,0,0,3437.8,2,0,0,0,0,0,0,0,0
182,2017-04-24,09:31:36,0,IF1705,CCFX,3437.8,3436.0,3441.8,419,432367320,26493,26774,3782.4,3094.8,3438.6,3441.2,0.0,3439,0.0,0,0,2017-04-24,34296000,3437.2,2,0,0,0,0,0,0,0,0,3437.8,3,0,0,0,0,0,0,0,0
183,2017-04-24,09:31:36,500,IF1705,CCFX,3437.8,3436.0,3441.8,420,433398660,26493,26774,3782.4,3094.8,3438.6,3441.2,0.0,3439,0.0,0,0,2017-04-24,34296500,3437.2,2,0,0,0,0,0,0,0,0,3437.4,2,0,0,0,0,0,0,0,0
184,2017-04-24,09:31:37,0,IF1705,CCFX,3437.4,3436.0,3441.8,422,435461040,26493,26774,3782.4,3094.8,3438.6,3441.2,0.0,3439,0.0,0,0,2017-04-24,34297000,3437.2,1,0,0,0,0,0,0,0,0,3437.4,1,0,0,0,0,0,0,0,0
185,2017-04-24,09:31:38,0,IF1705,CCFX,3437.4,3436.0,3441.8,422,435461040,26493,26774,3782.4,3094.8,3438.6,3441.2,0.0,3439,0.0,0,0,2017-04-24,34298000,3437.2,1,0,0,0,0,0,0,0,0,3437.4,1,0,0,0,0,0,0,0,0
186,2017-04-24,09:31:38,500,IF1705,CCFX,3437.4,3436.0,3441.8,423,436492260,26493,26774,3782.4,3094.8,3438.6,3441.2,0.0,3439,0.0,0,0,2017-04-24,34298500,3437.4,1,0,0,0,0,0,0,0,0,3437.8,4,0,0,0,0,0,0,0,0
187,2017-04-24,09:31:39,0,IF1705,CCFX,3437.4,3436.0,3441.8,424,437523480,26493,26774,3782.4,3094.8,3438.6,3441.2,0.0,3439,0.0,0,0,2017-04-24,34299000,3437.2,1,0,0,0,0,0,0,0,0,3437.4,3,0,0,0,0,0,0,0,0
188,2017-04-24,09:31:39,500,IF1705,CCFX,3437.4,3436.0,3441.8,424,437523480,26493,26774,3782.4,3094.8,3438.6,3441.2,0.0,3439,0.0,0,0,2017-04-24,34299500,3437.2,1,0,0,0,0,0,0,0,0,3437.4,3,0,0,0,0,0,0,0,0
189,2017-04-24,09:31:40,0,IF1705,CCFX,3437.4,3436.0,3441.8,425,438554700,26492,26774,3782.4,3094.8,3438.6,3441.2,0.0,3439,0.0,0,0,2017-04-24,34300000,3437.2,1,0,0,0,0,0,0,0,0,3437.4,2,0,0,0,0,0,0,0,0
190,2017-04-24,09:31:40,500,IF1705,CCFX,3437.4,3436.0,3441.8,425,438554700,26492,26774,3782.4,3094.8,3438.6,3441.2,0.0,3439,0.0,0,0,2017-04-24,34300500,3437.2,1,0,0,0,0,0,0,0,0,3437.4,2,0,0,0,0,0,0,0,0
191,2017-04-24,09:31:42,0,IF1705,CCFX,3437.4,3436.0,3441.8,425,438554700,26492,26774,3782.4,3094.8,3438.6,3441.2,0.0,3439,0.0,0,0,2017-04-24,34302000,3437.2,1,0,0,0,0,0,0,0,0,3437.4,3,0,0,0,0,0,0,0,0
192,2017-04-24,09:31:42,500,IF1705,CCFX,3437.4,3436.0,3441.8,426,439585920,26492,26774,3782.4,3094.8,3438.6,3441.2,0.0,3439,0.0,0,0,2017-04-24,34302500,3437.2,2,0,0,0,0,0,0,0,0,3437.4,2,0,0,0,0,0,0,0,0
193,2017-04-24,09:31:43,0,IF1705,CCFX,3437.4,3436.0,3441.8,427,440617140,26491,26774,3782.4,3094.8,3438.6,3441.2,0.0,3439,0.0,0,0,2017-04-24,34303000,3437.2,2,0,0,0,0,0,0,0,0,3437.4,1,0,0,0,0,0,0,0,0
194,2017-04-24,09:31:43,500,IF1705,CCFX,3437.4,3436.0,3441.8,428,441648360,26490,26774,3782.4,3094.8,3438.6,3441.2,0.0,3439,0.0,0,0,2017-04-24,34303500,3437.2,2,0,0,0,0,0,0,0,0,3437.4,1,0,0,0,0,0,0,0,0
195,2017-04-24,09:31:44,0,IF1705,CCFX,3437.2,3436.0,3441.8,430,443710680,26489,26774,3782.4,3094.8,3438.6,3441.2,0.0,3439,0.0,0,0,2017-04-24,34304000,3437.0,4,0,0,0,0,0,0,0,0,3437.2,1,0,0,0,0,0,0,0,0
196,2017-04-24,09:31:44,500,IF1705,CCFX,3437.2,3436.0,3441.8,430,443710680,26489,26774,3782.4,3094.8,3438.6,3441.2,0.0,3439,0.0,0,0,2017-04-24,34304500,3437.0,4,0,0,0,0,0,0,0,0,3437.2,3,0,0,0,0,0,0,0,0
197,2017-04-24,09:31:45,0,IF1705,CCFX,3437.2,3436.0,3441.8,430,443710680,26489,26774,3782.4,3094.8,3438.6,3441.2,0.0,3439,0.0,0,0,2017-04-24,34305000,3437.0,4,0,0,0,0,0,0,0,0,3437.2,4,0,0,0,0,0,0,0,0
198,2017-04-24,09:31:45,500,IF1705,CCFX,3437.2,3436.0,3441.8,434,447835260,26486,26774,3782.4,3094.8,3438.6,3441.2,0.0,3439,0.0,0,0,2017-04-24,34305500,3437.4,1,0,0,0,0,0,0,0,0,3437.8,2,0,0,0,0,0,0,0,0
199,2017-04-24,09:31:46,0,IF1705,CCFX,3437.2,3436.0,3441.8,434,447835260,26486,26774,3782.4,3094.8,3438.6,3441.2,0.0,3439,0.0,0,0,2017-04-24,34306000,3437.4,1,0,0,0,0,0,0,0,0,3437.8,2,0,0,0,0,0,0,0,0
200,2017-04-24,09:31:46,500,IF1705,CCFX,3437.2,3436.0,3441.8,435,448866420,26485,26774,3782.4,3094.8,3438.6,3441.2,0.0,3439,0.0,0,0,2017-04-24,34306500,3437.0,3,0,0,0,0,0,0,0,0,3437.8,2,0,0,0,0,0,0,0,0
201,2017-04-24,09:31:47,0,IF1705,CCFX,3437.2,3436.0,3441.8,435,448866420,26485,26774,3782.4,3094.8,3438.6,3441.2,0.0,3439,0.0,0,0,2017-04-24,34307000,3437.0,3,0,0,0,0,0,0,0,0,3437.8,2,0,0,0,0,0,0,0,0
202,2017-04-24,09:31:48,0,IF1705,CCFX,3437.8,3436.0,3441.8,436,449897760,26486,26774,3782.4,3094.8,3438.6,3441.2,0.0,3439,0.0,0,0,2017-04-24,34308000,3437.0,3,0,0,0,0,0,0,0,0,3437.8,2,0,0,0,0,0,0,0,0
203,2017-04-24,09:31:49,0,IF1705,CCFX,3437.8,3436.0,3441.8,436,449897760,26486,26774,3782.4,3094.8,3438.6,3441.2,0.0,3439,0.0,0,0,2017-04-24,34309000,3437.0,3,0,0,0,0,0,0,0,0,3437.6,1,0,0,0,0,0,0,0,0
204,2017-04-24,09:31:51,0,IF1705,CCFX,3437.8,3436.0,3441.8,436,449897760,26486,26774,3782.4,3094.8,3438.6,3441.2,0.0,3439,0.0,0,0,2017-04-24,34311000,3437.0,3,0,0,0,0,0,0,0,0,3437.6,1,0,0,0,0,0,0,0,0
205,2017-04-24,09:31:52,500,IF1705,CCFX,3437.8,3436.0,3441.8,436,449897760,26486,26774,3782.4,3094.8,3438.6,3441.2,0.0,3439,0.0,0,0,2017-04-24,34312500,3437.0,3,0,0,0,0,0,0,0,0,3437.6,1,0,0,0,0,0,0,0,0
206,2017-04-24,09:31:53,0,IF1705,CCFX,3437.8,3436.0,3441.8,436,449897760,26486,26774,3782.4,3094.8,3438.6,3441.2,0.0,3439,0.0,0,0,2017-04-24,34313000,3437.0,3,0,0,0,0,0,0,0,0,3437.4,1,0,0,0,0,0,0,0,0
207,2017-04-24,09:31:53,500,IF1705,CCFX,3437.8,3436.0,3441.8,436,449897760,26486,26774,3782.4,3094.8,3438.6,3441.2,0.0,3439,0.0,0,0,2017-04-24,34313500,3437.0,3,0,0,0,0,0,0,0,0,3437.4,2,0,0,0,0,0,0,0,0
208,2017-04-24,09:31:54,500,IF1705,CCFX,3437.4,3436.0,3441.8,437,450928980,26485,26774,3782.4,3094.8,3438.6,3441.2,0.0,3439,0.0,0,0,2017-04-24,34314500,3437.0,3,0,0,0,0,0,0,0,0,3437.4,1,0,0,0,0,0,0,0,0
209,2017-04-24,09:31:55,0,IF1705,CCFX,3437.4,3436.0,3441.8,438,451960200,26484,26774,3782.4,3094.8,3438.6,3441.2,0.0,3439,0.0,0,0,2017-04-24,34315000,3437.0,3,0,0,0,0,0,0,0,0,3437.8,2,0,0,0,0,0,0,0,0
210,2017-04-24,09:31:56,500,IF1705,CCFX,3437.4,3436.0,3441.8,438,451960200,26484,26774,3782.4,3094.8,3438.6,3441.2,0.0,3439,0.0,0,0,2017-04-24,34316500,3437.0,3,0,0,0,0,0,0,0,0,3437.6,3,0,0,0,0,0,0,0,0
211,2017-04-24,09:31:57,0,IF1705,CCFX,3437.6,3436.0,3441.8,439,452991480,26484,26774,3782.4,3094.8,3438.6,3441.2,0.0,3439,0.0,0,0,2017-04-24,34317000,3437.0,3,0,0,0,0,0,0,0,0,3437.6,2,0,0,0,0,0,0,0,0
212,2017-04-24,09:31:57,500,IF1705,CCFX,3437.6,3436.0,3441.8,439,452991480,26484,26774,3782.4,3094.8,3438.6,3441.2,0.0,3439,0.0,0,0,2017-04-24,34317500,3437.2,1,0,0,0,0,0,0,0,0,3437.6,2,0,0,0,0,0,0,0,0
213,2017-04-24,09:31:58,500,IF1705,CCFX,3437.0,3436.0,3441.8,441,455053740,26482,26774,3782.4,3094.8,3438.6,3441.2,0.0,3439,0.0,0,0,2017-04-24,34318500,3437.0,3,0,0,0,0,0,0,0,0,3437.6,2,0,0,0,0,0,0,0,0
214,2017-04-24,09:31:59,0,IF1705,CCFX,3437.6,3436.0,3441.8,442,456085020,26482,26774,3782.4,3094.8,3438.6,3441.2,0.0,3439,0.0,0,0,2017-04-24,34319000,3437.2,1,0,0,0,0,0,0,0,0,3437.6,1,0,0,0,0,0,0,0,0
215,2017-04-24,09:31:59,500,IF1705,CCFX,3437.8,3436.0,3441.8,445,459178980,26480,26774,3782.4,3094.8,3438.6,3441.2,0.0,3439,0.0,0,0,2017-04-24,34319500,3437.8,1,0,0,0,0,0,0,0,0,3438.0,3,0,0,0,0,0,0,0,0
216,2017-04-24,09:32:00,0,IF1705,CCFX,3437.8,3436.0,3441.8,446,460210320,26480,26774,3782.4,3094.8,3438.6,3441.2,0.0,3439,0.0,0,0,2017-04-24,34320000,3437.2,1,0,0,0,0,0,0,0,0,3437.6,4,0,0,0,0,0,0,0,0
217,2017-04-24,09:32:00,500,IF1705,CCFX,3437.6,3436.0,3441.8,448,462272880,26479,26774,3782.4,3094.8,3438.6,3441.2,0.0,3439,0.0,0,0,2017-04-24,34320500,3437.2,1,0,0,0,0,0,0,0,0,3437.6,3,0,0,0,0,0,0,0,0
218,2017-04-24,09:32:01,500,IF1705,CCFX,3437.6,3436.0,3441.8,448,462272880,26479,26774,3782.4,3094.8,3438.6,3441.2,0.0,3439,0.0,0,0,2017-04-24,34321500,3437.2,2,0,0,0,0,0,0,0,0,3437.6,3,0,0,0,0,0,0,0,0
219,2017-04-24,09:32:03,0,IF1705,CCFX,3437.6,3436.0,3441.8,450,464335440,26479,26774,3782.4,3094.8,3438.6,3441.2,0.0,3439,0.0,0,0,2017-04-24,34323000,3437.2,2,0,0,0,0,0,0,0,0,3437.6,1,0,0,0,0,0,0,0,0
220,2017-04-24,09:32:03,500,IF1705,CCFX,3437.6,3436.0,3441.8,450,464335440,26479,26774,3782.4,3094.8,3438.6,3441.2,0.0,3439,0.0,0,0,2017-04-24,34323500,3437.2,2,0,0,0,0,0,0,0,0,3437.6,2,0,0,0,0,0,0,0,0
221,2017-04-24,09:32:04,0,IF1705,CCFX,3437.6,3436.0,3441.8,451,465366720,26479,26774,3782.4,3094.8,3438.6,3441.2,0.0,3439,0.0,0,0,2017-04-24,34324000,3437.2,2,0,0,0,0,0,0,0,0,3437.6,2,0,0,0,0,0,0,0,0
222,2017-04-24,09:32:04,500,IF1705,CCFX,3437.6,3436.0,3441.8,453,467429160,26478,26774,3782.4,3094.8,3438.6,3441.2,0.0,3439,0.0,0,0,2017-04-24,34324500,3437.2,1,0,0,0,0,0,0,0,0,3437.6,1,0,0,0,0,0,0,0,0
223,2017-04-24,09:32:05,0,IF1705,CCFX,3437.6,3436.0,3441.8,453,467429160,26478,26774,3782.4,3094.8,3438.6,3441.2,0.0,3439,0.0,0,0,2017-04-24,34325000,3437.2,1,0,0,0,0,0,0,0,0,3437.6,1,0,0,0,0,0,0,0,0
224,2017-04-24,09:32:06,0,IF1705,CCFX,3437.6,3436.0,3441.8,454,468460440,26478,26774,3782.4,3094.8,3438.6,3441.2,0.0,3439,0.0,0,0,2017-04-24,34326000,3437.2,1,0,0,0,0,0,0,0,0,3437.8,1,0,0,0,0,0,0,0,0
225,2017-04-24,09:32:06,500,IF1705,CCFX,3437.2,3436.0,3441.8,455,469491600,26478,26774,3782.4,3094.8,3438.6,3441.2,0.0,3439,0.0,0,0,2017-04-24,34326500,3437.0,3,0,0,0,0,0,0,0,0,3437.8,1,0,0,0,0,0,0,0,0
226,2017-04-24,09:32:07,0,IF1705,CCFX,3437.0,3436.0,3441.8,456,470522700,26477,26774,3782.4,3094.8,3438.6,3441.2,0.0,3439,0.0,0,0,2017-04-24,34327000,3437.0,2,0,0,0,0,0,0,0,0,3437.8,1,0,0,0,0,0,0,0,0
227,2017-04-24,09:32:07,500,IF1705,CCFX,3437.0,3436.0,3441.8,457,471553800,26476,26774,3782.4,3094.8,3438.6,3441.2,0.0,3439,0.0,0,0,2017-04-24,34327500,3437.0,1,0,0,0,0,0,0,0,0,3437.6,1,0,0,0,0,0,0,0,0
228,2017-04-24,09:32:08,500,IF1705,CCFX,3437.0,3436.0,3441.8,457,471553800,26476,26774,3782.4,3094.8,3438.6,3441.2,0.0,3439,0.0,0,0,2017-04-24,34328500,3437.0,1,0,0,0,0,0,0,0,0,3437.6,2,0,0,0,0,0,0,0,0
229,2017-04-24,09:32:09,500,IF1705,CCFX,3437.0,3436.0,3441.8,457,471553800,26476,26774,3782.4,3094.8,3438.6,3441.2,0.0,3439,0.0,0,0,2017-04-24,34329500,3437.0,1,0,0,0,0,0,0,0,0,3437.6,2,0,0,0,0,0,0,0,0
230,2017-04-24,09:32:10,0,IF1705,CCFX,3437.0,3436.0,3441.8,458,472584900,26476,26774,3782.4,3094.8,3438.6,3441.2,0.0,3439,0.0,0,0,2017-04-24,34330000,3437.0,1,0,0,0,0,0,0,0,0,3437.6,2,0,0,0,0,0,0,0,0
231,2017-04-24,09:32:10,500,IF1705,CCFX,3437.0,3436.0,3441.8,459,473616000,26475,26774,3782.4,3094.8,3438.6,3441.2,0.0,3439,0.0,0,0,2017-04-24,34330500,3436.4,1,0,0,0,0,0,0,0,0,3437.6,2,0,0,0,0,0,0,0,0
232,2017-04-24,09:32:11,0,IF1705,CCFX,3437.0,3436.0,3441.8,459,473616000,26475,26774,3782.4,3094.8,3438.6,3441.2,0.0,3439,0.0,0,0,2017-04-24,34331000,3436.6,2,0,0,0,0,0,0,0,0,3437.4,1,0,0,0,0,0,0,0,0
233,2017-04-24,09:32:11,500,IF1705,CCFX,3437.0,3436.0,3441.8,459,473616000,26475,26774,3782.4,3094.8,3438.6,3441.2,0.0,3439,0.0,0,0,2017-04-24,34331500,3436.6,1,0,0,0,0,0,0,0,0,3437.6,7,0,0,0,0,0,0,0,0
234,2017-04-24,09:32:12,0,IF1705,CCFX,3437.0,3436.0,3441.8,459,473616000,26475,26774,3782.4,3094.8,3438.6,3441.2,0.0,3439,0.0,0,0,2017-04-24,34332000,3436.8,1,0,0,0,0,0,0,0,0,3437.0,1,0,0,0,0,0,0,0,0
235,2017-04-24,09:32:12,500,IF1705,CCFX,3437.0,3436.0,3441.8,460,474647100,26474,26774,3782.4,3094.8,3438.6,3441.2,0.0,3439,0.0,0,0,2017-04-24,34332500,3436.4,1,0,0,0,0,0,0,0,0,3437.4,1,0,0,0,0,0,0,0,0
236,2017-04-24,09:32:13,0,IF1705,CCFX,3437.0,3436.0,3441.8,460,474647100,26474,26774,3782.4,3094.8,3438.6,3441.2,0.0,3439,0.0,0,0,2017-04-24,34333000,3436.6,1,0,0,0,0,0,0,0,0,3437.2,1,0,0,0,0,0,0,0,0
237,2017-04-24,09:32:13,500,IF1705,CCFX,3437.2,3436.0,3441.8,461,475678260,26473,26774,3782.4,3094.8,3438.6,3441.2,0.0,3439,0.0,0,0,2017-04-24,34333500,3436.8,2,0,0,0,0,0,0,0,0,3437.0,2,0,0,0,0,0,0,0,0
238,2017-04-24,09:32:14,0,IF1705,CCFX,3437.0,3436.0,3441.8,463,477740460,26471,26774,3782.4,3094.8,3438.6,3441.2,0.0,3439,0.0,0,0,2017-04-24,34334000,3436.8,2,0,0,0,0,0,0,0,0,3437.0,1,0,0,0,0,0,0,0,0
239,2017-04-24,09:32:14,500,IF1705,CCFX,3437.0,3436.0,3441.8,464,478771560,26472,26774,3782.4,3094.8,3438.6,3441.2,0.0,3439,0.0,0,0,2017-04-24,34334500,3436.8,2,0,0,0,0,0,0,0,0,3437.4,2,0,0,0,0,0,0,0,0
240,2017-04-24,09:32:15,500,IF1705,CCFX,3437.4,3436.0,3441.8,466,480834000,26472,26774,3782.4,3094.8,3438.6,3441.2,0.0,3439,0.0,0,0,2017-04-24,34335500,3436.8,2,0,0,0,0,0,0,0,0,3437.6,7,0,0,0,0,0,0,0,0
241,2017-04-24,09:32:16,0,IF1705,CCFX,3437.4,3436.0,3441.8,466,480834000,26472,26774,3782.4,3094.8,3438.6,3441.2,0.0,3439,0.0,0,0,2017-04-24,34336000,3436.8,2,0,0,0,0,0,0,0,0,3437.6,6,0,0,0,0,0,0,0,0
242,2017-04-24,09:32:16,500,IF1705,CCFX,3437.4,3436.0,3441.8,466,480834000,26472,26774,3782.4,3094.8,3438.6,3441.2,0.0,3439,0.0,0,0,2017-04-24,34336500,3436.8,2,0,0,0,0,0,0,0,0,3437.0,1,0,0,0,0,0,0,0,0
243,2017-04-24,09:32:17,0,IF1705,CCFX,3436.8,3436.0,3441.8,468,482896140,26471,26774,3782.4,3094.8,3438.6,3441.2,0.0,3439,0.0,0,0,2017-04-24,34337000,3436.8,1,0,0,0,0,0,0,0,0,3437.6,6,0,0,0,0,0,0,0,0
244,2017-04-24,09:32:17,500,IF1705,CCFX,3435.2,3435.2,3441.8,482,497326740,26468,26774,3782.4,3094.8,3438.6,3441.2,0.0,3439,0.0,0,0,2017-04-24,34337500,3435.2,4,0,0,0,0,0,0,0,0,3437.6,6,0,0,0,0,0,0,0,0
245,2017-04-24,09:32:18,0,IF1705,CCFX,3435.2,3435.2,3441.8,483,498357300,26468,26774,3782.4,3094.8,3438.6,3441.2,0.0,3439,0.0,0,0,2017-04-24,34338000,3435.6,1,0,0,0,0,0,0,0,0,3436.6,1,0,0,0,0,0,0,0,0
246,2017-04-24,09:32:18,500,IF1705,CCFX,3437.2,3435.2,3441.8,485,500419440,26466,26774,3782.4,3094.8,3438.6,3441.2,0.0,3439,0.0,0,0,2017-04-24,34338500,3435.6,1,0,0,0,0,0,0,0,0,3437.0,1,0,0,0,0,0,0,0,0
247,2017-04-24,09:32:19,0,IF1705,CCFX,3437.2,3435.2,3441.8,485,500419440,26466,26774,3782.4,3094.8,3438.6,3441.2,0.0,3439,0.0,0,0,2017-04-24,34339000,3435.6,1,0,0,0,0,0,0,0,0,3436.8,2,0,0,0,0,0,0,0,0
248,2017-04-24,09:32:19,500,IF1705,CCFX,3437.2,3435.2,3441.8,485,500419440,26466,26774,3782.4,3094.8,3438.6,3441.2,0.0,3439,0.0,0,0,2017-04-24,34339500,3435.6,2,0,0,0,0,0,0,0,0,3436.6,3,0,0,0,0,0,0,0,0
249,2017-04-24,09:32:20,0,IF1705,CCFX,3437.2,3435.2,3441.8,485,500419440,26466,26774,3782.4,3094.8,3438.6,3441.2,0.0,3439,0.0,0,0,2017-04-24,34340000,3435.6,2,0,0,0,0,0,0,0,0,3436.6,4,0,0,0,0,0,0,0,0
250,2017-04-24,09:32:20,500,IF1705,CCFX,3437.2,3435.2,3441.8,485,500419440,26466,26774,3782.4,3094.8,3438.6,3441.2,0.0,3439,0.0,0,0,2017-04-24,34340500,3435.8,2,0,0,0,0,0,0,0,0,3436.6,4,0,0,0,0,0,0,0,0
251,2017-04-24,09:32:21,0,IF1705,CCFX,3437.2,3435.2,3441.8,485,500419440,26466,26774,3782.4,3094.8,3438.6,3441.2,0.0,3439,0.0,0,0,2017-04-24,34341000,3435.8,2,0,0,0,0,0,0,0,0,3436.6,3,0,0,0,0,0,0,0,0
252,2017-04-24,09:32:21,500,IF1705,CCFX,3435.8,3435.2,3441.8,486,501450180,26465,26774,3782.4,3094.8,3438.6,3441.2,0.0,3439,0.0,0,0,2017-04-24,34341500,3435.8,1,0,0,0,0,0,0,0,0,3436.4,4,0,0,0,0,0,0,0,0
253,2017-04-24,09:32:22,0,IF1705,CCFX,3436.2,3435.2,3441.8,487,502481040,26464,26774,3782.4,3094.8,3438.6,3441.2,0.0,3439,0.0,0,0,2017-04-24,34342000,3435.8,2,0,0,0,0,0,0,0,0,3436.4,4,0,0,0,0,0,0,0,0
254,2017-04-24,09:32:22,500,IF1705,CCFX,3436.4,3435.2,3441.8,489,504542880,26464,26774,3782.4,3094.8,3438.6,3441.2,0.0,3439,0.0,0,0,2017-04-24,34342500,3436.0,1,0,0,0,0,0,0,0,0,3436.4,2,0,0,0,0,0,0,0,0
255,2017-04-24,09:32:23,0,IF1705,CCFX,3436.4,3435.2,3441.8,490,505573800,26464,26774,3782.4,3094.8,3438.6,3441.2,0.0,3439,0.0,0,0,2017-04-24,34343000,3436.2,1,0,0,0,0,0,0,0,0,3436.4,2,0,0,0,0,0,0,0,0
256,2017-04-24,09:32:24,0,IF1705,CCFX,3436.4,3435.2,3441.8,492,507635640,26463,26774,3782.4,3094.8,3438.6,3441.2,0.0,3439,0.0,0,0,2017-04-24,34344000,3436.2,1,0,0,0,0,0,0,0,0,3436.6,2,0,0,0,0,0,0,0,0
257,2017-04-24,09:32:24,500,IF1705,CCFX,3436.4,3435.2,3441.8,492,507635640,26463,26774,3782.4,3094.8,3438.6,3441.2,0.0,3439,0.0,0,0,2017-04-24,34344500,3436.2,1,0,0,0,0,0,0,0,0,3436.4,1,0,0,0,0,0,0,0,0
258,2017-04-24,09:32:25,0,IF1705,CCFX,3436.4,3435.2,3441.8,492,507635640,26463,26774,3782.4,3094.8,3438.6,3441.2,0.0,3439,0.0,0,0,2017-04-24,34345000,3436.2,1,0,0,0,0,0,0,0,0,3436.4,1,0,0,0,0,0,0,0,0
259,2017-04-24,09:32:25,500,IF1705,CCFX,3436.4,3435.2,3441.8,492,507635640,26463,26774,3782.4,3094.8,3438.6,3441.2,0.0,3439,0.0,0,0,2017-04-24,34345500,3436.2,1,0,0,0,0,0,0,0,0,3436.4,1,0,0,0,0,0,0,0,0
260,2017-04-24,09:32:26,0,IF1705,CCFX,3436.2,3435.2,3441.8,493,508666500,26462,26774,3782.4,3094.8,3438.6,3441.2,0.0,3439,0.0,0,0,2017-04-24,34346000,3436.0,1,0,0,0,0,0,0,0,0,3436.4,1,0,0,0,0,0,0,0,0
261,2017-04-24,09:32:26,500,IF1705,CCFX,3436.4,3435.2,3441.8,494,509697420,26462,26774,3782.4,3094.8,3438.6,3441.2,0.0,3439,0.0,0,0,2017-04-24,34346500,3436.4,2,0,0,0,0,0,0,0,0,3436.6,1,0,0,0,0,0,0,0,0
262,2017-04-24,09:32:27,0,IF1705,CCFX,3436.4,3435.2,3441.8,496,511759260,26460,26774,3782.4,3094.8,3438.6,3441.2,0.0,3439,0.0,0,0,2017-04-24,34347000,3436.0,1,0,0,0,0,0,0,0,0,3436.6,1,0,0,0,0,0,0,0,0
263,2017-04-24,09:32:27,500,IF1705,CCFX,3436.4,3435.2,3441.8,496,511759260,26460,26774,3782.4,3094.8,3438.6,3441.2,0.0,3439,0.0,0,0,2017-04-24,34347500,3436.0,1,0,0,0,0,0,0,0,0,3436.4,1,0,0,0,0,0,0,0,0
264,2017-04-24,09:32:28,0,IF1705,CCFX,3436.4,3435.2,3441.8,496,511759260,26460,26774,3782.4,3094.8,3438.6,3441.2,0.0,3439,0.0,0,0,2017-04-24,34348000,3436.2,1,0,0,0,0,0,0,0,0,3436.4,1,0,0,0,0,0,0,0,0
265,2017-04-24,09:32:29,0,IF1705,CCFX,3436.4,3435.2,3441.8,496,511759260,26460,26774,3782.4,3094.8,3438.6,3441.2,0.0,3439,0.0,0,0,2017-04-24,34349000,3436.2,1,0,0,0,0,0,0,0,0,3436.4,1,0,0,0,0,0,0,0,0
266,2017-04-24,09:32:29,500,IF1705,CCFX,3436.4,3435.2,3441.8,496,511759260,26460,26774,3782.4,3094.8,3438.6,3441.2,0.0,3439,0.0,0,0,2017-04-24,34349500,3436.2,1,0,0,0,0,0,0,0,0,3436.4,2,0,0,0,0,0,0,0,0
267,2017-04-24,09:32:30,500,IF1705,CCFX,3436.4,3435.2,3441.8,497,512790180,26459,26774,3782.4,3094.8,3438.6,3441.2,0.0,3439,0.0,0,0,2017-04-24,34350500,3436.2,1,0,0,0,0,0,0,0,0,3436.4,1,0,0,0,0,0,0,0,0
268,2017-04-24,09:32:31,0,IF1705,CCFX,3436.4,3435.2,3441.8,498,513821100,26458,26774,3782.4,3094.8,3438.6,3441.2,0.0,3439,0.0,0,0,2017-04-24,34351000,3436.2,1,0,0,0,0,0,0,0,0,3436.6,1,0,0,0,0,0,0,0,0
269,2017-04-24,09:32:32,0,IF1705,CCFX,3436.4,3435.2,3441.8,498,513821100,26458,26774,3782.4,3094.8,3438.6,3441.2,0.0,3439,0.0,0,0,2017-04-24,34352000,3436.2,2,0,0,0,0,0,0,0,0,3436.6,1,0,0,0,0,0,0,0,0
270,2017-04-24,09:32:32,500,IF1705,CCFX,3436.6,3435.2,3441.8,499,514852080,26457,26774,3782.4,3094.8,3438.6,3441.2,0.0,3439,0.0,0,0,2017-04-24,34352500,3436.2,2,0,0,0,0,0,0,0,0,3437.2,1,0,0,0,0,0,0,0,0
271,2017-04-24,09:32:33,0,IF1705,CCFX,3437.0,3435.2,3441.8,500,515883180,26456,26774,3782.4,3094.8,3438.6,3441.2,0.0,3439,0.0,0,0,2017-04-24,34353000,3437.0,4,0,0,0,0,0,0,0,0,3437.2,1,0,0,0,0,0,0,0,0
272,2017-04-24,09:32:33,500,IF1705,CCFX,3437.2,3435.2,3441.8,501,516914340,26455,26774,3782.4,3094.8,3438.6,3441.2,0.0,3439,0.0,0,0,2017-04-24,34353500,3437.0,4,0,0,0,0,0,0,0,0,3437.4,1,0,0,0,0,0,0,0,0
273,2017-04-24,09:32:34,0,IF1705,CCFX,3437.4,3435.2,3441.8,502,517945560,26454,26774,3782.4,3094.8,3438.6,3441.2,0.0,3439,0.0,0,0,2017-04-24,34354000,3437.0,4,0,0,0,0,0,0,0,0,3437.6,1,0,0,0,0,0,0,0,0
274,2017-04-24,09:32:34,500,IF1705,CCFX,3437.0,3435.2,3441.8,505,521038860,26451,26774,3782.4,3094.8,3438.6,3441.2,0.0,3439,0.0,0,0,2017-04-24,34354500,3437.0,1,0,0,0,0,0,0,0,0,3437.4,1,0,0,0,0,0,0,0,0
275,2017-04-24,09:32:35,500,IF1705,CCFX,3437.0,3435.2,3441.8,505,521038860,26451,26774,3782.4,3094.8,3438.6,3441.2,0.0,3439,0.0,0,0,2017-04-24,34355500,3437.0,1,0,0,0,0,0,0,0,0,3437.4,1,0,0,0,0,0,0,0,0
276,2017-04-24,09:32:37,0,IF1705,CCFX,3437.0,3435.2,3441.8,506,522069960,26451,26774,3782.4,3094.8,3438.6,3441.2,0.0,3439,0.0,0,0,2017-04-24,34357000,3437.2,1,0,0,0,0,0,0,0,0,3437.6,2,0,0,0,0,0,0,0,0
277,2017-04-24,09:32:37,500,IF1705,CCFX,3437.2,3435.2,3441.8,507,523101120,26450,26774,3782.4,3094.8,3438.6,3441.2,0.0,3439,0.0,0,0,2017-04-24,34357500,3436.4,1,0,0,0,0,0,0,0,0,3437.2,3,0,0,0,0,0,0,0,0
278,2017-04-24,09:32:38,0,IF1705,CCFX,3437.2,3435.2,3441.8,507,523101120,26450,26774,3782.4,3094.8,3438.6,3441.2,0.0,3439,0.0,0,0,2017-04-24,34358000,3436.6,1,0,0,0,0,0,0,0,0,3437.2,3,0,0,0,0,0,0,0,0
279,2017-04-24,09:32:38,500,IF1705,CCFX,3437.2,3435.2,3441.8,507,523101120,26450,26774,3782.4,3094.8,3438.6,3441.2,0.0,3439,0.0,0,0,2017-04-24,34358500,3436.6,1,0,0,0,0,0,0,0,0,3437.2,3,0,0,0,0,0,0,0,0
280,2017-04-24,09:32:39,0,IF1705,CCFX,3437.2,3435.2,3441.8,507,523101120,26450,26774,3782.4,3094.8,3438.6,3441.2,0.0,3439,0.0,0,0,2017-04-24,34359000,3436.6,2,0,0,0,0,0,0,0,0,3437.2,4,0,0,0,0,0,0,0,0
281,2017-04-24,09:32:39,500,IF1705,CCFX,3437.2,3435.2,3441.8,507,523101120,26450,26774,3782.4,3094.8,3438.6,3441.2,0.0,3439,0.0,0,0,2017-04-24,34359500,3436.6,2,0,0,0,0,0,0,0,0,3437.0,2,0,0,0,0,0,0,0,0
282,2017-04-24,09:32:40,0,IF1705,CCFX,3437.2,3435.2,3441.8,507,523101120,26450,26774,3782.4,3094.8,3438.6,3441.2,0.0,3439,0.0,0,0,2017-04-24,34360000,3436.6,2,0,0,0,0,0,0,0,0,3437.0,4,0,0,0,0,0,0,0,0
283,2017-04-24,09:32:40,500,IF1705,CCFX,3437.0,3435.2,3441.8,508,524132220,26450,26774,3782.4,3094.8,3438.6,3441.2,0.0,3439,0.0,0,0,2017-04-24,34360500,3436.6,2,0,0,0,0,0,0,0,0,3437.0,3,0,0,0,0,0,0,0,0
284,2017-04-24,09:32:41,0,IF1705,CCFX,3437.0,3435.2,3441.8,508,524132220,26450,26774,3782.4,3094.8,3438.6,3441.2,0.0,3439,0.0,0,0,2017-04-24,34361000,3436.6,2,0,0,0,0,0,0,0,0,3437.0,3,0,0,0,0,0,0,0,0
285,2017-04-24,09:32:42,500,IF1705,CCFX,3437.0,3435.2,3441.8,508,524132220,26450,26774,3782.4,3094.8,3438.6,3441.2,0.0,3439,0.0,0,0,2017-04-24,34362500,3436.6,2,0,0,0,0,0,0,0,0,3437.0,3,0,0,0,0,0,0,0,0
286,2017-04-24,09:32:43,0,IF1705,CCFX,3437.0,3435.2,3441.8,508,524132220,26450,26774,3782.4,3094.8,3438.6,3441.2,0.0,3439,0.0,0,0,2017-04-24,34363000,3436.6,2,0,0,0,0,0,0,0,0,3437.0,2,0,0,0,0,0,0,0,0
287,2017-04-24,09:32:43,500,IF1705,CCFX,3437.0,3435.2,3441.8,509,525163320,26449,26774,3782.4,3094.8,3438.6,3441.2,0.0,3439,0.0,0,0,2017-04-24,34363500,3436.6,2,0,0,0,0,0,0,0,0,3437.0,3,0,0,0,0,0,0,0,0
288,2017-04-24,09:32:44,0,IF1705,CCFX,3437.0,3435.2,3441.8,509,525163320,26449,26774,3782.4,3094.8,3438.6,3441.2,0.0,3439,0.0,0,0,2017-04-24,34364000,3436.6,2,0,0,0,0,0,0,0,0,3437.0,4,0,0,0,0,0,0,0,0
289,2017-04-24,09:32:44,500,IF1705,CCFX,3437.0,3435.2,3441.8,509,525163320,26449,26774,3782.4,3094.8,3438.6,3441.2,0.0,3439,0.0,0,0,2017-04-24,34364500,3436.6,2,0,0,0,0,0,0,0,0,3437.0,4,0,0,0,0,0,0,0,0
290,2017-04-24,09:32:45,0,IF1705,CCFX,3437.0,3435.2,3441.8,509,525163320,26449,26774,3782.4,3094.8,3438.6,3441.2,0.0,3439,0.0,0,0,2017-04-24,34365000,3436.6,2,0,0,0,0,0,0,0,0,3436.8,4,0,0,0,0,0,0,0,0
291,2017-04-24,09:32:45,500,IF1705,CCFX,3436.6,3435.2,3441.8,511,527225280,26447,26774,3782.4,3094.8,3438.6,3441.2,0.0,3439,0.0,0,0,2017-04-24,34365500,3436.4,1,0,0,0,0,0,0,0,0,3436.8,6,0,0,0,0,0,0,0,0
292,2017-04-24,09:32:46,0,IF1705,CCFX,3436.4,3435.2,3441.8,512,528256200,26446,26774,3782.4,3094.8,3438.6,3441.2,0.0,3439,0.0,0,0,2017-04-24,34366000,3436.4,1,0,0,0,0,0,0,0,0,3436.6,4,0,0,0,0,0,0,0,0
293,2017-04-24,09:32:46,500,IF1705,CCFX,3436.2,3435.2,3441.8,514,530317980,26444,26774,3782.4,3094.8,3438.6,3441.2,0.0,3439,0.0,0,0,2017-04-24,34366500,3436.2,2,0,0,0,0,0,0,0,0,3436.6,3,0,0,0,0,0,0,0,0
294,2017-04-24,09:32:47,0,IF1705,CCFX,3436.2,3435.2,3441.8,516,532379700,26442,26774,3782.4,3094.8,3438.6,3441.2,0.0,3439,0.0,0,0,2017-04-24,34367000,3436.0,2,0,0,0,0,0,0,0,0,3436.2,1,0,0,0,0,0,0,0,0
295,2017-04-24,09:32:47,500,IF1705,CCFX,3436.0,3435.2,3441.8,518,534441420,26440,26774,3782.4,3094.8,3438.6,3441.2,0.0,3439,0.0,0,0,2017-04-24,34367500,3436.0,1,0,0,0,0,0,0,0,0,3436.4,2,0,0,0,0,0,0,0,0
296,2017-04-24,09:32:48,0,IF1705,CCFX,3436.4,3435.2,3441.8,520,536503140,26439,26774,3782.4,3094.8,3438.6,3441.2,0.0,3439,0.0,0,0,2017-04-24,34368000,3435.8,1,0,0,0,0,0,0,0,0,3436.4,1,0,0,0,0,0,0,0,0
297,2017-04-24,09:32:48,500,IF1705,CCFX,3436.4,3435.2,3441.8,520,536503140,26439,26774,3782.4,3094.8,3438.6,3441.2,0.0,3439,0.0,0,0,2017-04-24,34368500,3435.8,1,0,0,0,0,0,0,0,0,3436.4,2,0,0,0,0,0,0,0,0
298,2017-04-24,09:32:49,0,IF1705,CCFX,3435.8,3435.2,3441.8,523,539595360,26438,26774,3782.4,3094.8,3438.6,3441.2,0.0,3439,0.0,0,0,2017-04-24,34369000,3435.6,1,0,0,0,0,0,0,0,0,3435.8,1,0,0,0,0,0,0,0,0
299,2017-04-24,09:32:49,500,IF1705,CCFX,3435.8,3435.2,3441.8,525,541656780,26436,26774,3782.4,3094.8,3438.6,3441.2,0.0,3439,0.0,0,0,2017-04-24,34369500,3435.2,9,0,0,0,0,0,0,0,0,3436.4,3,0,0,0,0,0,0,0,0
300,2017-04-24,09:32:50,0,IF1705,CCFX,3435.8,3435.2,3441.8,525,541656780,26436,26774,3782.4,3094.8,3438.6,3441.2,0.0,3439,0.0,0,0,2017-04-24,34370000,3435.4,2,0,0,0,0,0,0,0,0,3435.8,5,0,0,0,0,0,0,0,0
301,2017-04-24,09:32:50,500,IF1705,CCFX,3435.8,3435.2,3441.8,525,541656780,26436,26774,3782.4,3094.8,3438.6,3441.2,0.0,3439,0.0,0,0,2017-04-24,34370500,3435.2,9,0,0,0,0,0,0,0,0,3435.8,6,0,0,0,0,0,0,0,0
302,2017-04-24,09:32:51,0,IF1705,CCFX,3435.8,3435.2,3441.8,526,542687520,26435,26774,3782.4,3094.8,3438.6,3441.2,0.0,3439,0.0,0,0,2017-04-24,34371000,3435.2,9,0,0,0,0,0,0,0,0,3435.8,5,0,0,0,0,0,0,0,0
303,2017-04-24,09:32:51,500,IF1705,CCFX,3435.2,3435.2,3441.8,527,543718080,26434,26774,3782.4,3094.8,3438.6,3441.2,0.0,3439,0.0,0,0,2017-04-24,34371500,3435.2,8,0,0,0,0,0,0,0,0,3435.6,1,0,0,0,0,0,0,0,0
304,2017-04-24,09:32:52,0,IF1705,CCFX,3435.2,3435.2,3441.8,528,544748640,26433,26774,3782.4,3094.8,3438.6,3441.2,0.0,3439,0.0,0,0,2017-04-24,34372000,3435.2,7,0,0,0,0,0,0,0,0,3435.4,2,0,0,0,0,0,0,0,0
305,2017-04-24,09:32:52,500,IF1705,CCFX,3435.4,3435.2,3441.8,533,549901500,26429,26774,3782.4,3094.8,3438.6,3441.2,0.0,3439,0.0,0,0,2017-04-24,34372500,3435.2,3,0,0,0,0,0,0,0,0,3435.4,1,0,0,0,0,0,0,0,0
306,2017-04-24,09:32:53,0,IF1705,CCFX,3435.2,3435.2,3441.8,536,552993180,26426,26774,3782.4,3094.8,3438.6,3441.2,0.0,3439,0.0,0,0,2017-04-24,34373000,3435.0,2,0,0,0,0,0,0,0,0,3435.4,1,0,0,0,0,0,0,0,0
307,2017-04-24,09:32:53,500,IF1705,CCFX,3435.0,3435.0,3441.8,538,555054180,26425,26774,3782.4,3094.8,3438.6,3441.2,0.0,3439,0.0,0,0,2017-04-24,34373500,3434.8,3,0,0,0,0,0,0,0,0,3435.4,1,0,0,0,0,0,0,0,0
308,2017-04-24,09:32:54,0,IF1705,CCFX,3434.8,3434.8,3441.8,540,557115060,26425,26774,3782.4,3094.8,3438.6,3441.2,0.0,3439,0.0,0,0,2017-04-24,34374000,3434.8,1,0,0,0,0,0,0,0,0,3435.4,1,0,0,0,0,0,0,0,0
309,2017-04-24,09:32:55,0,IF1705,CCFX,3434.8,3434.8,3441.8,541,558145500,26424,26774,3782.4,3094.8,3438.6,3441.2,0.0,3439,0.0,0,0,2017-04-24,34375000,3434.4,1,0,0,0,0,0,0,0,0,3435.2,2,0,0,0,0,0,0,0,0
310,2017-04-24,09:32:55,500,IF1705,CCFX,3435.0,3434.8,3441.8,542,559176000,26424,26774,3782.4,3094.8,3438.6,3441.2,0.0,3439,0.0,0,0,2017-04-24,34375500,3434.8,1,0,0,0,0,0,0,0,0,3435.2,2,0,0,0,0,0,0,0,0
311,2017-04-24,09:32:56,0,IF1705,CCFX,3434.8,3434.8,3441.8,543,560206440,26423,26774,3782.4,3094.8,3438.6,3441.2,0.0,3439,0.0,0,0,2017-04-24,34376000,3434.4,1,0,0,0,0,0,0,0,0,3435.2,2,0,0,0,0,0,0,0,0
312,2017-04-24,09:32:56,500,IF1705,CCFX,3434.4,3434.4,3441.8,544,561236760,26423,26774,3782.4,3094.8,3438.6,3441.2,0.0,3439,0.0,0,0,2017-04-24,34376500,3434.0,1,0,0,0,0,0,0,0,0,3434.4,1,0,0,0,0,0,0,0,0
313,2017-04-24,09:32:57,0,IF1705,CCFX,3434.4,3434.4,3441.8,546,563297400,26422,26774,3782.4,3094.8,3438.6,3441.2,0.0,3439,0.0,0,0,2017-04-24,34377000,3434.0,1,0,0,0,0,0,0,0,0,3434.6,1,0,0,0,0,0,0,0,0
314,2017-04-24,09:32:57,500,IF1705,CCFX,3434.4,3434.4,3441.8,546,563297400,26422,26774,3782.4,3094.8,3438.6,3441.2,0.0,3439,0.0,0,0,2017-04-24,34377500,3434.0,1,0,0,0,0,0,0,0,0,3434.4,1,0,0,0,0,0,0,0,0
315,2017-04-24,09:32:58,0,IF1705,CCFX,3434.4,3434.4,3441.8,546,563297400,26422,26774,3782.4,3094.8,3438.6,3441.2,0.0,3439,0.0,0,0,2017-04-24,34378000,3434.2,1,0,0,0,0,0,0,0,0,3434.4,1,0,0,0,0,0,0,0,0
316,2017-04-24,09:32:58,500,IF1705,CCFX,3434.2,3434.2,3441.8,547,564327660,26421,26774,3782.4,3094.8,3438.6,3441.2,0.0,3439,0.0,0,0,2017-04-24,34378500,3434.0,1,0,0,0,0,0,0,0,0,3434.4,1,0,0,0,0,0,0,0,0
317,2017-04-24,09:32:59,0,IF1705,CCFX,3434.2,3434.2,3441.8,548,565357920,26420,26774,3782.4,3094.8,3438.6,3441.2,0.0,3439,0.0,0,0,2017-04-24,34379000,3434.2,1,0,0,0,0,0,0,0,0,3434.4,1,0,0,0,0,0,0,0,0
318,2017-04-24,09:32:59,500,IF1705,CCFX,3434.4,3434.2,3441.8,550,567418500,26418,26774,3782.4,3094.8,3438.6,3441.2,0.0,3439,0.0,0,0,2017-04-24,34379500,3434.4,1,0,0,0,0,0,0,0,0,3434.6,2,0,0,0,0,0,0,0,0
319,2017-04-24,09:33:00,0,IF1705,CCFX,3434.6,3434.2,3441.8,551,568448880,26417,26774,3782.4,3094.8,3438.6,3441.2,0.0,3439,0.0,0,0,2017-04-24,34380000,3434.0,1,0,0,0,0,0,0,0,0,3434.6,1,0,0,0,0,0,0,0,0
320,2017-04-24,09:33:00,500,IF1705,CCFX,3434.4,3434.0,3441.8,554,571539720,26414,26774,3782.4,3094.8,3438.6,3441.2,0.0,3439,0.0,0,0,2017-04-24,34380500,3433.6,3,0,0,0,0,0,0,0,0,3434.4,2,0,0,0,0,0,0,0,0
321,2017-04-24,09:33:01,0,IF1705,CCFX,3434.2,3434.0,3441.8,558,575661000,26410,26774,3782.4,3094.8,3438.6,3441.2,0.0,3439,0.0,0,0,2017-04-24,34381000,3433.6,3,0,0,0,0,0,0,0,0,3434.6,2,0,0,0,0,0,0,0,0
322,2017-04-24,09:33:01,500,IF1705,CCFX,3433.8,3433.8,3441.8,559,576691140,26409,26774,3782.4,3094.8,3438.6,3441.2,0.0,3439,0.0,0,0,2017-04-24,34381500,3433.6,3,0,0,0,0,0,0,0,0,3434.4,3,0,0,0,0,0,0,0,0
323,2017-04-24,09:33:02,0,IF1705,CCFX,3433.6,3433.6,3441.8,560,577721220,26408,26774,3782.4,3094.8,3438.6,3441.2,0.0,3439,0.0,0,0,2017-04-24,34382000,3433.6,2,0,0,0,0,0,0,0,0,3433.8,1,0,0,0,0,0,0,0,0
324,2017-04-24,09:33:02,500,IF1705,CCFX,3433.4,3433.4,3441.8,564,581841540,26406,26774,3782.4,3094.8,3438.6,3441.2,0.0,3439,0.0,0,0,2017-04-24,34382500,3433.0,6,0,0,0,0,0,0,0,0,3434.2,3,0,0,0,0,0,0,0,0
325,2017-04-24,09:33:03,0,IF1705,CCFX,3433.8,3433.4,3441.8,567,584931960,26403,26774,3782.4,3094.8,3438.6,3441.2,0.0,3439,0.0,0,0,2017-04-24,34383000,3433.0,6,0,0,0,0,0,0,0,0,3433.8,1,0,0,0,0,0,0,0,0
326,2017-04-24,09:33:03,500,IF1705,CCFX,3433.8,3433.4,3441.8,567,584931960,26403,26774,3782.4,3094.8,3438.6,3441.2,0.0,3439,0.0,0,0,2017-04-24,34383500,3433.0,7,0,0,0,0,0,0,0,0,3433.6,3,0,0,0,0,0,0,0,0
327,2017-04-24,09:33:04,0,IF1705,CCFX,3433.6,3433.0,3441.8,570,588022020,26401,26774,3782.4,3094.8,3438.6,3441.2,0.0,3439,0.0,0,0,2017-04-24,34384000,3433.0,6,0,0,0,0,0,0,0,0,3433.6,1,0,0,0,0,0,0,0,0
328,2017-04-24,09:33:04,500,IF1705,CCFX,3433.0,3433.0,3441.8,573,591111840,26401,26774,3782.4,3094.8,3438.6,3441.2,0.0,3439,0.0,0,0,2017-04-24,34384500,3433.0,3,0,0,0,0,0,0,0,0,3433.6,1,0,0,0,0,0,0,0,0
329,2017-04-24,09:33:05,0,IF1705,CCFX,3433.8,3433.0,3441.8,581,599352060,26394,26774,3782.4,3094.8,3438.6,3441.2,0.0,3439,0.0,0,0,2017-04-24,34385000,3433.8,4,0,0,0,0,0,0,0,0,3434.0,1,0,0,0,0,0,0,0,0
330,2017-04-24,09:33:05,500,IF1705,CCFX,3433.8,3433.0,3441.8,585,603472620,26392,26774,3782.4,3094.8,3438.6,3441.2,0.0,3439,0.0,0,0,2017-04-24,34385500,3432.2,1,0,0,0,0,0,0,0,0,3433.0,2,0,0,0,0,0,0,0,0
331,2017-04-24,09:33:06,0,IF1705,CCFX,3433.0,3433.0,3441.8,590,608622360,26388,26774,3782.4,3094.8,3438.6,3441.2,0.0,3439,0.0,0,0,2017-04-24,34386000,3433.0,1,0,0,0,0,0,0,0,0,3434.0,1,0,0,0,0,0,0,0,0
332,2017-04-24,09:33:06,500,IF1705,CCFX,3433.0,3433.0,3441.8,591,609652260,26387,26774,3782.4,3094.8,3438.6,3441.2,0.0,3439,0.0,0,0,2017-04-24,34386500,3433.2,1,0,0,0,0,0,0,0,0,3434.0,1,0,0,0,0,0,0,0,0
333,2017-04-24,09:33:07,0,IF1705,CCFX,3433.0,3433.0,3441.8,592,610682160,26386,26774,3782.4,3094.8,3438.6,3441.2,0.0,3439,0.0,0,0,2017-04-24,34387000,3433.0,1,0,0,0,0,0,0,0,0,3433.8,1,0,0,0,0,0,0,0,0
334,2017-04-24,09:33:07,500,IF1705,CCFX,3432.2,3432.2,3441.8,596,614801820,26382,26774,3782.4,3094.8,3438.6,3441.2,0.0,3439,0.0,0,0,2017-04-24,34387500,3432.0,1,0,0,0,0,0,0,0,0,3432.2,3,0,0,0,0,0,0,0,0
335,2017-04-24,09:33:08,0,IF1705,CCFX,3432.2,3432.2,3441.8,600,618920460,26379,26774,3782.4,3094.8,3438.6,3441.2,0.0,3439,0.0,0,0,2017-04-24,34388000,3433.8,1,0,0,0,0,0,0,0,0,3434.0,1,0,0,0,0,0,0,0,0
336,2017-04-24,09:33:08,500,IF1705,CCFX,3433.8,3432.2,3441.8,602,620980800,26377,26774,3782.4,3094.8,3438.6,3441.2,0.0,3439,0.0,0,0,2017-04-24,34388500,3433.0,2,0,0,0,0,0,0,0,0,3433.8,1,0,0,0,0,0,0,0,0
337,2017-04-24,09:33:09,0,IF1705,CCFX,3433.0,3432.2,3441.8,606,625101360,26375,26774,3782.4,3094.8,3438.6,3441.2,0.0,3439,0.0,0,0,2017-04-24,34389000,3433.0,2,0,0,0,0,0,0,0,0,3433.6,3,0,0,0,0,0,0,0,0
338,2017-04-24,09:33:09,500,IF1705,CCFX,3433.6,3432.2,3441.8,609,628191600,26372,26774,3782.4,3094.8,3438.6,3441.2,0.0,3439,0.0,0,0,2017-04-24,34389500,3433.0,2,0,0,0,0,0,0,0,0,3433.2,1,0,0,0,0,0,0,0,0
339,2017-04-24,09:33:10,0,IF1705,CCFX,3433.2,3432.2,3441.8,611,630251520,26370,26774,3782.4,3094.8,3438.6,3441.2,0.0,3439,0.0,0,0,2017-04-24,34390000,3433.2,1,0,0,0,0,0,0,0,0,3433.6,1,0,0,0,0,0,0,0,0
340,2017-04-24,09:33:10,500,IF1705,CCFX,3433.2,3432.2,3441.8,612,631281480,26369,26774,3782.4,3094.8,3438.6,3441.2,0.0,3439,0.0,0,0,2017-04-24,34390500,3433.0,2,0,0,0,0,0,0,0,0,3433.6,1,0,0,0,0,0,0,0,0
341,2017-04-24,09:33:11,0,IF1705,CCFX,3433.6,3432.2,3441.8,613,632311560,26368,26774,3782.4,3094.8,3438.6,3441.2,0.0,3439,0.0,0,0,2017-04-24,34391000,3433.4,1,0,0,0,0,0,0,0,0,3433.8,1,0,0,0,0,0,0,0,0
342,2017-04-24,09:33:11,500,IF1705,CCFX,3433.6,3432.2,3441.8,613,632311560,26368,26774,3782.4,3094.8,3438.6,3441.2,0.0,3439,0.0,0,0,2017-04-24,34391500,3433.6,1,0,0,0,0,0,0,0,0,3434.4,1,0,0,0,0,0,0,0,0
343,2017-04-24,09:33:12,0,IF1705,CCFX,3434.4,3432.2,3441.8,614,633341880,26367,26774,3782.4,3094.8,3438.6,3441.2,0.0,3439,0.0,0,0,2017-04-24,34392000,3433.6,1,0,0,0,0,0,0,0,0,3434.6,2,0,0,0,0,0,0,0,0
344,2017-04-24,09:33:12,500,IF1705,CCFX,3434.4,3432.2,3441.8,614,633341880,26367,26774,3782.4,3094.8,3438.6,3441.2,0.0,3439,0.0,0,0,2017-04-24,34392500,3433.8,2,0,0,0,0,0,0,0,0,3434.6,2,0,0,0,0,0,0,0,0
345,2017-04-24,09:33:13,0,IF1705,CCFX,3434.6,3432.2,3441.8,618,637462920,26363,26774,3782.4,3094.8,3438.6,3441.2,0.0,3439,0.0,0,0,2017-04-24,34393000,3434.6,1,0,0,0,0,0,0,0,0,3435.2,1,0,0,0,0,0,0,0,0
346,2017-04-24,09:33:13,500,IF1705,CCFX,3434.6,3432.2,3441.8,619,638493300,26362,26774,3782.4,3094.8,3438.6,3441.2,0.0,3439,0.0,0,0,2017-04-24,34393500,3433.8,1,0,0,0,0,0,0,0,0,3434.4,1,0,0,0,0,0,0,0,0
347,2017-04-24,09:33:14,0,IF1705,CCFX,3434.4,3432.2,3441.8,620,639523620,26362,26774,3782.4,3094.8,3438.6,3441.2,0.0,3439,0.0,0,0,2017-04-24,34394000,3433.8,1,0,0,0,0,0,0,0,0,3435.0,4,0,0,0,0,0,0,0,0
348,2017-04-24,09:33:14,500,IF1705,CCFX,3434.4,3432.2,3441.8,620,639523620,26362,26774,3782.4,3094.8,3438.6,3441.2,0.0,3439,0.0,0,0,2017-04-24,34394500,3434.0,1,0,0,0,0,0,0,0,0,3434.6,1,0,0,0,0,0,0,0,0
349,2017-04-24,09:33:15,0,IF1705,CCFX,3434.4,3432.2,3441.8,620,639523620,26362,26774,3782.4,3094.8,3438.6,3441.2,0.0,3439,0.0,0,0,2017-04-24,34395000,3434.0,1,0,0,0,0,0,0,0,0,3434.6,1,0,0,0,0,0,0,0,0
350,2017-04-24,09:33:15,500,IF1705,CCFX,3434.4,3432.2,3441.8,620,639523620,26362,26774,3782.4,3094.8,3438.6,3441.2,0.0,3439,0.0,0,0,2017-04-24,34395500,3434.0,1,0,0,0,0,0,0,0,0,3434.6,1,0,0,0,0,0,0,0,0
351,2017-04-24,09:33:16,0,IF1705,CCFX,3433.2,3432.2,3441.8,630,649824060,26352,26774,3782.4,3094.8,3438.6,3441.2,0.0,3439,0.0,0,0,2017-04-24,34396000,3433.0,3,0,0,0,0,0,0,0,0,3434.4,3,0,0,0,0,0,0,0,0
352,2017-04-24,09:33:16,500,IF1705,CCFX,3433.2,3432.2,3441.8,630,649824060,26352,26774,3782.4,3094.8,3438.6,3441.2,0.0,3439,0.0,0,0,2017-04-24,34396500,3433.0,3,0,0,0,0,0,0,0,0,3434.0,4,0,0,0,0,0,0,0,0
353,2017-04-24,09:33:17,0,IF1705,CCFX,3433.0,3432.2,3441.8,632,651883860,26351,26774,3782.4,3094.8,3438.6,3441.2,0.0,3439,0.0,0,0,2017-04-24,34397000,3433.6,2,0,0,0,0,0,0,0,0,3433.8,2,0,0,0,0,0,0,0,0
354,2017-04-24,09:33:17,500,IF1705,CCFX,3433.8,3432.2,3441.8,636,656004300,26349,26774,3782.4,3094.8,3438.6,3441.2,0.0,3439,0.0,0,0,2017-04-24,34397500,3433.2,1,0,0,0,0,0,0,0,0,3434.0,4,0,0,0,0,0,0,0,0
355,2017-04-24,09:33:18,0,IF1705,CCFX,3433.4,3432.2,3441.8,637,657034320,26348,26774,3782.4,3094.8,3438.6,3441.2,0.0,3439,0.0,0,0,2017-04-24,34398000,3433.2,1,0,0,0,0,0,0,0,0,3434.0,4,0,0,0,0,0,0,0,0
356,2017-04-24,09:33:18,500,IF1705,CCFX,3433.4,3432.2,3441.8,637,657034320,26348,26774,3782.4,3094.8,3438.6,3441.2,0.0,3439,0.0,0,0,2017-04-24,34398500,3433.2,1,0,0,0,0,0,0,0,0,3434.0,4,0,0,0,0,0,0,0,0
357,2017-04-24,09:33:19,0,IF1705,CCFX,3434.0,3432.2,3441.8,639,659094720,26346,26774,3782.4,3094.8,3438.6,3441.2,0.0,3439,0.0,0,0,2017-04-24,34399000,3433.2,1,0,0,0,0,0,0,0,0,3434.0,2,0,0,0,0,0,0,0,0
358,2017-04-24,09:33:19,500,IF1705,CCFX,3434.0,3432.2,3441.8,641,661155120,26346,26774,3782.4,3094.8,3438.6,3441.2,0.0,3439,0.0,0,0,2017-04-24,34399500,3433.6,1,0,0,0,0,0,0,0,0,3434.4,1,0,0,0,0,0,0,0,0
359,2017-04-24,09:33:20,500,IF1705,CCFX,3434.4,3432.2,3441.8,643,663215520,26346,26774,3782.4,3094.8,3438.6,3441.2,0.0,3439,0.0,0,0,2017-04-24,34400500,3433.2,1,0,0,0,0,0,0,0,0,3434.6,2,0,0,0,0,0,0,0,0
360,2017-04-24,09:33:21,0,IF1705,CCFX,3434.4,3432.2,3441.8,644,664245840,26345,26774,3782.4,3094.8,3438.6,3441.2,0.0,3439,0.0,0,0,2017-04-24,34401000,3434.4,1,0,0,0,0,0,0,0,0,3434.6,2,0,0,0,0,0,0,0,0
361,2017-04-24,09:33:21,500,IF1705,CCFX,3434.4,3432.2,3441.8,645,665276160,26344,26774,3782.4,3094.8,3438.6,3441.2,0.0,3439,0.0,0,0,2017-04-24,34401500,3434.0,1,0,0,0,0,0,0,0,0,3434.6,2,0,0,0,0,0,0,0,0
362,2017-04-24,09:33:22,0,IF1705,CCFX,3434.0,3432.2,3441.8,647,667336740,26342,26774,3782.4,3094.8,3438.6,3441.2,0.0,3439,0.0,0,0,2017-04-24,34402000,3433.4,2,0,0,0,0,0,0,0,0,3434.6,1,0,0,0,0,0,0,0,0
363,2017-04-24,09:33:22,500,IF1705,CCFX,3433.4,3432.2,3441.8,648,668366760,26342,26774,3782.4,3094.8,3438.6,3441.2,0.0,3439,0.0,0,0,2017-04-24,34402500,3433.4,1,0,0,0,0,0,0,0,0,3434.4,1,0,0,0,0,0,0,0,0
364,2017-04-24,09:33:23,0,IF1705,CCFX,3433.4,3432.2,3441.8,648,668366760,26342,26774,3782.4,3094.8,3438.6,3441.2,0.0,3439,0.0,0,0,2017-04-24,34403000,3433.4,1,0,0,0,0,0,0,0,0,3434.4,1,0,0,0,0,0,0,0,0
365,2017-04-24,09:33:24,0,IF1705,CCFX,3433.4,3432.2,3441.8,648,668366760,26342,26774,3782.4,3094.8,3438.6,3441.2,0.0,3439,0.0,0,0,2017-04-24,34404000,3433.4,1,0,0,0,0,0,0,0,0,3434.4,1,0,0,0,0,0,0,0,0
366,2017-04-24,09:33:25,0,IF1705,CCFX,3433.4,3432.2,3441.8,648,668366760,26342,26774,3782.4,3094.8,3438.6,3441.2,0.0,3439,0.0,0,0,2017-04-24,34405000,3433.6,1,0,0,0,0,0,0,0,0,3434.2,2,0,0,0,0,0,0,0,0
367,2017-04-24,09:33:25,500,IF1705,CCFX,3433.4,3432.2,3441.8,648,668366760,26342,26774,3782.4,3094.8,3438.6,3441.2,0.0,3439,0.0,0,0,2017-04-24,34405500,3433.6,1,0,0,0,0,0,0,0,0,3434.0,1,0,0,0,0,0,0,0,0
368,2017-04-24,09:33:26,500,IF1705,CCFX,3433.6,3432.2,3441.8,652,672487560,26338,26774,3782.4,3094.8,3438.6,3441.2,0.0,3439,0.0,0,0,2017-04-24,34406500,3433.4,1,0,0,0,0,0,0,0,0,3434.6,1,0,0,0,0,0,0,0,0
369,2017-04-24,09:33:27,0,IF1705,CCFX,3433.6,3432.2,3441.8,652,672487560,26338,26774,3782.4,3094.8,3438.6,3441.2,0.0,3439,0.0,0,0,2017-04-24,34407000,3433.4,1,0,0,0,0,0,0,0,0,3434.4,2,0,0,0,0,0,0,0,0
370,2017-04-24,09:33:27,500,IF1705,CCFX,3433.6,3432.2,3441.8,652,672487560,26338,26774,3782.4,3094.8,3438.6,3441.2,0.0,3439,0.0,0,0,2017-04-24,34407500,3433.4,1,0,0,0,0,0,0,0,0,3434.4,2,0,0,0,0,0,0,0,0
371,2017-04-24,09:33:28,0,IF1705,CCFX,3434.4,3432.2,3441.8,653,673517880,26337,26774,3782.4,3094.8,3438.6,3441.2,0.0,3439,0.0,0,0,2017-04-24,34408000,3433.6,1,0,0,0,0,0,0,0,0,3434.4,1,0,0,0,0,0,0,0,0
372,2017-04-24,09:33:28,500,IF1705,CCFX,3433.6,3432.2,3441.8,655,675578280,26336,26774,3782.4,3094.8,3438.6,3441.2,0.0,3439,0.0,0,0,2017-04-24,34408500,3433.4,2,0,0,0,0,0,0,0,0,3434.6,1,0,0,0,0,0,0,0,0
373,2017-04-24,09:33:29,0,IF1705,CCFX,3434.4,3432.2,3441.8,656,676608600,26336,26774,3782.4,3094.8,3438.6,3441.2,0.0,3439,0.0,0,0,2017-04-24,34409000,3433.6,3,0,0,0,0,0,0,0,0,3434.6,1,0,0,0,0,0,0,0,0
374,2017-04-24,09:33:29,500,IF1705,CCFX,3434.4,3432.2,3441.8,656,676608600,26336,26774,3782.4,3094.8,3438.6,3441.2,0.0,3439,0.0,0,0,2017-04-24,34409500,3433.6,4,0,0,0,0,0,0,0,0,3434.6,1,0,0,0,0,0,0,0,0
375,2017-04-24,09:33:30,0,IF1705,CCFX,3433.6,3432.2,3441.8,657,677638680,26335,26774,3782.4,3094.8,3438.6,3441.2,0.0,3439,0.0,0,0,2017-04-24,34410000,3433.6,2,0,0,0,0,0,0,0,0,3434.4,4,0,0,0,0,0,0,0,0
376,2017-04-24,09:33:30,500,IF1705,CCFX,3433.4,3432.2,3441.8,660,680728860,26335,26774,3782.4,3094.8,3438.6,3441.2,0.0,3439,0.0,0,0,2017-04-24,34410500,3433.4,1,0,0,0,0,0,0,0,0,3434.4,4,0,0,0,0,0,0,0,0
377,2017-04-24,09:33:31,0,IF1705,CCFX,3433.4,3432.2,3441.8,660,680728860,26335,26774,3782.4,3094.8,3438.6,3441.2,0.0,3439,0.0,0,0,2017-04-24,34411000,3433.6,1,0,0,0,0,0,0,0,0,3434.4,4,0,0,0,0,0,0,0,0
378,2017-04-24,09:33:31,500,IF1705,CCFX,3434.4,3432.2,3441.8,662,682789200,26333,26774,3782.4,3094.8,3438.6,3441.2,0.0,3439,0.0,0,0,2017-04-24,34411500,3433.2,1,0,0,0,0,0,0,0,0,3434.4,3,0,0,0,0,0,0,0,0
379,2017-04-24,09:33:32,0,IF1705,CCFX,3434.4,3432.2,3441.8,662,682789200,26333,26774,3782.4,3094.8,3438.6,3441.2,0.0,3439,0.0,0,0,2017-04-24,34412000,3433.4,1,0,0,0,0,0,0,0,0,3434.2,3,0,0,0,0,0,0,0,0
380,2017-04-24,09:33:32,500,IF1705,CCFX,3434.4,3432.2,3441.8,662,682789200,26333,26774,3782.4,3094.8,3438.6,3441.2,0.0,3439,0.0,0,0,2017-04-24,34412500,3433.4,1,0,0,0,0,0,0,0,0,3434.0,1,0,0,0,0,0,0,0,0
381,2017-04-24,09:33:33,0,IF1705,CCFX,3434.0,3432.2,3441.8,664,684849420,26331,26774,3782.4,3094.8,3438.6,3441.2,0.0,3439,0.0,0,0,2017-04-24,34413000,3433.2,2,0,0,0,0,0,0,0,0,3434.2,2,0,0,0,0,0,0,0,0
382,2017-04-24,09:33:34,500,IF1705,CCFX,3433.2,3432.2,3441.8,665,685879380,26330,26774,3782.4,3094.8,3438.6,3441.2,0.0,3439,0.0,0,0,2017-04-24,34414500,3433.2,1,0,0,0,0,0,0,0,0,3434.0,1,0,0,0,0,0,0,0,0
383,2017-04-24,09:33:35,0,IF1705,CCFX,3433.2,3432.2,3441.8,665,685879380,26330,26774,3782.4,3094.8,3438.6,3441.2,0.0,3439,0.0,0,0,2017-04-24,34415000,3433.2,1,0,0,0,0,0,0,0,0,3433.8,1,0,0,0,0,0,0,0,0
384,2017-04-24,09:33:35,500,IF1705,CCFX,3433.8,3432.2,3441.8,666,686909520,26330,26774,3782.4,3094.8,3438.6,3441.2,0.0,3439,0.0,0,0,2017-04-24,34415500,3433.4,1,0,0,0,0,0,0,0,0,3434.0,1,0,0,0,0,0,0,0,0
385,2017-04-24,09:33:36,0,IF1705,CCFX,3433.4,3432.2,3441.8,667,687939540,26329,26774,3782.4,3094.8,3438.6,3441.2,0.0,3439,0.0,0,0,2017-04-24,34416000,3433.2,1,0,0,0,0,0,0,0,0,3434.0,1,0,0,0,0,0,0,0,0
386,2017-04-24,09:33:36,500,IF1705,CCFX,3433.4,3432.2,3441.8,667,687939540,26329,26774,3782.4,3094.8,3438.6,3441.2,0.0,3439,0.0,0,0,2017-04-24,34416500,3433.2,1,0,0,0,0,0,0,0,0,3434.0,1,0,0,0,0,0,0,0,0
387,2017-04-24,09:33:37,0,IF1705,CCFX,3433.4,3432.2,3441.8,667,687939540,26329,26774,3782.4,3094.8,3438.6,3441.2,0.0,3439,0.0,0,0,2017-04-24,34417000,3433.2,1,0,0,0,0,0,0,0,0,3433.8,1,0,0,0,0,0,0,0,0
388,2017-04-24,09:33:37,500,IF1705,CCFX,3433.2,3432.2,3441.8,668,688969500,26328,26774,3782.4,3094.8,3438.6,3441.2,0.0,3439,0.0,0,0,2017-04-24,34417500,3433.0,4,0,0,0,0,0,0,0,0,3433.8,2,0,0,0,0,0,0,0,0
389,2017-04-24,09:33:39,0,IF1705,CCFX,3433.2,3432.2,3441.8,668,688969500,26328,26774,3782.4,3094.8,3438.6,3441.2,0.0,3439,0.0,0,0,2017-04-24,34419000,3433.0,4,0,0,0,0,0,0,0,0,3433.2,5,0,0,0,0,0,0,0,0
390,2017-04-24,09:33:39,500,IF1705,CCFX,3433.2,3432.2,3441.8,669,689999460,26327,26774,3782.4,3094.8,3438.6,3441.2,0.0,3439,0.0,0,0,2017-04-24,34419500,3433.0,4,0,0,0,0,0,0,0,0,3433.2,4,0,0,0,0,0,0,0,0
391,2017-04-24,09:33:40,0,IF1705,CCFX,3433.2,3432.2,3441.8,672,693089340,26325,26774,3782.4,3094.8,3438.6,3441.2,0.0,3439,0.0,0,0,2017-04-24,34420000,3433.0,4,0,0,0,0,0,0,0,0,3433.2,1,0,0,0,0,0,0,0,0
392,2017-04-24,09:33:40,500,IF1705,CCFX,3433.4,3432.2,3441.8,675,696179340,26323,26774,3782.4,3094.8,3438.6,3441.2,0.0,3439,0.0,0,0,2017-04-24,34420500,3433.2,2,0,0,0,0,0,0,0,0,3433.4,1,0,0,0,0,0,0,0,0
393,2017-04-24,09:33:41,0,IF1705,CCFX,3433.2,3432.2,3441.8,679,700299360,26320,26774,3782.4,3094.8,3438.6,3441.2,0.0,3439,0.0,0,0,2017-04-24,34421000,3433.2,2,0,0,0,0,0,0,0,0,3433.8,1,0,0,0,0,0,0,0,0
394,2017-04-24,09:33:41,500,IF1705,CCFX,3433.2,3432.2,3441.8,679,700299360,26320,26774,3782.4,3094.8,3438.6,3441.2,0.0,3439,0.0,0,0,2017-04-24,34421500,3433.2,2,0,0,0,0,0,0,0,0,3433.6,1,0,0,0,0,0,0,0,0
395,2017-04-24,09:33:42,0,IF1705,CCFX,3433.4,3432.2,3441.8,681,702359340,26318,26774,3782.4,3094.8,3438.6,3441.2,0.0,3439,0.0,0,0,2017-04-24,34422000,3433.2,1,0,0,0,0,0,0,0,0,3433.4,4,0,0,0,0,0,0,0,0
396,2017-04-24,09:33:42,500,IF1705,CCFX,3433.4,3432.2,3441.8,685,706479360,26316,26774,3782.4,3094.8,3438.6,3441.2,0.0,3439,0.0,0,0,2017-04-24,34422500,3433.0,4,0,0,0,0,0,0,0,0,3433.2,3,0,0,0,0,0,0,0,0
397,2017-04-24,09:33:43,0,IF1705,CCFX,3433.2,3432.2,3441.8,689,710599320,26312,26774,3782.4,3094.8,3438.6,3441.2,0.0,3439,0.0,0,0,2017-04-24,34423000,3433.0,4,0,0,0,0,0,0,0,0,3433.4,1,0,0,0,0,0,0,0,0
398,2017-04-24,09:33:43,500,IF1705,CCFX,3433.0,3432.2,3441.8,690,711629220,26311,26774,3782.4,3094.8,3438.6,3441.2,0.0,3439,0.0,0,0,2017-04-24,34423500,3433.0,3,0,0,0,0,0,0,0,0,3433.4,1,0,0,0,0,0,0,0,0
399,2017-04-24,09:33:44,0,IF1705,CCFX,3433.0,3432.2,3441.8,693,714718920,26312,26774,3782.4,3094.8,3438.6,3441.2,0.0,3439,0.0,0,0,2017-04-24,34424000,3432.6,1,0,0,0,0,0,0,0,0,3433.0,1,0,0,0,0,0,0,0,0
400,2017-04-24,09:33:44,500,IF1705,CCFX,3433.2,3432.2,3441.8,695,716778780,26310,26774,3782.4,3094.8,3438.6,3441.2,0.0,3439,0.0,0,0,2017-04-24,34424500,3432.6,2,0,0,0,0,0,0,0,0,3432.8,1,0,0,0,0,0,0,0,0
401,2017-04-24,09:33:45,0,IF1705,CCFX,3432.6,3432.2,3441.8,698,719868180,26310,26774,3782.4,3094.8,3438.6,3441.2,0.0,3439,0.0,0,0,2017-04-24,34425000,3432.0,2,0,0,0,0,0,0,0,0,3432.6,1,0,0,0,0,0,0,0,0
402,2017-04-24,09:33:45,500,IF1705,CCFX,3432.6,3432.2,3441.8,701,722957520,26307,26774,3782.4,3094.8,3438.6,3441.2,0.0,3439,0.0,0,0,2017-04-24,34425500,3433.0,1,0,0,0,0,0,0,0,0,3434.0,2,0,0,0,0,0,0,0,0
403,2017-04-24,09:33:46,0,IF1705,CCFX,3433.0,3432.2,3441.8,702,723987420,26307,26774,3782.4,3094.8,3438.6,3441.2,0.0,3439,0.0,0,0,2017-04-24,34426000,3432.2,1,0,0,0,0,0,0,0,0,3433.4,1,0,0,0,0,0,0,0,0
404,2017-04-24,09:33:46,500,IF1705,CCFX,3433.0,3432.2,3441.8,702,723987420,26307,26774,3782.4,3094.8,3438.6,3441.2,0.0,3439,0.0,0,0,2017-04-24,34426500,3432.2,1,0,0,0,0,0,0,0,0,3433.2,1,0,0,0,0,0,0,0,0
405,2017-04-24,09:33:47,0,IF1705,CCFX,3433.0,3432.2,3441.8,702,723987420,26307,26774,3782.4,3094.8,3438.6,3441.2,0.0,3439,0.0,0,0,2017-04-24,34427000,3432.6,2,0,0,0,0,0,0,0,0,3433.2,1,0,0,0,0,0,0,0,0
406,2017-04-24,09:33:47,500,IF1705,CCFX,3433.0,3432.2,3441.8,702,723987420,26307,26774,3782.4,3094.8,3438.6,3441.2,0.0,3439,0.0,0,0,2017-04-24,34427500,3432.6,2,0,0,0,0,0,0,0,0,3433.2,1,0,0,0,0,0,0,0,0
407,2017-04-24,09:33:48,0,IF1705,CCFX,3432.6,3432.2,3441.8,704,726046980,26309,26774,3782.4,3094.8,3438.6,3441.2,0.0,3439,0.0,0,0,2017-04-24,34428000,3432.2,2,0,0,0,0,0,0,0,0,3433.2,2,0,0,0,0,0,0,0,0
408,2017-04-24,09:33:48,500,IF1705,CCFX,3433.2,3432.2,3441.8,705,727076940,26308,26774,3782.4,3094.8,3438.6,3441.2,0.0,3439,0.0,0,0,2017-04-24,34428500,3432.2,2,0,0,0,0,0,0,0,0,3433.4,1,0,0,0,0,0,0,0,0
409,2017-04-24,09:33:49,0,IF1705,CCFX,3433.2,3432.2,3441.8,705,727076940,26308,26774,3782.4,3094.8,3438.6,3441.2,0.0,3439,0.0,0,0,2017-04-24,34429000,3432.4,1,0,0,0,0,0,0,0,0,3433.4,1,0,0,0,0,0,0,0,0
410,2017-04-24,09:33:49,500,IF1705,CCFX,3433.2,3432.2,3441.8,705,727076940,26308,26774,3782.4,3094.8,3438.6,3441.2,0.0,3439,0.0,0,0,2017-04-24,34429500,3432.4,1,0,0,0,0,0,0,0,0,3433.2,1,0,0,0,0,0,0,0,0
411,2017-04-24,09:33:50,0,IF1705,CCFX,3433.2,3432.2,3441.8,706,728106900,26308,26774,3782.4,3094.8,3438.6,3441.2,0.0,3439,0.0,0,0,2017-04-24,34430000,3432.4,1,0,0,0,0,0,0,0,0,3433.4,1,0,0,0,0,0,0,0,0
412,2017-04-24,09:33:50,500,IF1705,CCFX,3433.2,3432.2,3441.8,706,728106900,26308,26774,3782.4,3094.8,3438.6,3441.2,0.0,3439,0.0,0,0,2017-04-24,34430500,3432.4,1,0,0,0,0,0,0,0,0,3433.2,3,0,0,0,0,0,0,0,0
413,2017-04-24,09:33:51,0,IF1705,CCFX,3432.4,3432.2,3441.8,708,730166340,26308,26774,3782.4,3094.8,3438.6,3441.2,0.0,3439,0.0,0,0,2017-04-24,34431000,3432.4,1,0,0,0,0,0,0,0,0,3433.0,1,0,0,0,0,0,0,0,0
414,2017-04-24,09:33:51,500,IF1705,CCFX,3432.4,3432.2,3441.8,708,730166340,26308,26774,3782.4,3094.8,3438.6,3441.2,0.0,3439,0.0,0,0,2017-04-24,34431500,3432.4,2,0,0,0,0,0,0,0,0,3432.8,1,0,0,0,0,0,0,0,0
415,2017-04-24,09:33:52,0,IF1705,CCFX,3432.4,3432.2,3441.8,710,732225780,26306,26774,3782.4,3094.8,3438.6,3441.2,0.0,3439,0.0,0,0,2017-04-24,34432000,3432.2,1,0,0,0,0,0,0,0,0,3432.8,1,0,0,0,0,0,0,0,0
416,2017-04-24,09:33:52,500,IF1705,CCFX,3432.4,3432.2,3441.8,710,732225780,26306,26774,3782.4,3094.8,3438.6,3441.2,0.0,3439,0.0,0,0,2017-04-24,34432500,3432.2,1,0,0,0,0,0,0,0,0,3432.8,1,0,0,0,0,0,0,0,0
417,2017-04-24,09:33:53,0,IF1705,CCFX,3432.4,3432.2,3441.8,710,732225780,26306,26774,3782.4,3094.8,3438.6,3441.2,0.0,3439,0.0,0,0,2017-04-24,34433000,3432.2,1,0,0,0,0,0,0,0,0,3432.8,1,0,0,0,0,0,0,0,0
418,2017-04-24,09:33:53,500,IF1705,CCFX,3433.0,3432.2,3441.8,714,736345020,26304,26774,3782.4,3094.8,3438.6,3441.2,0.0,3439,0.0,0,0,2017-04-24,34433500,3432.0,4,0,0,0,0,0,0,0,0,3433.0,1,0,0,0,0,0,0,0,0
419,2017-04-24,09:33:54,0,IF1705,CCFX,3433.0,3432.2,3441.8,714,736345020,26304,26774,3782.4,3094.8,3438.6,3441.2,0.0,3439,0.0,0,0,2017-04-24,34434000,3432.0,4,0,0,0,0,0,0,0,0,3432.2,5,0,0,0,0,0,0,0,0
420,2017-04-24,09:33:54,500,IF1705,CCFX,3432.0,3432.0,3441.8,719,741494040,26299,26774,3782.4,3094.8,3438.6,3441.2,0.0,3439,0.0,0,0,2017-04-24,34434500,3432.0,3,0,0,0,0,0,0,0,0,3432.2,4,0,0,0,0,0,0,0,0
421,2017-04-24,09:33:55,0,IF1705,CCFX,3432.2,3432.0,3441.8,721,743553300,26297,26774,3782.4,3094.8,3438.6,3441.2,0.0,3439,0.0,0,0,2017-04-24,34435000,3432.0,2,0,0,0,0,0,0,0,0,3432.2,7,0,0,0,0,0,0,0,0
422,2017-04-24,09:33:55,500,IF1705,CCFX,3432.0,3432.0,3441.8,725,747671700,26294,26774,3782.4,3094.8,3438.6,3441.2,0.0,3439,0.0,0,0,2017-04-24,34435500,3431.8,1,0,0,0,0,0,0,0,0,3432.0,3,0,0,0,0,0,0,0,0
423,2017-04-24,09:33:56,0,IF1705,CCFX,3431.8,3431.8,3441.8,727,749730780,26293,26774,3782.4,3094.8,3438.6,3441.2,0.0,3439,0.0,0,0,2017-04-24,34436000,3431.6,1,0,0,0,0,0,0,0,0,3431.8,1,0,0,0,0,0,0,0,0
424,2017-04-24,09:33:56,500,IF1705,CCFX,3431.6,3431.6,3441.8,729,751789740,26292,26774,3782.4,3094.8,3438.6,3441.2,0.0,3439,0.0,0,0,2017-04-24,34436500,3431.0,3,0,0,0,0,0,0,0,0,3431.8,8,0,0,0,0,0,0,0,0
425,2017-04-24,09:33:57,0,IF1705,CCFX,3431.8,3431.0,3441.8,732,754878120,26290,26774,3782.4,3094.8,3438.6,3441.2,0.0,3439,0.0,0,0,2017-04-24,34437000,3431.0,2,0,0,0,0,0,0,0,0,3431.8,7,0,0,0,0,0,0,0,0
426,2017-04-24,09:33:57,500,IF1705,CCFX,3431.0,3431.0,3441.8,734,756936720,26290,26774,3782.4,3094.8,3438.6,3441.2,0.0,3439,0.0,0,0,2017-04-24,34437500,3430.8,6,0,0,0,0,0,0,0,0,3431.2,1,0,0,0,0,0,0,0,0
427,2017-04-24,09:33:58,0,IF1705,CCFX,3431.0,3431.0,3441.8,736,758995320,26289,26774,3782.4,3094.8,3438.6,3441.2,0.0,3439,0.0,0,0,2017-04-24,34438000,3430.8,6,0,0,0,0,0,0,0,0,3431.0,3,0,0,0,0,0,0,0,0
428,2017-04-24,09:33:58,500,IF1705,CCFX,3430.8,3430.8,3441.8,737,760024560,26288,26774,3782.4,3094.8,3438.6,3441.2,0.0,3439,0.0,0,0,2017-04-24,34438500,3430.8,5,0,0,0,0,0,0,0,0,3431.0,5,0,0,0,0,0,0,0,0
429,2017-04-24,09:33:59,0,IF1705,CCFX,3431.0,3430.8,3441.8,740,763112340,26287,26774,3782.4,3094.8,3438.6,3441.2,0.0,3439,0.0,0,0,2017-04-24,34439000,3430.8,3,0,0,0,0,0,0,0,0,3431.0,4,0,0,0,0,0,0,0,0
430,2017-04-24,09:33:59,500,IF1705,CCFX,3430.8,3430.8,3441.8,743,766200060,26286,26774,3782.4,3094.8,3438.6,3441.2,0.0,3439,0.0,0,0,2017-04-24,34439500,3430.4,3,0,0,0,0,0,0,0,0,3431.0,5,0,0,0,0,0,0,0,0
431,2017-04-24,09:34:00,0,IF1705,CCFX,3430.8,3430.8,3441.8,745,768258540,26284,26774,3782.4,3094.8,3438.6,3441.2,0.0,3439,0.0,0,0,2017-04-24,34440000,3430.4,7,0,0,0,0,0,0,0,0,3430.6,3,0,0,0,0,0,0,0,0
432,2017-04-24,09:34:00,500,IF1705,CCFX,3430.4,3430.4,3441.8,752,775462440,26278,26774,3782.4,3094.8,3438.6,3441.2,0.0,3439,0.0,0,0,2017-04-24,34440500,3430.4,1,0,0,0,0,0,0,0,0,3430.6,14,0,0,0,0,0,0,0,0
433,2017-04-24,09:34:01,0,IF1705,CCFX,3430.6,3430.2,3441.8,756,779578860,26277,26774,3782.4,3094.8,3438.6,3441.2,0.0,3439,0.0,0,0,2017-04-24,34441000,3430.2,4,0,0,0,0,0,0,0,0,3430.6,16,0,0,0,0,0,0,0,0
434,2017-04-24,09:34:01,500,IF1705,CCFX,3430.4,3430.2,3441.8,759,782666340,26274,26774,3782.4,3094.8,3438.6,3441.2,0.0,3439,0.0,0,0,2017-04-24,34441500,3430.2,4,0,0,0,0,0,0,0,0,3430.4,6,0,0,0,0,0,0,0,0
435,2017-04-24,09:34:02,0,IF1705,CCFX,3430.2,3430.2,3441.8,763,786782580,26270,26774,3782.4,3094.8,3438.6,3441.2,0.0,3439,0.0,0,0,2017-04-24,34442000,3430.0,5,0,0,0,0,0,0,0,0,3430.4,7,0,0,0,0,0,0,0,0
436,2017-04-24,09:34:02,500,IF1705,CCFX,3430.0,3430.0,3441.8,769,792956760,26265,26774,3782.4,3094.8,3438.6,3441.2,0.0,3439,0.0,0,0,2017-04-24,34442500,3430.0,2,0,0,0,0,0,0,0,0,3430.2,3,0,0,0,0,0,0,0,0
437,2017-04-24,09:34:03,0,IF1705,CCFX,3430.0,3430.0,3441.8,772,796043760,26262,26774,3782.4,3094.8,3438.6,3441.2,0.0,3439,0.0,0,0,2017-04-24,34443000,3429.0,4,0,0,0,0,0,0,0,0,3430.2,6,0,0,0,0,0,0,0,0
438,2017-04-24,09:34:03,500,IF1705,CCFX,3430.0,3430.0,3441.8,776,800159760,26258,26774,3782.4,3094.8,3438.6,3441.2,0.0,3439,0.0,0,0,2017-04-24,34443500,3429.0,4,0,0,0,0,0,0,0,0,3429.2,1,0,0,0,0,0,0,0,0
439,2017-04-24,09:34:04,0,IF1705,CCFX,3429.2,3429.2,3441.8,782,806332320,26252,26774,3782.4,3094.8,3438.6,3441.2,0.0,3439,0.0,0,0,2017-04-24,34444000,3429.4,1,0,0,0,0,0,0,0,0,3429.8,1,0,0,0,0,0,0,0,0
440,2017-04-24,09:34:04,500,IF1705,CCFX,3429.6,3429.2,3441.8,785,809419140,26249,26774,3782.4,3094.8,3438.6,3441.2,0.0,3439,0.0,0,0,2017-04-24,34444500,3429.4,1,0,0,0,0,0,0,0,0,3429.8,1,0,0,0,0,0,0,0,0
441,2017-04-24,09:34:05,0,IF1705,CCFX,3429.8,3429.2,3441.8,786,810448080,26249,26774,3782.4,3094.8,3438.6,3441.2,0.0,3439,0.0,0,0,2017-04-24,34445000,3429.8,2,0,0,0,0,0,0,0,0,3430.0,2,0,0,0,0,0,0,0,0
442,2017-04-24,09:34:05,500,IF1705,CCFX,3429.8,3429.2,3441.8,789,813535020,26246,26774,3782.4,3094.8,3438.6,3441.2,0.0,3439,0.0,0,0,2017-04-24,34445500,3430.0,1,0,0,0,0,0,0,0,0,3430.6,12,0,0,0,0,0,0,0,0
443,2017-04-24,09:34:06,0,IF1705,CCFX,3430.6,3429.2,3441.8,794,818680920,26242,26774,3782.4,3094.8,3438.6,3441.2,0.0,3439,0.0,0,0,2017-04-24,34446000,3430.2,3,0,0,0,0,0,0,0,0,3430.6,7,0,0,0,0,0,0,0,0
444,2017-04-24,09:34:06,500,IF1705,CCFX,3430.6,3429.2,3441.8,797,821768460,26242,26774,3782.4,3094.8,3438.6,3441.2,0.0,3439,0.0,0,0,2017-04-24,34446500,3430.4,3,0,0,0,0,0,0,0,0,3430.6,4,0,0,0,0,0,0,0,0
445,2017-04-24,09:34:07,0,IF1705,CCFX,3430.6,3429.2,3441.8,801,825885180,26240,26774,3782.4,3094.8,3438.6,3441.2,0.0,3439,0.0,0,0,2017-04-24,34447000,3430.4,4,0,0,0,0,0,0,0,0,3430.8,1,0,0,0,0,0,0,0,0
446,2017-04-24,09:34:07,500,IF1705,CCFX,3430.4,3429.2,3441.8,808,833089260,26233,26774,3782.4,3094.8,3438.6,3441.2,0.0,3439,0.0,0,0,2017-04-24,34447500,3430.2,2,0,0,0,0,0,0,0,0,3430.4,1,0,0,0,0,0,0,0,0
447,2017-04-24,09:34:08,0,IF1705,CCFX,3430.4,3429.2,3441.8,809,834118380,26232,26774,3782.4,3094.8,3438.6,3441.2,0.0,3439,0.0,0,0,2017-04-24,34448000,3430.6,1,0,0,0,0,0,0,0,0,3431.0,1,0,0,0,0,0,0,0,0
448,2017-04-24,09:34:08,500,IF1705,CCFX,3430.6,3429.2,3441.8,811,836176860,26230,26774,3782.4,3094.8,3438.6,3441.2,0.0,3439,0.0,0,0,2017-04-24,34448500,3430.4,1,0,0,0,0,0,0,0,0,3430.8,1,0,0,0,0,0,0,0,0
449,2017-04-24,09:34:09,0,IF1705,CCFX,3430.8,3429.2,3441.8,818,843381420,26223,26774,3782.4,3094.8,3438.6,3441.2,0.0,3439,0.0,0,0,2017-04-24,34449000,3430.8,1,0,0,0,0,0,0,0,0,3431.0,2,0,0,0,0,0,0,0,0
450,2017-04-24,09:34:09,500,IF1705,CCFX,3430.6,3429.2,3441.8,822,847498380,26220,26774,3782.4,3094.8,3438.6,3441.2,0.0,3439,0.0,0,0,2017-04-24,34449500,3430.2,2,0,0,0,0,0,0,0,0,3431.0,1,0,0,0,0,0,0,0,0
451,2017-04-24,09:34:10,0,IF1705,CCFX,3430.8,3429.2,3441.8,823,848527620,26219,26774,3782.4,3094.8,3438.6,3441.2,0.0,3439,0.0,0,0,2017-04-24,34450000,3430.4,1,0,0,0,0,0,0,0,0,3431.0,1,0,0,0,0,0,0,0,0
452,2017-04-24,09:34:10,500,IF1705,CCFX,3430.4,3429.2,3441.8,824,849556740,26218,26774,3782.4,3094.8,3438.6,3441.2,0.0,3439,0.0,0,0,2017-04-24,34450500,3430.2,1,0,0,0,0,0,0,0,0,3430.6,1,0,0,0,0,0,0,0,0
453,2017-04-24,09:34:11,0,IF1705,CCFX,3430.4,3429.2,3441.8,824,849556740,26218,26774,3782.4,3094.8,3438.6,3441.2,0.0,3439,0.0,0,0,2017-04-24,34451000,3430.2,2,0,0,0,0,0,0,0,0,3430.4,2,0,0,0,0,0,0,0,0
454,2017-04-24,09:34:11,500,IF1705,CCFX,3430.6,3429.2,3441.8,827,852644160,26216,26774,3782.4,3094.8,3438.6,3441.2,0.0,3439,0.0,0,0,2017-04-24,34451500,3430.6,1,0,0,0,0,0,0,0,0,3430.8,1,0,0,0,0,0,0,0,0
455,2017-04-24,09:34:12,0,IF1705,CCFX,3430.6,3429.2,3441.8,828,853673340,26216,26774,3782.4,3094.8,3438.6,3441.2,0.0,3439,0.0,0,0,2017-04-24,34452000,3430.6,1,0,0,0,0,0,0,0,0,3430.8,1,0,0,0,0,0,0,0,0
456,2017-04-24,09:34:12,500,IF1705,CCFX,3430.2,3429.2,3441.8,832,857789700,26213,26774,3782.4,3094.8,3438.6,3441.2,0.0,3439,0.0,0,0,2017-04-24,34452500,3430.0,3,0,0,0,0,0,0,0,0,3430.2,2,0,0,0,0,0,0,0,0
457,2017-04-24,09:34:13,0,IF1705,CCFX,3430.2,3429.2,3441.8,835,860876820,26211,26774,3782.4,3094.8,3438.6,3441.2,0.0,3439,0.0,0,0,2017-04-24,34453000,3430.6,1,0,0,0,0,0,0,0,0,3430.8,1,0,0,0,0,0,0,0,0
458,2017-04-24,09:34:14,500,IF1705,CCFX,3430.0,3429.2,3441.8,837,862934880,26210,26774,3782.4,3094.8,3438.6,3441.2,0.0,3439,0.0,0,0,2017-04-24,34454500,3430.0,2,0,0,0,0,0,0,0,0,3430.2,1,0,0,0,0,0,0,0,0
459,2017-04-24,09:34:15,0,IF1705,CCFX,3430.6,3429.2,3441.8,839,864993120,26210,26774,3782.4,3094.8,3438.6,3441.2,0.0,3439,0.0,0,0,2017-04-24,34455000,3430.0,2,0,0,0,0,0,0,0,0,3430.6,1,0,0,0,0,0,0,0,0
460,2017-04-24,09:34:15,500,IF1705,CCFX,3430.0,3429.2,3441.8,840,866022120,26209,26774,3782.4,3094.8,3438.6,3441.2,0.0,3439,0.0,0,0,2017-04-24,34455500,3430.2,1,0,0,0,0,0,0,0,0,3430.6,1,0,0,0,0,0,0,0,0
461,2017-04-24,09:34:16,0,IF1705,CCFX,3430.0,3429.2,3441.8,842,868080120,26208,26774,3782.4,3094.8,3438.6,3441.2,0.0,3439,0.0,0,0,2017-04-24,34456000,3430.0,3,0,0,0,0,0,0,0,0,3430.6,1,0,0,0,0,0,0,0,0
462,2017-04-24,09:34:16,500,IF1705,CCFX,3430.0,3429.2,3441.8,842,868080120,26208,26774,3782.4,3094.8,3438.6,3441.2,0.0,3439,0.0,0,0,2017-04-24,34456500,3430.0,3,0,0,0,0,0,0,0,0,3430.6,1,0,0,0,0,0,0,0,0
463,2017-04-24,09:34:17,0,IF1705,CCFX,3430.0,3429.2,3441.8,842,868080120,26208,26774,3782.4,3094.8,3438.6,3441.2,0.0,3439,0.0,0,0,2017-04-24,34457000,3430.0,4,0,0,0,0,0,0,0,0,3430.6,1,0,0,0,0,0,0,0,0
464,2017-04-24,09:34:17,500,IF1705,CCFX,3430.2,3429.2,3441.8,844,870138180,26208,26774,3782.4,3094.8,3438.6,3441.2,0.0,3439,0.0,0,0,2017-04-24,34457500,3430.0,3,0,0,0,0,0,0,0,0,3430.6,1,0,0,0,0,0,0,0,0
465,2017-04-24,09:34:18,0,IF1705,CCFX,3430.6,3429.2,3441.8,846,872196360,26208,26774,3782.4,3094.8,3438.6,3441.2,0.0,3439,0.0,0,0,2017-04-24,34458000,3430.0,2,0,0,0,0,0,0,0,0,3430.8,2,0,0,0,0,0,0,0,0
466,2017-04-24,09:34:18,500,IF1705,CCFX,3430.6,3429.2,3441.8,846,872196360,26208,26774,3782.4,3094.8,3438.6,3441.2,0.0,3439,0.0,0,0,2017-04-24,34458500,3430.6,1,0,0,0,0,0,0,0,0,3430.8,2,0,0,0,0,0,0,0,0
467,2017-04-24,09:34:19,0,IF1705,CCFX,3430.0,3429.2,3441.8,851,877341540,26207,26774,3782.4,3094.8,3438.6,3441.2,0.0,3439,0.0,0,0,2017-04-24,34459000,3429.8,1,0,0,0,0,0,0,0,0,3430.4,2,0,0,0,0,0,0,0,0
468,2017-04-24,09:34:19,500,IF1705,CCFX,3429.4,3429.2,3441.8,854,880428300,26206,26774,3782.4,3094.8,3438.6,3441.2,0.0,3439,0.0,0,0,2017-04-24,34459500,3429.2,1,0,0,0,0,0,0,0,0,3430.0,4,0,0,0,0,0,0,0,0
469,2017-04-24,09:34:20,0,IF1705,CCFX,3429.6,3429.2,3441.8,855,881457180,26205,26774,3782.4,3094.8,3438.6,3441.2,0.0,3439,0.0,0,0,2017-04-24,34460000,3429.2,1,0,0,0,0,0,0,0,0,3429.6,3,0,0,0,0,0,0,0,0
470,2017-04-24,09:34:20,500,IF1705,CCFX,3429.2,3429.2,3441.8,856,882485940,26204,26774,3782.4,3094.8,3438.6,3441.2,0.0,3439,0.0,0,0,2017-04-24,34460500,3429.0,5,0,0,0,0,0,0,0,0,3429.2,1,0,0,0,0,0,0,0,0
471,2017-04-24,09:34:21,0,IF1705,CCFX,3429.0,3429.0,3441.8,858,884543340,26204,26774,3782.4,3094.8,3438.6,3441.2,0.0,3439,0.0,0,0,2017-04-24,34461000,3429.0,3,0,0,0,0,0,0,0,0,3429.2,1,0,0,0,0,0,0,0,0
472,2017-04-24,09:34:21,500,IF1705,CCFX,3429.2,3429.0,3441.8,862,888658200,26205,26774,3782.4,3094.8,3438.6,3441.2,0.0,3439,0.0,0,0,2017-04-24,34461500,3428.6,1,0,0,0,0,0,0,0,0,3428.8,1,0,0,0,0,0,0,0,0
473,2017-04-24,09:34:22,0,IF1705,CCFX,3428.8,3428.6,3441.8,864,890715420,26204,26774,3782.4,3094.8,3438.6,3441.2,0.0,3439,0.0,0,0,2017-04-24,34462000,3428.2,3,0,0,0,0,0,0,0,0,3428.4,1,0,0,0,0,0,0,0,0
474,2017-04-24,09:34:22,500,IF1705,CCFX,3428.2,3428.2,3441.8,868,894829320,26203,26774,3782.4,3094.8,3438.6,3441.2,0.0,3439,0.0,0,0,2017-04-24,34462500,3428.0,3,0,0,0,0,0,0,0,0,3428.2,1,0,0,0,0,0,0,0,0
475,2017-04-24,09:34:23,0,IF1705,CCFX,3428.0,3428.0,3441.8,872,898942980,26200,26774,3782.4,3094.8,3438.6,3441.2,0.0,3439,0.0,0,0,2017-04-24,34463000,3427.2,1,0,0,0,0,0,0,0,0,3428.2,2,0,0,0,0,0,0,0,0
476,2017-04-24,09:34:23,500,IF1705,CCFX,3428.0,3428.0,3441.8,873,899971380,26199,26774,3782.4,3094.8,3438.6,3441.2,0.0,3439,0.0,0,0,2017-04-24,34463500,3427.4,3,0,0,0,0,0,0,0,0,3427.6,2,0,0,0,0,0,0,0,0
477,2017-04-24,09:34:24,0,IF1705,CCFX,3427.6,3427.6,3441.8,874,900999660,26199,26774,3782.4,3094.8,3438.6,3441.2,0.0,3439,0.0,0,0,2017-04-24,34464000,3427.4,2,0,0,0,0,0,0,0,0,3427.6,1,0,0,0,0,0,0,0,0
478,2017-04-24,09:34:24,500,IF1705,CCFX,3427.2,3427.2,3441.8,880,907169340,26196,26774,3782.4,3094.8,3438.6,3441.2,0.0,3439,0.0,0,0,2017-04-24,34464500,3427.0,3,0,0,0,0,0,0,0,0,3428.0,4,0,0,0,0,0,0,0,0
479,2017-04-24,09:34:25,0,IF1705,CCFX,3427.2,3427.2,3441.8,880,907169340,26196,26774,3782.4,3094.8,3438.6,3441.2,0.0,3439,0.0,0,0,2017-04-24,34465000,3427.6,1,0,0,0,0,0,0,0,0,3427.8,1,0,0,0,0,0,0,0,0
480,2017-04-24,09:34:25,500,IF1705,CCFX,3428.0,3427.2,3441.8,881,908197740,26195,26774,3782.4,3094.8,3438.6,3441.2,0.0,3439,0.0,0,0,2017-04-24,34465500,3427.6,2,0,0,0,0,0,0,0,0,3428.0,3,0,0,0,0,0,0,0,0
481,2017-04-24,09:34:26,0,IF1705,CCFX,3427.4,3427.2,3441.8,885,912310800,26191,26774,3782.4,3094.8,3438.6,3441.2,0.0,3439,0.0,0,0,2017-04-24,34466000,3427.2,1,0,0,0,0,0,0,0,0,3428.0,3,0,0,0,0,0,0,0,0
482,2017-04-24,09:34:26,500,IF1705,CCFX,3427.0,3427.0,3441.8,887,914367060,26191,26774,3782.4,3094.8,3438.6,3441.2,0.0,3439,0.0,0,0,2017-04-24,34466500,3427.0,2,0,0,0,0,0,0,0,0,3427.8,1,0,0,0,0,0,0,0,0
483,2017-04-24,09:34:27,0,IF1705,CCFX,3427.0,3427.0,3441.8,889,916423260,26190,26774,3782.4,3094.8,3438.6,3441.2,0.0,3439,0.0,0,0,2017-04-24,34467000,3426.6,1,0,0,0,0,0,0,0,0,3427.0,4,0,0,0,0,0,0,0,0
484,2017-04-24,09:34:27,500,IF1705,CCFX,3426.4,3426.4,3441.8,896,923619660,26185,26774,3782.4,3094.8,3438.6,3441.2,0.0,3439,0.0,0,0,2017-04-24,34467500,3425.4,2,0,0,0,0,0,0,0,0,3427.8,6,0,0,0,0,0,0,0,0
485,2017-04-24,09:34:28,0,IF1705,CCFX,3427.4,3426.4,3441.8,898,925676100,26184,26774,3782.4,3094.8,3438.6,3441.2,0.0,3439,0.0,0,0,2017-04-24,34468000,3425.8,6,0,0,0,0,0,0,0,0,3427.4,3,0,0,0,0,0,0,0,0
486,2017-04-24,09:34:28,500,IF1705,CCFX,3427.4,3426.4,3441.8,898,925676100,26184,26774,3782.4,3094.8,3438.6,3441.2,0.0,3439,0.0,0,0,2017-04-24,34468500,3426.0,3,0,0,0,0,0,0,0,0,3426.6,4,0,0,0,0,0,0,0,0
487,2017-04-24,09:34:29,0,IF1705,CCFX,3426.6,3426.4,3441.8,899,926704080,26184,26774,3782.4,3094.8,3438.6,3441.2,0.0,3439,0.0,0,0,2017-04-24,34469000,3426.4,1,0,0,0,0,0,0,0,0,3426.6,3,0,0,0,0,0,0,0,0
488,2017-04-24,09:34:29,500,IF1705,CCFX,3426.6,3426.2,3441.8,902,929787900,26182,26774,3782.4,3094.8,3438.6,3441.2,0.0,3439,0.0,0,0,2017-04-24,34469500,3426.2,1,0,0,0,0,0,0,0,0,3426.6,2,0,0,0,0,0,0,0,0
489,2017-04-24,09:34:30,0,IF1705,CCFX,3426.6,3426.2,3441.8,903,930815880,26182,26774,3782.4,3094.8,3438.6,3441.2,0.0,3439,0.0,0,0,2017-04-24,34470000,3426.4,1,0,0,0,0,0,0,0,0,3426.6,1,0,0,0,0,0,0,0,0
490,2017-04-24,09:34:30,500,IF1705,CCFX,3426.4,3426.2,3441.8,907,934927560,26179,26774,3782.4,3094.8,3438.6,3441.2,0.0,3439,0.0,0,0,2017-04-24,34470500,3426.0,3,0,0,0,0,0,0,0,0,3426.4,2,0,0,0,0,0,0,0,0
491,2017-04-24,09:34:31,0,IF1705,CCFX,3426.4,3426.0,3441.8,911,939039120,26175,26774,3782.4,3094.8,3438.6,3441.2,0.0,3439,0.0,0,0,2017-04-24,34471000,3426.0,2,0,0,0,0,0,0,0,0,3426.6,1,0,0,0,0,0,0,0,0
492,2017-04-24,09:34:31,500,IF1705,CCFX,3426.0,3426.0,3441.8,912,940066920,26174,26774,3782.4,3094.8,3438.6,3441.2,0.0,3439,0.0,0,0,2017-04-24,34471500,3426.0,1,0,0,0,0,0,0,0,0,3426.6,1,0,0,0,0,0,0,0,0
493,2017-04-24,09:34:32,0,IF1705,CCFX,3426.4,3426.0,3441.8,914,942122820,26174,26774,3782.4,3094.8,3438.6,3441.2,0.0,3439,0.0,0,0,2017-04-24,34472000,3426.2,1,0,0,0,0,0,0,0,0,3427.4,1,0,0,0,0,0,0,0,0
494,2017-04-24,09:34:32,500,IF1705,CCFX,3426.4,3426.0,3441.8,914,942122820,26174,26774,3782.4,3094.8,3438.6,3441.2,0.0,3439,0.0,0,0,2017-04-24,34472500,3426.4,1,0,0,0,0,0,0,0,0,3427.2,7,0,0,0,0,0,0,0,0
