,dataDate,dataTime,dataMillisec,instrumentID,exchangeCD,lastPrice,lowPrice,highPrice,volume,value,openInterest,preOpenInterest,upperLimitPrice,lowerLimitPrice,preSettlementPrice,prevClosePrice,settlementPrice,openPrice,closePrice,preDelta,currDelta,clearingDay,milliSecOffset,bidPrice1,bidVolume1,bidPrice2,bidVolume2,bidPrice3,bidVolume3,bidPrice4,bidVolume4,bidPrice5,bidVolume5,askPrice1,askVolume1,askPrice2,askVolume2,askPrice3,askVolume3,askPrice4,askVolume4,askPrice5,askVolume5
0,2017-04-24,00:00:00,0,IH1705,CCFX,2331.4,0.0,0.0,0,0,16988,16988,0.0,0.0,2329,2331.4,0.0,0.0,0,0,0,2017-04-24,0,0.0,0,0,0,0,0,0,0,0,0,0.0,0,0,0,0,0,0,0,0,0
1,2017-04-24,07:03:53,500,IH1705,CCFX,2331.4,0.0,0.0,0,0,16988,16988,2561.8,2096.2,2329,2331.4,0.0,0.0,0,0,0,2017-04-24,25433500,0.0,0,0,0,0,0,0,0,0,0,0.0,0,0,0,0,0,0,0,0,0
2,2017-04-24,09:29:00,500,IH1705,CCFX,2333.4,2333.4,2333.4,27,18900540,16967,16988,2561.8,2096.2,2329,2331.4,0.0,2333.4,0,0,0,2017-04-24,34140500,2333.4,1,0,0,0,0,0,0,0,0,2334.0,1,0,0,0,0,0,0,0,0
3,2017-04-24,09:30:00,500,IH1705,CCFX,2333.0,2333.0,2333.4,31,21700500,16968,16988,2561.8,2096.2,2329,2331.4,0.0,2333.4,0,0,0,2017-04-24,34200500,2332.0,2,0,0,0,0,0,0,0,0,2333.4,1,0,0,0,0,0,0,0,0
4,2017-04-24,09:30:01,0,IH1705,CCFX,2332.0,2332.0,2333.4,35,24499260,16967,16988,2561.8,2096.2,2329,2331.4,0.0,2333.4,0,0,0,2017-04-24,34201000,2330.0,3,0,0,0,0,0,0,0,0,2332.2,1,0,0,0,0,0,0,0,0
5,2017-04-24,09:30:01,500,IH1705,CCFX,2332.2,2332.0,2333.4,36,25198920,16967,16988,2561.8,2096.2,2329,2331.4,0.0,2333.4,0,0,0,2017-04-24,34201500,2330.4,1,0,0,0,0,0,0,0,0,2333.0,1,0,0,0,0,0,0,0,0
6,2017-04-24,09:30:02,0,IH1705,CCFX,2332.8,2332.0,2333.4,37,25898760,16967,16988,2561.8,2096.2,2329,2331.4,0.0,2333.4,0,0,0,2017-04-24,34202000,2331.8,1,0,0,0,0,0,0,0,0,2332.0,1,0,0,0,0,0,0,0,0
7,2017-04-24,09:30:02,500,IH1705,CCFX,2332.2,2332.0,2333.4,38,26598420,16966,16988,2561.8,2096.2,2329,2331.4,0.0,2333.4,0,0,0,2017-04-24,34202500,2332.0,1,0,0,0,0,0,0,0,0,2333.0,1,0,0,0,0,0,0,0,0
8,2017-04-24,09:30:03,0,IH1705,CCFX,2333.0,2332.0,2333.4,39,27298320,16966,16988,2561.8,2096.2,2329,2331.4,0.0,2333.4,0,0,0,2017-04-24,34203000,2332.2,5,0,0,0,0,0,0,0,0,2333.4,2,0,0,0,0,0,0,0,0
9,2017-04-24,09:30:03,500,IH1705,CCFX,2332.4,2332.0,2333.4,41,28697760,16966,16988,2561.8,2096.2,2329,2331.4,0.0,2333.4,0,0,0,2017-04-24,34203500,2332.4,4,0,0,0,0,0,0,0,0,2333.4,2,0,0,0,0,0,0,0,0
10,2017-04-24,09:30:04,0,IH1705,CCFX,2332.4,2332.0,2333.4,46,32196360,16962,16988,2561.8,2096.2,2329,2331.4,0.0,2333.4,0,0,0,2017-04-24,34204000,2332.4,1,0,0,0,0,0,0,0,0,2333.2,2,0,0,0,0,0,0,0,0
11,2017-04-24,09:30:04,500,IH1705,CCFX,2332.4,2332.0,2333.4,46,32196360,16962,16988,2561.8,2096.2,2329,2331.4,0.0,2333.4,0,0,0,2017-04-24,34204500,2332.6,2,0,0,0,0,0,0,0,0,2333.2,2,0,0,0,0,0,0,0,0
12,2017-04-24,09:30:05,0,IH1705,CCFX,2332.4,2332.0,2333.4,46,32196360,16962,16988,2561.8,2096.2,2329,2331.4,0.0,2333.4,0,0,0,2017-04-24,34205000,2332.8,1,0,0,0,0,0,0,0,0,2333.2,2,0,0,0,0,0,0,0,0
13,2017-04-24,09:30:05,500,IH1705,CCFX,2332.8,2332.0,2333.4,48,33596040,16960,16988,2561.8,2096.2,2329,2331.4,0.0,2333.4,0,0,0,2017-04-24,34205500,2332.6,2,0,0,0,0,0,0,0,0,2333.2,3,0,0,0,0,0,0,0,0
14,2017-04-24,09:30:06,0,IH1705,CCFX,2332.6,2332.0,2333.4,49,34295820,16959,16988,2561.8,2096.2,2329,2331.4,0.0,2333.4,0,0,0,2017-04-24,34206000,2332.6,5,0,0,0,0,0,0,0,0,2333.2,3,0,0,0,0,0,0,0,0
15,2017-04-24,09:30:06,500,IH1705,CCFX,2332.6,2332.0,2333.4,49,34295820,16959,16988,2561.8,2096.2,2329,2331.4,0.0,2333.4,0,0,0,2017-04-24,34206500,2332.8,1,0,0,0,0,0,0,0,0,2333.2,3,0,0,0,0,0,0,0,0
16,2017-04-24,09:30:07,0,IH1705,CCFX,2333.4,2332.0,2333.4,54,37795740,16954,16988,2561.8,2096.2,2329,2331.4,0.0,2333.4,0,0,0,2017-04-24,34207000,2332.8,1,0,0,0,0,0,0,0,0,2333.8,3,0,0,0,0,0,0,0,0
17,2017-04-24,09:30:07,500,IH1705,CCFX,2333.4,2332.0,2333.4,54,37795740,16954,16988,2561.8,2096.2,2329,2331.4,0.0,2333.4,0,0,0,2017-04-24,34207500,2333.2,1,0,0,0,0,0,0,0,0,2333.8,3,0,0,0,0,0,0,0,0
18,2017-04-24,09:30:08,0,IH1705,CCFX,2333.4,2332.0,2333.4,54,37795740,16954,16988,2561.8,2096.2,2329,2331.4,0.0,2333.4,0,0,0,2017-04-24,34208000,2333.2,1,0,0,0,0,0,0,0,0,2333.8,3,0,0,0,0,0,0,0,0
19,2017-04-24,09:30:08,500,IH1705,CCFX,2333.2,2332.0,2333.4,55,38495700,16954,16988,2561.8,2096.2,2329,2331.4,0.0,2333.4,0,0,0,2017-04-24,34208500,2333.0,4,0,0,0,0,0,0,0,0,2333.2,1,0,0,0,0,0,0,0,0
20,2017-04-24,09:30:09,0,IH1705,CCFX,2333.2,2332.0,2333.4,56,39195660,16953,16988,2561.8,2096.2,2329,2331.4,0.0,2333.4,0,0,0,2017-04-24,34209000,2333.2,2,0,0,0,0,0,0,0,0,2333.8,3,0,0,0,0,0,0,0,0
21,2017-04-24,09:30:09,500,IH1705,CCFX,2333.2,2332.0,2333.8,61,42696060,16949,16988,2561.8,2096.2,2329,2331.4,0.0,2333.4,0,0,0,2017-04-24,34209500,2333.2,1,0,0,0,0,0,0,0,0,2334.0,2,0,0,0,0,0,0,0,0
22,2017-04-24,09:30:10,0,IH1705,CCFX,2334.0,2332.0,2334.0,63,44096220,16947,16988,2561.8,2096.2,2329,2331.4,0.0,2333.4,0,0,0,2017-04-24,34210000,2333.6,1,0,0,0,0,0,0,0,0,2334.0,1,0,0,0,0,0,0,0,0
23,2017-04-24,09:30:10,500,IH1705,CCFX,2333.6,2332.0,2334.0,64,44796300,16946,16988,2561.8,2096.2,2329,2331.4,0.0,2333.4,0,0,0,2017-04-24,34210500,2333.4,1,0,0,0,0,0,0,0,0,2333.8,1,0,0,0,0,0,0,0,0
24,2017-04-24,09:30:11,0,IH1705,CCFX,2333.4,2332.0,2334.0,65,45496320,16945,16988,2561.8,2096.2,2329,2331.4,0.0,2333.4,0,0,0,2017-04-24,34211000,2333.6,2,0,0,0,0,0,0,0,0,2333.8,2,0,0,0,0,0,0,0,0
25,2017-04-24,09:30:11,500,IH1705,CCFX,2333.8,2332.0,2334.0,67,46896540,16943,16988,2561.8,2096.2,2329,2331.4,0.0,2333.4,0,0,0,2017-04-24,34211500,2333.6,1,0,0,0,0,0,0,0,0,2333.8,1,0,0,0,0,0,0,0,0
26,2017-04-24,09:30:12,0,IH1705,CCFX,2333.8,2332.0,2334.0,68,47596680,16942,16988,2561.8,2096.2,2329,2331.4,0.0,2333.4,0,0,0,2017-04-24,34212000,2333.6,2,0,0,0,0,0,0,0,0,2334.0,1,0,0,0,0,0,0,0,0
27,2017-04-24,09:30:12,500,IH1705,CCFX,2333.8,2332.0,2334.0,68,47596680,16942,16988,2561.8,2096.2,2329,2331.4,0.0,2333.4,0,0,0,2017-04-24,34212500,2333.6,2,0,0,0,0,0,0,0,0,2334.0,1,0,0,0,0,0,0,0,0
28,2017-04-24,09:30:13,0,IH1705,CCFX,2333.8,2332.0,2334.0,69,48296820,16941,16988,2561.8,2096.2,2329,2331.4,0.0,2333.4,0,0,0,2017-04-24,34213000,2333.6,2,0,0,0,0,0,0,0,0,2334.0,1,0,0,0,0,0,0,0,0
29,2017-04-24,09:30:13,500,IH1705,CCFX,2333.8,2332.0,2334.0,69,48296820,16941,16988,2561.8,2096.2,2329,2331.4,0.0,2333.4,0,0,0,2017-04-24,34213500,2333.8,4,0,0,0,0,0,0,0,0,2334.0,1,0,0,0,0,0,0,0,0
30,2017-04-24,09:30:14,0,IH1705,CCFX,2334.0,2332.0,2334.0,71,49697160,16941,16988,2561.8,2096.2,2329,2331.4,0.0,2333.4,0,0,0,2017-04-24,34214000,2334.0,1,0,0,0,0,0,0,0,0,2334.2,2,0,0,0,0,0,0,0,0
31,2017-04-24,09:30:14,500,IH1705,CCFX,2334.0,2332.0,2334.0,71,49697160,16941,16988,2561.8,2096.2,2329,2331.4,0.0,2333.4,0,0,0,2017-04-24,34214500,2334.0,3,0,0,0,0,0,0,0,0,2334.2,2,0,0,0,0,0,0,0,0
32,2017-04-24,09:30:15,0,IH1705,CCFX,2334.0,2332.0,2334.0,71,49697160,16941,16988,2561.8,2096.2,2329,2331.4,0.0,2333.4,0,0,0,2017-04-24,34215000,2334.0,3,0,0,0,0,0,0,0,0,2334.2,2,0,0,0,0,0,0,0,0
33,2017-04-24,09:30:15,500,IH1705,CCFX,2334.2,2332.0,2334.2,73,51097620,16939,16988,2561.8,2096.2,2329,2331.4,0.0,2333.4,0,0,0,2017-04-24,34215500,2334.0,2,0,0,0,0,0,0,0,0,2334.2,1,0,0,0,0,0,0,0,0
34,2017-04-24,09:30:16,0,IH1705,CCFX,2334.0,2332.0,2334.2,75,52498020,16939,16988,2561.8,2096.2,2329,2331.4,0.0,2333.4,0,0,0,2017-04-24,34216000,2333.8,6,0,0,0,0,0,0,0,0,2334.2,1,0,0,0,0,0,0,0,0
35,2017-04-24,09:30:16,500,IH1705,CCFX,2334.0,2332.0,2334.2,75,52498020,16939,16988,2561.8,2096.2,2329,2331.4,0.0,2333.4,0,0,0,2017-04-24,34216500,2333.8,6,0,0,0,0,0,0,0,0,2334.0,1,0,0,0,0,0,0,0,0
36,2017-04-24,09:30:17,500,IH1705,CCFX,2334.2,2332.0,2334.2,78,54598740,16938,16988,2561.8,2096.2,2329,2331.4,0.0,2333.4,0,0,0,2017-04-24,34217500,2334.2,1,0,0,0,0,0,0,0,0,2335.0,1,0,0,0,0,0,0,0,0
37,2017-04-24,09:30:18,0,IH1705,CCFX,2334.2,2332.0,2334.2,79,55299000,16937,16988,2561.8,2096.2,2329,2331.4,0.0,2333.4,0,0,0,2017-04-24,34218000,2334.6,2,0,0,0,0,0,0,0,0,2334.8,2,0,0,0,0,0,0,0,0
38,2017-04-24,09:30:18,500,IH1705,CCFX,2334.6,2332.0,2334.6,81,56699760,16935,16988,2561.8,2096.2,2329,2331.4,0.0,2333.4,0,0,0,2017-04-24,34218500,2334.4,1,0,0,0,0,0,0,0,0,2334.8,2,0,0,0,0,0,0,0,0
39,2017-04-24,09:30:19,0,IH1705,CCFX,2334.4,2332.0,2334.6,82,57400080,16934,16988,2561.8,2096.2,2329,2331.4,0.0,2333.4,0,0,0,2017-04-24,34219000,2334.2,1,0,0,0,0,0,0,0,0,2334.6,2,0,0,0,0,0,0,0,0
40,2017-04-24,09:30:19,500,IH1705,CCFX,2334.2,2332.0,2334.6,83,58100340,16933,16988,2561.8,2096.2,2329,2331.4,0.0,2333.4,0,0,0,2017-04-24,34219500,2333.8,3,0,0,0,0,0,0,0,0,2334.2,1,0,0,0,0,0,0,0,0
41,2017-04-24,09:30:20,0,IH1705,CCFX,2334.2,2332.0,2334.6,84,58800600,16934,16988,2561.8,2096.2,2329,2331.4,0.0,2333.4,0,0,0,2017-04-24,34220000,2333.8,3,0,0,0,0,0,0,0,0,2334.2,1,0,0,0,0,0,0,0,0
42,2017-04-24,09:30:20,500,IH1705,CCFX,2333.8,2332.0,2334.6,90,63001800,16932,16988,2561.8,2096.2,2329,2331.4,0.0,2333.4,0,0,0,2017-04-24,34220500,2333.2,4,0,0,0,0,0,0,0,0,2334.4,1,0,0,0,0,0,0,0,0
43,2017-04-24,09:30:21,0,IH1705,CCFX,2334.2,2332.0,2334.6,91,63702060,16931,16988,2561.8,2096.2,2329,2331.4,0.0,2333.4,0,0,0,2017-04-24,34221000,2333.2,4,0,0,0,0,0,0,0,0,2334.2,2,0,0,0,0,0,0,0,0
44,2017-04-24,09:30:21,500,IH1705,CCFX,2333.2,2332.0,2334.6,93,65101980,16929,16988,2561.8,2096.2,2329,2331.4,0.0,2333.4,0,0,0,2017-04-24,34221500,2333.2,2,0,0,0,0,0,0,0,0,2334.2,2,0,0,0,0,0,0,0,0
45,2017-04-24,09:30:22,0,IH1705,CCFX,2333.2,2332.0,2334.6,93,65101980,16929,16988,2561.8,2096.2,2329,2331.4,0.0,2333.4,0,0,0,2017-04-24,34222000,2333.4,1,0,0,0,0,0,0,0,0,2334.2,3,0,0,0,0,0,0,0,0
46,2017-04-24,09:30:22,500,IH1705,CCFX,2333.2,2332.0,2334.6,93,65101980,16929,16988,2561.8,2096.2,2329,2331.4,0.0,2333.4,0,0,0,2017-04-24,34222500,2333.4,1,0,0,0,0,0,0,0,0,2334.2,3,0,0,0,0,0,0,0,0
47,2017-04-24,09:30:23,0,IH1705,CCFX,2333.4,2332.0,2334.6,95,66502020,16927,16988,2561.8,2096.2,2329,2331.4,0.0,2333.4,0,0,0,2017-04-24,34223000,2333.2,4,0,0,0,0,0,0,0,0,2334.2,2,0,0,0,0,0,0,0,0
48,2017-04-24,09:30:23,500,IH1705,CCFX,2334.2,2332.0,2334.6,96,67202280,16926,16988,2561.8,2096.2,2329,2331.4,0.0,2333.4,0,0,0,2017-04-24,34223500,2333.2,4,0,0,0,0,0,0,0,0,2334.2,2,0,0,0,0,0,0,0,0
49,2017-04-24,09:30:24,0,IH1705,CCFX,2334.2,2332.0,2334.6,96,67202280,16926,16988,2561.8,2096.2,2329,2331.4,0.0,2333.4,0,0,0,2017-04-24,34224000,2333.2,4,0,0,0,0,0,0,0,0,2334.2,2,0,0,0,0,0,0,0,0
50,2017-04-24,09:30:24,500,IH1705,CCFX,2334.2,2332.0,2334.6,96,67202280,16926,16988,2561.8,2096.2,2329,2331.4,0.0,2333.4,0,0,0,2017-04-24,34224500,2333.4,1,0,0,0,0,0,0,0,0,2334.2,2,0,0,0,0,0,0,0,0
51,2017-04-24,09:30:25,0,IH1705,CCFX,2334.2,2332.0,2334.6,96,67202280,16926,16988,2561.8,2096.2,2329,2331.4,0.0,2333.4,0,0,0,2017-04-24,34225000,2333.4,1,0,0,0,0,0,0,0,0,2334.2,2,0,0,0,0,0,0,0,0
52,2017-04-24,09:30:25,500,IH1705,CCFX,2334.2,2332.0,2334.6,96,67202280,16926,16988,2561.8,2096.2,2329,2331.4,0.0,2333.4,0,0,0,2017-04-24,34225500,2333.4,1,0,0,0,0,0,0,0,0,2334.2,2,0,0,0,0,0,0,0,0
53,2017-04-24,09:30:26,500,IH1705,CCFX,2333.4,2332.0,2334.6,97,67902300,16925,16988,2561.8,2096.2,2329,2331.4,0.0,2333.4,0,0,0,2017-04-24,34226500,2333.2,4,0,0,0,0,0,0,0,0,2334.2,2,0,0,0,0,0,0,0,0
54,2017-04-24,09:30:27,0,IH1705,CCFX,2334.2,2332.0,2334.6,99,69302820,16925,16988,2561.8,2096.2,2329,2331.4,0.0,2333.4,0,0,0,2017-04-24,34227000,2333.2,4,0,0,0,0,0,0,0,0,2334.8,1,0,0,0,0,0,0,0,0
55,2017-04-24,09:30:27,500,IH1705,CCFX,2334.2,2332.0,2334.6,99,69302820,16925,16988,2561.8,2096.2,2329,2331.4,0.0,2333.4,0,0,0,2017-04-24,34227500,2333.4,1,0,0,0,0,0,0,0,0,2334.0,1,0,0,0,0,0,0,0,0
56,2017-04-24,09:30:28,0,IH1705,CCFX,2334.2,2332.0,2334.6,100,70003080,16924,16988,2561.8,2096.2,2329,2331.4,0.0,2333.4,0,0,0,2017-04-24,34228000,2333.2,4,0,0,0,0,0,0,0,0,2334.6,4,0,0,0,0,0,0,0,0
57,2017-04-24,09:30:28,500,IH1705,CCFX,2334.2,2332.0,2334.6,100,70003080,16924,16988,2561.8,2096.2,2329,2331.4,0.0,2333.4,0,0,0,2017-04-24,34228500,2333.2,4,0,0,0,0,0,0,0,0,2333.8,1,0,0,0,0,0,0,0,0
58,2017-04-24,09:30:29,0,IH1705,CCFX,2334.2,2332.0,2334.6,100,70003080,16924,16988,2561.8,2096.2,2329,2331.4,0.0,2333.4,0,0,0,2017-04-24,34229000,2333.2,4,0,0,0,0,0,0,0,0,2333.8,1,0,0,0,0,0,0,0,0
59,2017-04-24,09:30:29,500,IH1705,CCFX,2334.2,2332.0,2334.6,100,70003080,16924,16988,2561.8,2096.2,2329,2331.4,0.0,2333.4,0,0,0,2017-04-24,34229500,2333.4,3,0,0,0,0,0,0,0,0,2333.8,1,0,0,0,0,0,0,0,0
60,2017-04-24,09:30:30,0,IH1705,CCFX,2333.4,2332.0,2334.6,102,71403120,16924,16988,2561.8,2096.2,2329,2331.4,0.0,2333.4,0,0,0,2017-04-24,34230000,2333.4,1,0,0,0,0,0,0,0,0,2333.8,1,0,0,0,0,0,0,0,0
61,2017-04-24,09:30:31,500,IH1705,CCFX,2333.4,2332.0,2334.6,102,71403120,16924,16988,2561.8,2096.2,2329,2331.4,0.0,2333.4,0,0,0,2017-04-24,34231500,2333.4,1,0,0,0,0,0,0,0,0,2333.8,1,0,0,0,0,0,0,0,0
62,2017-04-24,09:30:32,500,IH1705,CCFX,2333.4,2332.0,2334.6,103,72103140,16924,16988,2561.8,2096.2,2329,2331.4,0.0,2333.4,0,0,0,2017-04-24,34232500,2333.2,2,0,0,0,0,0,0,0,0,2333.4,1,0,0,0,0,0,0,0,0
63,2017-04-24,09:30:33,0,IH1705,CCFX,2333.4,2332.0,2334.6,106,74203080,16922,16988,2561.8,2096.2,2329,2331.4,0.0,2333.4,0,0,0,2017-04-24,34233000,2330.6,1,0,0,0,0,0,0,0,0,2333.8,1,0,0,0,0,0,0,0,0
64,2017-04-24,09:30:33,500,IH1705,CCFX,2333.4,2332.0,2334.6,106,74203080,16922,16988,2561.8,2096.2,2329,2331.4,0.0,2333.4,0,0,0,2017-04-24,34233500,2331.6,1,0,0,0,0,0,0,0,0,2333.4,2,0,0,0,0,0,0,0,0
65,2017-04-24,09:30:34,0,IH1705,CCFX,2333.4,2332.0,2334.6,106,74203080,16922,16988,2561.8,2096.2,2329,2331.4,0.0,2333.4,0,0,0,2017-04-24,34234000,2331.8,3,0,0,0,0,0,0,0,0,2333.4,2,0,0,0,0,0,0,0,0
66,2017-04-24,09:30:34,500,IH1705,CCFX,2333.4,2332.0,2334.6,108,75603120,16920,16988,2561.8,2096.2,2329,2331.4,0.0,2333.4,0,0,0,2017-04-24,34234500,2332.0,6,0,0,0,0,0,0,0,0,2333.6,2,0,0,0,0,0,0,0,0
67,2017-04-24,09:30:35,0,IH1705,CCFX,2333.4,2332.0,2334.6,108,75603120,16920,16988,2561.8,2096.2,2329,2331.4,0.0,2333.4,0,0,0,2017-04-24,34235000,2332.2,2,0,0,0,0,0,0,0,0,2333.6,1,0,0,0,0,0,0,0,0
68,2017-04-24,09:30:35,500,IH1705,CCFX,2333.4,2332.0,2334.6,108,75603120,16920,16988,2561.8,2096.2,2329,2331.4,0.0,2333.4,0,0,0,2017-04-24,34235500,2332.4,3,0,0,0,0,0,0,0,0,2333.6,1,0,0,0,0,0,0,0,0
69,2017-04-24,09:30:36,0,IH1705,CCFX,2333.4,2332.0,2334.6,108,75603120,16920,16988,2561.8,2096.2,2329,2331.4,0.0,2333.4,0,0,0,2017-04-24,34236000,2332.6,1,0,0,0,0,0,0,0,0,2333.6,1,0,0,0,0,0,0,0,0
70,2017-04-24,09:30:36,500,IH1705,CCFX,2333.4,2332.0,2334.6,109,76303140,16919,16988,2561.8,2096.2,2329,2331.4,0.0,2333.4,0,0,0,2017-04-24,34236500,2333.4,1,0,0,0,0,0,0,0,0,2333.8,1,0,0,0,0,0,0,0,0
71,2017-04-24,09:30:37,0,IH1705,CCFX,2333.6,2332.0,2334.6,110,77003220,16919,16988,2561.8,2096.2,2329,2331.4,0.0,2333.4,0,0,0,2017-04-24,34237000,2333.4,1,0,0,0,0,0,0,0,0,2333.6,1,0,0,0,0,0,0,0,0
72,2017-04-24,09:30:37,500,IH1705,CCFX,2333.4,2332.0,2334.6,111,77703240,16918,16988,2561.8,2096.2,2329,2331.4,0.0,2333.4,0,0,0,2017-04-24,34237500,2332.8,1,0,0,0,0,0,0,0,0,2333.4,8,0,0,0,0,0,0,0,0
73,2017-04-24,09:30:38,0,IH1705,CCFX,2333.4,2332.0,2334.6,111,77703240,16918,16988,2561.8,2096.2,2329,2331.4,0.0,2333.4,0,0,0,2017-04-24,34238000,2333.0,1,0,0,0,0,0,0,0,0,2333.4,8,0,0,0,0,0,0,0,0
74,2017-04-24,09:30:39,0,IH1705,CCFX,2333.0,2332.0,2334.6,112,78403140,16917,16988,2561.8,2096.2,2329,2331.4,0.0,2333.4,0,0,0,2017-04-24,34239000,2332.8,1,0,0,0,0,0,0,0,0,2333.4,8,0,0,0,0,0,0,0,0
75,2017-04-24,09:30:39,500,IH1705,CCFX,2332.8,2332.0,2334.6,113,79102980,16916,16988,2561.8,2096.2,2329,2331.4,0.0,2333.4,0,0,0,2017-04-24,34239500,2332.4,3,0,0,0,0,0,0,0,0,2333.4,8,0,0,0,0,0,0,0,0
76,2017-04-24,09:30:40,500,IH1705,CCFX,2333.4,2332.0,2334.6,119,83303100,16910,16988,2561.8,2096.2,2329,2331.4,0.0,2333.4,0,0,0,2017-04-24,34240500,2332.6,1,0,0,0,0,0,0,0,0,2333.2,1,0,0,0,0,0,0,0,0
77,2017-04-24,09:30:41,0,IH1705,CCFX,2333.4,2332.0,2334.6,120,84003120,16910,16988,2561.8,2096.2,2329,2331.4,0.0,2333.4,0,0,0,2017-04-24,34241000,2332.6,1,0,0,0,0,0,0,0,0,2333.0,1,0,0,0,0,0,0,0,0
78,2017-04-24,09:30:41,500,IH1705,CCFX,2332.6,2332.0,2334.6,121,84702900,16909,16988,2561.8,2096.2,2329,2331.4,0.0,2333.4,0,0,0,2017-04-24,34241500,2332.4,3,0,0,0,0,0,0,0,0,2333.0,1,0,0,0,0,0,0,0,0
79,2017-04-24,09:30:42,0,IH1705,CCFX,2332.6,2332.0,2334.6,121,84702900,16909,16988,2561.8,2096.2,2329,2331.4,0.0,2333.4,0,0,0,2017-04-24,34242000,2332.2,1,0,0,0,0,0,0,0,0,2333.0,1,0,0,0,0,0,0,0,0
80,2017-04-24,09:30:43,0,IH1705,CCFX,2332.6,2332.0,2334.6,121,84702900,16909,16988,2561.8,2096.2,2329,2331.4,0.0,2333.4,0,0,0,2017-04-24,34243000,2332.2,2,0,0,0,0,0,0,0,0,2332.8,2,0,0,0,0,0,0,0,0
81,2017-04-24,09:30:43,500,IH1705,CCFX,2332.6,2332.0,2334.6,121,84702900,16909,16988,2561.8,2096.2,2329,2331.4,0.0,2333.4,0,0,0,2017-04-24,34243500,2332.2,1,0,0,0,0,0,0,0,0,2332.8,3,0,0,0,0,0,0,0,0
82,2017-04-24,09:30:44,0,IH1705,CCFX,2333.0,2332.0,2334.6,125,87502320,16905,16988,2561.8,2096.2,2329,2331.4,0.0,2333.4,0,0,0,2017-04-24,34244000,2332.8,3,0,0,0,0,0,0,0,0,2333.2,1,0,0,0,0,0,0,0,0
83,2017-04-24,09:30:44,500,IH1705,CCFX,2332.8,2332.0,2334.6,127,88902000,16903,16988,2561.8,2096.2,2329,2331.4,0.0,2333.4,0,0,0,2017-04-24,34244500,2332.8,1,0,0,0,0,0,0,0,0,2333.0,2,0,0,0,0,0,0,0,0
84,2017-04-24,09:30:45,500,IH1705,CCFX,2332.8,2332.0,2334.6,127,88902000,16903,16988,2561.8,2096.2,2329,2331.4,0.0,2333.4,0,0,0,2017-04-24,34245500,2332.8,1,0,0,0,0,0,0,0,0,2333.0,2,0,0,0,0,0,0,0,0
85,2017-04-24,09:30:46,0,IH1705,CCFX,2333.0,2332.0,2334.6,129,90301740,16901,16988,2561.8,2096.2,2329,2331.4,0.0,2333.4,0,0,0,2017-04-24,34246000,2332.2,1,0,0,0,0,0,0,0,0,2333.0,1,0,0,0,0,0,0,0,0
86,2017-04-24,09:30:47,0,IH1705,CCFX,2333.0,2332.0,2334.6,129,90301740,16901,16988,2561.8,2096.2,2329,2331.4,0.0,2333.4,0,0,0,2017-04-24,34247000,2332.2,2,0,0,0,0,0,0,0,0,2333.0,1,0,0,0,0,0,0,0,0
87,2017-04-24,09:30:47,500,IH1705,CCFX,2333.2,2332.0,2334.6,131,91701600,16899,16988,2561.8,2096.2,2329,2331.4,0.0,2333.4,0,0,0,2017-04-24,34247500,2333.2,6,0,0,0,0,0,0,0,0,2333.4,1,0,0,0,0,0,0,0,0
88,2017-04-24,09:30:48,0,IH1705,CCFX,2333.2,2332.0,2334.6,133,93101520,16897,16988,2561.8,2096.2,2329,2331.4,0.0,2333.4,0,0,0,2017-04-24,34248000,2333.2,4,0,0,0,0,0,0,0,0,2333.4,1,0,0,0,0,0,0,0,0
89,2017-04-24,09:30:48,500,IH1705,CCFX,2333.2,2332.0,2334.6,136,95201400,16894,16988,2561.8,2096.2,2329,2331.4,0.0,2333.4,0,0,0,2017-04-24,34248500,2333.2,1,0,0,0,0,0,0,0,0,2333.4,1,0,0,0,0,0,0,0,0
90,2017-04-24,09:30:49,0,IH1705,CCFX,2333.2,2332.0,2334.6,137,95901360,16893,16988,2561.8,2096.2,2329,2331.4,0.0,2333.4,0,0,0,2017-04-24,34249000,2332.2,1,0,0,0,0,0,0,0,0,2333.2,2,0,0,0,0,0,0,0,0
91,2017-04-24,09:30:49,500,IH1705,CCFX,2333.2,2332.0,2334.6,138,96601320,16892,16988,2561.8,2096.2,2329,2331.4,0.0,2333.4,0,0,0,2017-04-24,34249500,2332.2,1,0,0,0,0,0,0,0,0,2333.4,1,0,0,0,0,0,0,0,0
92,2017-04-24,09:30:50,0,IH1705,CCFX,2333.2,2332.0,2334.6,138,96601320,16892,16988,2561.8,2096.2,2329,2331.4,0.0,2333.4,0,0,0,2017-04-24,34250000,2332.4,2,0,0,0,0,0,0,0,0,2333.4,1,0,0,0,0,0,0,0,0
93,2017-04-24,09:30:50,500,IH1705,CCFX,2333.2,2332.0,2334.6,138,96601320,16892,16988,2561.8,2096.2,2329,2331.4,0.0,2333.4,0,0,0,2017-04-24,34250500,2332.4,2,0,0,0,0,0,0,0,0,2333.2,1,0,0,0,0,0,0,0,0
94,2017-04-24,09:30:51,0,IH1705,CCFX,2333.2,2332.0,2334.6,138,96601320,16892,16988,2561.8,2096.2,2329,2331.4,0.0,2333.4,0,0,0,2017-04-24,34251000,2332.4,2,0,0,0,0,0,0,0,0,2333.2,1,0,0,0,0,0,0,0,0
95,2017-04-24,09:30:51,500,IH1705,CCFX,2333.2,2332.0,2334.6,138,96601320,16892,16988,2561.8,2096.2,2329,2331.4,0.0,2333.4,0,0,0,2017-04-24,34251500,2332.4,2,0,0,0,0,0,0,0,0,2333.2,2,0,0,0,0,0,0,0,0
96,2017-04-24,09:30:52,0,IH1705,CCFX,2333.2,2332.0,2334.6,138,96601320,16892,16988,2561.8,2096.2,2329,2331.4,0.0,2333.4,0,0,0,2017-04-24,34252000,2332.6,1,0,0,0,0,0,0,0,0,2333.2,2,0,0,0,0,0,0,0,0
97,2017-04-24,09:30:52,500,IH1705,CCFX,2333.2,2332.0,2334.6,138,96601320,16892,16988,2561.8,2096.2,2329,2331.4,0.0,2333.4,0,0,0,2017-04-24,34252500,2332.6,1,0,0,0,0,0,0,0,0,2332.8,1,0,0,0,0,0,0,0,0
98,2017-04-24,09:30:53,0,IH1705,CCFX,2333.2,2332.0,2334.6,138,96601320,16892,16988,2561.8,2096.2,2329,2331.4,0.0,2333.4,0,0,0,2017-04-24,34253000,2332.6,1,0,0,0,0,0,0,0,0,2332.8,1,0,0,0,0,0,0,0,0
99,2017-04-24,09:30:53,500,IH1705,CCFX,2332.6,2332.0,2334.6,139,97301100,16892,16988,2561.8,2096.2,2329,2331.4,0.0,2333.4,0,0,0,2017-04-24,34253500,2332.4,1,0,0,0,0,0,0,0,0,2332.8,1,0,0,0,0,0,0,0,0
100,2017-04-24,09:30:54,0,IH1705,CCFX,2332.6,2332.0,2334.6,139,97301100,16892,16988,2561.8,2096.2,2329,2331.4,0.0,2333.4,0,0,0,2017-04-24,34254000,2332.4,1,0,0,0,0,0,0,0,0,2332.8,1,0,0,0,0,0,0,0,0
101,2017-04-24,09:30:54,500,IH1705,CCFX,2332.6,2332.0,2334.6,139,97301100,16892,16988,2561.8,2096.2,2329,2331.4,0.0,2333.4,0,0,0,2017-04-24,34254500,2332.2,1,0,0,0,0,0,0,0,0,2332.8,1,0,0,0,0,0,0,0,0
102,2017-04-24,09:30:55,0,IH1705,CCFX,2332.6,2332.0,2334.6,139,97301100,16892,16988,2561.8,2096.2,2329,2331.4,0.0,2333.4,0,0,0,2017-04-24,34255000,2332.2,1,0,0,0,0,0,0,0,0,2332.8,1,0,0,0,0,0,0,0,0
103,2017-04-24,09:30:55,500,IH1705,CCFX,2333.2,2332.0,2334.6,141,98700900,16892,16988,2561.8,2096.2,2329,2331.4,0.0,2333.4,0,0,0,2017-04-24,34255500,2332.2,1,0,0,0,0,0,0,0,0,2333.4,2,0,0,0,0,0,0,0,0
104,2017-04-24,09:30:56,0,IH1705,CCFX,2333.2,2332.0,2334.6,141,98700900,16892,16988,2561.8,2096.2,2329,2331.4,0.0,2333.4,0,0,0,2017-04-24,34256000,2332.2,1,0,0,0,0,0,0,0,0,2332.6,2,0,0,0,0,0,0,0,0
105,2017-04-24,09:30:56,500,IH1705,CCFX,2333.0,2332.0,2334.6,142,99400800,16892,16988,2561.8,2096.2,2329,2331.4,0.0,2333.4,0,0,0,2017-04-24,34256500,2332.2,1,0,0,0,0,0,0,0,0,2332.6,1,0,0,0,0,0,0,0,0
106,2017-04-24,09:30:57,0,IH1705,CCFX,2333.0,2332.0,2334.6,142,99400800,16892,16988,2561.8,2096.2,2329,2331.4,0.0,2333.4,0,0,0,2017-04-24,34257000,2332.2,1,0,0,0,0,0,0,0,0,2332.6,1,0,0,0,0,0,0,0,0
107,2017-04-24,09:30:57,500,IH1705,CCFX,2333.0,2332.0,2334.6,142,99400800,16892,16988,2561.8,2096.2,2329,2331.4,0.0,2333.4,0,0,0,2017-04-24,34257500,2332.2,1,0,0,0,0,0,0,0,0,2332.4,2,0,0,0,0,0,0,0,0
108,2017-04-24,09:30:58,0,IH1705,CCFX,2333.0,2332.0,2334.6,142,99400800,16892,16988,2561.8,2096.2,2329,2331.4,0.0,2333.4,0,0,0,2017-04-24,34258000,2332.2,1,0,0,0,0,0,0,0,0,2332.4,2,0,0,0,0,0,0,0,0
109,2017-04-24,09:30:58,500,IH1705,CCFX,2333.0,2332.0,2334.6,142,99400800,16892,16988,2561.8,2096.2,2329,2331.4,0.0,2333.4,0,0,0,2017-04-24,34258500,2332.2,1,0,0,0,0,0,0,0,0,2332.4,2,0,0,0,0,0,0,0,0
110,2017-04-24,09:30:59,500,IH1705,CCFX,2333.0,2332.0,2334.6,142,99400800,16892,16988,2561.8,2096.2,2329,2331.4,0.0,2333.4,0,0,0,2017-04-24,34259500,2332.2,1,0,0,0,0,0,0,0,0,2332.4,2,0,0,0,0,0,0,0,0
111,2017-04-24,09:31:00,0,IH1705,CCFX,2333.0,2332.0,2334.6,142,99400800,16892,16988,2561.8,2096.2,2329,2331.4,0.0,2333.4,0,0,0,2017-04-24,34260000,2332.2,1,0,0,0,0,0,0,0,0,2332.4,2,0,0,0,0,0,0,0,0
112,2017-04-24,09:31:00,500,IH1705,CCFX,2332.4,2332.0,2334.6,143,100100520,16891,16988,2561.8,2096.2,2329,2331.4,0.0,2333.4,0,0,0,2017-04-24,34260500,2332.2,1,0,0,0,0,0,0,0,0,2332.4,1,0,0,0,0,0,0,0,0
113,2017-04-24,09:31:01,0,IH1705,CCFX,2332.4,2332.0,2334.6,143,100100520,16891,16988,2561.8,2096.2,2329,2331.4,0.0,2333.4,0,0,0,2017-04-24,34261000,2332.2,1,0,0,0,0,0,0,0,0,2332.4,1,0,0,0,0,0,0,0,0
114,2017-04-24,09:31:01,500,IH1705,CCFX,2332.2,2332.0,2334.6,144,100800180,16890,16988,2561.8,2096.2,2329,2331.4,0.0,2333.4,0,0,0,2017-04-24,34261500,2331.8,1,0,0,0,0,0,0,0,0,2332.2,1,0,0,0,0,0,0,0,0
115,2017-04-24,09:31:02,0,IH1705,CCFX,2332.2,2332.0,2334.6,144,100800180,16890,16988,2561.8,2096.2,2329,2331.4,0.0,2333.4,0,0,0,2017-04-24,34262000,2331.8,1,0,0,0,0,0,0,0,0,2332.2,1,0,0,0,0,0,0,0,0
116,2017-04-24,09:31:02,500,IH1705,CCFX,2332.2,2332.0,2334.6,144,100800180,16890,16988,2561.8,2096.2,2329,2331.4,0.0,2333.4,0,0,0,2017-04-24,34262500,2331.8,1,0,0,0,0,0,0,0,0,2332.2,1,0,0,0,0,0,0,0,0
117,2017-04-24,09:31:03,500,IH1705,CCFX,2332.2,2332.0,2334.6,144,100800180,16890,16988,2561.8,2096.2,2329,2331.4,0.0,2333.4,0,0,0,2017-04-24,34263500,2332.0,1,0,0,0,0,0,0,0,0,2332.2,1,0,0,0,0,0,0,0,0
118,2017-04-24,09:31:04,500,IH1705,CCFX,2332.2,2332.0,2334.6,144,100800180,16890,16988,2561.8,2096.2,2329,2331.4,0.0,2333.4,0,0,0,2017-04-24,34264500,2332.0,1,0,0,0,0,0,0,0,0,2332.2,1,0,0,0,0,0,0,0,0
119,2017-04-24,09:31:05,0,IH1705,CCFX,2332.2,2332.0,2334.6,144,100800180,16890,16988,2561.8,2096.2,2329,2331.4,0.0,2333.4,0,0,0,2017-04-24,34265000,2332.0,1,0,0,0,0,0,0,0,0,2332.2,1,0,0,0,0,0,0,0,0
120,2017-04-24,09:31:05,500,IH1705,CCFX,2332.2,2331.8,2334.6,147,102898980,16887,16988,2561.8,2096.2,2329,2331.4,0.0,2333.4,0,0,0,2017-04-24,34265500,2332.2,3,0,0,0,0,0,0,0,0,2332.6,1,0,0,0,0,0,0,0,0
121,2017-04-24,09:31:06,0,IH1705,CCFX,2332.2,2331.8,2334.6,149,104298300,16885,16988,2561.8,2096.2,2329,2331.4,0.0,2333.4,0,0,0,2017-04-24,34266000,2332.2,5,0,0,0,0,0,0,0,0,2332.4,2,0,0,0,0,0,0,0,0
122,2017-04-24,09:31:06,500,IH1705,CCFX,2332.2,2331.8,2334.6,149,104298300,16885,16988,2561.8,2096.2,2329,2331.4,0.0,2333.4,0,0,0,2017-04-24,34266500,2332.2,5,0,0,0,0,0,0,0,0,2332.4,1,0,0,0,0,0,0,0,0
123,2017-04-24,09:31:07,0,IH1705,CCFX,2332.4,2331.8,2334.6,150,104998020,16884,16988,2561.8,2096.2,2329,2331.4,0.0,2333.4,0,0,0,2017-04-24,34267000,2332.2,5,0,0,0,0,0,0,0,0,2332.6,1,0,0,0,0,0,0,0,0
124,2017-04-24,09:31:07,500,IH1705,CCFX,2332.2,2331.8,2334.6,152,106397340,16882,16988,2561.8,2096.2,2329,2331.4,0.0,2333.4,0,0,0,2017-04-24,34267500,2332.2,3,0,0,0,0,0,0,0,0,2332.6,1,0,0,0,0,0,0,0,0
125,2017-04-24,09:31:09,0,IH1705,CCFX,2332.6,2331.8,2334.6,153,107097120,16882,16988,2561.8,2096.2,2329,2331.4,0.0,2333.4,0,0,0,2017-04-24,34269000,2332.2,3,0,0,0,0,0,0,0,0,2332.8,2,0,0,0,0,0,0,0,0
126,2017-04-24,09:31:09,500,IH1705,CCFX,2332.6,2331.8,2334.6,153,107097120,16882,16988,2561.8,2096.2,2329,2331.4,0.0,2333.4,0,0,0,2017-04-24,34269500,2332.2,3,0,0,0,0,0,0,0,0,2332.6,1,0,0,0,0,0,0,0,0
127,2017-04-24,09:31:10,0,IH1705,CCFX,2332.2,2331.8,2334.6,155,108496440,16880,16988,2561.8,2096.2,2329,2331.4,0.0,2333.4,0,0,0,2017-04-24,34270000,2332.2,1,0,0,0,0,0,0,0,0,2332.6,1,0,0,0,0,0,0,0,0
128,2017-04-24,09:31:10,500,IH1705,CCFX,2332.2,2331.8,2334.6,155,108496440,16880,16988,2561.8,2096.2,2329,2331.4,0.0,2333.4,0,0,0,2017-04-24,34270500,2332.2,1,0,0,0,0,0,0,0,0,2332.6,1,0,0,0,0,0,0,0,0
129,2017-04-24,09:31:11,500,IH1705,CCFX,2332.2,2331.8,2334.6,155,108496440,16880,16988,2561.8,2096.2,2329,2331.4,0.0,2333.4,0,0,0,2017-04-24,34271500,2332.2,1,0,0,0,0,0,0,0,0,2332.6,1,0,0,0,0,0,0,0,0
130,2017-04-24,09:31:12,0,IH1705,CCFX,2332.2,2331.8,2334.6,155,108496440,16880,16988,2561.8,2096.2,2329,2331.4,0.0,2333.4,0,0,0,2017-04-24,34272000,2330.4,2,0,0,0,0,0,0,0,0,2332.6,1,0,0,0,0,0,0,0,0
131,2017-04-24,09:31:12,500,IH1705,CCFX,2332.2,2331.8,2334.6,155,108496440,16880,16988,2561.8,2096.2,2329,2331.4,0.0,2333.4,0,0,0,2017-04-24,34272500,2330.8,3,0,0,0,0,0,0,0,0,2332.2,2,0,0,0,0,0,0,0,0
132,2017-04-24,09:31:13,0,IH1705,CCFX,2332.2,2331.8,2334.6,156,109196100,16879,16988,2561.8,2096.2,2329,2331.4,0.0,2333.4,0,0,0,2017-04-24,34273000,2330.8,3,0,0,0,0,0,0,0,0,2332.2,3,0,0,0,0,0,0,0,0
133,2017-04-24,09:31:13,500,IH1705,CCFX,2332.2,2331.8,2334.6,156,109196100,16879,16988,2561.8,2096.2,2329,2331.4,0.0,2333.4,0,0,0,2017-04-24,34273500,2331.0,5,0,0,0,0,0,0,0,0,2332.2,3,0,0,0,0,0,0,0,0
134,2017-04-24,09:31:14,0,IH1705,CCFX,2332.2,2331.8,2334.6,156,109196100,16879,16988,2561.8,2096.2,2329,2331.4,0.0,2333.4,0,0,0,2017-04-24,34274000,2331.2,1,0,0,0,0,0,0,0,0,2332.2,2,0,0,0,0,0,0,0,0
135,2017-04-24,09:31:14,500,IH1705,CCFX,2332.2,2331.8,2334.6,156,109196100,16879,16988,2561.8,2096.2,2329,2331.4,0.0,2333.4,0,0,0,2017-04-24,34274500,2331.2,1,0,0,0,0,0,0,0,0,2332.2,2,0,0,0,0,0,0,0,0
136,2017-04-24,09:31:15,0,IH1705,CCFX,2332.2,2331.8,2334.6,157,109895760,16878,16988,2561.8,2096.2,2329,2331.4,0.0,2333.4,0,0,0,2017-04-24,34275000,2331.2,1,0,0,0,0,0,0,0,0,2332.2,1,0,0,0,0,0,0,0,0
137,2017-04-24,09:31:15,500,IH1705,CCFX,2332.2,2331.8,2334.6,158,110595420,16877,16988,2561.8,2096.2,2329,2331.4,0.0,2333.4,0,0,0,2017-04-24,34275500,2331.4,2,0,0,0,0,0,0,0,0,2332.6,1,0,0,0,0,0,0,0,0
138,2017-04-24,09:31:16,0,IH1705,CCFX,2331.4,2331.4,2334.6,161,112693740,16874,16988,2561.8,2096.2,2329,2331.4,0.0,2333.4,0,0,0,2017-04-24,34276000,2331.2,1,0,0,0,0,0,0,0,0,2332.4,2,0,0,0,0,0,0,0,0
139,2017-04-24,09:31:16,500,IH1705,CCFX,2331.4,2331.4,2334.6,162,113393160,16873,16988,2561.8,2096.2,2329,2331.4,0.0,2333.4,0,0,0,2017-04-24,34276500,2331.0,4,0,0,0,0,0,0,0,0,2332.4,2,0,0,0,0,0,0,0,0
140,2017-04-24,09:31:17,0,IH1705,CCFX,2331.4,2331.4,2334.6,162,113393160,16873,16988,2561.8,2096.2,2329,2331.4,0.0,2333.4,0,0,0,2017-04-24,34277000,2331.2,2,0,0,0,0,0,0,0,0,2332.4,2,0,0,0,0,0,0,0,0
141,2017-04-24,09:31:17,500,IH1705,CCFX,2331.4,2331.4,2334.6,162,113393160,16873,16988,2561.8,2096.2,2329,2331.4,0.0,2333.4,0,0,0,2017-04-24,34277500,2331.4,1,0,0,0,0,0,0,0,0,2332.4,2,0,0,0,0,0,0,0,0
142,2017-04-24,09:31:18,0,IH1705,CCFX,2331.4,2331.4,2334.6,162,113393160,16873,16988,2561.8,2096.2,2329,2331.4,0.0,2333.4,0,0,0,2017-04-24,34278000,2331.4,1,0,0,0,0,0,0,0,0,2332.2,1,0,0,0,0,0,0,0,0
143,2017-04-24,09:31:18,500,IH1705,CCFX,2331.4,2331.4,2334.6,163,114092580,16872,16988,2561.8,2096.2,2329,2331.4,0.0,2333.4,0,0,0,2017-04-24,34278500,2331.2,1,0,0,0,0,0,0,0,0,2332.2,1,0,0,0,0,0,0,0,0
144,2017-04-24,09:31:19,0,IH1705,CCFX,2331.4,2331.4,2334.6,163,114092580,16872,16988,2561.8,2096.2,2329,2331.4,0.0,2333.4,0,0,0,2017-04-24,34279000,2331.2,1,0,0,0,0,0,0,0,0,2332.2,1,0,0,0,0,0,0,0,0
145,2017-04-24,09:31:19,500,IH1705,CCFX,2331.4,2331.4,2334.6,163,114092580,16872,16988,2561.8,2096.2,2329,2331.4,0.0,2333.4,0,0,0,2017-04-24,34279500,2331.6,1,0,0,0,0,0,0,0,0,2332.2,1,0,0,0,0,0,0,0,0
146,2017-04-24,09:31:20,0,IH1705,CCFX,2331.4,2331.4,2334.6,163,114092580,16872,16988,2561.8,2096.2,2329,2331.4,0.0,2333.4,0,0,0,2017-04-24,34280000,2331.6,1,0,0,0,0,0,0,0,0,2332.2,1,0,0,0,0,0,0,0,0
147,2017-04-24,09:31:20,500,IH1705,CCFX,2331.4,2331.4,2334.6,163,114092580,16872,16988,2561.8,2096.2,2329,2331.4,0.0,2333.4,0,0,0,2017-04-24,34280500,2331.6,1,0,0,0,0,0,0,0,0,2332.2,1,0,0,0,0,0,0,0,0
148,2017-04-24,09:31:22,0,IH1705,CCFX,2332.2,2331.4,2334.6,164,114792240,16871,16988,2561.8,2096.2,2329,2331.4,0.0,2333.4,0,0,0,2017-04-24,34282000,2331.6,1,0,0,0,0,0,0,0,0,2332.4,2,0,0,0,0,0,0,0,0
149,2017-04-24,09:31:22,500,IH1705,CCFX,2332.2,2331.4,2334.6,164,114792240,16871,16988,2561.8,2096.2,2329,2331.4,0.0,2333.4,0,0,0,2017-04-24,34282500,2331.8,1,0,0,0,0,0,0,0,0,2332.2,1,0,0,0,0,0,0,0,0
150,2017-04-24,09:31:23,0,IH1705,CCFX,2332.2,2331.4,2334.6,165,115491900,16870,16988,2561.8,2096.2,2329,2331.4,0.0,2333.4,0,0,0,2017-04-24,34283000,2331.8,1,0,0,0,0,0,0,0,0,2332.4,2,0,0,0,0,0,0,0,0
151,2017-04-24,09:31:24,0,IH1705,CCFX,2332.2,2331.4,2334.6,165,115491900,16870,16988,2561.8,2096.2,2329,2331.4,0.0,2333.4,0,0,0,2017-04-24,34284000,2331.8,1,0,0,0,0,0,0,0,0,2332.2,1,0,0,0,0,0,0,0,0
152,2017-04-24,09:31:24,500,IH1705,CCFX,2331.0,2331.0,2334.6,171,119688540,16870,16988,2561.8,2096.2,2329,2331.4,0.0,2333.4,0,0,0,2017-04-24,34284500,2330.8,1,0,0,0,0,0,0,0,0,2332.4,2,0,0,0,0,0,0,0,0
153,2017-04-24,09:31:25,0,IH1705,CCFX,2331.0,2331.0,2334.6,171,119688540,16870,16988,2561.8,2096.2,2329,2331.4,0.0,2333.4,0,0,0,2017-04-24,34285000,2331.0,5,0,0,0,0,0,0,0,0,2332.2,5,0,0,0,0,0,0,0,0
154,2017-04-24,09:31:25,500,IH1705,CCFX,2331.0,2331.0,2334.6,171,119688540,16870,16988,2561.8,2096.2,2329,2331.4,0.0,2333.4,0,0,0,2017-04-24,34285500,2331.0,5,0,0,0,0,0,0,0,0,2332.0,1,0,0,0,0,0,0,0,0
155,2017-04-24,09:31:26,0,IH1705,CCFX,2331.0,2331.0,2334.6,171,119688540,16870,16988,2561.8,2096.2,2329,2331.4,0.0,2333.4,0,0,0,2017-04-24,34286000,2331.0,4,0,0,0,0,0,0,0,0,2332.0,1,0,0,0,0,0,0,0,0
156,2017-04-24,09:31:27,0,IH1705,CCFX,2331.0,2331.0,2334.6,171,119688540,16870,16988,2561.8,2096.2,2329,2331.4,0.0,2333.4,0,0,0,2017-04-24,34287000,2331.0,4,0,0,0,0,0,0,0,0,2332.0,1,0,0,0,0,0,0,0,0
157,2017-04-24,09:31:28,500,IH1705,CCFX,2332.0,2331.0,2334.6,172,120388140,16869,16988,2561.8,2096.2,2329,2331.4,0.0,2333.4,0,0,0,2017-04-24,34288500,2330.4,1,0,0,0,0,0,0,0,0,2332.2,3,0,0,0,0,0,0,0,0
158,2017-04-24,09:31:29,0,IH1705,CCFX,2332.0,2331.0,2334.6,172,120388140,16869,16988,2561.8,2096.2,2329,2331.4,0.0,2333.4,0,0,0,2017-04-24,34289000,2330.8,1,0,0,0,0,0,0,0,0,2331.8,2,0,0,0,0,0,0,0,0
159,2017-04-24,09:31:29,500,IH1705,CCFX,2332.0,2331.0,2334.6,172,120388140,16869,16988,2561.8,2096.2,2329,2331.4,0.0,2333.4,0,0,0,2017-04-24,34289500,2330.8,1,0,0,0,0,0,0,0,0,2331.8,1,0,0,0,0,0,0,0,0
160,2017-04-24,09:31:30,500,IH1705,CCFX,2330.8,2330.8,2334.6,173,121087380,16868,16988,2561.8,2096.2,2329,2331.4,0.0,2333.4,0,0,0,2017-04-24,34290500,2331.0,1,0,0,0,0,0,0,0,0,2331.8,1,0,0,0,0,0,0,0,0
161,2017-04-24,09:31:31,500,IH1705,CCFX,2330.8,2330.8,2334.6,173,121087380,16868,16988,2561.8,2096.2,2329,2331.4,0.0,2333.4,0,0,0,2017-04-24,34291500,2331.0,1,0,0,0,0,0,0,0,0,2331.8,1,0,0,0,0,0,0,0,0
162,2017-04-24,09:31:33,500,IH1705,CCFX,2330.2,2330.2,2334.6,175,122485680,16868,16988,2561.8,2096.2,2329,2331.4,0.0,2333.4,0,0,0,2017-04-24,34293500,2329.8,1,0,0,0,0,0,0,0,0,2330.0,3,0,0,0,0,0,0,0,0
163,2017-04-24,09:31:34,0,IH1705,CCFX,2329.8,2329.8,2334.6,181,126679500,16867,16988,2561.8,2096.2,2329,2331.4,0.0,2333.4,0,0,0,2017-04-24,34294000,2330.0,4,0,0,0,0,0,0,0,0,2331.6,1,0,0,0,0,0,0,0,0
164,2017-04-24,09:31:34,500,IH1705,CCFX,2331.2,2329.8,2334.6,182,127378860,16867,16988,2561.8,2096.2,2329,2331.4,0.0,2333.4,0,0,0,2017-04-24,34294500,2330.2,3,0,0,0,0,0,0,0,0,2331.4,1,0,0,0,0,0,0,0,0
165,2017-04-24,09:31:35,0,IH1705,CCFX,2330.2,2329.8,2334.6,184,128776980,16868,16988,2561.8,2096.2,2329,2331.4,0.0,2333.4,0,0,0,2017-04-24,34295000,2330.2,1,0,0,0,0,0,0,0,0,2331.2,1,0,0,0,0,0,0,0,0
166,2017-04-24,09:31:35,500,IH1705,CCFX,2331.0,2329.8,2334.6,185,129476280,16867,16988,2561.8,2096.2,2329,2331.4,0.0,2333.4,0,0,0,2017-04-24,34295500,2330.2,1,0,0,0,0,0,0,0,0,2331.0,1,0,0,0,0,0,0,0,0
167,2017-04-24,09:31:36,0,IH1705,CCFX,2331.0,2329.8,2334.6,187,130874880,16868,16988,2561.8,2096.2,2329,2331.4,0.0,2333.4,0,0,0,2017-04-24,34296000,2330.2,5,0,0,0,0,0,0,0,0,2331.4,1,0,0,0,0,0,0,0,0
168,2017-04-24,09:31:36,500,IH1705,CCFX,2331.0,2329.8,2334.6,187,130874880,16868,16988,2561.8,2096.2,2329,2331.4,0.0,2333.4,0,0,0,2017-04-24,34296500,2330.4,1,0,0,0,0,0,0,0,0,2331.4,1,0,0,0,0,0,0,0,0
169,2017-04-24,09:31:37,0,IH1705,CCFX,2330.6,2329.8,2334.6,188,131574060,16867,16988,2561.8,2096.2,2329,2331.4,0.0,2333.4,0,0,0,2017-04-24,34297000,2330.4,1,0,0,0,0,0,0,0,0,2331.6,1,0,0,0,0,0,0,0,0
170,2017-04-24,09:31:37,500,IH1705,CCFX,2330.6,2329.8,2334.6,188,131574060,16867,16988,2561.8,2096.2,2329,2331.4,0.0,2333.4,0,0,0,2017-04-24,34297500,2330.6,1,0,0,0,0,0,0,0,0,2331.6,1,0,0,0,0,0,0,0,0
171,2017-04-24,09:31:38,0,IH1705,CCFX,2330.6,2329.8,2334.6,188,131574060,16867,16988,2561.8,2096.2,2329,2331.4,0.0,2333.4,0,0,0,2017-04-24,34298000,2330.6,1,0,0,0,0,0,0,0,0,2332.2,1,0,0,0,0,0,0,0,0
172,2017-04-24,09:31:38,500,IH1705,CCFX,2330.6,2329.8,2334.6,188,131574060,16867,16988,2561.8,2096.2,2329,2331.4,0.0,2333.4,0,0,0,2017-04-24,34298500,2330.6,1,0,0,0,0,0,0,0,0,2332.0,4,0,0,0,0,0,0,0,0
173,2017-04-24,09:31:40,500,IH1705,CCFX,2330.6,2329.8,2334.6,188,131574060,16867,16988,2561.8,2096.2,2329,2331.4,0.0,2333.4,0,0,0,2017-04-24,34300500,2330.6,1,0,0,0,0,0,0,0,0,2332.0,5,0,0,0,0,0,0,0,0
174,2017-04-24,09:31:41,500,IH1705,CCFX,2330.6,2329.8,2334.6,188,131574060,16867,16988,2561.8,2096.2,2329,2331.4,0.0,2333.4,0,0,0,2017-04-24,34301500,2330.6,1,0,0,0,0,0,0,0,0,2331.8,1,0,0,0,0,0,0,0,0
175,2017-04-24,09:31:42,0,IH1705,CCFX,2330.6,2329.8,2334.6,188,131574060,16867,16988,2561.8,2096.2,2329,2331.4,0.0,2333.4,0,0,0,2017-04-24,34302000,2330.4,2,0,0,0,0,0,0,0,0,2331.6,2,0,0,0,0,0,0,0,0
176,2017-04-24,09:31:42,500,IH1705,CCFX,2331.6,2329.8,2334.6,189,132273540,16866,16988,2561.8,2096.2,2329,2331.4,0.0,2333.4,0,0,0,2017-04-24,34302500,2330.6,1,0,0,0,0,0,0,0,0,2331.6,1,0,0,0,0,0,0,0,0
177,2017-04-24,09:31:43,0,IH1705,CCFX,2331.6,2329.8,2334.6,189,132273540,16866,16988,2561.8,2096.2,2329,2331.4,0.0,2333.4,0,0,0,2017-04-24,34303000,2331.4,1,0,0,0,0,0,0,0,0,2331.8,1,0,0,0,0,0,0,0,0
178,2017-04-24,09:31:43,500,IH1705,CCFX,2330.6,2329.8,2334.6,191,133672140,16864,16988,2561.8,2096.2,2329,2331.4,0.0,2333.4,0,0,0,2017-04-24,34303500,2330.6,1,0,0,0,0,0,0,0,0,2331.4,1,0,0,0,0,0,0,0,0
179,2017-04-24,09:31:44,0,IH1705,CCFX,2331.2,2329.8,2334.6,192,134371500,16863,16988,2561.8,2096.2,2329,2331.4,0.0,2333.4,0,0,0,2017-04-24,34304000,2330.8,2,0,0,0,0,0,0,0,0,2331.4,1,0,0,0,0,0,0,0,0
180,2017-04-24,09:31:44,500,IH1705,CCFX,2331.2,2329.8,2334.6,192,134371500,16863,16988,2561.8,2096.2,2329,2331.4,0.0,2333.4,0,0,0,2017-04-24,34304500,2330.8,2,0,0,0,0,0,0,0,0,2331.8,1,0,0,0,0,0,0,0,0
181,2017-04-24,09:31:45,0,IH1705,CCFX,2331.2,2329.8,2334.6,192,134371500,16863,16988,2561.8,2096.2,2329,2331.4,0.0,2333.4,0,0,0,2017-04-24,34305000,2331.0,1,0,0,0,0,0,0,0,0,2331.6,1,0,0,0,0,0,0,0,0
182,2017-04-24,09:31:45,500,IH1705,CCFX,2331.2,2329.8,2334.6,192,134371500,16863,16988,2561.8,2096.2,2329,2331.4,0.0,2333.4,0,0,0,2017-04-24,34305500,2331.2,1,0,0,0,0,0,0,0,0,2331.6,1,0,0,0,0,0,0,0,0
183,2017-04-24,09:31:46,500,IH1705,CCFX,2331.2,2329.8,2334.6,193,135070860,16862,16988,2561.8,2096.2,2329,2331.4,0.0,2333.4,0,0,0,2017-04-24,34306500,2331.0,1,0,0,0,0,0,0,0,0,2331.6,1,0,0,0,0,0,0,0,0
184,2017-04-24,09:31:47,500,IH1705,CCFX,2331.2,2329.8,2334.6,193,135070860,16862,16988,2561.8,2096.2,2329,2331.4,0.0,2333.4,0,0,0,2017-04-24,34307500,2331.0,1,0,0,0,0,0,0,0,0,2331.6,2,0,0,0,0,0,0,0,0
185,2017-04-24,09:31:48,0,IH1705,CCFX,2331.6,2329.8,2334.6,194,135770340,16861,16988,2561.8,2096.2,2329,2331.4,0.0,2333.4,0,0,0,2017-04-24,34308000,2331.0,1,0,0,0,0,0,0,0,0,2331.6,1,0,0,0,0,0,0,0,0
186,2017-04-24,09:31:48,500,IH1705,CCFX,2331.6,2329.8,2334.6,194,135770340,16861,16988,2561.8,2096.2,2329,2331.4,0.0,2333.4,0,0,0,2017-04-24,34308500,2331.0,1,0,0,0,0,0,0,0,0,2331.6,1,0,0,0,0,0,0,0,0
187,2017-04-24,09:31:51,500,IH1705,CCFX,2331.6,2329.8,2334.6,194,135770340,16861,16988,2561.8,2096.2,2329,2331.4,0.0,2333.4,0,0,0,2017-04-24,34311500,2331.0,1,0,0,0,0,0,0,0,0,2331.4,2,0,0,0,0,0,0,0,0
188,2017-04-24,09:31:52,0,IH1705,CCFX,2331.4,2329.8,2334.6,197,137868480,16858,16988,2561.8,2096.2,2329,2331.4,0.0,2333.4,0,0,0,2017-04-24,34312000,2330.6,2,0,0,0,0,0,0,0,0,2331.6,2,0,0,0,0,0,0,0,0
189,2017-04-24,09:31:52,500,IH1705,CCFX,2331.4,2329.8,2334.6,197,137868480,16858,16988,2561.8,2096.2,2329,2331.4,0.0,2333.4,0,0,0,2017-04-24,34312500,2331.0,1,0,0,0,0,0,0,0,0,2331.6,2,0,0,0,0,0,0,0,0
190,2017-04-24,09:31:53,0,IH1705,CCFX,2331.4,2329.8,2334.6,197,137868480,16858,16988,2561.8,2096.2,2329,2331.4,0.0,2333.4,0,0,0,2017-04-24,34313000,2331.0,1,0,0,0,0,0,0,0,0,2331.6,2,0,0,0,0,0,0,0,0
191,2017-04-24,09:31:53,500,IH1705,CCFX,2331.4,2329.8,2334.6,197,137868480,16858,16988,2561.8,2096.2,2329,2331.4,0.0,2333.4,0,0,0,2017-04-24,34313500,2331.0,1,0,0,0,0,0,0,0,0,2331.6,2,0,0,0,0,0,0,0,0
192,2017-04-24,09:31:54,500,IH1705,CCFX,2331.4,2329.8,2334.6,197,137868480,16858,16988,2561.8,2096.2,2329,2331.4,0.0,2333.4,0,0,0,2017-04-24,34314500,2331.0,1,0,0,0,0,0,0,0,0,2331.4,1,0,0,0,0,0,0,0,0
193,2017-04-24,09:31:56,500,IH1705,CCFX,2331.4,2329.8,2334.6,197,137868480,16858,16988,2561.8,2096.2,2329,2331.4,0.0,2333.4,0,0,0,2017-04-24,34316500,2331.0,1,0,0,0,0,0,0,0,0,2331.4,1,0,0,0,0,0,0,0,0
194,2017-04-24,09:31:57,0,IH1705,CCFX,2331.4,2329.8,2334.6,197,137868480,16858,16988,2561.8,2096.2,2329,2331.4,0.0,2333.4,0,0,0,2017-04-24,34317000,2331.0,1,0,0,0,0,0,0,0,0,2331.2,1,0,0,0,0,0,0,0,0
195,2017-04-24,09:31:57,500,IH1705,CCFX,2331.2,2329.8,2334.6,198,138567840,16858,16988,2561.8,2096.2,2329,2331.4,0.0,2333.4,0,0,0,2017-04-24,34317500,2331.0,1,0,0,0,0,0,0,0,0,2331.4,1,0,0,0,0,0,0,0,0
196,2017-04-24,09:31:58,500,IH1705,CCFX,2331.0,2329.8,2334.6,199,139267140,16857,16988,2561.8,2096.2,2329,2331.4,0.0,2333.4,0,0,0,2017-04-24,34318500,2330.6,1,0,0,0,0,0,0,0,0,2331.4,1,0,0,0,0,0,0,0,0
197,2017-04-24,09:31:59,0,IH1705,CCFX,2330.6,2329.8,2334.6,200,139966320,16857,16988,2561.8,2096.2,2329,2331.4,0.0,2333.4,0,0,0,2017-04-24,34319000,2330.4,1,0,0,0,0,0,0,0,0,2331.2,1,0,0,0,0,0,0,0,0
198,2017-04-24,09:31:59,500,IH1705,CCFX,2330.4,2329.8,2334.6,201,140665440,16857,16988,2561.8,2096.2,2329,2331.4,0.0,2333.4,0,0,0,2017-04-24,34319500,2330.0,1,0,0,0,0,0,0,0,0,2331.2,1,0,0,0,0,0,0,0,0
199,2017-04-24,09:32:00,0,IH1705,CCFX,2331.2,2329.8,2334.6,203,142064100,16857,16988,2561.8,2096.2,2329,2331.4,0.0,2333.4,0,0,0,2017-04-24,34320000,2330.2,2,0,0,0,0,0,0,0,0,2331.4,1,0,0,0,0,0,0,0,0
200,2017-04-24,09:32:00,500,IH1705,CCFX,2331.2,2329.8,2334.6,203,142064100,16857,16988,2561.8,2096.2,2329,2331.4,0.0,2333.4,0,0,0,2017-04-24,34320500,2330.2,2,0,0,0,0,0,0,0,0,2331.4,1,0,0,0,0,0,0,0,0
201,2017-04-24,09:32:02,0,IH1705,CCFX,2331.2,2329.8,2334.6,203,142064100,16857,16988,2561.8,2096.2,2329,2331.4,0.0,2333.4,0,0,0,2017-04-24,34322000,2330.4,1,0,0,0,0,0,0,0,0,2331.4,1,0,0,0,0,0,0,0,0
202,2017-04-24,09:32:02,500,IH1705,CCFX,2331.2,2329.8,2334.6,203,142064100,16857,16988,2561.8,2096.2,2329,2331.4,0.0,2333.4,0,0,0,2017-04-24,34322500,2330.4,1,0,0,0,0,0,0,0,0,2331.4,1,0,0,0,0,0,0,0,0
203,2017-04-24,09:32:04,0,IH1705,CCFX,2331.2,2329.8,2334.6,203,142064100,16857,16988,2561.8,2096.2,2329,2331.4,0.0,2333.4,0,0,0,2017-04-24,34324000,2330.4,1,0,0,0,0,0,0,0,0,2331.4,1,0,0,0,0,0,0,0,0
204,2017-04-24,09:32:05,0,IH1705,CCFX,2331.2,2329.8,2334.6,203,142064100,16857,16988,2561.8,2096.2,2329,2331.4,0.0,2333.4,0,0,0,2017-04-24,34325000,2330.6,2,0,0,0,0,0,0,0,0,2331.4,1,0,0,0,0,0,0,0,0
205,2017-04-24,09:32:05,500,IH1705,CCFX,2331.2,2329.8,2334.6,203,142064100,16857,16988,2561.8,2096.2,2329,2331.4,0.0,2333.4,0,0,0,2017-04-24,34325500,2330.8,1,0,0,0,0,0,0,0,0,2331.2,1,0,0,0,0,0,0,0,0
206,2017-04-24,09:32:06,0,IH1705,CCFX,2331.2,2329.8,2334.6,204,142763460,16857,16988,2561.8,2096.2,2329,2331.4,0.0,2333.4,0,0,0,2017-04-24,34326000,2330.8,1,0,0,0,0,0,0,0,0,2331.4,1,0,0,0,0,0,0,0,0
207,2017-04-24,09:32:07,0,IH1705,CCFX,2331.4,2329.8,2334.6,205,143462880,16856,16988,2561.8,2096.2,2329,2331.4,0.0,2333.4,0,0,0,2017-04-24,34327000,2330.8,1,0,0,0,0,0,0,0,0,2331.6,2,0,0,0,0,0,0,0,0
208,2017-04-24,09:32:07,500,IH1705,CCFX,2331.4,2329.8,2334.6,205,143462880,16856,16988,2561.8,2096.2,2329,2331.4,0.0,2333.4,0,0,0,2017-04-24,34327500,2330.8,2,0,0,0,0,0,0,0,0,2331.4,1,0,0,0,0,0,0,0,0
209,2017-04-24,09:32:10,0,IH1705,CCFX,2331.4,2329.8,2334.6,205,143462880,16856,16988,2561.8,2096.2,2329,2331.4,0.0,2333.4,0,0,0,2017-04-24,34330000,2330.8,2,0,0,0,0,0,0,0,0,2331.4,1,0,0,0,0,0,0,0,0
210,2017-04-24,09:32:11,500,IH1705,CCFX,2331.4,2329.8,2334.6,205,143462880,16856,16988,2561.8,2096.2,2329,2331.4,0.0,2333.4,0,0,0,2017-04-24,34331500,2330.8,2,0,0,0,0,0,0,0,0,2331.4,1,0,0,0,0,0,0,0,0
211,2017-04-24,09:32:12,500,IH1705,CCFX,2331.4,2329.8,2334.6,205,143462880,16856,16988,2561.8,2096.2,2329,2331.4,0.0,2333.4,0,0,0,2017-04-24,34332500,2330.8,2,0,0,0,0,0,0,0,0,2331.2,1,0,0,0,0,0,0,0,0
212,2017-04-24,09:32:13,0,IH1705,CCFX,2331.4,2329.8,2334.6,206,144162300,16855,16988,2561.8,2096.2,2329,2331.4,0.0,2333.4,0,0,0,2017-04-24,34333000,2330.8,2,0,0,0,0,0,0,0,0,2331.4,1,0,0,0,0,0,0,0,0
213,2017-04-24,09:32:13,500,IH1705,CCFX,2331.4,2329.8,2334.6,206,144162300,16855,16988,2561.8,2096.2,2329,2331.4,0.0,2333.4,0,0,0,2017-04-24,34333500,2330.8,1,0,0,0,0,0,0,0,0,2331.4,1,0,0,0,0,0,0,0,0
214,2017-04-24,09:32:14,0,IH1705,CCFX,2331.6,2329.8,2334.6,208,145561200,16854,16988,2561.8,2096.2,2329,2331.4,0.0,2333.4,0,0,0,2017-04-24,34334000,2330.8,1,0,0,0,0,0,0,0,0,2331.6,1,0,0,0,0,0,0,0,0
215,2017-04-24,09:32:14,500,IH1705,CCFX,2331.6,2329.8,2334.6,208,145561200,16854,16988,2561.8,2096.2,2329,2331.4,0.0,2333.4,0,0,0,2017-04-24,34334500,2330.8,1,0,0,0,0,0,0,0,0,2331.6,1,0,0,0,0,0,0,0,0
216,2017-04-24,09:32:15,500,IH1705,CCFX,2331.6,2329.8,2334.6,209,146260680,16853,16988,2561.8,2096.2,2329,2331.4,0.0,2333.4,0,0,0,2017-04-24,34335500,2330.8,1,0,0,0,0,0,0,0,0,2331.4,1,0,0,0,0,0,0,0,0
217,2017-04-24,09:32:16,0,IH1705,CCFX,2330.6,2329.8,2334.6,212,148358520,16852,16988,2561.8,2096.2,2329,2331.4,0.0,2333.4,0,0,0,2017-04-24,34336000,2330.6,1,0,0,0,0,0,0,0,0,2331.2,1,0,0,0,0,0,0,0,0
218,2017-04-24,09:32:16,500,IH1705,CCFX,2331.8,2329.8,2334.6,215,150456600,16851,16988,2561.8,2096.2,2329,2331.4,0.0,2333.4,0,0,0,2017-04-24,34336500,2331.8,2,0,0,0,0,0,0,0,0,2332.0,2,0,0,0,0,0,0,0,0
219,2017-04-24,09:32:17,0,IH1705,CCFX,2330.2,2329.8,2334.6,218,152554740,16850,16988,2561.8,2096.2,2329,2331.4,0.0,2333.4,0,0,0,2017-04-24,34337000,2330.0,1,0,0,0,0,0,0,0,0,2331.6,2,0,0,0,0,0,0,0,0
220,2017-04-24,09:32:17,500,IH1705,CCFX,2330.2,2329.8,2334.6,218,152554740,16850,16988,2561.8,2096.2,2329,2331.4,0.0,2333.4,0,0,0,2017-04-24,34337500,2330.2,6,0,0,0,0,0,0,0,0,2331.4,6,0,0,0,0,0,0,0,0
221,2017-04-24,09:32:18,500,IH1705,CCFX,2331.4,2329.8,2334.6,220,153953580,16849,16988,2561.8,2096.2,2329,2331.4,0.0,2333.4,0,0,0,2017-04-24,34338500,2330.4,1,0,0,0,0,0,0,0,0,2331.4,3,0,0,0,0,0,0,0,0
222,2017-04-24,09:32:19,0,IH1705,CCFX,2331.4,2329.8,2334.6,220,153953580,16849,16988,2561.8,2096.2,2329,2331.4,0.0,2333.4,0,0,0,2017-04-24,34339000,2330.6,1,0,0,0,0,0,0,0,0,2331.0,1,0,0,0,0,0,0,0,0
223,2017-04-24,09:32:19,500,IH1705,CCFX,2331.0,2329.8,2334.6,222,155352180,16847,16988,2561.8,2096.2,2329,2331.4,0.0,2333.4,0,0,0,2017-04-24,34339500,2331.0,1,0,0,0,0,0,0,0,0,2331.4,1,0,0,0,0,0,0,0,0
224,2017-04-24,09:32:20,0,IH1705,CCFX,2331.0,2329.8,2334.6,222,155352180,16847,16988,2561.8,2096.2,2329,2331.4,0.0,2333.4,0,0,0,2017-04-24,34340000,2331.2,1,0,0,0,0,0,0,0,0,2332.0,1,0,0,0,0,0,0,0,0
225,2017-04-24,09:32:20,500,IH1705,CCFX,2331.0,2329.8,2334.6,222,155352180,16847,16988,2561.8,2096.2,2329,2331.4,0.0,2333.4,0,0,0,2017-04-24,34340500,2331.2,1,0,0,0,0,0,0,0,0,2331.8,2,0,0,0,0,0,0,0,0
226,2017-04-24,09:32:21,0,IH1705,CCFX,2331.8,2329.8,2334.6,224,156751200,16845,16988,2561.8,2096.2,2329,2331.4,0.0,2333.4,0,0,0,2017-04-24,34341000,2331.2,1,0,0,0,0,0,0,0,0,2331.8,1,0,0,0,0,0,0,0,0
227,2017-04-24,09:32:21,500,IH1705,CCFX,2331.8,2329.8,2334.6,224,156751200,16845,16988,2561.8,2096.2,2329,2331.4,0.0,2333.4,0,0,0,2017-04-24,34341500,2331.2,1,0,0,0,0,0,0,0,0,2331.6,1,0,0,0,0,0,0,0,0
228,2017-04-24,09:32:22,0,IH1705,CCFX,2331.2,2329.8,2334.6,225,157450560,16845,16988,2561.8,2096.2,2329,2331.4,0.0,2333.4,0,0,0,2017-04-24,34342000,2330.2,1,0,0,0,0,0,0,0,0,2331.0,2,0,0,0,0,0,0,0,0
229,2017-04-24,09:32:22,500,IH1705,CCFX,2331.2,2329.8,2334.6,225,157450560,16845,16988,2561.8,2096.2,2329,2331.4,0.0,2333.4,0,0,0,2017-04-24,34342500,2330.4,4,0,0,0,0,0,0,0,0,2331.0,2,0,0,0,0,0,0,0,0
230,2017-04-24,09:32:23,0,IH1705,CCFX,2331.2,2329.8,2334.6,227,158849280,16843,16988,2561.8,2096.2,2329,2331.4,0.0,2333.4,0,0,0,2017-04-24,34343000,2330.4,4,0,0,0,0,0,0,0,0,2331.4,1,0,0,0,0,0,0,0,0
231,2017-04-24,09:32:25,500,IH1705,CCFX,2331.2,2329.8,2334.6,227,158849280,16843,16988,2561.8,2096.2,2329,2331.4,0.0,2333.4,0,0,0,2017-04-24,34345500,2330.4,4,0,0,0,0,0,0,0,0,2331.2,1,0,0,0,0,0,0,0,0
232,2017-04-24,09:32:26,0,IH1705,CCFX,2331.2,2329.8,2334.6,227,158849280,16843,16988,2561.8,2096.2,2329,2331.4,0.0,2333.4,0,0,0,2017-04-24,34346000,2330.4,4,0,0,0,0,0,0,0,0,2331.0,1,0,0,0,0,0,0,0,0
233,2017-04-24,09:32:27,0,IH1705,CCFX,2331.2,2329.8,2334.6,227,158849280,16843,16988,2561.8,2096.2,2329,2331.4,0.0,2333.4,0,0,0,2017-04-24,34347000,2330.2,1,0,0,0,0,0,0,0,0,2331.0,1,0,0,0,0,0,0,0,0
234,2017-04-24,09:32:28,500,IH1705,CCFX,2331.2,2329.8,2334.6,227,158849280,16843,16988,2561.8,2096.2,2329,2331.4,0.0,2333.4,0,0,0,2017-04-24,34348500,2330.2,1,0,0,0,0,0,0,0,0,2331.0,1,0,0,0,0,0,0,0,0
235,2017-04-24,09:32:30,500,IH1705,CCFX,2331.2,2329.8,2334.6,227,158849280,16843,16988,2561.8,2096.2,2329,2331.4,0.0,2333.4,0,0,0,2017-04-24,34350500,2330.2,1,0,0,0,0,0,0,0,0,2330.8,1,0,0,0,0,0,0,0,0
236,2017-04-24,09:32:31,0,IH1705,CCFX,2331.2,2329.8,2334.6,227,158849280,16843,16988,2561.8,2096.2,2329,2331.4,0.0,2333.4,0,0,0,2017-04-24,34351000,2330.2,1,0,0,0,0,0,0,0,0,2330.6,1,0,0,0,0,0,0,0,0
237,2017-04-24,09:32:31,500,IH1705,CCFX,2330.6,2329.8,2334.6,228,159548460,16842,16988,2561.8,2096.2,2329,2331.4,0.0,2333.4,0,0,0,2017-04-24,34351500,2330.2,1,0,0,0,0,0,0,0,0,2330.8,1,0,0,0,0,0,0,0,0
238,2017-04-24,09:32:32,500,IH1705,CCFX,2330.6,2329.8,2334.6,228,159548460,16842,16988,2561.8,2096.2,2329,2331.4,0.0,2333.4,0,0,0,2017-04-24,34352500,2330.2,1,0,0,0,0,0,0,0,0,2331.6,1,0,0,0,0,0,0,0,0
239,2017-04-24,09:32:33,0,IH1705,CCFX,2331.4,2329.8,2334.6,229,160247880,16841,16988,2561.8,2096.2,2329,2331.4,0.0,2333.4,0,0,0,2017-04-24,34353000,2330.4,3,0,0,0,0,0,0,0,0,2331.4,2,0,0,0,0,0,0,0,0
240,2017-04-24,09:32:34,0,IH1705,CCFX,2331.4,2329.8,2334.6,229,160247880,16841,16988,2561.8,2096.2,2329,2331.4,0.0,2333.4,0,0,0,2017-04-24,34354000,2330.4,3,0,0,0,0,0,0,0,0,2331.2,1,0,0,0,0,0,0,0,0
241,2017-04-24,09:32:34,500,IH1705,CCFX,2331.2,2329.8,2334.6,230,160947240,16840,16988,2561.8,2096.2,2329,2331.4,0.0,2333.4,0,0,0,2017-04-24,34354500,2330.4,3,0,0,0,0,0,0,0,0,2331.4,1,0,0,0,0,0,0,0,0
242,2017-04-24,09:32:35,0,IH1705,CCFX,2331.2,2329.8,2334.6,230,160947240,16840,16988,2561.8,2096.2,2329,2331.4,0.0,2333.4,0,0,0,2017-04-24,34355000,2330.4,3,0,0,0,0,0,0,0,0,2331.2,1,0,0,0,0,0,0,0,0
243,2017-04-24,09:32:36,0,IH1705,CCFX,2331.2,2329.8,2334.6,230,160947240,16840,16988,2561.8,2096.2,2329,2331.4,0.0,2333.4,0,0,0,2017-04-24,34356000,2330.4,2,0,0,0,0,0,0,0,0,2331.2,1,0,0,0,0,0,0,0,0
244,2017-04-24,09:32:36,500,IH1705,CCFX,2331.2,2329.8,2334.6,230,160947240,16840,16988,2561.8,2096.2,2329,2331.4,0.0,2333.4,0,0,0,2017-04-24,34356500,2330.6,1,0,0,0,0,0,0,0,0,2331.0,2,0,0,0,0,0,0,0,0
245,2017-04-24,09:32:37,0,IH1705,CCFX,2331.0,2329.8,2334.6,232,162345840,16840,16988,2561.8,2096.2,2329,2331.4,0.0,2333.4,0,0,0,2017-04-24,34357000,2330.6,1,0,0,0,0,0,0,0,0,2331.2,1,0,0,0,0,0,0,0,0
246,2017-04-24,09:32:37,500,IH1705,CCFX,2331.2,2329.8,2334.6,233,163045200,16840,16988,2561.8,2096.2,2329,2331.4,0.0,2333.4,0,0,0,2017-04-24,34357500,2330.6,1,0,0,0,0,0,0,0,0,2331.6,1,0,0,0,0,0,0,0,0
247,2017-04-24,09:32:38,500,IH1705,CCFX,2331.2,2329.8,2334.6,233,163045200,16840,16988,2561.8,2096.2,2329,2331.4,0.0,2333.4,0,0,0,2017-04-24,34358500,2330.6,1,0,0,0,0,0,0,0,0,2331.4,2,0,0,0,0,0,0,0,0
248,2017-04-24,09:32:39,0,IH1705,CCFX,2331.2,2329.8,2334.6,233,163045200,16840,16988,2561.8,2096.2,2329,2331.4,0.0,2333.4,0,0,0,2017-04-24,34359000,2330.6,1,0,0,0,0,0,0,0,0,2331.2,1,0,0,0,0,0,0,0,0
249,2017-04-24,09:32:42,0,IH1705,CCFX,2331.2,2329.8,2334.6,233,163045200,16840,16988,2561.8,2096.2,2329,2331.4,0.0,2333.4,0,0,0,2017-04-24,34362000,2330.6,3,0,0,0,0,0,0,0,0,2331.2,1,0,0,0,0,0,0,0,0
250,2017-04-24,09:32:42,500,IH1705,CCFX,2331.2,2329.8,2334.6,233,163045200,16840,16988,2561.8,2096.2,2329,2331.4,0.0,2333.4,0,0,0,2017-04-24,34362500,2330.8,1,0,0,0,0,0,0,0,0,2331.0,1,0,0,0,0,0,0,0,0
251,2017-04-24,09:32:43,0,IH1705,CCFX,2331.0,2329.8,2334.6,234,163744500,16840,16988,2561.8,2096.2,2329,2331.4,0.0,2333.4,0,0,0,2017-04-24,34363000,2330.8,1,0,0,0,0,0,0,0,0,2331.2,1,0,0,0,0,0,0,0,0
252,2017-04-24,09:32:45,0,IH1705,CCFX,2331.0,2329.8,2334.6,234,163744500,16840,16988,2561.8,2096.2,2329,2331.4,0.0,2333.4,0,0,0,2017-04-24,34365000,2330.8,1,0,0,0,0,0,0,0,0,2331.2,1,0,0,0,0,0,0,0,0
253,2017-04-24,09:32:45,500,IH1705,CCFX,2331.0,2329.8,2334.6,234,163744500,16840,16988,2561.8,2096.2,2329,2331.4,0.0,2333.4,0,0,0,2017-04-24,34365500,2330.8,1,0,0,0,0,0,0,0,0,2331.0,1,0,0,0,0,0,0,0,0
254,2017-04-24,09:32:46,0,IH1705,CCFX,2330.8,2329.8,2334.6,235,164443740,16839,16988,2561.8,2096.2,2329,2331.4,0.0,2333.4,0,0,0,2017-04-24,34366000,2330.6,3,0,0,0,0,0,0,0,0,2331.0,1,0,0,0,0,0,0,0,0
255,2017-04-24,09:32:46,500,IH1705,CCFX,2330.6,2329.8,2334.6,236,165142920,16838,16988,2561.8,2096.2,2329,2331.4,0.0,2333.4,0,0,0,2017-04-24,34366500,2330.6,2,0,0,0,0,0,0,0,0,2330.8,2,0,0,0,0,0,0,0,0
256,2017-04-24,09:32:47,0,IH1705,CCFX,2330.6,2329.8,2334.6,238,166541280,16837,16988,2561.8,2096.2,2329,2331.4,0.0,2333.4,0,0,0,2017-04-24,34367000,2330.2,1,0,0,0,0,0,0,0,0,2330.4,1,0,0,0,0,0,0,0,0
257,2017-04-24,09:32:47,500,IH1705,CCFX,2330.2,2329.8,2334.6,239,167240340,16836,16988,2561.8,2096.2,2329,2331.4,0.0,2333.4,0,0,0,2017-04-24,34367500,2330.0,1,0,0,0,0,0,0,0,0,2330.6,1,0,0,0,0,0,0,0,0
258,2017-04-24,09:32:48,500,IH1705,CCFX,2330.2,2329.8,2334.6,239,167240340,16836,16988,2561.8,2096.2,2329,2331.4,0.0,2333.4,0,0,0,2017-04-24,34368500,2330.0,1,0,0,0,0,0,0,0,0,2330.2,2,0,0,0,0,0,0,0,0
259,2017-04-24,09:32:49,0,IH1705,CCFX,2330.2,2329.8,2334.6,239,167240340,16836,16988,2561.8,2096.2,2329,2331.4,0.0,2333.4,0,0,0,2017-04-24,34369000,2330.2,1,0,0,0,0,0,0,0,0,2330.6,1,0,0,0,0,0,0,0,0
260,2017-04-24,09:32:49,500,IH1705,CCFX,2330.2,2329.8,2334.6,239,167240340,16836,16988,2561.8,2096.2,2329,2331.4,0.0,2333.4,0,0,0,2017-04-24,34369500,2330.2,1,0,0,0,0,0,0,0,0,2330.4,3,0,0,0,0,0,0,0,0
261,2017-04-24,09:32:50,0,IH1705,CCFX,2330.2,2329.8,2334.6,241,168638460,16834,16988,2561.8,2096.2,2329,2331.4,0.0,2333.4,0,0,0,2017-04-24,34370000,2330.0,1,0,0,0,0,0,0,0,0,2330.4,1,0,0,0,0,0,0,0,0
262,2017-04-24,09:32:51,500,IH1705,CCFX,2330.0,2329.8,2334.6,242,169337460,16835,16988,2561.8,2096.2,2329,2331.4,0.0,2333.4,0,0,0,2017-04-24,34371500,2329.0,2,0,0,0,0,0,0,0,0,2330.4,1,0,0,0,0,0,0,0,0
263,2017-04-24,09:32:52,0,IH1705,CCFX,2329.2,2329.2,2334.6,243,170036220,16835,16988,2561.8,2096.2,2329,2331.4,0.0,2333.4,0,0,0,2017-04-24,34372000,2329.2,6,0,0,0,0,0,0,0,0,2330.2,2,0,0,0,0,0,0,0,0
264,2017-04-24,09:32:52,500,IH1705,CCFX,2329.2,2329.2,2334.6,243,170036220,16835,16988,2561.8,2096.2,2329,2331.4,0.0,2333.4,0,0,0,2017-04-24,34372500,2329.2,6,0,0,0,0,0,0,0,0,2330.0,3,0,0,0,0,0,0,0,0
265,2017-04-24,09:32:53,0,IH1705,CCFX,2329.2,2329.2,2334.6,243,170036220,16835,16988,2561.8,2096.2,2329,2331.4,0.0,2333.4,0,0,0,2017-04-24,34373000,2329.4,1,0,0,0,0,0,0,0,0,2329.8,1,0,0,0,0,0,0,0,0
266,2017-04-24,09:32:53,500,IH1705,CCFX,2329.2,2329.2,2334.6,243,170036220,16835,16988,2561.8,2096.2,2329,2331.4,0.0,2333.4,0,0,0,2017-04-24,34373500,2329.4,1,0,0,0,0,0,0,0,0,2329.6,2,0,0,0,0,0,0,0,0
267,2017-04-24,09:32:54,0,IH1705,CCFX,2329.4,2329.2,2334.6,244,170735040,16834,16988,2561.8,2096.2,2329,2331.4,0.0,2333.4,0,0,0,2017-04-24,34374000,2329.2,5,0,0,0,0,0,0,0,0,2329.6,2,0,0,0,0,0,0,0,0
268,2017-04-24,09:32:54,500,IH1705,CCFX,2329.4,2329.2,2334.6,244,170735040,16834,16988,2561.8,2096.2,2329,2331.4,0.0,2333.4,0,0,0,2017-04-24,34374500,2329.2,5,0,0,0,0,0,0,0,0,2329.4,2,0,0,0,0,0,0,0,0
269,2017-04-24,09:32:55,0,IH1705,CCFX,2329.4,2329.2,2334.6,246,172132680,16832,16988,2561.8,2096.2,2329,2331.4,0.0,2333.4,0,0,0,2017-04-24,34375000,2329.2,6,0,0,0,0,0,0,0,0,2329.4,1,0,0,0,0,0,0,0,0
270,2017-04-24,09:32:55,500,IH1705,CCFX,2329.4,2329.2,2334.6,248,173530320,16832,16988,2561.8,2096.2,2329,2331.4,0.0,2333.4,0,0,0,2017-04-24,34375500,2329.2,6,0,0,0,0,0,0,0,0,2329.6,2,0,0,0,0,0,0,0,0
271,2017-04-24,09:32:56,500,IH1705,CCFX,2329.4,2329.2,2334.6,248,173530320,16832,16988,2561.8,2096.2,2329,2331.4,0.0,2333.4,0,0,0,2017-04-24,34376500,2329.4,1,0,0,0,0,0,0,0,0,2329.6,2,0,0,0,0,0,0,0,0
272,2017-04-24,09:32:57,0,IH1705,CCFX,2329.4,2329.2,2334.6,251,175626900,16830,16988,2561.8,2096.2,2329,2331.4,0.0,2333.4,0,0,0,2017-04-24,34377000,2329.2,6,0,0,0,0,0,0,0,0,2329.4,1,0,0,0,0,0,0,0,0
273,2017-04-24,09:32:57,500,IH1705,CCFX,2329.2,2329.2,2334.6,253,177024480,16828,16988,2561.8,2096.2,2329,2331.4,0.0,2333.4,0,0,0,2017-04-24,34377500,2329.2,5,0,0,0,0,0,0,0,0,2329.8,1,0,0,0,0,0,0,0,0
274,2017-04-24,09:32:58,500,IH1705,CCFX,2329.2,2329.2,2334.6,253,177024480,16828,16988,2561.8,2096.2,2329,2331.4,0.0,2333.4,0,0,0,2017-04-24,34378500,2329.2,5,0,0,0,0,0,0,0,0,2329.8,1,0,0,0,0,0,0,0,0
275,2017-04-24,09:32:59,0,IH1705,CCFX,2329.2,2329.2,2334.6,253,177024480,16828,16988,2561.8,2096.2,2329,2331.4,0.0,2333.4,0,0,0,2017-04-24,34379000,2329.2,5,0,0,0,0,0,0,0,0,2329.8,1,0,0,0,0,0,0,0,0
276,2017-04-24,09:33:00,0,IH1705,CCFX,2329.2,2329.2,2334.6,253,177024480,16828,16988,2561.8,2096.2,2329,2331.4,0.0,2333.4,0,0,0,2017-04-24,34380000,2329.2,5,0,0,0,0,0,0,0,0,2329.6,2,0,0,0,0,0,0,0,0
277,2017-04-24,09:33:00,500,IH1705,CCFX,2329.2,2329.2,2334.6,253,177024480,16828,16988,2561.8,2096.2,2329,2331.4,0.0,2333.4,0,0,0,2017-04-24,34380500,2329.2,2,0,0,0,0,0,0,0,0,2329.4,2,0,0,0,0,0,0,0,0
278,2017-04-24,09:33:01,0,IH1705,CCFX,2329.2,2329.2,2334.6,255,178422000,16828,16988,2561.8,2096.2,2329,2331.4,0.0,2333.4,0,0,0,2017-04-24,34381000,2329.0,2,0,0,0,0,0,0,0,0,2329.2,1,0,0,0,0,0,0,0,0
279,2017-04-24,09:33:01,500,IH1705,CCFX,2329.0,2329.0,2334.6,258,180518220,16826,16988,2561.8,2096.2,2329,2331.4,0.0,2333.4,0,0,0,2017-04-24,34381500,2329.0,1,0,0,0,0,0,0,0,0,2329.4,2,0,0,0,0,0,0,0,0
280,2017-04-24,09:33:02,0,IH1705,CCFX,2328.6,2328.6,2334.6,261,182614260,16825,16988,2561.8,2096.2,2329,2331.4,0.0,2333.4,0,0,0,2017-04-24,34382000,2328.2,2,0,0,0,0,0,0,0,0,2329.4,1,0,0,0,0,0,0,0,0
281,2017-04-24,09:33:02,500,IH1705,CCFX,2328.2,2328.2,2334.6,262,183312720,16824,16988,2561.8,2096.2,2329,2331.4,0.0,2333.4,0,0,0,2017-04-24,34382500,2328.4,1,0,0,0,0,0,0,0,0,2329.2,1,0,0,0,0,0,0,0,0
282,2017-04-24,09:33:03,0,IH1705,CCFX,2328.2,2328.2,2334.6,262,183312720,16824,16988,2561.8,2096.2,2329,2331.4,0.0,2333.4,0,0,0,2017-04-24,34383000,2328.6,1,0,0,0,0,0,0,0,0,2329.2,2,0,0,0,0,0,0,0,0
283,2017-04-24,09:33:04,0,IH1705,CCFX,2328.2,2328.2,2334.6,262,183312720,16824,16988,2561.8,2096.2,2329,2331.4,0.0,2333.4,0,0,0,2017-04-24,34384000,2328.4,1,0,0,0,0,0,0,0,0,2329.0,1,0,0,0,0,0,0,0,0
284,2017-04-24,09:33:04,500,IH1705,CCFX,2328.2,2328.2,2334.6,262,183312720,16824,16988,2561.8,2096.2,2329,2331.4,0.0,2333.4,0,0,0,2017-04-24,34384500,2328.4,1,0,0,0,0,0,0,0,0,2328.8,1,0,0,0,0,0,0,0,0
285,2017-04-24,09:33:05,0,IH1705,CCFX,2328.2,2328.2,2334.6,262,183312720,16824,16988,2561.8,2096.2,2329,2331.4,0.0,2333.4,0,0,0,2017-04-24,34385000,2328.6,1,0,0,0,0,0,0,0,0,2328.8,1,0,0,0,0,0,0,0,0
286,2017-04-24,09:33:05,500,IH1705,CCFX,2328.6,2328.2,2334.6,264,184709940,16823,16988,2561.8,2096.2,2329,2331.4,0.0,2333.4,0,0,0,2017-04-24,34385500,2328.2,1,0,0,0,0,0,0,0,0,2329.0,1,0,0,0,0,0,0,0,0
287,2017-04-24,09:33:06,0,IH1705,CCFX,2329.0,2328.2,2334.6,265,185408640,16822,16988,2561.8,2096.2,2329,2331.4,0.0,2333.4,0,0,0,2017-04-24,34386000,2328.4,1,0,0,0,0,0,0,0,0,2329.4,1,0,0,0,0,0,0,0,0
288,2017-04-24,09:33:06,500,IH1705,CCFX,2329.0,2328.2,2334.6,265,185408640,16822,16988,2561.8,2096.2,2329,2331.4,0.0,2333.4,0,0,0,2017-04-24,34386500,2328.8,1,0,0,0,0,0,0,0,0,2329.4,1,0,0,0,0,0,0,0,0
289,2017-04-24,09:33:07,0,IH1705,CCFX,2329.4,2328.2,2334.6,266,186107460,16821,16988,2561.8,2096.2,2329,2331.4,0.0,2333.4,0,0,0,2017-04-24,34387000,2328.8,1,0,0,0,0,0,0,0,0,2329.6,2,0,0,0,0,0,0,0,0
290,2017-04-24,09:33:08,0,IH1705,CCFX,2328.4,2328.2,2334.6,268,187504620,16819,16988,2561.8,2096.2,2329,2331.4,0.0,2333.4,0,0,0,2017-04-24,34388000,2328.2,1,0,0,0,0,0,0,0,0,2329.4,3,0,0,0,0,0,0,0,0
291,2017-04-24,09:33:08,500,IH1705,CCFX,2328.4,2328.2,2334.6,268,187504620,16819,16988,2561.8,2096.2,2329,2331.4,0.0,2333.4,0,0,0,2017-04-24,34388500,2328.4,4,0,0,0,0,0,0,0,0,2329.4,2,0,0,0,0,0,0,0,0
292,2017-04-24,09:33:09,0,IH1705,CCFX,2328.4,2328.2,2334.6,268,187504620,16819,16988,2561.8,2096.2,2329,2331.4,0.0,2333.4,0,0,0,2017-04-24,34389000,2328.4,3,0,0,0,0,0,0,0,0,2329.2,1,0,0,0,0,0,0,0,0
293,2017-04-24,09:33:09,500,IH1705,CCFX,2328.4,2328.2,2334.6,268,187504620,16819,16988,2561.8,2096.2,2329,2331.4,0.0,2333.4,0,0,0,2017-04-24,34389500,2328.6,2,0,0,0,0,0,0,0,0,2329.2,1,0,0,0,0,0,0,0,0
294,2017-04-24,09:33:11,0,IH1705,CCFX,2328.4,2328.2,2334.6,268,187504620,16819,16988,2561.8,2096.2,2329,2331.4,0.0,2333.4,0,0,0,2017-04-24,34391000,2328.6,2,0,0,0,0,0,0,0,0,2329.2,1,0,0,0,0,0,0,0,0
295,2017-04-24,09:33:12,0,IH1705,CCFX,2329.2,2328.2,2334.6,269,188203380,16818,16988,2561.8,2096.2,2329,2331.4,0.0,2333.4,0,0,0,2017-04-24,34392000,2328.6,2,0,0,0,0,0,0,0,0,2329.4,2,0,0,0,0,0,0,0,0
296,2017-04-24,09:33:12,500,IH1705,CCFX,2329.4,2328.2,2334.6,270,188902200,16817,16988,2561.8,2096.2,2329,2331.4,0.0,2333.4,0,0,0,2017-04-24,34392500,2329.2,1,0,0,0,0,0,0,0,0,2329.4,1,0,0,0,0,0,0,0,0
297,2017-04-24,09:33:13,0,IH1705,CCFX,2329.4,2328.2,2334.6,271,189601020,16817,16988,2561.8,2096.2,2329,2331.4,0.0,2333.4,0,0,0,2017-04-24,34393000,2329.4,1,0,0,0,0,0,0,0,0,2331.4,2,0,0,0,0,0,0,0,0
298,2017-04-24,09:33:13,500,IH1705,CCFX,2329.4,2328.2,2334.6,271,189601020,16817,16988,2561.8,2096.2,2329,2331.4,0.0,2333.4,0,0,0,2017-04-24,34393500,2329.8,1,0,0,0,0,0,0,0,0,2330.8,1,0,0,0,0,0,0,0,0
299,2017-04-24,09:33:14,0,IH1705,CCFX,2329.4,2328.2,2334.6,272,190299840,16816,16988,2561.8,2096.2,2329,2331.4,0.0,2333.4,0,0,0,2017-04-24,34394000,2329.0,1,0,0,0,0,0,0,0,0,2329.2,1,0,0,0,0,0,0,0,0
300,2017-04-24,09:33:14,500,IH1705,CCFX,2329.2,2328.2,2334.6,273,190998600,16816,16988,2561.8,2096.2,2329,2331.4,0.0,2333.4,0,0,0,2017-04-24,34394500,2329.2,6,0,0,0,0,0,0,0,0,2330.6,2,0,0,0,0,0,0,0,0
301,2017-04-24,09:33:15,0,IH1705,CCFX,2329.2,2328.2,2334.6,273,190998600,16816,16988,2561.8,2096.2,2329,2331.4,0.0,2333.4,0,0,0,2017-04-24,34395000,2329.2,6,0,0,0,0,0,0,0,0,2330.4,1,0,0,0,0,0,0,0,0
302,2017-04-24,09:33:15,500,IH1705,CCFX,2329.2,2328.2,2334.6,273,190998600,16816,16988,2561.8,2096.2,2329,2331.4,0.0,2333.4,0,0,0,2017-04-24,34395500,2329.2,6,0,0,0,0,0,0,0,0,2330.4,1,0,0,0,0,0,0,0,0
303,2017-04-24,09:33:16,0,IH1705,CCFX,2329.2,2328.2,2334.6,273,190998600,16816,16988,2561.8,2096.2,2329,2331.4,0.0,2333.4,0,0,0,2017-04-24,34396000,2329.4,2,0,0,0,0,0,0,0,0,2330.4,1,0,0,0,0,0,0,0,0
304,2017-04-24,09:33:16,500,IH1705,CCFX,2329.2,2328.2,2334.6,273,190998600,16816,16988,2561.8,2096.2,2329,2331.4,0.0,2333.4,0,0,0,2017-04-24,34396500,2329.4,2,0,0,0,0,0,0,0,0,2330.2,1,0,0,0,0,0,0,0,0
305,2017-04-24,09:33:17,0,IH1705,CCFX,2329.2,2328.2,2334.6,273,190998600,16816,16988,2561.8,2096.2,2329,2331.4,0.0,2333.4,0,0,0,2017-04-24,34397000,2329.4,2,0,0,0,0,0,0,0,0,2330.2,2,0,0,0,0,0,0,0,0
306,2017-04-24,09:33:18,0,IH1705,CCFX,2329.2,2328.2,2334.6,273,190998600,16816,16988,2561.8,2096.2,2329,2331.4,0.0,2333.4,0,0,0,2017-04-24,34398000,2329.4,2,0,0,0,0,0,0,0,0,2330.0,1,0,0,0,0,0,0,0,0
307,2017-04-24,09:33:19,0,IH1705,CCFX,2329.2,2328.2,2334.6,273,190998600,16816,16988,2561.8,2096.2,2329,2331.4,0.0,2333.4,0,0,0,2017-04-24,34399000,2329.4,2,0,0,0,0,0,0,0,0,2330.0,1,0,0,0,0,0,0,0,0
308,2017-04-24,09:33:19,500,IH1705,CCFX,2329.2,2328.2,2334.6,273,190998600,16816,16988,2561.8,2096.2,2329,2331.4,0.0,2333.4,0,0,0,2017-04-24,34399500,2329.4,1,0,0,0,0,0,0,0,0,2330.2,2,0,0,0,0,0,0,0,0
309,2017-04-24,09:33:20,0,IH1705,CCFX,2329.2,2328.2,2334.6,273,190998600,16816,16988,2561.8,2096.2,2329,2331.4,0.0,2333.4,0,0,0,2017-04-24,34400000,2329.4,1,0,0,0,0,0,0,0,0,2330.2,2,0,0,0,0,0,0,0,0
310,2017-04-24,09:33:20,500,IH1705,CCFX,2330.2,2328.2,2334.6,275,192396720,16814,16988,2561.8,2096.2,2329,2331.4,0.0,2333.4,0,0,0,2017-04-24,34400500,2330.2,1,0,0,0,0,0,0,0,0,2330.4,1,0,0,0,0,0,0,0,0
311,2017-04-24,09:33:21,0,IH1705,CCFX,2329.2,2328.2,2334.6,278,194493360,16812,16988,2561.8,2096.2,2329,2331.4,0.0,2333.4,0,0,0,2017-04-24,34401000,2329.2,1,0,0,0,0,0,0,0,0,2330.2,2,0,0,0,0,0,0,0,0
312,2017-04-24,09:33:21,500,IH1705,CCFX,2330.2,2328.2,2334.6,280,195891180,16812,16988,2561.8,2096.2,2329,2331.4,0.0,2333.4,0,0,0,2017-04-24,34401500,2330.4,1,0,0,0,0,0,0,0,0,2330.6,1,0,0,0,0,0,0,0,0
313,2017-04-24,09:33:22,0,IH1705,CCFX,2330.4,2328.2,2334.6,281,196590300,16813,16988,2561.8,2096.2,2329,2331.4,0.0,2333.4,0,0,0,2017-04-24,34402000,2328.8,1,0,0,0,0,0,0,0,0,2330.6,1,0,0,0,0,0,0,0,0
314,2017-04-24,09:33:22,500,IH1705,CCFX,2330.4,2328.2,2334.6,281,196590300,16813,16988,2561.8,2096.2,2329,2331.4,0.0,2333.4,0,0,0,2017-04-24,34402500,2329.2,1,0,0,0,0,0,0,0,0,2330.4,3,0,0,0,0,0,0,0,0
315,2017-04-24,09:33:23,0,IH1705,CCFX,2330.4,2328.2,2334.6,281,196590300,16813,16988,2561.8,2096.2,2329,2331.4,0.0,2333.4,0,0,0,2017-04-24,34403000,2329.4,1,0,0,0,0,0,0,0,0,2330.4,3,0,0,0,0,0,0,0,0
316,2017-04-24,09:33:23,500,IH1705,CCFX,2329.4,2328.2,2334.6,282,197289120,16812,16988,2561.8,2096.2,2329,2331.4,0.0,2333.4,0,0,0,2017-04-24,34403500,2329.0,3,0,0,0,0,0,0,0,0,2330.2,2,0,0,0,0,0,0,0,0
317,2017-04-24,09:33:24,0,IH1705,CCFX,2329.4,2328.2,2334.6,282,197289120,16812,16988,2561.8,2096.2,2329,2331.4,0.0,2333.4,0,0,0,2017-04-24,34404000,2329.0,3,0,0,0,0,0,0,0,0,2330.0,1,0,0,0,0,0,0,0,0
318,2017-04-24,09:33:24,500,IH1705,CCFX,2329.4,2328.2,2334.6,282,197289120,16812,16988,2561.8,2096.2,2329,2331.4,0.0,2333.4,0,0,0,2017-04-24,34404500,2329.2,1,0,0,0,0,0,0,0,0,2330.0,1,0,0,0,0,0,0,0,0
319,2017-04-24,09:33:25,0,IH1705,CCFX,2329.4,2328.2,2334.6,282,197289120,16812,16988,2561.8,2096.2,2329,2331.4,0.0,2333.4,0,0,0,2017-04-24,34405000,2329.2,1,0,0,0,0,0,0,0,0,2330.0,1,0,0,0,0,0,0,0,0
320,2017-04-24,09:33:25,500,IH1705,CCFX,2329.4,2328.2,2334.6,282,197289120,16812,16988,2561.8,2096.2,2329,2331.4,0.0,2333.4,0,0,0,2017-04-24,34405500,2329.2,1,0,0,0,0,0,0,0,0,2330.0,1,0,0,0,0,0,0,0,0
321,2017-04-24,09:33:26,0,IH1705,CCFX,2329.4,2328.2,2334.6,282,197289120,16812,16988,2561.8,2096.2,2329,2331.4,0.0,2333.4,0,0,0,2017-04-24,34406000,2329.2,1,0,0,0,0,0,0,0,0,2330.0,1,0,0,0,0,0,0,0,0
322,2017-04-24,09:33:26,500,IH1705,CCFX,2329.4,2328.2,2334.6,282,197289120,16812,16988,2561.8,2096.2,2329,2331.4,0.0,2333.4,0,0,0,2017-04-24,34406500,2329.2,1,0,0,0,0,0,0,0,0,2330.0,1,0,0,0,0,0,0,0,0
323,2017-04-24,09:33:27,0,IH1705,CCFX,2329.4,2328.2,2334.6,282,197289120,16812,16988,2561.8,2096.2,2329,2331.4,0.0,2333.4,0,0,0,2017-04-24,34407000,2329.2,1,0,0,0,0,0,0,0,0,2330.0,2,0,0,0,0,0,0,0,0
324,2017-04-24,09:33:27,500,IH1705,CCFX,2329.4,2328.2,2334.6,282,197289120,16812,16988,2561.8,2096.2,2329,2331.4,0.0,2333.4,0,0,0,2017-04-24,34407500,2329.2,2,0,0,0,0,0,0,0,0,2330.0,4,0,0,0,0,0,0,0,0
325,2017-04-24,09:33:30,0,IH1705,CCFX,2330.0,2328.2,2334.6,283,197988120,16811,16988,2561.8,2096.2,2329,2331.4,0.0,2333.4,0,0,0,2017-04-24,34410000,2329.2,2,0,0,0,0,0,0,0,0,2330.0,3,0,0,0,0,0,0,0,0
326,2017-04-24,09:33:30,500,IH1705,CCFX,2330.0,2328.2,2334.6,283,197988120,16811,16988,2561.8,2096.2,2329,2331.4,0.0,2333.4,0,0,0,2017-04-24,34410500,2329.4,1,0,0,0,0,0,0,0,0,2330.0,3,0,0,0,0,0,0,0,0
327,2017-04-24,09:33:31,0,IH1705,CCFX,2330.0,2328.2,2334.6,283,197988120,16811,16988,2561.8,2096.2,2329,2331.4,0.0,2333.4,0,0,0,2017-04-24,34411000,2329.4,1,0,0,0,0,0,0,0,0,2329.6,1,0,0,0,0,0,0,0,0
328,2017-04-24,09:33:31,500,IH1705,CCFX,2330.0,2328.2,2334.6,283,197988120,16811,16988,2561.8,2096.2,2329,2331.4,0.0,2333.4,0,0,0,2017-04-24,34411500,2329.4,2,0,0,0,0,0,0,0,0,2329.6,1,0,0,0,0,0,0,0,0
329,2017-04-24,09:33:32,0,IH1705,CCFX,2330.0,2328.2,2334.6,283,197988120,16811,16988,2561.8,2096.2,2329,2331.4,0.0,2333.4,0,0,0,2017-04-24,34412000,2329.4,2,0,0,0,0,0,0,0,0,2329.6,1,0,0,0,0,0,0,0,0
330,2017-04-24,09:33:32,500,IH1705,CCFX,2330.0,2328.2,2334.6,283,197988120,16811,16988,2561.8,2096.2,2329,2331.4,0.0,2333.4,0,0,0,2017-04-24,34412500,2329.4,2,0,0,0,0,0,0,0,0,2329.6,1,0,0,0,0,0,0,0,0
331,2017-04-24,09:33:33,0,IH1705,CCFX,2329.6,2328.2,2334.6,284,198687000,16810,16988,2561.8,2096.2,2329,2331.4,0.0,2333.4,0,0,0,2017-04-24,34413000,2329.6,2,0,0,0,0,0,0,0,0,2329.8,3,0,0,0,0,0,0,0,0
332,2017-04-24,09:33:34,0,IH1705,CCFX,2329.6,2328.2,2334.6,284,198687000,16810,16988,2561.8,2096.2,2329,2331.4,0.0,2333.4,0,0,0,2017-04-24,34414000,2329.6,2,0,0,0,0,0,0,0,0,2329.8,3,0,0,0,0,0,0,0,0
333,2017-04-24,09:33:35,0,IH1705,CCFX,2329.6,2328.2,2334.6,284,198687000,16810,16988,2561.8,2096.2,2329,2331.4,0.0,2333.4,0,0,0,2017-04-24,34415000,2329.6,2,0,0,0,0,0,0,0,0,2329.8,3,0,0,0,0,0,0,0,0
334,2017-04-24,09:33:36,500,IH1705,CCFX,2329.6,2328.2,2334.6,285,199385880,16810,16988,2561.8,2096.2,2329,2331.4,0.0,2333.4,0,0,0,2017-04-24,34416500,2329.6,1,0,0,0,0,0,0,0,0,2329.8,3,0,0,0,0,0,0,0,0
335,2017-04-24,09:33:37,0,IH1705,CCFX,2329.6,2328.2,2334.6,286,200084760,16810,16988,2561.8,2096.2,2329,2331.4,0.0,2333.4,0,0,0,2017-04-24,34417000,2329.4,1,0,0,0,0,0,0,0,0,2329.8,2,0,0,0,0,0,0,0,0
336,2017-04-24,09:33:37,500,IH1705,CCFX,2329.6,2328.2,2334.6,286,200084760,16810,16988,2561.8,2096.2,2329,2331.4,0.0,2333.4,0,0,0,2017-04-24,34417500,2329.4,1,0,0,0,0,0,0,0,0,2329.6,1,0,0,0,0,0,0,0,0
337,2017-04-24,09:33:38,0,IH1705,CCFX,2329.4,2328.2,2334.6,287,200783580,16809,16988,2561.8,2096.2,2329,2331.4,0.0,2333.4,0,0,0,2017-04-24,34418000,2329.2,1,0,0,0,0,0,0,0,0,2329.6,1,0,0,0,0,0,0,0,0
338,2017-04-24,09:33:39,0,IH1705,CCFX,2329.4,2328.2,2334.6,287,200783580,16809,16988,2561.8,2096.2,2329,2331.4,0.0,2333.4,0,0,0,2017-04-24,34419000,2329.2,1,0,0,0,0,0,0,0,0,2329.6,1,0,0,0,0,0,0,0,0
339,2017-04-24,09:33:40,0,IH1705,CCFX,2329.4,2328.2,2334.6,287,200783580,16809,16988,2561.8,2096.2,2329,2331.4,0.0,2333.4,0,0,0,2017-04-24,34420000,2329.2,1,0,0,0,0,0,0,0,0,2329.6,1,0,0,0,0,0,0,0,0
340,2017-04-24,09:33:41,0,IH1705,CCFX,2329.6,2328.2,2334.6,288,201482460,16809,16988,2561.8,2096.2,2329,2331.4,0.0,2333.4,0,0,0,2017-04-24,34421000,2329.2,1,0,0,0,0,0,0,0,0,2330.0,3,0,0,0,0,0,0,0,0
341,2017-04-24,09:33:41,500,IH1705,CCFX,2329.6,2328.2,2334.6,288,201482460,16809,16988,2561.8,2096.2,2329,2331.4,0.0,2333.4,0,0,0,2017-04-24,34421500,2329.2,1,0,0,0,0,0,0,0,0,2329.8,2,0,0,0,0,0,0,0,0
342,2017-04-24,09:33:42,0,IH1705,CCFX,2329.2,2328.2,2334.6,289,202181220,16808,16988,2561.8,2096.2,2329,2331.4,0.0,2333.4,0,0,0,2017-04-24,34422000,2328.4,1,0,0,0,0,0,0,0,0,2329.2,1,0,0,0,0,0,0,0,0
343,2017-04-24,09:33:42,500,IH1705,CCFX,2329.2,2328.2,2334.6,289,202181220,16808,16988,2561.8,2096.2,2329,2331.4,0.0,2333.4,0,0,0,2017-04-24,34422500,2328.6,5,0,0,0,0,0,0,0,0,2328.8,2,0,0,0,0,0,0,0,0
344,2017-04-24,09:33:43,0,IH1705,CCFX,2328.8,2328.2,2334.6,291,203578500,16808,16988,2561.8,2096.2,2329,2331.4,0.0,2333.4,0,0,0,2017-04-24,34423000,2328.8,1,0,0,0,0,0,0,0,0,2329.2,1,0,0,0,0,0,0,0,0
345,2017-04-24,09:33:43,500,IH1705,CCFX,2329.2,2328.2,2334.6,292,204277260,16808,16988,2561.8,2096.2,2329,2331.4,0.0,2333.4,0,0,0,2017-04-24,34423500,2328.6,5,0,0,0,0,0,0,0,0,2329.2,1,0,0,0,0,0,0,0,0
346,2017-04-24,09:33:44,0,IH1705,CCFX,2329.2,2328.2,2334.6,292,204277260,16808,16988,2561.8,2096.2,2329,2331.4,0.0,2333.4,0,0,0,2017-04-24,34424000,2328.8,1,0,0,0,0,0,0,0,0,2329.2,2,0,0,0,0,0,0,0,0
347,2017-04-24,09:33:44,500,IH1705,CCFX,2329.2,2328.2,2334.6,293,204976020,16807,16988,2561.8,2096.2,2329,2331.4,0.0,2333.4,0,0,0,2017-04-24,34424500,2328.8,1,0,0,0,0,0,0,0,0,2329.2,1,0,0,0,0,0,0,0,0
348,2017-04-24,09:33:45,0,IH1705,CCFX,2329.2,2328.2,2334.6,294,205674780,16806,16988,2561.8,2096.2,2329,2331.4,0.0,2333.4,0,0,0,2017-04-24,34425000,2328.8,3,0,0,0,0,0,0,0,0,2329.8,3,0,0,0,0,0,0,0,0
349,2017-04-24,09:33:45,500,IH1705,CCFX,2329.2,2328.2,2334.6,294,205674780,16806,16988,2561.8,2096.2,2329,2331.4,0.0,2333.4,0,0,0,2017-04-24,34425500,2328.8,5,0,0,0,0,0,0,0,0,2329.6,1,0,0,0,0,0,0,0,0
350,2017-04-24,09:33:46,0,IH1705,CCFX,2329.2,2328.2,2334.6,294,205674780,16806,16988,2561.8,2096.2,2329,2331.4,0.0,2333.4,0,0,0,2017-04-24,34426000,2328.8,5,0,0,0,0,0,0,0,0,2329.8,3,0,0,0,0,0,0,0,0
351,2017-04-24,09:33:46,500,IH1705,CCFX,2329.2,2328.2,2334.6,294,205674780,16806,16988,2561.8,2096.2,2329,2331.4,0.0,2333.4,0,0,0,2017-04-24,34426500,2328.8,5,0,0,0,0,0,0,0,0,2329.8,1,0,0,0,0,0,0,0,0
352,2017-04-24,09:33:47,0,IH1705,CCFX,2329.2,2328.2,2334.6,294,205674780,16806,16988,2561.8,2096.2,2329,2331.4,0.0,2333.4,0,0,0,2017-04-24,34427000,2329.0,1,0,0,0,0,0,0,0,0,2329.2,1,0,0,0,0,0,0,0,0
353,2017-04-24,09:33:47,500,IH1705,CCFX,2329.2,2328.2,2334.6,294,205674780,16806,16988,2561.8,2096.2,2329,2331.4,0.0,2333.4,0,0,0,2017-04-24,34427500,2329.0,1,0,0,0,0,0,0,0,0,2329.2,1,0,0,0,0,0,0,0,0
354,2017-04-24,09:33:48,0,IH1705,CCFX,2328.8,2328.2,2334.6,295,206373420,16805,16988,2561.8,2096.2,2329,2331.4,0.0,2333.4,0,0,0,2017-04-24,34428000,2328.8,4,0,0,0,0,0,0,0,0,2329.2,1,0,0,0,0,0,0,0,0
355,2017-04-24,09:33:49,0,IH1705,CCFX,2328.8,2328.2,2334.6,295,206373420,16805,16988,2561.8,2096.2,2329,2331.4,0.0,2333.4,0,0,0,2017-04-24,34429000,2328.4,1,0,0,0,0,0,0,0,0,2329.2,1,0,0,0,0,0,0,0,0
356,2017-04-24,09:33:49,500,IH1705,CCFX,2328.8,2328.2,2334.6,295,206373420,16805,16988,2561.8,2096.2,2329,2331.4,0.0,2333.4,0,0,0,2017-04-24,34429500,2328.8,2,0,0,0,0,0,0,0,0,2329.2,1,0,0,0,0,0,0,0,0
357,2017-04-24,09:33:50,0,IH1705,CCFX,2328.8,2328.2,2334.6,295,206373420,16805,16988,2561.8,2096.2,2329,2331.4,0.0,2333.4,0,0,0,2017-04-24,34430000,2329.0,1,0,0,0,0,0,0,0,0,2329.2,1,0,0,0,0,0,0,0,0
358,2017-04-24,09:33:50,500,IH1705,CCFX,2329.0,2328.2,2334.6,296,207072120,16804,16988,2561.8,2096.2,2329,2331.4,0.0,2333.4,0,0,0,2017-04-24,34430500,2328.8,4,0,0,0,0,0,0,0,0,2329.2,1,0,0,0,0,0,0,0,0
359,2017-04-24,09:33:51,0,IH1705,CCFX,2329.6,2328.2,2334.6,299,209168400,16801,16988,2561.8,2096.2,2329,2331.4,0.0,2333.4,0,0,0,2017-04-24,34431000,2328.8,3,0,0,0,0,0,0,0,0,2329.6,2,0,0,0,0,0,0,0,0
360,2017-04-24,09:33:51,500,IH1705,CCFX,2329.6,2328.2,2334.6,299,209168400,16801,16988,2561.8,2096.2,2329,2331.4,0.0,2333.4,0,0,0,2017-04-24,34431500,2328.8,3,0,0,0,0,0,0,0,0,2329.4,3,0,0,0,0,0,0,0,0
361,2017-04-24,09:33:52,0,IH1705,CCFX,2329.6,2328.2,2334.6,300,209867280,16800,16988,2561.8,2096.2,2329,2331.4,0.0,2333.4,0,0,0,2017-04-24,34432000,2328.8,3,0,0,0,0,0,0,0,0,2329.4,2,0,0,0,0,0,0,0,0
362,2017-04-24,09:33:52,500,IH1705,CCFX,2329.6,2328.2,2334.6,300,209867280,16800,16988,2561.8,2096.2,2329,2331.4,0.0,2333.4,0,0,0,2017-04-24,34432500,2328.8,3,0,0,0,0,0,0,0,0,2329.2,1,0,0,0,0,0,0,0,0
363,2017-04-24,09:33:53,500,IH1705,CCFX,2329.6,2328.2,2334.6,300,209867280,16800,16988,2561.8,2096.2,2329,2331.4,0.0,2333.4,0,0,0,2017-04-24,34433500,2328.8,3,0,0,0,0,0,0,0,0,2329.0,2,0,0,0,0,0,0,0,0
364,2017-04-24,09:33:55,0,IH1705,CCFX,2328.8,2328.2,2334.6,303,211963200,16797,16988,2561.8,2096.2,2329,2331.4,0.0,2333.4,0,0,0,2017-04-24,34435000,2328.4,1,0,0,0,0,0,0,0,0,2328.8,2,0,0,0,0,0,0,0,0
365,2017-04-24,09:33:55,500,IH1705,CCFX,2328.8,2328.2,2334.6,303,211963200,16797,16988,2561.8,2096.2,2329,2331.4,0.0,2333.4,0,0,0,2017-04-24,34435500,2328.4,1,0,0,0,0,0,0,0,0,2328.6,1,0,0,0,0,0,0,0,0
366,2017-04-24,09:33:56,0,IH1705,CCFX,2328.4,2328.2,2334.6,304,212661720,16796,16988,2561.8,2096.2,2329,2331.4,0.0,2333.4,0,0,0,2017-04-24,34436000,2328.2,3,0,0,0,0,0,0,0,0,2328.4,1,0,0,0,0,0,0,0,0
367,2017-04-24,09:33:56,500,IH1705,CCFX,2328.4,2328.2,2334.6,304,212661720,16796,16988,2561.8,2096.2,2329,2331.4,0.0,2333.4,0,0,0,2017-04-24,34436500,2328.2,2,0,0,0,0,0,0,0,0,2328.4,6,0,0,0,0,0,0,0,0
368,2017-04-24,09:33:57,0,IH1705,CCFX,2328.0,2328.0,2334.6,307,214757040,16795,16988,2561.8,2096.2,2329,2331.4,0.0,2333.4,0,0,0,2017-04-24,34437000,2327.6,1,0,0,0,0,0,0,0,0,2328.4,6,0,0,0,0,0,0,0,0
369,2017-04-24,09:33:57,500,IH1705,CCFX,2328.0,2328.0,2334.6,307,214757040,16795,16988,2561.8,2096.2,2329,2331.4,0.0,2333.4,0,0,0,2017-04-24,34437500,2327.6,1,0,0,0,0,0,0,0,0,2328.4,6,0,0,0,0,0,0,0,0
370,2017-04-24,09:33:58,500,IH1705,CCFX,2328.0,2328.0,2334.6,307,214757040,16795,16988,2561.8,2096.2,2329,2331.4,0.0,2333.4,0,0,0,2017-04-24,34438500,2327.6,1,0,0,0,0,0,0,0,0,2328.2,1,0,0,0,0,0,0,0,0
371,2017-04-24,09:34:00,0,IH1705,CCFX,2328.0,2328.0,2334.6,307,214757040,16795,16988,2561.8,2096.2,2329,2331.4,0.0,2333.4,0,0,0,2017-04-24,34440000,2327.6,1,0,0,0,0,0,0,0,0,2327.8,5,0,0,0,0,0,0,0,0
372,2017-04-24,09:34:00,500,IH1705,CCFX,2327.6,2327.6,2334.6,308,215455320,16795,16988,2561.8,2096.2,2329,2331.4,0.0,2333.4,0,0,0,2017-04-24,34440500,2327.4,1,0,0,0,0,0,0,0,0,2328.2,2,0,0,0,0,0,0,0,0
373,2017-04-24,09:34:01,0,IH1705,CCFX,2327.6,2327.6,2334.6,308,215455320,16795,16988,2561.8,2096.2,2329,2331.4,0.0,2333.4,0,0,0,2017-04-24,34441000,2327.4,1,0,0,0,0,0,0,0,0,2327.6,1,0,0,0,0,0,0,0,0
374,2017-04-24,09:34:02,0,IH1705,CCFX,2327.4,2327.4,2334.6,310,216851820,16794,16988,2561.8,2096.2,2329,2331.4,0.0,2333.4,0,0,0,2017-04-24,34442000,2327.2,1,0,0,0,0,0,0,0,0,2327.8,5,0,0,0,0,0,0,0,0
375,2017-04-24,09:34:02,500,IH1705,CCFX,2327.4,2327.4,2334.6,311,217550040,16794,16988,2561.8,2096.2,2329,2331.4,0.0,2333.4,0,0,0,2017-04-24,34442500,2327.2,1,0,0,0,0,0,0,0,0,2327.4,4,0,0,0,0,0,0,0,0
376,2017-04-24,09:34:03,0,IH1705,CCFX,2327.4,2327.4,2334.6,313,218946480,16794,16988,2561.8,2096.2,2329,2331.4,0.0,2333.4,0,0,0,2017-04-24,34443000,2327.2,1,0,0,0,0,0,0,0,0,2327.4,2,0,0,0,0,0,0,0,0
377,2017-04-24,09:34:03,500,IH1705,CCFX,2327.4,2327.4,2334.6,313,218946480,16794,16988,2561.8,2096.2,2329,2331.4,0.0,2333.4,0,0,0,2017-04-24,34443500,2327.2,1,0,0,0,0,0,0,0,0,2327.4,3,0,0,0,0,0,0,0,0
378,2017-04-24,09:34:04,0,IH1705,CCFX,2327.2,2327.2,2334.6,314,219644640,16794,16988,2561.8,2096.2,2329,2331.4,0.0,2333.4,0,0,0,2017-04-24,34444000,2327.0,2,0,0,0,0,0,0,0,0,2327.4,3,0,0,0,0,0,0,0,0
379,2017-04-24,09:34:04,500,IH1705,CCFX,2327.4,2327.2,2334.6,316,221041080,16792,16988,2561.8,2096.2,2329,2331.4,0.0,2333.4,0,0,0,2017-04-24,34444500,2327.0,2,0,0,0,0,0,0,0,0,2327.4,1,0,0,0,0,0,0,0,0
380,2017-04-24,09:34:05,0,IH1705,CCFX,2327.4,2327.2,2334.6,316,221041080,16792,16988,2561.8,2096.2,2329,2331.4,0.0,2333.4,0,0,0,2017-04-24,34445000,2327.2,1,0,0,0,0,0,0,0,0,2327.4,1,0,0,0,0,0,0,0,0
381,2017-04-24,09:34:05,500,IH1705,CCFX,2327.4,2327.2,2334.6,319,223135740,16789,16988,2561.8,2096.2,2329,2331.4,0.0,2333.4,0,0,0,2017-04-24,34445500,2327.2,3,0,0,0,0,0,0,0,0,2328.2,2,0,0,0,0,0,0,0,0
382,2017-04-24,09:34:06,0,IH1705,CCFX,2327.4,2327.2,2334.6,319,223135740,16789,16988,2561.8,2096.2,2329,2331.4,0.0,2333.4,0,0,0,2017-04-24,34446000,2327.2,3,0,0,0,0,0,0,0,0,2328.0,2,0,0,0,0,0,0,0,0
383,2017-04-24,09:34:07,0,IH1705,CCFX,2328.0,2327.2,2334.6,320,223834140,16788,16988,2561.8,2096.2,2329,2331.4,0.0,2333.4,0,0,0,2017-04-24,34447000,2327.2,3,0,0,0,0,0,0,0,0,2328.0,1,0,0,0,0,0,0,0,0
384,2017-04-24,09:34:07,500,IH1705,CCFX,2327.2,2327.2,2334.6,323,225928680,16785,16988,2561.8,2096.2,2329,2331.4,0.0,2333.4,0,0,0,2017-04-24,34447500,2327.2,1,0,0,0,0,0,0,0,0,2327.8,1,0,0,0,0,0,0,0,0
385,2017-04-24,09:34:08,0,IH1705,CCFX,2327.2,2327.2,2334.6,323,225928680,16785,16988,2561.8,2096.2,2329,2331.4,0.0,2333.4,0,0,0,2017-04-24,34448000,2327.4,1,0,0,0,0,0,0,0,0,2327.6,1,0,0,0,0,0,0,0,0
386,2017-04-24,09:34:09,0,IH1705,CCFX,2327.2,2327.2,2334.6,323,225928680,16785,16988,2561.8,2096.2,2329,2331.4,0.0,2333.4,0,0,0,2017-04-24,34449000,2327.2,1,0,0,0,0,0,0,0,0,2327.6,1,0,0,0,0,0,0,0,0
387,2017-04-24,09:34:10,0,IH1705,CCFX,2327.2,2327.2,2334.6,323,225928680,16785,16988,2561.8,2096.2,2329,2331.4,0.0,2333.4,0,0,0,2017-04-24,34450000,2327.0,2,0,0,0,0,0,0,0,0,2327.6,1,0,0,0,0,0,0,0,0
388,2017-04-24,09:34:10,500,IH1705,CCFX,2327.2,2327.2,2334.6,323,225928680,16785,16988,2561.8,2096.2,2329,2331.4,0.0,2333.4,0,0,0,2017-04-24,34450500,2327.0,2,0,0,0,0,0,0,0,0,2327.4,1,0,0,0,0,0,0,0,0
389,2017-04-24,09:34:13,500,IH1705,CCFX,2327.2,2327.2,2334.6,323,225928680,16785,16988,2561.8,2096.2,2329,2331.4,0.0,2333.4,0,0,0,2017-04-24,34453500,2327.0,2,0,0,0,0,0,0,0,0,2327.4,1,0,0,0,0,0,0,0,0
390,2017-04-24,09:34:14,0,IH1705,CCFX,2327.0,2327.0,2334.6,326,228023280,16782,16988,2561.8,2096.2,2329,2331.4,0.0,2333.4,0,0,0,2017-04-24,34454000,2327.0,1,0,0,0,0,0,0,0,0,2327.8,1,0,0,0,0,0,0,0,0
391,2017-04-24,09:34:14,500,IH1705,CCFX,2327.0,2327.0,2334.6,326,228023280,16782,16988,2561.8,2096.2,2329,2331.4,0.0,2333.4,0,0,0,2017-04-24,34454500,2327.2,1,0,0,0,0,0,0,0,0,2327.8,1,0,0,0,0,0,0,0,0
392,2017-04-24,09:34:15,0,IH1705,CCFX,2327.0,2327.0,2334.6,328,229419480,16780,16988,2561.8,2096.2,2329,2331.4,0.0,2333.4,0,0,0,2017-04-24,34455000,2326.8,2,0,0,0,0,0,0,0,0,2327.8,1,0,0,0,0,0,0,0,0
393,2017-04-24,09:34:15,500,IH1705,CCFX,2326.8,2326.8,2334.6,330,230815560,16780,16988,2561.8,2096.2,2329,2331.4,0.0,2333.4,0,0,0,2017-04-24,34455500,2325.6,2,0,0,0,0,0,0,0,0,2327.8,1,0,0,0,0,0,0,0,0
394,2017-04-24,09:34:16,0,IH1705,CCFX,2326.8,2326.8,2334.6,330,230815560,16780,16988,2561.8,2096.2,2329,2331.4,0.0,2333.4,0,0,0,2017-04-24,34456000,2326.2,1,0,0,0,0,0,0,0,0,2327.2,2,0,0,0,0,0,0,0,0
395,2017-04-24,09:34:16,500,IH1705,CCFX,2326.8,2326.8,2334.6,330,230815560,16780,16988,2561.8,2096.2,2329,2331.4,0.0,2333.4,0,0,0,2017-04-24,34456500,2326.2,1,0,0,0,0,0,0,0,0,2327.2,2,0,0,0,0,0,0,0,0
396,2017-04-24,09:34:17,0,IH1705,CCFX,2326.8,2326.8,2334.6,330,230815560,16780,16988,2561.8,2096.2,2329,2331.4,0.0,2333.4,0,0,0,2017-04-24,34457000,2326.2,1,0,0,0,0,0,0,0,0,2327.2,3,0,0,0,0,0,0,0,0
397,2017-04-24,09:34:17,500,IH1705,CCFX,2327.2,2326.8,2334.6,331,231513720,16779,16988,2561.8,2096.2,2329,2331.4,0.0,2333.4,0,0,0,2017-04-24,34457500,2326.2,1,0,0,0,0,0,0,0,0,2327.2,2,0,0,0,0,0,0,0,0
398,2017-04-24,09:34:19,0,IH1705,CCFX,2327.2,2326.8,2334.6,331,231513720,16779,16988,2561.8,2096.2,2329,2331.4,0.0,2333.4,0,0,0,2017-04-24,34459000,2326.4,2,0,0,0,0,0,0,0,0,2327.2,2,0,0,0,0,0,0,0,0
399,2017-04-24,09:34:19,500,IH1705,CCFX,2327.2,2326.8,2334.6,331,231513720,16779,16988,2561.8,2096.2,2329,2331.4,0.0,2333.4,0,0,0,2017-04-24,34459500,2326.4,4,0,0,0,0,0,0,0,0,2327.2,3,0,0,0,0,0,0,0,0
400,2017-04-24,09:34:20,0,IH1705,CCFX,2327.2,2326.8,2334.6,331,231513720,16779,16988,2561.8,2096.2,2329,2331.4,0.0,2333.4,0,0,0,2017-04-24,34460000,2326.4,4,0,0,0,0,0,0,0,0,2327.2,3,0,0,0,0,0,0,0,0
401,2017-04-24,09:34:20,500,IH1705,CCFX,2327.2,2326.8,2334.6,331,231513720,16779,16988,2561.8,2096.2,2329,2331.4,0.0,2333.4,0,0,0,2017-04-24,34460500,2326.4,4,0,0,0,0,0,0,0,0,2327.2,3,0,0,0,0,0,0,0,0
402,2017-04-24,09:34:21,0,IH1705,CCFX,2327.2,2326.8,2334.6,331,231513720,16779,16988,2561.8,2096.2,2329,2331.4,0.0,2333.4,0,0,0,2017-04-24,34461000,2326.6,1,0,0,0,0,0,0,0,0,2327.0,1,0,0,0,0,0,0,0,0
403,2017-04-24,09:34:21,500,IH1705,CCFX,2326.6,2326.6,2334.6,332,232211700,16778,16988,2561.8,2096.2,2329,2331.4,0.0,2333.4,0,0,0,2017-04-24,34461500,2326.4,2,0,0,0,0,0,0,0,0,2326.8,1,0,0,0,0,0,0,0,0
404,2017-04-24,09:34:22,0,IH1705,CCFX,2326.6,2326.6,2334.6,332,232211700,16778,16988,2561.8,2096.2,2329,2331.4,0.0,2333.4,0,0,0,2017-04-24,34462000,2326.4,2,0,0,0,0,0,0,0,0,2326.6,2,0,0,0,0,0,0,0,0
405,2017-04-24,09:34:22,500,IH1705,CCFX,2326.6,2326.4,2334.6,335,234305520,16779,16988,2561.8,2096.2,2329,2331.4,0.0,2333.4,0,0,0,2017-04-24,34462500,2326.2,1,0,0,0,0,0,0,0,0,2326.8,1,0,0,0,0,0,0,0,0
406,2017-04-24,09:34:23,0,IH1705,CCFX,2326.6,2326.4,2334.6,335,234305520,16779,16988,2561.8,2096.2,2329,2331.4,0.0,2333.4,0,0,0,2017-04-24,34463000,2326.2,1,0,0,0,0,0,0,0,0,2326.8,1,0,0,0,0,0,0,0,0
407,2017-04-24,09:34:23,500,IH1705,CCFX,2326.6,2326.4,2334.6,335,234305520,16779,16988,2561.8,2096.2,2329,2331.4,0.0,2333.4,0,0,0,2017-04-24,34463500,2326.2,1,0,0,0,0,0,0,0,0,2326.8,1,0,0,0,0,0,0,0,0
408,2017-04-24,09:34:24,0,IH1705,CCFX,2326.6,2326.4,2334.6,335,234305520,16779,16988,2561.8,2096.2,2329,2331.4,0.0,2333.4,0,0,0,2017-04-24,34464000,2326.2,1,0,0,0,0,0,0,0,0,2326.8,1,0,0,0,0,0,0,0,0
409,2017-04-24,09:34:24,500,IH1705,CCFX,2326.6,2326.4,2334.6,335,234305520,16779,16988,2561.8,2096.2,2329,2331.4,0.0,2333.4,0,0,0,2017-04-24,34464500,2326.4,1,0,0,0,0,0,0,0,0,2326.8,1,0,0,0,0,0,0,0,0
410,2017-04-24,09:34:25,0,IH1705,CCFX,2326.8,2326.4,2334.6,336,235003560,16778,16988,2561.8,2096.2,2329,2331.4,0.0,2333.4,0,0,0,2017-04-24,34465000,2326.6,2,0,0,0,0,0,0,0,0,2327.2,2,0,0,0,0,0,0,0,0
411,2017-04-24,09:34:25,500,IH1705,CCFX,2326.6,2326.4,2334.6,337,235701540,16778,16988,2561.8,2096.2,2329,2331.4,0.0,2333.4,0,0,0,2017-04-24,34465500,2326.8,1,0,0,0,0,0,0,0,0,2327.2,2,0,0,0,0,0,0,0,0
412,2017-04-24,09:34:26,0,IH1705,CCFX,2326.8,2326.4,2334.6,338,236399580,16778,16988,2561.8,2096.2,2329,2331.4,0.0,2333.4,0,0,0,2017-04-24,34466000,2326.6,3,0,0,0,0,0,0,0,0,2327.2,2,0,0,0,0,0,0,0,0
413,2017-04-24,09:34:27,0,IH1705,CCFX,2326.8,2326.4,2334.6,338,236399580,16778,16988,2561.8,2096.2,2329,2331.4,0.0,2333.4,0,0,0,2017-04-24,34467000,2326.6,3,0,0,0,0,0,0,0,0,2326.8,1,0,0,0,0,0,0,0,0
414,2017-04-24,09:34:27,500,IH1705,CCFX,2326.6,2326.4,2334.6,339,237097560,16777,16988,2561.8,2096.2,2329,2331.4,0.0,2333.4,0,0,0,2017-04-24,34467500,2326.6,2,0,0,0,0,0,0,0,0,2326.8,1,0,0,0,0,0,0,0,0
415,2017-04-24,09:34:28,0,IH1705,CCFX,2326.2,2326.2,2334.6,342,239191380,16776,16988,2561.8,2096.2,2329,2331.4,0.0,2333.4,0,0,0,2017-04-24,34468000,2325.8,1,0,0,0,0,0,0,0,0,2326.8,1,0,0,0,0,0,0,0,0
416,2017-04-24,09:34:29,0,IH1705,CCFX,2326.2,2326.2,2334.6,342,239191380,16776,16988,2561.8,2096.2,2329,2331.4,0.0,2333.4,0,0,0,2017-04-24,34469000,2325.8,1,0,0,0,0,0,0,0,0,2326.8,1,0,0,0,0,0,0,0,0
417,2017-04-24,09:34:30,500,IH1705,CCFX,2326.2,2326.2,2334.6,342,239191380,16776,16988,2561.8,2096.2,2329,2331.4,0.0,2333.4,0,0,0,2017-04-24,34470500,2325.8,1,0,0,0,0,0,0,0,0,2326.6,1,0,0,0,0,0,0,0,0
418,2017-04-24,09:34:31,0,IH1705,CCFX,2326.2,2326.2,2334.6,342,239191380,16776,16988,2561.8,2096.2,2329,2331.4,0.0,2333.4,0,0,0,2017-04-24,34471000,2325.8,1,0,0,0,0,0,0,0,0,2326.6,1,0,0,0,0,0,0,0,0
419,2017-04-24,09:34:31,500,IH1705,CCFX,2326.2,2326.2,2334.6,342,239191380,16776,16988,2561.8,2096.2,2329,2331.4,0.0,2333.4,0,0,0,2017-04-24,34471500,2325.8,1,0,0,0,0,0,0,0,0,2326.4,1,0,0,0,0,0,0,0,0
420,2017-04-24,09:34:33,0,IH1705,CCFX,2326.2,2326.2,2334.6,342,239191380,16776,16988,2561.8,2096.2,2329,2331.4,0.0,2333.4,0,0,0,2017-04-24,34473000,2326.2,1,0,0,0,0,0,0,0,0,2326.6,1,0,0,0,0,0,0,0,0
421,2017-04-24,09:34:33,500,IH1705,CCFX,2326.2,2326.2,2334.6,342,239191380,16776,16988,2561.8,2096.2,2329,2331.4,0.0,2333.4,0,0,0,2017-04-24,34473500,2326.2,1,0,0,0,0,0,0,0,0,2326.6,1,0,0,0,0,0,0,0,0
422,2017-04-24,09:34:35,0,IH1705,CCFX,2326.2,2326.2,2334.6,342,239191380,16776,16988,2561.8,2096.2,2329,2331.4,0.0,2333.4,0,0,0,2017-04-24,34475000,2326.2,1,0,0,0,0,0,0,0,0,2326.8,1,0,0,0,0,0,0,0,0
423,2017-04-24,09:34:36,0,IH1705,CCFX,2326.2,2326.2,2334.6,342,239191380,16776,16988,2561.8,2096.2,2329,2331.4,0.0,2333.4,0,0,0,2017-04-24,34476000,2326.4,1,0,0,0,0,0,0,0,0,2326.8,1,0,0,0,0,0,0,0,0
424,2017-04-24,09:34:36,500,IH1705,CCFX,2326.2,2326.2,2334.6,342,239191380,16776,16988,2561.8,2096.2,2329,2331.4,0.0,2333.4,0,0,0,2017-04-24,34476500,2326.4,1,0,0,0,0,0,0,0,0,2326.6,1,0,0,0,0,0,0,0,0
425,2017-04-24,09:34:37,500,IH1705,CCFX,2326.2,2326.2,2334.6,342,239191380,16776,16988,2561.8,2096.2,2329,2331.4,0.0,2333.4,0,0,0,2017-04-24,34477500,2326.4,1,0,0,0,0,0,0,0,0,2326.8,1,0,0,0,0,0,0,0,0
426,2017-04-24,09:34:38,500,IH1705,CCFX,2326.2,2326.2,2334.6,342,239191380,16776,16988,2561.8,2096.2,2329,2331.4,0.0,2333.4,0,0,0,2017-04-24,34478500,2326.4,1,0,0,0,0,0,0,0,0,2326.8,1,0,0,0,0,0,0,0,0
427,2017-04-24,09:34:40,0,IH1705,CCFX,2326.2,2326.2,2334.6,342,239191380,16776,16988,2561.8,2096.2,2329,2331.4,0.0,2333.4,0,0,0,2017-04-24,34480000,2326.4,1,0,0,0,0,0,0,0,0,2326.8,2,0,0,0,0,0,0,0,0
428,2017-04-24,09:34:40,500,IH1705,CCFX,2326.8,2326.2,2334.6,343,239889420,16777,16988,2561.8,2096.2,2329,2331.4,0.0,2333.4,0,0,0,2017-04-24,34480500,2326.4,1,0,0,0,0,0,0,0,0,2326.8,2,0,0,0,0,0,0,0,0
429,2017-04-24,09:34:41,0,IH1705,CCFX,2326.8,2326.2,2334.6,344,240587460,16777,16988,2561.8,2096.2,2329,2331.4,0.0,2333.4,0,0,0,2017-04-24,34481000,2326.4,1,0,0,0,0,0,0,0,0,2326.8,1,0,0,0,0,0,0,0,0
430,2017-04-24,09:34:42,0,IH1705,CCFX,2326.8,2326.2,2334.6,345,241285500,16777,16988,2561.8,2096.2,2329,2331.4,0.0,2333.4,0,0,0,2017-04-24,34482000,2326.4,1,0,0,0,0,0,0,0,0,2327.0,3,0,0,0,0,0,0,0,0
431,2017-04-24,09:34:43,500,IH1705,CCFX,2326.8,2326.2,2334.6,345,241285500,16777,16988,2561.8,2096.2,2329,2331.4,0.0,2333.4,0,0,0,2017-04-24,34483500,2326.6,1,0,0,0,0,0,0,0,0,2327.0,3,0,0,0,0,0,0,0,0
432,2017-04-24,09:34:44,0,IH1705,CCFX,2326.6,2326.2,2334.6,346,241983480,16777,16988,2561.8,2096.2,2329,2331.4,0.0,2333.4,0,0,0,2017-04-24,34484000,2326.4,1,0,0,0,0,0,0,0,0,2327.0,3,0,0,0,0,0,0,0,0
433,2017-04-24,09:34:44,500,IH1705,CCFX,2327.0,2326.2,2334.6,349,244077780,16777,16988,2561.8,2096.2,2329,2331.4,0.0,2333.4,0,0,0,2017-04-24,34484500,2326.4,1,0,0,0,0,0,0,0,0,2327.2,2,0,0,0,0,0,0,0,0
434,2017-04-24,09:34:45,0,IH1705,CCFX,2327.0,2326.2,2334.6,349,244077780,16777,16988,2561.8,2096.2,2329,2331.4,0.0,2333.4,0,0,0,2017-04-24,34485000,2326.4,1,0,0,0,0,0,0,0,0,2327.2,2,0,0,0,0,0,0,0,0
435,2017-04-24,09:34:45,500,IH1705,CCFX,2326.4,2326.2,2334.6,350,244775700,16776,16988,2561.8,2096.2,2329,2331.4,0.0,2333.4,0,0,0,2017-04-24,34485500,2326.6,1,0,0,0,0,0,0,0,0,2327.2,2,0,0,0,0,0,0,0,0
436,2017-04-24,09:34:46,500,IH1705,CCFX,2326.4,2326.2,2334.6,350,244775700,16776,16988,2561.8,2096.2,2329,2331.4,0.0,2333.4,0,0,0,2017-04-24,34486500,2326.6,1,0,0,0,0,0,0,0,0,2326.8,1,0,0,0,0,0,0,0,0
437,2017-04-24,09:34:47,0,IH1705,CCFX,2326.8,2326.2,2334.6,351,245473740,16775,16988,2561.8,2096.2,2329,2331.4,0.0,2333.4,0,0,0,2017-04-24,34487000,2326.6,1,0,0,0,0,0,0,0,0,2327.2,2,0,0,0,0,0,0,0,0
438,2017-04-24,09:34:47,500,IH1705,CCFX,2326.8,2326.2,2334.6,351,245473740,16775,16988,2561.8,2096.2,2329,2331.4,0.0,2333.4,0,0,0,2017-04-24,34487500,2326.6,1,0,0,0,0,0,0,0,0,2327.2,3,0,0,0,0,0,0,0,0
439,2017-04-24,09:34:48,0,IH1705,CCFX,2326.8,2326.2,2334.6,351,245473740,16775,16988,2561.8,2096.2,2329,2331.4,0.0,2333.4,0,0,0,2017-04-24,34488000,2326.6,1,0,0,0,0,0,0,0,0,2327.2,3,0,0,0,0,0,0,0,0
440,2017-04-24,09:34:49,0,IH1705,CCFX,2326.8,2326.2,2334.6,351,245473740,16775,16988,2561.8,2096.2,2329,2331.4,0.0,2333.4,0,0,0,2017-04-24,34489000,2326.6,1,0,0,0,0,0,0,0,0,2327.2,3,0,0,0,0,0,0,0,0
441,2017-04-24,09:34:50,0,IH1705,CCFX,2327.2,2326.2,2334.6,354,247568160,16773,16988,2561.8,2096.2,2329,2331.4,0.0,2333.4,0,0,0,2017-04-24,34490000,2326.6,1,0,0,0,0,0,0,0,0,2327.2,1,0,0,0,0,0,0,0,0
442,2017-04-24,09:34:50,500,IH1705,CCFX,2327.2,2326.2,2334.6,354,247568160,16773,16988,2561.8,2096.2,2329,2331.4,0.0,2333.4,0,0,0,2017-04-24,34490500,2326.6,1,0,0,0,0,0,0,0,0,2327.0,1,0,0,0,0,0,0,0,0
443,2017-04-24,09:34:51,0,IH1705,CCFX,2327.2,2326.2,2334.6,354,247568160,16773,16988,2561.8,2096.2,2329,2331.4,0.0,2333.4,0,0,0,2017-04-24,34491000,2326.6,1,0,0,0,0,0,0,0,0,2326.8,2,0,0,0,0,0,0,0,0
444,2017-04-24,09:34:51,500,IH1705,CCFX,2326.6,2326.2,2334.6,355,248266140,16773,16988,2561.8,2096.2,2329,2331.4,0.0,2333.4,0,0,0,2017-04-24,34491500,2326.2,1,0,0,0,0,0,0,0,0,2326.8,2,0,0,0,0,0,0,0,0
445,2017-04-24,09:34:52,0,IH1705,CCFX,2326.6,2326.2,2334.6,355,248266140,16773,16988,2561.8,2096.2,2329,2331.4,0.0,2333.4,0,0,0,2017-04-24,34492000,2326.4,1,0,0,0,0,0,0,0,0,2326.8,2,0,0,0,0,0,0,0,0
446,2017-04-24,09:34:53,500,IH1705,CCFX,2326.8,2326.2,2334.6,357,249662220,16773,16988,2561.8,2096.2,2329,2331.4,0.0,2333.4,0,0,0,2017-04-24,34493500,2326.4,1,0,0,0,0,0,0,0,0,2326.8,1,0,0,0,0,0,0,0,0
447,2017-04-24,09:34:54,0,IH1705,CCFX,2326.8,2326.2,2334.6,358,250360260,16772,16988,2561.8,2096.2,2329,2331.4,0.0,2333.4,0,0,0,2017-04-24,34494000,2326.8,2,0,0,0,0,0,0,0,0,2327.0,1,0,0,0,0,0,0,0,0
448,2017-04-24,09:34:54,500,IH1705,CCFX,2327.0,2326.2,2334.6,359,251058360,16771,16988,2561.8,2096.2,2329,2331.4,0.0,2333.4,0,0,0,2017-04-24,34494500,2326.8,2,0,0,0,0,0,0,0,0,2327.2,1,0,0,0,0,0,0,0,0
449,2017-04-24,09:34:55,0,IH1705,CCFX,2326.8,2326.2,2334.6,361,252454560,16769,16988,2561.8,2096.2,2329,2331.4,0.0,2333.4,0,0,0,2017-04-24,34495000,2326.8,1,0,0,0,0,0,0,0,0,2327.4,1,0,0,0,0,0,0,0,0
450,2017-04-24,09:34:55,500,IH1705,CCFX,2326.8,2326.2,2334.6,361,252454560,16769,16988,2561.8,2096.2,2329,2331.4,0.0,2333.4,0,0,0,2017-04-24,34495500,2326.8,1,0,0,0,0,0,0,0,0,2327.4,1,0,0,0,0,0,0,0,0
451,2017-04-24,09:34:56,0,IH1705,CCFX,2326.8,2326.2,2334.6,361,252454560,16769,16988,2561.8,2096.2,2329,2331.4,0.0,2333.4,0,0,0,2017-04-24,34496000,2326.8,1,0,0,0,0,0,0,0,0,2327.4,1,0,0,0,0,0,0,0,0
452,2017-04-24,09:34:56,500,IH1705,CCFX,2326.8,2326.2,2334.6,361,252454560,16769,16988,2561.8,2096.2,2329,2331.4,0.0,2333.4,0,0,0,2017-04-24,34496500,2326.8,2,0,0,0,0,0,0,0,0,2327.4,1,0,0,0,0,0,0,0,0
453,2017-04-24,09:34:57,0,IH1705,CCFX,2327.4,2326.2,2334.6,362,253152780,16769,16988,2561.8,2096.2,2329,2331.4,0.0,2333.4,0,0,0,2017-04-24,34497000,2327.0,1,0,0,0,0,0,0,0,0,2327.6,1,0,0,0,0,0,0,0,0
454,2017-04-24,09:34:57,500,IH1705,CCFX,2327.4,2326.2,2334.6,362,253152780,16769,16988,2561.8,2096.2,2329,2331.4,0.0,2333.4,0,0,0,2017-04-24,34497500,2327.4,2,0,0,0,0,0,0,0,0,2327.6,1,0,0,0,0,0,0,0,0
455,2017-04-24,09:34:58,0,IH1705,CCFX,2327.6,2326.2,2334.6,363,253851060,16768,16988,2561.8,2096.2,2329,2331.4,0.0,2333.4,0,0,0,2017-04-24,34498000,2327.4,1,0,0,0,0,0,0,0,0,2328.4,1,0,0,0,0,0,0,0,0
456,2017-04-24,09:34:58,500,IH1705,CCFX,2327.6,2326.2,2334.6,363,253851060,16768,16988,2561.8,2096.2,2329,2331.4,0.0,2333.4,0,0,0,2017-04-24,34498500,2327.4,1,0,0,0,0,0,0,0,0,2328.2,2,0,0,0,0,0,0,0,0
457,2017-04-24,09:34:59,0,IH1705,CCFX,2327.4,2326.2,2334.6,364,254549280,16768,16988,2561.8,2096.2,2329,2331.4,0.0,2333.4,0,0,0,2017-04-24,34499000,2327.8,1,0,0,0,0,0,0,0,0,2328.2,1,0,0,0,0,0,0,0,0
458,2017-04-24,09:34:59,500,IH1705,CCFX,2327.8,2326.2,2334.6,365,255247620,16767,16988,2561.8,2096.2,2329,2331.4,0.0,2333.4,0,0,0,2017-04-24,34499500,2326.8,2,0,0,0,0,0,0,0,0,2327.8,1,0,0,0,0,0,0,0,0
459,2017-04-24,09:35:00,0,IH1705,CCFX,2327.8,2326.2,2334.6,365,255247620,16767,16988,2561.8,2096.2,2329,2331.4,0.0,2333.4,0,0,0,2017-04-24,34500000,2327.0,4,0,0,0,0,0,0,0,0,2327.6,1,0,0,0,0,0,0,0,0
460,2017-04-24,09:35:00,500,IH1705,CCFX,2327.8,2326.2,2334.6,365,255247620,16767,16988,2561.8,2096.2,2329,2331.4,0.0,2333.4,0,0,0,2017-04-24,34500500,2327.0,5,0,0,0,0,0,0,0,0,2327.4,1,0,0,0,0,0,0,0,0
461,2017-04-24,09:35:01,0,IH1705,CCFX,2327.0,2326.2,2334.6,368,257341920,16764,16988,2561.8,2096.2,2329,2331.4,0.0,2333.4,0,0,0,2017-04-24,34501000,2327.0,2,0,0,0,0,0,0,0,0,2327.4,1,0,0,0,0,0,0,0,0
462,2017-04-24,09:35:01,500,IH1705,CCFX,2326.8,2326.2,2334.6,371,259436160,16761,16988,2561.8,2096.2,2329,2331.4,0.0,2333.4,0,0,0,2017-04-24,34501500,2326.8,1,0,0,0,0,0,0,0,0,2327.2,1,0,0,0,0,0,0,0,0
463,2017-04-24,09:35:02,0,IH1705,CCFX,2327.2,2326.2,2334.6,373,260832360,16759,16988,2561.8,2096.2,2329,2331.4,0.0,2333.4,0,0,0,2017-04-24,34502000,2327.0,1,0,0,0,0,0,0,0,0,2327.2,1,0,0,0,0,0,0,0,0
464,2017-04-24,09:35:02,500,IH1705,CCFX,2327.2,2326.2,2334.6,375,262228620,16758,16988,2561.8,2096.2,2329,2331.4,0.0,2333.4,0,0,0,2017-04-24,34502500,2326.2,2,0,0,0,0,0,0,0,0,2327.6,4,0,0,0,0,0,0,0,0
465,2017-04-24,09:35:03,0,IH1705,CCFX,2327.4,2326.2,2334.6,376,262926840,16757,16988,2561.8,2096.2,2329,2331.4,0.0,2333.4,0,0,0,2017-04-24,34503000,2326.4,2,0,0,0,0,0,0,0,0,2327.4,3,0,0,0,0,0,0,0,0
466,2017-04-24,09:35:03,500,IH1705,CCFX,2327.4,2326.2,2334.6,376,262926840,16757,16988,2561.8,2096.2,2329,2331.4,0.0,2333.4,0,0,0,2017-04-24,34503500,2326.4,2,0,0,0,0,0,0,0,0,2327.2,2,0,0,0,0,0,0,0,0
467,2017-04-24,09:35:04,0,IH1705,CCFX,2327.4,2326.2,2334.6,376,262926840,16757,16988,2561.8,2096.2,2329,2331.4,0.0,2333.4,0,0,0,2017-04-24,34504000,2326.4,2,0,0,0,0,0,0,0,0,2327.0,3,0,0,0,0,0,0,0,0
468,2017-04-24,09:35:04,500,IH1705,CCFX,2327.4,2326.2,2334.6,376,262926840,16757,16988,2561.8,2096.2,2329,2331.4,0.0,2333.4,0,0,0,2017-04-24,34504500,2326.4,1,0,0,0,0,0,0,0,0,2326.8,1,0,0,0,0,0,0,0,0
469,2017-04-24,09:35:05,0,IH1705,CCFX,2326.6,2326.2,2334.6,378,264322740,16756,16988,2561.8,2096.2,2329,2331.4,0.0,2333.4,0,0,0,2017-04-24,34505000,2326.2,2,0,0,0,0,0,0,0,0,2326.6,3,0,0,0,0,0,0,0,0
470,2017-04-24,09:35:05,500,IH1705,CCFX,2326.4,2326.2,2334.6,381,266416380,16754,16988,2561.8,2096.2,2329,2331.4,0.0,2333.4,0,0,0,2017-04-24,34505500,2326.0,1,0,0,0,0,0,0,0,0,2326.6,3,0,0,0,0,0,0,0,0
471,2017-04-24,09:35:06,0,IH1705,CCFX,2326.4,2326.2,2334.6,382,267114300,16754,16988,2561.8,2096.2,2329,2331.4,0.0,2333.4,0,0,0,2017-04-24,34506000,2326.0,1,0,0,0,0,0,0,0,0,2326.4,3,0,0,0,0,0,0,0,0
472,2017-04-24,09:35:06,500,IH1705,CCFX,2326.0,2326.0,2334.6,383,267812100,16753,16988,2561.8,2096.2,2329,2331.4,0.0,2333.4,0,0,0,2017-04-24,34506500,2325.8,1,0,0,0,0,0,0,0,0,2326.2,2,0,0,0,0,0,0,0,0
473,2017-04-24,09:35:07,0,IH1705,CCFX,2326.0,2326.0,2334.6,384,268509900,16752,16988,2561.8,2096.2,2329,2331.4,0.0,2333.4,0,0,0,2017-04-24,34507000,2325.8,1,0,0,0,0,0,0,0,0,2326.2,2,0,0,0,0,0,0,0,0
474,2017-04-24,09:35:07,500,IH1705,CCFX,2326.0,2326.0,2334.6,384,268509900,16752,16988,2561.8,2096.2,2329,2331.4,0.0,2333.4,0,0,0,2017-04-24,34507500,2325.8,1,0,0,0,0,0,0,0,0,2326.0,1,0,0,0,0,0,0,0,0
475,2017-04-24,09:35:08,0,IH1705,CCFX,2326.0,2326.0,2334.6,384,268509900,16752,16988,2561.8,2096.2,2329,2331.4,0.0,2333.4,0,0,0,2017-04-24,34508000,2325.8,1,0,0,0,0,0,0,0,0,2326.0,2,0,0,0,0,0,0,0,0
476,2017-04-24,09:35:09,0,IH1705,CCFX,2326.0,2326.0,2334.6,385,269207700,16751,16988,2561.8,2096.2,2329,2331.4,0.0,2333.4,0,0,0,2017-04-24,34509000,2325.4,1,0,0,0,0,0,0,0,0,2326.0,1,0,0,0,0,0,0,0,0
477,2017-04-24,09:35:11,0,IH1705,CCFX,2326.0,2326.0,2334.6,385,269207700,16751,16988,2561.8,2096.2,2329,2331.4,0.0,2333.4,0,0,0,2017-04-24,34511000,2325.4,1,0,0,0,0,0,0,0,0,2325.8,1,0,0,0,0,0,0,0,0
478,2017-04-24,09:35:11,500,IH1705,CCFX,2325.4,2325.4,2334.6,386,269905320,16750,16988,2561.8,2096.2,2329,2331.4,0.0,2333.4,0,0,0,2017-04-24,34511500,2325.2,1,0,0,0,0,0,0,0,0,2325.6,1,0,0,0,0,0,0,0,0
479,2017-04-24,09:35:12,0,IH1705,CCFX,2325.4,2325.4,2334.6,386,269905320,16750,16988,2561.8,2096.2,2329,2331.4,0.0,2333.4,0,0,0,2017-04-24,34512000,2325.2,1,0,0,0,0,0,0,0,0,2325.4,3,0,0,0,0,0,0,0,0
480,2017-04-24,09:35:12,500,IH1705,CCFX,2325.2,2325.2,2334.6,387,270602880,16750,16988,2561.8,2096.2,2329,2331.4,0.0,2333.4,0,0,0,2017-04-24,34512500,2325.0,3,0,0,0,0,0,0,0,0,2325.2,3,0,0,0,0,0,0,0,0
481,2017-04-24,09:35:13,0,IH1705,CCFX,2325.0,2325.0,2334.6,391,273392880,16746,16988,2561.8,2096.2,2329,2331.4,0.0,2333.4,0,0,0,2017-04-24,34513000,2323.4,1,0,0,0,0,0,0,0,0,2325.0,1,0,0,0,0,0,0,0,0
482,2017-04-24,09:35:13,500,IH1705,CCFX,2324.4,2324.4,2334.6,394,275484840,16744,16988,2561.8,2096.2,2329,2331.4,0.0,2333.4,0,0,0,2017-04-24,34513500,2323.6,6,0,0,0,0,0,0,0,0,2324.6,2,0,0,0,0,0,0,0,0
483,2017-04-24,09:35:14,0,IH1705,CCFX,2324.6,2324.4,2334.6,395,276182220,16743,16988,2561.8,2096.2,2329,2331.4,0.0,2333.4,0,0,0,2017-04-24,34514000,2323.8,1,0,0,0,0,0,0,0,0,2324.0,1,0,0,0,0,0,0,0,0
484,2017-04-24,09:35:14,500,IH1705,CCFX,2324.2,2324.0,2334.6,399,278971260,16740,16988,2561.8,2096.2,2329,2331.4,0.0,2333.4,0,0,0,2017-04-24,34514500,2324.2,1,0,0,0,0,0,0,0,0,2324.6,1,0,0,0,0,0,0,0,0
485,2017-04-24,09:35:15,0,IH1705,CCFX,2324.4,2324.0,2334.6,403,281760840,16737,16988,2561.8,2096.2,2329,2331.4,0.0,2333.4,0,0,0,2017-04-24,34515000,2324.4,1,0,0,0,0,0,0,0,0,2325.0,2,0,0,0,0,0,0,0,0
486,2017-04-24,09:35:15,500,IH1705,CCFX,2324.6,2324.0,2334.6,408,285248100,16734,16988,2561.8,2096.2,2329,2331.4,0.0,2333.4,0,0,0,2017-04-24,34515500,2324.2,1,0,0,0,0,0,0,0,0,2324.4,2,0,0,0,0,0,0,0,0
487,2017-04-24,09:35:16,0,IH1705,CCFX,2324.4,2324.0,2334.6,410,286642740,16735,16988,2561.8,2096.2,2329,2331.4,0.0,2333.4,0,0,0,2017-04-24,34516000,2324.4,1,0,0,0,0,0,0,0,0,2325.0,1,0,0,0,0,0,0,0,0
488,2017-04-24,09:35:16,500,IH1705,CCFX,2324.4,2324.0,2334.6,410,286642740,16735,16988,2561.8,2096.2,2329,2331.4,0.0,2333.4,0,0,0,2017-04-24,34516500,2324.4,1,0,0,0,0,0,0,0,0,2325.0,1,0,0,0,0,0,0,0,0
489,2017-04-24,09:35:17,0,IH1705,CCFX,2324.4,2324.0,2334.6,410,286642740,16735,16988,2561.8,2096.2,2329,2331.4,0.0,2333.4,0,0,0,2017-04-24,34517000,2324.6,1,0,0,0,0,0,0,0,0,2325.0,1,0,0,0,0,0,0,0,0
490,2017-04-24,09:35:17,500,IH1705,CCFX,2324.4,2324.0,2334.6,410,286642740,16735,16988,2561.8,2096.2,2329,2331.4,0.0,2333.4,0,0,0,2017-04-24,34517500,2324.6,3,0,0,0,0,0,0,0,0,2325.0,1,0,0,0,0,0,0,0,0
491,2017-04-24,09:35:18,0,IH1705,CCFX,2324.6,2324.0,2334.6,412,288037620,16734,16988,2561.8,2096.2,2329,2331.4,0.0,2333.4,0,0,0,2017-04-24,34518000,2324.6,2,0,0,0,0,0,0,0,0,2326.8,2,0,0,0,0,0,0,0,0
492,2017-04-24,09:35:18,500,IH1705,CCFX,2324.6,2324.0,2334.6,412,288037620,16734,16988,2561.8,2096.2,2329,2331.4,0.0,2333.4,0,0,0,2017-04-24,34518500,2325.0,2,0,0,0,0,0,0,0,0,2325.4,1,0,0,0,0,0,0,0,0
493,2017-04-24,09:35:19,0,IH1705,CCFX,2325.2,2324.0,2334.6,413,288735180,16733,16988,2561.8,2096.2,2329,2331.4,0.0,2333.4,0,0,0,2017-04-24,34519000,2325.0,2,0,0,0,0,0,0,0,0,2326.0,1,0,0,0,0,0,0,0,0
494,2017-04-24,09:35:19,500,IH1705,CCFX,2325.2,2324.0,2334.6,416,290827740,16733,16988,2561.8,2096.2,2329,2331.4,0.0,2333.4,0,0,0,2017-04-24,34519500,2323.6,2,0,0,0,0,0,0,0,0,2325.8,1,0,0,0,0,0,0,0,0
495,2017-04-24,09:35:20,0,IH1705,CCFX,2325.2,2324.0,2334.6,416,290827740,16733,16988,2561.8,2096.2,2329,2331.4,0.0,2333.4,0,0,0,2017-04-24,34520000,2324.8,1,0,0,0,0,0,0,0,0,2325.6,2,0,0,0,0,0,0,0,0
496,2017-04-24,09:35:20,500,IH1705,CCFX,2325.2,2324.0,2334.6,416,290827740,16733,16988,2561.8,2096.2,2329,2331.4,0.0,2333.4,0,0,0,2017-04-24,34520500,2324.8,1,0,0,0,0,0,0,0,0,2325.4,1,0,0,0,0,0,0,0,0
497,2017-04-24,09:35:21,0,IH1705,CCFX,2325.2,2324.0,2334.6,416,290827740,16733,16988,2561.8,2096.2,2329,2331.4,0.0,2333.4,0,0,0,2017-04-24,34521000,2324.8,1,0,0,0,0,0,0,0,0,2325.2,1,0,0,0,0,0,0,0,0
498,2017-04-24,09:35:21,500,IH1705,CCFX,2325.2,2324.0,2334.6,416,290827740,16733,16988,2561.8,2096.2,2329,2331.4,0.0,2333.4,0,0,0,2017-04-24,34521500,2324.8,1,0,0,0,0,0,0,0,0,2325.2,1,0,0,0,0,0,0,0,0
499,2017-04-24,09:35:22,0,IH1705,CCFX,2325.2,2324.0,2334.6,416,290827740,16733,16988,2561.8,2096.2,2329,2331.4,0.0,2333.4,0,0,0,2017-04-24,34522000,2324.8,1,0,0,0,0,0,0,0,0,2325.4,1,0,0,0,0,0,0,0,0
500,2017-04-24,09:35:23,0,IH1705,CCFX,2325.2,2324.0,2334.6,416,290827740,16733,16988,2561.8,2096.2,2329,2331.4,0.0,2333.4,0,0,0,2017-04-24,34523000,2325.2,2,0,0,0,0,0,0,0,0,2325.4,1,0,0,0,0,0,0,0,0
