,dataDate,dataTime,dataMillisec,instrumentID,exchangeCD,lastPrice,lowPrice,highPrice,volume,value,openInterest,preOpenInterest,upperLimitPrice,lowerLimitPrice,preSettlementPrice,prevClosePrice,settlementPrice,openPrice,closePrice,preDelta,currDelta,clearingDay,milliSecOffset,bidPrice1,bidVolume1,bidPrice2,bidVolume2,bidPrice3,bidVolume3,bidPrice4,bidVolume4,bidPrice5,bidVolume5,askPrice1,askVolume1,askPrice2,askVolume2,askPrice3,askVolume3,askPrice4,askVolume4,askPrice5,askVolume5
0,2017-04-24,09:00:01,201,j1709,XDCE,1632.0,1627.0,1650,63718,10449442500,194386,213252,1786.5,1491.5,1639,1651,0,1650,0,0,0,2017-04-24,32401201,1632.5,7,0,0,0,0,0,0,0,0,1635.0,9,0,0,0,0,0,0,0,0
1,2017-04-24,09:00:01,697,j1709,XDCE,1628.0,1627.0,1650,64434,10566167200,194514,213252,1786.5,1491.5,1639,1651,0,1650,0,0,0,2017-04-24,32401697,1628.5,3,0,0,0,0,0,0,0,0,1629.5,1,0,0,0,0,0,0,0,0
2,2017-04-24,09:00:02,197,j1709,XDCE,1627.5,1627.0,1650,64688,10607514400,194342,213252,1786.5,1491.5,1639,1651,0,1650,0,0,0,2017-04-24,32402197,1627.5,30,0,0,0,0,0,0,0,0,1628.0,21,0,0,0,0,0,0,0,0
3,2017-04-24,09:00:02,698,j1709,XDCE,1625.5,1625.5,1650,64984,10655667000,194254,213252,1786.5,1491.5,1639,1651,0,1650,0,0,0,2017-04-24,32402698,1626.0,1,0,0,0,0,0,0,0,0,1627.5,1,0,0,0,0,0,0,0,0
4,2017-04-24,09:00:03,200,j1709,XDCE,1625.5,1625.0,1650,65096,10673872500,194188,213252,1786.5,1491.5,1639,1651,0,1650,0,0,0,2017-04-24,32403200,1625.0,104,0,0,0,0,0,0,0,0,1625.5,1,0,0,0,0,0,0,0,0
5,2017-04-24,09:00:03,702,j1709,XDCE,1625.0,1625.0,1650,65242,10697598900,194120,213252,1786.5,1491.5,1639,1651,0,1650,0,0,0,2017-04-24,32403702,1625.5,1,0,0,0,0,0,0,0,0,1626.0,33,0,0,0,0,0,0,0,0
6,2017-04-24,09:00:04,197,j1709,XDCE,1625.0,1624.0,1650,65410,10724897400,193982,213252,1786.5,1491.5,1639,1651,0,1650,0,0,0,2017-04-24,32404197,1623.5,5,0,0,0,0,0,0,0,0,1625.0,17,0,0,0,0,0,0,0,0
7,2017-04-24,09:00:04,675,j1709,XDCE,1625.5,1623.5,1650,65488,10737571500,193938,213252,1786.5,1491.5,1639,1651,0,1650,0,0,0,2017-04-24,32404675,1624.0,5,0,0,0,0,0,0,0,0,1624.5,3,0,0,0,0,0,0,0,0
8,2017-04-24,09:00:05,188,j1709,XDCE,1624.5,1623.0,1650,65572,10751218100,193880,213252,1786.5,1491.5,1639,1651,0,1650,0,0,0,2017-04-24,32405188,1624.5,4,0,0,0,0,0,0,0,0,1625.0,1,0,0,0,0,0,0,0,0
9,2017-04-24,09:00:05,685,j1709,XDCE,1624.5,1623.0,1650,65694,10771029400,193846,213252,1786.5,1491.5,1639,1651,0,1650,0,0,0,2017-04-24,32405685,1623.5,2,0,0,0,0,0,0,0,0,1624.5,7,0,0,0,0,0,0,0,0
10,2017-04-24,09:00:06,183,j1709,XDCE,1624.0,1623.0,1650,65746,10779472100,193832,213252,1786.5,1491.5,1639,1651,0,1650,0,0,0,2017-04-24,32406183,1623.0,10,0,0,0,0,0,0,0,0,1624.0,2,0,0,0,0,0,0,0,0
11,2017-04-24,09:00:06,688,j1709,XDCE,1624.0,1622.5,1650,65824,10792134700,193808,213252,1786.5,1491.5,1639,1651,0,1650,0,0,0,2017-04-24,32406688,1623.5,4,0,0,0,0,0,0,0,0,1624.5,3,0,0,0,0,0,0,0,0
12,2017-04-24,09:00:07,192,j1709,XDCE,1623.5,1622.5,1650,65892,10803172800,193776,213252,1786.5,1491.5,1639,1651,0,1650,0,0,0,2017-04-24,32407192,1622.5,3,0,0,0,0,0,0,0,0,1623.0,2,0,0,0,0,0,0,0,0
13,2017-04-24,09:00:07,694,j1709,XDCE,1622.5,1622.5,1650,65936,10810314700,193744,213252,1786.5,1491.5,1639,1651,0,1650,0,0,0,2017-04-24,32407694,1622.5,1,0,0,0,0,0,0,0,0,1623.0,5,0,0,0,0,0,0,0,0
14,2017-04-24,09:00:08,189,j1709,XDCE,1621.5,1621.5,1650,66008,10821993200,193702,213252,1786.5,1491.5,1639,1651,0,1650,0,0,0,2017-04-24,32408189,1621.5,12,0,0,0,0,0,0,0,0,1622.0,5,0,0,0,0,0,0,0,0
15,2017-04-24,09:00:08,698,j1709,XDCE,1621.0,1621.0,1650,66098,10836592200,193626,213252,1786.5,1491.5,1639,1651,0,1650,0,0,0,2017-04-24,32408698,1621.0,13,0,0,0,0,0,0,0,0,1621.5,38,0,0,0,0,0,0,0,0
16,2017-04-24,09:00:09,194,j1709,XDCE,1620.0,1620.0,1650,66254,10861877300,193524,213252,1786.5,1491.5,1639,1651,0,1650,0,0,0,2017-04-24,32409194,1620.0,48,0,0,0,0,0,0,0,0,1621.0,17,0,0,0,0,0,0,0,0
17,2017-04-24,09:00:09,691,j1709,XDCE,1620.0,1619.0,1650,66378,10881965800,193432,213252,1786.5,1491.5,1639,1651,0,1650,0,0,0,2017-04-24,32409691,1619.5,2,0,0,0,0,0,0,0,0,1620.0,12,0,0,0,0,0,0,0,0
18,2017-04-24,09:00:10,190,j1709,XDCE,1619.5,1619.0,1650,66496,10901081900,193354,213252,1786.5,1491.5,1639,1651,0,1650,0,0,0,2017-04-24,32410190,1619.5,9,0,0,0,0,0,0,0,0,1621.0,5,0,0,0,0,0,0,0,0
19,2017-04-24,09:00:10,683,j1709,XDCE,1619.5,1619.0,1650,66544,10908855700,193322,213252,1786.5,1491.5,1639,1651,0,1650,0,0,0,2017-04-24,32410683,1619.5,3,0,0,0,0,0,0,0,0,1620.0,4,0,0,0,0,0,0,0,0
20,2017-04-24,09:00:11,163,j1709,XDCE,1619.5,1619.0,1650,66576,10914038200,193300,213252,1786.5,1491.5,1639,1651,0,1650,0,0,0,2017-04-24,32411163,1619.0,24,0,0,0,0,0,0,0,0,1619.5,17,0,0,0,0,0,0,0,0
21,2017-04-24,09:00:11,679,j1709,XDCE,1621.0,1619.0,1650,66642,10924728700,193296,213252,1786.5,1491.5,1639,1651,0,1650,0,0,0,2017-04-24,32411679,1620.0,14,0,0,0,0,0,0,0,0,1620.5,3,0,0,0,0,0,0,0,0
22,2017-04-24,09:00:12,164,j1709,XDCE,1620.0,1619.0,1650,66702,10934449400,193296,213252,1786.5,1491.5,1639,1651,0,1650,0,0,0,2017-04-24,32412164,1619.5,1,0,0,0,0,0,0,0,0,1620.0,7,0,0,0,0,0,0,0,0
23,2017-04-24,09:00:12,699,j1709,XDCE,1619.5,1619.0,1650,66738,10940279900,193268,213252,1786.5,1491.5,1639,1651,0,1650,0,0,0,2017-04-24,32412699,1619.0,21,0,0,0,0,0,0,0,0,1619.5,2,0,0,0,0,0,0,0,0
24,2017-04-24,09:00:13,162,j1709,XDCE,1619.5,1619.0,1650,66792,10949023800,193228,213252,1786.5,1491.5,1639,1651,0,1650,0,0,0,2017-04-24,32413162,1619.0,13,0,0,0,0,0,0,0,0,1619.5,4,0,0,0,0,0,0,0,0
25,2017-04-24,09:00:13,697,j1709,XDCE,1620.0,1619.0,1650,66822,10953881600,193212,213252,1786.5,1491.5,1639,1651,0,1650,0,0,0,2017-04-24,32413697,1619.0,6,0,0,0,0,0,0,0,0,1620.0,5,0,0,0,0,0,0,0,0
26,2017-04-24,09:00:14,196,j1709,XDCE,1619.5,1619.0,1650,66840,10956797600,193200,213252,1786.5,1491.5,1639,1651,0,1650,0,0,0,2017-04-24,32414196,1619.0,9,0,0,0,0,0,0,0,0,1620.5,1,0,0,0,0,0,0,0,0
27,2017-04-24,09:00:14,676,j1709,XDCE,1619.0,1619.0,1650,66866,10961009800,193194,213252,1786.5,1491.5,1639,1651,0,1650,0,0,0,2017-04-24,32414676,1619.5,1,0,0,0,0,0,0,0,0,1620.5,1,0,0,0,0,0,0,0,0
28,2017-04-24,09:00:15,201,j1709,XDCE,1620.0,1619.0,1650,66900,10966517900,193162,213252,1786.5,1491.5,1639,1651,0,1650,0,0,0,2017-04-24,32415201,1620.0,1,0,0,0,0,0,0,0,0,1620.5,2,0,0,0,0,0,0,0,0
29,2017-04-24,09:00:15,671,j1709,XDCE,1619.5,1618.0,1650,66978,10979148800,193138,213252,1786.5,1491.5,1639,1651,0,1650,0,0,0,2017-04-24,32415671,1619.0,2,0,0,0,0,0,0,0,0,1620.0,3,0,0,0,0,0,0,0,0
30,2017-04-24,09:00:16,198,j1709,XDCE,1621.0,1618.0,1650,67048,10990489500,193100,213252,1786.5,1491.5,1639,1651,0,1650,0,0,0,2017-04-24,32416198,1621.0,4,0,0,0,0,0,0,0,0,1621.5,42,0,0,0,0,0,0,0,0
31,2017-04-24,09:00:16,699,j1709,XDCE,1620.0,1618.0,1650,67226,11019350000,192960,213252,1786.5,1491.5,1639,1651,0,1650,0,0,0,2017-04-24,32416699,1620.0,1,0,0,0,0,0,0,0,0,1621.0,1,0,0,0,0,0,0,0,0
32,2017-04-24,09:00:17,201,j1709,XDCE,1621.0,1618.0,1650,67282,11028427700,192942,213252,1786.5,1491.5,1639,1651,0,1650,0,0,0,2017-04-24,32417201,1621.0,1,0,0,0,0,0,0,0,0,1622.5,30,0,0,0,0,0,0,0,0
33,2017-04-24,09:00:17,700,j1709,XDCE,1620.5,1618.0,1650,67340,11037831800,192912,213252,1786.5,1491.5,1639,1651,0,1650,0,0,0,2017-04-24,32417700,1620.5,10,0,0,0,0,0,0,0,0,1621.0,1,0,0,0,0,0,0,0,0
34,2017-04-24,09:00:18,187,j1709,XDCE,1621.5,1618.0,1650,67362,11041398600,192906,213252,1786.5,1491.5,1639,1651,0,1650,0,0,0,2017-04-24,32418187,1621.0,5,0,0,0,0,0,0,0,0,1622.0,6,0,0,0,0,0,0,0,0
35,2017-04-24,09:00:18,668,j1709,XDCE,1621.0,1618.0,1650,67452,11055983400,192850,213252,1786.5,1491.5,1639,1651,0,1650,0,0,0,2017-04-24,32418668,1620.5,1,0,0,0,0,0,0,0,0,1621.0,2,0,0,0,0,0,0,0,0
36,2017-04-24,09:00:19,201,j1709,XDCE,1621.0,1618.0,1650,67474,11059549700,192834,213252,1786.5,1491.5,1639,1651,0,1650,0,0,0,2017-04-24,32419201,1619.5,14,0,0,0,0,0,0,0,0,1620.5,1,0,0,0,0,0,0,0,0
37,2017-04-24,09:00:19,696,j1709,XDCE,1621.0,1618.0,1650,67488,11061818500,192830,213252,1786.5,1491.5,1639,1651,0,1650,0,0,0,2017-04-24,32419696,1621.0,14,0,0,0,0,0,0,0,0,1621.5,1,0,0,0,0,0,0,0,0
38,2017-04-24,09:00:20,127,j1709,XDCE,1621.0,1618.0,1650,67504,11064412200,192820,213252,1786.5,1491.5,1639,1651,0,1650,0,0,0,2017-04-24,32420127,1621.0,21,0,0,0,0,0,0,0,0,1622.0,7,0,0,0,0,0,0,0,0
39,2017-04-24,09:00:20,701,j1709,XDCE,1621.0,1618.0,1650,67556,11072841500,192774,213252,1786.5,1491.5,1639,1651,0,1650,0,0,0,2017-04-24,32420701,1620.5,1,0,0,0,0,0,0,0,0,1621.0,4,0,0,0,0,0,0,0,0
40,2017-04-24,09:00:21,161,j1709,XDCE,1620.5,1618.0,1650,67568,11074786400,192772,213252,1786.5,1491.5,1639,1651,0,1650,0,0,0,2017-04-24,32421161,1620.5,4,0,0,0,0,0,0,0,0,1621.0,4,0,0,0,0,0,0,0,0
41,2017-04-24,09:00:21,665,j1709,XDCE,1621.0,1618.0,1650,67592,11078676100,192768,213252,1786.5,1491.5,1639,1651,0,1650,0,0,0,2017-04-24,32421665,1620.5,2,0,0,0,0,0,0,0,0,1621.0,3,0,0,0,0,0,0,0,0
42,2017-04-24,09:00:22,176,j1709,XDCE,1621.0,1618.0,1650,67608,11081269500,192758,213252,1786.5,1491.5,1639,1651,0,1650,0,0,0,2017-04-24,32422176,1620.0,41,0,0,0,0,0,0,0,0,1621.5,12,0,0,0,0,0,0,0,0
43,2017-04-24,09:00:22,681,j1709,XDCE,1620.0,1618.0,1650,67624,11083862200,192746,213252,1786.5,1491.5,1639,1651,0,1650,0,0,0,2017-04-24,32422681,1620.5,1,0,0,0,0,0,0,0,0,1621.0,1,0,0,0,0,0,0,0,0
44,2017-04-24,09:00:23,197,j1709,XDCE,1621.5,1618.0,1650,67708,11097482200,192688,213252,1786.5,1491.5,1639,1651,0,1650,0,0,0,2017-04-24,32423197,1621.0,2,0,0,0,0,0,0,0,0,1622.0,53,0,0,0,0,0,0,0,0
45,2017-04-24,09:00:23,551,j1709,XDCE,1622.0,1618.0,1650,67726,11100401400,192684,213252,1786.5,1491.5,1639,1651,0,1650,0,0,0,2017-04-24,32423551,1621.0,33,0,0,0,0,0,0,0,0,1622.0,46,0,0,0,0,0,0,0,0
46,2017-04-24,09:00:24,192,j1709,XDCE,1622.0,1618.0,1650,67742,11102996600,192692,213252,1786.5,1491.5,1639,1651,0,1650,0,0,0,2017-04-24,32424192,1621.5,10,0,0,0,0,0,0,0,0,1622.0,38,0,0,0,0,0,0,0,0
47,2017-04-24,09:00:24,685,j1709,XDCE,1621.0,1618.0,1650,67780,11109158800,192670,213252,1786.5,1491.5,1639,1651,0,1650,0,0,0,2017-04-24,32424685,1621.5,1,0,0,0,0,0,0,0,0,1622.0,32,0,0,0,0,0,0,0,0
48,2017-04-24,09:00:25,167,j1709,XDCE,1621.5,1618.0,1650,67792,11111105100,192668,213252,1786.5,1491.5,1639,1651,0,1650,0,0,0,2017-04-24,32425167,1621.0,40,0,0,0,0,0,0,0,0,1622.0,27,0,0,0,0,0,0,0,0
49,2017-04-24,09:00:25,697,j1709,XDCE,1622.0,1618.0,1650,67810,11114024100,192662,213252,1786.5,1491.5,1639,1651,0,1650,0,0,0,2017-04-24,32425697,1621.5,2,0,0,0,0,0,0,0,0,1622.0,21,0,0,0,0,0,0,0,0
50,2017-04-24,09:00:26,200,j1709,XDCE,1622.0,1618.0,1650,67844,11119536700,192662,213252,1786.5,1491.5,1639,1651,0,1650,0,0,0,2017-04-24,32426200,1621.0,28,0,0,0,0,0,0,0,0,1622.0,17,0,0,0,0,0,0,0,0
51,2017-04-24,09:00:26,693,j1709,XDCE,1622.0,1618.0,1650,67878,11125051500,192654,213252,1786.5,1491.5,1639,1651,0,1650,0,0,0,2017-04-24,32426693,1622.0,15,0,0,0,0,0,0,0,0,1622.5,90,0,0,0,0,0,0,0,0
52,2017-04-24,09:00:27,191,j1709,XDCE,1622.5,1618.0,1650,67884,11126025000,192654,213252,1786.5,1491.5,1639,1651,0,1650,0,0,0,2017-04-24,32427191,1622.0,20,0,0,0,0,0,0,0,0,1622.5,87,0,0,0,0,0,0,0,0
53,2017-04-24,09:00:27,691,j1709,XDCE,1622.5,1618.0,1650,67936,11134460500,192622,213252,1786.5,1491.5,1639,1651,0,1650,0,0,0,2017-04-24,32427691,1622.0,6,0,0,0,0,0,0,0,0,1622.5,76,0,0,0,0,0,0,0,0
54,2017-04-24,09:00:28,177,j1709,XDCE,1622.0,1618.0,1650,68106,11162041400,192676,213252,1786.5,1491.5,1639,1651,0,1650,0,0,0,2017-04-24,32428177,1622.0,1,0,0,0,0,0,0,0,0,1622.5,8,0,0,0,0,0,0,0,0
55,2017-04-24,09:00:28,685,j1709,XDCE,1621.5,1618.0,1650,68150,11169177300,192660,213252,1786.5,1491.5,1639,1651,0,1650,0,0,0,2017-04-24,32428685,1621.5,3,0,0,0,0,0,0,0,0,1622.0,2,0,0,0,0,0,0,0,0
56,2017-04-24,09:00:29,197,j1709,XDCE,1622.5,1618.0,1650,68164,11171448500,192656,213252,1786.5,1491.5,1639,1651,0,1650,0,0,0,2017-04-24,32429197,1622.5,3,0,0,0,0,0,0,0,0,1623.0,12,0,0,0,0,0,0,0,0
57,2017-04-24,09:00:29,623,j1709,XDCE,1622.5,1618.0,1650,68174,11173071200,192650,213252,1786.5,1491.5,1639,1651,0,1650,0,0,0,2017-04-24,32429623,1622.0,5,0,0,0,0,0,0,0,0,1623.0,10,0,0,0,0,0,0,0,0
58,2017-04-24,09:00:30,185,j1709,XDCE,1622.5,1618.0,1650,68220,11180535800,192642,213252,1786.5,1491.5,1639,1651,0,1650,0,0,0,2017-04-24,32430185,1622.5,4,0,0,0,0,0,0,0,0,1623.5,3,0,0,0,0,0,0,0,0
59,2017-04-24,09:00:30,697,j1709,XDCE,1623.0,1618.0,1650,68244,11184429300,192648,213252,1786.5,1491.5,1639,1651,0,1650,0,0,0,2017-04-24,32430697,1622.5,2,0,0,0,0,0,0,0,0,1623.0,2,0,0,0,0,0,0,0,0
60,2017-04-24,09:00:31,163,j1709,XDCE,1622.5,1618.0,1650,68252,11185727300,192646,213252,1786.5,1491.5,1639,1651,0,1650,0,0,0,2017-04-24,32431163,1622.0,2,0,0,0,0,0,0,0,0,1622.5,3,0,0,0,0,0,0,0,0
61,2017-04-24,09:00:31,693,j1709,XDCE,1623.0,1618.0,1650,68286,11191244000,192614,213252,1786.5,1491.5,1639,1651,0,1650,0,0,0,2017-04-24,32431693,1622.0,3,0,0,0,0,0,0,0,0,1623.0,2,0,0,0,0,0,0,0,0
62,2017-04-24,09:00:32,183,j1709,XDCE,1622.5,1618.0,1650,68288,11191568500,192612,213252,1786.5,1491.5,1639,1651,0,1650,0,0,0,2017-04-24,32432183,1622.5,9,0,0,0,0,0,0,0,0,1623.0,2,0,0,0,0,0,0,0,0
63,2017-04-24,09:00:32,674,j1709,XDCE,1623.0,1618.0,1650,68308,11194813900,192594,213252,1786.5,1491.5,1639,1651,0,1650,0,0,0,2017-04-24,32432674,1622.5,5,0,0,0,0,0,0,0,0,1623.0,5,0,0,0,0,0,0,0,0
64,2017-04-24,09:00:33,192,j1709,XDCE,1622.5,1618.0,1650,68328,11198059300,192580,213252,1786.5,1491.5,1639,1651,0,1650,0,0,0,2017-04-24,32433192,1622.0,7,0,0,0,0,0,0,0,0,1622.5,1,0,0,0,0,0,0,0,0
65,2017-04-24,09:00:33,693,j1709,XDCE,1623.0,1618.0,1650,68332,11198708400,192578,213252,1786.5,1491.5,1639,1651,0,1650,0,0,0,2017-04-24,32433693,1622.5,2,0,0,0,0,0,0,0,0,1623.0,6,0,0,0,0,0,0,0,0
66,2017-04-24,09:00:34,171,j1709,XDCE,1622.5,1618.0,1650,68356,11202602400,192566,213252,1786.5,1491.5,1639,1651,0,1650,0,0,0,2017-04-24,32434171,1622.0,11,0,0,0,0,0,0,0,0,1622.5,1,0,0,0,0,0,0,0,0
67,2017-04-24,09:00:34,681,j1709,XDCE,1622.5,1618.0,1650,68384,11207145600,192554,213252,1786.5,1491.5,1639,1651,0,1650,0,0,0,2017-04-24,32434681,1622.0,8,0,0,0,0,0,0,0,0,1623.0,3,0,0,0,0,0,0,0,0
68,2017-04-24,09:00:35,166,j1709,XDCE,1622.5,1618.0,1650,68396,11209092500,192548,213252,1786.5,1491.5,1639,1651,0,1650,0,0,0,2017-04-24,32435166,1622.0,10,0,0,0,0,0,0,0,0,1623.0,2,0,0,0,0,0,0,0,0
69,2017-04-24,09:00:35,622,j1709,XDCE,1622.5,1618.0,1650,68404,11210390300,192546,213252,1786.5,1491.5,1639,1651,0,1650,0,0,0,2017-04-24,32435622,1622.0,8,0,0,0,0,0,0,0,0,1623.0,2,0,0,0,0,0,0,0,0
70,2017-04-24,09:00:36,156,j1709,XDCE,1623.0,1618.0,1650,68418,11212662500,192538,213252,1786.5,1491.5,1639,1651,0,1650,0,0,0,2017-04-24,32436156,1622.5,9,0,0,0,0,0,0,0,0,1623.0,4,0,0,0,0,0,0,0,0
71,2017-04-24,09:00:36,633,j1709,XDCE,1622.5,1618.0,1650,68424,11213636100,192536,213252,1786.5,1491.5,1639,1651,0,1650,0,0,0,2017-04-24,32436633,1622.5,7,0,0,0,0,0,0,0,0,1623.0,8,0,0,0,0,0,0,0,0
72,2017-04-24,09:00:37,184,j1709,XDCE,1622.5,1618.0,1650,68466,11220449300,192554,213252,1786.5,1491.5,1639,1651,0,1650,0,0,0,2017-04-24,32437184,1621.5,4,0,0,0,0,0,0,0,0,1623.0,8,0,0,0,0,0,0,0,0
73,2017-04-24,09:00:37,678,j1709,XDCE,1623.5,1618.0,1650,68508,11227266900,192514,213252,1786.5,1491.5,1639,1651,0,1650,0,0,0,2017-04-24,32437678,1622.5,1,0,0,0,0,0,0,0,0,1623.0,2,0,0,0,0,0,0,0,0
74,2017-04-24,09:00:38,123,j1709,XDCE,1623.0,1618.0,1650,68516,11228565300,192516,213252,1786.5,1491.5,1639,1651,0,1650,0,0,0,2017-04-24,32438123,1623.0,1,0,0,0,0,0,0,0,0,1623.5,2,0,0,0,0,0,0,0,0
75,2017-04-24,09:00:38,665,j1709,XDCE,1622.5,1618.0,1650,68546,11233433300,192518,213252,1786.5,1491.5,1639,1651,0,1650,0,0,0,2017-04-24,32438665,1622.0,5,0,0,0,0,0,0,0,0,1622.5,13,0,0,0,0,0,0,0,0
76,2017-04-24,09:00:39,162,j1709,XDCE,1622.5,1618.0,1650,68556,11235055800,192520,213252,1786.5,1491.5,1639,1651,0,1650,0,0,0,2017-04-24,32439162,1622.0,6,0,0,0,0,0,0,0,0,1622.5,13,0,0,0,0,0,0,0,0
77,2017-04-24,09:00:39,677,j1709,XDCE,1622.5,1618.0,1650,68568,11237002800,192520,213252,1786.5,1491.5,1639,1651,0,1650,0,0,0,2017-04-24,32439677,1622.0,7,0,0,0,0,0,0,0,0,1622.5,17,0,0,0,0,0,0,0,0
78,2017-04-24,09:00:40,197,j1709,XDCE,1622.5,1618.0,1650,68586,11239923100,192530,213252,1786.5,1491.5,1639,1651,0,1650,0,0,0,2017-04-24,32440197,1622.0,6,0,0,0,0,0,0,0,0,1622.5,10,0,0,0,0,0,0,0,0
79,2017-04-24,09:00:40,662,j1709,XDCE,1622.5,1618.0,1650,68606,11243168000,192512,213252,1786.5,1491.5,1639,1651,0,1650,0,0,0,2017-04-24,32440662,1622.0,5,0,0,0,0,0,0,0,0,1622.5,1,0,0,0,0,0,0,0,0
80,2017-04-24,09:00:41,137,j1709,XDCE,1622.5,1618.0,1650,68616,11244790500,192510,213252,1786.5,1491.5,1639,1651,0,1650,0,0,0,2017-04-24,32441137,1622.5,3,0,0,0,0,0,0,0,0,1623.0,1,0,0,0,0,0,0,0,0
81,2017-04-24,09:00:41,604,j1709,XDCE,1621.5,1618.0,1650,68648,11249981200,192526,213252,1786.5,1491.5,1639,1651,0,1650,0,0,0,2017-04-24,32441604,1621.5,1,0,0,0,0,0,0,0,0,1622.0,7,0,0,0,0,0,0,0,0
82,2017-04-24,09:00:42,189,j1709,XDCE,1622.0,1618.0,1650,68686,11256142500,192540,213252,1786.5,1491.5,1639,1651,0,1650,0,0,0,2017-04-24,32442189,1621.0,12,0,0,0,0,0,0,0,0,1622.0,4,0,0,0,0,0,0,0,0
83,2017-04-24,09:00:42,616,j1709,XDCE,1622.0,1618.0,1650,68692,11257115300,192542,213252,1786.5,1491.5,1639,1651,0,1650,0,0,0,2017-04-24,32442616,1621.5,1,0,0,0,0,0,0,0,0,1622.0,3,0,0,0,0,0,0,0,0
84,2017-04-24,09:00:43,180,j1709,XDCE,1622.0,1618.0,1650,68718,11261332600,192530,213252,1786.5,1491.5,1639,1651,0,1650,0,0,0,2017-04-24,32443180,1621.5,2,0,0,0,0,0,0,0,0,1622.5,1,0,0,0,0,0,0,0,0
85,2017-04-24,09:00:43,700,j1709,XDCE,1622.5,1618.0,1650,68730,11263279600,192518,213252,1786.5,1491.5,1639,1651,0,1650,0,0,0,2017-04-24,32443700,1622.0,7,0,0,0,0,0,0,0,0,1622.5,6,0,0,0,0,0,0,0,0
86,2017-04-24,09:00:44,141,j1709,XDCE,1623.0,1618.0,1650,68746,11265876200,192502,213252,1786.5,1491.5,1639,1651,0,1650,0,0,0,2017-04-24,32444141,1622.5,6,0,0,0,0,0,0,0,0,1623.0,3,0,0,0,0,0,0,0,0
87,2017-04-24,09:00:44,619,j1709,XDCE,1623.0,1618.0,1650,68756,11267498900,192494,213252,1786.5,1491.5,1639,1651,0,1650,0,0,0,2017-04-24,32444619,1622.5,3,0,0,0,0,0,0,0,0,1623.0,1,0,0,0,0,0,0,0,0
88,2017-04-24,09:00:45,193,j1709,XDCE,1623.0,1618.0,1650,68774,11270420100,192482,213252,1786.5,1491.5,1639,1651,0,1650,0,0,0,2017-04-24,32445193,1622.5,2,0,0,0,0,0,0,0,0,1623.0,17,0,0,0,0,0,0,0,0
89,2017-04-24,09:00:45,673,j1709,XDCE,1621.0,1618.0,1650,68824,11278528400,192484,213252,1786.5,1491.5,1639,1651,0,1650,0,0,0,2017-04-24,32445673,1621.0,2,0,0,0,0,0,0,0,0,1623.0,8,0,0,0,0,0,0,0,0
90,2017-04-24,09:00:46,199,j1709,XDCE,1621.5,1618.0,1650,68838,11280799600,192474,213252,1786.5,1491.5,1639,1651,0,1650,0,0,0,2017-04-24,32446199,1621.5,2,0,0,0,0,0,0,0,0,1622.0,1,0,0,0,0,0,0,0,0
91,2017-04-24,09:00:46,665,j1709,XDCE,1622.0,1618.0,1650,68864,11285016300,192466,213252,1786.5,1491.5,1639,1651,0,1650,0,0,0,2017-04-24,32446665,1620.5,13,0,0,0,0,0,0,0,0,1622.0,16,0,0,0,0,0,0,0,0
92,2017-04-24,09:00:47,175,j1709,XDCE,1622.0,1618.0,1650,68874,11286638300,192468,213252,1786.5,1491.5,1639,1651,0,1650,0,0,0,2017-04-24,32447175,1621.0,7,0,0,0,0,0,0,0,0,1622.0,13,0,0,0,0,0,0,0,0
93,2017-04-24,09:00:47,699,j1709,XDCE,1621.0,1618.0,1650,68894,11289880200,192452,213252,1786.5,1491.5,1639,1651,0,1650,0,0,0,2017-04-24,32447699,1620.5,10,0,0,0,0,0,0,0,0,1621.5,16,0,0,0,0,0,0,0,0
94,2017-04-24,09:00:48,180,j1709,XDCE,1621.5,1618.0,1650,68904,11291501500,192442,213252,1786.5,1491.5,1639,1651,0,1650,0,0,0,2017-04-24,32448180,1620.5,10,0,0,0,0,0,0,0,0,1621.5,15,0,0,0,0,0,0,0,0
95,2017-04-24,09:00:48,680,j1709,XDCE,1621.5,1618.0,1650,68926,11295067400,192426,213252,1786.5,1491.5,1639,1651,0,1650,0,0,0,2017-04-24,32448680,1620.5,2,0,0,0,0,0,0,0,0,1621.0,1,0,0,0,0,0,0,0,0
96,2017-04-24,09:00:49,199,j1709,XDCE,1620.5,1618.0,1650,68936,11296688400,192418,213252,1786.5,1491.5,1639,1651,0,1650,0,0,0,2017-04-24,32449199,1620.0,52,0,0,0,0,0,0,0,0,1620.5,1,0,0,0,0,0,0,0,0
97,2017-04-24,09:00:49,700,j1709,XDCE,1621.5,1618.0,1650,68980,11303819100,192378,213252,1786.5,1491.5,1639,1651,0,1650,0,0,0,2017-04-24,32449700,1620.5,3,0,0,0,0,0,0,0,0,1621.5,11,0,0,0,0,0,0,0,0
98,2017-04-24,09:00:50,201,j1709,XDCE,1621.5,1618.0,1650,69062,11317109400,192352,213252,1786.5,1491.5,1639,1651,0,1650,0,0,0,2017-04-24,32450201,1621.0,6,0,0,0,0,0,0,0,0,1621.5,20,0,0,0,0,0,0,0,0
99,2017-04-24,09:00:50,685,j1709,XDCE,1619.5,1618.0,1650,69242,11346273200,192344,213252,1786.5,1491.5,1639,1651,0,1650,0,0,0,2017-04-24,32450685,1619.0,8,0,0,0,0,0,0,0,0,1619.5,4,0,0,0,0,0,0,0,0
100,2017-04-24,09:00:51,169,j1709,XDCE,1620.0,1618.0,1650,69264,11349836600,192340,213252,1786.5,1491.5,1639,1651,0,1650,0,0,0,2017-04-24,32451169,1619.0,12,0,0,0,0,0,0,0,0,1619.5,22,0,0,0,0,0,0,0,0
101,2017-04-24,09:00:51,631,j1709,XDCE,1619.0,1618.0,1650,69324,11359552300,192352,213252,1786.5,1491.5,1639,1651,0,1650,0,0,0,2017-04-24,32451631,1618.5,3,0,0,0,0,0,0,0,0,1619.0,4,0,0,0,0,0,0,0,0
102,2017-04-24,09:00:52,164,j1709,XDCE,1619.0,1618.0,1650,69344,11362789900,192350,213252,1786.5,1491.5,1639,1651,0,1650,0,0,0,2017-04-24,32452164,1619.0,2,0,0,0,0,0,0,0,0,1619.5,7,0,0,0,0,0,0,0,0
103,2017-04-24,09:00:52,697,j1709,XDCE,1619.0,1618.0,1650,69356,11364732800,192342,213252,1786.5,1491.5,1639,1651,0,1650,0,0,0,2017-04-24,32452697,1618.5,12,0,0,0,0,0,0,0,0,1619.0,4,0,0,0,0,0,0,0,0
104,2017-04-24,09:00:53,191,j1709,XDCE,1619.0,1618.0,1650,69378,11368295100,192324,213252,1786.5,1491.5,1639,1651,0,1650,0,0,0,2017-04-24,32453191,1619.0,13,0,0,0,0,0,0,0,0,1620.0,143,0,0,0,0,0,0,0,0
105,2017-04-24,09:00:53,677,j1709,XDCE,1620.0,1618.0,1650,69456,11380931000,192346,213252,1786.5,1491.5,1639,1651,0,1650,0,0,0,2017-04-24,32453677,1619.5,4,0,0,0,0,0,0,0,0,1620.0,105,0,0,0,0,0,0,0,0
106,2017-04-24,09:00:54,198,j1709,XDCE,1620.0,1618.0,1650,69504,11388706900,192346,213252,1786.5,1491.5,1639,1651,0,1650,0,0,0,2017-04-24,32454198,1619.5,9,0,0,0,0,0,0,0,0,1620.0,80,0,0,0,0,0,0,0,0
107,2017-04-24,09:00:54,689,j1709,XDCE,1620.0,1618.0,1650,69604,11404906400,192354,213252,1786.5,1491.5,1639,1651,0,1650,0,0,0,2017-04-24,32454689,1619.5,15,0,0,0,0,0,0,0,0,1620.0,35,0,0,0,0,0,0,0,0
108,2017-04-24,09:00:55,188,j1709,XDCE,1620.0,1618.0,1650,69716,11423048300,192368,213252,1786.5,1491.5,1639,1651,0,1650,0,0,0,2017-04-24,32455188,1620.0,6,0,0,0,0,0,0,0,0,1620.5,15,0,0,0,0,0,0,0,0
109,2017-04-24,09:00:55,687,j1709,XDCE,1620.5,1618.0,1650,69746,11427909800,192344,213252,1786.5,1491.5,1639,1651,0,1650,0,0,0,2017-04-24,32455687,1620.0,15,0,0,0,0,0,0,0,0,1621.0,4,0,0,0,0,0,0,0,0
110,2017-04-24,09:00:56,188,j1709,XDCE,1620.0,1618.0,1650,69762,11430501800,192340,213252,1786.5,1491.5,1639,1651,0,1650,0,0,0,2017-04-24,32456188,1620.0,9,0,0,0,0,0,0,0,0,1621.0,4,0,0,0,0,0,0,0,0
111,2017-04-24,09:00:56,693,j1709,XDCE,1620.0,1618.0,1650,69808,11437954400,192332,213252,1786.5,1491.5,1639,1651,0,1650,0,0,0,2017-04-24,32456693,1619.5,6,0,0,0,0,0,0,0,0,1620.0,3,0,0,0,0,0,0,0,0
112,2017-04-24,09:00:57,176,j1709,XDCE,1620.0,1618.0,1650,69820,11439898400,192332,213252,1786.5,1491.5,1639,1651,0,1650,0,0,0,2017-04-24,32457176,1620.5,1,0,0,0,0,0,0,0,0,1621.0,1,0,0,0,0,0,0,0,0
113,2017-04-24,09:00:57,672,j1709,XDCE,1620.5,1618.0,1650,69838,11442815400,192324,213252,1786.5,1491.5,1639,1651,0,1650,0,0,0,2017-04-24,32457672,1619.0,12,0,0,0,0,0,0,0,0,1620.5,1,0,0,0,0,0,0,0,0
114,2017-04-24,09:00:58,176,j1709,XDCE,1619.0,1618.0,1650,69854,11445406600,192318,213252,1786.5,1491.5,1639,1651,0,1650,0,0,0,2017-04-24,32458176,1619.0,14,0,0,0,0,0,0,0,0,1620.5,2,0,0,0,0,0,0,0,0
115,2017-04-24,09:00:58,683,j1709,XDCE,1621.0,1618.0,1650,69886,11450593000,192314,213252,1786.5,1491.5,1639,1651,0,1650,0,0,0,2017-04-24,32458683,1620.0,1,0,0,0,0,0,0,0,0,1621.0,16,0,0,0,0,0,0,0,0
116,2017-04-24,09:00:59,163,j1709,XDCE,1620.0,1618.0,1650,69894,11451889200,192312,213252,1786.5,1491.5,1639,1651,0,1650,0,0,0,2017-04-24,32459163,1619.5,3,0,0,0,0,0,0,0,0,1621.0,5,0,0,0,0,0,0,0,0
117,2017-04-24,09:00:59,675,j1709,XDCE,1620.0,1618.0,1650,69894,11451889200,192312,213252,1786.5,1491.5,1639,1651,0,1650,0,0,0,2017-04-24,32459675,1620.0,5,0,0,0,0,0,0,0,0,1620.5,6,0,0,0,0,0,0,0,0
118,2017-04-24,09:00:59,994,j1709,XDCE,1620.5,1618.0,1650,69914,11455129500,192300,213252,1786.5,1491.5,1639,1651,0,1650,0,0,0,2017-04-24,32459994,1619.5,1,0,0,0,0,0,0,0,0,1620.5,3,0,0,0,0,0,0,0,0
119,2017-04-24,09:01:00,662,j1709,XDCE,1619.0,1618.0,1650,69944,11459988700,192290,213252,1786.5,1491.5,1639,1651,0,1650,0,0,0,2017-04-24,32460662,1618.5,7,0,0,0,0,0,0,0,0,1619.0,6,0,0,0,0,0,0,0,0
120,2017-04-24,09:01:01,201,j1709,XDCE,1619.0,1618.0,1650,69988,11467111600,192260,213252,1786.5,1491.5,1639,1651,0,1650,0,0,0,2017-04-24,32461201,1618.0,37,0,0,0,0,0,0,0,0,1619.0,4,0,0,0,0,0,0,0,0
121,2017-04-24,09:01:01,674,j1709,XDCE,1619.0,1618.0,1650,69992,11467759200,192256,213252,1786.5,1491.5,1639,1651,0,1650,0,0,0,2017-04-24,32461674,1618.5,4,0,0,0,0,0,0,0,0,1619.0,2,0,0,0,0,0,0,0,0
122,2017-04-24,09:01:02,147,j1709,XDCE,1619.0,1618.0,1650,70008,11470348900,192256,213252,1786.5,1491.5,1639,1651,0,1650,0,0,0,2017-04-24,32462147,1618.0,41,0,0,0,0,0,0,0,0,1619.0,2,0,0,0,0,0,0,0,0
123,2017-04-24,09:01:02,695,j1709,XDCE,1618.5,1618.0,1650,70018,11471967600,192254,213252,1786.5,1491.5,1639,1651,0,1650,0,0,0,2017-04-24,32462695,1618.0,41,0,0,0,0,0,0,0,0,1618.5,3,0,0,0,0,0,0,0,0
124,2017-04-24,09:01:03,185,j1709,XDCE,1618.5,1618.0,1650,70072,11480707800,192222,213252,1786.5,1491.5,1639,1651,0,1650,0,0,0,2017-04-24,32463185,1618.0,29,0,0,0,0,0,0,0,0,1618.5,2,0,0,0,0,0,0,0,0
125,2017-04-24,09:01:03,697,j1709,XDCE,1618.5,1618.0,1650,70088,11483297400,192216,213252,1786.5,1491.5,1639,1651,0,1650,0,0,0,2017-04-24,32463697,1618.0,30,0,0,0,0,0,0,0,0,1619.5,2,0,0,0,0,0,0,0,0
126,2017-04-24,09:01:04,66,j1709,XDCE,1619.0,1618.0,1650,70090,11483621200,192214,213252,1786.5,1491.5,1639,1651,0,1650,0,0,0,2017-04-24,32464066,1618.5,1,0,0,0,0,0,0,0,0,1619.5,3,0,0,0,0,0,0,0,0
127,2017-04-24,09:01:04,684,j1709,XDCE,1619.5,1618.0,1650,70132,11490423000,192176,213252,1786.5,1491.5,1639,1651,0,1650,0,0,0,2017-04-24,32464684,1619.0,1,0,0,0,0,0,0,0,0,1619.5,1,0,0,0,0,0,0,0,0
128,2017-04-24,09:01:05,182,j1709,XDCE,1620.0,1618.0,1650,70144,11492366800,192172,213252,1786.5,1491.5,1639,1651,0,1650,0,0,0,2017-04-24,32465182,1619.0,12,0,0,0,0,0,0,0,0,1620.0,198,0,0,0,0,0,0,0,0
129,2017-04-24,09:01:05,639,j1709,XDCE,1620.0,1618.0,1650,70150,11493338500,192172,213252,1786.5,1491.5,1639,1651,0,1650,0,0,0,2017-04-24,32465639,1619.5,2,0,0,0,0,0,0,0,0,1620.0,197,0,0,0,0,0,0,0,0
130,2017-04-24,09:01:06,163,j1709,XDCE,1619.5,1618.0,1650,70158,11494634300,192172,213252,1786.5,1491.5,1639,1651,0,1650,0,0,0,2017-04-24,32466163,1619.0,11,0,0,0,0,0,0,0,0,1619.5,2,0,0,0,0,0,0,0,0
131,2017-04-24,09:01:06,688,j1709,XDCE,1619.5,1618.0,1650,70206,11502409000,192168,213252,1786.5,1491.5,1639,1651,0,1650,0,0,0,2017-04-24,32466688,1619.5,10,0,0,0,0,0,0,0,0,1620.0,179,0,0,0,0,0,0,0,0
132,2017-04-24,09:01:07,103,j1709,XDCE,1620.0,1618.0,1650,70232,11506620000,192166,213252,1786.5,1491.5,1639,1651,0,1650,0,0,0,2017-04-24,32467103,1619.0,6,0,0,0,0,0,0,0,0,1620.0,176,0,0,0,0,0,0,0,0
133,2017-04-24,09:01:07,664,j1709,XDCE,1619.5,1618.0,1650,70276,11513747800,192162,213252,1786.5,1491.5,1639,1651,0,1650,0,0,0,2017-04-24,32467664,1619.5,1,0,0,0,0,0,0,0,0,1620.0,156,0,0,0,0,0,0,0,0
134,2017-04-24,09:01:08,142,j1709,XDCE,1619.0,1618.0,1650,70292,11516338700,192160,213252,1786.5,1491.5,1639,1651,0,1650,0,0,0,2017-04-24,32468142,1619.0,2,0,0,0,0,0,0,0,0,1619.5,4,0,0,0,0,0,0,0,0
135,2017-04-24,09:01:08,664,j1709,XDCE,1620.0,1618.0,1650,70312,11519577300,192160,213252,1786.5,1491.5,1639,1651,0,1650,0,0,0,2017-04-24,32468664,1619.0,1,0,0,0,0,0,0,0,0,1619.5,1,0,0,0,0,0,0,0,0
136,2017-04-24,09:01:09,175,j1709,XDCE,1619.0,1618.0,1650,70322,11521196300,192162,213252,1786.5,1491.5,1639,1651,0,1650,0,0,0,2017-04-24,32469175,1618.5,23,0,0,0,0,0,0,0,0,1619.5,2,0,0,0,0,0,0,0,0
137,2017-04-24,09:01:09,612,j1709,XDCE,1619.0,1618.0,1650,70326,11521843900,192158,213252,1786.5,1491.5,1639,1651,0,1650,0,0,0,2017-04-24,32469612,1618.5,23,0,0,0,0,0,0,0,0,1619.5,2,0,0,0,0,0,0,0,0
138,2017-04-24,09:01:10,191,j1709,XDCE,1618.5,1618.0,1650,70336,11523463000,192154,213252,1786.5,1491.5,1639,1651,0,1650,0,0,0,2017-04-24,32470191,1618.5,22,0,0,0,0,0,0,0,0,1619.5,1,0,0,0,0,0,0,0,0
139,2017-04-24,09:01:10,683,j1709,XDCE,1618.5,1618.0,1650,70342,11524434400,192152,213252,1786.5,1491.5,1639,1651,0,1650,0,0,0,2017-04-24,32470683,1618.5,23,0,0,0,0,0,0,0,0,1619.5,3,0,0,0,0,0,0,0,0
140,2017-04-24,09:01:11,179,j1709,XDCE,1619.5,1618.0,1650,70348,11525405900,192150,213252,1786.5,1491.5,1639,1651,0,1650,0,0,0,2017-04-24,32471179,1618.5,23,0,0,0,0,0,0,0,0,1619.5,11,0,0,0,0,0,0,0,0
141,2017-04-24,09:01:11,664,j1709,XDCE,1618.5,1618.0,1650,70414,11536088000,192150,213252,1786.5,1491.5,1639,1651,0,1650,0,0,0,2017-04-24,32471664,1618.0,30,0,0,0,0,0,0,0,0,1619.5,9,0,0,0,0,0,0,0,0
142,2017-04-24,09:01:12,201,j1709,XDCE,1619.5,1618.0,1650,70476,11546128000,192122,213252,1786.5,1491.5,1639,1651,0,1650,0,0,0,2017-04-24,32472201,1619.0,7,0,0,0,0,0,0,0,0,1619.5,9,0,0,0,0,0,0,0,0
143,2017-04-24,09:01:12,701,j1709,XDCE,1619.5,1618.0,1650,70506,11550985900,192112,213252,1786.5,1491.5,1639,1651,0,1650,0,0,0,2017-04-24,32472701,1619.5,2,0,0,0,0,0,0,0,0,1620.0,151,0,0,0,0,0,0,0,0
144,2017-04-24,09:01:13,171,j1709,XDCE,1620.0,1618.0,1650,70528,11554549600,192112,213252,1786.5,1491.5,1639,1651,0,1650,0,0,0,2017-04-24,32473171,1619.5,88,0,0,0,0,0,0,0,0,1620.0,143,0,0,0,0,0,0,0,0
145,2017-04-24,09:01:13,688,j1709,XDCE,1620.0,1618.0,1650,70580,11562973600,192116,213252,1786.5,1491.5,1639,1651,0,1650,0,0,0,2017-04-24,32473688,1619.5,89,0,0,0,0,0,0,0,0,1620.0,117,0,0,0,0,0,0,0,0
146,2017-04-24,09:01:14,173,j1709,XDCE,1620.0,1618.0,1650,70828,11603146900,192124,213252,1786.5,1491.5,1639,1651,0,1650,0,0,0,2017-04-24,32474173,1619.5,64,0,0,0,0,0,0,0,0,1620.0,20,0,0,0,0,0,0,0,0
147,2017-04-24,09:01:14,681,j1709,XDCE,1621.0,1618.0,1650,70884,11612219900,192108,213252,1786.5,1491.5,1639,1651,0,1650,0,0,0,2017-04-24,32474681,1620.5,11,0,0,0,0,0,0,0,0,1621.0,10,0,0,0,0,0,0,0,0
148,2017-04-24,09:01:15,161,j1709,XDCE,1621.0,1618.0,1650,70914,11617082700,192090,213252,1786.5,1491.5,1639,1651,0,1650,0,0,0,2017-04-24,32475161,1620.5,11,0,0,0,0,0,0,0,0,1621.5,9,0,0,0,0,0,0,0,0
149,2017-04-24,09:01:15,663,j1709,XDCE,1621.0,1618.0,1650,70918,11617731100,192086,213252,1786.5,1491.5,1639,1651,0,1650,0,0,0,2017-04-24,32475663,1621.0,1,0,0,0,0,0,0,0,0,1621.5,21,0,0,0,0,0,0,0,0
150,2017-04-24,09:01:16,162,j1709,XDCE,1621.0,1618.0,1650,70994,11630051300,192044,213252,1786.5,1491.5,1639,1651,0,1650,0,0,0,2017-04-24,32476162,1620.0,31,0,0,0,0,0,0,0,0,1622.0,18,0,0,0,0,0,0,0,0
151,2017-04-24,09:01:16,661,j1709,XDCE,1621.5,1618.0,1650,71006,11631997100,192042,213252,1786.5,1491.5,1639,1651,0,1650,0,0,0,2017-04-24,32476661,1620.5,3,0,0,0,0,0,0,0,0,1622.0,18,0,0,0,0,0,0,0,0
152,2017-04-24,09:01:17,187,j1709,XDCE,1621.0,1618.0,1650,71008,11632321300,192042,213252,1786.5,1491.5,1639,1651,0,1650,0,0,0,2017-04-24,32477187,1620.5,1,0,0,0,0,0,0,0,0,1621.5,3,0,0,0,0,0,0,0,0
153,2017-04-24,09:01:17,699,j1709,XDCE,1621.5,1618.0,1650,71026,11635239500,192034,213252,1786.5,1491.5,1639,1651,0,1650,0,0,0,2017-04-24,32477699,1620.5,3,0,0,0,0,0,0,0,0,1622.0,29,0,0,0,0,0,0,0,0
154,2017-04-24,09:01:18,46,j1709,XDCE,1621.5,1618.0,1650,71042,11637834500,192020,213252,1786.5,1491.5,1639,1651,0,1650,0,0,0,2017-04-24,32478046,1621.0,1,0,0,0,0,0,0,0,0,1621.5,1,0,0,0,0,0,0,0,0
155,2017-04-24,09:01:18,667,j1709,XDCE,1621.0,1618.0,1650,71046,11638483000,192016,213252,1786.5,1491.5,1639,1651,0,1650,0,0,0,2017-04-24,32478667,1620.5,4,0,0,0,0,0,0,0,0,1621.5,7,0,0,0,0,0,0,0,0
156,2017-04-24,09:01:19,162,j1709,XDCE,1621.5,1618.0,1650,71084,11644644000,191998,213252,1786.5,1491.5,1639,1651,0,1650,0,0,0,2017-04-24,32479162,1621.0,2,0,0,0,0,0,0,0,0,1621.5,4,0,0,0,0,0,0,0,0
157,2017-04-24,09:01:19,668,j1709,XDCE,1621.5,1618.0,1650,71098,11646913900,191986,213252,1786.5,1491.5,1639,1651,0,1650,0,0,0,2017-04-24,32479668,1620.5,7,0,0,0,0,0,0,0,0,1621.0,2,0,0,0,0,0,0,0,0
158,2017-04-24,09:01:20,167,j1709,XDCE,1622.0,1618.0,1650,71194,11662484600,191900,213252,1786.5,1491.5,1639,1651,0,1650,0,0,0,2017-04-24,32480167,1622.0,3,0,0,0,0,0,0,0,0,1622.5,26,0,0,0,0,0,0,0,0
159,2017-04-24,09:01:20,662,j1709,XDCE,1622.0,1618.0,1650,71204,11664106300,191894,213252,1786.5,1491.5,1639,1651,0,1650,0,0,0,2017-04-24,32480662,1621.5,13,0,0,0,0,0,0,0,0,1622.0,2,0,0,0,0,0,0,0,0
160,2017-04-24,09:01:21,88,j1709,XDCE,1622.0,1618.0,1650,71204,11664106300,191894,213252,1786.5,1491.5,1639,1651,0,1650,0,0,0,2017-04-24,32481088,1621.5,11,0,0,0,0,0,0,0,0,1622.0,7,0,0,0,0,0,0,0,0
161,2017-04-24,09:01:21,668,j1709,XDCE,1622.0,1618.0,1650,71214,11665728300,191884,213252,1786.5,1491.5,1639,1651,0,1650,0,0,0,2017-04-24,32481668,1621.5,21,0,0,0,0,0,0,0,0,1622.0,4,0,0,0,0,0,0,0,0
162,2017-04-24,09:01:22,161,j1709,XDCE,1622.0,1618.0,1650,71224,11667350300,191874,213252,1786.5,1491.5,1639,1651,0,1650,0,0,0,2017-04-24,32482161,1621.5,21,0,0,0,0,0,0,0,0,1622.5,26,0,0,0,0,0,0,0,0
163,2017-04-24,09:01:22,661,j1709,XDCE,1622.0,1618.0,1650,71256,11672539900,191874,213252,1786.5,1491.5,1639,1651,0,1650,0,0,0,2017-04-24,32482661,1622.0,1,0,0,0,0,0,0,0,0,1622.5,24,0,0,0,0,0,0,0,0
164,2017-04-24,09:01:23,177,j1709,XDCE,1622.5,1618.0,1650,71262,11673513300,191874,213252,1786.5,1491.5,1639,1651,0,1650,0,0,0,2017-04-24,32483177,1622.0,1,0,0,0,0,0,0,0,0,1622.5,24,0,0,0,0,0,0,0,0
165,2017-04-24,09:01:23,661,j1709,XDCE,1622.5,1618.0,1650,71300,11679678300,191864,213252,1786.5,1491.5,1639,1651,0,1650,0,0,0,2017-04-24,32483661,1622.0,12,0,0,0,0,0,0,0,0,1622.5,8,0,0,0,0,0,0,0,0
166,2017-04-24,09:01:24,162,j1709,XDCE,1622.5,1618.0,1650,71322,11683247800,191846,213252,1786.5,1491.5,1639,1651,0,1650,0,0,0,2017-04-24,32484162,1622.0,19,0,0,0,0,0,0,0,0,1623.0,14,0,0,0,0,0,0,0,0
167,2017-04-24,09:01:24,691,j1709,XDCE,1623.0,1618.0,1650,71342,11686493800,191834,213252,1786.5,1491.5,1639,1651,0,1650,0,0,0,2017-04-24,32484691,1622.5,1,0,0,0,0,0,0,0,0,1623.0,4,0,0,0,0,0,0,0,0
168,2017-04-24,09:01:24,912,j1709,XDCE,1622.5,1618.0,1650,71346,11687142800,191834,213252,1786.5,1491.5,1639,1651,0,1650,0,0,0,2017-04-24,32484912,1622.0,21,0,0,0,0,0,0,0,0,1623.0,4,0,0,0,0,0,0,0,0
169,2017-04-24,09:01:25,702,j1709,XDCE,1623.0,1618.0,1650,71350,11687792000,191830,213252,1786.5,1491.5,1639,1651,0,1650,0,0,0,2017-04-24,32485702,1622.0,23,0,0,0,0,0,0,0,0,1623.0,2,0,0,0,0,0,0,0,0
170,2017-04-24,09:01:26,164,j1709,XDCE,1622.5,1618.0,1650,71354,11688440900,191828,213252,1786.5,1491.5,1639,1651,0,1650,0,0,0,2017-04-24,32486164,1622.5,3,0,0,0,0,0,0,0,0,1623.0,4,0,0,0,0,0,0,0,0
171,2017-04-24,09:01:26,699,j1709,XDCE,1623.0,1618.0,1650,71360,11689414600,191828,213252,1786.5,1491.5,1639,1651,0,1650,0,0,0,2017-04-24,32486699,1622.5,2,0,0,0,0,0,0,0,0,1623.0,2,0,0,0,0,0,0,0,0
172,2017-04-24,09:01:27,181,j1709,XDCE,1623.0,1618.0,1650,71374,11691686600,191818,213252,1786.5,1491.5,1639,1651,0,1650,0,0,0,2017-04-24,32487181,1622.5,2,0,0,0,0,0,0,0,0,1623.0,10,0,0,0,0,0,0,0,0
173,2017-04-24,09:01:27,665,j1709,XDCE,1623.0,1618.0,1650,71376,11692011200,191816,213252,1786.5,1491.5,1639,1651,0,1650,0,0,0,2017-04-24,32487665,1622.5,2,0,0,0,0,0,0,0,0,1623.0,8,0,0,0,0,0,0,0,0
174,2017-04-24,09:01:28,186,j1709,XDCE,1622.5,1618.0,1650,71410,11697527800,191820,213252,1786.5,1491.5,1639,1651,0,1650,0,0,0,2017-04-24,32488186,1622.0,24,0,0,0,0,0,0,0,0,1622.5,5,0,0,0,0,0,0,0,0
175,2017-04-24,09:01:28,636,j1709,XDCE,1623.0,1618.0,1650,71430,11700773300,191820,213252,1786.5,1491.5,1639,1651,0,1650,0,0,0,2017-04-24,32488636,1622.0,24,0,0,0,0,0,0,0,0,1623.0,6,0,0,0,0,0,0,0,0
176,2017-04-24,09:01:29,162,j1709,XDCE,1622.5,1618.0,1650,71460,11705641900,191824,213252,1786.5,1491.5,1639,1651,0,1650,0,0,0,2017-04-24,32489162,1622.5,1,0,0,0,0,0,0,0,0,1623.0,7,0,0,0,0,0,0,0,0
177,2017-04-24,09:01:29,661,j1709,XDCE,1622.5,1618.0,1650,71468,11706940000,191822,213252,1786.5,1491.5,1639,1651,0,1650,0,0,0,2017-04-24,32489661,1622.0,24,0,0,0,0,0,0,0,0,1622.5,2,0,0,0,0,0,0,0,0
178,2017-04-24,09:01:30,196,j1709,XDCE,1623.0,1618.0,1650,71480,11708887200,191824,213252,1786.5,1491.5,1639,1651,0,1650,0,0,0,2017-04-24,32490196,1622.0,25,0,0,0,0,0,0,0,0,1623.0,3,0,0,0,0,0,0,0,0
179,2017-04-24,09:01:30,662,j1709,XDCE,1622.5,1618.0,1650,71500,11712132100,191824,213252,1786.5,1491.5,1639,1651,0,1650,0,0,0,2017-04-24,32490662,1622.0,24,0,0,0,0,0,0,0,0,1622.5,6,0,0,0,0,0,0,0,0
180,2017-04-24,09:01:31,167,j1709,XDCE,1622.0,1618.0,1650,71568,11723162500,191830,213252,1786.5,1491.5,1639,1651,0,1650,0,0,0,2017-04-24,32491167,1621.5,13,0,0,0,0,0,0,0,0,1622.0,9,0,0,0,0,0,0,0,0
181,2017-04-24,09:01:31,689,j1709,XDCE,1621.5,1618.0,1650,71584,11725757100,191826,213252,1786.5,1491.5,1639,1651,0,1650,0,0,0,2017-04-24,32491689,1621.5,7,0,0,0,0,0,0,0,0,1622.0,8,0,0,0,0,0,0,0,0
182,2017-04-24,09:01:32,195,j1709,XDCE,1622.0,1618.0,1650,71610,11729973200,191802,213252,1786.5,1491.5,1639,1651,0,1650,0,0,0,2017-04-24,32492195,1621.0,6,0,0,0,0,0,0,0,0,1622.0,5,0,0,0,0,0,0,0,0
183,2017-04-24,09:01:32,678,j1709,XDCE,1622.0,1618.0,1650,71630,11733217200,191790,213252,1786.5,1491.5,1639,1651,0,1650,0,0,0,2017-04-24,32492678,1621.0,7,0,0,0,0,0,0,0,0,1622.0,3,0,0,0,0,0,0,0,0
184,2017-04-24,09:01:33,198,j1709,XDCE,1622.0,1618.0,1650,71636,11734190400,191790,213252,1786.5,1491.5,1639,1651,0,1650,0,0,0,2017-04-24,32493198,1621.0,7,0,0,0,0,0,0,0,0,1622.0,25,0,0,0,0,0,0,0,0
185,2017-04-24,09:01:33,662,j1709,XDCE,1621.5,1618.0,1650,71678,11741002700,191754,213252,1786.5,1491.5,1639,1651,0,1650,0,0,0,2017-04-24,32493662,1621.5,6,0,0,0,0,0,0,0,0,1622.0,3,0,0,0,0,0,0,0,0
186,2017-04-24,09:01:34,183,j1709,XDCE,1622.0,1618.0,1650,71688,11742624400,191750,213252,1786.5,1491.5,1639,1651,0,1650,0,0,0,2017-04-24,32494183,1621.5,2,0,0,0,0,0,0,0,0,1622.0,1,0,0,0,0,0,0,0,0
187,2017-04-24,09:01:34,700,j1709,XDCE,1622.5,1618.0,1650,71706,11745544800,191734,213252,1786.5,1491.5,1639,1651,0,1650,0,0,0,2017-04-24,32494700,1622.0,6,0,0,0,0,0,0,0,0,1622.5,6,0,0,0,0,0,0,0,0
188,2017-04-24,09:01:35,188,j1709,XDCE,1622.5,1618.0,1650,71722,11748140800,191718,213252,1786.5,1491.5,1639,1651,0,1650,0,0,0,2017-04-24,32495188,1622.5,5,0,0,0,0,0,0,0,0,1623.0,5,0,0,0,0,0,0,0,0
189,2017-04-24,09:01:35,673,j1709,XDCE,1622.0,1618.0,1650,71766,11755278100,191706,213252,1786.5,1491.5,1639,1651,0,1650,0,0,0,2017-04-24,32495673,1622.0,15,0,0,0,0,0,0,0,0,1623.0,6,0,0,0,0,0,0,0,0
190,2017-04-24,09:01:36,163,j1709,XDCE,1622.0,1618.0,1650,71796,11760144100,191680,213252,1786.5,1491.5,1639,1651,0,1650,0,0,0,2017-04-24,32496163,1621.0,14,0,0,0,0,0,0,0,0,1622.5,12,0,0,0,0,0,0,0,0
191,2017-04-24,09:01:36,666,j1709,XDCE,1622.0,1618.0,1650,71798,11760468500,191682,213252,1786.5,1491.5,1639,1651,0,1650,0,0,0,2017-04-24,32496666,1621.5,1,0,0,0,0,0,0,0,0,1622.0,5,0,0,0,0,0,0,0,0
192,2017-04-24,09:01:37,166,j1709,XDCE,1622.0,1618.0,1650,71806,11761766100,191682,213252,1786.5,1491.5,1639,1651,0,1650,0,0,0,2017-04-24,32497166,1621.5,1,0,0,0,0,0,0,0,0,1622.0,2,0,0,0,0,0,0,0,0
193,2017-04-24,09:01:37,688,j1709,XDCE,1622.0,1618.0,1650,71808,11762090500,191680,213252,1786.5,1491.5,1639,1651,0,1650,0,0,0,2017-04-24,32497688,1621.5,1,0,0,0,0,0,0,0,0,1622.0,6,0,0,0,0,0,0,0,0
194,2017-04-24,09:01:38,196,j1709,XDCE,1622.0,1618.0,1650,71812,11762739200,191680,213252,1786.5,1491.5,1639,1651,0,1650,0,0,0,2017-04-24,32498196,1621.5,5,0,0,0,0,0,0,0,0,1622.0,8,0,0,0,0,0,0,0,0
195,2017-04-24,09:01:38,693,j1709,XDCE,1622.0,1618.0,1650,71828,11765334400,191666,213252,1786.5,1491.5,1639,1651,0,1650,0,0,0,2017-04-24,32498693,1622.0,6,0,0,0,0,0,0,0,0,1622.5,7,0,0,0,0,0,0,0,0
196,2017-04-24,09:01:39,161,j1709,XDCE,1622.0,1618.0,1650,71846,11768254000,191670,213252,1786.5,1491.5,1639,1651,0,1650,0,0,0,2017-04-24,32499161,1621.5,8,0,0,0,0,0,0,0,0,1622.0,7,0,0,0,0,0,0,0,0
197,2017-04-24,09:01:39,624,j1709,XDCE,1621.5,1618.0,1650,71862,11770848800,191674,213252,1786.5,1491.5,1639,1651,0,1650,0,0,0,2017-04-24,32499624,1621.5,4,0,0,0,0,0,0,0,0,1622.0,3,0,0,0,0,0,0,0,0
198,2017-04-24,09:01:40,161,j1709,XDCE,1622.0,1618.0,1650,71868,11771822000,191670,213252,1786.5,1491.5,1639,1651,0,1650,0,0,0,2017-04-24,32500161,1622.0,2,0,0,0,0,0,0,0,0,1622.5,4,0,0,0,0,0,0,0,0
199,2017-04-24,09:01:40,414,j1709,XDCE,1622.0,1618.0,1650,71876,11773119700,191666,213252,1786.5,1491.5,1639,1651,0,1650,0,0,0,2017-04-24,32500414,1622.0,2,0,0,0,0,0,0,0,0,1622.5,3,0,0,0,0,0,0,0,0
200,2017-04-24,09:01:41,184,j1709,XDCE,1622.0,1618.0,1650,71876,11773119700,191666,213252,1786.5,1491.5,1639,1651,0,1650,0,0,0,2017-04-24,32501184,1622.0,3,0,0,0,0,0,0,0,0,1622.5,3,0,0,0,0,0,0,0,0
201,2017-04-24,09:01:41,662,j1709,XDCE,1622.5,1618.0,1650,71908,11778311400,191656,213252,1786.5,1491.5,1639,1651,0,1650,0,0,0,2017-04-24,32501662,1622.5,9,0,0,0,0,0,0,0,0,1623.0,27,0,0,0,0,0,0,0,0
202,2017-04-24,09:01:42,161,j1709,XDCE,1622.5,1618.0,1650,71932,11782205500,191648,213252,1786.5,1491.5,1639,1651,0,1650,0,0,0,2017-04-24,32502161,1622.0,15,0,0,0,0,0,0,0,0,1623.0,28,0,0,0,0,0,0,0,0
203,2017-04-24,09:01:42,681,j1709,XDCE,1623.0,1618.0,1650,72002,11793564800,191614,213252,1786.5,1491.5,1639,1651,0,1650,0,0,0,2017-04-24,32502681,1622.0,15,0,0,0,0,0,0,0,0,1623.0,13,0,0,0,0,0,0,0,0
204,2017-04-24,09:01:43,171,j1709,XDCE,1623.0,1618.0,1650,72014,11795512400,191620,213252,1786.5,1491.5,1639,1651,0,1650,0,0,0,2017-04-24,32503171,1622.0,15,0,0,0,0,0,0,0,0,1623.0,8,0,0,0,0,0,0,0,0
205,2017-04-24,09:01:43,680,j1709,XDCE,1623.5,1618.0,1650,72076,11805576600,191628,213252,1786.5,1491.5,1639,1651,0,1650,0,0,0,2017-04-24,32503680,1623.5,3,0,0,0,0,0,0,0,0,1624.0,14,0,0,0,0,0,0,0,0
206,2017-04-24,09:01:44,152,j1709,XDCE,1624.0,1618.0,1650,72082,11806550800,191628,213252,1786.5,1491.5,1639,1651,0,1650,0,0,0,2017-04-24,32504152,1623.5,1,0,0,0,0,0,0,0,0,1624.0,13,0,0,0,0,0,0,0,0
207,2017-04-24,09:01:44,687,j1709,XDCE,1623.5,1618.0,1650,72084,11806875500,191628,213252,1786.5,1491.5,1639,1651,0,1650,0,0,0,2017-04-24,32504687,1623.5,2,0,0,0,0,0,0,0,0,1624.0,17,0,0,0,0,0,0,0,0
208,2017-04-24,09:01:45,162,j1709,XDCE,1624.0,1618.0,1650,72120,11812721900,191606,213252,1786.5,1491.5,1639,1651,0,1650,0,0,0,2017-04-24,32505162,1624.0,2,0,0,0,0,0,0,0,0,1624.5,23,0,0,0,0,0,0,0,0
209,2017-04-24,09:01:45,681,j1709,XDCE,1623.5,1618.0,1650,72130,11814345800,191600,213252,1786.5,1491.5,1639,1651,0,1650,0,0,0,2017-04-24,32505681,1623.5,3,0,0,0,0,0,0,0,0,1624.0,1,0,0,0,0,0,0,0,0
210,2017-04-24,09:01:46,97,j1709,XDCE,1624.0,1618.0,1650,72132,11814670600,191600,213252,1786.5,1491.5,1639,1651,0,1650,0,0,0,2017-04-24,32506097,1624.0,1,0,0,0,0,0,0,0,0,1624.5,24,0,0,0,0,0,0,0,0
211,2017-04-24,09:01:46,658,j1709,XDCE,1624.0,1618.0,1650,72152,11817919100,191608,213252,1786.5,1491.5,1639,1651,0,1650,0,0,0,2017-04-24,32506658,1623.5,12,0,0,0,0,0,0,0,0,1624.0,4,0,0,0,0,0,0,0,0
212,2017-04-24,09:01:46,933,j1709,XDCE,1624.0,1618.0,1650,72168,11820517500,191608,213252,1786.5,1491.5,1639,1651,0,1650,0,0,0,2017-04-24,32506933,1624.0,3,0,0,0,0,0,0,0,0,1624.5,21,0,0,0,0,0,0,0,0
213,2017-04-24,09:01:47,696,j1709,XDCE,1624.5,1618.0,1650,72174,11821492200,191606,213252,1786.5,1491.5,1639,1651,0,1650,0,0,0,2017-04-24,32507696,1624.0,15,0,0,0,0,0,0,0,0,1624.5,19,0,0,0,0,0,0,0,0
214,2017-04-24,09:01:48,161,j1709,XDCE,1624.5,1618.0,1650,72196,11825066000,191592,213252,1786.5,1491.5,1639,1651,0,1650,0,0,0,2017-04-24,32508161,1624.0,20,0,0,0,0,0,0,0,0,1624.5,8,0,0,0,0,0,0,0,0
215,2017-04-24,09:01:48,686,j1709,XDCE,1624.0,1618.0,1650,72208,11827015300,191586,213252,1786.5,1491.5,1639,1651,0,1650,0,0,0,2017-04-24,32508686,1624.0,23,0,0,0,0,0,0,0,0,1624.5,5,0,0,0,0,0,0,0,0
216,2017-04-24,09:01:49,203,j1709,XDCE,1624.5,1618.0,1650,72218,11828639800,191580,213252,1786.5,1491.5,1639,1651,0,1650,0,0,0,2017-04-24,32509203,1624.5,58,0,0,0,0,0,0,0,0,1625.0,201,0,0,0,0,0,0,0,0
217,2017-04-24,09:01:49,661,j1709,XDCE,1625.0,1618.0,1650,72248,11833514700,191580,213252,1786.5,1491.5,1639,1651,0,1650,0,0,0,2017-04-24,32509661,1624.5,110,0,0,0,0,0,0,0,0,1625.0,188,0,0,0,0,0,0,0,0
218,2017-04-24,09:01:50,179,j1709,XDCE,1624.5,1618.0,1650,72340,11848464200,191578,213252,1786.5,1491.5,1639,1651,0,1650,0,0,0,2017-04-24,32510179,1624.5,105,0,0,0,0,0,0,0,0,1625.0,147,0,0,0,0,0,0,0,0
219,2017-04-24,09:01:50,662,j1709,XDCE,1625.0,1618.0,1650,72408,11859514200,191612,213252,1786.5,1491.5,1639,1651,0,1650,0,0,0,2017-04-24,32510662,1624.5,115,0,0,0,0,0,0,0,0,1625.0,112,0,0,0,0,0,0,0,0
220,2017-04-24,09:01:51,190,j1709,XDCE,1625.0,1618.0,1650,72486,11872189200,191624,213252,1786.5,1491.5,1639,1651,0,1650,0,0,0,2017-04-24,32511190,1624.5,123,0,0,0,0,0,0,0,0,1625.0,74,0,0,0,0,0,0,0,0
221,2017-04-24,09:01:51,671,j1709,XDCE,1625.0,1618.0,1650,72500,11874464200,191628,213252,1786.5,1491.5,1639,1651,0,1650,0,0,0,2017-04-24,32511671,1624.5,123,0,0,0,0,0,0,0,0,1625.0,67,0,0,0,0,0,0,0,0
222,2017-04-24,09:01:52,162,j1709,XDCE,1624.5,1618.0,1650,72508,11875764000,191632,213252,1786.5,1491.5,1639,1651,0,1650,0,0,0,2017-04-24,32512162,1624.5,121,0,0,0,0,0,0,0,0,1625.0,67,0,0,0,0,0,0,0,0
223,2017-04-24,09:01:52,662,j1709,XDCE,1624.5,1618.0,1650,72534,11879988100,191626,213252,1786.5,1491.5,1639,1651,0,1650,0,0,0,2017-04-24,32512662,1624.5,112,0,0,0,0,0,0,0,0,1625.0,63,0,0,0,0,0,0,0,0
224,2017-04-24,09:01:53,190,j1709,XDCE,1624.5,1618.0,1650,72562,11884537300,191622,213252,1786.5,1491.5,1639,1651,0,1650,0,0,0,2017-04-24,32513190,1624.5,103,0,0,0,0,0,0,0,0,1625.0,57,0,0,0,0,0,0,0,0
225,2017-04-24,09:01:53,703,j1709,XDCE,1624.5,1618.0,1650,72770,11918327000,191644,213252,1786.5,1491.5,1639,1651,0,1650,0,0,0,2017-04-24,32513703,1624.0,16,0,0,0,0,0,0,0,0,1624.5,4,0,0,0,0,0,0,0,0
226,2017-04-24,09:01:54,162,j1709,XDCE,1624.0,1618.0,1650,72796,11922550400,191642,213252,1786.5,1491.5,1639,1651,0,1650,0,0,0,2017-04-24,32514162,1624.0,12,0,0,0,0,0,0,0,0,1624.5,2,0,0,0,0,0,0,0,0
227,2017-04-24,09:01:54,682,j1709,XDCE,1624.5,1618.0,1650,72832,11928397400,191624,213252,1786.5,1491.5,1639,1651,0,1650,0,0,0,2017-04-24,32514682,1623.5,11,0,0,0,0,0,0,0,0,1624.0,6,0,0,0,0,0,0,0,0
228,2017-04-24,09:01:55,183,j1709,XDCE,1624.5,1618.0,1650,72832,11928397400,191624,213252,1786.5,1491.5,1639,1651,0,1650,0,0,0,2017-04-24,32515183,1623.5,11,0,0,0,0,0,0,0,0,1624.0,7,0,0,0,0,0,0,0,0
229,2017-04-24,09:01:55,647,j1709,XDCE,1624.0,1618.0,1650,72858,11932618800,191604,213252,1786.5,1491.5,1639,1651,0,1650,0,0,0,2017-04-24,32515647,1623.0,23,0,0,0,0,0,0,0,0,1624.0,13,0,0,0,0,0,0,0,0
230,2017-04-24,09:01:56,161,j1709,XDCE,1623.5,1618.0,1650,72874,11935216600,191594,213252,1786.5,1491.5,1639,1651,0,1650,0,0,0,2017-04-24,32516161,1623.0,25,0,0,0,0,0,0,0,0,1624.0,10,0,0,0,0,0,0,0,0
231,2017-04-24,09:01:56,684,j1709,XDCE,1623.5,1618.0,1650,72892,11938139600,191586,213252,1786.5,1491.5,1639,1651,0,1650,0,0,0,2017-04-24,32516684,1623.0,27,0,0,0,0,0,0,0,0,1623.5,2,0,0,0,0,0,0,0,0
232,2017-04-24,09:01:57,163,j1709,XDCE,1623.5,1618.0,1650,72928,11943985200,191574,213252,1786.5,1491.5,1639,1651,0,1650,0,0,0,2017-04-24,32517163,1623.5,11,0,0,0,0,0,0,0,0,1624.0,3,0,0,0,0,0,0,0,0
233,2017-04-24,09:01:57,614,j1709,XDCE,1623.5,1618.0,1650,72942,11946258200,191572,213252,1786.5,1491.5,1639,1651,0,1650,0,0,0,2017-04-24,32517614,1623.5,5,0,0,0,0,0,0,0,0,1624.0,3,0,0,0,0,0,0,0,0
234,2017-04-24,09:01:58,157,j1709,XDCE,1624.0,1618.0,1650,72952,11947882000,191566,213252,1786.5,1491.5,1639,1651,0,1650,0,0,0,2017-04-24,32518157,1623.5,3,0,0,0,0,0,0,0,0,1624.0,1,0,0,0,0,0,0,0,0
235,2017-04-24,09:01:58,676,j1709,XDCE,1624.0,1618.0,1650,72956,11948531500,191566,213252,1786.5,1491.5,1639,1651,0,1650,0,0,0,2017-04-24,32518676,1623.5,2,0,0,0,0,0,0,0,0,1624.0,2,0,0,0,0,0,0,0,0
236,2017-04-24,09:01:59,36,j1709,XDCE,1623.5,1618.0,1650,72958,11948856200,191568,213252,1786.5,1491.5,1639,1651,0,1650,0,0,0,2017-04-24,32519036,1623.5,1,0,0,0,0,0,0,0,0,1624.0,2,0,0,0,0,0,0,0,0
237,2017-04-24,09:01:59,655,j1709,XDCE,1623.5,1618.0,1650,72958,11948856200,191568,213252,1786.5,1491.5,1639,1651,0,1650,0,0,0,2017-04-24,32519655,1623.5,1,0,0,0,0,0,0,0,0,1624.0,3,0,0,0,0,0,0,0,0
238,2017-04-24,09:02:00,190,j1709,XDCE,1624.0,1618.0,1650,72968,11950480100,191570,213252,1786.5,1491.5,1639,1651,0,1650,0,0,0,2017-04-24,32520190,1623.5,1,0,0,0,0,0,0,0,0,1624.0,4,0,0,0,0,0,0,0,0
239,2017-04-24,09:02:00,662,j1709,XDCE,1624.0,1618.0,1650,72990,11954051900,191578,213252,1786.5,1491.5,1639,1651,0,1650,0,0,0,2017-04-24,32520662,1623.0,25,0,0,0,0,0,0,0,0,1624.0,8,0,0,0,0,0,0,0,0
240,2017-04-24,09:02:01,162,j1709,XDCE,1623.5,1618.0,1650,73014,11957949400,191570,213252,1786.5,1491.5,1639,1651,0,1650,0,0,0,2017-04-24,32521162,1623.5,2,0,0,0,0,0,0,0,0,1624.0,9,0,0,0,0,0,0,0,0
241,2017-04-24,09:02:01,662,j1709,XDCE,1623.5,1618.0,1650,73028,11960222600,191568,213252,1786.5,1491.5,1639,1651,0,1650,0,0,0,2017-04-24,32521662,1623.0,25,0,0,0,0,0,0,0,0,1624.0,2,0,0,0,0,0,0,0,0
242,2017-04-24,09:02:02,161,j1709,XDCE,1623.5,1618.0,1650,73028,11960222600,191568,213252,1786.5,1491.5,1639,1651,0,1650,0,0,0,2017-04-24,32522161,1623.5,3,0,0,0,0,0,0,0,0,1624.0,2,0,0,0,0,0,0,0,0
243,2017-04-24,09:02:02,664,j1709,XDCE,1624.0,1618.0,1650,73034,11961197000,191566,213252,1786.5,1491.5,1639,1651,0,1650,0,0,0,2017-04-24,32522664,1623.5,4,0,0,0,0,0,0,0,0,1624.5,32,0,0,0,0,0,0,0,0
244,2017-04-24,09:02:03,178,j1709,XDCE,1623.5,1618.0,1650,73048,11963469900,191560,213252,1786.5,1491.5,1639,1651,0,1650,0,0,0,2017-04-24,32523178,1623.0,25,0,0,0,0,0,0,0,0,1623.5,13,0,0,0,0,0,0,0,0
245,2017-04-24,09:02:03,648,j1709,XDCE,1623.5,1618.0,1650,73052,11964119300,191556,213252,1786.5,1491.5,1639,1651,0,1650,0,0,0,2017-04-24,32523648,1623.0,25,0,0,0,0,0,0,0,0,1623.5,12,0,0,0,0,0,0,0,0
246,2017-04-24,09:02:04,162,j1709,XDCE,1623.5,1618.0,1650,73076,11968015700,191532,213252,1786.5,1491.5,1639,1651,0,1650,0,0,0,2017-04-24,32524162,1623.5,4,0,0,0,0,0,0,0,0,1624.0,2,0,0,0,0,0,0,0,0
247,2017-04-24,09:02:04,686,j1709,XDCE,1623.5,1618.0,1650,73076,11968015700,191532,213252,1786.5,1491.5,1639,1651,0,1650,0,0,0,2017-04-24,32524686,1623.5,3,0,0,0,0,0,0,0,0,1624.0,4,0,0,0,0,0,0,0,0
248,2017-04-24,09:02:05,183,j1709,XDCE,1623.5,1618.0,1650,73080,11968665100,191528,213252,1786.5,1491.5,1639,1651,0,1650,0,0,0,2017-04-24,32525183,1623.5,3,0,0,0,0,0,0,0,0,1624.0,9,0,0,0,0,0,0,0,0
249,2017-04-24,09:02:05,701,j1709,XDCE,1623.5,1618.0,1650,73088,11969963900,191524,213252,1786.5,1491.5,1639,1651,0,1650,0,0,0,2017-04-24,32525701,1623.0,32,0,0,0,0,0,0,0,0,1624.0,19,0,0,0,0,0,0,0,0
250,2017-04-24,09:02:06,193,j1709,XDCE,1623.5,1618.0,1650,73092,11970613300,191524,213252,1786.5,1491.5,1639,1651,0,1650,0,0,0,2017-04-24,32526193,1623.5,1,0,0,0,0,0,0,0,0,1624.0,24,0,0,0,0,0,0,0,0
251,2017-04-24,09:02:06,667,j1709,XDCE,1623.5,1618.0,1650,73094,11970938000,191526,213252,1786.5,1491.5,1639,1651,0,1650,0,0,0,2017-04-24,32526667,1623.0,32,0,0,0,0,0,0,0,0,1624.0,29,0,0,0,0,0,0,0,0
252,2017-04-24,09:02:07,166,j1709,XDCE,1623.5,1618.0,1650,73130,11976784200,191498,213252,1786.5,1491.5,1639,1651,0,1650,0,0,0,2017-04-24,32527166,1623.5,2,0,0,0,0,0,0,0,0,1624.0,13,0,0,0,0,0,0,0,0
253,2017-04-24,09:02:07,560,j1709,XDCE,1623.5,1618.0,1650,73134,11977433600,191494,213252,1786.5,1491.5,1639,1651,0,1650,0,0,0,2017-04-24,32527560,1623.0,32,0,0,0,0,0,0,0,0,1623.5,16,0,0,0,0,0,0,0,0
254,2017-04-24,09:02:08,191,j1709,XDCE,1623.5,1618.0,1650,73154,11980680600,191486,213252,1786.5,1491.5,1639,1651,0,1650,0,0,0,2017-04-24,32528191,1623.0,33,0,0,0,0,0,0,0,0,1623.5,6,0,0,0,0,0,0,0,0
255,2017-04-24,09:02:08,700,j1709,XDCE,1623.0,1618.0,1650,73170,11983278100,191484,213252,1786.5,1491.5,1639,1651,0,1650,0,0,0,2017-04-24,32528700,1623.5,2,0,0,0,0,0,0,0,0,1624.0,13,0,0,0,0,0,0,0,0
256,2017-04-24,09:02:08,998,j1709,XDCE,1623.0,1618.0,1650,73194,11987173500,191464,213252,1786.5,1491.5,1639,1651,0,1650,0,0,0,2017-04-24,32528998,1623.0,21,0,0,0,0,0,0,0,0,1624.0,13,0,0,0,0,0,0,0,0
257,2017-04-24,09:02:09,664,j1709,XDCE,1623.5,1618.0,1650,73196,11987498200,191462,213252,1786.5,1491.5,1639,1651,0,1650,0,0,0,2017-04-24,32529664,1623.0,22,0,0,0,0,0,0,0,0,1624.0,13,0,0,0,0,0,0,0,0
258,2017-04-24,09:02:10,198,j1709,XDCE,1623.0,1618.0,1650,73222,11991720000,191438,213252,1786.5,1491.5,1639,1651,0,1650,0,0,0,2017-04-24,32530198,1623.0,20,0,0,0,0,0,0,0,0,1623.5,4,0,0,0,0,0,0,0,0
259,2017-04-24,09:02:10,662,j1709,XDCE,1623.0,1618.0,1650,73264,11998536700,191454,213252,1786.5,1491.5,1639,1651,0,1650,0,0,0,2017-04-24,32530662,1622.5,2,0,0,0,0,0,0,0,0,1623.5,4,0,0,0,0,0,0,0,0
260,2017-04-24,09:02:11,176,j1709,XDCE,1623.0,1618.0,1650,73280,12001133200,191448,213252,1786.5,1491.5,1639,1651,0,1650,0,0,0,2017-04-24,32531176,1622.0,19,0,0,0,0,0,0,0,0,1622.5,12,0,0,0,0,0,0,0,0
261,2017-04-24,09:02:11,398,j1709,XDCE,1623.0,1618.0,1650,73292,12003080800,191446,213252,1786.5,1491.5,1639,1651,0,1650,0,0,0,2017-04-24,32531398,1622.0,19,0,0,0,0,0,0,0,0,1623.0,15,0,0,0,0,0,0,0,0
262,2017-04-24,09:02:12,161,j1709,XDCE,1623.0,1618.0,1650,73312,12006326800,191428,213252,1786.5,1491.5,1639,1651,0,1650,0,0,0,2017-04-24,32532161,1622.0,19,0,0,0,0,0,0,0,0,1622.5,7,0,0,0,0,0,0,0,0
263,2017-04-24,09:02:12,700,j1709,XDCE,1622.0,1618.0,1650,73358,12013788300,191418,213252,1786.5,1491.5,1639,1651,0,1650,0,0,0,2017-04-24,32532700,1621.5,6,0,0,0,0,0,0,0,0,1622.0,5,0,0,0,0,0,0,0,0
264,2017-04-24,09:02:13,188,j1709,XDCE,1622.0,1618.0,1650,73380,12017356200,191400,213252,1786.5,1491.5,1639,1651,0,1650,0,0,0,2017-04-24,32533188,1621.0,17,0,0,0,0,0,0,0,0,1622.0,12,0,0,0,0,0,0,0,0
265,2017-04-24,09:02:13,662,j1709,XDCE,1621.0,1618.0,1650,73414,12022869800,191394,213252,1786.5,1491.5,1639,1651,0,1650,0,0,0,2017-04-24,32533662,1621.0,11,0,0,0,0,0,0,0,0,1621.5,1,0,0,0,0,0,0,0,0
266,2017-04-24,09:02:14,169,j1709,XDCE,1621.0,1618.0,1650,73444,12027733000,191404,213252,1786.5,1491.5,1639,1651,0,1650,0,0,0,2017-04-24,32534169,1620.5,3,0,0,0,0,0,0,0,0,1621.0,3,0,0,0,0,0,0,0,0
267,2017-04-24,09:02:14,680,j1709,XDCE,1622.0,1618.0,1650,73472,12032271800,191398,213252,1786.5,1491.5,1639,1651,0,1650,0,0,0,2017-04-24,32534680,1620.5,2,0,0,0,0,0,0,0,0,1621.5,4,0,0,0,0,0,0,0,0
268,2017-04-24,09:02:15,161,j1709,XDCE,1621.0,1618.0,1650,73500,12036810700,191372,213252,1786.5,1491.5,1639,1651,0,1650,0,0,0,2017-04-24,32535161,1620.5,2,0,0,0,0,0,0,0,0,1621.5,7,0,0,0,0,0,0,0,0
269,2017-04-24,09:02:15,662,j1709,XDCE,1620.5,1618.0,1650,73508,12038107200,191370,213252,1786.5,1491.5,1639,1651,0,1650,0,0,0,2017-04-24,32535662,1620.0,26,0,0,0,0,0,0,0,0,1621.0,5,0,0,0,0,0,0,0,0
270,2017-04-24,09:02:15,763,j1709,XDCE,1620.5,1618.0,1650,73508,12038107200,191370,213252,1786.5,1491.5,1639,1651,0,1650,0,0,0,2017-04-24,32535763,1620.5,2,0,0,0,0,0,0,0,0,1621.0,5,0,0,0,0,0,0,0,0
271,2017-04-24,09:02:16,662,j1709,XDCE,1620.5,1618.0,1650,73516,12039403600,191374,213252,1786.5,1491.5,1639,1651,0,1650,0,0,0,2017-04-24,32536662,1620.0,26,0,0,0,0,0,0,0,0,1621.0,5,0,0,0,0,0,0,0,0
272,2017-04-24,09:02:17,162,j1709,XDCE,1621.0,1618.0,1650,73526,12041024600,191378,213252,1786.5,1491.5,1639,1651,0,1650,0,0,0,2017-04-24,32537162,1620.0,26,0,0,0,0,0,0,0,0,1621.5,7,0,0,0,0,0,0,0,0
273,2017-04-24,09:02:17,682,j1709,XDCE,1621.0,1618.0,1650,73532,12041997200,191376,213252,1786.5,1491.5,1639,1651,0,1650,0,0,0,2017-04-24,32537682,1620.5,2,0,0,0,0,0,0,0,0,1621.5,8,0,0,0,0,0,0,0,0
274,2017-04-24,09:02:18,694,j1709,XDCE,1620.5,1618.0,1650,73544,12043942300,191372,213252,1786.5,1491.5,1639,1651,0,1650,0,0,0,2017-04-24,32538694,1620.0,29,0,0,0,0,0,0,0,0,1620.5,29,0,0,0,0,0,0,0,0
275,2017-04-24,09:02:19,162,j1709,XDCE,1621.0,1618.0,1650,73608,12054313800,191414,213252,1786.5,1491.5,1639,1651,0,1650,0,0,0,2017-04-24,32539162,1621.0,3,0,0,0,0,0,0,0,0,1621.5,7,0,0,0,0,0,0,0,0
276,2017-04-24,09:02:19,695,j1709,XDCE,1621.0,1618.0,1650,73622,12056583000,191420,213252,1786.5,1491.5,1639,1651,0,1650,0,0,0,2017-04-24,32539695,1620.5,1,0,0,0,0,0,0,0,0,1621.0,2,0,0,0,0,0,0,0,0
277,2017-04-24,09:02:20,183,j1709,XDCE,1620.0,1618.0,1650,73632,12058203300,191418,213252,1786.5,1491.5,1639,1651,0,1650,0,0,0,2017-04-24,32540183,1620.0,27,0,0,0,0,0,0,0,0,1620.5,3,0,0,0,0,0,0,0,0
278,2017-04-24,09:02:20,662,j1709,XDCE,1620.5,1618.0,1650,73646,12060471600,191410,213252,1786.5,1491.5,1639,1651,0,1650,0,0,0,2017-04-24,32540662,1620.0,23,0,0,0,0,0,0,0,0,1620.5,3,0,0,0,0,0,0,0,0
279,2017-04-24,09:02:21,164,j1709,XDCE,1620.0,1618.0,1650,73694,12068247700,191376,213252,1786.5,1491.5,1639,1651,0,1650,0,0,0,2017-04-24,32541164,1619.5,7,0,0,0,0,0,0,0,0,1620.0,6,0,0,0,0,0,0,0,0
280,2017-04-24,09:02:21,664,j1709,XDCE,1620.0,1618.0,1650,73696,12068571700,191376,213252,1786.5,1491.5,1639,1651,0,1650,0,0,0,2017-04-24,32541664,1619.5,7,0,0,0,0,0,0,0,0,1620.0,4,0,0,0,0,0,0,0,0
281,2017-04-24,09:02:22,168,j1709,XDCE,1619.5,1618.0,1650,73712,12071162900,191366,213252,1786.5,1491.5,1639,1651,0,1650,0,0,0,2017-04-24,32542168,1619.0,14,0,0,0,0,0,0,0,0,1619.5,20,0,0,0,0,0,0,0,0
282,2017-04-24,09:02:22,685,j1709,XDCE,1619.0,1618.0,1650,73746,12076667300,191368,213252,1786.5,1491.5,1639,1651,0,1650,0,0,0,2017-04-24,32542685,1618.0,133,0,0,0,0,0,0,0,0,1619.0,1,0,0,0,0,0,0,0,0
283,2017-04-24,09:02:23,162,j1709,XDCE,1618.0,1618.0,1650,73758,12078609000,191370,213252,1786.5,1491.5,1639,1651,0,1650,0,0,0,2017-04-24,32543162,1618.0,128,0,0,0,0,0,0,0,0,1618.5,2,0,0,0,0,0,0,0,0
284,2017-04-24,09:02:23,661,j1709,XDCE,1618.0,1618.0,1650,73820,12088640700,191370,213252,1786.5,1491.5,1639,1651,0,1650,0,0,0,2017-04-24,32543661,1618.0,98,0,0,0,0,0,0,0,0,1618.5,4,0,0,0,0,0,0,0,0
285,2017-04-24,09:02:24,203,j1709,XDCE,1618.0,1618.0,1650,73932,12106762700,191258,213252,1786.5,1491.5,1639,1651,0,1650,0,0,0,2017-04-24,32544203,1618.0,46,0,0,0,0,0,0,0,0,1618.5,10,0,0,0,0,0,0,0,0
286,2017-04-24,09:02:24,682,j1709,XDCE,1617.0,1617.0,1650,74038,12123912600,191186,213252,1786.5,1491.5,1639,1651,0,1650,0,0,0,2017-04-24,32544682,1617.0,17,0,0,0,0,0,0,0,0,1617.5,6,0,0,0,0,0,0,0,0
287,2017-04-24,09:02:25,161,j1709,XDCE,1617.5,1617.0,1650,74124,12137822100,191156,213252,1786.5,1491.5,1639,1651,0,1650,0,0,0,2017-04-24,32545161,1616.5,5,0,0,0,0,0,0,0,0,1617.5,5,0,0,0,0,0,0,0,0
288,2017-04-24,09:02:25,661,j1709,XDCE,1616.5,1616.5,1650,74128,12138468700,191158,213252,1786.5,1491.5,1639,1651,0,1650,0,0,0,2017-04-24,32545661,1616.5,3,0,0,0,0,0,0,0,0,1617.5,7,0,0,0,0,0,0,0,0
289,2017-04-24,09:02:26,202,j1709,XDCE,1616.0,1616.0,1650,74136,12139761800,191158,213252,1786.5,1491.5,1639,1651,0,1650,0,0,0,2017-04-24,32546202,1616.0,70,0,0,0,0,0,0,0,0,1617.5,8,0,0,0,0,0,0,0,0
290,2017-04-24,09:02:26,661,j1709,XDCE,1616.0,1616.0,1650,74204,12150754300,191132,213252,1786.5,1491.5,1639,1651,0,1650,0,0,0,2017-04-24,32546661,1616.0,53,0,0,0,0,0,0,0,0,1617.0,5,0,0,0,0,0,0,0,0
291,2017-04-24,09:02:27,183,j1709,XDCE,1616.5,1616.0,1650,74230,12154958400,191128,213252,1786.5,1491.5,1639,1651,0,1650,0,0,0,2017-04-24,32547183,1616.5,2,0,0,0,0,0,0,0,0,1617.0,2,0,0,0,0,0,0,0,0
292,2017-04-24,09:02:27,697,j1709,XDCE,1617.0,1616.0,1650,74248,12157868200,191122,213252,1786.5,1491.5,1639,1651,0,1650,0,0,0,2017-04-24,32547697,1616.5,4,0,0,0,0,0,0,0,0,1617.5,2,0,0,0,0,0,0,0,0
293,2017-04-24,09:02:28,162,j1709,XDCE,1616.5,1616.0,1650,74284,12163687700,191090,213252,1786.5,1491.5,1639,1651,0,1650,0,0,0,2017-04-24,32548162,1616.5,2,0,0,0,0,0,0,0,0,1617.5,2,0,0,0,0,0,0,0,0
294,2017-04-24,09:02:28,669,j1709,XDCE,1616.5,1616.0,1650,74308,12167567300,191088,213252,1786.5,1491.5,1639,1651,0,1650,0,0,0,2017-04-24,32548669,1617.0,1,0,0,0,0,0,0,0,0,1617.5,1,0,0,0,0,0,0,0,0
295,2017-04-24,09:02:29,197,j1709,XDCE,1616.5,1616.0,1650,74314,12168537300,191082,213252,1786.5,1491.5,1639,1651,0,1650,0,0,0,2017-04-24,32549197,1616.5,1,0,0,0,0,0,0,0,0,1617.0,4,0,0,0,0,0,0,0,0
296,2017-04-24,09:02:29,685,j1709,XDCE,1616.5,1616.0,1650,74324,12170154200,191084,213252,1786.5,1491.5,1639,1651,0,1650,0,0,0,2017-04-24,32549685,1617.0,1,0,0,0,0,0,0,0,0,1617.5,2,0,0,0,0,0,0,0,0
297,2017-04-24,09:02:30,161,j1709,XDCE,1617.0,1616.0,1650,74346,12173711300,191078,213252,1786.5,1491.5,1639,1651,0,1650,0,0,0,2017-04-24,32550161,1616.5,6,0,0,0,0,0,0,0,0,1617.5,5,0,0,0,0,0,0,0,0
298,2017-04-24,09:02:30,661,j1709,XDCE,1616.5,1616.0,1650,74396,12181792700,191102,213252,1786.5,1491.5,1639,1651,0,1650,0,0,0,2017-04-24,32550661,1616.5,2,0,0,0,0,0,0,0,0,1617.0,10,0,0,0,0,0,0,0,0
299,2017-04-24,09:02:31,183,j1709,XDCE,1616.5,1616.0,1650,74408,12183732500,191094,213252,1786.5,1491.5,1639,1651,0,1650,0,0,0,2017-04-24,32551183,1616.0,37,0,0,0,0,0,0,0,0,1617.0,19,0,0,0,0,0,0,0,0
300,2017-04-24,09:02:31,688,j1709,XDCE,1617.0,1616.0,1650,74412,12184379300,191098,213252,1786.5,1491.5,1639,1651,0,1650,0,0,0,2017-04-24,32551688,1616.0,35,0,0,0,0,0,0,0,0,1616.5,2,0,0,0,0,0,0,0,0
301,2017-04-24,09:02:32,197,j1709,XDCE,1617.0,1616.0,1650,74422,12185996200,191104,213252,1786.5,1491.5,1639,1651,0,1650,0,0,0,2017-04-24,32552197,1616.0,35,0,0,0,0,0,0,0,0,1617.0,17,0,0,0,0,0,0,0,0
302,2017-04-24,09:02:32,562,j1709,XDCE,1616.5,1616.0,1650,74434,12187936000,191092,213252,1786.5,1491.5,1639,1651,0,1650,0,0,0,2017-04-24,32552562,1616.0,35,0,0,0,0,0,0,0,0,1616.5,24,0,0,0,0,0,0,0,0
303,2017-04-24,09:02:33,148,j1709,XDCE,1616.5,1616.0,1650,74496,12197958300,191044,213252,1786.5,1491.5,1639,1651,0,1650,0,0,0,2017-04-24,32553148,1616.5,19,0,0,0,0,0,0,0,0,1617.0,17,0,0,0,0,0,0,0,0
304,2017-04-24,09:02:33,661,j1709,XDCE,1616.5,1616.0,1650,74536,12204424400,191008,213252,1786.5,1491.5,1639,1651,0,1650,0,0,0,2017-04-24,32553661,1616.0,35,0,0,0,0,0,0,0,0,1616.5,33,0,0,0,0,0,0,0,0
305,2017-04-24,09:02:34,149,j1709,XDCE,1616.5,1616.0,1650,74558,12207980200,190998,213252,1786.5,1491.5,1639,1651,0,1650,0,0,0,2017-04-24,32554149,1616.0,33,0,0,0,0,0,0,0,0,1616.5,28,0,0,0,0,0,0,0,0
306,2017-04-24,09:02:34,661,j1709,XDCE,1616.0,1616.0,1650,74634,12220262500,190992,213252,1786.5,1491.5,1639,1651,0,1650,0,0,0,2017-04-24,32554661,1615.0,27,0,0,0,0,0,0,0,0,1616.5,21,0,0,0,0,0,0,0,0
307,2017-04-24,09:02:35,172,j1709,XDCE,1615.5,1615.5,1650,74644,12221878200,190992,213252,1786.5,1491.5,1639,1651,0,1650,0,0,0,2017-04-24,32555172,1615.0,27,0,0,0,0,0,0,0,0,1616.0,20,0,0,0,0,0,0,0,0
308,2017-04-24,09:02:35,695,j1709,XDCE,1615.5,1615.0,1650,74654,12223493300,190984,213252,1786.5,1491.5,1639,1651,0,1650,0,0,0,2017-04-24,32555695,1615.0,23,0,0,0,0,0,0,0,0,1615.5,9,0,0,0,0,0,0,0,0
309,2017-04-24,09:02:36,185,j1709,XDCE,1615.0,1615.0,1650,74676,12227046400,190978,213252,1786.5,1491.5,1639,1651,0,1650,0,0,0,2017-04-24,32556185,1615.0,13,0,0,0,0,0,0,0,0,1615.5,19,0,0,0,0,0,0,0,0
310,2017-04-24,09:02:36,691,j1709,XDCE,1615.0,1614.5,1650,74730,12235767800,190978,213252,1786.5,1491.5,1639,1651,0,1650,0,0,0,2017-04-24,32556691,1613.5,3,0,0,0,0,0,0,0,0,1615.0,2,0,0,0,0,0,0,0,0
311,2017-04-24,09:02:37,161,j1709,XDCE,1615.0,1612.5,1650,74776,12243192000,190958,213252,1786.5,1491.5,1639,1651,0,1650,0,0,0,2017-04-24,32557161,1614.5,2,0,0,0,0,0,0,0,0,1615.0,11,0,0,0,0,0,0,0,0
312,2017-04-24,09:02:37,630,j1709,XDCE,1614.5,1612.5,1650,74782,12244160700,190958,213252,1786.5,1491.5,1639,1651,0,1650,0,0,0,2017-04-24,32557630,1614.0,4,0,0,0,0,0,0,0,0,1614.5,5,0,0,0,0,0,0,0,0
313,2017-04-24,09:02:38,197,j1709,XDCE,1614.5,1612.5,1650,74798,12246743900,190956,213252,1786.5,1491.5,1639,1651,0,1650,0,0,0,2017-04-24,32558197,1614.5,2,0,0,0,0,0,0,0,0,1615.0,18,0,0,0,0,0,0,0,0
314,2017-04-24,09:02:38,670,j1709,XDCE,1614.5,1612.5,1650,74836,12252877600,190948,213252,1786.5,1491.5,1639,1651,0,1650,0,0,0,2017-04-24,32558670,1614.5,2,0,0,0,0,0,0,0,0,1615.0,15,0,0,0,0,0,0,0,0
315,2017-04-24,09:02:39,164,j1709,XDCE,1614.0,1612.5,1650,74862,12257075100,190928,213252,1786.5,1491.5,1639,1651,0,1650,0,0,0,2017-04-24,32559164,1613.5,1,0,0,0,0,0,0,0,0,1614.5,26,0,0,0,0,0,0,0,0
316,2017-04-24,09:02:39,674,j1709,XDCE,1614.5,1612.5,1650,74874,12259011500,190922,213252,1786.5,1491.5,1639,1651,0,1650,0,0,0,2017-04-24,32559674,1613.5,1,0,0,0,0,0,0,0,0,1614.0,3,0,0,0,0,0,0,0,0
317,2017-04-24,09:02:40,162,j1709,XDCE,1614.5,1612.5,1650,74964,12273541200,190928,213252,1786.5,1491.5,1639,1651,0,1650,0,0,0,2017-04-24,32560162,1614.5,11,0,0,0,0,0,0,0,0,1615.0,14,0,0,0,0,0,0,0,0
318,2017-04-24,09:02:40,661,j1709,XDCE,1614.0,1612.5,1650,75002,12279675700,190928,213252,1786.5,1491.5,1639,1651,0,1650,0,0,0,2017-04-24,32560661,1614.0,1,0,0,0,0,0,0,0,0,1614.5,2,0,0,0,0,0,0,0,0
319,2017-04-24,09:02:41,180,j1709,XDCE,1614.0,1612.5,1650,75008,12280644200,190922,213252,1786.5,1491.5,1639,1651,0,1650,0,0,0,2017-04-24,32561180,1614.0,5,0,0,0,0,0,0,0,0,1614.5,1,0,0,0,0,0,0,0,0
320,2017-04-24,09:02:41,663,j1709,XDCE,1614.5,1612.5,1650,75042,12286132300,190942,213252,1786.5,1491.5,1639,1651,0,1650,0,0,0,2017-04-24,32561663,1614.0,2,0,0,0,0,0,0,0,0,1615.0,14,0,0,0,0,0,0,0,0
321,2017-04-24,09:02:42,163,j1709,XDCE,1614.0,1612.5,1650,75068,12290328800,190936,213252,1786.5,1491.5,1639,1651,0,1650,0,0,0,2017-04-24,32562163,1614.0,13,0,0,0,0,0,0,0,0,1615.0,13,0,0,0,0,0,0,0,0
322,2017-04-24,09:02:42,676,j1709,XDCE,1615.0,1612.5,1650,75070,12290651800,190936,213252,1786.5,1491.5,1639,1651,0,1650,0,0,0,2017-04-24,32562676,1614.0,9,0,0,0,0,0,0,0,0,1615.0,12,0,0,0,0,0,0,0,0
323,2017-04-24,09:02:43,202,j1709,XDCE,1614.5,1612.5,1650,75082,12292589000,190930,213252,1786.5,1491.5,1639,1651,0,1650,0,0,0,2017-04-24,32563202,1614.5,5,0,0,0,0,0,0,0,0,1615.0,12,0,0,0,0,0,0,0,0
324,2017-04-24,09:02:43,694,j1709,XDCE,1615.0,1612.5,1650,75086,12293235000,190928,213252,1786.5,1491.5,1639,1651,0,1650,0,0,0,2017-04-24,32563694,1614.5,5,0,0,0,0,0,0,0,0,1615.0,10,0,0,0,0,0,0,0,0
325,2017-04-24,09:02:44,161,j1709,XDCE,1614.0,1612.5,1650,75148,12303246600,190922,213252,1786.5,1491.5,1639,1651,0,1650,0,0,0,2017-04-24,32564161,1614.5,1,0,0,0,0,0,0,0,0,1615.0,1,0,0,0,0,0,0,0,0
326,2017-04-24,09:02:44,626,j1709,XDCE,1614.0,1612.5,1650,75182,12308735500,190908,213252,1786.5,1491.5,1639,1651,0,1650,0,0,0,2017-04-24,32564626,1614.5,7,0,0,0,0,0,0,0,0,1615.0,2,0,0,0,0,0,0,0,0
327,2017-04-24,09:02:45,161,j1709,XDCE,1615.0,1612.5,1650,75208,12312933300,190910,213252,1786.5,1491.5,1639,1651,0,1650,0,0,0,2017-04-24,32565161,1614.0,3,0,0,0,0,0,0,0,0,1615.0,15,0,0,0,0,0,0,0,0
328,2017-04-24,09:02:45,670,j1709,XDCE,1614.5,1612.5,1650,75220,12314870700,190902,213252,1786.5,1491.5,1639,1651,0,1650,0,0,0,2017-04-24,32565670,1614.0,2,0,0,0,0,0,0,0,0,1614.5,7,0,0,0,0,0,0,0,0
329,2017-04-24,09:02:46,162,j1709,XDCE,1614.5,1612.5,1650,75238,12317776600,190898,213252,1786.5,1491.5,1639,1651,0,1650,0,0,0,2017-04-24,32566162,1614.5,44,0,0,0,0,0,0,0,0,1615.0,13,0,0,0,0,0,0,0,0
330,2017-04-24,09:02:46,689,j1709,XDCE,1615.5,1612.5,1650,75254,12320360800,190896,213252,1786.5,1491.5,1639,1651,0,1650,0,0,0,2017-04-24,32566689,1615.0,13,0,0,0,0,0,0,0,0,1615.5,9,0,0,0,0,0,0,0,0
331,2017-04-24,09:02:47,162,j1709,XDCE,1615.5,1612.5,1650,75318,12330701800,190896,213252,1786.5,1491.5,1639,1651,0,1650,0,0,0,2017-04-24,32567162,1615.5,1,0,0,0,0,0,0,0,0,1616.0,2,0,0,0,0,0,0,0,0
332,2017-04-24,09:02:47,676,j1709,XDCE,1616.0,1612.5,1650,75332,12332963400,190892,213252,1786.5,1491.5,1639,1651,0,1650,0,0,0,2017-04-24,32567676,1616.0,1,0,0,0,0,0,0,0,0,1616.5,4,0,0,0,0,0,0,0,0
333,2017-04-24,09:02:48,162,j1709,XDCE,1616.0,1612.5,1650,75344,12334902300,190890,213252,1786.5,1491.5,1639,1651,0,1650,0,0,0,2017-04-24,32568162,1615.0,8,0,0,0,0,0,0,0,0,1615.5,2,0,0,0,0,0,0,0,0
334,2017-04-24,09:02:48,680,j1709,XDCE,1615.0,1612.5,1650,75396,12343300700,190856,213252,1786.5,1491.5,1639,1651,0,1650,0,0,0,2017-04-24,32568680,1615.0,12,0,0,0,0,0,0,0,0,1616.0,12,0,0,0,0,0,0,0,0
335,2017-04-24,09:02:49,183,j1709,XDCE,1615.5,1612.5,1650,75430,12348792400,190854,213252,1786.5,1491.5,1639,1651,0,1650,0,0,0,2017-04-24,32569183,1615.0,2,0,0,0,0,0,0,0,0,1615.5,2,0,0,0,0,0,0,0,0
336,2017-04-24,09:02:49,662,j1709,XDCE,1615.0,1612.5,1650,75440,12350407400,190844,213252,1786.5,1491.5,1639,1651,0,1650,0,0,0,2017-04-24,32569662,1614.5,44,0,0,0,0,0,0,0,0,1615.0,9,0,0,0,0,0,0,0,0
337,2017-04-24,09:02:50,193,j1709,XDCE,1615.0,1612.5,1650,75472,12355575400,190818,213252,1786.5,1491.5,1639,1651,0,1650,0,0,0,2017-04-24,32570193,1614.5,45,0,0,0,0,0,0,0,0,1615.5,4,0,0,0,0,0,0,0,0
338,2017-04-24,09:02:50,664,j1709,XDCE,1615.5,1612.5,1650,75528,12364620600,190824,213252,1786.5,1491.5,1639,1651,0,1650,0,0,0,2017-04-24,32570664,1614.5,35,0,0,0,0,0,0,0,0,1615.0,1,0,0,0,0,0,0,0,0
339,2017-04-24,09:02:51,162,j1709,XDCE,1615.0,1612.5,1650,75566,12370756600,190844,213252,1786.5,1491.5,1639,1651,0,1650,0,0,0,2017-04-24,32571162,1614.5,22,0,0,0,0,0,0,0,0,1615.5,4,0,0,0,0,0,0,0,0
340,2017-04-24,09:02:51,692,j1709,XDCE,1615.0,1612.5,1650,75588,12374309600,190858,213252,1786.5,1491.5,1639,1651,0,1650,0,0,0,2017-04-24,32571692,1615.0,6,0,0,0,0,0,0,0,0,1615.5,2,0,0,0,0,0,0,0,0
341,2017-04-24,09:02:52,175,j1709,XDCE,1614.5,1612.5,1650,75646,12383674700,190852,213252,1786.5,1491.5,1639,1651,0,1650,0,0,0,2017-04-24,32572175,1614.0,13,0,0,0,0,0,0,0,0,1614.5,2,0,0,0,0,0,0,0,0
342,2017-04-24,09:02:52,672,j1709,XDCE,1614.0,1612.5,1650,75690,12390775700,190836,213252,1786.5,1491.5,1639,1651,0,1650,0,0,0,2017-04-24,32572672,1613.0,5,0,0,0,0,0,0,0,0,1614.0,9,0,0,0,0,0,0,0,0
343,2017-04-24,09:02:53,171,j1709,XDCE,1614.0,1612.5,1650,75694,12391421300,190836,213252,1786.5,1491.5,1639,1651,0,1650,0,0,0,2017-04-24,32573171,1613.0,5,0,0,0,0,0,0,0,0,1613.5,2,0,0,0,0,0,0,0,0
344,2017-04-24,09:02:53,697,j1709,XDCE,1613.5,1612.5,1650,75738,12398519600,190820,213252,1786.5,1491.5,1639,1651,0,1650,0,0,0,2017-04-24,32573697,1612.5,6,0,0,0,0,0,0,0,0,1613.5,8,0,0,0,0,0,0,0,0
345,2017-04-24,09:02:54,163,j1709,XDCE,1612.5,1612.5,1650,75778,12404970000,190820,213252,1786.5,1491.5,1639,1651,0,1650,0,0,0,2017-04-24,32574163,1612.5,13,0,0,0,0,0,0,0,0,1613.5,3,0,0,0,0,0,0,0,0
346,2017-04-24,09:02:54,703,j1709,XDCE,1613.5,1612.5,1650,75880,12421423700,190776,213252,1786.5,1491.5,1639,1651,0,1650,0,0,0,2017-04-24,32574703,1613.5,12,0,0,0,0,0,0,0,0,1614.0,12,0,0,0,0,0,0,0,0
347,2017-04-24,09:02:55,64,j1709,XDCE,1614.0,1612.5,1650,75932,12429816000,190756,213252,1786.5,1491.5,1639,1651,0,1650,0,0,0,2017-04-24,32575064,1614.0,5,0,0,0,0,0,0,0,0,1614.5,4,0,0,0,0,0,0,0,0
348,2017-04-24,09:02:55,660,j1709,XDCE,1614.0,1612.5,1650,75942,12431430200,190758,213252,1786.5,1491.5,1639,1651,0,1650,0,0,0,2017-04-24,32575660,1614.0,2,0,0,0,0,0,0,0,0,1614.5,2,0,0,0,0,0,0,0,0
349,2017-04-24,09:02:56,130,j1709,XDCE,1613.5,1612.5,1650,75968,12435625500,190750,213252,1786.5,1491.5,1639,1651,0,1650,0,0,0,2017-04-24,32576130,1613.5,2,0,0,0,0,0,0,0,0,1614.0,2,0,0,0,0,0,0,0,0
350,2017-04-24,09:02:56,649,j1709,XDCE,1614.0,1612.5,1650,75970,12435948300,190752,213252,1786.5,1491.5,1639,1651,0,1650,0,0,0,2017-04-24,32576649,1613.5,2,0,0,0,0,0,0,0,0,1614.0,3,0,0,0,0,0,0,0,0
351,2017-04-24,09:02:57,177,j1709,XDCE,1613.5,1612.5,1650,75980,12437561800,190762,213252,1786.5,1491.5,1639,1651,0,1650,0,0,0,2017-04-24,32577177,1613.0,1,0,0,0,0,0,0,0,0,1613.5,1,0,0,0,0,0,0,0,0
352,2017-04-24,09:02:57,641,j1709,XDCE,1613.5,1612.5,1650,75984,12438207200,190760,213252,1786.5,1491.5,1639,1651,0,1650,0,0,0,2017-04-24,32577641,1613.5,4,0,0,0,0,0,0,0,0,1614.0,4,0,0,0,0,0,0,0,0
353,2017-04-24,09:02:58,163,j1709,XDCE,1613.5,1612.5,1650,75996,12440143400,190758,213252,1786.5,1491.5,1639,1651,0,1650,0,0,0,2017-04-24,32578163,1613.0,1,0,0,0,0,0,0,0,0,1613.5,9,0,0,0,0,0,0,0,0
354,2017-04-24,09:02:58,676,j1709,XDCE,1613.5,1612.5,1650,76008,12442079500,190754,213252,1786.5,1491.5,1639,1651,0,1650,0,0,0,2017-04-24,32578676,1613.5,3,0,0,0,0,0,0,0,0,1614.0,19,0,0,0,0,0,0,0,0
355,2017-04-24,09:02:59,202,j1709,XDCE,1614.5,1612.5,1650,76068,12451763900,190712,213252,1786.5,1491.5,1639,1651,0,1650,0,0,0,2017-04-24,32579202,1614.5,13,0,0,0,0,0,0,0,0,1615.0,5,0,0,0,0,0,0,0,0
356,2017-04-24,09:02:59,661,j1709,XDCE,1615.5,1612.5,1650,76084,12454348000,190722,213252,1786.5,1491.5,1639,1651,0,1650,0,0,0,2017-04-24,32579661,1615.5,7,0,0,0,0,0,0,0,0,1616.0,18,0,0,0,0,0,0,0,0
357,2017-04-24,09:03:00,166,j1709,XDCE,1615.5,1612.5,1650,76124,12460809100,190694,213252,1786.5,1491.5,1639,1651,0,1650,0,0,0,2017-04-24,32580166,1615.5,5,0,0,0,0,0,0,0,0,1616.0,22,0,0,0,0,0,0,0,0
358,2017-04-24,09:03:00,663,j1709,XDCE,1615.0,1612.5,1650,76150,12465008700,190686,213252,1786.5,1491.5,1639,1651,0,1650,0,0,0,2017-04-24,32580663,1615.0,7,0,0,0,0,0,0,0,0,1616.0,21,0,0,0,0,0,0,0,0
359,2017-04-24,09:03:01,191,j1709,XDCE,1616.0,1612.5,1650,76158,12466301500,190690,213252,1786.5,1491.5,1639,1651,0,1650,0,0,0,2017-04-24,32581191,1615.5,9,0,0,0,0,0,0,0,0,1616.0,23,0,0,0,0,0,0,0,0
360,2017-04-24,09:03:01,662,j1709,XDCE,1615.0,1612.5,1650,76182,12470178500,190692,213252,1786.5,1491.5,1639,1651,0,1650,0,0,0,2017-04-24,32581662,1615.0,6,0,0,0,0,0,0,0,0,1615.5,25,0,0,0,0,0,0,0,0
361,2017-04-24,09:03:02,162,j1709,XDCE,1615.0,1612.5,1650,76196,12472439600,190688,213252,1786.5,1491.5,1639,1651,0,1650,0,0,0,2017-04-24,32582162,1614.5,3,0,0,0,0,0,0,0,0,1615.0,21,0,0,0,0,0,0,0,0
362,2017-04-24,09:03:02,664,j1709,XDCE,1614.5,1612.5,1650,76210,12474699900,190684,213252,1786.5,1491.5,1639,1651,0,1650,0,0,0,2017-04-24,32582664,1614.0,12,0,0,0,0,0,0,0,0,1614.5,15,0,0,0,0,0,0,0,0
363,2017-04-24,09:03:03,193,j1709,XDCE,1614.5,1612.5,1650,76240,12479543400,190664,213252,1786.5,1491.5,1639,1651,0,1650,0,0,0,2017-04-24,32583193,1614.5,4,0,0,0,0,0,0,0,0,1615.0,37,0,0,0,0,0,0,0,0
364,2017-04-24,09:03:03,700,j1709,XDCE,1614.0,1612.5,1650,76272,12484710100,190664,213252,1786.5,1491.5,1639,1651,0,1650,0,0,0,2017-04-24,32583700,1614.0,12,0,0,0,0,0,0,0,0,1615.0,57,0,0,0,0,0,0,0,0
365,2017-04-24,09:03:04,199,j1709,XDCE,1614.5,1612.5,1650,76298,12488908300,190646,213252,1786.5,1491.5,1639,1651,0,1650,0,0,0,2017-04-24,32584199,1614.0,10,0,0,0,0,0,0,0,0,1614.5,1,0,0,0,0,0,0,0,0
366,2017-04-24,09:03:04,697,j1709,XDCE,1614.5,1612.5,1650,76320,12492460300,190632,213252,1786.5,1491.5,1639,1651,0,1650,0,0,0,2017-04-24,32584697,1614.5,2,0,0,0,0,0,0,0,0,1615.0,46,0,0,0,0,0,0,0,0
367,2017-04-24,09:03:05,192,j1709,XDCE,1614.5,1612.5,1650,76340,12495689600,190624,213252,1786.5,1491.5,1639,1651,0,1650,0,0,0,2017-04-24,32585192,1614.0,11,0,0,0,0,0,0,0,0,1614.5,12,0,0,0,0,0,0,0,0
368,2017-04-24,09:03:05,688,j1709,XDCE,1614.5,1612.5,1650,76366,12499887300,190624,213252,1786.5,1491.5,1639,1651,0,1650,0,0,0,2017-04-24,32585688,1614.5,2,0,0,0,0,0,0,0,0,1615.0,43,0,0,0,0,0,0,0,0
369,2017-04-24,09:03:06,167,j1709,XDCE,1615.0,1612.5,1650,76372,12500856200,190620,213252,1786.5,1491.5,1639,1651,0,1650,0,0,0,2017-04-24,32586167,1614.5,7,0,0,0,0,0,0,0,0,1615.0,41,0,0,0,0,0,0,0,0
370,2017-04-24,09:03:06,695,j1709,XDCE,1615.0,1612.5,1650,76388,12503440000,190620,213252,1786.5,1491.5,1639,1651,0,1650,0,0,0,2017-04-24,32586695,1614.5,5,0,0,0,0,0,0,0,0,1615.0,36,0,0,0,0,0,0,0,0
371,2017-04-24,09:03:07,194,j1709,XDCE,1614.5,1612.5,1650,76450,12513452700,190600,213252,1786.5,1491.5,1639,1651,0,1650,0,0,0,2017-04-24,32587194,1614.5,8,0,0,0,0,0,0,0,0,1615.0,6,0,0,0,0,0,0,0,0
372,2017-04-24,09:03:07,635,j1709,XDCE,1615.0,1612.5,1650,76464,12515713700,190604,213252,1786.5,1491.5,1639,1651,0,1650,0,0,0,2017-04-24,32587635,1615.0,11,0,0,0,0,0,0,0,0,1615.5,55,0,0,0,0,0,0,0,0
373,2017-04-24,09:03:08,161,j1709,XDCE,1615.5,1612.5,1650,76496,12520883200,190576,213252,1786.5,1491.5,1639,1651,0,1650,0,0,0,2017-04-24,32588161,1615.0,20,0,0,0,0,0,0,0,0,1615.5,40,0,0,0,0,0,0,0,0
374,2017-04-24,09:03:08,698,j1709,XDCE,1615.5,1612.5,1650,76556,12530576200,190534,213252,1786.5,1491.5,1639,1651,0,1650,0,0,0,2017-04-24,32588698,1615.0,17,0,0,0,0,0,0,0,0,1615.5,10,0,0,0,0,0,0,0,0
375,2017-04-24,09:03:09,192,j1709,XDCE,1615.5,1612.5,1650,76596,12537038200,190522,213252,1786.5,1491.5,1639,1651,0,1650,0,0,0,2017-04-24,32589192,1615.5,4,0,0,0,0,0,0,0,0,1616.0,14,0,0,0,0,0,0,0,0
376,2017-04-24,09:03:09,680,j1709,XDCE,1615.0,1612.5,1650,76622,12541237600,190508,213252,1786.5,1491.5,1639,1651,0,1650,0,0,0,2017-04-24,32589680,1615.0,12,0,0,0,0,0,0,0,0,1615.5,4,0,0,0,0,0,0,0,0
377,2017-04-24,09:03:10,203,j1709,XDCE,1615.0,1612.5,1650,76660,12547375300,190504,213252,1786.5,1491.5,1639,1651,0,1650,0,0,0,2017-04-24,32590203,1614.5,9,0,0,0,0,0,0,0,0,1615.0,1,0,0,0,0,0,0,0,0
378,2017-04-24,09:03:10,672,j1709,XDCE,1614.5,1612.5,1650,76680,12550604600,190500,213252,1786.5,1491.5,1639,1651,0,1650,0,0,0,2017-04-24,32590672,1614.0,16,0,0,0,0,0,0,0,0,1614.5,1,0,0,0,0,0,0,0,0
379,2017-04-24,09:03:11,163,j1709,XDCE,1614.0,1612.5,1650,76692,12552542100,190494,213252,1786.5,1491.5,1639,1651,0,1650,0,0,0,2017-04-24,32591163,1614.0,11,0,0,0,0,0,0,0,0,1614.5,10,0,0,0,0,0,0,0,0
380,2017-04-24,09:03:11,702,j1709,XDCE,1614.0,1612.5,1650,76730,12558675000,190492,213252,1786.5,1491.5,1639,1651,0,1650,0,0,0,2017-04-24,32591702,1613.5,5,0,0,0,0,0,0,0,0,1614.0,13,0,0,0,0,0,0,0,0
381,2017-04-24,09:03:12,199,j1709,XDCE,1614.0,1612.5,1650,76758,12563193000,190474,213252,1786.5,1491.5,1639,1651,0,1650,0,0,0,2017-04-24,32592199,1613.0,10,0,0,0,0,0,0,0,0,1614.0,5,0,0,0,0,0,0,0,0
382,2017-04-24,09:03:12,663,j1709,XDCE,1613.5,1612.5,1650,76770,12565129500,190474,213252,1786.5,1491.5,1639,1651,0,1650,0,0,0,2017-04-24,32592663,1613.5,4,0,0,0,0,0,0,0,0,1614.0,2,0,0,0,0,0,0,0,0
383,2017-04-24,09:03:13,161,j1709,XDCE,1614.0,1612.5,1650,76780,12566743100,190464,213252,1786.5,1491.5,1639,1651,0,1650,0,0,0,2017-04-24,32593161,1613.0,10,0,0,0,0,0,0,0,0,1614.0,6,0,0,0,0,0,0,0,0
384,2017-04-24,09:03:13,660,j1709,XDCE,1613.5,1612.5,1650,76784,12567388600,190464,213252,1786.5,1491.5,1639,1651,0,1650,0,0,0,2017-04-24,32593660,1613.0,10,0,0,0,0,0,0,0,0,1614.0,15,0,0,0,0,0,0,0,0
385,2017-04-24,09:03:14,191,j1709,XDCE,1614.0,1612.5,1650,76798,12569647400,190458,213252,1786.5,1491.5,1639,1651,0,1650,0,0,0,2017-04-24,32594191,1613.0,7,0,0,0,0,0,0,0,0,1614.0,14,0,0,0,0,0,0,0,0
386,2017-04-24,09:03:14,632,j1709,XDCE,1613.5,1612.5,1650,76802,12570292800,190456,213252,1786.5,1491.5,1639,1651,0,1650,0,0,0,2017-04-24,32594632,1613.5,2,0,0,0,0,0,0,0,0,1614.0,11,0,0,0,0,0,0,0,0
387,2017-04-24,09:03:15,179,j1709,XDCE,1613.0,1612.5,1650,76830,12574809500,190434,213252,1786.5,1491.5,1639,1651,0,1650,0,0,0,2017-04-24,32595179,1612.5,5,0,0,0,0,0,0,0,0,1613.0,6,0,0,0,0,0,0,0,0
388,2017-04-24,09:03:15,661,j1709,XDCE,1613.0,1612.5,1650,76848,12577712900,190424,213252,1786.5,1491.5,1639,1651,0,1650,0,0,0,2017-04-24,32595661,1613.0,2,0,0,0,0,0,0,0,0,1613.5,72,0,0,0,0,0,0,0,0
389,2017-04-24,09:03:16,193,j1709,XDCE,1613.0,1612.5,1650,76854,12578680800,190422,213252,1786.5,1491.5,1639,1651,0,1650,0,0,0,2017-04-24,32596193,1612.5,5,0,0,0,0,0,0,0,0,1613.0,4,0,0,0,0,0,0,0,0
390,2017-04-24,09:03:16,674,j1709,XDCE,1612.5,1612.5,1650,76868,12580938800,190412,213252,1786.5,1491.5,1639,1651,0,1650,0,0,0,2017-04-24,32596674,1612.5,3,0,0,0,0,0,0,0,0,1613.0,3,0,0,0,0,0,0,0,0
391,2017-04-24,09:03:17,202,j1709,XDCE,1612.5,1612.5,1650,76880,12582874000,190406,213252,1786.5,1491.5,1639,1651,0,1650,0,0,0,2017-04-24,32597202,1612.5,12,0,0,0,0,0,0,0,0,1613.0,2,0,0,0,0,0,0,0,0
392,2017-04-24,09:03:17,697,j1709,XDCE,1612.0,1612.0,1650,76912,12588033700,190400,213252,1786.5,1491.5,1639,1651,0,1650,0,0,0,2017-04-24,32597697,1612.0,26,0,0,0,0,0,0,0,0,1612.5,3,0,0,0,0,0,0,0,0
393,2017-04-24,09:03:18,202,j1709,XDCE,1612.0,1612.0,1650,76950,12594159500,190384,213252,1786.5,1491.5,1639,1651,0,1650,0,0,0,2017-04-24,32598202,1612.0,9,0,0,0,0,0,0,0,0,1612.5,6,0,0,0,0,0,0,0,0
394,2017-04-24,09:03:18,703,j1709,XDCE,1611.5,1611.5,1650,76976,12598350400,190378,213252,1786.5,1491.5,1639,1651,0,1650,0,0,0,2017-04-24,32598703,1611.0,21,0,0,0,0,0,0,0,0,1612.0,24,0,0,0,0,0,0,0,0
395,2017-04-24,09:03:19,181,j1709,XDCE,1611.5,1611.0,1650,76980,12598994900,190378,213252,1786.5,1491.5,1639,1651,0,1650,0,0,0,2017-04-24,32599181,1611.0,20,0,0,0,0,0,0,0,0,1611.5,5,0,0,0,0,0,0,0,0
396,2017-04-24,09:03:19,689,j1709,XDCE,1610.5,1610.5,1650,77046,12609627300,190358,213252,1786.5,1491.5,1639,1651,0,1650,0,0,0,2017-04-24,32599689,1610.5,24,0,0,0,0,0,0,0,0,1611.0,4,0,0,0,0,0,0,0,0
397,2017-04-24,09:03:20,161,j1709,XDCE,1610.5,1610.5,1650,77058,12611560100,190368,213252,1786.5,1491.5,1639,1651,0,1650,0,0,0,2017-04-24,32600161,1610.5,20,0,0,0,0,0,0,0,0,1611.0,11,0,0,0,0,0,0,0,0
398,2017-04-24,09:03:20,662,j1709,XDCE,1610.0,1610.0,1650,77138,12624442600,190346,213252,1786.5,1491.5,1639,1651,0,1650,0,0,0,2017-04-24,32600662,1610.0,91,0,0,0,0,0,0,0,0,1610.5,6,0,0,0,0,0,0,0,0
399,2017-04-24,09:03:21,194,j1709,XDCE,1611.0,1610.0,1650,77190,12632815600,190340,213252,1786.5,1491.5,1639,1651,0,1650,0,0,0,2017-04-24,32601194,1610.5,2,0,0,0,0,0,0,0,0,1611.0,5,0,0,0,0,0,0,0,0
400,2017-04-24,09:03:21,697,j1709,XDCE,1610.5,1610.0,1650,77232,12639578700,190352,213252,1786.5,1491.5,1639,1651,0,1650,0,0,0,2017-04-24,32601697,1610.0,62,0,0,0,0,0,0,0,0,1610.5,21,0,0,0,0,0,0,0,0
401,2017-04-24,09:03:22,161,j1709,XDCE,1610.5,1610.0,1650,77290,12648919800,190306,213252,1786.5,1491.5,1639,1651,0,1650,0,0,0,2017-04-24,32602161,1610.5,14,0,0,0,0,0,0,0,0,1611.5,24,0,0,0,0,0,0,0,0
402,2017-04-24,09:03:22,650,j1709,XDCE,1610.5,1610.0,1650,77306,12651496900,190296,213252,1786.5,1491.5,1639,1651,0,1650,0,0,0,2017-04-24,32602650,1610.5,10,0,0,0,0,0,0,0,0,1611.5,23,0,0,0,0,0,0,0,0
403,2017-04-24,09:03:23,134,j1709,XDCE,1610.5,1610.0,1650,77314,12652785600,190288,213252,1786.5,1491.5,1639,1651,0,1650,0,0,0,2017-04-24,32603134,1611.0,5,0,0,0,0,0,0,0,0,1611.5,22,0,0,0,0,0,0,0,0
404,2017-04-24,09:03:23,622,j1709,XDCE,1610.5,1610.0,1650,77362,12660517700,190280,213252,1786.5,1491.5,1639,1651,0,1650,0,0,0,2017-04-24,32603622,1610.5,3,0,0,0,0,0,0,0,0,1611.5,21,0,0,0,0,0,0,0,0
405,2017-04-24,09:03:24,141,j1709,XDCE,1610.5,1610.0,1650,77372,12662128200,190272,213252,1786.5,1491.5,1639,1651,0,1650,0,0,0,2017-04-24,32604141,1610.5,2,0,0,0,0,0,0,0,0,1611.5,21,0,0,0,0,0,0,0,0
406,2017-04-24,09:03:24,662,j1709,XDCE,1610.5,1610.0,1650,77376,12662772400,190272,213252,1786.5,1491.5,1639,1651,0,1650,0,0,0,2017-04-24,32604662,1610.5,4,0,0,0,0,0,0,0,0,1611.5,21,0,0,0,0,0,0,0,0
407,2017-04-24,09:03:25,127,j1709,XDCE,1611.0,1610.0,1650,77414,12668894500,190258,213252,1786.5,1491.5,1639,1651,0,1650,0,0,0,2017-04-24,32605127,1611.0,1,0,0,0,0,0,0,0,0,1611.5,16,0,0,0,0,0,0,0,0
408,2017-04-24,09:03:25,593,j1709,XDCE,1610.5,1610.0,1650,77428,12671150300,190246,213252,1786.5,1491.5,1639,1651,0,1650,0,0,0,2017-04-24,32605593,1611.0,1,0,0,0,0,0,0,0,0,1611.5,11,0,0,0,0,0,0,0,0
409,2017-04-24,09:03:26,201,j1709,XDCE,1611.5,1610.0,1650,77444,12673728700,190244,213252,1786.5,1491.5,1639,1651,0,1650,0,0,0,2017-04-24,32606201,1611.0,3,0,0,0,0,0,0,0,0,1611.5,3,0,0,0,0,0,0,0,0
410,2017-04-24,09:03:26,702,j1709,XDCE,1611.5,1610.0,1650,77454,12675340200,190240,213252,1786.5,1491.5,1639,1651,0,1650,0,0,0,2017-04-24,32606702,1611.5,10,0,0,0,0,0,0,0,0,1612.0,4,0,0,0,0,0,0,0,0
411,2017-04-24,09:03:27,203,j1709,XDCE,1611.5,1610.0,1650,77594,12697891300,190294,213252,1786.5,1491.5,1639,1651,0,1650,0,0,0,2017-04-24,32607203,1611.0,4,0,0,0,0,0,0,0,0,1612.0,4,0,0,0,0,0,0,0,0
412,2017-04-24,09:03:27,610,j1709,XDCE,1611.0,1610.0,1650,77610,12700469000,190304,213252,1786.5,1491.5,1639,1651,0,1650,0,0,0,2017-04-24,32607610,1611.0,1,0,0,0,0,0,0,0,0,1611.5,1,0,0,0,0,0,0,0,0
413,2017-04-24,09:03:28,152,j1709,XDCE,1612.0,1610.0,1650,77634,12704337000,190298,213252,1786.5,1491.5,1639,1651,0,1650,0,0,0,2017-04-24,32608152,1611.5,1,0,0,0,0,0,0,0,0,1612.0,1,0,0,0,0,0,0,0,0
414,2017-04-24,09:03:28,545,j1709,XDCE,1612.0,1610.0,1650,77642,12705626300,190292,213252,1786.5,1491.5,1639,1651,0,1650,0,0,0,2017-04-24,32608545,1611.5,18,0,0,0,0,0,0,0,0,1612.0,2,0,0,0,0,0,0,0,0
415,2017-04-24,09:03:29,200,j1709,XDCE,1612.0,1610.0,1650,77648,12706593300,190290,213252,1786.5,1491.5,1639,1651,0,1650,0,0,0,2017-04-24,32609200,1611.5,16,0,0,0,0,0,0,0,0,1612.0,5,0,0,0,0,0,0,0,0
416,2017-04-24,09:03:29,697,j1709,XDCE,1611.0,1610.0,1650,77684,12712394700,190268,213252,1786.5,1491.5,1639,1651,0,1650,0,0,0,2017-04-24,32609697,1611.0,7,0,0,0,0,0,0,0,0,1612.0,4,0,0,0,0,0,0,0,0
417,2017-04-24,09:03:30,180,j1709,XDCE,1612.0,1610.0,1650,77686,12712717100,190266,213252,1786.5,1491.5,1639,1651,0,1650,0,0,0,2017-04-24,32610180,1611.0,7,0,0,0,0,0,0,0,0,1612.0,3,0,0,0,0,0,0,0,0
418,2017-04-24,09:03:30,664,j1709,XDCE,1611.5,1610.0,1650,77714,12717228300,190264,213252,1786.5,1491.5,1639,1651,0,1650,0,0,0,2017-04-24,32610664,1611.0,13,0,0,0,0,0,0,0,0,1612.0,3,0,0,0,0,0,0,0,0
419,2017-04-24,09:03:31,164,j1709,XDCE,1611.0,1610.0,1650,77730,12719805900,190258,213252,1786.5,1491.5,1639,1651,0,1650,0,0,0,2017-04-24,32611164,1610.5,9,0,0,0,0,0,0,0,0,1611.0,26,0,0,0,0,0,0,0,0
420,2017-04-24,09:03:31,690,j1709,XDCE,1610.0,1610.0,1650,77814,12733331400,190238,213252,1786.5,1491.5,1639,1651,0,1650,0,0,0,2017-04-24,32611690,1610.0,37,0,0,0,0,0,0,0,0,1610.5,8,0,0,0,0,0,0,0,0
421,2017-04-24,09:03:32,185,j1709,XDCE,1609.5,1609.5,1650,77892,12745889400,190214,213252,1786.5,1491.5,1639,1651,0,1650,0,0,0,2017-04-24,32612185,1609.5,10,0,0,0,0,0,0,0,0,1610.0,21,0,0,0,0,0,0,0,0
422,2017-04-24,09:03:32,669,j1709,XDCE,1609.5,1609.0,1650,77918,12750074100,190196,213252,1786.5,1491.5,1639,1651,0,1650,0,0,0,2017-04-24,32612669,1609.0,29,0,0,0,0,0,0,0,0,1609.5,21,0,0,0,0,0,0,0,0
423,2017-04-24,09:03:33,176,j1709,XDCE,1609.5,1609.0,1650,77954,12755866900,190182,213252,1786.5,1491.5,1639,1651,0,1650,0,0,0,2017-04-24,32613176,1609.0,15,0,0,0,0,0,0,0,0,1609.5,16,0,0,0,0,0,0,0,0
424,2017-04-24,09:03:33,671,j1709,XDCE,1609.0,1609.0,1650,77968,12758119600,190172,213252,1786.5,1491.5,1639,1651,0,1650,0,0,0,2017-04-24,32613671,1609.0,9,0,0,0,0,0,0,0,0,1609.5,15,0,0,0,0,0,0,0,0
425,2017-04-24,09:03:34,196,j1709,XDCE,1609.5,1609.0,1650,77986,12761016400,190156,213252,1786.5,1491.5,1639,1651,0,1650,0,0,0,2017-04-24,32614196,1609.0,7,0,0,0,0,0,0,0,0,1609.5,13,0,0,0,0,0,0,0,0
426,2017-04-24,09:03:34,662,j1709,XDCE,1609.5,1609.0,1650,78002,12763591100,190158,213252,1786.5,1491.5,1639,1651,0,1650,0,0,0,2017-04-24,32614662,1609.0,2,0,0,0,0,0,0,0,0,1609.5,11,0,0,0,0,0,0,0,0
427,2017-04-24,09:03:35,176,j1709,XDCE,1609.0,1609.0,1650,78014,12765521900,190154,213252,1786.5,1491.5,1639,1651,0,1650,0,0,0,2017-04-24,32615176,1608.5,5,0,0,0,0,0,0,0,0,1609.0,5,0,0,0,0,0,0,0,0
428,2017-04-24,09:03:35,696,j1709,XDCE,1608.5,1608.5,1650,78032,12768417700,190158,213252,1786.5,1491.5,1639,1651,0,1650,0,0,0,2017-04-24,32615696,1608.5,1,0,0,0,0,0,0,0,0,1609.0,33,0,0,0,0,0,0,0,0
429,2017-04-24,09:03:36,164,j1709,XDCE,1609.0,1608.0,1650,78220,12798655500,190044,213252,1786.5,1491.5,1639,1651,0,1650,0,0,0,2017-04-24,32616164,1608.5,5,0,0,0,0,0,0,0,0,1609.0,1,0,0,0,0,0,0,0,0
430,2017-04-24,09:03:36,661,j1709,XDCE,1608.5,1608.0,1650,78238,12801551200,190030,213252,1786.5,1491.5,1639,1651,0,1650,0,0,0,2017-04-24,32616661,1608.5,1,0,0,0,0,0,0,0,0,1609.0,12,0,0,0,0,0,0,0,0
431,2017-04-24,09:03:37,185,j1709,XDCE,1609.0,1608.0,1650,78276,12807665300,190016,213252,1786.5,1491.5,1639,1651,0,1650,0,0,0,2017-04-24,32617185,1608.5,12,0,0,0,0,0,0,0,0,1609.0,9,0,0,0,0,0,0,0,0
432,2017-04-24,09:03:37,629,j1709,XDCE,1609.0,1608.0,1650,78310,12813136100,189986,213252,1786.5,1491.5,1639,1651,0,1650,0,0,0,2017-04-24,32617629,1608.5,17,0,0,0,0,0,0,0,0,1609.5,8,0,0,0,0,0,0,0,0
433,2017-04-24,09:03:38,177,j1709,XDCE,1609.0,1608.0,1650,78330,12816354700,189986,213252,1786.5,1491.5,1639,1651,0,1650,0,0,0,2017-04-24,32618177,1609.0,4,0,0,0,0,0,0,0,0,1609.5,2,0,0,0,0,0,0,0,0
434,2017-04-24,09:03:38,677,j1709,XDCE,1609.0,1608.0,1650,78338,12817641900,189990,213252,1786.5,1491.5,1639,1651,0,1650,0,0,0,2017-04-24,32618677,1609.0,1,0,0,0,0,0,0,0,0,1609.5,3,0,0,0,0,0,0,0,0
435,2017-04-24,09:03:39,174,j1709,XDCE,1608.5,1608.0,1650,78364,12821824500,189992,213252,1786.5,1491.5,1639,1651,0,1650,0,0,0,2017-04-24,32619174,1609.0,15,0,0,0,0,0,0,0,0,1609.5,3,0,0,0,0,0,0,0,0
436,2017-04-24,09:03:39,654,j1709,XDCE,1609.0,1608.0,1650,78374,12823433500,189988,213252,1786.5,1491.5,1639,1651,0,1650,0,0,0,2017-04-24,32619654,1609.0,12,0,0,0,0,0,0,0,0,1609.5,3,0,0,0,0,0,0,0,0
437,2017-04-24,09:03:40,165,j1709,XDCE,1608.5,1608.0,1650,78432,12832764800,189944,213252,1786.5,1491.5,1639,1651,0,1650,0,0,0,2017-04-24,32620165,1608.0,60,0,0,0,0,0,0,0,0,1608.5,34,0,0,0,0,0,0,0,0
438,2017-04-24,09:03:40,664,j1709,XDCE,1608.0,1608.0,1650,78494,12842734700,189906,213252,1786.5,1491.5,1639,1651,0,1650,0,0,0,2017-04-24,32620664,1608.0,33,0,0,0,0,0,0,0,0,1608.5,33,0,0,0,0,0,0,0,0
439,2017-04-24,09:03:41,193,j1709,XDCE,1608.0,1607.0,1650,78586,12857527000,189846,213252,1786.5,1491.5,1639,1651,0,1650,0,0,0,2017-04-24,32621193,1607.0,9,0,0,0,0,0,0,0,0,1608.0,5,0,0,0,0,0,0,0,0
440,2017-04-24,09:03:41,697,j1709,XDCE,1607.0,1607.0,1650,78614,12862027000,189844,213252,1786.5,1491.5,1639,1651,0,1650,0,0,0,2017-04-24,32621697,1607.0,1,0,0,0,0,0,0,0,0,1607.5,15,0,0,0,0,0,0,0,0
441,2017-04-24,09:03:42,189,j1709,XDCE,1607.0,1606.5,1650,78648,12867489700,189822,213252,1786.5,1491.5,1639,1651,0,1650,0,0,0,2017-04-24,32622189,1606.0,26,0,0,0,0,0,0,0,0,1607.0,6,0,0,0,0,0,0,0,0
442,2017-04-24,09:03:42,671,j1709,XDCE,1606.0,1606.0,1650,78664,12870060000,189820,213252,1786.5,1491.5,1639,1651,0,1650,0,0,0,2017-04-24,32622671,1606.5,4,0,0,0,0,0,0,0,0,1607.0,5,0,0,0,0,0,0,0,0
443,2017-04-24,09:03:43,183,j1709,XDCE,1606.5,1606.0,1650,78696,12875200200,189826,213252,1786.5,1491.5,1639,1651,0,1650,0,0,0,2017-04-24,32623183,1606.0,15,0,0,0,0,0,0,0,0,1606.5,7,0,0,0,0,0,0,0,0
444,2017-04-24,09:03:43,693,j1709,XDCE,1606.0,1606.0,1650,78748,12883552100,189830,213252,1786.5,1491.5,1639,1651,0,1650,0,0,0,2017-04-24,32623693,1605.5,5,0,0,0,0,0,0,0,0,1606.0,130,0,0,0,0,0,0,0,0
445,2017-04-24,09:03:44,127,j1709,XDCE,1605.5,1605.5,1650,78760,12885478700,189820,213252,1786.5,1491.5,1639,1651,0,1650,0,0,0,2017-04-24,32624127,1605.0,38,0,0,0,0,0,0,0,0,1605.5,2,0,0,0,0,0,0,0,0
446,2017-04-24,09:03:44,696,j1709,XDCE,1605.0,1605.0,1650,78854,12900566400,189794,213252,1786.5,1491.5,1639,1651,0,1650,0,0,0,2017-04-24,32624696,1604.5,7,0,0,0,0,0,0,0,0,1605.0,6,0,0,0,0,0,0,0,0
447,2017-04-24,09:03:45,174,j1709,XDCE,1605.0,1604.0,1650,78938,12914043400,189776,213252,1786.5,1491.5,1639,1651,0,1650,0,0,0,2017-04-24,32625174,1604.0,4,0,0,0,0,0,0,0,0,1605.0,2,0,0,0,0,0,0,0,0
448,2017-04-24,09:03:45,702,j1709,XDCE,1605.0,1603.5,1650,78956,12916931300,189772,213252,1786.5,1491.5,1639,1651,0,1650,0,0,0,2017-04-24,32625702,1603.5,12,0,0,0,0,0,0,0,0,1605.0,3,0,0,0,0,0,0,0,0
449,2017-04-24,09:03:46,171,j1709,XDCE,1603.5,1603.5,1650,78990,12922385600,189756,213252,1786.5,1491.5,1639,1651,0,1650,0,0,0,2017-04-24,32626171,1603.5,10,0,0,0,0,0,0,0,0,1604.5,1,0,0,0,0,0,0,0,0
450,2017-04-24,09:03:46,696,j1709,XDCE,1603.5,1603.5,1650,79022,12927520500,189764,213252,1786.5,1491.5,1639,1651,0,1650,0,0,0,2017-04-24,32626696,1603.5,7,0,0,0,0,0,0,0,0,1604.5,1,0,0,0,0,0,0,0,0
451,2017-04-24,09:03:47,163,j1709,XDCE,1604.0,1603.5,1650,79050,12932011600,189744,213252,1786.5,1491.5,1639,1651,0,1650,0,0,0,2017-04-24,32627163,1603.5,1,0,0,0,0,0,0,0,0,1604.5,7,0,0,0,0,0,0,0,0
452,2017-04-24,09:03:47,690,j1709,XDCE,1604.0,1603.5,1650,79086,12937785900,189730,213252,1786.5,1491.5,1639,1651,0,1650,0,0,0,2017-04-24,32627690,1604.5,1,0,0,0,0,0,0,0,0,1605.0,1,0,0,0,0,0,0,0,0
453,2017-04-24,09:03:48,167,j1709,XDCE,1604.5,1603.5,1650,79104,12940673900,189714,213252,1786.5,1491.5,1639,1651,0,1650,0,0,0,2017-04-24,32628167,1605.0,3,0,0,0,0,0,0,0,0,1605.5,4,0,0,0,0,0,0,0,0
454,2017-04-24,09:03:48,701,j1709,XDCE,1604.5,1603.5,1650,79134,12945487900,189700,213252,1786.5,1491.5,1639,1651,0,1650,0,0,0,2017-04-24,32628701,1605.0,4,0,0,0,0,0,0,0,0,1605.5,4,0,0,0,0,0,0,0,0
455,2017-04-24,09:03:49,179,j1709,XDCE,1605.0,1603.5,1650,79178,12952548300,189686,213252,1786.5,1491.5,1639,1651,0,1650,0,0,0,2017-04-24,32629179,1605.0,18,0,0,0,0,0,0,0,0,1605.5,1,0,0,0,0,0,0,0,0
456,2017-04-24,09:03:49,688,j1709,XDCE,1605.0,1603.5,1650,79186,12953832600,189688,213252,1786.5,1491.5,1639,1651,0,1650,0,0,0,2017-04-24,32629688,1605.0,40,0,0,0,0,0,0,0,0,1606.0,46,0,0,0,0,0,0,0,0
457,2017-04-24,09:03:50,170,j1709,XDCE,1606.5,1603.5,1650,79290,12970535100,189686,213252,1786.5,1491.5,1639,1651,0,1650,0,0,0,2017-04-24,32630170,1606.5,4,0,0,0,0,0,0,0,0,1607.0,1,0,0,0,0,0,0,0,0
458,2017-04-24,09:03:50,698,j1709,XDCE,1605.5,1603.5,1650,79372,12983707500,189700,213252,1786.5,1491.5,1639,1651,0,1650,0,0,0,2017-04-24,32630698,1605.5,12,0,0,0,0,0,0,0,0,1606.5,3,0,0,0,0,0,0,0,0
459,2017-04-24,09:03:51,200,j1709,XDCE,1605.5,1603.5,1650,79438,12994308900,189682,213252,1786.5,1491.5,1639,1651,0,1650,0,0,0,2017-04-24,32631200,1605.5,16,0,0,0,0,0,0,0,0,1606.5,4,0,0,0,0,0,0,0,0
460,2017-04-24,09:03:51,679,j1709,XDCE,1605.5,1603.5,1650,79454,12996878400,189692,213252,1786.5,1491.5,1639,1651,0,1650,0,0,0,2017-04-24,32631679,1605.5,14,0,0,0,0,0,0,0,0,1606.5,8,0,0,0,0,0,0,0,0
461,2017-04-24,09:03:52,194,j1709,XDCE,1606.5,1603.5,1650,79494,13003304200,189700,213252,1786.5,1491.5,1639,1651,0,1650,0,0,0,2017-04-24,32632194,1606.5,2,0,0,0,0,0,0,0,0,1607.5,2,0,0,0,0,0,0,0,0
462,2017-04-24,09:03:52,675,j1709,XDCE,1606.5,1603.5,1650,79496,13003625500,189698,213252,1786.5,1491.5,1639,1651,0,1650,0,0,0,2017-04-24,32632675,1607.0,1,0,0,0,0,0,0,0,0,1607.5,2,0,0,0,0,0,0,0,0
463,2017-04-24,09:03:53,169,j1709,XDCE,1606.5,1603.5,1650,79554,13012942300,189662,213252,1786.5,1491.5,1639,1651,0,1650,0,0,0,2017-04-24,32633169,1606.5,1,0,0,0,0,0,0,0,0,1607.0,5,0,0,0,0,0,0,0,0
464,2017-04-24,09:03:53,697,j1709,XDCE,1607.0,1603.5,1650,79578,13016798200,189656,213252,1786.5,1491.5,1639,1651,0,1650,0,0,0,2017-04-24,32633697,1606.0,22,0,0,0,0,0,0,0,0,1607.0,19,0,0,0,0,0,0,0,0
465,2017-04-24,09:03:54,89,j1709,XDCE,1607.0,1603.5,1650,79590,13018725600,189648,213252,1786.5,1491.5,1639,1651,0,1650,0,0,0,2017-04-24,32634089,1606.0,15,0,0,0,0,0,0,0,0,1607.0,17,0,0,0,0,0,0,0,0
466,2017-04-24,09:03:54,676,j1709,XDCE,1607.0,1603.5,1650,79614,13022582100,189630,213252,1786.5,1491.5,1639,1651,0,1650,0,0,0,2017-04-24,32634676,1606.5,1,0,0,0,0,0,0,0,0,1607.0,8,0,0,0,0,0,0,0,0
467,2017-04-24,09:03:55,183,j1709,XDCE,1607.0,1603.5,1650,79664,13030616900,189622,213252,1786.5,1491.5,1639,1651,0,1650,0,0,0,2017-04-24,32635183,1607.0,14,0,0,0,0,0,0,0,0,1607.5,4,0,0,0,0,0,0,0,0
468,2017-04-24,09:03:55,669,j1709,XDCE,1607.0,1603.5,1650,79684,13033831700,189626,213252,1786.5,1491.5,1639,1651,0,1650,0,0,0,2017-04-24,32635669,1607.0,6,0,0,0,0,0,0,0,0,1608.0,4,0,0,0,0,0,0,0,0
469,2017-04-24,09:03:56,166,j1709,XDCE,1607.0,1603.5,1650,79788,13050546100,189596,213252,1786.5,1491.5,1639,1651,0,1650,0,0,0,2017-04-24,32636166,1606.5,8,0,0,0,0,0,0,0,0,1607.0,46,0,0,0,0,0,0,0,0
470,2017-04-24,09:03:56,662,j1709,XDCE,1607.5,1603.5,1650,79882,13065652000,189506,213252,1786.5,1491.5,1639,1651,0,1650,0,0,0,2017-04-24,32636662,1607.5,2,0,0,0,0,0,0,0,0,1608.0,3,0,0,0,0,0,0,0,0
471,2017-04-24,09:03:57,198,j1709,XDCE,1608.5,1603.5,1650,79898,13068225000,189504,213252,1786.5,1491.5,1639,1651,0,1650,0,0,0,2017-04-24,32637198,1607.5,4,0,0,0,0,0,0,0,0,1608.5,13,0,0,0,0,0,0,0,0
472,2017-04-24,09:03:57,690,j1709,XDCE,1608.5,1603.5,1650,79936,13074334400,189482,213252,1786.5,1491.5,1639,1651,0,1650,0,0,0,2017-04-24,32637690,1607.5,5,0,0,0,0,0,0,0,0,1608.0,1,0,0,0,0,0,0,0,0
473,2017-04-24,09:03:58,188,j1709,XDCE,1608.0,1603.5,1650,79946,13075942300,189476,213252,1786.5,1491.5,1639,1651,0,1650,0,0,0,2017-04-24,32638188,1607.5,4,0,0,0,0,0,0,0,0,1608.5,9,0,0,0,0,0,0,0,0
474,2017-04-24,09:03:58,694,j1709,XDCE,1608.5,1603.5,1650,79976,13080766100,189468,213252,1786.5,1491.5,1639,1651,0,1650,0,0,0,2017-04-24,32638694,1607.5,17,0,0,0,0,0,0,0,0,1608.0,1,0,0,0,0,0,0,0,0
475,2017-04-24,09:03:59,173,j1709,XDCE,1607.0,1603.5,1650,80148,13108406900,189366,213252,1786.5,1491.5,1639,1651,0,1650,0,0,0,2017-04-24,32639173,1606.5,17,0,0,0,0,0,0,0,0,1607.0,148,0,0,0,0,0,0,0,0
476,2017-04-24,09:03:59,661,j1709,XDCE,1607.0,1603.5,1650,80232,13121904000,189332,213252,1786.5,1491.5,1639,1651,0,1650,0,0,0,2017-04-24,32639661,1606.5,4,0,0,0,0,0,0,0,0,1607.0,128,0,0,0,0,0,0,0,0
477,2017-04-24,09:04:00,202,j1709,XDCE,1606.5,1603.5,1650,80272,13128331100,189326,213252,1786.5,1491.5,1639,1651,0,1650,0,0,0,2017-04-24,32640202,1606.0,25,0,0,0,0,0,0,0,0,1606.5,8,0,0,0,0,0,0,0,0
478,2017-04-24,09:04:00,698,j1709,XDCE,1606.5,1603.5,1650,80304,13133471600,189332,213252,1786.5,1491.5,1639,1651,0,1650,0,0,0,2017-04-24,32640698,1606.0,23,0,0,0,0,0,0,0,0,1606.5,3,0,0,0,0,0,0,0,0
479,2017-04-24,09:04:01,69,j1709,XDCE,1607.0,1603.5,1650,80332,13137969400,189316,213252,1786.5,1491.5,1639,1651,0,1650,0,0,0,2017-04-24,32641069,1606.0,19,0,0,0,0,0,0,0,0,1607.0,118,0,0,0,0,0,0,0,0
480,2017-04-24,09:04:01,604,j1709,XDCE,1607.0,1603.5,1650,80350,13140860800,189312,213252,1786.5,1491.5,1639,1651,0,1650,0,0,0,2017-04-24,32641604,1606.0,13,0,0,0,0,0,0,0,0,1607.0,119,0,0,0,0,0,0,0,0
481,2017-04-24,09:04:02,199,j1709,XDCE,1606.5,1603.5,1650,80364,13143109800,189314,213252,1786.5,1491.5,1639,1651,0,1650,0,0,0,2017-04-24,32642199,1606.0,13,0,0,0,0,0,0,0,0,1606.5,7,0,0,0,0,0,0,0,0
482,2017-04-24,09:04:02,584,j1709,XDCE,1606.5,1603.5,1650,80370,13144073500,189312,213252,1786.5,1491.5,1639,1651,0,1650,0,0,0,2017-04-24,32642584,1606.0,21,0,0,0,0,0,0,0,0,1606.5,6,0,0,0,0,0,0,0,0
483,2017-04-24,09:04:03,197,j1709,XDCE,1606.0,1603.5,1650,80444,13155956800,189300,213252,1786.5,1491.5,1639,1651,0,1650,0,0,0,2017-04-24,32643197,1605.5,13,0,0,0,0,0,0,0,0,1606.0,8,0,0,0,0,0,0,0,0
484,2017-04-24,09:04:03,696,j1709,XDCE,1605.5,1603.5,1650,80476,13161094500,189300,213252,1786.5,1491.5,1639,1651,0,1650,0,0,0,2017-04-24,32643696,1605.0,52,0,0,0,0,0,0,0,0,1605.5,7,0,0,0,0,0,0,0,0
485,2017-04-24,09:04:04,166,j1709,XDCE,1605.0,1603.5,1650,80490,13163341700,189306,213252,1786.5,1491.5,1639,1651,0,1650,0,0,0,2017-04-24,32644166,1605.0,48,0,0,0,0,0,0,0,0,1605.5,6,0,0,0,0,0,0,0,0
486,2017-04-24,09:04:04,691,j1709,XDCE,1605.0,1603.5,1650,80628,13185490000,189200,213252,1786.5,1491.5,1639,1651,0,1650,0,0,0,2017-04-24,32644691,1604.0,1,0,0,0,0,0,0,0,0,1604.5,2,0,0,0,0,0,0,0,0
487,2017-04-24,09:04:05,194,j1709,XDCE,1604.5,1603.5,1650,80658,13190304900,189202,213252,1786.5,1491.5,1639,1651,0,1650,0,0,0,2017-04-24,32645194,1604.0,1,0,0,0,0,0,0,0,0,1605.0,3,0,0,0,0,0,0,0,0
488,2017-04-24,09:04:05,679,j1709,XDCE,1605.0,1603.5,1650,80728,13201539400,189196,213252,1786.5,1491.5,1639,1651,0,1650,0,0,0,2017-04-24,32645679,1604.5,1,0,0,0,0,0,0,0,0,1605.0,1,0,0,0,0,0,0,0,0
489,2017-04-24,09:04:06,172,j1709,XDCE,1605.5,1603.5,1650,80744,13204107800,189192,213252,1786.5,1491.5,1639,1651,0,1650,0,0,0,2017-04-24,32646172,1604.5,1,0,0,0,0,0,0,0,0,1605.5,7,0,0,0,0,0,0,0,0
490,2017-04-24,09:04:06,661,j1709,XDCE,1605.0,1603.5,1650,80760,13206676100,189184,213252,1786.5,1491.5,1639,1651,0,1650,0,0,0,2017-04-24,32646661,1604.5,1,0,0,0,0,0,0,0,0,1605.5,7,0,0,0,0,0,0,0,0
491,2017-04-24,09:04:07,196,j1709,XDCE,1605.0,1603.5,1650,80760,13206676100,189184,213252,1786.5,1491.5,1639,1651,0,1650,0,0,0,2017-04-24,32647196,1605.0,10,0,0,0,0,0,0,0,0,1605.5,7,0,0,0,0,0,0,0,0
492,2017-04-24,09:04:07,695,j1709,XDCE,1605.5,1603.5,1650,80802,13213420800,189192,213252,1786.5,1491.5,1639,1651,0,1650,0,0,0,2017-04-24,32647695,1605.5,6,0,0,0,0,0,0,0,0,1606.5,5,0,0,0,0,0,0,0,0
493,2017-04-24,09:04:08,185,j1709,XDCE,1605.0,1603.5,1650,80832,13218236800,189178,213252,1786.5,1491.5,1639,1651,0,1650,0,0,0,2017-04-24,32648185,1605.0,6,0,0,0,0,0,0,0,0,1606.0,7,0,0,0,0,0,0,0,0
494,2017-04-24,09:04:08,512,j1709,XDCE,1605.0,1603.5,1650,80834,13218557800,189178,213252,1786.5,1491.5,1639,1651,0,1650,0,0,0,2017-04-24,32648512,1605.5,1,0,0,0,0,0,0,0,0,1606.0,7,0,0,0,0,0,0,0,0
495,2017-04-24,09:04:09,162,j1709,XDCE,1606.5,1603.5,1650,80874,13224982300,189164,213252,1786.5,1491.5,1639,1651,0,1650,0,0,0,2017-04-24,32649162,1606.0,11,0,0,0,0,0,0,0,0,1607.0,8,0,0,0,0,0,0,0,0
496,2017-04-24,09:04:09,661,j1709,XDCE,1607.0,1603.5,1650,80890,13227553500,189162,213252,1786.5,1491.5,1639,1651,0,1650,0,0,0,2017-04-24,32649661,1607.0,14,0,0,0,0,0,0,0,0,1607.5,22,0,0,0,0,0,0,0,0
497,2017-04-24,09:04:10,194,j1709,XDCE,1608.0,1603.5,1650,80952,13237520200,189122,213252,1786.5,1491.5,1639,1651,0,1650,0,0,0,2017-04-24,32650194,1608.0,5,0,0,0,0,0,0,0,0,1609.0,3,0,0,0,0,0,0,0,0
498,2017-04-24,09:04:10,682,j1709,XDCE,1608.5,1603.5,1650,80966,13239771900,189120,213252,1786.5,1491.5,1639,1651,0,1650,0,0,0,2017-04-24,32650682,1608.5,3,0,0,0,0,0,0,0,0,1609.0,3,0,0,0,0,0,0,0,0
499,2017-04-24,09:04:11,163,j1709,XDCE,1609.0,1603.5,1650,80972,13240737300,189122,213252,1786.5,1491.5,1639,1651,0,1650,0,0,0,2017-04-24,32651163,1608.5,4,0,0,0,0,0,0,0,0,1609.5,2,0,0,0,0,0,0,0,0
500,2017-04-24,09:04:11,695,j1709,XDCE,1609.5,1603.5,1650,80978,13241702600,189120,213252,1786.5,1491.5,1639,1651,0,1650,0,0,0,2017-04-24,32651695,1609.0,2,0,0,0,0,0,0,0,0,1609.5,3,0,0,0,0,0,0,0,0
501,2017-04-24,09:04:12,179,j1709,XDCE,1608.0,1603.5,1650,81032,13250388900,189106,213252,1786.5,1491.5,1639,1651,0,1650,0,0,0,2017-04-24,32652179,1607.5,2,0,0,0,0,0,0,0,0,1608.0,9,0,0,0,0,0,0,0,0
502,2017-04-24,09:04:12,664,j1709,XDCE,1607.5,1603.5,1650,81068,13256177700,189094,213252,1786.5,1491.5,1639,1651,0,1650,0,0,0,2017-04-24,32652664,1607.0,22,0,0,0,0,0,0,0,0,1608.5,1,0,0,0,0,0,0,0,0
