,dataDate,dataTime,dataMillisec,instrumentID,exchangeCD,lastPrice,lowPrice,highPrice,volume,value,openInterest,preOpenInterest,upperLimitPrice,lowerLimitPrice,preSettlementPrice,prevClosePrice,settlementPrice,openPrice,closePrice,preDelta,currDelta,clearingDay,milliSecOffset,bidPrice1,bidVolume1,bidPrice2,bidVolume2,bidPrice3,bidVolume3,bidPrice4,bidVolume4,bidPrice5,bidVolume5,askPrice1,askVolume1,askPrice2,askVolume2,askPrice3,askVolume3,askPrice4,askVolume4,askPrice5,askVolume5
0,2017-04-24,08:59:00,708,jd1709,XDCE,3783,3783,3783,392,14829360,179560,179462,3994,3614,3804,3810,0,3783,0,0,0,2017-04-24,32340708,3783,2,0,0,0,0,0,0,0,0,3786,5,0,0,0,0,0,0,0,0
1,2017-04-24,09:00:00,760,jd1709,XDCE,3786,3783,3786,402,15207960,179570,179462,3994,3614,3804,3810,0,3783,0,0,0,2017-04-24,32400760,3787,1,0,0,0,0,0,0,0,0,3788,2,0,0,0,0,0,0,0,0
2,2017-04-24,09:00:01,264,jd1709,XDCE,3787,3783,3788,750,28383760,179610,179462,3994,3614,3804,3810,0,3783,0,0,0,2017-04-24,32401264,3785,9,0,0,0,0,0,0,0,0,3787,18,0,0,0,0,0,0,0,0
3,2017-04-24,09:00:01,763,jd1709,XDCE,3786,3781,3788,968,36633760,179544,179462,3994,3614,3804,3810,0,3783,0,0,0,2017-04-24,32401763,3782,1,0,0,0,0,0,0,0,0,3787,19,0,0,0,0,0,0,0,0
4,2017-04-24,09:00:02,264,jd1709,XDCE,3786,3781,3788,1224,46326520,179556,179462,3994,3614,3804,3810,0,3783,0,0,0,2017-04-24,32402264,3785,24,0,0,0,0,0,0,0,0,3786,41,0,0,0,0,0,0,0,0
5,2017-04-24,09:00:02,752,jd1709,XDCE,3785,3781,3788,1366,51702400,179618,179462,3994,3614,3804,3810,0,3783,0,0,0,2017-04-24,32402752,3785,16,0,0,0,0,0,0,0,0,3788,1,0,0,0,0,0,0,0,0
6,2017-04-24,09:00:03,251,jd1709,XDCE,3784,3781,3790,1960,74202080,179526,179462,3994,3614,3804,3810,0,3783,0,0,0,2017-04-24,32403251,3784,17,0,0,0,0,0,0,0,0,3787,1,0,0,0,0,0,0,0,0
7,2017-04-24,09:00:03,763,jd1709,XDCE,3785,3780,3790,2454,92887900,179640,179462,3994,3614,3804,3810,0,3783,0,0,0,2017-04-24,32403763,3781,25,0,0,0,0,0,0,0,0,3785,42,0,0,0,0,0,0,0,0
8,2017-04-24,09:00:04,256,jd1709,XDCE,3785,3780,3790,2562,96974360,179672,179462,3994,3614,3804,3810,0,3783,0,0,0,2017-04-24,32404256,3782,26,0,0,0,0,0,0,0,0,3785,35,0,0,0,0,0,0,0,0
9,2017-04-24,09:00:04,720,jd1709,XDCE,3781,3780,3790,2714,102723940,179716,179462,3994,3614,3804,3810,0,3783,0,0,0,2017-04-24,32404720,3781,22,0,0,0,0,0,0,0,0,3782,1,0,0,0,0,0,0,0,0
10,2017-04-24,09:00:05,262,jd1709,XDCE,3787,3780,3790,2908,110068240,179890,179462,3994,3614,3804,3810,0,3783,0,0,0,2017-04-24,32405262,3786,16,0,0,0,0,0,0,0,0,3787,24,0,0,0,0,0,0,0,0
11,2017-04-24,09:00:05,747,jd1709,XDCE,3786,3780,3790,3028,114611300,179902,179462,3994,3614,3804,3810,0,3783,0,0,0,2017-04-24,32405747,3784,2,0,0,0,0,0,0,0,0,3786,26,0,0,0,0,0,0,0,0
12,2017-04-24,09:00:06,247,jd1709,XDCE,3785,3780,3790,3136,118698000,179840,179462,3994,3614,3804,3810,0,3783,0,0,0,2017-04-24,32406247,3782,5,0,0,0,0,0,0,0,0,3785,16,0,0,0,0,0,0,0,0
13,2017-04-24,09:00:06,761,jd1709,XDCE,3782,3780,3790,3192,120816820,179818,179462,3994,3614,3804,3810,0,3783,0,0,0,2017-04-24,32406761,3781,16,0,0,0,0,0,0,0,0,3782,11,0,0,0,0,0,0,0,0
14,2017-04-24,09:00:07,247,jd1709,XDCE,3782,3780,3790,3226,122102840,179806,179462,3994,3614,3804,3810,0,3783,0,0,0,2017-04-24,32407247,3782,12,0,0,0,0,0,0,0,0,3784,2,0,0,0,0,0,0,0,0
15,2017-04-24,09:00:07,761,jd1709,XDCE,3786,3780,3790,3374,127703680,179822,179462,3994,3614,3804,3810,0,3783,0,0,0,2017-04-24,32407761,3783,1,0,0,0,0,0,0,0,0,3786,4,0,0,0,0,0,0,0,0
16,2017-04-24,09:00:08,247,jd1709,XDCE,3785,3780,3790,3432,129898060,179804,179462,3994,3614,3804,3810,0,3783,0,0,0,2017-04-24,32408247,3785,3,0,0,0,0,0,0,0,0,3786,13,0,0,0,0,0,0,0,0
17,2017-04-24,09:00:08,746,jd1709,XDCE,3785,3780,3790,3544,134138660,179812,179462,3994,3614,3804,3810,0,3783,0,0,0,2017-04-24,32408746,3785,2,0,0,0,0,0,0,0,0,3787,2,0,0,0,0,0,0,0,0
18,2017-04-24,09:00:09,260,jd1709,XDCE,3787,3780,3790,3576,135350280,179810,179462,3994,3614,3804,3810,0,3783,0,0,0,2017-04-24,32409260,3785,4,0,0,0,0,0,0,0,0,3787,28,0,0,0,0,0,0,0,0
19,2017-04-24,09:00:09,755,jd1709,XDCE,3783,3780,3790,3594,136031540,179814,179462,3994,3614,3804,3810,0,3783,0,0,0,2017-04-24,32409755,3783,54,0,0,0,0,0,0,0,0,3784,1,0,0,0,0,0,0,0,0
20,2017-04-24,09:00:10,219,jd1709,XDCE,3786,3780,3790,3630,137394220,179818,179462,3994,3614,3804,3810,0,3783,0,0,0,2017-04-24,32410219,3785,1,0,0,0,0,0,0,0,0,3786,1,0,0,0,0,0,0,0,0
21,2017-04-24,09:00:10,751,jd1709,XDCE,3785,3780,3790,4022,152219620,179788,179462,3994,3614,3804,3810,0,3783,0,0,0,2017-04-24,32410751,3782,3,0,0,0,0,0,0,0,0,3785,15,0,0,0,0,0,0,0,0
22,2017-04-24,09:00:11,219,jd1709,XDCE,3784,3780,3790,4054,153429920,179806,179462,3994,3614,3804,3810,0,3783,0,0,0,2017-04-24,32411219,3782,11,0,0,0,0,0,0,0,0,3784,4,0,0,0,0,0,0,0,0
23,2017-04-24,09:00:11,700,jd1709,XDCE,3782,3780,3790,4074,154186620,179806,179462,3994,3614,3804,3810,0,3783,0,0,0,2017-04-24,32411700,3782,8,0,0,0,0,0,0,0,0,3784,2,0,0,0,0,0,0,0,0
24,2017-04-24,09:00:12,232,jd1709,XDCE,3783,3780,3790,4082,154489260,179798,179462,3994,3614,3804,3810,0,3783,0,0,0,2017-04-24,32412232,3782,9,0,0,0,0,0,0,0,0,3783,15,0,0,0,0,0,0,0,0
25,2017-04-24,09:00:12,753,jd1709,XDCE,3784,3780,3790,4140,156683380,179780,179462,3994,3614,3804,3810,0,3783,0,0,0,2017-04-24,32412753,3784,29,0,0,0,0,0,0,0,0,3785,17,0,0,0,0,0,0,0,0
26,2017-04-24,09:00:13,219,jd1709,XDCE,3783,3780,3790,4206,159180820,179784,179462,3994,3614,3804,3810,0,3783,0,0,0,2017-04-24,32413219,3784,1,0,0,0,0,0,0,0,0,3785,22,0,0,0,0,0,0,0,0
27,2017-04-24,09:00:13,747,jd1709,XDCE,3784,3780,3790,4228,160013340,179778,179462,3994,3614,3804,3810,0,3783,0,0,0,2017-04-24,32413747,3784,7,0,0,0,0,0,0,0,0,3785,19,0,0,0,0,0,0,0,0
28,2017-04-24,09:00:14,245,jd1709,XDCE,3784,3780,3790,4242,160543160,179778,179462,3994,3614,3804,3810,0,3783,0,0,0,2017-04-24,32414245,3784,8,0,0,0,0,0,0,0,0,3785,16,0,0,0,0,0,0,0,0
29,2017-04-24,09:00:14,719,jd1709,XDCE,3785,3780,3790,4272,161678540,179782,179462,3994,3614,3804,3810,0,3783,0,0,0,2017-04-24,32414719,3784,6,0,0,0,0,0,0,0,0,3785,7,0,0,0,0,0,0,0,0
30,2017-04-24,09:00:15,219,jd1709,XDCE,3784,3780,3790,4284,162132620,179782,179462,3994,3614,3804,3810,0,3783,0,0,0,2017-04-24,32415219,3783,65,0,0,0,0,0,0,0,0,3784,56,0,0,0,0,0,0,0,0
31,2017-04-24,09:00:15,744,jd1709,XDCE,3784,3780,3790,4298,162662300,179788,179462,3994,3614,3804,3810,0,3783,0,0,0,2017-04-24,32415744,3783,61,0,0,0,0,0,0,0,0,3784,55,0,0,0,0,0,0,0,0
32,2017-04-24,09:00:16,252,jd1709,XDCE,3784,3780,3790,4330,163873180,179790,179462,3994,3614,3804,3810,0,3783,0,0,0,2017-04-24,32416252,3783,70,0,0,0,0,0,0,0,0,3784,42,0,0,0,0,0,0,0,0
33,2017-04-24,09:00:16,750,jd1709,XDCE,3784,3780,3790,4418,167203120,179862,179462,3994,3614,3804,3810,0,3783,0,0,0,2017-04-24,32416750,3784,32,0,0,0,0,0,0,0,0,3785,4,0,0,0,0,0,0,0,0
34,2017-04-24,09:00:17,251,jd1709,XDCE,3785,3780,3790,4442,168111380,179874,179462,3994,3614,3804,3810,0,3783,0,0,0,2017-04-24,32417251,3785,2,0,0,0,0,0,0,0,0,3786,49,0,0,0,0,0,0,0,0
35,2017-04-24,09:00:17,760,jd1709,XDCE,3785,3780,3790,4482,169625460,179870,179462,3994,3614,3804,3810,0,3783,0,0,0,2017-04-24,32417760,3784,178,0,0,0,0,0,0,0,0,3785,18,0,0,0,0,0,0,0,0
36,2017-04-24,09:00:18,218,jd1709,XDCE,3786,3780,3790,4522,171139500,179864,179462,3994,3614,3804,3810,0,3783,0,0,0,2017-04-24,32418218,3785,20,0,0,0,0,0,0,0,0,3786,37,0,0,0,0,0,0,0,0
37,2017-04-24,09:00:18,718,jd1709,XDCE,3785,3780,3790,4526,171290920,179866,179462,3994,3614,3804,3810,0,3783,0,0,0,2017-04-24,32418718,3785,25,0,0,0,0,0,0,0,0,3786,36,0,0,0,0,0,0,0,0
38,2017-04-24,09:00:19,217,jd1709,XDCE,3786,3780,3790,4534,171593780,179872,179462,3994,3614,3804,3810,0,3783,0,0,0,2017-04-24,32419217,3785,36,0,0,0,0,0,0,0,0,3786,33,0,0,0,0,0,0,0,0
39,2017-04-24,09:00:19,712,jd1709,XDCE,3785,3780,3790,4536,171669480,179874,179462,3994,3614,3804,3810,0,3783,0,0,0,2017-04-24,32419712,3785,49,0,0,0,0,0,0,0,0,3786,33,0,0,0,0,0,0,0,0
40,2017-04-24,09:00:20,251,jd1709,XDCE,3786,3780,3790,4602,174168240,179920,179462,3994,3614,3804,3810,0,3783,0,0,0,2017-04-24,32420251,3786,19,0,0,0,0,0,0,0,0,3787,15,0,0,0,0,0,0,0,0
41,2017-04-24,09:00:20,750,jd1709,XDCE,3787,3780,3790,4638,175531560,179944,179462,3994,3614,3804,3810,0,3783,0,0,0,2017-04-24,32420750,3787,1,0,0,0,0,0,0,0,0,3788,145,0,0,0,0,0,0,0,0
42,2017-04-24,09:00:21,253,jd1709,XDCE,3788,3780,3790,4656,176213240,179954,179462,3994,3614,3804,3810,0,3783,0,0,0,2017-04-24,32421253,3786,101,0,0,0,0,0,0,0,0,3788,150,0,0,0,0,0,0,0,0
43,2017-04-24,09:00:21,724,jd1709,XDCE,3788,3780,3790,4670,176743520,179966,179462,3994,3614,3804,3810,0,3783,0,0,0,2017-04-24,32421724,3787,10,0,0,0,0,0,0,0,0,3788,144,0,0,0,0,0,0,0,0
44,2017-04-24,09:00:22,246,jd1709,XDCE,3788,3780,3790,4676,176970760,179972,179462,3994,3614,3804,3810,0,3783,0,0,0,2017-04-24,32422246,3787,24,0,0,0,0,0,0,0,0,3788,143,0,0,0,0,0,0,0,0
45,2017-04-24,09:00:22,710,jd1709,XDCE,3788,3780,3790,4732,179092020,180016,179462,3994,3614,3804,3810,0,3783,0,0,0,2017-04-24,32422710,3787,23,0,0,0,0,0,0,0,0,3788,111,0,0,0,0,0,0,0,0
46,2017-04-24,09:00:23,262,jd1709,XDCE,3788,3780,3790,4770,180531460,180048,179462,3994,3614,3804,3810,0,3783,0,0,0,2017-04-24,32423262,3787,24,0,0,0,0,0,0,0,0,3788,92,0,0,0,0,0,0,0,0
47,2017-04-24,09:00:23,734,jd1709,XDCE,3788,3780,3790,4956,187577120,180220,179462,3994,3614,3804,3810,0,3783,0,0,0,2017-04-24,32423734,3788,32,0,0,0,0,0,0,0,0,3789,22,0,0,0,0,0,0,0,0
48,2017-04-24,09:00:24,217,jd1709,XDCE,3789,3780,3790,4958,187652900,180220,179462,3994,3614,3804,3810,0,3783,0,0,0,2017-04-24,32424217,3788,41,0,0,0,0,0,0,0,0,3789,21,0,0,0,0,0,0,0,0
49,2017-04-24,09:00:24,735,jd1709,XDCE,3789,3780,3790,4980,188486460,180202,179462,3994,3614,3804,3810,0,3783,0,0,0,2017-04-24,32424735,3788,42,0,0,0,0,0,0,0,0,3789,12,0,0,0,0,0,0,0,0
50,2017-04-24,09:00:25,247,jd1709,XDCE,3789,3780,3790,5006,189471580,180204,179462,3994,3614,3804,3810,0,3783,0,0,0,2017-04-24,32425247,3789,7,0,0,0,0,0,0,0,0,3790,10,0,0,0,0,0,0,0,0
51,2017-04-24,09:00:25,729,jd1709,XDCE,3790,3780,3790,5008,189547380,180204,179462,3994,3614,3804,3810,0,3783,0,0,0,2017-04-24,32425729,3789,13,0,0,0,0,0,0,0,0,3790,10,0,0,0,0,0,0,0,0
52,2017-04-24,09:00:26,264,jd1709,XDCE,3790,3780,3790,5030,190381180,180208,179462,3994,3614,3804,3810,0,3783,0,0,0,2017-04-24,32426264,3790,1,0,0,0,0,0,0,0,0,3791,4,0,0,0,0,0,0,0,0
53,2017-04-24,09:00:26,681,jd1709,XDCE,3789,3780,3791,5056,191366480,180200,179462,3994,3614,3804,3810,0,3783,0,0,0,2017-04-24,32426681,3789,11,0,0,0,0,0,0,0,0,3791,3,0,0,0,0,0,0,0,0
54,2017-04-24,09:00:27,247,jd1709,XDCE,3788,3780,3791,5080,192275820,180186,179462,3994,3614,3804,3810,0,3783,0,0,0,2017-04-24,32427247,3788,34,0,0,0,0,0,0,0,0,3789,13,0,0,0,0,0,0,0,0
55,2017-04-24,09:00:27,764,jd1709,XDCE,3789,3780,3791,5128,194094080,180168,179462,3994,3614,3804,3810,0,3783,0,0,0,2017-04-24,32427764,3788,11,0,0,0,0,0,0,0,0,3789,16,0,0,0,0,0,0,0,0
56,2017-04-24,09:00:28,247,jd1709,XDCE,3789,3780,3791,5146,194776080,180160,179462,3994,3614,3804,3810,0,3783,0,0,0,2017-04-24,32428247,3788,11,0,0,0,0,0,0,0,0,3789,8,0,0,0,0,0,0,0,0
57,2017-04-24,09:00:28,763,jd1709,XDCE,3788,3780,3791,5180,196064080,180148,179462,3994,3614,3804,3810,0,3783,0,0,0,2017-04-24,32428763,3787,21,0,0,0,0,0,0,0,0,3788,27,0,0,0,0,0,0,0,0
58,2017-04-24,09:00:29,204,jd1709,XDCE,3788,3780,3791,5206,197048960,180164,179462,3994,3614,3804,3810,0,3783,0,0,0,2017-04-24,32429204,3787,20,0,0,0,0,0,0,0,0,3788,14,0,0,0,0,0,0,0,0
59,2017-04-24,09:00:29,764,jd1709,XDCE,3788,3780,3791,5240,198336920,180174,179462,3994,3614,3804,3810,0,3783,0,0,0,2017-04-24,32429764,3787,20,0,0,0,0,0,0,0,0,3788,3,0,0,0,0,0,0,0,0
60,2017-04-24,09:00:30,252,jd1709,XDCE,3787,3780,3791,5336,201972240,180212,179462,3994,3614,3804,3810,0,3783,0,0,0,2017-04-24,32430252,3786,94,0,0,0,0,0,0,0,0,3787,1,0,0,0,0,0,0,0,0
61,2017-04-24,09:00:30,741,jd1709,XDCE,3787,3780,3791,5348,202426640,180212,179462,3994,3614,3804,3810,0,3783,0,0,0,2017-04-24,32430741,3786,91,0,0,0,0,0,0,0,0,3787,25,0,0,0,0,0,0,0,0
62,2017-04-24,09:00:31,251,jd1709,XDCE,3790,3780,3791,5434,205684120,180216,179462,3994,3614,3804,3810,0,3783,0,0,0,2017-04-24,32431251,3789,23,0,0,0,0,0,0,0,0,3790,110,0,0,0,0,0,0,0,0
63,2017-04-24,09:00:31,764,jd1709,XDCE,3789,3780,3791,5482,207502840,180224,179462,3994,3614,3804,3810,0,3783,0,0,0,2017-04-24,32431764,3788,4,0,0,0,0,0,0,0,0,3790,110,0,0,0,0,0,0,0,0
64,2017-04-24,09:00:32,241,jd1709,XDCE,3790,3780,3791,5494,207957640,180234,179462,3994,3614,3804,3810,0,3783,0,0,0,2017-04-24,32432241,3788,156,0,0,0,0,0,0,0,0,3789,1,0,0,0,0,0,0,0,0
65,2017-04-24,09:00:32,742,jd1709,XDCE,3788,3780,3791,5500,208184940,180234,179462,3994,3614,3804,3810,0,3783,0,0,0,2017-04-24,32432742,3788,154,0,0,0,0,0,0,0,0,3790,104,0,0,0,0,0,0,0,0
66,2017-04-24,09:00:33,228,jd1709,XDCE,3788,3780,3791,5538,209624620,180250,179462,3994,3614,3804,3810,0,3783,0,0,0,2017-04-24,32433228,3788,147,0,0,0,0,0,0,0,0,3789,4,0,0,0,0,0,0,0,0
67,2017-04-24,09:00:33,753,jd1709,XDCE,3790,3780,3791,5566,210685740,180232,179462,3994,3614,3804,3810,0,3783,0,0,0,2017-04-24,32433753,3789,2,0,0,0,0,0,0,0,0,3790,112,0,0,0,0,0,0,0,0
68,2017-04-24,09:00:34,242,jd1709,XDCE,3790,3780,3791,5570,210837320,180232,179462,3994,3614,3804,3810,0,3783,0,0,0,2017-04-24,32434242,3789,3,0,0,0,0,0,0,0,0,3790,111,0,0,0,0,0,0,0,0
69,2017-04-24,09:00:34,697,jd1709,XDCE,3789,3780,3791,5586,211443700,180228,179462,3994,3614,3804,3810,0,3783,0,0,0,2017-04-24,32434697,3789,9,0,0,0,0,0,0,0,0,3790,104,0,0,0,0,0,0,0,0
70,2017-04-24,09:00:35,150,jd1709,XDCE,3790,3780,3791,5596,211822660,180230,179462,3994,3614,3804,3810,0,3783,0,0,0,2017-04-24,32435150,3789,17,0,0,0,0,0,0,0,0,3790,101,0,0,0,0,0,0,0,0
71,2017-04-24,09:00:35,666,jd1709,XDCE,3789,3780,3791,5606,212201600,180228,179462,3994,3614,3804,3810,0,3783,0,0,0,2017-04-24,32435666,3789,14,0,0,0,0,0,0,0,0,3790,99,0,0,0,0,0,0,0,0
72,2017-04-24,09:00:36,90,jd1709,XDCE,3790,3780,3791,5610,212353200,180226,179462,3994,3614,3804,3810,0,3783,0,0,0,2017-04-24,32436090,3789,14,0,0,0,0,0,0,0,0,3790,97,0,0,0,0,0,0,0,0
73,2017-04-24,09:00:36,762,jd1709,XDCE,3790,3780,3791,5632,213187000,180224,179462,3994,3614,3804,3810,0,3783,0,0,0,2017-04-24,32436762,3789,19,0,0,0,0,0,0,0,0,3790,86,0,0,0,0,0,0,0,0
74,2017-04-24,09:00:37,236,jd1709,XDCE,3790,3780,3791,5652,213944940,180224,179462,3994,3614,3804,3810,0,3783,0,0,0,2017-04-24,32437236,3789,16,0,0,0,0,0,0,0,0,3790,79,0,0,0,0,0,0,0,0
75,2017-04-24,09:00:37,715,jd1709,XDCE,3790,3780,3791,5658,214172340,180222,179462,3994,3614,3804,3810,0,3783,0,0,0,2017-04-24,32437715,3789,16,0,0,0,0,0,0,0,0,3790,76,0,0,0,0,0,0,0,0
76,2017-04-24,09:00:38,260,jd1709,XDCE,3790,3780,3791,5704,215915620,180188,179462,3994,3614,3804,3810,0,3783,0,0,0,2017-04-24,32438260,3789,11,0,0,0,0,0,0,0,0,3790,61,0,0,0,0,0,0,0,0
77,2017-04-24,09:00:38,754,jd1709,XDCE,3790,3780,3791,5716,216370380,180186,179462,3994,3614,3804,3810,0,3783,0,0,0,2017-04-24,32438754,3789,10,0,0,0,0,0,0,0,0,3790,58,0,0,0,0,0,0,0,0
78,2017-04-24,09:00:39,228,jd1709,XDCE,3790,3780,3791,5718,216446180,180186,179462,3994,3614,3804,3810,0,3783,0,0,0,2017-04-24,32439228,3789,10,0,0,0,0,0,0,0,0,3790,57,0,0,0,0,0,0,0,0
79,2017-04-24,09:00:39,761,jd1709,XDCE,3789,3780,3791,5728,216825080,180184,179462,3994,3614,3804,3810,0,3783,0,0,0,2017-04-24,32439761,3788,156,0,0,0,0,0,0,0,0,3789,3,0,0,0,0,0,0,0,0
80,2017-04-24,09:00:40,232,jd1709,XDCE,3788,3780,3791,5742,217355500,180192,179462,3994,3614,3804,3810,0,3783,0,0,0,2017-04-24,32440232,3788,158,0,0,0,0,0,0,0,0,3790,57,0,0,0,0,0,0,0,0
81,2017-04-24,09:00:40,753,jd1709,XDCE,3790,3780,3791,5758,217961860,180194,179462,3994,3614,3804,3810,0,3783,0,0,0,2017-04-24,32440753,3788,158,0,0,0,0,0,0,0,0,3790,52,0,0,0,0,0,0,0,0
82,2017-04-24,09:00:41,228,jd1709,XDCE,3790,3780,3791,5760,218037660,180194,179462,3994,3614,3804,3810,0,3783,0,0,0,2017-04-24,32441228,3789,1,0,0,0,0,0,0,0,0,3790,51,0,0,0,0,0,0,0,0
83,2017-04-24,09:00:41,662,jd1709,XDCE,3790,3780,3791,5810,219932660,180148,179462,3994,3614,3804,3810,0,3783,0,0,0,2017-04-24,32441662,3789,9,0,0,0,0,0,0,0,0,3790,27,0,0,0,0,0,0,0,0
84,2017-04-24,09:00:42,254,jd1709,XDCE,3790,3780,3791,5938,224782640,180250,179462,3994,3614,3804,3810,0,3783,0,0,0,2017-04-24,32442254,3788,155,0,0,0,0,0,0,0,0,3790,24,0,0,0,0,0,0,0,0
85,2017-04-24,09:00:42,764,jd1709,XDCE,3789,3780,3791,5956,225464800,180262,179462,3994,3614,3804,3810,0,3783,0,0,0,2017-04-24,32442764,3789,23,0,0,0,0,0,0,0,0,3790,17,0,0,0,0,0,0,0,0
86,2017-04-24,09:00:43,151,jd1709,XDCE,3790,3780,3791,5962,225692180,180264,179462,3994,3614,3804,3810,0,3783,0,0,0,2017-04-24,32443151,3789,22,0,0,0,0,0,0,0,0,3790,16,0,0,0,0,0,0,0,0
87,2017-04-24,09:00:43,754,jd1709,XDCE,3791,3780,3791,6002,227208220,180258,179462,3994,3614,3804,3810,0,3783,0,0,0,2017-04-24,32443754,3791,1,0,0,0,0,0,0,0,0,3792,19,0,0,0,0,0,0,0,0
88,2017-04-24,09:00:44,241,jd1709,XDCE,3790,3780,3791,6006,227359840,180256,179462,3994,3614,3804,3810,0,3783,0,0,0,2017-04-24,32444241,3790,89,0,0,0,0,0,0,0,0,3792,19,0,0,0,0,0,0,0,0
89,2017-04-24,09:00:44,763,jd1709,XDCE,3790,3780,3791,6116,231528840,180156,179462,3994,3614,3804,3810,0,3783,0,0,0,2017-04-24,32444763,3790,35,0,0,0,0,0,0,0,0,3792,20,0,0,0,0,0,0,0,0
90,2017-04-24,09:00:45,263,jd1709,XDCE,3788,3780,3791,6516,246682900,180154,179462,3994,3614,3804,3810,0,3783,0,0,0,2017-04-24,32445263,3788,12,0,0,0,0,0,0,0,0,3791,46,0,0,0,0,0,0,0,0
91,2017-04-24,09:00:45,763,jd1709,XDCE,3788,3780,3791,6532,247288980,180158,179462,3994,3614,3804,3810,0,3783,0,0,0,2017-04-24,32445763,3788,4,0,0,0,0,0,0,0,0,3790,12,0,0,0,0,0,0,0,0
92,2017-04-24,09:00:46,125,jd1709,XDCE,3789,3780,3791,6542,247667960,180158,179462,3994,3614,3804,3810,0,3783,0,0,0,2017-04-24,32446125,3788,4,0,0,0,0,0,0,0,0,3790,8,0,0,0,0,0,0,0,0
93,2017-04-24,09:00:46,722,jd1709,XDCE,3789,3780,3791,6568,248653260,180168,179462,3994,3614,3804,3810,0,3783,0,0,0,2017-04-24,32446722,3789,7,0,0,0,0,0,0,0,0,3791,46,0,0,0,0,0,0,0,0
94,2017-04-24,09:00:47,235,jd1709,XDCE,3789,3780,3791,6570,248729040,180170,179462,3994,3614,3804,3810,0,3783,0,0,0,2017-04-24,32447235,3789,6,0,0,0,0,0,0,0,0,3791,46,0,0,0,0,0,0,0,0
95,2017-04-24,09:00:47,740,jd1709,XDCE,3790,3780,3791,6592,249562900,180162,179462,3994,3614,3804,3810,0,3783,0,0,0,2017-04-24,32447740,3789,9,0,0,0,0,0,0,0,0,3790,3,0,0,0,0,0,0,0,0
96,2017-04-24,09:00:48,261,jd1709,XDCE,3790,3780,3791,6592,249562900,180162,179462,3994,3614,3804,3810,0,3783,0,0,0,2017-04-24,32448261,3789,9,0,0,0,0,0,0,0,0,3790,6,0,0,0,0,0,0,0,0
97,2017-04-24,09:00:48,756,jd1709,XDCE,3789,3780,3791,6638,251306240,180128,179462,3994,3614,3804,3810,0,3783,0,0,0,2017-04-24,32448756,3790,2,0,0,0,0,0,0,0,0,3791,38,0,0,0,0,0,0,0,0
98,2017-04-24,09:00:49,206,jd1709,XDCE,3790,3780,3791,6644,251533660,180124,179462,3994,3614,3804,3810,0,3783,0,0,0,2017-04-24,32449206,3788,15,0,0,0,0,0,0,0,0,3790,2,0,0,0,0,0,0,0,0
99,2017-04-24,09:00:49,740,jd1709,XDCE,3790,3780,3791,6650,251761060,180126,179462,3994,3614,3804,3810,0,3783,0,0,0,2017-04-24,32449740,3788,15,0,0,0,0,0,0,0,0,3790,51,0,0,0,0,0,0,0,0
100,2017-04-24,09:00:50,194,jd1709,XDCE,3788,3780,3791,6710,254033860,180162,179462,3994,3614,3804,3810,0,3783,0,0,0,2017-04-24,32450194,3788,21,0,0,0,0,0,0,0,0,3790,57,0,0,0,0,0,0,0,0
101,2017-04-24,09:00:50,663,jd1709,XDCE,3789,3780,3791,6718,254337040,180168,179462,3994,3614,3804,3810,0,3783,0,0,0,2017-04-24,32450663,3788,26,0,0,0,0,0,0,0,0,3789,2,0,0,0,0,0,0,0,0
102,2017-04-24,09:00:51,198,jd1709,XDCE,3789,3780,3791,6726,254640160,180172,179462,3994,3614,3804,3810,0,3783,0,0,0,2017-04-24,32451198,3789,8,0,0,0,0,0,0,0,0,3790,60,0,0,0,0,0,0,0,0
103,2017-04-24,09:00:51,758,jd1709,XDCE,3788,3780,3791,6758,255852620,180162,179462,3994,3614,3804,3810,0,3783,0,0,0,2017-04-24,32451758,3788,15,0,0,0,0,0,0,0,0,3789,13,0,0,0,0,0,0,0,0
104,2017-04-24,09:00:52,249,jd1709,XDCE,3789,3780,3791,6764,256079960,180158,179462,3994,3614,3804,3810,0,3783,0,0,0,2017-04-24,32452249,3788,15,0,0,0,0,0,0,0,0,3789,10,0,0,0,0,0,0,0,0
105,2017-04-24,09:00:52,702,jd1709,XDCE,3788,3780,3791,6770,256307280,180156,179462,3994,3614,3804,3810,0,3783,0,0,0,2017-04-24,32452702,3788,26,0,0,0,0,0,0,0,0,3789,13,0,0,0,0,0,0,0,0
106,2017-04-24,09:00:53,230,jd1709,XDCE,3788,3780,3791,6804,257595520,180160,179462,3994,3614,3804,3810,0,3783,0,0,0,2017-04-24,32453230,3788,25,0,0,0,0,0,0,0,0,3789,3,0,0,0,0,0,0,0,0
107,2017-04-24,09:00:53,719,jd1709,XDCE,3789,3780,3791,6816,258050120,180160,179462,3994,3614,3804,3810,0,3783,0,0,0,2017-04-24,32453719,3788,23,0,0,0,0,0,0,0,0,3789,5,0,0,0,0,0,0,0,0
108,2017-04-24,09:00:54,244,jd1709,XDCE,3789,3780,3791,6836,258807820,180170,179462,3994,3614,3804,3810,0,3783,0,0,0,2017-04-24,32454244,3788,21,0,0,0,0,0,0,0,0,3789,24,0,0,0,0,0,0,0,0
109,2017-04-24,09:00:54,687,jd1709,XDCE,3788,3780,3791,6842,259035120,180174,179462,3994,3614,3804,3810,0,3783,0,0,0,2017-04-24,32454687,3788,19,0,0,0,0,0,0,0,0,3789,29,0,0,0,0,0,0,0,0
110,2017-04-24,09:00:55,259,jd1709,XDCE,3789,3780,3791,6848,259262440,180174,179462,3994,3614,3804,3810,0,3783,0,0,0,2017-04-24,32455259,3788,23,0,0,0,0,0,0,0,0,3789,27,0,0,0,0,0,0,0,0
111,2017-04-24,09:00:55,582,jd1709,XDCE,3789,3780,3791,6856,259565540,180170,179462,3994,3614,3804,3810,0,3783,0,0,0,2017-04-24,32455582,3788,22,0,0,0,0,0,0,0,0,3789,24,0,0,0,0,0,0,0,0
112,2017-04-24,09:00:56,249,jd1709,XDCE,3788,3780,3791,6862,259792840,180172,179462,3994,3614,3804,3810,0,3783,0,0,0,2017-04-24,32456249,3788,20,0,0,0,0,0,0,0,0,3789,24,0,0,0,0,0,0,0,0
113,2017-04-24,09:00:56,761,jd1709,XDCE,3789,3780,3791,6864,259868620,180172,179462,3994,3614,3804,3810,0,3783,0,0,0,2017-04-24,32456761,3788,21,0,0,0,0,0,0,0,0,3789,23,0,0,0,0,0,0,0,0
114,2017-04-24,09:00:57,198,jd1709,XDCE,3789,3780,3791,6910,261611560,180174,179462,3994,3614,3804,3810,0,3783,0,0,0,2017-04-24,32457198,3789,7,0,0,0,0,0,0,0,0,3790,69,0,0,0,0,0,0,0,0
115,2017-04-24,09:00:57,761,jd1709,XDCE,3789,3780,3791,6912,261687340,180176,179462,3994,3614,3804,3810,0,3783,0,0,0,2017-04-24,32457761,3789,7,0,0,0,0,0,0,0,0,3790,69,0,0,0,0,0,0,0,0
116,2017-04-24,09:00:58,724,jd1709,XDCE,3788,3780,3791,6946,262975580,180192,179462,3994,3614,3804,3810,0,3783,0,0,0,2017-04-24,32458724,3788,27,0,0,0,0,0,0,0,0,3789,15,0,0,0,0,0,0,0,0
117,2017-04-24,09:00:59,238,jd1709,XDCE,3788,3780,3791,6956,263354380,180200,179462,3994,3614,3804,3810,0,3783,0,0,0,2017-04-24,32459238,3788,28,0,0,0,0,0,0,0,0,3789,15,0,0,0,0,0,0,0,0
118,2017-04-24,09:00:59,728,jd1709,XDCE,3789,3780,3791,6968,263809060,180210,179462,3994,3614,3804,3810,0,3783,0,0,0,2017-04-24,32459728,3788,30,0,0,0,0,0,0,0,0,3789,10,0,0,0,0,0,0,0,0
119,2017-04-24,09:01:00,228,jd1709,XDCE,3788,3780,3791,6974,264036380,180208,179462,3994,3614,3804,3810,0,3783,0,0,0,2017-04-24,32460228,3788,29,0,0,0,0,0,0,0,0,3789,8,0,0,0,0,0,0,0,0
120,2017-04-24,09:01:00,743,jd1709,XDCE,3789,3780,3791,7002,265097060,180218,179462,3994,3614,3804,3810,0,3783,0,0,0,2017-04-24,32460743,3788,12,0,0,0,0,0,0,0,0,3789,25,0,0,0,0,0,0,0,0
121,2017-04-24,09:01:01,207,jd1709,XDCE,3788,3780,3791,7026,266006180,180226,179462,3994,3614,3804,3810,0,3783,0,0,0,2017-04-24,32461207,3787,67,0,0,0,0,0,0,0,0,3788,1,0,0,0,0,0,0,0,0
122,2017-04-24,09:01:01,745,jd1709,XDCE,3789,3780,3791,7042,266612300,180228,179462,3994,3614,3804,3810,0,3783,0,0,0,2017-04-24,32461745,3787,66,0,0,0,0,0,0,0,0,3789,25,0,0,0,0,0,0,0,0
123,2017-04-24,09:01:02,178,jd1709,XDCE,3787,3780,3791,7062,267369700,180240,179462,3994,3614,3804,3810,0,3783,0,0,0,2017-04-24,32462178,3787,55,0,0,0,0,0,0,0,0,3789,27,0,0,0,0,0,0,0,0
124,2017-04-24,09:01:02,719,jd1709,XDCE,3787,3780,3791,7074,267824180,180242,179462,3994,3614,3804,3810,0,3783,0,0,0,2017-04-24,32462719,3787,50,0,0,0,0,0,0,0,0,3789,26,0,0,0,0,0,0,0,0
125,2017-04-24,09:01:03,231,jd1709,XDCE,3789,3780,3791,7088,268354540,180246,179462,3994,3614,3804,3810,0,3783,0,0,0,2017-04-24,32463231,3787,48,0,0,0,0,0,0,0,0,3789,23,0,0,0,0,0,0,0,0
126,2017-04-24,09:01:03,761,jd1709,XDCE,3787,3780,3791,7102,268884800,180246,179462,3994,3614,3804,3810,0,3783,0,0,0,2017-04-24,32463761,3787,44,0,0,0,0,0,0,0,0,3789,23,0,0,0,0,0,0,0,0
127,2017-04-24,09:01:04,698,jd1709,XDCE,3787,3780,3791,7116,269415220,180240,179462,3994,3614,3804,3810,0,3783,0,0,0,2017-04-24,32464698,3788,3,0,0,0,0,0,0,0,0,3789,17,0,0,0,0,0,0,0,0
128,2017-04-24,09:01:05,193,jd1709,XDCE,3789,3780,3791,7138,270248520,180238,179462,3994,3614,3804,3810,0,3783,0,0,0,2017-04-24,32465193,3787,42,0,0,0,0,0,0,0,0,3789,13,0,0,0,0,0,0,0,0
129,2017-04-24,09:01:05,763,jd1709,XDCE,3789,3780,3791,7164,271233660,180240,179462,3994,3614,3804,3810,0,3783,0,0,0,2017-04-24,32465763,3787,115,0,0,0,0,0,0,0,0,3790,95,0,0,0,0,0,0,0,0
130,2017-04-24,09:01:06,211,jd1709,XDCE,3789,3780,3791,7174,271612560,180238,179462,3994,3614,3804,3810,0,3783,0,0,0,2017-04-24,32466211,3787,114,0,0,0,0,0,0,0,0,3789,3,0,0,0,0,0,0,0,0
131,2017-04-24,09:01:06,764,jd1709,XDCE,3789,3780,3791,7176,271688340,180236,179462,3994,3614,3804,3810,0,3783,0,0,0,2017-04-24,32466764,3787,114,0,0,0,0,0,0,0,0,3789,2,0,0,0,0,0,0,0,0
132,2017-04-24,09:01:07,263,jd1709,XDCE,3787,3780,3791,7204,272748700,180210,179462,3994,3614,3804,3810,0,3783,0,0,0,2017-04-24,32467263,3787,101,0,0,0,0,0,0,0,0,3789,2,0,0,0,0,0,0,0,0
133,2017-04-24,09:01:07,705,jd1709,XDCE,3787,3780,3791,7232,273809100,180206,179462,3994,3614,3804,3810,0,3783,0,0,0,2017-04-24,32467705,3787,89,0,0,0,0,0,0,0,0,3789,5,0,0,0,0,0,0,0,0
134,2017-04-24,09:01:08,163,jd1709,XDCE,3787,3780,3791,7234,273884840,180204,179462,3994,3614,3804,3810,0,3783,0,0,0,2017-04-24,32468163,3788,4,0,0,0,0,0,0,0,0,3789,10,0,0,0,0,0,0,0,0
135,2017-04-24,09:01:08,711,jd1709,XDCE,3789,3780,3791,7254,274642640,180188,179462,3994,3614,3804,3810,0,3783,0,0,0,2017-04-24,32468711,3789,42,0,0,0,0,0,0,0,0,3790,116,0,0,0,0,0,0,0,0
136,2017-04-24,09:01:09,257,jd1709,XDCE,3789,3780,3791,7260,274870000,180190,179462,3994,3614,3804,3810,0,3783,0,0,0,2017-04-24,32469257,3789,47,0,0,0,0,0,0,0,0,3790,115,0,0,0,0,0,0,0,0
137,2017-04-24,09:01:09,637,jd1709,XDCE,3790,3780,3791,7272,275324720,180184,179462,3994,3614,3804,3810,0,3783,0,0,0,2017-04-24,32469637,3789,43,0,0,0,0,0,0,0,0,3790,113,0,0,0,0,0,0,0,0
138,2017-04-24,09:01:10,179,jd1709,XDCE,3790,3780,3791,7274,275400520,180184,179462,3994,3614,3804,3810,0,3783,0,0,0,2017-04-24,32470179,3789,44,0,0,0,0,0,0,0,0,3790,112,0,0,0,0,0,0,0,0
139,2017-04-24,09:01:10,754,jd1709,XDCE,3789,3780,3791,7304,276537220,180180,179462,3994,3614,3804,3810,0,3783,0,0,0,2017-04-24,32470754,3789,33,0,0,0,0,0,0,0,0,3790,113,0,0,0,0,0,0,0,0
140,2017-04-24,09:01:11,260,jd1709,XDCE,3789,3780,3791,7344,278052820,180162,179462,3994,3614,3804,3810,0,3783,0,0,0,2017-04-24,32471260,3789,14,0,0,0,0,0,0,0,0,3790,116,0,0,0,0,0,0,0,0
141,2017-04-24,09:01:11,736,jd1709,XDCE,3789,3780,3791,7346,278128600,180160,179462,3994,3614,3804,3810,0,3783,0,0,0,2017-04-24,32471736,3789,14,0,0,0,0,0,0,0,0,3790,116,0,0,0,0,0,0,0,0
142,2017-04-24,09:01:12,166,jd1709,XDCE,3789,3780,3791,7348,278204380,180160,179462,3994,3614,3804,3810,0,3783,0,0,0,2017-04-24,32472166,3789,14,0,0,0,0,0,0,0,0,3790,116,0,0,0,0,0,0,0,0
143,2017-04-24,09:01:12,763,jd1709,XDCE,3789,3780,3791,7348,278204380,180160,179462,3994,3614,3804,3810,0,3783,0,0,0,2017-04-24,32472763,3789,14,0,0,0,0,0,0,0,0,3790,118,0,0,0,0,0,0,0,0
144,2017-04-24,09:01:13,226,jd1709,XDCE,3789,3780,3791,7362,278734880,180174,179462,3994,3614,3804,3810,0,3783,0,0,0,2017-04-24,32473226,3789,10,0,0,0,0,0,0,0,0,3790,116,0,0,0,0,0,0,0,0
145,2017-04-24,09:01:13,695,jd1709,XDCE,3789,3780,3791,7384,279568460,180172,179462,3994,3614,3804,3810,0,3783,0,0,0,2017-04-24,32473695,3788,5,0,0,0,0,0,0,0,0,3789,3,0,0,0,0,0,0,0,0
146,2017-04-24,09:01:14,245,jd1709,XDCE,3789,3780,3791,7386,279644240,180172,179462,3994,3614,3804,3810,0,3783,0,0,0,2017-04-24,32474245,3788,5,0,0,0,0,0,0,0,0,3789,2,0,0,0,0,0,0,0,0
147,2017-04-24,09:01:14,682,jd1709,XDCE,3789,3780,3791,7390,279795800,180170,179462,3994,3614,3804,3810,0,3783,0,0,0,2017-04-24,32474682,3788,71,0,0,0,0,0,0,0,0,3790,108,0,0,0,0,0,0,0,0
148,2017-04-24,09:01:15,163,jd1709,XDCE,3789,3780,3791,7404,280326380,180180,179462,3994,3614,3804,3810,0,3783,0,0,0,2017-04-24,32475163,3789,12,0,0,0,0,0,0,0,0,3790,102,0,0,0,0,0,0,0,0
149,2017-04-24,09:01:15,687,jd1709,XDCE,3789,3780,3791,7404,280326380,180180,179462,3994,3614,3804,3810,0,3783,0,0,0,2017-04-24,32475687,3789,13,0,0,0,0,0,0,0,0,3790,102,0,0,0,0,0,0,0,0
150,2017-04-24,09:01:16,174,jd1709,XDCE,3789,3780,3791,7458,282372440,180216,179462,3994,3614,3804,3810,0,3783,0,0,0,2017-04-24,32476174,3788,137,0,0,0,0,0,0,0,0,3789,3,0,0,0,0,0,0,0,0
151,2017-04-24,09:01:16,762,jd1709,XDCE,3789,3780,3791,7472,282902940,180216,179462,3994,3614,3804,3810,0,3783,0,0,0,2017-04-24,32476762,3789,4,0,0,0,0,0,0,0,0,3790,98,0,0,0,0,0,0,0,0
152,2017-04-24,09:01:17,243,jd1709,XDCE,3790,3780,3791,7474,282978740,180218,179462,3994,3614,3804,3810,0,3783,0,0,0,2017-04-24,32477243,3789,6,0,0,0,0,0,0,0,0,3790,97,0,0,0,0,0,0,0,0
153,2017-04-24,09:01:17,706,jd1709,XDCE,3790,3780,3791,7510,284343140,180254,179462,3994,3614,3804,3810,0,3783,0,0,0,2017-04-24,32477706,3789,6,0,0,0,0,0,0,0,0,3790,80,0,0,0,0,0,0,0,0
154,2017-04-24,09:01:18,219,jd1709,XDCE,3790,3780,3791,7514,284494720,180254,179462,3994,3614,3804,3810,0,3783,0,0,0,2017-04-24,32478219,3789,5,0,0,0,0,0,0,0,0,3790,79,0,0,0,0,0,0,0,0
155,2017-04-24,09:01:18,723,jd1709,XDCE,3789,3780,3791,7536,285328300,180258,179462,3994,3614,3804,3810,0,3783,0,0,0,2017-04-24,32478723,3788,143,0,0,0,0,0,0,0,0,3789,16,0,0,0,0,0,0,0,0
156,2017-04-24,09:01:19,246,jd1709,XDCE,3789,3780,3791,7540,285479860,180260,179462,3994,3614,3804,3810,0,3783,0,0,0,2017-04-24,32479246,3788,144,0,0,0,0,0,0,0,0,3789,16,0,0,0,0,0,0,0,0
157,2017-04-24,09:01:19,663,jd1709,XDCE,3788,3780,3791,7544,285631380,180262,179462,3994,3614,3804,3810,0,3783,0,0,0,2017-04-24,32479663,3788,141,0,0,0,0,0,0,0,0,3789,26,0,0,0,0,0,0,0,0
158,2017-04-24,09:01:20,236,jd1709,XDCE,3789,3780,3791,7560,286237500,180256,179462,3994,3614,3804,3810,0,3783,0,0,0,2017-04-24,32480236,3788,135,0,0,0,0,0,0,0,0,3789,24,0,0,0,0,0,0,0,0
159,2017-04-24,09:01:20,717,jd1709,XDCE,3789,3780,3791,7560,286237500,180256,179462,3994,3614,3804,3810,0,3783,0,0,0,2017-04-24,32480717,3788,135,0,0,0,0,0,0,0,0,3789,26,0,0,0,0,0,0,0,0
160,2017-04-24,09:01:21,252,jd1709,XDCE,3788,3780,3791,7566,286464780,180250,179462,3994,3614,3804,3810,0,3783,0,0,0,2017-04-24,32481252,3788,132,0,0,0,0,0,0,0,0,3789,31,0,0,0,0,0,0,0,0
161,2017-04-24,09:01:21,676,jd1709,XDCE,3789,3780,3791,7568,286540560,180252,179462,3994,3614,3804,3810,0,3783,0,0,0,2017-04-24,32481676,3788,132,0,0,0,0,0,0,0,0,3789,30,0,0,0,0,0,0,0,0
162,2017-04-24,09:01:22,191,jd1709,XDCE,3789,3780,3791,7592,287449760,180258,179462,3994,3614,3804,3810,0,3783,0,0,0,2017-04-24,32482191,3788,119,0,0,0,0,0,0,0,0,3789,26,0,0,0,0,0,0,0,0
163,2017-04-24,09:01:22,620,jd1709,XDCE,3789,3780,3791,7598,287677100,180264,179462,3994,3614,3804,3810,0,3783,0,0,0,2017-04-24,32482620,3788,119,0,0,0,0,0,0,0,0,3789,23,0,0,0,0,0,0,0,0
164,2017-04-24,09:01:23,148,jd1709,XDCE,3789,3780,3791,7604,287904420,180264,179462,3994,3614,3804,3810,0,3783,0,0,0,2017-04-24,32483148,3788,118,0,0,0,0,0,0,0,0,3789,21,0,0,0,0,0,0,0,0
165,2017-04-24,09:01:23,722,jd1709,XDCE,3789,3780,3791,7620,288510560,180270,179462,3994,3614,3804,3810,0,3783,0,0,0,2017-04-24,32483722,3788,113,0,0,0,0,0,0,0,0,3789,19,0,0,0,0,0,0,0,0
166,2017-04-24,09:01:23,929,jd1709,XDCE,3788,3780,3791,7630,288889360,180260,179462,3994,3614,3804,3810,0,3783,0,0,0,2017-04-24,32483929,3788,108,0,0,0,0,0,0,0,0,3789,19,0,0,0,0,0,0,0,0
167,2017-04-24,09:01:24,717,jd1709,XDCE,3788,3780,3791,7642,289343940,180262,179462,3994,3614,3804,3810,0,3783,0,0,0,2017-04-24,32484717,3788,103,0,0,0,0,0,0,0,0,3789,18,0,0,0,0,0,0,0,0
168,2017-04-24,09:01:25,131,jd1709,XDCE,3788,3780,3791,7646,289495480,180262,179462,3994,3614,3804,3810,0,3783,0,0,0,2017-04-24,32485131,3788,101,0,0,0,0,0,0,0,0,3789,18,0,0,0,0,0,0,0,0
169,2017-04-24,09:01:25,644,jd1709,XDCE,3789,3780,3791,7660,290025900,180260,179462,3994,3614,3804,3810,0,3783,0,0,0,2017-04-24,32485644,3788,99,0,0,0,0,0,0,0,0,3789,13,0,0,0,0,0,0,0,0
170,2017-04-24,09:01:26,258,jd1709,XDCE,3789,3780,3791,7666,290253200,180262,179462,3994,3614,3804,3810,0,3783,0,0,0,2017-04-24,32486258,3788,97,0,0,0,0,0,0,0,0,3789,12,0,0,0,0,0,0,0,0
171,2017-04-24,09:01:26,758,jd1709,XDCE,3789,3780,3791,7668,290328980,180264,179462,3994,3614,3804,3810,0,3783,0,0,0,2017-04-24,32486758,3788,97,0,0,0,0,0,0,0,0,3789,13,0,0,0,0,0,0,0,0
172,2017-04-24,09:01:27,227,jd1709,XDCE,3789,3780,3791,7668,290328980,180264,179462,3994,3614,3804,3810,0,3783,0,0,0,2017-04-24,32487227,3788,99,0,0,0,0,0,0,0,0,3789,14,0,0,0,0,0,0,0,0
173,2017-04-24,09:01:27,704,jd1709,XDCE,3788,3780,3791,7720,292299440,180270,179462,3994,3614,3804,3810,0,3783,0,0,0,2017-04-24,32487704,3788,100,0,0,0,0,0,0,0,0,3790,87,0,0,0,0,0,0,0,0
174,2017-04-24,09:01:28,232,jd1709,XDCE,3790,3780,3791,7722,292375240,180270,179462,3994,3614,3804,3810,0,3783,0,0,0,2017-04-24,32488232,3789,12,0,0,0,0,0,0,0,0,3790,86,0,0,0,0,0,0,0,0
175,2017-04-24,09:01:28,646,jd1709,XDCE,3789,3780,3791,7746,293284600,180280,179462,3994,3614,3804,3810,0,3783,0,0,0,2017-04-24,32488646,3788,98,0,0,0,0,0,0,0,0,3790,86,0,0,0,0,0,0,0,0
176,2017-04-24,09:01:29,237,jd1709,XDCE,3789,3780,3791,7746,293284600,180280,179462,3994,3614,3804,3810,0,3783,0,0,0,2017-04-24,32489237,3788,105,0,0,0,0,0,0,0,0,3789,7,0,0,0,0,0,0,0,0
177,2017-04-24,09:01:29,662,jd1709,XDCE,3789,3780,3791,7760,293815060,180282,179462,3994,3614,3804,3810,0,3783,0,0,0,2017-04-24,32489662,3789,4,0,0,0,0,0,0,0,0,3790,86,0,0,0,0,0,0,0,0
178,2017-04-24,09:01:30,138,jd1709,XDCE,3789,3780,3791,7760,293815060,180282,179462,3994,3614,3804,3810,0,3783,0,0,0,2017-04-24,32490138,3789,6,0,0,0,0,0,0,0,0,3790,86,0,0,0,0,0,0,0,0
179,2017-04-24,09:01:30,733,jd1709,XDCE,3789,3780,3791,7772,294269740,180278,179462,3994,3614,3804,3810,0,3783,0,0,0,2017-04-24,32490733,3788,109,0,0,0,0,0,0,0,0,3790,95,0,0,0,0,0,0,0,0
180,2017-04-24,09:01:31,54,jd1709,XDCE,3789,3780,3791,7772,294269740,180278,179462,3994,3614,3804,3810,0,3783,0,0,0,2017-04-24,32491054,3788,124,0,0,0,0,0,0,0,0,3790,95,0,0,0,0,0,0,0,0
181,2017-04-24,09:01:31,717,jd1709,XDCE,3789,3780,3791,7776,294421280,180280,179462,3994,3614,3804,3810,0,3783,0,0,0,2017-04-24,32491717,3788,123,0,0,0,0,0,0,0,0,3789,2,0,0,0,0,0,0,0,0
182,2017-04-24,09:01:32,183,jd1709,XDCE,3789,3780,3791,7778,294497060,180278,179462,3994,3614,3804,3810,0,3783,0,0,0,2017-04-24,32492183,3788,123,0,0,0,0,0,0,0,0,3789,1,0,0,0,0,0,0,0,0
183,2017-04-24,09:01:32,710,jd1709,XDCE,3789,3780,3791,7806,295557940,180276,179462,3994,3614,3804,3810,0,3783,0,0,0,2017-04-24,32492710,3788,125,0,0,0,0,0,0,0,0,3789,22,0,0,0,0,0,0,0,0
184,2017-04-24,09:01:32,978,jd1709,XDCE,3789,3780,3791,7808,295633720,180278,179462,3994,3614,3804,3810,0,3783,0,0,0,2017-04-24,32492978,3788,125,0,0,0,0,0,0,0,0,3789,21,0,0,0,0,0,0,0,0
185,2017-04-24,09:01:33,755,jd1709,XDCE,3789,3780,3791,7818,296012620,180282,179462,3994,3614,3804,3810,0,3783,0,0,0,2017-04-24,32493755,3788,130,0,0,0,0,0,0,0,0,3789,17,0,0,0,0,0,0,0,0
186,2017-04-24,09:01:33,928,jd1709,XDCE,3788,3780,3791,7838,296770220,180282,179462,3994,3614,3804,3810,0,3783,0,0,0,2017-04-24,32493928,3788,120,0,0,0,0,0,0,0,0,3789,17,0,0,0,0,0,0,0,0
187,2017-04-24,09:01:34,506,jd1709,XDCE,3788,3780,3791,7838,296770220,180282,179462,3994,3614,3804,3810,0,3783,0,0,0,2017-04-24,32494506,3788,122,0,0,0,0,0,0,0,0,3789,17,0,0,0,0,0,0,0,0
188,2017-04-24,09:01:35,204,jd1709,XDCE,3788,3780,3791,7860,297603580,180260,179462,3994,3614,3804,3810,0,3783,0,0,0,2017-04-24,32495204,3788,112,0,0,0,0,0,0,0,0,3789,18,0,0,0,0,0,0,0,0
189,2017-04-24,09:01:35,750,jd1709,XDCE,3789,3780,3791,7862,297679360,180260,179462,3994,3614,3804,3810,0,3783,0,0,0,2017-04-24,32495750,3788,112,0,0,0,0,0,0,0,0,3789,17,0,0,0,0,0,0,0,0
190,2017-04-24,09:01:36,167,jd1709,XDCE,3789,3780,3791,7864,297755140,180262,179462,3994,3614,3804,3810,0,3783,0,0,0,2017-04-24,32496167,3788,113,0,0,0,0,0,0,0,0,3789,16,0,0,0,0,0,0,0,0
191,2017-04-24,09:01:36,621,jd1709,XDCE,3789,3780,3791,7866,297830920,180264,179462,3994,3614,3804,3810,0,3783,0,0,0,2017-04-24,32496621,3788,113,0,0,0,0,0,0,0,0,3789,15,0,0,0,0,0,0,0,0
192,2017-04-24,09:01:37,254,jd1709,XDCE,3789,3780,3791,7868,297906700,180264,179462,3994,3614,3804,3810,0,3783,0,0,0,2017-04-24,32497254,3788,114,0,0,0,0,0,0,0,0,3789,14,0,0,0,0,0,0,0,0
193,2017-04-24,09:01:37,623,jd1709,XDCE,3789,3780,3791,7868,297906700,180264,179462,3994,3614,3804,3810,0,3783,0,0,0,2017-04-24,32497623,3788,115,0,0,0,0,0,0,0,0,3789,14,0,0,0,0,0,0,0,0
194,2017-04-24,09:01:38,256,jd1709,XDCE,3788,3780,3791,7908,299422060,180280,179462,3994,3614,3804,3810,0,3783,0,0,0,2017-04-24,32498256,3788,103,0,0,0,0,0,0,0,0,3789,6,0,0,0,0,0,0,0,0
195,2017-04-24,09:01:38,748,jd1709,XDCE,3789,3780,3791,7940,300634540,180290,179462,3994,3614,3804,3810,0,3783,0,0,0,2017-04-24,32498748,3789,26,0,0,0,0,0,0,0,0,3790,150,0,0,0,0,0,0,0,0
196,2017-04-24,09:01:39,102,jd1709,XDCE,3789,3780,3791,7946,300861880,180296,179462,3994,3614,3804,3810,0,3783,0,0,0,2017-04-24,32499102,3789,23,0,0,0,0,0,0,0,0,3790,150,0,0,0,0,0,0,0,0
197,2017-04-24,09:01:39,597,jd1709,XDCE,3789,3780,3791,7948,300937660,180298,179462,3994,3614,3804,3810,0,3783,0,0,0,2017-04-24,32499597,3789,23,0,0,0,0,0,0,0,0,3790,150,0,0,0,0,0,0,0,0
198,2017-04-24,09:01:40,225,jd1709,XDCE,3788,3780,3791,8034,304195800,180344,179462,3994,3614,3804,3810,0,3783,0,0,0,2017-04-24,32500225,3788,85,0,0,0,0,0,0,0,0,3790,153,0,0,0,0,0,0,0,0
199,2017-04-24,09:01:40,680,jd1709,XDCE,3790,3780,3791,8144,308364120,180298,179462,3994,3614,3804,3810,0,3783,0,0,0,2017-04-24,32500680,3788,86,0,0,0,0,0,0,0,0,3790,139,0,0,0,0,0,0,0,0
200,2017-04-24,09:01:41,213,jd1709,XDCE,3789,3780,3791,8164,309121820,180286,179462,3994,3614,3804,3810,0,3783,0,0,0,2017-04-24,32501213,3788,76,0,0,0,0,0,0,0,0,3789,3,0,0,0,0,0,0,0,0
201,2017-04-24,09:01:41,638,jd1709,XDCE,3789,3780,3791,8168,309273380,180282,179462,3994,3614,3804,3810,0,3783,0,0,0,2017-04-24,32501638,3788,77,0,0,0,0,0,0,0,0,3789,4,0,0,0,0,0,0,0,0
202,2017-04-24,09:01:42,94,jd1709,XDCE,3788,3780,3791,8170,309349140,180282,179462,3994,3614,3804,3810,0,3783,0,0,0,2017-04-24,32502094,3788,78,0,0,0,0,0,0,0,0,3789,4,0,0,0,0,0,0,0,0
203,2017-04-24,09:01:42,694,jd1709,XDCE,3789,3780,3791,8214,311015900,180242,179462,3994,3614,3804,3810,0,3783,0,0,0,2017-04-24,32502694,3788,58,0,0,0,0,0,0,0,0,3789,7,0,0,0,0,0,0,0,0
204,2017-04-24,09:01:43,175,jd1709,XDCE,3789,3780,3791,8214,311015900,180242,179462,3994,3614,3804,3810,0,3783,0,0,0,2017-04-24,32503175,3788,59,0,0,0,0,0,0,0,0,3789,10,0,0,0,0,0,0,0,0
205,2017-04-24,09:01:43,743,jd1709,XDCE,3788,3780,3791,8226,311470460,180242,179462,3994,3614,3804,3810,0,3783,0,0,0,2017-04-24,32503743,3788,53,0,0,0,0,0,0,0,0,3789,17,0,0,0,0,0,0,0,0
206,2017-04-24,09:01:44,181,jd1709,XDCE,3789,3780,3791,8244,312152480,180256,179462,3994,3614,3804,3810,0,3783,0,0,0,2017-04-24,32504181,3788,55,0,0,0,0,0,0,0,0,3789,11,0,0,0,0,0,0,0,0
207,2017-04-24,09:01:44,482,jd1709,XDCE,3789,3780,3791,8244,312152480,180256,179462,3994,3614,3804,3810,0,3783,0,0,0,2017-04-24,32504482,3788,56,0,0,0,0,0,0,0,0,3789,12,0,0,0,0,0,0,0,0
208,2017-04-24,09:01:45,754,jd1709,XDCE,3788,3780,3791,8270,313137360,180258,179462,3994,3614,3804,3810,0,3783,0,0,0,2017-04-24,32505754,3788,43,0,0,0,0,0,0,0,0,3789,14,0,0,0,0,0,0,0,0
209,2017-04-24,09:01:46,200,jd1709,XDCE,3788,3780,3791,8302,314349560,180288,179462,3994,3614,3804,3810,0,3783,0,0,0,2017-04-24,32506200,3788,28,0,0,0,0,0,0,0,0,3789,12,0,0,0,0,0,0,0,0
210,2017-04-24,09:01:46,453,jd1709,XDCE,3789,3780,3791,8304,314425340,180288,179462,3994,3614,3804,3810,0,3783,0,0,0,2017-04-24,32506453,3788,28,0,0,0,0,0,0,0,0,3789,11,0,0,0,0,0,0,0,0
211,2017-04-24,09:01:47,239,jd1709,XDCE,3788,3780,3791,8366,316773900,180280,179462,3994,3614,3804,3810,0,3783,0,0,0,2017-04-24,32507239,3787,109,0,0,0,0,0,0,0,0,3788,2,0,0,0,0,0,0,0,0
212,2017-04-24,09:01:47,759,jd1709,XDCE,3788,3780,3791,8370,316925420,180276,179462,3994,3614,3804,3810,0,3783,0,0,0,2017-04-24,32507759,3788,3,0,0,0,0,0,0,0,0,3789,16,0,0,0,0,0,0,0,0
213,2017-04-24,09:01:48,190,jd1709,XDCE,3788,3780,3791,8376,317152700,180270,179462,3994,3614,3804,3810,0,3783,0,0,0,2017-04-24,32508190,3787,104,0,0,0,0,0,0,0,0,3788,55,0,0,0,0,0,0,0,0
214,2017-04-24,09:01:48,641,jd1709,XDCE,3787,3780,3791,8378,317228440,180268,179462,3994,3614,3804,3810,0,3783,0,0,0,2017-04-24,32508641,3787,103,0,0,0,0,0,0,0,0,3788,60,0,0,0,0,0,0,0,0
215,2017-04-24,09:01:49,212,jd1709,XDCE,3788,3780,3791,8382,317379960,180266,179462,3994,3614,3804,3810,0,3783,0,0,0,2017-04-24,32509212,3787,103,0,0,0,0,0,0,0,0,3788,69,0,0,0,0,0,0,0,0
216,2017-04-24,09:01:49,696,jd1709,XDCE,3788,3780,3791,8446,319803680,180310,179462,3994,3614,3804,3810,0,3783,0,0,0,2017-04-24,32509696,3787,74,0,0,0,0,0,0,0,0,3788,67,0,0,0,0,0,0,0,0
217,2017-04-24,09:01:50,209,jd1709,XDCE,3787,3780,3791,8594,325408440,180390,179462,3994,3614,3804,3810,0,3783,0,0,0,2017-04-24,32510209,3786,35,0,0,0,0,0,0,0,0,3787,65,0,0,0,0,0,0,0,0
218,2017-04-24,09:01:50,693,jd1709,XDCE,3786,3780,3791,8728,330481100,180304,179462,3994,3614,3804,3810,0,3783,0,0,0,2017-04-24,32510693,3785,19,0,0,0,0,0,0,0,0,3786,36,0,0,0,0,0,0,0,0
219,2017-04-24,09:01:51,12,jd1709,XDCE,3786,3780,3791,8736,330783980,180300,179462,3994,3614,3804,3810,0,3783,0,0,0,2017-04-24,32511012,3785,19,0,0,0,0,0,0,0,0,3786,32,0,0,0,0,0,0,0,0
220,2017-04-24,09:01:51,705,jd1709,XDCE,3784,3780,3791,8782,332525000,180308,179462,3994,3614,3804,3810,0,3783,0,0,0,2017-04-24,32511705,3784,21,0,0,0,0,0,0,0,0,3785,35,0,0,0,0,0,0,0,0
221,2017-04-24,09:01:52,141,jd1709,XDCE,3785,3780,3791,8788,332752060,180306,179462,3994,3614,3804,3810,0,3783,0,0,0,2017-04-24,32512141,3784,19,0,0,0,0,0,0,0,0,3785,37,0,0,0,0,0,0,0,0
222,2017-04-24,09:01:52,744,jd1709,XDCE,3784,3780,3791,8826,334189980,180286,179462,3994,3614,3804,3810,0,3783,0,0,0,2017-04-24,32512744,3783,42,0,0,0,0,0,0,0,0,3784,13,0,0,0,0,0,0,0,0
223,2017-04-24,09:01:53,194,jd1709,XDCE,3783,3780,3791,8840,334719600,180274,179462,3994,3614,3804,3810,0,3783,0,0,0,2017-04-24,32513194,3783,34,0,0,0,0,0,0,0,0,3784,30,0,0,0,0,0,0,0,0
224,2017-04-24,09:01:53,680,jd1709,XDCE,3783,3780,3791,8906,337216380,180224,179462,3994,3614,3804,3810,0,3783,0,0,0,2017-04-24,32513680,3782,30,0,0,0,0,0,0,0,0,3783,16,0,0,0,0,0,0,0,0
225,2017-04-24,09:01:54,150,jd1709,XDCE,3783,3780,3791,8968,339561300,180242,179462,3994,3614,3804,3810,0,3783,0,0,0,2017-04-24,32514150,3781,19,0,0,0,0,0,0,0,0,3783,12,0,0,0,0,0,0,0,0
226,2017-04-24,09:01:54,763,jd1709,XDCE,3783,3780,3791,8974,339788280,180244,179462,3994,3614,3804,3810,0,3783,0,0,0,2017-04-24,32514763,3781,31,0,0,0,0,0,0,0,0,3783,9,0,0,0,0,0,0,0,0
227,2017-04-24,09:01:55,231,jd1709,XDCE,3781,3780,3791,8990,340393380,180246,179462,3994,3614,3804,3810,0,3783,0,0,0,2017-04-24,32515231,3781,27,0,0,0,0,0,0,0,0,3783,13,0,0,0,0,0,0,0,0
228,2017-04-24,09:01:55,755,jd1709,XDCE,3780,3780,3791,9176,347425160,180304,179462,3994,3614,3804,3810,0,3783,0,0,0,2017-04-24,32515755,3780,25,0,0,0,0,0,0,0,0,3782,5,0,0,0,0,0,0,0,0
229,2017-04-24,09:01:56,263,jd1709,XDCE,3780,3779,3791,9266,350827180,180268,179462,3994,3614,3804,3810,0,3783,0,0,0,2017-04-24,32516263,3778,31,0,0,0,0,0,0,0,0,3780,14,0,0,0,0,0,0,0,0
230,2017-04-24,09:01:56,747,jd1709,XDCE,3777,3777,3791,9362,354453920,180292,179462,3994,3614,3804,3810,0,3783,0,0,0,2017-04-24,32516747,3776,47,0,0,0,0,0,0,0,0,3777,19,0,0,0,0,0,0,0,0
231,2017-04-24,09:01:57,250,jd1709,XDCE,3776,3775,3791,9488,359211760,180350,179462,3994,3614,3804,3810,0,3783,0,0,0,2017-04-24,32517250,3775,15,0,0,0,0,0,0,0,0,3776,58,0,0,0,0,0,0,0,0
232,2017-04-24,09:01:57,667,jd1709,XDCE,3774,3774,3791,9530,360797240,180346,179462,3994,3614,3804,3810,0,3783,0,0,0,2017-04-24,32517667,3774,45,0,0,0,0,0,0,0,0,3775,13,0,0,0,0,0,0,0,0
233,2017-04-24,09:01:58,263,jd1709,XDCE,3775,3773,3791,9784,370384240,180340,179462,3994,3614,3804,3810,0,3783,0,0,0,2017-04-24,32518263,3773,30,0,0,0,0,0,0,0,0,3775,24,0,0,0,0,0,0,0,0
234,2017-04-24,09:01:58,761,jd1709,XDCE,3774,3773,3791,9974,377554300,180322,179462,3994,3614,3804,3810,0,3783,0,0,0,2017-04-24,32518761,3773,45,0,0,0,0,0,0,0,0,3774,24,0,0,0,0,0,0,0,0
235,2017-04-24,09:01:59,233,jd1709,XDCE,3774,3773,3791,10028,379592160,180360,179462,3994,3614,3804,3810,0,3783,0,0,0,2017-04-24,32519233,3775,27,0,0,0,0,0,0,0,0,3776,29,0,0,0,0,0,0,0,0
236,2017-04-24,09:01:59,758,jd1709,XDCE,3776,3773,3791,10060,380800240,180356,179462,3994,3614,3804,3810,0,3783,0,0,0,2017-04-24,32519758,3775,18,0,0,0,0,0,0,0,0,3776,27,0,0,0,0,0,0,0,0
237,2017-04-24,09:02:00,216,jd1709,XDCE,3773,3773,3791,10162,384650120,180286,179462,3994,3614,3804,3810,0,3783,0,0,0,2017-04-24,32520216,3773,26,0,0,0,0,0,0,0,0,3776,20,0,0,0,0,0,0,0,0
238,2017-04-24,09:02:00,759,jd1709,XDCE,3774,3773,3791,10242,387669600,180256,179462,3994,3614,3804,3810,0,3783,0,0,0,2017-04-24,32520759,3774,48,0,0,0,0,0,0,0,0,3775,60,0,0,0,0,0,0,0,0
239,2017-04-24,09:02:01,241,jd1709,XDCE,3774,3773,3791,10444,395294300,180256,179462,3994,3614,3804,3810,0,3783,0,0,0,2017-04-24,32521241,3774,8,0,0,0,0,0,0,0,0,3776,19,0,0,0,0,0,0,0,0
240,2017-04-24,09:02:01,755,jd1709,XDCE,3775,3773,3791,10446,395369800,180256,179462,3994,3614,3804,3810,0,3783,0,0,0,2017-04-24,32521755,3774,10,0,0,0,0,0,0,0,0,3775,8,0,0,0,0,0,0,0,0
241,2017-04-24,09:02:02,185,jd1709,XDCE,3773,3773,3791,10504,397558520,180252,179462,3994,3614,3804,3810,0,3783,0,0,0,2017-04-24,32522185,3773,19,0,0,0,0,0,0,0,0,3774,57,0,0,0,0,0,0,0,0
242,2017-04-24,09:02:02,743,jd1709,XDCE,3774,3773,3791,10554,399445160,180258,179462,3994,3614,3804,3810,0,3783,0,0,0,2017-04-24,32522743,3773,6,0,0,0,0,0,0,0,0,3774,62,0,0,0,0,0,0,0,0
243,2017-04-24,09:02:03,230,jd1709,XDCE,3773,3773,3791,10570,400048880,180262,179462,3994,3614,3804,3810,0,3783,0,0,0,2017-04-24,32523230,3772,31,0,0,0,0,0,0,0,0,3773,4,0,0,0,0,0,0,0,0
244,2017-04-24,09:02:03,685,jd1709,XDCE,3772,3772,3791,10592,400878740,180270,179462,3994,3614,3804,3810,0,3783,0,0,0,2017-04-24,32523685,3772,21,0,0,0,0,0,0,0,0,3773,3,0,0,0,0,0,0,0,0
245,2017-04-24,09:02:04,250,jd1709,XDCE,3773,3770,3791,10708,405253400,180294,179462,3994,3614,3804,3810,0,3783,0,0,0,2017-04-24,32524250,3772,1,0,0,0,0,0,0,0,0,3773,17,0,0,0,0,0,0,0,0
246,2017-04-24,09:02:04,762,jd1709,XDCE,3770,3770,3791,10730,406083120,180304,179462,3994,3614,3804,3810,0,3783,0,0,0,2017-04-24,32524762,3770,9,0,0,0,0,0,0,0,0,3771,2,0,0,0,0,0,0,0,0
247,2017-04-24,09:02:05,250,jd1709,XDCE,3768,3768,3791,10906,412716920,180266,179462,3994,3614,3804,3810,0,3783,0,0,0,2017-04-24,32525250,3767,11,0,0,0,0,0,0,0,0,3769,44,0,0,0,0,0,0,0,0
248,2017-04-24,09:02:05,756,jd1709,XDCE,3766,3766,3791,11216,424396920,180192,179462,3994,3614,3804,3810,0,3783,0,0,0,2017-04-24,32525756,3765,5,0,0,0,0,0,0,0,0,3766,16,0,0,0,0,0,0,0,0
249,2017-04-24,09:02:06,250,jd1709,XDCE,3766,3764,3791,11294,427333980,180178,179462,3994,3614,3804,3810,0,3783,0,0,0,2017-04-24,32526250,3766,1,0,0,0,0,0,0,0,0,3767,26,0,0,0,0,0,0,0,0
250,2017-04-24,09:02:06,705,jd1709,XDCE,3767,3764,3791,11308,427861280,180184,179462,3994,3614,3804,3810,0,3783,0,0,0,2017-04-24,32526705,3764,3,0,0,0,0,0,0,0,0,3765,4,0,0,0,0,0,0,0,0
251,2017-04-24,09:02:07,251,jd1709,XDCE,3766,3764,3791,11334,428840340,180164,179462,3994,3614,3804,3810,0,3783,0,0,0,2017-04-24,32527251,3765,11,0,0,0,0,0,0,0,0,3766,23,0,0,0,0,0,0,0,0
252,2017-04-24,09:02:07,763,jd1709,XDCE,3763,3763,3791,11380,430572120,180166,179462,3994,3614,3804,3810,0,3783,0,0,0,2017-04-24,32527763,3763,56,0,0,0,0,0,0,0,0,3766,18,0,0,0,0,0,0,0,0
253,2017-04-24,09:02:08,250,jd1709,XDCE,3767,3763,3791,11482,434412240,180136,179462,3994,3614,3804,3810,0,3783,0,0,0,2017-04-24,32528250,3766,1,0,0,0,0,0,0,0,0,3767,25,0,0,0,0,0,0,0,0
254,2017-04-24,09:02:08,762,jd1709,XDCE,3764,3763,3791,11570,437725440,180130,179462,3994,3614,3804,3810,0,3783,0,0,0,2017-04-24,32528762,3764,15,0,0,0,0,0,0,0,0,3766,34,0,0,0,0,0,0,0,0
255,2017-04-24,09:02:09,255,jd1709,XDCE,3765,3763,3791,11596,438704180,180144,179462,3994,3614,3804,3810,0,3783,0,0,0,2017-04-24,32529255,3765,10,0,0,0,0,0,0,0,0,3766,45,0,0,0,0,0,0,0,0
256,2017-04-24,09:02:09,734,jd1709,XDCE,3763,3763,3791,11720,443371540,180248,179462,3994,3614,3804,3810,0,3783,0,0,0,2017-04-24,32529734,3763,9,0,0,0,0,0,0,0,0,3766,39,0,0,0,0,0,0,0,0
257,2017-04-24,09:02:10,250,jd1709,XDCE,3765,3763,3791,11748,444425740,180274,179462,3994,3614,3804,3810,0,3783,0,0,0,2017-04-24,32530250,3763,29,0,0,0,0,0,0,0,0,3765,19,0,0,0,0,0,0,0,0
258,2017-04-24,09:02:10,702,jd1709,XDCE,3765,3763,3791,11784,445780620,180282,179462,3994,3614,3804,3810,0,3783,0,0,0,2017-04-24,32530702,3763,17,0,0,0,0,0,0,0,0,3765,14,0,0,0,0,0,0,0,0
259,2017-04-24,09:02:11,255,jd1709,XDCE,3764,3763,3791,11814,446909600,180308,179462,3994,3614,3804,3810,0,3783,0,0,0,2017-04-24,32531255,3763,10,0,0,0,0,0,0,0,0,3764,2,0,0,0,0,0,0,0,0
260,2017-04-24,09:02:11,726,jd1709,XDCE,3763,3763,3791,11846,448114240,180302,179462,3994,3614,3804,3810,0,3783,0,0,0,2017-04-24,32531726,3763,24,0,0,0,0,0,0,0,0,3765,32,0,0,0,0,0,0,0,0
261,2017-04-24,09:02:12,250,jd1709,XDCE,3765,3762,3791,11922,450974080,180254,179462,3994,3614,3804,3810,0,3783,0,0,0,2017-04-24,32532250,3763,11,0,0,0,0,0,0,0,0,3765,27,0,0,0,0,0,0,0,0
262,2017-04-24,09:02:12,758,jd1709,XDCE,3763,3762,3791,11970,452780540,180216,179462,3994,3614,3804,3810,0,3783,0,0,0,2017-04-24,32532758,3762,10,0,0,0,0,0,0,0,0,3763,34,0,0,0,0,0,0,0,0
263,2017-04-24,09:02:13,250,jd1709,XDCE,3763,3762,3791,12104,457823600,180166,179462,3994,3614,3804,3810,0,3783,0,0,0,2017-04-24,32533250,3763,29,0,0,0,0,0,0,0,0,3765,6,0,0,0,0,0,0,0,0
264,2017-04-24,09:02:13,744,jd1709,XDCE,3763,3762,3791,12144,459329040,180140,179462,3994,3614,3804,3810,0,3783,0,0,0,2017-04-24,32533744,3763,16,0,0,0,0,0,0,0,0,3765,2,0,0,0,0,0,0,0,0
265,2017-04-24,09:02:14,250,jd1709,XDCE,3763,3762,3791,12154,459705440,180136,179462,3994,3614,3804,3810,0,3783,0,0,0,2017-04-24,32534250,3763,15,0,0,0,0,0,0,0,0,3765,1,0,0,0,0,0,0,0,0
266,2017-04-24,09:02:14,757,jd1709,XDCE,3762,3762,3791,12258,463619620,180206,179462,3994,3614,3804,3810,0,3783,0,0,0,2017-04-24,32534757,3764,13,0,0,0,0,0,0,0,0,3765,6,0,0,0,0,0,0,0,0
267,2017-04-24,09:02:15,253,jd1709,XDCE,3764,3762,3791,12326,466178920,180220,179462,3994,3614,3804,3810,0,3783,0,0,0,2017-04-24,32535253,3764,13,0,0,0,0,0,0,0,0,3765,14,0,0,0,0,0,0,0,0
268,2017-04-24,09:02:15,759,jd1709,XDCE,3765,3762,3791,12406,469190000,180210,179462,3994,3614,3804,3810,0,3783,0,0,0,2017-04-24,32535759,3763,1,0,0,0,0,0,0,0,0,3765,7,0,0,0,0,0,0,0,0
269,2017-04-24,09:02:16,250,jd1709,XDCE,3763,3762,3791,12418,469641560,180206,179462,3994,3614,3804,3810,0,3783,0,0,0,2017-04-24,32536250,3762,12,0,0,0,0,0,0,0,0,3763,14,0,0,0,0,0,0,0,0
270,2017-04-24,09:02:16,745,jd1709,XDCE,3765,3762,3791,12462,471297520,180234,179462,3994,3614,3804,3810,0,3783,0,0,0,2017-04-24,32536745,3763,25,0,0,0,0,0,0,0,0,3765,3,0,0,0,0,0,0,0,0
271,2017-04-24,09:02:17,263,jd1709,XDCE,3763,3762,3791,12492,472426520,180246,179462,3994,3614,3804,3810,0,3783,0,0,0,2017-04-24,32537263,3763,14,0,0,0,0,0,0,0,0,3765,8,0,0,0,0,0,0,0,0
272,2017-04-24,09:02:17,745,jd1709,XDCE,3763,3762,3791,12520,473480320,180270,179462,3994,3614,3804,3810,0,3783,0,0,0,2017-04-24,32537745,3763,5,0,0,0,0,0,0,0,0,3765,4,0,0,0,0,0,0,0,0
273,2017-04-24,09:02:18,251,jd1709,XDCE,3763,3762,3791,12530,473856740,180276,179462,3994,3614,3804,3810,0,3783,0,0,0,2017-04-24,32538251,3763,4,0,0,0,0,0,0,0,0,3765,3,0,0,0,0,0,0,0,0
274,2017-04-24,09:02:18,762,jd1709,XDCE,3765,3762,3791,12534,474007340,180280,179462,3994,3614,3804,3810,0,3783,0,0,0,2017-04-24,32538762,3763,14,0,0,0,0,0,0,0,0,3765,3,0,0,0,0,0,0,0,0
275,2017-04-24,09:02:19,263,jd1709,XDCE,3765,3762,3791,12570,475362220,180282,179462,3994,3614,3804,3810,0,3783,0,0,0,2017-04-24,32539263,3763,4,0,0,0,0,0,0,0,0,3765,23,0,0,0,0,0,0,0,0
276,2017-04-24,09:02:19,714,jd1709,XDCE,3764,3762,3791,12576,475588080,180286,179462,3994,3614,3804,3810,0,3783,0,0,0,2017-04-24,32539714,3764,5,0,0,0,0,0,0,0,0,3765,22,0,0,0,0,0,0,0,0
277,2017-04-24,09:02:20,186,jd1709,XDCE,3765,3762,3791,12590,476115120,180288,179462,3994,3614,3804,3810,0,3783,0,0,0,2017-04-24,32540186,3764,2,0,0,0,0,0,0,0,0,3765,18,0,0,0,0,0,0,0,0
278,2017-04-24,09:02:20,675,jd1709,XDCE,3764,3762,3791,12654,478524500,180330,179462,3994,3614,3804,3810,0,3783,0,0,0,2017-04-24,32540675,3763,15,0,0,0,0,0,0,0,0,3764,9,0,0,0,0,0,0,0,0
279,2017-04-24,09:02:21,164,jd1709,XDCE,3763,3760,3791,12806,484243400,180264,179462,3994,3614,3804,3810,0,3783,0,0,0,2017-04-24,32541164,3760,69,0,0,0,0,0,0,0,0,3765,92,0,0,0,0,0,0,0,0
280,2017-04-24,09:02:21,737,jd1709,XDCE,3763,3760,3791,12814,484544260,180266,179462,3994,3614,3804,3810,0,3783,0,0,0,2017-04-24,32541737,3760,72,0,0,0,0,0,0,0,0,3763,5,0,0,0,0,0,0,0,0
281,2017-04-24,09:02:22,252,jd1709,XDCE,3762,3760,3791,12848,485823060,180254,179462,3994,3614,3804,3810,0,3783,0,0,0,2017-04-24,32542252,3761,5,0,0,0,0,0,0,0,0,3762,8,0,0,0,0,0,0,0,0
282,2017-04-24,09:02:22,703,jd1709,XDCE,3764,3760,3791,12942,489360080,180182,179462,3994,3614,3804,3810,0,3783,0,0,0,2017-04-24,32542703,3764,55,0,0,0,0,0,0,0,0,3765,72,0,0,0,0,0,0,0,0
283,2017-04-24,09:02:23,251,jd1709,XDCE,3764,3760,3791,13006,491769120,180150,179462,3994,3614,3804,3810,0,3783,0,0,0,2017-04-24,32543251,3764,27,0,0,0,0,0,0,0,0,3765,69,0,0,0,0,0,0,0,0
284,2017-04-24,09:02:23,742,jd1709,XDCE,3764,3760,3791,13024,492446780,180148,179462,3994,3614,3804,3810,0,3783,0,0,0,2017-04-24,32543742,3764,25,0,0,0,0,0,0,0,0,3765,65,0,0,0,0,0,0,0,0
285,2017-04-24,09:02:24,251,jd1709,XDCE,3764,3760,3791,13094,495081580,180134,179462,3994,3614,3804,3810,0,3783,0,0,0,2017-04-24,32544251,3763,12,0,0,0,0,0,0,0,0,3764,10,0,0,0,0,0,0,0,0
286,2017-04-24,09:02:24,735,jd1709,XDCE,3763,3760,3791,13154,497339840,180144,179462,3994,3614,3804,3810,0,3783,0,0,0,2017-04-24,32544735,3763,1,0,0,0,0,0,0,0,0,3765,47,0,0,0,0,0,0,0,0
287,2017-04-24,09:02:25,251,jd1709,XDCE,3764,3760,3791,13158,497490400,180146,179462,3994,3614,3804,3810,0,3783,0,0,0,2017-04-24,32545251,3763,15,0,0,0,0,0,0,0,0,3764,2,0,0,0,0,0,0,0,0
288,2017-04-24,09:02:25,751,jd1709,XDCE,3763,3760,3791,13168,497866760,180146,179462,3994,3614,3804,3810,0,3783,0,0,0,2017-04-24,32545751,3763,21,0,0,0,0,0,0,0,0,3765,47,0,0,0,0,0,0,0,0
289,2017-04-24,09:02:26,225,jd1709,XDCE,3765,3760,3791,13184,498469000,180142,179462,3994,3614,3804,3810,0,3783,0,0,0,2017-04-24,32546225,3763,18,0,0,0,0,0,0,0,0,3765,45,0,0,0,0,0,0,0,0
290,2017-04-24,09:02:26,699,jd1709,XDCE,3763,3760,3791,13188,498619540,180138,179462,3994,3614,3804,3810,0,3783,0,0,0,2017-04-24,32546699,3763,17,0,0,0,0,0,0,0,0,3765,45,0,0,0,0,0,0,0,0
291,2017-04-24,09:02:27,172,jd1709,XDCE,3763,3760,3791,13252,501028560,180140,179462,3994,3614,3804,3810,0,3783,0,0,0,2017-04-24,32547172,3763,3,0,0,0,0,0,0,0,0,3765,26,0,0,0,0,0,0,0,0
292,2017-04-24,09:02:27,704,jd1709,XDCE,3763,3760,3791,13272,501781280,180144,179462,3994,3614,3804,3810,0,3783,0,0,0,2017-04-24,32547704,3763,37,0,0,0,0,0,0,0,0,3765,23,0,0,0,0,0,0,0,0
293,2017-04-24,09:02:28,176,jd1709,XDCE,3766,3760,3791,13398,506525660,180124,179462,3994,3614,3804,3810,0,3783,0,0,0,2017-04-24,32548176,3765,19,0,0,0,0,0,0,0,0,3767,14,0,0,0,0,0,0,0,0
294,2017-04-24,09:02:28,705,jd1709,XDCE,3766,3760,3791,13428,507655660,180106,179462,3994,3614,3804,3810,0,3783,0,0,0,2017-04-24,32548705,3766,10,0,0,0,0,0,0,0,0,3767,4,0,0,0,0,0,0,0,0
295,2017-04-24,09:02:29,263,jd1709,XDCE,3765,3760,3791,13448,508408840,180106,179462,3994,3614,3804,3810,0,3783,0,0,0,2017-04-24,32549263,3767,5,0,0,0,0,0,0,0,0,3768,17,0,0,0,0,0,0,0,0
296,2017-04-24,09:02:29,672,jd1709,XDCE,3768,3760,3791,13504,510518580,180124,179462,3994,3614,3804,3810,0,3783,0,0,0,2017-04-24,32549672,3767,20,0,0,0,0,0,0,0,0,3768,2,0,0,0,0,0,0,0,0
297,2017-04-24,09:02:30,256,jd1709,XDCE,3767,3760,3791,13540,511874720,180134,179462,3994,3614,3804,3810,0,3783,0,0,0,2017-04-24,32550256,3767,4,0,0,0,0,0,0,0,0,3768,2,0,0,0,0,0,0,0,0
298,2017-04-24,09:02:30,662,jd1709,XDCE,3768,3760,3791,13544,512025440,180134,179462,3994,3614,3804,3810,0,3783,0,0,0,2017-04-24,32550662,3767,4,0,0,0,0,0,0,0,0,3769,18,0,0,0,0,0,0,0,0
299,2017-04-24,09:02:31,236,jd1709,XDCE,3769,3760,3791,13546,512100820,180134,179462,3994,3614,3804,3810,0,3783,0,0,0,2017-04-24,32551236,3767,4,0,0,0,0,0,0,0,0,3769,17,0,0,0,0,0,0,0,0
300,2017-04-24,09:02:31,689,jd1709,XDCE,3769,3760,3791,13562,512703860,180120,179462,3994,3614,3804,3810,0,3783,0,0,0,2017-04-24,32551689,3768,2,0,0,0,0,0,0,0,0,3769,9,0,0,0,0,0,0,0,0
301,2017-04-24,09:02:32,224,jd1709,XDCE,3768,3760,3791,13566,512854580,180118,179462,3994,3614,3804,3810,0,3783,0,0,0,2017-04-24,32552224,3767,7,0,0,0,0,0,0,0,0,3768,10,0,0,0,0,0,0,0,0
302,2017-04-24,09:02:32,754,jd1709,XDCE,3767,3760,3791,13576,513231280,180108,179462,3994,3614,3804,3810,0,3783,0,0,0,2017-04-24,32552754,3767,2,0,0,0,0,0,0,0,0,3768,13,0,0,0,0,0,0,0,0
303,2017-04-24,09:02:33,245,jd1709,XDCE,3767,3760,3791,13586,513608040,180104,179462,3994,3614,3804,3810,0,3783,0,0,0,2017-04-24,32553245,3765,41,0,0,0,0,0,0,0,0,3768,13,0,0,0,0,0,0,0,0
304,2017-04-24,09:02:33,710,jd1709,XDCE,3768,3760,3791,13590,513758700,180104,179462,3994,3614,3804,3810,0,3783,0,0,0,2017-04-24,32553710,3765,47,0,0,0,0,0,0,0,0,3768,12,0,0,0,0,0,0,0,0
305,2017-04-24,09:02:34,238,jd1709,XDCE,3768,3760,3791,13604,514286220,180102,179462,3994,3614,3804,3810,0,3783,0,0,0,2017-04-24,32554238,3765,47,0,0,0,0,0,0,0,0,3767,1,0,0,0,0,0,0,0,0
306,2017-04-24,09:02:34,762,jd1709,XDCE,3768,3760,3791,13628,515190580,180082,179462,3994,3614,3804,3810,0,3783,0,0,0,2017-04-24,32554762,3768,7,0,0,0,0,0,0,0,0,3769,14,0,0,0,0,0,0,0,0
307,2017-04-24,09:02:35,233,jd1709,XDCE,3769,3760,3791,13638,515567480,180078,179462,3994,3614,3804,3810,0,3783,0,0,0,2017-04-24,32555233,3768,7,0,0,0,0,0,0,0,0,3769,12,0,0,0,0,0,0,0,0
308,2017-04-24,09:02:35,752,jd1709,XDCE,3767,3760,3791,13766,520387700,180096,179462,3994,3614,3804,3810,0,3783,0,0,0,2017-04-24,32555752,3766,16,0,0,0,0,0,0,0,0,3768,1,0,0,0,0,0,0,0,0
309,2017-04-24,09:02:36,162,jd1709,XDCE,3768,3760,3791,13792,521367380,180116,179462,3994,3614,3804,3810,0,3783,0,0,0,2017-04-24,32556162,3766,19,0,0,0,0,0,0,0,0,3768,9,0,0,0,0,0,0,0,0
310,2017-04-24,09:02:36,763,jd1709,XDCE,3768,3760,3791,13814,522196340,180126,179462,3994,3614,3804,3810,0,3783,0,0,0,2017-04-24,32556763,3767,5,0,0,0,0,0,0,0,0,3769,23,0,0,0,0,0,0,0,0
311,2017-04-24,09:02:37,261,jd1709,XDCE,3769,3760,3791,13830,522799240,180128,179462,3994,3614,3804,3810,0,3783,0,0,0,2017-04-24,32557261,3767,13,0,0,0,0,0,0,0,0,3768,1,0,0,0,0,0,0,0,0
312,2017-04-24,09:02:37,699,jd1709,XDCE,3769,3760,3791,13890,525060500,180124,179462,3994,3614,3804,3810,0,3783,0,0,0,2017-04-24,32557699,3769,7,0,0,0,0,0,0,0,0,3770,264,0,0,0,0,0,0,0,0
313,2017-04-24,09:02:38,172,jd1709,XDCE,3770,3760,3791,13896,525286660,180124,179462,3994,3614,3804,3810,0,3783,0,0,0,2017-04-24,32558172,3769,5,0,0,0,0,0,0,0,0,3770,263,0,0,0,0,0,0,0,0
314,2017-04-24,09:02:38,731,jd1709,XDCE,3769,3760,3791,13918,526115840,180132,179462,3994,3614,3804,3810,0,3783,0,0,0,2017-04-24,32558731,3769,2,0,0,0,0,0,0,0,0,3770,262,0,0,0,0,0,0,0,0
315,2017-04-24,09:02:39,255,jd1709,XDCE,3768,3760,3791,13926,526417360,180130,179462,3994,3614,3804,3810,0,3783,0,0,0,2017-04-24,32559255,3768,20,0,0,0,0,0,0,0,0,3769,49,0,0,0,0,0,0,0,0
316,2017-04-24,09:02:39,763,jd1709,XDCE,3769,3760,3791,13968,527999940,180144,179462,3994,3614,3804,3810,0,3783,0,0,0,2017-04-24,32559763,3767,9,0,0,0,0,0,0,0,0,3769,59,0,0,0,0,0,0,0,0
317,2017-04-24,09:02:40,217,jd1709,XDCE,3769,3760,3791,13980,528452080,180146,179462,3994,3614,3804,3810,0,3783,0,0,0,2017-04-24,32560217,3767,6,0,0,0,0,0,0,0,0,3769,82,0,0,0,0,0,0,0,0
318,2017-04-24,09:02:40,702,jd1709,XDCE,3769,3760,3791,13982,528527460,180144,179462,3994,3614,3804,3810,0,3783,0,0,0,2017-04-24,32560702,3767,6,0,0,0,0,0,0,0,0,3768,24,0,0,0,0,0,0,0,0
319,2017-04-24,09:02:41,204,jd1709,XDCE,3768,3760,3791,13990,528828900,180136,179462,3994,3614,3804,3810,0,3783,0,0,0,2017-04-24,32561204,3767,6,0,0,0,0,0,0,0,0,3768,20,0,0,0,0,0,0,0,0
320,2017-04-24,09:02:41,750,jd1709,XDCE,3768,3760,3791,13990,528828900,180136,179462,3994,3614,3804,3810,0,3783,0,0,0,2017-04-24,32561750,3767,7,0,0,0,0,0,0,0,0,3768,30,0,0,0,0,0,0,0,0
321,2017-04-24,09:02:42,146,jd1709,XDCE,3768,3760,3791,14006,529431760,180124,179462,3994,3614,3804,3810,0,3783,0,0,0,2017-04-24,32562146,3767,8,0,0,0,0,0,0,0,0,3768,23,0,0,0,0,0,0,0,0
322,2017-04-24,09:02:42,708,jd1709,XDCE,3768,3760,3791,14020,529959280,180114,179462,3994,3614,3804,3810,0,3783,0,0,0,2017-04-24,32562708,3767,8,0,0,0,0,0,0,0,0,3768,16,0,0,0,0,0,0,0,0
323,2017-04-24,09:02:43,194,jd1709,XDCE,3767,3760,3791,14086,532445900,180110,179462,3994,3614,3804,3810,0,3783,0,0,0,2017-04-24,32563194,3766,23,0,0,0,0,0,0,0,0,3767,1,0,0,0,0,0,0,0,0
324,2017-04-24,09:02:43,733,jd1709,XDCE,3768,3760,3791,14100,532973360,180104,179462,3994,3614,3804,3810,0,3783,0,0,0,2017-04-24,32563733,3767,4,0,0,0,0,0,0,0,0,3768,8,0,0,0,0,0,0,0,0
325,2017-04-24,09:02:44,162,jd1709,XDCE,3768,3760,3791,14104,533124080,180100,179462,3994,3614,3804,3810,0,3783,0,0,0,2017-04-24,32564162,3767,9,0,0,0,0,0,0,0,0,3768,6,0,0,0,0,0,0,0,0
326,2017-04-24,09:02:44,747,jd1709,XDCE,3767,3760,3791,14192,536438420,180054,179462,3994,3614,3804,3810,0,3783,0,0,0,2017-04-24,32564747,3766,12,0,0,0,0,0,0,0,0,3767,4,0,0,0,0,0,0,0,0
327,2017-04-24,09:02:45,260,jd1709,XDCE,3767,3760,3791,14206,536965820,180052,179462,3994,3614,3804,3810,0,3783,0,0,0,2017-04-24,32565260,3766,15,0,0,0,0,0,0,0,0,3768,22,0,0,0,0,0,0,0,0
328,2017-04-24,09:02:45,663,jd1709,XDCE,3768,3760,3791,14228,537794780,180060,179462,3994,3614,3804,3810,0,3783,0,0,0,2017-04-24,32565663,3766,15,0,0,0,0,0,0,0,0,3768,14,0,0,0,0,0,0,0,0
329,2017-04-24,09:02:46,242,jd1709,XDCE,3768,3760,3791,14256,538849820,180042,179462,3994,3614,3804,3810,0,3783,0,0,0,2017-04-24,32566242,3767,30,0,0,0,0,0,0,0,0,3769,68,0,0,0,0,0,0,0,0
330,2017-04-24,09:02:46,751,jd1709,XDCE,3769,3760,3791,14286,539980080,180032,179462,3994,3614,3804,3810,0,3783,0,0,0,2017-04-24,32566751,3767,79,0,0,0,0,0,0,0,0,3769,64,0,0,0,0,0,0,0,0
331,2017-04-24,09:02:47,251,jd1709,XDCE,3768,3760,3791,14294,540281520,180040,179462,3994,3614,3804,3810,0,3783,0,0,0,2017-04-24,32567251,3768,9,0,0,0,0,0,0,0,0,3769,64,0,0,0,0,0,0,0,0
332,2017-04-24,09:02:47,750,jd1709,XDCE,3769,3760,3791,14304,540658420,180038,179462,3994,3614,3804,3810,0,3783,0,0,0,2017-04-24,32567750,3768,11,0,0,0,0,0,0,0,0,3769,59,0,0,0,0,0,0,0,0
333,2017-04-24,09:02:48,236,jd1709,XDCE,3769,3760,3791,14318,541186080,180024,179462,3994,3614,3804,3810,0,3783,0,0,0,2017-04-24,32568236,3768,12,0,0,0,0,0,0,0,0,3769,52,0,0,0,0,0,0,0,0
334,2017-04-24,09:02:48,751,jd1709,XDCE,3769,3760,3791,14318,541186080,180024,179462,3994,3614,3804,3810,0,3783,0,0,0,2017-04-24,32568751,3768,16,0,0,0,0,0,0,0,0,3769,52,0,0,0,0,0,0,0,0
335,2017-04-24,09:02:49,222,jd1709,XDCE,3768,3760,3791,14330,541638240,180034,179462,3994,3614,3804,3810,0,3783,0,0,0,2017-04-24,32569222,3768,13,0,0,0,0,0,0,0,0,3769,52,0,0,0,0,0,0,0,0
336,2017-04-24,09:02:49,650,jd1709,XDCE,3769,3760,3791,14342,542090520,180022,179462,3994,3614,3804,3810,0,3783,0,0,0,2017-04-24,32569650,3768,14,0,0,0,0,0,0,0,0,3769,46,0,0,0,0,0,0,0,0
337,2017-04-24,09:02:50,217,jd1709,XDCE,3769,3760,3791,14372,543221180,180030,179462,3994,3614,3804,3810,0,3783,0,0,0,2017-04-24,32570217,3768,15,0,0,0,0,0,0,0,0,3769,35,0,0,0,0,0,0,0,0
338,2017-04-24,09:02:50,727,jd1709,XDCE,3768,3760,3791,14382,543598040,180032,179462,3994,3614,3804,3810,0,3783,0,0,0,2017-04-24,32570727,3768,13,0,0,0,0,0,0,0,0,3769,33,0,0,0,0,0,0,0,0
339,2017-04-24,09:02:51,196,jd1709,XDCE,3769,3760,3791,14410,544653360,180042,179462,3994,3614,3804,3810,0,3783,0,0,0,2017-04-24,32571196,3768,15,0,0,0,0,0,0,0,0,3769,19,0,0,0,0,0,0,0,0
340,2017-04-24,09:02:51,756,jd1709,XDCE,3768,3760,3791,14456,546387060,180080,179462,3994,3614,3804,3810,0,3783,0,0,0,2017-04-24,32571756,3768,14,0,0,0,0,0,0,0,0,3769,4,0,0,0,0,0,0,0,0
341,2017-04-24,09:02:52,103,jd1709,XDCE,3768,3760,3791,14468,546839260,180084,179462,3994,3614,3804,3810,0,3783,0,0,0,2017-04-24,32572103,3768,11,0,0,0,0,0,0,0,0,3769,2,0,0,0,0,0,0,0,0
342,2017-04-24,09:02:52,706,jd1709,XDCE,3768,3760,3791,14514,548572500,180100,179462,3994,3614,3804,3810,0,3783,0,0,0,2017-04-24,32572706,3767,98,0,0,0,0,0,0,0,0,3768,2,0,0,0,0,0,0,0,0
343,2017-04-24,09:02:53,208,jd1709,XDCE,3769,3760,3791,14534,549326120,180086,179462,3994,3614,3804,3810,0,3783,0,0,0,2017-04-24,32573208,3769,1,0,0,0,0,0,0,0,0,3770,281,0,0,0,0,0,0,0,0
344,2017-04-24,09:02:53,673,jd1709,XDCE,3768,3760,3791,14592,551511400,180092,179462,3994,3614,3804,3810,0,3783,0,0,0,2017-04-24,32573673,3768,15,0,0,0,0,0,0,0,0,3769,3,0,0,0,0,0,0,0,0
345,2017-04-24,09:02:54,251,jd1709,XDCE,3769,3760,3791,14632,553018700,180090,179462,3994,3614,3804,3810,0,3783,0,0,0,2017-04-24,32574251,3767,89,0,0,0,0,0,0,0,0,3770,284,0,0,0,0,0,0,0,0
346,2017-04-24,09:02:54,699,jd1709,XDCE,3767,3760,3791,14656,553922860,180086,179462,3994,3614,3804,3810,0,3783,0,0,0,2017-04-24,32574699,3767,79,0,0,0,0,0,0,0,0,3768,31,0,0,0,0,0,0,0,0
347,2017-04-24,09:02:55,221,jd1709,XDCE,3768,3760,3791,14748,557389420,180126,179462,3994,3614,3804,3810,0,3783,0,0,0,2017-04-24,32575221,3767,80,0,0,0,0,0,0,0,0,3769,29,0,0,0,0,0,0,0,0
348,2017-04-24,09:02:55,719,jd1709,XDCE,3769,3760,3791,14760,557841660,180124,179462,3994,3614,3804,3810,0,3783,0,0,0,2017-04-24,32575719,3767,79,0,0,0,0,0,0,0,0,3769,27,0,0,0,0,0,0,0,0
349,2017-04-24,09:02:56,65,jd1709,XDCE,3769,3760,3791,14762,557917040,180122,179462,3994,3614,3804,3810,0,3783,0,0,0,2017-04-24,32576065,3768,5,0,0,0,0,0,0,0,0,3769,31,0,0,0,0,0,0,0,0
350,2017-04-24,09:02:56,756,jd1709,XDCE,3769,3760,3791,14774,558369300,180112,179462,3994,3614,3804,3810,0,3783,0,0,0,2017-04-24,32576756,3768,4,0,0,0,0,0,0,0,0,3769,28,0,0,0,0,0,0,0,0
351,2017-04-24,09:02:57,680,jd1709,XDCE,3769,3760,3791,14778,558520040,180112,179462,3994,3614,3804,3810,0,3783,0,0,0,2017-04-24,32577680,3768,3,0,0,0,0,0,0,0,0,3769,27,0,0,0,0,0,0,0,0
352,2017-04-24,09:02:58,162,jd1709,XDCE,3769,3760,3791,14800,559349160,180108,179462,3994,3614,3804,3810,0,3783,0,0,0,2017-04-24,32578162,3767,79,0,0,0,0,0,0,0,0,3769,14,0,0,0,0,0,0,0,0
353,2017-04-24,09:02:58,720,jd1709,XDCE,3768,3760,3791,14828,560403960,180098,179462,3994,3614,3804,3810,0,3783,0,0,0,2017-04-24,32578720,3767,67,0,0,0,0,0,0,0,0,3768,8,0,0,0,0,0,0,0,0
354,2017-04-24,09:02:59,231,jd1709,XDCE,3767,3760,3791,14844,561006680,180098,179462,3994,3614,3804,3810,0,3783,0,0,0,2017-04-24,32579231,3767,59,0,0,0,0,0,0,0,0,3768,11,0,0,0,0,0,0,0,0
355,2017-04-24,09:02:59,586,jd1709,XDCE,3767,3760,3791,14844,561006680,180098,179462,3994,3614,3804,3810,0,3783,0,0,0,2017-04-24,32579586,3767,58,0,0,0,0,0,0,0,0,3768,12,0,0,0,0,0,0,0,0
356,2017-04-24,09:03:00,139,jd1709,XDCE,3768,3760,3791,14850,561232760,180104,179462,3994,3614,3804,3810,0,3783,0,0,0,2017-04-24,32580139,3767,58,0,0,0,0,0,0,0,0,3768,21,0,0,0,0,0,0,0,0
357,2017-04-24,09:03:00,730,jd1709,XDCE,3768,3760,3791,14860,561609560,180112,179462,3994,3614,3804,3810,0,3783,0,0,0,2017-04-24,32580730,3767,58,0,0,0,0,0,0,0,0,3768,34,0,0,0,0,0,0,0,0
358,2017-04-24,09:03:01,226,jd1709,XDCE,3767,3760,3791,14946,564849280,180120,179462,3994,3614,3804,3810,0,3783,0,0,0,2017-04-24,32581226,3767,21,0,0,0,0,0,0,0,0,3768,51,0,0,0,0,0,0,0,0
359,2017-04-24,09:03:01,732,jd1709,XDCE,3766,3760,3791,15054,568917000,180112,179462,3994,3614,3804,3810,0,3783,0,0,0,2017-04-24,32581732,3766,5,0,0,0,0,0,0,0,0,3767,33,0,0,0,0,0,0,0,0
360,2017-04-24,09:03:02,233,jd1709,XDCE,3766,3760,3791,15064,569293600,180118,179462,3994,3614,3804,3810,0,3783,0,0,0,2017-04-24,32582233,3765,23,0,0,0,0,0,0,0,0,3767,38,0,0,0,0,0,0,0,0
361,2017-04-24,09:03:02,748,jd1709,XDCE,3766,3760,3791,15074,569670200,180112,179462,3994,3614,3804,3810,0,3783,0,0,0,2017-04-24,32582748,3765,25,0,0,0,0,0,0,0,0,3766,47,0,0,0,0,0,0,0,0
362,2017-04-24,09:03:03,228,jd1709,XDCE,3765,3760,3791,15120,571402120,180096,179462,3994,3614,3804,3810,0,3783,0,0,0,2017-04-24,32583228,3765,2,0,0,0,0,0,0,0,0,3766,54,0,0,0,0,0,0,0,0
363,2017-04-24,09:03:03,750,jd1709,XDCE,3766,3760,3791,15152,572606760,180092,179462,3994,3614,3804,3810,0,3783,0,0,0,2017-04-24,32583750,3764,3,0,0,0,0,0,0,0,0,3766,50,0,0,0,0,0,0,0,0
364,2017-04-24,09:03:04,207,jd1709,XDCE,3766,3760,3791,15158,572832680,180092,179462,3994,3614,3804,3810,0,3783,0,0,0,2017-04-24,32584207,3764,4,0,0,0,0,0,0,0,0,3766,50,0,0,0,0,0,0,0,0
365,2017-04-24,09:03:04,734,jd1709,XDCE,3764,3760,3791,15200,574413860,180094,179462,3994,3614,3804,3810,0,3783,0,0,0,2017-04-24,32584734,3763,75,0,0,0,0,0,0,0,0,3764,82,0,0,0,0,0,0,0,0
366,2017-04-24,09:03:05,261,jd1709,XDCE,3764,3760,3791,15224,575317220,180104,179462,3994,3614,3804,3810,0,3783,0,0,0,2017-04-24,32585261,3763,75,0,0,0,0,0,0,0,0,3764,70,0,0,0,0,0,0,0,0
367,2017-04-24,09:03:05,738,jd1709,XDCE,3764,3760,3791,15246,576145120,180088,179462,3994,3614,3804,3810,0,3783,0,0,0,2017-04-24,32585738,3763,65,0,0,0,0,0,0,0,0,3764,68,0,0,0,0,0,0,0,0
368,2017-04-24,09:03:06,219,jd1709,XDCE,3763,3760,3791,15286,577650540,180092,179462,3994,3614,3804,3810,0,3783,0,0,0,2017-04-24,32586219,3763,56,0,0,0,0,0,0,0,0,3764,57,0,0,0,0,0,0,0,0
369,2017-04-24,09:03:06,681,jd1709,XDCE,3764,3760,3791,15364,580585880,180068,179462,3994,3614,3804,3810,0,3783,0,0,0,2017-04-24,32586681,3763,26,0,0,0,0,0,0,0,0,3764,88,0,0,0,0,0,0,0,0
370,2017-04-24,09:03:07,235,jd1709,XDCE,3763,3760,3791,15410,582317080,180062,179462,3994,3614,3804,3810,0,3783,0,0,0,2017-04-24,32587235,3763,15,0,0,0,0,0,0,0,0,3764,77,0,0,0,0,0,0,0,0
371,2017-04-24,09:03:07,747,jd1709,XDCE,3762,3760,3791,15448,583746940,180038,179462,3994,3614,3804,3810,0,3783,0,0,0,2017-04-24,32587747,3762,41,0,0,0,0,0,0,0,0,3763,30,0,0,0,0,0,0,0,0
372,2017-04-24,09:03:08,238,jd1709,XDCE,3763,3760,3791,15460,584198500,180034,179462,3994,3614,3804,3810,0,3783,0,0,0,2017-04-24,32588238,3762,41,0,0,0,0,0,0,0,0,3763,24,0,0,0,0,0,0,0,0
373,2017-04-24,09:03:08,666,jd1709,XDCE,3762,3760,3791,15490,585327160,180028,179462,3994,3614,3804,3810,0,3783,0,0,0,2017-04-24,32588666,3762,29,0,0,0,0,0,0,0,0,3763,26,0,0,0,0,0,0,0,0
374,2017-04-24,09:03:09,216,jd1709,XDCE,3762,3760,3791,15518,586380740,180018,179462,3994,3614,3804,3810,0,3783,0,0,0,2017-04-24,32589216,3762,26,0,0,0,0,0,0,0,0,3763,17,0,0,0,0,0,0,0,0
375,2017-04-24,09:03:09,747,jd1709,XDCE,3763,3760,3791,15532,586907520,180010,179462,3994,3614,3804,3810,0,3783,0,0,0,2017-04-24,32589747,3762,30,0,0,0,0,0,0,0,0,3763,15,0,0,0,0,0,0,0,0
376,2017-04-24,09:03:10,165,jd1709,XDCE,3762,3760,3791,15538,587133260,180008,179462,3994,3614,3804,3810,0,3783,0,0,0,2017-04-24,32590165,3762,28,0,0,0,0,0,0,0,0,3763,15,0,0,0,0,0,0,0,0
377,2017-04-24,09:03:10,745,jd1709,XDCE,3763,3760,3791,15556,587810440,180010,179462,3994,3614,3804,3810,0,3783,0,0,0,2017-04-24,32590745,3762,21,0,0,0,0,0,0,0,0,3763,15,0,0,0,0,0,0,0,0
378,2017-04-24,09:03:11,136,jd1709,XDCE,3762,3760,3791,15578,588638100,180028,179462,3994,3614,3804,3810,0,3783,0,0,0,2017-04-24,32591136,3762,11,0,0,0,0,0,0,0,0,3763,14,0,0,0,0,0,0,0,0
379,2017-04-24,09:03:11,734,jd1709,XDCE,3763,3760,3791,15618,590143300,180006,179462,3994,3614,3804,3810,0,3783,0,0,0,2017-04-24,32591734,3762,14,0,0,0,0,0,0,0,0,3763,2,0,0,0,0,0,0,0,0
380,2017-04-24,09:03:12,199,jd1709,XDCE,3763,3760,3791,15618,590143300,180006,179462,3994,3614,3804,3810,0,3783,0,0,0,2017-04-24,32592199,3762,17,0,0,0,0,0,0,0,0,3763,5,0,0,0,0,0,0,0,0
381,2017-04-24,09:03:12,677,jd1709,XDCE,3762,3760,3791,15690,592851620,180034,179462,3994,3614,3804,3810,0,3783,0,0,0,2017-04-24,32592677,3761,8,0,0,0,0,0,0,0,0,3763,7,0,0,0,0,0,0,0,0
382,2017-04-24,09:03:13,251,jd1709,XDCE,3762,3760,3791,15698,593152640,180030,179462,3994,3614,3804,3810,0,3783,0,0,0,2017-04-24,32593251,3761,10,0,0,0,0,0,0,0,0,3763,6,0,0,0,0,0,0,0,0
383,2017-04-24,09:03:13,709,jd1709,XDCE,3763,3760,3791,15706,593453640,180030,179462,3994,3614,3804,3810,0,3783,0,0,0,2017-04-24,32593709,3762,16,0,0,0,0,0,0,0,0,3763,4,0,0,0,0,0,0,0,0
384,2017-04-24,09:03:14,229,jd1709,XDCE,3762,3760,3791,15736,594582300,180038,179462,3994,3614,3804,3810,0,3783,0,0,0,2017-04-24,32594229,3762,5,0,0,0,0,0,0,0,0,3763,1,0,0,0,0,0,0,0,0
385,2017-04-24,09:03:14,763,jd1709,XDCE,3760,3760,3791,15782,596312680,180040,179462,3994,3614,3804,3810,0,3783,0,0,0,2017-04-24,32594763,3761,1,0,0,0,0,0,0,0,0,3763,13,0,0,0,0,0,0,0,0
386,2017-04-24,09:03:15,255,jd1709,XDCE,3761,3760,3791,15952,602706560,180080,179462,3994,3614,3804,3810,0,3783,0,0,0,2017-04-24,32595255,3760,158,0,0,0,0,0,0,0,0,3761,10,0,0,0,0,0,0,0,0
387,2017-04-24,09:03:15,762,jd1709,XDCE,3760,3760,3791,16066,606994120,180084,179462,3994,3614,3804,3810,0,3783,0,0,0,2017-04-24,32595762,3760,108,0,0,0,0,0,0,0,0,3762,7,0,0,0,0,0,0,0,0
388,2017-04-24,09:03:16,228,jd1709,XDCE,3760,3760,3791,16082,607595840,180088,179462,3994,3614,3804,3810,0,3783,0,0,0,2017-04-24,32596228,3760,103,0,0,0,0,0,0,0,0,3762,6,0,0,0,0,0,0,0,0
389,2017-04-24,09:03:16,752,jd1709,XDCE,3761,3760,3791,16120,609025300,180062,179462,3994,3614,3804,3810,0,3783,0,0,0,2017-04-24,32596752,3761,1,0,0,0,0,0,0,0,0,3762,36,0,0,0,0,0,0,0,0
390,2017-04-24,09:03:17,205,jd1709,XDCE,3762,3760,3791,16210,612410680,180000,179462,3994,3614,3804,3810,0,3783,0,0,0,2017-04-24,32597205,3760,93,0,0,0,0,0,0,0,0,3761,20,0,0,0,0,0,0,0,0
391,2017-04-24,09:03:17,744,jd1709,XDCE,3760,3760,3791,16232,613238120,179998,179462,3994,3614,3804,3810,0,3783,0,0,0,2017-04-24,32597744,3760,88,0,0,0,0,0,0,0,0,3761,14,0,0,0,0,0,0,0,0
392,2017-04-24,09:03:18,256,jd1709,XDCE,3761,3760,3791,16240,613538980,179996,179462,3994,3614,3804,3810,0,3783,0,0,0,2017-04-24,32598256,3760,87,0,0,0,0,0,0,0,0,3761,11,0,0,0,0,0,0,0,0
393,2017-04-24,09:03:18,758,jd1709,XDCE,3760,3760,3791,16252,613990200,179992,179462,3994,3614,3804,3810,0,3783,0,0,0,2017-04-24,32598758,3760,82,0,0,0,0,0,0,0,0,3761,13,0,0,0,0,0,0,0,0
394,2017-04-24,09:03:19,241,jd1709,XDCE,3761,3760,3791,16272,614742360,179988,179462,3994,3614,3804,3810,0,3783,0,0,0,2017-04-24,32599241,3760,80,0,0,0,0,0,0,0,0,3761,5,0,0,0,0,0,0,0,0
395,2017-04-24,09:03:19,719,jd1709,XDCE,3761,3760,3791,16298,615720100,180004,179462,3994,3614,3804,3810,0,3783,0,0,0,2017-04-24,32599719,3760,74,0,0,0,0,0,0,0,0,3762,19,0,0,0,0,0,0,0,0
396,2017-04-24,09:03:20,253,jd1709,XDCE,3761,3760,3791,16302,615870520,180004,179462,3994,3614,3804,3810,0,3783,0,0,0,2017-04-24,32600253,3761,60,0,0,0,0,0,0,0,0,3762,17,0,0,0,0,0,0,0,0
397,2017-04-24,09:03:20,745,jd1709,XDCE,3761,3760,3791,16362,618127240,179988,179462,3994,3614,3804,3810,0,3783,0,0,0,2017-04-24,32600745,3761,37,0,0,0,0,0,0,0,0,3762,25,0,0,0,0,0,0,0,0
398,2017-04-24,09:03:21,261,jd1709,XDCE,3761,3760,3791,16448,621361700,179918,179462,3994,3614,3804,3810,0,3783,0,0,0,2017-04-24,32601261,3760,73,0,0,0,0,0,0,0,0,3761,22,0,0,0,0,0,0,0,0
399,2017-04-24,09:03:21,712,jd1709,XDCE,3761,3760,3791,16456,621662580,179912,179462,3994,3614,3804,3810,0,3783,0,0,0,2017-04-24,32601712,3760,74,0,0,0,0,0,0,0,0,3761,23,0,0,0,0,0,0,0,0
400,2017-04-24,09:03:22,208,jd1709,XDCE,3760,3760,3791,16462,621888220,179912,179462,3994,3614,3804,3810,0,3783,0,0,0,2017-04-24,32602208,3760,76,0,0,0,0,0,0,0,0,3761,23,0,0,0,0,0,0,0,0
401,2017-04-24,09:03:22,726,jd1709,XDCE,3760,3760,3791,16540,624821060,179848,179462,3994,3614,3804,3810,0,3783,0,0,0,2017-04-24,32602726,3760,40,0,0,0,0,0,0,0,0,3761,47,0,0,0,0,0,0,0,0
402,2017-04-24,09:03:23,237,jd1709,XDCE,3760,3760,3791,16644,628731500,179808,179462,3994,3614,3804,3810,0,3783,0,0,0,2017-04-24,32603237,3759,22,0,0,0,0,0,0,0,0,3760,21,0,0,0,0,0,0,0,0
403,2017-04-24,09:03:23,721,jd1709,XDCE,3758,3758,3791,16756,632941020,179838,179462,3994,3614,3804,3810,0,3783,0,0,0,2017-04-24,32603721,3758,10,0,0,0,0,0,0,0,0,3759,28,0,0,0,0,0,0,0,0
404,2017-04-24,09:03:24,263,jd1709,XDCE,3758,3755,3791,16902,638426020,179846,179462,3994,3614,3804,3810,0,3783,0,0,0,2017-04-24,32604263,3755,103,0,0,0,0,0,0,0,0,3758,78,0,0,0,0,0,0,0,0
405,2017-04-24,09:03:24,762,jd1709,XDCE,3755,3755,3791,16990,641730720,179790,179462,3994,3614,3804,3810,0,3783,0,0,0,2017-04-24,32604762,3755,65,0,0,0,0,0,0,0,0,3758,74,0,0,0,0,0,0,0,0
406,2017-04-24,09:03:25,263,jd1709,XDCE,3757,3755,3791,17040,643608620,179806,179462,3994,3614,3804,3810,0,3783,0,0,0,2017-04-24,32605263,3757,4,0,0,0,0,0,0,0,0,3758,77,0,0,0,0,0,0,0,0
407,2017-04-24,09:03:25,755,jd1709,XDCE,3757,3755,3791,17054,644134520,179816,179462,3994,3614,3804,3810,0,3783,0,0,0,2017-04-24,32605755,3755,48,0,0,0,0,0,0,0,0,3757,21,0,0,0,0,0,0,0,0
408,2017-04-24,09:03:26,198,jd1709,XDCE,3757,3755,3791,17066,644585360,179826,179462,3994,3614,3804,3810,0,3783,0,0,0,2017-04-24,32606198,3756,15,0,0,0,0,0,0,0,0,3757,21,0,0,0,0,0,0,0,0
409,2017-04-24,09:03:26,744,jd1709,XDCE,3756,3755,3791,17094,645637040,179826,179462,3994,3614,3804,3810,0,3783,0,0,0,2017-04-24,32606744,3756,1,0,0,0,0,0,0,0,0,3757,8,0,0,0,0,0,0,0,0
410,2017-04-24,09:03:27,251,jd1709,XDCE,3757,3755,3791,17122,646688540,179846,179462,3994,3614,3804,3810,0,3783,0,0,0,2017-04-24,32607251,3756,78,0,0,0,0,0,0,0,0,3757,7,0,0,0,0,0,0,0,0
411,2017-04-24,09:03:27,762,jd1709,XDCE,3758,3755,3791,17138,647289680,179850,179462,3994,3614,3804,3810,0,3783,0,0,0,2017-04-24,32607762,3756,85,0,0,0,0,0,0,0,0,3758,56,0,0,0,0,0,0,0,0
412,2017-04-24,09:03:28,255,jd1709,XDCE,3757,3755,3791,17180,648867640,179850,179462,3994,3614,3804,3810,0,3783,0,0,0,2017-04-24,32608255,3756,85,0,0,0,0,0,0,0,0,3758,55,0,0,0,0,0,0,0,0
413,2017-04-24,09:03:28,760,jd1709,XDCE,3757,3755,3791,17204,649769140,179830,179462,3994,3614,3804,3810,0,3783,0,0,0,2017-04-24,32608760,3756,85,0,0,0,0,0,0,0,0,3758,53,0,0,0,0,0,0,0,0
414,2017-04-24,09:03:29,242,jd1709,XDCE,3758,3755,3791,17282,652700060,179792,179462,3994,3614,3804,3810,0,3783,0,0,0,2017-04-24,32609242,3756,83,0,0,0,0,0,0,0,0,3758,22,0,0,0,0,0,0,0,0
415,2017-04-24,09:03:29,715,jd1709,XDCE,3757,3755,3791,17294,653150920,179792,179462,3994,3614,3804,3810,0,3783,0,0,0,2017-04-24,32609715,3757,2,0,0,0,0,0,0,0,0,3758,24,0,0,0,0,0,0,0,0
416,2017-04-24,09:03:30,252,jd1709,XDCE,3758,3755,3791,17360,655630900,179788,179462,3994,3614,3804,3810,0,3783,0,0,0,2017-04-24,32610252,3757,4,0,0,0,0,0,0,0,0,3758,4,0,0,0,0,0,0,0,0
417,2017-04-24,09:03:30,754,jd1709,XDCE,3758,3755,3791,17372,656081840,179792,179462,3994,3614,3804,3810,0,3783,0,0,0,2017-04-24,32610754,3757,6,0,0,0,0,0,0,0,0,3758,17,0,0,0,0,0,0,0,0
418,2017-04-24,09:03:31,258,jd1709,XDCE,3758,3755,3791,17414,657660140,179820,179462,3994,3614,3804,3810,0,3783,0,0,0,2017-04-24,32611258,3758,1,0,0,0,0,0,0,0,0,3759,54,0,0,0,0,0,0,0,0
419,2017-04-24,09:03:31,752,jd1709,XDCE,3758,3755,3791,17426,658111100,179822,179462,3994,3614,3804,3810,0,3783,0,0,0,2017-04-24,32611752,3758,19,0,0,0,0,0,0,0,0,3759,54,0,0,0,0,0,0,0,0
420,2017-04-24,09:03:32,166,jd1709,XDCE,3759,3755,3791,17430,658261460,179820,179462,3994,3614,3804,3810,0,3783,0,0,0,2017-04-24,32612166,3758,22,0,0,0,0,0,0,0,0,3759,53,0,0,0,0,0,0,0,0
421,2017-04-24,09:03:32,747,jd1709,XDCE,3758,3755,3791,17434,658411800,179820,179462,3994,3614,3804,3810,0,3783,0,0,0,2017-04-24,32612747,3758,21,0,0,0,0,0,0,0,0,3759,50,0,0,0,0,0,0,0,0
422,2017-04-24,09:03:33,189,jd1709,XDCE,3759,3755,3791,17460,659388980,179818,179462,3994,3614,3804,3810,0,3783,0,0,0,2017-04-24,32613189,3758,18,0,0,0,0,0,0,0,0,3759,45,0,0,0,0,0,0,0,0
423,2017-04-24,09:03:33,689,jd1709,XDCE,3758,3755,3791,17470,659764840,179816,179462,3994,3614,3804,3810,0,3783,0,0,0,2017-04-24,32613689,3758,26,0,0,0,0,0,0,0,0,3759,42,0,0,0,0,0,0,0,0
424,2017-04-24,09:03:34,166,jd1709,XDCE,3759,3755,3791,17480,660140720,179814,179462,3994,3614,3804,3810,0,3783,0,0,0,2017-04-24,32614166,3758,25,0,0,0,0,0,0,0,0,3759,38,0,0,0,0,0,0,0,0
425,2017-04-24,09:03:34,734,jd1709,XDCE,3758,3755,3791,17494,660666860,179818,179462,3994,3614,3804,3810,0,3783,0,0,0,2017-04-24,32614734,3758,20,0,0,0,0,0,0,0,0,3759,37,0,0,0,0,0,0,0,0
426,2017-04-24,09:03:35,245,jd1709,XDCE,3758,3755,3791,17582,663974660,179820,179462,3994,3614,3804,3810,0,3783,0,0,0,2017-04-24,32615245,3759,33,0,0,0,0,0,0,0,0,3760,108,0,0,0,0,0,0,0,0
427,2017-04-24,09:03:35,730,jd1709,XDCE,3760,3755,3791,17690,668035360,179846,179462,3994,3614,3804,3810,0,3783,0,0,0,2017-04-24,32615730,3759,36,0,0,0,0,0,0,0,0,3760,52,0,0,0,0,0,0,0,0
428,2017-04-24,09:03:36,205,jd1709,XDCE,3760,3755,3791,17800,672171300,179864,179462,3994,3614,3804,3810,0,3783,0,0,0,2017-04-24,32616205,3760,37,0,0,0,0,0,0,0,0,3761,44,0,0,0,0,0,0,0,0
429,2017-04-24,09:03:36,750,jd1709,XDCE,3760,3755,3791,17840,673675360,179838,179462,3994,3614,3804,3810,0,3783,0,0,0,2017-04-24,32616750,3760,17,0,0,0,0,0,0,0,0,3761,38,0,0,0,0,0,0,0,0
430,2017-04-24,09:03:37,235,jd1709,XDCE,3761,3755,3791,17842,673750580,179838,179462,3994,3614,3804,3810,0,3783,0,0,0,2017-04-24,32617235,3760,23,0,0,0,0,0,0,0,0,3761,37,0,0,0,0,0,0,0,0
431,2017-04-24,09:03:37,737,jd1709,XDCE,3760,3755,3791,17914,676458300,179830,179462,3994,3614,3804,3810,0,3783,0,0,0,2017-04-24,32617737,3760,16,0,0,0,0,0,0,0,0,3761,12,0,0,0,0,0,0,0,0
432,2017-04-24,09:03:38,258,jd1709,XDCE,3761,3755,3791,17938,677360940,179854,179462,3994,3614,3804,3810,0,3783,0,0,0,2017-04-24,32618258,3761,31,0,0,0,0,0,0,0,0,3762,40,0,0,0,0,0,0,0,0
433,2017-04-24,09:03:38,761,jd1709,XDCE,3761,3755,3791,17938,677360940,179854,179462,3994,3614,3804,3810,0,3783,0,0,0,2017-04-24,32618761,3761,33,0,0,0,0,0,0,0,0,3762,36,0,0,0,0,0,0,0,0
434,2017-04-24,09:03:39,207,jd1709,XDCE,3762,3755,3791,18014,680220020,179810,179462,3994,3614,3804,3810,0,3783,0,0,0,2017-04-24,32619207,3762,34,0,0,0,0,0,0,0,0,3763,92,0,0,0,0,0,0,0,0
435,2017-04-24,09:03:39,708,jd1709,XDCE,3762,3755,3791,18030,680821940,179808,179462,3994,3614,3804,3810,0,3783,0,0,0,2017-04-24,32619708,3762,21,0,0,0,0,0,0,0,0,3763,92,0,0,0,0,0,0,0,0
436,2017-04-24,09:03:40,247,jd1709,XDCE,3762,3755,3791,18042,681273380,179820,179462,3994,3614,3804,3810,0,3783,0,0,0,2017-04-24,32620247,3762,15,0,0,0,0,0,0,0,0,3763,92,0,0,0,0,0,0,0,0
437,2017-04-24,09:03:40,704,jd1709,XDCE,3762,3755,3791,18088,683003900,179804,179462,3994,3614,3804,3810,0,3783,0,0,0,2017-04-24,32620704,3762,6,0,0,0,0,0,0,0,0,3763,92,0,0,0,0,0,0,0,0
438,2017-04-24,09:03:41,216,jd1709,XDCE,3762,3755,3791,18116,684057360,179818,179462,3994,3614,3804,3810,0,3783,0,0,0,2017-04-24,32621216,3761,27,0,0,0,0,0,0,0,0,3762,5,0,0,0,0,0,0,0,0
439,2017-04-24,09:03:41,652,jd1709,XDCE,3763,3755,3791,18128,684508820,179816,179462,3994,3614,3804,3810,0,3783,0,0,0,2017-04-24,32621652,3761,27,0,0,0,0,0,0,0,0,3763,91,0,0,0,0,0,0,0,0
440,2017-04-24,09:03:42,245,jd1709,XDCE,3762,3755,3791,18144,685110800,179822,179462,3994,3614,3804,3810,0,3783,0,0,0,2017-04-24,32622245,3761,26,0,0,0,0,0,0,0,0,3762,9,0,0,0,0,0,0,0,0
441,2017-04-24,09:03:42,728,jd1709,XDCE,3763,3755,3791,18174,686239480,179828,179462,3994,3614,3804,3810,0,3783,0,0,0,2017-04-24,32622728,3762,2,0,0,0,0,0,0,0,0,3763,92,0,0,0,0,0,0,0,0
442,2017-04-24,09:03:43,192,jd1709,XDCE,3763,3755,3791,18188,686766280,179830,179462,3994,3614,3804,3810,0,3783,0,0,0,2017-04-24,32623192,3762,6,0,0,0,0,0,0,0,0,3763,86,0,0,0,0,0,0,0,0
443,2017-04-24,09:03:43,678,jd1709,XDCE,3762,3755,3791,18190,686841520,179830,179462,3994,3614,3804,3810,0,3783,0,0,0,2017-04-24,32623678,3762,5,0,0,0,0,0,0,0,0,3763,86,0,0,0,0,0,0,0,0
444,2017-04-24,09:03:44,33,jd1709,XDCE,3763,3755,3791,18194,686992020,179834,179462,3994,3614,3804,3810,0,3783,0,0,0,2017-04-24,32624033,3762,4,0,0,0,0,0,0,0,0,3763,86,0,0,0,0,0,0,0,0
445,2017-04-24,09:03:44,752,jd1709,XDCE,3762,3755,3791,18196,687067260,179836,179462,3994,3614,3804,3810,0,3783,0,0,0,2017-04-24,32624752,3762,4,0,0,0,0,0,0,0,0,3763,91,0,0,0,0,0,0,0,0
446,2017-04-24,09:03:45,193,jd1709,XDCE,3763,3755,3791,18206,687443560,179836,179462,3994,3614,3804,3810,0,3783,0,0,0,2017-04-24,32625193,3762,23,0,0,0,0,0,0,0,0,3763,86,0,0,0,0,0,0,0,0
447,2017-04-24,09:03:45,712,jd1709,XDCE,3763,3755,3791,18258,689400300,179860,179462,3994,3614,3804,3810,0,3783,0,0,0,2017-04-24,32625712,3762,22,0,0,0,0,0,0,0,0,3763,57,0,0,0,0,0,0,0,0
448,2017-04-24,09:03:46,231,jd1709,XDCE,3763,3755,3791,18308,691281760,179878,179462,3994,3614,3804,3810,0,3783,0,0,0,2017-04-24,32626231,3762,20,0,0,0,0,0,0,0,0,3763,32,0,0,0,0,0,0,0,0
449,2017-04-24,09:03:46,728,jd1709,XDCE,3763,3755,3791,18380,693991060,179910,179462,3994,3614,3804,3810,0,3783,0,0,0,2017-04-24,32626728,3763,28,0,0,0,0,0,0,0,0,3764,44,0,0,0,0,0,0,0,0
450,2017-04-24,09:03:47,172,jd1709,XDCE,3764,3755,3791,18398,694668460,179928,179462,3994,3614,3804,3810,0,3783,0,0,0,2017-04-24,32627172,3763,23,0,0,0,0,0,0,0,0,3764,36,0,0,0,0,0,0,0,0
451,2017-04-24,09:03:47,759,jd1709,XDCE,3763,3755,3791,18438,696173660,179890,179462,3994,3614,3804,3810,0,3783,0,0,0,2017-04-24,32627759,3763,55,0,0,0,0,0,0,0,0,3764,36,0,0,0,0,0,0,0,0
452,2017-04-24,09:03:48,253,jd1709,XDCE,3764,3755,3791,18518,699184800,179896,179462,3994,3614,3804,3810,0,3783,0,0,0,2017-04-24,32628253,3764,15,0,0,0,0,0,0,0,0,3765,2,0,0,0,0,0,0,0,0
453,2017-04-24,09:03:48,703,jd1709,XDCE,3765,3755,3791,18520,699260100,179896,179462,3994,3614,3804,3810,0,3783,0,0,0,2017-04-24,32628703,3764,15,0,0,0,0,0,0,0,0,3765,1,0,0,0,0,0,0,0,0
454,2017-04-24,09:03:49,202,jd1709,XDCE,3765,3755,3791,18532,699711920,179898,179462,3994,3614,3804,3810,0,3783,0,0,0,2017-04-24,32629202,3765,5,0,0,0,0,0,0,0,0,3766,31,0,0,0,0,0,0,0,0
455,2017-04-24,09:03:49,681,jd1709,XDCE,3765,3755,3791,18568,701067320,179898,179462,3994,3614,3804,3810,0,3783,0,0,0,2017-04-24,32629681,3765,9,0,0,0,0,0,0,0,0,3766,37,0,0,0,0,0,0,0,0
456,2017-04-24,09:03:50,260,jd1709,XDCE,3765,3755,3791,18620,703025440,179888,179462,3994,3614,3804,3810,0,3783,0,0,0,2017-04-24,32630260,3764,12,0,0,0,0,0,0,0,0,3765,5,0,0,0,0,0,0,0,0
457,2017-04-24,09:03:50,725,jd1709,XDCE,3765,3755,3791,18632,703477240,179890,179462,3994,3614,3804,3810,0,3783,0,0,0,2017-04-24,32630725,3765,7,0,0,0,0,0,0,0,0,3766,4,0,0,0,0,0,0,0,0
458,2017-04-24,09:03:51,148,jd1709,XDCE,3765,3755,3791,18632,703477240,179890,179462,3994,3614,3804,3810,0,3783,0,0,0,2017-04-24,32631148,3765,7,0,0,0,0,0,0,0,0,3766,17,0,0,0,0,0,0,0,0
459,2017-04-24,09:03:51,642,jd1709,XDCE,3766,3755,3791,18634,703552560,179892,179462,3994,3614,3804,3810,0,3783,0,0,0,2017-04-24,32631642,3765,7,0,0,0,0,0,0,0,0,3766,17,0,0,0,0,0,0,0,0
460,2017-04-24,09:03:52,254,jd1709,XDCE,3765,3755,3791,18684,705435520,179874,179462,3994,3614,3804,3810,0,3783,0,0,0,2017-04-24,32632254,3765,6,0,0,0,0,0,0,0,0,3767,52,0,0,0,0,0,0,0,0
461,2017-04-24,09:03:52,753,jd1709,XDCE,3765,3755,3791,18698,705962660,179876,179462,3994,3614,3804,3810,0,3783,0,0,0,2017-04-24,32632753,3764,5,0,0,0,0,0,0,0,0,3765,11,0,0,0,0,0,0,0,0
462,2017-04-24,09:03:53,202,jd1709,XDCE,3765,3755,3791,18700,706037960,179874,179462,3994,3614,3804,3810,0,3783,0,0,0,2017-04-24,32633202,3764,7,0,0,0,0,0,0,0,0,3765,11,0,0,0,0,0,0,0,0
463,2017-04-24,09:03:53,678,jd1709,XDCE,3765,3755,3791,18704,706188560,179872,179462,3994,3614,3804,3810,0,3783,0,0,0,2017-04-24,32633678,3764,8,0,0,0,0,0,0,0,0,3765,9,0,0,0,0,0,0,0,0
464,2017-04-24,09:03:54,123,jd1709,XDCE,3765,3755,3791,18716,706640340,179866,179462,3994,3614,3804,3810,0,3783,0,0,0,2017-04-24,32634123,3764,7,0,0,0,0,0,0,0,0,3765,4,0,0,0,0,0,0,0,0
465,2017-04-24,09:03:54,753,jd1709,XDCE,3765,3755,3791,18732,707242740,179864,179462,3994,3614,3804,3810,0,3783,0,0,0,2017-04-24,32634753,3765,46,0,0,0,0,0,0,0,0,3766,33,0,0,0,0,0,0,0,0
466,2017-04-24,09:03:55,210,jd1709,XDCE,3765,3755,3791,18762,708372260,179838,179462,3994,3614,3804,3810,0,3783,0,0,0,2017-04-24,32635210,3765,37,0,0,0,0,0,0,0,0,3766,32,0,0,0,0,0,0,0,0
467,2017-04-24,09:03:55,739,jd1709,XDCE,3765,3755,3791,18766,708522860,179836,179462,3994,3614,3804,3810,0,3783,0,0,0,2017-04-24,32635739,3765,35,0,0,0,0,0,0,0,0,3766,32,0,0,0,0,0,0,0,0
468,2017-04-24,09:03:56,161,jd1709,XDCE,3765,3755,3791,18770,708673460,179836,179462,3994,3614,3804,3810,0,3783,0,0,0,2017-04-24,32636161,3765,81,0,0,0,0,0,0,0,0,3766,32,0,0,0,0,0,0,0,0
469,2017-04-24,09:03:56,528,jd1709,XDCE,3765,3755,3791,18772,708748760,179836,179462,3994,3614,3804,3810,0,3783,0,0,0,2017-04-24,32636528,3765,80,0,0,0,0,0,0,0,0,3766,32,0,0,0,0,0,0,0,0
470,2017-04-24,09:03:57,255,jd1709,XDCE,3766,3755,3791,18784,709200600,179834,179462,3994,3614,3804,3810,0,3783,0,0,0,2017-04-24,32637255,3765,83,0,0,0,0,0,0,0,0,3767,68,0,0,0,0,0,0,0,0
471,2017-04-24,09:03:57,681,jd1709,XDCE,3765,3755,3791,18786,709275900,179832,179462,3994,3614,3804,3810,0,3783,0,0,0,2017-04-24,32637681,3765,81,0,0,0,0,0,0,0,0,3767,68,0,0,0,0,0,0,0,0
472,2017-04-24,09:03:58,205,jd1709,XDCE,3765,3755,3791,18792,709501800,179832,179462,3994,3614,3804,3810,0,3783,0,0,0,2017-04-24,32638205,3765,78,0,0,0,0,0,0,0,0,3766,4,0,0,0,0,0,0,0,0
473,2017-04-24,09:03:58,760,jd1709,XDCE,3767,3755,3791,18816,710405740,179830,179462,3994,3614,3804,3810,0,3783,0,0,0,2017-04-24,32638760,3766,17,0,0,0,0,0,0,0,0,3767,24,0,0,0,0,0,0,0,0
474,2017-04-24,09:03:59,201,jd1709,XDCE,3767,3755,3791,18822,710631760,179836,179462,3994,3614,3804,3810,0,3783,0,0,0,2017-04-24,32639201,3766,21,0,0,0,0,0,0,0,0,3767,20,0,0,0,0,0,0,0,0
475,2017-04-24,09:03:59,707,jd1709,XDCE,3766,3755,3791,18834,711083740,179842,179462,3994,3614,3804,3810,0,3783,0,0,0,2017-04-24,32639707,3766,18,0,0,0,0,0,0,0,0,3767,18,0,0,0,0,0,0,0,0
476,2017-04-24,09:04:00,235,jd1709,XDCE,3766,3755,3791,18886,713042080,179890,179462,3994,3614,3804,3810,0,3783,0,0,0,2017-04-24,32640235,3765,89,0,0,0,0,0,0,0,0,3766,8,0,0,0,0,0,0,0,0
477,2017-04-24,09:04:00,653,jd1709,XDCE,3766,3755,3791,18888,713117400,179892,179462,3994,3614,3804,3810,0,3783,0,0,0,2017-04-24,32640653,3765,89,0,0,0,0,0,0,0,0,3766,17,0,0,0,0,0,0,0,0
478,2017-04-24,09:04:01,262,jd1709,XDCE,3766,3755,3791,18904,713719880,179900,179462,3994,3614,3804,3810,0,3783,0,0,0,2017-04-24,32641262,3765,85,0,0,0,0,0,0,0,0,3766,13,0,0,0,0,0,0,0,0
479,2017-04-24,09:04:01,738,jd1709,XDCE,3766,3755,3791,18914,714096480,179898,179462,3994,3614,3804,3810,0,3783,0,0,0,2017-04-24,32641738,3765,86,0,0,0,0,0,0,0,0,3766,9,0,0,0,0,0,0,0,0
480,2017-04-24,09:04:02,254,jd1709,XDCE,3766,3755,3791,18920,714322440,179896,179462,3994,3614,3804,3810,0,3783,0,0,0,2017-04-24,32642254,3765,86,0,0,0,0,0,0,0,0,3766,7,0,0,0,0,0,0,0,0
481,2017-04-24,09:04:02,753,jd1709,XDCE,3765,3755,3791,18924,714473060,179896,179462,3994,3614,3804,3810,0,3783,0,0,0,2017-04-24,32642753,3765,86,0,0,0,0,0,0,0,0,3766,6,0,0,0,0,0,0,0,0
482,2017-04-24,09:04:03,242,jd1709,XDCE,3766,3755,3791,18932,714774300,179896,179462,3994,3614,3804,3810,0,3783,0,0,0,2017-04-24,32643242,3765,115,0,0,0,0,0,0,0,0,3766,4,0,0,0,0,0,0,0,0
483,2017-04-24,09:04:03,615,jd1709,XDCE,3766,3755,3791,18950,715452080,179882,179462,3994,3614,3804,3810,0,3783,0,0,0,2017-04-24,32643615,3765,110,0,0,0,0,0,0,0,0,3767,25,0,0,0,0,0,0,0,0
484,2017-04-24,09:04:04,170,jd1709,XDCE,3766,3755,3791,18950,715452080,179882,179462,3994,3614,3804,3810,0,3783,0,0,0,2017-04-24,32644170,3766,5,0,0,0,0,0,0,0,0,3767,33,0,0,0,0,0,0,0,0
485,2017-04-24,09:04:04,753,jd1709,XDCE,3766,3755,3791,18972,716280500,179892,179462,3994,3614,3804,3810,0,3783,0,0,0,2017-04-24,32644753,3765,106,0,0,0,0,0,0,0,0,3766,2,0,0,0,0,0,0,0,0
486,2017-04-24,09:04:05,258,jd1709,XDCE,3766,3755,3791,19006,717560820,179914,179462,3994,3614,3804,3810,0,3783,0,0,0,2017-04-24,32645258,3766,1,0,0,0,0,0,0,0,0,3767,31,0,0,0,0,0,0,0,0
487,2017-04-24,09:04:05,662,jd1709,XDCE,3767,3755,3791,19020,718088160,179928,179462,3994,3614,3804,3810,0,3783,0,0,0,2017-04-24,32645662,3765,87,0,0,0,0,0,0,0,0,3767,27,0,0,0,0,0,0,0,0
488,2017-04-24,09:04:06,254,jd1709,XDCE,3766,3755,3791,19028,718389420,179926,179462,3994,3614,3804,3810,0,3783,0,0,0,2017-04-24,32646254,3765,86,0,0,0,0,0,0,0,0,3766,11,0,0,0,0,0,0,0,0
489,2017-04-24,09:04:06,662,jd1709,XDCE,3766,3755,3791,19042,718916660,179936,179462,3994,3614,3804,3810,0,3783,0,0,0,2017-04-24,32646662,3765,96,0,0,0,0,0,0,0,0,3766,4,0,0,0,0,0,0,0,0
490,2017-04-24,09:04:07,254,jd1709,XDCE,3766,3755,3791,19050,719217940,179942,179462,3994,3614,3804,3810,0,3783,0,0,0,2017-04-24,32647254,3765,97,0,0,0,0,0,0,0,0,3767,27,0,0,0,0,0,0,0,0
491,2017-04-24,09:04:07,661,jd1709,XDCE,3765,3755,3791,19074,720121560,179942,179462,3994,3614,3804,3810,0,3783,0,0,0,2017-04-24,32647661,3765,87,0,0,0,0,0,0,0,0,3767,22,0,0,0,0,0,0,0,0
492,2017-04-24,09:04:08,254,jd1709,XDCE,3766,3755,3791,19076,720196880,179942,179462,3994,3614,3804,3810,0,3783,0,0,0,2017-04-24,32648254,3765,87,0,0,0,0,0,0,0,0,3766,29,0,0,0,0,0,0,0,0
493,2017-04-24,09:04:08,704,jd1709,XDCE,3766,3755,3791,19088,720648800,179944,179462,3994,3614,3804,3810,0,3783,0,0,0,2017-04-24,32648704,3765,87,0,0,0,0,0,0,0,0,3766,23,0,0,0,0,0,0,0,0
494,2017-04-24,09:04:09,231,jd1709,XDCE,3764,3755,3791,19312,729082400,180136,179462,3994,3614,3804,3810,0,3783,0,0,0,2017-04-24,32649231,3763,11,0,0,0,0,0,0,0,0,3764,21,0,0,0,0,0,0,0,0
495,2017-04-24,09:04:09,730,jd1709,XDCE,3764,3755,3791,19374,731415800,180120,179462,3994,3614,3804,3810,0,3783,0,0,0,2017-04-24,32649730,3762,19,0,0,0,0,0,0,0,0,3763,22,0,0,0,0,0,0,0,0
496,2017-04-24,09:04:10,209,jd1709,XDCE,3764,3755,3791,19378,731566360,180122,179462,3994,3614,3804,3810,0,3783,0,0,0,2017-04-24,32650209,3762,19,0,0,0,0,0,0,0,0,3763,31,0,0,0,0,0,0,0,0
497,2017-04-24,09:04:10,653,jd1709,XDCE,3764,3755,3791,19380,731641640,180122,179462,3994,3614,3804,3810,0,3783,0,0,0,2017-04-24,32650653,3762,19,0,0,0,0,0,0,0,0,3763,30,0,0,0,0,0,0,0,0
498,2017-04-24,09:04:11,253,jd1709,XDCE,3763,3755,3791,19384,731792180,180120,179462,3994,3614,3804,3810,0,3783,0,0,0,2017-04-24,32651253,3762,19,0,0,0,0,0,0,0,0,3763,28,0,0,0,0,0,0,0,0
499,2017-04-24,09:04:11,736,jd1709,XDCE,3763,3755,3791,19410,732770560,180138,179462,3994,3614,3804,3810,0,3783,0,0,0,2017-04-24,32651736,3762,19,0,0,0,0,0,0,0,0,3764,15,0,0,0,0,0,0,0,0
500,2017-04-24,09:04:12,254,jd1709,XDCE,3763,3755,3791,19410,732770560,180138,179462,3994,3614,3804,3810,0,3783,0,0,0,2017-04-24,32652254,3763,1,0,0,0,0,0,0,0,0,3764,18,0,0,0,0,0,0,0,0
501,2017-04-24,09:04:12,600,jd1709,XDCE,3764,3755,3791,19416,732996400,180136,179462,3994,3614,3804,3810,0,3783,0,0,0,2017-04-24,32652600,3763,1,0,0,0,0,0,0,0,0,3764,15,0,0,0,0,0,0,0,0
502,2017-04-24,09:04:13,251,jd1709,XDCE,3764,3755,3791,19424,733297500,180144,179462,3994,3614,3804,3810,0,3783,0,0,0,2017-04-24,32653251,3763,1,0,0,0,0,0,0,0,0,3764,12,0,0,0,0,0,0,0,0
503,2017-04-24,09:04:13,723,jd1709,XDCE,3764,3755,3791,19432,733598600,180150,179462,3994,3614,3804,3810,0,3783,0,0,0,2017-04-24,32653723,3763,3,0,0,0,0,0,0,0,0,3764,9,0,0,0,0,0,0,0,0
504,2017-04-24,09:04:14,223,jd1709,XDCE,3763,3755,3791,19436,733749120,180148,179462,3994,3614,3804,3810,0,3783,0,0,0,2017-04-24,32654223,3763,3,0,0,0,0,0,0,0,0,3764,9,0,0,0,0,0,0,0,0
505,2017-04-24,09:04:14,753,jd1709,XDCE,3764,3755,3791,19440,733899680,180152,179462,3994,3614,3804,3810,0,3783,0,0,0,2017-04-24,32654753,3763,5,0,0,0,0,0,0,0,0,3764,7,0,0,0,0,0,0,0,0
506,2017-04-24,09:04:15,262,jd1709,XDCE,3764,3755,3791,19450,734276020,180156,179462,3994,3614,3804,3810,0,3783,0,0,0,2017-04-24,32655262,3763,2,0,0,0,0,0,0,0,0,3764,5,0,0,0,0,0,0,0,0
507,2017-04-24,09:04:15,462,jd1709,XDCE,3764,3755,3791,19454,734426580,180158,179462,3994,3614,3804,3810,0,3783,0,0,0,2017-04-24,32655462,3763,12,0,0,0,0,0,0,0,0,3764,3,0,0,0,0,0,0,0,0
508,2017-04-24,09:04:16,741,jd1709,XDCE,3762,3755,3791,19512,736608960,180210,179462,3994,3614,3804,3810,0,3783,0,0,0,2017-04-24,32656741,3762,9,0,0,0,0,0,0,0,0,3765,176,0,0,0,0,0,0,0,0
509,2017-04-24,09:04:17,262,jd1709,XDCE,3764,3755,3791,19532,737361700,180210,179462,3994,3614,3804,3810,0,3783,0,0,0,2017-04-24,32657262,3763,2,0,0,0,0,0,0,0,0,3764,6,0,0,0,0,0,0,0,0
510,2017-04-24,09:04:17,744,jd1709,XDCE,3763,3755,3791,19576,739018100,180252,179462,3994,3614,3804,3810,0,3783,0,0,0,2017-04-24,32657744,3763,4,0,0,0,0,0,0,0,0,3764,14,0,0,0,0,0,0,0,0
511,2017-04-24,09:04:18,14,jd1709,XDCE,3764,3755,3791,19592,739620340,180236,179462,3994,3614,3804,3810,0,3783,0,0,0,2017-04-24,32658014,3763,4,0,0,0,0,0,0,0,0,3764,8,0,0,0,0,0,0,0,0
512,2017-04-24,09:04:18,741,jd1709,XDCE,3763,3755,3791,19618,740598760,180248,179462,3994,3614,3804,3810,0,3783,0,0,0,2017-04-24,32658741,3763,2,0,0,0,0,0,0,0,0,3764,7,0,0,0,0,0,0,0,0
513,2017-04-24,09:04:19,143,jd1709,XDCE,3764,3755,3791,19624,740824560,180252,179462,3994,3614,3804,3810,0,3783,0,0,0,2017-04-24,32659143,3762,19,0,0,0,0,0,0,0,0,3764,6,0,0,0,0,0,0,0,0
514,2017-04-24,09:04:19,704,jd1709,XDCE,3764,3755,3791,19626,740899840,180250,179462,3994,3614,3804,3810,0,3783,0,0,0,2017-04-24,32659704,3762,19,0,0,0,0,0,0,0,0,3764,14,0,0,0,0,0,0,0,0
515,2017-04-24,09:04:20,232,jd1709,XDCE,3764,3755,3791,19628,740975120,180250,179462,3994,3614,3804,3810,0,3783,0,0,0,2017-04-24,32660232,3763,1,0,0,0,0,0,0,0,0,3764,19,0,0,0,0,0,0,0,0
516,2017-04-24,09:04:20,728,jd1709,XDCE,3762,3755,3791,19680,742931480,180272,179462,3994,3614,3804,3810,0,3783,0,0,0,2017-04-24,32660728,3761,30,0,0,0,0,0,0,0,0,3762,10,0,0,0,0,0,0,0,0
517,2017-04-24,09:04:21,179,jd1709,XDCE,3762,3755,3791,19682,743006720,180274,179462,3994,3614,3804,3810,0,3783,0,0,0,2017-04-24,32661179,3761,35,0,0,0,0,0,0,0,0,3762,19,0,0,0,0,0,0,0,0
518,2017-04-24,09:04:21,661,jd1709,XDCE,3762,3755,3791,19686,743157200,180276,179462,3994,3614,3804,3810,0,3783,0,0,0,2017-04-24,32661661,3761,37,0,0,0,0,0,0,0,0,3762,17,0,0,0,0,0,0,0,0
519,2017-04-24,09:04:22,253,jd1709,XDCE,3762,3755,3791,19690,743307680,180280,179462,3994,3614,3804,3810,0,3783,0,0,0,2017-04-24,32662253,3761,37,0,0,0,0,0,0,0,0,3762,16,0,0,0,0,0,0,0,0
520,2017-04-24,09:04:22,724,jd1709,XDCE,3762,3755,3791,19702,743759100,180292,179462,3994,3614,3804,3810,0,3783,0,0,0,2017-04-24,32662724,3761,42,0,0,0,0,0,0,0,0,3762,17,0,0,0,0,0,0,0,0
521,2017-04-24,09:04:23,98,jd1709,XDCE,3761,3755,3791,19788,746993560,180358,179462,3994,3614,3804,3810,0,3783,0,0,0,2017-04-24,32663098,3760,42,0,0,0,0,0,0,0,0,3761,75,0,0,0,0,0,0,0,0
522,2017-04-24,09:04:23,589,jd1709,XDCE,3761,3755,3791,19790,747068780,180360,179462,3994,3614,3804,3810,0,3783,0,0,0,2017-04-24,32663589,3760,42,0,0,0,0,0,0,0,0,3761,76,0,0,0,0,0,0,0,0
523,2017-04-24,09:04:24,207,jd1709,XDCE,3760,3755,3791,19922,752031920,180314,179462,3994,3614,3804,3810,0,3783,0,0,0,2017-04-24,32664207,3759,32,0,0,0,0,0,0,0,0,3760,15,0,0,0,0,0,0,0,0
524,2017-04-24,09:04:24,659,jd1709,XDCE,3759,3755,3791,19926,752182300,180314,179462,3994,3614,3804,3810,0,3783,0,0,0,2017-04-24,32664659,3759,29,0,0,0,0,0,0,0,0,3760,14,0,0,0,0,0,0,0,0
525,2017-04-24,09:04:25,246,jd1709,XDCE,3759,3755,3791,19938,752633380,180320,179462,3994,3614,3804,3810,0,3783,0,0,0,2017-04-24,32665246,3759,24,0,0,0,0,0,0,0,0,3760,15,0,0,0,0,0,0,0,0
526,2017-04-24,09:04:25,547,jd1709,XDCE,3759,3755,3791,19986,754437700,180322,179462,3994,3614,3804,3810,0,3783,0,0,0,2017-04-24,32665547,3758,45,0,0,0,0,0,0,0,0,3759,1,0,0,0,0,0,0,0,0
527,2017-04-24,09:04:26,235,jd1709,XDCE,3759,3755,3791,20012,755414820,180340,179462,3994,3614,3804,3810,0,3783,0,0,0,2017-04-24,32666235,3758,36,0,0,0,0,0,0,0,0,3760,25,0,0,0,0,0,0,0,0
528,2017-04-24,09:04:26,726,jd1709,XDCE,3758,3755,3791,20020,755715540,180338,179462,3994,3614,3804,3810,0,3783,0,0,0,2017-04-24,32666726,3758,29,0,0,0,0,0,0,0,0,3760,23,0,0,0,0,0,0,0,0
529,2017-04-24,09:04:27,228,jd1709,XDCE,3760,3755,3791,20036,756317100,180340,179462,3994,3614,3804,3810,0,3783,0,0,0,2017-04-24,32667228,3758,28,0,0,0,0,0,0,0,0,3760,16,0,0,0,0,0,0,0,0
530,2017-04-24,09:04:27,720,jd1709,XDCE,3759,3755,3791,20044,756617880,180340,179462,3994,3614,3804,3810,0,3783,0,0,0,2017-04-24,32667720,3759,4,0,0,0,0,0,0,0,0,3760,18,0,0,0,0,0,0,0,0
531,2017-04-24,09:04:28,162,jd1709,XDCE,3758,3755,3791,20076,757820640,180356,179462,3994,3614,3804,3810,0,3783,0,0,0,2017-04-24,32668162,3758,23,0,0,0,0,0,0,0,0,3760,18,0,0,0,0,0,0,0,0
532,2017-04-24,09:04:28,710,jd1709,XDCE,3760,3755,3791,20080,757971000,180358,179462,3994,3614,3804,3810,0,3783,0,0,0,2017-04-24,32668710,3759,1,0,0,0,0,0,0,0,0,3760,20,0,0,0,0,0,0,0,0
533,2017-04-24,09:04:29,163,jd1709,XDCE,3759,3755,3791,20086,758196540,180358,179462,3994,3614,3804,3810,0,3783,0,0,0,2017-04-24,32669163,3758,26,0,0,0,0,0,0,0,0,3760,20,0,0,0,0,0,0,0,0
534,2017-04-24,09:04:29,665,jd1709,XDCE,3759,3755,3791,20134,760000700,180396,179462,3994,3614,3804,3810,0,3783,0,0,0,2017-04-24,32669665,3759,6,0,0,0,0,0,0,0,0,3760,18,0,0,0,0,0,0,0,0
535,2017-04-24,09:04:30,225,jd1709,XDCE,3760,3755,3791,20138,760151100,180392,179462,3994,3614,3804,3810,0,3783,0,0,0,2017-04-24,32670225,3759,10,0,0,0,0,0,0,0,0,3760,21,0,0,0,0,0,0,0,0
536,2017-04-24,09:04:30,736,jd1709,XDCE,3760,3755,3791,20148,760527100,180394,179462,3994,3614,3804,3810,0,3783,0,0,0,2017-04-24,32670736,3759,10,0,0,0,0,0,0,0,0,3760,17,0,0,0,0,0,0,0,0
