,dataDate,dataTime,dataMillisec,instrumentID,exchangeCD,lastPrice,lowPrice,highPrice,volume,value,openInterest,preOpenInterest,upperLimitPrice,lowerLimitPrice,preSettlementPrice,prevClosePrice,settlementPrice,openPrice,closePrice,preDelta,currDelta,clearingDay,milliSecOffset,bidPrice1,bidVolume1,bidPrice2,bidVolume2,bidPrice3,bidVolume3,bidPrice4,bidVolume4,bidPrice5,bidVolume5,askPrice1,askVolume1,askPrice2,askVolume2,askPrice3,askVolume3,askPrice4,askVolume4,askPrice5,askVolume5
0,2017-04-24,09:00:00,708,jm1709,XDCE,1140.0,1126.5,1142.5,65310,4449201540,178440,195028,1239.5,1035.5,1137.5,1138.5,0,1135,0.0,0,0,2017-04-24,32400708,1140.0,2,0,0,0,0,0,0,0,0,1141.0,52,0,0,0,0,0,0,0,0
1,2017-04-24,09:00:01,187,jm1709,XDCE,1130.0,1126.5,1142.5,66132,4505105760,178656,195028,1239.5,1035.5,1137.5,1138.5,0,1135,0.0,0,0,2017-04-24,32401187,1130.0,21,0,0,0,0,0,0,0,0,1132.5,6,0,0,0,0,0,0,0,0
2,2017-04-24,09:00:01,695,jm1709,XDCE,1130.0,1125.0,1142.5,66640,4539475680,178814,195028,1239.5,1035.5,1137.5,1138.5,0,1135,0.0,0,0,2017-04-24,32401695,1125.0,20,0,0,0,0,0,0,0,0,1130.0,17,0,0,0,0,0,0,0,0
3,2017-04-24,09:00:02,201,jm1709,XDCE,1125.5,1124.5,1142.5,66856,4554066060,178794,195028,1239.5,1035.5,1137.5,1138.5,0,1135,0.0,0,0,2017-04-24,32402201,1125.5,7,0,0,0,0,0,0,0,0,1127.5,4,0,0,0,0,0,0,0,0
4,2017-04-24,09:00:02,697,jm1709,XDCE,1125.5,1124.5,1142.5,67228,4579232940,178568,195028,1239.5,1035.5,1137.5,1138.5,0,1135,0.0,0,0,2017-04-24,32402697,1125.5,10,0,0,0,0,0,0,0,0,1126.5,11,0,0,0,0,0,0,0,0
5,2017-04-24,09:00:03,180,jm1709,XDCE,1125.5,1124.0,1142.5,67330,4586117340,178572,195028,1239.5,1035.5,1137.5,1138.5,0,1135,0.0,0,0,2017-04-24,32403180,1124.5,1,0,0,0,0,0,0,0,0,1125.0,1,0,0,0,0,0,0,0,0
6,2017-04-24,09:00:03,688,jm1709,XDCE,1127.5,1123.5,1142.5,67450,4594220760,178552,195028,1239.5,1035.5,1137.5,1138.5,0,1135,0.0,0,0,2017-04-24,32403688,1125.0,3,0,0,0,0,0,0,0,0,1127.5,31,0,0,0,0,0,0,0,0
7,2017-04-24,09:00:04,200,jm1709,XDCE,1129.5,1123.5,1142.5,67706,4611551460,178504,195028,1239.5,1035.5,1137.5,1138.5,0,1135,0.0,0,0,2017-04-24,32404200,1129.0,5,0,0,0,0,0,0,0,0,1129.5,1,0,0,0,0,0,0,0,0
8,2017-04-24,09:00:04,694,jm1709,XDCE,1126.5,1123.5,1142.5,67784,4616827380,178478,195028,1239.5,1035.5,1137.5,1138.5,0,1135,0.0,0,0,2017-04-24,32404694,1124.0,1,0,0,0,0,0,0,0,0,1126.5,1,0,0,0,0,0,0,0,0
9,2017-04-24,09:00:05,196,jm1709,XDCE,1126.0,1123.5,1142.5,67824,4619528760,178476,195028,1239.5,1035.5,1137.5,1138.5,0,1135,0.0,0,0,2017-04-24,32405196,1125.5,2,0,0,0,0,0,0,0,0,1126.0,2,0,0,0,0,0,0,0,0
10,2017-04-24,09:00:05,677,jm1709,XDCE,1125.5,1123.5,1142.5,67854,4621553880,178472,195028,1239.5,1035.5,1137.5,1138.5,0,1135,0.0,0,0,2017-04-24,32405677,1125.0,1,0,0,0,0,0,0,0,0,1125.5,4,0,0,0,0,0,0,0,0
11,2017-04-24,09:00:06,190,jm1709,XDCE,1124.5,1123.5,1142.5,67886,4623713040,178464,195028,1239.5,1035.5,1137.5,1138.5,0,1135,0.0,0,0,2017-04-24,32406190,1124.0,4,0,0,0,0,0,0,0,0,1125.0,1,0,0,0,0,0,0,0,0
12,2017-04-24,09:00:06,692,jm1709,XDCE,1125.5,1123.5,1142.5,67920,4626008820,178436,195028,1239.5,1035.5,1137.5,1138.5,0,1135,0.0,0,0,2017-04-24,32406692,1124.5,2,0,0,0,0,0,0,0,0,1125.0,1,0,0,0,0,0,0,0,0
13,2017-04-24,09:00:07,174,jm1709,XDCE,1125.0,1123.5,1142.5,67942,4627494900,178432,195028,1239.5,1035.5,1137.5,1138.5,0,1135,0.0,0,0,2017-04-24,32407174,1125.0,5,0,0,0,0,0,0,0,0,1125.5,4,0,0,0,0,0,0,0,0
14,2017-04-24,09:00:07,684,jm1709,XDCE,1123.0,1123.0,1142.5,68076,4636531020,178410,195028,1239.5,1035.5,1137.5,1138.5,0,1135,0.0,0,0,2017-04-24,32407684,1123.0,14,0,0,0,0,0,0,0,0,1124.0,50,0,0,0,0,0,0,0,0
15,2017-04-24,09:00:08,170,jm1709,XDCE,1123.5,1123.0,1142.5,68138,4640711100,178366,195028,1239.5,1035.5,1137.5,1138.5,0,1135,0.0,0,0,2017-04-24,32408170,1123.0,9,0,0,0,0,0,0,0,0,1124.0,51,0,0,0,0,0,0,0,0
16,2017-04-24,09:00:08,696,jm1709,XDCE,1123.0,1122.5,1142.5,68184,4643810160,178340,195028,1239.5,1035.5,1137.5,1138.5,0,1135,0.0,0,0,2017-04-24,32408696,1122.5,10,0,0,0,0,0,0,0,0,1123.0,11,0,0,0,0,0,0,0,0
17,2017-04-24,09:00:09,191,jm1709,XDCE,1122.5,1122.5,1142.5,68218,4646100600,178334,195028,1239.5,1035.5,1137.5,1138.5,0,1135,0.0,0,0,2017-04-24,32409191,1122.5,2,0,0,0,0,0,0,0,0,1123.0,2,0,0,0,0,0,0,0,0
18,2017-04-24,09:00:09,668,jm1709,XDCE,1122.5,1122.0,1142.5,68250,4648255680,178332,195028,1239.5,1035.5,1137.5,1138.5,0,1135,0.0,0,0,2017-04-24,32409668,1122.0,19,0,0,0,0,0,0,0,0,1123.0,4,0,0,0,0,0,0,0,0
19,2017-04-24,09:00:10,170,jm1709,XDCE,1124.0,1122.0,1142.5,68276,4650007920,178310,195028,1239.5,1035.5,1137.5,1138.5,0,1135,0.0,0,0,2017-04-24,32410170,1122.5,10,0,0,0,0,0,0,0,0,1124.0,50,0,0,0,0,0,0,0,0
20,2017-04-24,09:00:10,686,jm1709,XDCE,1123.0,1122.0,1142.5,68302,4651759620,178326,195028,1239.5,1035.5,1137.5,1138.5,0,1135,0.0,0,0,2017-04-24,32410686,1123.0,4,0,0,0,0,0,0,0,0,1123.5,5,0,0,0,0,0,0,0,0
21,2017-04-24,09:00:11,167,jm1709,XDCE,1123.0,1122.0,1142.5,68358,4655530740,178284,195028,1239.5,1035.5,1137.5,1138.5,0,1135,0.0,0,0,2017-04-24,32411167,1122.5,1,0,0,0,0,0,0,0,0,1123.0,3,0,0,0,0,0,0,0,0
22,2017-04-24,09:00:11,674,jm1709,XDCE,1122.5,1121.5,1142.5,68400,4658357760,178260,195028,1239.5,1035.5,1137.5,1138.5,0,1135,0.0,0,0,2017-04-24,32411674,1122.0,1,0,0,0,0,0,0,0,0,1122.5,5,0,0,0,0,0,0,0,0
23,2017-04-24,09:00:12,166,jm1709,XDCE,1122.5,1121.5,1142.5,68424,4659974160,178244,195028,1239.5,1035.5,1137.5,1138.5,0,1135,0.0,0,0,2017-04-24,32412166,1121.5,32,0,0,0,0,0,0,0,0,1122.5,39,0,0,0,0,0,0,0,0
24,2017-04-24,09:00:12,668,jm1709,XDCE,1122.5,1121.5,1142.5,68516,4666169820,178242,195028,1239.5,1035.5,1137.5,1138.5,0,1135,0.0,0,0,2017-04-24,32412668,1121.5,29,0,0,0,0,0,0,0,0,1123.0,37,0,0,0,0,0,0,0,0
25,2017-04-24,09:00:13,167,jm1709,XDCE,1122.5,1121.5,1142.5,68526,4666843320,178236,195028,1239.5,1035.5,1137.5,1138.5,0,1135,0.0,0,0,2017-04-24,32413167,1122.0,4,0,0,0,0,0,0,0,0,1122.5,20,0,0,0,0,0,0,0,0
26,2017-04-24,09:00:13,665,jm1709,XDCE,1121.5,1121.5,1142.5,68540,4667785800,178238,195028,1239.5,1035.5,1137.5,1138.5,0,1135,0.0,0,0,2017-04-24,32413665,1121.5,27,0,0,0,0,0,0,0,0,1122.5,21,0,0,0,0,0,0,0,0
27,2017-04-24,09:00:14,181,jm1709,XDCE,1121.5,1121.5,1142.5,68992,4698307380,178032,195028,1239.5,1035.5,1137.5,1138.5,0,1135,0.0,0,0,2017-04-24,32414181,1122.0,10,0,0,0,0,0,0,0,0,1127.5,8,0,0,0,0,0,0,0,0
28,2017-04-24,09:00:14,696,jm1709,XDCE,1124.0,1121.5,1142.5,69008,4699385760,178018,195028,1239.5,1035.5,1137.5,1138.5,0,1135,0.0,0,0,2017-04-24,32414696,1123.5,17,0,0,0,0,0,0,0,0,1124.5,1,0,0,0,0,0,0,0,0
29,2017-04-24,09:00:15,197,jm1709,XDCE,1124.5,1121.5,1142.5,69018,4700060520,178012,195028,1239.5,1035.5,1137.5,1138.5,0,1135,0.0,0,0,2017-04-24,32415197,1124.5,4,0,0,0,0,0,0,0,0,1125.0,5,0,0,0,0,0,0,0,0
30,2017-04-24,09:00:15,665,jm1709,XDCE,1125.5,1121.5,1142.5,69040,4701545400,178008,195028,1239.5,1035.5,1137.5,1138.5,0,1135,0.0,0,0,2017-04-24,32415665,1124.5,1,0,0,0,0,0,0,0,0,1127.0,10,0,0,0,0,0,0,0,0
31,2017-04-24,09:00:16,193,jm1709,XDCE,1127.5,1121.5,1142.5,69204,4712635020,177894,195028,1239.5,1035.5,1137.5,1138.5,0,1135,0.0,0,0,2017-04-24,32416193,1127.5,37,0,0,0,0,0,0,0,0,1129.5,8,0,0,0,0,0,0,0,0
32,2017-04-24,09:00:16,686,jm1709,XDCE,1126.0,1121.5,1142.5,69318,4720344540,177828,195028,1239.5,1035.5,1137.5,1138.5,0,1135,0.0,0,0,2017-04-24,32416686,1125.0,15,0,0,0,0,0,0,0,0,1125.5,1,0,0,0,0,0,0,0,0
33,2017-04-24,09:00:17,164,jm1709,XDCE,1125.0,1121.5,1142.5,69360,4723180200,177816,195028,1239.5,1035.5,1137.5,1138.5,0,1135,0.0,0,0,2017-04-24,32417164,1125.0,5,0,0,0,0,0,0,0,0,1125.5,18,0,0,0,0,0,0,0,0
34,2017-04-24,09:00:17,666,jm1709,XDCE,1125.5,1121.5,1142.5,69418,4727095860,177820,195028,1239.5,1035.5,1137.5,1138.5,0,1135,0.0,0,0,2017-04-24,32417666,1124.5,2,0,0,0,0,0,0,0,0,1125.0,1,0,0,0,0,0,0,0,0
35,2017-04-24,09:00:18,190,jm1709,XDCE,1125.0,1121.5,1142.5,69438,4728445620,177812,195028,1239.5,1035.5,1137.5,1138.5,0,1135,0.0,0,0,2017-04-24,32418190,1124.5,4,0,0,0,0,0,0,0,0,1125.5,20,0,0,0,0,0,0,0,0
36,2017-04-24,09:00:18,665,jm1709,XDCE,1125.0,1121.5,1142.5,69456,4729660140,177796,195028,1239.5,1035.5,1137.5,1138.5,0,1135,0.0,0,0,2017-04-24,32418665,1124.5,11,0,0,0,0,0,0,0,0,1125.5,20,0,0,0,0,0,0,0,0
37,2017-04-24,09:00:19,165,jm1709,XDCE,1125.5,1121.5,1142.5,69480,4731280500,177796,195028,1239.5,1035.5,1137.5,1138.5,0,1135,0.0,0,0,2017-04-24,32419165,1124.5,13,0,0,0,0,0,0,0,0,1125.5,13,0,0,0,0,0,0,0,0
38,2017-04-24,09:00:19,693,jm1709,XDCE,1124.5,1121.5,1142.5,69488,4731820380,177798,195028,1239.5,1035.5,1137.5,1138.5,0,1135,0.0,0,0,2017-04-24,32419693,1124.5,11,0,0,0,0,0,0,0,0,1125.5,12,0,0,0,0,0,0,0,0
39,2017-04-24,09:00:20,179,jm1709,XDCE,1125.5,1121.5,1142.5,69514,4733576040,177796,195028,1239.5,1035.5,1137.5,1138.5,0,1135,0.0,0,0,2017-04-24,32420179,1126.0,1,0,0,0,0,0,0,0,0,1126.5,14,0,0,0,0,0,0,0,0
40,2017-04-24,09:00:20,675,jm1709,XDCE,1125.0,1121.5,1142.5,69538,4735196220,177780,195028,1239.5,1035.5,1137.5,1138.5,0,1135,0.0,0,0,2017-04-24,32420675,1124.5,8,0,0,0,0,0,0,0,0,1125.0,4,0,0,0,0,0,0,0,0
41,2017-04-24,09:00:21,164,jm1709,XDCE,1124.5,1121.5,1142.5,69554,4736275740,177768,195028,1239.5,1035.5,1137.5,1138.5,0,1135,0.0,0,0,2017-04-24,32421164,1124.5,1,0,0,0,0,0,0,0,0,1125.0,8,0,0,0,0,0,0,0,0
42,2017-04-24,09:00:21,676,jm1709,XDCE,1125.0,1121.5,1142.5,69570,4737355500,177760,195028,1239.5,1035.5,1137.5,1138.5,0,1135,0.0,0,0,2017-04-24,32421676,1124.5,1,0,0,0,0,0,0,0,0,1125.0,2,0,0,0,0,0,0,0,0
43,2017-04-24,09:00:22,195,jm1709,XDCE,1125.0,1121.5,1142.5,69602,4739515740,177754,195028,1239.5,1035.5,1137.5,1138.5,0,1135,0.0,0,0,2017-04-24,32422195,1124.5,1,0,0,0,0,0,0,0,0,1125.5,2,0,0,0,0,0,0,0,0
44,2017-04-24,09:00:22,673,jm1709,XDCE,1124.5,1121.5,1142.5,69610,4740055620,177746,195028,1239.5,1035.5,1137.5,1138.5,0,1135,0.0,0,0,2017-04-24,32422673,1125.0,1,0,0,0,0,0,0,0,0,1125.5,3,0,0,0,0,0,0,0,0
45,2017-04-24,09:00:23,170,jm1709,XDCE,1126.0,1121.5,1142.5,69638,4741947600,177732,195028,1239.5,1035.5,1137.5,1138.5,0,1135,0.0,0,0,2017-04-24,32423170,1126.0,47,0,0,0,0,0,0,0,0,1127.5,25,0,0,0,0,0,0,0,0
46,2017-04-24,09:00:23,696,jm1709,XDCE,1126.5,1121.5,1142.5,69646,4742488320,177724,195028,1239.5,1035.5,1137.5,1138.5,0,1135,0.0,0,0,2017-04-24,32423696,1126.0,47,0,0,0,0,0,0,0,0,1127.0,1,0,0,0,0,0,0,0,0
47,2017-04-24,09:00:24,163,jm1709,XDCE,1127.0,1121.5,1142.5,69656,4743164400,177722,195028,1239.5,1035.5,1137.5,1138.5,0,1135,0.0,0,0,2017-04-24,32424163,1126.5,1,0,0,0,0,0,0,0,0,1127.5,46,0,0,0,0,0,0,0,0
48,2017-04-24,09:00:24,702,jm1709,XDCE,1127.0,1121.5,1142.5,69668,4743975780,177710,195028,1239.5,1035.5,1137.5,1138.5,0,1135,0.0,0,0,2017-04-24,32424702,1126.5,9,0,0,0,0,0,0,0,0,1127.0,1,0,0,0,0,0,0,0,0
49,2017-04-24,09:00:25,165,jm1709,XDCE,1126.5,1121.5,1142.5,69692,4745598000,177706,195028,1239.5,1035.5,1137.5,1138.5,0,1135,0.0,0,0,2017-04-24,32425165,1126.5,4,0,0,0,0,0,0,0,0,1127.5,34,0,0,0,0,0,0,0,0
50,2017-04-24,09:00:25,665,jm1709,XDCE,1127.0,1121.5,1142.5,69716,4747219920,177702,195028,1239.5,1035.5,1137.5,1138.5,0,1135,0.0,0,0,2017-04-24,32425665,1126.5,1,0,0,0,0,0,0,0,0,1127.0,2,0,0,0,0,0,0,0,0
51,2017-04-24,09:00:26,163,jm1709,XDCE,1126.0,1121.5,1142.5,69722,4747625400,177698,195028,1239.5,1035.5,1137.5,1138.5,0,1135,0.0,0,0,2017-04-24,32426163,1126.0,39,0,0,0,0,0,0,0,0,1127.0,3,0,0,0,0,0,0,0,0
52,2017-04-24,09:00:26,664,jm1709,XDCE,1127.0,1121.5,1142.5,69724,4747760640,177696,195028,1239.5,1035.5,1137.5,1138.5,0,1135,0.0,0,0,2017-04-24,32426664,1126.0,52,0,0,0,0,0,0,0,0,1127.0,2,0,0,0,0,0,0,0,0
53,2017-04-24,09:00:27,201,jm1709,XDCE,1126.0,1121.5,1142.5,69726,4747895760,177696,195028,1239.5,1035.5,1137.5,1138.5,0,1135,0.0,0,0,2017-04-24,32427201,1126.0,39,0,0,0,0,0,0,0,0,1127.0,2,0,0,0,0,0,0,0,0
54,2017-04-24,09:00:27,664,jm1709,XDCE,1126.5,1121.5,1142.5,69736,4748571660,177696,195028,1239.5,1035.5,1137.5,1138.5,0,1135,0.0,0,0,2017-04-24,32427664,1126.0,39,0,0,0,0,0,0,0,0,1127.0,2,0,0,0,0,0,0,0,0
55,2017-04-24,09:00:28,199,jm1709,XDCE,1127.0,1121.5,1142.5,69836,4755328980,177622,195028,1239.5,1035.5,1137.5,1138.5,0,1135,0.0,0,0,2017-04-24,32428199,1125.5,8,0,0,0,0,0,0,0,0,1126.5,6,0,0,0,0,0,0,0,0
56,2017-04-24,09:00:28,664,jm1709,XDCE,1126.0,1121.5,1142.5,69858,4756814940,177618,195028,1239.5,1035.5,1137.5,1138.5,0,1135,0.0,0,0,2017-04-24,32428664,1125.5,16,0,0,0,0,0,0,0,0,1126.5,8,0,0,0,0,0,0,0,0
57,2017-04-24,09:00:29,195,jm1709,XDCE,1127.5,1121.5,1142.5,69926,4761412140,177634,195028,1239.5,1035.5,1137.5,1138.5,0,1135,0.0,0,0,2017-04-24,32429195,1127.5,3,0,0,0,0,0,0,0,0,1128.0,23,0,0,0,0,0,0,0,0
58,2017-04-24,09:00:29,685,jm1709,XDCE,1127.5,1121.5,1142.5,69938,4762223940,177634,195028,1239.5,1035.5,1137.5,1138.5,0,1135,0.0,0,0,2017-04-24,32429685,1127.5,2,0,0,0,0,0,0,0,0,1128.0,9,0,0,0,0,0,0,0,0
59,2017-04-24,09:00:30,163,jm1709,XDCE,1127.5,1121.5,1142.5,69950,4763035740,177628,195028,1239.5,1035.5,1137.5,1138.5,0,1135,0.0,0,0,2017-04-24,32430163,1127.5,9,0,0,0,0,0,0,0,0,1128.0,9,0,0,0,0,0,0,0,0
60,2017-04-24,09:00:30,701,jm1709,XDCE,1127.5,1121.5,1142.5,69972,4764524160,177622,195028,1239.5,1035.5,1137.5,1138.5,0,1135,0.0,0,0,2017-04-24,32430701,1127.0,2,0,0,0,0,0,0,0,0,1127.5,7,0,0,0,0,0,0,0,0
61,2017-04-24,09:00:31,163,jm1709,XDCE,1127.5,1121.5,1142.5,69986,4765471020,177620,195028,1239.5,1035.5,1137.5,1138.5,0,1135,0.0,0,0,2017-04-24,32431163,1127.0,1,0,0,0,0,0,0,0,0,1127.5,9,0,0,0,0,0,0,0,0
62,2017-04-24,09:00:31,666,jm1709,XDCE,1127.0,1121.5,1142.5,70036,4768853820,177598,195028,1239.5,1035.5,1137.5,1138.5,0,1135,0.0,0,0,2017-04-24,32431666,1127.0,12,0,0,0,0,0,0,0,0,1128.5,34,0,0,0,0,0,0,0,0
63,2017-04-24,09:00:32,187,jm1709,XDCE,1127.0,1121.5,1142.5,70046,4769530200,177596,195028,1239.5,1035.5,1137.5,1138.5,0,1135,0.0,0,0,2017-04-24,32432187,1127.0,6,0,0,0,0,0,0,0,0,1127.5,3,0,0,0,0,0,0,0,0
64,2017-04-24,09:00:32,698,jm1709,XDCE,1127.0,1121.5,1142.5,70068,4771018320,177590,195028,1239.5,1035.5,1137.5,1138.5,0,1135,0.0,0,0,2017-04-24,32432698,1126.5,3,0,0,0,0,0,0,0,0,1127.0,5,0,0,0,0,0,0,0,0
65,2017-04-24,09:00:33,202,jm1709,XDCE,1127.5,1121.5,1142.5,70094,4772776440,177576,195028,1239.5,1035.5,1137.5,1138.5,0,1135,0.0,0,0,2017-04-24,32433202,1126.5,7,0,0,0,0,0,0,0,0,1127.5,5,0,0,0,0,0,0,0,0
66,2017-04-24,09:00:33,633,jm1709,XDCE,1127.5,1121.5,1142.5,70104,4773452940,177568,195028,1239.5,1035.5,1137.5,1138.5,0,1135,0.0,0,0,2017-04-24,32433633,1127.0,3,0,0,0,0,0,0,0,0,1127.5,1,0,0,0,0,0,0,0,0
67,2017-04-24,09:00:34,193,jm1709,XDCE,1127.5,1121.5,1142.5,70160,4777242360,177538,195028,1239.5,1035.5,1137.5,1138.5,0,1135,0.0,0,0,2017-04-24,32434193,1127.0,3,0,0,0,0,0,0,0,0,1127.5,12,0,0,0,0,0,0,0,0
68,2017-04-24,09:00:34,563,jm1709,XDCE,1127.5,1121.5,1142.5,70178,4778459760,177528,195028,1239.5,1035.5,1137.5,1138.5,0,1135,0.0,0,0,2017-04-24,32434563,1127.0,5,0,0,0,0,0,0,0,0,1127.5,7,0,0,0,0,0,0,0,0
69,2017-04-24,09:00:35,181,jm1709,XDCE,1127.0,1121.5,1142.5,70186,4779000840,177520,195028,1239.5,1035.5,1137.5,1138.5,0,1135,0.0,0,0,2017-04-24,32435181,1127.0,4,0,0,0,0,0,0,0,0,1127.5,5,0,0,0,0,0,0,0,0
70,2017-04-24,09:00:35,666,jm1709,XDCE,1127.0,1121.5,1142.5,70202,4780082820,177506,195028,1239.5,1035.5,1137.5,1138.5,0,1135,0.0,0,0,2017-04-24,32435666,1126.5,6,0,0,0,0,0,0,0,0,1127.5,5,0,0,0,0,0,0,0,0
71,2017-04-24,09:00:36,197,jm1709,XDCE,1128.0,1121.5,1142.5,70216,4781029860,177494,195028,1239.5,1035.5,1137.5,1138.5,0,1135,0.0,0,0,2017-04-24,32436197,1127.0,1,0,0,0,0,0,0,0,0,1128.0,42,0,0,0,0,0,0,0,0
72,2017-04-24,09:00:36,664,jm1709,XDCE,1127.0,1121.5,1142.5,70244,4782923880,177480,195028,1239.5,1035.5,1137.5,1138.5,0,1135,0.0,0,0,2017-04-24,32436664,1126.5,2,0,0,0,0,0,0,0,0,1127.5,18,0,0,0,0,0,0,0,0
73,2017-04-24,09:00:37,192,jm1709,XDCE,1127.0,1121.5,1142.5,70248,4783194300,177478,195028,1239.5,1035.5,1137.5,1138.5,0,1135,0.0,0,0,2017-04-24,32437192,1126.0,7,0,0,0,0,0,0,0,0,1127.5,20,0,0,0,0,0,0,0,0
74,2017-04-24,09:00:37,691,jm1709,XDCE,1127.0,1121.5,1142.5,70252,4783464780,177474,195028,1239.5,1035.5,1137.5,1138.5,0,1135,0.0,0,0,2017-04-24,32437691,1126.5,2,0,0,0,0,0,0,0,0,1127.0,1,0,0,0,0,0,0,0,0
75,2017-04-24,09:00:38,166,jm1709,XDCE,1127.0,1121.5,1142.5,70278,4785223080,177456,195028,1239.5,1035.5,1137.5,1138.5,0,1135,0.0,0,0,2017-04-24,32438166,1127.0,28,0,0,0,0,0,0,0,0,1127.5,13,0,0,0,0,0,0,0,0
76,2017-04-24,09:00:38,701,jm1709,XDCE,1126.5,1121.5,1142.5,70358,4790632860,177400,195028,1239.5,1035.5,1137.5,1138.5,0,1135,0.0,0,0,2017-04-24,32438701,1126.0,4,0,0,0,0,0,0,0,0,1127.5,8,0,0,0,0,0,0,0,0
77,2017-04-24,09:00:39,187,jm1709,XDCE,1127.0,1121.5,1142.5,70394,4793066400,177380,195028,1239.5,1035.5,1137.5,1138.5,0,1135,0.0,0,0,2017-04-24,32439187,1126.5,4,0,0,0,0,0,0,0,0,1127.0,5,0,0,0,0,0,0,0,0
78,2017-04-24,09:00:39,663,jm1709,XDCE,1127.0,1121.5,1142.5,70406,4793877840,177380,195028,1239.5,1035.5,1137.5,1138.5,0,1135,0.0,0,0,2017-04-24,32439663,1126.5,9,0,0,0,0,0,0,0,0,1127.5,8,0,0,0,0,0,0,0,0
79,2017-04-24,09:00:40,163,jm1709,XDCE,1126.5,1121.5,1142.5,70422,4794959880,177384,195028,1239.5,1035.5,1137.5,1138.5,0,1135,0.0,0,0,2017-04-24,32440163,1127.0,1,0,0,0,0,0,0,0,0,1127.5,4,0,0,0,0,0,0,0,0
80,2017-04-24,09:00:40,575,jm1709,XDCE,1127.0,1121.5,1142.5,70428,4795365720,177382,195028,1239.5,1035.5,1137.5,1138.5,0,1135,0.0,0,0,2017-04-24,32440575,1127.0,5,0,0,0,0,0,0,0,0,1127.5,2,0,0,0,0,0,0,0,0
81,2017-04-24,09:00:41,165,jm1709,XDCE,1127.0,1121.5,1142.5,70440,4796177340,177382,195028,1239.5,1035.5,1137.5,1138.5,0,1135,0.0,0,0,2017-04-24,32441165,1127.0,5,0,0,0,0,0,0,0,0,1127.5,1,0,0,0,0,0,0,0,0
82,2017-04-24,09:00:41,664,jm1709,XDCE,1127.0,1121.5,1142.5,70450,4796853600,177384,195028,1239.5,1035.5,1137.5,1138.5,0,1135,0.0,0,0,2017-04-24,32441664,1127.0,13,0,0,0,0,0,0,0,0,1127.5,1,0,0,0,0,0,0,0,0
83,2017-04-24,09:00:42,197,jm1709,XDCE,1127.5,1121.5,1142.5,70476,4798612020,177372,195028,1239.5,1035.5,1137.5,1138.5,0,1135,0.0,0,0,2017-04-24,32442197,1127.0,13,0,0,0,0,0,0,0,0,1127.5,7,0,0,0,0,0,0,0,0
84,2017-04-24,09:00:42,700,jm1709,XDCE,1127.0,1121.5,1142.5,70488,4799423460,177360,195028,1239.5,1035.5,1137.5,1138.5,0,1135,0.0,0,0,2017-04-24,32442700,1127.0,11,0,0,0,0,0,0,0,0,1127.5,20,0,0,0,0,0,0,0,0
85,2017-04-24,09:00:43,172,jm1709,XDCE,1127.5,1121.5,1142.5,70572,4805105220,177290,195028,1239.5,1035.5,1137.5,1138.5,0,1135,0.0,0,0,2017-04-24,32443172,1126.5,1,0,0,0,0,0,0,0,0,1127.5,15,0,0,0,0,0,0,0,0
86,2017-04-24,09:00:43,670,jm1709,XDCE,1127.0,1121.5,1142.5,70590,4806322380,177278,195028,1239.5,1035.5,1137.5,1138.5,0,1135,0.0,0,0,2017-04-24,32443670,1127.0,5,0,0,0,0,0,0,0,0,1127.5,14,0,0,0,0,0,0,0,0
87,2017-04-24,09:00:44,172,jm1709,XDCE,1127.0,1121.5,1142.5,70612,4807810020,177290,195028,1239.5,1035.5,1137.5,1138.5,0,1135,0.0,0,0,2017-04-24,32444172,1127.0,18,0,0,0,0,0,0,0,0,1127.5,11,0,0,0,0,0,0,0,0
88,2017-04-24,09:00:44,663,jm1709,XDCE,1127.0,1121.5,1142.5,70616,4808080500,177290,195028,1239.5,1035.5,1137.5,1138.5,0,1135,0.0,0,0,2017-04-24,32444663,1127.0,6,0,0,0,0,0,0,0,0,1127.5,11,0,0,0,0,0,0,0,0
89,2017-04-24,09:00:45,184,jm1709,XDCE,1127.0,1121.5,1142.5,70682,4812541860,177228,195028,1239.5,1035.5,1137.5,1138.5,0,1135,0.0,0,0,2017-04-24,32445184,1126.0,2,0,0,0,0,0,0,0,0,1127.0,87,0,0,0,0,0,0,0,0
90,2017-04-24,09:00:45,671,jm1709,XDCE,1127.0,1121.5,1142.5,70684,4812677100,177228,195028,1239.5,1035.5,1137.5,1138.5,0,1135,0.0,0,0,2017-04-24,32445671,1126.0,2,0,0,0,0,0,0,0,0,1127.0,88,0,0,0,0,0,0,0,0
91,2017-04-24,09:00:46,172,jm1709,XDCE,1127.0,1121.5,1142.5,70704,4814029020,177216,195028,1239.5,1035.5,1137.5,1138.5,0,1135,0.0,0,0,2017-04-24,32446172,1126.0,17,0,0,0,0,0,0,0,0,1126.5,1,0,0,0,0,0,0,0,0
92,2017-04-24,09:00:46,686,jm1709,XDCE,1126.0,1121.5,1142.5,70756,4817542200,177164,195028,1239.5,1035.5,1137.5,1138.5,0,1135,0.0,0,0,2017-04-24,32446686,1126.0,2,0,0,0,0,0,0,0,0,1126.5,2,0,0,0,0,0,0,0,0
93,2017-04-24,09:00:47,163,jm1709,XDCE,1126.0,1121.5,1142.5,70760,4817812500,177164,195028,1239.5,1035.5,1137.5,1138.5,0,1135,0.0,0,0,2017-04-24,32447163,1126.0,1,0,0,0,0,0,0,0,0,1126.5,2,0,0,0,0,0,0,0,0
94,2017-04-24,09:00:47,663,jm1709,XDCE,1126.0,1121.5,1142.5,70762,4817947620,177164,195028,1239.5,1035.5,1137.5,1138.5,0,1135,0.0,0,0,2017-04-24,32447663,1125.5,14,0,0,0,0,0,0,0,0,1126.0,9,0,0,0,0,0,0,0,0
95,2017-04-24,09:00:48,165,jm1709,XDCE,1126.0,1121.5,1142.5,70780,4819163700,177152,195028,1239.5,1035.5,1137.5,1138.5,0,1135,0.0,0,0,2017-04-24,32448165,1126.0,34,0,0,0,0,0,0,0,0,1126.5,3,0,0,0,0,0,0,0,0
96,2017-04-24,09:00:48,668,jm1709,XDCE,1126.0,1121.5,1142.5,70796,4820244900,177146,195028,1239.5,1035.5,1137.5,1138.5,0,1135,0.0,0,0,2017-04-24,32448668,1126.0,33,0,0,0,0,0,0,0,0,1126.5,8,0,0,0,0,0,0,0,0
97,2017-04-24,09:00:49,172,jm1709,XDCE,1126.0,1121.5,1142.5,70812,4821325860,177140,195028,1239.5,1035.5,1137.5,1138.5,0,1135,0.0,0,0,2017-04-24,32449172,1126.0,25,0,0,0,0,0,0,0,0,1126.5,8,0,0,0,0,0,0,0,0
98,2017-04-24,09:00:49,702,jm1709,XDCE,1126.0,1121.5,1142.5,70816,4821596160,177140,195028,1239.5,1035.5,1137.5,1138.5,0,1135,0.0,0,0,2017-04-24,32449702,1126.0,24,0,0,0,0,0,0,0,0,1126.5,13,0,0,0,0,0,0,0,0
99,2017-04-24,09:00:50,165,jm1709,XDCE,1126.5,1121.5,1142.5,70860,4824570060,177110,195028,1239.5,1035.5,1137.5,1138.5,0,1135,0.0,0,0,2017-04-24,32450165,1126.5,2,0,0,0,0,0,0,0,0,1127.0,83,0,0,0,0,0,0,0,0
100,2017-04-24,09:00:50,664,jm1709,XDCE,1126.5,1121.5,1142.5,70870,4825245960,177100,195028,1239.5,1035.5,1137.5,1138.5,0,1135,0.0,0,0,2017-04-24,32450664,1126.0,20,0,0,0,0,0,0,0,0,1126.5,16,0,0,0,0,0,0,0,0
101,2017-04-24,09:00:51,199,jm1709,XDCE,1126.0,1121.5,1142.5,70920,4828624080,177086,195028,1239.5,1035.5,1137.5,1138.5,0,1135,0.0,0,0,2017-04-24,32451199,1125.5,11,0,0,0,0,0,0,0,0,1126.0,1,0,0,0,0,0,0,0,0
102,2017-04-24,09:00:51,664,jm1709,XDCE,1125.5,1121.5,1142.5,70940,4829974800,177092,195028,1239.5,1035.5,1137.5,1138.5,0,1135,0.0,0,0,2017-04-24,32451664,1125.5,3,0,0,0,0,0,0,0,0,1126.0,16,0,0,0,0,0,0,0,0
103,2017-04-24,09:00:52,183,jm1709,XDCE,1125.5,1121.5,1142.5,70956,4831055160,177100,195028,1239.5,1035.5,1137.5,1138.5,0,1135,0.0,0,0,2017-04-24,32452183,1125.5,3,0,0,0,0,0,0,0,0,1126.0,22,0,0,0,0,0,0,0,0
104,2017-04-24,09:00:52,681,jm1709,XDCE,1126.0,1121.5,1142.5,70968,4831865880,177090,195028,1239.5,1035.5,1137.5,1138.5,0,1135,0.0,0,0,2017-04-24,32452681,1125.5,45,0,0,0,0,0,0,0,0,1126.0,19,0,0,0,0,0,0,0,0
105,2017-04-24,09:00:53,201,jm1709,XDCE,1126.0,1121.5,1142.5,71006,4834433160,177068,195028,1239.5,1035.5,1137.5,1138.5,0,1135,0.0,0,0,2017-04-24,32453201,1126.0,10,0,0,0,0,0,0,0,0,1126.5,59,0,0,0,0,0,0,0,0
106,2017-04-24,09:00:53,701,jm1709,XDCE,1126.0,1121.5,1142.5,71076,4839164040,177058,195028,1239.5,1035.5,1137.5,1138.5,0,1135,0.0,0,0,2017-04-24,32453701,1126.0,10,0,0,0,0,0,0,0,0,1126.5,33,0,0,0,0,0,0,0,0
107,2017-04-24,09:00:54,163,jm1709,XDCE,1126.5,1121.5,1142.5,71104,4841056140,177042,195028,1239.5,1035.5,1137.5,1138.5,0,1135,0.0,0,0,2017-04-24,32454163,1126.0,3,0,0,0,0,0,0,0,0,1126.5,4,0,0,0,0,0,0,0,0
108,2017-04-24,09:00:54,668,jm1709,XDCE,1126.5,1121.5,1142.5,71114,4841731980,177036,195028,1239.5,1035.5,1137.5,1138.5,0,1135,0.0,0,0,2017-04-24,32454668,1126.0,4,0,0,0,0,0,0,0,0,1126.5,1,0,0,0,0,0,0,0,0
109,2017-04-24,09:00:55,163,jm1709,XDCE,1126.0,1121.5,1142.5,71118,4842002280,177036,195028,1239.5,1035.5,1137.5,1138.5,0,1135,0.0,0,0,2017-04-24,32455163,1126.5,2,0,0,0,0,0,0,0,0,1127.0,96,0,0,0,0,0,0,0,0
110,2017-04-24,09:00:55,685,jm1709,XDCE,1126.0,1121.5,1142.5,71132,4842948120,177022,195028,1239.5,1035.5,1137.5,1138.5,0,1135,0.0,0,0,2017-04-24,32455685,1126.0,4,0,0,0,0,0,0,0,0,1126.5,1,0,0,0,0,0,0,0,0
111,2017-04-24,09:00:56,664,jm1709,XDCE,1126.0,1121.5,1142.5,71142,4843623720,177014,195028,1239.5,1035.5,1137.5,1138.5,0,1135,0.0,0,0,2017-04-24,32456664,1125.5,49,0,0,0,0,0,0,0,0,1126.0,26,0,0,0,0,0,0,0,0
112,2017-04-24,09:00:57,176,jm1709,XDCE,1126.5,1121.5,1142.5,71220,4848894180,176964,195028,1239.5,1035.5,1137.5,1138.5,0,1135,0.0,0,0,2017-04-24,32457176,1126.0,22,0,0,0,0,0,0,0,0,1126.5,7,0,0,0,0,0,0,0,0
113,2017-04-24,09:00:57,663,jm1709,XDCE,1126.5,1121.5,1142.5,71284,4853218740,176948,195028,1239.5,1035.5,1137.5,1138.5,0,1135,0.0,0,0,2017-04-24,32457663,1126.0,7,0,0,0,0,0,0,0,0,1127.0,102,0,0,0,0,0,0,0,0
114,2017-04-24,09:00:58,163,jm1709,XDCE,1126.0,1121.5,1142.5,71286,4853353860,176950,195028,1239.5,1035.5,1137.5,1138.5,0,1135,0.0,0,0,2017-04-24,32458163,1126.5,1,0,0,0,0,0,0,0,0,1127.0,103,0,0,0,0,0,0,0,0
115,2017-04-24,09:00:58,663,jm1709,XDCE,1126.5,1121.5,1142.5,71290,4853624220,176950,195028,1239.5,1035.5,1137.5,1138.5,0,1135,0.0,0,0,2017-04-24,32458663,1126.0,17,0,0,0,0,0,0,0,0,1126.5,11,0,0,0,0,0,0,0,0
116,2017-04-24,09:00:59,195,jm1709,XDCE,1126.5,1121.5,1142.5,71292,4853759400,176950,195028,1239.5,1035.5,1137.5,1138.5,0,1135,0.0,0,0,2017-04-24,32459195,1126.0,17,0,0,0,0,0,0,0,0,1126.5,15,0,0,0,0,0,0,0,0
117,2017-04-24,09:00:59,675,jm1709,XDCE,1126.0,1121.5,1142.5,71350,4857678900,176914,195028,1239.5,1035.5,1137.5,1138.5,0,1135,0.0,0,0,2017-04-24,32459675,1126.0,7,0,0,0,0,0,0,0,0,1127.0,102,0,0,0,0,0,0,0,0
118,2017-04-24,09:01:00,169,jm1709,XDCE,1127.0,1121.5,1142.5,71358,4858219800,176906,195028,1239.5,1035.5,1137.5,1138.5,0,1135,0.0,0,0,2017-04-24,32460169,1126.0,8,0,0,0,0,0,0,0,0,1127.0,103,0,0,0,0,0,0,0,0
119,2017-04-24,09:01:00,664,jm1709,XDCE,1126.0,1121.5,1142.5,71372,4859165640,176902,195028,1239.5,1035.5,1137.5,1138.5,0,1135,0.0,0,0,2017-04-24,32460664,1126.0,1,0,0,0,0,0,0,0,0,1126.5,9,0,0,0,0,0,0,0,0
120,2017-04-24,09:01:01,202,jm1709,XDCE,1125.5,1121.5,1142.5,71382,4859841000,176900,195028,1239.5,1035.5,1137.5,1138.5,0,1135,0.0,0,0,2017-04-24,32461202,1125.0,57,0,0,0,0,0,0,0,0,1126.0,13,0,0,0,0,0,0,0,0
121,2017-04-24,09:01:01,664,jm1709,XDCE,1126.0,1121.5,1142.5,71394,4860651120,176908,195028,1239.5,1035.5,1137.5,1138.5,0,1135,0.0,0,0,2017-04-24,32461664,1125.0,52,0,0,0,0,0,0,0,0,1126.0,19,0,0,0,0,0,0,0,0
122,2017-04-24,09:01:02,201,jm1709,XDCE,1125.0,1121.5,1142.5,71418,4862271240,176916,195028,1239.5,1035.5,1137.5,1138.5,0,1135,0.0,0,0,2017-04-24,32462201,1125.0,41,0,0,0,0,0,0,0,0,1126.0,27,0,0,0,0,0,0,0,0
123,2017-04-24,09:01:02,672,jm1709,XDCE,1125.0,1121.5,1142.5,71418,4862271240,176916,195028,1239.5,1035.5,1137.5,1138.5,0,1135,0.0,0,0,2017-04-24,32462672,1125.0,42,0,0,0,0,0,0,0,0,1125.5,3,0,0,0,0,0,0,0,0
124,2017-04-24,09:01:03,164,jm1709,XDCE,1126.0,1121.5,1142.5,71444,4864026780,176902,195028,1239.5,1035.5,1137.5,1138.5,0,1135,0.0,0,0,2017-04-24,32463164,1125.0,35,0,0,0,0,0,0,0,0,1126.0,34,0,0,0,0,0,0,0,0
125,2017-04-24,09:01:03,663,jm1709,XDCE,1126.0,1121.5,1142.5,71444,4864026780,176902,195028,1239.5,1035.5,1137.5,1138.5,0,1135,0.0,0,0,2017-04-24,32463663,1125.0,32,0,0,0,0,0,0,0,0,1126.0,36,0,0,0,0,0,0,0,0
126,2017-04-24,09:01:04,194,jm1709,XDCE,1125.5,1121.5,1142.5,71466,4865511840,176900,195028,1239.5,1035.5,1137.5,1138.5,0,1135,0.0,0,0,2017-04-24,32464194,1125.0,22,0,0,0,0,0,0,0,0,1125.5,2,0,0,0,0,0,0,0,0
127,2017-04-24,09:01:04,663,jm1709,XDCE,1126.0,1121.5,1142.5,71484,4866727440,176898,195028,1239.5,1035.5,1137.5,1138.5,0,1135,0.0,0,0,2017-04-24,32464663,1125.0,19,0,0,0,0,0,0,0,0,1126.0,16,0,0,0,0,0,0,0,0
128,2017-04-24,09:01:05,164,jm1709,XDCE,1126.0,1121.5,1142.5,71546,4870915080,176858,195028,1239.5,1035.5,1137.5,1138.5,0,1135,0.0,0,0,2017-04-24,32465164,1125.5,16,0,0,0,0,0,0,0,0,1126.0,3,0,0,0,0,0,0,0,0
129,2017-04-24,09:01:05,690,jm1709,XDCE,1125.5,1121.5,1142.5,71554,4871455440,176854,195028,1239.5,1035.5,1137.5,1138.5,0,1135,0.0,0,0,2017-04-24,32465690,1125.5,14,0,0,0,0,0,0,0,0,1126.0,3,0,0,0,0,0,0,0,0
130,2017-04-24,09:01:06,186,jm1709,XDCE,1126.0,1121.5,1142.5,71560,4871860680,176852,195028,1239.5,1035.5,1137.5,1138.5,0,1135,0.0,0,0,2017-04-24,32466186,1125.5,6,0,0,0,0,0,0,0,0,1126.0,3,0,0,0,0,0,0,0,0
131,2017-04-24,09:01:06,648,jm1709,XDCE,1126.0,1121.5,1142.5,71578,4873076760,176852,195028,1239.5,1035.5,1137.5,1138.5,0,1135,0.0,0,0,2017-04-24,32466648,1126.0,1,0,0,0,0,0,0,0,0,1126.5,12,0,0,0,0,0,0,0,0
132,2017-04-24,09:01:07,163,jm1709,XDCE,1126.0,1121.5,1142.5,71580,4873211880,176852,195028,1239.5,1035.5,1137.5,1138.5,0,1135,0.0,0,0,2017-04-24,32467163,1125.5,6,0,0,0,0,0,0,0,0,1126.0,4,0,0,0,0,0,0,0,0
133,2017-04-24,09:01:07,662,jm1709,XDCE,1126.0,1121.5,1142.5,71614,4875508260,176860,195028,1239.5,1035.5,1137.5,1138.5,0,1135,0.0,0,0,2017-04-24,32467662,1125.5,1,0,0,0,0,0,0,0,0,1126.0,8,0,0,0,0,0,0,0,0
134,2017-04-24,09:01:08,163,jm1709,XDCE,1126.0,1121.5,1142.5,71628,4876453980,176846,195028,1239.5,1035.5,1137.5,1138.5,0,1135,0.0,0,0,2017-04-24,32468163,1125.5,9,0,0,0,0,0,0,0,0,1126.0,5,0,0,0,0,0,0,0,0
135,2017-04-24,09:01:08,702,jm1709,XDCE,1125.5,1121.5,1142.5,71648,4877805360,176842,195028,1239.5,1035.5,1137.5,1138.5,0,1135,0.0,0,0,2017-04-24,32468702,1125.5,9,0,0,0,0,0,0,0,0,1126.0,9,0,0,0,0,0,0,0,0
136,2017-04-24,09:01:09,181,jm1709,XDCE,1126.0,1121.5,1142.5,71674,4879561860,176846,195028,1239.5,1035.5,1137.5,1138.5,0,1135,0.0,0,0,2017-04-24,32469181,1125.5,8,0,0,0,0,0,0,0,0,1126.0,5,0,0,0,0,0,0,0,0
137,2017-04-24,09:01:09,664,jm1709,XDCE,1125.0,1121.5,1142.5,71696,4881047340,176830,195028,1239.5,1035.5,1137.5,1138.5,0,1135,0.0,0,0,2017-04-24,32469664,1125.0,26,0,0,0,0,0,0,0,0,1125.5,22,0,0,0,0,0,0,0,0
138,2017-04-24,09:01:10,151,jm1709,XDCE,1125.5,1121.5,1142.5,71702,4881452520,176826,195028,1239.5,1035.5,1137.5,1138.5,0,1135,0.0,0,0,2017-04-24,32470151,1125.0,26,0,0,0,0,0,0,0,0,1125.5,23,0,0,0,0,0,0,0,0
139,2017-04-24,09:01:10,673,jm1709,XDCE,1125.5,1121.5,1142.5,71706,4881722580,176824,195028,1239.5,1035.5,1137.5,1138.5,0,1135,0.0,0,0,2017-04-24,32470673,1125.0,27,0,0,0,0,0,0,0,0,1125.5,23,0,0,0,0,0,0,0,0
140,2017-04-24,09:01:11,188,jm1709,XDCE,1126.0,1121.5,1142.5,71762,4885504260,176790,195028,1239.5,1035.5,1137.5,1138.5,0,1135,0.0,0,0,2017-04-24,32471188,1125.5,1,0,0,0,0,0,0,0,0,1126.0,1,0,0,0,0,0,0,0,0
141,2017-04-24,09:01:11,681,jm1709,XDCE,1126.5,1121.5,1142.5,71804,4888340880,176772,195028,1239.5,1035.5,1137.5,1138.5,0,1135,0.0,0,0,2017-04-24,32471681,1125.0,24,0,0,0,0,0,0,0,0,1126.5,2,0,0,0,0,0,0,0,0
142,2017-04-24,09:01:12,201,jm1709,XDCE,1125.5,1121.5,1142.5,71854,4891716180,176734,195028,1239.5,1035.5,1137.5,1138.5,0,1135,0.0,0,0,2017-04-24,32472201,1125.5,5,0,0,0,0,0,0,0,0,1126.5,15,0,0,0,0,0,0,0,0
143,2017-04-24,09:01:12,674,jm1709,XDCE,1126.5,1121.5,1142.5,71898,4894689420,176714,195028,1239.5,1035.5,1137.5,1138.5,0,1135,0.0,0,0,2017-04-24,32472674,1125.5,6,0,0,0,0,0,0,0,0,1126.5,21,0,0,0,0,0,0,0,0
144,2017-04-24,09:01:13,194,jm1709,XDCE,1125.0,1121.5,1142.5,71932,4896985620,176714,195028,1239.5,1035.5,1137.5,1138.5,0,1135,0.0,0,0,2017-04-24,32473194,1125.0,4,0,0,0,0,0,0,0,0,1126.5,13,0,0,0,0,0,0,0,0
145,2017-04-24,09:01:13,666,jm1709,XDCE,1126.0,1121.5,1142.5,71956,4898607180,176710,195028,1239.5,1035.5,1137.5,1138.5,0,1135,0.0,0,0,2017-04-24,32473666,1125.5,20,0,0,0,0,0,0,0,0,1126.5,7,0,0,0,0,0,0,0,0
146,2017-04-24,09:01:14,162,jm1709,XDCE,1125.5,1121.5,1142.5,71966,4899282540,176718,195028,1239.5,1035.5,1137.5,1138.5,0,1135,0.0,0,0,2017-04-24,32474162,1125.5,16,0,0,0,0,0,0,0,0,1126.0,15,0,0,0,0,0,0,0,0
147,2017-04-24,09:01:14,674,jm1709,XDCE,1126.0,1121.5,1142.5,71996,4901309340,176710,195028,1239.5,1035.5,1137.5,1138.5,0,1135,0.0,0,0,2017-04-24,32474674,1126.0,4,0,0,0,0,0,0,0,0,1126.5,4,0,0,0,0,0,0,0,0
148,2017-04-24,09:01:15,182,jm1709,XDCE,1126.0,1121.5,1142.5,72004,4901849880,176710,195028,1239.5,1035.5,1137.5,1138.5,0,1135,0.0,0,0,2017-04-24,32475182,1126.0,7,0,0,0,0,0,0,0,0,1126.5,3,0,0,0,0,0,0,0,0
149,2017-04-24,09:01:15,619,jm1709,XDCE,1126.5,1121.5,1142.5,72006,4901985060,176708,195028,1239.5,1035.5,1137.5,1138.5,0,1135,0.0,0,0,2017-04-24,32475619,1126.0,12,0,0,0,0,0,0,0,0,1126.5,3,0,0,0,0,0,0,0,0
150,2017-04-24,09:01:16,165,jm1709,XDCE,1126.5,1121.5,1142.5,72016,4902660960,176704,195028,1239.5,1035.5,1137.5,1138.5,0,1135,0.0,0,0,2017-04-24,32476165,1126.5,10,0,0,0,0,0,0,0,0,1127.0,95,0,0,0,0,0,0,0,0
151,2017-04-24,09:01:16,682,jm1709,XDCE,1126.5,1121.5,1142.5,72042,4904418360,176720,195028,1239.5,1035.5,1137.5,1138.5,0,1135,0.0,0,0,2017-04-24,32476682,1126.0,9,0,0,0,0,0,0,0,0,1126.5,6,0,0,0,0,0,0,0,0
152,2017-04-24,09:01:17,165,jm1709,XDCE,1126.0,1121.5,1142.5,72072,4906445160,176722,195028,1239.5,1035.5,1137.5,1138.5,0,1135,0.0,0,0,2017-04-24,32477165,1126.0,4,0,0,0,0,0,0,0,0,1126.5,6,0,0,0,0,0,0,0,0
153,2017-04-24,09:01:17,672,jm1709,XDCE,1126.0,1121.5,1142.5,72098,4908201960,176716,195028,1239.5,1035.5,1137.5,1138.5,0,1135,0.0,0,0,2017-04-24,32477672,1125.5,15,0,0,0,0,0,0,0,0,1126.0,43,0,0,0,0,0,0,0,0
154,2017-04-24,09:01:18,162,jm1709,XDCE,1126.0,1121.5,1142.5,72100,4908337080,176716,195028,1239.5,1035.5,1137.5,1138.5,0,1135,0.0,0,0,2017-04-24,32478162,1125.5,23,0,0,0,0,0,0,0,0,1126.0,44,0,0,0,0,0,0,0,0
155,2017-04-24,09:01:18,674,jm1709,XDCE,1126.5,1121.5,1142.5,72202,4915228620,176706,195028,1239.5,1035.5,1137.5,1138.5,0,1135,0.0,0,0,2017-04-24,32478674,1126.0,2,0,0,0,0,0,0,0,0,1126.5,1,0,0,0,0,0,0,0,0
156,2017-04-24,09:01:19,164,jm1709,XDCE,1127.0,1121.5,1142.5,72206,4915499040,176702,195028,1239.5,1035.5,1137.5,1138.5,0,1135,0.0,0,0,2017-04-24,32479164,1126.0,13,0,0,0,0,0,0,0,0,1127.0,93,0,0,0,0,0,0,0,0
157,2017-04-24,09:01:19,687,jm1709,XDCE,1127.0,1121.5,1142.5,72216,4916174880,176700,195028,1239.5,1035.5,1137.5,1138.5,0,1135,0.0,0,0,2017-04-24,32479687,1126.5,3,0,0,0,0,0,0,0,0,1127.0,92,0,0,0,0,0,0,0,0
158,2017-04-24,09:01:20,190,jm1709,XDCE,1127.0,1121.5,1142.5,72224,4916715840,176692,195028,1239.5,1035.5,1137.5,1138.5,0,1135,0.0,0,0,2017-04-24,32480190,1126.5,9,0,0,0,0,0,0,0,0,1127.0,88,0,0,0,0,0,0,0,0
159,2017-04-24,09:01:20,559,jm1709,XDCE,1126.5,1121.5,1142.5,72230,4917121380,176688,195028,1239.5,1035.5,1137.5,1138.5,0,1135,0.0,0,0,2017-04-24,32480559,1126.5,6,0,0,0,0,0,0,0,0,1127.0,89,0,0,0,0,0,0,0,0
160,2017-04-24,09:01:20,918,jm1709,XDCE,1126.5,1121.5,1142.5,72230,4917121380,176688,195028,1239.5,1035.5,1137.5,1138.5,0,1135,0.0,0,0,2017-04-24,32480918,1126.5,9,0,0,0,0,0,0,0,0,1127.0,89,0,0,0,0,0,0,0,0
161,2017-04-24,09:01:21,682,jm1709,XDCE,1127.0,1121.5,1142.5,72392,4928075040,176558,195028,1239.5,1035.5,1137.5,1138.5,0,1135,0.0,0,0,2017-04-24,32481682,1126.5,8,0,0,0,0,0,0,0,0,1127.0,23,0,0,0,0,0,0,0,0
162,2017-04-24,09:01:22,180,jm1709,XDCE,1127.0,1121.5,1142.5,72440,4931320740,176546,195028,1239.5,1035.5,1137.5,1138.5,0,1135,0.0,0,0,2017-04-24,32482180,1127.0,8,0,0,0,0,0,0,0,0,1127.5,11,0,0,0,0,0,0,0,0
163,2017-04-24,09:01:22,678,jm1709,XDCE,1127.5,1121.5,1142.5,72446,4931726520,176544,195028,1239.5,1035.5,1137.5,1138.5,0,1135,0.0,0,0,2017-04-24,32482678,1127.0,4,0,0,0,0,0,0,0,0,1127.5,10,0,0,0,0,0,0,0,0
164,2017-04-24,09:01:23,191,jm1709,XDCE,1128.0,1121.5,1142.5,72482,4934161800,176534,195028,1239.5,1035.5,1137.5,1138.5,0,1135,0.0,0,0,2017-04-24,32483191,1127.5,28,0,0,0,0,0,0,0,0,1128.0,23,0,0,0,0,0,0,0,0
165,2017-04-24,09:01:23,701,jm1709,XDCE,1128.0,1121.5,1142.5,72530,4937410380,176502,195028,1239.5,1035.5,1137.5,1138.5,0,1135,0.0,0,0,2017-04-24,32483701,1128.0,7,0,0,0,0,0,0,0,0,1128.5,2,0,0,0,0,0,0,0,0
166,2017-04-24,09:01:24,191,jm1709,XDCE,1129.0,1121.5,1142.5,72550,4938764760,176504,195028,1239.5,1035.5,1137.5,1138.5,0,1135,0.0,0,0,2017-04-24,32484191,1128.5,4,0,0,0,0,0,0,0,0,1129.0,4,0,0,0,0,0,0,0,0
167,2017-04-24,09:01:24,676,jm1709,XDCE,1128.0,1121.5,1142.5,72562,4939577160,176510,195028,1239.5,1035.5,1137.5,1138.5,0,1135,0.0,0,0,2017-04-24,32484676,1128.0,1,0,0,0,0,0,0,0,0,1128.5,18,0,0,0,0,0,0,0,0
168,2017-04-24,09:01:25,201,jm1709,XDCE,1128.0,1121.5,1142.5,72570,4940118600,176502,195028,1239.5,1035.5,1137.5,1138.5,0,1135,0.0,0,0,2017-04-24,32485201,1127.5,28,0,0,0,0,0,0,0,0,1128.0,26,0,0,0,0,0,0,0,0
169,2017-04-24,09:01:25,683,jm1709,XDCE,1128.0,1121.5,1142.5,72588,4941336720,176494,195028,1239.5,1035.5,1137.5,1138.5,0,1135,0.0,0,0,2017-04-24,32485683,1127.5,46,0,0,0,0,0,0,0,0,1128.0,19,0,0,0,0,0,0,0,0
170,2017-04-24,09:01:26,170,jm1709,XDCE,1128.0,1121.5,1142.5,72628,4944043860,176458,195028,1239.5,1035.5,1137.5,1138.5,0,1135,0.0,0,0,2017-04-24,32486170,1128.0,3,0,0,0,0,0,0,0,0,1128.5,10,0,0,0,0,0,0,0,0
171,2017-04-24,09:01:26,681,jm1709,XDCE,1128.0,1121.5,1142.5,72632,4944314580,176460,195028,1239.5,1035.5,1137.5,1138.5,0,1135,0.0,0,0,2017-04-24,32486681,1128.0,1,0,0,0,0,0,0,0,0,1128.5,10,0,0,0,0,0,0,0,0
172,2017-04-24,09:01:27,197,jm1709,XDCE,1128.5,1121.5,1142.5,72664,4946480940,176460,195028,1239.5,1035.5,1137.5,1138.5,0,1135,0.0,0,0,2017-04-24,32487197,1128.0,12,0,0,0,0,0,0,0,0,1129.0,9,0,0,0,0,0,0,0,0
173,2017-04-24,09:01:27,663,jm1709,XDCE,1128.0,1121.5,1142.5,72684,4947834540,176440,195028,1239.5,1035.5,1137.5,1138.5,0,1135,0.0,0,0,2017-04-24,32487663,1128.0,3,0,0,0,0,0,0,0,0,1129.0,10,0,0,0,0,0,0,0,0
174,2017-04-24,09:01:28,201,jm1709,XDCE,1128.5,1121.5,1142.5,72776,4954062240,176356,195028,1239.5,1035.5,1137.5,1138.5,0,1135,0.0,0,0,2017-04-24,32488201,1128.0,1,0,0,0,0,0,0,0,0,1128.5,6,0,0,0,0,0,0,0,0
175,2017-04-24,09:01:28,680,jm1709,XDCE,1128.5,1121.5,1142.5,72800,4955687220,176336,195028,1239.5,1035.5,1137.5,1138.5,0,1135,0.0,0,0,2017-04-24,32488680,1128.5,15,0,0,0,0,0,0,0,0,1129.0,4,0,0,0,0,0,0,0,0
176,2017-04-24,09:01:29,163,jm1709,XDCE,1129.0,1121.5,1142.5,72822,4957176900,176314,195028,1239.5,1035.5,1137.5,1138.5,0,1135,0.0,0,0,2017-04-24,32489163,1128.5,10,0,0,0,0,0,0,0,0,1129.0,5,0,0,0,0,0,0,0,0
177,2017-04-24,09:01:29,664,jm1709,XDCE,1128.5,1121.5,1142.5,72836,4958124900,176306,195028,1239.5,1035.5,1137.5,1138.5,0,1135,0.0,0,0,2017-04-24,32489664,1128.5,5,0,0,0,0,0,0,0,0,1129.0,5,0,0,0,0,0,0,0,0
178,2017-04-24,09:01:30,199,jm1709,XDCE,1128.5,1121.5,1142.5,72858,4959614100,176302,195028,1239.5,1035.5,1137.5,1138.5,0,1135,0.0,0,0,2017-04-24,32490199,1128.0,2,0,0,0,0,0,0,0,0,1128.5,15,0,0,0,0,0,0,0,0
179,2017-04-24,09:01:30,698,jm1709,XDCE,1128.5,1121.5,1142.5,72866,4960155660,176304,195028,1239.5,1035.5,1137.5,1138.5,0,1135,0.0,0,0,2017-04-24,32490698,1127.5,20,0,0,0,0,0,0,0,0,1128.0,1,0,0,0,0,0,0,0,0
180,2017-04-24,09:01:31,191,jm1709,XDCE,1127.5,1121.5,1142.5,72892,4961915880,176282,195028,1239.5,1035.5,1137.5,1138.5,0,1135,0.0,0,0,2017-04-24,32491191,1127.5,18,0,0,0,0,0,0,0,0,1128.5,9,0,0,0,0,0,0,0,0
181,2017-04-24,09:01:31,696,jm1709,XDCE,1128.5,1121.5,1142.5,72910,4963134480,176286,195028,1239.5,1035.5,1137.5,1138.5,0,1135,0.0,0,0,2017-04-24,32491696,1127.5,18,0,0,0,0,0,0,0,0,1128.0,2,0,0,0,0,0,0,0,0
182,2017-04-24,09:01:32,177,jm1709,XDCE,1127.5,1121.5,1142.5,72952,4965977340,176282,195028,1239.5,1035.5,1137.5,1138.5,0,1135,0.0,0,0,2017-04-24,32492177,1127.5,13,0,0,0,0,0,0,0,0,1128.0,49,0,0,0,0,0,0,0,0
183,2017-04-24,09:01:32,664,jm1709,XDCE,1127.5,1121.5,1142.5,72992,4968683340,176258,195028,1239.5,1035.5,1137.5,1138.5,0,1135,0.0,0,0,2017-04-24,32492664,1127.0,10,0,0,0,0,0,0,0,0,1127.5,8,0,0,0,0,0,0,0,0
184,2017-04-24,09:01:33,185,jm1709,XDCE,1127.5,1121.5,1142.5,72998,4969089240,176264,195028,1239.5,1035.5,1137.5,1138.5,0,1135,0.0,0,0,2017-04-24,32493185,1127.0,10,0,0,0,0,0,0,0,0,1127.5,8,0,0,0,0,0,0,0,0
185,2017-04-24,09:01:33,683,jm1709,XDCE,1127.0,1121.5,1142.5,73048,4972470240,176254,195028,1239.5,1035.5,1137.5,1138.5,0,1135,0.0,0,0,2017-04-24,32493683,1127.0,1,0,0,0,0,0,0,0,0,1127.5,58,0,0,0,0,0,0,0,0
186,2017-04-24,09:01:34,189,jm1709,XDCE,1127.0,1121.5,1142.5,73056,4973011260,176250,195028,1239.5,1035.5,1137.5,1138.5,0,1135,0.0,0,0,2017-04-24,32494189,1127.0,20,0,0,0,0,0,0,0,0,1127.5,57,0,0,0,0,0,0,0,0
187,2017-04-24,09:01:34,679,jm1709,XDCE,1127.5,1121.5,1142.5,73062,4973417160,176250,195028,1239.5,1035.5,1137.5,1138.5,0,1135,0.0,0,0,2017-04-24,32494679,1127.0,17,0,0,0,0,0,0,0,0,1127.5,54,0,0,0,0,0,0,0,0
188,2017-04-24,09:01:35,179,jm1709,XDCE,1127.5,1121.5,1142.5,73066,4973687700,176248,195028,1239.5,1035.5,1137.5,1138.5,0,1135,0.0,0,0,2017-04-24,32495179,1127.0,19,0,0,0,0,0,0,0,0,1127.5,51,0,0,0,0,0,0,0,0
189,2017-04-24,09:01:35,364,jm1709,XDCE,1127.0,1121.5,1142.5,73080,4974634740,176248,195028,1239.5,1035.5,1137.5,1138.5,0,1135,0.0,0,0,2017-04-24,32495364,1127.0,18,0,0,0,0,0,0,0,0,1127.5,45,0,0,0,0,0,0,0,0
190,2017-04-24,09:01:36,186,jm1709,XDCE,1126.5,1121.5,1142.5,73132,4978150680,176252,195028,1239.5,1035.5,1137.5,1138.5,0,1135,0.0,0,0,2017-04-24,32496186,1126.5,4,0,0,0,0,0,0,0,0,1127.0,11,0,0,0,0,0,0,0,0
191,2017-04-24,09:01:36,680,jm1709,XDCE,1126.5,1121.5,1142.5,73148,4979232120,176252,195028,1239.5,1035.5,1137.5,1138.5,0,1135,0.0,0,0,2017-04-24,32496680,1126.5,7,0,0,0,0,0,0,0,0,1127.0,12,0,0,0,0,0,0,0,0
192,2017-04-24,09:01:37,136,jm1709,XDCE,1127.0,1121.5,1142.5,73150,4979367360,176254,195028,1239.5,1035.5,1137.5,1138.5,0,1135,0.0,0,0,2017-04-24,32497136,1126.5,9,0,0,0,0,0,0,0,0,1127.0,11,0,0,0,0,0,0,0,0
193,2017-04-24,09:01:37,663,jm1709,XDCE,1126.5,1121.5,1142.5,73164,4980313680,176252,195028,1239.5,1035.5,1137.5,1138.5,0,1135,0.0,0,0,2017-04-24,32497663,1126.5,3,0,0,0,0,0,0,0,0,1127.0,10,0,0,0,0,0,0,0,0
194,2017-04-24,09:01:38,164,jm1709,XDCE,1126.5,1121.5,1142.5,73176,4981124760,176242,195028,1239.5,1035.5,1137.5,1138.5,0,1135,0.0,0,0,2017-04-24,32498164,1126.0,21,0,0,0,0,0,0,0,0,1127.0,12,0,0,0,0,0,0,0,0
195,2017-04-24,09:01:38,680,jm1709,XDCE,1126.5,1121.5,1142.5,73178,4981259940,176242,195028,1239.5,1035.5,1137.5,1138.5,0,1135,0.0,0,0,2017-04-24,32498680,1126.0,19,0,0,0,0,0,0,0,0,1126.5,9,0,0,0,0,0,0,0,0
196,2017-04-24,09:01:39,160,jm1709,XDCE,1126.5,1121.5,1142.5,73186,4981800600,176234,195028,1239.5,1035.5,1137.5,1138.5,0,1135,0.0,0,0,2017-04-24,32499160,1126.0,18,0,0,0,0,0,0,0,0,1126.5,8,0,0,0,0,0,0,0,0
197,2017-04-24,09:01:39,605,jm1709,XDCE,1127.0,1121.5,1142.5,73226,4984504680,176212,195028,1239.5,1035.5,1137.5,1138.5,0,1135,0.0,0,0,2017-04-24,32499605,1126.5,1,0,0,0,0,0,0,0,0,1127.0,5,0,0,0,0,0,0,0,0
198,2017-04-24,09:01:40,163,jm1709,XDCE,1126.5,1121.5,1142.5,73234,4985045400,176206,195028,1239.5,1035.5,1137.5,1138.5,0,1135,0.0,0,0,2017-04-24,32500163,1126.0,19,0,0,0,0,0,0,0,0,1126.5,6,0,0,0,0,0,0,0,0
199,2017-04-24,09:01:40,663,jm1709,XDCE,1126.0,1121.5,1142.5,73238,4985315640,176202,195028,1239.5,1035.5,1137.5,1138.5,0,1135,0.0,0,0,2017-04-24,32500663,1126.0,16,0,0,0,0,0,0,0,0,1126.5,7,0,0,0,0,0,0,0,0
200,2017-04-24,09:01:41,201,jm1709,XDCE,1126.5,1121.5,1142.5,73246,4985856180,176200,195028,1239.5,1035.5,1137.5,1138.5,0,1135,0.0,0,0,2017-04-24,32501201,1126.0,14,0,0,0,0,0,0,0,0,1126.5,6,0,0,0,0,0,0,0,0
201,2017-04-24,09:01:41,664,jm1709,XDCE,1126.5,1121.5,1142.5,73258,4986667260,176198,195028,1239.5,1035.5,1137.5,1138.5,0,1135,0.0,0,0,2017-04-24,32501664,1126.5,3,0,0,0,0,0,0,0,0,1127.0,8,0,0,0,0,0,0,0,0
202,2017-04-24,09:01:42,164,jm1709,XDCE,1126.0,1121.5,1142.5,73262,4986937500,176198,195028,1239.5,1035.5,1137.5,1138.5,0,1135,0.0,0,0,2017-04-24,32502164,1126.5,2,0,0,0,0,0,0,0,0,1127.0,7,0,0,0,0,0,0,0,0
203,2017-04-24,09:01:42,665,jm1709,XDCE,1127.0,1121.5,1142.5,73266,4987207980,176198,195028,1239.5,1035.5,1137.5,1138.5,0,1135,0.0,0,0,2017-04-24,32502665,1126.5,4,0,0,0,0,0,0,0,0,1127.0,15,0,0,0,0,0,0,0,0
204,2017-04-24,09:01:43,164,jm1709,XDCE,1127.0,1121.5,1142.5,73290,4988830800,176202,195028,1239.5,1035.5,1137.5,1138.5,0,1135,0.0,0,0,2017-04-24,32503164,1126.5,16,0,0,0,0,0,0,0,0,1127.0,4,0,0,0,0,0,0,0,0
205,2017-04-24,09:01:43,665,jm1709,XDCE,1126.5,1121.5,1142.5,73338,4992076500,176206,195028,1239.5,1035.5,1137.5,1138.5,0,1135,0.0,0,0,2017-04-24,32503665,1126.5,31,0,0,0,0,0,0,0,0,1127.0,1,0,0,0,0,0,0,0,0
206,2017-04-24,09:01:44,163,jm1709,XDCE,1127.0,1121.5,1142.5,73340,4992211740,176206,195028,1239.5,1035.5,1137.5,1138.5,0,1135,0.0,0,0,2017-04-24,32504163,1127.0,2,0,0,0,0,0,0,0,0,1127.5,54,0,0,0,0,0,0,0,0
207,2017-04-24,09:01:45,162,jm1709,XDCE,1127.0,1121.5,1142.5,73340,4992211740,176206,195028,1239.5,1035.5,1137.5,1138.5,0,1135,0.0,0,0,2017-04-24,32505162,1127.0,1,0,0,0,0,0,0,0,0,1127.5,54,0,0,0,0,0,0,0,0
208,2017-04-24,09:01:45,677,jm1709,XDCE,1127.0,1121.5,1142.5,73350,4992888180,176208,195028,1239.5,1035.5,1137.5,1138.5,0,1135,0.0,0,0,2017-04-24,32505677,1127.0,26,0,0,0,0,0,0,0,0,1127.5,50,0,0,0,0,0,0,0,0
209,2017-04-24,09:01:46,164,jm1709,XDCE,1127.5,1121.5,1142.5,73428,4998163980,176218,195028,1239.5,1035.5,1137.5,1138.5,0,1135,0.0,0,0,2017-04-24,32506164,1127.0,14,0,0,0,0,0,0,0,0,1127.5,26,0,0,0,0,0,0,0,0
210,2017-04-24,09:01:46,676,jm1709,XDCE,1128.5,1121.5,1142.5,73548,5006284200,176220,195028,1239.5,1035.5,1137.5,1138.5,0,1135,0.0,0,0,2017-04-24,32506676,1128.0,19,0,0,0,0,0,0,0,0,1129.0,5,0,0,0,0,0,0,0,0
211,2017-04-24,09:01:47,163,jm1709,XDCE,1129.0,1121.5,1142.5,73566,5007502560,176236,195028,1239.5,1035.5,1137.5,1138.5,0,1135,0.0,0,0,2017-04-24,32507163,1128.5,6,0,0,0,0,0,0,0,0,1129.0,6,0,0,0,0,0,0,0,0
212,2017-04-24,09:01:47,694,jm1709,XDCE,1128.0,1121.5,1142.5,73668,5014407000,176168,195028,1239.5,1035.5,1137.5,1138.5,0,1135,0.0,0,0,2017-04-24,32507694,1128.0,4,0,0,0,0,0,0,0,0,1129.0,5,0,0,0,0,0,0,0,0
213,2017-04-24,09:01:48,164,jm1709,XDCE,1128.0,1121.5,1142.5,73676,5014948680,176160,195028,1239.5,1035.5,1137.5,1138.5,0,1135,0.0,0,0,2017-04-24,32508164,1128.5,4,0,0,0,0,0,0,0,0,1129.0,5,0,0,0,0,0,0,0,0
214,2017-04-24,09:01:48,670,jm1709,XDCE,1128.5,1121.5,1142.5,73682,5015354820,176156,195028,1239.5,1035.5,1137.5,1138.5,0,1135,0.0,0,0,2017-04-24,32508670,1128.5,8,0,0,0,0,0,0,0,0,1129.0,5,0,0,0,0,0,0,0,0
215,2017-04-24,09:01:49,163,jm1709,XDCE,1128.5,1121.5,1142.5,73684,5015490240,176156,195028,1239.5,1035.5,1137.5,1138.5,0,1135,0.0,0,0,2017-04-24,32509163,1128.5,8,0,0,0,0,0,0,0,0,1129.0,8,0,0,0,0,0,0,0,0
216,2017-04-24,09:01:49,692,jm1709,XDCE,1129.0,1121.5,1142.5,73710,5017251480,176156,195028,1239.5,1035.5,1137.5,1138.5,0,1135,0.0,0,0,2017-04-24,32509692,1128.5,8,0,0,0,0,0,0,0,0,1129.0,3,0,0,0,0,0,0,0,0
217,2017-04-24,09:01:50,163,jm1709,XDCE,1129.0,1121.5,1142.5,73710,5017251480,176156,195028,1239.5,1035.5,1137.5,1138.5,0,1135,0.0,0,0,2017-04-24,32510163,1128.5,8,0,0,0,0,0,0,0,0,1129.0,4,0,0,0,0,0,0,0,0
218,2017-04-24,09:01:51,83,jm1709,XDCE,1129.0,1121.5,1142.5,73716,5017657920,176152,195028,1239.5,1035.5,1137.5,1138.5,0,1135,0.0,0,0,2017-04-24,32511083,1128.5,9,0,0,0,0,0,0,0,0,1129.0,2,0,0,0,0,0,0,0,0
219,2017-04-24,09:01:51,579,jm1709,XDCE,1128.5,1121.5,1142.5,73748,5019824760,176166,195028,1239.5,1035.5,1137.5,1138.5,0,1135,0.0,0,0,2017-04-24,32511579,1128.0,6,0,0,0,0,0,0,0,0,1128.5,7,0,0,0,0,0,0,0,0
220,2017-04-24,09:01:52,165,jm1709,XDCE,1128.5,1121.5,1142.5,73772,5021449200,176180,195028,1239.5,1035.5,1137.5,1138.5,0,1135,0.0,0,0,2017-04-24,32512165,1128.0,40,0,0,0,0,0,0,0,0,1128.5,6,0,0,0,0,0,0,0,0
221,2017-04-24,09:01:52,651,jm1709,XDCE,1128.5,1121.5,1142.5,73788,5022532560,176172,195028,1239.5,1035.5,1137.5,1138.5,0,1135,0.0,0,0,2017-04-24,32512651,1128.0,40,0,0,0,0,0,0,0,0,1128.5,49,0,0,0,0,0,0,0,0
222,2017-04-24,09:01:52,784,jm1709,XDCE,1128.5,1121.5,1142.5,73790,5022667980,176172,195028,1239.5,1035.5,1137.5,1138.5,0,1135,0.0,0,0,2017-04-24,32512784,1128.0,40,0,0,0,0,0,0,0,0,1128.5,49,0,0,0,0,0,0,0,0
223,2017-04-24,09:01:53,666,jm1709,XDCE,1128.5,1121.5,1142.5,73790,5022667980,176172,195028,1239.5,1035.5,1137.5,1138.5,0,1135,0.0,0,0,2017-04-24,32513666,1128.0,33,0,0,0,0,0,0,0,0,1128.5,51,0,0,0,0,0,0,0,0
224,2017-04-24,09:01:54,164,jm1709,XDCE,1128.0,1121.5,1142.5,73794,5022938700,176174,195028,1239.5,1035.5,1137.5,1138.5,0,1135,0.0,0,0,2017-04-24,32514164,1127.5,38,0,0,0,0,0,0,0,0,1128.0,3,0,0,0,0,0,0,0,0
225,2017-04-24,09:01:54,663,jm1709,XDCE,1128.0,1121.5,1142.5,73806,5023750860,176168,195028,1239.5,1035.5,1137.5,1138.5,0,1135,0.0,0,0,2017-04-24,32514663,1127.5,39,0,0,0,0,0,0,0,0,1128.0,1,0,0,0,0,0,0,0,0
226,2017-04-24,09:01:55,163,jm1709,XDCE,1128.0,1121.5,1142.5,73836,5025781980,176144,195028,1239.5,1035.5,1137.5,1138.5,0,1135,0.0,0,0,2017-04-24,32515163,1127.5,39,0,0,0,0,0,0,0,0,1128.5,39,0,0,0,0,0,0,0,0
227,2017-04-24,09:01:56,164,jm1709,XDCE,1128.0,1121.5,1142.5,73842,5026188180,176142,195028,1239.5,1035.5,1137.5,1138.5,0,1135,0.0,0,0,2017-04-24,32516164,1128.0,1,0,0,0,0,0,0,0,0,1128.5,38,0,0,0,0,0,0,0,0
228,2017-04-24,09:01:56,702,jm1709,XDCE,1127.5,1121.5,1142.5,73848,5026594260,176144,195028,1239.5,1035.5,1137.5,1138.5,0,1135,0.0,0,0,2017-04-24,32516702,1127.5,38,0,0,0,0,0,0,0,0,1128.5,37,0,0,0,0,0,0,0,0
229,2017-04-24,09:01:57,169,jm1709,XDCE,1127.5,1121.5,1142.5,73852,5026864860,176144,195028,1239.5,1035.5,1137.5,1138.5,0,1135,0.0,0,0,2017-04-24,32517169,1127.5,36,0,0,0,0,0,0,0,0,1128.5,35,0,0,0,0,0,0,0,0
230,2017-04-24,09:01:57,664,jm1709,XDCE,1128.5,1121.5,1142.5,73870,5028082980,176142,195028,1239.5,1035.5,1137.5,1138.5,0,1135,0.0,0,0,2017-04-24,32517664,1127.5,33,0,0,0,0,0,0,0,0,1128.5,43,0,0,0,0,0,0,0,0
231,2017-04-24,09:01:58,92,jm1709,XDCE,1128.0,1121.5,1142.5,73914,5031062100,176142,195028,1239.5,1035.5,1137.5,1138.5,0,1135,0.0,0,0,2017-04-24,32518092,1127.5,33,0,0,0,0,0,0,0,0,1128.5,23,0,0,0,0,0,0,0,0
232,2017-04-24,09:01:58,662,jm1709,XDCE,1128.0,1121.5,1142.5,73914,5031062100,176142,195028,1239.5,1035.5,1137.5,1138.5,0,1135,0.0,0,0,2017-04-24,32518662,1128.0,5,0,0,0,0,0,0,0,0,1128.5,23,0,0,0,0,0,0,0,0
233,2017-04-24,09:01:58,942,jm1709,XDCE,1128.5,1121.5,1142.5,73918,5031332940,176138,195028,1239.5,1035.5,1137.5,1138.5,0,1135,0.0,0,0,2017-04-24,32518942,1128.0,10,0,0,0,0,0,0,0,0,1128.5,21,0,0,0,0,0,0,0,0
234,2017-04-24,09:01:59,669,jm1709,XDCE,1128.5,1121.5,1142.5,73922,5031603720,176136,195028,1239.5,1035.5,1137.5,1138.5,0,1135,0.0,0,0,2017-04-24,32519669,1128.0,9,0,0,0,0,0,0,0,0,1128.5,20,0,0,0,0,0,0,0,0
235,2017-04-24,09:02:00,61,jm1709,XDCE,1128.0,1121.5,1142.5,73926,5031874440,176136,195028,1239.5,1035.5,1137.5,1138.5,0,1135,0.0,0,0,2017-04-24,32520061,1128.0,7,0,0,0,0,0,0,0,0,1128.5,20,0,0,0,0,0,0,0,0
236,2017-04-24,09:02:00,682,jm1709,XDCE,1127.5,1121.5,1142.5,73950,5033498460,176148,195028,1239.5,1035.5,1137.5,1138.5,0,1135,0.0,0,0,2017-04-24,32520682,1128.0,2,0,0,0,0,0,0,0,0,1128.5,20,0,0,0,0,0,0,0,0
237,2017-04-24,09:02:01,87,jm1709,XDCE,1128.5,1121.5,1142.5,73970,5034852660,176132,195028,1239.5,1035.5,1137.5,1138.5,0,1135,0.0,0,0,2017-04-24,32521087,1128.0,8,0,0,0,0,0,0,0,0,1128.5,10,0,0,0,0,0,0,0,0
238,2017-04-24,09:02:01,687,jm1709,XDCE,1128.5,1121.5,1142.5,73970,5034852660,176132,195028,1239.5,1035.5,1137.5,1138.5,0,1135,0.0,0,0,2017-04-24,32521687,1128.0,9,0,0,0,0,0,0,0,0,1128.5,10,0,0,0,0,0,0,0,0
239,2017-04-24,09:02:02,180,jm1709,XDCE,1128.0,1121.5,1142.5,73972,5034988020,176132,195028,1239.5,1035.5,1137.5,1138.5,0,1135,0.0,0,0,2017-04-24,32522180,1128.0,5,0,0,0,0,0,0,0,0,1128.5,10,0,0,0,0,0,0,0,0
240,2017-04-24,09:02:02,663,jm1709,XDCE,1128.0,1121.5,1142.5,73976,5035258740,176130,195028,1239.5,1035.5,1137.5,1138.5,0,1135,0.0,0,0,2017-04-24,32522663,1127.5,28,0,0,0,0,0,0,0,0,1128.0,2,0,0,0,0,0,0,0,0
241,2017-04-24,09:02:03,201,jm1709,XDCE,1128.0,1121.5,1142.5,73984,5035800180,176130,195028,1239.5,1035.5,1137.5,1138.5,0,1135,0.0,0,0,2017-04-24,32523201,1128.0,15,0,0,0,0,0,0,0,0,1128.5,12,0,0,0,0,0,0,0,0
242,2017-04-24,09:02:03,663,jm1709,XDCE,1128.0,1121.5,1142.5,73998,5036747760,176130,195028,1239.5,1035.5,1137.5,1138.5,0,1135,0.0,0,0,2017-04-24,32523663,1128.0,9,0,0,0,0,0,0,0,0,1128.5,11,0,0,0,0,0,0,0,0
243,2017-04-24,09:02:04,178,jm1709,XDCE,1128.5,1121.5,1142.5,74020,5038237380,176108,195028,1239.5,1035.5,1137.5,1138.5,0,1135,0.0,0,0,2017-04-24,32524178,1128.5,9,0,0,0,0,0,0,0,0,1129.0,18,0,0,0,0,0,0,0,0
244,2017-04-24,09:02:04,663,jm1709,XDCE,1128.5,1121.5,1142.5,74038,5039456160,176092,195028,1239.5,1035.5,1137.5,1138.5,0,1135,0.0,0,0,2017-04-24,32524663,1128.0,10,0,0,0,0,0,0,0,0,1129.0,23,0,0,0,0,0,0,0,0
245,2017-04-24,09:02:05,182,jm1709,XDCE,1129.0,1121.5,1142.5,74062,5041081680,176078,195028,1239.5,1035.5,1137.5,1138.5,0,1135,0.0,0,0,2017-04-24,32525182,1128.0,9,0,0,0,0,0,0,0,0,1129.0,14,0,0,0,0,0,0,0,0
246,2017-04-24,09:02:05,663,jm1709,XDCE,1128.5,1121.5,1142.5,74072,5041758660,176084,195028,1239.5,1035.5,1137.5,1138.5,0,1135,0.0,0,0,2017-04-24,32525663,1128.0,7,0,0,0,0,0,0,0,0,1128.5,1,0,0,0,0,0,0,0,0
247,2017-04-24,09:02:06,159,jm1709,XDCE,1128.0,1121.5,1142.5,74078,5042164800,176086,195028,1239.5,1035.5,1137.5,1138.5,0,1135,0.0,0,0,2017-04-24,32526159,1128.0,7,0,0,0,0,0,0,0,0,1129.0,13,0,0,0,0,0,0,0,0
248,2017-04-24,09:02:06,673,jm1709,XDCE,1128.0,1121.5,1142.5,74078,5042164800,176086,195028,1239.5,1035.5,1137.5,1138.5,0,1135,0.0,0,0,2017-04-24,32526673,1128.0,9,0,0,0,0,0,0,0,0,1128.5,1,0,0,0,0,0,0,0,0
249,2017-04-24,09:02:07,164,jm1709,XDCE,1128.5,1121.5,1142.5,74088,5042841900,176082,195028,1239.5,1035.5,1137.5,1138.5,0,1135,0.0,0,0,2017-04-24,32527164,1128.0,11,0,0,0,0,0,0,0,0,1128.5,9,0,0,0,0,0,0,0,0
250,2017-04-24,09:02:07,687,jm1709,XDCE,1128.0,1121.5,1142.5,74090,5042977260,176084,195028,1239.5,1035.5,1137.5,1138.5,0,1135,0.0,0,0,2017-04-24,32527687,1128.0,9,0,0,0,0,0,0,0,0,1128.5,15,0,0,0,0,0,0,0,0
251,2017-04-24,09:02:08,29,jm1709,XDCE,1128.0,1121.5,1142.5,74102,5043789420,176092,195028,1239.5,1035.5,1137.5,1138.5,0,1135,0.0,0,0,2017-04-24,32528029,1128.0,8,0,0,0,0,0,0,0,0,1128.5,13,0,0,0,0,0,0,0,0
252,2017-04-24,09:02:08,650,jm1709,XDCE,1128.5,1121.5,1142.5,74116,5044737300,176096,195028,1239.5,1035.5,1137.5,1138.5,0,1135,0.0,0,0,2017-04-24,32528650,1128.0,7,0,0,0,0,0,0,0,0,1128.5,6,0,0,0,0,0,0,0,0
253,2017-04-24,09:02:09,182,jm1709,XDCE,1129.0,1121.5,1142.5,74128,5045549940,176088,195028,1239.5,1035.5,1137.5,1138.5,0,1135,0.0,0,0,2017-04-24,32529182,1128.0,7,0,0,0,0,0,0,0,0,1129.0,22,0,0,0,0,0,0,0,0
254,2017-04-24,09:02:09,664,jm1709,XDCE,1128.5,1121.5,1142.5,74134,5045956200,176086,195028,1239.5,1035.5,1137.5,1138.5,0,1135,0.0,0,0,2017-04-24,32529664,1128.0,7,0,0,0,0,0,0,0,0,1128.5,20,0,0,0,0,0,0,0,0
255,2017-04-24,09:02:10,171,jm1709,XDCE,1128.0,1121.5,1142.5,74138,5046226920,176086,195028,1239.5,1035.5,1137.5,1138.5,0,1135,0.0,0,0,2017-04-24,32530171,1128.0,5,0,0,0,0,0,0,0,0,1128.5,10,0,0,0,0,0,0,0,0
256,2017-04-24,09:02:10,665,jm1709,XDCE,1128.0,1121.5,1142.5,74150,5047039080,176074,195028,1239.5,1035.5,1137.5,1138.5,0,1135,0.0,0,0,2017-04-24,32530665,1127.5,29,0,0,0,0,0,0,0,0,1128.0,14,0,0,0,0,0,0,0,0
257,2017-04-24,09:02:11,201,jm1709,XDCE,1127.5,1121.5,1142.5,74182,5049204060,176046,195028,1239.5,1035.5,1137.5,1138.5,0,1135,0.0,0,0,2017-04-24,32531201,1127.5,16,0,0,0,0,0,0,0,0,1128.0,3,0,0,0,0,0,0,0,0
258,2017-04-24,09:02:11,699,jm1709,XDCE,1127.5,1121.5,1142.5,74214,5051368860,176048,195028,1239.5,1035.5,1137.5,1138.5,0,1135,0.0,0,0,2017-04-24,32531699,1127.0,19,0,0,0,0,0,0,0,0,1128.0,9,0,0,0,0,0,0,0,0
259,2017-04-24,09:02:12,163,jm1709,XDCE,1127.5,1121.5,1142.5,74214,5051368860,176048,195028,1239.5,1035.5,1137.5,1138.5,0,1135,0.0,0,0,2017-04-24,32532163,1127.0,20,0,0,0,0,0,0,0,0,1127.5,5,0,0,0,0,0,0,0,0
260,2017-04-24,09:02:12,667,jm1709,XDCE,1127.5,1121.5,1142.5,74214,5051368860,176048,195028,1239.5,1035.5,1137.5,1138.5,0,1135,0.0,0,0,2017-04-24,32532667,1127.0,20,0,0,0,0,0,0,0,0,1127.5,6,0,0,0,0,0,0,0,0
261,2017-04-24,09:02:13,177,jm1709,XDCE,1127.0,1121.5,1142.5,74254,5054073660,176044,195028,1239.5,1035.5,1137.5,1138.5,0,1135,0.0,0,0,2017-04-24,32533177,1126.5,23,0,0,0,0,0,0,0,0,1127.0,11,0,0,0,0,0,0,0,0
262,2017-04-24,09:02:13,666,jm1709,XDCE,1126.5,1121.5,1142.5,74330,5059211400,176024,195028,1239.5,1035.5,1137.5,1138.5,0,1135,0.0,0,0,2017-04-24,32533666,1126.0,20,0,0,0,0,0,0,0,0,1126.5,7,0,0,0,0,0,0,0,0
263,2017-04-24,09:02:14,195,jm1709,XDCE,1126.0,1121.5,1142.5,74336,5059616820,176022,195028,1239.5,1035.5,1137.5,1138.5,0,1135,0.0,0,0,2017-04-24,32534195,1126.0,18,0,0,0,0,0,0,0,0,1126.5,7,0,0,0,0,0,0,0,0
264,2017-04-24,09:02:14,664,jm1709,XDCE,1126.0,1121.5,1142.5,74376,5062319280,176008,195028,1239.5,1035.5,1137.5,1138.5,0,1135,0.0,0,0,2017-04-24,32534664,1125.5,21,0,0,0,0,0,0,0,0,1126.0,9,0,0,0,0,0,0,0,0
265,2017-04-24,09:02:15,664,jm1709,XDCE,1126.0,1121.5,1142.5,74386,5062994880,176018,195028,1239.5,1035.5,1137.5,1138.5,0,1135,0.0,0,0,2017-04-24,32535664,1125.5,21,0,0,0,0,0,0,0,0,1126.0,5,0,0,0,0,0,0,0,0
266,2017-04-24,09:02:16,163,jm1709,XDCE,1125.5,1121.5,1142.5,74392,5063400060,176018,195028,1239.5,1035.5,1137.5,1138.5,0,1135,0.0,0,0,2017-04-24,32536163,1125.5,18,0,0,0,0,0,0,0,0,1126.0,13,0,0,0,0,0,0,0,0
267,2017-04-24,09:02:16,673,jm1709,XDCE,1125.5,1121.5,1142.5,74428,5065831260,176044,195028,1239.5,1035.5,1137.5,1138.5,0,1135,0.0,0,0,2017-04-24,32536673,1125.5,2,0,0,0,0,0,0,0,0,1126.0,11,0,0,0,0,0,0,0,0
268,2017-04-24,09:02:17,199,jm1709,XDCE,1126.0,1121.5,1142.5,74462,5068128060,176020,195028,1239.5,1035.5,1137.5,1138.5,0,1135,0.0,0,0,2017-04-24,32537199,1126.0,17,0,0,0,0,0,0,0,0,1126.5,9,0,0,0,0,0,0,0,0
269,2017-04-24,09:02:17,692,jm1709,XDCE,1126.0,1121.5,1142.5,74462,5068128060,176020,195028,1239.5,1035.5,1137.5,1138.5,0,1135,0.0,0,0,2017-04-24,32537692,1126.0,19,0,0,0,0,0,0,0,0,1126.5,10,0,0,0,0,0,0,0,0
270,2017-04-24,09:02:18,103,jm1709,XDCE,1126.0,1121.5,1142.5,74462,5068128060,176020,195028,1239.5,1035.5,1137.5,1138.5,0,1135,0.0,0,0,2017-04-24,32538103,1126.0,21,0,0,0,0,0,0,0,0,1126.5,16,0,0,0,0,0,0,0,0
271,2017-04-24,09:02:18,679,jm1709,XDCE,1127.0,1121.5,1142.5,74496,5070426180,176022,195028,1239.5,1035.5,1137.5,1138.5,0,1135,0.0,0,0,2017-04-24,32538679,1127.0,2,0,0,0,0,0,0,0,0,1127.5,5,0,0,0,0,0,0,0,0
272,2017-04-24,09:02:19,197,jm1709,XDCE,1125.5,1121.5,1142.5,74688,5083398300,175864,195028,1239.5,1035.5,1137.5,1138.5,0,1135,0.0,0,0,2017-04-24,32539197,1125.0,18,0,0,0,0,0,0,0,0,1125.5,216,0,0,0,0,0,0,0,0
273,2017-04-24,09:02:19,668,jm1709,XDCE,1124.5,1121.5,1142.5,74742,5087043060,175880,195028,1239.5,1035.5,1137.5,1138.5,0,1135,0.0,0,0,2017-04-24,32539668,1124.5,8,0,0,0,0,0,0,0,0,1125.0,29,0,0,0,0,0,0,0,0
274,2017-04-24,09:02:20,169,jm1709,XDCE,1124.5,1121.5,1142.5,74780,5089607100,175862,195028,1239.5,1035.5,1137.5,1138.5,0,1135,0.0,0,0,2017-04-24,32540169,1124.0,3,0,0,0,0,0,0,0,0,1124.5,45,0,0,0,0,0,0,0,0
275,2017-04-24,09:02:20,683,jm1709,XDCE,1124.0,1121.5,1142.5,74824,5092574040,175828,195028,1239.5,1035.5,1137.5,1138.5,0,1135,0.0,0,0,2017-04-24,32540683,1123.5,1,0,0,0,0,0,0,0,0,1124.0,1,0,0,0,0,0,0,0,0
276,2017-04-24,09:02:21,165,jm1709,XDCE,1124.0,1121.5,1142.5,74838,5093518260,175818,195028,1239.5,1035.5,1137.5,1138.5,0,1135,0.0,0,0,2017-04-24,32541165,1123.5,1,0,0,0,0,0,0,0,0,1124.0,9,0,0,0,0,0,0,0,0
277,2017-04-24,09:02:21,663,jm1709,XDCE,1124.0,1121.5,1142.5,74842,5093788020,175814,195028,1239.5,1035.5,1137.5,1138.5,0,1135,0.0,0,0,2017-04-24,32541663,1123.5,3,0,0,0,0,0,0,0,0,1124.0,14,0,0,0,0,0,0,0,0
278,2017-04-24,09:02:22,164,jm1709,XDCE,1123.5,1121.5,1142.5,74846,5094057720,175814,195028,1239.5,1035.5,1137.5,1138.5,0,1135,0.0,0,0,2017-04-24,32542164,1123.0,22,0,0,0,0,0,0,0,0,1123.5,1,0,0,0,0,0,0,0,0
279,2017-04-24,09:02:22,665,jm1709,XDCE,1123.0,1121.5,1142.5,74892,5097157860,175784,195028,1239.5,1035.5,1137.5,1138.5,0,1135,0.0,0,0,2017-04-24,32542665,1123.0,7,0,0,0,0,0,0,0,0,1123.5,3,0,0,0,0,0,0,0,0
280,2017-04-24,09:02:23,199,jm1709,XDCE,1123.0,1121.5,1142.5,74906,5098101180,175782,195028,1239.5,1035.5,1137.5,1138.5,0,1135,0.0,0,0,2017-04-24,32543199,1122.5,128,0,0,0,0,0,0,0,0,1123.5,26,0,0,0,0,0,0,0,0
281,2017-04-24,09:02:23,676,jm1709,XDCE,1123.0,1121.5,1142.5,74908,5098235940,175780,195028,1239.5,1035.5,1137.5,1138.5,0,1135,0.0,0,0,2017-04-24,32543676,1122.5,130,0,0,0,0,0,0,0,0,1123.0,2,0,0,0,0,0,0,0,0
282,2017-04-24,09:02:24,164,jm1709,XDCE,1122.5,1121.5,1142.5,74914,5098640100,175778,195028,1239.5,1035.5,1137.5,1138.5,0,1135,0.0,0,0,2017-04-24,32544164,1122.5,127,0,0,0,0,0,0,0,0,1123.0,2,0,0,0,0,0,0,0,0
283,2017-04-24,09:02:24,662,jm1709,XDCE,1122.5,1121.5,1142.5,74958,5101603560,175738,195028,1239.5,1035.5,1137.5,1138.5,0,1135,0.0,0,0,2017-04-24,32544662,1122.5,106,0,0,0,0,0,0,0,0,1123.0,8,0,0,0,0,0,0,0,0
284,2017-04-24,09:02:25,162,jm1709,XDCE,1122.5,1121.5,1142.5,74964,5102007720,175738,195028,1239.5,1035.5,1137.5,1138.5,0,1135,0.0,0,0,2017-04-24,32545162,1122.5,104,0,0,0,0,0,0,0,0,1123.0,7,0,0,0,0,0,0,0,0
285,2017-04-24,09:02:25,664,jm1709,XDCE,1123.0,1121.5,1142.5,74966,5102142480,175738,195028,1239.5,1035.5,1137.5,1138.5,0,1135,0.0,0,0,2017-04-24,32545664,1122.5,104,0,0,0,0,0,0,0,0,1123.0,7,0,0,0,0,0,0,0,0
286,2017-04-24,09:02:26,191,jm1709,XDCE,1122.5,1121.5,1142.5,74980,5103085380,175738,195028,1239.5,1035.5,1137.5,1138.5,0,1135,0.0,0,0,2017-04-24,32546191,1122.5,99,0,0,0,0,0,0,0,0,1123.0,7,0,0,0,0,0,0,0,0
287,2017-04-24,09:02:26,684,jm1709,XDCE,1123.0,1121.5,1142.5,74992,5103893700,175738,195028,1239.5,1035.5,1137.5,1138.5,0,1135,0.0,0,0,2017-04-24,32546684,1122.5,96,0,0,0,0,0,0,0,0,1123.0,15,0,0,0,0,0,0,0,0
288,2017-04-24,09:02:27,163,jm1709,XDCE,1123.0,1121.5,1142.5,75002,5104567500,175732,195028,1239.5,1035.5,1137.5,1138.5,0,1135,0.0,0,0,2017-04-24,32547163,1122.5,96,0,0,0,0,0,0,0,0,1123.0,13,0,0,0,0,0,0,0,0
289,2017-04-24,09:02:27,677,jm1709,XDCE,1122.5,1121.5,1142.5,75016,5105510400,175720,195028,1239.5,1035.5,1137.5,1138.5,0,1135,0.0,0,0,2017-04-24,32547677,1122.5,89,0,0,0,0,0,0,0,0,1123.0,13,0,0,0,0,0,0,0,0
290,2017-04-24,09:02:28,163,jm1709,XDCE,1122.5,1121.5,1142.5,75034,5106723120,175706,195028,1239.5,1035.5,1137.5,1138.5,0,1135,0.0,0,0,2017-04-24,32548163,1122.5,87,0,0,0,0,0,0,0,0,1123.0,6,0,0,0,0,0,0,0,0
291,2017-04-24,09:02:28,673,jm1709,XDCE,1122.5,1121.5,1142.5,75060,5108474880,175690,195028,1239.5,1035.5,1137.5,1138.5,0,1135,0.0,0,0,2017-04-24,32548673,1122.5,86,0,0,0,0,0,0,0,0,1123.0,8,0,0,0,0,0,0,0,0
292,2017-04-24,09:02:29,163,jm1709,XDCE,1123.0,1121.5,1142.5,75106,5111573700,175646,195028,1239.5,1035.5,1137.5,1138.5,0,1135,0.0,0,0,2017-04-24,32549163,1123.0,39,0,0,0,0,0,0,0,0,1123.5,48,0,0,0,0,0,0,0,0
293,2017-04-24,09:02:29,664,jm1709,XDCE,1123.0,1121.5,1142.5,75162,5115347160,175620,195028,1239.5,1035.5,1137.5,1138.5,0,1135,0.0,0,0,2017-04-24,32549664,1123.0,16,0,0,0,0,0,0,0,0,1123.5,47,0,0,0,0,0,0,0,0
294,2017-04-24,09:02:30,160,jm1709,XDCE,1123.0,1121.5,1142.5,75172,5116020960,175614,195028,1239.5,1035.5,1137.5,1138.5,0,1135,0.0,0,0,2017-04-24,32550160,1123.0,14,0,0,0,0,0,0,0,0,1123.5,47,0,0,0,0,0,0,0,0
295,2017-04-24,09:02:30,604,jm1709,XDCE,1122.5,1121.5,1142.5,75210,5118581160,175592,195028,1239.5,1035.5,1137.5,1138.5,0,1135,0.0,0,0,2017-04-24,32550604,1122.5,73,0,0,0,0,0,0,0,0,1123.0,17,0,0,0,0,0,0,0,0
296,2017-04-24,09:02:31,175,jm1709,XDCE,1122.5,1121.5,1142.5,75216,5118985260,175592,195028,1239.5,1035.5,1137.5,1138.5,0,1135,0.0,0,0,2017-04-24,32551175,1122.5,70,0,0,0,0,0,0,0,0,1123.0,18,0,0,0,0,0,0,0,0
297,2017-04-24,09:02:31,689,jm1709,XDCE,1122.5,1121.5,1142.5,75218,5119119960,175592,195028,1239.5,1035.5,1137.5,1138.5,0,1135,0.0,0,0,2017-04-24,32551689,1122.5,69,0,0,0,0,0,0,0,0,1123.0,19,0,0,0,0,0,0,0,0
298,2017-04-24,09:02:32,163,jm1709,XDCE,1123.0,1121.5,1142.5,75256,5121679860,175572,195028,1239.5,1035.5,1137.5,1138.5,0,1135,0.0,0,0,2017-04-24,32552163,1122.5,61,0,0,0,0,0,0,0,0,1123.0,19,0,0,0,0,0,0,0,0
299,2017-04-24,09:02:32,664,jm1709,XDCE,1122.5,1121.5,1142.5,75258,5121814560,175570,195028,1239.5,1035.5,1137.5,1138.5,0,1135,0.0,0,0,2017-04-24,32552664,1122.5,60,0,0,0,0,0,0,0,0,1123.0,19,0,0,0,0,0,0,0,0
300,2017-04-24,09:02:32,911,jm1709,XDCE,1123.0,1121.5,1142.5,75278,5123161800,175562,195028,1239.5,1035.5,1137.5,1138.5,0,1135,0.0,0,0,2017-04-24,32552911,1122.5,54,0,0,0,0,0,0,0,0,1123.0,16,0,0,0,0,0,0,0,0
301,2017-04-24,09:02:33,678,jm1709,XDCE,1122.5,1121.5,1142.5,75294,5124239400,175562,195028,1239.5,1035.5,1137.5,1138.5,0,1135,0.0,0,0,2017-04-24,32553678,1122.5,46,0,0,0,0,0,0,0,0,1123.0,16,0,0,0,0,0,0,0,0
302,2017-04-24,09:02:34,199,jm1709,XDCE,1123.0,1121.5,1142.5,75398,5131243740,175502,195028,1239.5,1035.5,1137.5,1138.5,0,1135,0.0,0,0,2017-04-24,32554199,1122.0,22,0,0,0,0,0,0,0,0,1122.5,8,0,0,0,0,0,0,0,0
303,2017-04-24,09:02:34,677,jm1709,XDCE,1122.0,1121.5,1142.5,75420,5132724780,175484,195028,1239.5,1035.5,1137.5,1138.5,0,1135,0.0,0,0,2017-04-24,32554677,1122.0,15,0,0,0,0,0,0,0,0,1122.5,6,0,0,0,0,0,0,0,0
304,2017-04-24,09:02:35,160,jm1709,XDCE,1122.5,1121.5,1142.5,75428,5133263580,175484,195028,1239.5,1035.5,1137.5,1138.5,0,1135,0.0,0,0,2017-04-24,32555160,1122.0,15,0,0,0,0,0,0,0,0,1122.5,7,0,0,0,0,0,0,0,0
305,2017-04-24,09:02:35,674,jm1709,XDCE,1122.5,1121.5,1142.5,75434,5133667680,175484,195028,1239.5,1035.5,1137.5,1138.5,0,1135,0.0,0,0,2017-04-24,32555674,1122.0,17,0,0,0,0,0,0,0,0,1122.5,15,0,0,0,0,0,0,0,0
306,2017-04-24,09:02:36,164,jm1709,XDCE,1123.0,1121.5,1142.5,75500,5138113800,175440,195028,1239.5,1035.5,1137.5,1138.5,0,1135,0.0,0,0,2017-04-24,32556164,1122.5,1,0,0,0,0,0,0,0,0,1123.0,31,0,0,0,0,0,0,0,0
307,2017-04-24,09:02:36,623,jm1709,XDCE,1122.0,1121.5,1142.5,75508,5138652480,175440,195028,1239.5,1035.5,1137.5,1138.5,0,1135,0.0,0,0,2017-04-24,32556623,1122.0,16,0,0,0,0,0,0,0,0,1123.0,22,0,0,0,0,0,0,0,0
308,2017-04-24,09:02:37,195,jm1709,XDCE,1122.5,1121.5,1142.5,75554,5141750400,175404,195028,1239.5,1035.5,1137.5,1138.5,0,1135,0.0,0,0,2017-04-24,32557195,1122.5,29,0,0,0,0,0,0,0,0,1123.0,30,0,0,0,0,0,0,0,0
309,2017-04-24,09:02:37,481,jm1709,XDCE,1123.0,1121.5,1142.5,75570,5142828120,175388,195028,1239.5,1035.5,1137.5,1138.5,0,1135,0.0,0,0,2017-04-24,32557481,1122.5,23,0,0,0,0,0,0,0,0,1123.0,28,0,0,0,0,0,0,0,0
310,2017-04-24,09:02:38,200,jm1709,XDCE,1122.5,1121.5,1142.5,75594,5144444640,175388,195028,1239.5,1035.5,1137.5,1138.5,0,1135,0.0,0,0,2017-04-24,32558200,1122.5,13,0,0,0,0,0,0,0,0,1123.0,28,0,0,0,0,0,0,0,0
311,2017-04-24,09:02:38,683,jm1709,XDCE,1122.5,1121.5,1142.5,75648,5148082380,175338,195028,1239.5,1035.5,1137.5,1138.5,0,1135,0.0,0,0,2017-04-24,32558683,1122.0,16,0,0,0,0,0,0,0,0,1122.5,4,0,0,0,0,0,0,0,0
312,2017-04-24,09:02:39,200,jm1709,XDCE,1122.5,1121.5,1142.5,75648,5148082380,175338,195028,1239.5,1035.5,1137.5,1138.5,0,1135,0.0,0,0,2017-04-24,32559200,1122.0,18,0,0,0,0,0,0,0,0,1122.5,18,0,0,0,0,0,0,0,0
313,2017-04-24,09:02:39,654,jm1709,XDCE,1122.0,1121.5,1142.5,75652,5148351720,175334,195028,1239.5,1035.5,1137.5,1138.5,0,1135,0.0,0,0,2017-04-24,32559654,1122.0,17,0,0,0,0,0,0,0,0,1122.5,21,0,0,0,0,0,0,0,0
314,2017-04-24,09:02:40,158,jm1709,XDCE,1122.5,1121.5,1142.5,75688,5150775300,175304,195028,1239.5,1035.5,1137.5,1138.5,0,1135,0.0,0,0,2017-04-24,32560158,1121.5,11,0,0,0,0,0,0,0,0,1122.0,12,0,0,0,0,0,0,0,0
315,2017-04-24,09:02:40,694,jm1709,XDCE,1121.5,1121.5,1142.5,75690,5150909880,175302,195028,1239.5,1035.5,1137.5,1138.5,0,1135,0.0,0,0,2017-04-24,32560694,1121.5,10,0,0,0,0,0,0,0,0,1122.0,19,0,0,0,0,0,0,0,0
316,2017-04-24,09:02:41,160,jm1709,XDCE,1122.0,1121.5,1142.5,75694,5151179160,175300,195028,1239.5,1035.5,1137.5,1138.5,0,1135,0.0,0,0,2017-04-24,32561160,1121.5,10,0,0,0,0,0,0,0,0,1122.0,18,0,0,0,0,0,0,0,0
317,2017-04-24,09:02:41,417,jm1709,XDCE,1121.5,1121.5,1142.5,75700,5151582900,175296,195028,1239.5,1035.5,1137.5,1138.5,0,1135,0.0,0,0,2017-04-24,32561417,1121.5,7,0,0,0,0,0,0,0,0,1122.0,20,0,0,0,0,0,0,0,0
318,2017-04-24,09:02:42,193,jm1709,XDCE,1122.0,1121.5,1142.5,75730,5153602380,175296,195028,1239.5,1035.5,1137.5,1138.5,0,1135,0.0,0,0,2017-04-24,32562193,1121.5,5,0,0,0,0,0,0,0,0,1122.0,10,0,0,0,0,0,0,0,0
319,2017-04-24,09:02:42,685,jm1709,XDCE,1121.5,1121.5,1142.5,75734,5153871600,175300,195028,1239.5,1035.5,1137.5,1138.5,0,1135,0.0,0,0,2017-04-24,32562685,1121.5,4,0,0,0,0,0,0,0,0,1122.0,19,0,0,0,0,0,0,0,0
320,2017-04-24,09:02:43,173,jm1709,XDCE,1121.0,1121.0,1142.5,75746,5154679020,175294,195028,1239.5,1035.5,1137.5,1138.5,0,1135,0.0,0,0,2017-04-24,32563173,1121.0,24,0,0,0,0,0,0,0,0,1122.0,19,0,0,0,0,0,0,0,0
321,2017-04-24,09:02:43,670,jm1709,XDCE,1122.0,1121.0,1142.5,75800,5158312380,175308,195028,1239.5,1035.5,1137.5,1138.5,0,1135,0.0,0,0,2017-04-24,32563670,1121.0,17,0,0,0,0,0,0,0,0,1121.5,1,0,0,0,0,0,0,0,0
322,2017-04-24,09:02:44,164,jm1709,XDCE,1122.0,1121.0,1142.5,75826,5160062040,175288,195028,1239.5,1035.5,1137.5,1138.5,0,1135,0.0,0,0,2017-04-24,32564164,1121.5,9,0,0,0,0,0,0,0,0,1122.0,14,0,0,0,0,0,0,0,0
323,2017-04-24,09:02:44,695,jm1709,XDCE,1121.0,1121.0,1142.5,75874,5163291300,175306,195028,1239.5,1035.5,1137.5,1138.5,0,1135,0.0,0,0,2017-04-24,32564695,1121.0,7,0,0,0,0,0,0,0,0,1122.0,14,0,0,0,0,0,0,0,0
324,2017-04-24,09:02:45,163,jm1709,XDCE,1121.0,1121.0,1142.5,75882,5163829500,175308,195028,1239.5,1035.5,1137.5,1138.5,0,1135,0.0,0,0,2017-04-24,32565163,1121.5,1,0,0,0,0,0,0,0,0,1122.0,14,0,0,0,0,0,0,0,0
325,2017-04-24,09:02:45,677,jm1709,XDCE,1121.0,1121.0,1142.5,75898,5164906200,175306,195028,1239.5,1035.5,1137.5,1138.5,0,1135,0.0,0,0,2017-04-24,32565677,1121.0,8,0,0,0,0,0,0,0,0,1121.5,11,0,0,0,0,0,0,0,0
326,2017-04-24,09:02:46,695,jm1709,XDCE,1122.0,1121.0,1142.5,75926,5166790500,175284,195028,1239.5,1035.5,1137.5,1138.5,0,1135,0.0,0,0,2017-04-24,32566695,1121.5,14,0,0,0,0,0,0,0,0,1122.0,1,0,0,0,0,0,0,0,0
327,2017-04-24,09:02:47,175,jm1709,XDCE,1122.0,1119.5,1142.5,76362,5196095040,175068,195028,1239.5,1035.5,1137.5,1138.5,0,1135,0.0,0,0,2017-04-24,32567175,1121.0,4,0,0,0,0,0,0,0,0,1121.5,1,0,0,0,0,0,0,0,0
328,2017-04-24,09:02:47,663,jm1709,XDCE,1121.5,1119.5,1142.5,76372,5196767940,175066,195028,1239.5,1035.5,1137.5,1138.5,0,1135,0.0,0,0,2017-04-24,32567663,1121.0,2,0,0,0,0,0,0,0,0,1121.5,12,0,0,0,0,0,0,0,0
329,2017-04-24,09:02:48,193,jm1709,XDCE,1121.0,1119.5,1142.5,76380,5197306080,175064,195028,1239.5,1035.5,1137.5,1138.5,0,1135,0.0,0,0,2017-04-24,32568193,1121.0,1,0,0,0,0,0,0,0,0,1121.5,13,0,0,0,0,0,0,0,0
330,2017-04-24,09:02:48,664,jm1709,XDCE,1120.0,1119.5,1142.5,76474,5203625820,175074,195028,1239.5,1035.5,1137.5,1138.5,0,1135,0.0,0,0,2017-04-24,32568664,1119.5,12,0,0,0,0,0,0,0,0,1121.0,45,0,0,0,0,0,0,0,0
331,2017-04-24,09:02:49,197,jm1709,XDCE,1119.5,1119.0,1142.5,76554,5208999660,175054,195028,1239.5,1035.5,1137.5,1138.5,0,1135,0.0,0,0,2017-04-24,32569197,1119.5,32,0,0,0,0,0,0,0,0,1120.0,1,0,0,0,0,0,0,0,0
332,2017-04-24,09:02:49,663,jm1709,XDCE,1119.5,1119.0,1142.5,76602,5212224060,175038,195028,1239.5,1035.5,1137.5,1138.5,0,1135,0.0,0,0,2017-04-24,32569663,1119.0,3,0,0,0,0,0,0,0,0,1120.5,8,0,0,0,0,0,0,0,0
333,2017-04-24,09:02:50,162,jm1709,XDCE,1119.5,1119.0,1142.5,76606,5212492680,175038,195028,1239.5,1035.5,1137.5,1138.5,0,1135,0.0,0,0,2017-04-24,32570162,1119.0,3,0,0,0,0,0,0,0,0,1120.0,1,0,0,0,0,0,0,0,0
334,2017-04-24,09:02:50,664,jm1709,XDCE,1119.0,1119.0,1142.5,76620,5213432760,175034,195028,1239.5,1035.5,1137.5,1138.5,0,1135,0.0,0,0,2017-04-24,32570664,1119.0,1,0,0,0,0,0,0,0,0,1120.0,11,0,0,0,0,0,0,0,0
335,2017-04-24,09:02:51,200,jm1709,XDCE,1119.0,1119.0,1142.5,76632,5214238620,175024,195028,1239.5,1035.5,1137.5,1138.5,0,1135,0.0,0,0,2017-04-24,32571200,1119.0,1,0,0,0,0,0,0,0,0,1119.5,9,0,0,0,0,0,0,0,0
336,2017-04-24,09:02:51,664,jm1709,XDCE,1119.0,1118.0,1142.5,76734,5221085220,174978,195028,1239.5,1035.5,1137.5,1138.5,0,1135,0.0,0,0,2017-04-24,32571664,1118.5,4,0,0,0,0,0,0,0,0,1119.0,153,0,0,0,0,0,0,0,0
337,2017-04-24,09:02:52,173,jm1709,XDCE,1119.0,1118.0,1142.5,76802,5225649480,174950,195028,1239.5,1035.5,1137.5,1138.5,0,1135,0.0,0,0,2017-04-24,32572173,1118.0,101,0,0,0,0,0,0,0,0,1118.5,1,0,0,0,0,0,0,0,0
338,2017-04-24,09:02:52,666,jm1709,XDCE,1118.5,1118.0,1142.5,76840,5228199720,174934,195028,1239.5,1035.5,1137.5,1138.5,0,1135,0.0,0,0,2017-04-24,32572666,1118.0,77,0,0,0,0,0,0,0,0,1118.5,4,0,0,0,0,0,0,0,0
339,2017-04-24,09:02:53,177,jm1709,XDCE,1118.5,1118.0,1142.5,76858,5229407520,174930,195028,1239.5,1035.5,1137.5,1138.5,0,1135,0.0,0,0,2017-04-24,32573177,1118.0,74,0,0,0,0,0,0,0,0,1118.5,11,0,0,0,0,0,0,0,0
340,2017-04-24,09:02:53,665,jm1709,XDCE,1118.0,1118.0,1142.5,76880,5230883400,174910,195028,1239.5,1035.5,1137.5,1138.5,0,1135,0.0,0,0,2017-04-24,32573665,1118.0,65,0,0,0,0,0,0,0,0,1118.5,12,0,0,0,0,0,0,0,0
341,2017-04-24,09:02:54,181,jm1709,XDCE,1118.0,1118.0,1142.5,76896,5231956740,174900,195028,1239.5,1035.5,1137.5,1138.5,0,1135,0.0,0,0,2017-04-24,32574181,1118.0,58,0,0,0,0,0,0,0,0,1118.5,11,0,0,0,0,0,0,0,0
342,2017-04-24,09:02:54,669,jm1709,XDCE,1119.0,1118.0,1142.5,76966,5236655880,174918,195028,1239.5,1035.5,1137.5,1138.5,0,1135,0.0,0,0,2017-04-24,32574669,1118.0,58,0,0,0,0,0,0,0,0,1118.5,8,0,0,0,0,0,0,0,0
343,2017-04-24,09:02:55,176,jm1709,XDCE,1118.0,1118.0,1142.5,76990,5238266040,174912,195028,1239.5,1035.5,1137.5,1138.5,0,1135,0.0,0,0,2017-04-24,32575176,1118.0,51,0,0,0,0,0,0,0,0,1118.5,5,0,0,0,0,0,0,0,0
344,2017-04-24,09:02:55,687,jm1709,XDCE,1118.0,1118.0,1142.5,77126,5247389220,174938,195028,1239.5,1035.5,1137.5,1138.5,0,1135,0.0,0,0,2017-04-24,32575687,1117.5,44,0,0,0,0,0,0,0,0,1118.0,8,0,0,0,0,0,0,0,0
345,2017-04-24,09:02:56,187,jm1709,XDCE,1117.5,1117.5,1142.5,77150,5248998840,174930,195028,1239.5,1035.5,1137.5,1138.5,0,1135,0.0,0,0,2017-04-24,32576187,1117.5,35,0,0,0,0,0,0,0,0,1118.0,5,0,0,0,0,0,0,0,0
346,2017-04-24,09:02:56,684,jm1709,XDCE,1118.5,1117.5,1142.5,77178,5250877200,174922,195028,1239.5,1035.5,1137.5,1138.5,0,1135,0.0,0,0,2017-04-24,32576684,1118.0,1,0,0,0,0,0,0,0,0,1118.5,2,0,0,0,0,0,0,0,0
347,2017-04-24,09:02:57,179,jm1709,XDCE,1117.5,1117.5,1142.5,77200,5252352600,174922,195028,1239.5,1035.5,1137.5,1138.5,0,1135,0.0,0,0,2017-04-24,32577179,1117.5,27,0,0,0,0,0,0,0,0,1118.0,12,0,0,0,0,0,0,0,0
348,2017-04-24,09:02:57,663,jm1709,XDCE,1118.0,1117.5,1142.5,77210,5253023400,174922,195028,1239.5,1035.5,1137.5,1138.5,0,1135,0.0,0,0,2017-04-24,32577663,1117.5,27,0,0,0,0,0,0,0,0,1118.0,18,0,0,0,0,0,0,0,0
349,2017-04-24,09:02:58,163,jm1709,XDCE,1117.5,1117.5,1142.5,77212,5253157500,174922,195028,1239.5,1035.5,1137.5,1138.5,0,1135,0.0,0,0,2017-04-24,32578163,1117.5,26,0,0,0,0,0,0,0,0,1118.0,20,0,0,0,0,0,0,0,0
350,2017-04-24,09:02:58,702,jm1709,XDCE,1117.5,1117.5,1142.5,77256,5256108780,174912,195028,1239.5,1035.5,1137.5,1138.5,0,1135,0.0,0,0,2017-04-24,32578702,1117.5,22,0,0,0,0,0,0,0,0,1118.5,2,0,0,0,0,0,0,0,0
351,2017-04-24,09:02:59,162,jm1709,XDCE,1118.0,1117.5,1142.5,77270,5257048380,174912,195028,1239.5,1035.5,1137.5,1138.5,0,1135,0.0,0,0,2017-04-24,32579162,1118.5,5,0,0,0,0,0,0,0,0,1119.0,143,0,0,0,0,0,0,0,0
352,2017-04-24,09:02:59,702,jm1709,XDCE,1118.5,1117.5,1142.5,77322,5260539180,174906,195028,1239.5,1035.5,1137.5,1138.5,0,1135,0.0,0,0,2017-04-24,32579702,1118.5,7,0,0,0,0,0,0,0,0,1119.0,117,0,0,0,0,0,0,0,0
353,2017-04-24,09:03:00,191,jm1709,XDCE,1119.0,1117.5,1142.5,77430,5267786400,174882,195028,1239.5,1035.5,1137.5,1138.5,0,1135,0.0,0,0,2017-04-24,32580191,1118.5,1,0,0,0,0,0,0,0,0,1119.0,110,0,0,0,0,0,0,0,0
354,2017-04-24,09:03:00,668,jm1709,XDCE,1118.5,1117.5,1142.5,77678,5284435140,174758,195028,1239.5,1035.5,1137.5,1138.5,0,1135,0.0,0,0,2017-04-24,32580668,1118.0,22,0,0,0,0,0,0,0,0,1118.5,5,0,0,0,0,0,0,0,0
355,2017-04-24,09:03:01,164,jm1709,XDCE,1118.5,1117.5,1142.5,77734,5288194080,174766,195028,1239.5,1035.5,1137.5,1138.5,0,1135,0.0,0,0,2017-04-24,32581164,1118.5,2,0,0,0,0,0,0,0,0,1119.0,8,0,0,0,0,0,0,0,0
356,2017-04-24,09:03:01,665,jm1709,XDCE,1119.0,1117.5,1142.5,77770,5290611060,174744,195028,1239.5,1035.5,1137.5,1138.5,0,1135,0.0,0,0,2017-04-24,32581665,1118.5,21,0,0,0,0,0,0,0,0,1119.5,3,0,0,0,0,0,0,0,0
357,2017-04-24,09:03:02,172,jm1709,XDCE,1119.0,1117.5,1142.5,77782,5291416620,174742,195028,1239.5,1035.5,1137.5,1138.5,0,1135,0.0,0,0,2017-04-24,32582172,1119.0,2,0,0,0,0,0,0,0,0,1119.5,3,0,0,0,0,0,0,0,0
358,2017-04-24,09:03:02,651,jm1709,XDCE,1118.5,1117.5,1142.5,77814,5293564440,174720,195028,1239.5,1035.5,1137.5,1138.5,0,1135,0.0,0,0,2017-04-24,32582651,1118.5,18,0,0,0,0,0,0,0,0,1119.5,8,0,0,0,0,0,0,0,0
359,2017-04-24,09:03:03,164,jm1709,XDCE,1120.5,1117.5,1142.5,77840,5295310500,174722,195028,1239.5,1035.5,1137.5,1138.5,0,1135,0.0,0,0,2017-04-24,32583164,1119.0,1,0,0,0,0,0,0,0,0,1120.0,6,0,0,0,0,0,0,0,0
360,2017-04-24,09:03:03,675,jm1709,XDCE,1120.0,1117.5,1142.5,77846,5295713400,174716,195028,1239.5,1035.5,1137.5,1138.5,0,1135,0.0,0,0,2017-04-24,32583675,1119.5,1,0,0,0,0,0,0,0,0,1120.0,5,0,0,0,0,0,0,0,0
361,2017-04-24,09:03:04,164,jm1709,XDCE,1119.5,1117.5,1142.5,77870,5297325240,174716,195028,1239.5,1035.5,1137.5,1138.5,0,1135,0.0,0,0,2017-04-24,32584164,1119.5,3,0,0,0,0,0,0,0,0,1120.0,5,0,0,0,0,0,0,0,0
362,2017-04-24,09:03:04,663,jm1709,XDCE,1120.0,1117.5,1142.5,77880,5297997000,174706,195028,1239.5,1035.5,1137.5,1138.5,0,1135,0.0,0,0,2017-04-24,32584663,1119.5,8,0,0,0,0,0,0,0,0,1120.0,2,0,0,0,0,0,0,0,0
363,2017-04-24,09:03:05,168,jm1709,XDCE,1120.0,1117.5,1142.5,77990,5305386180,174696,195028,1239.5,1035.5,1137.5,1138.5,0,1135,0.0,0,0,2017-04-24,32585168,1120.0,31,0,0,0,0,0,0,0,0,1120.5,9,0,0,0,0,0,0,0,0
364,2017-04-24,09:03:05,695,jm1709,XDCE,1120.0,1117.5,1142.5,78088,5311971780,174646,195028,1239.5,1035.5,1137.5,1138.5,0,1135,0.0,0,0,2017-04-24,32585695,1119.5,1,0,0,0,0,0,0,0,0,1120.5,11,0,0,0,0,0,0,0,0
365,2017-04-24,09:03:06,174,jm1709,XDCE,1120.0,1117.5,1142.5,78102,5312912580,174632,195028,1239.5,1035.5,1137.5,1138.5,0,1135,0.0,0,0,2017-04-24,32586174,1119.5,1,0,0,0,0,0,0,0,0,1120.5,11,0,0,0,0,0,0,0,0
366,2017-04-24,09:03:06,683,jm1709,XDCE,1120.0,1117.5,1142.5,78136,5315197380,174620,195028,1239.5,1035.5,1137.5,1138.5,0,1135,0.0,0,0,2017-04-24,32586683,1119.5,15,0,0,0,0,0,0,0,0,1120.5,13,0,0,0,0,0,0,0,0
367,2017-04-24,09:03:07,166,jm1709,XDCE,1120.0,1117.5,1142.5,78138,5315331780,174618,195028,1239.5,1035.5,1137.5,1138.5,0,1135,0.0,0,0,2017-04-24,32587166,1119.5,15,0,0,0,0,0,0,0,0,1120.5,23,0,0,0,0,0,0,0,0
368,2017-04-24,09:03:07,663,jm1709,XDCE,1120.0,1117.5,1142.5,78152,5316272700,174606,195028,1239.5,1035.5,1137.5,1138.5,0,1135,0.0,0,0,2017-04-24,32587663,1120.0,6,0,0,0,0,0,0,0,0,1120.5,21,0,0,0,0,0,0,0,0
369,2017-04-24,09:03:08,163,jm1709,XDCE,1120.0,1117.5,1142.5,78174,5317750920,174616,195028,1239.5,1035.5,1137.5,1138.5,0,1135,0.0,0,0,2017-04-24,32588163,1120.0,6,0,0,0,0,0,0,0,0,1120.5,20,0,0,0,0,0,0,0,0
370,2017-04-24,09:03:08,650,jm1709,XDCE,1119.5,1117.5,1142.5,78188,5318691660,174618,195028,1239.5,1035.5,1137.5,1138.5,0,1135,0.0,0,0,2017-04-24,32588650,1119.5,12,0,0,0,0,0,0,0,0,1120.5,19,0,0,0,0,0,0,0,0
371,2017-04-24,09:03:09,146,jm1709,XDCE,1120.5,1117.5,1142.5,78194,5319094920,174616,195028,1239.5,1035.5,1137.5,1138.5,0,1135,0.0,0,0,2017-04-24,32589146,1120.0,9,0,0,0,0,0,0,0,0,1120.5,18,0,0,0,0,0,0,0,0
372,2017-04-24,09:03:09,664,jm1709,XDCE,1119.5,1117.5,1142.5,78250,5322857700,174594,195028,1239.5,1035.5,1137.5,1138.5,0,1135,0.0,0,0,2017-04-24,32589664,1119.5,2,0,0,0,0,0,0,0,0,1120.5,12,0,0,0,0,0,0,0,0
373,2017-04-24,09:03:10,163,jm1709,XDCE,1120.0,1117.5,1142.5,78272,5324335860,174588,195028,1239.5,1035.5,1137.5,1138.5,0,1135,0.0,0,0,2017-04-24,32590163,1119.5,1,0,0,0,0,0,0,0,0,1120.0,8,0,0,0,0,0,0,0,0
374,2017-04-24,09:03:10,662,jm1709,XDCE,1120.0,1117.5,1142.5,78278,5324739000,174588,195028,1239.5,1035.5,1137.5,1138.5,0,1135,0.0,0,0,2017-04-24,32590662,1119.0,27,0,0,0,0,0,0,0,0,1119.5,9,0,0,0,0,0,0,0,0
375,2017-04-24,09:03:11,174,jm1709,XDCE,1118.5,1117.5,1142.5,78376,5331318000,174572,195028,1239.5,1035.5,1137.5,1138.5,0,1135,0.0,0,0,2017-04-24,32591174,1118.5,1,0,0,0,0,0,0,0,0,1119.0,8,0,0,0,0,0,0,0,0
376,2017-04-24,09:03:11,666,jm1709,XDCE,1119.0,1117.5,1142.5,78392,5332392120,174582,195028,1239.5,1035.5,1137.5,1138.5,0,1135,0.0,0,0,2017-04-24,32591666,1118.0,28,0,0,0,0,0,0,0,0,1118.5,2,0,0,0,0,0,0,0,0
377,2017-04-24,09:03:12,175,jm1709,XDCE,1119.5,1117.5,1142.5,78460,5336958120,174540,195028,1239.5,1035.5,1137.5,1138.5,0,1135,0.0,0,0,2017-04-24,32592175,1118.0,26,0,0,0,0,0,0,0,0,1119.5,3,0,0,0,0,0,0,0,0
378,2017-04-24,09:03:12,679,jm1709,XDCE,1119.0,1117.5,1142.5,78468,5337495120,174534,195028,1239.5,1035.5,1137.5,1138.5,0,1135,0.0,0,0,2017-04-24,32592679,1118.5,8,0,0,0,0,0,0,0,0,1119.0,6,0,0,0,0,0,0,0,0
379,2017-04-24,09:03:13,177,jm1709,XDCE,1120.5,1117.5,1142.5,78576,5344748820,174472,195028,1239.5,1035.5,1137.5,1138.5,0,1135,0.0,0,0,2017-04-24,32593177,1118.5,10,0,0,0,0,0,0,0,0,1120.0,3,0,0,0,0,0,0,0,0
380,2017-04-24,09:03:13,678,jm1709,XDCE,1120.0,1117.5,1142.5,78598,5346227220,174456,195028,1239.5,1035.5,1137.5,1138.5,0,1135,0.0,0,0,2017-04-24,32593678,1119.5,3,0,0,0,0,0,0,0,0,1120.0,62,0,0,0,0,0,0,0,0
381,2017-04-24,09:03:14,162,jm1709,XDCE,1120.0,1117.5,1142.5,78602,5346496020,174456,195028,1239.5,1035.5,1137.5,1138.5,0,1135,0.0,0,0,2017-04-24,32594162,1119.0,6,0,0,0,0,0,0,0,0,1119.5,4,0,0,0,0,0,0,0,0
382,2017-04-24,09:03:14,663,jm1709,XDCE,1119.5,1117.5,1142.5,78604,5346630360,174456,195028,1239.5,1035.5,1137.5,1138.5,0,1135,0.0,0,0,2017-04-24,32594663,1119.5,5,0,0,0,0,0,0,0,0,1120.0,13,0,0,0,0,0,0,0,0
383,2017-04-24,09:03:15,134,jm1709,XDCE,1119.0,1117.5,1142.5,78640,5349048540,174440,195028,1239.5,1035.5,1137.5,1138.5,0,1135,0.0,0,0,2017-04-24,32595134,1119.5,20,0,0,0,0,0,0,0,0,1120.0,9,0,0,0,0,0,0,0,0
384,2017-04-24,09:03:15,635,jm1709,XDCE,1119.0,1117.5,1142.5,78650,5349719940,174448,195028,1239.5,1035.5,1137.5,1138.5,0,1135,0.0,0,0,2017-04-24,32595635,1119.5,17,0,0,0,0,0,0,0,0,1120.0,5,0,0,0,0,0,0,0,0
385,2017-04-24,09:03:16,185,jm1709,XDCE,1119.5,1117.5,1142.5,78656,5350123020,174446,195028,1239.5,1035.5,1137.5,1138.5,0,1135,0.0,0,0,2017-04-24,32596185,1119.5,15,0,0,0,0,0,0,0,0,1120.0,4,0,0,0,0,0,0,0,0
386,2017-04-24,09:03:16,694,jm1709,XDCE,1120.0,1117.5,1142.5,78682,5351870160,174454,195028,1239.5,1035.5,1137.5,1138.5,0,1135,0.0,0,0,2017-04-24,32596694,1120.0,11,0,0,0,0,0,0,0,0,1120.5,15,0,0,0,0,0,0,0,0
387,2017-04-24,09:03:17,164,jm1709,XDCE,1120.0,1117.5,1142.5,78706,5353482960,174460,195028,1239.5,1035.5,1137.5,1138.5,0,1135,0.0,0,0,2017-04-24,32597164,1119.5,15,0,0,0,0,0,0,0,0,1120.0,15,0,0,0,0,0,0,0,0
388,2017-04-24,09:03:17,664,jm1709,XDCE,1119.0,1117.5,1142.5,78754,5356707480,174486,195028,1239.5,1035.5,1137.5,1138.5,0,1135,0.0,0,0,2017-04-24,32597664,1118.5,26,0,0,0,0,0,0,0,0,1119.0,14,0,0,0,0,0,0,0,0
389,2017-04-24,09:03:18,166,jm1709,XDCE,1118.5,1117.5,1142.5,78778,5358318180,174478,195028,1239.5,1035.5,1137.5,1138.5,0,1135,0.0,0,0,2017-04-24,32598166,1118.5,13,0,0,0,0,0,0,0,0,1119.0,8,0,0,0,0,0,0,0,0
390,2017-04-24,09:03:18,693,jm1709,XDCE,1118.0,1117.5,1142.5,78830,5361807180,174472,195028,1239.5,1035.5,1137.5,1138.5,0,1135,0.0,0,0,2017-04-24,32598693,1118.0,17,0,0,0,0,0,0,0,0,1118.5,38,0,0,0,0,0,0,0,0
391,2017-04-24,09:03:19,172,jm1709,XDCE,1118.0,1117.5,1142.5,78874,5364758940,174474,195028,1239.5,1035.5,1137.5,1138.5,0,1135,0.0,0,0,2017-04-24,32599172,1117.5,23,0,0,0,0,0,0,0,0,1118.0,9,0,0,0,0,0,0,0,0
392,2017-04-24,09:03:19,668,jm1709,XDCE,1117.5,1117.5,1142.5,78922,5367977400,174448,195028,1239.5,1035.5,1137.5,1138.5,0,1135,0.0,0,0,2017-04-24,32599668,1117.0,9,0,0,0,0,0,0,0,0,1117.5,3,0,0,0,0,0,0,0,0
393,2017-04-24,09:03:20,163,jm1709,XDCE,1117.5,1117.5,1142.5,78926,5368245600,174450,195028,1239.5,1035.5,1137.5,1138.5,0,1135,0.0,0,0,2017-04-24,32600163,1117.0,9,0,0,0,0,0,0,0,0,1117.5,8,0,0,0,0,0,0,0,0
394,2017-04-24,09:03:20,695,jm1709,XDCE,1117.5,1117.5,1142.5,78934,5368782000,174456,195028,1239.5,1035.5,1137.5,1138.5,0,1135,0.0,0,0,2017-04-24,32600695,1117.0,9,0,0,0,0,0,0,0,0,1117.5,4,0,0,0,0,0,0,0,0
395,2017-04-24,09:03:21,163,jm1709,XDCE,1117.5,1117.5,1142.5,78942,5369318400,174456,195028,1239.5,1035.5,1137.5,1138.5,0,1135,0.0,0,0,2017-04-24,32601163,1117.0,9,0,0,0,0,0,0,0,0,1117.5,6,0,0,0,0,0,0,0,0
396,2017-04-24,09:03:21,696,jm1709,XDCE,1118.5,1117.0,1142.5,79018,5374415280,174510,195028,1239.5,1035.5,1137.5,1138.5,0,1135,0.0,0,0,2017-04-24,32601696,1117.0,7,0,0,0,0,0,0,0,0,1118.5,20,0,0,0,0,0,0,0,0
397,2017-04-24,09:03:22,178,jm1709,XDCE,1117.5,1117.0,1142.5,79044,5376158580,174490,195028,1239.5,1035.5,1137.5,1138.5,0,1135,0.0,0,0,2017-04-24,32602178,1117.5,4,0,0,0,0,0,0,0,0,1118.0,15,0,0,0,0,0,0,0,0
398,2017-04-24,09:03:22,663,jm1709,XDCE,1117.5,1117.0,1142.5,79046,5376292680,174488,195028,1239.5,1035.5,1137.5,1138.5,0,1135,0.0,0,0,2017-04-24,32602663,1117.5,1,0,0,0,0,0,0,0,0,1118.0,12,0,0,0,0,0,0,0,0
399,2017-04-24,09:03:23,171,jm1709,XDCE,1117.0,1117.0,1142.5,79062,5377365360,174492,195028,1239.5,1035.5,1137.5,1138.5,0,1135,0.0,0,0,2017-04-24,32603171,1117.0,10,0,0,0,0,0,0,0,0,1118.0,9,0,0,0,0,0,0,0,0
400,2017-04-24,09:03:23,696,jm1709,XDCE,1117.5,1117.0,1142.5,79094,5379510300,174486,195028,1239.5,1035.5,1137.5,1138.5,0,1135,0.0,0,0,2017-04-24,32603696,1116.5,7,0,0,0,0,0,0,0,0,1117.5,3,0,0,0,0,0,0,0,0
401,2017-04-24,09:03:24,164,jm1709,XDCE,1117.0,1117.0,1142.5,79146,5382995340,174456,195028,1239.5,1035.5,1137.5,1138.5,0,1135,0.0,0,0,2017-04-24,32604164,1116.5,10,0,0,0,0,0,0,0,0,1117.5,6,0,0,0,0,0,0,0,0
402,2017-04-24,09:03:24,701,jm1709,XDCE,1117.5,1117.0,1142.5,79160,5383933980,174462,195028,1239.5,1035.5,1137.5,1138.5,0,1135,0.0,0,0,2017-04-24,32604701,1117.0,10,0,0,0,0,0,0,0,0,1117.5,1,0,0,0,0,0,0,0,0
403,2017-04-24,09:03:25,197,jm1709,XDCE,1117.0,1117.0,1142.5,79172,5384738520,174460,195028,1239.5,1035.5,1137.5,1138.5,0,1135,0.0,0,0,2017-04-24,32605197,1117.0,4,0,0,0,0,0,0,0,0,1117.5,9,0,0,0,0,0,0,0,0
404,2017-04-24,09:03:25,692,jm1709,XDCE,1117.5,1117.0,1142.5,79180,5385274800,174460,195028,1239.5,1035.5,1137.5,1138.5,0,1135,0.0,0,0,2017-04-24,32605692,1117.0,2,0,0,0,0,0,0,0,0,1117.5,8,0,0,0,0,0,0,0,0
405,2017-04-24,09:03:26,166,jm1709,XDCE,1117.0,1117.0,1142.5,79184,5385542880,174462,195028,1239.5,1035.5,1137.5,1138.5,0,1135,0.0,0,0,2017-04-24,32606166,1117.0,11,0,0,0,0,0,0,0,0,1117.5,9,0,0,0,0,0,0,0,0
406,2017-04-24,09:03:26,697,jm1709,XDCE,1117.0,1117.0,1142.5,79236,5389028460,174462,195028,1239.5,1035.5,1137.5,1138.5,0,1135,0.0,0,0,2017-04-24,32606697,1117.0,30,0,0,0,0,0,0,0,0,1118.0,2,0,0,0,0,0,0,0,0
407,2017-04-24,09:03:27,173,jm1709,XDCE,1117.5,1117.0,1142.5,79258,5390503140,174450,195028,1239.5,1035.5,1137.5,1138.5,0,1135,0.0,0,0,2017-04-24,32607173,1117.0,18,0,0,0,0,0,0,0,0,1117.5,5,0,0,0,0,0,0,0,0
408,2017-04-24,09:03:27,686,jm1709,XDCE,1117.0,1117.0,1142.5,79302,5393452140,174414,195028,1239.5,1035.5,1137.5,1138.5,0,1135,0.0,0,0,2017-04-24,32607686,1117.0,2,0,0,0,0,0,0,0,0,1117.5,3,0,0,0,0,0,0,0,0
409,2017-04-24,09:03:28,182,jm1709,XDCE,1117.5,1117.0,1142.5,79312,5394122640,174404,195028,1239.5,1035.5,1137.5,1138.5,0,1135,0.0,0,0,2017-04-24,32608182,1117.5,4,0,0,0,0,0,0,0,0,1118.0,2,0,0,0,0,0,0,0,0
410,2017-04-24,09:03:28,483,jm1709,XDCE,1117.5,1117.0,1142.5,79312,5394122640,174404,195028,1239.5,1035.5,1137.5,1138.5,0,1135,0.0,0,0,2017-04-24,32608483,1117.5,10,0,0,0,0,0,0,0,0,1118.0,3,0,0,0,0,0,0,0,0
411,2017-04-24,09:03:29,165,jm1709,XDCE,1118.0,1117.0,1142.5,79314,5394256800,174404,195028,1239.5,1035.5,1137.5,1138.5,0,1135,0.0,0,0,2017-04-24,32609165,1117.5,8,0,0,0,0,0,0,0,0,1118.0,2,0,0,0,0,0,0,0,0
412,2017-04-24,09:03:29,680,jm1709,XDCE,1117.5,1117.0,1142.5,79316,5394390900,174404,195028,1239.5,1035.5,1137.5,1138.5,0,1135,0.0,0,0,2017-04-24,32609680,1117.5,9,0,0,0,0,0,0,0,0,1118.0,2,0,0,0,0,0,0,0,0
413,2017-04-24,09:03:30,155,jm1709,XDCE,1118.0,1117.0,1142.5,79320,5394659160,174402,195028,1239.5,1035.5,1137.5,1138.5,0,1135,0.0,0,0,2017-04-24,32610155,1117.5,9,0,0,0,0,0,0,0,0,1118.0,2,0,0,0,0,0,0,0,0
414,2017-04-24,09:03:30,669,jm1709,XDCE,1117.5,1117.0,1142.5,79344,5396268420,174396,195028,1239.5,1035.5,1137.5,1138.5,0,1135,0.0,0,0,2017-04-24,32610669,1117.0,5,0,0,0,0,0,0,0,0,1117.5,10,0,0,0,0,0,0,0,0
415,2017-04-24,09:03:31,188,jm1709,XDCE,1117.0,1117.0,1142.5,79366,5397742860,174392,195028,1239.5,1035.5,1137.5,1138.5,0,1135,0.0,0,0,2017-04-24,32611188,1116.5,11,0,0,0,0,0,0,0,0,1117.0,13,0,0,0,0,0,0,0,0
416,2017-04-24,09:03:31,662,jm1709,XDCE,1116.5,1116.5,1142.5,79386,5399082720,174398,195028,1239.5,1035.5,1137.5,1138.5,0,1135,0.0,0,0,2017-04-24,32611662,1116.0,22,0,0,0,0,0,0,0,0,1116.5,7,0,0,0,0,0,0,0,0
417,2017-04-24,09:03:32,199,jm1709,XDCE,1116.0,1116.0,1142.5,79428,5401895100,174392,195028,1239.5,1035.5,1137.5,1138.5,0,1135,0.0,0,0,2017-04-24,32612199,1115.5,6,0,0,0,0,0,0,0,0,1116.5,16,0,0,0,0,0,0,0,0
418,2017-04-24,09:03:32,701,jm1709,XDCE,1116.0,1115.5,1142.5,79454,5403636300,174378,195028,1239.5,1035.5,1137.5,1138.5,0,1135,0.0,0,0,2017-04-24,32612701,1116.0,5,0,0,0,0,0,0,0,0,1116.5,9,0,0,0,0,0,0,0,0
419,2017-04-24,09:03:33,163,jm1709,XDCE,1116.0,1115.5,1142.5,79466,5404439880,174378,195028,1239.5,1035.5,1137.5,1138.5,0,1135,0.0,0,0,2017-04-24,32613163,1115.5,3,0,0,0,0,0,0,0,0,1116.5,36,0,0,0,0,0,0,0,0
420,2017-04-24,09:03:33,671,jm1709,XDCE,1115.5,1115.5,1142.5,79490,5406046200,174354,195028,1239.5,1035.5,1137.5,1138.5,0,1135,0.0,0,0,2017-04-24,32613671,1115.5,4,0,0,0,0,0,0,0,0,1116.0,5,0,0,0,0,0,0,0,0
421,2017-04-24,09:03:34,164,jm1709,XDCE,1115.5,1115.5,1142.5,79498,5406581760,174356,195028,1239.5,1035.5,1137.5,1138.5,0,1135,0.0,0,0,2017-04-24,32614164,1115.5,2,0,0,0,0,0,0,0,0,1116.0,8,0,0,0,0,0,0,0,0
422,2017-04-24,09:03:34,676,jm1709,XDCE,1116.0,1115.5,1142.5,79508,5407251240,174348,195028,1239.5,1035.5,1137.5,1138.5,0,1135,0.0,0,0,2017-04-24,32614676,1115.0,130,0,0,0,0,0,0,0,0,1115.5,30,0,0,0,0,0,0,0,0
423,2017-04-24,09:03:35,164,jm1709,XDCE,1115.5,1115.0,1142.5,79540,5409393480,174320,195028,1239.5,1035.5,1137.5,1138.5,0,1135,0.0,0,0,2017-04-24,32615164,1115.0,129,0,0,0,0,0,0,0,0,1115.5,27,0,0,0,0,0,0,0,0
424,2017-04-24,09:03:35,664,jm1709,XDCE,1115.0,1115.0,1142.5,79626,5415146880,174236,195028,1239.5,1035.5,1137.5,1138.5,0,1135,0.0,0,0,2017-04-24,32615664,1115.0,86,0,0,0,0,0,0,0,0,1115.5,27,0,0,0,0,0,0,0,0
425,2017-04-24,09:03:36,164,jm1709,XDCE,1115.5,1115.0,1142.5,79698,5419965360,174228,195028,1239.5,1035.5,1137.5,1138.5,0,1135,0.0,0,0,2017-04-24,32616164,1115.5,1,0,0,0,0,0,0,0,0,1116.0,5,0,0,0,0,0,0,0,0
426,2017-04-24,09:03:36,667,jm1709,XDCE,1115.0,1115.0,1142.5,79720,5421438120,174232,195028,1239.5,1035.5,1137.5,1138.5,0,1135,0.0,0,0,2017-04-24,32616667,1115.5,5,0,0,0,0,0,0,0,0,1116.0,2,0,0,0,0,0,0,0,0
427,2017-04-24,09:03:37,180,jm1709,XDCE,1115.0,1115.0,1142.5,79726,5421839520,174234,195028,1239.5,1035.5,1137.5,1138.5,0,1135,0.0,0,0,2017-04-24,32617180,1115.5,2,0,0,0,0,0,0,0,0,1116.0,2,0,0,0,0,0,0,0,0
428,2017-04-24,09:03:37,663,jm1709,XDCE,1115.5,1115.0,1142.5,79736,5422508760,174240,195028,1239.5,1035.5,1137.5,1138.5,0,1135,0.0,0,0,2017-04-24,32617663,1115.5,7,0,0,0,0,0,0,0,0,1116.0,2,0,0,0,0,0,0,0,0
429,2017-04-24,09:03:38,178,jm1709,XDCE,1116.0,1115.0,1142.5,79768,5424650700,174236,195028,1239.5,1035.5,1137.5,1138.5,0,1135,0.0,0,0,2017-04-24,32618178,1116.0,2,0,0,0,0,0,0,0,0,1116.5,45,0,0,0,0,0,0,0,0
430,2017-04-24,09:03:38,662,jm1709,XDCE,1116.5,1115.0,1142.5,79786,5425856040,174238,195028,1239.5,1035.5,1137.5,1138.5,0,1135,0.0,0,0,2017-04-24,32618662,1115.5,30,0,0,0,0,0,0,0,0,1116.5,41,0,0,0,0,0,0,0,0
431,2017-04-24,09:03:39,162,jm1709,XDCE,1116.0,1115.0,1142.5,79838,5429337960,174236,195028,1239.5,1035.5,1137.5,1138.5,0,1135,0.0,0,0,2017-04-24,32619162,1116.0,3,0,0,0,0,0,0,0,0,1116.5,32,0,0,0,0,0,0,0,0
432,2017-04-24,09:03:39,663,jm1709,XDCE,1116.0,1115.0,1142.5,79846,5429873640,174234,195028,1239.5,1035.5,1137.5,1138.5,0,1135,0.0,0,0,2017-04-24,32619663,1115.5,25,0,0,0,0,0,0,0,0,1116.5,32,0,0,0,0,0,0,0,0
433,2017-04-24,09:03:40,163,jm1709,XDCE,1115.5,1115.0,1142.5,79864,5431078500,174234,195028,1239.5,1035.5,1137.5,1138.5,0,1135,0.0,0,0,2017-04-24,32620163,1115.5,18,0,0,0,0,0,0,0,0,1116.0,27,0,0,0,0,0,0,0,0
434,2017-04-24,09:03:40,677,jm1709,XDCE,1115.5,1115.0,1142.5,79914,5434424880,174260,195028,1239.5,1035.5,1137.5,1138.5,0,1135,0.0,0,0,2017-04-24,32620677,1115.0,88,0,0,0,0,0,0,0,0,1115.5,28,0,0,0,0,0,0,0,0
435,2017-04-24,09:03:41,163,jm1709,XDCE,1115.0,1115.0,1142.5,79928,5435361600,174252,195028,1239.5,1035.5,1137.5,1138.5,0,1135,0.0,0,0,2017-04-24,32621163,1115.0,83,0,0,0,0,0,0,0,0,1115.5,28,0,0,0,0,0,0,0,0
436,2017-04-24,09:03:41,681,jm1709,XDCE,1115.5,1115.0,1142.5,79944,5436432120,174248,195028,1239.5,1035.5,1137.5,1138.5,0,1135,0.0,0,0,2017-04-24,32621681,1115.0,78,0,0,0,0,0,0,0,0,1115.5,30,0,0,0,0,0,0,0,0
437,2017-04-24,09:03:42,162,jm1709,XDCE,1115.5,1115.0,1142.5,79954,5437101420,174256,195028,1239.5,1035.5,1137.5,1138.5,0,1135,0.0,0,0,2017-04-24,32622162,1115.0,78,0,0,0,0,0,0,0,0,1115.5,28,0,0,0,0,0,0,0,0
438,2017-04-24,09:03:42,662,jm1709,XDCE,1115.5,1115.0,1142.5,79960,5437502880,174256,195028,1239.5,1035.5,1137.5,1138.5,0,1135,0.0,0,0,2017-04-24,32622662,1115.0,76,0,0,0,0,0,0,0,0,1115.5,27,0,0,0,0,0,0,0,0
439,2017-04-24,09:03:43,184,jm1709,XDCE,1115.5,1115.0,1142.5,80016,5441249580,174220,195028,1239.5,1035.5,1137.5,1138.5,0,1135,0.0,0,0,2017-04-24,32623184,1115.0,54,0,0,0,0,0,0,0,0,1115.5,22,0,0,0,0,0,0,0,0
440,2017-04-24,09:03:43,677,jm1709,XDCE,1114.5,1114.5,1142.5,80136,5449277580,174134,195028,1239.5,1035.5,1137.5,1138.5,0,1135,0.0,0,0,2017-04-24,32623677,1114.0,12,0,0,0,0,0,0,0,0,1115.0,2,0,0,0,0,0,0,0,0
441,2017-04-24,09:03:44,162,jm1709,XDCE,1114.5,1114.0,1142.5,80162,5451016140,174144,195028,1239.5,1035.5,1137.5,1138.5,0,1135,0.0,0,0,2017-04-24,32624162,1114.0,9,0,0,0,0,0,0,0,0,1114.5,7,0,0,0,0,0,0,0,0
442,2017-04-24,09:03:44,662,jm1709,XDCE,1114.5,1114.0,1142.5,80204,5453823840,174134,195028,1239.5,1035.5,1137.5,1138.5,0,1135,0.0,0,0,2017-04-24,32624662,1114.0,3,0,0,0,0,0,0,0,0,1114.5,9,0,0,0,0,0,0,0,0
443,2017-04-24,09:03:45,163,jm1709,XDCE,1114.5,1114.0,1142.5,80214,5454492360,174134,195028,1239.5,1035.5,1137.5,1138.5,0,1135,0.0,0,0,2017-04-24,32625163,1114.0,2,0,0,0,0,0,0,0,0,1114.5,15,0,0,0,0,0,0,0,0
444,2017-04-24,09:03:45,662,jm1709,XDCE,1114.5,1114.0,1142.5,80220,5454893580,174130,195028,1239.5,1035.5,1137.5,1138.5,0,1135,0.0,0,0,2017-04-24,32625662,1113.5,17,0,0,0,0,0,0,0,0,1114.0,10,0,0,0,0,0,0,0,0
445,2017-04-24,09:03:46,163,jm1709,XDCE,1113.5,1113.5,1142.5,80228,5455428240,174130,195028,1239.5,1035.5,1137.5,1138.5,0,1135,0.0,0,0,2017-04-24,32626163,1113.5,16,0,0,0,0,0,0,0,0,1114.0,12,0,0,0,0,0,0,0,0
446,2017-04-24,09:03:46,673,jm1709,XDCE,1113.5,1113.5,1142.5,80272,5458367940,174116,195028,1239.5,1035.5,1137.5,1138.5,0,1135,0.0,0,0,2017-04-24,32626673,1113.5,9,0,0,0,0,0,0,0,0,1114.0,12,0,0,0,0,0,0,0,0
447,2017-04-24,09:03:47,163,jm1709,XDCE,1113.5,1113.5,1142.5,80306,5460639480,174106,195028,1239.5,1035.5,1137.5,1138.5,0,1135,0.0,0,0,2017-04-24,32627163,1113.5,7,0,0,0,0,0,0,0,0,1114.0,15,0,0,0,0,0,0,0,0
448,2017-04-24,09:03:47,663,jm1709,XDCE,1113.5,1113.5,1142.5,80336,5462643780,174078,195028,1239.5,1035.5,1137.5,1138.5,0,1135,0.0,0,0,2017-04-24,32627663,1113.5,4,0,0,0,0,0,0,0,0,1114.0,18,0,0,0,0,0,0,0,0
449,2017-04-24,09:03:48,164,jm1709,XDCE,1114.0,1113.5,1142.5,80404,5467187940,174022,195028,1239.5,1035.5,1137.5,1138.5,0,1135,0.0,0,0,2017-04-24,32628164,1113.5,3,0,0,0,0,0,0,0,0,1114.5,10,0,0,0,0,0,0,0,0
450,2017-04-24,09:03:48,673,jm1709,XDCE,1114.0,1113.5,1142.5,80446,5469995520,174018,195028,1239.5,1035.5,1137.5,1138.5,0,1135,0.0,0,0,2017-04-24,32628673,1114.0,26,0,0,0,0,0,0,0,0,1114.5,1,0,0,0,0,0,0,0,0
451,2017-04-24,09:03:49,162,jm1709,XDCE,1114.0,1113.5,1142.5,80492,5473070280,174034,195028,1239.5,1035.5,1137.5,1138.5,0,1135,0.0,0,0,2017-04-24,32629162,1114.0,8,0,0,0,0,0,0,0,0,1115.0,23,0,0,0,0,0,0,0,0
452,2017-04-24,09:03:49,670,jm1709,XDCE,1114.0,1113.0,1142.5,80586,5479351500,174036,195028,1239.5,1035.5,1137.5,1138.5,0,1135,0.0,0,0,2017-04-24,32629670,1113.5,2,0,0,0,0,0,0,0,0,1114.0,3,0,0,0,0,0,0,0,0
453,2017-04-24,09:03:50,163,jm1709,XDCE,1114.0,1113.0,1142.5,80588,5479485180,174036,195028,1239.5,1035.5,1137.5,1138.5,0,1135,0.0,0,0,2017-04-24,32630163,1113.5,6,0,0,0,0,0,0,0,0,1114.5,4,0,0,0,0,0,0,0,0
454,2017-04-24,09:03:50,662,jm1709,XDCE,1114.5,1113.0,1142.5,80634,5482560360,174022,195028,1239.5,1035.5,1137.5,1138.5,0,1135,0.0,0,0,2017-04-24,32630662,1114.0,10,0,0,0,0,0,0,0,0,1114.5,1,0,0,0,0,0,0,0,0
455,2017-04-24,09:03:51,172,jm1709,XDCE,1114.5,1113.0,1142.5,80644,5483229060,174022,195028,1239.5,1035.5,1137.5,1138.5,0,1135,0.0,0,0,2017-04-24,32631172,1114.0,11,0,0,0,0,0,0,0,0,1114.5,14,0,0,0,0,0,0,0,0
456,2017-04-24,09:03:51,672,jm1709,XDCE,1114.0,1113.0,1142.5,80680,5485635300,174022,195028,1239.5,1035.5,1137.5,1138.5,0,1135,0.0,0,0,2017-04-24,32631672,1113.5,1,0,0,0,0,0,0,0,0,1114.0,1,0,0,0,0,0,0,0,0
457,2017-04-24,09:03:52,163,jm1709,XDCE,1114.0,1113.0,1142.5,80690,5486303640,174016,195028,1239.5,1035.5,1137.5,1138.5,0,1135,0.0,0,0,2017-04-24,32632163,1113.0,16,0,0,0,0,0,0,0,0,1114.0,11,0,0,0,0,0,0,0,0
458,2017-04-24,09:03:52,664,jm1709,XDCE,1114.0,1113.0,1142.5,80718,5488175040,173994,195028,1239.5,1035.5,1137.5,1138.5,0,1135,0.0,0,0,2017-04-24,32632664,1114.0,17,0,0,0,0,0,0,0,0,1114.5,3,0,0,0,0,0,0,0,0
459,2017-04-24,09:03:53,164,jm1709,XDCE,1114.5,1113.0,1142.5,80732,5489110920,173986,195028,1239.5,1035.5,1137.5,1138.5,0,1135,0.0,0,0,2017-04-24,32633164,1114.0,10,0,0,0,0,0,0,0,0,1114.5,1,0,0,0,0,0,0,0,0
460,2017-04-24,09:03:53,687,jm1709,XDCE,1114.0,1113.0,1142.5,80744,5489913180,173980,195028,1239.5,1035.5,1137.5,1138.5,0,1135,0.0,0,0,2017-04-24,32633687,1113.5,4,0,0,0,0,0,0,0,0,1114.0,1,0,0,0,0,0,0,0,0
461,2017-04-24,09:03:54,163,jm1709,XDCE,1114.0,1113.0,1142.5,80754,5490581520,173974,195028,1239.5,1035.5,1137.5,1138.5,0,1135,0.0,0,0,2017-04-24,32634163,1113.5,5,0,0,0,0,0,0,0,0,1114.0,4,0,0,0,0,0,0,0,0
462,2017-04-24,09:03:54,664,jm1709,XDCE,1114.0,1113.0,1142.5,80772,5491784640,173970,195028,1239.5,1035.5,1137.5,1138.5,0,1135,0.0,0,0,2017-04-24,32634664,1113.5,5,0,0,0,0,0,0,0,0,1114.0,2,0,0,0,0,0,0,0,0
463,2017-04-24,09:03:55,162,jm1709,XDCE,1114.0,1113.0,1142.5,80776,5492052000,173970,195028,1239.5,1035.5,1137.5,1138.5,0,1135,0.0,0,0,2017-04-24,32635162,1114.0,14,0,0,0,0,0,0,0,0,1114.5,10,0,0,0,0,0,0,0,0
464,2017-04-24,09:03:55,525,jm1709,XDCE,1114.5,1113.0,1142.5,80814,5494593060,173988,195028,1239.5,1035.5,1137.5,1138.5,0,1135,0.0,0,0,2017-04-24,32635525,1114.5,2,0,0,0,0,0,0,0,0,1115.0,38,0,0,0,0,0,0,0,0
465,2017-04-24,09:03:56,161,jm1709,XDCE,1114.5,1113.0,1142.5,80816,5494726800,173990,195028,1239.5,1035.5,1137.5,1138.5,0,1135,0.0,0,0,2017-04-24,32636161,1114.5,2,0,0,0,0,0,0,0,0,1115.0,40,0,0,0,0,0,0,0,0
466,2017-04-24,09:03:56,684,jm1709,XDCE,1115.0,1113.0,1142.5,80824,5495261940,173992,195028,1239.5,1035.5,1137.5,1138.5,0,1135,0.0,0,0,2017-04-24,32636684,1114.5,1,0,0,0,0,0,0,0,0,1115.0,35,0,0,0,0,0,0,0,0
467,2017-04-24,09:03:57,179,jm1709,XDCE,1115.0,1113.0,1142.5,80860,5497669740,173972,195028,1239.5,1035.5,1137.5,1138.5,0,1135,0.0,0,0,2017-04-24,32637179,1114.5,13,0,0,0,0,0,0,0,0,1115.0,27,0,0,0,0,0,0,0,0
468,2017-04-24,09:03:57,662,jm1709,XDCE,1115.0,1113.0,1142.5,80898,5500210980,173940,195028,1239.5,1035.5,1137.5,1138.5,0,1135,0.0,0,0,2017-04-24,32637662,1114.0,51,0,0,0,0,0,0,0,0,1115.0,22,0,0,0,0,0,0,0,0
469,2017-04-24,09:03:58,203,jm1709,XDCE,1114.5,1113.0,1142.5,80906,5500745940,173938,195028,1239.5,1035.5,1137.5,1138.5,0,1135,0.0,0,0,2017-04-24,32638203,1114.5,10,0,0,0,0,0,0,0,0,1115.0,22,0,0,0,0,0,0,0,0
470,2017-04-24,09:03:58,617,jm1709,XDCE,1114.0,1113.0,1142.5,80932,5502484620,173916,195028,1239.5,1035.5,1137.5,1138.5,0,1135,0.0,0,0,2017-04-24,32638617,1114.5,1,0,0,0,0,0,0,0,0,1115.0,20,0,0,0,0,0,0,0,0
471,2017-04-24,09:03:59,166,jm1709,XDCE,1114.5,1113.0,1142.5,80956,5504089560,173896,195028,1239.5,1035.5,1137.5,1138.5,0,1135,0.0,0,0,2017-04-24,32639166,1114.0,50,0,0,0,0,0,0,0,0,1115.0,21,0,0,0,0,0,0,0,0
472,2017-04-24,09:03:59,664,jm1709,XDCE,1114.5,1113.0,1142.5,80958,5504223300,173894,195028,1239.5,1035.5,1137.5,1138.5,0,1135,0.0,0,0,2017-04-24,32639664,1114.0,51,0,0,0,0,0,0,0,0,1114.5,11,0,0,0,0,0,0,0,0
473,2017-04-24,09:04:00,164,jm1709,XDCE,1114.5,1113.0,1142.5,81006,5507432280,173884,195028,1239.5,1035.5,1137.5,1138.5,0,1135,0.0,0,0,2017-04-24,32640164,1114.0,38,0,0,0,0,0,0,0,0,1115.0,21,0,0,0,0,0,0,0,0
474,2017-04-24,09:04:00,635,jm1709,XDCE,1114.0,1113.0,1142.5,81016,5508100680,173894,195028,1239.5,1035.5,1137.5,1138.5,0,1135,0.0,0,0,2017-04-24,32640635,1114.0,35,0,0,0,0,0,0,0,0,1114.5,1,0,0,0,0,0,0,0,0
475,2017-04-24,09:04:01,177,jm1709,XDCE,1114.0,1113.0,1142.5,81152,5517196080,173936,195028,1239.5,1035.5,1137.5,1138.5,0,1135,0.0,0,0,2017-04-24,32641177,1114.5,11,0,0,0,0,0,0,0,0,1115.0,27,0,0,0,0,0,0,0,0
476,2017-04-24,09:04:01,683,jm1709,XDCE,1114.0,1113.0,1142.5,81204,5520672420,173942,195028,1239.5,1035.5,1137.5,1138.5,0,1135,0.0,0,0,2017-04-24,32641683,1113.5,2,0,0,0,0,0,0,0,0,1114.0,28,0,0,0,0,0,0,0,0
477,2017-04-24,09:04:02,169,jm1709,XDCE,1114.0,1113.0,1142.5,81210,5521073460,173940,195028,1239.5,1035.5,1137.5,1138.5,0,1135,0.0,0,0,2017-04-24,32642169,1113.5,2,0,0,0,0,0,0,0,0,1114.0,26,0,0,0,0,0,0,0,0
478,2017-04-24,09:04:02,685,jm1709,XDCE,1114.0,1113.0,1142.5,81212,5521207140,173938,195028,1239.5,1035.5,1137.5,1138.5,0,1135,0.0,0,0,2017-04-24,32642685,1113.5,3,0,0,0,0,0,0,0,0,1114.0,25,0,0,0,0,0,0,0,0
479,2017-04-24,09:04:03,163,jm1709,XDCE,1113.5,1113.0,1142.5,81300,5527089540,173920,195028,1239.5,1035.5,1137.5,1138.5,0,1135,0.0,0,0,2017-04-24,32643163,1113.0,22,0,0,0,0,0,0,0,0,1113.5,27,0,0,0,0,0,0,0,0
480,2017-04-24,09:04:03,663,jm1709,XDCE,1113.5,1113.0,1142.5,81330,5529093840,173920,195028,1239.5,1035.5,1137.5,1138.5,0,1135,0.0,0,0,2017-04-24,32643663,1113.0,22,0,0,0,0,0,0,0,0,1113.5,12,0,0,0,0,0,0,0,0
481,2017-04-24,09:04:04,169,jm1709,XDCE,1113.5,1113.0,1142.5,81382,5532568140,173936,195028,1239.5,1035.5,1137.5,1138.5,0,1135,0.0,0,0,2017-04-24,32644169,1113.0,26,0,0,0,0,0,0,0,0,1113.5,11,0,0,0,0,0,0,0,0
482,2017-04-24,09:04:04,665,jm1709,XDCE,1113.5,1113.0,1142.5,81404,5534037780,173918,195028,1239.5,1035.5,1137.5,1138.5,0,1135,0.0,0,0,2017-04-24,32644665,1113.0,24,0,0,0,0,0,0,0,0,1113.5,6,0,0,0,0,0,0,0,0
