,dataDate,dataTime,dataMillisec,instrumentID,exchangeCD,lastPrice,lowPrice,highPrice,volume,value,openInterest,preOpenInterest,upperLimitPrice,lowerLimitPrice,preSettlementPrice,prevClosePrice,settlementPrice,openPrice,closePrice,preDelta,currDelta,clearingDay,milliSecOffset,bidPrice1,bidVolume1,bidPrice2,bidVolume2,bidPrice3,bidVolume3,bidPrice4,bidVolume4,bidPrice5,bidVolume5,askPrice1,askVolume1,askPrice2,askVolume2,askPrice3,askVolume3,askPrice4,askVolume4,askPrice5,askVolume5
0,2017-04-24,08:59:00,708,l1709,XDCE,8750,8750,8750,1004,43925000,399740,399360,9260,8380,8820,8745,0,8750,0,0,0,2017-04-24,32340708,8745,84,0,0,0,0,0,0,0,0,8750,134,0,0,0,0,0,0,0,0
1,2017-04-24,09:00:01,201,l1709,XDCE,8740,8740,8750,1634,71467400,399946,399360,9260,8380,8820,8745,0,8750,0,0,0,2017-04-24,32401201,8740,169,0,0,0,0,0,0,0,0,8745,112,0,0,0,0,0,0,0,0
2,2017-04-24,09:00:01,701,l1709,XDCE,8735,8735,8750,2250,98384650,399976,399360,9260,8380,8820,8745,0,8750,0,0,0,2017-04-24,32401701,8735,1,0,0,0,0,0,0,0,0,8740,227,0,0,0,0,0,0,0,0
3,2017-04-24,09:00:02,177,l1709,XDCE,8735,8730,8750,2480,108429950,400010,399360,9260,8380,8820,8745,0,8750,0,0,0,2017-04-24,32402177,8730,61,0,0,0,0,0,0,0,0,8735,23,0,0,0,0,0,0,0,0
4,2017-04-24,09:00:02,700,l1709,XDCE,8725,8725,8750,2934,128246450,400222,399360,9260,8380,8820,8745,0,8750,0,0,0,2017-04-24,32402700,8725,27,0,0,0,0,0,0,0,0,8730,14,0,0,0,0,0,0,0,0
5,2017-04-24,09:00:03,200,l1709,XDCE,8725,8725,8750,3190,139416900,400362,399360,9260,8380,8820,8745,0,8750,0,0,0,2017-04-24,32403200,8720,151,0,0,0,0,0,0,0,0,8725,82,0,0,0,0,0,0,0,0
6,2017-04-24,09:00:03,698,l1709,XDCE,8725,8720,8750,3402,148664400,400370,399360,9260,8380,8820,8745,0,8750,0,0,0,2017-04-24,32403698,8720,180,0,0,0,0,0,0,0,0,8730,151,0,0,0,0,0,0,0,0
7,2017-04-24,09:00:04,188,l1709,XDCE,8725,8720,8750,3702,161746300,400588,399360,9260,8380,8820,8745,0,8750,0,0,0,2017-04-24,32404188,8725,6,0,0,0,0,0,0,0,0,8730,154,0,0,0,0,0,0,0,0
8,2017-04-24,09:00:04,687,l1709,XDCE,8725,8720,8750,4024,175791200,400666,399360,9260,8380,8820,8745,0,8750,0,0,0,2017-04-24,32404687,8725,26,0,0,0,0,0,0,0,0,8730,205,0,0,0,0,0,0,0,0
9,2017-04-24,09:00:05,180,l1709,XDCE,8725,8720,8750,4108,179455700,400718,399360,9260,8380,8820,8745,0,8750,0,0,0,2017-04-24,32405180,8720,78,0,0,0,0,0,0,0,0,8725,100,0,0,0,0,0,0,0,0
10,2017-04-24,09:00:05,692,l1709,XDCE,8725,8720,8750,4272,186610150,400770,399360,9260,8380,8820,8745,0,8750,0,0,0,2017-04-24,32405692,8720,95,0,0,0,0,0,0,0,0,8725,26,0,0,0,0,0,0,0,0
11,2017-04-24,09:00:06,193,l1709,XDCE,8720,8720,8750,4578,199952800,400936,399360,9260,8380,8820,8745,0,8750,0,0,0,2017-04-24,32406193,8715,127,0,0,0,0,0,0,0,0,8720,81,0,0,0,0,0,0,0,0
12,2017-04-24,09:00:06,692,l1709,XDCE,8720,8715,8750,4632,202306600,400966,399360,9260,8380,8820,8745,0,8750,0,0,0,2017-04-24,32406692,8715,115,0,0,0,0,0,0,0,0,8720,542,0,0,0,0,0,0,0,0
13,2017-04-24,09:00:07,193,l1709,XDCE,8715,8710,8750,4972,217122000,401170,399360,9260,8380,8820,8745,0,8750,0,0,0,2017-04-24,32407193,8710,126,0,0,0,0,0,0,0,0,8720,552,0,0,0,0,0,0,0,0
14,2017-04-24,09:00:07,687,l1709,XDCE,8720,8710,8750,5214,227670450,401336,399360,9260,8380,8820,8745,0,8750,0,0,0,2017-04-24,32407687,8710,120,0,0,0,0,0,0,0,0,8720,499,0,0,0,0,0,0,0,0
15,2017-04-24,09:00:08,188,l1709,XDCE,8710,8710,8750,5542,241956000,401578,399360,9260,8380,8820,8745,0,8750,0,0,0,2017-04-24,32408188,8710,51,0,0,0,0,0,0,0,0,8715,39,0,0,0,0,0,0,0,0
16,2017-04-24,09:00:08,702,l1709,XDCE,8710,8710,8750,5720,249709850,401574,399360,9260,8380,8820,8745,0,8750,0,0,0,2017-04-24,32408702,8710,29,0,0,0,0,0,0,0,0,8715,93,0,0,0,0,0,0,0,0
17,2017-04-24,09:00:09,181,l1709,XDCE,8710,8705,8750,6016,262599050,401628,399360,9260,8380,8820,8745,0,8750,0,0,0,2017-04-24,32409181,8705,260,0,0,0,0,0,0,0,0,8710,409,0,0,0,0,0,0,0,0
18,2017-04-24,09:00:09,690,l1709,XDCE,8710,8705,8750,6108,266603450,401662,399360,9260,8380,8820,8745,0,8750,0,0,0,2017-04-24,32409690,8705,192,0,0,0,0,0,0,0,0,8710,426,0,0,0,0,0,0,0,0
19,2017-04-24,09:00:10,190,l1709,XDCE,8705,8700,8750,6734,293845300,401812,399360,9260,8380,8820,8745,0,8750,0,0,0,2017-04-24,32410190,8700,126,0,0,0,0,0,0,0,0,8705,10,0,0,0,0,0,0,0,0
20,2017-04-24,09:00:10,695,l1709,XDCE,8695,8695,8750,7324,319507100,402090,399360,9260,8380,8820,8745,0,8750,0,0,0,2017-04-24,32410695,8690,163,0,0,0,0,0,0,0,0,8695,30,0,0,0,0,0,0,0,0
21,2017-04-24,09:00:11,196,l1709,XDCE,8695,8685,8750,8226,358707550,402460,399360,9260,8380,8820,8745,0,8750,0,0,0,2017-04-24,32411196,8690,74,0,0,0,0,0,0,0,0,8695,11,0,0,0,0,0,0,0,0
22,2017-04-24,09:00:11,689,l1709,XDCE,8690,8685,8750,8732,380693650,402424,399360,9260,8380,8820,8745,0,8750,0,0,0,2017-04-24,32411689,8685,17,0,0,0,0,0,0,0,0,8690,150,0,0,0,0,0,0,0,0
23,2017-04-24,09:00:12,202,l1709,XDCE,8685,8680,8750,9048,394416050,402420,399360,9260,8380,8820,8745,0,8750,0,0,0,2017-04-24,32412202,8680,116,0,0,0,0,0,0,0,0,8685,90,0,0,0,0,0,0,0,0
24,2017-04-24,09:00:12,664,l1709,XDCE,8680,8680,8750,9186,400407800,402458,399360,9260,8380,8820,8745,0,8750,0,0,0,2017-04-24,32412664,8680,125,0,0,0,0,0,0,0,0,8685,92,0,0,0,0,0,0,0,0
25,2017-04-24,09:00:13,189,l1709,XDCE,8685,8680,8750,9952,433664950,402822,399360,9260,8380,8820,8745,0,8750,0,0,0,2017-04-24,32413189,8685,10,0,0,0,0,0,0,0,0,8690,156,0,0,0,0,0,0,0,0
26,2017-04-24,09:00:13,693,l1709,XDCE,8685,8680,8750,10030,437053550,402824,399360,9260,8380,8820,8745,0,8750,0,0,0,2017-04-24,32413693,8685,153,0,0,0,0,0,0,0,0,8690,133,0,0,0,0,0,0,0,0
27,2017-04-24,09:00:14,201,l1709,XDCE,8690,8680,8750,10066,438617400,402814,399360,9260,8380,8820,8745,0,8750,0,0,0,2017-04-24,32414201,8685,193,0,0,0,0,0,0,0,0,8690,110,0,0,0,0,0,0,0,0
28,2017-04-24,09:00:14,701,l1709,XDCE,8690,8680,8750,10322,449739400,402744,399360,9260,8380,8820,8745,0,8750,0,0,0,2017-04-24,32414701,8685,183,0,0,0,0,0,0,0,0,8695,64,0,0,0,0,0,0,0,0
29,2017-04-24,09:00:15,202,l1709,XDCE,8690,8680,8750,10692,465820150,402700,399360,9260,8380,8820,8745,0,8750,0,0,0,2017-04-24,32415202,8690,65,0,0,0,0,0,0,0,0,8695,86,0,0,0,0,0,0,0,0
30,2017-04-24,09:00:15,685,l1709,XDCE,8695,8680,8750,10802,470600650,402716,399360,9260,8380,8820,8745,0,8750,0,0,0,2017-04-24,32415685,8690,50,0,0,0,0,0,0,0,0,8695,98,0,0,0,0,0,0,0,0
31,2017-04-24,09:00:16,170,l1709,XDCE,8695,8680,8750,10836,472078650,402694,399360,9260,8380,8820,8745,0,8750,0,0,0,2017-04-24,32416170,8690,59,0,0,0,0,0,0,0,0,8695,72,0,0,0,0,0,0,0,0
32,2017-04-24,09:00:16,690,l1709,XDCE,8695,8680,8750,11026,480335500,402732,399360,9260,8380,8820,8745,0,8750,0,0,0,2017-04-24,32416690,8690,28,0,0,0,0,0,0,0,0,8695,64,0,0,0,0,0,0,0,0
33,2017-04-24,09:00:17,199,l1709,XDCE,8695,8680,8750,11080,482682850,402718,399360,9260,8380,8820,8745,0,8750,0,0,0,2017-04-24,32417199,8690,113,0,0,0,0,0,0,0,0,8695,31,0,0,0,0,0,0,0,0
34,2017-04-24,09:00:17,684,l1709,XDCE,8695,8680,8750,11148,485639000,402706,399360,9260,8380,8820,8745,0,8750,0,0,0,2017-04-24,32417684,8695,15,0,0,0,0,0,0,0,0,8700,177,0,0,0,0,0,0,0,0
35,2017-04-24,09:00:18,201,l1709,XDCE,8700,8680,8750,11292,491898050,402672,399360,9260,8380,8820,8745,0,8750,0,0,0,2017-04-24,32418201,8690,152,0,0,0,0,0,0,0,0,8700,195,0,0,0,0,0,0,0,0
36,2017-04-24,09:00:18,676,l1709,XDCE,8690,8680,8750,11414,497199600,402698,399360,9260,8380,8820,8745,0,8750,0,0,0,2017-04-24,32418676,8690,97,0,0,0,0,0,0,0,0,8695,64,0,0,0,0,0,0,0,0
37,2017-04-24,09:00:19,201,l1709,XDCE,8695,8680,8750,11496,500764500,402704,399360,9260,8380,8820,8745,0,8750,0,0,0,2017-04-24,32419201,8690,114,0,0,0,0,0,0,0,0,8695,149,0,0,0,0,0,0,0,0
38,2017-04-24,09:00:19,688,l1709,XDCE,8690,8680,8750,11762,512323100,402826,399360,9260,8380,8820,8745,0,8750,0,0,0,2017-04-24,32419688,8690,6,0,0,0,0,0,0,0,0,8695,151,0,0,0,0,0,0,0,0
39,2017-04-24,09:00:20,196,l1709,XDCE,8695,8680,8750,11788,513453000,402828,399360,9260,8380,8820,8745,0,8750,0,0,0,2017-04-24,32420196,8690,2,0,0,0,0,0,0,0,0,8695,155,0,0,0,0,0,0,0,0
40,2017-04-24,09:00:20,694,l1709,XDCE,8695,8680,8750,11888,517798000,402844,399360,9260,8380,8820,8745,0,8750,0,0,0,2017-04-24,32420694,8690,1,0,0,0,0,0,0,0,0,8695,153,0,0,0,0,0,0,0,0
41,2017-04-24,09:00:21,200,l1709,XDCE,8690,8680,8750,11922,519275100,402864,399360,9260,8380,8820,8745,0,8750,0,0,0,2017-04-24,32421200,8685,122,0,0,0,0,0,0,0,0,8690,70,0,0,0,0,0,0,0,0
42,2017-04-24,09:00:21,675,l1709,XDCE,8690,8680,8750,12114,527617950,402918,399360,9260,8380,8820,8745,0,8750,0,0,0,2017-04-24,32421675,8685,123,0,0,0,0,0,0,0,0,8690,20,0,0,0,0,0,0,0,0
43,2017-04-24,09:00:22,196,l1709,XDCE,8690,8680,8750,12142,528834300,402936,399360,9260,8380,8820,8745,0,8750,0,0,0,2017-04-24,32422196,8685,116,0,0,0,0,0,0,0,0,8690,45,0,0,0,0,0,0,0,0
44,2017-04-24,09:00:22,699,l1709,XDCE,8685,8680,8750,12452,542301700,403110,399360,9260,8380,8820,8745,0,8750,0,0,0,2017-04-24,32422699,8685,75,0,0,0,0,0,0,0,0,8695,147,0,0,0,0,0,0,0,0
45,2017-04-24,09:00:23,199,l1709,XDCE,8690,8680,8750,12458,542562300,403114,399360,9260,8380,8820,8745,0,8750,0,0,0,2017-04-24,32423199,8685,102,0,0,0,0,0,0,0,0,8690,52,0,0,0,0,0,0,0,0
46,2017-04-24,09:00:23,689,l1709,XDCE,8685,8680,8750,12466,542909750,403120,399360,9260,8380,8820,8745,0,8750,0,0,0,2017-04-24,32423689,8685,101,0,0,0,0,0,0,0,0,8690,43,0,0,0,0,0,0,0,0
47,2017-04-24,09:00:24,124,l1709,XDCE,8690,8680,8750,12580,547862850,403212,399360,9260,8380,8820,8745,0,8750,0,0,0,2017-04-24,32424124,8685,87,0,0,0,0,0,0,0,0,8695,157,0,0,0,0,0,0,0,0
48,2017-04-24,09:00:24,675,l1709,XDCE,8690,8680,8750,12598,548644650,403202,399360,9260,8380,8820,8745,0,8750,0,0,0,2017-04-24,32424675,8685,116,0,0,0,0,0,0,0,0,8695,152,0,0,0,0,0,0,0,0
49,2017-04-24,09:00:25,172,l1709,XDCE,8690,8680,8750,12808,557764150,403132,399360,9260,8380,8820,8745,0,8750,0,0,0,2017-04-24,32425172,8685,79,0,0,0,0,0,0,0,0,8690,39,0,0,0,0,0,0,0,0
50,2017-04-24,09:00:25,665,l1709,XDCE,8690,8680,8750,12824,558459350,403138,399360,9260,8380,8820,8745,0,8750,0,0,0,2017-04-24,32425665,8685,81,0,0,0,0,0,0,0,0,8690,35,0,0,0,0,0,0,0,0
51,2017-04-24,09:00:26,200,l1709,XDCE,8690,8680,8750,12856,559849100,403124,399360,9260,8380,8820,8745,0,8750,0,0,0,2017-04-24,32426200,8685,69,0,0,0,0,0,0,0,0,8690,45,0,0,0,0,0,0,0,0
52,2017-04-24,09:00:26,679,l1709,XDCE,8690,8680,8750,12942,563585600,403134,399360,9260,8380,8820,8745,0,8750,0,0,0,2017-04-24,32426679,8685,69,0,0,0,0,0,0,0,0,8690,6,0,0,0,0,0,0,0,0
53,2017-04-24,09:00:27,191,l1709,XDCE,8685,8680,8750,13004,566279400,403132,399360,9260,8380,8820,8745,0,8750,0,0,0,2017-04-24,32427191,8690,201,0,0,0,0,0,0,0,0,8695,178,0,0,0,0,0,0,0,0
54,2017-04-24,09:00:27,670,l1709,XDCE,8690,8680,8750,13068,569060300,403112,399360,9260,8380,8820,8745,0,8750,0,0,0,2017-04-24,32427670,8690,181,0,0,0,0,0,0,0,0,8695,158,0,0,0,0,0,0,0,0
55,2017-04-24,09:00:28,200,l1709,XDCE,8690,8680,8750,13088,569929300,403094,399360,9260,8380,8820,8745,0,8750,0,0,0,2017-04-24,32428200,8690,197,0,0,0,0,0,0,0,0,8695,155,0,0,0,0,0,0,0,0
56,2017-04-24,09:00:28,649,l1709,XDCE,8690,8680,8750,13098,570363800,403086,399360,9260,8380,8820,8745,0,8750,0,0,0,2017-04-24,32428649,8690,194,0,0,0,0,0,0,0,0,8695,153,0,0,0,0,0,0,0,0
57,2017-04-24,09:00:29,198,l1709,XDCE,8690,8680,8750,13110,570885250,403076,399360,9260,8380,8820,8745,0,8750,0,0,0,2017-04-24,32429198,8690,197,0,0,0,0,0,0,0,0,8695,152,0,0,0,0,0,0,0,0
58,2017-04-24,09:00:29,697,l1709,XDCE,8695,8680,8750,13140,572188950,403072,399360,9260,8380,8820,8745,0,8750,0,0,0,2017-04-24,32429697,8690,186,0,0,0,0,0,0,0,0,8695,149,0,0,0,0,0,0,0,0
59,2017-04-24,09:00:30,200,l1709,XDCE,8695,8680,8750,13146,572449750,403068,399360,9260,8380,8820,8745,0,8750,0,0,0,2017-04-24,32430200,8690,190,0,0,0,0,0,0,0,0,8695,161,0,0,0,0,0,0,0,0
60,2017-04-24,09:00:30,683,l1709,XDCE,8695,8680,8750,13192,574448900,403038,399360,9260,8380,8820,8745,0,8750,0,0,0,2017-04-24,32430683,8690,215,0,0,0,0,0,0,0,0,8695,167,0,0,0,0,0,0,0,0
61,2017-04-24,09:00:31,182,l1709,XDCE,8695,8680,8750,13606,592447500,402728,399360,9260,8380,8820,8745,0,8750,0,0,0,2017-04-24,32431182,8695,40,0,0,0,0,0,0,0,0,8700,227,0,0,0,0,0,0,0,0
62,2017-04-24,09:00:31,666,l1709,XDCE,8695,8680,8750,13814,601490150,402676,399360,9260,8380,8820,8745,0,8750,0,0,0,2017-04-24,32431666,8690,283,0,0,0,0,0,0,0,0,8695,7,0,0,0,0,0,0,0,0
63,2017-04-24,09:00:32,173,l1709,XDCE,8695,8680,8750,13860,603490000,402664,399360,9260,8380,8820,8745,0,8750,0,0,0,2017-04-24,32432173,8690,283,0,0,0,0,0,0,0,0,8700,255,0,0,0,0,0,0,0,0
64,2017-04-24,09:00:32,674,l1709,XDCE,8695,8680,8750,13862,603576950,402664,399360,9260,8380,8820,8745,0,8750,0,0,0,2017-04-24,32432674,8690,290,0,0,0,0,0,0,0,0,8700,256,0,0,0,0,0,0,0,0
65,2017-04-24,09:00:33,198,l1709,XDCE,8695,8680,8750,13908,605577050,402638,399360,9260,8380,8820,8745,0,8750,0,0,0,2017-04-24,32433198,8690,296,0,0,0,0,0,0,0,0,8700,253,0,0,0,0,0,0,0,0
66,2017-04-24,09:00:33,665,l1709,XDCE,8695,8680,8750,13932,606620450,402618,399360,9260,8380,8820,8745,0,8750,0,0,0,2017-04-24,32433665,8690,369,0,0,0,0,0,0,0,0,8700,256,0,0,0,0,0,0,0,0
67,2017-04-24,09:00:34,173,l1709,XDCE,8695,8680,8750,13996,609402450,402636,399360,9260,8380,8820,8745,0,8750,0,0,0,2017-04-24,32434173,8695,27,0,0,0,0,0,0,0,0,8700,249,0,0,0,0,0,0,0,0
68,2017-04-24,09:00:34,690,l1709,XDCE,8700,8680,8750,14010,610011400,402636,399360,9260,8380,8820,8745,0,8750,0,0,0,2017-04-24,32434690,8695,60,0,0,0,0,0,0,0,0,8700,244,0,0,0,0,0,0,0,0
69,2017-04-24,09:00:35,167,l1709,XDCE,8700,8680,8750,14030,610881100,402632,399360,9260,8380,8820,8745,0,8750,0,0,0,2017-04-24,32435167,8695,151,0,0,0,0,0,0,0,0,8700,223,0,0,0,0,0,0,0,0
70,2017-04-24,09:00:35,677,l1709,XDCE,8695,8680,8750,14032,610968050,402632,399360,9260,8380,8820,8745,0,8750,0,0,0,2017-04-24,32435677,8695,158,0,0,0,0,0,0,0,0,8700,213,0,0,0,0,0,0,0,0
71,2017-04-24,09:00:36,173,l1709,XDCE,8695,8680,8750,14180,617404850,402706,399360,9260,8380,8820,8745,0,8750,0,0,0,2017-04-24,32436173,8695,121,0,0,0,0,0,0,0,0,8700,167,0,0,0,0,0,0,0,0
72,2017-04-24,09:00:36,687,l1709,XDCE,8695,8680,8750,14548,633403700,403030,399360,9260,8380,8820,8745,0,8750,0,0,0,2017-04-24,32436687,8690,350,0,0,0,0,0,0,0,0,8695,38,0,0,0,0,0,0,0,0
73,2017-04-24,09:00:37,188,l1709,XDCE,8695,8680,8750,14640,637402500,403086,399360,9260,8380,8820,8745,0,8750,0,0,0,2017-04-24,32437188,8690,334,0,0,0,0,0,0,0,0,8695,78,0,0,0,0,0,0,0,0
74,2017-04-24,09:00:37,690,l1709,XDCE,8695,8680,8750,14664,638445850,403094,399360,9260,8380,8820,8745,0,8750,0,0,0,2017-04-24,32437690,8690,333,0,0,0,0,0,0,0,0,8695,170,0,0,0,0,0,0,0,0
75,2017-04-24,09:00:38,172,l1709,XDCE,8690,8680,8750,14784,643660350,403114,399360,9260,8380,8820,8745,0,8750,0,0,0,2017-04-24,32438172,8690,274,0,0,0,0,0,0,0,0,8695,169,0,0,0,0,0,0,0,0
76,2017-04-24,09:00:38,661,l1709,XDCE,8690,8680,8750,14868,647312200,403160,399360,9260,8380,8820,8745,0,8750,0,0,0,2017-04-24,32438661,8690,276,0,0,0,0,0,0,0,0,8695,133,0,0,0,0,0,0,0,0
77,2017-04-24,09:00:39,174,l1709,XDCE,8695,8680,8750,14960,651309800,403096,399360,9260,8380,8820,8745,0,8750,0,0,0,2017-04-24,32439174,8690,236,0,0,0,0,0,0,0,0,8695,132,0,0,0,0,0,0,0,0
78,2017-04-24,09:00:39,681,l1709,XDCE,8695,8680,8750,14974,651918450,403096,399360,9260,8380,8820,8745,0,8750,0,0,0,2017-04-24,32439681,8690,235,0,0,0,0,0,0,0,0,8695,142,0,0,0,0,0,0,0,0
79,2017-04-24,09:00:40,157,l1709,XDCE,8690,8680,8750,14982,652266150,403098,399360,9260,8380,8820,8745,0,8750,0,0,0,2017-04-24,32440157,8690,233,0,0,0,0,0,0,0,0,8695,142,0,0,0,0,0,0,0,0
80,2017-04-24,09:00:40,672,l1709,XDCE,8690,8680,8750,15040,654786350,403086,399360,9260,8380,8820,8745,0,8750,0,0,0,2017-04-24,32440672,8690,207,0,0,0,0,0,0,0,0,8695,141,0,0,0,0,0,0,0,0
81,2017-04-24,09:00:41,187,l1709,XDCE,8690,8680,8750,15044,654960200,403086,399360,9260,8380,8820,8745,0,8750,0,0,0,2017-04-24,32441187,8690,233,0,0,0,0,0,0,0,0,8695,145,0,0,0,0,0,0,0,0
82,2017-04-24,09:00:41,695,l1709,XDCE,8695,8680,8750,15074,656263950,403084,399360,9260,8380,8820,8745,0,8750,0,0,0,2017-04-24,32441695,8690,234,0,0,0,0,0,0,0,0,8695,157,0,0,0,0,0,0,0,0
83,2017-04-24,09:00:42,177,l1709,XDCE,8695,8680,8750,15122,658350250,403100,399360,9260,8380,8820,8745,0,8750,0,0,0,2017-04-24,32442177,8690,235,0,0,0,0,0,0,0,0,8695,148,0,0,0,0,0,0,0,0
84,2017-04-24,09:00:42,695,l1709,XDCE,8690,8680,8750,15164,660176000,403090,399360,9260,8380,8820,8745,0,8750,0,0,0,2017-04-24,32442695,8690,257,0,0,0,0,0,0,0,0,8695,131,0,0,0,0,0,0,0,0
85,2017-04-24,09:00:43,192,l1709,XDCE,8695,8680,8750,15224,662784400,403040,399360,9260,8380,8820,8745,0,8750,0,0,0,2017-04-24,32443192,8690,259,0,0,0,0,0,0,0,0,8695,109,0,0,0,0,0,0,0,0
86,2017-04-24,09:00:43,701,l1709,XDCE,8695,8680,8750,15226,662871350,403040,399360,9260,8380,8820,8745,0,8750,0,0,0,2017-04-24,32443701,8690,261,0,0,0,0,0,0,0,0,8695,112,0,0,0,0,0,0,0,0
87,2017-04-24,09:00:44,158,l1709,XDCE,8695,8680,8750,15266,664610300,403034,399360,9260,8380,8820,8745,0,8750,0,0,0,2017-04-24,32444158,8690,260,0,0,0,0,0,0,0,0,8695,93,0,0,0,0,0,0,0,0
88,2017-04-24,09:00:44,667,l1709,XDCE,8690,8680,8750,15272,664871050,403038,399360,9260,8380,8820,8745,0,8750,0,0,0,2017-04-24,32444667,8690,258,0,0,0,0,0,0,0,0,8695,94,0,0,0,0,0,0,0,0
89,2017-04-24,09:00:45,191,l1709,XDCE,8690,8680,8750,15296,665914250,403042,399360,9260,8380,8820,8745,0,8750,0,0,0,2017-04-24,32445191,8690,256,0,0,0,0,0,0,0,0,8695,88,0,0,0,0,0,0,0,0
90,2017-04-24,09:00:45,692,l1709,XDCE,8695,8680,8750,15356,668522200,403076,399360,9260,8380,8820,8745,0,8750,0,0,0,2017-04-24,32445692,8690,247,0,0,0,0,0,0,0,0,8695,73,0,0,0,0,0,0,0,0
91,2017-04-24,09:00:46,173,l1709,XDCE,8690,8680,8750,15360,668696050,403078,399360,9260,8380,8820,8745,0,8750,0,0,0,2017-04-24,32446173,8690,246,0,0,0,0,0,0,0,0,8695,72,0,0,0,0,0,0,0,0
92,2017-04-24,09:00:46,648,l1709,XDCE,8695,8680,8750,15416,671130550,403070,399360,9260,8380,8820,8745,0,8750,0,0,0,2017-04-24,32446648,8690,245,0,0,0,0,0,0,0,0,8695,62,0,0,0,0,0,0,0,0
93,2017-04-24,09:00:47,197,l1709,XDCE,8695,8680,8750,15438,672086900,403066,399360,9260,8380,8820,8745,0,8750,0,0,0,2017-04-24,32447197,8690,245,0,0,0,0,0,0,0,0,8695,63,0,0,0,0,0,0,0,0
94,2017-04-24,09:00:47,666,l1709,XDCE,8695,8680,8750,15462,673130050,403076,399360,9260,8380,8820,8745,0,8750,0,0,0,2017-04-24,32447666,8690,240,0,0,0,0,0,0,0,0,8695,66,0,0,0,0,0,0,0,0
95,2017-04-24,09:00:48,186,l1709,XDCE,8690,8680,8750,15576,678084000,403168,399360,9260,8380,8820,8745,0,8750,0,0,0,2017-04-24,32448186,8690,188,0,0,0,0,0,0,0,0,8695,90,0,0,0,0,0,0,0,0
96,2017-04-24,09:00:48,678,l1709,XDCE,8690,8680,8750,15604,679300600,403170,399360,9260,8380,8820,8745,0,8750,0,0,0,2017-04-24,32448678,8690,181,0,0,0,0,0,0,0,0,8695,110,0,0,0,0,0,0,0,0
97,2017-04-24,09:00:49,193,l1709,XDCE,8695,8680,8750,15724,684515700,403186,399360,9260,8380,8820,8745,0,8750,0,0,0,2017-04-24,32449193,8690,143,0,0,0,0,0,0,0,0,8695,99,0,0,0,0,0,0,0,0
98,2017-04-24,09:00:49,615,l1709,XDCE,8690,8680,8750,15766,686341100,403196,399360,9260,8380,8820,8745,0,8750,0,0,0,2017-04-24,32449615,8690,131,0,0,0,0,0,0,0,0,8695,106,0,0,0,0,0,0,0,0
99,2017-04-24,09:00:50,175,l1709,XDCE,8690,8680,8750,15784,687123250,403206,399360,9260,8380,8820,8745,0,8750,0,0,0,2017-04-24,32450175,8690,134,0,0,0,0,0,0,0,0,8695,97,0,0,0,0,0,0,0,0
100,2017-04-24,09:00:50,686,l1709,XDCE,8690,8680,8750,15938,693814600,403256,399360,9260,8380,8820,8745,0,8750,0,0,0,2017-04-24,32450686,8690,64,0,0,0,0,0,0,0,0,8695,105,0,0,0,0,0,0,0,0
101,2017-04-24,09:00:51,184,l1709,XDCE,8690,8680,8750,16104,701027800,403240,399360,9260,8380,8820,8745,0,8750,0,0,0,2017-04-24,32451184,8685,246,0,0,0,0,0,0,0,0,8690,130,0,0,0,0,0,0,0,0
102,2017-04-24,09:00:51,669,l1709,XDCE,8685,8680,8750,16260,707802700,403298,399360,9260,8380,8820,8745,0,8750,0,0,0,2017-04-24,32451669,8685,189,0,0,0,0,0,0,0,0,8690,145,0,0,0,0,0,0,0,0
103,2017-04-24,09:00:52,179,l1709,XDCE,8685,8680,8750,16294,709279300,403322,399360,9260,8380,8820,8745,0,8750,0,0,0,2017-04-24,32452179,8685,175,0,0,0,0,0,0,0,0,8690,152,0,0,0,0,0,0,0,0
104,2017-04-24,09:00:52,667,l1709,XDCE,8690,8680,8750,16412,714405700,403302,399360,9260,8380,8820,8745,0,8750,0,0,0,2017-04-24,32452667,8690,52,0,0,0,0,0,0,0,0,8695,166,0,0,0,0,0,0,0,0
105,2017-04-24,09:00:53,184,l1709,XDCE,8690,8680,8750,16440,715622400,403304,399360,9260,8380,8820,8745,0,8750,0,0,0,2017-04-24,32453184,8690,41,0,0,0,0,0,0,0,0,8695,157,0,0,0,0,0,0,0,0
106,2017-04-24,09:00:53,696,l1709,XDCE,8690,8680,8750,16516,718924850,403334,399360,9260,8380,8820,8745,0,8750,0,0,0,2017-04-24,32453696,8690,40,0,0,0,0,0,0,0,0,8695,154,0,0,0,0,0,0,0,0
107,2017-04-24,09:00:54,186,l1709,XDCE,8695,8680,8750,16532,719620150,403334,399360,9260,8380,8820,8745,0,8750,0,0,0,2017-04-24,32454186,8690,79,0,0,0,0,0,0,0,0,8695,151,0,0,0,0,0,0,0,0
108,2017-04-24,09:00:54,624,l1709,XDCE,8690,8680,8750,16552,720489200,403334,399360,9260,8380,8820,8745,0,8750,0,0,0,2017-04-24,32454624,8690,72,0,0,0,0,0,0,0,0,8695,150,0,0,0,0,0,0,0,0
109,2017-04-24,09:00:55,195,l1709,XDCE,8690,8680,8750,16620,723444600,403344,399360,9260,8380,8820,8745,0,8750,0,0,0,2017-04-24,32455195,8690,79,0,0,0,0,0,0,0,0,8695,135,0,0,0,0,0,0,0,0
110,2017-04-24,09:00:55,698,l1709,XDCE,8695,8680,8750,16874,734487050,403448,399360,9260,8380,8820,8745,0,8750,0,0,0,2017-04-24,32455698,8695,63,0,0,0,0,0,0,0,0,8700,338,0,0,0,0,0,0,0,0
111,2017-04-24,09:00:56,192,l1709,XDCE,8695,8680,8750,17010,740399750,403482,399360,9260,8380,8820,8745,0,8750,0,0,0,2017-04-24,32456192,8690,102,0,0,0,0,0,0,0,0,8695,14,0,0,0,0,0,0,0,0
112,2017-04-24,09:00:56,683,l1709,XDCE,8695,8680,8750,17050,742138700,403508,399360,9260,8380,8820,8745,0,8750,0,0,0,2017-04-24,32456683,8690,109,0,0,0,0,0,0,0,0,8695,91,0,0,0,0,0,0,0,0
113,2017-04-24,09:00:57,183,l1709,XDCE,8690,8680,8750,17058,742486300,403504,399360,9260,8380,8820,8745,0,8750,0,0,0,2017-04-24,32457183,8690,107,0,0,0,0,0,0,0,0,8695,97,0,0,0,0,0,0,0,0
114,2017-04-24,09:00:57,693,l1709,XDCE,8690,8680,8750,17062,742660100,403504,399360,9260,8380,8820,8745,0,8750,0,0,0,2017-04-24,32457693,8690,106,0,0,0,0,0,0,0,0,8695,97,0,0,0,0,0,0,0,0
115,2017-04-24,09:00:58,194,l1709,XDCE,8695,8680,8750,17084,743616550,403504,399360,9260,8380,8820,8745,0,8750,0,0,0,2017-04-24,32458194,8690,106,0,0,0,0,0,0,0,0,8695,104,0,0,0,0,0,0,0,0
116,2017-04-24,09:00:58,613,l1709,XDCE,8690,8680,8750,17102,744399000,403502,399360,9260,8380,8820,8745,0,8750,0,0,0,2017-04-24,32458613,8690,113,0,0,0,0,0,0,0,0,8695,101,0,0,0,0,0,0,0,0
117,2017-04-24,09:00:59,191,l1709,XDCE,8690,8680,8750,17116,745007600,403516,399360,9260,8380,8820,8745,0,8750,0,0,0,2017-04-24,32459191,8690,122,0,0,0,0,0,0,0,0,8695,100,0,0,0,0,0,0,0,0
118,2017-04-24,09:00:59,680,l1709,XDCE,8695,8680,8750,17172,747442100,403550,399360,9260,8380,8820,8745,0,8750,0,0,0,2017-04-24,32459680,8690,122,0,0,0,0,0,0,0,0,8695,73,0,0,0,0,0,0,0,0
119,2017-04-24,09:01:00,191,l1709,XDCE,8695,8680,8750,17172,747442100,403550,399360,9260,8380,8820,8745,0,8750,0,0,0,2017-04-24,32460191,8690,136,0,0,0,0,0,0,0,0,8695,59,0,0,0,0,0,0,0,0
120,2017-04-24,09:01:00,686,l1709,XDCE,8695,8680,8750,17204,748833200,403528,399360,9260,8380,8820,8745,0,8750,0,0,0,2017-04-24,32460686,8690,134,0,0,0,0,0,0,0,0,8695,51,0,0,0,0,0,0,0,0
121,2017-04-24,09:01:01,194,l1709,XDCE,8690,8680,8750,17282,752222500,403592,399360,9260,8380,8820,8745,0,8750,0,0,0,2017-04-24,32461194,8690,131,0,0,0,0,0,0,0,0,8695,48,0,0,0,0,0,0,0,0
122,2017-04-24,09:01:01,666,l1709,XDCE,8695,8680,8750,17284,752309450,403592,399360,9260,8380,8820,8745,0,8750,0,0,0,2017-04-24,32461666,8690,124,0,0,0,0,0,0,0,0,8695,75,0,0,0,0,0,0,0,0
123,2017-04-24,09:01:02,202,l1709,XDCE,8695,8680,8750,17340,754743950,403596,399360,9260,8380,8820,8745,0,8750,0,0,0,2017-04-24,32462202,8690,121,0,0,0,0,0,0,0,0,8695,51,0,0,0,0,0,0,0,0
124,2017-04-24,09:01:02,677,l1709,XDCE,8695,8680,8750,17376,756308650,403614,399360,9260,8380,8820,8745,0,8750,0,0,0,2017-04-24,32462677,8690,120,0,0,0,0,0,0,0,0,8695,79,0,0,0,0,0,0,0,0
125,2017-04-24,09:01:03,193,l1709,XDCE,8695,8680,8750,17388,756830150,403618,399360,9260,8380,8820,8745,0,8750,0,0,0,2017-04-24,32463193,8690,116,0,0,0,0,0,0,0,0,8695,86,0,0,0,0,0,0,0,0
126,2017-04-24,09:01:03,675,l1709,XDCE,8690,8680,8750,17438,759003250,403620,399360,9260,8380,8820,8745,0,8750,0,0,0,2017-04-24,32463675,8690,104,0,0,0,0,0,0,0,0,8695,78,0,0,0,0,0,0,0,0
127,2017-04-24,09:01:04,184,l1709,XDCE,8690,8680,8750,17462,760046200,403632,399360,9260,8380,8820,8745,0,8750,0,0,0,2017-04-24,32464184,8690,108,0,0,0,0,0,0,0,0,8695,61,0,0,0,0,0,0,0,0
128,2017-04-24,09:01:04,686,l1709,XDCE,8695,8680,8750,17510,762132950,403674,399360,9260,8380,8820,8745,0,8750,0,0,0,2017-04-24,32464686,8690,102,0,0,0,0,0,0,0,0,8695,29,0,0,0,0,0,0,0,0
129,2017-04-24,09:01:05,195,l1709,XDCE,8690,8680,8750,17878,778124050,403820,399360,9260,8380,8820,8745,0,8750,0,0,0,2017-04-24,32465195,8685,225,0,0,0,0,0,0,0,0,8690,22,0,0,0,0,0,0,0,0
130,2017-04-24,09:01:05,665,l1709,XDCE,8690,8680,8750,17996,783251150,403880,399360,9260,8380,8820,8745,0,8750,0,0,0,2017-04-24,32465665,8685,225,0,0,0,0,0,0,0,0,8690,45,0,0,0,0,0,0,0,0
131,2017-04-24,09:01:06,190,l1709,XDCE,8690,8680,8750,18010,783859350,403888,399360,9260,8380,8820,8745,0,8750,0,0,0,2017-04-24,32466190,8685,223,0,0,0,0,0,0,0,0,8690,48,0,0,0,0,0,0,0,0
132,2017-04-24,09:01:06,564,l1709,XDCE,8690,8680,8750,18010,783859350,403888,399360,9260,8380,8820,8745,0,8750,0,0,0,2017-04-24,32466564,8685,223,0,0,0,0,0,0,0,0,8690,55,0,0,0,0,0,0,0,0
133,2017-04-24,09:01:07,172,l1709,XDCE,8685,8680,8750,18136,789331400,404014,399360,9260,8380,8820,8745,0,8750,0,0,0,2017-04-24,32467172,8685,170,0,0,0,0,0,0,0,0,8690,47,0,0,0,0,0,0,0,0
134,2017-04-24,09:01:07,655,l1709,XDCE,8690,8680,8750,18172,790895300,404046,399360,9260,8380,8820,8745,0,8750,0,0,0,2017-04-24,32467655,8685,163,0,0,0,0,0,0,0,0,8690,44,0,0,0,0,0,0,0,0
135,2017-04-24,09:01:08,195,l1709,XDCE,8690,8680,8750,18192,791764100,404048,399360,9260,8380,8820,8745,0,8750,0,0,0,2017-04-24,32468195,8685,172,0,0,0,0,0,0,0,0,8690,39,0,0,0,0,0,0,0,0
136,2017-04-24,09:01:08,676,l1709,XDCE,8690,8680,8750,18216,792806700,404048,399360,9260,8380,8820,8745,0,8750,0,0,0,2017-04-24,32468676,8685,164,0,0,0,0,0,0,0,0,8690,29,0,0,0,0,0,0,0,0
137,2017-04-24,09:01:09,192,l1709,XDCE,8690,8680,8750,18324,797499200,404104,399360,9260,8380,8820,8745,0,8750,0,0,0,2017-04-24,32469192,8685,165,0,0,0,0,0,0,0,0,8690,6,0,0,0,0,0,0,0,0
138,2017-04-24,09:01:09,666,l1709,XDCE,8690,8680,8750,18386,800193100,404114,399360,9260,8380,8820,8745,0,8750,0,0,0,2017-04-24,32469666,8690,81,0,0,0,0,0,0,0,0,8695,183,0,0,0,0,0,0,0,0
139,2017-04-24,09:01:10,201,l1709,XDCE,8695,8680,8750,18394,800540750,404120,399360,9260,8380,8820,8745,0,8750,0,0,0,2017-04-24,32470201,8690,93,0,0,0,0,0,0,0,0,8695,188,0,0,0,0,0,0,0,0
140,2017-04-24,09:01:10,697,l1709,XDCE,8690,8680,8750,18408,801149050,404132,399360,9260,8380,8820,8745,0,8750,0,0,0,2017-04-24,32470697,8690,108,0,0,0,0,0,0,0,0,8695,182,0,0,0,0,0,0,0,0
141,2017-04-24,09:01:11,199,l1709,XDCE,8690,8680,8750,18448,802887050,404134,399360,9260,8380,8820,8745,0,8750,0,0,0,2017-04-24,32471199,8690,122,0,0,0,0,0,0,0,0,8695,178,0,0,0,0,0,0,0,0
142,2017-04-24,09:01:11,633,l1709,XDCE,8695,8680,8750,18450,802974000,404132,399360,9260,8380,8820,8745,0,8750,0,0,0,2017-04-24,32471633,8690,132,0,0,0,0,0,0,0,0,8695,172,0,0,0,0,0,0,0,0
143,2017-04-24,09:01:12,199,l1709,XDCE,8695,8680,8750,18450,802974000,404132,399360,9260,8380,8820,8745,0,8750,0,0,0,2017-04-24,32472199,8690,141,0,0,0,0,0,0,0,0,8695,120,0,0,0,0,0,0,0,0
144,2017-04-24,09:01:12,693,l1709,XDCE,8695,8680,8750,18450,802974000,404132,399360,9260,8380,8820,8745,0,8750,0,0,0,2017-04-24,32472693,8690,143,0,0,0,0,0,0,0,0,8695,110,0,0,0,0,0,0,0,0
145,2017-04-24,09:01:13,165,l1709,XDCE,8690,8680,8750,18546,807145200,404218,399360,9260,8380,8820,8745,0,8750,0,0,0,2017-04-24,32473165,8690,126,0,0,0,0,0,0,0,0,8695,134,0,0,0,0,0,0,0,0
146,2017-04-24,09:01:13,650,l1709,XDCE,8695,8680,8750,18580,808623150,404228,399360,9260,8380,8820,8745,0,8750,0,0,0,2017-04-24,32473650,8690,123,0,0,0,0,0,0,0,0,8695,121,0,0,0,0,0,0,0,0
147,2017-04-24,09:01:14,179,l1709,XDCE,8690,8680,8750,18584,808796950,404228,399360,9260,8380,8820,8745,0,8750,0,0,0,2017-04-24,32474179,8690,124,0,0,0,0,0,0,0,0,8695,131,0,0,0,0,0,0,0,0
148,2017-04-24,09:01:14,631,l1709,XDCE,8690,8680,8750,18586,808883850,404230,399360,9260,8380,8820,8745,0,8750,0,0,0,2017-04-24,32474631,8690,136,0,0,0,0,0,0,0,0,8695,120,0,0,0,0,0,0,0,0
149,2017-04-24,09:01:15,174,l1709,XDCE,8690,8680,8750,18586,808883850,404230,399360,9260,8380,8820,8745,0,8750,0,0,0,2017-04-24,32475174,8690,142,0,0,0,0,0,0,0,0,8695,129,0,0,0,0,0,0,0,0
150,2017-04-24,09:01:15,651,l1709,XDCE,8695,8680,8750,18616,810187450,404246,399360,9260,8380,8820,8745,0,8750,0,0,0,2017-04-24,32475651,8690,134,0,0,0,0,0,0,0,0,8695,117,0,0,0,0,0,0,0,0
151,2017-04-24,09:01:16,203,l1709,XDCE,8695,8680,8750,18628,810709150,404256,399360,9260,8380,8820,8745,0,8750,0,0,0,2017-04-24,32476203,8690,136,0,0,0,0,0,0,0,0,8695,120,0,0,0,0,0,0,0,0
152,2017-04-24,09:01:16,674,l1709,XDCE,8690,8680,8750,18632,810882950,404260,399360,9260,8380,8820,8745,0,8750,0,0,0,2017-04-24,32476674,8690,135,0,0,0,0,0,0,0,0,8695,138,0,0,0,0,0,0,0,0
153,2017-04-24,09:01:17,165,l1709,XDCE,8695,8680,8750,18698,813752250,404272,399360,9260,8380,8820,8745,0,8750,0,0,0,2017-04-24,32477165,8690,139,0,0,0,0,0,0,0,0,8695,99,0,0,0,0,0,0,0,0
154,2017-04-24,09:01:17,604,l1709,XDCE,8690,8680,8750,18724,814881950,404266,399360,9260,8380,8820,8745,0,8750,0,0,0,2017-04-24,32477604,8690,128,0,0,0,0,0,0,0,0,8695,109,0,0,0,0,0,0,0,0
155,2017-04-24,09:01:18,203,l1709,XDCE,8695,8680,8750,18738,815490600,404266,399360,9260,8380,8820,8745,0,8750,0,0,0,2017-04-24,32478203,8690,179,0,0,0,0,0,0,0,0,8695,96,0,0,0,0,0,0,0,0
156,2017-04-24,09:01:18,702,l1709,XDCE,8695,8680,8750,18802,818271450,404298,399360,9260,8380,8820,8745,0,8750,0,0,0,2017-04-24,32478702,8690,149,0,0,0,0,0,0,0,0,8695,122,0,0,0,0,0,0,0,0
157,2017-04-24,09:01:19,164,l1709,XDCE,8695,8680,8750,18852,820445200,404332,399360,9260,8380,8820,8745,0,8750,0,0,0,2017-04-24,32479164,8690,149,0,0,0,0,0,0,0,0,8695,96,0,0,0,0,0,0,0,0
158,2017-04-24,09:01:19,682,l1709,XDCE,8690,8680,8750,18866,821053600,404342,399360,9260,8380,8820,8745,0,8750,0,0,0,2017-04-24,32479682,8690,155,0,0,0,0,0,0,0,0,8695,107,0,0,0,0,0,0,0,0
159,2017-04-24,09:01:20,184,l1709,XDCE,8695,8680,8750,18884,821836100,404354,399360,9260,8380,8820,8745,0,8750,0,0,0,2017-04-24,32480184,8690,155,0,0,0,0,0,0,0,0,8695,102,0,0,0,0,0,0,0,0
160,2017-04-24,09:01:20,698,l1709,XDCE,8690,8680,8750,18918,823314150,404352,399360,9260,8380,8820,8745,0,8750,0,0,0,2017-04-24,32480698,8690,153,0,0,0,0,0,0,0,0,8695,95,0,0,0,0,0,0,0,0
161,2017-04-24,09:01:21,196,l1709,XDCE,8695,8680,8750,18940,824270550,404372,399360,9260,8380,8820,8745,0,8750,0,0,0,2017-04-24,32481196,8690,156,0,0,0,0,0,0,0,0,8695,95,0,0,0,0,0,0,0,0
162,2017-04-24,09:01:21,702,l1709,XDCE,8695,8680,8750,18954,824878950,404376,399360,9260,8380,8820,8745,0,8750,0,0,0,2017-04-24,32481702,8690,162,0,0,0,0,0,0,0,0,8695,102,0,0,0,0,0,0,0,0
163,2017-04-24,09:01:22,150,l1709,XDCE,8695,8680,8750,19026,828007900,404338,399360,9260,8380,8820,8745,0,8750,0,0,0,2017-04-24,32482150,8690,137,0,0,0,0,0,0,0,0,8695,92,0,0,0,0,0,0,0,0
164,2017-04-24,09:01:22,654,l1709,XDCE,8695,8680,8750,19026,828007900,404338,399360,9260,8380,8820,8745,0,8750,0,0,0,2017-04-24,32482654,8690,135,0,0,0,0,0,0,0,0,8695,101,0,0,0,0,0,0,0,0
165,2017-04-24,09:01:23,188,l1709,XDCE,8695,8680,8750,19048,828964250,404342,399360,9260,8380,8820,8745,0,8750,0,0,0,2017-04-24,32483188,8690,161,0,0,0,0,0,0,0,0,8695,106,0,0,0,0,0,0,0,0
166,2017-04-24,09:01:23,679,l1709,XDCE,8695,8680,8750,19050,829051200,404344,399360,9260,8380,8820,8745,0,8750,0,0,0,2017-04-24,32483679,8690,161,0,0,0,0,0,0,0,0,8695,111,0,0,0,0,0,0,0,0
167,2017-04-24,09:01:24,183,l1709,XDCE,8690,8680,8750,19472,847387050,404276,399360,9260,8380,8820,8745,0,8750,0,0,0,2017-04-24,32484183,8690,13,0,0,0,0,0,0,0,0,8695,120,0,0,0,0,0,0,0,0
168,2017-04-24,09:01:24,703,l1709,XDCE,8690,8680,8750,19490,848169200,404282,399360,9260,8380,8820,8745,0,8750,0,0,0,2017-04-24,32484703,8690,17,0,0,0,0,0,0,0,0,8695,122,0,0,0,0,0,0,0,0
169,2017-04-24,09:01:25,91,l1709,XDCE,8690,8680,8750,19490,848169200,404282,399360,9260,8380,8820,8745,0,8750,0,0,0,2017-04-24,32485091,8690,17,0,0,0,0,0,0,0,0,8695,131,0,0,0,0,0,0,0,0
170,2017-04-24,09:01:25,701,l1709,XDCE,8690,8680,8750,19546,850602400,404310,399360,9260,8380,8820,8745,0,8750,0,0,0,2017-04-24,32485701,8685,221,0,0,0,0,0,0,0,0,8690,22,0,0,0,0,0,0,0,0
171,2017-04-24,09:01:26,195,l1709,XDCE,8685,8680,8750,19570,851645100,404318,399360,9260,8380,8820,8745,0,8750,0,0,0,2017-04-24,32486195,8685,216,0,0,0,0,0,0,0,0,8690,13,0,0,0,0,0,0,0,0
172,2017-04-24,09:01:26,664,l1709,XDCE,8685,8680,8750,19652,855207550,404332,399360,9260,8380,8820,8745,0,8750,0,0,0,2017-04-24,32486664,8685,226,0,0,0,0,0,0,0,0,8690,28,0,0,0,0,0,0,0,0
173,2017-04-24,09:01:27,194,l1709,XDCE,8690,8680,8750,19660,855555150,404324,399360,9260,8380,8820,8745,0,8750,0,0,0,2017-04-24,32487194,8685,225,0,0,0,0,0,0,0,0,8690,37,0,0,0,0,0,0,0,0
174,2017-04-24,09:01:27,670,l1709,XDCE,8690,8680,8750,19680,856424150,404324,399360,9260,8380,8820,8745,0,8750,0,0,0,2017-04-24,32487670,8685,228,0,0,0,0,0,0,0,0,8690,44,0,0,0,0,0,0,0,0
175,2017-04-24,09:01:28,165,l1709,XDCE,8690,8680,8750,19688,856771750,404324,399360,9260,8380,8820,8745,0,8750,0,0,0,2017-04-24,32488165,8685,229,0,0,0,0,0,0,0,0,8690,80,0,0,0,0,0,0,0,0
176,2017-04-24,09:01:28,581,l1709,XDCE,8690,8680,8750,19688,856771750,404324,399360,9260,8380,8820,8745,0,8750,0,0,0,2017-04-24,32488581,8685,229,0,0,0,0,0,0,0,0,8690,85,0,0,0,0,0,0,0,0
177,2017-04-24,09:01:29,188,l1709,XDCE,8690,8680,8750,19756,859726350,404330,399360,9260,8380,8820,8745,0,8750,0,0,0,2017-04-24,32489188,8685,229,0,0,0,0,0,0,0,0,8690,51,0,0,0,0,0,0,0,0
178,2017-04-24,09:01:29,694,l1709,XDCE,8690,8680,8750,19760,859900150,404332,399360,9260,8380,8820,8745,0,8750,0,0,0,2017-04-24,32489694,8685,227,0,0,0,0,0,0,0,0,8690,49,0,0,0,0,0,0,0,0
179,2017-04-24,09:01:30,123,l1709,XDCE,8690,8680,8750,19770,860334650,404340,399360,9260,8380,8820,8745,0,8750,0,0,0,2017-04-24,32490123,8685,229,0,0,0,0,0,0,0,0,8690,46,0,0,0,0,0,0,0,0
180,2017-04-24,09:01:30,588,l1709,XDCE,8690,8680,8750,19770,860334650,404340,399360,9260,8380,8820,8745,0,8750,0,0,0,2017-04-24,32490588,8685,229,0,0,0,0,0,0,0,0,8690,44,0,0,0,0,0,0,0,0
181,2017-04-24,09:01:31,176,l1709,XDCE,8690,8680,8750,19770,860334650,404340,399360,9260,8380,8820,8745,0,8750,0,0,0,2017-04-24,32491176,8685,231,0,0,0,0,0,0,0,0,8690,44,0,0,0,0,0,0,0,0
182,2017-04-24,09:01:31,697,l1709,XDCE,8690,8680,8750,19776,860595350,404340,399360,9260,8380,8820,8745,0,8750,0,0,0,2017-04-24,32491697,8685,233,0,0,0,0,0,0,0,0,8690,41,0,0,0,0,0,0,0,0
183,2017-04-24,09:01:32,102,l1709,XDCE,8690,8680,8750,19788,861116750,404340,399360,9260,8380,8820,8745,0,8750,0,0,0,2017-04-24,32492102,8685,233,0,0,0,0,0,0,0,0,8690,57,0,0,0,0,0,0,0,0
184,2017-04-24,09:01:32,685,l1709,XDCE,8690,8680,8750,19828,862854450,404338,399360,9260,8380,8820,8745,0,8750,0,0,0,2017-04-24,32492685,8685,232,0,0,0,0,0,0,0,0,8690,46,0,0,0,0,0,0,0,0
185,2017-04-24,09:01:33,170,l1709,XDCE,8690,8680,8750,19832,863028250,404338,399360,9260,8380,8820,8745,0,8750,0,0,0,2017-04-24,32493170,8685,233,0,0,0,0,0,0,0,0,8690,48,0,0,0,0,0,0,0,0
186,2017-04-24,09:01:33,649,l1709,XDCE,8690,8680,8750,19844,863549650,404328,399360,9260,8380,8820,8745,0,8750,0,0,0,2017-04-24,32493649,8685,225,0,0,0,0,0,0,0,0,8690,93,0,0,0,0,0,0,0,0
187,2017-04-24,09:01:34,184,l1709,XDCE,8685,8680,8750,20086,874058800,404410,399360,9260,8380,8820,8745,0,8750,0,0,0,2017-04-24,32494184,8685,113,0,0,0,0,0,0,0,0,8690,99,0,0,0,0,0,0,0,0
188,2017-04-24,09:01:34,697,l1709,XDCE,8685,8680,8750,20322,884307100,404402,399360,9260,8380,8820,8745,0,8750,0,0,0,2017-04-24,32494697,8680,238,0,0,0,0,0,0,0,0,8685,67,0,0,0,0,0,0,0,0
189,2017-04-24,09:01:35,195,l1709,XDCE,8685,8680,8750,20376,886652050,404414,399360,9260,8380,8820,8745,0,8750,0,0,0,2017-04-24,32495195,8680,238,0,0,0,0,0,0,0,0,8685,25,0,0,0,0,0,0,0,0
190,2017-04-24,09:01:35,681,l1709,XDCE,8685,8680,8750,20470,890733500,404464,399360,9260,8380,8820,8745,0,8750,0,0,0,2017-04-24,32495681,8680,230,0,0,0,0,0,0,0,0,8685,16,0,0,0,0,0,0,0,0
191,2017-04-24,09:01:36,165,l1709,XDCE,8685,8680,8750,20574,895249700,404520,399360,9260,8380,8820,8745,0,8750,0,0,0,2017-04-24,32496165,8685,17,0,0,0,0,0,0,0,0,8690,121,0,0,0,0,0,0,0,0
192,2017-04-24,09:01:36,691,l1709,XDCE,8685,8680,8750,20600,896378750,404518,399360,9260,8380,8820,8745,0,8750,0,0,0,2017-04-24,32496691,8685,2,0,0,0,0,0,0,0,0,8690,217,0,0,0,0,0,0,0,0
193,2017-04-24,09:01:37,164,l1709,XDCE,8685,8680,8750,20622,897334100,404538,399360,9260,8380,8820,8745,0,8750,0,0,0,2017-04-24,32497164,8680,218,0,0,0,0,0,0,0,0,8685,53,0,0,0,0,0,0,0,0
194,2017-04-24,09:01:37,670,l1709,XDCE,8685,8680,8750,20728,901937150,404610,399360,9260,8380,8820,8745,0,8750,0,0,0,2017-04-24,32497670,8680,220,0,0,0,0,0,0,0,0,8685,101,0,0,0,0,0,0,0,0
195,2017-04-24,09:01:38,201,l1709,XDCE,8680,8680,8750,20730,902023950,404610,399360,9260,8380,8820,8745,0,8750,0,0,0,2017-04-24,32498201,8680,220,0,0,0,0,0,0,0,0,8685,142,0,0,0,0,0,0,0,0
196,2017-04-24,09:01:38,645,l1709,XDCE,8680,8680,8750,20742,902544750,404616,399360,9260,8380,8820,8745,0,8750,0,0,0,2017-04-24,32498645,8680,216,0,0,0,0,0,0,0,0,8685,143,0,0,0,0,0,0,0,0
197,2017-04-24,09:01:39,197,l1709,XDCE,8680,8680,8750,20772,903846750,404636,399360,9260,8380,8820,8745,0,8750,0,0,0,2017-04-24,32499197,8680,201,0,0,0,0,0,0,0,0,8685,144,0,0,0,0,0,0,0,0
198,2017-04-24,09:01:39,700,l1709,XDCE,8680,8680,8750,20776,904020350,404640,399360,9260,8380,8820,8745,0,8750,0,0,0,2017-04-24,32499700,8680,201,0,0,0,0,0,0,0,0,8685,145,0,0,0,0,0,0,0,0
199,2017-04-24,09:01:40,170,l1709,XDCE,8685,8680,8750,20822,906016800,404684,399360,9260,8380,8820,8745,0,8750,0,0,0,2017-04-24,32500170,8680,178,0,0,0,0,0,0,0,0,8685,146,0,0,0,0,0,0,0,0
200,2017-04-24,09:01:40,674,l1709,XDCE,8680,8680,8750,20870,908101000,404730,399360,9260,8380,8820,8745,0,8750,0,0,0,2017-04-24,32500674,8680,174,0,0,0,0,0,0,0,0,8685,137,0,0,0,0,0,0,0,0
201,2017-04-24,09:01:41,104,l1709,XDCE,8685,8680,8750,20974,912614950,404820,399360,9260,8380,8820,8745,0,8750,0,0,0,2017-04-24,32501104,8680,130,0,0,0,0,0,0,0,0,8685,130,0,0,0,0,0,0,0,0
202,2017-04-24,09:01:41,683,l1709,XDCE,8680,8680,8750,20990,913309450,404828,399360,9260,8380,8820,8745,0,8750,0,0,0,2017-04-24,32501683,8680,125,0,0,0,0,0,0,0,0,8685,135,0,0,0,0,0,0,0,0
203,2017-04-24,09:01:42,189,l1709,XDCE,8680,8680,8750,21030,915045600,404860,399360,9260,8380,8820,8745,0,8750,0,0,0,2017-04-24,32502189,8680,111,0,0,0,0,0,0,0,0,8685,134,0,0,0,0,0,0,0,0
204,2017-04-24,09:01:42,697,l1709,XDCE,8680,8680,8750,21052,916000650,404880,399360,9260,8380,8820,8745,0,8750,0,0,0,2017-04-24,32502697,8680,136,0,0,0,0,0,0,0,0,8685,125,0,0,0,0,0,0,0,0
205,2017-04-24,09:01:43,186,l1709,XDCE,8680,8680,8750,21062,916434700,404890,399360,9260,8380,8820,8745,0,8750,0,0,0,2017-04-24,32503186,8680,134,0,0,0,0,0,0,0,0,8685,126,0,0,0,0,0,0,0,0
206,2017-04-24,09:01:43,672,l1709,XDCE,8680,8670,8750,21848,950531250,405536,399360,9260,8380,8820,8745,0,8750,0,0,0,2017-04-24,32503672,8675,126,0,0,0,0,0,0,0,0,8680,26,0,0,0,0,0,0,0,0
207,2017-04-24,09:01:44,183,l1709,XDCE,8680,8670,8750,22292,969788500,405820,399360,9260,8380,8820,8745,0,8750,0,0,0,2017-04-24,32504183,8675,42,0,0,0,0,0,0,0,0,8680,31,0,0,0,0,0,0,0,0
208,2017-04-24,09:01:44,701,l1709,XDCE,8680,8670,8750,22390,974039400,405894,399360,9260,8380,8820,8745,0,8750,0,0,0,2017-04-24,32504701,8675,85,0,0,0,0,0,0,0,0,8680,52,0,0,0,0,0,0,0,0
209,2017-04-24,09:01:45,178,l1709,XDCE,8675,8670,8750,22458,976988900,405886,399360,9260,8380,8820,8745,0,8750,0,0,0,2017-04-24,32505178,8675,81,0,0,0,0,0,0,0,0,8680,105,0,0,0,0,0,0,0,0
210,2017-04-24,09:01:45,701,l1709,XDCE,8675,8670,8750,22568,981760500,405874,399360,9260,8380,8820,8745,0,8750,0,0,0,2017-04-24,32505701,8675,34,0,0,0,0,0,0,0,0,8680,131,0,0,0,0,0,0,0,0
211,2017-04-24,09:01:46,181,l1709,XDCE,8675,8670,8750,22580,982281000,405876,399360,9260,8380,8820,8745,0,8750,0,0,0,2017-04-24,32506181,8675,65,0,0,0,0,0,0,0,0,8680,121,0,0,0,0,0,0,0,0
212,2017-04-24,09:01:46,700,l1709,XDCE,8680,8670,8750,22590,982714800,405876,399360,9260,8380,8820,8745,0,8750,0,0,0,2017-04-24,32506700,8675,63,0,0,0,0,0,0,0,0,8680,140,0,0,0,0,0,0,0,0
213,2017-04-24,09:01:47,176,l1709,XDCE,8680,8670,8750,22594,982888400,405876,399360,9260,8380,8820,8745,0,8750,0,0,0,2017-04-24,32507176,8675,63,0,0,0,0,0,0,0,0,8680,138,0,0,0,0,0,0,0,0
214,2017-04-24,09:01:47,702,l1709,XDCE,8680,8670,8750,22616,983842900,405876,399360,9260,8380,8820,8745,0,8750,0,0,0,2017-04-24,32507702,8675,61,0,0,0,0,0,0,0,0,8680,131,0,0,0,0,0,0,0,0
215,2017-04-24,09:01:48,171,l1709,XDCE,8680,8670,8750,22632,984536950,405876,399360,9260,8380,8820,8745,0,8750,0,0,0,2017-04-24,32508171,8675,70,0,0,0,0,0,0,0,0,8680,131,0,0,0,0,0,0,0,0
216,2017-04-24,09:01:48,666,l1709,XDCE,8675,8670,8750,22752,989741950,405918,399360,9260,8380,8820,8745,0,8750,0,0,0,2017-04-24,32508666,8675,19,0,0,0,0,0,0,0,0,8680,144,0,0,0,0,0,0,0,0
217,2017-04-24,09:01:49,185,l1709,XDCE,8680,8670,8750,22758,990002400,405916,399360,9260,8380,8820,8745,0,8750,0,0,0,2017-04-24,32509185,8675,64,0,0,0,0,0,0,0,0,8680,145,0,0,0,0,0,0,0,0
218,2017-04-24,09:01:49,680,l1709,XDCE,8675,8670,8750,22854,994168550,405902,399360,9260,8380,8820,8745,0,8750,0,0,0,2017-04-24,32509680,8675,71,0,0,0,0,0,0,0,0,8680,106,0,0,0,0,0,0,0,0
219,2017-04-24,09:01:50,174,l1709,XDCE,8675,8670,8750,22874,995036250,405908,399360,9260,8380,8820,8745,0,8750,0,0,0,2017-04-24,32510174,8675,75,0,0,0,0,0,0,0,0,8680,109,0,0,0,0,0,0,0,0
220,2017-04-24,09:01:50,684,l1709,XDCE,8680,8670,8750,22904,996337700,405924,399360,9260,8380,8820,8745,0,8750,0,0,0,2017-04-24,32510684,8675,105,0,0,0,0,0,0,0,0,8680,101,0,0,0,0,0,0,0,0
221,2017-04-24,09:01:51,199,l1709,XDCE,8680,8670,8750,22914,996771700,405930,399360,9260,8380,8820,8745,0,8750,0,0,0,2017-04-24,32511199,8675,106,0,0,0,0,0,0,0,0,8680,96,0,0,0,0,0,0,0,0
222,2017-04-24,09:01:51,695,l1709,XDCE,8680,8670,8750,23138,1006493050,406068,399360,9260,8380,8820,8745,0,8750,0,0,0,2017-04-24,32511695,8680,48,0,0,0,0,0,0,0,0,8685,156,0,0,0,0,0,0,0,0
223,2017-04-24,09:01:52,186,l1709,XDCE,8680,8670,8750,23244,1011093450,406116,399360,9260,8380,8820,8745,0,8750,0,0,0,2017-04-24,32512186,8675,132,0,0,0,0,0,0,0,0,8680,75,0,0,0,0,0,0,0,0
224,2017-04-24,09:01:52,700,l1709,XDCE,8675,8670,8750,23308,1013870050,406118,399360,9260,8380,8820,8745,0,8750,0,0,0,2017-04-24,32512700,8675,114,0,0,0,0,0,0,0,0,8680,82,0,0,0,0,0,0,0,0
225,2017-04-24,09:01:53,164,l1709,XDCE,8680,8670,8750,23320,1014390850,406128,399360,9260,8380,8820,8745,0,8750,0,0,0,2017-04-24,32513164,8675,119,0,0,0,0,0,0,0,0,8680,81,0,0,0,0,0,0,0,0
226,2017-04-24,09:01:53,687,l1709,XDCE,8680,8670,8750,23332,1014911400,406130,399360,9260,8380,8820,8745,0,8750,0,0,0,2017-04-24,32513687,8675,98,0,0,0,0,0,0,0,0,8680,80,0,0,0,0,0,0,0,0
227,2017-04-24,09:01:54,196,l1709,XDCE,8680,8670,8750,23352,1015779400,406148,399360,9260,8380,8820,8745,0,8750,0,0,0,2017-04-24,32514196,8675,100,0,0,0,0,0,0,0,0,8680,74,0,0,0,0,0,0,0,0
228,2017-04-24,09:01:54,569,l1709,XDCE,8680,8670,8750,23364,1016300100,406150,399360,9260,8380,8820,8745,0,8750,0,0,0,2017-04-24,32514569,8675,98,0,0,0,0,0,0,0,0,8680,69,0,0,0,0,0,0,0,0
229,2017-04-24,09:01:55,164,l1709,XDCE,8680,8670,8750,23502,1022289300,406104,399360,9260,8380,8820,8745,0,8750,0,0,0,2017-04-24,32515164,8675,101,0,0,0,0,0,0,0,0,8685,121,0,0,0,0,0,0,0,0
230,2017-04-24,09:01:55,694,l1709,XDCE,8675,8670,8750,23892,1039207650,406054,399360,9260,8380,8820,8745,0,8750,0,0,0,2017-04-24,32515694,8675,183,0,0,0,0,0,0,0,0,8680,15,0,0,0,0,0,0,0,0
231,2017-04-24,09:01:56,179,l1709,XDCE,8675,8670,8750,23934,1041029400,406054,399360,9260,8380,8820,8745,0,8750,0,0,0,2017-04-24,32516179,8675,163,0,0,0,0,0,0,0,0,8680,16,0,0,0,0,0,0,0,0
232,2017-04-24,09:01:56,682,l1709,XDCE,8680,8670,8750,23966,1042417450,406054,399360,9260,8380,8820,8745,0,8750,0,0,0,2017-04-24,32516682,8675,155,0,0,0,0,0,0,0,0,8680,60,0,0,0,0,0,0,0,0
233,2017-04-24,09:01:57,175,l1709,XDCE,8675,8670,8750,23968,1042504200,406054,399360,9260,8380,8820,8745,0,8750,0,0,0,2017-04-24,32517175,8675,155,0,0,0,0,0,0,0,0,8680,75,0,0,0,0,0,0,0,0
234,2017-04-24,09:01:57,694,l1709,XDCE,8680,8670,8750,24000,1043892250,406068,399360,9260,8380,8820,8745,0,8750,0,0,0,2017-04-24,32517694,8675,155,0,0,0,0,0,0,0,0,8680,77,0,0,0,0,0,0,0,0
235,2017-04-24,09:01:58,167,l1709,XDCE,8680,8670,8750,24004,1044065850,406068,399360,9260,8380,8820,8745,0,8750,0,0,0,2017-04-24,32518167,8675,155,0,0,0,0,0,0,0,0,8680,94,0,0,0,0,0,0,0,0
236,2017-04-24,09:01:58,659,l1709,XDCE,8680,8670,8750,24012,1044412950,406068,399360,9260,8380,8820,8745,0,8750,0,0,0,2017-04-24,32518659,8675,153,0,0,0,0,0,0,0,0,8680,95,0,0,0,0,0,0,0,0
237,2017-04-24,09:01:59,201,l1709,XDCE,8675,8670,8750,24018,1044673250,406068,399360,9260,8380,8820,8745,0,8750,0,0,0,2017-04-24,32519201,8675,153,0,0,0,0,0,0,0,0,8680,99,0,0,0,0,0,0,0,0
238,2017-04-24,09:01:59,685,l1709,XDCE,8675,8670,8750,24026,1045020250,406068,399360,9260,8380,8820,8745,0,8750,0,0,0,2017-04-24,32519685,8675,183,0,0,0,0,0,0,0,0,8680,99,0,0,0,0,0,0,0,0
239,2017-04-24,09:02:00,171,l1709,XDCE,8675,8670,8750,24072,1047015500,406098,399360,9260,8380,8820,8745,0,8750,0,0,0,2017-04-24,32520171,8675,162,0,0,0,0,0,0,0,0,8680,100,0,0,0,0,0,0,0,0
240,2017-04-24,09:02:00,684,l1709,XDCE,8680,8670,8750,24080,1047362600,406102,399360,9260,8380,8820,8745,0,8750,0,0,0,2017-04-24,32520684,8675,167,0,0,0,0,0,0,0,0,8680,100,0,0,0,0,0,0,0,0
241,2017-04-24,09:02:01,195,l1709,XDCE,8680,8670,8750,24086,1047622900,406106,399360,9260,8380,8820,8745,0,8750,0,0,0,2017-04-24,32521195,8675,165,0,0,0,0,0,0,0,0,8680,98,0,0,0,0,0,0,0,0
242,2017-04-24,09:02:01,694,l1709,XDCE,8680,8670,8750,24146,1050226600,406126,399360,9260,8380,8820,8745,0,8750,0,0,0,2017-04-24,32521694,8675,161,0,0,0,0,0,0,0,0,8680,64,0,0,0,0,0,0,0,0
243,2017-04-24,09:02:02,177,l1709,XDCE,8680,8670,8750,24174,1051441500,406108,399360,9260,8380,8820,8745,0,8750,0,0,0,2017-04-24,32522177,8675,157,0,0,0,0,0,0,0,0,8680,56,0,0,0,0,0,0,0,0
244,2017-04-24,09:02:02,695,l1709,XDCE,8680,8670,8750,24288,1056389050,406092,399360,9260,8380,8820,8745,0,8750,0,0,0,2017-04-24,32522695,8675,161,0,0,0,0,0,0,0,0,8685,140,0,0,0,0,0,0,0,0
245,2017-04-24,09:02:03,164,l1709,XDCE,8680,8670,8750,24298,1056823050,406102,399360,9260,8380,8820,8745,0,8750,0,0,0,2017-04-24,32523164,8675,171,0,0,0,0,0,0,0,0,8680,83,0,0,0,0,0,0,0,0
246,2017-04-24,09:02:03,693,l1709,XDCE,8680,8670,8750,24320,1057777600,406112,399360,9260,8380,8820,8745,0,8750,0,0,0,2017-04-24,32523693,8675,169,0,0,0,0,0,0,0,0,8680,86,0,0,0,0,0,0,0,0
247,2017-04-24,09:02:04,188,l1709,XDCE,8680,8670,8750,24326,1058038000,406118,399360,9260,8380,8820,8745,0,8750,0,0,0,2017-04-24,32524188,8675,170,0,0,0,0,0,0,0,0,8680,83,0,0,0,0,0,0,0,0
248,2017-04-24,09:02:04,672,l1709,XDCE,8675,8670,8750,24366,1059773250,406138,399360,9260,8380,8820,8745,0,8750,0,0,0,2017-04-24,32524672,8675,145,0,0,0,0,0,0,0,0,8680,87,0,0,0,0,0,0,0,0
249,2017-04-24,09:02:05,181,l1709,XDCE,8675,8670,8750,24414,1061855400,406186,399360,9260,8380,8820,8745,0,8750,0,0,0,2017-04-24,32525181,8675,125,0,0,0,0,0,0,0,0,8680,126,0,0,0,0,0,0,0,0
250,2017-04-24,09:02:05,701,l1709,XDCE,8680,8670,8750,24444,1063157300,406192,399360,9260,8380,8820,8745,0,8750,0,0,0,2017-04-24,32525701,8675,119,0,0,0,0,0,0,0,0,8680,128,0,0,0,0,0,0,0,0
251,2017-04-24,09:02:06,177,l1709,XDCE,8680,8670,8750,24500,1065586400,406198,399360,9260,8380,8820,8745,0,8750,0,0,0,2017-04-24,32526177,8675,101,0,0,0,0,0,0,0,0,8680,127,0,0,0,0,0,0,0,0
252,2017-04-24,09:02:06,663,l1709,XDCE,8680,8670,8750,24520,1066454150,406210,399360,9260,8380,8820,8745,0,8750,0,0,0,2017-04-24,32526663,8675,93,0,0,0,0,0,0,0,0,8680,151,0,0,0,0,0,0,0,0
253,2017-04-24,09:02:07,165,l1709,XDCE,8675,8670,8750,24670,1072960600,406310,399360,9260,8380,8820,8745,0,8750,0,0,0,2017-04-24,32527165,8675,25,0,0,0,0,0,0,0,0,8680,147,0,0,0,0,0,0,0,0
254,2017-04-24,09:02:07,700,l1709,XDCE,8670,8670,8750,24722,1075216050,406324,399360,9260,8380,8820,8745,0,8750,0,0,0,2017-04-24,32527700,8670,949,0,0,0,0,0,0,0,0,8675,137,0,0,0,0,0,0,0,0
255,2017-04-24,09:02:08,189,l1709,XDCE,8670,8670,8750,24924,1083974050,406402,399360,9260,8380,8820,8745,0,8750,0,0,0,2017-04-24,32528189,8670,869,0,0,0,0,0,0,0,0,8675,150,0,0,0,0,0,0,0,0
256,2017-04-24,09:02:08,698,l1709,XDCE,8670,8670,8750,26626,1157756050,407582,399360,9260,8380,8820,8745,0,8750,0,0,0,2017-04-24,32528698,8670,24,0,0,0,0,0,0,0,0,8675,154,0,0,0,0,0,0,0,0
257,2017-04-24,09:02:09,184,l1709,XDCE,8665,8665,8750,27128,1179513200,407746,399360,9260,8380,8820,8745,0,8750,0,0,0,2017-04-24,32529184,8665,47,0,0,0,0,0,0,0,0,8670,387,0,0,0,0,0,0,0,0
258,2017-04-24,09:02:09,703,l1709,XDCE,8650,8650,8750,30276,1315776250,409386,399360,9260,8380,8820,8745,0,8750,0,0,0,2017-04-24,32529703,8650,461,0,0,0,0,0,0,0,0,8660,36,0,0,0,0,0,0,0,0
259,2017-04-24,09:02:10,202,l1709,XDCE,8640,8640,8750,32524,1412986550,409532,399360,9260,8380,8820,8745,0,8750,0,0,0,2017-04-24,32530202,8640,64,0,0,0,0,0,0,0,0,8650,45,0,0,0,0,0,0,0,0
260,2017-04-24,09:02:10,702,l1709,XDCE,8640,8635,8750,33456,1453249350,409750,399360,9260,8380,8820,8745,0,8750,0,0,0,2017-04-24,32530702,8635,109,0,0,0,0,0,0,0,0,8640,36,0,0,0,0,0,0,0,0
261,2017-04-24,09:02:11,203,l1709,XDCE,8640,8635,8750,33858,1470614650,410000,399360,9260,8380,8820,8745,0,8750,0,0,0,2017-04-24,32531203,8635,123,0,0,0,0,0,0,0,0,8640,24,0,0,0,0,0,0,0,0
262,2017-04-24,09:02:11,700,l1709,XDCE,8650,8635,8750,34132,1482455450,410038,399360,9260,8380,8820,8745,0,8750,0,0,0,2017-04-24,32531700,8645,30,0,0,0,0,0,0,0,0,8650,92,0,0,0,0,0,0,0,0
263,2017-04-24,09:02:12,177,l1709,XDCE,8645,8635,8750,34298,1489631600,410060,399360,9260,8380,8820,8745,0,8750,0,0,0,2017-04-24,32532177,8640,445,0,0,0,0,0,0,0,0,8645,2,0,0,0,0,0,0,0,0
264,2017-04-24,09:02:12,690,l1709,XDCE,8645,8635,8750,34542,1500177450,409926,399360,9260,8380,8820,8745,0,8750,0,0,0,2017-04-24,32532690,8640,462,0,0,0,0,0,0,0,0,8645,7,0,0,0,0,0,0,0,0
265,2017-04-24,09:02:13,201,l1709,XDCE,8645,8635,8750,34634,1504154450,409902,399360,9260,8380,8820,8745,0,8750,0,0,0,2017-04-24,32533201,8640,433,0,0,0,0,0,0,0,0,8645,26,0,0,0,0,0,0,0,0
266,2017-04-24,09:02:13,686,l1709,XDCE,8645,8635,8750,34684,1506315200,409952,399360,9260,8380,8820,8745,0,8750,0,0,0,2017-04-24,32533686,8640,441,0,0,0,0,0,0,0,0,8645,10,0,0,0,0,0,0,0,0
267,2017-04-24,09:02:14,194,l1709,XDCE,8640,8635,8750,34722,1507957050,409960,399360,9260,8380,8820,8745,0,8750,0,0,0,2017-04-24,32534194,8640,438,0,0,0,0,0,0,0,0,8645,12,0,0,0,0,0,0,0,0
268,2017-04-24,09:02:14,688,l1709,XDCE,8645,8635,8750,34786,1510722550,410004,399360,9260,8380,8820,8745,0,8750,0,0,0,2017-04-24,32534688,8640,428,0,0,0,0,0,0,0,0,8645,7,0,0,0,0,0,0,0,0
269,2017-04-24,09:02:15,175,l1709,XDCE,8645,8635,8750,34816,1512019300,410004,399360,9260,8380,8820,8745,0,8750,0,0,0,2017-04-24,32535175,8645,91,0,0,0,0,0,0,0,0,8650,136,0,0,0,0,0,0,0,0
270,2017-04-24,09:02:15,684,l1709,XDCE,8645,8635,8750,34836,1512883850,410024,399360,9260,8380,8820,8745,0,8750,0,0,0,2017-04-24,32535684,8645,148,0,0,0,0,0,0,0,0,8650,141,0,0,0,0,0,0,0,0
271,2017-04-24,09:02:16,175,l1709,XDCE,8645,8635,8750,34882,1514872350,410028,399360,9260,8380,8820,8745,0,8750,0,0,0,2017-04-24,32536175,8645,137,0,0,0,0,0,0,0,0,8650,125,0,0,0,0,0,0,0,0
272,2017-04-24,09:02:16,690,l1709,XDCE,8650,8635,8750,34942,1517466750,410036,399360,9260,8380,8820,8745,0,8750,0,0,0,2017-04-24,32536690,8645,135,0,0,0,0,0,0,0,0,8650,121,0,0,0,0,0,0,0,0
273,2017-04-24,09:02:17,193,l1709,XDCE,8645,8635,8750,34960,1518245100,410042,399360,9260,8380,8820,8745,0,8750,0,0,0,2017-04-24,32537193,8645,136,0,0,0,0,0,0,0,0,8650,95,0,0,0,0,0,0,0,0
274,2017-04-24,09:02:17,699,l1709,XDCE,8645,8635,8750,34994,1519714900,410048,399360,9260,8380,8820,8745,0,8750,0,0,0,2017-04-24,32537699,8645,128,0,0,0,0,0,0,0,0,8650,97,0,0,0,0,0,0,0,0
275,2017-04-24,09:02:18,191,l1709,XDCE,8645,8635,8750,35068,1522914100,410048,399360,9260,8380,8820,8745,0,8750,0,0,0,2017-04-24,32538191,8645,118,0,0,0,0,0,0,0,0,8650,80,0,0,0,0,0,0,0,0
276,2017-04-24,09:02:18,694,l1709,XDCE,8650,8635,8750,35106,1524557550,410058,399360,9260,8380,8820,8745,0,8750,0,0,0,2017-04-24,32538694,8645,119,0,0,0,0,0,0,0,0,8650,72,0,0,0,0,0,0,0,0
277,2017-04-24,09:02:19,203,l1709,XDCE,8650,8635,8750,35144,1526200450,410082,399360,9260,8380,8820,8745,0,8750,0,0,0,2017-04-24,32539203,8645,120,0,0,0,0,0,0,0,0,8650,71,0,0,0,0,0,0,0,0
278,2017-04-24,09:02:19,702,l1709,XDCE,8650,8635,8750,35330,1534244750,410208,399360,9260,8380,8820,8745,0,8750,0,0,0,2017-04-24,32539702,8650,18,0,0,0,0,0,0,0,0,8655,415,0,0,0,0,0,0,0,0
279,2017-04-24,09:02:20,196,l1709,XDCE,8650,8635,8750,35390,1536839350,410250,399360,9260,8380,8820,8745,0,8750,0,0,0,2017-04-24,32540196,8645,116,0,0,0,0,0,0,0,0,8650,196,0,0,0,0,0,0,0,0
280,2017-04-24,09:02:20,702,l1709,XDCE,8645,8635,8750,35450,1539433900,410306,399360,9260,8380,8820,8745,0,8750,0,0,0,2017-04-24,32540702,8645,109,0,0,0,0,0,0,0,0,8650,192,0,0,0,0,0,0,0,0
281,2017-04-24,09:02:21,197,l1709,XDCE,8650,8635,8750,35818,1555349900,410608,399360,9260,8380,8820,8745,0,8750,0,0,0,2017-04-24,32541197,8650,76,0,0,0,0,0,0,0,0,8655,224,0,0,0,0,0,0,0,0
282,2017-04-24,09:02:21,696,l1709,XDCE,8655,8635,8750,35890,1558465250,410600,399360,9260,8380,8820,8745,0,8750,0,0,0,2017-04-24,32541696,8650,71,0,0,0,0,0,0,0,0,8655,169,0,0,0,0,0,0,0,0
283,2017-04-24,09:02:22,196,l1709,XDCE,8650,8635,8750,35966,1561753400,410628,399360,9260,8380,8820,8745,0,8750,0,0,0,2017-04-24,32542196,8650,69,0,0,0,0,0,0,0,0,8655,146,0,0,0,0,0,0,0,0
284,2017-04-24,09:02:22,665,l1709,XDCE,8650,8635,8750,36148,1569625350,410668,399360,9260,8380,8820,8745,0,8750,0,0,0,2017-04-24,32542665,8645,140,0,0,0,0,0,0,0,0,8650,96,0,0,0,0,0,0,0,0
285,2017-04-24,09:02:23,200,l1709,XDCE,8655,8635,8750,36234,1573345400,410686,399360,9260,8380,8820,8745,0,8750,0,0,0,2017-04-24,32543200,8650,15,0,0,0,0,0,0,0,0,8655,130,0,0,0,0,0,0,0,0
286,2017-04-24,09:02:23,692,l1709,XDCE,8650,8635,8750,36434,1581995400,410846,399360,9260,8380,8820,8745,0,8750,0,0,0,2017-04-24,32543692,8645,158,0,0,0,0,0,0,0,0,8650,67,0,0,0,0,0,0,0,0
287,2017-04-24,09:02:24,186,l1709,XDCE,8650,8635,8750,36486,1584244400,410798,399360,9260,8380,8820,8745,0,8750,0,0,0,2017-04-24,32544186,8645,155,0,0,0,0,0,0,0,0,8650,43,0,0,0,0,0,0,0,0
288,2017-04-24,09:02:24,664,l1709,XDCE,8650,8635,8750,36578,1588223400,410822,399360,9260,8380,8820,8745,0,8750,0,0,0,2017-04-24,32544664,8645,298,0,0,0,0,0,0,0,0,8650,8,0,0,0,0,0,0,0,0
289,2017-04-24,09:02:25,170,l1709,XDCE,8655,8635,8750,36614,1589780700,410834,399360,9260,8380,8820,8745,0,8750,0,0,0,2017-04-24,32545170,8650,60,0,0,0,0,0,0,0,0,8655,139,0,0,0,0,0,0,0,0
290,2017-04-24,09:02:25,683,l1709,XDCE,8650,8635,8750,36624,1590213300,410844,399360,9260,8380,8820,8745,0,8750,0,0,0,2017-04-24,32545683,8650,91,0,0,0,0,0,0,0,0,8655,139,0,0,0,0,0,0,0,0
291,2017-04-24,09:02:26,196,l1709,XDCE,8650,8635,8750,36632,1590559300,410848,399360,9260,8380,8820,8745,0,8750,0,0,0,2017-04-24,32546196,8650,153,0,0,0,0,0,0,0,0,8655,150,0,0,0,0,0,0,0,0
292,2017-04-24,09:02:26,701,l1709,XDCE,8655,8635,8750,36634,1590645850,410850,399360,9260,8380,8820,8745,0,8750,0,0,0,2017-04-24,32546701,8650,268,0,0,0,0,0,0,0,0,8655,141,0,0,0,0,0,0,0,0
293,2017-04-24,09:02:27,184,l1709,XDCE,8650,8635,8750,36644,1591078550,410860,399360,9260,8380,8820,8745,0,8750,0,0,0,2017-04-24,32547184,8650,256,0,0,0,0,0,0,0,0,8655,144,0,0,0,0,0,0,0,0
294,2017-04-24,09:02:27,702,l1709,XDCE,8655,8635,8750,36650,1591338150,410864,399360,9260,8380,8820,8745,0,8750,0,0,0,2017-04-24,32547702,8650,264,0,0,0,0,0,0,0,0,8655,143,0,0,0,0,0,0,0,0
295,2017-04-24,09:02:28,188,l1709,XDCE,8655,8635,8750,36696,1593327800,410866,399360,9260,8380,8820,8745,0,8750,0,0,0,2017-04-24,32548188,8650,240,0,0,0,0,0,0,0,0,8655,139,0,0,0,0,0,0,0,0
296,2017-04-24,09:02:28,683,l1709,XDCE,8655,8635,8750,36754,1595837750,410884,399360,9260,8380,8820,8745,0,8750,0,0,0,2017-04-24,32548683,8650,241,0,0,0,0,0,0,0,0,8655,117,0,0,0,0,0,0,0,0
297,2017-04-24,09:02:29,170,l1709,XDCE,8650,8635,8750,36756,1595924250,410884,399360,9260,8380,8820,8745,0,8750,0,0,0,2017-04-24,32549170,8650,243,0,0,0,0,0,0,0,0,8655,117,0,0,0,0,0,0,0,0
298,2017-04-24,09:02:29,669,l1709,XDCE,8650,8635,8750,36780,1596962300,410906,399360,9260,8380,8820,8745,0,8750,0,0,0,2017-04-24,32549669,8650,234,0,0,0,0,0,0,0,0,8655,117,0,0,0,0,0,0,0,0
299,2017-04-24,09:02:30,184,l1709,XDCE,8650,8635,8750,36786,1597221800,410908,399360,9260,8380,8820,8745,0,8750,0,0,0,2017-04-24,32550184,8650,233,0,0,0,0,0,0,0,0,8655,162,0,0,0,0,0,0,0,0
300,2017-04-24,09:02:30,614,l1709,XDCE,8650,8635,8750,36936,1603711950,411042,399360,9260,8380,8820,8745,0,8750,0,0,0,2017-04-24,32550614,8650,213,0,0,0,0,0,0,0,0,8655,110,0,0,0,0,0,0,0,0
301,2017-04-24,09:02:31,157,l1709,XDCE,8655,8635,8750,36944,1604058100,411046,399360,9260,8380,8820,8745,0,8750,0,0,0,2017-04-24,32551157,8650,216,0,0,0,0,0,0,0,0,8655,107,0,0,0,0,0,0,0,0
302,2017-04-24,09:02:31,692,l1709,XDCE,8655,8635,8750,36982,1605701700,411064,399360,9260,8380,8820,8745,0,8750,0,0,0,2017-04-24,32551692,8650,207,0,0,0,0,0,0,0,0,8655,113,0,0,0,0,0,0,0,0
303,2017-04-24,09:02:32,195,l1709,XDCE,8650,8635,8750,37140,1612535300,411062,399360,9260,8380,8820,8745,0,8750,0,0,0,2017-04-24,32552195,8650,124,0,0,0,0,0,0,0,0,8655,113,0,0,0,0,0,0,0,0
304,2017-04-24,09:02:32,702,l1709,XDCE,8650,8635,8750,37268,1618071350,411178,399360,9260,8380,8820,8745,0,8750,0,0,0,2017-04-24,32552702,8650,115,0,0,0,0,0,0,0,0,8655,112,0,0,0,0,0,0,0,0
305,2017-04-24,09:02:33,185,l1709,XDCE,8650,8635,8750,37440,1625510550,411318,399360,9260,8380,8820,8745,0,8750,0,0,0,2017-04-24,32553185,8650,33,0,0,0,0,0,0,0,0,8655,120,0,0,0,0,0,0,0,0
306,2017-04-24,09:02:33,701,l1709,XDCE,8650,8635,8750,37514,1628711050,411384,399360,9260,8380,8820,8745,0,8750,0,0,0,2017-04-24,32553701,8650,22,0,0,0,0,0,0,0,0,8655,126,0,0,0,0,0,0,0,0
307,2017-04-24,09:02:34,162,l1709,XDCE,8650,8635,8750,37706,1637015050,411480,399360,9260,8380,8820,8745,0,8750,0,0,0,2017-04-24,32554162,8645,346,0,0,0,0,0,0,0,0,8650,25,0,0,0,0,0,0,0,0
308,2017-04-24,09:02:34,697,l1709,XDCE,8645,8635,8750,37708,1637101500,411480,399360,9260,8380,8820,8745,0,8750,0,0,0,2017-04-24,32554697,8645,350,0,0,0,0,0,0,0,0,8650,39,0,0,0,0,0,0,0,0
309,2017-04-24,09:02:35,153,l1709,XDCE,8650,8635,8750,37724,1637793500,411494,399360,9260,8380,8820,8745,0,8750,0,0,0,2017-04-24,32555153,8645,352,0,0,0,0,0,0,0,0,8650,50,0,0,0,0,0,0,0,0
310,2017-04-24,09:02:35,690,l1709,XDCE,8650,8635,8750,37738,1638398950,411508,399360,9260,8380,8820,8745,0,8750,0,0,0,2017-04-24,32555690,8645,350,0,0,0,0,0,0,0,0,8650,65,0,0,0,0,0,0,0,0
311,2017-04-24,09:02:36,174,l1709,XDCE,8650,8635,8750,37880,1644540350,411612,399360,9260,8380,8820,8745,0,8750,0,0,0,2017-04-24,32556174,8650,26,0,0,0,0,0,0,0,0,8655,182,0,0,0,0,0,0,0,0
312,2017-04-24,09:02:36,692,l1709,XDCE,8650,8635,8750,37904,1645578350,411604,399360,9260,8380,8820,8745,0,8750,0,0,0,2017-04-24,32556692,8650,29,0,0,0,0,0,0,0,0,8655,179,0,0,0,0,0,0,0,0
313,2017-04-24,09:02:37,193,l1709,XDCE,8650,8635,8750,38008,1650076400,411604,399360,9260,8380,8820,8745,0,8750,0,0,0,2017-04-24,32557193,8650,19,0,0,0,0,0,0,0,0,8655,178,0,0,0,0,0,0,0,0
314,2017-04-24,09:02:37,700,l1709,XDCE,8655,8635,8750,38034,1651201450,411610,399360,9260,8380,8820,8745,0,8750,0,0,0,2017-04-24,32557700,8650,65,0,0,0,0,0,0,0,0,8655,180,0,0,0,0,0,0,0,0
315,2017-04-24,09:02:38,201,l1709,XDCE,8655,8635,8750,38034,1651201450,411610,399360,9260,8380,8820,8745,0,8750,0,0,0,2017-04-24,32558201,8650,51,0,0,0,0,0,0,0,0,8655,173,0,0,0,0,0,0,0,0
316,2017-04-24,09:02:38,701,l1709,XDCE,8655,8635,8750,38198,1658297150,411676,399360,9260,8380,8820,8745,0,8750,0,0,0,2017-04-24,32558701,8650,30,0,0,0,0,0,0,0,0,8655,129,0,0,0,0,0,0,0,0
317,2017-04-24,09:02:39,192,l1709,XDCE,8655,8635,8750,38218,1659162400,411684,399360,9260,8380,8820,8745,0,8750,0,0,0,2017-04-24,32559192,8650,38,0,0,0,0,0,0,0,0,8655,124,0,0,0,0,0,0,0,0
318,2017-04-24,09:02:39,651,l1709,XDCE,8650,8635,8750,38222,1659335400,411682,399360,9260,8380,8820,8745,0,8750,0,0,0,2017-04-24,32559651,8650,47,0,0,0,0,0,0,0,0,8655,124,0,0,0,0,0,0,0,0
319,2017-04-24,09:02:40,187,l1709,XDCE,8655,8635,8750,38240,1660113950,411676,399360,9260,8380,8820,8745,0,8750,0,0,0,2017-04-24,32560187,8650,53,0,0,0,0,0,0,0,0,8655,124,0,0,0,0,0,0,0,0
320,2017-04-24,09:02:40,672,l1709,XDCE,8650,8635,8750,38256,1660806300,411680,399360,9260,8380,8820,8745,0,8750,0,0,0,2017-04-24,32560672,8650,60,0,0,0,0,0,0,0,0,8655,122,0,0,0,0,0,0,0,0
321,2017-04-24,09:02:41,186,l1709,XDCE,8655,8635,8750,38262,1661065950,411686,399360,9260,8380,8820,8745,0,8750,0,0,0,2017-04-24,32561186,8650,62,0,0,0,0,0,0,0,0,8655,119,0,0,0,0,0,0,0,0
322,2017-04-24,09:02:41,683,l1709,XDCE,8650,8635,8750,38268,1661325450,411680,399360,9260,8380,8820,8745,0,8750,0,0,0,2017-04-24,32561683,8650,72,0,0,0,0,0,0,0,0,8655,119,0,0,0,0,0,0,0,0
323,2017-04-24,09:02:42,195,l1709,XDCE,8655,8635,8750,38324,1663747550,411674,399360,9260,8380,8820,8745,0,8750,0,0,0,2017-04-24,32562195,8650,59,0,0,0,0,0,0,0,0,8655,119,0,0,0,0,0,0,0,0
324,2017-04-24,09:02:42,689,l1709,XDCE,8655,8635,8750,38356,1665132100,411674,399360,9260,8380,8820,8745,0,8750,0,0,0,2017-04-24,32562689,8650,62,0,0,0,0,0,0,0,0,8655,148,0,0,0,0,0,0,0,0
325,2017-04-24,09:02:43,188,l1709,XDCE,8655,8635,8750,38382,1666257150,411680,399360,9260,8380,8820,8745,0,8750,0,0,0,2017-04-24,32563188,8650,62,0,0,0,0,0,0,0,0,8655,168,0,0,0,0,0,0,0,0
326,2017-04-24,09:02:43,675,l1709,XDCE,8650,8635,8750,38478,1670409150,411652,399360,9260,8380,8820,8745,0,8750,0,0,0,2017-04-24,32563675,8650,18,0,0,0,0,0,0,0,0,8655,171,0,0,0,0,0,0,0,0
327,2017-04-24,09:02:44,179,l1709,XDCE,8655,8635,8750,38570,1674388150,411670,399360,9260,8380,8820,8745,0,8750,0,0,0,2017-04-24,32564179,8650,56,0,0,0,0,0,0,0,0,8655,190,0,0,0,0,0,0,0,0
328,2017-04-24,09:02:44,666,l1709,XDCE,8650,8635,8750,38594,1675426650,411690,399360,9260,8380,8820,8745,0,8750,0,0,0,2017-04-24,32564666,8650,57,0,0,0,0,0,0,0,0,8655,150,0,0,0,0,0,0,0,0
329,2017-04-24,09:02:45,179,l1709,XDCE,8650,8635,8750,38648,1677762250,411718,399360,9260,8380,8820,8745,0,8750,0,0,0,2017-04-24,32565179,8650,52,0,0,0,0,0,0,0,0,8655,152,0,0,0,0,0,0,0,0
330,2017-04-24,09:02:45,700,l1709,XDCE,8650,8635,8750,38666,1678541000,411728,399360,9260,8380,8820,8745,0,8750,0,0,0,2017-04-24,32565700,8650,65,0,0,0,0,0,0,0,0,8655,148,0,0,0,0,0,0,0,0
331,2017-04-24,09:02:46,183,l1709,XDCE,8650,8635,8750,38682,1679233000,411728,399360,9260,8380,8820,8745,0,8750,0,0,0,2017-04-24,32566183,8650,62,0,0,0,0,0,0,0,0,8655,159,0,0,0,0,0,0,0,0
332,2017-04-24,09:02:46,686,l1709,XDCE,8655,8635,8750,38726,1681136200,411762,399360,9260,8380,8820,8745,0,8750,0,0,0,2017-04-24,32566686,8650,48,0,0,0,0,0,0,0,0,8655,168,0,0,0,0,0,0,0,0
333,2017-04-24,09:02:47,203,l1709,XDCE,8650,8635,8750,38768,1682952700,411762,399360,9260,8380,8820,8745,0,8750,0,0,0,2017-04-24,32567203,8650,29,0,0,0,0,0,0,0,0,8655,170,0,0,0,0,0,0,0,0
334,2017-04-24,09:02:47,695,l1709,XDCE,8650,8635,8750,38860,1686931750,411764,399360,9260,8380,8820,8745,0,8750,0,0,0,2017-04-24,32567695,8645,348,0,0,0,0,0,0,0,0,8650,19,0,0,0,0,0,0,0,0
335,2017-04-24,09:02:48,174,l1709,XDCE,8650,8635,8750,38862,1687018250,411764,399360,9260,8380,8820,8745,0,8750,0,0,0,2017-04-24,32568174,8645,358,0,0,0,0,0,0,0,0,8650,19,0,0,0,0,0,0,0,0
336,2017-04-24,09:02:48,694,l1709,XDCE,8650,8635,8750,38868,1687277700,411764,399360,9260,8380,8820,8745,0,8750,0,0,0,2017-04-24,32568694,8645,357,0,0,0,0,0,0,0,0,8650,29,0,0,0,0,0,0,0,0
337,2017-04-24,09:02:49,200,l1709,XDCE,8645,8635,8750,38872,1687450600,411764,399360,9260,8380,8820,8745,0,8750,0,0,0,2017-04-24,32569200,8645,354,0,0,0,0,0,0,0,0,8650,59,0,0,0,0,0,0,0,0
338,2017-04-24,09:02:49,691,l1709,XDCE,8645,8635,8750,38890,1688228900,411762,399360,9260,8380,8820,8745,0,8750,0,0,0,2017-04-24,32569691,8645,344,0,0,0,0,0,0,0,0,8650,52,0,0,0,0,0,0,0,0
339,2017-04-24,09:02:50,161,l1709,XDCE,8650,8635,8750,38938,1690304700,411774,399360,9260,8380,8820,8745,0,8750,0,0,0,2017-04-24,32570161,8645,340,0,0,0,0,0,0,0,0,8650,32,0,0,0,0,0,0,0,0
340,2017-04-24,09:02:50,692,l1709,XDCE,8650,8635,8750,38972,1691775150,411784,399360,9260,8380,8820,8745,0,8750,0,0,0,2017-04-24,32570692,8645,339,0,0,0,0,0,0,0,0,8650,16,0,0,0,0,0,0,0,0
341,2017-04-24,09:02:51,190,l1709,XDCE,8645,8635,8750,39004,1693158900,411790,399360,9260,8380,8820,8745,0,8750,0,0,0,2017-04-24,32571190,8645,313,0,0,0,0,0,0,0,0,8650,5,0,0,0,0,0,0,0,0
342,2017-04-24,09:02:51,664,l1709,XDCE,8650,8635,8750,39016,1693677900,411796,399360,9260,8380,8820,8745,0,8750,0,0,0,2017-04-24,32571664,8645,310,0,0,0,0,0,0,0,0,8650,27,0,0,0,0,0,0,0,0
343,2017-04-24,09:02:52,103,l1709,XDCE,8650,8635,8750,39058,1695494400,411810,399360,9260,8380,8820,8745,0,8750,0,0,0,2017-04-24,32572103,8645,313,0,0,0,0,0,0,0,0,8650,24,0,0,0,0,0,0,0,0
344,2017-04-24,09:02:52,693,l1709,XDCE,8650,8635,8750,39120,1698175850,411822,399360,9260,8380,8820,8745,0,8750,0,0,0,2017-04-24,32572693,8645,313,0,0,0,0,0,0,0,0,8650,3,0,0,0,0,0,0,0,0
345,2017-04-24,09:02:53,192,l1709,XDCE,8655,8635,8750,39164,1700079700,411830,399360,9260,8380,8820,8745,0,8750,0,0,0,2017-04-24,32573192,8645,305,0,0,0,0,0,0,0,0,8655,204,0,0,0,0,0,0,0,0
346,2017-04-24,09:02:53,657,l1709,XDCE,8655,8635,8750,39176,1700598800,411836,399360,9260,8380,8820,8745,0,8750,0,0,0,2017-04-24,32573657,8650,8,0,0,0,0,0,0,0,0,8655,208,0,0,0,0,0,0,0,0
347,2017-04-24,09:02:54,197,l1709,XDCE,8650,8635,8750,39228,1702848300,411830,399360,9260,8380,8820,8745,0,8750,0,0,0,2017-04-24,32574197,8650,28,0,0,0,0,0,0,0,0,8655,198,0,0,0,0,0,0,0,0
348,2017-04-24,09:02:54,691,l1709,XDCE,8650,8635,8750,39230,1702934800,411830,399360,9260,8380,8820,8745,0,8750,0,0,0,2017-04-24,32574691,8650,57,0,0,0,0,0,0,0,0,8655,188,0,0,0,0,0,0,0,0
349,2017-04-24,09:02:55,191,l1709,XDCE,8650,8635,8750,39236,1703194300,411828,399360,9260,8380,8820,8745,0,8750,0,0,0,2017-04-24,32575191,8650,65,0,0,0,0,0,0,0,0,8655,188,0,0,0,0,0,0,0,0
350,2017-04-24,09:02:55,683,l1709,XDCE,8650,8635,8750,39374,1709162800,411882,399360,9260,8380,8820,8745,0,8750,0,0,0,2017-04-24,32575683,8645,309,0,0,0,0,0,0,0,0,8650,20,0,0,0,0,0,0,0,0
351,2017-04-24,09:02:56,181,l1709,XDCE,8650,8635,8750,39440,1712017250,411922,399360,9260,8380,8820,8745,0,8750,0,0,0,2017-04-24,32576181,8645,316,0,0,0,0,0,0,0,0,8650,22,0,0,0,0,0,0,0,0
352,2017-04-24,09:02:56,703,l1709,XDCE,8650,8635,8750,39490,1714179250,411922,399360,9260,8380,8820,8745,0,8750,0,0,0,2017-04-24,32576703,8645,306,0,0,0,0,0,0,0,0,8650,31,0,0,0,0,0,0,0,0
353,2017-04-24,09:02:57,180,l1709,XDCE,8650,8635,8750,39566,1717466000,411970,399360,9260,8380,8820,8745,0,8750,0,0,0,2017-04-24,32577180,8645,300,0,0,0,0,0,0,0,0,8650,25,0,0,0,0,0,0,0,0
354,2017-04-24,09:02:57,647,l1709,XDCE,8650,8635,8750,39590,1718503950,411968,399360,9260,8380,8820,8745,0,8750,0,0,0,2017-04-24,32577647,8645,302,0,0,0,0,0,0,0,0,8650,33,0,0,0,0,0,0,0,0
355,2017-04-24,09:02:58,171,l1709,XDCE,8645,8635,8750,39638,1720579450,411952,399360,9260,8380,8820,8745,0,8750,0,0,0,2017-04-24,32578171,8645,290,0,0,0,0,0,0,0,0,8650,33,0,0,0,0,0,0,0,0
356,2017-04-24,09:02:58,700,l1709,XDCE,8650,8635,8750,39734,1724731450,411934,399360,9260,8380,8820,8745,0,8750,0,0,0,2017-04-24,32578700,8650,182,0,0,0,0,0,0,0,0,8655,183,0,0,0,0,0,0,0,0
357,2017-04-24,09:02:59,164,l1709,XDCE,8655,8635,8750,39762,1725943150,411922,399360,9260,8380,8820,8745,0,8750,0,0,0,2017-04-24,32579164,8650,193,0,0,0,0,0,0,0,0,8655,149,0,0,0,0,0,0,0,0
358,2017-04-24,09:02:59,670,l1709,XDCE,8655,8635,8750,40066,1739097550,411858,399360,9260,8380,8820,8745,0,8750,0,0,0,2017-04-24,32579670,8650,199,0,0,0,0,0,0,0,0,8655,23,0,0,0,0,0,0,0,0
359,2017-04-24,09:03:00,177,l1709,XDCE,8655,8635,8750,40114,1741174750,411864,399360,9260,8380,8820,8745,0,8750,0,0,0,2017-04-24,32580177,8655,29,0,0,0,0,0,0,0,0,8660,167,0,0,0,0,0,0,0,0
360,2017-04-24,09:03:00,689,l1709,XDCE,8650,8635,8750,40206,1745155500,411818,399360,9260,8380,8820,8745,0,8750,0,0,0,2017-04-24,32580689,8655,14,0,0,0,0,0,0,0,0,8660,163,0,0,0,0,0,0,0,0
361,2017-04-24,09:03:01,196,l1709,XDCE,8650,8635,8750,40294,1748963200,411832,399360,9260,8380,8820,8745,0,8750,0,0,0,2017-04-24,32581196,8650,115,0,0,0,0,0,0,0,0,8655,9,0,0,0,0,0,0,0,0
362,2017-04-24,09:03:01,682,l1709,XDCE,8650,8635,8750,40298,1749136250,411830,399360,9260,8380,8820,8745,0,8750,0,0,0,2017-04-24,32581682,8650,131,0,0,0,0,0,0,0,0,8655,100,0,0,0,0,0,0,0,0
363,2017-04-24,09:03:02,164,l1709,XDCE,8655,8635,8750,40306,1749482400,411828,399360,9260,8380,8820,8745,0,8750,0,0,0,2017-04-24,32582164,8650,137,0,0,0,0,0,0,0,0,8655,119,0,0,0,0,0,0,0,0
364,2017-04-24,09:03:02,632,l1709,XDCE,8650,8635,8750,40320,1750087900,411818,399360,9260,8380,8820,8745,0,8750,0,0,0,2017-04-24,32582632,8650,137,0,0,0,0,0,0,0,0,8655,180,0,0,0,0,0,0,0,0
365,2017-04-24,09:03:03,177,l1709,XDCE,8655,8635,8750,40332,1750607200,411814,399360,9260,8380,8820,8745,0,8750,0,0,0,2017-04-24,32583177,8650,147,0,0,0,0,0,0,0,0,8655,200,0,0,0,0,0,0,0,0
366,2017-04-24,09:03:03,699,l1709,XDCE,8650,8635,8750,40350,1751385700,411806,399360,9260,8380,8820,8745,0,8750,0,0,0,2017-04-24,32583699,8650,138,0,0,0,0,0,0,0,0,8655,183,0,0,0,0,0,0,0,0
367,2017-04-24,09:03:04,150,l1709,XDCE,8650,8635,8750,40434,1755018700,411826,399360,9260,8380,8820,8745,0,8750,0,0,0,2017-04-24,32584150,8650,98,0,0,0,0,0,0,0,0,8655,171,0,0,0,0,0,0,0,0
368,2017-04-24,09:03:04,615,l1709,XDCE,8650,8635,8750,40436,1755105200,411828,399360,9260,8380,8820,8745,0,8750,0,0,0,2017-04-24,32584615,8650,98,0,0,0,0,0,0,0,0,8655,169,0,0,0,0,0,0,0,0
369,2017-04-24,09:03:05,190,l1709,XDCE,8650,8635,8750,40446,1755537850,411838,399360,9260,8380,8820,8745,0,8750,0,0,0,2017-04-24,32585190,8650,101,0,0,0,0,0,0,0,0,8655,166,0,0,0,0,0,0,0,0
370,2017-04-24,09:03:05,671,l1709,XDCE,8650,8635,8750,40452,1755797400,411838,399360,9260,8380,8820,8745,0,8750,0,0,0,2017-04-24,32585671,8650,104,0,0,0,0,0,0,0,0,8655,175,0,0,0,0,0,0,0,0
371,2017-04-24,09:03:06,184,l1709,XDCE,8650,8635,8750,40452,1755797400,411838,399360,9260,8380,8820,8745,0,8750,0,0,0,2017-04-24,32586184,8650,112,0,0,0,0,0,0,0,0,8655,173,0,0,0,0,0,0,0,0
372,2017-04-24,09:03:06,673,l1709,XDCE,8650,8635,8750,40460,1756143500,411846,399360,9260,8380,8820,8745,0,8750,0,0,0,2017-04-24,32586673,8650,118,0,0,0,0,0,0,0,0,8655,216,0,0,0,0,0,0,0,0
373,2017-04-24,09:03:07,158,l1709,XDCE,8650,8635,8750,40460,1756143500,411846,399360,9260,8380,8820,8745,0,8750,0,0,0,2017-04-24,32587158,8650,128,0,0,0,0,0,0,0,0,8655,215,0,0,0,0,0,0,0,0
374,2017-04-24,09:03:07,678,l1709,XDCE,8655,8635,8750,40468,1756489550,411846,399360,9260,8380,8820,8745,0,8750,0,0,0,2017-04-24,32587678,8650,126,0,0,0,0,0,0,0,0,8655,219,0,0,0,0,0,0,0,0
375,2017-04-24,09:03:08,176,l1709,XDCE,8650,8635,8750,40498,1757787550,411876,399360,9260,8380,8820,8745,0,8750,0,0,0,2017-04-24,32588176,8650,122,0,0,0,0,0,0,0,0,8655,235,0,0,0,0,0,0,0,0
376,2017-04-24,09:03:08,703,l1709,XDCE,8650,8635,8750,40506,1758133600,411884,399360,9260,8380,8820,8745,0,8750,0,0,0,2017-04-24,32588703,8650,122,0,0,0,0,0,0,0,0,8655,238,0,0,0,0,0,0,0,0
377,2017-04-24,09:03:09,183,l1709,XDCE,8650,8635,8750,40586,1761595500,411868,399360,9260,8380,8820,8745,0,8750,0,0,0,2017-04-24,32589183,8650,123,0,0,0,0,0,0,0,0,8655,220,0,0,0,0,0,0,0,0
378,2017-04-24,09:03:09,665,l1709,XDCE,8650,8635,8750,40594,1761941550,411876,399360,9260,8380,8820,8745,0,8750,0,0,0,2017-04-24,32589665,8650,121,0,0,0,0,0,0,0,0,8655,221,0,0,0,0,0,0,0,0
379,2017-04-24,09:03:10,194,l1709,XDCE,8650,8635,8750,40596,1762028050,411878,399360,9260,8380,8820,8745,0,8750,0,0,0,2017-04-24,32590194,8650,122,0,0,0,0,0,0,0,0,8655,223,0,0,0,0,0,0,0,0
380,2017-04-24,09:03:10,601,l1709,XDCE,8650,8635,8750,40596,1762028050,411878,399360,9260,8380,8820,8745,0,8750,0,0,0,2017-04-24,32590601,8650,126,0,0,0,0,0,0,0,0,8655,195,0,0,0,0,0,0,0,0
381,2017-04-24,09:03:11,181,l1709,XDCE,8650,8635,8750,40852,1773100150,412096,399360,9260,8380,8820,8745,0,8750,0,0,0,2017-04-24,32591181,8645,320,0,0,0,0,0,0,0,0,8650,63,0,0,0,0,0,0,0,0
382,2017-04-24,09:03:11,689,l1709,XDCE,8650,8635,8750,40874,1774051200,412114,399360,9260,8380,8820,8745,0,8750,0,0,0,2017-04-24,32591689,8645,290,0,0,0,0,0,0,0,0,8650,170,0,0,0,0,0,0,0,0
383,2017-04-24,09:03:12,190,l1709,XDCE,8645,8635,8750,40948,1777250100,412158,399360,9260,8380,8820,8745,0,8750,0,0,0,2017-04-24,32592190,8645,259,0,0,0,0,0,0,0,0,8650,193,0,0,0,0,0,0,0,0
384,2017-04-24,09:03:12,673,l1709,XDCE,8645,8635,8750,41508,1801456650,412252,399360,9260,8380,8820,8745,0,8750,0,0,0,2017-04-24,32592673,8640,288,0,0,0,0,0,0,0,0,8645,2,0,0,0,0,0,0,0,0
385,2017-04-24,09:03:13,196,l1709,XDCE,8640,8635,8750,41552,1803357600,412294,399360,9260,8380,8820,8745,0,8750,0,0,0,2017-04-24,32593196,8640,285,0,0,0,0,0,0,0,0,8645,104,0,0,0,0,0,0,0,0
386,2017-04-24,09:03:13,664,l1709,XDCE,8640,8635,8750,41660,1808025700,412386,399360,9260,8380,8820,8745,0,8750,0,0,0,2017-04-24,32593664,8640,242,0,0,0,0,0,0,0,0,8645,87,0,0,0,0,0,0,0,0
387,2017-04-24,09:03:14,179,l1709,XDCE,8640,8635,8750,41686,1809149000,412390,399360,9260,8380,8820,8745,0,8750,0,0,0,2017-04-24,32594179,8640,209,0,0,0,0,0,0,0,0,8645,90,0,0,0,0,0,0,0,0
388,2017-04-24,09:03:14,693,l1709,XDCE,8640,8635,8750,41698,1809667500,412392,399360,9260,8380,8820,8745,0,8750,0,0,0,2017-04-24,32594693,8640,205,0,0,0,0,0,0,0,0,8645,76,0,0,0,0,0,0,0,0
389,2017-04-24,09:03:15,198,l1709,XDCE,8645,8635,8750,41708,1810099600,412392,399360,9260,8380,8820,8745,0,8750,0,0,0,2017-04-24,32595198,8640,204,0,0,0,0,0,0,0,0,8645,78,0,0,0,0,0,0,0,0
390,2017-04-24,09:03:15,677,l1709,XDCE,8640,8635,8750,41716,1810445250,412396,399360,9260,8380,8820,8745,0,8750,0,0,0,2017-04-24,32595677,8640,217,0,0,0,0,0,0,0,0,8645,78,0,0,0,0,0,0,0,0
391,2017-04-24,09:03:16,194,l1709,XDCE,8650,8635,8750,41928,1819609250,412392,399360,9260,8380,8820,8745,0,8750,0,0,0,2017-04-24,32596194,8645,143,0,0,0,0,0,0,0,0,8650,45,0,0,0,0,0,0,0,0
392,2017-04-24,09:03:16,682,l1709,XDCE,8645,8635,8750,42164,1829810350,412416,399360,9260,8380,8820,8745,0,8750,0,0,0,2017-04-24,32596682,8645,24,0,0,0,0,0,0,0,0,8650,82,0,0,0,0,0,0,0,0
393,2017-04-24,09:03:17,191,l1709,XDCE,8645,8635,8750,42176,1830329050,412412,399360,9260,8380,8820,8745,0,8750,0,0,0,2017-04-24,32597191,8645,50,0,0,0,0,0,0,0,0,8650,79,0,0,0,0,0,0,0,0
394,2017-04-24,09:03:17,703,l1709,XDCE,8645,8635,8750,42228,1832576750,412418,399360,9260,8380,8820,8745,0,8750,0,0,0,2017-04-24,32597703,8645,24,0,0,0,0,0,0,0,0,8650,79,0,0,0,0,0,0,0,0
395,2017-04-24,09:03:18,183,l1709,XDCE,8645,8635,8750,42270,1834392450,412440,399360,9260,8380,8820,8745,0,8750,0,0,0,2017-04-24,32598183,8645,20,0,0,0,0,0,0,0,0,8650,74,0,0,0,0,0,0,0,0
396,2017-04-24,09:03:18,698,l1709,XDCE,8650,8635,8750,42294,1835430400,412438,399360,9260,8380,8820,8745,0,8750,0,0,0,2017-04-24,32598698,8645,21,0,0,0,0,0,0,0,0,8650,86,0,0,0,0,0,0,0,0
397,2017-04-24,09:03:19,199,l1709,XDCE,8645,8635,8750,42296,1835516850,412440,399360,9260,8380,8820,8745,0,8750,0,0,0,2017-04-24,32599199,8645,20,0,0,0,0,0,0,0,0,8650,86,0,0,0,0,0,0,0,0
398,2017-04-24,09:03:19,693,l1709,XDCE,8645,8635,8750,42298,1835603300,412442,399360,9260,8380,8820,8745,0,8750,0,0,0,2017-04-24,32599693,8645,26,0,0,0,0,0,0,0,0,8650,89,0,0,0,0,0,0,0,0
399,2017-04-24,09:03:20,168,l1709,XDCE,8650,8635,8750,42300,1835689800,412440,399360,9260,8380,8820,8745,0,8750,0,0,0,2017-04-24,32600168,8645,29,0,0,0,0,0,0,0,0,8650,105,0,0,0,0,0,0,0,0
400,2017-04-24,09:03:20,581,l1709,XDCE,8645,8635,8750,42312,1836208500,412438,399360,9260,8380,8820,8745,0,8750,0,0,0,2017-04-24,32600581,8645,25,0,0,0,0,0,0,0,0,8650,109,0,0,0,0,0,0,0,0
401,2017-04-24,09:03:21,190,l1709,XDCE,8645,8635,8750,42324,1836727200,412436,399360,9260,8380,8820,8745,0,8750,0,0,0,2017-04-24,32601190,8645,20,0,0,0,0,0,0,0,0,8650,109,0,0,0,0,0,0,0,0
402,2017-04-24,09:03:21,679,l1709,XDCE,8645,8635,8750,42358,1838197400,412442,399360,9260,8380,8820,8745,0,8750,0,0,0,2017-04-24,32601679,8645,77,0,0,0,0,0,0,0,0,8650,74,0,0,0,0,0,0,0,0
403,2017-04-24,09:03:22,201,l1709,XDCE,8645,8635,8750,42360,1838283850,412444,399360,9260,8380,8820,8745,0,8750,0,0,0,2017-04-24,32602201,8645,84,0,0,0,0,0,0,0,0,8650,73,0,0,0,0,0,0,0,0
404,2017-04-24,09:03:22,663,l1709,XDCE,8645,8635,8750,42362,1838370300,412444,399360,9260,8380,8820,8745,0,8750,0,0,0,2017-04-24,32602663,8645,111,0,0,0,0,0,0,0,0,8650,73,0,0,0,0,0,0,0,0
405,2017-04-24,09:03:23,194,l1709,XDCE,8645,8635,8750,42374,1838889000,412438,399360,9260,8380,8820,8745,0,8750,0,0,0,2017-04-24,32603194,8645,131,0,0,0,0,0,0,0,0,8650,58,0,0,0,0,0,0,0,0
406,2017-04-24,09:03:23,687,l1709,XDCE,8645,8635,8750,42486,1843730200,412550,399360,9260,8380,8820,8745,0,8750,0,0,0,2017-04-24,32603687,8645,80,0,0,0,0,0,0,0,0,8650,59,0,0,0,0,0,0,0,0
407,2017-04-24,09:03:24,115,l1709,XDCE,8645,8635,8750,42496,1844162450,412560,399360,9260,8380,8820,8745,0,8750,0,0,0,2017-04-24,32604115,8645,85,0,0,0,0,0,0,0,0,8650,75,0,0,0,0,0,0,0,0
408,2017-04-24,09:03:24,679,l1709,XDCE,8650,8635,8750,42518,1845113950,412540,399360,9260,8380,8820,8745,0,8750,0,0,0,2017-04-24,32604679,8645,89,0,0,0,0,0,0,0,0,8650,49,0,0,0,0,0,0,0,0
409,2017-04-24,09:03:25,182,l1709,XDCE,8650,8635,8750,42522,1845286950,412540,399360,9260,8380,8820,8745,0,8750,0,0,0,2017-04-24,32605182,8645,101,0,0,0,0,0,0,0,0,8650,67,0,0,0,0,0,0,0,0
410,2017-04-24,09:03:25,677,l1709,XDCE,8650,8635,8750,42642,1850476800,412512,399360,9260,8380,8820,8745,0,8750,0,0,0,2017-04-24,32605677,8645,110,0,0,0,0,0,0,0,0,8655,130,0,0,0,0,0,0,0,0
411,2017-04-24,09:03:26,175,l1709,XDCE,8655,8635,8750,42706,1853244850,412536,399360,9260,8380,8820,8745,0,8750,0,0,0,2017-04-24,32606175,8650,32,0,0,0,0,0,0,0,0,8655,124,0,0,0,0,0,0,0,0
412,2017-04-24,09:03:26,700,l1709,XDCE,8655,8635,8750,42726,1854110350,412520,399360,9260,8380,8820,8745,0,8750,0,0,0,2017-04-24,32606700,8650,150,0,0,0,0,0,0,0,0,8655,105,0,0,0,0,0,0,0,0
413,2017-04-24,09:03:27,196,l1709,XDCE,8650,8635,8750,42730,1854283400,412522,399360,9260,8380,8820,8745,0,8750,0,0,0,2017-04-24,32607196,8650,168,0,0,0,0,0,0,0,0,8655,114,0,0,0,0,0,0,0,0
414,2017-04-24,09:03:27,697,l1709,XDCE,8655,8635,8750,42946,1863630550,412536,399360,9260,8380,8820,8745,0,8750,0,0,0,2017-04-24,32607697,8650,173,0,0,0,0,0,0,0,0,8655,11,0,0,0,0,0,0,0,0
415,2017-04-24,09:03:28,189,l1709,XDCE,8655,8635,8750,43290,1878517150,412588,399360,9260,8380,8820,8745,0,8750,0,0,0,2017-04-24,32608189,8650,111,0,0,0,0,0,0,0,0,8655,8,0,0,0,0,0,0,0,0
416,2017-04-24,09:03:28,696,l1709,XDCE,8655,8635,8750,43290,1878517150,412588,399360,9260,8380,8820,8745,0,8750,0,0,0,2017-04-24,32608696,8650,119,0,0,0,0,0,0,0,0,8655,56,0,0,0,0,0,0,0,0
417,2017-04-24,09:03:29,198,l1709,XDCE,8650,8635,8750,43298,1878863200,412590,399360,9260,8380,8820,8745,0,8750,0,0,0,2017-04-24,32609198,8650,112,0,0,0,0,0,0,0,0,8655,62,0,0,0,0,0,0,0,0
418,2017-04-24,09:03:29,679,l1709,XDCE,8650,8635,8750,43302,1879036200,412586,399360,9260,8380,8820,8745,0,8750,0,0,0,2017-04-24,32609679,8650,111,0,0,0,0,0,0,0,0,8655,98,0,0,0,0,0,0,0,0
419,2017-04-24,09:03:30,195,l1709,XDCE,8655,8635,8750,43342,1880767150,412594,399360,9260,8380,8820,8745,0,8750,0,0,0,2017-04-24,32610195,8650,106,0,0,0,0,0,0,0,0,8655,92,0,0,0,0,0,0,0,0
420,2017-04-24,09:03:30,697,l1709,XDCE,8650,8635,8750,43560,1890195650,412566,399360,9260,8380,8820,8745,0,8750,0,0,0,2017-04-24,32610697,8645,108,0,0,0,0,0,0,0,0,8650,19,0,0,0,0,0,0,0,0
421,2017-04-24,09:03:31,200,l1709,XDCE,8650,8635,8750,43634,1893396200,412602,399360,9260,8380,8820,8745,0,8750,0,0,0,2017-04-24,32611200,8645,124,0,0,0,0,0,0,0,0,8650,35,0,0,0,0,0,0,0,0
422,2017-04-24,09:03:31,697,l1709,XDCE,8650,8635,8750,43672,1895039700,412606,399360,9260,8380,8820,8745,0,8750,0,0,0,2017-04-24,32611697,8645,122,0,0,0,0,0,0,0,0,8650,17,0,0,0,0,0,0,0,0
423,2017-04-24,09:03:32,201,l1709,XDCE,8650,8635,8750,43750,1898413800,412614,399360,9260,8380,8820,8745,0,8750,0,0,0,2017-04-24,32612201,8645,127,0,0,0,0,0,0,0,0,8650,73,0,0,0,0,0,0,0,0
424,2017-04-24,09:03:32,688,l1709,XDCE,8645,8635,8750,43988,1908701350,412528,399360,9260,8380,8820,8745,0,8750,0,0,0,2017-04-24,32612688,8640,270,0,0,0,0,0,0,0,0,8645,14,0,0,0,0,0,0,0,0
425,2017-04-24,09:03:33,196,l1709,XDCE,8650,8635,8750,44062,1911900350,412548,399360,9260,8380,8820,8745,0,8750,0,0,0,2017-04-24,32613196,8640,279,0,0,0,0,0,0,0,0,8650,83,0,0,0,0,0,0,0,0
426,2017-04-24,09:03:33,696,l1709,XDCE,8645,8635,8750,44092,1913197400,412540,399360,9260,8380,8820,8745,0,8750,0,0,0,2017-04-24,32613696,8645,5,0,0,0,0,0,0,0,0,8650,87,0,0,0,0,0,0,0,0
427,2017-04-24,09:03:34,178,l1709,XDCE,8650,8635,8750,44124,1914581400,412550,399360,9260,8380,8820,8745,0,8750,0,0,0,2017-04-24,32614178,8645,69,0,0,0,0,0,0,0,0,8650,66,0,0,0,0,0,0,0,0
428,2017-04-24,09:03:34,702,l1709,XDCE,8645,8635,8750,44140,1915273050,412558,399360,9260,8380,8820,8745,0,8750,0,0,0,2017-04-24,32614702,8645,66,0,0,0,0,0,0,0,0,8650,80,0,0,0,0,0,0,0,0
429,2017-04-24,09:03:35,147,l1709,XDCE,8645,8635,8750,44144,1915445950,412558,399360,9260,8380,8820,8745,0,8750,0,0,0,2017-04-24,32615147,8645,70,0,0,0,0,0,0,0,0,8650,80,0,0,0,0,0,0,0,0
430,2017-04-24,09:03:35,703,l1709,XDCE,8650,8635,8750,44148,1915618950,412562,399360,9260,8380,8820,8745,0,8750,0,0,0,2017-04-24,32615703,8645,64,0,0,0,0,0,0,0,0,8650,78,0,0,0,0,0,0,0,0
431,2017-04-24,09:03:36,166,l1709,XDCE,8645,8635,8750,44370,1925214900,412430,399360,9260,8380,8820,8745,0,8750,0,0,0,2017-04-24,32616166,8645,65,0,0,0,0,0,0,0,0,8650,74,0,0,0,0,0,0,0,0
432,2017-04-24,09:03:36,692,l1709,XDCE,8645,8635,8750,44384,1925820100,412420,399360,9260,8380,8820,8745,0,8750,0,0,0,2017-04-24,32616692,8645,63,0,0,0,0,0,0,0,0,8650,74,0,0,0,0,0,0,0,0
433,2017-04-24,09:03:37,174,l1709,XDCE,8645,8635,8750,44388,1925993000,412420,399360,9260,8380,8820,8745,0,8750,0,0,0,2017-04-24,32617174,8645,66,0,0,0,0,0,0,0,0,8650,77,0,0,0,0,0,0,0,0
434,2017-04-24,09:03:37,695,l1709,XDCE,8645,8635,8750,44478,1929883500,412464,399360,9260,8380,8820,8745,0,8750,0,0,0,2017-04-24,32617695,8645,72,0,0,0,0,0,0,0,0,8650,70,0,0,0,0,0,0,0,0
435,2017-04-24,09:03:38,170,l1709,XDCE,8645,8635,8750,44480,1929969950,412464,399360,9260,8380,8820,8745,0,8750,0,0,0,2017-04-24,32618170,8645,82,0,0,0,0,0,0,0,0,8650,72,0,0,0,0,0,0,0,0
436,2017-04-24,09:03:38,704,l1709,XDCE,8645,8635,8750,44698,1939393500,412380,399360,9260,8380,8820,8745,0,8750,0,0,0,2017-04-24,32618704,8640,313,0,0,0,0,0,0,0,0,8645,4,0,0,0,0,0,0,0,0
437,2017-04-24,09:03:39,174,l1709,XDCE,8645,8635,8750,44756,1941900550,412402,399360,9260,8380,8820,8745,0,8750,0,0,0,2017-04-24,32619174,8645,17,0,0,0,0,0,0,0,0,8650,93,0,0,0,0,0,0,0,0
438,2017-04-24,09:03:39,690,l1709,XDCE,8640,8635,8750,44810,1944234500,412388,399360,9260,8380,8820,8745,0,8750,0,0,0,2017-04-24,32619690,8645,1,0,0,0,0,0,0,0,0,8650,115,0,0,0,0,0,0,0,0
439,2017-04-24,09:03:40,197,l1709,XDCE,8645,8635,8750,44834,1945271850,412394,399360,9260,8380,8820,8745,0,8750,0,0,0,2017-04-24,32620197,8640,306,0,0,0,0,0,0,0,0,8645,51,0,0,0,0,0,0,0,0
440,2017-04-24,09:03:40,664,l1709,XDCE,8645,8635,8750,44838,1945444750,412390,399360,9260,8380,8820,8745,0,8750,0,0,0,2017-04-24,32620664,8640,306,0,0,0,0,0,0,0,0,8645,134,0,0,0,0,0,0,0,0
441,2017-04-24,09:03:41,170,l1709,XDCE,8645,8635,8750,44866,1946655050,412364,399360,9260,8380,8820,8745,0,8750,0,0,0,2017-04-24,32621170,8640,306,0,0,0,0,0,0,0,0,8645,140,0,0,0,0,0,0,0,0
442,2017-04-24,09:03:41,692,l1709,XDCE,8645,8635,8750,44882,1947346550,412368,399360,9260,8380,8820,8745,0,8750,0,0,0,2017-04-24,32621692,8640,304,0,0,0,0,0,0,0,0,8645,141,0,0,0,0,0,0,0,0
443,2017-04-24,09:03:42,163,l1709,XDCE,8645,8635,8750,44942,1949940050,412368,399360,9260,8380,8820,8745,0,8750,0,0,0,2017-04-24,32622163,8640,304,0,0,0,0,0,0,0,0,8645,124,0,0,0,0,0,0,0,0
444,2017-04-24,09:03:42,699,l1709,XDCE,8640,8635,8750,45304,1965578500,412384,399360,9260,8380,8820,8745,0,8750,0,0,0,2017-04-24,32622699,8640,119,0,0,0,0,0,0,0,0,8645,211,0,0,0,0,0,0,0,0
445,2017-04-24,09:03:43,166,l1709,XDCE,8640,8635,8750,45568,1976983300,412490,399360,9260,8380,8820,8745,0,8750,0,0,0,2017-04-24,32623166,8635,187,0,0,0,0,0,0,0,0,8640,101,0,0,0,0,0,0,0,0
446,2017-04-24,09:03:43,683,l1709,XDCE,8635,8635,8750,45690,1982251150,412478,399360,9260,8380,8820,8745,0,8750,0,0,0,2017-04-24,32623683,8635,104,0,0,0,0,0,0,0,0,8640,127,0,0,0,0,0,0,0,0
447,2017-04-24,09:03:44,171,l1709,XDCE,8635,8635,8750,45704,1982855700,412480,399360,9260,8380,8820,8745,0,8750,0,0,0,2017-04-24,32624171,8635,96,0,0,0,0,0,0,0,0,8640,136,0,0,0,0,0,0,0,0
448,2017-04-24,09:03:44,704,l1709,XDCE,8635,8635,8750,45764,1985446550,412488,399360,9260,8380,8820,8745,0,8750,0,0,0,2017-04-24,32624704,8635,85,0,0,0,0,0,0,0,0,8640,131,0,0,0,0,0,0,0,0
449,2017-04-24,09:03:45,195,l1709,XDCE,8635,8635,8750,46002,1995723500,412472,399360,9260,8380,8820,8745,0,8750,0,0,0,2017-04-24,32625195,8630,248,0,0,0,0,0,0,0,0,8640,115,0,0,0,0,0,0,0,0
450,2017-04-24,09:03:45,696,l1709,XDCE,8635,8630,8750,46052,1997882200,412498,399360,9260,8380,8820,8745,0,8750,0,0,0,2017-04-24,32625696,8635,14,0,0,0,0,0,0,0,0,8640,110,0,0,0,0,0,0,0,0
451,2017-04-24,09:03:46,170,l1709,XDCE,8635,8630,8750,46066,1998486650,412504,399360,9260,8380,8820,8745,0,8750,0,0,0,2017-04-24,32626170,8635,6,0,0,0,0,0,0,0,0,8640,114,0,0,0,0,0,0,0,0
452,2017-04-24,09:03:46,671,l1709,XDCE,8640,8630,8750,46088,1999436500,412520,399360,9260,8380,8820,8745,0,8750,0,0,0,2017-04-24,32626671,8635,1,0,0,0,0,0,0,0,0,8640,114,0,0,0,0,0,0,0,0
453,2017-04-24,09:03:47,164,l1709,XDCE,8635,8630,8750,46320,2009453400,412438,399360,9260,8380,8820,8745,0,8750,0,0,0,2017-04-24,32627164,8635,31,0,0,0,0,0,0,0,0,8640,107,0,0,0,0,0,0,0,0
454,2017-04-24,09:03:47,699,l1709,XDCE,8645,8630,8750,46966,2037370300,412100,399360,9260,8380,8820,8745,0,8750,0,0,0,2017-04-24,32627699,8640,10,0,0,0,0,0,0,0,0,8645,28,0,0,0,0,0,0,0,0
455,2017-04-24,09:03:48,197,l1709,XDCE,8645,8630,8750,47130,2044459200,411998,399360,9260,8380,8820,8745,0,8750,0,0,0,2017-04-24,32628197,8640,76,0,0,0,0,0,0,0,0,8645,15,0,0,0,0,0,0,0,0
456,2017-04-24,09:03:48,700,l1709,XDCE,8645,8630,8750,47206,2047744300,412032,399360,9260,8380,8820,8745,0,8750,0,0,0,2017-04-24,32628700,8645,19,0,0,0,0,0,0,0,0,8650,148,0,0,0,0,0,0,0,0
457,2017-04-24,09:03:49,164,l1709,XDCE,8645,8630,8750,47284,2051115450,411998,399360,9260,8380,8820,8745,0,8750,0,0,0,2017-04-24,32629164,8640,106,0,0,0,0,0,0,0,0,8645,29,0,0,0,0,0,0,0,0
458,2017-04-24,09:03:49,695,l1709,XDCE,8640,8630,8750,47384,2055435450,411936,399360,9260,8380,8820,8745,0,8750,0,0,0,2017-04-24,32629695,8640,66,0,0,0,0,0,0,0,0,8645,30,0,0,0,0,0,0,0,0
459,2017-04-24,09:03:50,183,l1709,XDCE,8640,8630,8750,47504,2060620000,411942,399360,9260,8380,8820,8745,0,8750,0,0,0,2017-04-24,32630183,8640,37,0,0,0,0,0,0,0,0,8645,69,0,0,0,0,0,0,0,0
460,2017-04-24,09:03:50,698,l1709,XDCE,8645,8630,8750,47518,2061224900,411956,399360,9260,8380,8820,8745,0,8750,0,0,0,2017-04-24,32630698,8640,32,0,0,0,0,0,0,0,0,8645,74,0,0,0,0,0,0,0,0
461,2017-04-24,09:03:51,183,l1709,XDCE,8645,8630,8750,47524,2061484150,411962,399360,9260,8380,8820,8745,0,8750,0,0,0,2017-04-24,32631183,8640,100,0,0,0,0,0,0,0,0,8645,75,0,0,0,0,0,0,0,0
462,2017-04-24,09:03:51,665,l1709,XDCE,8640,8630,8750,47528,2061657000,411964,399360,9260,8380,8820,8745,0,8750,0,0,0,2017-04-24,32631665,8640,94,0,0,0,0,0,0,0,0,8645,76,0,0,0,0,0,0,0,0
463,2017-04-24,09:03:52,171,l1709,XDCE,8640,8630,8750,47546,2062434750,411978,399360,9260,8380,8820,8745,0,8750,0,0,0,2017-04-24,32632171,8640,88,0,0,0,0,0,0,0,0,8645,76,0,0,0,0,0,0,0,0
464,2017-04-24,09:03:52,696,l1709,XDCE,8640,8630,8750,47644,2066668400,412034,399360,9260,8380,8820,8745,0,8750,0,0,0,2017-04-24,32632696,8640,61,0,0,0,0,0,0,0,0,8645,76,0,0,0,0,0,0,0,0
465,2017-04-24,09:03:53,163,l1709,XDCE,8640,8630,8750,47644,2066668400,412034,399360,9260,8380,8820,8745,0,8750,0,0,0,2017-04-24,32633163,8640,80,0,0,0,0,0,0,0,0,8645,76,0,0,0,0,0,0,0,0
466,2017-04-24,09:03:53,689,l1709,XDCE,8640,8630,8750,47762,2071766100,411992,399360,9260,8380,8820,8745,0,8750,0,0,0,2017-04-24,32633689,8640,52,0,0,0,0,0,0,0,0,8645,77,0,0,0,0,0,0,0,0
467,2017-04-24,09:03:54,183,l1709,XDCE,8645,8630,8750,47772,2072198250,411998,399360,9260,8380,8820,8745,0,8750,0,0,0,2017-04-24,32634183,8640,51,0,0,0,0,0,0,0,0,8645,76,0,0,0,0,0,0,0,0
468,2017-04-24,09:03:54,679,l1709,XDCE,8640,8630,8750,47790,2072976050,412004,399360,9260,8380,8820,8745,0,8750,0,0,0,2017-04-24,32634679,8640,64,0,0,0,0,0,0,0,0,8645,82,0,0,0,0,0,0,0,0
469,2017-04-24,09:03:55,185,l1709,XDCE,8640,8630,8750,47802,2073494450,411994,399360,9260,8380,8820,8745,0,8750,0,0,0,2017-04-24,32635185,8640,68,0,0,0,0,0,0,0,0,8645,75,0,0,0,0,0,0,0,0
470,2017-04-24,09:03:55,696,l1709,XDCE,8645,8630,8750,47808,2073753700,411996,399360,9260,8380,8820,8745,0,8750,0,0,0,2017-04-24,32635696,8640,73,0,0,0,0,0,0,0,0,8645,81,0,0,0,0,0,0,0,0
471,2017-04-24,09:03:56,182,l1709,XDCE,8645,8630,8750,47808,2073753700,411996,399360,9260,8380,8820,8745,0,8750,0,0,0,2017-04-24,32636182,8640,74,0,0,0,0,0,0,0,0,8645,81,0,0,0,0,0,0,0,0
472,2017-04-24,09:03:56,696,l1709,XDCE,8645,8630,8750,47810,2073840150,411998,399360,9260,8380,8820,8745,0,8750,0,0,0,2017-04-24,32636696,8640,77,0,0,0,0,0,0,0,0,8645,71,0,0,0,0,0,0,0,0
473,2017-04-24,09:03:57,195,l1709,XDCE,8645,8630,8750,47952,2079978100,412096,399360,9260,8380,8820,8745,0,8750,0,0,0,2017-04-24,32637195,8645,138,0,0,0,0,0,0,0,0,8650,160,0,0,0,0,0,0,0,0
474,2017-04-24,09:03:57,697,l1709,XDCE,8645,8630,8750,47958,2080237450,412096,399360,9260,8380,8820,8745,0,8750,0,0,0,2017-04-24,32637697,8645,149,0,0,0,0,0,0,0,0,8650,142,0,0,0,0,0,0,0,0
475,2017-04-24,09:03:58,179,l1709,XDCE,8645,8630,8750,47966,2080583250,412102,399360,9260,8380,8820,8745,0,8750,0,0,0,2017-04-24,32638179,8645,154,0,0,0,0,0,0,0,0,8650,124,0,0,0,0,0,0,0,0
476,2017-04-24,09:03:58,701,l1709,XDCE,8645,8630,8750,47980,2081188400,412104,399360,9260,8380,8820,8745,0,8750,0,0,0,2017-04-24,32638701,8645,137,0,0,0,0,0,0,0,0,8650,130,0,0,0,0,0,0,0,0
477,2017-04-24,09:03:59,202,l1709,XDCE,8645,8630,8750,48000,2082052900,412114,399360,9260,8380,8820,8745,0,8750,0,0,0,2017-04-24,32639202,8645,129,0,0,0,0,0,0,0,0,8650,138,0,0,0,0,0,0,0,0
478,2017-04-24,09:03:59,639,l1709,XDCE,8645,8630,8750,48010,2082485200,412114,399360,9260,8380,8820,8745,0,8750,0,0,0,2017-04-24,32639639,8645,124,0,0,0,0,0,0,0,0,8650,137,0,0,0,0,0,0,0,0
479,2017-04-24,09:04:00,204,l1709,XDCE,8645,8630,8750,48050,2084214200,412154,399360,9260,8380,8820,8745,0,8750,0,0,0,2017-04-24,32640204,8645,104,0,0,0,0,0,0,0,0,8650,137,0,0,0,0,0,0,0,0
480,2017-04-24,09:04:00,689,l1709,XDCE,8645,8630,8750,48060,2084646450,412164,399360,9260,8380,8820,8745,0,8750,0,0,0,2017-04-24,32640689,8645,100,0,0,0,0,0,0,0,0,8650,137,0,0,0,0,0,0,0,0
481,2017-04-24,09:04:01,173,l1709,XDCE,8645,8630,8750,48158,2088882500,412262,399360,9260,8380,8820,8745,0,8750,0,0,0,2017-04-24,32641173,8645,51,0,0,0,0,0,0,0,0,8650,137,0,0,0,0,0,0,0,0
482,2017-04-24,09:04:01,698,l1709,XDCE,8640,8630,8750,48284,2094329250,412302,399360,9260,8380,8820,8745,0,8750,0,0,0,2017-04-24,32641698,8640,133,0,0,0,0,0,0,0,0,8645,30,0,0,0,0,0,0,0,0
483,2017-04-24,09:04:02,171,l1709,XDCE,8640,8630,8750,48304,2095194250,412302,399360,9260,8380,8820,8745,0,8750,0,0,0,2017-04-24,32642171,8640,132,0,0,0,0,0,0,0,0,8645,106,0,0,0,0,0,0,0,0
484,2017-04-24,09:04:02,690,l1709,XDCE,8645,8630,8750,48344,2096923750,412302,399360,9260,8380,8820,8745,0,8750,0,0,0,2017-04-24,32642690,8640,124,0,0,0,0,0,0,0,0,8645,153,0,0,0,0,0,0,0,0
485,2017-04-24,09:04:03,187,l1709,XDCE,8645,8630,8750,48490,2103234600,412264,399360,9260,8380,8820,8745,0,8750,0,0,0,2017-04-24,32643187,8640,133,0,0,0,0,0,0,0,0,8645,80,0,0,0,0,0,0,0,0
486,2017-04-24,09:04:03,688,l1709,XDCE,8645,8630,8750,48492,2103321050,412266,399360,9260,8380,8820,8745,0,8750,0,0,0,2017-04-24,32643688,8640,133,0,0,0,0,0,0,0,0,8645,86,0,0,0,0,0,0,0,0
487,2017-04-24,09:04:04,163,l1709,XDCE,8645,8630,8750,48494,2103407500,412266,399360,9260,8380,8820,8745,0,8750,0,0,0,2017-04-24,32644163,8640,145,0,0,0,0,0,0,0,0,8645,79,0,0,0,0,0,0,0,0
488,2017-04-24,09:04:04,691,l1709,XDCE,8645,8630,8750,48516,2104358950,412250,399360,9260,8380,8820,8745,0,8750,0,0,0,2017-04-24,32644691,8640,146,0,0,0,0,0,0,0,0,8645,83,0,0,0,0,0,0,0,0
489,2017-04-24,09:04:05,204,l1709,XDCE,8640,8630,8750,48562,2106347550,412254,399360,9260,8380,8820,8745,0,8750,0,0,0,2017-04-24,32645204,8640,133,0,0,0,0,0,0,0,0,8645,88,0,0,0,0,0,0,0,0
490,2017-04-24,09:04:05,690,l1709,XDCE,8645,8630,8750,48592,2107644600,412264,399360,9260,8380,8820,8745,0,8750,0,0,0,2017-04-24,32645690,8640,132,0,0,0,0,0,0,0,0,8645,87,0,0,0,0,0,0,0,0
491,2017-04-24,09:04:06,202,l1709,XDCE,8645,8630,8750,48622,2108941350,412288,399360,9260,8380,8820,8745,0,8750,0,0,0,2017-04-24,32646202,8640,132,0,0,0,0,0,0,0,0,8645,78,0,0,0,0,0,0,0,0
492,2017-04-24,09:04:06,677,l1709,XDCE,8645,8630,8750,48622,2108941350,412288,399360,9260,8380,8820,8745,0,8750,0,0,0,2017-04-24,32646677,8640,134,0,0,0,0,0,0,0,0,8645,88,0,0,0,0,0,0,0,0
493,2017-04-24,09:04:07,162,l1709,XDCE,8645,8630,8750,48682,2111533800,412302,399360,9260,8380,8820,8745,0,8750,0,0,0,2017-04-24,32647162,8640,113,0,0,0,0,0,0,0,0,8645,102,0,0,0,0,0,0,0,0
494,2017-04-24,09:04:07,689,l1709,XDCE,8640,8630,8750,48866,2119483200,412450,399360,9260,8380,8820,8745,0,8750,0,0,0,2017-04-24,32647689,8640,38,0,0,0,0,0,0,0,0,8645,106,0,0,0,0,0,0,0,0
495,2017-04-24,09:04:08,199,l1709,XDCE,8645,8630,8750,48952,2123198500,412502,399360,9260,8380,8820,8745,0,8750,0,0,0,2017-04-24,32648199,8640,23,0,0,0,0,0,0,0,0,8645,121,0,0,0,0,0,0,0,0
496,2017-04-24,09:04:08,686,l1709,XDCE,8645,8630,8750,49008,2125618800,412546,399360,9260,8380,8820,8745,0,8750,0,0,0,2017-04-24,32648686,8640,24,0,0,0,0,0,0,0,0,8645,110,0,0,0,0,0,0,0,0
497,2017-04-24,09:04:09,176,l1709,XDCE,8645,8630,8750,49022,2126223900,412558,399360,9260,8380,8820,8745,0,8750,0,0,0,2017-04-24,32649176,8640,77,0,0,0,0,0,0,0,0,8645,105,0,0,0,0,0,0,0,0
498,2017-04-24,09:04:09,681,l1709,XDCE,8640,8630,8750,49078,2128643450,412564,399360,9260,8380,8820,8745,0,8750,0,0,0,2017-04-24,32649681,8640,113,0,0,0,0,0,0,0,0,8645,116,0,0,0,0,0,0,0,0
499,2017-04-24,09:04:10,185,l1709,XDCE,8640,8630,8750,49088,2129075450,412554,399360,9260,8380,8820,8745,0,8750,0,0,0,2017-04-24,32650185,8640,119,0,0,0,0,0,0,0,0,8645,95,0,0,0,0,0,0,0,0
500,2017-04-24,09:04:10,691,l1709,XDCE,8645,8630,8750,49196,2133743700,412608,399360,9260,8380,8820,8745,0,8750,0,0,0,2017-04-24,32650691,8640,124,0,0,0,0,0,0,0,0,8645,16,0,0,0,0,0,0,0,0
501,2017-04-24,09:04:11,190,l1709,XDCE,8645,8630,8750,49230,2135213350,412596,399360,9260,8380,8820,8745,0,8750,0,0,0,2017-04-24,32651190,8645,249,0,0,0,0,0,0,0,0,8650,186,0,0,0,0,0,0,0,0
502,2017-04-24,09:04:11,685,l1709,XDCE,8645,8630,8750,49342,2140054550,412606,399360,9260,8380,8820,8745,0,8750,0,0,0,2017-04-24,32651685,8645,205,0,0,0,0,0,0,0,0,8650,184,0,0,0,0,0,0,0,0
503,2017-04-24,09:04:12,182,l1709,XDCE,8645,8630,8750,49370,2141264850,412600,399360,9260,8380,8820,8745,0,8750,0,0,0,2017-04-24,32652182,8645,203,0,0,0,0,0,0,0,0,8650,186,0,0,0,0,0,0,0,0
504,2017-04-24,09:04:12,673,l1709,XDCE,8645,8630,8750,49404,2142734500,412624,399360,9260,8380,8820,8745,0,8750,0,0,0,2017-04-24,32652673,8645,174,0,0,0,0,0,0,0,0,8650,192,0,0,0,0,0,0,0,0
505,2017-04-24,09:04:13,169,l1709,XDCE,8645,8630,8750,49756,2157949750,412894,399360,9260,8380,8820,8745,0,8750,0,0,0,2017-04-24,32653169,8640,133,0,0,0,0,0,0,0,0,8645,41,0,0,0,0,0,0,0,0
506,2017-04-24,09:04:13,687,l1709,XDCE,8640,8630,8750,49758,2158036150,412894,399360,9260,8380,8820,8745,0,8750,0,0,0,2017-04-24,32653687,8640,129,0,0,0,0,0,0,0,0,8645,61,0,0,0,0,0,0,0,0
507,2017-04-24,09:04:14,172,l1709,XDCE,8645,8630,8750,49764,2158295500,412892,399360,9260,8380,8820,8745,0,8750,0,0,0,2017-04-24,32654172,8640,131,0,0,0,0,0,0,0,0,8645,58,0,0,0,0,0,0,0,0
508,2017-04-24,09:04:14,698,l1709,XDCE,8645,8630,8750,49768,2158468400,412888,399360,9260,8380,8820,8745,0,8750,0,0,0,2017-04-24,32654698,8640,134,0,0,0,0,0,0,0,0,8645,54,0,0,0,0,0,0,0,0
509,2017-04-24,09:04:15,201,l1709,XDCE,8645,8630,8750,49770,2158554850,412888,399360,9260,8380,8820,8745,0,8750,0,0,0,2017-04-24,32655201,8640,145,0,0,0,0,0,0,0,0,8645,71,0,0,0,0,0,0,0,0
510,2017-04-24,09:04:15,686,l1709,XDCE,8645,8630,8750,49772,2158641300,412888,399360,9260,8380,8820,8745,0,8750,0,0,0,2017-04-24,32655686,8640,145,0,0,0,0,0,0,0,0,8645,55,0,0,0,0,0,0,0,0
511,2017-04-24,09:04:16,201,l1709,XDCE,8645,8630,8750,49808,2160197100,412882,399360,9260,8380,8820,8745,0,8750,0,0,0,2017-04-24,32656201,8640,161,0,0,0,0,0,0,0,0,8645,43,0,0,0,0,0,0,0,0
512,2017-04-24,09:04:16,701,l1709,XDCE,8645,8630,8750,49828,2161061600,412874,399360,9260,8380,8820,8745,0,8750,0,0,0,2017-04-24,32656701,8640,164,0,0,0,0,0,0,0,0,8645,33,0,0,0,0,0,0,0,0
513,2017-04-24,09:04:17,168,l1709,XDCE,8645,8630,8750,49878,2163221900,412882,399360,9260,8380,8820,8745,0,8750,0,0,0,2017-04-24,32657168,8640,146,0,0,0,0,0,0,0,0,8645,30,0,0,0,0,0,0,0,0
514,2017-04-24,09:04:17,664,l1709,XDCE,8645,8630,8750,49938,2165815400,412888,399360,9260,8380,8820,8745,0,8750,0,0,0,2017-04-24,32657664,8645,90,0,0,0,0,0,0,0,0,8650,190,0,0,0,0,0,0,0,0
515,2017-04-24,09:04:18,67,l1709,XDCE,8645,8630,8750,49938,2165815400,412888,399360,9260,8380,8820,8745,0,8750,0,0,0,2017-04-24,32658067,8645,97,0,0,0,0,0,0,0,0,8650,187,0,0,0,0,0,0,0,0
516,2017-04-24,09:04:18,686,l1709,XDCE,8645,8630,8750,49938,2165815400,412888,399360,9260,8380,8820,8745,0,8750,0,0,0,2017-04-24,32658686,8645,99,0,0,0,0,0,0,0,0,8650,192,0,0,0,0,0,0,0,0
517,2017-04-24,09:04:19,197,l1709,XDCE,8650,8630,8750,49988,2167977700,412920,399360,9260,8380,8820,8745,0,8750,0,0,0,2017-04-24,32659197,8645,103,0,0,0,0,0,0,0,0,8650,171,0,0,0,0,0,0,0,0
518,2017-04-24,09:04:19,664,l1709,XDCE,8645,8630,8750,50048,2170571200,412954,399360,9260,8380,8820,8745,0,8750,0,0,0,2017-04-24,32659664,8645,84,0,0,0,0,0,0,0,0,8650,172,0,0,0,0,0,0,0,0
519,2017-04-24,09:04:20,146,l1709,XDCE,8645,8630,8750,50056,2170917000,412954,399360,9260,8380,8820,8745,0,8750,0,0,0,2017-04-24,32660146,8645,79,0,0,0,0,0,0,0,0,8650,171,0,0,0,0,0,0,0,0
520,2017-04-24,09:04:20,692,l1709,XDCE,8640,8630,8750,50628,2195647950,412992,399360,9260,8380,8820,8745,0,8750,0,0,0,2017-04-24,32660692,8645,25,0,0,0,0,0,0,0,0,8650,61,0,0,0,0,0,0,0,0
521,2017-04-24,09:04:21,164,l1709,XDCE,8640,8630,8750,50628,2195647950,412992,399360,9260,8380,8820,8745,0,8750,0,0,0,2017-04-24,32661164,8645,112,0,0,0,0,0,0,0,0,8650,86,0,0,0,0,0,0,0,0
522,2017-04-24,09:04:21,667,l1709,XDCE,8645,8630,8750,50650,2196598900,412992,399360,9260,8380,8820,8745,0,8750,0,0,0,2017-04-24,32661667,8645,184,0,0,0,0,0,0,0,0,8650,139,0,0,0,0,0,0,0,0
523,2017-04-24,09:04:22,165,l1709,XDCE,8650,8630,8750,50690,2198328900,413010,399360,9260,8380,8820,8745,0,8750,0,0,0,2017-04-24,32662165,8645,165,0,0,0,0,0,0,0,0,8650,130,0,0,0,0,0,0,0,0
524,2017-04-24,09:04:22,700,l1709,XDCE,8645,8630,8750,50764,2201527650,413010,399360,9260,8380,8820,8745,0,8750,0,0,0,2017-04-24,32662700,8645,162,0,0,0,0,0,0,0,0,8650,128,0,0,0,0,0,0,0,0
525,2017-04-24,09:04:23,141,l1709,XDCE,8645,8630,8750,50816,2203775350,412968,399360,9260,8380,8820,8745,0,8750,0,0,0,2017-04-24,32663141,8645,139,0,0,0,0,0,0,0,0,8650,136,0,0,0,0,0,0,0,0
526,2017-04-24,09:04:23,664,l1709,XDCE,8650,8630,8750,50838,2204726800,412962,399360,9260,8380,8820,8745,0,8750,0,0,0,2017-04-24,32663664,8645,138,0,0,0,0,0,0,0,0,8650,126,0,0,0,0,0,0,0,0
527,2017-04-24,09:04:24,192,l1709,XDCE,8645,8630,8750,50840,2204813250,412962,399360,9260,8380,8820,8745,0,8750,0,0,0,2017-04-24,32664192,8645,163,0,0,0,0,0,0,0,0,8650,127,0,0,0,0,0,0,0,0
528,2017-04-24,09:04:24,676,l1709,XDCE,8645,8630,8750,50988,2211214050,412838,399360,9260,8380,8820,8745,0,8750,0,0,0,2017-04-24,32664676,8645,162,0,0,0,0,0,0,0,0,8650,84,0,0,0,0,0,0,0,0
529,2017-04-24,09:04:25,168,l1709,XDCE,8650,8630,8750,50992,2211387050,412834,399360,9260,8380,8820,8745,0,8750,0,0,0,2017-04-24,32665168,8645,167,0,0,0,0,0,0,0,0,8650,89,0,0,0,0,0,0,0,0
530,2017-04-24,09:04:25,632,l1709,XDCE,8650,8630,8750,51008,2212079050,412832,399360,9260,8380,8820,8745,0,8750,0,0,0,2017-04-24,32665632,8645,177,0,0,0,0,0,0,0,0,8650,184,0,0,0,0,0,0,0,0
531,2017-04-24,09:04:26,176,l1709,XDCE,8645,8630,8750,51028,2212943550,412834,399360,9260,8380,8820,8745,0,8750,0,0,0,2017-04-24,32666176,8645,164,0,0,0,0,0,0,0,0,8650,184,0,0,0,0,0,0,0,0
532,2017-04-24,09:04:26,702,l1709,XDCE,8650,8630,8750,51030,2213030050,412834,399360,9260,8380,8820,8745,0,8750,0,0,0,2017-04-24,32666702,8645,165,0,0,0,0,0,0,0,0,8650,183,0,0,0,0,0,0,0,0
