,dataDate,dataTime,dataMillisec,instrumentID,exchangeCD,lastPrice,lowPrice,highPrice,volume,value,openInterest,preOpenInterest,upperLimitPrice,lowerLimitPrice,preSettlementPrice,prevClosePrice,settlementPrice,openPrice,closePrice,preDelta,currDelta,clearingDay,milliSecOffset,bidPrice1,bidVolume1,bidPrice2,bidVolume2,bidPrice3,bidVolume3,bidPrice4,bidVolume4,bidPrice5,bidVolume5,askPrice1,askVolume1,askPrice2,askVolume2,askPrice3,askVolume3,askPrice4,askVolume4,askPrice5,askVolume5
0,2017-04-24,09:00:00,0,OI709,XZCE,6312,6272,6332,90514,5706881920,317150,315588,6590,5962,6276,6276,0,6280,0,0,0,2017-04-24,32400000,6310,4,0,0,0,0,0,0,0,0,6312,8,0,0,0,0,0,0,0,0
1,2017-04-24,09:00:00,0,OI709,XZCE,6316,6272,6332,90838,5727345760,317054,315588,6590,5962,6276,6276,0,6280,0,0,0,2017-04-24,32400000,6316,1,0,0,0,0,0,0,0,0,6318,46,0,0,0,0,0,0,0,0
2,2017-04-24,09:00:01,0,OI709,XZCE,6312,6272,6332,91022,5738959840,317064,315588,6590,5962,6276,6276,0,6280,0,0,0,2017-04-24,32401000,6308,71,0,0,0,0,0,0,0,0,6312,1,0,0,0,0,0,0,0,0
3,2017-04-24,09:00:01,0,OI709,XZCE,6312,6272,6332,91252,5753477440,316972,315588,6590,5962,6276,6276,0,6280,0,0,0,2017-04-24,32401000,6310,1,0,0,0,0,0,0,0,0,6312,8,0,0,0,0,0,0,0,0
4,2017-04-24,09:00:02,0,OI709,XZCE,6314,6272,6332,91290,5755876760,317000,315588,6590,5962,6276,6276,0,6280,0,0,0,2017-04-24,32402000,6310,10,0,0,0,0,0,0,0,0,6314,4,0,0,0,0,0,0,0,0
5,2017-04-24,09:00:02,0,OI709,XZCE,6312,6272,6332,91308,5757012920,317002,315588,6590,5962,6276,6276,0,6280,0,0,0,2017-04-24,32402000,6312,2,0,0,0,0,0,0,0,0,6314,7,0,0,0,0,0,0,0,0
6,2017-04-24,09:00:03,0,OI709,XZCE,6314,6272,6332,91358,5760169920,317014,315588,6590,5962,6276,6276,0,6280,0,0,0,2017-04-24,32403000,6312,9,0,0,0,0,0,0,0,0,6314,3,0,0,0,0,0,0,0,0
7,2017-04-24,09:00:03,0,OI709,XZCE,6312,6272,6332,91380,5761558560,317006,315588,6590,5962,6276,6276,0,6280,0,0,0,2017-04-24,32403000,6310,2,0,0,0,0,0,0,0,0,6312,64,0,0,0,0,0,0,0,0
8,2017-04-24,09:00:04,0,OI709,XZCE,6312,6272,6332,91488,5768375520,316908,315588,6590,5962,6276,6276,0,6280,0,0,0,2017-04-24,32404000,6310,10,0,0,0,0,0,0,0,0,6312,13,0,0,0,0,0,0,0,0
9,2017-04-24,09:00:04,0,OI709,XZCE,6310,6272,6332,91598,5775316520,316906,315588,6590,5962,6276,6276,0,6280,0,0,0,2017-04-24,32404000,6310,5,0,0,0,0,0,0,0,0,6312,13,0,0,0,0,0,0,0,0
10,2017-04-24,09:00:05,0,OI709,XZCE,6308,6272,6332,91632,5777461240,316912,315588,6590,5962,6276,6276,0,6280,0,0,0,2017-04-24,32405000,6308,37,0,0,0,0,0,0,0,0,6312,11,0,0,0,0,0,0,0,0
11,2017-04-24,09:00:05,0,OI709,XZCE,6312,6272,6332,91634,5777587480,316912,315588,6590,5962,6276,6276,0,6280,0,0,0,2017-04-24,32405000,6310,4,0,0,0,0,0,0,0,0,6312,10,0,0,0,0,0,0,0,0
12,2017-04-24,09:00:06,0,OI709,XZCE,6312,6272,6332,91734,5783899480,316892,315588,6590,5962,6276,6276,0,6280,0,0,0,2017-04-24,32406000,6308,29,0,0,0,0,0,0,0,0,6312,16,0,0,0,0,0,0,0,0
13,2017-04-24,09:00:06,0,OI709,XZCE,6308,6272,6332,91744,5784530280,316894,315588,6590,5962,6276,6276,0,6280,0,0,0,2017-04-24,32406000,6308,25,0,0,0,0,0,0,0,0,6310,4,0,0,0,0,0,0,0,0
14,2017-04-24,09:00:07,0,OI709,XZCE,6308,6272,6332,91774,5786422680,316916,315588,6590,5962,6276,6276,0,6280,0,0,0,2017-04-24,32407000,6308,20,0,0,0,0,0,0,0,0,6312,8,0,0,0,0,0,0,0,0
15,2017-04-24,09:00:07,0,OI709,XZCE,6308,6272,6332,91786,5787179640,316922,315588,6590,5962,6276,6276,0,6280,0,0,0,2017-04-24,32407000,6308,14,0,0,0,0,0,0,0,0,6312,10,0,0,0,0,0,0,0,0
16,2017-04-24,09:00:08,0,OI709,XZCE,6312,6272,6332,91788,5787305880,316922,315588,6590,5962,6276,6276,0,6280,0,0,0,2017-04-24,32408000,6308,14,0,0,0,0,0,0,0,0,6312,9,0,0,0,0,0,0,0,0
17,2017-04-24,09:00:08,0,OI709,XZCE,6312,6272,6332,91804,5788315800,316924,315588,6590,5962,6276,6276,0,6280,0,0,0,2017-04-24,32408000,6308,13,0,0,0,0,0,0,0,0,6312,5,0,0,0,0,0,0,0,0
18,2017-04-24,09:00:09,0,OI709,XZCE,6308,6272,6332,91822,5789451240,316926,315588,6590,5962,6276,6276,0,6280,0,0,0,2017-04-24,32409000,6308,10,0,0,0,0,0,0,0,0,6312,6,0,0,0,0,0,0,0,0
19,2017-04-24,09:00:09,0,OI709,XZCE,6312,6272,6332,91824,5789577480,316926,315588,6590,5962,6276,6276,0,6280,0,0,0,2017-04-24,32409000,6308,11,0,0,0,0,0,0,0,0,6312,6,0,0,0,0,0,0,0,0
20,2017-04-24,09:00:10,0,OI709,XZCE,6308,6272,6332,91840,5790586760,316926,315588,6590,5962,6276,6276,0,6280,0,0,0,2017-04-24,32410000,6308,10,0,0,0,0,0,0,0,0,6312,7,0,0,0,0,0,0,0,0
21,2017-04-24,09:00:10,0,OI709,XZCE,6312,6272,6332,91842,5790713000,316926,315588,6590,5962,6276,6276,0,6280,0,0,0,2017-04-24,32410000,6308,11,0,0,0,0,0,0,0,0,6312,6,0,0,0,0,0,0,0,0
22,2017-04-24,09:00:11,0,OI709,XZCE,6312,6272,6332,91844,5790839240,316926,315588,6590,5962,6276,6276,0,6280,0,0,0,2017-04-24,32411000,6310,5,0,0,0,0,0,0,0,0,6312,7,0,0,0,0,0,0,0,0
23,2017-04-24,09:00:11,0,OI709,XZCE,6308,6272,6332,91872,5792605480,316928,315588,6590,5962,6276,6276,0,6280,0,0,0,2017-04-24,32411000,6308,10,0,0,0,0,0,0,0,0,6310,3,0,0,0,0,0,0,0,0
24,2017-04-24,09:00:12,0,OI709,XZCE,6310,6272,6332,91882,5793236480,316918,315588,6590,5962,6276,6276,0,6280,0,0,0,2017-04-24,32412000,6310,9,0,0,0,0,0,0,0,0,6312,8,0,0,0,0,0,0,0,0
25,2017-04-24,09:00:12,0,OI709,XZCE,6310,6272,6332,91882,5793236480,316918,315588,6590,5962,6276,6276,0,6280,0,0,0,2017-04-24,32412000,6310,23,0,0,0,0,0,0,0,0,6312,8,0,0,0,0,0,0,0,0
26,2017-04-24,09:00:13,0,OI709,XZCE,6312,6272,6332,91898,5794246400,316924,315588,6590,5962,6276,6276,0,6280,0,0,0,2017-04-24,32413000,6310,25,0,0,0,0,0,0,0,0,6314,18,0,0,0,0,0,0,0,0
27,2017-04-24,09:00:13,0,OI709,XZCE,6312,6272,6332,91898,5794246400,316924,315588,6590,5962,6276,6276,0,6280,0,0,0,2017-04-24,32413000,6310,27,0,0,0,0,0,0,0,0,6314,24,0,0,0,0,0,0,0,0
28,2017-04-24,09:00:14,0,OI709,XZCE,6312,6272,6332,91908,5794877600,316922,315588,6590,5962,6276,6276,0,6280,0,0,0,2017-04-24,32414000,6310,25,0,0,0,0,0,0,0,0,6314,20,0,0,0,0,0,0,0,0
29,2017-04-24,09:00:14,0,OI709,XZCE,6312,6272,6332,91914,5795256320,316922,315588,6590,5962,6276,6276,0,6280,0,0,0,2017-04-24,32414000,6312,6,0,0,0,0,0,0,0,0,6314,15,0,0,0,0,0,0,0,0
30,2017-04-24,09:00:15,0,OI709,XZCE,6312,6272,6332,91918,5795508800,316922,315588,6590,5962,6276,6276,0,6280,0,0,0,2017-04-24,32415000,6312,5,0,0,0,0,0,0,0,0,6314,20,0,0,0,0,0,0,0,0
31,2017-04-24,09:00:15,0,OI709,XZCE,6314,6272,6332,91930,5796266480,316918,315588,6590,5962,6276,6276,0,6280,0,0,0,2017-04-24,32415000,6312,3,0,0,0,0,0,0,0,0,6314,19,0,0,0,0,0,0,0,0
32,2017-04-24,09:00:16,0,OI709,XZCE,6314,6272,6332,91968,5798665800,316936,315588,6590,5962,6276,6276,0,6280,0,0,0,2017-04-24,32416000,6314,4,0,0,0,0,0,0,0,0,6316,14,0,0,0,0,0,0,0,0
33,2017-04-24,09:00:16,0,OI709,XZCE,6314,6272,6332,91970,5798792080,316936,315588,6590,5962,6276,6276,0,6280,0,0,0,2017-04-24,32416000,6314,5,0,0,0,0,0,0,0,0,6316,14,0,0,0,0,0,0,0,0
34,2017-04-24,09:00:17,0,OI709,XZCE,6316,6272,6332,91974,5799044720,316934,315588,6590,5962,6276,6276,0,6280,0,0,0,2017-04-24,32417000,6314,17,0,0,0,0,0,0,0,0,6316,13,0,0,0,0,0,0,0,0
35,2017-04-24,09:00:17,0,OI709,XZCE,6316,6272,6332,91974,5799044720,316934,315588,6590,5962,6276,6276,0,6280,0,0,0,2017-04-24,32417000,6314,20,0,0,0,0,0,0,0,0,6316,8,0,0,0,0,0,0,0,0
36,2017-04-24,09:00:18,0,OI709,XZCE,6314,6272,6332,92004,5800938920,316942,315588,6590,5962,6276,6276,0,6280,0,0,0,2017-04-24,32418000,6314,9,0,0,0,0,0,0,0,0,6316,13,0,0,0,0,0,0,0,0
37,2017-04-24,09:00:18,0,OI709,XZCE,6314,6272,6332,92030,5802580560,316936,315588,6590,5962,6276,6276,0,6280,0,0,0,2017-04-24,32418000,6312,3,0,0,0,0,0,0,0,0,6314,8,0,0,0,0,0,0,0,0
38,2017-04-24,09:00:19,0,OI709,XZCE,6314,6272,6332,92062,5804601040,316928,315588,6590,5962,6276,6276,0,6280,0,0,0,2017-04-24,32419000,6312,5,0,0,0,0,0,0,0,0,6314,14,0,0,0,0,0,0,0,0
39,2017-04-24,09:00:19,0,OI709,XZCE,6312,6272,6332,92064,5804727280,316928,315588,6590,5962,6276,6276,0,6280,0,0,0,2017-04-24,32419000,6312,4,0,0,0,0,0,0,0,0,6314,14,0,0,0,0,0,0,0,0
40,2017-04-24,09:00:20,0,OI709,XZCE,6312,6272,6332,92076,5805484720,316932,315588,6590,5962,6276,6276,0,6280,0,0,0,2017-04-24,32420000,6310,12,0,0,0,0,0,0,0,0,6314,15,0,0,0,0,0,0,0,0
41,2017-04-24,09:00:20,0,OI709,XZCE,6314,6272,6332,92118,5808136600,316942,315588,6590,5962,6276,6276,0,6280,0,0,0,2017-04-24,32420000,6310,17,0,0,0,0,0,0,0,0,6314,1,0,0,0,0,0,0,0,0
42,2017-04-24,09:00:21,0,OI709,XZCE,6314,6272,6332,92120,5808262880,316942,315588,6590,5962,6276,6276,0,6280,0,0,0,2017-04-24,32421000,6312,6,0,0,0,0,0,0,0,0,6314,4,0,0,0,0,0,0,0,0
43,2017-04-24,09:00:21,0,OI709,XZCE,6312,6272,6332,92126,5808641600,316936,315588,6590,5962,6276,6276,0,6280,0,0,0,2017-04-24,32421000,6312,3,0,0,0,0,0,0,0,0,6314,4,0,0,0,0,0,0,0,0
44,2017-04-24,09:00:22,0,OI709,XZCE,6312,6272,6332,92126,5808641600,316936,315588,6590,5962,6276,6276,0,6280,0,0,0,2017-04-24,32422000,6312,3,0,0,0,0,0,0,0,0,6314,11,0,0,0,0,0,0,0,0
45,2017-04-24,09:00:22,0,OI709,XZCE,6312,6272,6332,92130,5808894080,316932,315588,6590,5962,6276,6276,0,6280,0,0,0,2017-04-24,32422000,6312,1,0,0,0,0,0,0,0,0,6314,11,0,0,0,0,0,0,0,0
46,2017-04-24,09:00:23,0,OI709,XZCE,6314,6272,6332,92154,5810409440,316942,315588,6590,5962,6276,6276,0,6280,0,0,0,2017-04-24,32423000,6312,7,0,0,0,0,0,0,0,0,6314,5,0,0,0,0,0,0,0,0
47,2017-04-24,09:00:23,0,OI709,XZCE,6314,6272,6332,92154,5810409440,316942,315588,6590,5962,6276,6276,0,6280,0,0,0,2017-04-24,32423000,6312,17,0,0,0,0,0,0,0,0,6314,6,0,0,0,0,0,0,0,0
48,2017-04-24,09:00:24,0,OI709,XZCE,6314,6272,6332,92192,5812808760,316952,315588,6590,5962,6276,6276,0,6280,0,0,0,2017-04-24,32424000,6312,17,0,0,0,0,0,0,0,0,6314,5,0,0,0,0,0,0,0,0
49,2017-04-24,09:00:24,0,OI709,XZCE,6314,6272,6332,92202,5813440160,316962,315588,6590,5962,6276,6276,0,6280,0,0,0,2017-04-24,32424000,6312,18,0,0,0,0,0,0,0,0,6314,9,0,0,0,0,0,0,0,0
50,2017-04-24,09:00:25,0,OI709,XZCE,6312,6272,6332,92212,5814071360,316962,315588,6590,5962,6276,6276,0,6280,0,0,0,2017-04-24,32425000,6312,9,0,0,0,0,0,0,0,0,6314,13,0,0,0,0,0,0,0,0
51,2017-04-24,09:00:25,0,OI709,XZCE,6314,6272,6332,92214,5814197640,316964,315588,6590,5962,6276,6276,0,6280,0,0,0,2017-04-24,32425000,6312,14,0,0,0,0,0,0,0,0,6314,15,0,0,0,0,0,0,0,0
52,2017-04-24,09:00:26,0,OI709,XZCE,6314,6272,6332,92224,5814829040,316962,315588,6590,5962,6276,6276,0,6280,0,0,0,2017-04-24,32426000,6312,18,0,0,0,0,0,0,0,0,6314,8,0,0,0,0,0,0,0,0
53,2017-04-24,09:00:26,0,OI709,XZCE,6314,6272,6332,92240,5815839280,316954,315588,6590,5962,6276,6276,0,6280,0,0,0,2017-04-24,32426000,6314,15,0,0,0,0,0,0,0,0,6316,19,0,0,0,0,0,0,0,0
54,2017-04-24,09:00:27,0,OI709,XZCE,6314,6272,6332,92240,5815839280,316954,315588,6590,5962,6276,6276,0,6280,0,0,0,2017-04-24,32427000,6314,16,0,0,0,0,0,0,0,0,6316,19,0,0,0,0,0,0,0,0
55,2017-04-24,09:00:27,0,OI709,XZCE,6314,6272,6332,92264,5817354640,316930,315588,6590,5962,6276,6276,0,6280,0,0,0,2017-04-24,32427000,6314,9,0,0,0,0,0,0,0,0,6316,13,0,0,0,0,0,0,0,0
56,2017-04-24,09:00:28,0,OI709,XZCE,6314,6272,6332,92266,5817480920,316928,315588,6590,5962,6276,6276,0,6280,0,0,0,2017-04-24,32428000,6314,8,0,0,0,0,0,0,0,0,6316,13,0,0,0,0,0,0,0,0
57,2017-04-24,09:00:28,0,OI709,XZCE,6314,6272,6332,92280,5818364880,316926,315588,6590,5962,6276,6276,0,6280,0,0,0,2017-04-24,32428000,6314,7,0,0,0,0,0,0,0,0,6316,8,0,0,0,0,0,0,0,0
58,2017-04-24,09:00:29,0,OI709,XZCE,6318,6272,6332,92308,5820133920,316934,315588,6590,5962,6276,6276,0,6280,0,0,0,2017-04-24,32429000,6314,9,0,0,0,0,0,0,0,0,6318,36,0,0,0,0,0,0,0,0
59,2017-04-24,09:00:29,0,OI709,XZCE,6316,6272,6332,92310,5820260240,316934,315588,6590,5962,6276,6276,0,6280,0,0,0,2017-04-24,32429000,6314,15,0,0,0,0,0,0,0,0,6316,5,0,0,0,0,0,0,0,0
60,2017-04-24,09:00:30,0,OI709,XZCE,6316,6272,6332,92320,5820891840,316924,315588,6590,5962,6276,6276,0,6280,0,0,0,2017-04-24,32430000,6314,22,0,0,0,0,0,0,0,0,6316,7,0,0,0,0,0,0,0,0
61,2017-04-24,09:00:30,0,OI709,XZCE,6316,6272,6332,92322,5821018160,316926,315588,6590,5962,6276,6276,0,6280,0,0,0,2017-04-24,32430000,6314,23,0,0,0,0,0,0,0,0,6316,9,0,0,0,0,0,0,0,0
62,2017-04-24,09:00:31,0,OI709,XZCE,6316,6272,6332,92354,5823039280,316950,315588,6590,5962,6276,6276,0,6280,0,0,0,2017-04-24,32431000,6314,22,0,0,0,0,0,0,0,0,6316,13,0,0,0,0,0,0,0,0
63,2017-04-24,09:00:31,0,OI709,XZCE,6314,6272,6332,92360,5823418120,316956,315588,6590,5962,6276,6276,0,6280,0,0,0,2017-04-24,32431000,6314,25,0,0,0,0,0,0,0,0,6316,14,0,0,0,0,0,0,0,0
64,2017-04-24,09:00:31,0,OI709,XZCE,6314,6272,6332,92360,5823418120,316956,315588,6590,5962,6276,6276,0,6280,0,0,0,2017-04-24,32431000,6314,25,0,0,0,0,0,0,0,0,6316,15,0,0,0,0,0,0,0,0
65,2017-04-24,09:00:32,0,OI709,XZCE,6316,6272,6332,92390,5825312920,316960,315588,6590,5962,6276,6276,0,6280,0,0,0,2017-04-24,32432000,6316,10,0,0,0,0,0,0,0,0,6318,48,0,0,0,0,0,0,0,0
66,2017-04-24,09:00:33,0,OI709,XZCE,6316,6272,6332,92394,5825565560,316960,315588,6590,5962,6276,6276,0,6280,0,0,0,2017-04-24,32433000,6316,14,0,0,0,0,0,0,0,0,6318,48,0,0,0,0,0,0,0,0
67,2017-04-24,09:00:33,0,OI709,XZCE,6316,6272,6332,92396,5825691880,316960,315588,6590,5962,6276,6276,0,6280,0,0,0,2017-04-24,32433000,6316,18,0,0,0,0,0,0,0,0,6318,48,0,0,0,0,0,0,0,0
68,2017-04-24,09:00:34,0,OI709,XZCE,6316,6272,6332,92426,5827586680,316948,315588,6590,5962,6276,6276,0,6280,0,0,0,2017-04-24,32434000,6316,28,0,0,0,0,0,0,0,0,6318,43,0,0,0,0,0,0,0,0
69,2017-04-24,09:00:35,0,OI709,XZCE,6318,6272,6332,92432,5827965760,316948,315588,6590,5962,6276,6276,0,6280,0,0,0,2017-04-24,32435000,6316,31,0,0,0,0,0,0,0,0,6318,41,0,0,0,0,0,0,0,0
70,2017-04-24,09:00:35,0,OI709,XZCE,6316,6272,6332,92520,5833523840,316966,315588,6590,5962,6276,6276,0,6280,0,0,0,2017-04-24,32435000,6314,24,0,0,0,0,0,0,0,0,6318,34,0,0,0,0,0,0,0,0
71,2017-04-24,09:00:36,0,OI709,XZCE,6316,6272,6332,92524,5833776480,316970,315588,6590,5962,6276,6276,0,6280,0,0,0,2017-04-24,32436000,6316,32,0,0,0,0,0,0,0,0,6318,29,0,0,0,0,0,0,0,0
72,2017-04-24,09:00:36,0,OI709,XZCE,6316,6272,6332,92532,5834281760,316976,315588,6590,5962,6276,6276,0,6280,0,0,0,2017-04-24,32436000,6316,30,0,0,0,0,0,0,0,0,6318,27,0,0,0,0,0,0,0,0
73,2017-04-24,09:00:37,0,OI709,XZCE,6316,6272,6332,92534,5834408080,316976,315588,6590,5962,6276,6276,0,6280,0,0,0,2017-04-24,32437000,6316,29,0,0,0,0,0,0,0,0,6318,29,0,0,0,0,0,0,0,0
74,2017-04-24,09:00:37,0,OI709,XZCE,6316,6272,6332,92536,5834534400,316976,315588,6590,5962,6276,6276,0,6280,0,0,0,2017-04-24,32437000,6316,29,0,0,0,0,0,0,0,0,6318,30,0,0,0,0,0,0,0,0
75,2017-04-24,09:00:38,0,OI709,XZCE,6318,6272,6332,92542,5834913480,316980,315588,6590,5962,6276,6276,0,6280,0,0,0,2017-04-24,32438000,6316,29,0,0,0,0,0,0,0,0,6318,27,0,0,0,0,0,0,0,0
76,2017-04-24,09:00:38,0,OI709,XZCE,6316,6272,6332,92544,5835039800,316982,315588,6590,5962,6276,6276,0,6280,0,0,0,2017-04-24,32438000,6316,30,0,0,0,0,0,0,0,0,6318,29,0,0,0,0,0,0,0,0
77,2017-04-24,09:00:38,0,OI709,XZCE,6316,6272,6332,92544,5835039800,316982,315588,6590,5962,6276,6276,0,6280,0,0,0,2017-04-24,32438000,6316,9,0,0,0,0,0,0,0,0,6318,29,0,0,0,0,0,0,0,0
78,2017-04-24,09:00:39,0,OI709,XZCE,6316,6272,6332,92590,5837945160,317020,315588,6590,5962,6276,6276,0,6280,0,0,0,2017-04-24,32439000,6314,23,0,0,0,0,0,0,0,0,6316,4,0,0,0,0,0,0,0,0
79,2017-04-24,09:00:40,0,OI709,XZCE,6318,6272,6332,92610,5839208760,317036,315588,6590,5962,6276,6276,0,6280,0,0,0,2017-04-24,32440000,6316,37,0,0,0,0,0,0,0,0,6318,35,0,0,0,0,0,0,0,0
80,2017-04-24,09:00:40,0,OI709,XZCE,6318,6272,6332,92612,5839335120,317038,315588,6590,5962,6276,6276,0,6280,0,0,0,2017-04-24,32440000,6316,38,0,0,0,0,0,0,0,0,6318,37,0,0,0,0,0,0,0,0
81,2017-04-24,09:00:41,0,OI709,XZCE,6318,6272,6332,92612,5839335120,317038,315588,6590,5962,6276,6276,0,6280,0,0,0,2017-04-24,32441000,6316,8,0,0,0,0,0,0,0,0,6318,37,0,0,0,0,0,0,0,0
82,2017-04-24,09:00:41,0,OI709,XZCE,6316,6272,6332,92620,5839840400,317032,315588,6590,5962,6276,6276,0,6280,0,0,0,2017-04-24,32441000,6314,22,0,0,0,0,0,0,0,0,6318,37,0,0,0,0,0,0,0,0
83,2017-04-24,09:00:42,0,OI709,XZCE,6316,6272,6332,92620,5839840400,317032,315588,6590,5962,6276,6276,0,6280,0,0,0,2017-04-24,32442000,6316,31,0,0,0,0,0,0,0,0,6318,37,0,0,0,0,0,0,0,0
84,2017-04-24,09:00:42,0,OI709,XZCE,6318,6272,6332,92622,5839966760,317034,315588,6590,5962,6276,6276,0,6280,0,0,0,2017-04-24,32442000,6316,31,0,0,0,0,0,0,0,0,6318,37,0,0,0,0,0,0,0,0
85,2017-04-24,09:00:43,0,OI709,XZCE,6316,6272,6332,92628,5840345720,317034,315588,6590,5962,6276,6276,0,6280,0,0,0,2017-04-24,32443000,6316,28,0,0,0,0,0,0,0,0,6318,37,0,0,0,0,0,0,0,0
86,2017-04-24,09:00:43,0,OI709,XZCE,6316,6272,6332,92638,5840977320,317036,315588,6590,5962,6276,6276,0,6280,0,0,0,2017-04-24,32443000,6316,27,0,0,0,0,0,0,0,0,6318,20,0,0,0,0,0,0,0,0
87,2017-04-24,09:00:44,0,OI709,XZCE,6316,6272,6332,92638,5840977320,317036,315588,6590,5962,6276,6276,0,6280,0,0,0,2017-04-24,32444000,6316,28,0,0,0,0,0,0,0,0,6318,20,0,0,0,0,0,0,0,0
88,2017-04-24,09:00:44,0,OI709,XZCE,6318,6272,6332,92642,5841230040,317036,315588,6590,5962,6276,6276,0,6280,0,0,0,2017-04-24,32444000,6316,28,0,0,0,0,0,0,0,0,6318,18,0,0,0,0,0,0,0,0
89,2017-04-24,09:00:45,0,OI709,XZCE,6316,6272,6332,92648,5841609000,317036,315588,6590,5962,6276,6276,0,6280,0,0,0,2017-04-24,32445000,6316,31,0,0,0,0,0,0,0,0,6318,17,0,0,0,0,0,0,0,0
90,2017-04-24,09:00:45,0,OI709,XZCE,6316,6272,6332,92652,5841861640,317036,315588,6590,5962,6276,6276,0,6280,0,0,0,2017-04-24,32445000,6316,7,0,0,0,0,0,0,0,0,6318,21,0,0,0,0,0,0,0,0
91,2017-04-24,09:00:46,0,OI709,XZCE,6320,6272,6332,92756,5848434440,317056,315588,6590,5962,6276,6276,0,6280,0,0,0,2017-04-24,32446000,6318,1,0,0,0,0,0,0,0,0,6320,37,0,0,0,0,0,0,0,0
92,2017-04-24,09:00:46,0,OI709,XZCE,6318,6272,6332,92766,5849066240,317054,315588,6590,5962,6276,6276,0,6280,0,0,0,2017-04-24,32446000,6318,39,0,0,0,0,0,0,0,0,6320,32,0,0,0,0,0,0,0,0
93,2017-04-24,09:00:47,0,OI709,XZCE,6318,6272,6332,92766,5849066240,317054,315588,6590,5962,6276,6276,0,6280,0,0,0,2017-04-24,32447000,6318,43,0,0,0,0,0,0,0,0,6320,32,0,0,0,0,0,0,0,0
94,2017-04-24,09:00:47,0,OI709,XZCE,6318,6272,6332,92796,5850961640,317054,315588,6590,5962,6276,6276,0,6280,0,0,0,2017-04-24,32447000,6318,42,0,0,0,0,0,0,0,0,6320,20,0,0,0,0,0,0,0,0
95,2017-04-24,09:00:48,0,OI709,XZCE,6320,6272,6332,92804,5851467240,317060,315588,6590,5962,6276,6276,0,6280,0,0,0,2017-04-24,32448000,6318,26,0,0,0,0,0,0,0,0,6320,20,0,0,0,0,0,0,0,0
96,2017-04-24,09:00:48,0,OI709,XZCE,6318,6272,6332,92806,5851593600,317060,315588,6590,5962,6276,6276,0,6280,0,0,0,2017-04-24,32448000,6318,21,0,0,0,0,0,0,0,0,6320,26,0,0,0,0,0,0,0,0
97,2017-04-24,09:00:49,0,OI709,XZCE,6320,6272,6332,92826,5852857600,317058,315588,6590,5962,6276,6276,0,6280,0,0,0,2017-04-24,32449000,6318,21,0,0,0,0,0,0,0,0,6320,17,0,0,0,0,0,0,0,0
98,2017-04-24,09:00:49,0,OI709,XZCE,6320,6272,6332,92836,5853489600,317058,315588,6590,5962,6276,6276,0,6280,0,0,0,2017-04-24,32449000,6318,21,0,0,0,0,0,0,0,0,6320,12,0,0,0,0,0,0,0,0
99,2017-04-24,09:00:50,0,OI709,XZCE,6320,6272,6332,92866,5855385600,317052,315588,6590,5962,6276,6276,0,6280,0,0,0,2017-04-24,32450000,6320,35,0,0,0,0,0,0,0,0,6322,48,0,0,0,0,0,0,0,0
100,2017-04-24,09:00:50,0,OI709,XZCE,6320,6272,6332,92876,5856017600,317054,315588,6590,5962,6276,6276,0,6280,0,0,0,2017-04-24,32450000,6320,30,0,0,0,0,0,0,0,0,6322,48,0,0,0,0,0,0,0,0
101,2017-04-24,09:00:51,0,OI709,XZCE,6320,6272,6332,92944,5860315200,317084,315588,6590,5962,6276,6276,0,6280,0,0,0,2017-04-24,32451000,6318,28,0,0,0,0,0,0,0,0,6320,9,0,0,0,0,0,0,0,0
102,2017-04-24,09:00:51,0,OI709,XZCE,6322,6272,6332,92964,5861579600,317102,315588,6590,5962,6276,6276,0,6280,0,0,0,2017-04-24,32451000,6320,47,0,0,0,0,0,0,0,0,6322,45,0,0,0,0,0,0,0,0
103,2017-04-24,09:00:52,0,OI709,XZCE,6320,6272,6332,92980,5862590800,317114,315588,6590,5962,6276,6276,0,6280,0,0,0,2017-04-24,32452000,6320,48,0,0,0,0,0,0,0,0,6322,48,0,0,0,0,0,0,0,0
104,2017-04-24,09:00:52,0,OI709,XZCE,6320,6272,6332,92990,5863222800,317114,315588,6590,5962,6276,6276,0,6280,0,0,0,2017-04-24,32452000,6320,44,0,0,0,0,0,0,0,0,6322,48,0,0,0,0,0,0,0,0
105,2017-04-24,09:00:53,0,OI709,XZCE,6320,6272,6332,92998,5863728400,317118,315588,6590,5962,6276,6276,0,6280,0,0,0,2017-04-24,32453000,6320,42,0,0,0,0,0,0,0,0,6322,45,0,0,0,0,0,0,0,0
106,2017-04-24,09:00:54,0,OI709,XZCE,6322,6272,6332,93040,5866383640,317124,315588,6590,5962,6276,6276,0,6280,0,0,0,2017-04-24,32454000,6320,41,0,0,0,0,0,0,0,0,6322,25,0,0,0,0,0,0,0,0
107,2017-04-24,09:00:54,0,OI709,XZCE,6320,6272,6332,93042,5866510040,317124,315588,6590,5962,6276,6276,0,6280,0,0,0,2017-04-24,32454000,6320,40,0,0,0,0,0,0,0,0,6322,25,0,0,0,0,0,0,0,0
108,2017-04-24,09:00:55,0,OI709,XZCE,6322,6272,6332,93052,5867142240,317134,315588,6590,5962,6276,6276,0,6280,0,0,0,2017-04-24,32455000,6320,45,0,0,0,0,0,0,0,0,6322,19,0,0,0,0,0,0,0,0
109,2017-04-24,09:00:55,0,OI709,XZCE,6322,6272,6332,93058,5867521560,317140,315588,6590,5962,6276,6276,0,6280,0,0,0,2017-04-24,32455000,6320,45,0,0,0,0,0,0,0,0,6322,18,0,0,0,0,0,0,0,0
110,2017-04-24,09:00:56,0,OI709,XZCE,6322,6272,6332,93060,5867648000,317142,315588,6590,5962,6276,6276,0,6280,0,0,0,2017-04-24,32456000,6320,45,0,0,0,0,0,0,0,0,6322,44,0,0,0,0,0,0,0,0
111,2017-04-24,09:00:56,0,OI709,XZCE,6322,6272,6332,93060,5867648000,317142,315588,6590,5962,6276,6276,0,6280,0,0,0,2017-04-24,32456000,6320,42,0,0,0,0,0,0,0,0,6322,45,0,0,0,0,0,0,0,0
112,2017-04-24,09:00:57,0,OI709,XZCE,6322,6272,6332,93070,5868280200,317142,315588,6590,5962,6276,6276,0,6280,0,0,0,2017-04-24,32457000,6320,42,0,0,0,0,0,0,0,0,6322,47,0,0,0,0,0,0,0,0
113,2017-04-24,09:00:57,0,OI709,XZCE,6322,6272,6332,93070,5868280200,317142,315588,6590,5962,6276,6276,0,6280,0,0,0,2017-04-24,32457000,6320,42,0,0,0,0,0,0,0,0,6322,68,0,0,0,0,0,0,0,0
114,2017-04-24,09:00:58,0,OI709,XZCE,6320,6272,6332,93076,5868659400,317148,315588,6590,5962,6276,6276,0,6280,0,0,0,2017-04-24,32458000,6320,39,0,0,0,0,0,0,0,0,6322,69,0,0,0,0,0,0,0,0
115,2017-04-24,09:00:58,0,OI709,XZCE,6322,6272,6332,93088,5869418040,317158,315588,6590,5962,6276,6276,0,6280,0,0,0,2017-04-24,32458000,6320,37,0,0,0,0,0,0,0,0,6322,64,0,0,0,0,0,0,0,0
116,2017-04-24,09:00:59,0,OI709,XZCE,6320,6272,6332,93120,5871440440,317168,315588,6590,5962,6276,6276,0,6280,0,0,0,2017-04-24,32459000,6320,31,0,0,0,0,0,0,0,0,6322,56,0,0,0,0,0,0,0,0
117,2017-04-24,09:00:59,0,OI709,XZCE,6322,6272,6332,93234,5878647520,317184,315588,6590,5962,6276,6276,0,6280,0,0,0,2017-04-24,32459000,6320,25,0,0,0,0,0,0,0,0,6322,11,0,0,0,0,0,0,0,0
118,2017-04-24,09:01:00,0,OI709,XZCE,6322,6272,6332,93264,5880544120,317204,315588,6590,5962,6276,6276,0,6280,0,0,0,2017-04-24,32460000,6322,36,0,0,0,0,0,0,0,0,6324,47,0,0,0,0,0,0,0,0
119,2017-04-24,09:01:00,0,OI709,XZCE,6322,6272,6332,93312,5883578680,317188,315588,6590,5962,6276,6276,0,6280,0,0,0,2017-04-24,32460000,6322,34,0,0,0,0,0,0,0,0,6324,29,0,0,0,0,0,0,0,0
120,2017-04-24,09:01:01,0,OI709,XZCE,6322,6272,6332,93350,5885981040,317192,315588,6590,5962,6276,6276,0,6280,0,0,0,2017-04-24,32461000,6322,36,0,0,0,0,0,0,0,0,6324,18,0,0,0,0,0,0,0,0
121,2017-04-24,09:01:01,0,OI709,XZCE,6322,6272,6332,93352,5886107480,317194,315588,6590,5962,6276,6276,0,6280,0,0,0,2017-04-24,32461000,6322,35,0,0,0,0,0,0,0,0,6324,23,0,0,0,0,0,0,0,0
122,2017-04-24,09:01:02,0,OI709,XZCE,6322,6272,6332,93358,5886486800,317200,315588,6590,5962,6276,6276,0,6280,0,0,0,2017-04-24,32462000,6322,42,0,0,0,0,0,0,0,0,6324,26,0,0,0,0,0,0,0,0
123,2017-04-24,09:01:02,0,OI709,XZCE,6324,6272,6332,93368,5887119200,317200,315588,6590,5962,6276,6276,0,6280,0,0,0,2017-04-24,32462000,6322,39,0,0,0,0,0,0,0,0,6324,24,0,0,0,0,0,0,0,0
124,2017-04-24,09:01:03,0,OI709,XZCE,6324,6272,6332,93374,5887498640,317200,315588,6590,5962,6276,6276,0,6280,0,0,0,2017-04-24,32463000,6322,37,0,0,0,0,0,0,0,0,6324,24,0,0,0,0,0,0,0,0
125,2017-04-24,09:01:03,0,OI709,XZCE,6322,6272,6332,93376,5887625080,317202,315588,6590,5962,6276,6276,0,6280,0,0,0,2017-04-24,32463000,6322,36,0,0,0,0,0,0,0,0,6324,28,0,0,0,0,0,0,0,0
126,2017-04-24,09:01:04,0,OI709,XZCE,6324,6272,6332,93378,5887751560,317202,315588,6590,5962,6276,6276,0,6280,0,0,0,2017-04-24,32464000,6322,31,0,0,0,0,0,0,0,0,6324,27,0,0,0,0,0,0,0,0
127,2017-04-24,09:01:04,0,OI709,XZCE,6322,6272,6332,93380,5887878000,317202,315588,6590,5962,6276,6276,0,6280,0,0,0,2017-04-24,32464000,6322,30,0,0,0,0,0,0,0,0,6324,30,0,0,0,0,0,0,0,0
128,2017-04-24,09:01:05,0,OI709,XZCE,6322,6272,6332,93480,5894200000,317200,315588,6590,5962,6276,6276,0,6280,0,0,0,2017-04-24,32465000,6320,32,0,0,0,0,0,0,0,0,6322,8,0,0,0,0,0,0,0,0
129,2017-04-24,09:01:05,0,OI709,XZCE,6322,6272,6332,93522,5896855240,317208,315588,6590,5962,6276,6276,0,6280,0,0,0,2017-04-24,32465000,6322,16,0,0,0,0,0,0,0,0,6324,35,0,0,0,0,0,0,0,0
130,2017-04-24,09:01:06,0,OI709,XZCE,6322,6272,6332,93528,5897234560,317212,315588,6590,5962,6276,6276,0,6280,0,0,0,2017-04-24,32466000,6322,14,0,0,0,0,0,0,0,0,6324,35,0,0,0,0,0,0,0,0
131,2017-04-24,09:01:06,0,OI709,XZCE,6322,6272,6332,93532,5897487440,317212,315588,6590,5962,6276,6276,0,6280,0,0,0,2017-04-24,32466000,6322,13,0,0,0,0,0,0,0,0,6324,38,0,0,0,0,0,0,0,0
132,2017-04-24,09:01:07,0,OI709,XZCE,6322,6272,6332,93566,5899636920,317238,315588,6590,5962,6276,6276,0,6280,0,0,0,2017-04-24,32467000,6322,4,0,0,0,0,0,0,0,0,6324,36,0,0,0,0,0,0,0,0
133,2017-04-24,09:01:07,0,OI709,XZCE,6324,6272,6332,93570,5899889880,317238,315588,6590,5962,6276,6276,0,6280,0,0,0,2017-04-24,32467000,6322,3,0,0,0,0,0,0,0,0,6324,35,0,0,0,0,0,0,0,0
134,2017-04-24,09:01:08,0,OI709,XZCE,6324,6272,6332,93570,5899889880,317238,315588,6590,5962,6276,6276,0,6280,0,0,0,2017-04-24,32468000,6322,8,0,0,0,0,0,0,0,0,6324,35,0,0,0,0,0,0,0,0
135,2017-04-24,09:01:08,0,OI709,XZCE,6322,6272,6332,93588,5901027840,317234,315588,6590,5962,6276,6276,0,6280,0,0,0,2017-04-24,32468000,6320,41,0,0,0,0,0,0,0,0,6322,42,0,0,0,0,0,0,0,0
136,2017-04-24,09:01:09,0,OI709,XZCE,6322,6272,6332,93588,5901027840,317234,315588,6590,5962,6276,6276,0,6280,0,0,0,2017-04-24,32469000,6320,42,0,0,0,0,0,0,0,0,6322,49,0,0,0,0,0,0,0,0
137,2017-04-24,09:01:09,0,OI709,XZCE,6322,6272,6332,93612,5902545120,317234,315588,6590,5962,6276,6276,0,6280,0,0,0,2017-04-24,32469000,6320,42,0,0,0,0,0,0,0,0,6322,39,0,0,0,0,0,0,0,0
138,2017-04-24,09:01:10,0,OI709,XZCE,6322,6272,6332,93612,5902545120,317234,315588,6590,5962,6276,6276,0,6280,0,0,0,2017-04-24,32470000,6320,45,0,0,0,0,0,0,0,0,6322,40,0,0,0,0,0,0,0,0
139,2017-04-24,09:01:10,0,OI709,XZCE,6322,6272,6332,93612,5902545120,317234,315588,6590,5962,6276,6276,0,6280,0,0,0,2017-04-24,32470000,6320,51,0,0,0,0,0,0,0,0,6322,41,0,0,0,0,0,0,0,0
140,2017-04-24,09:01:11,0,OI709,XZCE,6322,6272,6332,93656,5905326800,317242,315588,6590,5962,6276,6276,0,6280,0,0,0,2017-04-24,32471000,6320,41,0,0,0,0,0,0,0,0,6322,33,0,0,0,0,0,0,0,0
141,2017-04-24,09:01:11,0,OI709,XZCE,6320,6272,6332,93738,5910509200,317236,315588,6590,5962,6276,6276,0,6280,0,0,0,2017-04-24,32471000,6320,37,0,0,0,0,0,0,0,0,6324,35,0,0,0,0,0,0,0,0
142,2017-04-24,09:01:12,0,OI709,XZCE,6320,6272,6332,93746,5911014800,317236,315588,6590,5962,6276,6276,0,6280,0,0,0,2017-04-24,32472000,6320,36,0,0,0,0,0,0,0,0,6322,48,0,0,0,0,0,0,0,0
143,2017-04-24,09:01:12,0,OI709,XZCE,6322,6272,6332,93748,5911141240,317234,315588,6590,5962,6276,6276,0,6280,0,0,0,2017-04-24,32472000,6320,36,0,0,0,0,0,0,0,0,6322,47,0,0,0,0,0,0,0,0
144,2017-04-24,09:01:13,0,OI709,XZCE,6322,6272,6332,93758,5911773440,317242,315588,6590,5962,6276,6276,0,6280,0,0,0,2017-04-24,32473000,6320,25,0,0,0,0,0,0,0,0,6322,59,0,0,0,0,0,0,0,0
145,2017-04-24,09:01:13,0,OI709,XZCE,6320,6272,6332,93816,5915439040,317276,315588,6590,5962,6276,6276,0,6280,0,0,0,2017-04-24,32473000,6318,60,0,0,0,0,0,0,0,0,6320,4,0,0,0,0,0,0,0,0
146,2017-04-24,09:01:14,0,OI709,XZCE,6320,6272,6332,93826,5916071040,317286,315588,6590,5962,6276,6276,0,6280,0,0,0,2017-04-24,32474000,6318,60,0,0,0,0,0,0,0,0,6320,1,0,0,0,0,0,0,0,0
147,2017-04-24,09:01:14,0,OI709,XZCE,6320,6272,6332,93828,5916197440,317288,315588,6590,5962,6276,6276,0,6280,0,0,0,2017-04-24,32474000,6318,58,0,0,0,0,0,0,0,0,6320,4,0,0,0,0,0,0,0,0
148,2017-04-24,09:01:15,0,OI709,XZCE,6320,6272,6332,93828,5916197440,317288,315588,6590,5962,6276,6276,0,6280,0,0,0,2017-04-24,32475000,6318,58,0,0,0,0,0,0,0,0,6320,6,0,0,0,0,0,0,0,0
149,2017-04-24,09:01:16,0,OI709,XZCE,6320,6272,6332,93840,5916955840,317298,315588,6590,5962,6276,6276,0,6280,0,0,0,2017-04-24,32476000,6320,17,0,0,0,0,0,0,0,0,6322,23,0,0,0,0,0,0,0,0
150,2017-04-24,09:01:16,0,OI709,XZCE,6320,6272,6332,93844,5917208640,317294,315588,6590,5962,6276,6276,0,6280,0,0,0,2017-04-24,32476000,6320,15,0,0,0,0,0,0,0,0,6322,24,0,0,0,0,0,0,0,0
151,2017-04-24,09:01:17,0,OI709,XZCE,6320,6272,6332,93848,5917461440,317290,315588,6590,5962,6276,6276,0,6280,0,0,0,2017-04-24,32477000,6320,20,0,0,0,0,0,0,0,0,6322,24,0,0,0,0,0,0,0,0
152,2017-04-24,09:01:17,0,OI709,XZCE,6322,6272,6332,93850,5917587880,317288,315588,6590,5962,6276,6276,0,6280,0,0,0,2017-04-24,32477000,6320,20,0,0,0,0,0,0,0,0,6322,24,0,0,0,0,0,0,0,0
153,2017-04-24,09:01:18,0,OI709,XZCE,6320,6272,6332,93890,5920115880,317262,315588,6590,5962,6276,6276,0,6280,0,0,0,2017-04-24,32478000,6318,69,0,0,0,0,0,0,0,0,6320,24,0,0,0,0,0,0,0,0
154,2017-04-24,09:01:18,0,OI709,XZCE,6320,6272,6332,93904,5921000680,317262,315588,6590,5962,6276,6276,0,6280,0,0,0,2017-04-24,32478000,6318,64,0,0,0,0,0,0,0,0,6320,20,0,0,0,0,0,0,0,0
155,2017-04-24,09:01:19,0,OI709,XZCE,6318,6272,6332,93914,5921632480,317262,315588,6590,5962,6276,6276,0,6280,0,0,0,2017-04-24,32479000,6318,60,0,0,0,0,0,0,0,0,6320,19,0,0,0,0,0,0,0,0
156,2017-04-24,09:01:19,0,OI709,XZCE,6318,6272,6332,93918,5921885200,317262,315588,6590,5962,6276,6276,0,6280,0,0,0,2017-04-24,32479000,6318,59,0,0,0,0,0,0,0,0,6320,19,0,0,0,0,0,0,0,0
157,2017-04-24,09:01:20,0,OI709,XZCE,6318,6272,6332,93928,5922517000,317262,315588,6590,5962,6276,6276,0,6280,0,0,0,2017-04-24,32480000,6318,55,0,0,0,0,0,0,0,0,6320,19,0,0,0,0,0,0,0,0
158,2017-04-24,09:01:20,0,OI709,XZCE,6320,6272,6332,93932,5922769800,317262,315588,6590,5962,6276,6276,0,6280,0,0,0,2017-04-24,32480000,6318,51,0,0,0,0,0,0,0,0,6320,34,0,0,0,0,0,0,0,0
159,2017-04-24,09:01:21,0,OI709,XZCE,6318,6272,6332,93938,5923148880,317264,315588,6590,5962,6276,6276,0,6280,0,0,0,2017-04-24,32481000,6318,50,0,0,0,0,0,0,0,0,6320,33,0,0,0,0,0,0,0,0
160,2017-04-24,09:01:21,0,OI709,XZCE,6320,6272,6332,93942,5923401680,317262,315588,6590,5962,6276,6276,0,6280,0,0,0,2017-04-24,32481000,6318,50,0,0,0,0,0,0,0,0,6320,32,0,0,0,0,0,0,0,0
161,2017-04-24,09:01:22,0,OI709,XZCE,6318,6272,6332,93944,5923528040,317262,315588,6590,5962,6276,6276,0,6280,0,0,0,2017-04-24,32482000,6318,49,0,0,0,0,0,0,0,0,6320,35,0,0,0,0,0,0,0,0
162,2017-04-24,09:01:22,0,OI709,XZCE,6318,6272,6332,93944,5923528040,317262,315588,6590,5962,6276,6276,0,6280,0,0,0,2017-04-24,32482000,6318,49,0,0,0,0,0,0,0,0,6320,37,0,0,0,0,0,0,0,0
163,2017-04-24,09:01:23,0,OI709,XZCE,6318,6272,6332,93946,5923654400,317262,315588,6590,5962,6276,6276,0,6280,0,0,0,2017-04-24,32483000,6318,48,0,0,0,0,0,0,0,0,6320,37,0,0,0,0,0,0,0,0
164,2017-04-24,09:01:23,0,OI709,XZCE,6318,6272,6332,94038,5929466960,317334,315588,6590,5962,6276,6276,0,6280,0,0,0,2017-04-24,32483000,6318,2,0,0,0,0,0,0,0,0,6320,43,0,0,0,0,0,0,0,0
165,2017-04-24,09:01:24,0,OI709,XZCE,6318,6272,6332,94064,5931109640,317336,315588,6590,5962,6276,6276,0,6280,0,0,0,2017-04-24,32484000,6316,26,0,0,0,0,0,0,0,0,6318,3,0,0,0,0,0,0,0,0
166,2017-04-24,09:01:24,0,OI709,XZCE,6318,6272,6332,94064,5931109640,317336,315588,6590,5962,6276,6276,0,6280,0,0,0,2017-04-24,32484000,6316,26,0,0,0,0,0,0,0,0,6318,4,0,0,0,0,0,0,0,0
167,2017-04-24,09:01:25,0,OI709,XZCE,6316,6272,6332,94066,5931235960,317336,315588,6590,5962,6276,6276,0,6280,0,0,0,2017-04-24,32485000,6316,25,0,0,0,0,0,0,0,0,6318,6,0,0,0,0,0,0,0,0
168,2017-04-24,09:01:26,0,OI709,XZCE,6316,6272,6332,94072,5931614920,317336,315588,6590,5962,6276,6276,0,6280,0,0,0,2017-04-24,32486000,6316,16,0,0,0,0,0,0,0,0,6318,11,0,0,0,0,0,0,0,0
169,2017-04-24,09:01:26,0,OI709,XZCE,6316,6272,6332,94084,5932372840,317336,315588,6590,5962,6276,6276,0,6280,0,0,0,2017-04-24,32486000,6316,8,0,0,0,0,0,0,0,0,6318,14,0,0,0,0,0,0,0,0
170,2017-04-24,09:01:27,0,OI709,XZCE,6316,6272,6332,94094,5933004440,317330,315588,6590,5962,6276,6276,0,6280,0,0,0,2017-04-24,32487000,6316,5,0,0,0,0,0,0,0,0,6318,14,0,0,0,0,0,0,0,0
171,2017-04-24,09:01:27,0,OI709,XZCE,6316,6272,6332,94108,5933888680,317328,315588,6590,5962,6276,6276,0,6280,0,0,0,2017-04-24,32487000,6314,19,0,0,0,0,0,0,0,0,6316,10,0,0,0,0,0,0,0,0
172,2017-04-24,09:01:28,0,OI709,XZCE,6316,6272,6332,94112,5934141320,317324,315588,6590,5962,6276,6276,0,6280,0,0,0,2017-04-24,32488000,6314,17,0,0,0,0,0,0,0,0,6316,14,0,0,0,0,0,0,0,0
173,2017-04-24,09:01:28,0,OI709,XZCE,6316,6272,6332,94112,5934141320,317324,315588,6590,5962,6276,6276,0,6280,0,0,0,2017-04-24,32488000,6314,17,0,0,0,0,0,0,0,0,6316,12,0,0,0,0,0,0,0,0
174,2017-04-24,09:01:29,0,OI709,XZCE,6314,6272,6332,94114,5934267600,317324,315588,6590,5962,6276,6276,0,6280,0,0,0,2017-04-24,32489000,6314,25,0,0,0,0,0,0,0,0,6316,14,0,0,0,0,0,0,0,0
175,2017-04-24,09:01:29,0,OI709,XZCE,6314,6272,6332,94114,5934267600,317324,315588,6590,5962,6276,6276,0,6280,0,0,0,2017-04-24,32489000,6314,26,0,0,0,0,0,0,0,0,6316,17,0,0,0,0,0,0,0,0
176,2017-04-24,09:01:30,0,OI709,XZCE,6316,6272,6332,94116,5934393920,317324,315588,6590,5962,6276,6276,0,6280,0,0,0,2017-04-24,32490000,6314,32,0,0,0,0,0,0,0,0,6316,20,0,0,0,0,0,0,0,0
177,2017-04-24,09:01:30,0,OI709,XZCE,6316,6272,6332,94116,5934393920,317324,315588,6590,5962,6276,6276,0,6280,0,0,0,2017-04-24,32490000,6314,32,0,0,0,0,0,0,0,0,6316,16,0,0,0,0,0,0,0,0
178,2017-04-24,09:01:31,0,OI709,XZCE,6314,6272,6332,94118,5934520200,317326,315588,6590,5962,6276,6276,0,6280,0,0,0,2017-04-24,32491000,6314,31,0,0,0,0,0,0,0,0,6316,17,0,0,0,0,0,0,0,0
179,2017-04-24,09:01:31,0,OI709,XZCE,6316,6272,6332,94132,5935404440,317314,315588,6590,5962,6276,6276,0,6280,0,0,0,2017-04-24,32491000,6314,31,0,0,0,0,0,0,0,0,6316,10,0,0,0,0,0,0,0,0
180,2017-04-24,09:01:32,0,OI709,XZCE,6316,6272,6332,94132,5935404440,317314,315588,6590,5962,6276,6276,0,6280,0,0,0,2017-04-24,32492000,6314,26,0,0,0,0,0,0,0,0,6316,12,0,0,0,0,0,0,0,0
181,2017-04-24,09:01:32,0,OI709,XZCE,6314,6272,6332,94142,5936035840,317314,315588,6590,5962,6276,6276,0,6280,0,0,0,2017-04-24,32492000,6314,21,0,0,0,0,0,0,0,0,6316,12,0,0,0,0,0,0,0,0
182,2017-04-24,09:01:33,0,OI709,XZCE,6314,6272,6332,94142,5936035840,317314,315588,6590,5962,6276,6276,0,6280,0,0,0,2017-04-24,32493000,6314,26,0,0,0,0,0,0,0,0,6316,10,0,0,0,0,0,0,0,0
183,2017-04-24,09:01:33,0,OI709,XZCE,6314,6272,6332,94146,5936288400,317316,315588,6590,5962,6276,6276,0,6280,0,0,0,2017-04-24,32493000,6314,25,0,0,0,0,0,0,0,0,6316,11,0,0,0,0,0,0,0,0
184,2017-04-24,09:01:34,0,OI709,XZCE,6314,6272,6332,94166,5937551200,317336,315588,6590,5962,6276,6276,0,6280,0,0,0,2017-04-24,32494000,6314,18,0,0,0,0,0,0,0,0,6316,11,0,0,0,0,0,0,0,0
185,2017-04-24,09:01:34,0,OI709,XZCE,6314,6272,6332,94182,5938561440,317326,315588,6590,5962,6276,6276,0,6280,0,0,0,2017-04-24,32494000,6314,11,0,0,0,0,0,0,0,0,6316,22,0,0,0,0,0,0,0,0
186,2017-04-24,09:01:35,0,OI709,XZCE,6314,6272,6332,94182,5938561440,317326,315588,6590,5962,6276,6276,0,6280,0,0,0,2017-04-24,32495000,6314,12,0,0,0,0,0,0,0,0,6316,29,0,0,0,0,0,0,0,0
187,2017-04-24,09:01:35,0,OI709,XZCE,6314,6272,6332,94192,5939192840,317326,315588,6590,5962,6276,6276,0,6280,0,0,0,2017-04-24,32495000,6314,10,0,0,0,0,0,0,0,0,6316,32,0,0,0,0,0,0,0,0
188,2017-04-24,09:01:36,0,OI709,XZCE,6314,6272,6332,94212,5940455640,317306,315588,6590,5962,6276,6276,0,6280,0,0,0,2017-04-24,32496000,6312,77,0,0,0,0,0,0,0,0,6314,6,0,0,0,0,0,0,0,0
189,2017-04-24,09:01:36,0,OI709,XZCE,6314,6272,6332,94212,5940455640,317306,315588,6590,5962,6276,6276,0,6280,0,0,0,2017-04-24,32496000,6312,77,0,0,0,0,0,0,0,0,6314,11,0,0,0,0,0,0,0,0
190,2017-04-24,09:01:37,0,OI709,XZCE,6314,6272,6332,94234,5941844720,317310,315588,6590,5962,6276,6276,0,6280,0,0,0,2017-04-24,32497000,6314,8,0,0,0,0,0,0,0,0,6316,35,0,0,0,0,0,0,0,0
191,2017-04-24,09:01:37,0,OI709,XZCE,6314,6272,6332,94288,5945254280,317306,315588,6590,5962,6276,6276,0,6280,0,0,0,2017-04-24,32497000,6314,2,0,0,0,0,0,0,0,0,6316,18,0,0,0,0,0,0,0,0
192,2017-04-24,09:01:38,0,OI709,XZCE,6314,6272,6332,94292,5945506840,317308,315588,6590,5962,6276,6276,0,6280,0,0,0,2017-04-24,32498000,6314,4,0,0,0,0,0,0,0,0,6316,19,0,0,0,0,0,0,0,0
193,2017-04-24,09:01:38,0,OI709,XZCE,6316,6272,6332,94294,5945633160,317308,315588,6590,5962,6276,6276,0,6280,0,0,0,2017-04-24,32498000,6314,6,0,0,0,0,0,0,0,0,6316,10,0,0,0,0,0,0,0,0
194,2017-04-24,09:01:39,0,OI709,XZCE,6316,6272,6332,94294,5945633160,317308,315588,6590,5962,6276,6276,0,6280,0,0,0,2017-04-24,32499000,6314,21,0,0,0,0,0,0,0,0,6316,18,0,0,0,0,0,0,0,0
195,2017-04-24,09:01:39,0,OI709,XZCE,6316,6272,6332,94294,5945633160,317308,315588,6590,5962,6276,6276,0,6280,0,0,0,2017-04-24,32499000,6314,22,0,0,0,0,0,0,0,0,6316,20,0,0,0,0,0,0,0,0
196,2017-04-24,09:01:40,0,OI709,XZCE,6316,6272,6332,94294,5945633160,317308,315588,6590,5962,6276,6276,0,6280,0,0,0,2017-04-24,32500000,6314,22,0,0,0,0,0,0,0,0,6316,18,0,0,0,0,0,0,0,0
197,2017-04-24,09:01:40,0,OI709,XZCE,6314,6272,6332,94306,5946390840,317308,315588,6590,5962,6276,6276,0,6280,0,0,0,2017-04-24,32500000,6314,18,0,0,0,0,0,0,0,0,6316,17,0,0,0,0,0,0,0,0
198,2017-04-24,09:01:41,0,OI709,XZCE,6314,6272,6332,94306,5946390840,317308,315588,6590,5962,6276,6276,0,6280,0,0,0,2017-04-24,32501000,6314,18,0,0,0,0,0,0,0,0,6316,20,0,0,0,0,0,0,0,0
199,2017-04-24,09:01:41,0,OI709,XZCE,6314,6272,6332,94306,5946390840,317308,315588,6590,5962,6276,6276,0,6280,0,0,0,2017-04-24,32501000,6314,21,0,0,0,0,0,0,0,0,6316,29,0,0,0,0,0,0,0,0
200,2017-04-24,09:01:42,0,OI709,XZCE,6314,6272,6332,94306,5946390840,317308,315588,6590,5962,6276,6276,0,6280,0,0,0,2017-04-24,32502000,6314,25,0,0,0,0,0,0,0,0,6316,29,0,0,0,0,0,0,0,0
201,2017-04-24,09:01:42,0,OI709,XZCE,6314,6272,6332,94324,5947527360,317308,315588,6590,5962,6276,6276,0,6280,0,0,0,2017-04-24,32502000,6314,27,0,0,0,0,0,0,0,0,6316,21,0,0,0,0,0,0,0,0
202,2017-04-24,09:01:43,0,OI709,XZCE,6314,6272,6332,94332,5948032480,317308,315588,6590,5962,6276,6276,0,6280,0,0,0,2017-04-24,32503000,6314,23,0,0,0,0,0,0,0,0,6316,22,0,0,0,0,0,0,0,0
203,2017-04-24,09:01:44,0,OI709,XZCE,6316,6272,6332,94380,5951064160,317284,315588,6590,5962,6276,6276,0,6280,0,0,0,2017-04-24,32504000,6316,45,0,0,0,0,0,0,0,0,6318,17,0,0,0,0,0,0,0,0
204,2017-04-24,09:01:45,0,OI709,XZCE,6316,6272,6332,94426,5953969520,317254,315588,6590,5962,6276,6276,0,6280,0,0,0,2017-04-24,32505000,6316,25,0,0,0,0,0,0,0,0,6318,17,0,0,0,0,0,0,0,0
205,2017-04-24,09:01:45,0,OI709,XZCE,6316,6272,6332,94428,5954095840,317252,315588,6590,5962,6276,6276,0,6280,0,0,0,2017-04-24,32505000,6316,24,0,0,0,0,0,0,0,0,6318,17,0,0,0,0,0,0,0,0
206,2017-04-24,09:01:46,0,OI709,XZCE,6316,6272,6332,94430,5954222160,317250,315588,6590,5962,6276,6276,0,6280,0,0,0,2017-04-24,32506000,6316,23,0,0,0,0,0,0,0,0,6318,24,0,0,0,0,0,0,0,0
207,2017-04-24,09:01:47,0,OI709,XZCE,6316,6272,6332,94430,5954222160,317250,315588,6590,5962,6276,6276,0,6280,0,0,0,2017-04-24,32507000,6316,23,0,0,0,0,0,0,0,0,6318,23,0,0,0,0,0,0,0,0
208,2017-04-24,09:01:47,0,OI709,XZCE,6316,6272,6332,94444,5955106400,317240,315588,6590,5962,6276,6276,0,6280,0,0,0,2017-04-24,32507000,6316,17,0,0,0,0,0,0,0,0,6318,28,0,0,0,0,0,0,0,0
209,2017-04-24,09:01:48,0,OI709,XZCE,6318,6272,6332,94446,5955232760,317240,315588,6590,5962,6276,6276,0,6280,0,0,0,2017-04-24,32508000,6316,17,0,0,0,0,0,0,0,0,6318,35,0,0,0,0,0,0,0,0
210,2017-04-24,09:01:48,0,OI709,XZCE,6316,6272,6332,94480,5957380200,317268,315588,6590,5962,6276,6276,0,6280,0,0,0,2017-04-24,32508000,6314,25,0,0,0,0,0,0,0,0,6316,49,0,0,0,0,0,0,0,0
211,2017-04-24,09:01:49,0,OI709,XZCE,6316,6272,6332,94480,5957380200,317268,315588,6590,5962,6276,6276,0,6280,0,0,0,2017-04-24,32509000,6314,31,0,0,0,0,0,0,0,0,6316,49,0,0,0,0,0,0,0,0
212,2017-04-24,09:01:49,0,OI709,XZCE,6316,6272,6332,94506,5959022360,317270,315588,6590,5962,6276,6276,0,6280,0,0,0,2017-04-24,32509000,6314,31,0,0,0,0,0,0,0,0,6316,30,0,0,0,0,0,0,0,0
213,2017-04-24,09:01:50,0,OI709,XZCE,6316,6272,6332,94508,5959148680,317272,315588,6590,5962,6276,6276,0,6280,0,0,0,2017-04-24,32510000,6314,34,0,0,0,0,0,0,0,0,6316,29,0,0,0,0,0,0,0,0
214,2017-04-24,09:01:51,0,OI709,XZCE,6316,6272,6332,94514,5959527640,317270,315588,6590,5962,6276,6276,0,6280,0,0,0,2017-04-24,32511000,6316,11,0,0,0,0,0,0,0,0,6318,31,0,0,0,0,0,0,0,0
215,2017-04-24,09:01:51,0,OI709,XZCE,6316,6272,6332,94514,5959527640,317270,315588,6590,5962,6276,6276,0,6280,0,0,0,2017-04-24,32511000,6316,16,0,0,0,0,0,0,0,0,6318,30,0,0,0,0,0,0,0,0
216,2017-04-24,09:01:52,0,OI709,XZCE,6316,6272,6332,94516,5959653960,317268,315588,6590,5962,6276,6276,0,6280,0,0,0,2017-04-24,32512000,6316,15,0,0,0,0,0,0,0,0,6318,30,0,0,0,0,0,0,0,0
217,2017-04-24,09:01:53,0,OI709,XZCE,6316,6272,6332,94516,5959653960,317268,315588,6590,5962,6276,6276,0,6280,0,0,0,2017-04-24,32513000,6316,15,0,0,0,0,0,0,0,0,6318,31,0,0,0,0,0,0,0,0
218,2017-04-24,09:01:54,0,OI709,XZCE,6316,6272,6332,94516,5959653960,317268,315588,6590,5962,6276,6276,0,6280,0,0,0,2017-04-24,32514000,6316,16,0,0,0,0,0,0,0,0,6318,30,0,0,0,0,0,0,0,0
219,2017-04-24,09:01:54,0,OI709,XZCE,6316,6272,6332,94526,5960285560,317264,315588,6590,5962,6276,6276,0,6280,0,0,0,2017-04-24,32514000,6316,11,0,0,0,0,0,0,0,0,6318,32,0,0,0,0,0,0,0,0
220,2017-04-24,09:01:55,0,OI709,XZCE,6318,6272,6332,94546,5961549160,317270,315588,6590,5962,6276,6276,0,6280,0,0,0,2017-04-24,32515000,6316,13,0,0,0,0,0,0,0,0,6318,23,0,0,0,0,0,0,0,0
221,2017-04-24,09:01:55,0,OI709,XZCE,6318,6272,6332,94546,5961549160,317270,315588,6590,5962,6276,6276,0,6280,0,0,0,2017-04-24,32515000,6316,22,0,0,0,0,0,0,0,0,6318,23,0,0,0,0,0,0,0,0
222,2017-04-24,09:01:56,0,OI709,XZCE,6318,6272,6332,94548,5961675520,317272,315588,6590,5962,6276,6276,0,6280,0,0,0,2017-04-24,32516000,6316,22,0,0,0,0,0,0,0,0,6318,22,0,0,0,0,0,0,0,0
223,2017-04-24,09:01:56,0,OI709,XZCE,6318,6272,6332,94548,5961675520,317272,315588,6590,5962,6276,6276,0,6280,0,0,0,2017-04-24,32516000,6316,22,0,0,0,0,0,0,0,0,6318,23,0,0,0,0,0,0,0,0
224,2017-04-24,09:01:57,0,OI709,XZCE,6318,6272,6332,94548,5961675520,317272,315588,6590,5962,6276,6276,0,6280,0,0,0,2017-04-24,32517000,6316,22,0,0,0,0,0,0,0,0,6318,24,0,0,0,0,0,0,0,0
225,2017-04-24,09:01:58,0,OI709,XZCE,6316,6272,6332,94552,5961928160,317272,315588,6590,5962,6276,6276,0,6280,0,0,0,2017-04-24,32518000,6316,13,0,0,0,0,0,0,0,0,6318,37,0,0,0,0,0,0,0,0
226,2017-04-24,09:01:59,0,OI709,XZCE,6316,6272,6332,94566,5962812400,317272,315588,6590,5962,6276,6276,0,6280,0,0,0,2017-04-24,32519000,6316,7,0,0,0,0,0,0,0,0,6318,37,0,0,0,0,0,0,0,0
227,2017-04-24,09:01:59,0,OI709,XZCE,6316,6272,6332,94572,5963191360,317274,315588,6590,5962,6276,6276,0,6280,0,0,0,2017-04-24,32519000,6316,6,0,0,0,0,0,0,0,0,6318,31,0,0,0,0,0,0,0,0
228,2017-04-24,09:02:00,0,OI709,XZCE,6318,6272,6332,94574,5963317720,317274,315588,6590,5962,6276,6276,0,6280,0,0,0,2017-04-24,32520000,6316,18,0,0,0,0,0,0,0,0,6318,24,0,0,0,0,0,0,0,0
229,2017-04-24,09:02:00,0,OI709,XZCE,6316,6272,6332,94576,5963444040,317274,315588,6590,5962,6276,6276,0,6280,0,0,0,2017-04-24,32520000,6316,17,0,0,0,0,0,0,0,0,6318,28,0,0,0,0,0,0,0,0
230,2017-04-24,09:02:02,0,OI709,XZCE,6318,6272,6332,94632,5966982120,317264,315588,6590,5962,6276,6276,0,6280,0,0,0,2017-04-24,32522000,6318,27,0,0,0,0,0,0,0,0,6320,30,0,0,0,0,0,0,0,0
231,2017-04-24,09:02:02,0,OI709,XZCE,6318,6272,6332,94632,5966982120,317264,315588,6590,5962,6276,6276,0,6280,0,0,0,2017-04-24,32522000,6318,43,0,0,0,0,0,0,0,0,6320,34,0,0,0,0,0,0,0,0
232,2017-04-24,09:02:03,0,OI709,XZCE,6318,6272,6332,94632,5966982120,317264,315588,6590,5962,6276,6276,0,6280,0,0,0,2017-04-24,32523000,6318,68,0,0,0,0,0,0,0,0,6320,31,0,0,0,0,0,0,0,0
233,2017-04-24,09:02:04,0,OI709,XZCE,6318,6272,6332,94636,5967234840,317262,315588,6590,5962,6276,6276,0,6280,0,0,0,2017-04-24,32524000,6318,69,0,0,0,0,0,0,0,0,6320,31,0,0,0,0,0,0,0,0
234,2017-04-24,09:02:04,0,OI709,XZCE,6320,6272,6332,94638,5967361240,317262,315588,6590,5962,6276,6276,0,6280,0,0,0,2017-04-24,32524000,6318,69,0,0,0,0,0,0,0,0,6320,32,0,0,0,0,0,0,0,0
235,2017-04-24,09:02:05,0,OI709,XZCE,6320,6272,6332,94640,5967487640,317264,315588,6590,5962,6276,6276,0,6280,0,0,0,2017-04-24,32525000,6318,69,0,0,0,0,0,0,0,0,6320,27,0,0,0,0,0,0,0,0
236,2017-04-24,09:02:05,0,OI709,XZCE,6320,6272,6332,94670,5969383640,317274,315588,6590,5962,6276,6276,0,6280,0,0,0,2017-04-24,32525000,6318,64,0,0,0,0,0,0,0,0,6320,18,0,0,0,0,0,0,0,0
237,2017-04-24,09:02:06,0,OI709,XZCE,6318,6272,6332,94674,5969636360,317274,315588,6590,5962,6276,6276,0,6280,0,0,0,2017-04-24,32526000,6318,64,0,0,0,0,0,0,0,0,6320,16,0,0,0,0,0,0,0,0
238,2017-04-24,09:02:06,0,OI709,XZCE,6320,6272,6332,94676,5969762760,317274,315588,6590,5962,6276,6276,0,6280,0,0,0,2017-04-24,32526000,6318,64,0,0,0,0,0,0,0,0,6320,16,0,0,0,0,0,0,0,0
239,2017-04-24,09:02:07,0,OI709,XZCE,6318,6272,6332,94678,5969889120,317272,315588,6590,5962,6276,6276,0,6280,0,0,0,2017-04-24,32527000,6318,63,0,0,0,0,0,0,0,0,6320,20,0,0,0,0,0,0,0,0
240,2017-04-24,09:02:07,0,OI709,XZCE,6320,6272,6332,94682,5970141920,317272,315588,6590,5962,6276,6276,0,6280,0,0,0,2017-04-24,32527000,6318,63,0,0,0,0,0,0,0,0,6320,19,0,0,0,0,0,0,0,0
241,2017-04-24,09:02:08,0,OI709,XZCE,6318,6272,6332,94684,5970268280,317270,315588,6590,5962,6276,6276,0,6280,0,0,0,2017-04-24,32528000,6318,62,0,0,0,0,0,0,0,0,6320,20,0,0,0,0,0,0,0,0
242,2017-04-24,09:02:08,0,OI709,XZCE,6318,6272,6332,94710,5971910960,317270,315588,6590,5962,6276,6276,0,6280,0,0,0,2017-04-24,32528000,6318,61,0,0,0,0,0,0,0,0,6320,13,0,0,0,0,0,0,0,0
243,2017-04-24,09:02:08,0,OI709,XZCE,6318,6272,6332,94714,5972163680,317270,315588,6590,5962,6276,6276,0,6280,0,0,0,2017-04-24,32528000,6318,59,0,0,0,0,0,0,0,0,6320,13,0,0,0,0,0,0,0,0
244,2017-04-24,09:02:09,0,OI709,XZCE,6318,6272,6332,94714,5972163680,317270,315588,6590,5962,6276,6276,0,6280,0,0,0,2017-04-24,32529000,6318,54,0,0,0,0,0,0,0,0,6320,58,0,0,0,0,0,0,0,0
245,2017-04-24,09:02:10,0,OI709,XZCE,6318,6272,6332,94740,5973806360,317270,315588,6590,5962,6276,6276,0,6280,0,0,0,2017-04-24,32530000,6318,42,0,0,0,0,0,0,0,0,6320,60,0,0,0,0,0,0,0,0
246,2017-04-24,09:02:10,0,OI709,XZCE,6318,6272,6332,94760,5975069960,317270,315588,6590,5962,6276,6276,0,6280,0,0,0,2017-04-24,32530000,6318,32,0,0,0,0,0,0,0,0,6320,60,0,0,0,0,0,0,0,0
247,2017-04-24,09:02:11,0,OI709,XZCE,6320,6272,6332,94770,5975701960,317270,315588,6590,5962,6276,6276,0,6280,0,0,0,2017-04-24,32531000,6318,33,0,0,0,0,0,0,0,0,6320,55,0,0,0,0,0,0,0,0
248,2017-04-24,09:02:11,0,OI709,XZCE,6318,6272,6332,94774,5975954680,317274,315588,6590,5962,6276,6276,0,6280,0,0,0,2017-04-24,32531000,6318,31,0,0,0,0,0,0,0,0,6320,53,0,0,0,0,0,0,0,0
249,2017-04-24,09:02:11,0,OI709,XZCE,6318,6272,6332,94778,5976207400,317278,315588,6590,5962,6276,6276,0,6280,0,0,0,2017-04-24,32531000,6318,29,0,0,0,0,0,0,0,0,6320,53,0,0,0,0,0,0,0,0
250,2017-04-24,09:02:12,0,OI709,XZCE,6318,6272,6332,94778,5976207400,317278,315588,6590,5962,6276,6276,0,6280,0,0,0,2017-04-24,32532000,6318,33,0,0,0,0,0,0,0,0,6320,55,0,0,0,0,0,0,0,0
251,2017-04-24,09:02:13,0,OI709,XZCE,6318,6272,6332,94780,5976333760,317278,315588,6590,5962,6276,6276,0,6280,0,0,0,2017-04-24,32533000,6318,32,0,0,0,0,0,0,0,0,6320,55,0,0,0,0,0,0,0,0
252,2017-04-24,09:02:13,0,OI709,XZCE,6318,6272,6332,94844,5980377280,317300,315588,6590,5962,6276,6276,0,6280,0,0,0,2017-04-24,32533000,6316,19,0,0,0,0,0,0,0,0,6318,33,0,0,0,0,0,0,0,0
253,2017-04-24,09:02:14,0,OI709,XZCE,6318,6272,6332,94844,5980377280,317300,315588,6590,5962,6276,6276,0,6280,0,0,0,2017-04-24,32534000,6316,22,0,0,0,0,0,0,0,0,6318,34,0,0,0,0,0,0,0,0
254,2017-04-24,09:02:15,0,OI709,XZCE,6318,6272,6332,94844,5980377280,317300,315588,6590,5962,6276,6276,0,6280,0,0,0,2017-04-24,32535000,6316,23,0,0,0,0,0,0,0,0,6318,34,0,0,0,0,0,0,0,0
255,2017-04-24,09:02:15,0,OI709,XZCE,6318,6272,6332,94844,5980377280,317300,315588,6590,5962,6276,6276,0,6280,0,0,0,2017-04-24,32535000,6316,78,0,0,0,0,0,0,0,0,6318,34,0,0,0,0,0,0,0,0
256,2017-04-24,09:02:17,0,OI709,XZCE,6318,6272,6332,94846,5980503640,317302,315588,6590,5962,6276,6276,0,6280,0,0,0,2017-04-24,32537000,6316,85,0,0,0,0,0,0,0,0,6318,33,0,0,0,0,0,0,0,0
257,2017-04-24,09:02:17,0,OI709,XZCE,6318,6272,6332,94848,5980630000,317304,315588,6590,5962,6276,6276,0,6280,0,0,0,2017-04-24,32537000,6316,85,0,0,0,0,0,0,0,0,6318,32,0,0,0,0,0,0,0,0
258,2017-04-24,09:02:18,0,OI709,XZCE,6318,6272,6332,94848,5980630000,317304,315588,6590,5962,6276,6276,0,6280,0,0,0,2017-04-24,32538000,6316,85,0,0,0,0,0,0,0,0,6318,37,0,0,0,0,0,0,0,0
259,2017-04-24,09:02:19,0,OI709,XZCE,6318,6272,6332,94848,5980630000,317304,315588,6590,5962,6276,6276,0,6280,0,0,0,2017-04-24,32539000,6316,83,0,0,0,0,0,0,0,0,6318,37,0,0,0,0,0,0,0,0
260,2017-04-24,09:02:20,0,OI709,XZCE,6318,6272,6332,94852,5980882720,317308,315588,6590,5962,6276,6276,0,6280,0,0,0,2017-04-24,32540000,6316,81,0,0,0,0,0,0,0,0,6318,35,0,0,0,0,0,0,0,0
261,2017-04-24,09:02:20,0,OI709,XZCE,6318,6272,6332,94860,5981388160,317316,315588,6590,5962,6276,6276,0,6280,0,0,0,2017-04-24,32540000,6316,81,0,0,0,0,0,0,0,0,6318,33,0,0,0,0,0,0,0,0
262,2017-04-24,09:02:21,0,OI709,XZCE,6318,6272,6332,94862,5981514520,317316,315588,6590,5962,6276,6276,0,6280,0,0,0,2017-04-24,32541000,6316,81,0,0,0,0,0,0,0,0,6318,32,0,0,0,0,0,0,0,0
263,2017-04-24,09:02:22,0,OI709,XZCE,6318,6272,6332,94862,5981514520,317316,315588,6590,5962,6276,6276,0,6280,0,0,0,2017-04-24,32542000,6316,81,0,0,0,0,0,0,0,0,6318,33,0,0,0,0,0,0,0,0
264,2017-04-24,09:02:22,0,OI709,XZCE,6316,6272,6332,95024,5991746440,317426,315588,6590,5962,6276,6276,0,6280,0,0,0,2017-04-24,32542000,6314,30,0,0,0,0,0,0,0,0,6316,6,0,0,0,0,0,0,0,0
265,2017-04-24,09:02:23,0,OI709,XZCE,6316,6272,6332,95024,5991746440,317426,315588,6590,5962,6276,6276,0,6280,0,0,0,2017-04-24,32543000,6314,29,0,0,0,0,0,0,0,0,6316,6,0,0,0,0,0,0,0,0
266,2017-04-24,09:02:23,0,OI709,XZCE,6314,6272,6332,95026,5991872720,317424,315588,6590,5962,6276,6276,0,6280,0,0,0,2017-04-24,32543000,6314,28,0,0,0,0,0,0,0,0,6316,11,0,0,0,0,0,0,0,0
267,2017-04-24,09:02:24,0,OI709,XZCE,6314,6272,6332,95026,5991872720,317424,315588,6590,5962,6276,6276,0,6280,0,0,0,2017-04-24,32544000,6314,26,0,0,0,0,0,0,0,0,6316,12,0,0,0,0,0,0,0,0
268,2017-04-24,09:02:24,0,OI709,XZCE,6314,6272,6332,95026,5991872720,317424,315588,6590,5962,6276,6276,0,6280,0,0,0,2017-04-24,32544000,6314,26,0,0,0,0,0,0,0,0,6316,10,0,0,0,0,0,0,0,0
269,2017-04-24,09:02:25,0,OI709,XZCE,6314,6272,6332,95026,5991872720,317424,315588,6590,5962,6276,6276,0,6280,0,0,0,2017-04-24,32545000,6314,26,0,0,0,0,0,0,0,0,6316,12,0,0,0,0,0,0,0,0
270,2017-04-24,09:02:26,0,OI709,XZCE,6316,6272,6332,95028,5991999040,317426,315588,6590,5962,6276,6276,0,6280,0,0,0,2017-04-24,32546000,6314,26,0,0,0,0,0,0,0,0,6316,11,0,0,0,0,0,0,0,0
271,2017-04-24,09:02:26,0,OI709,XZCE,6316,6272,6332,95028,5991999040,317426,315588,6590,5962,6276,6276,0,6280,0,0,0,2017-04-24,32546000,6314,22,0,0,0,0,0,0,0,0,6316,15,0,0,0,0,0,0,0,0
272,2017-04-24,09:02:27,0,OI709,XZCE,6316,6272,6332,95028,5991999040,317426,315588,6590,5962,6276,6276,0,6280,0,0,0,2017-04-24,32547000,6314,22,0,0,0,0,0,0,0,0,6316,20,0,0,0,0,0,0,0,0
273,2017-04-24,09:02:27,0,OI709,XZCE,6316,6272,6332,95028,5991999040,317426,315588,6590,5962,6276,6276,0,6280,0,0,0,2017-04-24,32547000,6314,32,0,0,0,0,0,0,0,0,6316,21,0,0,0,0,0,0,0,0
274,2017-04-24,09:02:29,0,OI709,XZCE,6314,6272,6332,95032,5992251600,317428,315588,6590,5962,6276,6276,0,6280,0,0,0,2017-04-24,32549000,6314,31,0,0,0,0,0,0,0,0,6316,20,0,0,0,0,0,0,0,0
275,2017-04-24,09:02:29,0,OI709,XZCE,6314,6272,6332,95032,5992251600,317428,315588,6590,5962,6276,6276,0,6280,0,0,0,2017-04-24,32549000,6314,32,0,0,0,0,0,0,0,0,6316,20,0,0,0,0,0,0,0,0
276,2017-04-24,09:02:30,0,OI709,XZCE,6314,6272,6332,95034,5992377880,317430,315588,6590,5962,6276,6276,0,6280,0,0,0,2017-04-24,32550000,6314,31,0,0,0,0,0,0,0,0,6316,20,0,0,0,0,0,0,0,0
277,2017-04-24,09:02:30,0,OI709,XZCE,6316,6272,6332,95036,5992504200,317432,315588,6590,5962,6276,6276,0,6280,0,0,0,2017-04-24,32550000,6314,31,0,0,0,0,0,0,0,0,6316,14,0,0,0,0,0,0,0,0
278,2017-04-24,09:02:31,0,OI709,XZCE,6316,6272,6332,95072,5994777960,317412,315588,6590,5962,6276,6276,0,6280,0,0,0,2017-04-24,32551000,6316,284,0,0,0,0,0,0,0,0,6318,36,0,0,0,0,0,0,0,0
279,2017-04-24,09:02:31,0,OI709,XZCE,6318,6272,6332,95154,5999958720,317468,315588,6590,5962,6276,6276,0,6280,0,0,0,2017-04-24,32551000,6316,295,0,0,0,0,0,0,0,0,6320,40,0,0,0,0,0,0,0,0
280,2017-04-24,09:02:32,0,OI709,XZCE,6318,6272,6332,95160,6000337800,317462,315588,6590,5962,6276,6276,0,6280,0,0,0,2017-04-24,32552000,6316,295,0,0,0,0,0,0,0,0,6320,35,0,0,0,0,0,0,0,0
281,2017-04-24,09:02:32,0,OI709,XZCE,6316,6272,6332,95170,6000969400,317452,315588,6590,5962,6276,6276,0,6280,0,0,0,2017-04-24,32552000,6316,290,0,0,0,0,0,0,0,0,6318,1,0,0,0,0,0,0,0,0
282,2017-04-24,09:02:33,0,OI709,XZCE,6316,6272,6332,95176,6001348360,317446,315588,6590,5962,6276,6276,0,6280,0,0,0,2017-04-24,32553000,6316,281,0,0,0,0,0,0,0,0,6320,42,0,0,0,0,0,0,0,0
283,2017-04-24,09:02:33,0,OI709,XZCE,6316,6272,6332,95178,6001474680,317444,315588,6590,5962,6276,6276,0,6280,0,0,0,2017-04-24,32553000,6316,283,0,0,0,0,0,0,0,0,6320,55,0,0,0,0,0,0,0,0
284,2017-04-24,09:02:34,0,OI709,XZCE,6316,6272,6332,95180,6001601000,317442,315588,6590,5962,6276,6276,0,6280,0,0,0,2017-04-24,32554000,6318,23,0,0,0,0,0,0,0,0,6320,50,0,0,0,0,0,0,0,0
285,2017-04-24,09:02:34,0,OI709,XZCE,6316,6272,6332,95180,6001601000,317442,315588,6590,5962,6276,6276,0,6280,0,0,0,2017-04-24,32554000,6318,24,0,0,0,0,0,0,0,0,6320,50,0,0,0,0,0,0,0,0
286,2017-04-24,09:02:35,0,OI709,XZCE,6316,6272,6332,95180,6001601000,317442,315588,6590,5962,6276,6276,0,6280,0,0,0,2017-04-24,32555000,6318,32,0,0,0,0,0,0,0,0,6320,35,0,0,0,0,0,0,0,0
287,2017-04-24,09:02:36,0,OI709,XZCE,6318,6272,6332,95182,6001727360,317440,315588,6590,5962,6276,6276,0,6280,0,0,0,2017-04-24,32556000,6318,32,0,0,0,0,0,0,0,0,6320,35,0,0,0,0,0,0,0,0
288,2017-04-24,09:02:36,0,OI709,XZCE,6318,6272,6332,95186,6001980080,317440,315588,6590,5962,6276,6276,0,6280,0,0,0,2017-04-24,32556000,6318,30,0,0,0,0,0,0,0,0,6320,35,0,0,0,0,0,0,0,0
289,2017-04-24,09:02:37,0,OI709,XZCE,6318,6272,6332,95190,6002232800,317440,315588,6590,5962,6276,6276,0,6280,0,0,0,2017-04-24,32557000,6318,27,0,0,0,0,0,0,0,0,6320,40,0,0,0,0,0,0,0,0
290,2017-04-24,09:02:37,0,OI709,XZCE,6318,6272,6332,95194,6002485520,317438,315588,6590,5962,6276,6276,0,6280,0,0,0,2017-04-24,32557000,6318,26,0,0,0,0,0,0,0,0,6320,40,0,0,0,0,0,0,0,0
291,2017-04-24,09:02:38,0,OI709,XZCE,6320,6272,6332,95210,6003496720,317450,315588,6590,5962,6276,6276,0,6280,0,0,0,2017-04-24,32558000,6318,28,0,0,0,0,0,0,0,0,6320,28,0,0,0,0,0,0,0,0
292,2017-04-24,09:02:39,0,OI709,XZCE,6320,6272,6332,95212,6003623120,317448,315588,6590,5962,6276,6276,0,6280,0,0,0,2017-04-24,32559000,6318,38,0,0,0,0,0,0,0,0,6320,28,0,0,0,0,0,0,0,0
293,2017-04-24,09:02:39,0,OI709,XZCE,6320,6272,6332,95214,6003749520,317446,315588,6590,5962,6276,6276,0,6280,0,0,0,2017-04-24,32559000,6318,45,0,0,0,0,0,0,0,0,6320,26,0,0,0,0,0,0,0,0
294,2017-04-24,09:02:40,0,OI709,XZCE,6322,6272,6332,95290,6008554240,317462,315588,6590,5962,6276,6276,0,6280,0,0,0,2017-04-24,32560000,6320,15,0,0,0,0,0,0,0,0,6322,28,0,0,0,0,0,0,0,0
295,2017-04-24,09:02:40,0,OI709,XZCE,6322,6272,6332,95334,6011335920,317478,315588,6590,5962,6276,6276,0,6280,0,0,0,2017-04-24,32560000,6320,24,0,0,0,0,0,0,0,0,6322,13,0,0,0,0,0,0,0,0
296,2017-04-24,09:02:41,0,OI709,XZCE,6320,6272,6332,95344,6011967920,317482,315588,6590,5962,6276,6276,0,6280,0,0,0,2017-04-24,32561000,6320,12,0,0,0,0,0,0,0,0,6322,21,0,0,0,0,0,0,0,0
297,2017-04-24,09:02:41,0,OI709,XZCE,6322,6272,6332,95348,6012220800,317482,315588,6590,5962,6276,6276,0,6280,0,0,0,2017-04-24,32561000,6320,15,0,0,0,0,0,0,0,0,6322,29,0,0,0,0,0,0,0,0
298,2017-04-24,09:02:42,0,OI709,XZCE,6322,6272,6332,95348,6012220800,317482,315588,6590,5962,6276,6276,0,6280,0,0,0,2017-04-24,32562000,6320,15,0,0,0,0,0,0,0,0,6322,30,0,0,0,0,0,0,0,0
299,2017-04-24,09:02:43,0,OI709,XZCE,6322,6272,6332,95348,6012220800,317482,315588,6590,5962,6276,6276,0,6280,0,0,0,2017-04-24,32563000,6320,15,0,0,0,0,0,0,0,0,6322,33,0,0,0,0,0,0,0,0
300,2017-04-24,09:02:44,0,OI709,XZCE,6320,6272,6332,95356,6012726400,317482,315588,6590,5962,6276,6276,0,6280,0,0,0,2017-04-24,32564000,6320,11,0,0,0,0,0,0,0,0,6322,33,0,0,0,0,0,0,0,0
301,2017-04-24,09:02:45,0,OI709,XZCE,6320,6272,6332,95358,6012852800,317482,315588,6590,5962,6276,6276,0,6280,0,0,0,2017-04-24,32565000,6320,10,0,0,0,0,0,0,0,0,6322,33,0,0,0,0,0,0,0,0
302,2017-04-24,09:02:45,0,OI709,XZCE,6320,6272,6332,95398,6015380800,317482,315588,6590,5962,6276,6276,0,6280,0,0,0,2017-04-24,32565000,6320,7,0,0,0,0,0,0,0,0,6322,20,0,0,0,0,0,0,0,0
303,2017-04-24,09:02:46,0,OI709,XZCE,6322,6272,6332,95400,6015507240,317482,315588,6590,5962,6276,6276,0,6280,0,0,0,2017-04-24,32566000,6320,30,0,0,0,0,0,0,0,0,6322,17,0,0,0,0,0,0,0,0
304,2017-04-24,09:02:46,0,OI709,XZCE,6320,6272,6332,95406,6015886440,317486,315588,6590,5962,6276,6276,0,6280,0,0,0,2017-04-24,32566000,6320,27,0,0,0,0,0,0,0,0,6322,17,0,0,0,0,0,0,0,0
305,2017-04-24,09:02:47,0,OI709,XZCE,6320,6272,6332,95408,6016012840,317486,315588,6590,5962,6276,6276,0,6280,0,0,0,2017-04-24,32567000,6320,26,0,0,0,0,0,0,0,0,6322,18,0,0,0,0,0,0,0,0
306,2017-04-24,09:02:47,0,OI709,XZCE,6320,6272,6332,95408,6016012840,317486,315588,6590,5962,6276,6276,0,6280,0,0,0,2017-04-24,32567000,6320,8,0,0,0,0,0,0,0,0,6322,26,0,0,0,0,0,0,0,0
307,2017-04-24,09:02:48,0,OI709,XZCE,6322,6272,6332,95410,6016139280,317488,315588,6590,5962,6276,6276,0,6280,0,0,0,2017-04-24,32568000,6320,10,0,0,0,0,0,0,0,0,6322,25,0,0,0,0,0,0,0,0
308,2017-04-24,09:02:48,0,OI709,XZCE,6322,6272,6332,95410,6016139280,317488,315588,6590,5962,6276,6276,0,6280,0,0,0,2017-04-24,32568000,6320,10,0,0,0,0,0,0,0,0,6322,26,0,0,0,0,0,0,0,0
309,2017-04-24,09:02:50,0,OI709,XZCE,6322,6272,6332,95412,6016265720,317490,315588,6590,5962,6276,6276,0,6280,0,0,0,2017-04-24,32570000,6320,12,0,0,0,0,0,0,0,0,6322,28,0,0,0,0,0,0,0,0
310,2017-04-24,09:02:51,0,OI709,XZCE,6318,6272,6332,95432,6017529320,317486,315588,6590,5962,6276,6276,0,6280,0,0,0,2017-04-24,32571000,6318,31,0,0,0,0,0,0,0,0,6320,32,0,0,0,0,0,0,0,0
311,2017-04-24,09:02:51,0,OI709,XZCE,6320,6272,6332,95446,6018414120,317492,315588,6590,5962,6276,6276,0,6280,0,0,0,2017-04-24,32571000,6318,28,0,0,0,0,0,0,0,0,6320,27,0,0,0,0,0,0,0,0
312,2017-04-24,09:02:52,0,OI709,XZCE,6320,6272,6332,95446,6018414120,317492,315588,6590,5962,6276,6276,0,6280,0,0,0,2017-04-24,32572000,6318,28,0,0,0,0,0,0,0,0,6320,28,0,0,0,0,0,0,0,0
313,2017-04-24,09:02:52,0,OI709,XZCE,6320,6272,6332,95446,6018414120,317492,315588,6590,5962,6276,6276,0,6280,0,0,0,2017-04-24,32572000,6318,26,0,0,0,0,0,0,0,0,6320,48,0,0,0,0,0,0,0,0
314,2017-04-24,09:02:54,0,OI709,XZCE,6320,6272,6332,95446,6018414120,317492,315588,6590,5962,6276,6276,0,6280,0,0,0,2017-04-24,32574000,6318,26,0,0,0,0,0,0,0,0,6320,51,0,0,0,0,0,0,0,0
315,2017-04-24,09:02:54,0,OI709,XZCE,6318,6272,6332,95448,6018540480,317492,315588,6590,5962,6276,6276,0,6280,0,0,0,2017-04-24,32574000,6318,25,0,0,0,0,0,0,0,0,6320,53,0,0,0,0,0,0,0,0
316,2017-04-24,09:02:55,0,OI709,XZCE,6318,6272,6332,95448,6018540480,317492,315588,6590,5962,6276,6276,0,6280,0,0,0,2017-04-24,32575000,6318,26,0,0,0,0,0,0,0,0,6320,58,0,0,0,0,0,0,0,0
317,2017-04-24,09:02:56,0,OI709,XZCE,6318,6272,6332,95454,6018919560,317488,315588,6590,5962,6276,6276,0,6280,0,0,0,2017-04-24,32576000,6318,23,0,0,0,0,0,0,0,0,6320,63,0,0,0,0,0,0,0,0
318,2017-04-24,09:02:56,0,OI709,XZCE,6318,6272,6332,95454,6018919560,317488,315588,6590,5962,6276,6276,0,6280,0,0,0,2017-04-24,32576000,6318,23,0,0,0,0,0,0,0,0,6320,64,0,0,0,0,0,0,0,0
319,2017-04-24,09:02:57,0,OI709,XZCE,6318,6272,6332,95454,6018919560,317488,315588,6590,5962,6276,6276,0,6280,0,0,0,2017-04-24,32577000,6318,23,0,0,0,0,0,0,0,0,6320,65,0,0,0,0,0,0,0,0
320,2017-04-24,09:02:58,0,OI709,XZCE,6318,6272,6332,95454,6018919560,317488,315588,6590,5962,6276,6276,0,6280,0,0,0,2017-04-24,32578000,6318,25,0,0,0,0,0,0,0,0,6320,55,0,0,0,0,0,0,0,0
321,2017-04-24,09:02:58,0,OI709,XZCE,6320,6272,6332,95562,6025745160,317452,315588,6590,5962,6276,6276,0,6280,0,0,0,2017-04-24,32578000,6320,24,0,0,0,0,0,0,0,0,6322,36,0,0,0,0,0,0,0,0
322,2017-04-24,09:02:59,0,OI709,XZCE,6320,6272,6332,95566,6025997960,317448,315588,6590,5962,6276,6276,0,6280,0,0,0,2017-04-24,32579000,6320,23,0,0,0,0,0,0,0,0,6322,36,0,0,0,0,0,0,0,0
323,2017-04-24,09:02:59,0,OI709,XZCE,6322,6272,6332,95576,6026630160,317458,315588,6590,5962,6276,6276,0,6280,0,0,0,2017-04-24,32579000,6320,30,0,0,0,0,0,0,0,0,6322,32,0,0,0,0,0,0,0,0
324,2017-04-24,09:03:00,0,OI709,XZCE,6322,6272,6332,95576,6026630160,317458,315588,6590,5962,6276,6276,0,6280,0,0,0,2017-04-24,32580000,6320,32,0,0,0,0,0,0,0,0,6322,32,0,0,0,0,0,0,0,0
325,2017-04-24,09:03:00,0,OI709,XZCE,6322,6272,6332,95576,6026630160,317458,315588,6590,5962,6276,6276,0,6280,0,0,0,2017-04-24,32580000,6320,12,0,0,0,0,0,0,0,0,6322,32,0,0,0,0,0,0,0,0
326,2017-04-24,09:03:01,0,OI709,XZCE,6322,6272,6332,95576,6026630160,317458,315588,6590,5962,6276,6276,0,6280,0,0,0,2017-04-24,32581000,6320,8,0,0,0,0,0,0,0,0,6322,37,0,0,0,0,0,0,0,0
327,2017-04-24,09:03:01,0,OI709,XZCE,6320,6272,6332,95580,6026882960,317458,315588,6590,5962,6276,6276,0,6280,0,0,0,2017-04-24,32581000,6320,10,0,0,0,0,0,0,0,0,6322,49,0,0,0,0,0,0,0,0
328,2017-04-24,09:03:02,0,OI709,XZCE,6320,6272,6332,95620,6029410960,317468,315588,6590,5962,6276,6276,0,6280,0,0,0,2017-04-24,32582000,6318,47,0,0,0,0,0,0,0,0,6320,28,0,0,0,0,0,0,0,0
329,2017-04-24,09:03:02,0,OI709,XZCE,6320,6272,6332,95620,6029410960,317468,315588,6590,5962,6276,6276,0,6280,0,0,0,2017-04-24,32582000,6318,49,0,0,0,0,0,0,0,0,6320,28,0,0,0,0,0,0,0,0
330,2017-04-24,09:03:03,0,OI709,XZCE,6320,6272,6332,95628,6029916560,317464,315588,6590,5962,6276,6276,0,6280,0,0,0,2017-04-24,32583000,6320,8,0,0,0,0,0,0,0,0,6322,38,0,0,0,0,0,0,0,0
331,2017-04-24,09:03:03,0,OI709,XZCE,6320,6272,6332,95652,6031433360,317464,315588,6590,5962,6276,6276,0,6280,0,0,0,2017-04-24,32583000,6320,16,0,0,0,0,0,0,0,0,6322,38,0,0,0,0,0,0,0,0
332,2017-04-24,09:03:04,0,OI709,XZCE,6320,6272,6332,95658,6031812560,317464,315588,6590,5962,6276,6276,0,6280,0,0,0,2017-04-24,32584000,6320,27,0,0,0,0,0,0,0,0,6322,38,0,0,0,0,0,0,0,0
333,2017-04-24,09:03:04,0,OI709,XZCE,6320,6272,6332,95658,6031812560,317464,315588,6590,5962,6276,6276,0,6280,0,0,0,2017-04-24,32584000,6320,29,0,0,0,0,0,0,0,0,6322,33,0,0,0,0,0,0,0,0
334,2017-04-24,09:03:05,0,OI709,XZCE,6320,6272,6332,95658,6031812560,317464,315588,6590,5962,6276,6276,0,6280,0,0,0,2017-04-24,32585000,6320,27,0,0,0,0,0,0,0,0,6322,46,0,0,0,0,0,0,0,0
335,2017-04-24,09:03:06,0,OI709,XZCE,6320,6272,6332,95670,6032570960,317466,315588,6590,5962,6276,6276,0,6280,0,0,0,2017-04-24,32586000,6320,21,0,0,0,0,0,0,0,0,6322,48,0,0,0,0,0,0,0,0
336,2017-04-24,09:03:06,0,OI709,XZCE,6320,6272,6332,95670,6032570960,317466,315588,6590,5962,6276,6276,0,6280,0,0,0,2017-04-24,32586000,6320,21,0,0,0,0,0,0,0,0,6322,47,0,0,0,0,0,0,0,0
337,2017-04-24,09:03:07,0,OI709,XZCE,6320,6272,6332,95672,6032697360,317468,315588,6590,5962,6276,6276,0,6280,0,0,0,2017-04-24,32587000,6320,20,0,0,0,0,0,0,0,0,6322,48,0,0,0,0,0,0,0,0
338,2017-04-24,09:03:07,0,OI709,XZCE,6320,6272,6332,95674,6032823760,317468,315588,6590,5962,6276,6276,0,6280,0,0,0,2017-04-24,32587000,6320,21,0,0,0,0,0,0,0,0,6322,47,0,0,0,0,0,0,0,0
339,2017-04-24,09:03:08,0,OI709,XZCE,6320,6272,6332,95674,6032823760,317468,315588,6590,5962,6276,6276,0,6280,0,0,0,2017-04-24,32588000,6320,21,0,0,0,0,0,0,0,0,6322,48,0,0,0,0,0,0,0,0
340,2017-04-24,09:03:09,0,OI709,XZCE,6320,6272,6332,95676,6032950160,317470,315588,6590,5962,6276,6276,0,6280,0,0,0,2017-04-24,32589000,6320,20,0,0,0,0,0,0,0,0,6322,50,0,0,0,0,0,0,0,0
341,2017-04-24,09:03:09,0,OI709,XZCE,6320,6272,6332,95720,6035730960,317484,315588,6590,5962,6276,6276,0,6280,0,0,0,2017-04-24,32589000,6318,48,0,0,0,0,0,0,0,0,6320,6,0,0,0,0,0,0,0,0
342,2017-04-24,09:03:10,0,OI709,XZCE,6320,6272,6332,95720,6035730960,317484,315588,6590,5962,6276,6276,0,6280,0,0,0,2017-04-24,32590000,6318,50,0,0,0,0,0,0,0,0,6320,6,0,0,0,0,0,0,0,0
343,2017-04-24,09:03:10,0,OI709,XZCE,6320,6272,6332,95740,6036994960,317486,315588,6590,5962,6276,6276,0,6280,0,0,0,2017-04-24,32590000,6318,54,0,0,0,0,0,0,0,0,6320,35,0,0,0,0,0,0,0,0
344,2017-04-24,09:03:11,0,OI709,XZCE,6320,6272,6332,95746,6037374160,317492,315588,6590,5962,6276,6276,0,6280,0,0,0,2017-04-24,32591000,6318,52,0,0,0,0,0,0,0,0,6320,32,0,0,0,0,0,0,0,0
345,2017-04-24,09:03:11,0,OI709,XZCE,6320,6272,6332,95746,6037374160,317492,315588,6590,5962,6276,6276,0,6280,0,0,0,2017-04-24,32591000,6318,50,0,0,0,0,0,0,0,0,6320,53,0,0,0,0,0,0,0,0
346,2017-04-24,09:03:12,0,OI709,XZCE,6320,6272,6332,95746,6037374160,317492,315588,6590,5962,6276,6276,0,6280,0,0,0,2017-04-24,32592000,6318,50,0,0,0,0,0,0,0,0,6320,63,0,0,0,0,0,0,0,0
347,2017-04-24,09:03:12,0,OI709,XZCE,6318,6272,6332,95846,6043692160,317482,315588,6590,5962,6276,6276,0,6280,0,0,0,2017-04-24,32592000,6316,294,0,0,0,0,0,0,0,0,6318,100,0,0,0,0,0,0,0,0
348,2017-04-24,09:03:13,0,OI709,XZCE,6318,6272,6332,95846,6043692160,317482,315588,6590,5962,6276,6276,0,6280,0,0,0,2017-04-24,32593000,6316,297,0,0,0,0,0,0,0,0,6318,100,0,0,0,0,0,0,0,0
349,2017-04-24,09:03:13,0,OI709,XZCE,6318,6272,6332,95918,6048241120,317454,315588,6590,5962,6276,6276,0,6280,0,0,0,2017-04-24,32593000,6316,297,0,0,0,0,0,0,0,0,6318,64,0,0,0,0,0,0,0,0
350,2017-04-24,09:03:14,0,OI709,XZCE,6318,6272,6332,95950,6050262880,317422,315588,6590,5962,6276,6276,0,6280,0,0,0,2017-04-24,32594000,6316,297,0,0,0,0,0,0,0,0,6318,58,0,0,0,0,0,0,0,0
351,2017-04-24,09:03:14,0,OI709,XZCE,6318,6272,6332,96066,6057591760,317342,315588,6590,5962,6276,6276,0,6280,0,0,0,2017-04-24,32594000,6318,78,0,0,0,0,0,0,0,0,6320,48,0,0,0,0,0,0,0,0
352,2017-04-24,09:03:15,0,OI709,XZCE,6318,6272,6332,96066,6057591760,317342,315588,6590,5962,6276,6276,0,6280,0,0,0,2017-04-24,32595000,6318,78,0,0,0,0,0,0,0,0,6320,53,0,0,0,0,0,0,0,0
353,2017-04-24,09:03:15,0,OI709,XZCE,6318,6272,6332,96066,6057591760,317342,315588,6590,5962,6276,6276,0,6280,0,0,0,2017-04-24,32595000,6318,81,0,0,0,0,0,0,0,0,6320,54,0,0,0,0,0,0,0,0
354,2017-04-24,09:03:16,0,OI709,XZCE,6318,6272,6332,96066,6057591760,317342,315588,6590,5962,6276,6276,0,6280,0,0,0,2017-04-24,32596000,6318,51,0,0,0,0,0,0,0,0,6320,54,0,0,0,0,0,0,0,0
355,2017-04-24,09:03:17,0,OI709,XZCE,6318,6272,6332,96066,6057591760,317342,315588,6590,5962,6276,6276,0,6280,0,0,0,2017-04-24,32597000,6318,50,0,0,0,0,0,0,0,0,6320,92,0,0,0,0,0,0,0,0
356,2017-04-24,09:03:17,0,OI709,XZCE,6318,6272,6332,96066,6057591760,317342,315588,6590,5962,6276,6276,0,6280,0,0,0,2017-04-24,32597000,6318,52,0,0,0,0,0,0,0,0,6320,92,0,0,0,0,0,0,0,0
357,2017-04-24,09:03:18,0,OI709,XZCE,6318,6272,6332,96172,6064288840,317332,315588,6590,5962,6276,6276,0,6280,0,0,0,2017-04-24,32598000,6316,298,0,0,0,0,0,0,0,0,6318,25,0,0,0,0,0,0,0,0
358,2017-04-24,09:03:18,0,OI709,XZCE,6318,6272,6332,96172,6064288840,317332,315588,6590,5962,6276,6276,0,6280,0,0,0,2017-04-24,32598000,6316,296,0,0,0,0,0,0,0,0,6318,25,0,0,0,0,0,0,0,0
359,2017-04-24,09:03:19,0,OI709,XZCE,6318,6272,6332,96172,6064288840,317332,315588,6590,5962,6276,6276,0,6280,0,0,0,2017-04-24,32599000,6316,298,0,0,0,0,0,0,0,0,6320,98,0,0,0,0,0,0,0,0
360,2017-04-24,09:03:19,0,OI709,XZCE,6318,6272,6332,96172,6064288840,317332,315588,6590,5962,6276,6276,0,6280,0,0,0,2017-04-24,32599000,6316,296,0,0,0,0,0,0,0,0,6320,98,0,0,0,0,0,0,0,0
361,2017-04-24,09:03:20,0,OI709,XZCE,6318,6272,6332,96172,6064288840,317332,315588,6590,5962,6276,6276,0,6280,0,0,0,2017-04-24,32600000,6316,296,0,0,0,0,0,0,0,0,6320,104,0,0,0,0,0,0,0,0
362,2017-04-24,09:03:20,0,OI709,XZCE,6318,6272,6332,96184,6065047000,317322,315588,6590,5962,6276,6276,0,6280,0,0,0,2017-04-24,32600000,6316,290,0,0,0,0,0,0,0,0,6318,15,0,0,0,0,0,0,0,0
363,2017-04-24,09:03:21,0,OI709,XZCE,6318,6272,6332,96188,6065299720,317324,315588,6590,5962,6276,6276,0,6280,0,0,0,2017-04-24,32601000,6316,290,0,0,0,0,0,0,0,0,6318,13,0,0,0,0,0,0,0,0
364,2017-04-24,09:03:22,0,OI709,XZCE,6318,6272,6332,96214,6066942400,317310,315588,6590,5962,6276,6276,0,6280,0,0,0,2017-04-24,32602000,6318,40,0,0,0,0,0,0,0,0,6320,102,0,0,0,0,0,0,0,0
365,2017-04-24,09:03:23,0,OI709,XZCE,6318,6272,6332,96214,6066942400,317310,315588,6590,5962,6276,6276,0,6280,0,0,0,2017-04-24,32603000,6318,40,0,0,0,0,0,0,0,0,6320,101,0,0,0,0,0,0,0,0
366,2017-04-24,09:03:23,0,OI709,XZCE,6320,6272,6332,96216,6067068800,317312,315588,6590,5962,6276,6276,0,6280,0,0,0,2017-04-24,32603000,6318,40,0,0,0,0,0,0,0,0,6320,102,0,0,0,0,0,0,0,0
367,2017-04-24,09:03:24,0,OI709,XZCE,6318,6272,6332,96222,6067447880,317308,315588,6590,5962,6276,6276,0,6280,0,0,0,2017-04-24,32604000,6318,37,0,0,0,0,0,0,0,0,6320,106,0,0,0,0,0,0,0,0
368,2017-04-24,09:03:24,0,OI709,XZCE,6318,6272,6332,96222,6067447880,317308,315588,6590,5962,6276,6276,0,6280,0,0,0,2017-04-24,32604000,6318,42,0,0,0,0,0,0,0,0,6320,106,0,0,0,0,0,0,0,0
369,2017-04-24,09:03:25,0,OI709,XZCE,6318,6272,6332,96222,6067447880,317308,315588,6590,5962,6276,6276,0,6280,0,0,0,2017-04-24,32605000,6318,44,0,0,0,0,0,0,0,0,6320,116,0,0,0,0,0,0,0,0
370,2017-04-24,09:03:25,0,OI709,XZCE,6318,6272,6332,96222,6067447880,317308,315588,6590,5962,6276,6276,0,6280,0,0,0,2017-04-24,32605000,6318,44,0,0,0,0,0,0,0,0,6320,117,0,0,0,0,0,0,0,0
371,2017-04-24,09:03:26,0,OI709,XZCE,6318,6272,6332,96242,6068711480,317288,315588,6590,5962,6276,6276,0,6280,0,0,0,2017-04-24,32606000,6318,34,0,0,0,0,0,0,0,0,6320,117,0,0,0,0,0,0,0,0
372,2017-04-24,09:03:27,0,OI709,XZCE,6318,6272,6332,96248,6069090560,317286,315588,6590,5962,6276,6276,0,6280,0,0,0,2017-04-24,32607000,6318,35,0,0,0,0,0,0,0,0,6320,115,0,0,0,0,0,0,0,0
373,2017-04-24,09:03:28,0,OI709,XZCE,6318,6272,6332,96252,6069343280,317286,315588,6590,5962,6276,6276,0,6280,0,0,0,2017-04-24,32608000,6318,36,0,0,0,0,0,0,0,0,6320,115,0,0,0,0,0,0,0,0
374,2017-04-24,09:03:28,0,OI709,XZCE,6318,6272,6332,96252,6069343280,317286,315588,6590,5962,6276,6276,0,6280,0,0,0,2017-04-24,32608000,6318,37,0,0,0,0,0,0,0,0,6320,120,0,0,0,0,0,0,0,0
375,2017-04-24,09:03:29,0,OI709,XZCE,6318,6272,6332,96254,6069469640,317286,315588,6590,5962,6276,6276,0,6280,0,0,0,2017-04-24,32609000,6318,34,0,0,0,0,0,0,0,0,6320,114,0,0,0,0,0,0,0,0
376,2017-04-24,09:03:29,0,OI709,XZCE,6318,6272,6332,96280,6071112320,317278,315588,6590,5962,6276,6276,0,6280,0,0,0,2017-04-24,32609000,6316,294,0,0,0,0,0,0,0,0,6318,2,0,0,0,0,0,0,0,0
377,2017-04-24,09:03:30,0,OI709,XZCE,6318,6272,6332,96322,6073765880,317264,315588,6590,5962,6276,6276,0,6280,0,0,0,2017-04-24,32610000,6316,281,0,0,0,0,0,0,0,0,6318,1,0,0,0,0,0,0,0,0
378,2017-04-24,09:03:30,0,OI709,XZCE,6318,6272,6332,96322,6073765880,317264,315588,6590,5962,6276,6276,0,6280,0,0,0,2017-04-24,32610000,6316,284,0,0,0,0,0,0,0,0,6318,39,0,0,0,0,0,0,0,0
379,2017-04-24,09:03:31,0,OI709,XZCE,6318,6272,6332,96328,6074144960,317267,315588,6590,5962,6276,6276,0,6280,0,0,0,2017-04-24,32611000,6316,279,0,0,0,0,0,0,0,0,6318,39,0,0,0,0,0,0,0,0
380,2017-04-24,09:03:31,0,OI709,XZCE,6318,6272,6332,96342,6075029480,317262,315588,6590,5962,6276,6276,0,6280,0,0,0,2017-04-24,32611000,6316,279,0,0,0,0,0,0,0,0,6318,33,0,0,0,0,0,0,0,0
381,2017-04-24,09:03:32,0,OI709,XZCE,6318,6272,6332,96346,6075282200,317262,315588,6590,5962,6276,6276,0,6280,0,0,0,2017-04-24,32612000,6316,279,0,0,0,0,0,0,0,0,6318,31,0,0,0,0,0,0,0,0
382,2017-04-24,09:03:32,0,OI709,XZCE,6318,6272,6332,96348,6075408560,317262,315588,6590,5962,6276,6276,0,6280,0,0,0,2017-04-24,32612000,6316,280,0,0,0,0,0,0,0,0,6318,30,0,0,0,0,0,0,0,0
383,2017-04-24,09:03:33,0,OI709,XZCE,6318,6272,6332,96418,6079831160,317266,315588,6590,5962,6276,6276,0,6280,0,0,0,2017-04-24,32613000,6318,66,0,0,0,0,0,0,0,0,6320,84,0,0,0,0,0,0,0,0
384,2017-04-24,09:03:33,0,OI709,XZCE,6320,6272,6332,96420,6079957560,317266,315588,6590,5962,6276,6276,0,6280,0,0,0,2017-04-24,32613000,6318,66,0,0,0,0,0,0,0,0,6320,83,0,0,0,0,0,0,0,0
385,2017-04-24,09:03:34,0,OI709,XZCE,6318,6272,6332,96426,6080336640,317266,315588,6590,5962,6276,6276,0,6280,0,0,0,2017-04-24,32614000,6318,63,0,0,0,0,0,0,0,0,6320,84,0,0,0,0,0,0,0,0
386,2017-04-24,09:03:34,0,OI709,XZCE,6318,6272,6332,96426,6080336640,317266,315588,6590,5962,6276,6276,0,6280,0,0,0,2017-04-24,32614000,6318,63,0,0,0,0,0,0,0,0,6320,87,0,0,0,0,0,0,0,0
387,2017-04-24,09:03:35,0,OI709,XZCE,6318,6272,6332,96426,6080336640,317266,315588,6590,5962,6276,6276,0,6280,0,0,0,2017-04-24,32615000,6318,63,0,0,0,0,0,0,0,0,6320,81,0,0,0,0,0,0,0,0
388,2017-04-24,09:03:35,0,OI709,XZCE,6318,6272,6332,96426,6080336640,317266,315588,6590,5962,6276,6276,0,6280,0,0,0,2017-04-24,32615000,6318,65,0,0,0,0,0,0,0,0,6320,86,0,0,0,0,0,0,0,0
389,2017-04-24,09:03:36,0,OI709,XZCE,6318,6272,6332,96426,6080336640,317266,315588,6590,5962,6276,6276,0,6280,0,0,0,2017-04-24,32616000,6318,113,0,0,0,0,0,0,0,0,6320,86,0,0,0,0,0,0,0,0
390,2017-04-24,09:03:37,0,OI709,XZCE,6320,6272,6332,96430,6080589440,317266,315588,6590,5962,6276,6276,0,6280,0,0,0,2017-04-24,32617000,6318,118,0,0,0,0,0,0,0,0,6320,84,0,0,0,0,0,0,0,0
391,2017-04-24,09:03:37,0,OI709,XZCE,6320,6272,6332,96446,6081600640,317266,315588,6590,5962,6276,6276,0,6280,0,0,0,2017-04-24,32617000,6318,118,0,0,0,0,0,0,0,0,6320,76,0,0,0,0,0,0,0,0
392,2017-04-24,09:03:38,0,OI709,XZCE,6320,6272,6332,96446,6081600640,317266,315588,6590,5962,6276,6276,0,6280,0,0,0,2017-04-24,32618000,6318,120,0,0,0,0,0,0,0,0,6320,76,0,0,0,0,0,0,0,0
393,2017-04-24,09:03:38,0,OI709,XZCE,6318,6272,6332,96448,6081727000,317266,315588,6590,5962,6276,6276,0,6280,0,0,0,2017-04-24,32618000,6318,70,0,0,0,0,0,0,0,0,6320,80,0,0,0,0,0,0,0,0
394,2017-04-24,09:03:39,0,OI709,XZCE,6318,6272,6332,96472,6083243320,317266,315588,6590,5962,6276,6276,0,6280,0,0,0,2017-04-24,32619000,6318,58,0,0,0,0,0,0,0,0,6320,80,0,0,0,0,0,0,0,0
395,2017-04-24,09:03:39,0,OI709,XZCE,6318,6272,6332,96486,6084127840,317280,315588,6590,5962,6276,6276,0,6280,0,0,0,2017-04-24,32619000,6318,46,0,0,0,0,0,0,0,0,6320,86,0,0,0,0,0,0,0,0
396,2017-04-24,09:03:40,0,OI709,XZCE,6318,6272,6332,96514,6085896880,317294,315588,6590,5962,6276,6276,0,6280,0,0,0,2017-04-24,32620000,6318,32,0,0,0,0,0,0,0,0,6320,90,0,0,0,0,0,0,0,0
397,2017-04-24,09:03:40,0,OI709,XZCE,6316,6272,6332,96580,6090065440,317356,315588,6590,5962,6276,6276,0,6280,0,0,0,2017-04-24,32620000,6316,281,0,0,0,0,0,0,0,0,6318,40,0,0,0,0,0,0,0,0
398,2017-04-24,09:03:41,0,OI709,XZCE,6316,6272,6332,96580,6090065440,317356,315588,6590,5962,6276,6276,0,6280,0,0,0,2017-04-24,32621000,6316,281,0,0,0,0,0,0,0,0,6318,41,0,0,0,0,0,0,0,0
399,2017-04-24,09:03:41,0,OI709,XZCE,6316,6272,6332,96580,6090065440,317356,315588,6590,5962,6276,6276,0,6280,0,0,0,2017-04-24,32621000,6316,280,0,0,0,0,0,0,0,0,6318,41,0,0,0,0,0,0,0,0
400,2017-04-24,09:03:42,0,OI709,XZCE,6316,6272,6332,96586,6090444400,317350,315588,6590,5962,6276,6276,0,6280,0,0,0,2017-04-24,32622000,6316,275,0,0,0,0,0,0,0,0,6318,42,0,0,0,0,0,0,0,0
401,2017-04-24,09:03:42,0,OI709,XZCE,6316,6272,6332,96586,6090444400,317350,315588,6590,5962,6276,6276,0,6280,0,0,0,2017-04-24,32622000,6316,275,0,0,0,0,0,0,0,0,6318,43,0,0,0,0,0,0,0,0
402,2017-04-24,09:03:43,0,OI709,XZCE,6318,6272,6332,96588,6090570760,317352,315588,6590,5962,6276,6276,0,6280,0,0,0,2017-04-24,32623000,6316,275,0,0,0,0,0,0,0,0,6318,42,0,0,0,0,0,0,0,0
403,2017-04-24,09:03:43,0,OI709,XZCE,6316,6272,6332,96590,6090697080,317350,315588,6590,5962,6276,6276,0,6280,0,0,0,2017-04-24,32623000,6316,274,0,0,0,0,0,0,0,0,6318,44,0,0,0,0,0,0,0,0
404,2017-04-24,09:03:44,0,OI709,XZCE,6316,6272,6332,96590,6090697080,317350,315588,6590,5962,6276,6276,0,6280,0,0,0,2017-04-24,32624000,6316,274,0,0,0,0,0,0,0,0,6318,46,0,0,0,0,0,0,0,0
405,2017-04-24,09:03:45,0,OI709,XZCE,6318,6272,6332,96592,6090823440,317350,315588,6590,5962,6276,6276,0,6280,0,0,0,2017-04-24,32625000,6316,274,0,0,0,0,0,0,0,0,6318,47,0,0,0,0,0,0,0,0
406,2017-04-24,09:03:46,0,OI709,XZCE,6316,6272,6332,96594,6090949760,317348,315588,6590,5962,6276,6276,0,6280,0,0,0,2017-04-24,32626000,6316,273,0,0,0,0,0,0,0,0,6318,47,0,0,0,0,0,0,0,0
407,2017-04-24,09:03:46,0,OI709,XZCE,6316,6272,6332,96594,6090949760,317348,315588,6590,5962,6276,6276,0,6280,0,0,0,2017-04-24,32626000,6316,275,0,0,0,0,0,0,0,0,6318,49,0,0,0,0,0,0,0,0
408,2017-04-24,09:03:47,0,OI709,XZCE,6316,6272,6332,96594,6090949760,317348,315588,6590,5962,6276,6276,0,6280,0,0,0,2017-04-24,32627000,6316,273,0,0,0,0,0,0,0,0,6318,49,0,0,0,0,0,0,0,0
409,2017-04-24,09:03:48,0,OI709,XZCE,6318,6272,6332,96596,6091076120,317350,315588,6590,5962,6276,6276,0,6280,0,0,0,2017-04-24,32628000,6316,273,0,0,0,0,0,0,0,0,6318,47,0,0,0,0,0,0,0,0
410,2017-04-24,09:03:48,0,OI709,XZCE,6316,6272,6332,96598,6091202440,317350,315588,6590,5962,6276,6276,0,6280,0,0,0,2017-04-24,32628000,6316,272,0,0,0,0,0,0,0,0,6318,47,0,0,0,0,0,0,0,0
411,2017-04-24,09:03:49,0,OI709,XZCE,6316,6272,6332,96598,6091202440,317350,315588,6590,5962,6276,6276,0,6280,0,0,0,2017-04-24,32629000,6316,272,0,0,0,0,0,0,0,0,6318,50,0,0,0,0,0,0,0,0
412,2017-04-24,09:03:50,0,OI709,XZCE,6316,6272,6332,96722,6099034280,317350,315588,6590,5962,6276,6276,0,6280,0,0,0,2017-04-24,32630000,6316,210,0,0,0,0,0,0,0,0,6318,50,0,0,0,0,0,0,0,0
413,2017-04-24,09:03:50,0,OI709,XZCE,6316,6272,6332,96776,6102444920,317342,315588,6590,5962,6276,6276,0,6280,0,0,0,2017-04-24,32630000,6316,183,0,0,0,0,0,0,0,0,6318,56,0,0,0,0,0,0,0,0
414,2017-04-24,09:03:51,0,OI709,XZCE,6316,6272,6332,96792,6103455480,317342,315588,6590,5962,6276,6276,0,6280,0,0,0,2017-04-24,32631000,6316,175,0,0,0,0,0,0,0,0,6318,57,0,0,0,0,0,0,0,0
415,2017-04-24,09:03:51,0,OI709,XZCE,6316,6272,6332,96792,6103455480,317342,315588,6590,5962,6276,6276,0,6280,0,0,0,2017-04-24,32631000,6316,175,0,0,0,0,0,0,0,0,6318,59,0,0,0,0,0,0,0,0
416,2017-04-24,09:03:52,0,OI709,XZCE,6318,6272,6332,96826,6105603600,317348,315588,6590,5962,6276,6276,0,6280,0,0,0,2017-04-24,32632000,6316,161,0,0,0,0,0,0,0,0,6318,57,0,0,0,0,0,0,0,0
417,2017-04-24,09:03:52,0,OI709,XZCE,6318,6272,6332,96826,6105603600,317348,315588,6590,5962,6276,6276,0,6280,0,0,0,2017-04-24,32632000,6316,161,0,0,0,0,0,0,0,0,6318,58,0,0,0,0,0,0,0,0
418,2017-04-24,09:03:53,0,OI709,XZCE,6318,6272,6332,96826,6105603600,317348,315588,6590,5962,6276,6276,0,6280,0,0,0,2017-04-24,32633000,6316,161,0,0,0,0,0,0,0,0,6318,54,0,0,0,0,0,0,0,0
419,2017-04-24,09:03:54,0,OI709,XZCE,6318,6272,6332,96842,6106614480,317348,315588,6590,5962,6276,6276,0,6280,0,0,0,2017-04-24,32634000,6316,160,0,0,0,0,0,0,0,0,6318,47,0,0,0,0,0,0,0,0
420,2017-04-24,09:03:55,0,OI709,XZCE,6318,6272,6332,96874,6108636240,317368,315588,6590,5962,6276,6276,0,6280,0,0,0,2017-04-24,32635000,6316,154,0,0,0,0,0,0,0,0,6318,29,0,0,0,0,0,0,0,0
421,2017-04-24,09:03:55,0,OI709,XZCE,6316,6272,6332,96876,6108762560,317366,315588,6590,5962,6276,6276,0,6280,0,0,0,2017-04-24,32635000,6316,153,0,0,0,0,0,0,0,0,6318,32,0,0,0,0,0,0,0,0
422,2017-04-24,09:03:56,0,OI709,XZCE,6316,6272,6332,96876,6108762560,317366,315588,6590,5962,6276,6276,0,6280,0,0,0,2017-04-24,32636000,6316,153,0,0,0,0,0,0,0,0,6318,47,0,0,0,0,0,0,0,0
423,2017-04-24,09:03:56,0,OI709,XZCE,6316,6272,6332,96898,6110152080,317344,315588,6590,5962,6276,6276,0,6280,0,0,0,2017-04-24,32636000,6316,142,0,0,0,0,0,0,0,0,6318,47,0,0,0,0,0,0,0,0
424,2017-04-24,09:03:57,0,OI709,XZCE,6316,6272,6332,96898,6110152080,317344,315588,6590,5962,6276,6276,0,6280,0,0,0,2017-04-24,32637000,6316,142,0,0,0,0,0,0,0,0,6318,52,0,0,0,0,0,0,0,0
425,2017-04-24,09:03:58,0,OI709,XZCE,6318,6272,6332,96982,6115459200,317332,315588,6590,5962,6276,6276,0,6280,0,0,0,2017-04-24,32638000,6316,142,0,0,0,0,0,0,0,0,6318,9,0,0,0,0,0,0,0,0
426,2017-04-24,09:03:58,0,OI709,XZCE,6318,6272,6332,97000,6116596440,317342,315588,6590,5962,6276,6276,0,6280,0,0,0,2017-04-24,32638000,6318,57,0,0,0,0,0,0,0,0,6320,103,0,0,0,0,0,0,0,0
427,2017-04-24,09:03:59,0,OI709,XZCE,6318,6272,6332,97000,6116596440,317342,315588,6590,5962,6276,6276,0,6280,0,0,0,2017-04-24,32639000,6318,58,0,0,0,0,0,0,0,0,6320,106,0,0,0,0,0,0,0,0
428,2017-04-24,09:03:59,0,OI709,XZCE,6318,6272,6332,97002,6116722800,317344,315588,6590,5962,6276,6276,0,6280,0,0,0,2017-04-24,32639000,6318,58,0,0,0,0,0,0,0,0,6320,106,0,0,0,0,0,0,0,0
429,2017-04-24,09:04:00,0,OI709,XZCE,6318,6272,6332,97006,6116975520,317340,315588,6590,5962,6276,6276,0,6280,0,0,0,2017-04-24,32640000,6318,56,0,0,0,0,0,0,0,0,6320,106,0,0,0,0,0,0,0,0
430,2017-04-24,09:04:00,0,OI709,XZCE,6318,6272,6332,97008,6117101880,317340,315588,6590,5962,6276,6276,0,6280,0,0,0,2017-04-24,32640000,6318,55,0,0,0,0,0,0,0,0,6320,106,0,0,0,0,0,0,0,0
431,2017-04-24,09:04:01,0,OI709,XZCE,6320,6272,6332,97032,6118618680,317340,315588,6590,5962,6276,6276,0,6280,0,0,0,2017-04-24,32641000,6318,55,0,0,0,0,0,0,0,0,6320,94,0,0,0,0,0,0,0,0
432,2017-04-24,09:04:02,0,OI709,XZCE,6320,6272,6332,97032,6118618680,317340,315588,6590,5962,6276,6276,0,6280,0,0,0,2017-04-24,32642000,6318,55,0,0,0,0,0,0,0,0,6320,95,0,0,0,0,0,0,0,0
433,2017-04-24,09:04:03,0,OI709,XZCE,6318,6272,6332,97044,6119376840,317340,315588,6590,5962,6276,6276,0,6280,0,0,0,2017-04-24,32643000,6318,2,0,0,0,0,0,0,0,0,6320,95,0,0,0,0,0,0,0,0
434,2017-04-24,09:04:03,0,OI709,XZCE,6318,6272,6332,97048,6119629560,317336,315588,6590,5962,6276,6276,0,6280,0,0,0,2017-04-24,32643000,6316,193,0,0,0,0,0,0,0,0,6318,15,0,0,0,0,0,0,0,0
435,2017-04-24,09:04:03,0,OI709,XZCE,6318,6272,6332,97048,6119629560,317336,315588,6590,5962,6276,6276,0,6280,0,0,0,2017-04-24,32643000,6316,232,0,0,0,0,0,0,0,0,6318,25,0,0,0,0,0,0,0,0
436,2017-04-24,09:04:04,0,OI709,XZCE,6318,6272,6332,97048,6119629560,317336,315588,6590,5962,6276,6276,0,6280,0,0,0,2017-04-24,32644000,6316,236,0,0,0,0,0,0,0,0,6318,30,0,0,0,0,0,0,0,0
437,2017-04-24,09:04:04,0,OI709,XZCE,6318,6272,6332,97048,6119629560,317336,315588,6590,5962,6276,6276,0,6280,0,0,0,2017-04-24,32644000,6316,236,0,0,0,0,0,0,0,0,6318,32,0,0,0,0,0,0,0,0
438,2017-04-24,09:04:05,0,OI709,XZCE,6318,6272,6332,97048,6119629560,317336,315588,6590,5962,6276,6276,0,6280,0,0,0,2017-04-24,32645000,6316,236,0,0,0,0,0,0,0,0,6318,34,0,0,0,0,0,0,0,0
439,2017-04-24,09:04:05,0,OI709,XZCE,6318,6272,6332,97050,6119755920,317338,315588,6590,5962,6276,6276,0,6280,0,0,0,2017-04-24,32645000,6316,236,0,0,0,0,0,0,0,0,6318,34,0,0,0,0,0,0,0,0
440,2017-04-24,09:04:06,0,OI709,XZCE,6318,6272,6332,97050,6119755920,317338,315588,6590,5962,6276,6276,0,6280,0,0,0,2017-04-24,32646000,6316,237,0,0,0,0,0,0,0,0,6318,34,0,0,0,0,0,0,0,0
441,2017-04-24,09:04:07,0,OI709,XZCE,6318,6272,6332,97052,6119882280,317338,315588,6590,5962,6276,6276,0,6280,0,0,0,2017-04-24,32647000,6316,237,0,0,0,0,0,0,0,0,6318,33,0,0,0,0,0,0,0,0
442,2017-04-24,09:04:07,0,OI709,XZCE,6318,6272,6332,97114,6123799440,317368,315588,6590,5962,6276,6276,0,6280,0,0,0,2017-04-24,32647000,6318,47,0,0,0,0,0,0,0,0,6320,104,0,0,0,0,0,0,0,0
443,2017-04-24,09:04:08,0,OI709,XZCE,6318,6272,6332,97114,6123799440,317368,315588,6590,5962,6276,6276,0,6280,0,0,0,2017-04-24,32648000,6318,51,0,0,0,0,0,0,0,0,6320,104,0,0,0,0,0,0,0,0
444,2017-04-24,09:04:08,0,OI709,XZCE,6318,6272,6332,97134,6125063040,317368,315588,6590,5962,6276,6276,0,6280,0,0,0,2017-04-24,32648000,6318,45,0,0,0,0,0,0,0,0,6320,104,0,0,0,0,0,0,0,0
445,2017-04-24,09:04:09,0,OI709,XZCE,6318,6272,6332,97338,6137951760,317448,315588,6590,5962,6276,6276,0,6280,0,0,0,2017-04-24,32649000,6316,191,0,0,0,0,0,0,0,0,6320,104,0,0,0,0,0,0,0,0
446,2017-04-24,09:04:09,0,OI709,XZCE,6318,6272,6332,97350,6138709920,317436,315588,6590,5962,6276,6276,0,6280,0,0,0,2017-04-24,32649000,6318,19,0,0,0,0,0,0,0,0,6320,105,0,0,0,0,0,0,0,0
447,2017-04-24,09:04:10,0,OI709,XZCE,6318,6272,6332,97392,6141363480,317396,315588,6590,5962,6276,6276,0,6280,0,0,0,2017-04-24,32650000,6316,138,0,0,0,0,0,0,0,0,6318,14,0,0,0,0,0,0,0,0
448,2017-04-24,09:04:10,0,OI709,XZCE,6318,6272,6332,97400,6141868920,317388,315588,6590,5962,6276,6276,0,6280,0,0,0,2017-04-24,32650000,6316,136,0,0,0,0,0,0,0,0,6318,10,0,0,0,0,0,0,0,0
449,2017-04-24,09:04:11,0,OI709,XZCE,6318,6272,6332,97400,6141868920,317388,315588,6590,5962,6276,6276,0,6280,0,0,0,2017-04-24,32651000,6316,137,0,0,0,0,0,0,0,0,6318,10,0,0,0,0,0,0,0,0
450,2017-04-24,09:04:12,0,OI709,XZCE,6318,6272,6332,97400,6141868920,317388,315588,6590,5962,6276,6276,0,6280,0,0,0,2017-04-24,32652000,6316,137,0,0,0,0,0,0,0,0,6318,13,0,0,0,0,0,0,0,0
451,2017-04-24,09:04:12,0,OI709,XZCE,6318,6272,6332,97402,6141995280,317388,315588,6590,5962,6276,6276,0,6280,0,0,0,2017-04-24,32652000,6316,135,0,0,0,0,0,0,0,0,6318,17,0,0,0,0,0,0,0,0
452,2017-04-24,09:04:12,0,OI709,XZCE,6318,6272,6332,97406,6142248000,317388,315588,6590,5962,6276,6276,0,6280,0,0,0,2017-04-24,32652000,6316,135,0,0,0,0,0,0,0,0,6318,15,0,0,0,0,0,0,0,0
453,2017-04-24,09:04:13,0,OI709,XZCE,6318,6272,6332,97410,6142500720,317386,315588,6590,5962,6276,6276,0,6280,0,0,0,2017-04-24,32653000,6316,134,0,0,0,0,0,0,0,0,6318,14,0,0,0,0,0,0,0,0
454,2017-04-24,09:04:14,0,OI709,XZCE,6318,6272,6332,97438,6144269760,317390,315588,6590,5962,6276,6276,0,6280,0,0,0,2017-04-24,32654000,6316,134,0,0,0,0,0,0,0,0,6320,133,0,0,0,0,0,0,0,0
455,2017-04-24,09:04:14,0,OI709,XZCE,6316,6272,6332,97440,6144396080,317388,315588,6590,5962,6276,6276,0,6280,0,0,0,2017-04-24,32654000,6316,134,0,0,0,0,0,0,0,0,6318,81,0,0,0,0,0,0,0,0
456,2017-04-24,09:04:15,0,OI709,XZCE,6318,6272,6332,97446,6144775160,317394,315588,6590,5962,6276,6276,0,6280,0,0,0,2017-04-24,32655000,6316,134,0,0,0,0,0,0,0,0,6318,78,0,0,0,0,0,0,0,0
457,2017-04-24,09:04:15,0,OI709,XZCE,6318,6272,6332,97446,6144775160,317394,315588,6590,5962,6276,6276,0,6280,0,0,0,2017-04-24,32655000,6316,140,0,0,0,0,0,0,0,0,6318,5,0,0,0,0,0,0,0,0
458,2017-04-24,09:04:16,0,OI709,XZCE,6318,6272,6332,97446,6144775160,317394,315588,6590,5962,6276,6276,0,6280,0,0,0,2017-04-24,32656000,6316,140,0,0,0,0,0,0,0,0,6318,6,0,0,0,0,0,0,0,0
459,2017-04-24,09:04:17,0,OI709,XZCE,6320,6272,6332,97546,6151095160,317410,315588,6590,5962,6276,6276,0,6280,0,0,0,2017-04-24,32657000,6316,140,0,0,0,0,0,0,0,0,6318,5,0,0,0,0,0,0,0,0
460,2017-04-24,09:04:17,0,OI709,XZCE,6318,6272,6332,97548,6151221520,317410,315588,6590,5962,6276,6276,0,6280,0,0,0,2017-04-24,32657000,6316,140,0,0,0,0,0,0,0,0,6318,7,0,0,0,0,0,0,0,0
461,2017-04-24,09:04:18,0,OI709,XZCE,6318,6272,6332,97560,6151979680,317404,315588,6590,5962,6276,6276,0,6280,0,0,0,2017-04-24,32658000,6316,161,0,0,0,0,0,0,0,0,6318,1,0,0,0,0,0,0,0,0
462,2017-04-24,09:04:18,0,OI709,XZCE,6318,6272,6332,97574,6152864200,317402,315588,6590,5962,6276,6276,0,6280,0,0,0,2017-04-24,32658000,6318,5,0,0,0,0,0,0,0,0,6320,58,0,0,0,0,0,0,0,0
463,2017-04-24,09:04:19,0,OI709,XZCE,6318,6272,6332,97574,6152864200,317402,315588,6590,5962,6276,6276,0,6280,0,0,0,2017-04-24,32659000,6318,5,0,0,0,0,0,0,0,0,6320,59,0,0,0,0,0,0,0,0
464,2017-04-24,09:04:19,0,OI709,XZCE,6318,6272,6332,97584,6153496000,317402,315588,6590,5962,6276,6276,0,6280,0,0,0,2017-04-24,32659000,6316,145,0,0,0,0,0,0,0,0,6318,15,0,0,0,0,0,0,0,0
465,2017-04-24,09:04:20,0,OI709,XZCE,6318,6272,6332,97614,6155391400,317388,315588,6590,5962,6276,6276,0,6280,0,0,0,2017-04-24,32660000,6318,68,0,0,0,0,0,0,0,0,6320,60,0,0,0,0,0,0,0,0
466,2017-04-24,09:04:20,0,OI709,XZCE,6318,6272,6332,97614,6155391400,317388,315588,6590,5962,6276,6276,0,6280,0,0,0,2017-04-24,32660000,6318,69,0,0,0,0,0,0,0,0,6320,59,0,0,0,0,0,0,0,0
467,2017-04-24,09:04:22,0,OI709,XZCE,6318,6272,6332,97642,6157160440,317392,315588,6590,5962,6276,6276,0,6280,0,0,0,2017-04-24,32662000,6316,148,0,0,0,0,0,0,0,0,6318,14,0,0,0,0,0,0,0,0
468,2017-04-24,09:04:22,0,OI709,XZCE,6318,6272,6332,97642,6157160440,317392,315588,6590,5962,6276,6276,0,6280,0,0,0,2017-04-24,32662000,6316,146,0,0,0,0,0,0,0,0,6318,14,0,0,0,0,0,0,0,0
469,2017-04-24,09:04:22,0,OI709,XZCE,6318,6272,6332,97642,6157160440,317392,315588,6590,5962,6276,6276,0,6280,0,0,0,2017-04-24,32662000,6316,146,0,0,0,0,0,0,0,0,6318,15,0,0,0,0,0,0,0,0
470,2017-04-24,09:04:23,0,OI709,XZCE,6318,6272,6332,97650,6157665880,317386,315588,6590,5962,6276,6276,0,6280,0,0,0,2017-04-24,32663000,6316,148,0,0,0,0,0,0,0,0,6318,12,0,0,0,0,0,0,0,0
471,2017-04-24,09:04:23,0,OI709,XZCE,6318,6272,6332,97650,6157665880,317386,315588,6590,5962,6276,6276,0,6280,0,0,0,2017-04-24,32663000,6316,150,0,0,0,0,0,0,0,0,6318,12,0,0,0,0,0,0,0,0
472,2017-04-24,09:04:24,0,OI709,XZCE,6318,6272,6332,97650,6157665880,317386,315588,6590,5962,6276,6276,0,6280,0,0,0,2017-04-24,32664000,6316,144,0,0,0,0,0,0,0,0,6318,32,0,0,0,0,0,0,0,0
473,2017-04-24,09:04:24,0,OI709,XZCE,6318,6272,6332,97650,6157665880,317386,315588,6590,5962,6276,6276,0,6280,0,0,0,2017-04-24,32664000,6316,162,0,0,0,0,0,0,0,0,6318,34,0,0,0,0,0,0,0,0
474,2017-04-24,09:04:26,0,OI709,XZCE,6318,6272,6332,97650,6157665880,317386,315588,6590,5962,6276,6276,0,6280,0,0,0,2017-04-24,32666000,6316,163,0,0,0,0,0,0,0,0,6318,15,0,0,0,0,0,0,0,0
475,2017-04-24,09:04:27,0,OI709,XZCE,6318,6272,6332,97652,6157792240,317386,315588,6590,5962,6276,6276,0,6280,0,0,0,2017-04-24,32667000,6316,169,0,0,0,0,0,0,0,0,6318,14,0,0,0,0,0,0,0,0
476,2017-04-24,09:04:27,0,OI709,XZCE,6316,6272,6332,97658,6158171200,317380,315588,6590,5962,6276,6276,0,6280,0,0,0,2017-04-24,32667000,6316,165,0,0,0,0,0,0,0,0,6318,14,0,0,0,0,0,0,0,0
477,2017-04-24,09:04:28,0,OI709,XZCE,6316,6272,6332,97658,6158171200,317380,315588,6590,5962,6276,6276,0,6280,0,0,0,2017-04-24,32668000,6316,160,0,0,0,0,0,0,0,0,6318,38,0,0,0,0,0,0,0,0
478,2017-04-24,09:04:28,0,OI709,XZCE,6316,6272,6332,97658,6158171200,317380,315588,6590,5962,6276,6276,0,6280,0,0,0,2017-04-24,32668000,6316,160,0,0,0,0,0,0,0,0,6318,39,0,0,0,0,0,0,0,0
479,2017-04-24,09:04:29,0,OI709,XZCE,6316,6272,6332,97658,6158171200,317380,315588,6590,5962,6276,6276,0,6280,0,0,0,2017-04-24,32669000,6316,159,0,0,0,0,0,0,0,0,6318,21,0,0,0,0,0,0,0,0
480,2017-04-24,09:04:29,0,OI709,XZCE,6316,6272,6332,97660,6158297520,317378,315588,6590,5962,6276,6276,0,6280,0,0,0,2017-04-24,32669000,6316,158,0,0,0,0,0,0,0,0,6318,21,0,0,0,0,0,0,0,0
481,2017-04-24,09:04:30,0,OI709,XZCE,6316,6272,6332,97664,6158550160,317374,315588,6590,5962,6276,6276,0,6280,0,0,0,2017-04-24,32670000,6316,156,0,0,0,0,0,0,0,0,6318,21,0,0,0,0,0,0,0,0
482,2017-04-24,09:04:31,0,OI709,XZCE,6316,6272,6332,97666,6158676480,317372,315588,6590,5962,6276,6276,0,6280,0,0,0,2017-04-24,32671000,6316,155,0,0,0,0,0,0,0,0,6318,21,0,0,0,0,0,0,0,0
483,2017-04-24,09:04:31,0,OI709,XZCE,6316,6272,6332,97666,6158676480,317372,315588,6590,5962,6276,6276,0,6280,0,0,0,2017-04-24,32671000,6316,154,0,0,0,0,0,0,0,0,6318,21,0,0,0,0,0,0,0,0
484,2017-04-24,09:04:32,0,OI709,XZCE,6316,6272,6332,97666,6158676480,317372,315588,6590,5962,6276,6276,0,6280,0,0,0,2017-04-24,32672000,6316,154,0,0,0,0,0,0,0,0,6318,22,0,0,0,0,0,0,0,0
485,2017-04-24,09:04:32,0,OI709,XZCE,6318,6272,6332,97672,6159055560,317372,315588,6590,5962,6276,6276,0,6280,0,0,0,2017-04-24,32672000,6316,155,0,0,0,0,0,0,0,0,6318,19,0,0,0,0,0,0,0,0
486,2017-04-24,09:04:33,0,OI709,XZCE,6318,6272,6332,97672,6159055560,317372,315588,6590,5962,6276,6276,0,6280,0,0,0,2017-04-24,32673000,6316,155,0,0,0,0,0,0,0,0,6318,20,0,0,0,0,0,0,0,0
487,2017-04-24,09:04:34,0,OI709,XZCE,6316,6272,6332,97674,6159181880,317370,315588,6590,5962,6276,6276,0,6280,0,0,0,2017-04-24,32674000,6316,136,0,0,0,0,0,0,0,0,6318,21,0,0,0,0,0,0,0,0
488,2017-04-24,09:04:34,0,OI709,XZCE,6318,6272,6332,97684,6159813680,317370,315588,6590,5962,6276,6276,0,6280,0,0,0,2017-04-24,32674000,6316,135,0,0,0,0,0,0,0,0,6318,16,0,0,0,0,0,0,0,0
489,2017-04-24,09:04:35,0,OI709,XZCE,6318,6272,6332,97684,6159813680,317370,315588,6590,5962,6276,6276,0,6280,0,0,0,2017-04-24,32675000,6316,135,0,0,0,0,0,0,0,0,6318,41,0,0,0,0,0,0,0,0
490,2017-04-24,09:04:36,0,OI709,XZCE,6316,6272,6332,97760,6164613840,317384,315588,6590,5962,6276,6276,0,6280,0,0,0,2017-04-24,32676000,6316,112,0,0,0,0,0,0,0,0,6318,33,0,0,0,0,0,0,0,0
491,2017-04-24,09:04:36,0,OI709,XZCE,6316,6272,6332,97776,6165624400,317368,315588,6590,5962,6276,6276,0,6280,0,0,0,2017-04-24,32676000,6316,104,0,0,0,0,0,0,0,0,6318,33,0,0,0,0,0,0,0,0
492,2017-04-24,09:04:37,0,OI709,XZCE,6316,6272,6332,97838,6169540320,317372,315588,6590,5962,6276,6276,0,6280,0,0,0,2017-04-24,32677000,6316,74,0,0,0,0,0,0,0,0,6318,34,0,0,0,0,0,0,0,0
493,2017-04-24,09:04:37,0,OI709,XZCE,6316,6272,6332,97998,6179645920,317384,315588,6590,5962,6276,6276,0,6280,0,0,0,2017-04-24,32677000,6314,34,0,0,0,0,0,0,0,0,6316,19,0,0,0,0,0,0,0,0
494,2017-04-24,09:04:37,0,OI709,XZCE,6316,6272,6332,97998,6179645920,317384,315588,6590,5962,6276,6276,0,6280,0,0,0,2017-04-24,32677000,6314,46,0,0,0,0,0,0,0,0,6316,27,0,0,0,0,0,0,0,0
495,2017-04-24,09:04:38,0,OI709,XZCE,6316,6272,6332,97998,6179645920,317384,315588,6590,5962,6276,6276,0,6280,0,0,0,2017-04-24,32678000,6314,46,0,0,0,0,0,0,0,0,6316,33,0,0,0,0,0,0,0,0
496,2017-04-24,09:04:39,0,OI709,XZCE,6316,6272,6332,98006,6180151200,317384,315588,6590,5962,6276,6276,0,6280,0,0,0,2017-04-24,32679000,6314,46,0,0,0,0,0,0,0,0,6316,29,0,0,0,0,0,0,0,0
497,2017-04-24,09:04:39,0,OI709,XZCE,6316,6272,6332,98026,6181414400,317394,315588,6590,5962,6276,6276,0,6280,0,0,0,2017-04-24,32679000,6314,46,0,0,0,0,0,0,0,0,6316,19,0,0,0,0,0,0,0,0
498,2017-04-24,09:04:40,0,OI709,XZCE,6312,6272,6332,98144,6188862560,317372,315588,6590,5962,6276,6276,0,6280,0,0,0,2017-04-24,32680000,6312,54,0,0,0,0,0,0,0,0,6314,104,0,0,0,0,0,0,0,0
499,2017-04-24,09:04:41,0,OI709,XZCE,6312,6272,6332,98158,6189746240,317368,315588,6590,5962,6276,6276,0,6280,0,0,0,2017-04-24,32681000,6312,50,0,0,0,0,0,0,0,0,6314,102,0,0,0,0,0,0,0,0
500,2017-04-24,09:04:41,0,OI709,XZCE,6312,6272,6332,98158,6189746240,317368,315588,6590,5962,6276,6276,0,6280,0,0,0,2017-04-24,32681000,6312,46,0,0,0,0,0,0,0,0,6314,103,0,0,0,0,0,0,0,0
501,2017-04-24,09:04:43,0,OI709,XZCE,6312,6272,6332,98164,6190124960,317370,315588,6590,5962,6276,6276,0,6280,0,0,0,2017-04-24,32683000,6312,43,0,0,0,0,0,0,0,0,6314,103,0,0,0,0,0,0,0,0
502,2017-04-24,09:04:44,0,OI709,XZCE,6312,6272,6332,98164,6190124960,317370,315588,6590,5962,6276,6276,0,6280,0,0,0,2017-04-24,32684000,6312,43,0,0,0,0,0,0,0,0,6314,104,0,0,0,0,0,0,0,0
503,2017-04-24,09:04:45,0,OI709,XZCE,6312,6272,6332,98186,6191513600,317382,315588,6590,5962,6276,6276,0,6280,0,0,0,2017-04-24,32685000,6312,30,0,0,0,0,0,0,0,0,6314,104,0,0,0,0,0,0,0,0
504,2017-04-24,09:04:45,0,OI709,XZCE,6312,6272,6332,98196,6192144800,317392,315588,6590,5962,6276,6276,0,6280,0,0,0,2017-04-24,32685000,6312,25,0,0,0,0,0,0,0,0,6314,104,0,0,0,0,0,0,0,0
505,2017-04-24,09:04:46,0,OI709,XZCE,6310,6272,6332,98328,6200474000,317364,315588,6590,5962,6276,6276,0,6280,0,0,0,2017-04-24,32686000,6308,32,0,0,0,0,0,0,0,0,6310,60,0,0,0,0,0,0,0,0
506,2017-04-24,09:04:47,0,OI709,XZCE,6310,6272,6332,98448,6208046000,317292,315588,6590,5962,6276,6276,0,6280,0,0,0,2017-04-24,32687000,6310,2,0,0,0,0,0,0,0,0,6312,32,0,0,0,0,0,0,0,0
507,2017-04-24,09:04:47,0,OI709,XZCE,6310,6272,6332,98458,6208677000,317286,315588,6590,5962,6276,6276,0,6280,0,0,0,2017-04-24,32687000,6310,11,0,0,0,0,0,0,0,0,6312,15,0,0,0,0,0,0,0,0
508,2017-04-24,09:04:48,0,OI709,XZCE,6312,6272,6332,98460,6208803240,317286,315588,6590,5962,6276,6276,0,6280,0,0,0,2017-04-24,32688000,6310,13,0,0,0,0,0,0,0,0,6312,14,0,0,0,0,0,0,0,0
509,2017-04-24,09:04:48,0,OI709,XZCE,6312,6272,6332,98468,6209308200,317284,315588,6590,5962,6276,6276,0,6280,0,0,0,2017-04-24,32688000,6310,52,0,0,0,0,0,0,0,0,6312,10,0,0,0,0,0,0,0,0
510,2017-04-24,09:04:49,0,OI709,XZCE,6310,6272,6332,98472,6209560600,317280,315588,6590,5962,6276,6276,0,6280,0,0,0,2017-04-24,32689000,6310,54,0,0,0,0,0,0,0,0,6312,10,0,0,0,0,0,0,0,0
511,2017-04-24,09:04:49,0,OI709,XZCE,6312,6272,6332,98492,6210823000,317276,315588,6590,5962,6276,6276,0,6280,0,0,0,2017-04-24,32689000,6312,8,0,0,0,0,0,0,0,0,6314,11,0,0,0,0,0,0,0,0
512,2017-04-24,09:04:50,0,OI709,XZCE,6312,6272,6332,98492,6210823000,317276,315588,6590,5962,6276,6276,0,6280,0,0,0,2017-04-24,32690000,6312,14,0,0,0,0,0,0,0,0,6314,11,0,0,0,0,0,0,0,0
513,2017-04-24,09:04:50,0,OI709,XZCE,6312,6272,6332,98528,6213095320,317258,315588,6590,5962,6276,6276,0,6280,0,0,0,2017-04-24,32690000,6310,73,0,0,0,0,0,0,0,0,6312,23,0,0,0,0,0,0,0,0
514,2017-04-24,09:04:50,0,OI709,XZCE,6312,6272,6332,98528,6213095320,317258,315588,6590,5962,6276,6276,0,6280,0,0,0,2017-04-24,32690000,6310,67,0,0,0,0,0,0,0,0,6312,23,0,0,0,0,0,0,0,0
515,2017-04-24,09:04:51,0,OI709,XZCE,6310,6272,6332,98540,6213852520,317252,315588,6590,5962,6276,6276,0,6280,0,0,0,2017-04-24,32691000,6310,62,0,0,0,0,0,0,0,0,6312,23,0,0,0,0,0,0,0,0
516,2017-04-24,09:04:51,0,OI709,XZCE,6310,6272,6332,98540,6213852520,317252,315588,6590,5962,6276,6276,0,6280,0,0,0,2017-04-24,32691000,6310,62,0,0,0,0,0,0,0,0,6312,24,0,0,0,0,0,0,0,0
517,2017-04-24,09:04:52,0,OI709,XZCE,6310,6272,6332,98540,6213852520,317252,315588,6590,5962,6276,6276,0,6280,0,0,0,2017-04-24,32692000,6310,65,0,0,0,0,0,0,0,0,6312,29,0,0,0,0,0,0,0,0
518,2017-04-24,09:04:52,0,OI709,XZCE,6310,6272,6332,98540,6213852520,317252,315588,6590,5962,6276,6276,0,6280,0,0,0,2017-04-24,32692000,6310,67,0,0,0,0,0,0,0,0,6312,37,0,0,0,0,0,0,0,0
519,2017-04-24,09:04:53,0,OI709,XZCE,6312,6272,6332,98542,6213978760,317250,315588,6590,5962,6276,6276,0,6280,0,0,0,2017-04-24,32693000,6310,67,0,0,0,0,0,0,0,0,6312,37,0,0,0,0,0,0,0,0
520,2017-04-24,09:04:54,0,OI709,XZCE,6310,6272,6332,98544,6214104960,317250,315588,6590,5962,6276,6276,0,6280,0,0,0,2017-04-24,32694000,6310,67,0,0,0,0,0,0,0,0,6312,34,0,0,0,0,0,0,0,0
521,2017-04-24,09:04:54,0,OI709,XZCE,6310,6272,6332,98544,6214104960,317250,315588,6590,5962,6276,6276,0,6280,0,0,0,2017-04-24,32694000,6310,66,0,0,0,0,0,0,0,0,6312,35,0,0,0,0,0,0,0,0
522,2017-04-24,09:04:55,0,OI709,XZCE,6312,6272,6332,98556,6214862400,317244,315588,6590,5962,6276,6276,0,6280,0,0,0,2017-04-24,32695000,6310,62,0,0,0,0,0,0,0,0,6312,35,0,0,0,0,0,0,0,0
523,2017-04-24,09:04:55,0,OI709,XZCE,6312,6272,6332,98576,6216124800,317224,315588,6590,5962,6276,6276,0,6280,0,0,0,2017-04-24,32695000,6310,62,0,0,0,0,0,0,0,0,6312,26,0,0,0,0,0,0,0,0
524,2017-04-24,09:04:55,0,OI709,XZCE,6312,6272,6332,98576,6216124800,317224,315588,6590,5962,6276,6276,0,6280,0,0,0,2017-04-24,32695000,6310,62,0,0,0,0,0,0,0,0,6312,27,0,0,0,0,0,0,0,0
525,2017-04-24,09:04:56,0,OI709,XZCE,6312,6272,6332,98576,6216124800,317224,315588,6590,5962,6276,6276,0,6280,0,0,0,2017-04-24,32696000,6310,62,0,0,0,0,0,0,0,0,6312,30,0,0,0,0,0,0,0,0
526,2017-04-24,09:04:56,0,OI709,XZCE,6310,6272,6332,98578,6216251000,317222,315588,6590,5962,6276,6276,0,6280,0,0,0,2017-04-24,32696000,6310,62,0,0,0,0,0,0,0,0,6312,34,0,0,0,0,0,0,0,0
527,2017-04-24,09:04:57,0,OI709,XZCE,6310,6272,6332,98580,6216377200,317222,315588,6590,5962,6276,6276,0,6280,0,0,0,2017-04-24,32697000,6310,71,0,0,0,0,0,0,0,0,6312,36,0,0,0,0,0,0,0,0
528,2017-04-24,09:04:58,0,OI709,XZCE,6310,6272,6332,98580,6216377200,317222,315588,6590,5962,6276,6276,0,6280,0,0,0,2017-04-24,32698000,6310,71,0,0,0,0,0,0,0,0,6312,37,0,0,0,0,0,0,0,0
529,2017-04-24,09:04:58,0,OI709,XZCE,6310,6272,6332,98580,6216377200,317222,315588,6590,5962,6276,6276,0,6280,0,0,0,2017-04-24,32698000,6310,72,0,0,0,0,0,0,0,0,6312,37,0,0,0,0,0,0,0,0
530,2017-04-24,09:04:59,0,OI709,XZCE,6310,6272,6332,98590,6217008200,317226,315588,6590,5962,6276,6276,0,6280,0,0,0,2017-04-24,32699000,6310,69,0,0,0,0,0,0,0,0,6312,37,0,0,0,0,0,0,0,0
531,2017-04-24,09:04:59,0,OI709,XZCE,6310,6272,6332,98590,6217008200,317226,315588,6590,5962,6276,6276,0,6280,0,0,0,2017-04-24,32699000,6310,69,0,0,0,0,0,0,0,0,6312,26,0,0,0,0,0,0,0,0
532,2017-04-24,09:05:00,0,OI709,XZCE,6312,6272,6332,98620,6218901800,317230,315588,6590,5962,6276,6276,0,6280,0,0,0,2017-04-24,32700000,6310,89,0,0,0,0,0,0,0,0,6312,11,0,0,0,0,0,0,0,0
533,2017-04-24,09:05:01,0,OI709,XZCE,6312,6272,6332,98688,6223193960,317186,315588,6590,5962,6276,6276,0,6280,0,0,0,2017-04-24,32701000,6310,83,0,0,0,0,0,0,0,0,6312,4,0,0,0,0,0,0,0,0
534,2017-04-24,09:05:01,0,OI709,XZCE,6310,6272,6332,98774,6228620560,317220,315588,6590,5962,6276,6276,0,6280,0,0,0,2017-04-24,32701000,6310,58,0,0,0,0,0,0,0,0,6312,7,0,0,0,0,0,0,0,0
535,2017-04-24,09:05:01,0,OI709,XZCE,6310,6272,6332,98778,6228872960,317220,315588,6590,5962,6276,6276,0,6280,0,0,0,2017-04-24,32701000,6310,53,0,0,0,0,0,0,0,0,6312,14,0,0,0,0,0,0,0,0
536,2017-04-24,09:05:02,0,OI709,XZCE,6310,6272,6332,98780,6228999160,317218,315588,6590,5962,6276,6276,0,6280,0,0,0,2017-04-24,32702000,6310,52,0,0,0,0,0,0,0,0,6312,19,0,0,0,0,0,0,0,0
537,2017-04-24,09:05:02,0,OI709,XZCE,6310,6272,6332,98782,6229125360,317216,315588,6590,5962,6276,6276,0,6280,0,0,0,2017-04-24,32702000,6310,51,0,0,0,0,0,0,0,0,6312,19,0,0,0,0,0,0,0,0
538,2017-04-24,09:05:03,0,OI709,XZCE,6310,6272,6332,98784,6229251560,317214,315588,6590,5962,6276,6276,0,6280,0,0,0,2017-04-24,32703000,6310,54,0,0,0,0,0,0,0,0,6312,16,0,0,0,0,0,0,0,0
539,2017-04-24,09:05:04,0,OI709,XZCE,6312,6272,6332,98812,6231018920,317208,315588,6590,5962,6276,6276,0,6280,0,0,0,2017-04-24,32704000,6312,28,0,0,0,0,0,0,0,0,6314,33,0,0,0,0,0,0,0,0
540,2017-04-24,09:05:04,0,OI709,XZCE,6312,6272,6332,98812,6231018920,317208,315588,6590,5962,6276,6276,0,6280,0,0,0,2017-04-24,32704000,6312,28,0,0,0,0,0,0,0,0,6314,32,0,0,0,0,0,0,0,0
