,dataDate,dataTime,dataMillisec,instrumentID,exchangeCD,lastPrice,lowPrice,highPrice,volume,value,openInterest,preOpenInterest,upperLimitPrice,lowerLimitPrice,preSettlementPrice,prevClosePrice,settlementPrice,openPrice,closePrice,preDelta,currDelta,clearingDay,milliSecOffset,bidPrice1,bidVolume1,bidPrice2,bidVolume2,bidPrice3,bidVolume3,bidPrice4,bidVolume4,bidPrice5,bidVolume5,askPrice1,askVolume1,askPrice2,askVolume2,askPrice3,askVolume3,askPrice4,askVolume4,askPrice5,askVolume5
0,2017-04-24,09:00:00,762,p1709,XDCE,5174,5154,5188,177526,9179395480,554002,558444,5408,4896,5152,5164,0,5168,0,0,0,2017-04-24,32400762,5174,42,0,0,0,0,0,0,0,0,5176,137,0,0,0,0,0,0,0,0
1,2017-04-24,09:00:01,263,p1709,XDCE,5168,5154,5188,178938,9252435720,553902,558444,5408,4896,5152,5164,0,5168,0,0,0,2017-04-24,32401263,5166,687,0,0,0,0,0,0,0,0,5168,103,0,0,0,0,0,0,0,0
2,2017-04-24,09:00:01,763,p1709,XDCE,5168,5154,5188,179562,9284677600,553804,558444,5408,4896,5152,5164,0,5168,0,0,0,2017-04-24,32401763,5166,446,0,0,0,0,0,0,0,0,5168,160,0,0,0,0,0,0,0,0
3,2017-04-24,09:00:02,255,p1709,XDCE,5168,5154,5188,179904,9302350680,553720,558444,5408,4896,5152,5164,0,5168,0,0,0,2017-04-24,32402255,5166,304,0,0,0,0,0,0,0,0,5168,41,0,0,0,0,0,0,0,0
4,2017-04-24,09:00:02,746,p1709,XDCE,5168,5154,5188,180254,9320438680,553726,558444,5408,4896,5152,5164,0,5168,0,0,0,2017-04-24,32402746,5166,295,0,0,0,0,0,0,0,0,5168,16,0,0,0,0,0,0,0,0
5,2017-04-24,09:00:03,255,p1709,XDCE,5172,5154,5188,180360,9325919000,553726,558444,5408,4896,5152,5164,0,5168,0,0,0,2017-04-24,32403255,5170,30,0,0,0,0,0,0,0,0,5172,12,0,0,0,0,0,0,0,0
6,2017-04-24,09:00:03,763,p1709,XDCE,5172,5154,5188,180422,9329124960,553692,558444,5408,4896,5152,5164,0,5168,0,0,0,2017-04-24,32403763,5170,28,0,0,0,0,0,0,0,0,5172,13,0,0,0,0,0,0,0,0
7,2017-04-24,09:00:04,221,p1709,XDCE,5170,5154,5188,180566,9336571200,553624,558444,5408,4896,5152,5164,0,5168,0,0,0,2017-04-24,32404221,5168,136,0,0,0,0,0,0,0,0,5170,161,0,0,0,0,0,0,0,0
8,2017-04-24,09:00:04,740,p1709,XDCE,5168,5154,5188,180902,9353942160,553410,558444,5408,4896,5152,5164,0,5168,0,0,0,2017-04-24,32404740,5168,123,0,0,0,0,0,0,0,0,5170,2,0,0,0,0,0,0,0,0
9,2017-04-24,09:00:05,255,p1709,XDCE,5172,5154,5188,180924,9355079800,553404,558444,5408,4896,5152,5164,0,5168,0,0,0,2017-04-24,32405255,5170,46,0,0,0,0,0,0,0,0,5172,20,0,0,0,0,0,0,0,0
10,2017-04-24,09:00:05,720,p1709,XDCE,5170,5154,5188,181022,9360146400,553406,558444,5408,4896,5152,5164,0,5168,0,0,0,2017-04-24,32405720,5168,132,0,0,0,0,0,0,0,0,5170,663,0,0,0,0,0,0,0,0
11,2017-04-24,09:00:06,254,p1709,XDCE,5170,5154,5188,181292,9374100600,553476,558444,5408,4896,5152,5164,0,5168,0,0,0,2017-04-24,32406254,5166,319,0,0,0,0,0,0,0,0,5170,668,0,0,0,0,0,0,0,0
12,2017-04-24,09:00:06,761,p1709,XDCE,5166,5154,5188,181960,9408610600,553458,558444,5408,4896,5152,5164,0,5168,0,0,0,2017-04-24,32406761,5164,1064,0,0,0,0,0,0,0,0,5166,343,0,0,0,0,0,0,0,0
13,2017-04-24,09:00:07,241,p1709,XDCE,5166,5154,5188,182006,9410986960,553458,558444,5408,4896,5152,5164,0,5168,0,0,0,2017-04-24,32407241,5164,1060,0,0,0,0,0,0,0,0,5166,331,0,0,0,0,0,0,0,0
14,2017-04-24,09:00:07,762,p1709,XDCE,5166,5154,5188,182090,9415326400,553458,558444,5408,4896,5152,5164,0,5168,0,0,0,2017-04-24,32407762,5164,1075,0,0,0,0,0,0,0,0,5166,278,0,0,0,0,0,0,0,0
15,2017-04-24,09:00:08,259,p1709,XDCE,5166,5154,5188,182122,9416979520,553456,558444,5408,4896,5152,5164,0,5168,0,0,0,2017-04-24,32408259,5164,1076,0,0,0,0,0,0,0,0,5166,257,0,0,0,0,0,0,0,0
16,2017-04-24,09:00:08,690,p1709,XDCE,5166,5154,5188,182136,9417702760,553456,558444,5408,4896,5152,5164,0,5168,0,0,0,2017-04-24,32408690,5164,1086,0,0,0,0,0,0,0,0,5166,314,0,0,0,0,0,0,0,0
17,2017-04-24,09:00:09,231,p1709,XDCE,5164,5154,5188,182152,9418529160,553454,558444,5408,4896,5152,5164,0,5168,0,0,0,2017-04-24,32409231,5164,1082,0,0,0,0,0,0,0,0,5166,260,0,0,0,0,0,0,0,0
18,2017-04-24,09:00:09,750,p1709,XDCE,5164,5154,5188,182166,9419252360,553456,558444,5408,4896,5152,5164,0,5168,0,0,0,2017-04-24,32409750,5164,1081,0,0,0,0,0,0,0,0,5166,264,0,0,0,0,0,0,0,0
19,2017-04-24,09:00:10,234,p1709,XDCE,5166,5154,5188,182180,9419975480,553450,558444,5408,4896,5152,5164,0,5168,0,0,0,2017-04-24,32410234,5164,1079,0,0,0,0,0,0,0,0,5166,264,0,0,0,0,0,0,0,0
20,2017-04-24,09:00:10,739,p1709,XDCE,5166,5154,5188,182216,9421834920,553450,558444,5408,4896,5152,5164,0,5168,0,0,0,2017-04-24,32410739,5164,1069,0,0,0,0,0,0,0,0,5166,254,0,0,0,0,0,0,0,0
21,2017-04-24,09:00:11,257,p1709,XDCE,5166,5154,5188,182228,9422454760,553454,558444,5408,4896,5152,5164,0,5168,0,0,0,2017-04-24,32411257,5164,1070,0,0,0,0,0,0,0,0,5166,250,0,0,0,0,0,0,0,0
22,2017-04-24,09:00:11,745,p1709,XDCE,5168,5154,5188,182756,9449731360,553536,558444,5408,4896,5152,5164,0,5168,0,0,0,2017-04-24,32411745,5166,75,0,0,0,0,0,0,0,0,5168,133,0,0,0,0,0,0,0,0
23,2017-04-24,09:00:12,258,p1709,XDCE,5168,5154,5188,182764,9450144720,553540,558444,5408,4896,5152,5164,0,5168,0,0,0,2017-04-24,32412258,5166,85,0,0,0,0,0,0,0,0,5168,130,0,0,0,0,0,0,0,0
24,2017-04-24,09:00:12,727,p1709,XDCE,5166,5154,5188,182782,9451074920,553556,558444,5408,4896,5152,5164,0,5168,0,0,0,2017-04-24,32412727,5166,117,0,0,0,0,0,0,0,0,5168,104,0,0,0,0,0,0,0,0
25,2017-04-24,09:00:13,216,p1709,XDCE,5166,5154,5188,182788,9451384960,553560,558444,5408,4896,5152,5164,0,5168,0,0,0,2017-04-24,32413216,5166,146,0,0,0,0,0,0,0,0,5168,100,0,0,0,0,0,0,0,0
26,2017-04-24,09:00:13,723,p1709,XDCE,5166,5154,5188,182794,9451695000,553564,558444,5408,4896,5152,5164,0,5168,0,0,0,2017-04-24,32413723,5166,165,0,0,0,0,0,0,0,0,5168,118,0,0,0,0,0,0,0,0
27,2017-04-24,09:00:14,232,p1709,XDCE,5168,5154,5188,182806,9452315160,553576,558444,5408,4896,5152,5164,0,5168,0,0,0,2017-04-24,32414232,5166,149,0,0,0,0,0,0,0,0,5168,113,0,0,0,0,0,0,0,0
28,2017-04-24,09:00:14,741,p1709,XDCE,5168,5154,5188,182964,9460480200,553604,558444,5408,4896,5152,5164,0,5168,0,0,0,2017-04-24,32414741,5166,140,0,0,0,0,0,0,0,0,5168,46,0,0,0,0,0,0,0,0
29,2017-04-24,09:00:15,256,p1709,XDCE,5168,5154,5188,183060,9465441520,553630,558444,5408,4896,5152,5164,0,5168,0,0,0,2017-04-24,32415256,5168,23,0,0,0,0,0,0,0,0,5170,39,0,0,0,0,0,0,0,0
30,2017-04-24,09:00:15,758,p1709,XDCE,5170,5154,5188,183068,9465855120,553630,558444,5408,4896,5152,5164,0,5168,0,0,0,2017-04-24,32415758,5168,36,0,0,0,0,0,0,0,0,5170,35,0,0,0,0,0,0,0,0
31,2017-04-24,09:00:16,240,p1709,XDCE,5170,5154,5188,183112,9468129680,553634,558444,5408,4896,5152,5164,0,5168,0,0,0,2017-04-24,32416240,5168,40,0,0,0,0,0,0,0,0,5170,16,0,0,0,0,0,0,0,0
32,2017-04-24,09:00:16,760,p1709,XDCE,5170,5154,5188,183156,9470404480,553640,558444,5408,4896,5152,5164,0,5168,0,0,0,2017-04-24,32416760,5170,33,0,0,0,0,0,0,0,0,5172,36,0,0,0,0,0,0,0,0
33,2017-04-24,09:00:17,238,p1709,XDCE,5172,5154,5188,183160,9470611320,553640,558444,5408,4896,5152,5164,0,5168,0,0,0,2017-04-24,32417238,5170,41,0,0,0,0,0,0,0,0,5172,33,0,0,0,0,0,0,0,0
34,2017-04-24,09:00:17,753,p1709,XDCE,5170,5154,5188,183172,9471231880,553634,558444,5408,4896,5152,5164,0,5168,0,0,0,2017-04-24,32417753,5170,29,0,0,0,0,0,0,0,0,5172,12,0,0,0,0,0,0,0,0
35,2017-04-24,09:00:18,260,p1709,XDCE,5170,5154,5188,183248,9475161480,553638,558444,5408,4896,5152,5164,0,5168,0,0,0,2017-04-24,32418260,5170,6,0,0,0,0,0,0,0,0,5172,43,0,0,0,0,0,0,0,0
36,2017-04-24,09:00:18,750,p1709,XDCE,5170,5154,5188,183298,9477747160,553622,558444,5408,4896,5152,5164,0,5168,0,0,0,2017-04-24,32418750,5168,107,0,0,0,0,0,0,0,0,5170,7,0,0,0,0,0,0,0,0
37,2017-04-24,09:00:19,183,p1709,XDCE,5170,5154,5188,183310,9478367560,553624,558444,5408,4896,5152,5164,0,5168,0,0,0,2017-04-24,32419183,5168,105,0,0,0,0,0,0,0,0,5170,8,0,0,0,0,0,0,0,0
38,2017-04-24,09:00:19,748,p1709,XDCE,5170,5154,5188,183320,9478884560,553626,558444,5408,4896,5152,5164,0,5168,0,0,0,2017-04-24,32419748,5168,109,0,0,0,0,0,0,0,0,5170,63,0,0,0,0,0,0,0,0
39,2017-04-24,09:00:20,231,p1709,XDCE,5170,5154,5188,183348,9480332160,553618,558444,5408,4896,5152,5164,0,5168,0,0,0,2017-04-24,32420231,5168,106,0,0,0,0,0,0,0,0,5170,81,0,0,0,0,0,0,0,0
40,2017-04-24,09:00:20,731,p1709,XDCE,5168,5154,5188,183428,9484467480,553594,558444,5408,4896,5152,5164,0,5168,0,0,0,2017-04-24,32420731,5168,113,0,0,0,0,0,0,0,0,5170,112,0,0,0,0,0,0,0,0
41,2017-04-24,09:00:21,262,p1709,XDCE,5168,5154,5188,183470,9486638160,553594,558444,5408,4896,5152,5164,0,5168,0,0,0,2017-04-24,32421262,5168,61,0,0,0,0,0,0,0,0,5170,115,0,0,0,0,0,0,0,0
42,2017-04-24,09:00:21,750,p1709,XDCE,5168,5154,5188,183474,9486844880,553596,558444,5408,4896,5152,5164,0,5168,0,0,0,2017-04-24,32421750,5168,59,0,0,0,0,0,0,0,0,5170,112,0,0,0,0,0,0,0,0
43,2017-04-24,09:00:22,251,p1709,XDCE,5168,5154,5188,183476,9486948240,553596,558444,5408,4896,5152,5164,0,5168,0,0,0,2017-04-24,32422251,5168,54,0,0,0,0,0,0,0,0,5170,119,0,0,0,0,0,0,0,0
44,2017-04-24,09:00:22,750,p1709,XDCE,5170,5154,5188,183478,9487051640,553594,558444,5408,4896,5152,5164,0,5168,0,0,0,2017-04-24,32422750,5168,124,0,0,0,0,0,0,0,0,5170,118,0,0,0,0,0,0,0,0
45,2017-04-24,09:00:23,264,p1709,XDCE,5170,5154,5188,183478,9487051640,553594,558444,5408,4896,5152,5164,0,5168,0,0,0,2017-04-24,32423264,5168,126,0,0,0,0,0,0,0,0,5170,119,0,0,0,0,0,0,0,0
46,2017-04-24,09:00:23,735,p1709,XDCE,5168,5154,5188,183482,9487258400,553594,558444,5408,4896,5152,5164,0,5168,0,0,0,2017-04-24,32423735,5168,126,0,0,0,0,0,0,0,0,5170,128,0,0,0,0,0,0,0,0
47,2017-04-24,09:00:24,228,p1709,XDCE,5170,5154,5188,183486,9487465200,553594,558444,5408,4896,5152,5164,0,5168,0,0,0,2017-04-24,32424228,5168,132,0,0,0,0,0,0,0,0,5170,129,0,0,0,0,0,0,0,0
48,2017-04-24,09:00:24,742,p1709,XDCE,5170,5154,5188,183496,9487982040,553602,558444,5408,4896,5152,5164,0,5168,0,0,0,2017-04-24,32424742,5168,138,0,0,0,0,0,0,0,0,5170,134,0,0,0,0,0,0,0,0
49,2017-04-24,09:00:25,257,p1709,XDCE,5168,5154,5188,183520,9489222760,553604,558444,5408,4896,5152,5164,0,5168,0,0,0,2017-04-24,32425257,5168,130,0,0,0,0,0,0,0,0,5170,125,0,0,0,0,0,0,0,0
50,2017-04-24,09:00:25,758,p1709,XDCE,5170,5154,5188,183528,9489636320,553604,558444,5408,4896,5152,5164,0,5168,0,0,0,2017-04-24,32425758,5168,164,0,0,0,0,0,0,0,0,5170,124,0,0,0,0,0,0,0,0
51,2017-04-24,09:00:26,213,p1709,XDCE,5170,5154,5188,183530,9489739720,553604,558444,5408,4896,5152,5164,0,5168,0,0,0,2017-04-24,32426213,5168,153,0,0,0,0,0,0,0,0,5170,125,0,0,0,0,0,0,0,0
52,2017-04-24,09:00:26,701,p1709,XDCE,5168,5154,5188,183536,9490049800,553604,558444,5408,4896,5152,5164,0,5168,0,0,0,2017-04-24,32426701,5168,158,0,0,0,0,0,0,0,0,5170,125,0,0,0,0,0,0,0,0
53,2017-04-24,09:00:27,261,p1709,XDCE,5170,5154,5188,183630,9494909560,553646,558444,5408,4896,5152,5164,0,5168,0,0,0,2017-04-24,32427261,5168,150,0,0,0,0,0,0,0,0,5170,79,0,0,0,0,0,0,0,0
54,2017-04-24,09:00:27,746,p1709,XDCE,5170,5154,5188,183632,9495012960,553646,558444,5408,4896,5152,5164,0,5168,0,0,0,2017-04-24,32427746,5168,161,0,0,0,0,0,0,0,0,5170,83,0,0,0,0,0,0,0,0
55,2017-04-24,09:00:28,250,p1709,XDCE,5170,5154,5188,183652,9496046960,553646,558444,5408,4896,5152,5164,0,5168,0,0,0,2017-04-24,32428250,5168,184,0,0,0,0,0,0,0,0,5170,74,0,0,0,0,0,0,0,0
56,2017-04-24,09:00:28,741,p1709,XDCE,5170,5154,5188,183716,9499355760,553646,558444,5408,4896,5152,5164,0,5168,0,0,0,2017-04-24,32428741,5168,184,0,0,0,0,0,0,0,0,5170,42,0,0,0,0,0,0,0,0
57,2017-04-24,09:00:29,244,p1709,XDCE,5168,5154,5188,183724,9499769320,553648,558444,5408,4896,5152,5164,0,5168,0,0,0,2017-04-24,32429244,5168,183,0,0,0,0,0,0,0,0,5170,41,0,0,0,0,0,0,0,0
58,2017-04-24,09:00:29,755,p1709,XDCE,5170,5154,5188,183750,9501113520,553628,558444,5408,4896,5152,5164,0,5168,0,0,0,2017-04-24,32429755,5168,150,0,0,0,0,0,0,0,0,5170,29,0,0,0,0,0,0,0,0
59,2017-04-24,09:00:30,220,p1709,XDCE,5168,5154,5188,183754,9501320280,553628,558444,5408,4896,5152,5164,0,5168,0,0,0,2017-04-24,32430220,5168,148,0,0,0,0,0,0,0,0,5170,28,0,0,0,0,0,0,0,0
60,2017-04-24,09:00:30,748,p1709,XDCE,5170,5154,5188,183776,9502457680,553640,558444,5408,4896,5152,5164,0,5168,0,0,0,2017-04-24,32430748,5168,148,0,0,0,0,0,0,0,0,5170,26,0,0,0,0,0,0,0,0
61,2017-04-24,09:00:31,261,p1709,XDCE,5170,5154,5188,183780,9502664480,553642,558444,5408,4896,5152,5164,0,5168,0,0,0,2017-04-24,32431261,5168,163,0,0,0,0,0,0,0,0,5170,30,0,0,0,0,0,0,0,0
62,2017-04-24,09:00:31,758,p1709,XDCE,5170,5154,5188,183800,9503698480,553644,558444,5408,4896,5152,5164,0,5168,0,0,0,2017-04-24,32431758,5168,176,0,0,0,0,0,0,0,0,5170,14,0,0,0,0,0,0,0,0
63,2017-04-24,09:00:32,173,p1709,XDCE,5170,5154,5188,183870,9507317480,553700,558444,5408,4896,5152,5164,0,5168,0,0,0,2017-04-24,32432173,5170,38,0,0,0,0,0,0,0,0,5172,98,0,0,0,0,0,0,0,0
64,2017-04-24,09:00:32,752,p1709,XDCE,5170,5154,5188,183872,9507420880,553702,558444,5408,4896,5152,5164,0,5168,0,0,0,2017-04-24,32432752,5170,47,0,0,0,0,0,0,0,0,5172,99,0,0,0,0,0,0,0,0
65,2017-04-24,09:00:33,224,p1709,XDCE,5170,5154,5188,183872,9507420880,553702,558444,5408,4896,5152,5164,0,5168,0,0,0,2017-04-24,32433224,5170,45,0,0,0,0,0,0,0,0,5172,99,0,0,0,0,0,0,0,0
66,2017-04-24,09:00:33,753,p1709,XDCE,5170,5154,5188,183896,9508661680,553708,558444,5408,4896,5152,5164,0,5168,0,0,0,2017-04-24,32433753,5170,39,0,0,0,0,0,0,0,0,5172,99,0,0,0,0,0,0,0,0
67,2017-04-24,09:00:34,228,p1709,XDCE,5170,5154,5188,183896,9508661680,553708,558444,5408,4896,5152,5164,0,5168,0,0,0,2017-04-24,32434228,5170,45,0,0,0,0,0,0,0,0,5172,131,0,0,0,0,0,0,0,0
68,2017-04-24,09:00:34,749,p1709,XDCE,5170,5154,5188,183898,9508765080,553708,558444,5408,4896,5152,5164,0,5168,0,0,0,2017-04-24,32434749,5170,46,0,0,0,0,0,0,0,0,5172,132,0,0,0,0,0,0,0,0
69,2017-04-24,09:00:35,214,p1709,XDCE,5170,5154,5188,183904,9509075320,553714,558444,5408,4896,5152,5164,0,5168,0,0,0,2017-04-24,32435214,5170,79,0,0,0,0,0,0,0,0,5172,102,0,0,0,0,0,0,0,0
70,2017-04-24,09:00:35,740,p1709,XDCE,5170,5154,5188,184094,9518898360,553834,558444,5408,4896,5152,5164,0,5168,0,0,0,2017-04-24,32435740,5168,101,0,0,0,0,0,0,0,0,5170,27,0,0,0,0,0,0,0,0
71,2017-04-24,09:00:36,259,p1709,XDCE,5170,5154,5188,184154,9522000360,553890,558444,5408,4896,5152,5164,0,5168,0,0,0,2017-04-24,32436259,5170,9,0,0,0,0,0,0,0,0,5172,112,0,0,0,0,0,0,0,0
72,2017-04-24,09:00:36,763,p1709,XDCE,5172,5154,5188,184156,9522103800,553892,558444,5408,4896,5152,5164,0,5168,0,0,0,2017-04-24,32436763,5170,10,0,0,0,0,0,0,0,0,5172,111,0,0,0,0,0,0,0,0
73,2017-04-24,09:00:37,238,p1709,XDCE,5170,5154,5188,184158,9522207200,553894,558444,5408,4896,5152,5164,0,5168,0,0,0,2017-04-24,32437238,5170,12,0,0,0,0,0,0,0,0,5172,106,0,0,0,0,0,0,0,0
74,2017-04-24,09:00:37,759,p1709,XDCE,5172,5154,5188,184166,9522620920,553900,558444,5408,4896,5152,5164,0,5168,0,0,0,2017-04-24,32437759,5170,21,0,0,0,0,0,0,0,0,5172,103,0,0,0,0,0,0,0,0
75,2017-04-24,09:00:38,232,p1709,XDCE,5172,5154,5188,184172,9522931240,553904,558444,5408,4896,5152,5164,0,5168,0,0,0,2017-04-24,32438232,5170,82,0,0,0,0,0,0,0,0,5172,101,0,0,0,0,0,0,0,0
76,2017-04-24,09:00:38,752,p1709,XDCE,5172,5154,5188,184182,9523448440,553912,558444,5408,4896,5152,5164,0,5168,0,0,0,2017-04-24,32438752,5170,110,0,0,0,0,0,0,0,0,5172,86,0,0,0,0,0,0,0,0
77,2017-04-24,09:00:39,228,p1709,XDCE,5172,5154,5188,184186,9523655280,553914,558444,5408,4896,5152,5164,0,5168,0,0,0,2017-04-24,32439228,5170,130,0,0,0,0,0,0,0,0,5172,83,0,0,0,0,0,0,0,0
78,2017-04-24,09:00:39,755,p1709,XDCE,5172,5154,5188,184228,9525826760,553942,558444,5408,4896,5152,5164,0,5168,0,0,0,2017-04-24,32439755,5170,112,0,0,0,0,0,0,0,0,5172,81,0,0,0,0,0,0,0,0
79,2017-04-24,09:00:40,252,p1709,XDCE,5170,5154,5188,184276,9528308880,553912,558444,5408,4896,5152,5164,0,5168,0,0,0,2017-04-24,32440252,5170,103,0,0,0,0,0,0,0,0,5172,68,0,0,0,0,0,0,0,0
80,2017-04-24,09:00:40,756,p1709,XDCE,5170,5154,5188,184278,9528412280,553912,558444,5408,4896,5152,5164,0,5168,0,0,0,2017-04-24,32440756,5170,102,0,0,0,0,0,0,0,0,5172,70,0,0,0,0,0,0,0,0
81,2017-04-24,09:00:41,262,p1709,XDCE,5170,5154,5188,184304,9529756560,553908,558444,5408,4896,5152,5164,0,5168,0,0,0,2017-04-24,32441262,5170,87,0,0,0,0,0,0,0,0,5172,91,0,0,0,0,0,0,0,0
82,2017-04-24,09:00:41,704,p1709,XDCE,5172,5154,5188,184324,9530790960,553910,558444,5408,4896,5152,5164,0,5168,0,0,0,2017-04-24,32441704,5170,89,0,0,0,0,0,0,0,0,5172,100,0,0,0,0,0,0,0,0
83,2017-04-24,09:00:42,259,p1709,XDCE,5172,5154,5188,184332,9531204720,553902,558444,5408,4896,5152,5164,0,5168,0,0,0,2017-04-24,32442259,5170,54,0,0,0,0,0,0,0,0,5172,99,0,0,0,0,0,0,0,0
84,2017-04-24,09:00:42,701,p1709,XDCE,5172,5154,5188,184334,9531308160,553904,558444,5408,4896,5152,5164,0,5168,0,0,0,2017-04-24,32442701,5170,55,0,0,0,0,0,0,0,0,5172,98,0,0,0,0,0,0,0,0
85,2017-04-24,09:00:43,216,p1709,XDCE,5172,5154,5188,184350,9532135640,553894,558444,5408,4896,5152,5164,0,5168,0,0,0,2017-04-24,32443216,5170,55,0,0,0,0,0,0,0,0,5172,83,0,0,0,0,0,0,0,0
86,2017-04-24,09:00:43,730,p1709,XDCE,5172,5154,5188,184368,9533066600,553884,558444,5408,4896,5152,5164,0,5168,0,0,0,2017-04-24,32443730,5170,61,0,0,0,0,0,0,0,0,5172,75,0,0,0,0,0,0,0,0
87,2017-04-24,09:00:44,173,p1709,XDCE,5172,5154,5188,184370,9533170040,553882,558444,5408,4896,5152,5164,0,5168,0,0,0,2017-04-24,32444173,5170,61,0,0,0,0,0,0,0,0,5172,75,0,0,0,0,0,0,0,0
88,2017-04-24,09:00:44,674,p1709,XDCE,5172,5154,5188,184382,9533790640,553882,558444,5408,4896,5152,5164,0,5168,0,0,0,2017-04-24,32444674,5170,76,0,0,0,0,0,0,0,0,5172,82,0,0,0,0,0,0,0,0
89,2017-04-24,09:00:45,177,p1709,XDCE,5172,5154,5188,184382,9533790640,553882,558444,5408,4896,5152,5164,0,5168,0,0,0,2017-04-24,32445177,5170,91,0,0,0,0,0,0,0,0,5172,84,0,0,0,0,0,0,0,0
90,2017-04-24,09:00:45,746,p1709,XDCE,5172,5154,5188,184390,9534204320,553886,558444,5408,4896,5152,5164,0,5168,0,0,0,2017-04-24,32445746,5170,86,0,0,0,0,0,0,0,0,5172,84,0,0,0,0,0,0,0,0
91,2017-04-24,09:00:46,213,p1709,XDCE,5170,5154,5188,184394,9534411160,553886,558444,5408,4896,5152,5164,0,5168,0,0,0,2017-04-24,32446213,5170,102,0,0,0,0,0,0,0,0,5172,85,0,0,0,0,0,0,0,0
92,2017-04-24,09:00:46,706,p1709,XDCE,5170,5154,5188,184396,9534514560,553886,558444,5408,4896,5152,5164,0,5168,0,0,0,2017-04-24,32446706,5170,122,0,0,0,0,0,0,0,0,5172,87,0,0,0,0,0,0,0,0
93,2017-04-24,09:00:47,235,p1709,XDCE,5172,5154,5188,184408,9535135200,553886,558444,5408,4896,5152,5164,0,5168,0,0,0,2017-04-24,32447235,5170,124,0,0,0,0,0,0,0,0,5172,81,0,0,0,0,0,0,0,0
94,2017-04-24,09:00:47,677,p1709,XDCE,5172,5154,5188,184410,9535238640,553886,558444,5408,4896,5152,5164,0,5168,0,0,0,2017-04-24,32447677,5170,125,0,0,0,0,0,0,0,0,5172,80,0,0,0,0,0,0,0,0
95,2017-04-24,09:00:48,231,p1709,XDCE,5172,5154,5188,184414,9535445520,553884,558444,5408,4896,5152,5164,0,5168,0,0,0,2017-04-24,32448231,5170,125,0,0,0,0,0,0,0,0,5172,88,0,0,0,0,0,0,0,0
96,2017-04-24,09:00:48,688,p1709,XDCE,5172,5154,5188,184414,9535445520,553884,558444,5408,4896,5152,5164,0,5168,0,0,0,2017-04-24,32448688,5170,128,0,0,0,0,0,0,0,0,5172,89,0,0,0,0,0,0,0,0
97,2017-04-24,09:00:49,245,p1709,XDCE,5172,5154,5188,184414,9535445520,553884,558444,5408,4896,5152,5164,0,5168,0,0,0,2017-04-24,32449245,5170,112,0,0,0,0,0,0,0,0,5172,101,0,0,0,0,0,0,0,0
98,2017-04-24,09:00:49,711,p1709,XDCE,5172,5154,5188,184414,9535445520,553884,558444,5408,4896,5152,5164,0,5168,0,0,0,2017-04-24,32449711,5170,108,0,0,0,0,0,0,0,0,5172,102,0,0,0,0,0,0,0,0
99,2017-04-24,09:00:50,217,p1709,XDCE,5172,5154,5188,184622,9546203240,553856,558444,5408,4896,5152,5164,0,5168,0,0,0,2017-04-24,32450217,5172,33,0,0,0,0,0,0,0,0,5174,52,0,0,0,0,0,0,0,0
100,2017-04-24,09:00:50,745,p1709,XDCE,5172,5154,5188,184692,9549824560,553886,558444,5408,4896,5152,5164,0,5168,0,0,0,2017-04-24,32450745,5172,21,0,0,0,0,0,0,0,0,5174,47,0,0,0,0,0,0,0,0
101,2017-04-24,09:00:51,214,p1709,XDCE,5174,5154,5188,184696,9550031520,553886,558444,5408,4896,5152,5164,0,5168,0,0,0,2017-04-24,32451214,5172,21,0,0,0,0,0,0,0,0,5174,47,0,0,0,0,0,0,0,0
102,2017-04-24,09:00:51,730,p1709,XDCE,5174,5154,5188,184700,9550238480,553886,558444,5408,4896,5152,5164,0,5168,0,0,0,2017-04-24,32451730,5172,23,0,0,0,0,0,0,0,0,5174,53,0,0,0,0,0,0,0,0
103,2017-04-24,09:00:52,97,p1709,XDCE,5172,5154,5188,184704,9550445400,553886,558444,5408,4896,5152,5164,0,5168,0,0,0,2017-04-24,32452097,5172,22,0,0,0,0,0,0,0,0,5174,52,0,0,0,0,0,0,0,0
104,2017-04-24,09:00:52,693,p1709,XDCE,5172,5154,5188,184714,9550962600,553886,558444,5408,4896,5152,5164,0,5168,0,0,0,2017-04-24,32452693,5172,18,0,0,0,0,0,0,0,0,5174,149,0,0,0,0,0,0,0,0
105,2017-04-24,09:00:53,219,p1709,XDCE,5172,5154,5188,184714,9550962600,553886,558444,5408,4896,5152,5164,0,5168,0,0,0,2017-04-24,32453219,5172,19,0,0,0,0,0,0,0,0,5174,153,0,0,0,0,0,0,0,0
106,2017-04-24,09:00:53,730,p1709,XDCE,5172,5154,5188,184716,9551066040,553886,558444,5408,4896,5152,5164,0,5168,0,0,0,2017-04-24,32453730,5172,19,0,0,0,0,0,0,0,0,5174,152,0,0,0,0,0,0,0,0
107,2017-04-24,09:00:54,251,p1709,XDCE,5172,5154,5188,184762,9553445320,553894,558444,5408,4896,5152,5164,0,5168,0,0,0,2017-04-24,32454251,5170,146,0,0,0,0,0,0,0,0,5174,149,0,0,0,0,0,0,0,0
108,2017-04-24,09:00:54,754,p1709,XDCE,5172,5154,5188,184764,9553548760,553892,558444,5408,4896,5152,5164,0,5168,0,0,0,2017-04-24,32454754,5172,1,0,0,0,0,0,0,0,0,5174,152,0,0,0,0,0,0,0,0
109,2017-04-24,09:00:55,217,p1709,XDCE,5174,5154,5188,184818,9556341800,553888,558444,5408,4896,5152,5164,0,5168,0,0,0,2017-04-24,32455217,5170,157,0,0,0,0,0,0,0,0,5174,153,0,0,0,0,0,0,0,0
110,2017-04-24,09:00:55,670,p1709,XDCE,5172,5154,5188,184824,9556652160,553888,558444,5408,4896,5152,5164,0,5168,0,0,0,2017-04-24,32455670,5172,13,0,0,0,0,0,0,0,0,5174,153,0,0,0,0,0,0,0,0
111,2017-04-24,09:00:56,256,p1709,XDCE,5174,5154,5188,184862,9558618200,553890,558444,5408,4896,5152,5164,0,5168,0,0,0,2017-04-24,32456256,5172,7,0,0,0,0,0,0,0,0,5174,136,0,0,0,0,0,0,0,0
112,2017-04-24,09:00:56,756,p1709,XDCE,5174,5154,5188,184862,9558618200,553890,558444,5408,4896,5152,5164,0,5168,0,0,0,2017-04-24,32456756,5172,7,0,0,0,0,0,0,0,0,5174,145,0,0,0,0,0,0,0,0
113,2017-04-24,09:00:57,179,p1709,XDCE,5172,5154,5188,184874,9559238840,553900,558444,5408,4896,5152,5164,0,5168,0,0,0,2017-04-24,32457179,5172,1,0,0,0,0,0,0,0,0,5174,150,0,0,0,0,0,0,0,0
114,2017-04-24,09:00:57,761,p1709,XDCE,5172,5154,5188,184888,9559962920,553900,558444,5408,4896,5152,5164,0,5168,0,0,0,2017-04-24,32457761,5170,90,0,0,0,0,0,0,0,0,5172,61,0,0,0,0,0,0,0,0
115,2017-04-24,09:00:58,214,p1709,XDCE,5172,5154,5188,184914,9561307640,553900,558444,5408,4896,5152,5164,0,5168,0,0,0,2017-04-24,32458214,5170,90,0,0,0,0,0,0,0,0,5172,48,0,0,0,0,0,0,0,0
116,2017-04-24,09:00:58,759,p1709,XDCE,5172,5154,5188,184918,9561514520,553900,558444,5408,4896,5152,5164,0,5168,0,0,0,2017-04-24,32458759,5170,90,0,0,0,0,0,0,0,0,5172,60,0,0,0,0,0,0,0,0
117,2017-04-24,09:00:59,223,p1709,XDCE,5172,5154,5188,184944,9562859240,553900,558444,5408,4896,5152,5164,0,5168,0,0,0,2017-04-24,32459223,5170,93,0,0,0,0,0,0,0,0,5172,52,0,0,0,0,0,0,0,0
118,2017-04-24,09:00:59,707,p1709,XDCE,5170,5154,5188,184946,9562962640,553902,558444,5408,4896,5152,5164,0,5168,0,0,0,2017-04-24,32459707,5170,92,0,0,0,0,0,0,0,0,5172,52,0,0,0,0,0,0,0,0
119,2017-04-24,09:01:00,251,p1709,XDCE,5170,5154,5188,184946,9562962640,553902,558444,5408,4896,5152,5164,0,5168,0,0,0,2017-04-24,32460251,5170,94,0,0,0,0,0,0,0,0,5172,52,0,0,0,0,0,0,0,0
120,2017-04-24,09:01:00,736,p1709,XDCE,5172,5154,5188,184968,9564100280,553900,558444,5408,4896,5152,5164,0,5168,0,0,0,2017-04-24,32460736,5170,90,0,0,0,0,0,0,0,0,5172,52,0,0,0,0,0,0,0,0
121,2017-04-24,09:01:01,255,p1709,XDCE,5172,5154,5188,185086,9570203240,553896,558444,5408,4896,5152,5164,0,5168,0,0,0,2017-04-24,32461255,5170,85,0,0,0,0,0,0,0,0,5172,64,0,0,0,0,0,0,0,0
122,2017-04-24,09:01:01,722,p1709,XDCE,5170,5154,5188,185122,9572064840,553908,558444,5408,4896,5152,5164,0,5168,0,0,0,2017-04-24,32461722,5170,86,0,0,0,0,0,0,0,0,5172,54,0,0,0,0,0,0,0,0
123,2017-04-24,09:01:02,255,p1709,XDCE,5170,5154,5188,185148,9573409200,553890,558444,5408,4896,5152,5164,0,5168,0,0,0,2017-04-24,32462255,5170,76,0,0,0,0,0,0,0,0,5172,51,0,0,0,0,0,0,0,0
124,2017-04-24,09:01:02,763,p1709,XDCE,5172,5154,5188,185158,9573926400,553890,558444,5408,4896,5152,5164,0,5168,0,0,0,2017-04-24,32462763,5170,76,0,0,0,0,0,0,0,0,5172,48,0,0,0,0,0,0,0,0
125,2017-04-24,09:01:03,240,p1709,XDCE,5172,5154,5188,185158,9573926400,553890,558444,5408,4896,5152,5164,0,5168,0,0,0,2017-04-24,32463240,5170,76,0,0,0,0,0,0,0,0,5172,61,0,0,0,0,0,0,0,0
126,2017-04-24,09:01:03,740,p1709,XDCE,5172,5154,5188,185280,9580236240,553888,558444,5408,4896,5152,5164,0,5168,0,0,0,2017-04-24,32463740,5170,77,0,0,0,0,0,0,0,0,5172,7,0,0,0,0,0,0,0,0
127,2017-04-24,09:01:04,234,p1709,XDCE,5170,5154,5188,185286,9580546480,553886,558444,5408,4896,5152,5164,0,5168,0,0,0,2017-04-24,32464234,5170,75,0,0,0,0,0,0,0,0,5172,34,0,0,0,0,0,0,0,0
128,2017-04-24,09:01:04,731,p1709,XDCE,5172,5154,5188,185326,9582615280,553892,558444,5408,4896,5152,5164,0,5168,0,0,0,2017-04-24,32464731,5170,76,0,0,0,0,0,0,0,0,5172,69,0,0,0,0,0,0,0,0
129,2017-04-24,09:01:05,252,p1709,XDCE,5170,5154,5188,185338,9583235800,553894,558444,5408,4896,5152,5164,0,5168,0,0,0,2017-04-24,32465252,5170,59,0,0,0,0,0,0,0,0,5172,108,0,0,0,0,0,0,0,0
130,2017-04-24,09:01:05,677,p1709,XDCE,5172,5154,5188,185368,9584787000,553886,558444,5408,4896,5152,5164,0,5168,0,0,0,2017-04-24,32465677,5170,47,0,0,0,0,0,0,0,0,5172,104,0,0,0,0,0,0,0,0
131,2017-04-24,09:01:06,254,p1709,XDCE,5172,5154,5188,185378,9585304120,553890,558444,5408,4896,5152,5164,0,5168,0,0,0,2017-04-24,32466254,5170,45,0,0,0,0,0,0,0,0,5172,111,0,0,0,0,0,0,0,0
132,2017-04-24,09:01:06,633,p1709,XDCE,5170,5154,5188,185388,9585821120,553890,558444,5408,4896,5152,5164,0,5168,0,0,0,2017-04-24,32466633,5170,36,0,0,0,0,0,0,0,0,5172,119,0,0,0,0,0,0,0,0
133,2017-04-24,09:01:07,181,p1709,XDCE,5170,5154,5188,185408,9586855120,553890,558444,5408,4896,5152,5164,0,5168,0,0,0,2017-04-24,32467181,5170,26,0,0,0,0,0,0,0,0,5172,126,0,0,0,0,0,0,0,0
134,2017-04-24,09:01:07,719,p1709,XDCE,5170,5154,5188,185432,9588095920,553878,558444,5408,4896,5152,5164,0,5168,0,0,0,2017-04-24,32467719,5170,14,0,0,0,0,0,0,0,0,5172,126,0,0,0,0,0,0,0,0
135,2017-04-24,09:01:08,189,p1709,XDCE,5170,5154,5188,185466,9589853720,553872,558444,5408,4896,5152,5164,0,5168,0,0,0,2017-04-24,32468189,5170,1,0,0,0,0,0,0,0,0,5172,135,0,0,0,0,0,0,0,0
136,2017-04-24,09:01:08,737,p1709,XDCE,5172,5154,5188,185488,9590991160,553876,558444,5408,4896,5152,5164,0,5168,0,0,0,2017-04-24,32468737,5170,17,0,0,0,0,0,0,0,0,5172,142,0,0,0,0,0,0,0,0
137,2017-04-24,09:01:09,261,p1709,XDCE,5170,5154,5188,185512,9592231960,553886,558444,5408,4896,5152,5164,0,5168,0,0,0,2017-04-24,32469261,5170,8,0,0,0,0,0,0,0,0,5172,169,0,0,0,0,0,0,0,0
138,2017-04-24,09:01:09,675,p1709,XDCE,5170,5154,5188,185548,9594093160,553878,558444,5408,4896,5152,5164,0,5168,0,0,0,2017-04-24,32469675,5168,101,0,0,0,0,0,0,0,0,5170,26,0,0,0,0,0,0,0,0
139,2017-04-24,09:01:10,257,p1709,XDCE,5170,5154,5188,185556,9594506760,553882,558444,5408,4896,5152,5164,0,5168,0,0,0,2017-04-24,32470257,5168,107,0,0,0,0,0,0,0,0,5170,31,0,0,0,0,0,0,0,0
140,2017-04-24,09:01:10,670,p1709,XDCE,5168,5154,5188,185564,9594920200,553880,558444,5408,4896,5152,5164,0,5168,0,0,0,2017-04-24,32470670,5168,96,0,0,0,0,0,0,0,0,5170,31,0,0,0,0,0,0,0,0
141,2017-04-24,09:01:11,248,p1709,XDCE,5168,5154,5188,185564,9594920200,553880,558444,5408,4896,5152,5164,0,5168,0,0,0,2017-04-24,32471248,5168,126,0,0,0,0,0,0,0,0,5170,31,0,0,0,0,0,0,0,0
142,2017-04-24,09:01:11,747,p1709,XDCE,5170,5154,5188,185572,9595333800,553884,558444,5408,4896,5152,5164,0,5168,0,0,0,2017-04-24,32471747,5168,123,0,0,0,0,0,0,0,0,5170,37,0,0,0,0,0,0,0,0
143,2017-04-24,09:01:12,175,p1709,XDCE,5170,5154,5188,185642,9598952240,553888,558444,5408,4896,5152,5164,0,5168,0,0,0,2017-04-24,32472175,5168,102,0,0,0,0,0,0,0,0,5170,16,0,0,0,0,0,0,0,0
144,2017-04-24,09:01:12,739,p1709,XDCE,5170,5154,5188,185646,9599159040,553888,558444,5408,4896,5152,5164,0,5168,0,0,0,2017-04-24,32472739,5168,100,0,0,0,0,0,0,0,0,5170,14,0,0,0,0,0,0,0,0
145,2017-04-24,09:01:13,190,p1709,XDCE,5170,5154,5188,185646,9599159040,553888,558444,5408,4896,5152,5164,0,5168,0,0,0,2017-04-24,32473190,5168,93,0,0,0,0,0,0,0,0,5170,18,0,0,0,0,0,0,0,0
146,2017-04-24,09:01:13,704,p1709,XDCE,5170,5154,5188,185650,9599365800,553888,558444,5408,4896,5152,5164,0,5168,0,0,0,2017-04-24,32473704,5168,80,0,0,0,0,0,0,0,0,5170,70,0,0,0,0,0,0,0,0
147,2017-04-24,09:01:14,202,p1709,XDCE,5172,5154,5188,185858,9610119320,554008,558444,5408,4896,5152,5164,0,5168,0,0,0,2017-04-24,32474202,5168,70,0,0,0,0,0,0,0,0,5172,264,0,0,0,0,0,0,0,0
148,2017-04-24,09:01:14,736,p1709,XDCE,5168,5154,5188,185886,9611566440,554030,558444,5408,4896,5152,5164,0,5168,0,0,0,2017-04-24,32474736,5168,76,0,0,0,0,0,0,0,0,5170,18,0,0,0,0,0,0,0,0
149,2017-04-24,09:01:15,263,p1709,XDCE,5168,5154,5188,185894,9611980000,554032,558444,5408,4896,5152,5164,0,5168,0,0,0,2017-04-24,32475263,5168,135,0,0,0,0,0,0,0,0,5170,10,0,0,0,0,0,0,0,0
150,2017-04-24,09:01:15,705,p1709,XDCE,5168,5154,5188,185898,9612186720,554030,558444,5408,4896,5152,5164,0,5168,0,0,0,2017-04-24,32475705,5168,147,0,0,0,0,0,0,0,0,5170,15,0,0,0,0,0,0,0,0
151,2017-04-24,09:01:16,167,p1709,XDCE,5168,5154,5188,185902,9612393440,554030,558444,5408,4896,5152,5164,0,5168,0,0,0,2017-04-24,32476167,5168,149,0,0,0,0,0,0,0,0,5170,17,0,0,0,0,0,0,0,0
152,2017-04-24,09:01:16,754,p1709,XDCE,5170,5154,5188,185934,9614047840,554004,558444,5408,4896,5152,5164,0,5168,0,0,0,2017-04-24,32476754,5168,145,0,0,0,0,0,0,0,0,5170,2,0,0,0,0,0,0,0,0
153,2017-04-24,09:01:17,204,p1709,XDCE,5170,5154,5188,185938,9614254640,554006,558444,5408,4896,5152,5164,0,5168,0,0,0,2017-04-24,32477204,5168,148,0,0,0,0,0,0,0,0,5170,12,0,0,0,0,0,0,0,0
154,2017-04-24,09:01:17,684,p1709,XDCE,5168,5154,5188,186154,9625421800,554020,558444,5408,4896,5152,5164,0,5168,0,0,0,2017-04-24,32477684,5168,147,0,0,0,0,0,0,0,0,5170,10,0,0,0,0,0,0,0,0
155,2017-04-24,09:01:18,176,p1709,XDCE,5170,5154,5188,186190,9627283000,554030,558444,5408,4896,5152,5164,0,5168,0,0,0,2017-04-24,32478176,5168,148,0,0,0,0,0,0,0,0,5170,27,0,0,0,0,0,0,0,0
156,2017-04-24,09:01:18,751,p1709,XDCE,5170,5154,5188,186196,9627593200,554026,558444,5408,4896,5152,5164,0,5168,0,0,0,2017-04-24,32478751,5168,148,0,0,0,0,0,0,0,0,5170,17,0,0,0,0,0,0,0,0
157,2017-04-24,09:01:19,177,p1709,XDCE,5170,5154,5188,186196,9627593200,554026,558444,5408,4896,5152,5164,0,5168,0,0,0,2017-04-24,32479177,5168,149,0,0,0,0,0,0,0,0,5170,18,0,0,0,0,0,0,0,0
158,2017-04-24,09:01:19,705,p1709,XDCE,5168,5154,5188,186202,9627903320,554028,558444,5408,4896,5152,5164,0,5168,0,0,0,2017-04-24,32479705,5168,146,0,0,0,0,0,0,0,0,5170,18,0,0,0,0,0,0,0,0
159,2017-04-24,09:01:20,216,p1709,XDCE,5170,5154,5188,186204,9628006720,554030,558444,5408,4896,5152,5164,0,5168,0,0,0,2017-04-24,32480216,5168,146,0,0,0,0,0,0,0,0,5170,18,0,0,0,0,0,0,0,0
160,2017-04-24,09:01:20,747,p1709,XDCE,5170,5154,5188,186204,9628006720,554030,558444,5408,4896,5152,5164,0,5168,0,0,0,2017-04-24,32480747,5168,147,0,0,0,0,0,0,0,0,5170,30,0,0,0,0,0,0,0,0
161,2017-04-24,09:01:21,232,p1709,XDCE,5170,5154,5188,186210,9628316920,554030,558444,5408,4896,5152,5164,0,5168,0,0,0,2017-04-24,32481232,5168,137,0,0,0,0,0,0,0,0,5170,43,0,0,0,0,0,0,0,0
162,2017-04-24,09:01:21,751,p1709,XDCE,5168,5154,5188,186246,9630177400,554032,558444,5408,4896,5152,5164,0,5168,0,0,0,2017-04-24,32481751,5168,121,0,0,0,0,0,0,0,0,5170,63,0,0,0,0,0,0,0,0
163,2017-04-24,09:01:22,234,p1709,XDCE,5168,5154,5188,186250,9630384120,554036,558444,5408,4896,5152,5164,0,5168,0,0,0,2017-04-24,32482234,5168,119,0,0,0,0,0,0,0,0,5170,74,0,0,0,0,0,0,0,0
164,2017-04-24,09:01:22,720,p1709,XDCE,5170,5154,5188,186252,9630487520,554036,558444,5408,4896,5152,5164,0,5168,0,0,0,2017-04-24,32482720,5168,120,0,0,0,0,0,0,0,0,5170,82,0,0,0,0,0,0,0,0
165,2017-04-24,09:01:23,252,p1709,XDCE,5170,5154,5188,186252,9630487520,554036,558444,5408,4896,5152,5164,0,5168,0,0,0,2017-04-24,32483252,5168,123,0,0,0,0,0,0,0,0,5170,77,0,0,0,0,0,0,0,0
166,2017-04-24,09:01:23,743,p1709,XDCE,5168,5154,5188,186272,9631521160,554036,558444,5408,4896,5152,5164,0,5168,0,0,0,2017-04-24,32483743,5168,114,0,0,0,0,0,0,0,0,5170,83,0,0,0,0,0,0,0,0
167,2017-04-24,09:01:24,236,p1709,XDCE,5168,5154,5188,186274,9631624520,554036,558444,5408,4896,5152,5164,0,5168,0,0,0,2017-04-24,32484236,5168,114,0,0,0,0,0,0,0,0,5170,89,0,0,0,0,0,0,0,0
168,2017-04-24,09:01:24,723,p1709,XDCE,5168,5154,5188,186280,9631934600,554038,558444,5408,4896,5152,5164,0,5168,0,0,0,2017-04-24,32484723,5168,111,0,0,0,0,0,0,0,0,5170,95,0,0,0,0,0,0,0,0
169,2017-04-24,09:01:25,209,p1709,XDCE,5168,5154,5188,186288,9632348080,554042,558444,5408,4896,5152,5164,0,5168,0,0,0,2017-04-24,32485209,5168,108,0,0,0,0,0,0,0,0,5170,97,0,0,0,0,0,0,0,0
170,2017-04-24,09:01:25,755,p1709,XDCE,5168,5154,5188,186296,9632761560,554044,558444,5408,4896,5152,5164,0,5168,0,0,0,2017-04-24,32485755,5168,107,0,0,0,0,0,0,0,0,5170,100,0,0,0,0,0,0,0,0
171,2017-04-24,09:01:26,220,p1709,XDCE,5168,5154,5188,186296,9632761560,554044,558444,5408,4896,5152,5164,0,5168,0,0,0,2017-04-24,32486220,5168,109,0,0,0,0,0,0,0,0,5170,102,0,0,0,0,0,0,0,0
172,2017-04-24,09:01:26,671,p1709,XDCE,5170,5154,5188,186306,9633278560,554044,558444,5408,4896,5152,5164,0,5168,0,0,0,2017-04-24,32486671,5168,130,0,0,0,0,0,0,0,0,5170,148,0,0,0,0,0,0,0,0
173,2017-04-24,09:01:27,262,p1709,XDCE,5170,5154,5188,186316,9633795560,554046,558444,5408,4896,5152,5164,0,5168,0,0,0,2017-04-24,32487262,5168,127,0,0,0,0,0,0,0,0,5170,155,0,0,0,0,0,0,0,0
174,2017-04-24,09:01:27,727,p1709,XDCE,5170,5154,5188,186316,9633795560,554046,558444,5408,4896,5152,5164,0,5168,0,0,0,2017-04-24,32487727,5168,130,0,0,0,0,0,0,0,0,5170,212,0,0,0,0,0,0,0,0
175,2017-04-24,09:01:28,211,p1709,XDCE,5168,5154,5188,186564,9646612200,554074,558444,5408,4896,5152,5164,0,5168,0,0,0,2017-04-24,32488211,5166,284,0,0,0,0,0,0,0,0,5168,168,0,0,0,0,0,0,0,0
176,2017-04-24,09:01:28,678,p1709,XDCE,5168,5154,5188,186566,9646715560,554074,558444,5408,4896,5152,5164,0,5168,0,0,0,2017-04-24,32488678,5166,290,0,0,0,0,0,0,0,0,5168,217,0,0,0,0,0,0,0,0
177,2017-04-24,09:01:29,258,p1709,XDCE,5168,5154,5188,186566,9646715560,554074,558444,5408,4896,5152,5164,0,5168,0,0,0,2017-04-24,32489258,5166,290,0,0,0,0,0,0,0,0,5168,229,0,0,0,0,0,0,0,0
178,2017-04-24,09:01:29,742,p1709,XDCE,5168,5154,5188,186570,9646922240,554072,558444,5408,4896,5152,5164,0,5168,0,0,0,2017-04-24,32489742,5166,293,0,0,0,0,0,0,0,0,5168,224,0,0,0,0,0,0,0,0
179,2017-04-24,09:01:30,231,p1709,XDCE,5168,5154,5188,186570,9646922240,554072,558444,5408,4896,5152,5164,0,5168,0,0,0,2017-04-24,32490231,5166,303,0,0,0,0,0,0,0,0,5168,200,0,0,0,0,0,0,0,0
180,2017-04-24,09:01:30,749,p1709,XDCE,5168,5154,5188,186772,9657361600,554200,558444,5408,4896,5152,5164,0,5168,0,0,0,2017-04-24,32490749,5166,303,0,0,0,0,0,0,0,0,5168,56,0,0,0,0,0,0,0,0
181,2017-04-24,09:01:31,205,p1709,XDCE,5168,5154,5188,186868,9662322880,554152,558444,5408,4896,5152,5164,0,5168,0,0,0,2017-04-24,32491205,5166,199,0,0,0,0,0,0,0,0,5168,24,0,0,0,0,0,0,0,0
182,2017-04-24,09:01:31,723,p1709,XDCE,5168,5154,5188,186898,9663873280,554152,558444,5408,4896,5152,5164,0,5168,0,0,0,2017-04-24,32491723,5166,193,0,0,0,0,0,0,0,0,5170,178,0,0,0,0,0,0,0,0
183,2017-04-24,09:01:32,195,p1709,XDCE,5166,5154,5188,186908,9664390040,554144,558444,5408,4896,5152,5164,0,5168,0,0,0,2017-04-24,32492195,5166,205,0,0,0,0,0,0,0,0,5168,85,0,0,0,0,0,0,0,0
184,2017-04-24,09:01:32,759,p1709,XDCE,5168,5154,5188,186910,9664493400,554146,558444,5408,4896,5152,5164,0,5168,0,0,0,2017-04-24,32492759,5166,200,0,0,0,0,0,0,0,0,5168,184,0,0,0,0,0,0,0,0
185,2017-04-24,09:01:33,258,p1709,XDCE,5168,5154,5188,186930,9665527000,554152,558444,5408,4896,5152,5164,0,5168,0,0,0,2017-04-24,32493258,5166,196,0,0,0,0,0,0,0,0,5168,136,0,0,0,0,0,0,0,0
186,2017-04-24,09:01:33,695,p1709,XDCE,5168,5154,5188,186932,9665630360,554152,558444,5408,4896,5152,5164,0,5168,0,0,0,2017-04-24,32493695,5166,215,0,0,0,0,0,0,0,0,5168,120,0,0,0,0,0,0,0,0
187,2017-04-24,09:01:34,261,p1709,XDCE,5166,5154,5188,186934,9665733680,554152,558444,5408,4896,5152,5164,0,5168,0,0,0,2017-04-24,32494261,5166,203,0,0,0,0,0,0,0,0,5168,116,0,0,0,0,0,0,0,0
188,2017-04-24,09:01:34,736,p1709,XDCE,5168,5154,5188,186936,9665837040,554150,558444,5408,4896,5152,5164,0,5168,0,0,0,2017-04-24,32494736,5166,205,0,0,0,0,0,0,0,0,5168,127,0,0,0,0,0,0,0,0
189,2017-04-24,09:01:35,246,p1709,XDCE,5166,5154,5188,186938,9665940360,554150,558444,5408,4896,5152,5164,0,5168,0,0,0,2017-04-24,32495246,5166,204,0,0,0,0,0,0,0,0,5168,126,0,0,0,0,0,0,0,0
190,2017-04-24,09:01:35,738,p1709,XDCE,5168,5154,5188,186956,9666870280,554150,558444,5408,4896,5152,5164,0,5168,0,0,0,2017-04-24,32495738,5166,197,0,0,0,0,0,0,0,0,5168,123,0,0,0,0,0,0,0,0
191,2017-04-24,09:01:36,169,p1709,XDCE,5168,5154,5188,186956,9666870280,554150,558444,5408,4896,5152,5164,0,5168,0,0,0,2017-04-24,32496169,5166,188,0,0,0,0,0,0,0,0,5168,157,0,0,0,0,0,0,0,0
192,2017-04-24,09:01:36,756,p1709,XDCE,5166,5154,5188,186966,9667386880,554150,558444,5408,4896,5152,5164,0,5168,0,0,0,2017-04-24,32496756,5166,182,0,0,0,0,0,0,0,0,5168,166,0,0,0,0,0,0,0,0
193,2017-04-24,09:01:37,222,p1709,XDCE,5166,5154,5188,186968,9667490200,554152,558444,5408,4896,5152,5164,0,5168,0,0,0,2017-04-24,32497222,5166,174,0,0,0,0,0,0,0,0,5168,168,0,0,0,0,0,0,0,0
194,2017-04-24,09:01:37,744,p1709,XDCE,5168,5154,5188,186970,9667593560,554152,558444,5408,4896,5152,5164,0,5168,0,0,0,2017-04-24,32497744,5166,187,0,0,0,0,0,0,0,0,5168,150,0,0,0,0,0,0,0,0
195,2017-04-24,09:01:38,192,p1709,XDCE,5168,5154,5188,186978,9668006880,554156,558444,5408,4896,5152,5164,0,5168,0,0,0,2017-04-24,32498192,5166,193,0,0,0,0,0,0,0,0,5168,150,0,0,0,0,0,0,0,0
196,2017-04-24,09:01:38,749,p1709,XDCE,5168,5154,5188,186978,9668006880,554156,558444,5408,4896,5152,5164,0,5168,0,0,0,2017-04-24,32498749,5166,193,0,0,0,0,0,0,0,0,5168,151,0,0,0,0,0,0,0,0
197,2017-04-24,09:01:39,258,p1709,XDCE,5166,5154,5188,186988,9668523600,554150,558444,5408,4896,5152,5164,0,5168,0,0,0,2017-04-24,32499258,5166,192,0,0,0,0,0,0,0,0,5168,146,0,0,0,0,0,0,0,0
198,2017-04-24,09:01:39,706,p1709,XDCE,5166,5154,5188,186994,9668833560,554156,558444,5408,4896,5152,5164,0,5168,0,0,0,2017-04-24,32499706,5166,189,0,0,0,0,0,0,0,0,5168,158,0,0,0,0,0,0,0,0
199,2017-04-24,09:01:40,189,p1709,XDCE,5166,5154,5188,187022,9670280040,554156,558444,5408,4896,5152,5164,0,5168,0,0,0,2017-04-24,32500189,5166,176,0,0,0,0,0,0,0,0,5168,172,0,0,0,0,0,0,0,0
200,2017-04-24,09:01:40,676,p1709,XDCE,5166,5154,5188,187038,9671106600,554156,558444,5408,4896,5152,5164,0,5168,0,0,0,2017-04-24,32500676,5166,169,0,0,0,0,0,0,0,0,5168,94,0,0,0,0,0,0,0,0
201,2017-04-24,09:01:41,254,p1709,XDCE,5168,5154,5188,187056,9672036840,554156,558444,5408,4896,5152,5164,0,5168,0,0,0,2017-04-24,32501254,5166,169,0,0,0,0,0,0,0,0,5168,85,0,0,0,0,0,0,0,0
202,2017-04-24,09:01:41,720,p1709,XDCE,5166,5154,5188,187058,9672140160,554156,558444,5408,4896,5152,5164,0,5168,0,0,0,2017-04-24,32501720,5166,169,0,0,0,0,0,0,0,0,5168,85,0,0,0,0,0,0,0,0
203,2017-04-24,09:01:42,232,p1709,XDCE,5168,5154,5188,187066,9672553600,554148,558444,5408,4896,5152,5164,0,5168,0,0,0,2017-04-24,32502232,5166,169,0,0,0,0,0,0,0,0,5168,81,0,0,0,0,0,0,0,0
204,2017-04-24,09:01:42,722,p1709,XDCE,5168,5154,5188,187066,9672553600,554148,558444,5408,4896,5152,5164,0,5168,0,0,0,2017-04-24,32502722,5166,169,0,0,0,0,0,0,0,0,5168,84,0,0,0,0,0,0,0,0
205,2017-04-24,09:01:43,243,p1709,XDCE,5166,5154,5188,187090,9673793880,554128,558444,5408,4896,5152,5164,0,5168,0,0,0,2017-04-24,32503243,5166,177,0,0,0,0,0,0,0,0,5168,60,0,0,0,0,0,0,0,0
206,2017-04-24,09:01:43,705,p1709,XDCE,5168,5154,5188,187170,9677928240,554114,558444,5408,4896,5152,5164,0,5168,0,0,0,2017-04-24,32503705,5166,201,0,0,0,0,0,0,0,0,5168,20,0,0,0,0,0,0,0,0
207,2017-04-24,09:01:44,230,p1709,XDCE,5168,5154,5188,187204,9679685360,554118,558444,5408,4896,5152,5164,0,5168,0,0,0,2017-04-24,32504230,5166,192,0,0,0,0,0,0,0,0,5168,53,0,0,0,0,0,0,0,0
208,2017-04-24,09:01:44,710,p1709,XDCE,5168,5154,5188,187310,9685163440,554122,558444,5408,4896,5152,5164,0,5168,0,0,0,2017-04-24,32504710,5168,49,0,0,0,0,0,0,0,0,5170,146,0,0,0,0,0,0,0,0
209,2017-04-24,09:01:45,242,p1709,XDCE,5168,5154,5188,187342,9686817200,554122,558444,5408,4896,5152,5164,0,5168,0,0,0,2017-04-24,32505242,5168,43,0,0,0,0,0,0,0,0,5170,144,0,0,0,0,0,0,0,0
210,2017-04-24,09:01:45,733,p1709,XDCE,5168,5154,5188,187446,9692191640,554206,558444,5408,4896,5152,5164,0,5168,0,0,0,2017-04-24,32505733,5166,290,0,0,0,0,0,0,0,0,5170,149,0,0,0,0,0,0,0,0
211,2017-04-24,09:01:46,225,p1709,XDCE,5168,5154,5188,187464,9693122000,554216,558444,5408,4896,5152,5164,0,5168,0,0,0,2017-04-24,32506225,5168,4,0,0,0,0,0,0,0,0,5170,141,0,0,0,0,0,0,0,0
212,2017-04-24,09:01:46,596,p1709,XDCE,5168,5154,5188,187474,9693638800,554214,558444,5408,4896,5152,5164,0,5168,0,0,0,2017-04-24,32506596,5166,292,0,0,0,0,0,0,0,0,5168,1,0,0,0,0,0,0,0,0
213,2017-04-24,09:01:47,261,p1709,XDCE,5168,5154,5188,187478,9693845520,554214,558444,5408,4896,5152,5164,0,5168,0,0,0,2017-04-24,32507261,5168,4,0,0,0,0,0,0,0,0,5170,143,0,0,0,0,0,0,0,0
214,2017-04-24,09:01:47,760,p1709,XDCE,5168,5154,5188,187488,9694362320,554210,558444,5408,4896,5152,5164,0,5168,0,0,0,2017-04-24,32507760,5168,3,0,0,0,0,0,0,0,0,5170,141,0,0,0,0,0,0,0,0
215,2017-04-24,09:01:48,169,p1709,XDCE,5168,5154,5188,187490,9694465680,554208,558444,5408,4896,5152,5164,0,5168,0,0,0,2017-04-24,32508169,5168,2,0,0,0,0,0,0,0,0,5170,162,0,0,0,0,0,0,0,0
216,2017-04-24,09:01:48,669,p1709,XDCE,5168,5154,5188,187510,9695499480,554202,558444,5408,4896,5152,5164,0,5168,0,0,0,2017-04-24,32508669,5166,411,0,0,0,0,0,0,0,0,5170,77,0,0,0,0,0,0,0,0
217,2017-04-24,09:01:49,201,p1709,XDCE,5168,5154,5188,187532,9696636440,554180,558444,5408,4896,5152,5164,0,5168,0,0,0,2017-04-24,32509201,5168,12,0,0,0,0,0,0,0,0,5170,158,0,0,0,0,0,0,0,0
218,2017-04-24,09:01:49,736,p1709,XDCE,5168,5154,5188,187532,9696636440,554180,558444,5408,4896,5152,5164,0,5168,0,0,0,2017-04-24,32509736,5168,34,0,0,0,0,0,0,0,0,5170,157,0,0,0,0,0,0,0,0
219,2017-04-24,09:01:50,169,p1709,XDCE,5168,5154,5188,187532,9696636440,554180,558444,5408,4896,5152,5164,0,5168,0,0,0,2017-04-24,32510169,5168,64,0,0,0,0,0,0,0,0,5170,158,0,0,0,0,0,0,0,0
220,2017-04-24,09:01:50,721,p1709,XDCE,5168,5154,5188,187532,9696636440,554180,558444,5408,4896,5152,5164,0,5168,0,0,0,2017-04-24,32510721,5168,129,0,0,0,0,0,0,0,0,5170,146,0,0,0,0,0,0,0,0
221,2017-04-24,09:01:51,239,p1709,XDCE,5168,5154,5188,187532,9696636440,554180,558444,5408,4896,5152,5164,0,5168,0,0,0,2017-04-24,32511239,5168,133,0,0,0,0,0,0,0,0,5170,147,0,0,0,0,0,0,0,0
222,2017-04-24,09:01:51,758,p1709,XDCE,5170,5154,5188,187556,9697877240,554182,558444,5408,4896,5152,5164,0,5168,0,0,0,2017-04-24,32511758,5168,146,0,0,0,0,0,0,0,0,5170,135,0,0,0,0,0,0,0,0
223,2017-04-24,09:01:52,258,p1709,XDCE,5168,5154,5188,187600,9700151160,554174,558444,5408,4896,5152,5164,0,5168,0,0,0,2017-04-24,32512258,5168,127,0,0,0,0,0,0,0,0,5170,132,0,0,0,0,0,0,0,0
224,2017-04-24,09:01:52,641,p1709,XDCE,5168,5154,5188,187606,9700461240,554176,558444,5408,4896,5152,5164,0,5168,0,0,0,2017-04-24,32512641,5168,132,0,0,0,0,0,0,0,0,5170,135,0,0,0,0,0,0,0,0
225,2017-04-24,09:01:53,204,p1709,XDCE,5168,5154,5188,187606,9700461240,554176,558444,5408,4896,5152,5164,0,5168,0,0,0,2017-04-24,32513204,5168,133,0,0,0,0,0,0,0,0,5170,134,0,0,0,0,0,0,0,0
226,2017-04-24,09:01:53,682,p1709,XDCE,5168,5154,5188,187608,9700564600,554176,558444,5408,4896,5152,5164,0,5168,0,0,0,2017-04-24,32513682,5168,120,0,0,0,0,0,0,0,0,5170,133,0,0,0,0,0,0,0,0
227,2017-04-24,09:01:54,206,p1709,XDCE,5168,5154,5188,187608,9700564600,554176,558444,5408,4896,5152,5164,0,5168,0,0,0,2017-04-24,32514206,5168,121,0,0,0,0,0,0,0,0,5170,134,0,0,0,0,0,0,0,0
228,2017-04-24,09:01:54,760,p1709,XDCE,5168,5154,5188,187626,9701494840,554176,558444,5408,4896,5152,5164,0,5168,0,0,0,2017-04-24,32514760,5168,115,0,0,0,0,0,0,0,0,5170,139,0,0,0,0,0,0,0,0
229,2017-04-24,09:01:55,259,p1709,XDCE,5170,5154,5188,187628,9701598240,554174,558444,5408,4896,5152,5164,0,5168,0,0,0,2017-04-24,32515259,5168,116,0,0,0,0,0,0,0,0,5170,139,0,0,0,0,0,0,0,0
230,2017-04-24,09:01:55,763,p1709,XDCE,5170,5154,5188,187628,9701598240,554174,558444,5408,4896,5152,5164,0,5168,0,0,0,2017-04-24,32515763,5168,129,0,0,0,0,0,0,0,0,5170,140,0,0,0,0,0,0,0,0
231,2017-04-24,09:01:56,185,p1709,XDCE,5168,5154,5188,187630,9701701600,554174,558444,5408,4896,5152,5164,0,5168,0,0,0,2017-04-24,32516185,5168,128,0,0,0,0,0,0,0,0,5170,140,0,0,0,0,0,0,0,0
232,2017-04-24,09:01:56,741,p1709,XDCE,5168,5154,5188,187634,9701908360,554172,558444,5408,4896,5152,5164,0,5168,0,0,0,2017-04-24,32516741,5168,148,0,0,0,0,0,0,0,0,5170,140,0,0,0,0,0,0,0,0
233,2017-04-24,09:01:57,187,p1709,XDCE,5168,5154,5188,187638,9702115080,554172,558444,5408,4896,5152,5164,0,5168,0,0,0,2017-04-24,32517187,5168,147,0,0,0,0,0,0,0,0,5170,139,0,0,0,0,0,0,0,0
234,2017-04-24,09:01:57,761,p1709,XDCE,5170,5154,5188,187646,9702528680,554166,558444,5408,4896,5152,5164,0,5168,0,0,0,2017-04-24,32517761,5168,151,0,0,0,0,0,0,0,0,5170,127,0,0,0,0,0,0,0,0
235,2017-04-24,09:01:58,235,p1709,XDCE,5170,5154,5188,187646,9702528680,554166,558444,5408,4896,5152,5164,0,5168,0,0,0,2017-04-24,32518235,5168,153,0,0,0,0,0,0,0,0,5170,124,0,0,0,0,0,0,0,0
236,2017-04-24,09:01:59,233,p1709,XDCE,5170,5154,5188,187646,9702528680,554166,558444,5408,4896,5152,5164,0,5168,0,0,0,2017-04-24,32519233,5168,151,0,0,0,0,0,0,0,0,5170,124,0,0,0,0,0,0,0,0
237,2017-04-24,09:01:59,678,p1709,XDCE,5170,5154,5188,187648,9702632080,554166,558444,5408,4896,5152,5164,0,5168,0,0,0,2017-04-24,32519678,5168,152,0,0,0,0,0,0,0,0,5170,123,0,0,0,0,0,0,0,0
238,2017-04-24,09:02:00,252,p1709,XDCE,5170,5154,5188,187716,9706147680,554112,558444,5408,4896,5152,5164,0,5168,0,0,0,2017-04-24,32520252,5168,152,0,0,0,0,0,0,0,0,5170,98,0,0,0,0,0,0,0,0
239,2017-04-24,09:02:00,598,p1709,XDCE,5168,5154,5188,187720,9706354440,554108,558444,5408,4896,5152,5164,0,5168,0,0,0,2017-04-24,32520598,5168,153,0,0,0,0,0,0,0,0,5170,97,0,0,0,0,0,0,0,0
240,2017-04-24,09:02:01,27,p1709,XDCE,5168,5154,5188,187740,9707388040,554098,558444,5408,4896,5152,5164,0,5168,0,0,0,2017-04-24,32521027,5168,141,0,0,0,0,0,0,0,0,5170,97,0,0,0,0,0,0,0,0
241,2017-04-24,09:02:01,591,p1709,XDCE,5168,5154,5188,187740,9707388040,554098,558444,5408,4896,5152,5164,0,5168,0,0,0,2017-04-24,32521591,5168,143,0,0,0,0,0,0,0,0,5170,102,0,0,0,0,0,0,0,0
242,2017-04-24,09:02:02,234,p1709,XDCE,5170,5154,5188,187744,9707594840,554098,558444,5408,4896,5152,5164,0,5168,0,0,0,2017-04-24,32522234,5168,141,0,0,0,0,0,0,0,0,5170,100,0,0,0,0,0,0,0,0
243,2017-04-24,09:02:02,703,p1709,XDCE,5170,5154,5188,187790,9709972200,554128,558444,5408,4896,5152,5164,0,5168,0,0,0,2017-04-24,32522703,5168,122,0,0,0,0,0,0,0,0,5170,108,0,0,0,0,0,0,0,0
244,2017-04-24,09:02:03,214,p1709,XDCE,5170,5154,5188,187790,9709972200,554128,558444,5408,4896,5152,5164,0,5168,0,0,0,2017-04-24,32523214,5168,121,0,0,0,0,0,0,0,0,5170,116,0,0,0,0,0,0,0,0
245,2017-04-24,09:02:03,741,p1709,XDCE,5170,5154,5188,187794,9710178960,554130,558444,5408,4896,5152,5164,0,5168,0,0,0,2017-04-24,32523741,5168,120,0,0,0,0,0,0,0,0,5170,126,0,0,0,0,0,0,0,0
246,2017-04-24,09:02:04,199,p1709,XDCE,5168,5154,5188,187806,9710799240,554130,558444,5408,4896,5152,5164,0,5168,0,0,0,2017-04-24,32524199,5168,137,0,0,0,0,0,0,0,0,5170,121,0,0,0,0,0,0,0,0
247,2017-04-24,09:02:04,706,p1709,XDCE,5168,5154,5188,187824,9711729520,554144,558444,5408,4896,5152,5164,0,5168,0,0,0,2017-04-24,32524706,5168,103,0,0,0,0,0,0,0,0,5170,120,0,0,0,0,0,0,0,0
248,2017-04-24,09:02:05,241,p1709,XDCE,5170,5154,5188,187836,9712349720,554144,558444,5408,4896,5152,5164,0,5168,0,0,0,2017-04-24,32525241,5168,99,0,0,0,0,0,0,0,0,5170,117,0,0,0,0,0,0,0,0
249,2017-04-24,09:02:05,663,p1709,XDCE,5168,5154,5188,187842,9712659840,554144,558444,5408,4896,5152,5164,0,5168,0,0,0,2017-04-24,32525663,5168,98,0,0,0,0,0,0,0,0,5170,116,0,0,0,0,0,0,0,0
250,2017-04-24,09:02:06,238,p1709,XDCE,5168,5154,5188,187846,9712866560,554142,558444,5408,4896,5152,5164,0,5168,0,0,0,2017-04-24,32526238,5168,105,0,0,0,0,0,0,0,0,5170,135,0,0,0,0,0,0,0,0
251,2017-04-24,09:02:06,716,p1709,XDCE,5170,5154,5188,187848,9712969960,554142,558444,5408,4896,5152,5164,0,5168,0,0,0,2017-04-24,32526716,5168,106,0,0,0,0,0,0,0,0,5170,137,0,0,0,0,0,0,0,0
252,2017-04-24,09:02:07,233,p1709,XDCE,5168,5154,5188,187856,9713383400,554144,558444,5408,4896,5152,5164,0,5168,0,0,0,2017-04-24,32527233,5168,104,0,0,0,0,0,0,0,0,5170,138,0,0,0,0,0,0,0,0
253,2017-04-24,09:02:07,698,p1709,XDCE,5168,5154,5188,187894,9715347560,554140,558444,5408,4896,5152,5164,0,5168,0,0,0,2017-04-24,32527698,5168,95,0,0,0,0,0,0,0,0,5170,130,0,0,0,0,0,0,0,0
254,2017-04-24,09:02:08,219,p1709,XDCE,5168,5154,5188,187916,9716484720,554134,558444,5408,4896,5152,5164,0,5168,0,0,0,2017-04-24,32528219,5168,92,0,0,0,0,0,0,0,0,5170,123,0,0,0,0,0,0,0,0
255,2017-04-24,09:02:08,481,p1709,XDCE,5168,5154,5188,187918,9716588080,554134,558444,5408,4896,5152,5164,0,5168,0,0,0,2017-04-24,32528481,5168,91,0,0,0,0,0,0,0,0,5170,123,0,0,0,0,0,0,0,0
256,2017-04-24,09:02:09,246,p1709,XDCE,5168,5154,5188,187928,9717104880,554130,558444,5408,4896,5152,5164,0,5168,0,0,0,2017-04-24,32529246,5168,91,0,0,0,0,0,0,0,0,5170,128,0,0,0,0,0,0,0,0
257,2017-04-24,09:02:09,758,p1709,XDCE,5168,5154,5188,187932,9717311600,554126,558444,5408,4896,5152,5164,0,5168,0,0,0,2017-04-24,32529758,5168,88,0,0,0,0,0,0,0,0,5170,128,0,0,0,0,0,0,0,0
258,2017-04-24,09:02:10,216,p1709,XDCE,5168,5154,5188,187932,9717311600,554126,558444,5408,4896,5152,5164,0,5168,0,0,0,2017-04-24,32530216,5168,90,0,0,0,0,0,0,0,0,5170,129,0,0,0,0,0,0,0,0
259,2017-04-24,09:02:10,672,p1709,XDCE,5168,5154,5188,187962,9718862160,554130,558444,5408,4896,5152,5164,0,5168,0,0,0,2017-04-24,32530672,5168,69,0,0,0,0,0,0,0,0,5170,136,0,0,0,0,0,0,0,0
260,2017-04-24,09:02:11,226,p1709,XDCE,5168,5154,5188,187970,9719275600,554130,558444,5408,4896,5152,5164,0,5168,0,0,0,2017-04-24,32531226,5168,66,0,0,0,0,0,0,0,0,5170,136,0,0,0,0,0,0,0,0
261,2017-04-24,09:02:11,734,p1709,XDCE,5170,5154,5188,187980,9719792560,554126,558444,5408,4896,5152,5164,0,5168,0,0,0,2017-04-24,32531734,5168,177,0,0,0,0,0,0,0,0,5170,127,0,0,0,0,0,0,0,0
262,2017-04-24,09:02:12,222,p1709,XDCE,5168,5154,5188,187982,9719895920,554124,558444,5408,4896,5152,5164,0,5168,0,0,0,2017-04-24,32532222,5168,184,0,0,0,0,0,0,0,0,5170,112,0,0,0,0,0,0,0,0
263,2017-04-24,09:02:12,731,p1709,XDCE,5168,5154,5188,188002,9720929520,554104,558444,5408,4896,5152,5164,0,5168,0,0,0,2017-04-24,32532731,5168,195,0,0,0,0,0,0,0,0,5170,122,0,0,0,0,0,0,0,0
264,2017-04-24,09:02:13,732,p1709,XDCE,5168,5154,5188,188002,9720929520,554104,558444,5408,4896,5152,5164,0,5168,0,0,0,2017-04-24,32533732,5168,196,0,0,0,0,0,0,0,0,5170,122,0,0,0,0,0,0,0,0
265,2017-04-24,09:02:14,251,p1709,XDCE,5168,5154,5188,188002,9720929520,554104,558444,5408,4896,5152,5164,0,5168,0,0,0,2017-04-24,32534251,5168,193,0,0,0,0,0,0,0,0,5170,129,0,0,0,0,0,0,0,0
266,2017-04-24,09:02:14,710,p1709,XDCE,5170,5154,5188,188032,9722480400,554106,558444,5408,4896,5152,5164,0,5168,0,0,0,2017-04-24,32534710,5168,190,0,0,0,0,0,0,0,0,5170,117,0,0,0,0,0,0,0,0
267,2017-04-24,09:02:15,263,p1709,XDCE,5168,5154,5188,188132,9727648400,554054,558444,5408,4896,5152,5164,0,5168,0,0,0,2017-04-24,32535263,5168,148,0,0,0,0,0,0,0,0,5170,151,0,0,0,0,0,0,0,0
268,2017-04-24,09:02:15,709,p1709,XDCE,5168,5154,5188,188132,9727648400,554054,558444,5408,4896,5152,5164,0,5168,0,0,0,2017-04-24,32535709,5168,139,0,0,0,0,0,0,0,0,5170,151,0,0,0,0,0,0,0,0
269,2017-04-24,09:02:16,247,p1709,XDCE,5168,5154,5188,188134,9727751760,554052,558444,5408,4896,5152,5164,0,5168,0,0,0,2017-04-24,32536247,5168,147,0,0,0,0,0,0,0,0,5170,159,0,0,0,0,0,0,0,0
270,2017-04-24,09:02:16,755,p1709,XDCE,5168,5154,5188,188134,9727751760,554052,558444,5408,4896,5152,5164,0,5168,0,0,0,2017-04-24,32536755,5168,147,0,0,0,0,0,0,0,0,5170,160,0,0,0,0,0,0,0,0
271,2017-04-24,09:02:17,236,p1709,XDCE,5170,5154,5188,188160,9729095680,554040,558444,5408,4896,5152,5164,0,5168,0,0,0,2017-04-24,32537236,5168,140,0,0,0,0,0,0,0,0,5170,156,0,0,0,0,0,0,0,0
272,2017-04-24,09:02:17,752,p1709,XDCE,5170,5154,5188,188160,9729095680,554040,558444,5408,4896,5152,5164,0,5168,0,0,0,2017-04-24,32537752,5168,140,0,0,0,0,0,0,0,0,5170,161,0,0,0,0,0,0,0,0
273,2017-04-24,09:02:18,221,p1709,XDCE,5170,5154,5188,188160,9729095680,554040,558444,5408,4896,5152,5164,0,5168,0,0,0,2017-04-24,32538221,5168,140,0,0,0,0,0,0,0,0,5170,164,0,0,0,0,0,0,0,0
274,2017-04-24,09:02:18,751,p1709,XDCE,5170,5154,5188,188162,9729199080,554038,558444,5408,4896,5152,5164,0,5168,0,0,0,2017-04-24,32538751,5168,140,0,0,0,0,0,0,0,0,5170,166,0,0,0,0,0,0,0,0
275,2017-04-24,09:02:19,224,p1709,XDCE,5170,5154,5188,188164,9729302480,554036,558444,5408,4896,5152,5164,0,5168,0,0,0,2017-04-24,32539224,5168,141,0,0,0,0,0,0,0,0,5170,165,0,0,0,0,0,0,0,0
276,2017-04-24,09:02:19,619,p1709,XDCE,5168,5154,5188,188166,9729405840,554034,558444,5408,4896,5152,5164,0,5168,0,0,0,2017-04-24,32539619,5168,150,0,0,0,0,0,0,0,0,5170,165,0,0,0,0,0,0,0,0
277,2017-04-24,09:02:20,255,p1709,XDCE,5168,5154,5188,188190,9730646200,554032,558444,5408,4896,5152,5164,0,5168,0,0,0,2017-04-24,32540255,5168,139,0,0,0,0,0,0,0,0,5170,168,0,0,0,0,0,0,0,0
278,2017-04-24,09:02:20,702,p1709,XDCE,5168,5154,5188,188194,9730852920,554028,558444,5408,4896,5152,5164,0,5168,0,0,0,2017-04-24,32540702,5168,138,0,0,0,0,0,0,0,0,5170,169,0,0,0,0,0,0,0,0
279,2017-04-24,09:02:20,980,p1709,XDCE,5168,5154,5188,188194,9730852920,554028,558444,5408,4896,5152,5164,0,5168,0,0,0,2017-04-24,32540980,5168,128,0,0,0,0,0,0,0,0,5170,189,0,0,0,0,0,0,0,0
280,2017-04-24,09:02:22,188,p1709,XDCE,5166,5154,5188,188494,9746356280,553944,558444,5408,4896,5152,5164,0,5168,0,0,0,2017-04-24,32542188,5166,344,0,0,0,0,0,0,0,0,5168,22,0,0,0,0,0,0,0,0
281,2017-04-24,09:02:22,675,p1709,XDCE,5166,5154,5188,188526,9748009400,553944,558444,5408,4896,5152,5164,0,5168,0,0,0,2017-04-24,32542675,5166,328,0,0,0,0,0,0,0,0,5168,19,0,0,0,0,0,0,0,0
282,2017-04-24,09:02:23,263,p1709,XDCE,5168,5154,5188,188530,9748216120,553944,558444,5408,4896,5152,5164,0,5168,0,0,0,2017-04-24,32543263,5166,305,0,0,0,0,0,0,0,0,5168,77,0,0,0,0,0,0,0,0
283,2017-04-24,09:02:23,737,p1709,XDCE,5168,5154,5188,188530,9748216120,553944,558444,5408,4896,5152,5164,0,5168,0,0,0,2017-04-24,32543737,5166,297,0,0,0,0,0,0,0,0,5168,89,0,0,0,0,0,0,0,0
284,2017-04-24,09:02:24,172,p1709,XDCE,5168,5154,5188,188530,9748216120,553944,558444,5408,4896,5152,5164,0,5168,0,0,0,2017-04-24,32544172,5166,274,0,0,0,0,0,0,0,0,5168,109,0,0,0,0,0,0,0,0
285,2017-04-24,09:02:24,668,p1709,XDCE,5168,5154,5188,188756,9759895800,553750,558444,5408,4896,5152,5164,0,5168,0,0,0,2017-04-24,32544668,5166,297,0,0,0,0,0,0,0,0,5168,23,0,0,0,0,0,0,0,0
286,2017-04-24,09:02:25,169,p1709,XDCE,5168,5154,5188,188756,9759895800,553750,558444,5408,4896,5152,5164,0,5168,0,0,0,2017-04-24,32545169,5166,297,0,0,0,0,0,0,0,0,5168,24,0,0,0,0,0,0,0,0
287,2017-04-24,09:02:26,190,p1709,XDCE,5168,5154,5188,188760,9760102520,553750,558444,5408,4896,5152,5164,0,5168,0,0,0,2017-04-24,32546190,5166,297,0,0,0,0,0,0,0,0,5168,23,0,0,0,0,0,0,0,0
288,2017-04-24,09:02:26,664,p1709,XDCE,5168,5154,5188,188760,9760102520,553750,558444,5408,4896,5152,5164,0,5168,0,0,0,2017-04-24,32546664,5166,297,0,0,0,0,0,0,0,0,5168,73,0,0,0,0,0,0,0,0
289,2017-04-24,09:02:27,258,p1709,XDCE,5168,5154,5188,188768,9760515960,553750,558444,5408,4896,5152,5164,0,5168,0,0,0,2017-04-24,32547258,5166,294,0,0,0,0,0,0,0,0,5168,72,0,0,0,0,0,0,0,0
290,2017-04-24,09:02:27,734,p1709,XDCE,5168,5154,5188,188768,9760515960,553750,558444,5408,4896,5152,5164,0,5168,0,0,0,2017-04-24,32547734,5166,296,0,0,0,0,0,0,0,0,5168,97,0,0,0,0,0,0,0,0
291,2017-04-24,09:02:28,262,p1709,XDCE,5168,5154,5188,188768,9760515960,553750,558444,5408,4896,5152,5164,0,5168,0,0,0,2017-04-24,32548262,5166,296,0,0,0,0,0,0,0,0,5168,115,0,0,0,0,0,0,0,0
292,2017-04-24,09:02:28,708,p1709,XDCE,5166,5154,5188,188774,9760826000,553750,558444,5408,4896,5152,5164,0,5168,0,0,0,2017-04-24,32548708,5166,305,0,0,0,0,0,0,0,0,5168,113,0,0,0,0,0,0,0,0
293,2017-04-24,09:02:29,210,p1709,XDCE,5168,5154,5188,188780,9761136080,553750,558444,5408,4896,5152,5164,0,5168,0,0,0,2017-04-24,32549210,5166,308,0,0,0,0,0,0,0,0,5168,120,0,0,0,0,0,0,0,0
294,2017-04-24,09:02:29,668,p1709,XDCE,5168,5154,5188,188780,9761136080,553750,558444,5408,4896,5152,5164,0,5168,0,0,0,2017-04-24,32549668,5166,308,0,0,0,0,0,0,0,0,5168,125,0,0,0,0,0,0,0,0
295,2017-04-24,09:02:30,177,p1709,XDCE,5166,5154,5188,188782,9761239400,553750,558444,5408,4896,5152,5164,0,5168,0,0,0,2017-04-24,32550177,5166,307,0,0,0,0,0,0,0,0,5168,127,0,0,0,0,0,0,0,0
296,2017-04-24,09:02:31,198,p1709,XDCE,5168,5154,5188,188992,9772092160,553592,558444,5408,4896,5152,5164,0,5168,0,0,0,2017-04-24,32551198,5166,306,0,0,0,0,0,0,0,0,5168,23,0,0,0,0,0,0,0,0
297,2017-04-24,09:02:31,753,p1709,XDCE,5168,5154,5188,189012,9773125760,553572,558444,5408,4896,5152,5164,0,5168,0,0,0,2017-04-24,32551753,5166,308,0,0,0,0,0,0,0,0,5170,126,0,0,0,0,0,0,0,0
298,2017-04-24,09:02:32,229,p1709,XDCE,5168,5154,5188,189012,9773125760,553572,558444,5408,4896,5152,5164,0,5168,0,0,0,2017-04-24,32552229,5166,317,0,0,0,0,0,0,0,0,5170,147,0,0,0,0,0,0,0,0
299,2017-04-24,09:02:32,757,p1709,XDCE,5168,5154,5188,189012,9773125760,553572,558444,5408,4896,5152,5164,0,5168,0,0,0,2017-04-24,32552757,5166,318,0,0,0,0,0,0,0,0,5170,148,0,0,0,0,0,0,0,0
300,2017-04-24,09:02:33,176,p1709,XDCE,5168,5154,5188,189012,9773125760,553572,558444,5408,4896,5152,5164,0,5168,0,0,0,2017-04-24,32553176,5166,323,0,0,0,0,0,0,0,0,5168,1,0,0,0,0,0,0,0,0
301,2017-04-24,09:02:33,652,p1709,XDCE,5168,5154,5188,189012,9773125760,553572,558444,5408,4896,5152,5164,0,5168,0,0,0,2017-04-24,32553652,5166,324,0,0,0,0,0,0,0,0,5168,41,0,0,0,0,0,0,0,0
302,2017-04-24,09:02:34,110,p1709,XDCE,5168,5154,5188,189012,9773125760,553572,558444,5408,4896,5152,5164,0,5168,0,0,0,2017-04-24,32554110,5166,322,0,0,0,0,0,0,0,0,5168,41,0,0,0,0,0,0,0,0
303,2017-04-24,09:02:34,729,p1709,XDCE,5166,5154,5188,189026,9773849000,553580,558444,5408,4896,5152,5164,0,5168,0,0,0,2017-04-24,32554729,5166,315,0,0,0,0,0,0,0,0,5168,41,0,0,0,0,0,0,0,0
304,2017-04-24,09:02:35,245,p1709,XDCE,5166,5154,5188,189088,9777051960,553556,558444,5408,4896,5152,5164,0,5168,0,0,0,2017-04-24,32555245,5166,286,0,0,0,0,0,0,0,0,5168,42,0,0,0,0,0,0,0,0
305,2017-04-24,09:02:35,728,p1709,XDCE,5168,5154,5188,189194,9782530040,553470,558444,5408,4896,5152,5164,0,5168,0,0,0,2017-04-24,32555728,5168,59,0,0,0,0,0,0,0,0,5170,158,0,0,0,0,0,0,0,0
306,2017-04-24,09:02:36,229,p1709,XDCE,5168,5154,5188,189194,9782530040,553470,558444,5408,4896,5152,5164,0,5168,0,0,0,2017-04-24,32556229,5168,59,0,0,0,0,0,0,0,0,5170,159,0,0,0,0,0,0,0,0
307,2017-04-24,09:02:37,54,p1709,XDCE,5168,5154,5188,189236,9784700600,553428,558444,5408,4896,5152,5164,0,5168,0,0,0,2017-04-24,32557054,5168,38,0,0,0,0,0,0,0,0,5170,157,0,0,0,0,0,0,0,0
308,2017-04-24,09:02:37,737,p1709,XDCE,5168,5154,5188,189312,9788628280,553356,558444,5408,4896,5152,5164,0,5168,0,0,0,2017-04-24,32557737,5166,288,0,0,0,0,0,0,0,0,5170,159,0,0,0,0,0,0,0,0
309,2017-04-24,09:02:38,164,p1709,XDCE,5168,5154,5188,189312,9788628280,553356,558444,5408,4896,5152,5164,0,5168,0,0,0,2017-04-24,32558164,5168,2,0,0,0,0,0,0,0,0,5170,159,0,0,0,0,0,0,0,0
310,2017-04-24,09:02:38,724,p1709,XDCE,5168,5154,5188,189336,9789868600,553374,558444,5408,4896,5152,5164,0,5168,0,0,0,2017-04-24,32558724,5168,21,0,0,0,0,0,0,0,0,5170,163,0,0,0,0,0,0,0,0
311,2017-04-24,09:02:39,145,p1709,XDCE,5168,5154,5188,189348,9790488760,553376,558444,5408,4896,5152,5164,0,5168,0,0,0,2017-04-24,32559145,5168,15,0,0,0,0,0,0,0,0,5170,164,0,0,0,0,0,0,0,0
312,2017-04-24,09:02:39,680,p1709,XDCE,5168,5154,5188,189348,9790488760,553376,558444,5408,4896,5152,5164,0,5168,0,0,0,2017-04-24,32559680,5168,37,0,0,0,0,0,0,0,0,5170,155,0,0,0,0,0,0,0,0
313,2017-04-24,09:02:40,204,p1709,XDCE,5168,5154,5188,189354,9790798840,553374,558444,5408,4896,5152,5164,0,5168,0,0,0,2017-04-24,32560204,5168,45,0,0,0,0,0,0,0,0,5170,145,0,0,0,0,0,0,0,0
314,2017-04-24,09:02:40,745,p1709,XDCE,5168,5154,5188,189356,9790902200,553372,558444,5408,4896,5152,5164,0,5168,0,0,0,2017-04-24,32560745,5168,149,0,0,0,0,0,0,0,0,5170,163,0,0,0,0,0,0,0,0
315,2017-04-24,09:02:41,178,p1709,XDCE,5168,5154,5188,189356,9790902200,553372,558444,5408,4896,5152,5164,0,5168,0,0,0,2017-04-24,32561178,5168,150,0,0,0,0,0,0,0,0,5170,164,0,0,0,0,0,0,0,0
316,2017-04-24,09:02:41,696,p1709,XDCE,5168,5154,5188,189358,9791005560,553370,558444,5408,4896,5152,5164,0,5168,0,0,0,2017-04-24,32561696,5168,150,0,0,0,0,0,0,0,0,5170,164,0,0,0,0,0,0,0,0
317,2017-04-24,09:02:42,168,p1709,XDCE,5168,5154,5188,189364,9791315640,553368,558444,5408,4896,5152,5164,0,5168,0,0,0,2017-04-24,32562168,5168,147,0,0,0,0,0,0,0,0,5170,180,0,0,0,0,0,0,0,0
318,2017-04-24,09:02:42,722,p1709,XDCE,5168,5154,5188,189364,9791315640,553368,558444,5408,4896,5152,5164,0,5168,0,0,0,2017-04-24,32562722,5168,147,0,0,0,0,0,0,0,0,5170,181,0,0,0,0,0,0,0,0
319,2017-04-24,09:02:42,979,p1709,XDCE,5168,5154,5188,189428,9794623160,553334,558444,5408,4896,5152,5164,0,5168,0,0,0,2017-04-24,32562979,5168,115,0,0,0,0,0,0,0,0,5170,161,0,0,0,0,0,0,0,0
320,2017-04-24,09:02:43,758,p1709,XDCE,5168,5154,5188,189430,9794726520,553334,558444,5408,4896,5152,5164,0,5168,0,0,0,2017-04-24,32563758,5168,115,0,0,0,0,0,0,0,0,5170,165,0,0,0,0,0,0,0,0
321,2017-04-24,09:02:44,180,p1709,XDCE,5168,5154,5188,189432,9794829880,553334,558444,5408,4896,5152,5164,0,5168,0,0,0,2017-04-24,32564180,5168,114,0,0,0,0,0,0,0,0,5170,170,0,0,0,0,0,0,0,0
322,2017-04-24,09:02:44,759,p1709,XDCE,5168,5154,5188,189432,9794829880,553334,558444,5408,4896,5152,5164,0,5168,0,0,0,2017-04-24,32564759,5168,116,0,0,0,0,0,0,0,0,5170,171,0,0,0,0,0,0,0,0
323,2017-04-24,09:02:45,168,p1709,XDCE,5168,5154,5188,189432,9794829880,553334,558444,5408,4896,5152,5164,0,5168,0,0,0,2017-04-24,32565168,5168,116,0,0,0,0,0,0,0,0,5170,172,0,0,0,0,0,0,0,0
324,2017-04-24,09:02:45,672,p1709,XDCE,5168,5154,5188,189432,9794829880,553334,558444,5408,4896,5152,5164,0,5168,0,0,0,2017-04-24,32565672,5168,116,0,0,0,0,0,0,0,0,5170,173,0,0,0,0,0,0,0,0
325,2017-04-24,09:02:46,244,p1709,XDCE,5168,5154,5188,189432,9794829880,553334,558444,5408,4896,5152,5164,0,5168,0,0,0,2017-04-24,32566244,5168,116,0,0,0,0,0,0,0,0,5170,172,0,0,0,0,0,0,0,0
326,2017-04-24,09:02:46,666,p1709,XDCE,5168,5154,5188,189432,9794829880,553334,558444,5408,4896,5152,5164,0,5168,0,0,0,2017-04-24,32566666,5168,116,0,0,0,0,0,0,0,0,5170,162,0,0,0,0,0,0,0,0
327,2017-04-24,09:02:47,227,p1709,XDCE,5168,5154,5188,189432,9794829880,553334,558444,5408,4896,5152,5164,0,5168,0,0,0,2017-04-24,32567227,5168,126,0,0,0,0,0,0,0,0,5170,162,0,0,0,0,0,0,0,0
328,2017-04-24,09:02:47,755,p1709,XDCE,5168,5154,5188,189432,9794829880,553334,558444,5408,4896,5152,5164,0,5168,0,0,0,2017-04-24,32567755,5168,127,0,0,0,0,0,0,0,0,5170,162,0,0,0,0,0,0,0,0
329,2017-04-24,09:02:48,223,p1709,XDCE,5170,5154,5188,189456,9796070640,553350,558444,5408,4896,5152,5164,0,5168,0,0,0,2017-04-24,32568223,5168,127,0,0,0,0,0,0,0,0,5170,142,0,0,0,0,0,0,0,0
330,2017-04-24,09:02:48,730,p1709,XDCE,5170,5154,5188,189476,9797104640,553360,558444,5408,4896,5152,5164,0,5168,0,0,0,2017-04-24,32568730,5168,127,0,0,0,0,0,0,0,0,5170,132,0,0,0,0,0,0,0,0
331,2017-04-24,09:02:49,216,p1709,XDCE,5170,5154,5188,189482,9797414800,553366,558444,5408,4896,5152,5164,0,5168,0,0,0,2017-04-24,32569216,5168,127,0,0,0,0,0,0,0,0,5170,131,0,0,0,0,0,0,0,0
332,2017-04-24,09:02:50,668,p1709,XDCE,5170,5154,5188,189508,9798759000,553370,558444,5408,4896,5152,5164,0,5168,0,0,0,2017-04-24,32570668,5168,135,0,0,0,0,0,0,0,0,5170,118,0,0,0,0,0,0,0,0
333,2017-04-24,09:02:51,246,p1709,XDCE,5168,5154,5188,189544,9800619480,553384,558444,5408,4896,5152,5164,0,5168,0,0,0,2017-04-24,32571246,5168,117,0,0,0,0,0,0,0,0,5170,140,0,0,0,0,0,0,0,0
334,2017-04-24,09:02:51,745,p1709,XDCE,5168,5154,5188,189552,9801032920,553380,558444,5408,4896,5152,5164,0,5168,0,0,0,2017-04-24,32571745,5168,101,0,0,0,0,0,0,0,0,5170,152,0,0,0,0,0,0,0,0
335,2017-04-24,09:02:52,204,p1709,XDCE,5168,5154,5188,189584,9802686680,553380,558444,5408,4896,5152,5164,0,5168,0,0,0,2017-04-24,32572204,5168,85,0,0,0,0,0,0,0,0,5170,162,0,0,0,0,0,0,0,0
336,2017-04-24,09:02:52,706,p1709,XDCE,5168,5154,5188,189754,9811472280,553310,558444,5408,4896,5152,5164,0,5168,0,0,0,2017-04-24,32572706,5166,286,0,0,0,0,0,0,0,0,5168,100,0,0,0,0,0,0,0,0
337,2017-04-24,09:02:53,189,p1709,XDCE,5168,5154,5188,189754,9811472280,553310,558444,5408,4896,5152,5164,0,5168,0,0,0,2017-04-24,32573189,5166,269,0,0,0,0,0,0,0,0,5168,96,0,0,0,0,0,0,0,0
338,2017-04-24,09:02:53,695,p1709,XDCE,5168,5154,5188,189756,9811575640,553310,558444,5408,4896,5152,5164,0,5168,0,0,0,2017-04-24,32573695,5166,264,0,0,0,0,0,0,0,0,5168,95,0,0,0,0,0,0,0,0
339,2017-04-24,09:02:54,220,p1709,XDCE,5168,5154,5188,189756,9811575640,553310,558444,5408,4896,5152,5164,0,5168,0,0,0,2017-04-24,32574220,5166,264,0,0,0,0,0,0,0,0,5168,101,0,0,0,0,0,0,0,0
340,2017-04-24,09:02:54,730,p1709,XDCE,5168,5154,5188,189756,9811575640,553310,558444,5408,4896,5152,5164,0,5168,0,0,0,2017-04-24,32574730,5166,264,0,0,0,0,0,0,0,0,5168,103,0,0,0,0,0,0,0,0
341,2017-04-24,09:02:56,534,p1709,XDCE,5168,5154,5188,189756,9811575640,553310,558444,5408,4896,5152,5164,0,5168,0,0,0,2017-04-24,32576534,5166,264,0,0,0,0,0,0,0,0,5168,104,0,0,0,0,0,0,0,0
342,2017-04-24,09:02:57,760,p1709,XDCE,5168,5154,5188,189756,9811575640,553310,558444,5408,4896,5152,5164,0,5168,0,0,0,2017-04-24,32577760,5166,263,0,0,0,0,0,0,0,0,5168,104,0,0,0,0,0,0,0,0
343,2017-04-24,09:02:58,255,p1709,XDCE,5168,5154,5188,189756,9811575640,553310,558444,5408,4896,5152,5164,0,5168,0,0,0,2017-04-24,32578255,5166,263,0,0,0,0,0,0,0,0,5168,82,0,0,0,0,0,0,0,0
344,2017-04-24,09:02:58,675,p1709,XDCE,5168,5154,5188,189826,9815193240,553352,558444,5408,4896,5152,5164,0,5168,0,0,0,2017-04-24,32578675,5168,16,0,0,0,0,0,0,0,0,5170,157,0,0,0,0,0,0,0,0
345,2017-04-24,09:02:59,176,p1709,XDCE,5168,5154,5188,189834,9815606680,553360,558444,5408,4896,5152,5164,0,5168,0,0,0,2017-04-24,32579176,5168,29,0,0,0,0,0,0,0,0,5170,157,0,0,0,0,0,0,0,0
346,2017-04-24,09:02:59,758,p1709,XDCE,5170,5154,5188,189838,9815813480,553360,558444,5408,4896,5152,5164,0,5168,0,0,0,2017-04-24,32579758,5168,53,0,0,0,0,0,0,0,0,5170,153,0,0,0,0,0,0,0,0
347,2017-04-24,09:03:00,197,p1709,XDCE,5168,5154,5188,189858,9816847080,553366,558444,5408,4896,5152,5164,0,5168,0,0,0,2017-04-24,32580197,5168,158,0,0,0,0,0,0,0,0,5170,124,0,0,0,0,0,0,0,0
348,2017-04-24,09:03:00,759,p1709,XDCE,5168,5154,5188,189862,9817053800,553362,558444,5408,4896,5152,5164,0,5168,0,0,0,2017-04-24,32580759,5168,157,0,0,0,0,0,0,0,0,5170,124,0,0,0,0,0,0,0,0
349,2017-04-24,09:03:01,190,p1709,XDCE,5170,5154,5188,189864,9817157200,553364,558444,5408,4896,5152,5164,0,5168,0,0,0,2017-04-24,32581190,5168,158,0,0,0,0,0,0,0,0,5170,124,0,0,0,0,0,0,0,0
350,2017-04-24,09:03:01,729,p1709,XDCE,5170,5154,5188,189864,9817157200,553364,558444,5408,4896,5152,5164,0,5168,0,0,0,2017-04-24,32581729,5168,154,0,0,0,0,0,0,0,0,5170,124,0,0,0,0,0,0,0,0
351,2017-04-24,09:03:02,251,p1709,XDCE,5168,5154,5188,189870,9817467280,553370,558444,5408,4896,5152,5164,0,5168,0,0,0,2017-04-24,32582251,5168,152,0,0,0,0,0,0,0,0,5170,124,0,0,0,0,0,0,0,0
352,2017-04-24,09:03:02,670,p1709,XDCE,5168,5154,5188,189884,9818190800,553384,558444,5408,4896,5152,5164,0,5168,0,0,0,2017-04-24,32582670,5168,145,0,0,0,0,0,0,0,0,5170,142,0,0,0,0,0,0,0,0
353,2017-04-24,09:03:03,256,p1709,XDCE,5168,5154,5188,189890,9818500880,553390,558444,5408,4896,5152,5164,0,5168,0,0,0,2017-04-24,32583256,5168,142,0,0,0,0,0,0,0,0,5170,142,0,0,0,0,0,0,0,0
354,2017-04-24,09:03:04,258,p1709,XDCE,5168,5154,5188,189892,9818604240,553390,558444,5408,4896,5152,5164,0,5168,0,0,0,2017-04-24,32584258,5168,141,0,0,0,0,0,0,0,0,5170,142,0,0,0,0,0,0,0,0
355,2017-04-24,09:03:04,677,p1709,XDCE,5168,5154,5188,189892,9818604240,553390,558444,5408,4896,5152,5164,0,5168,0,0,0,2017-04-24,32584677,5168,141,0,0,0,0,0,0,0,0,5170,132,0,0,0,0,0,0,0,0
356,2017-04-24,09:03:05,178,p1709,XDCE,5168,5154,5188,189892,9818604240,553390,558444,5408,4896,5152,5164,0,5168,0,0,0,2017-04-24,32585178,5168,142,0,0,0,0,0,0,0,0,5170,132,0,0,0,0,0,0,0,0
357,2017-04-24,09:03:05,745,p1709,XDCE,5168,5154,5188,189904,9819224400,553394,558444,5408,4896,5152,5164,0,5168,0,0,0,2017-04-24,32585745,5168,136,0,0,0,0,0,0,0,0,5170,132,0,0,0,0,0,0,0,0
358,2017-04-24,09:03:06,184,p1709,XDCE,5168,5154,5188,189962,9822221840,553376,558444,5408,4896,5152,5164,0,5168,0,0,0,2017-04-24,32586184,5168,109,0,0,0,0,0,0,0,0,5170,143,0,0,0,0,0,0,0,0
359,2017-04-24,09:03:06,758,p1709,XDCE,5170,5154,5188,189966,9822428640,553376,558444,5408,4896,5152,5164,0,5168,0,0,0,2017-04-24,32586758,5168,109,0,0,0,0,0,0,0,0,5170,141,0,0,0,0,0,0,0,0
360,2017-04-24,09:03:07,174,p1709,XDCE,5170,5154,5188,189966,9822428640,553376,558444,5408,4896,5152,5164,0,5168,0,0,0,2017-04-24,32587174,5168,109,0,0,0,0,0,0,0,0,5170,132,0,0,0,0,0,0,0,0
361,2017-04-24,09:03:08,167,p1709,XDCE,5168,5154,5188,189968,9822532000,553376,558444,5408,4896,5152,5164,0,5168,0,0,0,2017-04-24,32588167,5168,113,0,0,0,0,0,0,0,0,5170,134,0,0,0,0,0,0,0,0
362,2017-04-24,09:03:08,705,p1709,XDCE,5168,5154,5188,189968,9822532000,553376,558444,5408,4896,5152,5164,0,5168,0,0,0,2017-04-24,32588705,5168,113,0,0,0,0,0,0,0,0,5170,135,0,0,0,0,0,0,0,0
363,2017-04-24,09:03:09,196,p1709,XDCE,5170,5154,5188,189972,9822738760,553380,558444,5408,4896,5152,5164,0,5168,0,0,0,2017-04-24,32589196,5168,124,0,0,0,0,0,0,0,0,5170,134,0,0,0,0,0,0,0,0
364,2017-04-24,09:03:09,755,p1709,XDCE,5168,5154,5188,190196,9834315080,553176,558444,5408,4896,5152,5164,0,5168,0,0,0,2017-04-24,32589755,5166,315,0,0,0,0,0,0,0,0,5168,55,0,0,0,0,0,0,0,0
365,2017-04-24,09:03:10,226,p1709,XDCE,5168,5154,5188,190232,9836175560,553176,558444,5408,4896,5152,5164,0,5168,0,0,0,2017-04-24,32590226,5166,312,0,0,0,0,0,0,0,0,5168,33,0,0,0,0,0,0,0,0
366,2017-04-24,09:03:10,678,p1709,XDCE,5168,5154,5188,190232,9836175560,553176,558444,5408,4896,5152,5164,0,5168,0,0,0,2017-04-24,32590678,5166,312,0,0,0,0,0,0,0,0,5168,34,0,0,0,0,0,0,0,0
367,2017-04-24,09:03:11,248,p1709,XDCE,5166,5154,5188,190234,9836278880,553176,558444,5408,4896,5152,5164,0,5168,0,0,0,2017-04-24,32591248,5166,311,0,0,0,0,0,0,0,0,5168,34,0,0,0,0,0,0,0,0
368,2017-04-24,09:03:11,677,p1709,XDCE,5168,5154,5188,190268,9838036000,553176,558444,5408,4896,5152,5164,0,5168,0,0,0,2017-04-24,32591677,5166,308,0,0,0,0,0,0,0,0,5168,23,0,0,0,0,0,0,0,0
369,2017-04-24,09:03:12,172,p1709,XDCE,5168,5154,5188,190272,9838242720,553176,558444,5408,4896,5152,5164,0,5168,0,0,0,2017-04-24,32592172,5166,303,0,0,0,0,0,0,0,0,5168,23,0,0,0,0,0,0,0,0
370,2017-04-24,09:03:12,695,p1709,XDCE,5168,5154,5188,190272,9838242720,553176,558444,5408,4896,5152,5164,0,5168,0,0,0,2017-04-24,32592695,5166,306,0,0,0,0,0,0,0,0,5168,26,0,0,0,0,0,0,0,0
371,2017-04-24,09:03:13,254,p1709,XDCE,5168,5154,5188,190302,9839793120,553178,558444,5408,4896,5152,5164,0,5168,0,0,0,2017-04-24,32593254,5166,308,0,0,0,0,0,0,0,0,5168,12,0,0,0,0,0,0,0,0
372,2017-04-24,09:03:13,717,p1709,XDCE,5168,5154,5188,190306,9839999840,553182,558444,5408,4896,5152,5164,0,5168,0,0,0,2017-04-24,32593717,5166,309,0,0,0,0,0,0,0,0,5168,18,0,0,0,0,0,0,0,0
373,2017-04-24,09:03:14,167,p1709,XDCE,5168,5154,5188,190308,9840103200,553184,558444,5408,4896,5152,5164,0,5168,0,0,0,2017-04-24,32594167,5166,309,0,0,0,0,0,0,0,0,5168,17,0,0,0,0,0,0,0,0
374,2017-04-24,09:03:14,611,p1709,XDCE,5166,5154,5188,190316,9840516600,553190,558444,5408,4896,5152,5164,0,5168,0,0,0,2017-04-24,32594611,5166,308,0,0,0,0,0,0,0,0,5168,14,0,0,0,0,0,0,0,0
375,2017-04-24,09:03:15,168,p1709,XDCE,5168,5154,5188,190318,9840619960,553188,558444,5408,4896,5152,5164,0,5168,0,0,0,2017-04-24,32595168,5166,317,0,0,0,0,0,0,0,0,5168,12,0,0,0,0,0,0,0,0
376,2017-04-24,09:03:15,758,p1709,XDCE,5168,5154,5188,190446,9847235000,553162,558444,5408,4896,5152,5164,0,5168,0,0,0,2017-04-24,32595758,5168,21,0,0,0,0,0,0,0,0,5170,137,0,0,0,0,0,0,0,0
377,2017-04-24,09:03:16,176,p1709,XDCE,5168,5154,5188,190446,9847235000,553162,558444,5408,4896,5152,5164,0,5168,0,0,0,2017-04-24,32596176,5168,22,0,0,0,0,0,0,0,0,5170,148,0,0,0,0,0,0,0,0
378,2017-04-24,09:03:16,736,p1709,XDCE,5168,5154,5188,190448,9847338360,553160,558444,5408,4896,5152,5164,0,5168,0,0,0,2017-04-24,32596736,5168,21,0,0,0,0,0,0,0,0,5170,147,0,0,0,0,0,0,0,0
379,2017-04-24,09:03:17,250,p1709,XDCE,5168,5154,5188,190490,9849508920,553128,558444,5408,4896,5152,5164,0,5168,0,0,0,2017-04-24,32597250,5166,323,0,0,0,0,0,0,0,0,5168,12,0,0,0,0,0,0,0,0
380,2017-04-24,09:03:17,757,p1709,XDCE,5170,5154,5188,190494,9849715720,553128,558444,5408,4896,5152,5164,0,5168,0,0,0,2017-04-24,32597757,5168,111,0,0,0,0,0,0,0,0,5170,167,0,0,0,0,0,0,0,0
381,2017-04-24,09:03:18,167,p1709,XDCE,5168,5154,5188,190496,9849819080,553128,558444,5408,4896,5152,5164,0,5168,0,0,0,2017-04-24,32598167,5168,110,0,0,0,0,0,0,0,0,5170,178,0,0,0,0,0,0,0,0
382,2017-04-24,09:03:18,724,p1709,XDCE,5168,5154,5188,190498,9849922440,553128,558444,5408,4896,5152,5164,0,5168,0,0,0,2017-04-24,32598724,5168,109,0,0,0,0,0,0,0,0,5170,178,0,0,0,0,0,0,0,0
383,2017-04-24,09:03:19,167,p1709,XDCE,5168,5154,5188,190508,9850439400,553120,558444,5408,4896,5152,5164,0,5168,0,0,0,2017-04-24,32599167,5168,108,0,0,0,0,0,0,0,0,5170,175,0,0,0,0,0,0,0,0
384,2017-04-24,09:03:19,716,p1709,XDCE,5168,5154,5188,190520,9851059560,553108,558444,5408,4896,5152,5164,0,5168,0,0,0,2017-04-24,32599716,5168,92,0,0,0,0,0,0,0,0,5170,175,0,0,0,0,0,0,0,0
385,2017-04-24,09:03:21,179,p1709,XDCE,5168,5154,5188,190520,9851059560,553108,558444,5408,4896,5152,5164,0,5168,0,0,0,2017-04-24,32601179,5168,93,0,0,0,0,0,0,0,0,5170,176,0,0,0,0,0,0,0,0
386,2017-04-24,09:03:21,733,p1709,XDCE,5168,5154,5188,190526,9851369680,553104,558444,5408,4896,5152,5164,0,5168,0,0,0,2017-04-24,32601733,5168,91,0,0,0,0,0,0,0,0,5170,175,0,0,0,0,0,0,0,0
387,2017-04-24,09:03:22,233,p1709,XDCE,5168,5154,5188,190530,9851576400,553102,558444,5408,4896,5152,5164,0,5168,0,0,0,2017-04-24,32602233,5168,90,0,0,0,0,0,0,0,0,5170,175,0,0,0,0,0,0,0,0
388,2017-04-24,09:03:22,704,p1709,XDCE,5168,5154,5188,190532,9851679760,553100,558444,5408,4896,5152,5164,0,5168,0,0,0,2017-04-24,32602704,5168,89,0,0,0,0,0,0,0,0,5170,176,0,0,0,0,0,0,0,0
389,2017-04-24,09:03:23,184,p1709,XDCE,5168,5154,5188,190532,9851679760,553100,558444,5408,4896,5152,5164,0,5168,0,0,0,2017-04-24,32603184,5168,95,0,0,0,0,0,0,0,0,5170,160,0,0,0,0,0,0,0,0
390,2017-04-24,09:03:23,555,p1709,XDCE,5168,5154,5188,190534,9851783120,553098,558444,5408,4896,5152,5164,0,5168,0,0,0,2017-04-24,32603555,5168,94,0,0,0,0,0,0,0,0,5170,159,0,0,0,0,0,0,0,0
391,2017-04-24,09:03:24,174,p1709,XDCE,5168,5154,5188,190536,9851886480,553096,558444,5408,4896,5152,5164,0,5168,0,0,0,2017-04-24,32604174,5168,93,0,0,0,0,0,0,0,0,5170,159,0,0,0,0,0,0,0,0
392,2017-04-24,09:03:25,231,p1709,XDCE,5168,5154,5188,190540,9852093200,553094,558444,5408,4896,5152,5164,0,5168,0,0,0,2017-04-24,32605231,5168,98,0,0,0,0,0,0,0,0,5170,160,0,0,0,0,0,0,0,0
393,2017-04-24,09:03:25,706,p1709,XDCE,5168,5154,5188,190550,9852610000,553084,558444,5408,4896,5152,5164,0,5168,0,0,0,2017-04-24,32605706,5168,95,0,0,0,0,0,0,0,0,5170,160,0,0,0,0,0,0,0,0
394,2017-04-24,09:03:26,172,p1709,XDCE,5168,5154,5188,190550,9852610000,553084,558444,5408,4896,5152,5164,0,5168,0,0,0,2017-04-24,32606172,5168,97,0,0,0,0,0,0,0,0,5170,160,0,0,0,0,0,0,0,0
395,2017-04-24,09:03:26,670,p1709,XDCE,5168,5154,5188,190552,9852713360,553082,558444,5408,4896,5152,5164,0,5168,0,0,0,2017-04-24,32606670,5168,93,0,0,0,0,0,0,0,0,5170,160,0,0,0,0,0,0,0,0
396,2017-04-24,09:03:27,664,p1709,XDCE,5168,5154,5188,190554,9852816720,553080,558444,5408,4896,5152,5164,0,5168,0,0,0,2017-04-24,32607664,5168,137,0,0,0,0,0,0,0,0,5170,145,0,0,0,0,0,0,0,0
397,2017-04-24,09:03:28,207,p1709,XDCE,5170,5154,5188,190846,9867913120,553010,558444,5408,4896,5152,5164,0,5168,0,0,0,2017-04-24,32608207,5170,79,0,0,0,0,0,0,0,0,5172,129,0,0,0,0,0,0,0,0
398,2017-04-24,09:03:28,696,p1709,XDCE,5170,5154,5188,190868,9869050520,553026,558444,5408,4896,5152,5164,0,5168,0,0,0,2017-04-24,32608696,5170,72,0,0,0,0,0,0,0,0,5172,125,0,0,0,0,0,0,0,0
399,2017-04-24,09:03:29,206,p1709,XDCE,5170,5154,5188,190890,9870187920,553026,558444,5408,4896,5152,5164,0,5168,0,0,0,2017-04-24,32609206,5170,74,0,0,0,0,0,0,0,0,5172,125,0,0,0,0,0,0,0,0
400,2017-04-24,09:03:29,744,p1709,XDCE,5170,5154,5188,190896,9870498120,553026,558444,5408,4896,5152,5164,0,5168,0,0,0,2017-04-24,32609744,5170,68,0,0,0,0,0,0,0,0,5172,137,0,0,0,0,0,0,0,0
401,2017-04-24,09:03:30,67,p1709,XDCE,5170,5154,5188,191040,9877942920,553044,558444,5408,4896,5152,5164,0,5168,0,0,0,2017-04-24,32610067,5168,157,0,0,0,0,0,0,0,0,5170,28,0,0,0,0,0,0,0,0
402,2017-04-24,09:03:30,671,p1709,XDCE,5170,5154,5188,191040,9877942920,553044,558444,5408,4896,5152,5164,0,5168,0,0,0,2017-04-24,32610671,5168,157,0,0,0,0,0,0,0,0,5170,32,0,0,0,0,0,0,0,0
403,2017-04-24,09:03:31,230,p1709,XDCE,5170,5154,5188,191040,9877942920,553044,558444,5408,4896,5152,5164,0,5168,0,0,0,2017-04-24,32611230,5168,156,0,0,0,0,0,0,0,0,5170,34,0,0,0,0,0,0,0,0
404,2017-04-24,09:03:31,695,p1709,XDCE,5170,5154,5188,191050,9878459920,553054,558444,5408,4896,5152,5164,0,5168,0,0,0,2017-04-24,32611695,5168,156,0,0,0,0,0,0,0,0,5170,66,0,0,0,0,0,0,0,0
405,2017-04-24,09:03:32,67,p1709,XDCE,5170,5154,5188,191050,9878459920,553054,558444,5408,4896,5152,5164,0,5168,0,0,0,2017-04-24,32612067,5168,157,0,0,0,0,0,0,0,0,5170,74,0,0,0,0,0,0,0,0
406,2017-04-24,09:03:32,755,p1709,XDCE,5170,5154,5188,191050,9878459920,553054,558444,5408,4896,5152,5164,0,5168,0,0,0,2017-04-24,32612755,5168,155,0,0,0,0,0,0,0,0,5170,74,0,0,0,0,0,0,0,0
407,2017-04-24,09:03:33,236,p1709,XDCE,5168,5154,5188,191362,9894584080,552954,558444,5408,4896,5152,5164,0,5168,0,0,0,2017-04-24,32613236,5166,315,0,0,0,0,0,0,0,0,5168,41,0,0,0,0,0,0,0,0
408,2017-04-24,09:03:33,706,p1709,XDCE,5168,5154,5188,191374,9895204240,552964,558444,5408,4896,5152,5164,0,5168,0,0,0,2017-04-24,32613706,5166,313,0,0,0,0,0,0,0,0,5168,37,0,0,0,0,0,0,0,0
409,2017-04-24,09:03:34,146,p1709,XDCE,5168,5154,5188,191374,9895204240,552964,558444,5408,4896,5152,5164,0,5168,0,0,0,2017-04-24,32614146,5166,316,0,0,0,0,0,0,0,0,5168,47,0,0,0,0,0,0,0,0
410,2017-04-24,09:03:34,669,p1709,XDCE,5168,5154,5188,191376,9895307600,552966,558444,5408,4896,5152,5164,0,5168,0,0,0,2017-04-24,32614669,5166,316,0,0,0,0,0,0,0,0,5168,46,0,0,0,0,0,0,0,0
411,2017-04-24,09:03:35,218,p1709,XDCE,5170,5154,5188,191450,9899131960,553010,558444,5408,4896,5152,5164,0,5168,0,0,0,2017-04-24,32615218,5168,20,0,0,0,0,0,0,0,0,5170,89,0,0,0,0,0,0,0,0
412,2017-04-24,09:03:35,700,p1709,XDCE,5170,5154,5188,191450,9899131960,553010,558444,5408,4896,5152,5164,0,5168,0,0,0,2017-04-24,32615700,5168,23,0,0,0,0,0,0,0,0,5170,86,0,0,0,0,0,0,0,0
413,2017-04-24,09:03:36,190,p1709,XDCE,5168,5154,5188,191470,9900165560,553010,558444,5408,4896,5152,5164,0,5168,0,0,0,2017-04-24,32616190,5168,145,0,0,0,0,0,0,0,0,5170,76,0,0,0,0,0,0,0,0
414,2017-04-24,09:03:36,493,p1709,XDCE,5168,5154,5188,191470,9900165560,553010,558444,5408,4896,5152,5164,0,5168,0,0,0,2017-04-24,32616493,5168,149,0,0,0,0,0,0,0,0,5170,77,0,0,0,0,0,0,0,0
415,2017-04-24,09:03:37,170,p1709,XDCE,5170,5154,5188,191472,9900268960,553012,558444,5408,4896,5152,5164,0,5168,0,0,0,2017-04-24,32617170,5168,151,0,0,0,0,0,0,0,0,5170,76,0,0,0,0,0,0,0,0
416,2017-04-24,09:03:37,718,p1709,XDCE,5168,5154,5188,191476,9900475680,553012,558444,5408,4896,5152,5164,0,5168,0,0,0,2017-04-24,32617718,5168,152,0,0,0,0,0,0,0,0,5170,80,0,0,0,0,0,0,0,0
417,2017-04-24,09:03:38,224,p1709,XDCE,5168,5154,5188,191478,9900579040,553014,558444,5408,4896,5152,5164,0,5168,0,0,0,2017-04-24,32618224,5168,151,0,0,0,0,0,0,0,0,5170,82,0,0,0,0,0,0,0,0
418,2017-04-24,09:03:38,729,p1709,XDCE,5168,5154,5188,191480,9900682400,553014,558444,5408,4896,5152,5164,0,5168,0,0,0,2017-04-24,32618729,5168,151,0,0,0,0,0,0,0,0,5170,92,0,0,0,0,0,0,0,0
419,2017-04-24,09:03:39,245,p1709,XDCE,5168,5154,5188,191480,9900682400,553014,558444,5408,4896,5152,5164,0,5168,0,0,0,2017-04-24,32619245,5168,154,0,0,0,0,0,0,0,0,5170,92,0,0,0,0,0,0,0,0
420,2017-04-24,09:03:39,750,p1709,XDCE,5168,5154,5188,191548,9904196680,552998,558444,5408,4896,5152,5164,0,5168,0,0,0,2017-04-24,32619750,5168,111,0,0,0,0,0,0,0,0,5170,113,0,0,0,0,0,0,0,0
421,2017-04-24,09:03:40,260,p1709,XDCE,5168,5154,5188,191548,9904196680,552998,558444,5408,4896,5152,5164,0,5168,0,0,0,2017-04-24,32620260,5168,111,0,0,0,0,0,0,0,0,5170,103,0,0,0,0,0,0,0,0
422,2017-04-24,09:03:40,737,p1709,XDCE,5168,5154,5188,191548,9904196680,552998,558444,5408,4896,5152,5164,0,5168,0,0,0,2017-04-24,32620737,5168,111,0,0,0,0,0,0,0,0,5170,110,0,0,0,0,0,0,0,0
423,2017-04-24,09:03:41,44,p1709,XDCE,5168,5154,5188,191548,9904196680,552998,558444,5408,4896,5152,5164,0,5168,0,0,0,2017-04-24,32621044,5168,111,0,0,0,0,0,0,0,0,5170,112,0,0,0,0,0,0,0,0
424,2017-04-24,09:03:41,694,p1709,XDCE,5168,5154,5188,191548,9904196680,552998,558444,5408,4896,5152,5164,0,5168,0,0,0,2017-04-24,32621694,5168,112,0,0,0,0,0,0,0,0,5170,112,0,0,0,0,0,0,0,0
425,2017-04-24,09:03:42,207,p1709,XDCE,5168,5154,5188,191778,9916083080,552826,558444,5408,4896,5152,5164,0,5168,0,0,0,2017-04-24,32622207,5166,327,0,0,0,0,0,0,0,0,5168,123,0,0,0,0,0,0,0,0
426,2017-04-24,09:03:42,751,p1709,XDCE,5168,5154,5188,191780,9916186440,552828,558444,5408,4896,5152,5164,0,5168,0,0,0,2017-04-24,32622751,5166,323,0,0,0,0,0,0,0,0,5168,106,0,0,0,0,0,0,0,0
427,2017-04-24,09:03:42,973,p1709,XDCE,5168,5154,5188,191782,9916289800,552830,558444,5408,4896,5152,5164,0,5168,0,0,0,2017-04-24,32622973,5166,319,0,0,0,0,0,0,0,0,5168,115,0,0,0,0,0,0,0,0
428,2017-04-24,09:03:43,696,p1709,XDCE,5166,5154,5188,191810,9917736440,552824,558444,5408,4896,5152,5164,0,5168,0,0,0,2017-04-24,32623696,5166,308,0,0,0,0,0,0,0,0,5168,124,0,0,0,0,0,0,0,0
429,2017-04-24,09:03:44,257,p1709,XDCE,5166,5154,5188,191810,9917736440,552824,558444,5408,4896,5152,5164,0,5168,0,0,0,2017-04-24,32624257,5166,308,0,0,0,0,0,0,0,0,5168,126,0,0,0,0,0,0,0,0
430,2017-04-24,09:03:45,238,p1709,XDCE,5166,5154,5188,191810,9917736440,552824,558444,5408,4896,5152,5164,0,5168,0,0,0,2017-04-24,32625238,5166,309,0,0,0,0,0,0,0,0,5168,126,0,0,0,0,0,0,0,0
431,2017-04-24,09:03:45,707,p1709,XDCE,5166,5154,5188,191810,9917736440,552824,558444,5408,4896,5152,5164,0,5168,0,0,0,2017-04-24,32625707,5166,309,0,0,0,0,0,0,0,0,5168,125,0,0,0,0,0,0,0,0
432,2017-04-24,09:03:46,246,p1709,XDCE,5166,5154,5188,191810,9917736440,552824,558444,5408,4896,5152,5164,0,5168,0,0,0,2017-04-24,32626246,5166,309,0,0,0,0,0,0,0,0,5168,126,0,0,0,0,0,0,0,0
433,2017-04-24,09:03:47,89,p1709,XDCE,5168,5154,5188,191812,9917839800,552826,558444,5408,4896,5152,5164,0,5168,0,0,0,2017-04-24,32627089,5166,309,0,0,0,0,0,0,0,0,5168,125,0,0,0,0,0,0,0,0
434,2017-04-24,09:03:47,704,p1709,XDCE,5166,5154,5188,191814,9917943120,552826,558444,5408,4896,5152,5164,0,5168,0,0,0,2017-04-24,32627704,5166,308,0,0,0,0,0,0,0,0,5168,125,0,0,0,0,0,0,0,0
435,2017-04-24,09:03:48,206,p1709,XDCE,5168,5154,5188,191818,9918149800,552830,558444,5408,4896,5152,5164,0,5168,0,0,0,2017-04-24,32628206,5166,307,0,0,0,0,0,0,0,0,5168,132,0,0,0,0,0,0,0,0
436,2017-04-24,09:03:48,671,p1709,XDCE,5168,5154,5188,191818,9918149800,552830,558444,5408,4896,5152,5164,0,5168,0,0,0,2017-04-24,32628671,5166,325,0,0,0,0,0,0,0,0,5168,126,0,0,0,0,0,0,0,0
437,2017-04-24,09:03:49,236,p1709,XDCE,5166,5154,5188,191830,9918769760,552828,558444,5408,4896,5152,5164,0,5168,0,0,0,2017-04-24,32629236,5166,327,0,0,0,0,0,0,0,0,5168,116,0,0,0,0,0,0,0,0
438,2017-04-24,09:03:49,723,p1709,XDCE,5168,5154,5188,191832,9918873120,552830,558444,5408,4896,5152,5164,0,5168,0,0,0,2017-04-24,32629723,5166,327,0,0,0,0,0,0,0,0,5168,117,0,0,0,0,0,0,0,0
439,2017-04-24,09:03:50,186,p1709,XDCE,5166,5154,5188,191842,9919389760,552830,558444,5408,4896,5152,5164,0,5168,0,0,0,2017-04-24,32630186,5166,322,0,0,0,0,0,0,0,0,5168,108,0,0,0,0,0,0,0,0
440,2017-04-24,09:03:50,680,p1709,XDCE,5166,5154,5188,191846,9919596400,552834,558444,5408,4896,5152,5164,0,5168,0,0,0,2017-04-24,32630680,5166,326,0,0,0,0,0,0,0,0,5168,112,0,0,0,0,0,0,0,0
441,2017-04-24,09:03:51,211,p1709,XDCE,5166,5154,5188,191846,9919596400,552834,558444,5408,4896,5152,5164,0,5168,0,0,0,2017-04-24,32631211,5166,326,0,0,0,0,0,0,0,0,5168,108,0,0,0,0,0,0,0,0
442,2017-04-24,09:03:51,744,p1709,XDCE,5168,5154,5188,191848,9919699760,552836,558444,5408,4896,5152,5164,0,5168,0,0,0,2017-04-24,32631744,5166,328,0,0,0,0,0,0,0,0,5168,105,0,0,0,0,0,0,0,0
443,2017-04-24,09:03:52,236,p1709,XDCE,5166,5154,5188,191850,9919803080,552838,558444,5408,4896,5152,5164,0,5168,0,0,0,2017-04-24,32632236,5166,327,0,0,0,0,0,0,0,0,5168,106,0,0,0,0,0,0,0,0
444,2017-04-24,09:03:52,674,p1709,XDCE,5166,5154,5188,191850,9919803080,552838,558444,5408,4896,5152,5164,0,5168,0,0,0,2017-04-24,32632674,5166,327,0,0,0,0,0,0,0,0,5168,132,0,0,0,0,0,0,0,0
445,2017-04-24,09:03:53,170,p1709,XDCE,5166,5154,5188,191874,9921042920,552852,558444,5408,4896,5152,5164,0,5168,0,0,0,2017-04-24,32633170,5166,305,0,0,0,0,0,0,0,0,5168,140,0,0,0,0,0,0,0,0
446,2017-04-24,09:03:53,747,p1709,XDCE,5168,5154,5188,192162,9935926640,552736,558444,5408,4896,5152,5164,0,5168,0,0,0,2017-04-24,32633747,5166,322,0,0,0,0,0,0,0,0,5170,147,0,0,0,0,0,0,0,0
447,2017-04-24,09:03:54,220,p1709,XDCE,5166,5154,5188,192164,9936029960,552736,558444,5408,4896,5152,5164,0,5168,0,0,0,2017-04-24,32634220,5166,330,0,0,0,0,0,0,0,0,5168,4,0,0,0,0,0,0,0,0
448,2017-04-24,09:03:54,698,p1709,XDCE,5166,5154,5188,192166,9936133280,552736,558444,5408,4896,5152,5164,0,5168,0,0,0,2017-04-24,32634698,5166,331,0,0,0,0,0,0,0,0,5168,12,0,0,0,0,0,0,0,0
449,2017-04-24,09:03:55,188,p1709,XDCE,5168,5154,5188,192178,9936753320,552736,558444,5408,4896,5152,5164,0,5168,0,0,0,2017-04-24,32635188,5166,328,0,0,0,0,0,0,0,0,5168,9,0,0,0,0,0,0,0,0
450,2017-04-24,09:03:55,659,p1709,XDCE,5168,5154,5188,192178,9936753320,552736,558444,5408,4896,5152,5164,0,5168,0,0,0,2017-04-24,32635659,5166,327,0,0,0,0,0,0,0,0,5168,18,0,0,0,0,0,0,0,0
451,2017-04-24,09:03:56,201,p1709,XDCE,5168,5154,5188,192180,9936856680,552738,558444,5408,4896,5152,5164,0,5168,0,0,0,2017-04-24,32636201,5166,327,0,0,0,0,0,0,0,0,5168,21,0,0,0,0,0,0,0,0
452,2017-04-24,09:03:56,750,p1709,XDCE,5168,5154,5188,192180,9936856680,552738,558444,5408,4896,5152,5164,0,5168,0,0,0,2017-04-24,32636750,5166,327,0,0,0,0,0,0,0,0,5168,32,0,0,0,0,0,0,0,0
453,2017-04-24,09:03:57,717,p1709,XDCE,5166,5154,5188,192182,9936960000,552738,558444,5408,4896,5152,5164,0,5168,0,0,0,2017-04-24,32637717,5166,316,0,0,0,0,0,0,0,0,5168,42,0,0,0,0,0,0,0,0
454,2017-04-24,09:03:58,245,p1709,XDCE,5166,5154,5188,192182,9936960000,552738,558444,5408,4896,5152,5164,0,5168,0,0,0,2017-04-24,32638245,5166,316,0,0,0,0,0,0,0,0,5168,52,0,0,0,0,0,0,0,0
455,2017-04-24,09:03:58,748,p1709,XDCE,5168,5154,5188,192290,9942541440,552656,558444,5408,4896,5152,5164,0,5168,0,0,0,2017-04-24,32638748,5168,96,0,0,0,0,0,0,0,0,5170,132,0,0,0,0,0,0,0,0
456,2017-04-24,09:03:59,235,p1709,XDCE,5170,5154,5188,192300,9943058400,552646,558444,5408,4896,5152,5164,0,5168,0,0,0,2017-04-24,32639235,5168,140,0,0,0,0,0,0,0,0,5170,90,0,0,0,0,0,0,0,0
457,2017-04-24,09:03:59,655,p1709,XDCE,5170,5154,5188,192300,9943058400,552646,558444,5408,4896,5152,5164,0,5168,0,0,0,2017-04-24,32639655,5168,140,0,0,0,0,0,0,0,0,5170,91,0,0,0,0,0,0,0,0
458,2017-04-24,09:04:00,254,p1709,XDCE,5168,5154,5188,192302,9943161760,552644,558444,5408,4896,5152,5164,0,5168,0,0,0,2017-04-24,32640254,5168,139,0,0,0,0,0,0,0,0,5170,92,0,0,0,0,0,0,0,0
459,2017-04-24,09:04:00,760,p1709,XDCE,5168,5154,5188,192308,9943471840,552644,558444,5408,4896,5152,5164,0,5168,0,0,0,2017-04-24,32640760,5168,136,0,0,0,0,0,0,0,0,5170,92,0,0,0,0,0,0,0,0
460,2017-04-24,09:04:01,241,p1709,XDCE,5168,5154,5188,192316,9943885280,552640,558444,5408,4896,5152,5164,0,5168,0,0,0,2017-04-24,32641241,5168,140,0,0,0,0,0,0,0,0,5170,98,0,0,0,0,0,0,0,0
461,2017-04-24,09:04:01,756,p1709,XDCE,5168,5154,5188,192318,9943988640,552638,558444,5408,4896,5152,5164,0,5168,0,0,0,2017-04-24,32641756,5168,129,0,0,0,0,0,0,0,0,5170,103,0,0,0,0,0,0,0,0
462,2017-04-24,09:04:02,176,p1709,XDCE,5170,5154,5188,192402,9948331440,552562,558444,5408,4896,5152,5164,0,5168,0,0,0,2017-04-24,32642176,5168,129,0,0,0,0,0,0,0,0,5170,67,0,0,0,0,0,0,0,0
463,2017-04-24,09:04:02,691,p1709,XDCE,5170,5154,5188,192404,9948434840,552560,558444,5408,4896,5152,5164,0,5168,0,0,0,2017-04-24,32642691,5168,129,0,0,0,0,0,0,0,0,5170,73,0,0,0,0,0,0,0,0
464,2017-04-24,09:04:03,240,p1709,XDCE,5168,5154,5188,192420,9949261720,552544,558444,5408,4896,5152,5164,0,5168,0,0,0,2017-04-24,32643240,5168,121,0,0,0,0,0,0,0,0,5170,73,0,0,0,0,0,0,0,0
465,2017-04-24,09:04:03,705,p1709,XDCE,5168,5154,5188,192422,9949365080,552542,558444,5408,4896,5152,5164,0,5168,0,0,0,2017-04-24,32643705,5168,126,0,0,0,0,0,0,0,0,5170,105,0,0,0,0,0,0,0,0
466,2017-04-24,09:04:04,160,p1709,XDCE,5168,5154,5188,192432,9949881920,552542,558444,5408,4896,5152,5164,0,5168,0,0,0,2017-04-24,32644160,5168,122,0,0,0,0,0,0,0,0,5170,103,0,0,0,0,0,0,0,0
467,2017-04-24,09:04:04,741,p1709,XDCE,5168,5154,5188,192544,9955670120,552588,558444,5408,4896,5152,5164,0,5168,0,0,0,2017-04-24,32644741,5166,330,0,0,0,0,0,0,0,0,5168,31,0,0,0,0,0,0,0,0
468,2017-04-24,09:04:05,219,p1709,XDCE,5168,5154,5188,192544,9955670120,552588,558444,5408,4896,5152,5164,0,5168,0,0,0,2017-04-24,32645219,5166,329,0,0,0,0,0,0,0,0,5168,20,0,0,0,0,0,0,0,0
469,2017-04-24,09:04:05,729,p1709,XDCE,5168,5154,5188,192544,9955670120,552588,558444,5408,4896,5152,5164,0,5168,0,0,0,2017-04-24,32645729,5166,329,0,0,0,0,0,0,0,0,5168,22,0,0,0,0,0,0,0,0
470,2017-04-24,09:04:06,180,p1709,XDCE,5168,5154,5188,192558,9956393640,552594,558444,5408,4896,5152,5164,0,5168,0,0,0,2017-04-24,32646180,5166,329,0,0,0,0,0,0,0,0,5168,25,0,0,0,0,0,0,0,0
471,2017-04-24,09:04:06,738,p1709,XDCE,5168,5154,5188,192558,9956393640,552594,558444,5408,4896,5152,5164,0,5168,0,0,0,2017-04-24,32646738,5166,330,0,0,0,0,0,0,0,0,5168,25,0,0,0,0,0,0,0,0
472,2017-04-24,09:04:07,144,p1709,XDCE,5168,5154,5188,192560,9956497000,552596,558444,5408,4896,5152,5164,0,5168,0,0,0,2017-04-24,32647144,5166,330,0,0,0,0,0,0,0,0,5168,25,0,0,0,0,0,0,0,0
473,2017-04-24,09:04:07,687,p1709,XDCE,5168,5154,5188,192614,9959287720,552626,558444,5408,4896,5152,5164,0,5168,0,0,0,2017-04-24,32647687,5168,32,0,0,0,0,0,0,0,0,5170,119,0,0,0,0,0,0,0,0
474,2017-04-24,09:04:08,191,p1709,XDCE,5168,5154,5188,192614,9959287720,552626,558444,5408,4896,5152,5164,0,5168,0,0,0,2017-04-24,32648191,5168,153,0,0,0,0,0,0,0,0,5170,105,0,0,0,0,0,0,0,0
475,2017-04-24,09:04:08,738,p1709,XDCE,5168,5154,5188,192614,9959287720,552626,558444,5408,4896,5152,5164,0,5168,0,0,0,2017-04-24,32648738,5168,163,0,0,0,0,0,0,0,0,5170,105,0,0,0,0,0,0,0,0
476,2017-04-24,09:04:09,254,p1709,XDCE,5168,5154,5188,192632,9960218120,552618,558444,5408,4896,5152,5164,0,5168,0,0,0,2017-04-24,32649254,5168,159,0,0,0,0,0,0,0,0,5170,101,0,0,0,0,0,0,0,0
477,2017-04-24,09:04:09,700,p1709,XDCE,5168,5154,5188,192636,9960424840,552618,558444,5408,4896,5152,5164,0,5168,0,0,0,2017-04-24,32649700,5168,161,0,0,0,0,0,0,0,0,5170,101,0,0,0,0,0,0,0,0
478,2017-04-24,09:04:10,210,p1709,XDCE,5168,5154,5188,192670,9962181960,552620,558444,5408,4896,5152,5164,0,5168,0,0,0,2017-04-24,32650210,5168,144,0,0,0,0,0,0,0,0,5170,100,0,0,0,0,0,0,0,0
479,2017-04-24,09:04:10,683,p1709,XDCE,5168,5154,5188,192704,9963939080,552586,558444,5408,4896,5152,5164,0,5168,0,0,0,2017-04-24,32650683,5168,117,0,0,0,0,0,0,0,0,5170,111,0,0,0,0,0,0,0,0
480,2017-04-24,09:04:11,166,p1709,XDCE,5168,5154,5188,192708,9964145800,552582,558444,5408,4896,5152,5164,0,5168,0,0,0,2017-04-24,32651166,5168,117,0,0,0,0,0,0,0,0,5170,113,0,0,0,0,0,0,0,0
481,2017-04-24,09:04:11,632,p1709,XDCE,5168,5154,5188,192710,9964249160,552580,558444,5408,4896,5152,5164,0,5168,0,0,0,2017-04-24,32651632,5168,116,0,0,0,0,0,0,0,0,5170,115,0,0,0,0,0,0,0,0
482,2017-04-24,09:04:12,237,p1709,XDCE,5168,5154,5188,192710,9964249160,552580,558444,5408,4896,5152,5164,0,5168,0,0,0,2017-04-24,32652237,5168,116,0,0,0,0,0,0,0,0,5170,116,0,0,0,0,0,0,0,0
483,2017-04-24,09:04:12,714,p1709,XDCE,5170,5154,5188,192758,9966729840,552534,558444,5408,4896,5152,5164,0,5168,0,0,0,2017-04-24,32652714,5168,87,0,0,0,0,0,0,0,0,5170,124,0,0,0,0,0,0,0,0
484,2017-04-24,09:04:13,172,p1709,XDCE,5170,5154,5188,192758,9966729840,552534,558444,5408,4896,5152,5164,0,5168,0,0,0,2017-04-24,32653172,5168,87,0,0,0,0,0,0,0,0,5170,125,0,0,0,0,0,0,0,0
485,2017-04-24,09:04:13,757,p1709,XDCE,5170,5154,5188,192758,9966729840,552534,558444,5408,4896,5152,5164,0,5168,0,0,0,2017-04-24,32653757,5168,84,0,0,0,0,0,0,0,0,5170,125,0,0,0,0,0,0,0,0
486,2017-04-24,09:04:14,243,p1709,XDCE,5168,5154,5188,192790,9968383600,552504,558444,5408,4896,5152,5164,0,5168,0,0,0,2017-04-24,32654243,5168,67,0,0,0,0,0,0,0,0,5170,125,0,0,0,0,0,0,0,0
487,2017-04-24,09:04:14,743,p1709,XDCE,5168,5154,5188,192790,9968383600,552504,558444,5408,4896,5152,5164,0,5168,0,0,0,2017-04-24,32654743,5168,67,0,0,0,0,0,0,0,0,5170,127,0,0,0,0,0,0,0,0
488,2017-04-24,09:04:15,218,p1709,XDCE,5168,5154,5188,192830,9970450800,552504,558444,5408,4896,5152,5164,0,5168,0,0,0,2017-04-24,32655218,5168,48,0,0,0,0,0,0,0,0,5170,132,0,0,0,0,0,0,0,0
489,2017-04-24,09:04:15,570,p1709,XDCE,5168,5154,5188,192832,9970554160,552502,558444,5408,4896,5152,5164,0,5168,0,0,0,2017-04-24,32655570,5168,47,0,0,0,0,0,0,0,0,5170,132,0,0,0,0,0,0,0,0
490,2017-04-24,09:04:16,740,p1709,XDCE,5168,5154,5188,192834,9970657520,552500,558444,5408,4896,5152,5164,0,5168,0,0,0,2017-04-24,32656740,5168,46,0,0,0,0,0,0,0,0,5170,133,0,0,0,0,0,0,0,0
491,2017-04-24,09:04:17,190,p1709,XDCE,5168,5154,5188,192836,9970760880,552498,558444,5408,4896,5152,5164,0,5168,0,0,0,2017-04-24,32657190,5168,45,0,0,0,0,0,0,0,0,5170,133,0,0,0,0,0,0,0,0
492,2017-04-24,09:04:17,698,p1709,XDCE,5168,5154,5188,192838,9970864240,552496,558444,5408,4896,5152,5164,0,5168,0,0,0,2017-04-24,32657698,5168,55,0,0,0,0,0,0,0,0,5170,133,0,0,0,0,0,0,0,0
493,2017-04-24,09:04:18,655,p1709,XDCE,5168,5154,5188,192846,9971277680,552488,558444,5408,4896,5152,5164,0,5168,0,0,0,2017-04-24,32658655,5168,51,0,0,0,0,0,0,0,0,5170,133,0,0,0,0,0,0,0,0
494,2017-04-24,09:04:19,257,p1709,XDCE,5168,5154,5188,192856,9971794640,552478,558444,5408,4896,5152,5164,0,5168,0,0,0,2017-04-24,32659257,5168,52,0,0,0,0,0,0,0,0,5170,128,0,0,0,0,0,0,0,0
495,2017-04-24,09:04:19,671,p1709,XDCE,5168,5154,5188,192900,9974068560,552436,558444,5408,4896,5152,5164,0,5168,0,0,0,2017-04-24,32659671,5168,39,0,0,0,0,0,0,0,0,5170,126,0,0,0,0,0,0,0,0
496,2017-04-24,09:04:20,176,p1709,XDCE,5168,5154,5188,192900,9974068560,552436,558444,5408,4896,5152,5164,0,5168,0,0,0,2017-04-24,32660176,5168,39,0,0,0,0,0,0,0,0,5170,125,0,0,0,0,0,0,0,0
497,2017-04-24,09:04:20,702,p1709,XDCE,5168,5154,5188,192904,9974275280,552436,558444,5408,4896,5152,5164,0,5168,0,0,0,2017-04-24,32660702,5168,37,0,0,0,0,0,0,0,0,5170,126,0,0,0,0,0,0,0,0
498,2017-04-24,09:04:21,200,p1709,XDCE,5168,5154,5188,192916,9974895440,552436,558444,5408,4896,5152,5164,0,5168,0,0,0,2017-04-24,32661200,5168,132,0,0,0,0,0,0,0,0,5170,126,0,0,0,0,0,0,0,0
499,2017-04-24,09:04:22,15,p1709,XDCE,5168,5154,5188,192916,9974895440,552436,558444,5408,4896,5152,5164,0,5168,0,0,0,2017-04-24,32662015,5168,140,0,0,0,0,0,0,0,0,5170,126,0,0,0,0,0,0,0,0
500,2017-04-24,09:04:22,690,p1709,XDCE,5168,5154,5188,192922,9975205520,552432,558444,5408,4896,5152,5164,0,5168,0,0,0,2017-04-24,32662690,5168,137,0,0,0,0,0,0,0,0,5170,126,0,0,0,0,0,0,0,0
501,2017-04-24,09:04:23,255,p1709,XDCE,5168,5154,5188,192924,9975308880,552432,558444,5408,4896,5152,5164,0,5168,0,0,0,2017-04-24,32663255,5168,137,0,0,0,0,0,0,0,0,5170,127,0,0,0,0,0,0,0,0
502,2017-04-24,09:04:23,756,p1709,XDCE,5170,5154,5188,192926,9975412280,552432,558444,5408,4896,5152,5164,0,5168,0,0,0,2017-04-24,32663756,5168,147,0,0,0,0,0,0,0,0,5170,126,0,0,0,0,0,0,0,0
503,2017-04-24,09:04:24,172,p1709,XDCE,5170,5154,5188,192926,9975412280,552432,558444,5408,4896,5152,5164,0,5168,0,0,0,2017-04-24,32664172,5168,152,0,0,0,0,0,0,0,0,5170,125,0,0,0,0,0,0,0,0
504,2017-04-24,09:04:24,705,p1709,XDCE,5170,5154,5188,192926,9975412280,552432,558444,5408,4896,5152,5164,0,5168,0,0,0,2017-04-24,32664705,5168,152,0,0,0,0,0,0,0,0,5170,131,0,0,0,0,0,0,0,0
505,2017-04-24,09:04:25,246,p1709,XDCE,5168,5154,5188,192934,9975825720,552434,558444,5408,4896,5152,5164,0,5168,0,0,0,2017-04-24,32665246,5168,147,0,0,0,0,0,0,0,0,5170,148,0,0,0,0,0,0,0,0
506,2017-04-24,09:04:25,760,p1709,XDCE,5168,5154,5188,192958,9977066040,552434,558444,5408,4896,5152,5164,0,5168,0,0,0,2017-04-24,32665760,5168,115,0,0,0,0,0,0,0,0,5170,147,0,0,0,0,0,0,0,0
507,2017-04-24,09:04:26,260,p1709,XDCE,5168,5154,5188,192958,9977066040,552434,558444,5408,4896,5152,5164,0,5168,0,0,0,2017-04-24,32666260,5168,106,0,0,0,0,0,0,0,0,5170,148,0,0,0,0,0,0,0,0
508,2017-04-24,09:04:26,721,p1709,XDCE,5168,5154,5188,192960,9977169400,552432,558444,5408,4896,5152,5164,0,5168,0,0,0,2017-04-24,32666721,5168,105,0,0,0,0,0,0,0,0,5170,128,0,0,0,0,0,0,0,0
509,2017-04-24,09:04:27,260,p1709,XDCE,5168,5154,5188,192964,9977376120,552428,558444,5408,4896,5152,5164,0,5168,0,0,0,2017-04-24,32667260,5168,103,0,0,0,0,0,0,0,0,5170,140,0,0,0,0,0,0,0,0
510,2017-04-24,09:04:27,571,p1709,XDCE,5168,5154,5188,192964,9977376120,552428,558444,5408,4896,5152,5164,0,5168,0,0,0,2017-04-24,32667571,5168,103,0,0,0,0,0,0,0,0,5170,152,0,0,0,0,0,0,0,0
511,2017-04-24,09:04:28,168,p1709,XDCE,5168,5154,5188,192964,9977376120,552428,558444,5408,4896,5152,5164,0,5168,0,0,0,2017-04-24,32668168,5168,103,0,0,0,0,0,0,0,0,5170,168,0,0,0,0,0,0,0,0
512,2017-04-24,09:04:28,674,p1709,XDCE,5168,5154,5188,192974,9977892920,552418,558444,5408,4896,5152,5164,0,5168,0,0,0,2017-04-24,32668674,5168,98,0,0,0,0,0,0,0,0,5170,168,0,0,0,0,0,0,0,0
513,2017-04-24,09:04:29,202,p1709,XDCE,5170,5154,5188,192982,9978306520,552412,558444,5408,4896,5152,5164,0,5168,0,0,0,2017-04-24,32669202,5168,99,0,0,0,0,0,0,0,0,5170,164,0,0,0,0,0,0,0,0
514,2017-04-24,09:04:29,733,p1709,XDCE,5170,5154,5188,192982,9978306520,552412,558444,5408,4896,5152,5164,0,5168,0,0,0,2017-04-24,32669733,5168,108,0,0,0,0,0,0,0,0,5170,164,0,0,0,0,0,0,0,0
515,2017-04-24,09:04:30,702,p1709,XDCE,5170,5154,5188,192986,9978513320,552408,558444,5408,4896,5152,5164,0,5168,0,0,0,2017-04-24,32670702,5168,108,0,0,0,0,0,0,0,0,5170,162,0,0,0,0,0,0,0,0
516,2017-04-24,09:04:31,187,p1709,XDCE,5170,5154,5188,192988,9978616720,552406,558444,5408,4896,5152,5164,0,5168,0,0,0,2017-04-24,32671187,5168,108,0,0,0,0,0,0,0,0,5170,162,0,0,0,0,0,0,0,0
517,2017-04-24,09:04:31,749,p1709,XDCE,5170,5154,5188,192988,9978616720,552406,558444,5408,4896,5152,5164,0,5168,0,0,0,2017-04-24,32671749,5168,110,0,0,0,0,0,0,0,0,5170,162,0,0,0,0,0,0,0,0
518,2017-04-24,09:04:32,257,p1709,XDCE,5168,5154,5188,192990,9978720080,552404,558444,5408,4896,5152,5164,0,5168,0,0,0,2017-04-24,32672257,5168,111,0,0,0,0,0,0,0,0,5170,162,0,0,0,0,0,0,0,0
519,2017-04-24,09:04:33,749,p1709,XDCE,5168,5154,5188,192990,9978720080,552404,558444,5408,4896,5152,5164,0,5168,0,0,0,2017-04-24,32673749,5168,111,0,0,0,0,0,0,0,0,5170,166,0,0,0,0,0,0,0,0
520,2017-04-24,09:04:34,260,p1709,XDCE,5170,5154,5188,193010,9979754080,552412,558444,5408,4896,5152,5164,0,5168,0,0,0,2017-04-24,32674260,5168,121,0,0,0,0,0,0,0,0,5170,158,0,0,0,0,0,0,0,0
521,2017-04-24,09:04:34,670,p1709,XDCE,5168,5154,5188,193110,9984922080,552412,558444,5408,4896,5152,5164,0,5168,0,0,0,2017-04-24,32674670,5168,61,0,0,0,0,0,0,0,0,5170,158,0,0,0,0,0,0,0,0
522,2017-04-24,09:04:35,234,p1709,XDCE,5168,5154,5188,193242,9991743920,552344,558444,5408,4896,5152,5164,0,5168,0,0,0,2017-04-24,32675234,5166,331,0,0,0,0,0,0,0,0,5168,8,0,0,0,0,0,0,0,0
523,2017-04-24,09:04:35,690,p1709,XDCE,5168,5154,5188,193244,9991847280,552342,558444,5408,4896,5152,5164,0,5168,0,0,0,2017-04-24,32675690,5166,334,0,0,0,0,0,0,0,0,5168,13,0,0,0,0,0,0,0,0
524,2017-04-24,09:04:36,221,p1709,XDCE,5168,5154,5188,193244,9991847280,552342,558444,5408,4896,5152,5164,0,5168,0,0,0,2017-04-24,32676221,5166,334,0,0,0,0,0,0,0,0,5168,14,0,0,0,0,0,0,0,0
525,2017-04-24,09:04:36,718,p1709,XDCE,5168,5154,5188,193244,9991847280,552342,558444,5408,4896,5152,5164,0,5168,0,0,0,2017-04-24,32676718,5166,336,0,0,0,0,0,0,0,0,5168,68,0,0,0,0,0,0,0,0
526,2017-04-24,09:04:37,33,p1709,XDCE,5168,5154,5188,193246,9991950640,552340,558444,5408,4896,5152,5164,0,5168,0,0,0,2017-04-24,32677033,5166,336,0,0,0,0,0,0,0,0,5168,67,0,0,0,0,0,0,0,0
527,2017-04-24,09:04:37,679,p1709,XDCE,5168,5154,5188,193246,9991950640,552340,558444,5408,4896,5152,5164,0,5168,0,0,0,2017-04-24,32677679,5166,335,0,0,0,0,0,0,0,0,5168,60,0,0,0,0,0,0,0,0
528,2017-04-24,09:04:38,246,p1709,XDCE,5168,5154,5188,193248,9992054000,552338,558444,5408,4896,5152,5164,0,5168,0,0,0,2017-04-24,32678246,5166,335,0,0,0,0,0,0,0,0,5168,59,0,0,0,0,0,0,0,0
