,dataDate,dataTime,dataMillisec,instrumentID,exchangeCD,lastPrice,lowPrice,highPrice,volume,value,openInterest,preOpenInterest,upperLimitPrice,lowerLimitPrice,preSettlementPrice,prevClosePrice,settlementPrice,openPrice,closePrice,preDelta,currDelta,clearingDay,milliSecOffset,bidPrice1,bidVolume1,bidPrice2,bidVolume2,bidPrice3,bidVolume3,bidPrice4,bidVolume4,bidPrice5,bidVolume5,askPrice1,askVolume1,askPrice2,askVolume2,askPrice3,askVolume3,askPrice4,askVolume4,askPrice5,askVolume5
0,2017-04-22,01:00:00,500,pb1705,XSGE,15875,15740,16010,5378,427150700,22416,22682,17230,14975,16105,16045,0,15975,0,0,0,2017-04-24,3600500,15850,9,0,0,0,0,0,0,0,0,15910,1,0,0,0,0,0,0,0,0
1,2017-04-24,09:00:00,500,pb1705,XSGE,15920,15740,16010,5382,427469000,22420,22682,17230,14975,16105,16045,0,15975,0,0,0,2017-04-24,32400500,15900,1,0,0,0,0,0,0,0,0,15925,1,0,0,0,0,0,0,0,0
2,2017-04-24,09:00:01,0,pb1705,XSGE,15925,15740,16010,5384,427628250,22422,22682,17230,14975,16105,16045,0,15975,0,0,0,2017-04-24,32401000,15920,3,0,0,0,0,0,0,0,0,15930,1,0,0,0,0,0,0,0,0
3,2017-04-24,09:00:01,500,pb1705,XSGE,15885,15740,16010,5400,428900950,22438,22682,17230,14975,16105,16045,0,15975,0,0,0,2017-04-24,32401500,15885,1,0,0,0,0,0,0,0,0,15890,2,0,0,0,0,0,0,0,0
4,2017-04-24,09:00:02,0,pb1705,XSGE,15920,15740,16010,5414,430014000,22434,22682,17230,14975,16105,16045,0,15975,0,0,0,2017-04-24,32402000,15890,3,0,0,0,0,0,0,0,0,15920,2,0,0,0,0,0,0,0,0
5,2017-04-24,09:00:02,500,pb1705,XSGE,15970,15740,16010,5424,430811100,22438,22682,17230,14975,16105,16045,0,15975,0,0,0,2017-04-24,32402500,15925,5,0,0,0,0,0,0,0,0,15970,6,0,0,0,0,0,0,0,0
6,2017-04-24,09:00:03,0,pb1705,XSGE,15970,15740,16010,5436,431769300,22446,22682,17230,14975,16105,16045,0,15975,0,0,0,2017-04-24,32403000,15970,2,0,0,0,0,0,0,0,0,15980,2,0,0,0,0,0,0,0,0
7,2017-04-24,09:00:03,500,pb1705,XSGE,15970,15740,16010,5440,432088700,22446,22682,17230,14975,16105,16045,0,15975,0,0,0,2017-04-24,32403500,15945,6,0,0,0,0,0,0,0,0,15980,2,0,0,0,0,0,0,0,0
8,2017-04-24,09:00:04,0,pb1705,XSGE,15980,15740,16010,5444,432408300,22448,22682,17230,14975,16105,16045,0,15975,0,0,0,2017-04-24,32404000,15945,11,0,0,0,0,0,0,0,0,15990,10,0,0,0,0,0,0,0,0
9,2017-04-24,09:00:04,500,pb1705,XSGE,15975,15740,16010,5446,432568050,22446,22682,17230,14975,16105,16045,0,15975,0,0,0,2017-04-24,32404500,15975,1,0,0,0,0,0,0,0,0,15990,10,0,0,0,0,0,0,0,0
10,2017-04-24,09:00:05,0,pb1705,XSGE,15980,15740,16010,5456,433367450,22442,22682,17230,14975,16105,16045,0,15975,0,0,0,2017-04-24,32405000,15980,2,0,0,0,0,0,0,0,0,15990,6,0,0,0,0,0,0,0,0
11,2017-04-24,09:00:05,500,pb1705,XSGE,15990,15740,16010,5466,434166750,22442,22682,17230,14975,16105,16045,0,15975,0,0,0,2017-04-24,32405500,15985,3,0,0,0,0,0,0,0,0,15990,3,0,0,0,0,0,0,0,0
12,2017-04-24,09:00:06,0,pb1705,XSGE,15990,15740,16010,5476,434966150,22452,22682,17230,14975,16105,16045,0,15975,0,0,0,2017-04-24,32406000,15990,1,0,0,0,0,0,0,0,0,16000,3,0,0,0,0,0,0,0,0
13,2017-04-24,09:00:06,500,pb1705,XSGE,15990,15740,16010,5478,435126050,22454,22682,17230,14975,16105,16045,0,15975,0,0,0,2017-04-24,32406500,15975,6,0,0,0,0,0,0,0,0,16000,3,0,0,0,0,0,0,0,0
14,2017-04-24,09:00:07,0,pb1705,XSGE,15990,15740,16010,5478,435126050,22454,22682,17230,14975,16105,16045,0,15975,0,0,0,2017-04-24,32407000,15985,7,0,0,0,0,0,0,0,0,16000,3,0,0,0,0,0,0,0,0
15,2017-04-24,09:00:07,500,pb1705,XSGE,16000,15740,16010,5484,435606050,22454,22682,17230,14975,16105,16045,0,15975,0,0,0,2017-04-24,32407500,15985,13,0,0,0,0,0,0,0,0,16040,27,0,0,0,0,0,0,0,0
16,2017-04-24,09:00:08,0,pb1705,XSGE,16000,15740,16010,5484,435606050,22454,22682,17230,14975,16105,16045,0,15975,0,0,0,2017-04-24,32408000,15985,16,0,0,0,0,0,0,0,0,16030,3,0,0,0,0,0,0,0,0
17,2017-04-24,09:00:08,500,pb1705,XSGE,15990,15740,16025,5490,436086100,22448,22682,17230,14975,16105,16045,0,15975,0,0,0,2017-04-24,32408500,15985,16,0,0,0,0,0,0,0,0,16020,3,0,0,0,0,0,0,0,0
18,2017-04-24,09:00:09,0,pb1705,XSGE,15990,15740,16025,5490,436086100,22448,22682,17230,14975,16105,16045,0,15975,0,0,0,2017-04-24,32409000,15990,3,0,0,0,0,0,0,0,0,16010,2,0,0,0,0,0,0,0,0
19,2017-04-24,09:00:09,500,pb1705,XSGE,15990,15740,16025,5490,436086100,22448,22682,17230,14975,16105,16045,0,15975,0,0,0,2017-04-24,32409500,15995,9,0,0,0,0,0,0,0,0,16010,4,0,0,0,0,0,0,0,0
20,2017-04-24,09:00:10,0,pb1705,XSGE,15990,15740,16025,5490,436086100,22448,22682,17230,14975,16105,16045,0,15975,0,0,0,2017-04-24,32410000,16000,3,0,0,0,0,0,0,0,0,16010,4,0,0,0,0,0,0,0,0
21,2017-04-24,09:00:10,500,pb1705,XSGE,16000,15740,16025,5492,436246100,22450,22682,17230,14975,16105,16045,0,15975,0,0,0,2017-04-24,32410500,16000,2,0,0,0,0,0,0,0,0,16005,2,0,0,0,0,0,0,0,0
22,2017-04-24,09:00:11,0,pb1705,XSGE,16000,15740,16025,5498,436726100,22454,22682,17230,14975,16105,16045,0,15975,0,0,0,2017-04-24,32411000,16000,2,0,0,0,0,0,0,0,0,16005,3,0,0,0,0,0,0,0,0
23,2017-04-24,09:00:11,500,pb1705,XSGE,16005,15740,16025,5504,437206250,22452,22682,17230,14975,16105,16045,0,15975,0,0,0,2017-04-24,32411500,16005,5,0,0,0,0,0,0,0,0,16010,2,0,0,0,0,0,0,0,0
24,2017-04-24,09:00:12,0,pb1705,XSGE,16005,15740,16025,5516,438166600,22448,22682,17230,14975,16105,16045,0,15975,0,0,0,2017-04-24,32412000,16000,2,0,0,0,0,0,0,0,0,16005,3,0,0,0,0,0,0,0,0
25,2017-04-24,09:00:12,500,pb1705,XSGE,16005,15740,16025,5518,438326650,22446,22682,17230,14975,16105,16045,0,15975,0,0,0,2017-04-24,32412500,16000,9,0,0,0,0,0,0,0,0,16005,2,0,0,0,0,0,0,0,0
26,2017-04-24,09:00:13,0,pb1705,XSGE,16005,15740,16025,5518,438326650,22446,22682,17230,14975,16105,16045,0,15975,0,0,0,2017-04-24,32413000,16000,2,0,0,0,0,0,0,0,0,16005,2,0,0,0,0,0,0,0,0
27,2017-04-24,09:00:13,500,pb1705,XSGE,16005,15740,16025,5522,438646750,22444,22682,17230,14975,16105,16045,0,15975,0,0,0,2017-04-24,32413500,16000,9,0,0,0,0,0,0,0,0,16010,1,0,0,0,0,0,0,0,0
28,2017-04-24,09:00:14,0,pb1705,XSGE,16005,15740,16025,5522,438646750,22444,22682,17230,14975,16105,16045,0,15975,0,0,0,2017-04-24,32414000,16000,2,0,0,0,0,0,0,0,0,16010,2,0,0,0,0,0,0,0,0
29,2017-04-24,09:00:14,500,pb1705,XSGE,16005,15740,16025,5522,438646750,22444,22682,17230,14975,16105,16045,0,15975,0,0,0,2017-04-24,32414500,16000,2,0,0,0,0,0,0,0,0,16010,2,0,0,0,0,0,0,0,0
30,2017-04-24,09:00:15,0,pb1705,XSGE,16000,15740,16025,5526,438966750,22444,22682,17230,14975,16105,16045,0,15975,0,0,0,2017-04-24,32415000,15990,3,0,0,0,0,0,0,0,0,16005,2,0,0,0,0,0,0,0,0
31,2017-04-24,09:00:15,500,pb1705,XSGE,15990,15740,16025,5528,439126650,22442,22682,17230,14975,16105,16045,0,15975,0,0,0,2017-04-24,32415500,15990,2,0,0,0,0,0,0,0,0,16005,2,0,0,0,0,0,0,0,0
32,2017-04-24,09:00:16,0,pb1705,XSGE,15990,15740,16025,5528,439126650,22442,22682,17230,14975,16105,16045,0,15975,0,0,0,2017-04-24,32416000,15990,3,0,0,0,0,0,0,0,0,16005,2,0,0,0,0,0,0,0,0
33,2017-04-24,09:00:16,500,pb1705,XSGE,15990,15740,16025,5528,439126650,22442,22682,17230,14975,16105,16045,0,15975,0,0,0,2017-04-24,32416500,16005,1,0,0,0,0,0,0,0,0,16010,2,0,0,0,0,0,0,0,0
34,2017-04-24,09:00:17,0,pb1705,XSGE,16005,15740,16025,5530,439286700,22440,22682,17230,14975,16105,16045,0,15975,0,0,0,2017-04-24,32417000,15990,5,0,0,0,0,0,0,0,0,16005,3,0,0,0,0,0,0,0,0
35,2017-04-24,09:00:17,500,pb1705,XSGE,16005,15740,16025,5532,439446750,22440,22682,17230,14975,16105,16045,0,15975,0,0,0,2017-04-24,32417500,15990,5,0,0,0,0,0,0,0,0,16005,2,0,0,0,0,0,0,0,0
36,2017-04-24,09:00:18,0,pb1705,XSGE,16005,15740,16025,5532,439446750,22440,22682,17230,14975,16105,16045,0,15975,0,0,0,2017-04-24,32418000,15990,12,0,0,0,0,0,0,0,0,16005,2,0,0,0,0,0,0,0,0
37,2017-04-24,09:00:18,500,pb1705,XSGE,16005,15740,16025,5532,439446750,22440,22682,17230,14975,16105,16045,0,15975,0,0,0,2017-04-24,32418500,15990,3,0,0,0,0,0,0,0,0,16005,2,0,0,0,0,0,0,0,0
38,2017-04-24,09:00:20,500,pb1705,XSGE,16005,15740,16025,5532,439446750,22440,22682,17230,14975,16105,16045,0,15975,0,0,0,2017-04-24,32420500,15990,1,0,0,0,0,0,0,0,0,16000,2,0,0,0,0,0,0,0,0
39,2017-04-24,09:00:21,0,pb1705,XSGE,16005,15740,16025,5532,439446750,22440,22682,17230,14975,16105,16045,0,15975,0,0,0,2017-04-24,32421000,15960,22,0,0,0,0,0,0,0,0,16000,4,0,0,0,0,0,0,0,0
40,2017-04-24,09:00:21,500,pb1705,XSGE,16005,15740,16025,5532,439446750,22440,22682,17230,14975,16105,16045,0,15975,0,0,0,2017-04-24,32421500,15980,2,0,0,0,0,0,0,0,0,16000,4,0,0,0,0,0,0,0,0
41,2017-04-24,09:00:22,0,pb1705,XSGE,16005,15740,16025,5532,439446750,22440,22682,17230,14975,16105,16045,0,15975,0,0,0,2017-04-24,32422000,15980,10,0,0,0,0,0,0,0,0,16000,4,0,0,0,0,0,0,0,0
42,2017-04-24,09:00:22,500,pb1705,XSGE,16005,15740,16025,5532,439446750,22440,22682,17230,14975,16105,16045,0,15975,0,0,0,2017-04-24,32422500,15980,3,0,0,0,0,0,0,0,0,15995,2,0,0,0,0,0,0,0,0
43,2017-04-24,09:00:23,0,pb1705,XSGE,16005,15740,16025,5532,439446750,22440,22682,17230,14975,16105,16045,0,15975,0,0,0,2017-04-24,32423000,15980,3,0,0,0,0,0,0,0,0,15995,5,0,0,0,0,0,0,0,0
44,2017-04-24,09:00:23,500,pb1705,XSGE,16005,15740,16025,5532,439446750,22440,22682,17230,14975,16105,16045,0,15975,0,0,0,2017-04-24,32423500,15980,1,0,0,0,0,0,0,0,0,15990,2,0,0,0,0,0,0,0,0
45,2017-04-24,09:00:24,0,pb1705,XSGE,16005,15740,16025,5532,439446750,22440,22682,17230,14975,16105,16045,0,15975,0,0,0,2017-04-24,32424000,15980,1,0,0,0,0,0,0,0,0,15990,4,0,0,0,0,0,0,0,0
46,2017-04-24,09:00:24,500,pb1705,XSGE,16005,15740,16025,5532,439446750,22440,22682,17230,14975,16105,16045,0,15975,0,0,0,2017-04-24,32424500,15950,10,0,0,0,0,0,0,0,0,15990,6,0,0,0,0,0,0,0,0
47,2017-04-24,09:00:25,0,pb1705,XSGE,16005,15740,16025,5532,439446750,22440,22682,17230,14975,16105,16045,0,15975,0,0,0,2017-04-24,32425000,15955,16,0,0,0,0,0,0,0,0,15980,2,0,0,0,0,0,0,0,0
48,2017-04-24,09:00:25,500,pb1705,XSGE,16005,15740,16025,5532,439446750,22440,22682,17230,14975,16105,16045,0,15975,0,0,0,2017-04-24,32425500,15955,16,0,0,0,0,0,0,0,0,15980,7,0,0,0,0,0,0,0,0
49,2017-04-24,09:00:26,0,pb1705,XSGE,16005,15740,16025,5532,439446750,22440,22682,17230,14975,16105,16045,0,15975,0,0,0,2017-04-24,32426000,15955,14,0,0,0,0,0,0,0,0,15980,7,0,0,0,0,0,0,0,0
50,2017-04-24,09:00:26,500,pb1705,XSGE,16005,15740,16025,5532,439446750,22440,22682,17230,14975,16105,16045,0,15975,0,0,0,2017-04-24,32426500,15960,2,0,0,0,0,0,0,0,0,15980,7,0,0,0,0,0,0,0,0
51,2017-04-24,09:00:27,0,pb1705,XSGE,16005,15740,16025,5532,439446750,22440,22682,17230,14975,16105,16045,0,15975,0,0,0,2017-04-24,32427000,15965,1,0,0,0,0,0,0,0,0,15980,7,0,0,0,0,0,0,0,0
52,2017-04-24,09:00:27,500,pb1705,XSGE,16005,15740,16025,5532,439446750,22440,22682,17230,14975,16105,16045,0,15975,0,0,0,2017-04-24,32427500,15965,2,0,0,0,0,0,0,0,0,15980,7,0,0,0,0,0,0,0,0
53,2017-04-24,09:00:28,0,pb1705,XSGE,16005,15740,16025,5532,439446750,22440,22682,17230,14975,16105,16045,0,15975,0,0,0,2017-04-24,32428000,15965,4,0,0,0,0,0,0,0,0,15980,7,0,0,0,0,0,0,0,0
54,2017-04-24,09:00:29,500,pb1705,XSGE,16005,15740,16025,5532,439446750,22440,22682,17230,14975,16105,16045,0,15975,0,0,0,2017-04-24,32429500,15965,1,0,0,0,0,0,0,0,0,15980,7,0,0,0,0,0,0,0,0
55,2017-04-24,09:00:30,0,pb1705,XSGE,16005,15740,16025,5532,439446750,22440,22682,17230,14975,16105,16045,0,15975,0,0,0,2017-04-24,32430000,15970,1,0,0,0,0,0,0,0,0,15980,7,0,0,0,0,0,0,0,0
56,2017-04-24,09:00:30,500,pb1705,XSGE,16005,15740,16025,5532,439446750,22440,22682,17230,14975,16105,16045,0,15975,0,0,0,2017-04-24,32430500,15970,1,0,0,0,0,0,0,0,0,15975,3,0,0,0,0,0,0,0,0
57,2017-04-24,09:00:31,0,pb1705,XSGE,15970,15740,16025,5534,439606450,22440,22682,17230,14975,16105,16045,0,15975,0,0,0,2017-04-24,32431000,15940,10,0,0,0,0,0,0,0,0,15975,7,0,0,0,0,0,0,0,0
58,2017-04-24,09:00:31,500,pb1705,XSGE,15970,15740,16025,5534,439606450,22440,22682,17230,14975,16105,16045,0,15975,0,0,0,2017-04-24,32431500,15955,2,0,0,0,0,0,0,0,0,15970,4,0,0,0,0,0,0,0,0
59,2017-04-24,09:00:32,0,pb1705,XSGE,15970,15740,16025,5534,439606450,22440,22682,17230,14975,16105,16045,0,15975,0,0,0,2017-04-24,32432000,15930,10,0,0,0,0,0,0,0,0,15970,4,0,0,0,0,0,0,0,0
60,2017-04-24,09:00:32,500,pb1705,XSGE,15970,15740,16025,5534,439606450,22440,22682,17230,14975,16105,16045,0,15975,0,0,0,2017-04-24,32432500,15945,7,0,0,0,0,0,0,0,0,15970,4,0,0,0,0,0,0,0,0
61,2017-04-24,09:00:33,0,pb1705,XSGE,15970,15740,16025,5534,439606450,22440,22682,17230,14975,16105,16045,0,15975,0,0,0,2017-04-24,32433000,15950,9,0,0,0,0,0,0,0,0,15970,4,0,0,0,0,0,0,0,0
62,2017-04-24,09:00:33,500,pb1705,XSGE,15970,15740,16025,5534,439606450,22440,22682,17230,14975,16105,16045,0,15975,0,0,0,2017-04-24,32433500,15950,7,0,0,0,0,0,0,0,0,15970,4,0,0,0,0,0,0,0,0
63,2017-04-24,09:00:34,0,pb1705,XSGE,15970,15740,16025,5538,439925850,22444,22682,17230,14975,16105,16045,0,15975,0,0,0,2017-04-24,32434000,15945,2,0,0,0,0,0,0,0,0,15970,4,0,0,0,0,0,0,0,0
64,2017-04-24,09:00:34,500,pb1705,XSGE,15970,15740,16025,5538,439925850,22444,22682,17230,14975,16105,16045,0,15975,0,0,0,2017-04-24,32434500,15945,10,0,0,0,0,0,0,0,0,15970,4,0,0,0,0,0,0,0,0
65,2017-04-24,09:00:35,0,pb1705,XSGE,15970,15740,16025,5538,439925850,22444,22682,17230,14975,16105,16045,0,15975,0,0,0,2017-04-24,32435000,15945,10,0,0,0,0,0,0,0,0,15970,4,0,0,0,0,0,0,0,0
66,2017-04-24,09:00:36,0,pb1705,XSGE,15970,15740,16025,5538,439925850,22444,22682,17230,14975,16105,16045,0,15975,0,0,0,2017-04-24,32436000,15945,1,0,0,0,0,0,0,0,0,15970,4,0,0,0,0,0,0,0,0
67,2017-04-24,09:00:36,500,pb1705,XSGE,15970,15740,16025,5538,439925850,22444,22682,17230,14975,16105,16045,0,15975,0,0,0,2017-04-24,32436500,15945,1,0,0,0,0,0,0,0,0,15970,4,0,0,0,0,0,0,0,0
68,2017-04-24,09:00:37,0,pb1705,XSGE,15970,15740,16025,5538,439925850,22444,22682,17230,14975,16105,16045,0,15975,0,0,0,2017-04-24,32437000,15945,1,0,0,0,0,0,0,0,0,15970,6,0,0,0,0,0,0,0,0
69,2017-04-24,09:00:37,500,pb1705,XSGE,15970,15740,16025,5540,440085550,22444,22682,17230,14975,16105,16045,0,15975,0,0,0,2017-04-24,32437500,15945,1,0,0,0,0,0,0,0,0,15970,5,0,0,0,0,0,0,0,0
70,2017-04-24,09:00:40,0,pb1705,XSGE,15970,15740,16025,5540,440085550,22444,22682,17230,14975,16105,16045,0,15975,0,0,0,2017-04-24,32440000,15945,1,0,0,0,0,0,0,0,0,15970,5,0,0,0,0,0,0,0,0
71,2017-04-24,09:00:40,500,pb1705,XSGE,15970,15740,16025,5540,440085550,22444,22682,17230,14975,16105,16045,0,15975,0,0,0,2017-04-24,32440500,15945,1,0,0,0,0,0,0,0,0,15955,1,0,0,0,0,0,0,0,0
72,2017-04-24,09:00:41,0,pb1705,XSGE,15970,15740,16025,5540,440085550,22444,22682,17230,14975,16105,16045,0,15975,0,0,0,2017-04-24,32441000,15945,1,0,0,0,0,0,0,0,0,15955,3,0,0,0,0,0,0,0,0
73,2017-04-24,09:00:41,500,pb1705,XSGE,15970,15740,16025,5540,440085550,22444,22682,17230,14975,16105,16045,0,15975,0,0,0,2017-04-24,32441500,15920,10,0,0,0,0,0,0,0,0,15955,4,0,0,0,0,0,0,0,0
74,2017-04-24,09:00:42,0,pb1705,XSGE,15955,15740,16025,5544,440404650,22446,22682,17230,14975,16105,16045,0,15975,0,0,0,2017-04-24,32442000,15935,2,0,0,0,0,0,0,0,0,15955,2,0,0,0,0,0,0,0,0
75,2017-04-24,09:00:42,500,pb1705,XSGE,15955,15740,16025,5544,440404650,22446,22682,17230,14975,16105,16045,0,15975,0,0,0,2017-04-24,32442500,15935,10,0,0,0,0,0,0,0,0,15955,3,0,0,0,0,0,0,0,0
76,2017-04-24,09:00:43,0,pb1705,XSGE,15955,15740,16025,5544,440404650,22446,22682,17230,14975,16105,16045,0,15975,0,0,0,2017-04-24,32443000,15935,15,0,0,0,0,0,0,0,0,15955,3,0,0,0,0,0,0,0,0
77,2017-04-24,09:00:43,500,pb1705,XSGE,15955,15740,16025,5544,440404650,22446,22682,17230,14975,16105,16045,0,15975,0,0,0,2017-04-24,32443500,15935,10,0,0,0,0,0,0,0,0,15955,3,0,0,0,0,0,0,0,0
78,2017-04-24,09:00:44,0,pb1705,XSGE,15955,15740,16025,5544,440404650,22446,22682,17230,14975,16105,16045,0,15975,0,0,0,2017-04-24,32444000,15935,1,0,0,0,0,0,0,0,0,15955,3,0,0,0,0,0,0,0,0
79,2017-04-24,09:00:44,500,pb1705,XSGE,15955,15740,16025,5544,440404650,22446,22682,17230,14975,16105,16045,0,15975,0,0,0,2017-04-24,32444500,15935,1,0,0,0,0,0,0,0,0,15955,3,0,0,0,0,0,0,0,0
80,2017-04-24,09:00:45,500,pb1705,XSGE,15955,15740,16025,5544,440404650,22446,22682,17230,14975,16105,16045,0,15975,0,0,0,2017-04-24,32445500,15935,10,0,0,0,0,0,0,0,0,15955,3,0,0,0,0,0,0,0,0
81,2017-04-24,09:00:47,500,pb1705,XSGE,15955,15740,16025,5544,440404650,22446,22682,17230,14975,16105,16045,0,15975,0,0,0,2017-04-24,32447500,15935,1,0,0,0,0,0,0,0,0,15955,3,0,0,0,0,0,0,0,0
82,2017-04-24,09:00:48,0,pb1705,XSGE,15955,15740,16025,5546,440564200,22444,22682,17230,14975,16105,16045,0,15975,0,0,0,2017-04-24,32448000,15935,1,0,0,0,0,0,0,0,0,15955,2,0,0,0,0,0,0,0,0
83,2017-04-24,09:00:49,0,pb1705,XSGE,15955,15740,16025,5546,440564200,22444,22682,17230,14975,16105,16045,0,15975,0,0,0,2017-04-24,32449000,15935,1,0,0,0,0,0,0,0,0,15955,2,0,0,0,0,0,0,0,0
84,2017-04-24,09:00:50,0,pb1705,XSGE,15955,15740,16025,5546,440564200,22444,22682,17230,14975,16105,16045,0,15975,0,0,0,2017-04-24,32450000,15935,1,0,0,0,0,0,0,0,0,15955,2,0,0,0,0,0,0,0,0
85,2017-04-24,09:00:51,500,pb1705,XSGE,15955,15740,16025,5546,440564200,22444,22682,17230,14975,16105,16045,0,15975,0,0,0,2017-04-24,32451500,15935,10,0,0,0,0,0,0,0,0,15955,2,0,0,0,0,0,0,0,0
86,2017-04-24,09:00:52,0,pb1705,XSGE,15955,15740,16025,5546,440564200,22444,22682,17230,14975,16105,16045,0,15975,0,0,0,2017-04-24,32452000,15935,3,0,0,0,0,0,0,0,0,15955,2,0,0,0,0,0,0,0,0
87,2017-04-24,09:00:52,500,pb1705,XSGE,15955,15740,16025,5546,440564200,22444,22682,17230,14975,16105,16045,0,15975,0,0,0,2017-04-24,32452500,15935,3,0,0,0,0,0,0,0,0,15950,3,0,0,0,0,0,0,0,0
88,2017-04-24,09:00:53,0,pb1705,XSGE,15955,15740,16025,5546,440564200,22444,22682,17230,14975,16105,16045,0,15975,0,0,0,2017-04-24,32453000,15935,3,0,0,0,0,0,0,0,0,15950,4,0,0,0,0,0,0,0,0
89,2017-04-24,09:00:54,0,pb1705,XSGE,15955,15740,16025,5546,440564200,22444,22682,17230,14975,16105,16045,0,15975,0,0,0,2017-04-24,32454000,15935,10,0,0,0,0,0,0,0,0,15950,4,0,0,0,0,0,0,0,0
90,2017-04-24,09:00:54,500,pb1705,XSGE,15955,15740,16025,5548,440723750,22442,22682,17230,14975,16105,16045,0,15975,0,0,0,2017-04-24,32454500,15935,3,0,0,0,0,0,0,0,0,15950,3,0,0,0,0,0,0,0,0
91,2017-04-24,09:00:55,500,pb1705,XSGE,15955,15740,16025,5548,440723750,22442,22682,17230,14975,16105,16045,0,15975,0,0,0,2017-04-24,32455500,15940,3,0,0,0,0,0,0,0,0,15950,3,0,0,0,0,0,0,0,0
92,2017-04-24,09:00:56,0,pb1705,XSGE,15955,15740,16025,5548,440723750,22442,22682,17230,14975,16105,16045,0,15975,0,0,0,2017-04-24,32456000,15940,3,0,0,0,0,0,0,0,0,15950,3,0,0,0,0,0,0,0,0
93,2017-04-24,09:00:56,500,pb1705,XSGE,15955,15740,16025,5548,440723750,22442,22682,17230,14975,16105,16045,0,15975,0,0,0,2017-04-24,32456500,15940,3,0,0,0,0,0,0,0,0,15950,3,0,0,0,0,0,0,0,0
94,2017-04-24,09:00:57,500,pb1705,XSGE,15955,15740,16025,5548,440723750,22442,22682,17230,14975,16105,16045,0,15975,0,0,0,2017-04-24,32457500,15940,3,0,0,0,0,0,0,0,0,15950,3,0,0,0,0,0,0,0,0
95,2017-04-24,09:00:58,0,pb1705,XSGE,15955,15740,16025,5550,440883300,22440,22682,17230,14975,16105,16045,0,15975,0,0,0,2017-04-24,32458000,15935,3,0,0,0,0,0,0,0,0,15950,2,0,0,0,0,0,0,0,0
96,2017-04-24,09:00:58,500,pb1705,XSGE,15955,15740,16025,5550,440883300,22440,22682,17230,14975,16105,16045,0,15975,0,0,0,2017-04-24,32458500,15935,3,0,0,0,0,0,0,0,0,15950,3,0,0,0,0,0,0,0,0
97,2017-04-24,09:00:59,0,pb1705,XSGE,15955,15740,16025,5550,440883300,22440,22682,17230,14975,16105,16045,0,15975,0,0,0,2017-04-24,32459000,15935,3,0,0,0,0,0,0,0,0,15950,3,0,0,0,0,0,0,0,0
98,2017-04-24,09:01:00,0,pb1705,XSGE,15950,15740,16025,5552,441042800,22438,22682,17230,14975,16105,16045,0,15975,0,0,0,2017-04-24,32460000,15935,3,0,0,0,0,0,0,0,0,15950,2,0,0,0,0,0,0,0,0
99,2017-04-24,09:01:00,500,pb1705,XSGE,15950,15740,16025,5552,441042800,22438,22682,17230,14975,16105,16045,0,15975,0,0,0,2017-04-24,32460500,15935,3,0,0,0,0,0,0,0,0,15950,2,0,0,0,0,0,0,0,0
100,2017-04-24,09:01:01,0,pb1705,XSGE,15950,15740,16025,5552,441042800,22438,22682,17230,14975,16105,16045,0,15975,0,0,0,2017-04-24,32461000,15935,3,0,0,0,0,0,0,0,0,15950,1,0,0,0,0,0,0,0,0
101,2017-04-24,09:01:02,0,pb1705,XSGE,15950,15740,16025,5552,441042800,22438,22682,17230,14975,16105,16045,0,15975,0,0,0,2017-04-24,32462000,15935,1,0,0,0,0,0,0,0,0,15950,1,0,0,0,0,0,0,0,0
102,2017-04-24,09:01:03,0,pb1705,XSGE,15950,15740,16025,5552,441042800,22438,22682,17230,14975,16105,16045,0,15975,0,0,0,2017-04-24,32463000,15935,1,0,0,0,0,0,0,0,0,15950,3,0,0,0,0,0,0,0,0
103,2017-04-24,09:01:03,500,pb1705,XSGE,15950,15740,16025,5552,441042800,22438,22682,17230,14975,16105,16045,0,15975,0,0,0,2017-04-24,32463500,15935,1,0,0,0,0,0,0,0,0,15950,2,0,0,0,0,0,0,0,0
104,2017-04-24,09:01:04,0,pb1705,XSGE,15950,15740,16025,5552,441042800,22438,22682,17230,14975,16105,16045,0,15975,0,0,0,2017-04-24,32464000,15940,3,0,0,0,0,0,0,0,0,15950,2,0,0,0,0,0,0,0,0
105,2017-04-24,09:01:04,500,pb1705,XSGE,15950,15740,16025,5556,441361800,22440,22682,17230,14975,16105,16045,0,15975,0,0,0,2017-04-24,32464500,15940,3,0,0,0,0,0,0,0,0,15980,2,0,0,0,0,0,0,0,0
106,2017-04-24,09:01:05,0,pb1705,XSGE,15950,15740,16025,5556,441361800,22440,22682,17230,14975,16105,16045,0,15975,0,0,0,2017-04-24,32465000,15940,3,0,0,0,0,0,0,0,0,15955,1,0,0,0,0,0,0,0,0
107,2017-04-24,09:01:05,500,pb1705,XSGE,15955,15740,16025,5558,441521350,22438,22682,17230,14975,16105,16045,0,15975,0,0,0,2017-04-24,32465500,15955,1,0,0,0,0,0,0,0,0,15970,1,0,0,0,0,0,0,0,0
108,2017-04-24,09:01:06,0,pb1705,XSGE,15955,15740,16025,5560,441680900,22438,22682,17230,14975,16105,16045,0,15975,0,0,0,2017-04-24,32466000,15940,3,0,0,0,0,0,0,0,0,15965,2,0,0,0,0,0,0,0,0
109,2017-04-24,09:01:06,500,pb1705,XSGE,15955,15740,16025,5560,441680900,22438,22682,17230,14975,16105,16045,0,15975,0,0,0,2017-04-24,32466500,15940,3,0,0,0,0,0,0,0,0,15965,2,0,0,0,0,0,0,0,0
110,2017-04-24,09:01:07,0,pb1705,XSGE,15955,15740,16025,5560,441680900,22438,22682,17230,14975,16105,16045,0,15975,0,0,0,2017-04-24,32467000,15940,3,0,0,0,0,0,0,0,0,15970,2,0,0,0,0,0,0,0,0
111,2017-04-24,09:01:07,500,pb1705,XSGE,15955,15740,16025,5560,441680900,22438,22682,17230,14975,16105,16045,0,15975,0,0,0,2017-04-24,32467500,15940,10,0,0,0,0,0,0,0,0,15970,4,0,0,0,0,0,0,0,0
112,2017-04-24,09:01:08,0,pb1705,XSGE,15955,15740,16025,5560,441680900,22438,22682,17230,14975,16105,16045,0,15975,0,0,0,2017-04-24,32468000,15940,3,0,0,0,0,0,0,0,0,15970,4,0,0,0,0,0,0,0,0
113,2017-04-24,09:01:08,500,pb1705,XSGE,15955,15740,16025,5560,441680900,22438,22682,17230,14975,16105,16045,0,15975,0,0,0,2017-04-24,32468500,15940,11,0,0,0,0,0,0,0,0,15970,4,0,0,0,0,0,0,0,0
114,2017-04-24,09:01:09,0,pb1705,XSGE,15970,15740,16025,5562,441840600,22438,22682,17230,14975,16105,16045,0,15975,0,0,0,2017-04-24,32469000,15940,11,0,0,0,0,0,0,0,0,15970,3,0,0,0,0,0,0,0,0
115,2017-04-24,09:01:09,500,pb1705,XSGE,15970,15740,16025,5562,441840600,22438,22682,17230,14975,16105,16045,0,15975,0,0,0,2017-04-24,32469500,15940,4,0,0,0,0,0,0,0,0,15970,3,0,0,0,0,0,0,0,0
116,2017-04-24,09:01:10,0,pb1705,XSGE,15970,15740,16025,5562,441840600,22438,22682,17230,14975,16105,16045,0,15975,0,0,0,2017-04-24,32470000,15940,7,0,0,0,0,0,0,0,0,15970,3,0,0,0,0,0,0,0,0
117,2017-04-24,09:01:10,500,pb1705,XSGE,15940,15740,16025,5572,442637600,22430,22682,17230,14975,16105,16045,0,15975,0,0,0,2017-04-24,32470500,15935,3,0,0,0,0,0,0,0,0,15970,3,0,0,0,0,0,0,0,0
118,2017-04-24,09:01:11,0,pb1705,XSGE,15940,15740,16025,5572,442637600,22430,22682,17230,14975,16105,16045,0,15975,0,0,0,2017-04-24,32471000,15940,6,0,0,0,0,0,0,0,0,15970,1,0,0,0,0,0,0,0,0
119,2017-04-24,09:01:11,500,pb1705,XSGE,15940,15740,16025,5572,442637600,22430,22682,17230,14975,16105,16045,0,15975,0,0,0,2017-04-24,32471500,15940,6,0,0,0,0,0,0,0,0,15970,1,0,0,0,0,0,0,0,0
120,2017-04-24,09:01:12,0,pb1705,XSGE,15970,15740,16025,5574,442797300,22430,22682,17230,14975,16105,16045,0,15975,0,0,0,2017-04-24,32472000,15935,3,0,0,0,0,0,0,0,0,15970,2,0,0,0,0,0,0,0,0
121,2017-04-24,09:01:12,500,pb1705,XSGE,15970,15740,16025,5574,442797300,22430,22682,17230,14975,16105,16045,0,15975,0,0,0,2017-04-24,32472500,15935,5,0,0,0,0,0,0,0,0,15970,3,0,0,0,0,0,0,0,0
122,2017-04-24,09:01:13,0,pb1705,XSGE,15970,15740,16025,5576,442957000,22430,22682,17230,14975,16105,16045,0,15975,0,0,0,2017-04-24,32473000,15935,3,0,0,0,0,0,0,0,0,15965,1,0,0,0,0,0,0,0,0
123,2017-04-24,09:01:13,500,pb1705,XSGE,15970,15740,16025,5576,442957000,22430,22682,17230,14975,16105,16045,0,15975,0,0,0,2017-04-24,32473500,15935,1,0,0,0,0,0,0,0,0,15965,1,0,0,0,0,0,0,0,0
124,2017-04-24,09:01:14,0,pb1705,XSGE,15970,15740,16025,5576,442957000,22430,22682,17230,14975,16105,16045,0,15975,0,0,0,2017-04-24,32474000,15935,2,0,0,0,0,0,0,0,0,15965,1,0,0,0,0,0,0,0,0
125,2017-04-24,09:01:14,500,pb1705,XSGE,15970,15740,16025,5576,442957000,22430,22682,17230,14975,16105,16045,0,15975,0,0,0,2017-04-24,32474500,15935,2,0,0,0,0,0,0,0,0,15960,1,0,0,0,0,0,0,0,0
126,2017-04-24,09:01:15,0,pb1705,XSGE,15970,15740,16025,5576,442957000,22430,22682,17230,14975,16105,16045,0,15975,0,0,0,2017-04-24,32475000,15935,2,0,0,0,0,0,0,0,0,15955,2,0,0,0,0,0,0,0,0
127,2017-04-24,09:01:21,0,pb1705,XSGE,15970,15740,16025,5576,442957000,22430,22682,17230,14975,16105,16045,0,15975,0,0,0,2017-04-24,32481000,15935,2,0,0,0,0,0,0,0,0,15955,3,0,0,0,0,0,0,0,0
128,2017-04-24,09:01:23,0,pb1705,XSGE,15970,15740,16025,5576,442957000,22430,22682,17230,14975,16105,16045,0,15975,0,0,0,2017-04-24,32483000,15935,2,0,0,0,0,0,0,0,0,15955,1,0,0,0,0,0,0,0,0
129,2017-04-24,09:01:23,500,pb1705,XSGE,15970,15740,16025,5576,442957000,22430,22682,17230,14975,16105,16045,0,15975,0,0,0,2017-04-24,32483500,15935,2,0,0,0,0,0,0,0,0,15955,4,0,0,0,0,0,0,0,0
130,2017-04-24,09:01:24,0,pb1705,XSGE,15970,15740,16025,5576,442957000,22430,22682,17230,14975,16105,16045,0,15975,0,0,0,2017-04-24,32484000,15935,2,0,0,0,0,0,0,0,0,15955,4,0,0,0,0,0,0,0,0
131,2017-04-24,09:01:24,500,pb1705,XSGE,15970,15740,16025,5576,442957000,22430,22682,17230,14975,16105,16045,0,15975,0,0,0,2017-04-24,32484500,15935,2,0,0,0,0,0,0,0,0,15955,4,0,0,0,0,0,0,0,0
132,2017-04-24,09:01:25,0,pb1705,XSGE,15970,15740,16025,5576,442957000,22430,22682,17230,14975,16105,16045,0,15975,0,0,0,2017-04-24,32485000,15935,2,0,0,0,0,0,0,0,0,15955,5,0,0,0,0,0,0,0,0
133,2017-04-24,09:01:26,0,pb1705,XSGE,15970,15740,16025,5576,442957000,22430,22682,17230,14975,16105,16045,0,15975,0,0,0,2017-04-24,32486000,15935,2,0,0,0,0,0,0,0,0,15955,10,0,0,0,0,0,0,0,0
134,2017-04-24,09:01:26,500,pb1705,XSGE,15970,15740,16025,5576,442957000,22430,22682,17230,14975,16105,16045,0,15975,0,0,0,2017-04-24,32486500,15935,1,0,0,0,0,0,0,0,0,15950,1,0,0,0,0,0,0,0,0
135,2017-04-24,09:01:27,0,pb1705,XSGE,15970,15740,16025,5576,442957000,22430,22682,17230,14975,16105,16045,0,15975,0,0,0,2017-04-24,32487000,15935,1,0,0,0,0,0,0,0,0,15950,6,0,0,0,0,0,0,0,0
136,2017-04-24,09:01:27,500,pb1705,XSGE,15935,15740,16025,5578,443116350,22428,22682,17230,14975,16105,16045,0,15975,0,0,0,2017-04-24,32487500,15930,4,0,0,0,0,0,0,0,0,15950,6,0,0,0,0,0,0,0,0
137,2017-04-24,09:01:28,0,pb1705,XSGE,15935,15740,16025,5578,443116350,22428,22682,17230,14975,16105,16045,0,15975,0,0,0,2017-04-24,32488000,15930,4,0,0,0,0,0,0,0,0,15935,5,0,0,0,0,0,0,0,0
138,2017-04-24,09:01:28,500,pb1705,XSGE,15930,15740,16025,5580,443275650,22426,22682,17230,14975,16105,16045,0,15975,0,0,0,2017-04-24,32488500,15930,3,0,0,0,0,0,0,0,0,15935,5,0,0,0,0,0,0,0,0
139,2017-04-24,09:01:29,0,pb1705,XSGE,15930,15740,16025,5586,443753550,22424,22682,17230,14975,16105,16045,0,15975,0,0,0,2017-04-24,32489000,15900,10,0,0,0,0,0,0,0,0,15930,2,0,0,0,0,0,0,0,0
140,2017-04-24,09:01:29,500,pb1705,XSGE,15930,15740,16025,5586,443753550,22424,22682,17230,14975,16105,16045,0,15975,0,0,0,2017-04-24,32489500,15920,1,0,0,0,0,0,0,0,0,15930,2,0,0,0,0,0,0,0,0
141,2017-04-24,09:01:30,0,pb1705,XSGE,15930,15740,16025,5586,443753550,22424,22682,17230,14975,16105,16045,0,15975,0,0,0,2017-04-24,32490000,15920,1,0,0,0,0,0,0,0,0,15930,2,0,0,0,0,0,0,0,0
142,2017-04-24,09:01:30,500,pb1705,XSGE,15930,15740,16025,5586,443753550,22424,22682,17230,14975,16105,16045,0,15975,0,0,0,2017-04-24,32490500,15915,1,0,0,0,0,0,0,0,0,15930,2,0,0,0,0,0,0,0,0
143,2017-04-24,09:01:31,0,pb1705,XSGE,15930,15740,16025,5586,443753550,22424,22682,17230,14975,16105,16045,0,15975,0,0,0,2017-04-24,32491000,15915,2,0,0,0,0,0,0,0,0,15930,2,0,0,0,0,0,0,0,0
144,2017-04-24,09:01:33,500,pb1705,XSGE,15930,15740,16025,5590,444072150,22420,22682,17230,14975,16105,16045,0,15975,0,0,0,2017-04-24,32493500,15945,5,0,0,0,0,0,0,0,0,15950,1,0,0,0,0,0,0,0,0
145,2017-04-24,09:01:34,0,pb1705,XSGE,15905,15740,16025,5608,445505700,22416,22682,17230,14975,16105,16045,0,15975,0,0,0,2017-04-24,32494000,15905,1,0,0,0,0,0,0,0,0,15945,19,0,0,0,0,0,0,0,0
146,2017-04-24,09:01:34,500,pb1705,XSGE,15905,15740,16025,5612,445823800,22420,22682,17230,14975,16105,16045,0,15975,0,0,0,2017-04-24,32494500,15905,7,0,0,0,0,0,0,0,0,15940,3,0,0,0,0,0,0,0,0
147,2017-04-24,09:01:35,0,pb1705,XSGE,15905,15740,16025,5612,445823800,22420,22682,17230,14975,16105,16045,0,15975,0,0,0,2017-04-24,32495000,15905,2,0,0,0,0,0,0,0,0,15930,1,0,0,0,0,0,0,0,0
148,2017-04-24,09:01:35,500,pb1705,XSGE,15905,15740,16025,5612,445823800,22420,22682,17230,14975,16105,16045,0,15975,0,0,0,2017-04-24,32495500,15905,3,0,0,0,0,0,0,0,0,15930,2,0,0,0,0,0,0,0,0
149,2017-04-24,09:01:37,0,pb1705,XSGE,15905,15740,16025,5612,445823800,22420,22682,17230,14975,16105,16045,0,15975,0,0,0,2017-04-24,32497000,15905,3,0,0,0,0,0,0,0,0,15930,2,0,0,0,0,0,0,0,0
150,2017-04-24,09:01:38,500,pb1705,XSGE,15905,15740,16025,5612,445823800,22420,22682,17230,14975,16105,16045,0,15975,0,0,0,2017-04-24,32498500,15905,3,0,0,0,0,0,0,0,0,15930,2,0,0,0,0,0,0,0,0
151,2017-04-24,09:01:39,0,pb1705,XSGE,15905,15740,16025,5612,445823800,22420,22682,17230,14975,16105,16045,0,15975,0,0,0,2017-04-24,32499000,15905,3,0,0,0,0,0,0,0,0,15930,3,0,0,0,0,0,0,0,0
152,2017-04-24,09:01:39,500,pb1705,XSGE,15905,15740,16025,5612,445823800,22420,22682,17230,14975,16105,16045,0,15975,0,0,0,2017-04-24,32499500,15905,3,0,0,0,0,0,0,0,0,15930,3,0,0,0,0,0,0,0,0
153,2017-04-24,09:01:40,0,pb1705,XSGE,15905,15740,16025,5612,445823800,22420,22682,17230,14975,16105,16045,0,15975,0,0,0,2017-04-24,32500000,15905,3,0,0,0,0,0,0,0,0,15930,3,0,0,0,0,0,0,0,0
154,2017-04-24,09:01:40,500,pb1705,XSGE,15905,15740,16025,5612,445823800,22420,22682,17230,14975,16105,16045,0,15975,0,0,0,2017-04-24,32500500,15905,2,0,0,0,0,0,0,0,0,15925,1,0,0,0,0,0,0,0,0
155,2017-04-24,09:01:41,0,pb1705,XSGE,15905,15740,16025,5612,445823800,22420,22682,17230,14975,16105,16045,0,15975,0,0,0,2017-04-24,32501000,15905,2,0,0,0,0,0,0,0,0,15915,1,0,0,0,0,0,0,0,0
156,2017-04-24,09:01:42,0,pb1705,XSGE,15905,15740,16025,5612,445823800,22420,22682,17230,14975,16105,16045,0,15975,0,0,0,2017-04-24,32502000,15905,2,0,0,0,0,0,0,0,0,15915,1,0,0,0,0,0,0,0,0
157,2017-04-24,09:01:42,500,pb1705,XSGE,15905,15740,16025,5612,445823800,22420,22682,17230,14975,16105,16045,0,15975,0,0,0,2017-04-24,32502500,15905,1,0,0,0,0,0,0,0,0,15915,2,0,0,0,0,0,0,0,0
158,2017-04-24,09:01:43,500,pb1705,XSGE,15905,15740,16025,5612,445823800,22420,22682,17230,14975,16105,16045,0,15975,0,0,0,2017-04-24,32503500,15905,2,0,0,0,0,0,0,0,0,15915,1,0,0,0,0,0,0,0,0
159,2017-04-24,09:01:44,0,pb1705,XSGE,15905,15740,16025,5612,445823800,22420,22682,17230,14975,16105,16045,0,15975,0,0,0,2017-04-24,32504000,15905,3,0,0,0,0,0,0,0,0,15915,1,0,0,0,0,0,0,0,0
160,2017-04-24,09:01:44,500,pb1705,XSGE,15905,15740,16025,5612,445823800,22420,22682,17230,14975,16105,16045,0,15975,0,0,0,2017-04-24,32504500,15905,3,0,0,0,0,0,0,0,0,15915,1,0,0,0,0,0,0,0,0
161,2017-04-24,09:01:45,0,pb1705,XSGE,15905,15740,16025,5612,445823800,22420,22682,17230,14975,16105,16045,0,15975,0,0,0,2017-04-24,32505000,15905,2,0,0,0,0,0,0,0,0,15915,2,0,0,0,0,0,0,0,0
162,2017-04-24,09:01:48,500,pb1705,XSGE,15905,15740,16025,5612,445823800,22420,22682,17230,14975,16105,16045,0,15975,0,0,0,2017-04-24,32508500,15905,3,0,0,0,0,0,0,0,0,15915,2,0,0,0,0,0,0,0,0
163,2017-04-24,09:01:49,0,pb1705,XSGE,15905,15740,16025,5612,445823800,22420,22682,17230,14975,16105,16045,0,15975,0,0,0,2017-04-24,32509000,15905,3,0,0,0,0,0,0,0,0,15915,2,0,0,0,0,0,0,0,0
164,2017-04-24,09:01:51,0,pb1705,XSGE,15905,15740,16025,5612,445823800,22420,22682,17230,14975,16105,16045,0,15975,0,0,0,2017-04-24,32511000,15905,1,0,0,0,0,0,0,0,0,15915,2,0,0,0,0,0,0,0,0
165,2017-04-24,09:01:51,500,pb1705,XSGE,15905,15740,16025,5612,445823800,22420,22682,17230,14975,16105,16045,0,15975,0,0,0,2017-04-24,32511500,15905,2,0,0,0,0,0,0,0,0,15915,2,0,0,0,0,0,0,0,0
166,2017-04-24,09:01:52,0,pb1705,XSGE,15905,15740,16025,5612,445823800,22420,22682,17230,14975,16105,16045,0,15975,0,0,0,2017-04-24,32512000,15905,2,0,0,0,0,0,0,0,0,15915,1,0,0,0,0,0,0,0,0
167,2017-04-24,09:01:52,500,pb1705,XSGE,15915,15740,16025,5614,445982950,22422,22682,17230,14975,16105,16045,0,15975,0,0,0,2017-04-24,32512500,15905,2,0,0,0,0,0,0,0,0,15925,1,0,0,0,0,0,0,0,0
168,2017-04-24,09:01:53,0,pb1705,XSGE,15915,15740,16025,5614,445982950,22422,22682,17230,14975,16105,16045,0,15975,0,0,0,2017-04-24,32513000,15905,2,0,0,0,0,0,0,0,0,15920,1,0,0,0,0,0,0,0,0
169,2017-04-24,09:01:53,500,pb1705,XSGE,15915,15740,16025,5614,445982950,22422,22682,17230,14975,16105,16045,0,15975,0,0,0,2017-04-24,32513500,15905,2,0,0,0,0,0,0,0,0,15920,2,0,0,0,0,0,0,0,0
170,2017-04-24,09:01:54,0,pb1705,XSGE,15915,15740,16025,5614,445982950,22422,22682,17230,14975,16105,16045,0,15975,0,0,0,2017-04-24,32514000,15910,1,0,0,0,0,0,0,0,0,15920,1,0,0,0,0,0,0,0,0
171,2017-04-24,09:01:54,500,pb1705,XSGE,15915,15740,16025,5614,445982950,22422,22682,17230,14975,16105,16045,0,15975,0,0,0,2017-04-24,32514500,15910,1,0,0,0,0,0,0,0,0,15920,1,0,0,0,0,0,0,0,0
172,2017-04-24,09:01:55,0,pb1705,XSGE,15915,15740,16025,5614,445982950,22422,22682,17230,14975,16105,16045,0,15975,0,0,0,2017-04-24,32515000,15915,1,0,0,0,0,0,0,0,0,15920,1,0,0,0,0,0,0,0,0
173,2017-04-24,09:01:55,500,pb1705,XSGE,15915,15740,16025,5614,445982950,22422,22682,17230,14975,16105,16045,0,15975,0,0,0,2017-04-24,32515500,15915,1,0,0,0,0,0,0,0,0,15925,1,0,0,0,0,0,0,0,0
174,2017-04-24,09:01:56,500,pb1705,XSGE,15915,15740,16025,5616,446142100,22424,22682,17230,14975,16105,16045,0,15975,0,0,0,2017-04-24,32516500,15910,1,0,0,0,0,0,0,0,0,15925,1,0,0,0,0,0,0,0,0
175,2017-04-24,09:01:57,0,pb1705,XSGE,15915,15740,16025,5616,446142100,22424,22682,17230,14975,16105,16045,0,15975,0,0,0,2017-04-24,32517000,15910,2,0,0,0,0,0,0,0,0,15925,2,0,0,0,0,0,0,0,0
176,2017-04-24,09:01:59,0,pb1705,XSGE,15915,15740,16025,5616,446142100,22424,22682,17230,14975,16105,16045,0,15975,0,0,0,2017-04-24,32519000,15915,1,0,0,0,0,0,0,0,0,15925,2,0,0,0,0,0,0,0,0
177,2017-04-24,09:02:01,500,pb1705,XSGE,15915,15740,16025,5616,446142100,22424,22682,17230,14975,16105,16045,0,15975,0,0,0,2017-04-24,32521500,15915,1,0,0,0,0,0,0,0,0,15925,2,0,0,0,0,0,0,0,0
178,2017-04-24,09:02:09,500,pb1705,XSGE,15915,15740,16025,5618,446301250,22426,22682,17230,14975,16105,16045,0,15975,0,0,0,2017-04-24,32529500,15910,1,0,0,0,0,0,0,0,0,15925,2,0,0,0,0,0,0,0,0
179,2017-04-24,09:02:10,0,pb1705,XSGE,15915,15740,16025,5618,446301250,22426,22682,17230,14975,16105,16045,0,15975,0,0,0,2017-04-24,32530000,15910,1,0,0,0,0,0,0,0,0,15925,2,0,0,0,0,0,0,0,0
180,2017-04-24,09:02:11,500,pb1705,XSGE,15915,15740,16025,5618,446301250,22426,22682,17230,14975,16105,16045,0,15975,0,0,0,2017-04-24,32531500,15910,1,0,0,0,0,0,0,0,0,15925,2,0,0,0,0,0,0,0,0
181,2017-04-24,09:02:12,0,pb1705,XSGE,15915,15740,16025,5618,446301250,22426,22682,17230,14975,16105,16045,0,15975,0,0,0,2017-04-24,32532000,15910,1,0,0,0,0,0,0,0,0,15925,2,0,0,0,0,0,0,0,0
182,2017-04-24,09:02:12,500,pb1705,XSGE,15915,15740,16025,5618,446301250,22426,22682,17230,14975,16105,16045,0,15975,0,0,0,2017-04-24,32532500,15910,1,0,0,0,0,0,0,0,0,15925,2,0,0,0,0,0,0,0,0
183,2017-04-24,09:02:13,0,pb1705,XSGE,15915,15740,16025,5618,446301250,22426,22682,17230,14975,16105,16045,0,15975,0,0,0,2017-04-24,32533000,15910,1,0,0,0,0,0,0,0,0,15925,2,0,0,0,0,0,0,0,0
184,2017-04-24,09:02:15,0,pb1705,XSGE,15915,15740,16025,5618,446301250,22426,22682,17230,14975,16105,16045,0,15975,0,0,0,2017-04-24,32535000,15910,1,0,0,0,0,0,0,0,0,15925,3,0,0,0,0,0,0,0,0
185,2017-04-24,09:02:15,500,pb1705,XSGE,15910,15740,16025,5620,446460350,22426,22682,17230,14975,16105,16045,0,15975,0,0,0,2017-04-24,32535500,15905,1,0,0,0,0,0,0,0,0,15925,3,0,0,0,0,0,0,0,0
186,2017-04-24,09:02:16,0,pb1705,XSGE,15910,15740,16025,5620,446460350,22426,22682,17230,14975,16105,16045,0,15975,0,0,0,2017-04-24,32536000,15905,1,0,0,0,0,0,0,0,0,15925,3,0,0,0,0,0,0,0,0
187,2017-04-24,09:02:16,500,pb1705,XSGE,15910,15740,16025,5620,446460350,22426,22682,17230,14975,16105,16045,0,15975,0,0,0,2017-04-24,32536500,15905,1,0,0,0,0,0,0,0,0,15925,3,0,0,0,0,0,0,0,0
188,2017-04-24,09:02:17,0,pb1705,XSGE,15910,15740,16025,5620,446460350,22426,22682,17230,14975,16105,16045,0,15975,0,0,0,2017-04-24,32537000,15905,1,0,0,0,0,0,0,0,0,15925,3,0,0,0,0,0,0,0,0
189,2017-04-24,09:02:18,0,pb1705,XSGE,15910,15740,16025,5620,446460350,22426,22682,17230,14975,16105,16045,0,15975,0,0,0,2017-04-24,32538000,15905,2,0,0,0,0,0,0,0,0,15925,3,0,0,0,0,0,0,0,0
190,2017-04-24,09:02:22,500,pb1705,XSGE,15910,15740,16025,5620,446460350,22426,22682,17230,14975,16105,16045,0,15975,0,0,0,2017-04-24,32542500,15905,2,0,0,0,0,0,0,0,0,15925,3,0,0,0,0,0,0,0,0
191,2017-04-24,09:02:24,0,pb1705,XSGE,15910,15740,16025,5620,446460350,22426,22682,17230,14975,16105,16045,0,15975,0,0,0,2017-04-24,32544000,15905,2,0,0,0,0,0,0,0,0,15920,1,0,0,0,0,0,0,0,0
192,2017-04-24,09:02:24,500,pb1705,XSGE,15910,15740,16025,5620,446460350,22426,22682,17230,14975,16105,16045,0,15975,0,0,0,2017-04-24,32544500,15905,2,0,0,0,0,0,0,0,0,15920,3,0,0,0,0,0,0,0,0
193,2017-04-24,09:02:25,0,pb1705,XSGE,15910,15740,16025,5620,446460350,22426,22682,17230,14975,16105,16045,0,15975,0,0,0,2017-04-24,32545000,15905,2,0,0,0,0,0,0,0,0,15920,3,0,0,0,0,0,0,0,0
194,2017-04-24,09:02:25,500,pb1705,XSGE,15910,15740,16025,5620,446460350,22426,22682,17230,14975,16105,16045,0,15975,0,0,0,2017-04-24,32545500,15905,2,0,0,0,0,0,0,0,0,15915,1,0,0,0,0,0,0,0,0
195,2017-04-24,09:02:26,0,pb1705,XSGE,15910,15740,16025,5620,446460350,22426,22682,17230,14975,16105,16045,0,15975,0,0,0,2017-04-24,32546000,15905,2,0,0,0,0,0,0,0,0,15910,1,0,0,0,0,0,0,0,0
196,2017-04-24,09:02:26,500,pb1705,XSGE,15905,15740,16025,5624,446778450,22428,22682,17230,14975,16105,16045,0,15975,0,0,0,2017-04-24,32546500,15900,1,0,0,0,0,0,0,0,0,15905,2,0,0,0,0,0,0,0,0
197,2017-04-24,09:02:27,0,pb1705,XSGE,15905,15740,16025,5624,446778450,22428,22682,17230,14975,16105,16045,0,15975,0,0,0,2017-04-24,32547000,15865,12,0,0,0,0,0,0,0,0,15900,1,0,0,0,0,0,0,0,0
198,2017-04-24,09:02:27,500,pb1705,XSGE,15905,15740,16025,5624,446778450,22428,22682,17230,14975,16105,16045,0,15975,0,0,0,2017-04-24,32547500,15890,1,0,0,0,0,0,0,0,0,15900,2,0,0,0,0,0,0,0,0
199,2017-04-24,09:02:28,0,pb1705,XSGE,15905,15740,16025,5624,446778450,22428,22682,17230,14975,16105,16045,0,15975,0,0,0,2017-04-24,32548000,15890,3,0,0,0,0,0,0,0,0,15900,2,0,0,0,0,0,0,0,0
200,2017-04-24,09:02:29,500,pb1705,XSGE,15905,15740,16025,5624,446778450,22428,22682,17230,14975,16105,16045,0,15975,0,0,0,2017-04-24,32549500,15890,1,0,0,0,0,0,0,0,0,15900,2,0,0,0,0,0,0,0,0
201,2017-04-24,09:02:32,500,pb1705,XSGE,15905,15740,16025,5624,446778450,22428,22682,17230,14975,16105,16045,0,15975,0,0,0,2017-04-24,32552500,15880,3,0,0,0,0,0,0,0,0,15900,2,0,0,0,0,0,0,0,0
202,2017-04-24,09:02:33,0,pb1705,XSGE,15905,15740,16025,5624,446778450,22428,22682,17230,14975,16105,16045,0,15975,0,0,0,2017-04-24,32553000,15880,1,0,0,0,0,0,0,0,0,15895,1,0,0,0,0,0,0,0,0
203,2017-04-24,09:02:33,500,pb1705,XSGE,15905,15740,16025,5624,446778450,22428,22682,17230,14975,16105,16045,0,15975,0,0,0,2017-04-24,32553500,15840,26,0,0,0,0,0,0,0,0,15890,1,0,0,0,0,0,0,0,0
204,2017-04-24,09:02:34,0,pb1705,XSGE,15905,15740,16025,5624,446778450,22428,22682,17230,14975,16105,16045,0,15975,0,0,0,2017-04-24,32554000,15855,2,0,0,0,0,0,0,0,0,15880,1,0,0,0,0,0,0,0,0
205,2017-04-24,09:02:34,500,pb1705,XSGE,15905,15740,16025,5624,446778450,22428,22682,17230,14975,16105,16045,0,15975,0,0,0,2017-04-24,32554500,15860,2,0,0,0,0,0,0,0,0,15880,1,0,0,0,0,0,0,0,0
206,2017-04-24,09:02:35,0,pb1705,XSGE,15905,15740,16025,5624,446778450,22428,22682,17230,14975,16105,16045,0,15975,0,0,0,2017-04-24,32555000,15860,2,0,0,0,0,0,0,0,0,15880,2,0,0,0,0,0,0,0,0
207,2017-04-24,09:02:35,500,pb1705,XSGE,15905,15740,16025,5624,446778450,22428,22682,17230,14975,16105,16045,0,15975,0,0,0,2017-04-24,32555500,15870,1,0,0,0,0,0,0,0,0,15880,1,0,0,0,0,0,0,0,0
208,2017-04-24,09:02:36,0,pb1705,XSGE,15905,15740,16025,5624,446778450,22428,22682,17230,14975,16105,16045,0,15975,0,0,0,2017-04-24,32556000,15860,3,0,0,0,0,0,0,0,0,15880,2,0,0,0,0,0,0,0,0
209,2017-04-24,09:02:36,500,pb1705,XSGE,15905,15740,16025,5624,446778450,22428,22682,17230,14975,16105,16045,0,15975,0,0,0,2017-04-24,32556500,15860,3,0,0,0,0,0,0,0,0,15880,2,0,0,0,0,0,0,0,0
210,2017-04-24,09:02:38,0,pb1705,XSGE,15905,15740,16025,5624,446778450,22428,22682,17230,14975,16105,16045,0,15975,0,0,0,2017-04-24,32558000,15860,3,0,0,0,0,0,0,0,0,15880,2,0,0,0,0,0,0,0,0
211,2017-04-24,09:02:38,500,pb1705,XSGE,15905,15740,16025,5624,446778450,22428,22682,17230,14975,16105,16045,0,15975,0,0,0,2017-04-24,32558500,15870,1,0,0,0,0,0,0,0,0,15880,2,0,0,0,0,0,0,0,0
212,2017-04-24,09:02:39,0,pb1705,XSGE,15905,15740,16025,5624,446778450,22428,22682,17230,14975,16105,16045,0,15975,0,0,0,2017-04-24,32559000,15860,3,0,0,0,0,0,0,0,0,15880,3,0,0,0,0,0,0,0,0
213,2017-04-24,09:02:40,0,pb1705,XSGE,15905,15740,16025,5624,446778450,22428,22682,17230,14975,16105,16045,0,15975,0,0,0,2017-04-24,32560000,15870,1,0,0,0,0,0,0,0,0,15880,2,0,0,0,0,0,0,0,0
214,2017-04-24,09:02:40,500,pb1705,XSGE,15905,15740,16025,5624,446778450,22428,22682,17230,14975,16105,16045,0,15975,0,0,0,2017-04-24,32560500,15860,3,0,0,0,0,0,0,0,0,15880,3,0,0,0,0,0,0,0,0
215,2017-04-24,09:02:42,0,pb1705,XSGE,15860,15740,16025,5626,446937050,22428,22682,17230,14975,16105,16045,0,15975,0,0,0,2017-04-24,32562000,15860,2,0,0,0,0,0,0,0,0,15880,2,0,0,0,0,0,0,0,0
216,2017-04-24,09:02:42,500,pb1705,XSGE,15860,15740,16025,5626,446937050,22428,22682,17230,14975,16105,16045,0,15975,0,0,0,2017-04-24,32562500,15860,2,0,0,0,0,0,0,0,0,15880,2,0,0,0,0,0,0,0,0
217,2017-04-24,09:02:43,0,pb1705,XSGE,15860,15740,16025,5626,446937050,22428,22682,17230,14975,16105,16045,0,15975,0,0,0,2017-04-24,32563000,15860,2,0,0,0,0,0,0,0,0,15880,3,0,0,0,0,0,0,0,0
218,2017-04-24,09:02:43,500,pb1705,XSGE,15860,15740,16025,5626,446937050,22428,22682,17230,14975,16105,16045,0,15975,0,0,0,2017-04-24,32563500,15860,4,0,0,0,0,0,0,0,0,15880,3,0,0,0,0,0,0,0,0
219,2017-04-24,09:02:46,500,pb1705,XSGE,15860,15740,16025,5626,446937050,22428,22682,17230,14975,16105,16045,0,15975,0,0,0,2017-04-24,32566500,15860,4,0,0,0,0,0,0,0,0,15880,2,0,0,0,0,0,0,0,0
220,2017-04-24,09:02:47,0,pb1705,XSGE,15860,15740,16025,5626,446937050,22428,22682,17230,14975,16105,16045,0,15975,0,0,0,2017-04-24,32567000,15870,1,0,0,0,0,0,0,0,0,15880,2,0,0,0,0,0,0,0,0
221,2017-04-24,09:02:47,500,pb1705,XSGE,15880,15740,16025,5628,447095850,22426,22682,17230,14975,16105,16045,0,15975,0,0,0,2017-04-24,32567500,15870,1,0,0,0,0,0,0,0,0,15880,1,0,0,0,0,0,0,0,0
222,2017-04-24,09:02:48,500,pb1705,XSGE,15880,15740,16025,5628,447095850,22426,22682,17230,14975,16105,16045,0,15975,0,0,0,2017-04-24,32568500,15875,1,0,0,0,0,0,0,0,0,15880,1,0,0,0,0,0,0,0,0
223,2017-04-24,09:02:49,0,pb1705,XSGE,15880,15740,16025,5630,447254650,22428,22682,17230,14975,16105,16045,0,15975,0,0,0,2017-04-24,32569000,15875,1,0,0,0,0,0,0,0,0,15885,1,0,0,0,0,0,0,0,0
224,2017-04-24,09:02:49,500,pb1705,XSGE,15880,15740,16025,5630,447254650,22428,22682,17230,14975,16105,16045,0,15975,0,0,0,2017-04-24,32569500,15870,2,0,0,0,0,0,0,0,0,15885,1,0,0,0,0,0,0,0,0
225,2017-04-24,09:02:51,500,pb1705,XSGE,15880,15740,16025,5630,447254650,22428,22682,17230,14975,16105,16045,0,15975,0,0,0,2017-04-24,32571500,15880,1,0,0,0,0,0,0,0,0,15900,2,0,0,0,0,0,0,0,0
226,2017-04-24,09:02:52,0,pb1705,XSGE,15880,15740,16025,5630,447254650,22428,22682,17230,14975,16105,16045,0,15975,0,0,0,2017-04-24,32572000,15880,1,0,0,0,0,0,0,0,0,15895,1,0,0,0,0,0,0,0,0
227,2017-04-24,09:02:52,500,pb1705,XSGE,15880,15740,16025,5630,447254650,22428,22682,17230,14975,16105,16045,0,15975,0,0,0,2017-04-24,32572500,15880,1,0,0,0,0,0,0,0,0,15895,2,0,0,0,0,0,0,0,0
228,2017-04-24,09:02:53,0,pb1705,XSGE,15880,15740,16025,5630,447254650,22428,22682,17230,14975,16105,16045,0,15975,0,0,0,2017-04-24,32573000,15880,1,0,0,0,0,0,0,0,0,15895,2,0,0,0,0,0,0,0,0
229,2017-04-24,09:02:53,500,pb1705,XSGE,15880,15740,16025,5630,447254650,22428,22682,17230,14975,16105,16045,0,15975,0,0,0,2017-04-24,32573500,15880,1,0,0,0,0,0,0,0,0,15895,2,0,0,0,0,0,0,0,0
230,2017-04-24,09:02:54,0,pb1705,XSGE,15880,15740,16025,5630,447254650,22428,22682,17230,14975,16105,16045,0,15975,0,0,0,2017-04-24,32574000,15880,1,0,0,0,0,0,0,0,0,15895,2,0,0,0,0,0,0,0,0
231,2017-04-24,09:02:56,500,pb1705,XSGE,15880,15740,16025,5630,447254650,22428,22682,17230,14975,16105,16045,0,15975,0,0,0,2017-04-24,32576500,15880,1,0,0,0,0,0,0,0,0,15895,1,0,0,0,0,0,0,0,0
232,2017-04-24,09:02:58,0,pb1705,XSGE,15880,15740,16025,5630,447254650,22428,22682,17230,14975,16105,16045,0,15975,0,0,0,2017-04-24,32578000,15880,1,0,0,0,0,0,0,0,0,15895,2,0,0,0,0,0,0,0,0
233,2017-04-24,09:02:58,500,pb1705,XSGE,15880,15740,16025,5630,447254650,22428,22682,17230,14975,16105,16045,0,15975,0,0,0,2017-04-24,32578500,15880,1,0,0,0,0,0,0,0,0,15895,2,0,0,0,0,0,0,0,0
234,2017-04-24,09:02:59,0,pb1705,XSGE,15880,15740,16025,5630,447254650,22428,22682,17230,14975,16105,16045,0,15975,0,0,0,2017-04-24,32579000,15880,1,0,0,0,0,0,0,0,0,15895,1,0,0,0,0,0,0,0,0
235,2017-04-24,09:02:59,500,pb1705,XSGE,15880,15740,16025,5630,447254650,22428,22682,17230,14975,16105,16045,0,15975,0,0,0,2017-04-24,32579500,15880,1,0,0,0,0,0,0,0,0,15895,1,0,0,0,0,0,0,0,0
236,2017-04-24,09:03:00,0,pb1705,XSGE,15880,15740,16025,5630,447254650,22428,22682,17230,14975,16105,16045,0,15975,0,0,0,2017-04-24,32580000,15880,5,0,0,0,0,0,0,0,0,15895,1,0,0,0,0,0,0,0,0
237,2017-04-24,09:03:00,500,pb1705,XSGE,15895,15740,16025,5632,447413600,22428,22682,17230,14975,16105,16045,0,15975,0,0,0,2017-04-24,32580500,15895,1,0,0,0,0,0,0,0,0,15900,2,0,0,0,0,0,0,0,0
238,2017-04-24,09:03:01,0,pb1705,XSGE,15895,15740,16025,5632,447413600,22428,22682,17230,14975,16105,16045,0,15975,0,0,0,2017-04-24,32581000,15890,1,0,0,0,0,0,0,0,0,15900,2,0,0,0,0,0,0,0,0
239,2017-04-24,09:03:01,500,pb1705,XSGE,15895,15740,16025,5632,447413600,22428,22682,17230,14975,16105,16045,0,15975,0,0,0,2017-04-24,32581500,15890,1,0,0,0,0,0,0,0,0,15900,2,0,0,0,0,0,0,0,0
240,2017-04-24,09:03:02,0,pb1705,XSGE,15895,15740,16025,5632,447413600,22428,22682,17230,14975,16105,16045,0,15975,0,0,0,2017-04-24,32582000,15890,3,0,0,0,0,0,0,0,0,15900,2,0,0,0,0,0,0,0,0
241,2017-04-24,09:03:02,500,pb1705,XSGE,15895,15740,16025,5632,447413600,22428,22682,17230,14975,16105,16045,0,15975,0,0,0,2017-04-24,32582500,15890,1,0,0,0,0,0,0,0,0,15900,2,0,0,0,0,0,0,0,0
242,2017-04-24,09:03:03,0,pb1705,XSGE,15895,15740,16025,5632,447413600,22428,22682,17230,14975,16105,16045,0,15975,0,0,0,2017-04-24,32583000,15890,3,0,0,0,0,0,0,0,0,15900,2,0,0,0,0,0,0,0,0
243,2017-04-24,09:03:05,500,pb1705,XSGE,15900,15740,16025,5634,447572600,22428,22682,17230,14975,16105,16045,0,15975,0,0,0,2017-04-24,32585500,15895,1,0,0,0,0,0,0,0,0,15920,1,0,0,0,0,0,0,0,0
244,2017-04-24,09:03:06,0,pb1705,XSGE,15900,15740,16025,5634,447572600,22428,22682,17230,14975,16105,16045,0,15975,0,0,0,2017-04-24,32586000,15895,1,0,0,0,0,0,0,0,0,15915,1,0,0,0,0,0,0,0,0
245,2017-04-24,09:03:10,0,pb1705,XSGE,15900,15740,16025,5634,447572600,22428,22682,17230,14975,16105,16045,0,15975,0,0,0,2017-04-24,32590000,15895,1,0,0,0,0,0,0,0,0,15910,1,0,0,0,0,0,0,0,0
246,2017-04-24,09:03:10,500,pb1705,XSGE,15900,15740,16025,5634,447572600,22428,22682,17230,14975,16105,16045,0,15975,0,0,0,2017-04-24,32590500,15890,3,0,0,0,0,0,0,0,0,15910,1,0,0,0,0,0,0,0,0
247,2017-04-24,09:03:11,0,pb1705,XSGE,15900,15740,16025,5634,447572600,22428,22682,17230,14975,16105,16045,0,15975,0,0,0,2017-04-24,32591000,15890,1,0,0,0,0,0,0,0,0,15905,1,0,0,0,0,0,0,0,0
248,2017-04-24,09:03:11,500,pb1705,XSGE,15900,15740,16025,5634,447572600,22428,22682,17230,14975,16105,16045,0,15975,0,0,0,2017-04-24,32591500,15885,1,0,0,0,0,0,0,0,0,15905,1,0,0,0,0,0,0,0,0
249,2017-04-24,09:03:12,0,pb1705,XSGE,15900,15740,16025,5634,447572600,22428,22682,17230,14975,16105,16045,0,15975,0,0,0,2017-04-24,32592000,15885,3,0,0,0,0,0,0,0,0,15905,1,0,0,0,0,0,0,0,0
250,2017-04-24,09:03:13,0,pb1705,XSGE,15900,15740,16025,5634,447572600,22428,22682,17230,14975,16105,16045,0,15975,0,0,0,2017-04-24,32593000,15885,1,0,0,0,0,0,0,0,0,15900,1,0,0,0,0,0,0,0,0
251,2017-04-24,09:03:13,500,pb1705,XSGE,15900,15740,16025,5634,447572600,22428,22682,17230,14975,16105,16045,0,15975,0,0,0,2017-04-24,32593500,15880,3,0,0,0,0,0,0,0,0,15900,1,0,0,0,0,0,0,0,0
252,2017-04-24,09:03:14,0,pb1705,XSGE,15900,15740,16025,5634,447572600,22428,22682,17230,14975,16105,16045,0,15975,0,0,0,2017-04-24,32594000,15880,1,0,0,0,0,0,0,0,0,15895,1,0,0,0,0,0,0,0,0
253,2017-04-24,09:03:19,500,pb1705,XSGE,15900,15740,16025,5634,447572600,22428,22682,17230,14975,16105,16045,0,15975,0,0,0,2017-04-24,32599500,15880,1,0,0,0,0,0,0,0,0,15890,1,0,0,0,0,0,0,0,0
254,2017-04-24,09:03:20,0,pb1705,XSGE,15900,15740,16025,5634,447572600,22428,22682,17230,14975,16105,16045,0,15975,0,0,0,2017-04-24,32600000,15880,1,0,0,0,0,0,0,0,0,15895,2,0,0,0,0,0,0,0,0
255,2017-04-24,09:03:21,0,pb1705,XSGE,15900,15740,16025,5634,447572600,22428,22682,17230,14975,16105,16045,0,15975,0,0,0,2017-04-24,32601000,15880,1,0,0,0,0,0,0,0,0,15890,1,0,0,0,0,0,0,0,0
256,2017-04-24,09:03:22,0,pb1705,XSGE,15900,15740,16025,5634,447572600,22428,22682,17230,14975,16105,16045,0,15975,0,0,0,2017-04-24,32602000,15880,1,0,0,0,0,0,0,0,0,15895,2,0,0,0,0,0,0,0,0
257,2017-04-24,09:03:22,500,pb1705,XSGE,15900,15740,16025,5634,447572600,22428,22682,17230,14975,16105,16045,0,15975,0,0,0,2017-04-24,32602500,15880,1,0,0,0,0,0,0,0,0,15895,2,0,0,0,0,0,0,0,0
258,2017-04-24,09:03:23,0,pb1705,XSGE,15900,15740,16025,5634,447572600,22428,22682,17230,14975,16105,16045,0,15975,0,0,0,2017-04-24,32603000,15880,1,0,0,0,0,0,0,0,0,15895,1,0,0,0,0,0,0,0,0
259,2017-04-24,09:03:24,0,pb1705,XSGE,15900,15740,16025,5634,447572600,22428,22682,17230,14975,16105,16045,0,15975,0,0,0,2017-04-24,32604000,15880,1,0,0,0,0,0,0,0,0,15895,1,0,0,0,0,0,0,0,0
260,2017-04-24,09:03:24,500,pb1705,XSGE,15900,15740,16025,5634,447572600,22428,22682,17230,14975,16105,16045,0,15975,0,0,0,2017-04-24,32604500,15880,3,0,0,0,0,0,0,0,0,15895,1,0,0,0,0,0,0,0,0
261,2017-04-24,09:03:26,0,pb1705,XSGE,15900,15740,16025,5634,447572600,22428,22682,17230,14975,16105,16045,0,15975,0,0,0,2017-04-24,32606000,15880,3,0,0,0,0,0,0,0,0,15895,1,0,0,0,0,0,0,0,0
262,2017-04-24,09:03:31,500,pb1705,XSGE,15900,15740,16025,5634,447572600,22428,22682,17230,14975,16105,16045,0,15975,0,0,0,2017-04-24,32611500,15880,1,0,0,0,0,0,0,0,0,15895,2,0,0,0,0,0,0,0,0
263,2017-04-24,09:03:32,0,pb1705,XSGE,15900,15740,16025,5634,447572600,22428,22682,17230,14975,16105,16045,0,15975,0,0,0,2017-04-24,32612000,15880,1,0,0,0,0,0,0,0,0,15895,2,0,0,0,0,0,0,0,0
264,2017-04-24,09:03:32,500,pb1705,XSGE,15900,15740,16025,5634,447572600,22428,22682,17230,14975,16105,16045,0,15975,0,0,0,2017-04-24,32612500,15880,3,0,0,0,0,0,0,0,0,15895,1,0,0,0,0,0,0,0,0
265,2017-04-24,09:03:33,500,pb1705,XSGE,15900,15740,16025,5634,447572600,22428,22682,17230,14975,16105,16045,0,15975,0,0,0,2017-04-24,32613500,15880,1,0,0,0,0,0,0,0,0,15895,2,0,0,0,0,0,0,0,0
266,2017-04-24,09:03:38,500,pb1705,XSGE,15900,15740,16025,5634,447572600,22428,22682,17230,14975,16105,16045,0,15975,0,0,0,2017-04-24,32618500,15880,1,0,0,0,0,0,0,0,0,15895,1,0,0,0,0,0,0,0,0
267,2017-04-24,09:03:42,500,pb1705,XSGE,15900,15740,16025,5634,447572600,22428,22682,17230,14975,16105,16045,0,15975,0,0,0,2017-04-24,32622500,15880,3,0,0,0,0,0,0,0,0,15895,1,0,0,0,0,0,0,0,0
268,2017-04-24,09:03:43,0,pb1705,XSGE,15900,15740,16025,5634,447572600,22428,22682,17230,14975,16105,16045,0,15975,0,0,0,2017-04-24,32623000,15880,1,0,0,0,0,0,0,0,0,15895,1,0,0,0,0,0,0,0,0
269,2017-04-24,09:03:45,500,pb1705,XSGE,15900,15740,16025,5634,447572600,22428,22682,17230,14975,16105,16045,0,15975,0,0,0,2017-04-24,32625500,15880,1,0,0,0,0,0,0,0,0,15895,2,0,0,0,0,0,0,0,0
270,2017-04-24,09:03:47,0,pb1705,XSGE,15900,15740,16025,5634,447572600,22428,22682,17230,14975,16105,16045,0,15975,0,0,0,2017-04-24,32627000,15880,1,0,0,0,0,0,0,0,0,15895,2,0,0,0,0,0,0,0,0
271,2017-04-24,09:03:47,500,pb1705,XSGE,15880,15740,16025,5636,447731400,22428,22682,17230,14975,16105,16045,0,15975,0,0,0,2017-04-24,32627500,15875,1,0,0,0,0,0,0,0,0,15890,1,0,0,0,0,0,0,0,0
272,2017-04-24,09:03:48,0,pb1705,XSGE,15880,15740,16025,5636,447731400,22428,22682,17230,14975,16105,16045,0,15975,0,0,0,2017-04-24,32628000,15875,1,0,0,0,0,0,0,0,0,15890,1,0,0,0,0,0,0,0,0
273,2017-04-24,09:03:48,500,pb1705,XSGE,15880,15740,16025,5636,447731400,22428,22682,17230,14975,16105,16045,0,15975,0,0,0,2017-04-24,32628500,15855,1,0,0,0,0,0,0,0,0,15890,1,0,0,0,0,0,0,0,0
274,2017-04-24,09:03:49,0,pb1705,XSGE,15880,15740,16025,5636,447731400,22428,22682,17230,14975,16105,16045,0,15975,0,0,0,2017-04-24,32629000,15875,1,0,0,0,0,0,0,0,0,15890,1,0,0,0,0,0,0,0,0
275,2017-04-24,09:03:49,500,pb1705,XSGE,15875,15740,16025,5638,447890150,22428,22682,17230,14975,16105,16045,0,15975,0,0,0,2017-04-24,32629500,15865,1,0,0,0,0,0,0,0,0,15885,1,0,0,0,0,0,0,0,0
276,2017-04-24,09:03:50,0,pb1705,XSGE,15875,15740,16025,5638,447890150,22428,22682,17230,14975,16105,16045,0,15975,0,0,0,2017-04-24,32630000,15865,3,0,0,0,0,0,0,0,0,15885,1,0,0,0,0,0,0,0,0
277,2017-04-24,09:03:51,0,pb1705,XSGE,15875,15740,16025,5638,447890150,22428,22682,17230,14975,16105,16045,0,15975,0,0,0,2017-04-24,32631000,15865,1,0,0,0,0,0,0,0,0,15880,1,0,0,0,0,0,0,0,0
278,2017-04-24,09:03:53,500,pb1705,XSGE,15875,15740,16025,5638,447890150,22428,22682,17230,14975,16105,16045,0,15975,0,0,0,2017-04-24,32633500,15845,2,0,0,0,0,0,0,0,0,15880,1,0,0,0,0,0,0,0,0
279,2017-04-24,09:03:54,0,pb1705,XSGE,15875,15740,16025,5638,447890150,22428,22682,17230,14975,16105,16045,0,15975,0,0,0,2017-04-24,32634000,15855,2,0,0,0,0,0,0,0,0,15880,1,0,0,0,0,0,0,0,0
280,2017-04-24,09:03:54,500,pb1705,XSGE,15875,15740,16025,5638,447890150,22428,22682,17230,14975,16105,16045,0,15975,0,0,0,2017-04-24,32634500,15855,2,0,0,0,0,0,0,0,0,15880,1,0,0,0,0,0,0,0,0
281,2017-04-24,09:03:55,500,pb1705,XSGE,15875,15740,16025,5638,447890150,22428,22682,17230,14975,16105,16045,0,15975,0,0,0,2017-04-24,32635500,15855,8,0,0,0,0,0,0,0,0,15885,2,0,0,0,0,0,0,0,0
282,2017-04-24,09:03:56,0,pb1705,XSGE,15875,15740,16025,5638,447890150,22428,22682,17230,14975,16105,16045,0,15975,0,0,0,2017-04-24,32636000,15855,3,0,0,0,0,0,0,0,0,15880,1,0,0,0,0,0,0,0,0
283,2017-04-24,09:03:56,500,pb1705,XSGE,15875,15740,16025,5638,447890150,22428,22682,17230,14975,16105,16045,0,15975,0,0,0,2017-04-24,32636500,15855,8,0,0,0,0,0,0,0,0,15885,2,0,0,0,0,0,0,0,0
284,2017-04-24,09:03:57,0,pb1705,XSGE,15875,15740,16025,5638,447890150,22428,22682,17230,14975,16105,16045,0,15975,0,0,0,2017-04-24,32637000,15870,1,0,0,0,0,0,0,0,0,15885,2,0,0,0,0,0,0,0,0
285,2017-04-24,09:03:57,500,pb1705,XSGE,15875,15740,16025,5638,447890150,22428,22682,17230,14975,16105,16045,0,15975,0,0,0,2017-04-24,32637500,15870,1,0,0,0,0,0,0,0,0,15885,2,0,0,0,0,0,0,0,0
286,2017-04-24,09:03:59,500,pb1705,XSGE,15875,15740,16025,5638,447890150,22428,22682,17230,14975,16105,16045,0,15975,0,0,0,2017-04-24,32639500,15870,1,0,0,0,0,0,0,0,0,15885,2,0,0,0,0,0,0,0,0
287,2017-04-24,09:04:00,500,pb1705,XSGE,15875,15740,16025,5638,447890150,22428,22682,17230,14975,16105,16045,0,15975,0,0,0,2017-04-24,32640500,15870,1,0,0,0,0,0,0,0,0,15885,2,0,0,0,0,0,0,0,0
288,2017-04-24,09:04:01,500,pb1705,XSGE,15875,15740,16025,5638,447890150,22428,22682,17230,14975,16105,16045,0,15975,0,0,0,2017-04-24,32641500,15860,1,0,0,0,0,0,0,0,0,15885,2,0,0,0,0,0,0,0,0
289,2017-04-24,09:04:02,0,pb1705,XSGE,15875,15740,16025,5638,447890150,22428,22682,17230,14975,16105,16045,0,15975,0,0,0,2017-04-24,32642000,15860,1,0,0,0,0,0,0,0,0,15885,2,0,0,0,0,0,0,0,0
290,2017-04-24,09:04:02,500,pb1705,XSGE,15875,15740,16025,5638,447890150,22428,22682,17230,14975,16105,16045,0,15975,0,0,0,2017-04-24,32642500,15860,1,0,0,0,0,0,0,0,0,15880,1,0,0,0,0,0,0,0,0
291,2017-04-24,09:04:03,0,pb1705,XSGE,15875,15740,16025,5638,447890150,22428,22682,17230,14975,16105,16045,0,15975,0,0,0,2017-04-24,32643000,15860,1,0,0,0,0,0,0,0,0,15880,1,0,0,0,0,0,0,0,0
292,2017-04-24,09:04:03,500,pb1705,XSGE,15875,15740,16025,5638,447890150,22428,22682,17230,14975,16105,16045,0,15975,0,0,0,2017-04-24,32643500,15860,1,0,0,0,0,0,0,0,0,15880,1,0,0,0,0,0,0,0,0
293,2017-04-24,09:04:04,0,pb1705,XSGE,15875,15740,16025,5638,447890150,22428,22682,17230,14975,16105,16045,0,15975,0,0,0,2017-04-24,32644000,15860,1,0,0,0,0,0,0,0,0,15880,1,0,0,0,0,0,0,0,0
294,2017-04-24,09:04:04,500,pb1705,XSGE,15875,15740,16025,5638,447890150,22428,22682,17230,14975,16105,16045,0,15975,0,0,0,2017-04-24,32644500,15860,1,0,0,0,0,0,0,0,0,15880,1,0,0,0,0,0,0,0,0
295,2017-04-24,09:04:05,0,pb1705,XSGE,15875,15740,16025,5638,447890150,22428,22682,17230,14975,16105,16045,0,15975,0,0,0,2017-04-24,32645000,15850,4,0,0,0,0,0,0,0,0,15870,1,0,0,0,0,0,0,0,0
296,2017-04-24,09:04:05,500,pb1705,XSGE,15875,15740,16025,5638,447890150,22428,22682,17230,14975,16105,16045,0,15975,0,0,0,2017-04-24,32645500,15845,1,0,0,0,0,0,0,0,0,15870,2,0,0,0,0,0,0,0,0
297,2017-04-24,09:04:06,0,pb1705,XSGE,15875,15740,16025,5638,447890150,22428,22682,17230,14975,16105,16045,0,15975,0,0,0,2017-04-24,32646000,15850,2,0,0,0,0,0,0,0,0,15870,2,0,0,0,0,0,0,0,0
298,2017-04-24,09:04:06,500,pb1705,XSGE,15875,15740,16025,5638,447890150,22428,22682,17230,14975,16105,16045,0,15975,0,0,0,2017-04-24,32646500,15845,1,0,0,0,0,0,0,0,0,15865,1,0,0,0,0,0,0,0,0
299,2017-04-24,09:04:07,0,pb1705,XSGE,15875,15740,16025,5638,447890150,22428,22682,17230,14975,16105,16045,0,15975,0,0,0,2017-04-24,32647000,15845,3,0,0,0,0,0,0,0,0,15865,1,0,0,0,0,0,0,0,0
300,2017-04-24,09:04:07,500,pb1705,XSGE,15875,15740,16025,5638,447890150,22428,22682,17230,14975,16105,16045,0,15975,0,0,0,2017-04-24,32647500,15845,5,0,0,0,0,0,0,0,0,15870,3,0,0,0,0,0,0,0,0
301,2017-04-24,09:04:08,0,pb1705,XSGE,15875,15740,16025,5638,447890150,22428,22682,17230,14975,16105,16045,0,15975,0,0,0,2017-04-24,32648000,15845,5,0,0,0,0,0,0,0,0,15870,3,0,0,0,0,0,0,0,0
302,2017-04-24,09:04:08,500,pb1705,XSGE,15875,15740,16025,5638,447890150,22428,22682,17230,14975,16105,16045,0,15975,0,0,0,2017-04-24,32648500,15845,6,0,0,0,0,0,0,0,0,15870,3,0,0,0,0,0,0,0,0
303,2017-04-24,09:04:09,0,pb1705,XSGE,15875,15740,16025,5638,447890150,22428,22682,17230,14975,16105,16045,0,15975,0,0,0,2017-04-24,32649000,15850,4,0,0,0,0,0,0,0,0,15870,1,0,0,0,0,0,0,0,0
304,2017-04-24,09:04:09,500,pb1705,XSGE,15875,15740,16025,5638,447890150,22428,22682,17230,14975,16105,16045,0,15975,0,0,0,2017-04-24,32649500,15850,4,0,0,0,0,0,0,0,0,15870,1,0,0,0,0,0,0,0,0
305,2017-04-24,09:04:10,0,pb1705,XSGE,15875,15740,16025,5638,447890150,22428,22682,17230,14975,16105,16045,0,15975,0,0,0,2017-04-24,32650000,15850,4,0,0,0,0,0,0,0,0,15870,1,0,0,0,0,0,0,0,0
306,2017-04-24,09:04:10,500,pb1705,XSGE,15875,15740,16025,5638,447890150,22428,22682,17230,14975,16105,16045,0,15975,0,0,0,2017-04-24,32650500,15860,1,0,0,0,0,0,0,0,0,15885,1,0,0,0,0,0,0,0,0
307,2017-04-24,09:04:11,0,pb1705,XSGE,15875,15740,16025,5638,447890150,22428,22682,17230,14975,16105,16045,0,15975,0,0,0,2017-04-24,32651000,15860,1,0,0,0,0,0,0,0,0,15880,1,0,0,0,0,0,0,0,0
308,2017-04-24,09:04:12,500,pb1705,XSGE,15875,15740,16025,5638,447890150,22428,22682,17230,14975,16105,16045,0,15975,0,0,0,2017-04-24,32652500,15860,1,0,0,0,0,0,0,0,0,15880,1,0,0,0,0,0,0,0,0
309,2017-04-24,09:04:14,0,pb1705,XSGE,15875,15740,16025,5638,447890150,22428,22682,17230,14975,16105,16045,0,15975,0,0,0,2017-04-24,32654000,15860,1,0,0,0,0,0,0,0,0,15880,1,0,0,0,0,0,0,0,0
310,2017-04-24,09:04:14,500,pb1705,XSGE,15875,15740,16025,5638,447890150,22428,22682,17230,14975,16105,16045,0,15975,0,0,0,2017-04-24,32654500,15860,1,0,0,0,0,0,0,0,0,15880,1,0,0,0,0,0,0,0,0
311,2017-04-24,09:04:15,0,pb1705,XSGE,15875,15740,16025,5638,447890150,22428,22682,17230,14975,16105,16045,0,15975,0,0,0,2017-04-24,32655000,15860,1,0,0,0,0,0,0,0,0,15875,1,0,0,0,0,0,0,0,0
312,2017-04-24,09:04:15,500,pb1705,XSGE,15875,15740,16025,5638,447890150,22428,22682,17230,14975,16105,16045,0,15975,0,0,0,2017-04-24,32655500,15855,1,0,0,0,0,0,0,0,0,15875,1,0,0,0,0,0,0,0,0
313,2017-04-24,09:04:16,0,pb1705,XSGE,15875,15740,16025,5638,447890150,22428,22682,17230,14975,16105,16045,0,15975,0,0,0,2017-04-24,32656000,15855,1,0,0,0,0,0,0,0,0,15870,1,0,0,0,0,0,0,0,0
314,2017-04-24,09:04:16,500,pb1705,XSGE,15875,15740,16025,5638,447890150,22428,22682,17230,14975,16105,16045,0,15975,0,0,0,2017-04-24,32656500,15855,1,0,0,0,0,0,0,0,0,15870,1,0,0,0,0,0,0,0,0
315,2017-04-24,09:04:17,500,pb1705,XSGE,15875,15740,16025,5638,447890150,22428,22682,17230,14975,16105,16045,0,15975,0,0,0,2017-04-24,32657500,15845,1,0,0,0,0,0,0,0,0,15865,1,0,0,0,0,0,0,0,0
316,2017-04-24,09:04:18,0,pb1705,XSGE,15875,15740,16025,5638,447890150,22428,22682,17230,14975,16105,16045,0,15975,0,0,0,2017-04-24,32658000,15845,1,0,0,0,0,0,0,0,0,15860,1,0,0,0,0,0,0,0,0
317,2017-04-24,09:04:18,500,pb1705,XSGE,15875,15740,16025,5638,447890150,22428,22682,17230,14975,16105,16045,0,15975,0,0,0,2017-04-24,32658500,15845,1,0,0,0,0,0,0,0,0,15860,1,0,0,0,0,0,0,0,0
318,2017-04-24,09:04:20,500,pb1705,XSGE,15875,15740,16025,5638,447890150,22428,22682,17230,14975,16105,16045,0,15975,0,0,0,2017-04-24,32660500,15845,1,0,0,0,0,0,0,0,0,15865,2,0,0,0,0,0,0,0,0
319,2017-04-24,09:04:21,0,pb1705,XSGE,15875,15740,16025,5638,447890150,22428,22682,17230,14975,16105,16045,0,15975,0,0,0,2017-04-24,32661000,15845,3,0,0,0,0,0,0,0,0,15865,2,0,0,0,0,0,0,0,0
320,2017-04-24,09:04:22,0,pb1705,XSGE,15875,15740,16025,5638,447890150,22428,22682,17230,14975,16105,16045,0,15975,0,0,0,2017-04-24,32662000,15845,3,0,0,0,0,0,0,0,0,15865,2,0,0,0,0,0,0,0,0
321,2017-04-24,09:04:22,500,pb1705,XSGE,15875,15740,16025,5638,447890150,22428,22682,17230,14975,16105,16045,0,15975,0,0,0,2017-04-24,32662500,15845,1,0,0,0,0,0,0,0,0,15860,1,0,0,0,0,0,0,0,0
322,2017-04-24,09:04:23,0,pb1705,XSGE,15875,15740,16025,5638,447890150,22428,22682,17230,14975,16105,16045,0,15975,0,0,0,2017-04-24,32663000,15850,2,0,0,0,0,0,0,0,0,15865,1,0,0,0,0,0,0,0,0
323,2017-04-24,09:04:23,500,pb1705,XSGE,15875,15740,16025,5638,447890150,22428,22682,17230,14975,16105,16045,0,15975,0,0,0,2017-04-24,32663500,15850,2,0,0,0,0,0,0,0,0,15865,1,0,0,0,0,0,0,0,0
324,2017-04-24,09:04:24,500,pb1705,XSGE,15875,15740,16025,5638,447890150,22428,22682,17230,14975,16105,16045,0,15975,0,0,0,2017-04-24,32664500,15845,3,0,0,0,0,0,0,0,0,15865,2,0,0,0,0,0,0,0,0
325,2017-04-24,09:04:25,0,pb1705,XSGE,15875,15740,16025,5638,447890150,22428,22682,17230,14975,16105,16045,0,15975,0,0,0,2017-04-24,32665000,15845,1,0,0,0,0,0,0,0,0,15865,2,0,0,0,0,0,0,0,0
326,2017-04-24,09:04:25,500,pb1705,XSGE,15875,15740,16025,5638,447890150,22428,22682,17230,14975,16105,16045,0,15975,0,0,0,2017-04-24,32665500,15845,1,0,0,0,0,0,0,0,0,15860,1,0,0,0,0,0,0,0,0
327,2017-04-24,09:04:26,0,pb1705,XSGE,15875,15740,16025,5638,447890150,22428,22682,17230,14975,16105,16045,0,15975,0,0,0,2017-04-24,32666000,15845,1,0,0,0,0,0,0,0,0,15855,1,0,0,0,0,0,0,0,0
328,2017-04-24,09:04:26,500,pb1705,XSGE,15845,15740,16025,5640,448048600,22430,22682,17230,14975,16105,16045,0,15975,0,0,0,2017-04-24,32666500,15840,2,0,0,0,0,0,0,0,0,15850,2,0,0,0,0,0,0,0,0
329,2017-04-24,09:04:27,0,pb1705,XSGE,15840,15740,16025,5642,448207000,22430,22682,17230,14975,16105,16045,0,15975,0,0,0,2017-04-24,32667000,15810,12,0,0,0,0,0,0,0,0,15840,2,0,0,0,0,0,0,0,0
330,2017-04-24,09:04:27,500,pb1705,XSGE,15840,15740,16025,5642,448207000,22430,22682,17230,14975,16105,16045,0,15975,0,0,0,2017-04-24,32667500,15795,9,0,0,0,0,0,0,0,0,15830,1,0,0,0,0,0,0,0,0
331,2017-04-24,09:04:28,0,pb1705,XSGE,15840,15740,16025,5642,448207000,22430,22682,17230,14975,16105,16045,0,15975,0,0,0,2017-04-24,32668000,15815,1,0,0,0,0,0,0,0,0,15830,1,0,0,0,0,0,0,0,0
332,2017-04-24,09:04:28,500,pb1705,XSGE,15840,15740,16025,5642,448207000,22430,22682,17230,14975,16105,16045,0,15975,0,0,0,2017-04-24,32668500,15815,1,0,0,0,0,0,0,0,0,15840,3,0,0,0,0,0,0,0,0
333,2017-04-24,09:04:29,0,pb1705,XSGE,15840,15740,16025,5642,448207000,22430,22682,17230,14975,16105,16045,0,15975,0,0,0,2017-04-24,32669000,15815,1,0,0,0,0,0,0,0,0,15840,4,0,0,0,0,0,0,0,0
334,2017-04-24,09:04:30,0,pb1705,XSGE,15840,15740,16025,5642,448207000,22430,22682,17230,14975,16105,16045,0,15975,0,0,0,2017-04-24,32670000,15815,1,0,0,0,0,0,0,0,0,15840,4,0,0,0,0,0,0,0,0
335,2017-04-24,09:04:30,500,pb1705,XSGE,15820,15740,16025,5644,448365200,22430,22682,17230,14975,16105,16045,0,15975,0,0,0,2017-04-24,32670500,15820,4,0,0,0,0,0,0,0,0,15840,3,0,0,0,0,0,0,0,0
336,2017-04-24,09:04:31,0,pb1705,XSGE,15820,15740,16025,5648,448681600,22428,22682,17230,14975,16105,16045,0,15975,0,0,0,2017-04-24,32671000,15820,1,0,0,0,0,0,0,0,0,15835,1,0,0,0,0,0,0,0,0
337,2017-04-24,09:04:31,500,pb1705,XSGE,15820,15740,16025,5650,448839800,22430,22682,17230,14975,16105,16045,0,15975,0,0,0,2017-04-24,32671500,15815,1,0,0,0,0,0,0,0,0,15835,1,0,0,0,0,0,0,0,0
338,2017-04-24,09:04:32,0,pb1705,XSGE,15820,15740,16025,5650,448839800,22430,22682,17230,14975,16105,16045,0,15975,0,0,0,2017-04-24,32672000,15820,2,0,0,0,0,0,0,0,0,15835,1,0,0,0,0,0,0,0,0
339,2017-04-24,09:04:34,0,pb1705,XSGE,15820,15740,16025,5650,448839800,22430,22682,17230,14975,16105,16045,0,15975,0,0,0,2017-04-24,32674000,15815,3,0,0,0,0,0,0,0,0,15835,1,0,0,0,0,0,0,0,0
340,2017-04-24,09:04:34,500,pb1705,XSGE,15820,15740,16025,5650,448839800,22430,22682,17230,14975,16105,16045,0,15975,0,0,0,2017-04-24,32674500,15825,1,0,0,0,0,0,0,0,0,15835,1,0,0,0,0,0,0,0,0
341,2017-04-24,09:04:35,0,pb1705,XSGE,15835,15740,16025,5652,448998150,22430,22682,17230,14975,16105,16045,0,15975,0,0,0,2017-04-24,32675000,15830,3,0,0,0,0,0,0,0,0,15840,3,0,0,0,0,0,0,0,0
342,2017-04-24,09:04:36,500,pb1705,XSGE,15835,15740,16025,5652,448998150,22430,22682,17230,14975,16105,16045,0,15975,0,0,0,2017-04-24,32676500,15830,1,0,0,0,0,0,0,0,0,15840,3,0,0,0,0,0,0,0,0
343,2017-04-24,09:04:37,0,pb1705,XSGE,15835,15740,16025,5652,448998150,22430,22682,17230,14975,16105,16045,0,15975,0,0,0,2017-04-24,32677000,15825,1,0,0,0,0,0,0,0,0,15840,3,0,0,0,0,0,0,0,0
344,2017-04-24,09:04:37,500,pb1705,XSGE,15835,15740,16025,5652,448998150,22430,22682,17230,14975,16105,16045,0,15975,0,0,0,2017-04-24,32677500,15825,3,0,0,0,0,0,0,0,0,15840,3,0,0,0,0,0,0,0,0
345,2017-04-24,09:04:38,500,pb1705,XSGE,15835,15740,16025,5652,448998150,22430,22682,17230,14975,16105,16045,0,15975,0,0,0,2017-04-24,32678500,15825,3,0,0,0,0,0,0,0,0,15840,2,0,0,0,0,0,0,0,0
346,2017-04-24,09:04:39,0,pb1705,XSGE,15835,15740,16025,5652,448998150,22430,22682,17230,14975,16105,16045,0,15975,0,0,0,2017-04-24,32679000,15825,3,0,0,0,0,0,0,0,0,15840,2,0,0,0,0,0,0,0,0
347,2017-04-24,09:04:39,500,pb1705,XSGE,15835,15740,16025,5652,448998150,22430,22682,17230,14975,16105,16045,0,15975,0,0,0,2017-04-24,32679500,15825,3,0,0,0,0,0,0,0,0,15840,2,0,0,0,0,0,0,0,0
348,2017-04-24,09:04:40,0,pb1705,XSGE,15835,15740,16025,5652,448998150,22430,22682,17230,14975,16105,16045,0,15975,0,0,0,2017-04-24,32680000,15830,4,0,0,0,0,0,0,0,0,15840,2,0,0,0,0,0,0,0,0
349,2017-04-24,09:04:40,500,pb1705,XSGE,15835,15740,16025,5652,448998150,22430,22682,17230,14975,16105,16045,0,15975,0,0,0,2017-04-24,32680500,15830,4,0,0,0,0,0,0,0,0,15840,2,0,0,0,0,0,0,0,0
350,2017-04-24,09:04:41,0,pb1705,XSGE,15835,15740,16025,5652,448998150,22430,22682,17230,14975,16105,16045,0,15975,0,0,0,2017-04-24,32681000,15830,5,0,0,0,0,0,0,0,0,15840,2,0,0,0,0,0,0,0,0
351,2017-04-24,09:04:41,500,pb1705,XSGE,15835,15740,16025,5652,448998150,22430,22682,17230,14975,16105,16045,0,15975,0,0,0,2017-04-24,32681500,15830,5,0,0,0,0,0,0,0,0,15840,2,0,0,0,0,0,0,0,0
352,2017-04-24,09:04:43,500,pb1705,XSGE,15835,15740,16025,5652,448998150,22430,22682,17230,14975,16105,16045,0,15975,0,0,0,2017-04-24,32683500,15830,1,0,0,0,0,0,0,0,0,15840,2,0,0,0,0,0,0,0,0
353,2017-04-24,09:04:44,0,pb1705,XSGE,15835,15740,16025,5652,448998150,22430,22682,17230,14975,16105,16045,0,15975,0,0,0,2017-04-24,32684000,15830,1,0,0,0,0,0,0,0,0,15840,2,0,0,0,0,0,0,0,0
354,2017-04-24,09:04:44,500,pb1705,XSGE,15855,15740,16025,5658,449473500,22434,22682,17230,14975,16105,16045,0,15975,0,0,0,2017-04-24,32684500,15840,3,0,0,0,0,0,0,0,0,15860,1,0,0,0,0,0,0,0,0
355,2017-04-24,09:04:45,0,pb1705,XSGE,15855,15740,16025,5658,449473500,22434,22682,17230,14975,16105,16045,0,15975,0,0,0,2017-04-24,32685000,15840,2,0,0,0,0,0,0,0,0,15855,1,0,0,0,0,0,0,0,0
356,2017-04-24,09:04:48,500,pb1705,XSGE,15855,15740,16025,5658,449473500,22434,22682,17230,14975,16105,16045,0,15975,0,0,0,2017-04-24,32688500,15840,4,0,0,0,0,0,0,0,0,15855,1,0,0,0,0,0,0,0,0
357,2017-04-24,09:04:49,0,pb1705,XSGE,15855,15740,16025,5658,449473500,22434,22682,17230,14975,16105,16045,0,15975,0,0,0,2017-04-24,32689000,15840,4,0,0,0,0,0,0,0,0,15860,2,0,0,0,0,0,0,0,0
358,2017-04-24,09:04:50,500,pb1705,XSGE,15855,15740,16025,5658,449473500,22434,22682,17230,14975,16105,16045,0,15975,0,0,0,2017-04-24,32690500,15850,1,0,0,0,0,0,0,0,0,15880,1,0,0,0,0,0,0,0,0
359,2017-04-24,09:04:51,0,pb1705,XSGE,15855,15740,16025,5658,449473500,22434,22682,17230,14975,16105,16045,0,15975,0,0,0,2017-04-24,32691000,15850,2,0,0,0,0,0,0,0,0,15870,2,0,0,0,0,0,0,0,0
360,2017-04-24,09:04:51,500,pb1705,XSGE,15855,15740,16025,5658,449473500,22434,22682,17230,14975,16105,16045,0,15975,0,0,0,2017-04-24,32691500,15860,1,0,0,0,0,0,0,0,0,15880,1,0,0,0,0,0,0,0,0
361,2017-04-24,09:04:52,0,pb1705,XSGE,15855,15740,16025,5658,449473500,22434,22682,17230,14975,16105,16045,0,15975,0,0,0,2017-04-24,32692000,15860,1,0,0,0,0,0,0,0,0,15880,2,0,0,0,0,0,0,0,0
362,2017-04-24,09:04:52,500,pb1705,XSGE,15855,15740,16025,5658,449473500,22434,22682,17230,14975,16105,16045,0,15975,0,0,0,2017-04-24,32692500,15860,1,0,0,0,0,0,0,0,0,15875,1,0,0,0,0,0,0,0,0
363,2017-04-24,09:04:53,0,pb1705,XSGE,15855,15740,16025,5658,449473500,22434,22682,17230,14975,16105,16045,0,15975,0,0,0,2017-04-24,32693000,15860,1,0,0,0,0,0,0,0,0,15875,1,0,0,0,0,0,0,0,0
364,2017-04-24,09:04:54,500,pb1705,XSGE,15855,15740,16025,5658,449473500,22434,22682,17230,14975,16105,16045,0,15975,0,0,0,2017-04-24,32694500,15855,1,0,0,0,0,0,0,0,0,15875,1,0,0,0,0,0,0,0,0
365,2017-04-24,09:04:55,0,pb1705,XSGE,15855,15740,16025,5658,449473500,22434,22682,17230,14975,16105,16045,0,15975,0,0,0,2017-04-24,32695000,15855,1,0,0,0,0,0,0,0,0,15870,1,0,0,0,0,0,0,0,0
366,2017-04-24,09:04:57,500,pb1705,XSGE,15855,15740,16025,5658,449473500,22434,22682,17230,14975,16105,16045,0,15975,0,0,0,2017-04-24,32697500,15855,1,0,0,0,0,0,0,0,0,15870,1,0,0,0,0,0,0,0,0
367,2017-04-24,09:04:58,0,pb1705,XSGE,15855,15740,16025,5658,449473500,22434,22682,17230,14975,16105,16045,0,15975,0,0,0,2017-04-24,32698000,15855,3,0,0,0,0,0,0,0,0,15870,1,0,0,0,0,0,0,0,0
368,2017-04-24,09:04:59,0,pb1705,XSGE,15855,15740,16025,5658,449473500,22434,22682,17230,14975,16105,16045,0,15975,0,0,0,2017-04-24,32699000,15855,3,0,0,0,0,0,0,0,0,15870,1,0,0,0,0,0,0,0,0
369,2017-04-24,09:05:01,500,pb1705,XSGE,15855,15740,16025,5658,449473500,22434,22682,17230,14975,16105,16045,0,15975,0,0,0,2017-04-24,32701500,15855,3,0,0,0,0,0,0,0,0,15875,1,0,0,0,0,0,0,0,0
370,2017-04-24,09:05:02,0,pb1705,XSGE,15855,15740,16025,5658,449473500,22434,22682,17230,14975,16105,16045,0,15975,0,0,0,2017-04-24,32702000,15855,3,0,0,0,0,0,0,0,0,15870,1,0,0,0,0,0,0,0,0
371,2017-04-24,09:05:02,500,pb1705,XSGE,15855,15740,16025,5658,449473500,22434,22682,17230,14975,16105,16045,0,15975,0,0,0,2017-04-24,32702500,15855,1,0,0,0,0,0,0,0,0,15870,1,0,0,0,0,0,0,0,0
372,2017-04-24,09:05:03,0,pb1705,XSGE,15855,15740,16025,5658,449473500,22434,22682,17230,14975,16105,16045,0,15975,0,0,0,2017-04-24,32703000,15855,1,0,0,0,0,0,0,0,0,15870,1,0,0,0,0,0,0,0,0
373,2017-04-24,09:05:03,500,pb1705,XSGE,15855,15740,16025,5658,449473500,22434,22682,17230,14975,16105,16045,0,15975,0,0,0,2017-04-24,32703500,15855,1,0,0,0,0,0,0,0,0,15870,1,0,0,0,0,0,0,0,0
374,2017-04-24,09:05:04,0,pb1705,XSGE,15855,15740,16025,5658,449473500,22434,22682,17230,14975,16105,16045,0,15975,0,0,0,2017-04-24,32704000,15855,1,0,0,0,0,0,0,0,0,15865,1,0,0,0,0,0,0,0,0
375,2017-04-24,09:05:04,500,pb1705,XSGE,15855,15740,16025,5658,449473500,22434,22682,17230,14975,16105,16045,0,15975,0,0,0,2017-04-24,32704500,15855,1,0,0,0,0,0,0,0,0,15865,1,0,0,0,0,0,0,0,0
376,2017-04-24,09:05:05,0,pb1705,XSGE,15855,15740,16025,5658,449473500,22434,22682,17230,14975,16105,16045,0,15975,0,0,0,2017-04-24,32705000,15855,1,0,0,0,0,0,0,0,0,15865,1,0,0,0,0,0,0,0,0
377,2017-04-24,09:05:05,500,pb1705,XSGE,15855,15740,16025,5658,449473500,22434,22682,17230,14975,16105,16045,0,15975,0,0,0,2017-04-24,32705500,15855,1,0,0,0,0,0,0,0,0,15865,2,0,0,0,0,0,0,0,0
378,2017-04-24,09:05:07,500,pb1705,XSGE,15855,15740,16025,5658,449473500,22434,22682,17230,14975,16105,16045,0,15975,0,0,0,2017-04-24,32707500,15855,1,0,0,0,0,0,0,0,0,15870,1,0,0,0,0,0,0,0,0
379,2017-04-24,09:05:08,0,pb1705,XSGE,15855,15740,16025,5658,449473500,22434,22682,17230,14975,16105,16045,0,15975,0,0,0,2017-04-24,32708000,15855,1,0,0,0,0,0,0,0,0,15865,2,0,0,0,0,0,0,0,0
380,2017-04-24,09:05:08,500,pb1705,XSGE,15855,15740,16025,5658,449473500,22434,22682,17230,14975,16105,16045,0,15975,0,0,0,2017-04-24,32708500,15855,2,0,0,0,0,0,0,0,0,15865,2,0,0,0,0,0,0,0,0
381,2017-04-24,09:05:09,0,pb1705,XSGE,15855,15740,16025,5658,449473500,22434,22682,17230,14975,16105,16045,0,15975,0,0,0,2017-04-24,32709000,15855,2,0,0,0,0,0,0,0,0,15870,1,0,0,0,0,0,0,0,0
382,2017-04-24,09:05:09,500,pb1705,XSGE,15855,15740,16025,5658,449473500,22434,22682,17230,14975,16105,16045,0,15975,0,0,0,2017-04-24,32709500,15855,4,0,0,0,0,0,0,0,0,15870,1,0,0,0,0,0,0,0,0
383,2017-04-24,09:05:11,0,pb1705,XSGE,15855,15740,16025,5658,449473500,22434,22682,17230,14975,16105,16045,0,15975,0,0,0,2017-04-24,32711000,15855,4,0,0,0,0,0,0,0,0,15880,1,0,0,0,0,0,0,0,0
384,2017-04-24,09:05:11,500,pb1705,XSGE,15855,15740,16025,5658,449473500,22434,22682,17230,14975,16105,16045,0,15975,0,0,0,2017-04-24,32711500,15855,4,0,0,0,0,0,0,0,0,15875,1,0,0,0,0,0,0,0,0
385,2017-04-24,09:05:12,0,pb1705,XSGE,15855,15740,16025,5658,449473500,22434,22682,17230,14975,16105,16045,0,15975,0,0,0,2017-04-24,32712000,15855,4,0,0,0,0,0,0,0,0,15870,1,0,0,0,0,0,0,0,0
386,2017-04-24,09:05:12,500,pb1705,XSGE,15855,15740,16025,5658,449473500,22434,22682,17230,14975,16105,16045,0,15975,0,0,0,2017-04-24,32712500,15855,4,0,0,0,0,0,0,0,0,15875,1,0,0,0,0,0,0,0,0
387,2017-04-24,09:05:15,0,pb1705,XSGE,15855,15740,16025,5658,449473500,22434,22682,17230,14975,16105,16045,0,15975,0,0,0,2017-04-24,32715000,15855,6,0,0,0,0,0,0,0,0,15875,1,0,0,0,0,0,0,0,0
388,2017-04-24,09:05:15,500,pb1705,XSGE,15855,15740,16025,5658,449473500,22434,22682,17230,14975,16105,16045,0,15975,0,0,0,2017-04-24,32715500,15855,6,0,0,0,0,0,0,0,0,15875,1,0,0,0,0,0,0,0,0
389,2017-04-24,09:05:16,0,pb1705,XSGE,15855,15740,16025,5658,449473500,22434,22682,17230,14975,16105,16045,0,15975,0,0,0,2017-04-24,32716000,15855,6,0,0,0,0,0,0,0,0,15880,1,0,0,0,0,0,0,0,0
390,2017-04-24,09:05:16,500,pb1705,XSGE,15855,15740,16025,5658,449473500,22434,22682,17230,14975,16105,16045,0,15975,0,0,0,2017-04-24,32716500,15860,5,0,0,0,0,0,0,0,0,15880,2,0,0,0,0,0,0,0,0
391,2017-04-24,09:05:17,0,pb1705,XSGE,15855,15740,16025,5658,449473500,22434,22682,17230,14975,16105,16045,0,15975,0,0,0,2017-04-24,32717000,15860,5,0,0,0,0,0,0,0,0,15880,1,0,0,0,0,0,0,0,0
392,2017-04-24,09:05:17,500,pb1705,XSGE,15855,15740,16025,5658,449473500,22434,22682,17230,14975,16105,16045,0,15975,0,0,0,2017-04-24,32717500,15860,5,0,0,0,0,0,0,0,0,15880,1,0,0,0,0,0,0,0,0
393,2017-04-24,09:05:18,0,pb1705,XSGE,15855,15740,16025,5658,449473500,22434,22682,17230,14975,16105,16045,0,15975,0,0,0,2017-04-24,32718000,15860,5,0,0,0,0,0,0,0,0,15905,12,0,0,0,0,0,0,0,0
394,2017-04-24,09:05:18,500,pb1705,XSGE,15855,15740,16025,5658,449473500,22434,22682,17230,14975,16105,16045,0,15975,0,0,0,2017-04-24,32718500,15860,5,0,0,0,0,0,0,0,0,15885,1,0,0,0,0,0,0,0,0
395,2017-04-24,09:05:19,0,pb1705,XSGE,15855,15740,16025,5658,449473500,22434,22682,17230,14975,16105,16045,0,15975,0,0,0,2017-04-24,32719000,15860,9,0,0,0,0,0,0,0,0,15885,1,0,0,0,0,0,0,0,0
396,2017-04-24,09:05:19,500,pb1705,XSGE,15855,15740,16025,5658,449473500,22434,22682,17230,14975,16105,16045,0,15975,0,0,0,2017-04-24,32719500,15865,2,0,0,0,0,0,0,0,0,15885,1,0,0,0,0,0,0,0,0
397,2017-04-24,09:05:20,0,pb1705,XSGE,15855,15740,16025,5658,449473500,22434,22682,17230,14975,16105,16045,0,15975,0,0,0,2017-04-24,32720000,15865,2,0,0,0,0,0,0,0,0,15885,1,0,0,0,0,0,0,0,0
398,2017-04-24,09:05:20,500,pb1705,XSGE,15855,15740,16025,5658,449473500,22434,22682,17230,14975,16105,16045,0,15975,0,0,0,2017-04-24,32720500,15865,6,0,0,0,0,0,0,0,0,15885,1,0,0,0,0,0,0,0,0
399,2017-04-24,09:05:21,0,pb1705,XSGE,15855,15740,16025,5658,449473500,22434,22682,17230,14975,16105,16045,0,15975,0,0,0,2017-04-24,32721000,15865,2,0,0,0,0,0,0,0,0,15885,1,0,0,0,0,0,0,0,0
400,2017-04-24,09:05:21,500,pb1705,XSGE,15855,15740,16025,5658,449473500,22434,22682,17230,14975,16105,16045,0,15975,0,0,0,2017-04-24,32721500,15865,6,0,0,0,0,0,0,0,0,15885,1,0,0,0,0,0,0,0,0
401,2017-04-24,09:05:22,0,pb1705,XSGE,15855,15740,16025,5658,449473500,22434,22682,17230,14975,16105,16045,0,15975,0,0,0,2017-04-24,32722000,15865,2,0,0,0,0,0,0,0,0,15885,1,0,0,0,0,0,0,0,0
402,2017-04-24,09:05:22,500,pb1705,XSGE,15855,15740,16025,5658,449473500,22434,22682,17230,14975,16105,16045,0,15975,0,0,0,2017-04-24,32722500,15865,2,0,0,0,0,0,0,0,0,15885,1,0,0,0,0,0,0,0,0
403,2017-04-24,09:05:23,0,pb1705,XSGE,15855,15740,16025,5658,449473500,22434,22682,17230,14975,16105,16045,0,15975,0,0,0,2017-04-24,32723000,15865,6,0,0,0,0,0,0,0,0,15885,1,0,0,0,0,0,0,0,0
404,2017-04-24,09:05:23,500,pb1705,XSGE,15855,15740,16025,5658,449473500,22434,22682,17230,14975,16105,16045,0,15975,0,0,0,2017-04-24,32723500,15865,2,0,0,0,0,0,0,0,0,15885,1,0,0,0,0,0,0,0,0
405,2017-04-24,09:05:24,0,pb1705,XSGE,15855,15740,16025,5658,449473500,22434,22682,17230,14975,16105,16045,0,15975,0,0,0,2017-04-24,32724000,15865,6,0,0,0,0,0,0,0,0,15885,1,0,0,0,0,0,0,0,0
406,2017-04-24,09:05:24,500,pb1705,XSGE,15855,15740,16025,5658,449473500,22434,22682,17230,14975,16105,16045,0,15975,0,0,0,2017-04-24,32724500,15865,6,0,0,0,0,0,0,0,0,15885,1,0,0,0,0,0,0,0,0
407,2017-04-24,09:05:25,0,pb1705,XSGE,15855,15740,16025,5658,449473500,22434,22682,17230,14975,16105,16045,0,15975,0,0,0,2017-04-24,32725000,15865,2,0,0,0,0,0,0,0,0,15885,1,0,0,0,0,0,0,0,0
408,2017-04-24,09:05:25,500,pb1705,XSGE,15855,15740,16025,5658,449473500,22434,22682,17230,14975,16105,16045,0,15975,0,0,0,2017-04-24,32725500,15865,6,0,0,0,0,0,0,0,0,15885,1,0,0,0,0,0,0,0,0
409,2017-04-24,09:05:26,0,pb1705,XSGE,15855,15740,16025,5658,449473500,22434,22682,17230,14975,16105,16045,0,15975,0,0,0,2017-04-24,32726000,15865,2,0,0,0,0,0,0,0,0,15885,1,0,0,0,0,0,0,0,0
410,2017-04-24,09:05:26,500,pb1705,XSGE,15855,15740,16025,5658,449473500,22434,22682,17230,14975,16105,16045,0,15975,0,0,0,2017-04-24,32726500,15865,6,0,0,0,0,0,0,0,0,15885,1,0,0,0,0,0,0,0,0
411,2017-04-24,09:05:27,0,pb1705,XSGE,15855,15740,16025,5658,449473500,22434,22682,17230,14975,16105,16045,0,15975,0,0,0,2017-04-24,32727000,15865,2,0,0,0,0,0,0,0,0,15885,1,0,0,0,0,0,0,0,0
412,2017-04-24,09:05:27,500,pb1705,XSGE,15855,15740,16025,5658,449473500,22434,22682,17230,14975,16105,16045,0,15975,0,0,0,2017-04-24,32727500,15865,6,0,0,0,0,0,0,0,0,15885,1,0,0,0,0,0,0,0,0
413,2017-04-24,09:05:28,0,pb1705,XSGE,15855,15740,16025,5658,449473500,22434,22682,17230,14975,16105,16045,0,15975,0,0,0,2017-04-24,32728000,15865,6,0,0,0,0,0,0,0,0,15880,1,0,0,0,0,0,0,0,0
414,2017-04-24,09:05:28,500,pb1705,XSGE,15855,15740,16025,5658,449473500,22434,22682,17230,14975,16105,16045,0,15975,0,0,0,2017-04-24,32728500,15865,2,0,0,0,0,0,0,0,0,15880,1,0,0,0,0,0,0,0,0
415,2017-04-24,09:05:29,0,pb1705,XSGE,15855,15740,16025,5658,449473500,22434,22682,17230,14975,16105,16045,0,15975,0,0,0,2017-04-24,32729000,15865,6,0,0,0,0,0,0,0,0,15880,1,0,0,0,0,0,0,0,0
416,2017-04-24,09:05:29,500,pb1705,XSGE,15855,15740,16025,5658,449473500,22434,22682,17230,14975,16105,16045,0,15975,0,0,0,2017-04-24,32729500,15865,2,0,0,0,0,0,0,0,0,15880,1,0,0,0,0,0,0,0,0
417,2017-04-24,09:05:30,0,pb1705,XSGE,15855,15740,16025,5658,449473500,22434,22682,17230,14975,16105,16045,0,15975,0,0,0,2017-04-24,32730000,15865,6,0,0,0,0,0,0,0,0,15885,1,0,0,0,0,0,0,0,0
418,2017-04-24,09:05:30,500,pb1705,XSGE,15855,15740,16025,5658,449473500,22434,22682,17230,14975,16105,16045,0,15975,0,0,0,2017-04-24,32730500,15865,6,0,0,0,0,0,0,0,0,15885,1,0,0,0,0,0,0,0,0
419,2017-04-24,09:05:31,0,pb1705,XSGE,15855,15740,16025,5658,449473500,22434,22682,17230,14975,16105,16045,0,15975,0,0,0,2017-04-24,32731000,15865,2,0,0,0,0,0,0,0,0,15885,1,0,0,0,0,0,0,0,0
420,2017-04-24,09:05:31,500,pb1705,XSGE,15855,15740,16025,5658,449473500,22434,22682,17230,14975,16105,16045,0,15975,0,0,0,2017-04-24,32731500,15865,6,0,0,0,0,0,0,0,0,15885,1,0,0,0,0,0,0,0,0
421,2017-04-24,09:05:32,0,pb1705,XSGE,15855,15740,16025,5658,449473500,22434,22682,17230,14975,16105,16045,0,15975,0,0,0,2017-04-24,32732000,15865,2,0,0,0,0,0,0,0,0,15880,1,0,0,0,0,0,0,0,0
422,2017-04-24,09:05:32,500,pb1705,XSGE,15855,15740,16025,5658,449473500,22434,22682,17230,14975,16105,16045,0,15975,0,0,0,2017-04-24,32732500,15865,6,0,0,0,0,0,0,0,0,15880,1,0,0,0,0,0,0,0,0
423,2017-04-24,09:05:33,0,pb1705,XSGE,15855,15740,16025,5658,449473500,22434,22682,17230,14975,16105,16045,0,15975,0,0,0,2017-04-24,32733000,15865,2,0,0,0,0,0,0,0,0,15880,1,0,0,0,0,0,0,0,0
424,2017-04-24,09:05:33,500,pb1705,XSGE,15855,15740,16025,5658,449473500,22434,22682,17230,14975,16105,16045,0,15975,0,0,0,2017-04-24,32733500,15865,2,0,0,0,0,0,0,0,0,15880,1,0,0,0,0,0,0,0,0
425,2017-04-24,09:05:34,0,pb1705,XSGE,15855,15740,16025,5658,449473500,22434,22682,17230,14975,16105,16045,0,15975,0,0,0,2017-04-24,32734000,15865,6,0,0,0,0,0,0,0,0,15880,1,0,0,0,0,0,0,0,0
426,2017-04-24,09:05:34,500,pb1705,XSGE,15855,15740,16025,5658,449473500,22434,22682,17230,14975,16105,16045,0,15975,0,0,0,2017-04-24,32734500,15865,2,0,0,0,0,0,0,0,0,15880,1,0,0,0,0,0,0,0,0
427,2017-04-24,09:05:35,0,pb1705,XSGE,15855,15740,16025,5658,449473500,22434,22682,17230,14975,16105,16045,0,15975,0,0,0,2017-04-24,32735000,15865,6,0,0,0,0,0,0,0,0,15880,1,0,0,0,0,0,0,0,0
428,2017-04-24,09:05:35,500,pb1705,XSGE,15855,15740,16025,5658,449473500,22434,22682,17230,14975,16105,16045,0,15975,0,0,0,2017-04-24,32735500,15865,2,0,0,0,0,0,0,0,0,15880,1,0,0,0,0,0,0,0,0
429,2017-04-24,09:05:36,0,pb1705,XSGE,15855,15740,16025,5658,449473500,22434,22682,17230,14975,16105,16045,0,15975,0,0,0,2017-04-24,32736000,15865,6,0,0,0,0,0,0,0,0,15880,1,0,0,0,0,0,0,0,0
430,2017-04-24,09:05:36,500,pb1705,XSGE,15855,15740,16025,5658,449473500,22434,22682,17230,14975,16105,16045,0,15975,0,0,0,2017-04-24,32736500,15865,2,0,0,0,0,0,0,0,0,15880,1,0,0,0,0,0,0,0,0
431,2017-04-24,09:05:37,0,pb1705,XSGE,15855,15740,16025,5658,449473500,22434,22682,17230,14975,16105,16045,0,15975,0,0,0,2017-04-24,32737000,15865,6,0,0,0,0,0,0,0,0,15880,1,0,0,0,0,0,0,0,0
432,2017-04-24,09:05:37,500,pb1705,XSGE,15855,15740,16025,5658,449473500,22434,22682,17230,14975,16105,16045,0,15975,0,0,0,2017-04-24,32737500,15865,2,0,0,0,0,0,0,0,0,15880,1,0,0,0,0,0,0,0,0
433,2017-04-24,09:05:38,0,pb1705,XSGE,15855,15740,16025,5658,449473500,22434,22682,17230,14975,16105,16045,0,15975,0,0,0,2017-04-24,32738000,15865,2,0,0,0,0,0,0,0,0,15880,1,0,0,0,0,0,0,0,0
434,2017-04-24,09:05:38,500,pb1705,XSGE,15855,15740,16025,5658,449473500,22434,22682,17230,14975,16105,16045,0,15975,0,0,0,2017-04-24,32738500,15865,6,0,0,0,0,0,0,0,0,15880,1,0,0,0,0,0,0,0,0
435,2017-04-24,09:05:39,0,pb1705,XSGE,15855,15740,16025,5658,449473500,22434,22682,17230,14975,16105,16045,0,15975,0,0,0,2017-04-24,32739000,15865,6,0,0,0,0,0,0,0,0,15880,1,0,0,0,0,0,0,0,0
436,2017-04-24,09:05:39,500,pb1705,XSGE,15855,15740,16025,5658,449473500,22434,22682,17230,14975,16105,16045,0,15975,0,0,0,2017-04-24,32739500,15865,2,0,0,0,0,0,0,0,0,15885,1,0,0,0,0,0,0,0,0
437,2017-04-24,09:05:40,0,pb1705,XSGE,15855,15740,16025,5658,449473500,22434,22682,17230,14975,16105,16045,0,15975,0,0,0,2017-04-24,32740000,15865,7,0,0,0,0,0,0,0,0,15885,1,0,0,0,0,0,0,0,0
438,2017-04-24,09:05:40,500,pb1705,XSGE,15855,15740,16025,5658,449473500,22434,22682,17230,14975,16105,16045,0,15975,0,0,0,2017-04-24,32740500,15865,7,0,0,0,0,0,0,0,0,15885,1,0,0,0,0,0,0,0,0
439,2017-04-24,09:05:41,0,pb1705,XSGE,15855,15740,16025,5658,449473500,22434,22682,17230,14975,16105,16045,0,15975,0,0,0,2017-04-24,32741000,15865,3,0,0,0,0,0,0,0,0,15885,1,0,0,0,0,0,0,0,0
440,2017-04-24,09:05:41,500,pb1705,XSGE,15855,15740,16025,5658,449473500,22434,22682,17230,14975,16105,16045,0,15975,0,0,0,2017-04-24,32741500,15865,3,0,0,0,0,0,0,0,0,15885,1,0,0,0,0,0,0,0,0
441,2017-04-24,09:05:42,0,pb1705,XSGE,15855,15740,16025,5658,449473500,22434,22682,17230,14975,16105,16045,0,15975,0,0,0,2017-04-24,32742000,15865,8,0,0,0,0,0,0,0,0,15890,2,0,0,0,0,0,0,0,0
442,2017-04-24,09:05:42,500,pb1705,XSGE,15855,15740,16025,5658,449473500,22434,22682,17230,14975,16105,16045,0,15975,0,0,0,2017-04-24,32742500,15865,4,0,0,0,0,0,0,0,0,15890,3,0,0,0,0,0,0,0,0
443,2017-04-24,09:05:43,0,pb1705,XSGE,15855,15740,16025,5658,449473500,22434,22682,17230,14975,16105,16045,0,15975,0,0,0,2017-04-24,32743000,15865,8,0,0,0,0,0,0,0,0,15890,3,0,0,0,0,0,0,0,0
444,2017-04-24,09:05:43,500,pb1705,XSGE,15855,15740,16025,5658,449473500,22434,22682,17230,14975,16105,16045,0,15975,0,0,0,2017-04-24,32743500,15865,8,0,0,0,0,0,0,0,0,15890,3,0,0,0,0,0,0,0,0
445,2017-04-24,09:05:44,0,pb1705,XSGE,15855,15740,16025,5658,449473500,22434,22682,17230,14975,16105,16045,0,15975,0,0,0,2017-04-24,32744000,15865,4,0,0,0,0,0,0,0,0,15885,1,0,0,0,0,0,0,0,0
446,2017-04-24,09:05:44,500,pb1705,XSGE,15855,15740,16025,5658,449473500,22434,22682,17230,14975,16105,16045,0,15975,0,0,0,2017-04-24,32744500,15865,8,0,0,0,0,0,0,0,0,15885,1,0,0,0,0,0,0,0,0
447,2017-04-24,09:05:45,0,pb1705,XSGE,15855,15740,16025,5658,449473500,22434,22682,17230,14975,16105,16045,0,15975,0,0,0,2017-04-24,32745000,15865,4,0,0,0,0,0,0,0,0,15885,1,0,0,0,0,0,0,0,0
448,2017-04-24,09:05:45,500,pb1705,XSGE,15855,15740,16025,5658,449473500,22434,22682,17230,14975,16105,16045,0,15975,0,0,0,2017-04-24,32745500,15865,8,0,0,0,0,0,0,0,0,15885,1,0,0,0,0,0,0,0,0
449,2017-04-24,09:05:46,0,pb1705,XSGE,15855,15740,16025,5658,449473500,22434,22682,17230,14975,16105,16045,0,15975,0,0,0,2017-04-24,32746000,15865,4,0,0,0,0,0,0,0,0,15885,1,0,0,0,0,0,0,0,0
450,2017-04-24,09:05:46,500,pb1705,XSGE,15855,15740,16025,5658,449473500,22434,22682,17230,14975,16105,16045,0,15975,0,0,0,2017-04-24,32746500,15865,8,0,0,0,0,0,0,0,0,15885,1,0,0,0,0,0,0,0,0
451,2017-04-24,09:05:47,0,pb1705,XSGE,15855,15740,16025,5658,449473500,22434,22682,17230,14975,16105,16045,0,15975,0,0,0,2017-04-24,32747000,15865,4,0,0,0,0,0,0,0,0,15885,1,0,0,0,0,0,0,0,0
452,2017-04-24,09:05:47,500,pb1705,XSGE,15855,15740,16025,5658,449473500,22434,22682,17230,14975,16105,16045,0,15975,0,0,0,2017-04-24,32747500,15875,1,0,0,0,0,0,0,0,0,15890,3,0,0,0,0,0,0,0,0
453,2017-04-24,09:05:48,0,pb1705,XSGE,15855,15740,16025,5658,449473500,22434,22682,17230,14975,16105,16045,0,15975,0,0,0,2017-04-24,32748000,15875,5,0,0,0,0,0,0,0,0,15890,3,0,0,0,0,0,0,0,0
454,2017-04-24,09:05:48,500,pb1705,XSGE,15855,15740,16025,5658,449473500,22434,22682,17230,14975,16105,16045,0,15975,0,0,0,2017-04-24,32748500,15875,1,0,0,0,0,0,0,0,0,15890,3,0,0,0,0,0,0,0,0
455,2017-04-24,09:05:49,0,pb1705,XSGE,15855,15740,16025,5658,449473500,22434,22682,17230,14975,16105,16045,0,15975,0,0,0,2017-04-24,32749000,15875,5,0,0,0,0,0,0,0,0,15890,3,0,0,0,0,0,0,0,0
456,2017-04-24,09:05:50,0,pb1705,XSGE,15855,15740,16025,5658,449473500,22434,22682,17230,14975,16105,16045,0,15975,0,0,0,2017-04-24,32750000,15875,5,0,0,0,0,0,0,0,0,15890,2,0,0,0,0,0,0,0,0
457,2017-04-24,09:05:50,500,pb1705,XSGE,15855,15740,16025,5658,449473500,22434,22682,17230,14975,16105,16045,0,15975,0,0,0,2017-04-24,32750500,15875,1,0,0,0,0,0,0,0,0,15890,1,0,0,0,0,0,0,0,0
458,2017-04-24,09:05:51,0,pb1705,XSGE,15855,15740,16025,5658,449473500,22434,22682,17230,14975,16105,16045,0,15975,0,0,0,2017-04-24,32751000,15875,5,0,0,0,0,0,0,0,0,15890,1,0,0,0,0,0,0,0,0
459,2017-04-24,09:05:51,500,pb1705,XSGE,15855,15740,16025,5658,449473500,22434,22682,17230,14975,16105,16045,0,15975,0,0,0,2017-04-24,32751500,15875,1,0,0,0,0,0,0,0,0,15890,1,0,0,0,0,0,0,0,0
460,2017-04-24,09:05:52,0,pb1705,XSGE,15855,15740,16025,5658,449473500,22434,22682,17230,14975,16105,16045,0,15975,0,0,0,2017-04-24,32752000,15875,5,0,0,0,0,0,0,0,0,15890,1,0,0,0,0,0,0,0,0
461,2017-04-24,09:05:52,500,pb1705,XSGE,15855,15740,16025,5658,449473500,22434,22682,17230,14975,16105,16045,0,15975,0,0,0,2017-04-24,32752500,15875,1,0,0,0,0,0,0,0,0,15890,1,0,0,0,0,0,0,0,0
462,2017-04-24,09:05:53,0,pb1705,XSGE,15855,15740,16025,5658,449473500,22434,22682,17230,14975,16105,16045,0,15975,0,0,0,2017-04-24,32753000,15875,5,0,0,0,0,0,0,0,0,15890,2,0,0,0,0,0,0,0,0
463,2017-04-24,09:05:53,500,pb1705,XSGE,15855,15740,16025,5658,449473500,22434,22682,17230,14975,16105,16045,0,15975,0,0,0,2017-04-24,32753500,15875,1,0,0,0,0,0,0,0,0,15890,2,0,0,0,0,0,0,0,0
464,2017-04-24,09:05:54,0,pb1705,XSGE,15855,15740,16025,5658,449473500,22434,22682,17230,14975,16105,16045,0,15975,0,0,0,2017-04-24,32754000,15875,5,0,0,0,0,0,0,0,0,15890,2,0,0,0,0,0,0,0,0
465,2017-04-24,09:05:54,500,pb1705,XSGE,15855,15740,16025,5658,449473500,22434,22682,17230,14975,16105,16045,0,15975,0,0,0,2017-04-24,32754500,15875,1,0,0,0,0,0,0,0,0,15905,2,0,0,0,0,0,0,0,0
466,2017-04-24,09:05:55,0,pb1705,XSGE,15855,15740,16025,5658,449473500,22434,22682,17230,14975,16105,16045,0,15975,0,0,0,2017-04-24,32755000,15875,1,0,0,0,0,0,0,0,0,15895,1,0,0,0,0,0,0,0,0
467,2017-04-24,09:05:55,500,pb1705,XSGE,15855,15740,16025,5658,449473500,22434,22682,17230,14975,16105,16045,0,15975,0,0,0,2017-04-24,32755500,15875,5,0,0,0,0,0,0,0,0,15895,1,0,0,0,0,0,0,0,0
468,2017-04-24,09:05:56,0,pb1705,XSGE,15855,15740,16025,5658,449473500,22434,22682,17230,14975,16105,16045,0,15975,0,0,0,2017-04-24,32756000,15875,1,0,0,0,0,0,0,0,0,15895,1,0,0,0,0,0,0,0,0
469,2017-04-24,09:05:56,500,pb1705,XSGE,15855,15740,16025,5658,449473500,22434,22682,17230,14975,16105,16045,0,15975,0,0,0,2017-04-24,32756500,15875,1,0,0,0,0,0,0,0,0,15895,1,0,0,0,0,0,0,0,0
470,2017-04-24,09:05:57,0,pb1705,XSGE,15855,15740,16025,5658,449473500,22434,22682,17230,14975,16105,16045,0,15975,0,0,0,2017-04-24,32757000,15875,5,0,0,0,0,0,0,0,0,15895,1,0,0,0,0,0,0,0,0
471,2017-04-24,09:05:57,500,pb1705,XSGE,15855,15740,16025,5658,449473500,22434,22682,17230,14975,16105,16045,0,15975,0,0,0,2017-04-24,32757500,15875,1,0,0,0,0,0,0,0,0,15895,1,0,0,0,0,0,0,0,0
472,2017-04-24,09:05:58,0,pb1705,XSGE,15855,15740,16025,5658,449473500,22434,22682,17230,14975,16105,16045,0,15975,0,0,0,2017-04-24,32758000,15875,5,0,0,0,0,0,0,0,0,15895,1,0,0,0,0,0,0,0,0
473,2017-04-24,09:05:58,500,pb1705,XSGE,15855,15740,16025,5658,449473500,22434,22682,17230,14975,16105,16045,0,15975,0,0,0,2017-04-24,32758500,15875,1,0,0,0,0,0,0,0,0,15895,1,0,0,0,0,0,0,0,0
474,2017-04-24,09:05:59,0,pb1705,XSGE,15855,15740,16025,5658,449473500,22434,22682,17230,14975,16105,16045,0,15975,0,0,0,2017-04-24,32759000,15875,5,0,0,0,0,0,0,0,0,15895,1,0,0,0,0,0,0,0,0
475,2017-04-24,09:05:59,500,pb1705,XSGE,15855,15740,16025,5658,449473500,22434,22682,17230,14975,16105,16045,0,15975,0,0,0,2017-04-24,32759500,15875,1,0,0,0,0,0,0,0,0,15895,1,0,0,0,0,0,0,0,0
476,2017-04-24,09:06:00,0,pb1705,XSGE,15855,15740,16025,5658,449473500,22434,22682,17230,14975,16105,16045,0,15975,0,0,0,2017-04-24,32760000,15875,5,0,0,0,0,0,0,0,0,15895,1,0,0,0,0,0,0,0,0
477,2017-04-24,09:06:00,500,pb1705,XSGE,15855,15740,16025,5658,449473500,22434,22682,17230,14975,16105,16045,0,15975,0,0,0,2017-04-24,32760500,15875,1,0,0,0,0,0,0,0,0,15895,1,0,0,0,0,0,0,0,0
478,2017-04-24,09:06:01,0,pb1705,XSGE,15855,15740,16025,5658,449473500,22434,22682,17230,14975,16105,16045,0,15975,0,0,0,2017-04-24,32761000,15875,5,0,0,0,0,0,0,0,0,15895,1,0,0,0,0,0,0,0,0
479,2017-04-24,09:06:01,500,pb1705,XSGE,15855,15740,16025,5658,449473500,22434,22682,17230,14975,16105,16045,0,15975,0,0,0,2017-04-24,32761500,15875,1,0,0,0,0,0,0,0,0,15895,1,0,0,0,0,0,0,0,0
480,2017-04-24,09:06:02,0,pb1705,XSGE,15855,15740,16025,5658,449473500,22434,22682,17230,14975,16105,16045,0,15975,0,0,0,2017-04-24,32762000,15875,5,0,0,0,0,0,0,0,0,15895,1,0,0,0,0,0,0,0,0
481,2017-04-24,09:06:02,500,pb1705,XSGE,15855,15740,16025,5658,449473500,22434,22682,17230,14975,16105,16045,0,15975,0,0,0,2017-04-24,32762500,15875,1,0,0,0,0,0,0,0,0,15890,1,0,0,0,0,0,0,0,0
482,2017-04-24,09:06:03,0,pb1705,XSGE,15855,15740,16025,5658,449473500,22434,22682,17230,14975,16105,16045,0,15975,0,0,0,2017-04-24,32763000,15875,5,0,0,0,0,0,0,0,0,15890,1,0,0,0,0,0,0,0,0
483,2017-04-24,09:06:04,0,pb1705,XSGE,15855,15740,16025,5658,449473500,22434,22682,17230,14975,16105,16045,0,15975,0,0,0,2017-04-24,32764000,15875,1,0,0,0,0,0,0,0,0,15895,1,0,0,0,0,0,0,0,0
484,2017-04-24,09:06:04,500,pb1705,XSGE,15855,15740,16025,5658,449473500,22434,22682,17230,14975,16105,16045,0,15975,0,0,0,2017-04-24,32764500,15875,5,0,0,0,0,0,0,0,0,15900,2,0,0,0,0,0,0,0,0
485,2017-04-24,09:06:05,0,pb1705,XSGE,15875,15740,16025,5662,449791000,22432,22682,17230,14975,16105,16045,0,15975,0,0,0,2017-04-24,32765000,15870,1,0,0,0,0,0,0,0,0,15895,1,0,0,0,0,0,0,0,0
486,2017-04-24,09:06:05,500,pb1705,XSGE,15890,15740,16025,5664,449949900,22432,22682,17230,14975,16105,16045,0,15975,0,0,0,2017-04-24,32765500,15870,1,0,0,0,0,0,0,0,0,15890,1,0,0,0,0,0,0,0,0
487,2017-04-24,09:06:06,0,pb1705,XSGE,15890,15740,16025,5666,450108800,22430,22682,17230,14975,16105,16045,0,15975,0,0,0,2017-04-24,32766000,15870,4,0,0,0,0,0,0,0,0,15895,4,0,0,0,0,0,0,0,0
488,2017-04-24,09:06:06,500,pb1705,XSGE,15890,15740,16025,5666,450108800,22430,22682,17230,14975,16105,16045,0,15975,0,0,0,2017-04-24,32766500,15870,4,0,0,0,0,0,0,0,0,15895,4,0,0,0,0,0,0,0,0
489,2017-04-24,09:06:07,0,pb1705,XSGE,15890,15740,16025,5666,450108800,22430,22682,17230,14975,16105,16045,0,15975,0,0,0,2017-04-24,32767000,15870,1,0,0,0,0,0,0,0,0,15880,1,0,0,0,0,0,0,0,0
490,2017-04-24,09:06:07,500,pb1705,XSGE,15890,15740,16025,5666,450108800,22430,22682,17230,14975,16105,16045,0,15975,0,0,0,2017-04-24,32767500,15870,1,0,0,0,0,0,0,0,0,15880,1,0,0,0,0,0,0,0,0
491,2017-04-24,09:06:08,0,pb1705,XSGE,15890,15740,16025,5666,450108800,22430,22682,17230,14975,16105,16045,0,15975,0,0,0,2017-04-24,32768000,15870,4,0,0,0,0,0,0,0,0,15880,1,0,0,0,0,0,0,0,0
492,2017-04-24,09:06:08,500,pb1705,XSGE,15890,15740,16025,5666,450108800,22430,22682,17230,14975,16105,16045,0,15975,0,0,0,2017-04-24,32768500,15870,4,0,0,0,0,0,0,0,0,15880,1,0,0,0,0,0,0,0,0
493,2017-04-24,09:06:09,0,pb1705,XSGE,15890,15740,16025,5666,450108800,22430,22682,17230,14975,16105,16045,0,15975,0,0,0,2017-04-24,32769000,15855,4,0,0,0,0,0,0,0,0,15880,1,0,0,0,0,0,0,0,0
494,2017-04-24,09:06:09,500,pb1705,XSGE,15890,15740,16025,5666,450108800,22430,22682,17230,14975,16105,16045,0,15975,0,0,0,2017-04-24,32769500,15855,6,0,0,0,0,0,0,0,0,15880,1,0,0,0,0,0,0,0,0
495,2017-04-24,09:06:10,0,pb1705,XSGE,15890,15740,16025,5666,450108800,22430,22682,17230,14975,16105,16045,0,15975,0,0,0,2017-04-24,32770000,15855,9,0,0,0,0,0,0,0,0,15880,1,0,0,0,0,0,0,0,0
496,2017-04-24,09:06:10,500,pb1705,XSGE,15890,15740,16025,5666,450108800,22430,22682,17230,14975,16105,16045,0,15975,0,0,0,2017-04-24,32770500,15855,6,0,0,0,0,0,0,0,0,15880,1,0,0,0,0,0,0,0,0
497,2017-04-24,09:06:11,0,pb1705,XSGE,15890,15740,16025,5666,450108800,22430,22682,17230,14975,16105,16045,0,15975,0,0,0,2017-04-24,32771000,15855,6,0,0,0,0,0,0,0,0,15880,1,0,0,0,0,0,0,0,0
498,2017-04-24,09:06:11,500,pb1705,XSGE,15890,15740,16025,5666,450108800,22430,22682,17230,14975,16105,16045,0,15975,0,0,0,2017-04-24,32771500,15855,9,0,0,0,0,0,0,0,0,15880,1,0,0,0,0,0,0,0,0
499,2017-04-24,09:06:12,0,pb1705,XSGE,15890,15740,16025,5666,450108800,22430,22682,17230,14975,16105,16045,0,15975,0,0,0,2017-04-24,32772000,15855,6,0,0,0,0,0,0,0,0,15880,1,0,0,0,0,0,0,0,0
500,2017-04-24,09:06:12,500,pb1705,XSGE,15890,15740,16025,5666,450108800,22430,22682,17230,14975,16105,16045,0,15975,0,0,0,2017-04-24,32772500,15855,9,0,0,0,0,0,0,0,0,15880,1,0,0,0,0,0,0,0,0
501,2017-04-24,09:06:13,0,pb1705,XSGE,15890,15740,16025,5666,450108800,22430,22682,17230,14975,16105,16045,0,15975,0,0,0,2017-04-24,32773000,15855,6,0,0,0,0,0,0,0,0,15880,1,0,0,0,0,0,0,0,0
502,2017-04-24,09:06:13,500,pb1705,XSGE,15890,15740,16025,5666,450108800,22430,22682,17230,14975,16105,16045,0,15975,0,0,0,2017-04-24,32773500,15860,5,0,0,0,0,0,0,0,0,15880,1,0,0,0,0,0,0,0,0
503,2017-04-24,09:06:14,0,pb1705,XSGE,15890,15740,16025,5666,450108800,22430,22682,17230,14975,16105,16045,0,15975,0,0,0,2017-04-24,32774000,15860,5,0,0,0,0,0,0,0,0,15890,1,0,0,0,0,0,0,0,0
504,2017-04-24,09:06:14,500,pb1705,XSGE,15890,15740,16025,5666,450108800,22430,22682,17230,14975,16105,16045,0,15975,0,0,0,2017-04-24,32774500,15865,1,0,0,0,0,0,0,0,0,15890,1,0,0,0,0,0,0,0,0
505,2017-04-24,09:06:15,0,pb1705,XSGE,15890,15740,16025,5666,450108800,22430,22682,17230,14975,16105,16045,0,15975,0,0,0,2017-04-24,32775000,15865,1,0,0,0,0,0,0,0,0,15890,1,0,0,0,0,0,0,0,0
506,2017-04-24,09:06:15,500,pb1705,XSGE,15890,15740,16025,5666,450108800,22430,22682,17230,14975,16105,16045,0,15975,0,0,0,2017-04-24,32775500,15865,4,0,0,0,0,0,0,0,0,15890,1,0,0,0,0,0,0,0,0
507,2017-04-24,09:06:16,0,pb1705,XSGE,15890,15740,16025,5666,450108800,22430,22682,17230,14975,16105,16045,0,15975,0,0,0,2017-04-24,32776000,15865,1,0,0,0,0,0,0,0,0,15890,1,0,0,0,0,0,0,0,0
508,2017-04-24,09:06:16,500,pb1705,XSGE,15890,15740,16025,5666,450108800,22430,22682,17230,14975,16105,16045,0,15975,0,0,0,2017-04-24,32776500,15865,4,0,0,0,0,0,0,0,0,15890,1,0,0,0,0,0,0,0,0
509,2017-04-24,09:06:17,0,pb1705,XSGE,15890,15740,16025,5666,450108800,22430,22682,17230,14975,16105,16045,0,15975,0,0,0,2017-04-24,32777000,15865,4,0,0,0,0,0,0,0,0,15890,1,0,0,0,0,0,0,0,0
510,2017-04-24,09:06:17,500,pb1705,XSGE,15890,15740,16025,5666,450108800,22430,22682,17230,14975,16105,16045,0,15975,0,0,0,2017-04-24,32777500,15865,1,0,0,0,0,0,0,0,0,15890,1,0,0,0,0,0,0,0,0
511,2017-04-24,09:06:18,0,pb1705,XSGE,15890,15740,16025,5666,450108800,22430,22682,17230,14975,16105,16045,0,15975,0,0,0,2017-04-24,32778000,15865,4,0,0,0,0,0,0,0,0,15890,2,0,0,0,0,0,0,0,0
512,2017-04-24,09:06:18,500,pb1705,XSGE,15890,15740,16025,5666,450108800,22430,22682,17230,14975,16105,16045,0,15975,0,0,0,2017-04-24,32778500,15865,1,0,0,0,0,0,0,0,0,15890,2,0,0,0,0,0,0,0,0
513,2017-04-24,09:06:19,0,pb1705,XSGE,15890,15740,16025,5666,450108800,22430,22682,17230,14975,16105,16045,0,15975,0,0,0,2017-04-24,32779000,15865,4,0,0,0,0,0,0,0,0,15890,2,0,0,0,0,0,0,0,0
514,2017-04-24,09:06:19,500,pb1705,XSGE,15890,15740,16025,5666,450108800,22430,22682,17230,14975,16105,16045,0,15975,0,0,0,2017-04-24,32779500,15865,1,0,0,0,0,0,0,0,0,15890,2,0,0,0,0,0,0,0,0
515,2017-04-24,09:06:20,0,pb1705,XSGE,15890,15740,16025,5666,450108800,22430,22682,17230,14975,16105,16045,0,15975,0,0,0,2017-04-24,32780000,15865,4,0,0,0,0,0,0,0,0,15890,2,0,0,0,0,0,0,0,0
516,2017-04-24,09:06:20,500,pb1705,XSGE,15890,15740,16025,5666,450108800,22430,22682,17230,14975,16105,16045,0,15975,0,0,0,2017-04-24,32780500,15865,4,0,0,0,0,0,0,0,0,15890,2,0,0,0,0,0,0,0,0
517,2017-04-24,09:06:21,0,pb1705,XSGE,15890,15740,16025,5666,450108800,22430,22682,17230,14975,16105,16045,0,15975,0,0,0,2017-04-24,32781000,15865,1,0,0,0,0,0,0,0,0,15890,2,0,0,0,0,0,0,0,0
518,2017-04-24,09:06:21,500,pb1705,XSGE,15890,15740,16025,5666,450108800,22430,22682,17230,14975,16105,16045,0,15975,0,0,0,2017-04-24,32781500,15865,1,0,0,0,0,0,0,0,0,15890,2,0,0,0,0,0,0,0,0
519,2017-04-24,09:06:22,0,pb1705,XSGE,15890,15740,16025,5666,450108800,22430,22682,17230,14975,16105,16045,0,15975,0,0,0,2017-04-24,32782000,15865,4,0,0,0,0,0,0,0,0,15890,2,0,0,0,0,0,0,0,0
520,2017-04-24,09:06:22,500,pb1705,XSGE,15890,15740,16025,5666,450108800,22430,22682,17230,14975,16105,16045,0,15975,0,0,0,2017-04-24,32782500,15865,1,0,0,0,0,0,0,0,0,15890,2,0,0,0,0,0,0,0,0
521,2017-04-24,09:06:23,0,pb1705,XSGE,15890,15740,16025,5666,450108800,22430,22682,17230,14975,16105,16045,0,15975,0,0,0,2017-04-24,32783000,15865,4,0,0,0,0,0,0,0,0,15890,2,0,0,0,0,0,0,0,0
522,2017-04-24,09:06:23,500,pb1705,XSGE,15890,15740,16025,5666,450108800,22430,22682,17230,14975,16105,16045,0,15975,0,0,0,2017-04-24,32783500,15865,1,0,0,0,0,0,0,0,0,15890,2,0,0,0,0,0,0,0,0
523,2017-04-24,09:06:24,0,pb1705,XSGE,15890,15740,16025,5666,450108800,22430,22682,17230,14975,16105,16045,0,15975,0,0,0,2017-04-24,32784000,15865,4,0,0,0,0,0,0,0,0,15890,2,0,0,0,0,0,0,0,0
