,dataDate,dataTime,dataMillisec,instrumentID,exchangeCD,lastPrice,lowPrice,highPrice,volume,value,openInterest,preOpenInterest,upperLimitPrice,lowerLimitPrice,preSettlementPrice,prevClosePrice,settlementPrice,openPrice,closePrice,preDelta,currDelta,clearingDay,milliSecOffset,bidPrice1,bidVolume1,bidPrice2,bidVolume2,bidPrice3,bidVolume3,bidPrice4,bidVolume4,bidPrice5,bidVolume5,askPrice1,askVolume1,askPrice2,askVolume2,askPrice3,askVolume3,askPrice4,askVolume4,askPrice5,askVolume5
0,2017-04-24,08:59:00,708,pp1709,XDCE,7630,7630,7630,1352,51578800,528890,529630,8116,7344,7730,7642,0,7630,0,0,0,2017-04-24,32340708,7628,19,0,0,0,0,0,0,0,0,7630,11,0,0,0,0,0,0,0,0
1,2017-04-24,09:00:01,201,pp1709,XDCE,7625,7624,7635,1740,66378500,528840,529630,8116,7344,7730,7642,0,7630,0,0,0,2017-04-24,32401201,7624,5,0,0,0,0,0,0,0,0,7625,15,0,0,0,0,0,0,0,0
2,2017-04-24,09:00:01,691,pp1709,XDCE,7624,7620,7635,2390,91158350,528690,529630,8116,7344,7730,7642,0,7630,0,0,0,2017-04-24,32401691,7624,106,0,0,0,0,0,0,0,0,7626,1,0,0,0,0,0,0,0,0
3,2017-04-24,09:00:02,201,pp1709,XDCE,7626,7620,7635,2710,103359460,528576,529630,8116,7344,7730,7642,0,7630,0,0,0,2017-04-24,32402201,7626,32,0,0,0,0,0,0,0,0,7627,73,0,0,0,0,0,0,0,0
4,2017-04-24,09:00:02,694,pp1709,XDCE,7626,7620,7635,2876,109689200,528512,529630,8116,7344,7730,7642,0,7630,0,0,0,2017-04-24,32402694,7625,2,0,0,0,0,0,0,0,0,7626,7,0,0,0,0,0,0,0,0
5,2017-04-24,09:00:03,189,pp1709,XDCE,7626,7620,7635,2958,112815690,528512,529630,8116,7344,7730,7642,0,7630,0,0,0,2017-04-24,32403189,7625,23,0,0,0,0,0,0,0,0,7626,6,0,0,0,0,0,0,0,0
6,2017-04-24,09:00:03,682,pp1709,XDCE,7624,7620,7635,3082,117543150,528434,529630,8116,7344,7730,7642,0,7630,0,0,0,2017-04-24,32403682,7624,7,0,0,0,0,0,0,0,0,7626,5,0,0,0,0,0,0,0,0
7,2017-04-24,09:00:04,190,pp1709,XDCE,7625,7620,7635,3176,121127030,528398,529630,8116,7344,7730,7642,0,7630,0,0,0,2017-04-24,32404190,7624,5,0,0,0,0,0,0,0,0,7626,21,0,0,0,0,0,0,0,0
8,2017-04-24,09:00:04,699,pp1709,XDCE,7625,7620,7635,3264,124482060,528358,529630,8116,7344,7730,7642,0,7630,0,0,0,2017-04-24,32404699,7625,34,0,0,0,0,0,0,0,0,7626,15,0,0,0,0,0,0,0,0
9,2017-04-24,09:00:05,180,pp1709,XDCE,7626,7620,7635,3314,126388520,528362,529630,8116,7344,7730,7642,0,7630,0,0,0,2017-04-24,32405180,7626,4,0,0,0,0,0,0,0,0,7627,54,0,0,0,0,0,0,0,0
10,2017-04-24,09:00:05,692,pp1709,XDCE,7627,7620,7635,3612,137750280,528350,529630,8116,7344,7730,7642,0,7630,0,0,0,2017-04-24,32405692,7626,7,0,0,0,0,0,0,0,0,7627,20,0,0,0,0,0,0,0,0
11,2017-04-24,09:00:06,201,pp1709,XDCE,7621,7620,7635,3814,145451420,528370,529630,8116,7344,7730,7642,0,7630,0,0,0,2017-04-24,32406201,7621,14,0,0,0,0,0,0,0,0,7626,18,0,0,0,0,0,0,0,0
12,2017-04-24,09:00:06,681,pp1709,XDCE,7624,7620,7635,3954,150787420,528360,529630,8116,7344,7730,7642,0,7630,0,0,0,2017-04-24,32406681,7621,1,0,0,0,0,0,0,0,0,7623,1,0,0,0,0,0,0,0,0
13,2017-04-24,09:00:07,189,pp1709,XDCE,7622,7620,7635,4006,152769680,528354,529630,8116,7344,7730,7642,0,7630,0,0,0,2017-04-24,32407189,7621,1,0,0,0,0,0,0,0,0,7622,70,0,0,0,0,0,0,0,0
14,2017-04-24,09:00:07,678,pp1709,XDCE,7623,7620,7635,4108,156656670,528322,529630,8116,7344,7730,7642,0,7630,0,0,0,2017-04-24,32407678,7619,2,0,0,0,0,0,0,0,0,7623,10,0,0,0,0,0,0,0,0
15,2017-04-24,09:00:08,200,pp1709,XDCE,7619,7618,7635,4192,159857390,528346,529630,8116,7344,7730,7642,0,7630,0,0,0,2017-04-24,32408200,7619,40,0,0,0,0,0,0,0,0,7621,2,0,0,0,0,0,0,0,0
16,2017-04-24,09:00:08,679,pp1709,XDCE,7619,7618,7635,4326,164962320,528334,529630,8116,7344,7730,7642,0,7630,0,0,0,2017-04-24,32408679,7619,2,0,0,0,0,0,0,0,0,7621,1,0,0,0,0,0,0,0,0
17,2017-04-24,09:00:09,174,pp1709,XDCE,7616,7616,7635,4408,168085570,528322,529630,8116,7344,7730,7642,0,7630,0,0,0,2017-04-24,32409174,7615,3,0,0,0,0,0,0,0,0,7616,1,0,0,0,0,0,0,0,0
18,2017-04-24,09:00:09,700,pp1709,XDCE,7615,7614,7635,4480,170827380,528308,529630,8116,7344,7730,7642,0,7630,0,0,0,2017-04-24,32409700,7615,2,0,0,0,0,0,0,0,0,7617,2,0,0,0,0,0,0,0,0
19,2017-04-24,09:00:10,197,pp1709,XDCE,7614,7614,7635,4588,174939540,528238,529630,8116,7344,7730,7642,0,7630,0,0,0,2017-04-24,32410197,7613,33,0,0,0,0,0,0,0,0,7614,8,0,0,0,0,0,0,0,0
20,2017-04-24,09:00:10,697,pp1709,XDCE,7613,7613,7635,4712,179660260,528244,529630,8116,7344,7730,7642,0,7630,0,0,0,2017-04-24,32410697,7612,7,0,0,0,0,0,0,0,0,7613,37,0,0,0,0,0,0,0,0
21,2017-04-24,09:00:11,183,pp1709,XDCE,7608,7608,7635,4968,189402430,528196,529630,8116,7344,7730,7642,0,7630,0,0,0,2017-04-24,32411183,7607,14,0,0,0,0,0,0,0,0,7608,12,0,0,0,0,0,0,0,0
22,2017-04-24,09:00:11,701,pp1709,XDCE,7608,7606,7635,5086,193891070,528146,529630,8116,7344,7730,7642,0,7630,0,0,0,2017-04-24,32411701,7606,12,0,0,0,0,0,0,0,0,7608,1,0,0,0,0,0,0,0,0
23,2017-04-24,09:00:12,193,pp1709,XDCE,7614,7606,7635,5238,199675530,528142,529630,8116,7344,7730,7642,0,7630,0,0,0,2017-04-24,32412193,7608,18,0,0,0,0,0,0,0,0,7614,47,0,0,0,0,0,0,0,0
24,2017-04-24,09:00:12,687,pp1709,XDCE,7608,7606,7635,5342,203631790,528136,529630,8116,7344,7730,7642,0,7630,0,0,0,2017-04-24,32412687,7606,8,0,0,0,0,0,0,0,0,7608,4,0,0,0,0,0,0,0,0
25,2017-04-24,09:00:13,199,pp1709,XDCE,7604,7604,7635,5476,208727460,528184,529630,8116,7344,7730,7642,0,7630,0,0,0,2017-04-24,32413199,7604,29,0,0,0,0,0,0,0,0,7606,5,0,0,0,0,0,0,0,0
26,2017-04-24,09:00:13,693,pp1709,XDCE,7604,7604,7635,5588,212986680,528124,529630,8116,7344,7730,7642,0,7630,0,0,0,2017-04-24,32413693,7604,1,0,0,0,0,0,0,0,0,7606,124,0,0,0,0,0,0,0,0
27,2017-04-24,09:00:14,202,pp1709,XDCE,7604,7603,7635,5620,214203280,528114,529630,8116,7344,7730,7642,0,7630,0,0,0,2017-04-24,32414202,7603,18,0,0,0,0,0,0,0,0,7604,163,0,0,0,0,0,0,0,0
28,2017-04-24,09:00:14,679,pp1709,XDCE,7603,7603,7635,5746,218993500,528086,529630,8116,7344,7730,7642,0,7630,0,0,0,2017-04-24,32414679,7603,30,0,0,0,0,0,0,0,0,7604,131,0,0,0,0,0,0,0,0
29,2017-04-24,09:00:15,180,pp1709,XDCE,7608,7603,7635,6032,229867410,527930,529630,8116,7344,7730,7642,0,7630,0,0,0,2017-04-24,32415180,7604,19,0,0,0,0,0,0,0,0,7610,4,0,0,0,0,0,0,0,0
30,2017-04-24,09:00:15,697,pp1709,XDCE,7608,7603,7635,6160,234733660,527976,529630,8116,7344,7730,7642,0,7630,0,0,0,2017-04-24,32415697,7606,4,0,0,0,0,0,0,0,0,7607,1,0,0,0,0,0,0,0,0
31,2017-04-24,09:00:16,190,pp1709,XDCE,7606,7603,7635,6182,235570230,527988,529630,8116,7344,7730,7642,0,7630,0,0,0,2017-04-24,32416190,7603,12,0,0,0,0,0,0,0,0,7606,8,0,0,0,0,0,0,0,0
32,2017-04-24,09:00:16,692,pp1709,XDCE,7607,7603,7635,6244,237928100,527990,529630,8116,7344,7730,7642,0,7630,0,0,0,2017-04-24,32416692,7607,3,0,0,0,0,0,0,0,0,7609,7,0,0,0,0,0,0,0,0
33,2017-04-24,09:00:17,190,pp1709,XDCE,7609,7603,7635,6282,239373450,527972,529630,8116,7344,7730,7642,0,7630,0,0,0,2017-04-24,32417190,7607,1,0,0,0,0,0,0,0,0,7609,5,0,0,0,0,0,0,0,0
34,2017-04-24,09:00:17,699,pp1709,XDCE,7607,7603,7635,6380,243100770,527990,529630,8116,7344,7730,7642,0,7630,0,0,0,2017-04-24,32417699,7606,2,0,0,0,0,0,0,0,0,7607,19,0,0,0,0,0,0,0,0
35,2017-04-24,09:00:18,175,pp1709,XDCE,7610,7603,7635,6468,246448410,528018,529630,8116,7344,7730,7642,0,7630,0,0,0,2017-04-24,32418175,7608,1,0,0,0,0,0,0,0,0,7610,17,0,0,0,0,0,0,0,0
36,2017-04-24,09:00:18,682,pp1709,XDCE,7606,7603,7635,6542,249263260,528042,529630,8116,7344,7730,7642,0,7630,0,0,0,2017-04-24,32418682,7606,4,0,0,0,0,0,0,0,0,7607,57,0,0,0,0,0,0,0,0
37,2017-04-24,09:00:19,193,pp1709,XDCE,7606,7603,7635,6590,251088740,528046,529630,8116,7344,7730,7642,0,7630,0,0,0,2017-04-24,32419193,7605,45,0,0,0,0,0,0,0,0,7607,1,0,0,0,0,0,0,0,0
38,2017-04-24,09:00:19,700,pp1709,XDCE,7606,7603,7635,6712,255727950,528140,529630,8116,7344,7730,7642,0,7630,0,0,0,2017-04-24,32419700,7604,21,0,0,0,0,0,0,0,0,7608,23,0,0,0,0,0,0,0,0
39,2017-04-24,09:00:20,174,pp1709,XDCE,7602,7602,7635,6842,260670990,528166,529630,8116,7344,7730,7642,0,7630,0,0,0,2017-04-24,32420174,7602,15,0,0,0,0,0,0,0,0,7603,85,0,0,0,0,0,0,0,0
40,2017-04-24,09:00:20,669,pp1709,XDCE,7600,7600,7635,7028,267739980,528150,529630,8116,7344,7730,7642,0,7630,0,0,0,2017-04-24,32420669,7600,110,0,0,0,0,0,0,0,0,7601,15,0,0,0,0,0,0,0,0
41,2017-04-24,09:00:21,193,pp1709,XDCE,7600,7600,7635,7324,278988530,528244,529630,8116,7344,7730,7642,0,7630,0,0,0,2017-04-24,32421193,7600,4,0,0,0,0,0,0,0,0,7602,27,0,0,0,0,0,0,0,0
42,2017-04-24,09:00:21,698,pp1709,XDCE,7593,7593,7635,7462,284229960,528324,529630,8116,7344,7730,7642,0,7630,0,0,0,2017-04-24,32421698,7594,1,0,0,0,0,0,0,0,0,7596,1,0,0,0,0,0,0,0,0
43,2017-04-24,09:00:22,197,pp1709,XDCE,7596,7593,7635,7550,287572650,528308,529630,8116,7344,7730,7642,0,7630,0,0,0,2017-04-24,32422197,7596,18,0,0,0,0,0,0,0,0,7598,8,0,0,0,0,0,0,0,0
44,2017-04-24,09:00:22,689,pp1709,XDCE,7596,7586,7635,7922,301689290,528416,529630,8116,7344,7730,7642,0,7630,0,0,0,2017-04-24,32422689,7596,13,0,0,0,0,0,0,0,0,7598,6,0,0,0,0,0,0,0,0
45,2017-04-24,09:00:23,157,pp1709,XDCE,7596,7586,7635,8012,305107370,528442,529630,8116,7344,7730,7642,0,7630,0,0,0,2017-04-24,32423157,7593,5,0,0,0,0,0,0,0,0,7596,37,0,0,0,0,0,0,0,0
46,2017-04-24,09:00:23,701,pp1709,XDCE,7595,7586,7635,8070,307309970,528452,529630,8116,7344,7730,7642,0,7630,0,0,0,2017-04-24,32423701,7593,8,0,0,0,0,0,0,0,0,7595,3,0,0,0,0,0,0,0,0
47,2017-04-24,09:00:24,180,pp1709,XDCE,7594,7586,7635,8102,308525040,528462,529630,8116,7344,7730,7642,0,7630,0,0,0,2017-04-24,32424180,7593,61,0,0,0,0,0,0,0,0,7596,14,0,0,0,0,0,0,0,0
48,2017-04-24,09:00:24,702,pp1709,XDCE,7596,7586,7635,8124,309360430,528452,529630,8116,7344,7730,7642,0,7630,0,0,0,2017-04-24,32424702,7594,35,0,0,0,0,0,0,0,0,7596,11,0,0,0,0,0,0,0,0
49,2017-04-24,09:00:25,99,pp1709,XDCE,7595,7586,7635,8142,310044040,528452,529630,8116,7344,7730,7642,0,7630,0,0,0,2017-04-24,32425099,7594,1,0,0,0,0,0,0,0,0,7596,4,0,0,0,0,0,0,0,0
50,2017-04-24,09:00:25,678,pp1709,XDCE,7594,7586,7635,8170,311107210,528450,529630,8116,7344,7730,7642,0,7630,0,0,0,2017-04-24,32425678,7590,4,0,0,0,0,0,0,0,0,7594,101,0,0,0,0,0,0,0,0
51,2017-04-24,09:00:26,161,pp1709,XDCE,7591,7586,7635,8204,312398160,528428,529630,8116,7344,7730,7642,0,7630,0,0,0,2017-04-24,32426161,7590,3,0,0,0,0,0,0,0,0,7593,3,0,0,0,0,0,0,0,0
52,2017-04-24,09:00:26,691,pp1709,XDCE,7594,7586,7635,8232,313461170,528420,529630,8116,7344,7730,7642,0,7630,0,0,0,2017-04-24,32426691,7593,1,0,0,0,0,0,0,0,0,7594,83,0,0,0,0,0,0,0,0
53,2017-04-24,09:00:27,192,pp1709,XDCE,7596,7586,7635,8410,320219870,528262,529630,8116,7344,7730,7642,0,7630,0,0,0,2017-04-24,32427192,7595,3,0,0,0,0,0,0,0,0,7597,7,0,0,0,0,0,0,0,0
54,2017-04-24,09:00:27,669,pp1709,XDCE,7594,7586,7635,8574,326447500,528138,529630,8116,7344,7730,7642,0,7630,0,0,0,2017-04-24,32427669,7594,3,0,0,0,0,0,0,0,0,7596,5,0,0,0,0,0,0,0,0
55,2017-04-24,09:00:28,195,pp1709,XDCE,7594,7586,7635,8606,327662620,528144,529630,8116,7344,7730,7642,0,7630,0,0,0,2017-04-24,32428195,7594,2,0,0,0,0,0,0,0,0,7596,1,0,0,0,0,0,0,0,0
56,2017-04-24,09:00:28,702,pp1709,XDCE,7596,7586,7635,8746,332976940,528068,529630,8116,7344,7730,7642,0,7630,0,0,0,2017-04-24,32428702,7596,7,0,0,0,0,0,0,0,0,7597,26,0,0,0,0,0,0,0,0
57,2017-04-24,09:00:29,173,pp1709,XDCE,7595,7586,7635,8776,334116180,528056,529630,8116,7344,7730,7642,0,7630,0,0,0,2017-04-24,32429173,7594,20,0,0,0,0,0,0,0,0,7595,3,0,0,0,0,0,0,0,0
58,2017-04-24,09:00:29,673,pp1709,XDCE,7597,7586,7635,8848,336850430,528076,529630,8116,7344,7730,7642,0,7630,0,0,0,2017-04-24,32429673,7595,9,0,0,0,0,0,0,0,0,7597,15,0,0,0,0,0,0,0,0
59,2017-04-24,09:00:30,179,pp1709,XDCE,7590,7586,7635,9002,342697920,528140,529630,8116,7344,7730,7642,0,7630,0,0,0,2017-04-24,32430179,7586,12,0,0,0,0,0,0,0,0,7593,17,0,0,0,0,0,0,0,0
60,2017-04-24,09:00:30,671,pp1709,XDCE,7593,7586,7635,9082,345734930,528132,529630,8116,7344,7730,7642,0,7630,0,0,0,2017-04-24,32430671,7591,1,0,0,0,0,0,0,0,0,7593,12,0,0,0,0,0,0,0,0
61,2017-04-24,09:00:31,192,pp1709,XDCE,7594,7586,7635,9134,347709070,528148,529630,8116,7344,7730,7642,0,7630,0,0,0,2017-04-24,32431192,7590,2,0,0,0,0,0,0,0,0,7594,147,0,0,0,0,0,0,0,0
62,2017-04-24,09:00:31,669,pp1709,XDCE,7594,7586,7635,9200,350214910,528170,529630,8116,7344,7730,7642,0,7630,0,0,0,2017-04-24,32431669,7593,3,0,0,0,0,0,0,0,0,7594,124,0,0,0,0,0,0,0,0
63,2017-04-24,09:00:32,170,pp1709,XDCE,7592,7586,7635,9250,352113130,528132,529630,8116,7344,7730,7642,0,7630,0,0,0,2017-04-24,32432170,7592,3,0,0,0,0,0,0,0,0,7593,9,0,0,0,0,0,0,0,0
64,2017-04-24,09:00:32,701,pp1709,XDCE,7594,7586,7635,9398,357732560,528116,529630,8116,7344,7730,7642,0,7630,0,0,0,2017-04-24,32432701,7592,5,0,0,0,0,0,0,0,0,7594,63,0,0,0,0,0,0,0,0
65,2017-04-24,09:00:33,154,pp1709,XDCE,7593,7586,7635,9420,358567890,528118,529630,8116,7344,7730,7642,0,7630,0,0,0,2017-04-24,32433154,7593,5,0,0,0,0,0,0,0,0,7594,54,0,0,0,0,0,0,0,0
66,2017-04-24,09:00:33,672,pp1709,XDCE,7594,7586,7635,9438,359251350,528126,529630,8116,7344,7730,7642,0,7630,0,0,0,2017-04-24,32433672,7593,6,0,0,0,0,0,0,0,0,7594,45,0,0,0,0,0,0,0,0
67,2017-04-24,09:00:34,172,pp1709,XDCE,7595,7586,7635,9646,367149160,528080,529630,8116,7344,7730,7642,0,7630,0,0,0,2017-04-24,32434172,7594,10,0,0,0,0,0,0,0,0,7595,9,0,0,0,0,0,0,0,0
68,2017-04-24,09:00:34,692,pp1709,XDCE,7594,7586,7635,9886,376267350,527930,529630,8116,7344,7730,7642,0,7630,0,0,0,2017-04-24,32434692,7595,1,0,0,0,0,0,0,0,0,7600,39,0,0,0,0,0,0,0,0
69,2017-04-24,09:00:35,172,pp1709,XDCE,7599,7586,7635,9928,377862400,527950,529630,8116,7344,7730,7642,0,7630,0,0,0,2017-04-24,32435172,7596,13,0,0,0,0,0,0,0,0,7598,1,0,0,0,0,0,0,0,0
70,2017-04-24,09:00:35,678,pp1709,XDCE,7599,7586,7635,9978,379761700,527932,529630,8116,7344,7730,7642,0,7630,0,0,0,2017-04-24,32435678,7597,1,0,0,0,0,0,0,0,0,7599,2,0,0,0,0,0,0,0,0
71,2017-04-24,09:00:36,185,pp1709,XDCE,7597,7586,7635,10006,380825250,527940,529630,8116,7344,7730,7642,0,7630,0,0,0,2017-04-24,32436185,7596,8,0,0,0,0,0,0,0,0,7597,2,0,0,0,0,0,0,0,0
72,2017-04-24,09:00:36,700,pp1709,XDCE,7597,7586,7635,10048,382420670,527930,529630,8116,7344,7730,7642,0,7630,0,0,0,2017-04-24,32436700,7595,24,0,0,0,0,0,0,0,0,7598,12,0,0,0,0,0,0,0,0
73,2017-04-24,09:00:37,177,pp1709,XDCE,7597,7586,7635,10058,382800500,527930,529630,8116,7344,7730,7642,0,7630,0,0,0,2017-04-24,32437177,7595,2,0,0,0,0,0,0,0,0,7596,2,0,0,0,0,0,0,0,0
74,2017-04-24,09:00:37,672,pp1709,XDCE,7595,7586,7635,10106,384623280,527950,529630,8116,7344,7730,7642,0,7630,0,0,0,2017-04-24,32437672,7594,48,0,0,0,0,0,0,0,0,7595,32,0,0,0,0,0,0,0,0
75,2017-04-24,09:00:38,170,pp1709,XDCE,7593,7586,7635,10256,390318630,527930,529630,8116,7344,7730,7642,0,7630,0,0,0,2017-04-24,32438170,7592,6,0,0,0,0,0,0,0,0,7594,20,0,0,0,0,0,0,0,0
76,2017-04-24,09:00:38,687,pp1709,XDCE,7594,7586,7635,10338,393432060,527920,529630,8116,7344,7730,7642,0,7630,0,0,0,2017-04-24,32438687,7592,5,0,0,0,0,0,0,0,0,7594,1,0,0,0,0,0,0,0,0
77,2017-04-24,09:00:39,202,pp1709,XDCE,7595,7586,7635,10370,394647100,527922,529630,8116,7344,7730,7642,0,7630,0,0,0,2017-04-24,32439202,7592,5,0,0,0,0,0,0,0,0,7594,1,0,0,0,0,0,0,0,0
78,2017-04-24,09:00:39,596,pp1709,XDCE,7595,7586,7635,10390,395406530,527932,529630,8116,7344,7730,7642,0,7630,0,0,0,2017-04-24,32439596,7592,3,0,0,0,0,0,0,0,0,7595,110,0,0,0,0,0,0,0,0
79,2017-04-24,09:00:40,168,pp1709,XDCE,7592,7586,7635,10412,396241650,527936,529630,8116,7344,7730,7642,0,7630,0,0,0,2017-04-24,32440168,7592,4,0,0,0,0,0,0,0,0,7594,17,0,0,0,0,0,0,0,0
80,2017-04-24,09:00:40,698,pp1709,XDCE,7592,7586,7635,10426,396773210,527934,529630,8116,7344,7730,7642,0,7630,0,0,0,2017-04-24,32440698,7591,21,0,0,0,0,0,0,0,0,7592,1,0,0,0,0,0,0,0,0
81,2017-04-24,09:00:41,199,pp1709,XDCE,7594,7586,7635,10448,397608510,527932,529630,8116,7344,7730,7642,0,7630,0,0,0,2017-04-24,32441199,7591,21,0,0,0,0,0,0,0,0,7594,7,0,0,0,0,0,0,0,0
82,2017-04-24,09:00:41,692,pp1709,XDCE,7595,7586,7635,10504,399735040,527960,529630,8116,7344,7730,7642,0,7630,0,0,0,2017-04-24,32441692,7594,3,0,0,0,0,0,0,0,0,7595,94,0,0,0,0,0,0,0,0
83,2017-04-24,09:00:42,187,pp1709,XDCE,7595,7586,7635,10650,405277310,527902,529630,8116,7344,7730,7642,0,7630,0,0,0,2017-04-24,32442187,7592,5,0,0,0,0,0,0,0,0,7594,1,0,0,0,0,0,0,0,0
84,2017-04-24,09:00:42,669,pp1709,XDCE,7591,7586,7635,10758,409376590,527950,529630,8116,7344,7730,7642,0,7630,0,0,0,2017-04-24,32442669,7594,3,0,0,0,0,0,0,0,0,7595,88,0,0,0,0,0,0,0,0
85,2017-04-24,09:00:43,184,pp1709,XDCE,7595,7586,7635,10804,411123210,527932,529630,8116,7344,7730,7642,0,7630,0,0,0,2017-04-24,32443184,7592,11,0,0,0,0,0,0,0,0,7594,4,0,0,0,0,0,0,0,0
86,2017-04-24,09:00:43,644,pp1709,XDCE,7594,7586,7635,10818,411654760,527924,529630,8116,7344,7730,7642,0,7630,0,0,0,2017-04-24,32443644,7594,1,0,0,0,0,0,0,0,0,7595,83,0,0,0,0,0,0,0,0
87,2017-04-24,09:00:44,181,pp1709,XDCE,7595,7586,7635,10902,414843870,527912,529630,8116,7344,7730,7642,0,7630,0,0,0,2017-04-24,32444181,7594,8,0,0,0,0,0,0,0,0,7595,72,0,0,0,0,0,0,0,0
88,2017-04-24,09:00:44,693,pp1709,XDCE,7595,7586,7635,10928,415831120,527904,529630,8116,7344,7730,7642,0,7630,0,0,0,2017-04-24,32444693,7592,10,0,0,0,0,0,0,0,0,7593,1,0,0,0,0,0,0,0,0
89,2017-04-24,09:00:45,181,pp1709,XDCE,7595,7586,7635,10960,417046300,527906,529630,8116,7344,7730,7642,0,7630,0,0,0,2017-04-24,32445181,7593,7,0,0,0,0,0,0,0,0,7595,54,0,0,0,0,0,0,0,0
90,2017-04-24,09:00:45,671,pp1709,XDCE,7597,7586,7635,11092,422059130,527880,529630,8116,7344,7730,7642,0,7630,0,0,0,2017-04-24,32445671,7595,4,0,0,0,0,0,0,0,0,7598,1,0,0,0,0,0,0,0,0
91,2017-04-24,09:00:46,177,pp1709,XDCE,7595,7586,7635,11174,425172150,527880,529630,8116,7344,7730,7642,0,7630,0,0,0,2017-04-24,32446177,7594,44,0,0,0,0,0,0,0,0,7595,3,0,0,0,0,0,0,0,0
92,2017-04-24,09:00:46,697,pp1709,XDCE,7596,7586,7635,11184,425551940,527876,529630,8116,7344,7730,7642,0,7630,0,0,0,2017-04-24,32446697,7596,4,0,0,0,0,0,0,0,0,7598,7,0,0,0,0,0,0,0,0
93,2017-04-24,09:00:47,182,pp1709,XDCE,7596,7586,7635,11218,426843280,527850,529630,8116,7344,7730,7642,0,7630,0,0,0,2017-04-24,32447182,7595,26,0,0,0,0,0,0,0,0,7596,47,0,0,0,0,0,0,0,0
94,2017-04-24,09:00:47,668,pp1709,XDCE,7596,7586,7635,11222,426995200,527854,529630,8116,7344,7730,7642,0,7630,0,0,0,2017-04-24,32447668,7595,18,0,0,0,0,0,0,0,0,7596,47,0,0,0,0,0,0,0,0
95,2017-04-24,09:00:48,169,pp1709,XDCE,7595,7586,7635,11266,428666100,527872,529630,8116,7344,7730,7642,0,7630,0,0,0,2017-04-24,32448169,7594,14,0,0,0,0,0,0,0,0,7595,14,0,0,0,0,0,0,0,0
96,2017-04-24,09:00:48,520,pp1709,XDCE,7595,7586,7635,11308,430260870,527858,529630,8116,7344,7730,7642,0,7630,0,0,0,2017-04-24,32448520,7593,8,0,0,0,0,0,0,0,0,7595,11,0,0,0,0,0,0,0,0
97,2017-04-24,09:00:49,183,pp1709,XDCE,7595,7586,7635,11336,431324130,527878,529630,8116,7344,7730,7642,0,7630,0,0,0,2017-04-24,32449183,7593,6,0,0,0,0,0,0,0,0,7595,1,0,0,0,0,0,0,0,0
98,2017-04-24,09:00:49,675,pp1709,XDCE,7598,7586,7635,11548,439376840,527862,529630,8116,7344,7730,7642,0,7630,0,0,0,2017-04-24,32449675,7595,2,0,0,0,0,0,0,0,0,7597,1,0,0,0,0,0,0,0,0
99,2017-04-24,09:00:50,199,pp1709,XDCE,7596,7586,7635,11568,440136420,527856,529630,8116,7344,7730,7642,0,7630,0,0,0,2017-04-24,32450199,7594,6,0,0,0,0,0,0,0,0,7596,46,0,0,0,0,0,0,0,0
100,2017-04-24,09:00:50,675,pp1709,XDCE,7591,7586,7635,11712,445604130,527924,529630,8116,7344,7730,7642,0,7630,0,0,0,2017-04-24,32450675,7591,7,0,0,0,0,0,0,0,0,7593,47,0,0,0,0,0,0,0,0
101,2017-04-24,09:00:51,124,pp1709,XDCE,7593,7586,7635,11728,446211570,527920,529630,8116,7344,7730,7642,0,7630,0,0,0,2017-04-24,32451124,7591,7,0,0,0,0,0,0,0,0,7593,24,0,0,0,0,0,0,0,0
102,2017-04-24,09:00:51,671,pp1709,XDCE,7591,7586,7635,11756,447274400,527920,529630,8116,7344,7730,7642,0,7630,0,0,0,2017-04-24,32451671,7590,29,0,0,0,0,0,0,0,0,7592,7,0,0,0,0,0,0,0,0
103,2017-04-24,09:00:52,152,pp1709,XDCE,7590,7586,7635,11790,448565050,527914,529630,8116,7344,7730,7642,0,7630,0,0,0,2017-04-24,32452152,7590,26,0,0,0,0,0,0,0,0,7593,13,0,0,0,0,0,0,0,0
104,2017-04-24,09:00:52,581,pp1709,XDCE,7593,7586,7635,11814,449476150,527914,529630,8116,7344,7730,7642,0,7630,0,0,0,2017-04-24,32452581,7590,24,0,0,0,0,0,0,0,0,7593,3,0,0,0,0,0,0,0,0
105,2017-04-24,09:00:53,168,pp1709,XDCE,7593,7586,7635,11828,450007590,527912,529630,8116,7344,7730,7642,0,7630,0,0,0,2017-04-24,32453168,7591,3,0,0,0,0,0,0,0,0,7594,310,0,0,0,0,0,0,0,0
106,2017-04-24,09:00:53,681,pp1709,XDCE,7591,7586,7635,11886,452209530,527880,529630,8116,7344,7730,7642,0,7630,0,0,0,2017-04-24,32453681,7590,26,0,0,0,0,0,0,0,0,7594,310,0,0,0,0,0,0,0,0
107,2017-04-24,09:00:54,176,pp1709,XDCE,7590,7586,7635,11938,454183110,527888,529630,8116,7344,7730,7642,0,7630,0,0,0,2017-04-24,32454176,7591,1,0,0,0,0,0,0,0,0,7593,7,0,0,0,0,0,0,0,0
108,2017-04-24,09:00:54,668,pp1709,XDCE,7591,7586,7635,11988,456080840,527846,529630,8116,7344,7730,7642,0,7630,0,0,0,2017-04-24,32454668,7590,8,0,0,0,0,0,0,0,0,7591,8,0,0,0,0,0,0,0,0
109,2017-04-24,09:00:55,169,pp1709,XDCE,7591,7586,7635,12032,457751080,527822,529630,8116,7344,7730,7642,0,7630,0,0,0,2017-04-24,32455169,7591,10,0,0,0,0,0,0,0,0,7594,303,0,0,0,0,0,0,0,0
110,2017-04-24,09:00:55,692,pp1709,XDCE,7594,7586,7635,12072,459269850,527822,529630,8116,7344,7730,7642,0,7630,0,0,0,2017-04-24,32455692,7592,2,0,0,0,0,0,0,0,0,7594,294,0,0,0,0,0,0,0,0
111,2017-04-24,09:00:56,75,pp1709,XDCE,7594,7586,7635,12106,460560750,527822,529630,8116,7344,7730,7642,0,7630,0,0,0,2017-04-24,32456075,7592,1,0,0,0,0,0,0,0,0,7594,281,0,0,0,0,0,0,0,0
112,2017-04-24,09:00:56,676,pp1709,XDCE,7590,7586,7635,12148,462154740,527830,529630,8116,7344,7730,7642,0,7630,0,0,0,2017-04-24,32456676,7590,38,0,0,0,0,0,0,0,0,7592,3,0,0,0,0,0,0,0,0
113,2017-04-24,09:00:57,197,pp1709,XDCE,7591,7586,7635,12152,462306550,527832,529630,8116,7344,7730,7642,0,7630,0,0,0,2017-04-24,32457197,7590,12,0,0,0,0,0,0,0,0,7592,3,0,0,0,0,0,0,0,0
114,2017-04-24,09:00:57,667,pp1709,XDCE,7592,7586,7635,12160,462610230,527830,529630,8116,7344,7730,7642,0,7630,0,0,0,2017-04-24,32457667,7590,5,0,0,0,0,0,0,0,0,7592,4,0,0,0,0,0,0,0,0
115,2017-04-24,09:00:58,164,pp1709,XDCE,7592,7586,7635,12202,464204500,527848,529630,8116,7344,7730,7642,0,7630,0,0,0,2017-04-24,32458164,7590,5,0,0,0,0,0,0,0,0,7592,8,0,0,0,0,0,0,0,0
116,2017-04-24,09:00:58,699,pp1709,XDCE,7592,7586,7635,12206,464356340,527848,529630,8116,7344,7730,7642,0,7630,0,0,0,2017-04-24,32458699,7590,5,0,0,0,0,0,0,0,0,7592,6,0,0,0,0,0,0,0,0
117,2017-04-24,09:00:59,165,pp1709,XDCE,7590,7586,7635,12210,464508140,527848,529630,8116,7344,7730,7642,0,7630,0,0,0,2017-04-24,32459165,7590,4,0,0,0,0,0,0,0,0,7592,6,0,0,0,0,0,0,0,0
118,2017-04-24,09:00:59,670,pp1709,XDCE,7592,7586,7635,12258,466329780,527854,529630,8116,7344,7730,7642,0,7630,0,0,0,2017-04-24,32459670,7590,6,0,0,0,0,0,0,0,0,7592,2,0,0,0,0,0,0,0,0
119,2017-04-24,09:01:00,169,pp1709,XDCE,7590,7586,7635,12304,468076240,527850,529630,8116,7344,7730,7642,0,7630,0,0,0,2017-04-24,32460169,7592,2,0,0,0,0,0,0,0,0,7594,262,0,0,0,0,0,0,0,0
120,2017-04-24,09:01:00,692,pp1709,XDCE,7592,7586,7635,12346,469670220,527880,529630,8116,7344,7730,7642,0,7630,0,0,0,2017-04-24,32460692,7590,7,0,0,0,0,0,0,0,0,7592,2,0,0,0,0,0,0,0,0
121,2017-04-24,09:01:01,170,pp1709,XDCE,7592,7586,7635,12384,471112640,527880,529630,8116,7344,7730,7642,0,7630,0,0,0,2017-04-24,32461170,7590,4,0,0,0,0,0,0,0,0,7592,29,0,0,0,0,0,0,0,0
122,2017-04-24,09:01:01,684,pp1709,XDCE,7592,7586,7635,12394,471492240,527880,529630,8116,7344,7730,7642,0,7630,0,0,0,2017-04-24,32461684,7590,2,0,0,0,0,0,0,0,0,7592,12,0,0,0,0,0,0,0,0
123,2017-04-24,09:01:02,173,pp1709,XDCE,7592,7586,7635,12436,473086430,527868,529630,8116,7344,7730,7642,0,7630,0,0,0,2017-04-24,32462173,7589,21,0,0,0,0,0,0,0,0,7592,8,0,0,0,0,0,0,0,0
124,2017-04-24,09:01:02,670,pp1709,XDCE,7591,7586,7635,12528,476578700,527892,529630,8116,7344,7730,7642,0,7630,0,0,0,2017-04-24,32462670,7589,21,0,0,0,0,0,0,0,0,7591,77,0,0,0,0,0,0,0,0
125,2017-04-24,09:01:03,181,pp1709,XDCE,7590,7586,7635,12544,477185970,527902,529630,8116,7344,7730,7642,0,7630,0,0,0,2017-04-24,32463181,7590,4,0,0,0,0,0,0,0,0,7591,70,0,0,0,0,0,0,0,0
126,2017-04-24,09:01:03,660,pp1709,XDCE,7590,7586,7635,12556,477641380,527906,529630,8116,7344,7730,7642,0,7630,0,0,0,2017-04-24,32463660,7590,1,0,0,0,0,0,0,0,0,7591,69,0,0,0,0,0,0,0,0
127,2017-04-24,09:01:04,139,pp1709,XDCE,7590,7586,7635,12666,481816050,527928,529630,8116,7344,7730,7642,0,7630,0,0,0,2017-04-24,32464139,7589,16,0,0,0,0,0,0,0,0,7590,28,0,0,0,0,0,0,0,0
128,2017-04-24,09:01:04,670,pp1709,XDCE,7589,7586,7635,12756,485231390,527938,529630,8116,7344,7730,7642,0,7630,0,0,0,2017-04-24,32464670,7588,10,0,0,0,0,0,0,0,0,7590,49,0,0,0,0,0,0,0,0
129,2017-04-24,09:01:05,193,pp1709,XDCE,7588,7586,7635,12788,486445520,527932,529630,8116,7344,7730,7642,0,7630,0,0,0,2017-04-24,32465193,7587,22,0,0,0,0,0,0,0,0,7590,47,0,0,0,0,0,0,0,0
130,2017-04-24,09:01:05,698,pp1709,XDCE,7587,7585,7635,12860,489176760,527964,529630,8116,7344,7730,7642,0,7630,0,0,0,2017-04-24,32465698,7586,12,0,0,0,0,0,0,0,0,7588,3,0,0,0,0,0,0,0,0
131,2017-04-24,09:01:06,181,pp1709,XDCE,7586,7585,7635,12876,489783720,527966,529630,8116,7344,7730,7642,0,7630,0,0,0,2017-04-24,32466181,7586,6,0,0,0,0,0,0,0,0,7587,26,0,0,0,0,0,0,0,0
132,2017-04-24,09:01:06,697,pp1709,XDCE,7587,7585,7635,12974,493501090,527918,529630,8116,7344,7730,7642,0,7630,0,0,0,2017-04-24,32466697,7585,31,0,0,0,0,0,0,0,0,7587,13,0,0,0,0,0,0,0,0
133,2017-04-24,09:01:07,181,pp1709,XDCE,7586,7585,7635,13010,494866750,527902,529630,8116,7344,7730,7642,0,7630,0,0,0,2017-04-24,32467181,7586,4,0,0,0,0,0,0,0,0,7588,3,0,0,0,0,0,0,0,0
134,2017-04-24,09:01:07,701,pp1709,XDCE,7589,7585,7635,13016,495094370,527898,529630,8116,7344,7730,7642,0,7630,0,0,0,2017-04-24,32467701,7586,3,0,0,0,0,0,0,0,0,7587,1,0,0,0,0,0,0,0,0
135,2017-04-24,09:01:08,167,pp1709,XDCE,7586,7585,7635,13026,495473670,527890,529630,8116,7344,7730,7642,0,7630,0,0,0,2017-04-24,32468167,7586,22,0,0,0,0,0,0,0,0,7587,1,0,0,0,0,0,0,0,0
136,2017-04-24,09:01:08,671,pp1709,XDCE,7587,7585,7635,13060,496763730,527880,529630,8116,7344,7730,7642,0,7630,0,0,0,2017-04-24,32468671,7587,1,0,0,0,0,0,0,0,0,7590,14,0,0,0,0,0,0,0,0
137,2017-04-24,09:01:09,196,pp1709,XDCE,7587,7585,7635,13082,497598600,527888,529630,8116,7344,7730,7642,0,7630,0,0,0,2017-04-24,32469196,7587,3,0,0,0,0,0,0,0,0,7590,130,0,0,0,0,0,0,0,0
138,2017-04-24,09:01:09,676,pp1709,XDCE,7587,7585,7635,13136,499647690,527886,529630,8116,7344,7730,7642,0,7630,0,0,0,2017-04-24,32469676,7586,23,0,0,0,0,0,0,0,0,7589,8,0,0,0,0,0,0,0,0
139,2017-04-24,09:01:10,180,pp1709,XDCE,7586,7585,7635,13192,501771770,527888,529630,8116,7344,7730,7642,0,7630,0,0,0,2017-04-24,32470180,7586,10,0,0,0,0,0,0,0,0,7588,3,0,0,0,0,0,0,0,0
140,2017-04-24,09:01:10,699,pp1709,XDCE,7588,7585,7635,13202,502151170,527886,529630,8116,7344,7730,7642,0,7630,0,0,0,2017-04-24,32470699,7587,21,0,0,0,0,0,0,0,0,7588,1,0,0,0,0,0,0,0,0
141,2017-04-24,09:01:11,196,pp1709,XDCE,7587,7585,7635,13236,503440980,527918,529630,8116,7344,7730,7642,0,7630,0,0,0,2017-04-24,32471196,7587,13,0,0,0,0,0,0,0,0,7589,6,0,0,0,0,0,0,0,0
142,2017-04-24,09:01:11,675,pp1709,XDCE,7589,7585,7635,13262,504427510,527916,529630,8116,7344,7730,7642,0,7630,0,0,0,2017-04-24,32471675,7589,3,0,0,0,0,0,0,0,0,7590,110,0,0,0,0,0,0,0,0
143,2017-04-24,09:01:12,201,pp1709,XDCE,7590,7585,7635,13394,509436370,527942,529630,8116,7344,7730,7642,0,7630,0,0,0,2017-04-24,32472201,7588,6,0,0,0,0,0,0,0,0,7590,71,0,0,0,0,0,0,0,0
144,2017-04-24,09:01:12,702,pp1709,XDCE,7588,7585,7635,13396,509512250,527942,529630,8116,7344,7730,7642,0,7630,0,0,0,2017-04-24,32472702,7588,10,0,0,0,0,0,0,0,0,7590,71,0,0,0,0,0,0,0,0
145,2017-04-24,09:01:13,176,pp1709,XDCE,7588,7585,7635,13494,513230700,527908,529630,8116,7344,7730,7642,0,7630,0,0,0,2017-04-24,32473176,7586,10,0,0,0,0,0,0,0,0,7588,5,0,0,0,0,0,0,0,0
146,2017-04-24,09:01:13,671,pp1709,XDCE,7590,7585,7635,13604,517405030,527976,529630,8116,7344,7730,7642,0,7630,0,0,0,2017-04-24,32473671,7589,4,0,0,0,0,0,0,0,0,7590,18,0,0,0,0,0,0,0,0
147,2017-04-24,09:01:14,188,pp1709,XDCE,7590,7585,7635,13632,518467490,527990,529630,8116,7344,7730,7642,0,7630,0,0,0,2017-04-24,32474188,7588,28,0,0,0,0,0,0,0,0,7589,2,0,0,0,0,0,0,0,0
148,2017-04-24,09:01:14,690,pp1709,XDCE,7588,7585,7635,13662,519605850,528002,529630,8116,7344,7730,7642,0,7630,0,0,0,2017-04-24,32474690,7588,29,0,0,0,0,0,0,0,0,7590,13,0,0,0,0,0,0,0,0
149,2017-04-24,09:01:15,200,pp1709,XDCE,7590,7585,7635,13712,521503330,528034,529630,8116,7344,7730,7642,0,7630,0,0,0,2017-04-24,32475200,7590,17,0,0,0,0,0,0,0,0,7591,6,0,0,0,0,0,0,0,0
150,2017-04-24,09:01:15,701,pp1709,XDCE,7590,7585,7635,13772,523780220,528038,529630,8116,7344,7730,7642,0,7630,0,0,0,2017-04-24,32475701,7588,29,0,0,0,0,0,0,0,0,7590,7,0,0,0,0,0,0,0,0
151,2017-04-24,09:01:16,197,pp1709,XDCE,7590,7585,7635,13808,525146170,528032,529630,8116,7344,7730,7642,0,7630,0,0,0,2017-04-24,32476197,7588,21,0,0,0,0,0,0,0,0,7590,6,0,0,0,0,0,0,0,0
152,2017-04-24,09:01:16,669,pp1709,XDCE,7590,7585,7635,13810,525222070,528032,529630,8116,7344,7730,7642,0,7630,0,0,0,2017-04-24,32476669,7589,10,0,0,0,0,0,0,0,0,7590,1,0,0,0,0,0,0,0,0
153,2017-04-24,09:01:17,168,pp1709,XDCE,7590,7585,7635,13816,525449770,528030,529630,8116,7344,7730,7642,0,7630,0,0,0,2017-04-24,32477168,7590,2,0,0,0,0,0,0,0,0,7591,6,0,0,0,0,0,0,0,0
154,2017-04-24,09:01:17,683,pp1709,XDCE,7590,7585,7635,13866,527347030,528074,529630,8116,7344,7730,7642,0,7630,0,0,0,2017-04-24,32477683,7588,9,0,0,0,0,0,0,0,0,7590,3,0,0,0,0,0,0,0,0
155,2017-04-24,09:01:18,174,pp1709,XDCE,7591,7585,7635,13884,528030150,528068,529630,8116,7344,7730,7642,0,7630,0,0,0,2017-04-24,32478174,7591,1,0,0,0,0,0,0,0,0,7592,22,0,0,0,0,0,0,0,0
156,2017-04-24,09:01:18,675,pp1709,XDCE,7590,7585,7635,13890,528257860,528068,529630,8116,7344,7730,7642,0,7630,0,0,0,2017-04-24,32478675,7590,101,0,0,0,0,0,0,0,0,7592,17,0,0,0,0,0,0,0,0
157,2017-04-24,09:01:19,178,pp1709,XDCE,7592,7585,7635,13894,528409700,528066,529630,8116,7344,7730,7642,0,7630,0,0,0,2017-04-24,32479178,7591,3,0,0,0,0,0,0,0,0,7592,15,0,0,0,0,0,0,0,0
158,2017-04-24,09:01:19,681,pp1709,XDCE,7594,7585,7635,13950,530535600,528032,529630,8116,7344,7730,7642,0,7630,0,0,0,2017-04-24,32479681,7591,4,0,0,0,0,0,0,0,0,7594,247,0,0,0,0,0,0,0,0
159,2017-04-24,09:01:20,198,pp1709,XDCE,7593,7585,7635,13960,530915210,528028,529630,8116,7344,7730,7642,0,7630,0,0,0,2017-04-24,32480198,7592,11,0,0,0,0,0,0,0,0,7593,4,0,0,0,0,0,0,0,0
160,2017-04-24,09:01:20,687,pp1709,XDCE,7592,7585,7635,14074,535243190,527932,529630,8116,7344,7730,7642,0,7630,0,0,0,2017-04-24,32480687,7592,30,0,0,0,0,0,0,0,0,7594,245,0,0,0,0,0,0,0,0
161,2017-04-24,09:01:21,179,pp1709,XDCE,7593,7585,7635,14122,537065570,527910,529630,8116,7344,7730,7642,0,7630,0,0,0,2017-04-24,32481179,7592,34,0,0,0,0,0,0,0,0,7594,239,0,0,0,0,0,0,0,0
162,2017-04-24,09:01:21,670,pp1709,XDCE,7592,7585,7635,14160,538508060,527926,529630,8116,7344,7730,7642,0,7630,0,0,0,2017-04-24,32481670,7592,18,0,0,0,0,0,0,0,0,7594,239,0,0,0,0,0,0,0,0
163,2017-04-24,09:01:22,137,pp1709,XDCE,7592,7585,7635,14176,539115460,527916,529630,8116,7344,7730,7642,0,7630,0,0,0,2017-04-24,32482137,7592,14,0,0,0,0,0,0,0,0,7593,4,0,0,0,0,0,0,0,0
164,2017-04-24,09:01:22,701,pp1709,XDCE,7594,7585,7635,14198,539950730,527916,529630,8116,7344,7730,7642,0,7630,0,0,0,2017-04-24,32482701,7592,23,0,0,0,0,0,0,0,0,7594,234,0,0,0,0,0,0,0,0
165,2017-04-24,09:01:23,187,pp1709,XDCE,7593,7585,7635,14238,541469280,527908,529630,8116,7344,7730,7642,0,7630,0,0,0,2017-04-24,32483187,7592,11,0,0,0,0,0,0,0,0,7594,227,0,0,0,0,0,0,0,0
166,2017-04-24,09:01:23,479,pp1709,XDCE,7593,7585,7635,14238,541469280,527908,529630,8116,7344,7730,7642,0,7630,0,0,0,2017-04-24,32483479,7592,12,0,0,0,0,0,0,0,0,7594,227,0,0,0,0,0,0,0,0
167,2017-04-24,09:01:24,175,pp1709,XDCE,7594,7585,7635,14328,544886480,527986,529630,8116,7344,7730,7642,0,7630,0,0,0,2017-04-24,32484175,7592,7,0,0,0,0,0,0,0,0,7593,10,0,0,0,0,0,0,0,0
168,2017-04-24,09:01:24,617,pp1709,XDCE,7593,7585,7635,14342,545417990,527974,529630,8116,7344,7730,7642,0,7630,0,0,0,2017-04-24,32484617,7592,7,0,0,0,0,0,0,0,0,7594,187,0,0,0,0,0,0,0,0
169,2017-04-24,09:01:25,195,pp1709,XDCE,7594,7585,7635,14398,547544270,527978,529630,8116,7344,7730,7642,0,7630,0,0,0,2017-04-24,32485195,7592,6,0,0,0,0,0,0,0,0,7594,161,0,0,0,0,0,0,0,0
170,2017-04-24,09:01:26,181,pp1709,XDCE,7594,7585,7635,14414,548151670,527990,529630,8116,7344,7730,7642,0,7630,0,0,0,2017-04-24,32486181,7592,3,0,0,0,0,0,0,0,0,7594,163,0,0,0,0,0,0,0,0
171,2017-04-24,09:01:26,664,pp1709,XDCE,7594,7585,7635,14476,550505790,528052,529630,8116,7344,7730,7642,0,7630,0,0,0,2017-04-24,32486664,7592,5,0,0,0,0,0,0,0,0,7594,129,0,0,0,0,0,0,0,0
172,2017-04-24,09:01:27,156,pp1709,XDCE,7594,7585,7635,14484,550809550,528052,529630,8116,7344,7730,7642,0,7630,0,0,0,2017-04-24,32487156,7592,5,0,0,0,0,0,0,0,0,7594,125,0,0,0,0,0,0,0,0
173,2017-04-24,09:01:27,670,pp1709,XDCE,7594,7585,7635,14510,551796710,528064,529630,8116,7344,7730,7642,0,7630,0,0,0,2017-04-24,32487670,7592,3,0,0,0,0,0,0,0,0,7594,115,0,0,0,0,0,0,0,0
174,2017-04-24,09:01:28,171,pp1709,XDCE,7592,7585,7635,14554,553467170,528090,529630,8116,7344,7730,7642,0,7630,0,0,0,2017-04-24,32488171,7591,7,0,0,0,0,0,0,0,0,7594,104,0,0,0,0,0,0,0,0
175,2017-04-24,09:01:28,619,pp1709,XDCE,7594,7585,7635,14564,553846830,528088,529630,8116,7344,7730,7642,0,7630,0,0,0,2017-04-24,32488619,7592,8,0,0,0,0,0,0,0,0,7594,101,0,0,0,0,0,0,0,0
176,2017-04-24,09:01:29,177,pp1709,XDCE,7591,7585,7635,14600,555213320,528084,529630,8116,7344,7730,7642,0,7630,0,0,0,2017-04-24,32489177,7591,4,0,0,0,0,0,0,0,0,7594,101,0,0,0,0,0,0,0,0
177,2017-04-24,09:01:29,659,pp1709,XDCE,7594,7585,7635,14612,555668900,528084,529630,8116,7344,7730,7642,0,7630,0,0,0,2017-04-24,32489659,7591,4,0,0,0,0,0,0,0,0,7594,99,0,0,0,0,0,0,0,0
178,2017-04-24,09:01:30,168,pp1709,XDCE,7591,7585,7635,14728,560072830,528162,529630,8116,7344,7730,7642,0,7630,0,0,0,2017-04-24,32490168,7590,163,0,0,0,0,0,0,0,0,7591,21,0,0,0,0,0,0,0,0
179,2017-04-24,09:01:30,675,pp1709,XDCE,7593,7585,7635,14784,562198480,528160,529630,8116,7344,7730,7642,0,7630,0,0,0,2017-04-24,32490675,7592,1,0,0,0,0,0,0,0,0,7594,59,0,0,0,0,0,0,0,0
180,2017-04-24,09:01:31,188,pp1709,XDCE,7593,7585,7635,14788,562350330,528160,529630,8116,7344,7730,7642,0,7630,0,0,0,2017-04-24,32491188,7591,13,0,0,0,0,0,0,0,0,7592,2,0,0,0,0,0,0,0,0
181,2017-04-24,09:01:31,695,pp1709,XDCE,7592,7585,7635,14826,563792640,528144,529630,8116,7344,7730,7642,0,7630,0,0,0,2017-04-24,32491695,7590,164,0,0,0,0,0,0,0,0,7592,9,0,0,0,0,0,0,0,0
182,2017-04-24,09:01:32,175,pp1709,XDCE,7591,7585,7635,14866,565310740,528126,529630,8116,7344,7730,7642,0,7630,0,0,0,2017-04-24,32492175,7590,154,0,0,0,0,0,0,0,0,7591,3,0,0,0,0,0,0,0,0
183,2017-04-24,09:01:32,675,pp1709,XDCE,7591,7585,7635,14906,566828910,528112,529630,8116,7344,7730,7642,0,7630,0,0,0,2017-04-24,32492675,7591,15,0,0,0,0,0,0,0,0,7592,5,0,0,0,0,0,0,0,0
184,2017-04-24,09:01:33,164,pp1709,XDCE,7591,7585,7635,14950,568499010,528116,529630,8116,7344,7730,7642,0,7630,0,0,0,2017-04-24,32493164,7591,6,0,0,0,0,0,0,0,0,7592,1,0,0,0,0,0,0,0,0
185,2017-04-24,09:01:33,676,pp1709,XDCE,7592,7585,7635,14964,569030410,528110,529630,8116,7344,7730,7642,0,7630,0,0,0,2017-04-24,32493676,7591,3,0,0,0,0,0,0,0,0,7592,19,0,0,0,0,0,0,0,0
186,2017-04-24,09:01:34,194,pp1709,XDCE,7590,7585,7635,15348,583603660,528170,529630,8116,7344,7730,7642,0,7630,0,0,0,2017-04-24,32494194,7589,30,0,0,0,0,0,0,0,0,7590,15,0,0,0,0,0,0,0,0
187,2017-04-24,09:01:34,681,pp1709,XDCE,7589,7585,7635,15390,585197350,528170,529630,8116,7344,7730,7642,0,7630,0,0,0,2017-04-24,32494681,7589,9,0,0,0,0,0,0,0,0,7590,14,0,0,0,0,0,0,0,0
188,2017-04-24,09:01:35,167,pp1709,XDCE,7590,7585,7635,15462,587929350,528140,529630,8116,7344,7730,7642,0,7630,0,0,0,2017-04-24,32495167,7589,3,0,0,0,0,0,0,0,0,7590,1,0,0,0,0,0,0,0,0
189,2017-04-24,09:01:35,663,pp1709,XDCE,7590,7585,7635,15478,588536500,528144,529630,8116,7344,7730,7642,0,7630,0,0,0,2017-04-24,32495663,7588,5,0,0,0,0,0,0,0,0,7590,18,0,0,0,0,0,0,0,0
190,2017-04-24,09:01:36,166,pp1709,XDCE,7590,7585,7635,15484,588764180,528142,529630,8116,7344,7730,7642,0,7630,0,0,0,2017-04-24,32496166,7588,6,0,0,0,0,0,0,0,0,7590,5,0,0,0,0,0,0,0,0
191,2017-04-24,09:01:36,624,pp1709,XDCE,7589,7585,7635,15486,588840070,528142,529630,8116,7344,7730,7642,0,7630,0,0,0,2017-04-24,32496624,7589,11,0,0,0,0,0,0,0,0,7591,76,0,0,0,0,0,0,0,0
192,2017-04-24,09:01:37,168,pp1709,XDCE,7589,7585,7635,15508,589674860,528142,529630,8116,7344,7730,7642,0,7630,0,0,0,2017-04-24,32497168,7588,4,0,0,0,0,0,0,0,0,7589,12,0,0,0,0,0,0,0,0
193,2017-04-24,09:01:37,701,pp1709,XDCE,7588,7585,7635,15526,590357830,528134,529630,8116,7344,7730,7642,0,7630,0,0,0,2017-04-24,32497701,7587,23,0,0,0,0,0,0,0,0,7590,17,0,0,0,0,0,0,0,0
194,2017-04-24,09:01:38,137,pp1709,XDCE,7587,7585,7635,15544,591040830,528132,529630,8116,7344,7730,7642,0,7630,0,0,0,2017-04-24,32498137,7587,22,0,0,0,0,0,0,0,0,7589,23,0,0,0,0,0,0,0,0
195,2017-04-24,09:01:38,651,pp1709,XDCE,7587,7585,7635,15548,591192590,528132,529630,8116,7344,7730,7642,0,7630,0,0,0,2017-04-24,32498651,7587,23,0,0,0,0,0,0,0,0,7589,22,0,0,0,0,0,0,0,0
196,2017-04-24,09:01:39,200,pp1709,XDCE,7589,7585,7635,15550,591268480,528132,529630,8116,7344,7730,7642,0,7630,0,0,0,2017-04-24,32499200,7587,23,0,0,0,0,0,0,0,0,7588,2,0,0,0,0,0,0,0,0
197,2017-04-24,09:01:39,678,pp1709,XDCE,7587,7585,7635,15578,592330680,528112,529630,8116,7344,7730,7642,0,7630,0,0,0,2017-04-24,32499678,7587,11,0,0,0,0,0,0,0,0,7589,21,0,0,0,0,0,0,0,0
198,2017-04-24,09:01:40,164,pp1709,XDCE,7589,7585,7635,15580,592406570,528112,529630,8116,7344,7730,7642,0,7630,0,0,0,2017-04-24,32500164,7587,11,0,0,0,0,0,0,0,0,7589,8,0,0,0,0,0,0,0,0
199,2017-04-24,09:01:40,677,pp1709,XDCE,7587,7585,7635,15592,592861790,528120,529630,8116,7344,7730,7642,0,7630,0,0,0,2017-04-24,32500677,7587,5,0,0,0,0,0,0,0,0,7588,1,0,0,0,0,0,0,0,0
200,2017-04-24,09:01:41,193,pp1709,XDCE,7588,7585,7635,15604,593317020,528120,529630,8116,7344,7730,7642,0,7630,0,0,0,2017-04-24,32501193,7587,36,0,0,0,0,0,0,0,0,7588,13,0,0,0,0,0,0,0,0
201,2017-04-24,09:01:41,628,pp1709,XDCE,7588,7585,7635,15692,596655480,528090,529630,8116,7344,7730,7642,0,7630,0,0,0,2017-04-24,32501628,7587,10,0,0,0,0,0,0,0,0,7589,8,0,0,0,0,0,0,0,0
202,2017-04-24,09:01:42,156,pp1709,XDCE,7588,7585,7635,15692,596655480,528090,529630,8116,7344,7730,7642,0,7630,0,0,0,2017-04-24,32502156,7587,10,0,0,0,0,0,0,0,0,7588,27,0,0,0,0,0,0,0,0
203,2017-04-24,09:01:42,670,pp1709,XDCE,7588,7585,7635,15754,599007720,528052,529630,8116,7344,7730,7642,0,7630,0,0,0,2017-04-24,32502670,7587,6,0,0,0,0,0,0,0,0,7589,8,0,0,0,0,0,0,0,0
204,2017-04-24,09:01:43,202,pp1709,XDCE,7587,7585,7635,15792,600449410,528016,529630,8116,7344,7730,7642,0,7630,0,0,0,2017-04-24,32503202,7587,10,0,0,0,0,0,0,0,0,7590,34,0,0,0,0,0,0,0,0
205,2017-04-24,09:01:43,692,pp1709,XDCE,7588,7585,7635,15842,602346110,528008,529630,8116,7344,7730,7642,0,7630,0,0,0,2017-04-24,32503692,7586,12,0,0,0,0,0,0,0,0,7587,5,0,0,0,0,0,0,0,0
206,2017-04-24,09:01:44,175,pp1709,XDCE,7585,7585,7635,15890,604166750,527994,529630,8116,7344,7730,7642,0,7630,0,0,0,2017-04-24,32504175,7585,44,0,0,0,0,0,0,0,0,7586,15,0,0,0,0,0,0,0,0
207,2017-04-24,09:01:44,668,pp1709,XDCE,7585,7585,7635,15948,606366410,528000,529630,8116,7344,7730,7642,0,7630,0,0,0,2017-04-24,32504668,7585,15,0,0,0,0,0,0,0,0,7586,14,0,0,0,0,0,0,0,0
208,2017-04-24,09:01:45,170,pp1709,XDCE,7583,7583,7635,16016,608945130,527986,529630,8116,7344,7730,7642,0,7630,0,0,0,2017-04-24,32505170,7583,1,0,0,0,0,0,0,0,0,7585,5,0,0,0,0,0,0,0,0
209,2017-04-24,09:01:45,700,pp1709,XDCE,7583,7582,7635,16042,609930960,527978,529630,8116,7344,7730,7642,0,7630,0,0,0,2017-04-24,32505700,7583,5,0,0,0,0,0,0,0,0,7584,1,0,0,0,0,0,0,0,0
210,2017-04-24,09:01:46,145,pp1709,XDCE,7583,7582,7635,16198,615845790,528064,529630,8116,7344,7730,7642,0,7630,0,0,0,2017-04-24,32506145,7583,27,0,0,0,0,0,0,0,0,7585,22,0,0,0,0,0,0,0,0
211,2017-04-24,09:01:46,579,pp1709,XDCE,7584,7582,7635,16264,618348180,528120,529630,8116,7344,7730,7642,0,7630,0,0,0,2017-04-24,32506579,7583,8,0,0,0,0,0,0,0,0,7584,1,0,0,0,0,0,0,0,0
212,2017-04-24,09:01:47,187,pp1709,XDCE,7584,7582,7635,16374,622520030,528082,529630,8116,7344,7730,7642,0,7630,0,0,0,2017-04-24,32507187,7584,3,0,0,0,0,0,0,0,0,7587,120,0,0,0,0,0,0,0,0
213,2017-04-24,09:01:47,689,pp1709,XDCE,7584,7582,7635,16388,623050990,528080,529630,8116,7344,7730,7642,0,7630,0,0,0,2017-04-24,32507689,7582,7,0,0,0,0,0,0,0,0,7584,2,0,0,0,0,0,0,0,0
214,2017-04-24,09:01:48,146,pp1709,XDCE,7583,7582,7635,16404,623657740,528074,529630,8116,7344,7730,7642,0,7630,0,0,0,2017-04-24,32508146,7584,1,0,0,0,0,0,0,0,0,7585,1,0,0,0,0,0,0,0,0
215,2017-04-24,09:01:48,668,pp1709,XDCE,7584,7582,7635,16432,624719510,528072,529630,8116,7344,7730,7642,0,7630,0,0,0,2017-04-24,32508668,7582,5,0,0,0,0,0,0,0,0,7584,4,0,0,0,0,0,0,0,0
216,2017-04-24,09:01:49,184,pp1709,XDCE,7583,7582,7635,16438,624947000,528072,529630,8116,7344,7730,7642,0,7630,0,0,0,2017-04-24,32509184,7583,2,0,0,0,0,0,0,0,0,7584,2,0,0,0,0,0,0,0,0
217,2017-04-24,09:01:49,676,pp1709,XDCE,7582,7582,7635,16488,626842600,528088,529630,8116,7344,7730,7642,0,7630,0,0,0,2017-04-24,32509676,7582,77,0,0,0,0,0,0,0,0,7585,4,0,0,0,0,0,0,0,0
218,2017-04-24,09:01:50,170,pp1709,XDCE,7582,7582,7635,16508,627600880,528082,529630,8116,7344,7730,7642,0,7630,0,0,0,2017-04-24,32510170,7582,16,0,0,0,0,0,0,0,0,7584,4,0,0,0,0,0,0,0,0
219,2017-04-24,09:01:50,698,pp1709,XDCE,7583,7582,7635,16522,628131720,528088,529630,8116,7344,7730,7642,0,7630,0,0,0,2017-04-24,32510698,7583,8,0,0,0,0,0,0,0,0,7584,3,0,0,0,0,0,0,0,0
220,2017-04-24,09:01:51,197,pp1709,XDCE,7581,7581,7635,16644,632756410,528122,529630,8116,7344,7730,7642,0,7630,0,0,0,2017-04-24,32511197,7581,18,0,0,0,0,0,0,0,0,7582,2,0,0,0,0,0,0,0,0
221,2017-04-24,09:01:51,696,pp1709,XDCE,7583,7580,7635,16714,635409700,528172,529630,8116,7344,7730,7642,0,7630,0,0,0,2017-04-24,32511696,7582,12,0,0,0,0,0,0,0,0,7583,9,0,0,0,0,0,0,0,0
222,2017-04-24,09:01:52,176,pp1709,XDCE,7582,7580,7635,16750,636774660,528174,529630,8116,7344,7730,7642,0,7630,0,0,0,2017-04-24,32512176,7582,2,0,0,0,0,0,0,0,0,7584,8,0,0,0,0,0,0,0,0
223,2017-04-24,09:01:52,700,pp1709,XDCE,7582,7580,7635,16756,637002140,528178,529630,8116,7344,7730,7642,0,7630,0,0,0,2017-04-24,32512700,7581,7,0,0,0,0,0,0,0,0,7583,6,0,0,0,0,0,0,0,0
224,2017-04-24,09:01:53,178,pp1709,XDCE,7581,7580,7635,16834,639958870,528186,529630,8116,7344,7730,7642,0,7630,0,0,0,2017-04-24,32513178,7581,13,0,0,0,0,0,0,0,0,7583,6,0,0,0,0,0,0,0,0
225,2017-04-24,09:01:53,674,pp1709,XDCE,7581,7580,7635,16884,641854160,528152,529630,8116,7344,7730,7642,0,7630,0,0,0,2017-04-24,32513674,7581,2,0,0,0,0,0,0,0,0,7583,5,0,0,0,0,0,0,0,0
226,2017-04-24,09:01:54,171,pp1709,XDCE,7581,7580,7635,16924,643370380,528154,529630,8116,7344,7730,7642,0,7630,0,0,0,2017-04-24,32514171,7580,97,0,0,0,0,0,0,0,0,7582,5,0,0,0,0,0,0,0,0
227,2017-04-24,09:01:54,669,pp1709,XDCE,7581,7580,7635,16976,645341290,528162,529630,8116,7344,7730,7642,0,7630,0,0,0,2017-04-24,32514669,7580,77,0,0,0,0,0,0,0,0,7582,11,0,0,0,0,0,0,0,0
228,2017-04-24,09:01:55,168,pp1709,XDCE,7581,7580,7635,16996,646099380,528168,529630,8116,7344,7730,7642,0,7630,0,0,0,2017-04-24,32515168,7580,72,0,0,0,0,0,0,0,0,7582,16,0,0,0,0,0,0,0,0
229,2017-04-24,09:01:55,698,pp1709,XDCE,7582,7580,7635,17016,646857540,528162,529630,8116,7344,7730,7642,0,7630,0,0,0,2017-04-24,32515698,7581,34,0,0,0,0,0,0,0,0,7582,9,0,0,0,0,0,0,0,0
230,2017-04-24,09:01:56,198,pp1709,XDCE,7582,7580,7635,17052,648222220,528148,529630,8116,7344,7730,7642,0,7630,0,0,0,2017-04-24,32516198,7582,5,0,0,0,0,0,0,0,0,7583,6,0,0,0,0,0,0,0,0
231,2017-04-24,09:01:56,677,pp1709,XDCE,7583,7580,7635,17068,648828850,528160,529630,8116,7344,7730,7642,0,7630,0,0,0,2017-04-24,32516677,7582,24,0,0,0,0,0,0,0,0,7584,58,0,0,0,0,0,0,0,0
232,2017-04-24,09:01:57,173,pp1709,XDCE,7583,7580,7635,17086,649511320,528156,529630,8116,7344,7730,7642,0,7630,0,0,0,2017-04-24,32517173,7582,28,0,0,0,0,0,0,0,0,7584,58,0,0,0,0,0,0,0,0
233,2017-04-24,09:01:57,685,pp1709,XDCE,7584,7580,7635,17100,650042200,528146,529630,8116,7344,7730,7642,0,7630,0,0,0,2017-04-24,32517685,7583,1,0,0,0,0,0,0,0,0,7584,52,0,0,0,0,0,0,0,0
234,2017-04-24,09:01:58,164,pp1709,XDCE,7584,7580,7635,17122,650876250,528166,529630,8116,7344,7730,7642,0,7630,0,0,0,2017-04-24,32518164,7582,20,0,0,0,0,0,0,0,0,7583,10,0,0,0,0,0,0,0,0
235,2017-04-24,09:01:58,671,pp1709,XDCE,7582,7580,7635,17166,652544290,528162,529630,8116,7344,7730,7642,0,7630,0,0,0,2017-04-24,32518671,7581,7,0,0,0,0,0,0,0,0,7582,3,0,0,0,0,0,0,0,0
236,2017-04-24,09:01:59,179,pp1709,XDCE,7582,7580,7635,17180,653075030,528162,529630,8116,7344,7730,7642,0,7630,0,0,0,2017-04-24,32519179,7581,5,0,0,0,0,0,0,0,0,7582,45,0,0,0,0,0,0,0,0
237,2017-04-24,09:01:59,701,pp1709,XDCE,7582,7580,7635,17186,653302480,528162,529630,8116,7344,7730,7642,0,7630,0,0,0,2017-04-24,32519701,7581,4,0,0,0,0,0,0,0,0,7582,44,0,0,0,0,0,0,0,0
238,2017-04-24,09:02:00,199,pp1709,XDCE,7582,7580,7635,17210,654212310,528154,529630,8116,7344,7730,7642,0,7630,0,0,0,2017-04-24,32520199,7581,3,0,0,0,0,0,0,0,0,7582,34,0,0,0,0,0,0,0,0
239,2017-04-24,09:02:00,679,pp1709,XDCE,7581,7580,7635,17304,657775840,528106,529630,8116,7344,7730,7642,0,7630,0,0,0,2017-04-24,32520679,7580,78,0,0,0,0,0,0,0,0,7582,83,0,0,0,0,0,0,0,0
240,2017-04-24,09:02:01,199,pp1709,XDCE,7580,7580,7635,17342,659216220,528106,529630,8116,7344,7730,7642,0,7630,0,0,0,2017-04-24,32521199,7580,86,0,0,0,0,0,0,0,0,7581,18,0,0,0,0,0,0,0,0
241,2017-04-24,09:02:01,668,pp1709,XDCE,7581,7580,7635,17432,662627380,528116,529630,8116,7344,7730,7642,0,7630,0,0,0,2017-04-24,32521668,7580,117,0,0,0,0,0,0,0,0,7581,3,0,0,0,0,0,0,0,0
242,2017-04-24,09:02:02,129,pp1709,XDCE,7580,7580,7635,17488,664749890,528106,529630,8116,7344,7730,7642,0,7630,0,0,0,2017-04-24,32522129,7580,96,0,0,0,0,0,0,0,0,7581,1,0,0,0,0,0,0,0,0
243,2017-04-24,09:02:02,695,pp1709,XDCE,7581,7580,7635,17524,666114380,528118,529630,8116,7344,7730,7642,0,7630,0,0,0,2017-04-24,32522695,7580,86,0,0,0,0,0,0,0,0,7581,3,0,0,0,0,0,0,0,0
244,2017-04-24,09:02:03,185,pp1709,XDCE,7580,7580,7635,17542,666796590,528128,529630,8116,7344,7730,7642,0,7630,0,0,0,2017-04-24,32523185,7580,79,0,0,0,0,0,0,0,0,7581,24,0,0,0,0,0,0,0,0
245,2017-04-24,09:02:03,679,pp1709,XDCE,7581,7579,7635,17802,676651000,528116,529630,8116,7344,7730,7642,0,7630,0,0,0,2017-04-24,32523679,7579,31,0,0,0,0,0,0,0,0,7581,3,0,0,0,0,0,0,0,0
246,2017-04-24,09:02:04,130,pp1709,XDCE,7580,7579,7635,17808,676878380,528120,529630,8116,7344,7730,7642,0,7630,0,0,0,2017-04-24,32524130,7579,30,0,0,0,0,0,0,0,0,7580,16,0,0,0,0,0,0,0,0
247,2017-04-24,09:02:04,685,pp1709,XDCE,7579,7579,7635,17824,677484700,528120,529630,8116,7344,7730,7642,0,7630,0,0,0,2017-04-24,32524685,7579,24,0,0,0,0,0,0,0,0,7580,17,0,0,0,0,0,0,0,0
248,2017-04-24,09:02:05,181,pp1709,XDCE,7580,7579,7635,17834,677863680,528120,529630,8116,7344,7730,7642,0,7630,0,0,0,2017-04-24,32525181,7579,22,0,0,0,0,0,0,0,0,7580,14,0,0,0,0,0,0,0,0
249,2017-04-24,09:02:05,595,pp1709,XDCE,7579,7579,7635,17846,678318450,528120,529630,8116,7344,7730,7642,0,7630,0,0,0,2017-04-24,32525595,7579,19,0,0,0,0,0,0,0,0,7580,12,0,0,0,0,0,0,0,0
250,2017-04-24,09:02:06,203,pp1709,XDCE,7577,7577,7635,17972,683093350,528092,529630,8116,7344,7730,7642,0,7630,0,0,0,2017-04-24,32526203,7577,6,0,0,0,0,0,0,0,0,7579,7,0,0,0,0,0,0,0,0
251,2017-04-24,09:02:06,670,pp1709,XDCE,7577,7577,7635,18048,685973210,528098,529630,8116,7344,7730,7642,0,7630,0,0,0,2017-04-24,32526670,7577,2,0,0,0,0,0,0,0,0,7578,6,0,0,0,0,0,0,0,0
252,2017-04-24,09:02:07,186,pp1709,XDCE,7578,7577,7635,18090,687564550,528078,529630,8116,7344,7730,7642,0,7630,0,0,0,2017-04-24,32527186,7576,21,0,0,0,0,0,0,0,0,7577,1,0,0,0,0,0,0,0,0
253,2017-04-24,09:02:07,670,pp1709,XDCE,7576,7576,7635,18138,689382800,528086,529630,8116,7344,7730,7642,0,7630,0,0,0,2017-04-24,32527670,7575,15,0,0,0,0,0,0,0,0,7576,8,0,0,0,0,0,0,0,0
254,2017-04-24,09:02:08,172,pp1709,XDCE,7575,7575,7635,18150,689837340,528076,529630,8116,7344,7730,7642,0,7630,0,0,0,2017-04-24,32528172,7575,14,0,0,0,0,0,0,0,0,7576,6,0,0,0,0,0,0,0,0
255,2017-04-24,09:02:08,703,pp1709,XDCE,7576,7575,7635,18172,690670650,528074,529630,8116,7344,7730,7642,0,7630,0,0,0,2017-04-24,32528703,7576,10,0,0,0,0,0,0,0,0,7577,22,0,0,0,0,0,0,0,0
256,2017-04-24,09:02:09,169,pp1709,XDCE,7575,7575,7635,18250,693625000,528050,529630,8116,7344,7730,7642,0,7630,0,0,0,2017-04-24,32529169,7574,5,0,0,0,0,0,0,0,0,7575,40,0,0,0,0,0,0,0,0
257,2017-04-24,09:02:09,673,pp1709,XDCE,7571,7571,7635,18366,698017320,528044,529630,8116,7344,7730,7642,0,7630,0,0,0,2017-04-24,32529673,7571,26,0,0,0,0,0,0,0,0,7574,3,0,0,0,0,0,0,0,0
258,2017-04-24,09:02:10,184,pp1709,XDCE,7571,7570,7635,18540,704603740,528078,529630,8116,7344,7730,7642,0,7630,0,0,0,2017-04-24,32530184,7570,39,0,0,0,0,0,0,0,0,7571,30,0,0,0,0,0,0,0,0
259,2017-04-24,09:02:10,668,pp1709,XDCE,7568,7566,7635,18736,712021490,528152,529630,8116,7344,7730,7642,0,7630,0,0,0,2017-04-24,32530668,7566,73,0,0,0,0,0,0,0,0,7567,1,0,0,0,0,0,0,0,0
260,2017-04-24,09:02:11,196,pp1709,XDCE,7566,7564,7635,19008,722310590,528164,529630,8116,7344,7730,7642,0,7630,0,0,0,2017-04-24,32531196,7565,18,0,0,0,0,0,0,0,0,7566,73,0,0,0,0,0,0,0,0
261,2017-04-24,09:02:11,681,pp1709,XDCE,7561,7561,7635,19076,724882270,528178,529630,8116,7344,7730,7642,0,7630,0,0,0,2017-04-24,32531681,7561,26,0,0,0,0,0,0,0,0,7563,90,0,0,0,0,0,0,0,0
262,2017-04-24,09:02:12,201,pp1709,XDCE,7561,7560,7635,19210,729948680,528208,529630,8116,7344,7730,7642,0,7630,0,0,0,2017-04-24,32532201,7560,38,0,0,0,0,0,0,0,0,7561,2,0,0,0,0,0,0,0,0
263,2017-04-24,09:02:12,670,pp1709,XDCE,7561,7560,7635,19352,735316980,528266,529630,8116,7344,7730,7642,0,7630,0,0,0,2017-04-24,32532670,7561,5,0,0,0,0,0,0,0,0,7562,7,0,0,0,0,0,0,0,0
264,2017-04-24,09:02:13,191,pp1709,XDCE,7562,7560,7635,19394,736904950,528262,529630,8116,7344,7730,7642,0,7630,0,0,0,2017-04-24,32533191,7562,6,0,0,0,0,0,0,0,0,7563,50,0,0,0,0,0,0,0,0
265,2017-04-24,09:02:13,669,pp1709,XDCE,7563,7560,7635,19424,738039390,528274,529630,8116,7344,7730,7642,0,7630,0,0,0,2017-04-24,32533669,7562,13,0,0,0,0,0,0,0,0,7563,36,0,0,0,0,0,0,0,0
266,2017-04-24,09:02:14,187,pp1709,XDCE,7561,7560,7635,19534,742198330,528312,529630,8116,7344,7730,7642,0,7630,0,0,0,2017-04-24,32534187,7560,8,0,0,0,0,0,0,0,0,7561,57,0,0,0,0,0,0,0,0
267,2017-04-24,09:02:14,694,pp1709,XDCE,7561,7560,7635,19610,745071510,528360,529630,8116,7344,7730,7642,0,7630,0,0,0,2017-04-24,32534694,7560,16,0,0,0,0,0,0,0,0,7561,19,0,0,0,0,0,0,0,0
268,2017-04-24,09:02:15,170,pp1709,XDCE,7563,7560,7635,19712,748928200,528366,529630,8116,7344,7730,7642,0,7630,0,0,0,2017-04-24,32535170,7562,10,0,0,0,0,0,0,0,0,7564,5,0,0,0,0,0,0,0,0
269,2017-04-24,09:02:15,669,pp1709,XDCE,7562,7560,7635,19738,749911400,528346,529630,8116,7344,7730,7642,0,7630,0,0,0,2017-04-24,32535669,7564,1,0,0,0,0,0,0,0,0,7565,6,0,0,0,0,0,0,0,0
270,2017-04-24,09:02:16,193,pp1709,XDCE,7563,7560,7635,19764,750894670,528326,529630,8116,7344,7730,7642,0,7630,0,0,0,2017-04-24,32536193,7563,6,0,0,0,0,0,0,0,0,7565,6,0,0,0,0,0,0,0,0
271,2017-04-24,09:02:16,667,pp1709,XDCE,7564,7560,7635,19796,752104970,528302,529630,8116,7344,7730,7642,0,7630,0,0,0,2017-04-24,32536667,7564,46,0,0,0,0,0,0,0,0,7565,1,0,0,0,0,0,0,0,0
272,2017-04-24,09:02:17,170,pp1709,XDCE,7564,7560,7635,19870,754903450,528330,529630,8116,7344,7730,7642,0,7630,0,0,0,2017-04-24,32537170,7563,2,0,0,0,0,0,0,0,0,7566,5,0,0,0,0,0,0,0,0
273,2017-04-24,09:02:17,658,pp1709,XDCE,7563,7560,7635,19930,757172650,528286,529630,8116,7344,7730,7642,0,7630,0,0,0,2017-04-24,32537658,7563,3,0,0,0,0,0,0,0,0,7566,2,0,0,0,0,0,0,0,0
274,2017-04-24,09:02:18,197,pp1709,XDCE,7564,7560,7635,19984,759214870,528250,529630,8116,7344,7730,7642,0,7630,0,0,0,2017-04-24,32538197,7563,69,0,0,0,0,0,0,0,0,7564,7,0,0,0,0,0,0,0,0
275,2017-04-24,09:02:18,674,pp1709,XDCE,7564,7560,7635,20014,760349510,528238,529630,8116,7344,7730,7642,0,7630,0,0,0,2017-04-24,32538674,7564,15,0,0,0,0,0,0,0,0,7566,1,0,0,0,0,0,0,0,0
276,2017-04-24,09:02:19,176,pp1709,XDCE,7564,7560,7635,20040,761332930,528244,529630,8116,7344,7730,7642,0,7630,0,0,0,2017-04-24,32539176,7566,1,0,0,0,0,0,0,0,0,7567,10,0,0,0,0,0,0,0,0
277,2017-04-24,09:02:19,691,pp1709,XDCE,7566,7560,7635,20050,761711240,528240,529630,8116,7344,7730,7642,0,7630,0,0,0,2017-04-24,32539691,7565,4,0,0,0,0,0,0,0,0,7567,9,0,0,0,0,0,0,0,0
278,2017-04-24,09:02:20,170,pp1709,XDCE,7566,7560,7635,20088,763148730,528250,529630,8116,7344,7730,7642,0,7630,0,0,0,2017-04-24,32540170,7564,12,0,0,0,0,0,0,0,0,7566,5,0,0,0,0,0,0,0,0
279,2017-04-24,09:02:20,703,pp1709,XDCE,7564,7560,7635,20134,764888670,528248,529630,8116,7344,7730,7642,0,7630,0,0,0,2017-04-24,32540703,7563,1,0,0,0,0,0,0,0,0,7567,4,0,0,0,0,0,0,0,0
280,2017-04-24,09:02:21,170,pp1709,XDCE,7567,7560,7635,20154,765645190,528242,529630,8116,7344,7730,7642,0,7630,0,0,0,2017-04-24,32541170,7566,16,0,0,0,0,0,0,0,0,7568,20,0,0,0,0,0,0,0,0
281,2017-04-24,09:02:21,697,pp1709,XDCE,7566,7560,7635,20174,766401840,528230,529630,8116,7344,7730,7642,0,7630,0,0,0,2017-04-24,32541697,7566,14,0,0,0,0,0,0,0,0,7568,21,0,0,0,0,0,0,0,0
282,2017-04-24,09:02:22,180,pp1709,XDCE,7564,7560,7635,20224,768293140,528206,529630,8116,7344,7730,7642,0,7630,0,0,0,2017-04-24,32542180,7564,4,0,0,0,0,0,0,0,0,7565,3,0,0,0,0,0,0,0,0
283,2017-04-24,09:02:22,694,pp1709,XDCE,7567,7560,7635,20274,770184790,528216,529630,8116,7344,7730,7642,0,7630,0,0,0,2017-04-24,32542694,7565,7,0,0,0,0,0,0,0,0,7566,8,0,0,0,0,0,0,0,0
284,2017-04-24,09:02:23,200,pp1709,XDCE,7566,7560,7635,20326,772151830,528182,529630,8116,7344,7730,7642,0,7630,0,0,0,2017-04-24,32543200,7563,7,0,0,0,0,0,0,0,0,7565,2,0,0,0,0,0,0,0,0
285,2017-04-24,09:02:23,695,pp1709,XDCE,7564,7560,7635,20330,772303130,528182,529630,8116,7344,7730,7642,0,7630,0,0,0,2017-04-24,32543695,7564,1,0,0,0,0,0,0,0,0,7565,1,0,0,0,0,0,0,0,0
286,2017-04-24,09:02:24,170,pp1709,XDCE,7565,7560,7635,20336,772530050,528182,529630,8116,7344,7730,7642,0,7630,0,0,0,2017-04-24,32544170,7563,3,0,0,0,0,0,0,0,0,7565,6,0,0,0,0,0,0,0,0
287,2017-04-24,09:02:24,678,pp1709,XDCE,7565,7560,7635,20348,772983930,528184,529630,8116,7344,7730,7642,0,7630,0,0,0,2017-04-24,32544678,7565,16,0,0,0,0,0,0,0,0,7566,5,0,0,0,0,0,0,0,0
288,2017-04-24,09:02:25,193,pp1709,XDCE,7566,7560,7635,20364,773589140,528188,529630,8116,7344,7730,7642,0,7630,0,0,0,2017-04-24,32545193,7565,12,0,0,0,0,0,0,0,0,7566,6,0,0,0,0,0,0,0,0
289,2017-04-24,09:02:25,667,pp1709,XDCE,7566,7560,7635,20376,774043100,528200,529630,8116,7344,7730,7642,0,7630,0,0,0,2017-04-24,32545667,7565,15,0,0,0,0,0,0,0,0,7567,71,0,0,0,0,0,0,0,0
290,2017-04-24,09:02:26,173,pp1709,XDCE,7567,7560,7635,20404,775102220,528202,529630,8116,7344,7730,7642,0,7630,0,0,0,2017-04-24,32546173,7565,1,0,0,0,0,0,0,0,0,7566,1,0,0,0,0,0,0,0,0
291,2017-04-24,09:02:26,695,pp1709,XDCE,7566,7560,7635,20412,775404830,528204,529630,8116,7344,7730,7642,0,7630,0,0,0,2017-04-24,32546695,7567,42,0,0,0,0,0,0,0,0,7568,21,0,0,0,0,0,0,0,0
292,2017-04-24,09:02:27,188,pp1709,XDCE,7568,7560,7635,20454,776994110,528194,529630,8116,7344,7730,7642,0,7630,0,0,0,2017-04-24,32547188,7568,1,0,0,0,0,0,0,0,0,7570,3,0,0,0,0,0,0,0,0
293,2017-04-24,09:02:27,702,pp1709,XDCE,7570,7560,7635,20460,777221190,528190,529630,8116,7344,7730,7642,0,7630,0,0,0,2017-04-24,32547702,7567,12,0,0,0,0,0,0,0,0,7570,1,0,0,0,0,0,0,0,0
294,2017-04-24,09:02:28,194,pp1709,XDCE,7569,7560,7635,20464,777372580,528186,529630,8116,7344,7730,7642,0,7630,0,0,0,2017-04-24,32548194,7568,3,0,0,0,0,0,0,0,0,7569,7,0,0,0,0,0,0,0,0
295,2017-04-24,09:02:28,672,pp1709,XDCE,7570,7560,7635,20502,778810770,528172,529630,8116,7344,7730,7642,0,7630,0,0,0,2017-04-24,32548672,7568,4,0,0,0,0,0,0,0,0,7570,10,0,0,0,0,0,0,0,0
296,2017-04-24,09:02:29,175,pp1709,XDCE,7570,7560,7635,20514,779264970,528170,529630,8116,7344,7730,7642,0,7630,0,0,0,2017-04-24,32549175,7568,6,0,0,0,0,0,0,0,0,7570,4,0,0,0,0,0,0,0,0
297,2017-04-24,09:02:29,689,pp1709,XDCE,7568,7560,7635,20542,780324510,528150,529630,8116,7344,7730,7642,0,7630,0,0,0,2017-04-24,32549689,7568,6,0,0,0,0,0,0,0,0,7570,5,0,0,0,0,0,0,0,0
298,2017-04-24,09:02:30,200,pp1709,XDCE,7568,7560,7635,20568,781308450,528142,529630,8116,7344,7730,7642,0,7630,0,0,0,2017-04-24,32550200,7568,5,0,0,0,0,0,0,0,0,7571,10,0,0,0,0,0,0,0,0
299,2017-04-24,09:02:30,669,pp1709,XDCE,7570,7560,7635,20578,781686930,528136,529630,8116,7344,7730,7642,0,7630,0,0,0,2017-04-24,32550669,7568,6,0,0,0,0,0,0,0,0,7570,21,0,0,0,0,0,0,0,0
300,2017-04-24,09:02:31,162,pp1709,XDCE,7570,7560,7635,20584,781914010,528134,529630,8116,7344,7730,7642,0,7630,0,0,0,2017-04-24,32551162,7568,2,0,0,0,0,0,0,0,0,7570,26,0,0,0,0,0,0,0,0
301,2017-04-24,09:02:31,681,pp1709,XDCE,7568,7560,7635,20586,781989690,528132,529630,8116,7344,7730,7642,0,7630,0,0,0,2017-04-24,32551681,7568,1,0,0,0,0,0,0,0,0,7570,26,0,0,0,0,0,0,0,0
302,2017-04-24,09:02:32,171,pp1709,XDCE,7569,7560,7635,20590,782141070,528130,529630,8116,7344,7730,7642,0,7630,0,0,0,2017-04-24,32552171,7568,1,0,0,0,0,0,0,0,0,7569,19,0,0,0,0,0,0,0,0
303,2017-04-24,09:02:32,654,pp1709,XDCE,7570,7560,7635,20664,784941780,528056,529630,8116,7344,7730,7642,0,7630,0,0,0,2017-04-24,32552654,7569,1,0,0,0,0,0,0,0,0,7570,31,0,0,0,0,0,0,0,0
304,2017-04-24,09:02:33,76,pp1709,XDCE,7570,7560,7635,20680,785547370,528058,529630,8116,7344,7730,7642,0,7630,0,0,0,2017-04-24,32553076,7568,4,0,0,0,0,0,0,0,0,7570,24,0,0,0,0,0,0,0,0
305,2017-04-24,09:02:33,670,pp1709,XDCE,7570,7560,7635,20748,788121110,528016,529630,8116,7344,7730,7642,0,7630,0,0,0,2017-04-24,32553670,7568,1,0,0,0,0,0,0,0,0,7570,8,0,0,0,0,0,0,0,0
306,2017-04-24,09:02:34,190,pp1709,XDCE,7570,7560,7635,20756,788423910,528014,529630,8116,7344,7730,7642,0,7630,0,0,0,2017-04-24,32554190,7569,8,0,0,0,0,0,0,0,0,7570,16,0,0,0,0,0,0,0,0
307,2017-04-24,09:02:34,645,pp1709,XDCE,7569,7560,7635,20776,789180880,528018,529630,8116,7344,7730,7642,0,7630,0,0,0,2017-04-24,32554645,7569,6,0,0,0,0,0,0,0,0,7570,9,0,0,0,0,0,0,0,0
308,2017-04-24,09:02:35,187,pp1709,XDCE,7570,7560,7635,20786,789559380,528018,529630,8116,7344,7730,7642,0,7630,0,0,0,2017-04-24,32555187,7569,7,0,0,0,0,0,0,0,0,7570,4,0,0,0,0,0,0,0,0
309,2017-04-24,09:02:35,689,pp1709,XDCE,7567,7560,7635,20878,793040620,527968,529630,8116,7344,7730,7642,0,7630,0,0,0,2017-04-24,32555689,7566,34,0,0,0,0,0,0,0,0,7567,5,0,0,0,0,0,0,0,0
310,2017-04-24,09:02:36,202,pp1709,XDCE,7568,7560,7635,20946,795613530,527956,529630,8116,7344,7730,7642,0,7630,0,0,0,2017-04-24,32556202,7567,4,0,0,0,0,0,0,0,0,7568,38,0,0,0,0,0,0,0,0
311,2017-04-24,09:02:36,678,pp1709,XDCE,7569,7560,7635,21024,798565060,527880,529630,8116,7344,7730,7642,0,7630,0,0,0,2017-04-24,32556678,7567,8,0,0,0,0,0,0,0,0,7569,485,0,0,0,0,0,0,0,0
312,2017-04-24,09:02:37,184,pp1709,XDCE,7569,7560,7635,21094,801213950,527846,529630,8116,7344,7730,7642,0,7630,0,0,0,2017-04-24,32557184,7568,4,0,0,0,0,0,0,0,0,7569,465,0,0,0,0,0,0,0,0
313,2017-04-24,09:02:37,680,pp1709,XDCE,7566,7560,7635,21196,805072820,527898,529630,8116,7344,7730,7642,0,7630,0,0,0,2017-04-24,32557680,7565,16,0,0,0,0,0,0,0,0,7566,41,0,0,0,0,0,0,0,0
314,2017-04-24,09:02:38,185,pp1709,XDCE,7566,7560,7635,21278,808174880,527898,529630,8116,7344,7730,7642,0,7630,0,0,0,2017-04-24,32558185,7566,1,0,0,0,0,0,0,0,0,7568,5,0,0,0,0,0,0,0,0
315,2017-04-24,09:02:38,690,pp1709,XDCE,7565,7560,7635,21314,809536600,527900,529630,8116,7344,7730,7642,0,7630,0,0,0,2017-04-24,32558690,7565,1,0,0,0,0,0,0,0,0,7566,2,0,0,0,0,0,0,0,0
316,2017-04-24,09:02:39,157,pp1709,XDCE,7565,7560,7635,21316,809612250,527900,529630,8116,7344,7730,7642,0,7630,0,0,0,2017-04-24,32559157,7564,16,0,0,0,0,0,0,0,0,7565,2,0,0,0,0,0,0,0,0
317,2017-04-24,09:02:39,701,pp1709,XDCE,7566,7560,7635,21342,810595710,527894,529630,8116,7344,7730,7642,0,7630,0,0,0,2017-04-24,32559701,7564,16,0,0,0,0,0,0,0,0,7566,1,0,0,0,0,0,0,0,0
318,2017-04-24,09:02:40,178,pp1709,XDCE,7564,7560,7635,21348,810822680,527896,529630,8116,7344,7730,7642,0,7630,0,0,0,2017-04-24,32560178,7566,2,0,0,0,0,0,0,0,0,7567,24,0,0,0,0,0,0,0,0
319,2017-04-24,09:02:40,675,pp1709,XDCE,7564,7560,7635,21394,812562980,527886,529630,8116,7344,7730,7642,0,7630,0,0,0,2017-04-24,32560675,7564,25,0,0,0,0,0,0,0,0,7567,10,0,0,0,0,0,0,0,0
320,2017-04-24,09:02:41,163,pp1709,XDCE,7566,7560,7635,21400,812789940,527886,529630,8116,7344,7730,7642,0,7630,0,0,0,2017-04-24,32561163,7564,24,0,0,0,0,0,0,0,0,7566,6,0,0,0,0,0,0,0,0
321,2017-04-24,09:02:41,698,pp1709,XDCE,7565,7560,7635,21406,813016910,527890,529630,8116,7344,7730,7642,0,7630,0,0,0,2017-04-24,32561698,7564,24,0,0,0,0,0,0,0,0,7566,25,0,0,0,0,0,0,0,0
322,2017-04-24,09:02:41,909,pp1709,XDCE,7565,7560,7635,21406,813016910,527890,529630,8116,7344,7730,7642,0,7630,0,0,0,2017-04-24,32561909,7564,24,0,0,0,0,0,0,0,0,7565,3,0,0,0,0,0,0,0,0
323,2017-04-24,09:02:42,622,pp1709,XDCE,7565,7560,7635,21406,813016910,527890,529630,8116,7344,7730,7642,0,7630,0,0,0,2017-04-24,32562622,7564,25,0,0,0,0,0,0,0,0,7565,3,0,0,0,0,0,0,0,0
324,2017-04-24,09:02:43,186,pp1709,XDCE,7565,7560,7635,21424,813697760,527878,529630,8116,7344,7730,7642,0,7630,0,0,0,2017-04-24,32563186,7564,25,0,0,0,0,0,0,0,0,7565,11,0,0,0,0,0,0,0,0
325,2017-04-24,09:02:43,675,pp1709,XDCE,7564,7560,7635,21476,815664410,527858,529630,8116,7344,7730,7642,0,7630,0,0,0,2017-04-24,32563675,7563,14,0,0,0,0,0,0,0,0,7564,5,0,0,0,0,0,0,0,0
326,2017-04-24,09:02:44,189,pp1709,XDCE,7563,7560,7635,21520,817328360,527862,529630,8116,7344,7730,7642,0,7630,0,0,0,2017-04-24,32564189,7562,11,0,0,0,0,0,0,0,0,7564,14,0,0,0,0,0,0,0,0
327,2017-04-24,09:02:44,469,pp1709,XDCE,7564,7560,7635,21524,817479640,527862,529630,8116,7344,7730,7642,0,7630,0,0,0,2017-04-24,32564469,7562,16,0,0,0,0,0,0,0,0,7564,13,0,0,0,0,0,0,0,0
328,2017-04-24,09:02:45,172,pp1709,XDCE,7562,7560,7635,21558,818765200,527856,529630,8116,7344,7730,7642,0,7630,0,0,0,2017-04-24,32565172,7562,1,0,0,0,0,0,0,0,0,7564,13,0,0,0,0,0,0,0,0
329,2017-04-24,09:02:45,703,pp1709,XDCE,7562,7560,7635,21596,820201910,527876,529630,8116,7344,7730,7642,0,7630,0,0,0,2017-04-24,32565703,7562,13,0,0,0,0,0,0,0,0,7564,11,0,0,0,0,0,0,0,0
330,2017-04-24,09:02:46,183,pp1709,XDCE,7562,7560,7635,21630,821487490,527852,529630,8116,7344,7730,7642,0,7630,0,0,0,2017-04-24,32566183,7562,6,0,0,0,0,0,0,0,0,7564,10,0,0,0,0,0,0,0,0
331,2017-04-24,09:02:46,592,pp1709,XDCE,7562,7560,7635,21648,822168110,527840,529630,8116,7344,7730,7642,0,7630,0,0,0,2017-04-24,32566592,7561,16,0,0,0,0,0,0,0,0,7562,91,0,0,0,0,0,0,0,0
332,2017-04-24,09:02:47,172,pp1709,XDCE,7562,7560,7635,21650,822243730,527840,529630,8116,7344,7730,7642,0,7630,0,0,0,2017-04-24,32567172,7561,16,0,0,0,0,0,0,0,0,7562,94,0,0,0,0,0,0,0,0
333,2017-04-24,09:02:47,701,pp1709,XDCE,7562,7560,7635,21720,824890430,527800,529630,8116,7344,7730,7642,0,7630,0,0,0,2017-04-24,32567701,7561,16,0,0,0,0,0,0,0,0,7562,59,0,0,0,0,0,0,0,0
334,2017-04-24,09:02:48,60,pp1709,XDCE,7562,7560,7635,21758,826327050,527792,529630,8116,7344,7730,7642,0,7630,0,0,0,2017-04-24,32568060,7560,66,0,0,0,0,0,0,0,0,7562,52,0,0,0,0,0,0,0,0
335,2017-04-24,09:02:48,503,pp1709,XDCE,7562,7560,7635,21764,826553910,527794,529630,8116,7344,7730,7642,0,7630,0,0,0,2017-04-24,32568503,7560,66,0,0,0,0,0,0,0,0,7562,53,0,0,0,0,0,0,0,0
336,2017-04-24,09:02:49,194,pp1709,XDCE,7560,7560,7635,21770,826780750,527798,529630,8116,7344,7730,7642,0,7630,0,0,0,2017-04-24,32569194,7560,65,0,0,0,0,0,0,0,0,7561,3,0,0,0,0,0,0,0,0
337,2017-04-24,09:02:49,699,pp1709,XDCE,7560,7560,7635,21880,830939480,527744,529630,8116,7344,7730,7642,0,7630,0,0,0,2017-04-24,32569699,7560,52,0,0,0,0,0,0,0,0,7562,20,0,0,0,0,0,0,0,0
338,2017-04-24,09:02:50,199,pp1709,XDCE,7559,7559,7635,22004,835626580,527812,529630,8116,7344,7730,7642,0,7630,0,0,0,2017-04-24,32570199,7559,20,0,0,0,0,0,0,0,0,7560,2,0,0,0,0,0,0,0,0
339,2017-04-24,09:02:50,686,pp1709,XDCE,7560,7559,7635,22052,837440850,527820,529630,8116,7344,7730,7642,0,7630,0,0,0,2017-04-24,32570686,7559,7,0,0,0,0,0,0,0,0,7560,20,0,0,0,0,0,0,0,0
340,2017-04-24,09:02:51,176,pp1709,XDCE,7559,7559,7635,22074,838272370,527826,529630,8116,7344,7730,7642,0,7630,0,0,0,2017-04-24,32571176,7558,13,0,0,0,0,0,0,0,0,7559,10,0,0,0,0,0,0,0,0
341,2017-04-24,09:02:51,690,pp1709,XDCE,7559,7559,7635,22078,838423550,527826,529630,8116,7344,7730,7642,0,7630,0,0,0,2017-04-24,32571690,7558,13,0,0,0,0,0,0,0,0,7559,9,0,0,0,0,0,0,0,0
342,2017-04-24,09:02:52,180,pp1709,XDCE,7559,7558,7635,22096,839103830,527818,529630,8116,7344,7730,7642,0,7630,0,0,0,2017-04-24,32572180,7558,10,0,0,0,0,0,0,0,0,7559,8,0,0,0,0,0,0,0,0
343,2017-04-24,09:02:52,671,pp1709,XDCE,7558,7558,7635,22118,839935290,527822,529630,8116,7344,7730,7642,0,7630,0,0,0,2017-04-24,32572671,7558,9,0,0,0,0,0,0,0,0,7560,20,0,0,0,0,0,0,0,0
344,2017-04-24,09:02:53,173,pp1709,XDCE,7560,7558,7635,22232,844244570,527782,529630,8116,7344,7730,7642,0,7630,0,0,0,2017-04-24,32573173,7560,43,0,0,0,0,0,0,0,0,7562,20,0,0,0,0,0,0,0,0
345,2017-04-24,09:02:53,679,pp1709,XDCE,7563,7558,7635,22286,846286200,527750,529630,8116,7344,7730,7642,0,7630,0,0,0,2017-04-24,32573679,7562,10,0,0,0,0,0,0,0,0,7564,7,0,0,0,0,0,0,0,0
346,2017-04-24,09:02:54,190,pp1709,XDCE,7562,7558,7635,22292,846513080,527748,529630,8116,7344,7730,7642,0,7630,0,0,0,2017-04-24,32574190,7562,9,0,0,0,0,0,0,0,0,7563,5,0,0,0,0,0,0,0,0
347,2017-04-24,09:02:54,682,pp1709,XDCE,7563,7558,7635,22360,849084210,527744,529630,8116,7344,7730,7642,0,7630,0,0,0,2017-04-24,32574682,7563,6,0,0,0,0,0,0,0,0,7564,6,0,0,0,0,0,0,0,0
348,2017-04-24,09:02:55,182,pp1709,XDCE,7564,7558,7635,22378,849764920,527742,529630,8116,7344,7730,7642,0,7630,0,0,0,2017-04-24,32575182,7563,1,0,0,0,0,0,0,0,0,7565,10,0,0,0,0,0,0,0,0
349,2017-04-24,09:02:55,700,pp1709,XDCE,7561,7551,7635,23290,884207460,527456,529630,8116,7344,7730,7642,0,7630,0,0,0,2017-04-24,32575700,7560,12,0,0,0,0,0,0,0,0,7561,1,0,0,0,0,0,0,0,0
350,2017-04-24,09:02:56,193,pp1709,XDCE,7561,7551,7635,23432,889575260,527442,529630,8116,7344,7730,7642,0,7630,0,0,0,2017-04-24,32576193,7560,1,0,0,0,0,0,0,0,0,7562,10,0,0,0,0,0,0,0,0
351,2017-04-24,09:02:56,698,pp1709,XDCE,7560,7551,7635,23496,891994520,527430,529630,8116,7344,7730,7642,0,7630,0,0,0,2017-04-24,32576698,7557,3,0,0,0,0,0,0,0,0,7560,30,0,0,0,0,0,0,0,0
352,2017-04-24,09:02:57,200,pp1709,XDCE,7560,7551,7635,23556,894262520,527392,529630,8116,7344,7730,7642,0,7630,0,0,0,2017-04-24,32577200,7560,5,0,0,0,0,0,0,0,0,7562,9,0,0,0,0,0,0,0,0
353,2017-04-24,09:02:57,644,pp1709,XDCE,7562,7551,7635,23558,894338140,527392,529630,8116,7344,7730,7642,0,7630,0,0,0,2017-04-24,32577644,7560,6,0,0,0,0,0,0,0,0,7562,8,0,0,0,0,0,0,0,0
354,2017-04-24,09:02:58,170,pp1709,XDCE,7562,7551,7635,23566,894640600,527392,529630,8116,7344,7730,7642,0,7630,0,0,0,2017-04-24,32578170,7562,60,0,0,0,0,0,0,0,0,7563,3,0,0,0,0,0,0,0,0
355,2017-04-24,09:02:58,685,pp1709,XDCE,7560,7551,7635,23784,902883310,527214,529630,8116,7344,7730,7642,0,7630,0,0,0,2017-04-24,32578685,7560,10,0,0,0,0,0,0,0,0,7565,10,0,0,0,0,0,0,0,0
356,2017-04-24,09:02:59,187,pp1709,XDCE,7564,7551,7635,23824,904395600,527198,529630,8116,7344,7730,7642,0,7630,0,0,0,2017-04-24,32579187,7564,5,0,0,0,0,0,0,0,0,7565,10,0,0,0,0,0,0,0,0
357,2017-04-24,09:02:59,691,pp1709,XDCE,7565,7551,7635,23912,907724510,527178,529630,8116,7344,7730,7642,0,7630,0,0,0,2017-04-24,32579691,7565,1,0,0,0,0,0,0,0,0,7567,10,0,0,0,0,0,0,0,0
358,2017-04-24,09:03:00,179,pp1709,XDCE,7569,7551,7635,23950,909162290,527162,529630,8116,7344,7730,7642,0,7630,0,0,0,2017-04-24,32580179,7569,1,0,0,0,0,0,0,0,0,7570,19,0,0,0,0,0,0,0,0
359,2017-04-24,09:03:00,694,pp1709,XDCE,7566,7551,7635,24080,914081600,527118,529630,8116,7344,7730,7642,0,7630,0,0,0,2017-04-24,32580694,7566,8,0,0,0,0,0,0,0,0,7567,10,0,0,0,0,0,0,0,0
360,2017-04-24,09:03:01,201,pp1709,XDCE,7564,7551,7635,24240,920133860,527080,529630,8116,7344,7730,7642,0,7630,0,0,0,2017-04-24,32581201,7564,2,0,0,0,0,0,0,0,0,7567,9,0,0,0,0,0,0,0,0
361,2017-04-24,09:03:01,633,pp1709,XDCE,7562,7551,7635,24310,922780750,527016,529630,8116,7344,7730,7642,0,7630,0,0,0,2017-04-24,32581633,7561,3,0,0,0,0,0,0,0,0,7562,24,0,0,0,0,0,0,0,0
362,2017-04-24,09:03:02,199,pp1709,XDCE,7565,7551,7635,24422,927016340,526948,529630,8116,7344,7730,7642,0,7630,0,0,0,2017-04-24,32582199,7561,5,0,0,0,0,0,0,0,0,7563,8,0,0,0,0,0,0,0,0
363,2017-04-24,09:03:02,672,pp1709,XDCE,7561,7551,7635,24442,927772500,526936,529630,8116,7344,7730,7642,0,7630,0,0,0,2017-04-24,32582672,7560,27,0,0,0,0,0,0,0,0,7561,1,0,0,0,0,0,0,0,0
364,2017-04-24,09:03:03,192,pp1709,XDCE,7562,7551,7635,24456,928301960,526938,529630,8116,7344,7730,7642,0,7630,0,0,0,2017-04-24,32583192,7562,4,0,0,0,0,0,0,0,0,7565,21,0,0,0,0,0,0,0,0
365,2017-04-24,09:03:03,641,pp1709,XDCE,7562,7551,7635,24456,928301960,526938,529630,8116,7344,7730,7642,0,7630,0,0,0,2017-04-24,32583641,7563,1,0,0,0,0,0,0,0,0,7565,21,0,0,0,0,0,0,0,0
366,2017-04-24,09:03:04,180,pp1709,XDCE,7565,7551,7635,24460,928453260,526938,529630,8116,7344,7730,7642,0,7630,0,0,0,2017-04-24,32584180,7563,1,0,0,0,0,0,0,0,0,7565,19,0,0,0,0,0,0,0,0
367,2017-04-24,09:03:04,671,pp1709,XDCE,7565,7551,7635,24524,930874060,526886,529630,8116,7344,7730,7642,0,7630,0,0,0,2017-04-24,32584671,7563,1,0,0,0,0,0,0,0,0,7565,4,0,0,0,0,0,0,0,0
368,2017-04-24,09:03:05,176,pp1709,XDCE,7565,7551,7635,24540,931479180,526880,529630,8116,7344,7730,7642,0,7630,0,0,0,2017-04-24,32585176,7563,1,0,0,0,0,0,0,0,0,7566,49,0,0,0,0,0,0,0,0
369,2017-04-24,09:03:05,678,pp1709,XDCE,7566,7551,7635,24640,935261300,526846,529630,8116,7344,7730,7642,0,7630,0,0,0,2017-04-24,32585678,7563,1,0,0,0,0,0,0,0,0,7566,30,0,0,0,0,0,0,0,0
370,2017-04-24,09:03:06,190,pp1709,XDCE,7566,7551,7635,24650,935639560,526846,529630,8116,7344,7730,7642,0,7630,0,0,0,2017-04-24,32586190,7564,7,0,0,0,0,0,0,0,0,7566,38,0,0,0,0,0,0,0,0
371,2017-04-24,09:03:06,697,pp1709,XDCE,7563,7551,7635,24690,937152240,526814,529630,8116,7344,7730,7642,0,7630,0,0,0,2017-04-24,32586697,7563,14,0,0,0,0,0,0,0,0,7566,47,0,0,0,0,0,0,0,0
372,2017-04-24,09:03:07,190,pp1709,XDCE,7563,7551,7635,24704,937681770,526806,529630,8116,7344,7730,7642,0,7630,0,0,0,2017-04-24,32587190,7563,7,0,0,0,0,0,0,0,0,7565,6,0,0,0,0,0,0,0,0
373,2017-04-24,09:03:07,698,pp1709,XDCE,7566,7551,7635,24724,938438310,526786,529630,8116,7344,7730,7642,0,7630,0,0,0,2017-04-24,32587698,7563,9,0,0,0,0,0,0,0,0,7566,39,0,0,0,0,0,0,0,0
374,2017-04-24,09:03:08,182,pp1709,XDCE,7565,7551,7635,24766,940026960,526748,529630,8116,7344,7730,7642,0,7630,0,0,0,2017-04-24,32588182,7565,9,0,0,0,0,0,0,0,0,7566,44,0,0,0,0,0,0,0,0
375,2017-04-24,09:03:08,667,pp1709,XDCE,7565,7551,7635,24832,942523610,526702,529630,8116,7344,7730,7642,0,7630,0,0,0,2017-04-24,32588667,7563,3,0,0,0,0,0,0,0,0,7565,46,0,0,0,0,0,0,0,0
376,2017-04-24,09:03:09,201,pp1709,XDCE,7564,7551,7635,24846,943053140,526692,529630,8116,7344,7730,7642,0,7630,0,0,0,2017-04-24,32589201,7563,3,0,0,0,0,0,0,0,0,7564,16,0,0,0,0,0,0,0,0
377,2017-04-24,09:03:09,699,pp1709,XDCE,7565,7551,7635,24858,943506960,526698,529630,8116,7344,7730,7642,0,7630,0,0,0,2017-04-24,32589699,7562,26,0,0,0,0,0,0,0,0,7564,16,0,0,0,0,0,0,0,0
378,2017-04-24,09:03:10,181,pp1709,XDCE,7564,7551,7635,24918,945775650,526654,529630,8116,7344,7730,7642,0,7630,0,0,0,2017-04-24,32590181,7561,41,0,0,0,0,0,0,0,0,7564,15,0,0,0,0,0,0,0,0
379,2017-04-24,09:03:10,698,pp1709,XDCE,7561,7551,7635,25012,949329380,526568,529630,8116,7344,7730,7642,0,7630,0,0,0,2017-04-24,32590698,7563,1,0,0,0,0,0,0,0,0,7564,15,0,0,0,0,0,0,0,0
380,2017-04-24,09:03:11,193,pp1709,XDCE,7564,7551,7635,25106,952884420,526500,529630,8116,7344,7730,7642,0,7630,0,0,0,2017-04-24,32591193,7561,4,0,0,0,0,0,0,0,0,7562,5,0,0,0,0,0,0,0,0
381,2017-04-24,09:03:11,688,pp1709,XDCE,7560,7551,7635,25302,960295270,526370,529630,8116,7344,7730,7642,0,7630,0,0,0,2017-04-24,32591688,7558,7,0,0,0,0,0,0,0,0,7560,8,0,0,0,0,0,0,0,0
382,2017-04-24,09:03:12,199,pp1709,XDCE,7560,7551,7635,25322,961051300,526354,529630,8116,7344,7730,7642,0,7630,0,0,0,2017-04-24,32592199,7560,25,0,0,0,0,0,0,0,0,7562,3,0,0,0,0,0,0,0,0
383,2017-04-24,09:03:12,679,pp1709,XDCE,7560,7551,7635,25340,961731740,526340,529630,8116,7344,7730,7642,0,7630,0,0,0,2017-04-24,32592679,7560,18,0,0,0,0,0,0,0,0,7561,12,0,0,0,0,0,0,0,0
384,2017-04-24,09:03:13,181,pp1709,XDCE,7558,7551,7635,25388,963546040,526326,529630,8116,7344,7730,7642,0,7630,0,0,0,2017-04-24,32593181,7558,2,0,0,0,0,0,0,0,0,7560,9,0,0,0,0,0,0,0,0
385,2017-04-24,09:03:13,669,pp1709,XDCE,7560,7551,7635,25502,967854640,526278,529630,8116,7344,7730,7642,0,7630,0,0,0,2017-04-24,32593669,7558,1,0,0,0,0,0,0,0,0,7560,3,0,0,0,0,0,0,0,0
386,2017-04-24,09:03:14,172,pp1709,XDCE,7560,7551,7635,25536,969139760,526278,529630,8116,7344,7730,7642,0,7630,0,0,0,2017-04-24,32594172,7557,1,0,0,0,0,0,0,0,0,7561,2,0,0,0,0,0,0,0,0
387,2017-04-24,09:03:14,695,pp1709,XDCE,7561,7551,7635,25560,970047020,526270,529630,8116,7344,7730,7642,0,7630,0,0,0,2017-04-24,32594695,7561,18,0,0,0,0,0,0,0,0,7562,8,0,0,0,0,0,0,0,0
388,2017-04-24,09:03:15,170,pp1709,XDCE,7561,7551,7635,25570,970425110,526262,529630,8116,7344,7730,7642,0,7630,0,0,0,2017-04-24,32595170,7562,1,0,0,0,0,0,0,0,0,7563,2,0,0,0,0,0,0,0,0
389,2017-04-24,09:03:15,687,pp1709,XDCE,7565,7551,7635,25774,978141030,526340,529630,8116,7344,7730,7642,0,7630,0,0,0,2017-04-24,32595687,7563,30,0,0,0,0,0,0,0,0,7564,6,0,0,0,0,0,0,0,0
390,2017-04-24,09:03:16,201,pp1709,XDCE,7565,7551,7635,25912,983360700,526220,529630,8116,7344,7730,7642,0,7630,0,0,0,2017-04-24,32596201,7565,30,0,0,0,0,0,0,0,0,7566,13,0,0,0,0,0,0,0,0
391,2017-04-24,09:03:16,672,pp1709,XDCE,7566,7551,7635,26244,995917620,526026,529630,8116,7344,7730,7642,0,7630,0,0,0,2017-04-24,32596672,7561,3,0,0,0,0,0,0,0,0,7566,38,0,0,0,0,0,0,0,0
392,2017-04-24,09:03:17,172,pp1709,XDCE,7566,7551,7635,26308,998338510,525994,529630,8116,7344,7730,7642,0,7630,0,0,0,2017-04-24,32597172,7563,3,0,0,0,0,0,0,0,0,7565,1,0,0,0,0,0,0,0,0
393,2017-04-24,09:03:17,684,pp1709,XDCE,7567,7551,7635,26330,999170870,525998,529630,8116,7344,7730,7642,0,7630,0,0,0,2017-04-24,32597684,7564,1,0,0,0,0,0,0,0,0,7566,1,0,0,0,0,0,0,0,0
394,2017-04-24,09:03:18,167,pp1709,XDCE,7564,7551,7635,26332,999246510,525998,529630,8116,7344,7730,7642,0,7630,0,0,0,2017-04-24,32598167,7563,5,0,0,0,0,0,0,0,0,7565,2,0,0,0,0,0,0,0,0
395,2017-04-24,09:03:18,670,pp1709,XDCE,7565,7551,7635,26430,1002953660,525942,529630,8116,7344,7730,7642,0,7630,0,0,0,2017-04-24,32598670,7563,3,0,0,0,0,0,0,0,0,7565,5,0,0,0,0,0,0,0,0
396,2017-04-24,09:03:19,139,pp1709,XDCE,7565,7551,7635,26456,1003937290,525930,529630,8116,7344,7730,7642,0,7630,0,0,0,2017-04-24,32599139,7565,10,0,0,0,0,0,0,0,0,7567,8,0,0,0,0,0,0,0,0
397,2017-04-24,09:03:19,677,pp1709,XDCE,7567,7551,7635,26526,1006585640,525872,529630,8116,7344,7730,7642,0,7630,0,0,0,2017-04-24,32599677,7565,5,0,0,0,0,0,0,0,0,7567,10,0,0,0,0,0,0,0,0
398,2017-04-24,09:03:20,183,pp1709,XDCE,7565,7551,7635,26528,1006661290,525872,529630,8116,7344,7730,7642,0,7630,0,0,0,2017-04-24,32600183,7565,6,0,0,0,0,0,0,0,0,7567,10,0,0,0,0,0,0,0,0
399,2017-04-24,09:03:20,682,pp1709,XDCE,7567,7551,7635,26556,1007720600,525854,529630,8116,7344,7730,7642,0,7630,0,0,0,2017-04-24,32600682,7567,19,0,0,0,0,0,0,0,0,7568,53,0,0,0,0,0,0,0,0
400,2017-04-24,09:03:21,186,pp1709,XDCE,7565,7551,7635,26610,1009763540,525820,529630,8116,7344,7730,7642,0,7630,0,0,0,2017-04-24,32601186,7563,5,0,0,0,0,0,0,0,0,7564,1,0,0,0,0,0,0,0,0
401,2017-04-24,09:03:21,681,pp1709,XDCE,7567,7551,7635,26662,1011730620,525798,529630,8116,7344,7730,7642,0,7630,0,0,0,2017-04-24,32601681,7567,10,0,0,0,0,0,0,0,0,7568,54,0,0,0,0,0,0,0,0
402,2017-04-24,09:03:22,171,pp1709,XDCE,7567,7551,7635,26684,1012562990,525802,529630,8116,7344,7730,7642,0,7630,0,0,0,2017-04-24,32602171,7565,4,0,0,0,0,0,0,0,0,7567,89,0,0,0,0,0,0,0,0
403,2017-04-24,09:03:22,688,pp1709,XDCE,7567,7551,7635,26688,1012714330,525802,529630,8116,7344,7730,7642,0,7630,0,0,0,2017-04-24,32602688,7565,7,0,0,0,0,0,0,0,0,7567,87,0,0,0,0,0,0,0,0
404,2017-04-24,09:03:23,170,pp1709,XDCE,7567,7551,7635,26760,1015438350,525798,529630,8116,7344,7730,7642,0,7630,0,0,0,2017-04-24,32603170,7566,9,0,0,0,0,0,0,0,0,7567,57,0,0,0,0,0,0,0,0
405,2017-04-24,09:03:23,671,pp1709,XDCE,7570,7551,7635,26992,1024216720,525686,529630,8116,7344,7730,7642,0,7630,0,0,0,2017-04-24,32603671,7568,29,0,0,0,0,0,0,0,0,7572,1,0,0,0,0,0,0,0,0
406,2017-04-24,09:03:24,82,pp1709,XDCE,7567,7551,7635,27092,1028000630,525598,529630,8116,7344,7730,7642,0,7630,0,0,0,2017-04-24,32604082,7566,9,0,0,0,0,0,0,0,0,7567,43,0,0,0,0,0,0,0,0
407,2017-04-24,09:03:24,695,pp1709,XDCE,7567,7551,7635,27192,1031784060,525514,529630,8116,7344,7730,7642,0,7630,0,0,0,2017-04-24,32604695,7567,39,0,0,0,0,0,0,0,0,7570,2,0,0,0,0,0,0,0,0
408,2017-04-24,09:03:25,178,pp1709,XDCE,7571,7551,7635,27228,1033146490,525500,529630,8116,7344,7730,7642,0,7630,0,0,0,2017-04-24,32605178,7570,29,0,0,0,0,0,0,0,0,7572,2,0,0,0,0,0,0,0,0
409,2017-04-24,09:03:25,693,pp1709,XDCE,7571,7551,7635,27250,1033979320,525492,529630,8116,7344,7730,7642,0,7630,0,0,0,2017-04-24,32605693,7571,5,0,0,0,0,0,0,0,0,7573,1,0,0,0,0,0,0,0,0
410,2017-04-24,09:03:26,172,pp1709,XDCE,7571,7551,7635,27318,1036553310,525444,529630,8116,7344,7730,7642,0,7630,0,0,0,2017-04-24,32606172,7571,17,0,0,0,0,0,0,0,0,7573,1,0,0,0,0,0,0,0,0
411,2017-04-24,09:03:26,692,pp1709,XDCE,7575,7551,7635,27354,1037916610,525436,529630,8116,7344,7730,7642,0,7630,0,0,0,2017-04-24,32606692,7575,2,0,0,0,0,0,0,0,0,7576,26,0,0,0,0,0,0,0,0
412,2017-04-24,09:03:27,178,pp1709,XDCE,7576,7551,7635,27406,1039885780,525392,529630,8116,7344,7730,7642,0,7630,0,0,0,2017-04-24,32607178,7574,2,0,0,0,0,0,0,0,0,7576,21,0,0,0,0,0,0,0,0
413,2017-04-24,09:03:27,687,pp1709,XDCE,7576,7551,7635,27448,1041476740,525374,529630,8116,7344,7730,7642,0,7630,0,0,0,2017-04-24,32607687,7574,9,0,0,0,0,0,0,0,0,7578,1,0,0,0,0,0,0,0,0
414,2017-04-24,09:03:28,180,pp1709,XDCE,7574,7551,7635,27472,1042385670,525356,529630,8116,7344,7730,7642,0,7630,0,0,0,2017-04-24,32608180,7575,1,0,0,0,0,0,0,0,0,7578,3,0,0,0,0,0,0,0,0
415,2017-04-24,09:03:28,698,pp1709,XDCE,7574,7551,7635,27486,1042915860,525346,529630,8116,7344,7730,7642,0,7630,0,0,0,2017-04-24,32608698,7573,23,0,0,0,0,0,0,0,0,7575,16,0,0,0,0,0,0,0,0
416,2017-04-24,09:03:29,181,pp1709,XDCE,7575,7551,7635,27538,1044885380,525320,529630,8116,7344,7730,7642,0,7630,0,0,0,2017-04-24,32609181,7575,22,0,0,0,0,0,0,0,0,7577,3,0,0,0,0,0,0,0,0
417,2017-04-24,09:03:29,684,pp1709,XDCE,7574,7551,7635,27588,1046779120,525276,529630,8116,7344,7730,7642,0,7630,0,0,0,2017-04-24,32609684,7573,24,0,0,0,0,0,0,0,0,7574,34,0,0,0,0,0,0,0,0
418,2017-04-24,09:03:30,170,pp1709,XDCE,7572,7551,7635,27646,1048975300,525224,529630,8116,7344,7730,7642,0,7630,0,0,0,2017-04-24,32610170,7571,5,0,0,0,0,0,0,0,0,7572,9,0,0,0,0,0,0,0,0
419,2017-04-24,09:03:30,670,pp1709,XDCE,7570,7551,7635,27676,1050110950,525194,529630,8116,7344,7730,7642,0,7630,0,0,0,2017-04-24,32610670,7570,32,0,0,0,0,0,0,0,0,7572,7,0,0,0,0,0,0,0,0
420,2017-04-24,09:03:31,173,pp1709,XDCE,7570,7551,7635,27708,1051322180,525168,529630,8116,7344,7730,7642,0,7630,0,0,0,2017-04-24,32611173,7571,5,0,0,0,0,0,0,0,0,7572,4,0,0,0,0,0,0,0,0
421,2017-04-24,09:03:31,689,pp1709,XDCE,7572,7551,7635,27744,1052685020,525134,529630,8116,7344,7730,7642,0,7630,0,0,0,2017-04-24,32611689,7570,12,0,0,0,0,0,0,0,0,7572,28,0,0,0,0,0,0,0,0
422,2017-04-24,09:03:32,173,pp1709,XDCE,7571,7551,7635,27754,1053063590,525130,529630,8116,7344,7730,7642,0,7630,0,0,0,2017-04-24,32612173,7570,11,0,0,0,0,0,0,0,0,7572,3,0,0,0,0,0,0,0,0
423,2017-04-24,09:03:32,698,pp1709,XDCE,7567,7551,7635,27806,1055031600,525108,529630,8116,7344,7730,7642,0,7630,0,0,0,2017-04-24,32612698,7568,3,0,0,0,0,0,0,0,0,7570,3,0,0,0,0,0,0,0,0
424,2017-04-24,09:03:33,202,pp1709,XDCE,7571,7551,7635,27866,1057302180,525118,529630,8116,7344,7730,7642,0,7630,0,0,0,2017-04-24,32613202,7568,15,0,0,0,0,0,0,0,0,7570,8,0,0,0,0,0,0,0,0
425,2017-04-24,09:03:33,694,pp1709,XDCE,7568,7551,7635,27874,1057604920,525114,529630,8116,7344,7730,7642,0,7630,0,0,0,2017-04-24,32613694,7568,12,0,0,0,0,0,0,0,0,7570,5,0,0,0,0,0,0,0,0
426,2017-04-24,09:03:34,186,pp1709,XDCE,7570,7551,7635,27876,1057680620,525114,529630,8116,7344,7730,7642,0,7630,0,0,0,2017-04-24,32614186,7568,12,0,0,0,0,0,0,0,0,7570,7,0,0,0,0,0,0,0,0
427,2017-04-24,09:03:35,151,pp1709,XDCE,7568,7551,7635,27900,1058588920,525104,529630,8116,7344,7730,7642,0,7630,0,0,0,2017-04-24,32615151,7568,7,0,0,0,0,0,0,0,0,7571,9,0,0,0,0,0,0,0,0
428,2017-04-24,09:03:35,664,pp1709,XDCE,7568,7551,7635,27902,1058664600,525104,529630,8116,7344,7730,7642,0,7630,0,0,0,2017-04-24,32615664,7570,20,0,0,0,0,0,0,0,0,7571,7,0,0,0,0,0,0,0,0
429,2017-04-24,09:03:36,180,pp1709,XDCE,7571,7551,7635,27920,1059345960,525090,529630,8116,7344,7730,7642,0,7630,0,0,0,2017-04-24,32616180,7570,19,0,0,0,0,0,0,0,0,7572,1,0,0,0,0,0,0,0,0
430,2017-04-24,09:03:36,611,pp1709,XDCE,7571,7551,7635,27920,1059345960,525090,529630,8116,7344,7730,7642,0,7630,0,0,0,2017-04-24,32616611,7570,20,0,0,0,0,0,0,0,0,7572,2,0,0,0,0,0,0,0,0
431,2017-04-24,09:03:37,129,pp1709,XDCE,7570,7551,7635,27922,1059421660,525092,529630,8116,7344,7730,7642,0,7630,0,0,0,2017-04-24,32617129,7571,3,0,0,0,0,0,0,0,0,7572,2,0,0,0,0,0,0,0,0
432,2017-04-24,09:03:37,672,pp1709,XDCE,7572,7551,7635,27926,1059573100,525090,529630,8116,7344,7730,7642,0,7630,0,0,0,2017-04-24,32617672,7571,10,0,0,0,0,0,0,0,0,7573,2,0,0,0,0,0,0,0,0
433,2017-04-24,09:03:38,184,pp1709,XDCE,7572,7551,7635,27930,1059724530,525092,529630,8116,7344,7730,7642,0,7630,0,0,0,2017-04-24,32618184,7571,9,0,0,0,0,0,0,0,0,7572,1,0,0,0,0,0,0,0,0
434,2017-04-24,09:03:38,668,pp1709,XDCE,7572,7551,7635,27940,1060103130,525094,529630,8116,7344,7730,7642,0,7630,0,0,0,2017-04-24,32618668,7571,9,0,0,0,0,0,0,0,0,7573,2,0,0,0,0,0,0,0,0
435,2017-04-24,09:03:39,173,pp1709,XDCE,7568,7551,7635,28024,1063282380,525112,529630,8116,7344,7730,7642,0,7630,0,0,0,2017-04-24,32619173,7567,4,0,0,0,0,0,0,0,0,7569,1,0,0,0,0,0,0,0,0
436,2017-04-24,09:03:39,686,pp1709,XDCE,7568,7551,7635,28040,1063887780,525102,529630,8116,7344,7730,7642,0,7630,0,0,0,2017-04-24,32619686,7566,3,0,0,0,0,0,0,0,0,7568,4,0,0,0,0,0,0,0,0
437,2017-04-24,09:03:40,162,pp1709,XDCE,7568,7551,7635,28042,1063963460,525100,529630,8116,7344,7730,7642,0,7630,0,0,0,2017-04-24,32620162,7566,2,0,0,0,0,0,0,0,0,7567,2,0,0,0,0,0,0,0,0
438,2017-04-24,09:03:40,577,pp1709,XDCE,7568,7551,7635,28050,1064266180,525098,529630,8116,7344,7730,7642,0,7630,0,0,0,2017-04-24,32620577,7566,1,0,0,0,0,0,0,0,0,7568,3,0,0,0,0,0,0,0,0
439,2017-04-24,09:03:41,190,pp1709,XDCE,7566,7551,7635,28056,1064493160,525104,529630,8116,7344,7730,7642,0,7630,0,0,0,2017-04-24,32621190,7565,5,0,0,0,0,0,0,0,0,7566,3,0,0,0,0,0,0,0,0
440,2017-04-24,09:03:41,647,pp1709,XDCE,7566,7551,7635,28058,1064568820,525106,529630,8116,7344,7730,7642,0,7630,0,0,0,2017-04-24,32621647,7565,5,0,0,0,0,0,0,0,0,7566,3,0,0,0,0,0,0,0,0
441,2017-04-24,09:03:42,178,pp1709,XDCE,7565,7551,7635,28068,1064947070,525106,529630,8116,7344,7730,7642,0,7630,0,0,0,2017-04-24,32622178,7564,15,0,0,0,0,0,0,0,0,7565,4,0,0,0,0,0,0,0,0
442,2017-04-24,09:03:42,691,pp1709,XDCE,7567,7551,7635,28086,1065627990,525104,529630,8116,7344,7730,7642,0,7630,0,0,0,2017-04-24,32622691,7565,5,0,0,0,0,0,0,0,0,7567,33,0,0,0,0,0,0,0,0
443,2017-04-24,09:03:43,194,pp1709,XDCE,7563,7551,7635,28142,1067745800,525102,529630,8116,7344,7730,7642,0,7630,0,0,0,2017-04-24,32623194,7563,91,0,0,0,0,0,0,0,0,7564,1,0,0,0,0,0,0,0,0
444,2017-04-24,09:03:43,692,pp1709,XDCE,7563,7551,7635,28232,1071149190,525108,529630,8116,7344,7730,7642,0,7630,0,0,0,2017-04-24,32623692,7563,48,0,0,0,0,0,0,0,0,7564,4,0,0,0,0,0,0,0,0
445,2017-04-24,09:03:44,200,pp1709,XDCE,7563,7551,7635,28342,1075308860,525112,529630,8116,7344,7730,7642,0,7630,0,0,0,2017-04-24,32624200,7561,5,0,0,0,0,0,0,0,0,7563,4,0,0,0,0,0,0,0,0
446,2017-04-24,09:03:44,678,pp1709,XDCE,7560,7551,7635,28370,1076367340,525110,529630,8116,7344,7730,7642,0,7630,0,0,0,2017-04-24,32624678,7560,12,0,0,0,0,0,0,0,0,7561,61,0,0,0,0,0,0,0,0
447,2017-04-24,09:03:45,203,pp1709,XDCE,7559,7551,7635,28400,1077501310,525098,529630,8116,7344,7730,7642,0,7630,0,0,0,2017-04-24,32625203,7559,3,0,0,0,0,0,0,0,0,7560,6,0,0,0,0,0,0,0,0
448,2017-04-24,09:03:45,673,pp1709,XDCE,7559,7551,7635,28432,1078710650,525090,529630,8116,7344,7730,7642,0,7630,0,0,0,2017-04-24,32625673,7558,13,0,0,0,0,0,0,0,0,7559,2,0,0,0,0,0,0,0,0
449,2017-04-24,09:03:46,146,pp1709,XDCE,7559,7551,7635,28442,1079088580,525090,529630,8116,7344,7730,7642,0,7630,0,0,0,2017-04-24,32626146,7558,11,0,0,0,0,0,0,0,0,7560,23,0,0,0,0,0,0,0,0
450,2017-04-24,09:03:46,654,pp1709,XDCE,7559,7551,7635,28442,1079088580,525090,529630,8116,7344,7730,7642,0,7630,0,0,0,2017-04-24,32626654,7558,11,0,0,0,0,0,0,0,0,7559,1,0,0,0,0,0,0,0,0
451,2017-04-24,09:03:47,176,pp1709,XDCE,7559,7551,7635,28452,1079466530,525094,529630,8116,7344,7730,7642,0,7630,0,0,0,2017-04-24,32627176,7558,10,0,0,0,0,0,0,0,0,7559,16,0,0,0,0,0,0,0,0
452,2017-04-24,09:03:47,688,pp1709,XDCE,7559,7551,7635,28488,1080827130,525064,529630,8116,7344,7730,7642,0,7630,0,0,0,2017-04-24,32627688,7558,8,0,0,0,0,0,0,0,0,7560,20,0,0,0,0,0,0,0,0
453,2017-04-24,09:03:48,171,pp1709,XDCE,7563,7551,7635,28764,1091261280,524804,529630,8116,7344,7730,7642,0,7630,0,0,0,2017-04-24,32628171,7562,20,0,0,0,0,0,0,0,0,7563,1,0,0,0,0,0,0,0,0
454,2017-04-24,09:03:48,673,pp1709,XDCE,7564,7551,7635,28862,1094967050,524756,529630,8116,7344,7730,7642,0,7630,0,0,0,2017-04-24,32628673,7563,13,0,0,0,0,0,0,0,0,7564,1,0,0,0,0,0,0,0,0
455,2017-04-24,09:03:49,198,pp1709,XDCE,7563,7551,7635,28894,1096177180,524738,529630,8116,7344,7730,7642,0,7630,0,0,0,2017-04-24,32629198,7563,2,0,0,0,0,0,0,0,0,7565,10,0,0,0,0,0,0,0,0
456,2017-04-24,09:03:49,670,pp1709,XDCE,7562,7551,7635,28904,1096555310,524734,529630,8116,7344,7730,7642,0,7630,0,0,0,2017-04-24,32629670,7562,12,0,0,0,0,0,0,0,0,7565,1,0,0,0,0,0,0,0,0
457,2017-04-24,09:03:50,367,pp1709,XDCE,7563,7551,7635,28914,1096933460,524740,529630,8116,7344,7730,7642,0,7630,0,0,0,2017-04-24,32630367,7563,7,0,0,0,0,0,0,0,0,7565,1,0,0,0,0,0,0,0,0
458,2017-04-24,09:03:51,193,pp1709,XDCE,7562,7551,7635,28946,1098143450,524722,529630,8116,7344,7730,7642,0,7630,0,0,0,2017-04-24,32631193,7561,7,0,0,0,0,0,0,0,0,7562,13,0,0,0,0,0,0,0,0
459,2017-04-24,09:03:51,672,pp1709,XDCE,7558,7551,7635,29014,1100713320,524730,529630,8116,7344,7730,7642,0,7630,0,0,0,2017-04-24,32631672,7559,1,0,0,0,0,0,0,0,0,7561,1,0,0,0,0,0,0,0,0
460,2017-04-24,09:03:52,168,pp1709,XDCE,7559,7551,7635,29028,1101242470,524722,529630,8116,7344,7730,7642,0,7630,0,0,0,2017-04-24,32632168,7558,12,0,0,0,0,0,0,0,0,7561,20,0,0,0,0,0,0,0,0
461,2017-04-24,09:03:52,685,pp1709,XDCE,7558,7551,7635,29072,1102905680,524688,529630,8116,7344,7730,7642,0,7630,0,0,0,2017-04-24,32632685,7556,7,0,0,0,0,0,0,0,0,7558,3,0,0,0,0,0,0,0,0
462,2017-04-24,09:03:53,176,pp1709,XDCE,7561,7551,7635,29082,1103283630,524686,529630,8116,7344,7730,7642,0,7630,0,0,0,2017-04-24,32633176,7558,1,0,0,0,0,0,0,0,0,7561,14,0,0,0,0,0,0,0,0
463,2017-04-24,09:03:53,423,pp1709,XDCE,7558,7551,7635,29084,1103359210,524688,529630,8116,7344,7730,7642,0,7630,0,0,0,2017-04-24,32633423,7557,2,0,0,0,0,0,0,0,0,7559,20,0,0,0,0,0,0,0,0
464,2017-04-24,09:03:54,127,pp1709,XDCE,7558,7551,7635,29086,1103434790,524690,529630,8116,7344,7730,7642,0,7630,0,0,0,2017-04-24,32634127,7557,2,0,0,0,0,0,0,0,0,7558,6,0,0,0,0,0,0,0,0
465,2017-04-24,09:03:54,590,pp1709,XDCE,7559,7551,7635,29110,1104341810,524690,529630,8116,7344,7730,7642,0,7630,0,0,0,2017-04-24,32634590,7557,2,0,0,0,0,0,0,0,0,7559,14,0,0,0,0,0,0,0,0
466,2017-04-24,09:03:55,170,pp1709,XDCE,7559,7551,7635,29138,1105400070,524690,529630,8116,7344,7730,7642,0,7630,0,0,0,2017-04-24,32635170,7559,3,0,0,0,0,0,0,0,0,7561,15,0,0,0,0,0,0,0,0
467,2017-04-24,09:03:55,679,pp1709,XDCE,7559,7551,7635,29206,1107970360,524692,529630,8116,7344,7730,7642,0,7630,0,0,0,2017-04-24,32635679,7559,11,0,0,0,0,0,0,0,0,7562,26,0,0,0,0,0,0,0,0
468,2017-04-24,09:03:56,169,pp1709,XDCE,7561,7551,7635,29264,1110163330,524666,529630,8116,7344,7730,7642,0,7630,0,0,0,2017-04-24,32636169,7559,1,0,0,0,0,0,0,0,0,7561,5,0,0,0,0,0,0,0,0
469,2017-04-24,09:03:56,690,pp1709,XDCE,7561,7551,7635,29278,1110692600,524652,529630,8116,7344,7730,7642,0,7630,0,0,0,2017-04-24,32636690,7561,2,0,0,0,0,0,0,0,0,7563,12,0,0,0,0,0,0,0,0
470,2017-04-24,09:03:57,192,pp1709,XDCE,7561,7551,7635,29280,1110768210,524650,529630,8116,7344,7730,7642,0,7630,0,0,0,2017-04-24,32637192,7562,2,0,0,0,0,0,0,0,0,7563,12,0,0,0,0,0,0,0,0
471,2017-04-24,09:03:57,683,pp1709,XDCE,7564,7551,7635,29306,1111751410,524650,529630,8116,7344,7730,7642,0,7630,0,0,0,2017-04-24,32637683,7563,5,0,0,0,0,0,0,0,0,7565,1,0,0,0,0,0,0,0,0
472,2017-04-24,09:03:58,177,pp1709,XDCE,7562,7551,7635,29398,1115229880,524640,529630,8116,7344,7730,7642,0,7630,0,0,0,2017-04-24,32638177,7558,8,0,0,0,0,0,0,0,0,7561,2,0,0,0,0,0,0,0,0
473,2017-04-24,09:03:58,697,pp1709,XDCE,7560,7551,7635,29408,1115607920,524644,529630,8116,7344,7730,7642,0,7630,0,0,0,2017-04-24,32638697,7560,1,0,0,0,0,0,0,0,0,7562,167,0,0,0,0,0,0,0,0
474,2017-04-24,09:03:59,134,pp1709,XDCE,7562,7551,7635,29438,1116742200,524644,529630,8116,7344,7730,7642,0,7630,0,0,0,2017-04-24,32639134,7560,1,0,0,0,0,0,0,0,0,7562,153,0,0,0,0,0,0,0,0
475,2017-04-24,09:03:59,689,pp1709,XDCE,7562,7551,7635,29456,1117422780,524644,529630,8116,7344,7730,7642,0,7630,0,0,0,2017-04-24,32639689,7560,2,0,0,0,0,0,0,0,0,7561,23,0,0,0,0,0,0,0,0
476,2017-04-24,09:04:00,174,pp1709,XDCE,7560,7551,7635,29484,1118481310,524642,529630,8116,7344,7730,7642,0,7630,0,0,0,2017-04-24,32640174,7560,1,0,0,0,0,0,0,0,0,7561,11,0,0,0,0,0,0,0,0
477,2017-04-24,09:04:00,671,pp1709,XDCE,7561,7551,7635,29544,1120749490,524662,529630,8116,7344,7730,7642,0,7630,0,0,0,2017-04-24,32640671,7559,4,0,0,0,0,0,0,0,0,7561,4,0,0,0,0,0,0,0,0
478,2017-04-24,09:04:01,198,pp1709,XDCE,7557,7551,7635,29586,1122336810,524684,529630,8116,7344,7730,7642,0,7630,0,0,0,2017-04-24,32641198,7557,10,0,0,0,0,0,0,0,0,7560,7,0,0,0,0,0,0,0,0
479,2017-04-24,09:04:01,672,pp1709,XDCE,7557,7551,7635,29598,1122790380,524690,529630,8116,7344,7730,7642,0,7630,0,0,0,2017-04-24,32641672,7557,7,0,0,0,0,0,0,0,0,7559,6,0,0,0,0,0,0,0,0
480,2017-04-24,09:04:02,171,pp1709,XDCE,7558,7551,7635,29602,1122941540,524688,529630,8116,7344,7730,7642,0,7630,0,0,0,2017-04-24,32642171,7557,7,0,0,0,0,0,0,0,0,7559,2,0,0,0,0,0,0,0,0
481,2017-04-24,09:04:02,690,pp1709,XDCE,7556,7551,7635,29612,1123319380,524688,529630,8116,7344,7730,7642,0,7630,0,0,0,2017-04-24,32642690,7556,1,0,0,0,0,0,0,0,0,7557,9,0,0,0,0,0,0,0,0
482,2017-04-24,09:04:03,193,pp1709,XDCE,7557,7551,7635,29620,1123621630,524684,529630,8116,7344,7730,7642,0,7630,0,0,0,2017-04-24,32643193,7555,9,0,0,0,0,0,0,0,0,7557,13,0,0,0,0,0,0,0,0
483,2017-04-24,09:04:03,703,pp1709,XDCE,7557,7551,7635,29654,1124906280,524660,529630,8116,7344,7730,7642,0,7630,0,0,0,2017-04-24,32643703,7557,67,0,0,0,0,0,0,0,0,7558,6,0,0,0,0,0,0,0,0
484,2017-04-24,09:04:04,202,pp1709,XDCE,7559,7551,7635,29678,1125813240,524642,529630,8116,7344,7730,7642,0,7630,0,0,0,2017-04-24,32644202,7558,7,0,0,0,0,0,0,0,0,7559,3,0,0,0,0,0,0,0,0
485,2017-04-24,09:04:04,693,pp1709,XDCE,7558,7551,7635,29696,1126493480,524644,529630,8116,7344,7730,7642,0,7630,0,0,0,2017-04-24,32644693,7557,65,0,0,0,0,0,0,0,0,7558,4,0,0,0,0,0,0,0,0
486,2017-04-24,09:04:05,191,pp1709,XDCE,7559,7551,7635,29720,1127400490,524624,529630,8116,7344,7730,7642,0,7630,0,0,0,2017-04-24,32645191,7559,1,0,0,0,0,0,0,0,0,7560,1,0,0,0,0,0,0,0,0
487,2017-04-24,09:04:05,682,pp1709,XDCE,7558,7551,7635,29752,1128609860,524628,529630,8116,7344,7730,7642,0,7630,0,0,0,2017-04-24,32645682,7557,74,0,0,0,0,0,0,0,0,7559,1,0,0,0,0,0,0,0,0
488,2017-04-24,09:04:06,185,pp1709,XDCE,7555,7551,7635,29940,1135713170,524646,529630,8116,7344,7730,7642,0,7630,0,0,0,2017-04-24,32646185,7553,44,0,0,0,0,0,0,0,0,7556,23,0,0,0,0,0,0,0,0
489,2017-04-24,09:04:06,701,pp1709,XDCE,7556,7551,7635,29988,1137526120,524640,529630,8116,7344,7730,7642,0,7630,0,0,0,2017-04-24,32646701,7553,29,0,0,0,0,0,0,0,0,7555,4,0,0,0,0,0,0,0,0
490,2017-04-24,09:04:07,174,pp1709,XDCE,7555,7551,7635,30032,1139187940,524642,529630,8116,7344,7730,7642,0,7630,0,0,0,2017-04-24,32647174,7553,15,0,0,0,0,0,0,0,0,7555,1,0,0,0,0,0,0,0,0
491,2017-04-24,09:04:07,701,pp1709,XDCE,7553,7551,7635,30054,1140018840,524644,529630,8116,7344,7730,7642,0,7630,0,0,0,2017-04-24,32647701,7553,7,0,0,0,0,0,0,0,0,7555,2,0,0,0,0,0,0,0,0
492,2017-04-24,09:04:08,129,pp1709,XDCE,7553,7551,7635,30074,1140774300,524646,529630,8116,7344,7730,7642,0,7630,0,0,0,2017-04-24,32648129,7553,6,0,0,0,0,0,0,0,0,7555,7,0,0,0,0,0,0,0,0
493,2017-04-24,09:04:08,691,pp1709,XDCE,7555,7551,7635,30094,1141529700,524652,529630,8116,7344,7730,7642,0,7630,0,0,0,2017-04-24,32648691,7554,6,0,0,0,0,0,0,0,0,7555,2,0,0,0,0,0,0,0,0
494,2017-04-24,09:04:09,196,pp1709,XDCE,7553,7551,7635,30152,1143720350,524636,529630,8116,7344,7730,7642,0,7630,0,0,0,2017-04-24,32649196,7552,10,0,0,0,0,0,0,0,0,7553,33,0,0,0,0,0,0,0,0
495,2017-04-24,09:04:09,690,pp1709,XDCE,7556,7551,7635,30244,1147194760,524630,529630,8116,7344,7730,7642,0,7630,0,0,0,2017-04-24,32649690,7555,2,0,0,0,0,0,0,0,0,7557,143,0,0,0,0,0,0,0,0
496,2017-04-24,09:04:10,177,pp1709,XDCE,7557,7551,7635,30428,1154147000,524630,529630,8116,7344,7730,7642,0,7630,0,0,0,2017-04-24,32650177,7556,34,0,0,0,0,0,0,0,0,7557,61,0,0,0,0,0,0,0,0
497,2017-04-24,09:04:10,689,pp1709,XDCE,7558,7551,7635,30570,1159512470,524642,529630,8116,7344,7730,7642,0,7630,0,0,0,2017-04-24,32650689,7557,6,0,0,0,0,0,0,0,0,7560,6,0,0,0,0,0,0,0,0
498,2017-04-24,09:04:11,195,pp1709,XDCE,7559,7551,7635,30596,1160495020,524628,529630,8116,7344,7730,7642,0,7630,0,0,0,2017-04-24,32651195,7559,18,0,0,0,0,0,0,0,0,7560,6,0,0,0,0,0,0,0,0
499,2017-04-24,09:04:11,682,pp1709,XDCE,7560,7551,7635,30612,1161099710,524624,529630,8116,7344,7730,7642,0,7630,0,0,0,2017-04-24,32651682,7558,3,0,0,0,0,0,0,0,0,7559,1,0,0,0,0,0,0,0,0
500,2017-04-24,09:04:12,168,pp1709,XDCE,7560,7551,7635,30632,1161855510,524614,529630,8116,7344,7730,7642,0,7630,0,0,0,2017-04-24,32652168,7557,8,0,0,0,0,0,0,0,0,7558,1,0,0,0,0,0,0,0,0
501,2017-04-24,09:04:12,680,pp1709,XDCE,7557,7551,7635,30670,1163291360,524606,529630,8116,7344,7730,7642,0,7630,0,0,0,2017-04-24,32652680,7556,11,0,0,0,0,0,0,0,0,7557,6,0,0,0,0,0,0,0,0
502,2017-04-24,09:04:13,174,pp1709,XDCE,7559,7551,7635,30766,1166918640,524626,529630,8116,7344,7730,7642,0,7630,0,0,0,2017-04-24,32653174,7556,3,0,0,0,0,0,0,0,0,7557,6,0,0,0,0,0,0,0,0
503,2017-04-24,09:04:13,700,pp1709,XDCE,7556,7551,7635,30778,1167372000,524616,529630,8116,7344,7730,7642,0,7630,0,0,0,2017-04-24,32653700,7555,22,0,0,0,0,0,0,0,0,7556,2,0,0,0,0,0,0,0,0
504,2017-04-24,09:04:14,170,pp1709,XDCE,7556,7551,7635,30826,1169185220,524574,529630,8116,7344,7730,7642,0,7630,0,0,0,2017-04-24,32654170,7553,13,0,0,0,0,0,0,0,0,7556,5,0,0,0,0,0,0,0,0
505,2017-04-24,09:04:14,499,pp1709,XDCE,7556,7551,7635,30830,1169336340,524572,529630,8116,7344,7730,7642,0,7630,0,0,0,2017-04-24,32654499,7553,13,0,0,0,0,0,0,0,0,7556,13,0,0,0,0,0,0,0,0
506,2017-04-24,09:04:15,147,pp1709,XDCE,7556,7551,7635,30834,1169487430,524572,529630,8116,7344,7730,7642,0,7630,0,0,0,2017-04-24,32655147,7553,12,0,0,0,0,0,0,0,0,7556,12,0,0,0,0,0,0,0,0
507,2017-04-24,09:04:15,670,pp1709,XDCE,7556,7551,7635,30858,1170394150,524572,529630,8116,7344,7730,7642,0,7630,0,0,0,2017-04-24,32655670,7557,88,0,0,0,0,0,0,0,0,7559,26,0,0,0,0,0,0,0,0
508,2017-04-24,09:04:16,168,pp1709,XDCE,7557,7551,7635,30968,1174550500,524572,529630,8116,7344,7730,7642,0,7630,0,0,0,2017-04-24,32656168,7557,33,0,0,0,0,0,0,0,0,7558,7,0,0,0,0,0,0,0,0
509,2017-04-24,09:04:16,668,pp1709,XDCE,7557,7551,7635,31044,1177422150,524572,529630,8116,7344,7730,7642,0,7630,0,0,0,2017-04-24,32656668,7556,20,0,0,0,0,0,0,0,0,7558,3,0,0,0,0,0,0,0,0
510,2017-04-24,09:04:17,110,pp1709,XDCE,7558,7551,7635,31046,1177497730,524570,529630,8116,7344,7730,7642,0,7630,0,0,0,2017-04-24,32657110,7556,23,0,0,0,0,0,0,0,0,7557,5,0,0,0,0,0,0,0,0
511,2017-04-24,09:04:17,609,pp1709,XDCE,7556,7551,7635,31058,1177951140,524572,529630,8116,7344,7730,7642,0,7630,0,0,0,2017-04-24,32657609,7556,22,0,0,0,0,0,0,0,0,7558,2,0,0,0,0,0,0,0,0
512,2017-04-24,09:04:18,170,pp1709,XDCE,7556,7551,7635,31076,1178631180,524590,529630,8116,7344,7730,7642,0,7630,0,0,0,2017-04-24,32658170,7556,17,0,0,0,0,0,0,0,0,7558,2,0,0,0,0,0,0,0,0
513,2017-04-24,09:04:18,669,pp1709,XDCE,7558,7551,7635,31078,1178706760,524590,529630,8116,7344,7730,7642,0,7630,0,0,0,2017-04-24,32658669,7556,17,0,0,0,0,0,0,0,0,7558,1,0,0,0,0,0,0,0,0
514,2017-04-24,09:04:19,177,pp1709,XDCE,7559,7551,7635,31106,1179764830,524576,529630,8116,7344,7730,7642,0,7630,0,0,0,2017-04-24,32659177,7556,12,0,0,0,0,0,0,0,0,7558,3,0,0,0,0,0,0,0,0
515,2017-04-24,09:04:19,676,pp1709,XDCE,7559,7551,7635,31136,1180898580,524572,529630,8116,7344,7730,7642,0,7630,0,0,0,2017-04-24,32659676,7558,94,0,0,0,0,0,0,0,0,7559,9,0,0,0,0,0,0,0,0
516,2017-04-24,09:04:20,175,pp1709,XDCE,7558,7551,7635,31188,1182863660,524574,529630,8116,7344,7730,7642,0,7630,0,0,0,2017-04-24,32660175,7558,69,0,0,0,0,0,0,0,0,7559,10,0,0,0,0,0,0,0,0
517,2017-04-24,09:04:20,693,pp1709,XDCE,7558,7551,7635,31368,1189665620,524566,529630,8116,7344,7730,7642,0,7630,0,0,0,2017-04-24,32660693,7556,6,0,0,0,0,0,0,0,0,7558,49,0,0,0,0,0,0,0,0
518,2017-04-24,09:04:20,945,pp1709,XDCE,7556,7551,7635,31418,1191555080,524566,529630,8116,7344,7730,7642,0,7630,0,0,0,2017-04-24,32660945,7556,6,0,0,0,0,0,0,0,0,7558,18,0,0,0,0,0,0,0,0
519,2017-04-24,09:04:21,637,pp1709,XDCE,7556,7551,7635,31432,1192084060,524566,529630,8116,7344,7730,7642,0,7630,0,0,0,2017-04-24,32661637,7557,4,0,0,0,0,0,0,0,0,7558,17,0,0,0,0,0,0,0,0
520,2017-04-24,09:04:22,188,pp1709,XDCE,7558,7551,7635,31442,1192461950,524566,529630,8116,7344,7730,7642,0,7630,0,0,0,2017-04-24,32662188,7557,3,0,0,0,0,0,0,0,0,7558,13,0,0,0,0,0,0,0,0
521,2017-04-24,09:04:22,704,pp1709,XDCE,7558,7551,7635,31488,1194200090,524568,529630,8116,7344,7730,7642,0,7630,0,0,0,2017-04-24,32662704,7558,4,0,0,0,0,0,0,0,0,7559,10,0,0,0,0,0,0,0,0
522,2017-04-24,09:04:23,673,pp1709,XDCE,7558,7551,7635,31488,1194200090,524568,529630,8116,7344,7730,7642,0,7630,0,0,0,2017-04-24,32663673,7558,5,0,0,0,0,0,0,0,0,7559,10,0,0,0,0,0,0,0,0
523,2017-04-24,09:04:24,180,pp1709,XDCE,7559,7551,7635,31508,1194955980,524570,529630,8116,7344,7730,7642,0,7630,0,0,0,2017-04-24,32664180,7558,4,0,0,0,0,0,0,0,0,7559,1,0,0,0,0,0,0,0,0
524,2017-04-24,09:04:24,690,pp1709,XDCE,7559,7551,7635,31546,1196392450,524566,529630,8116,7344,7730,7642,0,7630,0,0,0,2017-04-24,32664690,7559,3,0,0,0,0,0,0,0,0,7562,149,0,0,0,0,0,0,0,0
525,2017-04-24,09:04:25,190,pp1709,XDCE,7556,7551,7635,31586,1197903880,524542,529630,8116,7344,7730,7642,0,7630,0,0,0,2017-04-24,32665190,7556,19,0,0,0,0,0,0,0,0,7561,5,0,0,0,0,0,0,0,0
526,2017-04-24,09:04:25,669,pp1709,XDCE,7558,7551,7635,31588,1197979460,524542,529630,8116,7344,7730,7642,0,7630,0,0,0,2017-04-24,32665669,7557,10,0,0,0,0,0,0,0,0,7559,4,0,0,0,0,0,0,0,0
527,2017-04-24,09:04:26,155,pp1709,XDCE,7559,7551,7635,31596,1198281820,524542,529630,8116,7344,7730,7642,0,7630,0,0,0,2017-04-24,32666155,7559,16,0,0,0,0,0,0,0,0,7560,11,0,0,0,0,0,0,0,0
528,2017-04-24,09:04:26,672,pp1709,XDCE,7558,7551,7635,31634,1199718000,524542,529630,8116,7344,7730,7642,0,7630,0,0,0,2017-04-24,32666672,7558,7,0,0,0,0,0,0,0,0,7559,2,0,0,0,0,0,0,0,0
529,2017-04-24,09:04:27,667,pp1709,XDCE,7559,7551,7635,31644,1200095960,524538,529630,8116,7344,7730,7642,0,7630,0,0,0,2017-04-24,32667667,7558,8,0,0,0,0,0,0,0,0,7560,10,0,0,0,0,0,0,0,0
530,2017-04-24,09:04:28,166,pp1709,XDCE,7558,7551,7635,31656,1200549440,524550,529630,8116,7344,7730,7642,0,7630,0,0,0,2017-04-24,32668166,7558,1,0,0,0,0,0,0,0,0,7559,1,0,0,0,0,0,0,0,0
531,2017-04-24,09:04:28,669,pp1709,XDCE,7558,7551,7635,31658,1200625020,524550,529630,8116,7344,7730,7642,0,7630,0,0,0,2017-04-24,32668669,7557,9,0,0,0,0,0,0,0,0,7558,9,0,0,0,0,0,0,0,0
532,2017-04-24,09:04:29,202,pp1709,XDCE,7560,7551,7635,31696,1202061210,524526,529630,8116,7344,7730,7642,0,7630,0,0,0,2017-04-24,32669202,7557,9,0,0,0,0,0,0,0,0,7560,4,0,0,0,0,0,0,0,0
533,2017-04-24,09:04:29,683,pp1709,XDCE,7558,7551,7635,31702,1202287990,524520,529630,8116,7344,7730,7642,0,7630,0,0,0,2017-04-24,32669683,7559,1,0,0,0,0,0,0,0,0,7560,2,0,0,0,0,0,0,0,0
534,2017-04-24,09:04:30,196,pp1709,XDCE,7560,7551,7635,31716,1202817190,524522,529630,8116,7344,7730,7642,0,7630,0,0,0,2017-04-24,32670196,7560,3,0,0,0,0,0,0,0,0,7561,1,0,0,0,0,0,0,0,0
535,2017-04-24,09:04:30,671,pp1709,XDCE,7560,7551,7635,31722,1203043990,524522,529630,8116,7344,7730,7642,0,7630,0,0,0,2017-04-24,32670671,7559,1,0,0,0,0,0,0,0,0,7560,3,0,0,0,0,0,0,0,0
536,2017-04-24,09:04:31,169,pp1709,XDCE,7558,7551,7635,31792,1205689440,524474,529630,8116,7344,7730,7642,0,7630,0,0,0,2017-04-24,32671169,7557,9,0,0,0,0,0,0,0,0,7558,6,0,0,0,0,0,0,0,0
537,2017-04-24,09:04:31,691,pp1709,XDCE,7558,7551,7635,31870,1208637160,524468,529630,8116,7344,7730,7642,0,7630,0,0,0,2017-04-24,32671691,7558,12,0,0,0,0,0,0,0,0,7560,1,0,0,0,0,0,0,0,0
