,dataDate,dataTime,dataMillisec,instrumentID,exchangeCD,lastPrice,lowPrice,highPrice,volume,value,openInterest,preOpenInterest,upperLimitPrice,lowerLimitPrice,preSettlementPrice,prevClosePrice,settlementPrice,openPrice,closePrice,preDelta,currDelta,clearingDay,milliSecOffset,bidPrice1,bidVolume1,bidPrice2,bidVolume2,bidPrice3,bidVolume3,bidPrice4,bidVolume4,bidPrice5,bidVolume5,askPrice1,askVolume1,askPrice2,askVolume2,askPrice3,askVolume3,askPrice4,askVolume4,askPrice5,askVolume5
0,2017-04-24,08:59:00,0,SF705,XZCE,5150,5150,5150,10,257500,6480,6474,5450,4930,5190,5160,0,5150,0,0,0,2017-04-24,32340000,5126,3,0,0,0,0,0,0,0,0,5160,1,0,0,0,0,0,0,0,0
1,2017-04-24,09:00:00,0,SF705,XZCE,5126,5126,5150,14,360020,6482,6474,5450,4930,5190,5160,0,5150,0,0,0,2017-04-24,32400000,5126,2,0,0,0,0,0,0,0,0,5150,1,0,0,0,0,0,0,0,0
2,2017-04-24,09:00:01,0,SF705,XZCE,5128,5092,5150,46,1180500,6482,6474,5450,4930,5190,5160,0,5150,0,0,0,2017-04-24,32401000,5130,2,0,0,0,0,0,0,0,0,5150,1,0,0,0,0,0,0,0,0
3,2017-04-24,09:00:01,0,SF705,XZCE,5128,5092,5150,52,1334340,6482,6474,5450,4930,5190,5160,0,5150,0,0,0,2017-04-24,32401000,5100,2,0,0,0,0,0,0,0,0,5128,2,0,0,0,0,0,0,0,0
4,2017-04-24,09:00:02,0,SF705,XZCE,5128,5092,5150,56,1436900,6480,6474,5450,4930,5190,5160,0,5150,0,0,0,2017-04-24,32402000,5100,2,0,0,0,0,0,0,0,0,5132,1,0,0,0,0,0,0,0,0
5,2017-04-24,09:00:02,0,SF705,XZCE,5090,5090,5150,78,1996800,6484,6474,5450,4930,5190,5160,0,5150,0,0,0,2017-04-24,32402000,5090,2,0,0,0,0,0,0,0,0,5130,15,0,0,0,0,0,0,0,0
6,2017-04-24,09:00:02,0,SF705,XZCE,5090,5090,5150,80,2047700,6484,6474,5450,4930,5190,5160,0,5150,0,0,0,2017-04-24,32402000,5092,15,0,0,0,0,0,0,0,0,5130,15,0,0,0,0,0,0,0,0
7,2017-04-24,09:00:03,0,SF705,XZCE,5090,5090,5150,80,2047700,6484,6474,5450,4930,5190,5160,0,5150,0,0,0,2017-04-24,32403000,5092,15,0,0,0,0,0,0,0,0,5130,30,0,0,0,0,0,0,0,0
8,2017-04-24,09:00:04,0,SF705,XZCE,5090,5090,5150,80,2047700,6484,6474,5450,4930,5190,5160,0,5150,0,0,0,2017-04-24,32404000,5102,1,0,0,0,0,0,0,0,0,5128,5,0,0,0,0,0,0,0,0
9,2017-04-24,09:00:05,0,SF705,XZCE,5090,5090,5150,84,2149500,6484,6474,5450,4930,5190,5160,0,5150,0,0,0,2017-04-24,32405000,5092,15,0,0,0,0,0,0,0,0,5128,5,0,0,0,0,0,0,0,0
10,2017-04-24,09:00:05,0,SF705,XZCE,5090,5090,5150,86,2200400,6484,6474,5450,4930,5190,5160,0,5150,0,0,0,2017-04-24,32405000,5092,14,0,0,0,0,0,0,0,0,5126,1,0,0,0,0,0,0,0,0
11,2017-04-24,09:00:06,0,SF705,XZCE,5090,5090,5150,86,2200400,6484,6474,5450,4930,5190,5160,0,5150,0,0,0,2017-04-24,32406000,5094,5,0,0,0,0,0,0,0,0,5124,1,0,0,0,0,0,0,0,0
12,2017-04-24,09:00:07,0,SF705,XZCE,5120,5090,5150,90,2302800,6482,6474,5450,4930,5190,5160,0,5150,0,0,0,2017-04-24,32407000,5094,5,0,0,0,0,0,0,0,0,5126,1,0,0,0,0,0,0,0,0
13,2017-04-24,09:00:07,0,SF705,XZCE,5120,5090,5150,90,2302800,6482,6474,5450,4930,5190,5160,0,5150,0,0,0,2017-04-24,32407000,5102,1,0,0,0,0,0,0,0,0,5126,1,0,0,0,0,0,0,0,0
14,2017-04-24,09:00:08,0,SF705,XZCE,5120,5090,5150,90,2302800,6482,6474,5450,4930,5190,5160,0,5150,0,0,0,2017-04-24,32408000,5102,1,0,0,0,0,0,0,0,0,5130,17,0,0,0,0,0,0,0,0
15,2017-04-24,09:00:09,0,SF705,XZCE,5114,5090,5150,94,2405080,6482,6474,5450,4930,5190,5160,0,5150,0,0,0,2017-04-24,32409000,5094,5,0,0,0,0,0,0,0,0,5126,1,0,0,0,0,0,0,0,0
16,2017-04-24,09:00:09,0,SF705,XZCE,5114,5090,5150,94,2405080,6482,6474,5450,4930,5190,5160,0,5150,0,0,0,2017-04-24,32409000,5104,1,0,0,0,0,0,0,0,0,5126,1,0,0,0,0,0,0,0,0
17,2017-04-24,09:00:12,0,SF705,XZCE,5106,5090,5150,98,2507200,6486,6474,5450,4930,5190,5160,0,5150,0,0,0,2017-04-24,32412000,5104,1,0,0,0,0,0,0,0,0,5126,1,0,0,0,0,0,0,0,0
18,2017-04-24,09:00:12,0,SF705,XZCE,5106,5090,5150,98,2507200,6486,6474,5450,4930,5190,5160,0,5150,0,0,0,2017-04-24,32412000,5104,1,0,0,0,0,0,0,0,0,5108,1,0,0,0,0,0,0,0,0
19,2017-04-24,09:00:14,0,SF705,XZCE,5104,5090,5150,100,2558240,6488,6474,5450,4930,5190,5160,0,5150,0,0,0,2017-04-24,32414000,5102,1,0,0,0,0,0,0,0,0,5108,1,0,0,0,0,0,0,0,0
20,2017-04-24,09:00:15,0,SF705,XZCE,5108,5090,5150,102,2609320,6490,6474,5450,4930,5190,5160,0,5150,0,0,0,2017-04-24,32415000,5102,1,0,0,0,0,0,0,0,0,5110,1,0,0,0,0,0,0,0,0
21,2017-04-24,09:00:15,0,SF705,XZCE,5102,5090,5150,104,2660340,6490,6474,5450,4930,5190,5160,0,5150,0,0,0,2017-04-24,32415000,5100,1,0,0,0,0,0,0,0,0,5110,1,0,0,0,0,0,0,0,0
22,2017-04-24,09:00:17,0,SF705,XZCE,5102,5090,5150,104,2660340,6490,6474,5450,4930,5190,5160,0,5150,0,0,0,2017-04-24,32417000,5100,2,0,0,0,0,0,0,0,0,5110,1,0,0,0,0,0,0,0,0
23,2017-04-24,09:00:18,0,SF705,XZCE,5100,5090,5150,108,2762340,6490,6474,5450,4930,5190,5160,0,5150,0,0,0,2017-04-24,32418000,5090,2,0,0,0,0,0,0,0,0,5104,1,0,0,0,0,0,0,0,0
24,2017-04-24,09:00:18,0,SF705,XZCE,5100,5090,5150,108,2762340,6490,6474,5450,4930,5190,5160,0,5150,0,0,0,2017-04-24,32418000,5090,2,0,0,0,0,0,0,0,0,5104,2,0,0,0,0,0,0,0,0
25,2017-04-24,09:00:22,0,SF705,XZCE,5100,5090,5150,108,2762340,6490,6474,5450,4930,5190,5160,0,5150,0,0,0,2017-04-24,32422000,5092,2,0,0,0,0,0,0,0,0,5100,1,0,0,0,0,0,0,0,0
26,2017-04-24,09:00:23,0,SF705,XZCE,5092,5090,5150,110,2813260,6490,6474,5450,4930,5190,5160,0,5150,0,0,0,2017-04-24,32423000,5092,1,0,0,0,0,0,0,0,0,5100,1,0,0,0,0,0,0,0,0
27,2017-04-24,09:00:24,0,SF705,XZCE,5100,5090,5150,112,2864260,6490,6474,5450,4930,5190,5160,0,5150,0,0,0,2017-04-24,32424000,5092,1,0,0,0,0,0,0,0,0,5104,1,0,0,0,0,0,0,0,0
28,2017-04-24,09:00:25,0,SF705,XZCE,5104,5090,5150,114,2915300,6492,6474,5450,4930,5190,5160,0,5150,0,0,0,2017-04-24,32425000,5104,7,0,0,0,0,0,0,0,0,5124,3,0,0,0,0,0,0,0,0
29,2017-04-24,09:00:25,0,SF705,XZCE,5104,5090,5150,114,2915300,6492,6474,5450,4930,5190,5160,0,5150,0,0,0,2017-04-24,32425000,5104,9,0,0,0,0,0,0,0,0,5124,3,0,0,0,0,0,0,0,0
30,2017-04-24,09:00:27,0,SF705,XZCE,5124,5090,5150,118,3017780,6488,6474,5450,4930,5190,5160,0,5150,0,0,0,2017-04-24,32427000,5100,1,0,0,0,0,0,0,0,0,5124,1,0,0,0,0,0,0,0,0
31,2017-04-24,09:00:27,0,SF705,XZCE,5124,5090,5150,120,3069020,6486,6474,5450,4930,5190,5160,0,5150,0,0,0,2017-04-24,32427000,5100,1,0,0,0,0,0,0,0,0,5128,1,0,0,0,0,0,0,0,0
32,2017-04-24,09:00:29,0,SF705,XZCE,5128,5090,5150,124,3171580,6484,6474,5450,4930,5190,5160,0,5150,0,0,0,2017-04-24,32429000,5100,1,0,0,0,0,0,0,0,0,5126,2,0,0,0,0,0,0,0,0
33,2017-04-24,09:00:29,0,SF705,XZCE,5128,5090,5150,124,3171580,6484,6474,5450,4930,5190,5160,0,5150,0,0,0,2017-04-24,32429000,5100,1,0,0,0,0,0,0,0,0,5126,3,0,0,0,0,0,0,0,0
34,2017-04-24,09:00:30,0,SF705,XZCE,5100,5090,5150,126,3222580,6486,6474,5450,4930,5190,5160,0,5150,0,0,0,2017-04-24,32430000,5090,3,0,0,0,0,0,0,0,0,5126,4,0,0,0,0,0,0,0,0
35,2017-04-24,09:00:31,0,SF705,XZCE,5100,5090,5150,126,3222580,6486,6474,5450,4930,5190,5160,0,5150,0,0,0,2017-04-24,32431000,5090,3,0,0,0,0,0,0,0,0,5120,2,0,0,0,0,0,0,0,0
36,2017-04-24,09:00:32,0,SF705,XZCE,5100,5090,5150,126,3222580,6486,6474,5450,4930,5190,5160,0,5150,0,0,0,2017-04-24,32432000,5092,1,0,0,0,0,0,0,0,0,5100,2,0,0,0,0,0,0,0,0
37,2017-04-24,09:00:33,0,SF705,XZCE,5100,5090,5150,126,3222580,6486,6474,5450,4930,5190,5160,0,5150,0,0,0,2017-04-24,32433000,5094,1,0,0,0,0,0,0,0,0,5100,2,0,0,0,0,0,0,0,0
38,2017-04-24,09:00:33,0,SF705,XZCE,5126,5090,5150,146,3735180,6490,6474,5450,4930,5190,5160,0,5150,0,0,0,2017-04-24,32433000,5094,1,0,0,0,0,0,0,0,0,5126,3,0,0,0,0,0,0,0,0
39,2017-04-24,09:00:34,0,SF705,XZCE,5126,5090,5150,146,3735180,6490,6474,5450,4930,5190,5160,0,5150,0,0,0,2017-04-24,32434000,5094,1,0,0,0,0,0,0,0,0,5118,1,0,0,0,0,0,0,0,0
40,2017-04-24,09:00:35,0,SF705,XZCE,5130,5090,5150,190,4863780,6496,6474,5450,4930,5190,5160,0,5150,0,0,0,2017-04-24,32435000,5090,2,0,0,0,0,0,0,0,0,5130,3,0,0,0,0,0,0,0,0
41,2017-04-24,09:00:35,0,SF705,XZCE,5094,5090,5150,200,5118480,6494,6474,5450,4930,5190,5160,0,5150,0,0,0,2017-04-24,32435000,5096,15,0,0,0,0,0,0,0,0,5128,16,0,0,0,0,0,0,0,0
42,2017-04-24,09:00:36,0,SF705,XZCE,5128,5090,5150,202,5169760,6494,6474,5450,4930,5190,5160,0,5150,0,0,0,2017-04-24,32436000,5096,15,0,0,0,0,0,0,0,0,5128,15,0,0,0,0,0,0,0,0
43,2017-04-24,09:00:36,0,SF705,XZCE,5128,5090,5150,222,5682560,6514,6474,5450,4930,5190,5160,0,5150,0,0,0,2017-04-24,32436000,5098,10,0,0,0,0,0,0,0,0,5128,6,0,0,0,0,0,0,0,0
44,2017-04-24,09:00:37,0,SF705,XZCE,5128,5090,5150,222,5682560,6514,6474,5450,4930,5190,5160,0,5150,0,0,0,2017-04-24,32437000,5100,1,0,0,0,0,0,0,0,0,5128,6,0,0,0,0,0,0,0,0
45,2017-04-24,09:00:37,0,SF705,XZCE,5132,5090,5150,242,6195760,6534,6474,5450,4930,5190,5160,0,5150,0,0,0,2017-04-24,32437000,5100,1,0,0,0,0,0,0,0,0,5154,1,0,0,0,0,0,0,0,0
46,2017-04-24,09:00:38,0,SF705,XZCE,5132,5090,5150,242,6195760,6534,6474,5450,4930,5190,5160,0,5150,0,0,0,2017-04-24,32438000,5100,1,0,0,0,0,0,0,0,0,5148,2,0,0,0,0,0,0,0,0
47,2017-04-24,09:00:39,0,SF705,XZCE,5132,5090,5150,242,6195760,6534,6474,5450,4930,5190,5160,0,5150,0,0,0,2017-04-24,32439000,5102,2,0,0,0,0,0,0,0,0,5146,1,0,0,0,0,0,0,0,0
48,2017-04-24,09:00:39,0,SF705,XZCE,5132,5090,5150,242,6195760,6534,6474,5450,4930,5190,5160,0,5150,0,0,0,2017-04-24,32439000,5128,2,0,0,0,0,0,0,0,0,5146,1,0,0,0,0,0,0,0,0
49,2017-04-24,09:00:40,0,SF705,XZCE,5132,5090,5150,242,6195760,6534,6474,5450,4930,5190,5160,0,5150,0,0,0,2017-04-24,32440000,5130,1,0,0,0,0,0,0,0,0,5146,1,0,0,0,0,0,0,0,0
50,2017-04-24,09:00:40,0,SF705,XZCE,5132,5090,5150,242,6195760,6534,6474,5450,4930,5190,5160,0,5150,0,0,0,2017-04-24,32440000,5128,2,0,0,0,0,0,0,0,0,5148,2,0,0,0,0,0,0,0,0
51,2017-04-24,09:00:41,0,SF705,XZCE,5132,5090,5150,242,6195760,6534,6474,5450,4930,5190,5160,0,5150,0,0,0,2017-04-24,32441000,5130,1,0,0,0,0,0,0,0,0,5148,2,0,0,0,0,0,0,0,0
52,2017-04-24,09:00:41,0,SF705,XZCE,5132,5090,5150,242,6195760,6534,6474,5450,4930,5190,5160,0,5150,0,0,0,2017-04-24,32441000,5128,2,0,0,0,0,0,0,0,0,5144,4,0,0,0,0,0,0,0,0
53,2017-04-24,09:00:45,0,SF705,XZCE,5132,5090,5150,242,6195760,6534,6474,5450,4930,5190,5160,0,5150,0,0,0,2017-04-24,32445000,5128,2,0,0,0,0,0,0,0,0,5136,1,0,0,0,0,0,0,0,0
54,2017-04-24,09:00:51,0,SF705,XZCE,5128,5090,5150,244,6247040,6534,6474,5450,4930,5190,5160,0,5150,0,0,0,2017-04-24,32451000,5128,1,0,0,0,0,0,0,0,0,5136,1,0,0,0,0,0,0,0,0
55,2017-04-24,09:00:54,0,SF705,XZCE,5136,5090,5150,246,6298400,6532,6474,5450,4930,5190,5160,0,5150,0,0,0,2017-04-24,32454000,5136,2,0,0,0,0,0,0,0,0,5138,1,0,0,0,0,0,0,0,0
56,2017-04-24,09:00:55,0,SF705,XZCE,5128,5090,5150,252,6452240,6532,6474,5450,4930,5190,5160,0,5150,0,0,0,2017-04-24,32455000,5106,2,0,0,0,0,0,0,0,0,5134,3,0,0,0,0,0,0,0,0
57,2017-04-24,09:00:55,0,SF705,XZCE,5128,5090,5150,252,6452240,6532,6474,5450,4930,5190,5160,0,5150,0,0,0,2017-04-24,32455000,5106,2,0,0,0,0,0,0,0,0,5126,1,0,0,0,0,0,0,0,0
58,2017-04-24,09:00:56,0,SF705,XZCE,5128,5090,5150,252,6452240,6532,6474,5450,4930,5190,5160,0,5150,0,0,0,2017-04-24,32456000,5108,1,0,0,0,0,0,0,0,0,5126,1,0,0,0,0,0,0,0,0
59,2017-04-24,09:00:56,0,SF705,XZCE,5132,5090,5150,262,6708840,6532,6474,5450,4930,5190,5160,0,5150,0,0,0,2017-04-24,32456000,5108,1,0,0,0,0,0,0,0,0,5134,3,0,0,0,0,0,0,0,0
60,2017-04-24,09:00:58,0,SF705,XZCE,5132,5090,5150,264,6760160,6532,6474,5450,4930,5190,5160,0,5150,0,0,0,2017-04-24,32458000,5132,4,0,0,0,0,0,0,0,0,5134,3,0,0,0,0,0,0,0,0
61,2017-04-24,09:00:58,0,SF705,XZCE,5132,5090,5150,272,6965440,6524,6474,5450,4930,5190,5160,0,5150,0,0,0,2017-04-24,32458000,5108,1,0,0,0,0,0,0,0,0,5134,3,0,0,0,0,0,0,0,0
62,2017-04-24,09:00:59,0,SF705,XZCE,5132,5090,5150,272,6965440,6524,6474,5450,4930,5190,5160,0,5150,0,0,0,2017-04-24,32459000,5110,1,0,0,0,0,0,0,0,0,5132,1,0,0,0,0,0,0,0,0
63,2017-04-24,09:01:00,0,SF705,XZCE,5110,5090,5150,274,7016540,6524,6474,5450,4930,5190,5160,0,5150,0,0,0,2017-04-24,32460000,5112,2,0,0,0,0,0,0,0,0,5132,1,0,0,0,0,0,0,0,0
64,2017-04-24,09:01:01,0,SF705,XZCE,5110,5090,5150,274,7016540,6524,6474,5450,4930,5190,5160,0,5150,0,0,0,2017-04-24,32461000,5112,2,0,0,0,0,0,0,0,0,5132,3,0,0,0,0,0,0,0,0
65,2017-04-24,09:01:01,0,SF705,XZCE,5110,5090,5150,274,7016540,6524,6474,5450,4930,5190,5160,0,5150,0,0,0,2017-04-24,32461000,5112,2,0,0,0,0,0,0,0,0,5130,1,0,0,0,0,0,0,0,0
66,2017-04-24,09:01:04,0,SF705,XZCE,5110,5090,5150,274,7016540,6524,6474,5450,4930,5190,5160,0,5150,0,0,0,2017-04-24,32464000,5112,2,0,0,0,0,0,0,0,0,5130,3,0,0,0,0,0,0,0,0
67,2017-04-24,09:01:05,0,SF705,XZCE,5110,5090,5150,274,7016540,6524,6474,5450,4930,5190,5160,0,5150,0,0,0,2017-04-24,32465000,5112,2,0,0,0,0,0,0,0,0,5128,1,0,0,0,0,0,0,0,0
68,2017-04-24,09:01:05,0,SF705,XZCE,5110,5090,5150,274,7016540,6524,6474,5450,4930,5190,5160,0,5150,0,0,0,2017-04-24,32465000,5114,2,0,0,0,0,0,0,0,0,5128,1,0,0,0,0,0,0,0,0
69,2017-04-24,09:01:08,0,SF705,XZCE,5110,5090,5150,276,7067640,6524,6474,5450,4930,5190,5160,0,5150,0,0,0,2017-04-24,32468000,5114,1,0,0,0,0,0,0,0,0,5128,1,0,0,0,0,0,0,0,0
70,2017-04-24,09:01:09,0,SF705,XZCE,5110,5090,5150,276,7067640,6524,6474,5450,4930,5190,5160,0,5150,0,0,0,2017-04-24,32469000,5114,1,0,0,0,0,0,0,0,0,5126,1,0,0,0,0,0,0,0,0
71,2017-04-24,09:01:11,0,SF705,XZCE,5130,5090,5150,286,7324140,6524,6474,5450,4930,5190,5160,0,5150,0,0,0,2017-04-24,32471000,5114,1,0,0,0,0,0,0,0,0,5132,6,0,0,0,0,0,0,0,0
72,2017-04-24,09:01:11,0,SF705,XZCE,5130,5090,5150,286,7324140,6524,6474,5450,4930,5190,5160,0,5150,0,0,0,2017-04-24,32471000,5112,2,0,0,0,0,0,0,0,0,5132,6,0,0,0,0,0,0,0,0
73,2017-04-24,09:01:12,0,SF705,XZCE,5130,5090,5150,286,7324140,6524,6474,5450,4930,5190,5160,0,5150,0,0,0,2017-04-24,32472000,5112,2,0,0,0,0,0,0,0,0,5128,1,0,0,0,0,0,0,0,0
74,2017-04-24,09:01:13,0,SF705,XZCE,5126,5090,5150,288,7375400,6522,6474,5450,4930,5190,5160,0,5150,0,0,0,2017-04-24,32473000,5112,2,0,0,0,0,0,0,0,0,5128,1,0,0,0,0,0,0,0,0
75,2017-04-24,09:01:13,0,SF705,XZCE,5126,5090,5150,288,7375400,6522,6474,5450,4930,5190,5160,0,5150,0,0,0,2017-04-24,32473000,5114,1,0,0,0,0,0,0,0,0,5126,1,0,0,0,0,0,0,0,0
76,2017-04-24,09:01:13,0,SF705,XZCE,5126,5090,5150,288,7375400,6522,6474,5450,4930,5190,5160,0,5150,0,0,0,2017-04-24,32473000,5114,1,0,0,0,0,0,0,0,0,5126,6,0,0,0,0,0,0,0,0
77,2017-04-24,09:01:14,0,SF705,XZCE,5126,5090,5150,288,7375400,6522,6474,5450,4930,5190,5160,0,5150,0,0,0,2017-04-24,32474000,5112,2,0,0,0,0,0,0,0,0,5122,1,0,0,0,0,0,0,0,0
78,2017-04-24,09:01:14,0,SF705,XZCE,5126,5090,5150,298,7631700,6520,6474,5450,4930,5190,5160,0,5150,0,0,0,2017-04-24,32474000,5112,2,0,0,0,0,0,0,0,0,5126,1,0,0,0,0,0,0,0,0
79,2017-04-24,09:01:16,0,SF705,XZCE,5124,5090,5150,304,7785420,6526,6474,5450,4930,5190,5160,0,5150,0,0,0,2017-04-24,32476000,5124,2,0,0,0,0,0,0,0,0,5126,1,0,0,0,0,0,0,0,0
80,2017-04-24,09:01:17,0,SF705,XZCE,5126,5090,5150,306,7836680,6526,6474,5450,4930,5190,5160,0,5150,0,0,0,2017-04-24,32477000,5124,2,0,0,0,0,0,0,0,0,5128,1,0,0,0,0,0,0,0,0
81,2017-04-24,09:01:21,0,SF705,XZCE,5124,5090,5150,310,7939160,6526,6474,5450,4930,5190,5160,0,5150,0,0,0,2017-04-24,32481000,5122,5,0,0,0,0,0,0,0,0,5124,1,0,0,0,0,0,0,0,0
82,2017-04-24,09:01:21,0,SF705,XZCE,5124,5090,5150,312,7990400,6526,6474,5450,4930,5190,5160,0,5150,0,0,0,2017-04-24,32481000,5122,5,0,0,0,0,0,0,0,0,5128,1,0,0,0,0,0,0,0,0
83,2017-04-24,09:01:22,0,SF705,XZCE,5128,5090,5150,314,8041680,6526,6474,5450,4930,5190,5160,0,5150,0,0,0,2017-04-24,32482000,5122,5,0,0,0,0,0,0,0,0,5132,1,0,0,0,0,0,0,0,0
84,2017-04-24,09:01:23,0,SF705,XZCE,5128,5090,5150,314,8041680,6526,6474,5450,4930,5190,5160,0,5150,0,0,0,2017-04-24,32483000,5124,1,0,0,0,0,0,0,0,0,5132,1,0,0,0,0,0,0,0,0
85,2017-04-24,09:01:27,0,SF705,XZCE,5138,5090,5150,318,8144440,6528,6474,5450,4930,5190,5160,0,5150,0,0,0,2017-04-24,32487000,5138,2,0,0,0,0,0,0,0,0,5144,3,0,0,0,0,0,0,0,0
86,2017-04-24,09:01:27,0,SF705,XZCE,5138,5090,5150,322,8247200,6524,6474,5450,4930,5190,5160,0,5150,0,0,0,2017-04-24,32487000,5130,5,0,0,0,0,0,0,0,0,5144,3,0,0,0,0,0,0,0,0
87,2017-04-24,09:01:30,0,SF705,XZCE,5144,5090,5150,324,8298640,6522,6474,5450,4930,5190,5160,0,5150,0,0,0,2017-04-24,32490000,5130,5,0,0,0,0,0,0,0,0,5142,1,0,0,0,0,0,0,0,0
88,2017-04-24,09:01:31,0,SF705,XZCE,5144,5090,5150,324,8298640,6522,6474,5450,4930,5190,5160,0,5150,0,0,0,2017-04-24,32491000,5130,5,0,0,0,0,0,0,0,0,5142,5,0,0,0,0,0,0,0,0
89,2017-04-24,09:01:34,0,SF705,XZCE,5142,5090,5150,328,8401480,6520,6474,5450,4930,5190,5160,0,5150,0,0,0,2017-04-24,32494000,5130,5,0,0,0,0,0,0,0,0,5142,3,0,0,0,0,0,0,0,0
90,2017-04-24,09:01:34,0,SF705,XZCE,5142,5090,5150,328,8401480,6520,6474,5450,4930,5190,5160,0,5150,0,0,0,2017-04-24,32494000,5132,2,0,0,0,0,0,0,0,0,5140,1,0,0,0,0,0,0,0,0
91,2017-04-24,09:01:36,0,SF705,XZCE,5142,5090,5150,328,8401480,6520,6474,5450,4930,5190,5160,0,5150,0,0,0,2017-04-24,32496000,5132,2,0,0,0,0,0,0,0,0,5140,2,0,0,0,0,0,0,0,0
92,2017-04-24,09:01:37,0,SF705,XZCE,5142,5090,5150,328,8401480,6520,6474,5450,4930,5190,5160,0,5150,0,0,0,2017-04-24,32497000,5136,2,0,0,0,0,0,0,0,0,5140,2,0,0,0,0,0,0,0,0
93,2017-04-24,09:01:37,0,SF705,XZCE,5130,5090,5150,338,8657980,6518,6474,5450,4930,5190,5160,0,5150,0,0,0,2017-04-24,32497000,5130,3,0,0,0,0,0,0,0,0,5140,2,0,0,0,0,0,0,0,0
94,2017-04-24,09:01:39,0,SF705,XZCE,5130,5090,5150,338,8657980,6518,6474,5450,4930,5190,5160,0,5150,0,0,0,2017-04-24,32499000,5136,5,0,0,0,0,0,0,0,0,5140,2,0,0,0,0,0,0,0,0
95,2017-04-24,09:01:41,0,SF705,XZCE,5130,5090,5150,338,8657980,6518,6474,5450,4930,5190,5160,0,5150,0,0,0,2017-04-24,32501000,5136,5,0,0,0,0,0,0,0,0,5140,1,0,0,0,0,0,0,0,0
96,2017-04-24,09:01:43,0,SF705,XZCE,5144,5090,5150,348,8915180,6508,6474,5450,4930,5190,5160,0,5150,0,0,0,2017-04-24,32503000,5136,5,0,0,0,0,0,0,0,0,5144,1,0,0,0,0,0,0,0,0
97,2017-04-24,09:01:44,0,SF705,XZCE,5144,5090,5150,348,8915180,6508,6474,5450,4930,5190,5160,0,5150,0,0,0,2017-04-24,32504000,5136,5,0,0,0,0,0,0,0,0,5144,4,0,0,0,0,0,0,0,0
98,2017-04-24,09:01:45,0,SF705,XZCE,5136,5090,5150,350,8966540,6510,6474,5450,4930,5190,5160,0,5150,0,0,0,2017-04-24,32505000,5136,4,0,0,0,0,0,0,0,0,5144,4,0,0,0,0,0,0,0,0
99,2017-04-24,09:01:46,0,SF705,XZCE,5136,5090,5150,356,9120620,6510,6474,5450,4930,5190,5160,0,5150,0,0,0,2017-04-24,32506000,5136,1,0,0,0,0,0,0,0,0,5144,4,0,0,0,0,0,0,0,0
100,2017-04-24,09:01:47,0,SF705,XZCE,5136,5090,5150,356,9120620,6510,6474,5450,4930,5190,5160,0,5150,0,0,0,2017-04-24,32507000,5136,1,0,0,0,0,0,0,0,0,5142,1,0,0,0,0,0,0,0,0
101,2017-04-24,09:01:49,0,SF705,XZCE,5136,5090,5150,356,9120620,6510,6474,5450,4930,5190,5160,0,5150,0,0,0,2017-04-24,32509000,5136,6,0,0,0,0,0,0,0,0,5142,1,0,0,0,0,0,0,0,0
102,2017-04-24,09:01:49,0,SF705,XZCE,5136,5090,5150,356,9120620,6510,6474,5450,4930,5190,5160,0,5150,0,0,0,2017-04-24,32509000,5136,6,0,0,0,0,0,0,0,0,5144,5,0,0,0,0,0,0,0,0
103,2017-04-24,09:01:52,0,SF705,XZCE,5136,5090,5150,356,9120620,6510,6474,5450,4930,5190,5160,0,5150,0,0,0,2017-04-24,32512000,5136,6,0,0,0,0,0,0,0,0,5142,1,0,0,0,0,0,0,0,0
104,2017-04-24,09:01:54,0,SF705,XZCE,5144,5090,5150,366,9377820,6512,6474,5450,4930,5190,5160,0,5150,0,0,0,2017-04-24,32514000,5136,6,0,0,0,0,0,0,0,0,5146,2,0,0,0,0,0,0,0,0
105,2017-04-24,09:01:56,0,SF705,XZCE,5144,5090,5150,366,9377820,6512,6474,5450,4930,5190,5160,0,5150,0,0,0,2017-04-24,32516000,5138,1,0,0,0,0,0,0,0,0,5146,2,0,0,0,0,0,0,0,0
106,2017-04-24,09:01:58,0,SF705,XZCE,5144,5090,5150,366,9377820,6512,6474,5450,4930,5190,5160,0,5150,0,0,0,2017-04-24,32518000,5138,1,0,0,0,0,0,0,0,0,5142,5,0,0,0,0,0,0,0,0
107,2017-04-24,09:01:59,0,SF705,XZCE,5138,5090,5150,368,9429200,6514,6474,5450,4930,5190,5160,0,5150,0,0,0,2017-04-24,32519000,5136,6,0,0,0,0,0,0,0,0,5142,5,0,0,0,0,0,0,0,0
108,2017-04-24,09:02:02,0,SF705,XZCE,5142,5090,5150,378,9686300,6514,6474,5450,4930,5190,5160,0,5150,0,0,0,2017-04-24,32522000,5136,6,0,0,0,0,0,0,0,0,5144,1,0,0,0,0,0,0,0,0
109,2017-04-24,09:02:03,0,SF705,XZCE,5144,5090,5150,380,9737740,6514,6474,5450,4930,5190,5160,0,5150,0,0,0,2017-04-24,32523000,5136,6,0,0,0,0,0,0,0,0,5146,2,0,0,0,0,0,0,0,0
110,2017-04-24,09:02:03,0,SF705,XZCE,5144,5090,5150,380,9737740,6514,6474,5450,4930,5190,5160,0,5150,0,0,0,2017-04-24,32523000,5142,3,0,0,0,0,0,0,0,0,5146,2,0,0,0,0,0,0,0,0
111,2017-04-24,09:02:06,0,SF705,XZCE,5142,5090,5150,386,9892000,6508,6474,5450,4930,5190,5160,0,5150,0,0,0,2017-04-24,32526000,5136,6,0,0,0,0,0,0,0,0,5142,1,0,0,0,0,0,0,0,0
112,2017-04-24,09:02:16,0,SF705,XZCE,5142,5090,5150,386,9892000,6508,6474,5450,4930,5190,5160,0,5150,0,0,0,2017-04-24,32536000,5136,6,0,0,0,0,0,0,0,0,5144,2,0,0,0,0,0,0,0,0
113,2017-04-24,09:02:18,0,SF705,XZCE,5148,5090,5150,396,10149400,6510,6474,5450,4930,5190,5160,0,5150,0,0,0,2017-04-24,32538000,5136,6,0,0,0,0,0,0,0,0,5150,1,0,0,0,0,0,0,0,0
114,2017-04-24,09:02:21,0,SF705,XZCE,5136,5090,5150,400,10252120,6508,6474,5450,4930,5190,5160,0,5150,0,0,0,2017-04-24,32541000,5136,4,0,0,0,0,0,0,0,0,5150,1,0,0,0,0,0,0,0,0
115,2017-04-24,09:02:22,0,SF705,XZCE,5136,5090,5150,402,10303480,6506,6474,5450,4930,5190,5160,0,5150,0,0,0,2017-04-24,32542000,5136,3,0,0,0,0,0,0,0,0,5150,1,0,0,0,0,0,0,0,0
116,2017-04-24,09:02:23,0,SF705,XZCE,5136,5090,5150,402,10303480,6506,6474,5450,4930,5190,5160,0,5150,0,0,0,2017-04-24,32543000,5136,3,0,0,0,0,0,0,0,0,5148,1,0,0,0,0,0,0,0,0
117,2017-04-24,09:02:23,0,SF705,XZCE,5136,5090,5150,402,10303480,6506,6474,5450,4930,5190,5160,0,5150,0,0,0,2017-04-24,32543000,5140,1,0,0,0,0,0,0,0,0,5148,1,0,0,0,0,0,0,0,0
118,2017-04-24,09:02:23,0,SF705,XZCE,5136,5090,5150,402,10303480,6506,6474,5450,4930,5190,5160,0,5150,0,0,0,2017-04-24,32543000,5140,1,0,0,0,0,0,0,0,0,5146,2,0,0,0,0,0,0,0,0
119,2017-04-24,09:02:33,0,SF705,XZCE,5136,5090,5150,402,10303480,6506,6474,5450,4930,5190,5160,0,5150,0,0,0,2017-04-24,32553000,5140,1,0,0,0,0,0,0,0,0,5144,2,0,0,0,0,0,0,0,0
120,2017-04-24,09:02:35,0,SF705,XZCE,5136,5090,5150,402,10303480,6506,6474,5450,4930,5190,5160,0,5150,0,0,0,2017-04-24,32555000,5136,3,0,0,0,0,0,0,0,0,5144,2,0,0,0,0,0,0,0,0
121,2017-04-24,09:02:39,0,SF705,XZCE,5136,5090,5150,402,10303480,6506,6474,5450,4930,5190,5160,0,5150,0,0,0,2017-04-24,32559000,5136,3,0,0,0,0,0,0,0,0,5140,3,0,0,0,0,0,0,0,0
122,2017-04-24,09:02:41,0,SF705,XZCE,5136,5090,5150,408,10457560,6506,6474,5450,4930,5190,5160,0,5150,0,0,0,2017-04-24,32561000,5130,33,0,0,0,0,0,0,0,0,5140,3,0,0,0,0,0,0,0,0
123,2017-04-24,09:02:42,0,SF705,XZCE,5136,5090,5150,408,10457560,6506,6474,5450,4930,5190,5160,0,5150,0,0,0,2017-04-24,32562000,5132,5,0,0,0,0,0,0,0,0,5136,1,0,0,0,0,0,0,0,0
124,2017-04-24,09:02:44,0,SF705,XZCE,5136,5090,5150,408,10457560,6506,6474,5450,4930,5190,5160,0,5150,0,0,0,2017-04-24,32564000,5134,2,0,0,0,0,0,0,0,0,5136,1,0,0,0,0,0,0,0,0
125,2017-04-24,09:02:45,0,SF705,XZCE,5136,5090,5150,410,10508920,6508,6474,5450,4930,5190,5160,0,5150,0,0,0,2017-04-24,32565000,5138,1,0,0,0,0,0,0,0,0,5140,3,0,0,0,0,0,0,0,0
126,2017-04-24,09:02:47,0,SF705,XZCE,5140,5090,5150,412,10560320,6510,6474,5450,4930,5190,5160,0,5150,0,0,0,2017-04-24,32567000,5138,1,0,0,0,0,0,0,0,0,5140,1,0,0,0,0,0,0,0,0
127,2017-04-24,09:02:48,0,SF705,XZCE,5140,5090,5150,420,10765920,6512,6474,5450,4930,5190,5160,0,5150,0,0,0,2017-04-24,32568000,5138,1,0,0,0,0,0,0,0,0,5140,2,0,0,0,0,0,0,0,0
128,2017-04-24,09:02:48,0,SF705,XZCE,5138,5090,5150,422,10817300,6510,6474,5450,4930,5190,5160,0,5150,0,0,0,2017-04-24,32568000,5130,33,0,0,0,0,0,0,0,0,5140,2,0,0,0,0,0,0,0,0
129,2017-04-24,09:02:49,0,SF705,XZCE,5138,5090,5150,422,10817300,6510,6474,5450,4930,5190,5160,0,5150,0,0,0,2017-04-24,32569000,5132,5,0,0,0,0,0,0,0,0,5140,2,0,0,0,0,0,0,0,0
130,2017-04-24,09:02:51,0,SF705,XZCE,5138,5090,5150,422,10817300,6510,6474,5450,4930,5190,5160,0,5150,0,0,0,2017-04-24,32571000,5134,2,0,0,0,0,0,0,0,0,5140,2,0,0,0,0,0,0,0,0
131,2017-04-24,09:02:53,0,SF705,XZCE,5132,5090,5150,428,10971260,6510,6474,5450,4930,5190,5160,0,5150,0,0,0,2017-04-24,32573000,5130,33,0,0,0,0,0,0,0,0,5138,1,0,0,0,0,0,0,0,0
132,2017-04-24,09:02:55,0,SF705,XZCE,5132,5090,5150,428,10971260,6510,6474,5450,4930,5190,5160,0,5150,0,0,0,2017-04-24,32575000,5130,33,0,0,0,0,0,0,0,0,5138,3,0,0,0,0,0,0,0,0
133,2017-04-24,09:02:56,0,SF705,XZCE,5132,5090,5150,428,10971260,6510,6474,5450,4930,5190,5160,0,5150,0,0,0,2017-04-24,32576000,5132,1,0,0,0,0,0,0,0,0,5138,3,0,0,0,0,0,0,0,0
134,2017-04-24,09:03:04,0,SF705,XZCE,5132,5090,5150,430,11022580,6508,6474,5450,4930,5190,5160,0,5150,0,0,0,2017-04-24,32584000,5130,33,0,0,0,0,0,0,0,0,5138,3,0,0,0,0,0,0,0,0
135,2017-04-24,09:03:07,0,SF705,XZCE,5132,5090,5150,430,11022580,6508,6474,5450,4930,5190,5160,0,5150,0,0,0,2017-04-24,32587000,5132,1,0,0,0,0,0,0,0,0,5138,3,0,0,0,0,0,0,0,0
136,2017-04-24,09:03:17,0,SF705,XZCE,5132,5090,5150,432,11073900,6506,6474,5450,4930,5190,5160,0,5150,0,0,0,2017-04-24,32597000,5130,33,0,0,0,0,0,0,0,0,5138,3,0,0,0,0,0,0,0,0
137,2017-04-24,09:03:19,0,SF705,XZCE,5132,5090,5150,432,11073900,6506,6474,5450,4930,5190,5160,0,5150,0,0,0,2017-04-24,32599000,5130,33,0,0,0,0,0,0,0,0,5136,1,0,0,0,0,0,0,0,0
138,2017-04-24,09:03:21,0,SF705,XZCE,5132,5090,5150,432,11073900,6506,6474,5450,4930,5190,5160,0,5150,0,0,0,2017-04-24,32601000,5130,18,0,0,0,0,0,0,0,0,5136,1,0,0,0,0,0,0,0,0
139,2017-04-24,09:03:22,0,SF705,XZCE,5132,5090,5150,432,11073900,6506,6474,5450,4930,5190,5160,0,5150,0,0,0,2017-04-24,32602000,5132,1,0,0,0,0,0,0,0,0,5136,1,0,0,0,0,0,0,0,0
140,2017-04-24,09:03:26,0,SF705,XZCE,5132,5090,5150,434,11125220,6504,6474,5450,4930,5190,5160,0,5150,0,0,0,2017-04-24,32606000,5130,18,0,0,0,0,0,0,0,0,5132,4,0,0,0,0,0,0,0,0
141,2017-04-24,09:03:28,0,SF705,XZCE,5132,5090,5150,436,11176540,6502,6474,5450,4930,5190,5160,0,5150,0,0,0,2017-04-24,32608000,5130,18,0,0,0,0,0,0,0,0,5132,3,0,0,0,0,0,0,0,0
142,2017-04-24,09:03:28,0,SF705,XZCE,5132,5090,5150,442,11330500,6502,6474,5450,4930,5190,5160,0,5150,0,0,0,2017-04-24,32608000,5134,1,0,0,0,0,0,0,0,0,5136,1,0,0,0,0,0,0,0,0
143,2017-04-24,09:03:29,0,SF705,XZCE,5132,5090,5150,444,11381820,6502,6474,5450,4930,5190,5160,0,5150,0,0,0,2017-04-24,32609000,5132,3,0,0,0,0,0,0,0,0,5136,1,0,0,0,0,0,0,0,0
144,2017-04-24,09:03:31,0,SF705,XZCE,5132,5090,5150,444,11381820,6502,6474,5450,4930,5190,5160,0,5150,0,0,0,2017-04-24,32611000,5134,1,0,0,0,0,0,0,0,0,5136,1,0,0,0,0,0,0,0,0
145,2017-04-24,09:03:33,0,SF705,XZCE,5134,5090,5150,446,11433160,6502,6474,5450,4930,5190,5160,0,5150,0,0,0,2017-04-24,32613000,5132,3,0,0,0,0,0,0,0,0,5136,1,0,0,0,0,0,0,0,0
146,2017-04-24,09:03:34,0,SF705,XZCE,5132,5090,5150,448,11484480,6502,6474,5450,4930,5190,5160,0,5150,0,0,0,2017-04-24,32614000,5132,2,0,0,0,0,0,0,0,0,5136,1,0,0,0,0,0,0,0,0
147,2017-04-24,09:03:35,0,SF705,XZCE,5132,5090,5150,450,11535800,6504,6474,5450,4930,5190,5160,0,5150,0,0,0,2017-04-24,32615000,5132,1,0,0,0,0,0,0,0,0,5136,1,0,0,0,0,0,0,0,0
148,2017-04-24,09:03:35,0,SF705,XZCE,5140,5090,5150,460,11792800,6504,6474,5450,4930,5190,5160,0,5150,0,0,0,2017-04-24,32615000,5132,1,0,0,0,0,0,0,0,0,5140,1,0,0,0,0,0,0,0,0
149,2017-04-24,09:03:36,0,SF705,XZCE,5140,5090,5150,460,11792800,6504,6474,5450,4930,5190,5160,0,5150,0,0,0,2017-04-24,32616000,5136,1,0,0,0,0,0,0,0,0,5140,1,0,0,0,0,0,0,0,0
150,2017-04-24,09:03:44,0,SF705,XZCE,5136,5090,5150,462,11844160,6502,6474,5450,4930,5190,5160,0,5150,0,0,0,2017-04-24,32624000,5132,1,0,0,0,0,0,0,0,0,5140,1,0,0,0,0,0,0,0,0
151,2017-04-24,09:03:51,0,SF705,XZCE,5136,5090,5150,462,11844160,6502,6474,5450,4930,5190,5160,0,5150,0,0,0,2017-04-24,32631000,5132,1,0,0,0,0,0,0,0,0,5138,1,0,0,0,0,0,0,0,0
152,2017-04-24,09:03:52,0,SF705,XZCE,5132,5090,5150,464,11895480,6502,6474,5450,4930,5190,5160,0,5150,0,0,0,2017-04-24,32632000,5130,18,0,0,0,0,0,0,0,0,5138,1,0,0,0,0,0,0,0,0
153,2017-04-24,09:03:56,0,SF705,XZCE,5130,5090,5150,468,11998080,6502,6474,5450,4930,5190,5160,0,5150,0,0,0,2017-04-24,32636000,5130,16,0,0,0,0,0,0,0,0,5138,1,0,0,0,0,0,0,0,0
154,2017-04-24,09:03:57,0,SF705,XZCE,5130,5090,5150,468,11998080,6502,6474,5450,4930,5190,5160,0,5150,0,0,0,2017-04-24,32637000,5132,2,0,0,0,0,0,0,0,0,5138,1,0,0,0,0,0,0,0,0
155,2017-04-24,09:03:57,0,SF705,XZCE,5130,5090,5150,470,12049380,6502,6474,5450,4930,5190,5160,0,5150,0,0,0,2017-04-24,32637000,5132,1,0,0,0,0,0,0,0,0,5138,1,0,0,0,0,0,0,0,0
156,2017-04-24,09:04:00,0,SF705,XZCE,5130,5090,5150,470,12049380,6502,6474,5450,4930,5190,5160,0,5150,0,0,0,2017-04-24,32640000,5132,1,0,0,0,0,0,0,0,0,5138,2,0,0,0,0,0,0,0,0
157,2017-04-24,09:04:09,0,SF705,XZCE,5132,5090,5150,472,12100700,6502,6474,5450,4930,5190,5160,0,5150,0,0,0,2017-04-24,32649000,5130,16,0,0,0,0,0,0,0,0,5132,4,0,0,0,0,0,0,0,0
158,2017-04-24,09:04:10,0,SF705,XZCE,5132,5090,5150,480,12305980,6498,6474,5450,4930,5190,5160,0,5150,0,0,0,2017-04-24,32650000,5132,2,0,0,0,0,0,0,0,0,5138,2,0,0,0,0,0,0,0,0
159,2017-04-24,09:04:12,0,SF705,XZCE,5132,5090,5150,480,12305980,6498,6474,5450,4930,5190,5160,0,5150,0,0,0,2017-04-24,32652000,5132,3,0,0,0,0,0,0,0,0,5138,2,0,0,0,0,0,0,0,0
160,2017-04-24,09:04:13,0,SF705,XZCE,5132,5090,5150,480,12305980,6498,6474,5450,4930,5190,5160,0,5150,0,0,0,2017-04-24,32653000,5132,3,0,0,0,0,0,0,0,0,5138,3,0,0,0,0,0,0,0,0
161,2017-04-24,09:04:17,0,SF705,XZCE,5132,5090,5150,480,12305980,6498,6474,5450,4930,5190,5160,0,5150,0,0,0,2017-04-24,32657000,5134,3,0,0,0,0,0,0,0,0,5138,3,0,0,0,0,0,0,0,0
162,2017-04-24,09:04:21,0,SF705,XZCE,5132,5090,5150,490,12562580,6498,6474,5450,4930,5190,5160,0,5150,0,0,0,2017-04-24,32661000,5132,1,0,0,0,0,0,0,0,0,5138,3,0,0,0,0,0,0,0,0
163,2017-04-24,09:04:32,0,SF705,XZCE,5138,5090,5150,496,12716720,6498,6474,5450,4930,5190,5160,0,5150,0,0,0,2017-04-24,32672000,5132,1,0,0,0,0,0,0,0,0,5140,1,0,0,0,0,0,0,0,0
164,2017-04-24,09:04:36,0,SF705,XZCE,5138,5090,5150,496,12716720,6498,6474,5450,4930,5190,5160,0,5150,0,0,0,2017-04-24,32676000,5132,3,0,0,0,0,0,0,0,0,5140,1,0,0,0,0,0,0,0,0
165,2017-04-24,09:04:37,0,SF705,XZCE,5138,5090,5150,496,12716720,6498,6474,5450,4930,5190,5160,0,5150,0,0,0,2017-04-24,32677000,5134,3,0,0,0,0,0,0,0,0,5140,1,0,0,0,0,0,0,0,0
166,2017-04-24,09:04:37,0,SF705,XZCE,5138,5090,5150,496,12716720,6498,6474,5450,4930,5190,5160,0,5150,0,0,0,2017-04-24,32677000,5138,3,0,0,0,0,0,0,0,0,5140,1,0,0,0,0,0,0,0,0
167,2017-04-24,09:04:44,0,SF705,XZCE,5140,5090,5150,498,12768120,6496,6474,5450,4930,5190,5160,0,5150,0,0,0,2017-04-24,32684000,5138,3,0,0,0,0,0,0,0,0,5150,2,0,0,0,0,0,0,0,0
168,2017-04-24,09:04:47,0,SF705,XZCE,5140,5090,5150,498,12768120,6496,6474,5450,4930,5190,5160,0,5150,0,0,0,2017-04-24,32687000,5140,1,0,0,0,0,0,0,0,0,5150,2,0,0,0,0,0,0,0,0
169,2017-04-24,09:04:51,0,SF705,XZCE,5140,5090,5150,500,12819520,6494,6474,5450,4930,5190,5160,0,5150,0,0,0,2017-04-24,32691000,5138,4,0,0,0,0,0,0,0,0,5150,2,0,0,0,0,0,0,0,0
170,2017-04-24,09:04:51,0,SF705,XZCE,5140,5090,5150,500,12819520,6494,6474,5450,4930,5190,5160,0,5150,0,0,0,2017-04-24,32691000,5138,4,0,0,0,0,0,0,0,0,5148,1,0,0,0,0,0,0,0,0
171,2017-04-24,09:04:55,0,SF705,XZCE,5138,5090,5150,504,12922280,6490,6474,5450,4930,5190,5160,0,5150,0,0,0,2017-04-24,32695000,5138,2,0,0,0,0,0,0,0,0,5148,1,0,0,0,0,0,0,0,0
172,2017-04-24,09:05:03,0,SF705,XZCE,5138,5090,5150,508,13025040,6488,6474,5450,4930,5190,5160,0,5150,0,0,0,2017-04-24,32703000,5134,3,0,0,0,0,0,0,0,0,5138,2,0,0,0,0,0,0,0,0
173,2017-04-24,09:05:04,0,SF705,XZCE,5132,5090,5150,526,13486920,6504,6474,5450,4930,5190,5160,0,5150,0,0,0,2017-04-24,32704000,5130,16,0,0,0,0,0,0,0,0,5146,1,0,0,0,0,0,0,0,0
174,2017-04-24,09:05:09,0,SF705,XZCE,5132,5090,5150,526,13486920,6504,6474,5450,4930,5190,5160,0,5150,0,0,0,2017-04-24,32709000,5130,16,0,0,0,0,0,0,0,0,5136,2,0,0,0,0,0,0,0,0
175,2017-04-24,09:05:11,0,SF705,XZCE,5132,5090,5150,526,13486920,6504,6474,5450,4930,5190,5160,0,5150,0,0,0,2017-04-24,32711000,5130,16,0,0,0,0,0,0,0,0,5144,1,0,0,0,0,0,0,0,0
176,2017-04-24,09:05:12,0,SF705,XZCE,5132,5090,5150,526,13486920,6504,6474,5450,4930,5190,5160,0,5150,0,0,0,2017-04-24,32712000,5130,16,0,0,0,0,0,0,0,0,5142,1,0,0,0,0,0,0,0,0
177,2017-04-24,09:05:13,0,SF705,XZCE,5132,5090,5150,526,13486920,6504,6474,5450,4930,5190,5160,0,5150,0,0,0,2017-04-24,32713000,5130,16,0,0,0,0,0,0,0,0,5140,2,0,0,0,0,0,0,0,0
178,2017-04-24,09:05:16,0,SF705,XZCE,5132,5090,5150,526,13486920,6504,6474,5450,4930,5190,5160,0,5150,0,0,0,2017-04-24,32716000,5130,16,0,0,0,0,0,0,0,0,5140,3,0,0,0,0,0,0,0,0
179,2017-04-24,09:05:18,0,SF705,XZCE,5130,5090,5150,528,13538220,6504,6474,5450,4930,5190,5160,0,5150,0,0,0,2017-04-24,32718000,5130,15,0,0,0,0,0,0,0,0,5140,3,0,0,0,0,0,0,0,0
180,2017-04-24,09:05:18,0,SF705,XZCE,5130,5090,5150,528,13538220,6504,6474,5450,4930,5190,5160,0,5150,0,0,0,2017-04-24,32718000,5130,15,0,0,0,0,0,0,0,0,5138,5,0,0,0,0,0,0,0,0
181,2017-04-24,09:05:20,0,SF705,XZCE,5130,5090,5150,530,13589520,6504,6474,5450,4930,5190,5160,0,5150,0,0,0,2017-04-24,32720000,5130,14,0,0,0,0,0,0,0,0,5138,5,0,0,0,0,0,0,0,0
182,2017-04-24,09:05:20,0,SF705,XZCE,5130,5090,5150,530,13589520,6504,6474,5450,4930,5190,5160,0,5150,0,0,0,2017-04-24,32720000,5130,14,0,0,0,0,0,0,0,0,5136,1,0,0,0,0,0,0,0,0
183,2017-04-24,09:05:22,0,SF705,XZCE,5130,5090,5150,530,13589520,6504,6474,5450,4930,5190,5160,0,5150,0,0,0,2017-04-24,32722000,5130,15,0,0,0,0,0,0,0,0,5136,1,0,0,0,0,0,0,0,0
184,2017-04-24,09:05:24,0,SF705,XZCE,5130,5090,5150,530,13589520,6504,6474,5450,4930,5190,5160,0,5150,0,0,0,2017-04-24,32724000,5130,15,0,0,0,0,0,0,0,0,5136,2,0,0,0,0,0,0,0,0
185,2017-04-24,09:05:27,0,SF705,XZCE,5130,5090,5150,534,13692120,6500,6474,5450,4930,5190,5160,0,5150,0,0,0,2017-04-24,32727000,5130,13,0,0,0,0,0,0,0,0,5136,2,0,0,0,0,0,0,0,0
186,2017-04-24,09:05:32,0,SF705,XZCE,5136,5090,5150,538,13794840,6500,6474,5450,4930,5190,5160,0,5150,0,0,0,2017-04-24,32732000,5136,1,0,0,0,0,0,0,0,0,5138,5,0,0,0,0,0,0,0,0
187,2017-04-24,09:05:33,0,SF705,XZCE,5136,5090,5150,540,13846200,6498,6474,5450,4930,5190,5160,0,5150,0,0,0,2017-04-24,32733000,5130,13,0,0,0,0,0,0,0,0,5136,1,0,0,0,0,0,0,0,0
188,2017-04-24,09:05:34,0,SF705,XZCE,5136,5090,5150,540,13846200,6498,6474,5450,4930,5190,5160,0,5150,0,0,0,2017-04-24,32734000,5132,1,0,0,0,0,0,0,0,0,5136,1,0,0,0,0,0,0,0,0
189,2017-04-24,09:05:41,0,SF705,XZCE,5136,5090,5150,540,13846200,6498,6474,5450,4930,5190,5160,0,5150,0,0,0,2017-04-24,32741000,5132,4,0,0,0,0,0,0,0,0,5136,1,0,0,0,0,0,0,0,0
190,2017-04-24,09:05:57,0,SF705,XZCE,5136,5090,5150,540,13846200,6498,6474,5450,4930,5190,5160,0,5150,0,0,0,2017-04-24,32757000,5134,1,0,0,0,0,0,0,0,0,5136,1,0,0,0,0,0,0,0,0
191,2017-04-24,09:05:59,0,SF705,XZCE,5136,5090,5150,542,13897560,6496,6474,5450,4930,5190,5160,0,5150,0,0,0,2017-04-24,32759000,5134,1,0,0,0,0,0,0,0,0,5138,5,0,0,0,0,0,0,0,0
192,2017-04-24,09:06:03,0,SF705,XZCE,5138,5090,5150,548,14051700,6496,6474,5450,4930,5190,5160,0,5150,0,0,0,2017-04-24,32763000,5134,1,0,0,0,0,0,0,0,0,5138,2,0,0,0,0,0,0,0,0
193,2017-04-24,09:06:08,0,SF705,XZCE,5138,5090,5150,552,14154460,6492,6474,5450,4930,5190,5160,0,5150,0,0,0,2017-04-24,32768000,5138,3,0,0,0,0,0,0,0,0,5140,1,0,0,0,0,0,0,0,0
194,2017-04-24,09:06:13,0,SF705,XZCE,5138,5090,5150,558,14308600,6486,6474,5450,4930,5190,5160,0,5150,0,0,0,2017-04-24,32773000,5132,3,0,0,0,0,0,0,0,0,5138,13,0,0,0,0,0,0,0,0
195,2017-04-24,09:06:16,0,SF705,XZCE,5138,5090,5150,570,14616880,6486,6474,5450,4930,5190,5160,0,5150,0,0,0,2017-04-24,32776000,5132,3,0,0,0,0,0,0,0,0,5138,7,0,0,0,0,0,0,0,0
196,2017-04-24,09:06:16,0,SF705,XZCE,5138,5090,5150,582,14925160,6486,6474,5450,4930,5190,5160,0,5150,0,0,0,2017-04-24,32776000,5134,2,0,0,0,0,0,0,0,0,5138,1,0,0,0,0,0,0,0,0
197,2017-04-24,09:06:20,0,SF705,XZCE,5140,5090,5150,586,15027960,6486,6474,5450,4930,5190,5160,0,5150,0,0,0,2017-04-24,32780000,5140,2,0,0,0,0,0,0,0,0,5148,2,0,0,0,0,0,0,0,0
198,2017-04-24,09:06:32,0,SF705,XZCE,5140,5090,5150,588,15079360,6488,6474,5450,4930,5190,5160,0,5150,0,0,0,2017-04-24,32792000,5140,1,0,0,0,0,0,0,0,0,5148,2,0,0,0,0,0,0,0,0
199,2017-04-24,09:06:33,0,SF705,XZCE,5140,5090,5150,588,15079360,6488,6474,5450,4930,5190,5160,0,5150,0,0,0,2017-04-24,32793000,5140,1,0,0,0,0,0,0,0,0,5148,9,0,0,0,0,0,0,0,0
200,2017-04-24,09:06:35,0,SF705,XZCE,5148,5090,5150,592,15182320,6484,6474,5450,4930,5190,5160,0,5150,0,0,0,2017-04-24,32795000,5140,1,0,0,0,0,0,0,0,0,5148,7,0,0,0,0,0,0,0,0
201,2017-04-24,09:06:36,0,SF705,XZCE,5148,5090,5150,598,15336760,6482,6474,5450,4930,5190,5160,0,5150,0,0,0,2017-04-24,32796000,5138,7,0,0,0,0,0,0,0,0,5148,5,0,0,0,0,0,0,0,0
202,2017-04-24,09:06:37,0,SF705,XZCE,5150,5090,5150,612,15697260,6468,6474,5450,4930,5190,5160,0,5150,0,0,0,2017-04-24,32797000,5138,7,0,0,0,0,0,0,0,0,5150,4,0,0,0,0,0,0,0,0
203,2017-04-24,09:06:37,0,SF705,XZCE,5150,5090,5150,622,15954760,6460,6474,5450,4930,5190,5160,0,5150,0,0,0,2017-04-24,32797000,5142,2,0,0,0,0,0,0,0,0,5150,7,0,0,0,0,0,0,0,0
204,2017-04-24,09:06:39,0,SF705,XZCE,5150,5090,5150,626,16057760,6460,6474,5450,4930,5190,5160,0,5150,0,0,0,2017-04-24,32799000,5142,2,0,0,0,0,0,0,0,0,5150,5,0,0,0,0,0,0,0,0
205,2017-04-24,09:06:39,0,SF705,XZCE,5150,5090,5150,626,16057760,6460,6474,5450,4930,5190,5160,0,5150,0,0,0,2017-04-24,32799000,5142,2,0,0,0,0,0,0,0,0,5152,1,0,0,0,0,0,0,0,0
206,2017-04-24,09:06:40,0,SF705,XZCE,5152,5090,5152,628,16109280,6460,6474,5450,4930,5190,5160,0,5150,0,0,0,2017-04-24,32800000,5150,5,0,0,0,0,0,0,0,0,5154,1,0,0,0,0,0,0,0,0
207,2017-04-24,09:06:41,0,SF705,XZCE,5152,5090,5152,628,16109280,6460,6474,5450,4930,5190,5160,0,5150,0,0,0,2017-04-24,32801000,5150,7,0,0,0,0,0,0,0,0,5154,1,0,0,0,0,0,0,0,0
208,2017-04-24,09:06:41,0,SF705,XZCE,5152,5090,5152,628,16109280,6460,6474,5450,4930,5190,5160,0,5150,0,0,0,2017-04-24,32801000,5150,9,0,0,0,0,0,0,0,0,5154,1,0,0,0,0,0,0,0,0
209,2017-04-24,09:06:43,0,SF705,XZCE,5150,5090,5152,630,16160780,6460,6474,5450,4930,5190,5160,0,5150,0,0,0,2017-04-24,32803000,5150,8,0,0,0,0,0,0,0,0,5154,1,0,0,0,0,0,0,0,0
210,2017-04-24,09:06:47,0,SF705,XZCE,5154,5090,5154,632,16212320,6460,6474,5450,4930,5190,5160,0,5150,0,0,0,2017-04-24,32807000,5154,1,0,0,0,0,0,0,0,0,5156,2,0,0,0,0,0,0,0,0
211,2017-04-24,09:06:47,0,SF705,XZCE,5152,5090,5154,638,16366880,6458,6474,5450,4930,5190,5160,0,5150,0,0,0,2017-04-24,32807000,5150,7,0,0,0,0,0,0,0,0,5152,1,0,0,0,0,0,0,0,0
212,2017-04-24,09:06:47,0,SF705,XZCE,5152,5090,5154,640,16418400,6458,6474,5450,4930,5190,5160,0,5150,0,0,0,2017-04-24,32807000,5150,7,0,0,0,0,0,0,0,0,5158,1,0,0,0,0,0,0,0,0
213,2017-04-24,09:06:52,0,SF705,XZCE,5152,5090,5154,640,16418400,6458,6474,5450,4930,5190,5160,0,5150,0,0,0,2017-04-24,32812000,5150,7,0,0,0,0,0,0,0,0,5158,11,0,0,0,0,0,0,0,0
214,2017-04-24,09:06:54,0,SF705,XZCE,5152,5090,5154,640,16418400,6458,6474,5450,4930,5190,5160,0,5150,0,0,0,2017-04-24,32814000,5150,7,0,0,0,0,0,0,0,0,5156,3,0,0,0,0,0,0,0,0
215,2017-04-24,09:06:55,0,SF705,XZCE,5152,5090,5154,640,16418400,6458,6474,5450,4930,5190,5160,0,5150,0,0,0,2017-04-24,32815000,5150,7,0,0,0,0,0,0,0,0,5156,4,0,0,0,0,0,0,0,0
216,2017-04-24,09:06:57,0,SF705,XZCE,5158,5090,5158,650,16676300,6458,6474,5450,4930,5190,5160,0,5150,0,0,0,2017-04-24,32817000,5150,7,0,0,0,0,0,0,0,0,5158,10,0,0,0,0,0,0,0,0
217,2017-04-24,09:06:58,0,SF705,XZCE,5138,5090,5158,688,17652520,6424,6474,5450,4930,5190,5160,0,5150,0,0,0,2017-04-24,32818000,5148,4,0,0,0,0,0,0,0,0,5158,5,0,0,0,0,0,0,0,0
218,2017-04-24,09:06:58,0,SF705,XZCE,5158,5090,5158,698,17910420,6414,6474,5450,4930,5190,5160,0,5150,0,0,0,2017-04-24,32818000,5148,4,0,0,0,0,0,0,0,0,5160,4,0,0,0,0,0,0,0,0
219,2017-04-24,09:07:02,0,SF705,XZCE,5158,5090,5158,698,17910420,6414,6474,5450,4930,5190,5160,0,5150,0,0,0,2017-04-24,32822000,5148,4,0,0,0,0,0,0,0,0,5158,1,0,0,0,0,0,0,0,0
220,2017-04-24,09:07:03,0,SF705,XZCE,5158,5090,5158,698,17910420,6414,6474,5450,4930,5190,5160,0,5150,0,0,0,2017-04-24,32823000,5150,1,0,0,0,0,0,0,0,0,5158,1,0,0,0,0,0,0,0,0
221,2017-04-24,09:07:04,0,SF705,XZCE,5186,5090,5186,722,18532740,6428,6474,5450,4930,5190,5160,0,5150,0,0,0,2017-04-24,32824000,5150,1,0,0,0,0,0,0,0,0,5186,1,0,0,0,0,0,0,0,0
222,2017-04-24,09:07:04,0,SF705,XZCE,5184,5090,5186,726,18636420,6430,6474,5450,4930,5190,5160,0,5150,0,0,0,2017-04-24,32824000,5156,1,0,0,0,0,0,0,0,0,5182,1,0,0,0,0,0,0,0,0
223,2017-04-24,09:07:07,0,SF705,XZCE,5158,5090,5186,728,18688000,6432,6474,5450,4930,5190,5160,0,5150,0,0,0,2017-04-24,32827000,5158,1,0,0,0,0,0,0,0,0,5182,1,0,0,0,0,0,0,0,0
224,2017-04-24,09:07:07,0,SF705,XZCE,5158,5090,5186,728,18688000,6432,6474,5450,4930,5190,5160,0,5150,0,0,0,2017-04-24,32827000,5162,1,0,0,0,0,0,0,0,0,5186,3,0,0,0,0,0,0,0,0
225,2017-04-24,09:07:08,0,SF705,XZCE,5158,5090,5186,728,18688000,6432,6474,5450,4930,5190,5160,0,5150,0,0,0,2017-04-24,32828000,5162,4,0,0,0,0,0,0,0,0,5186,3,0,0,0,0,0,0,0,0
226,2017-04-24,09:07:09,0,SF705,XZCE,5158,5090,5186,728,18688000,6432,6474,5450,4930,5190,5160,0,5150,0,0,0,2017-04-24,32829000,5166,1,0,0,0,0,0,0,0,0,5180,1,0,0,0,0,0,0,0,0
227,2017-04-24,09:07:12,0,SF705,XZCE,5158,5090,5186,728,18688000,6432,6474,5450,4930,5190,5160,0,5150,0,0,0,2017-04-24,32832000,5166,3,0,0,0,0,0,0,0,0,5178,2,0,0,0,0,0,0,0,0
228,2017-04-24,09:07:14,0,SF705,XZCE,5158,5090,5186,728,18688000,6432,6474,5450,4930,5190,5160,0,5150,0,0,0,2017-04-24,32834000,5166,3,0,0,0,0,0,0,0,0,5170,1,0,0,0,0,0,0,0,0
229,2017-04-24,09:07:17,0,SF705,XZCE,5170,5090,5186,730,18739700,6432,6474,5450,4930,5190,5160,0,5150,0,0,0,2017-04-24,32837000,5166,3,0,0,0,0,0,0,0,0,5178,2,0,0,0,0,0,0,0,0
230,2017-04-24,09:07:17,0,SF705,XZCE,5178,5090,5186,732,18791480,6432,6474,5450,4930,5190,5160,0,5150,0,0,0,2017-04-24,32837000,5166,3,0,0,0,0,0,0,0,0,5178,1,0,0,0,0,0,0,0,0
231,2017-04-24,09:07:18,0,SF705,XZCE,5178,5090,5186,732,18791480,6432,6474,5450,4930,5190,5160,0,5150,0,0,0,2017-04-24,32838000,5172,1,0,0,0,0,0,0,0,0,5178,1,0,0,0,0,0,0,0,0
232,2017-04-24,09:07:20,0,SF705,XZCE,5178,5090,5186,732,18791480,6432,6474,5450,4930,5190,5160,0,5150,0,0,0,2017-04-24,32840000,5172,1,0,0,0,0,0,0,0,0,5178,2,0,0,0,0,0,0,0,0
233,2017-04-24,09:07:21,0,SF705,XZCE,5172,5090,5186,736,18894920,6432,6474,5450,4930,5190,5160,0,5150,0,0,0,2017-04-24,32841000,5166,2,0,0,0,0,0,0,0,0,5174,4,0,0,0,0,0,0,0,0
234,2017-04-24,09:07:21,0,SF705,XZCE,5172,5090,5186,736,18894920,6432,6474,5450,4930,5190,5160,0,5150,0,0,0,2017-04-24,32841000,5166,2,0,0,0,0,0,0,0,0,5172,1,0,0,0,0,0,0,0,0
235,2017-04-24,09:07:25,0,SF705,XZCE,5172,5090,5186,736,18894920,6432,6474,5450,4930,5190,5160,0,5150,0,0,0,2017-04-24,32845000,5170,1,0,0,0,0,0,0,0,0,5172,1,0,0,0,0,0,0,0,0
236,2017-04-24,09:07:28,0,SF705,XZCE,5172,5090,5186,738,18946640,6430,6474,5450,4930,5190,5160,0,5150,0,0,0,2017-04-24,32848000,5170,1,0,0,0,0,0,0,0,0,5178,2,0,0,0,0,0,0,0,0
237,2017-04-24,09:07:31,0,SF705,XZCE,5172,5090,5186,738,18946640,6430,6474,5450,4930,5190,5160,0,5150,0,0,0,2017-04-24,32851000,5170,1,0,0,0,0,0,0,0,0,5176,1,0,0,0,0,0,0,0,0
238,2017-04-24,09:07:31,0,SF705,XZCE,5172,5090,5186,738,18946640,6430,6474,5450,4930,5190,5160,0,5150,0,0,0,2017-04-24,32851000,5170,1,0,0,0,0,0,0,0,0,5172,1,0,0,0,0,0,0,0,0
239,2017-04-24,09:07:34,0,SF705,XZCE,5170,5090,5186,740,18998340,6430,6474,5450,4930,5190,5160,0,5150,0,0,0,2017-04-24,32854000,5166,2,0,0,0,0,0,0,0,0,5170,1,0,0,0,0,0,0,0,0
240,2017-04-24,09:07:36,0,SF705,XZCE,5170,5090,5186,740,18998340,6430,6474,5450,4930,5190,5160,0,5150,0,0,0,2017-04-24,32856000,5166,2,0,0,0,0,0,0,0,0,5172,1,0,0,0,0,0,0,0,0
241,2017-04-24,09:07:38,0,SF705,XZCE,5170,5090,5186,740,18998340,6430,6474,5450,4930,5190,5160,0,5150,0,0,0,2017-04-24,32858000,5166,2,0,0,0,0,0,0,0,0,5172,2,0,0,0,0,0,0,0,0
242,2017-04-24,09:07:40,0,SF705,XZCE,5172,5090,5186,742,19050060,6430,6474,5450,4930,5190,5160,0,5150,0,0,0,2017-04-24,32860000,5166,2,0,0,0,0,0,0,0,0,5170,1,0,0,0,0,0,0,0,0
243,2017-04-24,09:07:41,0,SF705,XZCE,5162,5090,5186,744,19101680,6430,6474,5450,4930,5190,5160,0,5150,0,0,0,2017-04-24,32861000,5162,1,0,0,0,0,0,0,0,0,5170,1,0,0,0,0,0,0,0,0
244,2017-04-24,09:07:43,0,SF705,XZCE,5170,5090,5186,746,19153380,6430,6474,5450,4930,5190,5160,0,5150,0,0,0,2017-04-24,32863000,5162,1,0,0,0,0,0,0,0,0,5172,2,0,0,0,0,0,0,0,0
245,2017-04-24,09:07:44,0,SF705,XZCE,5170,5090,5186,746,19153380,6430,6474,5450,4930,5190,5160,0,5150,0,0,0,2017-04-24,32864000,5162,1,0,0,0,0,0,0,0,0,5170,1,0,0,0,0,0,0,0,0
246,2017-04-24,09:07:45,0,SF705,XZCE,5170,5090,5186,746,19153380,6430,6474,5450,4930,5190,5160,0,5150,0,0,0,2017-04-24,32865000,5164,2,0,0,0,0,0,0,0,0,5170,1,0,0,0,0,0,0,0,0
247,2017-04-24,09:07:48,0,SF705,XZCE,5170,5090,5186,746,19153380,6430,6474,5450,4930,5190,5160,0,5150,0,0,0,2017-04-24,32868000,5166,2,0,0,0,0,0,0,0,0,5170,1,0,0,0,0,0,0,0,0
248,2017-04-24,09:07:50,0,SF705,XZCE,5170,5090,5186,746,19153380,6430,6474,5450,4930,5190,5160,0,5150,0,0,0,2017-04-24,32870000,5166,2,0,0,0,0,0,0,0,0,5170,2,0,0,0,0,0,0,0,0
249,2017-04-24,09:07:50,0,SF705,XZCE,5176,5090,5186,756,19412180,6434,6474,5450,4930,5190,5160,0,5150,0,0,0,2017-04-24,32870000,5166,2,0,0,0,0,0,0,0,0,5178,1,0,0,0,0,0,0,0,0
250,2017-04-24,09:07:53,0,SF705,XZCE,5166,5090,5186,758,19463840,6436,6474,5450,4930,5190,5160,0,5150,0,0,0,2017-04-24,32873000,5166,1,0,0,0,0,0,0,0,0,5178,1,0,0,0,0,0,0,0,0
251,2017-04-24,09:07:54,0,SF705,XZCE,5176,5090,5186,764,19619120,6430,6474,5450,4930,5190,5160,0,5150,0,0,0,2017-04-24,32874000,5164,2,0,0,0,0,0,0,0,0,5176,2,0,0,0,0,0,0,0,0
252,2017-04-24,09:07:56,0,SF705,XZCE,5178,5090,5186,770,19774460,6436,6474,5450,4930,5190,5160,0,5150,0,0,0,2017-04-24,32876000,5164,2,0,0,0,0,0,0,0,0,5180,1,0,0,0,0,0,0,0,0
253,2017-04-24,09:07:56,0,SF705,XZCE,5178,5090,5186,770,19774460,6436,6474,5450,4930,5190,5160,0,5150,0,0,0,2017-04-24,32876000,5176,3,0,0,0,0,0,0,0,0,5180,1,0,0,0,0,0,0,0,0
254,2017-04-24,09:07:57,0,SF705,XZCE,5178,5090,5186,770,19774460,6436,6474,5450,4930,5190,5160,0,5150,0,0,0,2017-04-24,32877000,5176,3,0,0,0,0,0,0,0,0,5178,1,0,0,0,0,0,0,0,0
255,2017-04-24,09:07:58,0,SF705,XZCE,5176,5090,5186,776,19929740,6430,6474,5450,4930,5190,5160,0,5150,0,0,0,2017-04-24,32878000,5164,2,0,0,0,0,0,0,0,0,5178,2,0,0,0,0,0,0,0,0
256,2017-04-24,09:08:00,0,SF705,XZCE,5180,5090,5186,782,20085140,6432,6474,5450,4930,5190,5160,0,5150,0,0,0,2017-04-24,32880000,5180,2,0,0,0,0,0,0,0,0,5184,1,0,0,0,0,0,0,0,0
257,2017-04-24,09:08:00,0,SF705,XZCE,5180,5090,5186,784,20136940,6434,6474,5450,4930,5190,5160,0,5150,0,0,0,2017-04-24,32880000,5180,1,0,0,0,0,0,0,0,0,5184,1,0,0,0,0,0,0,0,0
258,2017-04-24,09:08:04,0,SF705,XZCE,5158,5090,5186,802,20601160,6436,6474,5450,4930,5190,5160,0,5150,0,0,0,2017-04-24,32884000,5138,2,0,0,0,0,0,0,0,0,5156,7,0,0,0,0,0,0,0,0
259,2017-04-24,09:08:05,0,SF705,XZCE,5158,5090,5186,802,20601160,6436,6474,5450,4930,5190,5160,0,5150,0,0,0,2017-04-24,32885000,5176,3,0,0,0,0,0,0,0,0,5184,1,0,0,0,0,0,0,0,0
260,2017-04-24,09:08:06,0,SF705,XZCE,5162,5090,5186,808,20756020,6442,6474,5450,4930,5190,5160,0,5150,0,0,0,2017-04-24,32886000,5138,2,0,0,0,0,0,0,0,0,5162,5,0,0,0,0,0,0,0,0
261,2017-04-24,09:08:08,0,SF705,XZCE,5162,5090,5186,808,20756020,6442,6474,5450,4930,5190,5160,0,5150,0,0,0,2017-04-24,32888000,5140,2,0,0,0,0,0,0,0,0,5162,5,0,0,0,0,0,0,0,0
262,2017-04-24,09:08:10,0,SF705,XZCE,5162,5090,5186,808,20756020,6442,6474,5450,4930,5190,5160,0,5150,0,0,0,2017-04-24,32890000,5144,2,0,0,0,0,0,0,0,0,5162,5,0,0,0,0,0,0,0,0
263,2017-04-24,09:08:11,0,SF705,XZCE,5162,5090,5186,808,20756020,6442,6474,5450,4930,5190,5160,0,5150,0,0,0,2017-04-24,32891000,5156,2,0,0,0,0,0,0,0,0,5162,5,0,0,0,0,0,0,0,0
264,2017-04-24,09:08:14,0,SF705,XZCE,5162,5090,5186,818,21014120,6452,6474,5450,4930,5190,5160,0,5150,0,0,0,2017-04-24,32894000,5162,2,0,0,0,0,0,0,0,0,5184,2,0,0,0,0,0,0,0,0
265,2017-04-24,09:08:15,0,SF705,XZCE,5162,5090,5186,818,21014120,6452,6474,5450,4930,5190,5160,0,5150,0,0,0,2017-04-24,32895000,5162,2,0,0,0,0,0,0,0,0,5182,1,0,0,0,0,0,0,0,0
266,2017-04-24,09:08:17,0,SF705,XZCE,5162,5090,5186,820,21065740,6454,6474,5450,4930,5190,5160,0,5150,0,0,0,2017-04-24,32897000,5162,1,0,0,0,0,0,0,0,0,5182,1,0,0,0,0,0,0,0,0
267,2017-04-24,09:08:18,0,SF705,XZCE,5162,5090,5186,820,21065740,6454,6474,5450,4930,5190,5160,0,5150,0,0,0,2017-04-24,32898000,5164,2,0,0,0,0,0,0,0,0,5182,1,0,0,0,0,0,0,0,0
268,2017-04-24,09:08:18,0,SF705,XZCE,5162,5090,5186,820,21065740,6454,6474,5450,4930,5190,5160,0,5150,0,0,0,2017-04-24,32898000,5164,2,0,0,0,0,0,0,0,0,5176,1,0,0,0,0,0,0,0,0
269,2017-04-24,09:08:24,0,SF705,XZCE,5162,5090,5186,820,21065740,6454,6474,5450,4930,5190,5160,0,5150,0,0,0,2017-04-24,32904000,5166,1,0,0,0,0,0,0,0,0,5176,1,0,0,0,0,0,0,0,0
270,2017-04-24,09:08:25,0,SF705,XZCE,5186,5090,5186,830,21325040,6462,6474,5450,4930,5190,5160,0,5150,0,0,0,2017-04-24,32905000,5166,1,0,0,0,0,0,0,0,0,5186,1,0,0,0,0,0,0,0,0
271,2017-04-24,09:08:26,0,SF705,XZCE,5162,5090,5186,840,21583140,6464,6474,5450,4930,5190,5160,0,5150,0,0,0,2017-04-24,32906000,5176,3,0,0,0,0,0,0,0,0,5186,1,0,0,0,0,0,0,0,0
272,2017-04-24,09:08:29,0,SF705,XZCE,5162,5090,5186,840,21583140,6464,6474,5450,4930,5190,5160,0,5150,0,0,0,2017-04-24,32909000,5176,3,0,0,0,0,0,0,0,0,5184,2,0,0,0,0,0,0,0,0
273,2017-04-24,09:08:30,0,SF705,XZCE,5162,5090,5186,840,21583140,6464,6474,5450,4930,5190,5160,0,5150,0,0,0,2017-04-24,32910000,5176,3,0,0,0,0,0,0,0,0,5184,3,0,0,0,0,0,0,0,0
274,2017-04-24,09:08:31,0,SF705,XZCE,5184,5090,5186,842,21634980,6466,6474,5450,4930,5190,5160,0,5150,0,0,0,2017-04-24,32911000,5176,3,0,0,0,0,0,0,0,0,5184,1,0,0,0,0,0,0,0,0
275,2017-04-24,09:08:33,0,SF705,XZCE,5184,5090,5186,842,21634980,6466,6474,5450,4930,5190,5160,0,5150,0,0,0,2017-04-24,32913000,5178,1,0,0,0,0,0,0,0,0,5184,1,0,0,0,0,0,0,0,0
276,2017-04-24,09:08:33,0,SF705,XZCE,5176,5090,5186,848,21790260,6466,6474,5450,4930,5190,5160,0,5150,0,0,0,2017-04-24,32913000,5176,1,0,0,0,0,0,0,0,0,5184,1,0,0,0,0,0,0,0,0
277,2017-04-24,09:08:34,0,SF705,XZCE,5176,5090,5186,848,21790260,6466,6474,5450,4930,5190,5160,0,5150,0,0,0,2017-04-24,32914000,5176,1,0,0,0,0,0,0,0,0,5184,6,0,0,0,0,0,0,0,0
278,2017-04-24,09:08:35,0,SF705,XZCE,5176,5090,5186,848,21790260,6466,6474,5450,4930,5190,5160,0,5150,0,0,0,2017-04-24,32915000,5176,1,0,0,0,0,0,0,0,0,5182,1,0,0,0,0,0,0,0,0
279,2017-04-24,09:08:36,0,SF705,XZCE,5176,5090,5186,848,21790260,6466,6474,5450,4930,5190,5160,0,5150,0,0,0,2017-04-24,32916000,5176,1,0,0,0,0,0,0,0,0,5180,4,0,0,0,0,0,0,0,0
280,2017-04-24,09:08:37,0,SF705,XZCE,5176,5090,5186,850,21842020,6464,6474,5450,4930,5190,5160,0,5150,0,0,0,2017-04-24,32917000,5170,1,0,0,0,0,0,0,0,0,5180,4,0,0,0,0,0,0,0,0
281,2017-04-24,09:08:39,0,SF705,XZCE,5176,5090,5186,850,21842020,6464,6474,5450,4930,5190,5160,0,5150,0,0,0,2017-04-24,32919000,5170,1,0,0,0,0,0,0,0,0,5180,5,0,0,0,0,0,0,0,0
282,2017-04-24,09:08:41,0,SF705,XZCE,5176,5090,5186,850,21842020,6464,6474,5450,4930,5190,5160,0,5150,0,0,0,2017-04-24,32921000,5170,1,0,0,0,0,0,0,0,0,5176,5,0,0,0,0,0,0,0,0
283,2017-04-24,09:08:44,0,SF705,XZCE,5176,5090,5186,860,22100820,6464,6474,5450,4930,5190,5160,0,5150,0,0,0,2017-04-24,32924000,5170,1,0,0,0,0,0,0,0,0,5180,4,0,0,0,0,0,0,0,0
284,2017-04-24,09:08:45,0,SF705,XZCE,5170,5090,5186,870,22359320,6472,6474,5450,4930,5190,5160,0,5150,0,0,0,2017-04-24,32925000,5170,8,0,0,0,0,0,0,0,0,5180,4,0,0,0,0,0,0,0,0
285,2017-04-24,09:08:46,0,SF705,XZCE,5170,5090,5186,872,22411020,6472,6474,5450,4930,5190,5160,0,5150,0,0,0,2017-04-24,32926000,5170,3,0,0,0,0,0,0,0,0,5180,4,0,0,0,0,0,0,0,0
286,2017-04-24,09:08:46,0,SF705,XZCE,5170,5090,5186,874,22462720,6474,6474,5450,4930,5190,5160,0,5150,0,0,0,2017-04-24,32926000,5170,2,0,0,0,0,0,0,0,0,5180,4,0,0,0,0,0,0,0,0
287,2017-04-24,09:08:47,0,SF705,XZCE,5170,5090,5186,876,22514420,6476,6474,5450,4930,5190,5160,0,5150,0,0,0,2017-04-24,32927000,5170,1,0,0,0,0,0,0,0,0,5180,4,0,0,0,0,0,0,0,0
288,2017-04-24,09:08:48,0,SF705,XZCE,5170,5090,5186,876,22514420,6476,6474,5450,4930,5190,5160,0,5150,0,0,0,2017-04-24,32928000,5170,1,0,0,0,0,0,0,0,0,5178,1,0,0,0,0,0,0,0,0
289,2017-04-24,09:08:49,0,SF705,XZCE,5170,5090,5186,876,22514420,6476,6474,5450,4930,5190,5160,0,5150,0,0,0,2017-04-24,32929000,5170,1,0,0,0,0,0,0,0,0,5178,3,0,0,0,0,0,0,0,0
290,2017-04-24,09:08:50,0,SF705,XZCE,5170,5090,5186,876,22514420,6476,6474,5450,4930,5190,5160,0,5150,0,0,0,2017-04-24,32930000,5170,4,0,0,0,0,0,0,0,0,5178,3,0,0,0,0,0,0,0,0
291,2017-04-24,09:08:52,0,SF705,XZCE,5170,5090,5186,878,22566120,6478,6474,5450,4930,5190,5160,0,5150,0,0,0,2017-04-24,32932000,5170,3,0,0,0,0,0,0,0,0,5178,3,0,0,0,0,0,0,0,0
292,2017-04-24,09:08:53,0,SF705,XZCE,5170,5090,5186,892,22928020,6484,6474,5450,4930,5190,5160,0,5150,0,0,0,2017-04-24,32933000,5170,1,0,0,0,0,0,0,0,0,5180,2,0,0,0,0,0,0,0,0
293,2017-04-24,09:08:55,0,SF705,XZCE,5170,5090,5186,892,22928020,6484,6474,5450,4930,5190,5160,0,5150,0,0,0,2017-04-24,32935000,5170,1,0,0,0,0,0,0,0,0,5178,1,0,0,0,0,0,0,0,0
294,2017-04-24,09:08:56,0,SF705,XZCE,5170,5090,5186,892,22928020,6484,6474,5450,4930,5190,5160,0,5150,0,0,0,2017-04-24,32936000,5172,2,0,0,0,0,0,0,0,0,5178,1,0,0,0,0,0,0,0,0
295,2017-04-24,09:08:58,0,SF705,XZCE,5170,5090,5186,892,22928020,6484,6474,5450,4930,5190,5160,0,5150,0,0,0,2017-04-24,32938000,5172,3,0,0,0,0,0,0,0,0,5178,1,0,0,0,0,0,0,0,0
296,2017-04-24,09:09:03,0,SF705,XZCE,5170,5090,5186,892,22928020,6484,6474,5450,4930,5190,5160,0,5150,0,0,0,2017-04-24,32943000,5172,3,0,0,0,0,0,0,0,0,5178,2,0,0,0,0,0,0,0,0
297,2017-04-24,09:09:05,0,SF705,XZCE,5184,5090,5186,908,23342740,6490,6474,5450,4930,5190,5160,0,5150,0,0,0,2017-04-24,32945000,5172,3,0,0,0,0,0,0,0,0,5184,4,0,0,0,0,0,0,0,0
298,2017-04-24,09:09:06,0,SF705,XZCE,5184,5090,5186,908,23342740,6490,6474,5450,4930,5190,5160,0,5150,0,0,0,2017-04-24,32946000,5176,1,0,0,0,0,0,0,0,0,5184,4,0,0,0,0,0,0,0,0
299,2017-04-24,09:09:07,0,SF705,XZCE,5184,5090,5186,908,23342740,6490,6474,5450,4930,5190,5160,0,5150,0,0,0,2017-04-24,32947000,5178,1,0,0,0,0,0,0,0,0,5184,4,0,0,0,0,0,0,0,0
300,2017-04-24,09:09:08,0,SF705,XZCE,5184,5090,5186,908,23342740,6490,6474,5450,4930,5190,5160,0,5150,0,0,0,2017-04-24,32948000,5176,1,0,0,0,0,0,0,0,0,5184,4,0,0,0,0,0,0,0,0
301,2017-04-24,09:09:09,0,SF705,XZCE,5184,5090,5186,908,23342740,6490,6474,5450,4930,5190,5160,0,5150,0,0,0,2017-04-24,32949000,5178,1,0,0,0,0,0,0,0,0,5184,4,0,0,0,0,0,0,0,0
302,2017-04-24,09:09:17,0,SF705,XZCE,5186,5090,5186,918,23602040,6498,6474,5450,4930,5190,5160,0,5150,0,0,0,2017-04-24,32957000,5178,1,0,0,0,0,0,0,0,0,5188,4,0,0,0,0,0,0,0,0
303,2017-04-24,09:09:18,0,SF705,XZCE,5186,5090,5186,918,23602040,6498,6474,5450,4930,5190,5160,0,5150,0,0,0,2017-04-24,32958000,5178,2,0,0,0,0,0,0,0,0,5188,4,0,0,0,0,0,0,0,0
304,2017-04-24,09:09:19,0,SF705,XZCE,5178,5090,5186,922,23705600,6494,6474,5450,4930,5190,5160,0,5150,0,0,0,2017-04-24,32959000,5176,1,0,0,0,0,0,0,0,0,5188,4,0,0,0,0,0,0,0,0
305,2017-04-24,09:09:20,0,SF705,XZCE,5178,5090,5186,922,23705600,6494,6474,5450,4930,5190,5160,0,5150,0,0,0,2017-04-24,32960000,5180,1,0,0,0,0,0,0,0,0,5188,4,0,0,0,0,0,0,0,0
306,2017-04-24,09:09:21,0,SF705,XZCE,5188,5090,5188,926,23809360,6490,6474,5450,4930,5190,5160,0,5150,0,0,0,2017-04-24,32961000,5180,1,0,0,0,0,0,0,0,0,5188,2,0,0,0,0,0,0,0,0
307,2017-04-24,09:09:21,0,SF705,XZCE,5180,5090,5188,928,23861160,6492,6474,5450,4930,5190,5160,0,5150,0,0,0,2017-04-24,32961000,5176,1,0,0,0,0,0,0,0,0,5186,1,0,0,0,0,0,0,0,0
308,2017-04-24,09:09:22,0,SF705,XZCE,5180,5090,5188,928,23861160,6492,6474,5450,4930,5190,5160,0,5150,0,0,0,2017-04-24,32962000,5180,1,0,0,0,0,0,0,0,0,5186,1,0,0,0,0,0,0,0,0
309,2017-04-24,09:09:25,0,SF705,XZCE,5180,5090,5188,928,23861160,6492,6474,5450,4930,5190,5160,0,5150,0,0,0,2017-04-24,32965000,5180,1,0,0,0,0,0,0,0,0,5184,2,0,0,0,0,0,0,0,0
310,2017-04-24,09:09:26,0,SF705,XZCE,5188,5090,5188,938,24120560,6498,6474,5450,4930,5190,5160,0,5150,0,0,0,2017-04-24,32966000,5180,1,0,0,0,0,0,0,0,0,5190,8,0,0,0,0,0,0,0,0
311,2017-04-24,09:09:31,0,SF705,XZCE,5188,5090,5188,938,24120560,6498,6474,5450,4930,5190,5160,0,5150,0,0,0,2017-04-24,32971000,5182,1,0,0,0,0,0,0,0,0,5190,8,0,0,0,0,0,0,0,0
312,2017-04-24,09:09:36,0,SF705,XZCE,5182,5090,5188,940,24172380,6498,6474,5450,4930,5190,5160,0,5150,0,0,0,2017-04-24,32976000,5180,1,0,0,0,0,0,0,0,0,5190,8,0,0,0,0,0,0,0,0
313,2017-04-24,09:09:37,0,SF705,XZCE,5182,5090,5188,940,24172380,6498,6474,5450,4930,5190,5160,0,5150,0,0,0,2017-04-24,32977000,5180,1,0,0,0,0,0,0,0,0,5188,1,0,0,0,0,0,0,0,0
314,2017-04-24,09:09:42,0,SF705,XZCE,5182,5090,5188,940,24172380,6498,6474,5450,4930,5190,5160,0,5150,0,0,0,2017-04-24,32982000,5180,1,0,0,0,0,0,0,0,0,5188,2,0,0,0,0,0,0,0,0
315,2017-04-24,09:09:43,0,SF705,XZCE,5182,5090,5188,940,24172380,6498,6474,5450,4930,5190,5160,0,5150,0,0,0,2017-04-24,32983000,5180,3,0,0,0,0,0,0,0,0,5188,2,0,0,0,0,0,0,0,0
316,2017-04-24,09:09:45,0,SF705,XZCE,5190,5090,5190,960,24691380,6512,6474,5450,4930,5190,5160,0,5150,0,0,0,2017-04-24,32985000,5180,3,0,0,0,0,0,0,0,0,5196,10,0,0,0,0,0,0,0,0
317,2017-04-24,09:09:46,0,SF705,XZCE,5180,5090,5190,962,24743180,6512,6474,5450,4930,5190,5160,0,5150,0,0,0,2017-04-24,32986000,5180,2,0,0,0,0,0,0,0,0,5196,10,0,0,0,0,0,0,0,0
318,2017-04-24,09:09:48,0,SF705,XZCE,5180,5090,5190,962,24743180,6512,6474,5450,4930,5190,5160,0,5150,0,0,0,2017-04-24,32988000,5182,1,0,0,0,0,0,0,0,0,5196,10,0,0,0,0,0,0,0,0
319,2017-04-24,09:09:49,0,SF705,XZCE,5180,5090,5190,962,24743180,6512,6474,5450,4930,5190,5160,0,5150,0,0,0,2017-04-24,32989000,5182,2,0,0,0,0,0,0,0,0,5194,1,0,0,0,0,0,0,0,0
320,2017-04-24,09:09:50,0,SF705,XZCE,5182,5090,5190,964,24795000,6510,6474,5450,4930,5190,5160,0,5150,0,0,0,2017-04-24,32990000,5182,1,0,0,0,0,0,0,0,0,5194,2,0,0,0,0,0,0,0,0
321,2017-04-24,09:09:51,0,SF705,XZCE,5182,5090,5190,964,24795000,6510,6474,5450,4930,5190,5160,0,5150,0,0,0,2017-04-24,32991000,5182,1,0,0,0,0,0,0,0,0,5194,3,0,0,0,0,0,0,0,0
322,2017-04-24,09:09:54,0,SF705,XZCE,5182,5090,5190,964,24795000,6510,6474,5450,4930,5190,5160,0,5150,0,0,0,2017-04-24,32994000,5182,1,0,0,0,0,0,0,0,0,5192,1,0,0,0,0,0,0,0,0
323,2017-04-24,09:09:57,0,SF705,XZCE,5182,5090,5190,964,24795000,6510,6474,5450,4930,5190,5160,0,5150,0,0,0,2017-04-24,32997000,5182,1,0,0,0,0,0,0,0,0,5192,2,0,0,0,0,0,0,0,0
324,2017-04-24,09:09:59,0,SF705,XZCE,5196,5090,5196,984,25314600,6530,6474,5450,4930,5190,5160,0,5150,0,0,0,2017-04-24,32999000,5182,1,0,0,0,0,0,0,0,0,5198,28,0,0,0,0,0,0,0,0
325,2017-04-24,09:09:59,0,SF705,XZCE,5180,5090,5196,990,25470000,6528,6474,5450,4930,5190,5160,0,5150,0,0,0,2017-04-24,32999000,5176,1,0,0,0,0,0,0,0,0,5198,28,0,0,0,0,0,0,0,0
326,2017-04-24,09:10:02,0,SF705,XZCE,5180,5090,5196,990,25470000,6528,6474,5450,4930,5190,5160,0,5150,0,0,0,2017-04-24,33002000,5178,1,0,0,0,0,0,0,0,0,5198,28,0,0,0,0,0,0,0,0
327,2017-04-24,09:10:04,0,SF705,XZCE,5180,5090,5196,990,25470000,6528,6474,5450,4930,5190,5160,0,5150,0,0,0,2017-04-24,33004000,5178,2,0,0,0,0,0,0,0,0,5196,1,0,0,0,0,0,0,0,0
328,2017-04-24,09:10:05,0,SF705,XZCE,5180,5090,5196,990,25470000,6528,6474,5450,4930,5190,5160,0,5150,0,0,0,2017-04-24,33005000,5178,2,0,0,0,0,0,0,0,0,5196,4,0,0,0,0,0,0,0,0
329,2017-04-24,09:10:05,0,SF705,XZCE,5180,5090,5196,990,25470000,6528,6474,5450,4930,5190,5160,0,5150,0,0,0,2017-04-24,33005000,5178,2,0,0,0,0,0,0,0,0,5194,1,0,0,0,0,0,0,0,0
330,2017-04-24,09:10:06,0,SF705,XZCE,5180,5090,5196,990,25470000,6528,6474,5450,4930,5190,5160,0,5150,0,0,0,2017-04-24,33006000,5178,2,0,0,0,0,0,0,0,0,5194,3,0,0,0,0,0,0,0,0
331,2017-04-24,09:10:07,0,SF705,XZCE,5180,5090,5196,990,25470000,6528,6474,5450,4930,5190,5160,0,5150,0,0,0,2017-04-24,33007000,5180,2,0,0,0,0,0,0,0,0,5194,3,0,0,0,0,0,0,0,0
332,2017-04-24,09:10:08,0,SF705,XZCE,5180,5090,5196,990,25470000,6528,6474,5450,4930,5190,5160,0,5150,0,0,0,2017-04-24,33008000,5180,3,0,0,0,0,0,0,0,0,5194,3,0,0,0,0,0,0,0,0
333,2017-04-24,09:10:08,0,SF705,XZCE,5196,5090,5196,1010,25989600,6548,6474,5450,4930,5190,5160,0,5150,0,0,0,2017-04-24,33008000,5180,3,0,0,0,0,0,0,0,0,5198,28,0,0,0,0,0,0,0,0
334,2017-04-24,09:10:09,0,SF705,XZCE,5196,5090,5196,1010,25989600,6548,6474,5450,4930,5190,5160,0,5150,0,0,0,2017-04-24,33009000,5182,1,0,0,0,0,0,0,0,0,5198,28,0,0,0,0,0,0,0,0
335,2017-04-24,09:10:10,0,SF705,XZCE,5196,5090,5196,1010,25989600,6548,6474,5450,4930,5190,5160,0,5150,0,0,0,2017-04-24,33010000,5182,3,0,0,0,0,0,0,0,0,5198,28,0,0,0,0,0,0,0,0
336,2017-04-24,09:10:11,0,SF705,XZCE,5196,5090,5196,1010,25989600,6548,6474,5450,4930,5190,5160,0,5150,0,0,0,2017-04-24,33011000,5182,3,0,0,0,0,0,0,0,0,5196,1,0,0,0,0,0,0,0,0
337,2017-04-24,09:10:12,0,SF705,XZCE,5196,5090,5196,1010,25989600,6548,6474,5450,4930,5190,5160,0,5150,0,0,0,2017-04-24,33012000,5184,2,0,0,0,0,0,0,0,0,5196,1,0,0,0,0,0,0,0,0
338,2017-04-24,09:10:13,0,SF705,XZCE,5196,5090,5196,1010,25989600,6548,6474,5450,4930,5190,5160,0,5150,0,0,0,2017-04-24,33013000,5184,3,0,0,0,0,0,0,0,0,5196,1,0,0,0,0,0,0,0,0
339,2017-04-24,09:10:14,0,SF705,XZCE,5196,5090,5196,1010,25989600,6548,6474,5450,4930,5190,5160,0,5150,0,0,0,2017-04-24,33014000,5186,1,0,0,0,0,0,0,0,0,5196,1,0,0,0,0,0,0,0,0
340,2017-04-24,09:10:16,0,SF705,XZCE,5186,5090,5196,1012,26041460,6546,6474,5450,4930,5190,5160,0,5150,0,0,0,2017-04-24,33016000,5184,4,0,0,0,0,0,0,0,0,5196,1,0,0,0,0,0,0,0,0
341,2017-04-24,09:10:16,0,SF705,XZCE,5186,5090,5196,1012,26041460,6546,6474,5450,4930,5190,5160,0,5150,0,0,0,2017-04-24,33016000,5184,4,0,0,0,0,0,0,0,0,5196,6,0,0,0,0,0,0,0,0
342,2017-04-24,09:10:17,0,SF705,XZCE,5186,5090,5196,1012,26041460,6546,6474,5450,4930,5190,5160,0,5150,0,0,0,2017-04-24,33017000,5188,1,0,0,0,0,0,0,0,0,5196,6,0,0,0,0,0,0,0,0
343,2017-04-24,09:10:18,0,SF705,XZCE,5186,5090,5196,1012,26041460,6546,6474,5450,4930,5190,5160,0,5150,0,0,0,2017-04-24,33018000,5190,1,0,0,0,0,0,0,0,0,5196,6,0,0,0,0,0,0,0,0
344,2017-04-24,09:10:19,0,SF705,XZCE,5186,5090,5196,1012,26041460,6546,6474,5450,4930,5190,5160,0,5150,0,0,0,2017-04-24,33019000,5190,1,0,0,0,0,0,0,0,0,5196,7,0,0,0,0,0,0,0,0
345,2017-04-24,09:10:21,0,SF705,XZCE,5190,5090,5196,1014,26093360,6546,6474,5450,4930,5190,5160,0,5150,0,0,0,2017-04-24,33021000,5186,2,0,0,0,0,0,0,0,0,5190,1,0,0,0,0,0,0,0,0
346,2017-04-24,09:10:22,0,SF705,XZCE,5198,5090,5198,1034,26613160,6554,6474,5450,4930,5190,5160,0,5150,0,0,0,2017-04-24,33022000,5186,2,0,0,0,0,0,0,0,0,5198,26,0,0,0,0,0,0,0,0
347,2017-04-24,09:10:23,0,SF705,XZCE,5198,5090,5198,1038,26717120,6552,6474,5450,4930,5190,5160,0,5150,0,0,0,2017-04-24,33023000,5186,1,0,0,0,0,0,0,0,0,5198,25,0,0,0,0,0,0,0,0
348,2017-04-24,09:10:24,0,SF705,XZCE,5198,5090,5198,1038,26717120,6552,6474,5450,4930,5190,5160,0,5150,0,0,0,2017-04-24,33024000,5186,1,0,0,0,0,0,0,0,0,5196,1,0,0,0,0,0,0,0,0
349,2017-04-24,09:10:25,0,SF705,XZCE,5198,5090,5198,1038,26717120,6552,6474,5450,4930,5190,5160,0,5150,0,0,0,2017-04-24,33025000,5186,4,0,0,0,0,0,0,0,0,5196,1,0,0,0,0,0,0,0,0
350,2017-04-24,09:10:26,0,SF705,XZCE,5198,5090,5198,1038,26717120,6552,6474,5450,4930,5190,5160,0,5150,0,0,0,2017-04-24,33026000,5186,4,0,0,0,0,0,0,0,0,5196,2,0,0,0,0,0,0,0,0
351,2017-04-24,09:10:27,0,SF705,XZCE,5198,5090,5198,1038,26717120,6552,6474,5450,4930,5190,5160,0,5150,0,0,0,2017-04-24,33027000,5188,4,0,0,0,0,0,0,0,0,5196,2,0,0,0,0,0,0,0,0
352,2017-04-24,09:10:29,0,SF705,XZCE,5190,5090,5198,1040,26769020,6550,6474,5450,4930,5190,5160,0,5150,0,0,0,2017-04-24,33029000,5190,1,0,0,0,0,0,0,0,0,5196,2,0,0,0,0,0,0,0,0
353,2017-04-24,09:10:34,0,SF705,XZCE,5190,5090,5198,1040,26769020,6550,6474,5450,4930,5190,5160,0,5150,0,0,0,2017-04-24,33034000,5188,4,0,0,0,0,0,0,0,0,5196,2,0,0,0,0,0,0,0,0
354,2017-04-24,09:10:35,0,SF705,XZCE,5190,5090,5198,1040,26769020,6550,6474,5450,4930,5190,5160,0,5150,0,0,0,2017-04-24,33035000,5190,1,0,0,0,0,0,0,0,0,5196,2,0,0,0,0,0,0,0,0
355,2017-04-24,09:10:37,0,SF705,XZCE,5196,5090,5198,1042,26820980,6552,6474,5450,4930,5190,5160,0,5150,0,0,0,2017-04-24,33037000,5190,1,0,0,0,0,0,0,0,0,5196,1,0,0,0,0,0,0,0,0
356,2017-04-24,09:10:39,0,SF705,XZCE,5198,5090,5198,1066,27444740,6556,6474,5450,4930,5190,5160,0,5150,0,0,0,2017-04-24,33039000,5190,2,0,0,0,0,0,0,0,0,5198,16,0,0,0,0,0,0,0,0
357,2017-04-24,09:10:40,0,SF705,XZCE,5198,5090,5198,1066,27444740,6556,6474,5450,4930,5190,5160,0,5150,0,0,0,2017-04-24,33040000,5192,1,0,0,0,0,0,0,0,0,5198,16,0,0,0,0,0,0,0,0
358,2017-04-24,09:10:42,0,SF705,XZCE,5192,5090,5198,1068,27496660,6556,6474,5450,4930,5190,5160,0,5150,0,0,0,2017-04-24,33042000,5190,1,0,0,0,0,0,0,0,0,5198,16,0,0,0,0,0,0,0,0
359,2017-04-24,09:10:43,0,SF705,XZCE,5192,5090,5198,1068,27496660,6556,6474,5450,4930,5190,5160,0,5150,0,0,0,2017-04-24,33043000,5190,1,0,0,0,0,0,0,0,0,5196,1,0,0,0,0,0,0,0,0
360,2017-04-24,09:10:44,0,SF705,XZCE,5190,5090,5198,1070,27548560,6554,6474,5450,4930,5190,5160,0,5150,0,0,0,2017-04-24,33044000,5188,3,0,0,0,0,0,0,0,0,5196,1,0,0,0,0,0,0,0,0
361,2017-04-24,09:10:44,0,SF705,XZCE,5192,5090,5198,1072,27600480,6552,6474,5450,4930,5190,5160,0,5150,0,0,0,2017-04-24,33044000,5188,3,0,0,0,0,0,0,0,0,5196,1,0,0,0,0,0,0,0,0
362,2017-04-24,09:10:45,0,SF705,XZCE,5196,5090,5198,1074,27652440,6554,6474,5450,4930,5190,5160,0,5150,0,0,0,2017-04-24,33045000,5188,3,0,0,0,0,0,0,0,0,5198,16,0,0,0,0,0,0,0,0
363,2017-04-24,09:10:46,0,SF705,XZCE,5190,5090,5198,1076,27704340,6554,6474,5450,4930,5190,5160,0,5150,0,0,0,2017-04-24,33046000,5188,3,0,0,0,0,0,0,0,0,5198,16,0,0,0,0,0,0,0,0
364,2017-04-24,09:10:47,0,SF705,XZCE,5190,5090,5198,1076,27704340,6554,6474,5450,4930,5190,5160,0,5150,0,0,0,2017-04-24,33047000,5188,1,0,0,0,0,0,0,0,0,5198,16,0,0,0,0,0,0,0,0
365,2017-04-24,09:10:47,0,SF705,XZCE,5190,5090,5198,1076,27704340,6554,6474,5450,4930,5190,5160,0,5150,0,0,0,2017-04-24,33047000,5190,1,0,0,0,0,0,0,0,0,5198,16,0,0,0,0,0,0,0,0
366,2017-04-24,09:10:48,0,SF705,XZCE,5190,5090,5198,1076,27704340,6554,6474,5450,4930,5190,5160,0,5150,0,0,0,2017-04-24,33048000,5190,3,0,0,0,0,0,0,0,0,5198,16,0,0,0,0,0,0,0,0
367,2017-04-24,09:10:50,0,SF705,XZCE,5198,5090,5198,1078,27756320,6552,6474,5450,4930,5190,5160,0,5150,0,0,0,2017-04-24,33050000,5190,3,0,0,0,0,0,0,0,0,5198,15,0,0,0,0,0,0,0,0
368,2017-04-24,09:10:50,0,SF705,XZCE,5198,5090,5198,1078,27756320,6552,6474,5450,4930,5190,5160,0,5150,0,0,0,2017-04-24,33050000,5190,4,0,0,0,0,0,0,0,0,5198,15,0,0,0,0,0,0,0,0
369,2017-04-24,09:10:52,0,SF705,XZCE,5198,5090,5198,1080,27808300,6552,6474,5450,4930,5190,5160,0,5150,0,0,0,2017-04-24,33052000,5190,4,0,0,0,0,0,0,0,0,5198,14,0,0,0,0,0,0,0,0
370,2017-04-24,09:10:52,0,SF705,XZCE,5198,5090,5198,1080,27808300,6552,6474,5450,4930,5190,5160,0,5150,0,0,0,2017-04-24,33052000,5192,1,0,0,0,0,0,0,0,0,5198,14,0,0,0,0,0,0,0,0
371,2017-04-24,09:10:53,0,SF705,XZCE,5198,5090,5198,1100,28328100,6552,6474,5450,4930,5190,5160,0,5150,0,0,0,2017-04-24,33053000,5192,1,0,0,0,0,0,0,0,0,5198,4,0,0,0,0,0,0,0,0
372,2017-04-24,09:10:54,0,SF705,XZCE,5198,5090,5198,1100,28328100,6552,6474,5450,4930,5190,5160,0,5150,0,0,0,2017-04-24,33054000,5192,1,0,0,0,0,0,0,0,0,5198,3,0,0,0,0,0,0,0,0
373,2017-04-24,09:10:54,0,SF705,XZCE,5200,5090,5200,1108,28536100,6548,6474,5450,4930,5190,5160,0,5150,0,0,0,2017-04-24,33054000,5192,1,0,0,0,0,0,0,0,0,5200,10,0,0,0,0,0,0,0,0
374,2017-04-24,09:10:55,0,SF705,XZCE,5200,5090,5200,1124,28952100,6544,6474,5450,4930,5190,5160,0,5150,0,0,0,2017-04-24,33055000,5192,1,0,0,0,0,0,0,0,0,5200,4,0,0,0,0,0,0,0,0
375,2017-04-24,09:10:55,0,SF705,XZCE,5200,5090,5200,1130,29108100,6540,6474,5450,4930,5190,5160,0,5150,0,0,0,2017-04-24,33055000,5192,1,0,0,0,0,0,0,0,0,5200,1,0,0,0,0,0,0,0,0
376,2017-04-24,09:10:56,0,SF705,XZCE,5200,5090,5200,1132,29160100,6538,6474,5450,4930,5190,5160,0,5150,0,0,0,2017-04-24,33056000,5202,2,0,0,0,0,0,0,0,0,5204,1,0,0,0,0,0,0,0,0
377,2017-04-24,09:10:56,0,SF705,XZCE,5204,5090,5204,1134,29212140,6536,6474,5450,4930,5190,5160,0,5150,0,0,0,2017-04-24,33056000,5202,2,0,0,0,0,0,0,0,0,5206,5,0,0,0,0,0,0,0,0
378,2017-04-24,09:10:58,0,SF705,XZCE,5206,5090,5206,1138,29316260,6536,6474,5450,4930,5190,5160,0,5150,0,0,0,2017-04-24,33058000,5202,2,0,0,0,0,0,0,0,0,5206,3,0,0,0,0,0,0,0,0
379,2017-04-24,09:10:58,0,SF705,XZCE,5206,5090,5206,1140,29368320,6538,6474,5450,4930,5190,5160,0,5150,0,0,0,2017-04-24,33058000,5200,2,0,0,0,0,0,0,0,0,5206,2,0,0,0,0,0,0,0,0
380,2017-04-24,09:11:04,0,SF705,XZCE,5202,5090,5206,1142,29420340,6536,6474,5450,4930,5190,5160,0,5150,0,0,0,2017-04-24,33064000,5200,2,0,0,0,0,0,0,0,0,5206,2,0,0,0,0,0,0,0,0
381,2017-04-24,09:11:04,0,SF705,XZCE,5206,5090,5206,1144,29472400,6536,6474,5450,4930,5190,5160,0,5150,0,0,0,2017-04-24,33064000,5200,2,0,0,0,0,0,0,0,0,5206,1,0,0,0,0,0,0,0,0
382,2017-04-24,09:11:05,0,SF705,XZCE,5210,5090,5216,1158,29837100,6530,6474,5450,4930,5190,5160,0,5150,0,0,0,2017-04-24,33065000,5206,14,0,0,0,0,0,0,0,0,5222,3,0,0,0,0,0,0,0,0
383,2017-04-24,09:11:06,0,SF705,XZCE,5210,5090,5216,1158,29837100,6530,6474,5450,4930,5190,5160,0,5150,0,0,0,2017-04-24,33066000,5206,17,0,0,0,0,0,0,0,0,5222,3,0,0,0,0,0,0,0,0
384,2017-04-24,09:11:08,0,SF705,XZCE,5210,5090,5216,1158,29837100,6530,6474,5450,4930,5190,5160,0,5150,0,0,0,2017-04-24,33068000,5212,2,0,0,0,0,0,0,0,0,5222,3,0,0,0,0,0,0,0,0
385,2017-04-24,09:11:09,0,SF705,XZCE,5210,5090,5216,1158,29837100,6530,6474,5450,4930,5190,5160,0,5150,0,0,0,2017-04-24,33069000,5212,2,0,0,0,0,0,0,0,0,5220,1,0,0,0,0,0,0,0,0
386,2017-04-24,09:11:11,0,SF705,XZCE,5206,5090,5216,1178,30357700,6526,6474,5450,4930,5190,5160,0,5150,0,0,0,2017-04-24,33071000,5206,9,0,0,0,0,0,0,0,0,5220,1,0,0,0,0,0,0,0,0
387,2017-04-24,09:11:13,0,SF705,XZCE,5206,5090,5216,1188,30618000,6526,6474,5450,4930,5190,5160,0,5150,0,0,0,2017-04-24,33073000,5206,4,0,0,0,0,0,0,0,0,5218,1,0,0,0,0,0,0,0,0
388,2017-04-24,09:11:15,0,SF705,XZCE,5206,5090,5216,1188,30618000,6526,6474,5450,4930,5190,5160,0,5150,0,0,0,2017-04-24,33075000,5208,2,0,0,0,0,0,0,0,0,5218,1,0,0,0,0,0,0,0,0
389,2017-04-24,09:11:20,0,SF705,XZCE,5206,5090,5216,1196,30826240,6524,6474,5450,4930,5190,5160,0,5150,0,0,0,2017-04-24,33080000,5206,2,0,0,0,0,0,0,0,0,5218,1,0,0,0,0,0,0,0,0
390,2017-04-24,09:11:20,0,SF705,XZCE,5206,5090,5216,1198,30878300,6524,6474,5450,4930,5190,5160,0,5150,0,0,0,2017-04-24,33080000,5206,1,0,0,0,0,0,0,0,0,5218,2,0,0,0,0,0,0,0,0
391,2017-04-24,09:11:21,0,SF705,XZCE,5206,5090,5216,1198,30878300,6524,6474,5450,4930,5190,5160,0,5150,0,0,0,2017-04-24,33081000,5206,1,0,0,0,0,0,0,0,0,5216,2,0,0,0,0,0,0,0,0
392,2017-04-24,09:11:22,0,SF705,XZCE,5206,5090,5216,1198,30878300,6524,6474,5450,4930,5190,5160,0,5150,0,0,0,2017-04-24,33082000,5206,1,0,0,0,0,0,0,0,0,5216,3,0,0,0,0,0,0,0,0
393,2017-04-24,09:11:24,0,SF705,XZCE,5206,5090,5216,1198,30878300,6524,6474,5450,4930,5190,5160,0,5150,0,0,0,2017-04-24,33084000,5206,1,0,0,0,0,0,0,0,0,5214,1,0,0,0,0,0,0,0,0
394,2017-04-24,09:11:26,0,SF705,XZCE,5206,5090,5216,1200,30930360,6524,6474,5450,4930,5190,5160,0,5150,0,0,0,2017-04-24,33086000,5198,4,0,0,0,0,0,0,0,0,5206,16,0,0,0,0,0,0,0,0
395,2017-04-24,09:11:26,0,SF705,XZCE,5206,5090,5216,1202,30982420,6524,6474,5450,4930,5190,5160,0,5150,0,0,0,2017-04-24,33086000,5198,4,0,0,0,0,0,0,0,0,5206,15,0,0,0,0,0,0,0,0
396,2017-04-24,09:11:27,0,SF705,XZCE,5206,5090,5216,1202,30982420,6524,6474,5450,4930,5190,5160,0,5150,0,0,0,2017-04-24,33087000,5200,2,0,0,0,0,0,0,0,0,5206,15,0,0,0,0,0,0,0,0
397,2017-04-24,09:11:29,0,SF705,XZCE,5206,5090,5216,1202,30982420,6524,6474,5450,4930,5190,5160,0,5150,0,0,0,2017-04-24,33089000,5200,2,0,0,0,0,0,0,0,0,5206,18,0,0,0,0,0,0,0,0
398,2017-04-24,09:11:31,0,SF705,XZCE,5206,5090,5216,1202,30982420,6524,6474,5450,4930,5190,5160,0,5150,0,0,0,2017-04-24,33091000,5200,2,0,0,0,0,0,0,0,0,5204,1,0,0,0,0,0,0,0,0
399,2017-04-24,09:11:31,0,SF705,XZCE,5202,5090,5216,1204,31034440,6524,6474,5450,4930,5190,5160,0,5150,0,0,0,2017-04-24,33091000,5200,2,0,0,0,0,0,0,0,0,5204,1,0,0,0,0,0,0,0,0
400,2017-04-24,09:11:34,0,SF705,XZCE,5204,5090,5216,1206,31086480,6526,6474,5450,4930,5190,5160,0,5150,0,0,0,2017-04-24,33094000,5204,1,0,0,0,0,0,0,0,0,5206,18,0,0,0,0,0,0,0,0
401,2017-04-24,09:11:35,0,SF705,XZCE,5206,5090,5216,1228,31659140,6546,6474,5450,4930,5190,5160,0,5150,0,0,0,2017-04-24,33095000,5204,1,0,0,0,0,0,0,0,0,5206,7,0,0,0,0,0,0,0,0
402,2017-04-24,09:11:36,0,SF705,XZCE,5206,5090,5216,1242,32023560,6546,6474,5450,4930,5190,5160,0,5150,0,0,0,2017-04-24,33096000,5204,1,0,0,0,0,0,0,0,0,5214,1,0,0,0,0,0,0,0,0
403,2017-04-24,09:11:38,0,SF705,XZCE,5206,5090,5216,1242,32023560,6546,6474,5450,4930,5190,5160,0,5150,0,0,0,2017-04-24,33098000,5206,1,0,0,0,0,0,0,0,0,5214,1,0,0,0,0,0,0,0,0
404,2017-04-24,09:11:42,0,SF705,XZCE,5206,5090,5216,1242,32023560,6546,6474,5450,4930,5190,5160,0,5150,0,0,0,2017-04-24,33102000,5204,2,0,0,0,0,0,0,0,0,5214,1,0,0,0,0,0,0,0,0
405,2017-04-24,09:11:45,0,SF705,XZCE,5204,5090,5216,1244,32075600,6546,6474,5450,4930,5190,5160,0,5150,0,0,0,2017-04-24,33105000,5204,1,0,0,0,0,0,0,0,0,5214,1,0,0,0,0,0,0,0,0
406,2017-04-24,09:11:47,0,SF705,XZCE,5214,5090,5216,1246,32127740,6546,6474,5450,4930,5190,5160,0,5150,0,0,0,2017-04-24,33107000,5204,1,0,0,0,0,0,0,0,0,5218,16,0,0,0,0,0,0,0,0
407,2017-04-24,09:11:48,0,SF705,XZCE,5214,5090,5216,1246,32127740,6546,6474,5450,4930,5190,5160,0,5150,0,0,0,2017-04-24,33108000,5206,1,0,0,0,0,0,0,0,0,5218,16,0,0,0,0,0,0,0,0
408,2017-04-24,09:11:49,0,SF705,XZCE,5214,5090,5216,1246,32127740,6546,6474,5450,4930,5190,5160,0,5150,0,0,0,2017-04-24,33109000,5206,1,0,0,0,0,0,0,0,0,5214,8,0,0,0,0,0,0,0,0
409,2017-04-24,09:11:52,0,SF705,XZCE,5214,5090,5216,1248,32179880,6546,6474,5450,4930,5190,5160,0,5150,0,0,0,2017-04-24,33112000,5204,1,0,0,0,0,0,0,0,0,5212,10,0,0,0,0,0,0,0,0
410,2017-04-24,09:11:54,0,SF705,XZCE,5214,5090,5216,1268,32701280,6550,6474,5450,4930,5190,5160,0,5150,0,0,0,2017-04-24,33114000,5204,1,0,0,0,0,0,0,0,0,5214,7,0,0,0,0,0,0,0,0
411,2017-04-24,09:11:55,0,SF705,XZCE,5214,5090,5216,1268,32701280,6550,6474,5450,4930,5190,5160,0,5150,0,0,0,2017-04-24,33115000,5204,1,0,0,0,0,0,0,0,0,5210,8,0,0,0,0,0,0,0,0
412,2017-04-24,09:11:56,0,SF705,XZCE,5214,5090,5216,1272,32805560,6550,6474,5450,4930,5190,5160,0,5150,0,0,0,2017-04-24,33116000,5204,1,0,0,0,0,0,0,0,0,5210,6,0,0,0,0,0,0,0,0
413,2017-04-24,09:11:59,0,SF705,XZCE,5204,5090,5216,1274,32857600,6548,6474,5450,4930,5190,5160,0,5150,0,0,0,2017-04-24,33119000,5200,8,0,0,0,0,0,0,0,0,5204,7,0,0,0,0,0,0,0,0
414,2017-04-24,09:12:00,0,SF705,XZCE,5204,5090,5216,1274,32857600,6548,6474,5450,4930,5190,5160,0,5150,0,0,0,2017-04-24,33120000,5200,9,0,0,0,0,0,0,0,0,5204,7,0,0,0,0,0,0,0,0
415,2017-04-24,09:12:02,0,SF705,XZCE,5204,5090,5216,1276,32909640,6546,6474,5450,4930,5190,5160,0,5150,0,0,0,2017-04-24,33122000,5200,9,0,0,0,0,0,0,0,0,5204,6,0,0,0,0,0,0,0,0
416,2017-04-24,09:12:07,0,SF705,XZCE,5204,5090,5216,1276,32909640,6546,6474,5450,4930,5190,5160,0,5150,0,0,0,2017-04-24,33127000,5202,1,0,0,0,0,0,0,0,0,5204,6,0,0,0,0,0,0,0,0
417,2017-04-24,09:12:10,0,SF705,XZCE,5208,5090,5216,1296,33430440,6546,6474,5450,4930,5190,5160,0,5150,0,0,0,2017-04-24,33130000,5202,1,0,0,0,0,0,0,0,0,5208,4,0,0,0,0,0,0,0,0
418,2017-04-24,09:12:12,0,SF705,XZCE,5202,5090,5216,1298,33482460,6546,6474,5450,4930,5190,5160,0,5150,0,0,0,2017-04-24,33132000,5200,8,0,0,0,0,0,0,0,0,5208,4,0,0,0,0,0,0,0,0
419,2017-04-24,09:12:15,0,SF705,XZCE,5202,5090,5216,1300,33534480,6548,6474,5450,4930,5190,5160,0,5150,0,0,0,2017-04-24,33135000,5202,1,0,0,0,0,0,0,0,0,5208,4,0,0,0,0,0,0,0,0
420,2017-04-24,09:12:17,0,SF705,XZCE,5202,5090,5216,1302,33586500,6548,6474,5450,4930,5190,5160,0,5150,0,0,0,2017-04-24,33137000,5200,8,0,0,0,0,0,0,0,0,5208,4,0,0,0,0,0,0,0,0
421,2017-04-24,09:12:17,0,SF705,XZCE,5202,5090,5216,1302,33586500,6548,6474,5450,4930,5190,5160,0,5150,0,0,0,2017-04-24,33137000,5200,8,0,0,0,0,0,0,0,0,5202,9,0,0,0,0,0,0,0,0
422,2017-04-24,09:12:18,0,SF705,XZCE,5202,5090,5216,1312,33846600,6548,6474,5450,4930,5190,5160,0,5150,0,0,0,2017-04-24,33138000,5200,8,0,0,0,0,0,0,0,0,5202,4,0,0,0,0,0,0,0,0
423,2017-04-24,09:12:22,0,SF705,XZCE,5202,5090,5216,1348,34782960,6580,6474,5450,4930,5190,5160,0,5150,0,0,0,2017-04-24,33142000,5198,4,0,0,0,0,0,0,0,0,5202,2,0,0,0,0,0,0,0,0
424,2017-04-24,09:12:24,0,SF705,XZCE,5198,5090,5216,1350,34834940,6580,6474,5450,4930,5190,5160,0,5150,0,0,0,2017-04-24,33144000,5198,3,0,0,0,0,0,0,0,0,5202,2,0,0,0,0,0,0,0,0
425,2017-04-24,09:12:25,0,SF705,XZCE,5198,5090,5216,1352,34886920,6580,6474,5450,4930,5190,5160,0,5150,0,0,0,2017-04-24,33145000,5198,2,0,0,0,0,0,0,0,0,5202,2,0,0,0,0,0,0,0,0
426,2017-04-24,09:12:29,0,SF705,XZCE,5202,5090,5216,1354,34938940,6578,6474,5450,4930,5190,5160,0,5150,0,0,0,2017-04-24,33149000,5198,2,0,0,0,0,0,0,0,0,5202,1,0,0,0,0,0,0,0,0
427,2017-04-24,09:12:34,0,SF705,XZCE,5210,5090,5216,1374,35459940,6578,6474,5450,4930,5190,5160,0,5150,0,0,0,2017-04-24,33154000,5198,2,0,0,0,0,0,0,0,0,5210,9,0,0,0,0,0,0,0,0
428,2017-04-24,09:12:36,0,SF705,XZCE,5198,5090,5216,1376,35511920,6580,6474,5450,4930,5190,5160,0,5150,0,0,0,2017-04-24,33156000,5198,1,0,0,0,0,0,0,0,0,5210,9,0,0,0,0,0,0,0,0
429,2017-04-24,09:12:37,0,SF705,XZCE,5198,5090,5216,1376,35511920,6580,6474,5450,4930,5190,5160,0,5150,0,0,0,2017-04-24,33157000,5198,1,0,0,0,0,0,0,0,0,5208,1,0,0,0,0,0,0,0,0
430,2017-04-24,09:12:38,0,SF705,XZCE,5198,5090,5216,1378,35563900,6582,6474,5450,4930,5190,5160,0,5150,0,0,0,2017-04-24,33158000,5202,4,0,0,0,0,0,0,0,0,5208,1,0,0,0,0,0,0,0,0
431,2017-04-24,09:12:39,0,SF705,XZCE,5198,5090,5216,1378,35563900,6582,6474,5450,4930,5190,5160,0,5150,0,0,0,2017-04-24,33159000,5202,4,0,0,0,0,0,0,0,0,5208,2,0,0,0,0,0,0,0,0
432,2017-04-24,09:12:39,0,SF705,XZCE,5208,5090,5216,1380,35615980,6584,6474,5450,4930,5190,5160,0,5150,0,0,0,2017-04-24,33159000,5202,4,0,0,0,0,0,0,0,0,5208,1,0,0,0,0,0,0,0,0
433,2017-04-24,09:12:40,0,SF705,XZCE,5208,5090,5216,1380,35615980,6584,6474,5450,4930,5190,5160,0,5150,0,0,0,2017-04-24,33160000,5204,1,0,0,0,0,0,0,0,0,5208,1,0,0,0,0,0,0,0,0
434,2017-04-24,09:12:42,0,SF705,XZCE,5204,5090,5216,1382,35668020,6584,6474,5450,4930,5190,5160,0,5150,0,0,0,2017-04-24,33162000,5202,4,0,0,0,0,0,0,0,0,5208,1,0,0,0,0,0,0,0,0
435,2017-04-24,09:12:45,0,SF705,XZCE,5210,5090,5216,1402,36189020,6586,6474,5450,4930,5190,5160,0,5150,0,0,0,2017-04-24,33165000,5202,4,0,0,0,0,0,0,0,0,5210,2,0,0,0,0,0,0,0,0
436,2017-04-24,09:12:51,0,SF705,XZCE,5210,5090,5216,1402,36189020,6586,6474,5450,4930,5190,5160,0,5150,0,0,0,2017-04-24,33171000,5202,5,0,0,0,0,0,0,0,0,5210,2,0,0,0,0,0,0,0,0
437,2017-04-24,09:12:52,0,SF705,XZCE,5210,5090,5216,1402,36189020,6586,6474,5450,4930,5190,5160,0,5150,0,0,0,2017-04-24,33172000,5204,1,0,0,0,0,0,0,0,0,5208,2,0,0,0,0,0,0,0,0
438,2017-04-24,09:12:57,0,SF705,XZCE,5210,5090,5216,1422,36710020,6586,6474,5450,4930,5190,5160,0,5150,0,0,0,2017-04-24,33177000,5204,1,0,0,0,0,0,0,0,0,5208,2,0,0,0,0,0,0,0,0
439,2017-04-24,09:12:58,0,SF705,XZCE,5208,5090,5216,1432,36970420,6592,6474,5450,4930,5190,5160,0,5150,0,0,0,2017-04-24,33178000,5204,1,0,0,0,0,0,0,0,0,5208,1,0,0,0,0,0,0,0,0
440,2017-04-24,09:12:58,0,SF705,XZCE,5204,5090,5216,1434,37022460,6590,6474,5450,4930,5190,5160,0,5150,0,0,0,2017-04-24,33178000,5202,5,0,0,0,0,0,0,0,0,5204,3,0,0,0,0,0,0,0,0
441,2017-04-24,09:12:59,0,SF705,XZCE,5204,5090,5216,1434,37022460,6590,6474,5450,4930,5190,5160,0,5150,0,0,0,2017-04-24,33179000,5202,5,0,0,0,0,0,0,0,0,5204,4,0,0,0,0,0,0,0,0
442,2017-04-24,09:13:01,0,SF705,XZCE,5204,5090,5216,1436,37074500,6590,6474,5450,4930,5190,5160,0,5150,0,0,0,2017-04-24,33181000,5202,5,0,0,0,0,0,0,0,0,5204,3,0,0,0,0,0,0,0,0
443,2017-04-24,09:13:03,0,SF705,XZCE,5202,5090,5216,1446,37334600,6590,6474,5450,4930,5190,5160,0,5150,0,0,0,2017-04-24,33183000,5198,1,0,0,0,0,0,0,0,0,5200,5,0,0,0,0,0,0,0,0
444,2017-04-24,09:13:05,0,SF705,XZCE,5202,5090,5216,1448,37386620,6590,6474,5450,4930,5190,5160,0,5150,0,0,0,2017-04-24,33185000,5198,1,0,0,0,0,0,0,0,0,5200,4,0,0,0,0,0,0,0,0
445,2017-04-24,09:13:06,0,SF705,XZCE,5210,5090,5216,1468,37907620,6590,6474,5450,4930,5190,5160,0,5150,0,0,0,2017-04-24,33186000,5198,1,0,0,0,0,0,0,0,0,5210,1,0,0,0,0,0,0,0,0
446,2017-04-24,09:13:07,0,SF705,XZCE,5210,5090,5216,1468,37907620,6590,6474,5450,4930,5190,5160,0,5150,0,0,0,2017-04-24,33187000,5202,1,0,0,0,0,0,0,0,0,5210,1,0,0,0,0,0,0,0,0
447,2017-04-24,09:13:07,0,SF705,XZCE,5202,5090,5216,1470,37959640,6592,6474,5450,4930,5190,5160,0,5150,0,0,0,2017-04-24,33187000,5198,1,0,0,0,0,0,0,0,0,5210,1,0,0,0,0,0,0,0,0
448,2017-04-24,09:13:08,0,SF705,XZCE,5202,5090,5216,1470,37959640,6592,6474,5450,4930,5190,5160,0,5150,0,0,0,2017-04-24,33188000,5198,1,0,0,0,0,0,0,0,0,5208,3,0,0,0,0,0,0,0,0
449,2017-04-24,09:13:08,0,SF705,XZCE,5202,5090,5216,1470,37959640,6592,6474,5450,4930,5190,5160,0,5150,0,0,0,2017-04-24,33188000,5198,1,0,0,0,0,0,0,0,0,5208,4,0,0,0,0,0,0,0,0
450,2017-04-24,09:13:09,0,SF705,XZCE,5202,5090,5216,1470,37959640,6592,6474,5450,4930,5190,5160,0,5150,0,0,0,2017-04-24,33189000,5198,1,0,0,0,0,0,0,0,0,5208,5,0,0,0,0,0,0,0,0
451,2017-04-24,09:13:10,0,SF705,XZCE,5202,5090,5216,1470,37959640,6592,6474,5450,4930,5190,5160,0,5150,0,0,0,2017-04-24,33190000,5198,1,0,0,0,0,0,0,0,0,5202,1,0,0,0,0,0,0,0,0
452,2017-04-24,09:13:11,0,SF705,XZCE,5198,5090,5216,1476,38115580,6592,6474,5450,4930,5190,5160,0,5150,0,0,0,2017-04-24,33191000,5194,20,0,0,0,0,0,0,0,0,5202,1,0,0,0,0,0,0,0,0
453,2017-04-24,09:13:11,0,SF705,XZCE,5198,5090,5216,1476,38115580,6592,6474,5450,4930,5190,5160,0,5150,0,0,0,2017-04-24,33191000,5198,2,0,0,0,0,0,0,0,0,5202,1,0,0,0,0,0,0,0,0
454,2017-04-24,09:13:16,0,SF705,XZCE,5198,5090,5216,1478,38167560,6592,6474,5450,4930,5190,5160,0,5150,0,0,0,2017-04-24,33196000,5198,1,0,0,0,0,0,0,0,0,5202,1,0,0,0,0,0,0,0,0
455,2017-04-24,09:13:25,0,SF705,XZCE,5210,5090,5216,1518,39209560,6610,6474,5450,4930,5190,5160,0,5150,0,0,0,2017-04-24,33205000,5198,6,0,0,0,0,0,0,0,0,5208,5,0,0,0,0,0,0,0,0
456,2017-04-24,09:13:26,0,SF705,XZCE,5210,5090,5216,1518,39209560,6610,6474,5450,4930,5190,5160,0,5150,0,0,0,2017-04-24,33206000,5198,6,0,0,0,0,0,0,0,0,5206,1,0,0,0,0,0,0,0,0
457,2017-04-24,09:13:27,0,SF705,XZCE,5210,5090,5216,1518,39209560,6610,6474,5450,4930,5190,5160,0,5150,0,0,0,2017-04-24,33207000,5200,5,0,0,0,0,0,0,0,0,5206,1,0,0,0,0,0,0,0,0
458,2017-04-24,09:13:29,0,SF705,XZCE,5210,5090,5216,1518,39209560,6610,6474,5450,4930,5190,5160,0,5150,0,0,0,2017-04-24,33209000,5200,7,0,0,0,0,0,0,0,0,5206,1,0,0,0,0,0,0,0,0
459,2017-04-24,09:13:30,0,SF705,XZCE,5210,5090,5216,1518,39209560,6610,6474,5450,4930,5190,5160,0,5150,0,0,0,2017-04-24,33210000,5200,8,0,0,0,0,0,0,0,0,5206,1,0,0,0,0,0,0,0,0
460,2017-04-24,09:13:33,0,SF705,XZCE,5206,5090,5216,1520,39261620,6612,6474,5450,4930,5190,5160,0,5150,0,0,0,2017-04-24,33213000,5202,1,0,0,0,0,0,0,0,0,5210,19,0,0,0,0,0,0,0,0
461,2017-04-24,09:13:34,0,SF705,XZCE,5206,5090,5216,1520,39261620,6612,6474,5450,4930,5190,5160,0,5150,0,0,0,2017-04-24,33214000,5202,3,0,0,0,0,0,0,0,0,5210,19,0,0,0,0,0,0,0,0
462,2017-04-24,09:13:36,0,SF705,XZCE,5206,5090,5216,1520,39261620,6612,6474,5450,4930,5190,5160,0,5150,0,0,0,2017-04-24,33216000,5202,5,0,0,0,0,0,0,0,0,5210,19,0,0,0,0,0,0,0,0
463,2017-04-24,09:13:39,0,SF705,XZCE,5212,5090,5216,1560,40304020,6638,6474,5450,4930,5190,5160,0,5150,0,0,0,2017-04-24,33219000,5202,10,0,0,0,0,0,0,0,0,5210,5,0,0,0,0,0,0,0,0
464,2017-04-24,09:13:39,0,SF705,XZCE,5212,5090,5216,1560,40304020,6638,6474,5450,4930,5190,5160,0,5150,0,0,0,2017-04-24,33219000,5202,10,0,0,0,0,0,0,0,0,5212,16,0,0,0,0,0,0,0,0
465,2017-04-24,09:13:40,0,SF705,XZCE,5212,5090,5216,1560,40304020,6638,6474,5450,4930,5190,5160,0,5150,0,0,0,2017-04-24,33220000,5204,1,0,0,0,0,0,0,0,0,5212,16,0,0,0,0,0,0,0,0
466,2017-04-24,09:13:42,0,SF705,XZCE,5212,5090,5216,1560,40304020,6638,6474,5450,4930,5190,5160,0,5150,0,0,0,2017-04-24,33222000,5204,2,0,0,0,0,0,0,0,0,5212,16,0,0,0,0,0,0,0,0
467,2017-04-24,09:13:43,0,SF705,XZCE,5212,5090,5216,1560,40304020,6638,6474,5450,4930,5190,5160,0,5150,0,0,0,2017-04-24,33223000,5206,1,0,0,0,0,0,0,0,0,5210,8,0,0,0,0,0,0,0,0
468,2017-04-24,09:13:48,0,SF705,XZCE,5212,5090,5216,1560,40304020,6638,6474,5450,4930,5190,5160,0,5150,0,0,0,2017-04-24,33228000,5206,1,0,0,0,0,0,0,0,0,5210,16,0,0,0,0,0,0,0,0
469,2017-04-24,09:13:49,0,SF705,XZCE,5212,5090,5216,1560,40304020,6638,6474,5450,4930,5190,5160,0,5150,0,0,0,2017-04-24,33229000,5206,1,0,0,0,0,0,0,0,0,5210,17,0,0,0,0,0,0,0,0
470,2017-04-24,09:13:51,0,SF705,XZCE,5212,5090,5216,1560,40304020,6638,6474,5450,4930,5190,5160,0,5150,0,0,0,2017-04-24,33231000,5204,2,0,0,0,0,0,0,0,0,5210,17,0,0,0,0,0,0,0,0
471,2017-04-24,09:13:52,0,SF705,XZCE,5212,5090,5216,1560,40304020,6638,6474,5450,4930,5190,5160,0,5150,0,0,0,2017-04-24,33232000,5204,1,0,0,0,0,0,0,0,0,5210,17,0,0,0,0,0,0,0,0
472,2017-04-24,09:13:55,0,SF705,XZCE,5212,5090,5216,1570,40564620,6638,6474,5450,4930,5190,5160,0,5150,0,0,0,2017-04-24,33235000,5204,1,0,0,0,0,0,0,0,0,5210,12,0,0,0,0,0,0,0,0
473,2017-04-24,09:13:56,0,SF705,XZCE,5212,5090,5216,1570,40564620,6638,6474,5450,4930,5190,5160,0,5150,0,0,0,2017-04-24,33236000,5204,2,0,0,0,0,0,0,0,0,5210,12,0,0,0,0,0,0,0,0
474,2017-04-24,09:13:57,0,SF705,XZCE,5212,5090,5216,1570,40564620,6638,6474,5450,4930,5190,5160,0,5150,0,0,0,2017-04-24,33237000,5206,1,0,0,0,0,0,0,0,0,5210,12,0,0,0,0,0,0,0,0
475,2017-04-24,09:14:00,0,SF705,XZCE,5212,5090,5216,1570,40564620,6638,6474,5450,4930,5190,5160,0,5150,0,0,0,2017-04-24,33240000,5206,1,0,0,0,0,0,0,0,0,5210,20,0,0,0,0,0,0,0,0
476,2017-04-24,09:14:04,0,SF705,XZCE,5206,5090,5216,1572,40616680,6636,6474,5450,4930,5190,5160,0,5150,0,0,0,2017-04-24,33244000,5204,1,0,0,0,0,0,0,0,0,5208,3,0,0,0,0,0,0,0,0
477,2017-04-24,09:14:04,0,SF705,XZCE,5208,5090,5216,1574,40668760,6638,6474,5450,4930,5190,5160,0,5150,0,0,0,2017-04-24,33244000,5204,1,0,0,0,0,0,0,0,0,5208,2,0,0,0,0,0,0,0,0
478,2017-04-24,09:14:06,0,SF705,XZCE,5208,5090,5216,1574,40668760,6638,6474,5450,4930,5190,5160,0,5150,0,0,0,2017-04-24,33246000,5206,1,0,0,0,0,0,0,0,0,5208,2,0,0,0,0,0,0,0,0
479,2017-04-24,09:14:09,0,SF705,XZCE,5210,5090,5216,1594,41189760,6642,6474,5450,4930,5190,5160,0,5150,0,0,0,2017-04-24,33249000,5206,1,0,0,0,0,0,0,0,0,5210,12,0,0,0,0,0,0,0,0
480,2017-04-24,09:14:14,0,SF705,XZCE,5206,5090,5216,1596,41241820,6644,6474,5450,4930,5190,5160,0,5150,0,0,0,2017-04-24,33254000,5204,1,0,0,0,0,0,0,0,0,5206,4,0,0,0,0,0,0,0,0
481,2017-04-24,09:14:24,0,SF705,XZCE,5204,5090,5216,1598,41293860,6644,6474,5450,4930,5190,5160,0,5150,0,0,0,2017-04-24,33264000,5200,1,0,0,0,0,0,0,0,0,5206,4,0,0,0,0,0,0,0,0
482,2017-04-24,09:14:29,0,SF705,XZCE,5200,5090,5216,1600,41345860,6644,6474,5450,4930,5190,5160,0,5150,0,0,0,2017-04-24,33269000,5198,1,0,0,0,0,0,0,0,0,5206,4,0,0,0,0,0,0,0,0
483,2017-04-24,09:14:31,0,SF705,XZCE,5198,5090,5216,1602,41397840,6644,6474,5450,4930,5190,5160,0,5150,0,0,0,2017-04-24,33271000,5196,4,0,0,0,0,0,0,0,0,5206,4,0,0,0,0,0,0,0,0
484,2017-04-24,09:14:32,0,SF705,XZCE,5198,5090,5216,1602,41397840,6644,6474,5450,4930,5190,5160,0,5150,0,0,0,2017-04-24,33272000,5198,2,0,0,0,0,0,0,0,0,5206,4,0,0,0,0,0,0,0,0
485,2017-04-24,09:14:34,0,SF705,XZCE,5206,5090,5216,1610,41606080,6644,6474,5450,4930,5190,5160,0,5150,0,0,0,2017-04-24,33274000,5198,2,0,0,0,0,0,0,0,0,5210,12,0,0,0,0,0,0,0,0
486,2017-04-24,09:14:34,0,SF705,XZCE,5206,5090,5216,1610,41606080,6644,6474,5450,4930,5190,5160,0,5150,0,0,0,2017-04-24,33274000,5198,2,0,0,0,0,0,0,0,0,5204,3,0,0,0,0,0,0,0,0
487,2017-04-24,09:14:36,0,SF705,XZCE,5206,5090,5216,1610,41606080,6644,6474,5450,4930,5190,5160,0,5150,0,0,0,2017-04-24,33276000,5198,2,0,0,0,0,0,0,0,0,5210,12,0,0,0,0,0,0,0,0
488,2017-04-24,09:14:38,0,SF705,XZCE,5206,5090,5216,1610,41606080,6644,6474,5450,4930,5190,5160,0,5150,0,0,0,2017-04-24,33278000,5200,1,0,0,0,0,0,0,0,0,5210,12,0,0,0,0,0,0,0,0
489,2017-04-24,09:14:39,0,SF705,XZCE,5198,5090,5216,1640,42385780,6630,6474,5450,4930,5190,5160,0,5150,0,0,0,2017-04-24,33279000,5196,4,0,0,0,0,0,0,0,0,5208,3,0,0,0,0,0,0,0,0
490,2017-04-24,09:14:39,0,SF705,XZCE,5196,5090,5216,1644,42489700,6632,6474,5450,4930,5190,5160,0,5150,0,0,0,2017-04-24,33279000,5196,2,0,0,0,0,0,0,0,0,5208,3,0,0,0,0,0,0,0,0
491,2017-04-24,09:14:43,0,SF705,XZCE,5196,5090,5216,1644,42489700,6632,6474,5450,4930,5190,5160,0,5150,0,0,0,2017-04-24,33283000,5194,20,0,0,0,0,0,0,0,0,5208,3,0,0,0,0,0,0,0,0
492,2017-04-24,09:14:44,0,SF705,XZCE,5196,5090,5216,1644,42489700,6632,6474,5450,4930,5190,5160,0,5150,0,0,0,2017-04-24,33284000,5194,20,0,0,0,0,0,0,0,0,5206,1,0,0,0,0,0,0,0,0
493,2017-04-24,09:14:44,0,SF705,XZCE,5210,5090,5216,1664,43010700,6640,6474,5450,4930,5190,5160,0,5150,0,0,0,2017-04-24,33284000,5196,4,0,0,0,0,0,0,0,0,5210,7,0,0,0,0,0,0,0,0
494,2017-04-24,09:14:44,0,SF705,XZCE,5210,5090,5216,1664,43010700,6640,6474,5450,4930,5190,5160,0,5150,0,0,0,2017-04-24,33284000,5196,5,0,0,0,0,0,0,0,0,5210,7,0,0,0,0,0,0,0,0
495,2017-04-24,09:14:45,0,SF705,XZCE,5210,5090,5216,1664,43010700,6640,6474,5450,4930,5190,5160,0,5150,0,0,0,2017-04-24,33285000,5196,5,0,0,0,0,0,0,0,0,5210,12,0,0,0,0,0,0,0,0
496,2017-04-24,09:14:46,0,SF705,XZCE,5210,5090,5216,1664,43010700,6640,6474,5450,4930,5190,5160,0,5150,0,0,0,2017-04-24,33286000,5196,5,0,0,0,0,0,0,0,0,5208,3,0,0,0,0,0,0,0,0
497,2017-04-24,09:14:47,0,SF705,XZCE,5210,5090,5216,1664,43010700,6640,6474,5450,4930,5190,5160,0,5150,0,0,0,2017-04-24,33287000,5198,1,0,0,0,0,0,0,0,0,5208,5,0,0,0,0,0,0,0,0
498,2017-04-24,09:14:48,0,SF705,XZCE,5210,5090,5216,1664,43010700,6640,6474,5450,4930,5190,5160,0,5150,0,0,0,2017-04-24,33288000,5198,3,0,0,0,0,0,0,0,0,5208,7,0,0,0,0,0,0,0,0
499,2017-04-24,09:14:48,0,SF705,XZCE,5210,5090,5216,1664,43010700,6640,6474,5450,4930,5190,5160,0,5150,0,0,0,2017-04-24,33288000,5198,3,0,0,0,0,0,0,0,0,5206,10,0,0,0,0,0,0,0,0
500,2017-04-24,09:14:50,0,SF705,XZCE,5210,5090,5216,1664,43010700,6640,6474,5450,4930,5190,5160,0,5150,0,0,0,2017-04-24,33290000,5200,1,0,0,0,0,0,0,0,0,5206,10,0,0,0,0,0,0,0,0
501,2017-04-24,09:14:51,0,SF705,XZCE,5198,5090,5216,1670,43166640,6640,6474,5450,4930,5190,5160,0,5150,0,0,0,2017-04-24,33291000,5200,4,0,0,0,0,0,0,0,0,5206,10,0,0,0,0,0,0,0,0
502,2017-04-24,09:14:54,0,SF705,XZCE,5206,5090,5216,1690,43687240,6640,6474,5450,4930,5190,5160,0,5150,0,0,0,2017-04-24,33294000,5200,4,0,0,0,0,0,0,0,0,5208,8,0,0,0,0,0,0,0,0
503,2017-04-24,09:14:55,0,SF705,XZCE,5206,5090,5216,1690,43687240,6640,6474,5450,4930,5190,5160,0,5150,0,0,0,2017-04-24,33295000,5198,1,0,0,0,0,0,0,0,0,5208,7,0,0,0,0,0,0,0,0
504,2017-04-24,09:14:56,0,SF705,XZCE,5200,5090,5216,1692,43739240,6642,6474,5450,4930,5190,5160,0,5150,0,0,0,2017-04-24,33296000,5198,1,0,0,0,0,0,0,0,0,5208,4,0,0,0,0,0,0,0,0
505,2017-04-24,09:14:56,0,SF705,XZCE,5200,5090,5216,1692,43739240,6642,6474,5450,4930,5190,5160,0,5150,0,0,0,2017-04-24,33296000,5200,2,0,0,0,0,0,0,0,0,5208,4,0,0,0,0,0,0,0,0
506,2017-04-24,09:14:56,0,SF705,XZCE,5200,5090,5216,1692,43739240,6642,6474,5450,4930,5190,5160,0,5150,0,0,0,2017-04-24,33296000,5200,6,0,0,0,0,0,0,0,0,5208,4,0,0,0,0,0,0,0,0
507,2017-04-24,09:14:57,0,SF705,XZCE,5200,5090,5216,1692,43739240,6642,6474,5450,4930,5190,5160,0,5150,0,0,0,2017-04-24,33297000,5200,2,0,0,0,0,0,0,0,0,5208,4,0,0,0,0,0,0,0,0
508,2017-04-24,09:14:58,0,SF705,XZCE,5200,5090,5216,1692,43739240,6642,6474,5450,4930,5190,5160,0,5150,0,0,0,2017-04-24,33298000,5202,4,0,0,0,0,0,0,0,0,5208,5,0,0,0,0,0,0,0,0
509,2017-04-24,09:14:59,0,SF705,XZCE,5200,5090,5216,1692,43739240,6642,6474,5450,4930,5190,5160,0,5150,0,0,0,2017-04-24,33299000,5202,4,0,0,0,0,0,0,0,0,5208,3,0,0,0,0,0,0,0,0
510,2017-04-24,09:15:00,0,SF705,XZCE,5202,5090,5216,1694,43791260,6642,6474,5450,4930,5190,5160,0,5150,0,0,0,2017-04-24,33300000,5202,3,0,0,0,0,0,0,0,0,5208,3,0,0,0,0,0,0,0,0
511,2017-04-24,09:15:01,0,SF705,XZCE,5202,5090,5216,1696,43843280,6642,6474,5450,4930,5190,5160,0,5150,0,0,0,2017-04-24,33301000,5202,2,0,0,0,0,0,0,0,0,5208,3,0,0,0,0,0,0,0,0
512,2017-04-24,09:15:02,0,SF705,XZCE,5202,5090,5216,1696,43843280,6642,6474,5450,4930,5190,5160,0,5150,0,0,0,2017-04-24,33302000,5202,2,0,0,0,0,0,0,0,0,5208,4,0,0,0,0,0,0,0,0
513,2017-04-24,09:15:03,0,SF705,XZCE,5202,5090,5216,1696,43843280,6642,6474,5450,4930,5190,5160,0,5150,0,0,0,2017-04-24,33303000,5202,2,0,0,0,0,0,0,0,0,5208,2,0,0,0,0,0,0,0,0
514,2017-04-24,09:15:05,0,SF705,XZCE,5202,5090,5216,1696,43843280,6642,6474,5450,4930,5190,5160,0,5150,0,0,0,2017-04-24,33305000,5204,4,0,0,0,0,0,0,0,0,5208,2,0,0,0,0,0,0,0,0
515,2017-04-24,09:15:06,0,SF705,XZCE,5208,5090,5216,1700,43947440,6640,6474,5450,4930,5190,5160,0,5150,0,0,0,2017-04-24,33306000,5204,4,0,0,0,0,0,0,0,0,5210,15,0,0,0,0,0,0,0,0
516,2017-04-24,09:15:08,0,SF705,XZCE,5210,5090,5216,1720,44468440,6642,6474,5450,4930,5190,5160,0,5150,0,0,0,2017-04-24,33308000,5204,4,0,0,0,0,0,0,0,0,5210,5,0,0,0,0,0,0,0,0
517,2017-04-24,09:15:12,0,SF705,XZCE,5204,5090,5216,1732,44780680,6638,6474,5450,4930,5190,5160,0,5150,0,0,0,2017-04-24,33312000,5206,1,0,0,0,0,0,0,0,0,5210,5,0,0,0,0,0,0,0,0
518,2017-04-24,09:15:14,0,SF705,XZCE,5204,5090,5216,1732,44780680,6638,6474,5450,4930,5190,5160,0,5150,0,0,0,2017-04-24,33314000,5206,2,0,0,0,0,0,0,0,0,5210,5,0,0,0,0,0,0,0,0
519,2017-04-24,09:15:17,0,SF705,XZCE,5210,5090,5216,1734,44832780,6638,6474,5450,4930,5190,5160,0,5150,0,0,0,2017-04-24,33317000,5206,2,0,0,0,0,0,0,0,0,5210,4,0,0,0,0,0,0,0,0
520,2017-04-24,09:15:21,0,SF705,XZCE,5210,5090,5216,1736,44884880,6638,6474,5450,4930,5190,5160,0,5150,0,0,0,2017-04-24,33321000,5206,2,0,0,0,0,0,0,0,0,5210,3,0,0,0,0,0,0,0,0
521,2017-04-24,09:15:22,0,SF705,XZCE,5212,5090,5216,1756,45406080,6654,6474,5450,4930,5190,5160,0,5150,0,0,0,2017-04-24,33322000,5206,2,0,0,0,0,0,0,0,0,5212,3,0,0,0,0,0,0,0,0
522,2017-04-24,09:15:22,0,SF705,XZCE,5212,5090,5216,1764,45614560,6654,6474,5450,4930,5190,5160,0,5150,0,0,0,2017-04-24,33322000,5206,1,0,0,0,0,0,0,0,0,5218,1,0,0,0,0,0,0,0,0
523,2017-04-24,09:15:23,0,SF705,XZCE,5212,5090,5216,1764,45614560,6654,6474,5450,4930,5190,5160,0,5150,0,0,0,2017-04-24,33323000,5210,1,0,0,0,0,0,0,0,0,5218,1,0,0,0,0,0,0,0,0
524,2017-04-24,09:15:25,0,SF705,XZCE,5210,5090,5216,1766,45666660,6656,6474,5450,4930,5190,5160,0,5150,0,0,0,2017-04-24,33325000,5206,1,0,0,0,0,0,0,0,0,5218,1,0,0,0,0,0,0,0,0
525,2017-04-24,09:15:27,0,SF705,XZCE,5210,5090,5216,1766,45666660,6656,6474,5450,4930,5190,5160,0,5150,0,0,0,2017-04-24,33327000,5206,1,0,0,0,0,0,0,0,0,5216,1,0,0,0,0,0,0,0,0
526,2017-04-24,09:15:28,0,SF705,XZCE,5210,5090,5216,1766,45666660,6656,6474,5450,4930,5190,5160,0,5150,0,0,0,2017-04-24,33328000,5208,1,0,0,0,0,0,0,0,0,5214,1,0,0,0,0,0,0,0,0
527,2017-04-24,09:15:31,0,SF705,XZCE,5220,5090,5220,1786,46188660,6676,6474,5450,4930,5190,5160,0,5150,0,0,0,2017-04-24,33331000,5208,1,0,0,0,0,0,0,0,0,5214,1,0,0,0,0,0,0,0,0
528,2017-04-24,09:15:32,0,SF705,XZCE,5206,5090,5220,1790,46292780,6672,6474,5450,4930,5190,5160,0,5150,0,0,0,2017-04-24,33332000,5198,3,0,0,0,0,0,0,0,0,5214,1,0,0,0,0,0,0,0,0
529,2017-04-24,09:15:36,0,SF705,XZCE,5206,5090,5220,1790,46292780,6672,6474,5450,4930,5190,5160,0,5150,0,0,0,2017-04-24,33336000,5200,1,0,0,0,0,0,0,0,0,5214,1,0,0,0,0,0,0,0,0
530,2017-04-24,09:15:37,0,SF705,XZCE,5206,5090,5220,1790,46292780,6672,6474,5450,4930,5190,5160,0,5150,0,0,0,2017-04-24,33337000,5202,3,0,0,0,0,0,0,0,0,5214,1,0,0,0,0,0,0,0,0
531,2017-04-24,09:15:40,0,SF705,XZCE,5206,5090,5220,1790,46292780,6672,6474,5450,4930,5190,5160,0,5150,0,0,0,2017-04-24,33340000,5204,2,0,0,0,0,0,0,0,0,5214,1,0,0,0,0,0,0,0,0
532,2017-04-24,09:15:41,0,SF705,XZCE,5214,5090,5220,1792,46344920,6674,6474,5450,4930,5190,5160,0,5150,0,0,0,2017-04-24,33341000,5204,2,0,0,0,0,0,0,0,0,5218,2,0,0,0,0,0,0,0,0
533,2017-04-24,09:15:43,0,SF705,XZCE,5220,5090,5220,1812,46866920,6694,6474,5450,4930,5190,5160,0,5150,0,0,0,2017-04-24,33343000,5214,1,0,0,0,0,0,0,0,0,5220,2,0,0,0,0,0,0,0,0
534,2017-04-24,09:15:45,0,SF705,XZCE,5214,5090,5220,1814,46919060,6696,6474,5450,4930,5190,5160,0,5150,0,0,0,2017-04-24,33345000,5206,1,0,0,0,0,0,0,0,0,5220,2,0,0,0,0,0,0,0,0
535,2017-04-24,09:15:46,0,SF705,XZCE,5214,5090,5220,1814,46919060,6696,6474,5450,4930,5190,5160,0,5150,0,0,0,2017-04-24,33346000,5214,1,0,0,0,0,0,0,0,0,5220,2,0,0,0,0,0,0,0,0
536,2017-04-24,09:15:48,0,SF705,XZCE,5214,5090,5220,1814,46919060,6696,6474,5450,4930,5190,5160,0,5150,0,0,0,2017-04-24,33348000,5214,1,0,0,0,0,0,0,0,0,5220,9,0,0,0,0,0,0,0,0
537,2017-04-24,09:15:49,0,SF705,XZCE,5214,5090,5220,1814,46919060,6696,6474,5450,4930,5190,5160,0,5150,0,0,0,2017-04-24,33349000,5210,1,0,0,0,0,0,0,0,0,5218,1,0,0,0,0,0,0,0,0
538,2017-04-24,09:15:49,0,SF705,XZCE,5218,5090,5220,1816,46971240,6698,6474,5450,4930,5190,5160,0,5150,0,0,0,2017-04-24,33349000,5210,1,0,0,0,0,0,0,0,0,5220,9,0,0,0,0,0,0,0,0
539,2017-04-24,09:15:51,0,SF705,XZCE,5218,5090,5220,1816,46971240,6698,6474,5450,4930,5190,5160,0,5150,0,0,0,2017-04-24,33351000,5210,1,0,0,0,0,0,0,0,0,5218,1,0,0,0,0,0,0,0,0
540,2017-04-24,09:15:52,0,SF705,XZCE,5218,5090,5220,1816,46971240,6698,6474,5450,4930,5190,5160,0,5150,0,0,0,2017-04-24,33352000,5212,5,0,0,0,0,0,0,0,0,5218,1,0,0,0,0,0,0,0,0
541,2017-04-24,09:15:52,0,SF705,XZCE,5218,5090,5220,1816,46971240,6698,6474,5450,4930,5190,5160,0,5150,0,0,0,2017-04-24,33352000,5212,6,0,0,0,0,0,0,0,0,5218,1,0,0,0,0,0,0,0,0
542,2017-04-24,09:15:53,0,SF705,XZCE,5218,5090,5220,1816,46971240,6698,6474,5450,4930,5190,5160,0,5150,0,0,0,2017-04-24,33353000,5212,5,0,0,0,0,0,0,0,0,5218,1,0,0,0,0,0,0,0,0
543,2017-04-24,09:15:56,0,SF705,XZCE,5220,5090,5220,1836,47493240,6702,6474,5450,4930,5190,5160,0,5150,0,0,0,2017-04-24,33356000,5212,5,0,0,0,0,0,0,0,0,5220,8,0,0,0,0,0,0,0,0
544,2017-04-24,09:15:56,0,SF705,XZCE,5220,5090,5220,1836,47493240,6702,6474,5450,4930,5190,5160,0,5150,0,0,0,2017-04-24,33356000,5214,1,0,0,0,0,0,0,0,0,5220,8,0,0,0,0,0,0,0,0
545,2017-04-24,09:15:59,0,SF705,XZCE,5220,5090,5220,1838,47545440,6704,6474,5450,4930,5190,5160,0,5150,0,0,0,2017-04-24,33359000,5214,1,0,0,0,0,0,0,0,0,5220,7,0,0,0,0,0,0,0,0
546,2017-04-24,09:15:59,0,SF705,XZCE,5220,5090,5220,1838,47545440,6704,6474,5450,4930,5190,5160,0,5150,0,0,0,2017-04-24,33359000,5216,2,0,0,0,0,0,0,0,0,5220,7,0,0,0,0,0,0,0,0
547,2017-04-24,09:16:00,0,SF705,XZCE,5216,5090,5220,1842,47649760,6704,6474,5450,4930,5190,5160,0,5150,0,0,0,2017-04-24,33360000,5214,1,0,0,0,0,0,0,0,0,5216,8,0,0,0,0,0,0,0,0
548,2017-04-24,09:16:01,0,SF705,XZCE,5214,5090,5220,1844,47701900,6702,6474,5450,4930,5190,5160,0,5150,0,0,0,2017-04-24,33361000,5210,1,0,0,0,0,0,0,0,0,5216,8,0,0,0,0,0,0,0,0
549,2017-04-24,09:16:02,0,SF705,XZCE,5214,5090,5220,1844,47701900,6702,6474,5450,4930,5190,5160,0,5150,0,0,0,2017-04-24,33362000,5210,1,0,0,0,0,0,0,0,0,5218,10,0,0,0,0,0,0,0,0
550,2017-04-24,09:16:05,0,SF705,XZCE,5214,5090,5220,1844,47701900,6702,6474,5450,4930,5190,5160,0,5150,0,0,0,2017-04-24,33365000,5210,1,0,0,0,0,0,0,0,0,5218,18,0,0,0,0,0,0,0,0
551,2017-04-24,09:16:06,0,SF705,XZCE,5214,5090,5220,1844,47701900,6702,6474,5450,4930,5190,5160,0,5150,0,0,0,2017-04-24,33366000,5212,1,0,0,0,0,0,0,0,0,5218,18,0,0,0,0,0,0,0,0
552,2017-04-24,09:16:07,0,SF705,XZCE,5214,5090,5220,1844,47701900,6702,6474,5450,4930,5190,5160,0,5150,0,0,0,2017-04-24,33367000,5212,1,0,0,0,0,0,0,0,0,5218,22,0,0,0,0,0,0,0,0
553,2017-04-24,09:16:08,0,SF705,XZCE,5218,5090,5220,1864,48223700,6702,6474,5450,4930,5190,5160,0,5150,0,0,0,2017-04-24,33368000,5212,1,0,0,0,0,0,0,0,0,5218,12,0,0,0,0,0,0,0,0
554,2017-04-24,09:16:10,0,SF705,XZCE,5218,5090,5220,1864,48223700,6702,6474,5450,4930,5190,5160,0,5150,0,0,0,2017-04-24,33370000,5212,1,0,0,0,0,0,0,0,0,5216,1,0,0,0,0,0,0,0,0
555,2017-04-24,09:16:10,0,SF705,XZCE,5218,5090,5220,1864,48223700,6702,6474,5450,4930,5190,5160,0,5150,0,0,0,2017-04-24,33370000,5212,1,0,0,0,0,0,0,0,0,5216,2,0,0,0,0,0,0,0,0
556,2017-04-24,09:16:11,0,SF705,XZCE,5218,5090,5220,1864,48223700,6702,6474,5450,4930,5190,5160,0,5150,0,0,0,2017-04-24,33371000,5212,1,0,0,0,0,0,0,0,0,5216,3,0,0,0,0,0,0,0,0
557,2017-04-24,09:16:12,0,SF705,XZCE,5212,5090,5220,1866,48275820,6702,6474,5450,4930,5190,5160,0,5150,0,0,0,2017-04-24,33372000,5210,2,0,0,0,0,0,0,0,0,5212,1,0,0,0,0,0,0,0,0
558,2017-04-24,09:16:15,0,SF705,XZCE,5218,5090,5220,1886,48797620,6710,6474,5450,4930,5190,5160,0,5150,0,0,0,2017-04-24,33375000,5210,2,0,0,0,0,0,0,0,0,5218,6,0,0,0,0,0,0,0,0
559,2017-04-24,09:16:16,0,SF705,XZCE,5218,5090,5220,1886,48797620,6710,6474,5450,4930,5190,5160,0,5150,0,0,0,2017-04-24,33376000,5212,2,0,0,0,0,0,0,0,0,5218,6,0,0,0,0,0,0,0,0
560,2017-04-24,09:16:17,0,SF705,XZCE,5218,5090,5220,1886,48797620,6710,6474,5450,4930,5190,5160,0,5150,0,0,0,2017-04-24,33377000,5212,14,0,0,0,0,0,0,0,0,5218,6,0,0,0,0,0,0,0,0
561,2017-04-24,09:16:18,0,SF705,XZCE,5218,5090,5220,1886,48797620,6710,6474,5450,4930,5190,5160,0,5150,0,0,0,2017-04-24,33378000,5212,14,0,0,0,0,0,0,0,0,5218,14,0,0,0,0,0,0,0,0
562,2017-04-24,09:16:18,0,SF705,XZCE,5218,5090,5220,1886,48797620,6710,6474,5450,4930,5190,5160,0,5150,0,0,0,2017-04-24,33378000,5212,12,0,0,0,0,0,0,0,0,5218,14,0,0,0,0,0,0,0,0
563,2017-04-24,09:16:19,0,SF705,XZCE,5218,5090,5220,1886,48797620,6710,6474,5450,4930,5190,5160,0,5150,0,0,0,2017-04-24,33379000,5214,3,0,0,0,0,0,0,0,0,5218,14,0,0,0,0,0,0,0,0
564,2017-04-24,09:16:20,0,SF705,XZCE,5218,5090,5220,1886,48797620,6710,6474,5450,4930,5190,5160,0,5150,0,0,0,2017-04-24,33380000,5214,3,0,0,0,0,0,0,0,0,5218,15,0,0,0,0,0,0,0,0
565,2017-04-24,09:16:20,0,SF705,XZCE,5218,5090,5220,1892,48954160,6710,6474,5450,4930,5190,5160,0,5150,0,0,0,2017-04-24,33380000,5214,3,0,0,0,0,0,0,0,0,5218,12,0,0,0,0,0,0,0,0
566,2017-04-24,09:16:24,0,SF705,XZCE,5218,5090,5220,1892,48954160,6710,6474,5450,4930,5190,5160,0,5150,0,0,0,2017-04-24,33384000,5216,1,0,0,0,0,0,0,0,0,5218,12,0,0,0,0,0,0,0,0
567,2017-04-24,09:16:24,0,SF705,XZCE,5216,5090,5220,1900,49162800,6710,6474,5450,4930,5190,5160,0,5150,0,0,0,2017-04-24,33384000,5214,4,0,0,0,0,0,0,0,0,5216,2,0,0,0,0,0,0,0,0
568,2017-04-24,09:16:26,0,SF705,XZCE,5216,5090,5220,1900,49162800,6710,6474,5450,4930,5190,5160,0,5150,0,0,0,2017-04-24,33386000,5214,4,0,0,0,0,0,0,0,0,5218,12,0,0,0,0,0,0,0,0
569,2017-04-24,09:16:26,0,SF705,XZCE,5216,5090,5220,1900,49162800,6710,6474,5450,4930,5190,5160,0,5150,0,0,0,2017-04-24,33386000,5214,5,0,0,0,0,0,0,0,0,5218,12,0,0,0,0,0,0,0,0
570,2017-04-24,09:16:29,0,SF705,XZCE,5214,5090,5220,1902,49214940,6710,6474,5450,4930,5190,5160,0,5150,0,0,0,2017-04-24,33389000,5214,4,0,0,0,0,0,0,0,0,5216,1,0,0,0,0,0,0,0,0
