,dataDate,dataTime,dataMillisec,instrumentID,exchangeCD,lastPrice,lowPrice,highPrice,volume,value,openInterest,preOpenInterest,upperLimitPrice,lowerLimitPrice,preSettlementPrice,prevClosePrice,settlementPrice,openPrice,closePrice,preDelta,currDelta,clearingDay,milliSecOffset,bidPrice1,bidVolume1,bidPrice2,bidVolume2,bidPrice3,bidVolume3,bidPrice4,bidVolume4,bidPrice5,bidVolume5,askPrice1,askVolume1,askPrice2,askVolume2,askPrice3,askVolume3,askPrice4,askVolume4,askPrice5,askVolume5
0,2017-04-24,08:59:00,0,SM705,XZCE,6064,6064,6064,38,1152160,14128,14156,6448,5716,6082,6070,0,6064,0,0,0,2017-04-24,32340000,6050,2,0,0,0,0,0,0,0,0,6064,33,0,0,0,0,0,0,0,0
1,2017-04-24,09:00:00,0,SM705,XZCE,6064,6064,6064,38,1152160,14128,14156,6448,5716,6082,6070,0,6064,0,0,0,2017-04-24,32400000,6056,1,0,0,0,0,0,0,0,0,6064,33,0,0,0,0,0,0,0,0
2,2017-04-24,09:00:01,0,SM705,XZCE,6064,6064,6064,38,1152160,14128,14156,6448,5716,6082,6070,0,6064,0,0,0,2017-04-24,32401000,6050,2,0,0,0,0,0,0,0,0,6062,3,0,0,0,0,0,0,0,0
3,2017-04-24,09:00:02,0,SM705,XZCE,6064,6064,6064,38,1152160,14128,14156,6448,5716,6082,6070,0,6064,0,0,0,2017-04-24,32402000,6050,2,0,0,0,0,0,0,0,0,6060,6,0,0,0,0,0,0,0,0
4,2017-04-24,09:00:03,0,SM705,XZCE,6064,6064,6064,38,1152160,14128,14156,6448,5716,6082,6070,0,6064,0,0,0,2017-04-24,32403000,6050,3,0,0,0,0,0,0,0,0,6060,6,0,0,0,0,0,0,0,0
5,2017-04-24,09:00:03,0,SM705,XZCE,6064,6064,6064,38,1152160,14128,14156,6448,5716,6082,6070,0,6064,0,0,0,2017-04-24,32403000,6050,2,0,0,0,0,0,0,0,0,6060,6,0,0,0,0,0,0,0,0
6,2017-04-24,09:00:04,0,SM705,XZCE,6050,6050,6064,40,1212660,14130,14156,6448,5716,6082,6070,0,6064,0,0,0,2017-04-24,32404000,6050,1,0,0,0,0,0,0,0,0,6060,6,0,0,0,0,0,0,0,0
7,2017-04-24,09:00:04,0,SM705,XZCE,6058,6050,6064,42,1273240,14132,14156,6448,5716,6082,6070,0,6064,0,0,0,2017-04-24,32404000,6050,1,0,0,0,0,0,0,0,0,6058,2,0,0,0,0,0,0,0,0
8,2017-04-24,09:00:06,0,SM705,XZCE,6048,6048,6064,48,1454680,14134,14156,6448,5716,6082,6070,0,6064,0,0,0,2017-04-24,32406000,6046,2,0,0,0,0,0,0,0,0,6062,5,0,0,0,0,0,0,0,0
9,2017-04-24,09:00:07,0,SM705,XZCE,6048,6048,6064,48,1454680,14134,14156,6448,5716,6082,6070,0,6064,0,0,0,2017-04-24,32407000,6048,1,0,0,0,0,0,0,0,0,6062,5,0,0,0,0,0,0,0,0
10,2017-04-24,09:00:07,0,SM705,XZCE,6048,6048,6064,48,1454680,14134,14156,6448,5716,6082,6070,0,6064,0,0,0,2017-04-24,32407000,6048,1,0,0,0,0,0,0,0,0,6060,6,0,0,0,0,0,0,0,0
11,2017-04-24,09:00:08,0,SM705,XZCE,6048,6048,6064,48,1454680,14134,14156,6448,5716,6082,6070,0,6064,0,0,0,2017-04-24,32408000,6050,1,0,0,0,0,0,0,0,0,6060,6,0,0,0,0,0,0,0,0
12,2017-04-24,09:00:09,0,SM705,XZCE,6048,6048,6064,48,1454680,14134,14156,6448,5716,6082,6070,0,6064,0,0,0,2017-04-24,32409000,6050,1,0,0,0,0,0,0,0,0,6056,1,0,0,0,0,0,0,0,0
13,2017-04-24,09:00:11,0,SM705,XZCE,6050,6048,6064,50,1515180,14134,14156,6448,5716,6082,6070,0,6064,0,0,0,2017-04-24,32411000,6046,2,0,0,0,0,0,0,0,0,6052,2,0,0,0,0,0,0,0,0
14,2017-04-24,09:00:11,0,SM705,XZCE,6050,6048,6064,50,1515180,14134,14156,6448,5716,6082,6070,0,6064,0,0,0,2017-04-24,32411000,6046,2,0,0,0,0,0,0,0,0,6050,5,0,0,0,0,0,0,0,0
15,2017-04-24,09:00:12,0,SM705,XZCE,6046,6046,6064,54,1636100,14134,14156,6448,5716,6082,6070,0,6064,0,0,0,2017-04-24,32412000,6044,2,0,0,0,0,0,0,0,0,6046,3,0,0,0,0,0,0,0,0
16,2017-04-24,09:00:12,0,SM705,XZCE,6042,6042,6064,60,1817360,14134,14156,6448,5716,6082,6070,0,6064,0,0,0,2017-04-24,32412000,6042,1,0,0,0,0,0,0,0,0,6046,1,0,0,0,0,0,0,0,0
17,2017-04-24,09:00:13,0,SM705,XZCE,6042,6042,6064,62,1877780,14136,14156,6448,5716,6082,6070,0,6064,0,0,0,2017-04-24,32413000,6040,2,0,0,0,0,0,0,0,0,6050,4,0,0,0,0,0,0,0,0
18,2017-04-24,09:00:13,0,SM705,XZCE,6040,6040,6064,66,1998580,14136,14156,6448,5716,6082,6070,0,6064,0,0,0,2017-04-24,32413000,6038,2,0,0,0,0,0,0,0,0,6050,4,0,0,0,0,0,0,0,0
19,2017-04-24,09:00:14,0,SM705,XZCE,6050,6040,6064,68,2059080,14136,14156,6448,5716,6082,6070,0,6064,0,0,0,2017-04-24,32414000,6038,2,0,0,0,0,0,0,0,0,6050,4,0,0,0,0,0,0,0,0
20,2017-04-24,09:00:15,0,SM705,XZCE,6050,6040,6064,68,2059080,14136,14156,6448,5716,6082,6070,0,6064,0,0,0,2017-04-24,32415000,6038,2,0,0,0,0,0,0,0,0,6048,3,0,0,0,0,0,0,0,0
21,2017-04-24,09:00:15,0,SM705,XZCE,6050,6040,6064,68,2059080,14136,14156,6448,5716,6082,6070,0,6064,0,0,0,2017-04-24,32415000,6038,2,0,0,0,0,0,0,0,0,6050,4,0,0,0,0,0,0,0,0
22,2017-04-24,09:00:16,0,SM705,XZCE,6050,6040,6064,68,2059080,14136,14156,6448,5716,6082,6070,0,6064,0,0,0,2017-04-24,32416000,6038,2,0,0,0,0,0,0,0,0,6050,5,0,0,0,0,0,0,0,0
23,2017-04-24,09:00:17,0,SM705,XZCE,6050,6040,6064,68,2059080,14136,14156,6448,5716,6082,6070,0,6064,0,0,0,2017-04-24,32417000,6040,3,0,0,0,0,0,0,0,0,6050,5,0,0,0,0,0,0,0,0
24,2017-04-24,09:00:17,0,SM705,XZCE,6050,6040,6064,68,2059080,14136,14156,6448,5716,6082,6070,0,6064,0,0,0,2017-04-24,32417000,6040,3,0,0,0,0,0,0,0,0,6048,1,0,0,0,0,0,0,0,0
25,2017-04-24,09:00:18,0,SM705,XZCE,6038,6038,6064,76,2300600,14136,14156,6448,5716,6082,6070,0,6064,0,0,0,2017-04-24,32418000,6038,16,0,0,0,0,0,0,0,0,6048,1,0,0,0,0,0,0,0,0
26,2017-04-24,09:00:18,0,SM705,XZCE,6050,6038,6064,86,2603100,14146,14156,6448,5716,6082,6070,0,6064,0,0,0,2017-04-24,32418000,6038,16,0,0,0,0,0,0,0,0,6050,1,0,0,0,0,0,0,0,0
27,2017-04-24,09:00:20,0,SM705,XZCE,6050,6038,6064,86,2603100,14146,14156,6448,5716,6082,6070,0,6064,0,0,0,2017-04-24,32420000,6040,3,0,0,0,0,0,0,0,0,6050,1,0,0,0,0,0,0,0,0
28,2017-04-24,09:00:22,0,SM705,XZCE,6040,6038,6064,88,2663500,14146,14156,6448,5716,6082,6070,0,6064,0,0,0,2017-04-24,32422000,6040,2,0,0,0,0,0,0,0,0,6048,3,0,0,0,0,0,0,0,0
29,2017-04-24,09:00:23,0,SM705,XZCE,6040,6038,6064,88,2663500,14146,14156,6448,5716,6082,6070,0,6064,0,0,0,2017-04-24,32423000,6046,1,0,0,0,0,0,0,0,0,6048,3,0,0,0,0,0,0,0,0
30,2017-04-24,09:00:24,0,SM705,XZCE,6040,6038,6064,88,2663500,14146,14156,6448,5716,6082,6070,0,6064,0,0,0,2017-04-24,32424000,6040,2,0,0,0,0,0,0,0,0,6048,3,0,0,0,0,0,0,0,0
31,2017-04-24,09:00:25,0,SM705,XZCE,6040,6038,6064,88,2663500,14146,14156,6448,5716,6082,6070,0,6064,0,0,0,2017-04-24,32425000,6040,3,0,0,0,0,0,0,0,0,6048,3,0,0,0,0,0,0,0,0
32,2017-04-24,09:00:26,0,SM705,XZCE,6040,6038,6064,88,2663500,14146,14156,6448,5716,6082,6070,0,6064,0,0,0,2017-04-24,32426000,6040,2,0,0,0,0,0,0,0,0,6048,3,0,0,0,0,0,0,0,0
33,2017-04-24,09:00:26,0,SM705,XZCE,6048,6038,6064,92,2784460,14146,14156,6448,5716,6082,6070,0,6064,0,0,0,2017-04-24,32426000,6040,3,0,0,0,0,0,0,0,0,6048,1,0,0,0,0,0,0,0,0
34,2017-04-24,09:00:27,0,SM705,XZCE,6048,6038,6064,94,2844940,14144,14156,6448,5716,6082,6070,0,6064,0,0,0,2017-04-24,32427000,6040,3,0,0,0,0,0,0,0,0,6050,2,0,0,0,0,0,0,0,0
35,2017-04-24,09:00:29,0,SM705,XZCE,6040,6038,6064,104,3146940,14146,14156,6448,5716,6082,6070,0,6064,0,0,0,2017-04-24,32429000,6038,16,0,0,0,0,0,0,0,0,6040,2,0,0,0,0,0,0,0,0
36,2017-04-24,09:00:30,0,SM705,XZCE,6040,6038,6064,106,3207340,14148,14156,6448,5716,6082,6070,0,6064,0,0,0,2017-04-24,32430000,6038,16,0,0,0,0,0,0,0,0,6040,1,0,0,0,0,0,0,0,0
37,2017-04-24,09:00:30,0,SM705,XZCE,6040,6038,6064,108,3267740,14150,14156,6448,5716,6082,6070,0,6064,0,0,0,2017-04-24,32430000,6040,3,0,0,0,0,0,0,0,0,6050,6,0,0,0,0,0,0,0,0
38,2017-04-24,09:00:32,0,SM705,XZCE,6040,6038,6064,108,3267740,14150,14156,6448,5716,6082,6070,0,6064,0,0,0,2017-04-24,32432000,6040,3,0,0,0,0,0,0,0,0,6048,5,0,0,0,0,0,0,0,0
39,2017-04-24,09:00:33,0,SM705,XZCE,6040,6038,6064,112,3388540,14154,14156,6448,5716,6082,6070,0,6064,0,0,0,2017-04-24,32433000,6040,1,0,0,0,0,0,0,0,0,6046,2,0,0,0,0,0,0,0,0
40,2017-04-24,09:00:34,0,SM705,XZCE,6040,6038,6064,114,3448940,14154,14156,6448,5716,6082,6070,0,6064,0,0,0,2017-04-24,32434000,6038,16,0,0,0,0,0,0,0,0,6040,1,0,0,0,0,0,0,0,0
41,2017-04-24,09:00:35,0,SM705,XZCE,6038,6038,6064,120,3630080,14156,14156,6448,5716,6082,6070,0,6064,0,0,0,2017-04-24,32435000,6038,13,0,0,0,0,0,0,0,0,6040,1,0,0,0,0,0,0,0,0
42,2017-04-24,09:00:36,0,SM705,XZCE,6038,6038,6064,122,3690460,14154,14156,6448,5716,6082,6070,0,6064,0,0,0,2017-04-24,32436000,6040,2,0,0,0,0,0,0,0,0,6044,3,0,0,0,0,0,0,0,0
43,2017-04-24,09:00:38,0,SM705,XZCE,6038,6038,6064,122,3690460,14154,14156,6448,5716,6082,6070,0,6064,0,0,0,2017-04-24,32438000,6040,2,0,0,0,0,0,0,0,0,6048,6,0,0,0,0,0,0,0,0
44,2017-04-24,09:00:38,0,SM705,XZCE,6038,6038,6064,122,3690460,14154,14156,6448,5716,6082,6070,0,6064,0,0,0,2017-04-24,32438000,6042,1,0,0,0,0,0,0,0,0,6046,3,0,0,0,0,0,0,0,0
45,2017-04-24,09:00:39,0,SM705,XZCE,6040,6038,6064,124,3750860,14156,14156,6448,5716,6082,6070,0,6064,0,0,0,2017-04-24,32439000,6040,2,0,0,0,0,0,0,0,0,6046,3,0,0,0,0,0,0,0,0
46,2017-04-24,09:00:41,0,SM705,XZCE,6040,6038,6064,128,3871660,14156,14156,6448,5716,6082,6070,0,6064,0,0,0,2017-04-24,32441000,6038,12,0,0,0,0,0,0,0,0,6040,10,0,0,0,0,0,0,0,0
47,2017-04-24,09:00:42,0,SM705,XZCE,6034,6034,6064,158,4776760,14162,14156,6448,5716,6082,6070,0,6064,0,0,0,2017-04-24,32442000,6034,1,0,0,0,0,0,0,0,0,6040,10,0,0,0,0,0,0,0,0
48,2017-04-24,09:00:42,0,SM705,XZCE,6028,6028,6064,174,5259000,14178,14156,6448,5716,6082,6070,0,6064,0,0,0,2017-04-24,32442000,6026,2,0,0,0,0,0,0,0,0,6030,9,0,0,0,0,0,0,0,0
49,2017-04-24,09:00:42,0,SM705,XZCE,6026,6026,6064,182,5500040,14182,14156,6448,5716,6082,6070,0,6064,0,0,0,2017-04-24,32442000,6024,2,0,0,0,0,0,0,0,0,6030,8,0,0,0,0,0,0,0,0
50,2017-04-24,09:00:43,0,SM705,XZCE,6026,6026,6064,182,5500040,14182,14156,6448,5716,6082,6070,0,6064,0,0,0,2017-04-24,32443000,6024,2,0,0,0,0,0,0,0,0,6028,3,0,0,0,0,0,0,0,0
51,2017-04-24,09:00:43,0,SM705,XZCE,6024,6024,6064,184,5560280,14184,14156,6448,5716,6082,6070,0,6064,0,0,0,2017-04-24,32443000,6024,1,0,0,0,0,0,0,0,0,6028,3,0,0,0,0,0,0,0,0
52,2017-04-24,09:00:45,0,SM705,XZCE,6022,6022,6064,190,5740940,14184,14156,6448,5716,6082,6070,0,6064,0,0,0,2017-04-24,32445000,6020,2,0,0,0,0,0,0,0,0,6028,3,0,0,0,0,0,0,0,0
53,2017-04-24,09:00:45,0,SM705,XZCE,6022,6022,6064,190,5740940,14184,14156,6448,5716,6082,6070,0,6064,0,0,0,2017-04-24,32445000,6020,2,0,0,0,0,0,0,0,0,6030,1,0,0,0,0,0,0,0,0
54,2017-04-24,09:00:46,0,SM705,XZCE,6022,6022,6064,190,5740940,14184,14156,6448,5716,6082,6070,0,6064,0,0,0,2017-04-24,32446000,6022,5,0,0,0,0,0,0,0,0,6030,1,0,0,0,0,0,0,0,0
55,2017-04-24,09:00:48,0,SM705,XZCE,6022,6022,6064,190,5740940,14184,14156,6448,5716,6082,6070,0,6064,0,0,0,2017-04-24,32448000,6024,1,0,0,0,0,0,0,0,0,6030,1,0,0,0,0,0,0,0,0
56,2017-04-24,09:00:48,0,SM705,XZCE,6022,6022,6064,192,5801160,14186,14156,6448,5716,6082,6070,0,6064,0,0,0,2017-04-24,32448000,6022,4,0,0,0,0,0,0,0,0,6030,1,0,0,0,0,0,0,0,0
57,2017-04-24,09:00:49,0,SM705,XZCE,6022,6022,6064,192,5801160,14186,14156,6448,5716,6082,6070,0,6064,0,0,0,2017-04-24,32449000,6020,6,0,0,0,0,0,0,0,0,6030,1,0,0,0,0,0,0,0,0
58,2017-04-24,09:00:50,0,SM705,XZCE,6022,6022,6064,192,5801160,14186,14156,6448,5716,6082,6070,0,6064,0,0,0,2017-04-24,32450000,6024,1,0,0,0,0,0,0,0,0,6030,1,0,0,0,0,0,0,0,0
59,2017-04-24,09:00:51,0,SM705,XZCE,6022,6022,6064,196,5921600,14184,14156,6448,5716,6082,6070,0,6064,0,0,0,2017-04-24,32451000,6020,2,0,0,0,0,0,0,0,0,6030,1,0,0,0,0,0,0,0,0
60,2017-04-24,09:00:52,0,SM705,XZCE,6020,6020,6064,198,5981800,14186,14156,6448,5716,6082,6070,0,6064,0,0,0,2017-04-24,32452000,6020,1,0,0,0,0,0,0,0,0,6028,3,0,0,0,0,0,0,0,0
61,2017-04-24,09:00:52,0,SM705,XZCE,6020,6020,6064,198,5981800,14186,14156,6448,5716,6082,6070,0,6064,0,0,0,2017-04-24,32452000,6020,6,0,0,0,0,0,0,0,0,6028,3,0,0,0,0,0,0,0,0
62,2017-04-24,09:00:54,0,SM705,XZCE,6020,6020,6064,198,5981800,14186,14156,6448,5716,6082,6070,0,6064,0,0,0,2017-04-24,32454000,6022,90,0,0,0,0,0,0,0,0,6028,3,0,0,0,0,0,0,0,0
63,2017-04-24,09:00:55,0,SM705,XZCE,6028,6020,6064,204,6162640,14182,14156,6448,5716,6082,6070,0,6064,0,0,0,2017-04-24,32455000,6022,88,0,0,0,0,0,0,0,0,6028,2,0,0,0,0,0,0,0,0
64,2017-04-24,09:00:55,0,SM705,XZCE,6022,6020,6064,226,6825060,14186,14156,6448,5716,6082,6070,0,6064,0,0,0,2017-04-24,32455000,6022,82,0,0,0,0,0,0,0,0,6030,1,0,0,0,0,0,0,0,0
65,2017-04-24,09:00:56,0,SM705,XZCE,6028,6020,6064,230,6945620,14186,14156,6448,5716,6082,6070,0,6064,0,0,0,2017-04-24,32456000,6028,8,0,0,0,0,0,0,0,0,6030,1,0,0,0,0,0,0,0,0
66,2017-04-24,09:00:56,0,SM705,XZCE,6028,6020,6064,234,7066180,14186,14156,6448,5716,6082,6070,0,6064,0,0,0,2017-04-24,32456000,6028,11,0,0,0,0,0,0,0,0,6030,2,0,0,0,0,0,0,0,0
67,2017-04-24,09:00:57,0,SM705,XZCE,6030,6020,6064,238,7186780,14186,14156,6448,5716,6082,6070,0,6064,0,0,0,2017-04-24,32457000,6028,10,0,0,0,0,0,0,0,0,6036,1,0,0,0,0,0,0,0,0
68,2017-04-24,09:00:57,0,SM705,XZCE,6036,6020,6064,242,7307500,14188,14156,6448,5716,6082,6070,0,6064,0,0,0,2017-04-24,32457000,6028,10,0,0,0,0,0,0,0,0,6042,1,0,0,0,0,0,0,0,0
69,2017-04-24,09:00:57,0,SM705,XZCE,6036,6020,6064,242,7307500,14188,14156,6448,5716,6082,6070,0,6064,0,0,0,2017-04-24,32457000,6028,10,0,0,0,0,0,0,0,0,6044,1,0,0,0,0,0,0,0,0
70,2017-04-24,09:00:58,0,SM705,XZCE,6036,6020,6064,242,7307500,14188,14156,6448,5716,6082,6070,0,6064,0,0,0,2017-04-24,32458000,6028,10,0,0,0,0,0,0,0,0,6042,3,0,0,0,0,0,0,0,0
71,2017-04-24,09:00:59,0,SM705,XZCE,6036,6020,6064,242,7307500,14188,14156,6448,5716,6082,6070,0,6064,0,0,0,2017-04-24,32459000,6030,1,0,0,0,0,0,0,0,0,6042,3,0,0,0,0,0,0,0,0
72,2017-04-24,09:01:00,0,SM705,XZCE,6036,6020,6064,242,7307500,14188,14156,6448,5716,6082,6070,0,6064,0,0,0,2017-04-24,32460000,6036,1,0,0,0,0,0,0,0,0,6042,3,0,0,0,0,0,0,0,0
73,2017-04-24,09:01:01,0,SM705,XZCE,6036,6020,6064,242,7307500,14188,14156,6448,5716,6082,6070,0,6064,0,0,0,2017-04-24,32461000,6036,1,0,0,0,0,0,0,0,0,6048,6,0,0,0,0,0,0,0,0
74,2017-04-24,09:01:02,0,SM705,XZCE,6036,6020,6064,242,7307500,14188,14156,6448,5716,6082,6070,0,6064,0,0,0,2017-04-24,32462000,6036,1,0,0,0,0,0,0,0,0,6046,3,0,0,0,0,0,0,0,0
75,2017-04-24,09:01:07,0,SM705,XZCE,6036,6020,6064,242,7307500,14188,14156,6448,5716,6082,6070,0,6064,0,0,0,2017-04-24,32467000,6036,1,0,0,0,0,0,0,0,0,6048,6,0,0,0,0,0,0,0,0
76,2017-04-24,09:01:08,0,SM705,XZCE,6036,6020,6064,242,7307500,14188,14156,6448,5716,6082,6070,0,6064,0,0,0,2017-04-24,32468000,6036,1,0,0,0,0,0,0,0,0,6048,5,0,0,0,0,0,0,0,0
77,2017-04-24,09:01:08,0,SM705,XZCE,6036,6020,6064,242,7307500,14188,14156,6448,5716,6082,6070,0,6064,0,0,0,2017-04-24,32468000,6036,1,0,0,0,0,0,0,0,0,6046,2,0,0,0,0,0,0,0,0
78,2017-04-24,09:01:08,0,SM705,XZCE,6036,6020,6064,242,7307500,14188,14156,6448,5716,6082,6070,0,6064,0,0,0,2017-04-24,32468000,6036,1,0,0,0,0,0,0,0,0,6046,3,0,0,0,0,0,0,0,0
79,2017-04-24,09:01:10,0,SM705,XZCE,6044,6020,6064,244,7367940,14186,14156,6448,5716,6082,6070,0,6064,0,0,0,2017-04-24,32470000,6036,1,0,0,0,0,0,0,0,0,6044,2,0,0,0,0,0,0,0,0
80,2017-04-24,09:01:12,0,SM705,XZCE,6044,6020,6064,244,7367940,14186,14156,6448,5716,6082,6070,0,6064,0,0,0,2017-04-24,32472000,6036,1,0,0,0,0,0,0,0,0,6046,3,0,0,0,0,0,0,0,0
81,2017-04-24,09:01:14,0,SM705,XZCE,6046,6020,6064,254,7670240,14186,14156,6448,5716,6082,6070,0,6064,0,0,0,2017-04-24,32474000,6036,1,0,0,0,0,0,0,0,0,6048,5,0,0,0,0,0,0,0,0
82,2017-04-24,09:01:15,0,SM705,XZCE,6036,6020,6064,258,7790960,14188,14156,6448,5716,6082,6070,0,6064,0,0,0,2017-04-24,32475000,6038,3,0,0,0,0,0,0,0,0,6048,5,0,0,0,0,0,0,0,0
83,2017-04-24,09:01:16,0,SM705,XZCE,6048,6020,6064,276,8335280,14180,14156,6448,5716,6082,6070,0,6064,0,0,0,2017-04-24,32476000,6048,1,0,0,0,0,0,0,0,0,6050,10,0,0,0,0,0,0,0,0
84,2017-04-24,09:01:18,0,SM705,XZCE,6048,6020,6064,278,8395760,14178,14156,6448,5716,6082,6070,0,6064,0,0,0,2017-04-24,32478000,6040,1,0,0,0,0,0,0,0,0,6050,10,0,0,0,0,0,0,0,0
85,2017-04-24,09:01:18,0,SM705,XZCE,6048,6020,6064,278,8395760,14178,14156,6448,5716,6082,6070,0,6064,0,0,0,2017-04-24,32478000,6048,1,0,0,0,0,0,0,0,0,6050,10,0,0,0,0,0,0,0,0
86,2017-04-24,09:01:21,0,SM705,XZCE,6048,6020,6064,280,8456240,14178,14156,6448,5716,6082,6070,0,6064,0,0,0,2017-04-24,32481000,6040,1,0,0,0,0,0,0,0,0,6050,10,0,0,0,0,0,0,0,0
87,2017-04-24,09:01:21,0,SM705,XZCE,6048,6020,6064,280,8456240,14178,14156,6448,5716,6082,6070,0,6064,0,0,0,2017-04-24,32481000,6040,1,0,0,0,0,0,0,0,0,6042,1,0,0,0,0,0,0,0,0
88,2017-04-24,09:01:22,0,SM705,XZCE,6040,6020,6064,282,8516640,14180,14156,6448,5716,6082,6070,0,6064,0,0,0,2017-04-24,32482000,6030,1,0,0,0,0,0,0,0,0,6042,2,0,0,0,0,0,0,0,0
89,2017-04-24,09:01:22,0,SM705,XZCE,6040,6020,6064,282,8516640,14180,14156,6448,5716,6082,6070,0,6064,0,0,0,2017-04-24,32482000,6030,1,0,0,0,0,0,0,0,0,6040,2,0,0,0,0,0,0,0,0
90,2017-04-24,09:01:23,0,SM705,XZCE,6040,6020,6064,282,8516640,14180,14156,6448,5716,6082,6070,0,6064,0,0,0,2017-04-24,32483000,6030,1,0,0,0,0,0,0,0,0,6042,2,0,0,0,0,0,0,0,0
91,2017-04-24,09:01:23,0,SM705,XZCE,6040,6020,6064,282,8516640,14180,14156,6448,5716,6082,6070,0,6064,0,0,0,2017-04-24,32483000,6030,1,0,0,0,0,0,0,0,0,6040,4,0,0,0,0,0,0,0,0
92,2017-04-24,09:01:24,0,SM705,XZCE,6040,6020,6064,282,8516640,14180,14156,6448,5716,6082,6070,0,6064,0,0,0,2017-04-24,32484000,6030,1,0,0,0,0,0,0,0,0,6038,2,0,0,0,0,0,0,0,0
93,2017-04-24,09:01:24,0,SM705,XZCE,6040,6020,6064,282,8516640,14180,14156,6448,5716,6082,6070,0,6064,0,0,0,2017-04-24,32484000,6030,1,0,0,0,0,0,0,0,0,6038,1,0,0,0,0,0,0,0,0
94,2017-04-24,09:01:26,0,SM705,XZCE,6038,6020,6064,286,8637400,14180,14156,6448,5716,6082,6070,0,6064,0,0,0,2017-04-24,32486000,6030,1,0,0,0,0,0,0,0,0,6040,3,0,0,0,0,0,0,0,0
95,2017-04-24,09:01:28,0,SM705,XZCE,6038,6020,6064,286,8637400,14180,14156,6448,5716,6082,6070,0,6064,0,0,0,2017-04-24,32488000,6030,2,0,0,0,0,0,0,0,0,6038,1,0,0,0,0,0,0,0,0
96,2017-04-24,09:01:30,0,SM705,XZCE,6038,6020,6064,286,8637400,14180,14156,6448,5716,6082,6070,0,6064,0,0,0,2017-04-24,32490000,6030,2,0,0,0,0,0,0,0,0,6040,2,0,0,0,0,0,0,0,0
97,2017-04-24,09:01:31,0,SM705,XZCE,6038,6020,6064,286,8637400,14180,14156,6448,5716,6082,6070,0,6064,0,0,0,2017-04-24,32491000,6030,2,0,0,0,0,0,0,0,0,6046,1,0,0,0,0,0,0,0,0
98,2017-04-24,09:01:31,0,SM705,XZCE,6038,6020,6064,286,8637400,14180,14156,6448,5716,6082,6070,0,6064,0,0,0,2017-04-24,32491000,6030,2,0,0,0,0,0,0,0,0,6044,2,0,0,0,0,0,0,0,0
99,2017-04-24,09:01:32,0,SM705,XZCE,6038,6020,6064,286,8637400,14180,14156,6448,5716,6082,6070,0,6064,0,0,0,2017-04-24,32492000,6030,2,0,0,0,0,0,0,0,0,6044,3,0,0,0,0,0,0,0,0
100,2017-04-24,09:01:32,0,SM705,XZCE,6038,6020,6064,286,8637400,14180,14156,6448,5716,6082,6070,0,6064,0,0,0,2017-04-24,32492000,6030,2,0,0,0,0,0,0,0,0,6044,2,0,0,0,0,0,0,0,0
101,2017-04-24,09:01:33,0,SM705,XZCE,6030,6020,6064,288,8697700,14182,14156,6448,5716,6082,6070,0,6064,0,0,0,2017-04-24,32493000,6030,1,0,0,0,0,0,0,0,0,6044,2,0,0,0,0,0,0,0,0
102,2017-04-24,09:01:34,0,SM705,XZCE,6030,6020,6064,288,8697700,14182,14156,6448,5716,6082,6070,0,6064,0,0,0,2017-04-24,32494000,6030,1,0,0,0,0,0,0,0,0,6050,11,0,0,0,0,0,0,0,0
103,2017-04-24,09:01:35,0,SM705,XZCE,6030,6020,6064,288,8697700,14182,14156,6448,5716,6082,6070,0,6064,0,0,0,2017-04-24,32495000,6030,1,0,0,0,0,0,0,0,0,6048,2,0,0,0,0,0,0,0,0
104,2017-04-24,09:01:36,0,SM705,XZCE,6030,6020,6064,292,8818300,14178,14156,6448,5716,6082,6070,0,6064,0,0,0,2017-04-24,32496000,6026,1,0,0,0,0,0,0,0,0,6048,2,0,0,0,0,0,0,0,0
105,2017-04-24,09:01:37,0,SM705,XZCE,6030,6020,6064,292,8818300,14178,14156,6448,5716,6082,6070,0,6064,0,0,0,2017-04-24,32497000,6030,1,0,0,0,0,0,0,0,0,6046,1,0,0,0,0,0,0,0,0
106,2017-04-24,09:01:38,0,SM705,XZCE,6030,6020,6064,292,8818300,14178,14156,6448,5716,6082,6070,0,6064,0,0,0,2017-04-24,32498000,6028,4,0,0,0,0,0,0,0,0,6046,1,0,0,0,0,0,0,0,0
107,2017-04-24,09:01:38,0,SM705,XZCE,6030,6020,6064,292,8818300,14178,14156,6448,5716,6082,6070,0,6064,0,0,0,2017-04-24,32498000,6028,3,0,0,0,0,0,0,0,0,6046,1,0,0,0,0,0,0,0,0
108,2017-04-24,09:01:41,0,SM705,XZCE,6030,6020,6064,292,8818300,14178,14156,6448,5716,6082,6070,0,6064,0,0,0,2017-04-24,32501000,6028,3,0,0,0,0,0,0,0,0,6044,2,0,0,0,0,0,0,0,0
109,2017-04-24,09:01:44,0,SM705,XZCE,6030,6020,6064,292,8818300,14178,14156,6448,5716,6082,6070,0,6064,0,0,0,2017-04-24,32504000,6030,1,0,0,0,0,0,0,0,0,6044,2,0,0,0,0,0,0,0,0
110,2017-04-24,09:01:45,0,SM705,XZCE,6030,6020,6064,294,8878600,14180,14156,6448,5716,6082,6070,0,6064,0,0,0,2017-04-24,32505000,6028,3,0,0,0,0,0,0,0,0,6044,2,0,0,0,0,0,0,0,0
111,2017-04-24,09:01:46,0,SM705,XZCE,6030,6020,6064,294,8878600,14180,14156,6448,5716,6082,6070,0,6064,0,0,0,2017-04-24,32506000,6028,3,0,0,0,0,0,0,0,0,6042,1,0,0,0,0,0,0,0,0
112,2017-04-24,09:01:47,0,SM705,XZCE,6030,6020,6064,294,8878600,14180,14156,6448,5716,6082,6070,0,6064,0,0,0,2017-04-24,32507000,6022,1,0,0,0,0,0,0,0,0,6042,1,0,0,0,0,0,0,0,0
113,2017-04-24,09:01:48,0,SM705,XZCE,6030,6020,6064,294,8878600,14180,14156,6448,5716,6082,6070,0,6064,0,0,0,2017-04-24,32508000,6022,1,0,0,0,0,0,0,0,0,6040,2,0,0,0,0,0,0,0,0
114,2017-04-24,09:01:48,0,SM705,XZCE,6030,6020,6064,294,8878600,14180,14156,6448,5716,6082,6070,0,6064,0,0,0,2017-04-24,32508000,6026,1,0,0,0,0,0,0,0,0,6040,2,0,0,0,0,0,0,0,0
115,2017-04-24,09:01:49,0,SM705,XZCE,6030,6020,6064,294,8878600,14180,14156,6448,5716,6082,6070,0,6064,0,0,0,2017-04-24,32509000,6030,2,0,0,0,0,0,0,0,0,6040,2,0,0,0,0,0,0,0,0
116,2017-04-24,09:01:51,0,SM705,XZCE,6030,6020,6064,298,8999200,14184,14156,6448,5716,6082,6070,0,6064,0,0,0,2017-04-24,32511000,6026,1,0,0,0,0,0,0,0,0,6040,2,0,0,0,0,0,0,0,0
117,2017-04-24,09:01:52,0,SM705,XZCE,6030,6020,6064,298,8999200,14184,14156,6448,5716,6082,6070,0,6064,0,0,0,2017-04-24,32512000,6028,1,0,0,0,0,0,0,0,0,6040,2,0,0,0,0,0,0,0,0
118,2017-04-24,09:01:54,0,SM705,XZCE,6030,6020,6064,298,8999200,14184,14156,6448,5716,6082,6070,0,6064,0,0,0,2017-04-24,32514000,6028,2,0,0,0,0,0,0,0,0,6040,2,0,0,0,0,0,0,0,0
119,2017-04-24,09:01:55,0,SM705,XZCE,6030,6020,6064,298,8999200,14184,14156,6448,5716,6082,6070,0,6064,0,0,0,2017-04-24,32515000,6028,2,0,0,0,0,0,0,0,0,6040,4,0,0,0,0,0,0,0,0
120,2017-04-24,09:01:56,0,SM705,XZCE,6030,6020,6064,298,8999200,14184,14156,6448,5716,6082,6070,0,6064,0,0,0,2017-04-24,32516000,6028,3,0,0,0,0,0,0,0,0,6040,4,0,0,0,0,0,0,0,0
121,2017-04-24,09:01:56,0,SM705,XZCE,6040,6020,6064,300,9059600,14184,14156,6448,5716,6082,6070,0,6064,0,0,0,2017-04-24,32516000,6028,3,0,0,0,0,0,0,0,0,6040,3,0,0,0,0,0,0,0,0
122,2017-04-24,09:01:57,0,SM705,XZCE,6040,6020,6064,300,9059600,14184,14156,6448,5716,6082,6070,0,6064,0,0,0,2017-04-24,32517000,6028,3,0,0,0,0,0,0,0,0,6040,2,0,0,0,0,0,0,0,0
123,2017-04-24,09:01:58,0,SM705,XZCE,6040,6020,6064,304,9180400,14188,14156,6448,5716,6082,6070,0,6064,0,0,0,2017-04-24,32518000,6040,2,0,0,0,0,0,0,0,0,6050,11,0,0,0,0,0,0,0,0
124,2017-04-24,09:01:59,0,SM705,XZCE,6040,6020,6064,304,9180400,14188,14156,6448,5716,6082,6070,0,6064,0,0,0,2017-04-24,32519000,6040,2,0,0,0,0,0,0,0,0,6048,1,0,0,0,0,0,0,0,0
125,2017-04-24,09:02:01,0,SM705,XZCE,6040,6020,6064,304,9180400,14188,14156,6448,5716,6082,6070,0,6064,0,0,0,2017-04-24,32521000,6040,4,0,0,0,0,0,0,0,0,6048,1,0,0,0,0,0,0,0,0
126,2017-04-24,09:02:02,0,SM705,XZCE,6040,6020,6064,306,9240800,14190,14156,6448,5716,6082,6070,0,6064,0,0,0,2017-04-24,32522000,6040,3,0,0,0,0,0,0,0,0,6048,2,0,0,0,0,0,0,0,0
127,2017-04-24,09:02:04,0,SM705,XZCE,6040,6020,6064,312,9422000,14196,14156,6448,5716,6082,6070,0,6064,0,0,0,2017-04-24,32524000,6028,3,0,0,0,0,0,0,0,0,6040,27,0,0,0,0,0,0,0,0
128,2017-04-24,09:02:08,0,SM705,XZCE,6040,6020,6064,312,9422000,14196,14156,6448,5716,6082,6070,0,6064,0,0,0,2017-04-24,32528000,6028,3,0,0,0,0,0,0,0,0,6038,1,0,0,0,0,0,0,0,0
129,2017-04-24,09:02:10,0,SM705,XZCE,6040,6020,6064,354,10690400,14194,14156,6448,5716,6082,6070,0,6064,0,0,0,2017-04-24,32530000,6028,4,0,0,0,0,0,0,0,0,6036,4,0,0,0,0,0,0,0,0
130,2017-04-24,09:02:10,0,SM705,XZCE,6040,6020,6064,354,10690400,14194,14156,6448,5716,6082,6070,0,6064,0,0,0,2017-04-24,32530000,6026,1,0,0,0,0,0,0,0,0,6036,4,0,0,0,0,0,0,0,0
131,2017-04-24,09:02:14,0,SM705,XZCE,6026,6020,6064,356,10750660,14194,14156,6448,5716,6082,6070,0,6064,0,0,0,2017-04-24,32534000,6022,23,0,0,0,0,0,0,0,0,6036,4,0,0,0,0,0,0,0,0
132,2017-04-24,09:02:19,0,SM705,XZCE,6026,6020,6064,356,10750660,14194,14156,6448,5716,6082,6070,0,6064,0,0,0,2017-04-24,32539000,6024,3,0,0,0,0,0,0,0,0,6036,4,0,0,0,0,0,0,0,0
133,2017-04-24,09:02:19,0,SM705,XZCE,6022,6020,6064,372,11232420,14194,14156,6448,5716,6082,6070,0,6064,0,0,0,2017-04-24,32539000,6024,1,0,0,0,0,0,0,0,0,6036,4,0,0,0,0,0,0,0,0
134,2017-04-24,09:02:20,0,SM705,XZCE,6022,6020,6064,372,11232420,14194,14156,6448,5716,6082,6070,0,6064,0,0,0,2017-04-24,32540000,6024,1,0,0,0,0,0,0,0,0,6034,3,0,0,0,0,0,0,0,0
135,2017-04-24,09:02:22,0,SM705,XZCE,6022,6020,6064,372,11232420,14194,14156,6448,5716,6082,6070,0,6064,0,0,0,2017-04-24,32542000,6024,2,0,0,0,0,0,0,0,0,6034,3,0,0,0,0,0,0,0,0
136,2017-04-24,09:02:23,0,SM705,XZCE,6024,6020,6064,376,11352900,14196,14156,6448,5716,6082,6070,0,6064,0,0,0,2017-04-24,32543000,6022,19,0,0,0,0,0,0,0,0,6024,18,0,0,0,0,0,0,0,0
137,2017-04-24,09:02:26,0,SM705,XZCE,6024,6020,6064,412,12437220,14232,14156,6448,5716,6082,6070,0,6064,0,0,0,2017-04-24,32546000,6022,19,0,0,0,0,0,0,0,0,6034,3,0,0,0,0,0,0,0,0
138,2017-04-24,09:02:31,0,SM705,XZCE,6024,6020,6064,412,12437220,14232,14156,6448,5716,6082,6070,0,6064,0,0,0,2017-04-24,32551000,6024,82,0,0,0,0,0,0,0,0,6034,3,0,0,0,0,0,0,0,0
139,2017-04-24,09:02:32,0,SM705,XZCE,6024,6020,6064,412,12437220,14232,14156,6448,5716,6082,6070,0,6064,0,0,0,2017-04-24,32552000,6026,3,0,0,0,0,0,0,0,0,6034,3,0,0,0,0,0,0,0,0
140,2017-04-24,09:02:33,0,SM705,XZCE,6024,6020,6064,412,12437220,14232,14156,6448,5716,6082,6070,0,6064,0,0,0,2017-04-24,32553000,6026,3,0,0,0,0,0,0,0,0,6032,7,0,0,0,0,0,0,0,0
141,2017-04-24,09:02:34,0,SM705,XZCE,6024,6020,6064,414,12497460,14234,14156,6448,5716,6082,6070,0,6064,0,0,0,2017-04-24,32554000,6026,2,0,0,0,0,0,0,0,0,6032,7,0,0,0,0,0,0,0,0
142,2017-04-24,09:02:36,0,SM705,XZCE,6032,6020,6064,426,12859380,14234,14156,6448,5716,6082,6070,0,6064,0,0,0,2017-04-24,32556000,6026,2,0,0,0,0,0,0,0,0,6032,1,0,0,0,0,0,0,0,0
143,2017-04-24,09:02:36,0,SM705,XZCE,6032,6020,6064,426,12859380,14234,14156,6448,5716,6082,6070,0,6064,0,0,0,2017-04-24,32556000,6026,2,0,0,0,0,0,0,0,0,6030,4,0,0,0,0,0,0,0,0
144,2017-04-24,09:02:39,0,SM705,XZCE,6030,6020,6064,434,13100580,14234,14156,6448,5716,6082,6070,0,6064,0,0,0,2017-04-24,32559000,6030,1,0,0,0,0,0,0,0,0,6032,1,0,0,0,0,0,0,0,0
145,2017-04-24,09:02:42,0,SM705,XZCE,6030,6020,6064,436,13160880,14236,14156,6448,5716,6082,6070,0,6064,0,0,0,2017-04-24,32562000,6026,2,0,0,0,0,0,0,0,0,6032,1,0,0,0,0,0,0,0,0
146,2017-04-24,09:02:43,0,SM705,XZCE,6030,6020,6064,436,13160880,14236,14156,6448,5716,6082,6070,0,6064,0,0,0,2017-04-24,32563000,6026,2,0,0,0,0,0,0,0,0,6032,2,0,0,0,0,0,0,0,0
147,2017-04-24,09:02:46,0,SM705,XZCE,6032,6020,6064,440,13281520,14240,14156,6448,5716,6082,6070,0,6064,0,0,0,2017-04-24,32566000,6026,2,0,0,0,0,0,0,0,0,6036,4,0,0,0,0,0,0,0,0
148,2017-04-24,09:02:48,0,SM705,XZCE,6032,6020,6064,440,13281520,14240,14156,6448,5716,6082,6070,0,6064,0,0,0,2017-04-24,32568000,6026,2,0,0,0,0,0,0,0,0,6034,1,0,0,0,0,0,0,0,0
149,2017-04-24,09:02:52,0,SM705,XZCE,6034,6020,6064,450,13583220,14240,14156,6448,5716,6082,6070,0,6064,0,0,0,2017-04-24,32572000,6026,2,0,0,0,0,0,0,0,0,6036,8,0,0,0,0,0,0,0,0
150,2017-04-24,09:02:52,0,SM705,XZCE,6026,6020,6064,454,13703740,14244,14156,6448,5716,6082,6070,0,6064,0,0,0,2017-04-24,32572000,6024,85,0,0,0,0,0,0,0,0,6036,8,0,0,0,0,0,0,0,0
151,2017-04-24,09:02:55,0,SM705,XZCE,6026,6020,6064,454,13703740,14244,14156,6448,5716,6082,6070,0,6064,0,0,0,2017-04-24,32575000,6028,1,0,0,0,0,0,0,0,0,6034,1,0,0,0,0,0,0,0,0
152,2017-04-24,09:02:56,0,SM705,XZCE,6026,6020,6064,454,13703740,14244,14156,6448,5716,6082,6070,0,6064,0,0,0,2017-04-24,32576000,6028,1,0,0,0,0,0,0,0,0,6032,1,0,0,0,0,0,0,0,0
153,2017-04-24,09:02:57,0,SM705,XZCE,6026,6020,6064,458,13824260,14248,14156,6448,5716,6082,6070,0,6064,0,0,0,2017-04-24,32577000,6026,2,0,0,0,0,0,0,0,0,6034,1,0,0,0,0,0,0,0,0
154,2017-04-24,09:02:57,0,SM705,XZCE,6026,6020,6064,458,13824260,14248,14156,6448,5716,6082,6070,0,6064,0,0,0,2017-04-24,32577000,6026,2,0,0,0,0,0,0,0,0,6032,1,0,0,0,0,0,0,0,0
155,2017-04-24,09:02:59,0,SM705,XZCE,6026,6020,6064,458,13824260,14248,14156,6448,5716,6082,6070,0,6064,0,0,0,2017-04-24,32579000,6024,85,0,0,0,0,0,0,0,0,6032,1,0,0,0,0,0,0,0,0
156,2017-04-24,09:03:00,0,SM705,XZCE,6026,6020,6064,458,13824260,14248,14156,6448,5716,6082,6070,0,6064,0,0,0,2017-04-24,32580000,6024,85,0,0,0,0,0,0,0,0,6034,1,0,0,0,0,0,0,0,0
157,2017-04-24,09:03:00,0,SM705,XZCE,6026,6020,6064,458,13824260,14248,14156,6448,5716,6082,6070,0,6064,0,0,0,2017-04-24,32580000,6024,86,0,0,0,0,0,0,0,0,6030,1,0,0,0,0,0,0,0,0
158,2017-04-24,09:03:02,0,SM705,XZCE,6030,6020,6064,460,13884560,14248,14156,6448,5716,6082,6070,0,6064,0,0,0,2017-04-24,32582000,6024,86,0,0,0,0,0,0,0,0,6032,3,0,0,0,0,0,0,0,0
159,2017-04-24,09:03:02,0,SM705,XZCE,6030,6020,6064,460,13884560,14248,14156,6448,5716,6082,6070,0,6064,0,0,0,2017-04-24,32582000,6026,1,0,0,0,0,0,0,0,0,6032,3,0,0,0,0,0,0,0,0
160,2017-04-24,09:03:03,0,SM705,XZCE,6030,6020,6064,460,13884560,14248,14156,6448,5716,6082,6070,0,6064,0,0,0,2017-04-24,32583000,6026,3,0,0,0,0,0,0,0,0,6032,3,0,0,0,0,0,0,0,0
161,2017-04-24,09:03:04,0,SM705,XZCE,6030,6020,6064,460,13884560,14248,14156,6448,5716,6082,6070,0,6064,0,0,0,2017-04-24,32584000,6026,4,0,0,0,0,0,0,0,0,6032,3,0,0,0,0,0,0,0,0
162,2017-04-24,09:03:05,0,SM705,XZCE,6030,6020,6064,460,13884560,14248,14156,6448,5716,6082,6070,0,6064,0,0,0,2017-04-24,32585000,6028,2,0,0,0,0,0,0,0,0,6032,3,0,0,0,0,0,0,0,0
163,2017-04-24,09:03:07,0,SM705,XZCE,6032,6020,6064,464,14005200,14248,14156,6448,5716,6082,6070,0,6064,0,0,0,2017-04-24,32587000,6028,1,0,0,0,0,0,0,0,0,6036,8,0,0,0,0,0,0,0,0
164,2017-04-24,09:03:07,0,SM705,XZCE,6032,6020,6064,464,14005200,14248,14156,6448,5716,6082,6070,0,6064,0,0,0,2017-04-24,32587000,6026,2,0,0,0,0,0,0,0,0,6036,8,0,0,0,0,0,0,0,0
165,2017-04-24,09:03:08,0,SM705,XZCE,6032,6020,6064,464,14005200,14248,14156,6448,5716,6082,6070,0,6064,0,0,0,2017-04-24,32588000,6026,6,0,0,0,0,0,0,0,0,6036,8,0,0,0,0,0,0,0,0
166,2017-04-24,09:03:09,0,SM705,XZCE,6032,6020,6064,464,14005200,14248,14156,6448,5716,6082,6070,0,6064,0,0,0,2017-04-24,32589000,6028,2,0,0,0,0,0,0,0,0,6034,1,0,0,0,0,0,0,0,0
167,2017-04-24,09:03:11,0,SM705,XZCE,6034,6020,6064,466,14065540,14248,14156,6448,5716,6082,6070,0,6064,0,0,0,2017-04-24,32591000,6028,2,0,0,0,0,0,0,0,0,6036,8,0,0,0,0,0,0,0,0
168,2017-04-24,09:03:12,0,SM705,XZCE,6034,6020,6064,466,14065540,14248,14156,6448,5716,6082,6070,0,6064,0,0,0,2017-04-24,32592000,6028,2,0,0,0,0,0,0,0,0,6036,9,0,0,0,0,0,0,0,0
169,2017-04-24,09:03:13,0,SM705,XZCE,6034,6020,6064,466,14065540,14248,14156,6448,5716,6082,6070,0,6064,0,0,0,2017-04-24,32593000,6030,2,0,0,0,0,0,0,0,0,6036,9,0,0,0,0,0,0,0,0
170,2017-04-24,09:03:13,0,SM705,XZCE,6030,6020,6064,468,14125840,14248,14156,6448,5716,6082,6070,0,6064,0,0,0,2017-04-24,32593000,6030,1,0,0,0,0,0,0,0,0,6036,8,0,0,0,0,0,0,0,0
171,2017-04-24,09:03:14,0,SM705,XZCE,6030,6020,6064,470,14186140,14250,14156,6448,5716,6082,6070,0,6064,0,0,0,2017-04-24,32594000,6026,9,0,0,0,0,0,0,0,0,6034,2,0,0,0,0,0,0,0,0
172,2017-04-24,09:03:17,0,SM705,XZCE,6030,6020,6064,470,14186140,14250,14156,6448,5716,6082,6070,0,6064,0,0,0,2017-04-24,32597000,6026,9,0,0,0,0,0,0,0,0,6032,1,0,0,0,0,0,0,0,0
173,2017-04-24,09:03:20,0,SM705,XZCE,6030,6020,6064,470,14186140,14250,14156,6448,5716,6082,6070,0,6064,0,0,0,2017-04-24,32600000,6026,9,0,0,0,0,0,0,0,0,6030,1,0,0,0,0,0,0,0,0
174,2017-04-24,09:03:23,0,SM705,XZCE,6030,6020,6064,470,14186140,14250,14156,6448,5716,6082,6070,0,6064,0,0,0,2017-04-24,32603000,6026,6,0,0,0,0,0,0,0,0,6030,1,0,0,0,0,0,0,0,0
175,2017-04-24,09:03:27,0,SM705,XZCE,6030,6020,6064,470,14186140,14250,14156,6448,5716,6082,6070,0,6064,0,0,0,2017-04-24,32607000,6026,7,0,0,0,0,0,0,0,0,6030,1,0,0,0,0,0,0,0,0
176,2017-04-24,09:03:29,0,SM705,XZCE,6030,6020,6064,470,14186140,14250,14156,6448,5716,6082,6070,0,6064,0,0,0,2017-04-24,32609000,6026,6,0,0,0,0,0,0,0,0,6030,1,0,0,0,0,0,0,0,0
177,2017-04-24,09:03:30,0,SM705,XZCE,6030,6020,6064,470,14186140,14250,14156,6448,5716,6082,6070,0,6064,0,0,0,2017-04-24,32610000,6026,6,0,0,0,0,0,0,0,0,6032,1,0,0,0,0,0,0,0,0
178,2017-04-24,09:03:31,0,SM705,XZCE,6030,6020,6064,470,14186140,14250,14156,6448,5716,6082,6070,0,6064,0,0,0,2017-04-24,32611000,6028,2,0,0,0,0,0,0,0,0,6032,1,0,0,0,0,0,0,0,0
179,2017-04-24,09:03:31,0,SM705,XZCE,6032,6020,6064,472,14246460,14250,14156,6448,5716,6082,6070,0,6064,0,0,0,2017-04-24,32611000,6032,19,0,0,0,0,0,0,0,0,6034,1,0,0,0,0,0,0,0,0
180,2017-04-24,09:03:33,0,SM705,XZCE,6034,6020,6064,474,14306800,14252,14156,6448,5716,6082,6070,0,6064,0,0,0,2017-04-24,32613000,6034,1,0,0,0,0,0,0,0,0,6044,1,0,0,0,0,0,0,0,0
181,2017-04-24,09:03:34,0,SM705,XZCE,6034,6020,6064,474,14306800,14252,14156,6448,5716,6082,6070,0,6064,0,0,0,2017-04-24,32614000,6034,1,0,0,0,0,0,0,0,0,6042,2,0,0,0,0,0,0,0,0
182,2017-04-24,09:03:34,0,SM705,XZCE,6034,6020,6064,474,14306800,14252,14156,6448,5716,6082,6070,0,6064,0,0,0,2017-04-24,32614000,6034,18,0,0,0,0,0,0,0,0,6042,3,0,0,0,0,0,0,0,0
183,2017-04-24,09:03:35,0,SM705,XZCE,6034,6020,6064,474,14306800,14252,14156,6448,5716,6082,6070,0,6064,0,0,0,2017-04-24,32615000,6034,17,0,0,0,0,0,0,0,0,6042,3,0,0,0,0,0,0,0,0
184,2017-04-24,09:03:35,0,SM705,XZCE,6034,6020,6064,474,14306800,14252,14156,6448,5716,6082,6070,0,6064,0,0,0,2017-04-24,32615000,6032,19,0,0,0,0,0,0,0,0,6042,2,0,0,0,0,0,0,0,0
185,2017-04-24,09:03:36,0,SM705,XZCE,6034,6020,6064,474,14306800,14252,14156,6448,5716,6082,6070,0,6064,0,0,0,2017-04-24,32616000,6032,19,0,0,0,0,0,0,0,0,6040,2,0,0,0,0,0,0,0,0
186,2017-04-24,09:03:37,0,SM705,XZCE,6034,6020,6064,474,14306800,14252,14156,6448,5716,6082,6070,0,6064,0,0,0,2017-04-24,32617000,6032,19,0,0,0,0,0,0,0,0,6040,3,0,0,0,0,0,0,0,0
187,2017-04-24,09:03:38,0,SM705,XZCE,6034,6020,6064,474,14306800,14252,14156,6448,5716,6082,6070,0,6064,0,0,0,2017-04-24,32618000,6032,19,0,0,0,0,0,0,0,0,6040,36,0,0,0,0,0,0,0,0
188,2017-04-24,09:03:39,0,SM705,XZCE,6032,6020,6064,478,14427440,14252,14156,6448,5716,6082,6070,0,6064,0,0,0,2017-04-24,32619000,6032,17,0,0,0,0,0,0,0,0,6038,2,0,0,0,0,0,0,0,0
189,2017-04-24,09:03:40,0,SM705,XZCE,6032,6020,6064,488,14729040,14262,14156,6448,5716,6082,6070,0,6064,0,0,0,2017-04-24,32620000,6032,12,0,0,0,0,0,0,0,0,6036,1,0,0,0,0,0,0,0,0
190,2017-04-24,09:03:43,0,SM705,XZCE,6036,6020,6064,490,14789400,14264,14156,6448,5716,6082,6070,0,6064,0,0,0,2017-04-24,32623000,6036,4,0,0,0,0,0,0,0,0,6038,2,0,0,0,0,0,0,0,0
191,2017-04-24,09:03:45,0,SM705,XZCE,6038,6020,6064,492,14849780,14262,14156,6448,5716,6082,6070,0,6064,0,0,0,2017-04-24,32625000,6036,4,0,0,0,0,0,0,0,0,6038,1,0,0,0,0,0,0,0,0
192,2017-04-24,09:03:45,0,SM705,XZCE,6038,6020,6064,492,14849780,14262,14156,6448,5716,6082,6070,0,6064,0,0,0,2017-04-24,32625000,6036,4,0,0,0,0,0,0,0,0,6040,33,0,0,0,0,0,0,0,0
193,2017-04-24,09:03:46,0,SM705,XZCE,6036,6020,6064,494,14910140,14264,14156,6448,5716,6082,6070,0,6064,0,0,0,2017-04-24,32626000,6036,3,0,0,0,0,0,0,0,0,6040,34,0,0,0,0,0,0,0,0
194,2017-04-24,09:03:47,0,SM705,XZCE,6036,6020,6064,500,15091220,14264,14156,6448,5716,6082,6070,0,6064,0,0,0,2017-04-24,32627000,6032,12,0,0,0,0,0,0,0,0,6040,34,0,0,0,0,0,0,0,0
195,2017-04-24,09:03:47,0,SM705,XZCE,6036,6020,6064,500,15091220,14264,14156,6448,5716,6082,6070,0,6064,0,0,0,2017-04-24,32627000,6032,12,0,0,0,0,0,0,0,0,6036,2,0,0,0,0,0,0,0,0
196,2017-04-24,09:03:49,0,SM705,XZCE,6036,6020,6064,500,15091220,14264,14156,6448,5716,6082,6070,0,6064,0,0,0,2017-04-24,32629000,6032,12,0,0,0,0,0,0,0,0,6036,4,0,0,0,0,0,0,0,0
197,2017-04-24,09:03:50,0,SM705,XZCE,6036,6020,6064,500,15091220,14264,14156,6448,5716,6082,6070,0,6064,0,0,0,2017-04-24,32630000,6032,12,0,0,0,0,0,0,0,0,6034,1,0,0,0,0,0,0,0,0
198,2017-04-24,09:03:50,0,SM705,XZCE,6032,6020,6064,502,15151540,14266,14156,6448,5716,6082,6070,0,6064,0,0,0,2017-04-24,32630000,6032,11,0,0,0,0,0,0,0,0,6036,4,0,0,0,0,0,0,0,0
199,2017-04-24,09:03:51,0,SM705,XZCE,6032,6020,6064,504,15211860,14266,14156,6448,5716,6082,6070,0,6064,0,0,0,2017-04-24,32631000,6032,10,0,0,0,0,0,0,0,0,6036,3,0,0,0,0,0,0,0,0
200,2017-04-24,09:03:52,0,SM705,XZCE,6036,6020,6064,508,15332580,14270,14156,6448,5716,6082,6070,0,6064,0,0,0,2017-04-24,32632000,6032,9,0,0,0,0,0,0,0,0,6036,1,0,0,0,0,0,0,0,0
201,2017-04-24,09:03:52,0,SM705,XZCE,6036,6020,6064,508,15332580,14270,14156,6448,5716,6082,6070,0,6064,0,0,0,2017-04-24,32632000,6032,9,0,0,0,0,0,0,0,0,6036,2,0,0,0,0,0,0,0,0
202,2017-04-24,09:03:53,0,SM705,XZCE,6032,6020,6064,526,15875460,14272,14156,6448,5716,6082,6070,0,6064,0,0,0,2017-04-24,32633000,6030,1,0,0,0,0,0,0,0,0,6034,1,0,0,0,0,0,0,0,0
203,2017-04-24,09:03:54,0,SM705,XZCE,6032,6020,6064,526,15875460,14272,14156,6448,5716,6082,6070,0,6064,0,0,0,2017-04-24,32634000,6030,1,0,0,0,0,0,0,0,0,6032,1,0,0,0,0,0,0,0,0
204,2017-04-24,09:03:56,0,SM705,XZCE,6030,6020,6064,528,15935760,14272,14156,6448,5716,6082,6070,0,6064,0,0,0,2017-04-24,32636000,6026,6,0,0,0,0,0,0,0,0,6030,1,0,0,0,0,0,0,0,0
205,2017-04-24,09:03:57,0,SM705,XZCE,6030,6020,6064,528,15935760,14272,14156,6448,5716,6082,6070,0,6064,0,0,0,2017-04-24,32637000,6028,3,0,0,0,0,0,0,0,0,6030,1,0,0,0,0,0,0,0,0
206,2017-04-24,09:03:57,0,SM705,XZCE,6030,6020,6064,530,15996060,14270,14156,6448,5716,6082,6070,0,6064,0,0,0,2017-04-24,32637000,6030,1,0,0,0,0,0,0,0,0,6036,1,0,0,0,0,0,0,0,0
207,2017-04-24,09:04:00,0,SM705,XZCE,6030,6020,6064,532,16056360,14268,14156,6448,5716,6082,6070,0,6064,0,0,0,2017-04-24,32640000,6028,3,0,0,0,0,0,0,0,0,6036,2,0,0,0,0,0,0,0,0
208,2017-04-24,09:04:02,0,SM705,XZCE,6030,6020,6064,532,16056360,14268,14156,6448,5716,6082,6070,0,6064,0,0,0,2017-04-24,32642000,6028,3,0,0,0,0,0,0,0,0,6036,24,0,0,0,0,0,0,0,0
209,2017-04-24,09:04:04,0,SM705,XZCE,6030,6020,6064,532,16056360,14268,14156,6448,5716,6082,6070,0,6064,0,0,0,2017-04-24,32644000,6028,3,0,0,0,0,0,0,0,0,6036,2,0,0,0,0,0,0,0,0
210,2017-04-24,09:04:07,0,SM705,XZCE,6030,6020,6064,532,16056360,14268,14156,6448,5716,6082,6070,0,6064,0,0,0,2017-04-24,32647000,6030,1,0,0,0,0,0,0,0,0,6036,2,0,0,0,0,0,0,0,0
211,2017-04-24,09:04:09,0,SM705,XZCE,6036,6020,6064,536,16177080,14270,14156,6448,5716,6082,6070,0,6064,0,0,0,2017-04-24,32649000,6030,1,0,0,0,0,0,0,0,0,6040,33,0,0,0,0,0,0,0,0
212,2017-04-24,09:04:10,0,SM705,XZCE,6036,6020,6064,536,16177080,14270,14156,6448,5716,6082,6070,0,6064,0,0,0,2017-04-24,32650000,6030,1,0,0,0,0,0,0,0,0,6036,18,0,0,0,0,0,0,0,0
213,2017-04-24,09:04:11,0,SM705,XZCE,6036,6020,6064,536,16177080,14270,14156,6448,5716,6082,6070,0,6064,0,0,0,2017-04-24,32651000,6034,2,0,0,0,0,0,0,0,0,6036,18,0,0,0,0,0,0,0,0
214,2017-04-24,09:04:12,0,SM705,XZCE,6034,6020,6064,538,16237420,14270,14156,6448,5716,6082,6070,0,6064,0,0,0,2017-04-24,32652000,6034,1,0,0,0,0,0,0,0,0,6036,18,0,0,0,0,0,0,0,0
215,2017-04-24,09:04:13,0,SM705,XZCE,6036,6020,6064,544,16418500,14270,14156,6448,5716,6082,6070,0,6064,0,0,0,2017-04-24,32653000,6034,1,0,0,0,0,0,0,0,0,6036,15,0,0,0,0,0,0,0,0
216,2017-04-24,09:04:13,0,SM705,XZCE,6034,6020,6064,546,16478840,14270,14156,6448,5716,6082,6070,0,6064,0,0,0,2017-04-24,32653000,6030,1,0,0,0,0,0,0,0,0,6036,15,0,0,0,0,0,0,0,0
217,2017-04-24,09:04:18,0,SM705,XZCE,6030,6020,6064,548,16539140,14270,14156,6448,5716,6082,6070,0,6064,0,0,0,2017-04-24,32658000,6026,1,0,0,0,0,0,0,0,0,6030,1,0,0,0,0,0,0,0,0
218,2017-04-24,09:04:27,0,SM705,XZCE,6030,6020,6064,550,16599440,14270,14156,6448,5716,6082,6070,0,6064,0,0,0,2017-04-24,32667000,6026,1,0,0,0,0,0,0,0,0,6036,15,0,0,0,0,0,0,0,0
219,2017-04-24,09:04:33,0,SM705,XZCE,6026,6020,6064,552,16659700,14268,14156,6448,5716,6082,6070,0,6064,0,0,0,2017-04-24,32673000,6024,88,0,0,0,0,0,0,0,0,6036,15,0,0,0,0,0,0,0,0
220,2017-04-24,09:04:38,0,SM705,XZCE,6026,6020,6064,552,16659700,14268,14156,6448,5716,6082,6070,0,6064,0,0,0,2017-04-24,32678000,6026,3,0,0,0,0,0,0,0,0,6036,15,0,0,0,0,0,0,0,0
221,2017-04-24,09:04:39,0,SM705,XZCE,6024,6020,6064,572,17262100,14254,14156,6448,5716,6082,6070,0,6064,0,0,0,2017-04-24,32679000,6024,81,0,0,0,0,0,0,0,0,6030,33,0,0,0,0,0,0,0,0
222,2017-04-24,09:04:41,0,SM705,XZCE,6024,6020,6064,574,17322340,14254,14156,6448,5716,6082,6070,0,6064,0,0,0,2017-04-24,32681000,6024,80,0,0,0,0,0,0,0,0,6030,33,0,0,0,0,0,0,0,0
223,2017-04-24,09:04:42,0,SM705,XZCE,6024,6020,6064,574,17322340,14254,14156,6448,5716,6082,6070,0,6064,0,0,0,2017-04-24,32682000,6024,80,0,0,0,0,0,0,0,0,6028,3,0,0,0,0,0,0,0,0
224,2017-04-24,09:04:44,0,SM705,XZCE,6024,6020,6064,574,17322340,14254,14156,6448,5716,6082,6070,0,6064,0,0,0,2017-04-24,32684000,6024,80,0,0,0,0,0,0,0,0,6026,1,0,0,0,0,0,0,0,0
225,2017-04-24,09:04:45,0,SM705,XZCE,6024,6020,6064,574,17322340,14254,14156,6448,5716,6082,6070,0,6064,0,0,0,2017-04-24,32685000,6024,80,0,0,0,0,0,0,0,0,6028,3,0,0,0,0,0,0,0,0
226,2017-04-24,09:04:46,0,SM705,XZCE,6024,6020,6064,576,17382580,14254,14156,6448,5716,6082,6070,0,6064,0,0,0,2017-04-24,32686000,6024,79,0,0,0,0,0,0,0,0,6028,3,0,0,0,0,0,0,0,0
227,2017-04-24,09:04:51,0,SM705,XZCE,6024,6020,6064,576,17382580,14254,14156,6448,5716,6082,6070,0,6064,0,0,0,2017-04-24,32691000,6024,79,0,0,0,0,0,0,0,0,6030,33,0,0,0,0,0,0,0,0
228,2017-04-24,09:04:52,0,SM705,XZCE,6024,6020,6064,578,17442820,14254,14156,6448,5716,6082,6070,0,6064,0,0,0,2017-04-24,32692000,6024,78,0,0,0,0,0,0,0,0,6028,3,0,0,0,0,0,0,0,0
229,2017-04-24,09:04:53,0,SM705,XZCE,6028,6020,6064,580,17503100,14254,14156,6448,5716,6082,6070,0,6064,0,0,0,2017-04-24,32693000,6024,78,0,0,0,0,0,0,0,0,6028,2,0,0,0,0,0,0,0,0
230,2017-04-24,09:04:54,0,SM705,XZCE,6028,6020,6064,584,17623660,14250,14156,6448,5716,6082,6070,0,6064,0,0,0,2017-04-24,32694000,6024,78,0,0,0,0,0,0,0,0,6030,33,0,0,0,0,0,0,0,0
231,2017-04-24,09:04:55,0,SM705,XZCE,6028,6020,6064,584,17623660,14250,14156,6448,5716,6082,6070,0,6064,0,0,0,2017-04-24,32695000,6026,1,0,0,0,0,0,0,0,0,6030,33,0,0,0,0,0,0,0,0
232,2017-04-24,09:04:56,0,SM705,XZCE,6028,6020,6064,584,17623660,14250,14156,6448,5716,6082,6070,0,6064,0,0,0,2017-04-24,32696000,6026,2,0,0,0,0,0,0,0,0,6030,33,0,0,0,0,0,0,0,0
233,2017-04-24,09:04:57,0,SM705,XZCE,6026,6020,6064,588,17744180,14254,14156,6448,5716,6082,6070,0,6064,0,0,0,2017-04-24,32697000,6024,78,0,0,0,0,0,0,0,0,6030,33,0,0,0,0,0,0,0,0
234,2017-04-24,09:04:58,0,SM705,XZCE,6026,6020,6064,588,17744180,14254,14156,6448,5716,6082,6070,0,6064,0,0,0,2017-04-24,32698000,6024,78,0,0,0,0,0,0,0,0,6026,33,0,0,0,0,0,0,0,0
235,2017-04-24,09:05:04,0,SM705,XZCE,6024,6020,6064,596,17985140,14248,14156,6448,5716,6082,6070,0,6064,0,0,0,2017-04-24,32704000,6024,74,0,0,0,0,0,0,0,0,6026,33,0,0,0,0,0,0,0,0
236,2017-04-24,09:05:07,0,SM705,XZCE,6024,6020,6064,598,18045380,14248,14156,6448,5716,6082,6070,0,6064,0,0,0,2017-04-24,32707000,6024,73,0,0,0,0,0,0,0,0,6026,33,0,0,0,0,0,0,0,0
237,2017-04-24,09:05:11,0,SM705,XZCE,6024,6020,6064,614,18527300,14232,14156,6448,5716,6082,6070,0,6064,0,0,0,2017-04-24,32711000,6024,65,0,0,0,0,0,0,0,0,6026,33,0,0,0,0,0,0,0,0
238,2017-04-24,09:05:12,0,SM705,XZCE,6024,6020,6064,616,18587540,14230,14156,6448,5716,6082,6070,0,6064,0,0,0,2017-04-24,32712000,6024,5,0,0,0,0,0,0,0,0,6026,33,0,0,0,0,0,0,0,0
239,2017-04-24,09:05:13,0,SM705,XZCE,6024,6020,6064,626,18888740,14234,14156,6448,5716,6082,6070,0,6064,0,0,0,2017-04-24,32713000,6020,8,0,0,0,0,0,0,0,0,6024,3,0,0,0,0,0,0,0,0
240,2017-04-24,09:05:13,0,SM705,XZCE,6024,6020,6064,628,18948980,14236,14156,6448,5716,6082,6070,0,6064,0,0,0,2017-04-24,32713000,6020,8,0,0,0,0,0,0,0,0,6024,5,0,0,0,0,0,0,0,0
241,2017-04-24,09:05:14,0,SM705,XZCE,6024,6020,6064,628,18948980,14236,14156,6448,5716,6082,6070,0,6064,0,0,0,2017-04-24,32714000,6020,8,0,0,0,0,0,0,0,0,6022,3,0,0,0,0,0,0,0,0
242,2017-04-24,09:05:15,0,SM705,XZCE,6022,6020,6064,634,19129640,14238,14156,6448,5716,6082,6070,0,6064,0,0,0,2017-04-24,32715000,6020,8,0,0,0,0,0,0,0,0,6024,5,0,0,0,0,0,0,0,0
243,2017-04-24,09:05:15,0,SM705,XZCE,6022,6020,6064,634,19129640,14238,14156,6448,5716,6082,6070,0,6064,0,0,0,2017-04-24,32715000,6020,8,0,0,0,0,0,0,0,0,6024,3,0,0,0,0,0,0,0,0
244,2017-04-24,09:05:17,0,SM705,XZCE,6022,6020,6064,634,19129640,14238,14156,6448,5716,6082,6070,0,6064,0,0,0,2017-04-24,32717000,6020,8,0,0,0,0,0,0,0,0,6024,2,0,0,0,0,0,0,0,0
245,2017-04-24,09:05:18,0,SM705,XZCE,6024,6020,6064,636,19189880,14238,14156,6448,5716,6082,6070,0,6064,0,0,0,2017-04-24,32718000,6020,8,0,0,0,0,0,0,0,0,6024,1,0,0,0,0,0,0,0,0
246,2017-04-24,09:05:21,0,SM705,XZCE,6024,6020,6064,636,19189880,14238,14156,6448,5716,6082,6070,0,6064,0,0,0,2017-04-24,32721000,6020,8,0,0,0,0,0,0,0,0,6022,2,0,0,0,0,0,0,0,0
247,2017-04-24,09:05:22,0,SM705,XZCE,6022,6020,6064,638,19250100,14238,14156,6448,5716,6082,6070,0,6064,0,0,0,2017-04-24,32722000,6020,8,0,0,0,0,0,0,0,0,6022,1,0,0,0,0,0,0,0,0
248,2017-04-24,09:05:24,0,SM705,XZCE,6022,6020,6064,640,19310320,14236,14156,6448,5716,6082,6070,0,6064,0,0,0,2017-04-24,32724000,6020,8,0,0,0,0,0,0,0,0,6024,1,0,0,0,0,0,0,0,0
249,2017-04-24,09:05:24,0,SM705,XZCE,6022,6020,6064,640,19310320,14236,14156,6448,5716,6082,6070,0,6064,0,0,0,2017-04-24,32724000,6022,7,0,0,0,0,0,0,0,0,6024,1,0,0,0,0,0,0,0,0
250,2017-04-24,09:05:25,0,SM705,XZCE,6024,6020,6064,642,19370560,14238,14156,6448,5716,6082,6070,0,6064,0,0,0,2017-04-24,32725000,6022,7,0,0,0,0,0,0,0,0,6026,33,0,0,0,0,0,0,0,0
251,2017-04-24,09:05:26,0,SM705,XZCE,6024,6020,6064,642,19370560,14238,14156,6448,5716,6082,6070,0,6064,0,0,0,2017-04-24,32726000,6022,7,0,0,0,0,0,0,0,0,6024,6,0,0,0,0,0,0,0,0
252,2017-04-24,09:05:27,0,SM705,XZCE,6024,6020,6064,654,19732000,14238,14156,6448,5716,6082,6070,0,6064,0,0,0,2017-04-24,32727000,6022,10,0,0,0,0,0,0,0,0,6026,33,0,0,0,0,0,0,0,0
253,2017-04-24,09:05:27,0,SM705,XZCE,6026,6020,6064,692,20876940,14206,14156,6448,5716,6082,6070,0,6064,0,0,0,2017-04-24,32727000,6022,8,0,0,0,0,0,0,0,0,6026,14,0,0,0,0,0,0,0,0
254,2017-04-24,09:05:27,0,SM705,XZCE,6026,6020,6064,692,20876940,14206,14156,6448,5716,6082,6070,0,6064,0,0,0,2017-04-24,32727000,6022,7,0,0,0,0,0,0,0,0,6026,14,0,0,0,0,0,0,0,0
255,2017-04-24,09:05:28,0,SM705,XZCE,6026,6020,6064,716,21600060,14182,14156,6448,5716,6082,6070,0,6064,0,0,0,2017-04-24,32728000,6022,7,0,0,0,0,0,0,0,0,6026,2,0,0,0,0,0,0,0,0
256,2017-04-24,09:05:29,0,SM705,XZCE,6026,6020,6064,716,21600060,14182,14156,6448,5716,6082,6070,0,6064,0,0,0,2017-04-24,32729000,6024,3,0,0,0,0,0,0,0,0,6026,2,0,0,0,0,0,0,0,0
257,2017-04-24,09:05:30,0,SM705,XZCE,6030,6020,6064,722,21780960,14178,14156,6448,5716,6082,6070,0,6064,0,0,0,2017-04-24,32730000,6024,3,0,0,0,0,0,0,0,0,6036,15,0,0,0,0,0,0,0,0
258,2017-04-24,09:05:30,0,SM705,XZCE,6036,6020,6064,724,21841320,14178,14156,6448,5716,6082,6070,0,6064,0,0,0,2017-04-24,32730000,6022,8,0,0,0,0,0,0,0,0,6036,14,0,0,0,0,0,0,0,0
259,2017-04-24,09:05:31,0,SM705,XZCE,6036,6020,6064,724,21841320,14178,14156,6448,5716,6082,6070,0,6064,0,0,0,2017-04-24,32731000,6024,3,0,0,0,0,0,0,0,0,6036,14,0,0,0,0,0,0,0,0
260,2017-04-24,09:05:32,0,SM705,XZCE,6036,6020,6064,726,21901680,14178,14156,6448,5716,6082,6070,0,6064,0,0,0,2017-04-24,32732000,6024,3,0,0,0,0,0,0,0,0,6036,13,0,0,0,0,0,0,0,0
261,2017-04-24,09:05:33,0,SM705,XZCE,6024,6020,6064,728,21961920,14178,14156,6448,5716,6082,6070,0,6064,0,0,0,2017-04-24,32733000,6024,2,0,0,0,0,0,0,0,0,6036,13,0,0,0,0,0,0,0,0
262,2017-04-24,09:05:33,0,SM705,XZCE,6024,6020,6064,728,21961920,14178,14156,6448,5716,6082,6070,0,6064,0,0,0,2017-04-24,32733000,6026,1,0,0,0,0,0,0,0,0,6036,13,0,0,0,0,0,0,0,0
263,2017-04-24,09:05:33,0,SM705,XZCE,6024,6020,6064,730,22022160,14176,14156,6448,5716,6082,6070,0,6064,0,0,0,2017-04-24,32733000,6024,2,0,0,0,0,0,0,0,0,6034,1,0,0,0,0,0,0,0,0
264,2017-04-24,09:05:34,0,SM705,XZCE,6034,6020,6064,732,22082500,14174,14156,6448,5716,6082,6070,0,6064,0,0,0,2017-04-24,32734000,6024,2,0,0,0,0,0,0,0,0,6036,13,0,0,0,0,0,0,0,0
265,2017-04-24,09:05:36,0,SM705,XZCE,6034,6020,6064,732,22082500,14174,14156,6448,5716,6082,6070,0,6064,0,0,0,2017-04-24,32736000,6024,2,0,0,0,0,0,0,0,0,6036,15,0,0,0,0,0,0,0,0
266,2017-04-24,09:05:36,0,SM705,XZCE,6034,6020,6064,732,22082500,14174,14156,6448,5716,6082,6070,0,6064,0,0,0,2017-04-24,32736000,6024,2,0,0,0,0,0,0,0,0,6036,16,0,0,0,0,0,0,0,0
267,2017-04-24,09:05:38,0,SM705,XZCE,6034,6020,6064,732,22082500,14174,14156,6448,5716,6082,6070,0,6064,0,0,0,2017-04-24,32738000,6024,2,0,0,0,0,0,0,0,0,6036,15,0,0,0,0,0,0,0,0
268,2017-04-24,09:05:39,0,SM705,XZCE,6034,6020,6064,732,22082500,14174,14156,6448,5716,6082,6070,0,6064,0,0,0,2017-04-24,32739000,6024,2,0,0,0,0,0,0,0,0,6034,1,0,0,0,0,0,0,0,0
269,2017-04-24,09:05:39,0,SM705,XZCE,6034,6020,6064,732,22082500,14174,14156,6448,5716,6082,6070,0,6064,0,0,0,2017-04-24,32739000,6024,2,0,0,0,0,0,0,0,0,6036,15,0,0,0,0,0,0,0,0
270,2017-04-24,09:05:42,0,SM705,XZCE,6034,6020,6064,732,22082500,14174,14156,6448,5716,6082,6070,0,6064,0,0,0,2017-04-24,32742000,6024,2,0,0,0,0,0,0,0,0,6036,16,0,0,0,0,0,0,0,0
271,2017-04-24,09:05:43,0,SM705,XZCE,6036,6020,6064,740,22323940,14174,14156,6448,5716,6082,6070,0,6064,0,0,0,2017-04-24,32743000,6024,2,0,0,0,0,0,0,0,0,6036,11,0,0,0,0,0,0,0,0
272,2017-04-24,09:05:43,0,SM705,XZCE,6036,6020,6064,740,22323940,14174,14156,6448,5716,6082,6070,0,6064,0,0,0,2017-04-24,32743000,6024,2,0,0,0,0,0,0,0,0,6034,1,0,0,0,0,0,0,0,0
273,2017-04-24,09:05:45,0,SM705,XZCE,6036,6020,6064,740,22323940,14174,14156,6448,5716,6082,6070,0,6064,0,0,0,2017-04-24,32745000,6024,5,0,0,0,0,0,0,0,0,6034,1,0,0,0,0,0,0,0,0
274,2017-04-24,09:05:49,0,SM705,XZCE,6034,6020,6064,742,22384280,14174,14156,6448,5716,6082,6070,0,6064,0,0,0,2017-04-24,32749000,6024,5,0,0,0,0,0,0,0,0,6036,11,0,0,0,0,0,0,0,0
275,2017-04-24,09:05:56,0,SM705,XZCE,6034,6020,6064,742,22384280,14174,14156,6448,5716,6082,6070,0,6064,0,0,0,2017-04-24,32756000,6024,6,0,0,0,0,0,0,0,0,6036,11,0,0,0,0,0,0,0,0
276,2017-04-24,09:05:58,0,SM705,XZCE,6034,6020,6064,742,22384280,14174,14156,6448,5716,6082,6070,0,6064,0,0,0,2017-04-24,32758000,6024,6,0,0,0,0,0,0,0,0,6034,7,0,0,0,0,0,0,0,0
277,2017-04-24,09:06:01,0,SM705,XZCE,6034,6020,6064,742,22384280,14174,14156,6448,5716,6082,6070,0,6064,0,0,0,2017-04-24,32761000,6024,6,0,0,0,0,0,0,0,0,6034,8,0,0,0,0,0,0,0,0
278,2017-04-24,09:06:03,0,SM705,XZCE,6034,6020,6064,742,22384280,14174,14156,6448,5716,6082,6070,0,6064,0,0,0,2017-04-24,32763000,6024,7,0,0,0,0,0,0,0,0,6034,8,0,0,0,0,0,0,0,0
279,2017-04-24,09:06:04,0,SM705,XZCE,6024,6020,6064,744,22444520,14174,14156,6448,5716,6082,6070,0,6064,0,0,0,2017-04-24,32764000,6024,6,0,0,0,0,0,0,0,0,6034,8,0,0,0,0,0,0,0,0
280,2017-04-24,09:06:06,0,SM705,XZCE,6024,6020,6064,744,22444520,14174,14156,6448,5716,6082,6070,0,6064,0,0,0,2017-04-24,32766000,6024,6,0,0,0,0,0,0,0,0,6032,1,0,0,0,0,0,0,0,0
281,2017-04-24,09:06:13,0,SM705,XZCE,6024,6020,6064,744,22444520,14174,14156,6448,5716,6082,6070,0,6064,0,0,0,2017-04-24,32773000,6024,11,0,0,0,0,0,0,0,0,6032,2,0,0,0,0,0,0,0,0
282,2017-04-24,09:06:20,0,SM705,XZCE,6032,6020,6064,746,22504840,14174,14156,6448,5716,6082,6070,0,6064,0,0,0,2017-04-24,32780000,6024,11,0,0,0,0,0,0,0,0,6032,1,0,0,0,0,0,0,0,0
283,2017-04-24,09:06:24,0,SM705,XZCE,6032,6020,6064,746,22504840,14174,14156,6448,5716,6082,6070,0,6064,0,0,0,2017-04-24,32784000,6024,11,0,0,0,0,0,0,0,0,6032,3,0,0,0,0,0,0,0,0
284,2017-04-24,09:06:31,0,SM705,XZCE,6032,6020,6064,746,22504840,14174,14156,6448,5716,6082,6070,0,6064,0,0,0,2017-04-24,32791000,6024,11,0,0,0,0,0,0,0,0,6032,4,0,0,0,0,0,0,0,0
285,2017-04-24,09:06:32,0,SM705,XZCE,6032,6020,6064,746,22504840,14174,14156,6448,5716,6082,6070,0,6064,0,0,0,2017-04-24,32792000,6024,11,0,0,0,0,0,0,0,0,6030,1,0,0,0,0,0,0,0,0
286,2017-04-24,09:06:33,0,SM705,XZCE,6032,6020,6064,746,22504840,14174,14156,6448,5716,6082,6070,0,6064,0,0,0,2017-04-24,32793000,6026,2,0,0,0,0,0,0,0,0,6030,1,0,0,0,0,0,0,0,0
287,2017-04-24,09:06:43,0,SM705,XZCE,6032,6020,6064,746,22504840,14174,14156,6448,5716,6082,6070,0,6064,0,0,0,2017-04-24,32803000,6026,2,0,0,0,0,0,0,0,0,6030,21,0,0,0,0,0,0,0,0
288,2017-04-24,09:06:45,0,SM705,XZCE,6032,6020,6064,746,22504840,14174,14156,6448,5716,6082,6070,0,6064,0,0,0,2017-04-24,32805000,6026,2,0,0,0,0,0,0,0,0,6030,30,0,0,0,0,0,0,0,0
289,2017-04-24,09:06:46,0,SM705,XZCE,6026,6020,6064,750,22625360,14170,14156,6448,5716,6082,6070,0,6064,0,0,0,2017-04-24,32806000,6024,11,0,0,0,0,0,0,0,0,6030,30,0,0,0,0,0,0,0,0
290,2017-04-24,09:06:46,0,SM705,XZCE,6030,6020,6064,754,22745960,14174,14156,6448,5716,6082,6070,0,6064,0,0,0,2017-04-24,32806000,6024,12,0,0,0,0,0,0,0,0,6030,28,0,0,0,0,0,0,0,0
291,2017-04-24,09:06:49,0,SM705,XZCE,6030,6020,6064,754,22745960,14174,14156,6448,5716,6082,6070,0,6064,0,0,0,2017-04-24,32809000,6026,1,0,0,0,0,0,0,0,0,6030,28,0,0,0,0,0,0,0,0
292,2017-04-24,09:06:51,0,SM705,XZCE,6030,6020,6064,754,22745960,14174,14156,6448,5716,6082,6070,0,6064,0,0,0,2017-04-24,32811000,6026,1,0,0,0,0,0,0,0,0,6030,56,0,0,0,0,0,0,0,0
293,2017-04-24,09:06:51,0,SM705,XZCE,6026,6020,6064,756,22806220,14172,14156,6448,5716,6082,6070,0,6064,0,0,0,2017-04-24,32811000,6024,13,0,0,0,0,0,0,0,0,6030,56,0,0,0,0,0,0,0,0
294,2017-04-24,09:06:53,0,SM705,XZCE,6026,6020,6064,756,22806220,14172,14156,6448,5716,6082,6070,0,6064,0,0,0,2017-04-24,32813000,6024,12,0,0,0,0,0,0,0,0,6030,56,0,0,0,0,0,0,0,0
295,2017-04-24,09:06:53,0,SM705,XZCE,6026,6020,6064,756,22806220,14172,14156,6448,5716,6082,6070,0,6064,0,0,0,2017-04-24,32813000,6024,12,0,0,0,0,0,0,0,0,6028,3,0,0,0,0,0,0,0,0
296,2017-04-24,09:06:55,0,SM705,XZCE,6026,6020,6064,756,22806220,14172,14156,6448,5716,6082,6070,0,6064,0,0,0,2017-04-24,32815000,6024,12,0,0,0,0,0,0,0,0,6028,7,0,0,0,0,0,0,0,0
297,2017-04-24,09:06:56,0,SM705,XZCE,6026,6020,6064,760,22926740,14172,14156,6448,5716,6082,6070,0,6064,0,0,0,2017-04-24,32816000,6024,12,0,0,0,0,0,0,0,0,6028,7,0,0,0,0,0,0,0,0
298,2017-04-24,09:06:58,0,SM705,XZCE,6024,6020,6064,784,23649620,14156,14156,6448,5716,6082,6070,0,6064,0,0,0,2017-04-24,32818000,6022,25,0,0,0,0,0,0,0,0,6026,5,0,0,0,0,0,0,0,0
299,2017-04-24,09:06:58,0,SM705,XZCE,6024,6020,6064,784,23649620,14156,14156,6448,5716,6082,6070,0,6064,0,0,0,2017-04-24,32818000,6024,5,0,0,0,0,0,0,0,0,6026,5,0,0,0,0,0,0,0,0
300,2017-04-24,09:06:59,0,SM705,XZCE,6024,6020,6064,786,23709860,14156,14156,6448,5716,6082,6070,0,6064,0,0,0,2017-04-24,32819000,6024,4,0,0,0,0,0,0,0,0,6026,5,0,0,0,0,0,0,0,0
301,2017-04-24,09:07:04,0,SM705,XZCE,6026,6020,6064,788,23770120,14158,14156,6448,5716,6082,6070,0,6064,0,0,0,2017-04-24,32824000,6024,4,0,0,0,0,0,0,0,0,6026,4,0,0,0,0,0,0,0,0
302,2017-04-24,09:07:07,0,SM705,XZCE,6026,6020,6064,796,24011160,14158,14156,6448,5716,6082,6070,0,6064,0,0,0,2017-04-24,32827000,6024,4,0,0,0,0,0,0,0,0,6028,4,0,0,0,0,0,0,0,0
303,2017-04-24,09:07:07,0,SM705,XZCE,6028,6020,6064,798,24071440,14160,14156,6448,5716,6082,6070,0,6064,0,0,0,2017-04-24,32827000,6024,4,0,0,0,0,0,0,0,0,6028,3,0,0,0,0,0,0,0,0
304,2017-04-24,09:07:08,0,SM705,XZCE,6028,6020,6064,798,24071440,14160,14156,6448,5716,6082,6070,0,6064,0,0,0,2017-04-24,32828000,6026,1,0,0,0,0,0,0,0,0,6028,3,0,0,0,0,0,0,0,0
305,2017-04-24,09:07:10,0,SM705,XZCE,6026,6020,6064,800,24131700,14160,14156,6448,5716,6082,6070,0,6064,0,0,0,2017-04-24,32830000,6024,4,0,0,0,0,0,0,0,0,6026,4,0,0,0,0,0,0,0,0
306,2017-04-24,09:07:10,0,SM705,XZCE,6026,6020,6064,800,24131700,14160,14156,6448,5716,6082,6070,0,6064,0,0,0,2017-04-24,32830000,6024,4,0,0,0,0,0,0,0,0,6026,6,0,0,0,0,0,0,0,0
307,2017-04-24,09:07:11,0,SM705,XZCE,6026,6020,6064,802,24191960,14158,14156,6448,5716,6082,6070,0,6064,0,0,0,2017-04-24,32831000,6024,4,0,0,0,0,0,0,0,0,6026,5,0,0,0,0,0,0,0,0
308,2017-04-24,09:07:12,0,SM705,XZCE,6026,6020,6064,804,24252220,14158,14156,6448,5716,6082,6070,0,6064,0,0,0,2017-04-24,32832000,6024,4,0,0,0,0,0,0,0,0,6026,4,0,0,0,0,0,0,0,0
309,2017-04-24,09:07:18,0,SM705,XZCE,6026,6020,6064,812,24493260,14150,14156,6448,5716,6082,6070,0,6064,0,0,0,2017-04-24,32838000,6026,1,0,0,0,0,0,0,0,0,6028,3,0,0,0,0,0,0,0,0
310,2017-04-24,09:07:20,0,SM705,XZCE,6028,6020,6064,814,24553540,14150,14156,6448,5716,6082,6070,0,6064,0,0,0,2017-04-24,32840000,6026,1,0,0,0,0,0,0,0,0,6028,2,0,0,0,0,0,0,0,0
311,2017-04-24,09:07:28,0,SM705,XZCE,6028,6020,6064,820,24734380,14150,14156,6448,5716,6082,6070,0,6064,0,0,0,2017-04-24,32848000,6028,2,0,0,0,0,0,0,0,0,6030,57,0,0,0,0,0,0,0,0
312,2017-04-24,09:07:30,0,SM705,XZCE,6026,6020,6064,838,25276720,14132,14156,6448,5716,6082,6070,0,6064,0,0,0,2017-04-24,32850000,6026,2,0,0,0,0,0,0,0,0,6030,57,0,0,0,0,0,0,0,0
313,2017-04-24,09:07:32,0,SM705,XZCE,6026,6020,6064,838,25276720,14132,14156,6448,5716,6082,6070,0,6064,0,0,0,2017-04-24,32852000,6026,12,0,0,0,0,0,0,0,0,6030,57,0,0,0,0,0,0,0,0
314,2017-04-24,09:07:35,0,SM705,XZCE,6026,6020,6064,838,25276720,14132,14156,6448,5716,6082,6070,0,6064,0,0,0,2017-04-24,32855000,6026,12,0,0,0,0,0,0,0,0,6028,2,0,0,0,0,0,0,0,0
315,2017-04-24,09:07:35,0,SM705,XZCE,6026,6020,6064,840,25336980,14130,14156,6448,5716,6082,6070,0,6064,0,0,0,2017-04-24,32855000,6026,11,0,0,0,0,0,0,0,0,6028,2,0,0,0,0,0,0,0,0
316,2017-04-24,09:07:39,0,SM705,XZCE,6026,6020,6064,840,25336980,14130,14156,6448,5716,6082,6070,0,6064,0,0,0,2017-04-24,32859000,6026,12,0,0,0,0,0,0,0,0,6028,2,0,0,0,0,0,0,0,0
317,2017-04-24,09:07:40,0,SM705,XZCE,6026,6020,6064,842,25397240,14128,14156,6448,5716,6082,6070,0,6064,0,0,0,2017-04-24,32860000,6026,11,0,0,0,0,0,0,0,0,6028,2,0,0,0,0,0,0,0,0
318,2017-04-24,09:07:42,0,SM705,XZCE,6026,6020,6064,842,25397240,14128,14156,6448,5716,6082,6070,0,6064,0,0,0,2017-04-24,32862000,6026,14,0,0,0,0,0,0,0,0,6028,2,0,0,0,0,0,0,0,0
319,2017-04-24,09:07:42,0,SM705,XZCE,6026,6020,6064,844,25457500,14130,14156,6448,5716,6082,6070,0,6064,0,0,0,2017-04-24,32862000,6026,13,0,0,0,0,0,0,0,0,6028,2,0,0,0,0,0,0,0,0
320,2017-04-24,09:07:43,0,SM705,XZCE,6028,6020,6064,848,25578060,14126,14156,6448,5716,6082,6070,0,6064,0,0,0,2017-04-24,32863000,6026,13,0,0,0,0,0,0,0,0,6030,57,0,0,0,0,0,0,0,0
321,2017-04-24,09:07:46,0,SM705,XZCE,6028,6020,6064,848,25578060,14126,14156,6448,5716,6082,6070,0,6064,0,0,0,2017-04-24,32866000,6028,2,0,0,0,0,0,0,0,0,6030,57,0,0,0,0,0,0,0,0
322,2017-04-24,09:07:55,0,SM705,XZCE,6030,6020,6064,852,25698660,14126,14156,6448,5716,6082,6070,0,6064,0,0,0,2017-04-24,32875000,6028,2,0,0,0,0,0,0,0,0,6030,55,0,0,0,0,0,0,0,0
323,2017-04-24,09:07:56,0,SM705,XZCE,6030,6020,6064,854,25758960,14126,14156,6448,5716,6082,6070,0,6064,0,0,0,2017-04-24,32876000,6028,2,0,0,0,0,0,0,0,0,6030,54,0,0,0,0,0,0,0,0
324,2017-04-24,09:07:57,0,SM705,XZCE,6028,6020,6064,856,25819240,14126,14156,6448,5716,6082,6070,0,6064,0,0,0,2017-04-24,32877000,6028,1,0,0,0,0,0,0,0,0,6030,54,0,0,0,0,0,0,0,0
325,2017-04-24,09:08:00,0,SM705,XZCE,6028,6020,6064,856,25819240,14126,14156,6448,5716,6082,6070,0,6064,0,0,0,2017-04-24,32880000,6028,2,0,0,0,0,0,0,0,0,6030,54,0,0,0,0,0,0,0,0
326,2017-04-24,09:08:02,0,SM705,XZCE,6030,6020,6064,862,26000140,14132,14156,6448,5716,6082,6070,0,6064,0,0,0,2017-04-24,32882000,6028,2,0,0,0,0,0,0,0,0,6030,51,0,0,0,0,0,0,0,0
327,2017-04-24,09:08:10,0,SM705,XZCE,6030,6020,6064,862,26000140,14132,14156,6448,5716,6082,6070,0,6064,0,0,0,2017-04-24,32890000,6028,3,0,0,0,0,0,0,0,0,6030,51,0,0,0,0,0,0,0,0
328,2017-04-24,09:08:11,0,SM705,XZCE,6030,6020,6064,862,26000140,14132,14156,6448,5716,6082,6070,0,6064,0,0,0,2017-04-24,32891000,6028,4,0,0,0,0,0,0,0,0,6030,51,0,0,0,0,0,0,0,0
329,2017-04-24,09:08:12,0,SM705,XZCE,6030,6020,6064,862,26000140,14132,14156,6448,5716,6082,6070,0,6064,0,0,0,2017-04-24,32892000,6028,6,0,0,0,0,0,0,0,0,6030,51,0,0,0,0,0,0,0,0
330,2017-04-24,09:08:13,0,SM705,XZCE,6028,6020,6064,864,26060420,14134,14156,6448,5716,6082,6070,0,6064,0,0,0,2017-04-24,32893000,6028,5,0,0,0,0,0,0,0,0,6030,51,0,0,0,0,0,0,0,0
331,2017-04-24,09:08:13,0,SM705,XZCE,6028,6020,6064,864,26060420,14134,14156,6448,5716,6082,6070,0,6064,0,0,0,2017-04-24,32893000,6028,4,0,0,0,0,0,0,0,0,6030,51,0,0,0,0,0,0,0,0
332,2017-04-24,09:08:25,0,SM705,XZCE,6028,6020,6064,872,26301540,14128,14156,6448,5716,6082,6070,0,6064,0,0,0,2017-04-24,32905000,6026,10,0,0,0,0,0,0,0,0,6028,3,0,0,0,0,0,0,0,0
333,2017-04-24,09:08:26,0,SM705,XZCE,6028,6020,6064,872,26301540,14128,14156,6448,5716,6082,6070,0,6064,0,0,0,2017-04-24,32906000,6026,10,0,0,0,0,0,0,0,0,6028,13,0,0,0,0,0,0,0,0
334,2017-04-24,09:08:28,0,SM705,XZCE,6028,6020,6064,872,26301540,14128,14156,6448,5716,6082,6070,0,6064,0,0,0,2017-04-24,32908000,6026,10,0,0,0,0,0,0,0,0,6028,14,0,0,0,0,0,0,0,0
335,2017-04-24,09:08:29,0,SM705,XZCE,6026,6020,6064,892,26904140,14126,14156,6448,5716,6082,6070,0,6064,0,0,0,2017-04-24,32909000,6024,5,0,0,0,0,0,0,0,0,6028,14,0,0,0,0,0,0,0,0
336,2017-04-24,09:08:38,0,SM705,XZCE,6026,6020,6064,892,26904140,14126,14156,6448,5716,6082,6070,0,6064,0,0,0,2017-04-24,32918000,6026,1,0,0,0,0,0,0,0,0,6028,14,0,0,0,0,0,0,0,0
337,2017-04-24,09:08:38,0,SM705,XZCE,6026,6020,6064,892,26904140,14126,14156,6448,5716,6082,6070,0,6064,0,0,0,2017-04-24,32918000,6024,5,0,0,0,0,0,0,0,0,6028,14,0,0,0,0,0,0,0,0
338,2017-04-24,09:08:39,0,SM705,XZCE,6026,6020,6064,892,26904140,14126,14156,6448,5716,6082,6070,0,6064,0,0,0,2017-04-24,32919000,6024,6,0,0,0,0,0,0,0,0,6028,14,0,0,0,0,0,0,0,0
339,2017-04-24,09:08:40,0,SM705,XZCE,6026,6020,6064,892,26904140,14126,14156,6448,5716,6082,6070,0,6064,0,0,0,2017-04-24,32920000,6024,5,0,0,0,0,0,0,0,0,6028,14,0,0,0,0,0,0,0,0
340,2017-04-24,09:08:47,0,SM705,XZCE,6026,6020,6064,892,26904140,14126,14156,6448,5716,6082,6070,0,6064,0,0,0,2017-04-24,32927000,6024,5,0,0,0,0,0,0,0,0,6026,7,0,0,0,0,0,0,0,0
341,2017-04-24,09:08:50,0,SM705,XZCE,6026,6020,6064,892,26904140,14126,14156,6448,5716,6082,6070,0,6064,0,0,0,2017-04-24,32930000,6024,5,0,0,0,0,0,0,0,0,6026,9,0,0,0,0,0,0,0,0
342,2017-04-24,09:08:51,0,SM705,XZCE,6024,6020,6064,902,27205340,14126,14156,6448,5716,6082,6070,0,6064,0,0,0,2017-04-24,32931000,6022,28,0,0,0,0,0,0,0,0,6026,9,0,0,0,0,0,0,0,0
343,2017-04-24,09:08:55,0,SM705,XZCE,6024,6020,6064,902,27205340,14126,14156,6448,5716,6082,6070,0,6064,0,0,0,2017-04-24,32935000,6024,1,0,0,0,0,0,0,0,0,6026,9,0,0,0,0,0,0,0,0
344,2017-04-24,09:08:56,0,SM705,XZCE,6026,6020,6064,904,27265600,14126,14156,6448,5716,6082,6070,0,6064,0,0,0,2017-04-24,32936000,6022,28,0,0,0,0,0,0,0,0,6026,8,0,0,0,0,0,0,0,0
345,2017-04-24,09:08:57,0,SM705,XZCE,6026,6020,6064,904,27265600,14126,14156,6448,5716,6082,6070,0,6064,0,0,0,2017-04-24,32937000,6024,1,0,0,0,0,0,0,0,0,6026,8,0,0,0,0,0,0,0,0
346,2017-04-24,09:08:58,0,SM705,XZCE,6026,6020,6064,904,27265600,14126,14156,6448,5716,6082,6070,0,6064,0,0,0,2017-04-24,32938000,6022,28,0,0,0,0,0,0,0,0,6026,8,0,0,0,0,0,0,0,0
347,2017-04-24,09:08:58,0,SM705,XZCE,6024,6020,6064,906,27325840,14128,14156,6448,5716,6082,6070,0,6064,0,0,0,2017-04-24,32938000,6022,27,0,0,0,0,0,0,0,0,6026,8,0,0,0,0,0,0,0,0
348,2017-04-24,09:09:00,0,SM705,XZCE,6024,6020,6064,912,27506560,14122,14156,6448,5716,6082,6070,0,6064,0,0,0,2017-04-24,32940000,6024,2,0,0,0,0,0,0,0,0,6026,8,0,0,0,0,0,0,0,0
349,2017-04-24,09:09:01,0,SM705,XZCE,6024,6020,6064,912,27506560,14122,14156,6448,5716,6082,6070,0,6064,0,0,0,2017-04-24,32941000,6024,2,0,0,0,0,0,0,0,0,6026,15,0,0,0,0,0,0,0,0
350,2017-04-24,09:09:08,0,SM705,XZCE,6026,6020,6064,940,28350200,14146,14156,6448,5716,6082,6070,0,6064,0,0,0,2017-04-24,32948000,6024,2,0,0,0,0,0,0,0,0,6026,8,0,0,0,0,0,0,0,0
351,2017-04-24,09:09:08,0,SM705,XZCE,6024,6020,6064,944,28470680,14142,14156,6448,5716,6082,6070,0,6064,0,0,0,2017-04-24,32948000,6022,27,0,0,0,0,0,0,0,0,6024,2,0,0,0,0,0,0,0,0
352,2017-04-24,09:09:10,0,SM705,XZCE,6024,6020,6064,948,28591160,14142,14156,6448,5716,6082,6070,0,6064,0,0,0,2017-04-24,32950000,6022,27,0,0,0,0,0,0,0,0,6026,8,0,0,0,0,0,0,0,0
353,2017-04-24,09:09:11,0,SM705,XZCE,6024,6020,6064,948,28591160,14142,14156,6448,5716,6082,6070,0,6064,0,0,0,2017-04-24,32951000,6024,2,0,0,0,0,0,0,0,0,6026,8,0,0,0,0,0,0,0,0
354,2017-04-24,09:09:13,0,SM705,XZCE,6026,6020,6064,954,28771940,14148,14156,6448,5716,6082,6070,0,6064,0,0,0,2017-04-24,32953000,6024,2,0,0,0,0,0,0,0,0,6026,5,0,0,0,0,0,0,0,0
355,2017-04-24,09:09:16,0,SM705,XZCE,6024,6020,6064,958,28892420,14148,14156,6448,5716,6082,6070,0,6064,0,0,0,2017-04-24,32956000,6022,27,0,0,0,0,0,0,0,0,6024,8,0,0,0,0,0,0,0,0
356,2017-04-24,09:09:18,0,SM705,XZCE,6024,6020,6064,964,29073140,14148,14156,6448,5716,6082,6070,0,6064,0,0,0,2017-04-24,32958000,6022,27,0,0,0,0,0,0,0,0,6024,5,0,0,0,0,0,0,0,0
357,2017-04-24,09:09:21,0,SM705,XZCE,6024,6020,6064,966,29133380,14146,14156,6448,5716,6082,6070,0,6064,0,0,0,2017-04-24,32961000,6022,27,0,0,0,0,0,0,0,0,6024,4,0,0,0,0,0,0,0,0
358,2017-04-24,09:09:21,0,SM705,XZCE,6024,6020,6064,974,29374340,14138,14156,6448,5716,6082,6070,0,6064,0,0,0,2017-04-24,32961000,6024,4,0,0,0,0,0,0,0,0,6026,12,0,0,0,0,0,0,0,0
359,2017-04-24,09:09:23,0,SM705,XZCE,6024,6020,6064,982,29615300,14138,14156,6448,5716,6082,6070,0,6064,0,0,0,2017-04-24,32963000,6022,27,0,0,0,0,0,0,0,0,6024,16,0,0,0,0,0,0,0,0
360,2017-04-24,09:09:23,0,SM705,XZCE,6024,6020,6064,982,29615300,14138,14156,6448,5716,6082,6070,0,6064,0,0,0,2017-04-24,32963000,6022,27,0,0,0,0,0,0,0,0,6024,17,0,0,0,0,0,0,0,0
361,2017-04-24,09:09:29,0,SM705,XZCE,6024,6020,6064,984,29675540,14140,14156,6448,5716,6082,6070,0,6064,0,0,0,2017-04-24,32969000,6022,27,0,0,0,0,0,0,0,0,6024,16,0,0,0,0,0,0,0,0
362,2017-04-24,09:09:31,0,SM705,XZCE,6024,6020,6064,986,29735780,14140,14156,6448,5716,6082,6070,0,6064,0,0,0,2017-04-24,32971000,6022,27,0,0,0,0,0,0,0,0,6024,15,0,0,0,0,0,0,0,0
363,2017-04-24,09:09:38,0,SM705,XZCE,6024,6020,6064,986,29735780,14140,14156,6448,5716,6082,6070,0,6064,0,0,0,2017-04-24,32978000,6022,27,0,0,0,0,0,0,0,0,6024,22,0,0,0,0,0,0,0,0
364,2017-04-24,09:09:41,0,SM705,XZCE,6024,6020,6064,988,29796020,14142,14156,6448,5716,6082,6070,0,6064,0,0,0,2017-04-24,32981000,6022,27,0,0,0,0,0,0,0,0,6024,21,0,0,0,0,0,0,0,0
365,2017-04-24,09:09:41,0,SM705,XZCE,6024,6020,6064,988,29796020,14142,14156,6448,5716,6082,6070,0,6064,0,0,0,2017-04-24,32981000,6022,27,0,0,0,0,0,0,0,0,6024,20,0,0,0,0,0,0,0,0
366,2017-04-24,09:09:57,0,SM705,XZCE,6022,6020,6064,992,29916460,14140,14156,6448,5716,6082,6070,0,6064,0,0,0,2017-04-24,32997000,6022,25,0,0,0,0,0,0,0,0,6024,20,0,0,0,0,0,0,0,0
367,2017-04-24,09:09:57,0,SM705,XZCE,6022,6020,6064,996,30036900,14142,14156,6448,5716,6082,6070,0,6064,0,0,0,2017-04-24,32997000,6022,23,0,0,0,0,0,0,0,0,6024,19,0,0,0,0,0,0,0,0
368,2017-04-24,09:10:00,0,SM705,XZCE,6024,6020,6064,998,30097140,14144,14156,6448,5716,6082,6070,0,6064,0,0,0,2017-04-24,33000000,6022,23,0,0,0,0,0,0,0,0,6024,18,0,0,0,0,0,0,0,0
369,2017-04-24,09:10:02,0,SM705,XZCE,6024,6020,6064,1016,30639300,14162,14156,6448,5716,6082,6070,0,6064,0,0,0,2017-04-24,33002000,6022,11,0,0,0,0,0,0,0,0,6024,9,0,0,0,0,0,0,0,0
370,2017-04-24,09:10:02,0,SM705,XZCE,6024,6020,6064,1018,30699540,14164,14156,6448,5716,6082,6070,0,6064,0,0,0,2017-04-24,33002000,6022,11,0,0,0,0,0,0,0,0,6024,8,0,0,0,0,0,0,0,0
371,2017-04-24,09:10:03,0,SM705,XZCE,6022,6020,6064,1020,30759760,14166,14156,6448,5716,6082,6070,0,6064,0,0,0,2017-04-24,33003000,6022,10,0,0,0,0,0,0,0,0,6024,8,0,0,0,0,0,0,0,0
372,2017-04-24,09:10:06,0,SM705,XZCE,6024,6020,6064,1022,30820000,14168,14156,6448,5716,6082,6070,0,6064,0,0,0,2017-04-24,33006000,6022,10,0,0,0,0,0,0,0,0,6024,7,0,0,0,0,0,0,0,0
373,2017-04-24,09:10:08,0,SM705,XZCE,6024,6020,6064,1032,31121200,14178,14156,6448,5716,6082,6070,0,6064,0,0,0,2017-04-24,33008000,6022,10,0,0,0,0,0,0,0,0,6024,2,0,0,0,0,0,0,0,0
374,2017-04-24,09:10:09,0,SM705,XZCE,6024,6020,6064,1034,31181440,14180,14156,6448,5716,6082,6070,0,6064,0,0,0,2017-04-24,33009000,6022,10,0,0,0,0,0,0,0,0,6024,1,0,0,0,0,0,0,0,0
375,2017-04-24,09:10:09,0,SM705,XZCE,6024,6020,6064,1036,31241680,14182,14156,6448,5716,6082,6070,0,6064,0,0,0,2017-04-24,33009000,6024,3,0,0,0,0,0,0,0,0,6026,19,0,0,0,0,0,0,0,0
376,2017-04-24,09:10:10,0,SM705,XZCE,6024,6020,6064,1036,31241680,14182,14156,6448,5716,6082,6070,0,6064,0,0,0,2017-04-24,33010000,6024,7,0,0,0,0,0,0,0,0,6026,19,0,0,0,0,0,0,0,0
377,2017-04-24,09:10:10,0,SM705,XZCE,6024,6020,6064,1036,31241680,14182,14156,6448,5716,6082,6070,0,6064,0,0,0,2017-04-24,33010000,6024,4,0,0,0,0,0,0,0,0,6026,19,0,0,0,0,0,0,0,0
378,2017-04-24,09:10:11,0,SM705,XZCE,6024,6020,6064,1036,31241680,14182,14156,6448,5716,6082,6070,0,6064,0,0,0,2017-04-24,33011000,6024,5,0,0,0,0,0,0,0,0,6026,19,0,0,0,0,0,0,0,0
379,2017-04-24,09:10:14,0,SM705,XZCE,6026,6020,6064,1040,31362200,14182,14156,6448,5716,6082,6070,0,6064,0,0,0,2017-04-24,33014000,6024,5,0,0,0,0,0,0,0,0,6026,17,0,0,0,0,0,0,0,0
380,2017-04-24,09:10:18,0,SM705,XZCE,6026,6020,6064,1042,31422460,14182,14156,6448,5716,6082,6070,0,6064,0,0,0,2017-04-24,33018000,6024,4,0,0,0,0,0,0,0,0,6026,16,0,0,0,0,0,0,0,0
381,2017-04-24,09:10:19,0,SM705,XZCE,6024,6020,6064,1048,31603180,14176,14156,6448,5716,6082,6070,0,6064,0,0,0,2017-04-24,33019000,6024,1,0,0,0,0,0,0,0,0,6026,16,0,0,0,0,0,0,0,0
382,2017-04-24,09:10:23,0,SM705,XZCE,6024,6020,6064,1048,31603180,14176,14156,6448,5716,6082,6070,0,6064,0,0,0,2017-04-24,33023000,6024,60,0,0,0,0,0,0,0,0,6026,16,0,0,0,0,0,0,0,0
383,2017-04-24,09:10:25,0,SM705,XZCE,6024,6020,6064,1048,31603180,14176,14156,6448,5716,6082,6070,0,6064,0,0,0,2017-04-24,33025000,6024,61,0,0,0,0,0,0,0,0,6026,16,0,0,0,0,0,0,0,0
384,2017-04-24,09:10:29,0,SM705,XZCE,6026,6020,6064,1060,31964740,14176,14156,6448,5716,6082,6070,0,6064,0,0,0,2017-04-24,33029000,6024,61,0,0,0,0,0,0,0,0,6026,10,0,0,0,0,0,0,0,0
385,2017-04-24,09:10:30,0,SM705,XZCE,6024,6020,6064,1064,32085220,14172,14156,6448,5716,6082,6070,0,6064,0,0,0,2017-04-24,33030000,6024,59,0,0,0,0,0,0,0,0,6026,10,0,0,0,0,0,0,0,0
386,2017-04-24,09:10:34,0,SM705,XZCE,6026,6020,6064,1066,32145480,14174,14156,6448,5716,6082,6070,0,6064,0,0,0,2017-04-24,33034000,6024,59,0,0,0,0,0,0,0,0,6026,9,0,0,0,0,0,0,0,0
387,2017-04-24,09:10:34,0,SM705,XZCE,6026,6020,6064,1072,32326260,14180,14156,6448,5716,6082,6070,0,6064,0,0,0,2017-04-24,33034000,6024,59,0,0,0,0,0,0,0,0,6026,6,0,0,0,0,0,0,0,0
388,2017-04-24,09:10:35,0,SM705,XZCE,6026,6020,6064,1080,32567300,14184,14156,6448,5716,6082,6070,0,6064,0,0,0,2017-04-24,33035000,6024,59,0,0,0,0,0,0,0,0,6026,2,0,0,0,0,0,0,0,0
389,2017-04-24,09:10:35,0,SM705,XZCE,6026,6020,6064,1084,32687820,14188,14156,6448,5716,6082,6070,0,6064,0,0,0,2017-04-24,33035000,6026,1,0,0,0,0,0,0,0,0,6028,14,0,0,0,0,0,0,0,0
390,2017-04-24,09:10:36,0,SM705,XZCE,6026,6020,6064,1084,32687820,14188,14156,6448,5716,6082,6070,0,6064,0,0,0,2017-04-24,33036000,6026,1,0,0,0,0,0,0,0,0,6028,13,0,0,0,0,0,0,0,0
391,2017-04-24,09:10:38,0,SM705,XZCE,6028,6020,6064,1110,33471460,14188,14156,6448,5716,6082,6070,0,6064,0,0,0,2017-04-24,33038000,6026,1,0,0,0,0,0,0,0,0,6030,50,0,0,0,0,0,0,0,0
392,2017-04-24,09:10:38,0,SM705,XZCE,6028,6020,6064,1112,33531740,14188,14156,6448,5716,6082,6070,0,6064,0,0,0,2017-04-24,33038000,6026,4,0,0,0,0,0,0,0,0,6030,50,0,0,0,0,0,0,0,0
393,2017-04-24,09:10:40,0,SM705,XZCE,6026,6020,6064,1116,33652260,14188,14156,6448,5716,6082,6070,0,6064,0,0,0,2017-04-24,33040000,6026,2,0,0,0,0,0,0,0,0,6030,50,0,0,0,0,0,0,0,0
394,2017-04-24,09:10:53,0,SM705,XZCE,6026,6020,6064,1116,33652260,14188,14156,6448,5716,6082,6070,0,6064,0,0,0,2017-04-24,33053000,6026,3,0,0,0,0,0,0,0,0,6030,50,0,0,0,0,0,0,0,0
395,2017-04-24,09:10:56,0,SM705,XZCE,6026,6020,6064,1116,33652260,14188,14156,6448,5716,6082,6070,0,6064,0,0,0,2017-04-24,33056000,6026,3,0,0,0,0,0,0,0,0,6028,1,0,0,0,0,0,0,0,0
396,2017-04-24,09:10:57,0,SM705,XZCE,6028,6020,6064,1118,33712540,14186,14156,6448,5716,6082,6070,0,6064,0,0,0,2017-04-24,33057000,6026,3,0,0,0,0,0,0,0,0,6030,50,0,0,0,0,0,0,0,0
397,2017-04-24,09:10:57,0,SM705,XZCE,6028,6020,6064,1118,33712540,14186,14156,6448,5716,6082,6070,0,6064,0,0,0,2017-04-24,33057000,6026,4,0,0,0,0,0,0,0,0,6030,50,0,0,0,0,0,0,0,0
398,2017-04-24,09:11:00,0,SM705,XZCE,6028,6020,6064,1118,33712540,14186,14156,6448,5716,6082,6070,0,6064,0,0,0,2017-04-24,33060000,6026,5,0,0,0,0,0,0,0,0,6030,50,0,0,0,0,0,0,0,0
399,2017-04-24,09:11:02,0,SM705,XZCE,6028,6020,6064,1118,33712540,14186,14156,6448,5716,6082,6070,0,6064,0,0,0,2017-04-24,33062000,6026,7,0,0,0,0,0,0,0,0,6030,50,0,0,0,0,0,0,0,0
400,2017-04-24,09:11:05,0,SM705,XZCE,6026,6020,6064,1120,33772800,14186,14156,6448,5716,6082,6070,0,6064,0,0,0,2017-04-24,33065000,6026,6,0,0,0,0,0,0,0,0,6030,50,0,0,0,0,0,0,0,0
401,2017-04-24,09:11:08,0,SM705,XZCE,6030,6020,6064,1122,33833100,14186,14156,6448,5716,6082,6070,0,6064,0,0,0,2017-04-24,33068000,6026,6,0,0,0,0,0,0,0,0,6030,49,0,0,0,0,0,0,0,0
402,2017-04-24,09:11:09,0,SM705,XZCE,6030,6020,6064,1124,33893400,14188,14156,6448,5716,6082,6070,0,6064,0,0,0,2017-04-24,33069000,6026,6,0,0,0,0,0,0,0,0,6030,48,0,0,0,0,0,0,0,0
403,2017-04-24,09:11:10,0,SM705,XZCE,6032,6020,6064,1224,36909400,14228,14156,6448,5716,6082,6070,0,6064,0,0,0,2017-04-24,33070000,6026,6,0,0,0,0,0,0,0,0,6032,3,0,0,0,0,0,0,0,0
404,2017-04-24,09:11:11,0,SM705,XZCE,6032,6020,6064,1224,36909400,14228,14156,6448,5716,6082,6070,0,6064,0,0,0,2017-04-24,33071000,6028,3,0,0,0,0,0,0,0,0,6032,3,0,0,0,0,0,0,0,0
405,2017-04-24,09:11:13,0,SM705,XZCE,6032,6020,6064,1224,36909400,14228,14156,6448,5716,6082,6070,0,6064,0,0,0,2017-04-24,33073000,6026,6,0,0,0,0,0,0,0,0,6032,3,0,0,0,0,0,0,0,0
406,2017-04-24,09:11:13,0,SM705,XZCE,6026,6020,6064,1226,36969660,14228,14156,6448,5716,6082,6070,0,6064,0,0,0,2017-04-24,33073000,6026,5,0,0,0,0,0,0,0,0,6032,3,0,0,0,0,0,0,0,0
407,2017-04-24,09:11:15,0,SM705,XZCE,6026,6020,6064,1226,36969660,14228,14156,6448,5716,6082,6070,0,6064,0,0,0,2017-04-24,33075000,6030,1,0,0,0,0,0,0,0,0,6032,3,0,0,0,0,0,0,0,0
408,2017-04-24,09:11:17,0,SM705,XZCE,6026,6020,6064,1226,36969660,14228,14156,6448,5716,6082,6070,0,6064,0,0,0,2017-04-24,33077000,6030,1,0,0,0,0,0,0,0,0,6032,4,0,0,0,0,0,0,0,0
409,2017-04-24,09:11:18,0,SM705,XZCE,6030,6020,6064,1228,37029960,14228,14156,6448,5716,6082,6070,0,6064,0,0,0,2017-04-24,33078000,6026,5,0,0,0,0,0,0,0,0,6032,4,0,0,0,0,0,0,0,0
410,2017-04-24,09:11:18,0,SM705,XZCE,6030,6020,6064,1228,37029960,14228,14156,6448,5716,6082,6070,0,6064,0,0,0,2017-04-24,33078000,6026,5,0,0,0,0,0,0,0,0,6030,2,0,0,0,0,0,0,0,0
411,2017-04-24,09:11:20,0,SM705,XZCE,6032,6020,6064,1242,37452200,14238,14156,6448,5716,6082,6070,0,6064,0,0,0,2017-04-24,33080000,6032,3,0,0,0,0,0,0,0,0,6034,2,0,0,0,0,0,0,0,0
412,2017-04-24,09:11:26,0,SM705,XZCE,6034,6020,6064,1246,37572880,14236,14156,6448,5716,6082,6070,0,6064,0,0,0,2017-04-24,33086000,6032,3,0,0,0,0,0,0,0,0,6036,1,0,0,0,0,0,0,0,0
413,2017-04-24,09:11:29,0,SM705,XZCE,6036,6020,6064,1248,37633240,14236,14156,6448,5716,6082,6070,0,6064,0,0,0,2017-04-24,33089000,6036,6,0,0,0,0,0,0,0,0,6044,5,0,0,0,0,0,0,0,0
414,2017-04-24,09:11:30,0,SM705,XZCE,6036,6020,6064,1248,37633240,14236,14156,6448,5716,6082,6070,0,6064,0,0,0,2017-04-24,33090000,6036,6,0,0,0,0,0,0,0,0,6044,6,0,0,0,0,0,0,0,0
415,2017-04-24,09:11:30,0,SM705,XZCE,6036,6020,6064,1248,37633240,14236,14156,6448,5716,6082,6070,0,6064,0,0,0,2017-04-24,33090000,6036,6,0,0,0,0,0,0,0,0,6042,6,0,0,0,0,0,0,0,0
416,2017-04-24,09:11:32,0,SM705,XZCE,6042,6020,6064,1250,37693660,14234,14156,6448,5716,6082,6070,0,6064,0,0,0,2017-04-24,33092000,6036,6,0,0,0,0,0,0,0,0,6042,5,0,0,0,0,0,0,0,0
417,2017-04-24,09:11:33,0,SM705,XZCE,6042,6020,6064,1252,37754080,14234,14156,6448,5716,6082,6070,0,6064,0,0,0,2017-04-24,33093000,6036,6,0,0,0,0,0,0,0,0,6042,4,0,0,0,0,0,0,0,0
418,2017-04-24,09:11:34,0,SM705,XZCE,6042,6020,6064,1252,37754080,14234,14156,6448,5716,6082,6070,0,6064,0,0,0,2017-04-24,33094000,6036,6,0,0,0,0,0,0,0,0,6040,1,0,0,0,0,0,0,0,0
419,2017-04-24,09:11:35,0,SM705,XZCE,6042,6020,6064,1254,37814500,14232,14156,6448,5716,6082,6070,0,6064,0,0,0,2017-04-24,33095000,6036,6,0,0,0,0,0,0,0,0,6042,5,0,0,0,0,0,0,0,0
420,2017-04-24,09:11:35,0,SM705,XZCE,6036,6020,6064,1266,38176660,14220,14156,6448,5716,6082,6070,0,6064,0,0,0,2017-04-24,33095000,6032,3,0,0,0,0,0,0,0,0,6036,8,0,0,0,0,0,0,0,0
421,2017-04-24,09:11:36,0,SM705,XZCE,6036,6020,6064,1268,38237020,14220,14156,6448,5716,6082,6070,0,6064,0,0,0,2017-04-24,33096000,6032,3,0,0,0,0,0,0,0,0,6036,7,0,0,0,0,0,0,0,0
422,2017-04-24,09:11:37,0,SM705,XZCE,6036,6020,6064,1270,38297380,14220,14156,6448,5716,6082,6070,0,6064,0,0,0,2017-04-24,33097000,6032,3,0,0,0,0,0,0,0,0,6036,6,0,0,0,0,0,0,0,0
423,2017-04-24,09:11:41,0,SM705,XZCE,6036,6020,6064,1272,38357740,14220,14156,6448,5716,6082,6070,0,6064,0,0,0,2017-04-24,33101000,6032,3,0,0,0,0,0,0,0,0,6036,5,0,0,0,0,0,0,0,0
424,2017-04-24,09:11:41,0,SM705,XZCE,6036,6020,6064,1272,38357740,14220,14156,6448,5716,6082,6070,0,6064,0,0,0,2017-04-24,33101000,6032,3,0,0,0,0,0,0,0,0,6036,6,0,0,0,0,0,0,0,0
425,2017-04-24,09:11:46,0,SM705,XZCE,6036,6020,6064,1272,38357740,14220,14156,6448,5716,6082,6070,0,6064,0,0,0,2017-04-24,33106000,6032,3,0,0,0,0,0,0,0,0,6036,7,0,0,0,0,0,0,0,0
426,2017-04-24,09:11:51,0,SM705,XZCE,6036,6020,6064,1272,38357740,14220,14156,6448,5716,6082,6070,0,6064,0,0,0,2017-04-24,33111000,6032,3,0,0,0,0,0,0,0,0,6034,1,0,0,0,0,0,0,0,0
427,2017-04-24,09:11:54,0,SM705,XZCE,6034,6020,6064,1274,38418080,14220,14156,6448,5716,6082,6070,0,6064,0,0,0,2017-04-24,33114000,6034,1,0,0,0,0,0,0,0,0,6036,6,0,0,0,0,0,0,0,0
428,2017-04-24,09:11:56,0,SM705,XZCE,6034,6020,6064,1276,38478420,14222,14156,6448,5716,6082,6070,0,6064,0,0,0,2017-04-24,33116000,6032,3,0,0,0,0,0,0,0,0,6036,9,0,0,0,0,0,0,0,0
429,2017-04-24,09:11:58,0,SM705,XZCE,6036,6020,6064,1280,38599140,14220,14156,6448,5716,6082,6070,0,6064,0,0,0,2017-04-24,33118000,6032,3,0,0,0,0,0,0,0,0,6036,7,0,0,0,0,0,0,0,0
430,2017-04-24,09:12:01,0,SM705,XZCE,6036,6020,6064,1280,38599140,14220,14156,6448,5716,6082,6070,0,6064,0,0,0,2017-04-24,33121000,6032,3,0,0,0,0,0,0,0,0,6036,8,0,0,0,0,0,0,0,0
431,2017-04-24,09:12:02,0,SM705,XZCE,6036,6020,6064,1280,38599140,14220,14156,6448,5716,6082,6070,0,6064,0,0,0,2017-04-24,33122000,6032,3,0,0,0,0,0,0,0,0,6034,3,0,0,0,0,0,0,0,0
432,2017-04-24,09:12:03,0,SM705,XZCE,6032,6020,6064,1284,38719780,14220,14156,6448,5716,6082,6070,0,6064,0,0,0,2017-04-24,33123000,6032,1,0,0,0,0,0,0,0,0,6034,3,0,0,0,0,0,0,0,0
433,2017-04-24,09:12:09,0,SM705,XZCE,6032,6020,6064,1286,38780100,14220,14156,6448,5716,6082,6070,0,6064,0,0,0,2017-04-24,33129000,6030,1,0,0,0,0,0,0,0,0,6034,3,0,0,0,0,0,0,0,0
434,2017-04-24,09:12:10,0,SM705,XZCE,6032,6020,6064,1286,38780100,14220,14156,6448,5716,6082,6070,0,6064,0,0,0,2017-04-24,33130000,6030,1,0,0,0,0,0,0,0,0,6032,1,0,0,0,0,0,0,0,0
435,2017-04-24,09:12:11,0,SM705,XZCE,6032,6020,6064,1288,38840420,14220,14156,6448,5716,6082,6070,0,6064,0,0,0,2017-04-24,33131000,6032,5,0,0,0,0,0,0,0,0,6034,3,0,0,0,0,0,0,0,0
436,2017-04-24,09:12:12,0,SM705,XZCE,6030,6020,6064,1300,39202220,14232,14156,6448,5716,6082,6070,0,6064,0,0,0,2017-04-24,33132000,6026,7,0,0,0,0,0,0,0,0,6030,14,0,0,0,0,0,0,0,0
437,2017-04-24,09:12:13,0,SM705,XZCE,6026,6020,6064,1302,39262480,14234,14156,6448,5716,6082,6070,0,6064,0,0,0,2017-04-24,33133000,6026,6,0,0,0,0,0,0,0,0,6030,14,0,0,0,0,0,0,0,0
438,2017-04-24,09:12:23,0,SM705,XZCE,6026,6020,6064,1304,39322740,14236,14156,6448,5716,6082,6070,0,6064,0,0,0,2017-04-24,33143000,6026,5,0,0,0,0,0,0,0,0,6030,14,0,0,0,0,0,0,0,0
439,2017-04-24,09:12:25,0,SM705,XZCE,6026,6020,6064,1304,39322740,14236,14156,6448,5716,6082,6070,0,6064,0,0,0,2017-04-24,33145000,6026,5,0,0,0,0,0,0,0,0,6028,2,0,0,0,0,0,0,0,0
440,2017-04-24,09:12:26,0,SM705,XZCE,6026,6020,6064,1306,39383000,14236,14156,6448,5716,6082,6070,0,6064,0,0,0,2017-04-24,33146000,6026,4,0,0,0,0,0,0,0,0,6028,2,0,0,0,0,0,0,0,0
441,2017-04-24,09:12:32,0,SM705,XZCE,6026,6020,6064,1306,39383000,14236,14156,6448,5716,6082,6070,0,6064,0,0,0,2017-04-24,33152000,6026,6,0,0,0,0,0,0,0,0,6028,2,0,0,0,0,0,0,0,0
442,2017-04-24,09:12:36,0,SM705,XZCE,6026,6020,6064,1318,39744560,14228,14156,6448,5716,6082,6070,0,6064,0,0,0,2017-04-24,33156000,6024,59,0,0,0,0,0,0,0,0,6028,2,0,0,0,0,0,0,0,0
443,2017-04-24,09:12:37,0,SM705,XZCE,6026,6020,6064,1318,39744560,14228,14156,6448,5716,6082,6070,0,6064,0,0,0,2017-04-24,33157000,6024,61,0,0,0,0,0,0,0,0,6028,2,0,0,0,0,0,0,0,0
444,2017-04-24,09:12:38,0,SM705,XZCE,6026,6020,6064,1318,39744560,14228,14156,6448,5716,6082,6070,0,6064,0,0,0,2017-04-24,33158000,6024,64,0,0,0,0,0,0,0,0,6028,2,0,0,0,0,0,0,0,0
445,2017-04-24,09:12:39,0,SM705,XZCE,6026,6020,6064,1318,39744560,14228,14156,6448,5716,6082,6070,0,6064,0,0,0,2017-04-24,33159000,6024,59,0,0,0,0,0,0,0,0,6028,2,0,0,0,0,0,0,0,0
446,2017-04-24,09:12:44,0,SM705,XZCE,6026,6020,6064,1318,39744560,14228,14156,6448,5716,6082,6070,0,6064,0,0,0,2017-04-24,33164000,6024,59,0,0,0,0,0,0,0,0,6026,1,0,0,0,0,0,0,0,0
447,2017-04-24,09:12:48,0,SM705,XZCE,6026,6020,6064,1318,39744560,14228,14156,6448,5716,6082,6070,0,6064,0,0,0,2017-04-24,33168000,6024,59,0,0,0,0,0,0,0,0,6028,3,0,0,0,0,0,0,0,0
448,2017-04-24,09:12:55,0,SM705,XZCE,6026,6020,6064,1318,39744560,14228,14156,6448,5716,6082,6070,0,6064,0,0,0,2017-04-24,33175000,6024,59,0,0,0,0,0,0,0,0,6026,1,0,0,0,0,0,0,0,0
449,2017-04-24,09:12:57,0,SM705,XZCE,6024,6020,6064,1320,39804800,14228,14156,6448,5716,6082,6070,0,6064,0,0,0,2017-04-24,33177000,6024,58,0,0,0,0,0,0,0,0,6028,3,0,0,0,0,0,0,0,0
450,2017-04-24,09:12:58,0,SM705,XZCE,6024,6020,6064,1320,39804800,14228,14156,6448,5716,6082,6070,0,6064,0,0,0,2017-04-24,33178000,6024,58,0,0,0,0,0,0,0,0,6026,1,0,0,0,0,0,0,0,0
451,2017-04-24,09:12:59,0,SM705,XZCE,6024,6020,6064,1320,39804800,14228,14156,6448,5716,6082,6070,0,6064,0,0,0,2017-04-24,33179000,6024,58,0,0,0,0,0,0,0,0,6028,3,0,0,0,0,0,0,0,0
452,2017-04-24,09:12:59,0,SM705,XZCE,6024,6020,6064,1322,39865040,14228,14156,6448,5716,6082,6070,0,6064,0,0,0,2017-04-24,33179000,6024,57,0,0,0,0,0,0,0,0,6028,2,0,0,0,0,0,0,0,0
453,2017-04-24,09:13:00,0,SM705,XZCE,6024,6020,6064,1422,42877040,14128,14156,6448,5716,6082,6070,0,6064,0,0,0,2017-04-24,33180000,6026,4,0,0,0,0,0,0,0,0,6028,2,0,0,0,0,0,0,0,0
454,2017-04-24,09:13:01,0,SM705,XZCE,6026,6020,6064,1428,43057820,14128,14156,6448,5716,6082,6070,0,6064,0,0,0,2017-04-24,33181000,6026,1,0,0,0,0,0,0,0,0,6028,2,0,0,0,0,0,0,0,0
455,2017-04-24,09:13:02,0,SM705,XZCE,6026,6020,6064,1432,43178340,14126,14156,6448,5716,6082,6070,0,6064,0,0,0,2017-04-24,33182000,6024,7,0,0,0,0,0,0,0,0,6028,2,0,0,0,0,0,0,0,0
456,2017-04-24,09:13:04,0,SM705,XZCE,6026,6020,6064,1432,43178340,14126,14156,6448,5716,6082,6070,0,6064,0,0,0,2017-04-24,33184000,6024,7,0,0,0,0,0,0,0,0,6026,3,0,0,0,0,0,0,0,0
457,2017-04-24,09:13:05,0,SM705,XZCE,6026,6020,6064,1432,43178340,14126,14156,6448,5716,6082,6070,0,6064,0,0,0,2017-04-24,33185000,6024,7,0,0,0,0,0,0,0,0,6028,2,0,0,0,0,0,0,0,0
458,2017-04-24,09:13:11,0,SM705,XZCE,6026,6020,6064,1432,43178340,14126,14156,6448,5716,6082,6070,0,6064,0,0,0,2017-04-24,33191000,6024,12,0,0,0,0,0,0,0,0,6028,2,0,0,0,0,0,0,0,0
459,2017-04-24,09:13:14,0,SM705,XZCE,6024,6020,6064,1434,43238580,14126,14156,6448,5716,6082,6070,0,6064,0,0,0,2017-04-24,33194000,6024,11,0,0,0,0,0,0,0,0,6028,2,0,0,0,0,0,0,0,0
460,2017-04-24,09:13:15,0,SM705,XZCE,6024,6020,6064,1434,43238580,14126,14156,6448,5716,6082,6070,0,6064,0,0,0,2017-04-24,33195000,6024,10,0,0,0,0,0,0,0,0,6028,2,0,0,0,0,0,0,0,0
461,2017-04-24,09:13:16,0,SM705,XZCE,6024,6020,6064,1434,43238580,14126,14156,6448,5716,6082,6070,0,6064,0,0,0,2017-04-24,33196000,6024,9,0,0,0,0,0,0,0,0,6028,2,0,0,0,0,0,0,0,0
462,2017-04-24,09:13:16,0,SM705,XZCE,6024,6020,6064,1434,43238580,14126,14156,6448,5716,6082,6070,0,6064,0,0,0,2017-04-24,33196000,6024,11,0,0,0,0,0,0,0,0,6028,2,0,0,0,0,0,0,0,0
463,2017-04-24,09:13:23,0,SM705,XZCE,6024,6020,6064,1434,43238580,14126,14156,6448,5716,6082,6070,0,6064,0,0,0,2017-04-24,33203000,6026,1,0,0,0,0,0,0,0,0,6028,2,0,0,0,0,0,0,0,0
464,2017-04-24,09:13:24,0,SM705,XZCE,6024,6020,6064,1434,43238580,14126,14156,6448,5716,6082,6070,0,6064,0,0,0,2017-04-24,33204000,6026,5,0,0,0,0,0,0,0,0,6028,2,0,0,0,0,0,0,0,0
465,2017-04-24,09:13:27,0,SM705,XZCE,6024,6020,6064,1434,43238580,14126,14156,6448,5716,6082,6070,0,6064,0,0,0,2017-04-24,33207000,6024,11,0,0,0,0,0,0,0,0,6028,2,0,0,0,0,0,0,0,0
466,2017-04-24,09:13:32,0,SM705,XZCE,6024,6020,6064,1434,43238580,14126,14156,6448,5716,6082,6070,0,6064,0,0,0,2017-04-24,33212000,6026,1,0,0,0,0,0,0,0,0,6028,2,0,0,0,0,0,0,0,0
467,2017-04-24,09:13:32,0,SM705,XZCE,6024,6020,6064,1434,43238580,14126,14156,6448,5716,6082,6070,0,6064,0,0,0,2017-04-24,33212000,6024,11,0,0,0,0,0,0,0,0,6028,2,0,0,0,0,0,0,0,0
468,2017-04-24,09:13:33,0,SM705,XZCE,6024,6020,6064,1434,43238580,14126,14156,6448,5716,6082,6070,0,6064,0,0,0,2017-04-24,33213000,6026,1,0,0,0,0,0,0,0,0,6028,2,0,0,0,0,0,0,0,0
469,2017-04-24,09:13:33,0,SM705,XZCE,6024,6020,6064,1434,43238580,14126,14156,6448,5716,6082,6070,0,6064,0,0,0,2017-04-24,33213000,6026,5,0,0,0,0,0,0,0,0,6028,2,0,0,0,0,0,0,0,0
470,2017-04-24,09:13:34,0,SM705,XZCE,6028,6020,6064,1438,43359140,14126,14156,6448,5716,6082,6070,0,6064,0,0,0,2017-04-24,33214000,6028,1,0,0,0,0,0,0,0,0,6030,19,0,0,0,0,0,0,0,0
471,2017-04-24,09:13:35,0,SM705,XZCE,6028,6020,6064,1438,43359140,14126,14156,6448,5716,6082,6070,0,6064,0,0,0,2017-04-24,33215000,6028,2,0,0,0,0,0,0,0,0,6030,19,0,0,0,0,0,0,0,0
472,2017-04-24,09:13:36,0,SM705,XZCE,6028,6020,6064,1438,43359140,14126,14156,6448,5716,6082,6070,0,6064,0,0,0,2017-04-24,33216000,6028,4,0,0,0,0,0,0,0,0,6030,19,0,0,0,0,0,0,0,0
473,2017-04-24,09:13:36,0,SM705,XZCE,6028,6020,6064,1438,43359140,14126,14156,6448,5716,6082,6070,0,6064,0,0,0,2017-04-24,33216000,6028,3,0,0,0,0,0,0,0,0,6030,19,0,0,0,0,0,0,0,0
474,2017-04-24,09:13:37,0,SM705,XZCE,6028,6020,6064,1438,43359140,14126,14156,6448,5716,6082,6070,0,6064,0,0,0,2017-04-24,33217000,6028,2,0,0,0,0,0,0,0,0,6030,19,0,0,0,0,0,0,0,0
475,2017-04-24,09:13:38,0,SM705,XZCE,6030,6020,6064,1440,43419440,14128,14156,6448,5716,6082,6070,0,6064,0,0,0,2017-04-24,33218000,6028,2,0,0,0,0,0,0,0,0,6030,18,0,0,0,0,0,0,0,0
476,2017-04-24,09:13:39,0,SM705,XZCE,6030,6020,6064,1444,43540040,14132,14156,6448,5716,6082,6070,0,6064,0,0,0,2017-04-24,33219000,6026,1,0,0,0,0,0,0,0,0,6030,16,0,0,0,0,0,0,0,0
477,2017-04-24,09:13:41,0,SM705,XZCE,6030,6020,6064,1448,43660640,14136,14156,6448,5716,6082,6070,0,6064,0,0,0,2017-04-24,33221000,6026,1,0,0,0,0,0,0,0,0,6030,14,0,0,0,0,0,0,0,0
478,2017-04-24,09:13:48,0,SM705,XZCE,6030,6020,6064,1454,43841540,14136,14156,6448,5716,6082,6070,0,6064,0,0,0,2017-04-24,33228000,6026,30,0,0,0,0,0,0,0,0,6030,11,0,0,0,0,0,0,0,0
479,2017-04-24,09:13:48,0,SM705,XZCE,6030,6020,6064,1476,44504840,14136,14156,6448,5716,6082,6070,0,6064,0,0,0,2017-04-24,33228000,6028,13,0,0,0,0,0,0,0,0,6036,4,0,0,0,0,0,0,0,0
480,2017-04-24,09:13:49,0,SM705,XZCE,6030,6020,6064,1476,44504840,14136,14156,6448,5716,6082,6070,0,6064,0,0,0,2017-04-24,33229000,6030,3,0,0,0,0,0,0,0,0,6036,4,0,0,0,0,0,0,0,0
481,2017-04-24,09:13:50,0,SM705,XZCE,6036,6020,6064,1480,44625560,14138,14156,6448,5716,6082,6070,0,6064,0,0,0,2017-04-24,33230000,6030,3,0,0,0,0,0,0,0,0,6036,2,0,0,0,0,0,0,0,0
482,2017-04-24,09:13:51,0,SM705,XZCE,6036,6020,6064,1480,44625560,14138,14156,6448,5716,6082,6070,0,6064,0,0,0,2017-04-24,33231000,6030,25,0,0,0,0,0,0,0,0,6036,2,0,0,0,0,0,0,0,0
483,2017-04-24,09:13:52,0,SM705,XZCE,6036,6020,6064,1480,44625560,14138,14156,6448,5716,6082,6070,0,6064,0,0,0,2017-04-24,33232000,6032,22,0,0,0,0,0,0,0,0,6036,2,0,0,0,0,0,0,0,0
484,2017-04-24,09:13:54,0,SM705,XZCE,6034,6020,6064,1484,44746240,14138,14156,6448,5716,6082,6070,0,6064,0,0,0,2017-04-24,33234000,6034,1,0,0,0,0,0,0,0,0,6036,2,0,0,0,0,0,0,0,0
485,2017-04-24,09:13:54,0,SM705,XZCE,6036,6020,6064,1488,44866960,14142,14156,6448,5716,6082,6070,0,6064,0,0,0,2017-04-24,33234000,6034,1,0,0,0,0,0,0,0,0,6038,3,0,0,0,0,0,0,0,0
486,2017-04-24,09:13:55,0,SM705,XZCE,6038,6020,6064,1494,45048100,14146,14156,6448,5716,6082,6070,0,6064,0,0,0,2017-04-24,33235000,6038,2,0,0,0,0,0,0,0,0,6040,1,0,0,0,0,0,0,0,0
487,2017-04-24,09:13:55,0,SM705,XZCE,6038,6020,6064,1494,45048100,14146,14156,6448,5716,6082,6070,0,6064,0,0,0,2017-04-24,33235000,6034,13,0,0,0,0,0,0,0,0,6040,1,0,0,0,0,0,0,0,0
488,2017-04-24,09:13:56,0,SM705,XZCE,6038,6020,6064,1494,45048100,14146,14156,6448,5716,6082,6070,0,6064,0,0,0,2017-04-24,33236000,6034,6,0,0,0,0,0,0,0,0,6040,1,0,0,0,0,0,0,0,0
489,2017-04-24,09:13:56,0,SM705,XZCE,6038,6020,6064,1494,45048100,14146,14156,6448,5716,6082,6070,0,6064,0,0,0,2017-04-24,33236000,6034,4,0,0,0,0,0,0,0,0,6040,1,0,0,0,0,0,0,0,0
490,2017-04-24,09:13:57,0,SM705,XZCE,6038,6020,6064,1494,45048100,14146,14156,6448,5716,6082,6070,0,6064,0,0,0,2017-04-24,33237000,6034,1,0,0,0,0,0,0,0,0,6040,1,0,0,0,0,0,0,0,0
491,2017-04-24,09:13:59,0,SM705,XZCE,6038,6020,6064,1494,45048100,14146,14156,6448,5716,6082,6070,0,6064,0,0,0,2017-04-24,33239000,6034,1,0,0,0,0,0,0,0,0,6038,3,0,0,0,0,0,0,0,0
492,2017-04-24,09:14:01,0,SM705,XZCE,6038,6020,6064,1494,45048100,14146,14156,6448,5716,6082,6070,0,6064,0,0,0,2017-04-24,33241000,6030,15,0,0,0,0,0,0,0,0,6038,3,0,0,0,0,0,0,0,0
493,2017-04-24,09:14:01,0,SM705,XZCE,6038,6020,6064,1494,45048100,14146,14156,6448,5716,6082,6070,0,6064,0,0,0,2017-04-24,33241000,6030,14,0,0,0,0,0,0,0,0,6036,1,0,0,0,0,0,0,0,0
494,2017-04-24,09:14:02,0,SM705,XZCE,6038,6020,6064,1494,45048100,14146,14156,6448,5716,6082,6070,0,6064,0,0,0,2017-04-24,33242000,6030,12,0,0,0,0,0,0,0,0,6036,1,0,0,0,0,0,0,0,0
495,2017-04-24,09:14:02,0,SM705,XZCE,6038,6020,6064,1494,45048100,14146,14156,6448,5716,6082,6070,0,6064,0,0,0,2017-04-24,33242000,6030,13,0,0,0,0,0,0,0,0,6036,1,0,0,0,0,0,0,0,0
496,2017-04-24,09:14:03,0,SM705,XZCE,6038,6020,6064,1494,45048100,14146,14156,6448,5716,6082,6070,0,6064,0,0,0,2017-04-24,33243000,6030,11,0,0,0,0,0,0,0,0,6036,1,0,0,0,0,0,0,0,0
497,2017-04-24,09:14:04,0,SM705,XZCE,6038,6020,6064,1494,45048100,14146,14156,6448,5716,6082,6070,0,6064,0,0,0,2017-04-24,33244000,6032,25,0,0,0,0,0,0,0,0,6036,1,0,0,0,0,0,0,0,0
498,2017-04-24,09:14:06,0,SM705,XZCE,6038,6020,6064,1494,45048100,14146,14156,6448,5716,6082,6070,0,6064,0,0,0,2017-04-24,33246000,6032,25,0,0,0,0,0,0,0,0,6036,4,0,0,0,0,0,0,0,0
499,2017-04-24,09:14:06,0,SM705,XZCE,6036,6020,6064,1502,45289540,14146,14156,6448,5716,6082,6070,0,6064,0,0,0,2017-04-24,33246000,6036,2,0,0,0,0,0,0,0,0,6038,3,0,0,0,0,0,0,0,0
500,2017-04-24,09:14:09,0,SM705,XZCE,6036,6020,6064,1502,45289540,14146,14156,6448,5716,6082,6070,0,6064,0,0,0,2017-04-24,33249000,6036,2,0,0,0,0,0,0,0,0,6040,1,0,0,0,0,0,0,0,0
501,2017-04-24,09:14:10,0,SM705,XZCE,6036,6020,6064,1502,45289540,14146,14156,6448,5716,6082,6070,0,6064,0,0,0,2017-04-24,33250000,6036,2,0,0,0,0,0,0,0,0,6038,3,0,0,0,0,0,0,0,0
502,2017-04-24,09:14:15,0,SM705,XZCE,6036,6020,6064,1504,45349900,14146,14156,6448,5716,6082,6070,0,6064,0,0,0,2017-04-24,33255000,6036,1,0,0,0,0,0,0,0,0,6038,3,0,0,0,0,0,0,0,0
503,2017-04-24,09:14:22,0,SM705,XZCE,6038,6020,6064,1508,45470660,14142,14156,6448,5716,6082,6070,0,6064,0,0,0,2017-04-24,33262000,6036,1,0,0,0,0,0,0,0,0,6038,1,0,0,0,0,0,0,0,0
504,2017-04-24,09:14:23,0,SM705,XZCE,6038,6020,6064,1508,45470660,14142,14156,6448,5716,6082,6070,0,6064,0,0,0,2017-04-24,33263000,6036,6,0,0,0,0,0,0,0,0,6038,1,0,0,0,0,0,0,0,0
505,2017-04-24,09:14:25,0,SM705,XZCE,6038,6020,6064,1508,45470660,14142,14156,6448,5716,6082,6070,0,6064,0,0,0,2017-04-24,33265000,6036,6,0,0,0,0,0,0,0,0,6040,1,0,0,0,0,0,0,0,0
506,2017-04-24,09:14:30,0,SM705,XZCE,6038,6020,6064,1508,45470660,14142,14156,6448,5716,6082,6070,0,6064,0,0,0,2017-04-24,33270000,6036,6,0,0,0,0,0,0,0,0,6038,3,0,0,0,0,0,0,0,0
507,2017-04-24,09:14:34,0,SM705,XZCE,6036,6020,6064,1514,45651740,14138,14156,6448,5716,6082,6070,0,6064,0,0,0,2017-04-24,33274000,6036,3,0,0,0,0,0,0,0,0,6038,3,0,0,0,0,0,0,0,0
508,2017-04-24,09:14:35,0,SM705,XZCE,6040,6020,6064,1522,45893340,14132,14156,6448,5716,6082,6070,0,6064,0,0,0,2017-04-24,33275000,6040,5,0,0,0,0,0,0,0,0,6046,1,0,0,0,0,0,0,0,0
509,2017-04-24,09:14:37,0,SM705,XZCE,6040,6020,6064,1524,45953740,14132,14156,6448,5716,6082,6070,0,6064,0,0,0,2017-04-24,33277000,6040,4,0,0,0,0,0,0,0,0,6044,3,0,0,0,0,0,0,0,0
510,2017-04-24,09:14:44,0,SM705,XZCE,6040,6020,6064,1530,46134940,14132,14156,6448,5716,6082,6070,0,6064,0,0,0,2017-04-24,33284000,6040,1,0,0,0,0,0,0,0,0,6046,1,0,0,0,0,0,0,0,0
511,2017-04-24,09:14:44,0,SM705,XZCE,6040,6020,6064,1530,46134940,14132,14156,6448,5716,6082,6070,0,6064,0,0,0,2017-04-24,33284000,6040,1,0,0,0,0,0,0,0,0,6044,3,0,0,0,0,0,0,0,0
512,2017-04-24,09:14:52,0,SM705,XZCE,6040,6020,6064,1530,46134940,14132,14156,6448,5716,6082,6070,0,6064,0,0,0,2017-04-24,33292000,6040,1,0,0,0,0,0,0,0,0,6044,4,0,0,0,0,0,0,0,0
513,2017-04-24,09:14:52,0,SM705,XZCE,6040,6020,6064,1530,46134940,14132,14156,6448,5716,6082,6070,0,6064,0,0,0,2017-04-24,33292000,6040,2,0,0,0,0,0,0,0,0,6044,4,0,0,0,0,0,0,0,0
514,2017-04-24,09:14:52,0,SM705,XZCE,6040,6020,6064,1530,46134940,14132,14156,6448,5716,6082,6070,0,6064,0,0,0,2017-04-24,33292000,6040,2,0,0,0,0,0,0,0,0,6044,3,0,0,0,0,0,0,0,0
515,2017-04-24,09:14:55,0,SM705,XZCE,6040,6020,6064,1534,46255740,14130,14156,6448,5716,6082,6070,0,6064,0,0,0,2017-04-24,33295000,6036,3,0,0,0,0,0,0,0,0,6044,3,0,0,0,0,0,0,0,0
516,2017-04-24,09:14:56,0,SM705,XZCE,6040,6020,6064,1534,46255740,14130,14156,6448,5716,6082,6070,0,6064,0,0,0,2017-04-24,33296000,6036,3,0,0,0,0,0,0,0,0,6046,1,0,0,0,0,0,0,0,0
517,2017-04-24,09:14:57,0,SM705,XZCE,6040,6020,6064,1534,46255740,14130,14156,6448,5716,6082,6070,0,6064,0,0,0,2017-04-24,33297000,6036,3,0,0,0,0,0,0,0,0,6044,3,0,0,0,0,0,0,0,0
518,2017-04-24,09:14:58,0,SM705,XZCE,6040,6020,6064,1534,46255740,14130,14156,6448,5716,6082,6070,0,6064,0,0,0,2017-04-24,33298000,6036,3,0,0,0,0,0,0,0,0,6044,4,0,0,0,0,0,0,0,0
519,2017-04-24,09:15:00,0,SM705,XZCE,6040,6020,6064,1534,46255740,14130,14156,6448,5716,6082,6070,0,6064,0,0,0,2017-04-24,33300000,6036,3,0,0,0,0,0,0,0,0,6044,3,0,0,0,0,0,0,0,0
520,2017-04-24,09:15:08,0,SM705,XZCE,6040,6020,6064,1534,46255740,14130,14156,6448,5716,6082,6070,0,6064,0,0,0,2017-04-24,33308000,6036,3,0,0,0,0,0,0,0,0,6050,3,0,0,0,0,0,0,0,0
521,2017-04-24,09:15:09,0,SM705,XZCE,6040,6020,6064,1534,46255740,14130,14156,6448,5716,6082,6070,0,6064,0,0,0,2017-04-24,33309000,6036,3,0,0,0,0,0,0,0,0,6048,3,0,0,0,0,0,0,0,0
522,2017-04-24,09:15:09,0,SM705,XZCE,6040,6020,6064,1534,46255740,14130,14156,6448,5716,6082,6070,0,6064,0,0,0,2017-04-24,33309000,6036,4,0,0,0,0,0,0,0,0,6048,3,0,0,0,0,0,0,0,0
523,2017-04-24,09:15:12,0,SM705,XZCE,6048,6020,6064,1538,46376700,14130,14156,6448,5716,6082,6070,0,6064,0,0,0,2017-04-24,33312000,6036,33,0,0,0,0,0,0,0,0,6050,2,0,0,0,0,0,0,0,0
524,2017-04-24,09:15:12,0,SM705,XZCE,6048,6020,6064,1538,46376700,14130,14156,6448,5716,6082,6070,0,6064,0,0,0,2017-04-24,33312000,6038,5,0,0,0,0,0,0,0,0,6050,2,0,0,0,0,0,0,0,0
525,2017-04-24,09:15:13,0,SM705,XZCE,6048,6020,6064,1538,46376700,14130,14156,6448,5716,6082,6070,0,6064,0,0,0,2017-04-24,33313000,6038,12,0,0,0,0,0,0,0,0,6050,2,0,0,0,0,0,0,0,0
526,2017-04-24,09:15:13,0,SM705,XZCE,6048,6020,6064,1538,46376700,14130,14156,6448,5716,6082,6070,0,6064,0,0,0,2017-04-24,33313000,6040,3,0,0,0,0,0,0,0,0,6050,2,0,0,0,0,0,0,0,0
527,2017-04-24,09:15:14,0,SM705,XZCE,6048,6020,6064,1538,46376700,14130,14156,6448,5716,6082,6070,0,6064,0,0,0,2017-04-24,33314000,6042,21,0,0,0,0,0,0,0,0,6050,2,0,0,0,0,0,0,0,0
528,2017-04-24,09:15:15,0,SM705,XZCE,6048,6020,6064,1538,46376700,14130,14156,6448,5716,6082,6070,0,6064,0,0,0,2017-04-24,33315000,6040,33,0,0,0,0,0,0,0,0,6050,2,0,0,0,0,0,0,0,0
529,2017-04-24,09:15:16,0,SM705,XZCE,6048,6020,6064,1538,46376700,14130,14156,6448,5716,6082,6070,0,6064,0,0,0,2017-04-24,33316000,6044,1,0,0,0,0,0,0,0,0,6050,2,0,0,0,0,0,0,0,0
530,2017-04-24,09:15:16,0,SM705,XZCE,6048,6020,6064,1538,46376700,14130,14156,6448,5716,6082,6070,0,6064,0,0,0,2017-04-24,33316000,6044,13,0,0,0,0,0,0,0,0,6050,2,0,0,0,0,0,0,0,0
531,2017-04-24,09:15:16,0,SM705,XZCE,6048,6020,6064,1538,46376700,14130,14156,6448,5716,6082,6070,0,6064,0,0,0,2017-04-24,33316000,6044,16,0,0,0,0,0,0,0,0,6050,2,0,0,0,0,0,0,0,0
532,2017-04-24,09:15:17,0,SM705,XZCE,6048,6020,6064,1538,46376700,14130,14156,6448,5716,6082,6070,0,6064,0,0,0,2017-04-24,33317000,6044,17,0,0,0,0,0,0,0,0,6050,2,0,0,0,0,0,0,0,0
533,2017-04-24,09:15:17,0,SM705,XZCE,6048,6020,6064,1538,46376700,14130,14156,6448,5716,6082,6070,0,6064,0,0,0,2017-04-24,33317000,6044,19,0,0,0,0,0,0,0,0,6050,2,0,0,0,0,0,0,0,0
534,2017-04-24,09:15:18,0,SM705,XZCE,6048,6020,6064,1538,46376700,14130,14156,6448,5716,6082,6070,0,6064,0,0,0,2017-04-24,33318000,6044,16,0,0,0,0,0,0,0,0,6050,2,0,0,0,0,0,0,0,0
535,2017-04-24,09:15:18,0,SM705,XZCE,6048,6020,6064,1538,46376700,14130,14156,6448,5716,6082,6070,0,6064,0,0,0,2017-04-24,33318000,6046,21,0,0,0,0,0,0,0,0,6050,2,0,0,0,0,0,0,0,0
536,2017-04-24,09:15:19,0,SM705,XZCE,6048,6020,6064,1538,46376700,14130,14156,6448,5716,6082,6070,0,6064,0,0,0,2017-04-24,33319000,6046,3,0,0,0,0,0,0,0,0,6050,2,0,0,0,0,0,0,0,0
537,2017-04-24,09:15:20,0,SM705,XZCE,6048,6020,6064,1538,46376700,14130,14156,6448,5716,6082,6070,0,6064,0,0,0,2017-04-24,33320000,6042,8,0,0,0,0,0,0,0,0,6050,2,0,0,0,0,0,0,0,0
538,2017-04-24,09:15:21,0,SM705,XZCE,6048,6020,6064,1538,46376700,14130,14156,6448,5716,6082,6070,0,6064,0,0,0,2017-04-24,33321000,6042,5,0,0,0,0,0,0,0,0,6048,1,0,0,0,0,0,0,0,0
539,2017-04-24,09:15:21,0,SM705,XZCE,6048,6020,6064,1538,46376700,14130,14156,6448,5716,6082,6070,0,6064,0,0,0,2017-04-24,33321000,6042,7,0,0,0,0,0,0,0,0,6048,1,0,0,0,0,0,0,0,0
540,2017-04-24,09:15:22,0,SM705,XZCE,6048,6020,6064,1538,46376700,14130,14156,6448,5716,6082,6070,0,6064,0,0,0,2017-04-24,33322000,6042,4,0,0,0,0,0,0,0,0,6048,1,0,0,0,0,0,0,0,0
541,2017-04-24,09:15:22,0,SM705,XZCE,6048,6020,6064,1538,46376700,14130,14156,6448,5716,6082,6070,0,6064,0,0,0,2017-04-24,33322000,6042,5,0,0,0,0,0,0,0,0,6048,1,0,0,0,0,0,0,0,0
542,2017-04-24,09:15:22,0,SM705,XZCE,6048,6020,6064,1538,46376700,14130,14156,6448,5716,6082,6070,0,6064,0,0,0,2017-04-24,33322000,6042,4,0,0,0,0,0,0,0,0,6048,1,0,0,0,0,0,0,0,0
543,2017-04-24,09:15:24,0,SM705,XZCE,6048,6020,6064,1538,46376700,14130,14156,6448,5716,6082,6070,0,6064,0,0,0,2017-04-24,33324000,6042,3,0,0,0,0,0,0,0,0,6048,1,0,0,0,0,0,0,0,0
544,2017-04-24,09:15:24,0,SM705,XZCE,6048,6020,6064,1538,46376700,14130,14156,6448,5716,6082,6070,0,6064,0,0,0,2017-04-24,33324000,6042,11,0,0,0,0,0,0,0,0,6048,1,0,0,0,0,0,0,0,0
545,2017-04-24,09:15:25,0,SM705,XZCE,6048,6020,6064,1538,46376700,14130,14156,6448,5716,6082,6070,0,6064,0,0,0,2017-04-24,33325000,6042,4,0,0,0,0,0,0,0,0,6048,1,0,0,0,0,0,0,0,0
546,2017-04-24,09:15:25,0,SM705,XZCE,6048,6020,6064,1538,46376700,14130,14156,6448,5716,6082,6070,0,6064,0,0,0,2017-04-24,33325000,6042,23,0,0,0,0,0,0,0,0,6048,1,0,0,0,0,0,0,0,0
547,2017-04-24,09:15:26,0,SM705,XZCE,6048,6020,6064,1540,46437180,14128,14156,6448,5716,6082,6070,0,6064,0,0,0,2017-04-24,33326000,6042,21,0,0,0,0,0,0,0,0,6050,2,0,0,0,0,0,0,0,0
548,2017-04-24,09:15:27,0,SM705,XZCE,6048,6020,6064,1540,46437180,14128,14156,6448,5716,6082,6070,0,6064,0,0,0,2017-04-24,33327000,6042,20,0,0,0,0,0,0,0,0,6050,2,0,0,0,0,0,0,0,0
549,2017-04-24,09:15:28,0,SM705,XZCE,6048,6020,6064,1540,46437180,14128,14156,6448,5716,6082,6070,0,6064,0,0,0,2017-04-24,33328000,6042,3,0,0,0,0,0,0,0,0,6050,2,0,0,0,0,0,0,0,0
550,2017-04-24,09:15:30,0,SM705,XZCE,6048,6020,6064,1540,46437180,14128,14156,6448,5716,6082,6070,0,6064,0,0,0,2017-04-24,33330000,6036,19,0,0,0,0,0,0,0,0,6050,2,0,0,0,0,0,0,0,0
551,2017-04-24,09:15:30,0,SM705,XZCE,6048,6020,6064,1540,46437180,14128,14156,6448,5716,6082,6070,0,6064,0,0,0,2017-04-24,33330000,6038,3,0,0,0,0,0,0,0,0,6050,2,0,0,0,0,0,0,0,0
552,2017-04-24,09:15:31,0,SM705,XZCE,6048,6020,6064,1540,46437180,14128,14156,6448,5716,6082,6070,0,6064,0,0,0,2017-04-24,33331000,6038,2,0,0,0,0,0,0,0,0,6050,2,0,0,0,0,0,0,0,0
553,2017-04-24,09:15:31,0,SM705,XZCE,6048,6020,6064,1540,46437180,14128,14156,6448,5716,6082,6070,0,6064,0,0,0,2017-04-24,33331000,6036,21,0,0,0,0,0,0,0,0,6050,2,0,0,0,0,0,0,0,0
554,2017-04-24,09:15:33,0,SM705,XZCE,6048,6020,6064,1540,46437180,14128,14156,6448,5716,6082,6070,0,6064,0,0,0,2017-04-24,33333000,6038,2,0,0,0,0,0,0,0,0,6048,5,0,0,0,0,0,0,0,0
555,2017-04-24,09:15:33,0,SM705,XZCE,6048,6020,6064,1540,46437180,14128,14156,6448,5716,6082,6070,0,6064,0,0,0,2017-04-24,33333000,6038,5,0,0,0,0,0,0,0,0,6048,5,0,0,0,0,0,0,0,0
556,2017-04-24,09:15:33,0,SM705,XZCE,6036,6020,6064,1552,46799340,14126,14156,6448,5716,6082,6070,0,6064,0,0,0,2017-04-24,33333000,6036,24,0,0,0,0,0,0,0,0,6048,7,0,0,0,0,0,0,0,0
557,2017-04-24,09:15:35,0,SM705,XZCE,6036,6020,6064,1552,46799340,14126,14156,6448,5716,6082,6070,0,6064,0,0,0,2017-04-24,33335000,6036,22,0,0,0,0,0,0,0,0,6046,3,0,0,0,0,0,0,0,0
558,2017-04-24,09:15:36,0,SM705,XZCE,6036,6020,6064,1552,46799340,14126,14156,6448,5716,6082,6070,0,6064,0,0,0,2017-04-24,33336000,6036,24,0,0,0,0,0,0,0,0,6046,3,0,0,0,0,0,0,0,0
559,2017-04-24,09:15:37,0,SM705,XZCE,6036,6020,6064,1552,46799340,14126,14156,6448,5716,6082,6070,0,6064,0,0,0,2017-04-24,33337000,6038,3,0,0,0,0,0,0,0,0,6046,3,0,0,0,0,0,0,0,0
560,2017-04-24,09:15:39,0,SM705,XZCE,6036,6020,6064,1552,46799340,14126,14156,6448,5716,6082,6070,0,6064,0,0,0,2017-04-24,33339000,6038,4,0,0,0,0,0,0,0,0,6046,3,0,0,0,0,0,0,0,0
561,2017-04-24,09:15:40,0,SM705,XZCE,6036,6020,6064,1552,46799340,14126,14156,6448,5716,6082,6070,0,6064,0,0,0,2017-04-24,33340000,6038,6,0,0,0,0,0,0,0,0,6046,3,0,0,0,0,0,0,0,0
562,2017-04-24,09:15:41,0,SM705,XZCE,6038,6020,6064,1554,46859720,14128,14156,6448,5716,6082,6070,0,6064,0,0,0,2017-04-24,33341000,6038,6,0,0,0,0,0,0,0,0,6046,3,0,0,0,0,0,0,0,0
563,2017-04-24,09:15:42,0,SM705,XZCE,6038,6020,6064,1554,46859720,14128,14156,6448,5716,6082,6070,0,6064,0,0,0,2017-04-24,33342000,6036,25,0,0,0,0,0,0,0,0,6044,1,0,0,0,0,0,0,0,0
