,dataDate,dataTime,dataMillisec,instrumentID,exchangeCD,lastPrice,lowPrice,highPrice,volume,value,openInterest,preOpenInterest,upperLimitPrice,lowerLimitPrice,preSettlementPrice,prevClosePrice,settlementPrice,openPrice,closePrice,preDelta,currDelta,clearingDay,milliSecOffset,bidPrice1,bidVolume1,bidPrice2,bidVolume2,bidPrice3,bidVolume3,bidPrice4,bidVolume4,bidPrice5,bidVolume5,askPrice1,askVolume1,askPrice2,askVolume2,askPrice3,askVolume3,askPrice4,askVolume4,askPrice5,askVolume5
0,2017-04-24,09:00:00,0,SR709,XZCE,6681,6668,6768,531398,35637637160,675152,650356,7052,6508,6780,6763,0,6767,0,0,0,2017-04-24,32400000,6681,15,0,0,0,0,0,0,0,0,6682,7,0,0,0,0,0,0,0,0
1,2017-04-24,09:00:00,0,SR709,XZCE,6680,6668,6768,531786,35663555560,675184,650356,7052,6508,6780,6763,0,6767,0,0,0,2017-04-24,32400000,6680,15,0,0,0,0,0,0,0,0,6682,5,0,0,0,0,0,0,0,0
2,2017-04-24,09:00:01,0,SR709,XZCE,6681,6668,6768,531858,35668365880,675214,650356,7052,6508,6780,6763,0,6767,0,0,0,2017-04-24,32401000,6681,21,0,0,0,0,0,0,0,0,6682,9,0,0,0,0,0,0,0,0
3,2017-04-24,09:00:01,0,SR709,XZCE,6680,6668,6768,532024,35679454680,675262,650356,7052,6508,6780,6763,0,6767,0,0,0,2017-04-24,32401000,6680,13,0,0,0,0,0,0,0,0,6681,11,0,0,0,0,0,0,0,0
4,2017-04-24,09:00:02,0,SR709,XZCE,6680,6668,6768,532070,35682527480,675234,650356,7052,6508,6780,6763,0,6767,0,0,0,2017-04-24,32402000,6680,41,0,0,0,0,0,0,0,0,6681,3,0,0,0,0,0,0,0,0
5,2017-04-24,09:00:02,0,SR709,XZCE,6683,6668,6768,532178,35689745120,675166,650356,7052,6508,6780,6763,0,6767,0,0,0,2017-04-24,32402000,6681,6,0,0,0,0,0,0,0,0,6683,102,0,0,0,0,0,0,0,0
6,2017-04-24,09:00:03,0,SR709,XZCE,6681,6668,6768,532226,35692952000,675160,650356,7052,6508,6780,6763,0,6767,0,0,0,2017-04-24,32403000,6681,15,0,0,0,0,0,0,0,0,6682,2,0,0,0,0,0,0,0,0
7,2017-04-24,09:00:03,0,SR709,XZCE,6680,6668,6768,532342,35700700800,675202,650356,7052,6508,6780,6763,0,6767,0,0,0,2017-04-24,32403000,6680,28,0,0,0,0,0,0,0,0,6682,1,0,0,0,0,0,0,0,0
8,2017-04-24,09:00:04,0,SR709,XZCE,6681,6668,6768,532366,35702304240,675212,650356,7052,6508,6780,6763,0,6767,0,0,0,2017-04-24,32404000,6680,29,0,0,0,0,0,0,0,0,6681,10,0,0,0,0,0,0,0,0
9,2017-04-24,09:00:04,0,SR709,XZCE,6682,6668,6768,532460,35708585320,675228,650356,7052,6508,6780,6763,0,6767,0,0,0,2017-04-24,32404000,6682,53,0,0,0,0,0,0,0,0,6683,79,0,0,0,0,0,0,0,0
10,2017-04-24,09:00:05,0,SR709,XZCE,6683,6668,6768,532650,35721283020,675178,650356,7052,6508,6780,6763,0,6767,0,0,0,2017-04-24,32405000,6681,44,0,0,0,0,0,0,0,0,6683,44,0,0,0,0,0,0,0,0
11,2017-04-24,09:00:05,0,SR709,XZCE,6681,6668,6768,532664,35722218360,675170,650356,7052,6508,6780,6763,0,6767,0,0,0,2017-04-24,32405000,6681,37,0,0,0,0,0,0,0,0,6683,44,0,0,0,0,0,0,0,0
12,2017-04-24,09:00:06,0,SR709,XZCE,6679,6668,6768,532990,35743991900,675178,650356,7052,6508,6780,6763,0,6767,0,0,0,2017-04-24,32406000,6679,54,0,0,0,0,0,0,0,0,6680,81,0,0,0,0,0,0,0,0
13,2017-04-24,09:00:06,0,SR709,XZCE,6680,6668,6768,533038,35747198300,675166,650356,7052,6508,6780,6763,0,6767,0,0,0,2017-04-24,32406000,6679,52,0,0,0,0,0,0,0,0,6680,59,0,0,0,0,0,0,0,0
14,2017-04-24,09:00:07,0,SR709,XZCE,6681,6668,6768,533160,35755349120,675126,650356,7052,6508,6780,6763,0,6767,0,0,0,2017-04-24,32407000,6680,28,0,0,0,0,0,0,0,0,6682,50,0,0,0,0,0,0,0,0
15,2017-04-24,09:00:07,0,SR709,XZCE,6681,6668,6768,533178,35756551700,675134,650356,7052,6508,6780,6763,0,6767,0,0,0,2017-04-24,32407000,6680,13,0,0,0,0,0,0,0,0,6681,6,0,0,0,0,0,0,0,0
16,2017-04-24,09:00:08,0,SR709,XZCE,6680,6668,6768,533208,35758555700,675120,650356,7052,6508,6780,6763,0,6767,0,0,0,2017-04-24,32408000,6680,10,0,0,0,0,0,0,0,0,6681,5,0,0,0,0,0,0,0,0
17,2017-04-24,09:00:08,0,SR709,XZCE,6684,6668,6768,533602,35784890660,675048,650356,7052,6508,6780,6763,0,6767,0,0,0,2017-04-24,32408000,6683,12,0,0,0,0,0,0,0,0,6685,42,0,0,0,0,0,0,0,0
18,2017-04-24,09:00:09,0,SR709,XZCE,6683,6668,6768,533634,35787029220,675062,650356,7052,6508,6780,6763,0,6767,0,0,0,2017-04-24,32409000,6683,35,0,0,0,0,0,0,0,0,6685,34,0,0,0,0,0,0,0,0
19,2017-04-24,09:00:09,0,SR709,XZCE,6683,6668,6768,533656,35788499480,675062,650356,7052,6508,6780,6763,0,6767,0,0,0,2017-04-24,32409000,6683,30,0,0,0,0,0,0,0,0,6685,33,0,0,0,0,0,0,0,0
20,2017-04-24,09:00:10,0,SR709,XZCE,6685,6668,6768,533744,35794382280,675038,650356,7052,6508,6780,6763,0,6767,0,0,0,2017-04-24,32410000,6684,15,0,0,0,0,0,0,0,0,6685,12,0,0,0,0,0,0,0,0
21,2017-04-24,09:00:10,0,SR709,XZCE,6683,6668,6768,533798,35797991100,675078,650356,7052,6508,6780,6763,0,6767,0,0,0,2017-04-24,32410000,6683,33,0,0,0,0,0,0,0,0,6685,12,0,0,0,0,0,0,0,0
22,2017-04-24,09:00:11,0,SR709,XZCE,6684,6668,6768,533826,35799862620,675080,650356,7052,6508,6780,6763,0,6767,0,0,0,2017-04-24,32411000,6683,22,0,0,0,0,0,0,0,0,6685,21,0,0,0,0,0,0,0,0
23,2017-04-24,09:00:11,0,SR709,XZCE,6684,6668,6768,533862,35802268860,675096,650356,7052,6508,6780,6763,0,6767,0,0,0,2017-04-24,32411000,6684,10,0,0,0,0,0,0,0,0,6685,6,0,0,0,0,0,0,0,0
24,2017-04-24,09:00:12,0,SR709,XZCE,6684,6668,6768,533882,35803605660,675112,650356,7052,6508,6780,6763,0,6767,0,0,0,2017-04-24,32412000,6684,13,0,0,0,0,0,0,0,0,6685,6,0,0,0,0,0,0,0,0
25,2017-04-24,09:00:12,0,SR709,XZCE,6684,6668,6768,533890,35804140380,675114,650356,7052,6508,6780,6763,0,6767,0,0,0,2017-04-24,32412000,6684,11,0,0,0,0,0,0,0,0,6685,18,0,0,0,0,0,0,0,0
26,2017-04-24,09:00:13,0,SR709,XZCE,6685,6668,6768,533948,35808017680,675134,650356,7052,6508,6780,6763,0,6767,0,0,0,2017-04-24,32413000,6685,62,0,0,0,0,0,0,0,0,6686,16,0,0,0,0,0,0,0,0
27,2017-04-24,09:00:13,0,SR709,XZCE,6684,6668,6768,534100,35818177360,675010,650356,7052,6508,6780,6763,0,6767,0,0,0,2017-04-24,32413000,6683,24,0,0,0,0,0,0,0,0,6684,75,0,0,0,0,0,0,0,0
28,2017-04-24,09:00:14,0,SR709,XZCE,6684,6668,6768,534108,35818712080,675010,650356,7052,6508,6780,6763,0,6767,0,0,0,2017-04-24,32414000,6683,23,0,0,0,0,0,0,0,0,6684,72,0,0,0,0,0,0,0,0
29,2017-04-24,09:00:14,0,SR709,XZCE,6684,6668,6768,534118,35819380480,675006,650356,7052,6508,6780,6763,0,6767,0,0,0,2017-04-24,32414000,6683,21,0,0,0,0,0,0,0,0,6684,68,0,0,0,0,0,0,0,0
30,2017-04-24,09:00:15,0,SR709,XZCE,6684,6668,6768,534360,35835555760,674906,650356,7052,6508,6780,6763,0,6767,0,0,0,2017-04-24,32415000,6682,51,0,0,0,0,0,0,0,0,6684,57,0,0,0,0,0,0,0,0
31,2017-04-24,09:00:15,0,SR709,XZCE,6684,6668,6768,534404,35838496720,674884,650356,7052,6508,6780,6763,0,6767,0,0,0,2017-04-24,32415000,6683,23,0,0,0,0,0,0,0,0,6684,48,0,0,0,0,0,0,0,0
32,2017-04-24,09:00:16,0,SR709,XZCE,6685,6668,6768,534524,35846518720,674902,650356,7052,6508,6780,6763,0,6767,0,0,0,2017-04-24,32416000,6684,4,0,0,0,0,0,0,0,0,6686,25,0,0,0,0,0,0,0,0
33,2017-04-24,09:00:16,0,SR709,XZCE,6683,6668,6768,534542,35847721660,674904,650356,7052,6508,6780,6763,0,6767,0,0,0,2017-04-24,32416000,6684,5,0,0,0,0,0,0,0,0,6685,6,0,0,0,0,0,0,0,0
34,2017-04-24,09:00:17,0,SR709,XZCE,6685,6668,6768,534556,35848657560,674902,650356,7052,6508,6780,6763,0,6767,0,0,0,2017-04-24,32417000,6683,16,0,0,0,0,0,0,0,0,6685,6,0,0,0,0,0,0,0,0
35,2017-04-24,09:00:17,0,SR709,XZCE,6684,6668,6768,534578,35850128040,674902,650356,7052,6508,6780,6763,0,6767,0,0,0,2017-04-24,32417000,6683,14,0,0,0,0,0,0,0,0,6684,4,0,0,0,0,0,0,0,0
36,2017-04-24,09:00:18,0,SR709,XZCE,6684,6668,6768,534694,35857881480,674922,650356,7052,6508,6780,6763,0,6767,0,0,0,2017-04-24,32418000,6683,7,0,0,0,0,0,0,0,0,6684,9,0,0,0,0,0,0,0,0
37,2017-04-24,09:00:18,0,SR709,XZCE,6684,6668,6768,534732,35860421400,674914,650356,7052,6508,6780,6763,0,6767,0,0,0,2017-04-24,32418000,6682,29,0,0,0,0,0,0,0,0,6684,37,0,0,0,0,0,0,0,0
38,2017-04-24,09:00:19,0,SR709,XZCE,6684,6668,6768,534776,35863362360,674912,650356,7052,6508,6780,6763,0,6767,0,0,0,2017-04-24,32419000,6682,29,0,0,0,0,0,0,0,0,6684,38,0,0,0,0,0,0,0,0
39,2017-04-24,09:00:19,0,SR709,XZCE,6683,6668,6768,534796,35864698960,674916,650356,7052,6508,6780,6763,0,6767,0,0,0,2017-04-24,32419000,6683,1,0,0,0,0,0,0,0,0,6684,44,0,0,0,0,0,0,0,0
40,2017-04-24,09:00:20,0,SR709,XZCE,6684,6668,6768,534930,35873655520,674974,650356,7052,6508,6780,6763,0,6767,0,0,0,2017-04-24,32420000,6683,8,0,0,0,0,0,0,0,0,6684,4,0,0,0,0,0,0,0,0
41,2017-04-24,09:00:20,0,SR709,XZCE,6684,6668,6768,534952,35875126000,674972,650356,7052,6508,6780,6763,0,6767,0,0,0,2017-04-24,32420000,6683,4,0,0,0,0,0,0,0,0,6684,7,0,0,0,0,0,0,0,0
42,2017-04-24,09:00:21,0,SR709,XZCE,6685,6668,6768,535040,35881008800,675044,650356,7052,6508,6780,6763,0,6767,0,0,0,2017-04-24,32421000,6683,27,0,0,0,0,0,0,0,0,6685,20,0,0,0,0,0,0,0,0
43,2017-04-24,09:00:21,0,SR709,XZCE,6684,6668,6768,535080,35883682400,675026,650356,7052,6508,6780,6763,0,6767,0,0,0,2017-04-24,32421000,6683,40,0,0,0,0,0,0,0,0,6684,6,0,0,0,0,0,0,0,0
44,2017-04-24,09:00:22,0,SR709,XZCE,6683,6668,6768,535114,35885954620,675060,650356,7052,6508,6780,6763,0,6767,0,0,0,2017-04-24,32422000,6683,40,0,0,0,0,0,0,0,0,6685,22,0,0,0,0,0,0,0,0
45,2017-04-24,09:00:22,0,SR709,XZCE,6684,6668,6768,535194,35891301820,675112,650356,7052,6508,6780,6763,0,6767,0,0,0,2017-04-24,32422000,6684,5,0,0,0,0,0,0,0,0,6685,23,0,0,0,0,0,0,0,0
46,2017-04-24,09:00:23,0,SR709,XZCE,6684,6668,6768,535200,35891702860,675116,650356,7052,6508,6780,6763,0,6767,0,0,0,2017-04-24,32423000,6684,4,0,0,0,0,0,0,0,0,6685,22,0,0,0,0,0,0,0,0
47,2017-04-24,09:00:23,0,SR709,XZCE,6685,6668,6768,535248,35894911660,675112,650356,7052,6508,6780,6763,0,6767,0,0,0,2017-04-24,32423000,6684,7,0,0,0,0,0,0,0,0,6686,20,0,0,0,0,0,0,0,0
48,2017-04-24,09:00:24,0,SR709,XZCE,6684,6668,6768,535256,35895446380,675112,650356,7052,6508,6780,6763,0,6767,0,0,0,2017-04-24,32424000,6684,4,0,0,0,0,0,0,0,0,6686,20,0,0,0,0,0,0,0,0
49,2017-04-24,09:00:24,0,SR709,XZCE,6684,6668,6768,535276,35896783180,675118,650356,7052,6508,6780,6763,0,6767,0,0,0,2017-04-24,32424000,6683,19,0,0,0,0,0,0,0,0,6684,1,0,0,0,0,0,0,0,0
50,2017-04-24,09:00:25,0,SR709,XZCE,6684,6668,6768,535278,35896916860,675120,650356,7052,6508,6780,6763,0,6767,0,0,0,2017-04-24,32425000,6683,15,0,0,0,0,0,0,0,0,6684,7,0,0,0,0,0,0,0,0
51,2017-04-24,09:00:25,0,SR709,XZCE,6684,6668,6768,535296,35898119980,675122,650356,7052,6508,6780,6763,0,6767,0,0,0,2017-04-24,32425000,6683,14,0,0,0,0,0,0,0,0,6685,18,0,0,0,0,0,0,0,0
52,2017-04-24,09:00:26,0,SR709,XZCE,6685,6668,6768,535306,35898788480,675114,650356,7052,6508,6780,6763,0,6767,0,0,0,2017-04-24,32426000,6683,17,0,0,0,0,0,0,0,0,6684,10,0,0,0,0,0,0,0,0
53,2017-04-24,09:00:26,0,SR709,XZCE,6684,6668,6768,535322,35899857920,675108,650356,7052,6508,6780,6763,0,6767,0,0,0,2017-04-24,32426000,6683,13,0,0,0,0,0,0,0,0,6684,6,0,0,0,0,0,0,0,0
54,2017-04-24,09:00:27,0,SR709,XZCE,6683,6668,6768,535392,35904536020,675152,650356,7052,6508,6780,6763,0,6767,0,0,0,2017-04-24,32427000,6683,1,0,0,0,0,0,0,0,0,6684,10,0,0,0,0,0,0,0,0
55,2017-04-24,09:00:27,0,SR709,XZCE,6683,6668,6768,535406,35905471640,675150,650356,7052,6508,6780,6763,0,6767,0,0,0,2017-04-24,32427000,6683,7,0,0,0,0,0,0,0,0,6684,7,0,0,0,0,0,0,0,0
56,2017-04-24,09:00:28,0,SR709,XZCE,6684,6668,6768,535412,35905872680,675146,650356,7052,6508,6780,6763,0,6767,0,0,0,2017-04-24,32428000,6683,13,0,0,0,0,0,0,0,0,6684,4,0,0,0,0,0,0,0,0
57,2017-04-24,09:00:28,0,SR709,XZCE,6684,6668,6768,535418,35906273720,675146,650356,7052,6508,6780,6763,0,6767,0,0,0,2017-04-24,32428000,6683,11,0,0,0,0,0,0,0,0,6684,15,0,0,0,0,0,0,0,0
58,2017-04-24,09:00:29,0,SR709,XZCE,6684,6668,6768,535438,35907610520,675162,650356,7052,6508,6780,6763,0,6767,0,0,0,2017-04-24,32429000,6683,7,0,0,0,0,0,0,0,0,6684,8,0,0,0,0,0,0,0,0
59,2017-04-24,09:00:29,0,SR709,XZCE,6684,6668,6768,535444,35908011560,675164,650356,7052,6508,6780,6763,0,6767,0,0,0,2017-04-24,32429000,6683,16,0,0,0,0,0,0,0,0,6684,10,0,0,0,0,0,0,0,0
60,2017-04-24,09:00:30,0,SR709,XZCE,6683,6668,6768,535456,35908813520,675168,650356,7052,6508,6780,6763,0,6767,0,0,0,2017-04-24,32430000,6683,12,0,0,0,0,0,0,0,0,6684,25,0,0,0,0,0,0,0,0
61,2017-04-24,09:00:30,0,SR709,XZCE,6684,6668,6768,535478,35910284000,675184,650356,7052,6508,6780,6763,0,6767,0,0,0,2017-04-24,32430000,6683,21,0,0,0,0,0,0,0,0,6684,17,0,0,0,0,0,0,0,0
62,2017-04-24,09:00:31,0,SR709,XZCE,6685,6668,6768,535566,35916166800,675218,650356,7052,6508,6780,6763,0,6767,0,0,0,2017-04-24,32431000,6685,34,0,0,0,0,0,0,0,0,6686,27,0,0,0,0,0,0,0,0
63,2017-04-24,09:00:31,0,SR709,XZCE,6685,6668,6768,535574,35916701600,675224,650356,7052,6508,6780,6763,0,6767,0,0,0,2017-04-24,32431000,6685,30,0,0,0,0,0,0,0,0,6686,27,0,0,0,0,0,0,0,0
64,2017-04-24,09:00:32,0,SR709,XZCE,6685,6668,6768,535586,35917503800,675234,650356,7052,6508,6780,6763,0,6767,0,0,0,2017-04-24,32432000,6685,24,0,0,0,0,0,0,0,0,6686,27,0,0,0,0,0,0,0,0
65,2017-04-24,09:00:32,0,SR709,XZCE,6685,6668,6768,535606,35918840800,675236,650356,7052,6508,6780,6763,0,6767,0,0,0,2017-04-24,32432000,6685,15,0,0,0,0,0,0,0,0,6686,26,0,0,0,0,0,0,0,0
66,2017-04-24,09:00:33,0,SR709,XZCE,6685,6668,6768,535666,35922851800,675272,650356,7052,6508,6780,6763,0,6767,0,0,0,2017-04-24,32433000,6685,16,0,0,0,0,0,0,0,0,6686,16,0,0,0,0,0,0,0,0
67,2017-04-24,09:00:33,0,SR709,XZCE,6685,6668,6768,535668,35922985500,675274,650356,7052,6508,6780,6763,0,6767,0,0,0,2017-04-24,32433000,6685,15,0,0,0,0,0,0,0,0,6686,15,0,0,0,0,0,0,0,0
68,2017-04-24,09:00:34,0,SR709,XZCE,6686,6668,6768,536168,35956415500,675060,650356,7052,6508,6780,6763,0,6767,0,0,0,2017-04-24,32434000,6685,15,0,0,0,0,0,0,0,0,6686,2,0,0,0,0,0,0,0,0
69,2017-04-24,09:00:34,0,SR709,XZCE,6686,6668,6768,536196,35958287580,675040,650356,7052,6508,6780,6763,0,6767,0,0,0,2017-04-24,32434000,6685,21,0,0,0,0,0,0,0,0,6686,9,0,0,0,0,0,0,0,0
70,2017-04-24,09:00:35,0,SR709,XZCE,6686,6668,6768,536196,35958287580,675040,650356,7052,6508,6780,6763,0,6767,0,0,0,2017-04-24,32435000,6685,20,0,0,0,0,0,0,0,0,6686,10,0,0,0,0,0,0,0,0
71,2017-04-24,09:00:35,0,SR709,XZCE,6686,6668,6768,536198,35958421300,675040,650356,7052,6508,6780,6763,0,6767,0,0,0,2017-04-24,32435000,6685,20,0,0,0,0,0,0,0,0,6686,9,0,0,0,0,0,0,0,0
72,2017-04-24,09:00:36,0,SR709,XZCE,6686,6668,6768,536248,35961764300,675026,650356,7052,6508,6780,6763,0,6767,0,0,0,2017-04-24,32436000,6684,23,0,0,0,0,0,0,0,0,6685,5,0,0,0,0,0,0,0,0
73,2017-04-24,09:00:36,0,SR709,XZCE,6685,6668,6768,536260,35962566500,675022,650356,7052,6508,6780,6763,0,6767,0,0,0,2017-04-24,32436000,6684,23,0,0,0,0,0,0,0,0,6685,2,0,0,0,0,0,0,0,0
74,2017-04-24,09:00:37,0,SR709,XZCE,6685,6668,6768,536272,35963368700,675026,650356,7052,6508,6780,6763,0,6767,0,0,0,2017-04-24,32437000,6685,8,0,0,0,0,0,0,0,0,6686,10,0,0,0,0,0,0,0,0
75,2017-04-24,09:00:37,0,SR709,XZCE,6685,6668,6768,536300,35965240500,675034,650356,7052,6508,6780,6763,0,6767,0,0,0,2017-04-24,32437000,6684,23,0,0,0,0,0,0,0,0,6686,10,0,0,0,0,0,0,0,0
76,2017-04-24,09:00:38,0,SR709,XZCE,6683,6668,6768,536512,35979408460,675092,650356,7052,6508,6780,6763,0,6767,0,0,0,2017-04-24,32438000,6684,5,0,0,0,0,0,0,0,0,6685,9,0,0,0,0,0,0,0,0
77,2017-04-24,09:00:38,0,SR709,XZCE,6685,6668,6768,536516,35979675860,675092,650356,7052,6508,6780,6763,0,6767,0,0,0,2017-04-24,32438000,6684,6,0,0,0,0,0,0,0,0,6685,9,0,0,0,0,0,0,0,0
78,2017-04-24,09:00:39,0,SR709,XZCE,6684,6668,6768,536518,35979809540,675090,650356,7052,6508,6780,6763,0,6767,0,0,0,2017-04-24,32439000,6684,5,0,0,0,0,0,0,0,0,6685,10,0,0,0,0,0,0,0,0
79,2017-04-24,09:00:39,0,SR709,XZCE,6684,6668,6768,536522,35980076900,675086,650356,7052,6508,6780,6763,0,6767,0,0,0,2017-04-24,32439000,6684,3,0,0,0,0,0,0,0,0,6685,19,0,0,0,0,0,0,0,0
80,2017-04-24,09:00:40,0,SR709,XZCE,6684,6668,6768,536528,35980477940,675080,650356,7052,6508,6780,6763,0,6767,0,0,0,2017-04-24,32440000,6683,16,0,0,0,0,0,0,0,0,6684,2,0,0,0,0,0,0,0,0
81,2017-04-24,09:00:40,0,SR709,XZCE,6684,6668,6768,536530,35980611620,675078,650356,7052,6508,6780,6763,0,6767,0,0,0,2017-04-24,32440000,6683,16,0,0,0,0,0,0,0,0,6684,2,0,0,0,0,0,0,0,0
82,2017-04-24,09:00:41,0,SR709,XZCE,6684,6668,6768,536534,35980878980,675074,650356,7052,6508,6780,6763,0,6767,0,0,0,2017-04-24,32441000,6684,4,0,0,0,0,0,0,0,0,6685,41,0,0,0,0,0,0,0,0
83,2017-04-24,09:00:41,0,SR709,XZCE,6684,6668,6768,536546,35981681060,675068,650356,7052,6508,6780,6763,0,6767,0,0,0,2017-04-24,32441000,6683,22,0,0,0,0,0,0,0,0,6684,7,0,0,0,0,0,0,0,0
84,2017-04-24,09:00:42,0,SR709,XZCE,6684,6668,6768,536548,35981814740,675070,650356,7052,6508,6780,6763,0,6767,0,0,0,2017-04-24,32442000,6683,25,0,0,0,0,0,0,0,0,6684,6,0,0,0,0,0,0,0,0
85,2017-04-24,09:00:42,0,SR709,XZCE,6683,6668,6768,536600,35985289900,675104,650356,7052,6508,6780,6763,0,6767,0,0,0,2017-04-24,32442000,6682,24,0,0,0,0,0,0,0,0,6684,26,0,0,0,0,0,0,0,0
86,2017-04-24,09:00:43,0,SR709,XZCE,6683,6668,6768,536600,35985289900,675104,650356,7052,6508,6780,6763,0,6767,0,0,0,2017-04-24,32443000,6682,30,0,0,0,0,0,0,0,0,6684,53,0,0,0,0,0,0,0,0
87,2017-04-24,09:00:43,0,SR709,XZCE,6683,6668,6768,536600,35985289900,675104,650356,7052,6508,6780,6763,0,6767,0,0,0,2017-04-24,32443000,6682,29,0,0,0,0,0,0,0,0,6684,70,0,0,0,0,0,0,0,0
88,2017-04-24,09:00:44,0,SR709,XZCE,6683,6668,6768,536606,35985690880,675102,650356,7052,6508,6780,6763,0,6767,0,0,0,2017-04-24,32444000,6682,19,0,0,0,0,0,0,0,0,6683,2,0,0,0,0,0,0,0,0
89,2017-04-24,09:00:44,0,SR709,XZCE,6683,6668,6768,536626,35987027480,675116,650356,7052,6508,6780,6763,0,6767,0,0,0,2017-04-24,32444000,6682,12,0,0,0,0,0,0,0,0,6683,5,0,0,0,0,0,0,0,0
90,2017-04-24,09:00:45,0,SR709,XZCE,6683,6668,6768,536636,35987695780,675106,650356,7052,6508,6780,6763,0,6767,0,0,0,2017-04-24,32445000,6683,2,0,0,0,0,0,0,0,0,6684,74,0,0,0,0,0,0,0,0
91,2017-04-24,09:00:45,0,SR709,XZCE,6683,6668,6768,536658,35989166040,675088,650356,7052,6508,6780,6763,0,6767,0,0,0,2017-04-24,32445000,6682,14,0,0,0,0,0,0,0,0,6683,1,0,0,0,0,0,0,0,0
92,2017-04-24,09:00:46,0,SR709,XZCE,6683,6668,6768,536676,35990368980,675092,650356,7052,6508,6780,6763,0,6767,0,0,0,2017-04-24,32446000,6682,8,0,0,0,0,0,0,0,0,6683,3,0,0,0,0,0,0,0,0
93,2017-04-24,09:00:46,0,SR709,XZCE,6683,6668,6768,536680,35990636300,675094,650356,7052,6508,6780,6763,0,6767,0,0,0,2017-04-24,32446000,6682,9,0,0,0,0,0,0,0,0,6683,5,0,0,0,0,0,0,0,0
94,2017-04-24,09:00:47,0,SR709,XZCE,6683,6668,6768,536702,35992106560,675088,650356,7052,6508,6780,6763,0,6767,0,0,0,2017-04-24,32447000,6682,9,0,0,0,0,0,0,0,0,6683,3,0,0,0,0,0,0,0,0
95,2017-04-24,09:00:47,0,SR709,XZCE,6682,6668,6768,536704,35992240200,675088,650356,7052,6508,6780,6763,0,6767,0,0,0,2017-04-24,32447000,6682,8,0,0,0,0,0,0,0,0,6683,10,0,0,0,0,0,0,0,0
96,2017-04-24,09:00:48,0,SR709,XZCE,6682,6668,6768,536738,35994512080,675082,650356,7052,6508,6780,6763,0,6767,0,0,0,2017-04-24,32448000,6681,405,0,0,0,0,0,0,0,0,6682,5,0,0,0,0,0,0,0,0
97,2017-04-24,09:00:48,0,SR709,XZCE,6682,6668,6768,536766,35996383040,675092,650356,7052,6508,6780,6763,0,6767,0,0,0,2017-04-24,32448000,6681,402,0,0,0,0,0,0,0,0,6682,11,0,0,0,0,0,0,0,0
98,2017-04-24,09:00:49,0,SR709,XZCE,6682,6668,6768,536772,35996783960,675094,650356,7052,6508,6780,6763,0,6767,0,0,0,2017-04-24,32449000,6681,402,0,0,0,0,0,0,0,0,6682,9,0,0,0,0,0,0,0,0
99,2017-04-24,09:00:49,0,SR709,XZCE,6683,6668,6768,536804,35998922520,675086,650356,7052,6508,6780,6763,0,6767,0,0,0,2017-04-24,32449000,6682,14,0,0,0,0,0,0,0,0,6684,53,0,0,0,0,0,0,0,0
100,2017-04-24,09:00:50,0,SR709,XZCE,6683,6668,6768,536818,35999858140,675080,650356,7052,6508,6780,6763,0,6767,0,0,0,2017-04-24,32450000,6682,22,0,0,0,0,0,0,0,0,6684,53,0,0,0,0,0,0,0,0
101,2017-04-24,09:00:50,0,SR709,XZCE,6682,6668,6768,536836,36001060900,675082,650356,7052,6508,6780,6763,0,6767,0,0,0,2017-04-24,32450000,6682,14,0,0,0,0,0,0,0,0,6683,10,0,0,0,0,0,0,0,0
102,2017-04-24,09:00:51,0,SR709,XZCE,6682,6668,6768,536856,36002397300,675086,650356,7052,6508,6780,6763,0,6767,0,0,0,2017-04-24,32451000,6681,403,0,0,0,0,0,0,0,0,6682,1,0,0,0,0,0,0,0,0
103,2017-04-24,09:00:51,0,SR709,XZCE,6681,6668,6768,536860,36002664540,675084,650356,7052,6508,6780,6763,0,6767,0,0,0,2017-04-24,32451000,6681,402,0,0,0,0,0,0,0,0,6682,63,0,0,0,0,0,0,0,0
104,2017-04-24,09:00:52,0,SR709,XZCE,6681,6668,6768,536950,36008677440,675042,650356,7052,6508,6780,6763,0,6767,0,0,0,2017-04-24,32452000,6681,364,0,0,0,0,0,0,0,0,6682,65,0,0,0,0,0,0,0,0
105,2017-04-24,09:00:52,0,SR709,XZCE,6682,6668,6768,536998,36011884800,675034,650356,7052,6508,6780,6763,0,6767,0,0,0,2017-04-24,32452000,6681,353,0,0,0,0,0,0,0,0,6682,55,0,0,0,0,0,0,0,0
106,2017-04-24,09:00:53,0,SR709,XZCE,6681,6668,6768,537022,36013488240,675032,650356,7052,6508,6780,6763,0,6767,0,0,0,2017-04-24,32453000,6681,343,0,0,0,0,0,0,0,0,6682,54,0,0,0,0,0,0,0,0
107,2017-04-24,09:00:53,0,SR709,XZCE,6681,6668,6768,537022,36013488240,675032,650356,7052,6508,6780,6763,0,6767,0,0,0,2017-04-24,32453000,6681,343,0,0,0,0,0,0,0,0,6682,55,0,0,0,0,0,0,0,0
108,2017-04-24,09:00:54,0,SR709,XZCE,6681,6668,6768,537062,36016160640,675012,650356,7052,6508,6780,6763,0,6767,0,0,0,2017-04-24,32454000,6681,332,0,0,0,0,0,0,0,0,6682,46,0,0,0,0,0,0,0,0
109,2017-04-24,09:00:54,0,SR709,XZCE,6681,6668,6768,537512,36046225140,675006,650356,7052,6508,6780,6763,0,6767,0,0,0,2017-04-24,32454000,6681,112,0,0,0,0,0,0,0,0,6682,52,0,0,0,0,0,0,0,0
110,2017-04-24,09:00:55,0,SR709,XZCE,6681,6668,6768,537558,36049298400,675004,650356,7052,6508,6780,6763,0,6767,0,0,0,2017-04-24,32455000,6681,89,0,0,0,0,0,0,0,0,6682,52,0,0,0,0,0,0,0,0
111,2017-04-24,09:00:55,0,SR709,XZCE,6682,6668,6768,537604,36052372120,674996,650356,7052,6508,6780,6763,0,6767,0,0,0,2017-04-24,32455000,6681,83,0,0,0,0,0,0,0,0,6682,36,0,0,0,0,0,0,0,0
112,2017-04-24,09:00:56,0,SR709,XZCE,6681,6668,6768,537654,36055712620,674970,650356,7052,6508,6780,6763,0,6767,0,0,0,2017-04-24,32456000,6681,58,0,0,0,0,0,0,0,0,6682,136,0,0,0,0,0,0,0,0
113,2017-04-24,09:00:56,0,SR709,XZCE,6681,6668,6768,537664,36056380720,674970,650356,7052,6508,6780,6763,0,6767,0,0,0,2017-04-24,32456000,6681,53,0,0,0,0,0,0,0,0,6682,136,0,0,0,0,0,0,0,0
114,2017-04-24,09:00:57,0,SR709,XZCE,6681,6668,6768,537690,36058117780,674952,650356,7052,6508,6780,6763,0,6767,0,0,0,2017-04-24,32457000,6681,40,0,0,0,0,0,0,0,0,6682,138,0,0,0,0,0,0,0,0
115,2017-04-24,09:00:57,0,SR709,XZCE,6683,6668,6768,538072,36083646840,674706,650356,7052,6508,6780,6763,0,6767,0,0,0,2017-04-24,32457000,6682,10,0,0,0,0,0,0,0,0,6683,13,0,0,0,0,0,0,0,0
116,2017-04-24,09:00:58,0,SR709,XZCE,6682,6668,6768,538114,36086453280,674702,650356,7052,6508,6780,6763,0,6767,0,0,0,2017-04-24,32458000,6682,1,0,0,0,0,0,0,0,0,6683,16,0,0,0,0,0,0,0,0
117,2017-04-24,09:00:58,0,SR709,XZCE,6682,6668,6768,538144,36088457880,674710,650356,7052,6508,6780,6763,0,6767,0,0,0,2017-04-24,32458000,6682,2,0,0,0,0,0,0,0,0,6683,18,0,0,0,0,0,0,0,0
118,2017-04-24,09:00:59,0,SR709,XZCE,6681,6668,6768,538154,36089125980,674704,650356,7052,6508,6780,6763,0,6767,0,0,0,2017-04-24,32459000,6681,40,0,0,0,0,0,0,0,0,6682,8,0,0,0,0,0,0,0,0
119,2017-04-24,09:00:59,0,SR709,XZCE,6682,6668,6768,538172,36090328740,674710,650356,7052,6508,6780,6763,0,6767,0,0,0,2017-04-24,32459000,6682,19,0,0,0,0,0,0,0,0,6683,17,0,0,0,0,0,0,0,0
120,2017-04-24,09:01:00,0,SR709,XZCE,6682,6668,6768,538172,36090328740,674710,650356,7052,6508,6780,6763,0,6767,0,0,0,2017-04-24,32460000,6682,29,0,0,0,0,0,0,0,0,6683,13,0,0,0,0,0,0,0,0
121,2017-04-24,09:01:00,0,SR709,XZCE,6682,6668,6768,538284,36097812580,674742,650356,7052,6508,6780,6763,0,6767,0,0,0,2017-04-24,32460000,6681,43,0,0,0,0,0,0,0,0,6682,5,0,0,0,0,0,0,0,0
122,2017-04-24,09:01:01,0,SR709,XZCE,6683,6668,6768,538294,36098480880,674742,650356,7052,6508,6780,6763,0,6767,0,0,0,2017-04-24,32461000,6681,44,0,0,0,0,0,0,0,0,6683,11,0,0,0,0,0,0,0,0
123,2017-04-24,09:01:01,0,SR709,XZCE,6681,6668,6768,538320,36100217940,674752,650356,7052,6508,6780,6763,0,6767,0,0,0,2017-04-24,32461000,6681,40,0,0,0,0,0,0,0,0,6683,13,0,0,0,0,0,0,0,0
124,2017-04-24,09:01:02,0,SR709,XZCE,6681,6668,6768,538380,36104226540,674800,650356,7052,6508,6780,6763,0,6767,0,0,0,2017-04-24,32462000,6681,10,0,0,0,0,0,0,0,0,6682,10,0,0,0,0,0,0,0,0
125,2017-04-24,09:01:02,0,SR709,XZCE,6681,6668,6768,538406,36105963600,674790,650356,7052,6508,6780,6763,0,6767,0,0,0,2017-04-24,32462000,6680,60,0,0,0,0,0,0,0,0,6681,17,0,0,0,0,0,0,0,0
126,2017-04-24,09:01:03,0,SR709,XZCE,6680,6668,6768,538412,36106364400,674796,650356,7052,6508,6780,6763,0,6767,0,0,0,2017-04-24,32463000,6680,55,0,0,0,0,0,0,0,0,6681,24,0,0,0,0,0,0,0,0
127,2017-04-24,09:01:03,0,SR709,XZCE,6682,6668,6768,538470,36110239960,674776,650356,7052,6508,6780,6763,0,6767,0,0,0,2017-04-24,32463000,6680,59,0,0,0,0,0,0,0,0,6682,47,0,0,0,0,0,0,0,0
128,2017-04-24,09:01:04,0,SR709,XZCE,6681,6668,6768,538486,36111308920,674782,650356,7052,6508,6780,6763,0,6767,0,0,0,2017-04-24,32464000,6681,8,0,0,0,0,0,0,0,0,6682,49,0,0,0,0,0,0,0,0
129,2017-04-24,09:01:04,0,SR709,XZCE,6682,6668,6768,538492,36111709840,674778,650356,7052,6508,6780,6763,0,6767,0,0,0,2017-04-24,32464000,6681,8,0,0,0,0,0,0,0,0,6682,47,0,0,0,0,0,0,0,0
130,2017-04-24,09:01:05,0,SR709,XZCE,6682,6668,6768,538582,36117723640,674788,650356,7052,6508,6780,6763,0,6767,0,0,0,2017-04-24,32465000,6681,15,0,0,0,0,0,0,0,0,6682,15,0,0,0,0,0,0,0,0
131,2017-04-24,09:01:05,0,SR709,XZCE,6681,6668,6768,538600,36118926220,674788,650356,7052,6508,6780,6763,0,6767,0,0,0,2017-04-24,32465000,6681,6,0,0,0,0,0,0,0,0,6682,21,0,0,0,0,0,0,0,0
132,2017-04-24,09:01:06,0,SR709,XZCE,6681,6668,6768,538604,36119193460,674786,650356,7052,6508,6780,6763,0,6767,0,0,0,2017-04-24,32466000,6681,4,0,0,0,0,0,0,0,0,6682,21,0,0,0,0,0,0,0,0
133,2017-04-24,09:01:06,0,SR709,XZCE,6680,6668,6768,538630,36120930260,674762,650356,7052,6508,6780,6763,0,6767,0,0,0,2017-04-24,32466000,6680,51,0,0,0,0,0,0,0,0,6682,10,0,0,0,0,0,0,0,0
134,2017-04-24,09:01:07,0,SR709,XZCE,6680,6668,6768,538650,36122266260,674760,650356,7052,6508,6780,6763,0,6767,0,0,0,2017-04-24,32467000,6680,49,0,0,0,0,0,0,0,0,6681,31,0,0,0,0,0,0,0,0
135,2017-04-24,09:01:07,0,SR709,XZCE,6680,6668,6768,538656,36122667060,674764,650356,7052,6508,6780,6763,0,6767,0,0,0,2017-04-24,32467000,6680,49,0,0,0,0,0,0,0,0,6681,30,0,0,0,0,0,0,0,0
136,2017-04-24,09:01:08,0,SR709,XZCE,6680,6668,6768,538662,36123067860,674770,650356,7052,6508,6780,6763,0,6767,0,0,0,2017-04-24,32468000,6680,46,0,0,0,0,0,0,0,0,6681,33,0,0,0,0,0,0,0,0
137,2017-04-24,09:01:08,0,SR709,XZCE,6681,6668,6768,538790,36131619540,674766,650356,7052,6508,6780,6763,0,6767,0,0,0,2017-04-24,32468000,6680,4,0,0,0,0,0,0,0,0,6681,16,0,0,0,0,0,0,0,0
138,2017-04-24,09:01:09,0,SR709,XZCE,6682,6668,6768,538936,36141375260,674770,650356,7052,6508,6780,6763,0,6767,0,0,0,2017-04-24,32469000,6681,45,0,0,0,0,0,0,0,0,6682,68,0,0,0,0,0,0,0,0
139,2017-04-24,09:01:09,0,SR709,XZCE,6682,6668,6768,538972,36143780780,674744,650356,7052,6508,6780,6763,0,6767,0,0,0,2017-04-24,32469000,6681,28,0,0,0,0,0,0,0,0,6682,68,0,0,0,0,0,0,0,0
140,2017-04-24,09:01:10,0,SR709,XZCE,6682,6668,6768,538974,36143914420,674742,650356,7052,6508,6780,6763,0,6767,0,0,0,2017-04-24,32470000,6681,28,0,0,0,0,0,0,0,0,6682,67,0,0,0,0,0,0,0,0
141,2017-04-24,09:01:10,0,SR709,XZCE,6681,6668,6768,538990,36144983380,674728,650356,7052,6508,6780,6763,0,6767,0,0,0,2017-04-24,32470000,6681,21,0,0,0,0,0,0,0,0,6682,66,0,0,0,0,0,0,0,0
142,2017-04-24,09:01:11,0,SR709,XZCE,6681,6668,6768,539002,36145785100,674726,650356,7052,6508,6780,6763,0,6767,0,0,0,2017-04-24,32471000,6681,18,0,0,0,0,0,0,0,0,6682,66,0,0,0,0,0,0,0,0
143,2017-04-24,09:01:11,0,SR709,XZCE,6681,6668,6768,539012,36146453200,674726,650356,7052,6508,6780,6763,0,6767,0,0,0,2017-04-24,32471000,6681,13,0,0,0,0,0,0,0,0,6682,66,0,0,0,0,0,0,0,0
144,2017-04-24,09:01:12,0,SR709,XZCE,6681,6668,6768,539052,36149125600,674744,650356,7052,6508,6780,6763,0,6767,0,0,0,2017-04-24,32472000,6681,13,0,0,0,0,0,0,0,0,6682,67,0,0,0,0,0,0,0,0
145,2017-04-24,09:01:12,0,SR709,XZCE,6681,6668,6768,539100,36152332480,674782,650356,7052,6508,6780,6763,0,6767,0,0,0,2017-04-24,32472000,6680,34,0,0,0,0,0,0,0,0,6681,1,0,0,0,0,0,0,0,0
146,2017-04-24,09:01:13,0,SR709,XZCE,6681,6668,6768,539466,36176784940,674680,650356,7052,6508,6780,6763,0,6767,0,0,0,2017-04-24,32473000,6680,34,0,0,0,0,0,0,0,0,6682,73,0,0,0,0,0,0,0,0
147,2017-04-24,09:01:13,0,SR709,XZCE,6680,6668,6768,539480,36177720140,674686,650356,7052,6508,6780,6763,0,6767,0,0,0,2017-04-24,32473000,6680,31,0,0,0,0,0,0,0,0,6681,1,0,0,0,0,0,0,0,0
148,2017-04-24,09:01:14,0,SR709,XZCE,6680,6668,6768,539480,36177720140,674686,650356,7052,6508,6780,6763,0,6767,0,0,0,2017-04-24,32474000,6680,16,0,0,0,0,0,0,0,0,6681,1,0,0,0,0,0,0,0,0
149,2017-04-24,09:01:14,0,SR709,XZCE,6681,6668,6768,539484,36177987380,674684,650356,7052,6508,6780,6763,0,6767,0,0,0,2017-04-24,32474000,6680,14,0,0,0,0,0,0,0,0,6681,17,0,0,0,0,0,0,0,0
150,2017-04-24,09:01:15,0,SR709,XZCE,6680,6668,6768,539516,36180124980,674664,650356,7052,6508,6780,6763,0,6767,0,0,0,2017-04-24,32475000,6679,79,0,0,0,0,0,0,0,0,6681,25,0,0,0,0,0,0,0,0
151,2017-04-24,09:01:15,0,SR709,XZCE,6681,6668,6768,539554,36182663760,674658,650356,7052,6508,6780,6763,0,6767,0,0,0,2017-04-24,32475000,6680,9,0,0,0,0,0,0,0,0,6681,15,0,0,0,0,0,0,0,0
152,2017-04-24,09:01:16,0,SR709,XZCE,6680,6668,6768,539580,36184400560,674658,650356,7052,6508,6780,6763,0,6767,0,0,0,2017-04-24,32476000,6680,8,0,0,0,0,0,0,0,0,6681,4,0,0,0,0,0,0,0,0
153,2017-04-24,09:01:16,0,SR709,XZCE,6680,6668,6768,539582,36184534160,674658,650356,7052,6508,6780,6763,0,6767,0,0,0,2017-04-24,32476000,6680,15,0,0,0,0,0,0,0,0,6681,5,0,0,0,0,0,0,0,0
154,2017-04-24,09:01:17,0,SR709,XZCE,6680,6668,6768,539612,36186538160,674664,650356,7052,6508,6780,6763,0,6767,0,0,0,2017-04-24,32477000,6680,56,0,0,0,0,0,0,0,0,6681,1,0,0,0,0,0,0,0,0
155,2017-04-24,09:01:17,0,SR709,XZCE,6680,6668,6768,539698,36192282960,674664,650356,7052,6508,6780,6763,0,6767,0,0,0,2017-04-24,32477000,6680,34,0,0,0,0,0,0,0,0,6681,11,0,0,0,0,0,0,0,0
156,2017-04-24,09:01:18,0,SR709,XZCE,6680,6668,6768,539714,36193351760,674656,650356,7052,6508,6780,6763,0,6767,0,0,0,2017-04-24,32478000,6679,82,0,0,0,0,0,0,0,0,6681,10,0,0,0,0,0,0,0,0
157,2017-04-24,09:01:18,0,SR709,XZCE,6680,6668,6768,539722,36193886160,674660,650356,7052,6508,6780,6763,0,6767,0,0,0,2017-04-24,32478000,6680,11,0,0,0,0,0,0,0,0,6681,10,0,0,0,0,0,0,0,0
158,2017-04-24,09:01:19,0,SR709,XZCE,6680,6668,6768,539736,36194821360,674666,650356,7052,6508,6780,6763,0,6767,0,0,0,2017-04-24,32479000,6680,6,0,0,0,0,0,0,0,0,6681,10,0,0,0,0,0,0,0,0
159,2017-04-24,09:01:19,0,SR709,XZCE,6680,6668,6768,539750,36195756560,674658,650356,7052,6508,6780,6763,0,6767,0,0,0,2017-04-24,32479000,6679,82,0,0,0,0,0,0,0,0,6680,13,0,0,0,0,0,0,0,0
160,2017-04-24,09:01:20,0,SR709,XZCE,6680,6668,6768,539774,36197359760,674658,650356,7052,6508,6780,6763,0,6767,0,0,0,2017-04-24,32480000,6679,81,0,0,0,0,0,0,0,0,6680,13,0,0,0,0,0,0,0,0
161,2017-04-24,09:01:20,0,SR709,XZCE,6680,6668,6768,539774,36197359760,674658,650356,7052,6508,6780,6763,0,6767,0,0,0,2017-04-24,32480000,6679,81,0,0,0,0,0,0,0,0,6680,45,0,0,0,0,0,0,0,0
162,2017-04-24,09:01:21,0,SR709,XZCE,6680,6668,6768,539780,36197760560,674658,650356,7052,6508,6780,6763,0,6767,0,0,0,2017-04-24,32481000,6679,82,0,0,0,0,0,0,0,0,6680,43,0,0,0,0,0,0,0,0
163,2017-04-24,09:01:21,0,SR709,XZCE,6679,6668,6768,539782,36197894140,674660,650356,7052,6508,6780,6763,0,6767,0,0,0,2017-04-24,32481000,6679,81,0,0,0,0,0,0,0,0,6680,49,0,0,0,0,0,0,0,0
164,2017-04-24,09:01:22,0,SR709,XZCE,6680,6668,6768,539876,36204173340,674656,650356,7052,6508,6780,6763,0,6767,0,0,0,2017-04-24,32482000,6679,38,0,0,0,0,0,0,0,0,6680,47,0,0,0,0,0,0,0,0
165,2017-04-24,09:01:22,0,SR709,XZCE,6679,6668,6768,539892,36205241980,674662,650356,7052,6508,6780,6763,0,6767,0,0,0,2017-04-24,32482000,6679,29,0,0,0,0,0,0,0,0,6680,54,0,0,0,0,0,0,0,0
166,2017-04-24,09:01:23,0,SR709,XZCE,6680,6668,6768,539902,36205909980,674670,650356,7052,6508,6780,6763,0,6767,0,0,0,2017-04-24,32483000,6679,25,0,0,0,0,0,0,0,0,6680,54,0,0,0,0,0,0,0,0
167,2017-04-24,09:01:23,0,SR709,XZCE,6680,6668,6768,539902,36205909980,674670,650356,7052,6508,6780,6763,0,6767,0,0,0,2017-04-24,32483000,6679,25,0,0,0,0,0,0,0,0,6680,55,0,0,0,0,0,0,0,0
168,2017-04-24,09:01:24,0,SR709,XZCE,6679,6668,6768,539908,36206310720,674674,650356,7052,6508,6780,6763,0,6767,0,0,0,2017-04-24,32484000,6679,24,0,0,0,0,0,0,0,0,6680,57,0,0,0,0,0,0,0,0
169,2017-04-24,09:01:24,0,SR709,XZCE,6679,6668,6768,539908,36206310720,674674,650356,7052,6508,6780,6763,0,6767,0,0,0,2017-04-24,32484000,6679,25,0,0,0,0,0,0,0,0,6680,57,0,0,0,0,0,0,0,0
170,2017-04-24,09:01:25,0,SR709,XZCE,6679,6668,6768,539984,36211386760,674656,650356,7052,6508,6780,6763,0,6767,0,0,0,2017-04-24,32485000,6678,324,0,0,0,0,0,0,0,0,6679,10,0,0,0,0,0,0,0,0
171,2017-04-24,09:01:25,0,SR709,XZCE,6680,6668,6768,540180,36224479560,674594,650356,7052,6508,6780,6763,0,6767,0,0,0,2017-04-24,32485000,6679,7,0,0,0,0,0,0,0,0,6680,53,0,0,0,0,0,0,0,0
172,2017-04-24,09:01:26,0,SR709,XZCE,6680,6668,6768,540308,36233029960,674624,650356,7052,6508,6780,6763,0,6767,0,0,0,2017-04-24,32486000,6680,32,0,0,0,0,0,0,0,0,6681,115,0,0,0,0,0,0,0,0
173,2017-04-24,09:01:26,0,SR709,XZCE,6680,6668,6768,540374,36237438760,674674,650356,7052,6508,6780,6763,0,6767,0,0,0,2017-04-24,32486000,6679,170,0,0,0,0,0,0,0,0,6681,115,0,0,0,0,0,0,0,0
174,2017-04-24,09:01:27,0,SR709,XZCE,6679,6668,6768,540444,36242114060,674628,650356,7052,6508,6780,6763,0,6767,0,0,0,2017-04-24,32487000,6679,145,0,0,0,0,0,0,0,0,6681,115,0,0,0,0,0,0,0,0
175,2017-04-24,09:01:27,0,SR709,XZCE,6679,6668,6768,540456,36242915540,674616,650356,7052,6508,6780,6763,0,6767,0,0,0,2017-04-24,32487000,6679,164,0,0,0,0,0,0,0,0,6681,115,0,0,0,0,0,0,0,0
176,2017-04-24,09:01:28,0,SR709,XZCE,6679,6668,6768,540508,36246388620,674600,650356,7052,6508,6780,6763,0,6767,0,0,0,2017-04-24,32488000,6679,162,0,0,0,0,0,0,0,0,6680,41,0,0,0,0,0,0,0,0
177,2017-04-24,09:01:28,0,SR709,XZCE,6679,6668,6768,540634,36254804160,674544,650356,7052,6508,6780,6763,0,6767,0,0,0,2017-04-24,32488000,6679,170,0,0,0,0,0,0,0,0,6680,22,0,0,0,0,0,0,0,0
178,2017-04-24,09:01:29,0,SR709,XZCE,6680,6668,6768,540638,36255071360,674542,650356,7052,6508,6780,6763,0,6767,0,0,0,2017-04-24,32489000,6679,167,0,0,0,0,0,0,0,0,6680,33,0,0,0,0,0,0,0,0
179,2017-04-24,09:01:29,0,SR709,XZCE,6679,6668,6768,540640,36255204940,674542,650356,7052,6508,6780,6763,0,6767,0,0,0,2017-04-24,32489000,6679,169,0,0,0,0,0,0,0,0,6680,33,0,0,0,0,0,0,0,0
180,2017-04-24,09:01:30,0,SR709,XZCE,6679,6668,6768,540652,36256006420,674540,650356,7052,6508,6780,6763,0,6767,0,0,0,2017-04-24,32490000,6679,214,0,0,0,0,0,0,0,0,6680,16,0,0,0,0,0,0,0,0
181,2017-04-24,09:01:30,0,SR709,XZCE,6680,6668,6768,540656,36256273620,674544,650356,7052,6508,6780,6763,0,6767,0,0,0,2017-04-24,32490000,6679,214,0,0,0,0,0,0,0,0,6680,19,0,0,0,0,0,0,0,0
182,2017-04-24,09:01:31,0,SR709,XZCE,6681,6668,6768,540734,36261484800,674512,650356,7052,6508,6780,6763,0,6767,0,0,0,2017-04-24,32491000,6679,218,0,0,0,0,0,0,0,0,6681,114,0,0,0,0,0,0,0,0
183,2017-04-24,09:01:31,0,SR709,XZCE,6679,6668,6768,540766,36263622080,674512,650356,7052,6508,6780,6763,0,6767,0,0,0,2017-04-24,32491000,6679,204,0,0,0,0,0,0,0,0,6680,11,0,0,0,0,0,0,0,0
184,2017-04-24,09:01:32,0,SR709,XZCE,6680,6668,6768,540772,36264022880,674506,650356,7052,6508,6780,6763,0,6767,0,0,0,2017-04-24,32492000,6679,188,0,0,0,0,0,0,0,0,6680,11,0,0,0,0,0,0,0,0
185,2017-04-24,09:01:32,0,SR709,XZCE,6680,6668,6768,540792,36265358880,674516,650356,7052,6508,6780,6763,0,6767,0,0,0,2017-04-24,32492000,6679,188,0,0,0,0,0,0,0,0,6680,6,0,0,0,0,0,0,0,0
186,2017-04-24,09:01:33,0,SR709,XZCE,6680,6668,6768,540792,36265358880,674516,650356,7052,6508,6780,6763,0,6767,0,0,0,2017-04-24,32493000,6679,188,0,0,0,0,0,0,0,0,6680,7,0,0,0,0,0,0,0,0
187,2017-04-24,09:01:33,0,SR709,XZCE,6679,6668,6768,540800,36265893200,674514,650356,7052,6508,6780,6763,0,6767,0,0,0,2017-04-24,32493000,6679,184,0,0,0,0,0,0,0,0,6680,7,0,0,0,0,0,0,0,0
188,2017-04-24,09:01:34,0,SR709,XZCE,6680,6668,6768,540806,36266294000,674514,650356,7052,6508,6780,6763,0,6767,0,0,0,2017-04-24,32494000,6679,185,0,0,0,0,0,0,0,0,6680,6,0,0,0,0,0,0,0,0
189,2017-04-24,09:01:34,0,SR709,XZCE,6680,6668,6768,540816,36266962000,674516,650356,7052,6508,6780,6763,0,6767,0,0,0,2017-04-24,32494000,6679,181,0,0,0,0,0,0,0,0,6680,3,0,0,0,0,0,0,0,0
190,2017-04-24,09:01:35,0,SR709,XZCE,6679,6668,6768,541004,36279518520,674382,650356,7052,6508,6780,6763,0,6767,0,0,0,2017-04-24,32495000,6679,112,0,0,0,0,0,0,0,0,6680,23,0,0,0,0,0,0,0,0
191,2017-04-24,09:01:35,0,SR709,XZCE,6680,6668,6768,541036,36281656120,674384,650356,7052,6508,6780,6763,0,6767,0,0,0,2017-04-24,32495000,6679,120,0,0,0,0,0,0,0,0,6680,48,0,0,0,0,0,0,0,0
192,2017-04-24,09:01:36,0,SR709,XZCE,6680,6668,6768,541052,36282724920,674368,650356,7052,6508,6780,6763,0,6767,0,0,0,2017-04-24,32496000,6679,119,0,0,0,0,0,0,0,0,6680,42,0,0,0,0,0,0,0,0
193,2017-04-24,09:01:36,0,SR709,XZCE,6680,6668,6768,541102,36286064920,674396,650356,7052,6508,6780,6763,0,6767,0,0,0,2017-04-24,32496000,6679,118,0,0,0,0,0,0,0,0,6680,139,0,0,0,0,0,0,0,0
194,2017-04-24,09:01:37,0,SR709,XZCE,6680,6668,6768,541174,36290874520,674366,650356,7052,6508,6780,6763,0,6767,0,0,0,2017-04-24,32497000,6679,104,0,0,0,0,0,0,0,0,6680,125,0,0,0,0,0,0,0,0
195,2017-04-24,09:01:37,0,SR709,XZCE,6679,6668,6768,541282,36298087840,674386,650356,7052,6508,6780,6763,0,6767,0,0,0,2017-04-24,32497000,6679,58,0,0,0,0,0,0,0,0,6680,118,0,0,0,0,0,0,0,0
196,2017-04-24,09:01:38,0,SR709,XZCE,6679,6668,6768,541366,36303698200,674394,650356,7052,6508,6780,6763,0,6767,0,0,0,2017-04-24,32498000,6679,67,0,0,0,0,0,0,0,0,6680,106,0,0,0,0,0,0,0,0
197,2017-04-24,09:01:38,0,SR709,XZCE,6679,6668,6768,541418,36307171280,674446,650356,7052,6508,6780,6763,0,6767,0,0,0,2017-04-24,32498000,6679,41,0,0,0,0,0,0,0,0,6680,106,0,0,0,0,0,0,0,0
198,2017-04-24,09:01:39,0,SR709,XZCE,6680,6668,6768,541442,36308774480,674450,650356,7052,6508,6780,6763,0,6767,0,0,0,2017-04-24,32499000,6679,47,0,0,0,0,0,0,0,0,6680,98,0,0,0,0,0,0,0,0
199,2017-04-24,09:01:39,0,SR709,XZCE,6680,6668,6768,541446,36309041680,674452,650356,7052,6508,6780,6763,0,6767,0,0,0,2017-04-24,32499000,6679,72,0,0,0,0,0,0,0,0,6680,97,0,0,0,0,0,0,0,0
200,2017-04-24,09:01:40,0,SR709,XZCE,6679,6668,6768,541520,36313984140,674452,650356,7052,6508,6780,6763,0,6767,0,0,0,2017-04-24,32500000,6679,47,0,0,0,0,0,0,0,0,6680,97,0,0,0,0,0,0,0,0
201,2017-04-24,09:01:40,0,SR709,XZCE,6679,6668,6768,541532,36314785620,674446,650356,7052,6508,6780,6763,0,6767,0,0,0,2017-04-24,32500000,6679,16,0,0,0,0,0,0,0,0,6680,94,0,0,0,0,0,0,0,0
202,2017-04-24,09:01:41,0,SR709,XZCE,6679,6668,6768,541608,36319861660,674416,650356,7052,6508,6780,6763,0,6767,0,0,0,2017-04-24,32501000,6678,328,0,0,0,0,0,0,0,0,6679,12,0,0,0,0,0,0,0,0
203,2017-04-24,09:01:41,0,SR709,XZCE,6678,6668,6768,541632,36321464380,674396,650356,7052,6508,6780,6763,0,6767,0,0,0,2017-04-24,32501000,6678,331,0,0,0,0,0,0,0,0,6679,2,0,0,0,0,0,0,0,0
204,2017-04-24,09:01:42,0,SR709,XZCE,6679,6668,6768,541662,36323468080,674380,650356,7052,6508,6780,6763,0,6767,0,0,0,2017-04-24,32502000,6678,317,0,0,0,0,0,0,0,0,6679,29,0,0,0,0,0,0,0,0
205,2017-04-24,09:01:42,0,SR709,XZCE,6679,6668,6768,541716,36327074740,674406,650356,7052,6508,6780,6763,0,6767,0,0,0,2017-04-24,32502000,6678,294,0,0,0,0,0,0,0,0,6679,19,0,0,0,0,0,0,0,0
206,2017-04-24,09:01:43,0,SR709,XZCE,6679,6668,6768,541732,36328143380,674418,650356,7052,6508,6780,6763,0,6767,0,0,0,2017-04-24,32503000,6678,310,0,0,0,0,0,0,0,0,6679,21,0,0,0,0,0,0,0,0
207,2017-04-24,09:01:43,0,SR709,XZCE,6678,6668,6768,541738,36328544060,674420,650356,7052,6508,6780,6763,0,6767,0,0,0,2017-04-24,32503000,6678,307,0,0,0,0,0,0,0,0,6679,22,0,0,0,0,0,0,0,0
208,2017-04-24,09:01:44,0,SR709,XZCE,6678,6668,6768,541758,36329879660,674430,650356,7052,6508,6780,6763,0,6767,0,0,0,2017-04-24,32504000,6678,297,0,0,0,0,0,0,0,0,6679,22,0,0,0,0,0,0,0,0
209,2017-04-24,09:01:44,0,SR709,XZCE,6678,6668,6768,541762,36330146780,674430,650356,7052,6508,6780,6763,0,6767,0,0,0,2017-04-24,32504000,6678,296,0,0,0,0,0,0,0,0,6679,42,0,0,0,0,0,0,0,0
210,2017-04-24,09:01:45,0,SR709,XZCE,6679,6668,6768,542004,36346309960,674194,650356,7052,6508,6780,6763,0,6767,0,0,0,2017-04-24,32505000,6678,177,0,0,0,0,0,0,0,0,6679,40,0,0,0,0,0,0,0,0
211,2017-04-24,09:01:45,0,SR709,XZCE,6678,6668,6768,542040,36348714040,674208,650356,7052,6508,6780,6763,0,6767,0,0,0,2017-04-24,32505000,6678,172,0,0,0,0,0,0,0,0,6679,27,0,0,0,0,0,0,0,0
212,2017-04-24,09:01:46,0,SR709,XZCE,6678,6668,6768,542060,36350049640,674206,650356,7052,6508,6780,6763,0,6767,0,0,0,2017-04-24,32506000,6678,162,0,0,0,0,0,0,0,0,6679,28,0,0,0,0,0,0,0,0
213,2017-04-24,09:01:46,0,SR709,XZCE,6678,6668,6768,542066,36350450320,674206,650356,7052,6508,6780,6763,0,6767,0,0,0,2017-04-24,32506000,6678,246,0,0,0,0,0,0,0,0,6679,28,0,0,0,0,0,0,0,0
214,2017-04-24,09:01:47,0,SR709,XZCE,6677,6668,6768,543084,36418422180,674550,650356,7052,6508,6780,6763,0,6767,0,0,0,2017-04-24,32507000,6677,536,0,0,0,0,0,0,0,0,6679,40,0,0,0,0,0,0,0,0
215,2017-04-24,09:01:47,0,SR709,XZCE,6677,6668,6768,543168,36424030860,674546,650356,7052,6508,6780,6763,0,6767,0,0,0,2017-04-24,32507000,6677,526,0,0,0,0,0,0,0,0,6678,12,0,0,0,0,0,0,0,0
216,2017-04-24,09:01:48,0,SR709,XZCE,6678,6668,6768,543190,36425500020,674538,650356,7052,6508,6780,6763,0,6767,0,0,0,2017-04-24,32508000,6677,561,0,0,0,0,0,0,0,0,6678,17,0,0,0,0,0,0,0,0
217,2017-04-24,09:01:48,0,SR709,XZCE,6678,6668,6768,543256,36429907500,674520,650356,7052,6508,6780,6763,0,6767,0,0,0,2017-04-24,32508000,6677,514,0,0,0,0,0,0,0,0,6678,22,0,0,0,0,0,0,0,0
218,2017-04-24,09:01:49,0,SR709,XZCE,6678,6668,6768,543278,36431376660,674514,650356,7052,6508,6780,6763,0,6767,0,0,0,2017-04-24,32509000,6677,525,0,0,0,0,0,0,0,0,6678,20,0,0,0,0,0,0,0,0
219,2017-04-24,09:01:49,0,SR709,XZCE,6677,6668,6768,543290,36432177900,674510,650356,7052,6508,6780,6763,0,6767,0,0,0,2017-04-24,32509000,6677,504,0,0,0,0,0,0,0,0,6678,18,0,0,0,0,0,0,0,0
220,2017-04-24,09:01:50,0,SR709,XZCE,6678,6668,6768,543694,36459157020,674124,650356,7052,6508,6780,6763,0,6767,0,0,0,2017-04-24,32510000,6677,320,0,0,0,0,0,0,0,0,6678,32,0,0,0,0,0,0,0,0
221,2017-04-24,09:01:50,0,SR709,XZCE,6677,6668,6768,544212,36493743880,673700,650356,7052,6508,6780,6763,0,6767,0,0,0,2017-04-24,32510000,6677,62,0,0,0,0,0,0,0,0,6678,17,0,0,0,0,0,0,0,0
222,2017-04-24,09:01:51,0,SR709,XZCE,6677,6668,6768,544362,36503759380,673594,650356,7052,6508,6780,6763,0,6767,0,0,0,2017-04-24,32511000,6676,586,0,0,0,0,0,0,0,0,6677,93,0,0,0,0,0,0,0,0
223,2017-04-24,09:01:51,0,SR709,XZCE,6676,6668,6768,544394,36505895700,673580,650356,7052,6508,6780,6763,0,6767,0,0,0,2017-04-24,32511000,6676,576,0,0,0,0,0,0,0,0,6677,89,0,0,0,0,0,0,0,0
224,2017-04-24,09:01:52,0,SR709,XZCE,6677,6668,6768,544408,36506830480,673574,650356,7052,6508,6780,6763,0,6767,0,0,0,2017-04-24,32512000,6676,571,0,0,0,0,0,0,0,0,6677,106,0,0,0,0,0,0,0,0
225,2017-04-24,09:01:52,0,SR709,XZCE,6677,6668,6768,544480,36511637920,673606,650356,7052,6508,6780,6763,0,6767,0,0,0,2017-04-24,32512000,6676,560,0,0,0,0,0,0,0,0,6677,89,0,0,0,0,0,0,0,0
226,2017-04-24,09:01:53,0,SR709,XZCE,6676,6668,6768,544618,36520850800,673630,650356,7052,6508,6780,6763,0,6767,0,0,0,2017-04-24,32513000,6676,557,0,0,0,0,0,0,0,0,6677,24,0,0,0,0,0,0,0,0
227,2017-04-24,09:01:53,0,SR709,XZCE,6676,6668,6768,544772,36531131840,673544,650356,7052,6508,6780,6763,0,6767,0,0,0,2017-04-24,32513000,6676,480,0,0,0,0,0,0,0,0,6677,33,0,0,0,0,0,0,0,0
228,2017-04-24,09:01:54,0,SR709,XZCE,6676,6668,6768,544788,36532200000,673542,650356,7052,6508,6780,6763,0,6767,0,0,0,2017-04-24,32514000,6676,472,0,0,0,0,0,0,0,0,6677,42,0,0,0,0,0,0,0,0
229,2017-04-24,09:01:54,0,SR709,XZCE,6677,6668,6768,544806,36533401860,673536,650356,7052,6508,6780,6763,0,6767,0,0,0,2017-04-24,32514000,6676,467,0,0,0,0,0,0,0,0,6677,50,0,0,0,0,0,0,0,0
230,2017-04-24,09:01:55,0,SR709,XZCE,6677,6668,6768,545218,36560911100,673156,650356,7052,6508,6780,6763,0,6767,0,0,0,2017-04-24,32515000,6676,277,0,0,0,0,0,0,0,0,6677,33,0,0,0,0,0,0,0,0
231,2017-04-24,09:01:55,0,SR709,XZCE,6677,6668,6768,545290,36565718540,673148,650356,7052,6508,6780,6763,0,6767,0,0,0,2017-04-24,32515000,6677,267,0,0,0,0,0,0,0,0,6678,45,0,0,0,0,0,0,0,0
232,2017-04-24,09:01:56,0,SR709,XZCE,6677,6668,6768,545488,36578939000,673092,650356,7052,6508,6780,6763,0,6767,0,0,0,2017-04-24,32516000,6677,179,0,0,0,0,0,0,0,0,6678,32,0,0,0,0,0,0,0,0
233,2017-04-24,09:01:56,0,SR709,XZCE,6677,6668,6768,545518,36580942100,673086,650356,7052,6508,6780,6763,0,6767,0,0,0,2017-04-24,32516000,6677,181,0,0,0,0,0,0,0,0,6678,29,0,0,0,0,0,0,0,0
234,2017-04-24,09:01:57,0,SR709,XZCE,6678,6668,6768,545914,36607386980,672866,650356,7052,6508,6780,6763,0,6767,0,0,0,2017-04-24,32517000,6677,188,0,0,0,0,0,0,0,0,6678,1,0,0,0,0,0,0,0,0
235,2017-04-24,09:01:57,0,SR709,XZCE,6677,6668,6768,545920,36607787600,672864,650356,7052,6508,6780,6763,0,6767,0,0,0,2017-04-24,32517000,6677,214,0,0,0,0,0,0,0,0,6678,1,0,0,0,0,0,0,0,0
236,2017-04-24,09:01:58,0,SR709,XZCE,6678,6668,6768,545926,36608188280,672860,650356,7052,6508,6780,6763,0,6767,0,0,0,2017-04-24,32518000,6677,214,0,0,0,0,0,0,0,0,6678,1,0,0,0,0,0,0,0,0
237,2017-04-24,09:01:58,0,SR709,XZCE,6677,6668,6768,545932,36608588900,672860,650356,7052,6508,6780,6763,0,6767,0,0,0,2017-04-24,32518000,6677,219,0,0,0,0,0,0,0,0,6678,2,0,0,0,0,0,0,0,0
238,2017-04-24,09:01:59,0,SR709,XZCE,6678,6668,6768,546054,36616736060,672860,650356,7052,6508,6780,6763,0,6767,0,0,0,2017-04-24,32519000,6677,159,0,0,0,0,0,0,0,0,6678,2,0,0,0,0,0,0,0,0
239,2017-04-24,09:01:59,0,SR709,XZCE,6677,6668,6768,546072,36617937920,672854,650356,7052,6508,6780,6763,0,6767,0,0,0,2017-04-24,32519000,6677,152,0,0,0,0,0,0,0,0,6679,64,0,0,0,0,0,0,0,0
240,2017-04-24,09:02:00,0,SR709,XZCE,6677,6668,6768,546204,36626751560,672730,650356,7052,6508,6780,6763,0,6767,0,0,0,2017-04-24,32520000,6677,88,0,0,0,0,0,0,0,0,6678,6,0,0,0,0,0,0,0,0
241,2017-04-24,09:02:00,0,SR709,XZCE,6678,6668,6768,546232,36628621400,672724,650356,7052,6508,6780,6763,0,6767,0,0,0,2017-04-24,32520000,6677,86,0,0,0,0,0,0,0,0,6678,65,0,0,0,0,0,0,0,0
242,2017-04-24,09:02:01,0,SR709,XZCE,6677,6668,6768,546256,36630223880,672720,650356,7052,6508,6780,6763,0,6767,0,0,0,2017-04-24,32521000,6677,84,0,0,0,0,0,0,0,0,6678,55,0,0,0,0,0,0,0,0
243,2017-04-24,09:02:01,0,SR709,XZCE,6677,6668,6768,546282,36631959900,672718,650356,7052,6508,6780,6763,0,6767,0,0,0,2017-04-24,32521000,6677,73,0,0,0,0,0,0,0,0,6678,53,0,0,0,0,0,0,0,0
244,2017-04-24,09:02:02,0,SR709,XZCE,6677,6668,6768,546386,36638903980,672778,650356,7052,6508,6780,6763,0,6767,0,0,0,2017-04-24,32522000,6677,37,0,0,0,0,0,0,0,0,6678,53,0,0,0,0,0,0,0,0
245,2017-04-24,09:02:02,0,SR709,XZCE,6677,6668,6768,546462,36643978500,672842,650356,7052,6508,6780,6763,0,6767,0,0,0,2017-04-24,32522000,6676,328,0,0,0,0,0,0,0,0,6677,2,0,0,0,0,0,0,0,0
246,2017-04-24,09:02:03,0,SR709,XZCE,6677,6668,6768,546466,36644245580,672842,650356,7052,6508,6780,6763,0,6767,0,0,0,2017-04-24,32523000,6676,358,0,0,0,0,0,0,0,0,6677,65,0,0,0,0,0,0,0,0
247,2017-04-24,09:02:03,0,SR709,XZCE,6677,6668,6768,546488,36645714520,672842,650356,7052,6508,6780,6763,0,6767,0,0,0,2017-04-24,32523000,6676,356,0,0,0,0,0,0,0,0,6677,60,0,0,0,0,0,0,0,0
248,2017-04-24,09:02:04,0,SR709,XZCE,6676,6668,6768,546490,36645848040,672842,650356,7052,6508,6780,6763,0,6767,0,0,0,2017-04-24,32524000,6676,356,0,0,0,0,0,0,0,0,6677,73,0,0,0,0,0,0,0,0
249,2017-04-24,09:02:04,0,SR709,XZCE,6677,6668,6768,546494,36646115120,672846,650356,7052,6508,6780,6763,0,6767,0,0,0,2017-04-24,32524000,6676,351,0,0,0,0,0,0,0,0,6677,71,0,0,0,0,0,0,0,0
250,2017-04-24,09:02:05,0,SR709,XZCE,6676,6668,6768,546506,36646916240,672854,650356,7052,6508,6780,6763,0,6767,0,0,0,2017-04-24,32525000,6676,350,0,0,0,0,0,0,0,0,6677,65,0,0,0,0,0,0,0,0
251,2017-04-24,09:02:05,0,SR709,XZCE,6676,6668,6768,546512,36647316800,672858,650356,7052,6508,6780,6763,0,6767,0,0,0,2017-04-24,32525000,6676,349,0,0,0,0,0,0,0,0,6677,64,0,0,0,0,0,0,0,0
252,2017-04-24,09:02:06,0,SR709,XZCE,6677,6668,6768,546646,36656263980,672984,650356,7052,6508,6780,6763,0,6767,0,0,0,2017-04-24,32526000,6677,40,0,0,0,0,0,0,0,0,6678,15,0,0,0,0,0,0,0,0
253,2017-04-24,09:02:06,0,SR709,XZCE,6677,6668,6768,546680,36658534160,673018,650356,7052,6508,6780,6763,0,6767,0,0,0,2017-04-24,32526000,6677,26,0,0,0,0,0,0,0,0,6678,13,0,0,0,0,0,0,0,0
254,2017-04-24,09:02:07,0,SR709,XZCE,6677,6668,6768,546690,36659201860,673016,650356,7052,6508,6780,6763,0,6767,0,0,0,2017-04-24,32527000,6677,24,0,0,0,0,0,0,0,0,6678,18,0,0,0,0,0,0,0,0
255,2017-04-24,09:02:07,0,SR709,XZCE,6677,6668,6768,546760,36663875760,673038,650356,7052,6508,6780,6763,0,6767,0,0,0,2017-04-24,32527000,6677,6,0,0,0,0,0,0,0,0,6678,14,0,0,0,0,0,0,0,0
256,2017-04-24,09:02:08,0,SR709,XZCE,6679,6668,6768,546792,36666013040,673040,650356,7052,6508,6780,6763,0,6767,0,0,0,2017-04-24,32528000,6677,45,0,0,0,0,0,0,0,0,6679,78,0,0,0,0,0,0,0,0
257,2017-04-24,09:02:08,0,SR709,XZCE,6677,6668,6768,546822,36668016140,673068,650356,7052,6508,6780,6763,0,6767,0,0,0,2017-04-24,32528000,6677,65,0,0,0,0,0,0,0,0,6679,74,0,0,0,0,0,0,0,0
258,2017-04-24,09:02:09,0,SR709,XZCE,6677,6668,6768,546824,36668149680,673068,650356,7052,6508,6780,6763,0,6767,0,0,0,2017-04-24,32529000,6677,80,0,0,0,0,0,0,0,0,6679,74,0,0,0,0,0,0,0,0
259,2017-04-24,09:02:09,0,SR709,XZCE,6677,6668,6768,546826,36668283220,673070,650356,7052,6508,6780,6763,0,6767,0,0,0,2017-04-24,32529000,6677,79,0,0,0,0,0,0,0,0,6679,82,0,0,0,0,0,0,0,0
260,2017-04-24,09:02:10,0,SR709,XZCE,6678,6668,6768,546836,36668951020,673068,650356,7052,6508,6780,6763,0,6767,0,0,0,2017-04-24,32530000,6677,95,0,0,0,0,0,0,0,0,6678,20,0,0,0,0,0,0,0,0
261,2017-04-24,09:02:10,0,SR709,XZCE,6678,6668,6768,546872,36671355100,673070,650356,7052,6508,6780,6763,0,6767,0,0,0,2017-04-24,32530000,6677,80,0,0,0,0,0,0,0,0,6678,17,0,0,0,0,0,0,0,0
262,2017-04-24,09:02:11,0,SR709,XZCE,6678,6668,6768,546874,36671488660,673070,650356,7052,6508,6780,6763,0,6767,0,0,0,2017-04-24,32531000,6677,83,0,0,0,0,0,0,0,0,6678,16,0,0,0,0,0,0,0,0
263,2017-04-24,09:02:11,0,SR709,XZCE,6678,6668,6768,546888,36672423580,673070,650356,7052,6508,6780,6763,0,6767,0,0,0,2017-04-24,32531000,6677,78,0,0,0,0,0,0,0,0,6678,15,0,0,0,0,0,0,0,0
264,2017-04-24,09:02:12,0,SR709,XZCE,6677,6668,6768,546912,36674026060,673082,650356,7052,6508,6780,6763,0,6767,0,0,0,2017-04-24,32532000,6677,70,0,0,0,0,0,0,0,0,6678,12,0,0,0,0,0,0,0,0
265,2017-04-24,09:02:12,0,SR709,XZCE,6678,6668,6768,546944,36676163020,673090,650356,7052,6508,6780,6763,0,6767,0,0,0,2017-04-24,32532000,6677,63,0,0,0,0,0,0,0,0,6678,7,0,0,0,0,0,0,0,0
266,2017-04-24,09:02:13,0,SR709,XZCE,6678,6668,6768,546950,36676563700,673084,650356,7052,6508,6780,6763,0,6767,0,0,0,2017-04-24,32533000,6677,63,0,0,0,0,0,0,0,0,6678,24,0,0,0,0,0,0,0,0
267,2017-04-24,09:02:13,0,SR709,XZCE,6678,6668,6768,546982,36678700660,673074,650356,7052,6508,6780,6763,0,6767,0,0,0,2017-04-24,32533000,6677,56,0,0,0,0,0,0,0,0,6678,18,0,0,0,0,0,0,0,0
268,2017-04-24,09:02:14,0,SR709,XZCE,6677,6668,6768,547034,36682172700,673076,650356,7052,6508,6780,6763,0,6767,0,0,0,2017-04-24,32534000,6677,57,0,0,0,0,0,0,0,0,6678,19,0,0,0,0,0,0,0,0
269,2017-04-24,09:02:14,0,SR709,XZCE,6677,6668,6768,547062,36684042260,673094,650356,7052,6508,6780,6763,0,6767,0,0,0,2017-04-24,32534000,6677,49,0,0,0,0,0,0,0,0,6678,27,0,0,0,0,0,0,0,0
270,2017-04-24,09:02:15,0,SR709,XZCE,6677,6668,6768,547168,36691119880,673134,650356,7052,6508,6780,6763,0,6767,0,0,0,2017-04-24,32535000,6676,342,0,0,0,0,0,0,0,0,6677,78,0,0,0,0,0,0,0,0
271,2017-04-24,09:02:15,0,SR709,XZCE,6676,6668,6768,547204,36693523240,673128,650356,7052,6508,6780,6763,0,6767,0,0,0,2017-04-24,32535000,6676,333,0,0,0,0,0,0,0,0,6677,67,0,0,0,0,0,0,0,0
272,2017-04-24,09:02:16,0,SR709,XZCE,6677,6668,6768,547298,36699799620,673160,650356,7052,6508,6780,6763,0,6767,0,0,0,2017-04-24,32536000,6676,323,0,0,0,0,0,0,0,0,6677,24,0,0,0,0,0,0,0,0
273,2017-04-24,09:02:17,0,SR709,XZCE,6677,6668,6768,547300,36699933160,673162,650356,7052,6508,6780,6763,0,6767,0,0,0,2017-04-24,32537000,6676,323,0,0,0,0,0,0,0,0,6677,28,0,0,0,0,0,0,0,0
274,2017-04-24,09:02:17,0,SR709,XZCE,6676,6668,6768,547318,36701134840,673162,650356,7052,6508,6780,6763,0,6767,0,0,0,2017-04-24,32537000,6676,316,0,0,0,0,0,0,0,0,6677,26,0,0,0,0,0,0,0,0
275,2017-04-24,09:02:18,0,SR709,XZCE,6677,6668,6768,547332,36702069620,673172,650356,7052,6508,6780,6763,0,6767,0,0,0,2017-04-24,32538000,6676,315,0,0,0,0,0,0,0,0,6677,20,0,0,0,0,0,0,0,0
276,2017-04-24,09:02:18,0,SR709,XZCE,6676,6668,6768,547342,36702737220,673172,650356,7052,6508,6780,6763,0,6767,0,0,0,2017-04-24,32538000,6676,310,0,0,0,0,0,0,0,0,6677,25,0,0,0,0,0,0,0,0
277,2017-04-24,09:02:19,0,SR709,XZCE,6676,6668,6768,547374,36704873540,673172,650356,7052,6508,6780,6763,0,6767,0,0,0,2017-04-24,32539000,6676,294,0,0,0,0,0,0,0,0,6677,25,0,0,0,0,0,0,0,0
278,2017-04-24,09:02:19,0,SR709,XZCE,6677,6668,6768,547380,36705274160,673176,650356,7052,6508,6780,6763,0,6767,0,0,0,2017-04-24,32539000,6676,294,0,0,0,0,0,0,0,0,6677,32,0,0,0,0,0,0,0,0
279,2017-04-24,09:02:20,0,SR709,XZCE,6676,6668,6768,547384,36705541200,673176,650356,7052,6508,6780,6763,0,6767,0,0,0,2017-04-24,32540000,6676,292,0,0,0,0,0,0,0,0,6677,43,0,0,0,0,0,0,0,0
280,2017-04-24,09:02:20,0,SR709,XZCE,6676,6668,6768,547458,36710481440,673148,650356,7052,6508,6780,6763,0,6767,0,0,0,2017-04-24,32540000,6676,255,0,0,0,0,0,0,0,0,6677,46,0,0,0,0,0,0,0,0
281,2017-04-24,09:02:21,0,SR709,XZCE,6677,6668,6768,547798,36733183240,672954,650356,7052,6508,6780,6763,0,6767,0,0,0,2017-04-24,32541000,6676,269,0,0,0,0,0,0,0,0,6677,22,0,0,0,0,0,0,0,0
282,2017-04-24,09:02:21,0,SR709,XZCE,6677,6668,6768,547900,36739993780,672890,650356,7052,6508,6780,6763,0,6767,0,0,0,2017-04-24,32541000,6676,277,0,0,0,0,0,0,0,0,6677,14,0,0,0,0,0,0,0,0
283,2017-04-24,09:02:22,0,SR709,XZCE,6677,6668,6768,548034,36748940960,672868,650356,7052,6508,6780,6763,0,6767,0,0,0,2017-04-24,32542000,6676,221,0,0,0,0,0,0,0,0,6678,36,0,0,0,0,0,0,0,0
284,2017-04-24,09:02:22,0,SR709,XZCE,6676,6668,6768,548164,36757619760,672844,650356,7052,6508,6780,6763,0,6767,0,0,0,2017-04-24,32542000,6676,158,0,0,0,0,0,0,0,0,6677,14,0,0,0,0,0,0,0,0
285,2017-04-24,09:02:23,0,SR709,XZCE,6677,6668,6768,548166,36757753300,672842,650356,7052,6508,6780,6763,0,6767,0,0,0,2017-04-24,32543000,6676,158,0,0,0,0,0,0,0,0,6677,15,0,0,0,0,0,0,0,0
286,2017-04-24,09:02:23,0,SR709,XZCE,6676,6668,6768,548204,36760290180,672826,650356,7052,6508,6780,6763,0,6767,0,0,0,2017-04-24,32543000,6676,147,0,0,0,0,0,0,0,0,6677,7,0,0,0,0,0,0,0,0
287,2017-04-24,09:02:24,0,SR709,XZCE,6676,6668,6768,548256,36763761700,672802,650356,7052,6508,6780,6763,0,6767,0,0,0,2017-04-24,32544000,6676,128,0,0,0,0,0,0,0,0,6677,5,0,0,0,0,0,0,0,0
288,2017-04-24,09:02:24,0,SR709,XZCE,6676,6668,6768,548256,36763761700,672802,650356,7052,6508,6780,6763,0,6767,0,0,0,2017-04-24,32544000,6676,129,0,0,0,0,0,0,0,0,6677,13,0,0,0,0,0,0,0,0
289,2017-04-24,09:02:25,0,SR709,XZCE,6676,6668,6768,548522,36781519860,672922,650356,7052,6508,6780,6763,0,6767,0,0,0,2017-04-24,32545000,6675,779,0,0,0,0,0,0,0,0,6676,39,0,0,0,0,0,0,0,0
290,2017-04-24,09:02:25,0,SR709,XZCE,6675,6668,6768,548534,36782320860,672926,650356,7052,6508,6780,6763,0,6767,0,0,0,2017-04-24,32545000,6675,778,0,0,0,0,0,0,0,0,6676,52,0,0,0,0,0,0,0,0
291,2017-04-24,09:02:26,0,SR709,XZCE,6675,6668,6768,548580,36785391360,672906,650356,7052,6508,6780,6763,0,6767,0,0,0,2017-04-24,32546000,6675,759,0,0,0,0,0,0,0,0,6676,31,0,0,0,0,0,0,0,0
292,2017-04-24,09:02:26,0,SR709,XZCE,6675,6668,6768,548618,36787927860,672892,650356,7052,6508,6780,6763,0,6767,0,0,0,2017-04-24,32546000,6675,751,0,0,0,0,0,0,0,0,6676,32,0,0,0,0,0,0,0,0
293,2017-04-24,09:02:27,0,SR709,XZCE,6675,6668,6768,548630,36788728860,672890,650356,7052,6508,6780,6763,0,6767,0,0,0,2017-04-24,32547000,6675,745,0,0,0,0,0,0,0,0,6676,34,0,0,0,0,0,0,0,0
294,2017-04-24,09:02:27,0,SR709,XZCE,6676,6668,6768,548670,36791399260,672854,650356,7052,6508,6780,6763,0,6767,0,0,0,2017-04-24,32547000,6675,760,0,0,0,0,0,0,0,0,6676,16,0,0,0,0,0,0,0,0
295,2017-04-24,09:02:28,0,SR709,XZCE,6676,6668,6768,548672,36791532780,672854,650356,7052,6508,6780,6763,0,6767,0,0,0,2017-04-24,32548000,6675,760,0,0,0,0,0,0,0,0,6676,10,0,0,0,0,0,0,0,0
296,2017-04-24,09:02:28,0,SR709,XZCE,6676,6668,6768,548710,36794069660,672872,650356,7052,6508,6780,6763,0,6767,0,0,0,2017-04-24,32548000,6676,17,0,0,0,0,0,0,0,0,6677,16,0,0,0,0,0,0,0,0
297,2017-04-24,09:02:29,0,SR709,XZCE,6676,6668,6768,548768,36797941740,672900,650356,7052,6508,6780,6763,0,6767,0,0,0,2017-04-24,32549000,6675,746,0,0,0,0,0,0,0,0,6676,64,0,0,0,0,0,0,0,0
298,2017-04-24,09:02:29,0,SR709,XZCE,6676,6668,6768,548768,36797941740,672900,650356,7052,6508,6780,6763,0,6767,0,0,0,2017-04-24,32549000,6675,746,0,0,0,0,0,0,0,0,6676,57,0,0,0,0,0,0,0,0
299,2017-04-24,09:02:30,0,SR709,XZCE,6675,6668,6768,548790,36799410240,672894,650356,7052,6508,6780,6763,0,6767,0,0,0,2017-04-24,32550000,6675,740,0,0,0,0,0,0,0,0,6676,51,0,0,0,0,0,0,0,0
300,2017-04-24,09:02:30,0,SR709,XZCE,6675,6668,6768,548796,36799810740,672898,650356,7052,6508,6780,6763,0,6767,0,0,0,2017-04-24,32550000,6675,748,0,0,0,0,0,0,0,0,6676,4,0,0,0,0,0,0,0,0
301,2017-04-24,09:02:31,0,SR709,XZCE,6676,6668,6768,548810,36800745380,672904,650356,7052,6508,6780,6763,0,6767,0,0,0,2017-04-24,32551000,6676,8,0,0,0,0,0,0,0,0,6677,15,0,0,0,0,0,0,0,0
302,2017-04-24,09:02:31,0,SR709,XZCE,6676,6668,6768,548846,36803148740,672934,650356,7052,6508,6780,6763,0,6767,0,0,0,2017-04-24,32551000,6676,9,0,0,0,0,0,0,0,0,6677,15,0,0,0,0,0,0,0,0
303,2017-04-24,09:02:32,0,SR709,XZCE,6676,6668,6768,548874,36805018020,672958,650356,7052,6508,6780,6763,0,6767,0,0,0,2017-04-24,32552000,6676,9,0,0,0,0,0,0,0,0,6677,13,0,0,0,0,0,0,0,0
304,2017-04-24,09:02:32,0,SR709,XZCE,6676,6668,6768,548886,36805819140,672958,650356,7052,6508,6780,6763,0,6767,0,0,0,2017-04-24,32552000,6676,13,0,0,0,0,0,0,0,0,6677,13,0,0,0,0,0,0,0,0
305,2017-04-24,09:02:33,0,SR709,XZCE,6676,6668,6768,548892,36806219700,672958,650356,7052,6508,6780,6763,0,6767,0,0,0,2017-04-24,32553000,6676,14,0,0,0,0,0,0,0,0,6677,13,0,0,0,0,0,0,0,0
306,2017-04-24,09:02:33,0,SR709,XZCE,6677,6668,6768,548934,36809024040,672936,650356,7052,6508,6780,6763,0,6767,0,0,0,2017-04-24,32553000,6677,29,0,0,0,0,0,0,0,0,6678,28,0,0,0,0,0,0,0,0
307,2017-04-24,09:02:34,0,SR709,XZCE,6677,6668,6768,548974,36811694840,672936,650356,7052,6508,6780,6763,0,6767,0,0,0,2017-04-24,32554000,6677,14,0,0,0,0,0,0,0,0,6678,27,0,0,0,0,0,0,0,0
308,2017-04-24,09:02:34,0,SR709,XZCE,6677,6668,6768,548990,36812763160,672934,650356,7052,6508,6780,6763,0,6767,0,0,0,2017-04-24,32554000,6677,6,0,0,0,0,0,0,0,0,6678,27,0,0,0,0,0,0,0,0
309,2017-04-24,09:02:35,0,SR709,XZCE,6677,6668,6768,549004,36813697940,672920,650356,7052,6508,6780,6763,0,6767,0,0,0,2017-04-24,32555000,6676,33,0,0,0,0,0,0,0,0,6677,28,0,0,0,0,0,0,0,0
310,2017-04-24,09:02:35,0,SR709,XZCE,6677,6668,6768,549210,36827452560,672920,650356,7052,6508,6780,6763,0,6767,0,0,0,2017-04-24,32555000,6676,44,0,0,0,0,0,0,0,0,6677,25,0,0,0,0,0,0,0,0
311,2017-04-24,09:02:36,0,SR709,XZCE,6676,6668,6768,550470,36911570160,672862,650356,7052,6508,6780,6763,0,6767,0,0,0,2017-04-24,32556000,6676,57,0,0,0,0,0,0,0,0,6678,51,0,0,0,0,0,0,0,0
312,2017-04-24,09:02:36,0,SR709,XZCE,6676,6668,6768,550478,36912104240,672862,650356,7052,6508,6780,6763,0,6767,0,0,0,2017-04-24,32556000,6676,53,0,0,0,0,0,0,0,0,6678,52,0,0,0,0,0,0,0,0
313,2017-04-24,09:02:37,0,SR709,XZCE,6677,6668,6768,550494,36913172560,672846,650356,7052,6508,6780,6763,0,6767,0,0,0,2017-04-24,32557000,6676,55,0,0,0,0,0,0,0,0,6678,54,0,0,0,0,0,0,0,0
314,2017-04-24,09:02:37,0,SR709,XZCE,6678,6668,6768,550788,36932805880,672740,650356,7052,6508,6780,6763,0,6767,0,0,0,2017-04-24,32557000,6678,7,0,0,0,0,0,0,0,0,6679,72,0,0,0,0,0,0,0,0
315,2017-04-24,09:02:38,0,SR709,XZCE,6678,6668,6768,550812,36934408600,672732,650356,7052,6508,6780,6763,0,6767,0,0,0,2017-04-24,32558000,6677,18,0,0,0,0,0,0,0,0,6678,2,0,0,0,0,0,0,0,0
316,2017-04-24,09:02:38,0,SR709,XZCE,6679,6668,6768,550822,36935076500,672730,650356,7052,6508,6780,6763,0,6767,0,0,0,2017-04-24,32558000,6677,24,0,0,0,0,0,0,0,0,6678,8,0,0,0,0,0,0,0,0
317,2017-04-24,09:02:39,0,SR709,XZCE,6677,6668,6768,550920,36941619960,672708,650356,7052,6508,6780,6763,0,6767,0,0,0,2017-04-24,32559000,6677,4,0,0,0,0,0,0,0,0,6678,18,0,0,0,0,0,0,0,0
318,2017-04-24,09:02:39,0,SR709,XZCE,6677,6668,6768,550932,36942421200,672718,650356,7052,6508,6780,6763,0,6767,0,0,0,2017-04-24,32559000,6676,68,0,0,0,0,0,0,0,0,6677,1,0,0,0,0,0,0,0,0
319,2017-04-24,09:02:40,0,SR709,XZCE,6677,6668,6768,551006,36947362180,672714,650356,7052,6508,6780,6763,0,6767,0,0,0,2017-04-24,32560000,6677,30,0,0,0,0,0,0,0,0,6678,44,0,0,0,0,0,0,0,0
320,2017-04-24,09:02:41,0,SR709,XZCE,6677,6668,6768,551012,36947762800,672710,650356,7052,6508,6780,6763,0,6767,0,0,0,2017-04-24,32561000,6677,33,0,0,0,0,0,0,0,0,6678,44,0,0,0,0,0,0,0,0
321,2017-04-24,09:02:41,0,SR709,XZCE,6678,6668,6768,551034,36949231960,672714,650356,7052,6508,6780,6763,0,6767,0,0,0,2017-04-24,32561000,6677,36,0,0,0,0,0,0,0,0,6678,43,0,0,0,0,0,0,0,0
322,2017-04-24,09:02:42,0,SR709,XZCE,6677,6668,6768,551148,36956843740,672746,650356,7052,6508,6780,6763,0,6767,0,0,0,2017-04-24,32562000,6676,88,0,0,0,0,0,0,0,0,6677,1,0,0,0,0,0,0,0,0
323,2017-04-24,09:02:42,0,SR709,XZCE,6677,6668,6768,551224,36961918260,672822,650356,7052,6508,6780,6763,0,6767,0,0,0,2017-04-24,32562000,6677,31,0,0,0,0,0,0,0,0,6678,34,0,0,0,0,0,0,0,0
324,2017-04-24,09:02:43,0,SR709,XZCE,6677,6668,6768,551428,36975539340,672970,650356,7052,6508,6780,6763,0,6767,0,0,0,2017-04-24,32563000,6677,36,0,0,0,0,0,0,0,0,6678,32,0,0,0,0,0,0,0,0
325,2017-04-24,09:02:43,0,SR709,XZCE,6677,6668,6768,551452,36977141820,672982,650356,7052,6508,6780,6763,0,6767,0,0,0,2017-04-24,32563000,6677,25,0,0,0,0,0,0,0,0,6678,28,0,0,0,0,0,0,0,0
326,2017-04-24,09:02:44,0,SR709,XZCE,6677,6668,6768,551480,36979011380,672982,650356,7052,6508,6780,6763,0,6767,0,0,0,2017-04-24,32564000,6677,2,0,0,0,0,0,0,0,0,6678,27,0,0,0,0,0,0,0,0
327,2017-04-24,09:02:44,0,SR709,XZCE,6677,6668,6768,551490,36979679080,672984,650356,7052,6508,6780,6763,0,6767,0,0,0,2017-04-24,32564000,6677,8,0,0,0,0,0,0,0,0,6678,27,0,0,0,0,0,0,0,0
328,2017-04-24,09:02:45,0,SR709,XZCE,6677,6668,6768,551508,36980880940,672972,650356,7052,6508,6780,6763,0,6767,0,0,0,2017-04-24,32565000,6677,5,0,0,0,0,0,0,0,0,6678,33,0,0,0,0,0,0,0,0
329,2017-04-24,09:02:45,0,SR709,XZCE,6677,6668,6768,551510,36981014480,672972,650356,7052,6508,6780,6763,0,6767,0,0,0,2017-04-24,32565000,6677,12,0,0,0,0,0,0,0,0,6678,35,0,0,0,0,0,0,0,0
330,2017-04-24,09:02:46,0,SR709,XZCE,6678,6668,6768,551534,36982617200,672972,650356,7052,6508,6780,6763,0,6767,0,0,0,2017-04-24,32566000,6677,14,0,0,0,0,0,0,0,0,6678,24,0,0,0,0,0,0,0,0
331,2017-04-24,09:02:46,0,SR709,XZCE,6678,6668,6768,551536,36982750760,672972,650356,7052,6508,6780,6763,0,6767,0,0,0,2017-04-24,32566000,6677,38,0,0,0,0,0,0,0,0,6678,23,0,0,0,0,0,0,0,0
332,2017-04-24,09:02:47,0,SR709,XZCE,6678,6668,6768,551538,36982884320,672972,650356,7052,6508,6780,6763,0,6767,0,0,0,2017-04-24,32567000,6677,53,0,0,0,0,0,0,0,0,6678,22,0,0,0,0,0,0,0,0
333,2017-04-24,09:02:47,0,SR709,XZCE,6678,6668,6768,551554,36983952800,672956,650356,7052,6508,6780,6763,0,6767,0,0,0,2017-04-24,32567000,6677,52,0,0,0,0,0,0,0,0,6678,19,0,0,0,0,0,0,0,0
334,2017-04-24,09:02:48,0,SR709,XZCE,6678,6668,6768,551626,36988760960,672998,650356,7052,6508,6780,6763,0,6767,0,0,0,2017-04-24,32568000,6677,9,0,0,0,0,0,0,0,0,6678,15,0,0,0,0,0,0,0,0
335,2017-04-24,09:02:48,0,SR709,XZCE,6677,6668,6768,551650,36990363440,672996,650356,7052,6508,6780,6763,0,6767,0,0,0,2017-04-24,32568000,6677,23,0,0,0,0,0,0,0,0,6678,15,0,0,0,0,0,0,0,0
336,2017-04-24,09:02:49,0,SR709,XZCE,6678,6668,6768,551676,36992099720,672992,650356,7052,6508,6780,6763,0,6767,0,0,0,2017-04-24,32569000,6677,48,0,0,0,0,0,0,0,0,6678,13,0,0,0,0,0,0,0,0
337,2017-04-24,09:02:49,0,SR709,XZCE,6677,6668,6768,551678,36992233260,672992,650356,7052,6508,6780,6763,0,6767,0,0,0,2017-04-24,32569000,6677,47,0,0,0,0,0,0,0,0,6678,13,0,0,0,0,0,0,0,0
338,2017-04-24,09:02:50,0,SR709,XZCE,6677,6668,6768,551734,36995972380,672984,650356,7052,6508,6780,6763,0,6767,0,0,0,2017-04-24,32570000,6677,19,0,0,0,0,0,0,0,0,6678,50,0,0,0,0,0,0,0,0
339,2017-04-24,09:02:50,0,SR709,XZCE,6678,6668,6768,551746,36996773740,672984,650356,7052,6508,6780,6763,0,6767,0,0,0,2017-04-24,32570000,6677,17,0,0,0,0,0,0,0,0,6678,49,0,0,0,0,0,0,0,0
340,2017-04-24,09:02:51,0,SR709,XZCE,6678,6668,6768,551766,36998109340,673002,650356,7052,6508,6780,6763,0,6767,0,0,0,2017-04-24,32571000,6677,17,0,0,0,0,0,0,0,0,6678,39,0,0,0,0,0,0,0,0
341,2017-04-24,09:02:51,0,SR709,XZCE,6678,6668,6768,551766,36998109340,673002,650356,7052,6508,6780,6763,0,6767,0,0,0,2017-04-24,32571000,6677,18,0,0,0,0,0,0,0,0,6678,39,0,0,0,0,0,0,0,0
342,2017-04-24,09:02:52,0,SR709,XZCE,6677,6668,6768,551776,36998777040,673002,650356,7052,6508,6780,6763,0,6767,0,0,0,2017-04-24,32572000,6677,16,0,0,0,0,0,0,0,0,6678,39,0,0,0,0,0,0,0,0
343,2017-04-24,09:02:52,0,SR709,XZCE,6677,6668,6768,551778,36998910580,673002,650356,7052,6508,6780,6763,0,6767,0,0,0,2017-04-24,32572000,6677,15,0,0,0,0,0,0,0,0,6678,39,0,0,0,0,0,0,0,0
344,2017-04-24,09:02:53,0,SR709,XZCE,6677,6668,6768,551788,36999578280,672994,650356,7052,6508,6780,6763,0,6767,0,0,0,2017-04-24,32573000,6677,10,0,0,0,0,0,0,0,0,6678,40,0,0,0,0,0,0,0,0
345,2017-04-24,09:02:53,0,SR709,XZCE,6678,6668,6768,551792,36999845400,672998,650356,7052,6508,6780,6763,0,6767,0,0,0,2017-04-24,32573000,6677,10,0,0,0,0,0,0,0,0,6678,38,0,0,0,0,0,0,0,0
346,2017-04-24,09:02:54,0,SR709,XZCE,6678,6668,6768,551854,37003985760,673056,650356,7052,6508,6780,6763,0,6767,0,0,0,2017-04-24,32574000,6677,33,0,0,0,0,0,0,0,0,6678,8,0,0,0,0,0,0,0,0
347,2017-04-24,09:02:54,0,SR709,XZCE,6679,6668,6768,551890,37006390200,673064,650356,7052,6508,6780,6763,0,6767,0,0,0,2017-04-24,32574000,6678,41,0,0,0,0,0,0,0,0,6679,65,0,0,0,0,0,0,0,0
348,2017-04-24,09:02:55,0,SR709,XZCE,6679,6668,6768,551896,37006790940,673064,650356,7052,6508,6780,6763,0,6767,0,0,0,2017-04-24,32575000,6678,41,0,0,0,0,0,0,0,0,6679,62,0,0,0,0,0,0,0,0
349,2017-04-24,09:02:55,0,SR709,XZCE,6678,6668,6768,551898,37006924500,673064,650356,7052,6508,6780,6763,0,6767,0,0,0,2017-04-24,32575000,6678,41,0,0,0,0,0,0,0,0,6679,63,0,0,0,0,0,0,0,0
350,2017-04-24,09:02:56,0,SR709,XZCE,6678,6668,6768,551908,37007592300,673062,650356,7052,6508,6780,6763,0,6767,0,0,0,2017-04-24,32576000,6678,46,0,0,0,0,0,0,0,0,6679,64,0,0,0,0,0,0,0,0
351,2017-04-24,09:02:56,0,SR709,XZCE,6679,6668,6768,551912,37007859460,673064,650356,7052,6508,6780,6763,0,6767,0,0,0,2017-04-24,32576000,6678,45,0,0,0,0,0,0,0,0,6679,63,0,0,0,0,0,0,0,0
352,2017-04-24,09:02:57,0,SR709,XZCE,6679,6668,6768,552154,37024022640,673262,650356,7052,6508,6780,6763,0,6767,0,0,0,2017-04-24,32577000,6678,45,0,0,0,0,0,0,0,0,6679,43,0,0,0,0,0,0,0,0
353,2017-04-24,09:02:57,0,SR709,XZCE,6679,6668,6768,552178,37025625600,673278,650356,7052,6508,6780,6763,0,6767,0,0,0,2017-04-24,32577000,6678,43,0,0,0,0,0,0,0,0,6679,25,0,0,0,0,0,0,0,0
354,2017-04-24,09:02:58,0,SR709,XZCE,6679,6668,6768,552178,37025625600,673278,650356,7052,6508,6780,6763,0,6767,0,0,0,2017-04-24,32578000,6678,69,0,0,0,0,0,0,0,0,6679,24,0,0,0,0,0,0,0,0
355,2017-04-24,09:02:58,0,SR709,XZCE,6679,6668,6768,552226,37028831520,673324,650356,7052,6508,6780,6763,0,6767,0,0,0,2017-04-24,32578000,6679,66,0,0,0,0,0,0,0,0,6680,108,0,0,0,0,0,0,0,0
356,2017-04-24,09:02:59,0,SR709,XZCE,6679,6668,6768,552228,37028965100,673324,650356,7052,6508,6780,6763,0,6767,0,0,0,2017-04-24,32579000,6679,74,0,0,0,0,0,0,0,0,6680,108,0,0,0,0,0,0,0,0
357,2017-04-24,09:02:59,0,SR709,XZCE,6679,6668,6768,552336,37036178420,673324,650356,7052,6508,6780,6763,0,6767,0,0,0,2017-04-24,32579000,6679,25,0,0,0,0,0,0,0,0,6680,108,0,0,0,0,0,0,0,0
358,2017-04-24,09:03:00,0,SR709,XZCE,6679,6668,6768,552404,37040720140,673336,650356,7052,6508,6780,6763,0,6767,0,0,0,2017-04-24,32580000,6678,46,0,0,0,0,0,0,0,0,6679,4,0,0,0,0,0,0,0,0
359,2017-04-24,09:03:00,0,SR709,XZCE,6678,6668,6768,552422,37041922180,673336,650356,7052,6508,6780,6763,0,6767,0,0,0,2017-04-24,32580000,6678,45,0,0,0,0,0,0,0,0,6679,58,0,0,0,0,0,0,0,0
360,2017-04-24,09:03:01,0,SR709,XZCE,6679,6668,6768,552456,37044193040,673338,650356,7052,6508,6780,6763,0,6767,0,0,0,2017-04-24,32581000,6678,45,0,0,0,0,0,0,0,0,6679,46,0,0,0,0,0,0,0,0
361,2017-04-24,09:03:01,0,SR709,XZCE,6678,6668,6768,552530,37049134760,673338,650356,7052,6508,6780,6763,0,6767,0,0,0,2017-04-24,32581000,6678,38,0,0,0,0,0,0,0,0,6679,48,0,0,0,0,0,0,0,0
362,2017-04-24,09:03:02,0,SR709,XZCE,6678,6668,6768,552532,37049268320,673338,650356,7052,6508,6780,6763,0,6767,0,0,0,2017-04-24,32582000,6678,38,0,0,0,0,0,0,0,0,6679,59,0,0,0,0,0,0,0,0
363,2017-04-24,09:03:03,0,SR709,XZCE,6679,6668,6768,552756,37064229280,673464,650356,7052,6508,6780,6763,0,6767,0,0,0,2017-04-24,32583000,6678,40,0,0,0,0,0,0,0,0,6679,49,0,0,0,0,0,0,0,0
364,2017-04-24,09:03:03,0,SR709,XZCE,6679,6668,6768,552760,37064496440,673468,650356,7052,6508,6780,6763,0,6767,0,0,0,2017-04-24,32583000,6678,46,0,0,0,0,0,0,0,0,6679,47,0,0,0,0,0,0,0,0
365,2017-04-24,09:03:04,0,SR709,XZCE,6678,6668,6768,552828,37069037480,673492,650356,7052,6508,6780,6763,0,6767,0,0,0,2017-04-24,32584000,6678,24,0,0,0,0,0,0,0,0,6679,36,0,0,0,0,0,0,0,0
366,2017-04-24,09:03:05,0,SR709,XZCE,6679,6668,6768,552836,37069571800,673492,650356,7052,6508,6780,6763,0,6767,0,0,0,2017-04-24,32585000,6678,22,0,0,0,0,0,0,0,0,6679,34,0,0,0,0,0,0,0,0
367,2017-04-24,09:03:05,0,SR709,XZCE,6680,6668,6768,553016,37081595800,673536,650356,7052,6508,6780,6763,0,6767,0,0,0,2017-04-24,32585000,6678,23,0,0,0,0,0,0,0,0,6680,66,0,0,0,0,0,0,0,0
368,2017-04-24,09:03:06,0,SR709,XZCE,6679,6668,6768,553036,37082931600,673520,650356,7052,6508,6780,6763,0,6767,0,0,0,2017-04-24,32586000,6679,1,0,0,0,0,0,0,0,0,6680,60,0,0,0,0,0,0,0,0
369,2017-04-24,09:03:06,0,SR709,XZCE,6678,6668,6768,553052,37084000080,673516,650356,7052,6508,6780,6763,0,6767,0,0,0,2017-04-24,32586000,6678,25,0,0,0,0,0,0,0,0,6680,154,0,0,0,0,0,0,0,0
370,2017-04-24,09:03:07,0,SR709,XZCE,6680,6668,6768,553114,37088141680,673516,650356,7052,6508,6780,6763,0,6767,0,0,0,2017-04-24,32587000,6679,16,0,0,0,0,0,0,0,0,6680,123,0,0,0,0,0,0,0,0
371,2017-04-24,09:03:07,0,SR709,XZCE,6679,6668,6768,553126,37088943160,673516,650356,7052,6508,6780,6763,0,6767,0,0,0,2017-04-24,32587000,6679,11,0,0,0,0,0,0,0,0,6680,118,0,0,0,0,0,0,0,0
372,2017-04-24,09:03:08,0,SR709,XZCE,6679,6668,6768,553126,37088943160,673516,650356,7052,6508,6780,6763,0,6767,0,0,0,2017-04-24,32588000,6679,14,0,0,0,0,0,0,0,0,6680,118,0,0,0,0,0,0,0,0
373,2017-04-24,09:03:08,0,SR709,XZCE,6679,6668,6768,553138,37089744640,673518,650356,7052,6508,6780,6763,0,6767,0,0,0,2017-04-24,32588000,6678,52,0,0,0,0,0,0,0,0,6680,112,0,0,0,0,0,0,0,0
374,2017-04-24,09:03:09,0,SR709,XZCE,6679,6668,6768,553158,37091080440,673538,650356,7052,6508,6780,6763,0,6767,0,0,0,2017-04-24,32589000,6678,51,0,0,0,0,0,0,0,0,6680,107,0,0,0,0,0,0,0,0
375,2017-04-24,09:03:09,0,SR709,XZCE,6679,6668,6768,553176,37092282660,673548,650356,7052,6508,6780,6763,0,6767,0,0,0,2017-04-24,32589000,6679,10,0,0,0,0,0,0,0,0,6680,107,0,0,0,0,0,0,0,0
376,2017-04-24,09:03:10,0,SR709,XZCE,6679,6668,6768,553196,37093618460,673564,650356,7052,6508,6780,6763,0,6767,0,0,0,2017-04-24,32590000,6678,49,0,0,0,0,0,0,0,0,6680,106,0,0,0,0,0,0,0,0
377,2017-04-24,09:03:10,0,SR709,XZCE,6680,6668,6768,553240,37096557660,673574,650356,7052,6508,6780,6763,0,6767,0,0,0,2017-04-24,32590000,6678,49,0,0,0,0,0,0,0,0,6680,92,0,0,0,0,0,0,0,0
378,2017-04-24,09:03:11,0,SR709,XZCE,6679,6668,6768,553246,37096958400,673574,650356,7052,6508,6780,6763,0,6767,0,0,0,2017-04-24,32591000,6679,13,0,0,0,0,0,0,0,0,6680,91,0,0,0,0,0,0,0,0
379,2017-04-24,09:03:11,0,SR709,XZCE,6679,6668,6768,553328,37102435180,673620,650356,7052,6508,6780,6763,0,6767,0,0,0,2017-04-24,32591000,6679,41,0,0,0,0,0,0,0,0,6680,81,0,0,0,0,0,0,0,0
380,2017-04-24,09:03:12,0,SR709,XZCE,6680,6668,6768,553372,37105374380,673660,650356,7052,6508,6780,6763,0,6767,0,0,0,2017-04-24,32592000,6679,88,0,0,0,0,0,0,0,0,6680,80,0,0,0,0,0,0,0,0
381,2017-04-24,09:03:12,0,SR709,XZCE,6680,6668,6768,553376,37105641580,673662,650356,7052,6508,6780,6763,0,6767,0,0,0,2017-04-24,32592000,6679,97,0,0,0,0,0,0,0,0,6680,79,0,0,0,0,0,0,0,0
382,2017-04-24,09:03:13,0,SR709,XZCE,6679,6668,6768,553382,37106042320,673664,650356,7052,6508,6780,6763,0,6767,0,0,0,2017-04-24,32593000,6679,103,0,0,0,0,0,0,0,0,6680,78,0,0,0,0,0,0,0,0
383,2017-04-24,09:03:13,0,SR709,XZCE,6680,6668,6768,553384,37106175920,673664,650356,7052,6508,6780,6763,0,6767,0,0,0,2017-04-24,32593000,6679,103,0,0,0,0,0,0,0,0,6680,82,0,0,0,0,0,0,0,0
384,2017-04-24,09:03:14,0,SR709,XZCE,6680,6668,6768,553428,37109115120,673702,650356,7052,6508,6780,6763,0,6767,0,0,0,2017-04-24,32594000,6679,90,0,0,0,0,0,0,0,0,6680,63,0,0,0,0,0,0,0,0
385,2017-04-24,09:03:14,0,SR709,XZCE,6680,6668,6768,553428,37109115120,673702,650356,7052,6508,6780,6763,0,6767,0,0,0,2017-04-24,32594000,6679,91,0,0,0,0,0,0,0,0,6680,63,0,0,0,0,0,0,0,0
386,2017-04-24,09:03:15,0,SR709,XZCE,6680,6668,6768,553502,37114058320,673688,650356,7052,6508,6780,6763,0,6767,0,0,0,2017-04-24,32595000,6679,60,0,0,0,0,0,0,0,0,6680,58,0,0,0,0,0,0,0,0
387,2017-04-24,09:03:15,0,SR709,XZCE,6680,6668,6768,553528,37115795120,673708,650356,7052,6508,6780,6763,0,6767,0,0,0,2017-04-24,32595000,6679,59,0,0,0,0,0,0,0,0,6680,48,0,0,0,0,0,0,0,0
388,2017-04-24,09:03:16,0,SR709,XZCE,6679,6668,6768,553538,37116463020,673710,650356,7052,6508,6780,6763,0,6767,0,0,0,2017-04-24,32596000,6679,57,0,0,0,0,0,0,0,0,6680,47,0,0,0,0,0,0,0,0
389,2017-04-24,09:03:16,0,SR709,XZCE,6679,6668,6768,553540,37116596600,673710,650356,7052,6508,6780,6763,0,6767,0,0,0,2017-04-24,32596000,6679,56,0,0,0,0,0,0,0,0,6680,47,0,0,0,0,0,0,0,0
390,2017-04-24,09:03:17,0,SR709,XZCE,6680,6668,6768,553576,37119001400,673740,650356,7052,6508,6780,6763,0,6767,0,0,0,2017-04-24,32597000,6679,58,0,0,0,0,0,0,0,0,6680,30,0,0,0,0,0,0,0,0
391,2017-04-24,09:03:17,0,SR709,XZCE,6679,6668,6768,553578,37119134980,673740,650356,7052,6508,6780,6763,0,6767,0,0,0,2017-04-24,32597000,6679,58,0,0,0,0,0,0,0,0,6680,39,0,0,0,0,0,0,0,0
392,2017-04-24,09:03:18,0,SR709,XZCE,6680,6668,6768,553612,37121406180,673740,650356,7052,6508,6780,6763,0,6767,0,0,0,2017-04-24,32598000,6679,57,0,0,0,0,0,0,0,0,6680,23,0,0,0,0,0,0,0,0
393,2017-04-24,09:03:19,0,SR709,XZCE,6680,6668,6768,553640,37123276580,673748,650356,7052,6508,6780,6763,0,6767,0,0,0,2017-04-24,32599000,6679,57,0,0,0,0,0,0,0,0,6680,28,0,0,0,0,0,0,0,0
394,2017-04-24,09:03:19,0,SR709,XZCE,6679,6668,6768,553644,37123543740,673748,650356,7052,6508,6780,6763,0,6767,0,0,0,2017-04-24,32599000,6679,56,0,0,0,0,0,0,0,0,6680,28,0,0,0,0,0,0,0,0
395,2017-04-24,09:03:20,0,SR709,XZCE,6680,6668,6768,553706,37127685340,673738,650356,7052,6508,6780,6763,0,6767,0,0,0,2017-04-24,32600000,6680,3,0,0,0,0,0,0,0,0,6681,32,0,0,0,0,0,0,0,0
396,2017-04-24,09:03:20,0,SR709,XZCE,6680,6668,6768,553706,37127685340,673738,650356,7052,6508,6780,6763,0,6767,0,0,0,2017-04-24,32600000,6680,10,0,0,0,0,0,0,0,0,6681,30,0,0,0,0,0,0,0,0
397,2017-04-24,09:03:21,0,SR709,XZCE,6680,6668,6768,553706,37127685340,673738,650356,7052,6508,6780,6763,0,6767,0,0,0,2017-04-24,32601000,6680,46,0,0,0,0,0,0,0,0,6681,28,0,0,0,0,0,0,0,0
398,2017-04-24,09:03:21,0,SR709,XZCE,6681,6668,6768,553762,37131426700,673712,650356,7052,6508,6780,6763,0,6767,0,0,0,2017-04-24,32601000,6681,50,0,0,0,0,0,0,0,0,6682,84,0,0,0,0,0,0,0,0
399,2017-04-24,09:03:22,0,SR709,XZCE,6682,6668,6768,553774,37132228540,673702,650356,7052,6508,6780,6763,0,6767,0,0,0,2017-04-24,32602000,6681,47,0,0,0,0,0,0,0,0,6682,83,0,0,0,0,0,0,0,0
400,2017-04-24,09:03:22,0,SR709,XZCE,6682,6668,6768,553830,37135970460,673698,650356,7052,6508,6780,6763,0,6767,0,0,0,2017-04-24,32602000,6681,25,0,0,0,0,0,0,0,0,6682,80,0,0,0,0,0,0,0,0
401,2017-04-24,09:03:23,0,SR709,XZCE,6682,6668,6768,553860,37137975060,673694,650356,7052,6508,6780,6763,0,6767,0,0,0,2017-04-24,32603000,6681,22,0,0,0,0,0,0,0,0,6682,68,0,0,0,0,0,0,0,0
402,2017-04-24,09:03:23,0,SR709,XZCE,6682,6668,6768,553890,37139979660,673684,650356,7052,6508,6780,6763,0,6767,0,0,0,2017-04-24,32603000,6681,43,0,0,0,0,0,0,0,0,6682,53,0,0,0,0,0,0,0,0
403,2017-04-24,09:03:24,0,SR709,XZCE,6682,6668,6768,553992,37146795300,673634,650356,7052,6508,6780,6763,0,6767,0,0,0,2017-04-24,32604000,6682,81,0,0,0,0,0,0,0,0,6683,66,0,0,0,0,0,0,0,0
404,2017-04-24,09:03:24,0,SR709,XZCE,6682,6668,6768,553992,37146795300,673634,650356,7052,6508,6780,6763,0,6767,0,0,0,2017-04-24,32604000,6682,78,0,0,0,0,0,0,0,0,6683,30,0,0,0,0,0,0,0,0
405,2017-04-24,09:03:25,0,SR709,XZCE,6683,6668,6768,554070,37152008040,673604,650356,7052,6508,6780,6763,0,6767,0,0,0,2017-04-24,32605000,6683,36,0,0,0,0,0,0,0,0,6684,72,0,0,0,0,0,0,0,0
406,2017-04-24,09:03:25,0,SR709,XZCE,6683,6668,6768,554132,37156151500,673580,650356,7052,6508,6780,6763,0,6767,0,0,0,2017-04-24,32605000,6683,17,0,0,0,0,0,0,0,0,6684,74,0,0,0,0,0,0,0,0
407,2017-04-24,09:03:26,0,SR709,XZCE,6684,6668,6768,554136,37156418860,673580,650356,7052,6508,6780,6763,0,6767,0,0,0,2017-04-24,32606000,6683,16,0,0,0,0,0,0,0,0,6684,72,0,0,0,0,0,0,0,0
408,2017-04-24,09:03:26,0,SR709,XZCE,6684,6668,6768,554278,37165910140,673520,650356,7052,6508,6780,6763,0,6767,0,0,0,2017-04-24,32606000,6684,38,0,0,0,0,0,0,0,0,6685,36,0,0,0,0,0,0,0,0
409,2017-04-24,09:03:27,0,SR709,XZCE,6684,6668,6768,554280,37166043820,673522,650356,7052,6508,6780,6763,0,6767,0,0,0,2017-04-24,32607000,6684,42,0,0,0,0,0,0,0,0,6685,38,0,0,0,0,0,0,0,0
410,2017-04-24,09:03:27,0,SR709,XZCE,6685,6668,6768,554358,37171258120,673570,650356,7052,6508,6780,6763,0,6767,0,0,0,2017-04-24,32607000,6685,24,0,0,0,0,0,0,0,0,6686,9,0,0,0,0,0,0,0,0
411,2017-04-24,09:03:28,0,SR709,XZCE,6685,6668,6768,554364,37171659220,673572,650356,7052,6508,6780,6763,0,6767,0,0,0,2017-04-24,32608000,6685,22,0,0,0,0,0,0,0,0,6686,19,0,0,0,0,0,0,0,0
412,2017-04-24,09:03:28,0,SR709,XZCE,6685,6668,6768,554390,37173397320,673558,650356,7052,6508,6780,6763,0,6767,0,0,0,2017-04-24,32608000,6685,34,0,0,0,0,0,0,0,0,6686,11,0,0,0,0,0,0,0,0
413,2017-04-24,09:03:29,0,SR709,XZCE,6685,6668,6768,554458,37177943120,673538,650356,7052,6508,6780,6763,0,6767,0,0,0,2017-04-24,32609000,6685,27,0,0,0,0,0,0,0,0,6687,39,0,0,0,0,0,0,0,0
414,2017-04-24,09:03:29,0,SR709,XZCE,6685,6668,6768,554528,37182622620,673500,650356,7052,6508,6780,6763,0,6767,0,0,0,2017-04-24,32609000,6685,19,0,0,0,0,0,0,0,0,6687,9,0,0,0,0,0,0,0,0
415,2017-04-24,09:03:30,0,SR709,XZCE,6686,6668,6768,554572,37185564460,673506,650356,7052,6508,6780,6763,0,6767,0,0,0,2017-04-24,32610000,6685,13,0,0,0,0,0,0,0,0,6686,8,0,0,0,0,0,0,0,0
416,2017-04-24,09:03:30,0,SR709,XZCE,6686,6668,6768,554586,37186500500,673506,650356,7052,6508,6780,6763,0,6767,0,0,0,2017-04-24,32610000,6685,12,0,0,0,0,0,0,0,0,6686,9,0,0,0,0,0,0,0,0
417,2017-04-24,09:03:31,0,SR709,XZCE,6686,6668,6768,554624,37189041180,673486,650356,7052,6508,6780,6763,0,6767,0,0,0,2017-04-24,32611000,6684,24,0,0,0,0,0,0,0,0,6685,3,0,0,0,0,0,0,0,0
418,2017-04-24,09:03:31,0,SR709,XZCE,6684,6668,6768,554650,37190779020,673484,650356,7052,6508,6780,6763,0,6767,0,0,0,2017-04-24,32611000,6684,18,0,0,0,0,0,0,0,0,6686,13,0,0,0,0,0,0,0,0
419,2017-04-24,09:03:32,0,SR709,XZCE,6686,6668,6768,554654,37191046460,673484,650356,7052,6508,6780,6763,0,6767,0,0,0,2017-04-24,32612000,6684,26,0,0,0,0,0,0,0,0,6686,28,0,0,0,0,0,0,0,0
420,2017-04-24,09:03:32,0,SR709,XZCE,6684,6668,6768,554678,37192650620,673480,650356,7052,6508,6780,6763,0,6767,0,0,0,2017-04-24,32612000,6684,22,0,0,0,0,0,0,0,0,6686,29,0,0,0,0,0,0,0,0
421,2017-04-24,09:03:33,0,SR709,XZCE,6684,6668,6768,554686,37193185340,673484,650356,7052,6508,6780,6763,0,6767,0,0,0,2017-04-24,32613000,6685,1,0,0,0,0,0,0,0,0,6686,28,0,0,0,0,0,0,0,0
422,2017-04-24,09:03:33,0,SR709,XZCE,6686,6668,6768,554702,37194255100,673480,650356,7052,6508,6780,6763,0,6767,0,0,0,2017-04-24,32613000,6684,52,0,0,0,0,0,0,0,0,6686,26,0,0,0,0,0,0,0,0
423,2017-04-24,09:03:34,0,SR709,XZCE,6686,6668,6768,554702,37194255100,673480,650356,7052,6508,6780,6763,0,6767,0,0,0,2017-04-24,32614000,6684,53,0,0,0,0,0,0,0,0,6686,24,0,0,0,0,0,0,0,0
424,2017-04-24,09:03:34,0,SR709,XZCE,6687,6668,6768,554786,37199872180,673456,650356,7052,6508,6780,6763,0,6767,0,0,0,2017-04-24,32614000,6685,1,0,0,0,0,0,0,0,0,6686,1,0,0,0,0,0,0,0,0
425,2017-04-24,09:03:35,0,SR709,XZCE,6686,6668,6768,554834,37203081460,673414,650356,7052,6508,6780,6763,0,6767,0,0,0,2017-04-24,32615000,6685,5,0,0,0,0,0,0,0,0,6686,5,0,0,0,0,0,0,0,0
426,2017-04-24,09:03:35,0,SR709,XZCE,6686,6668,6768,554870,37205488420,673410,650356,7052,6508,6780,6763,0,6767,0,0,0,2017-04-24,32615000,6685,32,0,0,0,0,0,0,0,0,6686,25,0,0,0,0,0,0,0,0
427,2017-04-24,09:03:36,0,SR709,XZCE,6685,6668,6768,554874,37205755820,673408,650356,7052,6508,6780,6763,0,6767,0,0,0,2017-04-24,32616000,6685,20,0,0,0,0,0,0,0,0,6686,17,0,0,0,0,0,0,0,0
428,2017-04-24,09:03:36,0,SR709,XZCE,6686,6668,6768,555148,37224075460,673224,650356,7052,6508,6780,6763,0,6767,0,0,0,2017-04-24,32616000,6684,38,0,0,0,0,0,0,0,0,6686,2,0,0,0,0,0,0,0,0
429,2017-04-24,09:03:37,0,SR709,XZCE,6686,6668,6768,555182,37226348700,673216,650356,7052,6508,6780,6763,0,6767,0,0,0,2017-04-24,32617000,6685,36,0,0,0,0,0,0,0,0,6686,12,0,0,0,0,0,0,0,0
430,2017-04-24,09:03:37,0,SR709,XZCE,6686,6668,6768,555182,37226348700,673216,650356,7052,6508,6780,6763,0,6767,0,0,0,2017-04-24,32617000,6685,33,0,0,0,0,0,0,0,0,6686,15,0,0,0,0,0,0,0,0
431,2017-04-24,09:03:38,0,SR709,XZCE,6686,6668,6768,555184,37226482420,673216,650356,7052,6508,6780,6763,0,6767,0,0,0,2017-04-24,32618000,6685,59,0,0,0,0,0,0,0,0,6686,14,0,0,0,0,0,0,0,0
432,2017-04-24,09:03:38,0,SR709,XZCE,6686,6668,6768,555186,37226616140,673216,650356,7052,6508,6780,6763,0,6767,0,0,0,2017-04-24,32618000,6685,59,0,0,0,0,0,0,0,0,6686,14,0,0,0,0,0,0,0,0
433,2017-04-24,09:03:39,0,SR709,XZCE,6686,6668,6768,555218,37228755660,673236,650356,7052,6508,6780,6763,0,6767,0,0,0,2017-04-24,32619000,6686,13,0,0,0,0,0,0,0,0,6687,47,0,0,0,0,0,0,0,0
434,2017-04-24,09:03:39,0,SR709,XZCE,6686,6668,6768,555274,37232499820,673228,650356,7052,6508,6780,6763,0,6767,0,0,0,2017-04-24,32619000,6685,45,0,0,0,0,0,0,0,0,6686,9,0,0,0,0,0,0,0,0
435,2017-04-24,09:03:40,0,SR709,XZCE,6685,6668,6768,555316,37235307520,673224,650356,7052,6508,6780,6763,0,6767,0,0,0,2017-04-24,32620000,6685,27,0,0,0,0,0,0,0,0,6686,20,0,0,0,0,0,0,0,0
436,2017-04-24,09:03:40,0,SR709,XZCE,6685,6668,6768,555386,37239987020,673248,650356,7052,6508,6780,6763,0,6767,0,0,0,2017-04-24,32620000,6685,12,0,0,0,0,0,0,0,0,6686,30,0,0,0,0,0,0,0,0
437,2017-04-24,09:03:41,0,SR709,XZCE,6686,6668,6768,555428,37242795140,673230,650356,7052,6508,6780,6763,0,6767,0,0,0,2017-04-24,32621000,6684,25,0,0,0,0,0,0,0,0,6686,38,0,0,0,0,0,0,0,0
438,2017-04-24,09:03:41,0,SR709,XZCE,6684,6668,6768,555488,37246805540,673248,650356,7052,6508,6780,6763,0,6767,0,0,0,2017-04-24,32621000,6684,4,0,0,0,0,0,0,0,0,6685,38,0,0,0,0,0,0,0,0
439,2017-04-24,09:03:42,0,SR709,XZCE,6685,6668,6768,555790,37266994240,673118,650356,7052,6508,6780,6763,0,6767,0,0,0,2017-04-24,32622000,6684,29,0,0,0,0,0,0,0,0,6685,4,0,0,0,0,0,0,0,0
440,2017-04-24,09:03:42,0,SR709,XZCE,6684,6668,6768,555822,37269133120,673138,650356,7052,6508,6780,6763,0,6767,0,0,0,2017-04-24,32622000,6685,18,0,0,0,0,0,0,0,0,6686,11,0,0,0,0,0,0,0,0
441,2017-04-24,09:03:43,0,SR709,XZCE,6686,6668,6768,555892,37273813320,673162,650356,7052,6508,6780,6763,0,6767,0,0,0,2017-04-24,32623000,6686,42,0,0,0,0,0,0,0,0,6687,60,0,0,0,0,0,0,0,0
442,2017-04-24,09:03:43,0,SR709,XZCE,6686,6668,6768,555900,37274348200,673168,650356,7052,6508,6780,6763,0,6767,0,0,0,2017-04-24,32623000,6686,44,0,0,0,0,0,0,0,0,6687,56,0,0,0,0,0,0,0,0
443,2017-04-24,09:03:44,0,SR709,XZCE,6686,6668,6768,555976,37279429560,673168,650356,7052,6508,6780,6763,0,6767,0,0,0,2017-04-24,32624000,6686,41,0,0,0,0,0,0,0,0,6687,3,0,0,0,0,0,0,0,0
444,2017-04-24,09:03:44,0,SR709,XZCE,6686,6668,6768,556002,37281167920,673192,650356,7052,6508,6780,6763,0,6767,0,0,0,2017-04-24,32624000,6686,29,0,0,0,0,0,0,0,0,6687,2,0,0,0,0,0,0,0,0
445,2017-04-24,09:03:45,0,SR709,XZCE,6687,6668,6768,556084,37286651260,673162,650356,7052,6508,6780,6763,0,6767,0,0,0,2017-04-24,32625000,6687,27,0,0,0,0,0,0,0,0,6688,139,0,0,0,0,0,0,0,0
446,2017-04-24,09:03:45,0,SR709,XZCE,6688,6668,6768,556114,37288657660,673150,650356,7052,6508,6780,6763,0,6767,0,0,0,2017-04-24,32625000,6687,47,0,0,0,0,0,0,0,0,6688,159,0,0,0,0,0,0,0,0
447,2017-04-24,09:03:46,0,SR709,XZCE,6687,6668,6768,556150,37291064980,673140,650356,7052,6508,6780,6763,0,6767,0,0,0,2017-04-24,32626000,6687,42,0,0,0,0,0,0,0,0,6688,123,0,0,0,0,0,0,0,0
448,2017-04-24,09:03:46,0,SR709,XZCE,6687,6668,6768,556196,37294141000,673130,650356,7052,6508,6780,6763,0,6767,0,0,0,2017-04-24,32626000,6687,26,0,0,0,0,0,0,0,0,6688,110,0,0,0,0,0,0,0,0
449,2017-04-24,09:03:47,0,SR709,XZCE,6687,6668,6768,556198,37294274740,673130,650356,7052,6508,6780,6763,0,6767,0,0,0,2017-04-24,32627000,6687,39,0,0,0,0,0,0,0,0,6688,110,0,0,0,0,0,0,0,0
450,2017-04-24,09:03:47,0,SR709,XZCE,6688,6668,6768,556220,37295746100,673138,650356,7052,6508,6780,6763,0,6767,0,0,0,2017-04-24,32627000,6687,40,0,0,0,0,0,0,0,0,6688,99,0,0,0,0,0,0,0,0
451,2017-04-24,09:03:48,0,SR709,XZCE,6687,6668,6768,556244,37297350980,673158,650356,7052,6508,6780,6763,0,6767,0,0,0,2017-04-24,32628000,6687,28,0,0,0,0,0,0,0,0,6688,103,0,0,0,0,0,0,0,0
452,2017-04-24,09:03:48,0,SR709,XZCE,6688,6668,6768,556304,37301363780,673164,650356,7052,6508,6780,6763,0,6767,0,0,0,2017-04-24,32628000,6687,23,0,0,0,0,0,0,0,0,6688,78,0,0,0,0,0,0,0,0
453,2017-04-24,09:03:49,0,SR709,XZCE,6687,6668,6768,556310,37301765000,673168,650356,7052,6508,6780,6763,0,6767,0,0,0,2017-04-24,32629000,6687,21,0,0,0,0,0,0,0,0,6688,77,0,0,0,0,0,0,0,0
454,2017-04-24,09:03:50,0,SR709,XZCE,6688,6668,6768,556338,37303637640,673172,650356,7052,6508,6780,6763,0,6767,0,0,0,2017-04-24,32630000,6687,21,0,0,0,0,0,0,0,0,6688,91,0,0,0,0,0,0,0,0
455,2017-04-24,09:03:50,0,SR709,XZCE,6688,6668,6768,556494,37314070920,673204,650356,7052,6508,6780,6763,0,6767,0,0,0,2017-04-24,32630000,6687,9,0,0,0,0,0,0,0,0,6688,25,0,0,0,0,0,0,0,0
456,2017-04-24,09:03:50,0,SR709,XZCE,6688,6668,6768,556504,37314739720,673198,650356,7052,6508,6780,6763,0,6767,0,0,0,2017-04-24,32630000,6687,17,0,0,0,0,0,0,0,0,6688,29,0,0,0,0,0,0,0,0
457,2017-04-24,09:03:51,0,SR709,XZCE,6687,6668,6768,556508,37315007200,673196,650356,7052,6508,6780,6763,0,6767,0,0,0,2017-04-24,32631000,6687,15,0,0,0,0,0,0,0,0,6688,52,0,0,0,0,0,0,0,0
458,2017-04-24,09:03:51,0,SR709,XZCE,6688,6668,6768,556512,37315274720,673192,650356,7052,6508,6780,6763,0,6767,0,0,0,2017-04-24,32631000,6687,17,0,0,0,0,0,0,0,0,6688,51,0,0,0,0,0,0,0,0
459,2017-04-24,09:03:52,0,SR709,XZCE,6688,6668,6768,556600,37321160160,673112,650356,7052,6508,6780,6763,0,6767,0,0,0,2017-04-24,32632000,6687,21,0,0,0,0,0,0,0,0,6688,7,0,0,0,0,0,0,0,0
460,2017-04-24,09:03:52,0,SR709,XZCE,6687,6668,6768,556612,37321962600,673102,650356,7052,6508,6780,6763,0,6767,0,0,0,2017-04-24,32632000,6687,16,0,0,0,0,0,0,0,0,6688,8,0,0,0,0,0,0,0,0
461,2017-04-24,09:03:53,0,SR709,XZCE,6688,6668,6768,556630,37323166440,673100,650356,7052,6508,6780,6763,0,6767,0,0,0,2017-04-24,32633000,6688,84,0,0,0,0,0,0,0,0,6689,52,0,0,0,0,0,0,0,0
462,2017-04-24,09:03:53,0,SR709,XZCE,6688,6668,6768,556776,37332930920,673166,650356,7052,6508,6780,6763,0,6767,0,0,0,2017-04-24,32633000,6688,11,0,0,0,0,0,0,0,0,6689,55,0,0,0,0,0,0,0,0
463,2017-04-24,09:03:54,0,SR709,XZCE,6688,6668,6768,556880,37339886440,673132,650356,7052,6508,6780,6763,0,6767,0,0,0,2017-04-24,32634000,6688,4,0,0,0,0,0,0,0,0,6689,57,0,0,0,0,0,0,0,0
464,2017-04-24,09:03:54,0,SR709,XZCE,6689,6668,6768,556898,37341090460,673126,650356,7052,6508,6780,6763,0,6767,0,0,0,2017-04-24,32634000,6688,5,0,0,0,0,0,0,0,0,6689,56,0,0,0,0,0,0,0,0
465,2017-04-24,09:03:55,0,SR709,XZCE,6688,6668,6768,556910,37341893020,673128,650356,7052,6508,6780,6763,0,6767,0,0,0,2017-04-24,32635000,6688,4,0,0,0,0,0,0,0,0,6689,53,0,0,0,0,0,0,0,0
466,2017-04-24,09:03:55,0,SR709,XZCE,6689,6668,6768,556918,37342428140,673128,650356,7052,6508,6780,6763,0,6767,0,0,0,2017-04-24,32635000,6688,9,0,0,0,0,0,0,0,0,6689,49,0,0,0,0,0,0,0,0
467,2017-04-24,09:03:56,0,SR709,XZCE,6689,6668,6768,556920,37342561920,673130,650356,7052,6508,6780,6763,0,6767,0,0,0,2017-04-24,32636000,6688,11,0,0,0,0,0,0,0,0,6689,53,0,0,0,0,0,0,0,0
468,2017-04-24,09:03:56,0,SR709,XZCE,6689,6668,6768,557032,37350053600,673090,650356,7052,6508,6780,6763,0,6767,0,0,0,2017-04-24,32636000,6689,74,0,0,0,0,0,0,0,0,6690,133,0,0,0,0,0,0,0,0
469,2017-04-24,09:03:57,0,SR709,XZCE,6690,6668,6768,557300,37367982800,673006,650356,7052,6508,6780,6763,0,6767,0,0,0,2017-04-24,32637000,6690,1,0,0,0,0,0,0,0,0,6691,36,0,0,0,0,0,0,0,0
470,2017-04-24,09:03:57,0,SR709,XZCE,6690,6668,6768,557362,37372130600,672984,650356,7052,6508,6780,6763,0,6767,0,0,0,2017-04-24,32637000,6690,9,0,0,0,0,0,0,0,0,6691,10,0,0,0,0,0,0,0,0
471,2017-04-24,09:03:58,0,SR709,XZCE,6692,6668,6768,557468,37379224120,672944,650356,7052,6508,6780,6763,0,6767,0,0,0,2017-04-24,32638000,6691,5,0,0,0,0,0,0,0,0,6692,37,0,0,0,0,0,0,0,0
472,2017-04-24,09:03:58,0,SR709,XZCE,6692,6668,6768,557602,37388191400,672892,650356,7052,6508,6780,6763,0,6767,0,0,0,2017-04-24,32638000,6692,16,0,0,0,0,0,0,0,0,6693,14,0,0,0,0,0,0,0,0
473,2017-04-24,09:03:59,0,SR709,XZCE,6692,6668,6768,557632,37390199000,672880,650356,7052,6508,6780,6763,0,6767,0,0,0,2017-04-24,32639000,6692,11,0,0,0,0,0,0,0,0,6693,11,0,0,0,0,0,0,0,0
474,2017-04-24,09:03:59,0,SR709,XZCE,6693,6668,6768,557650,37391403740,672866,650356,7052,6508,6780,6763,0,6767,0,0,0,2017-04-24,32639000,6692,9,0,0,0,0,0,0,0,0,6693,10,0,0,0,0,0,0,0,0
475,2017-04-24,09:04:00,0,SR709,XZCE,6692,6668,6768,557688,37393946700,672844,650356,7052,6508,6780,6763,0,6767,0,0,0,2017-04-24,32640000,6691,11,0,0,0,0,0,0,0,0,6692,2,0,0,0,0,0,0,0,0
476,2017-04-24,09:04:01,0,SR709,XZCE,6692,6668,6768,557716,37395820460,672826,650356,7052,6508,6780,6763,0,6767,0,0,0,2017-04-24,32641000,6690,23,0,0,0,0,0,0,0,0,6692,23,0,0,0,0,0,0,0,0
477,2017-04-24,09:04:01,0,SR709,XZCE,6691,6668,6768,557718,37395954280,672824,650356,7052,6508,6780,6763,0,6767,0,0,0,2017-04-24,32641000,6690,15,0,0,0,0,0,0,0,0,6691,45,0,0,0,0,0,0,0,0
478,2017-04-24,09:04:02,0,SR709,XZCE,6690,6668,6768,557762,37398897880,672794,650356,7052,6508,6780,6763,0,6767,0,0,0,2017-04-24,32642000,6689,75,0,0,0,0,0,0,0,0,6690,43,0,0,0,0,0,0,0,0
479,2017-04-24,09:04:02,0,SR709,XZCE,6691,6668,6768,557958,37412012240,672684,650356,7052,6508,6780,6763,0,6767,0,0,0,2017-04-24,32642000,6689,66,0,0,0,0,0,0,0,0,6690,1,0,0,0,0,0,0,0,0
480,2017-04-24,09:04:02,0,SR709,XZCE,6689,6668,6768,557960,37412146020,672682,650356,7052,6508,6780,6763,0,6767,0,0,0,2017-04-24,32642000,6689,65,0,0,0,0,0,0,0,0,6690,6,0,0,0,0,0,0,0,0
481,2017-04-24,09:04:03,0,SR709,XZCE,6689,6668,6768,558026,37416560760,672648,650356,7052,6508,6780,6763,0,6767,0,0,0,2017-04-24,32643000,6689,64,0,0,0,0,0,0,0,0,6690,1,0,0,0,0,0,0,0,0
482,2017-04-24,09:04:03,0,SR709,XZCE,6689,6668,6768,558044,37417764780,672642,650356,7052,6508,6780,6763,0,6767,0,0,0,2017-04-24,32643000,6689,58,0,0,0,0,0,0,0,0,6691,32,0,0,0,0,0,0,0,0
483,2017-04-24,09:04:04,0,SR709,XZCE,6689,6668,6768,558052,37418299900,672638,650356,7052,6508,6780,6763,0,6767,0,0,0,2017-04-24,32644000,6689,55,0,0,0,0,0,0,0,0,6691,32,0,0,0,0,0,0,0,0
484,2017-04-24,09:04:05,0,SR709,XZCE,6690,6668,6768,558084,37420440700,672610,650356,7052,6508,6780,6763,0,6767,0,0,0,2017-04-24,32645000,6689,55,0,0,0,0,0,0,0,0,6690,1,0,0,0,0,0,0,0,0
485,2017-04-24,09:04:05,0,SR709,XZCE,6689,6668,6768,558128,37423383860,672610,650356,7052,6508,6780,6763,0,6767,0,0,0,2017-04-24,32645000,6689,20,0,0,0,0,0,0,0,0,6690,2,0,0,0,0,0,0,0,0
486,2017-04-24,09:04:06,0,SR709,XZCE,6689,6668,6768,558140,37424186540,672606,650356,7052,6508,6780,6763,0,6767,0,0,0,2017-04-24,32646000,6689,24,0,0,0,0,0,0,0,0,6690,9,0,0,0,0,0,0,0,0
487,2017-04-24,09:04:06,0,SR709,XZCE,6690,6668,6768,558152,37424989340,672596,650356,7052,6508,6780,6763,0,6767,0,0,0,2017-04-24,32646000,6689,25,0,0,0,0,0,0,0,0,6690,29,0,0,0,0,0,0,0,0
488,2017-04-24,09:04:07,0,SR709,XZCE,6690,6668,6768,558172,37426327340,672596,650356,7052,6508,6780,6763,0,6767,0,0,0,2017-04-24,32647000,6689,16,0,0,0,0,0,0,0,0,6690,35,0,0,0,0,0,0,0,0
489,2017-04-24,09:04:07,0,SR709,XZCE,6689,6668,6768,558232,37430340740,672568,650356,7052,6508,6780,6763,0,6767,0,0,0,2017-04-24,32647000,6688,29,0,0,0,0,0,0,0,0,6689,59,0,0,0,0,0,0,0,0
490,2017-04-24,09:04:07,0,SR709,XZCE,6689,6668,6768,558240,37430875860,672560,650356,7052,6508,6780,6763,0,6767,0,0,0,2017-04-24,32647000,6688,27,0,0,0,0,0,0,0,0,6689,57,0,0,0,0,0,0,0,0
491,2017-04-24,09:04:08,0,SR709,XZCE,6688,6668,6768,558292,37434353620,672522,650356,7052,6508,6780,6763,0,6767,0,0,0,2017-04-24,32648000,6688,41,0,0,0,0,0,0,0,0,6689,34,0,0,0,0,0,0,0,0
492,2017-04-24,09:04:09,0,SR709,XZCE,6689,6668,6768,558298,37434754960,672526,650356,7052,6508,6780,6763,0,6767,0,0,0,2017-04-24,32649000,6688,41,0,0,0,0,0,0,0,0,6689,32,0,0,0,0,0,0,0,0
493,2017-04-24,09:04:09,0,SR709,XZCE,6688,6668,6768,558326,37436627600,672520,650356,7052,6508,6780,6763,0,6767,0,0,0,2017-04-24,32649000,6688,40,0,0,0,0,0,0,0,0,6689,35,0,0,0,0,0,0,0,0
494,2017-04-24,09:04:10,0,SR709,XZCE,6689,6668,6768,558448,37444788180,672520,650356,7052,6508,6780,6763,0,6767,0,0,0,2017-04-24,32650000,6689,34,0,0,0,0,0,0,0,0,6690,32,0,0,0,0,0,0,0,0
495,2017-04-24,09:04:10,0,SR709,XZCE,6689,6668,6768,558460,37445590860,672530,650356,7052,6508,6780,6763,0,6767,0,0,0,2017-04-24,32650000,6689,45,0,0,0,0,0,0,0,0,6690,27,0,0,0,0,0,0,0,0
496,2017-04-24,09:04:11,0,SR709,XZCE,6690,6668,6768,558522,37449738660,672584,650356,7052,6508,6780,6763,0,6767,0,0,0,2017-04-24,32651000,6690,19,0,0,0,0,0,0,0,0,6691,27,0,0,0,0,0,0,0,0
497,2017-04-24,09:04:11,0,SR709,XZCE,6690,6668,6768,558530,37450273860,672582,650356,7052,6508,6780,6763,0,6767,0,0,0,2017-04-24,32651000,6690,9,0,0,0,0,0,0,0,0,6691,25,0,0,0,0,0,0,0,0
498,2017-04-24,09:04:12,0,SR709,XZCE,6690,6668,6768,558546,37451344260,672582,650356,7052,6508,6780,6763,0,6767,0,0,0,2017-04-24,32652000,6690,3,0,0,0,0,0,0,0,0,6691,30,0,0,0,0,0,0,0,0
499,2017-04-24,09:04:12,0,SR709,XZCE,6690,6668,6768,558626,37456696260,672620,650356,7052,6508,6780,6763,0,6767,0,0,0,2017-04-24,32652000,6689,36,0,0,0,0,0,0,0,0,6690,12,0,0,0,0,0,0,0,0
500,2017-04-24,09:04:12,0,SR709,XZCE,6690,6668,6768,558634,37457231460,672624,650356,7052,6508,6780,6763,0,6767,0,0,0,2017-04-24,32652000,6689,35,0,0,0,0,0,0,0,0,6690,10,0,0,0,0,0,0,0,0
501,2017-04-24,09:04:13,0,SR709,XZCE,6689,6668,6768,558652,37458435480,672624,650356,7052,6508,6780,6763,0,6767,0,0,0,2017-04-24,32653000,6689,35,0,0,0,0,0,0,0,0,6690,1,0,0,0,0,0,0,0,0
502,2017-04-24,09:04:13,0,SR709,XZCE,6689,6668,6768,558658,37458836820,672624,650356,7052,6508,6780,6763,0,6767,0,0,0,2017-04-24,32653000,6689,38,0,0,0,0,0,0,0,0,6690,2,0,0,0,0,0,0,0,0
503,2017-04-24,09:04:14,0,SR709,XZCE,6689,6668,6768,558670,37459639500,672622,650356,7052,6508,6780,6763,0,6767,0,0,0,2017-04-24,32654000,6689,35,0,0,0,0,0,0,0,0,6690,9,0,0,0,0,0,0,0,0
504,2017-04-24,09:04:14,0,SR709,XZCE,6689,6668,6768,559056,37485459040,672656,650356,7052,6508,6780,6763,0,6767,0,0,0,2017-04-24,32654000,6689,39,0,0,0,0,0,0,0,0,6690,63,0,0,0,0,0,0,0,0
505,2017-04-24,09:04:15,0,SR709,XZCE,6688,6668,6768,559238,37497631200,672670,650356,7052,6508,6780,6763,0,6767,0,0,0,2017-04-24,32655000,6687,30,0,0,0,0,0,0,0,0,6689,44,0,0,0,0,0,0,0,0
506,2017-04-24,09:04:16,0,SR709,XZCE,6688,6668,6768,559238,37497631200,672670,650356,7052,6508,6780,6763,0,6767,0,0,0,2017-04-24,32656000,6687,30,0,0,0,0,0,0,0,0,6689,50,0,0,0,0,0,0,0,0
507,2017-04-24,09:04:17,0,SR709,XZCE,6688,6668,6768,559238,37497631200,672670,650356,7052,6508,6780,6763,0,6767,0,0,0,2017-04-24,32657000,6687,39,0,0,0,0,0,0,0,0,6689,40,0,0,0,0,0,0,0,0
508,2017-04-24,09:04:17,0,SR709,XZCE,6688,6668,6768,559250,37498433760,672664,650356,7052,6508,6780,6763,0,6767,0,0,0,2017-04-24,32657000,6688,3,0,0,0,0,0,0,0,0,6689,37,0,0,0,0,0,0,0,0
509,2017-04-24,09:04:18,0,SR709,XZCE,6688,6668,6768,559338,37504319200,672656,650356,7052,6508,6780,6763,0,6767,0,0,0,2017-04-24,32658000,6687,33,0,0,0,0,0,0,0,0,6688,6,0,0,0,0,0,0,0,0
510,2017-04-24,09:04:18,0,SR709,XZCE,6689,6668,6768,559358,37505657000,672642,650356,7052,6508,6780,6763,0,6767,0,0,0,2017-04-24,32658000,6687,32,0,0,0,0,0,0,0,0,6689,39,0,0,0,0,0,0,0,0
511,2017-04-24,09:04:19,0,SR709,XZCE,6689,6668,6768,559360,37505790780,672642,650356,7052,6508,6780,6763,0,6767,0,0,0,2017-04-24,32659000,6687,32,0,0,0,0,0,0,0,0,6689,39,0,0,0,0,0,0,0,0
512,2017-04-24,09:04:19,0,SR709,XZCE,6689,6668,6768,559360,37505790780,672642,650356,7052,6508,6780,6763,0,6767,0,0,0,2017-04-24,32659000,6687,34,0,0,0,0,0,0,0,0,6689,37,0,0,0,0,0,0,0,0
513,2017-04-24,09:04:19,0,SR709,XZCE,6689,6668,6768,559360,37505790780,672642,650356,7052,6508,6780,6763,0,6767,0,0,0,2017-04-24,32659000,6687,39,0,0,0,0,0,0,0,0,6689,37,0,0,0,0,0,0,0,0
514,2017-04-24,09:04:20,0,SR709,XZCE,6688,6668,6768,559366,37506192060,672644,650356,7052,6508,6780,6763,0,6767,0,0,0,2017-04-24,32660000,6687,45,0,0,0,0,0,0,0,0,6689,37,0,0,0,0,0,0,0,0
515,2017-04-24,09:04:21,0,SR709,XZCE,6689,6668,6768,559374,37506727180,672652,650356,7052,6508,6780,6763,0,6767,0,0,0,2017-04-24,32661000,6687,45,0,0,0,0,0,0,0,0,6689,33,0,0,0,0,0,0,0,0
516,2017-04-24,09:04:21,0,SR709,XZCE,6688,6668,6768,559378,37506994700,672652,650356,7052,6508,6780,6763,0,6767,0,0,0,2017-04-24,32661000,6688,23,0,0,0,0,0,0,0,0,6689,37,0,0,0,0,0,0,0,0
517,2017-04-24,09:04:22,0,SR709,XZCE,6688,6668,6768,559384,37507395980,672650,650356,7052,6508,6780,6763,0,6767,0,0,0,2017-04-24,32662000,6688,20,0,0,0,0,0,0,0,0,6689,36,0,0,0,0,0,0,0,0
518,2017-04-24,09:04:22,0,SR709,XZCE,6688,6668,6768,559384,37507395980,672650,650356,7052,6508,6780,6763,0,6767,0,0,0,2017-04-24,32662000,6688,23,0,0,0,0,0,0,0,0,6689,36,0,0,0,0,0,0,0,0
519,2017-04-24,09:04:22,0,SR709,XZCE,6688,6668,6768,559386,37507529740,672650,650356,7052,6508,6780,6763,0,6767,0,0,0,2017-04-24,32662000,6688,25,0,0,0,0,0,0,0,0,6689,36,0,0,0,0,0,0,0,0
520,2017-04-24,09:04:23,0,SR709,XZCE,6688,6668,6768,559388,37507663500,672650,650356,7052,6508,6780,6763,0,6767,0,0,0,2017-04-24,32663000,6688,7,0,0,0,0,0,0,0,0,6689,36,0,0,0,0,0,0,0,0
521,2017-04-24,09:04:23,0,SR709,XZCE,6688,6668,6768,559428,37510338700,672612,650356,7052,6508,6780,6763,0,6767,0,0,0,2017-04-24,32663000,6687,32,0,0,0,0,0,0,0,0,6688,129,0,0,0,0,0,0,0,0
522,2017-04-24,09:04:24,0,SR709,XZCE,6687,6668,6768,559502,37515287080,672634,650356,7052,6508,6780,6763,0,6767,0,0,0,2017-04-24,32664000,6686,42,0,0,0,0,0,0,0,0,6687,25,0,0,0,0,0,0,0,0
523,2017-04-24,09:04:25,0,SR709,XZCE,6687,6668,6768,559506,37515554560,672634,650356,7052,6508,6780,6763,0,6767,0,0,0,2017-04-24,32665000,6686,42,0,0,0,0,0,0,0,0,6687,25,0,0,0,0,0,0,0,0
524,2017-04-24,09:04:25,0,SR709,XZCE,6687,6668,6768,559568,37519700500,672610,650356,7052,6508,6780,6763,0,6767,0,0,0,2017-04-24,32665000,6686,43,0,0,0,0,0,0,0,0,6687,5,0,0,0,0,0,0,0,0
525,2017-04-24,09:04:25,0,SR709,XZCE,6687,6668,6768,559568,37519700500,672610,650356,7052,6508,6780,6763,0,6767,0,0,0,2017-04-24,32665000,6686,51,0,0,0,0,0,0,0,0,6687,5,0,0,0,0,0,0,0,0
526,2017-04-24,09:04:26,0,SR709,XZCE,6687,6668,6768,559576,37520235460,672612,650356,7052,6508,6780,6763,0,6767,0,0,0,2017-04-24,32666000,6686,51,0,0,0,0,0,0,0,0,6687,1,0,0,0,0,0,0,0,0
527,2017-04-24,09:04:27,0,SR709,XZCE,6688,6668,6768,559580,37520502980,672610,650356,7052,6508,6780,6763,0,6767,0,0,0,2017-04-24,32667000,6687,6,0,0,0,0,0,0,0,0,6688,130,0,0,0,0,0,0,0,0
528,2017-04-24,09:04:27,0,SR709,XZCE,6688,6668,6768,559580,37520502980,672610,650356,7052,6508,6780,6763,0,6767,0,0,0,2017-04-24,32667000,6687,8,0,0,0,0,0,0,0,0,6688,130,0,0,0,0,0,0,0,0
529,2017-04-24,09:04:28,0,SR709,XZCE,6688,6668,6768,559582,37520636740,672608,650356,7052,6508,6780,6763,0,6767,0,0,0,2017-04-24,32668000,6687,14,0,0,0,0,0,0,0,0,6688,129,0,0,0,0,0,0,0,0
530,2017-04-24,09:04:28,0,SR709,XZCE,6688,6668,6768,559590,37521171780,672608,650356,7052,6508,6780,6763,0,6767,0,0,0,2017-04-24,32668000,6687,13,0,0,0,0,0,0,0,0,6688,123,0,0,0,0,0,0,0,0
531,2017-04-24,09:04:29,0,SR709,XZCE,6688,6668,6768,559590,37521171780,672608,650356,7052,6508,6780,6763,0,6767,0,0,0,2017-04-24,32669000,6687,14,0,0,0,0,0,0,0,0,6688,123,0,0,0,0,0,0,0,0
532,2017-04-24,09:04:29,0,SR709,XZCE,6687,6668,6768,559592,37521305520,672608,650356,7052,6508,6780,6763,0,6767,0,0,0,2017-04-24,32669000,6687,14,0,0,0,0,0,0,0,0,6688,123,0,0,0,0,0,0,0,0
533,2017-04-24,09:04:30,0,SR709,XZCE,6686,6668,6768,559684,37527456640,672594,650356,7052,6508,6780,6763,0,6767,0,0,0,2017-04-24,32670000,6686,66,0,0,0,0,0,0,0,0,6687,93,0,0,0,0,0,0,0,0
534,2017-04-24,09:04:30,0,SR709,XZCE,6686,6668,6768,559686,37527590360,672594,650356,7052,6508,6780,6763,0,6767,0,0,0,2017-04-24,32670000,6686,70,0,0,0,0,0,0,0,0,6687,94,0,0,0,0,0,0,0,0
