,dataDate,dataTime,dataMillisec,instrumentID,exchangeCD,lastPrice,lowPrice,highPrice,volume,value,openInterest,preOpenInterest,upperLimitPrice,lowerLimitPrice,preSettlementPrice,prevClosePrice,settlementPrice,openPrice,closePrice,preDelta,currDelta,clearingDay,milliSecOffset,bidPrice1,bidVolume1,bidPrice2,bidVolume2,bidPrice3,bidVolume3,bidPrice4,bidVolume4,bidPrice5,bidVolume5,askPrice1,askVolume1,askPrice2,askVolume2,askPrice3,askVolume3,askPrice4,askVolume4,askPrice5,askVolume5
0,2017-04-24,09:00:00,0,TA709,XZCE,4990,4976,5026,368636,9213167300,1885946,1868158,5270,4766,5018,5010,0,5012,0,0,0,2017-04-24,32400000,4990,1,0,0,0,0,0,0,0,0,4992,261,0,0,0,0,0,0,0,0
1,2017-04-24,09:00:00,0,TA709,XZCE,4992,4976,5026,369188,9226945220,1885882,1868158,5270,4766,5018,5010,0,5012,0,0,0,2017-04-24,32400000,4992,1050,0,0,0,0,0,0,0,0,4994,34,0,0,0,0,0,0,0,0
2,2017-04-24,09:00:01,0,TA709,XZCE,4994,4976,5026,369532,9235534900,1885926,1868158,5270,4766,5018,5010,0,5012,0,0,0,2017-04-24,32401000,4992,889,0,0,0,0,0,0,0,0,4994,57,0,0,0,0,0,0,0,0
3,2017-04-24,09:00:01,0,TA709,XZCE,4994,4976,5026,370208,9252414620,1886350,1868158,5270,4766,5018,5010,0,5012,0,0,0,2017-04-24,32401000,4994,3,0,0,0,0,0,0,0,0,4996,453,0,0,0,0,0,0,0,0
4,2017-04-24,09:00:02,0,TA709,XZCE,4994,4976,5026,370486,9259356280,1886216,1868158,5270,4766,5018,5010,0,5012,0,0,0,2017-04-24,32402000,4992,38,0,0,0,0,0,0,0,0,4994,4,0,0,0,0,0,0,0,0
5,2017-04-24,09:00:02,0,TA709,XZCE,4990,4976,5026,370690,9264446080,1886290,1868158,5270,4766,5018,5010,0,5012,0,0,0,2017-04-24,32402000,4990,350,0,0,0,0,0,0,0,0,4992,1,0,0,0,0,0,0,0,0
6,2017-04-24,09:00:03,0,TA709,XZCE,4992,4976,5026,370736,9265594240,1886270,1868158,5270,4766,5018,5010,0,5012,0,0,0,2017-04-24,32403000,4992,1,0,0,0,0,0,0,0,0,4994,30,0,0,0,0,0,0,0,0
7,2017-04-24,09:00:03,0,TA709,XZCE,4992,4976,5026,370966,9271335040,1886260,1868158,5270,4766,5018,5010,0,5012,0,0,0,2017-04-24,32403000,4990,350,0,0,0,0,0,0,0,0,4994,144,0,0,0,0,0,0,0,0
8,2017-04-24,09:00:04,0,TA709,XZCE,4994,4976,5026,371050,9273432520,1886266,1868158,5270,4766,5018,5010,0,5012,0,0,0,2017-04-24,32404000,4992,1,0,0,0,0,0,0,0,0,4994,122,0,0,0,0,0,0,0,0
9,2017-04-24,09:00:04,0,TA709,XZCE,4994,4976,5026,371270,9278925920,1886432,1868158,5270,4766,5018,5010,0,5012,0,0,0,2017-04-24,32404000,4992,17,0,0,0,0,0,0,0,0,4994,4,0,0,0,0,0,0,0,0
10,2017-04-24,09:00:05,0,TA709,XZCE,4994,4976,5026,371286,9279325440,1886440,1868158,5270,4766,5018,5010,0,5012,0,0,0,2017-04-24,32405000,4994,4,0,0,0,0,0,0,0,0,4996,360,0,0,0,0,0,0,0,0
11,2017-04-24,09:00:05,0,TA709,XZCE,4992,4976,5026,371372,9281472000,1886478,1868158,5270,4766,5018,5010,0,5012,0,0,0,2017-04-24,32405000,4990,361,0,0,0,0,0,0,0,0,4992,56,0,0,0,0,0,0,0,0
12,2017-04-24,09:00:06,0,TA709,XZCE,4992,4976,5026,371402,9282220800,1886474,1868158,5270,4766,5018,5010,0,5012,0,0,0,2017-04-24,32406000,4990,357,0,0,0,0,0,0,0,0,4992,43,0,0,0,0,0,0,0,0
13,2017-04-24,09:00:06,0,TA709,XZCE,4992,4976,5026,371422,9282720000,1886472,1868158,5270,4766,5018,5010,0,5012,0,0,0,2017-04-24,32406000,4990,331,0,0,0,0,0,0,0,0,4992,88,0,0,0,0,0,0,0,0
14,2017-04-24,09:00:07,0,TA709,XZCE,4992,4976,5026,371582,9286713600,1886530,1868158,5270,4766,5018,5010,0,5012,0,0,0,2017-04-24,32407000,4990,307,0,0,0,0,0,0,0,0,4992,29,0,0,0,0,0,0,0,0
15,2017-04-24,09:00:07,0,TA709,XZCE,4994,4976,5026,371716,9290059580,1886594,1868158,5270,4766,5018,5010,0,5012,0,0,0,2017-04-24,32407000,4992,3,0,0,0,0,0,0,0,0,4994,268,0,0,0,0,0,0,0,0
16,2017-04-24,09:00:08,0,TA709,XZCE,4992,4976,5026,371720,9290159420,1886592,1868158,5270,4766,5018,5010,0,5012,0,0,0,2017-04-24,32408000,4992,88,0,0,0,0,0,0,0,0,4994,248,0,0,0,0,0,0,0,0
17,2017-04-24,09:00:08,0,TA709,XZCE,4992,4976,5026,371724,9290259260,1886590,1868158,5270,4766,5018,5010,0,5012,0,0,0,2017-04-24,32408000,4992,95,0,0,0,0,0,0,0,0,4994,249,0,0,0,0,0,0,0,0
18,2017-04-24,09:00:09,0,TA709,XZCE,4994,4976,5026,371754,9291008360,1886594,1868158,5270,4766,5018,5010,0,5012,0,0,0,2017-04-24,32409000,4992,96,0,0,0,0,0,0,0,0,4994,270,0,0,0,0,0,0,0,0
19,2017-04-24,09:00:09,0,TA709,XZCE,4994,4976,5026,371784,9291757460,1886572,1868158,5270,4766,5018,5010,0,5012,0,0,0,2017-04-24,32409000,4992,93,0,0,0,0,0,0,0,0,4994,258,0,0,0,0,0,0,0,0
20,2017-04-24,09:00:10,0,TA709,XZCE,4994,4976,5026,371880,9294154580,1886532,1868158,5270,4766,5018,5010,0,5012,0,0,0,2017-04-24,32410000,4992,100,0,0,0,0,0,0,0,0,4994,217,0,0,0,0,0,0,0,0
21,2017-04-24,09:00:10,0,TA709,XZCE,4994,4976,5026,371914,9295003560,1886512,1868158,5270,4766,5018,5010,0,5012,0,0,0,2017-04-24,32410000,4992,99,0,0,0,0,0,0,0,0,4994,209,0,0,0,0,0,0,0,0
22,2017-04-24,09:00:11,0,TA709,XZCE,4994,4976,5026,372058,9298599240,1886388,1868158,5270,4766,5018,5010,0,5012,0,0,0,2017-04-24,32411000,4992,114,0,0,0,0,0,0,0,0,4994,262,0,0,0,0,0,0,0,0
23,2017-04-24,09:00:11,0,TA709,XZCE,4994,4976,5026,372396,9307039100,1886500,1868158,5270,4766,5018,5010,0,5012,0,0,0,2017-04-24,32411000,4992,35,0,0,0,0,0,0,0,0,4994,231,0,0,0,0,0,0,0,0
24,2017-04-24,09:00:12,0,TA709,XZCE,4994,4976,5026,372418,9307588440,1886500,1868158,5270,4766,5018,5010,0,5012,0,0,0,2017-04-24,32412000,4992,32,0,0,0,0,0,0,0,0,4994,235,0,0,0,0,0,0,0,0
25,2017-04-24,09:00:12,0,TA709,XZCE,4994,4976,5026,372418,9307588440,1886500,1868158,5270,4766,5018,5010,0,5012,0,0,0,2017-04-24,32412000,4992,33,0,0,0,0,0,0,0,0,4994,235,0,0,0,0,0,0,0,0
26,2017-04-24,09:00:13,0,TA709,XZCE,4994,4976,5026,372450,9308387480,1886496,1868158,5270,4766,5018,5010,0,5012,0,0,0,2017-04-24,32413000,4992,183,0,0,0,0,0,0,0,0,4994,278,0,0,0,0,0,0,0,0
27,2017-04-24,09:00:13,0,TA709,XZCE,4994,4976,5026,372454,9308487360,1886498,1868158,5270,4766,5018,5010,0,5012,0,0,0,2017-04-24,32413000,4992,187,0,0,0,0,0,0,0,0,4994,293,0,0,0,0,0,0,0,0
28,2017-04-24,09:00:14,0,TA709,XZCE,4994,4976,5026,372798,9317077040,1886506,1868158,5270,4766,5018,5010,0,5012,0,0,0,2017-04-24,32414000,4992,193,0,0,0,0,0,0,0,0,4994,145,0,0,0,0,0,0,0,0
29,2017-04-24,09:00:14,0,TA709,XZCE,4994,4976,5026,372808,9317326740,1886506,1868158,5270,4766,5018,5010,0,5012,0,0,0,2017-04-24,32414000,4992,193,0,0,0,0,0,0,0,0,4994,137,0,0,0,0,0,0,0,0
30,2017-04-24,09:00:15,0,TA709,XZCE,4994,4976,5026,372818,9317576440,1886496,1868158,5270,4766,5018,5010,0,5012,0,0,0,2017-04-24,32415000,4992,197,0,0,0,0,0,0,0,0,4994,163,0,0,0,0,0,0,0,0
31,2017-04-24,09:00:15,0,TA709,XZCE,4994,4976,5026,372920,9320123380,1886558,1868158,5270,4766,5018,5010,0,5012,0,0,0,2017-04-24,32415000,4992,160,0,0,0,0,0,0,0,0,4994,236,0,0,0,0,0,0,0,0
32,2017-04-24,09:00:16,0,TA709,XZCE,4994,4976,5026,373866,9343745000,1886068,1868158,5270,4766,5018,5010,0,5012,0,0,0,2017-04-24,32416000,4992,5,0,0,0,0,0,0,0,0,4994,125,0,0,0,0,0,0,0,0
33,2017-04-24,09:00:16,0,TA709,XZCE,4994,4976,5026,373910,9344843680,1886056,1868158,5270,4766,5018,5010,0,5012,0,0,0,2017-04-24,32416000,4990,293,0,0,0,0,0,0,0,0,4994,113,0,0,0,0,0,0,0,0
34,2017-04-24,09:00:17,0,TA709,XZCE,4994,4976,5026,373918,9345043440,1886056,1868158,5270,4766,5018,5010,0,5012,0,0,0,2017-04-24,32417000,4992,1,0,0,0,0,0,0,0,0,4994,135,0,0,0,0,0,0,0,0
35,2017-04-24,09:00:17,0,TA709,XZCE,4994,4976,5026,374266,9353733000,1885870,1868158,5270,4766,5018,5010,0,5012,0,0,0,2017-04-24,32417000,4992,7,0,0,0,0,0,0,0,0,4994,130,0,0,0,0,0,0,0,0
36,2017-04-24,09:00:18,0,TA709,XZCE,4994,4976,5026,374286,9354232400,1885870,1868158,5270,4766,5018,5010,0,5012,0,0,0,2017-04-24,32418000,4992,51,0,0,0,0,0,0,0,0,4994,121,0,0,0,0,0,0,0,0
37,2017-04-24,09:00:18,0,TA709,XZCE,4994,4976,5026,374336,9355480900,1885872,1868158,5270,4766,5018,5010,0,5012,0,0,0,2017-04-24,32418000,4992,75,0,0,0,0,0,0,0,0,4994,98,0,0,0,0,0,0,0,0
38,2017-04-24,09:00:19,0,TA709,XZCE,4994,4976,5026,374344,9355680660,1885876,1868158,5270,4766,5018,5010,0,5012,0,0,0,2017-04-24,32419000,4992,101,0,0,0,0,0,0,0,0,4994,97,0,0,0,0,0,0,0,0
39,2017-04-24,09:00:19,0,TA709,XZCE,4994,4976,5026,374346,9355730600,1885874,1868158,5270,4766,5018,5010,0,5012,0,0,0,2017-04-24,32419000,4992,110,0,0,0,0,0,0,0,0,4994,96,0,0,0,0,0,0,0,0
40,2017-04-24,09:00:20,0,TA709,XZCE,4994,4976,5026,374368,9356279940,1885862,1868158,5270,4766,5018,5010,0,5012,0,0,0,2017-04-24,32420000,4992,109,0,0,0,0,0,0,0,0,4994,17,0,0,0,0,0,0,0,0
41,2017-04-24,09:00:20,0,TA709,XZCE,4994,4976,5026,374398,9357029040,1885864,1868158,5270,4766,5018,5010,0,5012,0,0,0,2017-04-24,32420000,4992,117,0,0,0,0,0,0,0,0,4994,2,0,0,0,0,0,0,0,0
42,2017-04-24,09:00:21,0,TA709,XZCE,4992,4976,5026,374526,9360223920,1885858,1868158,5270,4766,5018,5010,0,5012,0,0,0,2017-04-24,32421000,4992,122,0,0,0,0,0,0,0,0,4994,3,0,0,0,0,0,0,0,0
43,2017-04-24,09:00:21,0,TA709,XZCE,4994,4976,5026,374542,9360623440,1885846,1868158,5270,4766,5018,5010,0,5012,0,0,0,2017-04-24,32421000,4994,3,0,0,0,0,0,0,0,0,4996,414,0,0,0,0,0,0,0,0
44,2017-04-24,09:00:22,0,TA709,XZCE,4994,4976,5026,374552,9360873140,1885844,1868158,5270,4766,5018,5010,0,5012,0,0,0,2017-04-24,32422000,4992,141,0,0,0,0,0,0,0,0,4994,24,0,0,0,0,0,0,0,0
45,2017-04-24,09:00:22,0,TA709,XZCE,4994,4976,5026,374616,9362471220,1885896,1868158,5270,4766,5018,5010,0,5012,0,0,0,2017-04-24,32422000,4992,141,0,0,0,0,0,0,0,0,4994,18,0,0,0,0,0,0,0,0
46,2017-04-24,09:00:23,0,TA709,XZCE,4994,4976,5026,374652,9363370140,1885896,1868158,5270,4766,5018,5010,0,5012,0,0,0,2017-04-24,32423000,4992,140,0,0,0,0,0,0,0,0,4994,3,0,0,0,0,0,0,0,0
47,2017-04-24,09:00:23,0,TA709,XZCE,4994,4976,5026,374682,9364119240,1885892,1868158,5270,4766,5018,5010,0,5012,0,0,0,2017-04-24,32423000,4994,37,0,0,0,0,0,0,0,0,4996,409,0,0,0,0,0,0,0,0
48,2017-04-24,09:00:24,0,TA709,XZCE,4996,4976,5026,374686,9364219160,1885892,1868158,5270,4766,5018,5010,0,5012,0,0,0,2017-04-24,32424000,4994,40,0,0,0,0,0,0,0,0,4996,411,0,0,0,0,0,0,0,0
49,2017-04-24,09:00:24,0,TA709,XZCE,4994,4976,5026,374770,9366316640,1885904,1868158,5270,4766,5018,5010,0,5012,0,0,0,2017-04-24,32424000,4992,141,0,0,0,0,0,0,0,0,4994,48,0,0,0,0,0,0,0,0
50,2017-04-24,09:00:25,0,TA709,XZCE,4994,4976,5026,374816,9367465260,1885948,1868158,5270,4766,5018,5010,0,5012,0,0,0,2017-04-24,32425000,4992,143,0,0,0,0,0,0,0,0,4994,25,0,0,0,0,0,0,0,0
51,2017-04-24,09:00:25,0,TA709,XZCE,4994,4976,5026,374840,9368064540,1885956,1868158,5270,4766,5018,5010,0,5012,0,0,0,2017-04-24,32425000,4992,141,0,0,0,0,0,0,0,0,4994,80,0,0,0,0,0,0,0,0
52,2017-04-24,09:00:26,0,TA709,XZCE,4994,4976,5026,375008,9372259500,1885952,1868158,5270,4766,5018,5010,0,5012,0,0,0,2017-04-24,32426000,4994,21,0,0,0,0,0,0,0,0,4996,401,0,0,0,0,0,0,0,0
53,2017-04-24,09:00:26,0,TA709,XZCE,4992,4976,5026,375078,9374006700,1885958,1868158,5270,4766,5018,5010,0,5012,0,0,0,2017-04-24,32426000,4992,137,0,0,0,0,0,0,0,0,4994,6,0,0,0,0,0,0,0,0
54,2017-04-24,09:00:27,0,TA709,XZCE,4994,4976,5026,375080,9374056640,1885958,1868158,5270,4766,5018,5010,0,5012,0,0,0,2017-04-24,32427000,4992,150,0,0,0,0,0,0,0,0,4994,8,0,0,0,0,0,0,0,0
55,2017-04-24,09:00:27,0,TA709,XZCE,4994,4976,5026,375128,9375255200,1886000,1868158,5270,4766,5018,5010,0,5012,0,0,0,2017-04-24,32427000,4992,155,0,0,0,0,0,0,0,0,4994,10,0,0,0,0,0,0,0,0
56,2017-04-24,09:00:28,0,TA709,XZCE,4992,4976,5026,375144,9375654560,1885996,1868158,5270,4766,5018,5010,0,5012,0,0,0,2017-04-24,32428000,4992,224,0,0,0,0,0,0,0,0,4994,104,0,0,0,0,0,0,0,0
57,2017-04-24,09:00:28,0,TA709,XZCE,4992,4976,5026,375196,9376952480,1885966,1868158,5270,4766,5018,5010,0,5012,0,0,0,2017-04-24,32428000,4992,225,0,0,0,0,0,0,0,0,4994,91,0,0,0,0,0,0,0,0
58,2017-04-24,09:00:29,0,TA709,XZCE,4994,4976,5026,375216,9377451880,1885946,1868158,5270,4766,5018,5010,0,5012,0,0,0,2017-04-24,32429000,4992,230,0,0,0,0,0,0,0,0,4994,134,0,0,0,0,0,0,0,0
59,2017-04-24,09:00:29,0,TA709,XZCE,4992,4976,5026,375314,9379897960,1885934,1868158,5270,4766,5018,5010,0,5012,0,0,0,2017-04-24,32429000,4992,226,0,0,0,0,0,0,0,0,4994,87,0,0,0,0,0,0,0,0
60,2017-04-24,09:00:30,0,TA709,XZCE,4992,4976,5026,375314,9379897960,1885934,1868158,5270,4766,5018,5010,0,5012,0,0,0,2017-04-24,32430000,4992,228,0,0,0,0,0,0,0,0,4994,89,0,0,0,0,0,0,0,0
61,2017-04-24,09:00:30,0,TA709,XZCE,4992,4976,5026,375406,9382194280,1885958,1868158,5270,4766,5018,5010,0,5012,0,0,0,2017-04-24,32430000,4992,198,0,0,0,0,0,0,0,0,4994,80,0,0,0,0,0,0,0,0
62,2017-04-24,09:00:31,0,TA709,XZCE,4992,4976,5026,375406,9382194280,1885958,1868158,5270,4766,5018,5010,0,5012,0,0,0,2017-04-24,32431000,4992,193,0,0,0,0,0,0,0,0,4994,136,0,0,0,0,0,0,0,0
63,2017-04-24,09:00:31,0,TA709,XZCE,4992,4976,5026,375434,9382893160,1885942,1868158,5270,4766,5018,5010,0,5012,0,0,0,2017-04-24,32431000,4992,196,0,0,0,0,0,0,0,0,4994,185,0,0,0,0,0,0,0,0
64,2017-04-24,09:00:32,0,TA709,XZCE,4992,4976,5026,375486,9384191080,1885956,1868158,5270,4766,5018,5010,0,5012,0,0,0,2017-04-24,32432000,4992,198,0,0,0,0,0,0,0,0,4994,324,0,0,0,0,0,0,0,0
65,2017-04-24,09:00:32,0,TA709,XZCE,4992,4976,5026,375500,9384540520,1885962,1868158,5270,4766,5018,5010,0,5012,0,0,0,2017-04-24,32432000,4992,194,0,0,0,0,0,0,0,0,4994,335,0,0,0,0,0,0,0,0
66,2017-04-24,09:00:33,0,TA709,XZCE,4994,4976,5026,375504,9384640400,1885964,1868158,5270,4766,5018,5010,0,5012,0,0,0,2017-04-24,32433000,4992,243,0,0,0,0,0,0,0,0,4994,335,0,0,0,0,0,0,0,0
67,2017-04-24,09:00:33,0,TA709,XZCE,4992,4976,5026,375510,9384790160,1885964,1868158,5270,4766,5018,5010,0,5012,0,0,0,2017-04-24,32433000,4992,241,0,0,0,0,0,0,0,0,4994,334,0,0,0,0,0,0,0,0
68,2017-04-24,09:00:34,0,TA709,XZCE,4994,4976,5026,375534,9385389440,1885966,1868158,5270,4766,5018,5010,0,5012,0,0,0,2017-04-24,32434000,4992,231,0,0,0,0,0,0,0,0,4994,334,0,0,0,0,0,0,0,0
69,2017-04-24,09:00:34,0,TA709,XZCE,4992,4976,5026,375580,9386537600,1885962,1868158,5270,4766,5018,5010,0,5012,0,0,0,2017-04-24,32434000,4992,223,0,0,0,0,0,0,0,0,4994,344,0,0,0,0,0,0,0,0
70,2017-04-24,09:00:35,0,TA709,XZCE,4994,4976,5026,375812,9392330640,1886130,1868158,5270,4766,5018,5010,0,5012,0,0,0,2017-04-24,32435000,4992,130,0,0,0,0,0,0,0,0,4994,324,0,0,0,0,0,0,0,0
71,2017-04-24,09:00:35,0,TA709,XZCE,4992,4976,5026,376040,9398021520,1886126,1868158,5270,4766,5018,5010,0,5012,0,0,0,2017-04-24,32435000,4992,75,0,0,0,0,0,0,0,0,4994,274,0,0,0,0,0,0,0,0
72,2017-04-24,09:00:36,0,TA709,XZCE,4992,4976,5026,376078,9398970000,1886124,1868158,5270,4766,5018,5010,0,5012,0,0,0,2017-04-24,32436000,4992,66,0,0,0,0,0,0,0,0,4994,274,0,0,0,0,0,0,0,0
73,2017-04-24,09:00:36,0,TA709,XZCE,4994,4976,5026,376144,9400618020,1886132,1868158,5270,4766,5018,5010,0,5012,0,0,0,2017-04-24,32436000,4992,39,0,0,0,0,0,0,0,0,4994,248,0,0,0,0,0,0,0,0
74,2017-04-24,09:00:37,0,TA709,XZCE,4994,4976,5026,376158,9400967600,1886142,1868158,5270,4766,5018,5010,0,5012,0,0,0,2017-04-24,32437000,4992,43,0,0,0,0,0,0,0,0,4994,268,0,0,0,0,0,0,0,0
75,2017-04-24,09:00:37,0,TA709,XZCE,4992,4976,5026,376204,9402115760,1886142,1868158,5270,4766,5018,5010,0,5012,0,0,0,2017-04-24,32437000,4992,40,0,0,0,0,0,0,0,0,4994,272,0,0,0,0,0,0,0,0
76,2017-04-24,09:00:38,0,TA709,XZCE,4992,4976,5026,376250,9403263920,1886176,1868158,5270,4766,5018,5010,0,5012,0,0,0,2017-04-24,32438000,4992,28,0,0,0,0,0,0,0,0,4994,273,0,0,0,0,0,0,0,0
77,2017-04-24,09:00:38,0,TA709,XZCE,4992,4976,5026,376320,9405011120,1886186,1868158,5270,4766,5018,5010,0,5012,0,0,0,2017-04-24,32438000,4990,353,0,0,0,0,0,0,0,0,4992,163,0,0,0,0,0,0,0,0
78,2017-04-24,09:00:39,0,TA709,XZCE,4992,4976,5026,376380,9406508720,1886216,1868158,5270,4766,5018,5010,0,5012,0,0,0,2017-04-24,32439000,4990,353,0,0,0,0,0,0,0,0,4992,134,0,0,0,0,0,0,0,0
79,2017-04-24,09:00:39,0,TA709,XZCE,4992,4976,5026,376418,9407457200,1886218,1868158,5270,4766,5018,5010,0,5012,0,0,0,2017-04-24,32439000,4990,352,0,0,0,0,0,0,0,0,4992,117,0,0,0,0,0,0,0,0
80,2017-04-24,09:00:40,0,TA709,XZCE,4992,4976,5026,376452,9408305840,1886216,1868158,5270,4766,5018,5010,0,5012,0,0,0,2017-04-24,32440000,4990,352,0,0,0,0,0,0,0,0,4992,103,0,0,0,0,0,0,0,0
81,2017-04-24,09:00:40,0,TA709,XZCE,4990,4976,5026,376488,9409204040,1886216,1868158,5270,4766,5018,5010,0,5012,0,0,0,2017-04-24,32440000,4990,341,0,0,0,0,0,0,0,0,4992,96,0,0,0,0,0,0,0,0
82,2017-04-24,09:00:41,0,TA709,XZCE,4992,4976,5026,376500,9409503560,1886216,1868158,5270,4766,5018,5010,0,5012,0,0,0,2017-04-24,32441000,4990,341,0,0,0,0,0,0,0,0,4992,95,0,0,0,0,0,0,0,0
83,2017-04-24,09:00:41,0,TA709,XZCE,4992,4976,5026,376520,9410002760,1886216,1868158,5270,4766,5018,5010,0,5012,0,0,0,2017-04-24,32441000,4990,341,0,0,0,0,0,0,0,0,4992,85,0,0,0,0,0,0,0,0
84,2017-04-24,09:00:42,0,TA709,XZCE,4992,4976,5026,376548,9410701640,1886196,1868158,5270,4766,5018,5010,0,5012,0,0,0,2017-04-24,32442000,4990,341,0,0,0,0,0,0,0,0,4992,75,0,0,0,0,0,0,0,0
85,2017-04-24,09:00:42,0,TA709,XZCE,4990,4976,5026,376552,9410801440,1886198,1868158,5270,4766,5018,5010,0,5012,0,0,0,2017-04-24,32442000,4990,340,0,0,0,0,0,0,0,0,4992,95,0,0,0,0,0,0,0,0
86,2017-04-24,09:00:43,0,TA709,XZCE,4992,4976,5026,376554,9410851360,1886196,1868158,5270,4766,5018,5010,0,5012,0,0,0,2017-04-24,32443000,4990,340,0,0,0,0,0,0,0,0,4992,100,0,0,0,0,0,0,0,0
87,2017-04-24,09:00:43,0,TA709,XZCE,4992,4976,5026,376584,9411600160,1886192,1868158,5270,4766,5018,5010,0,5012,0,0,0,2017-04-24,32443000,4990,329,0,0,0,0,0,0,0,0,4992,96,0,0,0,0,0,0,0,0
88,2017-04-24,09:00:44,0,TA709,XZCE,4992,4976,5026,376586,9411650080,1886192,1868158,5270,4766,5018,5010,0,5012,0,0,0,2017-04-24,32444000,4990,330,0,0,0,0,0,0,0,0,4992,106,0,0,0,0,0,0,0,0
89,2017-04-24,09:00:44,0,TA709,XZCE,4992,4976,5026,376600,9411999520,1886194,1868158,5270,4766,5018,5010,0,5012,0,0,0,2017-04-24,32444000,4990,325,0,0,0,0,0,0,0,0,4992,106,0,0,0,0,0,0,0,0
90,2017-04-24,09:00:45,0,TA709,XZCE,4992,4976,5026,376614,9412348960,1886184,1868158,5270,4766,5018,5010,0,5012,0,0,0,2017-04-24,32445000,4990,331,0,0,0,0,0,0,0,0,4992,100,0,0,0,0,0,0,0,0
91,2017-04-24,09:00:45,0,TA709,XZCE,4992,4976,5026,376638,9412948000,1886184,1868158,5270,4766,5018,5010,0,5012,0,0,0,2017-04-24,32445000,4990,325,0,0,0,0,0,0,0,0,4992,93,0,0,0,0,0,0,0,0
92,2017-04-24,09:00:46,0,TA709,XZCE,4992,4976,5026,376678,9413946400,1886144,1868158,5270,4766,5018,5010,0,5012,0,0,0,2017-04-24,32446000,4990,326,0,0,0,0,0,0,0,0,4992,83,0,0,0,0,0,0,0,0
93,2017-04-24,09:00:46,0,TA709,XZCE,4990,4976,5026,376684,9414096100,1886138,1868158,5270,4766,5018,5010,0,5012,0,0,0,2017-04-24,32446000,4990,323,0,0,0,0,0,0,0,0,4992,84,0,0,0,0,0,0,0,0
94,2017-04-24,09:00:47,0,TA709,XZCE,4992,4976,5026,376686,9414146020,1886138,1868158,5270,4766,5018,5010,0,5012,0,0,0,2017-04-24,32447000,4990,322,0,0,0,0,0,0,0,0,4992,61,0,0,0,0,0,0,0,0
95,2017-04-24,09:00:47,0,TA709,XZCE,4992,4976,5026,376736,9415394020,1886106,1868158,5270,4766,5018,5010,0,5012,0,0,0,2017-04-24,32447000,4990,301,0,0,0,0,0,0,0,0,4992,67,0,0,0,0,0,0,0,0
96,2017-04-24,09:00:48,0,TA709,XZCE,4992,4976,5026,376742,9415543780,1886106,1868158,5270,4766,5018,5010,0,5012,0,0,0,2017-04-24,32448000,4990,303,0,0,0,0,0,0,0,0,4992,70,0,0,0,0,0,0,0,0
97,2017-04-24,09:00:48,0,TA709,XZCE,4992,4976,5026,376746,9415643620,1886104,1868158,5270,4766,5018,5010,0,5012,0,0,0,2017-04-24,32448000,4990,303,0,0,0,0,0,0,0,0,4992,62,0,0,0,0,0,0,0,0
98,2017-04-24,09:00:49,0,TA709,XZCE,4992,4976,5026,376752,9415793380,1886104,1868158,5270,4766,5018,5010,0,5012,0,0,0,2017-04-24,32449000,4990,303,0,0,0,0,0,0,0,0,4992,79,0,0,0,0,0,0,0,0
99,2017-04-24,09:00:49,0,TA709,XZCE,4992,4976,5026,376774,9416342500,1886088,1868158,5270,4766,5018,5010,0,5012,0,0,0,2017-04-24,32449000,4990,284,0,0,0,0,0,0,0,0,4992,140,0,0,0,0,0,0,0,0
100,2017-04-24,09:00:50,0,TA709,XZCE,4992,4976,5026,376774,9416342500,1886088,1868158,5270,4766,5018,5010,0,5012,0,0,0,2017-04-24,32450000,4990,284,0,0,0,0,0,0,0,0,4992,139,0,0,0,0,0,0,0,0
101,2017-04-24,09:00:50,0,TA709,XZCE,4992,4976,5026,376810,9417241060,1886072,1868158,5270,4766,5018,5010,0,5012,0,0,0,2017-04-24,32450000,4990,283,0,0,0,0,0,0,0,0,4992,124,0,0,0,0,0,0,0,0
102,2017-04-24,09:00:51,0,TA709,XZCE,4992,4976,5026,376828,9417690340,1886062,1868158,5270,4766,5018,5010,0,5012,0,0,0,2017-04-24,32451000,4990,280,0,0,0,0,0,0,0,0,4992,121,0,0,0,0,0,0,0,0
103,2017-04-24,09:00:51,0,TA709,XZCE,4990,4976,5026,376842,9418039640,1886062,1868158,5270,4766,5018,5010,0,5012,0,0,0,2017-04-24,32451000,4990,279,0,0,0,0,0,0,0,0,4992,121,0,0,0,0,0,0,0,0
104,2017-04-24,09:00:52,0,TA709,XZCE,4992,4976,5026,376862,9418538840,1886076,1868158,5270,4766,5018,5010,0,5012,0,0,0,2017-04-24,32452000,4990,281,0,0,0,0,0,0,0,0,4992,119,0,0,0,0,0,0,0,0
105,2017-04-24,09:00:52,0,TA709,XZCE,4990,4976,5026,376868,9418688540,1886078,1868158,5270,4766,5018,5010,0,5012,0,0,0,2017-04-24,32452000,4990,289,0,0,0,0,0,0,0,0,4992,89,0,0,0,0,0,0,0,0
106,2017-04-24,09:00:53,0,TA709,XZCE,4990,4976,5026,376870,9418738440,1886078,1868158,5270,4766,5018,5010,0,5012,0,0,0,2017-04-24,32453000,4990,288,0,0,0,0,0,0,0,0,4992,90,0,0,0,0,0,0,0,0
107,2017-04-24,09:00:53,0,TA709,XZCE,4992,4976,5026,376876,9418888200,1886072,1868158,5270,4766,5018,5010,0,5012,0,0,0,2017-04-24,32453000,4990,288,0,0,0,0,0,0,0,0,4992,87,0,0,0,0,0,0,0,0
108,2017-04-24,09:00:54,0,TA709,XZCE,4992,4976,5026,376900,9419487240,1886054,1868158,5270,4766,5018,5010,0,5012,0,0,0,2017-04-24,32454000,4990,288,0,0,0,0,0,0,0,0,4992,75,0,0,0,0,0,0,0,0
109,2017-04-24,09:00:54,0,TA709,XZCE,4990,4976,5026,376910,9419736740,1886056,1868158,5270,4766,5018,5010,0,5012,0,0,0,2017-04-24,32454000,4990,283,0,0,0,0,0,0,0,0,4992,75,0,0,0,0,0,0,0,0
110,2017-04-24,09:00:55,0,TA709,XZCE,4992,4976,5026,377062,9423530660,1886150,1868158,5270,4766,5018,5010,0,5012,0,0,0,2017-04-24,32455000,4992,58,0,0,0,0,0,0,0,0,4994,298,0,0,0,0,0,0,0,0
111,2017-04-24,09:00:55,0,TA709,XZCE,4992,4976,5026,377180,9426475940,1886266,1868158,5270,4766,5018,5010,0,5012,0,0,0,2017-04-24,32455000,4992,2,0,0,0,0,0,0,0,0,4994,291,0,0,0,0,0,0,0,0
112,2017-04-24,09:00:56,0,TA709,XZCE,4990,4976,5026,377208,9427174540,1886274,1868158,5270,4766,5018,5010,0,5012,0,0,0,2017-04-24,32456000,4990,314,0,0,0,0,0,0,0,0,4994,262,0,0,0,0,0,0,0,0
113,2017-04-24,09:00:56,0,TA709,XZCE,4990,4976,5026,377208,9427174540,1886274,1868158,5270,4766,5018,5010,0,5012,0,0,0,2017-04-24,32456000,4992,60,0,0,0,0,0,0,0,0,4994,260,0,0,0,0,0,0,0,0
114,2017-04-24,09:00:57,0,TA709,XZCE,4994,4976,5026,377212,9427274420,1886270,1868158,5270,4766,5018,5010,0,5012,0,0,0,2017-04-24,32457000,4992,75,0,0,0,0,0,0,0,0,4994,259,0,0,0,0,0,0,0,0
115,2017-04-24,09:00:57,0,TA709,XZCE,4992,4976,5026,377218,9427424180,1886268,1868158,5270,4766,5018,5010,0,5012,0,0,0,2017-04-24,32457000,4992,75,0,0,0,0,0,0,0,0,4994,259,0,0,0,0,0,0,0,0
116,2017-04-24,09:00:58,0,TA709,XZCE,4992,4976,5026,377230,9427723700,1886268,1868158,5270,4766,5018,5010,0,5012,0,0,0,2017-04-24,32458000,4992,71,0,0,0,0,0,0,0,0,4994,258,0,0,0,0,0,0,0,0
117,2017-04-24,09:00:58,0,TA709,XZCE,4994,4976,5026,377356,9430869920,1886298,1868158,5270,4766,5018,5010,0,5012,0,0,0,2017-04-24,32458000,4992,16,0,0,0,0,0,0,0,0,4994,257,0,0,0,0,0,0,0,0
118,2017-04-24,09:00:59,0,TA709,XZCE,4994,4976,5026,377362,9431019740,1886300,1868158,5270,4766,5018,5010,0,5012,0,0,0,2017-04-24,32459000,4992,15,0,0,0,0,0,0,0,0,4994,255,0,0,0,0,0,0,0,0
119,2017-04-24,09:01:00,0,TA709,XZCE,4994,4976,5026,377364,9431069680,1886300,1868158,5270,4766,5018,5010,0,5012,0,0,0,2017-04-24,32460000,4992,20,0,0,0,0,0,0,0,0,4994,254,0,0,0,0,0,0,0,0
120,2017-04-24,09:01:00,0,TA709,XZCE,4992,4976,5026,377366,9431119600,1886300,1868158,5270,4766,5018,5010,0,5012,0,0,0,2017-04-24,32460000,4992,27,0,0,0,0,0,0,0,0,4994,253,0,0,0,0,0,0,0,0
121,2017-04-24,09:01:01,0,TA709,XZCE,4992,4976,5026,377366,9431119600,1886300,1868158,5270,4766,5018,5010,0,5012,0,0,0,2017-04-24,32461000,4992,33,0,0,0,0,0,0,0,0,4994,353,0,0,0,0,0,0,0,0
122,2017-04-24,09:01:01,0,TA709,XZCE,4992,4976,5026,377370,9431219440,1886304,1868158,5270,4766,5018,5010,0,5012,0,0,0,2017-04-24,32461000,4992,70,0,0,0,0,0,0,0,0,4994,353,0,0,0,0,0,0,0,0
123,2017-04-24,09:01:02,0,TA709,XZCE,4992,4976,5026,377466,9433615600,1886328,1868158,5270,4766,5018,5010,0,5012,0,0,0,2017-04-24,32462000,4992,27,0,0,0,0,0,0,0,0,4994,351,0,0,0,0,0,0,0,0
124,2017-04-24,09:01:02,0,TA709,XZCE,4994,4976,5026,377468,9433665540,1886328,1868158,5270,4766,5018,5010,0,5012,0,0,0,2017-04-24,32462000,4992,36,0,0,0,0,0,0,0,0,4994,350,0,0,0,0,0,0,0,0
125,2017-04-24,09:01:03,0,TA709,XZCE,4992,4976,5026,377472,9433765380,1886324,1868158,5270,4766,5018,5010,0,5012,0,0,0,2017-04-24,32463000,4992,39,0,0,0,0,0,0,0,0,4994,352,0,0,0,0,0,0,0,0
126,2017-04-24,09:01:03,0,TA709,XZCE,4994,4976,5026,377500,9434464540,1886322,1868158,5270,4766,5018,5010,0,5012,0,0,0,2017-04-24,32463000,4992,32,0,0,0,0,0,0,0,0,4994,348,0,0,0,0,0,0,0,0
127,2017-04-24,09:01:04,0,TA709,XZCE,4992,4976,5026,377510,9434714140,1886312,1868158,5270,4766,5018,5010,0,5012,0,0,0,2017-04-24,32464000,4992,55,0,0,0,0,0,0,0,0,4994,344,0,0,0,0,0,0,0,0
128,2017-04-24,09:01:04,0,TA709,XZCE,4994,4976,5026,377528,9435163600,1886306,1868158,5270,4766,5018,5010,0,5012,0,0,0,2017-04-24,32464000,4992,49,0,0,0,0,0,0,0,0,4994,343,0,0,0,0,0,0,0,0
129,2017-04-24,09:01:05,0,TA709,XZCE,4994,4976,5026,377554,9435812820,1886308,1868158,5270,4766,5018,5010,0,5012,0,0,0,2017-04-24,32465000,4992,41,0,0,0,0,0,0,0,0,4994,341,0,0,0,0,0,0,0,0
130,2017-04-24,09:01:05,0,TA709,XZCE,4994,4976,5026,377576,9436362160,1886308,1868158,5270,4766,5018,5010,0,5012,0,0,0,2017-04-24,32465000,4992,41,0,0,0,0,0,0,0,0,4994,333,0,0,0,0,0,0,0,0
131,2017-04-24,09:01:06,0,TA709,XZCE,4992,4976,5026,377580,9436462000,1886308,1868158,5270,4766,5018,5010,0,5012,0,0,0,2017-04-24,32466000,4992,39,0,0,0,0,0,0,0,0,4994,334,0,0,0,0,0,0,0,0
132,2017-04-24,09:01:06,0,TA709,XZCE,4992,4976,5026,377580,9436462000,1886308,1868158,5270,4766,5018,5010,0,5012,0,0,0,2017-04-24,32466000,4992,39,0,0,0,0,0,0,0,0,4994,335,0,0,0,0,0,0,0,0
133,2017-04-24,09:01:07,0,TA709,XZCE,4992,4976,5026,377584,9436561840,1886308,1868158,5270,4766,5018,5010,0,5012,0,0,0,2017-04-24,32467000,4992,41,0,0,0,0,0,0,0,0,4994,349,0,0,0,0,0,0,0,0
134,2017-04-24,09:01:07,0,TA709,XZCE,4992,4976,5026,377592,9436761520,1886312,1868158,5270,4766,5018,5010,0,5012,0,0,0,2017-04-24,32467000,4992,45,0,0,0,0,0,0,0,0,4994,349,0,0,0,0,0,0,0,0
135,2017-04-24,09:01:08,0,TA709,XZCE,4992,4976,5026,377630,9437710000,1886340,1868158,5270,4766,5018,5010,0,5012,0,0,0,2017-04-24,32468000,4992,34,0,0,0,0,0,0,0,0,4994,348,0,0,0,0,0,0,0,0
136,2017-04-24,09:01:08,0,TA709,XZCE,4992,4976,5026,377638,9437909680,1886340,1868158,5270,4766,5018,5010,0,5012,0,0,0,2017-04-24,32468000,4992,25,0,0,0,0,0,0,0,0,4994,353,0,0,0,0,0,0,0,0
137,2017-04-24,09:01:09,0,TA709,XZCE,4992,4976,5026,377652,9438259120,1886336,1868158,5270,4766,5018,5010,0,5012,0,0,0,2017-04-24,32469000,4992,20,0,0,0,0,0,0,0,0,4994,359,0,0,0,0,0,0,0,0
138,2017-04-24,09:01:09,0,TA709,XZCE,4992,4976,5026,377654,9438309040,1886336,1868158,5270,4766,5018,5010,0,5012,0,0,0,2017-04-24,32469000,4992,30,0,0,0,0,0,0,0,0,4994,359,0,0,0,0,0,0,0,0
139,2017-04-24,09:01:10,0,TA709,XZCE,4994,4976,5026,377674,9438808440,1886330,1868158,5270,4766,5018,5010,0,5012,0,0,0,2017-04-24,32470000,4992,25,0,0,0,0,0,0,0,0,4994,339,0,0,0,0,0,0,0,0
140,2017-04-24,09:01:10,0,TA709,XZCE,4994,4976,5026,377696,9439357780,1886330,1868158,5270,4766,5018,5010,0,5012,0,0,0,2017-04-24,32470000,4992,65,0,0,0,0,0,0,0,0,4994,327,0,0,0,0,0,0,0,0
141,2017-04-24,09:01:11,0,TA709,XZCE,4992,4976,5026,377714,9439807060,1886326,1868158,5270,4766,5018,5010,0,5012,0,0,0,2017-04-24,32471000,4992,85,0,0,0,0,0,0,0,0,4994,323,0,0,0,0,0,0,0,0
142,2017-04-24,09:01:11,0,TA709,XZCE,4992,4976,5026,377734,9440306260,1886332,1868158,5270,4766,5018,5010,0,5012,0,0,0,2017-04-24,32471000,4992,84,0,0,0,0,0,0,0,0,4994,328,0,0,0,0,0,0,0,0
143,2017-04-24,09:01:12,0,TA709,XZCE,4992,4976,5026,377738,9440406100,1886334,1868158,5270,4766,5018,5010,0,5012,0,0,0,2017-04-24,32472000,4992,79,0,0,0,0,0,0,0,0,4994,328,0,0,0,0,0,0,0,0
144,2017-04-24,09:01:12,0,TA709,XZCE,4994,4976,5026,377800,9441954240,1886334,1868158,5270,4766,5018,5010,0,5012,0,0,0,2017-04-24,32472000,4992,58,0,0,0,0,0,0,0,0,4994,308,0,0,0,0,0,0,0,0
145,2017-04-24,09:01:13,0,TA709,XZCE,4994,4976,5026,377800,9441954240,1886334,1868158,5270,4766,5018,5010,0,5012,0,0,0,2017-04-24,32473000,4992,59,0,0,0,0,0,0,0,0,4994,308,0,0,0,0,0,0,0,0
146,2017-04-24,09:01:13,0,TA709,XZCE,4994,4976,5026,377804,9442054120,1886334,1868158,5270,4766,5018,5010,0,5012,0,0,0,2017-04-24,32473000,4992,54,0,0,0,0,0,0,0,0,4994,306,0,0,0,0,0,0,0,0
147,2017-04-24,09:01:14,0,TA709,XZCE,4992,4976,5026,377836,9442852840,1886328,1868158,5270,4766,5018,5010,0,5012,0,0,0,2017-04-24,32474000,4992,41,0,0,0,0,0,0,0,0,4994,308,0,0,0,0,0,0,0,0
148,2017-04-24,09:01:14,0,TA709,XZCE,4994,4976,5026,377876,9443851640,1886328,1868158,5270,4766,5018,5010,0,5012,0,0,0,2017-04-24,32474000,4992,23,0,0,0,0,0,0,0,0,4994,317,0,0,0,0,0,0,0,0
149,2017-04-24,09:01:15,0,TA709,XZCE,4992,4976,5026,377922,9444999800,1886294,1868158,5270,4766,5018,5010,0,5012,0,0,0,2017-04-24,32475000,4990,369,0,0,0,0,0,0,0,0,4992,80,0,0,0,0,0,0,0,0
150,2017-04-24,09:01:15,0,TA709,XZCE,4994,4976,5026,378134,9450293440,1886086,1868158,5270,4766,5018,5010,0,5012,0,0,0,2017-04-24,32475000,4990,369,0,0,0,0,0,0,0,0,4992,131,0,0,0,0,0,0,0,0
151,2017-04-24,09:01:16,0,TA709,XZCE,4990,4976,5026,378136,9450343340,1886086,1868158,5270,4766,5018,5010,0,5012,0,0,0,2017-04-24,32476000,4990,366,0,0,0,0,0,0,0,0,4992,219,0,0,0,0,0,0,0,0
152,2017-04-24,09:01:16,0,TA709,XZCE,4992,4976,5026,378158,9450892460,1886108,1868158,5270,4766,5018,5010,0,5012,0,0,0,2017-04-24,32476000,4990,365,0,0,0,0,0,0,0,0,4992,214,0,0,0,0,0,0,0,0
153,2017-04-24,09:01:17,0,TA709,XZCE,4992,4976,5026,378170,9451191980,1886120,1868158,5270,4766,5018,5010,0,5012,0,0,0,2017-04-24,32477000,4990,365,0,0,0,0,0,0,0,0,4992,208,0,0,0,0,0,0,0,0
154,2017-04-24,09:01:17,0,TA709,XZCE,4992,4976,5026,378170,9451191980,1886120,1868158,5270,4766,5018,5010,0,5012,0,0,0,2017-04-24,32477000,4990,365,0,0,0,0,0,0,0,0,4992,213,0,0,0,0,0,0,0,0
155,2017-04-24,09:01:18,0,TA709,XZCE,4992,4976,5026,378174,9451291820,1886120,1868158,5270,4766,5018,5010,0,5012,0,0,0,2017-04-24,32478000,4990,364,0,0,0,0,0,0,0,0,4992,212,0,0,0,0,0,0,0,0
156,2017-04-24,09:01:18,0,TA709,XZCE,4992,4976,5026,378178,9451391660,1886124,1868158,5270,4766,5018,5010,0,5012,0,0,0,2017-04-24,32478000,4990,364,0,0,0,0,0,0,0,0,4992,210,0,0,0,0,0,0,0,0
157,2017-04-24,09:01:19,0,TA709,XZCE,4990,4976,5026,378182,9451491460,1886128,1868158,5270,4766,5018,5010,0,5012,0,0,0,2017-04-24,32479000,4990,403,0,0,0,0,0,0,0,0,4992,211,0,0,0,0,0,0,0,0
158,2017-04-24,09:01:19,0,TA709,XZCE,4990,4976,5026,378188,9451641160,1886128,1868158,5270,4766,5018,5010,0,5012,0,0,0,2017-04-24,32479000,4990,402,0,0,0,0,0,0,0,0,4992,212,0,0,0,0,0,0,0,0
159,2017-04-24,09:01:20,0,TA709,XZCE,4992,4976,5026,378220,9452439880,1886150,1868158,5270,4766,5018,5010,0,5012,0,0,0,2017-04-24,32480000,4990,401,0,0,0,0,0,0,0,0,4992,199,0,0,0,0,0,0,0,0
160,2017-04-24,09:01:20,0,TA709,XZCE,4990,4976,5026,378230,9452689380,1886150,1868158,5270,4766,5018,5010,0,5012,0,0,0,2017-04-24,32480000,4990,400,0,0,0,0,0,0,0,0,4992,194,0,0,0,0,0,0,0,0
161,2017-04-24,09:01:21,0,TA709,XZCE,4992,4976,5026,378250,9453188580,1886160,1868158,5270,4766,5018,5010,0,5012,0,0,0,2017-04-24,32481000,4990,417,0,0,0,0,0,0,0,0,4992,192,0,0,0,0,0,0,0,0
162,2017-04-24,09:01:21,0,TA709,XZCE,4990,4976,5026,378386,9456581780,1886160,1868158,5270,4766,5018,5010,0,5012,0,0,0,2017-04-24,32481000,4990,355,0,0,0,0,0,0,0,0,4992,186,0,0,0,0,0,0,0,0
163,2017-04-24,09:01:22,0,TA709,XZCE,4992,4976,5026,378410,9457180820,1886176,1868158,5270,4766,5018,5010,0,5012,0,0,0,2017-04-24,32482000,4990,358,0,0,0,0,0,0,0,0,4992,174,0,0,0,0,0,0,0,0
164,2017-04-24,09:01:22,0,TA709,XZCE,4992,4976,5026,378414,9457280660,1886176,1868158,5270,4766,5018,5010,0,5012,0,0,0,2017-04-24,32482000,4990,351,0,0,0,0,0,0,0,0,4992,176,0,0,0,0,0,0,0,0
165,2017-04-24,09:01:23,0,TA709,XZCE,4990,4976,5026,378420,9457430360,1886178,1868158,5270,4766,5018,5010,0,5012,0,0,0,2017-04-24,32483000,4990,361,0,0,0,0,0,0,0,0,4992,178,0,0,0,0,0,0,0,0
166,2017-04-24,09:01:23,0,TA709,XZCE,4990,4976,5026,378422,9457480260,1886178,1868158,5270,4766,5018,5010,0,5012,0,0,0,2017-04-24,32483000,4990,362,0,0,0,0,0,0,0,0,4992,178,0,0,0,0,0,0,0,0
167,2017-04-24,09:01:24,0,TA709,XZCE,4990,4976,5026,378502,9459476260,1886190,1868158,5270,4766,5018,5010,0,5012,0,0,0,2017-04-24,32484000,4990,324,0,0,0,0,0,0,0,0,4992,178,0,0,0,0,0,0,0,0
168,2017-04-24,09:01:24,0,TA709,XZCE,4990,4976,5026,378502,9459476260,1886190,1868158,5270,4766,5018,5010,0,5012,0,0,0,2017-04-24,32484000,4990,324,0,0,0,0,0,0,0,0,4992,179,0,0,0,0,0,0,0,0
169,2017-04-24,09:01:25,0,TA709,XZCE,4990,4976,5026,378502,9459476260,1886190,1868158,5270,4766,5018,5010,0,5012,0,0,0,2017-04-24,32485000,4990,325,0,0,0,0,0,0,0,0,4992,179,0,0,0,0,0,0,0,0
170,2017-04-24,09:01:25,0,TA709,XZCE,4992,4976,5026,378530,9460175140,1886212,1868158,5270,4766,5018,5010,0,5012,0,0,0,2017-04-24,32485000,4990,322,0,0,0,0,0,0,0,0,4992,178,0,0,0,0,0,0,0,0
171,2017-04-24,09:01:26,0,TA709,XZCE,4990,4976,5026,378534,9460274940,1886212,1868158,5270,4766,5018,5010,0,5012,0,0,0,2017-04-24,32486000,4990,323,0,0,0,0,0,0,0,0,4992,178,0,0,0,0,0,0,0,0
172,2017-04-24,09:01:26,0,TA709,XZCE,4990,4976,5026,378556,9460823840,1886214,1868158,5270,4766,5018,5010,0,5012,0,0,0,2017-04-24,32486000,4990,323,0,0,0,0,0,0,0,0,4992,177,0,0,0,0,0,0,0,0
173,2017-04-24,09:01:27,0,TA709,XZCE,4992,4976,5026,378560,9460923680,1886216,1868158,5270,4766,5018,5010,0,5012,0,0,0,2017-04-24,32487000,4990,323,0,0,0,0,0,0,0,0,4992,175,0,0,0,0,0,0,0,0
174,2017-04-24,09:01:27,0,TA709,XZCE,4990,4976,5026,378562,9460973580,1886214,1868158,5270,4766,5018,5010,0,5012,0,0,0,2017-04-24,32487000,4990,328,0,0,0,0,0,0,0,0,4992,175,0,0,0,0,0,0,0,0
175,2017-04-24,09:01:28,0,TA709,XZCE,4992,4976,5026,378578,9461372940,1886218,1868158,5270,4766,5018,5010,0,5012,0,0,0,2017-04-24,32488000,4990,328,0,0,0,0,0,0,0,0,4992,168,0,0,0,0,0,0,0,0
176,2017-04-24,09:01:28,0,TA709,XZCE,4992,4976,5026,378582,9461472780,1886222,1868158,5270,4766,5018,5010,0,5012,0,0,0,2017-04-24,32488000,4990,328,0,0,0,0,0,0,0,0,4992,167,0,0,0,0,0,0,0,0
177,2017-04-24,09:01:29,0,TA709,XZCE,4992,4976,5026,378724,9465017100,1886220,1868158,5270,4766,5018,5010,0,5012,0,0,0,2017-04-24,32489000,4990,249,0,0,0,0,0,0,0,0,4992,180,0,0,0,0,0,0,0,0
178,2017-04-24,09:01:29,0,TA709,XZCE,4992,4976,5026,378740,9465416460,1886220,1868158,5270,4766,5018,5010,0,5012,0,0,0,2017-04-24,32489000,4990,251,0,0,0,0,0,0,0,0,4992,176,0,0,0,0,0,0,0,0
179,2017-04-24,09:01:30,0,TA709,XZCE,4992,4976,5026,378744,9465516300,1886222,1868158,5270,4766,5018,5010,0,5012,0,0,0,2017-04-24,32490000,4990,250,0,0,0,0,0,0,0,0,4992,176,0,0,0,0,0,0,0,0
180,2017-04-24,09:01:30,0,TA709,XZCE,4990,4976,5026,378748,9465616100,1886222,1868158,5270,4766,5018,5010,0,5012,0,0,0,2017-04-24,32490000,4990,248,0,0,0,0,0,0,0,0,4992,209,0,0,0,0,0,0,0,0
181,2017-04-24,09:01:31,0,TA709,XZCE,4992,4976,5026,378752,9465715940,1886218,1868158,5270,4766,5018,5010,0,5012,0,0,0,2017-04-24,32491000,4990,248,0,0,0,0,0,0,0,0,4992,207,0,0,0,0,0,0,0,0
182,2017-04-24,09:01:31,0,TA709,XZCE,4990,4976,5026,378756,9465815740,1886216,1868158,5270,4766,5018,5010,0,5012,0,0,0,2017-04-24,32491000,4990,250,0,0,0,0,0,0,0,0,4992,206,0,0,0,0,0,0,0,0
183,2017-04-24,09:01:32,0,TA709,XZCE,4990,4976,5026,378786,9466564240,1886210,1868158,5270,4766,5018,5010,0,5012,0,0,0,2017-04-24,32492000,4990,244,0,0,0,0,0,0,0,0,4992,201,0,0,0,0,0,0,0,0
184,2017-04-24,09:01:32,0,TA709,XZCE,4990,4976,5026,378786,9466564240,1886210,1868158,5270,4766,5018,5010,0,5012,0,0,0,2017-04-24,32492000,4990,245,0,0,0,0,0,0,0,0,4992,202,0,0,0,0,0,0,0,0
185,2017-04-24,09:01:33,0,TA709,XZCE,4992,4976,5026,378792,9466714000,1886206,1868158,5270,4766,5018,5010,0,5012,0,0,0,2017-04-24,32493000,4990,245,0,0,0,0,0,0,0,0,4992,199,0,0,0,0,0,0,0,0
186,2017-04-24,09:01:33,0,TA709,XZCE,4992,4976,5026,378796,9466813840,1886208,1868158,5270,4766,5018,5010,0,5012,0,0,0,2017-04-24,32493000,4990,246,0,0,0,0,0,0,0,0,4992,198,0,0,0,0,0,0,0,0
187,2017-04-24,09:01:34,0,TA709,XZCE,4992,4976,5026,378860,9468411280,1886244,1868158,5270,4766,5018,5010,0,5012,0,0,0,2017-04-24,32494000,4990,239,0,0,0,0,0,0,0,0,4992,174,0,0,0,0,0,0,0,0
188,2017-04-24,09:01:34,0,TA709,XZCE,4990,4976,5026,378866,9468560980,1886244,1868158,5270,4766,5018,5010,0,5012,0,0,0,2017-04-24,32494000,4990,241,0,0,0,0,0,0,0,0,4992,178,0,0,0,0,0,0,0,0
189,2017-04-24,09:01:34,0,TA709,XZCE,4990,4976,5026,378866,9468560980,1886244,1868158,5270,4766,5018,5010,0,5012,0,0,0,2017-04-24,32494000,4990,241,0,0,0,0,0,0,0,0,4992,188,0,0,0,0,0,0,0,0
190,2017-04-24,09:01:35,0,TA709,XZCE,4990,4976,5026,378876,9468810480,1886248,1868158,5270,4766,5018,5010,0,5012,0,0,0,2017-04-24,32495000,4990,239,0,0,0,0,0,0,0,0,4992,185,0,0,0,0,0,0,0,0
191,2017-04-24,09:01:36,0,TA709,XZCE,4990,4976,5026,379082,9473950180,1886078,1868158,5270,4766,5018,5010,0,5012,0,0,0,2017-04-24,32496000,4990,259,0,0,0,0,0,0,0,0,4992,73,0,0,0,0,0,0,0,0
192,2017-04-24,09:01:37,0,TA709,XZCE,4992,4976,5026,379092,9474199780,1886088,1868158,5270,4766,5018,5010,0,5012,0,0,0,2017-04-24,32497000,4990,258,0,0,0,0,0,0,0,0,4992,69,0,0,0,0,0,0,0,0
193,2017-04-24,09:01:37,0,TA709,XZCE,4990,4976,5026,379094,9474249680,1886090,1868158,5270,4766,5018,5010,0,5012,0,0,0,2017-04-24,32497000,4990,257,0,0,0,0,0,0,0,0,4992,69,0,0,0,0,0,0,0,0
194,2017-04-24,09:01:38,0,TA709,XZCE,4992,4976,5026,379104,9474499280,1886080,1868158,5270,4766,5018,5010,0,5012,0,0,0,2017-04-24,32498000,4990,257,0,0,0,0,0,0,0,0,4992,115,0,0,0,0,0,0,0,0
195,2017-04-24,09:01:38,0,TA709,XZCE,4990,4976,5026,379114,9474748780,1886082,1868158,5270,4766,5018,5010,0,5012,0,0,0,2017-04-24,32498000,4990,254,0,0,0,0,0,0,0,0,4992,114,0,0,0,0,0,0,0,0
196,2017-04-24,09:01:39,0,TA709,XZCE,4992,4976,5026,379116,9474798700,1886082,1868158,5270,4766,5018,5010,0,5012,0,0,0,2017-04-24,32499000,4990,239,0,0,0,0,0,0,0,0,4992,178,0,0,0,0,0,0,0,0
197,2017-04-24,09:01:39,0,TA709,XZCE,4990,4976,5026,379122,9474948400,1886084,1868158,5270,4766,5018,5010,0,5012,0,0,0,2017-04-24,32499000,4990,237,0,0,0,0,0,0,0,0,4992,182,0,0,0,0,0,0,0,0
198,2017-04-24,09:01:40,0,TA709,XZCE,4992,4976,5026,379136,9475297840,1886082,1868158,5270,4766,5018,5010,0,5012,0,0,0,2017-04-24,32500000,4990,237,0,0,0,0,0,0,0,0,4992,227,0,0,0,0,0,0,0,0
199,2017-04-24,09:01:40,0,TA709,XZCE,4992,4976,5026,379160,9475896880,1886082,1868158,5270,4766,5018,5010,0,5012,0,0,0,2017-04-24,32500000,4990,237,0,0,0,0,0,0,0,0,4992,216,0,0,0,0,0,0,0,0
200,2017-04-24,09:01:41,0,TA709,XZCE,4992,4976,5026,379160,9475896880,1886082,1868158,5270,4766,5018,5010,0,5012,0,0,0,2017-04-24,32501000,4990,237,0,0,0,0,0,0,0,0,4992,219,0,0,0,0,0,0,0,0
201,2017-04-24,09:01:41,0,TA709,XZCE,4990,4976,5026,379162,9475946780,1886082,1868158,5270,4766,5018,5010,0,5012,0,0,0,2017-04-24,32501000,4990,267,0,0,0,0,0,0,0,0,4992,220,0,0,0,0,0,0,0,0
202,2017-04-24,09:01:42,0,TA709,XZCE,4990,4976,5026,379162,9475946780,1886082,1868158,5270,4766,5018,5010,0,5012,0,0,0,2017-04-24,32502000,4990,267,0,0,0,0,0,0,0,0,4992,221,0,0,0,0,0,0,0,0
203,2017-04-24,09:01:42,0,TA709,XZCE,4990,4976,5026,379192,9476695280,1886104,1868158,5270,4766,5018,5010,0,5012,0,0,0,2017-04-24,32502000,4990,253,0,0,0,0,0,0,0,0,4992,251,0,0,0,0,0,0,0,0
204,2017-04-24,09:01:43,0,TA709,XZCE,4990,4976,5026,379192,9476695280,1886104,1868158,5270,4766,5018,5010,0,5012,0,0,0,2017-04-24,32503000,4990,253,0,0,0,0,0,0,0,0,4992,252,0,0,0,0,0,0,0,0
205,2017-04-24,09:01:43,0,TA709,XZCE,4990,4976,5026,379196,9476795080,1886106,1868158,5270,4766,5018,5010,0,5012,0,0,0,2017-04-24,32503000,4990,253,0,0,0,0,0,0,0,0,4992,302,0,0,0,0,0,0,0,0
206,2017-04-24,09:01:44,0,TA709,XZCE,4990,4976,5026,379210,9477144380,1886106,1868158,5270,4766,5018,5010,0,5012,0,0,0,2017-04-24,32504000,4990,246,0,0,0,0,0,0,0,0,4992,307,0,0,0,0,0,0,0,0
207,2017-04-24,09:01:44,0,TA709,XZCE,4990,4976,5026,379210,9477144380,1886106,1868158,5270,4766,5018,5010,0,5012,0,0,0,2017-04-24,32504000,4990,246,0,0,0,0,0,0,0,0,4992,308,0,0,0,0,0,0,0,0
208,2017-04-24,09:01:45,0,TA709,XZCE,4990,4976,5026,379214,9477244180,1886110,1868158,5270,4766,5018,5010,0,5012,0,0,0,2017-04-24,32505000,4990,244,0,0,0,0,0,0,0,0,4992,313,0,0,0,0,0,0,0,0
209,2017-04-24,09:01:45,0,TA709,XZCE,4992,4976,5026,379256,9478292500,1886114,1868158,5270,4766,5018,5010,0,5012,0,0,0,2017-04-24,32505000,4990,243,0,0,0,0,0,0,0,0,4992,294,0,0,0,0,0,0,0,0
210,2017-04-24,09:01:46,0,TA709,XZCE,4992,4976,5026,379272,9478691860,1886126,1868158,5270,4766,5018,5010,0,5012,0,0,0,2017-04-24,32506000,4990,237,0,0,0,0,0,0,0,0,4992,292,0,0,0,0,0,0,0,0
211,2017-04-24,09:01:46,0,TA709,XZCE,4990,4976,5026,379282,9478941360,1886136,1868158,5270,4766,5018,5010,0,5012,0,0,0,2017-04-24,32506000,4990,232,0,0,0,0,0,0,0,0,4992,293,0,0,0,0,0,0,0,0
212,2017-04-24,09:01:47,0,TA709,XZCE,4992,4976,5026,379368,9481087920,1886180,1868158,5270,4766,5018,5010,0,5012,0,0,0,2017-04-24,32507000,4990,231,0,0,0,0,0,0,0,0,4992,251,0,0,0,0,0,0,0,0
213,2017-04-24,09:01:47,0,TA709,XZCE,4990,4976,5026,379370,9481137820,1886182,1868158,5270,4766,5018,5010,0,5012,0,0,0,2017-04-24,32507000,4990,230,0,0,0,0,0,0,0,0,4992,251,0,0,0,0,0,0,0,0
214,2017-04-24,09:01:48,0,TA709,XZCE,4990,4976,5026,379370,9481137820,1886182,1868158,5270,4766,5018,5010,0,5012,0,0,0,2017-04-24,32508000,4990,232,0,0,0,0,0,0,0,0,4992,253,0,0,0,0,0,0,0,0
215,2017-04-24,09:01:48,0,TA709,XZCE,4992,4976,5026,379592,9486678940,1886364,1868158,5270,4766,5018,5010,0,5012,0,0,0,2017-04-24,32508000,4990,131,0,0,0,0,0,0,0,0,4992,268,0,0,0,0,0,0,0,0
216,2017-04-24,09:01:49,0,TA709,XZCE,4990,4976,5026,379600,9486878540,1886366,1868158,5270,4766,5018,5010,0,5012,0,0,0,2017-04-24,32509000,4990,129,0,0,0,0,0,0,0,0,4992,319,0,0,0,0,0,0,0,0
217,2017-04-24,09:01:49,0,TA709,XZCE,4990,4976,5026,379626,9487527240,1886390,1868158,5270,4766,5018,5010,0,5012,0,0,0,2017-04-24,32509000,4990,116,0,0,0,0,0,0,0,0,4992,323,0,0,0,0,0,0,0,0
218,2017-04-24,09:01:50,0,TA709,XZCE,4990,4976,5026,379670,9488625040,1886384,1868158,5270,4766,5018,5010,0,5012,0,0,0,2017-04-24,32510000,4990,149,0,0,0,0,0,0,0,0,4992,321,0,0,0,0,0,0,0,0
219,2017-04-24,09:01:50,0,TA709,XZCE,4992,4976,5026,379676,9488774800,1886388,1868158,5270,4766,5018,5010,0,5012,0,0,0,2017-04-24,32510000,4990,147,0,0,0,0,0,0,0,0,4992,319,0,0,0,0,0,0,0,0
220,2017-04-24,09:01:51,0,TA709,XZCE,4992,4976,5026,379686,9489024400,1886388,1868158,5270,4766,5018,5010,0,5012,0,0,0,2017-04-24,32511000,4990,148,0,0,0,0,0,0,0,0,4992,314,0,0,0,0,0,0,0,0
221,2017-04-24,09:01:51,0,TA709,XZCE,4992,4976,5026,379694,9489224080,1886388,1868158,5270,4766,5018,5010,0,5012,0,0,0,2017-04-24,32511000,4990,147,0,0,0,0,0,0,0,0,4992,310,0,0,0,0,0,0,0,0
222,2017-04-24,09:01:52,0,TA709,XZCE,4990,4976,5026,379696,9489273980,1886390,1868158,5270,4766,5018,5010,0,5012,0,0,0,2017-04-24,32512000,4990,146,0,0,0,0,0,0,0,0,4992,320,0,0,0,0,0,0,0,0
223,2017-04-24,09:01:52,0,TA709,XZCE,4990,4976,5026,379766,9491020480,1886354,1868158,5270,4766,5018,5010,0,5012,0,0,0,2017-04-24,32512000,4990,141,0,0,0,0,0,0,0,0,4992,295,0,0,0,0,0,0,0,0
224,2017-04-24,09:01:53,0,TA709,XZCE,4990,4976,5026,379770,9491120280,1886354,1868158,5270,4766,5018,5010,0,5012,0,0,0,2017-04-24,32513000,4990,140,0,0,0,0,0,0,0,0,4992,299,0,0,0,0,0,0,0,0
225,2017-04-24,09:01:53,0,TA709,XZCE,4992,4976,5026,379792,9491669400,1886334,1868158,5270,4766,5018,5010,0,5012,0,0,0,2017-04-24,32513000,4990,139,0,0,0,0,0,0,0,0,4992,289,0,0,0,0,0,0,0,0
226,2017-04-24,09:01:54,0,TA709,XZCE,4992,4976,5026,379804,9491968920,1886336,1868158,5270,4766,5018,5010,0,5012,0,0,0,2017-04-24,32514000,4990,140,0,0,0,0,0,0,0,0,4992,284,0,0,0,0,0,0,0,0
227,2017-04-24,09:01:54,0,TA709,XZCE,4990,4976,5026,379806,9492018820,1886338,1868158,5270,4766,5018,5010,0,5012,0,0,0,2017-04-24,32514000,4990,142,0,0,0,0,0,0,0,0,4992,279,0,0,0,0,0,0,0,0
228,2017-04-24,09:01:55,0,TA709,XZCE,4990,4976,5026,379810,9492118620,1886340,1868158,5270,4766,5018,5010,0,5012,0,0,0,2017-04-24,32515000,4990,138,0,0,0,0,0,0,0,0,4992,279,0,0,0,0,0,0,0,0
229,2017-04-24,09:01:55,0,TA709,XZCE,4990,4976,5026,379866,9493515820,1886356,1868158,5270,4766,5018,5010,0,5012,0,0,0,2017-04-24,32515000,4990,130,0,0,0,0,0,0,0,0,4992,280,0,0,0,0,0,0,0,0
230,2017-04-24,09:01:56,0,TA709,XZCE,4990,4976,5026,379958,9495811220,1886376,1868158,5270,4766,5018,5010,0,5012,0,0,0,2017-04-24,32516000,4990,84,0,0,0,0,0,0,0,0,4992,280,0,0,0,0,0,0,0,0
231,2017-04-24,09:01:56,0,TA709,XZCE,4992,4976,5026,379974,9496210580,1886364,1868158,5270,4766,5018,5010,0,5012,0,0,0,2017-04-24,32516000,4990,87,0,0,0,0,0,0,0,0,4992,274,0,0,0,0,0,0,0,0
232,2017-04-24,09:01:57,0,TA709,XZCE,4990,4976,5026,380036,9497757480,1886350,1868158,5270,4766,5018,5010,0,5012,0,0,0,2017-04-24,32517000,4990,65,0,0,0,0,0,0,0,0,4992,266,0,0,0,0,0,0,0,0
233,2017-04-24,09:01:57,0,TA709,XZCE,4990,4976,5026,380080,9498855280,1886326,1868158,5270,4766,5018,5010,0,5012,0,0,0,2017-04-24,32517000,4990,63,0,0,0,0,0,0,0,0,4992,246,0,0,0,0,0,0,0,0
234,2017-04-24,09:01:58,0,TA709,XZCE,4990,4976,5026,380082,9498905180,1886326,1868158,5270,4766,5018,5010,0,5012,0,0,0,2017-04-24,32518000,4990,67,0,0,0,0,0,0,0,0,4992,246,0,0,0,0,0,0,0,0
235,2017-04-24,09:01:59,0,TA709,XZCE,4990,4976,5026,380082,9498905180,1886326,1868158,5270,4766,5018,5010,0,5012,0,0,0,2017-04-24,32519000,4990,70,0,0,0,0,0,0,0,0,4992,250,0,0,0,0,0,0,0,0
236,2017-04-24,09:02:00,0,TA709,XZCE,4990,4976,5026,380082,9498905180,1886326,1868158,5270,4766,5018,5010,0,5012,0,0,0,2017-04-24,32520000,4990,70,0,0,0,0,0,0,0,0,4992,251,0,0,0,0,0,0,0,0
237,2017-04-24,09:02:00,0,TA709,XZCE,4992,4976,5026,380200,9501850460,1886360,1868158,5270,4766,5018,5010,0,5012,0,0,0,2017-04-24,32520000,4990,12,0,0,0,0,0,0,0,0,4992,254,0,0,0,0,0,0,0,0
238,2017-04-24,09:02:01,0,TA709,XZCE,4990,4976,5026,380204,9501950260,1886362,1868158,5270,4766,5018,5010,0,5012,0,0,0,2017-04-24,32521000,4990,10,0,0,0,0,0,0,0,0,4992,254,0,0,0,0,0,0,0,0
239,2017-04-24,09:02:01,0,TA709,XZCE,4992,4976,5026,380206,9502000180,1886360,1868158,5270,4766,5018,5010,0,5012,0,0,0,2017-04-24,32521000,4990,10,0,0,0,0,0,0,0,0,4992,253,0,0,0,0,0,0,0,0
240,2017-04-24,09:02:02,0,TA709,XZCE,4990,4976,5026,380212,9502149880,1886356,1868158,5270,4766,5018,5010,0,5012,0,0,0,2017-04-24,32522000,4990,10,0,0,0,0,0,0,0,0,4992,251,0,0,0,0,0,0,0,0
241,2017-04-24,09:02:02,0,TA709,XZCE,4990,4976,5026,380218,9502299580,1886362,1868158,5270,4766,5018,5010,0,5012,0,0,0,2017-04-24,32522000,4990,8,0,0,0,0,0,0,0,0,4992,252,0,0,0,0,0,0,0,0
242,2017-04-24,09:02:03,0,TA709,XZCE,4990,4976,5026,380224,9502449280,1886364,1868158,5270,4766,5018,5010,0,5012,0,0,0,2017-04-24,32523000,4990,7,0,0,0,0,0,0,0,0,4992,279,0,0,0,0,0,0,0,0
243,2017-04-24,09:02:03,0,TA709,XZCE,4990,4976,5026,380250,9503097980,1886344,1868158,5270,4766,5018,5010,0,5012,0,0,0,2017-04-24,32523000,4990,4,0,0,0,0,0,0,0,0,4992,274,0,0,0,0,0,0,0,0
244,2017-04-24,09:02:04,0,TA709,XZCE,4990,4976,5026,380260,9503347480,1886352,1868158,5270,4766,5018,5010,0,5012,0,0,0,2017-04-24,32524000,4988,338,0,0,0,0,0,0,0,0,4990,137,0,0,0,0,0,0,0,0
245,2017-04-24,09:02:04,0,TA709,XZCE,4988,4976,5026,380306,9504494720,1886376,1868158,5270,4766,5018,5010,0,5012,0,0,0,2017-04-24,32524000,4988,317,0,0,0,0,0,0,0,0,4990,140,0,0,0,0,0,0,0,0
246,2017-04-24,09:02:05,0,TA709,XZCE,4988,4976,5026,380322,9504893760,1886378,1868158,5270,4766,5018,5010,0,5012,0,0,0,2017-04-24,32525000,4988,309,0,0,0,0,0,0,0,0,4990,150,0,0,0,0,0,0,0,0
247,2017-04-24,09:02:05,0,TA709,XZCE,4990,4976,5026,380336,9505243060,1886380,1868158,5270,4766,5018,5010,0,5012,0,0,0,2017-04-24,32525000,4988,303,0,0,0,0,0,0,0,0,4990,164,0,0,0,0,0,0,0,0
248,2017-04-24,09:02:06,0,TA709,XZCE,4988,4976,5026,380344,9505442580,1886380,1868158,5270,4766,5018,5010,0,5012,0,0,0,2017-04-24,32526000,4988,305,0,0,0,0,0,0,0,0,4990,165,0,0,0,0,0,0,0,0
249,2017-04-24,09:02:06,0,TA709,XZCE,4990,4976,5026,380346,9505492480,1886382,1868158,5270,4766,5018,5010,0,5012,0,0,0,2017-04-24,32526000,4988,311,0,0,0,0,0,0,0,0,4990,169,0,0,0,0,0,0,0,0
250,2017-04-24,09:02:07,0,TA709,XZCE,4988,4976,5026,380348,9505542360,1886382,1868158,5270,4766,5018,5010,0,5012,0,0,0,2017-04-24,32527000,4988,310,0,0,0,0,0,0,0,0,4990,170,0,0,0,0,0,0,0,0
251,2017-04-24,09:02:07,0,TA709,XZCE,4988,4976,5026,380354,9505692000,1886388,1868158,5270,4766,5018,5010,0,5012,0,0,0,2017-04-24,32527000,4988,316,0,0,0,0,0,0,0,0,4990,168,0,0,0,0,0,0,0,0
252,2017-04-24,09:02:08,0,TA709,XZCE,4988,4976,5026,380370,9506091040,1886392,1868158,5270,4766,5018,5010,0,5012,0,0,0,2017-04-24,32528000,4988,317,0,0,0,0,0,0,0,0,4990,169,0,0,0,0,0,0,0,0
253,2017-04-24,09:02:08,0,TA709,XZCE,4988,4976,5026,380498,9509283360,1886502,1868158,5270,4766,5018,5010,0,5012,0,0,0,2017-04-24,32528000,4988,260,0,0,0,0,0,0,0,0,4990,171,0,0,0,0,0,0,0,0
254,2017-04-24,09:02:09,0,TA709,XZCE,4988,4976,5026,380498,9509283360,1886502,1868158,5270,4766,5018,5010,0,5012,0,0,0,2017-04-24,32529000,4988,263,0,0,0,0,0,0,0,0,4990,171,0,0,0,0,0,0,0,0
255,2017-04-24,09:02:09,0,TA709,XZCE,4990,4976,5026,380500,9509333260,1886504,1868158,5270,4766,5018,5010,0,5012,0,0,0,2017-04-24,32529000,4988,257,0,0,0,0,0,0,0,0,4990,171,0,0,0,0,0,0,0,0
256,2017-04-24,09:02:10,0,TA709,XZCE,4990,4976,5026,380512,9509632660,1886516,1868158,5270,4766,5018,5010,0,5012,0,0,0,2017-04-24,32530000,4988,257,0,0,0,0,0,0,0,0,4990,165,0,0,0,0,0,0,0,0
257,2017-04-24,09:02:10,0,TA709,XZCE,4988,4976,5026,380554,9510680140,1886546,1868158,5270,4766,5018,5010,0,5012,0,0,0,2017-04-24,32530000,4988,237,0,0,0,0,0,0,0,0,4990,166,0,0,0,0,0,0,0,0
258,2017-04-24,09:02:11,0,TA709,XZCE,4986,4976,5026,381014,9522147940,1886726,1868158,5270,4766,5018,5010,0,5012,0,0,0,2017-04-24,32531000,4986,409,0,0,0,0,0,0,0,0,4988,175,0,0,0,0,0,0,0,0
259,2017-04-24,09:02:11,0,TA709,XZCE,4988,4976,5026,381082,9523843860,1886714,1868158,5270,4766,5018,5010,0,5012,0,0,0,2017-04-24,32531000,4986,377,0,0,0,0,0,0,0,0,4988,206,0,0,0,0,0,0,0,0
260,2017-04-24,09:02:12,0,TA709,XZCE,4986,4976,5026,381108,9524492040,1886738,1868158,5270,4766,5018,5010,0,5012,0,0,0,2017-04-24,32532000,4986,365,0,0,0,0,0,0,0,0,4988,207,0,0,0,0,0,0,0,0
261,2017-04-24,09:02:12,0,TA709,XZCE,4986,4976,5026,381114,9524641620,1886742,1868158,5270,4766,5018,5010,0,5012,0,0,0,2017-04-24,32532000,4986,362,0,0,0,0,0,0,0,0,4988,207,0,0,0,0,0,0,0,0
262,2017-04-24,09:02:13,0,TA709,XZCE,4986,4976,5026,381252,9528081960,1886872,1868158,5270,4766,5018,5010,0,5012,0,0,0,2017-04-24,32533000,4986,343,0,0,0,0,0,0,0,0,4988,164,0,0,0,0,0,0,0,0
263,2017-04-24,09:02:13,0,TA709,XZCE,4986,4976,5026,381282,9528829860,1886894,1868158,5270,4766,5018,5010,0,5012,0,0,0,2017-04-24,32533000,4986,321,0,0,0,0,0,0,0,0,4988,162,0,0,0,0,0,0,0,0
264,2017-04-24,09:02:14,0,TA709,XZCE,4986,4976,5026,381288,9528979440,1886900,1868158,5270,4766,5018,5010,0,5012,0,0,0,2017-04-24,32534000,4986,318,0,0,0,0,0,0,0,0,4988,162,0,0,0,0,0,0,0,0
265,2017-04-24,09:02:14,0,TA709,XZCE,4986,4976,5026,381302,9529328460,1886912,1868158,5270,4766,5018,5010,0,5012,0,0,0,2017-04-24,32534000,4986,312,0,0,0,0,0,0,0,0,4988,162,0,0,0,0,0,0,0,0
266,2017-04-24,09:02:15,0,TA709,XZCE,4986,4976,5026,381326,9529926780,1886934,1868158,5270,4766,5018,5010,0,5012,0,0,0,2017-04-24,32535000,4986,322,0,0,0,0,0,0,0,0,4988,151,0,0,0,0,0,0,0,0
267,2017-04-24,09:02:15,0,TA709,XZCE,4986,4976,5026,381334,9530126220,1886942,1868158,5270,4766,5018,5010,0,5012,0,0,0,2017-04-24,32535000,4986,318,0,0,0,0,0,0,0,0,4988,151,0,0,0,0,0,0,0,0
268,2017-04-24,09:02:16,0,TA709,XZCE,4986,4976,5026,381370,9531023700,1886978,1868158,5270,4766,5018,5010,0,5012,0,0,0,2017-04-24,32536000,4986,314,0,0,0,0,0,0,0,0,4988,138,0,0,0,0,0,0,0,0
269,2017-04-24,09:02:16,0,TA709,XZCE,4986,4976,5026,381372,9531073560,1886980,1868158,5270,4766,5018,5010,0,5012,0,0,0,2017-04-24,32536000,4986,313,0,0,0,0,0,0,0,0,4988,133,0,0,0,0,0,0,0,0
270,2017-04-24,09:02:17,0,TA709,XZCE,4986,4976,5026,381380,9531273000,1886980,1868158,5270,4766,5018,5010,0,5012,0,0,0,2017-04-24,32537000,4986,312,0,0,0,0,0,0,0,0,4988,153,0,0,0,0,0,0,0,0
271,2017-04-24,09:02:17,0,TA709,XZCE,4988,4976,5026,381390,9531522400,1886988,1868158,5270,4766,5018,5010,0,5012,0,0,0,2017-04-24,32537000,4986,311,0,0,0,0,0,0,0,0,4988,149,0,0,0,0,0,0,0,0
272,2017-04-24,09:02:18,0,TA709,XZCE,4986,4976,5026,381396,9531671980,1886992,1868158,5270,4766,5018,5010,0,5012,0,0,0,2017-04-24,32538000,4986,319,0,0,0,0,0,0,0,0,4988,149,0,0,0,0,0,0,0,0
273,2017-04-24,09:02:18,0,TA709,XZCE,4988,4976,5026,381400,9531771740,1886992,1868158,5270,4766,5018,5010,0,5012,0,0,0,2017-04-24,32538000,4986,318,0,0,0,0,0,0,0,0,4988,148,0,0,0,0,0,0,0,0
274,2017-04-24,09:02:19,0,TA709,XZCE,4986,4976,5026,381406,9531921320,1886998,1868158,5270,4766,5018,5010,0,5012,0,0,0,2017-04-24,32539000,4986,315,0,0,0,0,0,0,0,0,4988,149,0,0,0,0,0,0,0,0
275,2017-04-24,09:02:19,0,TA709,XZCE,4988,4976,5026,381448,9532968800,1887040,1868158,5270,4766,5018,5010,0,5012,0,0,0,2017-04-24,32539000,4986,317,0,0,0,0,0,0,0,0,4988,133,0,0,0,0,0,0,0,0
276,2017-04-24,09:02:20,0,TA709,XZCE,4988,4976,5026,381662,9538305960,1887092,1868158,5270,4766,5018,5010,0,5012,0,0,0,2017-04-24,32540000,4986,201,0,0,0,0,0,0,0,0,4988,142,0,0,0,0,0,0,0,0
277,2017-04-24,09:02:20,0,TA709,XZCE,4986,4976,5026,381674,9538605120,1887090,1868158,5270,4766,5018,5010,0,5012,0,0,0,2017-04-24,32540000,4986,202,0,0,0,0,0,0,0,0,4988,137,0,0,0,0,0,0,0,0
278,2017-04-24,09:02:21,0,TA709,XZCE,4986,4976,5026,381708,9539452740,1887090,1868158,5270,4766,5018,5010,0,5012,0,0,0,2017-04-24,32541000,4986,266,0,0,0,0,0,0,0,0,4988,138,0,0,0,0,0,0,0,0
279,2017-04-24,09:02:21,0,TA709,XZCE,4986,4976,5026,381944,9545336220,1887218,1868158,5270,4766,5018,5010,0,5012,0,0,0,2017-04-24,32541000,4986,156,0,0,0,0,0,0,0,0,4988,131,0,0,0,0,0,0,0,0
280,2017-04-24,09:02:22,0,TA709,XZCE,4986,4976,5026,382328,9554909340,1887356,1868158,5270,4766,5018,5010,0,5012,0,0,0,2017-04-24,32542000,4986,89,0,0,0,0,0,0,0,0,4988,162,0,0,0,0,0,0,0,0
281,2017-04-24,09:02:22,0,TA709,XZCE,4986,4976,5026,382506,9559346880,1887356,1868158,5270,4766,5018,5010,0,5012,0,0,0,2017-04-24,32542000,4984,228,0,0,0,0,0,0,0,0,4986,4,0,0,0,0,0,0,0,0
282,2017-04-24,09:02:23,0,TA709,XZCE,4986,4976,5026,382598,9561640440,1887434,1868158,5270,4766,5018,5010,0,5012,0,0,0,2017-04-24,32543000,4986,21,0,0,0,0,0,0,0,0,4988,205,0,0,0,0,0,0,0,0
283,2017-04-24,09:02:23,0,TA709,XZCE,4986,4976,5026,382608,9561889740,1887430,1868158,5270,4766,5018,5010,0,5012,0,0,0,2017-04-24,32543000,4986,19,0,0,0,0,0,0,0,0,4988,218,0,0,0,0,0,0,0,0
284,2017-04-24,09:02:24,0,TA709,XZCE,4986,4976,5026,382610,9561939600,1887430,1868158,5270,4766,5018,5010,0,5012,0,0,0,2017-04-24,32544000,4986,24,0,0,0,0,0,0,0,0,4988,219,0,0,0,0,0,0,0,0
285,2017-04-24,09:02:24,0,TA709,XZCE,4986,4976,5026,382662,9563235960,1887382,1868158,5270,4766,5018,5010,0,5012,0,0,0,2017-04-24,32544000,4984,226,0,0,0,0,0,0,0,0,4986,18,0,0,0,0,0,0,0,0
286,2017-04-24,09:02:25,0,TA709,XZCE,4986,4976,5026,382684,9563784420,1887402,1868158,5270,4766,5018,5010,0,5012,0,0,0,2017-04-24,32545000,4984,225,0,0,0,0,0,0,0,0,4986,342,0,0,0,0,0,0,0,0
287,2017-04-24,09:02:25,0,TA709,XZCE,4986,4976,5026,382684,9563784420,1887402,1868158,5270,4766,5018,5010,0,5012,0,0,0,2017-04-24,32545000,4984,226,0,0,0,0,0,0,0,0,4986,344,0,0,0,0,0,0,0,0
288,2017-04-24,09:02:26,0,TA709,XZCE,4986,4976,5026,382688,9563884140,1887402,1868158,5270,4766,5018,5010,0,5012,0,0,0,2017-04-24,32546000,4984,226,0,0,0,0,0,0,0,0,4986,355,0,0,0,0,0,0,0,0
289,2017-04-24,09:02:26,0,TA709,XZCE,4984,4976,5026,382692,9563983820,1887404,1868158,5270,4766,5018,5010,0,5012,0,0,0,2017-04-24,32546000,4984,224,0,0,0,0,0,0,0,0,4986,356,0,0,0,0,0,0,0,0
290,2017-04-24,09:02:27,0,TA709,XZCE,4984,4976,5026,382744,9565279660,1887394,1868158,5270,4766,5018,5010,0,5012,0,0,0,2017-04-24,32547000,4984,190,0,0,0,0,0,0,0,0,4986,362,0,0,0,0,0,0,0,0
291,2017-04-24,09:02:27,0,TA709,XZCE,4984,4976,5026,382746,9565329500,1887394,1868158,5270,4766,5018,5010,0,5012,0,0,0,2017-04-24,32547000,4984,189,0,0,0,0,0,0,0,0,4986,371,0,0,0,0,0,0,0,0
292,2017-04-24,09:02:28,0,TA709,XZCE,4984,4976,5026,382786,9566326300,1887394,1868158,5270,4766,5018,5010,0,5012,0,0,0,2017-04-24,32548000,4984,170,0,0,0,0,0,0,0,0,4986,371,0,0,0,0,0,0,0,0
293,2017-04-24,09:02:28,0,TA709,XZCE,4984,4976,5026,382828,9567372940,1887354,1868158,5270,4766,5018,5010,0,5012,0,0,0,2017-04-24,32548000,4984,150,0,0,0,0,0,0,0,0,4986,371,0,0,0,0,0,0,0,0
294,2017-04-24,09:02:29,0,TA709,XZCE,4984,4976,5026,382872,9568469420,1887390,1868158,5270,4766,5018,5010,0,5012,0,0,0,2017-04-24,32549000,4984,149,0,0,0,0,0,0,0,0,4986,350,0,0,0,0,0,0,0,0
295,2017-04-24,09:02:29,0,TA709,XZCE,4984,4976,5026,382874,9568519260,1887388,1868158,5270,4766,5018,5010,0,5012,0,0,0,2017-04-24,32549000,4984,150,0,0,0,0,0,0,0,0,4986,316,0,0,0,0,0,0,0,0
296,2017-04-24,09:02:30,0,TA709,XZCE,4984,4976,5026,382874,9568519260,1887388,1868158,5270,4766,5018,5010,0,5012,0,0,0,2017-04-24,32550000,4984,151,0,0,0,0,0,0,0,0,4986,316,0,0,0,0,0,0,0,0
297,2017-04-24,09:02:30,0,TA709,XZCE,4984,4976,5026,382876,9568569100,1887386,1868158,5270,4766,5018,5010,0,5012,0,0,0,2017-04-24,32550000,4984,151,0,0,0,0,0,0,0,0,4986,316,0,0,0,0,0,0,0,0
298,2017-04-24,09:02:31,0,TA709,XZCE,4984,4976,5026,382906,9569316700,1887396,1868158,5270,4766,5018,5010,0,5012,0,0,0,2017-04-24,32551000,4984,156,0,0,0,0,0,0,0,0,4986,306,0,0,0,0,0,0,0,0
299,2017-04-24,09:02:31,0,TA709,XZCE,4984,4976,5026,382926,9569815100,1887412,1868158,5270,4766,5018,5010,0,5012,0,0,0,2017-04-24,32551000,4984,146,0,0,0,0,0,0,0,0,4986,306,0,0,0,0,0,0,0,0
300,2017-04-24,09:02:32,0,TA709,XZCE,4984,4976,5026,382934,9570014460,1887414,1868158,5270,4766,5018,5010,0,5012,0,0,0,2017-04-24,32552000,4984,152,0,0,0,0,0,0,0,0,4986,315,0,0,0,0,0,0,0,0
301,2017-04-24,09:02:32,0,TA709,XZCE,4984,4976,5026,382938,9570114140,1887416,1868158,5270,4766,5018,5010,0,5012,0,0,0,2017-04-24,32552000,4984,151,0,0,0,0,0,0,0,0,4986,315,0,0,0,0,0,0,0,0
302,2017-04-24,09:02:33,0,TA709,XZCE,4984,4976,5026,382944,9570263660,1887418,1868158,5270,4766,5018,5010,0,5012,0,0,0,2017-04-24,32553000,4984,149,0,0,0,0,0,0,0,0,4986,316,0,0,0,0,0,0,0,0
303,2017-04-24,09:02:33,0,TA709,XZCE,4984,4976,5026,382950,9570413180,1887422,1868158,5270,4766,5018,5010,0,5012,0,0,0,2017-04-24,32553000,4984,168,0,0,0,0,0,0,0,0,4986,317,0,0,0,0,0,0,0,0
304,2017-04-24,09:02:34,0,TA709,XZCE,4984,4976,5026,383012,9571958220,1887484,1868158,5270,4766,5018,5010,0,5012,0,0,0,2017-04-24,32554000,4984,168,0,0,0,0,0,0,0,0,4986,287,0,0,0,0,0,0,0,0
305,2017-04-24,09:02:34,0,TA709,XZCE,4984,4976,5026,383014,9572008060,1887486,1868158,5270,4766,5018,5010,0,5012,0,0,0,2017-04-24,32554000,4984,167,0,0,0,0,0,0,0,0,4986,294,0,0,0,0,0,0,0,0
306,2017-04-24,09:02:35,0,TA709,XZCE,4986,4976,5026,383028,9572357080,1887490,1868158,5270,4766,5018,5010,0,5012,0,0,0,2017-04-24,32555000,4984,165,0,0,0,0,0,0,0,0,4986,290,0,0,0,0,0,0,0,0
307,2017-04-24,09:02:35,0,TA709,XZCE,4986,4976,5026,383046,9572805820,1887506,1868158,5270,4766,5018,5010,0,5012,0,0,0,2017-04-24,32555000,4984,172,0,0,0,0,0,0,0,0,4986,305,0,0,0,0,0,0,0,0
308,2017-04-24,09:02:36,0,TA709,XZCE,4984,4976,5026,383064,9573254380,1887516,1868158,5270,4766,5018,5010,0,5012,0,0,0,2017-04-24,32556000,4984,165,0,0,0,0,0,0,0,0,4986,303,0,0,0,0,0,0,0,0
309,2017-04-24,09:02:36,0,TA709,XZCE,4986,4976,5026,383068,9573354100,1887520,1868158,5270,4766,5018,5010,0,5012,0,0,0,2017-04-24,32556000,4984,171,0,0,0,0,0,0,0,0,4986,302,0,0,0,0,0,0,0,0
310,2017-04-24,09:02:37,0,TA709,XZCE,4986,4976,5026,383084,9573752980,1887522,1868158,5270,4766,5018,5010,0,5012,0,0,0,2017-04-24,32557000,4984,166,0,0,0,0,0,0,0,0,4986,301,0,0,0,0,0,0,0,0
311,2017-04-24,09:02:37,0,TA709,XZCE,4984,4976,5026,383330,9579883300,1887700,1868158,5270,4766,5018,5010,0,5012,0,0,0,2017-04-24,32557000,4984,74,0,0,0,0,0,0,0,0,4986,302,0,0,0,0,0,0,0,0
312,2017-04-24,09:02:38,0,TA709,XZCE,4984,4976,5026,383332,9579933140,1887702,1868158,5270,4766,5018,5010,0,5012,0,0,0,2017-04-24,32558000,4984,74,0,0,0,0,0,0,0,0,4986,312,0,0,0,0,0,0,0,0
313,2017-04-24,09:02:38,0,TA709,XZCE,4984,4976,5026,383358,9580581060,1887708,1868158,5270,4766,5018,5010,0,5012,0,0,0,2017-04-24,32558000,4984,65,0,0,0,0,0,0,0,0,4986,312,0,0,0,0,0,0,0,0
314,2017-04-24,09:02:39,0,TA709,XZCE,4984,4976,5026,383366,9580780420,1887716,1868158,5270,4766,5018,5010,0,5012,0,0,0,2017-04-24,32559000,4984,64,0,0,0,0,0,0,0,0,4986,312,0,0,0,0,0,0,0,0
315,2017-04-24,09:02:39,0,TA709,XZCE,4984,4976,5026,383380,9581129300,1887728,1868158,5270,4766,5018,5010,0,5012,0,0,0,2017-04-24,32559000,4984,58,0,0,0,0,0,0,0,0,4986,311,0,0,0,0,0,0,0,0
316,2017-04-24,09:02:40,0,TA709,XZCE,4984,4976,5026,383386,9581278820,1887732,1868158,5270,4766,5018,5010,0,5012,0,0,0,2017-04-24,32560000,4984,59,0,0,0,0,0,0,0,0,4986,310,0,0,0,0,0,0,0,0
317,2017-04-24,09:02:40,0,TA709,XZCE,4984,4976,5026,383400,9581627700,1887730,1868158,5270,4766,5018,5010,0,5012,0,0,0,2017-04-24,32560000,4984,56,0,0,0,0,0,0,0,0,4986,308,0,0,0,0,0,0,0,0
318,2017-04-24,09:02:41,0,TA709,XZCE,4986,4976,5026,383414,9581976720,1887732,1868158,5270,4766,5018,5010,0,5012,0,0,0,2017-04-24,32561000,4984,58,0,0,0,0,0,0,0,0,4986,302,0,0,0,0,0,0,0,0
319,2017-04-24,09:02:41,0,TA709,XZCE,4984,4976,5026,383434,9582475120,1887738,1868158,5270,4766,5018,5010,0,5012,0,0,0,2017-04-24,32561000,4984,48,0,0,0,0,0,0,0,0,4986,292,0,0,0,0,0,0,0,0
320,2017-04-24,09:02:42,0,TA709,XZCE,4984,4976,5026,383496,9584020160,1887736,1868158,5270,4766,5018,5010,0,5012,0,0,0,2017-04-24,32562000,4984,22,0,0,0,0,0,0,0,0,4986,290,0,0,0,0,0,0,0,0
321,2017-04-24,09:02:42,0,TA709,XZCE,4984,4976,5026,383550,9585365840,1887758,1868158,5270,4766,5018,5010,0,5012,0,0,0,2017-04-24,32562000,4984,5,0,0,0,0,0,0,0,0,4986,286,0,0,0,0,0,0,0,0
322,2017-04-24,09:02:43,0,TA709,XZCE,4984,4976,5026,383556,9585515360,1887758,1868158,5270,4766,5018,5010,0,5012,0,0,0,2017-04-24,32563000,4984,29,0,0,0,0,0,0,0,0,4986,293,0,0,0,0,0,0,0,0
323,2017-04-24,09:02:43,0,TA709,XZCE,4984,4976,5026,383556,9585515360,1887758,1868158,5270,4766,5018,5010,0,5012,0,0,0,2017-04-24,32563000,4984,29,0,0,0,0,0,0,0,0,4986,298,0,0,0,0,0,0,0,0
324,2017-04-24,09:02:44,0,TA709,XZCE,4984,4976,5026,383562,9585664880,1887762,1868158,5270,4766,5018,5010,0,5012,0,0,0,2017-04-24,32564000,4984,28,0,0,0,0,0,0,0,0,4986,298,0,0,0,0,0,0,0,0
325,2017-04-24,09:02:44,0,TA709,XZCE,4984,4976,5026,383572,9585914080,1887762,1868158,5270,4766,5018,5010,0,5012,0,0,0,2017-04-24,32564000,4984,135,0,0,0,0,0,0,0,0,4986,299,0,0,0,0,0,0,0,0
326,2017-04-24,09:02:45,0,TA709,XZCE,4984,4976,5026,383576,9586013760,1887764,1868158,5270,4766,5018,5010,0,5012,0,0,0,2017-04-24,32565000,4984,136,0,0,0,0,0,0,0,0,4986,299,0,0,0,0,0,0,0,0
327,2017-04-24,09:02:45,0,TA709,XZCE,4986,4976,5026,383578,9586063620,1887766,1868158,5270,4766,5018,5010,0,5012,0,0,0,2017-04-24,32565000,4984,149,0,0,0,0,0,0,0,0,4986,293,0,0,0,0,0,0,0,0
328,2017-04-24,09:02:46,0,TA709,XZCE,4984,4976,5026,383652,9587907700,1887732,1868158,5270,4766,5018,5010,0,5012,0,0,0,2017-04-24,32566000,4984,144,0,0,0,0,0,0,0,0,4986,293,0,0,0,0,0,0,0,0
329,2017-04-24,09:02:46,0,TA709,XZCE,4984,4976,5026,383664,9588206740,1887728,1868158,5270,4766,5018,5010,0,5012,0,0,0,2017-04-24,32566000,4984,142,0,0,0,0,0,0,0,0,4986,294,0,0,0,0,0,0,0,0
330,2017-04-24,09:02:47,0,TA709,XZCE,4986,4976,5026,383668,9588306460,1887732,1868158,5270,4766,5018,5010,0,5012,0,0,0,2017-04-24,32567000,4984,143,0,0,0,0,0,0,0,0,4986,281,0,0,0,0,0,0,0,0
331,2017-04-24,09:02:47,0,TA709,XZCE,4984,4976,5026,383706,9589253420,1887724,1868158,5270,4766,5018,5010,0,5012,0,0,0,2017-04-24,32567000,4984,157,0,0,0,0,0,0,0,0,4986,259,0,0,0,0,0,0,0,0
332,2017-04-24,09:02:48,0,TA709,XZCE,4984,4976,5026,383710,9589353100,1887726,1868158,5270,4766,5018,5010,0,5012,0,0,0,2017-04-24,32568000,4984,160,0,0,0,0,0,0,0,0,4986,259,0,0,0,0,0,0,0,0
333,2017-04-24,09:02:48,0,TA709,XZCE,4986,4976,5026,383726,9589751980,1887724,1868158,5270,4766,5018,5010,0,5012,0,0,0,2017-04-24,32568000,4984,159,0,0,0,0,0,0,0,0,4986,253,0,0,0,0,0,0,0,0
334,2017-04-24,09:02:49,0,TA709,XZCE,4984,4976,5026,383732,9589901500,1887720,1868158,5270,4766,5018,5010,0,5012,0,0,0,2017-04-24,32569000,4984,158,0,0,0,0,0,0,0,0,4986,259,0,0,0,0,0,0,0,0
335,2017-04-24,09:02:49,0,TA709,XZCE,4986,4976,5026,383734,9589951360,1887722,1868158,5270,4766,5018,5010,0,5012,0,0,0,2017-04-24,32569000,4984,162,0,0,0,0,0,0,0,0,4986,262,0,0,0,0,0,0,0,0
336,2017-04-24,09:02:50,0,TA709,XZCE,4984,4976,5026,383740,9590100880,1887720,1868158,5270,4766,5018,5010,0,5012,0,0,0,2017-04-24,32570000,4984,160,0,0,0,0,0,0,0,0,4986,262,0,0,0,0,0,0,0,0
337,2017-04-24,09:02:50,0,TA709,XZCE,4984,4976,5026,383746,9590250400,1887718,1868158,5270,4766,5018,5010,0,5012,0,0,0,2017-04-24,32570000,4984,157,0,0,0,0,0,0,0,0,4986,271,0,0,0,0,0,0,0,0
338,2017-04-24,09:02:51,0,TA709,XZCE,4986,4976,5026,383756,9590499700,1887718,1868158,5270,4766,5018,5010,0,5012,0,0,0,2017-04-24,32571000,4984,154,0,0,0,0,0,0,0,0,4986,266,0,0,0,0,0,0,0,0
339,2017-04-24,09:02:51,0,TA709,XZCE,4986,4976,5026,383756,9590499700,1887718,1868158,5270,4766,5018,5010,0,5012,0,0,0,2017-04-24,32571000,4984,156,0,0,0,0,0,0,0,0,4986,266,0,0,0,0,0,0,0,0
340,2017-04-24,09:02:52,0,TA709,XZCE,4986,4976,5026,383758,9590549560,1887720,1868158,5270,4766,5018,5010,0,5012,0,0,0,2017-04-24,32572000,4984,157,0,0,0,0,0,0,0,0,4986,265,0,0,0,0,0,0,0,0
341,2017-04-24,09:02:52,0,TA709,XZCE,4984,4976,5026,383760,9590599400,1887720,1868158,5270,4766,5018,5010,0,5012,0,0,0,2017-04-24,32572000,4984,166,0,0,0,0,0,0,0,0,4986,265,0,0,0,0,0,0,0,0
342,2017-04-24,09:02:53,0,TA709,XZCE,4986,4976,5026,383762,9590649260,1887722,1868158,5270,4766,5018,5010,0,5012,0,0,0,2017-04-24,32573000,4984,166,0,0,0,0,0,0,0,0,4986,284,0,0,0,0,0,0,0,0
343,2017-04-24,09:02:54,0,TA709,XZCE,4984,4976,5026,383768,9590798780,1887716,1868158,5270,4766,5018,5010,0,5012,0,0,0,2017-04-24,32574000,4984,163,0,0,0,0,0,0,0,0,4986,285,0,0,0,0,0,0,0,0
344,2017-04-24,09:02:54,0,TA709,XZCE,4984,4976,5026,383790,9591347020,1887698,1868158,5270,4766,5018,5010,0,5012,0,0,0,2017-04-24,32574000,4984,152,0,0,0,0,0,0,0,0,4986,290,0,0,0,0,0,0,0,0
345,2017-04-24,09:02:55,0,TA709,XZCE,4984,4976,5026,383792,9591396860,1887698,1868158,5270,4766,5018,5010,0,5012,0,0,0,2017-04-24,32575000,4984,151,0,0,0,0,0,0,0,0,4986,290,0,0,0,0,0,0,0,0
346,2017-04-24,09:02:55,0,TA709,XZCE,4984,4976,5026,383802,9591646060,1887690,1868158,5270,4766,5018,5010,0,5012,0,0,0,2017-04-24,32575000,4984,136,0,0,0,0,0,0,0,0,4986,300,0,0,0,0,0,0,0,0
347,2017-04-24,09:02:56,0,TA709,XZCE,4984,4976,5026,383862,9593141260,1887668,1868158,5270,4766,5018,5010,0,5012,0,0,0,2017-04-24,32576000,4984,115,0,0,0,0,0,0,0,0,4986,290,0,0,0,0,0,0,0,0
348,2017-04-24,09:02:56,0,TA709,XZCE,4984,4976,5026,383862,9593141260,1887668,1868158,5270,4766,5018,5010,0,5012,0,0,0,2017-04-24,32576000,4984,116,0,0,0,0,0,0,0,0,4986,290,0,0,0,0,0,0,0,0
349,2017-04-24,09:02:57,0,TA709,XZCE,4984,4976,5026,383862,9593141260,1887668,1868158,5270,4766,5018,5010,0,5012,0,0,0,2017-04-24,32577000,4984,117,0,0,0,0,0,0,0,0,4986,291,0,0,0,0,0,0,0,0
350,2017-04-24,09:02:57,0,TA709,XZCE,4984,4976,5026,383902,9594138060,1887636,1868158,5270,4766,5018,5010,0,5012,0,0,0,2017-04-24,32577000,4984,109,0,0,0,0,0,0,0,0,4986,289,0,0,0,0,0,0,0,0
351,2017-04-24,09:02:58,0,TA709,XZCE,4984,4976,5026,384174,9600916300,1887798,1868158,5270,4766,5018,5010,0,5012,0,0,0,2017-04-24,32578000,4982,445,0,0,0,0,0,0,0,0,4984,277,0,0,0,0,0,0,0,0
352,2017-04-24,09:02:58,0,TA709,XZCE,4984,4976,5026,384746,9615170540,1888044,1868158,5270,4766,5018,5010,0,5012,0,0,0,2017-04-24,32578000,4984,93,0,0,0,0,0,0,0,0,4986,290,0,0,0,0,0,0,0,0
353,2017-04-24,09:02:59,0,TA709,XZCE,4984,4976,5026,384780,9616017820,1888078,1868158,5270,4766,5018,5010,0,5012,0,0,0,2017-04-24,32579000,4984,89,0,0,0,0,0,0,0,0,4986,284,0,0,0,0,0,0,0,0
354,2017-04-24,09:02:59,0,TA709,XZCE,4984,4976,5026,384786,9616167340,1888084,1868158,5270,4766,5018,5010,0,5012,0,0,0,2017-04-24,32579000,4984,197,0,0,0,0,0,0,0,0,4986,272,0,0,0,0,0,0,0,0
355,2017-04-24,09:03:00,0,TA709,XZCE,4984,4976,5026,384806,9616665740,1888096,1868158,5270,4766,5018,5010,0,5012,0,0,0,2017-04-24,32580000,4984,193,0,0,0,0,0,0,0,0,4986,269,0,0,0,0,0,0,0,0
356,2017-04-24,09:03:00,0,TA709,XZCE,4984,4976,5026,384820,9617014620,1888084,1868158,5270,4766,5018,5010,0,5012,0,0,0,2017-04-24,32580000,4984,217,0,0,0,0,0,0,0,0,4986,267,0,0,0,0,0,0,0,0
357,2017-04-24,09:03:01,0,TA709,XZCE,4984,4976,5026,384832,9617313660,1888080,1868158,5270,4766,5018,5010,0,5012,0,0,0,2017-04-24,32581000,4984,210,0,0,0,0,0,0,0,0,4986,267,0,0,0,0,0,0,0,0
358,2017-04-24,09:03:01,0,TA709,XZCE,4984,4976,5026,384836,9617413340,1888082,1868158,5270,4766,5018,5010,0,5012,0,0,0,2017-04-24,32581000,4984,220,0,0,0,0,0,0,0,0,4986,270,0,0,0,0,0,0,0,0
359,2017-04-24,09:03:02,0,TA709,XZCE,4984,4976,5026,384838,9617463180,1888084,1868158,5270,4766,5018,5010,0,5012,0,0,0,2017-04-24,32582000,4984,201,0,0,0,0,0,0,0,0,4986,276,0,0,0,0,0,0,0,0
360,2017-04-24,09:03:03,0,TA709,XZCE,4984,4976,5026,384862,9618061260,1888108,1868158,5270,4766,5018,5010,0,5012,0,0,0,2017-04-24,32583000,4984,189,0,0,0,0,0,0,0,0,4986,268,0,0,0,0,0,0,0,0
361,2017-04-24,09:03:03,0,TA709,XZCE,4984,4976,5026,384866,9618160940,1888112,1868158,5270,4766,5018,5010,0,5012,0,0,0,2017-04-24,32583000,4984,190,0,0,0,0,0,0,0,0,4986,267,0,0,0,0,0,0,0,0
362,2017-04-24,09:03:04,0,TA709,XZCE,4984,4976,5026,384916,9619406940,1888084,1868158,5270,4766,5018,5010,0,5012,0,0,0,2017-04-24,32584000,4984,170,0,0,0,0,0,0,0,0,4986,262,0,0,0,0,0,0,0,0
363,2017-04-24,09:03:05,0,TA709,XZCE,4984,4976,5026,384948,9620204380,1888064,1868158,5270,4766,5018,5010,0,5012,0,0,0,2017-04-24,32585000,4984,155,0,0,0,0,0,0,0,0,4986,262,0,0,0,0,0,0,0,0
364,2017-04-24,09:03:05,0,TA709,XZCE,4984,4976,5026,384948,9620204380,1888064,1868158,5270,4766,5018,5010,0,5012,0,0,0,2017-04-24,32585000,4984,157,0,0,0,0,0,0,0,0,4986,262,0,0,0,0,0,0,0,0
365,2017-04-24,09:03:06,0,TA709,XZCE,4984,4976,5026,384980,9621001820,1888070,1868158,5270,4766,5018,5010,0,5012,0,0,0,2017-04-24,32586000,4984,142,0,0,0,0,0,0,0,0,4986,261,0,0,0,0,0,0,0,0
366,2017-04-24,09:03:06,0,TA709,XZCE,4984,4976,5026,384986,9621151340,1888070,1868158,5270,4766,5018,5010,0,5012,0,0,0,2017-04-24,32586000,4984,158,0,0,0,0,0,0,0,0,4986,262,0,0,0,0,0,0,0,0
367,2017-04-24,09:03:07,0,TA709,XZCE,4984,4976,5026,384986,9621151340,1888070,1868158,5270,4766,5018,5010,0,5012,0,0,0,2017-04-24,32587000,4984,158,0,0,0,0,0,0,0,0,4986,268,0,0,0,0,0,0,0,0
368,2017-04-24,09:03:07,0,TA709,XZCE,4984,4976,5026,384986,9621151340,1888070,1868158,5270,4766,5018,5010,0,5012,0,0,0,2017-04-24,32587000,4984,161,0,0,0,0,0,0,0,0,4986,268,0,0,0,0,0,0,0,0
369,2017-04-24,09:03:08,0,TA709,XZCE,4984,4976,5026,384990,9621251020,1888070,1868158,5270,4766,5018,5010,0,5012,0,0,0,2017-04-24,32588000,4984,170,0,0,0,0,0,0,0,0,4986,268,0,0,0,0,0,0,0,0
370,2017-04-24,09:03:08,0,TA709,XZCE,4986,4976,5026,385000,9621500320,1888070,1868158,5270,4766,5018,5010,0,5012,0,0,0,2017-04-24,32588000,4984,167,0,0,0,0,0,0,0,0,4986,267,0,0,0,0,0,0,0,0
371,2017-04-24,09:03:09,0,TA709,XZCE,4986,4976,5026,385006,9621649900,1888068,1868158,5270,4766,5018,5010,0,5012,0,0,0,2017-04-24,32589000,4984,169,0,0,0,0,0,0,0,0,4986,267,0,0,0,0,0,0,0,0
372,2017-04-24,09:03:10,0,TA709,XZCE,4986,4976,5026,385014,9621849340,1888076,1868158,5270,4766,5018,5010,0,5012,0,0,0,2017-04-24,32590000,4984,169,0,0,0,0,0,0,0,0,4986,263,0,0,0,0,0,0,0,0
373,2017-04-24,09:03:10,0,TA709,XZCE,4986,4976,5026,385334,9629826940,1888180,1868158,5270,4766,5018,5010,0,5012,0,0,0,2017-04-24,32590000,4982,470,0,0,0,0,0,0,0,0,4984,6,0,0,0,0,0,0,0,0
374,2017-04-24,09:03:11,0,TA709,XZCE,4982,4976,5026,385342,9630026220,1888186,1868158,5270,4766,5018,5010,0,5012,0,0,0,2017-04-24,32591000,4982,468,0,0,0,0,0,0,0,0,4984,88,0,0,0,0,0,0,0,0
375,2017-04-24,09:03:11,0,TA709,XZCE,4982,4976,5026,385474,9633314340,1888186,1868158,5270,4766,5018,5010,0,5012,0,0,0,2017-04-24,32591000,4982,469,0,0,0,0,0,0,0,0,4984,36,0,0,0,0,0,0,0,0
376,2017-04-24,09:03:12,0,TA709,XZCE,4982,4976,5026,385636,9637349760,1888252,1868158,5270,4766,5018,5010,0,5012,0,0,0,2017-04-24,32592000,4982,378,0,0,0,0,0,0,0,0,4984,212,0,0,0,0,0,0,0,0
377,2017-04-24,09:03:12,0,TA709,XZCE,4984,4976,5026,385638,9637399600,1888252,1868158,5270,4766,5018,5010,0,5012,0,0,0,2017-04-24,32592000,4982,378,0,0,0,0,0,0,0,0,4984,246,0,0,0,0,0,0,0,0
378,2017-04-24,09:03:13,0,TA709,XZCE,4984,4976,5026,385658,9637898000,1888252,1868158,5270,4766,5018,5010,0,5012,0,0,0,2017-04-24,32593000,4982,371,0,0,0,0,0,0,0,0,4984,244,0,0,0,0,0,0,0,0
379,2017-04-24,09:03:13,0,TA709,XZCE,4984,4976,5026,385676,9638346560,1888256,1868158,5270,4766,5018,5010,0,5012,0,0,0,2017-04-24,32593000,4982,369,0,0,0,0,0,0,0,0,4984,237,0,0,0,0,0,0,0,0
380,2017-04-24,09:03:14,0,TA709,XZCE,4984,4976,5026,386102,9648962480,1888140,1868158,5270,4766,5018,5010,0,5012,0,0,0,2017-04-24,32594000,4982,258,0,0,0,0,0,0,0,0,4984,54,0,0,0,0,0,0,0,0
381,2017-04-24,09:03:14,0,TA709,XZCE,4984,4976,5026,386116,9649311360,1888136,1868158,5270,4766,5018,5010,0,5012,0,0,0,2017-04-24,32594000,4982,258,0,0,0,0,0,0,0,0,4984,13,0,0,0,0,0,0,0,0
382,2017-04-24,09:03:15,0,TA709,XZCE,4984,4976,5026,386204,9651504320,1888136,1868158,5270,4766,5018,5010,0,5012,0,0,0,2017-04-24,32595000,4982,222,0,0,0,0,0,0,0,0,4984,9,0,0,0,0,0,0,0,0
383,2017-04-24,09:03:15,0,TA709,XZCE,4982,4976,5026,386268,9653098560,1888192,1868158,5270,4766,5018,5010,0,5012,0,0,0,2017-04-24,32595000,4982,190,0,0,0,0,0,0,0,0,4984,10,0,0,0,0,0,0,0,0
384,2017-04-24,09:03:16,0,TA709,XZCE,4984,4976,5026,386272,9653198240,1888192,1868158,5270,4766,5018,5010,0,5012,0,0,0,2017-04-24,32596000,4982,193,0,0,0,0,0,0,0,0,4984,91,0,0,0,0,0,0,0,0
385,2017-04-24,09:03:16,0,TA709,XZCE,4984,4976,5026,386294,9653746480,1888194,1868158,5270,4766,5018,5010,0,5012,0,0,0,2017-04-24,32596000,4982,184,0,0,0,0,0,0,0,0,4984,135,0,0,0,0,0,0,0,0
386,2017-04-24,09:03:17,0,TA709,XZCE,4984,4976,5026,386554,9660225680,1888258,1868158,5270,4766,5018,5010,0,5012,0,0,0,2017-04-24,32597000,4982,185,0,0,0,0,0,0,0,0,4984,39,0,0,0,0,0,0,0,0
387,2017-04-24,09:03:17,0,TA709,XZCE,4984,4976,5026,386554,9660225680,1888258,1868158,5270,4766,5018,5010,0,5012,0,0,0,2017-04-24,32597000,4982,174,0,0,0,0,0,0,0,0,4984,156,0,0,0,0,0,0,0,0
388,2017-04-24,09:03:18,0,TA709,XZCE,4982,4976,5026,386558,9660325320,1888262,1868158,5270,4766,5018,5010,0,5012,0,0,0,2017-04-24,32598000,4982,178,0,0,0,0,0,0,0,0,4984,180,0,0,0,0,0,0,0,0
389,2017-04-24,09:03:18,0,TA709,XZCE,4982,4976,5026,386564,9660474780,1888268,1868158,5270,4766,5018,5010,0,5012,0,0,0,2017-04-24,32598000,4982,210,0,0,0,0,0,0,0,0,4984,181,0,0,0,0,0,0,0,0
390,2017-04-24,09:03:19,0,TA709,XZCE,4984,4976,5026,386720,9664362300,1888404,1868158,5270,4766,5018,5010,0,5012,0,0,0,2017-04-24,32599000,4984,30,0,0,0,0,0,0,0,0,4986,274,0,0,0,0,0,0,0,0
391,2017-04-24,09:03:19,0,TA709,XZCE,4984,4976,5026,386726,9664511820,1888406,1868158,5270,4766,5018,5010,0,5012,0,0,0,2017-04-24,32599000,4984,34,0,0,0,0,0,0,0,0,4986,276,0,0,0,0,0,0,0,0
392,2017-04-24,09:03:20,0,TA709,XZCE,4982,4976,5026,386826,9667002820,1888396,1868158,5270,4766,5018,5010,0,5012,0,0,0,2017-04-24,32600000,4982,218,0,0,0,0,0,0,0,0,4984,16,0,0,0,0,0,0,0,0
393,2017-04-24,09:03:20,0,TA709,XZCE,4982,4976,5026,386826,9667002820,1888396,1868158,5270,4766,5018,5010,0,5012,0,0,0,2017-04-24,32600000,4982,197,0,0,0,0,0,0,0,0,4984,17,0,0,0,0,0,0,0,0
394,2017-04-24,09:03:21,0,TA709,XZCE,4984,4976,5026,386874,9668198980,1888426,1868158,5270,4766,5018,5010,0,5012,0,0,0,2017-04-24,32601000,4984,84,0,0,0,0,0,0,0,0,4986,277,0,0,0,0,0,0,0,0
395,2017-04-24,09:03:21,0,TA709,XZCE,4984,4976,5026,386902,9668896740,1888442,1868158,5270,4766,5018,5010,0,5012,0,0,0,2017-04-24,32601000,4984,74,0,0,0,0,0,0,0,0,4986,277,0,0,0,0,0,0,0,0
396,2017-04-24,09:03:22,0,TA709,XZCE,4984,4976,5026,386904,9668946580,1888444,1868158,5270,4766,5018,5010,0,5012,0,0,0,2017-04-24,32602000,4984,112,0,0,0,0,0,0,0,0,4986,277,0,0,0,0,0,0,0,0
397,2017-04-24,09:03:22,0,TA709,XZCE,4984,4976,5026,386918,9669295460,1888448,1868158,5270,4766,5018,5010,0,5012,0,0,0,2017-04-24,32602000,4984,124,0,0,0,0,0,0,0,0,4986,271,0,0,0,0,0,0,0,0
398,2017-04-24,09:03:23,0,TA709,XZCE,4984,4976,5026,386938,9669793860,1888468,1868158,5270,4766,5018,5010,0,5012,0,0,0,2017-04-24,32603000,4984,224,0,0,0,0,0,0,0,0,4986,262,0,0,0,0,0,0,0,0
399,2017-04-24,09:03:23,0,TA709,XZCE,4984,4976,5026,386940,9669843700,1888468,1868158,5270,4766,5018,5010,0,5012,0,0,0,2017-04-24,32603000,4984,253,0,0,0,0,0,0,0,0,4986,262,0,0,0,0,0,0,0,0
400,2017-04-24,09:03:24,0,TA709,XZCE,4984,4976,5026,386942,9669893540,1888468,1868158,5270,4766,5018,5010,0,5012,0,0,0,2017-04-24,32604000,4984,252,0,0,0,0,0,0,0,0,4986,262,0,0,0,0,0,0,0,0
401,2017-04-24,09:03:24,0,TA709,XZCE,4984,4976,5026,386946,9669993220,1888470,1868158,5270,4766,5018,5010,0,5012,0,0,0,2017-04-24,32604000,4984,356,0,0,0,0,0,0,0,0,4986,262,0,0,0,0,0,0,0,0
402,2017-04-24,09:03:25,0,TA709,XZCE,4984,4976,5026,386956,9670242420,1888474,1868158,5270,4766,5018,5010,0,5012,0,0,0,2017-04-24,32605000,4984,562,0,0,0,0,0,0,0,0,4986,262,0,0,0,0,0,0,0,0
403,2017-04-24,09:03:25,0,TA709,XZCE,4984,4976,5026,386966,9670491620,1888476,1868158,5270,4766,5018,5010,0,5012,0,0,0,2017-04-24,32605000,4984,559,0,0,0,0,0,0,0,0,4986,262,0,0,0,0,0,0,0,0
404,2017-04-24,09:03:26,0,TA709,XZCE,4986,4976,5026,387504,9683903960,1888410,1868158,5270,4766,5018,5010,0,5012,0,0,0,2017-04-24,32606000,4986,203,0,0,0,0,0,0,0,0,4988,193,0,0,0,0,0,0,0,0
405,2017-04-24,09:03:27,0,TA709,XZCE,4986,4976,5026,387524,9684402560,1888410,1868158,5270,4766,5018,5010,0,5012,0,0,0,2017-04-24,32607000,4986,197,0,0,0,0,0,0,0,0,4988,193,0,0,0,0,0,0,0,0
406,2017-04-24,09:03:27,0,TA709,XZCE,4986,4976,5026,387530,9684552140,1888410,1868158,5270,4766,5018,5010,0,5012,0,0,0,2017-04-24,32607000,4986,231,0,0,0,0,0,0,0,0,4988,193,0,0,0,0,0,0,0,0
407,2017-04-24,09:03:28,0,TA709,XZCE,4986,4976,5026,387532,9684602000,1888410,1868158,5270,4766,5018,5010,0,5012,0,0,0,2017-04-24,32608000,4986,234,0,0,0,0,0,0,0,0,4988,184,0,0,0,0,0,0,0,0
408,2017-04-24,09:03:28,0,TA709,XZCE,4986,4976,5026,387638,9687244580,1888410,1868158,5270,4766,5018,5010,0,5012,0,0,0,2017-04-24,32608000,4986,182,0,0,0,0,0,0,0,0,4988,184,0,0,0,0,0,0,0,0
409,2017-04-24,09:03:29,0,TA709,XZCE,4986,4976,5026,387638,9687244580,1888410,1868158,5270,4766,5018,5010,0,5012,0,0,0,2017-04-24,32609000,4986,177,0,0,0,0,0,0,0,0,4988,184,0,0,0,0,0,0,0,0
410,2017-04-24,09:03:29,0,TA709,XZCE,4986,4976,5026,387638,9687244580,1888410,1868158,5270,4766,5018,5010,0,5012,0,0,0,2017-04-24,32609000,4986,197,0,0,0,0,0,0,0,0,4988,184,0,0,0,0,0,0,0,0
411,2017-04-24,09:03:30,0,TA709,XZCE,4988,4976,5026,387640,9687294460,1888410,1868158,5270,4766,5018,5010,0,5012,0,0,0,2017-04-24,32610000,4986,207,0,0,0,0,0,0,0,0,4988,182,0,0,0,0,0,0,0,0
412,2017-04-24,09:03:30,0,TA709,XZCE,4988,4976,5026,387642,9687344340,1888410,1868158,5270,4766,5018,5010,0,5012,0,0,0,2017-04-24,32610000,4986,206,0,0,0,0,0,0,0,0,4988,193,0,0,0,0,0,0,0,0
413,2017-04-24,09:03:31,0,TA709,XZCE,4986,4976,5026,387644,9687394200,1888410,1868158,5270,4766,5018,5010,0,5012,0,0,0,2017-04-24,32611000,4986,205,0,0,0,0,0,0,0,0,4988,191,0,0,0,0,0,0,0,0
414,2017-04-24,09:03:31,0,TA709,XZCE,4986,4976,5026,387652,9687593640,1888402,1868158,5270,4766,5018,5010,0,5012,0,0,0,2017-04-24,32611000,4986,203,0,0,0,0,0,0,0,0,4988,191,0,0,0,0,0,0,0,0
415,2017-04-24,09:03:32,0,TA709,XZCE,4986,4976,5026,387668,9687992520,1888392,1868158,5270,4766,5018,5010,0,5012,0,0,0,2017-04-24,32612000,4986,195,0,0,0,0,0,0,0,0,4988,192,0,0,0,0,0,0,0,0
416,2017-04-24,09:03:32,0,TA709,XZCE,4986,4976,5026,387704,9688890000,1888390,1868158,5270,4766,5018,5010,0,5012,0,0,0,2017-04-24,32612000,4986,191,0,0,0,0,0,0,0,0,4988,232,0,0,0,0,0,0,0,0
417,2017-04-24,09:03:33,0,TA709,XZCE,4988,4976,5026,387714,9689139400,1888398,1868158,5270,4766,5018,5010,0,5012,0,0,0,2017-04-24,32613000,4986,189,0,0,0,0,0,0,0,0,4988,230,0,0,0,0,0,0,0,0
418,2017-04-24,09:03:33,0,TA709,XZCE,4986,4976,5026,387716,9689189260,1888400,1868158,5270,4766,5018,5010,0,5012,0,0,0,2017-04-24,32613000,4986,188,0,0,0,0,0,0,0,0,4988,230,0,0,0,0,0,0,0,0
419,2017-04-24,09:03:34,0,TA709,XZCE,4986,4976,5026,387720,9689288980,1888404,1868158,5270,4766,5018,5010,0,5012,0,0,0,2017-04-24,32614000,4986,186,0,0,0,0,0,0,0,0,4988,233,0,0,0,0,0,0,0,0
420,2017-04-24,09:03:34,0,TA709,XZCE,4988,4976,5026,387724,9689388740,1888406,1868158,5270,4766,5018,5010,0,5012,0,0,0,2017-04-24,32614000,4986,187,0,0,0,0,0,0,0,0,4988,231,0,0,0,0,0,0,0,0
421,2017-04-24,09:03:35,0,TA709,XZCE,4988,4976,5026,387724,9689388740,1888406,1868158,5270,4766,5018,5010,0,5012,0,0,0,2017-04-24,32615000,4986,187,0,0,0,0,0,0,0,0,4988,235,0,0,0,0,0,0,0,0
422,2017-04-24,09:03:35,0,TA709,XZCE,4988,4976,5026,387728,9689488500,1888406,1868158,5270,4766,5018,5010,0,5012,0,0,0,2017-04-24,32615000,4986,188,0,0,0,0,0,0,0,0,4988,223,0,0,0,0,0,0,0,0
423,2017-04-24,09:03:36,0,TA709,XZCE,4988,4976,5026,387732,9689588260,1888408,1868158,5270,4766,5018,5010,0,5012,0,0,0,2017-04-24,32616000,4986,187,0,0,0,0,0,0,0,0,4988,223,0,0,0,0,0,0,0,0
424,2017-04-24,09:03:36,0,TA709,XZCE,4988,4976,5026,387734,9689638140,1888410,1868158,5270,4766,5018,5010,0,5012,0,0,0,2017-04-24,32616000,4986,187,0,0,0,0,0,0,0,0,4988,222,0,0,0,0,0,0,0,0
425,2017-04-24,09:03:37,0,TA709,XZCE,4986,4976,5026,387738,9689737860,1888410,1868158,5270,4766,5018,5010,0,5012,0,0,0,2017-04-24,32617000,4986,185,0,0,0,0,0,0,0,0,4988,222,0,0,0,0,0,0,0,0
426,2017-04-24,09:03:37,0,TA709,XZCE,4986,4976,5026,387756,9690186600,1888412,1868158,5270,4766,5018,5010,0,5012,0,0,0,2017-04-24,32617000,4986,183,0,0,0,0,0,0,0,0,4988,235,0,0,0,0,0,0,0,0
427,2017-04-24,09:03:38,0,TA709,XZCE,4986,4976,5026,387760,9690286320,1888412,1868158,5270,4766,5018,5010,0,5012,0,0,0,2017-04-24,32618000,4986,181,0,0,0,0,0,0,0,0,4988,235,0,0,0,0,0,0,0,0
428,2017-04-24,09:03:38,0,TA709,XZCE,4988,4976,5026,387782,9690835000,1888432,1868158,5270,4766,5018,5010,0,5012,0,0,0,2017-04-24,32618000,4986,171,0,0,0,0,0,0,0,0,4988,234,0,0,0,0,0,0,0,0
429,2017-04-24,09:03:39,0,TA709,XZCE,4988,4976,5026,387782,9690835000,1888432,1868158,5270,4766,5018,5010,0,5012,0,0,0,2017-04-24,32619000,4986,177,0,0,0,0,0,0,0,0,4988,279,0,0,0,0,0,0,0,0
430,2017-04-24,09:03:39,0,TA709,XZCE,4986,4976,5026,387784,9690884860,1888432,1868158,5270,4766,5018,5010,0,5012,0,0,0,2017-04-24,32619000,4986,178,0,0,0,0,0,0,0,0,4988,279,0,0,0,0,0,0,0,0
431,2017-04-24,09:03:40,0,TA709,XZCE,4986,4976,5026,388094,9698613160,1888392,1868158,5270,4766,5018,5010,0,5012,0,0,0,2017-04-24,32620000,4984,506,0,0,0,0,0,0,0,0,4986,28,0,0,0,0,0,0,0,0
432,2017-04-24,09:03:40,0,TA709,XZCE,4986,4976,5026,388096,9698663020,1888394,1868158,5270,4766,5018,5010,0,5012,0,0,0,2017-04-24,32620000,4984,508,0,0,0,0,0,0,0,0,4986,33,0,0,0,0,0,0,0,0
433,2017-04-24,09:03:41,0,TA709,XZCE,4984,4976,5026,388166,9700407420,1888464,1868158,5270,4766,5018,5010,0,5012,0,0,0,2017-04-24,32621000,4984,473,0,0,0,0,0,0,0,0,4986,160,0,0,0,0,0,0,0,0
434,2017-04-24,09:03:41,0,TA709,XZCE,4984,4976,5026,388172,9700556940,1888466,1868158,5270,4766,5018,5010,0,5012,0,0,0,2017-04-24,32621000,4984,446,0,0,0,0,0,0,0,0,4986,177,0,0,0,0,0,0,0,0
435,2017-04-24,09:03:42,0,TA709,XZCE,4984,4976,5026,388272,9703048940,1888466,1868158,5270,4766,5018,5010,0,5012,0,0,0,2017-04-24,32622000,4984,398,0,0,0,0,0,0,0,0,4986,177,0,0,0,0,0,0,0,0
436,2017-04-24,09:03:42,0,TA709,XZCE,4986,4976,5026,388276,9703148660,1888464,1868158,5270,4766,5018,5010,0,5012,0,0,0,2017-04-24,32622000,4984,397,0,0,0,0,0,0,0,0,4986,176,0,0,0,0,0,0,0,0
437,2017-04-24,09:03:43,0,TA709,XZCE,4986,4976,5026,388278,9703198520,1888464,1868158,5270,4766,5018,5010,0,5012,0,0,0,2017-04-24,32623000,4984,397,0,0,0,0,0,0,0,0,4986,175,0,0,0,0,0,0,0,0
438,2017-04-24,09:03:43,0,TA709,XZCE,4986,4976,5026,388330,9704494880,1888442,1868158,5270,4766,5018,5010,0,5012,0,0,0,2017-04-24,32623000,4984,408,0,0,0,0,0,0,0,0,4986,18,0,0,0,0,0,0,0,0
439,2017-04-24,09:03:44,0,TA709,XZCE,4984,4976,5026,388356,9705142800,1888462,1868158,5270,4766,5018,5010,0,5012,0,0,0,2017-04-24,32624000,4984,400,0,0,0,0,0,0,0,0,4986,12,0,0,0,0,0,0,0,0
440,2017-04-24,09:03:44,0,TA709,XZCE,4986,4976,5026,388366,9705392100,1888462,1868158,5270,4766,5018,5010,0,5012,0,0,0,2017-04-24,32624000,4984,400,0,0,0,0,0,0,0,0,4986,8,0,0,0,0,0,0,0,0
441,2017-04-24,09:03:45,0,TA709,XZCE,4984,4976,5026,388368,9705441940,1888464,1868158,5270,4766,5018,5010,0,5012,0,0,0,2017-04-24,32625000,4984,400,0,0,0,0,0,0,0,0,4986,9,0,0,0,0,0,0,0,0
442,2017-04-24,09:03:45,0,TA709,XZCE,4984,4976,5026,388370,9705491780,1888466,1868158,5270,4766,5018,5010,0,5012,0,0,0,2017-04-24,32625000,4984,399,0,0,0,0,0,0,0,0,4986,10,0,0,0,0,0,0,0,0
443,2017-04-24,09:03:46,0,TA709,XZCE,4986,4976,5026,388380,9705741080,1888476,1868158,5270,4766,5018,5010,0,5012,0,0,0,2017-04-24,32626000,4984,399,0,0,0,0,0,0,0,0,4986,132,0,0,0,0,0,0,0,0
444,2017-04-24,09:03:46,0,TA709,XZCE,4986,4976,5026,388410,9706488980,1888504,1868158,5270,4766,5018,5010,0,5012,0,0,0,2017-04-24,32626000,4984,399,0,0,0,0,0,0,0,0,4986,126,0,0,0,0,0,0,0,0
445,2017-04-24,09:03:47,0,TA709,XZCE,4986,4976,5026,388410,9706488980,1888504,1868158,5270,4766,5018,5010,0,5012,0,0,0,2017-04-24,32627000,4984,399,0,0,0,0,0,0,0,0,4986,129,0,0,0,0,0,0,0,0
446,2017-04-24,09:03:47,0,TA709,XZCE,4986,4976,5026,388410,9706488980,1888504,1868158,5270,4766,5018,5010,0,5012,0,0,0,2017-04-24,32627000,4984,411,0,0,0,0,0,0,0,0,4986,129,0,0,0,0,0,0,0,0
447,2017-04-24,09:03:48,0,TA709,XZCE,4986,4976,5026,388420,9706738280,1888504,1868158,5270,4766,5018,5010,0,5012,0,0,0,2017-04-24,32628000,4984,411,0,0,0,0,0,0,0,0,4986,175,0,0,0,0,0,0,0,0
448,2017-04-24,09:03:48,0,TA709,XZCE,4984,4976,5026,388524,9709329960,1888608,1868158,5270,4766,5018,5010,0,5012,0,0,0,2017-04-24,32628000,4984,380,0,0,0,0,0,0,0,0,4986,69,0,0,0,0,0,0,0,0
449,2017-04-24,09:03:49,0,TA709,XZCE,4984,4976,5026,388562,9710276920,1888624,1868158,5270,4766,5018,5010,0,5012,0,0,0,2017-04-24,32629000,4984,369,0,0,0,0,0,0,0,0,4986,98,0,0,0,0,0,0,0,0
450,2017-04-24,09:03:49,0,TA709,XZCE,4984,4976,5026,388564,9710326760,1888626,1868158,5270,4766,5018,5010,0,5012,0,0,0,2017-04-24,32629000,4984,374,0,0,0,0,0,0,0,0,4986,98,0,0,0,0,0,0,0,0
451,2017-04-24,09:03:50,0,TA709,XZCE,4986,4976,5026,388574,9710576060,1888632,1868158,5270,4766,5018,5010,0,5012,0,0,0,2017-04-24,32630000,4984,370,0,0,0,0,0,0,0,0,4986,103,0,0,0,0,0,0,0,0
452,2017-04-24,09:03:50,0,TA709,XZCE,4986,4976,5026,388574,9710576060,1888632,1868158,5270,4766,5018,5010,0,5012,0,0,0,2017-04-24,32630000,4984,369,0,0,0,0,0,0,0,0,4986,148,0,0,0,0,0,0,0,0
453,2017-04-24,09:03:51,0,TA709,XZCE,4984,4976,5026,388584,9710825260,1888642,1868158,5270,4766,5018,5010,0,5012,0,0,0,2017-04-24,32631000,4984,365,0,0,0,0,0,0,0,0,4986,147,0,0,0,0,0,0,0,0
454,2017-04-24,09:03:51,0,TA709,XZCE,4986,4976,5026,388592,9711024700,1888640,1868158,5270,4766,5018,5010,0,5012,0,0,0,2017-04-24,32631000,4984,365,0,0,0,0,0,0,0,0,4986,143,0,0,0,0,0,0,0,0
455,2017-04-24,09:03:52,0,TA709,XZCE,4986,4976,5026,388592,9711024700,1888640,1868158,5270,4766,5018,5010,0,5012,0,0,0,2017-04-24,32632000,4984,365,0,0,0,0,0,0,0,0,4986,144,0,0,0,0,0,0,0,0
456,2017-04-24,09:03:52,0,TA709,XZCE,4984,4976,5026,388632,9712021500,1888640,1868158,5270,4766,5018,5010,0,5012,0,0,0,2017-04-24,32632000,4984,345,0,0,0,0,0,0,0,0,4986,144,0,0,0,0,0,0,0,0
457,2017-04-24,09:03:53,0,TA709,XZCE,4986,4976,5026,388648,9712420380,1888644,1868158,5270,4766,5018,5010,0,5012,0,0,0,2017-04-24,32633000,4984,345,0,0,0,0,0,0,0,0,4986,154,0,0,0,0,0,0,0,0
458,2017-04-24,09:03:53,0,TA709,XZCE,4986,4976,5026,388668,9712918980,1888654,1868158,5270,4766,5018,5010,0,5012,0,0,0,2017-04-24,32633000,4984,340,0,0,0,0,0,0,0,0,4986,149,0,0,0,0,0,0,0,0
459,2017-04-24,09:03:54,0,TA709,XZCE,4984,4976,5026,388672,9713018660,1888654,1868158,5270,4766,5018,5010,0,5012,0,0,0,2017-04-24,32634000,4984,338,0,0,0,0,0,0,0,0,4986,149,0,0,0,0,0,0,0,0
460,2017-04-24,09:03:54,0,TA709,XZCE,4984,4976,5026,388676,9713118340,1888658,1868158,5270,4766,5018,5010,0,5012,0,0,0,2017-04-24,32634000,4984,338,0,0,0,0,0,0,0,0,4986,149,0,0,0,0,0,0,0,0
461,2017-04-24,09:03:55,0,TA709,XZCE,4986,4976,5026,388678,9713168200,1888658,1868158,5270,4766,5018,5010,0,5012,0,0,0,2017-04-24,32635000,4984,338,0,0,0,0,0,0,0,0,4986,148,0,0,0,0,0,0,0,0
462,2017-04-24,09:03:55,0,TA709,XZCE,4986,4976,5026,388700,9713716660,1888638,1868158,5270,4766,5018,5010,0,5012,0,0,0,2017-04-24,32635000,4984,338,0,0,0,0,0,0,0,0,4986,137,0,0,0,0,0,0,0,0
463,2017-04-24,09:03:56,0,TA709,XZCE,4986,4976,5026,388714,9714065680,1888634,1868158,5270,4766,5018,5010,0,5012,0,0,0,2017-04-24,32636000,4984,338,0,0,0,0,0,0,0,0,4986,129,0,0,0,0,0,0,0,0
464,2017-04-24,09:03:56,0,TA709,XZCE,4986,4976,5026,388722,9714265120,1888632,1868158,5270,4766,5018,5010,0,5012,0,0,0,2017-04-24,32636000,4984,338,0,0,0,0,0,0,0,0,4986,133,0,0,0,0,0,0,0,0
465,2017-04-24,09:03:57,0,TA709,XZCE,4986,4976,5026,388988,9720896500,1888474,1868158,5270,4766,5018,5010,0,5012,0,0,0,2017-04-24,32637000,4986,74,0,0,0,0,0,0,0,0,4988,185,0,0,0,0,0,0,0,0
466,2017-04-24,09:03:58,0,TA709,XZCE,4986,4976,5026,388992,9720996220,1888476,1868158,5270,4766,5018,5010,0,5012,0,0,0,2017-04-24,32638000,4986,100,0,0,0,0,0,0,0,0,4988,180,0,0,0,0,0,0,0,0
467,2017-04-24,09:03:58,0,TA709,XZCE,4986,4976,5026,389038,9722143000,1888496,1868158,5270,4766,5018,5010,0,5012,0,0,0,2017-04-24,32638000,4986,97,0,0,0,0,0,0,0,0,4988,181,0,0,0,0,0,0,0,0
468,2017-04-24,09:03:59,0,TA709,XZCE,4986,4976,5026,389038,9722143000,1888496,1868158,5270,4766,5018,5010,0,5012,0,0,0,2017-04-24,32639000,4986,160,0,0,0,0,0,0,0,0,4988,181,0,0,0,0,0,0,0,0
469,2017-04-24,09:04:00,0,TA709,XZCE,4988,4976,5026,389296,9728577520,1888338,1868158,5270,4766,5018,5010,0,5012,0,0,0,2017-04-24,32640000,4986,181,0,0,0,0,0,0,0,0,4988,45,0,0,0,0,0,0,0,0
470,2017-04-24,09:04:00,0,TA709,XZCE,4986,4976,5026,389478,9733114780,1888424,1868158,5270,4766,5018,5010,0,5012,0,0,0,2017-04-24,32640000,4986,106,0,0,0,0,0,0,0,0,4988,70,0,0,0,0,0,0,0,0
471,2017-04-24,09:04:00,0,TA709,XZCE,4988,4976,5026,389484,9733264420,1888426,1868158,5270,4766,5018,5010,0,5012,0,0,0,2017-04-24,32640000,4986,94,0,0,0,0,0,0,0,0,4988,67,0,0,0,0,0,0,0,0
472,2017-04-24,09:04:01,0,TA709,XZCE,4986,4976,5026,389488,9733364140,1888426,1868158,5270,4766,5018,5010,0,5012,0,0,0,2017-04-24,32641000,4986,98,0,0,0,0,0,0,0,0,4988,67,0,0,0,0,0,0,0,0
473,2017-04-24,09:04:01,0,TA709,XZCE,4986,4976,5026,389492,9733463860,1888422,1868158,5270,4766,5018,5010,0,5012,0,0,0,2017-04-24,32641000,4986,82,0,0,0,0,0,0,0,0,4988,89,0,0,0,0,0,0,0,0
474,2017-04-24,09:04:02,0,TA709,XZCE,4986,4976,5026,389494,9733513720,1888420,1868158,5270,4766,5018,5010,0,5012,0,0,0,2017-04-24,32642000,4986,281,0,0,0,0,0,0,0,0,4988,87,0,0,0,0,0,0,0,0
475,2017-04-24,09:04:02,0,TA709,XZCE,4986,4976,5026,389494,9733513720,1888420,1868158,5270,4766,5018,5010,0,5012,0,0,0,2017-04-24,32642000,4986,285,0,0,0,0,0,0,0,0,4988,87,0,0,0,0,0,0,0,0
476,2017-04-24,09:04:03,0,TA709,XZCE,4986,4976,5026,389496,9733563580,1888420,1868158,5270,4766,5018,5010,0,5012,0,0,0,2017-04-24,32643000,4986,294,0,0,0,0,0,0,0,0,4988,94,0,0,0,0,0,0,0,0
477,2017-04-24,09:04:03,0,TA709,XZCE,4988,4976,5026,389538,9734611060,1888400,1868158,5270,4766,5018,5010,0,5012,0,0,0,2017-04-24,32643000,4986,304,0,0,0,0,0,0,0,0,4988,66,0,0,0,0,0,0,0,0
478,2017-04-24,09:04:04,0,TA709,XZCE,4986,4976,5026,389640,9737153920,1888300,1868158,5270,4766,5018,5010,0,5012,0,0,0,2017-04-24,32644000,4986,258,0,0,0,0,0,0,0,0,4988,69,0,0,0,0,0,0,0,0
479,2017-04-24,09:04:04,0,TA709,XZCE,4986,4976,5026,389662,9737702380,1888288,1868158,5270,4766,5018,5010,0,5012,0,0,0,2017-04-24,32644000,4986,247,0,0,0,0,0,0,0,0,4988,84,0,0,0,0,0,0,0,0
480,2017-04-24,09:04:05,0,TA709,XZCE,4986,4976,5026,389662,9737702380,1888288,1868158,5270,4766,5018,5010,0,5012,0,0,0,2017-04-24,32645000,4986,248,0,0,0,0,0,0,0,0,4988,88,0,0,0,0,0,0,0,0
481,2017-04-24,09:04:05,0,TA709,XZCE,4986,4976,5026,389666,9737802100,1888290,1868158,5270,4766,5018,5010,0,5012,0,0,0,2017-04-24,32645000,4986,246,0,0,0,0,0,0,0,0,4988,80,0,0,0,0,0,0,0,0
482,2017-04-24,09:04:06,0,TA709,XZCE,4988,4976,5026,389736,9739547900,1888334,1868158,5270,4766,5018,5010,0,5012,0,0,0,2017-04-24,32646000,4986,246,0,0,0,0,0,0,0,0,4988,46,0,0,0,0,0,0,0,0
483,2017-04-24,09:04:06,0,TA709,XZCE,4988,4976,5026,389740,9739647660,1888336,1868158,5270,4766,5018,5010,0,5012,0,0,0,2017-04-24,32646000,4986,246,0,0,0,0,0,0,0,0,4988,39,0,0,0,0,0,0,0,0
484,2017-04-24,09:04:07,0,TA709,XZCE,4988,4976,5026,389742,9739697540,1888336,1868158,5270,4766,5018,5010,0,5012,0,0,0,2017-04-24,32647000,4986,249,0,0,0,0,0,0,0,0,4988,38,0,0,0,0,0,0,0,0
485,2017-04-24,09:04:07,0,TA709,XZCE,4988,4976,5026,389742,9739697540,1888336,1868158,5270,4766,5018,5010,0,5012,0,0,0,2017-04-24,32647000,4986,249,0,0,0,0,0,0,0,0,4988,89,0,0,0,0,0,0,0,0
486,2017-04-24,09:04:08,0,TA709,XZCE,4986,4976,5026,389744,9739747400,1888338,1868158,5270,4766,5018,5010,0,5012,0,0,0,2017-04-24,32648000,4986,262,0,0,0,0,0,0,0,0,4988,90,0,0,0,0,0,0,0,0
487,2017-04-24,09:04:08,0,TA709,XZCE,4988,4976,5026,389790,9740894640,1888364,1868158,5270,4766,5018,5010,0,5012,0,0,0,2017-04-24,32648000,4986,250,0,0,0,0,0,0,0,0,4988,83,0,0,0,0,0,0,0,0
488,2017-04-24,09:04:10,0,TA709,XZCE,4988,4976,5026,389820,9741642840,1888364,1868158,5270,4766,5018,5010,0,5012,0,0,0,2017-04-24,32650000,4986,245,0,0,0,0,0,0,0,0,4988,82,0,0,0,0,0,0,0,0
489,2017-04-24,09:04:10,0,TA709,XZCE,4988,4976,5026,389820,9741642840,1888364,1868158,5270,4766,5018,5010,0,5012,0,0,0,2017-04-24,32650000,4986,246,0,0,0,0,0,0,0,0,4988,82,0,0,0,0,0,0,0,0
490,2017-04-24,09:04:10,0,TA709,XZCE,4986,4976,5026,389822,9741692700,1888366,1868158,5270,4766,5018,5010,0,5012,0,0,0,2017-04-24,32650000,4986,245,0,0,0,0,0,0,0,0,4988,84,0,0,0,0,0,0,0,0
491,2017-04-24,09:04:11,0,TA709,XZCE,4986,4976,5026,389822,9741692700,1888366,1868158,5270,4766,5018,5010,0,5012,0,0,0,2017-04-24,32651000,4986,257,0,0,0,0,0,0,0,0,4988,84,0,0,0,0,0,0,0,0
492,2017-04-24,09:04:11,0,TA709,XZCE,4986,4976,5026,389832,9741942000,1888366,1868158,5270,4766,5018,5010,0,5012,0,0,0,2017-04-24,32651000,4986,262,0,0,0,0,0,0,0,0,4988,82,0,0,0,0,0,0,0,0
493,2017-04-24,09:04:12,0,TA709,XZCE,4988,4976,5026,389842,9742191400,1888366,1868158,5270,4766,5018,5010,0,5012,0,0,0,2017-04-24,32652000,4986,262,0,0,0,0,0,0,0,0,4988,82,0,0,0,0,0,0,0,0
494,2017-04-24,09:04:12,0,TA709,XZCE,4986,4976,5026,389850,9742390840,1888372,1868158,5270,4766,5018,5010,0,5012,0,0,0,2017-04-24,32652000,4986,307,0,0,0,0,0,0,0,0,4988,92,0,0,0,0,0,0,0,0
495,2017-04-24,09:04:13,0,TA709,XZCE,4988,4976,5026,389884,9743238800,1888378,1868158,5270,4766,5018,5010,0,5012,0,0,0,2017-04-24,32653000,4986,297,0,0,0,0,0,0,0,0,4988,86,0,0,0,0,0,0,0,0
496,2017-04-24,09:04:14,0,TA709,XZCE,4988,4976,5026,389884,9743238800,1888378,1868158,5270,4766,5018,5010,0,5012,0,0,0,2017-04-24,32654000,4986,301,0,0,0,0,0,0,0,0,4988,86,0,0,0,0,0,0,0,0
497,2017-04-24,09:04:14,0,TA709,XZCE,4986,4976,5026,389886,9743288660,1888380,1868158,5270,4766,5018,5010,0,5012,0,0,0,2017-04-24,32654000,4986,301,0,0,0,0,0,0,0,0,4988,86,0,0,0,0,0,0,0,0
498,2017-04-24,09:04:14,0,TA709,XZCE,4988,4976,5026,389898,9743587940,1888376,1868158,5270,4766,5018,5010,0,5012,0,0,0,2017-04-24,32654000,4986,301,0,0,0,0,0,0,0,0,4988,83,0,0,0,0,0,0,0,0
499,2017-04-24,09:04:15,0,TA709,XZCE,4988,4976,5026,390000,9746131820,1888376,1868158,5270,4766,5018,5010,0,5012,0,0,0,2017-04-24,32655000,4986,251,0,0,0,0,0,0,0,0,4988,82,0,0,0,0,0,0,0,0
500,2017-04-24,09:04:16,0,TA709,XZCE,4988,4976,5026,390022,9746680500,1888376,1868158,5270,4766,5018,5010,0,5012,0,0,0,2017-04-24,32656000,4986,252,0,0,0,0,0,0,0,0,4988,71,0,0,0,0,0,0,0,0
501,2017-04-24,09:04:16,0,TA709,XZCE,4986,4976,5026,390146,9749771820,1888376,1868158,5270,4766,5018,5010,0,5012,0,0,0,2017-04-24,32656000,4986,190,0,0,0,0,0,0,0,0,4988,73,0,0,0,0,0,0,0,0
502,2017-04-24,09:04:17,0,TA709,XZCE,4986,4976,5026,390146,9749771820,1888376,1868158,5270,4766,5018,5010,0,5012,0,0,0,2017-04-24,32657000,4986,190,0,0,0,0,0,0,0,0,4988,74,0,0,0,0,0,0,0,0
503,2017-04-24,09:04:17,0,TA709,XZCE,4986,4976,5026,390150,9749871540,1888376,1868158,5270,4766,5018,5010,0,5012,0,0,0,2017-04-24,32657000,4986,189,0,0,0,0,0,0,0,0,4988,74,0,0,0,0,0,0,0,0
504,2017-04-24,09:04:18,0,TA709,XZCE,4986,4976,5026,390150,9749871540,1888376,1868158,5270,4766,5018,5010,0,5012,0,0,0,2017-04-24,32658000,4986,189,0,0,0,0,0,0,0,0,4988,75,0,0,0,0,0,0,0,0
505,2017-04-24,09:04:18,0,TA709,XZCE,4988,4976,5026,390156,9750021180,1888376,1868158,5270,4766,5018,5010,0,5012,0,0,0,2017-04-24,32658000,4986,189,0,0,0,0,0,0,0,0,4988,72,0,0,0,0,0,0,0,0
506,2017-04-24,09:04:19,0,TA709,XZCE,4988,4976,5026,390156,9750021180,1888376,1868158,5270,4766,5018,5010,0,5012,0,0,0,2017-04-24,32659000,4986,179,0,0,0,0,0,0,0,0,4988,115,0,0,0,0,0,0,0,0
507,2017-04-24,09:04:19,0,TA709,XZCE,4986,4976,5026,390158,9750071040,1888378,1868158,5270,4766,5018,5010,0,5012,0,0,0,2017-04-24,32659000,4986,178,0,0,0,0,0,0,0,0,4988,115,0,0,0,0,0,0,0,0
508,2017-04-24,09:04:20,0,TA709,XZCE,4988,4976,5026,390168,9750320440,1888378,1868158,5270,4766,5018,5010,0,5012,0,0,0,2017-04-24,32660000,4986,174,0,0,0,0,0,0,0,0,4988,207,0,0,0,0,0,0,0,0
509,2017-04-24,09:04:21,0,TA709,XZCE,4988,4976,5026,390168,9750320440,1888378,1868158,5270,4766,5018,5010,0,5012,0,0,0,2017-04-24,32661000,4986,173,0,0,0,0,0,0,0,0,4988,427,0,0,0,0,0,0,0,0
510,2017-04-24,09:04:21,0,TA709,XZCE,4986,4976,5026,390174,9750470020,1888384,1868158,5270,4766,5018,5010,0,5012,0,0,0,2017-04-24,32661000,4986,170,0,0,0,0,0,0,0,0,4988,427,0,0,0,0,0,0,0,0
511,2017-04-24,09:04:22,0,TA709,XZCE,4986,4976,5026,390192,9750918760,1888394,1868158,5270,4766,5018,5010,0,5012,0,0,0,2017-04-24,32662000,4986,162,0,0,0,0,0,0,0,0,4988,427,0,0,0,0,0,0,0,0
512,2017-04-24,09:04:22,0,TA709,XZCE,4986,4976,5026,390192,9750918760,1888394,1868158,5270,4766,5018,5010,0,5012,0,0,0,2017-04-24,32662000,4986,161,0,0,0,0,0,0,0,0,4988,427,0,0,0,0,0,0,0,0
513,2017-04-24,09:04:22,0,TA709,XZCE,4986,4976,5026,390242,9752165260,1888442,1868158,5270,4766,5018,5010,0,5012,0,0,0,2017-04-24,32662000,4986,137,0,0,0,0,0,0,0,0,4988,426,0,0,0,0,0,0,0,0
514,2017-04-24,09:04:23,0,TA709,XZCE,4986,4976,5026,390248,9752314840,1888448,1868158,5270,4766,5018,5010,0,5012,0,0,0,2017-04-24,32663000,4986,134,0,0,0,0,0,0,0,0,4988,424,0,0,0,0,0,0,0,0
515,2017-04-24,09:04:24,0,TA709,XZCE,4988,4976,5026,390288,9753312440,1888408,1868158,5270,4766,5018,5010,0,5012,0,0,0,2017-04-24,32664000,4986,134,0,0,0,0,0,0,0,0,4988,404,0,0,0,0,0,0,0,0
516,2017-04-24,09:04:24,0,TA709,XZCE,4988,4976,5026,390314,9753960880,1888398,1868158,5270,4766,5018,5010,0,5012,0,0,0,2017-04-24,32664000,4986,134,0,0,0,0,0,0,0,0,4988,391,0,0,0,0,0,0,0,0
517,2017-04-24,09:04:24,0,TA709,XZCE,4988,4976,5026,390314,9753960880,1888398,1868158,5270,4766,5018,5010,0,5012,0,0,0,2017-04-24,32664000,4986,133,0,0,0,0,0,0,0,0,4988,392,0,0,0,0,0,0,0,0
518,2017-04-24,09:04:25,0,TA709,XZCE,4986,4976,5026,390332,9754409620,1888416,1868158,5270,4766,5018,5010,0,5012,0,0,0,2017-04-24,32665000,4986,127,0,0,0,0,0,0,0,0,4988,461,0,0,0,0,0,0,0,0
519,2017-04-24,09:04:25,0,TA709,XZCE,4986,4976,5026,390368,9755307100,1888450,1868158,5270,4766,5018,5010,0,5012,0,0,0,2017-04-24,32665000,4986,111,0,0,0,0,0,0,0,0,4988,463,0,0,0,0,0,0,0,0
520,2017-04-24,09:04:26,0,TA709,XZCE,4988,4976,5026,390372,9755406860,1888450,1868158,5270,4766,5018,5010,0,5012,0,0,0,2017-04-24,32666000,4986,114,0,0,0,0,0,0,0,0,4988,461,0,0,0,0,0,0,0,0
521,2017-04-24,09:04:26,0,TA709,XZCE,4986,4976,5026,390524,9759196220,1888376,1868158,5270,4766,5018,5010,0,5012,0,0,0,2017-04-24,32666000,4986,40,0,0,0,0,0,0,0,0,4988,456,0,0,0,0,0,0,0,0
522,2017-04-24,09:04:27,0,TA709,XZCE,4986,4976,5026,390528,9759295940,1888376,1868158,5270,4766,5018,5010,0,5012,0,0,0,2017-04-24,32667000,4986,40,0,0,0,0,0,0,0,0,4988,457,0,0,0,0,0,0,0,0
523,2017-04-24,09:04:28,0,TA709,XZCE,4986,4976,5026,390608,9761290340,1888334,1868158,5270,4766,5018,5010,0,5012,0,0,0,2017-04-24,32668000,4984,346,0,0,0,0,0,0,0,0,4986,260,0,0,0,0,0,0,0,0
524,2017-04-24,09:04:28,0,TA709,XZCE,4984,4976,5026,390610,9761340180,1888334,1868158,5270,4766,5018,5010,0,5012,0,0,0,2017-04-24,32668000,4984,345,0,0,0,0,0,0,0,0,4986,269,0,0,0,0,0,0,0,0
525,2017-04-24,09:04:29,0,TA709,XZCE,4986,4976,5026,390612,9761390040,1888332,1868158,5270,4766,5018,5010,0,5012,0,0,0,2017-04-24,32669000,4984,352,0,0,0,0,0,0,0,0,4986,301,0,0,0,0,0,0,0,0
526,2017-04-24,09:04:29,0,TA709,XZCE,4986,4976,5026,390612,9761390040,1888332,1868158,5270,4766,5018,5010,0,5012,0,0,0,2017-04-24,32669000,4984,342,0,0,0,0,0,0,0,0,4986,309,0,0,0,0,0,0,0,0
527,2017-04-24,09:04:30,0,TA709,XZCE,4986,4976,5026,390614,9761439900,1888332,1868158,5270,4766,5018,5010,0,5012,0,0,0,2017-04-24,32670000,4984,342,0,0,0,0,0,0,0,0,4986,308,0,0,0,0,0,0,0,0
