,dataDate,dataTime,dataMillisec,instrumentID,exchangeCD,lastPrice,lowPrice,highPrice,volume,value,openInterest,preOpenInterest,upperLimitPrice,lowerLimitPrice,preSettlementPrice,prevClosePrice,settlementPrice,openPrice,closePrice,preDelta,currDelta,clearingDay,milliSecOffset,bidPrice1,bidVolume1,bidPrice2,bidVolume2,bidPrice3,bidVolume3,bidPrice4,bidVolume4,bidPrice5,bidVolume5,askPrice1,askVolume1,askPrice2,askVolume2,askPrice3,askVolume3,askPrice4,askVolume4,askPrice5,askVolume5
0,2017-04-24,00:00:00,0,TF1706,CCFX,98.41,0.0,0.0,0,0,20558,20558,0.0,0.0,98.429,98.41,0.0,0.0,0.0,0,0,2017-04-24,0,0.0,0,0,0,0,0,0,0,0,0,0.0,0,0,0,0,0,0,0,0,0
1,2017-04-24,07:03:53,500,TF1706,CCFX,98.41,0.0,0.0,0,0,20558,20558,99.61,97.25,98.429,98.41,0.0,0.0,0.0,0,0,2017-04-24,25433500,0.0,0,0,0,0,0,0,0,0,0,0.0,0,0,0,0,0,0,0,0,0
2,2017-04-24,09:14:00,500,TF1706,CCFX,98.39,98.39,98.39,2,1967800,20559,20558,99.61,97.25,98.429,98.41,0.0,98.39,0.0,0,0,2017-04-24,33240500,98.34,1,0,0,0,0,0,0,0,0,98.39,7,0,0,0,0,0,0,0,0
3,2017-04-24,09:15:00,500,TF1706,CCFX,98.34,98.34,98.39,4,3934600,20559,20558,99.61,97.25,98.429,98.41,0.0,98.39,0.0,0,0,2017-04-24,33300500,98.315,1,0,0,0,0,0,0,0,0,98.335,2,0,0,0,0,0,0,0,0
4,2017-04-24,09:15:01,0,TF1706,CCFX,98.315,98.315,98.39,12,11800250,20559,20558,99.61,97.25,98.429,98.41,0.0,98.39,0.0,0,0,2017-04-24,33301000,98.315,2,0,0,0,0,0,0,0,0,98.33,1,0,0,0,0,0,0,0,0
5,2017-04-24,09:15:01,500,TF1706,CCFX,98.335,98.315,98.39,15,14750200,20559,20558,99.61,97.25,98.429,98.41,0.0,98.39,0.0,0,0,2017-04-24,33301500,98.35,2,0,0,0,0,0,0,0,0,98.36,1,0,0,0,0,0,0,0,0
6,2017-04-24,09:15:02,0,TF1706,CCFX,98.29,98.29,98.39,32,31463650,20570,20558,99.61,97.25,98.429,98.41,0.0,98.39,0.0,0,0,2017-04-24,33302000,98.285,2,0,0,0,0,0,0,0,0,98.29,1,0,0,0,0,0,0,0,0
7,2017-04-24,09:15:02,500,TF1706,CCFX,98.295,98.29,98.39,35,34412450,20571,20558,99.61,97.25,98.429,98.41,0.0,98.39,0.0,0,0,2017-04-24,33302500,98.305,7,0,0,0,0,0,0,0,0,98.315,1,0,0,0,0,0,0,0,0
8,2017-04-24,09:15:03,0,TF1706,CCFX,98.305,98.29,98.39,40,39327850,20573,20558,99.61,97.25,98.429,98.41,0.0,98.39,0.0,0,0,2017-04-24,33303000,98.31,3,0,0,0,0,0,0,0,0,98.33,1,0,0,0,0,0,0,0,0
9,2017-04-24,09:15:03,500,TF1706,CCFX,98.305,98.29,98.39,40,39327850,20573,20558,99.61,97.25,98.429,98.41,0.0,98.39,0.0,0,0,2017-04-24,33303500,98.315,2,0,0,0,0,0,0,0,0,98.325,3,0,0,0,0,0,0,0,0
10,2017-04-24,09:15:04,0,TF1706,CCFX,98.325,98.29,98.39,41,40311100,20573,20558,99.61,97.25,98.429,98.41,0.0,98.39,0.0,0,0,2017-04-24,33304000,98.315,2,0,0,0,0,0,0,0,0,98.325,8,0,0,0,0,0,0,0,0
11,2017-04-24,09:15:04,500,TF1706,CCFX,98.315,98.29,98.39,44,43260650,20574,20558,99.61,97.25,98.429,98.41,0.0,98.39,0.0,0,0,2017-04-24,33304500,98.315,1,0,0,0,0,0,0,0,0,98.325,7,0,0,0,0,0,0,0,0
12,2017-04-24,09:15:05,0,TF1706,CCFX,98.31,98.29,98.39,46,45226900,20576,20558,99.61,97.25,98.429,98.41,0.0,98.39,0.0,0,0,2017-04-24,33305000,98.305,6,0,0,0,0,0,0,0,0,98.31,1,0,0,0,0,0,0,0,0
13,2017-04-24,09:15:05,500,TF1706,CCFX,98.325,98.29,98.39,54,53091850,20573,20558,99.61,97.25,98.429,98.41,0.0,98.39,0.0,0,0,2017-04-24,33305500,98.305,9,0,0,0,0,0,0,0,0,98.33,2,0,0,0,0,0,0,0,0
14,2017-04-24,09:15:06,0,TF1706,CCFX,98.31,98.29,98.39,58,57024600,20575,20558,99.61,97.25,98.429,98.41,0.0,98.39,0.0,0,0,2017-04-24,33306000,98.31,2,0,0,0,0,0,0,0,0,98.33,2,0,0,0,0,0,0,0,0
15,2017-04-24,09:15:06,500,TF1706,CCFX,98.31,98.29,98.39,58,57024600,20575,20558,99.61,97.25,98.429,98.41,0.0,98.39,0.0,0,0,2017-04-24,33306500,98.31,3,0,0,0,0,0,0,0,0,98.33,2,0,0,0,0,0,0,0,0
16,2017-04-24,09:15:07,0,TF1706,CCFX,98.315,98.29,98.39,59,58007750,20576,20558,99.61,97.25,98.429,98.41,0.0,98.39,0.0,0,0,2017-04-24,33307000,98.315,2,0,0,0,0,0,0,0,0,98.33,3,0,0,0,0,0,0,0,0
17,2017-04-24,09:15:07,500,TF1706,CCFX,98.33,98.29,98.39,61,59974300,20576,20558,99.61,97.25,98.429,98.41,0.0,98.39,0.0,0,0,2017-04-24,33307500,98.315,2,0,0,0,0,0,0,0,0,98.33,2,0,0,0,0,0,0,0,0
18,2017-04-24,09:15:08,0,TF1706,CCFX,98.33,98.29,98.39,61,59974300,20576,20558,99.61,97.25,98.429,98.41,0.0,98.39,0.0,0,0,2017-04-24,33308000,98.32,2,0,0,0,0,0,0,0,0,98.33,2,0,0,0,0,0,0,0,0
19,2017-04-24,09:15:08,500,TF1706,CCFX,98.33,98.29,98.39,64,62924200,20578,20558,99.61,97.25,98.429,98.41,0.0,98.39,0.0,0,0,2017-04-24,33308500,98.33,1,0,0,0,0,0,0,0,0,98.335,14,0,0,0,0,0,0,0,0
20,2017-04-24,09:15:09,0,TF1706,CCFX,98.33,98.29,98.39,67,65874100,20580,20558,99.61,97.25,98.429,98.41,0.0,98.39,0.0,0,0,2017-04-24,33309000,98.325,1,0,0,0,0,0,0,0,0,98.33,2,0,0,0,0,0,0,0,0
21,2017-04-24,09:15:09,500,TF1706,CCFX,98.33,98.29,98.39,70,68824000,20580,20558,99.61,97.25,98.429,98.41,0.0,98.39,0.0,0,0,2017-04-24,33309500,98.325,1,0,0,0,0,0,0,0,0,98.335,14,0,0,0,0,0,0,0,0
22,2017-04-24,09:15:10,0,TF1706,CCFX,98.335,98.29,98.39,71,69807350,20581,20558,99.61,97.25,98.429,98.41,0.0,98.39,0.0,0,0,2017-04-24,33310000,98.325,2,0,0,0,0,0,0,0,0,98.335,13,0,0,0,0,0,0,0,0
23,2017-04-24,09:15:10,500,TF1706,CCFX,98.325,98.29,98.39,73,71773950,20582,20558,99.61,97.25,98.429,98.41,0.0,98.39,0.0,0,0,2017-04-24,33310500,98.325,1,0,0,0,0,0,0,0,0,98.335,12,0,0,0,0,0,0,0,0
24,2017-04-24,09:15:11,0,TF1706,CCFX,98.325,98.29,98.39,73,71773950,20582,20558,99.61,97.25,98.429,98.41,0.0,98.39,0.0,0,0,2017-04-24,33311000,98.325,2,0,0,0,0,0,0,0,0,98.335,12,0,0,0,0,0,0,0,0
25,2017-04-24,09:15:11,500,TF1706,CCFX,98.335,98.29,98.39,78,76690700,20587,20558,99.61,97.25,98.429,98.41,0.0,98.39,0.0,0,0,2017-04-24,33311500,98.325,2,0,0,0,0,0,0,0,0,98.335,7,0,0,0,0,0,0,0,0
26,2017-04-24,09:15:12,0,TF1706,CCFX,98.335,98.29,98.39,78,76690700,20587,20558,99.61,97.25,98.429,98.41,0.0,98.39,0.0,0,0,2017-04-24,33312000,98.325,2,0,0,0,0,0,0,0,0,98.335,7,0,0,0,0,0,0,0,0
27,2017-04-24,09:15:12,500,TF1706,CCFX,98.335,98.29,98.39,78,76690700,20587,20558,99.61,97.25,98.429,98.41,0.0,98.39,0.0,0,0,2017-04-24,33312500,98.325,2,0,0,0,0,0,0,0,0,98.335,7,0,0,0,0,0,0,0,0
28,2017-04-24,09:15:13,0,TF1706,CCFX,98.335,98.29,98.39,83,81607450,20592,20558,99.61,97.25,98.429,98.41,0.0,98.39,0.0,0,0,2017-04-24,33313000,98.325,3,0,0,0,0,0,0,0,0,98.335,2,0,0,0,0,0,0,0,0
29,2017-04-24,09:15:13,500,TF1706,CCFX,98.335,98.29,98.39,83,81607450,20592,20558,99.61,97.25,98.429,98.41,0.0,98.39,0.0,0,0,2017-04-24,33313500,98.325,3,0,0,0,0,0,0,0,0,98.335,2,0,0,0,0,0,0,0,0
30,2017-04-24,09:15:14,500,TF1706,CCFX,98.335,98.29,98.39,84,82590800,20593,20558,99.61,97.25,98.429,98.41,0.0,98.39,0.0,0,0,2017-04-24,33314500,98.325,6,0,0,0,0,0,0,0,0,98.335,1,0,0,0,0,0,0,0,0
31,2017-04-24,09:15:15,0,TF1706,CCFX,98.335,98.29,98.39,88,86524200,20597,20558,99.61,97.25,98.429,98.41,0.0,98.39,0.0,0,0,2017-04-24,33315000,98.325,17,0,0,0,0,0,0,0,0,98.335,10,0,0,0,0,0,0,0,0
32,2017-04-24,09:15:15,500,TF1706,CCFX,98.335,98.29,98.39,95,93407650,20603,20558,99.61,97.25,98.429,98.41,0.0,98.39,0.0,0,0,2017-04-24,33315500,98.33,6,0,0,0,0,0,0,0,0,98.335,3,0,0,0,0,0,0,0,0
33,2017-04-24,09:15:16,0,TF1706,CCFX,98.335,98.29,98.39,108,106191300,20609,20558,99.61,97.25,98.429,98.41,0.0,98.39,0.0,0,0,2017-04-24,33316000,98.33,19,0,0,0,0,0,0,0,0,98.335,4,0,0,0,0,0,0,0,0
34,2017-04-24,09:15:16,500,TF1706,CCFX,98.335,98.29,98.39,112,110124700,20612,20558,99.61,97.25,98.429,98.41,0.0,98.39,0.0,0,0,2017-04-24,33316500,98.33,19,0,0,0,0,0,0,0,0,98.335,10,0,0,0,0,0,0,0,0
35,2017-04-24,09:15:17,0,TF1706,CCFX,98.335,98.29,98.39,113,111108050,20613,20558,99.61,97.25,98.429,98.41,0.0,98.39,0.0,0,0,2017-04-24,33317000,98.33,20,0,0,0,0,0,0,0,0,98.335,9,0,0,0,0,0,0,0,0
36,2017-04-24,09:15:17,500,TF1706,CCFX,98.335,98.29,98.39,123,120941500,20622,20558,99.61,97.25,98.429,98.41,0.0,98.39,0.0,0,0,2017-04-24,33317500,98.335,1,0,0,0,0,0,0,0,0,98.36,3,0,0,0,0,0,0,0,0
37,2017-04-24,09:15:18,0,TF1706,CCFX,98.335,98.29,98.39,123,120941500,20622,20558,99.61,97.25,98.429,98.41,0.0,98.39,0.0,0,0,2017-04-24,33318000,98.335,25,0,0,0,0,0,0,0,0,98.36,1,0,0,0,0,0,0,0,0
38,2017-04-24,09:15:18,500,TF1706,CCFX,98.335,98.29,98.39,123,120941500,20622,20558,99.61,97.25,98.429,98.41,0.0,98.39,0.0,0,0,2017-04-24,33318500,98.34,1,0,0,0,0,0,0,0,0,98.36,1,0,0,0,0,0,0,0,0
39,2017-04-24,09:15:19,0,TF1706,CCFX,98.335,98.29,98.39,123,120941500,20622,20558,99.61,97.25,98.429,98.41,0.0,98.39,0.0,0,0,2017-04-24,33319000,98.34,19,0,0,0,0,0,0,0,0,98.36,2,0,0,0,0,0,0,0,0
40,2017-04-24,09:15:19,500,TF1706,CCFX,98.335,98.29,98.39,123,120941500,20622,20558,99.61,97.25,98.429,98.41,0.0,98.39,0.0,0,0,2017-04-24,33319500,98.34,19,0,0,0,0,0,0,0,0,98.36,2,0,0,0,0,0,0,0,0
41,2017-04-24,09:15:20,0,TF1706,CCFX,98.335,98.29,98.39,123,120941500,20622,20558,99.61,97.25,98.429,98.41,0.0,98.39,0.0,0,0,2017-04-24,33320000,98.34,20,0,0,0,0,0,0,0,0,98.36,2,0,0,0,0,0,0,0,0
42,2017-04-24,09:15:21,0,TF1706,CCFX,98.36,98.29,98.39,124,121925100,20621,20558,99.61,97.25,98.429,98.41,0.0,98.39,0.0,0,0,2017-04-24,33321000,98.34,20,0,0,0,0,0,0,0,0,98.36,1,0,0,0,0,0,0,0,0
43,2017-04-24,09:15:21,500,TF1706,CCFX,98.36,98.29,98.39,124,121925100,20621,20558,99.61,97.25,98.429,98.41,0.0,98.39,0.0,0,0,2017-04-24,33321500,98.34,20,0,0,0,0,0,0,0,0,98.36,1,0,0,0,0,0,0,0,0
44,2017-04-24,09:15:22,0,TF1706,CCFX,98.34,98.29,98.39,125,122908500,20620,20558,99.61,97.25,98.429,98.41,0.0,98.39,0.0,0,0,2017-04-24,33322000,98.34,19,0,0,0,0,0,0,0,0,98.36,1,0,0,0,0,0,0,0,0
45,2017-04-24,09:15:22,500,TF1706,CCFX,98.34,98.29,98.39,126,123891900,20621,20558,99.61,97.25,98.429,98.41,0.0,98.39,0.0,0,0,2017-04-24,33322500,98.34,18,0,0,0,0,0,0,0,0,98.36,1,0,0,0,0,0,0,0,0
46,2017-04-24,09:15:23,500,TF1706,CCFX,98.34,98.29,98.39,126,123891900,20621,20558,99.61,97.25,98.429,98.41,0.0,98.39,0.0,0,0,2017-04-24,33323500,98.34,19,0,0,0,0,0,0,0,0,98.36,1,0,0,0,0,0,0,0,0
47,2017-04-24,09:15:24,0,TF1706,CCFX,98.34,98.29,98.39,126,123891900,20621,20558,99.61,97.25,98.429,98.41,0.0,98.39,0.0,0,0,2017-04-24,33324000,98.34,19,0,0,0,0,0,0,0,0,98.36,1,0,0,0,0,0,0,0,0
48,2017-04-24,09:15:24,500,TF1706,CCFX,98.36,98.29,98.39,127,124875500,20622,20558,99.61,97.25,98.429,98.41,0.0,98.39,0.0,0,0,2017-04-24,33324500,98.36,14,0,0,0,0,0,0,0,0,98.37,1,0,0,0,0,0,0,0,0
49,2017-04-24,09:15:25,0,TF1706,CCFX,98.36,98.29,98.39,140,137662300,20631,20558,99.61,97.25,98.429,98.41,0.0,98.39,0.0,0,0,2017-04-24,33325000,98.36,1,0,0,0,0,0,0,0,0,98.37,1,0,0,0,0,0,0,0,0
50,2017-04-24,09:15:25,500,TF1706,CCFX,98.36,98.29,98.39,143,140613100,20631,20558,99.61,97.25,98.429,98.41,0.0,98.39,0.0,0,0,2017-04-24,33325500,98.355,1,0,0,0,0,0,0,0,0,98.37,5,0,0,0,0,0,0,0,0
51,2017-04-24,09:15:26,0,TF1706,CCFX,98.355,98.29,98.39,144,141596650,20631,20558,99.61,97.25,98.429,98.41,0.0,98.39,0.0,0,0,2017-04-24,33326000,98.36,1,0,0,0,0,0,0,0,0,98.365,1,0,0,0,0,0,0,0,0
52,2017-04-24,09:15:26,500,TF1706,CCFX,98.36,98.29,98.39,145,142580250,20630,20558,99.61,97.25,98.429,98.41,0.0,98.39,0.0,0,0,2017-04-24,33326500,98.355,2,0,0,0,0,0,0,0,0,98.36,10,0,0,0,0,0,0,0,0
53,2017-04-24,09:15:27,0,TF1706,CCFX,98.355,98.29,98.39,147,144547350,20630,20558,99.61,97.25,98.429,98.41,0.0,98.39,0.0,0,0,2017-04-24,33327000,98.34,3,0,0,0,0,0,0,0,0,98.355,1,0,0,0,0,0,0,0,0
54,2017-04-24,09:15:27,500,TF1706,CCFX,98.355,98.29,98.39,147,144547350,20630,20558,99.61,97.25,98.429,98.41,0.0,98.39,0.0,0,0,2017-04-24,33327500,98.34,2,0,0,0,0,0,0,0,0,98.355,1,0,0,0,0,0,0,0,0
55,2017-04-24,09:15:28,0,TF1706,CCFX,98.34,98.29,98.39,149,146514300,20630,20558,99.61,97.25,98.429,98.41,0.0,98.39,0.0,0,0,2017-04-24,33328000,98.34,1,0,0,0,0,0,0,0,0,98.36,1,0,0,0,0,0,0,0,0
56,2017-04-24,09:15:28,500,TF1706,CCFX,98.34,98.29,98.39,149,146514300,20630,20558,99.61,97.25,98.429,98.41,0.0,98.39,0.0,0,0,2017-04-24,33328500,98.34,1,0,0,0,0,0,0,0,0,98.36,1,0,0,0,0,0,0,0,0
57,2017-04-24,09:15:29,0,TF1706,CCFX,98.34,98.29,98.39,149,146514300,20630,20558,99.61,97.25,98.429,98.41,0.0,98.39,0.0,0,0,2017-04-24,33329000,98.34,2,0,0,0,0,0,0,0,0,98.36,2,0,0,0,0,0,0,0,0
58,2017-04-24,09:15:29,500,TF1706,CCFX,98.34,98.29,98.39,150,147497700,20631,20558,99.61,97.25,98.429,98.41,0.0,98.39,0.0,0,0,2017-04-24,33329500,98.33,12,0,0,0,0,0,0,0,0,98.36,2,0,0,0,0,0,0,0,0
59,2017-04-24,09:15:30,0,TF1706,CCFX,98.36,98.29,98.39,152,149464850,20629,20558,99.61,97.25,98.429,98.41,0.0,98.39,0.0,0,0,2017-04-24,33330000,98.34,1,0,0,0,0,0,0,0,0,98.36,1,0,0,0,0,0,0,0,0
60,2017-04-24,09:15:30,500,TF1706,CCFX,98.36,98.29,98.39,152,149464850,20629,20558,99.61,97.25,98.429,98.41,0.0,98.39,0.0,0,0,2017-04-24,33330500,98.34,1,0,0,0,0,0,0,0,0,98.36,1,0,0,0,0,0,0,0,0
61,2017-04-24,09:15:31,500,TF1706,CCFX,98.36,98.29,98.39,152,149464850,20629,20558,99.61,97.25,98.429,98.41,0.0,98.39,0.0,0,0,2017-04-24,33331500,98.34,1,0,0,0,0,0,0,0,0,98.36,1,0,0,0,0,0,0,0,0
62,2017-04-24,09:15:32,0,TF1706,CCFX,98.36,98.29,98.39,152,149464850,20629,20558,99.61,97.25,98.429,98.41,0.0,98.39,0.0,0,0,2017-04-24,33332000,98.34,1,0,0,0,0,0,0,0,0,98.36,1,0,0,0,0,0,0,0,0
63,2017-04-24,09:15:32,500,TF1706,CCFX,98.36,98.29,98.39,153,150448450,20629,20558,99.61,97.25,98.429,98.41,0.0,98.39,0.0,0,0,2017-04-24,33332500,98.36,2,0,0,0,0,0,0,0,0,98.365,1,0,0,0,0,0,0,0,0
64,2017-04-24,09:15:33,0,TF1706,CCFX,98.36,98.29,98.39,155,152415650,20627,20558,99.61,97.25,98.429,98.41,0.0,98.39,0.0,0,0,2017-04-24,33333000,98.34,2,0,0,0,0,0,0,0,0,98.36,9,0,0,0,0,0,0,0,0
65,2017-04-24,09:15:33,500,TF1706,CCFX,98.36,98.29,98.39,155,152415650,20627,20558,99.61,97.25,98.429,98.41,0.0,98.39,0.0,0,0,2017-04-24,33333500,98.34,3,0,0,0,0,0,0,0,0,98.36,4,0,0,0,0,0,0,0,0
66,2017-04-24,09:15:34,0,TF1706,CCFX,98.36,98.29,98.39,155,152415650,20627,20558,99.61,97.25,98.429,98.41,0.0,98.39,0.0,0,0,2017-04-24,33334000,98.34,11,0,0,0,0,0,0,0,0,98.36,4,0,0,0,0,0,0,0,0
67,2017-04-24,09:15:34,500,TF1706,CCFX,98.36,98.29,98.39,155,152415650,20627,20558,99.61,97.25,98.429,98.41,0.0,98.39,0.0,0,0,2017-04-24,33334500,98.34,11,0,0,0,0,0,0,0,0,98.355,1,0,0,0,0,0,0,0,0
68,2017-04-24,09:15:35,0,TF1706,CCFX,98.36,98.29,98.39,155,152415650,20627,20558,99.61,97.25,98.429,98.41,0.0,98.39,0.0,0,0,2017-04-24,33335000,98.345,1,0,0,0,0,0,0,0,0,98.355,1,0,0,0,0,0,0,0,0
69,2017-04-24,09:15:35,500,TF1706,CCFX,98.36,98.29,98.39,155,152415650,20627,20558,99.61,97.25,98.429,98.41,0.0,98.39,0.0,0,0,2017-04-24,33335500,98.345,2,0,0,0,0,0,0,0,0,98.355,1,0,0,0,0,0,0,0,0
70,2017-04-24,09:15:36,500,TF1706,CCFX,98.355,98.29,98.39,156,153399200,20626,20558,99.61,97.25,98.429,98.41,0.0,98.39,0.0,0,0,2017-04-24,33336500,98.345,2,0,0,0,0,0,0,0,0,98.365,1,0,0,0,0,0,0,0,0
71,2017-04-24,09:15:37,0,TF1706,CCFX,98.355,98.29,98.39,156,153399200,20626,20558,99.61,97.25,98.429,98.41,0.0,98.39,0.0,0,0,2017-04-24,33337000,98.345,2,0,0,0,0,0,0,0,0,98.365,3,0,0,0,0,0,0,0,0
72,2017-04-24,09:15:37,500,TF1706,CCFX,98.355,98.29,98.39,156,153399200,20626,20558,99.61,97.25,98.429,98.41,0.0,98.39,0.0,0,0,2017-04-24,33337500,98.345,3,0,0,0,0,0,0,0,0,98.365,2,0,0,0,0,0,0,0,0
73,2017-04-24,09:15:38,0,TF1706,CCFX,98.355,98.29,98.39,156,153399200,20626,20558,99.61,97.25,98.429,98.41,0.0,98.39,0.0,0,0,2017-04-24,33338000,98.345,3,0,0,0,0,0,0,0,0,98.365,6,0,0,0,0,0,0,0,0
74,2017-04-24,09:15:38,500,TF1706,CCFX,98.355,98.29,98.39,156,153399200,20626,20558,99.61,97.25,98.429,98.41,0.0,98.39,0.0,0,0,2017-04-24,33338500,98.345,3,0,0,0,0,0,0,0,0,98.365,8,0,0,0,0,0,0,0,0
75,2017-04-24,09:15:39,500,TF1706,CCFX,98.355,98.29,98.39,156,153399200,20626,20558,99.61,97.25,98.429,98.41,0.0,98.39,0.0,0,0,2017-04-24,33339500,98.345,3,0,0,0,0,0,0,0,0,98.365,2,0,0,0,0,0,0,0,0
76,2017-04-24,09:15:40,0,TF1706,CCFX,98.365,98.29,98.39,158,155366500,20624,20558,99.61,97.25,98.429,98.41,0.0,98.39,0.0,0,0,2017-04-24,33340000,98.365,1,0,0,0,0,0,0,0,0,98.38,1,0,0,0,0,0,0,0,0
77,2017-04-24,09:15:40,500,TF1706,CCFX,98.355,98.29,98.39,160,157333700,20624,20558,99.61,97.25,98.429,98.41,0.0,98.39,0.0,0,0,2017-04-24,33340500,98.355,1,0,0,0,0,0,0,0,0,98.365,4,0,0,0,0,0,0,0,0
78,2017-04-24,09:15:41,0,TF1706,CCFX,98.355,98.29,98.39,161,158317250,20624,20558,99.61,97.25,98.429,98.41,0.0,98.39,0.0,0,0,2017-04-24,33341000,98.355,2,0,0,0,0,0,0,0,0,98.375,5,0,0,0,0,0,0,0,0
79,2017-04-24,09:15:41,500,TF1706,CCFX,98.355,98.29,98.39,161,158317250,20624,20558,99.61,97.25,98.429,98.41,0.0,98.39,0.0,0,0,2017-04-24,33341500,98.355,3,0,0,0,0,0,0,0,0,98.375,7,0,0,0,0,0,0,0,0
80,2017-04-24,09:15:42,0,TF1706,CCFX,98.355,98.29,98.39,161,158317250,20624,20558,99.61,97.25,98.429,98.41,0.0,98.39,0.0,0,0,2017-04-24,33342000,98.355,3,0,0,0,0,0,0,0,0,98.375,7,0,0,0,0,0,0,0,0
81,2017-04-24,09:15:44,500,TF1706,CCFX,98.355,98.29,98.39,161,158317250,20624,20558,99.61,97.25,98.429,98.41,0.0,98.39,0.0,0,0,2017-04-24,33344500,98.355,4,0,0,0,0,0,0,0,0,98.375,7,0,0,0,0,0,0,0,0
82,2017-04-24,09:15:45,0,TF1706,CCFX,98.355,98.29,98.39,161,158317250,20624,20558,99.61,97.25,98.429,98.41,0.0,98.39,0.0,0,0,2017-04-24,33345000,98.355,3,0,0,0,0,0,0,0,0,98.375,7,0,0,0,0,0,0,0,0
83,2017-04-24,09:15:45,500,TF1706,CCFX,98.355,98.29,98.39,161,158317250,20624,20558,99.61,97.25,98.429,98.41,0.0,98.39,0.0,0,0,2017-04-24,33345500,98.355,4,0,0,0,0,0,0,0,0,98.375,7,0,0,0,0,0,0,0,0
84,2017-04-24,09:15:46,0,TF1706,CCFX,98.355,98.29,98.39,161,158317250,20624,20558,99.61,97.25,98.429,98.41,0.0,98.39,0.0,0,0,2017-04-24,33346000,98.355,4,0,0,0,0,0,0,0,0,98.375,3,0,0,0,0,0,0,0,0
85,2017-04-24,09:15:46,500,TF1706,CCFX,98.355,98.29,98.39,161,158317250,20624,20558,99.61,97.25,98.429,98.41,0.0,98.39,0.0,0,0,2017-04-24,33346500,98.355,4,0,0,0,0,0,0,0,0,98.375,3,0,0,0,0,0,0,0,0
86,2017-04-24,09:15:47,0,TF1706,CCFX,98.355,98.29,98.39,161,158317250,20624,20558,99.61,97.25,98.429,98.41,0.0,98.39,0.0,0,0,2017-04-24,33347000,98.355,4,0,0,0,0,0,0,0,0,98.375,3,0,0,0,0,0,0,0,0
87,2017-04-24,09:15:48,500,TF1706,CCFX,98.355,98.29,98.39,161,158317250,20624,20558,99.61,97.25,98.429,98.41,0.0,98.39,0.0,0,0,2017-04-24,33348500,98.355,4,0,0,0,0,0,0,0,0,98.375,3,0,0,0,0,0,0,0,0
88,2017-04-24,09:15:49,0,TF1706,CCFX,98.375,98.29,98.39,162,159301000,20625,20558,99.61,97.25,98.429,98.41,0.0,98.39,0.0,0,0,2017-04-24,33349000,98.365,2,0,0,0,0,0,0,0,0,98.38,5,0,0,0,0,0,0,0,0
89,2017-04-24,09:15:49,500,TF1706,CCFX,98.375,98.29,98.39,162,159301000,20625,20558,99.61,97.25,98.429,98.41,0.0,98.39,0.0,0,0,2017-04-24,33349500,98.365,2,0,0,0,0,0,0,0,0,98.38,5,0,0,0,0,0,0,0,0
90,2017-04-24,09:15:50,0,TF1706,CCFX,98.375,98.29,98.39,162,159301000,20625,20558,99.61,97.25,98.429,98.41,0.0,98.39,0.0,0,0,2017-04-24,33350000,98.365,6,0,0,0,0,0,0,0,0,98.38,1,0,0,0,0,0,0,0,0
91,2017-04-24,09:15:50,500,TF1706,CCFX,98.375,98.29,98.39,162,159301000,20625,20558,99.61,97.25,98.429,98.41,0.0,98.39,0.0,0,0,2017-04-24,33350500,98.365,8,0,0,0,0,0,0,0,0,98.37,1,0,0,0,0,0,0,0,0
92,2017-04-24,09:15:51,0,TF1706,CCFX,98.37,98.29,98.39,163,160284700,20625,20558,99.61,97.25,98.429,98.41,0.0,98.39,0.0,0,0,2017-04-24,33351000,98.37,2,0,0,0,0,0,0,0,0,98.38,2,0,0,0,0,0,0,0,0
93,2017-04-24,09:15:51,500,TF1706,CCFX,98.37,98.29,98.39,163,160284700,20625,20558,99.61,97.25,98.429,98.41,0.0,98.39,0.0,0,0,2017-04-24,33351500,98.37,5,0,0,0,0,0,0,0,0,98.375,1,0,0,0,0,0,0,0,0
94,2017-04-24,09:15:52,0,TF1706,CCFX,98.375,98.29,98.39,164,161268450,20624,20558,99.61,97.25,98.429,98.41,0.0,98.39,0.0,0,0,2017-04-24,33352000,98.37,7,0,0,0,0,0,0,0,0,98.38,2,0,0,0,0,0,0,0,0
95,2017-04-24,09:15:52,500,TF1706,CCFX,98.375,98.29,98.39,164,161268450,20624,20558,99.61,97.25,98.429,98.41,0.0,98.39,0.0,0,0,2017-04-24,33352500,98.37,7,0,0,0,0,0,0,0,0,98.38,3,0,0,0,0,0,0,0,0
96,2017-04-24,09:15:53,0,TF1706,CCFX,98.38,98.29,98.39,165,162252250,20623,20558,99.61,97.25,98.429,98.41,0.0,98.39,0.0,0,0,2017-04-24,33353000,98.37,8,0,0,0,0,0,0,0,0,98.38,2,0,0,0,0,0,0,0,0
97,2017-04-24,09:15:53,500,TF1706,CCFX,98.38,98.29,98.39,165,162252250,20623,20558,99.61,97.25,98.429,98.41,0.0,98.39,0.0,0,0,2017-04-24,33353500,98.37,8,0,0,0,0,0,0,0,0,98.38,4,0,0,0,0,0,0,0,0
98,2017-04-24,09:15:54,0,TF1706,CCFX,98.38,98.29,98.39,165,162252250,20623,20558,99.61,97.25,98.429,98.41,0.0,98.39,0.0,0,0,2017-04-24,33354000,98.37,9,0,0,0,0,0,0,0,0,98.38,4,0,0,0,0,0,0,0,0
99,2017-04-24,09:15:55,500,TF1706,CCFX,98.38,98.29,98.39,166,163236050,20624,20558,99.61,97.25,98.429,98.41,0.0,98.39,0.0,0,0,2017-04-24,33355500,98.37,9,0,0,0,0,0,0,0,0,98.38,3,0,0,0,0,0,0,0,0
100,2017-04-24,09:15:56,0,TF1706,CCFX,98.38,98.29,98.39,168,165203650,20625,20558,99.61,97.25,98.429,98.41,0.0,98.39,0.0,0,0,2017-04-24,33356000,98.37,8,0,0,0,0,0,0,0,0,98.38,1,0,0,0,0,0,0,0,0
101,2017-04-24,09:15:56,500,TF1706,CCFX,98.38,98.29,98.39,169,166187450,20625,20558,99.61,97.25,98.429,98.41,0.0,98.39,0.0,0,0,2017-04-24,33356500,98.38,3,0,0,0,0,0,0,0,0,98.385,1,0,0,0,0,0,0,0,0
102,2017-04-24,09:15:57,0,TF1706,CCFX,98.38,98.29,98.39,173,170122650,20623,20558,99.61,97.25,98.429,98.41,0.0,98.39,0.0,0,0,2017-04-24,33357000,98.375,1,0,0,0,0,0,0,0,0,98.38,2,0,0,0,0,0,0,0,0
103,2017-04-24,09:15:57,500,TF1706,CCFX,98.38,98.29,98.39,173,170122650,20623,20558,99.61,97.25,98.429,98.41,0.0,98.39,0.0,0,0,2017-04-24,33357500,98.375,1,0,0,0,0,0,0,0,0,98.38,1,0,0,0,0,0,0,0,0
104,2017-04-24,09:15:58,500,TF1706,CCFX,98.37,98.29,98.39,176,173073800,20624,20558,99.61,97.25,98.429,98.41,0.0,98.39,0.0,0,0,2017-04-24,33358500,98.375,1,0,0,0,0,0,0,0,0,98.38,1,0,0,0,0,0,0,0,0
105,2017-04-24,09:15:59,0,TF1706,CCFX,98.375,98.29,98.39,177,174057550,20623,20558,99.61,97.25,98.429,98.41,0.0,98.39,0.0,0,0,2017-04-24,33359000,98.37,4,0,0,0,0,0,0,0,0,98.375,12,0,0,0,0,0,0,0,0
106,2017-04-24,09:15:59,500,TF1706,CCFX,98.37,98.29,98.39,179,176024950,20624,20558,99.61,97.25,98.429,98.41,0.0,98.39,0.0,0,0,2017-04-24,33359500,98.37,1,0,0,0,0,0,0,0,0,98.375,9,0,0,0,0,0,0,0,0
107,2017-04-24,09:16:00,0,TF1706,CCFX,98.37,98.29,98.39,180,177008650,20625,20558,99.61,97.25,98.429,98.41,0.0,98.39,0.0,0,0,2017-04-24,33360000,98.365,3,0,0,0,0,0,0,0,0,98.37,6,0,0,0,0,0,0,0,0
108,2017-04-24,09:16:00,500,TF1706,CCFX,98.37,98.29,98.39,182,178976050,20627,20558,99.61,97.25,98.429,98.41,0.0,98.39,0.0,0,0,2017-04-24,33360500,98.365,1,0,0,0,0,0,0,0,0,98.37,3,0,0,0,0,0,0,0,0
109,2017-04-24,09:16:01,0,TF1706,CCFX,98.36,98.29,98.39,184,180943300,20627,20558,99.61,97.25,98.429,98.41,0.0,98.39,0.0,0,0,2017-04-24,33361000,98.355,1,0,0,0,0,0,0,0,0,98.37,3,0,0,0,0,0,0,0,0
110,2017-04-24,09:16:01,500,TF1706,CCFX,98.36,98.29,98.39,184,180943300,20627,20558,99.61,97.25,98.429,98.41,0.0,98.39,0.0,0,0,2017-04-24,33361500,98.36,3,0,0,0,0,0,0,0,0,98.37,3,0,0,0,0,0,0,0,0
111,2017-04-24,09:16:02,0,TF1706,CCFX,98.36,98.29,98.39,184,180943300,20627,20558,99.61,97.25,98.429,98.41,0.0,98.39,0.0,0,0,2017-04-24,33362000,98.36,2,0,0,0,0,0,0,0,0,98.37,3,0,0,0,0,0,0,0,0
112,2017-04-24,09:16:02,500,TF1706,CCFX,98.36,98.29,98.39,184,180943300,20627,20558,99.61,97.25,98.429,98.41,0.0,98.39,0.0,0,0,2017-04-24,33362500,98.36,2,0,0,0,0,0,0,0,0,98.37,3,0,0,0,0,0,0,0,0
113,2017-04-24,09:16:03,0,TF1706,CCFX,98.36,98.29,98.39,184,180943300,20627,20558,99.61,97.25,98.429,98.41,0.0,98.39,0.0,0,0,2017-04-24,33363000,98.36,2,0,0,0,0,0,0,0,0,98.37,3,0,0,0,0,0,0,0,0
114,2017-04-24,09:16:03,500,TF1706,CCFX,98.37,98.29,98.39,186,182910700,20626,20558,99.61,97.25,98.429,98.41,0.0,98.39,0.0,0,0,2017-04-24,33363500,98.36,2,0,0,0,0,0,0,0,0,98.37,1,0,0,0,0,0,0,0,0
115,2017-04-24,09:16:04,0,TF1706,CCFX,98.37,98.29,98.39,186,182910700,20626,20558,99.61,97.25,98.429,98.41,0.0,98.39,0.0,0,0,2017-04-24,33364000,98.36,2,0,0,0,0,0,0,0,0,98.37,1,0,0,0,0,0,0,0,0
116,2017-04-24,09:16:05,0,TF1706,CCFX,98.37,98.29,98.39,186,182910700,20626,20558,99.61,97.25,98.429,98.41,0.0,98.39,0.0,0,0,2017-04-24,33365000,98.355,80,0,0,0,0,0,0,0,0,98.37,2,0,0,0,0,0,0,0,0
117,2017-04-24,09:16:05,500,TF1706,CCFX,98.37,98.29,98.39,186,182910700,20626,20558,99.61,97.25,98.429,98.41,0.0,98.39,0.0,0,0,2017-04-24,33365500,98.355,81,0,0,0,0,0,0,0,0,98.37,2,0,0,0,0,0,0,0,0
118,2017-04-24,09:16:06,0,TF1706,CCFX,98.37,98.29,98.39,186,182910700,20626,20558,99.61,97.25,98.429,98.41,0.0,98.39,0.0,0,0,2017-04-24,33366000,98.355,81,0,0,0,0,0,0,0,0,98.37,3,0,0,0,0,0,0,0,0
119,2017-04-24,09:16:06,500,TF1706,CCFX,98.37,98.29,98.39,186,182910700,20626,20558,99.61,97.25,98.429,98.41,0.0,98.39,0.0,0,0,2017-04-24,33366500,98.355,3,0,0,0,0,0,0,0,0,98.37,3,0,0,0,0,0,0,0,0
120,2017-04-24,09:16:07,0,TF1706,CCFX,98.37,98.29,98.39,186,182910700,20626,20558,99.61,97.25,98.429,98.41,0.0,98.39,0.0,0,0,2017-04-24,33367000,98.355,3,0,0,0,0,0,0,0,0,98.37,4,0,0,0,0,0,0,0,0
121,2017-04-24,09:16:08,0,TF1706,CCFX,98.37,98.29,98.39,186,182910700,20626,20558,99.61,97.25,98.429,98.41,0.0,98.39,0.0,0,0,2017-04-24,33368000,98.36,2,0,0,0,0,0,0,0,0,98.37,4,0,0,0,0,0,0,0,0
122,2017-04-24,09:16:08,500,TF1706,CCFX,98.37,98.29,98.39,186,182910700,20626,20558,99.61,97.25,98.429,98.41,0.0,98.39,0.0,0,0,2017-04-24,33368500,98.36,2,0,0,0,0,0,0,0,0,98.37,3,0,0,0,0,0,0,0,0
123,2017-04-24,09:16:09,0,TF1706,CCFX,98.36,98.29,98.39,188,184877900,20626,20558,99.61,97.25,98.429,98.41,0.0,98.39,0.0,0,0,2017-04-24,33369000,98.355,3,0,0,0,0,0,0,0,0,98.36,1,0,0,0,0,0,0,0,0
124,2017-04-24,09:16:09,500,TF1706,CCFX,98.36,98.29,98.39,189,185861500,20625,20558,99.61,97.25,98.429,98.41,0.0,98.39,0.0,0,0,2017-04-24,33369500,98.36,4,0,0,0,0,0,0,0,0,98.37,1,0,0,0,0,0,0,0,0
125,2017-04-24,09:16:10,0,TF1706,CCFX,98.36,98.29,98.39,192,188812300,20622,20558,99.61,97.25,98.429,98.41,0.0,98.39,0.0,0,0,2017-04-24,33370000,98.36,1,0,0,0,0,0,0,0,0,98.37,1,0,0,0,0,0,0,0,0
126,2017-04-24,09:16:10,500,TF1706,CCFX,98.36,98.29,98.39,192,188812300,20622,20558,99.61,97.25,98.429,98.41,0.0,98.39,0.0,0,0,2017-04-24,33370500,98.36,1,0,0,0,0,0,0,0,0,98.365,2,0,0,0,0,0,0,0,0
127,2017-04-24,09:16:11,0,TF1706,CCFX,98.36,98.29,98.39,193,189795900,20621,20558,99.61,97.25,98.429,98.41,0.0,98.39,0.0,0,0,2017-04-24,33371000,98.355,2,0,0,0,0,0,0,0,0,98.36,3,0,0,0,0,0,0,0,0
128,2017-04-24,09:16:11,500,TF1706,CCFX,98.36,98.29,98.39,194,190779500,20620,20558,99.61,97.25,98.429,98.41,0.0,98.39,0.0,0,0,2017-04-24,33371500,98.355,2,0,0,0,0,0,0,0,0,98.36,3,0,0,0,0,0,0,0,0
129,2017-04-24,09:16:12,0,TF1706,CCFX,98.36,98.29,98.39,194,190779500,20620,20558,99.61,97.25,98.429,98.41,0.0,98.39,0.0,0,0,2017-04-24,33372000,98.355,2,0,0,0,0,0,0,0,0,98.36,3,0,0,0,0,0,0,0,0
130,2017-04-24,09:16:12,500,TF1706,CCFX,98.355,98.29,98.39,196,192746600,20621,20558,99.61,97.25,98.429,98.41,0.0,98.39,0.0,0,0,2017-04-24,33372500,98.345,2,0,0,0,0,0,0,0,0,98.36,3,0,0,0,0,0,0,0,0
131,2017-04-24,09:16:13,0,TF1706,CCFX,98.36,98.29,98.39,197,193730200,20621,20558,99.61,97.25,98.429,98.41,0.0,98.39,0.0,0,0,2017-04-24,33373000,98.345,2,0,0,0,0,0,0,0,0,98.36,3,0,0,0,0,0,0,0,0
132,2017-04-24,09:16:13,500,TF1706,CCFX,98.36,98.29,98.39,199,195697400,20622,20558,99.61,97.25,98.429,98.41,0.0,98.39,0.0,0,0,2017-04-24,33373500,98.36,1,0,0,0,0,0,0,0,0,98.365,3,0,0,0,0,0,0,0,0
133,2017-04-24,09:16:14,0,TF1706,CCFX,98.36,98.29,98.39,200,196681000,20622,20558,99.61,97.25,98.429,98.41,0.0,98.39,0.0,0,0,2017-04-24,33374000,98.35,9,0,0,0,0,0,0,0,0,98.365,1,0,0,0,0,0,0,0,0
134,2017-04-24,09:16:14,500,TF1706,CCFX,98.36,98.29,98.39,200,196681000,20622,20558,99.61,97.25,98.429,98.41,0.0,98.39,0.0,0,0,2017-04-24,33374500,98.35,9,0,0,0,0,0,0,0,0,98.365,1,0,0,0,0,0,0,0,0
135,2017-04-24,09:16:15,0,TF1706,CCFX,98.36,98.29,98.39,200,196681000,20622,20558,99.61,97.25,98.429,98.41,0.0,98.39,0.0,0,0,2017-04-24,33375000,98.35,9,0,0,0,0,0,0,0,0,98.365,1,0,0,0,0,0,0,0,0
136,2017-04-24,09:16:15,500,TF1706,CCFX,98.36,98.29,98.39,200,196681000,20622,20558,99.61,97.25,98.429,98.41,0.0,98.39,0.0,0,0,2017-04-24,33375500,98.35,9,0,0,0,0,0,0,0,0,98.365,1,0,0,0,0,0,0,0,0
137,2017-04-24,09:16:16,0,TF1706,CCFX,98.365,98.29,98.39,201,197664650,20622,20558,99.61,97.25,98.429,98.41,0.0,98.39,0.0,0,0,2017-04-24,33376000,98.35,12,0,0,0,0,0,0,0,0,98.36,1,0,0,0,0,0,0,0,0
138,2017-04-24,09:16:16,500,TF1706,CCFX,98.36,98.29,98.39,202,198648250,20622,20558,99.61,97.25,98.429,98.41,0.0,98.39,0.0,0,0,2017-04-24,33376500,98.36,2,0,0,0,0,0,0,0,0,98.37,2,0,0,0,0,0,0,0,0
139,2017-04-24,09:16:17,0,TF1706,CCFX,98.36,98.29,98.39,202,198648250,20622,20558,99.61,97.25,98.429,98.41,0.0,98.39,0.0,0,0,2017-04-24,33377000,98.36,7,0,0,0,0,0,0,0,0,98.37,2,0,0,0,0,0,0,0,0
140,2017-04-24,09:16:17,500,TF1706,CCFX,98.37,98.29,98.39,203,199631950,20622,20558,99.61,97.25,98.429,98.41,0.0,98.39,0.0,0,0,2017-04-24,33377500,98.36,7,0,0,0,0,0,0,0,0,98.385,1,0,0,0,0,0,0,0,0
141,2017-04-24,09:16:18,0,TF1706,CCFX,98.37,98.29,98.39,203,199631950,20622,20558,99.61,97.25,98.429,98.41,0.0,98.39,0.0,0,0,2017-04-24,33378000,98.365,2,0,0,0,0,0,0,0,0,98.385,1,0,0,0,0,0,0,0,0
142,2017-04-24,09:16:18,500,TF1706,CCFX,98.37,98.29,98.39,203,199631950,20622,20558,99.61,97.25,98.429,98.41,0.0,98.39,0.0,0,0,2017-04-24,33378500,98.365,11,0,0,0,0,0,0,0,0,98.385,2,0,0,0,0,0,0,0,0
143,2017-04-24,09:16:19,0,TF1706,CCFX,98.375,98.29,98.39,204,200615700,20621,20558,99.61,97.25,98.429,98.41,0.0,98.39,0.0,0,0,2017-04-24,33379000,98.365,10,0,0,0,0,0,0,0,0,98.375,1,0,0,0,0,0,0,0,0
144,2017-04-24,09:16:19,500,TF1706,CCFX,98.375,98.29,98.39,204,200615700,20621,20558,99.61,97.25,98.429,98.41,0.0,98.39,0.0,0,0,2017-04-24,33379500,98.365,10,0,0,0,0,0,0,0,0,98.375,2,0,0,0,0,0,0,0,0
145,2017-04-24,09:16:22,0,TF1706,CCFX,98.375,98.29,98.39,204,200615700,20621,20558,99.61,97.25,98.429,98.41,0.0,98.39,0.0,0,0,2017-04-24,33382000,98.365,10,0,0,0,0,0,0,0,0,98.375,2,0,0,0,0,0,0,0,0
146,2017-04-24,09:16:22,500,TF1706,CCFX,98.375,98.29,98.39,204,200615700,20621,20558,99.61,97.25,98.429,98.41,0.0,98.39,0.0,0,0,2017-04-24,33382500,98.365,10,0,0,0,0,0,0,0,0,98.375,3,0,0,0,0,0,0,0,0
147,2017-04-24,09:16:23,500,TF1706,CCFX,98.375,98.29,98.39,204,200615700,20621,20558,99.61,97.25,98.429,98.41,0.0,98.39,0.0,0,0,2017-04-24,33383500,98.365,10,0,0,0,0,0,0,0,0,98.375,5,0,0,0,0,0,0,0,0
148,2017-04-24,09:16:24,0,TF1706,CCFX,98.37,98.29,98.39,208,204550400,20623,20558,99.61,97.25,98.429,98.41,0.0,98.39,0.0,0,0,2017-04-24,33384000,98.365,8,0,0,0,0,0,0,0,0,98.375,5,0,0,0,0,0,0,0,0
149,2017-04-24,09:16:25,0,TF1706,CCFX,98.365,98.29,98.39,209,205534050,20623,20558,99.61,97.25,98.429,98.41,0.0,98.39,0.0,0,0,2017-04-24,33385000,98.365,7,0,0,0,0,0,0,0,0,98.37,2,0,0,0,0,0,0,0,0
150,2017-04-24,09:16:25,500,TF1706,CCFX,98.365,98.29,98.39,209,205534050,20623,20558,99.61,97.25,98.429,98.41,0.0,98.39,0.0,0,0,2017-04-24,33385500,98.365,7,0,0,0,0,0,0,0,0,98.375,4,0,0,0,0,0,0,0,0
151,2017-04-24,09:16:26,0,TF1706,CCFX,98.365,98.29,98.39,209,205534050,20623,20558,99.61,97.25,98.429,98.41,0.0,98.39,0.0,0,0,2017-04-24,33386000,98.365,7,0,0,0,0,0,0,0,0,98.375,4,0,0,0,0,0,0,0,0
152,2017-04-24,09:16:26,500,TF1706,CCFX,98.375,98.29,98.39,213,209469050,20625,20558,99.61,97.25,98.429,98.41,0.0,98.39,0.0,0,0,2017-04-24,33386500,98.375,4,0,0,0,0,0,0,0,0,98.385,1,0,0,0,0,0,0,0,0
153,2017-04-24,09:16:27,0,TF1706,CCFX,98.375,98.29,98.39,217,213404050,20626,20558,99.61,97.25,98.429,98.41,0.0,98.39,0.0,0,0,2017-04-24,33387000,98.36,1,0,0,0,0,0,0,0,0,98.375,5,0,0,0,0,0,0,0,0
154,2017-04-24,09:16:27,500,TF1706,CCFX,98.375,98.29,98.39,217,213404050,20626,20558,99.61,97.25,98.429,98.41,0.0,98.39,0.0,0,0,2017-04-24,33387500,98.36,1,0,0,0,0,0,0,0,0,98.375,3,0,0,0,0,0,0,0,0
155,2017-04-24,09:16:28,0,TF1706,CCFX,98.375,98.29,98.39,217,213404050,20626,20558,99.61,97.25,98.429,98.41,0.0,98.39,0.0,0,0,2017-04-24,33388000,98.36,2,0,0,0,0,0,0,0,0,98.37,1,0,0,0,0,0,0,0,0
156,2017-04-24,09:16:28,500,TF1706,CCFX,98.375,98.29,98.39,217,213404050,20626,20558,99.61,97.25,98.429,98.41,0.0,98.39,0.0,0,0,2017-04-24,33388500,98.36,2,0,0,0,0,0,0,0,0,98.375,3,0,0,0,0,0,0,0,0
157,2017-04-24,09:16:29,0,TF1706,CCFX,98.375,98.29,98.39,217,213404050,20626,20558,99.61,97.25,98.429,98.41,0.0,98.39,0.0,0,0,2017-04-24,33389000,98.36,3,0,0,0,0,0,0,0,0,98.375,3,0,0,0,0,0,0,0,0
158,2017-04-24,09:16:29,500,TF1706,CCFX,98.375,98.29,98.39,217,213404050,20626,20558,99.61,97.25,98.429,98.41,0.0,98.39,0.0,0,0,2017-04-24,33389500,98.36,3,0,0,0,0,0,0,0,0,98.375,3,0,0,0,0,0,0,0,0
159,2017-04-24,09:16:30,500,TF1706,CCFX,98.375,98.29,98.39,217,213404050,20626,20558,99.61,97.25,98.429,98.41,0.0,98.39,0.0,0,0,2017-04-24,33390500,98.365,2,0,0,0,0,0,0,0,0,98.375,3,0,0,0,0,0,0,0,0
160,2017-04-24,09:16:31,0,TF1706,CCFX,98.375,98.29,98.39,217,213404050,20626,20558,99.61,97.25,98.429,98.41,0.0,98.39,0.0,0,0,2017-04-24,33391000,98.365,3,0,0,0,0,0,0,0,0,98.37,1,0,0,0,0,0,0,0,0
161,2017-04-24,09:16:31,500,TF1706,CCFX,98.37,98.29,98.39,218,214387750,20626,20558,99.61,97.25,98.429,98.41,0.0,98.39,0.0,0,0,2017-04-24,33391500,98.37,5,0,0,0,0,0,0,0,0,98.375,3,0,0,0,0,0,0,0,0
162,2017-04-24,09:16:32,0,TF1706,CCFX,98.37,98.29,98.39,218,214387750,20626,20558,99.61,97.25,98.429,98.41,0.0,98.39,0.0,0,0,2017-04-24,33392000,98.37,5,0,0,0,0,0,0,0,0,98.375,3,0,0,0,0,0,0,0,0
163,2017-04-24,09:16:32,500,TF1706,CCFX,98.37,98.29,98.39,218,214387750,20626,20558,99.61,97.25,98.429,98.41,0.0,98.39,0.0,0,0,2017-04-24,33392500,98.37,5,0,0,0,0,0,0,0,0,98.375,4,0,0,0,0,0,0,0,0
164,2017-04-24,09:16:33,0,TF1706,CCFX,98.37,98.29,98.39,218,214387750,20626,20558,99.61,97.25,98.429,98.41,0.0,98.39,0.0,0,0,2017-04-24,33393000,98.37,5,0,0,0,0,0,0,0,0,98.375,4,0,0,0,0,0,0,0,0
165,2017-04-24,09:16:33,500,TF1706,CCFX,98.37,98.29,98.39,218,214387750,20626,20558,99.61,97.25,98.429,98.41,0.0,98.39,0.0,0,0,2017-04-24,33393500,98.37,2,0,0,0,0,0,0,0,0,98.375,4,0,0,0,0,0,0,0,0
166,2017-04-24,09:16:34,0,TF1706,CCFX,98.37,98.29,98.39,218,214387750,20626,20558,99.61,97.25,98.429,98.41,0.0,98.39,0.0,0,0,2017-04-24,33394000,98.37,2,0,0,0,0,0,0,0,0,98.375,4,0,0,0,0,0,0,0,0
167,2017-04-24,09:16:34,500,TF1706,CCFX,98.37,98.29,98.39,218,214387750,20626,20558,99.61,97.25,98.429,98.41,0.0,98.39,0.0,0,0,2017-04-24,33394500,98.37,2,0,0,0,0,0,0,0,0,98.375,5,0,0,0,0,0,0,0,0
168,2017-04-24,09:16:35,500,TF1706,CCFX,98.37,98.29,98.39,218,214387750,20626,20558,99.61,97.25,98.429,98.41,0.0,98.39,0.0,0,0,2017-04-24,33395500,98.37,2,0,0,0,0,0,0,0,0,98.375,5,0,0,0,0,0,0,0,0
169,2017-04-24,09:16:36,0,TF1706,CCFX,98.37,98.29,98.39,218,214387750,20626,20558,99.61,97.25,98.429,98.41,0.0,98.39,0.0,0,0,2017-04-24,33396000,98.37,2,0,0,0,0,0,0,0,0,98.375,4,0,0,0,0,0,0,0,0
170,2017-04-24,09:16:36,500,TF1706,CCFX,98.37,98.29,98.39,219,215371450,20626,20558,99.61,97.25,98.429,98.41,0.0,98.39,0.0,0,0,2017-04-24,33396500,98.37,2,0,0,0,0,0,0,0,0,98.375,3,0,0,0,0,0,0,0,0
171,2017-04-24,09:16:39,0,TF1706,CCFX,98.37,98.29,98.39,219,215371450,20626,20558,99.61,97.25,98.429,98.41,0.0,98.39,0.0,0,0,2017-04-24,33399000,98.37,2,0,0,0,0,0,0,0,0,98.375,3,0,0,0,0,0,0,0,0
172,2017-04-24,09:16:41,0,TF1706,CCFX,98.37,98.29,98.39,219,215371450,20626,20558,99.61,97.25,98.429,98.41,0.0,98.39,0.0,0,0,2017-04-24,33401000,98.37,2,0,0,0,0,0,0,0,0,98.375,3,0,0,0,0,0,0,0,0
173,2017-04-24,09:16:41,500,TF1706,CCFX,98.37,98.29,98.39,219,215371450,20626,20558,99.61,97.25,98.429,98.41,0.0,98.39,0.0,0,0,2017-04-24,33401500,98.37,1,0,0,0,0,0,0,0,0,98.375,3,0,0,0,0,0,0,0,0
174,2017-04-24,09:16:42,500,TF1706,CCFX,98.37,98.29,98.39,219,215371450,20626,20558,99.61,97.25,98.429,98.41,0.0,98.39,0.0,0,0,2017-04-24,33402500,98.365,3,0,0,0,0,0,0,0,0,98.375,3,0,0,0,0,0,0,0,0
175,2017-04-24,09:16:44,500,TF1706,CCFX,98.37,98.29,98.39,219,215371450,20626,20558,99.61,97.25,98.429,98.41,0.0,98.39,0.0,0,0,2017-04-24,33404500,98.365,3,0,0,0,0,0,0,0,0,98.375,4,0,0,0,0,0,0,0,0
176,2017-04-24,09:16:45,500,TF1706,CCFX,98.37,98.29,98.39,219,215371450,20626,20558,99.61,97.25,98.429,98.41,0.0,98.39,0.0,0,0,2017-04-24,33405500,98.365,3,0,0,0,0,0,0,0,0,98.375,4,0,0,0,0,0,0,0,0
177,2017-04-24,09:16:46,0,TF1706,CCFX,98.37,98.29,98.39,219,215371450,20626,20558,99.61,97.25,98.429,98.41,0.0,98.39,0.0,0,0,2017-04-24,33406000,98.365,3,0,0,0,0,0,0,0,0,98.375,5,0,0,0,0,0,0,0,0
178,2017-04-24,09:16:46,500,TF1706,CCFX,98.37,98.29,98.39,219,215371450,20626,20558,99.61,97.25,98.429,98.41,0.0,98.39,0.0,0,0,2017-04-24,33406500,98.365,3,0,0,0,0,0,0,0,0,98.375,5,0,0,0,0,0,0,0,0
179,2017-04-24,09:16:48,500,TF1706,CCFX,98.365,98.29,98.39,220,216355100,20626,20558,99.61,97.25,98.429,98.41,0.0,98.39,0.0,0,0,2017-04-24,33408500,98.365,2,0,0,0,0,0,0,0,0,98.375,5,0,0,0,0,0,0,0,0
180,2017-04-24,09:16:50,0,TF1706,CCFX,98.365,98.29,98.39,222,218322400,20628,20558,99.61,97.25,98.429,98.41,0.0,98.39,0.0,0,0,2017-04-24,33410000,98.36,2,0,0,0,0,0,0,0,0,98.375,7,0,0,0,0,0,0,0,0
181,2017-04-24,09:16:50,500,TF1706,CCFX,98.36,98.29,98.39,223,219306000,20629,20558,99.61,97.25,98.429,98.41,0.0,98.39,0.0,0,0,2017-04-24,33410500,98.36,1,0,0,0,0,0,0,0,0,98.365,2,0,0,0,0,0,0,0,0
182,2017-04-24,09:16:51,0,TF1706,CCFX,98.36,98.29,98.39,224,220289600,20629,20558,99.61,97.25,98.429,98.41,0.0,98.39,0.0,0,0,2017-04-24,33411000,98.355,1,0,0,0,0,0,0,0,0,98.365,8,0,0,0,0,0,0,0,0
183,2017-04-24,09:16:51,500,TF1706,CCFX,98.36,98.29,98.39,224,220289600,20629,20558,99.61,97.25,98.429,98.41,0.0,98.39,0.0,0,0,2017-04-24,33411500,98.355,1,0,0,0,0,0,0,0,0,98.365,8,0,0,0,0,0,0,0,0
184,2017-04-24,09:16:52,500,TF1706,CCFX,98.36,98.29,98.39,224,220289600,20629,20558,99.61,97.25,98.429,98.41,0.0,98.39,0.0,0,0,2017-04-24,33412500,98.355,1,0,0,0,0,0,0,0,0,98.365,9,0,0,0,0,0,0,0,0
185,2017-04-24,09:16:53,500,TF1706,CCFX,98.36,98.29,98.39,224,220289600,20629,20558,99.61,97.25,98.429,98.41,0.0,98.39,0.0,0,0,2017-04-24,33413500,98.355,1,0,0,0,0,0,0,0,0,98.365,11,0,0,0,0,0,0,0,0
186,2017-04-24,09:16:56,0,TF1706,CCFX,98.355,98.29,98.39,225,221273150,20629,20558,99.61,97.25,98.429,98.41,0.0,98.39,0.0,0,0,2017-04-24,33416000,98.35,2,0,0,0,0,0,0,0,0,98.355,5,0,0,0,0,0,0,0,0
187,2017-04-24,09:16:56,500,TF1706,CCFX,98.355,98.29,98.39,230,226190900,20624,20558,99.61,97.25,98.429,98.41,0.0,98.39,0.0,0,0,2017-04-24,33416500,98.35,2,0,0,0,0,0,0,0,0,98.355,1,0,0,0,0,0,0,0,0
188,2017-04-24,09:16:57,0,TF1706,CCFX,98.355,98.29,98.39,230,226190900,20624,20558,99.61,97.25,98.429,98.41,0.0,98.39,0.0,0,0,2017-04-24,33417000,98.35,2,0,0,0,0,0,0,0,0,98.355,1,0,0,0,0,0,0,0,0
189,2017-04-24,09:16:58,500,TF1706,CCFX,98.355,98.29,98.39,230,226190900,20624,20558,99.61,97.25,98.429,98.41,0.0,98.39,0.0,0,0,2017-04-24,33418500,98.35,2,0,0,0,0,0,0,0,0,98.355,1,0,0,0,0,0,0,0,0
190,2017-04-24,09:16:59,500,TF1706,CCFX,98.35,98.29,98.39,231,227174400,20625,20558,99.61,97.25,98.429,98.41,0.0,98.39,0.0,0,0,2017-04-24,33419500,98.35,1,0,0,0,0,0,0,0,0,98.355,1,0,0,0,0,0,0,0,0
191,2017-04-24,09:17:00,0,TF1706,CCFX,98.35,98.29,98.39,232,228157900,20625,20558,99.61,97.25,98.429,98.41,0.0,98.39,0.0,0,0,2017-04-24,33420000,98.345,1,0,0,0,0,0,0,0,0,98.35,2,0,0,0,0,0,0,0,0
192,2017-04-24,09:17:00,500,TF1706,CCFX,98.345,98.29,98.39,235,231108350,20625,20558,99.61,97.25,98.429,98.41,0.0,98.39,0.0,0,0,2017-04-24,33420500,98.34,1,0,0,0,0,0,0,0,0,98.355,1,0,0,0,0,0,0,0,0
193,2017-04-24,09:17:01,0,TF1706,CCFX,98.345,98.29,98.39,235,231108350,20625,20558,99.61,97.25,98.429,98.41,0.0,98.39,0.0,0,0,2017-04-24,33421000,98.34,1,0,0,0,0,0,0,0,0,98.355,2,0,0,0,0,0,0,0,0
194,2017-04-24,09:17:01,500,TF1706,CCFX,98.345,98.29,98.39,236,232091800,20626,20558,99.61,97.25,98.429,98.41,0.0,98.39,0.0,0,0,2017-04-24,33421500,98.345,1,0,0,0,0,0,0,0,0,98.35,1,0,0,0,0,0,0,0,0
195,2017-04-24,09:17:02,0,TF1706,CCFX,98.355,98.29,98.39,237,233075350,20625,20558,99.61,97.25,98.429,98.41,0.0,98.39,0.0,0,0,2017-04-24,33422000,98.345,2,0,0,0,0,0,0,0,0,98.355,1,0,0,0,0,0,0,0,0
196,2017-04-24,09:17:02,500,TF1706,CCFX,98.355,98.29,98.39,237,233075350,20625,20558,99.61,97.25,98.429,98.41,0.0,98.39,0.0,0,0,2017-04-24,33422500,98.35,3,0,0,0,0,0,0,0,0,98.355,1,0,0,0,0,0,0,0,0
197,2017-04-24,09:17:03,0,TF1706,CCFX,98.355,98.29,98.39,237,233075350,20625,20558,99.61,97.25,98.429,98.41,0.0,98.39,0.0,0,0,2017-04-24,33423000,98.35,1,0,0,0,0,0,0,0,0,98.355,1,0,0,0,0,0,0,0,0
198,2017-04-24,09:17:03,500,TF1706,CCFX,98.355,98.29,98.39,238,234058900,20624,20558,99.61,97.25,98.429,98.41,0.0,98.39,0.0,0,0,2017-04-24,33423500,98.355,1,0,0,0,0,0,0,0,0,98.36,1,0,0,0,0,0,0,0,0
199,2017-04-24,09:17:04,0,TF1706,CCFX,98.355,98.29,98.39,238,234058900,20624,20558,99.61,97.25,98.429,98.41,0.0,98.39,0.0,0,0,2017-04-24,33424000,98.35,1,0,0,0,0,0,0,0,0,98.36,2,0,0,0,0,0,0,0,0
200,2017-04-24,09:17:04,500,TF1706,CCFX,98.355,98.29,98.39,238,234058900,20624,20558,99.61,97.25,98.429,98.41,0.0,98.39,0.0,0,0,2017-04-24,33424500,98.355,1,0,0,0,0,0,0,0,0,98.36,2,0,0,0,0,0,0,0,0
201,2017-04-24,09:17:05,0,TF1706,CCFX,98.355,98.29,98.39,238,234058900,20624,20558,99.61,97.25,98.429,98.41,0.0,98.39,0.0,0,0,2017-04-24,33425000,98.35,2,0,0,0,0,0,0,0,0,98.36,2,0,0,0,0,0,0,0,0
202,2017-04-24,09:17:06,500,TF1706,CCFX,98.355,98.29,98.39,238,234058900,20624,20558,99.61,97.25,98.429,98.41,0.0,98.39,0.0,0,0,2017-04-24,33426500,98.35,3,0,0,0,0,0,0,0,0,98.36,2,0,0,0,0,0,0,0,0
203,2017-04-24,09:17:08,0,TF1706,CCFX,98.355,98.29,98.39,238,234058900,20624,20558,99.61,97.25,98.429,98.41,0.0,98.39,0.0,0,0,2017-04-24,33428000,98.35,3,0,0,0,0,0,0,0,0,98.36,3,0,0,0,0,0,0,0,0
204,2017-04-24,09:17:09,500,TF1706,CCFX,98.35,98.29,98.39,239,235042400,20625,20558,99.61,97.25,98.429,98.41,0.0,98.39,0.0,0,0,2017-04-24,33429500,98.35,2,0,0,0,0,0,0,0,0,98.36,3,0,0,0,0,0,0,0,0
205,2017-04-24,09:17:11,0,TF1706,CCFX,98.35,98.29,98.39,239,235042400,20625,20558,99.61,97.25,98.429,98.41,0.0,98.39,0.0,0,0,2017-04-24,33431000,98.35,1,0,0,0,0,0,0,0,0,98.36,3,0,0,0,0,0,0,0,0
206,2017-04-24,09:17:11,500,TF1706,CCFX,98.35,98.29,98.39,239,235042400,20625,20558,99.61,97.25,98.429,98.41,0.0,98.39,0.0,0,0,2017-04-24,33431500,98.35,1,0,0,0,0,0,0,0,0,98.36,3,0,0,0,0,0,0,0,0
207,2017-04-24,09:17:12,0,TF1706,CCFX,98.35,98.29,98.39,239,235042400,20625,20558,99.61,97.25,98.429,98.41,0.0,98.39,0.0,0,0,2017-04-24,33432000,98.35,1,0,0,0,0,0,0,0,0,98.36,3,0,0,0,0,0,0,0,0
208,2017-04-24,09:17:12,500,TF1706,CCFX,98.35,98.29,98.39,239,235042400,20625,20558,99.61,97.25,98.429,98.41,0.0,98.39,0.0,0,0,2017-04-24,33432500,98.35,1,0,0,0,0,0,0,0,0,98.36,3,0,0,0,0,0,0,0,0
209,2017-04-24,09:17:13,0,TF1706,CCFX,98.35,98.29,98.39,239,235042400,20625,20558,99.61,97.25,98.429,98.41,0.0,98.39,0.0,0,0,2017-04-24,33433000,98.35,1,0,0,0,0,0,0,0,0,98.36,3,0,0,0,0,0,0,0,0
210,2017-04-24,09:17:13,500,TF1706,CCFX,98.35,98.29,98.39,240,236025900,20625,20558,99.61,97.25,98.429,98.41,0.0,98.39,0.0,0,0,2017-04-24,33433500,98.345,9,0,0,0,0,0,0,0,0,98.35,5,0,0,0,0,0,0,0,0
211,2017-04-24,09:17:14,0,TF1706,CCFX,98.35,98.29,98.39,255,250778400,20630,20558,99.61,97.25,98.429,98.41,0.0,98.39,0.0,0,0,2017-04-24,33434000,98.35,3,0,0,0,0,0,0,0,0,98.36,3,0,0,0,0,0,0,0,0
212,2017-04-24,09:17:14,500,TF1706,CCFX,98.35,98.29,98.39,255,250778400,20630,20558,99.61,97.25,98.429,98.41,0.0,98.39,0.0,0,0,2017-04-24,33434500,98.35,3,0,0,0,0,0,0,0,0,98.36,3,0,0,0,0,0,0,0,0
213,2017-04-24,09:17:15,500,TF1706,CCFX,98.35,98.29,98.39,255,250778400,20630,20558,99.61,97.25,98.429,98.41,0.0,98.39,0.0,0,0,2017-04-24,33435500,98.35,3,0,0,0,0,0,0,0,0,98.36,3,0,0,0,0,0,0,0,0
214,2017-04-24,09:17:16,0,TF1706,CCFX,98.35,98.29,98.39,255,250778400,20630,20558,99.61,97.25,98.429,98.41,0.0,98.39,0.0,0,0,2017-04-24,33436000,98.35,4,0,0,0,0,0,0,0,0,98.36,3,0,0,0,0,0,0,0,0
215,2017-04-24,09:17:19,0,TF1706,CCFX,98.35,98.29,98.39,255,250778400,20630,20558,99.61,97.25,98.429,98.41,0.0,98.39,0.0,0,0,2017-04-24,33439000,98.35,4,0,0,0,0,0,0,0,0,98.36,3,0,0,0,0,0,0,0,0
216,2017-04-24,09:17:19,500,TF1706,CCFX,98.35,98.29,98.39,255,250778400,20630,20558,99.61,97.25,98.429,98.41,0.0,98.39,0.0,0,0,2017-04-24,33439500,98.35,4,0,0,0,0,0,0,0,0,98.36,3,0,0,0,0,0,0,0,0
217,2017-04-24,09:17:20,500,TF1706,CCFX,98.35,98.29,98.39,255,250778400,20630,20558,99.61,97.25,98.429,98.41,0.0,98.39,0.0,0,0,2017-04-24,33440500,98.35,3,0,0,0,0,0,0,0,0,98.36,3,0,0,0,0,0,0,0,0
218,2017-04-24,09:17:21,500,TF1706,CCFX,98.35,98.29,98.39,258,253728900,20633,20558,99.61,97.25,98.429,98.41,0.0,98.39,0.0,0,0,2017-04-24,33441500,98.345,4,0,0,0,0,0,0,0,0,98.35,2,0,0,0,0,0,0,0,0
219,2017-04-24,09:17:22,0,TF1706,CCFX,98.35,98.29,98.39,260,255695900,20635,20558,99.61,97.25,98.429,98.41,0.0,98.39,0.0,0,0,2017-04-24,33442000,98.345,4,0,0,0,0,0,0,0,0,98.355,2,0,0,0,0,0,0,0,0
220,2017-04-24,09:17:22,500,TF1706,CCFX,98.35,98.29,98.39,260,255695900,20635,20558,99.61,97.25,98.429,98.41,0.0,98.39,0.0,0,0,2017-04-24,33442500,98.345,4,0,0,0,0,0,0,0,0,98.355,4,0,0,0,0,0,0,0,0
221,2017-04-24,09:17:23,500,TF1706,CCFX,98.355,98.29,98.39,261,256679450,20634,20558,99.61,97.25,98.429,98.41,0.0,98.39,0.0,0,0,2017-04-24,33443500,98.345,4,0,0,0,0,0,0,0,0,98.355,5,0,0,0,0,0,0,0,0
222,2017-04-24,09:17:24,0,TF1706,CCFX,98.355,98.29,98.39,261,256679450,20634,20558,99.61,97.25,98.429,98.41,0.0,98.39,0.0,0,0,2017-04-24,33444000,98.345,4,0,0,0,0,0,0,0,0,98.355,6,0,0,0,0,0,0,0,0
223,2017-04-24,09:17:24,500,TF1706,CCFX,98.355,98.29,98.39,261,256679450,20634,20558,99.61,97.25,98.429,98.41,0.0,98.39,0.0,0,0,2017-04-24,33444500,98.345,4,0,0,0,0,0,0,0,0,98.355,7,0,0,0,0,0,0,0,0
224,2017-04-24,09:17:25,500,TF1706,CCFX,98.355,98.29,98.39,261,256679450,20634,20558,99.61,97.25,98.429,98.41,0.0,98.39,0.0,0,0,2017-04-24,33445500,98.345,4,0,0,0,0,0,0,0,0,98.355,7,0,0,0,0,0,0,0,0
225,2017-04-24,09:17:26,500,TF1706,CCFX,98.355,98.29,98.39,261,256679450,20634,20558,99.61,97.25,98.429,98.41,0.0,98.39,0.0,0,0,2017-04-24,33446500,98.345,4,0,0,0,0,0,0,0,0,98.355,7,0,0,0,0,0,0,0,0
226,2017-04-24,09:17:28,500,TF1706,CCFX,98.355,98.29,98.39,261,256679450,20634,20558,99.61,97.25,98.429,98.41,0.0,98.39,0.0,0,0,2017-04-24,33448500,98.345,4,0,0,0,0,0,0,0,0,98.35,10,0,0,0,0,0,0,0,0
227,2017-04-24,09:17:29,0,TF1706,CCFX,98.35,98.29,98.39,262,257662950,20635,20558,99.61,97.25,98.429,98.41,0.0,98.39,0.0,0,0,2017-04-24,33449000,98.345,4,0,0,0,0,0,0,0,0,98.35,9,0,0,0,0,0,0,0,0
228,2017-04-24,09:17:29,500,TF1706,CCFX,98.35,98.29,98.39,262,257662950,20635,20558,99.61,97.25,98.429,98.41,0.0,98.39,0.0,0,0,2017-04-24,33449500,98.345,4,0,0,0,0,0,0,0,0,98.35,9,0,0,0,0,0,0,0,0
229,2017-04-24,09:17:30,500,TF1706,CCFX,98.345,98.29,98.39,264,259629850,20637,20558,99.61,97.25,98.429,98.41,0.0,98.39,0.0,0,0,2017-04-24,33450500,98.345,2,0,0,0,0,0,0,0,0,98.35,9,0,0,0,0,0,0,0,0
230,2017-04-24,09:17:31,0,TF1706,CCFX,98.345,98.29,98.39,266,261596750,20638,20558,99.61,97.25,98.429,98.41,0.0,98.39,0.0,0,0,2017-04-24,33451000,98.34,8,0,0,0,0,0,0,0,0,98.35,9,0,0,0,0,0,0,0,0
231,2017-04-24,09:17:31,500,TF1706,CCFX,98.34,98.29,98.39,268,263563550,20639,20558,99.61,97.25,98.429,98.41,0.0,98.39,0.0,0,0,2017-04-24,33451500,98.34,6,0,0,0,0,0,0,0,0,98.35,9,0,0,0,0,0,0,0,0
232,2017-04-24,09:17:32,0,TF1706,CCFX,98.34,98.29,98.39,268,263563550,20639,20558,99.61,97.25,98.429,98.41,0.0,98.39,0.0,0,0,2017-04-24,33452000,98.34,7,0,0,0,0,0,0,0,0,98.35,9,0,0,0,0,0,0,0,0
233,2017-04-24,09:17:33,500,TF1706,CCFX,98.34,98.29,98.39,268,263563550,20639,20558,99.61,97.25,98.429,98.41,0.0,98.39,0.0,0,0,2017-04-24,33453500,98.34,7,0,0,0,0,0,0,0,0,98.35,9,0,0,0,0,0,0,0,0
234,2017-04-24,09:17:35,0,TF1706,CCFX,98.34,98.29,98.39,273,268480550,20644,20558,99.61,97.25,98.429,98.41,0.0,98.39,0.0,0,0,2017-04-24,33455000,98.34,2,0,0,0,0,0,0,0,0,98.35,9,0,0,0,0,0,0,0,0
235,2017-04-24,09:17:35,500,TF1706,CCFX,98.34,98.29,98.39,273,268480550,20644,20558,99.61,97.25,98.429,98.41,0.0,98.39,0.0,0,0,2017-04-24,33455500,98.34,7,0,0,0,0,0,0,0,0,98.35,9,0,0,0,0,0,0,0,0
236,2017-04-24,09:17:36,0,TF1706,CCFX,98.34,98.29,98.39,273,268480550,20644,20558,99.61,97.25,98.429,98.41,0.0,98.39,0.0,0,0,2017-04-24,33456000,98.335,15,0,0,0,0,0,0,0,0,98.35,9,0,0,0,0,0,0,0,0
237,2017-04-24,09:17:36,500,TF1706,CCFX,98.34,98.29,98.39,273,268480550,20644,20558,99.61,97.25,98.429,98.41,0.0,98.39,0.0,0,0,2017-04-24,33456500,98.335,11,0,0,0,0,0,0,0,0,98.35,9,0,0,0,0,0,0,0,0
238,2017-04-24,09:17:37,0,TF1706,CCFX,98.34,98.29,98.39,273,268480550,20644,20558,99.61,97.25,98.429,98.41,0.0,98.39,0.0,0,0,2017-04-24,33457000,98.34,1,0,0,0,0,0,0,0,0,98.35,9,0,0,0,0,0,0,0,0
239,2017-04-24,09:17:37,500,TF1706,CCFX,98.34,98.29,98.39,273,268480550,20644,20558,99.61,97.25,98.429,98.41,0.0,98.39,0.0,0,0,2017-04-24,33457500,98.34,8,0,0,0,0,0,0,0,0,98.35,9,0,0,0,0,0,0,0,0
240,2017-04-24,09:17:38,0,TF1706,CCFX,98.34,98.29,98.39,273,268480550,20644,20558,99.61,97.25,98.429,98.41,0.0,98.39,0.0,0,0,2017-04-24,33458000,98.34,9,0,0,0,0,0,0,0,0,98.35,9,0,0,0,0,0,0,0,0
241,2017-04-24,09:17:38,500,TF1706,CCFX,98.34,98.29,98.39,273,268480550,20644,20558,99.61,97.25,98.429,98.41,0.0,98.39,0.0,0,0,2017-04-24,33458500,98.34,9,0,0,0,0,0,0,0,0,98.35,9,0,0,0,0,0,0,0,0
242,2017-04-24,09:17:39,0,TF1706,CCFX,98.34,98.29,98.39,274,269463950,20645,20558,99.61,97.25,98.429,98.41,0.0,98.39,0.0,0,0,2017-04-24,33459000,98.34,8,0,0,0,0,0,0,0,0,98.35,9,0,0,0,0,0,0,0,0
243,2017-04-24,09:17:39,500,TF1706,CCFX,98.34,98.29,98.39,274,269463950,20645,20558,99.61,97.25,98.429,98.41,0.0,98.39,0.0,0,0,2017-04-24,33459500,98.34,8,0,0,0,0,0,0,0,0,98.35,10,0,0,0,0,0,0,0,0
244,2017-04-24,09:17:41,0,TF1706,CCFX,98.35,98.29,98.39,275,270447450,20645,20558,99.61,97.25,98.429,98.41,0.0,98.39,0.0,0,0,2017-04-24,33461000,98.34,8,0,0,0,0,0,0,0,0,98.35,9,0,0,0,0,0,0,0,0
245,2017-04-24,09:17:41,500,TF1706,CCFX,98.35,98.29,98.39,275,270447450,20645,20558,99.61,97.25,98.429,98.41,0.0,98.39,0.0,0,0,2017-04-24,33461500,98.34,8,0,0,0,0,0,0,0,0,98.35,9,0,0,0,0,0,0,0,0
246,2017-04-24,09:17:42,500,TF1706,CCFX,98.35,98.29,98.39,275,270447450,20645,20558,99.61,97.25,98.429,98.41,0.0,98.39,0.0,0,0,2017-04-24,33462500,98.34,8,0,0,0,0,0,0,0,0,98.35,9,0,0,0,0,0,0,0,0
247,2017-04-24,09:17:43,0,TF1706,CCFX,98.34,98.29,98.39,283,278314650,20652,20558,99.61,97.25,98.429,98.41,0.0,98.39,0.0,0,0,2017-04-24,33463000,98.335,11,0,0,0,0,0,0,0,0,98.34,2,0,0,0,0,0,0,0,0
248,2017-04-24,09:17:43,500,TF1706,CCFX,98.34,98.29,98.39,285,280281450,20653,20558,99.61,97.25,98.429,98.41,0.0,98.39,0.0,0,0,2017-04-24,33463500,98.335,11,0,0,0,0,0,0,0,0,98.35,9,0,0,0,0,0,0,0,0
249,2017-04-24,09:17:44,0,TF1706,CCFX,98.345,98.29,98.39,286,281264900,20653,20558,99.61,97.25,98.429,98.41,0.0,98.39,0.0,0,0,2017-04-24,33464000,98.335,11,0,0,0,0,0,0,0,0,98.35,9,0,0,0,0,0,0,0,0
250,2017-04-24,09:17:44,500,TF1706,CCFX,98.345,98.29,98.39,286,281264900,20653,20558,99.61,97.25,98.429,98.41,0.0,98.39,0.0,0,0,2017-04-24,33464500,98.34,1,0,0,0,0,0,0,0,0,98.345,1,0,0,0,0,0,0,0,0
251,2017-04-24,09:17:45,0,TF1706,CCFX,98.345,98.29,98.39,287,282248350,20654,20558,99.61,97.25,98.429,98.41,0.0,98.39,0.0,0,0,2017-04-24,33465000,98.34,1,0,0,0,0,0,0,0,0,98.35,9,0,0,0,0,0,0,0,0
252,2017-04-24,09:17:46,0,TF1706,CCFX,98.35,98.29,98.39,289,284215350,20654,20558,99.61,97.25,98.429,98.41,0.0,98.39,0.0,0,0,2017-04-24,33466000,98.34,1,0,0,0,0,0,0,0,0,98.35,7,0,0,0,0,0,0,0,0
253,2017-04-24,09:17:46,500,TF1706,CCFX,98.35,98.29,98.39,289,284215350,20654,20558,99.61,97.25,98.429,98.41,0.0,98.39,0.0,0,0,2017-04-24,33466500,98.34,1,0,0,0,0,0,0,0,0,98.35,8,0,0,0,0,0,0,0,0
254,2017-04-24,09:17:47,0,TF1706,CCFX,98.35,98.29,98.39,289,284215350,20654,20558,99.61,97.25,98.429,98.41,0.0,98.39,0.0,0,0,2017-04-24,33467000,98.34,8,0,0,0,0,0,0,0,0,98.35,9,0,0,0,0,0,0,0,0
255,2017-04-24,09:17:47,500,TF1706,CCFX,98.35,98.29,98.39,289,284215350,20654,20558,99.61,97.25,98.429,98.41,0.0,98.39,0.0,0,0,2017-04-24,33467500,98.34,1,0,0,0,0,0,0,0,0,98.35,10,0,0,0,0,0,0,0,0
256,2017-04-24,09:17:48,0,TF1706,CCFX,98.35,98.29,98.39,289,284215350,20654,20558,99.61,97.25,98.429,98.41,0.0,98.39,0.0,0,0,2017-04-24,33468000,98.34,1,0,0,0,0,0,0,0,0,98.35,10,0,0,0,0,0,0,0,0
257,2017-04-24,09:17:48,500,TF1706,CCFX,98.34,98.29,98.39,294,289132350,20659,20558,99.61,97.25,98.429,98.41,0.0,98.39,0.0,0,0,2017-04-24,33468500,98.34,3,0,0,0,0,0,0,0,0,98.35,10,0,0,0,0,0,0,0,0
258,2017-04-24,09:17:49,0,TF1706,CCFX,98.34,98.29,98.39,294,289132350,20659,20558,99.61,97.25,98.429,98.41,0.0,98.39,0.0,0,0,2017-04-24,33469000,98.34,7,0,0,0,0,0,0,0,0,98.35,10,0,0,0,0,0,0,0,0
259,2017-04-24,09:17:50,0,TF1706,CCFX,98.34,98.29,98.39,294,289132350,20659,20558,99.61,97.25,98.429,98.41,0.0,98.39,0.0,0,0,2017-04-24,33470000,98.345,2,0,0,0,0,0,0,0,0,98.35,10,0,0,0,0,0,0,0,0
260,2017-04-24,09:17:50,500,TF1706,CCFX,98.34,98.29,98.39,294,289132350,20659,20558,99.61,97.25,98.429,98.41,0.0,98.39,0.0,0,0,2017-04-24,33470500,98.345,2,0,0,0,0,0,0,0,0,98.35,10,0,0,0,0,0,0,0,0
261,2017-04-24,09:17:51,0,TF1706,CCFX,98.345,98.29,98.39,296,291099250,20661,20558,99.61,97.25,98.429,98.41,0.0,98.39,0.0,0,0,2017-04-24,33471000,98.335,1,0,0,0,0,0,0,0,0,98.345,4,0,0,0,0,0,0,0,0
262,2017-04-24,09:17:51,500,TF1706,CCFX,98.345,98.29,98.39,300,295033050,20662,20558,99.61,97.25,98.429,98.41,0.0,98.39,0.0,0,0,2017-04-24,33471500,98.34,2,0,0,0,0,0,0,0,0,98.35,9,0,0,0,0,0,0,0,0
263,2017-04-24,09:17:52,0,TF1706,CCFX,98.35,98.29,98.39,301,296016550,20663,20558,99.61,97.25,98.429,98.41,0.0,98.39,0.0,0,0,2017-04-24,33472000,98.34,2,0,0,0,0,0,0,0,0,98.35,8,0,0,0,0,0,0,0,0
264,2017-04-24,09:17:52,500,TF1706,CCFX,98.35,98.29,98.39,301,296016550,20663,20558,99.61,97.25,98.429,98.41,0.0,98.39,0.0,0,0,2017-04-24,33472500,98.34,3,0,0,0,0,0,0,0,0,98.35,8,0,0,0,0,0,0,0,0
265,2017-04-24,09:17:55,0,TF1706,CCFX,98.35,98.29,98.39,301,296016550,20663,20558,99.61,97.25,98.429,98.41,0.0,98.39,0.0,0,0,2017-04-24,33475000,98.34,4,0,0,0,0,0,0,0,0,98.35,9,0,0,0,0,0,0,0,0
266,2017-04-24,09:17:56,0,TF1706,CCFX,98.35,98.29,98.39,301,296016550,20663,20558,99.61,97.25,98.429,98.41,0.0,98.39,0.0,0,0,2017-04-24,33476000,98.34,2,0,0,0,0,0,0,0,0,98.35,9,0,0,0,0,0,0,0,0
267,2017-04-24,09:17:57,0,TF1706,CCFX,98.34,98.29,98.39,303,297983350,20664,20558,99.61,97.25,98.429,98.41,0.0,98.39,0.0,0,0,2017-04-24,33477000,98.335,5,0,0,0,0,0,0,0,0,98.34,3,0,0,0,0,0,0,0,0
268,2017-04-24,09:17:57,500,TF1706,CCFX,98.34,98.29,98.39,306,300933550,20664,20558,99.61,97.25,98.429,98.41,0.0,98.39,0.0,0,0,2017-04-24,33477500,98.34,2,0,0,0,0,0,0,0,0,98.35,9,0,0,0,0,0,0,0,0
269,2017-04-24,09:17:58,0,TF1706,CCFX,98.34,98.29,98.39,306,300933550,20664,20558,99.61,97.25,98.429,98.41,0.0,98.39,0.0,0,0,2017-04-24,33478000,98.34,2,0,0,0,0,0,0,0,0,98.35,9,0,0,0,0,0,0,0,0
270,2017-04-24,09:18:00,500,TF1706,CCFX,98.34,98.29,98.39,308,302900350,20665,20558,99.61,97.25,98.429,98.41,0.0,98.39,0.0,0,0,2017-04-24,33480500,98.335,4,0,0,0,0,0,0,0,0,98.35,9,0,0,0,0,0,0,0,0
271,2017-04-24,09:18:01,0,TF1706,CCFX,98.335,98.29,98.39,317,311750300,20674,20558,99.61,97.25,98.429,98.41,0.0,98.39,0.0,0,0,2017-04-24,33481000,98.33,1,0,0,0,0,0,0,0,0,98.35,9,0,0,0,0,0,0,0,0
272,2017-04-24,09:18:01,500,TF1706,CCFX,98.33,98.29,98.39,322,316666850,20679,20558,99.61,97.25,98.429,98.41,0.0,98.39,0.0,0,0,2017-04-24,33481500,98.325,9,0,0,0,0,0,0,0,0,98.345,3,0,0,0,0,0,0,0,0
273,2017-04-24,09:18:02,0,TF1706,CCFX,98.33,98.29,98.39,322,316666850,20679,20558,99.61,97.25,98.429,98.41,0.0,98.39,0.0,0,0,2017-04-24,33482000,98.33,2,0,0,0,0,0,0,0,0,98.345,2,0,0,0,0,0,0,0,0
274,2017-04-24,09:18:02,500,TF1706,CCFX,98.33,98.29,98.39,322,316666850,20679,20558,99.61,97.25,98.429,98.41,0.0,98.39,0.0,0,0,2017-04-24,33482500,98.335,2,0,0,0,0,0,0,0,0,98.345,2,0,0,0,0,0,0,0,0
275,2017-04-24,09:18:03,0,TF1706,CCFX,98.33,98.29,98.39,322,316666850,20679,20558,99.61,97.25,98.429,98.41,0.0,98.39,0.0,0,0,2017-04-24,33483000,98.335,2,0,0,0,0,0,0,0,0,98.34,4,0,0,0,0,0,0,0,0
276,2017-04-24,09:18:03,500,TF1706,CCFX,98.335,98.29,98.39,323,317650200,20680,20558,99.61,97.25,98.429,98.41,0.0,98.39,0.0,0,0,2017-04-24,33483500,98.335,1,0,0,0,0,0,0,0,0,98.34,1,0,0,0,0,0,0,0,0
277,2017-04-24,09:18:04,0,TF1706,CCFX,98.335,98.29,98.39,324,318633550,20680,20558,99.61,97.25,98.429,98.41,0.0,98.39,0.0,0,0,2017-04-24,33484000,98.33,2,0,0,0,0,0,0,0,0,98.335,1,0,0,0,0,0,0,0,0
278,2017-04-24,09:18:04,500,TF1706,CCFX,98.335,98.29,98.39,325,319616900,20681,20558,99.61,97.25,98.429,98.41,0.0,98.39,0.0,0,0,2017-04-24,33484500,98.33,6,0,0,0,0,0,0,0,0,98.34,2,0,0,0,0,0,0,0,0
279,2017-04-24,09:18:05,0,TF1706,CCFX,98.335,98.29,98.39,325,319616900,20681,20558,99.61,97.25,98.429,98.41,0.0,98.39,0.0,0,0,2017-04-24,33485000,98.33,5,0,0,0,0,0,0,0,0,98.34,2,0,0,0,0,0,0,0,0
280,2017-04-24,09:18:05,500,TF1706,CCFX,98.335,98.29,98.39,325,319616900,20681,20558,99.61,97.25,98.429,98.41,0.0,98.39,0.0,0,0,2017-04-24,33485500,98.33,5,0,0,0,0,0,0,0,0,98.335,5,0,0,0,0,0,0,0,0
281,2017-04-24,09:18:06,0,TF1706,CCFX,98.335,98.29,98.39,326,320600250,20682,20558,99.61,97.25,98.429,98.41,0.0,98.39,0.0,0,0,2017-04-24,33486000,98.33,5,0,0,0,0,0,0,0,0,98.335,4,0,0,0,0,0,0,0,0
282,2017-04-24,09:18:06,500,TF1706,CCFX,98.33,98.29,98.39,327,321583550,20682,20558,99.61,97.25,98.429,98.41,0.0,98.39,0.0,0,0,2017-04-24,33486500,98.33,4,0,0,0,0,0,0,0,0,98.335,5,0,0,0,0,0,0,0,0
283,2017-04-24,09:18:07,0,TF1706,CCFX,98.33,98.29,98.39,327,321583550,20682,20558,99.61,97.25,98.429,98.41,0.0,98.39,0.0,0,0,2017-04-24,33487000,98.33,4,0,0,0,0,0,0,0,0,98.335,4,0,0,0,0,0,0,0,0
284,2017-04-24,09:18:07,500,TF1706,CCFX,98.33,98.29,98.39,327,321583550,20682,20558,99.61,97.25,98.429,98.41,0.0,98.39,0.0,0,0,2017-04-24,33487500,98.33,4,0,0,0,0,0,0,0,0,98.335,5,0,0,0,0,0,0,0,0
285,2017-04-24,09:18:09,500,TF1706,CCFX,98.335,98.29,98.39,331,325516950,20686,20558,99.61,97.25,98.429,98.41,0.0,98.39,0.0,0,0,2017-04-24,33489500,98.33,4,0,0,0,0,0,0,0,0,98.335,1,0,0,0,0,0,0,0,0
286,2017-04-24,09:18:10,0,TF1706,CCFX,98.335,98.29,98.39,331,325516950,20686,20558,99.61,97.25,98.429,98.41,0.0,98.39,0.0,0,0,2017-04-24,33490000,98.33,4,0,0,0,0,0,0,0,0,98.335,1,0,0,0,0,0,0,0,0
287,2017-04-24,09:18:11,0,TF1706,CCFX,98.335,98.29,98.39,331,325516950,20686,20558,99.61,97.25,98.429,98.41,0.0,98.39,0.0,0,0,2017-04-24,33491000,98.33,4,0,0,0,0,0,0,0,0,98.335,2,0,0,0,0,0,0,0,0
288,2017-04-24,09:18:11,500,TF1706,CCFX,98.335,98.29,98.39,333,327483650,20686,20558,99.61,97.25,98.429,98.41,0.0,98.39,0.0,0,0,2017-04-24,33491500,98.33,4,0,0,0,0,0,0,0,0,98.34,2,0,0,0,0,0,0,0,0
289,2017-04-24,09:18:12,0,TF1706,CCFX,98.335,98.29,98.39,333,327483650,20686,20558,99.61,97.25,98.429,98.41,0.0,98.39,0.0,0,0,2017-04-24,33492000,98.335,2,0,0,0,0,0,0,0,0,98.34,2,0,0,0,0,0,0,0,0
290,2017-04-24,09:18:12,500,TF1706,CCFX,98.335,98.29,98.39,335,329450350,20687,20558,99.61,97.25,98.429,98.41,0.0,98.39,0.0,0,0,2017-04-24,33492500,98.33,4,0,0,0,0,0,0,0,0,98.335,2,0,0,0,0,0,0,0,0
291,2017-04-24,09:18:13,0,TF1706,CCFX,98.335,98.29,98.39,335,329450350,20687,20558,99.61,97.25,98.429,98.41,0.0,98.39,0.0,0,0,2017-04-24,33493000,98.33,4,0,0,0,0,0,0,0,0,98.335,2,0,0,0,0,0,0,0,0
292,2017-04-24,09:18:13,500,TF1706,CCFX,98.335,98.29,98.39,335,329450350,20687,20558,99.61,97.25,98.429,98.41,0.0,98.39,0.0,0,0,2017-04-24,33493500,98.33,4,0,0,0,0,0,0,0,0,98.335,3,0,0,0,0,0,0,0,0
293,2017-04-24,09:18:14,500,TF1706,CCFX,98.335,98.29,98.39,336,330433700,20686,20558,99.61,97.25,98.429,98.41,0.0,98.39,0.0,0,0,2017-04-24,33494500,98.33,4,0,0,0,0,0,0,0,0,98.335,2,0,0,0,0,0,0,0,0
294,2017-04-24,09:18:15,0,TF1706,CCFX,98.33,98.29,98.39,341,335350250,20691,20558,99.61,97.25,98.429,98.41,0.0,98.39,0.0,0,0,2017-04-24,33495000,98.325,2,0,0,0,0,0,0,0,0,98.33,5,0,0,0,0,0,0,0,0
295,2017-04-24,09:18:15,500,TF1706,CCFX,98.33,98.29,98.39,346,340266750,20694,20558,99.61,97.25,98.429,98.41,0.0,98.39,0.0,0,0,2017-04-24,33495500,98.33,3,0,0,0,0,0,0,0,0,98.34,3,0,0,0,0,0,0,0,0
296,2017-04-24,09:18:16,0,TF1706,CCFX,98.33,98.29,98.39,353,347150200,20701,20558,99.61,97.25,98.429,98.41,0.0,98.39,0.0,0,0,2017-04-24,33496000,98.325,5,0,0,0,0,0,0,0,0,98.34,1,0,0,0,0,0,0,0,0
297,2017-04-24,09:18:16,500,TF1706,CCFX,98.33,98.29,98.39,353,347150200,20701,20558,99.61,97.25,98.429,98.41,0.0,98.39,0.0,0,0,2017-04-24,33496500,98.33,2,0,0,0,0,0,0,0,0,98.34,1,0,0,0,0,0,0,0,0
298,2017-04-24,09:18:17,0,TF1706,CCFX,98.33,98.29,98.39,353,347150200,20701,20558,99.61,97.25,98.429,98.41,0.0,98.39,0.0,0,0,2017-04-24,33497000,98.33,3,0,0,0,0,0,0,0,0,98.335,2,0,0,0,0,0,0,0,0
299,2017-04-24,09:18:17,500,TF1706,CCFX,98.33,98.29,98.39,353,347150200,20701,20558,99.61,97.25,98.429,98.41,0.0,98.39,0.0,0,0,2017-04-24,33497500,98.33,3,0,0,0,0,0,0,0,0,98.34,3,0,0,0,0,0,0,0,0
300,2017-04-24,09:18:18,0,TF1706,CCFX,98.33,98.29,98.39,356,350100100,20702,20558,99.61,97.25,98.429,98.41,0.0,98.39,0.0,0,0,2017-04-24,33498000,98.325,5,0,0,0,0,0,0,0,0,98.335,7,0,0,0,0,0,0,0,0
301,2017-04-24,09:18:18,500,TF1706,CCFX,98.33,98.29,98.39,356,350100100,20702,20558,99.61,97.25,98.429,98.41,0.0,98.39,0.0,0,0,2017-04-24,33498500,98.325,5,0,0,0,0,0,0,0,0,98.335,4,0,0,0,0,0,0,0,0
302,2017-04-24,09:18:19,0,TF1706,CCFX,98.33,98.29,98.39,356,350100100,20702,20558,99.61,97.25,98.429,98.41,0.0,98.39,0.0,0,0,2017-04-24,33499000,98.325,5,0,0,0,0,0,0,0,0,98.335,5,0,0,0,0,0,0,0,0
303,2017-04-24,09:18:20,0,TF1706,CCFX,98.33,98.29,98.39,356,350100100,20702,20558,99.61,97.25,98.429,98.41,0.0,98.39,0.0,0,0,2017-04-24,33500000,98.325,5,0,0,0,0,0,0,0,0,98.335,5,0,0,0,0,0,0,0,0
304,2017-04-24,09:18:20,500,TF1706,CCFX,98.33,98.29,98.39,356,350100100,20702,20558,99.61,97.25,98.429,98.41,0.0,98.39,0.0,0,0,2017-04-24,33500500,98.325,5,0,0,0,0,0,0,0,0,98.335,5,0,0,0,0,0,0,0,0
305,2017-04-24,09:18:21,500,TF1706,CCFX,98.33,98.29,98.39,356,350100100,20702,20558,99.61,97.25,98.429,98.41,0.0,98.39,0.0,0,0,2017-04-24,33501500,98.325,5,0,0,0,0,0,0,0,0,98.33,1,0,0,0,0,0,0,0,0
306,2017-04-24,09:18:22,0,TF1706,CCFX,98.33,98.29,98.39,356,350100100,20702,20558,99.61,97.25,98.429,98.41,0.0,98.39,0.0,0,0,2017-04-24,33502000,98.325,5,0,0,0,0,0,0,0,0,98.33,2,0,0,0,0,0,0,0,0
307,2017-04-24,09:18:22,500,TF1706,CCFX,98.33,98.29,98.39,357,351083400,20701,20558,99.61,97.25,98.429,98.41,0.0,98.39,0.0,0,0,2017-04-24,33502500,98.325,5,0,0,0,0,0,0,0,0,98.33,1,0,0,0,0,0,0,0,0
308,2017-04-24,09:18:23,500,TF1706,CCFX,98.33,98.29,98.39,357,351083400,20701,20558,99.61,97.25,98.429,98.41,0.0,98.39,0.0,0,0,2017-04-24,33503500,98.325,5,0,0,0,0,0,0,0,0,98.33,1,0,0,0,0,0,0,0,0
309,2017-04-24,09:18:25,500,TF1706,CCFX,98.33,98.29,98.39,358,352066700,20702,20558,99.61,97.25,98.429,98.41,0.0,98.39,0.0,0,0,2017-04-24,33505500,98.325,5,0,0,0,0,0,0,0,0,98.335,5,0,0,0,0,0,0,0,0
310,2017-04-24,09:18:27,500,TF1706,CCFX,98.33,98.29,98.39,358,352066700,20702,20558,99.61,97.25,98.429,98.41,0.0,98.39,0.0,0,0,2017-04-24,33507500,98.325,6,0,0,0,0,0,0,0,0,98.335,5,0,0,0,0,0,0,0,0
311,2017-04-24,09:18:28,0,TF1706,CCFX,98.33,98.29,98.39,358,352066700,20702,20558,99.61,97.25,98.429,98.41,0.0,98.39,0.0,0,0,2017-04-24,33508000,98.325,6,0,0,0,0,0,0,0,0,98.335,4,0,0,0,0,0,0,0,0
312,2017-04-24,09:18:30,500,TF1706,CCFX,98.33,98.29,98.39,358,352066700,20702,20558,99.61,97.25,98.429,98.41,0.0,98.39,0.0,0,0,2017-04-24,33510500,98.325,6,0,0,0,0,0,0,0,0,98.335,4,0,0,0,0,0,0,0,0
313,2017-04-24,09:18:32,0,TF1706,CCFX,98.33,98.29,98.39,358,352066700,20702,20558,99.61,97.25,98.429,98.41,0.0,98.39,0.0,0,0,2017-04-24,33512000,98.325,7,0,0,0,0,0,0,0,0,98.335,4,0,0,0,0,0,0,0,0
314,2017-04-24,09:18:33,0,TF1706,CCFX,98.33,98.29,98.39,358,352066700,20702,20558,99.61,97.25,98.429,98.41,0.0,98.39,0.0,0,0,2017-04-24,33513000,98.325,9,0,0,0,0,0,0,0,0,98.335,4,0,0,0,0,0,0,0,0
315,2017-04-24,09:18:34,500,TF1706,CCFX,98.325,98.29,98.39,359,353049950,20701,20558,99.61,97.25,98.429,98.41,0.0,98.39,0.0,0,0,2017-04-24,33514500,98.325,8,0,0,0,0,0,0,0,0,98.33,1,0,0,0,0,0,0,0,0
316,2017-04-24,09:18:35,0,TF1706,CCFX,98.325,98.29,98.39,364,357966200,20703,20558,99.61,97.25,98.429,98.41,0.0,98.39,0.0,0,0,2017-04-24,33515000,98.325,3,0,0,0,0,0,0,0,0,98.33,1,0,0,0,0,0,0,0,0
317,2017-04-24,09:18:35,500,TF1706,CCFX,98.325,98.29,98.39,367,360915950,20703,20558,99.61,97.25,98.429,98.41,0.0,98.39,0.0,0,0,2017-04-24,33515500,98.32,1,0,0,0,0,0,0,0,0,98.325,4,0,0,0,0,0,0,0,0
318,2017-04-24,09:18:36,0,TF1706,CCFX,98.325,98.29,98.39,369,362882450,20704,20558,99.61,97.25,98.429,98.41,0.0,98.39,0.0,0,0,2017-04-24,33516000,98.32,4,0,0,0,0,0,0,0,0,98.325,1,0,0,0,0,0,0,0,0
319,2017-04-24,09:18:36,500,TF1706,CCFX,98.325,98.29,98.39,369,362882450,20704,20558,99.61,97.25,98.429,98.41,0.0,98.39,0.0,0,0,2017-04-24,33516500,98.32,4,0,0,0,0,0,0,0,0,98.33,1,0,0,0,0,0,0,0,0
320,2017-04-24,09:18:38,0,TF1706,CCFX,98.325,98.29,98.39,369,362882450,20704,20558,99.61,97.25,98.429,98.41,0.0,98.39,0.0,0,0,2017-04-24,33518000,98.32,4,0,0,0,0,0,0,0,0,98.33,1,0,0,0,0,0,0,0,0
321,2017-04-24,09:18:38,500,TF1706,CCFX,98.325,98.29,98.39,369,362882450,20704,20558,99.61,97.25,98.429,98.41,0.0,98.39,0.0,0,0,2017-04-24,33518500,98.32,5,0,0,0,0,0,0,0,0,98.33,1,0,0,0,0,0,0,0,0
322,2017-04-24,09:18:39,0,TF1706,CCFX,98.325,98.29,98.39,369,362882450,20704,20558,99.61,97.25,98.429,98.41,0.0,98.39,0.0,0,0,2017-04-24,33519000,98.325,1,0,0,0,0,0,0,0,0,98.33,1,0,0,0,0,0,0,0,0
323,2017-04-24,09:18:39,500,TF1706,CCFX,98.325,98.29,98.39,369,362882450,20704,20558,99.61,97.25,98.429,98.41,0.0,98.39,0.0,0,0,2017-04-24,33519500,98.325,5,0,0,0,0,0,0,0,0,98.335,2,0,0,0,0,0,0,0,0
324,2017-04-24,09:18:40,500,TF1706,CCFX,98.325,98.29,98.39,369,362882450,20704,20558,99.61,97.25,98.429,98.41,0.0,98.39,0.0,0,0,2017-04-24,33520500,98.325,5,0,0,0,0,0,0,0,0,98.335,2,0,0,0,0,0,0,0,0
325,2017-04-24,09:18:41,500,TF1706,CCFX,98.325,98.29,98.39,369,362882450,20704,20558,99.61,97.25,98.429,98.41,0.0,98.39,0.0,0,0,2017-04-24,33521500,98.325,5,0,0,0,0,0,0,0,0,98.335,2,0,0,0,0,0,0,0,0
326,2017-04-24,09:18:42,500,TF1706,CCFX,98.325,98.29,98.39,369,362882450,20704,20558,99.61,97.25,98.429,98.41,0.0,98.39,0.0,0,0,2017-04-24,33522500,98.325,5,0,0,0,0,0,0,0,0,98.335,2,0,0,0,0,0,0,0,0
327,2017-04-24,09:18:43,0,TF1706,CCFX,98.325,98.29,98.39,369,362882450,20704,20558,99.61,97.25,98.429,98.41,0.0,98.39,0.0,0,0,2017-04-24,33523000,98.325,5,0,0,0,0,0,0,0,0,98.335,2,0,0,0,0,0,0,0,0
328,2017-04-24,09:18:43,500,TF1706,CCFX,98.325,98.29,98.39,369,362882450,20704,20558,99.61,97.25,98.429,98.41,0.0,98.39,0.0,0,0,2017-04-24,33523500,98.325,5,0,0,0,0,0,0,0,0,98.33,1,0,0,0,0,0,0,0,0
329,2017-04-24,09:18:44,0,TF1706,CCFX,98.325,98.29,98.39,369,362882450,20704,20558,99.61,97.25,98.429,98.41,0.0,98.39,0.0,0,0,2017-04-24,33524000,98.325,5,0,0,0,0,0,0,0,0,98.335,2,0,0,0,0,0,0,0,0
330,2017-04-24,09:18:44,500,TF1706,CCFX,98.325,98.29,98.39,369,362882450,20704,20558,99.61,97.25,98.429,98.41,0.0,98.39,0.0,0,0,2017-04-24,33524500,98.325,4,0,0,0,0,0,0,0,0,98.335,2,0,0,0,0,0,0,0,0
331,2017-04-24,09:18:45,500,TF1706,CCFX,98.325,98.29,98.39,369,362882450,20704,20558,99.61,97.25,98.429,98.41,0.0,98.39,0.0,0,0,2017-04-24,33525500,98.325,4,0,0,0,0,0,0,0,0,98.33,1,0,0,0,0,0,0,0,0
332,2017-04-24,09:18:46,0,TF1706,CCFX,98.325,98.29,98.39,369,362882450,20704,20558,99.61,97.25,98.429,98.41,0.0,98.39,0.0,0,0,2017-04-24,33526000,98.325,4,0,0,0,0,0,0,0,0,98.33,1,0,0,0,0,0,0,0,0
333,2017-04-24,09:18:46,500,TF1706,CCFX,98.325,98.29,98.39,373,366815450,20707,20558,99.61,97.25,98.429,98.41,0.0,98.39,0.0,0,0,2017-04-24,33526500,98.32,4,0,0,0,0,0,0,0,0,98.325,1,0,0,0,0,0,0,0,0
334,2017-04-24,09:18:49,500,TF1706,CCFX,98.325,98.29,98.39,374,367798700,20707,20558,99.61,97.25,98.429,98.41,0.0,98.39,0.0,0,0,2017-04-24,33529500,98.32,5,0,0,0,0,0,0,0,0,98.33,1,0,0,0,0,0,0,0,0
335,2017-04-24,09:18:50,0,TF1706,CCFX,98.325,98.29,98.39,374,367798700,20707,20558,99.61,97.25,98.429,98.41,0.0,98.39,0.0,0,0,2017-04-24,33530000,98.32,5,0,0,0,0,0,0,0,0,98.33,1,0,0,0,0,0,0,0,0
336,2017-04-24,09:18:52,500,TF1706,CCFX,98.325,98.29,98.39,374,367798700,20707,20558,99.61,97.25,98.429,98.41,0.0,98.39,0.0,0,0,2017-04-24,33532500,98.325,1,0,0,0,0,0,0,0,0,98.33,1,0,0,0,0,0,0,0,0
337,2017-04-24,09:18:53,0,TF1706,CCFX,98.325,98.29,98.39,374,367798700,20707,20558,99.61,97.25,98.429,98.41,0.0,98.39,0.0,0,0,2017-04-24,33533000,98.325,3,0,0,0,0,0,0,0,0,98.33,2,0,0,0,0,0,0,0,0
338,2017-04-24,09:18:53,500,TF1706,CCFX,98.325,98.29,98.39,374,367798700,20707,20558,99.61,97.25,98.429,98.41,0.0,98.39,0.0,0,0,2017-04-24,33533500,98.325,3,0,0,0,0,0,0,0,0,98.33,1,0,0,0,0,0,0,0,0
339,2017-04-24,09:18:54,500,TF1706,CCFX,98.325,98.29,98.39,374,367798700,20707,20558,99.61,97.25,98.429,98.41,0.0,98.39,0.0,0,0,2017-04-24,33534500,98.325,3,0,0,0,0,0,0,0,0,98.33,1,0,0,0,0,0,0,0,0
340,2017-04-24,09:18:55,0,TF1706,CCFX,98.325,98.29,98.39,374,367798700,20707,20558,99.61,97.25,98.429,98.41,0.0,98.39,0.0,0,0,2017-04-24,33535000,98.325,3,0,0,0,0,0,0,0,0,98.33,1,0,0,0,0,0,0,0,0
341,2017-04-24,09:18:56,500,TF1706,CCFX,98.33,98.29,98.39,375,368782000,20707,20558,99.61,97.25,98.429,98.41,0.0,98.39,0.0,0,0,2017-04-24,33536500,98.325,3,0,0,0,0,0,0,0,0,98.335,7,0,0,0,0,0,0,0,0
342,2017-04-24,09:18:57,0,TF1706,CCFX,98.33,98.29,98.39,375,368782000,20707,20558,99.61,97.25,98.429,98.41,0.0,98.39,0.0,0,0,2017-04-24,33537000,98.325,3,0,0,0,0,0,0,0,0,98.33,1,0,0,0,0,0,0,0,0
343,2017-04-24,09:18:57,500,TF1706,CCFX,98.33,98.29,98.39,375,368782000,20707,20558,99.61,97.25,98.429,98.41,0.0,98.39,0.0,0,0,2017-04-24,33537500,98.325,3,0,0,0,0,0,0,0,0,98.335,7,0,0,0,0,0,0,0,0
344,2017-04-24,09:18:58,0,TF1706,CCFX,98.33,98.29,98.39,375,368782000,20707,20558,99.61,97.25,98.429,98.41,0.0,98.39,0.0,0,0,2017-04-24,33538000,98.325,3,0,0,0,0,0,0,0,0,98.33,1,0,0,0,0,0,0,0,0
345,2017-04-24,09:18:58,500,TF1706,CCFX,98.33,98.29,98.39,375,368782000,20707,20558,99.61,97.25,98.429,98.41,0.0,98.39,0.0,0,0,2017-04-24,33538500,98.325,3,0,0,0,0,0,0,0,0,98.335,7,0,0,0,0,0,0,0,0
346,2017-04-24,09:18:59,0,TF1706,CCFX,98.33,98.29,98.39,375,368782000,20707,20558,99.61,97.25,98.429,98.41,0.0,98.39,0.0,0,0,2017-04-24,33539000,98.325,3,0,0,0,0,0,0,0,0,98.33,1,0,0,0,0,0,0,0,0
347,2017-04-24,09:18:59,500,TF1706,CCFX,98.33,98.29,98.39,375,368782000,20707,20558,99.61,97.25,98.429,98.41,0.0,98.39,0.0,0,0,2017-04-24,33539500,98.325,3,0,0,0,0,0,0,0,0,98.335,7,0,0,0,0,0,0,0,0
348,2017-04-24,09:19:00,0,TF1706,CCFX,98.33,98.29,98.39,375,368782000,20707,20558,99.61,97.25,98.429,98.41,0.0,98.39,0.0,0,0,2017-04-24,33540000,98.325,3,0,0,0,0,0,0,0,0,98.33,1,0,0,0,0,0,0,0,0
349,2017-04-24,09:19:00,500,TF1706,CCFX,98.33,98.29,98.39,375,368782000,20707,20558,99.61,97.25,98.429,98.41,0.0,98.39,0.0,0,0,2017-04-24,33540500,98.325,3,0,0,0,0,0,0,0,0,98.335,7,0,0,0,0,0,0,0,0
350,2017-04-24,09:19:01,0,TF1706,CCFX,98.33,98.29,98.39,375,368782000,20707,20558,99.61,97.25,98.429,98.41,0.0,98.39,0.0,0,0,2017-04-24,33541000,98.325,3,0,0,0,0,0,0,0,0,98.33,1,0,0,0,0,0,0,0,0
351,2017-04-24,09:19:01,500,TF1706,CCFX,98.33,98.29,98.39,375,368782000,20707,20558,99.61,97.25,98.429,98.41,0.0,98.39,0.0,0,0,2017-04-24,33541500,98.325,3,0,0,0,0,0,0,0,0,98.335,7,0,0,0,0,0,0,0,0
352,2017-04-24,09:19:02,0,TF1706,CCFX,98.33,98.29,98.39,375,368782000,20707,20558,99.61,97.25,98.429,98.41,0.0,98.39,0.0,0,0,2017-04-24,33542000,98.325,3,0,0,0,0,0,0,0,0,98.33,1,0,0,0,0,0,0,0,0
353,2017-04-24,09:19:02,500,TF1706,CCFX,98.325,98.29,98.39,378,371731750,20706,20558,99.61,97.25,98.429,98.41,0.0,98.39,0.0,0,0,2017-04-24,33542500,98.32,4,0,0,0,0,0,0,0,0,98.325,4,0,0,0,0,0,0,0,0
354,2017-04-24,09:19:03,0,TF1706,CCFX,98.32,98.29,98.39,379,372714950,20705,20558,99.61,97.25,98.429,98.41,0.0,98.39,0.0,0,0,2017-04-24,33543000,98.32,3,0,0,0,0,0,0,0,0,98.33,3,0,0,0,0,0,0,0,0
355,2017-04-24,09:19:03,500,TF1706,CCFX,98.32,98.29,98.39,379,372714950,20705,20558,99.61,97.25,98.429,98.41,0.0,98.39,0.0,0,0,2017-04-24,33543500,98.32,3,0,0,0,0,0,0,0,0,98.325,7,0,0,0,0,0,0,0,0
356,2017-04-24,09:19:04,0,TF1706,CCFX,98.32,98.29,98.39,379,372714950,20705,20558,99.61,97.25,98.429,98.41,0.0,98.39,0.0,0,0,2017-04-24,33544000,98.32,3,0,0,0,0,0,0,0,0,98.325,4,0,0,0,0,0,0,0,0
357,2017-04-24,09:19:06,0,TF1706,CCFX,98.32,98.29,98.39,379,372714950,20705,20558,99.61,97.25,98.429,98.41,0.0,98.39,0.0,0,0,2017-04-24,33546000,98.32,3,0,0,0,0,0,0,0,0,98.325,4,0,0,0,0,0,0,0,0
358,2017-04-24,09:19:08,500,TF1706,CCFX,98.325,98.29,98.39,380,373698200,20706,20558,99.61,97.25,98.429,98.41,0.0,98.39,0.0,0,0,2017-04-24,33548500,98.32,3,0,0,0,0,0,0,0,0,98.325,3,0,0,0,0,0,0,0,0
359,2017-04-24,09:19:11,0,TF1706,CCFX,98.315,98.29,98.39,384,377630950,20704,20558,99.61,97.25,98.429,98.41,0.0,98.39,0.0,0,0,2017-04-24,33551000,98.315,2,0,0,0,0,0,0,0,0,98.32,2,0,0,0,0,0,0,0,0
360,2017-04-24,09:19:11,500,TF1706,CCFX,98.315,98.29,98.39,385,378614100,20703,20558,99.61,97.25,98.429,98.41,0.0,98.39,0.0,0,0,2017-04-24,33551500,98.315,2,0,0,0,0,0,0,0,0,98.32,3,0,0,0,0,0,0,0,0
361,2017-04-24,09:19:13,0,TF1706,CCFX,98.315,98.29,98.39,385,378614100,20703,20558,99.61,97.25,98.429,98.41,0.0,98.39,0.0,0,0,2017-04-24,33553000,98.315,2,0,0,0,0,0,0,0,0,98.32,1,0,0,0,0,0,0,0,0
362,2017-04-24,09:19:13,500,TF1706,CCFX,98.315,98.29,98.39,385,378614100,20703,20558,99.61,97.25,98.429,98.41,0.0,98.39,0.0,0,0,2017-04-24,33553500,98.315,2,0,0,0,0,0,0,0,0,98.32,1,0,0,0,0,0,0,0,0
363,2017-04-24,09:19:15,0,TF1706,CCFX,98.315,98.29,98.39,385,378614100,20703,20558,99.61,97.25,98.429,98.41,0.0,98.39,0.0,0,0,2017-04-24,33555000,98.315,2,0,0,0,0,0,0,0,0,98.32,2,0,0,0,0,0,0,0,0
364,2017-04-24,09:19:15,500,TF1706,CCFX,98.32,98.29,98.39,387,380580500,20703,20558,99.61,97.25,98.429,98.41,0.0,98.39,0.0,0,0,2017-04-24,33555500,98.315,2,0,0,0,0,0,0,0,0,98.325,3,0,0,0,0,0,0,0,0
365,2017-04-24,09:19:16,0,TF1706,CCFX,98.325,98.29,98.39,390,383530250,20702,20558,99.61,97.25,98.429,98.41,0.0,98.39,0.0,0,0,2017-04-24,33556000,98.315,2,0,0,0,0,0,0,0,0,98.33,1,0,0,0,0,0,0,0,0
366,2017-04-24,09:19:16,500,TF1706,CCFX,98.325,98.29,98.39,390,383530250,20702,20558,99.61,97.25,98.429,98.41,0.0,98.39,0.0,0,0,2017-04-24,33556500,98.32,2,0,0,0,0,0,0,0,0,98.33,1,0,0,0,0,0,0,0,0
367,2017-04-24,09:19:17,0,TF1706,CCFX,98.325,98.29,98.39,390,383530250,20702,20558,99.61,97.25,98.429,98.41,0.0,98.39,0.0,0,0,2017-04-24,33557000,98.32,2,0,0,0,0,0,0,0,0,98.33,1,0,0,0,0,0,0,0,0
368,2017-04-24,09:19:18,500,TF1706,CCFX,98.315,98.29,98.39,394,387462950,20704,20558,99.61,97.25,98.429,98.41,0.0,98.39,0.0,0,0,2017-04-24,33558500,98.31,2,0,0,0,0,0,0,0,0,98.315,1,0,0,0,0,0,0,0,0
369,2017-04-24,09:19:19,0,TF1706,CCFX,98.315,98.29,98.39,395,388446100,20704,20558,99.61,97.25,98.429,98.41,0.0,98.39,0.0,0,0,2017-04-24,33559000,98.315,15,0,0,0,0,0,0,0,0,98.33,1,0,0,0,0,0,0,0,0
370,2017-04-24,09:19:19,500,TF1706,CCFX,98.315,98.29,98.39,395,388446100,20704,20558,99.61,97.25,98.429,98.41,0.0,98.39,0.0,0,0,2017-04-24,33559500,98.315,10,0,0,0,0,0,0,0,0,98.33,2,0,0,0,0,0,0,0,0
371,2017-04-24,09:19:20,0,TF1706,CCFX,98.315,98.29,98.39,395,388446100,20704,20558,99.61,97.25,98.429,98.41,0.0,98.39,0.0,0,0,2017-04-24,33560000,98.32,1,0,0,0,0,0,0,0,0,98.335,7,0,0,0,0,0,0,0,0
372,2017-04-24,09:19:20,500,TF1706,CCFX,98.315,98.29,98.39,395,388446100,20704,20558,99.61,97.25,98.429,98.41,0.0,98.39,0.0,0,0,2017-04-24,33560500,98.32,5,0,0,0,0,0,0,0,0,98.33,2,0,0,0,0,0,0,0,0
373,2017-04-24,09:19:21,0,TF1706,CCFX,98.315,98.29,98.39,395,388446100,20704,20558,99.61,97.25,98.429,98.41,0.0,98.39,0.0,0,0,2017-04-24,33561000,98.32,7,0,0,0,0,0,0,0,0,98.33,2,0,0,0,0,0,0,0,0
374,2017-04-24,09:19:21,500,TF1706,CCFX,98.315,98.29,98.39,395,388446100,20704,20558,99.61,97.25,98.429,98.41,0.0,98.39,0.0,0,0,2017-04-24,33561500,98.32,6,0,0,0,0,0,0,0,0,98.33,1,0,0,0,0,0,0,0,0
375,2017-04-24,09:19:22,0,TF1706,CCFX,98.315,98.29,98.39,395,388446100,20704,20558,99.61,97.25,98.429,98.41,0.0,98.39,0.0,0,0,2017-04-24,33562000,98.32,7,0,0,0,0,0,0,0,0,98.335,7,0,0,0,0,0,0,0,0
376,2017-04-24,09:19:22,500,TF1706,CCFX,98.315,98.29,98.39,395,388446100,20704,20558,99.61,97.25,98.429,98.41,0.0,98.39,0.0,0,0,2017-04-24,33562500,98.32,7,0,0,0,0,0,0,0,0,98.33,1,0,0,0,0,0,0,0,0
377,2017-04-24,09:19:23,0,TF1706,CCFX,98.315,98.29,98.39,395,388446100,20704,20558,99.61,97.25,98.429,98.41,0.0,98.39,0.0,0,0,2017-04-24,33563000,98.32,7,0,0,0,0,0,0,0,0,98.335,7,0,0,0,0,0,0,0,0
378,2017-04-24,09:19:23,500,TF1706,CCFX,98.315,98.29,98.39,395,388446100,20704,20558,99.61,97.25,98.429,98.41,0.0,98.39,0.0,0,0,2017-04-24,33563500,98.32,7,0,0,0,0,0,0,0,0,98.33,1,0,0,0,0,0,0,0,0
379,2017-04-24,09:19:24,0,TF1706,CCFX,98.32,98.29,98.39,396,389429300,20705,20558,99.61,97.25,98.429,98.41,0.0,98.39,0.0,0,0,2017-04-24,33564000,98.32,6,0,0,0,0,0,0,0,0,98.335,8,0,0,0,0,0,0,0,0
380,2017-04-24,09:19:24,500,TF1706,CCFX,98.32,98.29,98.39,396,389429300,20705,20558,99.61,97.25,98.429,98.41,0.0,98.39,0.0,0,0,2017-04-24,33564500,98.32,6,0,0,0,0,0,0,0,0,98.33,2,0,0,0,0,0,0,0,0
381,2017-04-24,09:19:25,0,TF1706,CCFX,98.32,98.29,98.39,401,394345300,20710,20558,99.61,97.25,98.429,98.41,0.0,98.39,0.0,0,0,2017-04-24,33565000,98.32,3,0,0,0,0,0,0,0,0,98.33,4,0,0,0,0,0,0,0,0
382,2017-04-24,09:19:25,500,TF1706,CCFX,98.32,98.29,98.39,401,394345300,20710,20558,99.61,97.25,98.429,98.41,0.0,98.39,0.0,0,0,2017-04-24,33565500,98.32,2,0,0,0,0,0,0,0,0,98.33,5,0,0,0,0,0,0,0,0
383,2017-04-24,09:19:26,0,TF1706,CCFX,98.32,98.29,98.39,403,396311700,20710,20558,99.61,97.25,98.429,98.41,0.0,98.39,0.0,0,0,2017-04-24,33566000,98.315,4,0,0,0,0,0,0,0,0,98.32,2,0,0,0,0,0,0,0,0
384,2017-04-24,09:19:26,500,TF1706,CCFX,98.325,98.29,98.39,408,401227850,20712,20558,99.61,97.25,98.429,98.41,0.0,98.39,0.0,0,0,2017-04-24,33566500,98.32,5,0,0,0,0,0,0,0,0,98.33,2,0,0,0,0,0,0,0,0
385,2017-04-24,09:19:27,0,TF1706,CCFX,98.325,98.29,98.39,408,401227850,20712,20558,99.61,97.25,98.429,98.41,0.0,98.39,0.0,0,0,2017-04-24,33567000,98.32,5,0,0,0,0,0,0,0,0,98.33,3,0,0,0,0,0,0,0,0
386,2017-04-24,09:19:27,500,TF1706,CCFX,98.325,98.29,98.39,408,401227850,20712,20558,99.61,97.25,98.429,98.41,0.0,98.39,0.0,0,0,2017-04-24,33567500,98.32,5,0,0,0,0,0,0,0,0,98.33,4,0,0,0,0,0,0,0,0
387,2017-04-24,09:19:30,500,TF1706,CCFX,98.32,98.29,98.39,413,406143850,20716,20558,99.61,97.25,98.429,98.41,0.0,98.39,0.0,0,0,2017-04-24,33570500,98.315,6,0,0,0,0,0,0,0,0,98.33,4,0,0,0,0,0,0,0,0
388,2017-04-24,09:19:31,0,TF1706,CCFX,98.33,98.29,98.39,415,408110400,20714,20558,99.61,97.25,98.429,98.41,0.0,98.39,0.0,0,0,2017-04-24,33571000,98.32,1,0,0,0,0,0,0,0,0,98.33,3,0,0,0,0,0,0,0,0
389,2017-04-24,09:19:31,500,TF1706,CCFX,98.33,98.29,98.39,415,408110400,20714,20558,99.61,97.25,98.429,98.41,0.0,98.39,0.0,0,0,2017-04-24,33571500,98.315,6,0,0,0,0,0,0,0,0,98.33,3,0,0,0,0,0,0,0,0
390,2017-04-24,09:19:32,0,TF1706,CCFX,98.33,98.29,98.39,415,408110400,20714,20558,99.61,97.25,98.429,98.41,0.0,98.39,0.0,0,0,2017-04-24,33572000,98.32,4,0,0,0,0,0,0,0,0,98.33,3,0,0,0,0,0,0,0,0
391,2017-04-24,09:19:35,500,TF1706,CCFX,98.33,98.29,98.39,415,408110400,20714,20558,99.61,97.25,98.429,98.41,0.0,98.39,0.0,0,0,2017-04-24,33575500,98.32,5,0,0,0,0,0,0,0,0,98.325,2,0,0,0,0,0,0,0,0
392,2017-04-24,09:19:36,0,TF1706,CCFX,98.325,98.29,98.39,416,409093650,20713,20558,99.61,97.25,98.429,98.41,0.0,98.39,0.0,0,0,2017-04-24,33576000,98.32,5,0,0,0,0,0,0,0,0,98.325,1,0,0,0,0,0,0,0,0
393,2017-04-24,09:19:36,500,TF1706,CCFX,98.32,98.29,98.39,422,414992900,20718,20558,99.61,97.25,98.429,98.41,0.0,98.39,0.0,0,0,2017-04-24,33576500,98.315,6,0,0,0,0,0,0,0,0,98.32,1,0,0,0,0,0,0,0,0
394,2017-04-24,09:19:37,0,TF1706,CCFX,98.32,98.29,98.39,423,415976100,20718,20558,99.61,97.25,98.429,98.41,0.0,98.39,0.0,0,0,2017-04-24,33577000,98.32,5,0,0,0,0,0,0,0,0,98.33,3,0,0,0,0,0,0,0,0
395,2017-04-24,09:19:37,500,TF1706,CCFX,98.32,98.29,98.39,423,415976100,20718,20558,99.61,97.25,98.429,98.41,0.0,98.39,0.0,0,0,2017-04-24,33577500,98.32,2,0,0,0,0,0,0,0,0,98.325,1,0,0,0,0,0,0,0,0
396,2017-04-24,09:19:38,0,TF1706,CCFX,98.32,98.29,98.39,423,415976100,20718,20558,99.61,97.25,98.429,98.41,0.0,98.39,0.0,0,0,2017-04-24,33578000,98.32,2,0,0,0,0,0,0,0,0,98.325,1,0,0,0,0,0,0,0,0
397,2017-04-24,09:19:38,500,TF1706,CCFX,98.325,98.29,98.39,424,416959350,20719,20558,99.61,97.25,98.429,98.41,0.0,98.39,0.0,0,0,2017-04-24,33578500,98.325,1,0,0,0,0,0,0,0,0,98.33,3,0,0,0,0,0,0,0,0
398,2017-04-24,09:19:39,0,TF1706,CCFX,98.325,98.29,98.39,427,419909100,20717,20558,99.61,97.25,98.429,98.41,0.0,98.39,0.0,0,0,2017-04-24,33579000,98.32,2,0,0,0,0,0,0,0,0,98.325,15,0,0,0,0,0,0,0,0
399,2017-04-24,09:19:39,500,TF1706,CCFX,98.325,98.29,98.39,428,420892350,20716,20558,99.61,97.25,98.429,98.41,0.0,98.39,0.0,0,0,2017-04-24,33579500,98.32,2,0,0,0,0,0,0,0,0,98.325,8,0,0,0,0,0,0,0,0
400,2017-04-24,09:19:40,0,TF1706,CCFX,98.32,98.29,98.39,430,422858750,20717,20558,99.61,97.25,98.429,98.41,0.0,98.39,0.0,0,0,2017-04-24,33580000,98.315,3,0,0,0,0,0,0,0,0,98.325,7,0,0,0,0,0,0,0,0
401,2017-04-24,09:19:40,500,TF1706,CCFX,98.32,98.29,98.39,430,422858750,20717,20558,99.61,97.25,98.429,98.41,0.0,98.39,0.0,0,0,2017-04-24,33580500,98.315,3,0,0,0,0,0,0,0,0,98.325,8,0,0,0,0,0,0,0,0
402,2017-04-24,09:19:41,0,TF1706,CCFX,98.32,98.29,98.39,430,422858750,20717,20558,99.61,97.25,98.429,98.41,0.0,98.39,0.0,0,0,2017-04-24,33581000,98.315,6,0,0,0,0,0,0,0,0,98.32,1,0,0,0,0,0,0,0,0
403,2017-04-24,09:19:41,500,TF1706,CCFX,98.32,98.29,98.39,431,423841950,20716,20558,99.61,97.25,98.429,98.41,0.0,98.39,0.0,0,0,2017-04-24,33581500,98.32,1,0,0,0,0,0,0,0,0,98.325,2,0,0,0,0,0,0,0,0
404,2017-04-24,09:19:42,0,TF1706,CCFX,98.32,98.29,98.39,432,424825150,20715,20558,99.61,97.25,98.429,98.41,0.0,98.39,0.0,0,0,2017-04-24,33582000,98.32,1,0,0,0,0,0,0,0,0,98.325,2,0,0,0,0,0,0,0,0
405,2017-04-24,09:19:42,500,TF1706,CCFX,98.32,98.29,98.39,432,424825150,20715,20558,99.61,97.25,98.429,98.41,0.0,98.39,0.0,0,0,2017-04-24,33582500,98.32,1,0,0,0,0,0,0,0,0,98.325,2,0,0,0,0,0,0,0,0
406,2017-04-24,09:19:43,0,TF1706,CCFX,98.32,98.29,98.39,432,424825150,20715,20558,99.61,97.25,98.429,98.41,0.0,98.39,0.0,0,0,2017-04-24,33583000,98.32,1,0,0,0,0,0,0,0,0,98.325,2,0,0,0,0,0,0,0,0
407,2017-04-24,09:19:44,500,TF1706,CCFX,98.32,98.29,98.39,432,424825150,20715,20558,99.61,97.25,98.429,98.41,0.0,98.39,0.0,0,0,2017-04-24,33584500,98.32,3,0,0,0,0,0,0,0,0,98.325,2,0,0,0,0,0,0,0,0
408,2017-04-24,09:19:46,0,TF1706,CCFX,98.32,98.29,98.39,433,425808350,20715,20558,99.61,97.25,98.429,98.41,0.0,98.39,0.0,0,0,2017-04-24,33586000,98.32,2,0,0,0,0,0,0,0,0,98.325,2,0,0,0,0,0,0,0,0
409,2017-04-24,09:19:46,500,TF1706,CCFX,98.325,98.29,98.39,434,426791600,20716,20558,99.61,97.25,98.429,98.41,0.0,98.39,0.0,0,0,2017-04-24,33586500,98.32,2,0,0,0,0,0,0,0,0,98.33,3,0,0,0,0,0,0,0,0
410,2017-04-24,09:19:49,0,TF1706,CCFX,98.325,98.29,98.39,434,426791600,20716,20558,99.61,97.25,98.429,98.41,0.0,98.39,0.0,0,0,2017-04-24,33589000,98.325,1,0,0,0,0,0,0,0,0,98.33,3,0,0,0,0,0,0,0,0
411,2017-04-24,09:19:49,500,TF1706,CCFX,98.325,98.29,98.39,438,430724600,20715,20558,99.61,97.25,98.429,98.41,0.0,98.39,0.0,0,0,2017-04-24,33589500,98.315,4,0,0,0,0,0,0,0,0,98.325,17,0,0,0,0,0,0,0,0
412,2017-04-24,09:19:50,0,TF1706,CCFX,98.325,98.29,98.39,438,430724600,20715,20558,99.61,97.25,98.429,98.41,0.0,98.39,0.0,0,0,2017-04-24,33590000,98.315,4,0,0,0,0,0,0,0,0,98.32,2,0,0,0,0,0,0,0,0
413,2017-04-24,09:19:50,500,TF1706,CCFX,98.32,98.29,98.39,440,432691000,20715,20558,99.61,97.25,98.429,98.41,0.0,98.39,0.0,0,0,2017-04-24,33590500,98.315,7,0,0,0,0,0,0,0,0,98.325,3,0,0,0,0,0,0,0,0
414,2017-04-24,09:19:51,500,TF1706,CCFX,98.32,98.29,98.39,440,432691000,20715,20558,99.61,97.25,98.429,98.41,0.0,98.39,0.0,0,0,2017-04-24,33591500,98.315,7,0,0,0,0,0,0,0,0,98.325,4,0,0,0,0,0,0,0,0
415,2017-04-24,09:19:52,0,TF1706,CCFX,98.32,98.29,98.39,440,432691000,20715,20558,99.61,97.25,98.429,98.41,0.0,98.39,0.0,0,0,2017-04-24,33592000,98.315,8,0,0,0,0,0,0,0,0,98.325,6,0,0,0,0,0,0,0,0
416,2017-04-24,09:19:52,500,TF1706,CCFX,98.32,98.29,98.39,440,432691000,20715,20558,99.61,97.25,98.429,98.41,0.0,98.39,0.0,0,0,2017-04-24,33592500,98.315,6,0,0,0,0,0,0,0,0,98.325,6,0,0,0,0,0,0,0,0
417,2017-04-24,09:19:53,0,TF1706,CCFX,98.32,98.29,98.39,440,432691000,20715,20558,99.61,97.25,98.429,98.41,0.0,98.39,0.0,0,0,2017-04-24,33593000,98.315,6,0,0,0,0,0,0,0,0,98.325,6,0,0,0,0,0,0,0,0
418,2017-04-24,09:19:55,0,TF1706,CCFX,98.32,98.29,98.39,440,432691000,20715,20558,99.61,97.25,98.429,98.41,0.0,98.39,0.0,0,0,2017-04-24,33595000,98.315,6,0,0,0,0,0,0,0,0,98.325,6,0,0,0,0,0,0,0,0
419,2017-04-24,09:19:58,500,TF1706,CCFX,98.325,98.29,98.39,441,433674250,20714,20558,99.61,97.25,98.429,98.41,0.0,98.39,0.0,0,0,2017-04-24,33598500,98.315,6,0,0,0,0,0,0,0,0,98.325,5,0,0,0,0,0,0,0,0
420,2017-04-24,09:19:59,0,TF1706,CCFX,98.325,98.29,98.39,441,433674250,20714,20558,99.61,97.25,98.429,98.41,0.0,98.39,0.0,0,0,2017-04-24,33599000,98.315,6,0,0,0,0,0,0,0,0,98.32,4,0,0,0,0,0,0,0,0
421,2017-04-24,09:19:59,500,TF1706,CCFX,98.325,98.29,98.39,441,433674250,20714,20558,99.61,97.25,98.429,98.41,0.0,98.39,0.0,0,0,2017-04-24,33599500,98.315,6,0,0,0,0,0,0,0,0,98.32,4,0,0,0,0,0,0,0,0
422,2017-04-24,09:20:00,500,TF1706,CCFX,98.325,98.29,98.39,441,433674250,20714,20558,99.61,97.25,98.429,98.41,0.0,98.39,0.0,0,0,2017-04-24,33600500,98.315,6,0,0,0,0,0,0,0,0,98.32,5,0,0,0,0,0,0,0,0
423,2017-04-24,09:20:01,0,TF1706,CCFX,98.325,98.29,98.39,441,433674250,20714,20558,99.61,97.25,98.429,98.41,0.0,98.39,0.0,0,0,2017-04-24,33601000,98.315,6,0,0,0,0,0,0,0,0,98.32,5,0,0,0,0,0,0,0,0
424,2017-04-24,09:20:04,0,TF1706,CCFX,98.32,98.29,98.39,444,436623850,20717,20558,99.61,97.25,98.429,98.41,0.0,98.39,0.0,0,0,2017-04-24,33604000,98.315,3,0,0,0,0,0,0,0,0,98.32,2,0,0,0,0,0,0,0,0
425,2017-04-24,09:20:05,0,TF1706,CCFX,98.32,98.29,98.39,444,436623850,20717,20558,99.61,97.25,98.429,98.41,0.0,98.39,0.0,0,0,2017-04-24,33605000,98.315,3,0,0,0,0,0,0,0,0,98.32,2,0,0,0,0,0,0,0,0
426,2017-04-24,09:20:05,500,TF1706,CCFX,98.315,98.29,98.39,447,439573300,20717,20558,99.61,97.25,98.429,98.41,0.0,98.39,0.0,0,0,2017-04-24,33605500,98.31,5,0,0,0,0,0,0,0,0,98.315,3,0,0,0,0,0,0,0,0
427,2017-04-24,09:20:06,0,TF1706,CCFX,98.315,98.29,98.39,447,439573300,20717,20558,99.61,97.25,98.429,98.41,0.0,98.39,0.0,0,0,2017-04-24,33606000,98.31,5,0,0,0,0,0,0,0,0,98.315,1,0,0,0,0,0,0,0,0
428,2017-04-24,09:20:06,500,TF1706,CCFX,98.31,98.29,98.39,448,440556400,20717,20558,99.61,97.25,98.429,98.41,0.0,98.39,0.0,0,0,2017-04-24,33606500,98.31,4,0,0,0,0,0,0,0,0,98.315,5,0,0,0,0,0,0,0,0
429,2017-04-24,09:20:07,0,TF1706,CCFX,98.315,98.29,98.39,449,441539550,20717,20558,99.61,97.25,98.429,98.41,0.0,98.39,0.0,0,0,2017-04-24,33607000,98.31,4,0,0,0,0,0,0,0,0,98.315,4,0,0,0,0,0,0,0,0
430,2017-04-24,09:20:08,0,TF1706,CCFX,98.315,98.29,98.39,449,441539550,20717,20558,99.61,97.25,98.429,98.41,0.0,98.39,0.0,0,0,2017-04-24,33608000,98.31,4,0,0,0,0,0,0,0,0,98.315,4,0,0,0,0,0,0,0,0
431,2017-04-24,09:20:10,500,TF1706,CCFX,98.31,98.29,98.39,453,445471950,20717,20558,99.61,97.25,98.429,98.41,0.0,98.39,0.0,0,0,2017-04-24,33610500,98.305,2,0,0,0,0,0,0,0,0,98.31,2,0,0,0,0,0,0,0,0
432,2017-04-24,09:20:11,0,TF1706,CCFX,98.31,98.29,98.39,453,445471950,20717,20558,99.61,97.25,98.429,98.41,0.0,98.39,0.0,0,0,2017-04-24,33611000,98.305,2,0,0,0,0,0,0,0,0,98.31,2,0,0,0,0,0,0,0,0
433,2017-04-24,09:20:11,500,TF1706,CCFX,98.31,98.29,98.39,453,445471950,20717,20558,99.61,97.25,98.429,98.41,0.0,98.39,0.0,0,0,2017-04-24,33611500,98.305,2,0,0,0,0,0,0,0,0,98.31,3,0,0,0,0,0,0,0,0
434,2017-04-24,09:20:12,0,TF1706,CCFX,98.31,98.29,98.39,453,445471950,20717,20558,99.61,97.25,98.429,98.41,0.0,98.39,0.0,0,0,2017-04-24,33612000,98.305,2,0,0,0,0,0,0,0,0,98.31,3,0,0,0,0,0,0,0,0
435,2017-04-24,09:20:13,0,TF1706,CCFX,98.31,98.29,98.39,453,445471950,20717,20558,99.61,97.25,98.429,98.41,0.0,98.39,0.0,0,0,2017-04-24,33613000,98.305,2,0,0,0,0,0,0,0,0,98.31,3,0,0,0,0,0,0,0,0
436,2017-04-24,09:20:13,500,TF1706,CCFX,98.305,98.29,98.39,455,447438050,20715,20558,99.61,97.25,98.429,98.41,0.0,98.39,0.0,0,0,2017-04-24,33613500,98.3,6,0,0,0,0,0,0,0,0,98.305,2,0,0,0,0,0,0,0,0
437,2017-04-24,09:20:14,0,TF1706,CCFX,98.3,98.29,98.39,456,448421050,20716,20558,99.61,97.25,98.429,98.41,0.0,98.39,0.0,0,0,2017-04-24,33614000,98.3,5,0,0,0,0,0,0,0,0,98.305,2,0,0,0,0,0,0,0,0
438,2017-04-24,09:20:14,500,TF1706,CCFX,98.3,98.29,98.39,463,455302200,20716,20558,99.61,97.25,98.429,98.41,0.0,98.39,0.0,0,0,2017-04-24,33614500,98.3,1,0,0,0,0,0,0,0,0,98.31,3,0,0,0,0,0,0,0,0
439,2017-04-24,09:20:15,0,TF1706,CCFX,98.3,98.29,98.39,467,459234350,20719,20558,99.61,97.25,98.429,98.41,0.0,98.39,0.0,0,0,2017-04-24,33615000,98.295,3,0,0,0,0,0,0,0,0,98.3,7,0,0,0,0,0,0,0,0
440,2017-04-24,09:20:15,500,TF1706,CCFX,98.3,98.29,98.39,474,466115350,20723,20558,99.61,97.25,98.429,98.41,0.0,98.39,0.0,0,0,2017-04-24,33615500,98.295,6,0,0,0,0,0,0,0,0,98.305,1,0,0,0,0,0,0,0,0
441,2017-04-24,09:20:16,0,TF1706,CCFX,98.3,98.29,98.39,474,466115350,20723,20558,99.61,97.25,98.429,98.41,0.0,98.39,0.0,0,0,2017-04-24,33616000,98.295,6,0,0,0,0,0,0,0,0,98.305,6,0,0,0,0,0,0,0,0
442,2017-04-24,09:20:16,500,TF1706,CCFX,98.3,98.29,98.39,474,466115350,20723,20558,99.61,97.25,98.429,98.41,0.0,98.39,0.0,0,0,2017-04-24,33616500,98.295,6,0,0,0,0,0,0,0,0,98.305,6,0,0,0,0,0,0,0,0
443,2017-04-24,09:20:17,0,TF1706,CCFX,98.3,98.29,98.39,474,466115350,20723,20558,99.61,97.25,98.429,98.41,0.0,98.39,0.0,0,0,2017-04-24,33617000,98.295,6,0,0,0,0,0,0,0,0,98.305,7,0,0,0,0,0,0,0,0
444,2017-04-24,09:20:17,500,TF1706,CCFX,98.295,98.29,98.39,475,467098300,20722,20558,99.61,97.25,98.429,98.41,0.0,98.39,0.0,0,0,2017-04-24,33617500,98.295,5,0,0,0,0,0,0,0,0,98.305,7,0,0,0,0,0,0,0,0
445,2017-04-24,09:20:18,0,TF1706,CCFX,98.295,98.29,98.39,475,467098300,20722,20558,99.61,97.25,98.429,98.41,0.0,98.39,0.0,0,0,2017-04-24,33618000,98.295,5,0,0,0,0,0,0,0,0,98.3,3,0,0,0,0,0,0,0,0
446,2017-04-24,09:20:18,500,TF1706,CCFX,98.295,98.29,98.39,475,467098300,20722,20558,99.61,97.25,98.429,98.41,0.0,98.39,0.0,0,0,2017-04-24,33618500,98.295,5,0,0,0,0,0,0,0,0,98.3,2,0,0,0,0,0,0,0,0
447,2017-04-24,09:20:19,500,TF1706,CCFX,98.295,98.29,98.39,478,470047150,20724,20558,99.61,97.25,98.429,98.41,0.0,98.39,0.0,0,0,2017-04-24,33619500,98.295,2,0,0,0,0,0,0,0,0,98.3,1,0,0,0,0,0,0,0,0
448,2017-04-24,09:20:20,500,TF1706,CCFX,98.295,98.29,98.39,478,470047150,20724,20558,99.61,97.25,98.429,98.41,0.0,98.39,0.0,0,0,2017-04-24,33620500,98.295,2,0,0,0,0,0,0,0,0,98.3,1,0,0,0,0,0,0,0,0
449,2017-04-24,09:20:21,500,TF1706,CCFX,98.295,98.29,98.39,478,470047150,20724,20558,99.61,97.25,98.429,98.41,0.0,98.39,0.0,0,0,2017-04-24,33621500,98.295,2,0,0,0,0,0,0,0,0,98.3,1,0,0,0,0,0,0,0,0
450,2017-04-24,09:20:23,0,TF1706,CCFX,98.295,98.29,98.39,478,470047150,20724,20558,99.61,97.25,98.429,98.41,0.0,98.39,0.0,0,0,2017-04-24,33623000,98.295,2,0,0,0,0,0,0,0,0,98.3,1,0,0,0,0,0,0,0,0
451,2017-04-24,09:20:23,500,TF1706,CCFX,98.295,98.29,98.39,478,470047150,20724,20558,99.61,97.25,98.429,98.41,0.0,98.39,0.0,0,0,2017-04-24,33623500,98.295,2,0,0,0,0,0,0,0,0,98.3,1,0,0,0,0,0,0,0,0
452,2017-04-24,09:20:24,0,TF1706,CCFX,98.295,98.29,98.39,478,470047150,20724,20558,99.61,97.25,98.429,98.41,0.0,98.39,0.0,0,0,2017-04-24,33624000,98.295,2,0,0,0,0,0,0,0,0,98.3,1,0,0,0,0,0,0,0,0
453,2017-04-24,09:20:25,500,TF1706,CCFX,98.295,98.29,98.39,478,470047150,20724,20558,99.61,97.25,98.429,98.41,0.0,98.39,0.0,0,0,2017-04-24,33625500,98.295,3,0,0,0,0,0,0,0,0,98.3,1,0,0,0,0,0,0,0,0
454,2017-04-24,09:20:26,0,TF1706,CCFX,98.295,98.29,98.39,481,472996000,20727,20558,99.61,97.25,98.429,98.41,0.0,98.39,0.0,0,0,2017-04-24,33626000,98.29,11,0,0,0,0,0,0,0,0,98.295,1,0,0,0,0,0,0,0,0
455,2017-04-24,09:20:26,500,TF1706,CCFX,98.295,98.29,98.39,482,473978950,20727,20558,99.61,97.25,98.429,98.41,0.0,98.39,0.0,0,0,2017-04-24,33626500,98.295,6,0,0,0,0,0,0,0,0,98.3,1,0,0,0,0,0,0,0,0
456,2017-04-24,09:20:27,0,TF1706,CCFX,98.295,98.29,98.39,482,473978950,20727,20558,99.61,97.25,98.429,98.41,0.0,98.39,0.0,0,0,2017-04-24,33627000,98.295,2,0,0,0,0,0,0,0,0,98.3,1,0,0,0,0,0,0,0,0
457,2017-04-24,09:20:27,500,TF1706,CCFX,98.295,98.29,98.39,482,473978950,20727,20558,99.61,97.25,98.429,98.41,0.0,98.39,0.0,0,0,2017-04-24,33627500,98.295,2,0,0,0,0,0,0,0,0,98.3,6,0,0,0,0,0,0,0,0
458,2017-04-24,09:20:28,0,TF1706,CCFX,98.29,98.29,98.39,486,477910650,20727,20558,99.61,97.25,98.429,98.41,0.0,98.39,0.0,0,0,2017-04-24,33628000,98.29,2,0,0,0,0,0,0,0,0,98.295,10,0,0,0,0,0,0,0,0
459,2017-04-24,09:20:28,500,TF1706,CCFX,98.29,98.29,98.39,488,479876450,20725,20558,99.61,97.25,98.429,98.41,0.0,98.39,0.0,0,0,2017-04-24,33628500,98.285,2,0,0,0,0,0,0,0,0,98.29,3,0,0,0,0,0,0,0,0
460,2017-04-24,09:20:29,0,TF1706,CCFX,98.29,98.29,98.39,488,479876450,20725,20558,99.61,97.25,98.429,98.41,0.0,98.39,0.0,0,0,2017-04-24,33629000,98.285,2,0,0,0,0,0,0,0,0,98.29,3,0,0,0,0,0,0,0,0
461,2017-04-24,09:20:29,500,TF1706,CCFX,98.295,98.29,98.39,492,483808100,20724,20558,99.61,97.25,98.429,98.41,0.0,98.39,0.0,0,0,2017-04-24,33629500,98.285,2,0,0,0,0,0,0,0,0,98.295,3,0,0,0,0,0,0,0,0
462,2017-04-24,09:20:30,0,TF1706,CCFX,98.295,98.29,98.39,494,485774000,20725,20558,99.61,97.25,98.429,98.41,0.0,98.39,0.0,0,0,2017-04-24,33630000,98.29,4,0,0,0,0,0,0,0,0,98.3,6,0,0,0,0,0,0,0,0
463,2017-04-24,09:20:30,500,TF1706,CCFX,98.295,98.29,98.39,494,485774000,20725,20558,99.61,97.25,98.429,98.41,0.0,98.39,0.0,0,0,2017-04-24,33630500,98.29,2,0,0,0,0,0,0,0,0,98.3,6,0,0,0,0,0,0,0,0
464,2017-04-24,09:20:31,0,TF1706,CCFX,98.295,98.29,98.39,494,485774000,20725,20558,99.61,97.25,98.429,98.41,0.0,98.39,0.0,0,0,2017-04-24,33631000,98.285,2,0,0,0,0,0,0,0,0,98.295,2,0,0,0,0,0,0,0,0
465,2017-04-24,09:20:31,500,TF1706,CCFX,98.295,98.29,98.39,494,485774000,20725,20558,99.61,97.25,98.429,98.41,0.0,98.39,0.0,0,0,2017-04-24,33631500,98.285,2,0,0,0,0,0,0,0,0,98.295,1,0,0,0,0,0,0,0,0
466,2017-04-24,09:20:32,0,TF1706,CCFX,98.295,98.29,98.39,495,486756950,20725,20558,99.61,97.25,98.429,98.41,0.0,98.39,0.0,0,0,2017-04-24,33632000,98.29,2,0,0,0,0,0,0,0,0,98.3,6,0,0,0,0,0,0,0,0
467,2017-04-24,09:20:32,500,TF1706,CCFX,98.295,98.29,98.39,495,486756950,20725,20558,99.61,97.25,98.429,98.41,0.0,98.39,0.0,0,0,2017-04-24,33632500,98.29,2,0,0,0,0,0,0,0,0,98.295,1,0,0,0,0,0,0,0,0
468,2017-04-24,09:20:33,0,TF1706,CCFX,98.295,98.29,98.39,495,486756950,20725,20558,99.61,97.25,98.429,98.41,0.0,98.39,0.0,0,0,2017-04-24,33633000,98.29,2,0,0,0,0,0,0,0,0,98.295,1,0,0,0,0,0,0,0,0
469,2017-04-24,09:20:33,500,TF1706,CCFX,98.295,98.29,98.39,496,487739900,20725,20558,99.61,97.25,98.429,98.41,0.0,98.39,0.0,0,0,2017-04-24,33633500,98.295,2,0,0,0,0,0,0,0,0,98.3,6,0,0,0,0,0,0,0,0
470,2017-04-24,09:20:34,0,TF1706,CCFX,98.295,98.29,98.39,496,487739900,20725,20558,99.61,97.25,98.429,98.41,0.0,98.39,0.0,0,0,2017-04-24,33634000,98.295,2,0,0,0,0,0,0,0,0,98.3,6,0,0,0,0,0,0,0,0
471,2017-04-24,09:20:35,0,TF1706,CCFX,98.3,98.29,98.39,497,488722900,20725,20558,99.61,97.25,98.429,98.41,0.0,98.39,0.0,0,0,2017-04-24,33635000,98.295,2,0,0,0,0,0,0,0,0,98.3,5,0,0,0,0,0,0,0,0
472,2017-04-24,09:20:35,500,TF1706,CCFX,98.3,98.29,98.39,502,493637900,20728,20558,99.61,97.25,98.429,98.41,0.0,98.39,0.0,0,0,2017-04-24,33635500,98.295,3,0,0,0,0,0,0,0,0,98.305,7,0,0,0,0,0,0,0,0
473,2017-04-24,09:20:36,0,TF1706,CCFX,98.3,98.29,98.39,507,498552900,20728,20558,99.61,97.25,98.429,98.41,0.0,98.39,0.0,0,0,2017-04-24,33636000,98.3,2,0,0,0,0,0,0,0,0,98.305,7,0,0,0,0,0,0,0,0
474,2017-04-24,09:20:36,500,TF1706,CCFX,98.305,98.29,98.39,509,500519000,20730,20558,99.61,97.25,98.429,98.41,0.0,98.39,0.0,0,0,2017-04-24,33636500,98.3,2,0,0,0,0,0,0,0,0,98.305,4,0,0,0,0,0,0,0,0
475,2017-04-24,09:20:37,0,TF1706,CCFX,98.305,98.29,98.39,509,500519000,20730,20558,99.61,97.25,98.429,98.41,0.0,98.39,0.0,0,0,2017-04-24,33637000,98.3,3,0,0,0,0,0,0,0,0,98.305,4,0,0,0,0,0,0,0,0
476,2017-04-24,09:20:37,500,TF1706,CCFX,98.305,98.29,98.39,509,500519000,20730,20558,99.61,97.25,98.429,98.41,0.0,98.39,0.0,0,0,2017-04-24,33637500,98.3,3,0,0,0,0,0,0,0,0,98.305,4,0,0,0,0,0,0,0,0
477,2017-04-24,09:20:41,500,TF1706,CCFX,98.305,98.29,98.39,510,501502050,20730,20558,99.61,97.25,98.429,98.41,0.0,98.39,0.0,0,0,2017-04-24,33641500,98.3,3,0,0,0,0,0,0,0,0,98.305,3,0,0,0,0,0,0,0,0
478,2017-04-24,09:20:42,0,TF1706,CCFX,98.31,98.29,98.39,513,504451250,20730,20558,99.61,97.25,98.429,98.41,0.0,98.39,0.0,0,0,2017-04-24,33642000,98.305,13,0,0,0,0,0,0,0,0,98.315,5,0,0,0,0,0,0,0,0
479,2017-04-24,09:20:42,500,TF1706,CCFX,98.305,98.29,98.39,517,508383650,20731,20558,99.61,97.25,98.429,98.41,0.0,98.39,0.0,0,0,2017-04-24,33642500,98.305,7,0,0,0,0,0,0,0,0,98.315,3,0,0,0,0,0,0,0,0
480,2017-04-24,09:20:43,0,TF1706,CCFX,98.31,98.29,98.39,518,509366750,20730,20558,99.61,97.25,98.429,98.41,0.0,98.39,0.0,0,0,2017-04-24,33643000,98.305,7,0,0,0,0,0,0,0,0,98.315,3,0,0,0,0,0,0,0,0
481,2017-04-24,09:20:43,500,TF1706,CCFX,98.31,98.29,98.39,518,509366750,20730,20558,99.61,97.25,98.429,98.41,0.0,98.39,0.0,0,0,2017-04-24,33643500,98.305,7,0,0,0,0,0,0,0,0,98.315,3,0,0,0,0,0,0,0,0
482,2017-04-24,09:20:44,0,TF1706,CCFX,98.31,98.29,98.39,518,509366750,20730,20558,99.61,97.25,98.429,98.41,0.0,98.39,0.0,0,0,2017-04-24,33644000,98.305,5,0,0,0,0,0,0,0,0,98.315,3,0,0,0,0,0,0,0,0
483,2017-04-24,09:20:46,500,TF1706,CCFX,98.31,98.29,98.39,518,509366750,20730,20558,99.61,97.25,98.429,98.41,0.0,98.39,0.0,0,0,2017-04-24,33646500,98.305,5,0,0,0,0,0,0,0,0,98.315,3,0,0,0,0,0,0,0,0
484,2017-04-24,09:20:47,0,TF1706,CCFX,98.31,98.29,98.39,518,509366750,20730,20558,99.61,97.25,98.429,98.41,0.0,98.39,0.0,0,0,2017-04-24,33647000,98.305,5,0,0,0,0,0,0,0,0,98.315,4,0,0,0,0,0,0,0,0
485,2017-04-24,09:20:47,500,TF1706,CCFX,98.31,98.29,98.39,518,509366750,20730,20558,99.61,97.25,98.429,98.41,0.0,98.39,0.0,0,0,2017-04-24,33647500,98.305,5,0,0,0,0,0,0,0,0,98.315,4,0,0,0,0,0,0,0,0
486,2017-04-24,09:20:50,0,TF1706,CCFX,98.31,98.29,98.39,518,509366750,20730,20558,99.61,97.25,98.429,98.41,0.0,98.39,0.0,0,0,2017-04-24,33650000,98.305,7,0,0,0,0,0,0,0,0,98.315,4,0,0,0,0,0,0,0,0
487,2017-04-24,09:20:50,500,TF1706,CCFX,98.31,98.29,98.39,518,509366750,20730,20558,99.61,97.25,98.429,98.41,0.0,98.39,0.0,0,0,2017-04-24,33650500,98.305,7,0,0,0,0,0,0,0,0,98.315,4,0,0,0,0,0,0,0,0
488,2017-04-24,09:20:51,0,TF1706,CCFX,98.31,98.29,98.39,518,509366750,20730,20558,99.61,97.25,98.429,98.41,0.0,98.39,0.0,0,0,2017-04-24,33651000,98.305,7,0,0,0,0,0,0,0,0,98.315,4,0,0,0,0,0,0,0,0
489,2017-04-24,09:20:51,500,TF1706,CCFX,98.31,98.29,98.39,518,509366750,20730,20558,99.61,97.25,98.429,98.41,0.0,98.39,0.0,0,0,2017-04-24,33651500,98.305,5,0,0,0,0,0,0,0,0,98.315,4,0,0,0,0,0,0,0,0
490,2017-04-24,09:20:52,0,TF1706,CCFX,98.31,98.29,98.39,518,509366750,20730,20558,99.61,97.25,98.429,98.41,0.0,98.39,0.0,0,0,2017-04-24,33652000,98.305,4,0,0,0,0,0,0,0,0,98.315,4,0,0,0,0,0,0,0,0
491,2017-04-24,09:20:52,500,TF1706,CCFX,98.31,98.29,98.39,518,509366750,20730,20558,99.61,97.25,98.429,98.41,0.0,98.39,0.0,0,0,2017-04-24,33652500,98.305,4,0,0,0,0,0,0,0,0,98.315,4,0,0,0,0,0,0,0,0
492,2017-04-24,09:20:54,0,TF1706,CCFX,98.31,98.29,98.39,518,509366750,20730,20558,99.61,97.25,98.429,98.41,0.0,98.39,0.0,0,0,2017-04-24,33654000,98.305,4,0,0,0,0,0,0,0,0,98.315,2,0,0,0,0,0,0,0,0
493,2017-04-24,09:20:54,500,TF1706,CCFX,98.3,98.29,98.39,523,514281950,20732,20558,99.61,97.25,98.429,98.41,0.0,98.39,0.0,0,0,2017-04-24,33654500,98.295,5,0,0,0,0,0,0,0,0,98.3,45,0,0,0,0,0,0,0,0
494,2017-04-24,09:20:55,0,TF1706,CCFX,98.3,98.29,98.39,543,533941950,20743,20558,99.61,97.25,98.429,98.41,0.0,98.39,0.0,0,0,2017-04-24,33655000,98.295,20,0,0,0,0,0,0,0,0,98.3,25,0,0,0,0,0,0,0,0
495,2017-04-24,09:20:55,500,TF1706,CCFX,98.3,98.29,98.39,564,554584950,20764,20558,99.61,97.25,98.429,98.41,0.0,98.39,0.0,0,0,2017-04-24,33655500,98.295,16,0,0,0,0,0,0,0,0,98.3,4,0,0,0,0,0,0,0,0
496,2017-04-24,09:20:56,0,TF1706,CCFX,98.3,98.29,98.39,568,558516950,20768,20558,99.61,97.25,98.429,98.41,0.0,98.39,0.0,0,0,2017-04-24,33656000,98.3,6,0,0,0,0,0,0,0,0,98.315,2,0,0,0,0,0,0,0,0
497,2017-04-24,09:20:56,500,TF1706,CCFX,98.3,98.29,98.39,568,558516950,20768,20558,99.61,97.25,98.429,98.41,0.0,98.39,0.0,0,0,2017-04-24,33656500,98.295,23,0,0,0,0,0,0,0,0,98.31,2,0,0,0,0,0,0,0,0
498,2017-04-24,09:20:57,0,TF1706,CCFX,98.3,98.29,98.39,568,558516950,20768,20558,99.61,97.25,98.429,98.41,0.0,98.39,0.0,0,0,2017-04-24,33657000,98.3,1,0,0,0,0,0,0,0,0,98.305,2,0,0,0,0,0,0,0,0
499,2017-04-24,09:20:57,500,TF1706,CCFX,98.3,98.29,98.39,568,558516950,20768,20558,99.61,97.25,98.429,98.41,0.0,98.39,0.0,0,0,2017-04-24,33657500,98.3,1,0,0,0,0,0,0,0,0,98.305,2,0,0,0,0,0,0,0,0
500,2017-04-24,09:20:58,0,TF1706,CCFX,98.3,98.29,98.39,568,558516950,20768,20558,99.61,97.25,98.429,98.41,0.0,98.39,0.0,0,0,2017-04-24,33658000,98.295,23,0,0,0,0,0,0,0,0,98.305,2,0,0,0,0,0,0,0,0
501,2017-04-24,09:20:58,500,TF1706,CCFX,98.295,98.29,98.39,570,560482850,20769,20558,99.61,97.25,98.429,98.41,0.0,98.39,0.0,0,0,2017-04-24,33658500,98.295,21,0,0,0,0,0,0,0,0,98.305,2,0,0,0,0,0,0,0,0
502,2017-04-24,09:21:00,500,TF1706,CCFX,98.31,98.29,98.39,573,563432050,20769,20558,99.61,97.25,98.429,98.41,0.0,98.39,0.0,0,0,2017-04-24,33660500,98.31,1,0,0,0,0,0,0,0,0,98.315,4,0,0,0,0,0,0,0,0
503,2017-04-24,09:21:01,0,TF1706,CCFX,98.31,98.29,98.39,578,568347550,20769,20558,99.61,97.25,98.429,98.41,0.0,98.39,0.0,0,0,2017-04-24,33661000,98.305,5,0,0,0,0,0,0,0,0,98.31,24,0,0,0,0,0,0,0,0
504,2017-04-24,09:21:01,500,TF1706,CCFX,98.305,98.29,98.39,583,573262800,20770,20558,99.61,97.25,98.429,98.41,0.0,98.39,0.0,0,0,2017-04-24,33661500,98.295,17,0,0,0,0,0,0,0,0,98.305,6,0,0,0,0,0,0,0,0
505,2017-04-24,09:21:02,0,TF1706,CCFX,98.305,98.29,98.39,583,573262800,20770,20558,99.61,97.25,98.429,98.41,0.0,98.39,0.0,0,0,2017-04-24,33662000,98.295,10,0,0,0,0,0,0,0,0,98.305,4,0,0,0,0,0,0,0,0
506,2017-04-24,09:21:02,500,TF1706,CCFX,98.305,98.29,98.39,583,573262800,20770,20558,99.61,97.25,98.429,98.41,0.0,98.39,0.0,0,0,2017-04-24,33662500,98.295,10,0,0,0,0,0,0,0,0,98.305,4,0,0,0,0,0,0,0,0
507,2017-04-24,09:21:03,0,TF1706,CCFX,98.305,98.29,98.39,583,573262800,20770,20558,99.61,97.25,98.429,98.41,0.0,98.39,0.0,0,0,2017-04-24,33663000,98.295,10,0,0,0,0,0,0,0,0,98.305,5,0,0,0,0,0,0,0,0
508,2017-04-24,09:21:03,500,TF1706,CCFX,98.305,98.29,98.39,584,574245850,20769,20558,99.61,97.25,98.429,98.41,0.0,98.39,0.0,0,0,2017-04-24,33663500,98.295,17,0,0,0,0,0,0,0,0,98.305,4,0,0,0,0,0,0,0,0
509,2017-04-24,09:21:04,0,TF1706,CCFX,98.305,98.29,98.39,584,574245850,20769,20558,99.61,97.25,98.429,98.41,0.0,98.39,0.0,0,0,2017-04-24,33664000,98.3,2,0,0,0,0,0,0,0,0,98.305,4,0,0,0,0,0,0,0,0
