,dataDate,dataTime,dataMillisec,instrumentID,exchangeCD,lastPrice,lowPrice,highPrice,volume,value,openInterest,preOpenInterest,upperLimitPrice,lowerLimitPrice,preSettlementPrice,prevClosePrice,settlementPrice,openPrice,closePrice,preDelta,currDelta,clearingDay,milliSecOffset,bidPrice1,bidVolume1,bidPrice2,bidVolume2,bidPrice3,bidVolume3,bidPrice4,bidVolume4,bidPrice5,bidVolume5,askPrice1,askVolume1,askPrice2,askVolume2,askPrice3,askVolume3,askPrice4,askVolume4,askPrice5,askVolume5
0,2017-04-24,08:59:00,708,v1709,XDCE,5640,5640,5640,434,12238800,145824,145532,5965,5405,5685,5660,0,5640,0,0,0,2017-04-24,32340708,5640,51,0,0,0,0,0,0,0,0,5645,32,0,0,0,0,0,0,0,0
1,2017-04-24,09:00:01,202,v1709,XDCE,5650,5640,5650,752,21211550,145852,145532,5965,5405,5685,5660,0,5640,0,0,0,2017-04-24,32401202,5645,31,0,0,0,0,0,0,0,0,5650,31,0,0,0,0,0,0,0,0
2,2017-04-24,09:00:01,686,v1709,XDCE,5645,5640,5650,890,25108300,145876,145532,5965,5405,5685,5660,0,5640,0,0,0,2017-04-24,32401686,5645,3,0,0,0,0,0,0,0,0,5650,5,0,0,0,0,0,0,0,0
3,2017-04-24,09:00:02,200,v1709,XDCE,5650,5640,5650,998,28158600,145890,145532,5965,5405,5685,5660,0,5640,0,0,0,2017-04-24,32402200,5645,3,0,0,0,0,0,0,0,0,5650,8,0,0,0,0,0,0,0,0
4,2017-04-24,09:00:02,698,v1709,XDCE,5650,5640,5650,1052,29683250,145878,145532,5965,5405,5685,5660,0,5640,0,0,0,2017-04-24,32402698,5645,6,0,0,0,0,0,0,0,0,5650,23,0,0,0,0,0,0,0,0
5,2017-04-24,09:00:03,190,v1709,XDCE,5645,5635,5650,1218,34365650,145850,145532,5965,5405,5685,5660,0,5640,0,0,0,2017-04-24,32403190,5640,12,0,0,0,0,0,0,0,0,5645,1,0,0,0,0,0,0,0,0
6,2017-04-24,09:00:03,686,v1709,XDCE,5645,5635,5655,1274,35947800,145860,145532,5965,5405,5685,5660,0,5640,0,0,0,2017-04-24,32403686,5645,2,0,0,0,0,0,0,0,0,5650,2,0,0,0,0,0,0,0,0
7,2017-04-24,09:00:04,192,v1709,XDCE,5650,5635,5655,1294,36512450,145854,145532,5965,5405,5685,5660,0,5640,0,0,0,2017-04-24,32404192,5645,4,0,0,0,0,0,0,0,0,5650,11,0,0,0,0,0,0,0,0
8,2017-04-24,09:00:04,687,v1709,XDCE,5650,5635,5655,1318,37189900,145878,145532,5965,5405,5685,5660,0,5640,0,0,0,2017-04-24,32404687,5645,1,0,0,0,0,0,0,0,0,5650,10,0,0,0,0,0,0,0,0
9,2017-04-24,09:00:05,171,v1709,XDCE,5650,5635,5655,1346,37980850,145880,145532,5965,5405,5685,5660,0,5640,0,0,0,2017-04-24,32405171,5645,6,0,0,0,0,0,0,0,0,5650,10,0,0,0,0,0,0,0,0
10,2017-04-24,09:00:05,697,v1709,XDCE,5655,5635,5655,1454,41033250,145824,145532,5965,5405,5685,5660,0,5640,0,0,0,2017-04-24,32405697,5650,10,0,0,0,0,0,0,0,0,5655,27,0,0,0,0,0,0,0,0
11,2017-04-24,09:00:06,192,v1709,XDCE,5650,5635,5655,1544,43576000,145850,145532,5965,5405,5685,5660,0,5640,0,0,0,2017-04-24,32406192,5645,3,0,0,0,0,0,0,0,0,5655,27,0,0,0,0,0,0,0,0
12,2017-04-24,09:00:06,692,v1709,XDCE,5650,5635,5655,1556,43914750,145850,145532,5965,5405,5685,5660,0,5640,0,0,0,2017-04-24,32406692,5645,18,0,0,0,0,0,0,0,0,5650,23,0,0,0,0,0,0,0,0
13,2017-04-24,09:00:07,193,v1709,XDCE,5645,5635,5655,1674,47247050,145866,145532,5965,5405,5685,5660,0,5640,0,0,0,2017-04-24,32407193,5640,139,0,0,0,0,0,0,0,0,5655,27,0,0,0,0,0,0,0,0
14,2017-04-24,09:00:07,687,v1709,XDCE,5660,5635,5660,1752,49452200,145900,145532,5965,5405,5685,5660,0,5640,0,0,0,2017-04-24,32407687,5655,64,0,0,0,0,0,0,0,0,5660,22,0,0,0,0,0,0,0,0
15,2017-04-24,09:00:08,183,v1709,XDCE,5655,5635,5660,1762,49735100,145896,145532,5965,5405,5685,5660,0,5640,0,0,0,2017-04-24,32408183,5655,64,0,0,0,0,0,0,0,0,5660,22,0,0,0,0,0,0,0,0
16,2017-04-24,09:00:08,702,v1709,XDCE,5655,5635,5660,1838,51884450,145916,145532,5965,5405,5685,5660,0,5640,0,0,0,2017-04-24,32408702,5655,35,0,0,0,0,0,0,0,0,5660,14,0,0,0,0,0,0,0,0
17,2017-04-24,09:00:09,182,v1709,XDCE,5655,5635,5660,1868,52733000,145930,145532,5965,5405,5685,5660,0,5640,0,0,0,2017-04-24,32409182,5655,26,0,0,0,0,0,0,0,0,5660,13,0,0,0,0,0,0,0,0
18,2017-04-24,09:00:09,684,v1709,XDCE,5655,5635,5660,1868,52733000,145930,145532,5965,5405,5685,5660,0,5640,0,0,0,2017-04-24,32409684,5655,34,0,0,0,0,0,0,0,0,5660,13,0,0,0,0,0,0,0,0
19,2017-04-24,09:00:10,174,v1709,XDCE,5655,5635,5660,1890,53355050,145950,145532,5965,5405,5685,5660,0,5640,0,0,0,2017-04-24,32410174,5655,27,0,0,0,0,0,0,0,0,5660,12,0,0,0,0,0,0,0,0
20,2017-04-24,09:00:10,696,v1709,XDCE,5660,5635,5660,1900,53637850,145958,145532,5965,5405,5685,5660,0,5640,0,0,0,2017-04-24,32410696,5655,28,0,0,0,0,0,0,0,0,5660,15,0,0,0,0,0,0,0,0
21,2017-04-24,09:00:11,196,v1709,XDCE,5650,5635,5660,1968,55560400,146006,145532,5965,5405,5685,5660,0,5640,0,0,0,2017-04-24,32411196,5650,3,0,0,0,0,0,0,0,0,5655,31,0,0,0,0,0,0,0,0
22,2017-04-24,09:00:11,689,v1709,XDCE,5650,5635,5660,2010,56746900,146018,145532,5965,5405,5685,5660,0,5640,0,0,0,2017-04-24,32411689,5645,53,0,0,0,0,0,0,0,0,5650,2,0,0,0,0,0,0,0,0
23,2017-04-24,09:00:12,194,v1709,XDCE,5655,5635,5660,2030,57311950,146022,145532,5965,5405,5685,5660,0,5640,0,0,0,2017-04-24,32412194,5645,44,0,0,0,0,0,0,0,0,5650,4,0,0,0,0,0,0,0,0
24,2017-04-24,09:00:12,687,v1709,XDCE,5650,5635,5660,2046,57763950,146006,145532,5965,5405,5685,5660,0,5640,0,0,0,2017-04-24,32412687,5650,14,0,0,0,0,0,0,0,0,5655,7,0,0,0,0,0,0,0,0
25,2017-04-24,09:00:13,180,v1709,XDCE,5655,5635,5660,2062,58216350,146004,145532,5965,5405,5685,5660,0,5640,0,0,0,2017-04-24,32413180,5650,20,0,0,0,0,0,0,0,0,5660,20,0,0,0,0,0,0,0,0
26,2017-04-24,09:00:13,667,v1709,XDCE,5650,5635,5660,2096,59177350,146014,145532,5965,5405,5685,5660,0,5640,0,0,0,2017-04-24,32413667,5650,14,0,0,0,0,0,0,0,0,5655,18,0,0,0,0,0,0,0,0
27,2017-04-24,09:00:14,199,v1709,XDCE,5650,5635,5660,2096,59177350,146014,145532,5965,5405,5685,5660,0,5640,0,0,0,2017-04-24,32414199,5650,15,0,0,0,0,0,0,0,0,5655,18,0,0,0,0,0,0,0,0
28,2017-04-24,09:00:14,678,v1709,XDCE,5650,5635,5660,2096,59177350,146014,145532,5965,5405,5685,5660,0,5640,0,0,0,2017-04-24,32414678,5650,16,0,0,0,0,0,0,0,0,5655,18,0,0,0,0,0,0,0,0
29,2017-04-24,09:00:15,202,v1709,XDCE,5650,5635,5660,2202,62172850,146020,145532,5965,5405,5685,5660,0,5640,0,0,0,2017-04-24,32415202,5650,19,0,0,0,0,0,0,0,0,5660,29,0,0,0,0,0,0,0,0
30,2017-04-24,09:00:15,683,v1709,XDCE,5655,5635,5660,2214,62512000,146028,145532,5965,5405,5685,5660,0,5640,0,0,0,2017-04-24,32415683,5650,19,0,0,0,0,0,0,0,0,5655,2,0,0,0,0,0,0,0,0
31,2017-04-24,09:00:16,170,v1709,XDCE,5655,5635,5660,2234,63077350,146026,145532,5965,5405,5685,5660,0,5640,0,0,0,2017-04-24,32416170,5650,10,0,0,0,0,0,0,0,0,5660,38,0,0,0,0,0,0,0,0
32,2017-04-24,09:00:16,690,v1709,XDCE,5655,5635,5660,2240,63247000,146026,145532,5965,5405,5685,5660,0,5640,0,0,0,2017-04-24,32416690,5650,17,0,0,0,0,0,0,0,0,5655,1,0,0,0,0,0,0,0,0
33,2017-04-24,09:00:17,199,v1709,XDCE,5655,5635,5660,2284,64490250,146062,145532,5965,5405,5685,5660,0,5640,0,0,0,2017-04-24,32417199,5650,8,0,0,0,0,0,0,0,0,5660,64,0,0,0,0,0,0,0,0
34,2017-04-24,09:00:17,685,v1709,XDCE,5655,5635,5660,2296,64829550,146062,145532,5965,5405,5685,5660,0,5640,0,0,0,2017-04-24,32417685,5650,22,0,0,0,0,0,0,0,0,5660,64,0,0,0,0,0,0,0,0
35,2017-04-24,09:00:18,201,v1709,XDCE,5655,5635,5660,2306,65112250,146066,145532,5965,5405,5685,5660,0,5640,0,0,0,2017-04-24,32418201,5650,31,0,0,0,0,0,0,0,0,5660,64,0,0,0,0,0,0,0,0
36,2017-04-24,09:00:18,697,v1709,XDCE,5655,5635,5660,2306,65112250,146066,145532,5965,5405,5685,5660,0,5640,0,0,0,2017-04-24,32418697,5650,18,0,0,0,0,0,0,0,0,5660,64,0,0,0,0,0,0,0,0
37,2017-04-24,09:00:19,201,v1709,XDCE,5650,5635,5660,2314,65338250,146066,145532,5965,5405,5685,5660,0,5640,0,0,0,2017-04-24,32419201,5650,16,0,0,0,0,0,0,0,0,5660,60,0,0,0,0,0,0,0,0
38,2017-04-24,09:00:19,681,v1709,XDCE,5655,5635,5660,2316,65394800,146066,145532,5965,5405,5685,5660,0,5640,0,0,0,2017-04-24,32419681,5650,17,0,0,0,0,0,0,0,0,5660,64,0,0,0,0,0,0,0,0
39,2017-04-24,09:00:20,195,v1709,XDCE,5655,5635,5660,2322,65564450,146066,145532,5965,5405,5685,5660,0,5640,0,0,0,2017-04-24,32420195,5650,17,0,0,0,0,0,0,0,0,5660,65,0,0,0,0,0,0,0,0
40,2017-04-24,09:00:20,675,v1709,XDCE,5655,5635,5660,2338,66017100,146066,145532,5965,5405,5685,5660,0,5640,0,0,0,2017-04-24,32420675,5650,20,0,0,0,0,0,0,0,0,5660,64,0,0,0,0,0,0,0,0
41,2017-04-24,09:00:21,187,v1709,XDCE,5660,5635,5660,2438,68847100,146122,145532,5965,5405,5685,5660,0,5640,0,0,0,2017-04-24,32421187,5655,5,0,0,0,0,0,0,0,0,5660,33,0,0,0,0,0,0,0,0
42,2017-04-24,09:00:21,671,v1709,XDCE,5655,5635,5660,2458,69412600,146128,145532,5965,5405,5685,5660,0,5640,0,0,0,2017-04-24,32421671,5650,22,0,0,0,0,0,0,0,0,5655,21,0,0,0,0,0,0,0,0
43,2017-04-24,09:00:22,160,v1709,XDCE,5655,5635,5660,2484,70147250,146132,145532,5965,5405,5685,5660,0,5640,0,0,0,2017-04-24,32422160,5650,15,0,0,0,0,0,0,0,0,5655,25,0,0,0,0,0,0,0,0
44,2017-04-24,09:00:22,699,v1709,XDCE,5655,5635,5660,2484,70147250,146132,145532,5965,5405,5685,5660,0,5640,0,0,0,2017-04-24,32422699,5650,15,0,0,0,0,0,0,0,0,5655,26,0,0,0,0,0,0,0,0
45,2017-04-24,09:00:23,197,v1709,XDCE,5650,5635,5660,2496,70486250,146136,145532,5965,5405,5685,5660,0,5640,0,0,0,2017-04-24,32423197,5650,9,0,0,0,0,0,0,0,0,5655,31,0,0,0,0,0,0,0,0
46,2017-04-24,09:00:23,688,v1709,XDCE,5655,5635,5660,2506,70769000,146138,145532,5965,5405,5685,5660,0,5640,0,0,0,2017-04-24,32423688,5650,19,0,0,0,0,0,0,0,0,5655,28,0,0,0,0,0,0,0,0
47,2017-04-24,09:00:24,82,v1709,XDCE,5655,5635,5660,2506,70769000,146138,145532,5965,5405,5685,5660,0,5640,0,0,0,2017-04-24,32424082,5650,27,0,0,0,0,0,0,0,0,5655,28,0,0,0,0,0,0,0,0
48,2017-04-24,09:00:24,573,v1709,XDCE,5650,5635,5660,2510,70882000,146142,145532,5965,5405,5685,5660,0,5640,0,0,0,2017-04-24,32424573,5650,28,0,0,0,0,0,0,0,0,5655,28,0,0,0,0,0,0,0,0
49,2017-04-24,09:00:25,190,v1709,XDCE,5655,5635,5660,2512,70938550,146142,145532,5965,5405,5685,5660,0,5640,0,0,0,2017-04-24,32425190,5650,38,0,0,0,0,0,0,0,0,5655,27,0,0,0,0,0,0,0,0
50,2017-04-24,09:00:25,689,v1709,XDCE,5655,5635,5660,2512,70938550,146142,145532,5965,5405,5685,5660,0,5640,0,0,0,2017-04-24,32425689,5650,42,0,0,0,0,0,0,0,0,5655,27,0,0,0,0,0,0,0,0
51,2017-04-24,09:00:26,178,v1709,XDCE,5650,5635,5660,2524,71277550,146148,145532,5965,5405,5685,5660,0,5640,0,0,0,2017-04-24,32426178,5650,36,0,0,0,0,0,0,0,0,5655,28,0,0,0,0,0,0,0,0
52,2017-04-24,09:00:26,671,v1709,XDCE,5650,5635,5660,2524,71277550,146148,145532,5965,5405,5685,5660,0,5640,0,0,0,2017-04-24,32426671,5650,48,0,0,0,0,0,0,0,0,5655,28,0,0,0,0,0,0,0,0
53,2017-04-24,09:00:27,670,v1709,XDCE,5655,5635,5660,2526,71334100,146148,145532,5965,5405,5685,5660,0,5640,0,0,0,2017-04-24,32427670,5650,48,0,0,0,0,0,0,0,0,5655,27,0,0,0,0,0,0,0,0
54,2017-04-24,09:00:28,200,v1709,XDCE,5655,5635,5660,2580,72860950,146164,145532,5965,5405,5685,5660,0,5640,0,0,0,2017-04-24,32428200,5655,33,0,0,0,0,0,0,0,0,5660,63,0,0,0,0,0,0,0,0
55,2017-04-24,09:00:28,649,v1709,XDCE,5650,5635,5660,2656,75009800,146214,145532,5965,5405,5685,5660,0,5640,0,0,0,2017-04-24,32428649,5650,41,0,0,0,0,0,0,0,0,5655,38,0,0,0,0,0,0,0,0
56,2017-04-24,09:00:29,191,v1709,XDCE,5655,5635,5660,2686,75858050,146244,145532,5965,5405,5685,5660,0,5640,0,0,0,2017-04-24,32429191,5650,42,0,0,0,0,0,0,0,0,5655,28,0,0,0,0,0,0,0,0
57,2017-04-24,09:00:29,666,v1709,XDCE,5650,5635,5660,2690,75971050,146244,145532,5965,5405,5685,5660,0,5640,0,0,0,2017-04-24,32429666,5650,44,0,0,0,0,0,0,0,0,5655,28,0,0,0,0,0,0,0,0
58,2017-04-24,09:00:30,200,v1709,XDCE,5650,5635,5660,2694,76084100,146244,145532,5965,5405,5685,5660,0,5640,0,0,0,2017-04-24,32430200,5650,43,0,0,0,0,0,0,0,0,5655,27,0,0,0,0,0,0,0,0
59,2017-04-24,09:00:30,683,v1709,XDCE,5650,5635,5660,2696,76140600,146244,145532,5965,5405,5685,5660,0,5640,0,0,0,2017-04-24,32430683,5650,43,0,0,0,0,0,0,0,0,5655,27,0,0,0,0,0,0,0,0
60,2017-04-24,09:00:31,182,v1709,XDCE,5650,5635,5660,2696,76140600,146244,145532,5965,5405,5685,5660,0,5640,0,0,0,2017-04-24,32431182,5650,52,0,0,0,0,0,0,0,0,5655,27,0,0,0,0,0,0,0,0
61,2017-04-24,09:00:31,666,v1709,XDCE,5650,5635,5660,2704,76366750,146244,145532,5965,5405,5685,5660,0,5640,0,0,0,2017-04-24,32431666,5650,64,0,0,0,0,0,0,0,0,5655,24,0,0,0,0,0,0,0,0
62,2017-04-24,09:00:32,164,v1709,XDCE,5650,5635,5660,2704,76366750,146244,145532,5965,5405,5685,5660,0,5640,0,0,0,2017-04-24,32432164,5650,65,0,0,0,0,0,0,0,0,5655,24,0,0,0,0,0,0,0,0
63,2017-04-24,09:00:33,152,v1709,XDCE,5650,5635,5660,2706,76423250,146244,145532,5965,5405,5685,5660,0,5640,0,0,0,2017-04-24,32433152,5650,64,0,0,0,0,0,0,0,0,5655,24,0,0,0,0,0,0,0,0
64,2017-04-24,09:00:33,664,v1709,XDCE,5655,5635,5660,2712,76592900,146244,145532,5965,5405,5685,5660,0,5640,0,0,0,2017-04-24,32433664,5650,66,0,0,0,0,0,0,0,0,5655,21,0,0,0,0,0,0,0,0
65,2017-04-24,09:00:34,173,v1709,XDCE,5655,5635,5660,2714,76649450,146244,145532,5965,5405,5685,5660,0,5640,0,0,0,2017-04-24,32434173,5650,66,0,0,0,0,0,0,0,0,5655,20,0,0,0,0,0,0,0,0
66,2017-04-24,09:00:34,678,v1709,XDCE,5655,5635,5660,2762,78006450,146272,145532,5965,5405,5685,5660,0,5640,0,0,0,2017-04-24,32434678,5655,20,0,0,0,0,0,0,0,0,5660,64,0,0,0,0,0,0,0,0
67,2017-04-24,09:00:35,129,v1709,XDCE,5655,5635,5660,2802,79137450,146312,145532,5965,5405,5685,5660,0,5640,0,0,0,2017-04-24,32435129,5655,10,0,0,0,0,0,0,0,0,5660,46,0,0,0,0,0,0,0,0
68,2017-04-24,09:00:35,677,v1709,XDCE,5655,5635,5660,2802,79137450,146312,145532,5965,5405,5685,5660,0,5640,0,0,0,2017-04-24,32435677,5655,17,0,0,0,0,0,0,0,0,5660,46,0,0,0,0,0,0,0,0
69,2017-04-24,09:00:36,670,v1709,XDCE,5655,5635,5660,2802,79137450,146312,145532,5965,5405,5685,5660,0,5640,0,0,0,2017-04-24,32436670,5655,17,0,0,0,0,0,0,0,0,5660,47,0,0,0,0,0,0,0,0
70,2017-04-24,09:00:37,188,v1709,XDCE,5655,5635,5660,2802,79137450,146312,145532,5965,5405,5685,5660,0,5640,0,0,0,2017-04-24,32437188,5655,18,0,0,0,0,0,0,0,0,5660,47,0,0,0,0,0,0,0,0
71,2017-04-24,09:00:37,684,v1709,XDCE,5655,5635,5660,2804,79194000,146312,145532,5965,5405,5685,5660,0,5640,0,0,0,2017-04-24,32437684,5655,17,0,0,0,0,0,0,0,0,5660,47,0,0,0,0,0,0,0,0
72,2017-04-24,09:00:38,140,v1709,XDCE,5655,5635,5660,2804,79194000,146312,145532,5965,5405,5685,5660,0,5640,0,0,0,2017-04-24,32438140,5655,23,0,0,0,0,0,0,0,0,5660,47,0,0,0,0,0,0,0,0
73,2017-04-24,09:00:38,661,v1709,XDCE,5655,5635,5660,2828,79872600,146324,145532,5965,5405,5685,5660,0,5640,0,0,0,2017-04-24,32438661,5655,14,0,0,0,0,0,0,0,0,5660,47,0,0,0,0,0,0,0,0
74,2017-04-24,09:00:39,174,v1709,XDCE,5655,5635,5660,2832,79985750,146324,145532,5965,5405,5685,5660,0,5640,0,0,0,2017-04-24,32439174,5655,13,0,0,0,0,0,0,0,0,5660,46,0,0,0,0,0,0,0,0
75,2017-04-24,09:00:39,656,v1709,XDCE,5655,5635,5660,2838,80155450,146322,145532,5965,5405,5685,5660,0,5640,0,0,0,2017-04-24,32439656,5655,11,0,0,0,0,0,0,0,0,5660,46,0,0,0,0,0,0,0,0
76,2017-04-24,09:00:40,157,v1709,XDCE,5655,5635,5660,2838,80155450,146322,145532,5965,5405,5685,5660,0,5640,0,0,0,2017-04-24,32440157,5655,12,0,0,0,0,0,0,0,0,5660,46,0,0,0,0,0,0,0,0
77,2017-04-24,09:00:40,672,v1709,XDCE,5655,5635,5660,2838,80155450,146322,145532,5965,5405,5685,5660,0,5640,0,0,0,2017-04-24,32440672,5655,13,0,0,0,0,0,0,0,0,5660,46,0,0,0,0,0,0,0,0
78,2017-04-24,09:00:41,187,v1709,XDCE,5655,5635,5660,2858,80720950,146336,145532,5965,5405,5685,5660,0,5640,0,0,0,2017-04-24,32441187,5650,101,0,0,0,0,0,0,0,0,5660,46,0,0,0,0,0,0,0,0
79,2017-04-24,09:00:41,692,v1709,XDCE,5655,5635,5660,2888,81569850,146338,145532,5965,5405,5685,5660,0,5640,0,0,0,2017-04-24,32441692,5655,93,0,0,0,0,0,0,0,0,5660,34,0,0,0,0,0,0,0,0
80,2017-04-24,09:00:42,177,v1709,XDCE,5655,5635,5660,2890,81626400,146338,145532,5965,5405,5685,5660,0,5640,0,0,0,2017-04-24,32442177,5655,92,0,0,0,0,0,0,0,0,5660,34,0,0,0,0,0,0,0,0
81,2017-04-24,09:00:42,695,v1709,XDCE,5660,5635,5660,2894,81739600,146336,145532,5965,5405,5685,5660,0,5640,0,0,0,2017-04-24,32442695,5655,97,0,0,0,0,0,0,0,0,5660,32,0,0,0,0,0,0,0,0
82,2017-04-24,09:00:43,192,v1709,XDCE,5660,5635,5660,2928,82701800,146338,145532,5965,5405,5685,5660,0,5640,0,0,0,2017-04-24,32443192,5655,97,0,0,0,0,0,0,0,0,5660,35,0,0,0,0,0,0,0,0
83,2017-04-24,09:00:43,701,v1709,XDCE,5660,5635,5660,2998,84682800,146344,145532,5965,5405,5685,5660,0,5640,0,0,0,2017-04-24,32443701,5660,13,0,0,0,0,0,0,0,0,5665,29,0,0,0,0,0,0,0,0
84,2017-04-24,09:00:44,97,v1709,XDCE,5660,5635,5665,3014,85135650,146360,145532,5965,5405,5685,5660,0,5640,0,0,0,2017-04-24,32444097,5660,9,0,0,0,0,0,0,0,0,5665,29,0,0,0,0,0,0,0,0
85,2017-04-24,09:00:44,622,v1709,XDCE,5660,5635,5665,3014,85135650,146360,145532,5965,5405,5685,5660,0,5640,0,0,0,2017-04-24,32444622,5660,16,0,0,0,0,0,0,0,0,5665,29,0,0,0,0,0,0,0,0
86,2017-04-24,09:00:45,191,v1709,XDCE,5660,5635,5665,3026,85475250,146370,145532,5965,5405,5685,5660,0,5640,0,0,0,2017-04-24,32445191,5660,13,0,0,0,0,0,0,0,0,5665,29,0,0,0,0,0,0,0,0
87,2017-04-24,09:00:46,179,v1709,XDCE,5660,5635,5665,3038,85814900,146374,145532,5965,5405,5685,5660,0,5640,0,0,0,2017-04-24,32446179,5660,11,0,0,0,0,0,0,0,0,5665,27,0,0,0,0,0,0,0,0
88,2017-04-24,09:00:46,648,v1709,XDCE,5660,5635,5665,3038,85814900,146374,145532,5965,5405,5685,5660,0,5640,0,0,0,2017-04-24,32446648,5660,24,0,0,0,0,0,0,0,0,5665,27,0,0,0,0,0,0,0,0
89,2017-04-24,09:00:47,197,v1709,XDCE,5660,5635,5665,3058,86380900,146390,145532,5965,5405,5685,5660,0,5640,0,0,0,2017-04-24,32447197,5660,16,0,0,0,0,0,0,0,0,5665,27,0,0,0,0,0,0,0,0
90,2017-04-24,09:00:47,586,v1709,XDCE,5660,5635,5665,3062,86494100,146392,145532,5965,5405,5685,5660,0,5640,0,0,0,2017-04-24,32447586,5660,30,0,0,0,0,0,0,0,0,5665,27,0,0,0,0,0,0,0,0
91,2017-04-24,09:00:48,164,v1709,XDCE,5660,5635,5665,3064,86550700,146392,145532,5965,5405,5685,5660,0,5640,0,0,0,2017-04-24,32448164,5660,29,0,0,0,0,0,0,0,0,5665,27,0,0,0,0,0,0,0,0
92,2017-04-24,09:00:49,191,v1709,XDCE,5665,5635,5665,3068,86664000,146392,145532,5965,5405,5685,5660,0,5640,0,0,0,2017-04-24,32449191,5660,31,0,0,0,0,0,0,0,0,5665,25,0,0,0,0,0,0,0,0
93,2017-04-24,09:00:49,615,v1709,XDCE,5660,5635,5665,3074,86833800,146398,145532,5965,5405,5685,5660,0,5640,0,0,0,2017-04-24,32449615,5660,28,0,0,0,0,0,0,0,0,5665,31,0,0,0,0,0,0,0,0
94,2017-04-24,09:00:50,671,v1709,XDCE,5665,5635,5665,3150,88986300,146432,145532,5965,5405,5685,5660,0,5640,0,0,0,2017-04-24,32450671,5660,24,0,0,0,0,0,0,0,0,5670,53,0,0,0,0,0,0,0,0
95,2017-04-24,09:00:51,166,v1709,XDCE,5660,5635,5665,3154,89099500,146436,145532,5965,5405,5685,5660,0,5640,0,0,0,2017-04-24,32451166,5660,24,0,0,0,0,0,0,0,0,5670,44,0,0,0,0,0,0,0,0
96,2017-04-24,09:00:51,670,v1709,XDCE,5665,5635,5665,3178,89779300,146428,145532,5965,5405,5685,5660,0,5640,0,0,0,2017-04-24,32451670,5660,24,0,0,0,0,0,0,0,0,5665,19,0,0,0,0,0,0,0,0
97,2017-04-24,09:00:52,179,v1709,XDCE,5665,5635,5665,3238,91478750,146426,145532,5965,5405,5685,5660,0,5640,0,0,0,2017-04-24,32452179,5660,49,0,0,0,0,0,0,0,0,5670,48,0,0,0,0,0,0,0,0
98,2017-04-24,09:00:52,667,v1709,XDCE,5665,5635,5665,3238,91478750,146426,145532,5965,5405,5685,5660,0,5640,0,0,0,2017-04-24,32452667,5660,89,0,0,0,0,0,0,0,0,5670,45,0,0,0,0,0,0,0,0
99,2017-04-24,09:00:53,696,v1709,XDCE,5670,5635,5670,3240,91535450,146424,145532,5965,5405,5685,5660,0,5640,0,0,0,2017-04-24,32453696,5660,92,0,0,0,0,0,0,0,0,5670,44,0,0,0,0,0,0,0,0
100,2017-04-24,09:00:54,186,v1709,XDCE,5670,5635,5670,3260,92102300,146432,145532,5965,5405,5685,5660,0,5640,0,0,0,2017-04-24,32454186,5665,1,0,0,0,0,0,0,0,0,5670,39,0,0,0,0,0,0,0,0
101,2017-04-24,09:00:54,701,v1709,XDCE,5665,5635,5670,3276,92555800,146438,145532,5965,5405,5685,5660,0,5640,0,0,0,2017-04-24,32454701,5665,6,0,0,0,0,0,0,0,0,5670,33,0,0,0,0,0,0,0,0
102,2017-04-24,09:00:55,181,v1709,XDCE,5665,5635,5670,3304,93348900,146452,145532,5965,5405,5685,5660,0,5640,0,0,0,2017-04-24,32455181,5665,26,0,0,0,0,0,0,0,0,5670,32,0,0,0,0,0,0,0,0
103,2017-04-24,09:00:55,677,v1709,XDCE,5665,5635,5670,3304,93348900,146452,145532,5965,5405,5685,5660,0,5640,0,0,0,2017-04-24,32455677,5665,23,0,0,0,0,0,0,0,0,5670,34,0,0,0,0,0,0,0,0
104,2017-04-24,09:00:56,168,v1709,XDCE,5665,5635,5670,3316,93688800,146452,145532,5965,5405,5685,5660,0,5640,0,0,0,2017-04-24,32456168,5665,16,0,0,0,0,0,0,0,0,5670,28,0,0,0,0,0,0,0,0
105,2017-04-24,09:00:56,683,v1709,XDCE,5670,5635,5670,3382,95559900,146458,145532,5965,5405,5685,5660,0,5640,0,0,0,2017-04-24,32456683,5670,18,0,0,0,0,0,0,0,0,5675,44,0,0,0,0,0,0,0,0
106,2017-04-24,09:00:57,183,v1709,XDCE,5665,5635,5670,3420,96637150,146492,145532,5965,5405,5685,5660,0,5640,0,0,0,2017-04-24,32457183,5665,19,0,0,0,0,0,0,0,0,5670,36,0,0,0,0,0,0,0,0
107,2017-04-24,09:00:57,674,v1709,XDCE,5670,5635,5670,3422,96693850,146494,145532,5965,5405,5685,5660,0,5640,0,0,0,2017-04-24,32457674,5665,19,0,0,0,0,0,0,0,0,5670,42,0,0,0,0,0,0,0,0
108,2017-04-24,09:00:58,151,v1709,XDCE,5670,5635,5670,3422,96693850,146494,145532,5965,5405,5685,5660,0,5640,0,0,0,2017-04-24,32458151,5665,24,0,0,0,0,0,0,0,0,5670,31,0,0,0,0,0,0,0,0
109,2017-04-24,09:00:58,697,v1709,XDCE,5665,5635,5670,3430,96920600,146500,145532,5965,5405,5685,5660,0,5640,0,0,0,2017-04-24,32458697,5665,23,0,0,0,0,0,0,0,0,5670,27,0,0,0,0,0,0,0,0
110,2017-04-24,09:00:59,199,v1709,XDCE,5665,5635,5670,3430,96920600,146500,145532,5965,5405,5685,5660,0,5640,0,0,0,2017-04-24,32459199,5665,23,0,0,0,0,0,0,0,0,5670,24,0,0,0,0,0,0,0,0
111,2017-04-24,09:00:59,683,v1709,XDCE,5665,5635,5670,3436,97090550,146500,145532,5965,5405,5685,5660,0,5640,0,0,0,2017-04-24,32459683,5665,23,0,0,0,0,0,0,0,0,5670,33,0,0,0,0,0,0,0,0
112,2017-04-24,09:01:00,166,v1709,XDCE,5670,5635,5670,3442,97260650,146504,145532,5965,5405,5685,5660,0,5640,0,0,0,2017-04-24,32460166,5665,23,0,0,0,0,0,0,0,0,5670,31,0,0,0,0,0,0,0,0
113,2017-04-24,09:01:00,676,v1709,XDCE,5665,5635,5670,3448,97430600,146504,145532,5965,5405,5685,5660,0,5640,0,0,0,2017-04-24,32460676,5665,20,0,0,0,0,0,0,0,0,5670,33,0,0,0,0,0,0,0,0
114,2017-04-24,09:01:01,170,v1709,XDCE,5670,5635,5670,3480,98337800,146490,145532,5965,5405,5685,5660,0,5640,0,0,0,2017-04-24,32461170,5665,134,0,0,0,0,0,0,0,0,5670,17,0,0,0,0,0,0,0,0
115,2017-04-24,09:01:01,664,v1709,XDCE,5670,5635,5670,3516,99358400,146522,145532,5965,5405,5685,5660,0,5640,0,0,0,2017-04-24,32461664,5670,14,0,0,0,0,0,0,0,0,5675,57,0,0,0,0,0,0,0,0
116,2017-04-24,09:01:02,196,v1709,XDCE,5665,5635,5670,3560,100605650,146538,145532,5965,5405,5685,5660,0,5640,0,0,0,2017-04-24,32462196,5665,130,0,0,0,0,0,0,0,0,5670,23,0,0,0,0,0,0,0,0
117,2017-04-24,09:01:02,677,v1709,XDCE,5670,5635,5670,3572,100945850,146528,145532,5965,5405,5685,5660,0,5640,0,0,0,2017-04-24,32462677,5665,113,0,0,0,0,0,0,0,0,5670,162,0,0,0,0,0,0,0,0
118,2017-04-24,09:01:03,115,v1709,XDCE,5670,5635,5670,3572,100945850,146528,145532,5965,5405,5685,5660,0,5640,0,0,0,2017-04-24,32463115,5665,113,0,0,0,0,0,0,0,0,5670,171,0,0,0,0,0,0,0,0
119,2017-04-24,09:01:03,669,v1709,XDCE,5665,5635,5670,3574,101002500,146528,145532,5965,5405,5685,5660,0,5640,0,0,0,2017-04-24,32463669,5665,112,0,0,0,0,0,0,0,0,5670,173,0,0,0,0,0,0,0,0
120,2017-04-24,09:01:04,157,v1709,XDCE,5665,5635,5670,3574,101002500,146528,145532,5965,5405,5685,5660,0,5640,0,0,0,2017-04-24,32464157,5665,117,0,0,0,0,0,0,0,0,5670,63,0,0,0,0,0,0,0,0
121,2017-04-24,09:01:04,686,v1709,XDCE,5665,5635,5670,3792,107177400,146728,145532,5965,5405,5685,5660,0,5640,0,0,0,2017-04-24,32464686,5660,96,0,0,0,0,0,0,0,0,5665,34,0,0,0,0,0,0,0,0
122,2017-04-24,09:01:05,169,v1709,XDCE,5660,5635,5670,3810,107687200,146716,145532,5965,5405,5685,5660,0,5640,0,0,0,2017-04-24,32465169,5660,105,0,0,0,0,0,0,0,0,5665,29,0,0,0,0,0,0,0,0
123,2017-04-24,09:01:05,656,v1709,XDCE,5660,5635,5670,3810,107687200,146716,145532,5965,5405,5685,5660,0,5640,0,0,0,2017-04-24,32465656,5660,105,0,0,0,0,0,0,0,0,5665,36,0,0,0,0,0,0,0,0
124,2017-04-24,09:01:06,190,v1709,XDCE,5660,5635,5670,3810,107687200,146716,145532,5965,5405,5685,5660,0,5640,0,0,0,2017-04-24,32466190,5660,105,0,0,0,0,0,0,0,0,5665,37,0,0,0,0,0,0,0,0
125,2017-04-24,09:01:06,676,v1709,XDCE,5665,5635,5670,3816,107857050,146720,145532,5965,5405,5685,5660,0,5640,0,0,0,2017-04-24,32466676,5660,103,0,0,0,0,0,0,0,0,5665,36,0,0,0,0,0,0,0,0
126,2017-04-24,09:01:07,172,v1709,XDCE,5660,5635,5670,3818,107913650,146722,145532,5965,5405,5685,5660,0,5640,0,0,0,2017-04-24,32467172,5660,102,0,0,0,0,0,0,0,0,5665,37,0,0,0,0,0,0,0,0
127,2017-04-24,09:01:07,655,v1709,XDCE,5660,5635,5670,3822,108026850,146724,145532,5965,5405,5685,5660,0,5640,0,0,0,2017-04-24,32467655,5660,100,0,0,0,0,0,0,0,0,5665,38,0,0,0,0,0,0,0,0
128,2017-04-24,09:01:08,195,v1709,XDCE,5660,5635,5670,3824,108083450,146724,145532,5965,5405,5685,5660,0,5640,0,0,0,2017-04-24,32468195,5660,99,0,0,0,0,0,0,0,0,5665,42,0,0,0,0,0,0,0,0
129,2017-04-24,09:01:08,664,v1709,XDCE,5660,5635,5670,3828,108196650,146726,145532,5965,5405,5685,5660,0,5640,0,0,0,2017-04-24,32468664,5660,97,0,0,0,0,0,0,0,0,5665,42,0,0,0,0,0,0,0,0
130,2017-04-24,09:01:09,192,v1709,XDCE,5665,5635,5670,3832,108309950,146722,145532,5965,5405,5685,5660,0,5640,0,0,0,2017-04-24,32469192,5660,97,0,0,0,0,0,0,0,0,5665,40,0,0,0,0,0,0,0,0
131,2017-04-24,09:01:09,666,v1709,XDCE,5665,5635,5670,3844,108649750,146714,145532,5965,5405,5685,5660,0,5640,0,0,0,2017-04-24,32469666,5660,94,0,0,0,0,0,0,0,0,5665,36,0,0,0,0,0,0,0,0
132,2017-04-24,09:01:10,201,v1709,XDCE,5665,5635,5670,3844,108649750,146714,145532,5965,5405,5685,5660,0,5640,0,0,0,2017-04-24,32470201,5660,95,0,0,0,0,0,0,0,0,5665,37,0,0,0,0,0,0,0,0
133,2017-04-24,09:01:10,697,v1709,XDCE,5665,5635,5670,3844,108649750,146714,145532,5965,5405,5685,5660,0,5640,0,0,0,2017-04-24,32470697,5660,102,0,0,0,0,0,0,0,0,5665,33,0,0,0,0,0,0,0,0
134,2017-04-24,09:01:11,695,v1709,XDCE,5665,5635,5670,3844,108649750,146714,145532,5965,5405,5685,5660,0,5640,0,0,0,2017-04-24,32471695,5660,102,0,0,0,0,0,0,0,0,5665,39,0,0,0,0,0,0,0,0
135,2017-04-24,09:01:12,199,v1709,XDCE,5660,5635,5670,3848,108763000,146712,145532,5965,5405,5685,5660,0,5640,0,0,0,2017-04-24,32472199,5660,102,0,0,0,0,0,0,0,0,5665,42,0,0,0,0,0,0,0,0
136,2017-04-24,09:01:12,671,v1709,XDCE,5660,5635,5670,3848,108763000,146712,145532,5965,5405,5685,5660,0,5640,0,0,0,2017-04-24,32472671,5660,102,0,0,0,0,0,0,0,0,5665,43,0,0,0,0,0,0,0,0
137,2017-04-24,09:01:13,127,v1709,XDCE,5660,5635,5670,3848,108763000,146712,145532,5965,5405,5685,5660,0,5640,0,0,0,2017-04-24,32473127,5660,102,0,0,0,0,0,0,0,0,5665,48,0,0,0,0,0,0,0,0
138,2017-04-24,09:01:14,179,v1709,XDCE,5660,5635,5670,3848,108763000,146712,145532,5965,5405,5685,5660,0,5640,0,0,0,2017-04-24,32474179,5660,107,0,0,0,0,0,0,0,0,5665,58,0,0,0,0,0,0,0,0
139,2017-04-24,09:01:15,166,v1709,XDCE,5665,5635,5670,3854,108932850,146710,145532,5965,5405,5685,5660,0,5640,0,0,0,2017-04-24,32475166,5660,105,0,0,0,0,0,0,0,0,5665,57,0,0,0,0,0,0,0,0
140,2017-04-24,09:01:15,631,v1709,XDCE,5665,5635,5670,3858,109046150,146710,145532,5965,5405,5685,5660,0,5640,0,0,0,2017-04-24,32475631,5660,105,0,0,0,0,0,0,0,0,5665,56,0,0,0,0,0,0,0,0
141,2017-04-24,09:01:16,674,v1709,XDCE,5665,5635,5670,3860,109102800,146708,145532,5965,5405,5685,5660,0,5640,0,0,0,2017-04-24,32476674,5660,105,0,0,0,0,0,0,0,0,5665,55,0,0,0,0,0,0,0,0
142,2017-04-24,09:01:17,164,v1709,XDCE,5665,5635,5670,3860,109102800,146708,145532,5965,5405,5685,5660,0,5640,0,0,0,2017-04-24,32477164,5660,108,0,0,0,0,0,0,0,0,5665,55,0,0,0,0,0,0,0,0
143,2017-04-24,09:01:17,580,v1709,XDCE,5665,5635,5670,3862,109159450,146706,145532,5965,5405,5685,5660,0,5640,0,0,0,2017-04-24,32477580,5660,108,0,0,0,0,0,0,0,0,5665,54,0,0,0,0,0,0,0,0
144,2017-04-24,09:01:19,682,v1709,XDCE,5665,5635,5670,3862,109159450,146706,145532,5965,5405,5685,5660,0,5640,0,0,0,2017-04-24,32479682,5660,108,0,0,0,0,0,0,0,0,5665,84,0,0,0,0,0,0,0,0
145,2017-04-24,09:01:20,184,v1709,XDCE,5660,5635,5670,3904,110348100,146706,145532,5965,5405,5685,5660,0,5640,0,0,0,2017-04-24,32480184,5660,78,0,0,0,0,0,0,0,0,5665,83,0,0,0,0,0,0,0,0
146,2017-04-24,09:01:20,660,v1709,XDCE,5660,5635,5670,3922,110857500,146708,145532,5965,5405,5685,5660,0,5640,0,0,0,2017-04-24,32480660,5660,73,0,0,0,0,0,0,0,0,5665,83,0,0,0,0,0,0,0,0
147,2017-04-24,09:01:21,196,v1709,XDCE,5660,5635,5670,3924,110914100,146708,145532,5965,5405,5685,5660,0,5640,0,0,0,2017-04-24,32481196,5660,74,0,0,0,0,0,0,0,0,5665,83,0,0,0,0,0,0,0,0
148,2017-04-24,09:01:21,702,v1709,XDCE,5660,5635,5670,3924,110914100,146708,145532,5965,5405,5685,5660,0,5640,0,0,0,2017-04-24,32481702,5660,75,0,0,0,0,0,0,0,0,5665,83,0,0,0,0,0,0,0,0
149,2017-04-24,09:01:22,150,v1709,XDCE,5660,5635,5670,3924,110914100,146708,145532,5965,5405,5685,5660,0,5640,0,0,0,2017-04-24,32482150,5660,76,0,0,0,0,0,0,0,0,5665,87,0,0,0,0,0,0,0,0
150,2017-04-24,09:01:22,607,v1709,XDCE,5660,5635,5670,3924,110914100,146708,145532,5965,5405,5685,5660,0,5640,0,0,0,2017-04-24,32482607,5660,76,0,0,0,0,0,0,0,0,5665,99,0,0,0,0,0,0,0,0
151,2017-04-24,09:01:23,188,v1709,XDCE,5660,5635,5670,3924,110914100,146708,145532,5965,5405,5685,5660,0,5640,0,0,0,2017-04-24,32483188,5660,76,0,0,0,0,0,0,0,0,5665,102,0,0,0,0,0,0,0,0
152,2017-04-24,09:01:23,679,v1709,XDCE,5665,5635,5670,3938,111310650,146694,145532,5965,5405,5685,5660,0,5640,0,0,0,2017-04-24,32483679,5660,76,0,0,0,0,0,0,0,0,5665,95,0,0,0,0,0,0,0,0
153,2017-04-24,09:01:24,183,v1709,XDCE,5660,5635,5670,3940,111367250,146696,145532,5965,5405,5685,5660,0,5640,0,0,0,2017-04-24,32484183,5660,75,0,0,0,0,0,0,0,0,5665,95,0,0,0,0,0,0,0,0
154,2017-04-24,09:01:24,703,v1709,XDCE,5660,5635,5670,3942,111423850,146698,145532,5965,5405,5685,5660,0,5640,0,0,0,2017-04-24,32484703,5660,74,0,0,0,0,0,0,0,0,5665,95,0,0,0,0,0,0,0,0
155,2017-04-24,09:01:25,125,v1709,XDCE,5660,5635,5670,3944,111480450,146698,145532,5965,5405,5685,5660,0,5640,0,0,0,2017-04-24,32485125,5660,73,0,0,0,0,0,0,0,0,5665,95,0,0,0,0,0,0,0,0
156,2017-04-24,09:01:25,701,v1709,XDCE,5665,5635,5670,3946,111537100,146696,145532,5965,5405,5685,5660,0,5640,0,0,0,2017-04-24,32485701,5660,74,0,0,0,0,0,0,0,0,5665,96,0,0,0,0,0,0,0,0
157,2017-04-24,09:01:26,168,v1709,XDCE,5660,5635,5670,4096,115782100,146762,145532,5965,5405,5685,5660,0,5640,0,0,0,2017-04-24,32486168,5655,160,0,0,0,0,0,0,0,0,5660,27,0,0,0,0,0,0,0,0
158,2017-04-24,09:01:26,664,v1709,XDCE,5660,5635,5670,4096,115782100,146762,145532,5965,5405,5685,5660,0,5640,0,0,0,2017-04-24,32486664,5655,160,0,0,0,0,0,0,0,0,5660,32,0,0,0,0,0,0,0,0
159,2017-04-24,09:01:27,194,v1709,XDCE,5660,5635,5670,4098,115838700,146762,145532,5965,5405,5685,5660,0,5640,0,0,0,2017-04-24,32487194,5655,160,0,0,0,0,0,0,0,0,5660,45,0,0,0,0,0,0,0,0
160,2017-04-24,09:01:27,670,v1709,XDCE,5660,5635,5670,4102,115951900,146758,145532,5965,5405,5685,5660,0,5640,0,0,0,2017-04-24,32487670,5655,160,0,0,0,0,0,0,0,0,5660,88,0,0,0,0,0,0,0,0
161,2017-04-24,09:01:28,599,v1709,XDCE,5660,5635,5670,4102,115951900,146758,145532,5965,5405,5685,5660,0,5640,0,0,0,2017-04-24,32488599,5655,173,0,0,0,0,0,0,0,0,5660,88,0,0,0,0,0,0,0,0
162,2017-04-24,09:01:29,694,v1709,XDCE,5655,5635,5670,4116,116347750,146772,145532,5965,5405,5685,5660,0,5640,0,0,0,2017-04-24,32489694,5655,166,0,0,0,0,0,0,0,0,5660,88,0,0,0,0,0,0,0,0
163,2017-04-24,09:01:30,90,v1709,XDCE,5655,5635,5670,4116,116347750,146772,145532,5965,5405,5685,5660,0,5640,0,0,0,2017-04-24,32490090,5655,167,0,0,0,0,0,0,0,0,5660,88,0,0,0,0,0,0,0,0
164,2017-04-24,09:01:30,636,v1709,XDCE,5660,5635,5670,4120,116460950,146770,145532,5965,5405,5685,5660,0,5640,0,0,0,2017-04-24,32490636,5655,167,0,0,0,0,0,0,0,0,5660,86,0,0,0,0,0,0,0,0
165,2017-04-24,09:01:31,176,v1709,XDCE,5660,5635,5670,4124,116574150,146770,145532,5965,5405,5685,5660,0,5640,0,0,0,2017-04-24,32491176,5655,167,0,0,0,0,0,0,0,0,5660,96,0,0,0,0,0,0,0,0
166,2017-04-24,09:01:31,700,v1709,XDCE,5660,5635,5670,4124,116574150,146770,145532,5965,5405,5685,5660,0,5640,0,0,0,2017-04-24,32491700,5655,167,0,0,0,0,0,0,0,0,5660,97,0,0,0,0,0,0,0,0
167,2017-04-24,09:01:32,39,v1709,XDCE,5660,5635,5670,4124,116574150,146770,145532,5965,5405,5685,5660,0,5640,0,0,0,2017-04-24,32492039,5655,168,0,0,0,0,0,0,0,0,5660,97,0,0,0,0,0,0,0,0
168,2017-04-24,09:01:32,685,v1709,XDCE,5660,5635,5670,4144,117140150,146776,145532,5965,5405,5685,5660,0,5640,0,0,0,2017-04-24,32492685,5655,168,0,0,0,0,0,0,0,0,5660,89,0,0,0,0,0,0,0,0
169,2017-04-24,09:01:33,136,v1709,XDCE,5660,5635,5670,4144,117140150,146776,145532,5965,5405,5685,5660,0,5640,0,0,0,2017-04-24,32493136,5655,167,0,0,0,0,0,0,0,0,5660,89,0,0,0,0,0,0,0,0
170,2017-04-24,09:01:33,511,v1709,XDCE,5660,5635,5670,4146,117196750,146776,145532,5965,5405,5685,5660,0,5640,0,0,0,2017-04-24,32493511,5655,167,0,0,0,0,0,0,0,0,5660,88,0,0,0,0,0,0,0,0
171,2017-04-24,09:01:34,180,v1709,XDCE,5655,5635,5670,4490,126923350,147020,145532,5965,5405,5685,5660,0,5640,0,0,0,2017-04-24,32494180,5650,111,0,0,0,0,0,0,0,0,5655,115,0,0,0,0,0,0,0,0
172,2017-04-24,09:01:34,697,v1709,XDCE,5650,5635,5670,4516,127657850,147046,145532,5965,5405,5685,5660,0,5640,0,0,0,2017-04-24,32494697,5650,98,0,0,0,0,0,0,0,0,5655,120,0,0,0,0,0,0,0,0
173,2017-04-24,09:01:35,195,v1709,XDCE,5650,5635,5670,4516,127657850,147046,145532,5965,5405,5685,5660,0,5640,0,0,0,2017-04-24,32495195,5650,98,0,0,0,0,0,0,0,0,5655,131,0,0,0,0,0,0,0,0
174,2017-04-24,09:01:35,674,v1709,XDCE,5655,5635,5670,4518,127714400,147046,145532,5965,5405,5685,5660,0,5640,0,0,0,2017-04-24,32495674,5650,98,0,0,0,0,0,0,0,0,5655,130,0,0,0,0,0,0,0,0
175,2017-04-24,09:01:36,167,v1709,XDCE,5650,5635,5670,4520,127770900,147046,145532,5965,5405,5685,5660,0,5640,0,0,0,2017-04-24,32496167,5650,97,0,0,0,0,0,0,0,0,5655,131,0,0,0,0,0,0,0,0
176,2017-04-24,09:01:38,201,v1709,XDCE,5650,5635,5670,4522,127827400,147046,145532,5965,5405,5685,5660,0,5640,0,0,0,2017-04-24,32498201,5650,96,0,0,0,0,0,0,0,0,5655,132,0,0,0,0,0,0,0,0
177,2017-04-24,09:01:38,645,v1709,XDCE,5650,5635,5670,4522,127827400,147046,145532,5965,5405,5685,5660,0,5640,0,0,0,2017-04-24,32498645,5650,146,0,0,0,0,0,0,0,0,5655,124,0,0,0,0,0,0,0,0
178,2017-04-24,09:01:39,174,v1709,XDCE,5650,5635,5670,4522,127827400,147046,145532,5965,5405,5685,5660,0,5640,0,0,0,2017-04-24,32499174,5650,156,0,0,0,0,0,0,0,0,5655,124,0,0,0,0,0,0,0,0
179,2017-04-24,09:01:39,700,v1709,XDCE,5650,5635,5670,4542,128392400,147062,145532,5965,5405,5685,5660,0,5640,0,0,0,2017-04-24,32499700,5650,146,0,0,0,0,0,0,0,0,5655,125,0,0,0,0,0,0,0,0
180,2017-04-24,09:01:40,170,v1709,XDCE,5650,5635,5670,4550,128618400,147070,145532,5965,5405,5685,5660,0,5640,0,0,0,2017-04-24,32500170,5650,142,0,0,0,0,0,0,0,0,5655,72,0,0,0,0,0,0,0,0
181,2017-04-24,09:01:40,674,v1709,XDCE,5655,5635,5670,4682,132348200,147146,145532,5965,5405,5685,5660,0,5640,0,0,0,2017-04-24,32500674,5650,92,0,0,0,0,0,0,0,0,5655,56,0,0,0,0,0,0,0,0
182,2017-04-24,09:01:41,104,v1709,XDCE,5650,5635,5670,4690,132574350,147148,145532,5965,5405,5685,5660,0,5640,0,0,0,2017-04-24,32501104,5650,91,0,0,0,0,0,0,0,0,5655,52,0,0,0,0,0,0,0,0
183,2017-04-24,09:01:41,683,v1709,XDCE,5655,5635,5670,4692,132630900,147148,145532,5965,5405,5685,5660,0,5640,0,0,0,2017-04-24,32501683,5650,91,0,0,0,0,0,0,0,0,5655,51,0,0,0,0,0,0,0,0
184,2017-04-24,09:01:42,697,v1709,XDCE,5650,5635,5670,4694,132687400,147146,145532,5965,5405,5685,5660,0,5640,0,0,0,2017-04-24,32502697,5650,90,0,0,0,0,0,0,0,0,5655,55,0,0,0,0,0,0,0,0
185,2017-04-24,09:01:43,186,v1709,XDCE,5650,5635,5670,4708,133082900,147146,145532,5965,5405,5685,5660,0,5640,0,0,0,2017-04-24,32503186,5650,83,0,0,0,0,0,0,0,0,5655,55,0,0,0,0,0,0,0,0
186,2017-04-24,09:01:44,183,v1709,XDCE,5650,5635,5670,4708,133082900,147146,145532,5965,5405,5685,5660,0,5640,0,0,0,2017-04-24,32504183,5650,83,0,0,0,0,0,0,0,0,5655,50,0,0,0,0,0,0,0,0
187,2017-04-24,09:01:45,169,v1709,XDCE,5650,5635,5670,4730,133704400,147126,145532,5965,5405,5685,5660,0,5640,0,0,0,2017-04-24,32505169,5650,72,0,0,0,0,0,0,0,0,5655,151,0,0,0,0,0,0,0,0
188,2017-04-24,09:01:45,701,v1709,XDCE,5650,5635,5670,4738,133930450,147128,145532,5965,5405,5685,5660,0,5640,0,0,0,2017-04-24,32505701,5650,69,0,0,0,0,0,0,0,0,5655,150,0,0,0,0,0,0,0,0
189,2017-04-24,09:01:46,194,v1709,XDCE,5650,5635,5670,4884,138054950,147128,145532,5965,5405,5685,5660,0,5640,0,0,0,2017-04-24,32506194,5645,104,0,0,0,0,0,0,0,0,5650,94,0,0,0,0,0,0,0,0
190,2017-04-24,09:01:46,667,v1709,XDCE,5650,5635,5670,4884,138054950,147128,145532,5965,5405,5685,5660,0,5640,0,0,0,2017-04-24,32506667,5645,99,0,0,0,0,0,0,0,0,5650,132,0,0,0,0,0,0,0,0
191,2017-04-24,09:01:47,183,v1709,XDCE,5645,5635,5670,4892,138280750,147130,145532,5965,5405,5685,5660,0,5640,0,0,0,2017-04-24,32507183,5645,93,0,0,0,0,0,0,0,0,5650,132,0,0,0,0,0,0,0,0
192,2017-04-24,09:01:47,702,v1709,XDCE,5645,5635,5670,4906,138675900,147130,145532,5965,5405,5685,5660,0,5640,0,0,0,2017-04-24,32507702,5645,86,0,0,0,0,0,0,0,0,5650,126,0,0,0,0,0,0,0,0
193,2017-04-24,09:01:48,171,v1709,XDCE,5645,5635,5670,4906,138675900,147130,145532,5965,5405,5685,5660,0,5640,0,0,0,2017-04-24,32508171,5645,86,0,0,0,0,0,0,0,0,5650,131,0,0,0,0,0,0,0,0
194,2017-04-24,09:01:48,673,v1709,XDCE,5645,5635,5670,4908,138732350,147130,145532,5965,5405,5685,5660,0,5640,0,0,0,2017-04-24,32508673,5645,82,0,0,0,0,0,0,0,0,5650,132,0,0,0,0,0,0,0,0
195,2017-04-24,09:01:49,177,v1709,XDCE,5650,5635,5670,4928,139297350,147130,145532,5965,5405,5685,5660,0,5640,0,0,0,2017-04-24,32509177,5645,82,0,0,0,0,0,0,0,0,5650,122,0,0,0,0,0,0,0,0
196,2017-04-24,09:01:49,674,v1709,XDCE,5645,5635,5670,4932,139410250,147132,145532,5965,5405,5685,5660,0,5640,0,0,0,2017-04-24,32509674,5645,55,0,0,0,0,0,0,0,0,5650,122,0,0,0,0,0,0,0,0
197,2017-04-24,09:01:50,174,v1709,XDCE,5645,5635,5670,4932,139410250,147132,145532,5965,5405,5685,5660,0,5640,0,0,0,2017-04-24,32510174,5645,55,0,0,0,0,0,0,0,0,5650,129,0,0,0,0,0,0,0,0
198,2017-04-24,09:01:50,688,v1709,XDCE,5645,5635,5670,4938,139579600,147132,145532,5965,5405,5685,5660,0,5640,0,0,0,2017-04-24,32510688,5645,52,0,0,0,0,0,0,0,0,5650,130,0,0,0,0,0,0,0,0
199,2017-04-24,09:01:51,694,v1709,XDCE,5645,5635,5670,4952,139974750,147124,145532,5965,5405,5685,5660,0,5640,0,0,0,2017-04-24,32511694,5645,47,0,0,0,0,0,0,0,0,5650,126,0,0,0,0,0,0,0,0
200,2017-04-24,09:01:52,186,v1709,XDCE,5645,5635,5670,5046,142627900,147126,145532,5965,5405,5685,5660,0,5640,0,0,0,2017-04-24,32512186,5640,184,0,0,0,0,0,0,0,0,5645,38,0,0,0,0,0,0,0,0
201,2017-04-24,09:01:52,700,v1709,XDCE,5645,5635,5670,5088,143813350,147110,145532,5965,5405,5685,5660,0,5640,0,0,0,2017-04-24,32512700,5640,187,0,0,0,0,0,0,0,0,5645,23,0,0,0,0,0,0,0,0
202,2017-04-24,09:01:53,164,v1709,XDCE,5645,5635,5670,5162,145902000,147104,145532,5965,5405,5685,5660,0,5640,0,0,0,2017-04-24,32513164,5645,31,0,0,0,0,0,0,0,0,5650,109,0,0,0,0,0,0,0,0
203,2017-04-24,09:01:53,675,v1709,XDCE,5645,5635,5670,5164,145958450,147104,145532,5965,5405,5685,5660,0,5640,0,0,0,2017-04-24,32513675,5645,38,0,0,0,0,0,0,0,0,5650,109,0,0,0,0,0,0,0,0
204,2017-04-24,09:01:54,196,v1709,XDCE,5645,5635,5670,5166,146014900,147102,145532,5965,5405,5685,5660,0,5640,0,0,0,2017-04-24,32514196,5645,47,0,0,0,0,0,0,0,0,5650,109,0,0,0,0,0,0,0,0
205,2017-04-24,09:01:55,169,v1709,XDCE,5645,5635,5670,5174,146240800,147102,145532,5965,5405,5685,5660,0,5640,0,0,0,2017-04-24,32515169,5645,55,0,0,0,0,0,0,0,0,5650,106,0,0,0,0,0,0,0,0
206,2017-04-24,09:01:55,664,v1709,XDCE,5645,5635,5670,5174,146240800,147102,145532,5965,5405,5685,5660,0,5640,0,0,0,2017-04-24,32515664,5645,65,0,0,0,0,0,0,0,0,5650,106,0,0,0,0,0,0,0,0
207,2017-04-24,09:01:56,173,v1709,XDCE,5645,5635,5670,5176,146297250,147102,145532,5965,5405,5685,5660,0,5640,0,0,0,2017-04-24,32516173,5645,64,0,0,0,0,0,0,0,0,5650,102,0,0,0,0,0,0,0,0
208,2017-04-24,09:01:56,682,v1709,XDCE,5650,5635,5670,5178,146353750,147102,145532,5965,5405,5685,5660,0,5640,0,0,0,2017-04-24,32516682,5645,84,0,0,0,0,0,0,0,0,5650,99,0,0,0,0,0,0,0,0
209,2017-04-24,09:01:57,175,v1709,XDCE,5650,5635,5670,5360,151495250,147144,145532,5965,5405,5685,5660,0,5640,0,0,0,2017-04-24,32517175,5650,92,0,0,0,0,0,0,0,0,5655,148,0,0,0,0,0,0,0,0
210,2017-04-24,09:01:57,638,v1709,XDCE,5650,5635,5670,5362,151551750,147146,145532,5965,5405,5685,5660,0,5640,0,0,0,2017-04-24,32517638,5650,86,0,0,0,0,0,0,0,0,5655,148,0,0,0,0,0,0,0,0
211,2017-04-24,09:01:58,163,v1709,XDCE,5650,5635,5670,5364,151608250,147148,145532,5965,5405,5685,5660,0,5640,0,0,0,2017-04-24,32518163,5650,85,0,0,0,0,0,0,0,0,5655,147,0,0,0,0,0,0,0,0
212,2017-04-24,09:01:58,659,v1709,XDCE,5645,5635,5670,5564,157257500,147314,145532,5965,5405,5685,5660,0,5640,0,0,0,2017-04-24,32518659,5645,74,0,0,0,0,0,0,0,0,5650,24,0,0,0,0,0,0,0,0
213,2017-04-24,09:01:59,201,v1709,XDCE,5645,5635,5670,5564,157257500,147314,145532,5965,5405,5685,5660,0,5640,0,0,0,2017-04-24,32519201,5645,74,0,0,0,0,0,0,0,0,5650,28,0,0,0,0,0,0,0,0
214,2017-04-24,09:01:59,685,v1709,XDCE,5650,5635,5670,5574,157540000,147304,145532,5965,5405,5685,5660,0,5640,0,0,0,2017-04-24,32519685,5645,74,0,0,0,0,0,0,0,0,5650,35,0,0,0,0,0,0,0,0
215,2017-04-24,09:02:00,172,v1709,XDCE,5645,5635,5670,5758,162734150,147338,145532,5965,5405,5685,5660,0,5640,0,0,0,2017-04-24,32520172,5640,204,0,0,0,0,0,0,0,0,5645,23,0,0,0,0,0,0,0,0
216,2017-04-24,09:02:00,683,v1709,XDCE,5645,5635,5670,5802,163976050,147366,145532,5965,5405,5685,5660,0,5640,0,0,0,2017-04-24,32520683,5640,200,0,0,0,0,0,0,0,0,5645,6,0,0,0,0,0,0,0,0
217,2017-04-24,09:02:01,156,v1709,XDCE,5645,5635,5670,5818,164427650,147370,145532,5965,5405,5685,5660,0,5640,0,0,0,2017-04-24,32521156,5645,8,0,0,0,0,0,0,0,0,5650,31,0,0,0,0,0,0,0,0
218,2017-04-24,09:02:01,694,v1709,XDCE,5645,5635,5670,5820,164484100,147370,145532,5965,5405,5685,5660,0,5640,0,0,0,2017-04-24,32521694,5645,36,0,0,0,0,0,0,0,0,5650,37,0,0,0,0,0,0,0,0
219,2017-04-24,09:02:02,185,v1709,XDCE,5645,5635,5670,5824,164597000,147370,145532,5965,5405,5685,5660,0,5640,0,0,0,2017-04-24,32522185,5645,41,0,0,0,0,0,0,0,0,5650,36,0,0,0,0,0,0,0,0
220,2017-04-24,09:02:02,669,v1709,XDCE,5650,5635,5670,5844,165162000,147386,145532,5965,5405,5685,5660,0,5640,0,0,0,2017-04-24,32522669,5645,47,0,0,0,0,0,0,0,0,5650,26,0,0,0,0,0,0,0,0
221,2017-04-24,09:02:03,164,v1709,XDCE,5650,5635,5670,5846,165218500,147386,145532,5965,5405,5685,5660,0,5640,0,0,0,2017-04-24,32523164,5645,45,0,0,0,0,0,0,0,0,5650,23,0,0,0,0,0,0,0,0
222,2017-04-24,09:02:03,693,v1709,XDCE,5645,5635,5670,5868,165839500,147400,145532,5965,5405,5685,5660,0,5640,0,0,0,2017-04-24,32523693,5645,37,0,0,0,0,0,0,0,0,5650,23,0,0,0,0,0,0,0,0
223,2017-04-24,09:02:04,98,v1709,XDCE,5645,5635,5670,5868,165839500,147400,145532,5965,5405,5685,5660,0,5640,0,0,0,2017-04-24,32524098,5645,35,0,0,0,0,0,0,0,0,5650,33,0,0,0,0,0,0,0,0
224,2017-04-24,09:02:04,672,v1709,XDCE,5645,5635,5670,5912,167081400,147408,145532,5965,5405,5685,5660,0,5640,0,0,0,2017-04-24,32524672,5645,14,0,0,0,0,0,0,0,0,5650,133,0,0,0,0,0,0,0,0
225,2017-04-24,09:02:05,181,v1709,XDCE,5645,5635,5670,5972,168774900,147422,145532,5965,5405,5685,5660,0,5640,0,0,0,2017-04-24,32525181,5640,199,0,0,0,0,0,0,0,0,5645,22,0,0,0,0,0,0,0,0
226,2017-04-24,09:02:05,701,v1709,XDCE,5645,5635,5670,5976,168887800,147418,145532,5965,5405,5685,5660,0,5640,0,0,0,2017-04-24,32525701,5640,199,0,0,0,0,0,0,0,0,5645,29,0,0,0,0,0,0,0,0
227,2017-04-24,09:02:06,665,v1709,XDCE,5645,5635,5670,5976,168887800,147418,145532,5965,5405,5685,5660,0,5640,0,0,0,2017-04-24,32526665,5640,197,0,0,0,0,0,0,0,0,5645,29,0,0,0,0,0,0,0,0
228,2017-04-24,09:02:07,188,v1709,XDCE,5640,5635,5670,5984,169113400,147410,145532,5965,5405,5685,5660,0,5640,0,0,0,2017-04-24,32527188,5640,196,0,0,0,0,0,0,0,0,5645,29,0,0,0,0,0,0,0,0
229,2017-04-24,09:02:07,700,v1709,XDCE,5645,5635,5670,6060,171258400,147402,145532,5965,5405,5685,5660,0,5640,0,0,0,2017-04-24,32527700,5640,192,0,0,0,0,0,0,0,0,5645,32,0,0,0,0,0,0,0,0
230,2017-04-24,09:02:08,189,v1709,XDCE,5645,5635,5670,6074,171653500,147404,145532,5965,5405,5685,5660,0,5640,0,0,0,2017-04-24,32528189,5640,194,0,0,0,0,0,0,0,0,5645,27,0,0,0,0,0,0,0,0
231,2017-04-24,09:02:08,698,v1709,XDCE,5645,5635,5670,6086,171992200,147416,145532,5965,5405,5685,5660,0,5640,0,0,0,2017-04-24,32528698,5640,194,0,0,0,0,0,0,0,0,5645,31,0,0,0,0,0,0,0,0
232,2017-04-24,09:02:09,179,v1709,XDCE,5645,5635,5670,6090,172105100,147418,145532,5965,5405,5685,5660,0,5640,0,0,0,2017-04-24,32529179,5640,189,0,0,0,0,0,0,0,0,5645,45,0,0,0,0,0,0,0,0
233,2017-04-24,09:02:09,703,v1709,XDCE,5645,5635,5670,6110,172669200,147414,145532,5965,5405,5685,5660,0,5640,0,0,0,2017-04-24,32529703,5640,185,0,0,0,0,0,0,0,0,5645,52,0,0,0,0,0,0,0,0
234,2017-04-24,09:02:10,202,v1709,XDCE,5640,5635,5670,6256,176786450,147350,145532,5965,5405,5685,5660,0,5640,0,0,0,2017-04-24,32530202,5640,108,0,0,0,0,0,0,0,0,5645,55,0,0,0,0,0,0,0,0
235,2017-04-24,09:02:10,702,v1709,XDCE,5640,5635,5670,6472,182877650,147254,145532,5965,5405,5685,5660,0,5640,0,0,0,2017-04-24,32530702,5635,69,0,0,0,0,0,0,0,0,5640,88,0,0,0,0,0,0,0,0
236,2017-04-24,09:02:11,203,v1709,XDCE,5635,5635,5670,6492,183441200,147274,145532,5965,5405,5685,5660,0,5640,0,0,0,2017-04-24,32531203,5635,54,0,0,0,0,0,0,0,0,5640,118,0,0,0,0,0,0,0,0
237,2017-04-24,09:02:11,692,v1709,XDCE,5640,5635,5670,6568,185584350,147322,145532,5965,5405,5685,5660,0,5640,0,0,0,2017-04-24,32531692,5635,53,0,0,0,0,0,0,0,0,5640,122,0,0,0,0,0,0,0,0
238,2017-04-24,09:02:12,177,v1709,XDCE,5640,5635,5670,6590,186204450,147332,145532,5965,5405,5685,5660,0,5640,0,0,0,2017-04-24,32532177,5635,154,0,0,0,0,0,0,0,0,5640,120,0,0,0,0,0,0,0,0
239,2017-04-24,09:02:12,690,v1709,XDCE,5640,5635,5670,6590,186204450,147332,145532,5965,5405,5685,5660,0,5640,0,0,0,2017-04-24,32532690,5635,178,0,0,0,0,0,0,0,0,5640,122,0,0,0,0,0,0,0,0
240,2017-04-24,09:02:13,201,v1709,XDCE,5635,5635,5670,6592,186260800,147334,145532,5965,5405,5685,5660,0,5640,0,0,0,2017-04-24,32533201,5635,157,0,0,0,0,0,0,0,0,5640,107,0,0,0,0,0,0,0,0
241,2017-04-24,09:02:13,686,v1709,XDCE,5635,5635,5670,6594,186317150,147336,145532,5965,5405,5685,5660,0,5640,0,0,0,2017-04-24,32533686,5635,156,0,0,0,0,0,0,0,0,5640,104,0,0,0,0,0,0,0,0
242,2017-04-24,09:02:14,170,v1709,XDCE,5635,5635,5670,6608,186711600,147336,145532,5965,5405,5685,5660,0,5640,0,0,0,2017-04-24,32534170,5635,149,0,0,0,0,0,0,0,0,5640,104,0,0,0,0,0,0,0,0
243,2017-04-24,09:02:14,688,v1709,XDCE,5635,5635,5670,6640,187613250,147334,145532,5965,5405,5685,5660,0,5640,0,0,0,2017-04-24,32534688,5635,134,0,0,0,0,0,0,0,0,5640,106,0,0,0,0,0,0,0,0
244,2017-04-24,09:02:15,175,v1709,XDCE,5635,5635,5670,6640,187613250,147334,145532,5965,5405,5685,5660,0,5640,0,0,0,2017-04-24,32535175,5635,135,0,0,0,0,0,0,0,0,5640,101,0,0,0,0,0,0,0,0
245,2017-04-24,09:02:15,684,v1709,XDCE,5635,5635,5670,6646,187782350,147334,145532,5965,5405,5685,5660,0,5640,0,0,0,2017-04-24,32535684,5635,133,0,0,0,0,0,0,0,0,5640,116,0,0,0,0,0,0,0,0
246,2017-04-24,09:02:16,175,v1709,XDCE,5635,5635,5670,6646,187782350,147334,145532,5965,5405,5685,5660,0,5640,0,0,0,2017-04-24,32536175,5635,144,0,0,0,0,0,0,0,0,5640,117,0,0,0,0,0,0,0,0
247,2017-04-24,09:02:16,690,v1709,XDCE,5640,5635,5670,6648,187838750,147336,145532,5965,5405,5685,5660,0,5640,0,0,0,2017-04-24,32536690,5635,144,0,0,0,0,0,0,0,0,5640,116,0,0,0,0,0,0,0,0
248,2017-04-24,09:02:17,193,v1709,XDCE,5635,5635,5670,6664,188289550,147342,145532,5965,5405,5685,5660,0,5640,0,0,0,2017-04-24,32537193,5635,136,0,0,0,0,0,0,0,0,5640,115,0,0,0,0,0,0,0,0
249,2017-04-24,09:02:17,699,v1709,XDCE,5635,5635,5670,6670,188458600,147342,145532,5965,5405,5685,5660,0,5640,0,0,0,2017-04-24,32537699,5635,133,0,0,0,0,0,0,0,0,5640,216,0,0,0,0,0,0,0,0
250,2017-04-24,09:02:18,191,v1709,XDCE,5635,5635,5670,6692,189078450,147340,145532,5965,5405,5685,5660,0,5640,0,0,0,2017-04-24,32538191,5635,122,0,0,0,0,0,0,0,0,5640,200,0,0,0,0,0,0,0,0
251,2017-04-24,09:02:18,694,v1709,XDCE,5635,5635,5670,6948,196291250,147342,145532,5965,5405,5685,5660,0,5640,0,0,0,2017-04-24,32538694,5630,216,0,0,0,0,0,0,0,0,5635,7,0,0,0,0,0,0,0,0
252,2017-04-24,09:02:19,203,v1709,XDCE,5635,5635,5670,6996,197643650,147298,145532,5965,5405,5685,5660,0,5640,0,0,0,2017-04-24,32539203,5635,43,0,0,0,0,0,0,0,0,5640,169,0,0,0,0,0,0,0,0
253,2017-04-24,09:02:19,691,v1709,XDCE,5635,5635,5670,7046,199052400,147308,145532,5965,5405,5685,5660,0,5640,0,0,0,2017-04-24,32539691,5635,53,0,0,0,0,0,0,0,0,5640,174,0,0,0,0,0,0,0,0
254,2017-04-24,09:02:20,196,v1709,XDCE,5635,5635,5670,7050,199165100,147312,145532,5965,5405,5685,5660,0,5640,0,0,0,2017-04-24,32540196,5635,51,0,0,0,0,0,0,0,0,5640,174,0,0,0,0,0,0,0,0
255,2017-04-24,09:02:21,171,v1709,XDCE,5640,5635,5670,7054,199277900,147310,145532,5965,5405,5685,5660,0,5640,0,0,0,2017-04-24,32541171,5635,56,0,0,0,0,0,0,0,0,5640,173,0,0,0,0,0,0,0,0
256,2017-04-24,09:02:21,692,v1709,XDCE,5635,5635,5670,7062,199503400,147314,145532,5965,5405,5685,5660,0,5640,0,0,0,2017-04-24,32541692,5635,56,0,0,0,0,0,0,0,0,5640,171,0,0,0,0,0,0,0,0
257,2017-04-24,09:02:22,196,v1709,XDCE,5640,5635,5670,7084,200123600,147316,145532,5965,5405,5685,5660,0,5640,0,0,0,2017-04-24,32542196,5635,53,0,0,0,0,0,0,0,0,5640,165,0,0,0,0,0,0,0,0
258,2017-04-24,09:02:22,665,v1709,XDCE,5640,5635,5670,7084,200123600,147316,145532,5965,5405,5685,5660,0,5640,0,0,0,2017-04-24,32542665,5635,55,0,0,0,0,0,0,0,0,5640,166,0,0,0,0,0,0,0,0
259,2017-04-24,09:02:23,200,v1709,XDCE,5635,5635,5670,7090,200292650,147318,145532,5965,5405,5685,5660,0,5640,0,0,0,2017-04-24,32543200,5635,50,0,0,0,0,0,0,0,0,5640,165,0,0,0,0,0,0,0,0
260,2017-04-24,09:02:23,692,v1709,XDCE,5635,5635,5670,7094,200405350,147322,145532,5965,5405,5685,5660,0,5640,0,0,0,2017-04-24,32543692,5635,50,0,0,0,0,0,0,0,0,5640,175,0,0,0,0,0,0,0,0
261,2017-04-24,09:02:24,185,v1709,XDCE,5635,5635,5670,7194,203222850,147408,145532,5965,5405,5685,5660,0,5640,0,0,0,2017-04-24,32544185,5630,218,0,0,0,0,0,0,0,0,5635,5,0,0,0,0,0,0,0,0
262,2017-04-24,09:02:24,688,v1709,XDCE,5630,5630,5670,7200,203391750,147414,145532,5965,5405,5685,5660,0,5640,0,0,0,2017-04-24,32544688,5630,215,0,0,0,0,0,0,0,0,5635,11,0,0,0,0,0,0,0,0
263,2017-04-24,09:02:25,170,v1709,XDCE,5635,5630,5670,7336,207224850,147508,145532,5965,5405,5685,5660,0,5640,0,0,0,2017-04-24,32545170,5630,188,0,0,0,0,0,0,0,0,5640,136,0,0,0,0,0,0,0,0
264,2017-04-24,09:02:25,569,v1709,XDCE,5640,5630,5670,7346,207506850,147508,145532,5965,5405,5685,5660,0,5640,0,0,0,2017-04-24,32545569,5630,188,0,0,0,0,0,0,0,0,5640,131,0,0,0,0,0,0,0,0
265,2017-04-24,09:02:26,196,v1709,XDCE,5635,5630,5670,7352,207675950,147508,145532,5965,5405,5685,5660,0,5640,0,0,0,2017-04-24,32546196,5635,18,0,0,0,0,0,0,0,0,5640,131,0,0,0,0,0,0,0,0
266,2017-04-24,09:02:26,701,v1709,XDCE,5635,5630,5670,7356,207788650,147504,145532,5965,5405,5685,5660,0,5640,0,0,0,2017-04-24,32546701,5635,41,0,0,0,0,0,0,0,0,5640,131,0,0,0,0,0,0,0,0
267,2017-04-24,09:02:27,184,v1709,XDCE,5635,5630,5670,7356,207788650,147504,145532,5965,5405,5685,5660,0,5640,0,0,0,2017-04-24,32547184,5635,44,0,0,0,0,0,0,0,0,5640,231,0,0,0,0,0,0,0,0
268,2017-04-24,09:02:27,702,v1709,XDCE,5635,5630,5670,7392,208802950,147474,145532,5965,5405,5685,5660,0,5640,0,0,0,2017-04-24,32547702,5635,26,0,0,0,0,0,0,0,0,5640,231,0,0,0,0,0,0,0,0
269,2017-04-24,09:02:28,188,v1709,XDCE,5640,5630,5670,7396,208915750,147474,145532,5965,5405,5685,5660,0,5640,0,0,0,2017-04-24,32548188,5635,18,0,0,0,0,0,0,0,0,5640,229,0,0,0,0,0,0,0,0
270,2017-04-24,09:02:28,682,v1709,XDCE,5635,5630,5670,7402,209084800,147474,145532,5965,5405,5685,5660,0,5640,0,0,0,2017-04-24,32548682,5635,17,0,0,0,0,0,0,0,0,5640,229,0,0,0,0,0,0,0,0
271,2017-04-24,09:02:29,173,v1709,XDCE,5635,5630,5670,7446,210324500,147472,145532,5965,5405,5685,5660,0,5640,0,0,0,2017-04-24,32549173,5630,199,0,0,0,0,0,0,0,0,5635,20,0,0,0,0,0,0,0,0
272,2017-04-24,09:02:29,679,v1709,XDCE,5635,5630,5670,7468,210944350,147468,145532,5965,5405,5685,5660,0,5640,0,0,0,2017-04-24,32549679,5635,18,0,0,0,0,0,0,0,0,5640,233,0,0,0,0,0,0,0,0
273,2017-04-24,09:02:30,184,v1709,XDCE,5635,5630,5670,7468,210944350,147468,145532,5965,5405,5685,5660,0,5640,0,0,0,2017-04-24,32550184,5635,72,0,0,0,0,0,0,0,0,5640,233,0,0,0,0,0,0,0,0
274,2017-04-24,09:02:30,614,v1709,XDCE,5635,5630,5670,7468,210944350,147468,145532,5965,5405,5685,5660,0,5640,0,0,0,2017-04-24,32550614,5635,75,0,0,0,0,0,0,0,0,5640,233,0,0,0,0,0,0,0,0
275,2017-04-24,09:02:31,198,v1709,XDCE,5635,5630,5670,7488,211507850,147448,145532,5965,5405,5685,5660,0,5640,0,0,0,2017-04-24,32551198,5635,67,0,0,0,0,0,0,0,0,5640,233,0,0,0,0,0,0,0,0
276,2017-04-24,09:02:31,692,v1709,XDCE,5635,5630,5670,7644,215903150,147480,145532,5965,5405,5685,5660,0,5640,0,0,0,2017-04-24,32551692,5630,212,0,0,0,0,0,0,0,0,5635,22,0,0,0,0,0,0,0,0
277,2017-04-24,09:02:32,195,v1709,XDCE,5635,5630,5670,7650,216072200,147484,145532,5965,5405,5685,5660,0,5640,0,0,0,2017-04-24,32552195,5630,193,0,0,0,0,0,0,0,0,5635,123,0,0,0,0,0,0,0,0
278,2017-04-24,09:02:32,693,v1709,XDCE,5635,5630,5670,7650,216072200,147484,145532,5965,5405,5685,5660,0,5640,0,0,0,2017-04-24,32552693,5630,202,0,0,0,0,0,0,0,0,5635,125,0,0,0,0,0,0,0,0
279,2017-04-24,09:02:33,185,v1709,XDCE,5635,5630,5670,7650,216072200,147484,145532,5965,5405,5685,5660,0,5640,0,0,0,2017-04-24,32553185,5630,213,0,0,0,0,0,0,0,0,5635,126,0,0,0,0,0,0,0,0
280,2017-04-24,09:02:33,666,v1709,XDCE,5635,5630,5670,7670,216635700,147484,145532,5965,5405,5685,5660,0,5640,0,0,0,2017-04-24,32553666,5630,213,0,0,0,0,0,0,0,0,5635,118,0,0,0,0,0,0,0,0
281,2017-04-24,09:02:34,162,v1709,XDCE,5630,5630,5670,7698,217424400,147508,145532,5965,5405,5685,5660,0,5640,0,0,0,2017-04-24,32554162,5630,209,0,0,0,0,0,0,0,0,5635,108,0,0,0,0,0,0,0,0
282,2017-04-24,09:02:34,693,v1709,XDCE,5630,5630,5670,7708,217705900,147514,145532,5965,5405,5685,5660,0,5640,0,0,0,2017-04-24,32554693,5630,204,0,0,0,0,0,0,0,0,5635,109,0,0,0,0,0,0,0,0
283,2017-04-24,09:02:35,131,v1709,XDCE,5630,5630,5670,7736,218494100,147520,145532,5965,5405,5685,5660,0,5640,0,0,0,2017-04-24,32555131,5630,190,0,0,0,0,0,0,0,0,5635,109,0,0,0,0,0,0,0,0
284,2017-04-24,09:02:35,669,v1709,XDCE,5630,5630,5670,7756,219057200,147538,145532,5965,5405,5685,5660,0,5640,0,0,0,2017-04-24,32555669,5630,172,0,0,0,0,0,0,0,0,5635,107,0,0,0,0,0,0,0,0
285,2017-04-24,09:02:36,174,v1709,XDCE,5635,5630,5670,7786,219902450,147568,145532,5965,5405,5685,5660,0,5640,0,0,0,2017-04-24,32556174,5630,172,0,0,0,0,0,0,0,0,5635,92,0,0,0,0,0,0,0,0
286,2017-04-24,09:02:36,692,v1709,XDCE,5630,5630,5670,7826,221029250,147604,145532,5965,5405,5685,5660,0,5640,0,0,0,2017-04-24,32556692,5630,180,0,0,0,0,0,0,0,0,5635,76,0,0,0,0,0,0,0,0
287,2017-04-24,09:02:37,193,v1709,XDCE,5630,5630,5670,7832,221198150,147606,145532,5965,5405,5685,5660,0,5640,0,0,0,2017-04-24,32557193,5630,177,0,0,0,0,0,0,0,0,5635,76,0,0,0,0,0,0,0,0
288,2017-04-24,09:02:37,586,v1709,XDCE,5635,5630,5670,7902,223169150,147674,145532,5965,5405,5685,5660,0,5640,0,0,0,2017-04-24,32557586,5630,162,0,0,0,0,0,0,0,0,5635,66,0,0,0,0,0,0,0,0
289,2017-04-24,09:02:38,178,v1709,XDCE,5630,5630,5670,7904,223225450,147676,145532,5965,5405,5685,5660,0,5640,0,0,0,2017-04-24,32558178,5630,161,0,0,0,0,0,0,0,0,5635,67,0,0,0,0,0,0,0,0
290,2017-04-24,09:02:38,701,v1709,XDCE,5630,5630,5670,7906,223281750,147678,145532,5965,5405,5685,5660,0,5640,0,0,0,2017-04-24,32558701,5630,160,0,0,0,0,0,0,0,0,5635,68,0,0,0,0,0,0,0,0
291,2017-04-24,09:02:39,192,v1709,XDCE,5630,5630,5670,7910,223394350,147682,145532,5965,5405,5685,5660,0,5640,0,0,0,2017-04-24,32559192,5630,158,0,0,0,0,0,0,0,0,5635,68,0,0,0,0,0,0,0,0
292,2017-04-24,09:02:39,573,v1709,XDCE,5630,5630,5670,7912,223450650,147682,145532,5965,5405,5685,5660,0,5640,0,0,0,2017-04-24,32559573,5630,157,0,0,0,0,0,0,0,0,5635,67,0,0,0,0,0,0,0,0
293,2017-04-24,09:02:40,187,v1709,XDCE,5630,5630,5670,7918,223619600,147688,145532,5965,5405,5685,5660,0,5640,0,0,0,2017-04-24,32560187,5630,156,0,0,0,0,0,0,0,0,5635,66,0,0,0,0,0,0,0,0
294,2017-04-24,09:02:40,692,v1709,XDCE,5630,5630,5670,7920,223675900,147690,145532,5965,5405,5685,5660,0,5640,0,0,0,2017-04-24,32560692,5630,155,0,0,0,0,0,0,0,0,5635,74,0,0,0,0,0,0,0,0
295,2017-04-24,09:02:41,186,v1709,XDCE,5630,5630,5670,7924,223788500,147694,145532,5965,5405,5685,5660,0,5640,0,0,0,2017-04-24,32561186,5630,150,0,0,0,0,0,0,0,0,5635,74,0,0,0,0,0,0,0,0
296,2017-04-24,09:02:41,635,v1709,XDCE,5630,5630,5670,7930,223957400,147700,145532,5965,5405,5685,5660,0,5640,0,0,0,2017-04-24,32561635,5630,197,0,0,0,0,0,0,0,0,5635,74,0,0,0,0,0,0,0,0
297,2017-04-24,09:02:42,195,v1709,XDCE,5630,5630,5670,7952,224576950,147712,145532,5965,5405,5685,5660,0,5640,0,0,0,2017-04-24,32562195,5630,191,0,0,0,0,0,0,0,0,5635,70,0,0,0,0,0,0,0,0
298,2017-04-24,09:02:42,577,v1709,XDCE,5630,5630,5670,7956,224689600,147714,145532,5965,5405,5685,5660,0,5640,0,0,0,2017-04-24,32562577,5630,191,0,0,0,0,0,0,0,0,5635,70,0,0,0,0,0,0,0,0
299,2017-04-24,09:02:43,188,v1709,XDCE,5630,5630,5670,7958,224745900,147716,145532,5965,5405,5685,5660,0,5640,0,0,0,2017-04-24,32563188,5630,190,0,0,0,0,0,0,0,0,5635,70,0,0,0,0,0,0,0,0
300,2017-04-24,09:02:43,675,v1709,XDCE,5630,5630,5670,8018,226436250,147770,145532,5965,5405,5685,5660,0,5640,0,0,0,2017-04-24,32563675,5630,188,0,0,0,0,0,0,0,0,5635,43,0,0,0,0,0,0,0,0
301,2017-04-24,09:02:44,179,v1709,XDCE,5635,5630,5670,8022,226548900,147774,145532,5965,5405,5685,5660,0,5640,0,0,0,2017-04-24,32564179,5630,187,0,0,0,0,0,0,0,0,5635,42,0,0,0,0,0,0,0,0
302,2017-04-24,09:02:44,666,v1709,XDCE,5630,5630,5670,8084,228295450,147836,145532,5965,5405,5685,5660,0,5640,0,0,0,2017-04-24,32564666,5630,182,0,0,0,0,0,0,0,0,5635,17,0,0,0,0,0,0,0,0
303,2017-04-24,09:02:45,179,v1709,XDCE,5635,5630,5670,8144,229985950,147826,145532,5965,5405,5685,5660,0,5640,0,0,0,2017-04-24,32565179,5635,6,0,0,0,0,0,0,0,0,5640,437,0,0,0,0,0,0,0,0
304,2017-04-24,09:02:45,697,v1709,XDCE,5635,5630,5670,8180,231000250,147796,145532,5965,5405,5685,5660,0,5640,0,0,0,2017-04-24,32565697,5630,179,0,0,0,0,0,0,0,0,5635,25,0,0,0,0,0,0,0,0
305,2017-04-24,09:02:46,183,v1709,XDCE,5635,5630,5670,8180,231000250,147796,145532,5965,5405,5685,5660,0,5640,0,0,0,2017-04-24,32566183,5630,169,0,0,0,0,0,0,0,0,5635,99,0,0,0,0,0,0,0,0
306,2017-04-24,09:02:46,661,v1709,XDCE,5635,5630,5670,8204,231675950,147796,145532,5965,5405,5685,5660,0,5640,0,0,0,2017-04-24,32566661,5630,159,0,0,0,0,0,0,0,0,5635,97,0,0,0,0,0,0,0,0
307,2017-04-24,09:02:47,203,v1709,XDCE,5635,5630,5670,8204,231675950,147796,145532,5965,5405,5685,5660,0,5640,0,0,0,2017-04-24,32567203,5630,160,0,0,0,0,0,0,0,0,5635,99,0,0,0,0,0,0,0,0
308,2017-04-24,09:02:47,666,v1709,XDCE,5635,5630,5670,8204,231675950,147796,145532,5965,5405,5685,5660,0,5640,0,0,0,2017-04-24,32567666,5630,158,0,0,0,0,0,0,0,0,5635,99,0,0,0,0,0,0,0,0
309,2017-04-24,09:02:48,694,v1709,XDCE,5635,5630,5670,8214,231957550,147802,145532,5965,5405,5685,5660,0,5640,0,0,0,2017-04-24,32568694,5630,155,0,0,0,0,0,0,0,0,5635,97,0,0,0,0,0,0,0,0
310,2017-04-24,09:02:49,200,v1709,XDCE,5635,5630,5670,8216,232013900,147804,145532,5965,5405,5685,5660,0,5640,0,0,0,2017-04-24,32569200,5630,156,0,0,0,0,0,0,0,0,5635,96,0,0,0,0,0,0,0,0
311,2017-04-24,09:02:49,691,v1709,XDCE,5630,5630,5670,8220,232126550,147804,145532,5965,5405,5685,5660,0,5640,0,0,0,2017-04-24,32569691,5630,155,0,0,0,0,0,0,0,0,5635,96,0,0,0,0,0,0,0,0
312,2017-04-24,09:02:50,129,v1709,XDCE,5635,5630,5670,8222,232182900,147804,145532,5965,5405,5685,5660,0,5640,0,0,0,2017-04-24,32570129,5630,154,0,0,0,0,0,0,0,0,5635,95,0,0,0,0,0,0,0,0
313,2017-04-24,09:02:51,190,v1709,XDCE,5630,5630,5670,8224,232239200,147804,145532,5965,5405,5685,5660,0,5640,0,0,0,2017-04-24,32571190,5630,153,0,0,0,0,0,0,0,0,5635,94,0,0,0,0,0,0,0,0
314,2017-04-24,09:02:51,696,v1709,XDCE,5630,5630,5670,8224,232239200,147804,145532,5965,5405,5685,5660,0,5640,0,0,0,2017-04-24,32571696,5630,153,0,0,0,0,0,0,0,0,5635,95,0,0,0,0,0,0,0,0
315,2017-04-24,09:02:52,87,v1709,XDCE,5635,5630,5670,8232,232464450,147810,145532,5965,5405,5685,5660,0,5640,0,0,0,2017-04-24,32572087,5630,180,0,0,0,0,0,0,0,0,5635,94,0,0,0,0,0,0,0,0
316,2017-04-24,09:02:52,691,v1709,XDCE,5630,5630,5670,8236,232577100,147812,145532,5965,5405,5685,5660,0,5640,0,0,0,2017-04-24,32572691,5630,190,0,0,0,0,0,0,0,0,5635,97,0,0,0,0,0,0,0,0
317,2017-04-24,09:02:53,192,v1709,XDCE,5630,5630,5670,8240,232689700,147814,145532,5965,5405,5685,5660,0,5640,0,0,0,2017-04-24,32573192,5630,198,0,0,0,0,0,0,0,0,5635,99,0,0,0,0,0,0,0,0
318,2017-04-24,09:02:53,643,v1709,XDCE,5635,5630,5670,8242,232746050,147814,145532,5965,5405,5685,5660,0,5640,0,0,0,2017-04-24,32573643,5630,198,0,0,0,0,0,0,0,0,5635,98,0,0,0,0,0,0,0,0
319,2017-04-24,09:02:54,197,v1709,XDCE,5630,5630,5670,8246,232858650,147818,145532,5965,5405,5685,5660,0,5640,0,0,0,2017-04-24,32574197,5630,200,0,0,0,0,0,0,0,0,5635,98,0,0,0,0,0,0,0,0
320,2017-04-24,09:02:54,691,v1709,XDCE,5635,5630,5670,8294,234211050,147820,145532,5965,5405,5685,5660,0,5640,0,0,0,2017-04-24,32574691,5630,254,0,0,0,0,0,0,0,0,5635,70,0,0,0,0,0,0,0,0
321,2017-04-24,09:02:55,176,v1709,XDCE,5635,5630,5670,8322,234999900,147806,145532,5965,5405,5685,5660,0,5640,0,0,0,2017-04-24,32575176,5630,258,0,0,0,0,0,0,0,0,5635,57,0,0,0,0,0,0,0,0
322,2017-04-24,09:02:55,683,v1709,XDCE,5635,5630,5670,8438,238268200,147776,145532,5965,5405,5685,5660,0,5640,0,0,0,2017-04-24,32575683,5635,6,0,0,0,0,0,0,0,0,5640,441,0,0,0,0,0,0,0,0
323,2017-04-24,09:02:56,153,v1709,XDCE,5635,5630,5670,8450,238606300,147770,145532,5965,5405,5685,5660,0,5640,0,0,0,2017-04-24,32576153,5635,4,0,0,0,0,0,0,0,0,5640,441,0,0,0,0,0,0,0,0
324,2017-04-24,09:02:56,678,v1709,XDCE,5635,5630,5670,8458,238831700,147776,145532,5965,5405,5685,5660,0,5640,0,0,0,2017-04-24,32576678,5630,254,0,0,0,0,0,0,0,0,5635,33,0,0,0,0,0,0,0,0
325,2017-04-24,09:02:57,180,v1709,XDCE,5630,5630,5670,8470,239169550,147782,145532,5965,5405,5685,5660,0,5640,0,0,0,2017-04-24,32577180,5630,252,0,0,0,0,0,0,0,0,5635,43,0,0,0,0,0,0,0,0
326,2017-04-24,09:02:57,631,v1709,XDCE,5630,5630,5670,8472,239225850,147784,145532,5965,5405,5685,5660,0,5640,0,0,0,2017-04-24,32577631,5630,251,0,0,0,0,0,0,0,0,5635,43,0,0,0,0,0,0,0,0
327,2017-04-24,09:02:58,171,v1709,XDCE,5630,5630,5670,8494,239845200,147794,145532,5965,5405,5685,5660,0,5640,0,0,0,2017-04-24,32578171,5630,241,0,0,0,0,0,0,0,0,5635,48,0,0,0,0,0,0,0,0
328,2017-04-24,09:02:58,672,v1709,XDCE,5630,5630,5670,8494,239845200,147794,145532,5965,5405,5685,5660,0,5640,0,0,0,2017-04-24,32578672,5630,223,0,0,0,0,0,0,0,0,5635,148,0,0,0,0,0,0,0,0
329,2017-04-24,09:02:59,163,v1709,XDCE,5635,5630,5670,8496,239901550,147794,145532,5965,5405,5685,5660,0,5640,0,0,0,2017-04-24,32579163,5630,223,0,0,0,0,0,0,0,0,5635,158,0,0,0,0,0,0,0,0
330,2017-04-24,09:02:59,670,v1709,XDCE,5635,5630,5670,8496,239901550,147794,145532,5965,5405,5685,5660,0,5640,0,0,0,2017-04-24,32579670,5630,233,0,0,0,0,0,0,0,0,5635,159,0,0,0,0,0,0,0,0
331,2017-04-24,09:03:00,177,v1709,XDCE,5635,5630,5670,8496,239901550,147794,145532,5965,5405,5685,5660,0,5640,0,0,0,2017-04-24,32580177,5630,236,0,0,0,0,0,0,0,0,5635,160,0,0,0,0,0,0,0,0
332,2017-04-24,09:03:00,703,v1709,XDCE,5630,5630,5670,8500,240014150,147794,145532,5965,5405,5685,5660,0,5640,0,0,0,2017-04-24,32580703,5630,237,0,0,0,0,0,0,0,0,5635,160,0,0,0,0,0,0,0,0
333,2017-04-24,09:03:01,196,v1709,XDCE,5630,5630,5670,8956,252850550,147986,145532,5965,5405,5685,5660,0,5640,0,0,0,2017-04-24,32581196,5625,99,0,0,0,0,0,0,0,0,5630,95,0,0,0,0,0,0,0,0
334,2017-04-24,09:03:01,682,v1709,XDCE,5625,5625,5670,9110,257184300,148112,145532,5965,5405,5685,5660,0,5640,0,0,0,2017-04-24,32581682,5625,71,0,0,0,0,0,0,0,0,5630,94,0,0,0,0,0,0,0,0
335,2017-04-24,09:03:02,169,v1709,XDCE,5625,5625,5670,9118,257409350,148112,145532,5965,5405,5685,5660,0,5640,0,0,0,2017-04-24,32582169,5625,62,0,0,0,0,0,0,0,0,5630,204,0,0,0,0,0,0,0,0
336,2017-04-24,09:03:02,695,v1709,XDCE,5625,5625,5670,9166,258759650,148116,145532,5965,5405,5685,5660,0,5640,0,0,0,2017-04-24,32582695,5625,49,0,0,0,0,0,0,0,0,5630,193,0,0,0,0,0,0,0,0
337,2017-04-24,09:03:03,195,v1709,XDCE,5625,5625,5670,9258,261347150,148182,145532,5965,5405,5685,5660,0,5640,0,0,0,2017-04-24,32583195,5620,200,0,0,0,0,0,0,0,0,5625,29,0,0,0,0,0,0,0,0
338,2017-04-24,09:03:03,699,v1709,XDCE,5625,5625,5670,9314,262922150,148194,145532,5965,5405,5685,5660,0,5640,0,0,0,2017-04-24,32583699,5625,18,0,0,0,0,0,0,0,0,5630,173,0,0,0,0,0,0,0,0
339,2017-04-24,09:03:03,999,v1709,XDCE,5625,5625,5670,9316,262978400,148194,145532,5965,5405,5685,5660,0,5640,0,0,0,2017-04-24,32583999,5625,60,0,0,0,0,0,0,0,0,5630,179,0,0,0,0,0,0,0,0
340,2017-04-24,09:03:04,615,v1709,XDCE,5625,5625,5670,9318,263034650,148194,145532,5965,5405,5685,5660,0,5640,0,0,0,2017-04-24,32584615,5625,60,0,0,0,0,0,0,0,0,5630,178,0,0,0,0,0,0,0,0
341,2017-04-24,09:03:05,190,v1709,XDCE,5625,5625,5670,9318,263034650,148194,145532,5965,5405,5685,5660,0,5640,0,0,0,2017-04-24,32585190,5625,68,0,0,0,0,0,0,0,0,5630,278,0,0,0,0,0,0,0,0
342,2017-04-24,09:03:05,671,v1709,XDCE,5625,5625,5670,9322,263147150,148194,145532,5965,5405,5685,5660,0,5640,0,0,0,2017-04-24,32585671,5625,64,0,0,0,0,0,0,0,0,5630,274,0,0,0,0,0,0,0,0
343,2017-04-24,09:03:06,184,v1709,XDCE,5630,5625,5670,9326,263259700,148194,145532,5965,5405,5685,5660,0,5640,0,0,0,2017-04-24,32586184,5625,63,0,0,0,0,0,0,0,0,5630,273,0,0,0,0,0,0,0,0
344,2017-04-24,09:03:06,673,v1709,XDCE,5625,5625,5670,9328,263315950,148192,145532,5965,5405,5685,5660,0,5640,0,0,0,2017-04-24,32586673,5625,62,0,0,0,0,0,0,0,0,5630,273,0,0,0,0,0,0,0,0
345,2017-04-24,09:03:07,158,v1709,XDCE,5625,5625,5670,9330,263372200,148192,145532,5965,5405,5685,5660,0,5640,0,0,0,2017-04-24,32587158,5625,61,0,0,0,0,0,0,0,0,5630,274,0,0,0,0,0,0,0,0
346,2017-04-24,09:03:07,615,v1709,XDCE,5625,5625,5670,9334,263484750,148190,145532,5965,5405,5685,5660,0,5640,0,0,0,2017-04-24,32587615,5625,60,0,0,0,0,0,0,0,0,5630,273,0,0,0,0,0,0,0,0
347,2017-04-24,09:03:08,168,v1709,XDCE,5625,5625,5670,9458,266972250,148192,145532,5965,5405,5685,5660,0,5640,0,0,0,2017-04-24,32588168,5620,234,0,0,0,0,0,0,0,0,5625,39,0,0,0,0,0,0,0,0
348,2017-04-24,09:03:08,691,v1709,XDCE,5625,5625,5670,9498,268097250,148192,145532,5965,5405,5685,5660,0,5640,0,0,0,2017-04-24,32588691,5620,222,0,0,0,0,0,0,0,0,5625,35,0,0,0,0,0,0,0,0
349,2017-04-24,09:03:09,183,v1709,XDCE,5625,5625,5670,9506,268322250,148196,145532,5965,5405,5685,5660,0,5640,0,0,0,2017-04-24,32589183,5620,221,0,0,0,0,0,0,0,0,5625,31,0,0,0,0,0,0,0,0
350,2017-04-24,09:03:09,665,v1709,XDCE,5625,5625,5670,9506,268322250,148196,145532,5965,5405,5685,5660,0,5640,0,0,0,2017-04-24,32589665,5620,221,0,0,0,0,0,0,0,0,5625,40,0,0,0,0,0,0,0,0
351,2017-04-24,09:03:10,194,v1709,XDCE,5620,5620,5670,9508,268378450,148196,145532,5965,5405,5685,5660,0,5640,0,0,0,2017-04-24,32590194,5620,221,0,0,0,0,0,0,0,0,5625,40,0,0,0,0,0,0,0,0
352,2017-04-24,09:03:10,682,v1709,XDCE,5625,5620,5670,9528,268940900,148198,145532,5965,5405,5685,5660,0,5640,0,0,0,2017-04-24,32590682,5620,220,0,0,0,0,0,0,0,0,5625,31,0,0,0,0,0,0,0,0
353,2017-04-24,09:03:11,181,v1709,XDCE,5620,5620,5670,9572,270177400,148200,145532,5965,5405,5685,5660,0,5640,0,0,0,2017-04-24,32591181,5620,179,0,0,0,0,0,0,0,0,5625,33,0,0,0,0,0,0,0,0
354,2017-04-24,09:03:11,689,v1709,XDCE,5625,5620,5670,9674,273046150,148282,145532,5965,5405,5685,5660,0,5640,0,0,0,2017-04-24,32591689,5620,164,0,0,0,0,0,0,0,0,5625,80,0,0,0,0,0,0,0,0
355,2017-04-24,09:03:12,190,v1709,XDCE,5625,5620,5670,9674,273046150,148282,145532,5965,5405,5685,5660,0,5640,0,0,0,2017-04-24,32592190,5620,160,0,0,0,0,0,0,0,0,5625,91,0,0,0,0,0,0,0,0
356,2017-04-24,09:03:12,669,v1709,XDCE,5625,5620,5670,9676,273102400,148282,145532,5965,5405,5685,5660,0,5640,0,0,0,2017-04-24,32592669,5620,160,0,0,0,0,0,0,0,0,5625,99,0,0,0,0,0,0,0,0
357,2017-04-24,09:03:13,196,v1709,XDCE,5620,5620,5670,9880,278834850,148282,145532,5965,5405,5685,5660,0,5640,0,0,0,2017-04-24,32593196,5620,63,0,0,0,0,0,0,0,0,5625,109,0,0,0,0,0,0,0,0
358,2017-04-24,09:03:13,664,v1709,XDCE,5620,5620,5670,10014,282600250,148340,145532,5965,5405,5685,5660,0,5640,0,0,0,2017-04-24,32593664,5615,223,0,0,0,0,0,0,0,0,5620,51,0,0,0,0,0,0,0,0
359,2017-04-24,09:03:14,203,v1709,XDCE,5615,5615,5670,10060,283891700,148382,145532,5965,5405,5685,5660,0,5640,0,0,0,2017-04-24,32594203,5615,197,0,0,0,0,0,0,0,0,5620,47,0,0,0,0,0,0,0,0
360,2017-04-24,09:03:14,668,v1709,XDCE,5620,5615,5670,10100,285015550,148390,145532,5965,5405,5685,5660,0,5640,0,0,0,2017-04-24,32594668,5615,192,0,0,0,0,0,0,0,0,5620,45,0,0,0,0,0,0,0,0
361,2017-04-24,09:03:15,198,v1709,XDCE,5620,5615,5670,10120,285577450,148396,145532,5965,5405,5685,5660,0,5640,0,0,0,2017-04-24,32595198,5615,194,0,0,0,0,0,0,0,0,5620,37,0,0,0,0,0,0,0,0
362,2017-04-24,09:03:15,678,v1709,XDCE,5615,5615,5670,10352,292090850,148556,145532,5965,5405,5685,5660,0,5640,0,0,0,2017-04-24,32595678,5615,65,0,0,0,0,0,0,0,0,5620,37,0,0,0,0,0,0,0,0
363,2017-04-24,09:03:16,194,v1709,XDCE,5615,5615,5670,10566,298098900,148580,145532,5965,5405,5685,5660,0,5640,0,0,0,2017-04-24,32596194,5615,28,0,0,0,0,0,0,0,0,5620,52,0,0,0,0,0,0,0,0
364,2017-04-24,09:03:16,669,v1709,XDCE,5615,5615,5670,10594,298885400,148582,145532,5965,5405,5685,5660,0,5640,0,0,0,2017-04-24,32596669,5615,28,0,0,0,0,0,0,0,0,5620,47,0,0,0,0,0,0,0,0
365,2017-04-24,09:03:17,191,v1709,XDCE,5615,5615,5670,10602,299110000,148578,145532,5965,5405,5685,5660,0,5640,0,0,0,2017-04-24,32597191,5615,29,0,0,0,0,0,0,0,0,5620,48,0,0,0,0,0,0,0,0
366,2017-04-24,09:03:17,703,v1709,XDCE,5620,5615,5670,10614,299447200,148580,145532,5965,5405,5685,5660,0,5640,0,0,0,2017-04-24,32597703,5615,66,0,0,0,0,0,0,0,0,5620,44,0,0,0,0,0,0,0,0
367,2017-04-24,09:03:18,160,v1709,XDCE,5615,5615,5670,10618,299559500,148580,145532,5965,5405,5685,5660,0,5640,0,0,0,2017-04-24,32598160,5615,67,0,0,0,0,0,0,0,0,5620,37,0,0,0,0,0,0,0,0
368,2017-04-24,09:03:18,698,v1709,XDCE,5615,5615,5670,10620,299615650,148580,145532,5965,5405,5685,5660,0,5640,0,0,0,2017-04-24,32598698,5615,120,0,0,0,0,0,0,0,0,5620,33,0,0,0,0,0,0,0,0
369,2017-04-24,09:03:19,199,v1709,XDCE,5620,5615,5670,10624,299728000,148576,145532,5965,5405,5685,5660,0,5640,0,0,0,2017-04-24,32599199,5615,119,0,0,0,0,0,0,0,0,5620,32,0,0,0,0,0,0,0,0
370,2017-04-24,09:03:19,693,v1709,XDCE,5615,5615,5670,10638,300121050,148574,145532,5965,5405,5685,5660,0,5640,0,0,0,2017-04-24,32599693,5615,126,0,0,0,0,0,0,0,0,5620,33,0,0,0,0,0,0,0,0
371,2017-04-24,09:03:20,168,v1709,XDCE,5620,5615,5670,10670,301019550,148582,145532,5965,5405,5685,5660,0,5640,0,0,0,2017-04-24,32600168,5615,113,0,0,0,0,0,0,0,0,5620,31,0,0,0,0,0,0,0,0
372,2017-04-24,09:03:20,581,v1709,XDCE,5620,5615,5670,10680,301300550,148572,145532,5965,5405,5685,5660,0,5640,0,0,0,2017-04-24,32600581,5615,113,0,0,0,0,0,0,0,0,5620,26,0,0,0,0,0,0,0,0
373,2017-04-24,09:03:21,192,v1709,XDCE,5615,5615,5670,10686,301469000,148574,145532,5965,5405,5685,5660,0,5640,0,0,0,2017-04-24,32601192,5615,110,0,0,0,0,0,0,0,0,5620,36,0,0,0,0,0,0,0,0
374,2017-04-24,09:03:22,29,v1709,XDCE,5615,5615,5670,10700,301862350,148572,145532,5965,5405,5685,5660,0,5640,0,0,0,2017-04-24,32602029,5615,110,0,0,0,0,0,0,0,0,5620,32,0,0,0,0,0,0,0,0
375,2017-04-24,09:03:22,663,v1709,XDCE,5615,5615,5670,10702,301918500,148572,145532,5965,5405,5685,5660,0,5640,0,0,0,2017-04-24,32602663,5615,116,0,0,0,0,0,0,0,0,5620,33,0,0,0,0,0,0,0,0
376,2017-04-24,09:03:23,194,v1709,XDCE,5620,5615,5670,10704,301974700,148572,145532,5965,5405,5685,5660,0,5640,0,0,0,2017-04-24,32603194,5615,117,0,0,0,0,0,0,0,0,5620,32,0,0,0,0,0,0,0,0
377,2017-04-24,09:03:23,671,v1709,XDCE,5620,5615,5670,10724,302536700,148554,145532,5965,5405,5685,5660,0,5640,0,0,0,2017-04-24,32603671,5615,118,0,0,0,0,0,0,0,0,5620,22,0,0,0,0,0,0,0,0
378,2017-04-24,09:03:24,169,v1709,XDCE,5620,5615,5670,10752,303323500,148556,145532,5965,5405,5685,5660,0,5640,0,0,0,2017-04-24,32604169,5615,130,0,0,0,0,0,0,0,0,5620,8,0,0,0,0,0,0,0,0
379,2017-04-24,09:03:24,679,v1709,XDCE,5620,5615,5670,10768,303773100,148562,145532,5965,5405,5685,5660,0,5640,0,0,0,2017-04-24,32604679,5620,1,0,0,0,0,0,0,0,0,5625,172,0,0,0,0,0,0,0,0
380,2017-04-24,09:03:25,182,v1709,XDCE,5620,5615,5670,10786,304278900,148566,145532,5965,5405,5685,5660,0,5640,0,0,0,2017-04-24,32605182,5615,129,0,0,0,0,0,0,0,0,5620,21,0,0,0,0,0,0,0,0
381,2017-04-24,09:03:25,677,v1709,XDCE,5620,5615,5670,10786,304278900,148566,145532,5965,5405,5685,5660,0,5640,0,0,0,2017-04-24,32605677,5615,129,0,0,0,0,0,0,0,0,5620,64,0,0,0,0,0,0,0,0
382,2017-04-24,09:03:26,175,v1709,XDCE,5620,5615,5670,10788,304335100,148566,145532,5965,5405,5685,5660,0,5640,0,0,0,2017-04-24,32606175,5615,131,0,0,0,0,0,0,0,0,5620,63,0,0,0,0,0,0,0,0
383,2017-04-24,09:03:26,672,v1709,XDCE,5620,5615,5670,10806,304840900,148576,145532,5965,5405,5685,5660,0,5640,0,0,0,2017-04-24,32606672,5615,138,0,0,0,0,0,0,0,0,5620,54,0,0,0,0,0,0,0,0
384,2017-04-24,09:03:27,196,v1709,XDCE,5620,5615,5670,10934,308437700,148646,145532,5965,5405,5685,5660,0,5640,0,0,0,2017-04-24,32607196,5620,157,0,0,0,0,0,0,0,0,5625,160,0,0,0,0,0,0,0,0
385,2017-04-24,09:03:27,693,v1709,XDCE,5620,5615,5670,10936,308493900,148648,145532,5965,5405,5685,5660,0,5640,0,0,0,2017-04-24,32607693,5620,155,0,0,0,0,0,0,0,0,5625,151,0,0,0,0,0,0,0,0
386,2017-04-24,09:03:28,686,v1709,XDCE,5620,5615,5670,10936,308493900,148648,145532,5965,5405,5685,5660,0,5640,0,0,0,2017-04-24,32608686,5620,155,0,0,0,0,0,0,0,0,5625,162,0,0,0,0,0,0,0,0
387,2017-04-24,09:03:29,198,v1709,XDCE,5620,5615,5670,10938,308550100,148648,145532,5965,5405,5685,5660,0,5640,0,0,0,2017-04-24,32609198,5620,149,0,0,0,0,0,0,0,0,5625,162,0,0,0,0,0,0,0,0
388,2017-04-24,09:03:29,679,v1709,XDCE,5620,5615,5670,10938,308550100,148648,145532,5965,5405,5685,5660,0,5640,0,0,0,2017-04-24,32609679,5620,149,0,0,0,0,0,0,0,0,5625,163,0,0,0,0,0,0,0,0
389,2017-04-24,09:03:30,164,v1709,XDCE,5620,5615,5670,10970,309449300,148616,145532,5965,5405,5685,5660,0,5640,0,0,0,2017-04-24,32610164,5620,116,0,0,0,0,0,0,0,0,5625,163,0,0,0,0,0,0,0,0
390,2017-04-24,09:03:30,697,v1709,XDCE,5620,5615,5670,11012,310629550,148610,145532,5965,5405,5685,5660,0,5640,0,0,0,2017-04-24,32610697,5620,87,0,0,0,0,0,0,0,0,5625,160,0,0,0,0,0,0,0,0
391,2017-04-24,09:03:31,193,v1709,XDCE,5620,5615,5670,11184,315462750,148564,145532,5965,5405,5685,5660,0,5640,0,0,0,2017-04-24,32611193,5615,138,0,0,0,0,0,0,0,0,5620,19,0,0,0,0,0,0,0,0
392,2017-04-24,09:03:31,697,v1709,XDCE,5620,5615,5670,11186,315518950,148564,145532,5965,5405,5685,5660,0,5640,0,0,0,2017-04-24,32611697,5615,132,0,0,0,0,0,0,0,0,5620,31,0,0,0,0,0,0,0,0
393,2017-04-24,09:03:32,175,v1709,XDCE,5620,5615,5670,11200,315912150,148568,145532,5965,5405,5685,5660,0,5640,0,0,0,2017-04-24,32612175,5615,128,0,0,0,0,0,0,0,0,5620,31,0,0,0,0,0,0,0,0
394,2017-04-24,09:03:32,689,v1709,XDCE,5620,5615,5670,11276,318047750,148606,145532,5965,5405,5685,5660,0,5640,0,0,0,2017-04-24,32612689,5615,119,0,0,0,0,0,0,0,0,5620,104,0,0,0,0,0,0,0,0
395,2017-04-24,09:03:33,163,v1709,XDCE,5620,5615,5670,11280,318160150,148610,145532,5965,5405,5685,5660,0,5640,0,0,0,2017-04-24,32613163,5615,116,0,0,0,0,0,0,0,0,5620,106,0,0,0,0,0,0,0,0
396,2017-04-24,09:03:33,696,v1709,XDCE,5620,5615,5670,11286,318328750,148612,145532,5965,5405,5685,5660,0,5640,0,0,0,2017-04-24,32613696,5615,98,0,0,0,0,0,0,0,0,5620,103,0,0,0,0,0,0,0,0
397,2017-04-24,09:03:34,178,v1709,XDCE,5615,5615,5670,11490,324056050,148740,145532,5965,5405,5685,5660,0,5640,0,0,0,2017-04-24,32614178,5615,19,0,0,0,0,0,0,0,0,5620,103,0,0,0,0,0,0,0,0
398,2017-04-24,09:03:35,4,v1709,XDCE,5615,5615,5670,11490,324056050,148740,145532,5965,5405,5685,5660,0,5640,0,0,0,2017-04-24,32615004,5615,20,0,0,0,0,0,0,0,0,5620,129,0,0,0,0,0,0,0,0
399,2017-04-24,09:03:35,703,v1709,XDCE,5615,5615,5670,11496,324224500,148742,145532,5965,5405,5685,5660,0,5640,0,0,0,2017-04-24,32615703,5615,18,0,0,0,0,0,0,0,0,5620,149,0,0,0,0,0,0,0,0
400,2017-04-24,09:03:36,166,v1709,XDCE,5615,5615,5670,11496,324224500,148742,145532,5965,5405,5685,5660,0,5640,0,0,0,2017-04-24,32616166,5615,22,0,0,0,0,0,0,0,0,5620,149,0,0,0,0,0,0,0,0
401,2017-04-24,09:03:36,641,v1709,XDCE,5615,5615,5670,11498,324280650,148742,145532,5965,5405,5685,5660,0,5640,0,0,0,2017-04-24,32616641,5615,43,0,0,0,0,0,0,0,0,5620,151,0,0,0,0,0,0,0,0
402,2017-04-24,09:03:37,174,v1709,XDCE,5620,5615,5670,11500,324336850,148742,145532,5965,5405,5685,5660,0,5640,0,0,0,2017-04-24,32617174,5615,60,0,0,0,0,0,0,0,0,5620,150,0,0,0,0,0,0,0,0
403,2017-04-24,09:03:37,695,v1709,XDCE,5615,5615,5670,11502,324393000,148740,145532,5965,5405,5685,5660,0,5640,0,0,0,2017-04-24,32617695,5615,59,0,0,0,0,0,0,0,0,5620,142,0,0,0,0,0,0,0,0
404,2017-04-24,09:03:38,170,v1709,XDCE,5615,5615,5670,11704,330064150,148914,145532,5965,5405,5685,5660,0,5640,0,0,0,2017-04-24,32618170,5615,22,0,0,0,0,0,0,0,0,5620,141,0,0,0,0,0,0,0,0
405,2017-04-24,09:03:38,669,v1709,XDCE,5615,5615,5670,11732,330850250,148942,145532,5965,5405,5685,5660,0,5640,0,0,0,2017-04-24,32618669,5615,4,0,0,0,0,0,0,0,0,5620,154,0,0,0,0,0,0,0,0
406,2017-04-24,09:03:39,174,v1709,XDCE,5615,5615,5670,11770,331917100,148936,145532,5965,5405,5685,5660,0,5640,0,0,0,2017-04-24,32619174,5615,1,0,0,0,0,0,0,0,0,5620,159,0,0,0,0,0,0,0,0
407,2017-04-24,09:03:39,690,v1709,XDCE,5615,5615,5670,11788,332422450,148938,145532,5965,5405,5685,5660,0,5640,0,0,0,2017-04-24,32619690,5615,17,0,0,0,0,0,0,0,0,5620,162,0,0,0,0,0,0,0,0
408,2017-04-24,09:03:40,197,v1709,XDCE,5620,5615,5670,11790,332478650,148938,145532,5965,5405,5685,5660,0,5640,0,0,0,2017-04-24,32620197,5615,27,0,0,0,0,0,0,0,0,5620,161,0,0,0,0,0,0,0,0
409,2017-04-24,09:03:40,664,v1709,XDCE,5615,5615,5670,11792,332534800,148940,145532,5965,5405,5685,5660,0,5640,0,0,0,2017-04-24,32620664,5615,29,0,0,0,0,0,0,0,0,5620,161,0,0,0,0,0,0,0,0
410,2017-04-24,09:03:41,170,v1709,XDCE,5615,5615,5670,11814,333152450,148942,145532,5965,5405,5685,5660,0,5640,0,0,0,2017-04-24,32621170,5615,21,0,0,0,0,0,0,0,0,5620,162,0,0,0,0,0,0,0,0
411,2017-04-24,09:03:41,692,v1709,XDCE,5615,5615,5670,11836,333770450,148942,145532,5965,5405,5685,5660,0,5640,0,0,0,2017-04-24,32621692,5615,18,0,0,0,0,0,0,0,0,5620,155,0,0,0,0,0,0,0,0
412,2017-04-24,09:03:42,163,v1709,XDCE,5620,5615,5670,11838,333826650,148942,145532,5965,5405,5685,5660,0,5640,0,0,0,2017-04-24,32622163,5615,22,0,0,0,0,0,0,0,0,5620,154,0,0,0,0,0,0,0,0
413,2017-04-24,09:03:42,699,v1709,XDCE,5615,5615,5670,11886,335174250,148986,145532,5965,5405,5685,5660,0,5640,0,0,0,2017-04-24,32622699,5610,599,0,0,0,0,0,0,0,0,5615,77,0,0,0,0,0,0,0,0
414,2017-04-24,09:03:43,165,v1709,XDCE,5615,5615,5670,11888,335230400,148986,145532,5965,5405,5685,5660,0,5640,0,0,0,2017-04-24,32623165,5610,587,0,0,0,0,0,0,0,0,5615,84,0,0,0,0,0,0,0,0
415,2017-04-24,09:03:43,683,v1709,XDCE,5615,5615,5670,11890,335286550,148988,145532,5965,5405,5685,5660,0,5640,0,0,0,2017-04-24,32623683,5610,587,0,0,0,0,0,0,0,0,5615,87,0,0,0,0,0,0,0,0
416,2017-04-24,09:03:44,171,v1709,XDCE,5615,5615,5670,11890,335286550,148988,145532,5965,5405,5685,5660,0,5640,0,0,0,2017-04-24,32624171,5610,587,0,0,0,0,0,0,0,0,5615,197,0,0,0,0,0,0,0,0
417,2017-04-24,09:03:44,704,v1709,XDCE,5615,5615,5670,11892,335342700,148990,145532,5965,5405,5685,5660,0,5640,0,0,0,2017-04-24,32624704,5610,587,0,0,0,0,0,0,0,0,5615,296,0,0,0,0,0,0,0,0
418,2017-04-24,09:03:45,180,v1709,XDCE,5610,5610,5670,11908,335791500,148990,145532,5965,5405,5685,5660,0,5640,0,0,0,2017-04-24,32625180,5610,579,0,0,0,0,0,0,0,0,5615,296,0,0,0,0,0,0,0,0
419,2017-04-24,09:03:45,684,v1709,XDCE,5610,5610,5670,11996,338259900,148952,145532,5965,5405,5685,5660,0,5640,0,0,0,2017-04-24,32625684,5610,525,0,0,0,0,0,0,0,0,5615,315,0,0,0,0,0,0,0,0
420,2017-04-24,09:03:46,170,v1709,XDCE,5610,5610,5670,12286,346395050,149066,145532,5965,5405,5685,5660,0,5640,0,0,0,2017-04-24,32626170,5610,398,0,0,0,0,0,0,0,0,5615,302,0,0,0,0,0,0,0,0
421,2017-04-24,09:03:46,694,v1709,XDCE,5610,5610,5670,12408,349817200,149166,145532,5965,5405,5685,5660,0,5640,0,0,0,2017-04-24,32626694,5610,335,0,0,0,0,0,0,0,0,5615,293,0,0,0,0,0,0,0,0
422,2017-04-24,09:03:47,164,v1709,XDCE,5610,5610,5670,12586,354810150,149328,145532,5965,5405,5685,5660,0,5640,0,0,0,2017-04-24,32627164,5610,247,0,0,0,0,0,0,0,0,5615,292,0,0,0,0,0,0,0,0
423,2017-04-24,09:03:47,703,v1709,XDCE,5610,5610,5670,12658,356829750,149320,145532,5965,5405,5685,5660,0,5640,0,0,0,2017-04-24,32627703,5610,213,0,0,0,0,0,0,0,0,5615,292,0,0,0,0,0,0,0,0
424,2017-04-24,09:03:48,165,v1709,XDCE,5610,5610,5670,12664,356998050,149314,145532,5965,5405,5685,5660,0,5640,0,0,0,2017-04-24,32628165,5610,211,0,0,0,0,0,0,0,0,5615,292,0,0,0,0,0,0,0,0
425,2017-04-24,09:03:48,700,v1709,XDCE,5610,5610,5670,12670,357166350,149310,145532,5965,5405,5685,5660,0,5640,0,0,0,2017-04-24,32628700,5610,209,0,0,0,0,0,0,0,0,5615,291,0,0,0,0,0,0,0,0
426,2017-04-24,09:03:49,164,v1709,XDCE,5610,5610,5670,12684,357559350,149310,145532,5965,5405,5685,5660,0,5640,0,0,0,2017-04-24,32629164,5610,207,0,0,0,0,0,0,0,0,5615,285,0,0,0,0,0,0,0,0
427,2017-04-24,09:03:49,695,v1709,XDCE,5615,5610,5670,12706,358177000,149332,145532,5965,5405,5685,5660,0,5640,0,0,0,2017-04-24,32629695,5610,207,0,0,0,0,0,0,0,0,5615,374,0,0,0,0,0,0,0,0
428,2017-04-24,09:03:50,183,v1709,XDCE,5615,5610,5670,12706,358177000,149332,145532,5965,5405,5685,5660,0,5640,0,0,0,2017-04-24,32630183,5610,211,0,0,0,0,0,0,0,0,5615,379,0,0,0,0,0,0,0,0
429,2017-04-24,09:03:50,676,v1709,XDCE,5615,5610,5670,12720,358569800,149332,145532,5965,5405,5685,5660,0,5640,0,0,0,2017-04-24,32630676,5610,208,0,0,0,0,0,0,0,0,5615,377,0,0,0,0,0,0,0,0
430,2017-04-24,09:03:51,183,v1709,XDCE,5610,5610,5670,12740,359130800,149332,145532,5965,5405,5685,5660,0,5640,0,0,0,2017-04-24,32631183,5610,198,0,0,0,0,0,0,0,0,5615,377,0,0,0,0,0,0,0,0
431,2017-04-24,09:03:51,663,v1709,XDCE,5610,5610,5670,12744,359243000,149332,145532,5965,5405,5685,5660,0,5640,0,0,0,2017-04-24,32631663,5610,204,0,0,0,0,0,0,0,0,5615,379,0,0,0,0,0,0,0,0
432,2017-04-24,09:03:52,165,v1709,XDCE,5610,5610,5670,12754,359523500,149322,145532,5965,5405,5685,5660,0,5640,0,0,0,2017-04-24,32632165,5610,199,0,0,0,0,0,0,0,0,5615,380,0,0,0,0,0,0,0,0
433,2017-04-24,09:03:52,696,v1709,XDCE,5610,5610,5670,12760,359691800,149316,145532,5965,5405,5685,5660,0,5640,0,0,0,2017-04-24,32632696,5610,197,0,0,0,0,0,0,0,0,5615,380,0,0,0,0,0,0,0,0
434,2017-04-24,09:03:53,174,v1709,XDCE,5610,5610,5670,12762,359747900,149316,145532,5965,5405,5685,5660,0,5640,0,0,0,2017-04-24,32633174,5610,197,0,0,0,0,0,0,0,0,5615,380,0,0,0,0,0,0,0,0
435,2017-04-24,09:03:53,689,v1709,XDCE,5610,5610,5670,12848,362160250,149398,145532,5965,5405,5685,5660,0,5640,0,0,0,2017-04-24,32633689,5610,156,0,0,0,0,0,0,0,0,5615,384,0,0,0,0,0,0,0,0
436,2017-04-24,09:03:54,183,v1709,XDCE,5610,5610,5670,12866,362665150,149400,145532,5965,5405,5685,5660,0,5640,0,0,0,2017-04-24,32634183,5610,147,0,0,0,0,0,0,0,0,5615,544,0,0,0,0,0,0,0,0
437,2017-04-24,09:03:54,666,v1709,XDCE,5610,5610,5670,12928,364404250,149460,145532,5965,5405,5685,5660,0,5640,0,0,0,2017-04-24,32634666,5610,116,0,0,0,0,0,0,0,0,5615,604,0,0,0,0,0,0,0,0
438,2017-04-24,09:03:55,174,v1709,XDCE,5610,5610,5670,13058,368050900,149454,145532,5965,5405,5685,5660,0,5640,0,0,0,2017-04-24,32635174,5610,53,0,0,0,0,0,0,0,0,5615,601,0,0,0,0,0,0,0,0
439,2017-04-24,09:03:55,694,v1709,XDCE,5610,5610,5670,13184,371585200,149478,145532,5965,5405,5685,5660,0,5640,0,0,0,2017-04-24,32635694,5605,193,0,0,0,0,0,0,0,0,5610,6,0,0,0,0,0,0,0,0
440,2017-04-24,09:03:56,191,v1709,XDCE,5610,5610,5670,13248,373380400,149478,145532,5965,5405,5685,5660,0,5640,0,0,0,2017-04-24,32636191,5605,172,0,0,0,0,0,0,0,0,5610,7,0,0,0,0,0,0,0,0
441,2017-04-24,09:03:56,687,v1709,XDCE,5610,5610,5670,13288,374502900,149502,145532,5965,5405,5685,5660,0,5640,0,0,0,2017-04-24,32636687,5610,24,0,0,0,0,0,0,0,0,5615,591,0,0,0,0,0,0,0,0
442,2017-04-24,09:03:57,195,v1709,XDCE,5610,5610,5670,13314,375232650,149496,145532,5965,5405,5685,5660,0,5640,0,0,0,2017-04-24,32637195,5610,63,0,0,0,0,0,0,0,0,5615,582,0,0,0,0,0,0,0,0
443,2017-04-24,09:03:57,697,v1709,XDCE,5610,5610,5670,13314,375232650,149496,145532,5965,5405,5685,5660,0,5640,0,0,0,2017-04-24,32637697,5610,86,0,0,0,0,0,0,0,0,5615,462,0,0,0,0,0,0,0,0
444,2017-04-24,09:03:58,179,v1709,XDCE,5610,5610,5670,13356,376410750,149464,145532,5965,5405,5685,5660,0,5640,0,0,0,2017-04-24,32638179,5610,84,0,0,0,0,0,0,0,0,5615,462,0,0,0,0,0,0,0,0
445,2017-04-24,09:03:58,701,v1709,XDCE,5610,5605,5670,13550,381852400,149476,145532,5965,5405,5685,5660,0,5640,0,0,0,2017-04-24,32638701,5605,178,0,0,0,0,0,0,0,0,5610,132,0,0,0,0,0,0,0,0
446,2017-04-24,09:03:59,202,v1709,XDCE,5610,5605,5670,13564,382245100,149478,145532,5965,5405,5685,5660,0,5640,0,0,0,2017-04-24,32639202,5605,173,0,0,0,0,0,0,0,0,5610,129,0,0,0,0,0,0,0,0
447,2017-04-24,09:03:59,685,v1709,XDCE,5605,5605,5670,13580,382693750,149478,145532,5965,5405,5685,5660,0,5640,0,0,0,2017-04-24,32639685,5605,170,0,0,0,0,0,0,0,0,5610,138,0,0,0,0,0,0,0,0
448,2017-04-24,09:04:00,204,v1709,XDCE,5605,5605,5670,13598,383198250,149482,145532,5965,5405,5685,5660,0,5640,0,0,0,2017-04-24,32640204,5605,188,0,0,0,0,0,0,0,0,5610,150,0,0,0,0,0,0,0,0
449,2017-04-24,09:04:00,674,v1709,XDCE,5610,5605,5670,13864,390659450,149434,145532,5965,5405,5685,5660,0,5640,0,0,0,2017-04-24,32640674,5605,188,0,0,0,0,0,0,0,0,5610,15,0,0,0,0,0,0,0,0
450,2017-04-24,09:04:01,173,v1709,XDCE,5610,5605,5670,13980,393913950,149452,145532,5965,5405,5685,5660,0,5640,0,0,0,2017-04-24,32641173,5605,186,0,0,0,0,0,0,0,0,5610,4,0,0,0,0,0,0,0,0
451,2017-04-24,09:04:01,698,v1709,XDCE,5610,5605,5670,13992,394250550,149446,145532,5965,5405,5685,5660,0,5640,0,0,0,2017-04-24,32641698,5610,2,0,0,0,0,0,0,0,0,5615,460,0,0,0,0,0,0,0,0
452,2017-04-24,09:04:02,164,v1709,XDCE,5610,5605,5670,14158,398904200,149512,145532,5965,5405,5685,5660,0,5640,0,0,0,2017-04-24,32642164,5605,149,0,0,0,0,0,0,0,0,5610,13,0,0,0,0,0,0,0,0
453,2017-04-24,09:04:02,690,v1709,XDCE,5610,5605,5670,14162,399016400,149512,145532,5965,5405,5685,5660,0,5640,0,0,0,2017-04-24,32642690,5605,151,0,0,0,0,0,0,0,0,5610,65,0,0,0,0,0,0,0,0
454,2017-04-24,09:04:03,187,v1709,XDCE,5605,5605,5670,14194,399913250,149512,145532,5965,5405,5685,5660,0,5640,0,0,0,2017-04-24,32643187,5605,134,0,0,0,0,0,0,0,0,5610,85,0,0,0,0,0,0,0,0
455,2017-04-24,09:04:03,596,v1709,XDCE,5610,5605,5670,14232,400978400,149536,145532,5965,5405,5685,5660,0,5640,0,0,0,2017-04-24,32643596,5605,119,0,0,0,0,0,0,0,0,5610,94,0,0,0,0,0,0,0,0
456,2017-04-24,09:04:04,163,v1709,XDCE,5605,5605,5670,14234,401034450,149538,145532,5965,5405,5685,5660,0,5640,0,0,0,2017-04-24,32644163,5605,118,0,0,0,0,0,0,0,0,5610,101,0,0,0,0,0,0,0,0
457,2017-04-24,09:04:04,691,v1709,XDCE,5605,5605,5670,14254,401595000,149520,145532,5965,5405,5685,5660,0,5640,0,0,0,2017-04-24,32644691,5605,109,0,0,0,0,0,0,0,0,5610,210,0,0,0,0,0,0,0,0
458,2017-04-24,09:04:05,204,v1709,XDCE,5605,5605,5670,14268,401987400,149520,145532,5965,5405,5685,5660,0,5640,0,0,0,2017-04-24,32645204,5605,158,0,0,0,0,0,0,0,0,5610,210,0,0,0,0,0,0,0,0
459,2017-04-24,09:04:05,690,v1709,XDCE,5605,5605,5670,14268,401987400,149520,145532,5965,5405,5685,5660,0,5640,0,0,0,2017-04-24,32645690,5605,161,0,0,0,0,0,0,0,0,5610,210,0,0,0,0,0,0,0,0
460,2017-04-24,09:04:06,94,v1709,XDCE,5605,5605,5670,14292,402660100,149520,145532,5965,5405,5685,5660,0,5640,0,0,0,2017-04-24,32646094,5605,149,0,0,0,0,0,0,0,0,5610,208,0,0,0,0,0,0,0,0
461,2017-04-24,09:04:06,691,v1709,XDCE,5605,5605,5670,14296,402772200,149520,145532,5965,5405,5685,5660,0,5640,0,0,0,2017-04-24,32646691,5605,145,0,0,0,0,0,0,0,0,5610,209,0,0,0,0,0,0,0,0
462,2017-04-24,09:04:07,162,v1709,XDCE,5605,5605,5670,14298,402828250,149520,145532,5965,5405,5685,5660,0,5640,0,0,0,2017-04-24,32647162,5605,146,0,0,0,0,0,0,0,0,5610,210,0,0,0,0,0,0,0,0
463,2017-04-24,09:04:07,689,v1709,XDCE,5605,5605,5670,14608,411516000,149674,145532,5965,5405,5685,5660,0,5640,0,0,0,2017-04-24,32647689,5600,420,0,0,0,0,0,0,0,0,5605,19,0,0,0,0,0,0,0,0
464,2017-04-24,09:04:08,199,v1709,XDCE,5605,5605,5670,14610,411572050,149676,145532,5965,5405,5685,5660,0,5640,0,0,0,2017-04-24,32648199,5600,410,0,0,0,0,0,0,0,0,5605,29,0,0,0,0,0,0,0,0
465,2017-04-24,09:04:08,599,v1709,XDCE,5605,5605,5670,14616,411740200,149680,145532,5965,5405,5685,5660,0,5640,0,0,0,2017-04-24,32648599,5600,409,0,0,0,0,0,0,0,0,5605,26,0,0,0,0,0,0,0,0
466,2017-04-24,09:04:09,162,v1709,XDCE,5605,5605,5670,14648,412637000,149672,145532,5965,5405,5685,5660,0,5640,0,0,0,2017-04-24,32649162,5600,409,0,0,0,0,0,0,0,0,5605,111,0,0,0,0,0,0,0,0
467,2017-04-24,09:04:09,681,v1709,XDCE,5605,5605,5670,14660,412973300,149670,145532,5965,5405,5685,5660,0,5640,0,0,0,2017-04-24,32649681,5600,401,0,0,0,0,0,0,0,0,5605,105,0,0,0,0,0,0,0,0
468,2017-04-24,09:04:10,185,v1709,XDCE,5605,5600,5670,14668,413197400,149670,145532,5965,5405,5685,5660,0,5640,0,0,0,2017-04-24,32650185,5600,398,0,0,0,0,0,0,0,0,5605,106,0,0,0,0,0,0,0,0
469,2017-04-24,09:04:10,691,v1709,XDCE,5605,5600,5670,14880,419138700,149728,145532,5965,5405,5685,5660,0,5640,0,0,0,2017-04-24,32650691,5605,29,0,0,0,0,0,0,0,0,5610,200,0,0,0,0,0,0,0,0
470,2017-04-24,09:04:11,190,v1709,XDCE,5605,5600,5670,14880,419138700,149728,145532,5965,5405,5685,5660,0,5640,0,0,0,2017-04-24,32651190,5605,17,0,0,0,0,0,0,0,0,5610,206,0,0,0,0,0,0,0,0
471,2017-04-24,09:04:11,685,v1709,XDCE,5605,5600,5670,14932,420596050,149746,145532,5965,5405,5685,5660,0,5640,0,0,0,2017-04-24,32651685,5600,401,0,0,0,0,0,0,0,0,5605,95,0,0,0,0,0,0,0,0
472,2017-04-24,09:04:12,176,v1709,XDCE,5605,5600,5670,14968,421604950,149754,145532,5965,5405,5685,5660,0,5640,0,0,0,2017-04-24,32652176,5600,397,0,0,0,0,0,0,0,0,5605,80,0,0,0,0,0,0,0,0
473,2017-04-24,09:04:12,673,v1709,XDCE,5605,5600,5670,14974,421773050,149760,145532,5965,5405,5685,5660,0,5640,0,0,0,2017-04-24,32652673,5600,377,0,0,0,0,0,0,0,0,5605,79,0,0,0,0,0,0,0,0
474,2017-04-24,09:04:13,169,v1709,XDCE,5605,5600,5670,15074,424575500,149762,145532,5965,5405,5685,5660,0,5640,0,0,0,2017-04-24,32653169,5600,375,0,0,0,0,0,0,0,0,5605,145,0,0,0,0,0,0,0,0
475,2017-04-24,09:04:13,677,v1709,XDCE,5605,5600,5670,15344,432142250,149752,145532,5965,5405,5685,5660,0,5640,0,0,0,2017-04-24,32653677,5605,35,0,0,0,0,0,0,0,0,5610,201,0,0,0,0,0,0,0,0
476,2017-04-24,09:04:14,172,v1709,XDCE,5605,5600,5670,15414,434104000,149772,145532,5965,5405,5685,5660,0,5640,0,0,0,2017-04-24,32654172,5600,381,0,0,0,0,0,0,0,0,5605,15,0,0,0,0,0,0,0,0
477,2017-04-24,09:04:14,698,v1709,XDCE,5605,5600,5670,15448,435056850,149784,145532,5965,5405,5685,5660,0,5640,0,0,0,2017-04-24,32654698,5605,9,0,0,0,0,0,0,0,0,5610,202,0,0,0,0,0,0,0,0
478,2017-04-24,09:04:15,201,v1709,XDCE,5605,5600,5670,15462,435449200,149774,145532,5965,5405,5685,5660,0,5640,0,0,0,2017-04-24,32655201,5600,382,0,0,0,0,0,0,0,0,5605,20,0,0,0,0,0,0,0,0
479,2017-04-24,09:04:15,668,v1709,XDCE,5605,5600,5670,15476,435841300,149780,145532,5965,5405,5685,5660,0,5640,0,0,0,2017-04-24,32655668,5600,376,0,0,0,0,0,0,0,0,5605,25,0,0,0,0,0,0,0,0
480,2017-04-24,09:04:16,201,v1709,XDCE,5600,5600,5670,15536,437521450,149830,145532,5965,5405,5685,5660,0,5640,0,0,0,2017-04-24,32656201,5600,346,0,0,0,0,0,0,0,0,5605,24,0,0,0,0,0,0,0,0
481,2017-04-24,09:04:16,701,v1709,XDCE,5600,5600,5670,15630,440153550,149818,145532,5965,5405,5685,5660,0,5640,0,0,0,2017-04-24,32656701,5600,298,0,0,0,0,0,0,0,0,5605,45,0,0,0,0,0,0,0,0
482,2017-04-24,09:04:17,168,v1709,XDCE,5600,5600,5670,15680,441553550,149798,145532,5965,5405,5685,5660,0,5640,0,0,0,2017-04-24,32657168,5600,273,0,0,0,0,0,0,0,0,5605,47,0,0,0,0,0,0,0,0
483,2017-04-24,09:04:17,664,v1709,XDCE,5600,5600,5670,15700,442113600,149814,145532,5965,5405,5685,5660,0,5640,0,0,0,2017-04-24,32657664,5600,272,0,0,0,0,0,0,0,0,5605,50,0,0,0,0,0,0,0,0
484,2017-04-24,09:04:18,125,v1709,XDCE,5600,5600,5670,15712,442449600,149826,145532,5965,5405,5685,5660,0,5640,0,0,0,2017-04-24,32658125,5600,266,0,0,0,0,0,0,0,0,5605,51,0,0,0,0,0,0,0,0
485,2017-04-24,09:04:18,686,v1709,XDCE,5605,5600,5670,15714,442505650,149826,145532,5965,5405,5685,5660,0,5640,0,0,0,2017-04-24,32658686,5600,267,0,0,0,0,0,0,0,0,5605,210,0,0,0,0,0,0,0,0
486,2017-04-24,09:04:19,197,v1709,XDCE,5600,5600,5670,15716,442561650,149828,145532,5965,5405,5685,5660,0,5640,0,0,0,2017-04-24,32659197,5600,267,0,0,0,0,0,0,0,0,5605,210,0,0,0,0,0,0,0,0
487,2017-04-24,09:04:19,667,v1709,XDCE,5600,5600,5670,15754,443625800,149856,145532,5965,5405,5685,5660,0,5640,0,0,0,2017-04-24,32659667,5600,251,0,0,0,0,0,0,0,0,5605,207,0,0,0,0,0,0,0,0
488,2017-04-24,09:04:20,146,v1709,XDCE,5605,5600,5670,15756,443681850,149856,145532,5965,5405,5685,5660,0,5640,0,0,0,2017-04-24,32660146,5600,250,0,0,0,0,0,0,0,0,5605,214,0,0,0,0,0,0,0,0
489,2017-04-24,09:04:20,692,v1709,XDCE,5605,5600,5670,15756,443681850,149856,145532,5965,5405,5685,5660,0,5640,0,0,0,2017-04-24,32660692,5600,251,0,0,0,0,0,0,0,0,5605,214,0,0,0,0,0,0,0,0
490,2017-04-24,09:04:21,164,v1709,XDCE,5600,5600,5670,15758,443737850,149856,145532,5965,5405,5685,5660,0,5640,0,0,0,2017-04-24,32661164,5600,249,0,0,0,0,0,0,0,0,5605,214,0,0,0,0,0,0,0,0
491,2017-04-24,09:04:21,565,v1709,XDCE,5605,5600,5670,15760,443793900,149854,145532,5965,5405,5685,5660,0,5640,0,0,0,2017-04-24,32661565,5600,250,0,0,0,0,0,0,0,0,5605,213,0,0,0,0,0,0,0,0
492,2017-04-24,09:04:22,160,v1709,XDCE,5605,5600,5670,15766,443962000,149852,145532,5965,5405,5685,5660,0,5640,0,0,0,2017-04-24,32662160,5600,259,0,0,0,0,0,0,0,0,5605,212,0,0,0,0,0,0,0,0
493,2017-04-24,09:04:22,650,v1709,XDCE,5600,5600,5670,15778,444298000,149852,145532,5965,5405,5685,5660,0,5640,0,0,0,2017-04-24,32662650,5600,256,0,0,0,0,0,0,0,0,5605,212,0,0,0,0,0,0,0,0
494,2017-04-24,09:04:23,141,v1709,XDCE,5600,5600,5670,15778,444298000,149852,145532,5965,5405,5685,5660,0,5640,0,0,0,2017-04-24,32663141,5600,261,0,0,0,0,0,0,0,0,5605,213,0,0,0,0,0,0,0,0
495,2017-04-24,09:04:24,191,v1709,XDCE,5600,5600,5670,15792,444690000,149852,145532,5965,5405,5685,5660,0,5640,0,0,0,2017-04-24,32664191,5600,257,0,0,0,0,0,0,0,0,5605,213,0,0,0,0,0,0,0,0
496,2017-04-24,09:04:24,663,v1709,XDCE,5600,5600,5670,15802,444970000,149862,145532,5965,5405,5685,5660,0,5640,0,0,0,2017-04-24,32664663,5600,252,0,0,0,0,0,0,0,0,5605,213,0,0,0,0,0,0,0,0
497,2017-04-24,09:04:25,168,v1709,XDCE,5605,5600,5670,15840,446034550,149852,145532,5965,5405,5685,5660,0,5640,0,0,0,2017-04-24,32665168,5600,244,0,0,0,0,0,0,0,0,5605,198,0,0,0,0,0,0,0,0
498,2017-04-24,09:04:25,632,v1709,XDCE,5600,5600,5670,15858,446538600,149854,145532,5965,5405,5685,5660,0,5640,0,0,0,2017-04-24,32665632,5600,237,0,0,0,0,0,0,0,0,5605,203,0,0,0,0,0,0,0,0
499,2017-04-24,09:04:26,176,v1709,XDCE,5605,5600,5670,15898,447659600,149838,145532,5965,5405,5685,5660,0,5640,0,0,0,2017-04-24,32666176,5600,307,0,0,0,0,0,0,0,0,5605,179,0,0,0,0,0,0,0,0
500,2017-04-24,09:04:26,685,v1709,XDCE,5605,5600,5670,16004,450630250,149834,145532,5965,5405,5685,5660,0,5640,0,0,0,2017-04-24,32666685,5600,310,0,0,0,0,0,0,0,0,5605,117,0,0,0,0,0,0,0,0
501,2017-04-24,09:04:27,203,v1709,XDCE,5600,5600,5670,16006,450686250,149834,145532,5965,5405,5685,5660,0,5640,0,0,0,2017-04-24,32667203,5600,309,0,0,0,0,0,0,0,0,5605,118,0,0,0,0,0,0,0,0
502,2017-04-24,09:04:27,701,v1709,XDCE,5605,5600,5670,16244,457356150,149830,145532,5965,5405,5685,5660,0,5640,0,0,0,2017-04-24,32667701,5605,79,0,0,0,0,0,0,0,0,5610,176,0,0,0,0,0,0,0,0
503,2017-04-24,09:04:28,171,v1709,XDCE,5605,5600,5670,16246,457412200,149830,145532,5965,5405,5685,5660,0,5640,0,0,0,2017-04-24,32668171,5605,166,0,0,0,0,0,0,0,0,5610,154,0,0,0,0,0,0,0,0
504,2017-04-24,09:04:28,682,v1709,XDCE,5605,5600,5670,16252,457580350,149830,145532,5965,5405,5685,5660,0,5640,0,0,0,2017-04-24,32668682,5605,184,0,0,0,0,0,0,0,0,5610,144,0,0,0,0,0,0,0,0
505,2017-04-24,09:04:29,131,v1709,XDCE,5605,5600,5670,16252,457580350,149830,145532,5965,5405,5685,5660,0,5640,0,0,0,2017-04-24,32669131,5605,212,0,0,0,0,0,0,0,0,5610,144,0,0,0,0,0,0,0,0
506,2017-04-24,09:04:29,693,v1709,XDCE,5605,5600,5670,16252,457580350,149830,145532,5965,5405,5685,5660,0,5640,0,0,0,2017-04-24,32669693,5605,222,0,0,0,0,0,0,0,0,5610,144,0,0,0,0,0,0,0,0
507,2017-04-24,09:04:30,192,v1709,XDCE,5610,5600,5670,16274,458197400,149844,145532,5965,5405,5685,5660,0,5640,0,0,0,2017-04-24,32670192,5605,221,0,0,0,0,0,0,0,0,5610,134,0,0,0,0,0,0,0,0
508,2017-04-24,09:04:31,157,v1709,XDCE,5605,5600,5670,16284,458477650,149834,145532,5965,5405,5685,5660,0,5640,0,0,0,2017-04-24,32671157,5605,217,0,0,0,0,0,0,0,0,5610,137,0,0,0,0,0,0,0,0
509,2017-04-24,09:04:31,675,v1709,XDCE,5605,5600,5670,16292,458702000,149832,145532,5965,5405,5685,5660,0,5640,0,0,0,2017-04-24,32671675,5605,217,0,0,0,0,0,0,0,0,5610,139,0,0,0,0,0,0,0,0
510,2017-04-24,09:04:32,203,v1709,XDCE,5605,5600,5670,16292,458702000,149832,145532,5965,5405,5685,5660,0,5640,0,0,0,2017-04-24,32672203,5605,218,0,0,0,0,0,0,0,0,5610,140,0,0,0,0,0,0,0,0
511,2017-04-24,09:04:32,702,v1709,XDCE,5605,5600,5670,16310,459206450,149832,145532,5965,5405,5685,5660,0,5640,0,0,0,2017-04-24,32672702,5605,209,0,0,0,0,0,0,0,0,5610,140,0,0,0,0,0,0,0,0
512,2017-04-24,09:04:33,523,v1709,XDCE,5605,5600,5670,16314,459318550,149830,145532,5965,5405,5685,5660,0,5640,0,0,0,2017-04-24,32673523,5605,257,0,0,0,0,0,0,0,0,5610,143,0,0,0,0,0,0,0,0
513,2017-04-24,09:04:34,108,v1709,XDCE,5605,5600,5670,16320,459486800,149832,145532,5965,5405,5685,5660,0,5640,0,0,0,2017-04-24,32674108,5605,256,0,0,0,0,0,0,0,0,5610,141,0,0,0,0,0,0,0,0
514,2017-04-24,09:04:34,597,v1709,XDCE,5610,5600,5670,16324,459599000,149834,145532,5965,5405,5685,5660,0,5640,0,0,0,2017-04-24,32674597,5605,262,0,0,0,0,0,0,0,0,5610,139,0,0,0,0,0,0,0,0
515,2017-04-24,09:04:35,702,v1709,XDCE,5610,5600,5670,16330,459767300,149836,145532,5965,5405,5685,5660,0,5640,0,0,0,2017-04-24,32675702,5605,262,0,0,0,0,0,0,0,0,5610,136,0,0,0,0,0,0,0,0
516,2017-04-24,09:04:36,170,v1709,XDCE,5610,5600,5670,16334,459879450,149834,145532,5965,5405,5685,5660,0,5640,0,0,0,2017-04-24,32676170,5605,261,0,0,0,0,0,0,0,0,5610,135,0,0,0,0,0,0,0,0
517,2017-04-24,09:04:36,669,v1709,XDCE,5605,5600,5670,16340,460047600,149836,145532,5965,5405,5685,5660,0,5640,0,0,0,2017-04-24,32676669,5605,258,0,0,0,0,0,0,0,0,5610,132,0,0,0,0,0,0,0,0
518,2017-04-24,09:04:37,175,v1709,XDCE,5605,5600,5670,16356,460496100,149848,145532,5965,5405,5685,5660,0,5640,0,0,0,2017-04-24,32677175,5605,253,0,0,0,0,0,0,0,0,5610,130,0,0,0,0,0,0,0,0
519,2017-04-24,09:04:38,195,v1709,XDCE,5610,5600,5670,16358,460552200,149848,145532,5965,5405,5685,5660,0,5640,0,0,0,2017-04-24,32678195,5605,253,0,0,0,0,0,0,0,0,5610,129,0,0,0,0,0,0,0,0
520,2017-04-24,09:04:38,680,v1709,XDCE,5605,5600,5670,16458,463354700,149920,145532,5965,5405,5685,5660,0,5640,0,0,0,2017-04-24,32678680,5605,196,0,0,0,0,0,0,0,0,5610,141,0,0,0,0,0,0,0,0
521,2017-04-24,09:04:39,199,v1709,XDCE,5605,5600,5670,16750,471538000,149908,145532,5965,5405,5685,5660,0,5640,0,0,0,2017-04-24,32679199,5605,50,0,0,0,0,0,0,0,0,5610,141,0,0,0,0,0,0,0,0
522,2017-04-24,09:04:39,687,v1709,XDCE,5605,5600,5670,16850,474340500,149988,145532,5965,5405,5685,5660,0,5640,0,0,0,2017-04-24,32679687,5600,366,0,0,0,0,0,0,0,0,5605,15,0,0,0,0,0,0,0,0
523,2017-04-24,09:04:40,153,v1709,XDCE,5605,5600,5670,16874,475012850,150010,145532,5965,5405,5685,5660,0,5640,0,0,0,2017-04-24,32680153,5600,354,0,0,0,0,0,0,0,0,5605,61,0,0,0,0,0,0,0,0
524,2017-04-24,09:04:40,681,v1709,XDCE,5605,5600,5670,16874,475012850,150010,145532,5965,5405,5685,5660,0,5640,0,0,0,2017-04-24,32680681,5600,352,0,0,0,0,0,0,0,0,5605,44,0,0,0,0,0,0,0,0
525,2017-04-24,09:04:41,128,v1709,XDCE,5605,5600,5670,16884,475293100,150010,145532,5965,5405,5685,5660,0,5640,0,0,0,2017-04-24,32681128,5600,354,0,0,0,0,0,0,0,0,5605,40,0,0,0,0,0,0,0,0
526,2017-04-24,09:04:41,699,v1709,XDCE,5600,5600,5670,16886,475349100,150010,145532,5965,5405,5685,5660,0,5640,0,0,0,2017-04-24,32681699,5600,352,0,0,0,0,0,0,0,0,5605,40,0,0,0,0,0,0,0,0
527,2017-04-24,09:04:41,972,v1709,XDCE,5600,5600,5670,16886,475349100,150010,145532,5965,5405,5685,5660,0,5640,0,0,0,2017-04-24,32681972,5600,360,0,0,0,0,0,0,0,0,5605,40,0,0,0,0,0,0,0,0
528,2017-04-24,09:04:42,682,v1709,XDCE,5605,5600,5670,16896,475629350,150010,145532,5965,5405,5685,5660,0,5640,0,0,0,2017-04-24,32682682,5600,360,0,0,0,0,0,0,0,0,5605,36,0,0,0,0,0,0,0,0
529,2017-04-24,09:04:43,159,v1709,XDCE,5600,5600,5670,16906,475909350,150018,145532,5965,5405,5685,5660,0,5640,0,0,0,2017-04-24,32683159,5600,356,0,0,0,0,0,0,0,0,5605,42,0,0,0,0,0,0,0,0
530,2017-04-24,09:04:43,681,v1709,XDCE,5605,5600,5670,16990,478263450,150018,145532,5965,5405,5685,5660,0,5640,0,0,0,2017-04-24,32683681,5605,9,0,0,0,0,0,0,0,0,5610,197,0,0,0,0,0,0,0,0
531,2017-04-24,09:04:44,165,v1709,XDCE,5605,5600,5670,16990,478263450,150018,145532,5965,5405,5685,5660,0,5640,0,0,0,2017-04-24,32684165,5605,15,0,0,0,0,0,0,0,0,5610,185,0,0,0,0,0,0,0,0
532,2017-04-24,09:04:44,690,v1709,XDCE,5605,5600,5670,16992,478319500,150020,145532,5965,5405,5685,5660,0,5640,0,0,0,2017-04-24,32684690,5605,15,0,0,0,0,0,0,0,0,5610,185,0,0,0,0,0,0,0,0
533,2017-04-24,09:04:45,168,v1709,XDCE,5605,5600,5670,17040,479664700,150024,145532,5965,5405,5685,5660,0,5640,0,0,0,2017-04-24,32685168,5600,359,0,0,0,0,0,0,0,0,5610,186,0,0,0,0,0,0,0,0
534,2017-04-24,09:04:45,539,v1709,XDCE,5600,5600,5670,17060,480224700,150024,145532,5965,5405,5685,5660,0,5640,0,0,0,2017-04-24,32685539,5600,340,0,0,0,0,0,0,0,0,5610,194,0,0,0,0,0,0,0,0
535,2017-04-24,09:04:46,171,v1709,XDCE,5605,5600,5670,17064,480336850,150024,145532,5965,5405,5685,5660,0,5640,0,0,0,2017-04-24,32686171,5605,7,0,0,0,0,0,0,0,0,5610,193,0,0,0,0,0,0,0,0
536,2017-04-24,09:04:46,622,v1709,XDCE,5605,5600,5670,17066,480392900,150024,145532,5965,5405,5685,5660,0,5640,0,0,0,2017-04-24,32686622,5605,9,0,0,0,0,0,0,0,0,5610,193,0,0,0,0,0,0,0,0
537,2017-04-24,09:04:47,181,v1709,XDCE,5605,5600,5670,17070,480505000,150020,145532,5965,5405,5685,5660,0,5640,0,0,0,2017-04-24,32687181,5605,10,0,0,0,0,0,0,0,0,5610,193,0,0,0,0,0,0,0,0
