,dataDate,dataTime,dataMillisec,instrumentID,exchangeCD,lastPrice,lowPrice,highPrice,volume,value,openInterest,preOpenInterest,upperLimitPrice,lowerLimitPrice,preSettlementPrice,prevClosePrice,settlementPrice,openPrice,closePrice,preDelta,currDelta,clearingDay,milliSecOffset,bidPrice1,bidVolume1,bidPrice2,bidVolume2,bidPrice3,bidVolume3,bidPrice4,bidVolume4,bidPrice5,bidVolume5,askPrice1,askVolume1,askPrice2,askVolume2,askPrice3,askVolume3,askPrice4,askVolume4,askPrice5,askVolume5
0,2017-04-24,08:59:00,0,WH705,XZCE,3142,3142,3142,4,251360,10334,10334,3302,2986,3144,3154,0,3142,0,0,0,2017-04-24,32340000,3142,1,0,0,0,0,0,0,0,0,3143,1,0,0,0,0,0,0,0,0
1,2017-04-24,09:00:00,0,WH705,XZCE,3142,3142,3142,6,377040,10336,10334,3302,2986,3144,3154,0,3142,0,0,0,2017-04-24,32400000,3140,2,0,0,0,0,0,0,0,0,3142,2,0,0,0,0,0,0,0,0
2,2017-04-24,09:00:02,0,WH705,XZCE,3143,3142,3143,12,754200,10336,10334,3302,2986,3144,3154,0,3142,0,0,0,2017-04-24,32402000,3143,3,0,0,0,0,0,0,0,0,3149,1,0,0,0,0,0,0,0,0
3,2017-04-24,09:00:03,0,WH705,XZCE,3143,3142,3143,12,754200,10336,10334,3302,2986,3144,3154,0,3142,0,0,0,2017-04-24,32403000,3144,1,0,0,0,0,0,0,0,0,3149,1,0,0,0,0,0,0,0,0
4,2017-04-24,09:00:08,0,WH705,XZCE,3143,3142,3143,12,754200,10336,10334,3302,2986,3144,3154,0,3142,0,0,0,2017-04-24,32408000,3143,3,0,0,0,0,0,0,0,0,3149,1,0,0,0,0,0,0,0,0
5,2017-04-24,09:00:08,0,WH705,XZCE,3143,3142,3143,12,754200,10336,10334,3302,2986,3144,3154,0,3142,0,0,0,2017-04-24,32408000,3143,4,0,0,0,0,0,0,0,0,3149,1,0,0,0,0,0,0,0,0
6,2017-04-24,09:00:09,0,WH705,XZCE,3149,3142,3149,14,880160,10334,10334,3302,2986,3144,3154,0,3142,0,0,0,2017-04-24,32409000,3149,1,0,0,0,0,0,0,0,0,3150,1,0,0,0,0,0,0,0,0
7,2017-04-24,09:00:09,0,WH705,XZCE,3149,3142,3149,16,1006120,10334,10334,3302,2986,3144,3154,0,3142,0,0,0,2017-04-24,32409000,3143,4,0,0,0,0,0,0,0,0,3150,1,0,0,0,0,0,0,0,0
8,2017-04-24,09:00:10,0,WH705,XZCE,3149,3142,3149,16,1006120,10334,10334,3302,2986,3144,3154,0,3142,0,0,0,2017-04-24,32410000,3145,1,0,0,0,0,0,0,0,0,3149,2,0,0,0,0,0,0,0,0
9,2017-04-24,09:00:11,0,WH705,XZCE,3149,3142,3149,16,1006120,10334,10334,3302,2986,3144,3154,0,3142,0,0,0,2017-04-24,32411000,3145,1,0,0,0,0,0,0,0,0,3149,3,0,0,0,0,0,0,0,0
10,2017-04-24,09:00:13,0,WH705,XZCE,3149,3142,3149,16,1006120,10334,10334,3302,2986,3144,3154,0,3142,0,0,0,2017-04-24,32413000,3144,1,0,0,0,0,0,0,0,0,3149,3,0,0,0,0,0,0,0,0
11,2017-04-24,09:00:14,0,WH705,XZCE,3149,3142,3149,16,1006120,10334,10334,3302,2986,3144,3154,0,3142,0,0,0,2017-04-24,32414000,3144,1,0,0,0,0,0,0,0,0,3148,1,0,0,0,0,0,0,0,0
12,2017-04-24,09:00:17,0,WH705,XZCE,3144,3142,3149,18,1131880,10336,10334,3302,2986,3144,3154,0,3142,0,0,0,2017-04-24,32417000,3143,4,0,0,0,0,0,0,0,0,3148,1,0,0,0,0,0,0,0,0
13,2017-04-24,09:00:18,0,WH705,XZCE,3144,3142,3149,18,1131880,10336,10334,3302,2986,3144,3154,0,3142,0,0,0,2017-04-24,32418000,3143,4,0,0,0,0,0,0,0,0,3144,1,0,0,0,0,0,0,0,0
14,2017-04-24,09:00:23,0,WH705,XZCE,3144,3142,3149,20,1257640,10336,10334,3302,2986,3144,3154,0,3142,0,0,0,2017-04-24,32423000,3143,4,0,0,0,0,0,0,0,0,3147,1,0,0,0,0,0,0,0,0
15,2017-04-24,09:00:23,0,WH705,XZCE,3144,3142,3149,20,1257640,10336,10334,3302,2986,3144,3154,0,3142,0,0,0,2017-04-24,32423000,3143,4,0,0,0,0,0,0,0,0,3147,2,0,0,0,0,0,0,0,0
16,2017-04-24,09:00:23,0,WH705,XZCE,3144,3142,3149,20,1257640,10336,10334,3302,2986,3144,3154,0,3142,0,0,0,2017-04-24,32423000,3143,4,0,0,0,0,0,0,0,0,3147,3,0,0,0,0,0,0,0,0
17,2017-04-24,09:00:26,0,WH705,XZCE,3144,3142,3149,20,1257640,10336,10334,3302,2986,3144,3154,0,3142,0,0,0,2017-04-24,32426000,3144,8,0,0,0,0,0,0,0,0,3147,3,0,0,0,0,0,0,0,0
18,2017-04-24,09:00:28,0,WH705,XZCE,3144,3142,3149,20,1257640,10336,10334,3302,2986,3144,3154,0,3142,0,0,0,2017-04-24,32428000,3145,1,0,0,0,0,0,0,0,0,3147,3,0,0,0,0,0,0,0,0
19,2017-04-24,09:00:34,0,WH705,XZCE,3145,3142,3149,22,1383440,10336,10334,3302,2986,3144,3154,0,3142,0,0,0,2017-04-24,32434000,3143,4,0,0,0,0,0,0,0,0,3147,3,0,0,0,0,0,0,0,0
20,2017-04-24,09:00:38,0,WH705,XZCE,3147,3142,3149,28,1761080,10342,10334,3302,2986,3144,3154,0,3142,0,0,0,2017-04-24,32438000,3143,4,0,0,0,0,0,0,0,0,3148,1,0,0,0,0,0,0,0,0
21,2017-04-24,09:00:41,0,WH705,XZCE,3147,3142,3149,28,1761080,10342,10334,3302,2986,3144,3154,0,3142,0,0,0,2017-04-24,32441000,3144,1,0,0,0,0,0,0,0,0,3148,1,0,0,0,0,0,0,0,0
22,2017-04-24,09:00:49,0,WH705,XZCE,3147,3142,3149,28,1761080,10342,10334,3302,2986,3144,3154,0,3142,0,0,0,2017-04-24,32449000,3144,1,0,0,0,0,0,0,0,0,3150,2,0,0,0,0,0,0,0,0
23,2017-04-24,09:00:52,0,WH705,XZCE,3147,3142,3149,28,1761080,10342,10334,3302,2986,3144,3154,0,3142,0,0,0,2017-04-24,32452000,3144,1,0,0,0,0,0,0,0,0,3147,1,0,0,0,0,0,0,0,0
24,2017-04-24,09:01:08,0,WH705,XZCE,3147,3142,3149,30,1886960,10342,10334,3302,2986,3144,3154,0,3142,0,0,0,2017-04-24,32468000,3147,2,0,0,0,0,0,0,0,0,3150,3,0,0,0,0,0,0,0,0
25,2017-04-24,09:01:12,0,WH705,XZCE,3147,3142,3149,32,2012840,10340,10334,3302,2986,3144,3154,0,3142,0,0,0,2017-04-24,32472000,3147,1,0,0,0,0,0,0,0,0,3150,3,0,0,0,0,0,0,0,0
26,2017-04-24,09:01:13,0,WH705,XZCE,3147,3142,3149,32,2012840,10340,10334,3302,2986,3144,3154,0,3142,0,0,0,2017-04-24,32473000,3147,1,0,0,0,0,0,0,0,0,3150,4,0,0,0,0,0,0,0,0
27,2017-04-24,09:01:18,0,WH705,XZCE,3150,3142,3150,34,2138840,10340,10334,3302,2986,3144,3154,0,3142,0,0,0,2017-04-24,32478000,3147,1,0,0,0,0,0,0,0,0,3150,3,0,0,0,0,0,0,0,0
28,2017-04-24,09:01:19,0,WH705,XZCE,3150,3142,3150,40,2516840,10346,10334,3302,2986,3144,3154,0,3142,0,0,0,2017-04-24,32479000,3147,1,0,0,0,0,0,0,0,0,3151,3,0,0,0,0,0,0,0,0
29,2017-04-24,09:01:26,0,WH705,XZCE,3150,3142,3150,40,2516840,10346,10334,3302,2986,3144,3154,0,3142,0,0,0,2017-04-24,32486000,3147,1,0,0,0,0,0,0,0,0,3150,5,0,0,0,0,0,0,0,0
30,2017-04-24,09:01:26,0,WH705,XZCE,3150,3142,3150,40,2516840,10346,10334,3302,2986,3144,3154,0,3142,0,0,0,2017-04-24,32486000,3147,1,0,0,0,0,0,0,0,0,3148,3,0,0,0,0,0,0,0,0
31,2017-04-24,09:01:29,0,WH705,XZCE,3147,3142,3150,42,2642720,10344,10334,3302,2986,3144,3154,0,3142,0,0,0,2017-04-24,32489000,3143,4,0,0,0,0,0,0,0,0,3145,3,0,0,0,0,0,0,0,0
32,2017-04-24,09:01:35,0,WH705,XZCE,3145,3142,3150,48,3020120,10344,10334,3302,2986,3144,3154,0,3142,0,0,0,2017-04-24,32495000,3143,4,0,0,0,0,0,0,0,0,3148,3,0,0,0,0,0,0,0,0
33,2017-04-24,09:01:36,0,WH705,XZCE,3145,3142,3150,48,3020120,10344,10334,3302,2986,3144,3154,0,3142,0,0,0,2017-04-24,32496000,3143,4,0,0,0,0,0,0,0,0,3147,1,0,0,0,0,0,0,0,0
34,2017-04-24,09:01:40,0,WH705,XZCE,3145,3142,3150,48,3020120,10344,10334,3302,2986,3144,3154,0,3142,0,0,0,2017-04-24,32500000,3143,3,0,0,0,0,0,0,0,0,3147,1,0,0,0,0,0,0,0,0
35,2017-04-24,09:02:04,0,WH705,XZCE,3148,3142,3150,54,3397880,10346,10334,3302,2986,3144,3154,0,3142,0,0,0,2017-04-24,32524000,3143,3,0,0,0,0,0,0,0,0,3148,1,0,0,0,0,0,0,0,0
36,2017-04-24,09:02:27,0,WH705,XZCE,3148,3142,3150,54,3397880,10346,10334,3302,2986,3144,3154,0,3142,0,0,0,2017-04-24,32547000,3143,3,0,0,0,0,0,0,0,0,3145,5,0,0,0,0,0,0,0,0
37,2017-04-24,09:02:29,0,WH705,XZCE,3148,3142,3150,56,3523800,10346,10334,3302,2986,3144,3154,0,3142,0,0,0,2017-04-24,32549000,3143,3,0,0,0,0,0,0,0,0,3145,4,0,0,0,0,0,0,0,0
38,2017-04-24,09:02:34,0,WH705,XZCE,3143,3142,3150,60,3775240,10342,10334,3302,2986,3144,3154,0,3142,0,0,0,2017-04-24,32554000,3143,1,0,0,0,0,0,0,0,0,3145,4,0,0,0,0,0,0,0,0
39,2017-04-24,09:02:35,0,WH705,XZCE,3143,3142,3150,62,3900960,10342,10334,3302,2986,3144,3154,0,3142,0,0,0,2017-04-24,32555000,3140,1,0,0,0,0,0,0,0,0,3145,4,0,0,0,0,0,0,0,0
40,2017-04-24,09:02:36,0,WH705,XZCE,3143,3142,3150,62,3900960,10342,10334,3302,2986,3144,3154,0,3142,0,0,0,2017-04-24,32556000,3140,1,0,0,0,0,0,0,0,0,3144,1,0,0,0,0,0,0,0,0
41,2017-04-24,09:02:39,0,WH705,XZCE,3143,3142,3150,62,3900960,10342,10334,3302,2986,3144,3154,0,3142,0,0,0,2017-04-24,32559000,3140,4,0,0,0,0,0,0,0,0,3144,1,0,0,0,0,0,0,0,0
42,2017-04-24,09:02:40,0,WH705,XZCE,3143,3142,3150,62,3900960,10342,10334,3302,2986,3144,3154,0,3142,0,0,0,2017-04-24,32560000,3141,1,0,0,0,0,0,0,0,0,3144,1,0,0,0,0,0,0,0,0
43,2017-04-24,09:02:41,0,WH705,XZCE,3143,3142,3150,62,3900960,10342,10334,3302,2986,3144,3154,0,3142,0,0,0,2017-04-24,32561000,3141,1,0,0,0,0,0,0,0,0,3145,4,0,0,0,0,0,0,0,0
44,2017-04-24,09:02:42,0,WH705,XZCE,3143,3142,3150,62,3900960,10342,10334,3302,2986,3144,3154,0,3142,0,0,0,2017-04-24,32562000,3141,1,0,0,0,0,0,0,0,0,3143,5,0,0,0,0,0,0,0,0
45,2017-04-24,09:02:45,0,WH705,XZCE,3141,3141,3150,64,4026600,10342,10334,3302,2986,3144,3154,0,3142,0,0,0,2017-04-24,32565000,3140,4,0,0,0,0,0,0,0,0,3142,2,0,0,0,0,0,0,0,0
46,2017-04-24,09:02:46,0,WH705,XZCE,3140,3140,3150,66,4152200,10340,10334,3302,2986,3144,3154,0,3142,0,0,0,2017-04-24,32566000,3140,3,0,0,0,0,0,0,0,0,3142,1,0,0,0,0,0,0,0,0
47,2017-04-24,09:02:46,0,WH705,XZCE,3140,3140,3150,66,4152200,10340,10334,3302,2986,3144,3154,0,3142,0,0,0,2017-04-24,32566000,3140,3,0,0,0,0,0,0,0,0,3143,5,0,0,0,0,0,0,0,0
48,2017-04-24,09:02:47,0,WH705,XZCE,3140,3140,3150,70,4403400,10340,10334,3302,2986,3144,3154,0,3142,0,0,0,2017-04-24,32567000,3140,1,0,0,0,0,0,0,0,0,3143,5,0,0,0,0,0,0,0,0
49,2017-04-24,09:02:50,0,WH705,XZCE,3140,3140,3150,70,4403400,10340,10334,3302,2986,3144,3154,0,3142,0,0,0,2017-04-24,32570000,3140,1,0,0,0,0,0,0,0,0,3142,1,0,0,0,0,0,0,0,0
50,2017-04-24,09:02:51,0,WH705,XZCE,3140,3140,3150,72,4529000,10338,10334,3302,2986,3144,3154,0,3142,0,0,0,2017-04-24,32571000,3136,1,0,0,0,0,0,0,0,0,3140,4,0,0,0,0,0,0,0,0
51,2017-04-24,09:02:52,0,WH705,XZCE,3140,3140,3150,72,4529000,10338,10334,3302,2986,3144,3154,0,3142,0,0,0,2017-04-24,32572000,3136,1,0,0,0,0,0,0,0,0,3140,5,0,0,0,0,0,0,0,0
52,2017-04-24,09:02:52,0,WH705,XZCE,3140,3140,3150,72,4529000,10338,10334,3302,2986,3144,3154,0,3142,0,0,0,2017-04-24,32572000,3136,1,0,0,0,0,0,0,0,0,3140,1,0,0,0,0,0,0,0,0
53,2017-04-24,09:02:54,0,WH705,XZCE,3142,3140,3150,76,4780360,10342,10334,3302,2986,3144,3154,0,3142,0,0,0,2017-04-24,32574000,3142,1,0,0,0,0,0,0,0,0,3143,5,0,0,0,0,0,0,0,0
54,2017-04-24,09:02:55,0,WH705,XZCE,3142,3140,3150,78,4906040,10344,10334,3302,2986,3144,3154,0,3142,0,0,0,2017-04-24,32575000,3136,1,0,0,0,0,0,0,0,0,3143,5,0,0,0,0,0,0,0,0
55,2017-04-24,09:02:58,0,WH705,XZCE,3142,3140,3150,78,4906040,10344,10334,3302,2986,3144,3154,0,3142,0,0,0,2017-04-24,32578000,3136,1,0,0,0,0,0,0,0,0,3142,2,0,0,0,0,0,0,0,0
56,2017-04-24,09:03:00,0,WH705,XZCE,3142,3140,3150,78,4906040,10344,10334,3302,2986,3144,3154,0,3142,0,0,0,2017-04-24,32580000,3136,4,0,0,0,0,0,0,0,0,3142,2,0,0,0,0,0,0,0,0
57,2017-04-24,09:03:02,0,WH705,XZCE,3142,3140,3150,78,4906040,10344,10334,3302,2986,3144,3154,0,3142,0,0,0,2017-04-24,32582000,3137,1,0,0,0,0,0,0,0,0,3142,2,0,0,0,0,0,0,0,0
58,2017-04-24,09:03:02,0,WH705,XZCE,3142,3140,3150,78,4906040,10344,10334,3302,2986,3144,3154,0,3142,0,0,0,2017-04-24,32582000,3137,1,0,0,0,0,0,0,0,0,3143,5,0,0,0,0,0,0,0,0
59,2017-04-24,09:03:03,0,WH705,XZCE,3142,3140,3150,78,4906040,10344,10334,3302,2986,3144,3154,0,3142,0,0,0,2017-04-24,32583000,3137,1,0,0,0,0,0,0,0,0,3142,1,0,0,0,0,0,0,0,0
60,2017-04-24,09:03:06,0,WH705,XZCE,3142,3140,3150,78,4906040,10344,10334,3302,2986,3144,3154,0,3142,0,0,0,2017-04-24,32586000,3137,1,0,0,0,0,0,0,0,0,3140,1,0,0,0,0,0,0,0,0
61,2017-04-24,09:03:07,0,WH705,XZCE,3137,3137,3150,80,5031520,10346,10334,3302,2986,3144,3154,0,3142,0,0,0,2017-04-24,32587000,3136,4,0,0,0,0,0,0,0,0,3140,1,0,0,0,0,0,0,0,0
62,2017-04-24,09:03:08,0,WH705,XZCE,3140,3137,3150,82,5157120,10344,10334,3302,2986,3144,3154,0,3142,0,0,0,2017-04-24,32588000,3138,1,0,0,0,0,0,0,0,0,3142,3,0,0,0,0,0,0,0,0
63,2017-04-24,09:03:09,0,WH705,XZCE,3138,3137,3150,84,5282640,10344,10334,3302,2986,3144,3154,0,3142,0,0,0,2017-04-24,32589000,3136,4,0,0,0,0,0,0,0,0,3142,1,0,0,0,0,0,0,0,0
64,2017-04-24,09:03:09,0,WH705,XZCE,3138,3137,3150,84,5282640,10344,10334,3302,2986,3144,3154,0,3142,0,0,0,2017-04-24,32589000,3136,4,0,0,0,0,0,0,0,0,3141,1,0,0,0,0,0,0,0,0
65,2017-04-24,09:03:10,0,WH705,XZCE,3138,3137,3150,84,5282640,10344,10334,3302,2986,3144,3154,0,3142,0,0,0,2017-04-24,32590000,3136,4,0,0,0,0,0,0,0,0,3141,2,0,0,0,0,0,0,0,0
66,2017-04-24,09:03:11,0,WH705,XZCE,3143,3137,3150,92,5785520,10346,10334,3302,2986,3144,3154,0,3142,0,0,0,2017-04-24,32591000,3141,18,0,0,0,0,0,0,0,0,3143,4,0,0,0,0,0,0,0,0
67,2017-04-24,09:03:15,0,WH705,XZCE,3143,3137,3150,92,5785520,10346,10334,3302,2986,3144,3154,0,3142,0,0,0,2017-04-24,32595000,3142,1,0,0,0,0,0,0,0,0,3143,4,0,0,0,0,0,0,0,0
68,2017-04-24,09:03:18,0,WH705,XZCE,3143,3137,3150,100,6288400,10346,10334,3302,2986,3144,3154,0,3142,0,0,0,2017-04-24,32598000,3143,8,0,0,0,0,0,0,0,0,3145,5,0,0,0,0,0,0,0,0
69,2017-04-24,09:03:19,0,WH705,XZCE,3145,3137,3150,102,6414200,10346,10334,3302,2986,3144,3154,0,3142,0,0,0,2017-04-24,32599000,3143,8,0,0,0,0,0,0,0,0,3145,4,0,0,0,0,0,0,0,0
70,2017-04-24,09:03:20,0,WH705,XZCE,3145,3137,3150,104,6540000,10346,10334,3302,2986,3144,3154,0,3142,0,0,0,2017-04-24,32600000,3143,8,0,0,0,0,0,0,0,0,3145,3,0,0,0,0,0,0,0,0
71,2017-04-24,09:03:20,0,WH705,XZCE,3143,3137,3150,106,6665720,10346,10334,3302,2986,3144,3154,0,3142,0,0,0,2017-04-24,32600000,3143,7,0,0,0,0,0,0,0,0,3145,3,0,0,0,0,0,0,0,0
72,2017-04-24,09:03:21,0,WH705,XZCE,3143,3137,3150,106,6665720,10346,10334,3302,2986,3144,3154,0,3142,0,0,0,2017-04-24,32601000,3144,1,0,0,0,0,0,0,0,0,3145,3,0,0,0,0,0,0,0,0
73,2017-04-24,09:03:22,0,WH705,XZCE,3145,3137,3150,112,7043120,10352,10334,3302,2986,3144,3154,0,3142,0,0,0,2017-04-24,32602000,3145,17,0,0,0,0,0,0,0,0,3147,1,0,0,0,0,0,0,0,0
74,2017-04-24,09:03:22,0,WH705,XZCE,3145,3137,3150,112,7043120,10352,10334,3302,2986,3144,3154,0,3142,0,0,0,2017-04-24,32602000,3146,1,0,0,0,0,0,0,0,0,3147,1,0,0,0,0,0,0,0,0
75,2017-04-24,09:03:23,0,WH705,XZCE,3145,3137,3150,112,7043120,10352,10334,3302,2986,3144,3154,0,3142,0,0,0,2017-04-24,32603000,3146,2,0,0,0,0,0,0,0,0,3147,1,0,0,0,0,0,0,0,0
76,2017-04-24,09:03:23,0,WH705,XZCE,3147,3137,3150,114,7169000,10354,10334,3302,2986,3144,3154,0,3142,0,0,0,2017-04-24,32603000,3146,3,0,0,0,0,0,0,0,0,3150,5,0,0,0,0,0,0,0,0
77,2017-04-24,09:03:24,0,WH705,XZCE,3146,3137,3150,116,7294840,10354,10334,3302,2986,3144,3154,0,3142,0,0,0,2017-04-24,32604000,3147,1,0,0,0,0,0,0,0,0,3150,5,0,0,0,0,0,0,0,0
78,2017-04-24,09:03:24,0,WH705,XZCE,3146,3137,3150,116,7294840,10354,10334,3302,2986,3144,3154,0,3142,0,0,0,2017-04-24,32604000,3146,1,0,0,0,0,0,0,0,0,3150,5,0,0,0,0,0,0,0,0
79,2017-04-24,09:03:25,0,WH705,XZCE,3150,3137,3150,120,7546840,10354,10334,3302,2986,3144,3154,0,3142,0,0,0,2017-04-24,32605000,3145,19,0,0,0,0,0,0,0,0,3150,3,0,0,0,0,0,0,0,0
80,2017-04-24,09:03:26,0,WH705,XZCE,3150,3137,3150,120,7546840,10354,10334,3302,2986,3144,3154,0,3142,0,0,0,2017-04-24,32606000,3146,1,0,0,0,0,0,0,0,0,3150,3,0,0,0,0,0,0,0,0
81,2017-04-24,09:03:27,0,WH705,XZCE,3150,3137,3150,120,7546840,10354,10334,3302,2986,3144,3154,0,3142,0,0,0,2017-04-24,32607000,3146,2,0,0,0,0,0,0,0,0,3150,3,0,0,0,0,0,0,0,0
82,2017-04-24,09:03:28,0,WH705,XZCE,3146,3137,3150,124,7798520,10358,10334,3302,2986,3144,3154,0,3142,0,0,0,2017-04-24,32608000,3145,19,0,0,0,0,0,0,0,0,3146,3,0,0,0,0,0,0,0,0
83,2017-04-24,09:03:29,0,WH705,XZCE,3146,3137,3150,130,8176040,10364,10334,3302,2986,3144,3154,0,3142,0,0,0,2017-04-24,32609000,3145,19,0,0,0,0,0,0,0,0,3150,3,0,0,0,0,0,0,0,0
84,2017-04-24,09:03:30,0,WH705,XZCE,3146,3137,3150,130,8176040,10364,10334,3302,2986,3144,3154,0,3142,0,0,0,2017-04-24,32610000,3145,19,0,0,0,0,0,0,0,0,3149,1,0,0,0,0,0,0,0,0
85,2017-04-24,09:03:30,0,WH705,XZCE,3146,3137,3150,130,8176040,10364,10334,3302,2986,3144,3154,0,3142,0,0,0,2017-04-24,32610000,3145,17,0,0,0,0,0,0,0,0,3149,1,0,0,0,0,0,0,0,0
86,2017-04-24,09:03:32,0,WH705,XZCE,3145,3137,3150,140,8805040,10374,10334,3302,2986,3144,3154,0,3142,0,0,0,2017-04-24,32612000,3145,12,0,0,0,0,0,0,0,0,3149,1,0,0,0,0,0,0,0,0
87,2017-04-24,09:03:32,0,WH705,XZCE,3145,3137,3150,154,9685640,10388,10334,3302,2986,3144,3154,0,3142,0,0,0,2017-04-24,32612000,3146,1,0,0,0,0,0,0,0,0,3149,1,0,0,0,0,0,0,0,0
88,2017-04-24,09:03:33,0,WH705,XZCE,3145,3137,3150,164,10314640,10398,10334,3302,2986,3144,3154,0,3142,0,0,0,2017-04-24,32613000,3145,2,0,0,0,0,0,0,0,0,3149,1,0,0,0,0,0,0,0,0
89,2017-04-24,09:03:34,0,WH705,XZCE,3145,3137,3150,164,10314640,10398,10334,3302,2986,3144,3154,0,3142,0,0,0,2017-04-24,32614000,3145,2,0,0,0,0,0,0,0,0,3149,2,0,0,0,0,0,0,0,0
90,2017-04-24,09:03:35,0,WH705,XZCE,3143,3137,3150,170,10691800,10394,10334,3302,2986,3144,3154,0,3142,0,0,0,2017-04-24,32615000,3143,5,0,0,0,0,0,0,0,0,3149,2,0,0,0,0,0,0,0,0
91,2017-04-24,09:03:35,0,WH705,XZCE,3143,3137,3150,176,11068960,10388,10334,3302,2986,3144,3154,0,3142,0,0,0,2017-04-24,32615000,3143,2,0,0,0,0,0,0,0,0,3149,2,0,0,0,0,0,0,0,0
92,2017-04-24,09:03:36,0,WH705,XZCE,3142,3137,3150,182,11446000,10384,10334,3302,2986,3144,3154,0,3142,0,0,0,2017-04-24,32616000,3142,1,0,0,0,0,0,0,0,0,3149,2,0,0,0,0,0,0,0,0
93,2017-04-24,09:03:36,0,WH705,XZCE,3141,3137,3150,188,11822920,10384,10334,3302,2986,3144,3154,0,3142,0,0,0,2017-04-24,32616000,3141,16,0,0,0,0,0,0,0,0,3149,2,0,0,0,0,0,0,0,0
94,2017-04-24,09:03:37,0,WH705,XZCE,3141,3137,3150,194,12199840,10384,10334,3302,2986,3144,3154,0,3142,0,0,0,2017-04-24,32617000,3141,13,0,0,0,0,0,0,0,0,3148,1,0,0,0,0,0,0,0,0
95,2017-04-24,09:03:37,0,WH705,XZCE,3141,3137,3150,198,12451120,10384,10334,3302,2986,3144,3154,0,3142,0,0,0,2017-04-24,32617000,3141,11,0,0,0,0,0,0,0,0,3148,1,0,0,0,0,0,0,0,0
96,2017-04-24,09:03:38,0,WH705,XZCE,3141,3137,3150,204,12828040,10384,10334,3302,2986,3144,3154,0,3142,0,0,0,2017-04-24,32618000,3141,8,0,0,0,0,0,0,0,0,3148,1,0,0,0,0,0,0,0,0
97,2017-04-24,09:03:38,0,WH705,XZCE,3141,3137,3150,210,13204960,10384,10334,3302,2986,3144,3154,0,3142,0,0,0,2017-04-24,32618000,3141,5,0,0,0,0,0,0,0,0,3148,1,0,0,0,0,0,0,0,0
98,2017-04-24,09:03:39,0,WH705,XZCE,3141,3137,3150,216,13581880,10384,10334,3302,2986,3144,3154,0,3142,0,0,0,2017-04-24,32619000,3141,2,0,0,0,0,0,0,0,0,3148,2,0,0,0,0,0,0,0,0
99,2017-04-24,09:03:39,0,WH705,XZCE,3141,3137,3150,220,13833160,10384,10334,3302,2986,3144,3154,0,3142,0,0,0,2017-04-24,32619000,3136,5,0,0,0,0,0,0,0,0,3140,2,0,0,0,0,0,0,0,0
100,2017-04-24,09:03:40,0,WH705,XZCE,3141,3137,3150,220,13833160,10384,10334,3302,2986,3144,3154,0,3142,0,0,0,2017-04-24,32620000,3136,5,0,0,0,0,0,0,0,0,3140,3,0,0,0,0,0,0,0,0
101,2017-04-24,09:03:54,0,WH705,XZCE,3141,3137,3150,220,13833160,10384,10334,3302,2986,3144,3154,0,3142,0,0,0,2017-04-24,32634000,3136,5,0,0,0,0,0,0,0,0,3139,1,0,0,0,0,0,0,0,0
102,2017-04-24,09:03:58,0,WH705,XZCE,3141,3137,3150,220,13833160,10384,10334,3302,2986,3144,3154,0,3142,0,0,0,2017-04-24,32638000,3137,5,0,0,0,0,0,0,0,0,3139,1,0,0,0,0,0,0,0,0
103,2017-04-24,09:03:58,0,WH705,XZCE,3141,3137,3150,220,13833160,10384,10334,3302,2986,3144,3154,0,3142,0,0,0,2017-04-24,32638000,3137,5,0,0,0,0,0,0,0,0,3139,2,0,0,0,0,0,0,0,0
104,2017-04-24,09:03:59,0,WH705,XZCE,3141,3137,3150,220,13833160,10384,10334,3302,2986,3144,3154,0,3142,0,0,0,2017-04-24,32639000,3137,6,0,0,0,0,0,0,0,0,3139,2,0,0,0,0,0,0,0,0
105,2017-04-24,09:04:01,0,WH705,XZCE,3139,3137,3150,222,13958720,10384,10334,3302,2986,3144,3154,0,3142,0,0,0,2017-04-24,32641000,3137,6,0,0,0,0,0,0,0,0,3139,1,0,0,0,0,0,0,0,0
106,2017-04-24,09:04:03,0,WH705,XZCE,3139,3137,3150,222,13958720,10384,10334,3302,2986,3144,3154,0,3142,0,0,0,2017-04-24,32643000,3138,1,0,0,0,0,0,0,0,0,3139,1,0,0,0,0,0,0,0,0
107,2017-04-24,09:04:04,0,WH705,XZCE,3139,3137,3150,224,14084280,10384,10334,3302,2986,3144,3154,0,3142,0,0,0,2017-04-24,32644000,3139,1,0,0,0,0,0,0,0,0,3140,3,0,0,0,0,0,0,0,0
108,2017-04-24,09:04:06,0,WH705,XZCE,3139,3137,3150,226,14209840,10382,10334,3302,2986,3144,3154,0,3142,0,0,0,2017-04-24,32646000,3137,6,0,0,0,0,0,0,0,0,3140,3,0,0,0,0,0,0,0,0
109,2017-04-24,09:04:07,0,WH705,XZCE,3139,3137,3150,226,14209840,10382,10334,3302,2986,3144,3154,0,3142,0,0,0,2017-04-24,32647000,3137,6,0,0,0,0,0,0,0,0,3140,5,0,0,0,0,0,0,0,0
110,2017-04-24,09:04:08,0,WH705,XZCE,3139,3137,3150,226,14209840,10382,10334,3302,2986,3144,3154,0,3142,0,0,0,2017-04-24,32648000,3137,6,0,0,0,0,0,0,0,0,3139,1,0,0,0,0,0,0,0,0
111,2017-04-24,09:04:17,0,WH705,XZCE,3137,3137,3150,232,14586280,10380,10334,3302,2986,3144,3154,0,3142,0,0,0,2017-04-24,32657000,3137,4,0,0,0,0,0,0,0,0,3140,6,0,0,0,0,0,0,0,0
112,2017-04-24,09:04:21,0,WH705,XZCE,3137,3137,3150,236,14837240,10380,10334,3302,2986,3144,3154,0,3142,0,0,0,2017-04-24,32661000,3137,1,0,0,0,0,0,0,0,0,3140,6,0,0,0,0,0,0,0,0
113,2017-04-24,09:04:22,0,WH705,XZCE,3137,3137,3150,236,14837240,10380,10334,3302,2986,3144,3154,0,3142,0,0,0,2017-04-24,32662000,3137,1,0,0,0,0,0,0,0,0,3139,1,0,0,0,0,0,0,0,0
114,2017-04-24,09:04:25,0,WH705,XZCE,3137,3137,3150,238,14962720,10378,10334,3302,2986,3144,3154,0,3142,0,0,0,2017-04-24,32665000,3136,5,0,0,0,0,0,0,0,0,3137,3,0,0,0,0,0,0,0,0
115,2017-04-24,09:04:26,0,WH705,XZCE,3137,3137,3150,244,15339160,10372,10334,3302,2986,3144,3154,0,3142,0,0,0,2017-04-24,32666000,3137,2,0,0,0,0,0,0,0,0,3139,2,0,0,0,0,0,0,0,0
116,2017-04-24,09:04:26,0,WH705,XZCE,3137,3137,3150,246,15464640,10372,10334,3302,2986,3144,3154,0,3142,0,0,0,2017-04-24,32666000,3137,1,0,0,0,0,0,0,0,0,3139,2,0,0,0,0,0,0,0,0
117,2017-04-24,09:04:27,0,WH705,XZCE,3137,3137,3150,248,15590120,10370,10334,3302,2986,3144,3154,0,3142,0,0,0,2017-04-24,32667000,3136,5,0,0,0,0,0,0,0,0,3139,2,0,0,0,0,0,0,0,0
118,2017-04-24,09:04:30,0,WH705,XZCE,3137,3137,3150,248,15590120,10370,10334,3302,2986,3144,3154,0,3142,0,0,0,2017-04-24,32670000,3137,5,0,0,0,0,0,0,0,0,3139,2,0,0,0,0,0,0,0,0
119,2017-04-24,09:04:33,0,WH705,XZCE,3137,3137,3150,248,15590120,10370,10334,3302,2986,3144,3154,0,3142,0,0,0,2017-04-24,32673000,3137,5,0,0,0,0,0,0,0,0,3139,1,0,0,0,0,0,0,0,0
120,2017-04-24,09:04:38,0,WH705,XZCE,3137,3137,3150,248,15590120,10370,10334,3302,2986,3144,3154,0,3142,0,0,0,2017-04-24,32678000,3137,5,0,0,0,0,0,0,0,0,3138,1,0,0,0,0,0,0,0,0
121,2017-04-24,09:04:42,0,WH705,XZCE,3137,3137,3150,248,15590120,10370,10334,3302,2986,3144,3154,0,3142,0,0,0,2017-04-24,32682000,3137,5,0,0,0,0,0,0,0,0,3139,1,0,0,0,0,0,0,0,0
122,2017-04-24,09:04:45,0,WH705,XZCE,3137,3137,3150,248,15590120,10370,10334,3302,2986,3144,3154,0,3142,0,0,0,2017-04-24,32685000,3137,5,0,0,0,0,0,0,0,0,3138,1,0,0,0,0,0,0,0,0
123,2017-04-24,09:04:47,0,WH705,XZCE,3137,3137,3150,250,15715600,10370,10334,3302,2986,3144,3154,0,3142,0,0,0,2017-04-24,32687000,3137,4,0,0,0,0,0,0,0,0,3138,1,0,0,0,0,0,0,0,0
124,2017-04-24,09:04:48,0,WH705,XZCE,3137,3137,3150,250,15715600,10370,10334,3302,2986,3144,3154,0,3142,0,0,0,2017-04-24,32688000,3137,4,0,0,0,0,0,0,0,0,3139,1,0,0,0,0,0,0,0,0
125,2017-04-24,09:04:53,0,WH705,XZCE,3139,3137,3150,252,15841160,10370,10334,3302,2986,3144,3154,0,3142,0,0,0,2017-04-24,32693000,3137,4,0,0,0,0,0,0,0,0,3140,5,0,0,0,0,0,0,0,0
126,2017-04-24,09:05:03,0,WH705,XZCE,3140,3137,3150,262,16469160,10370,10334,3302,2986,3144,3154,0,3142,0,0,0,2017-04-24,32703000,3140,15,0,0,0,0,0,0,0,0,3141,2,0,0,0,0,0,0,0,0
127,2017-04-24,09:05:03,0,WH705,XZCE,3140,3137,3150,262,16469160,10370,10334,3302,2986,3144,3154,0,3142,0,0,0,2017-04-24,32703000,3140,15,0,0,0,0,0,0,0,0,3141,3,0,0,0,0,0,0,0,0
128,2017-04-24,09:05:04,0,WH705,XZCE,3140,3137,3150,262,16469160,10370,10334,3302,2986,3144,3154,0,3142,0,0,0,2017-04-24,32704000,3140,15,0,0,0,0,0,0,0,0,3141,4,0,0,0,0,0,0,0,0
129,2017-04-24,09:05:07,0,WH705,XZCE,3141,3137,3150,264,16594800,10370,10334,3302,2986,3144,3154,0,3142,0,0,0,2017-04-24,32707000,3140,15,0,0,0,0,0,0,0,0,3141,3,0,0,0,0,0,0,0,0
130,2017-04-24,09:05:08,0,WH705,XZCE,3141,3137,3150,266,16720440,10372,10334,3302,2986,3144,3154,0,3142,0,0,0,2017-04-24,32708000,3140,15,0,0,0,0,0,0,0,0,3141,2,0,0,0,0,0,0,0,0
131,2017-04-24,09:05:09,0,WH705,XZCE,3141,3137,3150,268,16846080,10374,10334,3302,2986,3144,3154,0,3142,0,0,0,2017-04-24,32709000,3140,15,0,0,0,0,0,0,0,0,3141,1,0,0,0,0,0,0,0,0
132,2017-04-24,09:05:10,0,WH705,XZCE,3141,3137,3150,270,16971720,10376,10334,3302,2986,3144,3154,0,3142,0,0,0,2017-04-24,32710000,3141,1,0,0,0,0,0,0,0,0,3144,2,0,0,0,0,0,0,0,0
133,2017-04-24,09:05:10,0,WH705,XZCE,3141,3137,3150,270,16971720,10376,10334,3302,2986,3144,3154,0,3142,0,0,0,2017-04-24,32710000,3142,1,0,0,0,0,0,0,0,0,3144,2,0,0,0,0,0,0,0,0
134,2017-04-24,09:05:14,0,WH705,XZCE,3140,3137,3150,290,18227720,10374,10334,3302,2986,3144,3154,0,3142,0,0,0,2017-04-24,32714000,3140,7,0,0,0,0,0,0,0,0,3144,2,0,0,0,0,0,0,0,0
135,2017-04-24,09:05:15,0,WH705,XZCE,3140,3137,3150,290,18227720,10374,10334,3302,2986,3144,3154,0,3142,0,0,0,2017-04-24,32715000,3140,7,0,0,0,0,0,0,0,0,3144,3,0,0,0,0,0,0,0,0
136,2017-04-24,09:05:16,0,WH705,XZCE,3140,3137,3150,304,19106920,10374,10334,3302,2986,3144,3154,0,3142,0,0,0,2017-04-24,32716000,3137,4,0,0,0,0,0,0,0,0,3140,3,0,0,0,0,0,0,0,0
137,2017-04-24,09:05:18,0,WH705,XZCE,3140,3137,3150,304,19106920,10374,10334,3302,2986,3144,3154,0,3142,0,0,0,2017-04-24,32718000,3138,1,0,0,0,0,0,0,0,0,3140,13,0,0,0,0,0,0,0,0
138,2017-04-24,09:05:18,0,WH705,XZCE,3140,3137,3150,304,19106920,10374,10334,3302,2986,3144,3154,0,3142,0,0,0,2017-04-24,32718000,3138,1,0,0,0,0,0,0,0,0,3140,14,0,0,0,0,0,0,0,0
139,2017-04-24,09:05:19,0,WH705,XZCE,3140,3137,3150,304,19106920,10374,10334,3302,2986,3144,3154,0,3142,0,0,0,2017-04-24,32719000,3137,4,0,0,0,0,0,0,0,0,3140,14,0,0,0,0,0,0,0,0
140,2017-04-24,09:05:19,0,WH705,XZCE,3140,3137,3150,304,19106920,10374,10334,3302,2986,3144,3154,0,3142,0,0,0,2017-04-24,32719000,3137,4,0,0,0,0,0,0,0,0,3138,1,0,0,0,0,0,0,0,0
141,2017-04-24,09:05:23,0,WH705,XZCE,3138,3137,3150,306,19232440,10372,10334,3302,2986,3144,3154,0,3142,0,0,0,2017-04-24,32723000,3138,4,0,0,0,0,0,0,0,0,3139,1,0,0,0,0,0,0,0,0
142,2017-04-24,09:05:23,0,WH705,XZCE,3138,3137,3150,306,19232440,10372,10334,3302,2986,3144,3154,0,3142,0,0,0,2017-04-24,32723000,3138,4,0,0,0,0,0,0,0,0,3139,2,0,0,0,0,0,0,0,0
143,2017-04-24,09:05:24,0,WH705,XZCE,3138,3137,3150,306,19232440,10372,10334,3302,2986,3144,3154,0,3142,0,0,0,2017-04-24,32724000,3138,4,0,0,0,0,0,0,0,0,3139,1,0,0,0,0,0,0,0,0
144,2017-04-24,09:05:32,0,WH705,XZCE,3138,3137,3150,306,19232440,10372,10334,3302,2986,3144,3154,0,3142,0,0,0,2017-04-24,32732000,3138,4,0,0,0,0,0,0,0,0,3139,2,0,0,0,0,0,0,0,0
145,2017-04-24,09:05:33,0,WH705,XZCE,3138,3137,3150,306,19232440,10372,10334,3302,2986,3144,3154,0,3142,0,0,0,2017-04-24,32733000,3138,4,0,0,0,0,0,0,0,0,3139,1,0,0,0,0,0,0,0,0
146,2017-04-24,09:05:34,0,WH705,XZCE,3139,3137,3150,308,19358000,10372,10334,3302,2986,3144,3154,0,3142,0,0,0,2017-04-24,32734000,3138,4,0,0,0,0,0,0,0,0,3140,13,0,0,0,0,0,0,0,0
147,2017-04-24,09:05:49,0,WH705,XZCE,3140,3137,3150,316,19860400,10364,10334,3302,2986,3144,3154,0,3142,0,0,0,2017-04-24,32749000,3138,4,0,0,0,0,0,0,0,0,3140,9,0,0,0,0,0,0,0,0
148,2017-04-24,09:06:00,0,WH705,XZCE,3140,3137,3150,316,19860400,10364,10334,3302,2986,3144,3154,0,3142,0,0,0,2017-04-24,32760000,3138,4,0,0,0,0,0,0,0,0,3140,14,0,0,0,0,0,0,0,0
149,2017-04-24,09:06:00,0,WH705,XZCE,3140,3137,3150,316,19860400,10364,10334,3302,2986,3144,3154,0,3142,0,0,0,2017-04-24,32760000,3138,4,0,0,0,0,0,0,0,0,3140,15,0,0,0,0,0,0,0,0
150,2017-04-24,09:06:01,0,WH705,XZCE,3140,3137,3150,316,19860400,10364,10334,3302,2986,3144,3154,0,3142,0,0,0,2017-04-24,32761000,3138,4,0,0,0,0,0,0,0,0,3139,1,0,0,0,0,0,0,0,0
151,2017-04-24,09:06:06,0,WH705,XZCE,3138,3137,3150,318,19985920,10364,10334,3302,2986,3144,3154,0,3142,0,0,0,2017-04-24,32766000,3138,3,0,0,0,0,0,0,0,0,3139,1,0,0,0,0,0,0,0,0
152,2017-04-24,09:06:06,0,WH705,XZCE,3138,3137,3150,324,20362480,10364,10334,3302,2986,3144,3154,0,3142,0,0,0,2017-04-24,32766000,3137,4,0,0,0,0,0,0,0,0,3138,2,0,0,0,0,0,0,0,0
153,2017-04-24,09:06:09,0,WH705,XZCE,3137,3137,3150,328,20613440,10360,10334,3302,2986,3144,3154,0,3142,0,0,0,2017-04-24,32769000,3137,2,0,0,0,0,0,0,0,0,3138,2,0,0,0,0,0,0,0,0
154,2017-04-24,09:06:10,0,WH705,XZCE,3137,3137,3150,330,20738920,10358,10334,3302,2986,3144,3154,0,3142,0,0,0,2017-04-24,32770000,3137,1,0,0,0,0,0,0,0,0,3138,3,0,0,0,0,0,0,0,0
155,2017-04-24,09:06:12,0,WH705,XZCE,3138,3137,3150,336,21115480,10358,10334,3302,2986,3144,3154,0,3142,0,0,0,2017-04-24,32772000,3138,2,0,0,0,0,0,0,0,0,3139,1,0,0,0,0,0,0,0,0
156,2017-04-24,09:06:13,0,WH705,XZCE,3138,3137,3150,336,21115480,10358,10334,3302,2986,3144,3154,0,3142,0,0,0,2017-04-24,32773000,3138,2,0,0,0,0,0,0,0,0,3140,14,0,0,0,0,0,0,0,0
157,2017-04-24,09:06:16,0,WH705,XZCE,3138,3137,3150,338,21241000,10358,10334,3302,2986,3144,3154,0,3142,0,0,0,2017-04-24,32776000,3138,1,0,0,0,0,0,0,0,0,3140,14,0,0,0,0,0,0,0,0
158,2017-04-24,09:06:17,0,WH705,XZCE,3138,3137,3150,338,21241000,10358,10334,3302,2986,3144,3154,0,3142,0,0,0,2017-04-24,32777000,3138,1,0,0,0,0,0,0,0,0,3140,15,0,0,0,0,0,0,0,0
159,2017-04-24,09:06:19,0,WH705,XZCE,3138,3137,3150,338,21241000,10358,10334,3302,2986,3144,3154,0,3142,0,0,0,2017-04-24,32779000,3138,2,0,0,0,0,0,0,0,0,3140,15,0,0,0,0,0,0,0,0
160,2017-04-24,09:06:20,0,WH705,XZCE,3138,3137,3150,340,21366520,10358,10334,3302,2986,3144,3154,0,3142,0,0,0,2017-04-24,32780000,3138,1,0,0,0,0,0,0,0,0,3140,15,0,0,0,0,0,0,0,0
161,2017-04-24,09:06:21,0,WH705,XZCE,3138,3137,3150,340,21366520,10358,10334,3302,2986,3144,3154,0,3142,0,0,0,2017-04-24,32781000,3138,1,0,0,0,0,0,0,0,0,3139,1,0,0,0,0,0,0,0,0
162,2017-04-24,09:06:23,0,WH705,XZCE,3138,3137,3150,342,21492040,10358,10334,3302,2986,3144,3154,0,3142,0,0,0,2017-04-24,32783000,3137,1,0,0,0,0,0,0,0,0,3140,14,0,0,0,0,0,0,0,0
163,2017-04-24,09:06:25,0,WH705,XZCE,3138,3137,3150,342,21492040,10358,10334,3302,2986,3144,3154,0,3142,0,0,0,2017-04-24,32785000,3137,1,0,0,0,0,0,0,0,0,3139,1,0,0,0,0,0,0,0,0
164,2017-04-24,09:06:26,0,WH705,XZCE,3138,3137,3150,342,21492040,10358,10334,3302,2986,3144,3154,0,3142,0,0,0,2017-04-24,32786000,3137,6,0,0,0,0,0,0,0,0,3139,1,0,0,0,0,0,0,0,0
165,2017-04-24,09:06:30,0,WH705,XZCE,3138,3137,3150,342,21492040,10358,10334,3302,2986,3144,3154,0,3142,0,0,0,2017-04-24,32790000,3137,6,0,0,0,0,0,0,0,0,3138,1,0,0,0,0,0,0,0,0
166,2017-04-24,09:06:35,0,WH705,XZCE,3137,3137,3150,344,21617520,10358,10334,3302,2986,3144,3154,0,3142,0,0,0,2017-04-24,32795000,3137,5,0,0,0,0,0,0,0,0,3138,1,0,0,0,0,0,0,0,0
167,2017-04-24,09:06:35,0,WH705,XZCE,3137,3137,3150,354,22244920,10358,10334,3302,2986,3144,3154,0,3142,0,0,0,2017-04-24,32795000,3136,4,0,0,0,0,0,0,0,0,3138,1,0,0,0,0,0,0,0,0
168,2017-04-24,09:06:47,0,WH705,XZCE,3138,3137,3150,356,22370440,10358,10334,3302,2986,3144,3154,0,3142,0,0,0,2017-04-24,32807000,3136,4,0,0,0,0,0,0,0,0,3139,1,0,0,0,0,0,0,0,0
169,2017-04-24,09:06:49,0,WH705,XZCE,3136,3136,3150,362,22746760,10352,10334,3302,2986,3144,3154,0,3142,0,0,0,2017-04-24,32809000,3136,1,0,0,0,0,0,0,0,0,3139,1,0,0,0,0,0,0,0,0
170,2017-04-24,09:06:52,0,WH705,XZCE,3136,3136,3150,362,22746760,10352,10334,3302,2986,3144,3154,0,3142,0,0,0,2017-04-24,32812000,3138,10,0,0,0,0,0,0,0,0,3139,1,0,0,0,0,0,0,0,0
171,2017-04-24,09:06:52,0,WH705,XZCE,3136,3136,3150,362,22746760,10352,10334,3302,2986,3144,3154,0,3142,0,0,0,2017-04-24,32812000,3138,10,0,0,0,0,0,0,0,0,3139,2,0,0,0,0,0,0,0,0
172,2017-04-24,09:06:53,0,WH705,XZCE,3138,3136,3150,364,22872280,10354,10334,3302,2986,3144,3154,0,3142,0,0,0,2017-04-24,32813000,3138,9,0,0,0,0,0,0,0,0,3139,2,0,0,0,0,0,0,0,0
173,2017-04-24,09:06:54,0,WH705,XZCE,3139,3136,3150,366,22997840,10354,10334,3302,2986,3144,3154,0,3142,0,0,0,2017-04-24,32814000,3138,9,0,0,0,0,0,0,0,0,3139,1,0,0,0,0,0,0,0,0
174,2017-04-24,09:06:57,0,WH705,XZCE,3139,3136,3150,368,23123400,10356,10334,3302,2986,3144,3154,0,3142,0,0,0,2017-04-24,32817000,3138,9,0,0,0,0,0,0,0,0,3140,15,0,0,0,0,0,0,0,0
175,2017-04-24,09:07:03,0,WH705,XZCE,3138,3136,3150,370,23248920,10358,10334,3302,2986,3144,3154,0,3142,0,0,0,2017-04-24,32823000,3138,8,0,0,0,0,0,0,0,0,3140,15,0,0,0,0,0,0,0,0
176,2017-04-24,09:07:07,0,WH705,XZCE,3138,3136,3150,370,23248920,10358,10334,3302,2986,3144,3154,0,3142,0,0,0,2017-04-24,32827000,3138,8,0,0,0,0,0,0,0,0,3140,16,0,0,0,0,0,0,0,0
177,2017-04-24,09:07:08,0,WH705,XZCE,3138,3136,3150,370,23248920,10358,10334,3302,2986,3144,3154,0,3142,0,0,0,2017-04-24,32828000,3138,28,0,0,0,0,0,0,0,0,3140,16,0,0,0,0,0,0,0,0
178,2017-04-24,09:07:09,0,WH705,XZCE,3138,3136,3150,370,23248920,10358,10334,3302,2986,3144,3154,0,3142,0,0,0,2017-04-24,32829000,3139,1,0,0,0,0,0,0,0,0,3140,16,0,0,0,0,0,0,0,0
179,2017-04-24,09:07:11,0,WH705,XZCE,3138,3136,3150,380,23876520,10366,10334,3302,2986,3144,3154,0,3142,0,0,0,2017-04-24,32831000,3138,4,0,0,0,0,0,0,0,0,3140,16,0,0,0,0,0,0,0,0
180,2017-04-24,09:07:12,0,WH705,XZCE,3138,3136,3150,382,24002040,10366,10334,3302,2986,3144,3154,0,3142,0,0,0,2017-04-24,32832000,3138,3,0,0,0,0,0,0,0,0,3140,16,0,0,0,0,0,0,0,0
181,2017-04-24,09:07:13,0,WH705,XZCE,3138,3136,3150,382,24002040,10366,10334,3302,2986,3144,3154,0,3142,0,0,0,2017-04-24,32833000,3138,3,0,0,0,0,0,0,0,0,3139,2,0,0,0,0,0,0,0,0
182,2017-04-24,09:07:15,0,WH705,XZCE,3138,3136,3150,386,24253080,10370,10334,3302,2986,3144,3154,0,3142,0,0,0,2017-04-24,32835000,3138,1,0,0,0,0,0,0,0,0,3139,2,0,0,0,0,0,0,0,0
183,2017-04-24,09:07:16,0,WH705,XZCE,3138,3136,3150,386,24253080,10370,10334,3302,2986,3144,3154,0,3142,0,0,0,2017-04-24,32836000,3138,1,0,0,0,0,0,0,0,0,3139,3,0,0,0,0,0,0,0,0
184,2017-04-24,09:07:17,0,WH705,XZCE,3138,3136,3150,388,24378600,10372,10334,3302,2986,3144,3154,0,3142,0,0,0,2017-04-24,32837000,3136,2,0,0,0,0,0,0,0,0,3139,3,0,0,0,0,0,0,0,0
185,2017-04-24,09:07:17,0,WH705,XZCE,3138,3136,3150,388,24378600,10372,10334,3302,2986,3144,3154,0,3142,0,0,0,2017-04-24,32837000,3136,1,0,0,0,0,0,0,0,0,3137,1,0,0,0,0,0,0,0,0
186,2017-04-24,09:07:17,0,WH705,XZCE,3138,3136,3150,388,24378600,10372,10334,3302,2986,3144,3154,0,3142,0,0,0,2017-04-24,32837000,3136,1,0,0,0,0,0,0,0,0,3139,2,0,0,0,0,0,0,0,0
187,2017-04-24,09:07:18,0,WH705,XZCE,3138,3136,3150,388,24378600,10372,10334,3302,2986,3144,3154,0,3142,0,0,0,2017-04-24,32838000,3136,1,0,0,0,0,0,0,0,0,3138,20,0,0,0,0,0,0,0,0
188,2017-04-24,09:07:19,0,WH705,XZCE,3138,3136,3150,388,24378600,10372,10334,3302,2986,3144,3154,0,3142,0,0,0,2017-04-24,32839000,3136,1,0,0,0,0,0,0,0,0,3138,1,0,0,0,0,0,0,0,0
189,2017-04-24,09:07:20,0,WH705,XZCE,3138,3136,3150,388,24378600,10372,10334,3302,2986,3144,3154,0,3142,0,0,0,2017-04-24,32840000,3136,2,0,0,0,0,0,0,0,0,3138,2,0,0,0,0,0,0,0,0
190,2017-04-24,09:07:20,0,WH705,XZCE,3138,3136,3150,388,24378600,10372,10334,3302,2986,3144,3154,0,3142,0,0,0,2017-04-24,32840000,3136,2,0,0,0,0,0,0,0,0,3138,22,0,0,0,0,0,0,0,0
191,2017-04-24,09:07:21,0,WH705,XZCE,3138,3136,3150,398,25006200,10372,10334,3302,2986,3144,3154,0,3142,0,0,0,2017-04-24,32841000,3136,2,0,0,0,0,0,0,0,0,3137,15,0,0,0,0,0,0,0,0
192,2017-04-24,09:07:21,0,WH705,XZCE,3138,3136,3150,398,25006200,10372,10334,3302,2986,3144,3154,0,3142,0,0,0,2017-04-24,32841000,3136,2,0,0,0,0,0,0,0,0,3138,1,0,0,0,0,0,0,0,0
193,2017-04-24,09:07:21,0,WH705,XZCE,3138,3136,3150,398,25006200,10372,10334,3302,2986,3144,3154,0,3142,0,0,0,2017-04-24,32841000,3136,2,0,0,0,0,0,0,0,0,3138,2,0,0,0,0,0,0,0,0
194,2017-04-24,09:07:23,0,WH705,XZCE,3138,3136,3150,402,25257240,10372,10334,3302,2986,3144,3154,0,3142,0,0,0,2017-04-24,32843000,3137,1,0,0,0,0,0,0,0,0,3139,2,0,0,0,0,0,0,0,0
195,2017-04-24,09:07:24,0,WH705,XZCE,3138,3136,3150,402,25257240,10372,10334,3302,2986,3144,3154,0,3142,0,0,0,2017-04-24,32844000,3137,3,0,0,0,0,0,0,0,0,3139,2,0,0,0,0,0,0,0,0
196,2017-04-24,09:07:25,0,WH705,XZCE,3138,3136,3150,402,25257240,10372,10334,3302,2986,3144,3154,0,3142,0,0,0,2017-04-24,32845000,3137,1,0,0,0,0,0,0,0,0,3139,2,0,0,0,0,0,0,0,0
197,2017-04-24,09:07:25,0,WH705,XZCE,3138,3136,3150,402,25257240,10372,10334,3302,2986,3144,3154,0,3142,0,0,0,2017-04-24,32845000,3137,1,0,0,0,0,0,0,0,0,3139,22,0,0,0,0,0,0,0,0
198,2017-04-24,09:07:27,0,WH705,XZCE,3138,3136,3150,402,25257240,10372,10334,3302,2986,3144,3154,0,3142,0,0,0,2017-04-24,32847000,3137,1,0,0,0,0,0,0,0,0,3139,2,0,0,0,0,0,0,0,0
199,2017-04-24,09:07:41,0,WH705,XZCE,3138,3136,3150,402,25257240,10372,10334,3302,2986,3144,3154,0,3142,0,0,0,2017-04-24,32861000,3137,1,0,0,0,0,0,0,0,0,3138,1,0,0,0,0,0,0,0,0
200,2017-04-24,09:07:42,0,WH705,XZCE,3138,3136,3150,402,25257240,10372,10334,3302,2986,3144,3154,0,3142,0,0,0,2017-04-24,32862000,3137,1,0,0,0,0,0,0,0,0,3138,12,0,0,0,0,0,0,0,0
201,2017-04-24,09:07:43,0,WH705,XZCE,3138,3136,3150,402,25257240,10372,10334,3302,2986,3144,3154,0,3142,0,0,0,2017-04-24,32863000,3137,1,0,0,0,0,0,0,0,0,3138,1,0,0,0,0,0,0,0,0
202,2017-04-24,09:07:44,0,WH705,XZCE,3138,3136,3150,404,25382760,10372,10334,3302,2986,3144,3154,0,3142,0,0,0,2017-04-24,32864000,3137,1,0,0,0,0,0,0,0,0,3139,2,0,0,0,0,0,0,0,0
203,2017-04-24,09:08:10,0,WH705,XZCE,3139,3136,3150,408,25633880,10372,10334,3302,2986,3144,3154,0,3142,0,0,0,2017-04-24,32890000,3137,1,0,0,0,0,0,0,0,0,3138,3,0,0,0,0,0,0,0,0
204,2017-04-24,09:08:10,0,WH705,XZCE,3139,3136,3150,408,25633880,10372,10334,3302,2986,3144,3154,0,3142,0,0,0,2017-04-24,32890000,3137,1,0,0,0,0,0,0,0,0,3138,4,0,0,0,0,0,0,0,0
205,2017-04-24,09:08:11,0,WH705,XZCE,3138,3136,3150,414,26010440,10372,10334,3302,2986,3144,3154,0,3142,0,0,0,2017-04-24,32891000,3137,1,0,0,0,0,0,0,0,0,3138,1,0,0,0,0,0,0,0,0
206,2017-04-24,09:08:15,0,WH705,XZCE,3138,3136,3150,416,26135960,10372,10334,3302,2986,3144,3154,0,3142,0,0,0,2017-04-24,32895000,3137,1,0,0,0,0,0,0,0,0,3140,15,0,0,0,0,0,0,0,0
207,2017-04-24,09:08:17,0,WH705,XZCE,3138,3136,3150,416,26135960,10372,10334,3302,2986,3144,3154,0,3142,0,0,0,2017-04-24,32897000,3137,1,0,0,0,0,0,0,0,0,3139,1,0,0,0,0,0,0,0,0
208,2017-04-24,09:08:20,0,WH705,XZCE,3138,3136,3150,416,26135960,10372,10334,3302,2986,3144,3154,0,3142,0,0,0,2017-04-24,32900000,3137,2,0,0,0,0,0,0,0,0,3139,1,0,0,0,0,0,0,0,0
209,2017-04-24,09:08:21,0,WH705,XZCE,3139,3136,3150,418,26261520,10374,10334,3302,2986,3144,3154,0,3142,0,0,0,2017-04-24,32901000,3139,9,0,0,0,0,0,0,0,0,3140,15,0,0,0,0,0,0,0,0
210,2017-04-24,09:08:22,0,WH705,XZCE,3139,3136,3150,420,26387080,10376,10334,3302,2986,3144,3154,0,3142,0,0,0,2017-04-24,32902000,3139,8,0,0,0,0,0,0,0,0,3140,15,0,0,0,0,0,0,0,0
211,2017-04-24,09:08:23,0,WH705,XZCE,3140,3136,3150,424,26638280,10376,10334,3302,2986,3144,3154,0,3142,0,0,0,2017-04-24,32903000,3139,8,0,0,0,0,0,0,0,0,3140,13,0,0,0,0,0,0,0,0
212,2017-04-24,09:08:23,0,WH705,XZCE,3140,3136,3150,426,26763880,10376,10334,3302,2986,3144,3154,0,3142,0,0,0,2017-04-24,32903000,3139,8,0,0,0,0,0,0,0,0,3140,12,0,0,0,0,0,0,0,0
213,2017-04-24,09:08:24,0,WH705,XZCE,3140,3136,3150,426,26763880,10376,10334,3302,2986,3144,3154,0,3142,0,0,0,2017-04-24,32904000,3139,8,0,0,0,0,0,0,0,0,3140,11,0,0,0,0,0,0,0,0
214,2017-04-24,09:08:25,0,WH705,XZCE,3140,3136,3150,426,26763880,10376,10334,3302,2986,3144,3154,0,3142,0,0,0,2017-04-24,32905000,3139,10,0,0,0,0,0,0,0,0,3140,11,0,0,0,0,0,0,0,0
215,2017-04-24,09:08:26,0,WH705,XZCE,3140,3136,3150,432,27140680,10376,10334,3302,2986,3144,3154,0,3142,0,0,0,2017-04-24,32906000,3139,10,0,0,0,0,0,0,0,0,3140,8,0,0,0,0,0,0,0,0
216,2017-04-24,09:08:26,0,WH705,XZCE,3140,3136,3150,434,27266280,10374,10334,3302,2986,3144,3154,0,3142,0,0,0,2017-04-24,32906000,3139,10,0,0,0,0,0,0,0,0,3140,7,0,0,0,0,0,0,0,0
217,2017-04-24,09:08:26,0,WH705,XZCE,3140,3136,3150,436,27391880,10374,10334,3302,2986,3144,3154,0,3142,0,0,0,2017-04-24,32906000,3139,10,0,0,0,0,0,0,0,0,3140,6,0,0,0,0,0,0,0,0
218,2017-04-24,09:08:27,0,WH705,XZCE,3140,3136,3150,438,27517480,10374,10334,3302,2986,3144,3154,0,3142,0,0,0,2017-04-24,32907000,3139,10,0,0,0,0,0,0,0,0,3140,5,0,0,0,0,0,0,0,0
219,2017-04-24,09:08:28,0,WH705,XZCE,3144,3136,3150,452,28397800,10374,10334,3302,2986,3144,3154,0,3142,0,0,0,2017-04-24,32908000,3144,1,0,0,0,0,0,0,0,0,3145,1,0,0,0,0,0,0,0,0
220,2017-04-24,09:08:29,0,WH705,XZCE,3147,3136,3150,456,28649560,10374,10334,3302,2986,3144,3154,0,3142,0,0,0,2017-04-24,32909000,3145,1,0,0,0,0,0,0,0,0,3147,1,0,0,0,0,0,0,0,0
221,2017-04-24,09:08:30,0,WH705,XZCE,3145,3136,3150,458,28775360,10372,10334,3302,2986,3144,3154,0,3142,0,0,0,2017-04-24,32910000,3144,1,0,0,0,0,0,0,0,0,3147,1,0,0,0,0,0,0,0,0
222,2017-04-24,09:08:30,0,WH705,XZCE,3147,3136,3150,460,28901240,10372,10334,3302,2986,3144,3154,0,3142,0,0,0,2017-04-24,32910000,3145,33,0,0,0,0,0,0,0,0,3148,2,0,0,0,0,0,0,0,0
223,2017-04-24,09:08:31,0,WH705,XZCE,3147,3136,3150,460,28901240,10372,10334,3302,2986,3144,3154,0,3142,0,0,0,2017-04-24,32911000,3144,1,0,0,0,0,0,0,0,0,3148,2,0,0,0,0,0,0,0,0
224,2017-04-24,09:08:33,0,WH705,XZCE,3147,3136,3150,460,28901240,10372,10334,3302,2986,3144,3154,0,3142,0,0,0,2017-04-24,32913000,3144,1,0,0,0,0,0,0,0,0,3147,1,0,0,0,0,0,0,0,0
225,2017-04-24,09:08:34,0,WH705,XZCE,3144,3136,3150,462,29027000,10372,10334,3302,2986,3144,3154,0,3142,0,0,0,2017-04-24,32914000,3143,33,0,0,0,0,0,0,0,0,3144,1,0,0,0,0,0,0,0,0
226,2017-04-24,09:08:34,0,WH705,XZCE,3144,3136,3150,462,29027000,10372,10334,3302,2986,3144,3154,0,3142,0,0,0,2017-04-24,32914000,3139,10,0,0,0,0,0,0,0,0,3147,1,0,0,0,0,0,0,0,0
227,2017-04-24,09:08:37,0,WH705,XZCE,3144,3136,3150,462,29027000,10372,10334,3302,2986,3144,3154,0,3142,0,0,0,2017-04-24,32917000,3140,2,0,0,0,0,0,0,0,0,3147,1,0,0,0,0,0,0,0,0
228,2017-04-24,09:08:37,0,WH705,XZCE,3144,3136,3150,462,29027000,10372,10334,3302,2986,3144,3154,0,3142,0,0,0,2017-04-24,32917000,3140,3,0,0,0,0,0,0,0,0,3147,12,0,0,0,0,0,0,0,0
229,2017-04-24,09:08:38,0,WH705,XZCE,3144,3136,3150,462,29027000,10372,10334,3302,2986,3144,3154,0,3142,0,0,0,2017-04-24,32918000,3141,1,0,0,0,0,0,0,0,0,3147,1,0,0,0,0,0,0,0,0
230,2017-04-24,09:08:39,0,WH705,XZCE,3144,3136,3150,462,29027000,10372,10334,3302,2986,3144,3154,0,3142,0,0,0,2017-04-24,32919000,3141,1,0,0,0,0,0,0,0,0,3145,1,0,0,0,0,0,0,0,0
231,2017-04-24,09:08:40,0,WH705,XZCE,3144,3136,3150,462,29027000,10372,10334,3302,2986,3144,3154,0,3142,0,0,0,2017-04-24,32920000,3143,61,0,0,0,0,0,0,0,0,3145,1,0,0,0,0,0,0,0,0
232,2017-04-24,09:08:41,0,WH705,XZCE,3144,3136,3150,462,29027000,10372,10334,3302,2986,3144,3154,0,3142,0,0,0,2017-04-24,32921000,3141,1,0,0,0,0,0,0,0,0,3145,1,0,0,0,0,0,0,0,0
233,2017-04-24,09:08:43,0,WH705,XZCE,3145,3136,3150,464,29152800,10372,10334,3302,2986,3144,3154,0,3142,0,0,0,2017-04-24,32923000,3141,1,0,0,0,0,0,0,0,0,3147,1,0,0,0,0,0,0,0,0
234,2017-04-24,09:08:45,0,WH705,XZCE,3147,3136,3150,466,29278680,10374,10334,3302,2986,3144,3154,0,3142,0,0,0,2017-04-24,32925000,3140,2,0,0,0,0,0,0,0,0,3148,1,0,0,0,0,0,0,0,0
235,2017-04-24,09:08:45,0,WH705,XZCE,3147,3136,3150,466,29278680,10374,10334,3302,2986,3144,3154,0,3142,0,0,0,2017-04-24,32925000,3140,3,0,0,0,0,0,0,0,0,3148,2,0,0,0,0,0,0,0,0
236,2017-04-24,09:08:46,0,WH705,XZCE,3147,3136,3150,466,29278680,10374,10334,3302,2986,3144,3154,0,3142,0,0,0,2017-04-24,32926000,3145,30,0,0,0,0,0,0,0,0,3148,2,0,0,0,0,0,0,0,0
237,2017-04-24,09:08:47,0,WH705,XZCE,3147,3136,3150,466,29278680,10374,10334,3302,2986,3144,3154,0,3142,0,0,0,2017-04-24,32927000,3140,3,0,0,0,0,0,0,0,0,3148,2,0,0,0,0,0,0,0,0
238,2017-04-24,09:08:49,0,WH705,XZCE,3147,3136,3150,466,29278680,10374,10334,3302,2986,3144,3154,0,3142,0,0,0,2017-04-24,32929000,3141,1,0,0,0,0,0,0,0,0,3148,2,0,0,0,0,0,0,0,0
239,2017-04-24,09:08:50,0,WH705,XZCE,3147,3136,3150,466,29278680,10374,10334,3302,2986,3144,3154,0,3142,0,0,0,2017-04-24,32930000,3141,1,0,0,0,0,0,0,0,0,3147,3,0,0,0,0,0,0,0,0
240,2017-04-24,09:08:50,0,WH705,XZCE,3147,3136,3150,466,29278680,10374,10334,3302,2986,3144,3154,0,3142,0,0,0,2017-04-24,32930000,3143,2,0,0,0,0,0,0,0,0,3147,3,0,0,0,0,0,0,0,0
241,2017-04-24,09:08:52,0,WH705,XZCE,3147,3136,3150,466,29278680,10374,10334,3302,2986,3144,3154,0,3142,0,0,0,2017-04-24,32932000,3143,2,0,0,0,0,0,0,0,0,3147,4,0,0,0,0,0,0,0,0
242,2017-04-24,09:08:52,0,WH705,XZCE,3147,3136,3150,466,29278680,10374,10334,3302,2986,3144,3154,0,3142,0,0,0,2017-04-24,32932000,3146,60,0,0,0,0,0,0,0,0,3147,1,0,0,0,0,0,0,0,0
243,2017-04-24,09:08:52,0,WH705,XZCE,3147,3136,3150,466,29278680,10374,10334,3302,2986,3144,3154,0,3142,0,0,0,2017-04-24,32932000,3143,2,0,0,0,0,0,0,0,0,3147,1,0,0,0,0,0,0,0,0
244,2017-04-24,09:08:54,0,WH705,XZCE,3143,3136,3150,470,29530120,10370,10334,3302,2986,3144,3154,0,3142,0,0,0,2017-04-24,32934000,3144,1,0,0,0,0,0,0,0,0,3147,1,0,0,0,0,0,0,0,0
245,2017-04-24,09:08:56,0,WH705,XZCE,3147,3136,3150,474,29781880,10370,10334,3302,2986,3144,3154,0,3142,0,0,0,2017-04-24,32936000,3147,15,0,0,0,0,0,0,0,0,3148,2,0,0,0,0,0,0,0,0
246,2017-04-24,09:08:57,0,WH705,XZCE,3148,3136,3150,482,30285560,10366,10334,3302,2986,3144,3154,0,3142,0,0,0,2017-04-24,32937000,3147,12,0,0,0,0,0,0,0,0,3148,1,0,0,0,0,0,0,0,0
247,2017-04-24,09:08:57,0,WH705,XZCE,3150,3136,3150,488,30663560,10366,10334,3302,2986,3144,3154,0,3142,0,0,0,2017-04-24,32937000,3147,12,0,0,0,0,0,0,0,0,3150,9,0,0,0,0,0,0,0,0
248,2017-04-24,09:08:58,0,WH705,XZCE,3150,3136,3150,490,30789560,10364,10334,3302,2986,3144,3154,0,3142,0,0,0,2017-04-24,32938000,3147,12,0,0,0,0,0,0,0,0,3150,8,0,0,0,0,0,0,0,0
249,2017-04-24,09:08:58,0,WH705,XZCE,3150,3136,3150,490,30789560,10364,10334,3302,2986,3144,3154,0,3142,0,0,0,2017-04-24,32938000,3148,55,0,0,0,0,0,0,0,0,3150,7,0,0,0,0,0,0,0,0
250,2017-04-24,09:08:59,0,WH705,XZCE,3150,3136,3150,490,30789560,10364,10334,3302,2986,3144,3154,0,3142,0,0,0,2017-04-24,32939000,3147,12,0,0,0,0,0,0,0,0,3150,7,0,0,0,0,0,0,0,0
251,2017-04-24,09:08:59,0,WH705,XZCE,3150,3136,3150,504,31671560,10364,10334,3302,2986,3144,3154,0,3142,0,0,0,2017-04-24,32939000,3150,48,0,0,0,0,0,0,0,0,3153,2,0,0,0,0,0,0,0,0
252,2017-04-24,09:09:00,0,WH705,XZCE,3150,3136,3150,504,31671560,10364,10334,3302,2986,3144,3154,0,3142,0,0,0,2017-04-24,32940000,3150,20,0,0,0,0,0,0,0,0,3153,2,0,0,0,0,0,0,0,0
253,2017-04-24,09:09:00,0,WH705,XZCE,3153,3136,3153,506,31797680,10364,10334,3302,2986,3144,3154,0,3142,0,0,0,2017-04-24,32940000,3150,20,0,0,0,0,0,0,0,0,3153,1,0,0,0,0,0,0,0,0
254,2017-04-24,09:09:02,0,WH705,XZCE,3153,3136,3153,508,31923800,10366,10334,3302,2986,3144,3154,0,3142,0,0,0,2017-04-24,32942000,3153,50,0,0,0,0,0,0,0,0,3155,1,0,0,0,0,0,0,0,0
255,2017-04-24,09:09:02,0,WH705,XZCE,3153,3136,3153,508,31923800,10366,10334,3302,2986,3144,3154,0,3142,0,0,0,2017-04-24,32942000,3153,4,0,0,0,0,0,0,0,0,3155,1,0,0,0,0,0,0,0,0
256,2017-04-24,09:09:03,0,WH705,XZCE,3155,3136,3155,510,32050000,10368,10334,3302,2986,3144,3154,0,3142,0,0,0,2017-04-24,32943000,3155,48,0,0,0,0,0,0,0,0,3159,2,0,0,0,0,0,0,0,0
257,2017-04-24,09:09:03,0,WH705,XZCE,3155,3136,3155,510,32050000,10368,10334,3302,2986,3144,3154,0,3142,0,0,0,2017-04-24,32943000,3153,4,0,0,0,0,0,0,0,0,3159,2,0,0,0,0,0,0,0,0
258,2017-04-24,09:09:04,0,WH705,XZCE,3153,3136,3159,516,32428360,10372,10334,3302,2986,3144,3154,0,3142,0,0,0,2017-04-24,32944000,3153,3,0,0,0,0,0,0,0,0,3160,2,0,0,0,0,0,0,0,0
259,2017-04-24,09:09:05,0,WH705,XZCE,3153,3136,3159,520,32680600,10376,10334,3302,2986,3144,3154,0,3142,0,0,0,2017-04-24,32945000,3153,2,0,0,0,0,0,0,0,0,3160,2,0,0,0,0,0,0,0,0
260,2017-04-24,09:09:06,0,WH705,XZCE,3153,3136,3159,524,32932840,10376,10334,3302,2986,3144,3154,0,3142,0,0,0,2017-04-24,32946000,3151,1,0,0,0,0,0,0,0,0,3153,8,0,0,0,0,0,0,0,0
261,2017-04-24,09:09:06,0,WH705,XZCE,3153,3136,3159,540,33941800,10374,10334,3302,2986,3144,3154,0,3142,0,0,0,2017-04-24,32946000,3156,37,0,0,0,0,0,0,0,0,3157,1,0,0,0,0,0,0,0,0
262,2017-04-24,09:09:07,0,WH705,XZCE,3153,3136,3159,540,33941800,10374,10334,3302,2986,3144,3154,0,3142,0,0,0,2017-04-24,32947000,3154,1,0,0,0,0,0,0,0,0,3157,1,0,0,0,0,0,0,0,0
263,2017-04-24,09:09:07,0,WH705,XZCE,3153,3136,3159,542,34067920,10372,10334,3302,2986,3144,3154,0,3142,0,0,0,2017-04-24,32947000,3150,20,0,0,0,0,0,0,0,0,3153,9,0,0,0,0,0,0,0,0
264,2017-04-24,09:09:08,0,WH705,XZCE,3153,3136,3159,542,34067920,10372,10334,3302,2986,3144,3154,0,3142,0,0,0,2017-04-24,32948000,3150,20,0,0,0,0,0,0,0,0,3153,19,0,0,0,0,0,0,0,0
265,2017-04-24,09:09:09,0,WH705,XZCE,3150,3136,3159,582,36587920,10372,10334,3302,2986,3144,3154,0,3142,0,0,0,2017-04-24,32949000,3147,12,0,0,0,0,0,0,0,0,3150,10,0,0,0,0,0,0,0,0
266,2017-04-24,09:09:09,0,WH705,XZCE,3150,3136,3159,582,36587920,10372,10334,3302,2986,3144,3154,0,3142,0,0,0,2017-04-24,32949000,3147,12,0,0,0,0,0,0,0,0,3153,19,0,0,0,0,0,0,0,0
267,2017-04-24,09:09:11,0,WH705,XZCE,3150,3136,3159,582,36587920,10372,10334,3302,2986,3144,3154,0,3142,0,0,0,2017-04-24,32951000,3150,1,0,0,0,0,0,0,0,0,3152,10,0,0,0,0,0,0,0,0
268,2017-04-24,09:09:11,0,WH705,XZCE,3150,3136,3159,582,36587920,10372,10334,3302,2986,3144,3154,0,3142,0,0,0,2017-04-24,32951000,3150,1,0,0,0,0,0,0,0,0,3152,11,0,0,0,0,0,0,0,0
269,2017-04-24,09:09:11,0,WH705,XZCE,3150,3136,3159,582,36587920,10372,10334,3302,2986,3144,3154,0,3142,0,0,0,2017-04-24,32951000,3150,1,0,0,0,0,0,0,0,0,3152,1,0,0,0,0,0,0,0,0
270,2017-04-24,09:09:12,0,WH705,XZCE,3150,3136,3159,584,36713920,10372,10334,3302,2986,3144,3154,0,3142,0,0,0,2017-04-24,32952000,3147,12,0,0,0,0,0,0,0,0,3150,10,0,0,0,0,0,0,0,0
271,2017-04-24,09:09:13,0,WH705,XZCE,3150,3136,3159,584,36713920,10372,10334,3302,2986,3144,3154,0,3142,0,0,0,2017-04-24,32953000,3148,1,0,0,0,0,0,0,0,0,3150,11,0,0,0,0,0,0,0,0
272,2017-04-24,09:09:13,0,WH705,XZCE,3148,3136,3159,586,36839840,10374,10334,3302,2986,3144,3154,0,3142,0,0,0,2017-04-24,32953000,3142,2,0,0,0,0,0,0,0,0,3149,1,0,0,0,0,0,0,0,0
273,2017-04-24,09:09:14,0,WH705,XZCE,3148,3136,3159,586,36839840,10374,10334,3302,2986,3144,3154,0,3142,0,0,0,2017-04-24,32954000,3143,1,0,0,0,0,0,0,0,0,3149,1,0,0,0,0,0,0,0,0
274,2017-04-24,09:09:15,0,WH705,XZCE,3148,3136,3159,586,36839840,10374,10334,3302,2986,3144,3154,0,3142,0,0,0,2017-04-24,32955000,3143,1,0,0,0,0,0,0,0,0,3149,2,0,0,0,0,0,0,0,0
275,2017-04-24,09:09:16,0,WH705,XZCE,3149,3136,3159,588,36965800,10376,10334,3302,2986,3144,3154,0,3142,0,0,0,2017-04-24,32956000,3143,1,0,0,0,0,0,0,0,0,3149,1,0,0,0,0,0,0,0,0
276,2017-04-24,09:09:19,0,WH705,XZCE,3149,3136,3159,588,36965800,10376,10334,3302,2986,3144,3154,0,3142,0,0,0,2017-04-24,32959000,3145,1,0,0,0,0,0,0,0,0,3149,1,0,0,0,0,0,0,0,0
277,2017-04-24,09:09:20,0,WH705,XZCE,3149,3136,3159,588,36965800,10376,10334,3302,2986,3144,3154,0,3142,0,0,0,2017-04-24,32960000,3143,1,0,0,0,0,0,0,0,0,3149,1,0,0,0,0,0,0,0,0
278,2017-04-24,09:09:20,0,WH705,XZCE,3149,3136,3159,588,36965800,10376,10334,3302,2986,3144,3154,0,3142,0,0,0,2017-04-24,32960000,3144,1,0,0,0,0,0,0,0,0,3149,1,0,0,0,0,0,0,0,0
279,2017-04-24,09:09:21,0,WH705,XZCE,3149,3136,3159,588,36965800,10376,10334,3302,2986,3144,3154,0,3142,0,0,0,2017-04-24,32961000,3147,1,0,0,0,0,0,0,0,0,3149,1,0,0,0,0,0,0,0,0
280,2017-04-24,09:09:24,0,WH705,XZCE,3149,3136,3159,588,36965800,10376,10334,3302,2986,3144,3154,0,3142,0,0,0,2017-04-24,32964000,3144,1,0,0,0,0,0,0,0,0,3149,1,0,0,0,0,0,0,0,0
281,2017-04-24,09:09:28,0,WH705,XZCE,3149,3136,3159,588,36965800,10376,10334,3302,2986,3144,3154,0,3142,0,0,0,2017-04-24,32968000,3145,1,0,0,0,0,0,0,0,0,3149,1,0,0,0,0,0,0,0,0
282,2017-04-24,09:09:41,0,WH705,XZCE,3145,3136,3159,590,37091600,10376,10334,3302,2986,3144,3154,0,3142,0,0,0,2017-04-24,32981000,3143,2,0,0,0,0,0,0,0,0,3145,1,0,0,0,0,0,0,0,0
283,2017-04-24,09:09:43,0,WH705,XZCE,3145,3136,3159,592,37217400,10376,10334,3302,2986,3144,3154,0,3142,0,0,0,2017-04-24,32983000,3143,2,0,0,0,0,0,0,0,0,3148,1,0,0,0,0,0,0,0,0
284,2017-04-24,09:09:43,0,WH705,XZCE,3145,3136,3159,592,37217400,10376,10334,3302,2986,3144,3154,0,3142,0,0,0,2017-04-24,32983000,3143,2,0,0,0,0,0,0,0,0,3148,2,0,0,0,0,0,0,0,0
285,2017-04-24,09:09:49,0,WH705,XZCE,3145,3136,3159,592,37217400,10376,10334,3302,2986,3144,3154,0,3142,0,0,0,2017-04-24,32989000,3144,1,0,0,0,0,0,0,0,0,3148,2,0,0,0,0,0,0,0,0
286,2017-04-24,09:09:50,0,WH705,XZCE,3143,3136,3159,600,37720280,10372,10334,3302,2986,3144,3154,0,3142,0,0,0,2017-04-24,32990000,3141,1,0,0,0,0,0,0,0,0,3143,1,0,0,0,0,0,0,0,0
287,2017-04-24,09:09:52,0,WH705,XZCE,3143,3136,3159,602,37846000,10370,10334,3302,2986,3144,3154,0,3142,0,0,0,2017-04-24,32992000,3145,11,0,0,0,0,0,0,0,0,3147,1,0,0,0,0,0,0,0,0
288,2017-04-24,09:09:52,0,WH705,XZCE,3143,3136,3159,602,37846000,10370,10334,3302,2986,3144,3154,0,3142,0,0,0,2017-04-24,32992000,3145,11,0,0,0,0,0,0,0,0,3147,2,0,0,0,0,0,0,0,0
289,2017-04-24,09:09:54,0,WH705,XZCE,3143,3136,3159,602,37846000,10370,10334,3302,2986,3144,3154,0,3142,0,0,0,2017-04-24,32994000,3145,11,0,0,0,0,0,0,0,0,3147,1,0,0,0,0,0,0,0,0
290,2017-04-24,09:09:57,0,WH705,XZCE,3143,3136,3159,602,37846000,10370,10334,3302,2986,3144,3154,0,3142,0,0,0,2017-04-24,32997000,3145,11,0,0,0,0,0,0,0,0,3147,2,0,0,0,0,0,0,0,0
291,2017-04-24,09:09:58,0,WH705,XZCE,3147,3136,3159,606,38097760,10374,10334,3302,2986,3144,3154,0,3142,0,0,0,2017-04-24,32998000,3147,60,0,0,0,0,0,0,0,0,3148,1,0,0,0,0,0,0,0,0
292,2017-04-24,09:09:59,0,WH705,XZCE,3147,3136,3159,608,38223640,10376,10334,3302,2986,3144,3154,0,3142,0,0,0,2017-04-24,32999000,3147,59,0,0,0,0,0,0,0,0,3148,1,0,0,0,0,0,0,0,0
293,2017-04-24,09:10:00,0,WH705,XZCE,3147,3136,3159,608,38223640,10376,10334,3302,2986,3144,3154,0,3142,0,0,0,2017-04-24,33000000,3146,1,0,0,0,0,0,0,0,0,3148,1,0,0,0,0,0,0,0,0
294,2017-04-24,09:10:04,0,WH705,XZCE,3147,3136,3159,608,38223640,10376,10334,3302,2986,3144,3154,0,3142,0,0,0,2017-04-24,33004000,3146,1,0,0,0,0,0,0,0,0,3148,2,0,0,0,0,0,0,0,0
295,2017-04-24,09:10:04,0,WH705,XZCE,3147,3136,3159,608,38223640,10376,10334,3302,2986,3144,3154,0,3142,0,0,0,2017-04-24,33004000,3147,57,0,0,0,0,0,0,0,0,3148,2,0,0,0,0,0,0,0,0
296,2017-04-24,09:10:05,0,WH705,XZCE,3147,3136,3159,608,38223640,10376,10334,3302,2986,3144,3154,0,3142,0,0,0,2017-04-24,33005000,3146,1,0,0,0,0,0,0,0,0,3147,1,0,0,0,0,0,0,0,0
297,2017-04-24,09:10:08,0,WH705,XZCE,3148,3136,3159,614,38601400,10378,10334,3302,2986,3144,3154,0,3142,0,0,0,2017-04-24,33008000,3148,5,0,0,0,0,0,0,0,0,3150,4,0,0,0,0,0,0,0,0
298,2017-04-24,09:10:09,0,WH705,XZCE,3148,3136,3159,614,38601400,10378,10334,3302,2986,3144,3154,0,3142,0,0,0,2017-04-24,33009000,3148,62,0,0,0,0,0,0,0,0,3150,4,0,0,0,0,0,0,0,0
299,2017-04-24,09:10:10,0,WH705,XZCE,3148,3136,3159,614,38601400,10378,10334,3302,2986,3144,3154,0,3142,0,0,0,2017-04-24,33010000,3148,5,0,0,0,0,0,0,0,0,3150,4,0,0,0,0,0,0,0,0
300,2017-04-24,09:10:10,0,WH705,XZCE,3148,3136,3159,614,38601400,10378,10334,3302,2986,3144,3154,0,3142,0,0,0,2017-04-24,33010000,3149,57,0,0,0,0,0,0,0,0,3150,4,0,0,0,0,0,0,0,0
301,2017-04-24,09:10:11,0,WH705,XZCE,3148,3136,3159,614,38601400,10378,10334,3302,2986,3144,3154,0,3142,0,0,0,2017-04-24,33011000,3148,5,0,0,0,0,0,0,0,0,3150,4,0,0,0,0,0,0,0,0
302,2017-04-24,09:10:11,0,WH705,XZCE,3148,3136,3159,614,38601400,10378,10334,3302,2986,3144,3154,0,3142,0,0,0,2017-04-24,33011000,3148,6,0,0,0,0,0,0,0,0,3150,4,0,0,0,0,0,0,0,0
303,2017-04-24,09:10:12,0,WH705,XZCE,3148,3136,3159,614,38601400,10378,10334,3302,2986,3144,3154,0,3142,0,0,0,2017-04-24,33012000,3148,7,0,0,0,0,0,0,0,0,3150,4,0,0,0,0,0,0,0,0
304,2017-04-24,09:10:13,0,WH705,XZCE,3148,3136,3159,616,38727320,10380,10334,3302,2986,3144,3154,0,3142,0,0,0,2017-04-24,33013000,3148,6,0,0,0,0,0,0,0,0,3150,4,0,0,0,0,0,0,0,0
305,2017-04-24,09:10:13,0,WH705,XZCE,3148,3136,3159,628,39482840,10376,10334,3302,2986,3144,3154,0,3142,0,0,0,2017-04-24,33013000,3146,1,0,0,0,0,0,0,0,0,3150,4,0,0,0,0,0,0,0,0
306,2017-04-24,09:10:15,0,WH705,XZCE,3148,3136,3159,628,39482840,10376,10334,3302,2986,3144,3154,0,3142,0,0,0,2017-04-24,33015000,3146,1,0,0,0,0,0,0,0,0,3149,1,0,0,0,0,0,0,0,0
307,2017-04-24,09:10:16,0,WH705,XZCE,3148,3136,3159,628,39482840,10376,10334,3302,2986,3144,3154,0,3142,0,0,0,2017-04-24,33016000,3146,1,0,0,0,0,0,0,0,0,3149,7,0,0,0,0,0,0,0,0
308,2017-04-24,09:10:17,0,WH705,XZCE,3148,3136,3159,628,39482840,10376,10334,3302,2986,3144,3154,0,3142,0,0,0,2017-04-24,33017000,3142,1,0,0,0,0,0,0,0,0,3149,1,0,0,0,0,0,0,0,0
309,2017-04-24,09:10:19,0,WH705,XZCE,3148,3136,3159,628,39482840,10376,10334,3302,2986,3144,3154,0,3142,0,0,0,2017-04-24,33019000,3142,1,0,0,0,0,0,0,0,0,3148,1,0,0,0,0,0,0,0,0
310,2017-04-24,09:10:19,0,WH705,XZCE,3148,3136,3159,628,39482840,10376,10334,3302,2986,3144,3154,0,3142,0,0,0,2017-04-24,33019000,3143,1,0,0,0,0,0,0,0,0,3148,1,0,0,0,0,0,0,0,0
311,2017-04-24,09:10:24,0,WH705,XZCE,3148,3136,3159,628,39482840,10376,10334,3302,2986,3144,3154,0,3142,0,0,0,2017-04-24,33024000,3143,66,0,0,0,0,0,0,0,0,3148,1,0,0,0,0,0,0,0,0
312,2017-04-24,09:10:26,0,WH705,XZCE,3143,3136,3159,668,41997240,10376,10334,3302,2986,3144,3154,0,3142,0,0,0,2017-04-24,33026000,3143,46,0,0,0,0,0,0,0,0,3148,1,0,0,0,0,0,0,0,0
313,2017-04-24,09:10:27,0,WH705,XZCE,3143,3136,3159,678,42625840,10376,10334,3302,2986,3144,3154,0,3142,0,0,0,2017-04-24,33027000,3142,1,0,0,0,0,0,0,0,0,3143,10,0,0,0,0,0,0,0,0
314,2017-04-24,09:10:27,0,WH705,XZCE,3143,3136,3159,678,42625840,10376,10334,3302,2986,3144,3154,0,3142,0,0,0,2017-04-24,33027000,3142,1,0,0,0,0,0,0,0,0,3143,20,0,0,0,0,0,0,0,0
315,2017-04-24,09:10:28,0,WH705,XZCE,3143,3136,3159,678,42625840,10376,10334,3302,2986,3144,3154,0,3142,0,0,0,2017-04-24,33028000,3142,1,0,0,0,0,0,0,0,0,3143,15,0,0,0,0,0,0,0,0
316,2017-04-24,09:10:29,0,WH705,XZCE,3143,3136,3159,678,42625840,10376,10334,3302,2986,3144,3154,0,3142,0,0,0,2017-04-24,33029000,3142,1,0,0,0,0,0,0,0,0,3143,10,0,0,0,0,0,0,0,0
317,2017-04-24,09:10:29,0,WH705,XZCE,3143,3136,3159,678,42625840,10376,10334,3302,2986,3144,3154,0,3142,0,0,0,2017-04-24,33029000,3142,1,0,0,0,0,0,0,0,0,3143,5,0,0,0,0,0,0,0,0
318,2017-04-24,09:10:30,0,WH705,XZCE,3143,3136,3159,678,42625840,10376,10334,3302,2986,3144,3154,0,3142,0,0,0,2017-04-24,33030000,3142,1,0,0,0,0,0,0,0,0,3149,2,0,0,0,0,0,0,0,0
319,2017-04-24,09:10:31,0,WH705,XZCE,3143,3136,3159,678,42625840,10376,10334,3302,2986,3144,3154,0,3142,0,0,0,2017-04-24,33031000,3142,1,0,0,0,0,0,0,0,0,3148,1,0,0,0,0,0,0,0,0
320,2017-04-24,09:10:34,0,WH705,XZCE,3148,3136,3159,680,42751760,10374,10334,3302,2986,3144,3154,0,3142,0,0,0,2017-04-24,33034000,3142,1,0,0,0,0,0,0,0,0,3149,1,0,0,0,0,0,0,0,0
321,2017-04-24,09:10:36,0,WH705,XZCE,3148,3136,3159,680,42751760,10374,10334,3302,2986,3144,3154,0,3142,0,0,0,2017-04-24,33036000,3143,1,0,0,0,0,0,0,0,0,3149,1,0,0,0,0,0,0,0,0
322,2017-04-24,09:10:37,0,WH705,XZCE,3148,3136,3159,680,42751760,10374,10334,3302,2986,3144,3154,0,3142,0,0,0,2017-04-24,33037000,3143,1,0,0,0,0,0,0,0,0,3148,1,0,0,0,0,0,0,0,0
323,2017-04-24,09:10:38,0,WH705,XZCE,3148,3136,3159,682,42877680,10374,10334,3302,2986,3144,3154,0,3142,0,0,0,2017-04-24,33038000,3148,10,0,0,0,0,0,0,0,0,3149,1,0,0,0,0,0,0,0,0
324,2017-04-24,09:10:39,0,WH705,XZCE,3148,3136,3159,694,43633200,10366,10334,3302,2986,3144,3154,0,3142,0,0,0,2017-04-24,33039000,3148,4,0,0,0,0,0,0,0,0,3149,1,0,0,0,0,0,0,0,0
325,2017-04-24,09:10:39,0,WH705,XZCE,3148,3136,3159,702,44136880,10358,10334,3302,2986,3144,3154,0,3142,0,0,0,2017-04-24,33039000,3143,1,0,0,0,0,0,0,0,0,3148,2,0,0,0,0,0,0,0,0
326,2017-04-24,09:10:40,0,WH705,XZCE,3148,3136,3159,702,44136880,10358,10334,3302,2986,3144,3154,0,3142,0,0,0,2017-04-24,33040000,3143,1,0,0,0,0,0,0,0,0,3149,1,0,0,0,0,0,0,0,0
327,2017-04-24,09:10:41,0,WH705,XZCE,3148,3136,3159,702,44136880,10358,10334,3302,2986,3144,3154,0,3142,0,0,0,2017-04-24,33041000,3144,1,0,0,0,0,0,0,0,0,3149,1,0,0,0,0,0,0,0,0
328,2017-04-24,09:10:43,0,WH705,XZCE,3148,3136,3159,702,44136880,10358,10334,3302,2986,3144,3154,0,3142,0,0,0,2017-04-24,33043000,3146,49,0,0,0,0,0,0,0,0,3149,1,0,0,0,0,0,0,0,0
329,2017-04-24,09:10:43,0,WH705,XZCE,3144,3136,3159,704,44262640,10356,10334,3302,2986,3144,3154,0,3142,0,0,0,2017-04-24,33043000,3143,1,0,0,0,0,0,0,0,0,3149,1,0,0,0,0,0,0,0,0
330,2017-04-24,09:10:43,0,WH705,XZCE,3144,3136,3159,704,44262640,10356,10334,3302,2986,3144,3154,0,3142,0,0,0,2017-04-24,33043000,3143,2,0,0,0,0,0,0,0,0,3149,1,0,0,0,0,0,0,0,0
331,2017-04-24,09:10:44,0,WH705,XZCE,3144,3136,3159,704,44262640,10356,10334,3302,2986,3144,3154,0,3142,0,0,0,2017-04-24,33044000,3145,1,0,0,0,0,0,0,0,0,3150,4,0,0,0,0,0,0,0,0
332,2017-04-24,09:10:45,0,WH705,XZCE,3144,3136,3159,706,44388400,10356,10334,3302,2986,3144,3154,0,3142,0,0,0,2017-04-24,33045000,3143,1,0,0,0,0,0,0,0,0,3146,4,0,0,0,0,0,0,0,0
333,2017-04-24,09:10:46,0,WH705,XZCE,3144,3136,3159,706,44388400,10356,10334,3302,2986,3144,3154,0,3142,0,0,0,2017-04-24,33046000,3143,2,0,0,0,0,0,0,0,0,3150,4,0,0,0,0,0,0,0,0
334,2017-04-24,09:10:46,0,WH705,XZCE,3144,3136,3159,706,44388400,10356,10334,3302,2986,3144,3154,0,3142,0,0,0,2017-04-24,33046000,3143,3,0,0,0,0,0,0,0,0,3150,4,0,0,0,0,0,0,0,0
335,2017-04-24,09:10:47,0,WH705,XZCE,3144,3136,3159,706,44388400,10356,10334,3302,2986,3144,3154,0,3142,0,0,0,2017-04-24,33047000,3143,3,0,0,0,0,0,0,0,0,3149,2,0,0,0,0,0,0,0,0
336,2017-04-24,09:10:47,0,WH705,XZCE,3144,3136,3159,706,44388400,10356,10334,3302,2986,3144,3154,0,3142,0,0,0,2017-04-24,33047000,3143,3,0,0,0,0,0,0,0,0,3149,3,0,0,0,0,0,0,0,0
337,2017-04-24,09:10:48,0,WH705,XZCE,3144,3136,3159,706,44388400,10356,10334,3302,2986,3144,3154,0,3142,0,0,0,2017-04-24,33048000,3143,3,0,0,0,0,0,0,0,0,3149,1,0,0,0,0,0,0,0,0
338,2017-04-24,09:10:50,0,WH705,XZCE,3143,3136,3159,712,44765560,10352,10334,3302,2986,3144,3154,0,3142,0,0,0,2017-04-24,33050000,3142,1,0,0,0,0,0,0,0,0,3148,1,0,0,0,0,0,0,0,0
339,2017-04-24,09:10:51,0,WH705,XZCE,3143,3136,3159,712,44765560,10352,10334,3302,2986,3144,3154,0,3142,0,0,0,2017-04-24,33051000,3143,1,0,0,0,0,0,0,0,0,3148,2,0,0,0,0,0,0,0,0
340,2017-04-24,09:10:53,0,WH705,XZCE,3143,3136,3159,714,44891280,10350,10334,3302,2986,3144,3154,0,3142,0,0,0,2017-04-24,33053000,3142,1,0,0,0,0,0,0,0,0,3148,2,0,0,0,0,0,0,0,0
341,2017-04-24,09:10:53,0,WH705,XZCE,3143,3136,3159,714,44891280,10350,10334,3302,2986,3144,3154,0,3142,0,0,0,2017-04-24,33053000,3142,1,0,0,0,0,0,0,0,0,3147,1,0,0,0,0,0,0,0,0
342,2017-04-24,09:10:55,0,WH705,XZCE,3143,3136,3159,714,44891280,10350,10334,3302,2986,3144,3154,0,3142,0,0,0,2017-04-24,33055000,3142,2,0,0,0,0,0,0,0,0,3147,1,0,0,0,0,0,0,0,0
343,2017-04-24,09:11:11,0,WH705,XZCE,3143,3136,3159,714,44891280,10350,10334,3302,2986,3144,3154,0,3142,0,0,0,2017-04-24,33071000,3142,2,0,0,0,0,0,0,0,0,3146,3,0,0,0,0,0,0,0,0
344,2017-04-24,09:11:11,0,WH705,XZCE,3143,3136,3159,714,44891280,10350,10334,3302,2986,3144,3154,0,3142,0,0,0,2017-04-24,33071000,3142,2,0,0,0,0,0,0,0,0,3146,4,0,0,0,0,0,0,0,0
345,2017-04-24,09:11:13,0,WH705,XZCE,3143,3136,3159,714,44891280,10350,10334,3302,2986,3144,3154,0,3142,0,0,0,2017-04-24,33073000,3142,2,0,0,0,0,0,0,0,0,3145,1,0,0,0,0,0,0,0,0
346,2017-04-24,09:11:25,0,WH705,XZCE,3143,3136,3159,714,44891280,10350,10334,3302,2986,3144,3154,0,3142,0,0,0,2017-04-24,33085000,3142,2,0,0,0,0,0,0,0,0,3146,1,0,0,0,0,0,0,0,0
347,2017-04-24,09:11:41,0,WH705,XZCE,3142,3136,3159,718,45142640,10346,10334,3302,2986,3144,3154,0,3142,0,0,0,2017-04-24,33101000,3142,1,0,0,0,0,0,0,0,0,3146,1,0,0,0,0,0,0,0,0
348,2017-04-24,09:11:43,0,WH705,XZCE,3142,3136,3159,720,45268320,10346,10334,3302,2986,3144,3154,0,3142,0,0,0,2017-04-24,33103000,3141,4,0,0,0,0,0,0,0,0,3142,1,0,0,0,0,0,0,0,0
349,2017-04-24,09:11:45,0,WH705,XZCE,3142,3136,3159,722,45394000,10346,10334,3302,2986,3144,3154,0,3142,0,0,0,2017-04-24,33105000,3141,4,0,0,0,0,0,0,0,0,3149,1,0,0,0,0,0,0,0,0
350,2017-04-24,09:11:46,0,WH705,XZCE,3142,3136,3159,722,45394000,10346,10334,3302,2986,3144,3154,0,3142,0,0,0,2017-04-24,33106000,3141,5,0,0,0,0,0,0,0,0,3148,1,0,0,0,0,0,0,0,0
351,2017-04-24,09:11:47,0,WH705,XZCE,3142,3136,3159,722,45394000,10346,10334,3302,2986,3144,3154,0,3142,0,0,0,2017-04-24,33107000,3141,5,0,0,0,0,0,0,0,0,3147,2,0,0,0,0,0,0,0,0
352,2017-04-24,09:11:55,0,WH705,XZCE,3142,3136,3159,722,45394000,10346,10334,3302,2986,3144,3154,0,3142,0,0,0,2017-04-24,33115000,3141,5,0,0,0,0,0,0,0,0,3147,1,0,0,0,0,0,0,0,0
353,2017-04-24,09:11:55,0,WH705,XZCE,3142,3136,3159,722,45394000,10346,10334,3302,2986,3144,3154,0,3142,0,0,0,2017-04-24,33115000,3141,5,0,0,0,0,0,0,0,0,3147,2,0,0,0,0,0,0,0,0
354,2017-04-24,09:12:00,0,WH705,XZCE,3142,3136,3159,722,45394000,10346,10334,3302,2986,3144,3154,0,3142,0,0,0,2017-04-24,33120000,3142,1,0,0,0,0,0,0,0,0,3147,2,0,0,0,0,0,0,0,0
355,2017-04-24,09:12:02,0,WH705,XZCE,3142,3136,3159,722,45394000,10346,10334,3302,2986,3144,3154,0,3142,0,0,0,2017-04-24,33122000,3142,1,0,0,0,0,0,0,0,0,3147,1,0,0,0,0,0,0,0,0
356,2017-04-24,09:12:03,0,WH705,XZCE,3142,3136,3159,722,45394000,10346,10334,3302,2986,3144,3154,0,3142,0,0,0,2017-04-24,33123000,3142,51,0,0,0,0,0,0,0,0,3147,1,0,0,0,0,0,0,0,0
357,2017-04-24,09:12:03,0,WH705,XZCE,3142,3136,3159,722,45394000,10346,10334,3302,2986,3144,3154,0,3142,0,0,0,2017-04-24,33123000,3142,1,0,0,0,0,0,0,0,0,3147,1,0,0,0,0,0,0,0,0
358,2017-04-24,09:12:09,0,WH705,XZCE,3142,3136,3159,724,45519680,10346,10334,3302,2986,3144,3154,0,3142,0,0,0,2017-04-24,33129000,3141,5,0,0,0,0,0,0,0,0,3142,1,0,0,0,0,0,0,0,0
359,2017-04-24,09:12:13,0,WH705,XZCE,3141,3136,3159,734,46147880,10336,10334,3302,2986,3144,3154,0,3142,0,0,0,2017-04-24,33133000,3140,2,0,0,0,0,0,0,0,0,3142,1,0,0,0,0,0,0,0,0
360,2017-04-24,09:12:29,0,WH705,XZCE,3140,3136,3159,736,46273480,10336,10334,3302,2986,3144,3154,0,3142,0,0,0,2017-04-24,33149000,3140,1,0,0,0,0,0,0,0,0,3142,1,0,0,0,0,0,0,0,0
361,2017-04-24,09:12:29,0,WH705,XZCE,3140,3136,3159,738,46399080,10334,10334,3302,2986,3144,3154,0,3142,0,0,0,2017-04-24,33149000,3139,2,0,0,0,0,0,0,0,0,3142,1,0,0,0,0,0,0,0,0
362,2017-04-24,09:12:53,0,WH705,XZCE,3140,3136,3159,738,46399080,10334,10334,3302,2986,3144,3154,0,3142,0,0,0,2017-04-24,33173000,3139,2,0,0,0,0,0,0,0,0,3141,1,0,0,0,0,0,0,0,0
363,2017-04-24,09:12:59,0,WH705,XZCE,3141,3136,3159,740,46524720,10334,10334,3302,2986,3144,3154,0,3142,0,0,0,2017-04-24,33179000,3139,2,0,0,0,0,0,0,0,0,3142,1,0,0,0,0,0,0,0,0
364,2017-04-24,09:13:01,0,WH705,XZCE,3141,3136,3159,740,46524720,10334,10334,3302,2986,3144,3154,0,3142,0,0,0,2017-04-24,33181000,3140,1,0,0,0,0,0,0,0,0,3142,1,0,0,0,0,0,0,0,0
365,2017-04-24,09:13:02,0,WH705,XZCE,3140,3136,3159,742,46650320,10334,10334,3302,2986,3144,3154,0,3142,0,0,0,2017-04-24,33182000,3139,2,0,0,0,0,0,0,0,0,3140,1,0,0,0,0,0,0,0,0
366,2017-04-24,09:13:03,0,WH705,XZCE,3140,3136,3159,742,46650320,10334,10334,3302,2986,3144,3154,0,3142,0,0,0,2017-04-24,33183000,3139,2,0,0,0,0,0,0,0,0,3142,1,0,0,0,0,0,0,0,0
367,2017-04-24,09:13:06,0,WH705,XZCE,3139,3136,3159,744,46775880,10334,10334,3302,2986,3144,3154,0,3142,0,0,0,2017-04-24,33186000,3139,1,0,0,0,0,0,0,0,0,3142,1,0,0,0,0,0,0,0,0
368,2017-04-24,09:13:07,0,WH705,XZCE,3139,3136,3159,746,46901440,10334,10334,3302,2986,3144,3154,0,3142,0,0,0,2017-04-24,33187000,3137,1,0,0,0,0,0,0,0,0,3141,1,0,0,0,0,0,0,0,0
369,2017-04-24,09:13:08,0,WH705,XZCE,3139,3136,3159,746,46901440,10334,10334,3302,2986,3144,3154,0,3142,0,0,0,2017-04-24,33188000,3137,1,0,0,0,0,0,0,0,0,3142,1,0,0,0,0,0,0,0,0
370,2017-04-24,09:13:08,0,WH705,XZCE,3139,3136,3159,746,46901440,10334,10334,3302,2986,3144,3154,0,3142,0,0,0,2017-04-24,33188000,3140,2,0,0,0,0,0,0,0,0,3142,1,0,0,0,0,0,0,0,0
371,2017-04-24,09:13:10,0,WH705,XZCE,3140,3136,3159,750,47152640,10330,10334,3302,2986,3144,3154,0,3142,0,0,0,2017-04-24,33190000,3137,1,0,0,0,0,0,0,0,0,3142,1,0,0,0,0,0,0,0,0
372,2017-04-24,09:13:13,0,WH705,XZCE,3140,3136,3159,750,47152640,10330,10334,3302,2986,3144,3154,0,3142,0,0,0,2017-04-24,33193000,3137,1,0,0,0,0,0,0,0,0,3141,1,0,0,0,0,0,0,0,0
373,2017-04-24,09:13:13,0,WH705,XZCE,3140,3136,3159,750,47152640,10330,10334,3302,2986,3144,3154,0,3142,0,0,0,2017-04-24,33193000,3137,1,0,0,0,0,0,0,0,0,3141,2,0,0,0,0,0,0,0,0
374,2017-04-24,09:13:14,0,WH705,XZCE,3140,3136,3159,750,47152640,10330,10334,3302,2986,3144,3154,0,3142,0,0,0,2017-04-24,33194000,3137,1,0,0,0,0,0,0,0,0,3140,1,0,0,0,0,0,0,0,0
375,2017-04-24,09:13:17,0,WH705,XZCE,3140,3136,3159,750,47152640,10330,10334,3302,2986,3144,3154,0,3142,0,0,0,2017-04-24,33197000,3137,1,0,0,0,0,0,0,0,0,3141,1,0,0,0,0,0,0,0,0
376,2017-04-24,09:13:17,0,WH705,XZCE,3140,3136,3159,750,47152640,10330,10334,3302,2986,3144,3154,0,3142,0,0,0,2017-04-24,33197000,3137,2,0,0,0,0,0,0,0,0,3141,1,0,0,0,0,0,0,0,0
377,2017-04-24,09:13:18,0,WH705,XZCE,3140,3136,3159,750,47152640,10330,10334,3302,2986,3144,3154,0,3142,0,0,0,2017-04-24,33198000,3137,2,0,0,0,0,0,0,0,0,3140,1,0,0,0,0,0,0,0,0
378,2017-04-24,09:13:22,0,WH705,XZCE,3140,3136,3159,752,47278240,10330,10334,3302,2986,3144,3154,0,3142,0,0,0,2017-04-24,33202000,3137,2,0,0,0,0,0,0,0,0,3141,1,0,0,0,0,0,0,0,0
379,2017-04-24,09:13:24,0,WH705,XZCE,3140,3136,3159,752,47278240,10330,10334,3302,2986,3144,3154,0,3142,0,0,0,2017-04-24,33204000,3139,30,0,0,0,0,0,0,0,0,3141,1,0,0,0,0,0,0,0,0
380,2017-04-24,09:13:26,0,WH705,XZCE,3140,3136,3159,752,47278240,10330,10334,3302,2986,3144,3154,0,3142,0,0,0,2017-04-24,33206000,3137,2,0,0,0,0,0,0,0,0,3141,1,0,0,0,0,0,0,0,0
381,2017-04-24,09:13:28,0,WH705,XZCE,3141,3136,3159,754,47403880,10332,10334,3302,2986,3144,3154,0,3142,0,0,0,2017-04-24,33208000,3137,2,0,0,0,0,0,0,0,0,3142,1,0,0,0,0,0,0,0,0
382,2017-04-24,09:13:29,0,WH705,XZCE,3141,3136,3159,754,47403880,10332,10334,3302,2986,3144,3154,0,3142,0,0,0,2017-04-24,33209000,3138,1,0,0,0,0,0,0,0,0,3142,1,0,0,0,0,0,0,0,0
383,2017-04-24,09:13:31,0,WH705,XZCE,3141,3136,3159,754,47403880,10332,10334,3302,2986,3144,3154,0,3142,0,0,0,2017-04-24,33211000,3138,1,0,0,0,0,0,0,0,0,3141,1,0,0,0,0,0,0,0,0
384,2017-04-24,09:13:36,0,WH705,XZCE,3141,3136,3159,754,47403880,10332,10334,3302,2986,3144,3154,0,3142,0,0,0,2017-04-24,33216000,3137,2,0,0,0,0,0,0,0,0,3141,1,0,0,0,0,0,0,0,0
385,2017-04-24,09:13:38,0,WH705,XZCE,3141,3136,3159,754,47403880,10332,10334,3302,2986,3144,3154,0,3142,0,0,0,2017-04-24,33218000,3137,24,0,0,0,0,0,0,0,0,3141,1,0,0,0,0,0,0,0,0
386,2017-04-24,09:13:39,0,WH705,XZCE,3141,3136,3159,754,47403880,10332,10334,3302,2986,3144,3154,0,3142,0,0,0,2017-04-24,33219000,3137,24,0,0,0,0,0,0,0,0,3140,1,0,0,0,0,0,0,0,0
387,2017-04-24,09:13:40,0,WH705,XZCE,3141,3136,3159,754,47403880,10332,10334,3302,2986,3144,3154,0,3142,0,0,0,2017-04-24,33220000,3137,2,0,0,0,0,0,0,0,0,3140,1,0,0,0,0,0,0,0,0
388,2017-04-24,09:13:42,0,WH705,XZCE,3141,3136,3159,754,47403880,10332,10334,3302,2986,3144,3154,0,3142,0,0,0,2017-04-24,33222000,3137,2,0,0,0,0,0,0,0,0,3141,1,0,0,0,0,0,0,0,0
389,2017-04-24,09:13:42,0,WH705,XZCE,3141,3136,3159,754,47403880,10332,10334,3302,2986,3144,3154,0,3142,0,0,0,2017-04-24,33222000,3140,1,0,0,0,0,0,0,0,0,3141,1,0,0,0,0,0,0,0,0
390,2017-04-24,09:13:43,0,WH705,XZCE,3140,3136,3159,756,47529480,10332,10334,3302,2986,3144,3154,0,3142,0,0,0,2017-04-24,33223000,3139,22,0,0,0,0,0,0,0,0,3141,1,0,0,0,0,0,0,0,0
391,2017-04-24,09:13:44,0,WH705,XZCE,3140,3136,3159,756,47529480,10332,10334,3302,2986,3144,3154,0,3142,0,0,0,2017-04-24,33224000,3137,2,0,0,0,0,0,0,0,0,3141,1,0,0,0,0,0,0,0,0
392,2017-04-24,09:13:47,0,WH705,XZCE,3140,3136,3159,756,47529480,10332,10334,3302,2986,3144,3154,0,3142,0,0,0,2017-04-24,33227000,3139,22,0,0,0,0,0,0,0,0,3141,1,0,0,0,0,0,0,0,0
393,2017-04-24,09:13:48,0,WH705,XZCE,3140,3136,3159,756,47529480,10332,10334,3302,2986,3144,3154,0,3142,0,0,0,2017-04-24,33228000,3137,2,0,0,0,0,0,0,0,0,3141,1,0,0,0,0,0,0,0,0
394,2017-04-24,09:13:50,0,WH705,XZCE,3140,3136,3159,756,47529480,10332,10334,3302,2986,3144,3154,0,3142,0,0,0,2017-04-24,33230000,3138,1,0,0,0,0,0,0,0,0,3141,1,0,0,0,0,0,0,0,0
395,2017-04-24,09:13:56,0,WH705,XZCE,3141,3136,3159,758,47655120,10334,10334,3302,2986,3144,3154,0,3142,0,0,0,2017-04-24,33236000,3141,58,0,0,0,0,0,0,0,0,3142,1,0,0,0,0,0,0,0,0
396,2017-04-24,09:13:57,0,WH705,XZCE,3141,3136,3159,762,47906400,10334,10334,3302,2986,3144,3154,0,3142,0,0,0,2017-04-24,33237000,3138,1,0,0,0,0,0,0,0,0,3142,1,0,0,0,0,0,0,0,0
397,2017-04-24,09:14:00,0,WH705,XZCE,3141,3136,3159,762,47906400,10334,10334,3302,2986,3144,3154,0,3142,0,0,0,2017-04-24,33240000,3141,1,0,0,0,0,0,0,0,0,3142,1,0,0,0,0,0,0,0,0
398,2017-04-24,09:14:02,0,WH705,XZCE,3141,3136,3159,764,48032040,10332,10334,3302,2986,3144,3154,0,3142,0,0,0,2017-04-24,33242000,3138,1,0,0,0,0,0,0,0,0,3142,1,0,0,0,0,0,0,0,0
399,2017-04-24,09:14:03,0,WH705,XZCE,3141,3136,3159,764,48032040,10332,10334,3302,2986,3144,3154,0,3142,0,0,0,2017-04-24,33243000,3138,2,0,0,0,0,0,0,0,0,3142,1,0,0,0,0,0,0,0,0
400,2017-04-24,09:14:05,0,WH705,XZCE,3141,3136,3159,764,48032040,10332,10334,3302,2986,3144,3154,0,3142,0,0,0,2017-04-24,33245000,3138,2,0,0,0,0,0,0,0,0,3141,1,0,0,0,0,0,0,0,0
401,2017-04-24,09:14:05,0,WH705,XZCE,3141,3136,3159,764,48032040,10332,10334,3302,2986,3144,3154,0,3142,0,0,0,2017-04-24,33245000,3138,7,0,0,0,0,0,0,0,0,3141,1,0,0,0,0,0,0,0,0
402,2017-04-24,09:14:06,0,WH705,XZCE,3141,3136,3159,764,48032040,10332,10334,3302,2986,3144,3154,0,3142,0,0,0,2017-04-24,33246000,3138,7,0,0,0,0,0,0,0,0,3142,1,0,0,0,0,0,0,0,0
403,2017-04-24,09:14:07,0,WH705,XZCE,3141,3136,3159,764,48032040,10332,10334,3302,2986,3144,3154,0,3142,0,0,0,2017-04-24,33247000,3138,62,0,0,0,0,0,0,0,0,3142,1,0,0,0,0,0,0,0,0
404,2017-04-24,09:14:10,0,WH705,XZCE,3141,3136,3159,764,48032040,10332,10334,3302,2986,3144,3154,0,3142,0,0,0,2017-04-24,33250000,3138,7,0,0,0,0,0,0,0,0,3142,1,0,0,0,0,0,0,0,0
405,2017-04-24,09:14:23,0,WH705,XZCE,3141,3136,3159,764,48032040,10332,10334,3302,2986,3144,3154,0,3142,0,0,0,2017-04-24,33263000,3138,7,0,0,0,0,0,0,0,0,3141,1,0,0,0,0,0,0,0,0
406,2017-04-24,09:14:24,0,WH705,XZCE,3141,3136,3159,766,48157680,10332,10334,3302,2986,3144,3154,0,3142,0,0,0,2017-04-24,33264000,3138,7,0,0,0,0,0,0,0,0,3142,1,0,0,0,0,0,0,0,0
407,2017-04-24,09:14:25,0,WH705,XZCE,3141,3136,3159,766,48157680,10332,10334,3302,2986,3144,3154,0,3142,0,0,0,2017-04-24,33265000,3139,2,0,0,0,0,0,0,0,0,3142,1,0,0,0,0,0,0,0,0
408,2017-04-24,09:14:32,0,WH705,XZCE,3139,3136,3159,770,48408800,10332,10334,3302,2986,3144,3154,0,3142,0,0,0,2017-04-24,33272000,3138,7,0,0,0,0,0,0,0,0,3142,1,0,0,0,0,0,0,0,0
409,2017-04-24,09:14:34,0,WH705,XZCE,3139,3136,3159,770,48408800,10332,10334,3302,2986,3144,3154,0,3142,0,0,0,2017-04-24,33274000,3139,1,0,0,0,0,0,0,0,0,3142,1,0,0,0,0,0,0,0,0
410,2017-04-24,09:14:37,0,WH705,XZCE,3139,3136,3159,772,48534360,10330,10334,3302,2986,3144,3154,0,3142,0,0,0,2017-04-24,33277000,3138,7,0,0,0,0,0,0,0,0,3142,1,0,0,0,0,0,0,0,0
411,2017-04-24,09:14:39,0,WH705,XZCE,3139,3136,3159,772,48534360,10330,10334,3302,2986,3144,3154,0,3142,0,0,0,2017-04-24,33279000,3138,7,0,0,0,0,0,0,0,0,3141,1,0,0,0,0,0,0,0,0
412,2017-04-24,09:14:39,0,WH705,XZCE,3139,3136,3159,772,48534360,10330,10334,3302,2986,3144,3154,0,3142,0,0,0,2017-04-24,33279000,3138,7,0,0,0,0,0,0,0,0,3140,2,0,0,0,0,0,0,0,0
413,2017-04-24,09:14:42,0,WH705,XZCE,3139,3136,3159,772,48534360,10330,10334,3302,2986,3144,3154,0,3142,0,0,0,2017-04-24,33282000,3139,1,0,0,0,0,0,0,0,0,3140,2,0,0,0,0,0,0,0,0
414,2017-04-24,09:14:42,0,WH705,XZCE,3139,3136,3159,772,48534360,10330,10334,3302,2986,3144,3154,0,3142,0,0,0,2017-04-24,33282000,3139,53,0,0,0,0,0,0,0,0,3140,2,0,0,0,0,0,0,0,0
415,2017-04-24,09:14:44,0,WH705,XZCE,3139,3136,3159,772,48534360,10330,10334,3302,2986,3144,3154,0,3142,0,0,0,2017-04-24,33284000,3139,1,0,0,0,0,0,0,0,0,3140,2,0,0,0,0,0,0,0,0
416,2017-04-24,09:14:54,0,WH705,XZCE,3139,3136,3159,774,48659920,10330,10334,3302,2986,3144,3154,0,3142,0,0,0,2017-04-24,33294000,3138,7,0,0,0,0,0,0,0,0,3140,2,0,0,0,0,0,0,0,0
417,2017-04-24,09:15:11,0,WH705,XZCE,3138,3136,3159,776,48785440,10332,10334,3302,2986,3144,3154,0,3142,0,0,0,2017-04-24,33311000,3138,6,0,0,0,0,0,0,0,0,3140,2,0,0,0,0,0,0,0,0
418,2017-04-24,09:15:11,0,WH705,XZCE,3138,3136,3159,776,48785440,10332,10334,3302,2986,3144,3154,0,3142,0,0,0,2017-04-24,33311000,3138,6,0,0,0,0,0,0,0,0,3140,3,0,0,0,0,0,0,0,0
419,2017-04-24,09:15:13,0,WH705,XZCE,3138,3136,3159,788,49538560,10320,10334,3302,2986,3144,3154,0,3142,0,0,0,2017-04-24,33313000,3137,1,0,0,0,0,0,0,0,0,3138,3,0,0,0,0,0,0,0,0
420,2017-04-24,09:15:14,0,WH705,XZCE,3137,3136,3159,790,49664040,10318,10334,3302,2986,3144,3154,0,3142,0,0,0,2017-04-24,33314000,3136,5,0,0,0,0,0,0,0,0,3138,3,0,0,0,0,0,0,0,0
421,2017-04-24,09:15:14,0,WH705,XZCE,3137,3136,3159,790,49664040,10318,10334,3302,2986,3144,3154,0,3142,0,0,0,2017-04-24,33314000,3136,5,0,0,0,0,0,0,0,0,3138,4,0,0,0,0,0,0,0,0
422,2017-04-24,09:15:15,0,WH705,XZCE,3137,3136,3159,790,49664040,10318,10334,3302,2986,3144,3154,0,3142,0,0,0,2017-04-24,33315000,3136,5,0,0,0,0,0,0,0,0,3138,1,0,0,0,0,0,0,0,0
423,2017-04-24,09:15:21,0,WH705,XZCE,3137,3136,3159,790,49664040,10318,10334,3302,2986,3144,3154,0,3142,0,0,0,2017-04-24,33321000,3137,1,0,0,0,0,0,0,0,0,3138,1,0,0,0,0,0,0,0,0
424,2017-04-24,09:15:23,0,WH705,XZCE,3138,3136,3159,792,49789560,10320,10334,3302,2986,3144,3154,0,3142,0,0,0,2017-04-24,33323000,3137,1,0,0,0,0,0,0,0,0,3140,2,0,0,0,0,0,0,0,0
425,2017-04-24,09:15:23,0,WH705,XZCE,3138,3136,3159,792,49789560,10320,10334,3302,2986,3144,3154,0,3142,0,0,0,2017-04-24,33323000,3138,1,0,0,0,0,0,0,0,0,3140,2,0,0,0,0,0,0,0,0
426,2017-04-24,09:15:24,0,WH705,XZCE,3138,3136,3159,794,49915080,10318,10334,3302,2986,3144,3154,0,3142,0,0,0,2017-04-24,33324000,3138,1,0,0,0,0,0,0,0,0,3140,2,0,0,0,0,0,0,0,0
427,2017-04-24,09:15:25,0,WH705,XZCE,3138,3136,3159,794,49915080,10318,10334,3302,2986,3144,3154,0,3142,0,0,0,2017-04-24,33325000,3138,51,0,0,0,0,0,0,0,0,3140,2,0,0,0,0,0,0,0,0
428,2017-04-24,09:15:27,0,WH705,XZCE,3138,3136,3159,794,49915080,10318,10334,3302,2986,3144,3154,0,3142,0,0,0,2017-04-24,33327000,3138,1,0,0,0,0,0,0,0,0,3140,2,0,0,0,0,0,0,0,0
429,2017-04-24,09:15:30,0,WH705,XZCE,3138,3136,3159,796,50040600,10318,10334,3302,2986,3144,3154,0,3142,0,0,0,2017-04-24,33330000,3137,1,0,0,0,0,0,0,0,0,3140,2,0,0,0,0,0,0,0,0
430,2017-04-24,09:15:34,0,WH705,XZCE,3140,3136,3159,798,50166200,10316,10334,3302,2986,3144,3154,0,3142,0,0,0,2017-04-24,33334000,3137,2,0,0,0,0,0,0,0,0,3140,1,0,0,0,0,0,0,0,0
431,2017-04-24,09:15:37,0,WH705,XZCE,3140,3136,3159,798,50166200,10316,10334,3302,2986,3144,3154,0,3142,0,0,0,2017-04-24,33337000,3138,1,0,0,0,0,0,0,0,0,3140,1,0,0,0,0,0,0,0,0
432,2017-04-24,09:15:50,0,WH705,XZCE,3140,3136,3159,798,50166200,10316,10334,3302,2986,3144,3154,0,3142,0,0,0,2017-04-24,33350000,3139,1,0,0,0,0,0,0,0,0,3140,1,0,0,0,0,0,0,0,0
433,2017-04-24,09:15:51,0,WH705,XZCE,3140,3136,3159,798,50166200,10316,10334,3302,2986,3144,3154,0,3142,0,0,0,2017-04-24,33351000,3139,2,0,0,0,0,0,0,0,0,3140,1,0,0,0,0,0,0,0,0
434,2017-04-24,09:16:00,0,WH705,XZCE,3139,3136,3159,802,50417320,10312,10334,3302,2986,3144,3154,0,3142,0,0,0,2017-04-24,33360000,3138,1,0,0,0,0,0,0,0,0,3140,1,0,0,0,0,0,0,0,0
435,2017-04-24,09:16:02,0,WH705,XZCE,3140,3136,3159,804,50542920,10312,10334,3302,2986,3144,3154,0,3142,0,0,0,2017-04-24,33362000,3140,2,0,0,0,0,0,0,0,0,3144,1,0,0,0,0,0,0,0,0
436,2017-04-24,09:16:06,0,WH705,XZCE,3140,3136,3159,808,50794120,10312,10334,3302,2986,3144,3154,0,3142,0,0,0,2017-04-24,33366000,3138,1,0,0,0,0,0,0,0,0,3144,1,0,0,0,0,0,0,0,0
437,2017-04-24,09:16:12,0,WH705,XZCE,3140,3136,3159,808,50794120,10312,10334,3302,2986,3144,3154,0,3142,0,0,0,2017-04-24,33372000,3138,1,0,0,0,0,0,0,0,0,3143,1,0,0,0,0,0,0,0,0
438,2017-04-24,09:16:12,0,WH705,XZCE,3140,3136,3159,808,50794120,10312,10334,3302,2986,3144,3154,0,3142,0,0,0,2017-04-24,33372000,3138,2,0,0,0,0,0,0,0,0,3143,1,0,0,0,0,0,0,0,0
439,2017-04-24,09:16:19,0,WH705,XZCE,3140,3136,3159,808,50794120,10312,10334,3302,2986,3144,3154,0,3142,0,0,0,2017-04-24,33379000,3138,2,0,0,0,0,0,0,0,0,3142,1,0,0,0,0,0,0,0,0
440,2017-04-24,09:16:27,0,WH705,XZCE,3140,3136,3159,808,50794120,10312,10334,3302,2986,3144,3154,0,3142,0,0,0,2017-04-24,33387000,3138,1,0,0,0,0,0,0,0,0,3142,1,0,0,0,0,0,0,0,0
441,2017-04-24,09:17:16,0,WH705,XZCE,3140,3136,3159,808,50794120,10312,10334,3302,2986,3144,3154,0,3142,0,0,0,2017-04-24,33436000,3138,2,0,0,0,0,0,0,0,0,3142,1,0,0,0,0,0,0,0,0
442,2017-04-24,09:17:16,0,WH705,XZCE,3140,3136,3159,808,50794120,10312,10334,3302,2986,3144,3154,0,3142,0,0,0,2017-04-24,33436000,3138,1,0,0,0,0,0,0,0,0,3142,1,0,0,0,0,0,0,0,0
443,2017-04-24,09:17:33,0,WH705,XZCE,3140,3136,3159,808,50794120,10312,10334,3302,2986,3144,3154,0,3142,0,0,0,2017-04-24,33453000,3139,1,0,0,0,0,0,0,0,0,3142,1,0,0,0,0,0,0,0,0
444,2017-04-24,09:17:49,0,WH705,XZCE,3140,3136,3159,808,50794120,10312,10334,3302,2986,3144,3154,0,3142,0,0,0,2017-04-24,33469000,3138,1,0,0,0,0,0,0,0,0,3142,1,0,0,0,0,0,0,0,0
445,2017-04-24,09:17:52,0,WH705,XZCE,3138,3136,3159,810,50919640,10312,10334,3302,2986,3144,3154,0,3142,0,0,0,2017-04-24,33472000,3137,12,0,0,0,0,0,0,0,0,3142,1,0,0,0,0,0,0,0,0
446,2017-04-24,09:17:55,0,WH705,XZCE,3138,3136,3159,810,50919640,10312,10334,3302,2986,3144,3154,0,3142,0,0,0,2017-04-24,33475000,3139,1,0,0,0,0,0,0,0,0,3142,1,0,0,0,0,0,0,0,0
447,2017-04-24,09:17:56,0,WH705,XZCE,3138,3136,3159,810,50919640,10312,10334,3302,2986,3144,3154,0,3142,0,0,0,2017-04-24,33476000,3138,1,0,0,0,0,0,0,0,0,3142,1,0,0,0,0,0,0,0,0
448,2017-04-24,09:18:00,0,WH705,XZCE,3138,3136,3159,810,50919640,10312,10334,3302,2986,3144,3154,0,3142,0,0,0,2017-04-24,33480000,3138,2,0,0,0,0,0,0,0,0,3142,1,0,0,0,0,0,0,0,0
449,2017-04-24,09:18:19,0,WH705,XZCE,3142,3136,3159,812,51045320,10310,10334,3302,2986,3144,3154,0,3142,0,0,0,2017-04-24,33499000,3138,2,0,0,0,0,0,0,0,0,3143,1,0,0,0,0,0,0,0,0
450,2017-04-24,09:18:19,0,WH705,XZCE,3142,3136,3159,812,51045320,10310,10334,3302,2986,3144,3154,0,3142,0,0,0,2017-04-24,33499000,3138,3,0,0,0,0,0,0,0,0,3143,1,0,0,0,0,0,0,0,0
451,2017-04-24,09:18:25,0,WH705,XZCE,3142,3136,3159,812,51045320,10310,10334,3302,2986,3144,3154,0,3142,0,0,0,2017-04-24,33505000,3139,1,0,0,0,0,0,0,0,0,3143,1,0,0,0,0,0,0,0,0
452,2017-04-24,09:18:28,0,WH705,XZCE,3142,3136,3159,812,51045320,10310,10334,3302,2986,3144,3154,0,3142,0,0,0,2017-04-24,33508000,3139,2,0,0,0,0,0,0,0,0,3143,1,0,0,0,0,0,0,0,0
453,2017-04-24,09:18:29,0,WH705,XZCE,3142,3136,3159,812,51045320,10310,10334,3302,2986,3144,3154,0,3142,0,0,0,2017-04-24,33509000,3139,3,0,0,0,0,0,0,0,0,3143,1,0,0,0,0,0,0,0,0
454,2017-04-24,09:18:34,0,WH705,XZCE,3142,3136,3159,812,51045320,10310,10334,3302,2986,3144,3154,0,3142,0,0,0,2017-04-24,33514000,3140,1,0,0,0,0,0,0,0,0,3143,1,0,0,0,0,0,0,0,0
455,2017-04-24,09:18:35,0,WH705,XZCE,3140,3136,3159,814,51170920,10312,10334,3302,2986,3144,3154,0,3142,0,0,0,2017-04-24,33515000,3139,2,0,0,0,0,0,0,0,0,3143,1,0,0,0,0,0,0,0,0
456,2017-04-24,09:18:35,0,WH705,XZCE,3140,3136,3159,814,51170920,10312,10334,3302,2986,3144,3154,0,3142,0,0,0,2017-04-24,33515000,3139,3,0,0,0,0,0,0,0,0,3143,1,0,0,0,0,0,0,0,0
457,2017-04-24,09:18:38,0,WH705,XZCE,3140,3136,3159,814,51170920,10312,10334,3302,2986,3144,3154,0,3142,0,0,0,2017-04-24,33518000,3139,3,0,0,0,0,0,0,0,0,3142,1,0,0,0,0,0,0,0,0
458,2017-04-24,09:18:44,0,WH705,XZCE,3140,3136,3159,814,51170920,10312,10334,3302,2986,3144,3154,0,3142,0,0,0,2017-04-24,33524000,3139,3,0,0,0,0,0,0,0,0,3142,3,0,0,0,0,0,0,0,0
459,2017-04-24,09:18:44,0,WH705,XZCE,3140,3136,3159,814,51170920,10312,10334,3302,2986,3144,3154,0,3142,0,0,0,2017-04-24,33524000,3139,3,0,0,0,0,0,0,0,0,3142,4,0,0,0,0,0,0,0,0
460,2017-04-24,09:18:45,0,WH705,XZCE,3140,3136,3159,814,51170920,10312,10334,3302,2986,3144,3154,0,3142,0,0,0,2017-04-24,33525000,3139,3,0,0,0,0,0,0,0,0,3142,3,0,0,0,0,0,0,0,0
461,2017-04-24,09:18:45,0,WH705,XZCE,3140,3136,3159,814,51170920,10312,10334,3302,2986,3144,3154,0,3142,0,0,0,2017-04-24,33525000,3139,3,0,0,0,0,0,0,0,0,3142,1,0,0,0,0,0,0,0,0
462,2017-04-24,09:18:46,0,WH705,XZCE,3140,3136,3159,814,51170920,10312,10334,3302,2986,3144,3154,0,3142,0,0,0,2017-04-24,33526000,3139,3,0,0,0,0,0,0,0,0,3141,1,0,0,0,0,0,0,0,0
463,2017-04-24,09:18:47,0,WH705,XZCE,3140,3136,3159,814,51170920,10312,10334,3302,2986,3144,3154,0,3142,0,0,0,2017-04-24,33527000,3139,3,0,0,0,0,0,0,0,0,3142,1,0,0,0,0,0,0,0,0
464,2017-04-24,09:18:48,0,WH705,XZCE,3140,3136,3159,814,51170920,10312,10334,3302,2986,3144,3154,0,3142,0,0,0,2017-04-24,33528000,3139,3,0,0,0,0,0,0,0,0,3141,1,0,0,0,0,0,0,0,0
465,2017-04-24,09:18:48,0,WH705,XZCE,3140,3136,3159,814,51170920,10312,10334,3302,2986,3144,3154,0,3142,0,0,0,2017-04-24,33528000,3139,3,0,0,0,0,0,0,0,0,3142,1,0,0,0,0,0,0,0,0
466,2017-04-24,09:18:49,0,WH705,XZCE,3140,3136,3159,814,51170920,10312,10334,3302,2986,3144,3154,0,3142,0,0,0,2017-04-24,33529000,3139,3,0,0,0,0,0,0,0,0,3140,1,0,0,0,0,0,0,0,0
467,2017-04-24,09:18:49,0,WH705,XZCE,3140,3136,3159,814,51170920,10312,10334,3302,2986,3144,3154,0,3142,0,0,0,2017-04-24,33529000,3139,3,0,0,0,0,0,0,0,0,3143,1,0,0,0,0,0,0,0,0
468,2017-04-24,09:18:50,0,WH705,XZCE,3140,3136,3159,814,51170920,10312,10334,3302,2986,3144,3154,0,3142,0,0,0,2017-04-24,33530000,3139,3,0,0,0,0,0,0,0,0,3142,1,0,0,0,0,0,0,0,0
469,2017-04-24,09:18:54,0,WH705,XZCE,3140,3136,3159,814,51170920,10312,10334,3302,2986,3144,3154,0,3142,0,0,0,2017-04-24,33534000,3139,3,0,0,0,0,0,0,0,0,3143,1,0,0,0,0,0,0,0,0
470,2017-04-24,09:18:56,0,WH705,XZCE,3140,3136,3159,814,51170920,10312,10334,3302,2986,3144,3154,0,3142,0,0,0,2017-04-24,33536000,3139,3,0,0,0,0,0,0,0,0,3142,1,0,0,0,0,0,0,0,0
471,2017-04-24,09:18:58,0,WH705,XZCE,3142,3136,3159,816,51296600,10310,10334,3302,2986,3144,3154,0,3142,0,0,0,2017-04-24,33538000,3139,3,0,0,0,0,0,0,0,0,3143,1,0,0,0,0,0,0,0,0
472,2017-04-24,09:18:59,0,WH705,XZCE,3142,3136,3159,816,51296600,10310,10334,3302,2986,3144,3154,0,3142,0,0,0,2017-04-24,33539000,3139,3,0,0,0,0,0,0,0,0,3142,1,0,0,0,0,0,0,0,0
473,2017-04-24,09:19:00,0,WH705,XZCE,3142,3136,3159,816,51296600,10310,10334,3302,2986,3144,3154,0,3142,0,0,0,2017-04-24,33540000,3139,3,0,0,0,0,0,0,0,0,3143,1,0,0,0,0,0,0,0,0
474,2017-04-24,09:19:01,0,WH705,XZCE,3142,3136,3159,816,51296600,10310,10334,3302,2986,3144,3154,0,3142,0,0,0,2017-04-24,33541000,3140,1,0,0,0,0,0,0,0,0,3143,1,0,0,0,0,0,0,0,0
475,2017-04-24,09:19:03,0,WH705,XZCE,3140,3136,3159,818,51422200,10310,10334,3302,2986,3144,3154,0,3142,0,0,0,2017-04-24,33543000,3139,2,0,0,0,0,0,0,0,0,3140,1,0,0,0,0,0,0,0,0
476,2017-04-24,09:19:03,0,WH705,XZCE,3140,3136,3159,818,51422200,10310,10334,3302,2986,3144,3154,0,3142,0,0,0,2017-04-24,33543000,3139,3,0,0,0,0,0,0,0,0,3140,1,0,0,0,0,0,0,0,0
477,2017-04-24,09:19:06,0,WH705,XZCE,3140,3136,3159,820,51547800,10310,10334,3302,2986,3144,3154,0,3142,0,0,0,2017-04-24,33546000,3139,3,0,0,0,0,0,0,0,0,3142,1,0,0,0,0,0,0,0,0
478,2017-04-24,09:19:18,0,WH705,XZCE,3140,3136,3159,820,51547800,10310,10334,3302,2986,3144,3154,0,3142,0,0,0,2017-04-24,33558000,3139,3,0,0,0,0,0,0,0,0,3143,1,0,0,0,0,0,0,0,0
479,2017-04-24,09:19:18,0,WH705,XZCE,3140,3136,3159,820,51547800,10310,10334,3302,2986,3144,3154,0,3142,0,0,0,2017-04-24,33558000,3139,2,0,0,0,0,0,0,0,0,3143,1,0,0,0,0,0,0,0,0
480,2017-04-24,09:19:20,0,WH705,XZCE,3140,3136,3159,820,51547800,10310,10334,3302,2986,3144,3154,0,3142,0,0,0,2017-04-24,33560000,3139,2,0,0,0,0,0,0,0,0,3142,1,0,0,0,0,0,0,0,0
481,2017-04-24,09:19:27,0,WH705,XZCE,3140,3136,3159,820,51547800,10310,10334,3302,2986,3144,3154,0,3142,0,0,0,2017-04-24,33567000,3139,2,0,0,0,0,0,0,0,0,3143,1,0,0,0,0,0,0,0,0
482,2017-04-24,09:19:32,0,WH705,XZCE,3140,3136,3159,820,51547800,10310,10334,3302,2986,3144,3154,0,3142,0,0,0,2017-04-24,33572000,3139,1,0,0,0,0,0,0,0,0,3143,1,0,0,0,0,0,0,0,0
483,2017-04-24,09:20:05,0,WH705,XZCE,3139,3136,3159,822,51673360,10312,10334,3302,2986,3144,3154,0,3142,0,0,0,2017-04-24,33605000,3138,1,0,0,0,0,0,0,0,0,3143,1,0,0,0,0,0,0,0,0
484,2017-04-24,09:20:07,0,WH705,XZCE,3139,3136,3159,822,51673360,10312,10334,3302,2986,3144,3154,0,3142,0,0,0,2017-04-24,33607000,3140,1,0,0,0,0,0,0,0,0,3143,1,0,0,0,0,0,0,0,0
485,2017-04-24,09:20:11,0,WH705,XZCE,3139,3136,3159,822,51673360,10312,10334,3302,2986,3144,3154,0,3142,0,0,0,2017-04-24,33611000,3140,1,0,0,0,0,0,0,0,0,3142,1,0,0,0,0,0,0,0,0
486,2017-04-24,09:20:11,0,WH705,XZCE,3139,3136,3159,822,51673360,10312,10334,3302,2986,3144,3154,0,3142,0,0,0,2017-04-24,33611000,3140,2,0,0,0,0,0,0,0,0,3142,1,0,0,0,0,0,0,0,0
487,2017-04-24,09:20:59,0,WH705,XZCE,3139,3136,3159,822,51673360,10312,10334,3302,2986,3144,3154,0,3142,0,0,0,2017-04-24,33659000,3140,2,0,0,0,0,0,0,0,0,3142,2,0,0,0,0,0,0,0,0
488,2017-04-24,09:21:49,0,WH705,XZCE,3142,3136,3159,824,51799040,10310,10334,3302,2986,3144,3154,0,3142,0,0,0,2017-04-24,33709000,3140,2,0,0,0,0,0,0,0,0,3142,1,0,0,0,0,0,0,0,0
489,2017-04-24,09:21:50,0,WH705,XZCE,3142,3136,3159,824,51799040,10310,10334,3302,2986,3144,3154,0,3142,0,0,0,2017-04-24,33710000,3140,1,0,0,0,0,0,0,0,0,3142,1,0,0,0,0,0,0,0,0
490,2017-04-24,09:22:37,0,WH705,XZCE,3142,3136,3159,824,51799040,10310,10334,3302,2986,3144,3154,0,3142,0,0,0,2017-04-24,33757000,3140,2,0,0,0,0,0,0,0,0,3142,1,0,0,0,0,0,0,0,0
491,2017-04-24,09:22:38,0,WH705,XZCE,3142,3136,3159,824,51799040,10310,10334,3302,2986,3144,3154,0,3142,0,0,0,2017-04-24,33758000,3140,3,0,0,0,0,0,0,0,0,3142,1,0,0,0,0,0,0,0,0
492,2017-04-24,09:22:47,0,WH705,XZCE,3142,3136,3159,824,51799040,10310,10334,3302,2986,3144,3154,0,3142,0,0,0,2017-04-24,33767000,3141,1,0,0,0,0,0,0,0,0,3142,1,0,0,0,0,0,0,0,0
493,2017-04-24,09:22:50,0,WH705,XZCE,3142,3136,3159,824,51799040,10310,10334,3302,2986,3144,3154,0,3142,0,0,0,2017-04-24,33770000,3140,3,0,0,0,0,0,0,0,0,3142,1,0,0,0,0,0,0,0,0
494,2017-04-24,09:22:51,0,WH705,XZCE,3142,3136,3159,824,51799040,10310,10334,3302,2986,3144,3154,0,3142,0,0,0,2017-04-24,33771000,3140,4,0,0,0,0,0,0,0,0,3142,1,0,0,0,0,0,0,0,0
495,2017-04-24,09:22:53,0,WH705,XZCE,3142,3136,3159,824,51799040,10310,10334,3302,2986,3144,3154,0,3142,0,0,0,2017-04-24,33773000,3141,1,0,0,0,0,0,0,0,0,3142,1,0,0,0,0,0,0,0,0
496,2017-04-24,09:22:54,0,WH705,XZCE,3142,3136,3159,824,51799040,10310,10334,3302,2986,3144,3154,0,3142,0,0,0,2017-04-24,33774000,3141,2,0,0,0,0,0,0,0,0,3142,1,0,0,0,0,0,0,0,0
497,2017-04-24,09:22:55,0,WH705,XZCE,3142,3136,3159,824,51799040,10310,10334,3302,2986,3144,3154,0,3142,0,0,0,2017-04-24,33775000,3141,3,0,0,0,0,0,0,0,0,3142,1,0,0,0,0,0,0,0,0
498,2017-04-24,09:23:02,0,WH705,XZCE,3142,3136,3159,824,51799040,10310,10334,3302,2986,3144,3154,0,3142,0,0,0,2017-04-24,33782000,3141,2,0,0,0,0,0,0,0,0,3142,1,0,0,0,0,0,0,0,0
499,2017-04-24,09:23:59,0,WH705,XZCE,3142,3136,3159,824,51799040,10310,10334,3302,2986,3144,3154,0,3142,0,0,0,2017-04-24,33839000,3141,1,0,0,0,0,0,0,0,0,3142,1,0,0,0,0,0,0,0,0
500,2017-04-24,09:24:05,0,WH705,XZCE,3141,3136,3159,826,51924680,10308,10334,3302,2986,3144,3154,0,3142,0,0,0,2017-04-24,33845000,3140,2,0,0,0,0,0,0,0,0,3142,1,0,0,0,0,0,0,0,0
501,2017-04-24,09:24:13,0,WH705,XZCE,3140,3136,3159,830,52175880,10304,10334,3302,2986,3144,3154,0,3142,0,0,0,2017-04-24,33853000,3139,12,0,0,0,0,0,0,0,0,3142,1,0,0,0,0,0,0,0,0
502,2017-04-24,09:24:22,0,WH705,XZCE,3140,3136,3159,830,52175880,10304,10334,3302,2986,3144,3154,0,3142,0,0,0,2017-04-24,33862000,3139,11,0,0,0,0,0,0,0,0,3142,1,0,0,0,0,0,0,0,0
503,2017-04-24,09:24:27,0,WH705,XZCE,3140,3136,3159,830,52175880,10304,10334,3302,2986,3144,3154,0,3142,0,0,0,2017-04-24,33867000,3140,1,0,0,0,0,0,0,0,0,3142,1,0,0,0,0,0,0,0,0
504,2017-04-24,09:24:28,0,WH705,XZCE,3142,3136,3159,832,52301560,10302,10334,3302,2986,3144,3154,0,3142,0,0,0,2017-04-24,33868000,3140,1,0,0,0,0,0,0,0,0,3143,1,0,0,0,0,0,0,0,0
505,2017-04-24,09:24:32,0,WH705,XZCE,3142,3136,3159,832,52301560,10302,10334,3302,2986,3144,3154,0,3142,0,0,0,2017-04-24,33872000,3140,2,0,0,0,0,0,0,0,0,3143,1,0,0,0,0,0,0,0,0
506,2017-04-24,09:24:35,0,WH705,XZCE,3140,3136,3159,836,52552760,10302,10334,3302,2986,3144,3154,0,3142,0,0,0,2017-04-24,33875000,3139,11,0,0,0,0,0,0,0,0,3140,2,0,0,0,0,0,0,0,0
507,2017-04-24,09:24:36,0,WH705,XZCE,3140,3136,3159,840,52803960,10298,10334,3302,2986,3144,3154,0,3142,0,0,0,2017-04-24,33876000,3141,1,0,0,0,0,0,0,0,0,3143,1,0,0,0,0,0,0,0,0
508,2017-04-24,09:24:36,0,WH705,XZCE,3140,3136,3159,840,52803960,10298,10334,3302,2986,3144,3154,0,3142,0,0,0,2017-04-24,33876000,3139,11,0,0,0,0,0,0,0,0,3143,1,0,0,0,0,0,0,0,0
509,2017-04-24,09:24:46,0,WH705,XZCE,3140,3136,3159,840,52803960,10298,10334,3302,2986,3144,3154,0,3142,0,0,0,2017-04-24,33886000,3140,1,0,0,0,0,0,0,0,0,3143,1,0,0,0,0,0,0,0,0
510,2017-04-24,09:25:50,0,WH705,XZCE,3140,3136,3159,840,52803960,10298,10334,3302,2986,3144,3154,0,3142,0,0,0,2017-04-24,33950000,3140,4,0,0,0,0,0,0,0,0,3143,1,0,0,0,0,0,0,0,0
511,2017-04-24,09:25:51,0,WH705,XZCE,3140,3136,3159,840,52803960,10298,10334,3302,2986,3144,3154,0,3142,0,0,0,2017-04-24,33951000,3140,5,0,0,0,0,0,0,0,0,3143,1,0,0,0,0,0,0,0,0
512,2017-04-24,09:25:52,0,WH705,XZCE,3140,3136,3159,840,52803960,10298,10334,3302,2986,3144,3154,0,3142,0,0,0,2017-04-24,33952000,3140,6,0,0,0,0,0,0,0,0,3143,1,0,0,0,0,0,0,0,0
513,2017-04-24,09:25:59,0,WH705,XZCE,3140,3136,3159,840,52803960,10298,10334,3302,2986,3144,3154,0,3142,0,0,0,2017-04-24,33959000,3141,1,0,0,0,0,0,0,0,0,3143,1,0,0,0,0,0,0,0,0
514,2017-04-24,09:25:59,0,WH705,XZCE,3140,3136,3159,840,52803960,10298,10334,3302,2986,3144,3154,0,3142,0,0,0,2017-04-24,33959000,3141,2,0,0,0,0,0,0,0,0,3143,1,0,0,0,0,0,0,0,0
515,2017-04-24,09:26:01,0,WH705,XZCE,3140,3136,3159,842,52929560,10300,10334,3302,2986,3144,3154,0,3142,0,0,0,2017-04-24,33961000,3140,5,0,0,0,0,0,0,0,0,3143,1,0,0,0,0,0,0,0,0
516,2017-04-24,09:26:51,0,WH705,XZCE,3140,3136,3159,842,52929560,10300,10334,3302,2986,3144,3154,0,3142,0,0,0,2017-04-24,34011000,3140,2,0,0,0,0,0,0,0,0,3143,1,0,0,0,0,0,0,0,0
517,2017-04-24,09:27:55,0,WH705,XZCE,3140,3136,3159,846,53180760,10298,10334,3302,2986,3144,3154,0,3142,0,0,0,2017-04-24,34075000,3139,21,0,0,0,0,0,0,0,0,3143,1,0,0,0,0,0,0,0,0
518,2017-04-24,09:27:55,0,WH705,XZCE,3140,3136,3159,846,53180760,10298,10334,3302,2986,3144,3154,0,3142,0,0,0,2017-04-24,34075000,3139,21,0,0,0,0,0,0,0,0,3143,2,0,0,0,0,0,0,0,0
519,2017-04-24,09:27:56,0,WH705,XZCE,3140,3136,3159,846,53180760,10298,10334,3302,2986,3144,3154,0,3142,0,0,0,2017-04-24,34076000,3139,21,0,0,0,0,0,0,0,0,3140,2,0,0,0,0,0,0,0,0
520,2017-04-24,09:28:05,0,WH705,XZCE,3140,3136,3159,850,53431960,10298,10334,3302,2986,3144,3154,0,3142,0,0,0,2017-04-24,34085000,3139,21,0,0,0,0,0,0,0,0,3142,1,0,0,0,0,0,0,0,0
521,2017-04-24,09:28:06,0,WH705,XZCE,3140,3136,3159,850,53431960,10298,10334,3302,2986,3144,3154,0,3142,0,0,0,2017-04-24,34086000,3139,21,0,0,0,0,0,0,0,0,3142,2,0,0,0,0,0,0,0,0
522,2017-04-24,09:28:13,0,WH705,XZCE,3140,3136,3159,850,53431960,10298,10334,3302,2986,3144,3154,0,3142,0,0,0,2017-04-24,34093000,3140,1,0,0,0,0,0,0,0,0,3142,2,0,0,0,0,0,0,0,0
523,2017-04-24,09:28:14,0,WH705,XZCE,3140,3136,3159,850,53431960,10298,10334,3302,2986,3144,3154,0,3142,0,0,0,2017-04-24,34094000,3140,1,0,0,0,0,0,0,0,0,3142,1,0,0,0,0,0,0,0,0
524,2017-04-24,09:28:16,0,WH705,XZCE,3140,3136,3159,852,53557560,10298,10334,3302,2986,3144,3154,0,3142,0,0,0,2017-04-24,34096000,3139,21,0,0,0,0,0,0,0,0,3140,1,0,0,0,0,0,0,0,0
525,2017-04-24,09:28:36,0,WH705,XZCE,3140,3136,3159,852,53557560,10298,10334,3302,2986,3144,3154,0,3142,0,0,0,2017-04-24,34116000,3139,21,0,0,0,0,0,0,0,0,3140,3,0,0,0,0,0,0,0,0
526,2017-04-24,09:29:06,0,WH705,XZCE,3139,3136,3159,860,54059800,10292,10334,3302,2986,3144,3154,0,3142,0,0,0,2017-04-24,34146000,3139,17,0,0,0,0,0,0,0,0,3140,3,0,0,0,0,0,0,0,0
527,2017-04-24,09:29:57,0,WH705,XZCE,3140,3136,3159,866,54436600,10294,10334,3302,2986,3144,3154,0,3142,0,0,0,2017-04-24,34197000,3140,7,0,0,0,0,0,0,0,0,3142,1,0,0,0,0,0,0,0,0
528,2017-04-24,09:30:06,0,WH705,XZCE,3140,3136,3159,866,54436600,10294,10334,3302,2986,3144,3154,0,3142,0,0,0,2017-04-24,34206000,3140,7,0,0,0,0,0,0,0,0,3143,1,0,0,0,0,0,0,0,0
529,2017-04-24,09:30:42,0,WH705,XZCE,3140,3136,3159,868,54562200,10296,10334,3302,2986,3144,3154,0,3142,0,0,0,2017-04-24,34242000,3140,6,0,0,0,0,0,0,0,0,3143,1,0,0,0,0,0,0,0,0
530,2017-04-24,09:30:47,0,WH705,XZCE,3140,3136,3159,868,54562200,10296,10334,3302,2986,3144,3154,0,3142,0,0,0,2017-04-24,34247000,3140,6,0,0,0,0,0,0,0,0,3143,2,0,0,0,0,0,0,0,0
531,2017-04-24,09:31:40,0,WH705,XZCE,3140,3136,3159,868,54562200,10296,10334,3302,2986,3144,3154,0,3142,0,0,0,2017-04-24,34300000,3140,6,0,0,0,0,0,0,0,0,3142,1,0,0,0,0,0,0,0,0
532,2017-04-24,09:31:40,0,WH705,XZCE,3140,3136,3159,868,54562200,10296,10334,3302,2986,3144,3154,0,3142,0,0,0,2017-04-24,34300000,3140,7,0,0,0,0,0,0,0,0,3142,1,0,0,0,0,0,0,0,0
533,2017-04-24,09:31:50,0,WH705,XZCE,3140,3136,3159,882,55441400,10294,10334,3302,2986,3144,3154,0,3142,0,0,0,2017-04-24,34310000,3139,21,0,0,0,0,0,0,0,0,3142,1,0,0,0,0,0,0,0,0
534,2017-04-24,09:31:52,0,WH705,XZCE,3140,3136,3159,882,55441400,10294,10334,3302,2986,3144,3154,0,3142,0,0,0,2017-04-24,34312000,3139,21,0,0,0,0,0,0,0,0,3143,2,0,0,0,0,0,0,0,0
535,2017-04-24,09:31:59,0,WH705,XZCE,3140,3136,3159,882,55441400,10294,10334,3302,2986,3144,3154,0,3142,0,0,0,2017-04-24,34319000,3140,10,0,0,0,0,0,0,0,0,3143,2,0,0,0,0,0,0,0,0
536,2017-04-24,09:32:13,0,WH705,XZCE,3140,3136,3159,882,55441400,10294,10334,3302,2986,3144,3154,0,3142,0,0,0,2017-04-24,34333000,3141,1,0,0,0,0,0,0,0,0,3143,2,0,0,0,0,0,0,0,0
537,2017-04-24,09:32:13,0,WH705,XZCE,3140,3136,3159,882,55441400,10294,10334,3302,2986,3144,3154,0,3142,0,0,0,2017-04-24,34333000,3140,10,0,0,0,0,0,0,0,0,3143,2,0,0,0,0,0,0,0,0
538,2017-04-24,09:32:15,0,WH705,XZCE,3140,3136,3159,882,55441400,10294,10334,3302,2986,3144,3154,0,3142,0,0,0,2017-04-24,34335000,3141,1,0,0,0,0,0,0,0,0,3143,2,0,0,0,0,0,0,0,0
539,2017-04-24,09:32:15,0,WH705,XZCE,3140,3136,3159,882,55441400,10294,10334,3302,2986,3144,3154,0,3142,0,0,0,2017-04-24,34335000,3140,10,0,0,0,0,0,0,0,0,3143,2,0,0,0,0,0,0,0,0
540,2017-04-24,09:32:30,0,WH705,XZCE,3140,3136,3159,882,55441400,10294,10334,3302,2986,3144,3154,0,3142,0,0,0,2017-04-24,34350000,3141,1,0,0,0,0,0,0,0,0,3143,2,0,0,0,0,0,0,0,0
541,2017-04-24,09:32:31,0,WH705,XZCE,3140,3136,3159,882,55441400,10294,10334,3302,2986,3144,3154,0,3142,0,0,0,2017-04-24,34351000,3140,10,0,0,0,0,0,0,0,0,3143,2,0,0,0,0,0,0,0,0
542,2017-04-24,09:32:48,0,WH705,XZCE,3140,3136,3159,882,55441400,10294,10334,3302,2986,3144,3154,0,3142,0,0,0,2017-04-24,34368000,3140,10,0,0,0,0,0,0,0,0,3143,1,0,0,0,0,0,0,0,0
543,2017-04-24,09:33:26,0,WH705,XZCE,3140,3136,3159,882,55441400,10294,10334,3302,2986,3144,3154,0,3142,0,0,0,2017-04-24,34406000,3140,11,0,0,0,0,0,0,0,0,3143,1,0,0,0,0,0,0,0,0
544,2017-04-24,09:33:27,0,WH705,XZCE,3140,3136,3159,882,55441400,10294,10334,3302,2986,3144,3154,0,3142,0,0,0,2017-04-24,34407000,3140,12,0,0,0,0,0,0,0,0,3143,1,0,0,0,0,0,0,0,0
545,2017-04-24,09:33:29,0,WH705,XZCE,3143,3136,3159,884,55567120,10296,10334,3302,2986,3144,3154,0,3142,0,0,0,2017-04-24,34409000,3143,4,0,0,0,0,0,0,0,0,3144,1,0,0,0,0,0,0,0,0
546,2017-04-24,09:33:33,0,WH705,XZCE,3143,3136,3159,886,55692840,10296,10334,3302,2986,3144,3154,0,3142,0,0,0,2017-04-24,34413000,3143,3,0,0,0,0,0,0,0,0,3144,1,0,0,0,0,0,0,0,0
547,2017-04-24,09:33:33,0,WH705,XZCE,3143,3136,3159,886,55692840,10296,10334,3302,2986,3144,3154,0,3142,0,0,0,2017-04-24,34413000,3143,4,0,0,0,0,0,0,0,0,3144,1,0,0,0,0,0,0,0,0
548,2017-04-24,09:33:44,0,WH705,XZCE,3143,3136,3159,888,55818560,10298,10334,3302,2986,3144,3154,0,3142,0,0,0,2017-04-24,34424000,3143,3,0,0,0,0,0,0,0,0,3144,1,0,0,0,0,0,0,0,0
549,2017-04-24,09:33:45,0,WH705,XZCE,3143,3136,3159,892,56070000,10298,10334,3302,2986,3144,3154,0,3142,0,0,0,2017-04-24,34425000,3143,1,0,0,0,0,0,0,0,0,3144,1,0,0,0,0,0,0,0,0
550,2017-04-24,09:33:45,0,WH705,XZCE,3143,3136,3159,894,56195720,10296,10334,3302,2986,3144,3154,0,3142,0,0,0,2017-04-24,34425000,3140,12,0,0,0,0,0,0,0,0,3144,1,0,0,0,0,0,0,0,0
551,2017-04-24,09:33:47,0,WH705,XZCE,3143,3136,3159,894,56195720,10296,10334,3302,2986,3144,3154,0,3142,0,0,0,2017-04-24,34427000,3141,1,0,0,0,0,0,0,0,0,3144,1,0,0,0,0,0,0,0,0
552,2017-04-24,09:33:49,0,WH705,XZCE,3143,3136,3159,894,56195720,10296,10334,3302,2986,3144,3154,0,3142,0,0,0,2017-04-24,34429000,3141,3,0,0,0,0,0,0,0,0,3144,1,0,0,0,0,0,0,0,0
553,2017-04-24,09:34:04,0,WH705,XZCE,3144,3136,3159,896,56321480,10294,10334,3302,2986,3144,3154,0,3142,0,0,0,2017-04-24,34444000,3144,1,0,0,0,0,0,0,0,0,3145,8,0,0,0,0,0,0,0,0
554,2017-04-24,09:34:07,0,WH705,XZCE,3144,3136,3159,898,56447240,10292,10334,3302,2986,3144,3154,0,3142,0,0,0,2017-04-24,34447000,3141,3,0,0,0,0,0,0,0,0,3145,8,0,0,0,0,0,0,0,0
555,2017-04-24,09:34:26,0,WH705,XZCE,3144,3136,3159,898,56447240,10292,10334,3302,2986,3144,3154,0,3142,0,0,0,2017-04-24,34466000,3141,3,0,0,0,0,0,0,0,0,3145,7,0,0,0,0,0,0,0,0
556,2017-04-24,09:34:32,0,WH705,XZCE,3144,3136,3159,898,56447240,10292,10334,3302,2986,3144,3154,0,3142,0,0,0,2017-04-24,34472000,3141,4,0,0,0,0,0,0,0,0,3145,7,0,0,0,0,0,0,0,0
557,2017-04-24,09:34:35,0,WH705,XZCE,3144,3136,3159,898,56447240,10292,10334,3302,2986,3144,3154,0,3142,0,0,0,2017-04-24,34475000,3141,5,0,0,0,0,0,0,0,0,3145,7,0,0,0,0,0,0,0,0
558,2017-04-24,09:34:38,0,WH705,XZCE,3144,3136,3159,898,56447240,10292,10334,3302,2986,3144,3154,0,3142,0,0,0,2017-04-24,34478000,3142,3,0,0,0,0,0,0,0,0,3145,7,0,0,0,0,0,0,0,0
559,2017-04-24,09:34:40,0,WH705,XZCE,3144,3136,3159,898,56447240,10292,10334,3302,2986,3144,3154,0,3142,0,0,0,2017-04-24,34480000,3143,1,0,0,0,0,0,0,0,0,3145,7,0,0,0,0,0,0,0,0
560,2017-04-24,09:34:42,0,WH705,XZCE,3144,3136,3159,898,56447240,10292,10334,3302,2986,3144,3154,0,3142,0,0,0,2017-04-24,34482000,3143,1,0,0,0,0,0,0,0,0,3145,8,0,0,0,0,0,0,0,0
561,2017-04-24,09:34:53,0,WH705,XZCE,3144,3136,3159,898,56447240,10292,10334,3302,2986,3144,3154,0,3142,0,0,0,2017-04-24,34493000,3142,3,0,0,0,0,0,0,0,0,3145,8,0,0,0,0,0,0,0,0
562,2017-04-24,09:35:05,0,WH705,XZCE,3144,3136,3159,898,56447240,10292,10334,3302,2986,3144,3154,0,3142,0,0,0,2017-04-24,34505000,3143,2,0,0,0,0,0,0,0,0,3145,8,0,0,0,0,0,0,0,0
563,2017-04-24,09:35:18,0,WH705,XZCE,3144,3136,3159,898,56447240,10292,10334,3302,2986,3144,3154,0,3142,0,0,0,2017-04-24,34518000,3143,3,0,0,0,0,0,0,0,0,3145,8,0,0,0,0,0,0,0,0
564,2017-04-24,09:35:19,0,WH705,XZCE,3144,3136,3159,898,56447240,10292,10334,3302,2986,3144,3154,0,3142,0,0,0,2017-04-24,34519000,3143,4,0,0,0,0,0,0,0,0,3145,8,0,0,0,0,0,0,0,0
565,2017-04-24,09:35:21,0,WH705,XZCE,3144,3136,3159,898,56447240,10292,10334,3302,2986,3144,3154,0,3142,0,0,0,2017-04-24,34521000,3143,3,0,0,0,0,0,0,0,0,3145,8,0,0,0,0,0,0,0,0
