,dataDate,dataTime,dataMillisec,instrumentID,exchangeCD,lastPrice,lowPrice,highPrice,volume,value,openInterest,preOpenInterest,upperLimitPrice,lowerLimitPrice,preSettlementPrice,prevClosePrice,settlementPrice,openPrice,closePrice,preDelta,currDelta,clearingDay,milliSecOffset,bidPrice1,bidVolume1,bidPrice2,bidVolume2,bidPrice3,bidVolume3,bidPrice4,bidVolume4,bidPrice5,bidVolume5,askPrice1,askVolume1,askPrice2,askVolume2,askPrice3,askVolume3,askPrice4,askVolume4,askPrice5,askVolume5
0,2017-04-24,09:00:00,762,y1709,XDCE,5852,5816,5854,217800,12714764560,943114,964490,6104,5524,5814,5820,0,5822,0,0,0,2017-04-24,32400762,5850,64,0,0,0,0,0,0,0,0,5852,123,0,0,0,0,0,0,0,0
1,2017-04-24,09:00:01,263,y1709,XDCE,5854,5816,5854,218606,12761938760,943000,964490,6104,5524,5814,5820,0,5822,0,0,0,2017-04-24,32401263,5852,53,0,0,0,0,0,0,0,0,5854,152,0,0,0,0,0,0,0,0
2,2017-04-24,09:00:01,763,y1709,XDCE,5856,5816,5856,219542,12816735160,943262,964490,6104,5524,5814,5820,0,5822,0,0,0,2017-04-24,32401763,5854,189,0,0,0,0,0,0,0,0,5856,243,0,0,0,0,0,0,0,0
3,2017-04-24,09:00:02,262,y1709,XDCE,5856,5816,5856,219834,12833833640,943220,964490,6104,5524,5814,5820,0,5822,0,0,0,2017-04-24,32402262,5854,210,0,0,0,0,0,0,0,0,5856,102,0,0,0,0,0,0,0,0
4,2017-04-24,09:00:02,752,y1709,XDCE,5856,5816,5856,219992,12843085320,943268,964490,6104,5524,5814,5820,0,5822,0,0,0,2017-04-24,32402752,5854,223,0,0,0,0,0,0,0,0,5856,34,0,0,0,0,0,0,0,0
5,2017-04-24,09:00:03,256,y1709,XDCE,5854,5816,5856,220580,12877507000,943116,964490,6104,5524,5814,5820,0,5822,0,0,0,2017-04-24,32403256,5852,73,0,0,0,0,0,0,0,0,5854,544,0,0,0,0,0,0,0,0
6,2017-04-24,09:00:03,758,y1709,XDCE,5850,5816,5856,220898,12896117200,943026,964490,6104,5524,5814,5820,0,5822,0,0,0,2017-04-24,32403758,5850,379,0,0,0,0,0,0,0,0,5852,389,0,0,0,0,0,0,0,0
7,2017-04-24,09:00:04,249,y1709,XDCE,5850,5816,5856,221722,12944322280,942584,964490,6104,5524,5814,5820,0,5822,0,0,0,2017-04-24,32404249,5848,38,0,0,0,0,0,0,0,0,5850,1,0,0,0,0,0,0,0,0
8,2017-04-24,09:00:04,740,y1709,XDCE,5850,5816,5856,221930,12956490320,942566,964490,6104,5524,5814,5820,0,5822,0,0,0,2017-04-24,32404740,5848,1,0,0,0,0,0,0,0,0,5850,608,0,0,0,0,0,0,0,0
9,2017-04-24,09:00:05,255,y1709,XDCE,5848,5816,5856,222254,12975438000,942304,964490,6104,5524,5814,5820,0,5822,0,0,0,2017-04-24,32405255,5846,216,0,0,0,0,0,0,0,0,5848,175,0,0,0,0,0,0,0,0
10,2017-04-24,09:00:05,760,y1709,XDCE,5850,5816,5856,222618,12996724920,942122,964490,6104,5524,5814,5820,0,5822,0,0,0,2017-04-24,32405760,5848,71,0,0,0,0,0,0,0,0,5850,39,0,0,0,0,0,0,0,0
11,2017-04-24,09:00:06,254,y1709,XDCE,5846,5816,5856,223654,13057297480,941794,964490,6104,5524,5814,5820,0,5822,0,0,0,2017-04-24,32406254,5844,1100,0,0,0,0,0,0,0,0,5846,82,0,0,0,0,0,0,0,0
12,2017-04-24,09:00:06,761,y1709,XDCE,5846,5816,5856,223698,13059869520,941792,964490,6104,5524,5814,5820,0,5822,0,0,0,2017-04-24,32406761,5844,1090,0,0,0,0,0,0,0,0,5846,101,0,0,0,0,0,0,0,0
13,2017-04-24,09:00:07,241,y1709,XDCE,5846,5816,5856,223808,13066300000,941774,964490,6104,5524,5814,5820,0,5822,0,0,0,2017-04-24,32407241,5844,1101,0,0,0,0,0,0,0,0,5846,48,0,0,0,0,0,0,0,0
14,2017-04-24,09:00:07,762,y1709,XDCE,5848,5816,5856,224106,13083726240,941842,964490,6104,5524,5814,5820,0,5822,0,0,0,2017-04-24,32407762,5848,8,0,0,0,0,0,0,0,0,5850,16,0,0,0,0,0,0,0,0
15,2017-04-24,09:00:08,220,y1709,XDCE,5852,5816,5856,224176,13087821360,941822,964490,6104,5524,5814,5820,0,5822,0,0,0,2017-04-24,32408220,5848,36,0,0,0,0,0,0,0,0,5852,104,0,0,0,0,0,0,0,0
16,2017-04-24,09:00:08,758,y1709,XDCE,5850,5816,5856,224202,13089342320,941816,964490,6104,5524,5814,5820,0,5822,0,0,0,2017-04-24,32408758,5848,57,0,0,0,0,0,0,0,0,5850,33,0,0,0,0,0,0,0,0
17,2017-04-24,09:00:09,254,y1709,XDCE,5852,5816,5856,224288,13094373200,941812,964490,6104,5524,5814,5820,0,5822,0,0,0,2017-04-24,32409254,5848,36,0,0,0,0,0,0,0,0,5852,110,0,0,0,0,0,0,0,0
18,2017-04-24,09:00:09,750,y1709,XDCE,5850,5816,5856,224368,13099053440,941814,964490,6104,5524,5814,5820,0,5822,0,0,0,2017-04-24,32409750,5848,51,0,0,0,0,0,0,0,0,5852,109,0,0,0,0,0,0,0,0
19,2017-04-24,09:00:10,234,y1709,XDCE,5850,5816,5856,224410,13101510720,941788,964490,6104,5524,5814,5820,0,5822,0,0,0,2017-04-24,32410234,5848,55,0,0,0,0,0,0,0,0,5850,8,0,0,0,0,0,0,0,0
20,2017-04-24,09:00:10,739,y1709,XDCE,5852,5816,5856,224490,13106191240,941748,964490,6104,5524,5814,5820,0,5822,0,0,0,2017-04-24,32410739,5848,90,0,0,0,0,0,0,0,0,5852,90,0,0,0,0,0,0,0,0
21,2017-04-24,09:00:11,257,y1709,XDCE,5852,5816,5856,224540,13109117120,941728,964490,6104,5524,5814,5820,0,5822,0,0,0,2017-04-24,32411257,5850,2,0,0,0,0,0,0,0,0,5852,61,0,0,0,0,0,0,0,0
22,2017-04-24,09:00:11,745,y1709,XDCE,5850,5816,5856,224576,13111223520,941702,964490,6104,5524,5814,5820,0,5822,0,0,0,2017-04-24,32411745,5850,44,0,0,0,0,0,0,0,0,5852,14,0,0,0,0,0,0,0,0
23,2017-04-24,09:00:12,258,y1709,XDCE,5852,5816,5856,224618,13113681320,941682,964490,6104,5524,5814,5820,0,5822,0,0,0,2017-04-24,32412258,5850,42,0,0,0,0,0,0,0,0,5852,28,0,0,0,0,0,0,0,0
24,2017-04-24,09:00:12,727,y1709,XDCE,5852,5816,5856,224642,13115085640,941662,964490,6104,5524,5814,5820,0,5822,0,0,0,2017-04-24,32412727,5850,49,0,0,0,0,0,0,0,0,5852,42,0,0,0,0,0,0,0,0
25,2017-04-24,09:00:13,262,y1709,XDCE,5852,5816,5856,224772,13122691800,941588,964490,6104,5524,5814,5820,0,5822,0,0,0,2017-04-24,32413262,5850,64,0,0,0,0,0,0,0,0,5854,82,0,0,0,0,0,0,0,0
26,2017-04-24,09:00:13,746,y1709,XDCE,5852,5816,5856,224804,13124564400,941588,964490,6104,5524,5814,5820,0,5822,0,0,0,2017-04-24,32413746,5850,54,0,0,0,0,0,0,0,0,5852,4,0,0,0,0,0,0,0,0
27,2017-04-24,09:00:14,232,y1709,XDCE,5854,5816,5856,224846,13127022640,941564,964490,6104,5524,5814,5820,0,5822,0,0,0,2017-04-24,32414232,5852,3,0,0,0,0,0,0,0,0,5854,87,0,0,0,0,0,0,0,0
28,2017-04-24,09:00:14,703,y1709,XDCE,5854,5816,5856,224952,13133225600,941520,964490,6104,5524,5814,5820,0,5822,0,0,0,2017-04-24,32414703,5852,28,0,0,0,0,0,0,0,0,5854,75,0,0,0,0,0,0,0,0
29,2017-04-24,09:00:15,259,y1709,XDCE,5854,5816,5856,224986,13135215480,941514,964490,6104,5524,5814,5820,0,5822,0,0,0,2017-04-24,32415259,5852,17,0,0,0,0,0,0,0,0,5854,52,0,0,0,0,0,0,0,0
30,2017-04-24,09:00:15,758,y1709,XDCE,5854,5816,5856,225096,13141654880,941448,964490,6104,5524,5814,5820,0,5822,0,0,0,2017-04-24,32415758,5854,160,0,0,0,0,0,0,0,0,5856,63,0,0,0,0,0,0,0,0
31,2017-04-24,09:00:16,260,y1709,XDCE,5856,5816,5856,225120,13143060200,941432,964490,6104,5524,5814,5820,0,5822,0,0,0,2017-04-24,32416260,5854,159,0,0,0,0,0,0,0,0,5856,51,0,0,0,0,0,0,0,0
32,2017-04-24,09:00:16,760,y1709,XDCE,5856,5816,5856,225276,13152195000,941436,964490,6104,5524,5814,5820,0,5822,0,0,0,2017-04-24,32416760,5856,37,0,0,0,0,0,0,0,0,5858,493,0,0,0,0,0,0,0,0
33,2017-04-24,09:00:17,238,y1709,XDCE,5854,5816,5856,225356,13156879720,941508,964490,6104,5524,5814,5820,0,5822,0,0,0,2017-04-24,32417238,5854,213,0,0,0,0,0,0,0,0,5856,8,0,0,0,0,0,0,0,0
34,2017-04-24,09:00:17,753,y1709,XDCE,5854,5816,5858,225404,13159690120,941508,964490,6104,5524,5814,5820,0,5822,0,0,0,2017-04-24,32417753,5854,208,0,0,0,0,0,0,0,0,5858,531,0,0,0,0,0,0,0,0
35,2017-04-24,09:00:18,260,y1709,XDCE,5856,5816,5858,225432,13161329760,941496,964490,6104,5524,5814,5820,0,5822,0,0,0,2017-04-24,32418260,5854,209,0,0,0,0,0,0,0,0,5856,21,0,0,0,0,0,0,0,0
36,2017-04-24,09:00:18,742,y1709,XDCE,5854,5816,5858,225462,13163086200,941488,964490,6104,5524,5814,5820,0,5822,0,0,0,2017-04-24,32418742,5854,214,0,0,0,0,0,0,0,0,5856,18,0,0,0,0,0,0,0,0
37,2017-04-24,09:00:19,231,y1709,XDCE,5856,5816,5858,225534,13167301680,941498,964490,6104,5524,5814,5820,0,5822,0,0,0,2017-04-24,32419231,5854,193,0,0,0,0,0,0,0,0,5856,49,0,0,0,0,0,0,0,0
38,2017-04-24,09:00:19,750,y1709,XDCE,5858,5816,5858,225774,13181356200,941536,964490,6104,5524,5814,5820,0,5822,0,0,0,2017-04-24,32419750,5856,7,0,0,0,0,0,0,0,0,5858,355,0,0,0,0,0,0,0,0
39,2017-04-24,09:00:20,231,y1709,XDCE,5858,5816,5858,225962,13192367640,941530,964490,6104,5524,5814,5820,0,5822,0,0,0,2017-04-24,32420231,5854,204,0,0,0,0,0,0,0,0,5858,317,0,0,0,0,0,0,0,0
40,2017-04-24,09:00:20,731,y1709,XDCE,5854,5816,5858,226044,13197168800,941512,964490,6104,5524,5814,5820,0,5822,0,0,0,2017-04-24,32420731,5856,29,0,0,0,0,0,0,0,0,5858,308,0,0,0,0,0,0,0,0
41,2017-04-24,09:00:21,264,y1709,XDCE,5858,5816,5858,226136,13202556360,941562,964490,6104,5524,5814,5820,0,5822,0,0,0,2017-04-24,32421264,5854,199,0,0,0,0,0,0,0,0,5858,299,0,0,0,0,0,0,0,0
42,2017-04-24,09:00:21,739,y1709,XDCE,5856,5816,5858,226156,13203727560,941562,964490,6104,5524,5814,5820,0,5822,0,0,0,2017-04-24,32421739,5854,199,0,0,0,0,0,0,0,0,5856,3,0,0,0,0,0,0,0,0
43,2017-04-24,09:00:22,251,y1709,XDCE,5856,5816,5858,226196,13206070040,941584,964490,6104,5524,5814,5820,0,5822,0,0,0,2017-04-24,32422251,5854,193,0,0,0,0,0,0,0,0,5856,62,0,0,0,0,0,0,0,0
44,2017-04-24,09:00:22,750,y1709,XDCE,5856,5816,5858,226202,13206421400,941586,964490,6104,5524,5814,5820,0,5822,0,0,0,2017-04-24,32422750,5854,193,0,0,0,0,0,0,0,0,5856,74,0,0,0,0,0,0,0,0
45,2017-04-24,09:00:23,264,y1709,XDCE,5854,5816,5858,226326,13213682760,941698,964490,6104,5524,5814,5820,0,5822,0,0,0,2017-04-24,32423264,5854,202,0,0,0,0,0,0,0,0,5856,19,0,0,0,0,0,0,0,0
46,2017-04-24,09:00:23,735,y1709,XDCE,5856,5816,5858,226334,13214151120,941698,964490,6104,5524,5814,5820,0,5822,0,0,0,2017-04-24,32423735,5854,200,0,0,0,0,0,0,0,0,5856,18,0,0,0,0,0,0,0,0
47,2017-04-24,09:00:24,243,y1709,XDCE,5856,5816,5858,226364,13215907520,941708,964490,6104,5524,5814,5820,0,5822,0,0,0,2017-04-24,32424243,5854,193,0,0,0,0,0,0,0,0,5856,85,0,0,0,0,0,0,0,0
48,2017-04-24,09:00:24,742,y1709,XDCE,5856,5816,5858,226552,13226916800,941728,964490,6104,5524,5814,5820,0,5822,0,0,0,2017-04-24,32424742,5856,10,0,0,0,0,0,0,0,0,5858,269,0,0,0,0,0,0,0,0
49,2017-04-24,09:00:25,257,y1709,XDCE,5854,5816,5858,226796,13241201000,941700,964490,6104,5524,5814,5820,0,5822,0,0,0,2017-04-24,32425257,5854,87,0,0,0,0,0,0,0,0,5856,17,0,0,0,0,0,0,0,0
50,2017-04-24,09:00:25,760,y1709,XDCE,5856,5816,5858,226962,13250921880,941720,964490,6104,5524,5814,5820,0,5822,0,0,0,2017-04-24,32425760,5856,35,0,0,0,0,0,0,0,0,5858,282,0,0,0,0,0,0,0,0
51,2017-04-24,09:00:26,215,y1709,XDCE,5858,5816,5858,227018,13254201280,941740,964490,6104,5524,5814,5820,0,5822,0,0,0,2017-04-24,32426215,5856,10,0,0,0,0,0,0,0,0,5858,276,0,0,0,0,0,0,0,0
52,2017-04-24,09:00:26,712,y1709,XDCE,5856,5816,5858,227032,13255021120,941754,964490,6104,5524,5814,5820,0,5822,0,0,0,2017-04-24,32426712,5856,19,0,0,0,0,0,0,0,0,5858,300,0,0,0,0,0,0,0,0
53,2017-04-24,09:00:27,261,y1709,XDCE,5856,5816,5858,227060,13256660840,941746,964490,6104,5524,5814,5820,0,5822,0,0,0,2017-04-24,32427261,5856,6,0,0,0,0,0,0,0,0,5858,294,0,0,0,0,0,0,0,0
54,2017-04-24,09:00:27,746,y1709,XDCE,5856,5816,5858,227070,13257246560,941748,964490,6104,5524,5814,5820,0,5822,0,0,0,2017-04-24,32427746,5856,16,0,0,0,0,0,0,0,0,5858,291,0,0,0,0,0,0,0,0
55,2017-04-24,09:00:28,231,y1709,XDCE,5856,5816,5858,227086,13258183760,941760,964490,6104,5524,5814,5820,0,5822,0,0,0,2017-04-24,32428231,5856,114,0,0,0,0,0,0,0,0,5858,281,0,0,0,0,0,0,0,0
56,2017-04-24,09:00:28,741,y1709,XDCE,5856,5816,5858,227096,13258769400,941766,964490,6104,5524,5814,5820,0,5822,0,0,0,2017-04-24,32428741,5856,112,0,0,0,0,0,0,0,0,5858,277,0,0,0,0,0,0,0,0
57,2017-04-24,09:00:29,259,y1709,XDCE,5856,5816,5858,227174,13263337640,941790,964490,6104,5524,5814,5820,0,5822,0,0,0,2017-04-24,32429259,5856,90,0,0,0,0,0,0,0,0,5858,264,0,0,0,0,0,0,0,0
58,2017-04-24,09:00:29,755,y1709,XDCE,5856,5816,5858,227380,13275401280,941792,964490,6104,5524,5814,5820,0,5822,0,0,0,2017-04-24,32429755,5854,94,0,0,0,0,0,0,0,0,5856,4,0,0,0,0,0,0,0,0
59,2017-04-24,09:00:30,227,y1709,XDCE,5856,5816,5858,227386,13275752640,941792,964490,6104,5524,5814,5820,0,5822,0,0,0,2017-04-24,32430227,5854,120,0,0,0,0,0,0,0,0,5856,2,0,0,0,0,0,0,0,0
60,2017-04-24,09:00:30,748,y1709,XDCE,5854,5816,5858,227388,13275869720,941792,964490,6104,5524,5814,5820,0,5822,0,0,0,2017-04-24,32430748,5854,119,0,0,0,0,0,0,0,0,5856,11,0,0,0,0,0,0,0,0
61,2017-04-24,09:00:31,261,y1709,XDCE,5856,5816,5858,227400,13276572400,941792,964490,6104,5524,5814,5820,0,5822,0,0,0,2017-04-24,32431261,5854,138,0,0,0,0,0,0,0,0,5856,6,0,0,0,0,0,0,0,0
62,2017-04-24,09:00:31,758,y1709,XDCE,5858,5816,5858,227478,13281141000,941818,964490,6104,5524,5814,5820,0,5822,0,0,0,2017-04-24,32431758,5856,10,0,0,0,0,0,0,0,0,5858,226,0,0,0,0,0,0,0,0
63,2017-04-24,09:00:32,172,y1709,XDCE,5858,5816,5858,227478,13281141000,941818,964490,6104,5524,5814,5820,0,5822,0,0,0,2017-04-24,32432172,5856,35,0,0,0,0,0,0,0,0,5858,211,0,0,0,0,0,0,0,0
64,2017-04-24,09:00:32,745,y1709,XDCE,5856,5816,5858,227480,13281258120,941818,964490,6104,5524,5814,5820,0,5822,0,0,0,2017-04-24,32432745,5856,40,0,0,0,0,0,0,0,0,5858,205,0,0,0,0,0,0,0,0
65,2017-04-24,09:00:33,249,y1709,XDCE,5858,5816,5858,227488,13281726680,941820,964490,6104,5524,5814,5820,0,5822,0,0,0,2017-04-24,32433249,5856,43,0,0,0,0,0,0,0,0,5858,204,0,0,0,0,0,0,0,0
66,2017-04-24,09:00:33,753,y1709,XDCE,5858,5816,5858,227496,13282195280,941822,964490,6104,5524,5814,5820,0,5822,0,0,0,2017-04-24,32433753,5856,108,0,0,0,0,0,0,0,0,5858,189,0,0,0,0,0,0,0,0
67,2017-04-24,09:00:34,245,y1709,XDCE,5858,5816,5858,227542,13284889840,941834,964490,6104,5524,5814,5820,0,5822,0,0,0,2017-04-24,32434245,5856,216,0,0,0,0,0,0,0,0,5858,165,0,0,0,0,0,0,0,0
68,2017-04-24,09:00:34,749,y1709,XDCE,5858,5816,5858,227788,13299300280,941918,964490,6104,5524,5814,5820,0,5822,0,0,0,2017-04-24,32434749,5856,213,0,0,0,0,0,0,0,0,5858,44,0,0,0,0,0,0,0,0
69,2017-04-24,09:00:35,214,y1709,XDCE,5858,5816,5858,227894,13305509760,941944,964490,6104,5524,5814,5820,0,5822,0,0,0,2017-04-24,32435214,5858,18,0,0,0,0,0,0,0,0,5860,402,0,0,0,0,0,0,0,0
70,2017-04-24,09:00:35,740,y1709,XDCE,5858,5816,5860,228006,13312071600,941970,964490,6104,5524,5814,5820,0,5822,0,0,0,2017-04-24,32435740,5856,188,0,0,0,0,0,0,0,0,5858,15,0,0,0,0,0,0,0,0
71,2017-04-24,09:00:36,259,y1709,XDCE,5860,5816,5860,228094,13317226640,941996,964490,6104,5524,5814,5820,0,5822,0,0,0,2017-04-24,32436259,5856,282,0,0,0,0,0,0,0,0,5860,336,0,0,0,0,0,0,0,0
72,2017-04-24,09:00:36,763,y1709,XDCE,5858,5816,5860,228572,13345237040,941608,964490,6104,5524,5814,5820,0,5822,0,0,0,2017-04-24,32436763,5858,66,0,0,0,0,0,0,0,0,5860,81,0,0,0,0,0,0,0,0
73,2017-04-24,09:00:37,238,y1709,XDCE,5860,5816,5860,228686,13351916840,941570,964490,6104,5524,5814,5820,0,5822,0,0,0,2017-04-24,32437238,5858,166,0,0,0,0,0,0,0,0,5860,41,0,0,0,0,0,0,0,0
74,2017-04-24,09:00:37,759,y1709,XDCE,5860,5816,5860,228714,13353557640,941572,964490,6104,5524,5814,5820,0,5822,0,0,0,2017-04-24,32437759,5858,169,0,0,0,0,0,0,0,0,5860,22,0,0,0,0,0,0,0,0
75,2017-04-24,09:00:38,232,y1709,XDCE,5860,5816,5860,228784,13357659520,941568,964490,6104,5524,5814,5820,0,5822,0,0,0,2017-04-24,32438232,5858,156,0,0,0,0,0,0,0,0,5860,2,0,0,0,0,0,0,0,0
76,2017-04-24,09:00:38,752,y1709,XDCE,5858,5816,5860,228800,13358596920,941558,964490,6104,5524,5814,5820,0,5822,0,0,0,2017-04-24,32438752,5858,161,0,0,0,0,0,0,0,0,5860,6,0,0,0,0,0,0,0,0
77,2017-04-24,09:00:39,228,y1709,XDCE,5858,5816,5860,228926,13365978800,941522,964490,6104,5524,5814,5820,0,5822,0,0,0,2017-04-24,32439228,5858,138,0,0,0,0,0,0,0,0,5860,9,0,0,0,0,0,0,0,0
78,2017-04-24,09:00:39,755,y1709,XDCE,5860,5816,5860,228930,13366213200,941524,964490,6104,5524,5814,5820,0,5822,0,0,0,2017-04-24,32439755,5858,132,0,0,0,0,0,0,0,0,5860,12,0,0,0,0,0,0,0,0
79,2017-04-24,09:00:40,252,y1709,XDCE,5858,5816,5860,228932,13366330360,941524,964490,6104,5524,5814,5820,0,5822,0,0,0,2017-04-24,32440252,5858,131,0,0,0,0,0,0,0,0,5860,38,0,0,0,0,0,0,0,0
80,2017-04-24,09:00:40,756,y1709,XDCE,5858,5816,5860,228962,13368088200,941538,964490,6104,5524,5814,5820,0,5822,0,0,0,2017-04-24,32440756,5858,128,0,0,0,0,0,0,0,0,5860,39,0,0,0,0,0,0,0,0
81,2017-04-24,09:00:41,262,y1709,XDCE,5860,5816,5860,228980,13369142920,941536,964490,6104,5524,5814,5820,0,5822,0,0,0,2017-04-24,32441262,5858,127,0,0,0,0,0,0,0,0,5860,54,0,0,0,0,0,0,0,0
82,2017-04-24,09:00:41,743,y1709,XDCE,5860,5816,5860,228986,13369494520,941532,964490,6104,5524,5814,5820,0,5822,0,0,0,2017-04-24,32441743,5858,113,0,0,0,0,0,0,0,0,5860,59,0,0,0,0,0,0,0,0
83,2017-04-24,09:00:42,259,y1709,XDCE,5858,5816,5860,229042,13372776080,941556,964490,6104,5524,5814,5820,0,5822,0,0,0,2017-04-24,32442259,5858,110,0,0,0,0,0,0,0,0,5860,27,0,0,0,0,0,0,0,0
84,2017-04-24,09:00:42,701,y1709,XDCE,5860,5816,5860,229048,13373127680,941556,964490,6104,5524,5814,5820,0,5822,0,0,0,2017-04-24,32442701,5858,120,0,0,0,0,0,0,0,0,5860,32,0,0,0,0,0,0,0,0
85,2017-04-24,09:00:43,216,y1709,XDCE,5860,5816,5860,229058,13373713680,941556,964490,6104,5524,5814,5820,0,5822,0,0,0,2017-04-24,32443216,5858,161,0,0,0,0,0,0,0,0,5860,19,0,0,0,0,0,0,0,0
86,2017-04-24,09:00:43,730,y1709,XDCE,5858,5816,5860,229140,13378518840,941490,964490,6104,5524,5814,5820,0,5822,0,0,0,2017-04-24,32443730,5858,163,0,0,0,0,0,0,0,0,5860,1,0,0,0,0,0,0,0,0
87,2017-04-24,09:00:44,253,y1709,XDCE,5860,5816,5860,229146,13378870440,941486,964490,6104,5524,5814,5820,0,5822,0,0,0,2017-04-24,32444253,5858,163,0,0,0,0,0,0,0,0,5862,269,0,0,0,0,0,0,0,0
88,2017-04-24,09:00:44,754,y1709,XDCE,5860,5816,5860,229172,13380394040,941512,964490,6104,5524,5814,5820,0,5822,0,0,0,2017-04-24,32444754,5860,16,0,0,0,0,0,0,0,0,5862,269,0,0,0,0,0,0,0,0
89,2017-04-24,09:00:45,177,y1709,XDCE,5860,5816,5860,229184,13381097240,941512,964490,6104,5524,5814,5820,0,5822,0,0,0,2017-04-24,32445177,5860,30,0,0,0,0,0,0,0,0,5862,273,0,0,0,0,0,0,0,0
90,2017-04-24,09:00:45,746,y1709,XDCE,5862,5816,5862,229204,13382269480,941512,964490,6104,5524,5814,5820,0,5822,0,0,0,2017-04-24,32445746,5860,27,0,0,0,0,0,0,0,0,5862,271,0,0,0,0,0,0,0,0
91,2017-04-24,09:00:46,213,y1709,XDCE,5862,5816,5862,229240,13384379680,941482,964490,6104,5524,5814,5820,0,5822,0,0,0,2017-04-24,32446213,5860,44,0,0,0,0,0,0,0,0,5862,259,0,0,0,0,0,0,0,0
92,2017-04-24,09:00:46,735,y1709,XDCE,5860,5816,5862,229254,13385200080,941486,964490,6104,5524,5814,5820,0,5822,0,0,0,2017-04-24,32446735,5860,85,0,0,0,0,0,0,0,0,5862,254,0,0,0,0,0,0,0,0
93,2017-04-24,09:00:47,235,y1709,XDCE,5860,5816,5862,229276,13386489320,941486,964490,6104,5524,5814,5820,0,5822,0,0,0,2017-04-24,32447235,5860,79,0,0,0,0,0,0,0,0,5862,249,0,0,0,0,0,0,0,0
94,2017-04-24,09:00:47,677,y1709,XDCE,5862,5816,5862,229286,13387075360,941478,964490,6104,5524,5814,5820,0,5822,0,0,0,2017-04-24,32447677,5860,77,0,0,0,0,0,0,0,0,5862,259,0,0,0,0,0,0,0,0
95,2017-04-24,09:00:48,231,y1709,XDCE,5862,5816,5862,229298,13387778800,941482,964490,6104,5524,5814,5820,0,5822,0,0,0,2017-04-24,32448231,5860,77,0,0,0,0,0,0,0,0,5862,255,0,0,0,0,0,0,0,0
96,2017-04-24,09:00:48,688,y1709,XDCE,5860,5816,5862,229320,13389068000,941494,964490,6104,5524,5814,5820,0,5822,0,0,0,2017-04-24,32448688,5860,68,0,0,0,0,0,0,0,0,5862,255,0,0,0,0,0,0,0,0
97,2017-04-24,09:00:49,234,y1709,XDCE,5862,5816,5862,229328,13389536880,941498,964490,6104,5524,5814,5820,0,5822,0,0,0,2017-04-24,32449234,5860,44,0,0,0,0,0,0,0,0,5862,262,0,0,0,0,0,0,0,0
98,2017-04-24,09:00:49,740,y1709,XDCE,5860,5816,5862,229344,13390474640,941506,964490,6104,5524,5814,5820,0,5822,0,0,0,2017-04-24,32449740,5860,40,0,0,0,0,0,0,0,0,5862,261,0,0,0,0,0,0,0,0
99,2017-04-24,09:00:50,217,y1709,XDCE,5860,5816,5862,229374,13392232840,941508,964490,6104,5524,5814,5820,0,5822,0,0,0,2017-04-24,32450217,5860,30,0,0,0,0,0,0,0,0,5862,196,0,0,0,0,0,0,0,0
100,2017-04-24,09:00:50,745,y1709,XDCE,5860,5816,5862,229422,13395045680,941506,964490,6104,5524,5814,5820,0,5822,0,0,0,2017-04-24,32450745,5860,21,0,0,0,0,0,0,0,0,5862,178,0,0,0,0,0,0,0,0
101,2017-04-24,09:00:51,214,y1709,XDCE,5860,5816,5862,229424,13395162880,941506,964490,6104,5524,5814,5820,0,5822,0,0,0,2017-04-24,32451214,5860,21,0,0,0,0,0,0,0,0,5862,190,0,0,0,0,0,0,0,0
102,2017-04-24,09:00:51,730,y1709,XDCE,5862,5816,5862,229426,13395280120,941506,964490,6104,5524,5814,5820,0,5822,0,0,0,2017-04-24,32451730,5860,13,0,0,0,0,0,0,0,0,5862,208,0,0,0,0,0,0,0,0
103,2017-04-24,09:00:52,245,y1709,XDCE,5862,5816,5862,229444,13396334960,941506,964490,6104,5524,5814,5820,0,5822,0,0,0,2017-04-24,32452245,5860,5,0,0,0,0,0,0,0,0,5862,210,0,0,0,0,0,0,0,0
104,2017-04-24,09:00:52,683,y1709,XDCE,5860,5816,5862,229456,13397038160,941508,964490,6104,5524,5814,5820,0,5822,0,0,0,2017-04-24,32452683,5858,190,0,0,0,0,0,0,0,0,5860,97,0,0,0,0,0,0,0,0
105,2017-04-24,09:00:53,258,y1709,XDCE,5860,5816,5862,229486,13398796160,941496,964490,6104,5524,5814,5820,0,5822,0,0,0,2017-04-24,32453258,5858,191,0,0,0,0,0,0,0,0,5860,106,0,0,0,0,0,0,0,0
106,2017-04-24,09:00:53,761,y1709,XDCE,5858,5816,5862,229510,13400202520,941496,964490,6104,5524,5814,5820,0,5822,0,0,0,2017-04-24,32453761,5858,174,0,0,0,0,0,0,0,0,5860,102,0,0,0,0,0,0,0,0
107,2017-04-24,09:00:54,261,y1709,XDCE,5858,5816,5862,229546,13402312040,941496,964490,6104,5524,5814,5820,0,5822,0,0,0,2017-04-24,32454261,5858,155,0,0,0,0,0,0,0,0,5860,107,0,0,0,0,0,0,0,0
108,2017-04-24,09:00:54,754,y1709,XDCE,5860,5816,5862,229550,13402546440,941496,964490,6104,5524,5814,5820,0,5822,0,0,0,2017-04-24,32454754,5858,156,0,0,0,0,0,0,0,0,5860,105,0,0,0,0,0,0,0,0
109,2017-04-24,09:00:55,217,y1709,XDCE,5858,5816,5862,229584,13404538720,941476,964490,6104,5524,5814,5820,0,5822,0,0,0,2017-04-24,32455217,5858,155,0,0,0,0,0,0,0,0,5860,109,0,0,0,0,0,0,0,0
110,2017-04-24,09:00:55,687,y1709,XDCE,5858,5816,5862,229694,13410982560,941576,964490,6104,5524,5814,5820,0,5822,0,0,0,2017-04-24,32455687,5858,95,0,0,0,0,0,0,0,0,5860,131,0,0,0,0,0,0,0,0
111,2017-04-24,09:00:56,247,y1709,XDCE,5858,5816,5862,229704,13411568440,941578,964490,6104,5524,5814,5820,0,5822,0,0,0,2017-04-24,32456247,5858,86,0,0,0,0,0,0,0,0,5860,131,0,0,0,0,0,0,0,0
112,2017-04-24,09:00:56,719,y1709,XDCE,5858,5816,5862,229714,13412154400,941578,964490,6104,5524,5814,5820,0,5822,0,0,0,2017-04-24,32456719,5858,85,0,0,0,0,0,0,0,0,5860,129,0,0,0,0,0,0,0,0
113,2017-04-24,09:00:57,179,y1709,XDCE,5860,5816,5862,229746,13414029520,941580,964490,6104,5524,5814,5820,0,5822,0,0,0,2017-04-24,32457179,5858,75,0,0,0,0,0,0,0,0,5860,116,0,0,0,0,0,0,0,0
114,2017-04-24,09:00:57,761,y1709,XDCE,5858,5816,5862,229772,13415552680,941576,964490,6104,5524,5814,5820,0,5822,0,0,0,2017-04-24,32457761,5858,55,0,0,0,0,0,0,0,0,5860,143,0,0,0,0,0,0,0,0
115,2017-04-24,09:00:58,214,y1709,XDCE,5860,5816,5862,229784,13416255840,941578,964490,6104,5524,5814,5820,0,5822,0,0,0,2017-04-24,32458214,5858,52,0,0,0,0,0,0,0,0,5860,140,0,0,0,0,0,0,0,0
116,2017-04-24,09:00:58,759,y1709,XDCE,5858,5816,5862,229868,13421176600,941500,964490,6104,5524,5814,5820,0,5822,0,0,0,2017-04-24,32458759,5858,16,0,0,0,0,0,0,0,0,5860,140,0,0,0,0,0,0,0,0
117,2017-04-24,09:00:59,246,y1709,XDCE,5858,5816,5862,229884,13422113920,941490,964490,6104,5524,5814,5820,0,5822,0,0,0,2017-04-24,32459246,5858,24,0,0,0,0,0,0,0,0,5860,146,0,0,0,0,0,0,0,0
118,2017-04-24,09:00:59,707,y1709,XDCE,5858,5816,5862,229888,13422348240,941492,964490,6104,5524,5814,5820,0,5822,0,0,0,2017-04-24,32459707,5858,22,0,0,0,0,0,0,0,0,5860,154,0,0,0,0,0,0,0,0
119,2017-04-24,09:01:00,262,y1709,XDCE,5860,5816,5862,229908,13423520160,941478,964490,6104,5524,5814,5820,0,5822,0,0,0,2017-04-24,32460262,5858,25,0,0,0,0,0,0,0,0,5860,147,0,0,0,0,0,0,0,0
120,2017-04-24,09:01:00,721,y1709,XDCE,5860,5816,5862,229936,13425160720,941476,964490,6104,5524,5814,5820,0,5822,0,0,0,2017-04-24,32460721,5858,19,0,0,0,0,0,0,0,0,5860,137,0,0,0,0,0,0,0,0
121,2017-04-24,09:01:01,253,y1709,XDCE,5858,5816,5862,229990,13428325000,941436,964490,6104,5524,5814,5820,0,5822,0,0,0,2017-04-24,32461253,5858,72,0,0,0,0,0,0,0,0,5860,92,0,0,0,0,0,0,0,0
122,2017-04-24,09:01:01,722,y1709,XDCE,5858,5816,5862,230020,13430082800,941434,964490,6104,5524,5814,5820,0,5822,0,0,0,2017-04-24,32461722,5858,77,0,0,0,0,0,0,0,0,5860,93,0,0,0,0,0,0,0,0
123,2017-04-24,09:01:02,255,y1709,XDCE,5858,5816,5862,230288,13445786320,941214,964490,6104,5524,5814,5820,0,5822,0,0,0,2017-04-24,32462255,5858,62,0,0,0,0,0,0,0,0,5860,13,0,0,0,0,0,0,0,0
124,2017-04-24,09:01:02,723,y1709,XDCE,5858,5816,5862,230300,13446489280,941212,964490,6104,5524,5814,5820,0,5822,0,0,0,2017-04-24,32462723,5858,91,0,0,0,0,0,0,0,0,5860,9,0,0,0,0,0,0,0,0
125,2017-04-24,09:01:03,240,y1709,XDCE,5858,5816,5862,230314,13447309600,941214,964490,6104,5524,5814,5820,0,5822,0,0,0,2017-04-24,32463240,5858,131,0,0,0,0,0,0,0,0,5860,52,0,0,0,0,0,0,0,0
126,2017-04-24,09:01:03,740,y1709,XDCE,5860,5816,5862,230348,13449301640,941220,964490,6104,5524,5814,5820,0,5822,0,0,0,2017-04-24,32463740,5858,122,0,0,0,0,0,0,0,0,5860,93,0,0,0,0,0,0,0,0
127,2017-04-24,09:01:04,234,y1709,XDCE,5858,5816,5862,230390,13451762440,941216,964490,6104,5524,5814,5820,0,5822,0,0,0,2017-04-24,32464234,5858,112,0,0,0,0,0,0,0,0,5860,100,0,0,0,0,0,0,0,0
128,2017-04-24,09:01:04,731,y1709,XDCE,5860,5816,5862,230414,13453168400,941214,964490,6104,5524,5814,5820,0,5822,0,0,0,2017-04-24,32464731,5858,87,0,0,0,0,0,0,0,0,5860,124,0,0,0,0,0,0,0,0
129,2017-04-24,09:01:05,252,y1709,XDCE,5858,5816,5862,230604,13464298600,941186,964490,6104,5524,5814,5820,0,5822,0,0,0,2017-04-24,32465252,5856,385,0,0,0,0,0,0,0,0,5858,16,0,0,0,0,0,0,0,0
130,2017-04-24,09:01:05,724,y1709,XDCE,5858,5816,5862,230648,13466876200,941196,964490,6104,5524,5814,5820,0,5822,0,0,0,2017-04-24,32465724,5856,372,0,0,0,0,0,0,0,0,5858,2,0,0,0,0,0,0,0,0
131,2017-04-24,09:01:06,213,y1709,XDCE,5858,5816,5862,230660,13467579160,941192,964490,6104,5524,5814,5820,0,5822,0,0,0,2017-04-24,32466213,5858,5,0,0,0,0,0,0,0,0,5860,186,0,0,0,0,0,0,0,0
132,2017-04-24,09:01:06,706,y1709,XDCE,5860,5816,5862,230662,13467696360,941190,964490,6104,5524,5814,5820,0,5822,0,0,0,2017-04-24,32466706,5858,12,0,0,0,0,0,0,0,0,5860,187,0,0,0,0,0,0,0,0
133,2017-04-24,09:01:07,248,y1709,XDCE,5858,5816,5862,230670,13468165000,941184,964490,6104,5524,5814,5820,0,5822,0,0,0,2017-04-24,32467248,5858,15,0,0,0,0,0,0,0,0,5860,183,0,0,0,0,0,0,0,0
134,2017-04-24,09:01:07,719,y1709,XDCE,5858,5816,5862,230680,13468750800,941192,964490,6104,5524,5814,5820,0,5822,0,0,0,2017-04-24,32467719,5858,24,0,0,0,0,0,0,0,0,5860,184,0,0,0,0,0,0,0,0
135,2017-04-24,09:01:08,189,y1709,XDCE,5860,5816,5862,230684,13468985160,941192,964490,6104,5524,5814,5820,0,5822,0,0,0,2017-04-24,32468189,5858,34,0,0,0,0,0,0,0,0,5860,185,0,0,0,0,0,0,0,0
136,2017-04-24,09:01:08,750,y1709,XDCE,5860,5816,5862,230760,13473437880,941204,964490,6104,5524,5814,5820,0,5822,0,0,0,2017-04-24,32468750,5858,12,0,0,0,0,0,0,0,0,5860,195,0,0,0,0,0,0,0,0
137,2017-04-24,09:01:09,261,y1709,XDCE,5856,5816,5862,230800,13475780760,941234,964490,6104,5524,5814,5820,0,5822,0,0,0,2017-04-24,32469261,5856,325,0,0,0,0,0,0,0,0,5858,27,0,0,0,0,0,0,0,0
138,2017-04-24,09:01:09,725,y1709,XDCE,5858,5816,5862,230802,13475897920,941234,964490,6104,5524,5814,5820,0,5822,0,0,0,2017-04-24,32469725,5856,309,0,0,0,0,0,0,0,0,5858,31,0,0,0,0,0,0,0,0
139,2017-04-24,09:01:10,257,y1709,XDCE,5858,5816,5862,230806,13476132240,941234,964490,6104,5524,5814,5820,0,5822,0,0,0,2017-04-24,32470257,5856,309,0,0,0,0,0,0,0,0,5858,41,0,0,0,0,0,0,0,0
140,2017-04-24,09:01:10,674,y1709,XDCE,5860,5816,5862,230914,13482459000,941244,964490,6104,5524,5814,5820,0,5822,0,0,0,2017-04-24,32470674,5856,310,0,0,0,0,0,0,0,0,5860,230,0,0,0,0,0,0,0,0
141,2017-04-24,09:01:11,259,y1709,XDCE,5858,5816,5862,230954,13484801800,941232,964490,6104,5524,5814,5820,0,5822,0,0,0,2017-04-24,32471259,5858,28,0,0,0,0,0,0,0,0,5860,264,0,0,0,0,0,0,0,0
142,2017-04-24,09:01:11,747,y1709,XDCE,5858,5816,5862,230962,13485270440,941226,964490,6104,5524,5814,5820,0,5822,0,0,0,2017-04-24,32471747,5858,25,0,0,0,0,0,0,0,0,5860,291,0,0,0,0,0,0,0,0
143,2017-04-24,09:01:12,175,y1709,XDCE,5858,5816,5862,230996,13487262200,941210,964490,6104,5524,5814,5820,0,5822,0,0,0,2017-04-24,32472175,5858,22,0,0,0,0,0,0,0,0,5860,270,0,0,0,0,0,0,0,0
144,2017-04-24,09:01:12,739,y1709,XDCE,5858,5816,5862,231012,13488199680,941194,964490,6104,5524,5814,5820,0,5822,0,0,0,2017-04-24,32472739,5858,20,0,0,0,0,0,0,0,0,5860,266,0,0,0,0,0,0,0,0
145,2017-04-24,09:01:13,190,y1709,XDCE,5858,5816,5862,231028,13489136960,941194,964490,6104,5524,5814,5820,0,5822,0,0,0,2017-04-24,32473190,5858,13,0,0,0,0,0,0,0,0,5860,272,0,0,0,0,0,0,0,0
146,2017-04-24,09:01:13,699,y1709,XDCE,5858,5816,5862,231070,13491597360,941196,964490,6104,5524,5814,5820,0,5822,0,0,0,2017-04-24,32473699,5856,370,0,0,0,0,0,0,0,0,5858,79,0,0,0,0,0,0,0,0
147,2017-04-24,09:01:14,202,y1709,XDCE,5858,5816,5862,231202,13499329280,941180,964490,6104,5524,5814,5820,0,5822,0,0,0,2017-04-24,32474202,5856,294,0,0,0,0,0,0,0,0,5858,78,0,0,0,0,0,0,0,0
148,2017-04-24,09:01:14,736,y1709,XDCE,5858,5816,5862,231202,13499329280,941180,964490,6104,5524,5814,5820,0,5822,0,0,0,2017-04-24,32474736,5856,294,0,0,0,0,0,0,0,0,5858,91,0,0,0,0,0,0,0,0
149,2017-04-24,09:01:15,263,y1709,XDCE,5856,5816,5862,231208,13499680720,941182,964490,6104,5524,5814,5820,0,5822,0,0,0,2017-04-24,32475263,5856,294,0,0,0,0,0,0,0,0,5858,107,0,0,0,0,0,0,0,0
150,2017-04-24,09:01:15,744,y1709,XDCE,5856,5816,5862,231208,13499680720,941182,964490,6104,5524,5814,5820,0,5822,0,0,0,2017-04-24,32475744,5856,289,0,0,0,0,0,0,0,0,5858,123,0,0,0,0,0,0,0,0
151,2017-04-24,09:01:16,167,y1709,XDCE,5858,5816,5862,231216,13500149320,941186,964490,6104,5524,5814,5820,0,5822,0,0,0,2017-04-24,32476167,5856,283,0,0,0,0,0,0,0,0,5858,125,0,0,0,0,0,0,0,0
152,2017-04-24,09:01:16,744,y1709,XDCE,5856,5816,5862,231218,13500266440,941186,964490,6104,5524,5814,5820,0,5822,0,0,0,2017-04-24,32476744,5856,282,0,0,0,0,0,0,0,0,5858,125,0,0,0,0,0,0,0,0
153,2017-04-24,09:01:17,204,y1709,XDCE,5856,5816,5862,231220,13500383560,941186,964490,6104,5524,5814,5820,0,5822,0,0,0,2017-04-24,32477204,5856,281,0,0,0,0,0,0,0,0,5858,226,0,0,0,0,0,0,0,0
154,2017-04-24,09:01:17,682,y1709,XDCE,5856,5816,5862,231224,13500617800,941186,964490,6104,5524,5814,5820,0,5822,0,0,0,2017-04-24,32477682,5856,276,0,0,0,0,0,0,0,0,5858,243,0,0,0,0,0,0,0,0
155,2017-04-24,09:01:18,260,y1709,XDCE,5856,5816,5862,231246,13501906120,941188,964490,6104,5524,5814,5820,0,5822,0,0,0,2017-04-24,32478260,5856,265,0,0,0,0,0,0,0,0,5858,265,0,0,0,0,0,0,0,0
156,2017-04-24,09:01:18,751,y1709,XDCE,5856,5816,5862,231354,13508231000,941278,964490,6104,5524,5814,5820,0,5822,0,0,0,2017-04-24,32478751,5856,220,0,0,0,0,0,0,0,0,5858,250,0,0,0,0,0,0,0,0
157,2017-04-24,09:01:19,177,y1709,XDCE,5856,5816,5862,231354,13508231000,941278,964490,6104,5524,5814,5820,0,5822,0,0,0,2017-04-24,32479177,5856,215,0,0,0,0,0,0,0,0,5858,262,0,0,0,0,0,0,0,0
158,2017-04-24,09:01:19,705,y1709,XDCE,5858,5816,5862,231358,13508465320,941282,964490,6104,5524,5814,5820,0,5822,0,0,0,2017-04-24,32479705,5856,216,0,0,0,0,0,0,0,0,5858,262,0,0,0,0,0,0,0,0
159,2017-04-24,09:01:20,256,y1709,XDCE,5856,5816,5862,231562,13520411560,941276,964490,6104,5524,5814,5820,0,5822,0,0,0,2017-04-24,32480256,5856,113,0,0,0,0,0,0,0,0,5858,264,0,0,0,0,0,0,0,0
160,2017-04-24,09:01:20,747,y1709,XDCE,5856,5816,5862,231794,13533997560,941468,964490,6104,5524,5814,5820,0,5822,0,0,0,2017-04-24,32480747,5854,196,0,0,0,0,0,0,0,0,5856,2,0,0,0,0,0,0,0,0
161,2017-04-24,09:01:21,225,y1709,XDCE,5854,5816,5862,231798,13534231720,941470,964490,6104,5524,5814,5820,0,5822,0,0,0,2017-04-24,32481225,5854,172,0,0,0,0,0,0,0,0,5856,25,0,0,0,0,0,0,0,0
162,2017-04-24,09:01:21,751,y1709,XDCE,5856,5816,5862,231808,13534817280,941478,964490,6104,5524,5814,5820,0,5822,0,0,0,2017-04-24,32481751,5854,171,0,0,0,0,0,0,0,0,5856,35,0,0,0,0,0,0,0,0
163,2017-04-24,09:01:22,234,y1709,XDCE,5856,5816,5862,231810,13534934400,941478,964490,6104,5524,5814,5820,0,5822,0,0,0,2017-04-24,32482234,5854,171,0,0,0,0,0,0,0,0,5856,35,0,0,0,0,0,0,0,0
164,2017-04-24,09:01:22,720,y1709,XDCE,5856,5816,5862,231810,13534934400,941478,964490,6104,5524,5814,5820,0,5822,0,0,0,2017-04-24,32482720,5854,171,0,0,0,0,0,0,0,0,5856,38,0,0,0,0,0,0,0,0
165,2017-04-24,09:01:23,242,y1709,XDCE,5856,5816,5862,231816,13535285760,941478,964490,6104,5524,5814,5820,0,5822,0,0,0,2017-04-24,32483242,5854,181,0,0,0,0,0,0,0,0,5856,36,0,0,0,0,0,0,0,0
166,2017-04-24,09:01:23,756,y1709,XDCE,5854,5816,5862,231828,13535988280,941480,964490,6104,5524,5814,5820,0,5822,0,0,0,2017-04-24,32483756,5854,176,0,0,0,0,0,0,0,0,5856,39,0,0,0,0,0,0,0,0
167,2017-04-24,09:01:24,236,y1709,XDCE,5856,5816,5862,232040,13548403000,941288,964490,6104,5524,5814,5820,0,5822,0,0,0,2017-04-24,32484236,5854,186,0,0,0,0,0,0,0,0,5856,39,0,0,0,0,0,0,0,0
168,2017-04-24,09:01:24,727,y1709,XDCE,5854,5816,5862,232044,13548637160,941288,964490,6104,5524,5814,5820,0,5822,0,0,0,2017-04-24,32484727,5854,184,0,0,0,0,0,0,0,0,5856,50,0,0,0,0,0,0,0,0
169,2017-04-24,09:01:25,258,y1709,XDCE,5854,5816,5862,232046,13548754240,941288,964490,6104,5524,5814,5820,0,5822,0,0,0,2017-04-24,32485258,5854,193,0,0,0,0,0,0,0,0,5856,50,0,0,0,0,0,0,0,0
170,2017-04-24,09:01:25,754,y1709,XDCE,5854,5816,5862,232054,13549222600,941290,964490,6104,5524,5814,5820,0,5822,0,0,0,2017-04-24,32485754,5854,190,0,0,0,0,0,0,0,0,5856,54,0,0,0,0,0,0,0,0
171,2017-04-24,09:01:26,220,y1709,XDCE,5854,5816,5862,232054,13549222600,941290,964490,6104,5524,5814,5820,0,5822,0,0,0,2017-04-24,32486220,5854,192,0,0,0,0,0,0,0,0,5856,57,0,0,0,0,0,0,0,0
172,2017-04-24,09:01:26,671,y1709,XDCE,5854,5816,5862,232068,13550042160,941284,964490,6104,5524,5814,5820,0,5822,0,0,0,2017-04-24,32486671,5854,176,0,0,0,0,0,0,0,0,5856,107,0,0,0,0,0,0,0,0
173,2017-04-24,09:01:27,262,y1709,XDCE,5854,5816,5862,232072,13550276320,941282,964490,6104,5524,5814,5820,0,5822,0,0,0,2017-04-24,32487262,5854,156,0,0,0,0,0,0,0,0,5856,118,0,0,0,0,0,0,0,0
174,2017-04-24,09:01:27,727,y1709,XDCE,5854,5816,5862,232086,13551095960,941274,964490,6104,5524,5814,5820,0,5822,0,0,0,2017-04-24,32487727,5854,148,0,0,0,0,0,0,0,0,5856,121,0,0,0,0,0,0,0,0
175,2017-04-24,09:01:28,242,y1709,XDCE,5854,5816,5862,232148,13554725440,941284,964490,6104,5524,5814,5820,0,5822,0,0,0,2017-04-24,32488242,5854,18,0,0,0,0,0,0,0,0,5856,132,0,0,0,0,0,0,0,0
176,2017-04-24,09:01:28,679,y1709,XDCE,5854,5816,5862,232188,13557067000,941294,964490,6104,5524,5814,5820,0,5822,0,0,0,2017-04-24,32488679,5852,155,0,0,0,0,0,0,0,0,5854,68,0,0,0,0,0,0,0,0
177,2017-04-24,09:01:29,258,y1709,XDCE,5854,5816,5862,232190,13557184080,941294,964490,6104,5524,5814,5820,0,5822,0,0,0,2017-04-24,32489258,5852,204,0,0,0,0,0,0,0,0,5854,85,0,0,0,0,0,0,0,0
178,2017-04-24,09:01:29,742,y1709,XDCE,5854,5816,5862,232190,13557184080,941294,964490,6104,5524,5814,5820,0,5822,0,0,0,2017-04-24,32489742,5852,204,0,0,0,0,0,0,0,0,5854,84,0,0,0,0,0,0,0,0
179,2017-04-24,09:01:30,234,y1709,XDCE,5852,5816,5862,232380,13568304880,941370,964490,6104,5524,5814,5820,0,5822,0,0,0,2017-04-24,32490234,5852,160,0,0,0,0,0,0,0,0,5854,41,0,0,0,0,0,0,0,0
180,2017-04-24,09:01:30,749,y1709,XDCE,5852,5816,5862,232458,13572870960,941336,964490,6104,5524,5814,5820,0,5822,0,0,0,2017-04-24,32490749,5852,127,0,0,0,0,0,0,0,0,5854,17,0,0,0,0,0,0,0,0
181,2017-04-24,09:01:31,205,y1709,XDCE,5852,5816,5862,232538,13577553400,941294,964490,6104,5524,5814,5820,0,5822,0,0,0,2017-04-24,32491205,5852,130,0,0,0,0,0,0,0,0,5854,12,0,0,0,0,0,0,0,0
182,2017-04-24,09:01:31,706,y1709,XDCE,5852,5816,5862,232544,13577904520,941290,964490,6104,5524,5814,5820,0,5822,0,0,0,2017-04-24,32491706,5852,129,0,0,0,0,0,0,0,0,5854,40,0,0,0,0,0,0,0,0
183,2017-04-24,09:01:32,252,y1709,XDCE,5854,5816,5862,232610,13581766880,941238,964490,6104,5524,5814,5820,0,5822,0,0,0,2017-04-24,32492252,5850,156,0,0,0,0,0,0,0,0,5854,95,0,0,0,0,0,0,0,0
184,2017-04-24,09:01:32,759,y1709,XDCE,5854,5816,5862,232612,13581883960,941238,964490,6104,5524,5814,5820,0,5822,0,0,0,2017-04-24,32492759,5850,157,0,0,0,0,0,0,0,0,5854,115,0,0,0,0,0,0,0,0
185,2017-04-24,09:01:33,211,y1709,XDCE,5854,5816,5862,232614,13582001040,941238,964490,6104,5524,5814,5820,0,5822,0,0,0,2017-04-24,32493211,5852,124,0,0,0,0,0,0,0,0,5854,71,0,0,0,0,0,0,0,0
186,2017-04-24,09:01:33,695,y1709,XDCE,5852,5816,5862,232622,13582469200,941230,964490,6104,5524,5814,5820,0,5822,0,0,0,2017-04-24,32493695,5852,150,0,0,0,0,0,0,0,0,5854,51,0,0,0,0,0,0,0,0
187,2017-04-24,09:01:34,261,y1709,XDCE,5854,5816,5862,232626,13582703360,941234,964490,6104,5524,5814,5820,0,5822,0,0,0,2017-04-24,32494261,5852,150,0,0,0,0,0,0,0,0,5854,42,0,0,0,0,0,0,0,0
188,2017-04-24,09:01:34,699,y1709,XDCE,5852,5816,5862,232640,13583522680,941224,964490,6104,5524,5814,5820,0,5822,0,0,0,2017-04-24,32494699,5852,154,0,0,0,0,0,0,0,0,5854,54,0,0,0,0,0,0,0,0
189,2017-04-24,09:01:35,246,y1709,XDCE,5854,5816,5862,232648,13583990920,941224,964490,6104,5524,5814,5820,0,5822,0,0,0,2017-04-24,32495246,5852,164,0,0,0,0,0,0,0,0,5854,55,0,0,0,0,0,0,0,0
190,2017-04-24,09:01:35,745,y1709,XDCE,5854,5816,5862,232680,13585863880,941222,964490,6104,5524,5814,5820,0,5822,0,0,0,2017-04-24,32495745,5852,157,0,0,0,0,0,0,0,0,5854,57,0,0,0,0,0,0,0,0
191,2017-04-24,09:01:36,169,y1709,XDCE,5852,5816,5862,232726,13588555800,941188,964490,6104,5524,5814,5820,0,5822,0,0,0,2017-04-24,32496169,5852,117,0,0,0,0,0,0,0,0,5854,92,0,0,0,0,0,0,0,0
192,2017-04-24,09:01:36,758,y1709,XDCE,5852,5816,5862,232740,13589375080,941176,964490,6104,5524,5814,5820,0,5822,0,0,0,2017-04-24,32496758,5852,130,0,0,0,0,0,0,0,0,5854,101,0,0,0,0,0,0,0,0
193,2017-04-24,09:01:37,222,y1709,XDCE,5854,5816,5862,232798,13592769720,941228,964490,6104,5524,5814,5820,0,5822,0,0,0,2017-04-24,32497222,5852,118,0,0,0,0,0,0,0,0,5854,101,0,0,0,0,0,0,0,0
194,2017-04-24,09:01:37,744,y1709,XDCE,5854,5816,5862,232832,13594760000,941218,964490,6104,5524,5814,5820,0,5822,0,0,0,2017-04-24,32497744,5852,125,0,0,0,0,0,0,0,0,5854,82,0,0,0,0,0,0,0,0
195,2017-04-24,09:01:38,192,y1709,XDCE,5852,5816,5862,232840,13595228160,941226,964490,6104,5524,5814,5820,0,5822,0,0,0,2017-04-24,32498192,5852,144,0,0,0,0,0,0,0,0,5854,78,0,0,0,0,0,0,0,0
196,2017-04-24,09:01:38,749,y1709,XDCE,5852,5816,5862,232844,13595462240,941226,964490,6104,5524,5814,5820,0,5822,0,0,0,2017-04-24,32498749,5852,145,0,0,0,0,0,0,0,0,5854,79,0,0,0,0,0,0,0,0
197,2017-04-24,09:01:39,258,y1709,XDCE,5854,5816,5862,232866,13596750080,941226,964490,6104,5524,5814,5820,0,5822,0,0,0,2017-04-24,32499258,5852,145,0,0,0,0,0,0,0,0,5854,71,0,0,0,0,0,0,0,0
198,2017-04-24,09:01:39,706,y1709,XDCE,5852,5816,5862,232886,13597920520,941244,964490,6104,5524,5814,5820,0,5822,0,0,0,2017-04-24,32499706,5852,138,0,0,0,0,0,0,0,0,5854,71,0,0,0,0,0,0,0,0
199,2017-04-24,09:01:40,208,y1709,XDCE,5852,5816,5862,232996,13604357720,941188,964490,6104,5524,5814,5820,0,5822,0,0,0,2017-04-24,32500208,5850,176,0,0,0,0,0,0,0,0,5854,87,0,0,0,0,0,0,0,0
200,2017-04-24,09:01:40,739,y1709,XDCE,5854,5816,5862,233680,13644409120,940666,964490,6104,5524,5814,5820,0,5822,0,0,0,2017-04-24,32500739,5854,26,0,0,0,0,0,0,0,0,5856,36,0,0,0,0,0,0,0,0
201,2017-04-24,09:01:41,254,y1709,XDCE,5854,5816,5862,233720,13646750720,940676,964490,6104,5524,5814,5820,0,5822,0,0,0,2017-04-24,32501254,5854,34,0,0,0,0,0,0,0,0,5856,53,0,0,0,0,0,0,0,0
202,2017-04-24,09:01:41,720,y1709,XDCE,5854,5816,5862,233720,13646750720,940676,964490,6104,5524,5814,5820,0,5822,0,0,0,2017-04-24,32501720,5854,39,0,0,0,0,0,0,0,0,5856,53,0,0,0,0,0,0,0,0
203,2017-04-24,09:01:42,181,y1709,XDCE,5856,5816,5862,233726,13647102080,940676,964490,6104,5524,5814,5820,0,5822,0,0,0,2017-04-24,32502181,5854,48,0,0,0,0,0,0,0,0,5856,57,0,0,0,0,0,0,0,0
204,2017-04-24,09:01:42,763,y1709,XDCE,5854,5816,5862,233732,13647453320,940672,964490,6104,5524,5814,5820,0,5822,0,0,0,2017-04-24,32502763,5854,46,0,0,0,0,0,0,0,0,5856,54,0,0,0,0,0,0,0,0
205,2017-04-24,09:01:43,243,y1709,XDCE,5854,5816,5862,233772,13649795640,940652,964490,6104,5524,5814,5820,0,5822,0,0,0,2017-04-24,32503243,5854,45,0,0,0,0,0,0,0,0,5856,58,0,0,0,0,0,0,0,0
206,2017-04-24,09:01:43,741,y1709,XDCE,5854,5816,5862,233786,13650615240,940648,964490,6104,5524,5814,5820,0,5822,0,0,0,2017-04-24,32503741,5854,44,0,0,0,0,0,0,0,0,5856,58,0,0,0,0,0,0,0,0
207,2017-04-24,09:01:44,230,y1709,XDCE,5856,5816,5862,233832,13653308160,940632,964490,6104,5524,5814,5820,0,5822,0,0,0,2017-04-24,32504230,5854,21,0,0,0,0,0,0,0,0,5856,60,0,0,0,0,0,0,0,0
208,2017-04-24,09:01:44,737,y1709,XDCE,5856,5816,5862,233836,13653542360,940632,964490,6104,5524,5814,5820,0,5822,0,0,0,2017-04-24,32504737,5854,74,0,0,0,0,0,0,0,0,5856,117,0,0,0,0,0,0,0,0
209,2017-04-24,09:01:45,242,y1709,XDCE,5856,5816,5862,233862,13655064880,940640,964490,6104,5524,5814,5820,0,5822,0,0,0,2017-04-24,32505242,5854,67,0,0,0,0,0,0,0,0,5856,107,0,0,0,0,0,0,0,0
210,2017-04-24,09:01:45,711,y1709,XDCE,5854,5816,5862,233868,13655416160,940640,964490,6104,5524,5814,5820,0,5822,0,0,0,2017-04-24,32505711,5854,23,0,0,0,0,0,0,0,0,5856,117,0,0,0,0,0,0,0,0
211,2017-04-24,09:01:46,260,y1709,XDCE,5856,5816,5862,233870,13655533280,940640,964490,6104,5524,5814,5820,0,5822,0,0,0,2017-04-24,32506260,5854,30,0,0,0,0,0,0,0,0,5856,122,0,0,0,0,0,0,0,0
212,2017-04-24,09:01:46,659,y1709,XDCE,5854,5816,5862,233874,13655767440,940636,964490,6104,5524,5814,5820,0,5822,0,0,0,2017-04-24,32506659,5854,24,0,0,0,0,0,0,0,0,5856,123,0,0,0,0,0,0,0,0
213,2017-04-24,09:01:47,261,y1709,XDCE,5856,5816,5862,233906,13657641280,940648,964490,6104,5524,5814,5820,0,5822,0,0,0,2017-04-24,32507261,5854,26,0,0,0,0,0,0,0,0,5856,108,0,0,0,0,0,0,0,0
214,2017-04-24,09:01:47,704,y1709,XDCE,5854,5816,5862,233962,13660919920,940690,964490,6104,5524,5814,5820,0,5822,0,0,0,2017-04-24,32507704,5854,9,0,0,0,0,0,0,0,0,5856,109,0,0,0,0,0,0,0,0
215,2017-04-24,09:01:48,227,y1709,XDCE,5854,5816,5862,233964,13661037000,940690,964490,6104,5524,5814,5820,0,5822,0,0,0,2017-04-24,32508227,5854,15,0,0,0,0,0,0,0,0,5856,108,0,0,0,0,0,0,0,0
216,2017-04-24,09:01:48,669,y1709,XDCE,5854,5816,5862,234000,13663144440,940662,964490,6104,5524,5814,5820,0,5822,0,0,0,2017-04-24,32508669,5852,146,0,0,0,0,0,0,0,0,5854,13,0,0,0,0,0,0,0,0
217,2017-04-24,09:01:49,252,y1709,XDCE,5856,5816,5862,234042,13665603320,940658,964490,6104,5524,5814,5820,0,5822,0,0,0,2017-04-24,32509252,5854,27,0,0,0,0,0,0,0,0,5856,121,0,0,0,0,0,0,0,0
218,2017-04-24,09:01:49,736,y1709,XDCE,5856,5816,5862,234050,13666071800,940664,964490,6104,5524,5814,5820,0,5822,0,0,0,2017-04-24,32509736,5854,53,0,0,0,0,0,0,0,0,5856,208,0,0,0,0,0,0,0,0
219,2017-04-24,09:01:50,169,y1709,XDCE,5854,5816,5862,234056,13666423040,940664,964490,6104,5524,5814,5820,0,5822,0,0,0,2017-04-24,32510169,5854,127,0,0,0,0,0,0,0,0,5856,210,0,0,0,0,0,0,0,0
220,2017-04-24,09:01:50,691,y1709,XDCE,5856,5816,5862,234060,13666657280,940664,964490,6104,5524,5814,5820,0,5822,0,0,0,2017-04-24,32510691,5854,143,0,0,0,0,0,0,0,0,5856,180,0,0,0,0,0,0,0,0
221,2017-04-24,09:01:51,239,y1709,XDCE,5854,5816,5862,234062,13666774360,940666,964490,6104,5524,5814,5820,0,5822,0,0,0,2017-04-24,32511239,5854,142,0,0,0,0,0,0,0,0,5856,183,0,0,0,0,0,0,0,0
222,2017-04-24,09:01:51,758,y1709,XDCE,5854,5816,5862,234124,13670405000,940666,964490,6104,5524,5814,5820,0,5822,0,0,0,2017-04-24,32511758,5854,124,0,0,0,0,0,0,0,0,5856,163,0,0,0,0,0,0,0,0
223,2017-04-24,09:01:52,258,y1709,XDCE,5854,5816,5862,234142,13671458720,940664,964490,6104,5524,5814,5820,0,5822,0,0,0,2017-04-24,32512258,5854,128,0,0,0,0,0,0,0,0,5856,163,0,0,0,0,0,0,0,0
224,2017-04-24,09:01:52,677,y1709,XDCE,5854,5816,5862,234142,13671458720,940664,964490,6104,5524,5814,5820,0,5822,0,0,0,2017-04-24,32512677,5854,128,0,0,0,0,0,0,0,0,5856,154,0,0,0,0,0,0,0,0
225,2017-04-24,09:01:53,204,y1709,XDCE,5854,5816,5862,234158,13672395360,940680,964490,6104,5524,5814,5820,0,5822,0,0,0,2017-04-24,32513204,5854,125,0,0,0,0,0,0,0,0,5856,167,0,0,0,0,0,0,0,0
226,2017-04-24,09:01:53,682,y1709,XDCE,5854,5816,5862,234292,13680239720,940658,964490,6104,5524,5814,5820,0,5822,0,0,0,2017-04-24,32513682,5852,92,0,0,0,0,0,0,0,0,5856,187,0,0,0,0,0,0,0,0
227,2017-04-24,09:01:54,206,y1709,XDCE,5854,5816,5862,234292,13680239720,940658,964490,6104,5524,5814,5820,0,5822,0,0,0,2017-04-24,32514206,5854,64,0,0,0,0,0,0,0,0,5856,193,0,0,0,0,0,0,0,0
228,2017-04-24,09:01:54,760,y1709,XDCE,5856,5816,5862,234326,13682230120,940628,964490,6104,5524,5814,5820,0,5822,0,0,0,2017-04-24,32514760,5854,50,0,0,0,0,0,0,0,0,5856,187,0,0,0,0,0,0,0,0
229,2017-04-24,09:01:55,240,y1709,XDCE,5856,5816,5862,234328,13682347240,940628,964490,6104,5524,5814,5820,0,5822,0,0,0,2017-04-24,32515240,5854,50,0,0,0,0,0,0,0,0,5856,189,0,0,0,0,0,0,0,0
230,2017-04-24,09:01:55,763,y1709,XDCE,5856,5816,5862,234330,13682464360,940628,964490,6104,5524,5814,5820,0,5822,0,0,0,2017-04-24,32515763,5854,80,0,0,0,0,0,0,0,0,5856,188,0,0,0,0,0,0,0,0
231,2017-04-24,09:01:56,168,y1709,XDCE,5854,5816,5862,234340,13683049920,940624,964490,6104,5524,5814,5820,0,5822,0,0,0,2017-04-24,32516168,5854,115,0,0,0,0,0,0,0,0,5856,160,0,0,0,0,0,0,0,0
232,2017-04-24,09:01:56,741,y1709,XDCE,5854,5816,5862,234340,13683049920,940624,964490,6104,5524,5814,5820,0,5822,0,0,0,2017-04-24,32516741,5854,117,0,0,0,0,0,0,0,0,5856,157,0,0,0,0,0,0,0,0
233,2017-04-24,09:01:57,197,y1709,XDCE,5854,5816,5862,234346,13683401240,940624,964490,6104,5524,5814,5820,0,5822,0,0,0,2017-04-24,32517197,5854,118,0,0,0,0,0,0,0,0,5856,162,0,0,0,0,0,0,0,0
234,2017-04-24,09:01:57,747,y1709,XDCE,5854,5816,5862,234350,13683635400,940624,964490,6104,5524,5814,5820,0,5822,0,0,0,2017-04-24,32517747,5854,112,0,0,0,0,0,0,0,0,5856,186,0,0,0,0,0,0,0,0
235,2017-04-24,09:01:58,220,y1709,XDCE,5854,5816,5862,234350,13683635400,940624,964490,6104,5524,5814,5820,0,5822,0,0,0,2017-04-24,32518220,5854,81,0,0,0,0,0,0,0,0,5856,299,0,0,0,0,0,0,0,0
236,2017-04-24,09:01:58,755,y1709,XDCE,5856,5816,5862,234354,13683869640,940624,964490,6104,5524,5814,5820,0,5822,0,0,0,2017-04-24,32518755,5854,81,0,0,0,0,0,0,0,0,5856,298,0,0,0,0,0,0,0,0
237,2017-04-24,09:01:59,164,y1709,XDCE,5856,5816,5862,234366,13684572160,940626,964490,6104,5524,5814,5820,0,5822,0,0,0,2017-04-24,32519164,5854,77,0,0,0,0,0,0,0,0,5856,309,0,0,0,0,0,0,0,0
238,2017-04-24,09:01:59,733,y1709,XDCE,5854,5816,5862,234368,13684689240,940626,964490,6104,5524,5814,5820,0,5822,0,0,0,2017-04-24,32519733,5854,76,0,0,0,0,0,0,0,0,5856,310,0,0,0,0,0,0,0,0
239,2017-04-24,09:02:00,252,y1709,XDCE,5854,5816,5862,234370,13684806320,940626,964490,6104,5524,5814,5820,0,5822,0,0,0,2017-04-24,32520252,5854,75,0,0,0,0,0,0,0,0,5856,311,0,0,0,0,0,0,0,0
240,2017-04-24,09:02:00,722,y1709,XDCE,5856,5816,5862,234386,13685743240,940616,964490,6104,5524,5814,5820,0,5822,0,0,0,2017-04-24,32520722,5854,74,0,0,0,0,0,0,0,0,5856,321,0,0,0,0,0,0,0,0
241,2017-04-24,09:02:01,138,y1709,XDCE,5854,5816,5862,234434,13688553160,940652,964490,6104,5524,5814,5820,0,5822,0,0,0,2017-04-24,32521138,5854,56,0,0,0,0,0,0,0,0,5856,317,0,0,0,0,0,0,0,0
242,2017-04-24,09:02:01,591,y1709,XDCE,5856,5816,5862,234436,13688670280,940650,964490,6104,5524,5814,5820,0,5822,0,0,0,2017-04-24,32521591,5854,56,0,0,0,0,0,0,0,0,5856,316,0,0,0,0,0,0,0,0
243,2017-04-24,09:02:02,252,y1709,XDCE,5854,5816,5862,234458,13689958360,940646,964490,6104,5524,5814,5820,0,5822,0,0,0,2017-04-24,32522252,5854,51,0,0,0,0,0,0,0,0,5856,313,0,0,0,0,0,0,0,0
244,2017-04-24,09:02:02,752,y1709,XDCE,5856,5816,5862,234460,13690075480,940644,964490,6104,5524,5814,5820,0,5822,0,0,0,2017-04-24,32522752,5854,53,0,0,0,0,0,0,0,0,5856,312,0,0,0,0,0,0,0,0
245,2017-04-24,09:02:03,220,y1709,XDCE,5856,5816,5862,234462,13690192600,940644,964490,6104,5524,5814,5820,0,5822,0,0,0,2017-04-24,32523220,5854,53,0,0,0,0,0,0,0,0,5856,312,0,0,0,0,0,0,0,0
246,2017-04-24,09:02:03,741,y1709,XDCE,5854,5816,5862,234464,13690309680,940644,964490,6104,5524,5814,5820,0,5822,0,0,0,2017-04-24,32523741,5854,53,0,0,0,0,0,0,0,0,5856,312,0,0,0,0,0,0,0,0
247,2017-04-24,09:02:04,175,y1709,XDCE,5854,5816,5862,234486,13691597680,940644,964490,6104,5524,5814,5820,0,5822,0,0,0,2017-04-24,32524175,5852,104,0,0,0,0,0,0,0,0,5856,301,0,0,0,0,0,0,0,0
248,2017-04-24,09:02:04,706,y1709,XDCE,5854,5816,5862,234486,13691597680,940644,964490,6104,5524,5814,5820,0,5822,0,0,0,2017-04-24,32524706,5854,203,0,0,0,0,0,0,0,0,5856,304,0,0,0,0,0,0,0,0
249,2017-04-24,09:02:05,245,y1709,XDCE,5856,5816,5862,234488,13691714800,940646,964490,6104,5524,5814,5820,0,5822,0,0,0,2017-04-24,32525245,5854,217,0,0,0,0,0,0,0,0,5856,290,0,0,0,0,0,0,0,0
250,2017-04-24,09:02:05,692,y1709,XDCE,5854,5816,5862,234510,13693002680,940648,964490,6104,5524,5814,5820,0,5822,0,0,0,2017-04-24,32525692,5854,206,0,0,0,0,0,0,0,0,5856,290,0,0,0,0,0,0,0,0
251,2017-04-24,09:02:06,238,y1709,XDCE,5854,5816,5862,234544,13694993040,940676,964490,6104,5524,5814,5820,0,5822,0,0,0,2017-04-24,32526238,5854,199,0,0,0,0,0,0,0,0,5856,290,0,0,0,0,0,0,0,0
252,2017-04-24,09:02:06,716,y1709,XDCE,5856,5816,5862,234546,13695110160,940676,964490,6104,5524,5814,5820,0,5822,0,0,0,2017-04-24,32526716,5854,201,0,0,0,0,0,0,0,0,5856,289,0,0,0,0,0,0,0,0
253,2017-04-24,09:02:07,233,y1709,XDCE,5854,5816,5862,234550,13695344320,940678,964490,6104,5524,5814,5820,0,5822,0,0,0,2017-04-24,32527233,5854,204,0,0,0,0,0,0,0,0,5856,289,0,0,0,0,0,0,0,0
254,2017-04-24,09:02:07,708,y1709,XDCE,5856,5816,5862,234560,13695929920,940686,964490,6104,5524,5814,5820,0,5822,0,0,0,2017-04-24,32527708,5854,208,0,0,0,0,0,0,0,0,5856,284,0,0,0,0,0,0,0,0
255,2017-04-24,09:02:08,219,y1709,XDCE,5856,5816,5862,234568,13696398400,940686,964490,6104,5524,5814,5820,0,5822,0,0,0,2017-04-24,32528219,5854,208,0,0,0,0,0,0,0,0,5856,282,0,0,0,0,0,0,0,0
256,2017-04-24,09:02:08,429,y1709,XDCE,5854,5816,5862,234570,13696515480,940688,964490,6104,5524,5814,5820,0,5822,0,0,0,2017-04-24,32528429,5854,207,0,0,0,0,0,0,0,0,5856,282,0,0,0,0,0,0,0,0
257,2017-04-24,09:02:09,246,y1709,XDCE,5854,5816,5862,234608,13698740280,940710,964490,6104,5524,5814,5820,0,5822,0,0,0,2017-04-24,32529246,5854,198,0,0,0,0,0,0,0,0,5856,282,0,0,0,0,0,0,0,0
258,2017-04-24,09:02:09,758,y1709,XDCE,5854,5816,5862,234612,13698974440,940710,964490,6104,5524,5814,5820,0,5822,0,0,0,2017-04-24,32529758,5854,196,0,0,0,0,0,0,0,0,5856,283,0,0,0,0,0,0,0,0
259,2017-04-24,09:02:10,216,y1709,XDCE,5854,5816,5862,234616,13699208600,940710,964490,6104,5524,5814,5820,0,5822,0,0,0,2017-04-24,32530216,5854,194,0,0,0,0,0,0,0,0,5856,283,0,0,0,0,0,0,0,0
260,2017-04-24,09:02:10,672,y1709,XDCE,5854,5816,5862,234616,13699208600,940710,964490,6104,5524,5814,5820,0,5822,0,0,0,2017-04-24,32530672,5854,189,0,0,0,0,0,0,0,0,5856,283,0,0,0,0,0,0,0,0
261,2017-04-24,09:02:11,226,y1709,XDCE,5854,5816,5862,234616,13699208600,940710,964490,6104,5524,5814,5820,0,5822,0,0,0,2017-04-24,32531226,5854,190,0,0,0,0,0,0,0,0,5856,296,0,0,0,0,0,0,0,0
262,2017-04-24,09:02:11,673,y1709,XDCE,5854,5816,5862,234638,13700496480,940712,964490,6104,5524,5814,5820,0,5822,0,0,0,2017-04-24,32531673,5854,158,0,0,0,0,0,0,0,0,5856,297,0,0,0,0,0,0,0,0
263,2017-04-24,09:02:12,222,y1709,XDCE,5854,5816,5862,234678,13702838520,940730,964490,6104,5524,5814,5820,0,5822,0,0,0,2017-04-24,32532222,5854,154,0,0,0,0,0,0,0,0,5856,306,0,0,0,0,0,0,0,0
264,2017-04-24,09:02:12,731,y1709,XDCE,5854,5816,5862,234686,13703306960,940730,964490,6104,5524,5814,5820,0,5822,0,0,0,2017-04-24,32532731,5854,154,0,0,0,0,0,0,0,0,5856,303,0,0,0,0,0,0,0,0
265,2017-04-24,09:02:13,252,y1709,XDCE,5854,5816,5862,234690,13703541160,940730,964490,6104,5524,5814,5820,0,5822,0,0,0,2017-04-24,32533252,5854,153,0,0,0,0,0,0,0,0,5856,302,0,0,0,0,0,0,0,0
266,2017-04-24,09:02:13,732,y1709,XDCE,5854,5816,5862,234690,13703541160,940730,964490,6104,5524,5814,5820,0,5822,0,0,0,2017-04-24,32533732,5854,155,0,0,0,0,0,0,0,0,5856,304,0,0,0,0,0,0,0,0
267,2017-04-24,09:02:14,251,y1709,XDCE,5856,5816,5862,234694,13703775360,940730,964490,6104,5524,5814,5820,0,5822,0,0,0,2017-04-24,32534251,5854,154,0,0,0,0,0,0,0,0,5856,316,0,0,0,0,0,0,0,0
268,2017-04-24,09:02:14,711,y1709,XDCE,5856,5816,5862,234694,13703775360,940730,964490,6104,5524,5814,5820,0,5822,0,0,0,2017-04-24,32534711,5854,154,0,0,0,0,0,0,0,0,5856,316,0,0,0,0,0,0,0,0
269,2017-04-24,09:02:15,201,y1709,XDCE,5856,5816,5862,234848,13712792560,940632,964490,6104,5524,5814,5820,0,5822,0,0,0,2017-04-24,32535201,5854,128,0,0,0,0,0,0,0,0,5856,277,0,0,0,0,0,0,0,0
270,2017-04-24,09:02:15,709,y1709,XDCE,5854,5816,5862,234860,13713495080,940632,964490,6104,5524,5814,5820,0,5822,0,0,0,2017-04-24,32535709,5854,124,0,0,0,0,0,0,0,0,5856,278,0,0,0,0,0,0,0,0
271,2017-04-24,09:02:16,755,y1709,XDCE,5854,5816,5862,234866,13713846360,940632,964490,6104,5524,5814,5820,0,5822,0,0,0,2017-04-24,32536755,5854,124,0,0,0,0,0,0,0,0,5856,278,0,0,0,0,0,0,0,0
272,2017-04-24,09:02:17,217,y1709,XDCE,5854,5816,5862,234868,13713963440,940632,964490,6104,5524,5814,5820,0,5822,0,0,0,2017-04-24,32537217,5854,123,0,0,0,0,0,0,0,0,5856,281,0,0,0,0,0,0,0,0
273,2017-04-24,09:02:17,752,y1709,XDCE,5854,5816,5862,234870,13714080520,940632,964490,6104,5524,5814,5820,0,5822,0,0,0,2017-04-24,32537752,5854,122,0,0,0,0,0,0,0,0,5856,271,0,0,0,0,0,0,0,0
274,2017-04-24,09:02:18,221,y1709,XDCE,5854,5816,5862,234870,13714080520,940632,964490,6104,5524,5814,5820,0,5822,0,0,0,2017-04-24,32538221,5854,124,0,0,0,0,0,0,0,0,5856,270,0,0,0,0,0,0,0,0
275,2017-04-24,09:02:18,751,y1709,XDCE,5854,5816,5862,234872,13714197600,940632,964490,6104,5524,5814,5820,0,5822,0,0,0,2017-04-24,32538751,5854,124,0,0,0,0,0,0,0,0,5856,271,0,0,0,0,0,0,0,0
276,2017-04-24,09:02:19,224,y1709,XDCE,5854,5816,5862,234878,13714548840,940632,964490,6104,5524,5814,5820,0,5822,0,0,0,2017-04-24,32539224,5854,124,0,0,0,0,0,0,0,0,5856,272,0,0,0,0,0,0,0,0
277,2017-04-24,09:02:19,648,y1709,XDCE,5854,5816,5862,234878,13714548840,940632,964490,6104,5524,5814,5820,0,5822,0,0,0,2017-04-24,32539648,5854,125,0,0,0,0,0,0,0,0,5856,270,0,0,0,0,0,0,0,0
278,2017-04-24,09:02:20,240,y1709,XDCE,5856,5816,5862,234880,13714665960,940632,964490,6104,5524,5814,5820,0,5822,0,0,0,2017-04-24,32540240,5854,125,0,0,0,0,0,0,0,0,5856,269,0,0,0,0,0,0,0,0
279,2017-04-24,09:02:20,752,y1709,XDCE,5856,5816,5862,234880,13714665960,940632,964490,6104,5524,5814,5820,0,5822,0,0,0,2017-04-24,32540752,5854,126,0,0,0,0,0,0,0,0,5856,269,0,0,0,0,0,0,0,0
280,2017-04-24,09:02:21,253,y1709,XDCE,5854,5816,5862,234882,13714783040,940634,964490,6104,5524,5814,5820,0,5822,0,0,0,2017-04-24,32541253,5854,125,0,0,0,0,0,0,0,0,5856,269,0,0,0,0,0,0,0,0
281,2017-04-24,09:02:22,198,y1709,XDCE,5854,5816,5862,235200,13733399040,940746,964490,6104,5524,5814,5820,0,5822,0,0,0,2017-04-24,32542198,5852,122,0,0,0,0,0,0,0,0,5856,275,0,0,0,0,0,0,0,0
282,2017-04-24,09:02:22,677,y1709,XDCE,5854,5816,5862,235234,13735389400,940728,964490,6104,5524,5814,5820,0,5822,0,0,0,2017-04-24,32542677,5852,100,0,0,0,0,0,0,0,0,5854,132,0,0,0,0,0,0,0,0
283,2017-04-24,09:02:23,263,y1709,XDCE,5854,5816,5862,235240,13735740640,940728,964490,6104,5524,5814,5820,0,5822,0,0,0,2017-04-24,32543263,5852,41,0,0,0,0,0,0,0,0,5854,162,0,0,0,0,0,0,0,0
284,2017-04-24,09:02:23,714,y1709,XDCE,5854,5816,5862,235242,13735857720,940730,964490,6104,5524,5814,5820,0,5822,0,0,0,2017-04-24,32543714,5852,41,0,0,0,0,0,0,0,0,5854,197,0,0,0,0,0,0,0,0
285,2017-04-24,09:02:24,172,y1709,XDCE,5854,5816,5862,235248,13736208960,940730,964490,6104,5524,5814,5820,0,5822,0,0,0,2017-04-24,32544172,5852,41,0,0,0,0,0,0,0,0,5854,200,0,0,0,0,0,0,0,0
286,2017-04-24,09:02:24,668,y1709,XDCE,5854,5816,5862,235248,13736208960,940730,964490,6104,5524,5814,5820,0,5822,0,0,0,2017-04-24,32544668,5852,41,0,0,0,0,0,0,0,0,5854,194,0,0,0,0,0,0,0,0
287,2017-04-24,09:02:25,169,y1709,XDCE,5852,5816,5862,235256,13736677120,940728,964490,6104,5524,5814,5820,0,5822,0,0,0,2017-04-24,32545169,5852,37,0,0,0,0,0,0,0,0,5854,194,0,0,0,0,0,0,0,0
288,2017-04-24,09:02:25,720,y1709,XDCE,5854,5816,5862,235258,13736794200,940728,964490,6104,5524,5814,5820,0,5822,0,0,0,2017-04-24,32545720,5852,37,0,0,0,0,0,0,0,0,5854,196,0,0,0,0,0,0,0,0
289,2017-04-24,09:02:26,190,y1709,XDCE,5854,5816,5862,235266,13737262480,940728,964490,6104,5524,5814,5820,0,5822,0,0,0,2017-04-24,32546190,5852,36,0,0,0,0,0,0,0,0,5854,193,0,0,0,0,0,0,0,0
290,2017-04-24,09:02:26,706,y1709,XDCE,5852,5816,5862,235336,13741358920,940718,964490,6104,5524,5814,5820,0,5822,0,0,0,2017-04-24,32546706,5852,4,0,0,0,0,0,0,0,0,5854,192,0,0,0,0,0,0,0,0
291,2017-04-24,09:02:27,262,y1709,XDCE,5852,5816,5862,235342,13741710040,940724,964490,6104,5524,5814,5820,0,5822,0,0,0,2017-04-24,32547262,5852,1,0,0,0,0,0,0,0,0,5854,198,0,0,0,0,0,0,0,0
292,2017-04-24,09:02:27,734,y1709,XDCE,5852,5816,5862,235356,13742529160,940728,964490,6104,5524,5814,5820,0,5822,0,0,0,2017-04-24,32547734,5850,198,0,0,0,0,0,0,0,0,5852,3,0,0,0,0,0,0,0,0
293,2017-04-24,09:02:28,262,y1709,XDCE,5852,5816,5862,235376,13743699560,940720,964490,6104,5524,5814,5820,0,5822,0,0,0,2017-04-24,32548262,5852,5,0,0,0,0,0,0,0,0,5854,194,0,0,0,0,0,0,0,0
294,2017-04-24,09:02:28,684,y1709,XDCE,5852,5816,5862,235402,13745221080,940698,964490,6104,5524,5814,5820,0,5822,0,0,0,2017-04-24,32548684,5852,9,0,0,0,0,0,0,0,0,5854,191,0,0,0,0,0,0,0,0
295,2017-04-24,09:02:29,210,y1709,XDCE,5852,5816,5862,235404,13745338120,940698,964490,6104,5524,5814,5820,0,5822,0,0,0,2017-04-24,32549210,5852,8,0,0,0,0,0,0,0,0,5854,191,0,0,0,0,0,0,0,0
296,2017-04-24,09:02:29,694,y1709,XDCE,5852,5816,5862,235414,13745923320,940694,964490,6104,5524,5814,5820,0,5822,0,0,0,2017-04-24,32549694,5852,3,0,0,0,0,0,0,0,0,5854,192,0,0,0,0,0,0,0,0
297,2017-04-24,09:02:30,228,y1709,XDCE,5854,5816,5862,235456,13748382000,940700,964490,6104,5524,5814,5820,0,5822,0,0,0,2017-04-24,32550228,5852,46,0,0,0,0,0,0,0,0,5854,165,0,0,0,0,0,0,0,0
298,2017-04-24,09:02:30,750,y1709,XDCE,5852,5816,5862,235458,13748499040,940698,964490,6104,5524,5814,5820,0,5822,0,0,0,2017-04-24,32550750,5852,45,0,0,0,0,0,0,0,0,5854,161,0,0,0,0,0,0,0,0
299,2017-04-24,09:02:31,241,y1709,XDCE,5854,5816,5862,235462,13748733160,940696,964490,6104,5524,5814,5820,0,5822,0,0,0,2017-04-24,32551241,5852,62,0,0,0,0,0,0,0,0,5854,150,0,0,0,0,0,0,0,0
300,2017-04-24,09:02:31,753,y1709,XDCE,5852,5816,5862,235524,13752361400,940636,964490,6104,5524,5814,5820,0,5822,0,0,0,2017-04-24,32551753,5852,69,0,0,0,0,0,0,0,0,5854,151,0,0,0,0,0,0,0,0
301,2017-04-24,09:02:32,229,y1709,XDCE,5852,5816,5862,235524,13752361400,940636,964490,6104,5524,5814,5820,0,5822,0,0,0,2017-04-24,32552229,5852,88,0,0,0,0,0,0,0,0,5854,151,0,0,0,0,0,0,0,0
302,2017-04-24,09:02:32,684,y1709,XDCE,5852,5816,5862,235624,13758213400,940554,964490,6104,5524,5814,5820,0,5822,0,0,0,2017-04-24,32552684,5852,29,0,0,0,0,0,0,0,0,5854,167,0,0,0,0,0,0,0,0
303,2017-04-24,09:02:33,176,y1709,XDCE,5852,5816,5862,235628,13758447480,940556,964490,6104,5524,5814,5820,0,5822,0,0,0,2017-04-24,32553176,5852,26,0,0,0,0,0,0,0,0,5854,167,0,0,0,0,0,0,0,0
304,2017-04-24,09:02:33,724,y1709,XDCE,5852,5816,5862,235630,13758564520,940558,964490,6104,5524,5814,5820,0,5822,0,0,0,2017-04-24,32553724,5852,25,0,0,0,0,0,0,0,0,5854,168,0,0,0,0,0,0,0,0
305,2017-04-24,09:02:34,237,y1709,XDCE,5852,5816,5862,235630,13758564520,940558,964490,6104,5524,5814,5820,0,5822,0,0,0,2017-04-24,32554237,5852,21,0,0,0,0,0,0,0,0,5854,174,0,0,0,0,0,0,0,0
306,2017-04-24,09:02:34,729,y1709,XDCE,5852,5816,5862,235630,13758564520,940558,964490,6104,5524,5814,5820,0,5822,0,0,0,2017-04-24,32554729,5852,21,0,0,0,0,0,0,0,0,5854,176,0,0,0,0,0,0,0,0
307,2017-04-24,09:02:35,245,y1709,XDCE,5852,5816,5862,235640,13759149720,940556,964490,6104,5524,5814,5820,0,5822,0,0,0,2017-04-24,32555245,5852,19,0,0,0,0,0,0,0,0,5854,176,0,0,0,0,0,0,0,0
308,2017-04-24,09:02:35,728,y1709,XDCE,5852,5816,5862,235644,13759383840,940552,964490,6104,5524,5814,5820,0,5822,0,0,0,2017-04-24,32555728,5852,44,0,0,0,0,0,0,0,0,5854,170,0,0,0,0,0,0,0,0
309,2017-04-24,09:02:36,209,y1709,XDCE,5852,5816,5862,235652,13759852000,940546,964490,6104,5524,5814,5820,0,5822,0,0,0,2017-04-24,32556209,5852,43,0,0,0,0,0,0,0,0,5854,170,0,0,0,0,0,0,0,0
310,2017-04-24,09:02:36,687,y1709,XDCE,5852,5816,5862,235674,13761139440,940526,964490,6104,5524,5814,5820,0,5822,0,0,0,2017-04-24,32556687,5852,37,0,0,0,0,0,0,0,0,5854,175,0,0,0,0,0,0,0,0
311,2017-04-24,09:02:37,160,y1709,XDCE,5852,5816,5862,235676,13761256480,940526,964490,6104,5524,5814,5820,0,5822,0,0,0,2017-04-24,32557160,5852,36,0,0,0,0,0,0,0,0,5854,182,0,0,0,0,0,0,0,0
312,2017-04-24,09:02:37,737,y1709,XDCE,5854,5816,5862,235682,13761607640,940526,964490,6104,5524,5814,5820,0,5822,0,0,0,2017-04-24,32557737,5852,26,0,0,0,0,0,0,0,0,5854,173,0,0,0,0,0,0,0,0
313,2017-04-24,09:02:38,164,y1709,XDCE,5854,5816,5862,235684,13761724720,940526,964490,6104,5524,5814,5820,0,5822,0,0,0,2017-04-24,32558164,5852,33,0,0,0,0,0,0,0,0,5854,173,0,0,0,0,0,0,0,0
314,2017-04-24,09:02:38,724,y1709,XDCE,5852,5816,5862,235688,13761958800,940526,964490,6104,5524,5814,5820,0,5822,0,0,0,2017-04-24,32558724,5852,43,0,0,0,0,0,0,0,0,5854,173,0,0,0,0,0,0,0,0
315,2017-04-24,09:02:39,173,y1709,XDCE,5854,5816,5862,235690,13762075880,940526,964490,6104,5524,5814,5820,0,5822,0,0,0,2017-04-24,32559173,5852,45,0,0,0,0,0,0,0,0,5854,172,0,0,0,0,0,0,0,0
316,2017-04-24,09:02:39,719,y1709,XDCE,5854,5816,5862,236090,13785491840,940236,964490,6104,5524,5814,5820,0,5822,0,0,0,2017-04-24,32559719,5854,14,0,0,0,0,0,0,0,0,5856,374,0,0,0,0,0,0,0,0
317,2017-04-24,09:02:40,242,y1709,XDCE,5854,5816,5862,236110,13786662640,940218,964490,6104,5524,5814,5820,0,5822,0,0,0,2017-04-24,32560242,5854,4,0,0,0,0,0,0,0,0,5856,374,0,0,0,0,0,0,0,0
318,2017-04-24,09:02:40,745,y1709,XDCE,5854,5816,5862,236112,13786779720,940216,964490,6104,5524,5814,5820,0,5822,0,0,0,2017-04-24,32560745,5854,3,0,0,0,0,0,0,0,0,5856,374,0,0,0,0,0,0,0,0
319,2017-04-24,09:02:41,260,y1709,XDCE,5854,5816,5862,236324,13799186280,940106,964490,6104,5524,5814,5820,0,5822,0,0,0,2017-04-24,32561260,5852,76,0,0,0,0,0,0,0,0,5854,73,0,0,0,0,0,0,0,0
320,2017-04-24,09:02:41,696,y1709,XDCE,5854,5816,5862,236338,13800005840,940100,964490,6104,5524,5814,5820,0,5822,0,0,0,2017-04-24,32561696,5852,32,0,0,0,0,0,0,0,0,5854,84,0,0,0,0,0,0,0,0
321,2017-04-24,09:02:42,170,y1709,XDCE,5854,5816,5862,236338,13800005840,940100,964490,6104,5524,5814,5820,0,5822,0,0,0,2017-04-24,32562170,5852,36,0,0,0,0,0,0,0,0,5854,101,0,0,0,0,0,0,0,0
322,2017-04-24,09:02:42,722,y1709,XDCE,5854,5816,5862,236338,13800005840,940100,964490,6104,5524,5814,5820,0,5822,0,0,0,2017-04-24,32562722,5852,36,0,0,0,0,0,0,0,0,5854,100,0,0,0,0,0,0,0,0
323,2017-04-24,09:02:43,183,y1709,XDCE,5854,5816,5862,236340,13800122920,940100,964490,6104,5524,5814,5820,0,5822,0,0,0,2017-04-24,32563183,5852,36,0,0,0,0,0,0,0,0,5854,111,0,0,0,0,0,0,0,0
324,2017-04-24,09:02:43,756,y1709,XDCE,5854,5816,5862,236340,13800122920,940100,964490,6104,5524,5814,5820,0,5822,0,0,0,2017-04-24,32563756,5852,39,0,0,0,0,0,0,0,0,5854,111,0,0,0,0,0,0,0,0
325,2017-04-24,09:02:44,180,y1709,XDCE,5854,5816,5862,236342,13800240000,940100,964490,6104,5524,5814,5820,0,5822,0,0,0,2017-04-24,32564180,5852,37,0,0,0,0,0,0,0,0,5854,113,0,0,0,0,0,0,0,0
326,2017-04-24,09:02:44,759,y1709,XDCE,5854,5816,5862,236344,13800357080,940100,964490,6104,5524,5814,5820,0,5822,0,0,0,2017-04-24,32564759,5852,43,0,0,0,0,0,0,0,0,5854,122,0,0,0,0,0,0,0,0
327,2017-04-24,09:02:44,998,y1709,XDCE,5852,5816,5862,236350,13800708200,940100,964490,6104,5524,5814,5820,0,5822,0,0,0,2017-04-24,32564998,5852,40,0,0,0,0,0,0,0,0,5854,122,0,0,0,0,0,0,0,0
328,2017-04-24,09:02:45,672,y1709,XDCE,5852,5816,5862,236350,13800708200,940100,964490,6104,5524,5814,5820,0,5822,0,0,0,2017-04-24,32565672,5852,41,0,0,0,0,0,0,0,0,5854,124,0,0,0,0,0,0,0,0
329,2017-04-24,09:02:46,244,y1709,XDCE,5854,5816,5862,236356,13801059360,940098,964490,6104,5524,5814,5820,0,5822,0,0,0,2017-04-24,32566244,5852,48,0,0,0,0,0,0,0,0,5854,124,0,0,0,0,0,0,0,0
330,2017-04-24,09:02:46,679,y1709,XDCE,5854,5816,5862,236358,13801176440,940098,964490,6104,5524,5814,5820,0,5822,0,0,0,2017-04-24,32566679,5852,48,0,0,0,0,0,0,0,0,5854,126,0,0,0,0,0,0,0,0
331,2017-04-24,09:02:47,200,y1709,XDCE,5852,5816,5862,236418,13804687640,940084,964490,6104,5524,5814,5820,0,5822,0,0,0,2017-04-24,32567200,5852,39,0,0,0,0,0,0,0,0,5854,137,0,0,0,0,0,0,0,0
332,2017-04-24,09:02:47,637,y1709,XDCE,5852,5816,5862,236418,13804687640,940084,964490,6104,5524,5814,5820,0,5822,0,0,0,2017-04-24,32567637,5852,39,0,0,0,0,0,0,0,0,5854,128,0,0,0,0,0,0,0,0
333,2017-04-24,09:02:48,223,y1709,XDCE,5854,5816,5862,236422,13804921760,940084,964490,6104,5524,5814,5820,0,5822,0,0,0,2017-04-24,32568223,5852,38,0,0,0,0,0,0,0,0,5854,130,0,0,0,0,0,0,0,0
334,2017-04-24,09:02:48,733,y1709,XDCE,5852,5816,5862,236446,13806326280,940082,964490,6104,5524,5814,5820,0,5822,0,0,0,2017-04-24,32568733,5852,28,0,0,0,0,0,0,0,0,5854,135,0,0,0,0,0,0,0,0
335,2017-04-24,09:02:49,216,y1709,XDCE,5854,5816,5862,236468,13807614120,940082,964490,6104,5524,5814,5820,0,5822,0,0,0,2017-04-24,32569216,5852,28,0,0,0,0,0,0,0,0,5854,128,0,0,0,0,0,0,0,0
336,2017-04-24,09:02:49,597,y1709,XDCE,5854,5816,5862,236472,13807848240,940082,964490,6104,5524,5814,5820,0,5822,0,0,0,2017-04-24,32569597,5852,27,0,0,0,0,0,0,0,0,5854,133,0,0,0,0,0,0,0,0
337,2017-04-24,09:02:50,97,y1709,XDCE,5852,5816,5862,236474,13807965280,940084,964490,6104,5524,5814,5820,0,5822,0,0,0,2017-04-24,32570097,5852,27,0,0,0,0,0,0,0,0,5854,132,0,0,0,0,0,0,0,0
338,2017-04-24,09:02:50,668,y1709,XDCE,5852,5816,5862,236494,13809136080,940084,964490,6104,5524,5814,5820,0,5822,0,0,0,2017-04-24,32570668,5852,20,0,0,0,0,0,0,0,0,5854,132,0,0,0,0,0,0,0,0
339,2017-04-24,09:02:51,246,y1709,XDCE,5852,5816,5862,236540,13811828000,940126,964490,6104,5524,5814,5820,0,5822,0,0,0,2017-04-24,32571246,5850,199,0,0,0,0,0,0,0,0,5852,11,0,0,0,0,0,0,0,0
340,2017-04-24,09:02:51,745,y1709,XDCE,5852,5816,5862,236556,13812764320,940138,964490,6104,5524,5814,5820,0,5822,0,0,0,2017-04-24,32571745,5850,194,0,0,0,0,0,0,0,0,5852,65,0,0,0,0,0,0,0,0
341,2017-04-24,09:02:52,204,y1709,XDCE,5852,5816,5862,236570,13813583600,940144,964490,6104,5524,5814,5820,0,5822,0,0,0,2017-04-24,32572204,5850,182,0,0,0,0,0,0,0,0,5852,104,0,0,0,0,0,0,0,0
342,2017-04-24,09:02:52,706,y1709,XDCE,5850,5816,5862,236592,13814870600,940142,964490,6104,5524,5814,5820,0,5822,0,0,0,2017-04-24,32572706,5850,135,0,0,0,0,0,0,0,0,5852,124,0,0,0,0,0,0,0,0
343,2017-04-24,09:02:53,171,y1709,XDCE,5850,5816,5862,236592,13814870600,940142,964490,6104,5524,5814,5820,0,5822,0,0,0,2017-04-24,32573171,5850,130,0,0,0,0,0,0,0,0,5852,135,0,0,0,0,0,0,0,0
344,2017-04-24,09:02:53,731,y1709,XDCE,5850,5816,5862,236592,13814870600,940142,964490,6104,5524,5814,5820,0,5822,0,0,0,2017-04-24,32573731,5850,124,0,0,0,0,0,0,0,0,5852,143,0,0,0,0,0,0,0,0
345,2017-04-24,09:02:54,220,y1709,XDCE,5850,5816,5862,236614,13816157640,940162,964490,6104,5524,5814,5820,0,5822,0,0,0,2017-04-24,32574220,5850,114,0,0,0,0,0,0,0,0,5852,141,0,0,0,0,0,0,0,0
346,2017-04-24,09:02:54,741,y1709,XDCE,5850,5816,5862,236616,13816274640,940162,964490,6104,5524,5814,5820,0,5822,0,0,0,2017-04-24,32574741,5850,113,0,0,0,0,0,0,0,0,5852,142,0,0,0,0,0,0,0,0
347,2017-04-24,09:02:55,187,y1709,XDCE,5850,5816,5862,236626,13816859760,940166,964490,6104,5524,5814,5820,0,5822,0,0,0,2017-04-24,32575187,5850,111,0,0,0,0,0,0,0,0,5852,145,0,0,0,0,0,0,0,0
348,2017-04-24,09:02:55,728,y1709,XDCE,5850,5816,5862,236646,13818029760,940186,964490,6104,5524,5814,5820,0,5822,0,0,0,2017-04-24,32575728,5850,101,0,0,0,0,0,0,0,0,5852,147,0,0,0,0,0,0,0,0
349,2017-04-24,09:02:56,131,y1709,XDCE,5850,5816,5862,236646,13818029760,940186,964490,6104,5524,5814,5820,0,5822,0,0,0,2017-04-24,32576131,5850,103,0,0,0,0,0,0,0,0,5852,149,0,0,0,0,0,0,0,0
350,2017-04-24,09:02:56,725,y1709,XDCE,5850,5816,5862,236656,13818614760,940186,964490,6104,5524,5814,5820,0,5822,0,0,0,2017-04-24,32576725,5850,98,0,0,0,0,0,0,0,0,5852,150,0,0,0,0,0,0,0,0
351,2017-04-24,09:02:57,181,y1709,XDCE,5850,5816,5862,236670,13819433760,940198,964490,6104,5524,5814,5820,0,5822,0,0,0,2017-04-24,32577181,5850,91,0,0,0,0,0,0,0,0,5852,150,0,0,0,0,0,0,0,0
352,2017-04-24,09:02:57,760,y1709,XDCE,5852,5816,5862,236794,13826689760,940222,964490,6104,5524,5814,5820,0,5822,0,0,0,2017-04-24,32577760,5850,85,0,0,0,0,0,0,0,0,5852,104,0,0,0,0,0,0,0,0
353,2017-04-24,09:02:58,255,y1709,XDCE,5850,5816,5862,237002,13838861800,940084,964490,6104,5524,5814,5820,0,5822,0,0,0,2017-04-24,32578255,5850,129,0,0,0,0,0,0,0,0,5854,171,0,0,0,0,0,0,0,0
354,2017-04-24,09:02:58,675,y1709,XDCE,5852,5816,5862,237030,13840500360,940076,964490,6104,5524,5814,5820,0,5822,0,0,0,2017-04-24,32578675,5852,45,0,0,0,0,0,0,0,0,5854,172,0,0,0,0,0,0,0,0
355,2017-04-24,09:02:59,176,y1709,XDCE,5854,5816,5862,237106,13844948800,940076,964490,6104,5524,5814,5820,0,5822,0,0,0,2017-04-24,32579176,5852,54,0,0,0,0,0,0,0,0,5854,138,0,0,0,0,0,0,0,0
356,2017-04-24,09:02:59,677,y1709,XDCE,5854,5816,5862,237106,13844948800,940076,964490,6104,5524,5814,5820,0,5822,0,0,0,2017-04-24,32579677,5852,150,0,0,0,0,0,0,0,0,5854,122,0,0,0,0,0,0,0,0
357,2017-04-24,09:03:00,226,y1709,XDCE,5852,5816,5862,237120,13845768160,940070,964490,6104,5524,5814,5820,0,5822,0,0,0,2017-04-24,32580226,5852,158,0,0,0,0,0,0,0,0,5854,75,0,0,0,0,0,0,0,0
358,2017-04-24,09:03:00,759,y1709,XDCE,5852,5816,5862,237154,13847758480,940072,964490,6104,5524,5814,5820,0,5822,0,0,0,2017-04-24,32580759,5852,168,0,0,0,0,0,0,0,0,5854,56,0,0,0,0,0,0,0,0
359,2017-04-24,09:03:01,221,y1709,XDCE,5854,5816,5862,237286,13855483520,940110,964490,6104,5524,5814,5820,0,5822,0,0,0,2017-04-24,32581221,5852,79,0,0,0,0,0,0,0,0,5854,100,0,0,0,0,0,0,0,0
360,2017-04-24,09:03:01,729,y1709,XDCE,5854,5816,5862,237286,13855483520,940110,964490,6104,5524,5814,5820,0,5822,0,0,0,2017-04-24,32581729,5852,32,0,0,0,0,0,0,0,0,5854,117,0,0,0,0,0,0,0,0
361,2017-04-24,09:03:01,966,y1709,XDCE,5852,5816,5862,237290,13855717600,940114,964490,6104,5524,5814,5820,0,5822,0,0,0,2017-04-24,32581966,5852,35,0,0,0,0,0,0,0,0,5854,117,0,0,0,0,0,0,0,0
362,2017-04-24,09:03:02,670,y1709,XDCE,5852,5816,5862,237292,13855834640,940114,964490,6104,5524,5814,5820,0,5822,0,0,0,2017-04-24,32582670,5852,35,0,0,0,0,0,0,0,0,5854,117,0,0,0,0,0,0,0,0
363,2017-04-24,09:03:03,256,y1709,XDCE,5852,5816,5862,237312,13857005040,940130,964490,6104,5524,5814,5820,0,5822,0,0,0,2017-04-24,32583256,5852,27,0,0,0,0,0,0,0,0,5854,119,0,0,0,0,0,0,0,0
364,2017-04-24,09:03:03,680,y1709,XDCE,5852,5816,5862,237312,13857005040,940130,964490,6104,5524,5814,5820,0,5822,0,0,0,2017-04-24,32583680,5852,38,0,0,0,0,0,0,0,0,5854,128,0,0,0,0,0,0,0,0
365,2017-04-24,09:03:04,212,y1709,XDCE,5852,5816,5862,237322,13857590240,940120,964490,6104,5524,5814,5820,0,5822,0,0,0,2017-04-24,32584212,5852,33,0,0,0,0,0,0,0,0,5854,129,0,0,0,0,0,0,0,0
366,2017-04-24,09:03:04,674,y1709,XDCE,5852,5816,5862,237352,13859345920,940114,964490,6104,5524,5814,5820,0,5822,0,0,0,2017-04-24,32584674,5852,32,0,0,0,0,0,0,0,0,5854,127,0,0,0,0,0,0,0,0
367,2017-04-24,09:03:05,178,y1709,XDCE,5854,5816,5862,237358,13859697120,940112,964490,6104,5524,5814,5820,0,5822,0,0,0,2017-04-24,32585178,5852,52,0,0,0,0,0,0,0,0,5854,118,0,0,0,0,0,0,0,0
368,2017-04-24,09:03:05,745,y1709,XDCE,5852,5816,5862,237372,13860516480,940120,964490,6104,5524,5814,5820,0,5822,0,0,0,2017-04-24,32585745,5852,49,0,0,0,0,0,0,0,0,5854,118,0,0,0,0,0,0,0,0
369,2017-04-24,09:03:06,184,y1709,XDCE,5852,5816,5862,237378,13860867600,940114,964490,6104,5524,5814,5820,0,5822,0,0,0,2017-04-24,32586184,5852,51,0,0,0,0,0,0,0,0,5854,121,0,0,0,0,0,0,0,0
370,2017-04-24,09:03:06,758,y1709,XDCE,5854,5816,5862,237382,13861101760,940110,964490,6104,5524,5814,5820,0,5822,0,0,0,2017-04-24,32586758,5852,126,0,0,0,0,0,0,0,0,5854,119,0,0,0,0,0,0,0,0
371,2017-04-24,09:03:07,174,y1709,XDCE,5854,5816,5862,237394,13861804240,940098,964490,6104,5524,5814,5820,0,5822,0,0,0,2017-04-24,32587174,5852,126,0,0,0,0,0,0,0,0,5854,72,0,0,0,0,0,0,0,0
372,2017-04-24,09:03:07,669,y1709,XDCE,5854,5816,5862,237410,13862740840,940102,964490,6104,5524,5814,5820,0,5822,0,0,0,2017-04-24,32587669,5852,126,0,0,0,0,0,0,0,0,5854,80,0,0,0,0,0,0,0,0
373,2017-04-24,09:03:08,170,y1709,XDCE,5854,5816,5862,237410,13862740840,940102,964490,6104,5524,5814,5820,0,5822,0,0,0,2017-04-24,32588170,5852,133,0,0,0,0,0,0,0,0,5854,80,0,0,0,0,0,0,0,0
374,2017-04-24,09:03:08,753,y1709,XDCE,5854,5816,5862,237410,13862740840,940102,964490,6104,5524,5814,5820,0,5822,0,0,0,2017-04-24,32588753,5852,135,0,0,0,0,0,0,0,0,5854,80,0,0,0,0,0,0,0,0
375,2017-04-24,09:03:09,216,y1709,XDCE,5852,5816,5862,237418,13863209120,940102,964490,6104,5524,5814,5820,0,5822,0,0,0,2017-04-24,32589216,5852,136,0,0,0,0,0,0,0,0,5854,77,0,0,0,0,0,0,0,0
376,2017-04-24,09:03:09,755,y1709,XDCE,5854,5816,5862,237428,13863794480,940102,964490,6104,5524,5814,5820,0,5822,0,0,0,2017-04-24,32589755,5852,135,0,0,0,0,0,0,0,0,5854,96,0,0,0,0,0,0,0,0
377,2017-04-24,09:03:10,226,y1709,XDCE,5854,5816,5862,237430,13863911560,940104,964490,6104,5524,5814,5820,0,5822,0,0,0,2017-04-24,32590226,5852,138,0,0,0,0,0,0,0,0,5854,111,0,0,0,0,0,0,0,0
378,2017-04-24,09:03:10,678,y1709,XDCE,5852,5816,5862,237436,13864262680,940098,964490,6104,5524,5814,5820,0,5822,0,0,0,2017-04-24,32590678,5852,135,0,0,0,0,0,0,0,0,5854,134,0,0,0,0,0,0,0,0
379,2017-04-24,09:03:11,248,y1709,XDCE,5854,5816,5862,237456,13865433280,940096,964490,6104,5524,5814,5820,0,5822,0,0,0,2017-04-24,32591248,5852,111,0,0,0,0,0,0,0,0,5854,132,0,0,0,0,0,0,0,0
380,2017-04-24,09:03:11,689,y1709,XDCE,5852,5816,5862,237680,13878541760,940286,964490,6104,5524,5814,5820,0,5822,0,0,0,2017-04-24,32591689,5850,270,0,0,0,0,0,0,0,0,5852,60,0,0,0,0,0,0,0,0
381,2017-04-24,09:03:12,221,y1709,XDCE,5852,5816,5862,237732,13881584800,940316,964490,6104,5524,5814,5820,0,5822,0,0,0,2017-04-24,32592221,5850,322,0,0,0,0,0,0,0,0,5852,4,0,0,0,0,0,0,0,0
382,2017-04-24,09:03:12,750,y1709,XDCE,5852,5816,5862,237880,13890247800,940314,964490,6104,5524,5814,5820,0,5822,0,0,0,2017-04-24,32592750,5852,4,0,0,0,0,0,0,0,0,5854,121,0,0,0,0,0,0,0,0
383,2017-04-24,09:03:13,260,y1709,XDCE,5854,5816,5862,238058,13900665000,940404,964490,6104,5524,5814,5820,0,5822,0,0,0,2017-04-24,32593260,5850,257,0,0,0,0,0,0,0,0,5852,100,0,0,0,0,0,0,0,0
384,2017-04-24,09:03:13,721,y1709,XDCE,5852,5816,5862,238140,13905463440,940364,964490,6104,5524,5814,5820,0,5822,0,0,0,2017-04-24,32593721,5850,246,0,0,0,0,0,0,0,0,5852,75,0,0,0,0,0,0,0,0
385,2017-04-24,09:03:14,167,y1709,XDCE,5850,5816,5862,238164,13906867880,940344,964490,6104,5524,5814,5820,0,5822,0,0,0,2017-04-24,32594167,5850,246,0,0,0,0,0,0,0,0,5852,54,0,0,0,0,0,0,0,0
386,2017-04-24,09:03:14,671,y1709,XDCE,5852,5816,5862,238178,13907687160,940344,964490,6104,5524,5814,5820,0,5822,0,0,0,2017-04-24,32594671,5850,259,0,0,0,0,0,0,0,0,5852,47,0,0,0,0,0,0,0,0
387,2017-04-24,09:03:15,171,y1709,XDCE,5854,5816,5862,238284,13913890480,940336,964490,6104,5524,5814,5820,0,5822,0,0,0,2017-04-24,32595171,5852,15,0,0,0,0,0,0,0,0,5854,209,0,0,0,0,0,0,0,0
388,2017-04-24,09:03:15,758,y1709,XDCE,5854,5816,5862,238284,13913890480,940336,964490,6104,5524,5814,5820,0,5822,0,0,0,2017-04-24,32595758,5852,61,0,0,0,0,0,0,0,0,5854,200,0,0,0,0,0,0,0,0
389,2017-04-24,09:03:16,180,y1709,XDCE,5854,5816,5862,238304,13915061280,940336,964490,6104,5524,5814,5820,0,5822,0,0,0,2017-04-24,32596180,5852,84,0,0,0,0,0,0,0,0,5854,187,0,0,0,0,0,0,0,0
390,2017-04-24,09:03:16,736,y1709,XDCE,5852,5816,5862,238310,13915412400,940336,964490,6104,5524,5814,5820,0,5822,0,0,0,2017-04-24,32596736,5852,40,0,0,0,0,0,0,0,0,5854,183,0,0,0,0,0,0,0,0
391,2017-04-24,09:03:17,253,y1709,XDCE,5854,5816,5862,238322,13916114840,940336,964490,6104,5524,5814,5820,0,5822,0,0,0,2017-04-24,32597253,5852,90,0,0,0,0,0,0,0,0,5854,191,0,0,0,0,0,0,0,0
392,2017-04-24,09:03:17,753,y1709,XDCE,5854,5816,5862,238532,13928408240,940222,964490,6104,5524,5814,5820,0,5822,0,0,0,2017-04-24,32597753,5852,100,0,0,0,0,0,0,0,0,5854,95,0,0,0,0,0,0,0,0
393,2017-04-24,09:03:18,167,y1709,XDCE,5854,5816,5862,238532,13928408240,940222,964490,6104,5524,5814,5820,0,5822,0,0,0,2017-04-24,32598167,5852,100,0,0,0,0,0,0,0,0,5854,94,0,0,0,0,0,0,0,0
394,2017-04-24,09:03:18,724,y1709,XDCE,5854,5816,5862,238532,13928408240,940222,964490,6104,5524,5814,5820,0,5822,0,0,0,2017-04-24,32598724,5852,106,0,0,0,0,0,0,0,0,5854,94,0,0,0,0,0,0,0,0
395,2017-04-24,09:03:19,167,y1709,XDCE,5852,5816,5862,238544,13929110640,940214,964490,6104,5524,5814,5820,0,5822,0,0,0,2017-04-24,32599167,5852,105,0,0,0,0,0,0,0,0,5854,92,0,0,0,0,0,0,0,0
396,2017-04-24,09:03:19,684,y1709,XDCE,5852,5816,5862,238550,13929461800,940214,964490,6104,5524,5814,5820,0,5822,0,0,0,2017-04-24,32599684,5852,103,0,0,0,0,0,0,0,0,5854,92,0,0,0,0,0,0,0,0
397,2017-04-24,09:03:20,231,y1709,XDCE,5852,5816,5862,238578,13931100680,940206,964490,6104,5524,5814,5820,0,5822,0,0,0,2017-04-24,32600231,5852,98,0,0,0,0,0,0,0,0,5854,85,0,0,0,0,0,0,0,0
398,2017-04-24,09:03:20,758,y1709,XDCE,5852,5816,5862,238578,13931100680,940206,964490,6104,5524,5814,5820,0,5822,0,0,0,2017-04-24,32600758,5852,98,0,0,0,0,0,0,0,0,5854,89,0,0,0,0,0,0,0,0
399,2017-04-24,09:03:21,179,y1709,XDCE,5852,5816,5862,238604,13932622200,940226,964490,6104,5524,5814,5820,0,5822,0,0,0,2017-04-24,32601179,5852,72,0,0,0,0,0,0,0,0,5854,115,0,0,0,0,0,0,0,0
400,2017-04-24,09:03:21,755,y1709,XDCE,5852,5816,5862,238604,13932622200,940226,964490,6104,5524,5814,5820,0,5822,0,0,0,2017-04-24,32601755,5852,75,0,0,0,0,0,0,0,0,5854,117,0,0,0,0,0,0,0,0
401,2017-04-24,09:03:22,233,y1709,XDCE,5852,5816,5862,238606,13932739240,940226,964490,6104,5524,5814,5820,0,5822,0,0,0,2017-04-24,32602233,5852,73,0,0,0,0,0,0,0,0,5854,118,0,0,0,0,0,0,0,0
402,2017-04-24,09:03:22,704,y1709,XDCE,5854,5816,5862,238686,13937422440,940226,964490,6104,5524,5814,5820,0,5822,0,0,0,2017-04-24,32602704,5852,121,0,0,0,0,0,0,0,0,5854,80,0,0,0,0,0,0,0,0
403,2017-04-24,09:03:23,184,y1709,XDCE,5852,5816,5862,238698,13938124680,940226,964490,6104,5524,5814,5820,0,5822,0,0,0,2017-04-24,32603184,5852,127,0,0,0,0,0,0,0,0,5854,53,0,0,0,0,0,0,0,0
404,2017-04-24,09:03:23,657,y1709,XDCE,5852,5816,5862,238704,13938475800,940226,964490,6104,5524,5814,5820,0,5822,0,0,0,2017-04-24,32603657,5852,124,0,0,0,0,0,0,0,0,5854,54,0,0,0,0,0,0,0,0
405,2017-04-24,09:03:24,174,y1709,XDCE,5852,5816,5862,238704,13938475800,940226,964490,6104,5524,5814,5820,0,5822,0,0,0,2017-04-24,32604174,5852,128,0,0,0,0,0,0,0,0,5854,54,0,0,0,0,0,0,0,0
406,2017-04-24,09:03:24,659,y1709,XDCE,5852,5816,5862,238704,13938475800,940226,964490,6104,5524,5814,5820,0,5822,0,0,0,2017-04-24,32604659,5852,128,0,0,0,0,0,0,0,0,5854,55,0,0,0,0,0,0,0,0
407,2017-04-24,09:03:25,241,y1709,XDCE,5854,5816,5862,238866,13947958800,940286,964490,6104,5524,5814,5820,0,5822,0,0,0,2017-04-24,32605241,5854,37,0,0,0,0,0,0,0,0,5856,435,0,0,0,0,0,0,0,0
408,2017-04-24,09:03:25,708,y1709,XDCE,5854,5816,5862,238878,13948661280,940286,964490,6104,5524,5814,5820,0,5822,0,0,0,2017-04-24,32605708,5854,31,0,0,0,0,0,0,0,0,5856,436,0,0,0,0,0,0,0,0
409,2017-04-24,09:03:26,172,y1709,XDCE,5854,5816,5862,238930,13951705360,940302,964490,6104,5524,5814,5820,0,5822,0,0,0,2017-04-24,32606172,5854,5,0,0,0,0,0,0,0,0,5856,440,0,0,0,0,0,0,0,0
410,2017-04-24,09:03:26,710,y1709,XDCE,5854,5816,5862,238958,13953344480,940300,964490,6104,5524,5814,5820,0,5822,0,0,0,2017-04-24,32606710,5852,124,0,0,0,0,0,0,0,0,5854,2,0,0,0,0,0,0,0,0
411,2017-04-24,09:03:27,19,y1709,XDCE,5854,5816,5862,238978,13954515280,940294,964490,6104,5524,5814,5820,0,5822,0,0,0,2017-04-24,32607019,5852,124,0,0,0,0,0,0,0,0,5854,2,0,0,0,0,0,0,0,0
412,2017-04-24,09:03:27,690,y1709,XDCE,5854,5816,5862,238980,13954632360,940296,964490,6104,5524,5814,5820,0,5822,0,0,0,2017-04-24,32607690,5852,123,0,0,0,0,0,0,0,0,5854,7,0,0,0,0,0,0,0,0
413,2017-04-24,09:03:28,207,y1709,XDCE,5854,5816,5862,238994,13955451920,940290,964490,6104,5524,5814,5820,0,5822,0,0,0,2017-04-24,32608207,5854,8,0,0,0,0,0,0,0,0,5856,433,0,0,0,0,0,0,0,0
414,2017-04-24,09:03:28,696,y1709,XDCE,5854,5816,5862,239020,13956974080,940272,964490,6104,5524,5814,5820,0,5822,0,0,0,2017-04-24,32608696,5854,25,0,0,0,0,0,0,0,0,5856,427,0,0,0,0,0,0,0,0
415,2017-04-24,09:03:29,206,y1709,XDCE,5854,5816,5862,239028,13957442400,940276,964490,6104,5524,5814,5820,0,5822,0,0,0,2017-04-24,32609206,5854,3,0,0,0,0,0,0,0,0,5856,421,0,0,0,0,0,0,0,0
416,2017-04-24,09:03:29,741,y1709,XDCE,5854,5816,5862,239040,13958144880,940280,964490,6104,5524,5814,5820,0,5822,0,0,0,2017-04-24,32609741,5852,134,0,0,0,0,0,0,0,0,5854,47,0,0,0,0,0,0,0,0
417,2017-04-24,09:03:30,211,y1709,XDCE,5854,5816,5862,239048,13958613200,940274,964490,6104,5524,5814,5820,0,5822,0,0,0,2017-04-24,32610211,5852,124,0,0,0,0,0,0,0,0,5854,43,0,0,0,0,0,0,0,0
418,2017-04-24,09:03:30,755,y1709,XDCE,5854,5816,5862,239048,13958613200,940274,964490,6104,5524,5814,5820,0,5822,0,0,0,2017-04-24,32610755,5852,123,0,0,0,0,0,0,0,0,5854,100,0,0,0,0,0,0,0,0
419,2017-04-24,09:03:31,220,y1709,XDCE,5854,5816,5862,239060,13959315680,940274,964490,6104,5524,5814,5820,0,5822,0,0,0,2017-04-24,32611220,5852,119,0,0,0,0,0,0,0,0,5854,101,0,0,0,0,0,0,0,0
420,2017-04-24,09:03:31,695,y1709,XDCE,5854,5816,5862,239062,13959432760,940274,964490,6104,5524,5814,5820,0,5822,0,0,0,2017-04-24,32611695,5852,107,0,0,0,0,0,0,0,0,5854,111,0,0,0,0,0,0,0,0
421,2017-04-24,09:03:32,179,y1709,XDCE,5854,5816,5862,239082,13960603560,940274,964490,6104,5524,5814,5820,0,5822,0,0,0,2017-04-24,32612179,5852,108,0,0,0,0,0,0,0,0,5854,127,0,0,0,0,0,0,0,0
422,2017-04-24,09:03:32,711,y1709,XDCE,5854,5816,5862,239084,13960720640,940272,964490,6104,5524,5814,5820,0,5822,0,0,0,2017-04-24,32612711,5852,108,0,0,0,0,0,0,0,0,5854,132,0,0,0,0,0,0,0,0
423,2017-04-24,09:03:33,236,y1709,XDCE,5852,5816,5862,239198,13967393920,940172,964490,6104,5524,5814,5820,0,5822,0,0,0,2017-04-24,32613236,5852,79,0,0,0,0,0,0,0,0,5854,100,0,0,0,0,0,0,0,0
424,2017-04-24,09:03:33,681,y1709,XDCE,5852,5816,5862,239198,13967393920,940172,964490,6104,5524,5814,5820,0,5822,0,0,0,2017-04-24,32613681,5852,80,0,0,0,0,0,0,0,0,5854,106,0,0,0,0,0,0,0,0
425,2017-04-24,09:03:34,174,y1709,XDCE,5854,5816,5862,239200,13967511000,940170,964490,6104,5524,5814,5820,0,5822,0,0,0,2017-04-24,32614174,5852,80,0,0,0,0,0,0,0,0,5854,110,0,0,0,0,0,0,0,0
426,2017-04-24,09:03:34,717,y1709,XDCE,5852,5816,5862,239224,13968915480,940178,964490,6104,5524,5814,5820,0,5822,0,0,0,2017-04-24,32614717,5852,68,0,0,0,0,0,0,0,0,5854,101,0,0,0,0,0,0,0,0
427,2017-04-24,09:03:35,260,y1709,XDCE,5854,5816,5862,239424,13980623480,940032,964490,6104,5524,5814,5820,0,5822,0,0,0,2017-04-24,32615260,5852,106,0,0,0,0,0,0,0,0,5854,124,0,0,0,0,0,0,0,0
428,2017-04-24,09:03:35,700,y1709,XDCE,5852,5816,5862,239432,13981091760,940032,964490,6104,5524,5814,5820,0,5822,0,0,0,2017-04-24,32615700,5852,105,0,0,0,0,0,0,0,0,5854,121,0,0,0,0,0,0,0,0
429,2017-04-24,09:03:36,250,y1709,XDCE,5852,5816,5862,239432,13981091760,940032,964490,6104,5524,5814,5820,0,5822,0,0,0,2017-04-24,32616250,5852,116,0,0,0,0,0,0,0,0,5854,110,0,0,0,0,0,0,0,0
430,2017-04-24,09:03:36,493,y1709,XDCE,5852,5816,5862,239436,13981325840,940032,964490,6104,5524,5814,5820,0,5822,0,0,0,2017-04-24,32616493,5852,119,0,0,0,0,0,0,0,0,5854,110,0,0,0,0,0,0,0,0
431,2017-04-24,09:03:37,759,y1709,XDCE,5852,5816,5862,239440,13981559920,940032,964490,6104,5524,5814,5820,0,5822,0,0,0,2017-04-24,32617759,5852,118,0,0,0,0,0,0,0,0,5854,111,0,0,0,0,0,0,0,0
432,2017-04-24,09:03:38,213,y1709,XDCE,5852,5816,5862,239440,13981559920,940032,964490,6104,5524,5814,5820,0,5822,0,0,0,2017-04-24,32618213,5852,110,0,0,0,0,0,0,0,0,5854,112,0,0,0,0,0,0,0,0
433,2017-04-24,09:03:38,729,y1709,XDCE,5854,5816,5862,239450,13982145320,940022,964490,6104,5524,5814,5820,0,5822,0,0,0,2017-04-24,32618729,5852,112,0,0,0,0,0,0,0,0,5854,107,0,0,0,0,0,0,0,0
434,2017-04-24,09:03:39,255,y1709,XDCE,5852,5816,5862,239478,13983783880,940022,964490,6104,5524,5814,5820,0,5822,0,0,0,2017-04-24,32619255,5852,98,0,0,0,0,0,0,0,0,5854,107,0,0,0,0,0,0,0,0
435,2017-04-24,09:03:39,750,y1709,XDCE,5852,5816,5862,239670,13995020040,940122,964490,6104,5524,5814,5820,0,5822,0,0,0,2017-04-24,32619750,5850,284,0,0,0,0,0,0,0,0,5852,12,0,0,0,0,0,0,0,0
436,2017-04-24,09:03:40,254,y1709,XDCE,5852,5816,5862,239692,13996307480,940136,964490,6104,5524,5814,5820,0,5822,0,0,0,2017-04-24,32620254,5850,280,0,0,0,0,0,0,0,0,5852,2,0,0,0,0,0,0,0,0
437,2017-04-24,09:03:40,742,y1709,XDCE,5852,5816,5862,239698,13996658600,940138,964490,6104,5524,5814,5820,0,5822,0,0,0,2017-04-24,32620742,5852,8,0,0,0,0,0,0,0,0,5854,144,0,0,0,0,0,0,0,0
438,2017-04-24,09:03:41,44,y1709,XDCE,5852,5816,5862,239698,13996658600,940138,964490,6104,5524,5814,5820,0,5822,0,0,0,2017-04-24,32621044,5852,60,0,0,0,0,0,0,0,0,5854,170,0,0,0,0,0,0,0,0
439,2017-04-24,09:03:41,740,y1709,XDCE,5852,5816,5862,239698,13996658600,940138,964490,6104,5524,5814,5820,0,5822,0,0,0,2017-04-24,32621740,5852,62,0,0,0,0,0,0,0,0,5854,149,0,0,0,0,0,0,0,0
440,2017-04-24,09:03:42,200,y1709,XDCE,5852,5816,5862,239698,13996658600,940138,964490,6104,5524,5814,5820,0,5822,0,0,0,2017-04-24,32622200,5852,62,0,0,0,0,0,0,0,0,5854,150,0,0,0,0,0,0,0,0
441,2017-04-24,09:03:42,760,y1709,XDCE,5852,5816,5862,239822,14003915080,940124,964490,6104,5524,5814,5820,0,5822,0,0,0,2017-04-24,32622760,5850,286,0,0,0,0,0,0,0,0,5852,1,0,0,0,0,0,0,0,0
442,2017-04-24,09:03:43,179,y1709,XDCE,5852,5816,5862,239822,14003915080,940124,964490,6104,5524,5814,5820,0,5822,0,0,0,2017-04-24,32623179,5850,272,0,0,0,0,0,0,0,0,5852,11,0,0,0,0,0,0,0,0
443,2017-04-24,09:03:43,696,y1709,XDCE,5852,5816,5862,239824,14004032120,940124,964490,6104,5524,5814,5820,0,5822,0,0,0,2017-04-24,32623696,5850,271,0,0,0,0,0,0,0,0,5852,11,0,0,0,0,0,0,0,0
444,2017-04-24,09:03:44,257,y1709,XDCE,5852,5816,5862,239834,14004617320,940114,964490,6104,5524,5814,5820,0,5822,0,0,0,2017-04-24,32624257,5850,267,0,0,0,0,0,0,0,0,5852,10,0,0,0,0,0,0,0,0
445,2017-04-24,09:03:44,748,y1709,XDCE,5850,5816,5862,240034,14016317320,940248,964490,6104,5524,5814,5820,0,5822,0,0,0,2017-04-24,32624748,5850,153,0,0,0,0,0,0,0,0,5852,253,0,0,0,0,0,0,0,0
446,2017-04-24,09:03:45,260,y1709,XDCE,5852,5816,5862,240052,14017370400,940254,964490,6104,5524,5814,5820,0,5822,0,0,0,2017-04-24,32625260,5850,141,0,0,0,0,0,0,0,0,5852,253,0,0,0,0,0,0,0,0
447,2017-04-24,09:03:45,707,y1709,XDCE,5850,5816,5862,240058,14017721400,940254,964490,6104,5524,5814,5820,0,5822,0,0,0,2017-04-24,32625707,5850,139,0,0,0,0,0,0,0,0,5852,253,0,0,0,0,0,0,0,0
448,2017-04-24,09:03:46,246,y1709,XDCE,5850,5816,5862,240074,14018657560,940254,964490,6104,5524,5814,5820,0,5822,0,0,0,2017-04-24,32626246,5850,136,0,0,0,0,0,0,0,0,5852,250,0,0,0,0,0,0,0,0
449,2017-04-24,09:03:46,710,y1709,XDCE,5850,5816,5862,240302,14031999640,940258,964490,6104,5524,5814,5820,0,5822,0,0,0,2017-04-24,32626710,5850,124,0,0,0,0,0,0,0,0,5852,149,0,0,0,0,0,0,0,0
450,2017-04-24,09:03:47,203,y1709,XDCE,5850,5816,5862,240310,14032467640,940258,964490,6104,5524,5814,5820,0,5822,0,0,0,2017-04-24,32627203,5850,120,0,0,0,0,0,0,0,0,5852,149,0,0,0,0,0,0,0,0
451,2017-04-24,09:03:47,704,y1709,XDCE,5850,5816,5862,240316,14032818640,940258,964490,6104,5524,5814,5820,0,5822,0,0,0,2017-04-24,32627704,5850,112,0,0,0,0,0,0,0,0,5852,149,0,0,0,0,0,0,0,0
452,2017-04-24,09:03:48,206,y1709,XDCE,5850,5816,5862,240550,14046507840,940438,964490,6104,5524,5814,5820,0,5822,0,0,0,2017-04-24,32628206,5848,181,0,0,0,0,0,0,0,0,5850,8,0,0,0,0,0,0,0,0
453,2017-04-24,09:03:48,671,y1709,XDCE,5850,5816,5862,240574,14047911800,940440,964490,6104,5524,5814,5820,0,5822,0,0,0,2017-04-24,32628671,5850,36,0,0,0,0,0,0,0,0,5852,162,0,0,0,0,0,0,0,0
454,2017-04-24,09:03:49,236,y1709,XDCE,5850,5816,5862,240576,14048028800,940438,964490,6104,5524,5814,5820,0,5822,0,0,0,2017-04-24,32629236,5850,51,0,0,0,0,0,0,0,0,5852,155,0,0,0,0,0,0,0,0
455,2017-04-24,09:03:49,723,y1709,XDCE,5850,5816,5862,240576,14048028800,940438,964490,6104,5524,5814,5820,0,5822,0,0,0,2017-04-24,32629723,5850,51,0,0,0,0,0,0,0,0,5852,247,0,0,0,0,0,0,0,0
456,2017-04-24,09:03:50,186,y1709,XDCE,5850,5816,5862,240578,14048145800,940438,964490,6104,5524,5814,5820,0,5822,0,0,0,2017-04-24,32630186,5850,55,0,0,0,0,0,0,0,0,5852,249,0,0,0,0,0,0,0,0
457,2017-04-24,09:03:50,681,y1709,XDCE,5850,5816,5862,240688,14054580800,940456,964490,6104,5524,5814,5820,0,5822,0,0,0,2017-04-24,32630681,5848,214,0,0,0,0,0,0,0,0,5850,4,0,0,0,0,0,0,0,0
458,2017-04-24,09:03:51,212,y1709,XDCE,5852,5816,5862,240704,14055516920,940448,964490,6104,5524,5814,5820,0,5822,0,0,0,2017-04-24,32631212,5848,207,0,0,0,0,0,0,0,0,5852,284,0,0,0,0,0,0,0,0
459,2017-04-24,09:03:51,754,y1709,XDCE,5848,5816,5862,240706,14055633880,940448,964490,6104,5524,5814,5820,0,5822,0,0,0,2017-04-24,32631754,5848,206,0,0,0,0,0,0,0,0,5852,283,0,0,0,0,0,0,0,0
460,2017-04-24,09:03:52,236,y1709,XDCE,5848,5816,5862,240712,14055984760,940446,964490,6104,5524,5814,5820,0,5822,0,0,0,2017-04-24,32632236,5848,206,0,0,0,0,0,0,0,0,5850,1,0,0,0,0,0,0,0,0
461,2017-04-24,09:03:52,687,y1709,XDCE,5848,5816,5862,240798,14061014040,940414,964490,6104,5524,5814,5820,0,5822,0,0,0,2017-04-24,32632687,5848,163,0,0,0,0,0,0,0,0,5850,53,0,0,0,0,0,0,0,0
462,2017-04-24,09:03:53,170,y1709,XDCE,5850,5816,5862,240800,14061131040,940414,964490,6104,5524,5814,5820,0,5822,0,0,0,2017-04-24,32633170,5848,130,0,0,0,0,0,0,0,0,5850,123,0,0,0,0,0,0,0,0
463,2017-04-24,09:03:53,747,y1709,XDCE,5850,5816,5862,240830,14062885920,940412,964490,6104,5524,5814,5820,0,5822,0,0,0,2017-04-24,32633747,5848,123,0,0,0,0,0,0,0,0,5850,112,0,0,0,0,0,0,0,0
464,2017-04-24,09:03:54,220,y1709,XDCE,5850,5816,5862,240830,14062885920,940412,964490,6104,5524,5814,5820,0,5822,0,0,0,2017-04-24,32634220,5848,141,0,0,0,0,0,0,0,0,5850,114,0,0,0,0,0,0,0,0
465,2017-04-24,09:03:54,698,y1709,XDCE,5850,5816,5862,240834,14063119920,940412,964490,6104,5524,5814,5820,0,5822,0,0,0,2017-04-24,32634698,5848,141,0,0,0,0,0,0,0,0,5850,112,0,0,0,0,0,0,0,0
466,2017-04-24,09:03:55,188,y1709,XDCE,5850,5816,5862,240836,14063236920,940412,964490,6104,5524,5814,5820,0,5822,0,0,0,2017-04-24,32635188,5848,146,0,0,0,0,0,0,0,0,5850,106,0,0,0,0,0,0,0,0
467,2017-04-24,09:03:55,682,y1709,XDCE,5850,5816,5862,240844,14063704800,940406,964490,6104,5524,5814,5820,0,5822,0,0,0,2017-04-24,32635682,5848,159,0,0,0,0,0,0,0,0,5850,107,0,0,0,0,0,0,0,0
468,2017-04-24,09:03:56,208,y1709,XDCE,5850,5816,5862,240844,14063704800,940406,964490,6104,5524,5814,5820,0,5822,0,0,0,2017-04-24,32636208,5848,160,0,0,0,0,0,0,0,0,5850,108,0,0,0,0,0,0,0,0
469,2017-04-24,09:03:56,688,y1709,XDCE,5848,5816,5862,240854,14064289680,940404,964490,6104,5524,5814,5820,0,5822,0,0,0,2017-04-24,32636688,5848,157,0,0,0,0,0,0,0,0,5850,105,0,0,0,0,0,0,0,0
470,2017-04-24,09:03:57,206,y1709,XDCE,5848,5816,5862,240858,14064523600,940406,964490,6104,5524,5814,5820,0,5822,0,0,0,2017-04-24,32637206,5848,155,0,0,0,0,0,0,0,0,5850,106,0,0,0,0,0,0,0,0
471,2017-04-24,09:03:57,717,y1709,XDCE,5850,5816,5862,240864,14064874520,940406,964490,6104,5524,5814,5820,0,5822,0,0,0,2017-04-24,32637717,5848,153,0,0,0,0,0,0,0,0,5850,105,0,0,0,0,0,0,0,0
472,2017-04-24,09:03:58,245,y1709,XDCE,5848,5816,5862,240878,14065693440,940406,964490,6104,5524,5814,5820,0,5822,0,0,0,2017-04-24,32638245,5848,122,0,0,0,0,0,0,0,0,5850,103,0,0,0,0,0,0,0,0
473,2017-04-24,09:03:58,748,y1709,XDCE,5850,5816,5862,241118,14079733320,940494,964490,6104,5524,5814,5820,0,5822,0,0,0,2017-04-24,32638748,5850,286,0,0,0,0,0,0,0,0,5852,283,0,0,0,0,0,0,0,0
474,2017-04-24,09:03:59,235,y1709,XDCE,5850,5816,5862,241124,14080084360,940492,964490,6104,5524,5814,5820,0,5822,0,0,0,2017-04-24,32639235,5850,330,0,0,0,0,0,0,0,0,5852,270,0,0,0,0,0,0,0,0
475,2017-04-24,09:03:59,685,y1709,XDCE,5850,5816,5862,241146,14081371520,940486,964490,6104,5524,5814,5820,0,5822,0,0,0,2017-04-24,32639685,5850,327,0,0,0,0,0,0,0,0,5852,256,0,0,0,0,0,0,0,0
476,2017-04-24,09:04:00,254,y1709,XDCE,5850,5816,5862,241162,14082307520,940486,964490,6104,5524,5814,5820,0,5822,0,0,0,2017-04-24,32640254,5850,323,0,0,0,0,0,0,0,0,5852,256,0,0,0,0,0,0,0,0
477,2017-04-24,09:04:00,760,y1709,XDCE,5850,5816,5862,241174,14083009520,940490,964490,6104,5524,5814,5820,0,5822,0,0,0,2017-04-24,32640760,5850,320,0,0,0,0,0,0,0,0,5852,256,0,0,0,0,0,0,0,0
478,2017-04-24,09:04:01,241,y1709,XDCE,5850,5816,5862,241380,14095060520,940492,964490,6104,5524,5814,5820,0,5822,0,0,0,2017-04-24,32641241,5850,184,0,0,0,0,0,0,0,0,5852,299,0,0,0,0,0,0,0,0
479,2017-04-24,09:04:01,756,y1709,XDCE,5850,5816,5862,241506,14102432040,940592,964490,6104,5524,5814,5820,0,5822,0,0,0,2017-04-24,32641756,5850,124,0,0,0,0,0,0,0,0,5852,288,0,0,0,0,0,0,0,0
480,2017-04-24,09:04:02,176,y1709,XDCE,5850,5816,5862,241612,14108633080,940638,964490,6104,5524,5814,5820,0,5822,0,0,0,2017-04-24,32642176,5850,126,0,0,0,0,0,0,0,0,5852,289,0,0,0,0,0,0,0,0
481,2017-04-24,09:04:02,691,y1709,XDCE,5850,5816,5862,241624,14109335080,940640,964490,6104,5524,5814,5820,0,5822,0,0,0,2017-04-24,32642691,5850,120,0,0,0,0,0,0,0,0,5852,290,0,0,0,0,0,0,0,0
482,2017-04-24,09:04:03,240,y1709,XDCE,5850,5816,5862,241656,14111207080,940640,964490,6104,5524,5814,5820,0,5822,0,0,0,2017-04-24,32643240,5850,105,0,0,0,0,0,0,0,0,5852,290,0,0,0,0,0,0,0,0
483,2017-04-24,09:04:03,715,y1709,XDCE,5850,5816,5862,241662,14111558080,940640,964490,6104,5524,5814,5820,0,5822,0,0,0,2017-04-24,32643715,5850,102,0,0,0,0,0,0,0,0,5852,290,0,0,0,0,0,0,0,0
484,2017-04-24,09:04:04,160,y1709,XDCE,5852,5816,5862,241676,14112377360,940626,964490,6104,5524,5814,5820,0,5822,0,0,0,2017-04-24,32644160,5850,102,0,0,0,0,0,0,0,0,5852,285,0,0,0,0,0,0,0,0
485,2017-04-24,09:04:04,741,y1709,XDCE,5850,5816,5862,241680,14112611400,940630,964490,6104,5524,5814,5820,0,5822,0,0,0,2017-04-24,32644741,5850,97,0,0,0,0,0,0,0,0,5852,286,0,0,0,0,0,0,0,0
486,2017-04-24,09:04:05,219,y1709,XDCE,5850,5816,5862,241732,14115653400,940640,964490,6104,5524,5814,5820,0,5822,0,0,0,2017-04-24,32645219,5850,71,0,0,0,0,0,0,0,0,5852,295,0,0,0,0,0,0,0,0
487,2017-04-24,09:04:05,729,y1709,XDCE,5850,5816,5862,241746,14116472440,940634,964490,6104,5524,5814,5820,0,5822,0,0,0,2017-04-24,32645729,5850,72,0,0,0,0,0,0,0,0,5852,294,0,0,0,0,0,0,0,0
488,2017-04-24,09:04:06,176,y1709,XDCE,5850,5816,5862,241752,14116823440,940632,964490,6104,5524,5814,5820,0,5822,0,0,0,2017-04-24,32646176,5850,69,0,0,0,0,0,0,0,0,5852,294,0,0,0,0,0,0,0,0
489,2017-04-24,09:04:06,738,y1709,XDCE,5850,5816,5862,241756,14117057440,940636,964490,6104,5524,5814,5820,0,5822,0,0,0,2017-04-24,32646738,5850,72,0,0,0,0,0,0,0,0,5852,294,0,0,0,0,0,0,0,0
490,2017-04-24,09:04:07,98,y1709,XDCE,5850,5816,5862,241756,14117057440,940636,964490,6104,5524,5814,5820,0,5822,0,0,0,2017-04-24,32647098,5850,72,0,0,0,0,0,0,0,0,5852,296,0,0,0,0,0,0,0,0
491,2017-04-24,09:04:07,687,y1709,XDCE,5850,5816,5862,241758,14117174440,940634,964490,6104,5524,5814,5820,0,5822,0,0,0,2017-04-24,32647687,5850,83,0,0,0,0,0,0,0,0,5852,291,0,0,0,0,0,0,0,0
492,2017-04-24,09:04:08,197,y1709,XDCE,5850,5816,5862,241768,14117759440,940634,964490,6104,5524,5814,5820,0,5822,0,0,0,2017-04-24,32648197,5850,78,0,0,0,0,0,0,0,0,5852,291,0,0,0,0,0,0,0,0
493,2017-04-24,09:04:08,756,y1709,XDCE,5850,5816,5862,241772,14117993440,940634,964490,6104,5524,5814,5820,0,5822,0,0,0,2017-04-24,32648756,5850,103,0,0,0,0,0,0,0,0,5852,283,0,0,0,0,0,0,0,0
494,2017-04-24,09:04:09,254,y1709,XDCE,5852,5816,5862,241800,14119631680,940628,964490,6104,5524,5814,5820,0,5822,0,0,0,2017-04-24,32649254,5850,135,0,0,0,0,0,0,0,0,5852,278,0,0,0,0,0,0,0,0
495,2017-04-24,09:04:09,700,y1709,XDCE,5850,5816,5862,241834,14121621320,940628,964490,6104,5524,5814,5820,0,5822,0,0,0,2017-04-24,32649700,5850,163,0,0,0,0,0,0,0,0,5852,225,0,0,0,0,0,0,0,0
496,2017-04-24,09:04:10,210,y1709,XDCE,5852,5816,5862,241860,14123142360,940632,964490,6104,5524,5814,5820,0,5822,0,0,0,2017-04-24,32650210,5850,158,0,0,0,0,0,0,0,0,5852,225,0,0,0,0,0,0,0,0
497,2017-04-24,09:04:10,683,y1709,XDCE,5852,5816,5862,241860,14123142360,940632,964490,6104,5524,5814,5820,0,5822,0,0,0,2017-04-24,32650683,5850,145,0,0,0,0,0,0,0,0,5852,220,0,0,0,0,0,0,0,0
498,2017-04-24,09:04:11,219,y1709,XDCE,5852,5816,5862,241860,14123142360,940632,964490,6104,5524,5814,5820,0,5822,0,0,0,2017-04-24,32651219,5850,151,0,0,0,0,0,0,0,0,5852,220,0,0,0,0,0,0,0,0
499,2017-04-24,09:04:11,632,y1709,XDCE,5852,5816,5862,241860,14123142360,940632,964490,6104,5524,5814,5820,0,5822,0,0,0,2017-04-24,32651632,5850,152,0,0,0,0,0,0,0,0,5852,220,0,0,0,0,0,0,0,0
500,2017-04-24,09:04:12,237,y1709,XDCE,5852,5816,5862,241862,14123259400,940630,964490,6104,5524,5814,5820,0,5822,0,0,0,2017-04-24,32652237,5850,137,0,0,0,0,0,0,0,0,5852,259,0,0,0,0,0,0,0,0
501,2017-04-24,09:04:12,714,y1709,XDCE,5850,5816,5862,241864,14123376400,940630,964490,6104,5524,5814,5820,0,5822,0,0,0,2017-04-24,32652714,5850,138,0,0,0,0,0,0,0,0,5852,259,0,0,0,0,0,0,0,0
502,2017-04-24,09:04:13,172,y1709,XDCE,5850,5816,5862,241864,14123376400,940630,964490,6104,5524,5814,5820,0,5822,0,0,0,2017-04-24,32653172,5850,138,0,0,0,0,0,0,0,0,5852,265,0,0,0,0,0,0,0,0
503,2017-04-24,09:04:13,670,y1709,XDCE,5850,5816,5862,241864,14123376400,940630,964490,6104,5524,5814,5820,0,5822,0,0,0,2017-04-24,32653670,5850,139,0,0,0,0,0,0,0,0,5852,265,0,0,0,0,0,0,0,0
504,2017-04-24,09:04:14,218,y1709,XDCE,5850,5816,5862,241866,14123493400,940632,964490,6104,5524,5814,5820,0,5822,0,0,0,2017-04-24,32654218,5850,117,0,0,0,0,0,0,0,0,5852,265,0,0,0,0,0,0,0,0
505,2017-04-24,09:04:14,730,y1709,XDCE,5850,5816,5862,241866,14123493400,940632,964490,6104,5524,5814,5820,0,5822,0,0,0,2017-04-24,32654730,5850,97,0,0,0,0,0,0,0,0,5852,384,0,0,0,0,0,0,0,0
506,2017-04-24,09:04:15,218,y1709,XDCE,5850,5816,5862,241878,14124195600,940622,964490,6104,5524,5814,5820,0,5822,0,0,0,2017-04-24,32655218,5850,96,0,0,0,0,0,0,0,0,5852,379,0,0,0,0,0,0,0,0
507,2017-04-24,09:04:15,652,y1709,XDCE,5852,5816,5862,241888,14124780640,940622,964490,6104,5524,5814,5820,0,5822,0,0,0,2017-04-24,32655652,5850,92,0,0,0,0,0,0,0,0,5852,378,0,0,0,0,0,0,0,0
508,2017-04-24,09:04:16,221,y1709,XDCE,5850,5816,5862,241894,14125131640,940622,964490,6104,5524,5814,5820,0,5822,0,0,0,2017-04-24,32656221,5850,92,0,0,0,0,0,0,0,0,5852,378,0,0,0,0,0,0,0,0
509,2017-04-24,09:04:16,675,y1709,XDCE,5852,5816,5862,241896,14125248680,940622,964490,6104,5524,5814,5820,0,5822,0,0,0,2017-04-24,32656675,5850,174,0,0,0,0,0,0,0,0,5852,374,0,0,0,0,0,0,0,0
510,2017-04-24,09:04:17,190,y1709,XDCE,5850,5816,5862,241916,14126418680,940622,964490,6104,5524,5814,5820,0,5822,0,0,0,2017-04-24,32657190,5850,164,0,0,0,0,0,0,0,0,5852,362,0,0,0,0,0,0,0,0
511,2017-04-24,09:04:17,698,y1709,XDCE,5852,5816,5862,241920,14126652720,940622,964490,6104,5524,5814,5820,0,5822,0,0,0,2017-04-24,32657698,5850,184,0,0,0,0,0,0,0,0,5852,361,0,0,0,0,0,0,0,0
512,2017-04-24,09:04:18,210,y1709,XDCE,5852,5816,5862,241920,14126652720,940622,964490,6104,5524,5814,5820,0,5822,0,0,0,2017-04-24,32658210,5850,185,0,0,0,0,0,0,0,0,5852,371,0,0,0,0,0,0,0,0
513,2017-04-24,09:04:18,547,y1709,XDCE,5852,5816,5862,241920,14126652720,940622,964490,6104,5524,5814,5820,0,5822,0,0,0,2017-04-24,32658547,5850,185,0,0,0,0,0,0,0,0,5852,376,0,0,0,0,0,0,0,0
514,2017-04-24,09:04:19,257,y1709,XDCE,5852,5816,5862,241930,14127237920,940612,964490,6104,5524,5814,5820,0,5822,0,0,0,2017-04-24,32659257,5850,185,0,0,0,0,0,0,0,0,5852,371,0,0,0,0,0,0,0,0
515,2017-04-24,09:04:19,689,y1709,XDCE,5852,5816,5862,241930,14127237920,940612,964490,6104,5524,5814,5820,0,5822,0,0,0,2017-04-24,32659689,5850,187,0,0,0,0,0,0,0,0,5852,371,0,0,0,0,0,0,0,0
516,2017-04-24,09:04:20,175,y1709,XDCE,5852,5816,5862,241932,14127354960,940610,964490,6104,5524,5814,5820,0,5822,0,0,0,2017-04-24,32660175,5850,187,0,0,0,0,0,0,0,0,5852,366,0,0,0,0,0,0,0,0
517,2017-04-24,09:04:20,702,y1709,XDCE,5852,5816,5862,241934,14127472000,940610,964490,6104,5524,5814,5820,0,5822,0,0,0,2017-04-24,32660702,5850,188,0,0,0,0,0,0,0,0,5852,374,0,0,0,0,0,0,0,0
518,2017-04-24,09:04:21,200,y1709,XDCE,5852,5816,5862,241936,14127589040,940610,964490,6104,5524,5814,5820,0,5822,0,0,0,2017-04-24,32661200,5850,189,0,0,0,0,0,0,0,0,5852,364,0,0,0,0,0,0,0,0
519,2017-04-24,09:04:21,598,y1709,XDCE,5852,5816,5862,241936,14127589040,940610,964490,6104,5524,5814,5820,0,5822,0,0,0,2017-04-24,32661598,5850,194,0,0,0,0,0,0,0,0,5852,363,0,0,0,0,0,0,0,0
520,2017-04-24,09:04:22,201,y1709,XDCE,5852,5816,5862,241936,14127589040,940610,964490,6104,5524,5814,5820,0,5822,0,0,0,2017-04-24,32662201,5850,196,0,0,0,0,0,0,0,0,5852,363,0,0,0,0,0,0,0,0
521,2017-04-24,09:04:22,690,y1709,XDCE,5852,5816,5862,241936,14127589040,940610,964490,6104,5524,5814,5820,0,5822,0,0,0,2017-04-24,32662690,5850,201,0,0,0,0,0,0,0,0,5852,363,0,0,0,0,0,0,0,0
522,2017-04-24,09:04:23,181,y1709,XDCE,5852,5816,5862,241940,14127823120,940610,964490,6104,5524,5814,5820,0,5822,0,0,0,2017-04-24,32663181,5850,202,0,0,0,0,0,0,0,0,5852,361,0,0,0,0,0,0,0,0
523,2017-04-24,09:04:23,756,y1709,XDCE,5852,5816,5862,241940,14127823120,940610,964490,6104,5524,5814,5820,0,5822,0,0,0,2017-04-24,32663756,5850,204,0,0,0,0,0,0,0,0,5852,361,0,0,0,0,0,0,0,0
524,2017-04-24,09:04:24,222,y1709,XDCE,5852,5816,5862,242146,14139874200,940742,964490,6104,5524,5814,5820,0,5822,0,0,0,2017-04-24,32664222,5850,77,0,0,0,0,0,0,0,0,5852,383,0,0,0,0,0,0,0,0
525,2017-04-24,09:04:24,705,y1709,XDCE,5850,5816,5862,242148,14139991200,940740,964490,6104,5524,5814,5820,0,5822,0,0,0,2017-04-24,32664705,5850,77,0,0,0,0,0,0,0,0,5852,389,0,0,0,0,0,0,0,0
