,dataDate,dataTime,dataMillisec,instrumentID,exchangeCD,lastPrice,lowPrice,highPrice,volume,value,openInterest,preOpenInterest,upperLimitPrice,lowerLimitPrice,preSettlementPrice,prevClosePrice,settlementPrice,openPrice,closePrice,preDelta,currDelta,clearingDay,milliSecOffset,bidPrice1,bidVolume1,bidPrice2,bidVolume2,bidPrice3,bidVolume3,bidPrice4,bidVolume4,bidPrice5,bidVolume5,askPrice1,askVolume1,askPrice2,askVolume2,askPrice3,askVolume3,askPrice4,askVolume4,askPrice5,askVolume5
0,2017-04-24,09:00:00,0,ZC705,XZCE,627.0,625,627.4,14496,907968000.0,107960,117754,664.8,589.2,627,626,0.0,625,0,0,0,2017-04-24,32400000,626.8,14,0,0,0,0,0,0,0,0,627.0,2,0,0,0,0,0,0,0,0
1,2017-04-24,09:00:01,0,ZC705,XZCE,626.8,625,627.4,14500,908218720.0,107956,117754,664.8,589.2,627,626,0.0,625,0,0,0,2017-04-24,32401000,626.8,12,0,0,0,0,0,0,0,0,627.0,2,0,0,0,0,0,0,0,0
2,2017-04-24,09:00:01,0,ZC705,XZCE,626.8,625,627.4,14500,908218720.0,107956,117754,664.8,589.2,627,626,0.0,625,0,0,0,2017-04-24,32401000,626.8,12,0,0,0,0,0,0,0,0,627.0,20,0,0,0,0,0,0,0,0
3,2017-04-24,09:00:02,0,ZC705,XZCE,626.8,625,627.4,14504,908469440.0,107956,117754,664.8,589.2,627,626,0.0,625,0,0,0,2017-04-24,32402000,626.8,10,0,0,0,0,0,0,0,0,627.0,20,0,0,0,0,0,0,0,0
4,2017-04-24,09:00:02,0,ZC705,XZCE,626.6,625,627.4,14542,910850520.0,107974,117754,664.8,589.2,627,626,0.0,625,0,0,0,2017-04-24,32402000,626.6,13,0,0,0,0,0,0,0,0,627.0,14,0,0,0,0,0,0,0,0
5,2017-04-24,09:00:03,0,ZC705,XZCE,626.6,625,627.4,14542,910850520.0,107974,117754,664.8,589.2,627,626,0.0,625,0,0,0,2017-04-24,32403000,626.6,13,0,0,0,0,0,0,0,0,627.0,15,0,0,0,0,0,0,0,0
6,2017-04-24,09:00:03,0,ZC705,XZCE,626.6,625,627.4,14542,910850520.0,107974,117754,664.8,589.2,627,626,0.0,625,0,0,0,2017-04-24,32403000,626.6,13,0,0,0,0,0,0,0,0,626.8,7,0,0,0,0,0,0,0,0
7,2017-04-24,09:00:04,0,ZC705,XZCE,626.6,625,627.4,14542,910850520.0,107974,117754,664.8,589.2,627,626,0.0,625,0,0,0,2017-04-24,32404000,626.6,13,0,0,0,0,0,0,0,0,626.8,11,0,0,0,0,0,0,0,0
8,2017-04-24,09:00:06,0,ZC705,XZCE,626.6,625,627.4,14562,912103720.0,107954,117754,664.8,589.2,627,626,0.0,625,0,0,0,2017-04-24,32406000,626.6,3,0,0,0,0,0,0,0,0,626.8,11,0,0,0,0,0,0,0,0
9,2017-04-24,09:00:07,0,ZC705,XZCE,626.6,625,627.4,14568,912479680.0,107948,117754,664.8,589.2,627,626,0.0,625,0,0,0,2017-04-24,32407000,626.4,64,0,0,0,0,0,0,0,0,626.6,47,0,0,0,0,0,0,0,0
10,2017-04-24,09:00:09,0,ZC705,XZCE,626.6,625,627.4,14568,912479680.0,107948,117754,664.8,589.2,627,626,0.0,625,0,0,0,2017-04-24,32409000,626.4,64,0,0,0,0,0,0,0,0,626.6,64,0,0,0,0,0,0,0,0
11,2017-04-24,09:00:12,0,ZC705,XZCE,626.4,625,627.4,14648,917490880.0,107868,117754,664.8,589.2,627,626,0.0,625,0,0,0,2017-04-24,32412000,626.4,24,0,0,0,0,0,0,0,0,626.6,64,0,0,0,0,0,0,0,0
12,2017-04-24,09:00:19,0,ZC705,XZCE,626.6,625,627.4,14650,917616200.0,107866,117754,664.8,589.2,627,626,0.0,625,0,0,0,2017-04-24,32419000,626.4,24,0,0,0,0,0,0,0,0,626.6,63,0,0,0,0,0,0,0,0
13,2017-04-24,09:00:21,0,ZC705,XZCE,626.6,625,627.4,14650,917616200.0,107866,117754,664.8,589.2,627,626,0.0,625,0,0,0,2017-04-24,32421000,626.4,43,0,0,0,0,0,0,0,0,626.6,63,0,0,0,0,0,0,0,0
14,2017-04-24,09:00:22,0,ZC705,XZCE,626.6,625,627.4,14714,921626440.0,107866,117754,664.8,589.2,627,626,0.0,625,0,0,0,2017-04-24,32422000,626.4,43,0,0,0,0,0,0,0,0,626.6,31,0,0,0,0,0,0,0,0
15,2017-04-24,09:00:24,0,ZC705,XZCE,626.4,625,627.4,14718,921877000.0,107866,117754,664.8,589.2,627,626,0.0,625,0,0,0,2017-04-24,32424000,626.4,41,0,0,0,0,0,0,0,0,626.6,31,0,0,0,0,0,0,0,0
16,2017-04-24,09:00:25,0,ZC705,XZCE,626.4,625,627.4,14738,923129800.0,107846,117754,664.8,589.2,627,626,0.0,625,0,0,0,2017-04-24,32425000,626.4,31,0,0,0,0,0,0,0,0,626.6,31,0,0,0,0,0,0,0,0
17,2017-04-24,09:00:30,0,ZC705,XZCE,626.4,625,627.4,14748,923756200.0,107840,117754,664.8,589.2,627,626,0.0,625,0,0,0,2017-04-24,32430000,626.4,26,0,0,0,0,0,0,0,0,626.6,31,0,0,0,0,0,0,0,0
18,2017-04-24,09:00:33,0,ZC705,XZCE,626.4,625,627.4,14768,925009000.0,107820,117754,664.8,589.2,627,626,0.0,625,0,0,0,2017-04-24,32433000,626.4,16,0,0,0,0,0,0,0,0,626.6,31,0,0,0,0,0,0,0,0
19,2017-04-24,09:00:34,0,ZC705,XZCE,626.4,625,627.4,14770,925134280.0,107820,117754,664.8,589.2,627,626,0.0,625,0,0,0,2017-04-24,32434000,626.4,15,0,0,0,0,0,0,0,0,626.6,31,0,0,0,0,0,0,0,0
20,2017-04-24,09:00:36,0,ZC705,XZCE,626.4,625,627.4,14780,925760680.0,107820,117754,664.8,589.2,627,626,0.0,625,0,0,0,2017-04-24,32436000,626.4,10,0,0,0,0,0,0,0,0,626.6,31,0,0,0,0,0,0,0,0
21,2017-04-24,09:00:38,0,ZC705,XZCE,626.4,625,627.4,14782,925885960.0,107820,117754,664.8,589.2,627,626,0.0,625,0,0,0,2017-04-24,32438000,626.4,9,0,0,0,0,0,0,0,0,626.6,31,0,0,0,0,0,0,0,0
22,2017-04-24,09:00:39,0,ZC705,XZCE,626.4,625,627.4,14784,926011240.0,107820,117754,664.8,589.2,627,626,0.0,625,0,0,0,2017-04-24,32439000,626.4,8,0,0,0,0,0,0,0,0,626.6,31,0,0,0,0,0,0,0,0
23,2017-04-24,09:00:41,0,ZC705,XZCE,626.2,625,627.4,14828,928766520.0,107776,117754,664.8,589.2,627,626,0.0,625,0,0,0,2017-04-24,32441000,626.2,105,0,0,0,0,0,0,0,0,626.6,29,0,0,0,0,0,0,0,0
24,2017-04-24,09:00:41,0,ZC705,XZCE,626.2,625,627.4,14836,929267480.0,107768,117754,664.8,589.2,627,626,0.0,625,0,0,0,2017-04-24,32441000,626.2,101,0,0,0,0,0,0,0,0,626.6,29,0,0,0,0,0,0,0,0
25,2017-04-24,09:00:45,0,ZC705,XZCE,626.2,625,627.4,14836,929267480.0,107768,117754,664.8,589.2,627,626,0.0,625,0,0,0,2017-04-24,32445000,626.2,101,0,0,0,0,0,0,0,0,626.4,1,0,0,0,0,0,0,0,0
26,2017-04-24,09:00:46,0,ZC705,XZCE,626.6,625,627.4,14842,929643440.0,107766,117754,664.8,589.2,627,626,0.0,625,0,0,0,2017-04-24,32446000,626.2,100,0,0,0,0,0,0,0,0,626.6,28,0,0,0,0,0,0,0,0
27,2017-04-24,09:00:46,0,ZC705,XZCE,626.6,625,627.4,14842,929643440.0,107766,117754,664.8,589.2,627,626,0.0,625,0,0,0,2017-04-24,32446000,626.2,100,0,0,0,0,0,0,0,0,626.4,2,0,0,0,0,0,0,0,0
28,2017-04-24,09:00:49,0,ZC705,XZCE,626.4,625,627.4,14846,929894000.0,107766,117754,664.8,589.2,627,626,0.0,625,0,0,0,2017-04-24,32449000,626.2,100,0,0,0,0,0,0,0,0,626.6,28,0,0,0,0,0,0,0,0
29,2017-04-24,09:00:49,0,ZC705,XZCE,626.4,625,627.4,14846,929894000.0,107766,117754,664.8,589.2,627,626,0.0,625,0,0,0,2017-04-24,32449000,626.4,2,0,0,0,0,0,0,0,0,626.6,28,0,0,0,0,0,0,0,0
30,2017-04-24,09:00:54,0,ZC705,XZCE,626.6,625,627.4,14850,930144640.0,107762,117754,664.8,589.2,627,626,0.0,625,0,0,0,2017-04-24,32454000,626.4,2,0,0,0,0,0,0,0,0,626.6,26,0,0,0,0,0,0,0,0
31,2017-04-24,09:00:57,0,ZC705,XZCE,626.4,625,627.4,14852,930269920.0,107762,117754,664.8,589.2,627,626,0.0,625,0,0,0,2017-04-24,32457000,626.4,1,0,0,0,0,0,0,0,0,626.6,26,0,0,0,0,0,0,0,0
32,2017-04-24,09:00:57,0,ZC705,XZCE,626.6,625,627.4,14856,930520560.0,107758,117754,664.8,589.2,627,626,0.0,625,0,0,0,2017-04-24,32457000,626.4,1,0,0,0,0,0,0,0,0,626.6,24,0,0,0,0,0,0,0,0
33,2017-04-24,09:00:57,0,ZC705,XZCE,626.6,625,627.4,14858,930645880.0,107756,117754,664.8,589.2,627,626,0.0,625,0,0,0,2017-04-24,32457000,626.4,1,0,0,0,0,0,0,0,0,626.6,23,0,0,0,0,0,0,0,0
34,2017-04-24,09:00:58,0,ZC705,XZCE,626.6,625,627.4,14868,931272480.0,107746,117754,664.8,589.2,627,626,0.0,625,0,0,0,2017-04-24,32458000,626.4,1,0,0,0,0,0,0,0,0,626.6,18,0,0,0,0,0,0,0,0
35,2017-04-24,09:01:00,0,ZC705,XZCE,626.6,625,627.4,14872,931523120.0,107742,117754,664.8,589.2,627,626,0.0,625,0,0,0,2017-04-24,32460000,626.4,1,0,0,0,0,0,0,0,0,626.6,16,0,0,0,0,0,0,0,0
36,2017-04-24,09:01:03,0,ZC705,XZCE,626.4,625,627.4,14874,931648400.0,107740,117754,664.8,589.2,627,626,0.0,625,0,0,0,2017-04-24,32463000,626.2,100,0,0,0,0,0,0,0,0,626.6,16,0,0,0,0,0,0,0,0
37,2017-04-24,09:01:04,0,ZC705,XZCE,626.4,625,627.4,14874,931648400.0,107740,117754,664.8,589.2,627,626,0.0,625,0,0,0,2017-04-24,32464000,626.2,100,0,0,0,0,0,0,0,0,626.6,19,0,0,0,0,0,0,0,0
38,2017-04-24,09:01:04,0,ZC705,XZCE,626.6,625,627.4,14878,931899040.0,107736,117754,664.8,589.2,627,626,0.0,625,0,0,0,2017-04-24,32464000,626.2,100,0,0,0,0,0,0,0,0,626.6,17,0,0,0,0,0,0,0,0
39,2017-04-24,09:01:05,0,ZC705,XZCE,626.6,625,627.4,14878,931899040.0,107736,117754,664.8,589.2,627,626,0.0,625,0,0,0,2017-04-24,32465000,626.4,2,0,0,0,0,0,0,0,0,626.6,17,0,0,0,0,0,0,0,0
40,2017-04-24,09:01:08,0,ZC705,XZCE,626.6,625,627.4,14898,933152240.0,107716,117754,664.8,589.2,627,626,0.0,625,0,0,0,2017-04-24,32468000,626.4,2,0,0,0,0,0,0,0,0,626.6,7,0,0,0,0,0,0,0,0
41,2017-04-24,09:01:08,0,ZC705,XZCE,626.6,625,627.4,14902,933402880.0,107712,117754,664.8,589.2,627,626,0.0,625,0,0,0,2017-04-24,32468000,626.4,2,0,0,0,0,0,0,0,0,626.6,5,0,0,0,0,0,0,0,0
42,2017-04-24,09:01:09,0,ZC705,XZCE,626.2,625,627.4,15102,945926880.0,107516,117754,664.8,589.2,627,626,0.0,625,0,0,0,2017-04-24,32469000,626.2,2,0,0,0,0,0,0,0,0,626.6,5,0,0,0,0,0,0,0,0
43,2017-04-24,09:01:10,0,ZC705,XZCE,626.6,625,627.4,15108,946302840.0,107512,117754,664.8,589.2,627,626,0.0,625,0,0,0,2017-04-24,32470000,626.4,2,0,0,0,0,0,0,0,0,626.6,2,0,0,0,0,0,0,0,0
44,2017-04-24,09:01:12,0,ZC705,XZCE,626.4,625,627.4,15112,946553400.0,107508,117754,664.8,589.2,627,626,0.0,625,0,0,0,2017-04-24,32472000,626.2,2,0,0,0,0,0,0,0,0,626.4,8,0,0,0,0,0,0,0,0
45,2017-04-24,09:01:13,0,ZC705,XZCE,626.2,625,627.4,15134,947931040.0,107490,117754,664.8,589.2,627,626,0.0,625,0,0,0,2017-04-24,32473000,626.0,150,0,0,0,0,0,0,0,0,626.2,1,0,0,0,0,0,0,0,0
46,2017-04-24,09:01:16,0,ZC705,XZCE,626.2,625,627.4,15136,948056280.0,107488,117754,664.8,589.2,627,626,0.0,625,0,0,0,2017-04-24,32476000,626.2,4,0,0,0,0,0,0,0,0,626.4,4,0,0,0,0,0,0,0,0
47,2017-04-24,09:01:18,0,ZC705,XZCE,626.2,625,627.4,15156,949308680.0,107468,117754,664.8,589.2,627,626,0.0,625,0,0,0,2017-04-24,32478000,626.2,4,0,0,0,0,0,0,0,0,626.4,54,0,0,0,0,0,0,0,0
48,2017-04-24,09:01:19,0,ZC705,XZCE,626.2,625,627.4,15156,949308680.0,107468,117754,664.8,589.2,627,626,0.0,625,0,0,0,2017-04-24,32479000,626.2,4,0,0,0,0,0,0,0,0,626.4,55,0,0,0,0,0,0,0,0
49,2017-04-24,09:01:21,0,ZC705,XZCE,626.2,625,627.4,15156,949308680.0,107468,117754,664.8,589.2,627,626,0.0,625,0,0,0,2017-04-24,32481000,626.2,4,0,0,0,0,0,0,0,0,626.4,56,0,0,0,0,0,0,0,0
50,2017-04-24,09:01:22,0,ZC705,XZCE,626.4,625,627.4,15160,949559240.0,107464,117754,664.8,589.2,627,626,0.0,625,0,0,0,2017-04-24,32482000,626.2,4,0,0,0,0,0,0,0,0,626.4,54,0,0,0,0,0,0,0,0
51,2017-04-24,09:01:23,0,ZC705,XZCE,626.2,625,627.4,15168,950060200.0,107456,117754,664.8,589.2,627,626,0.0,625,0,0,0,2017-04-24,32483000,626.0,151,0,0,0,0,0,0,0,0,626.2,6,0,0,0,0,0,0,0,0
52,2017-04-24,09:01:24,0,ZC705,XZCE,626.2,625,627.4,15170,950185440.0,107454,117754,664.8,589.2,627,626,0.0,625,0,0,0,2017-04-24,32484000,626.0,151,0,0,0,0,0,0,0,0,626.2,5,0,0,0,0,0,0,0,0
53,2017-04-24,09:01:27,0,ZC705,XZCE,626.2,625,627.4,15170,950185440.0,107454,117754,664.8,589.2,627,626,0.0,625,0,0,0,2017-04-24,32487000,626.0,151,0,0,0,0,0,0,0,0,626.2,6,0,0,0,0,0,0,0,0
54,2017-04-24,09:01:27,0,ZC705,XZCE,626.2,625,627.4,15174,950435920.0,107450,117754,664.8,589.2,627,626,0.0,625,0,0,0,2017-04-24,32487000,626.0,151,0,0,0,0,0,0,0,0,626.2,4,0,0,0,0,0,0,0,0
55,2017-04-24,09:01:29,0,ZC705,XZCE,626.0,625,627.4,15176,950561120.0,107450,117754,664.8,589.2,627,626,0.0,625,0,0,0,2017-04-24,32489000,626.0,150,0,0,0,0,0,0,0,0,626.2,4,0,0,0,0,0,0,0,0
56,2017-04-24,09:01:30,0,ZC705,XZCE,626.0,625,627.4,15176,950561120.0,107450,117754,664.8,589.2,627,626,0.0,625,0,0,0,2017-04-24,32490000,626.0,150,0,0,0,0,0,0,0,0,626.2,6,0,0,0,0,0,0,0,0
57,2017-04-24,09:01:31,0,ZC705,XZCE,626.0,625,627.4,15176,950561120.0,107450,117754,664.8,589.2,627,626,0.0,625,0,0,0,2017-04-24,32491000,626.0,150,0,0,0,0,0,0,0,0,626.2,4,0,0,0,0,0,0,0,0
58,2017-04-24,09:01:31,0,ZC705,XZCE,626.0,625,627.4,15176,950561120.0,107450,117754,664.8,589.2,627,626,0.0,625,0,0,0,2017-04-24,32491000,626.0,150,0,0,0,0,0,0,0,0,626.2,5,0,0,0,0,0,0,0,0
59,2017-04-24,09:01:32,0,ZC705,XZCE,626.2,625,627.4,15180,950811600.0,107446,117754,664.8,589.2,627,626,0.0,625,0,0,0,2017-04-24,32492000,626.0,150,0,0,0,0,0,0,0,0,626.2,4,0,0,0,0,0,0,0,0
60,2017-04-24,09:01:32,0,ZC705,XZCE,626.0,625,627.4,15182,950936800.0,107444,117754,664.8,589.2,627,626,0.0,625,0,0,0,2017-04-24,32492000,626.0,149,0,0,0,0,0,0,0,0,626.2,2,0,0,0,0,0,0,0,0
61,2017-04-24,09:01:33,0,ZC705,XZCE,626.0,625,627.4,15182,950936800.0,107444,117754,664.8,589.2,627,626,0.0,625,0,0,0,2017-04-24,32493000,626.0,149,0,0,0,0,0,0,0,0,626.2,10,0,0,0,0,0,0,0,0
62,2017-04-24,09:01:33,0,ZC705,XZCE,626.0,625,627.4,15480,969591600.0,107146,117754,664.8,589.2,627,626,0.0,625,0,0,0,2017-04-24,32493000,625.8,166,0,0,0,0,0,0,0,0,626.0,1,0,0,0,0,0,0,0,0
63,2017-04-24,09:01:34,0,ZC705,XZCE,626.0,625,627.4,15482,969716800.0,107144,117754,664.8,589.2,627,626,0.0,625,0,0,0,2017-04-24,32494000,625.8,166,0,0,0,0,0,0,0,0,626.2,3,0,0,0,0,0,0,0,0
64,2017-04-24,09:01:34,0,ZC705,XZCE,626.0,625,627.4,15488,970092400.0,107138,117754,664.8,589.2,627,626,0.0,625,0,0,0,2017-04-24,32494000,625.8,166,0,0,0,0,0,0,0,0,626.0,1,0,0,0,0,0,0,0,0
65,2017-04-24,09:01:35,0,ZC705,XZCE,626.0,625,627.4,15488,970092400.0,107138,117754,664.8,589.2,627,626,0.0,625,0,0,0,2017-04-24,32495000,625.8,166,0,0,0,0,0,0,0,0,626.2,12,0,0,0,0,0,0,0,0
66,2017-04-24,09:01:36,0,ZC705,XZCE,626.0,625,627.4,15492,970342800.0,107134,117754,664.8,589.2,627,626,0.0,625,0,0,0,2017-04-24,32496000,625.8,166,0,0,0,0,0,0,0,0,626.2,12,0,0,0,0,0,0,0,0
67,2017-04-24,09:01:37,0,ZC705,XZCE,626.0,625,627.4,15492,970342800.0,107134,117754,664.8,589.2,627,626,0.0,625,0,0,0,2017-04-24,32497000,625.8,166,0,0,0,0,0,0,0,0,626.0,2,0,0,0,0,0,0,0,0
68,2017-04-24,09:01:38,0,ZC705,XZCE,626.0,625,627.4,15492,970342800.0,107134,117754,664.8,589.2,627,626,0.0,625,0,0,0,2017-04-24,32498000,625.8,166,0,0,0,0,0,0,0,0,626.0,10,0,0,0,0,0,0,0,0
69,2017-04-24,09:01:39,0,ZC705,XZCE,626.0,625,627.4,15500,970843600.0,107134,117754,664.8,589.2,627,626,0.0,625,0,0,0,2017-04-24,32499000,625.8,166,0,0,0,0,0,0,0,0,626.0,6,0,0,0,0,0,0,0,0
70,2017-04-24,09:01:39,0,ZC705,XZCE,626.0,625,627.4,15500,970843600.0,107134,117754,664.8,589.2,627,626,0.0,625,0,0,0,2017-04-24,32499000,625.8,166,0,0,0,0,0,0,0,0,626.2,58,0,0,0,0,0,0,0,0
71,2017-04-24,09:01:40,0,ZC705,XZCE,625.8,625,627.4,15504,971093920.0,107130,117754,664.8,589.2,627,626,0.0,625,0,0,0,2017-04-24,32500000,625.8,165,0,0,0,0,0,0,0,0,626.0,3,0,0,0,0,0,0,0,0
72,2017-04-24,09:01:41,0,ZC705,XZCE,625.8,625,627.4,15510,971469400.0,107128,117754,664.8,589.2,627,626,0.0,625,0,0,0,2017-04-24,32501000,625.8,157,0,0,0,0,0,0,0,0,626.0,3,0,0,0,0,0,0,0,0
73,2017-04-24,09:01:41,0,ZC705,XZCE,626.0,625,627.4,15512,971594600.0,107126,117754,664.8,589.2,627,626,0.0,625,0,0,0,2017-04-24,32501000,625.8,157,0,0,0,0,0,0,0,0,626.0,3,0,0,0,0,0,0,0,0
74,2017-04-24,09:01:42,0,ZC705,XZCE,626.0,625,627.4,15512,971594600.0,107126,117754,664.8,589.2,627,626,0.0,625,0,0,0,2017-04-24,32502000,625.8,157,0,0,0,0,0,0,0,0,626.0,2,0,0,0,0,0,0,0,0
75,2017-04-24,09:01:43,0,ZC705,XZCE,626.0,625,627.4,15514,971719800.0,107124,117754,664.8,589.2,627,626,0.0,625,0,0,0,2017-04-24,32503000,625.8,157,0,0,0,0,0,0,0,0,626.0,1,0,0,0,0,0,0,0,0
76,2017-04-24,09:01:43,0,ZC705,XZCE,626.0,625,627.4,15514,971719800.0,107124,117754,664.8,589.2,627,626,0.0,625,0,0,0,2017-04-24,32503000,625.8,157,0,0,0,0,0,0,0,0,626.0,2,0,0,0,0,0,0,0,0
77,2017-04-24,09:01:44,0,ZC705,XZCE,626.0,625,627.4,15514,971719800.0,107124,117754,664.8,589.2,627,626,0.0,625,0,0,0,2017-04-24,32504000,625.8,157,0,0,0,0,0,0,0,0,626.0,1,0,0,0,0,0,0,0,0
78,2017-04-24,09:01:45,0,ZC705,XZCE,625.8,625,627.4,15516,971844960.0,107122,117754,664.8,589.2,627,626,0.0,625,0,0,0,2017-04-24,32505000,625.8,156,0,0,0,0,0,0,0,0,626.0,2,0,0,0,0,0,0,0,0
79,2017-04-24,09:01:46,0,ZC705,XZCE,626.0,625,627.4,15520,972095360.0,107118,117754,664.8,589.2,627,626,0.0,625,0,0,0,2017-04-24,32506000,625.8,156,0,0,0,0,0,0,0,0,626.2,52,0,0,0,0,0,0,0,0
80,2017-04-24,09:01:48,0,ZC705,XZCE,625.8,625,627.4,15522,972220520.0,107116,117754,664.8,589.2,627,626,0.0,625,0,0,0,2017-04-24,32508000,625.8,155,0,0,0,0,0,0,0,0,626.0,50,0,0,0,0,0,0,0,0
81,2017-04-24,09:01:48,0,ZC705,XZCE,625.8,625,627.4,15524,972345679.99,107116,117754,664.8,589.2,627,626,0.0,625,0,0,0,2017-04-24,32508000,625.8,154,0,0,0,0,0,0,0,0,626.0,50,0,0,0,0,0,0,0,0
82,2017-04-24,09:01:50,0,ZC705,XZCE,625.8,625,627.4,15524,972345679.99,107116,117754,664.8,589.2,627,626,0.0,625,0,0,0,2017-04-24,32510000,625.8,154,0,0,0,0,0,0,0,0,626.0,51,0,0,0,0,0,0,0,0
83,2017-04-24,09:01:51,0,ZC705,XZCE,625.8,625,627.4,15524,972345679.99,107116,117754,664.8,589.2,627,626,0.0,625,0,0,0,2017-04-24,32511000,625.8,164,0,0,0,0,0,0,0,0,626.0,51,0,0,0,0,0,0,0,0
84,2017-04-24,09:01:55,0,ZC705,XZCE,626.0,625,627.4,15534,972971679.99,107106,117754,664.8,589.2,627,626,0.0,625,0,0,0,2017-04-24,32515000,625.8,164,0,0,0,0,0,0,0,0,626.0,46,0,0,0,0,0,0,0,0
85,2017-04-24,09:01:56,0,ZC705,XZCE,625.8,625,627.4,15634,979229679.99,107006,117754,664.8,589.2,627,626,0.0,625,0,0,0,2017-04-24,32516000,625.8,114,0,0,0,0,0,0,0,0,626.0,48,0,0,0,0,0,0,0,0
86,2017-04-24,09:01:57,0,ZC705,XZCE,625.6,625,627.4,15894,995495279.99,106818,117754,664.8,589.2,627,626,0.0,625,0,0,0,2017-04-24,32517000,625.6,7,0,0,0,0,0,0,0,0,625.8,36,0,0,0,0,0,0,0,0
87,2017-04-24,09:02:00,0,ZC705,XZCE,625.6,625,627.4,15894,995495279.99,106818,117754,664.8,589.2,627,626,0.0,625,0,0,0,2017-04-24,32520000,625.6,8,0,0,0,0,0,0,0,0,625.8,36,0,0,0,0,0,0,0,0
88,2017-04-24,09:02:01,0,ZC705,XZCE,625.6,625,627.4,15894,995495279.99,106818,117754,664.8,589.2,627,626,0.0,625,0,0,0,2017-04-24,32521000,625.6,9,0,0,0,0,0,0,0,0,625.8,36,0,0,0,0,0,0,0,0
89,2017-04-24,09:02:02,0,ZC705,XZCE,625.6,625,627.4,15894,995495279.99,106818,117754,664.8,589.2,627,626,0.0,625,0,0,0,2017-04-24,32522000,625.6,10,0,0,0,0,0,0,0,0,625.8,36,0,0,0,0,0,0,0,0
90,2017-04-24,09:02:03,0,ZC705,XZCE,625.6,625,627.4,15896,995620399.99,106818,117754,664.8,589.2,627,626,0.0,625,0,0,0,2017-04-24,32523000,625.6,9,0,0,0,0,0,0,0,0,625.8,36,0,0,0,0,0,0,0,0
91,2017-04-24,09:02:05,0,ZC705,XZCE,625.6,625,627.4,15896,995620399.99,106818,117754,664.8,589.2,627,626,0.0,625,0,0,0,2017-04-24,32525000,625.6,10,0,0,0,0,0,0,0,0,625.8,36,0,0,0,0,0,0,0,0
92,2017-04-24,09:02:06,0,ZC705,XZCE,625.6,625,627.4,15896,995620399.99,106818,117754,664.8,589.2,627,626,0.0,625,0,0,0,2017-04-24,32526000,625.6,20,0,0,0,0,0,0,0,0,625.8,36,0,0,0,0,0,0,0,0
93,2017-04-24,09:02:07,0,ZC705,XZCE,625.6,625,627.4,15896,995620399.99,106818,117754,664.8,589.2,627,626,0.0,625,0,0,0,2017-04-24,32527000,625.6,20,0,0,0,0,0,0,0,0,625.8,38,0,0,0,0,0,0,0,0
94,2017-04-24,09:02:08,0,ZC705,XZCE,625.6,625,627.4,15896,995620399.99,106818,117754,664.8,589.2,627,626,0.0,625,0,0,0,2017-04-24,32528000,625.6,21,0,0,0,0,0,0,0,0,625.8,38,0,0,0,0,0,0,0,0
95,2017-04-24,09:02:08,0,ZC705,XZCE,625.6,625,627.4,15900,995870639.99,106818,117754,664.8,589.2,627,626,0.0,625,0,0,0,2017-04-24,32528000,625.6,19,0,0,0,0,0,0,0,0,625.8,38,0,0,0,0,0,0,0,0
96,2017-04-24,09:02:09,0,ZC705,XZCE,625.6,625,627.4,15938,998247919.99,106780,117754,664.8,589.2,627,626,0.0,625,0,0,0,2017-04-24,32529000,625.4,24,0,0,0,0,0,0,0,0,625.6,81,0,0,0,0,0,0,0,0
97,2017-04-24,09:02:09,0,ZC705,XZCE,625.4,625,627.4,15942,998498079.99,106776,117754,664.8,589.2,627,626,0.0,625,0,0,0,2017-04-24,32529000,625.4,22,0,0,0,0,0,0,0,0,625.6,81,0,0,0,0,0,0,0,0
98,2017-04-24,09:02:12,0,ZC705,XZCE,625.4,625,627.4,15944,998623159.99,106776,117754,664.8,589.2,627,626,0.0,625,0,0,0,2017-04-24,32532000,625.4,22,0,0,0,0,0,0,0,0,625.6,81,0,0,0,0,0,0,0,0
99,2017-04-24,09:02:13,0,ZC705,XZCE,625.6,625,627.4,15946,998748279.99,106776,117754,664.8,589.2,627,626,0.0,625,0,0,0,2017-04-24,32533000,625.4,32,0,0,0,0,0,0,0,0,625.6,80,0,0,0,0,0,0,0,0
100,2017-04-24,09:02:14,0,ZC705,XZCE,625.6,625,627.4,15946,998748279.99,106776,117754,664.8,589.2,627,626,0.0,625,0,0,0,2017-04-24,32534000,625.4,42,0,0,0,0,0,0,0,0,625.6,80,0,0,0,0,0,0,0,0
101,2017-04-24,09:02:15,0,ZC705,XZCE,625.6,625,627.4,15946,998748279.99,106776,117754,664.8,589.2,627,626,0.0,625,0,0,0,2017-04-24,32535000,625.4,52,0,0,0,0,0,0,0,0,625.6,80,0,0,0,0,0,0,0,0
102,2017-04-24,09:02:15,0,ZC705,XZCE,625.6,625,627.4,15946,998748279.99,106776,117754,664.8,589.2,627,626,0.0,625,0,0,0,2017-04-24,32535000,625.4,62,0,0,0,0,0,0,0,0,625.6,80,0,0,0,0,0,0,0,0
103,2017-04-24,09:02:16,0,ZC705,XZCE,625.6,625,627.4,15946,998748279.99,106776,117754,664.8,589.2,627,626,0.0,625,0,0,0,2017-04-24,32536000,625.4,72,0,0,0,0,0,0,0,0,625.6,80,0,0,0,0,0,0,0,0
104,2017-04-24,09:02:17,0,ZC705,XZCE,625.4,625,627.4,15986,1001249879.99,106736,117754,664.8,589.2,627,626,0.0,625,0,0,0,2017-04-24,32537000,625.4,52,0,0,0,0,0,0,0,0,625.6,80,0,0,0,0,0,0,0,0
105,2017-04-24,09:02:19,0,ZC705,XZCE,625.4,625,627.4,15986,1001249879.99,106736,117754,664.8,589.2,627,626,0.0,625,0,0,0,2017-04-24,32539000,625.4,52,0,0,0,0,0,0,0,0,625.6,81,0,0,0,0,0,0,0,0
106,2017-04-24,09:02:21,0,ZC705,XZCE,625.4,625,627.4,15986,1001249879.99,106736,117754,664.8,589.2,627,626,0.0,625,0,0,0,2017-04-24,32541000,625.4,53,0,0,0,0,0,0,0,0,625.6,81,0,0,0,0,0,0,0,0
107,2017-04-24,09:02:22,0,ZC705,XZCE,625.4,625,627.4,15994,1001750199.99,106732,117754,664.8,589.2,627,626,0.0,625,0,0,0,2017-04-24,32542000,625.4,49,0,0,0,0,0,0,0,0,625.6,81,0,0,0,0,0,0,0,0
108,2017-04-24,09:02:23,0,ZC705,XZCE,625.4,625,627.4,16008,1002625759.99,106718,117754,664.8,589.2,627,626,0.0,625,0,0,0,2017-04-24,32543000,625.4,42,0,0,0,0,0,0,0,0,625.6,81,0,0,0,0,0,0,0,0
109,2017-04-24,09:02:23,0,ZC705,XZCE,625.4,625,627.4,16048,1005127359.99,106678,117754,664.8,589.2,627,626,0.0,625,0,0,0,2017-04-24,32543000,625.4,27,0,0,0,0,0,0,0,0,625.6,81,0,0,0,0,0,0,0,0
110,2017-04-24,09:02:24,0,ZC705,XZCE,625.4,625,627.4,16048,1005127359.99,106678,117754,664.8,589.2,627,626,0.0,625,0,0,0,2017-04-24,32544000,625.4,35,0,0,0,0,0,0,0,0,625.6,81,0,0,0,0,0,0,0,0
111,2017-04-24,09:02:25,0,ZC705,XZCE,625.4,625,627.4,16048,1005127359.99,106678,117754,664.8,589.2,627,626,0.0,625,0,0,0,2017-04-24,32545000,625.4,40,0,0,0,0,0,0,0,0,625.6,81,0,0,0,0,0,0,0,0
112,2017-04-24,09:02:26,0,ZC705,XZCE,625.4,625,627.4,16048,1005127359.99,106678,117754,664.8,589.2,627,626,0.0,625,0,0,0,2017-04-24,32546000,625.4,40,0,0,0,0,0,0,0,0,625.6,82,0,0,0,0,0,0,0,0
113,2017-04-24,09:02:26,0,ZC705,XZCE,625.4,625,627.4,16048,1005127359.99,106678,117754,664.8,589.2,627,626,0.0,625,0,0,0,2017-04-24,32546000,625.4,40,0,0,0,0,0,0,0,0,625.6,81,0,0,0,0,0,0,0,0
114,2017-04-24,09:02:27,0,ZC705,XZCE,625.6,625,627.4,16050,1005252479.99,106678,117754,664.8,589.2,627,626,0.0,625,0,0,0,2017-04-24,32547000,625.4,40,0,0,0,0,0,0,0,0,625.6,81,0,0,0,0,0,0,0,0
115,2017-04-24,09:02:27,0,ZC705,XZCE,625.4,625,627.4,16052,1005377559.99,106678,117754,664.8,589.2,627,626,0.0,625,0,0,0,2017-04-24,32547000,625.4,39,0,0,0,0,0,0,0,0,625.6,86,0,0,0,0,0,0,0,0
116,2017-04-24,09:02:28,0,ZC705,XZCE,625.4,625,627.4,16068,1006378199.99,106666,117754,664.8,589.2,627,626,0.0,625,0,0,0,2017-04-24,32548000,625.4,31,0,0,0,0,0,0,0,0,625.6,80,0,0,0,0,0,0,0,0
117,2017-04-24,09:02:28,0,ZC705,XZCE,625.4,625,627.4,16110,1009004879.99,106626,117754,664.8,589.2,627,626,0.0,625,0,0,0,2017-04-24,32548000,625.4,10,0,0,0,0,0,0,0,0,625.6,80,0,0,0,0,0,0,0,0
118,2017-04-24,09:02:29,0,ZC705,XZCE,625.4,625,627.4,16112,1009129959.99,106626,117754,664.8,589.2,627,626,0.0,625,0,0,0,2017-04-24,32549000,625.4,9,0,0,0,0,0,0,0,0,625.6,80,0,0,0,0,0,0,0,0
119,2017-04-24,09:02:31,0,ZC705,XZCE,625.4,625,627.4,16130,1010255679.99,106608,117754,664.8,589.2,627,626,0.0,625,0,0,0,2017-04-24,32551000,625.2,173,0,0,0,0,0,0,0,0,625.4,93,0,0,0,0,0,0,0,0
120,2017-04-24,09:02:31,0,ZC705,XZCE,625.4,625,627.4,16130,1010255679.99,106608,117754,664.8,589.2,627,626,0.0,625,0,0,0,2017-04-24,32551000,625.2,172,0,0,0,0,0,0,0,0,625.4,93,0,0,0,0,0,0,0,0
121,2017-04-24,09:02:32,0,ZC705,XZCE,625.4,625,627.4,16132,1010380759.99,106606,117754,664.8,589.2,627,626,0.0,625,0,0,0,2017-04-24,32552000,625.2,172,0,0,0,0,0,0,0,0,625.4,92,0,0,0,0,0,0,0,0
122,2017-04-24,09:02:33,0,ZC705,XZCE,625.4,625,627.4,16132,1010380759.99,106606,117754,664.8,589.2,627,626,0.0,625,0,0,0,2017-04-24,32553000,625.2,172,0,0,0,0,0,0,0,0,625.4,97,0,0,0,0,0,0,0,0
123,2017-04-24,09:02:34,0,ZC705,XZCE,625.4,625,627.4,16132,1010380759.99,106606,117754,664.8,589.2,627,626,0.0,625,0,0,0,2017-04-24,32554000,625.2,172,0,0,0,0,0,0,0,0,625.4,117,0,0,0,0,0,0,0,0
124,2017-04-24,09:02:36,0,ZC705,XZCE,625.2,625,627.4,16134,1010505799.99,106606,117754,664.8,589.2,627,626,0.0,625,0,0,0,2017-04-24,32556000,625.2,171,0,0,0,0,0,0,0,0,625.4,117,0,0,0,0,0,0,0,0
125,2017-04-24,09:02:36,0,ZC705,XZCE,625.2,625,627.4,16138,1010755879.99,106606,117754,664.8,589.2,627,626,0.0,625,0,0,0,2017-04-24,32556000,625.2,169,0,0,0,0,0,0,0,0,625.4,117,0,0,0,0,0,0,0,0
126,2017-04-24,09:02:37,0,ZC705,XZCE,625.2,625,627.4,16148,1011381079.99,106598,117754,664.8,589.2,627,626,0.0,625,0,0,0,2017-04-24,32557000,625.2,164,0,0,0,0,0,0,0,0,625.4,117,0,0,0,0,0,0,0,0
127,2017-04-24,09:02:37,0,ZC705,XZCE,625.2,625,627.4,16150,1011506119.99,106598,117754,664.8,589.2,627,626,0.0,625,0,0,0,2017-04-24,32557000,625.2,163,0,0,0,0,0,0,0,0,625.4,117,0,0,0,0,0,0,0,0
128,2017-04-24,09:02:38,0,ZC705,XZCE,625.2,625,627.4,16154,1011756199.99,106598,117754,664.8,589.2,627,626,0.0,625,0,0,0,2017-04-24,32558000,625.2,161,0,0,0,0,0,0,0,0,625.4,117,0,0,0,0,0,0,0,0
129,2017-04-24,09:02:38,0,ZC705,XZCE,625.2,625,627.4,16196,1014382039.99,106558,117754,664.8,589.2,627,626,0.0,625,0,0,0,2017-04-24,32558000,625.2,140,0,0,0,0,0,0,0,0,625.4,117,0,0,0,0,0,0,0,0
130,2017-04-24,09:02:39,0,ZC705,XZCE,625.2,625,627.4,16198,1014507079.99,106558,117754,664.8,589.2,627,626,0.0,625,0,0,0,2017-04-24,32559000,625.2,139,0,0,0,0,0,0,0,0,625.4,117,0,0,0,0,0,0,0,0
131,2017-04-24,09:02:39,0,ZC705,XZCE,625.2,625,627.4,16200,1014632119.99,106558,117754,664.8,589.2,627,626,0.0,625,0,0,0,2017-04-24,32559000,625.2,142,0,0,0,0,0,0,0,0,625.4,117,0,0,0,0,0,0,0,0
132,2017-04-24,09:02:40,0,ZC705,XZCE,625.2,625,627.4,16202,1014757159.99,106558,117754,664.8,589.2,627,626,0.0,625,0,0,0,2017-04-24,32560000,625.2,141,0,0,0,0,0,0,0,0,625.4,117,0,0,0,0,0,0,0,0
133,2017-04-24,09:02:40,0,ZC705,XZCE,625.2,625,627.4,16224,1016132599.99,106538,117754,664.8,589.2,627,626,0.0,625,0,0,0,2017-04-24,32560000,625.2,142,0,0,0,0,0,0,0,0,625.4,107,0,0,0,0,0,0,0,0
134,2017-04-24,09:02:42,0,ZC705,XZCE,625.2,625,627.4,16224,1016132599.99,106538,117754,664.8,589.2,627,626,0.0,625,0,0,0,2017-04-24,32562000,625.2,142,0,0,0,0,0,0,0,0,625.4,102,0,0,0,0,0,0,0,0
135,2017-04-24,09:02:44,0,ZC705,XZCE,625.2,625,627.4,16264,1018633399.99,106498,117754,664.8,589.2,627,626,0.0,625,0,0,0,2017-04-24,32564000,625.2,122,0,0,0,0,0,0,0,0,625.4,20,0,0,0,0,0,0,0,0
136,2017-04-24,09:02:44,0,ZC705,XZCE,625.2,625,627.4,16274,1019258599.99,106498,117754,664.8,589.2,627,626,0.0,625,0,0,0,2017-04-24,32564000,625.2,117,0,0,0,0,0,0,0,0,625.4,20,0,0,0,0,0,0,0,0
137,2017-04-24,09:02:46,0,ZC705,XZCE,625.2,625,627.4,16314,1021759399.99,106458,117754,664.8,589.2,627,626,0.0,625,0,0,0,2017-04-24,32566000,625.2,97,0,0,0,0,0,0,0,0,625.4,20,0,0,0,0,0,0,0,0
138,2017-04-24,09:02:48,0,ZC705,XZCE,625.2,625,627.4,16314,1021759399.99,106458,117754,664.8,589.2,627,626,0.0,625,0,0,0,2017-04-24,32568000,625.2,97,0,0,0,0,0,0,0,0,625.4,21,0,0,0,0,0,0,0,0
139,2017-04-24,09:02:52,0,ZC705,XZCE,625.4,625,627.4,16316,1021884479.99,106456,117754,664.8,589.2,627,626,0.0,625,0,0,0,2017-04-24,32572000,625.2,97,0,0,0,0,0,0,0,0,625.4,20,0,0,0,0,0,0,0,0
140,2017-04-24,09:02:55,0,ZC705,XZCE,625.4,625,627.4,16336,1023135279.99,106436,117754,664.8,589.2,627,626,0.0,625,0,0,0,2017-04-24,32575000,625.2,97,0,0,0,0,0,0,0,0,625.4,10,0,0,0,0,0,0,0,0
141,2017-04-24,09:02:56,0,ZC705,XZCE,625.4,625,627.4,16340,1023385439.99,106432,117754,664.8,589.2,627,626,0.0,625,0,0,0,2017-04-24,32576000,625.2,97,0,0,0,0,0,0,0,0,625.4,8,0,0,0,0,0,0,0,0
142,2017-04-24,09:02:56,0,ZC705,XZCE,625.4,625,627.4,16340,1023385439.99,106432,117754,664.8,589.2,627,626,0.0,625,0,0,0,2017-04-24,32576000,625.2,97,0,0,0,0,0,0,0,0,625.4,9,0,0,0,0,0,0,0,0
143,2017-04-24,09:02:58,0,ZC705,XZCE,625.2,625,627.4,16342,1023510479.99,106432,117754,664.8,589.2,627,626,0.0,625,0,0,0,2017-04-24,32578000,625.2,96,0,0,0,0,0,0,0,0,625.4,9,0,0,0,0,0,0,0,0
144,2017-04-24,09:02:59,0,ZC705,XZCE,625.2,625,627.4,16362,1024760879.99,106434,117754,664.8,589.2,627,626,0.0,625,0,0,0,2017-04-24,32579000,625.2,95,0,0,0,0,0,0,0,0,625.6,80,0,0,0,0,0,0,0,0
145,2017-04-24,09:03:00,0,ZC705,XZCE,625.2,625,627.4,16364,1024885919.99,106434,117754,664.8,589.2,627,626,0.0,625,0,0,0,2017-04-24,32580000,625.2,94,0,0,0,0,0,0,0,0,625.6,80,0,0,0,0,0,0,0,0
146,2017-04-24,09:03:01,0,ZC705,XZCE,625.2,625,627.4,16364,1024885919.99,106434,117754,664.8,589.2,627,626,0.0,625,0,0,0,2017-04-24,32581000,625.4,1,0,0,0,0,0,0,0,0,625.6,80,0,0,0,0,0,0,0,0
147,2017-04-24,09:03:02,0,ZC705,XZCE,625.4,625,627.4,16366,1025010999.99,106434,117754,664.8,589.2,627,626,0.0,625,0,0,0,2017-04-24,32582000,625.2,92,0,0,0,0,0,0,0,0,625.6,80,0,0,0,0,0,0,0,0
148,2017-04-24,09:03:02,0,ZC705,XZCE,625.4,625,627.4,16366,1025010999.99,106434,117754,664.8,589.2,627,626,0.0,625,0,0,0,2017-04-24,32582000,625.2,92,0,0,0,0,0,0,0,0,625.4,1,0,0,0,0,0,0,0,0
149,2017-04-24,09:03:05,0,ZC705,XZCE,625.4,625,627.4,16366,1025010999.99,106434,117754,664.8,589.2,627,626,0.0,625,0,0,0,2017-04-24,32585000,625.2,102,0,0,0,0,0,0,0,0,625.4,1,0,0,0,0,0,0,0,0
150,2017-04-24,09:03:06,0,ZC705,XZCE,625.2,625,627.4,16368,1025136039.99,106434,117754,664.8,589.2,627,626,0.0,625,0,0,0,2017-04-24,32586000,625.2,101,0,0,0,0,0,0,0,0,625.4,1,0,0,0,0,0,0,0,0
151,2017-04-24,09:03:06,0,ZC705,XZCE,625.4,625,627.4,16372,1025386199.99,106434,117754,664.8,589.2,627,626,0.0,625,0,0,0,2017-04-24,32586000,625.2,100,0,0,0,0,0,0,0,0,625.6,80,0,0,0,0,0,0,0,0
152,2017-04-24,09:03:07,0,ZC705,XZCE,625.2,625,627.4,16374,1025511239.99,106434,117754,664.8,589.2,627,626,0.0,625,0,0,0,2017-04-24,32587000,625.2,99,0,0,0,0,0,0,0,0,625.6,80,0,0,0,0,0,0,0,0
153,2017-04-24,09:03:08,0,ZC705,XZCE,625.2,625,627.4,16376,1025636279.99,106434,117754,664.8,589.2,627,626,0.0,625,0,0,0,2017-04-24,32588000,625.2,98,0,0,0,0,0,0,0,0,625.6,80,0,0,0,0,0,0,0,0
154,2017-04-24,09:03:08,0,ZC705,XZCE,625.2,625,627.4,16378,1025761319.99,106434,117754,664.8,589.2,627,626,0.0,625,0,0,0,2017-04-24,32588000,625.4,1,0,0,0,0,0,0,0,0,625.6,80,0,0,0,0,0,0,0,0
155,2017-04-24,09:03:09,0,ZC705,XZCE,625.4,625,627.4,16380,1025886399.99,106434,117754,664.8,589.2,627,626,0.0,625,0,0,0,2017-04-24,32589000,625.2,107,0,0,0,0,0,0,0,0,625.6,80,0,0,0,0,0,0,0,0
156,2017-04-24,09:03:10,0,ZC705,XZCE,625.2,625,627.4,16398,1027011759.99,106434,117754,664.8,589.2,627,626,0.0,625,0,0,0,2017-04-24,32590000,625.2,108,0,0,0,0,0,0,0,0,625.6,80,0,0,0,0,0,0,0,0
157,2017-04-24,09:03:11,0,ZC705,XZCE,625.2,625,627.4,16430,1029012399.99,106434,117754,664.8,589.2,627,626,0.0,625,0,0,0,2017-04-24,32591000,625.2,92,0,0,0,0,0,0,0,0,625.6,80,0,0,0,0,0,0,0,0
158,2017-04-24,09:03:12,0,ZC705,XZCE,625.6,625,627.4,16432,1029137519.99,106434,117754,664.8,589.2,627,626,0.0,625,0,0,0,2017-04-24,32592000,625.2,92,0,0,0,0,0,0,0,0,625.6,79,0,0,0,0,0,0,0,0
159,2017-04-24,09:03:13,0,ZC705,XZCE,625.6,625,627.4,16432,1029137519.99,106434,117754,664.8,589.2,627,626,0.0,625,0,0,0,2017-04-24,32593000,625.2,94,0,0,0,0,0,0,0,0,625.6,79,0,0,0,0,0,0,0,0
160,2017-04-24,09:03:14,0,ZC705,XZCE,625.6,625,627.4,16436,1029387759.99,106430,117754,664.8,589.2,627,626,0.0,625,0,0,0,2017-04-24,32594000,625.2,94,0,0,0,0,0,0,0,0,625.6,77,0,0,0,0,0,0,0,0
161,2017-04-24,09:03:15,0,ZC705,XZCE,625.6,625,627.4,16436,1029387759.99,106430,117754,664.8,589.2,627,626,0.0,625,0,0,0,2017-04-24,32595000,625.4,10,0,0,0,0,0,0,0,0,625.6,77,0,0,0,0,0,0,0,0
162,2017-04-24,09:03:16,0,ZC705,XZCE,625.6,625,627.4,16446,1030013359.99,106420,117754,664.8,589.2,627,626,0.0,625,0,0,0,2017-04-24,32596000,625.4,20,0,0,0,0,0,0,0,0,625.6,72,0,0,0,0,0,0,0,0
163,2017-04-24,09:03:16,0,ZC705,XZCE,625.6,625,627.4,16446,1030013359.99,106420,117754,664.8,589.2,627,626,0.0,625,0,0,0,2017-04-24,32596000,625.4,30,0,0,0,0,0,0,0,0,625.6,72,0,0,0,0,0,0,0,0
164,2017-04-24,09:03:17,0,ZC705,XZCE,625.6,625,627.4,16446,1030013359.99,106420,117754,664.8,589.2,627,626,0.0,625,0,0,0,2017-04-24,32597000,625.4,40,0,0,0,0,0,0,0,0,625.6,72,0,0,0,0,0,0,0,0
165,2017-04-24,09:03:17,0,ZC705,XZCE,625.4,625,627.4,16452,1030388599.99,106414,117754,664.8,589.2,627,626,0.0,625,0,0,0,2017-04-24,32597000,625.4,37,0,0,0,0,0,0,0,0,625.6,72,0,0,0,0,0,0,0,0
166,2017-04-24,09:03:18,0,ZC705,XZCE,625.6,625,627.4,16456,1030638839.99,106410,117754,664.8,589.2,627,626,0.0,625,0,0,0,2017-04-24,32598000,625.4,37,0,0,0,0,0,0,0,0,625.6,70,0,0,0,0,0,0,0,0
167,2017-04-24,09:03:18,0,ZC705,XZCE,625.4,625,627.4,16458,1030763919.99,106410,117754,664.8,589.2,627,626,0.0,625,0,0,0,2017-04-24,32598000,625.4,36,0,0,0,0,0,0,0,0,625.6,72,0,0,0,0,0,0,0,0
168,2017-04-24,09:03:19,0,ZC705,XZCE,625.4,625,627.4,16460,1030888999.99,106410,117754,664.8,589.2,627,626,0.0,625,0,0,0,2017-04-24,32599000,625.4,35,0,0,0,0,0,0,0,0,625.6,82,0,0,0,0,0,0,0,0
169,2017-04-24,09:03:19,0,ZC705,XZCE,625.4,625,627.4,16462,1031014079.99,106410,117754,664.8,589.2,627,626,0.0,625,0,0,0,2017-04-24,32599000,625.4,34,0,0,0,0,0,0,0,0,625.6,82,0,0,0,0,0,0,0,0
170,2017-04-24,09:03:20,0,ZC705,XZCE,625.4,625,627.4,16464,1031139159.99,106410,117754,664.8,589.2,627,626,0.0,625,0,0,0,2017-04-24,32600000,625.4,33,0,0,0,0,0,0,0,0,625.6,82,0,0,0,0,0,0,0,0
171,2017-04-24,09:03:20,0,ZC705,XZCE,625.4,625,627.4,16466,1031264239.99,106410,117754,664.8,589.2,627,626,0.0,625,0,0,0,2017-04-24,32600000,625.4,32,0,0,0,0,0,0,0,0,625.6,82,0,0,0,0,0,0,0,0
172,2017-04-24,09:03:21,0,ZC705,XZCE,625.4,625,627.4,16468,1031389319.99,106410,117754,664.8,589.2,627,626,0.0,625,0,0,0,2017-04-24,32601000,625.4,31,0,0,0,0,0,0,0,0,625.6,83,0,0,0,0,0,0,0,0
173,2017-04-24,09:03:21,0,ZC705,XZCE,625.4,625,627.4,16470,1031514399.99,106410,117754,664.8,589.2,627,626,0.0,625,0,0,0,2017-04-24,32601000,625.4,30,0,0,0,0,0,0,0,0,625.6,83,0,0,0,0,0,0,0,0
174,2017-04-24,09:03:22,0,ZC705,XZCE,625.4,625,627.4,16534,1035516959.99,106346,117754,664.8,589.2,627,626,0.0,625,0,0,0,2017-04-24,32602000,625.2,97,0,0,0,0,0,0,0,0,625.4,24,0,0,0,0,0,0,0,0
175,2017-04-24,09:03:25,0,ZC705,XZCE,625.4,625,627.4,16534,1035516959.99,106346,117754,664.8,589.2,627,626,0.0,625,0,0,0,2017-04-24,32605000,625.2,97,0,0,0,0,0,0,0,0,625.4,34,0,0,0,0,0,0,0,0
176,2017-04-24,09:03:26,0,ZC705,XZCE,625.2,625,627.4,16536,1035641999.99,106346,117754,664.8,589.2,627,626,0.0,625,0,0,0,2017-04-24,32606000,625.2,96,0,0,0,0,0,0,0,0,625.4,34,0,0,0,0,0,0,0,0
177,2017-04-24,09:03:27,0,ZC705,XZCE,625.4,625,627.4,16576,1038143599.99,106306,117754,664.8,589.2,627,626,0.0,625,0,0,0,2017-04-24,32607000,625.2,96,0,0,0,0,0,0,0,0,625.4,14,0,0,0,0,0,0,0,0
178,2017-04-24,09:03:28,0,ZC705,XZCE,625.2,625,627.4,16578,1038268639.99,106306,117754,664.8,589.2,627,626,0.0,625,0,0,0,2017-04-24,32608000,625.2,95,0,0,0,0,0,0,0,0,625.4,14,0,0,0,0,0,0,0,0
179,2017-04-24,09:03:28,0,ZC705,XZCE,625.4,625,627.4,16580,1038393719.99,106304,117754,664.8,589.2,627,626,0.0,625,0,0,0,2017-04-24,32608000,625.2,95,0,0,0,0,0,0,0,0,625.4,13,0,0,0,0,0,0,0,0
180,2017-04-24,09:03:30,0,ZC705,XZCE,625.4,625,627.4,16622,1041020399.99,106266,117754,664.8,589.2,627,626,0.0,625,0,0,0,2017-04-24,32610000,625.2,84,0,0,0,0,0,0,0,0,625.4,3,0,0,0,0,0,0,0,0
181,2017-04-24,09:03:30,0,ZC705,XZCE,625.2,625,627.4,16624,1041145439.99,106266,117754,664.8,589.2,627,626,0.0,625,0,0,0,2017-04-24,32610000,625.2,83,0,0,0,0,0,0,0,0,625.4,3,0,0,0,0,0,0,0,0
182,2017-04-24,09:03:31,0,ZC705,XZCE,625.4,625,627.4,16630,1041520679.99,106260,117754,664.8,589.2,627,626,0.0,625,0,0,0,2017-04-24,32611000,625.4,7,0,0,0,0,0,0,0,0,625.6,87,0,0,0,0,0,0,0,0
183,2017-04-24,09:03:32,0,ZC705,XZCE,625.4,625,627.4,16630,1041520679.99,106260,117754,664.8,589.2,627,626,0.0,625,0,0,0,2017-04-24,32612000,625.4,20,0,0,0,0,0,0,0,0,625.6,87,0,0,0,0,0,0,0,0
184,2017-04-24,09:03:35,0,ZC705,XZCE,625.4,625,627.4,16630,1041520679.99,106260,117754,664.8,589.2,627,626,0.0,625,0,0,0,2017-04-24,32615000,625.4,30,0,0,0,0,0,0,0,0,625.6,87,0,0,0,0,0,0,0,0
185,2017-04-24,09:03:35,0,ZC705,XZCE,625.4,625,627.4,16630,1041520679.99,106260,117754,664.8,589.2,627,626,0.0,625,0,0,0,2017-04-24,32615000,625.4,31,0,0,0,0,0,0,0,0,625.6,87,0,0,0,0,0,0,0,0
186,2017-04-24,09:03:36,0,ZC705,XZCE,625.4,625,627.4,16630,1041520679.99,106260,117754,664.8,589.2,627,626,0.0,625,0,0,0,2017-04-24,32616000,625.4,31,0,0,0,0,0,0,0,0,625.6,88,0,0,0,0,0,0,0,0
187,2017-04-24,09:03:40,0,ZC705,XZCE,625.6,625,627.4,16640,1042146279.99,106250,117754,664.8,589.2,627,626,0.0,625,0,0,0,2017-04-24,32620000,625.4,31,0,0,0,0,0,0,0,0,625.6,84,0,0,0,0,0,0,0,0
188,2017-04-24,09:03:40,0,ZC705,XZCE,625.6,625,627.4,16640,1042146279.99,106250,117754,664.8,589.2,627,626,0.0,625,0,0,0,2017-04-24,32620000,625.4,31,0,0,0,0,0,0,0,0,625.6,85,0,0,0,0,0,0,0,0
189,2017-04-24,09:03:43,0,ZC705,XZCE,625.4,625,627.4,16642,1042271359.99,106250,117754,664.8,589.2,627,626,0.0,625,0,0,0,2017-04-24,32623000,625.4,30,0,0,0,0,0,0,0,0,625.6,85,0,0,0,0,0,0,0,0
190,2017-04-24,09:03:43,0,ZC705,XZCE,625.4,625,627.4,16644,1042396439.99,106250,117754,664.8,589.2,627,626,0.0,625,0,0,0,2017-04-24,32623000,625.4,39,0,0,0,0,0,0,0,0,625.6,85,0,0,0,0,0,0,0,0
191,2017-04-24,09:03:44,0,ZC705,XZCE,625.4,625,627.4,16646,1042521519.99,106250,117754,664.8,589.2,627,626,0.0,625,0,0,0,2017-04-24,32624000,625.4,48,0,0,0,0,0,0,0,0,625.6,85,0,0,0,0,0,0,0,0
192,2017-04-24,09:03:44,0,ZC705,XZCE,625.4,625,627.4,16648,1042646599.99,106250,117754,664.8,589.2,627,626,0.0,625,0,0,0,2017-04-24,32624000,625.4,47,0,0,0,0,0,0,0,0,625.6,85,0,0,0,0,0,0,0,0
193,2017-04-24,09:03:45,0,ZC705,XZCE,625.4,625,627.4,16650,1042771679.99,106250,117754,664.8,589.2,627,626,0.0,625,0,0,0,2017-04-24,32625000,625.4,46,0,0,0,0,0,0,0,0,625.6,85,0,0,0,0,0,0,0,0
194,2017-04-24,09:03:46,0,ZC705,XZCE,625.4,625,627.4,16652,1042896759.99,106250,117754,664.8,589.2,627,626,0.0,625,0,0,0,2017-04-24,32626000,625.4,45,0,0,0,0,0,0,0,0,625.6,85,0,0,0,0,0,0,0,0
195,2017-04-24,09:03:46,0,ZC705,XZCE,625.4,625,627.4,16654,1043021839.99,106250,117754,664.8,589.2,627,626,0.0,625,0,0,0,2017-04-24,32626000,625.4,44,0,0,0,0,0,0,0,0,625.6,85,0,0,0,0,0,0,0,0
196,2017-04-24,09:03:47,0,ZC705,XZCE,625.4,625,627.4,16656,1043146919.99,106250,117754,664.8,589.2,627,626,0.0,625,0,0,0,2017-04-24,32627000,625.4,43,0,0,0,0,0,0,0,0,625.6,85,0,0,0,0,0,0,0,0
197,2017-04-24,09:03:48,0,ZC705,XZCE,625.6,625,627.4,16660,1043397159.99,106248,117754,664.8,589.2,627,626,0.0,625,0,0,0,2017-04-24,32628000,625.4,42,0,0,0,0,0,0,0,0,625.6,84,0,0,0,0,0,0,0,0
198,2017-04-24,09:03:48,0,ZC705,XZCE,625.4,625,627.4,16662,1043522239.99,106248,117754,664.8,589.2,627,626,0.0,625,0,0,0,2017-04-24,32628000,625.4,41,0,0,0,0,0,0,0,0,625.6,84,0,0,0,0,0,0,0,0
199,2017-04-24,09:03:48,0,ZC705,XZCE,625.4,625,627.4,16662,1043522239.99,106248,117754,664.8,589.2,627,626,0.0,625,0,0,0,2017-04-24,32628000,625.4,51,0,0,0,0,0,0,0,0,625.6,84,0,0,0,0,0,0,0,0
200,2017-04-24,09:03:49,0,ZC705,XZCE,625.4,625,627.4,16662,1043522239.99,106248,117754,664.8,589.2,627,626,0.0,625,0,0,0,2017-04-24,32629000,625.4,52,0,0,0,0,0,0,0,0,625.6,84,0,0,0,0,0,0,0,0
201,2017-04-24,09:03:50,0,ZC705,XZCE,625.4,625,627.4,16702,1046023839.99,106208,117754,664.8,589.2,627,626,0.0,625,0,0,0,2017-04-24,32630000,625.4,32,0,0,0,0,0,0,0,0,625.6,84,0,0,0,0,0,0,0,0
202,2017-04-24,09:03:51,0,ZC705,XZCE,625.4,625,627.4,16712,1046649239.99,106198,117754,664.8,589.2,627,626,0.0,625,0,0,0,2017-04-24,32631000,625.4,27,0,0,0,0,0,0,0,0,625.6,84,0,0,0,0,0,0,0,0
203,2017-04-24,09:03:52,0,ZC705,XZCE,625.4,625,627.4,16714,1046774319.99,106198,117754,664.8,589.2,627,626,0.0,625,0,0,0,2017-04-24,32632000,625.4,27,0,0,0,0,0,0,0,0,625.6,84,0,0,0,0,0,0,0,0
204,2017-04-24,09:03:53,0,ZC705,XZCE,625.4,625,627.4,16734,1048025119.99,106178,117754,664.8,589.2,627,626,0.0,625,0,0,0,2017-04-24,32633000,625.4,17,0,0,0,0,0,0,0,0,625.6,84,0,0,0,0,0,0,0,0
205,2017-04-24,09:03:55,0,ZC705,XZCE,625.4,625,627.4,16734,1048025119.99,106178,117754,664.8,589.2,627,626,0.0,625,0,0,0,2017-04-24,32635000,625.4,17,0,0,0,0,0,0,0,0,625.6,85,0,0,0,0,0,0,0,0
206,2017-04-24,09:03:56,0,ZC705,XZCE,625.4,625,627.4,16736,1048150199.99,106178,117754,664.8,589.2,627,626,0.0,625,0,0,0,2017-04-24,32636000,625.4,17,0,0,0,0,0,0,0,0,625.6,85,0,0,0,0,0,0,0,0
207,2017-04-24,09:03:56,0,ZC705,XZCE,625.4,625,627.4,16770,1050276559.99,106144,117754,664.8,589.2,627,626,0.0,625,0,0,0,2017-04-24,32636000,625.2,90,0,0,0,0,0,0,0,0,625.4,4,0,0,0,0,0,0,0,0
208,2017-04-24,09:03:58,0,ZC705,XZCE,625.4,625,627.4,16772,1050401639.99,106142,117754,664.8,589.2,627,626,0.0,625,0,0,0,2017-04-24,32638000,625.2,90,0,0,0,0,0,0,0,0,625.4,3,0,0,0,0,0,0,0,0
209,2017-04-24,09:04:00,0,ZC705,XZCE,625.4,625,627.4,16778,1050776879.99,106138,117754,664.8,589.2,627,626,0.0,625,0,0,0,2017-04-24,32640000,625.2,90,0,0,0,0,0,0,0,0,625.6,85,0,0,0,0,0,0,0,0
210,2017-04-24,09:04:02,0,ZC705,XZCE,625.4,625,627.4,16778,1050776879.99,106138,117754,664.8,589.2,627,626,0.0,625,0,0,0,2017-04-24,32642000,625.4,10,0,0,0,0,0,0,0,0,625.6,85,0,0,0,0,0,0,0,0
211,2017-04-24,09:04:02,0,ZC705,XZCE,625.4,625,627.4,16780,1050901959.99,106138,117754,664.8,589.2,627,626,0.0,625,0,0,0,2017-04-24,32642000,625.4,9,0,0,0,0,0,0,0,0,625.6,85,0,0,0,0,0,0,0,0
212,2017-04-24,09:04:03,0,ZC705,XZCE,625.4,625,627.4,16784,1051152119.99,106138,117754,664.8,589.2,627,626,0.0,625,0,0,0,2017-04-24,32643000,625.4,8,0,0,0,0,0,0,0,0,625.6,85,0,0,0,0,0,0,0,0
213,2017-04-24,09:04:03,0,ZC705,XZCE,625.4,625,627.4,16786,1051277199.99,106138,117754,664.8,589.2,627,626,0.0,625,0,0,0,2017-04-24,32643000,625.4,17,0,0,0,0,0,0,0,0,625.6,85,0,0,0,0,0,0,0,0
214,2017-04-24,09:04:04,0,ZC705,XZCE,625.4,625,627.4,16790,1051527359.99,106138,117754,664.8,589.2,627,626,0.0,625,0,0,0,2017-04-24,32644000,625.4,15,0,0,0,0,0,0,0,0,625.6,85,0,0,0,0,0,0,0,0
215,2017-04-24,09:04:05,0,ZC705,XZCE,625.4,625,627.4,16792,1051652439.99,106138,117754,664.8,589.2,627,626,0.0,625,0,0,0,2017-04-24,32645000,625.4,14,0,0,0,0,0,0,0,0,625.6,85,0,0,0,0,0,0,0,0
216,2017-04-24,09:04:05,0,ZC705,XZCE,625.4,625,627.4,16794,1051777519.99,106138,117754,664.8,589.2,627,626,0.0,625,0,0,0,2017-04-24,32645000,625.4,13,0,0,0,0,0,0,0,0,625.6,85,0,0,0,0,0,0,0,0
217,2017-04-24,09:04:06,0,ZC705,XZCE,625.4,625,627.4,16796,1051902599.99,106138,117754,664.8,589.2,627,626,0.0,625,0,0,0,2017-04-24,32646000,625.4,12,0,0,0,0,0,0,0,0,625.6,85,0,0,0,0,0,0,0,0
218,2017-04-24,09:04:06,0,ZC705,XZCE,625.4,625,627.4,16798,1052027679.99,106138,117754,664.8,589.2,627,626,0.0,625,0,0,0,2017-04-24,32646000,625.4,11,0,0,0,0,0,0,0,0,625.6,85,0,0,0,0,0,0,0,0
219,2017-04-24,09:04:07,0,ZC705,XZCE,625.4,625,627.4,16820,1053403559.99,106116,117754,664.8,589.2,627,626,0.0,625,0,0,0,2017-04-24,32647000,625.2,87,0,0,0,0,0,0,0,0,625.4,9,0,0,0,0,0,0,0,0
220,2017-04-24,09:04:08,0,ZC705,XZCE,625.4,625,627.4,16822,1053528639.99,106114,117754,664.8,589.2,627,626,0.0,625,0,0,0,2017-04-24,32648000,625.2,87,0,0,0,0,0,0,0,0,625.4,8,0,0,0,0,0,0,0,0
221,2017-04-24,09:04:09,0,ZC705,XZCE,625.4,625,627.4,16824,1053653719.99,106112,117754,664.8,589.2,627,626,0.0,625,0,0,0,2017-04-24,32649000,625.2,87,0,0,0,0,0,0,0,0,625.4,7,0,0,0,0,0,0,0,0
222,2017-04-24,09:04:10,0,ZC705,XZCE,625.4,625,627.4,16838,1054529279.99,106112,117754,664.8,589.2,627,626,0.0,625,0,0,0,2017-04-24,32650000,625.2,87,0,0,0,0,0,0,0,0,625.6,85,0,0,0,0,0,0,0,0
223,2017-04-24,09:04:12,0,ZC705,XZCE,625.4,625,627.4,16838,1054529279.99,106112,117754,664.8,589.2,627,626,0.0,625,0,0,0,2017-04-24,32652000,625.4,2,0,0,0,0,0,0,0,0,625.6,86,0,0,0,0,0,0,0,0
224,2017-04-24,09:04:13,0,ZC705,XZCE,625.4,625,627.4,16838,1054529279.99,106112,117754,664.8,589.2,627,626,0.0,625,0,0,0,2017-04-24,32653000,625.4,5,0,0,0,0,0,0,0,0,625.6,86,0,0,0,0,0,0,0,0
225,2017-04-24,09:04:14,0,ZC705,XZCE,625.2,625,627.4,17002,1064782559.99,105952,117754,664.8,589.2,627,626,0.0,625,0,0,0,2017-04-24,32654000,625.2,10,0,0,0,0,0,0,0,0,625.6,86,0,0,0,0,0,0,0,0
226,2017-04-24,09:04:17,0,ZC705,XZCE,625.2,625,627.4,17018,1065782879.99,105936,117754,664.8,589.2,627,626,0.0,625,0,0,0,2017-04-24,32657000,625.2,2,0,0,0,0,0,0,0,0,625.6,86,0,0,0,0,0,0,0,0
227,2017-04-24,09:04:17,0,ZC705,XZCE,625.6,625,627.4,17022,1066033119.99,105932,117754,664.8,589.2,627,626,0.0,625,0,0,0,2017-04-24,32657000,625.2,2,0,0,0,0,0,0,0,0,625.6,84,0,0,0,0,0,0,0,0
228,2017-04-24,09:04:18,0,ZC705,XZCE,625.6,625,627.4,17030,1066533599.99,105924,117754,664.8,589.2,627,626,0.0,625,0,0,0,2017-04-24,32658000,625.2,2,0,0,0,0,0,0,0,0,625.6,80,0,0,0,0,0,0,0,0
229,2017-04-24,09:04:18,0,ZC705,XZCE,625.6,625,627.4,17032,1066658719.99,105922,117754,664.8,589.2,627,626,0.0,625,0,0,0,2017-04-24,32658000,625.2,2,0,0,0,0,0,0,0,0,625.6,79,0,0,0,0,0,0,0,0
230,2017-04-24,09:04:20,0,ZC705,XZCE,625.6,625,627.4,17032,1066658719.99,105922,117754,664.8,589.2,627,626,0.0,625,0,0,0,2017-04-24,32660000,625.2,2,0,0,0,0,0,0,0,0,625.6,78,0,0,0,0,0,0,0,0
231,2017-04-24,09:04:21,0,ZC705,XZCE,625.2,625,627.4,17038,1067033839.99,105922,117754,664.8,589.2,627,626,0.0,625,0,0,0,2017-04-24,32661000,625.2,3,0,0,0,0,0,0,0,0,625.6,78,0,0,0,0,0,0,0,0
232,2017-04-24,09:04:25,0,ZC705,XZCE,625.2,625,627.4,17042,1067283919.99,105918,117754,664.8,589.2,627,626,0.0,625,0,0,0,2017-04-24,32665000,625.2,1,0,0,0,0,0,0,0,0,625.6,78,0,0,0,0,0,0,0,0
233,2017-04-24,09:04:26,0,ZC705,XZCE,625.2,625,627.4,17042,1067283919.99,105918,117754,664.8,589.2,627,626,0.0,625,0,0,0,2017-04-24,32666000,625.2,1,0,0,0,0,0,0,0,0,625.6,77,0,0,0,0,0,0,0,0
234,2017-04-24,09:04:26,0,ZC705,XZCE,625.6,625,627.4,17048,1067659279.99,105914,117754,664.8,589.2,627,626,0.0,625,0,0,0,2017-04-24,32666000,625.2,1,0,0,0,0,0,0,0,0,625.6,76,0,0,0,0,0,0,0,0
235,2017-04-24,09:04:28,0,ZC705,XZCE,625.6,625,627.4,17052,1067909519.99,105910,117754,664.8,589.2,627,626,0.0,625,0,0,0,2017-04-24,32668000,625.2,1,0,0,0,0,0,0,0,0,625.6,73,0,0,0,0,0,0,0,0
236,2017-04-24,09:04:28,0,ZC705,XZCE,625.2,625,627.4,17054,1068034559.99,105908,117754,664.8,589.2,627,626,0.0,625,0,0,0,2017-04-24,32668000,625.0,377,0,0,0,0,0,0,0,0,625.2,1,0,0,0,0,0,0,0,0
237,2017-04-24,09:04:30,0,ZC705,XZCE,625.2,625,627.4,17054,1068034559.99,105908,117754,664.8,589.2,627,626,0.0,625,0,0,0,2017-04-24,32670000,625.0,377,0,0,0,0,0,0,0,0,625.2,2,0,0,0,0,0,0,0,0
238,2017-04-24,09:04:32,0,ZC705,XZCE,625.2,625,627.4,17064,1068659759.99,105904,117754,664.8,589.2,627,626,0.0,625,0,0,0,2017-04-24,32672000,625.0,375,0,0,0,0,0,0,0,0,625.4,2,0,0,0,0,0,0,0,0
239,2017-04-24,09:04:32,0,ZC705,XZCE,625.4,625,627.4,17068,1068909919.99,105904,117754,664.8,589.2,627,626,0.0,625,0,0,0,2017-04-24,32672000,625.0,375,0,0,0,0,0,0,0,0,625.6,74,0,0,0,0,0,0,0,0
240,2017-04-24,09:04:33,0,ZC705,XZCE,625.4,625,627.4,17068,1068909919.99,105904,117754,664.8,589.2,627,626,0.0,625,0,0,0,2017-04-24,32673000,625.0,375,0,0,0,0,0,0,0,0,625.4,2,0,0,0,0,0,0,0,0
241,2017-04-24,09:04:33,0,ZC705,XZCE,625.4,625,627.4,17068,1068909919.99,105904,117754,664.8,589.2,627,626,0.0,625,0,0,0,2017-04-24,32673000,625.0,375,0,0,0,0,0,0,0,0,625.4,3,0,0,0,0,0,0,0,0
242,2017-04-24,09:04:35,0,ZC705,XZCE,625.4,625,627.4,17068,1068909919.99,105904,117754,664.8,589.2,627,626,0.0,625,0,0,0,2017-04-24,32675000,625.2,2,0,0,0,0,0,0,0,0,625.4,3,0,0,0,0,0,0,0,0
243,2017-04-24,09:04:36,0,ZC705,XZCE,625.4,625,627.4,17068,1068909919.99,105904,117754,664.8,589.2,627,626,0.0,625,0,0,0,2017-04-24,32676000,625.2,9,0,0,0,0,0,0,0,0,625.4,3,0,0,0,0,0,0,0,0
244,2017-04-24,09:04:36,0,ZC705,XZCE,625.4,625,627.4,17072,1069160079.99,105900,117754,664.8,589.2,627,626,0.0,625,0,0,0,2017-04-24,32676000,625.2,9,0,0,0,0,0,0,0,0,625.4,1,0,0,0,0,0,0,0,0
245,2017-04-24,09:04:38,0,ZC705,XZCE,625.4,625,627.4,17072,1069160079.99,105900,117754,664.8,589.2,627,626,0.0,625,0,0,0,2017-04-24,32678000,625.2,10,0,0,0,0,0,0,0,0,625.4,1,0,0,0,0,0,0,0,0
246,2017-04-24,09:04:39,0,ZC705,XZCE,625.4,625,627.4,17072,1069160079.99,105900,117754,664.8,589.2,627,626,0.0,625,0,0,0,2017-04-24,32679000,625.2,15,0,0,0,0,0,0,0,0,625.4,1,0,0,0,0,0,0,0,0
247,2017-04-24,09:04:39,0,ZC705,XZCE,625.4,625,627.4,17072,1069160079.99,105900,117754,664.8,589.2,627,626,0.0,625,0,0,0,2017-04-24,32679000,625.2,15,0,0,0,0,0,0,0,0,625.4,2,0,0,0,0,0,0,0,0
248,2017-04-24,09:04:40,0,ZC705,XZCE,625.2,625,627.4,17102,1071035679.99,105874,117754,664.8,589.2,627,626,0.0,625,0,0,0,2017-04-24,32680000,625.0,385,0,0,0,0,0,0,0,0,625.2,5,0,0,0,0,0,0,0,0
249,2017-04-24,09:04:45,0,ZC705,XZCE,625.2,625,627.4,17106,1071285759.99,105870,117754,664.8,589.2,627,626,0.0,625,0,0,0,2017-04-24,32685000,625.0,385,0,0,0,0,0,0,0,0,625.2,4,0,0,0,0,0,0,0,0
250,2017-04-24,09:04:48,0,ZC705,XZCE,625.2,625,627.4,17110,1071535839.99,105868,117754,664.8,589.2,627,626,0.0,625,0,0,0,2017-04-24,32688000,625.0,394,0,0,0,0,0,0,0,0,625.2,2,0,0,0,0,0,0,0,0
251,2017-04-24,09:04:49,0,ZC705,XZCE,625.2,625,627.4,17110,1071535839.99,105868,117754,664.8,589.2,627,626,0.0,625,0,0,0,2017-04-24,32689000,625.0,404,0,0,0,0,0,0,0,0,625.2,3,0,0,0,0,0,0,0,0
252,2017-04-24,09:04:49,0,ZC705,XZCE,625.2,625,627.4,17116,1071910959.99,105864,117754,664.8,589.2,627,626,0.0,625,0,0,0,2017-04-24,32689000,625.2,2,0,0,0,0,0,0,0,0,625.4,1,0,0,0,0,0,0,0,0
253,2017-04-24,09:04:50,0,ZC705,XZCE,625.2,625,627.4,17116,1071910959.99,105864,117754,664.8,589.2,627,626,0.0,625,0,0,0,2017-04-24,32690000,625.2,4,0,0,0,0,0,0,0,0,625.4,1,0,0,0,0,0,0,0,0
254,2017-04-24,09:04:51,0,ZC705,XZCE,625.2,625,627.4,17116,1071910959.99,105864,117754,664.8,589.2,627,626,0.0,625,0,0,0,2017-04-24,32691000,625.2,4,0,0,0,0,0,0,0,0,625.4,2,0,0,0,0,0,0,0,0
255,2017-04-24,09:04:52,0,ZC705,XZCE,625.2,625,627.4,17116,1071910959.99,105864,117754,664.8,589.2,627,626,0.0,625,0,0,0,2017-04-24,32692000,625.2,6,0,0,0,0,0,0,0,0,625.4,2,0,0,0,0,0,0,0,0
256,2017-04-24,09:04:53,0,ZC705,XZCE,625.2,625,627.4,17126,1072536159.99,105856,117754,664.8,589.2,627,626,0.0,625,0,0,0,2017-04-24,32693000,625.2,1,0,0,0,0,0,0,0,0,625.4,1,0,0,0,0,0,0,0,0
257,2017-04-24,09:04:54,0,ZC705,XZCE,625.2,625,627.4,17128,1072661199.99,105854,117754,664.8,589.2,627,626,0.0,625,0,0,0,2017-04-24,32694000,625.0,404,0,0,0,0,0,0,0,0,625.2,1,0,0,0,0,0,0,0,0
258,2017-04-24,09:04:54,0,ZC705,XZCE,625.2,625,627.4,17128,1072661199.99,105854,117754,664.8,589.2,627,626,0.0,625,0,0,0,2017-04-24,32694000,625.0,404,0,0,0,0,0,0,0,0,625.2,21,0,0,0,0,0,0,0,0
259,2017-04-24,09:04:54,0,ZC705,XZCE,625.2,625,627.4,17130,1072786239.99,105852,117754,664.8,589.2,627,626,0.0,625,0,0,0,2017-04-24,32694000,625.0,404,0,0,0,0,0,0,0,0,625.2,20,0,0,0,0,0,0,0,0
260,2017-04-24,09:04:57,0,ZC705,XZCE,625.4,625,627.4,17172,1075412919.99,105810,117754,664.8,589.2,627,626,0.0,625,0,0,0,2017-04-24,32697000,625.2,80,0,0,0,0,0,0,0,0,625.4,10,0,0,0,0,0,0,0,0
261,2017-04-24,09:04:59,0,ZC705,XZCE,625.4,625,627.4,17172,1075412919.99,105810,117754,664.8,589.2,627,626,0.0,625,0,0,0,2017-04-24,32699000,625.2,81,0,0,0,0,0,0,0,0,625.4,10,0,0,0,0,0,0,0,0
262,2017-04-24,09:05:00,0,ZC705,XZCE,625.4,625,627.4,17172,1075412919.99,105810,117754,664.8,589.2,627,626,0.0,625,0,0,0,2017-04-24,32700000,625.2,81,0,0,0,0,0,0,0,0,625.4,13,0,0,0,0,0,0,0,0
263,2017-04-24,09:05:00,0,ZC705,XZCE,625.2,625,627.4,17190,1076538279.99,105792,117754,664.8,589.2,627,626,0.0,625,0,0,0,2017-04-24,32700000,625.2,72,0,0,0,0,0,0,0,0,625.4,6,0,0,0,0,0,0,0,0
264,2017-04-24,09:05:00,0,ZC705,XZCE,625.2,625,627.4,17216,1078163799.99,105792,117754,664.8,589.2,627,626,0.0,625,0,0,0,2017-04-24,32700000,625.2,60,0,0,0,0,0,0,0,0,625.4,5,0,0,0,0,0,0,0,0
265,2017-04-24,09:05:01,0,ZC705,XZCE,625.2,625,627.4,17222,1078538919.99,105792,117754,664.8,589.2,627,626,0.0,625,0,0,0,2017-04-24,32701000,625.2,57,0,0,0,0,0,0,0,0,625.4,5,0,0,0,0,0,0,0,0
266,2017-04-24,09:05:02,0,ZC705,XZCE,625.2,625,627.4,17226,1078788999.99,105792,117754,664.8,589.2,627,626,0.0,625,0,0,0,2017-04-24,32702000,625.2,55,0,0,0,0,0,0,0,0,625.4,5,0,0,0,0,0,0,0,0
267,2017-04-24,09:05:03,0,ZC705,XZCE,625.4,625,627.4,17228,1078914079.99,105790,117754,664.8,589.2,627,626,0.0,625,0,0,0,2017-04-24,32703000,625.2,55,0,0,0,0,0,0,0,0,625.4,4,0,0,0,0,0,0,0,0
268,2017-04-24,09:05:04,0,ZC705,XZCE,625.4,625,627.4,17234,1079289319.99,105784,117754,664.8,589.2,627,626,0.0,625,0,0,0,2017-04-24,32704000,625.2,55,0,0,0,0,0,0,0,0,625.4,1,0,0,0,0,0,0,0,0
269,2017-04-24,09:05:05,0,ZC705,XZCE,625.4,625,627.4,17234,1079289319.99,105784,117754,664.8,589.2,627,626,0.0,625,0,0,0,2017-04-24,32705000,625.2,55,0,0,0,0,0,0,0,0,625.4,11,0,0,0,0,0,0,0,0
270,2017-04-24,09:05:06,0,ZC705,XZCE,625.4,625,627.4,17246,1080039799.99,105776,117754,664.8,589.2,627,626,0.0,625,0,0,0,2017-04-24,32706000,625.2,55,0,0,0,0,0,0,0,0,625.4,15,0,0,0,0,0,0,0,0
271,2017-04-24,09:05:06,0,ZC705,XZCE,625.4,625,627.4,17248,1080164879.99,105774,117754,664.8,589.2,627,626,0.0,625,0,0,0,2017-04-24,32706000,625.2,56,0,0,0,0,0,0,0,0,625.4,16,0,0,0,0,0,0,0,0
272,2017-04-24,09:05:07,0,ZC705,XZCE,625.4,625,627.4,17248,1080164879.99,105774,117754,664.8,589.2,627,626,0.0,625,0,0,0,2017-04-24,32707000,625.2,56,0,0,0,0,0,0,0,0,625.4,23,0,0,0,0,0,0,0,0
273,2017-04-24,09:05:07,0,ZC705,XZCE,625.2,625,627.4,17258,1080790079.99,105774,117754,664.8,589.2,627,626,0.0,625,0,0,0,2017-04-24,32707000,625.2,51,0,0,0,0,0,0,0,0,625.4,18,0,0,0,0,0,0,0,0
274,2017-04-24,09:05:09,0,ZC705,XZCE,625.4,625,627.4,17260,1080915159.99,105772,117754,664.8,589.2,627,626,0.0,625,0,0,0,2017-04-24,32709000,625.2,51,0,0,0,0,0,0,0,0,625.4,17,0,0,0,0,0,0,0,0
275,2017-04-24,09:05:09,0,ZC705,XZCE,625.4,625,627.4,17276,1081915799.99,105756,117754,664.8,589.2,627,626,0.0,625,0,0,0,2017-04-24,32709000,625.2,51,0,0,0,0,0,0,0,0,625.4,9,0,0,0,0,0,0,0,0
276,2017-04-24,09:05:10,0,ZC705,XZCE,625.4,625,627.4,17278,1082040879.99,105754,117754,664.8,589.2,627,626,0.0,625,0,0,0,2017-04-24,32710000,625.2,51,0,0,0,0,0,0,0,0,625.4,8,0,0,0,0,0,0,0,0
277,2017-04-24,09:05:11,0,ZC705,XZCE,625.2,625,627.4,17282,1082290959.99,105750,117754,664.8,589.2,627,626,0.0,625,0,0,0,2017-04-24,32711000,625.2,49,0,0,0,0,0,0,0,0,625.4,8,0,0,0,0,0,0,0,0
278,2017-04-24,09:05:12,0,ZC705,XZCE,625.4,625,627.4,17284,1082416039.99,105748,117754,664.8,589.2,627,626,0.0,625,0,0,0,2017-04-24,32712000,625.2,49,0,0,0,0,0,0,0,0,625.4,7,0,0,0,0,0,0,0,0
279,2017-04-24,09:05:12,0,ZC705,XZCE,625.2,625,627.4,17288,1082666119.99,105748,117754,664.8,589.2,627,626,0.0,625,0,0,0,2017-04-24,32712000,625.2,47,0,0,0,0,0,0,0,0,625.4,7,0,0,0,0,0,0,0,0
280,2017-04-24,09:05:13,0,ZC705,XZCE,625.4,625,627.4,17290,1082791199.99,105746,117754,664.8,589.2,627,626,0.0,625,0,0,0,2017-04-24,32713000,625.2,47,0,0,0,0,0,0,0,0,625.4,6,0,0,0,0,0,0,0,0
281,2017-04-24,09:05:14,0,ZC705,XZCE,625.2,625,627.4,17294,1083041279.99,105746,117754,664.8,589.2,627,626,0.0,625,0,0,0,2017-04-24,32714000,625.2,45,0,0,0,0,0,0,0,0,625.4,6,0,0,0,0,0,0,0,0
282,2017-04-24,09:05:14,0,ZC705,XZCE,625.4,625,627.4,17306,1083791759.99,105744,117754,664.8,589.2,627,626,0.0,625,0,0,0,2017-04-24,32714000,625.2,45,0,0,0,0,0,0,0,0,625.6,106,0,0,0,0,0,0,0,0
283,2017-04-24,09:05:16,0,ZC705,XZCE,625.6,625,627.4,17346,1086294159.99,105734,117754,664.8,589.2,627,626,0.0,625,0,0,0,2017-04-24,32716000,625.4,1,0,0,0,0,0,0,0,0,625.6,86,0,0,0,0,0,0,0,0
284,2017-04-24,09:05:17,0,ZC705,XZCE,625.6,625,627.4,17348,1086419279.99,105732,117754,664.8,589.2,627,626,0.0,625,0,0,0,2017-04-24,32717000,625.4,1,0,0,0,0,0,0,0,0,625.6,85,0,0,0,0,0,0,0,0
285,2017-04-24,09:05:17,0,ZC705,XZCE,625.4,625,627.4,17350,1086544359.99,105732,117754,664.8,589.2,627,626,0.0,625,0,0,0,2017-04-24,32717000,625.2,145,0,0,0,0,0,0,0,0,625.6,85,0,0,0,0,0,0,0,0
286,2017-04-24,09:05:19,0,ZC705,XZCE,625.6,625,627.4,17352,1086669479.99,105730,117754,664.8,589.2,627,626,0.0,625,0,0,0,2017-04-24,32719000,625.2,145,0,0,0,0,0,0,0,0,625.6,84,0,0,0,0,0,0,0,0
287,2017-04-24,09:05:20,0,ZC705,XZCE,625.4,625,627.4,17354,1086794559.99,105732,117754,664.8,589.2,627,626,0.0,625,0,0,0,2017-04-24,32720000,625.2,145,0,0,0,0,0,0,0,0,625.4,1,0,0,0,0,0,0,0,0
288,2017-04-24,09:05:20,0,ZC705,XZCE,625.4,625,627.4,17356,1086919639.99,105732,117754,664.8,589.2,627,626,0.0,625,0,0,0,2017-04-24,32720000,625.2,145,0,0,0,0,0,0,0,0,625.6,83,0,0,0,0,0,0,0,0
289,2017-04-24,09:05:23,0,ZC705,XZCE,625.4,625,627.4,17356,1086919639.99,105732,117754,664.8,589.2,627,626,0.0,625,0,0,0,2017-04-24,32723000,625.2,146,0,0,0,0,0,0,0,0,625.6,83,0,0,0,0,0,0,0,0
290,2017-04-24,09:05:23,0,ZC705,XZCE,625.2,625,627.4,17362,1087294759.99,105726,117754,664.8,589.2,627,626,0.0,625,0,0,0,2017-04-24,32723000,625.2,143,0,0,0,0,0,0,0,0,625.4,2,0,0,0,0,0,0,0,0
291,2017-04-24,09:05:24,0,ZC705,XZCE,625.2,625,627.4,17364,1087419799.99,105726,117754,664.8,589.2,627,626,0.0,625,0,0,0,2017-04-24,32724000,625.2,142,0,0,0,0,0,0,0,0,625.4,2,0,0,0,0,0,0,0,0
292,2017-04-24,09:05:24,0,ZC705,XZCE,625.2,625,627.4,17364,1087419799.99,105726,117754,664.8,589.2,627,626,0.0,625,0,0,0,2017-04-24,32724000,625.2,142,0,0,0,0,0,0,0,0,625.4,3,0,0,0,0,0,0,0,0
293,2017-04-24,09:05:31,0,ZC705,XZCE,625.2,625,627.4,17364,1087419799.99,105726,117754,664.8,589.2,627,626,0.0,625,0,0,0,2017-04-24,32731000,625.2,143,0,0,0,0,0,0,0,0,625.4,3,0,0,0,0,0,0,0,0
294,2017-04-24,09:05:36,0,ZC705,XZCE,625.2,625,627.4,17404,1089920599.99,105686,117754,664.8,589.2,627,626,0.0,625,0,0,0,2017-04-24,32736000,625.2,123,0,0,0,0,0,0,0,0,625.4,3,0,0,0,0,0,0,0,0
295,2017-04-24,09:05:38,0,ZC705,XZCE,625.2,625,627.4,17404,1089920599.99,105686,117754,664.8,589.2,627,626,0.0,625,0,0,0,2017-04-24,32738000,625.2,124,0,0,0,0,0,0,0,0,625.4,3,0,0,0,0,0,0,0,0
296,2017-04-24,09:05:41,0,ZC705,XZCE,625.4,625,627.4,17410,1090295839.99,105680,117754,664.8,589.2,627,626,0.0,625,0,0,0,2017-04-24,32741000,625.4,7,0,0,0,0,0,0,0,0,625.6,83,0,0,0,0,0,0,0,0
297,2017-04-24,09:05:44,0,ZC705,XZCE,625.4,625,627.4,17416,1090671079.99,105674,117754,664.8,589.2,627,626,0.0,625,0,0,0,2017-04-24,32744000,625.4,4,0,0,0,0,0,0,0,0,625.6,83,0,0,0,0,0,0,0,0
298,2017-04-24,09:05:45,0,ZC705,XZCE,625.4,625,627.4,17424,1091171399.99,105666,117754,664.8,589.2,627,626,0.0,625,0,0,0,2017-04-24,32745000,625.2,124,0,0,0,0,0,0,0,0,625.6,83,0,0,0,0,0,0,0,0
299,2017-04-24,09:05:48,0,ZC705,XZCE,625.2,625,627.4,17428,1091421479.99,105662,117754,664.8,589.2,627,626,0.0,625,0,0,0,2017-04-24,32748000,625.2,122,0,0,0,0,0,0,0,0,625.6,83,0,0,0,0,0,0,0,0
300,2017-04-24,09:05:52,0,ZC705,XZCE,625.2,625,627.4,17428,1091421479.99,105662,117754,664.8,589.2,627,626,0.0,625,0,0,0,2017-04-24,32752000,625.2,123,0,0,0,0,0,0,0,0,625.6,83,0,0,0,0,0,0,0,0
301,2017-04-24,09:05:52,0,ZC705,XZCE,625.2,625,627.4,17428,1091421479.99,105662,117754,664.8,589.2,627,626,0.0,625,0,0,0,2017-04-24,32752000,625.2,173,0,0,0,0,0,0,0,0,625.6,83,0,0,0,0,0,0,0,0
302,2017-04-24,09:05:54,0,ZC705,XZCE,625.6,625,627.4,17430,1091546599.99,105660,117754,664.8,589.2,627,626,0.0,625,0,0,0,2017-04-24,32754000,625.2,173,0,0,0,0,0,0,0,0,625.6,82,0,0,0,0,0,0,0,0
303,2017-04-24,09:05:55,0,ZC705,XZCE,625.6,625,627.4,17430,1091546599.99,105660,117754,664.8,589.2,627,626,0.0,625,0,0,0,2017-04-24,32755000,625.2,173,0,0,0,0,0,0,0,0,625.6,83,0,0,0,0,0,0,0,0
304,2017-04-24,09:05:56,0,ZC705,XZCE,625.6,625,627.4,17430,1091546599.99,105660,117754,664.8,589.2,627,626,0.0,625,0,0,0,2017-04-24,32756000,625.4,2,0,0,0,0,0,0,0,0,625.6,83,0,0,0,0,0,0,0,0
305,2017-04-24,09:06:01,0,ZC705,XZCE,625.4,625,627.4,17432,1091671679.99,105658,117754,664.8,589.2,627,626,0.0,625,0,0,0,2017-04-24,32761000,625.4,1,0,0,0,0,0,0,0,0,625.6,83,0,0,0,0,0,0,0,0
306,2017-04-24,09:06:01,0,ZC705,XZCE,625.4,625,627.4,17432,1091671679.99,105658,117754,664.8,589.2,627,626,0.0,625,0,0,0,2017-04-24,32761000,625.2,175,0,0,0,0,0,0,0,0,625.6,83,0,0,0,0,0,0,0,0
307,2017-04-24,09:06:04,0,ZC705,XZCE,625.4,625,627.4,17432,1091671679.99,105658,117754,664.8,589.2,627,626,0.0,625,0,0,0,2017-04-24,32764000,625.4,1,0,0,0,0,0,0,0,0,625.6,83,0,0,0,0,0,0,0,0
308,2017-04-24,09:06:08,0,ZC705,XZCE,625.4,625,627.4,17442,1092297079.99,105648,117754,664.8,589.2,627,626,0.0,625,0,0,0,2017-04-24,32768000,625.2,175,0,0,0,0,0,0,0,0,625.6,79,0,0,0,0,0,0,0,0
309,2017-04-24,09:06:12,0,ZC705,XZCE,625.4,625,627.4,17442,1092297079.99,105648,117754,664.8,589.2,627,626,0.0,625,0,0,0,2017-04-24,32772000,625.2,175,0,0,0,0,0,0,0,0,625.6,80,0,0,0,0,0,0,0,0
310,2017-04-24,09:06:12,0,ZC705,XZCE,625.4,625,627.4,17442,1092297079.99,105648,117754,664.8,589.2,627,626,0.0,625,0,0,0,2017-04-24,32772000,625.2,175,0,0,0,0,0,0,0,0,625.4,1,0,0,0,0,0,0,0,0
311,2017-04-24,09:06:13,0,ZC705,XZCE,625.4,625,627.4,17442,1092297079.99,105648,117754,664.8,589.2,627,626,0.0,625,0,0,0,2017-04-24,32773000,625.2,175,0,0,0,0,0,0,0,0,625.6,80,0,0,0,0,0,0,0,0
312,2017-04-24,09:06:15,0,ZC705,XZCE,625.4,625,627.4,17442,1092297079.99,105648,117754,664.8,589.2,627,626,0.0,625,0,0,0,2017-04-24,32775000,625.2,175,0,0,0,0,0,0,0,0,625.4,1,0,0,0,0,0,0,0,0
313,2017-04-24,09:06:16,0,ZC705,XZCE,625.2,625,627.4,17446,1092547159.99,105648,117754,664.8,589.2,627,626,0.0,625,0,0,0,2017-04-24,32776000,625.2,173,0,0,0,0,0,0,0,0,625.6,79,0,0,0,0,0,0,0,0
314,2017-04-24,09:06:20,0,ZC705,XZCE,625.4,625,627.4,17448,1092672239.99,105646,117754,664.8,589.2,627,626,0.0,625,0,0,0,2017-04-24,32780000,625.2,173,0,0,0,0,0,0,0,0,625.4,2,0,0,0,0,0,0,0,0
315,2017-04-24,09:06:21,0,ZC705,XZCE,625.2,625,627.4,17476,1094422799.99,105632,117754,664.8,589.2,627,626,0.0,625,0,0,0,2017-04-24,32781000,625.2,159,0,0,0,0,0,0,0,0,625.4,2,0,0,0,0,0,0,0,0
316,2017-04-24,09:06:25,0,ZC705,XZCE,625.2,625,627.4,17478,1094547839.99,105632,117754,664.8,589.2,627,626,0.0,625,0,0,0,2017-04-24,32785000,625.2,158,0,0,0,0,0,0,0,0,625.4,2,0,0,0,0,0,0,0,0
317,2017-04-24,09:06:30,0,ZC705,XZCE,625.2,625,627.4,17478,1094547839.99,105632,117754,664.8,589.2,627,626,0.0,625,0,0,0,2017-04-24,32790000,625.2,159,0,0,0,0,0,0,0,0,625.4,2,0,0,0,0,0,0,0,0
318,2017-04-24,09:06:31,0,ZC705,XZCE,625.4,625,627.4,17482,1094797999.99,105628,117754,664.8,589.2,627,626,0.0,625,0,0,0,2017-04-24,32791000,625.4,8,0,0,0,0,0,0,0,0,625.6,79,0,0,0,0,0,0,0,0
319,2017-04-24,09:06:32,0,ZC705,XZCE,625.4,625,627.4,17490,1095298319.99,105628,117754,664.8,589.2,627,626,0.0,625,0,0,0,2017-04-24,32792000,625.4,4,0,0,0,0,0,0,0,0,625.6,79,0,0,0,0,0,0,0,0
320,2017-04-24,09:06:34,0,ZC705,XZCE,625.4,625,627.4,17494,1095548479.99,105628,117754,664.8,589.2,627,626,0.0,625,0,0,0,2017-04-24,32794000,625.4,2,0,0,0,0,0,0,0,0,625.6,79,0,0,0,0,0,0,0,0
321,2017-04-24,09:06:34,0,ZC705,XZCE,625.4,625,627.4,17498,1095798639.99,105628,117754,664.8,589.2,627,626,0.0,625,0,0,0,2017-04-24,32794000,625.2,159,0,0,0,0,0,0,0,0,625.4,17,0,0,0,0,0,0,0,0
322,2017-04-24,09:06:38,0,ZC705,XZCE,625.4,625,627.4,17498,1095798639.99,105628,117754,664.8,589.2,627,626,0.0,625,0,0,0,2017-04-24,32798000,625.2,159,0,0,0,0,0,0,0,0,625.4,18,0,0,0,0,0,0,0,0
323,2017-04-24,09:06:40,0,ZC705,XZCE,625.2,625,627.4,17818,1115805039.99,105312,117754,664.8,589.2,627,626,0.0,625,0,0,0,2017-04-24,32800000,625.0,363,0,0,0,0,0,0,0,0,625.2,40,0,0,0,0,0,0,0,0
324,2017-04-24,09:06:44,0,ZC705,XZCE,625.0,625,627.4,17830,1116555039.99,105300,117754,664.8,589.2,627,626,0.0,625,0,0,0,2017-04-24,32804000,625.0,357,0,0,0,0,0,0,0,0,625.2,40,0,0,0,0,0,0,0,0
325,2017-04-24,09:06:48,0,ZC705,XZCE,625.0,625,627.4,17830,1116555039.99,105300,117754,664.8,589.2,627,626,0.0,625,0,0,0,2017-04-24,32808000,625.0,359,0,0,0,0,0,0,0,0,625.2,40,0,0,0,0,0,0,0,0
326,2017-04-24,09:06:49,0,ZC705,XZCE,625.0,625,627.4,17830,1116555039.99,105300,117754,664.8,589.2,627,626,0.0,625,0,0,0,2017-04-24,32809000,625.0,359,0,0,0,0,0,0,0,0,625.2,41,0,0,0,0,0,0,0,0
327,2017-04-24,09:06:49,0,ZC705,XZCE,625.0,625,627.4,17832,1116680039.99,105300,117754,664.8,589.2,627,626,0.0,625,0,0,0,2017-04-24,32809000,625.0,358,0,0,0,0,0,0,0,0,625.2,41,0,0,0,0,0,0,0,0
328,2017-04-24,09:06:53,0,ZC705,XZCE,625.0,625,627.4,17834,1116805039.99,105300,117754,664.8,589.2,627,626,0.0,625,0,0,0,2017-04-24,32813000,625.0,357,0,0,0,0,0,0,0,0,625.2,41,0,0,0,0,0,0,0,0
329,2017-04-24,09:06:53,0,ZC705,XZCE,625.2,625,627.4,17854,1118055439.99,105280,117754,664.8,589.2,627,626,0.0,625,0,0,0,2017-04-24,32813000,625.0,357,0,0,0,0,0,0,0,0,625.2,31,0,0,0,0,0,0,0,0
330,2017-04-24,09:06:55,0,ZC705,XZCE,625.2,625,627.4,17854,1118055439.99,105280,117754,664.8,589.2,627,626,0.0,625,0,0,0,2017-04-24,32815000,625.0,355,0,0,0,0,0,0,0,0,625.2,31,0,0,0,0,0,0,0,0
331,2017-04-24,09:07:00,0,ZC705,XZCE,625.2,625,627.4,17854,1118055439.99,105280,117754,664.8,589.2,627,626,0.0,625,0,0,0,2017-04-24,32820000,625.0,356,0,0,0,0,0,0,0,0,625.2,31,0,0,0,0,0,0,0,0
332,2017-04-24,09:07:01,0,ZC705,XZCE,625.2,625,627.4,17856,1118180479.99,105278,117754,664.8,589.2,627,626,0.0,625,0,0,0,2017-04-24,32821000,625.0,356,0,0,0,0,0,0,0,0,625.2,30,0,0,0,0,0,0,0,0
333,2017-04-24,09:07:02,0,ZC705,XZCE,625.0,625,627.4,17872,1119180479.99,105270,117754,664.8,589.2,627,626,0.0,625,0,0,0,2017-04-24,32822000,625.0,348,0,0,0,0,0,0,0,0,625.2,30,0,0,0,0,0,0,0,0
334,2017-04-24,09:07:05,0,ZC705,XZCE,625.0,625,627.4,17882,1119805479.99,105270,117754,664.8,589.2,627,626,0.0,625,0,0,0,2017-04-24,32825000,625.0,343,0,0,0,0,0,0,0,0,625.2,30,0,0,0,0,0,0,0,0
335,2017-04-24,09:07:06,0,ZC705,XZCE,625.0,625,627.4,17884,1119930479.99,105270,117754,664.8,589.2,627,626,0.0,625,0,0,0,2017-04-24,32826000,625.0,342,0,0,0,0,0,0,0,0,625.2,30,0,0,0,0,0,0,0,0
336,2017-04-24,09:07:06,0,ZC705,XZCE,625.0,625,627.4,17884,1119930479.99,105270,117754,664.8,589.2,627,626,0.0,625,0,0,0,2017-04-24,32826000,625.0,341,0,0,0,0,0,0,0,0,625.2,30,0,0,0,0,0,0,0,0
337,2017-04-24,09:07:07,0,ZC705,XZCE,625.2,625,627.4,17886,1120055519.99,105268,117754,664.8,589.2,627,626,0.0,625,0,0,0,2017-04-24,32827000,625.0,341,0,0,0,0,0,0,0,0,625.2,29,0,0,0,0,0,0,0,0
338,2017-04-24,09:07:10,0,ZC705,XZCE,625.2,625,627.4,17886,1120055519.99,105268,117754,664.8,589.2,627,626,0.0,625,0,0,0,2017-04-24,32830000,625.0,342,0,0,0,0,0,0,0,0,625.2,29,0,0,0,0,0,0,0,0
339,2017-04-24,09:07:14,0,ZC705,XZCE,625.0,625,627.4,17916,1121930519.99,105238,117754,664.8,589.2,627,626,0.0,625,0,0,0,2017-04-24,32834000,625.0,327,0,0,0,0,0,0,0,0,625.2,29,0,0,0,0,0,0,0,0
340,2017-04-24,09:07:15,0,ZC705,XZCE,625.0,625,627.4,17916,1121930519.99,105238,117754,664.8,589.2,627,626,0.0,625,0,0,0,2017-04-24,32835000,625.0,327,0,0,0,0,0,0,0,0,625.2,30,0,0,0,0,0,0,0,0
341,2017-04-24,09:07:19,0,ZC705,XZCE,625.2,625,627.4,17948,1123931159.99,105206,117754,664.8,589.2,627,626,0.0,625,0,0,0,2017-04-24,32839000,625.0,327,0,0,0,0,0,0,0,0,625.2,14,0,0,0,0,0,0,0,0
342,2017-04-24,09:07:19,0,ZC705,XZCE,625.2,625,627.4,17952,1124181239.99,105206,117754,664.8,589.2,627,626,0.0,625,0,0,0,2017-04-24,32839000,625.0,327,0,0,0,0,0,0,0,0,625.2,16,0,0,0,0,0,0,0,0
343,2017-04-24,09:07:20,0,ZC705,XZCE,625.0,625,627.4,17982,1126056239.99,105176,117754,664.8,589.2,627,626,0.0,625,0,0,0,2017-04-24,32840000,625.0,312,0,0,0,0,0,0,0,0,625.2,16,0,0,0,0,0,0,0,0
344,2017-04-24,09:07:22,0,ZC705,XZCE,625.0,625,627.4,17982,1126056239.99,105176,117754,664.8,589.2,627,626,0.0,625,0,0,0,2017-04-24,32842000,625.0,311,0,0,0,0,0,0,0,0,625.2,16,0,0,0,0,0,0,0,0
345,2017-04-24,09:07:24,0,ZC705,XZCE,625.2,625,627.4,17986,1126306319.99,105172,117754,664.8,589.2,627,626,0.0,625,0,0,0,2017-04-24,32844000,625.0,311,0,0,0,0,0,0,0,0,625.2,14,0,0,0,0,0,0,0,0
346,2017-04-24,09:07:24,0,ZC705,XZCE,625.2,625,627.4,17988,1126431359.99,105170,117754,664.8,589.2,627,626,0.0,625,0,0,0,2017-04-24,32844000,625.0,311,0,0,0,0,0,0,0,0,625.2,13,0,0,0,0,0,0,0,0
347,2017-04-24,09:07:26,0,ZC705,XZCE,625.0,625,627.4,17996,1126931359.99,105170,117754,664.8,589.2,627,626,0.0,625,0,0,0,2017-04-24,32846000,625.0,307,0,0,0,0,0,0,0,0,625.2,13,0,0,0,0,0,0,0,0
348,2017-04-24,09:07:32,0,ZC705,XZCE,625.2,625,627.4,18000,1127181439.99,105166,117754,664.8,589.2,627,626,0.0,625,0,0,0,2017-04-24,32852000,625.0,306,0,0,0,0,0,0,0,0,625.2,13,0,0,0,0,0,0,0,0
349,2017-04-24,09:07:33,0,ZC705,XZCE,625.2,625,627.4,18000,1127181439.99,105166,117754,664.8,589.2,627,626,0.0,625,0,0,0,2017-04-24,32853000,625.0,306,0,0,0,0,0,0,0,0,625.2,18,0,0,0,0,0,0,0,0
350,2017-04-24,09:07:33,0,ZC705,XZCE,625.2,625,627.4,18004,1127431519.99,105162,117754,664.8,589.2,627,626,0.0,625,0,0,0,2017-04-24,32853000,625.0,306,0,0,0,0,0,0,0,0,625.2,16,0,0,0,0,0,0,0,0
351,2017-04-24,09:07:36,0,ZC705,XZCE,625.2,625,627.4,18022,1128556879.99,105146,117754,664.8,589.2,627,626,0.0,625,0,0,0,2017-04-24,32856000,625.0,306,0,0,0,0,0,0,0,0,625.2,7,0,0,0,0,0,0,0,0
352,2017-04-24,09:07:38,0,ZC705,XZCE,625.2,625,627.4,18022,1128556879.99,105146,117754,664.8,589.2,627,626,0.0,625,0,0,0,2017-04-24,32858000,625.0,306,0,0,0,0,0,0,0,0,625.2,8,0,0,0,0,0,0,0,0
353,2017-04-24,09:07:39,0,ZC705,XZCE,625.2,625,627.4,18038,1129557199.99,105160,117754,664.8,589.2,627,626,0.0,625,0,0,0,2017-04-24,32859000,625.0,306,0,0,0,0,0,0,0,0,625.4,31,0,0,0,0,0,0,0,0
354,2017-04-24,09:07:40,0,ZC705,XZCE,625.4,625,627.4,18088,1132684199.99,105176,117754,664.8,589.2,627,626,0.0,625,0,0,0,2017-04-24,32860000,625.2,2,0,0,0,0,0,0,0,0,625.4,6,0,0,0,0,0,0,0,0
355,2017-04-24,09:07:41,0,ZC705,XZCE,625.0,625,627.4,18108,1133934199.99,105156,117754,664.8,589.2,627,626,0.0,625,0,0,0,2017-04-24,32861000,625.2,2,0,0,0,0,0,0,0,0,625.4,6,0,0,0,0,0,0,0,0
356,2017-04-24,09:07:41,0,ZC705,XZCE,625.0,625,627.4,18108,1133934199.99,105156,117754,664.8,589.2,627,626,0.0,625,0,0,0,2017-04-24,32861000,625.2,5,0,0,0,0,0,0,0,0,625.4,6,0,0,0,0,0,0,0,0
357,2017-04-24,09:07:43,0,ZC705,XZCE,625.4,625,627.4,18110,1134059279.99,105156,117754,664.8,589.2,627,626,0.0,625,0,0,0,2017-04-24,32863000,625.2,5,0,0,0,0,0,0,0,0,625.4,5,0,0,0,0,0,0,0,0
358,2017-04-24,09:07:48,0,ZC705,XZCE,625.2,625,627.4,18112,1134184319.99,105156,117754,664.8,589.2,627,626,0.0,625,0,0,0,2017-04-24,32868000,625.2,4,0,0,0,0,0,0,0,0,625.4,5,0,0,0,0,0,0,0,0
359,2017-04-24,09:07:49,0,ZC705,XZCE,625.4,625,627.4,18116,1134434479.99,105152,117754,664.8,589.2,627,626,0.0,625,0,0,0,2017-04-24,32869000,625.2,14,0,0,0,0,0,0,0,0,625.4,3,0,0,0,0,0,0,0,0
360,2017-04-24,09:07:50,0,ZC705,XZCE,625.4,625,627.4,18116,1134434479.99,105152,117754,664.8,589.2,627,626,0.0,625,0,0,0,2017-04-24,32870000,625.2,24,0,0,0,0,0,0,0,0,625.4,3,0,0,0,0,0,0,0,0
361,2017-04-24,09:07:53,0,ZC705,XZCE,625.4,625,627.4,18118,1134559559.99,105150,117754,664.8,589.2,627,626,0.0,625,0,0,0,2017-04-24,32873000,625.2,24,0,0,0,0,0,0,0,0,625.4,2,0,0,0,0,0,0,0,0
362,2017-04-24,09:07:53,0,ZC705,XZCE,625.4,625,627.4,18118,1134559559.99,105150,117754,664.8,589.2,627,626,0.0,625,0,0,0,2017-04-24,32873000,625.2,25,0,0,0,0,0,0,0,0,625.4,2,0,0,0,0,0,0,0,0
363,2017-04-24,09:07:54,0,ZC705,XZCE,625.4,625,627.4,18124,1134934799.99,105146,117754,664.8,589.2,627,626,0.0,625,0,0,0,2017-04-24,32874000,625.2,25,0,0,0,0,0,0,0,0,625.6,90,0,0,0,0,0,0,0,0
364,2017-04-24,09:07:57,0,ZC705,XZCE,625.6,625,627.4,18126,1135059919.99,105144,117754,664.8,589.2,627,626,0.0,625,0,0,0,2017-04-24,32877000,625.2,25,0,0,0,0,0,0,0,0,625.6,89,0,0,0,0,0,0,0,0
365,2017-04-24,09:08:03,0,ZC705,XZCE,625.2,625,627.4,18176,1138185919.99,105144,117754,664.8,589.2,627,626,0.0,625,0,0,0,2017-04-24,32883000,625.0,297,0,0,0,0,0,0,0,0,625.6,89,0,0,0,0,0,0,0,0
366,2017-04-24,09:08:05,0,ZC705,XZCE,625.6,625,627.4,18178,1138311039.99,105142,117754,664.8,589.2,627,626,0.0,625,0,0,0,2017-04-24,32885000,625.0,297,0,0,0,0,0,0,0,0,625.6,88,0,0,0,0,0,0,0,0
367,2017-04-24,09:08:11,0,ZC705,XZCE,625.6,625,627.4,18178,1138311039.99,105142,117754,664.8,589.2,627,626,0.0,625,0,0,0,2017-04-24,32891000,625.0,297,0,0,0,0,0,0,0,0,625.6,89,0,0,0,0,0,0,0,0
368,2017-04-24,09:08:11,0,ZC705,XZCE,625.6,625,627.4,18180,1138436159.99,105140,117754,664.8,589.2,627,626,0.0,625,0,0,0,2017-04-24,32891000,625.2,60,0,0,0,0,0,0,0,0,625.6,88,0,0,0,0,0,0,0,0
369,2017-04-24,09:08:12,0,ZC705,XZCE,625.6,625,627.4,18184,1138686399.99,105136,117754,664.8,589.2,627,626,0.0,625,0,0,0,2017-04-24,32892000,625.2,60,0,0,0,0,0,0,0,0,625.6,86,0,0,0,0,0,0,0,0
370,2017-04-24,09:08:16,0,ZC705,XZCE,625.6,625,627.4,18184,1138686399.99,105136,117754,664.8,589.2,627,626,0.0,625,0,0,0,2017-04-24,32896000,625.2,62,0,0,0,0,0,0,0,0,625.6,86,0,0,0,0,0,0,0,0
371,2017-04-24,09:08:18,0,ZC705,XZCE,625.6,625,627.4,18184,1138686399.99,105136,117754,664.8,589.2,627,626,0.0,625,0,0,0,2017-04-24,32898000,625.2,63,0,0,0,0,0,0,0,0,625.6,86,0,0,0,0,0,0,0,0
372,2017-04-24,09:08:20,0,ZC705,XZCE,625.6,625,627.4,18200,1139687359.99,105120,117754,664.8,589.2,627,626,0.0,625,0,0,0,2017-04-24,32900000,625.2,63,0,0,0,0,0,0,0,0,625.6,78,0,0,0,0,0,0,0,0
373,2017-04-24,09:08:21,0,ZC705,XZCE,625.6,625,627.4,18200,1139687359.99,105120,117754,664.8,589.2,627,626,0.0,625,0,0,0,2017-04-24,32901000,625.2,64,0,0,0,0,0,0,0,0,625.6,78,0,0,0,0,0,0,0,0
374,2017-04-24,09:08:22,0,ZC705,XZCE,625.6,625,627.4,18200,1139687359.99,105120,117754,664.8,589.2,627,626,0.0,625,0,0,0,2017-04-24,32902000,625.2,66,0,0,0,0,0,0,0,0,625.6,78,0,0,0,0,0,0,0,0
375,2017-04-24,09:08:24,0,ZC705,XZCE,625.2,625,627.4,18216,1140687679.99,105104,117754,664.8,589.2,627,626,0.0,625,0,0,0,2017-04-24,32904000,625.2,58,0,0,0,0,0,0,0,0,625.6,78,0,0,0,0,0,0,0,0
376,2017-04-24,09:08:29,0,ZC705,XZCE,625.2,625,627.4,18216,1140687679.99,105104,117754,664.8,589.2,627,626,0.0,625,0,0,0,2017-04-24,32909000,625.2,58,0,0,0,0,0,0,0,0,625.6,83,0,0,0,0,0,0,0,0
377,2017-04-24,09:08:31,0,ZC705,XZCE,625.2,625,627.4,18248,1142688319.99,105104,117754,664.8,589.2,627,626,0.0,625,0,0,0,2017-04-24,32911000,625.2,43,0,0,0,0,0,0,0,0,625.6,83,0,0,0,0,0,0,0,0
378,2017-04-24,09:08:31,0,ZC705,XZCE,625.2,625,627.4,18248,1142688319.99,105104,117754,664.8,589.2,627,626,0.0,625,0,0,0,2017-04-24,32911000,625.2,43,0,0,0,0,0,0,0,0,625.4,2,0,0,0,0,0,0,0,0
379,2017-04-24,09:08:33,0,ZC705,XZCE,625.2,625,627.4,18248,1142688319.99,105104,117754,664.8,589.2,627,626,0.0,625,0,0,0,2017-04-24,32913000,625.2,44,0,0,0,0,0,0,0,0,625.4,2,0,0,0,0,0,0,0,0
380,2017-04-24,09:08:34,0,ZC705,XZCE,625.4,625,627.4,18250,1142813399.99,105102,117754,664.8,589.2,627,626,0.0,625,0,0,0,2017-04-24,32914000,625.2,44,0,0,0,0,0,0,0,0,625.4,1,0,0,0,0,0,0,0,0
381,2017-04-24,09:08:34,0,ZC705,XZCE,625.4,625,627.4,18250,1142813399.99,105102,117754,664.8,589.2,627,626,0.0,625,0,0,0,2017-04-24,32914000,625.2,42,0,0,0,0,0,0,0,0,625.4,1,0,0,0,0,0,0,0,0
382,2017-04-24,09:08:35,0,ZC705,XZCE,625.4,625,627.4,18250,1142813399.99,105102,117754,664.8,589.2,627,626,0.0,625,0,0,0,2017-04-24,32915000,625.2,43,0,0,0,0,0,0,0,0,625.4,1,0,0,0,0,0,0,0,0
383,2017-04-24,09:08:37,0,ZC705,XZCE,625.4,625,627.4,18250,1142813399.99,105102,117754,664.8,589.2,627,626,0.0,625,0,0,0,2017-04-24,32917000,625.2,44,0,0,0,0,0,0,0,0,625.4,1,0,0,0,0,0,0,0,0
384,2017-04-24,09:08:38,0,ZC705,XZCE,625.4,625,627.4,18250,1142813399.99,105102,117754,664.8,589.2,627,626,0.0,625,0,0,0,2017-04-24,32918000,625.2,44,0,0,0,0,0,0,0,0,625.4,2,0,0,0,0,0,0,0,0
385,2017-04-24,09:08:38,0,ZC705,XZCE,625.2,625,627.4,18254,1143063479.99,105100,117754,664.8,589.2,627,626,0.0,625,0,0,0,2017-04-24,32918000,625.2,43,0,0,0,0,0,0,0,0,625.4,2,0,0,0,0,0,0,0,0
386,2017-04-24,09:08:39,0,ZC705,XZCE,625.2,625,627.4,18258,1143313559.99,105096,117754,664.8,589.2,627,626,0.0,625,0,0,0,2017-04-24,32919000,625.2,42,0,0,0,0,0,0,0,0,625.4,2,0,0,0,0,0,0,0,0
387,2017-04-24,09:08:39,0,ZC705,XZCE,625.2,625,627.4,18264,1143688679.99,105090,117754,664.8,589.2,627,626,0.0,625,0,0,0,2017-04-24,32919000,625.2,39,0,0,0,0,0,0,0,0,625.4,2,0,0,0,0,0,0,0,0
388,2017-04-24,09:08:40,0,ZC705,XZCE,625.2,625,627.4,18264,1143688679.99,105090,117754,664.8,589.2,627,626,0.0,625,0,0,0,2017-04-24,32920000,625.2,40,0,0,0,0,0,0,0,0,625.4,2,0,0,0,0,0,0,0,0
389,2017-04-24,09:08:41,0,ZC705,XZCE,625.2,625,627.4,18264,1143688679.99,105090,117754,664.8,589.2,627,626,0.0,625,0,0,0,2017-04-24,32921000,625.2,40,0,0,0,0,0,0,0,0,625.4,7,0,0,0,0,0,0,0,0
390,2017-04-24,09:08:42,0,ZC705,XZCE,625.2,625,627.4,18264,1143688679.99,105090,117754,664.8,589.2,627,626,0.0,625,0,0,0,2017-04-24,32922000,625.2,45,0,0,0,0,0,0,0,0,625.4,7,0,0,0,0,0,0,0,0
391,2017-04-24,09:08:44,0,ZC705,XZCE,625.2,625,627.4,18264,1143688679.99,105090,117754,664.8,589.2,627,626,0.0,625,0,0,0,2017-04-24,32924000,625.2,50,0,0,0,0,0,0,0,0,625.4,7,0,0,0,0,0,0,0,0
392,2017-04-24,09:08:46,0,ZC705,XZCE,625.2,625,627.4,18264,1143688679.99,105090,117754,664.8,589.2,627,626,0.0,625,0,0,0,2017-04-24,32926000,625.2,50,0,0,0,0,0,0,0,0,625.4,8,0,0,0,0,0,0,0,0
393,2017-04-24,09:08:46,0,ZC705,XZCE,625.2,625,627.4,18264,1143688679.99,105090,117754,664.8,589.2,627,626,0.0,625,0,0,0,2017-04-24,32926000,625.2,50,0,0,0,0,0,0,0,0,625.4,7,0,0,0,0,0,0,0,0
394,2017-04-24,09:08:47,0,ZC705,XZCE,625.2,625,627.4,18264,1143688679.99,105090,117754,664.8,589.2,627,626,0.0,625,0,0,0,2017-04-24,32927000,625.2,50,0,0,0,0,0,0,0,0,625.4,8,0,0,0,0,0,0,0,0
395,2017-04-24,09:08:48,0,ZC705,XZCE,625.2,625,627.4,18268,1143938759.99,105090,117754,664.8,589.2,627,626,0.0,625,0,0,0,2017-04-24,32928000,625.2,51,0,0,0,0,0,0,0,0,625.4,7,0,0,0,0,0,0,0,0
396,2017-04-24,09:08:52,0,ZC705,XZCE,625.2,625,627.4,18268,1143938759.99,105090,117754,664.8,589.2,627,626,0.0,625,0,0,0,2017-04-24,32932000,625.2,51,0,0,0,0,0,0,0,0,625.4,8,0,0,0,0,0,0,0,0
397,2017-04-24,09:08:54,0,ZC705,XZCE,625.2,625,627.4,18268,1143938759.99,105090,117754,664.8,589.2,627,626,0.0,625,0,0,0,2017-04-24,32934000,625.2,51,0,0,0,0,0,0,0,0,625.4,6,0,0,0,0,0,0,0,0
398,2017-04-24,09:08:55,0,ZC705,XZCE,625.4,625,627.4,18270,1144063839.99,105090,117754,664.8,589.2,627,626,0.0,625,0,0,0,2017-04-24,32935000,625.2,51,0,0,0,0,0,0,0,0,625.4,5,0,0,0,0,0,0,0,0
399,2017-04-24,09:08:56,0,ZC705,XZCE,625.4,625,627.4,18270,1144063839.99,105090,117754,664.8,589.2,627,626,0.0,625,0,0,0,2017-04-24,32936000,625.2,56,0,0,0,0,0,0,0,0,625.4,5,0,0,0,0,0,0,0,0
400,2017-04-24,09:09:07,0,ZC705,XZCE,625.4,625,627.4,18276,1144439079.99,105090,117754,664.8,589.2,627,626,0.0,625,0,0,0,2017-04-24,32947000,625.2,56,0,0,0,0,0,0,0,0,625.4,2,0,0,0,0,0,0,0,0
401,2017-04-24,09:09:09,0,ZC705,XZCE,625.4,625,627.4,18284,1144939399.99,105090,117754,664.8,589.2,627,626,0.0,625,0,0,0,2017-04-24,32949000,625.2,56,0,0,0,0,0,0,0,0,625.4,2,0,0,0,0,0,0,0,0
402,2017-04-24,09:09:09,0,ZC705,XZCE,625.4,625,627.4,18288,1145189559.99,105090,117754,664.8,589.2,627,626,0.0,625,0,0,0,2017-04-24,32949000,625.4,1,0,0,0,0,0,0,0,0,625.6,89,0,0,0,0,0,0,0,0
403,2017-04-24,09:09:12,0,ZC705,XZCE,625.4,625,627.4,18298,1145814959.99,105098,117754,664.8,589.2,627,626,0.0,625,0,0,0,2017-04-24,32952000,625.2,56,0,0,0,0,0,0,0,0,625.6,89,0,0,0,0,0,0,0,0
404,2017-04-24,09:09:13,0,ZC705,XZCE,625.4,625,627.4,18298,1145814959.99,105098,117754,664.8,589.2,627,626,0.0,625,0,0,0,2017-04-24,32953000,625.4,10,0,0,0,0,0,0,0,0,625.6,89,0,0,0,0,0,0,0,0
405,2017-04-24,09:09:15,0,ZC705,XZCE,625.6,625,627.4,18300,1145940079.99,105096,117754,664.8,589.2,627,626,0.0,625,0,0,0,2017-04-24,32955000,625.4,10,0,0,0,0,0,0,0,0,625.6,88,0,0,0,0,0,0,0,0
406,2017-04-24,09:09:28,0,ZC705,XZCE,625.6,625,627.4,18308,1146440559.99,105096,117754,664.8,589.2,627,626,0.0,625,0,0,0,2017-04-24,32968000,625.4,10,0,0,0,0,0,0,0,0,625.6,84,0,0,0,0,0,0,0,0
407,2017-04-24,09:09:33,0,ZC705,XZCE,625.4,625,627.4,18318,1147065959.99,105086,117754,664.8,589.2,627,626,0.0,625,0,0,0,2017-04-24,32973000,625.4,5,0,0,0,0,0,0,0,0,625.6,84,0,0,0,0,0,0,0,0
408,2017-04-24,09:09:36,0,ZC705,XZCE,625.4,625,627.4,18320,1147191039.99,105086,117754,664.8,589.2,627,626,0.0,625,0,0,0,2017-04-24,32976000,625.4,4,0,0,0,0,0,0,0,0,625.6,84,0,0,0,0,0,0,0,0
409,2017-04-24,09:09:36,0,ZC705,XZCE,625.4,625,627.4,18320,1147191039.99,105086,117754,664.8,589.2,627,626,0.0,625,0,0,0,2017-04-24,32976000,625.4,4,0,0,0,0,0,0,0,0,625.6,89,0,0,0,0,0,0,0,0
410,2017-04-24,09:09:37,0,ZC705,XZCE,625.4,625,627.4,18320,1147191039.99,105086,117754,664.8,589.2,627,626,0.0,625,0,0,0,2017-04-24,32977000,625.4,4,0,0,0,0,0,0,0,0,625.6,94,0,0,0,0,0,0,0,0
411,2017-04-24,09:09:38,0,ZC705,XZCE,625.6,625,627.4,18322,1147316159.99,105084,117754,664.8,589.2,627,626,0.0,625,0,0,0,2017-04-24,32978000,625.4,4,0,0,0,0,0,0,0,0,625.6,93,0,0,0,0,0,0,0,0
412,2017-04-24,09:09:40,0,ZC705,XZCE,625.4,625,627.4,18326,1147566319.99,105084,117754,664.8,589.2,627,626,0.0,625,0,0,0,2017-04-24,32980000,625.4,2,0,0,0,0,0,0,0,0,625.6,93,0,0,0,0,0,0,0,0
413,2017-04-24,09:09:41,0,ZC705,XZCE,625.6,625,627.4,18342,1148567279.99,105068,117754,664.8,589.2,627,626,0.0,625,0,0,0,2017-04-24,32981000,625.4,2,0,0,0,0,0,0,0,0,625.6,85,0,0,0,0,0,0,0,0
414,2017-04-24,09:09:44,0,ZC705,XZCE,625.4,625,627.4,18346,1148817439.99,105064,117754,664.8,589.2,627,626,0.0,625,0,0,0,2017-04-24,32984000,625.2,158,0,0,0,0,0,0,0,0,625.4,3,0,0,0,0,0,0,0,0
415,2017-04-24,09:09:46,0,ZC705,XZCE,625.4,625,627.4,18352,1149192679.99,105064,117754,664.8,589.2,627,626,0.0,625,0,0,0,2017-04-24,32986000,625.4,100,0,0,0,0,0,0,0,0,625.6,85,0,0,0,0,0,0,0,0
416,2017-04-24,09:09:49,0,ZC705,XZCE,625.6,625,627.4,18354,1149317799.99,105062,117754,664.8,589.2,627,626,0.0,625,0,0,0,2017-04-24,32989000,625.4,100,0,0,0,0,0,0,0,0,625.6,88,0,0,0,0,0,0,0,0
417,2017-04-24,09:09:52,0,ZC705,XZCE,625.4,625,627.4,18364,1149943199.99,105052,117754,664.8,589.2,627,626,0.0,625,0,0,0,2017-04-24,32992000,625.4,95,0,0,0,0,0,0,0,0,625.6,88,0,0,0,0,0,0,0,0
418,2017-04-24,09:09:57,0,ZC705,XZCE,625.4,625,627.4,18374,1150568599.99,105042,117754,664.8,589.2,627,626,0.0,625,0,0,0,2017-04-24,32997000,625.4,90,0,0,0,0,0,0,0,0,625.6,88,0,0,0,0,0,0,0,0
419,2017-04-24,09:10:01,0,ZC705,XZCE,625.6,625,627.4,18376,1150693719.99,105042,117754,664.8,589.2,627,626,0.0,625,0,0,0,2017-04-24,33001000,625.4,90,0,0,0,0,0,0,0,0,625.6,87,0,0,0,0,0,0,0,0
420,2017-04-24,09:10:03,0,ZC705,XZCE,625.4,625,627.4,18386,1151319119.99,105032,117754,664.8,589.2,627,626,0.0,625,0,0,0,2017-04-24,33003000,625.4,85,0,0,0,0,0,0,0,0,625.6,87,0,0,0,0,0,0,0,0
421,2017-04-24,09:10:07,0,ZC705,XZCE,625.4,625,627.4,18396,1151944519.99,105022,117754,664.8,589.2,627,626,0.0,625,0,0,0,2017-04-24,33007000,625.4,80,0,0,0,0,0,0,0,0,625.6,87,0,0,0,0,0,0,0,0
422,2017-04-24,09:10:12,0,ZC705,XZCE,625.6,625,627.4,18410,1152820359.99,105010,117754,664.8,589.2,627,626,0.0,625,0,0,0,2017-04-24,33012000,625.4,75,0,0,0,0,0,0,0,0,625.6,85,0,0,0,0,0,0,0,0
423,2017-04-24,09:10:13,0,ZC705,XZCE,625.6,625,627.4,18412,1152945479.99,105008,117754,664.8,589.2,627,626,0.0,625,0,0,0,2017-04-24,33013000,625.4,75,0,0,0,0,0,0,0,0,625.6,84,0,0,0,0,0,0,0,0
424,2017-04-24,09:10:14,0,ZC705,XZCE,625.6,625,627.4,18412,1152945479.99,105008,117754,664.8,589.2,627,626,0.0,625,0,0,0,2017-04-24,33014000,625.4,78,0,0,0,0,0,0,0,0,625.6,84,0,0,0,0,0,0,0,0
425,2017-04-24,09:10:15,0,ZC705,XZCE,625.6,625,627.4,18416,1153195719.99,105004,117754,664.8,589.2,627,626,0.0,625,0,0,0,2017-04-24,33015000,625.4,79,0,0,0,0,0,0,0,0,625.6,82,0,0,0,0,0,0,0,0
426,2017-04-24,09:10:20,0,ZC705,XZCE,625.4,625,627.4,18426,1153821119.99,104994,117754,664.8,589.2,627,626,0.0,625,0,0,0,2017-04-24,33020000,625.4,74,0,0,0,0,0,0,0,0,625.6,82,0,0,0,0,0,0,0,0
427,2017-04-24,09:10:22,0,ZC705,XZCE,625.4,625,627.4,18426,1153821119.99,104994,117754,664.8,589.2,627,626,0.0,625,0,0,0,2017-04-24,33022000,625.4,76,0,0,0,0,0,0,0,0,625.6,82,0,0,0,0,0,0,0,0
428,2017-04-24,09:10:23,0,ZC705,XZCE,625.4,625,627.4,18466,1156322719.99,104954,117754,664.8,589.2,627,626,0.0,625,0,0,0,2017-04-24,33023000,625.4,56,0,0,0,0,0,0,0,0,625.6,82,0,0,0,0,0,0,0,0
429,2017-04-24,09:10:27,0,ZC705,XZCE,625.6,625,627.4,18470,1156572959.99,104950,117754,664.8,589.2,627,626,0.0,625,0,0,0,2017-04-24,33027000,625.4,56,0,0,0,0,0,0,0,0,625.6,80,0,0,0,0,0,0,0,0
430,2017-04-24,09:10:31,0,ZC705,XZCE,625.6,625,627.4,18470,1156572959.99,104950,117754,664.8,589.2,627,626,0.0,625,0,0,0,2017-04-24,33031000,625.4,58,0,0,0,0,0,0,0,0,625.6,80,0,0,0,0,0,0,0,0
431,2017-04-24,09:10:34,0,ZC705,XZCE,625.6,625,627.4,18496,1158199519.99,104960,117754,664.8,589.2,627,626,0.0,625,0,0,0,2017-04-24,33034000,625.4,58,0,0,0,0,0,0,0,0,625.6,67,0,0,0,0,0,0,0,0
432,2017-04-24,09:10:36,0,ZC705,XZCE,625.6,625,627.4,18502,1158574879.99,104954,117754,664.8,589.2,627,626,0.0,625,0,0,0,2017-04-24,33036000,625.4,58,0,0,0,0,0,0,0,0,625.6,64,0,0,0,0,0,0,0,0
433,2017-04-24,09:10:41,0,ZC705,XZCE,625.6,625,627.4,18502,1158574879.99,104954,117754,664.8,589.2,627,626,0.0,625,0,0,0,2017-04-24,33041000,625.4,68,0,0,0,0,0,0,0,0,625.6,64,0,0,0,0,0,0,0,0
434,2017-04-24,09:10:41,0,ZC705,XZCE,625.6,625,627.4,18512,1159200479.99,104944,117754,664.8,589.2,627,626,0.0,625,0,0,0,2017-04-24,33041000,625.4,68,0,0,0,0,0,0,0,0,625.6,59,0,0,0,0,0,0,0,0
435,2017-04-24,09:10:44,0,ZC705,XZCE,625.6,625,627.4,18512,1159200479.99,104944,117754,664.8,589.2,627,626,0.0,625,0,0,0,2017-04-24,33044000,625.4,70,0,0,0,0,0,0,0,0,625.6,59,0,0,0,0,0,0,0,0
436,2017-04-24,09:10:45,0,ZC705,XZCE,625.6,625,627.4,18518,1159575839.99,104942,117754,664.8,589.2,627,626,0.0,625,0,0,0,2017-04-24,33045000,625.4,68,0,0,0,0,0,0,0,0,625.6,56,0,0,0,0,0,0,0,0
437,2017-04-24,09:10:46,0,ZC705,XZCE,625.4,625,627.4,18522,1159825999.99,104938,117754,664.8,589.2,627,626,0.0,625,0,0,0,2017-04-24,33046000,625.4,66,0,0,0,0,0,0,0,0,625.6,56,0,0,0,0,0,0,0,0
438,2017-04-24,09:10:49,0,ZC705,XZCE,625.6,625,627.4,18524,1159951119.99,104936,117754,664.8,589.2,627,626,0.0,625,0,0,0,2017-04-24,33049000,625.4,69,0,0,0,0,0,0,0,0,625.6,55,0,0,0,0,0,0,0,0
439,2017-04-24,09:10:50,0,ZC705,XZCE,625.6,625,627.4,18524,1159951119.99,104936,117754,664.8,589.2,627,626,0.0,625,0,0,0,2017-04-24,33050000,625.4,67,0,0,0,0,0,0,0,0,625.6,55,0,0,0,0,0,0,0,0
440,2017-04-24,09:10:51,0,ZC705,XZCE,625.6,625,627.4,18524,1159951119.99,104936,117754,664.8,589.2,627,626,0.0,625,0,0,0,2017-04-24,33051000,625.4,66,0,0,0,0,0,0,0,0,625.6,55,0,0,0,0,0,0,0,0
441,2017-04-24,09:10:51,0,ZC705,XZCE,625.4,625,627.4,18582,1163578439.99,104902,117754,664.8,589.2,627,626,0.0,625,0,0,0,2017-04-24,33051000,625.4,65,0,0,0,0,0,0,0,0,625.6,27,0,0,0,0,0,0,0,0
442,2017-04-24,09:10:54,0,ZC705,XZCE,625.6,625,627.4,18584,1163703559.99,104902,117754,664.8,589.2,627,626,0.0,625,0,0,0,2017-04-24,33054000,625.4,65,0,0,0,0,0,0,0,0,625.6,26,0,0,0,0,0,0,0,0
443,2017-04-24,09:10:55,0,ZC705,XZCE,625.6,625,627.4,18584,1163703559.99,104902,117754,664.8,589.2,627,626,0.0,625,0,0,0,2017-04-24,33055000,625.4,66,0,0,0,0,0,0,0,0,625.6,26,0,0,0,0,0,0,0,0
444,2017-04-24,09:11:02,0,ZC705,XZCE,625.6,625,627.4,18586,1163828679.99,104902,117754,664.8,589.2,627,626,0.0,625,0,0,0,2017-04-24,33062000,625.4,66,0,0,0,0,0,0,0,0,625.6,25,0,0,0,0,0,0,0,0
445,2017-04-24,09:11:03,0,ZC705,XZCE,625.4,625,627.4,18588,1163953759.99,104900,117754,664.8,589.2,627,626,0.0,625,0,0,0,2017-04-24,33063000,625.4,65,0,0,0,0,0,0,0,0,625.6,25,0,0,0,0,0,0,0,0
446,2017-04-24,09:11:04,0,ZC705,XZCE,625.6,625,627.4,18590,1164078879.99,104900,117754,664.8,589.2,627,626,0.0,625,0,0,0,2017-04-24,33064000,625.4,65,0,0,0,0,0,0,0,0,625.6,24,0,0,0,0,0,0,0,0
447,2017-04-24,09:11:05,0,ZC705,XZCE,625.6,625,627.4,18590,1164078879.99,104900,117754,664.8,589.2,627,626,0.0,625,0,0,0,2017-04-24,33065000,625.4,63,0,0,0,0,0,0,0,0,625.6,24,0,0,0,0,0,0,0,0
448,2017-04-24,09:11:06,0,ZC705,XZCE,625.6,625,627.4,18590,1164078879.99,104900,117754,664.8,589.2,627,626,0.0,625,0,0,0,2017-04-24,33066000,625.4,64,0,0,0,0,0,0,0,0,625.6,24,0,0,0,0,0,0,0,0
449,2017-04-24,09:11:08,0,ZC705,XZCE,625.6,625,627.4,18592,1164203999.99,104898,117754,664.8,589.2,627,626,0.0,625,0,0,0,2017-04-24,33068000,625.4,64,0,0,0,0,0,0,0,0,625.6,23,0,0,0,0,0,0,0,0
450,2017-04-24,09:11:09,0,ZC705,XZCE,625.6,625,627.4,18592,1164203999.99,104898,117754,664.8,589.2,627,626,0.0,625,0,0,0,2017-04-24,33069000,625.4,65,0,0,0,0,0,0,0,0,625.6,23,0,0,0,0,0,0,0,0
451,2017-04-24,09:11:10,0,ZC705,XZCE,625.6,625,627.4,18594,1164329119.99,104896,117754,664.8,589.2,627,626,0.0,625,0,0,0,2017-04-24,33070000,625.4,65,0,0,0,0,0,0,0,0,625.6,22,0,0,0,0,0,0,0,0
452,2017-04-24,09:11:18,0,ZC705,XZCE,625.6,625,627.4,18598,1164579359.99,104892,117754,664.8,589.2,627,626,0.0,625,0,0,0,2017-04-24,33078000,625.4,65,0,0,0,0,0,0,0,0,625.6,20,0,0,0,0,0,0,0,0
453,2017-04-24,09:11:21,0,ZC705,XZCE,625.6,625,627.4,18602,1164829599.99,104892,117754,664.8,589.2,627,626,0.0,625,0,0,0,2017-04-24,33081000,625.4,65,0,0,0,0,0,0,0,0,625.6,18,0,0,0,0,0,0,0,0
454,2017-04-24,09:11:21,0,ZC705,XZCE,625.6,625,627.4,18602,1164829599.99,104892,117754,664.8,589.2,627,626,0.0,625,0,0,0,2017-04-24,33081000,625.4,70,0,0,0,0,0,0,0,0,625.6,18,0,0,0,0,0,0,0,0
455,2017-04-24,09:11:22,0,ZC705,XZCE,625.6,625,627.4,18612,1165455199.99,104892,117754,664.8,589.2,627,626,0.0,625,0,0,0,2017-04-24,33082000,625.4,70,0,0,0,0,0,0,0,0,625.6,13,0,0,0,0,0,0,0,0
456,2017-04-24,09:11:31,0,ZC705,XZCE,625.6,625,627.4,18614,1165580319.99,104892,117754,664.8,589.2,627,626,0.0,625,0,0,0,2017-04-24,33091000,625.4,70,0,0,0,0,0,0,0,0,625.6,12,0,0,0,0,0,0,0,0
457,2017-04-24,09:11:38,0,ZC705,XZCE,625.6,625,627.4,18614,1165580319.99,104892,117754,664.8,589.2,627,626,0.0,625,0,0,0,2017-04-24,33098000,625.4,70,0,0,0,0,0,0,0,0,625.6,13,0,0,0,0,0,0,0,0
458,2017-04-24,09:11:38,0,ZC705,XZCE,625.6,625,627.4,18616,1165705439.99,104892,117754,664.8,589.2,627,626,0.0,625,0,0,0,2017-04-24,33098000,625.4,70,0,0,0,0,0,0,0,0,625.6,12,0,0,0,0,0,0,0,0
459,2017-04-24,09:11:40,0,ZC705,XZCE,625.6,625,627.4,18628,1166456159.99,104892,117754,664.8,589.2,627,626,0.0,625,0,0,0,2017-04-24,33100000,625.4,70,0,0,0,0,0,0,0,0,625.6,6,0,0,0,0,0,0,0,0
460,2017-04-24,09:11:42,0,ZC705,XZCE,625.6,625,627.4,18628,1166456159.99,104892,117754,664.8,589.2,627,626,0.0,625,0,0,0,2017-04-24,33102000,625.4,71,0,0,0,0,0,0,0,0,625.6,6,0,0,0,0,0,0,0,0
461,2017-04-24,09:11:44,0,ZC705,XZCE,625.6,625,627.4,18632,1166706399.99,104890,117754,664.8,589.2,627,626,0.0,625,0,0,0,2017-04-24,33104000,625.4,71,0,0,0,0,0,0,0,0,625.6,4,0,0,0,0,0,0,0,0
462,2017-04-24,09:11:45,0,ZC705,XZCE,625.6,625,627.4,18638,1167081759.99,104884,117754,664.8,589.2,627,626,0.0,625,0,0,0,2017-04-24,33105000,625.4,71,0,0,0,0,0,0,0,0,625.6,1,0,0,0,0,0,0,0,0
463,2017-04-24,09:11:46,0,ZC705,XZCE,625.6,625,627.4,18638,1167081759.99,104884,117754,664.8,589.2,627,626,0.0,625,0,0,0,2017-04-24,33106000,625.4,73,0,0,0,0,0,0,0,0,625.6,1,0,0,0,0,0,0,0,0
464,2017-04-24,09:11:49,0,ZC705,XZCE,625.6,625,627.4,18640,1167206879.99,104886,117754,664.8,589.2,627,626,0.0,625,0,0,0,2017-04-24,33109000,625.6,9,0,0,0,0,0,0,0,0,625.8,67,0,0,0,0,0,0,0,0
465,2017-04-24,09:11:50,0,ZC705,XZCE,625.6,625,627.4,18640,1167206879.99,104886,117754,664.8,589.2,627,626,0.0,625,0,0,0,2017-04-24,33110000,625.6,10,0,0,0,0,0,0,0,0,625.8,67,0,0,0,0,0,0,0,0
466,2017-04-24,09:11:51,0,ZC705,XZCE,625.6,625,627.4,18640,1167206879.99,104886,117754,664.8,589.2,627,626,0.0,625,0,0,0,2017-04-24,33111000,625.6,12,0,0,0,0,0,0,0,0,625.8,67,0,0,0,0,0,0,0,0
467,2017-04-24,09:11:51,0,ZC705,XZCE,625.6,625,627.4,18640,1167206879.99,104886,117754,664.8,589.2,627,626,0.0,625,0,0,0,2017-04-24,33111000,625.6,112,0,0,0,0,0,0,0,0,625.8,67,0,0,0,0,0,0,0,0
468,2017-04-24,09:11:52,0,ZC705,XZCE,625.6,625,627.4,18642,1167331999.99,104886,117754,664.8,589.2,627,626,0.0,625,0,0,0,2017-04-24,33112000,625.6,111,0,0,0,0,0,0,0,0,625.8,67,0,0,0,0,0,0,0,0
469,2017-04-24,09:11:52,0,ZC705,XZCE,625.6,625,627.4,18642,1167331999.99,104886,117754,664.8,589.2,627,626,0.0,625,0,0,0,2017-04-24,33112000,625.6,113,0,0,0,0,0,0,0,0,625.8,67,0,0,0,0,0,0,0,0
470,2017-04-24,09:11:57,0,ZC705,XZCE,625.6,625,627.4,18642,1167331999.99,104886,117754,664.8,589.2,627,626,0.0,625,0,0,0,2017-04-24,33117000,625.6,113,0,0,0,0,0,0,0,0,625.8,62,0,0,0,0,0,0,0,0
471,2017-04-24,09:11:59,0,ZC705,XZCE,625.6,625,627.4,18652,1167957599.99,104886,117754,664.8,589.2,627,626,0.0,625,0,0,0,2017-04-24,33119000,625.6,108,0,0,0,0,0,0,0,0,625.8,62,0,0,0,0,0,0,0,0
472,2017-04-24,09:12:02,0,ZC705,XZCE,625.6,625,627.4,18652,1167957599.99,104886,117754,664.8,589.2,627,626,0.0,625,0,0,0,2017-04-24,33122000,625.6,108,0,0,0,0,0,0,0,0,625.8,57,0,0,0,0,0,0,0,0
473,2017-04-24,09:12:06,0,ZC705,XZCE,625.8,625,627.4,18654,1168082759.99,104884,117754,664.8,589.2,627,626,0.0,625,0,0,0,2017-04-24,33126000,625.6,108,0,0,0,0,0,0,0,0,625.8,51,0,0,0,0,0,0,0,0
474,2017-04-24,09:12:07,0,ZC705,XZCE,625.8,625,627.4,18670,1169084039.99,104868,117754,664.8,589.2,627,626,0.0,625,0,0,0,2017-04-24,33127000,625.6,108,0,0,0,0,0,0,0,0,625.8,43,0,0,0,0,0,0,0,0
475,2017-04-24,09:12:12,0,ZC705,XZCE,625.8,625,627.4,18670,1169084039.99,104868,117754,664.8,589.2,627,626,0.0,625,0,0,0,2017-04-24,33132000,625.6,108,0,0,0,0,0,0,0,0,625.8,38,0,0,0,0,0,0,0,0
476,2017-04-24,09:12:13,0,ZC705,XZCE,625.8,625,627.4,18670,1169084039.99,104868,117754,664.8,589.2,627,626,0.0,625,0,0,0,2017-04-24,33133000,625.6,109,0,0,0,0,0,0,0,0,625.8,38,0,0,0,0,0,0,0,0
477,2017-04-24,09:12:16,0,ZC705,XZCE,625.8,625,627.4,18678,1169584679.99,104860,117754,664.8,589.2,627,626,0.0,625,0,0,0,2017-04-24,33136000,625.6,109,0,0,0,0,0,0,0,0,625.8,34,0,0,0,0,0,0,0,0
478,2017-04-24,09:12:17,0,ZC705,XZCE,625.8,625,627.4,18680,1169709839.99,104858,117754,664.8,589.2,627,626,0.0,625,0,0,0,2017-04-24,33137000,625.6,109,0,0,0,0,0,0,0,0,625.8,33,0,0,0,0,0,0,0,0
479,2017-04-24,09:12:18,0,ZC705,XZCE,625.8,625,627.4,18684,1169960159.99,104854,117754,664.8,589.2,627,626,0.0,625,0,0,0,2017-04-24,33138000,625.6,109,0,0,0,0,0,0,0,0,625.8,31,0,0,0,0,0,0,0,0
480,2017-04-24,09:12:21,0,ZC705,XZCE,625.6,625,627.4,18686,1170085279.99,104856,117754,664.8,589.2,627,626,0.0,625,0,0,0,2017-04-24,33141000,625.6,108,0,0,0,0,0,0,0,0,625.8,31,0,0,0,0,0,0,0,0
481,2017-04-24,09:12:21,0,ZC705,XZCE,625.8,625,627.4,18688,1170210439.99,104854,117754,664.8,589.2,627,626,0.0,625,0,0,0,2017-04-24,33141000,625.6,108,0,0,0,0,0,0,0,0,625.8,30,0,0,0,0,0,0,0,0
482,2017-04-24,09:12:23,0,ZC705,XZCE,625.8,625,627.4,18688,1170210439.99,104854,117754,664.8,589.2,627,626,0.0,625,0,0,0,2017-04-24,33143000,625.6,108,0,0,0,0,0,0,0,0,625.8,31,0,0,0,0,0,0,0,0
483,2017-04-24,09:12:29,0,ZC705,XZCE,625.8,625,627.4,18750,1174090399.99,104816,117754,664.8,589.2,627,626,0.0,625,0,0,0,2017-04-24,33149000,625.8,96,0,0,0,0,0,0,0,0,626.0,155,0,0,0,0,0,0,0,0
484,2017-04-24,09:12:33,0,ZC705,XZCE,625.8,625,627.4,18756,1174465879.99,104810,117754,664.8,589.2,627,626,0.0,625,0,0,0,2017-04-24,33153000,625.8,93,0,0,0,0,0,0,0,0,626.0,155,0,0,0,0,0,0,0,0
485,2017-04-24,09:12:40,0,ZC705,XZCE,625.8,625,627.4,18764,1174966519.99,104810,117754,664.8,589.2,627,626,0.0,625,0,0,0,2017-04-24,33160000,625.8,89,0,0,0,0,0,0,0,0,626.0,155,0,0,0,0,0,0,0,0
486,2017-04-24,09:12:45,0,ZC705,XZCE,626.0,625,627.4,18838,1179598919.99,104736,117754,664.8,589.2,627,626,0.0,625,0,0,0,2017-04-24,33165000,625.8,90,0,0,0,0,0,0,0,0,626.0,118,0,0,0,0,0,0,0,0
487,2017-04-24,09:12:48,0,ZC705,XZCE,626.0,625,627.4,19026,1191367719.99,104584,117754,664.8,589.2,627,626,0.0,625,0,0,0,2017-04-24,33168000,625.8,90,0,0,0,0,0,0,0,0,626.0,24,0,0,0,0,0,0,0,0
488,2017-04-24,09:12:51,0,ZC705,XZCE,626.0,625,627.4,19026,1191367719.99,104584,117754,664.8,589.2,627,626,0.0,625,0,0,0,2017-04-24,33171000,625.8,92,0,0,0,0,0,0,0,0,626.0,24,0,0,0,0,0,0,0,0
489,2017-04-24,09:12:52,0,ZC705,XZCE,625.8,625,627.4,19210,1202882439.99,104400,117754,664.8,589.2,627,626,0.0,625,0,0,0,2017-04-24,33172000,625.6,107,0,0,0,0,0,0,0,0,625.8,8,0,0,0,0,0,0,0,0
490,2017-04-24,09:12:53,0,ZC705,XZCE,625.8,625,627.4,19226,1203883719.99,104392,117754,664.8,589.2,627,626,0.0,625,0,0,0,2017-04-24,33173000,625.6,107,0,0,0,0,0,0,0,0,626.0,24,0,0,0,0,0,0,0,0
491,2017-04-24,09:12:55,0,ZC705,XZCE,625.8,625,627.4,19226,1203883719.99,104392,117754,664.8,589.2,627,626,0.0,625,0,0,0,2017-04-24,33175000,625.8,5,0,0,0,0,0,0,0,0,626.0,24,0,0,0,0,0,0,0,0
492,2017-04-24,09:13:00,0,ZC705,XZCE,625.8,625,627.4,19230,1204134039.98,104388,117754,664.8,589.2,627,626,0.0,625,0,0,0,2017-04-24,33180000,625.8,3,0,0,0,0,0,0,0,0,626.0,24,0,0,0,0,0,0,0,0
493,2017-04-24,09:13:13,0,ZC705,XZCE,626.0,625,627.4,19232,1204259239.98,104388,117754,664.8,589.2,627,626,0.0,625,0,0,0,2017-04-24,33193000,625.8,4,0,0,0,0,0,0,0,0,626.0,23,0,0,0,0,0,0,0,0
494,2017-04-24,09:13:29,0,ZC705,XZCE,626.0,625,627.4,19242,1204885239.98,104388,117754,664.8,589.2,627,626,0.0,625,0,0,0,2017-04-24,33209000,625.8,4,0,0,0,0,0,0,0,0,626.0,18,0,0,0,0,0,0,0,0
495,2017-04-24,09:13:32,0,ZC705,XZCE,626.0,625,627.4,19278,1207138839.98,104386,117754,664.8,589.2,627,626,0.0,625,0,0,0,2017-04-24,33212000,626.0,82,0,0,0,0,0,0,0,0,626.2,22,0,0,0,0,0,0,0,0
496,2017-04-24,09:13:39,0,ZC705,XZCE,626.0,625,627.4,19278,1207138839.98,104386,117754,664.8,589.2,627,626,0.0,625,0,0,0,2017-04-24,33219000,626.0,182,0,0,0,0,0,0,0,0,626.2,22,0,0,0,0,0,0,0,0
497,2017-04-24,09:13:41,0,ZC705,XZCE,626.0,625,627.4,19278,1207138839.98,104386,117754,664.8,589.2,627,626,0.0,625,0,0,0,2017-04-24,33221000,626.0,184,0,0,0,0,0,0,0,0,626.2,22,0,0,0,0,0,0,0,0
498,2017-04-24,09:13:45,0,ZC705,XZCE,626.0,625,627.4,19278,1207138839.98,104386,117754,664.8,589.2,627,626,0.0,625,0,0,0,2017-04-24,33225000,626.0,194,0,0,0,0,0,0,0,0,626.2,22,0,0,0,0,0,0,0,0
499,2017-04-24,09:13:49,0,ZC705,XZCE,626.0,625,627.4,19278,1207138839.98,104386,117754,664.8,589.2,627,626,0.0,625,0,0,0,2017-04-24,33229000,626.0,192,0,0,0,0,0,0,0,0,626.2,22,0,0,0,0,0,0,0,0
500,2017-04-24,09:13:51,0,ZC705,XZCE,626.0,625,627.4,19280,1207264039.98,104386,117754,664.8,589.2,627,626,0.0,625,0,0,0,2017-04-24,33231000,626.0,191,0,0,0,0,0,0,0,0,626.2,22,0,0,0,0,0,0,0,0
501,2017-04-24,09:13:53,0,ZC705,XZCE,626.4,625,627.4,19330,1210396039.98,104380,117754,664.8,589.2,627,626,0.0,625,0,0,0,2017-04-24,33233000,626.0,191,0,0,0,0,0,0,0,0,626.4,25,0,0,0,0,0,0,0,0
502,2017-04-24,09:13:54,0,ZC705,XZCE,626.4,625,627.4,19332,1210521319.98,104380,117754,664.8,589.2,627,626,0.0,625,0,0,0,2017-04-24,33234000,626.0,191,0,0,0,0,0,0,0,0,626.4,24,0,0,0,0,0,0,0,0
503,2017-04-24,09:13:54,0,ZC705,XZCE,626.0,625,627.4,19334,1210646519.98,104380,117754,664.8,589.2,627,626,0.0,625,0,0,0,2017-04-24,33234000,626.0,190,0,0,0,0,0,0,0,0,626.4,24,0,0,0,0,0,0,0,0
504,2017-04-24,09:13:55,0,ZC705,XZCE,626.4,625,627.4,19336,1210771799.98,104380,117754,664.8,589.2,627,626,0.0,625,0,0,0,2017-04-24,33235000,626.0,190,0,0,0,0,0,0,0,0,626.4,23,0,0,0,0,0,0,0,0
505,2017-04-24,09:13:57,0,ZC705,XZCE,626.4,625,627.4,19336,1210771799.98,104380,117754,664.8,589.2,627,626,0.0,625,0,0,0,2017-04-24,33237000,626.2,2,0,0,0,0,0,0,0,0,626.4,23,0,0,0,0,0,0,0,0
506,2017-04-24,09:13:57,0,ZC705,XZCE,626.4,625,627.4,19336,1210771799.98,104380,117754,664.8,589.2,627,626,0.0,625,0,0,0,2017-04-24,33237000,626.2,2,0,0,0,0,0,0,0,0,626.4,24,0,0,0,0,0,0,0,0
507,2017-04-24,09:13:59,0,ZC705,XZCE,626.2,625,627.4,19338,1210897039.98,104382,117754,664.8,589.2,627,626,0.0,625,0,0,0,2017-04-24,33239000,626.2,1,0,0,0,0,0,0,0,0,626.4,24,0,0,0,0,0,0,0,0
508,2017-04-24,09:14:00,0,ZC705,XZCE,626.2,625,627.4,19340,1211022279.98,104384,117754,664.8,589.2,627,626,0.0,625,0,0,0,2017-04-24,33240000,626.0,190,0,0,0,0,0,0,0,0,626.4,24,0,0,0,0,0,0,0,0
509,2017-04-24,09:14:01,0,ZC705,XZCE,626.2,625,627.4,19340,1211022279.98,104384,117754,664.8,589.2,627,626,0.0,625,0,0,0,2017-04-24,33241000,626.0,190,0,0,0,0,0,0,0,0,626.4,28,0,0,0,0,0,0,0,0
510,2017-04-24,09:14:01,0,ZC705,XZCE,626.2,625,627.4,19340,1211022279.98,104384,117754,664.8,589.2,627,626,0.0,625,0,0,0,2017-04-24,33241000,626.0,190,0,0,0,0,0,0,0,0,626.4,13,0,0,0,0,0,0,0,0
511,2017-04-24,09:14:01,0,ZC705,XZCE,626.2,625,627.4,19340,1211022279.98,104384,117754,664.8,589.2,627,626,0.0,625,0,0,0,2017-04-24,33241000,626.0,190,0,0,0,0,0,0,0,0,626.4,8,0,0,0,0,0,0,0,0
512,2017-04-24,09:14:03,0,ZC705,XZCE,626.4,625,627.4,19348,1211523399.98,104384,117754,664.8,589.2,627,626,0.0,625,0,0,0,2017-04-24,33243000,626.0,190,0,0,0,0,0,0,0,0,626.4,4,0,0,0,0,0,0,0,0
513,2017-04-24,09:14:04,0,ZC705,XZCE,626.4,625,627.4,19356,1212024519.98,104382,117754,664.8,589.2,627,626,0.0,625,0,0,0,2017-04-24,33244000,626.0,190,0,0,0,0,0,0,0,0,626.6,14,0,0,0,0,0,0,0,0
514,2017-04-24,09:14:05,0,ZC705,XZCE,626.6,625,627.4,19360,1212275159.98,104378,117754,664.8,589.2,627,626,0.0,625,0,0,0,2017-04-24,33245000,626.0,190,0,0,0,0,0,0,0,0,626.6,12,0,0,0,0,0,0,0,0
515,2017-04-24,09:14:07,0,ZC705,XZCE,626.6,625,627.4,19364,1212525799.98,104374,117754,664.8,589.2,627,626,0.0,625,0,0,0,2017-04-24,33247000,626.0,190,0,0,0,0,0,0,0,0,626.6,10,0,0,0,0,0,0,0,0
516,2017-04-24,09:14:12,0,ZC705,XZCE,626.6,625,627.4,19364,1212525799.98,104374,117754,664.8,589.2,627,626,0.0,625,0,0,0,2017-04-24,33252000,626.0,190,0,0,0,0,0,0,0,0,626.6,11,0,0,0,0,0,0,0,0
517,2017-04-24,09:14:12,0,ZC705,XZCE,626.6,625,627.4,19366,1212651119.98,104372,117754,664.8,589.2,627,626,0.0,625,0,0,0,2017-04-24,33252000,626.0,190,0,0,0,0,0,0,0,0,626.6,10,0,0,0,0,0,0,0,0
518,2017-04-24,09:14:17,0,ZC705,XZCE,626.6,625,627.4,19366,1212651119.98,104372,117754,664.8,589.2,627,626,0.0,625,0,0,0,2017-04-24,33257000,626.0,190,0,0,0,0,0,0,0,0,626.4,2,0,0,0,0,0,0,0,0
519,2017-04-24,09:14:18,0,ZC705,XZCE,626.6,625,627.4,19366,1212651119.98,104372,117754,664.8,589.2,627,626,0.0,625,0,0,0,2017-04-24,33258000,626.2,1,0,0,0,0,0,0,0,0,626.4,2,0,0,0,0,0,0,0,0
520,2017-04-24,09:14:19,0,ZC705,XZCE,626.6,625,627.4,19368,1212776439.98,104370,117754,664.8,589.2,627,626,0.0,625,0,0,0,2017-04-24,33259000,626.2,1,0,0,0,0,0,0,0,0,626.4,1,0,0,0,0,0,0,0,0
521,2017-04-24,09:14:19,0,ZC705,XZCE,626.4,625,627.4,19370,1212901719.98,104368,117754,664.8,589.2,627,626,0.0,625,0,0,0,2017-04-24,33259000,626.2,1,0,0,0,0,0,0,0,0,626.4,2,0,0,0,0,0,0,0,0
