,dataDate,dataTime,dataMillisec,instrumentID,exchangeCD,lastPrice,lowPrice,highPrice,volume,value,openInterest,preOpenInterest,upperLimitPrice,lowerLimitPrice,preSettlementPrice,prevClosePrice,settlementPrice,openPrice,closePrice,preDelta,currDelta,clearingDay,milliSecOffset,bidPrice1,bidVolume1,bidPrice2,bidVolume2,bidPrice3,bidVolume3,bidPrice4,bidVolume4,bidPrice5,bidVolume5,askPrice1,askVolume1,askPrice2,askVolume2,askPrice3,askVolume3,askPrice4,askVolume4,askPrice5,askVolume5
0,2017-04-21,08:59:00,96,cs1709,XDCE,2007,2007,2007,498,9994860,791816,791380,2102,1902,2002,2010,0,2007,0,0,0,2017-04-21,32340096,2006,81,0,0,0,0,0,0,0,0,2007,319,0,0,0,0,0,0,0,0
1,2017-04-21,09:00:00,437,cs1709,XDCE,2006,2005,2007,1130,22672760,792332,791380,2102,1902,2002,2010,0,2007,0,0,0,2017-04-21,32400437,2005,84,0,0,0,0,0,0,0,0,2006,141,0,0,0,0,0,0,0,0
2,2017-04-21,09:00:00,937,cs1709,XDCE,2007,2005,2007,1762,35352700,792386,791380,2102,1902,2002,2010,0,2007,0,0,0,2017-04-21,32400937,2006,305,0,0,0,0,0,0,0,0,2007,240,0,0,0,0,0,0,0,0
3,2017-04-21,09:00:01,425,cs1709,XDCE,2007,2005,2008,2238,44905860,792626,791380,2102,1902,2002,2010,0,2007,0,0,0,2017-04-21,32401425,2007,339,0,0,0,0,0,0,0,0,2008,447,0,0,0,0,0,0,0,0
4,2017-04-21,09:00:01,933,cs1709,XDCE,2007,2005,2008,2548,51129560,792512,791380,2102,1902,2002,2010,0,2007,0,0,0,2017-04-21,32401933,2007,447,0,0,0,0,0,0,0,0,2008,363,0,0,0,0,0,0,0,0
5,2017-04-21,09:00:02,426,cs1709,XDCE,2008,2005,2008,3128,62775760,792006,791380,2102,1902,2002,2010,0,2007,0,0,0,2017-04-21,32402426,2007,528,0,0,0,0,0,0,0,0,2008,82,0,0,0,0,0,0,0,0
6,2017-04-21,09:00:02,934,cs1709,XDCE,2009,2005,2009,3348,67193560,792096,791380,2102,1902,2002,2010,0,2007,0,0,0,2017-04-21,32402934,2008,44,0,0,0,0,0,0,0,0,2009,303,0,0,0,0,0,0,0,0
7,2017-04-21,09:00:03,437,cs1709,XDCE,2009,2005,2009,3848,77238400,791930,791380,2102,1902,2002,2010,0,2007,0,0,0,2017-04-21,32403437,2008,257,0,0,0,0,0,0,0,0,2010,118,0,0,0,0,0,0,0,0
8,2017-04-21,09:00:03,935,cs1709,XDCE,2010,2005,2010,4176,83831200,791848,791380,2102,1902,2002,2010,0,2007,0,0,0,2017-04-21,32403935,2009,89,0,0,0,0,0,0,0,0,2011,49,0,0,0,0,0,0,0,0
9,2017-04-21,09:00:04,433,cs1709,XDCE,2011,2005,2011,4466,89662360,791924,791380,2102,1902,2002,2010,0,2007,0,0,0,2017-04-21,32404433,2010,233,0,0,0,0,0,0,0,0,2012,177,0,0,0,0,0,0,0,0
10,2017-04-21,09:00:04,933,cs1709,XDCE,2012,2005,2012,4650,93363960,791896,791380,2102,1902,2002,2010,0,2007,0,0,0,2017-04-21,32404933,2011,274,0,0,0,0,0,0,0,0,2012,139,0,0,0,0,0,0,0,0
11,2017-04-21,09:00:05,435,cs1709,XDCE,2013,2005,2013,5234,105116320,791690,791380,2102,1902,2002,2010,0,2007,0,0,0,2017-04-21,32405435,2012,86,0,0,0,0,0,0,0,0,2014,137,0,0,0,0,0,0,0,0
12,2017-04-21,09:00:05,927,cs1709,XDCE,2014,2005,2015,6178,124128020,791546,791380,2102,1902,2002,2010,0,2007,0,0,0,2017-04-21,32405927,2013,87,0,0,0,0,0,0,0,0,2014,6,0,0,0,0,0,0,0,0
13,2017-04-21,09:00:06,436,cs1709,XDCE,2015,2005,2015,6672,134079240,791656,791380,2102,1902,2002,2010,0,2007,0,0,0,2017-04-21,32406436,2014,20,0,0,0,0,0,0,0,0,2016,357,0,0,0,0,0,0,0,0
14,2017-04-21,09:00:06,936,cs1709,XDCE,2014,2005,2016,7748,155758040,791352,791380,2102,1902,2002,2010,0,2007,0,0,0,2017-04-21,32406936,2013,139,0,0,0,0,0,0,0,0,2014,9,0,0,0,0,0,0,0,0
15,2017-04-21,09:00:07,424,cs1709,XDCE,2015,2005,2016,8396,168815600,791498,791380,2102,1902,2002,2010,0,2007,0,0,0,2017-04-21,32407424,2014,109,0,0,0,0,0,0,0,0,2015,8,0,0,0,0,0,0,0,0
16,2017-04-21,09:00:07,915,cs1709,XDCE,2014,2005,2016,8694,174821740,791524,791380,2102,1902,2002,2010,0,2007,0,0,0,2017-04-21,32407915,2014,140,0,0,0,0,0,0,0,0,2015,66,0,0,0,0,0,0,0,0
17,2017-04-21,09:00:08,435,cs1709,XDCE,2017,2005,2018,10014,201442260,792170,791380,2102,1902,2002,2010,0,2007,0,0,0,2017-04-21,32408435,2016,2,0,0,0,0,0,0,0,0,2017,11,0,0,0,0,0,0,0,0
18,2017-04-21,09:00:08,936,cs1709,XDCE,2017,2005,2018,10320,207613680,792136,791380,2102,1902,2002,2010,0,2007,0,0,0,2017-04-21,32408936,2016,4,0,0,0,0,0,0,0,0,2017,34,0,0,0,0,0,0,0,0
19,2017-04-21,09:00:09,431,cs1709,XDCE,2015,2005,2018,10662,214509140,792192,791380,2102,1902,2002,2010,0,2007,0,0,0,2017-04-21,32409431,2015,131,0,0,0,0,0,0,0,0,2016,13,0,0,0,0,0,0,0,0
20,2017-04-21,09:00:09,936,cs1709,XDCE,2016,2005,2018,10840,218096540,792132,791380,2102,1902,2002,2010,0,2007,0,0,0,2017-04-21,32409936,2015,76,0,0,0,0,0,0,0,0,2016,31,0,0,0,0,0,0,0,0
21,2017-04-21,09:00:10,410,cs1709,XDCE,2017,2005,2018,11098,223297440,792148,791380,2102,1902,2002,2010,0,2007,0,0,0,2017-04-21,32410410,2016,23,0,0,0,0,0,0,0,0,2017,198,0,0,0,0,0,0,0,0
22,2017-04-21,09:00:10,928,cs1709,XDCE,2016,2005,2018,11252,226402060,792108,791380,2102,1902,2002,2010,0,2007,0,0,0,2017-04-21,32410928,2015,49,0,0,0,0,0,0,0,0,2016,9,0,0,0,0,0,0,0,0
23,2017-04-21,09:00:11,437,cs1709,XDCE,2016,2005,2018,11604,233495640,791836,791380,2102,1902,2002,2010,0,2007,0,0,0,2017-04-21,32411437,2014,166,0,0,0,0,0,0,0,0,2016,18,0,0,0,0,0,0,0,0
24,2017-04-21,09:00:11,924,cs1709,XDCE,2015,2005,2018,11714,235712400,791856,791380,2102,1902,2002,2010,0,2007,0,0,0,2017-04-21,32411924,2014,171,0,0,0,0,0,0,0,0,2016,77,0,0,0,0,0,0,0,0
25,2017-04-21,09:00:12,433,cs1709,XDCE,2014,2005,2018,11802,237484760,791796,791380,2102,1902,2002,2010,0,2007,0,0,0,2017-04-21,32412433,2014,152,0,0,0,0,0,0,0,0,2015,32,0,0,0,0,0,0,0,0
26,2017-04-21,09:00:12,915,cs1709,XDCE,2013,2005,2018,12144,244372440,791490,791380,2102,1902,2002,2010,0,2007,0,0,0,2017-04-21,32412915,2013,67,0,0,0,0,0,0,0,0,2014,159,0,0,0,0,0,0,0,0
27,2017-04-21,09:00:13,435,cs1709,XDCE,2014,2005,2018,12434,250211660,791354,791380,2102,1902,2002,2010,0,2007,0,0,0,2017-04-21,32413435,2012,395,0,0,0,0,0,0,0,0,2014,103,0,0,0,0,0,0,0,0
28,2017-04-21,09:00:13,937,cs1709,XDCE,2013,2005,2018,12648,254519600,791198,791380,2102,1902,2002,2010,0,2007,0,0,0,2017-04-21,32413937,2012,424,0,0,0,0,0,0,0,0,2013,131,0,0,0,0,0,0,0,0
29,2017-04-21,09:00:14,423,cs1709,XDCE,2013,2005,2018,12822,258020520,791238,791380,2102,1902,2002,2010,0,2007,0,0,0,2017-04-21,32414423,2012,333,0,0,0,0,0,0,0,0,2013,139,0,0,0,0,0,0,0,0
30,2017-04-21,09:00:14,927,cs1709,XDCE,2012,2005,2018,12964,260878660,791300,791380,2102,1902,2002,2010,0,2007,0,0,0,2017-04-21,32414927,2012,316,0,0,0,0,0,0,0,0,2013,100,0,0,0,0,0,0,0,0
31,2017-04-21,09:00:15,390,cs1709,XDCE,2012,2005,2018,13000,261603140,791322,791380,2102,1902,2002,2010,0,2007,0,0,0,2017-04-21,32415390,2012,306,0,0,0,0,0,0,0,0,2013,113,0,0,0,0,0,0,0,0
32,2017-04-21,09:00:15,906,cs1709,XDCE,2012,2005,2018,13190,265427780,791186,791380,2102,1902,2002,2010,0,2007,0,0,0,2017-04-21,32415906,2012,272,0,0,0,0,0,0,0,0,2013,24,0,0,0,0,0,0,0,0
33,2017-04-21,09:00:16,431,cs1709,XDCE,2013,2005,2018,13252,266675820,791198,791380,2102,1902,2002,2010,0,2007,0,0,0,2017-04-21,32416431,2012,272,0,0,0,0,0,0,0,0,2013,12,0,0,0,0,0,0,0,0
34,2017-04-21,09:00:16,897,cs1709,XDCE,2012,2005,2018,13256,266756320,791198,791380,2102,1902,2002,2010,0,2007,0,0,0,2017-04-21,32416897,2012,273,0,0,0,0,0,0,0,0,2013,12,0,0,0,0,0,0,0,0
35,2017-04-21,09:00:17,426,cs1709,XDCE,2013,2005,2018,13304,267722160,791238,791380,2102,1902,2002,2010,0,2007,0,0,0,2017-04-21,32417426,2012,253,0,0,0,0,0,0,0,0,2013,15,0,0,0,0,0,0,0,0
36,2017-04-21,09:00:17,926,cs1709,XDCE,2013,2005,2018,13322,268084500,791244,791380,2102,1902,2002,2010,0,2007,0,0,0,2017-04-21,32417926,2012,261,0,0,0,0,0,0,0,0,2013,30,0,0,0,0,0,0,0,0
37,2017-04-21,09:00:18,419,cs1709,XDCE,2013,2005,2018,13358,268809080,791244,791380,2102,1902,2002,2010,0,2007,0,0,0,2017-04-21,32418419,2012,266,0,0,0,0,0,0,0,0,2013,18,0,0,0,0,0,0,0,0
38,2017-04-21,09:00:18,937,cs1709,XDCE,2013,2005,2018,13360,268849340,791246,791380,2102,1902,2002,2010,0,2007,0,0,0,2017-04-21,32418937,2012,272,0,0,0,0,0,0,0,0,2013,23,0,0,0,0,0,0,0,0
39,2017-04-21,09:00:19,434,cs1709,XDCE,2012,2005,2018,13382,269292040,791252,791380,2102,1902,2002,2010,0,2007,0,0,0,2017-04-21,32419434,2012,289,0,0,0,0,0,0,0,0,2013,22,0,0,0,0,0,0,0,0
40,2017-04-21,09:00:19,917,cs1709,XDCE,2012,2005,2018,13488,271425200,791310,791380,2102,1902,2002,2010,0,2007,0,0,0,2017-04-21,32419917,2012,270,0,0,0,0,0,0,0,0,2013,464,0,0,0,0,0,0,0,0
41,2017-04-21,09:00:20,416,cs1709,XDCE,2013,2005,2018,13516,271988720,791326,791380,2102,1902,2002,2010,0,2007,0,0,0,2017-04-21,32420416,2012,278,0,0,0,0,0,0,0,0,2013,462,0,0,0,0,0,0,0,0
42,2017-04-21,09:00:20,867,cs1709,XDCE,2013,2005,2018,13670,275088300,791372,791380,2102,1902,2002,2010,0,2007,0,0,0,2017-04-21,32420867,2012,276,0,0,0,0,0,0,0,0,2013,121,0,0,0,0,0,0,0,0
43,2017-04-21,09:00:21,385,cs1709,XDCE,2012,2005,2018,13778,277262140,791358,791380,2102,1902,2002,2010,0,2007,0,0,0,2017-04-21,32421385,2012,267,0,0,0,0,0,0,0,0,2014,117,0,0,0,0,0,0,0,0
44,2017-04-21,09:00:21,932,cs1709,XDCE,2012,2005,2018,13790,277503660,791360,791380,2102,1902,2002,2010,0,2007,0,0,0,2017-04-21,32421932,2012,268,0,0,0,0,0,0,0,0,2013,145,0,0,0,0,0,0,0,0
45,2017-04-21,09:00:22,434,cs1709,XDCE,2012,2005,2018,13846,278630420,791314,791380,2102,1902,2002,2010,0,2007,0,0,0,2017-04-21,32422434,2012,246,0,0,0,0,0,0,0,0,2013,216,0,0,0,0,0,0,0,0
46,2017-04-21,09:00:22,909,cs1709,XDCE,2012,2005,2018,13874,279193940,791310,791380,2102,1902,2002,2010,0,2007,0,0,0,2017-04-21,32422909,2012,283,0,0,0,0,0,0,0,0,2013,159,0,0,0,0,0,0,0,0
47,2017-04-21,09:00:23,436,cs1709,XDCE,2012,2005,2018,14086,283459400,791176,791380,2102,1902,2002,2010,0,2007,0,0,0,2017-04-21,32423436,2012,196,0,0,0,0,0,0,0,0,2013,156,0,0,0,0,0,0,0,0
48,2017-04-21,09:00:23,870,cs1709,XDCE,2012,2005,2018,14088,283499640,791178,791380,2102,1902,2002,2010,0,2007,0,0,0,2017-04-21,32423870,2012,182,0,0,0,0,0,0,0,0,2013,149,0,0,0,0,0,0,0,0
49,2017-04-21,09:00:24,432,cs1709,XDCE,2013,2005,2018,14114,284022980,791196,791380,2102,1902,2002,2010,0,2007,0,0,0,2017-04-21,32424432,2012,186,0,0,0,0,0,0,0,0,2013,237,0,0,0,0,0,0,0,0
50,2017-04-21,09:00:24,916,cs1709,XDCE,2012,2005,2018,14482,291427160,790932,791380,2102,1902,2002,2010,0,2007,0,0,0,2017-04-21,32424916,2011,69,0,0,0,0,0,0,0,0,2012,1,0,0,0,0,0,0,0,0
51,2017-04-21,09:00:25,426,cs1709,XDCE,2011,2005,2018,14646,294725240,790908,791380,2102,1902,2002,2010,0,2007,0,0,0,2017-04-21,32425426,2010,53,0,0,0,0,0,0,0,0,2011,10,0,0,0,0,0,0,0,0
52,2017-04-21,09:00:25,904,cs1709,XDCE,2011,2005,2018,14684,295489360,790920,791380,2102,1902,2002,2010,0,2007,0,0,0,2017-04-21,32425904,2010,36,0,0,0,0,0,0,0,0,2011,12,0,0,0,0,0,0,0,0
53,2017-04-21,09:00:26,433,cs1709,XDCE,2011,2005,2018,14770,297218020,790900,791380,2102,1902,2002,2010,0,2007,0,0,0,2017-04-21,32426433,2010,124,0,0,0,0,0,0,0,0,2011,35,0,0,0,0,0,0,0,0
54,2017-04-21,09:00:26,923,cs1709,XDCE,2010,2005,2018,14778,297378820,790892,791380,2102,1902,2002,2010,0,2007,0,0,0,2017-04-21,32426923,2010,188,0,0,0,0,0,0,0,0,2011,35,0,0,0,0,0,0,0,0
55,2017-04-21,09:00:27,424,cs1709,XDCE,2011,2005,2018,14858,298987480,790916,791380,2102,1902,2002,2010,0,2007,0,0,0,2017-04-21,32427424,2010,193,0,0,0,0,0,0,0,0,2011,9,0,0,0,0,0,0,0,0
56,2017-04-21,09:00:27,904,cs1709,XDCE,2011,2005,2018,14914,300113740,790916,791380,2102,1902,2002,2010,0,2007,0,0,0,2017-04-21,32427904,2011,28,0,0,0,0,0,0,0,0,2012,451,0,0,0,0,0,0,0,0
57,2017-04-21,09:00:28,370,cs1709,XDCE,2011,2005,2018,14916,300153960,790916,791380,2102,1902,2002,2010,0,2007,0,0,0,2017-04-21,32428370,2011,61,0,0,0,0,0,0,0,0,2012,454,0,0,0,0,0,0,0,0
58,2017-04-21,09:00:28,914,cs1709,XDCE,2011,2005,2018,15040,302647600,790942,791380,2102,1902,2002,2010,0,2007,0,0,0,2017-04-21,32428914,2010,202,0,0,0,0,0,0,0,0,2011,1,0,0,0,0,0,0,0,0
59,2017-04-21,09:00:29,431,cs1709,XDCE,2010,2005,2018,15454,310969300,790748,791380,2102,1902,2002,2010,0,2007,0,0,0,2017-04-21,32429431,2009,74,0,0,0,0,0,0,0,0,2010,11,0,0,0,0,0,0,0,0
60,2017-04-21,09:00:29,924,cs1709,XDCE,2010,2005,2018,15456,311009500,790748,791380,2102,1902,2002,2010,0,2007,0,0,0,2017-04-21,32429924,2009,66,0,0,0,0,0,0,0,0,2010,112,0,0,0,0,0,0,0,0
61,2017-04-21,09:00:30,397,cs1709,XDCE,2009,2005,2018,15464,311170280,790744,791380,2102,1902,2002,2010,0,2007,0,0,0,2017-04-21,32430397,2009,59,0,0,0,0,0,0,0,0,2010,120,0,0,0,0,0,0,0,0
62,2017-04-21,09:00:30,924,cs1709,XDCE,2010,2005,2018,15526,312416340,790748,791380,2102,1902,2002,2010,0,2007,0,0,0,2017-04-21,32430924,2009,72,0,0,0,0,0,0,0,0,2010,98,0,0,0,0,0,0,0,0
63,2017-04-21,09:00:31,421,cs1709,XDCE,2010,2005,2018,15548,312858380,790734,791380,2102,1902,2002,2010,0,2007,0,0,0,2017-04-21,32431421,2009,65,0,0,0,0,0,0,0,0,2010,102,0,0,0,0,0,0,0,0
64,2017-04-21,09:00:31,925,cs1709,XDCE,2009,2005,2018,15562,313139640,790728,791380,2102,1902,2002,2010,0,2007,0,0,0,2017-04-21,32431925,2009,59,0,0,0,0,0,0,0,0,2010,102,0,0,0,0,0,0,0,0
65,2017-04-21,09:00:32,429,cs1709,XDCE,2009,2005,2018,15686,315630840,790694,791380,2102,1902,2002,2010,0,2007,0,0,0,2017-04-21,32432429,2009,6,0,0,0,0,0,0,0,0,2010,105,0,0,0,0,0,0,0,0
66,2017-04-21,09:00:32,900,cs1709,XDCE,2009,2005,2018,15788,317679540,790680,791380,2102,1902,2002,2010,0,2007,0,0,0,2017-04-21,32432900,2008,133,0,0,0,0,0,0,0,0,2009,20,0,0,0,0,0,0,0,0
67,2017-04-21,09:00:33,400,cs1709,XDCE,2009,2005,2018,15864,319206640,790666,791380,2102,1902,2002,2010,0,2007,0,0,0,2017-04-21,32433400,2009,71,0,0,0,0,0,0,0,0,2010,93,0,0,0,0,0,0,0,0
68,2017-04-21,09:00:33,927,cs1709,XDCE,2009,2005,2018,15872,319367380,790662,791380,2102,1902,2002,2010,0,2007,0,0,0,2017-04-21,32433927,2009,90,0,0,0,0,0,0,0,0,2010,92,0,0,0,0,0,0,0,0
69,2017-04-21,09:00:34,391,cs1709,XDCE,2009,2005,2018,15900,319929980,790662,791380,2102,1902,2002,2010,0,2007,0,0,0,2017-04-21,32434391,2009,93,0,0,0,0,0,0,0,0,2010,91,0,0,0,0,0,0,0,0
70,2017-04-21,09:00:34,928,cs1709,XDCE,2009,2005,2018,15904,320010340,790660,791380,2102,1902,2002,2010,0,2007,0,0,0,2017-04-21,32434928,2009,93,0,0,0,0,0,0,0,0,2010,90,0,0,0,0,0,0,0,0
71,2017-04-21,09:00:35,361,cs1709,XDCE,2009,2005,2018,15904,320010340,790660,791380,2102,1902,2002,2010,0,2007,0,0,0,2017-04-21,32435361,2009,98,0,0,0,0,0,0,0,0,2010,92,0,0,0,0,0,0,0,0
72,2017-04-21,09:00:35,913,cs1709,XDCE,2010,2005,2018,16088,323708740,790520,791380,2102,1902,2002,2010,0,2007,0,0,0,2017-04-21,32435913,2010,21,0,0,0,0,0,0,0,0,2011,113,0,0,0,0,0,0,0,0
73,2017-04-21,09:00:36,428,cs1709,XDCE,2009,2005,2018,16164,325236220,790524,791380,2102,1902,2002,2010,0,2007,0,0,0,2017-04-21,32436428,2009,182,0,0,0,0,0,0,0,0,2011,113,0,0,0,0,0,0,0,0
74,2017-04-21,09:00:36,893,cs1709,XDCE,2010,2005,2018,16220,326361820,790544,791380,2102,1902,2002,2010,0,2007,0,0,0,2017-04-21,32436893,2010,50,0,0,0,0,0,0,0,0,2011,132,0,0,0,0,0,0,0,0
75,2017-04-21,09:00:37,423,cs1709,XDCE,2011,2005,2018,16234,326643240,790542,791380,2102,1902,2002,2010,0,2007,0,0,0,2017-04-21,32437423,2010,46,0,0,0,0,0,0,0,0,2011,133,0,0,0,0,0,0,0,0
76,2017-04-21,09:00:37,936,cs1709,XDCE,2011,2005,2018,16330,328573460,790572,791380,2102,1902,2002,2010,0,2007,0,0,0,2017-04-21,32437936,2010,38,0,0,0,0,0,0,0,0,2011,102,0,0,0,0,0,0,0,0
77,2017-04-21,09:00:38,401,cs1709,XDCE,2011,2005,2018,16388,329739400,790570,791380,2102,1902,2002,2010,0,2007,0,0,0,2017-04-21,32438401,2010,18,0,0,0,0,0,0,0,0,2011,88,0,0,0,0,0,0,0,0
78,2017-04-21,09:00:38,913,cs1709,XDCE,2011,2005,2018,16660,335209080,790560,791380,2102,1902,2002,2010,0,2007,0,0,0,2017-04-21,32438913,2011,38,0,0,0,0,0,0,0,0,2012,352,0,0,0,0,0,0,0,0
79,2017-04-21,09:00:39,401,cs1709,XDCE,2012,2005,2018,16674,335490660,790572,791380,2102,1902,2002,2010,0,2007,0,0,0,2017-04-21,32439401,2011,35,0,0,0,0,0,0,0,0,2012,341,0,0,0,0,0,0,0,0
80,2017-04-21,09:00:39,917,cs1709,XDCE,2011,2005,2018,16686,335731980,790580,791380,2102,1902,2002,2010,0,2007,0,0,0,2017-04-21,32439917,2011,30,0,0,0,0,0,0,0,0,2012,391,0,0,0,0,0,0,0,0
81,2017-04-21,09:00:40,429,cs1709,XDCE,2012,2005,2018,16730,336616860,790584,791380,2102,1902,2002,2010,0,2007,0,0,0,2017-04-21,32440429,2011,23,0,0,0,0,0,0,0,0,2012,387,0,0,0,0,0,0,0,0
82,2017-04-21,09:00:40,916,cs1709,XDCE,2011,2005,2018,16772,337461680,790598,791380,2102,1902,2002,2010,0,2007,0,0,0,2017-04-21,32440916,2011,12,0,0,0,0,0,0,0,0,2012,373,0,0,0,0,0,0,0,0
83,2017-04-21,09:00:41,396,cs1709,XDCE,2012,2005,2018,16780,337622620,790598,791380,2102,1902,2002,2010,0,2007,0,0,0,2017-04-21,32441396,2011,16,0,0,0,0,0,0,0,0,2012,367,0,0,0,0,0,0,0,0
84,2017-04-21,09:00:41,914,cs1709,XDCE,2010,2005,2018,16828,338587880,790580,791380,2102,1902,2002,2010,0,2007,0,0,0,2017-04-21,32441914,2010,140,0,0,0,0,0,0,0,0,2012,269,0,0,0,0,0,0,0,0
85,2017-04-21,09:00:42,378,cs1709,XDCE,2010,2005,2018,16836,338748740,790580,791380,2102,1902,2002,2010,0,2007,0,0,0,2017-04-21,32442378,2010,128,0,0,0,0,0,0,0,0,2011,10,0,0,0,0,0,0,0,0
86,2017-04-21,09:00:42,899,cs1709,XDCE,2010,2005,2018,16836,338748740,790580,791380,2102,1902,2002,2010,0,2007,0,0,0,2017-04-21,32442899,2010,130,0,0,0,0,0,0,0,0,2011,12,0,0,0,0,0,0,0,0
87,2017-04-21,09:00:43,407,cs1709,XDCE,2011,2005,2018,16896,339954840,790546,791380,2102,1902,2002,2010,0,2007,0,0,0,2017-04-21,32443407,2010,105,0,0,0,0,0,0,0,0,2011,60,0,0,0,0,0,0,0,0
88,2017-04-21,09:00:43,908,cs1709,XDCE,2010,2005,2018,16898,339995040,790548,791380,2102,1902,2002,2010,0,2007,0,0,0,2017-04-21,32443908,2010,70,0,0,0,0,0,0,0,0,2011,29,0,0,0,0,0,0,0,0
89,2017-04-21,09:00:44,436,cs1709,XDCE,2010,2005,2018,17154,345140820,790394,791380,2102,1902,2002,2010,0,2007,0,0,0,2017-04-21,32444436,2010,76,0,0,0,0,0,0,0,0,2011,32,0,0,0,0,0,0,0,0
90,2017-04-21,09:00:44,932,cs1709,XDCE,2010,2005,2018,17156,345181020,790392,791380,2102,1902,2002,2010,0,2007,0,0,0,2017-04-21,32444932,2010,76,0,0,0,0,0,0,0,0,2011,12,0,0,0,0,0,0,0,0
91,2017-04-21,09:00:45,430,cs1709,XDCE,2011,2005,2018,17162,345301680,790392,791380,2102,1902,2002,2010,0,2007,0,0,0,2017-04-21,32445430,2010,84,0,0,0,0,0,0,0,0,2011,15,0,0,0,0,0,0,0,0
92,2017-04-21,09:00:45,932,cs1709,XDCE,2011,2005,2018,17338,348840640,790442,791380,2102,1902,2002,2010,0,2007,0,0,0,2017-04-21,32445932,2010,71,0,0,0,0,0,0,0,0,2011,50,0,0,0,0,0,0,0,0
93,2017-04-21,09:00:46,398,cs1709,XDCE,2011,2005,2018,17344,348961300,790448,791380,2102,1902,2002,2010,0,2007,0,0,0,2017-04-21,32446398,2010,89,0,0,0,0,0,0,0,0,2011,49,0,0,0,0,0,0,0,0
94,2017-04-21,09:00:46,832,cs1709,XDCE,2011,2005,2018,17350,349081960,790446,791380,2102,1902,2002,2010,0,2007,0,0,0,2017-04-21,32446832,2010,91,0,0,0,0,0,0,0,0,2011,80,0,0,0,0,0,0,0,0
95,2017-04-21,09:00:47,379,cs1709,XDCE,2010,2005,2018,17366,349403680,790452,791380,2102,1902,2002,2010,0,2007,0,0,0,2017-04-21,32447379,2010,89,0,0,0,0,0,0,0,0,2011,77,0,0,0,0,0,0,0,0
96,2017-04-21,09:00:47,929,cs1709,XDCE,2010,2005,2018,17376,349604680,790462,791380,2102,1902,2002,2010,0,2007,0,0,0,2017-04-21,32447929,2010,104,0,0,0,0,0,0,0,0,2011,78,0,0,0,0,0,0,0,0
97,2017-04-21,09:00:48,389,cs1709,XDCE,2010,2005,2018,17378,349644880,790462,791380,2102,1902,2002,2010,0,2007,0,0,0,2017-04-21,32448389,2010,113,0,0,0,0,0,0,0,0,2011,104,0,0,0,0,0,0,0,0
98,2017-04-21,09:00:48,906,cs1709,XDCE,2011,2005,2018,17380,349685100,790464,791380,2102,1902,2002,2010,0,2007,0,0,0,2017-04-21,32448906,2010,114,0,0,0,0,0,0,0,0,2011,139,0,0,0,0,0,0,0,0
99,2017-04-21,09:00:49,415,cs1709,XDCE,2011,2005,2018,17384,349765540,790464,791380,2102,1902,2002,2010,0,2007,0,0,0,2017-04-21,32449415,2010,113,0,0,0,0,0,0,0,0,2011,147,0,0,0,0,0,0,0,0
100,2017-04-21,09:00:49,888,cs1709,XDCE,2011,2005,2018,17394,349966640,790474,791380,2102,1902,2002,2010,0,2007,0,0,0,2017-04-21,32449888,2010,164,0,0,0,0,0,0,0,0,2011,177,0,0,0,0,0,0,0,0
101,2017-04-21,09:00:50,413,cs1709,XDCE,2011,2005,2018,17396,350006860,790476,791380,2102,1902,2002,2010,0,2007,0,0,0,2017-04-21,32450413,2010,165,0,0,0,0,0,0,0,0,2011,177,0,0,0,0,0,0,0,0
102,2017-04-21,09:00:50,925,cs1709,XDCE,2011,2005,2018,17448,351052460,790516,791380,2102,1902,2002,2010,0,2007,0,0,0,2017-04-21,32450925,2010,164,0,0,0,0,0,0,0,0,2011,160,0,0,0,0,0,0,0,0
103,2017-04-21,09:00:51,436,cs1709,XDCE,2011,2005,2018,17460,351293780,790528,791380,2102,1902,2002,2010,0,2007,0,0,0,2017-04-21,32451436,2010,164,0,0,0,0,0,0,0,0,2011,154,0,0,0,0,0,0,0,0
104,2017-04-21,09:00:51,929,cs1709,XDCE,2010,2005,2018,17464,351374180,790528,791380,2102,1902,2002,2010,0,2007,0,0,0,2017-04-21,32451929,2010,163,0,0,0,0,0,0,0,0,2011,185,0,0,0,0,0,0,0,0
105,2017-04-21,09:00:52,420,cs1709,XDCE,2010,2005,2018,17588,353866580,790542,791380,2102,1902,2002,2010,0,2007,0,0,0,2017-04-21,32452420,2010,95,0,0,0,0,0,0,0,0,2011,128,0,0,0,0,0,0,0,0
106,2017-04-21,09:00:52,933,cs1709,XDCE,2010,2005,2018,17590,353906780,790544,791380,2102,1902,2002,2010,0,2007,0,0,0,2017-04-21,32452933,2010,93,0,0,0,0,0,0,0,0,2011,128,0,0,0,0,0,0,0,0
107,2017-04-21,09:00:53,410,cs1709,XDCE,2010,2005,2018,17610,354308780,790544,791380,2102,1902,2002,2010,0,2007,0,0,0,2017-04-21,32453410,2010,84,0,0,0,0,0,0,0,0,2011,129,0,0,0,0,0,0,0,0
108,2017-04-21,09:00:53,878,cs1709,XDCE,2011,2005,2018,17634,354791420,790556,791380,2102,1902,2002,2010,0,2007,0,0,0,2017-04-21,32453878,2010,84,0,0,0,0,0,0,0,0,2011,119,0,0,0,0,0,0,0,0
109,2017-04-21,09:00:54,430,cs1709,XDCE,2011,2005,2018,17640,354912040,790558,791380,2102,1902,2002,2010,0,2007,0,0,0,2017-04-21,32454430,2010,83,0,0,0,0,0,0,0,0,2011,118,0,0,0,0,0,0,0,0
110,2017-04-21,09:00:54,907,cs1709,XDCE,2011,2005,2018,17640,354912040,790558,791380,2102,1902,2002,2010,0,2007,0,0,0,2017-04-21,32454907,2010,65,0,0,0,0,0,0,0,0,2011,122,0,0,0,0,0,0,0,0
111,2017-04-21,09:00:55,402,cs1709,XDCE,2010,2005,2018,18020,362553440,790430,791380,2102,1902,2002,2010,0,2007,0,0,0,2017-04-21,32455402,2010,140,0,0,0,0,0,0,0,0,2011,38,0,0,0,0,0,0,0,0
112,2017-04-21,09:00:55,915,cs1709,XDCE,2011,2005,2018,18102,364202460,790368,791380,2102,1902,2002,2010,0,2007,0,0,0,2017-04-21,32455915,2011,47,0,0,0,0,0,0,0,0,2012,866,0,0,0,0,0,0,0,0
113,2017-04-21,09:00:56,405,cs1709,XDCE,2011,2005,2018,18116,364484000,790382,791380,2102,1902,2002,2010,0,2007,0,0,0,2017-04-21,32456405,2010,175,0,0,0,0,0,0,0,0,2011,3,0,0,0,0,0,0,0,0
114,2017-04-21,09:00:56,924,cs1709,XDCE,2010,2005,2018,18124,364644860,790386,791380,2102,1902,2002,2010,0,2007,0,0,0,2017-04-21,32456924,2011,2,0,0,0,0,0,0,0,0,2012,867,0,0,0,0,0,0,0,0
115,2017-04-21,09:00:57,383,cs1709,XDCE,2011,2005,2018,18128,364725300,790384,791380,2102,1902,2002,2010,0,2007,0,0,0,2017-04-21,32457383,2011,2,0,0,0,0,0,0,0,0,2012,868,0,0,0,0,0,0,0,0
116,2017-04-21,09:00:57,934,cs1709,XDCE,2011,2005,2018,18274,367660100,790276,791380,2102,1902,2002,2010,0,2007,0,0,0,2017-04-21,32457934,2010,120,0,0,0,0,0,0,0,0,2011,29,0,0,0,0,0,0,0,0
117,2017-04-21,09:00:58,384,cs1709,XDCE,2011,2005,2018,18286,367901420,790276,791380,2102,1902,2002,2010,0,2007,0,0,0,2017-04-21,32458384,2010,121,0,0,0,0,0,0,0,0,2011,35,0,0,0,0,0,0,0,0
118,2017-04-21,09:00:58,895,cs1709,XDCE,2010,2005,2018,18326,368705440,790276,791380,2102,1902,2002,2010,0,2007,0,0,0,2017-04-21,32458895,2010,105,0,0,0,0,0,0,0,0,2011,35,0,0,0,0,0,0,0,0
119,2017-04-21,09:00:59,424,cs1709,XDCE,2010,2005,2018,18346,369107440,790276,791380,2102,1902,2002,2010,0,2007,0,0,0,2017-04-21,32459424,2010,97,0,0,0,0,0,0,0,0,2011,69,0,0,0,0,0,0,0,0
120,2017-04-21,09:00:59,886,cs1709,XDCE,2011,2005,2018,18348,369147660,790274,791380,2102,1902,2002,2010,0,2007,0,0,0,2017-04-21,32459886,2010,97,0,0,0,0,0,0,0,0,2011,69,0,0,0,0,0,0,0,0
121,2017-04-21,09:01:00,420,cs1709,XDCE,2011,2005,2018,18360,369388920,790272,791380,2102,1902,2002,2010,0,2007,0,0,0,2017-04-21,32460420,2010,124,0,0,0,0,0,0,0,0,2011,72,0,0,0,0,0,0,0,0
122,2017-04-21,09:01:00,935,cs1709,XDCE,2011,2005,2018,18522,372646820,790176,791380,2102,1902,2002,2010,0,2007,0,0,0,2017-04-21,32460935,2011,62,0,0,0,0,0,0,0,0,2012,871,0,0,0,0,0,0,0,0
123,2017-04-21,09:01:01,376,cs1709,XDCE,2011,2005,2018,18544,373089260,790158,791380,2102,1902,2002,2010,0,2007,0,0,0,2017-04-21,32461376,2011,422,0,0,0,0,0,0,0,0,2012,864,0,0,0,0,0,0,0,0
124,2017-04-21,09:01:01,918,cs1709,XDCE,2012,2005,2018,18570,373612360,790156,791380,2102,1902,2002,2010,0,2007,0,0,0,2017-04-21,32461918,2011,430,0,0,0,0,0,0,0,0,2012,852,0,0,0,0,0,0,0,0
125,2017-04-21,09:01:02,343,cs1709,XDCE,2011,2005,2018,18604,374296180,790134,791380,2102,1902,2002,2010,0,2007,0,0,0,2017-04-21,32462343,2011,420,0,0,0,0,0,0,0,0,2012,853,0,0,0,0,0,0,0,0
126,2017-04-21,09:01:02,867,cs1709,XDCE,2012,2005,2018,18772,377675760,789976,791380,2102,1902,2002,2010,0,2007,0,0,0,2017-04-21,32462867,2011,392,0,0,0,0,0,0,0,0,2012,798,0,0,0,0,0,0,0,0
127,2017-04-21,09:01:03,421,cs1709,XDCE,2011,2005,2018,18778,377796420,789974,791380,2102,1902,2002,2010,0,2007,0,0,0,2017-04-21,32463421,2011,389,0,0,0,0,0,0,0,0,2012,798,0,0,0,0,0,0,0,0
128,2017-04-21,09:01:03,911,cs1709,XDCE,2011,2005,2018,19004,382341320,789748,791380,2102,1902,2002,2010,0,2007,0,0,0,2017-04-21,32463911,2011,279,0,0,0,0,0,0,0,0,2012,796,0,0,0,0,0,0,0,0
129,2017-04-21,09:01:04,367,cs1709,XDCE,2011,2005,2018,19006,382381540,789746,791380,2102,1902,2002,2010,0,2007,0,0,0,2017-04-21,32464367,2011,278,0,0,0,0,0,0,0,0,2012,795,0,0,0,0,0,0,0,0
130,2017-04-21,09:01:04,875,cs1709,XDCE,2012,2005,2018,19018,382622980,789736,791380,2102,1902,2002,2010,0,2007,0,0,0,2017-04-21,32464875,2011,279,0,0,0,0,0,0,0,0,2012,736,0,0,0,0,0,0,0,0
131,2017-04-21,09:01:05,353,cs1709,XDCE,2012,2005,2018,19070,383669220,789736,791380,2102,1902,2002,2010,0,2007,0,0,0,2017-04-21,32465353,2011,319,0,0,0,0,0,0,0,0,2012,204,0,0,0,0,0,0,0,0
132,2017-04-21,09:01:05,851,cs1709,XDCE,2012,2005,2018,19106,384393540,789736,791380,2102,1902,2002,2010,0,2007,0,0,0,2017-04-21,32465851,2011,321,0,0,0,0,0,0,0,0,2012,183,0,0,0,0,0,0,0,0
133,2017-04-21,09:01:06,417,cs1709,XDCE,2012,2005,2018,19548,393285820,789466,791380,2102,1902,2002,2010,0,2007,0,0,0,2017-04-21,32466417,2012,31,0,0,0,0,0,0,0,0,2013,846,0,0,0,0,0,0,0,0
134,2017-04-21,09:01:06,932,cs1709,XDCE,2013,2005,2018,19554,393406600,789460,791380,2102,1902,2002,2010,0,2007,0,0,0,2017-04-21,32466932,2012,79,0,0,0,0,0,0,0,0,2013,803,0,0,0,0,0,0,0,0
135,2017-04-21,09:01:07,392,cs1709,XDCE,2013,2005,2018,19556,393446860,789458,791380,2102,1902,2002,2010,0,2007,0,0,0,2017-04-21,32467392,2012,84,0,0,0,0,0,0,0,0,2013,802,0,0,0,0,0,0,0,0
136,2017-04-21,09:01:07,934,cs1709,XDCE,2012,2005,2018,19568,393688320,789456,791380,2102,1902,2002,2010,0,2007,0,0,0,2017-04-21,32467934,2012,86,0,0,0,0,0,0,0,0,2013,790,0,0,0,0,0,0,0,0
137,2017-04-21,09:01:08,423,cs1709,XDCE,2014,2005,2018,20862,419737740,788354,791380,2102,1902,2002,2010,0,2007,0,0,0,2017-04-21,32468423,2013,60,0,0,0,0,0,0,0,0,2014,273,0,0,0,0,0,0,0,0
138,2017-04-21,09:01:08,860,cs1709,XDCE,2013,2005,2018,20866,419818260,788352,791380,2102,1902,2002,2010,0,2007,0,0,0,2017-04-21,32468860,2013,105,0,0,0,0,0,0,0,0,2014,330,0,0,0,0,0,0,0,0
139,2017-04-21,09:01:09,419,cs1709,XDCE,2013,2005,2018,20866,419818260,788352,791380,2102,1902,2002,2010,0,2007,0,0,0,2017-04-21,32469419,2013,100,0,0,0,0,0,0,0,0,2014,331,0,0,0,0,0,0,0,0
140,2017-04-21,09:01:09,785,cs1709,XDCE,2014,2005,2018,20882,420140480,788354,791380,2102,1902,2002,2010,0,2007,0,0,0,2017-04-21,32469785,2013,98,0,0,0,0,0,0,0,0,2014,324,0,0,0,0,0,0,0,0
141,2017-04-21,09:01:10,435,cs1709,XDCE,2013,2005,2018,20970,421911920,788404,791380,2102,1902,2002,2010,0,2007,0,0,0,2017-04-21,32470435,2013,57,0,0,0,0,0,0,0,0,2014,327,0,0,0,0,0,0,0,0
142,2017-04-21,09:01:10,928,cs1709,XDCE,2013,2005,2018,21242,427388620,788158,791380,2102,1902,2002,2010,0,2007,0,0,0,2017-04-21,32470928,2012,159,0,0,0,0,0,0,0,0,2014,42,0,0,0,0,0,0,0,0
143,2017-04-21,09:01:11,353,cs1709,XDCE,2012,2005,2018,21300,428555820,788146,791380,2102,1902,2002,2010,0,2007,0,0,0,2017-04-21,32471353,2012,146,0,0,0,0,0,0,0,0,2013,198,0,0,0,0,0,0,0,0
144,2017-04-21,09:01:11,930,cs1709,XDCE,2013,2005,2018,21432,431212980,788168,791380,2102,1902,2002,2010,0,2007,0,0,0,2017-04-21,32471930,2012,97,0,0,0,0,0,0,0,0,2013,222,0,0,0,0,0,0,0,0
145,2017-04-21,09:01:12,424,cs1709,XDCE,2013,2005,2018,21436,431293500,788168,791380,2102,1902,2002,2010,0,2007,0,0,0,2017-04-21,32472424,2012,91,0,0,0,0,0,0,0,0,2013,229,0,0,0,0,0,0,0,0
146,2017-04-21,09:01:12,860,cs1709,XDCE,2012,2005,2018,21440,431373980,788170,791380,2102,1902,2002,2010,0,2007,0,0,0,2017-04-21,32472860,2012,90,0,0,0,0,0,0,0,0,2013,231,0,0,0,0,0,0,0,0
147,2017-04-21,09:01:13,871,cs1709,XDCE,2012,2005,2018,21444,431454480,788168,791380,2102,1902,2002,2010,0,2007,0,0,0,2017-04-21,32473871,2012,89,0,0,0,0,0,0,0,0,2013,230,0,0,0,0,0,0,0,0
148,2017-04-21,09:01:14,392,cs1709,XDCE,2012,2005,2018,21448,431534980,788168,791380,2102,1902,2002,2010,0,2007,0,0,0,2017-04-21,32474392,2012,89,0,0,0,0,0,0,0,0,2013,230,0,0,0,0,0,0,0,0
149,2017-04-21,09:01:14,923,cs1709,XDCE,2013,2005,2018,21510,432782720,788168,791380,2102,1902,2002,2010,0,2007,0,0,0,2017-04-21,32474923,2012,70,0,0,0,0,0,0,0,0,2013,216,0,0,0,0,0,0,0,0
150,2017-04-21,09:01:15,410,cs1709,XDCE,2012,2005,2018,21512,432822960,788168,791380,2102,1902,2002,2010,0,2007,0,0,0,2017-04-21,32475410,2012,73,0,0,0,0,0,0,0,0,2013,216,0,0,0,0,0,0,0,0
151,2017-04-21,09:01:15,932,cs1709,XDCE,2012,2005,2018,21564,433869220,788162,791380,2102,1902,2002,2010,0,2007,0,0,0,2017-04-21,32475932,2012,50,0,0,0,0,0,0,0,0,2013,215,0,0,0,0,0,0,0,0
152,2017-04-21,09:01:16,390,cs1709,XDCE,2013,2005,2018,21570,433990000,788162,791380,2102,1902,2002,2010,0,2007,0,0,0,2017-04-21,32476390,2012,45,0,0,0,0,0,0,0,0,2013,218,0,0,0,0,0,0,0,0
153,2017-04-21,09:01:16,932,cs1709,XDCE,2013,2005,2018,21582,434231500,788166,791380,2102,1902,2002,2010,0,2007,0,0,0,2017-04-21,32476932,2012,43,0,0,0,0,0,0,0,0,2013,216,0,0,0,0,0,0,0,0
154,2017-04-21,09:01:17,431,cs1709,XDCE,2012,2005,2018,21628,435157040,788134,791380,2102,1902,2002,2010,0,2007,0,0,0,2017-04-21,32477431,2012,20,0,0,0,0,0,0,0,0,2013,227,0,0,0,0,0,0,0,0
155,2017-04-21,09:01:17,931,cs1709,XDCE,2012,2005,2018,21672,436042340,788152,791380,2102,1902,2002,2010,0,2007,0,0,0,2017-04-21,32477931,2011,297,0,0,0,0,0,0,0,0,2012,111,0,0,0,0,0,0,0,0
156,2017-04-21,09:01:18,376,cs1709,XDCE,2012,2005,2018,21940,441434260,788166,791380,2102,1902,2002,2010,0,2007,0,0,0,2017-04-21,32478376,2012,27,0,0,0,0,0,0,0,0,2013,240,0,0,0,0,0,0,0,0
157,2017-04-21,09:01:18,934,cs1709,XDCE,2012,2005,2018,21940,441434260,788166,791380,2102,1902,2002,2010,0,2007,0,0,0,2017-04-21,32478934,2011,299,0,0,0,0,0,0,0,0,2012,7,0,0,0,0,0,0,0,0
158,2017-04-21,09:01:19,891,cs1709,XDCE,2012,2005,2018,21942,441474500,788166,791380,2102,1902,2002,2010,0,2007,0,0,0,2017-04-21,32479891,2011,289,0,0,0,0,0,0,0,0,2012,7,0,0,0,0,0,0,0,0
159,2017-04-21,09:01:20,433,cs1709,XDCE,2012,2005,2018,21974,442118340,788188,791380,2102,1902,2002,2010,0,2007,0,0,0,2017-04-21,32480433,2012,25,0,0,0,0,0,0,0,0,2013,252,0,0,0,0,0,0,0,0
160,2017-04-21,09:01:20,907,cs1709,XDCE,2012,2005,2018,21994,442520740,788194,791380,2102,1902,2002,2010,0,2007,0,0,0,2017-04-21,32480907,2012,16,0,0,0,0,0,0,0,0,2013,252,0,0,0,0,0,0,0,0
161,2017-04-21,09:01:21,431,cs1709,XDCE,2013,2005,2018,22070,444050200,788244,791380,2102,1902,2002,2010,0,2007,0,0,0,2017-04-21,32481431,2012,3,0,0,0,0,0,0,0,0,2013,249,0,0,0,0,0,0,0,0
162,2017-04-21,09:01:21,902,cs1709,XDCE,2012,2005,2018,22090,444452600,788240,791380,2102,1902,2002,2010,0,2007,0,0,0,2017-04-21,32481902,2011,294,0,0,0,0,0,0,0,0,2012,38,0,0,0,0,0,0,0,0
163,2017-04-21,09:01:22,436,cs1709,XDCE,2012,2005,2018,22092,444492840,788240,791380,2102,1902,2002,2010,0,2007,0,0,0,2017-04-21,32482436,2011,293,0,0,0,0,0,0,0,0,2012,37,0,0,0,0,0,0,0,0
164,2017-04-21,09:01:22,899,cs1709,XDCE,2012,2005,2018,22102,444694020,788248,791380,2102,1902,2002,2010,0,2007,0,0,0,2017-04-21,32482899,2011,292,0,0,0,0,0,0,0,0,2012,65,0,0,0,0,0,0,0,0
165,2017-04-21,09:01:23,412,cs1709,XDCE,2012,2005,2018,22116,444975700,788258,791380,2102,1902,2002,2010,0,2007,0,0,0,2017-04-21,32483412,2011,292,0,0,0,0,0,0,0,0,2012,63,0,0,0,0,0,0,0,0
166,2017-04-21,09:01:23,928,cs1709,XDCE,2012,2005,2018,22266,447993720,788124,791380,2102,1902,2002,2010,0,2007,0,0,0,2017-04-21,32483928,2012,89,0,0,0,0,0,0,0,0,2013,258,0,0,0,0,0,0,0,0
167,2017-04-21,09:01:24,406,cs1709,XDCE,2012,2005,2018,22294,448557080,788126,791380,2102,1902,2002,2010,0,2007,0,0,0,2017-04-21,32484406,2011,253,0,0,0,0,0,0,0,0,2012,17,0,0,0,0,0,0,0,0
168,2017-04-21,09:01:24,932,cs1709,XDCE,2011,2005,2018,22300,448677780,788126,791380,2102,1902,2002,2010,0,2007,0,0,0,2017-04-21,32484932,2011,252,0,0,0,0,0,0,0,0,2012,15,0,0,0,0,0,0,0,0
169,2017-04-21,09:01:25,392,cs1709,XDCE,2012,2005,2018,22304,448758260,788126,791380,2102,1902,2002,2010,0,2007,0,0,0,2017-04-21,32485392,2011,353,0,0,0,0,0,0,0,0,2012,13,0,0,0,0,0,0,0,0
170,2017-04-21,09:01:25,892,cs1709,XDCE,2012,2005,2018,22308,448838740,788126,791380,2102,1902,2002,2010,0,2007,0,0,0,2017-04-21,32485892,2011,354,0,0,0,0,0,0,0,0,2012,11,0,0,0,0,0,0,0,0
171,2017-04-21,09:01:26,369,cs1709,XDCE,2013,2005,2018,22342,449522840,788122,791380,2102,1902,2002,2010,0,2007,0,0,0,2017-04-21,32486369,2012,58,0,0,0,0,0,0,0,0,2013,259,0,0,0,0,0,0,0,0
172,2017-04-21,09:01:26,930,cs1709,XDCE,2012,2005,2018,22362,449925240,788142,791380,2102,1902,2002,2010,0,2007,0,0,0,2017-04-21,32486930,2012,42,0,0,0,0,0,0,0,0,2013,259,0,0,0,0,0,0,0,0
173,2017-04-21,09:01:27,399,cs1709,XDCE,2013,2005,2018,22370,450086260,788140,791380,2102,1902,2002,2010,0,2007,0,0,0,2017-04-21,32487399,2012,46,0,0,0,0,0,0,0,0,2013,256,0,0,0,0,0,0,0,0
174,2017-04-21,09:01:27,885,cs1709,XDCE,2012,2005,2018,22372,450126500,788138,791380,2102,1902,2002,2010,0,2007,0,0,0,2017-04-21,32487885,2012,139,0,0,0,0,0,0,0,0,2013,256,0,0,0,0,0,0,0,0
175,2017-04-21,09:01:28,413,cs1709,XDCE,2012,2005,2018,22374,450166740,788136,791380,2102,1902,2002,2010,0,2007,0,0,0,2017-04-21,32488413,2012,141,0,0,0,0,0,0,0,0,2013,256,0,0,0,0,0,0,0,0
176,2017-04-21,09:01:28,925,cs1709,XDCE,2012,2005,2018,22378,450247220,788136,791380,2102,1902,2002,2010,0,2007,0,0,0,2017-04-21,32488925,2012,140,0,0,0,0,0,0,0,0,2013,256,0,0,0,0,0,0,0,0
177,2017-04-21,09:01:29,432,cs1709,XDCE,2012,2005,2018,22470,452098260,788164,791380,2102,1902,2002,2010,0,2007,0,0,0,2017-04-21,32489432,2012,95,0,0,0,0,0,0,0,0,2013,256,0,0,0,0,0,0,0,0
178,2017-04-21,09:01:29,892,cs1709,XDCE,2012,2005,2018,22510,452903060,788154,791380,2102,1902,2002,2010,0,2007,0,0,0,2017-04-21,32489892,2011,356,0,0,0,0,0,0,0,0,2012,40,0,0,0,0,0,0,0,0
179,2017-04-21,09:01:30,401,cs1709,XDCE,2011,2005,2018,22516,453023760,788152,791380,2102,1902,2002,2010,0,2007,0,0,0,2017-04-21,32490401,2011,454,0,0,0,0,0,0,0,0,2012,48,0,0,0,0,0,0,0,0
180,2017-04-21,09:01:30,932,cs1709,XDCE,2012,2005,2018,22520,453104240,788150,791380,2102,1902,2002,2010,0,2007,0,0,0,2017-04-21,32490932,2011,455,0,0,0,0,0,0,0,0,2012,47,0,0,0,0,0,0,0,0
181,2017-04-21,09:01:31,421,cs1709,XDCE,2012,2005,2018,22630,455317440,788074,791380,2102,1902,2002,2010,0,2007,0,0,0,2017-04-21,32491421,2012,142,0,0,0,0,0,0,0,0,2013,197,0,0,0,0,0,0,0,0
182,2017-04-21,09:01:31,928,cs1709,XDCE,2012,2005,2018,22630,455317440,788074,791380,2102,1902,2002,2010,0,2007,0,0,0,2017-04-21,32491928,2012,144,0,0,0,0,0,0,0,0,2013,180,0,0,0,0,0,0,0,0
183,2017-04-21,09:01:32,373,cs1709,XDCE,2012,2005,2018,22632,455357680,788072,791380,2102,1902,2002,2010,0,2007,0,0,0,2017-04-21,32492373,2012,143,0,0,0,0,0,0,0,0,2013,180,0,0,0,0,0,0,0,0
184,2017-04-21,09:01:32,894,cs1709,XDCE,2013,2005,2018,22656,455840800,788096,791380,2102,1902,2002,2010,0,2007,0,0,0,2017-04-21,32492894,2012,162,0,0,0,0,0,0,0,0,2013,168,0,0,0,0,0,0,0,0
185,2017-04-21,09:01:33,426,cs1709,XDCE,2013,2005,2018,22662,455961560,788094,791380,2102,1902,2002,2010,0,2007,0,0,0,2017-04-21,32493426,2012,162,0,0,0,0,0,0,0,0,2013,166,0,0,0,0,0,0,0,0
186,2017-04-21,09:01:33,844,cs1709,XDCE,2013,2005,2018,22662,455961560,788094,791380,2102,1902,2002,2010,0,2007,0,0,0,2017-04-21,32493844,2012,162,0,0,0,0,0,0,0,0,2013,167,0,0,0,0,0,0,0,0
187,2017-04-21,09:01:34,367,cs1709,XDCE,2012,2005,2018,22666,456042040,788094,791380,2102,1902,2002,2010,0,2007,0,0,0,2017-04-21,32494367,2012,161,0,0,0,0,0,0,0,0,2013,168,0,0,0,0,0,0,0,0
188,2017-04-21,09:01:34,804,cs1709,XDCE,2013,2005,2018,22684,456404260,788096,791380,2102,1902,2002,2010,0,2007,0,0,0,2017-04-21,32494804,2012,156,0,0,0,0,0,0,0,0,2013,165,0,0,0,0,0,0,0,0
189,2017-04-21,09:01:35,396,cs1709,XDCE,2013,2005,2018,22704,456806860,788106,791380,2102,1902,2002,2010,0,2007,0,0,0,2017-04-21,32495396,2012,176,0,0,0,0,0,0,0,0,2013,154,0,0,0,0,0,0,0,0
190,2017-04-21,09:01:35,874,cs1709,XDCE,2012,2005,2018,22706,456847100,788108,791380,2102,1902,2002,2010,0,2007,0,0,0,2017-04-21,32495874,2012,177,0,0,0,0,0,0,0,0,2013,158,0,0,0,0,0,0,0,0
191,2017-04-21,09:01:36,865,cs1709,XDCE,2012,2005,2018,22706,456847100,788108,791380,2102,1902,2002,2010,0,2007,0,0,0,2017-04-21,32496865,2012,177,0,0,0,0,0,0,0,0,2013,162,0,0,0,0,0,0,0,0
192,2017-04-21,09:01:37,407,cs1709,XDCE,2012,2005,2018,22710,456927580,788108,791380,2102,1902,2002,2010,0,2007,0,0,0,2017-04-21,32497407,2012,176,0,0,0,0,0,0,0,0,2013,163,0,0,0,0,0,0,0,0
193,2017-04-21,09:01:37,904,cs1709,XDCE,2012,2005,2018,22740,457531180,788108,791380,2102,1902,2002,2010,0,2007,0,0,0,2017-04-21,32497904,2012,161,0,0,0,0,0,0,0,0,2013,163,0,0,0,0,0,0,0,0
194,2017-04-21,09:01:38,420,cs1709,XDCE,2012,2005,2018,22742,457571420,788110,791380,2102,1902,2002,2010,0,2007,0,0,0,2017-04-21,32498420,2012,160,0,0,0,0,0,0,0,0,2013,163,0,0,0,0,0,0,0,0
195,2017-04-21,09:01:38,912,cs1709,XDCE,2012,2005,2018,22748,457692140,788112,791380,2102,1902,2002,2010,0,2007,0,0,0,2017-04-21,32498912,2012,167,0,0,0,0,0,0,0,0,2013,165,0,0,0,0,0,0,0,0
196,2017-04-21,09:01:39,386,cs1709,XDCE,2013,2005,2018,22764,458014220,788108,791380,2102,1902,2002,2010,0,2007,0,0,0,2017-04-21,32499386,2012,169,0,0,0,0,0,0,0,0,2013,157,0,0,0,0,0,0,0,0
197,2017-04-21,09:01:39,933,cs1709,XDCE,2013,2005,2018,22764,458014220,788108,791380,2102,1902,2002,2010,0,2007,0,0,0,2017-04-21,32499933,2012,164,0,0,0,0,0,0,0,0,2013,323,0,0,0,0,0,0,0,0
198,2017-04-21,09:01:40,404,cs1709,XDCE,2012,2005,2018,22880,460348240,788090,791380,2102,1902,2002,2010,0,2007,0,0,0,2017-04-21,32500404,2012,15,0,0,0,0,0,0,0,0,2013,373,0,0,0,0,0,0,0,0
199,2017-04-21,09:01:40,904,cs1709,XDCE,2012,2005,2018,22972,462199280,788178,791380,2102,1902,2002,2010,0,2007,0,0,0,2017-04-21,32500904,2011,474,0,0,0,0,0,0,0,0,2012,84,0,0,0,0,0,0,0,0
200,2017-04-21,09:01:41,415,cs1709,XDCE,2012,2005,2018,22988,462521200,788178,791380,2102,1902,2002,2010,0,2007,0,0,0,2017-04-21,32501415,2011,463,0,0,0,0,0,0,0,0,2012,76,0,0,0,0,0,0,0,0
201,2017-04-21,09:01:41,871,cs1709,XDCE,2011,2005,2018,22992,462601640,788176,791380,2102,1902,2002,2010,0,2007,0,0,0,2017-04-21,32501871,2011,441,0,0,0,0,0,0,0,0,2012,258,0,0,0,0,0,0,0,0
202,2017-04-21,09:01:42,407,cs1709,XDCE,2012,2005,2018,23012,463004040,788196,791380,2102,1902,2002,2010,0,2007,0,0,0,2017-04-21,32502407,2011,440,0,0,0,0,0,0,0,0,2012,249,0,0,0,0,0,0,0,0
203,2017-04-21,09:01:42,923,cs1709,XDCE,2011,2005,2018,23032,463406240,788196,791380,2102,1902,2002,2010,0,2007,0,0,0,2017-04-21,32502923,2011,430,0,0,0,0,0,0,0,0,2012,255,0,0,0,0,0,0,0,0
204,2017-04-21,09:01:43,401,cs1709,XDCE,2011,2005,2018,23040,463567120,788190,791380,2102,1902,2002,2010,0,2007,0,0,0,2017-04-21,32503401,2011,426,0,0,0,0,0,0,0,0,2012,259,0,0,0,0,0,0,0,0
205,2017-04-21,09:01:43,879,cs1709,XDCE,2011,2005,2018,23042,463607340,788188,791380,2102,1902,2002,2010,0,2007,0,0,0,2017-04-21,32503879,2011,425,0,0,0,0,0,0,0,0,2012,264,0,0,0,0,0,0,0,0
206,2017-04-21,09:01:44,381,cs1709,XDCE,2011,2005,2018,23042,463607340,788188,791380,2102,1902,2002,2010,0,2007,0,0,0,2017-04-21,32504381,2011,425,0,0,0,0,0,0,0,0,2012,265,0,0,0,0,0,0,0,0
207,2017-04-21,09:01:44,798,cs1709,XDCE,2011,2005,2018,23044,463647560,788188,791380,2102,1902,2002,2010,0,2007,0,0,0,2017-04-21,32504798,2011,453,0,0,0,0,0,0,0,0,2012,265,0,0,0,0,0,0,0,0
208,2017-04-21,09:01:45,416,cs1709,XDCE,2011,2005,2018,23088,464532820,788184,791380,2102,1902,2002,2010,0,2007,0,0,0,2017-04-21,32505416,2011,453,0,0,0,0,0,0,0,0,2012,258,0,0,0,0,0,0,0,0
209,2017-04-21,09:01:45,933,cs1709,XDCE,2011,2005,2018,23088,464532820,788184,791380,2102,1902,2002,2010,0,2007,0,0,0,2017-04-21,32505933,2011,453,0,0,0,0,0,0,0,0,2012,359,0,0,0,0,0,0,0,0
210,2017-04-21,09:01:46,362,cs1709,XDCE,2011,2005,2018,23116,465096080,788182,791380,2102,1902,2002,2010,0,2007,0,0,0,2017-04-21,32506362,2011,448,0,0,0,0,0,0,0,0,2012,357,0,0,0,0,0,0,0,0
211,2017-04-21,09:01:46,924,cs1709,XDCE,2012,2005,2018,23120,465176560,788186,791380,2102,1902,2002,2010,0,2007,0,0,0,2017-04-21,32506924,2011,448,0,0,0,0,0,0,0,0,2012,355,0,0,0,0,0,0,0,0
212,2017-04-21,09:01:47,425,cs1709,XDCE,2012,2005,2018,23122,465216800,788188,791380,2102,1902,2002,2010,0,2007,0,0,0,2017-04-21,32507425,2011,449,0,0,0,0,0,0,0,0,2012,355,0,0,0,0,0,0,0,0
213,2017-04-21,09:01:47,898,cs1709,XDCE,2012,2005,2018,23162,466021600,788228,791380,2102,1902,2002,2010,0,2007,0,0,0,2017-04-21,32507898,2011,450,0,0,0,0,0,0,0,0,2012,327,0,0,0,0,0,0,0,0
214,2017-04-21,09:01:48,361,cs1709,XDCE,2011,2005,2018,23164,466061820,788226,791380,2102,1902,2002,2010,0,2007,0,0,0,2017-04-21,32508361,2011,449,0,0,0,0,0,0,0,0,2012,334,0,0,0,0,0,0,0,0
215,2017-04-21,09:01:48,915,cs1709,XDCE,2011,2005,2018,23168,466142280,788226,791380,2102,1902,2002,2010,0,2007,0,0,0,2017-04-21,32508915,2011,448,0,0,0,0,0,0,0,0,2012,333,0,0,0,0,0,0,0,0
216,2017-04-21,09:01:49,363,cs1709,XDCE,2011,2005,2018,23170,466182500,788226,791380,2102,1902,2002,2010,0,2007,0,0,0,2017-04-21,32509363,2011,447,0,0,0,0,0,0,0,0,2012,339,0,0,0,0,0,0,0,0
217,2017-04-21,09:01:49,911,cs1709,XDCE,2012,2005,2018,23438,471572020,788230,791380,2102,1902,2002,2010,0,2007,0,0,0,2017-04-21,32509911,2011,315,0,0,0,0,0,0,0,0,2012,272,0,0,0,0,0,0,0,0
218,2017-04-21,09:01:50,377,cs1709,XDCE,2011,2005,2018,23682,476479340,788352,791380,2102,1902,2002,2010,0,2007,0,0,0,2017-04-21,32510377,2011,239,0,0,0,0,0,0,0,0,2012,150,0,0,0,0,0,0,0,0
219,2017-04-21,09:01:50,909,cs1709,XDCE,2011,2005,2018,24160,486091920,788416,791380,2102,1902,2002,2010,0,2007,0,0,0,2017-04-21,32510909,2010,159,0,0,0,0,0,0,0,0,2011,10,0,0,0,0,0,0,0,0
220,2017-04-21,09:01:51,422,cs1709,XDCE,2011,2005,2018,24168,486252800,788416,791380,2102,1902,2002,2010,0,2007,0,0,0,2017-04-21,32511422,2010,140,0,0,0,0,0,0,0,0,2011,21,0,0,0,0,0,0,0,0
221,2017-04-21,09:01:51,919,cs1709,XDCE,2010,2005,2018,24186,486614620,788430,791380,2102,1902,2002,2010,0,2007,0,0,0,2017-04-21,32511919,2010,130,0,0,0,0,0,0,0,0,2011,79,0,0,0,0,0,0,0,0
222,2017-04-21,09:01:52,396,cs1709,XDCE,2010,2005,2018,24186,486614620,788430,791380,2102,1902,2002,2010,0,2007,0,0,0,2017-04-21,32512396,2010,140,0,0,0,0,0,0,0,0,2011,79,0,0,0,0,0,0,0,0
223,2017-04-21,09:01:52,908,cs1709,XDCE,2011,2005,2018,24198,486855840,788442,791380,2102,1902,2002,2010,0,2007,0,0,0,2017-04-21,32512908,2010,124,0,0,0,0,0,0,0,0,2011,197,0,0,0,0,0,0,0,0
224,2017-04-21,09:01:53,405,cs1709,XDCE,2011,2005,2018,24198,486855840,788442,791380,2102,1902,2002,2010,0,2007,0,0,0,2017-04-21,32513405,2010,121,0,0,0,0,0,0,0,0,2011,207,0,0,0,0,0,0,0,0
225,2017-04-21,09:01:53,921,cs1709,XDCE,2011,2005,2018,24228,487459000,788458,791380,2102,1902,2002,2010,0,2007,0,0,0,2017-04-21,32513921,2010,113,0,0,0,0,0,0,0,0,2011,199,0,0,0,0,0,0,0,0
226,2017-04-21,09:01:54,359,cs1709,XDCE,2011,2005,2018,24242,487740440,788468,791380,2102,1902,2002,2010,0,2007,0,0,0,2017-04-21,32514359,2010,108,0,0,0,0,0,0,0,0,2011,201,0,0,0,0,0,0,0,0
227,2017-04-21,09:01:54,929,cs1709,XDCE,2011,2005,2018,24246,487820880,788468,791380,2102,1902,2002,2010,0,2007,0,0,0,2017-04-21,32514929,2010,111,0,0,0,0,0,0,0,0,2011,200,0,0,0,0,0,0,0,0
228,2017-04-21,09:01:55,396,cs1709,XDCE,2011,2005,2018,24284,488584940,788468,791380,2102,1902,2002,2010,0,2007,0,0,0,2017-04-21,32515396,2010,111,0,0,0,0,0,0,0,0,2011,186,0,0,0,0,0,0,0,0
229,2017-04-21,09:01:55,930,cs1709,XDCE,2011,2005,2018,24284,488584940,788468,791380,2102,1902,2002,2010,0,2007,0,0,0,2017-04-21,32515930,2010,211,0,0,0,0,0,0,0,0,2011,186,0,0,0,0,0,0,0,0
230,2017-04-21,09:01:56,429,cs1709,XDCE,2010,2005,2018,24290,488705580,788468,791380,2102,1902,2002,2010,0,2007,0,0,0,2017-04-21,32516429,2010,211,0,0,0,0,0,0,0,0,2011,184,0,0,0,0,0,0,0,0
231,2017-04-21,09:01:56,884,cs1709,XDCE,2010,2005,2018,24290,488705580,788468,791380,2102,1902,2002,2010,0,2007,0,0,0,2017-04-21,32516884,2010,211,0,0,0,0,0,0,0,0,2011,185,0,0,0,0,0,0,0,0
232,2017-04-21,09:01:57,364,cs1709,XDCE,2010,2005,2018,24710,497147580,788578,791380,2102,1902,2002,2010,0,2007,0,0,0,2017-04-21,32517364,2009,211,0,0,0,0,0,0,0,0,2010,19,0,0,0,0,0,0,0,0
233,2017-04-21,09:01:57,885,cs1709,XDCE,2010,2005,2018,24730,497549580,788588,791380,2102,1902,2002,2010,0,2007,0,0,0,2017-04-21,32517885,2009,211,0,0,0,0,0,0,0,0,2010,9,0,0,0,0,0,0,0,0
234,2017-04-21,09:01:58,390,cs1709,XDCE,2010,2005,2018,24742,497790780,788588,791380,2102,1902,2002,2010,0,2007,0,0,0,2017-04-21,32518390,2009,211,0,0,0,0,0,0,0,0,2010,3,0,0,0,0,0,0,0,0
235,2017-04-21,09:01:59,426,cs1709,XDCE,2009,2005,2018,24752,497991680,788578,791380,2102,1902,2002,2010,0,2007,0,0,0,2017-04-21,32519426,2009,163,0,0,0,0,0,0,0,0,2010,27,0,0,0,0,0,0,0,0
236,2017-04-21,09:01:59,934,cs1709,XDCE,2009,2005,2018,24756,498072040,788578,791380,2102,1902,2002,2010,0,2007,0,0,0,2017-04-21,32519934,2009,207,0,0,0,0,0,0,0,0,2010,22,0,0,0,0,0,0,0,0
237,2017-04-21,09:02:00,411,cs1709,XDCE,2010,2005,2018,24838,499719580,788534,791380,2102,1902,2002,2010,0,2007,0,0,0,2017-04-21,32520411,2009,177,0,0,0,0,0,0,0,0,2010,42,0,0,0,0,0,0,0,0
238,2017-04-21,09:02:00,923,cs1709,XDCE,2010,2005,2018,24844,499840140,788534,791380,2102,1902,2002,2010,0,2007,0,0,0,2017-04-21,32520923,2009,124,0,0,0,0,0,0,0,0,2010,58,0,0,0,0,0,0,0,0
239,2017-04-21,09:02:01,420,cs1709,XDCE,2009,2005,2018,25092,504822460,788448,791380,2102,1902,2002,2010,0,2007,0,0,0,2017-04-21,32521420,2008,149,0,0,0,0,0,0,0,0,2010,111,0,0,0,0,0,0,0,0
240,2017-04-21,09:02:01,892,cs1709,XDCE,2008,2005,2018,25102,505023420,788452,791380,2102,1902,2002,2010,0,2007,0,0,0,2017-04-21,32521892,2008,153,0,0,0,0,0,0,0,0,2010,108,0,0,0,0,0,0,0,0
241,2017-04-21,09:02:02,405,cs1709,XDCE,2008,2005,2018,25292,508838620,788394,791380,2102,1902,2002,2010,0,2007,0,0,0,2017-04-21,32522405,2008,81,0,0,0,0,0,0,0,0,2009,34,0,0,0,0,0,0,0,0
242,2017-04-21,09:02:02,902,cs1709,XDCE,2008,2005,2018,25306,509119780,788386,791380,2102,1902,2002,2010,0,2007,0,0,0,2017-04-21,32522902,2008,79,0,0,0,0,0,0,0,0,2009,47,0,0,0,0,0,0,0,0
243,2017-04-21,09:02:03,435,cs1709,XDCE,2008,2005,2018,25322,509441180,788384,791380,2102,1902,2002,2010,0,2007,0,0,0,2017-04-21,32523435,2008,149,0,0,0,0,0,0,0,0,2009,41,0,0,0,0,0,0,0,0
244,2017-04-21,09:02:03,880,cs1709,XDCE,2008,2005,2018,25330,509601820,788384,791380,2102,1902,2002,2010,0,2007,0,0,0,2017-04-21,32523880,2008,141,0,0,0,0,0,0,0,0,2009,41,0,0,0,0,0,0,0,0
245,2017-04-21,09:02:04,390,cs1709,XDCE,2008,2005,2018,25338,509762460,788388,791380,2102,1902,2002,2010,0,2007,0,0,0,2017-04-21,32524390,2008,137,0,0,0,0,0,0,0,0,2009,41,0,0,0,0,0,0,0,0
246,2017-04-21,09:02:04,892,cs1709,XDCE,2009,2005,2018,25360,510204240,788386,791380,2102,1902,2002,2010,0,2007,0,0,0,2017-04-21,32524892,2008,128,0,0,0,0,0,0,0,0,2009,53,0,0,0,0,0,0,0,0
247,2017-04-21,09:02:05,405,cs1709,XDCE,2009,2005,2018,25364,510284580,788384,791380,2102,1902,2002,2010,0,2007,0,0,0,2017-04-21,32525405,2008,127,0,0,0,0,0,0,0,0,2009,53,0,0,0,0,0,0,0,0
248,2017-04-21,09:02:05,932,cs1709,XDCE,2009,2005,2018,25364,510284580,788384,791380,2102,1902,2002,2010,0,2007,0,0,0,2017-04-21,32525932,2008,133,0,0,0,0,0,0,0,0,2009,53,0,0,0,0,0,0,0,0
249,2017-04-21,09:02:06,413,cs1709,XDCE,2009,2005,2018,25370,510405120,788378,791380,2102,1902,2002,2010,0,2007,0,0,0,2017-04-21,32526413,2008,134,0,0,0,0,0,0,0,0,2009,50,0,0,0,0,0,0,0,0
250,2017-04-21,09:02:06,801,cs1709,XDCE,2009,2005,2018,25384,510686380,788368,791380,2102,1902,2002,2010,0,2007,0,0,0,2017-04-21,32526801,2008,134,0,0,0,0,0,0,0,0,2009,63,0,0,0,0,0,0,0,0
251,2017-04-21,09:02:07,396,cs1709,XDCE,2009,2005,2018,25394,510887280,788370,791380,2102,1902,2002,2010,0,2007,0,0,0,2017-04-21,32527396,2008,135,0,0,0,0,0,0,0,0,2009,58,0,0,0,0,0,0,0,0
252,2017-04-21,09:02:07,854,cs1709,XDCE,2008,2005,2018,25398,510967620,788374,791380,2102,1902,2002,2010,0,2007,0,0,0,2017-04-21,32527854,2008,236,0,0,0,0,0,0,0,0,2009,101,0,0,0,0,0,0,0,0
253,2017-04-21,09:02:08,363,cs1709,XDCE,2008,2005,2018,25410,511208580,788374,791380,2102,1902,2002,2010,0,2007,0,0,0,2017-04-21,32528363,2008,230,0,0,0,0,0,0,0,0,2009,102,0,0,0,0,0,0,0,0
254,2017-04-21,09:02:08,886,cs1709,XDCE,2009,2005,2018,25474,512494340,788372,791380,2102,1902,2002,2010,0,2007,0,0,0,2017-04-21,32528886,2008,234,0,0,0,0,0,0,0,0,2009,85,0,0,0,0,0,0,0,0
255,2017-04-21,09:02:09,425,cs1709,XDCE,2009,2005,2018,25730,517636760,788294,791380,2102,1902,2002,2010,0,2007,0,0,0,2017-04-21,32529425,2009,485,0,0,0,0,0,0,0,0,2010,145,0,0,0,0,0,0,0,0
256,2017-04-21,09:02:09,931,cs1709,XDCE,2010,2005,2018,26008,523223980,788316,791380,2102,1902,2002,2010,0,2007,0,0,0,2017-04-21,32529931,2009,487,0,0,0,0,0,0,0,0,2010,15,0,0,0,0,0,0,0,0
257,2017-04-21,09:02:10,416,cs1709,XDCE,2009,2005,2018,26242,527926540,788090,791380,2102,1902,2002,2010,0,2007,0,0,0,2017-04-21,32530416,2010,10,0,0,0,0,0,0,0,0,2011,356,0,0,0,0,0,0,0,0
258,2017-04-21,09:02:10,925,cs1709,XDCE,2010,2005,2018,26264,528368660,788084,791380,2102,1902,2002,2010,0,2007,0,0,0,2017-04-21,32530925,2009,455,0,0,0,0,0,0,0,0,2010,9,0,0,0,0,0,0,0,0
259,2017-04-21,09:02:11,421,cs1709,XDCE,2010,2005,2018,26280,528690220,788086,791380,2102,1902,2002,2010,0,2007,0,0,0,2017-04-21,32531421,2009,456,0,0,0,0,0,0,0,0,2010,59,0,0,0,0,0,0,0,0
260,2017-04-21,09:02:11,923,cs1709,XDCE,2009,2005,2018,26310,529292920,788056,791380,2102,1902,2002,2010,0,2007,0,0,0,2017-04-21,32531923,2009,434,0,0,0,0,0,0,0,0,2010,160,0,0,0,0,0,0,0,0
261,2017-04-21,09:02:12,395,cs1709,XDCE,2009,2005,2018,26310,529292920,788056,791380,2102,1902,2002,2010,0,2007,0,0,0,2017-04-21,32532395,2009,450,0,0,0,0,0,0,0,0,2010,160,0,0,0,0,0,0,0,0
262,2017-04-21,09:02:12,854,cs1709,XDCE,2010,2005,2018,26312,529333120,788058,791380,2102,1902,2002,2010,0,2007,0,0,0,2017-04-21,32532854,2009,450,0,0,0,0,0,0,0,0,2010,159,0,0,0,0,0,0,0,0
263,2017-04-21,09:02:13,415,cs1709,XDCE,2009,2005,2018,26314,529373300,788056,791380,2102,1902,2002,2010,0,2007,0,0,0,2017-04-21,32533415,2009,459,0,0,0,0,0,0,0,0,2010,159,0,0,0,0,0,0,0,0
264,2017-04-21,09:02:13,920,cs1709,XDCE,2009,2005,2018,26314,529373300,788056,791380,2102,1902,2002,2010,0,2007,0,0,0,2017-04-21,32533920,2009,459,0,0,0,0,0,0,0,0,2010,160,0,0,0,0,0,0,0,0
265,2017-04-21,09:02:14,390,cs1709,XDCE,2010,2005,2018,26684,536810300,787990,791380,2102,1902,2002,2010,0,2007,0,0,0,2017-04-21,32534390,2010,63,0,0,0,0,0,0,0,0,2011,332,0,0,0,0,0,0,0,0
266,2017-04-21,09:02:14,907,cs1709,XDCE,2010,2005,2018,26696,537051500,787994,791380,2102,1902,2002,2010,0,2007,0,0,0,2017-04-21,32534907,2010,181,0,0,0,0,0,0,0,0,2011,55,0,0,0,0,0,0,0,0
267,2017-04-21,09:02:15,378,cs1709,XDCE,2010,2005,2018,26696,537051500,787994,791380,2102,1902,2002,2010,0,2007,0,0,0,2017-04-21,32535378,2010,183,0,0,0,0,0,0,0,0,2011,52,0,0,0,0,0,0,0,0
268,2017-04-21,09:02:15,906,cs1709,XDCE,2010,2005,2018,26702,537172100,787992,791380,2102,1902,2002,2010,0,2007,0,0,0,2017-04-21,32535906,2010,181,0,0,0,0,0,0,0,0,2011,77,0,0,0,0,0,0,0,0
269,2017-04-21,09:02:16,907,cs1709,XDCE,2010,2005,2018,26702,537172100,787992,791380,2102,1902,2002,2010,0,2007,0,0,0,2017-04-21,32536907,2010,180,0,0,0,0,0,0,0,0,2011,77,0,0,0,0,0,0,0,0
270,2017-04-21,09:02:17,416,cs1709,XDCE,2010,2005,2018,26706,537252520,787994,791380,2102,1902,2002,2010,0,2007,0,0,0,2017-04-21,32537416,2010,180,0,0,0,0,0,0,0,0,2011,82,0,0,0,0,0,0,0,0
271,2017-04-21,09:02:17,885,cs1709,XDCE,2010,2005,2018,26756,538257520,787994,791380,2102,1902,2002,2010,0,2007,0,0,0,2017-04-21,32537885,2010,156,0,0,0,0,0,0,0,0,2011,129,0,0,0,0,0,0,0,0
272,2017-04-21,09:02:18,394,cs1709,XDCE,2010,2005,2018,26782,538780140,787992,791380,2102,1902,2002,2010,0,2007,0,0,0,2017-04-21,32538394,2010,154,0,0,0,0,0,0,0,0,2011,58,0,0,0,0,0,0,0,0
273,2017-04-21,09:02:18,912,cs1709,XDCE,2010,2005,2018,26782,538780140,787992,791380,2102,1902,2002,2010,0,2007,0,0,0,2017-04-21,32538912,2010,154,0,0,0,0,0,0,0,0,2011,83,0,0,0,0,0,0,0,0
274,2017-04-21,09:02:19,434,cs1709,XDCE,2011,2005,2018,26784,538820360,787992,791380,2102,1902,2002,2010,0,2007,0,0,0,2017-04-21,32539434,2010,164,0,0,0,0,0,0,0,0,2011,82,0,0,0,0,0,0,0,0
275,2017-04-21,09:02:19,924,cs1709,XDCE,2010,2005,2018,26830,539744960,788022,791380,2102,1902,2002,2010,0,2007,0,0,0,2017-04-21,32539924,2010,148,0,0,0,0,0,0,0,0,2011,82,0,0,0,0,0,0,0,0
276,2017-04-21,09:02:20,404,cs1709,XDCE,2011,2005,2018,27074,544651740,787820,791380,2102,1902,2002,2010,0,2007,0,0,0,2017-04-21,32540404,2011,392,0,0,0,0,0,0,0,0,2012,410,0,0,0,0,0,0,0,0
277,2017-04-21,09:02:20,849,cs1709,XDCE,2011,2005,2018,27078,544732180,787818,791380,2102,1902,2002,2010,0,2007,0,0,0,2017-04-21,32540849,2011,390,0,0,0,0,0,0,0,0,2012,398,0,0,0,0,0,0,0,0
278,2017-04-21,09:02:21,318,cs1709,XDCE,2011,2005,2018,27130,545777900,787766,791380,2102,1902,2002,2010,0,2007,0,0,0,2017-04-21,32541318,2011,369,0,0,0,0,0,0,0,0,2012,401,0,0,0,0,0,0,0,0
279,2017-04-21,09:02:21,883,cs1709,XDCE,2011,2005,2018,27132,545818120,787766,791380,2102,1902,2002,2010,0,2007,0,0,0,2017-04-21,32541883,2011,369,0,0,0,0,0,0,0,0,2012,398,0,0,0,0,0,0,0,0
280,2017-04-21,09:02:22,407,cs1709,XDCE,2011,2005,2018,27138,545938780,787766,791380,2102,1902,2002,2010,0,2007,0,0,0,2017-04-21,32542407,2011,366,0,0,0,0,0,0,0,0,2012,398,0,0,0,0,0,0,0,0
281,2017-04-21,09:02:22,803,cs1709,XDCE,2012,2005,2018,27140,545979020,787766,791380,2102,1902,2002,2010,0,2007,0,0,0,2017-04-21,32542803,2011,366,0,0,0,0,0,0,0,0,2012,398,0,0,0,0,0,0,0,0
282,2017-04-21,09:02:23,341,cs1709,XDCE,2012,2005,2018,27150,546180200,787764,791380,2102,1902,2002,2010,0,2007,0,0,0,2017-04-21,32543341,2011,365,0,0,0,0,0,0,0,0,2012,395,0,0,0,0,0,0,0,0
283,2017-04-21,09:02:23,868,cs1709,XDCE,2011,2005,2018,27160,546381320,787764,791380,2102,1902,2002,2010,0,2007,0,0,0,2017-04-21,32543868,2011,361,0,0,0,0,0,0,0,0,2012,394,0,0,0,0,0,0,0,0
284,2017-04-21,09:02:24,402,cs1709,XDCE,2011,2005,2018,27218,547547700,787706,791380,2102,1902,2002,2010,0,2007,0,0,0,2017-04-21,32544402,2011,334,0,0,0,0,0,0,0,0,2012,394,0,0,0,0,0,0,0,0
285,2017-04-21,09:02:24,913,cs1709,XDCE,2012,2005,2018,27222,547628160,787708,791380,2102,1902,2002,2010,0,2007,0,0,0,2017-04-21,32544913,2011,333,0,0,0,0,0,0,0,0,2012,393,0,0,0,0,0,0,0,0
286,2017-04-21,09:02:25,433,cs1709,XDCE,2011,2005,2018,27226,547708600,787708,791380,2102,1902,2002,2010,0,2007,0,0,0,2017-04-21,32545433,2011,334,0,0,0,0,0,0,0,0,2012,394,0,0,0,0,0,0,0,0
287,2017-04-21,09:02:25,892,cs1709,XDCE,2012,2005,2018,27248,548151240,787688,791380,2102,1902,2002,2010,0,2007,0,0,0,2017-04-21,32545892,2011,345,0,0,0,0,0,0,0,0,2012,383,0,0,0,0,0,0,0,0
288,2017-04-21,09:02:26,433,cs1709,XDCE,2011,2005,2018,27262,548432820,787682,791380,2102,1902,2002,2010,0,2007,0,0,0,2017-04-21,32546433,2011,351,0,0,0,0,0,0,0,0,2012,377,0,0,0,0,0,0,0,0
289,2017-04-21,09:02:26,916,cs1709,XDCE,2012,2005,2018,27294,549076480,787680,791380,2102,1902,2002,2010,0,2007,0,0,0,2017-04-21,32546916,2011,342,0,0,0,0,0,0,0,0,2012,372,0,0,0,0,0,0,0,0
290,2017-04-21,09:02:27,931,cs1709,XDCE,2012,2005,2018,27322,549639840,787674,791380,2102,1902,2002,2010,0,2007,0,0,0,2017-04-21,32547931,2011,344,0,0,0,0,0,0,0,0,2012,361,0,0,0,0,0,0,0,0
291,2017-04-21,09:02:28,375,cs1709,XDCE,2011,2005,2018,27324,549680060,787674,791380,2102,1902,2002,2010,0,2007,0,0,0,2017-04-21,32548375,2011,340,0,0,0,0,0,0,0,0,2012,436,0,0,0,0,0,0,0,0
292,2017-04-21,09:02:28,841,cs1709,XDCE,2011,2005,2018,27324,549680060,787674,791380,2102,1902,2002,2010,0,2007,0,0,0,2017-04-21,32548841,2011,341,0,0,0,0,0,0,0,0,2012,438,0,0,0,0,0,0,0,0
293,2017-04-21,09:02:29,356,cs1709,XDCE,2011,2005,2018,27324,549680060,787674,791380,2102,1902,2002,2010,0,2007,0,0,0,2017-04-21,32549356,2011,341,0,0,0,0,0,0,0,0,2012,346,0,0,0,0,0,0,0,0
294,2017-04-21,09:02:29,868,cs1709,XDCE,2011,2005,2018,27352,550243280,787674,791380,2102,1902,2002,2010,0,2007,0,0,0,2017-04-21,32549868,2011,342,0,0,0,0,0,0,0,0,2012,137,0,0,0,0,0,0,0,0
295,2017-04-21,09:02:30,373,cs1709,XDCE,2012,2005,2018,27682,556882880,787582,791380,2102,1902,2002,2010,0,2007,0,0,0,2017-04-21,32550373,2012,22,0,0,0,0,0,0,0,0,2013,613,0,0,0,0,0,0,0,0
296,2017-04-21,09:02:30,877,cs1709,XDCE,2012,2005,2018,27684,556923120,787584,791380,2102,1902,2002,2010,0,2007,0,0,0,2017-04-21,32550877,2012,43,0,0,0,0,0,0,0,0,2013,592,0,0,0,0,0,0,0,0
297,2017-04-21,09:02:31,353,cs1709,XDCE,2012,2005,2018,27740,558049840,787574,791380,2102,1902,2002,2010,0,2007,0,0,0,2017-04-21,32551353,2012,25,0,0,0,0,0,0,0,0,2013,592,0,0,0,0,0,0,0,0
298,2017-04-21,09:02:31,924,cs1709,XDCE,2012,2005,2018,27742,558090080,787572,791380,2102,1902,2002,2010,0,2007,0,0,0,2017-04-21,32551924,2012,24,0,0,0,0,0,0,0,0,2013,594,0,0,0,0,0,0,0,0
299,2017-04-21,09:02:32,353,cs1709,XDCE,2012,2005,2018,27810,559458240,787518,791380,2102,1902,2002,2010,0,2007,0,0,0,2017-04-21,32552353,2011,362,0,0,0,0,0,0,0,0,2013,287,0,0,0,0,0,0,0,0
300,2017-04-21,09:02:32,629,cs1709,XDCE,2012,2005,2018,27810,559458240,787518,791380,2102,1902,2002,2010,0,2007,0,0,0,2017-04-21,32552629,2011,362,0,0,0,0,0,0,0,0,2013,286,0,0,0,0,0,0,0,0
301,2017-04-21,09:02:33,402,cs1709,XDCE,2012,2005,2018,27812,559498480,787518,791380,2102,1902,2002,2010,0,2007,0,0,0,2017-04-21,32553402,2011,362,0,0,0,0,0,0,0,0,2013,286,0,0,0,0,0,0,0,0
302,2017-04-21,09:02:33,822,cs1709,XDCE,2011,2005,2018,27826,559780140,787518,791380,2102,1902,2002,2010,0,2007,0,0,0,2017-04-21,32553822,2011,361,0,0,0,0,0,0,0,0,2013,287,0,0,0,0,0,0,0,0
303,2017-04-21,09:02:34,301,cs1709,XDCE,2012,2005,2018,27828,559820380,787520,791380,2102,1902,2002,2010,0,2007,0,0,0,2017-04-21,32554301,2011,361,0,0,0,0,0,0,0,0,2013,287,0,0,0,0,0,0,0,0
304,2017-04-21,09:02:34,858,cs1709,XDCE,2012,2005,2018,27828,559820380,787520,791380,2102,1902,2002,2010,0,2007,0,0,0,2017-04-21,32554858,2011,361,0,0,0,0,0,0,0,0,2012,10,0,0,0,0,0,0,0,0
305,2017-04-21,09:02:35,416,cs1709,XDCE,2012,2005,2018,27836,559981340,787518,791380,2102,1902,2002,2010,0,2007,0,0,0,2017-04-21,32555416,2011,361,0,0,0,0,0,0,0,0,2012,30,0,0,0,0,0,0,0,0
306,2017-04-21,09:02:35,856,cs1709,XDCE,2012,2005,2018,27836,559981340,787518,791380,2102,1902,2002,2010,0,2007,0,0,0,2017-04-21,32555856,2011,361,0,0,0,0,0,0,0,0,2012,55,0,0,0,0,0,0,0,0
307,2017-04-21,09:02:36,428,cs1709,XDCE,2012,2005,2018,27884,560947100,787518,791380,2102,1902,2002,2010,0,2007,0,0,0,2017-04-21,32556428,2012,138,0,0,0,0,0,0,0,0,2013,323,0,0,0,0,0,0,0,0
308,2017-04-21,09:02:36,911,cs1709,XDCE,2012,2005,2018,28056,564407740,787416,791380,2102,1902,2002,2010,0,2007,0,0,0,2017-04-21,32556911,2012,46,0,0,0,0,0,0,0,0,2013,597,0,0,0,0,0,0,0,0
309,2017-04-21,09:02:37,353,cs1709,XDCE,2012,2005,2018,28174,566781900,787306,791380,2102,1902,2002,2010,0,2007,0,0,0,2017-04-21,32557353,2011,354,0,0,0,0,0,0,0,0,2012,77,0,0,0,0,0,0,0,0
310,2017-04-21,09:02:37,906,cs1709,XDCE,2012,2005,2018,28174,566781900,787306,791380,2102,1902,2002,2010,0,2007,0,0,0,2017-04-21,32557906,2011,353,0,0,0,0,0,0,0,0,2012,77,0,0,0,0,0,0,0,0
311,2017-04-21,09:02:38,415,cs1709,XDCE,2012,2005,2018,28176,566822140,787306,791380,2102,1902,2002,2010,0,2007,0,0,0,2017-04-21,32558415,2011,353,0,0,0,0,0,0,0,0,2013,321,0,0,0,0,0,0,0,0
312,2017-04-21,09:02:38,864,cs1709,XDCE,2012,2005,2018,28224,567787900,787262,791380,2102,1902,2002,2010,0,2007,0,0,0,2017-04-21,32558864,2011,359,0,0,0,0,0,0,0,0,2013,323,0,0,0,0,0,0,0,0
313,2017-04-21,09:02:39,434,cs1709,XDCE,2011,2005,2018,28228,567868340,787258,791380,2102,1902,2002,2010,0,2007,0,0,0,2017-04-21,32559434,2011,357,0,0,0,0,0,0,0,0,2012,5,0,0,0,0,0,0,0,0
314,2017-04-21,09:02:39,822,cs1709,XDCE,2012,2005,2018,28234,567989060,787264,791380,2102,1902,2002,2010,0,2007,0,0,0,2017-04-21,32559822,2011,356,0,0,0,0,0,0,0,0,2013,325,0,0,0,0,0,0,0,0
315,2017-04-21,09:02:40,393,cs1709,XDCE,2012,2005,2018,28260,568512180,787246,791380,2102,1902,2002,2010,0,2007,0,0,0,2017-04-21,32560393,2011,359,0,0,0,0,0,0,0,0,2012,17,0,0,0,0,0,0,0,0
316,2017-04-21,09:02:40,917,cs1709,XDCE,2011,2005,2018,28274,568793840,787242,791380,2102,1902,2002,2010,0,2007,0,0,0,2017-04-21,32560917,2011,357,0,0,0,0,0,0,0,0,2013,325,0,0,0,0,0,0,0,0
317,2017-04-21,09:02:41,431,cs1709,XDCE,2011,2005,2018,28288,569075480,787238,791380,2102,1902,2002,2010,0,2007,0,0,0,2017-04-21,32561431,2011,355,0,0,0,0,0,0,0,0,2013,326,0,0,0,0,0,0,0,0
318,2017-04-21,09:02:41,904,cs1709,XDCE,2012,2005,2018,28298,569276680,787242,791380,2102,1902,2002,2010,0,2007,0,0,0,2017-04-21,32561904,2011,355,0,0,0,0,0,0,0,0,2013,317,0,0,0,0,0,0,0,0
319,2017-04-21,09:02:42,413,cs1709,XDCE,2011,2005,2018,28300,569316900,787240,791380,2102,1902,2002,2010,0,2007,0,0,0,2017-04-21,32562413,2011,354,0,0,0,0,0,0,0,0,2013,318,0,0,0,0,0,0,0,0
320,2017-04-21,09:02:42,924,cs1709,XDCE,2012,2005,2018,28324,569799780,787242,791380,2102,1902,2002,2010,0,2007,0,0,0,2017-04-21,32562924,2011,355,0,0,0,0,0,0,0,0,2012,148,0,0,0,0,0,0,0,0
321,2017-04-21,09:02:43,376,cs1709,XDCE,2012,2005,2018,28330,569920500,787240,791380,2102,1902,2002,2010,0,2007,0,0,0,2017-04-21,32563376,2011,360,0,0,0,0,0,0,0,0,2012,145,0,0,0,0,0,0,0,0
322,2017-04-21,09:02:43,886,cs1709,XDCE,2012,2005,2018,28336,570041220,787240,791380,2102,1902,2002,2010,0,2007,0,0,0,2017-04-21,32563886,2011,467,0,0,0,0,0,0,0,0,2012,142,0,0,0,0,0,0,0,0
323,2017-04-21,09:02:44,405,cs1709,XDCE,2012,2005,2018,28354,570403380,787240,791380,2102,1902,2002,2010,0,2007,0,0,0,2017-04-21,32564405,2011,468,0,0,0,0,0,0,0,0,2012,136,0,0,0,0,0,0,0,0
324,2017-04-21,09:02:44,930,cs1709,XDCE,2012,2005,2018,28450,572334900,787144,791380,2102,1902,2002,2010,0,2007,0,0,0,2017-04-21,32564930,2011,533,0,0,0,0,0,0,0,0,2012,84,0,0,0,0,0,0,0,0
325,2017-04-21,09:02:45,401,cs1709,XDCE,2012,2005,2018,28626,575876020,786986,791380,2102,1902,2002,2010,0,2007,0,0,0,2017-04-21,32565401,2012,118,0,0,0,0,0,0,0,0,2013,443,0,0,0,0,0,0,0,0
326,2017-04-21,09:02:45,923,cs1709,XDCE,2013,2005,2018,28630,575956540,786988,791380,2102,1902,2002,2010,0,2007,0,0,0,2017-04-21,32565923,2012,162,0,0,0,0,0,0,0,0,2013,439,0,0,0,0,0,0,0,0
327,2017-04-21,09:02:46,410,cs1709,XDCE,2013,2005,2018,28634,576037040,786986,791380,2102,1902,2002,2010,0,2007,0,0,0,2017-04-21,32566410,2012,177,0,0,0,0,0,0,0,0,2013,469,0,0,0,0,0,0,0,0
328,2017-04-21,09:02:46,918,cs1709,XDCE,2012,2005,2018,28638,576117540,786984,791380,2102,1902,2002,2010,0,2007,0,0,0,2017-04-21,32566918,2012,180,0,0,0,0,0,0,0,0,2013,495,0,0,0,0,0,0,0,0
329,2017-04-21,09:02:47,404,cs1709,XDCE,2012,2005,2018,28776,578894160,786922,791380,2102,1902,2002,2010,0,2007,0,0,0,2017-04-21,32567404,2012,124,0,0,0,0,0,0,0,0,2013,502,0,0,0,0,0,0,0,0
330,2017-04-21,09:02:47,893,cs1709,XDCE,2012,2005,2018,28796,579296560,786928,791380,2102,1902,2002,2010,0,2007,0,0,0,2017-04-21,32567893,2012,114,0,0,0,0,0,0,0,0,2013,503,0,0,0,0,0,0,0,0
331,2017-04-21,09:02:48,384,cs1709,XDCE,2012,2005,2018,29032,584044920,786756,791380,2102,1902,2002,2010,0,2007,0,0,0,2017-04-21,32568384,2011,463,0,0,0,0,0,0,0,0,2012,134,0,0,0,0,0,0,0,0
332,2017-04-21,09:02:48,881,cs1709,XDCE,2012,2005,2018,29032,584044920,786756,791380,2102,1902,2002,2010,0,2007,0,0,0,2017-04-21,32568881,2011,465,0,0,0,0,0,0,0,0,2012,143,0,0,0,0,0,0,0,0
333,2017-04-21,09:02:49,432,cs1709,XDCE,2011,2005,2018,29034,584085140,786754,791380,2102,1902,2002,2010,0,2007,0,0,0,2017-04-21,32569432,2011,466,0,0,0,0,0,0,0,0,2012,128,0,0,0,0,0,0,0,0
334,2017-04-21,09:02:49,913,cs1709,XDCE,2012,2005,2018,29044,584286320,786754,791380,2102,1902,2002,2010,0,2007,0,0,0,2017-04-21,32569913,2011,465,0,0,0,0,0,0,0,0,2012,125,0,0,0,0,0,0,0,0
335,2017-04-21,09:02:50,407,cs1709,XDCE,2011,2005,2018,29436,592169640,786676,791380,2102,1902,2002,2010,0,2007,0,0,0,2017-04-21,32570407,2010,455,0,0,0,0,0,0,0,0,2011,38,0,0,0,0,0,0,0,0
336,2017-04-21,09:02:50,920,cs1709,XDCE,2010,2005,2018,29450,592451120,786664,791380,2102,1902,2002,2010,0,2007,0,0,0,2017-04-21,32570920,2010,434,0,0,0,0,0,0,0,0,2011,44,0,0,0,0,0,0,0,0
337,2017-04-21,09:02:51,420,cs1709,XDCE,2011,2005,2018,29538,594220800,786640,791380,2102,1902,2002,2010,0,2007,0,0,0,2017-04-21,32571420,2011,5,0,0,0,0,0,0,0,0,2012,112,0,0,0,0,0,0,0,0
338,2017-04-21,09:02:51,872,cs1709,XDCE,2011,2005,2018,29542,594301240,786642,791380,2102,1902,2002,2010,0,2007,0,0,0,2017-04-21,32571872,2010,436,0,0,0,0,0,0,0,0,2011,41,0,0,0,0,0,0,0,0
339,2017-04-21,09:02:52,354,cs1709,XDCE,2011,2005,2018,29546,594381680,786646,791380,2102,1902,2002,2010,0,2007,0,0,0,2017-04-21,32572354,2010,436,0,0,0,0,0,0,0,0,2011,40,0,0,0,0,0,0,0,0
340,2017-04-21,09:02:52,933,cs1709,XDCE,2012,2005,2018,29892,601342400,786472,791380,2102,1902,2002,2010,0,2007,0,0,0,2017-04-21,32572933,2012,122,0,0,0,0,0,0,0,0,2013,484,0,0,0,0,0,0,0,0
341,2017-04-21,09:02:53,411,cs1709,XDCE,2012,2005,2018,29892,601342400,786472,791380,2102,1902,2002,2010,0,2007,0,0,0,2017-04-21,32573411,2012,123,0,0,0,0,0,0,0,0,2013,663,0,0,0,0,0,0,0,0
342,2017-04-21,09:02:53,911,cs1709,XDCE,2012,2005,2018,30138,606291920,786476,791380,2102,1902,2002,2010,0,2007,0,0,0,2017-04-21,32573911,2011,93,0,0,0,0,0,0,0,0,2012,87,0,0,0,0,0,0,0,0
343,2017-04-21,09:02:54,413,cs1709,XDCE,2011,2005,2018,30158,606694160,786480,791380,2102,1902,2002,2010,0,2007,0,0,0,2017-04-21,32574413,2011,73,0,0,0,0,0,0,0,0,2012,92,0,0,0,0,0,0,0,0
344,2017-04-21,09:02:54,895,cs1709,XDCE,2011,2005,2018,30162,606774600,786480,791380,2102,1902,2002,2010,0,2007,0,0,0,2017-04-21,32574895,2011,52,0,0,0,0,0,0,0,0,2012,103,0,0,0,0,0,0,0,0
345,2017-04-21,09:02:55,335,cs1709,XDCE,2011,2005,2018,30162,606774600,786480,791380,2102,1902,2002,2010,0,2007,0,0,0,2017-04-21,32575335,2011,53,0,0,0,0,0,0,0,0,2012,103,0,0,0,0,0,0,0,0
346,2017-04-21,09:02:56,880,cs1709,XDCE,2011,2005,2018,30162,606774600,786480,791380,2102,1902,2002,2010,0,2007,0,0,0,2017-04-21,32576880,2011,58,0,0,0,0,0,0,0,0,2012,103,0,0,0,0,0,0,0,0
347,2017-04-21,09:02:57,353,cs1709,XDCE,2011,2005,2018,30182,607176800,786500,791380,2102,1902,2002,2010,0,2007,0,0,0,2017-04-21,32577353,2011,49,0,0,0,0,0,0,0,0,2012,103,0,0,0,0,0,0,0,0
348,2017-04-21,09:02:57,929,cs1709,XDCE,2011,2005,2018,30182,607176800,786500,791380,2102,1902,2002,2010,0,2007,0,0,0,2017-04-21,32577929,2011,71,0,0,0,0,0,0,0,0,2012,103,0,0,0,0,0,0,0,0
349,2017-04-21,09:02:58,435,cs1709,XDCE,2011,2005,2018,30352,610595500,786556,791380,2102,1902,2002,2010,0,2007,0,0,0,2017-04-21,32578435,2010,453,0,0,0,0,0,0,0,0,2011,716,0,0,0,0,0,0,0,0
350,2017-04-21,09:02:58,903,cs1709,XDCE,2011,2005,2018,30354,610635720,786558,791380,2102,1902,2002,2010,0,2007,0,0,0,2017-04-21,32578903,2010,462,0,0,0,0,0,0,0,0,2011,720,0,0,0,0,0,0,0,0
351,2017-04-21,09:02:59,431,cs1709,XDCE,2011,2005,2018,30354,610635720,786558,791380,2102,1902,2002,2010,0,2007,0,0,0,2017-04-21,32579431,2010,461,0,0,0,0,0,0,0,0,2011,730,0,0,0,0,0,0,0,0
352,2017-04-21,09:02:59,899,cs1709,XDCE,2011,2005,2018,30376,611078140,786580,791380,2102,1902,2002,2010,0,2007,0,0,0,2017-04-21,32579899,2010,451,0,0,0,0,0,0,0,0,2011,719,0,0,0,0,0,0,0,0
353,2017-04-21,09:03:00,383,cs1709,XDCE,2011,2005,2018,30376,611078140,786580,791380,2102,1902,2002,2010,0,2007,0,0,0,2017-04-21,32580383,2010,429,0,0,0,0,0,0,0,0,2011,719,0,0,0,0,0,0,0,0
354,2017-04-21,09:03:00,923,cs1709,XDCE,2011,2005,2018,30382,611198780,786584,791380,2102,1902,2002,2010,0,2007,0,0,0,2017-04-21,32580923,2010,428,0,0,0,0,0,0,0,0,2011,727,0,0,0,0,0,0,0,0
355,2017-04-21,09:03:01,406,cs1709,XDCE,2010,2005,2018,30384,611238980,786584,791380,2102,1902,2002,2010,0,2007,0,0,0,2017-04-21,32581406,2010,427,0,0,0,0,0,0,0,0,2011,727,0,0,0,0,0,0,0,0
356,2017-04-21,09:03:01,926,cs1709,XDCE,2010,2005,2018,30400,611560600,786572,791380,2102,1902,2002,2010,0,2007,0,0,0,2017-04-21,32581926,2010,410,0,0,0,0,0,0,0,0,2011,736,0,0,0,0,0,0,0,0
357,2017-04-21,09:03:02,315,cs1709,XDCE,2011,2005,2018,30408,611721480,786578,791380,2102,1902,2002,2010,0,2007,0,0,0,2017-04-21,32582315,2010,410,0,0,0,0,0,0,0,0,2011,733,0,0,0,0,0,0,0,0
358,2017-04-21,09:03:02,789,cs1709,XDCE,2011,2005,2018,30410,611761700,786578,791380,2102,1902,2002,2010,0,2007,0,0,0,2017-04-21,32582789,2010,410,0,0,0,0,0,0,0,0,2011,732,0,0,0,0,0,0,0,0
359,2017-04-21,09:03:03,377,cs1709,XDCE,2011,2005,2018,30410,611761700,786578,791380,2102,1902,2002,2010,0,2007,0,0,0,2017-04-21,32583377,2010,409,0,0,0,0,0,0,0,0,2011,732,0,0,0,0,0,0,0,0
360,2017-04-21,09:03:03,776,cs1709,XDCE,2010,2005,2018,30418,611922560,786584,791380,2102,1902,2002,2010,0,2007,0,0,0,2017-04-21,32583776,2010,420,0,0,0,0,0,0,0,0,2011,733,0,0,0,0,0,0,0,0
361,2017-04-21,09:03:04,401,cs1709,XDCE,2010,2005,2018,30418,611922560,786584,791380,2102,1902,2002,2010,0,2007,0,0,0,2017-04-21,32584401,2010,420,0,0,0,0,0,0,0,0,2011,734,0,0,0,0,0,0,0,0
362,2017-04-21,09:03:04,857,cs1709,XDCE,2010,2005,2018,30418,611922560,786584,791380,2102,1902,2002,2010,0,2007,0,0,0,2017-04-21,32584857,2010,420,0,0,0,0,0,0,0,0,2011,735,0,0,0,0,0,0,0,0
363,2017-04-21,09:03:05,392,cs1709,XDCE,2010,2005,2018,30424,612043180,786580,791380,2102,1902,2002,2010,0,2007,0,0,0,2017-04-21,32585392,2010,418,0,0,0,0,0,0,0,0,2011,734,0,0,0,0,0,0,0,0
364,2017-04-21,09:03:05,935,cs1709,XDCE,2010,2005,2018,30430,612163780,786578,791380,2102,1902,2002,2010,0,2007,0,0,0,2017-04-21,32585935,2010,414,0,0,0,0,0,0,0,0,2011,734,0,0,0,0,0,0,0,0
365,2017-04-21,09:03:06,354,cs1709,XDCE,2010,2005,2018,30448,612525600,786570,791380,2102,1902,2002,2010,0,2007,0,0,0,2017-04-21,32586354,2010,407,0,0,0,0,0,0,0,0,2011,733,0,0,0,0,0,0,0,0
366,2017-04-21,09:03:06,886,cs1709,XDCE,2010,2005,2018,30460,612766800,786558,791380,2102,1902,2002,2010,0,2007,0,0,0,2017-04-21,32586886,2010,401,0,0,0,0,0,0,0,0,2011,747,0,0,0,0,0,0,0,0
367,2017-04-21,09:03:07,408,cs1709,XDCE,2010,2005,2018,30476,613088400,786544,791380,2102,1902,2002,2010,0,2007,0,0,0,2017-04-21,32587408,2010,394,0,0,0,0,0,0,0,0,2011,742,0,0,0,0,0,0,0,0
368,2017-04-21,09:03:07,924,cs1709,XDCE,2010,2005,2018,30478,613128600,786542,791380,2102,1902,2002,2010,0,2007,0,0,0,2017-04-21,32587924,2010,493,0,0,0,0,0,0,0,0,2011,741,0,0,0,0,0,0,0,0
369,2017-04-21,09:03:08,934,cs1709,XDCE,2010,2005,2018,30480,613168800,786542,791380,2102,1902,2002,2010,0,2007,0,0,0,2017-04-21,32588934,2010,492,0,0,0,0,0,0,0,0,2011,742,0,0,0,0,0,0,0,0
370,2017-04-21,09:03:09,239,cs1709,XDCE,2010,2005,2018,30488,613329600,786542,791380,2102,1902,2002,2010,0,2007,0,0,0,2017-04-21,32589239,2010,490,0,0,0,0,0,0,0,0,2011,742,0,0,0,0,0,0,0,0
371,2017-04-21,09:03:09,869,cs1709,XDCE,2010,2005,2018,30500,613570840,786538,791380,2102,1902,2002,2010,0,2007,0,0,0,2017-04-21,32589869,2010,486,0,0,0,0,0,0,0,0,2011,741,0,0,0,0,0,0,0,0
372,2017-04-21,09:03:10,365,cs1709,XDCE,2010,2005,2018,30504,613651240,786534,791380,2102,1902,2002,2010,0,2007,0,0,0,2017-04-21,32590365,2010,484,0,0,0,0,0,0,0,0,2011,739,0,0,0,0,0,0,0,0
373,2017-04-21,09:03:10,935,cs1709,XDCE,2010,2005,2018,30510,613771840,786530,791380,2102,1902,2002,2010,0,2007,0,0,0,2017-04-21,32590935,2010,481,0,0,0,0,0,0,0,0,2011,737,0,0,0,0,0,0,0,0
374,2017-04-21,09:03:11,359,cs1709,XDCE,2011,2005,2018,30514,613852260,786532,791380,2102,1902,2002,2010,0,2007,0,0,0,2017-04-21,32591359,2010,480,0,0,0,0,0,0,0,0,2011,736,0,0,0,0,0,0,0,0
375,2017-04-21,09:03:12,436,cs1709,XDCE,2010,2005,2018,30570,614978340,786574,791380,2102,1902,2002,2010,0,2007,0,0,0,2017-04-21,32592436,2010,477,0,0,0,0,0,0,0,0,2011,709,0,0,0,0,0,0,0,0
376,2017-04-21,09:03:13,357,cs1709,XDCE,2011,2005,2018,30574,615058760,786574,791380,2102,1902,2002,2010,0,2007,0,0,0,2017-04-21,32593357,2010,483,0,0,0,0,0,0,0,0,2011,708,0,0,0,0,0,0,0,0
377,2017-04-21,09:03:13,929,cs1709,XDCE,2011,2005,2018,30574,615058760,786574,791380,2102,1902,2002,2010,0,2007,0,0,0,2017-04-21,32593929,2010,487,0,0,0,0,0,0,0,0,2011,708,0,0,0,0,0,0,0,0
378,2017-04-21,09:03:15,361,cs1709,XDCE,2010,2005,2018,30576,615098960,786572,791380,2102,1902,2002,2010,0,2007,0,0,0,2017-04-21,32595361,2010,488,0,0,0,0,0,0,0,0,2011,708,0,0,0,0,0,0,0,0
379,2017-04-21,09:03:15,861,cs1709,XDCE,2010,2005,2018,30576,615098960,786572,791380,2102,1902,2002,2010,0,2007,0,0,0,2017-04-21,32595861,2010,487,0,0,0,0,0,0,0,0,2011,708,0,0,0,0,0,0,0,0
380,2017-04-21,09:03:16,887,cs1709,XDCE,2011,2005,2018,31970,643132300,786562,791380,2102,1902,2002,2010,0,2007,0,0,0,2017-04-21,32596887,2011,278,0,0,0,0,0,0,0,0,2012,148,0,0,0,0,0,0,0,0
381,2017-04-21,09:03:17,401,cs1709,XDCE,2012,2005,2018,32028,644299200,786608,791380,2102,1902,2002,2010,0,2007,0,0,0,2017-04-21,32597401,2011,283,0,0,0,0,0,0,0,0,2012,93,0,0,0,0,0,0,0,0
382,2017-04-21,09:03:17,854,cs1709,XDCE,2012,2005,2018,32250,648765840,786458,791380,2102,1902,2002,2010,0,2007,0,0,0,2017-04-21,32597854,2012,56,0,0,0,0,0,0,0,0,2013,750,0,0,0,0,0,0,0,0
383,2017-04-21,09:03:18,350,cs1709,XDCE,2012,2005,2018,32258,648926800,786450,791380,2102,1902,2002,2010,0,2007,0,0,0,2017-04-21,32598350,2012,53,0,0,0,0,0,0,0,0,2013,750,0,0,0,0,0,0,0,0
384,2017-04-21,09:03:18,857,cs1709,XDCE,2012,2005,2018,32314,650053520,786394,791380,2102,1902,2002,2010,0,2007,0,0,0,2017-04-21,32598857,2011,307,0,0,0,0,0,0,0,0,2012,29,0,0,0,0,0,0,0,0
385,2017-04-21,09:03:19,419,cs1709,XDCE,2011,2005,2018,32324,650254620,786384,791380,2102,1902,2002,2010,0,2007,0,0,0,2017-04-21,32599419,2011,302,0,0,0,0,0,0,0,0,2012,31,0,0,0,0,0,0,0,0
386,2017-04-21,09:03:19,783,cs1709,XDCE,2011,2005,2018,32346,650697240,786402,791380,2102,1902,2002,2010,0,2007,0,0,0,2017-04-21,32599783,2011,306,0,0,0,0,0,0,0,0,2012,22,0,0,0,0,0,0,0,0
387,2017-04-21,09:03:20,339,cs1709,XDCE,2012,2005,2018,32348,650737480,786404,791380,2102,1902,2002,2010,0,2007,0,0,0,2017-04-21,32600339,2011,306,0,0,0,0,0,0,0,0,2012,31,0,0,0,0,0,0,0,0
388,2017-04-21,09:03:20,901,cs1709,XDCE,2012,2005,2018,32352,650817940,786402,791380,2102,1902,2002,2010,0,2007,0,0,0,2017-04-21,32600901,2011,305,0,0,0,0,0,0,0,0,2012,50,0,0,0,0,0,0,0,0
389,2017-04-21,09:03:21,895,cs1709,XDCE,2012,2005,2018,32352,650817940,786402,791380,2102,1902,2002,2010,0,2007,0,0,0,2017-04-21,32601895,2011,305,0,0,0,0,0,0,0,0,2012,51,0,0,0,0,0,0,0,0
390,2017-04-21,09:03:22,306,cs1709,XDCE,2011,2005,2018,32354,650858160,786402,791380,2102,1902,2002,2010,0,2007,0,0,0,2017-04-21,32602306,2011,304,0,0,0,0,0,0,0,0,2012,56,0,0,0,0,0,0,0,0
391,2017-04-21,09:03:22,922,cs1709,XDCE,2012,2005,2018,32356,650898400,786402,791380,2102,1902,2002,2010,0,2007,0,0,0,2017-04-21,32602922,2011,305,0,0,0,0,0,0,0,0,2012,55,0,0,0,0,0,0,0,0
392,2017-04-21,09:03:23,414,cs1709,XDCE,2012,2005,2018,32356,650898400,786402,791380,2102,1902,2002,2010,0,2007,0,0,0,2017-04-21,32603414,2011,305,0,0,0,0,0,0,0,0,2012,65,0,0,0,0,0,0,0,0
393,2017-04-21,09:03:23,879,cs1709,XDCE,2012,2005,2018,32356,650898400,786402,791380,2102,1902,2002,2010,0,2007,0,0,0,2017-04-21,32603879,2011,305,0,0,0,0,0,0,0,0,2012,66,0,0,0,0,0,0,0,0
394,2017-04-21,09:03:24,347,cs1709,XDCE,2012,2005,2018,32356,650898400,786402,791380,2102,1902,2002,2010,0,2007,0,0,0,2017-04-21,32604347,2011,307,0,0,0,0,0,0,0,0,2012,68,0,0,0,0,0,0,0,0
395,2017-04-21,09:03:24,894,cs1709,XDCE,2012,2005,2018,32364,651059360,786394,791380,2102,1902,2002,2010,0,2007,0,0,0,2017-04-21,32604894,2011,317,0,0,0,0,0,0,0,0,2012,95,0,0,0,0,0,0,0,0
396,2017-04-21,09:03:25,312,cs1709,XDCE,2012,2005,2018,32366,651099600,786394,791380,2102,1902,2002,2010,0,2007,0,0,0,2017-04-21,32605312,2011,317,0,0,0,0,0,0,0,0,2012,94,0,0,0,0,0,0,0,0
397,2017-04-21,09:03:25,935,cs1709,XDCE,2011,2005,2018,32374,651260520,786392,791380,2102,1902,2002,2010,0,2007,0,0,0,2017-04-21,32605935,2011,315,0,0,0,0,0,0,0,0,2012,95,0,0,0,0,0,0,0,0
398,2017-04-21,09:03:26,357,cs1709,XDCE,2011,2005,2018,32374,651260520,786392,791380,2102,1902,2002,2010,0,2007,0,0,0,2017-04-21,32606357,2011,316,0,0,0,0,0,0,0,0,2012,101,0,0,0,0,0,0,0,0
399,2017-04-21,09:03:26,920,cs1709,XDCE,2011,2005,2018,32374,651260520,786392,791380,2102,1902,2002,2010,0,2007,0,0,0,2017-04-21,32606920,2011,316,0,0,0,0,0,0,0,0,2012,103,0,0,0,0,0,0,0,0
400,2017-04-21,09:03:27,432,cs1709,XDCE,2012,2005,2018,32410,651984840,786422,791380,2102,1902,2002,2010,0,2007,0,0,0,2017-04-21,32607432,2011,316,0,0,0,0,0,0,0,0,2012,85,0,0,0,0,0,0,0,0
401,2017-04-21,09:03:27,918,cs1709,XDCE,2011,2005,2018,32412,652025060,786422,791380,2102,1902,2002,2010,0,2007,0,0,0,2017-04-21,32607918,2011,316,0,0,0,0,0,0,0,0,2012,86,0,0,0,0,0,0,0,0
402,2017-04-21,09:03:28,310,cs1709,XDCE,2011,2005,2018,32418,652145720,786416,791380,2102,1902,2002,2010,0,2007,0,0,0,2017-04-21,32608310,2011,313,0,0,0,0,0,0,0,0,2012,86,0,0,0,0,0,0,0,0
403,2017-04-21,09:03:28,876,cs1709,XDCE,2011,2005,2018,32418,652145720,786416,791380,2102,1902,2002,2010,0,2007,0,0,0,2017-04-21,32608876,2011,313,0,0,0,0,0,0,0,0,2012,137,0,0,0,0,0,0,0,0
404,2017-04-21,09:03:29,399,cs1709,XDCE,2012,2005,2018,32446,652708880,786400,791380,2102,1902,2002,2010,0,2007,0,0,0,2017-04-21,32609399,2011,304,0,0,0,0,0,0,0,0,2012,143,0,0,0,0,0,0,0,0
405,2017-04-21,09:03:29,886,cs1709,XDCE,2011,2005,2018,32448,652749100,786400,791380,2102,1902,2002,2010,0,2007,0,0,0,2017-04-21,32609886,2011,303,0,0,0,0,0,0,0,0,2012,143,0,0,0,0,0,0,0,0
406,2017-04-21,09:03:30,373,cs1709,XDCE,2011,2005,2018,32450,652789320,786398,791380,2102,1902,2002,2010,0,2007,0,0,0,2017-04-21,32610373,2011,302,0,0,0,0,0,0,0,0,2012,143,0,0,0,0,0,0,0,0
407,2017-04-21,09:03:31,429,cs1709,XDCE,2011,2005,2018,32904,661919260,786700,791380,2102,1902,2002,2010,0,2007,0,0,0,2017-04-21,32611429,2011,65,0,0,0,0,0,0,0,0,2012,150,0,0,0,0,0,0,0,0
408,2017-04-21,09:03:31,887,cs1709,XDCE,2011,2005,2018,33032,664493340,786654,791380,2102,1902,2002,2010,0,2007,0,0,0,2017-04-21,32611887,2010,519,0,0,0,0,0,0,0,0,2011,99,0,0,0,0,0,0,0,0
409,2017-04-21,09:03:32,426,cs1709,XDCE,2011,2005,2018,33036,664573760,786652,791380,2102,1902,2002,2010,0,2007,0,0,0,2017-04-21,32612426,2010,519,0,0,0,0,0,0,0,0,2011,103,0,0,0,0,0,0,0,0
410,2017-04-21,09:03:32,853,cs1709,XDCE,2010,2005,2018,33042,664694360,786648,791380,2102,1902,2002,2010,0,2007,0,0,0,2017-04-21,32612853,2010,516,0,0,0,0,0,0,0,0,2011,123,0,0,0,0,0,0,0,0
411,2017-04-21,09:03:33,341,cs1709,XDCE,2011,2005,2018,33044,664734580,786648,791380,2102,1902,2002,2010,0,2007,0,0,0,2017-04-21,32613341,2010,516,0,0,0,0,0,0,0,0,2011,122,0,0,0,0,0,0,0,0
412,2017-04-21,09:03:33,812,cs1709,XDCE,2011,2005,2018,33044,664734580,786648,791380,2102,1902,2002,2010,0,2007,0,0,0,2017-04-21,32613812,2010,517,0,0,0,0,0,0,0,0,2011,125,0,0,0,0,0,0,0,0
413,2017-04-21,09:03:34,406,cs1709,XDCE,2011,2005,2018,33044,664734580,786648,791380,2102,1902,2002,2010,0,2007,0,0,0,2017-04-21,32614406,2010,517,0,0,0,0,0,0,0,0,2011,139,0,0,0,0,0,0,0,0
414,2017-04-21,09:03:35,312,cs1709,XDCE,2011,2005,2018,33056,664975900,786636,791380,2102,1902,2002,2010,0,2007,0,0,0,2017-04-21,32615312,2010,517,0,0,0,0,0,0,0,0,2011,133,0,0,0,0,0,0,0,0
415,2017-04-21,09:03:36,412,cs1709,XDCE,2011,2005,2018,33060,665056340,786636,791380,2102,1902,2002,2010,0,2007,0,0,0,2017-04-21,32616412,2010,517,0,0,0,0,0,0,0,0,2011,131,0,0,0,0,0,0,0,0
416,2017-04-21,09:03:36,885,cs1709,XDCE,2011,2005,2018,33060,665056340,786636,791380,2102,1902,2002,2010,0,2007,0,0,0,2017-04-21,32616885,2010,522,0,0,0,0,0,0,0,0,2011,137,0,0,0,0,0,0,0,0
417,2017-04-21,09:03:37,415,cs1709,XDCE,2011,2005,2018,33060,665056340,786636,791380,2102,1902,2002,2010,0,2007,0,0,0,2017-04-21,32617415,2010,522,0,0,0,0,0,0,0,0,2011,145,0,0,0,0,0,0,0,0
418,2017-04-21,09:03:37,908,cs1709,XDCE,2011,2005,2018,33060,665056340,786636,791380,2102,1902,2002,2010,0,2007,0,0,0,2017-04-21,32617908,2010,522,0,0,0,0,0,0,0,0,2011,150,0,0,0,0,0,0,0,0
419,2017-04-21,09:03:38,906,cs1709,XDCE,2010,2005,2018,33524,674382940,786994,791380,2102,1902,2002,2010,0,2007,0,0,0,2017-04-21,32618906,2010,300,0,0,0,0,0,0,0,0,2011,145,0,0,0,0,0,0,0,0
420,2017-04-21,09:03:39,356,cs1709,XDCE,2010,2005,2018,34216,688292440,786900,791380,2102,1902,2002,2010,0,2007,0,0,0,2017-04-21,32619356,2009,599,0,0,0,0,0,0,0,0,2010,10,0,0,0,0,0,0,0,0
421,2017-04-21,09:03:39,914,cs1709,XDCE,2010,2005,2018,34218,688332640,786902,791380,2102,1902,2002,2010,0,2007,0,0,0,2017-04-21,32619914,2009,586,0,0,0,0,0,0,0,0,2010,24,0,0,0,0,0,0,0,0
422,2017-04-21,09:03:40,364,cs1709,XDCE,2010,2005,2018,34228,688533640,786902,791380,2102,1902,2002,2010,0,2007,0,0,0,2017-04-21,32620364,2009,586,0,0,0,0,0,0,0,0,2010,29,0,0,0,0,0,0,0,0
423,2017-04-21,09:03:40,931,cs1709,XDCE,2010,2005,2018,34238,688734620,786910,791380,2102,1902,2002,2010,0,2007,0,0,0,2017-04-21,32620931,2009,586,0,0,0,0,0,0,0,0,2010,35,0,0,0,0,0,0,0,0
424,2017-04-21,09:03:41,913,cs1709,XDCE,2009,2005,2018,34244,688855180,786908,791380,2102,1902,2002,2010,0,2007,0,0,0,2017-04-21,32621913,2009,584,0,0,0,0,0,0,0,0,2010,40,0,0,0,0,0,0,0,0
425,2017-04-21,09:03:42,387,cs1709,XDCE,2010,2005,2018,34306,690101380,786908,791380,2102,1902,2002,2010,0,2007,0,0,0,2017-04-21,32622387,2009,585,0,0,0,0,0,0,0,0,2010,8,0,0,0,0,0,0,0,0
426,2017-04-21,09:03:43,371,cs1709,XDCE,2009,2005,2018,34762,699262520,786906,791380,2102,1902,2002,2010,0,2007,0,0,0,2017-04-21,32623371,2009,372,0,0,0,0,0,0,0,0,2010,4,0,0,0,0,0,0,0,0
427,2017-04-21,09:03:43,892,cs1709,XDCE,2010,2005,2018,34766,699342920,786906,791380,2102,1902,2002,2010,0,2007,0,0,0,2017-04-21,32623892,2009,373,0,0,0,0,0,0,0,0,2010,5,0,0,0,0,0,0,0,0
428,2017-04-21,09:03:44,425,cs1709,XDCE,2010,2005,2018,34778,699584120,786914,791380,2102,1902,2002,2010,0,2007,0,0,0,2017-04-21,32624425,2009,362,0,0,0,0,0,0,0,0,2011,215,0,0,0,0,0,0,0,0
429,2017-04-21,09:03:44,931,cs1709,XDCE,2010,2005,2018,34780,699624320,786916,791380,2102,1902,2002,2010,0,2007,0,0,0,2017-04-21,32624931,2009,366,0,0,0,0,0,0,0,0,2011,198,0,0,0,0,0,0,0,0
430,2017-04-21,09:03:45,354,cs1709,XDCE,2010,2005,2018,34792,699865520,786904,791380,2102,1902,2002,2010,0,2007,0,0,0,2017-04-21,32625354,2009,366,0,0,0,0,0,0,0,0,2010,50,0,0,0,0,0,0,0,0
431,2017-04-21,09:03:45,879,cs1709,XDCE,2009,2005,2018,34800,700026240,786904,791380,2102,1902,2002,2010,0,2007,0,0,0,2017-04-21,32625879,2009,364,0,0,0,0,0,0,0,0,2010,30,0,0,0,0,0,0,0,0
432,2017-04-21,09:03:46,361,cs1709,XDCE,2009,2005,2018,34800,700026240,786904,791380,2102,1902,2002,2010,0,2007,0,0,0,2017-04-21,32626361,2009,364,0,0,0,0,0,0,0,0,2010,40,0,0,0,0,0,0,0,0
433,2017-04-21,09:03:46,912,cs1709,XDCE,2009,2005,2018,34802,700066420,786904,791380,2102,1902,2002,2010,0,2007,0,0,0,2017-04-21,32626912,2009,373,0,0,0,0,0,0,0,0,2010,40,0,0,0,0,0,0,0,0
434,2017-04-21,09:03:47,407,cs1709,XDCE,2010,2005,2018,34822,700468420,786916,791380,2102,1902,2002,2010,0,2007,0,0,0,2017-04-21,32627407,2009,378,0,0,0,0,0,0,0,0,2010,30,0,0,0,0,0,0,0,0
435,2017-04-21,09:03:48,247,cs1709,XDCE,2009,2005,2018,34842,700870240,786898,791380,2102,1902,2002,2010,0,2007,0,0,0,2017-04-21,32628247,2009,369,0,0,0,0,0,0,0,0,2010,40,0,0,0,0,0,0,0,0
436,2017-04-21,09:03:48,927,cs1709,XDCE,2009,2005,2018,34844,700910420,786898,791380,2102,1902,2002,2010,0,2007,0,0,0,2017-04-21,32628927,2009,369,0,0,0,0,0,0,0,0,2010,42,0,0,0,0,0,0,0,0
437,2017-04-21,09:03:49,340,cs1709,XDCE,2009,2005,2018,34844,700910420,786898,791380,2102,1902,2002,2010,0,2007,0,0,0,2017-04-21,32629340,2009,369,0,0,0,0,0,0,0,0,2010,43,0,0,0,0,0,0,0,0
438,2017-04-21,09:03:49,895,cs1709,XDCE,2009,2005,2018,34852,701071140,786890,791380,2102,1902,2002,2010,0,2007,0,0,0,2017-04-21,32629895,2009,366,0,0,0,0,0,0,0,0,2010,43,0,0,0,0,0,0,0,0
439,2017-04-21,09:03:50,429,cs1709,XDCE,2010,2005,2018,34856,701151540,786894,791380,2102,1902,2002,2010,0,2007,0,0,0,2017-04-21,32630429,2009,357,0,0,0,0,0,0,0,0,2010,41,0,0,0,0,0,0,0,0
440,2017-04-21,09:03:50,900,cs1709,XDCE,2010,2005,2018,34876,701553540,786904,791380,2102,1902,2002,2010,0,2007,0,0,0,2017-04-21,32630900,2009,358,0,0,0,0,0,0,0,0,2010,37,0,0,0,0,0,0,0,0
441,2017-04-21,09:03:51,417,cs1709,XDCE,2010,2005,2018,34886,701754540,786904,791380,2102,1902,2002,2010,0,2007,0,0,0,2017-04-21,32631417,2009,355,0,0,0,0,0,0,0,0,2010,33,0,0,0,0,0,0,0,0
442,2017-04-21,09:03:51,840,cs1709,XDCE,2010,2005,2018,34896,701955540,786904,791380,2102,1902,2002,2010,0,2007,0,0,0,2017-04-21,32631840,2009,356,0,0,0,0,0,0,0,0,2010,28,0,0,0,0,0,0,0,0
443,2017-04-21,09:03:52,337,cs1709,XDCE,2010,2005,2018,34898,701995740,786904,791380,2102,1902,2002,2010,0,2007,0,0,0,2017-04-21,32632337,2009,357,0,0,0,0,0,0,0,0,2010,27,0,0,0,0,0,0,0,0
444,2017-04-21,09:03:52,527,cs1709,XDCE,2010,2005,2018,34902,702076140,786908,791380,2102,1902,2002,2010,0,2007,0,0,0,2017-04-21,32632527,2009,357,0,0,0,0,0,0,0,0,2010,25,0,0,0,0,0,0,0,0
445,2017-04-21,09:03:53,388,cs1709,XDCE,2009,2005,2018,34910,702236860,786908,791380,2102,1902,2002,2010,0,2007,0,0,0,2017-04-21,32633388,2009,353,0,0,0,0,0,0,0,0,2010,26,0,0,0,0,0,0,0,0
446,2017-04-21,09:03:53,933,cs1709,XDCE,2010,2005,2018,34912,702277060,786910,791380,2102,1902,2002,2010,0,2007,0,0,0,2017-04-21,32633933,2009,353,0,0,0,0,0,0,0,0,2010,25,0,0,0,0,0,0,0,0
447,2017-04-21,09:03:54,425,cs1709,XDCE,2009,2005,2018,34916,702357420,786908,791380,2102,1902,2002,2010,0,2007,0,0,0,2017-04-21,32634425,2009,352,0,0,0,0,0,0,0,0,2010,27,0,0,0,0,0,0,0,0
448,2017-04-21,09:03:54,864,cs1709,XDCE,2009,2005,2018,34918,702397600,786908,791380,2102,1902,2002,2010,0,2007,0,0,0,2017-04-21,32634864,2009,344,0,0,0,0,0,0,0,0,2010,27,0,0,0,0,0,0,0,0
449,2017-04-21,09:03:55,422,cs1709,XDCE,2010,2005,2018,34920,702437800,786910,791380,2102,1902,2002,2010,0,2007,0,0,0,2017-04-21,32635422,2009,351,0,0,0,0,0,0,0,0,2010,28,0,0,0,0,0,0,0,0
450,2017-04-21,09:03:55,844,cs1709,XDCE,2010,2005,2018,34920,702437800,786910,791380,2102,1902,2002,2010,0,2007,0,0,0,2017-04-21,32635844,2009,352,0,0,0,0,0,0,0,0,2010,28,0,0,0,0,0,0,0,0
451,2017-04-21,09:03:56,352,cs1709,XDCE,2010,2005,2018,34920,702437800,786910,791380,2102,1902,2002,2010,0,2007,0,0,0,2017-04-21,32636352,2009,352,0,0,0,0,0,0,0,0,2010,33,0,0,0,0,0,0,0,0
452,2017-04-21,09:03:57,432,cs1709,XDCE,2010,2005,2018,34920,702437800,786910,791380,2102,1902,2002,2010,0,2007,0,0,0,2017-04-21,32637432,2009,353,0,0,0,0,0,0,0,0,2010,35,0,0,0,0,0,0,0,0
453,2017-04-21,09:03:57,672,cs1709,XDCE,2010,2005,2018,34920,702437800,786910,791380,2102,1902,2002,2010,0,2007,0,0,0,2017-04-21,32637672,2009,354,0,0,0,0,0,0,0,0,2010,35,0,0,0,0,0,0,0,0
454,2017-04-21,09:03:58,404,cs1709,XDCE,2009,2005,2018,34922,702477980,786910,791380,2102,1902,2002,2010,0,2007,0,0,0,2017-04-21,32638404,2009,354,0,0,0,0,0,0,0,0,2010,36,0,0,0,0,0,0,0,0
455,2017-04-21,09:03:58,871,cs1709,XDCE,2010,2005,2018,34936,702759380,786910,791380,2102,1902,2002,2010,0,2007,0,0,0,2017-04-21,32638871,2009,347,0,0,0,0,0,0,0,0,2010,32,0,0,0,0,0,0,0,0
456,2017-04-21,09:03:59,316,cs1709,XDCE,2010,2005,2018,34938,702799580,786912,791380,2102,1902,2002,2010,0,2007,0,0,0,2017-04-21,32639316,2009,346,0,0,0,0,0,0,0,0,2010,31,0,0,0,0,0,0,0,0
457,2017-04-21,09:03:59,904,cs1709,XDCE,2009,2005,2018,34942,702879960,786914,791380,2102,1902,2002,2010,0,2007,0,0,0,2017-04-21,32639904,2009,346,0,0,0,0,0,0,0,0,2010,30,0,0,0,0,0,0,0,0
458,2017-04-21,09:04:00,297,cs1709,XDCE,2010,2005,2018,34946,702960360,786914,791380,2102,1902,2002,2010,0,2007,0,0,0,2017-04-21,32640297,2009,348,0,0,0,0,0,0,0,0,2010,28,0,0,0,0,0,0,0,0
459,2017-04-21,09:04:00,849,cs1709,XDCE,2010,2005,2018,34950,703040740,786916,791380,2102,1902,2002,2010,0,2007,0,0,0,2017-04-21,32640849,2009,347,0,0,0,0,0,0,0,0,2010,31,0,0,0,0,0,0,0,0
460,2017-04-21,09:04:01,195,cs1709,XDCE,2010,2005,2018,34952,703080940,786918,791380,2102,1902,2002,2010,0,2007,0,0,0,2017-04-21,32641195,2009,347,0,0,0,0,0,0,0,0,2010,30,0,0,0,0,0,0,0,0
461,2017-04-21,09:04:01,931,cs1709,XDCE,2010,2005,2018,34952,703080940,786918,791380,2102,1902,2002,2010,0,2007,0,0,0,2017-04-21,32641931,2009,347,0,0,0,0,0,0,0,0,2010,32,0,0,0,0,0,0,0,0
462,2017-04-21,09:04:02,396,cs1709,XDCE,2010,2005,2018,35022,704487940,786972,791380,2102,1902,2002,2010,0,2007,0,0,0,2017-04-21,32642396,2010,166,0,0,0,0,0,0,0,0,2011,193,0,0,0,0,0,0,0,0
463,2017-04-21,09:04:02,765,cs1709,XDCE,2010,2005,2018,35024,704528140,786974,791380,2102,1902,2002,2010,0,2007,0,0,0,2017-04-21,32642765,2010,173,0,0,0,0,0,0,0,0,2011,139,0,0,0,0,0,0,0,0
464,2017-04-21,09:04:03,422,cs1709,XDCE,2010,2005,2018,35028,704608540,786978,791380,2102,1902,2002,2010,0,2007,0,0,0,2017-04-21,32643422,2010,177,0,0,0,0,0,0,0,0,2011,133,0,0,0,0,0,0,0,0
465,2017-04-21,09:04:03,931,cs1709,XDCE,2010,2005,2018,35054,705131140,787004,791380,2102,1902,2002,2010,0,2007,0,0,0,2017-04-21,32643931,2010,169,0,0,0,0,0,0,0,0,2011,133,0,0,0,0,0,0,0,0
466,2017-04-21,09:04:04,259,cs1709,XDCE,2010,2005,2018,35058,705211540,787004,791380,2102,1902,2002,2010,0,2007,0,0,0,2017-04-21,32644259,2010,168,0,0,0,0,0,0,0,0,2011,133,0,0,0,0,0,0,0,0
467,2017-04-21,09:04:04,863,cs1709,XDCE,2010,2005,2018,35394,711965140,787088,791380,2102,1902,2002,2010,0,2007,0,0,0,2017-04-21,32644863,2009,352,0,0,0,0,0,0,0,0,2010,120,0,0,0,0,0,0,0,0
468,2017-04-21,09:04:05,414,cs1709,XDCE,2010,2005,2018,35436,712808940,787086,791380,2102,1902,2002,2010,0,2007,0,0,0,2017-04-21,32645414,2009,311,0,0,0,0,0,0,0,0,2010,110,0,0,0,0,0,0,0,0
469,2017-04-21,09:04:05,884,cs1709,XDCE,2010,2005,2018,35436,712808940,787086,791380,2102,1902,2002,2010,0,2007,0,0,0,2017-04-21,32645884,2009,311,0,0,0,0,0,0,0,0,2010,111,0,0,0,0,0,0,0,0
470,2017-04-21,09:04:06,232,cs1709,XDCE,2010,2005,2018,35446,713009940,787086,791380,2102,1902,2002,2010,0,2007,0,0,0,2017-04-21,32646232,2009,311,0,0,0,0,0,0,0,0,2010,108,0,0,0,0,0,0,0,0
471,2017-04-21,09:04:06,787,cs1709,XDCE,2010,2005,2018,35448,713050140,787086,791380,2102,1902,2002,2010,0,2007,0,0,0,2017-04-21,32646787,2009,313,0,0,0,0,0,0,0,0,2010,110,0,0,0,0,0,0,0,0
472,2017-04-21,09:04:07,910,cs1709,XDCE,2010,2005,2018,35452,713130540,787086,791380,2102,1902,2002,2010,0,2007,0,0,0,2017-04-21,32647910,2009,314,0,0,0,0,0,0,0,0,2010,114,0,0,0,0,0,0,0,0
473,2017-04-21,09:04:08,354,cs1709,XDCE,2010,2005,2018,35454,713170740,787086,791380,2102,1902,2002,2010,0,2007,0,0,0,2017-04-21,32648354,2009,314,0,0,0,0,0,0,0,0,2010,114,0,0,0,0,0,0,0,0
474,2017-04-21,09:04:08,913,cs1709,XDCE,2009,2005,2018,35476,713612880,787084,791380,2102,1902,2002,2010,0,2007,0,0,0,2017-04-21,32648913,2009,311,0,0,0,0,0,0,0,0,2010,106,0,0,0,0,0,0,0,0
475,2017-04-21,09:04:09,300,cs1709,XDCE,2010,2005,2018,35480,713693280,787084,791380,2102,1902,2002,2010,0,2007,0,0,0,2017-04-21,32649300,2009,311,0,0,0,0,0,0,0,0,2010,109,0,0,0,0,0,0,0,0
476,2017-04-21,09:04:09,878,cs1709,XDCE,2010,2005,2018,35492,713934380,787084,791380,2102,1902,2002,2010,0,2007,0,0,0,2017-04-21,32649878,2009,306,0,0,0,0,0,0,0,0,2010,108,0,0,0,0,0,0,0,0
477,2017-04-21,09:04:10,395,cs1709,XDCE,2009,2005,2018,35694,717994560,786916,791380,2102,1902,2002,2010,0,2007,0,0,0,2017-04-21,32650395,2009,305,0,0,0,0,0,0,0,0,2010,8,0,0,0,0,0,0,0,0
478,2017-04-21,09:04:10,847,cs1709,XDCE,2009,2005,2018,35696,718034740,786916,791380,2102,1902,2002,2010,0,2007,0,0,0,2017-04-21,32650847,2009,326,0,0,0,0,0,0,0,0,2010,7,0,0,0,0,0,0,0,0
479,2017-04-21,09:04:11,406,cs1709,XDCE,2010,2005,2018,35706,718235740,786916,791380,2102,1902,2002,2010,0,2007,0,0,0,2017-04-21,32651406,2009,326,0,0,0,0,0,0,0,0,2010,8,0,0,0,0,0,0,0,0
480,2017-04-21,09:04:11,862,cs1709,XDCE,2009,2005,2018,35708,718275920,786916,791380,2102,1902,2002,2010,0,2007,0,0,0,2017-04-21,32651862,2009,325,0,0,0,0,0,0,0,0,2010,9,0,0,0,0,0,0,0,0
481,2017-04-21,09:04:12,353,cs1709,XDCE,2009,2005,2018,35708,718275920,786916,791380,2102,1902,2002,2010,0,2007,0,0,0,2017-04-21,32652353,2009,328,0,0,0,0,0,0,0,0,2010,9,0,0,0,0,0,0,0,0
482,2017-04-21,09:04:12,885,cs1709,XDCE,2009,2005,2018,35708,718275920,786916,791380,2102,1902,2002,2010,0,2007,0,0,0,2017-04-21,32652885,2009,329,0,0,0,0,0,0,0,0,2010,9,0,0,0,0,0,0,0,0
483,2017-04-21,09:04:13,853,cs1709,XDCE,2009,2005,2018,35708,718275920,786916,791380,2102,1902,2002,2010,0,2007,0,0,0,2017-04-21,32653853,2009,329,0,0,0,0,0,0,0,0,2010,15,0,0,0,0,0,0,0,0
484,2017-04-21,09:04:14,386,cs1709,XDCE,2010,2005,2018,35712,718356320,786916,791380,2102,1902,2002,2010,0,2007,0,0,0,2017-04-21,32654386,2009,349,0,0,0,0,0,0,0,0,2010,13,0,0,0,0,0,0,0,0
485,2017-04-21,09:04:14,897,cs1709,XDCE,2010,2005,2018,35712,718356320,786916,791380,2102,1902,2002,2010,0,2007,0,0,0,2017-04-21,32654897,2009,349,0,0,0,0,0,0,0,0,2010,19,0,0,0,0,0,0,0,0
486,2017-04-21,09:04:15,397,cs1709,XDCE,2010,2005,2018,35714,718396520,786918,791380,2102,1902,2002,2010,0,2007,0,0,0,2017-04-21,32655397,2009,349,0,0,0,0,0,0,0,0,2010,18,0,0,0,0,0,0,0,0
487,2017-04-21,09:04:15,885,cs1709,XDCE,2010,2005,2018,35716,718436720,786920,791380,2102,1902,2002,2010,0,2007,0,0,0,2017-04-21,32655885,2009,355,0,0,0,0,0,0,0,0,2010,19,0,0,0,0,0,0,0,0
488,2017-04-21,09:04:16,611,cs1709,XDCE,2010,2005,2018,35726,718637720,786918,791380,2102,1902,2002,2010,0,2007,0,0,0,2017-04-21,32656611,2009,355,0,0,0,0,0,0,0,0,2010,14,0,0,0,0,0,0,0,0
489,2017-04-21,09:04:17,420,cs1709,XDCE,2009,2005,2018,35728,718677900,786916,791380,2102,1902,2002,2010,0,2007,0,0,0,2017-04-21,32657420,2009,344,0,0,0,0,0,0,0,0,2010,14,0,0,0,0,0,0,0,0
490,2017-04-21,09:04:17,853,cs1709,XDCE,2010,2005,2018,35778,719682900,786962,791380,2102,1902,2002,2010,0,2007,0,0,0,2017-04-21,32657853,2010,25,0,0,0,0,0,0,0,0,2011,400,0,0,0,0,0,0,0,0
491,2017-04-21,09:04:18,358,cs1709,XDCE,2010,2005,2018,35830,720728120,786962,791380,2102,1902,2002,2010,0,2007,0,0,0,2017-04-21,32658358,2009,344,0,0,0,0,0,0,0,0,2011,399,0,0,0,0,0,0,0,0
492,2017-04-21,09:04:18,925,cs1709,XDCE,2009,2005,2018,35834,720808480,786958,791380,2102,1902,2002,2010,0,2007,0,0,0,2017-04-21,32658925,2009,332,0,0,0,0,0,0,0,0,2010,1,0,0,0,0,0,0,0,0
493,2017-04-21,09:04:19,892,cs1709,XDCE,2010,2005,2018,35836,720848680,786960,791380,2102,1902,2002,2010,0,2007,0,0,0,2017-04-21,32659892,2009,342,0,0,0,0,0,0,0,0,2010,1,0,0,0,0,0,0,0,0
494,2017-04-21,09:04:20,396,cs1709,XDCE,2010,2005,2018,35836,720848680,786960,791380,2102,1902,2002,2010,0,2007,0,0,0,2017-04-21,32660396,2009,347,0,0,0,0,0,0,0,0,2010,2,0,0,0,0,0,0,0,0
495,2017-04-21,09:04:20,916,cs1709,XDCE,2009,2005,2018,35840,720929040,786958,791380,2102,1902,2002,2010,0,2007,0,0,0,2017-04-21,32660916,2009,345,0,0,0,0,0,0,0,0,2010,114,0,0,0,0,0,0,0,0
496,2017-04-21,09:04:21,370,cs1709,XDCE,2010,2005,2018,35844,721009420,786958,791380,2102,1902,2002,2010,0,2007,0,0,0,2017-04-21,32661370,2009,334,0,0,0,0,0,0,0,0,2010,113,0,0,0,0,0,0,0,0
497,2017-04-21,09:04:23,372,cs1709,XDCE,2010,2005,2018,35844,721009420,786958,791380,2102,1902,2002,2010,0,2007,0,0,0,2017-04-21,32663372,2009,334,0,0,0,0,0,0,0,0,2010,127,0,0,0,0,0,0,0,0
498,2017-04-21,09:04:23,926,cs1709,XDCE,2010,2005,2018,35844,721009420,786958,791380,2102,1902,2002,2010,0,2007,0,0,0,2017-04-21,32663926,2009,334,0,0,0,0,0,0,0,0,2010,147,0,0,0,0,0,0,0,0
499,2017-04-21,09:04:24,407,cs1709,XDCE,2009,2005,2018,35850,721129960,786958,791380,2102,1902,2002,2010,0,2007,0,0,0,2017-04-21,32664407,2009,331,0,0,0,0,0,0,0,0,2010,156,0,0,0,0,0,0,0,0
500,2017-04-21,09:04:24,910,cs1709,XDCE,2009,2005,2018,35858,721290740,786958,791380,2102,1902,2002,2010,0,2007,0,0,0,2017-04-21,32664910,2009,330,0,0,0,0,0,0,0,0,2010,154,0,0,0,0,0,0,0,0
501,2017-04-21,09:04:25,419,cs1709,XDCE,2009,2005,2018,35860,721330920,786958,791380,2102,1902,2002,2010,0,2007,0,0,0,2017-04-21,32665419,2009,339,0,0,0,0,0,0,0,0,2010,175,0,0,0,0,0,0,0,0
502,2017-04-21,09:04:25,929,cs1709,XDCE,2009,2005,2018,35860,721330920,786958,791380,2102,1902,2002,2010,0,2007,0,0,0,2017-04-21,32665929,2009,339,0,0,0,0,0,0,0,0,2010,176,0,0,0,0,0,0,0,0
503,2017-04-21,09:04:26,402,cs1709,XDCE,2009,2005,2018,35954,723219500,786970,791380,2102,1902,2002,2010,0,2007,0,0,0,2017-04-21,32666402,2009,298,0,0,0,0,0,0,0,0,2010,396,0,0,0,0,0,0,0,0
504,2017-04-21,09:04:26,907,cs1709,XDCE,2008,2005,2018,36554,735273440,786708,791380,2102,1902,2002,2010,0,2007,0,0,0,2017-04-21,32666907,2008,240,0,0,0,0,0,0,0,0,2009,149,0,0,0,0,0,0,0,0
505,2017-04-21,09:04:27,415,cs1709,XDCE,2008,2005,2018,36708,738365760,786794,791380,2102,1902,2002,2010,0,2007,0,0,0,2017-04-21,32667415,2008,152,0,0,0,0,0,0,0,0,2009,837,0,0,0,0,0,0,0,0
506,2017-04-21,09:04:27,927,cs1709,XDCE,2009,2005,2018,37052,745274280,786708,791380,2102,1902,2002,2010,0,2007,0,0,0,2017-04-21,32667927,2007,145,0,0,0,0,0,0,0,0,2009,816,0,0,0,0,0,0,0,0
507,2017-04-21,09:04:28,409,cs1709,XDCE,2009,2005,2018,37054,745314460,786708,791380,2102,1902,2002,2010,0,2007,0,0,0,2017-04-21,32668409,2007,105,0,0,0,0,0,0,0,0,2008,19,0,0,0,0,0,0,0,0
508,2017-04-21,09:04:28,929,cs1709,XDCE,2009,2005,2018,37064,745515360,786698,791380,2102,1902,2002,2010,0,2007,0,0,0,2017-04-21,32668929,2007,112,0,0,0,0,0,0,0,0,2008,14,0,0,0,0,0,0,0,0
509,2017-04-21,09:04:29,417,cs1709,XDCE,2007,2005,2018,37072,745675920,786698,791380,2102,1902,2002,2010,0,2007,0,0,0,2017-04-21,32669417,2007,106,0,0,0,0,0,0,0,0,2008,23,0,0,0,0,0,0,0,0
510,2017-04-21,09:04:29,867,cs1709,XDCE,2007,2005,2018,37102,746278020,786704,791380,2102,1902,2002,2010,0,2007,0,0,0,2017-04-21,32669867,2007,106,0,0,0,0,0,0,0,0,2008,24,0,0,0,0,0,0,0,0
511,2017-04-21,09:04:30,427,cs1709,XDCE,2007,2005,2018,37110,746438580,786708,791380,2102,1902,2002,2010,0,2007,0,0,0,2017-04-21,32670427,2007,97,0,0,0,0,0,0,0,0,2008,32,0,0,0,0,0,0,0,0
512,2017-04-21,09:04:30,924,cs1709,XDCE,2007,2005,2018,37112,746478720,786710,791380,2102,1902,2002,2010,0,2007,0,0,0,2017-04-21,32670924,2007,92,0,0,0,0,0,0,0,0,2008,22,0,0,0,0,0,0,0,0
513,2017-04-21,09:04:31,423,cs1709,XDCE,2008,2005,2018,37124,746719680,786722,791380,2102,1902,2002,2010,0,2007,0,0,0,2017-04-21,32671423,2007,101,0,0,0,0,0,0,0,0,2008,16,0,0,0,0,0,0,0,0
514,2017-04-21,09:04:31,854,cs1709,XDCE,2008,2005,2018,37130,746840160,786722,791380,2102,1902,2002,2010,0,2007,0,0,0,2017-04-21,32671854,2007,101,0,0,0,0,0,0,0,0,2008,15,0,0,0,0,0,0,0,0
515,2017-04-21,09:04:32,353,cs1709,XDCE,2008,2005,2018,37134,746920480,786720,791380,2102,1902,2002,2010,0,2007,0,0,0,2017-04-21,32672353,2007,101,0,0,0,0,0,0,0,0,2008,24,0,0,0,0,0,0,0,0
516,2017-04-21,09:04:32,924,cs1709,XDCE,2008,2005,2018,37190,748044920,786714,791380,2102,1902,2002,2010,0,2007,0,0,0,2017-04-21,32672924,2008,124,0,0,0,0,0,0,0,0,2009,818,0,0,0,0,0,0,0,0
517,2017-04-21,09:04:33,370,cs1709,XDCE,2008,2005,2018,37192,748085080,786714,791380,2102,1902,2002,2010,0,2007,0,0,0,2017-04-21,32673370,2008,123,0,0,0,0,0,0,0,0,2009,809,0,0,0,0,0,0,0,0
518,2017-04-21,09:04:33,913,cs1709,XDCE,2008,2005,2018,37258,749410360,786654,791380,2102,1902,2002,2010,0,2007,0,0,0,2017-04-21,32673913,2008,221,0,0,0,0,0,0,0,0,2009,823,0,0,0,0,0,0,0,0
519,2017-04-21,09:04:34,429,cs1709,XDCE,2009,2005,2018,37264,749530900,786648,791380,2102,1902,2002,2010,0,2007,0,0,0,2017-04-21,32674429,2008,226,0,0,0,0,0,0,0,0,2009,819,0,0,0,0,0,0,0,0
520,2017-04-21,09:04:34,854,cs1709,XDCE,2008,2005,2018,37266,749571060,786648,791380,2102,1902,2002,2010,0,2007,0,0,0,2017-04-21,32674854,2008,225,0,0,0,0,0,0,0,0,2009,801,0,0,0,0,0,0,0,0
521,2017-04-21,09:04:35,379,cs1709,XDCE,2009,2005,2018,37274,749731780,786640,791380,2102,1902,2002,2010,0,2007,0,0,0,2017-04-21,32675379,2008,226,0,0,0,0,0,0,0,0,2009,794,0,0,0,0,0,0,0,0
522,2017-04-21,09:04:35,914,cs1709,XDCE,2008,2005,2018,37276,749771940,786638,791380,2102,1902,2002,2010,0,2007,0,0,0,2017-04-21,32675914,2008,233,0,0,0,0,0,0,0,0,2009,794,0,0,0,0,0,0,0,0
523,2017-04-21,09:04:36,423,cs1709,XDCE,2009,2005,2018,37422,752705080,786596,791380,2102,1902,2002,2010,0,2007,0,0,0,2017-04-21,32676423,2009,87,0,0,0,0,0,0,0,0,2010,226,0,0,0,0,0,0,0,0
524,2017-04-21,09:04:36,857,cs1709,XDCE,2009,2005,2018,37422,752705080,786596,791380,2102,1902,2002,2010,0,2007,0,0,0,2017-04-21,32676857,2009,112,0,0,0,0,0,0,0,0,2010,195,0,0,0,0,0,0,0,0
525,2017-04-21,09:04:37,432,cs1709,XDCE,2009,2005,2018,37434,752946160,786594,791380,2102,1902,2002,2010,0,2007,0,0,0,2017-04-21,32677432,2009,123,0,0,0,0,0,0,0,0,2010,195,0,0,0,0,0,0,0,0
526,2017-04-21,09:04:37,895,cs1709,XDCE,2010,2005,2018,37534,754955720,786594,791380,2102,1902,2002,2010,0,2007,0,0,0,2017-04-21,32677895,2009,101,0,0,0,0,0,0,0,0,2010,167,0,0,0,0,0,0,0,0
527,2017-04-21,09:04:38,417,cs1709,XDCE,2010,2005,2018,37534,754955720,786594,791380,2102,1902,2002,2010,0,2007,0,0,0,2017-04-21,32678417,2009,101,0,0,0,0,0,0,0,0,2010,168,0,0,0,0,0,0,0,0
528,2017-04-21,09:04:38,881,cs1709,XDCE,2010,2005,2018,37534,754955720,786594,791380,2102,1902,2002,2010,0,2007,0,0,0,2017-04-21,32678881,2009,98,0,0,0,0,0,0,0,0,2010,168,0,0,0,0,0,0,0,0
529,2017-04-21,09:04:39,397,cs1709,XDCE,2010,2005,2018,37550,755277320,786610,791380,2102,1902,2002,2010,0,2007,0,0,0,2017-04-21,32679397,2009,98,0,0,0,0,0,0,0,0,2010,165,0,0,0,0,0,0,0,0
530,2017-04-21,09:04:39,880,cs1709,XDCE,2009,2005,2018,37554,755357700,786608,791380,2102,1902,2002,2010,0,2007,0,0,0,2017-04-21,32679880,2009,97,0,0,0,0,0,0,0,0,2010,164,0,0,0,0,0,0,0,0
