,dataDate,dataTime,dataMillisec,instrumentID,exchangeCD,lastPrice,lowPrice,highPrice,volume,value,openInterest,preOpenInterest,upperLimitPrice,lowerLimitPrice,preSettlementPrice,prevClosePrice,settlementPrice,openPrice,closePrice,preDelta,currDelta,clearingDay,milliSecOffset,bidPrice1,bidVolume1,bidPrice2,bidVolume2,bidPrice3,bidVolume3,bidPrice4,bidVolume4,bidPrice5,bidVolume5,askPrice1,askVolume1,askPrice2,askVolume2,askPrice3,askVolume3,askPrice4,askVolume4,askPrice5,askVolume5
0,2017-04-21,00:00:00,0,IC1704,CCFX,6347.8,0.0,0.0,0,0,5141,5141,0.0,0.0,6337.8,6347.8,0.0,0.0,0.0,0,0,2017-04-21,0,0.0,0,0,0,0,0,0,0,0,0,0.0,0,0,0,0,0,0,0,0,0
1,2017-04-21,07:03:29,100,IC1704,CCFX,6347.8,0.0,0.0,0,0,5141,5141,7605.2,5070.4,6337.8,6347.8,0.0,0.0,0.0,0,0,2017-04-21,25409100,0.0,0,0,0,0,0,0,0,0,0,0.0,0,0,0,0,0,0,0,0,0
2,2017-04-21,09:29:00,100,IC1704,CCFX,6347.8,6347.8,6347.8,12,15234720,5129,5141,7605.2,5070.4,6337.8,6347.8,0.0,6347.8,0.0,0,0,2017-04-21,34140100,6341.0,3,0,0,0,0,0,0,0,0,6358.8,1,0,0,0,0,0,0,0,0
3,2017-04-21,09:30:00,100,IC1704,CCFX,6347.8,6347.8,6347.8,12,15234720,5129,5141,7605.2,5070.4,6337.8,6347.8,0.0,6347.8,0.0,0,0,2017-04-21,34200100,6341.6,1,0,0,0,0,0,0,0,0,6358.4,1,0,0,0,0,0,0,0,0
4,2017-04-21,09:30:00,600,IC1704,CCFX,6341.6,6341.6,6347.8,16,20308000,5126,5141,7605.2,5070.4,6337.8,6347.8,0.0,6347.8,0.0,0,0,2017-04-21,34200600,6350.2,1,0,0,0,0,0,0,0,0,6357.0,1,0,0,0,0,0,0,0,0
5,2017-04-21,09:30:01,100,IC1704,CCFX,6356.2,6341.6,6356.8,20,25392120,5122,5141,7605.2,5070.4,6337.8,6347.8,0.0,6347.8,0.0,0,0,2017-04-21,34201100,6350.4,1,0,0,0,0,0,0,0,0,6356.8,2,0,0,0,0,0,0,0,0
6,2017-04-21,09:30:01,600,IC1704,CCFX,6356.4,6341.6,6356.8,22,27934640,5120,5141,7605.2,5070.4,6337.8,6347.8,0.0,6347.8,0.0,0,0,2017-04-21,34201600,6351.0,1,0,0,0,0,0,0,0,0,6356.4,1,0,0,0,0,0,0,0,0
7,2017-04-21,09:30:02,100,IC1704,CCFX,6351.2,6341.6,6356.8,23,29204880,5119,5141,7605.2,5070.4,6337.8,6347.8,0.0,6347.8,0.0,0,0,2017-04-21,34202100,6351.0,1,0,0,0,0,0,0,0,0,6356.2,3,0,0,0,0,0,0,0,0
8,2017-04-21,09:30:02,600,IC1704,CCFX,6356.2,6341.6,6356.8,24,30476120,5119,5141,7605.2,5070.4,6337.8,6347.8,0.0,6347.8,0.0,0,0,2017-04-21,34202600,6351.0,1,0,0,0,0,0,0,0,0,6356.2,2,0,0,0,0,0,0,0,0
9,2017-04-21,09:30:03,100,IC1704,CCFX,6356.2,6341.6,6356.8,27,34289840,5116,5141,7605.2,5070.4,6337.8,6347.8,0.0,6347.8,0.0,0,0,2017-04-21,34203100,6356.2,2,0,0,0,0,0,0,0,0,6356.4,1,0,0,0,0,0,0,0,0
10,2017-04-21,09:30:03,600,IC1704,CCFX,6356.2,6341.6,6356.8,30,38103560,5114,5141,7605.2,5070.4,6337.8,6347.8,0.0,6347.8,0.0,0,0,2017-04-21,34203600,6350.2,1,0,0,0,0,0,0,0,0,6356.0,2,0,0,0,0,0,0,0,0
11,2017-04-21,09:30:04,100,IC1704,CCFX,6356.2,6341.6,6356.8,30,38103560,5114,5141,7605.2,5070.4,6337.8,6347.8,0.0,6347.8,0.0,0,0,2017-04-21,34204100,6350.6,1,0,0,0,0,0,0,0,0,6355.6,1,0,0,0,0,0,0,0,0
12,2017-04-21,09:30:04,600,IC1704,CCFX,6356.2,6341.6,6356.8,30,38103560,5114,5141,7605.2,5070.4,6337.8,6347.8,0.0,6347.8,0.0,0,0,2017-04-21,34204600,6351.0,1,0,0,0,0,0,0,0,0,6357.0,1,0,0,0,0,0,0,0,0
13,2017-04-21,09:30:05,100,IC1704,CCFX,6357.0,6341.6,6357.0,32,40646320,5113,5141,7605.2,5070.4,6337.8,6347.8,0.0,6347.8,0.0,0,0,2017-04-21,34205100,6357.0,3,0,0,0,0,0,0,0,0,6357.8,1,0,0,0,0,0,0,0,0
14,2017-04-21,09:30:05,600,IC1704,CCFX,6347.8,6341.6,6357.0,37,47000120,5109,5141,7605.2,5070.4,6337.8,6347.8,0.0,6347.8,0.0,0,0,2017-04-21,34205600,6355.6,5,0,0,0,0,0,0,0,0,6357.4,4,0,0,0,0,0,0,0,0
15,2017-04-21,09:30:06,100,IC1704,CCFX,6355.6,6341.6,6357.0,39,49542360,5108,5141,7605.2,5070.4,6337.8,6347.8,0.0,6347.8,0.0,0,0,2017-04-21,34206100,6355.6,3,0,0,0,0,0,0,0,0,6357.4,3,0,0,0,0,0,0,0,0
16,2017-04-21,09:30:06,600,IC1704,CCFX,6355.6,6341.6,6357.0,39,49542360,5108,5141,7605.2,5070.4,6337.8,6347.8,0.0,6347.8,0.0,0,0,2017-04-21,34206600,6355.6,3,0,0,0,0,0,0,0,0,6357.4,2,0,0,0,0,0,0,0,0
17,2017-04-21,09:30:07,100,IC1704,CCFX,6355.6,6341.6,6357.0,39,49542360,5108,5141,7605.2,5070.4,6337.8,6347.8,0.0,6347.8,0.0,0,0,2017-04-21,34207100,6355.6,3,0,0,0,0,0,0,0,0,6357.4,2,0,0,0,0,0,0,0,0
18,2017-04-21,09:30:07,600,IC1704,CCFX,6355.6,6341.6,6357.0,39,49542360,5108,5141,7605.2,5070.4,6337.8,6347.8,0.0,6347.8,0.0,0,0,2017-04-21,34207600,6355.8,1,0,0,0,0,0,0,0,0,6357.4,1,0,0,0,0,0,0,0,0
19,2017-04-21,09:30:08,100,IC1704,CCFX,6357.4,6341.6,6357.4,42,53356800,5105,5141,7605.2,5070.4,6337.8,6347.8,0.0,6347.8,0.0,0,0,2017-04-21,34208100,6355.8,1,0,0,0,0,0,0,0,0,6358.8,1,0,0,0,0,0,0,0,0
20,2017-04-21,09:30:08,600,IC1704,CCFX,6357.4,6341.6,6357.4,42,53356800,5105,5141,7605.2,5070.4,6337.8,6347.8,0.0,6347.8,0.0,0,0,2017-04-21,34208600,6356.0,1,0,0,0,0,0,0,0,0,6358.8,1,0,0,0,0,0,0,0,0
21,2017-04-21,09:30:09,100,IC1704,CCFX,6357.4,6341.6,6357.4,42,53356800,5105,5141,7605.2,5070.4,6337.8,6347.8,0.0,6347.8,0.0,0,0,2017-04-21,34209100,6356.2,1,0,0,0,0,0,0,0,0,6358.4,1,0,0,0,0,0,0,0,0
22,2017-04-21,09:30:09,600,IC1704,CCFX,6357.4,6341.6,6357.4,42,53356800,5105,5141,7605.2,5070.4,6337.8,6347.8,0.0,6347.8,0.0,0,0,2017-04-21,34209600,6356.2,1,0,0,0,0,0,0,0,0,6358.4,1,0,0,0,0,0,0,0,0
23,2017-04-21,09:30:10,100,IC1704,CCFX,6357.4,6341.6,6357.4,42,53356800,5105,5141,7605.2,5070.4,6337.8,6347.8,0.0,6347.8,0.0,0,0,2017-04-21,34210100,6356.2,1,0,0,0,0,0,0,0,0,6358.0,1,0,0,0,0,0,0,0,0
24,2017-04-21,09:30:10,600,IC1704,CCFX,6357.4,6341.6,6357.4,42,53356800,5105,5141,7605.2,5070.4,6337.8,6347.8,0.0,6347.8,0.0,0,0,2017-04-21,34210600,6356.2,1,0,0,0,0,0,0,0,0,6358.0,1,0,0,0,0,0,0,0,0
25,2017-04-21,09:30:11,100,IC1704,CCFX,6357.4,6341.6,6357.4,42,53356800,5105,5141,7605.2,5070.4,6337.8,6347.8,0.0,6347.8,0.0,0,0,2017-04-21,34211100,6356.2,1,0,0,0,0,0,0,0,0,6358.8,1,0,0,0,0,0,0,0,0
26,2017-04-21,09:30:11,600,IC1704,CCFX,6357.4,6341.6,6357.4,42,53356800,5105,5141,7605.2,5070.4,6337.8,6347.8,0.0,6347.8,0.0,0,0,2017-04-21,34211600,6356.4,1,0,0,0,0,0,0,0,0,6358.8,1,0,0,0,0,0,0,0,0
27,2017-04-21,09:30:12,100,IC1704,CCFX,6357.4,6341.6,6357.4,42,53356800,5105,5141,7605.2,5070.4,6337.8,6347.8,0.0,6347.8,0.0,0,0,2017-04-21,34212100,6358.0,5,0,0,0,0,0,0,0,0,6358.8,1,0,0,0,0,0,0,0,0
28,2017-04-21,09:30:12,600,IC1704,CCFX,6357.4,6341.6,6357.4,42,53356800,5105,5141,7605.2,5070.4,6337.8,6347.8,0.0,6347.8,0.0,0,0,2017-04-21,34212600,6358.2,1,0,0,0,0,0,0,0,0,6358.4,1,0,0,0,0,0,0,0,0
29,2017-04-21,09:30:13,100,IC1704,CCFX,6357.4,6341.6,6357.4,42,53356800,5105,5141,7605.2,5070.4,6337.8,6347.8,0.0,6347.8,0.0,0,0,2017-04-21,34213100,6358.2,1,0,0,0,0,0,0,0,0,6358.4,1,0,0,0,0,0,0,0,0
30,2017-04-21,09:30:13,600,IC1704,CCFX,6357.4,6341.6,6357.4,42,53356800,5105,5141,7605.2,5070.4,6337.8,6347.8,0.0,6347.8,0.0,0,0,2017-04-21,34213600,6358.2,1,0,0,0,0,0,0,0,0,6358.4,1,0,0,0,0,0,0,0,0
31,2017-04-21,09:30:15,100,IC1704,CCFX,6358.0,6341.6,6358.2,46,58443240,5101,5141,7605.2,5070.4,6337.8,6347.8,0.0,6347.8,0.0,0,0,2017-04-21,34215100,6358.0,2,0,0,0,0,0,0,0,0,6358.4,1,0,0,0,0,0,0,0,0
32,2017-04-21,09:30:15,600,IC1704,CCFX,6358.0,6341.6,6358.2,48,60986440,5099,5141,7605.2,5070.4,6337.8,6347.8,0.0,6347.8,0.0,0,0,2017-04-21,34215600,6358.4,1,0,0,0,0,0,0,0,0,6358.8,1,0,0,0,0,0,0,0,0
33,2017-04-21,09:30:16,100,IC1704,CCFX,6358.0,6341.6,6358.2,49,62258040,5098,5141,7605.2,5070.4,6337.8,6347.8,0.0,6347.8,0.0,0,0,2017-04-21,34216100,6355.6,3,0,0,0,0,0,0,0,0,6358.8,1,0,0,0,0,0,0,0,0
34,2017-04-21,09:30:16,600,IC1704,CCFX,6355.8,6341.6,6358.2,50,63529200,5097,5141,7605.2,5070.4,6337.8,6347.8,0.0,6347.8,0.0,0,0,2017-04-21,34216600,6355.6,3,0,0,0,0,0,0,0,0,6358.6,2,0,0,0,0,0,0,0,0
35,2017-04-21,09:30:17,100,IC1704,CCFX,6355.6,6341.6,6358.2,51,64800320,5096,5141,7605.2,5070.4,6337.8,6347.8,0.0,6347.8,0.0,0,0,2017-04-21,34217100,6355.6,2,0,0,0,0,0,0,0,0,6358.6,2,0,0,0,0,0,0,0,0
36,2017-04-21,09:30:17,600,IC1704,CCFX,6355.6,6341.6,6358.2,51,64800320,5096,5141,7605.2,5070.4,6337.8,6347.8,0.0,6347.8,0.0,0,0,2017-04-21,34217600,6355.8,1,0,0,0,0,0,0,0,0,6358.4,1,0,0,0,0,0,0,0,0
37,2017-04-21,09:30:18,100,IC1704,CCFX,6355.6,6341.6,6358.2,51,64800320,5096,5141,7605.2,5070.4,6337.8,6347.8,0.0,6347.8,0.0,0,0,2017-04-21,34218100,6355.8,1,0,0,0,0,0,0,0,0,6357.6,1,0,0,0,0,0,0,0,0
38,2017-04-21,09:30:18,600,IC1704,CCFX,6358.4,6341.6,6358.4,54,68615000,5093,5141,7605.2,5070.4,6337.8,6347.8,0.0,6347.8,0.0,0,0,2017-04-21,34218600,6355.6,2,0,0,0,0,0,0,0,0,6358.6,1,0,0,0,0,0,0,0,0
39,2017-04-21,09:30:19,100,IC1704,CCFX,6358.4,6341.6,6358.4,54,68615000,5093,5141,7605.2,5070.4,6337.8,6347.8,0.0,6347.8,0.0,0,0,2017-04-21,34219100,6355.6,2,0,0,0,0,0,0,0,0,6358.4,2,0,0,0,0,0,0,0,0
40,2017-04-21,09:30:19,600,IC1704,CCFX,6358.4,6341.6,6358.4,54,68615000,5093,5141,7605.2,5070.4,6337.8,6347.8,0.0,6347.8,0.0,0,0,2017-04-21,34219600,6355.6,2,0,0,0,0,0,0,0,0,6358.2,2,0,0,0,0,0,0,0,0
41,2017-04-21,09:30:21,600,IC1704,CCFX,6355.6,6341.6,6358.4,55,69886120,5092,5141,7605.2,5070.4,6337.8,6347.8,0.0,6347.8,0.0,0,0,2017-04-21,34221600,6355.6,1,0,0,0,0,0,0,0,0,6358.0,1,0,0,0,0,0,0,0,0
42,2017-04-21,09:30:22,100,IC1704,CCFX,6355.6,6341.6,6358.4,55,69886120,5092,5141,7605.2,5070.4,6337.8,6347.8,0.0,6347.8,0.0,0,0,2017-04-21,34222100,6355.6,1,0,0,0,0,0,0,0,0,6357.8,2,0,0,0,0,0,0,0,0
43,2017-04-21,09:30:22,600,IC1704,CCFX,6355.6,6341.6,6358.4,56,71157240,5091,5141,7605.2,5070.4,6337.8,6347.8,0.0,6347.8,0.0,0,0,2017-04-21,34222600,6349.2,1,0,0,0,0,0,0,0,0,6357.8,2,0,0,0,0,0,0,0,0
44,2017-04-21,09:30:23,100,IC1704,CCFX,6355.6,6341.6,6358.4,56,71157240,5091,5141,7605.2,5070.4,6337.8,6347.8,0.0,6347.8,0.0,0,0,2017-04-21,34223100,6350.8,1,0,0,0,0,0,0,0,0,6357.0,1,0,0,0,0,0,0,0,0
45,2017-04-21,09:30:23,600,IC1704,CCFX,6351.0,6341.6,6358.4,57,72427440,5090,5141,7605.2,5070.4,6337.8,6347.8,0.0,6347.8,0.0,0,0,2017-04-21,34223600,6351.0,1,0,0,0,0,0,0,0,0,6356.8,2,0,0,0,0,0,0,0,0
46,2017-04-21,09:30:24,100,IC1704,CCFX,6351.0,6341.6,6358.4,57,72427440,5090,5141,7605.2,5070.4,6337.8,6347.8,0.0,6347.8,0.0,0,0,2017-04-21,34224100,6355.6,6,0,0,0,0,0,0,0,0,6356.2,1,0,0,0,0,0,0,0,0
47,2017-04-21,09:30:24,600,IC1704,CCFX,6351.0,6341.6,6358.4,57,72427440,5090,5141,7605.2,5070.4,6337.8,6347.8,0.0,6347.8,0.0,0,0,2017-04-21,34224600,6355.6,6,0,0,0,0,0,0,0,0,6356.0,1,0,0,0,0,0,0,0,0
48,2017-04-21,09:30:25,100,IC1704,CCFX,6351.0,6341.6,6358.4,57,72427440,5090,5141,7605.2,5070.4,6337.8,6347.8,0.0,6347.8,0.0,0,0,2017-04-21,34225100,6355.6,6,0,0,0,0,0,0,0,0,6356.0,1,0,0,0,0,0,0,0,0
49,2017-04-21,09:30:25,600,IC1704,CCFX,6351.0,6341.6,6358.4,57,72427440,5090,5141,7605.2,5070.4,6337.8,6347.8,0.0,6347.8,0.0,0,0,2017-04-21,34225600,6355.6,6,0,0,0,0,0,0,0,0,6356.0,1,0,0,0,0,0,0,0,0
50,2017-04-21,09:30:26,600,IC1704,CCFX,6351.0,6341.6,6358.4,57,72427440,5090,5141,7605.2,5070.4,6337.8,6347.8,0.0,6347.8,0.0,0,0,2017-04-21,34226600,6355.6,6,0,0,0,0,0,0,0,0,6356.0,1,0,0,0,0,0,0,0,0
51,2017-04-21,09:30:27,600,IC1704,CCFX,6355.6,6341.6,6358.4,59,74969680,5088,5141,7605.2,5070.4,6337.8,6347.8,0.0,6347.8,0.0,0,0,2017-04-21,34227600,6355.6,4,0,0,0,0,0,0,0,0,6356.0,1,0,0,0,0,0,0,0,0
52,2017-04-21,09:30:28,100,IC1704,CCFX,6355.6,6341.6,6358.4,59,74969680,5088,5141,7605.2,5070.4,6337.8,6347.8,0.0,6347.8,0.0,0,0,2017-04-21,34228100,6355.6,4,0,0,0,0,0,0,0,0,6356.0,1,0,0,0,0,0,0,0,0
53,2017-04-21,09:30:28,600,IC1704,CCFX,6355.6,6341.6,6358.4,62,78783040,5085,5141,7605.2,5070.4,6337.8,6347.8,0.0,6347.8,0.0,0,0,2017-04-21,34228600,6355.6,1,0,0,0,0,0,0,0,0,6355.8,1,0,0,0,0,0,0,0,0
54,2017-04-21,09:30:29,100,IC1704,CCFX,6355.6,6341.6,6358.4,63,80054160,5084,5141,7605.2,5070.4,6337.8,6347.8,0.0,6347.8,0.0,0,0,2017-04-21,34229100,6351.2,4,0,0,0,0,0,0,0,0,6355.8,1,0,0,0,0,0,0,0,0
55,2017-04-21,09:30:29,600,IC1704,CCFX,6355.6,6341.6,6358.4,63,80054160,5084,5141,7605.2,5070.4,6337.8,6347.8,0.0,6347.8,0.0,0,0,2017-04-21,34229600,6351.6,1,0,0,0,0,0,0,0,0,6355.4,1,0,0,0,0,0,0,0,0
56,2017-04-21,09:30:30,100,IC1704,CCFX,6355.6,6341.6,6358.4,63,80054160,5084,5141,7605.2,5070.4,6337.8,6347.8,0.0,6347.8,0.0,0,0,2017-04-21,34230100,6352.0,1,0,0,0,0,0,0,0,0,6355.4,1,0,0,0,0,0,0,0,0
57,2017-04-21,09:30:30,600,IC1704,CCFX,6355.6,6341.6,6358.4,63,80054160,5084,5141,7605.2,5070.4,6337.8,6347.8,0.0,6347.8,0.0,0,0,2017-04-21,34230600,6352.2,3,0,0,0,0,0,0,0,0,6355.4,1,0,0,0,0,0,0,0,0
58,2017-04-21,09:30:31,100,IC1704,CCFX,6355.6,6341.6,6358.4,63,80054160,5084,5141,7605.2,5070.4,6337.8,6347.8,0.0,6347.8,0.0,0,0,2017-04-21,34231100,6352.4,1,0,0,0,0,0,0,0,0,6355.4,1,0,0,0,0,0,0,0,0
59,2017-04-21,09:30:31,600,IC1704,CCFX,6355.6,6341.6,6358.4,65,82596360,5082,5141,7605.2,5070.4,6337.8,6347.8,0.0,6347.8,0.0,0,0,2017-04-21,34231600,6352.6,4,0,0,0,0,0,0,0,0,6355.8,1,0,0,0,0,0,0,0,0
60,2017-04-21,09:30:32,100,IC1704,CCFX,6355.6,6341.6,6358.4,65,82596360,5082,5141,7605.2,5070.4,6337.8,6347.8,0.0,6347.8,0.0,0,0,2017-04-21,34232100,6352.8,6,0,0,0,0,0,0,0,0,6355.8,1,0,0,0,0,0,0,0,0
61,2017-04-21,09:30:32,600,IC1704,CCFX,6355.6,6341.6,6358.4,65,82596360,5082,5141,7605.2,5070.4,6337.8,6347.8,0.0,6347.8,0.0,0,0,2017-04-21,34232600,6353.2,2,0,0,0,0,0,0,0,0,6355.6,1,0,0,0,0,0,0,0,0
62,2017-04-21,09:30:33,100,IC1704,CCFX,6355.6,6341.6,6358.4,65,82596360,5082,5141,7605.2,5070.4,6337.8,6347.8,0.0,6347.8,0.0,0,0,2017-04-21,34233100,6353.6,1,0,0,0,0,0,0,0,0,6355.6,1,0,0,0,0,0,0,0,0
63,2017-04-21,09:30:33,600,IC1704,CCFX,6355.6,6341.6,6358.4,66,83867480,5081,5141,7605.2,5070.4,6337.8,6347.8,0.0,6347.8,0.0,0,0,2017-04-21,34233600,6353.8,2,0,0,0,0,0,0,0,0,6355.8,2,0,0,0,0,0,0,0,0
64,2017-04-21,09:30:34,100,IC1704,CCFX,6355.8,6341.6,6358.4,69,87680920,5078,5141,7605.2,5070.4,6337.8,6347.8,0.0,6347.8,0.0,0,0,2017-04-21,34234100,6355.8,3,0,0,0,0,0,0,0,0,6356.4,1,0,0,0,0,0,0,0,0
65,2017-04-21,09:30:34,600,IC1704,CCFX,6355.8,6341.6,6358.4,69,87680920,5078,5141,7605.2,5070.4,6337.8,6347.8,0.0,6347.8,0.0,0,0,2017-04-21,34234600,6355.8,3,0,0,0,0,0,0,0,0,6356.4,1,0,0,0,0,0,0,0,0
66,2017-04-21,09:30:35,100,IC1704,CCFX,6355.8,6341.6,6358.4,69,87680920,5078,5141,7605.2,5070.4,6337.8,6347.8,0.0,6347.8,0.0,0,0,2017-04-21,34235100,6356.0,1,0,0,0,0,0,0,0,0,6356.4,1,0,0,0,0,0,0,0,0
67,2017-04-21,09:30:35,600,IC1704,CCFX,6355.8,6341.6,6358.4,74,94036880,5073,5141,7605.2,5070.4,6337.8,6347.8,0.0,6347.8,0.0,0,0,2017-04-21,34235600,6354.0,1,0,0,0,0,0,0,0,0,6357.2,1,0,0,0,0,0,0,0,0
68,2017-04-21,09:30:36,100,IC1704,CCFX,6355.8,6341.6,6358.4,74,94036880,5073,5141,7605.2,5070.4,6337.8,6347.8,0.0,6347.8,0.0,0,0,2017-04-21,34236100,6356.4,1,0,0,0,0,0,0,0,0,6358.8,2,0,0,0,0,0,0,0,0
69,2017-04-21,09:30:36,600,IC1704,CCFX,6356.4,6341.6,6358.4,76,96579440,5071,5141,7605.2,5070.4,6337.8,6347.8,0.0,6347.8,0.0,0,0,2017-04-21,34236600,6354.2,1,0,0,0,0,0,0,0,0,6358.8,2,0,0,0,0,0,0,0,0
70,2017-04-21,09:30:37,100,IC1704,CCFX,6356.4,6341.6,6358.4,76,96579440,5071,5141,7605.2,5070.4,6337.8,6347.8,0.0,6347.8,0.0,0,0,2017-04-21,34237100,6354.4,2,0,0,0,0,0,0,0,0,6358.4,1,0,0,0,0,0,0,0,0
71,2017-04-21,09:30:37,600,IC1704,CCFX,6354.6,6341.6,6358.4,77,97850360,5070,5141,7605.2,5070.4,6337.8,6347.8,0.0,6347.8,0.0,0,0,2017-04-21,34237600,6354.0,1,0,0,0,0,0,0,0,0,6354.4,4,0,0,0,0,0,0,0,0
72,2017-04-21,09:30:38,100,IC1704,CCFX,6354.4,6341.6,6358.4,81,102933880,5067,5141,7605.2,5070.4,6337.8,6347.8,0.0,6347.8,0.0,0,0,2017-04-21,34238100,6354.8,1,0,0,0,0,0,0,0,0,6358.6,1,0,0,0,0,0,0,0,0
73,2017-04-21,09:30:38,600,IC1704,CCFX,6358.2,6341.6,6358.4,82,104205520,5067,5141,7605.2,5070.4,6337.8,6347.8,0.0,6347.8,0.0,0,0,2017-04-21,34238600,6355.0,2,0,0,0,0,0,0,0,0,6358.8,2,0,0,0,0,0,0,0,0
74,2017-04-21,09:30:39,100,IC1704,CCFX,6358.8,6341.6,6358.8,84,106748320,5066,5141,7605.2,5070.4,6337.8,6347.8,0.0,6347.8,0.0,0,0,2017-04-21,34239100,6355.0,2,0,0,0,0,0,0,0,0,6358.8,1,0,0,0,0,0,0,0,0
75,2017-04-21,09:30:39,600,IC1704,CCFX,6358.8,6341.6,6358.8,84,106748320,5066,5141,7605.2,5070.4,6337.8,6347.8,0.0,6347.8,0.0,0,0,2017-04-21,34239600,6355.2,1,0,0,0,0,0,0,0,0,6358.0,1,0,0,0,0,0,0,0,0
76,2017-04-21,09:30:40,100,IC1704,CCFX,6355.4,6341.6,6358.8,85,108019400,5065,5141,7605.2,5070.4,6337.8,6347.8,0.0,6347.8,0.0,0,0,2017-04-21,34240100,6355.2,1,0,0,0,0,0,0,0,0,6357.8,1,0,0,0,0,0,0,0,0
77,2017-04-21,09:30:40,600,IC1704,CCFX,6355.2,6341.6,6358.8,86,109290440,5064,5141,7605.2,5070.4,6337.8,6347.8,0.0,6347.8,0.0,0,0,2017-04-21,34240600,6352.6,1,0,0,0,0,0,0,0,0,6357.6,1,0,0,0,0,0,0,0,0
78,2017-04-21,09:30:41,100,IC1704,CCFX,6357.2,6341.6,6358.8,88,111832480,5062,5141,7605.2,5070.4,6337.8,6347.8,0.0,6347.8,0.0,0,0,2017-04-21,34241100,6353.0,2,0,0,0,0,0,0,0,0,6357.2,2,0,0,0,0,0,0,0,0
79,2017-04-21,09:30:41,600,IC1704,CCFX,6357.2,6341.6,6358.8,90,114375360,5060,5141,7605.2,5070.4,6337.8,6347.8,0.0,6347.8,0.0,0,0,2017-04-21,34241600,6353.2,3,0,0,0,0,0,0,0,0,6357.6,1,0,0,0,0,0,0,0,0
80,2017-04-21,09:30:42,100,IC1704,CCFX,6357.2,6341.6,6358.8,90,114375360,5060,5141,7605.2,5070.4,6337.8,6347.8,0.0,6347.8,0.0,0,0,2017-04-21,34242100,6353.6,2,0,0,0,0,0,0,0,0,6358.0,1,0,0,0,0,0,0,0,0
81,2017-04-21,09:30:42,600,IC1704,CCFX,6357.2,6341.6,6358.8,90,114375360,5060,5141,7605.2,5070.4,6337.8,6347.8,0.0,6347.8,0.0,0,0,2017-04-21,34242600,6353.8,7,0,0,0,0,0,0,0,0,6358.0,1,0,0,0,0,0,0,0,0
82,2017-04-21,09:30:43,100,IC1704,CCFX,6357.2,6341.6,6358.8,90,114375360,5060,5141,7605.2,5070.4,6337.8,6347.8,0.0,6347.8,0.0,0,0,2017-04-21,34243100,6354.2,1,0,0,0,0,0,0,0,0,6357.8,1,0,0,0,0,0,0,0,0
83,2017-04-21,09:30:43,600,IC1704,CCFX,6357.2,6341.6,6358.8,90,114375360,5060,5141,7605.2,5070.4,6337.8,6347.8,0.0,6347.8,0.0,0,0,2017-04-21,34243600,6355.0,1,0,0,0,0,0,0,0,0,6357.8,1,0,0,0,0,0,0,0,0
84,2017-04-21,09:30:44,100,IC1704,CCFX,6357.2,6341.6,6358.8,90,114375360,5060,5141,7605.2,5070.4,6337.8,6347.8,0.0,6347.8,0.0,0,0,2017-04-21,34244100,6355.2,1,0,0,0,0,0,0,0,0,6357.8,1,0,0,0,0,0,0,0,0
85,2017-04-21,09:30:44,600,IC1704,CCFX,6357.2,6341.6,6358.8,90,114375360,5060,5141,7605.2,5070.4,6337.8,6347.8,0.0,6347.8,0.0,0,0,2017-04-21,34244600,6355.6,2,0,0,0,0,0,0,0,0,6357.8,1,0,0,0,0,0,0,0,0
86,2017-04-21,09:30:45,100,IC1704,CCFX,6357.2,6341.6,6358.8,90,114375360,5060,5141,7605.2,5070.4,6337.8,6347.8,0.0,6347.8,0.0,0,0,2017-04-21,34245100,6355.8,1,0,0,0,0,0,0,0,0,6357.8,1,0,0,0,0,0,0,0,0
87,2017-04-21,09:30:45,600,IC1704,CCFX,6357.2,6341.6,6358.8,90,114375360,5060,5141,7605.2,5070.4,6337.8,6347.8,0.0,6347.8,0.0,0,0,2017-04-21,34245600,6355.8,1,0,0,0,0,0,0,0,0,6358.0,1,0,0,0,0,0,0,0,0
88,2017-04-21,09:30:46,100,IC1704,CCFX,6357.2,6341.6,6358.8,90,114375360,5060,5141,7605.2,5070.4,6337.8,6347.8,0.0,6347.8,0.0,0,0,2017-04-21,34246100,6355.8,1,0,0,0,0,0,0,0,0,6357.2,6,0,0,0,0,0,0,0,0
89,2017-04-21,09:30:46,600,IC1704,CCFX,6357.2,6341.6,6358.8,90,114375360,5060,5141,7605.2,5070.4,6337.8,6347.8,0.0,6347.8,0.0,0,0,2017-04-21,34246600,6355.8,1,0,0,0,0,0,0,0,0,6357.2,6,0,0,0,0,0,0,0,0
90,2017-04-21,09:30:47,100,IC1704,CCFX,6355.8,6341.6,6358.8,91,115646520,5059,5141,7605.2,5070.4,6337.8,6347.8,0.0,6347.8,0.0,0,0,2017-04-21,34247100,6355.0,1,0,0,0,0,0,0,0,0,6357.2,6,0,0,0,0,0,0,0,0
91,2017-04-21,09:30:47,600,IC1704,CCFX,6355.8,6341.6,6358.8,91,115646520,5059,5141,7605.2,5070.4,6337.8,6347.8,0.0,6347.8,0.0,0,0,2017-04-21,34247600,6355.4,1,0,0,0,0,0,0,0,0,6357.0,1,0,0,0,0,0,0,0,0
92,2017-04-21,09:30:48,100,IC1704,CCFX,6355.8,6341.6,6358.8,91,115646520,5059,5141,7605.2,5070.4,6337.8,6347.8,0.0,6347.8,0.0,0,0,2017-04-21,34248100,6355.4,1,0,0,0,0,0,0,0,0,6357.2,6,0,0,0,0,0,0,0,0
93,2017-04-21,09:30:48,600,IC1704,CCFX,6355.8,6341.6,6358.8,91,115646520,5059,5141,7605.2,5070.4,6337.8,6347.8,0.0,6347.8,0.0,0,0,2017-04-21,34248600,6355.4,1,0,0,0,0,0,0,0,0,6357.2,6,0,0,0,0,0,0,0,0
94,2017-04-21,09:30:49,100,IC1704,CCFX,6355.8,6341.6,6358.8,91,115646520,5059,5141,7605.2,5070.4,6337.8,6347.8,0.0,6347.8,0.0,0,0,2017-04-21,34249100,6355.4,1,0,0,0,0,0,0,0,0,6357.2,6,0,0,0,0,0,0,0,0
95,2017-04-21,09:30:50,100,IC1704,CCFX,6355.4,6341.6,6358.8,92,116917600,5058,5141,7605.2,5070.4,6337.8,6347.8,0.0,6347.8,0.0,0,0,2017-04-21,34250100,6355.0,1,0,0,0,0,0,0,0,0,6357.0,1,0,0,0,0,0,0,0,0
96,2017-04-21,09:30:50,600,IC1704,CCFX,6355.4,6341.6,6358.8,92,116917600,5058,5141,7605.2,5070.4,6337.8,6347.8,0.0,6347.8,0.0,0,0,2017-04-21,34250600,6355.0,1,0,0,0,0,0,0,0,0,6357.0,1,0,0,0,0,0,0,0,0
97,2017-04-21,09:30:51,100,IC1704,CCFX,6355.4,6341.6,6358.8,92,116917600,5058,5141,7605.2,5070.4,6337.8,6347.8,0.0,6347.8,0.0,0,0,2017-04-21,34251100,6355.0,1,0,0,0,0,0,0,0,0,6356.6,1,0,0,0,0,0,0,0,0
98,2017-04-21,09:30:51,600,IC1704,CCFX,6355.4,6341.6,6358.8,92,116917600,5058,5141,7605.2,5070.4,6337.8,6347.8,0.0,6347.8,0.0,0,0,2017-04-21,34251600,6355.0,1,0,0,0,0,0,0,0,0,6355.6,1,0,0,0,0,0,0,0,0
99,2017-04-21,09:30:52,100,IC1704,CCFX,6355.4,6341.6,6358.8,92,116917600,5058,5141,7605.2,5070.4,6337.8,6347.8,0.0,6347.8,0.0,0,0,2017-04-21,34252100,6355.4,1,0,0,0,0,0,0,0,0,6355.6,1,0,0,0,0,0,0,0,0
100,2017-04-21,09:30:52,600,IC1704,CCFX,6355.4,6341.6,6358.8,93,118188680,5057,5141,7605.2,5070.4,6337.8,6347.8,0.0,6347.8,0.0,0,0,2017-04-21,34252600,6355.0,1,0,0,0,0,0,0,0,0,6355.6,1,0,0,0,0,0,0,0,0
101,2017-04-21,09:30:53,100,IC1704,CCFX,6355.0,6341.6,6358.8,94,119459680,5056,5141,7605.2,5070.4,6337.8,6347.8,0.0,6347.8,0.0,0,0,2017-04-21,34253100,6354.4,1,0,0,0,0,0,0,0,0,6355.6,1,0,0,0,0,0,0,0,0
102,2017-04-21,09:30:53,600,IC1704,CCFX,6355.0,6341.6,6358.8,94,119459680,5056,5141,7605.2,5070.4,6337.8,6347.8,0.0,6347.8,0.0,0,0,2017-04-21,34253600,6354.4,1,0,0,0,0,0,0,0,0,6355.6,1,0,0,0,0,0,0,0,0
103,2017-04-21,09:30:54,100,IC1704,CCFX,6355.0,6341.6,6358.8,94,119459680,5056,5141,7605.2,5070.4,6337.8,6347.8,0.0,6347.8,0.0,0,0,2017-04-21,34254100,6352.6,1,0,0,0,0,0,0,0,0,6355.6,1,0,0,0,0,0,0,0,0
104,2017-04-21,09:30:54,600,IC1704,CCFX,6355.0,6341.6,6358.8,94,119459680,5056,5141,7605.2,5070.4,6337.8,6347.8,0.0,6347.8,0.0,0,0,2017-04-21,34254600,6353.0,1,0,0,0,0,0,0,0,0,6355.4,3,0,0,0,0,0,0,0,0
105,2017-04-21,09:30:55,100,IC1704,CCFX,6355.2,6341.6,6358.8,95,120730720,5055,5141,7605.2,5070.4,6337.8,6347.8,0.0,6347.8,0.0,0,0,2017-04-21,34255100,6353.2,3,0,0,0,0,0,0,0,0,6355.4,1,0,0,0,0,0,0,0,0
106,2017-04-21,09:30:55,600,IC1704,CCFX,6355.2,6341.6,6358.8,95,120730720,5055,5141,7605.2,5070.4,6337.8,6347.8,0.0,6347.8,0.0,0,0,2017-04-21,34255600,6353.2,3,0,0,0,0,0,0,0,0,6355.2,1,0,0,0,0,0,0,0,0
107,2017-04-21,09:30:56,100,IC1704,CCFX,6355.2,6341.6,6358.8,96,122001760,5054,5141,7605.2,5070.4,6337.8,6347.8,0.0,6347.8,0.0,0,0,2017-04-21,34256100,6353.6,1,0,0,0,0,0,0,0,0,6355.4,1,0,0,0,0,0,0,0,0
108,2017-04-21,09:30:56,600,IC1704,CCFX,6355.2,6341.6,6358.8,96,122001760,5054,5141,7605.2,5070.4,6337.8,6347.8,0.0,6347.8,0.0,0,0,2017-04-21,34256600,6353.8,1,0,0,0,0,0,0,0,0,6355.6,1,0,0,0,0,0,0,0,0
109,2017-04-21,09:30:57,100,IC1704,CCFX,6353.6,6341.6,6358.8,99,125813960,5051,5141,7605.2,5070.4,6337.8,6347.8,0.0,6347.8,0.0,0,0,2017-04-21,34257100,6353.2,4,0,0,0,0,0,0,0,0,6353.6,3,0,0,0,0,0,0,0,0
110,2017-04-21,09:30:57,600,IC1704,CCFX,6356.6,6341.6,6358.8,104,132168560,5046,5141,7605.2,5070.4,6337.8,6347.8,0.0,6347.8,0.0,0,0,2017-04-21,34257600,6353.2,4,0,0,0,0,0,0,0,0,6357.0,1,0,0,0,0,0,0,0,0
111,2017-04-21,09:30:58,100,IC1704,CCFX,6356.6,6341.6,6358.8,104,132168560,5046,5141,7605.2,5070.4,6337.8,6347.8,0.0,6347.8,0.0,0,0,2017-04-21,34258100,6353.4,1,0,0,0,0,0,0,0,0,6356.8,1,0,0,0,0,0,0,0,0
112,2017-04-21,09:30:58,600,IC1704,CCFX,6356.6,6341.6,6358.8,104,132168560,5046,5141,7605.2,5070.4,6337.8,6347.8,0.0,6347.8,0.0,0,0,2017-04-21,34258600,6353.4,1,0,0,0,0,0,0,0,0,6357.0,1,0,0,0,0,0,0,0,0
113,2017-04-21,09:30:59,100,IC1704,CCFX,6353.4,6341.6,6358.8,105,133439240,5045,5141,7605.2,5070.4,6337.8,6347.8,0.0,6347.8,0.0,0,0,2017-04-21,34259100,6353.2,3,0,0,0,0,0,0,0,0,6356.6,1,0,0,0,0,0,0,0,0
114,2017-04-21,09:30:59,600,IC1704,CCFX,6353.4,6341.6,6358.8,105,133439240,5045,5141,7605.2,5070.4,6337.8,6347.8,0.0,6347.8,0.0,0,0,2017-04-21,34259600,6353.2,3,0,0,0,0,0,0,0,0,6356.4,1,0,0,0,0,0,0,0,0
115,2017-04-21,09:31:00,100,IC1704,CCFX,6353.4,6341.6,6358.8,105,133439240,5045,5141,7605.2,5070.4,6337.8,6347.8,0.0,6347.8,0.0,0,0,2017-04-21,34260100,6353.2,3,0,0,0,0,0,0,0,0,6356.4,1,0,0,0,0,0,0,0,0
116,2017-04-21,09:31:00,600,IC1704,CCFX,6353.4,6341.6,6358.8,105,133439240,5045,5141,7605.2,5070.4,6337.8,6347.8,0.0,6347.8,0.0,0,0,2017-04-21,34260600,6353.2,3,0,0,0,0,0,0,0,0,6356.2,2,0,0,0,0,0,0,0,0
117,2017-04-21,09:31:01,100,IC1704,CCFX,6353.4,6341.6,6358.8,105,133439240,5045,5141,7605.2,5070.4,6337.8,6347.8,0.0,6347.8,0.0,0,0,2017-04-21,34261100,6353.2,3,0,0,0,0,0,0,0,0,6356.0,3,0,0,0,0,0,0,0,0
118,2017-04-21,09:31:01,600,IC1704,CCFX,6355.8,6341.6,6358.8,106,134710400,5044,5141,7605.2,5070.4,6337.8,6347.8,0.0,6347.8,0.0,0,0,2017-04-21,34261600,6353.4,1,0,0,0,0,0,0,0,0,6355.8,1,0,0,0,0,0,0,0,0
119,2017-04-21,09:31:02,100,IC1704,CCFX,6353.4,6341.6,6358.8,107,135981080,5043,5141,7605.2,5070.4,6337.8,6347.8,0.0,6347.8,0.0,0,0,2017-04-21,34262100,6353.2,3,0,0,0,0,0,0,0,0,6355.6,3,0,0,0,0,0,0,0,0
120,2017-04-21,09:31:02,600,IC1704,CCFX,6353.4,6341.6,6358.8,107,135981080,5043,5141,7605.2,5070.4,6337.8,6347.8,0.0,6347.8,0.0,0,0,2017-04-21,34262600,6353.2,3,0,0,0,0,0,0,0,0,6355.4,1,0,0,0,0,0,0,0,0
121,2017-04-21,09:31:03,100,IC1704,CCFX,6353.4,6341.6,6358.8,107,135981080,5043,5141,7605.2,5070.4,6337.8,6347.8,0.0,6347.8,0.0,0,0,2017-04-21,34263100,6353.2,4,0,0,0,0,0,0,0,0,6355.2,1,0,0,0,0,0,0,0,0
122,2017-04-21,09:31:03,600,IC1704,CCFX,6353.4,6341.6,6358.8,107,135981080,5043,5141,7605.2,5070.4,6337.8,6347.8,0.0,6347.8,0.0,0,0,2017-04-21,34263600,6353.4,2,0,0,0,0,0,0,0,0,6355.2,1,0,0,0,0,0,0,0,0
123,2017-04-21,09:31:04,100,IC1704,CCFX,6353.4,6341.6,6358.8,107,135981080,5043,5141,7605.2,5070.4,6337.8,6347.8,0.0,6347.8,0.0,0,0,2017-04-21,34264100,6353.4,2,0,0,0,0,0,0,0,0,6355.2,1,0,0,0,0,0,0,0,0
124,2017-04-21,09:31:04,600,IC1704,CCFX,6353.4,6341.6,6358.8,108,137251760,5042,5141,7605.2,5070.4,6337.8,6347.8,0.0,6347.8,0.0,0,0,2017-04-21,34264600,6353.4,1,0,0,0,0,0,0,0,0,6355.2,1,0,0,0,0,0,0,0,0
125,2017-04-21,09:31:05,100,IC1704,CCFX,6353.4,6341.6,6358.8,108,137251760,5042,5141,7605.2,5070.4,6337.8,6347.8,0.0,6347.8,0.0,0,0,2017-04-21,34265100,6353.4,2,0,0,0,0,0,0,0,0,6355.2,1,0,0,0,0,0,0,0,0
126,2017-04-21,09:31:06,100,IC1704,CCFX,6353.4,6341.6,6358.8,108,137251760,5042,5141,7605.2,5070.4,6337.8,6347.8,0.0,6347.8,0.0,0,0,2017-04-21,34266100,6353.4,3,0,0,0,0,0,0,0,0,6355.2,1,0,0,0,0,0,0,0,0
127,2017-04-21,09:31:08,600,IC1704,CCFX,6353.4,6341.6,6358.8,108,137251760,5042,5141,7605.2,5070.4,6337.8,6347.8,0.0,6347.8,0.0,0,0,2017-04-21,34268600,6353.4,3,0,0,0,0,0,0,0,0,6355.0,1,0,0,0,0,0,0,0,0
128,2017-04-21,09:31:09,100,IC1704,CCFX,6353.4,6341.6,6358.8,108,137251760,5042,5141,7605.2,5070.4,6337.8,6347.8,0.0,6347.8,0.0,0,0,2017-04-21,34269100,6353.4,3,0,0,0,0,0,0,0,0,6355.0,1,0,0,0,0,0,0,0,0
129,2017-04-21,09:31:11,100,IC1704,CCFX,6353.4,6341.6,6358.8,108,137251760,5042,5141,7605.2,5070.4,6337.8,6347.8,0.0,6347.8,0.0,0,0,2017-04-21,34271100,6353.6,1,0,0,0,0,0,0,0,0,6355.0,2,0,0,0,0,0,0,0,0
130,2017-04-21,09:31:11,600,IC1704,CCFX,6355.0,6341.6,6358.8,109,138522760,5041,5141,7605.2,5070.4,6337.8,6347.8,0.0,6347.8,0.0,0,0,2017-04-21,34271600,6353.6,1,0,0,0,0,0,0,0,0,6355.0,1,0,0,0,0,0,0,0,0
131,2017-04-21,09:31:13,100,IC1704,CCFX,6355.0,6341.6,6358.8,109,138522760,5041,5141,7605.2,5070.4,6337.8,6347.8,0.0,6347.8,0.0,0,0,2017-04-21,34273100,6354.0,1,0,0,0,0,0,0,0,0,6355.0,1,0,0,0,0,0,0,0,0
132,2017-04-21,09:31:13,600,IC1704,CCFX,6355.0,6341.6,6358.8,109,138522760,5041,5141,7605.2,5070.4,6337.8,6347.8,0.0,6347.8,0.0,0,0,2017-04-21,34273600,6354.0,1,0,0,0,0,0,0,0,0,6355.0,1,0,0,0,0,0,0,0,0
133,2017-04-21,09:31:14,100,IC1704,CCFX,6355.0,6341.6,6358.8,109,138522760,5041,5141,7605.2,5070.4,6337.8,6347.8,0.0,6347.8,0.0,0,0,2017-04-21,34274100,6354.0,1,0,0,0,0,0,0,0,0,6355.0,1,0,0,0,0,0,0,0,0
134,2017-04-21,09:31:14,600,IC1704,CCFX,6355.0,6341.6,6358.8,109,138522760,5041,5141,7605.2,5070.4,6337.8,6347.8,0.0,6347.8,0.0,0,0,2017-04-21,34274600,6354.0,1,0,0,0,0,0,0,0,0,6355.0,3,0,0,0,0,0,0,0,0
135,2017-04-21,09:31:17,100,IC1704,CCFX,6355.0,6341.6,6358.8,109,138522760,5041,5141,7605.2,5070.4,6337.8,6347.8,0.0,6347.8,0.0,0,0,2017-04-21,34277100,6354.4,1,0,0,0,0,0,0,0,0,6355.0,3,0,0,0,0,0,0,0,0
136,2017-04-21,09:31:18,600,IC1704,CCFX,6355.0,6341.6,6358.8,109,138522760,5041,5141,7605.2,5070.4,6337.8,6347.8,0.0,6347.8,0.0,0,0,2017-04-21,34278600,6354.4,1,0,0,0,0,0,0,0,0,6355.0,3,0,0,0,0,0,0,0,0
137,2017-04-21,09:31:19,100,IC1704,CCFX,6355.0,6341.6,6358.8,110,139793760,5040,5141,7605.2,5070.4,6337.8,6347.8,0.0,6347.8,0.0,0,0,2017-04-21,34279100,6354.4,2,0,0,0,0,0,0,0,0,6355.0,2,0,0,0,0,0,0,0,0
138,2017-04-21,09:31:19,600,IC1704,CCFX,6355.0,6341.6,6358.8,110,139793760,5040,5141,7605.2,5070.4,6337.8,6347.8,0.0,6347.8,0.0,0,0,2017-04-21,34279600,6354.4,2,0,0,0,0,0,0,0,0,6355.0,2,0,0,0,0,0,0,0,0
139,2017-04-21,09:31:22,600,IC1704,CCFX,6355.0,6341.6,6358.8,113,143606760,5037,5141,7605.2,5070.4,6337.8,6347.8,0.0,6347.8,0.0,0,0,2017-04-21,34282600,6354.4,2,0,0,0,0,0,0,0,0,6356.8,1,0,0,0,0,0,0,0,0
140,2017-04-21,09:31:23,100,IC1704,CCFX,6354.4,6341.6,6358.8,114,144877640,5036,5141,7605.2,5070.4,6337.8,6347.8,0.0,6347.8,0.0,0,0,2017-04-21,34283100,6354.4,1,0,0,0,0,0,0,0,0,6355.0,1,0,0,0,0,0,0,0,0
141,2017-04-21,09:31:24,100,IC1704,CCFX,6355.0,6341.6,6358.8,115,146148640,5035,5141,7605.2,5070.4,6337.8,6347.8,0.0,6347.8,0.0,0,0,2017-04-21,34284100,6354.4,1,0,0,0,0,0,0,0,0,6356.6,3,0,0,0,0,0,0,0,0
142,2017-04-21,09:31:24,600,IC1704,CCFX,6355.0,6341.6,6358.8,115,146148640,5035,5141,7605.2,5070.4,6337.8,6347.8,0.0,6347.8,0.0,0,0,2017-04-21,34284600,6354.8,1,0,0,0,0,0,0,0,0,6356.2,1,0,0,0,0,0,0,0,0
143,2017-04-21,09:31:25,100,IC1704,CCFX,6354.8,6341.6,6358.8,116,147419600,5034,5141,7605.2,5070.4,6337.8,6347.8,0.0,6347.8,0.0,0,0,2017-04-21,34285100,6354.0,1,0,0,0,0,0,0,0,0,6354.4,1,0,0,0,0,0,0,0,0
144,2017-04-21,09:31:25,600,IC1704,CCFX,6354.8,6341.6,6358.8,117,148690560,5033,5141,7605.2,5070.4,6337.8,6347.8,0.0,6347.8,0.0,0,0,2017-04-21,34285600,6354.0,1,0,0,0,0,0,0,0,0,6356.2,1,0,0,0,0,0,0,0,0
145,2017-04-21,09:31:26,100,IC1704,CCFX,6354.0,6341.6,6358.8,118,149961360,5032,5141,7605.2,5070.4,6337.8,6347.8,0.0,6347.8,0.0,0,0,2017-04-21,34286100,6353.8,2,0,0,0,0,0,0,0,0,6355.8,1,0,0,0,0,0,0,0,0
146,2017-04-21,09:31:26,600,IC1704,CCFX,6354.0,6341.6,6358.8,118,149961360,5032,5141,7605.2,5070.4,6337.8,6347.8,0.0,6347.8,0.0,0,0,2017-04-21,34286600,6353.8,2,0,0,0,0,0,0,0,0,6355.6,1,0,0,0,0,0,0,0,0
147,2017-04-21,09:31:27,100,IC1704,CCFX,6354.0,6341.6,6358.8,118,149961360,5032,5141,7605.2,5070.4,6337.8,6347.8,0.0,6347.8,0.0,0,0,2017-04-21,34287100,6353.8,2,0,0,0,0,0,0,0,0,6354.6,1,0,0,0,0,0,0,0,0
148,2017-04-21,09:31:28,600,IC1704,CCFX,6353.8,6341.6,6358.8,120,152502880,5030,5141,7605.2,5070.4,6337.8,6347.8,0.0,6347.8,0.0,0,0,2017-04-21,34288600,6353.4,4,0,0,0,0,0,0,0,0,6354.4,2,0,0,0,0,0,0,0,0
149,2017-04-21,09:31:29,100,IC1704,CCFX,6353.8,6341.6,6358.8,120,152502880,5030,5141,7605.2,5070.4,6337.8,6347.8,0.0,6347.8,0.0,0,0,2017-04-21,34289100,6353.4,4,0,0,0,0,0,0,0,0,6354.6,1,0,0,0,0,0,0,0,0
150,2017-04-21,09:31:29,600,IC1704,CCFX,6353.8,6341.6,6358.8,120,152502880,5030,5141,7605.2,5070.4,6337.8,6347.8,0.0,6347.8,0.0,0,0,2017-04-21,34289600,6353.4,4,0,0,0,0,0,0,0,0,6354.0,1,0,0,0,0,0,0,0,0
151,2017-04-21,09:31:30,100,IC1704,CCFX,6353.8,6341.6,6358.8,120,152502880,5030,5141,7605.2,5070.4,6337.8,6347.8,0.0,6347.8,0.0,0,0,2017-04-21,34290100,6353.4,4,0,0,0,0,0,0,0,0,6354.6,1,0,0,0,0,0,0,0,0
152,2017-04-21,09:31:31,600,IC1704,CCFX,6353.8,6341.6,6358.8,120,152502880,5030,5141,7605.2,5070.4,6337.8,6347.8,0.0,6347.8,0.0,0,0,2017-04-21,34291600,6353.4,4,0,0,0,0,0,0,0,0,6354.6,1,0,0,0,0,0,0,0,0
153,2017-04-21,09:31:32,100,IC1704,CCFX,6353.8,6341.6,6358.8,120,152502880,5030,5141,7605.2,5070.4,6337.8,6347.8,0.0,6347.8,0.0,0,0,2017-04-21,34292100,6353.4,4,0,0,0,0,0,0,0,0,6354.6,1,0,0,0,0,0,0,0,0
154,2017-04-21,09:31:34,100,IC1704,CCFX,6353.8,6341.6,6358.8,120,152502880,5030,5141,7605.2,5070.4,6337.8,6347.8,0.0,6347.8,0.0,0,0,2017-04-21,34294100,6354.4,1,0,0,0,0,0,0,0,0,6354.6,1,0,0,0,0,0,0,0,0
155,2017-04-21,09:31:34,600,IC1704,CCFX,6353.8,6341.6,6358.8,120,152502880,5030,5141,7605.2,5070.4,6337.8,6347.8,0.0,6347.8,0.0,0,0,2017-04-21,34294600,6354.4,1,0,0,0,0,0,0,0,0,6354.6,1,0,0,0,0,0,0,0,0
156,2017-04-21,09:31:36,600,IC1704,CCFX,6353.8,6341.6,6358.8,120,152502880,5030,5141,7605.2,5070.4,6337.8,6347.8,0.0,6347.8,0.0,0,0,2017-04-21,34296600,6354.4,1,0,0,0,0,0,0,0,0,6354.6,1,0,0,0,0,0,0,0,0
157,2017-04-21,09:31:37,600,IC1704,CCFX,6353.8,6341.6,6358.8,120,152502880,5030,5141,7605.2,5070.4,6337.8,6347.8,0.0,6347.8,0.0,0,0,2017-04-21,34297600,6354.4,1,0,0,0,0,0,0,0,0,6354.6,1,0,0,0,0,0,0,0,0
158,2017-04-21,09:31:38,100,IC1704,CCFX,6354.4,6341.6,6358.8,121,153773760,5029,5141,7605.2,5070.4,6337.8,6347.8,0.0,6347.8,0.0,0,0,2017-04-21,34298100,6353.4,4,0,0,0,0,0,0,0,0,6354.6,1,0,0,0,0,0,0,0,0
159,2017-04-21,09:31:39,600,IC1704,CCFX,6354.4,6341.6,6358.8,121,153773760,5029,5141,7605.2,5070.4,6337.8,6347.8,0.0,6347.8,0.0,0,0,2017-04-21,34299600,6353.4,4,0,0,0,0,0,0,0,0,6354.4,1,0,0,0,0,0,0,0,0
160,2017-04-21,09:31:42,100,IC1704,CCFX,6354.4,6341.6,6358.8,121,153773760,5029,5141,7605.2,5070.4,6337.8,6347.8,0.0,6347.8,0.0,0,0,2017-04-21,34302100,6353.4,4,0,0,0,0,0,0,0,0,6354.4,1,0,0,0,0,0,0,0,0
161,2017-04-21,09:31:42,600,IC1704,CCFX,6354.4,6341.6,6358.8,121,153773760,5029,5141,7605.2,5070.4,6337.8,6347.8,0.0,6347.8,0.0,0,0,2017-04-21,34302600,6353.4,4,0,0,0,0,0,0,0,0,6354.4,1,0,0,0,0,0,0,0,0
162,2017-04-21,09:31:44,100,IC1704,CCFX,6354.4,6341.6,6358.8,121,153773760,5029,5141,7605.2,5070.4,6337.8,6347.8,0.0,6347.8,0.0,0,0,2017-04-21,34304100,6353.8,1,0,0,0,0,0,0,0,0,6354.4,1,0,0,0,0,0,0,0,0
163,2017-04-21,09:31:46,100,IC1704,CCFX,6353.8,6341.6,6358.8,122,155044520,5028,5141,7605.2,5070.4,6337.8,6347.8,0.0,6347.8,0.0,0,0,2017-04-21,34306100,6353.4,4,0,0,0,0,0,0,0,0,6354.4,1,0,0,0,0,0,0,0,0
164,2017-04-21,09:31:46,600,IC1704,CCFX,6353.8,6341.6,6358.8,122,155044520,5028,5141,7605.2,5070.4,6337.8,6347.8,0.0,6347.8,0.0,0,0,2017-04-21,34306600,6353.4,4,0,0,0,0,0,0,0,0,6354.0,1,0,0,0,0,0,0,0,0
165,2017-04-21,09:31:48,600,IC1704,CCFX,6354.0,6341.6,6358.8,123,156315320,5027,5141,7605.2,5070.4,6337.8,6347.8,0.0,6347.8,0.0,0,0,2017-04-21,34308600,6353.4,4,0,0,0,0,0,0,0,0,6354.4,1,0,0,0,0,0,0,0,0
166,2017-04-21,09:31:49,600,IC1704,CCFX,6354.0,6341.6,6358.8,123,156315320,5027,5141,7605.2,5070.4,6337.8,6347.8,0.0,6347.8,0.0,0,0,2017-04-21,34309600,6353.4,4,0,0,0,0,0,0,0,0,6354.4,1,0,0,0,0,0,0,0,0
167,2017-04-21,09:31:52,100,IC1704,CCFX,6354.0,6341.6,6358.8,123,156315320,5027,5141,7605.2,5070.4,6337.8,6347.8,0.0,6347.8,0.0,0,0,2017-04-21,34312100,6353.4,4,0,0,0,0,0,0,0,0,6354.4,1,0,0,0,0,0,0,0,0
168,2017-04-21,09:31:52,600,IC1704,CCFX,6354.0,6341.6,6358.8,123,156315320,5027,5141,7605.2,5070.4,6337.8,6347.8,0.0,6347.8,0.0,0,0,2017-04-21,34312600,6353.4,3,0,0,0,0,0,0,0,0,6354.4,1,0,0,0,0,0,0,0,0
169,2017-04-21,09:31:53,600,IC1704,CCFX,6354.0,6341.6,6358.8,123,156315320,5027,5141,7605.2,5070.4,6337.8,6347.8,0.0,6347.8,0.0,0,0,2017-04-21,34313600,6353.4,3,0,0,0,0,0,0,0,0,6354.4,1,0,0,0,0,0,0,0,0
170,2017-04-21,09:31:55,100,IC1704,CCFX,6354.4,6341.6,6358.8,124,157586200,5026,5141,7605.2,5070.4,6337.8,6347.8,0.0,6347.8,0.0,0,0,2017-04-21,34315100,6354.4,2,0,0,0,0,0,0,0,0,6354.6,1,0,0,0,0,0,0,0,0
171,2017-04-21,09:31:57,600,IC1704,CCFX,6355.0,6341.6,6358.8,126,160128120,5024,5141,7605.2,5070.4,6337.8,6347.8,0.0,6347.8,0.0,0,0,2017-04-21,34317600,6354.4,2,0,0,0,0,0,0,0,0,6355.0,1,0,0,0,0,0,0,0,0
172,2017-04-21,09:31:58,100,IC1704,CCFX,6355.0,6341.6,6358.8,126,160128120,5024,5141,7605.2,5070.4,6337.8,6347.8,0.0,6347.8,0.0,0,0,2017-04-21,34318100,6354.4,2,0,0,0,0,0,0,0,0,6355.0,1,0,0,0,0,0,0,0,0
173,2017-04-21,09:31:58,600,IC1704,CCFX,6355.0,6341.6,6358.8,126,160128120,5024,5141,7605.2,5070.4,6337.8,6347.8,0.0,6347.8,0.0,0,0,2017-04-21,34318600,6354.4,2,0,0,0,0,0,0,0,0,6355.0,1,0,0,0,0,0,0,0,0
174,2017-04-21,09:32:00,100,IC1704,CCFX,6355.0,6341.6,6358.8,127,161399120,5023,5141,7605.2,5070.4,6337.8,6347.8,0.0,6347.8,0.0,0,0,2017-04-21,34320100,6354.4,2,0,0,0,0,0,0,0,0,6355.8,1,0,0,0,0,0,0,0,0
175,2017-04-21,09:32:00,600,IC1704,CCFX,6355.8,6341.6,6358.8,128,162670280,5022,5141,7605.2,5070.4,6337.8,6347.8,0.0,6347.8,0.0,0,0,2017-04-21,34320600,6354.4,2,0,0,0,0,0,0,0,0,6356.8,1,0,0,0,0,0,0,0,0
176,2017-04-21,09:32:01,100,IC1704,CCFX,6355.8,6341.6,6358.8,128,162670280,5022,5141,7605.2,5070.4,6337.8,6347.8,0.0,6347.8,0.0,0,0,2017-04-21,34321100,6354.6,1,0,0,0,0,0,0,0,0,6356.6,2,0,0,0,0,0,0,0,0
177,2017-04-21,09:32:01,600,IC1704,CCFX,6354.4,6341.6,6358.8,129,163941160,5021,5141,7605.2,5070.4,6337.8,6347.8,0.0,6347.8,0.0,0,0,2017-04-21,34321600,6354.4,1,0,0,0,0,0,0,0,0,6356.4,2,0,0,0,0,0,0,0,0
178,2017-04-21,09:32:02,100,IC1704,CCFX,6354.4,6341.6,6358.8,129,163941160,5021,5141,7605.2,5070.4,6337.8,6347.8,0.0,6347.8,0.0,0,0,2017-04-21,34322100,6355.0,1,0,0,0,0,0,0,0,0,6356.2,3,0,0,0,0,0,0,0,0
179,2017-04-21,09:32:02,600,IC1704,CCFX,6354.4,6341.6,6358.8,130,165212040,5020,5141,7605.2,5070.4,6337.8,6347.8,0.0,6347.8,0.0,0,0,2017-04-21,34322600,6354.6,1,0,0,0,0,0,0,0,0,6356.2,2,0,0,0,0,0,0,0,0
180,2017-04-21,09:32:03,100,IC1704,CCFX,6354.4,6341.6,6358.8,130,165212040,5020,5141,7605.2,5070.4,6337.8,6347.8,0.0,6347.8,0.0,0,0,2017-04-21,34323100,6354.6,1,0,0,0,0,0,0,0,0,6356.0,1,0,0,0,0,0,0,0,0
181,2017-04-21,09:32:03,600,IC1704,CCFX,6354.6,6341.6,6358.8,131,166482960,5019,5141,7605.2,5070.4,6337.8,6347.8,0.0,6347.8,0.0,0,0,2017-04-21,34323600,6354.4,1,0,0,0,0,0,0,0,0,6356.0,1,0,0,0,0,0,0,0,0
182,2017-04-21,09:32:04,100,IC1704,CCFX,6354.6,6341.6,6358.8,131,166482960,5019,5141,7605.2,5070.4,6337.8,6347.8,0.0,6347.8,0.0,0,0,2017-04-21,34324100,6354.4,1,0,0,0,0,0,0,0,0,6356.0,1,0,0,0,0,0,0,0,0
183,2017-04-21,09:32:05,100,IC1704,CCFX,6354.6,6341.6,6358.8,131,166482960,5019,5141,7605.2,5070.4,6337.8,6347.8,0.0,6347.8,0.0,0,0,2017-04-21,34325100,6354.4,1,0,0,0,0,0,0,0,0,6356.0,1,0,0,0,0,0,0,0,0
184,2017-04-21,09:32:05,600,IC1704,CCFX,6354.6,6341.6,6358.8,131,166482960,5019,5141,7605.2,5070.4,6337.8,6347.8,0.0,6347.8,0.0,0,0,2017-04-21,34325600,6354.8,1,0,0,0,0,0,0,0,0,6356.0,1,0,0,0,0,0,0,0,0
185,2017-04-21,09:32:08,100,IC1704,CCFX,6354.6,6341.6,6358.8,132,167753880,5018,5141,7605.2,5070.4,6337.8,6347.8,0.0,6347.8,0.0,0,0,2017-04-21,34328100,6354.4,1,0,0,0,0,0,0,0,0,6355.8,2,0,0,0,0,0,0,0,0
186,2017-04-21,09:32:08,600,IC1704,CCFX,6354.6,6341.6,6358.8,132,167753880,5018,5141,7605.2,5070.4,6337.8,6347.8,0.0,6347.8,0.0,0,0,2017-04-21,34328600,6354.4,1,0,0,0,0,0,0,0,0,6356.0,1,0,0,0,0,0,0,0,0
187,2017-04-21,09:32:09,600,IC1704,CCFX,6354.4,6341.6,6358.8,133,169024760,5017,5141,7605.2,5070.4,6337.8,6347.8,0.0,6347.8,0.0,0,0,2017-04-21,34329600,6354.2,1,0,0,0,0,0,0,0,0,6356.0,1,0,0,0,0,0,0,0,0
188,2017-04-21,09:32:10,100,IC1704,CCFX,6354.4,6341.6,6358.8,133,169024760,5017,5141,7605.2,5070.4,6337.8,6347.8,0.0,6347.8,0.0,0,0,2017-04-21,34330100,6354.2,1,0,0,0,0,0,0,0,0,6355.8,1,0,0,0,0,0,0,0,0
189,2017-04-21,09:32:10,600,IC1704,CCFX,6355.8,6341.6,6358.8,134,170295920,5017,5141,7605.2,5070.4,6337.8,6347.8,0.0,6347.8,0.0,0,0,2017-04-21,34330600,6354.2,1,0,0,0,0,0,0,0,0,6356.0,1,0,0,0,0,0,0,0,0
190,2017-04-21,09:32:11,100,IC1704,CCFX,6355.8,6341.6,6358.8,134,170295920,5017,5141,7605.2,5070.4,6337.8,6347.8,0.0,6347.8,0.0,0,0,2017-04-21,34331100,6354.2,1,0,0,0,0,0,0,0,0,6355.2,1,0,0,0,0,0,0,0,0
191,2017-04-21,09:32:11,600,IC1704,CCFX,6354.2,6341.6,6358.8,135,171566760,5016,5141,7605.2,5070.4,6337.8,6347.8,0.0,6347.8,0.0,0,0,2017-04-21,34331600,6353.6,1,0,0,0,0,0,0,0,0,6355.2,1,0,0,0,0,0,0,0,0
192,2017-04-21,09:32:13,100,IC1704,CCFX,6354.2,6341.6,6358.8,135,171566760,5016,5141,7605.2,5070.4,6337.8,6347.8,0.0,6347.8,0.0,0,0,2017-04-21,34333100,6353.6,1,0,0,0,0,0,0,0,0,6355.2,1,0,0,0,0,0,0,0,0
193,2017-04-21,09:32:14,100,IC1704,CCFX,6354.2,6341.6,6358.8,135,171566760,5016,5141,7605.2,5070.4,6337.8,6347.8,0.0,6347.8,0.0,0,0,2017-04-21,34334100,6353.6,1,0,0,0,0,0,0,0,0,6355.2,1,0,0,0,0,0,0,0,0
194,2017-04-21,09:32:14,600,IC1704,CCFX,6354.2,6341.6,6358.8,135,171566760,5016,5141,7605.2,5070.4,6337.8,6347.8,0.0,6347.8,0.0,0,0,2017-04-21,34334600,6353.4,2,0,0,0,0,0,0,0,0,6355.2,1,0,0,0,0,0,0,0,0
195,2017-04-21,09:32:15,100,IC1704,CCFX,6354.2,6341.6,6358.8,135,171566760,5016,5141,7605.2,5070.4,6337.8,6347.8,0.0,6347.8,0.0,0,0,2017-04-21,34335100,6353.4,2,0,0,0,0,0,0,0,0,6353.6,1,0,0,0,0,0,0,0,0
196,2017-04-21,09:32:15,600,IC1704,CCFX,6354.0,6341.6,6358.8,136,172837560,5015,5141,7605.2,5070.4,6337.8,6347.8,0.0,6347.8,0.0,0,0,2017-04-21,34335600,6353.4,2,0,0,0,0,0,0,0,0,6354.4,1,0,0,0,0,0,0,0,0
197,2017-04-21,09:32:17,100,IC1704,CCFX,6354.4,6341.6,6358.8,137,174108440,5014,5141,7605.2,5070.4,6337.8,6347.8,0.0,6347.8,0.0,0,0,2017-04-21,34337100,6353.4,2,0,0,0,0,0,0,0,0,6355.2,1,0,0,0,0,0,0,0,0
198,2017-04-21,09:32:17,600,IC1704,CCFX,6353.4,6341.6,6358.8,138,175379120,5013,5141,7605.2,5070.4,6337.8,6347.8,0.0,6347.8,0.0,0,0,2017-04-21,34337600,6353.4,1,0,0,0,0,0,0,0,0,6355.2,1,0,0,0,0,0,0,0,0
199,2017-04-21,09:32:18,100,IC1704,CCFX,6353.4,6341.6,6358.8,138,175379120,5013,5141,7605.2,5070.4,6337.8,6347.8,0.0,6347.8,0.0,0,0,2017-04-21,34338100,6353.8,4,0,0,0,0,0,0,0,0,6354.4,1,0,0,0,0,0,0,0,0
200,2017-04-21,09:32:18,600,IC1704,CCFX,6353.8,6341.6,6358.8,140,177920560,5011,5141,7605.2,5070.4,6337.8,6347.8,0.0,6347.8,0.0,0,0,2017-04-21,34338600,6353.8,2,0,0,0,0,0,0,0,0,6354.4,1,0,0,0,0,0,0,0,0
201,2017-04-21,09:32:19,600,IC1704,CCFX,6353.8,6341.6,6358.8,140,177920560,5011,5141,7605.2,5070.4,6337.8,6347.8,0.0,6347.8,0.0,0,0,2017-04-21,34339600,6353.8,2,0,0,0,0,0,0,0,0,6354.4,1,0,0,0,0,0,0,0,0
202,2017-04-21,09:32:20,100,IC1704,CCFX,6353.8,6341.6,6358.8,140,177920560,5011,5141,7605.2,5070.4,6337.8,6347.8,0.0,6347.8,0.0,0,0,2017-04-21,34340100,6353.8,2,0,0,0,0,0,0,0,0,6354.4,2,0,0,0,0,0,0,0,0
203,2017-04-21,09:32:21,100,IC1704,CCFX,6353.8,6341.6,6358.8,140,177920560,5011,5141,7605.2,5070.4,6337.8,6347.8,0.0,6347.8,0.0,0,0,2017-04-21,34341100,6353.8,2,0,0,0,0,0,0,0,0,6354.4,2,0,0,0,0,0,0,0,0
204,2017-04-21,09:32:21,600,IC1704,CCFX,6353.8,6341.6,6358.8,141,179191320,5010,5141,7605.2,5070.4,6337.8,6347.8,0.0,6347.8,0.0,0,0,2017-04-21,34341600,6353.8,1,0,0,0,0,0,0,0,0,6354.4,2,0,0,0,0,0,0,0,0
205,2017-04-21,09:32:22,100,IC1704,CCFX,6353.8,6341.6,6358.8,142,180462080,5009,5141,7605.2,5070.4,6337.8,6347.8,0.0,6347.8,0.0,0,0,2017-04-21,34342100,6353.4,1,0,0,0,0,0,0,0,0,6354.4,2,0,0,0,0,0,0,0,0
206,2017-04-21,09:32:22,600,IC1704,CCFX,6353.4,6341.6,6358.8,143,181732760,5008,5141,7605.2,5070.4,6337.8,6347.8,0.0,6347.8,0.0,0,0,2017-04-21,34342600,6352.2,1,0,0,0,0,0,0,0,0,6354.4,2,0,0,0,0,0,0,0,0
207,2017-04-21,09:32:23,100,IC1704,CCFX,6353.4,6341.6,6358.8,143,181732760,5008,5141,7605.2,5070.4,6337.8,6347.8,0.0,6347.8,0.0,0,0,2017-04-21,34343100,6352.4,1,0,0,0,0,0,0,0,0,6354.2,1,0,0,0,0,0,0,0,0
208,2017-04-21,09:32:23,600,IC1704,CCFX,6353.4,6341.6,6358.8,143,181732760,5008,5141,7605.2,5070.4,6337.8,6347.8,0.0,6347.8,0.0,0,0,2017-04-21,34343600,6352.6,1,0,0,0,0,0,0,0,0,6353.8,1,0,0,0,0,0,0,0,0
209,2017-04-21,09:32:24,100,IC1704,CCFX,6353.4,6341.6,6358.8,143,181732760,5008,5141,7605.2,5070.4,6337.8,6347.8,0.0,6347.8,0.0,0,0,2017-04-21,34344100,6352.2,1,0,0,0,0,0,0,0,0,6353.8,1,0,0,0,0,0,0,0,0
210,2017-04-21,09:32:24,600,IC1704,CCFX,6353.8,6341.6,6358.8,144,183003520,5007,5141,7605.2,5070.4,6337.8,6347.8,0.0,6347.8,0.0,0,0,2017-04-21,34344600,6352.4,1,0,0,0,0,0,0,0,0,6354.4,1,0,0,0,0,0,0,0,0
211,2017-04-21,09:32:25,100,IC1704,CCFX,6353.8,6341.6,6358.8,144,183003520,5007,5141,7605.2,5070.4,6337.8,6347.8,0.0,6347.8,0.0,0,0,2017-04-21,34345100,6352.4,1,0,0,0,0,0,0,0,0,6354.4,2,0,0,0,0,0,0,0,0
212,2017-04-21,09:32:26,100,IC1704,CCFX,6353.8,6341.6,6358.8,144,183003520,5007,5141,7605.2,5070.4,6337.8,6347.8,0.0,6347.8,0.0,0,0,2017-04-21,34346100,6353.8,1,0,0,0,0,0,0,0,0,6354.4,2,0,0,0,0,0,0,0,0
213,2017-04-21,09:32:27,100,IC1704,CCFX,6353.8,6341.6,6358.8,144,183003520,5007,5141,7605.2,5070.4,6337.8,6347.8,0.0,6347.8,0.0,0,0,2017-04-21,34347100,6353.8,1,0,0,0,0,0,0,0,0,6354.4,6,0,0,0,0,0,0,0,0
214,2017-04-21,09:32:27,600,IC1704,CCFX,6353.8,6341.6,6358.8,145,184274280,5006,5141,7605.2,5070.4,6337.8,6347.8,0.0,6347.8,0.0,0,0,2017-04-21,34347600,6352.4,1,0,0,0,0,0,0,0,0,6354.4,6,0,0,0,0,0,0,0,0
215,2017-04-21,09:32:28,100,IC1704,CCFX,6352.4,6341.6,6358.8,146,185544760,5005,5141,7605.2,5070.4,6337.8,6347.8,0.0,6347.8,0.0,0,0,2017-04-21,34348100,6352.2,1,0,0,0,0,0,0,0,0,6353.0,1,0,0,0,0,0,0,0,0
216,2017-04-21,09:32:28,600,IC1704,CCFX,6353.0,6341.6,6358.8,147,186815360,5004,5141,7605.2,5070.4,6337.8,6347.8,0.0,6347.8,0.0,0,0,2017-04-21,34348600,6352.2,1,0,0,0,0,0,0,0,0,6354.4,6,0,0,0,0,0,0,0,0
217,2017-04-21,09:32:29,100,IC1704,CCFX,6354.2,6341.6,6358.8,148,188086200,5003,5141,7605.2,5070.4,6337.8,6347.8,0.0,6347.8,0.0,0,0,2017-04-21,34349100,6352.2,1,0,0,0,0,0,0,0,0,6354.4,7,0,0,0,0,0,0,0,0
218,2017-04-21,09:32:29,600,IC1704,CCFX,6354.2,6341.6,6358.8,148,188086200,5003,5141,7605.2,5070.4,6337.8,6347.8,0.0,6347.8,0.0,0,0,2017-04-21,34349600,6352.2,1,0,0,0,0,0,0,0,0,6354.2,1,0,0,0,0,0,0,0,0
219,2017-04-21,09:32:30,100,IC1704,CCFX,6354.2,6341.6,6358.8,148,188086200,5003,5141,7605.2,5070.4,6337.8,6347.8,0.0,6347.8,0.0,0,0,2017-04-21,34350100,6352.2,1,0,0,0,0,0,0,0,0,6354.2,1,0,0,0,0,0,0,0,0
220,2017-04-21,09:32:30,600,IC1704,CCFX,6354.2,6341.6,6358.8,148,188086200,5003,5141,7605.2,5070.4,6337.8,6347.8,0.0,6347.8,0.0,0,0,2017-04-21,34350600,6352.2,1,0,0,0,0,0,0,0,0,6354.0,1,0,0,0,0,0,0,0,0
221,2017-04-21,09:32:31,600,IC1704,CCFX,6354.2,6341.6,6358.8,148,188086200,5003,5141,7605.2,5070.4,6337.8,6347.8,0.0,6347.8,0.0,0,0,2017-04-21,34351600,6352.2,1,0,0,0,0,0,0,0,0,6353.8,1,0,0,0,0,0,0,0,0
222,2017-04-21,09:32:32,100,IC1704,CCFX,6352.2,6341.6,6358.8,149,189356640,5002,5141,7605.2,5070.4,6337.8,6347.8,0.0,6347.8,0.0,0,0,2017-04-21,34352100,6352.6,1,0,0,0,0,0,0,0,0,6353.8,1,0,0,0,0,0,0,0,0
223,2017-04-21,09:32:32,600,IC1704,CCFX,6352.2,6341.6,6358.8,150,190627080,5002,5141,7605.2,5070.4,6337.8,6347.8,0.0,6347.8,0.0,0,0,2017-04-21,34352600,6347.8,1,0,0,0,0,0,0,0,0,6353.8,1,0,0,0,0,0,0,0,0
224,2017-04-21,09:32:33,100,IC1704,CCFX,6352.2,6341.6,6358.8,150,190627080,5002,5141,7605.2,5070.4,6337.8,6347.8,0.0,6347.8,0.0,0,0,2017-04-21,34353100,6348.2,2,0,0,0,0,0,0,0,0,6352.6,1,0,0,0,0,0,0,0,0
225,2017-04-21,09:32:33,600,IC1704,CCFX,6352.6,6341.6,6358.8,151,191897600,5001,5141,7605.2,5070.4,6337.8,6347.8,0.0,6347.8,0.0,0,0,2017-04-21,34353600,6348.4,4,0,0,0,0,0,0,0,0,6353.4,1,0,0,0,0,0,0,0,0
226,2017-04-21,09:32:34,100,IC1704,CCFX,6352.6,6341.6,6358.8,151,191897600,5001,5141,7605.2,5070.4,6337.8,6347.8,0.0,6347.8,0.0,0,0,2017-04-21,34354100,6349.0,1,0,0,0,0,0,0,0,0,6353.4,1,0,0,0,0,0,0,0,0
227,2017-04-21,09:32:34,600,IC1704,CCFX,6352.6,6341.6,6358.8,151,191897600,5001,5141,7605.2,5070.4,6337.8,6347.8,0.0,6347.8,0.0,0,0,2017-04-21,34354600,6353.0,1,0,0,0,0,0,0,0,0,6353.4,1,0,0,0,0,0,0,0,0
228,2017-04-21,09:32:35,100,IC1704,CCFX,6352.6,6341.6,6358.8,151,191897600,5001,5141,7605.2,5070.4,6337.8,6347.8,0.0,6347.8,0.0,0,0,2017-04-21,34355100,6353.0,1,0,0,0,0,0,0,0,0,6353.4,1,0,0,0,0,0,0,0,0
229,2017-04-21,09:32:36,100,IC1704,CCFX,6352.6,6341.6,6358.8,151,191897600,5001,5141,7605.2,5070.4,6337.8,6347.8,0.0,6347.8,0.0,0,0,2017-04-21,34356100,6353.0,1,0,0,0,0,0,0,0,0,6353.2,1,0,0,0,0,0,0,0,0
230,2017-04-21,09:32:37,100,IC1704,CCFX,6352.6,6341.6,6358.8,151,191897600,5001,5141,7605.2,5070.4,6337.8,6347.8,0.0,6347.8,0.0,0,0,2017-04-21,34357100,6353.0,1,0,0,0,0,0,0,0,0,6353.2,1,0,0,0,0,0,0,0,0
231,2017-04-21,09:32:37,600,IC1704,CCFX,6352.6,6341.6,6358.8,152,193168120,5000,5141,7605.2,5070.4,6337.8,6347.8,0.0,6347.8,0.0,0,0,2017-04-21,34357600,6349.2,3,0,0,0,0,0,0,0,0,6353.2,1,0,0,0,0,0,0,0,0
232,2017-04-21,09:32:38,100,IC1704,CCFX,6352.6,6341.6,6358.8,152,193168120,5000,5141,7605.2,5070.4,6337.8,6347.8,0.0,6347.8,0.0,0,0,2017-04-21,34358100,6349.6,1,0,0,0,0,0,0,0,0,6353.0,1,0,0,0,0,0,0,0,0
233,2017-04-21,09:32:38,600,IC1704,CCFX,6353.2,6341.6,6358.8,154,195709360,4998,5141,7605.2,5070.4,6337.8,6347.8,0.0,6347.8,0.0,0,0,2017-04-21,34358600,6349.8,3,0,0,0,0,0,0,0,0,6353.0,1,0,0,0,0,0,0,0,0
234,2017-04-21,09:32:39,100,IC1704,CCFX,6353.2,6341.6,6358.8,154,195709360,4998,5141,7605.2,5070.4,6337.8,6347.8,0.0,6347.8,0.0,0,0,2017-04-21,34359100,6350.2,1,0,0,0,0,0,0,0,0,6353.0,1,0,0,0,0,0,0,0,0
235,2017-04-21,09:32:39,600,IC1704,CCFX,6353.2,6341.6,6358.8,154,195709360,4998,5141,7605.2,5070.4,6337.8,6347.8,0.0,6347.8,0.0,0,0,2017-04-21,34359600,6352.6,1,0,0,0,0,0,0,0,0,6353.0,1,0,0,0,0,0,0,0,0
236,2017-04-21,09:32:40,100,IC1704,CCFX,6353.2,6341.6,6358.8,154,195709360,4998,5141,7605.2,5070.4,6337.8,6347.8,0.0,6347.8,0.0,0,0,2017-04-21,34360100,6352.6,1,0,0,0,0,0,0,0,0,6353.0,1,0,0,0,0,0,0,0,0
237,2017-04-21,09:32:40,600,IC1704,CCFX,6353.2,6341.6,6358.8,154,195709360,4998,5141,7605.2,5070.4,6337.8,6347.8,0.0,6347.8,0.0,0,0,2017-04-21,34360600,6352.6,2,0,0,0,0,0,0,0,0,6353.0,2,0,0,0,0,0,0,0,0
238,2017-04-21,09:32:41,100,IC1704,CCFX,6353.0,6341.6,6358.8,155,196979960,4997,5141,7605.2,5070.4,6337.8,6347.8,0.0,6347.8,0.0,0,0,2017-04-21,34361100,6352.6,2,0,0,0,0,0,0,0,0,6353.0,1,0,0,0,0,0,0,0,0
239,2017-04-21,09:32:41,600,IC1704,CCFX,6353.0,6341.6,6358.8,156,198250560,4996,5141,7605.2,5070.4,6337.8,6347.8,0.0,6347.8,0.0,0,0,2017-04-21,34361600,6352.6,1,0,0,0,0,0,0,0,0,6353.6,1,0,0,0,0,0,0,0,0
240,2017-04-21,09:32:42,100,IC1704,CCFX,6352.6,6341.6,6358.8,157,199521080,4995,5141,7605.2,5070.4,6337.8,6347.8,0.0,6347.8,0.0,0,0,2017-04-21,34362100,6350.4,1,0,0,0,0,0,0,0,0,6352.6,2,0,0,0,0,0,0,0,0
241,2017-04-21,09:32:42,600,IC1704,CCFX,6352.6,6341.6,6358.8,157,199521080,4995,5141,7605.2,5070.4,6337.8,6347.8,0.0,6347.8,0.0,0,0,2017-04-21,34362600,6350.6,2,0,0,0,0,0,0,0,0,6352.6,2,0,0,0,0,0,0,0,0
242,2017-04-21,09:32:43,100,IC1704,CCFX,6350.8,6341.6,6358.8,158,200791240,4994,5141,7605.2,5070.4,6337.8,6347.8,0.0,6347.8,0.0,0,0,2017-04-21,34363100,6350.8,2,0,0,0,0,0,0,0,0,6352.6,2,0,0,0,0,0,0,0,0
243,2017-04-21,09:32:43,600,IC1704,CCFX,6350.8,6341.6,6358.8,158,200791240,4994,5141,7605.2,5070.4,6337.8,6347.8,0.0,6347.8,0.0,0,0,2017-04-21,34363600,6351.0,2,0,0,0,0,0,0,0,0,6352.6,2,0,0,0,0,0,0,0,0
244,2017-04-21,09:32:44,100,IC1704,CCFX,6350.8,6341.6,6358.8,158,200791240,4994,5141,7605.2,5070.4,6337.8,6347.8,0.0,6347.8,0.0,0,0,2017-04-21,34364100,6351.0,2,0,0,0,0,0,0,0,0,6352.6,2,0,0,0,0,0,0,0,0
245,2017-04-21,09:32:44,600,IC1704,CCFX,6351.0,6341.6,6358.8,159,202061440,4993,5141,7605.2,5070.4,6337.8,6347.8,0.0,6347.8,0.0,0,0,2017-04-21,34364600,6350.8,1,0,0,0,0,0,0,0,0,6352.6,2,0,0,0,0,0,0,0,0
246,2017-04-21,09:32:46,100,IC1704,CCFX,6351.0,6341.6,6358.8,159,202061440,4993,5141,7605.2,5070.4,6337.8,6347.8,0.0,6347.8,0.0,0,0,2017-04-21,34366100,6350.8,2,0,0,0,0,0,0,0,0,6352.6,2,0,0,0,0,0,0,0,0
247,2017-04-21,09:32:46,600,IC1704,CCFX,6351.0,6341.6,6358.8,159,202061440,4993,5141,7605.2,5070.4,6337.8,6347.8,0.0,6347.8,0.0,0,0,2017-04-21,34366600,6350.8,2,0,0,0,0,0,0,0,0,6351.0,1,0,0,0,0,0,0,0,0
248,2017-04-21,09:32:47,100,IC1704,CCFX,6351.0,6341.6,6358.8,161,204601840,4991,5141,7605.2,5070.4,6337.8,6347.8,0.0,6347.8,0.0,0,0,2017-04-21,34367100,6348.0,2,0,0,0,0,0,0,0,0,6352.0,1,0,0,0,0,0,0,0,0
249,2017-04-21,09:32:47,600,IC1704,CCFX,6351.0,6341.6,6358.8,161,204601840,4991,5141,7605.2,5070.4,6337.8,6347.8,0.0,6347.8,0.0,0,0,2017-04-21,34367600,6351.0,1,0,0,0,0,0,0,0,0,6352.0,2,0,0,0,0,0,0,0,0
250,2017-04-21,09:32:48,100,IC1704,CCFX,6352.0,6341.6,6358.8,163,207142440,4989,5141,7605.2,5070.4,6337.8,6347.8,0.0,6347.8,0.0,0,0,2017-04-21,34368100,6348.2,2,0,0,0,0,0,0,0,0,6352.0,1,0,0,0,0,0,0,0,0
251,2017-04-21,09:32:48,600,IC1704,CCFX,6352.0,6341.6,6358.8,163,207142440,4989,5141,7605.2,5070.4,6337.8,6347.8,0.0,6347.8,0.0,0,0,2017-04-21,34368600,6348.6,3,0,0,0,0,0,0,0,0,6352.0,1,0,0,0,0,0,0,0,0
252,2017-04-21,09:32:49,100,IC1704,CCFX,6352.0,6341.6,6358.8,163,207142440,4989,5141,7605.2,5070.4,6337.8,6347.8,0.0,6347.8,0.0,0,0,2017-04-21,34369100,6348.8,3,0,0,0,0,0,0,0,0,6352.0,1,0,0,0,0,0,0,0,0
253,2017-04-21,09:32:49,600,IC1704,CCFX,6352.0,6341.6,6358.8,163,207142440,4989,5141,7605.2,5070.4,6337.8,6347.8,0.0,6347.8,0.0,0,0,2017-04-21,34369600,6349.2,1,0,0,0,0,0,0,0,0,6352.0,1,0,0,0,0,0,0,0,0
254,2017-04-21,09:32:50,100,IC1704,CCFX,6349.4,6341.6,6358.8,165,209682200,4987,5141,7605.2,5070.4,6337.8,6347.8,0.0,6347.8,0.0,0,0,2017-04-21,34370100,6349.4,1,0,0,0,0,0,0,0,0,6352.0,1,0,0,0,0,0,0,0,0
255,2017-04-21,09:32:50,600,IC1704,CCFX,6349.4,6341.6,6358.8,165,209682200,4987,5141,7605.2,5070.4,6337.8,6347.8,0.0,6347.8,0.0,0,0,2017-04-21,34370600,6349.6,1,0,0,0,0,0,0,0,0,6351.8,1,0,0,0,0,0,0,0,0
256,2017-04-21,09:32:51,100,IC1704,CCFX,6349.4,6341.6,6358.8,165,209682200,4987,5141,7605.2,5070.4,6337.8,6347.8,0.0,6347.8,0.0,0,0,2017-04-21,34371100,6349.8,1,0,0,0,0,0,0,0,0,6351.8,1,0,0,0,0,0,0,0,0
257,2017-04-21,09:32:51,600,IC1704,CCFX,6349.4,6341.6,6358.8,165,209682200,4987,5141,7605.2,5070.4,6337.8,6347.8,0.0,6347.8,0.0,0,0,2017-04-21,34371600,6349.8,1,0,0,0,0,0,0,0,0,6351.8,1,0,0,0,0,0,0,0,0
258,2017-04-21,09:32:52,100,IC1704,CCFX,6349.4,6341.6,6358.8,165,209682200,4987,5141,7605.2,5070.4,6337.8,6347.8,0.0,6347.8,0.0,0,0,2017-04-21,34372100,6349.8,1,0,0,0,0,0,0,0,0,6351.8,2,0,0,0,0,0,0,0,0
259,2017-04-21,09:32:53,100,IC1704,CCFX,6349.4,6341.6,6358.8,165,209682200,4987,5141,7605.2,5070.4,6337.8,6347.8,0.0,6347.8,0.0,0,0,2017-04-21,34373100,6349.8,1,0,0,0,0,0,0,0,0,6351.8,2,0,0,0,0,0,0,0,0
260,2017-04-21,09:32:53,600,IC1704,CCFX,6349.4,6341.6,6358.8,165,209682200,4987,5141,7605.2,5070.4,6337.8,6347.8,0.0,6347.8,0.0,0,0,2017-04-21,34373600,6349.8,1,0,0,0,0,0,0,0,0,6351.8,3,0,0,0,0,0,0,0,0
261,2017-04-21,09:32:55,100,IC1704,CCFX,6349.4,6341.6,6358.8,165,209682200,4987,5141,7605.2,5070.4,6337.8,6347.8,0.0,6347.8,0.0,0,0,2017-04-21,34375100,6349.8,1,0,0,0,0,0,0,0,0,6351.8,3,0,0,0,0,0,0,0,0
262,2017-04-21,09:32:55,600,IC1704,CCFX,6349.4,6341.6,6358.8,165,209682200,4987,5141,7605.2,5070.4,6337.8,6347.8,0.0,6347.8,0.0,0,0,2017-04-21,34375600,6349.8,1,0,0,0,0,0,0,0,0,6350.6,4,0,0,0,0,0,0,0,0
263,2017-04-21,09:32:56,100,IC1704,CCFX,6349.4,6341.6,6358.8,165,209682200,4987,5141,7605.2,5070.4,6337.8,6347.8,0.0,6347.8,0.0,0,0,2017-04-21,34376100,6347.8,3,0,0,0,0,0,0,0,0,6350.6,4,0,0,0,0,0,0,0,0
264,2017-04-21,09:32:56,600,IC1704,CCFX,6350.4,6341.6,6358.8,166,210952280,4986,5141,7605.2,5070.4,6337.8,6347.8,0.0,6347.8,0.0,0,0,2017-04-21,34376600,6348.2,1,0,0,0,0,0,0,0,0,6350.6,4,0,0,0,0,0,0,0,0
265,2017-04-21,09:32:57,100,IC1704,CCFX,6350.4,6341.6,6358.8,166,210952280,4986,5141,7605.2,5070.4,6337.8,6347.8,0.0,6347.8,0.0,0,0,2017-04-21,34377100,6348.6,1,0,0,0,0,0,0,0,0,6350.6,4,0,0,0,0,0,0,0,0
266,2017-04-21,09:32:57,600,IC1704,CCFX,6350.6,6341.6,6358.8,167,212222400,4985,5141,7605.2,5070.4,6337.8,6347.8,0.0,6347.8,0.0,0,0,2017-04-21,34377600,6348.8,3,0,0,0,0,0,0,0,0,6350.6,3,0,0,0,0,0,0,0,0
267,2017-04-21,09:32:58,100,IC1704,CCFX,6350.6,6341.6,6358.8,167,212222400,4985,5141,7605.2,5070.4,6337.8,6347.8,0.0,6347.8,0.0,0,0,2017-04-21,34378100,6348.8,3,0,0,0,0,0,0,0,0,6350.6,3,0,0,0,0,0,0,0,0
268,2017-04-21,09:32:58,600,IC1704,CCFX,6350.6,6341.6,6358.8,167,212222400,4985,5141,7605.2,5070.4,6337.8,6347.8,0.0,6347.8,0.0,0,0,2017-04-21,34378600,6348.8,3,0,0,0,0,0,0,0,0,6350.6,4,0,0,0,0,0,0,0,0
269,2017-04-21,09:32:59,100,IC1704,CCFX,6350.6,6341.6,6358.8,167,212222400,4985,5141,7605.2,5070.4,6337.8,6347.8,0.0,6347.8,0.0,0,0,2017-04-21,34379100,6349.2,1,0,0,0,0,0,0,0,0,6349.8,1,0,0,0,0,0,0,0,0
270,2017-04-21,09:32:59,600,IC1704,CCFX,6350.6,6341.6,6358.8,169,214762480,4983,5141,7605.2,5070.4,6337.8,6347.8,0.0,6347.8,0.0,0,0,2017-04-21,34379600,6349.8,1,0,0,0,0,0,0,0,0,6350.6,3,0,0,0,0,0,0,0,0
271,2017-04-21,09:33:00,100,IC1704,CCFX,6350.6,6341.6,6358.8,170,216032600,4982,5141,7605.2,5070.4,6337.8,6347.8,0.0,6347.8,0.0,0,0,2017-04-21,34380100,6350.0,1,0,0,0,0,0,0,0,0,6350.6,2,0,0,0,0,0,0,0,0
272,2017-04-21,09:33:00,600,IC1704,CCFX,6350.6,6341.6,6358.8,170,216032600,4982,5141,7605.2,5070.4,6337.8,6347.8,0.0,6347.8,0.0,0,0,2017-04-21,34380600,6348.8,2,0,0,0,0,0,0,0,0,6350.6,2,0,0,0,0,0,0,0,0
273,2017-04-21,09:33:01,100,IC1704,CCFX,6350.6,6341.6,6358.8,170,216032600,4982,5141,7605.2,5070.4,6337.8,6347.8,0.0,6347.8,0.0,0,0,2017-04-21,34381100,6349.0,2,0,0,0,0,0,0,0,0,6350.6,2,0,0,0,0,0,0,0,0
274,2017-04-21,09:33:01,600,IC1704,CCFX,6350.6,6341.6,6358.8,170,216032600,4982,5141,7605.2,5070.4,6337.8,6347.8,0.0,6347.8,0.0,0,0,2017-04-21,34381600,6349.0,3,0,0,0,0,0,0,0,0,6350.6,2,0,0,0,0,0,0,0,0
275,2017-04-21,09:33:02,600,IC1704,CCFX,6350.6,6341.6,6358.8,171,217302720,4981,5141,7605.2,5070.4,6337.8,6347.8,0.0,6347.8,0.0,0,0,2017-04-21,34382600,6349.0,2,0,0,0,0,0,0,0,0,6350.6,1,0,0,0,0,0,0,0,0
276,2017-04-21,09:33:03,100,IC1704,CCFX,6350.6,6341.6,6358.8,171,217302720,4981,5141,7605.2,5070.4,6337.8,6347.8,0.0,6347.8,0.0,0,0,2017-04-21,34383100,6349.0,2,0,0,0,0,0,0,0,0,6349.8,1,0,0,0,0,0,0,0,0
277,2017-04-21,09:33:03,600,IC1704,CCFX,6350.6,6341.6,6358.8,171,217302720,4981,5141,7605.2,5070.4,6337.8,6347.8,0.0,6347.8,0.0,0,0,2017-04-21,34383600,6349.0,1,0,0,0,0,0,0,0,0,6349.8,2,0,0,0,0,0,0,0,0
278,2017-04-21,09:33:05,100,IC1704,CCFX,6350.6,6341.6,6358.8,171,217302720,4981,5141,7605.2,5070.4,6337.8,6347.8,0.0,6347.8,0.0,0,0,2017-04-21,34385100,6349.0,1,0,0,0,0,0,0,0,0,6349.8,2,0,0,0,0,0,0,0,0
279,2017-04-21,09:33:06,600,IC1704,CCFX,6349.0,6341.6,6358.8,172,218572520,4980,5141,7605.2,5070.4,6337.8,6347.8,0.0,6347.8,0.0,0,0,2017-04-21,34386600,6348.8,2,0,0,0,0,0,0,0,0,6349.0,1,0,0,0,0,0,0,0,0
280,2017-04-21,09:33:08,600,IC1704,CCFX,6349.0,6341.6,6358.8,172,218572520,4980,5141,7605.2,5070.4,6337.8,6347.8,0.0,6347.8,0.0,0,0,2017-04-21,34388600,6348.8,2,0,0,0,0,0,0,0,0,6349.0,2,0,0,0,0,0,0,0,0
281,2017-04-21,09:33:09,600,IC1704,CCFX,6349.0,6341.6,6358.8,173,219842320,4979,5141,7605.2,5070.4,6337.8,6347.8,0.0,6347.8,0.0,0,0,2017-04-21,34389600,6348.8,2,0,0,0,0,0,0,0,0,6349.0,1,0,0,0,0,0,0,0,0
282,2017-04-21,09:33:10,100,IC1704,CCFX,6349.0,6341.6,6358.8,174,221112120,4978,5141,7605.2,5070.4,6337.8,6347.8,0.0,6347.8,0.0,0,0,2017-04-21,34390100,6348.8,2,0,0,0,0,0,0,0,0,6351.8,1,0,0,0,0,0,0,0,0
283,2017-04-21,09:33:10,600,IC1704,CCFX,6349.0,6341.6,6358.8,174,221112120,4978,5141,7605.2,5070.4,6337.8,6347.8,0.0,6347.8,0.0,0,0,2017-04-21,34390600,6349.0,1,0,0,0,0,0,0,0,0,6349.8,1,0,0,0,0,0,0,0,0
284,2017-04-21,09:33:11,100,IC1704,CCFX,6349.0,6341.6,6358.8,174,221112120,4978,5141,7605.2,5070.4,6337.8,6347.8,0.0,6347.8,0.0,0,0,2017-04-21,34391100,6348.8,2,0,0,0,0,0,0,0,0,6349.8,1,0,0,0,0,0,0,0,0
285,2017-04-21,09:33:13,600,IC1704,CCFX,6349.0,6341.6,6358.8,174,221112120,4978,5141,7605.2,5070.4,6337.8,6347.8,0.0,6347.8,0.0,0,0,2017-04-21,34393600,6348.8,2,0,0,0,0,0,0,0,0,6349.0,1,0,0,0,0,0,0,0,0
286,2017-04-21,09:33:14,100,IC1704,CCFX,6349.0,6341.6,6358.8,175,222381920,4977,5141,7605.2,5070.4,6337.8,6347.8,0.0,6347.8,0.0,0,0,2017-04-21,34394100,6348.8,2,0,0,0,0,0,0,0,0,6349.8,1,0,0,0,0,0,0,0,0
287,2017-04-21,09:33:14,600,IC1704,CCFX,6349.0,6341.6,6358.8,175,222381920,4977,5141,7605.2,5070.4,6337.8,6347.8,0.0,6347.8,0.0,0,0,2017-04-21,34394600,6348.8,2,0,0,0,0,0,0,0,0,6349.8,1,0,0,0,0,0,0,0,0
288,2017-04-21,09:33:15,100,IC1704,CCFX,6349.0,6341.6,6358.8,175,222381920,4977,5141,7605.2,5070.4,6337.8,6347.8,0.0,6347.8,0.0,0,0,2017-04-21,34395100,6348.8,3,0,0,0,0,0,0,0,0,6349.8,1,0,0,0,0,0,0,0,0
289,2017-04-21,09:33:15,600,IC1704,CCFX,6349.0,6341.6,6358.8,175,222381920,4977,5141,7605.2,5070.4,6337.8,6347.8,0.0,6347.8,0.0,0,0,2017-04-21,34395600,6348.8,3,0,0,0,0,0,0,0,0,6349.8,1,0,0,0,0,0,0,0,0
290,2017-04-21,09:33:16,100,IC1704,CCFX,6349.0,6341.6,6358.8,175,222381920,4977,5141,7605.2,5070.4,6337.8,6347.8,0.0,6347.8,0.0,0,0,2017-04-21,34396100,6348.8,3,0,0,0,0,0,0,0,0,6349.6,1,0,0,0,0,0,0,0,0
291,2017-04-21,09:33:17,100,IC1704,CCFX,6349.6,6341.6,6358.8,176,223651840,4976,5141,7605.2,5070.4,6337.8,6347.8,0.0,6347.8,0.0,0,0,2017-04-21,34397100,6348.8,3,0,0,0,0,0,0,0,0,6349.8,1,0,0,0,0,0,0,0,0
292,2017-04-21,09:33:18,100,IC1704,CCFX,6348.8,6341.6,6358.8,177,224921600,4975,5141,7605.2,5070.4,6337.8,6347.8,0.0,6347.8,0.0,0,0,2017-04-21,34398100,6348.8,2,0,0,0,0,0,0,0,0,6349.8,1,0,0,0,0,0,0,0,0
293,2017-04-21,09:33:19,100,IC1704,CCFX,6348.8,6341.6,6358.8,177,224921600,4975,5141,7605.2,5070.4,6337.8,6347.8,0.0,6347.8,0.0,0,0,2017-04-21,34399100,6348.8,2,0,0,0,0,0,0,0,0,6349.6,1,0,0,0,0,0,0,0,0
294,2017-04-21,09:33:20,100,IC1704,CCFX,6348.8,6341.6,6358.8,177,224921600,4975,5141,7605.2,5070.4,6337.8,6347.8,0.0,6347.8,0.0,0,0,2017-04-21,34400100,6349.0,1,0,0,0,0,0,0,0,0,6349.6,1,0,0,0,0,0,0,0,0
295,2017-04-21,09:33:21,100,IC1704,CCFX,6348.8,6341.6,6358.8,177,224921600,4975,5141,7605.2,5070.4,6337.8,6347.8,0.0,6347.8,0.0,0,0,2017-04-21,34401100,6349.0,1,0,0,0,0,0,0,0,0,6349.8,1,0,0,0,0,0,0,0,0
296,2017-04-21,09:33:21,600,IC1704,CCFX,6348.8,6341.6,6358.8,179,227461120,4973,5141,7605.2,5070.4,6337.8,6347.8,0.0,6347.8,0.0,0,0,2017-04-21,34401600,6348.8,1,0,0,0,0,0,0,0,0,6349.8,1,0,0,0,0,0,0,0,0
297,2017-04-21,09:33:22,600,IC1704,CCFX,6348.8,6341.6,6358.8,179,227461120,4973,5141,7605.2,5070.4,6337.8,6347.8,0.0,6347.8,0.0,0,0,2017-04-21,34402600,6348.8,1,0,0,0,0,0,0,0,0,6349.8,1,0,0,0,0,0,0,0,0
298,2017-04-21,09:33:23,100,IC1704,CCFX,6348.8,6341.6,6358.8,180,228730880,4972,5141,7605.2,5070.4,6337.8,6347.8,0.0,6347.8,0.0,0,0,2017-04-21,34403100,6347.8,3,0,0,0,0,0,0,0,0,6349.8,1,0,0,0,0,0,0,0,0
299,2017-04-21,09:33:23,600,IC1704,CCFX,6348.8,6341.6,6358.8,180,228730880,4972,5141,7605.2,5070.4,6337.8,6347.8,0.0,6347.8,0.0,0,0,2017-04-21,34403600,6348.0,1,0,0,0,0,0,0,0,0,6349.8,1,0,0,0,0,0,0,0,0
300,2017-04-21,09:33:25,600,IC1704,CCFX,6348.0,6341.6,6358.8,181,230000480,4971,5141,7605.2,5070.4,6337.8,6347.8,0.0,6347.8,0.0,0,0,2017-04-21,34405600,6347.8,3,0,0,0,0,0,0,0,0,6349.8,2,0,0,0,0,0,0,0,0
301,2017-04-21,09:33:26,100,IC1704,CCFX,6348.0,6341.6,6358.8,181,230000480,4971,5141,7605.2,5070.4,6337.8,6347.8,0.0,6347.8,0.0,0,0,2017-04-21,34406100,6347.8,3,0,0,0,0,0,0,0,0,6349.6,1,0,0,0,0,0,0,0,0
302,2017-04-21,09:33:26,600,IC1704,CCFX,6348.0,6341.6,6358.8,181,230000480,4971,5141,7605.2,5070.4,6337.8,6347.8,0.0,6347.8,0.0,0,0,2017-04-21,34406600,6348.0,1,0,0,0,0,0,0,0,0,6349.6,1,0,0,0,0,0,0,0,0
303,2017-04-21,09:33:27,100,IC1704,CCFX,6348.0,6341.6,6358.8,181,230000480,4971,5141,7605.2,5070.4,6337.8,6347.8,0.0,6347.8,0.0,0,0,2017-04-21,34407100,6348.0,1,0,0,0,0,0,0,0,0,6349.6,2,0,0,0,0,0,0,0,0
304,2017-04-21,09:33:28,100,IC1704,CCFX,6348.0,6341.6,6358.8,181,230000480,4971,5141,7605.2,5070.4,6337.8,6347.8,0.0,6347.8,0.0,0,0,2017-04-21,34408100,6348.0,1,0,0,0,0,0,0,0,0,6349.4,1,0,0,0,0,0,0,0,0
305,2017-04-21,09:33:29,600,IC1704,CCFX,6348.0,6341.6,6358.8,181,230000480,4971,5141,7605.2,5070.4,6337.8,6347.8,0.0,6347.8,0.0,0,0,2017-04-21,34409600,6348.0,1,0,0,0,0,0,0,0,0,6349.4,2,0,0,0,0,0,0,0,0
306,2017-04-21,09:33:31,100,IC1704,CCFX,6348.0,6341.6,6358.8,181,230000480,4971,5141,7605.2,5070.4,6337.8,6347.8,0.0,6347.8,0.0,0,0,2017-04-21,34411100,6348.0,2,0,0,0,0,0,0,0,0,6349.4,2,0,0,0,0,0,0,0,0
307,2017-04-21,09:33:32,100,IC1704,CCFX,6348.0,6341.6,6358.8,181,230000480,4971,5141,7605.2,5070.4,6337.8,6347.8,0.0,6347.8,0.0,0,0,2017-04-21,34412100,6348.2,1,0,0,0,0,0,0,0,0,6349.4,2,0,0,0,0,0,0,0,0
308,2017-04-21,09:33:33,100,IC1704,CCFX,6348.0,6341.6,6358.8,181,230000480,4971,5141,7605.2,5070.4,6337.8,6347.8,0.0,6347.8,0.0,0,0,2017-04-21,34413100,6348.2,1,0,0,0,0,0,0,0,0,6349.4,2,0,0,0,0,0,0,0,0
309,2017-04-21,09:33:33,600,IC1704,CCFX,6348.0,6341.6,6358.8,181,230000480,4971,5141,7605.2,5070.4,6337.8,6347.8,0.0,6347.8,0.0,0,0,2017-04-21,34413600,6348.2,1,0,0,0,0,0,0,0,0,6349.2,1,0,0,0,0,0,0,0,0
310,2017-04-21,09:33:34,100,IC1704,CCFX,6348.0,6341.6,6358.8,181,230000480,4971,5141,7605.2,5070.4,6337.8,6347.8,0.0,6347.8,0.0,0,0,2017-04-21,34414100,6348.4,1,0,0,0,0,0,0,0,0,6349.2,1,0,0,0,0,0,0,0,0
311,2017-04-21,09:33:36,100,IC1704,CCFX,6348.0,6341.6,6358.8,181,230000480,4971,5141,7605.2,5070.4,6337.8,6347.8,0.0,6347.8,0.0,0,0,2017-04-21,34416100,6348.4,1,0,0,0,0,0,0,0,0,6349.2,1,0,0,0,0,0,0,0,0
312,2017-04-21,09:33:36,600,IC1704,CCFX,6349.2,6341.6,6358.8,185,235079840,4967,5141,7605.2,5070.4,6337.8,6347.8,0.0,6347.8,0.0,0,0,2017-04-21,34416600,6348.4,1,0,0,0,0,0,0,0,0,6349.0,4,0,0,0,0,0,0,0,0
313,2017-04-21,09:33:37,600,IC1704,CCFX,6349.2,6341.6,6358.8,185,235079840,4967,5141,7605.2,5070.4,6337.8,6347.8,0.0,6347.8,0.0,0,0,2017-04-21,34417600,6348.4,1,0,0,0,0,0,0,0,0,6349.0,4,0,0,0,0,0,0,0,0
314,2017-04-21,09:33:38,100,IC1704,CCFX,6349.2,6341.6,6358.8,185,235079840,4967,5141,7605.2,5070.4,6337.8,6347.8,0.0,6347.8,0.0,0,0,2017-04-21,34418100,6348.8,1,0,0,0,0,0,0,0,0,6349.0,4,0,0,0,0,0,0,0,0
315,2017-04-21,09:33:40,100,IC1704,CCFX,6349.0,6341.6,6358.8,189,240159040,4963,5141,7605.2,5070.4,6337.8,6347.8,0.0,6347.8,0.0,0,0,2017-04-21,34420100,6348.8,1,0,0,0,0,0,0,0,0,6349.4,1,0,0,0,0,0,0,0,0
316,2017-04-21,09:33:40,600,IC1704,CCFX,6349.4,6341.6,6358.8,190,241428920,4962,5141,7605.2,5070.4,6337.8,6347.8,0.0,6347.8,0.0,0,0,2017-04-21,34420600,6349.2,1,0,0,0,0,0,0,0,0,6349.6,1,0,0,0,0,0,0,0,0
317,2017-04-21,09:33:41,100,IC1704,CCFX,6349.8,6341.6,6358.8,192,243968800,4960,5141,7605.2,5070.4,6337.8,6347.8,0.0,6347.8,0.0,0,0,2017-04-21,34421100,6349.6,1,0,0,0,0,0,0,0,0,6349.8,1,0,0,0,0,0,0,0,0
318,2017-04-21,09:33:41,600,IC1704,CCFX,6350.0,6341.6,6358.8,194,246508760,4958,5141,7605.2,5070.4,6337.8,6347.8,0.0,6347.8,0.0,0,0,2017-04-21,34421600,6349.8,3,0,0,0,0,0,0,0,0,6350.6,2,0,0,0,0,0,0,0,0
319,2017-04-21,09:33:42,100,IC1704,CCFX,6350.6,6341.6,6358.8,196,249049000,4956,5141,7605.2,5070.4,6337.8,6347.8,0.0,6347.8,0.0,0,0,2017-04-21,34422100,6349.8,3,0,0,0,0,0,0,0,0,6351.8,1,0,0,0,0,0,0,0,0
320,2017-04-21,09:33:42,600,IC1704,CCFX,6350.6,6341.6,6358.8,196,249049000,4956,5141,7605.2,5070.4,6337.8,6347.8,0.0,6347.8,0.0,0,0,2017-04-21,34422600,6350.0,1,0,0,0,0,0,0,0,0,6351.8,1,0,0,0,0,0,0,0,0
321,2017-04-21,09:33:43,100,IC1704,CCFX,6350.6,6341.6,6358.8,196,249049000,4956,5141,7605.2,5070.4,6337.8,6347.8,0.0,6347.8,0.0,0,0,2017-04-21,34423100,6350.4,1,0,0,0,0,0,0,0,0,6351.8,1,0,0,0,0,0,0,0,0
322,2017-04-21,09:33:43,600,IC1704,CCFX,6350.6,6341.6,6358.8,196,249049000,4956,5141,7605.2,5070.4,6337.8,6347.8,0.0,6347.8,0.0,0,0,2017-04-21,34423600,6350.6,1,0,0,0,0,0,0,0,0,6351.8,1,0,0,0,0,0,0,0,0
323,2017-04-21,09:33:44,100,IC1704,CCFX,6350.6,6341.6,6358.8,196,249049000,4956,5141,7605.2,5070.4,6337.8,6347.8,0.0,6347.8,0.0,0,0,2017-04-21,34424100,6350.8,1,0,0,0,0,0,0,0,0,6351.8,1,0,0,0,0,0,0,0,0
324,2017-04-21,09:33:44,600,IC1704,CCFX,6350.6,6341.6,6358.8,196,249049000,4956,5141,7605.2,5070.4,6337.8,6347.8,0.0,6347.8,0.0,0,0,2017-04-21,34424600,6351.0,1,0,0,0,0,0,0,0,0,6351.6,1,0,0,0,0,0,0,0,0
325,2017-04-21,09:33:45,100,IC1704,CCFX,6350.6,6341.6,6358.8,196,249049000,4956,5141,7605.2,5070.4,6337.8,6347.8,0.0,6347.8,0.0,0,0,2017-04-21,34425100,6351.2,1,0,0,0,0,0,0,0,0,6351.6,1,0,0,0,0,0,0,0,0
326,2017-04-21,09:33:45,600,IC1704,CCFX,6351.4,6341.6,6358.8,199,252859920,4953,5141,7605.2,5070.4,6337.8,6347.8,0.0,6347.8,0.0,0,0,2017-04-21,34425600,6351.0,1,0,0,0,0,0,0,0,0,6351.8,1,0,0,0,0,0,0,0,0
327,2017-04-21,09:33:46,100,IC1704,CCFX,6351.4,6341.6,6358.8,199,252859920,4953,5141,7605.2,5070.4,6337.8,6347.8,0.0,6347.8,0.0,0,0,2017-04-21,34426100,6349.8,1,0,0,0,0,0,0,0,0,6351.8,1,0,0,0,0,0,0,0,0
328,2017-04-21,09:33:46,600,IC1704,CCFX,6351.4,6341.6,6358.8,199,252859920,4953,5141,7605.2,5070.4,6337.8,6347.8,0.0,6347.8,0.0,0,0,2017-04-21,34426600,6350.0,1,0,0,0,0,0,0,0,0,6351.8,1,0,0,0,0,0,0,0,0
329,2017-04-21,09:33:47,600,IC1704,CCFX,6351.4,6341.6,6358.8,199,252859920,4953,5141,7605.2,5070.4,6337.8,6347.8,0.0,6347.8,0.0,0,0,2017-04-21,34427600,6349.8,1,0,0,0,0,0,0,0,0,6351.8,1,0,0,0,0,0,0,0,0
330,2017-04-21,09:33:48,100,IC1704,CCFX,6351.8,6341.6,6358.8,200,254130280,4952,5141,7605.2,5070.4,6337.8,6347.8,0.0,6347.8,0.0,0,0,2017-04-21,34428100,6349.8,1,0,0,0,0,0,0,0,0,6352.4,1,0,0,0,0,0,0,0,0
331,2017-04-21,09:33:48,600,IC1704,CCFX,6351.8,6341.6,6358.8,200,254130280,4952,5141,7605.2,5070.4,6337.8,6347.8,0.0,6347.8,0.0,0,0,2017-04-21,34428600,6349.8,1,0,0,0,0,0,0,0,0,6352.2,1,0,0,0,0,0,0,0,0
332,2017-04-21,09:33:49,600,IC1704,CCFX,6351.8,6341.6,6358.8,200,254130280,4952,5141,7605.2,5070.4,6337.8,6347.8,0.0,6347.8,0.0,0,0,2017-04-21,34429600,6350.0,1,0,0,0,0,0,0,0,0,6352.2,1,0,0,0,0,0,0,0,0
333,2017-04-21,09:33:50,100,IC1704,CCFX,6350.2,6341.6,6358.8,201,255400320,4951,5141,7605.2,5070.4,6337.8,6347.8,0.0,6347.8,0.0,0,0,2017-04-21,34430100,6350.2,1,0,0,0,0,0,0,0,0,6352.2,1,0,0,0,0,0,0,0,0
334,2017-04-21,09:33:50,600,IC1704,CCFX,6350.2,6341.6,6358.8,201,255400320,4951,5141,7605.2,5070.4,6337.8,6347.8,0.0,6347.8,0.0,0,0,2017-04-21,34430600,6350.4,1,0,0,0,0,0,0,0,0,6351.6,1,0,0,0,0,0,0,0,0
335,2017-04-21,09:33:51,100,IC1704,CCFX,6350.2,6341.6,6358.8,201,255400320,4951,5141,7605.2,5070.4,6337.8,6347.8,0.0,6347.8,0.0,0,0,2017-04-21,34431100,6350.6,1,0,0,0,0,0,0,0,0,6351.6,1,0,0,0,0,0,0,0,0
336,2017-04-21,09:33:51,600,IC1704,CCFX,6350.2,6341.6,6358.8,201,255400320,4951,5141,7605.2,5070.4,6337.8,6347.8,0.0,6347.8,0.0,0,0,2017-04-21,34431600,6349.8,1,0,0,0,0,0,0,0,0,6351.6,1,0,0,0,0,0,0,0,0
337,2017-04-21,09:33:52,100,IC1704,CCFX,6350.2,6341.6,6358.8,201,255400320,4951,5141,7605.2,5070.4,6337.8,6347.8,0.0,6347.8,0.0,0,0,2017-04-21,34432100,6350.0,3,0,0,0,0,0,0,0,0,6351.6,1,0,0,0,0,0,0,0,0
338,2017-04-21,09:33:52,600,IC1704,CCFX,6350.2,6341.6,6358.8,201,255400320,4951,5141,7605.2,5070.4,6337.8,6347.8,0.0,6347.8,0.0,0,0,2017-04-21,34432600,6350.2,2,0,0,0,0,0,0,0,0,6351.4,1,0,0,0,0,0,0,0,0
339,2017-04-21,09:33:53,100,IC1704,CCFX,6350.2,6341.6,6358.8,201,255400320,4951,5141,7605.2,5070.4,6337.8,6347.8,0.0,6347.8,0.0,0,0,2017-04-21,34433100,6350.4,3,0,0,0,0,0,0,0,0,6351.4,1,0,0,0,0,0,0,0,0
340,2017-04-21,09:33:53,600,IC1704,CCFX,6351.4,6341.6,6358.8,203,257940880,4949,5141,7605.2,5070.4,6337.8,6347.8,0.0,6347.8,0.0,0,0,2017-04-21,34433600,6350.6,2,0,0,0,0,0,0,0,0,6351.2,1,0,0,0,0,0,0,0,0
341,2017-04-21,09:33:54,100,IC1704,CCFX,6351.4,6341.6,6358.8,203,257940880,4949,5141,7605.2,5070.4,6337.8,6347.8,0.0,6347.8,0.0,0,0,2017-04-21,34434100,6350.8,3,0,0,0,0,0,0,0,0,6351.2,1,0,0,0,0,0,0,0,0
342,2017-04-21,09:33:54,600,IC1704,CCFX,6351.2,6341.6,6358.8,204,259211120,4948,5141,7605.2,5070.4,6337.8,6347.8,0.0,6347.8,0.0,0,0,2017-04-21,34434600,6349.8,1,0,0,0,0,0,0,0,0,6350.8,1,0,0,0,0,0,0,0,0
343,2017-04-21,09:33:55,100,IC1704,CCFX,6351.2,6341.6,6358.8,204,259211120,4948,5141,7605.2,5070.4,6337.8,6347.8,0.0,6347.8,0.0,0,0,2017-04-21,34435100,6350.0,2,0,0,0,0,0,0,0,0,6350.6,1,0,0,0,0,0,0,0,0
344,2017-04-21,09:33:55,600,IC1704,CCFX,6351.2,6341.6,6358.8,204,259211120,4948,5141,7605.2,5070.4,6337.8,6347.8,0.0,6347.8,0.0,0,0,2017-04-21,34435600,6350.2,2,0,0,0,0,0,0,0,0,6350.6,1,0,0,0,0,0,0,0,0
345,2017-04-21,09:33:56,100,IC1704,CCFX,6351.2,6341.6,6358.8,204,259211120,4948,5141,7605.2,5070.4,6337.8,6347.8,0.0,6347.8,0.0,0,0,2017-04-21,34436100,6349.8,1,0,0,0,0,0,0,0,0,6350.6,1,0,0,0,0,0,0,0,0
346,2017-04-21,09:33:58,600,IC1704,CCFX,6350.6,6341.6,6358.8,205,260481240,4947,5141,7605.2,5070.4,6337.8,6347.8,0.0,6347.8,0.0,0,0,2017-04-21,34438600,6350.0,1,0,0,0,0,0,0,0,0,6350.8,1,0,0,0,0,0,0,0,0
347,2017-04-21,09:33:59,100,IC1704,CCFX,6350.6,6341.6,6358.8,205,260481240,4947,5141,7605.2,5070.4,6337.8,6347.8,0.0,6347.8,0.0,0,0,2017-04-21,34439100,6350.2,1,0,0,0,0,0,0,0,0,6350.8,1,0,0,0,0,0,0,0,0
348,2017-04-21,09:34:00,600,IC1704,CCFX,6350.6,6341.6,6358.8,205,260481240,4947,5141,7605.2,5070.4,6337.8,6347.8,0.0,6347.8,0.0,0,0,2017-04-21,34440600,6350.2,1,0,0,0,0,0,0,0,0,6350.8,1,0,0,0,0,0,0,0,0
349,2017-04-21,09:34:01,100,IC1704,CCFX,6350.6,6341.6,6358.8,205,260481240,4947,5141,7605.2,5070.4,6337.8,6347.8,0.0,6347.8,0.0,0,0,2017-04-21,34441100,6350.2,1,0,0,0,0,0,0,0,0,6350.8,1,0,0,0,0,0,0,0,0
350,2017-04-21,09:34:01,600,IC1704,CCFX,6350.8,6341.6,6358.8,206,261751400,4946,5141,7605.2,5070.4,6337.8,6347.8,0.0,6347.8,0.0,0,0,2017-04-21,34441600,6350.2,1,0,0,0,0,0,0,0,0,6352.4,1,0,0,0,0,0,0,0,0
351,2017-04-21,09:34:02,600,IC1704,CCFX,6352.4,6341.6,6358.8,207,263021880,4945,5141,7605.2,5070.4,6337.8,6347.8,0.0,6347.8,0.0,0,0,2017-04-21,34442600,6352.4,3,0,0,0,0,0,0,0,0,6352.8,2,0,0,0,0,0,0,0,0
352,2017-04-21,09:34:03,100,IC1704,CCFX,6352.6,6341.6,6358.8,209,265562880,4943,5141,7605.2,5070.4,6337.8,6347.8,0.0,6347.8,0.0,0,0,2017-04-21,34443100,6352.4,3,0,0,0,0,0,0,0,0,6352.8,2,0,0,0,0,0,0,0,0
353,2017-04-21,09:34:03,600,IC1704,CCFX,6352.4,6341.6,6358.8,210,266833360,4942,5141,7605.2,5070.4,6337.8,6347.8,0.0,6347.8,0.0,0,0,2017-04-21,34443600,6352.4,2,0,0,0,0,0,0,0,0,6352.8,2,0,0,0,0,0,0,0,0
354,2017-04-21,09:34:05,100,IC1704,CCFX,6352.4,6341.6,6358.8,210,266833360,4942,5141,7605.2,5070.4,6337.8,6347.8,0.0,6347.8,0.0,0,0,2017-04-21,34445100,6350.8,2,0,0,0,0,0,0,0,0,6352.8,2,0,0,0,0,0,0,0,0
355,2017-04-21,09:34:06,600,IC1704,CCFX,6352.4,6341.6,6358.8,210,266833360,4942,5141,7605.2,5070.4,6337.8,6347.8,0.0,6347.8,0.0,0,0,2017-04-21,34446600,6350.8,2,0,0,0,0,0,0,0,0,6352.4,1,0,0,0,0,0,0,0,0
356,2017-04-21,09:34:08,100,IC1704,CCFX,6352.4,6341.6,6358.8,210,266833360,4942,5141,7605.2,5070.4,6337.8,6347.8,0.0,6347.8,0.0,0,0,2017-04-21,34448100,6350.8,3,0,0,0,0,0,0,0,0,6352.4,3,0,0,0,0,0,0,0,0
357,2017-04-21,09:34:09,600,IC1704,CCFX,6352.4,6341.6,6358.8,210,266833360,4942,5141,7605.2,5070.4,6337.8,6347.8,0.0,6347.8,0.0,0,0,2017-04-21,34449600,6350.8,3,0,0,0,0,0,0,0,0,6352.0,1,0,0,0,0,0,0,0,0
358,2017-04-21,09:34:11,600,IC1704,CCFX,6352.4,6341.6,6358.8,210,266833360,4942,5141,7605.2,5070.4,6337.8,6347.8,0.0,6347.8,0.0,0,0,2017-04-21,34451600,6350.8,3,0,0,0,0,0,0,0,0,6352.0,1,0,0,0,0,0,0,0,0
359,2017-04-21,09:34:12,100,IC1704,CCFX,6352.4,6341.6,6358.8,210,266833360,4942,5141,7605.2,5070.4,6337.8,6347.8,0.0,6347.8,0.0,0,0,2017-04-21,34452100,6351.0,1,0,0,0,0,0,0,0,0,6352.0,1,0,0,0,0,0,0,0,0
360,2017-04-21,09:34:12,600,IC1704,CCFX,6351.0,6341.6,6358.8,211,268103560,4941,5141,7605.2,5070.4,6337.8,6347.8,0.0,6347.8,0.0,0,0,2017-04-21,34452600,6350.8,3,0,0,0,0,0,0,0,0,6352.0,1,0,0,0,0,0,0,0,0
361,2017-04-21,09:34:13,600,IC1704,CCFX,6352.0,6341.6,6358.8,212,269373960,4940,5141,7605.2,5070.4,6337.8,6347.8,0.0,6347.8,0.0,0,0,2017-04-21,34453600,6350.8,3,0,0,0,0,0,0,0,0,6352.4,2,0,0,0,0,0,0,0,0
362,2017-04-21,09:34:14,600,IC1704,CCFX,6352.0,6341.6,6358.8,212,269373960,4940,5141,7605.2,5070.4,6337.8,6347.8,0.0,6347.8,0.0,0,0,2017-04-21,34454600,6350.8,2,0,0,0,0,0,0,0,0,6352.4,2,0,0,0,0,0,0,0,0
363,2017-04-21,09:34:15,600,IC1704,CCFX,6352.0,6341.6,6358.8,212,269373960,4940,5141,7605.2,5070.4,6337.8,6347.8,0.0,6347.8,0.0,0,0,2017-04-21,34455600,6350.8,2,0,0,0,0,0,0,0,0,6352.0,1,0,0,0,0,0,0,0,0
364,2017-04-21,09:34:19,100,IC1704,CCFX,6352.0,6341.6,6358.8,212,269373960,4940,5141,7605.2,5070.4,6337.8,6347.8,0.0,6347.8,0.0,0,0,2017-04-21,34459100,6351.0,1,0,0,0,0,0,0,0,0,6352.0,1,0,0,0,0,0,0,0,0
365,2017-04-21,09:34:19,600,IC1704,CCFX,6352.0,6341.6,6358.8,213,270644360,4939,5141,7605.2,5070.4,6337.8,6347.8,0.0,6347.8,0.0,0,0,2017-04-21,34459600,6351.0,1,0,0,0,0,0,0,0,0,6352.4,2,0,0,0,0,0,0,0,0
366,2017-04-21,09:34:20,100,IC1704,CCFX,6352.0,6341.6,6358.8,213,270644360,4939,5141,7605.2,5070.4,6337.8,6347.8,0.0,6347.8,0.0,0,0,2017-04-21,34460100,6352.0,2,0,0,0,0,0,0,0,0,6352.4,2,0,0,0,0,0,0,0,0
367,2017-04-21,09:34:20,600,IC1704,CCFX,6352.4,6341.6,6358.8,214,271914840,4938,5141,7605.2,5070.4,6337.8,6347.8,0.0,6347.8,0.0,0,0,2017-04-21,34460600,6352.0,2,0,0,0,0,0,0,0,0,6352.4,1,0,0,0,0,0,0,0,0
368,2017-04-21,09:34:21,600,IC1704,CCFX,6352.4,6341.6,6358.8,215,273185320,4937,5141,7605.2,5070.4,6337.8,6347.8,0.0,6347.8,0.0,0,0,2017-04-21,34461600,6352.0,2,0,0,0,0,0,0,0,0,6352.8,2,0,0,0,0,0,0,0,0
369,2017-04-21,09:34:22,100,IC1704,CCFX,6352.8,6341.6,6358.8,217,275726440,4935,5141,7605.2,5070.4,6337.8,6347.8,0.0,6347.8,0.0,0,0,2017-04-21,34462100,6352.8,4,0,0,0,0,0,0,0,0,6353.8,1,0,0,0,0,0,0,0,0
370,2017-04-21,09:34:22,600,IC1704,CCFX,6353.8,6341.6,6358.8,218,276997200,4934,5141,7605.2,5070.4,6337.8,6347.8,0.0,6347.8,0.0,0,0,2017-04-21,34462600,6352.8,4,0,0,0,0,0,0,0,0,6354.2,1,0,0,0,0,0,0,0,0
371,2017-04-21,09:34:23,600,IC1704,CCFX,6353.8,6341.6,6358.8,218,276997200,4934,5141,7605.2,5070.4,6337.8,6347.8,0.0,6347.8,0.0,0,0,2017-04-21,34463600,6352.8,4,0,0,0,0,0,0,0,0,6354.2,1,0,0,0,0,0,0,0,0
372,2017-04-21,09:34:24,600,IC1704,CCFX,6354.2,6341.6,6358.8,219,278268040,4933,5141,7605.2,5070.4,6337.8,6347.8,0.0,6347.8,0.0,0,0,2017-04-21,34464600,6354.2,1,0,0,0,0,0,0,0,0,6354.6,1,0,0,0,0,0,0,0,0
373,2017-04-21,09:34:25,100,IC1704,CCFX,6352.8,6341.6,6358.8,221,280809440,4931,5141,7605.2,5070.4,6337.8,6347.8,0.0,6347.8,0.0,0,0,2017-04-21,34465100,6352.8,3,0,0,0,0,0,0,0,0,6354.4,1,0,0,0,0,0,0,0,0
374,2017-04-21,09:34:25,600,IC1704,CCFX,6354.6,6341.6,6358.8,222,282080360,4930,5141,7605.2,5070.4,6337.8,6347.8,0.0,6347.8,0.0,0,0,2017-04-21,34465600,6355.0,2,0,0,0,0,0,0,0,0,6355.2,1,0,0,0,0,0,0,0,0
375,2017-04-21,09:34:26,100,IC1704,CCFX,6355.0,6341.6,6358.8,225,285893280,4927,5141,7605.2,5070.4,6337.8,6347.8,0.0,6347.8,0.0,0,0,2017-04-21,34466100,6352.8,3,0,0,0,0,0,0,0,0,6354.0,1,0,0,0,0,0,0,0,0
376,2017-04-21,09:34:26,600,IC1704,CCFX,6354.0,6341.6,6358.8,227,288434640,4925,5141,7605.2,5070.4,6337.8,6347.8,0.0,6347.8,0.0,0,0,2017-04-21,34466600,6352.8,2,0,0,0,0,0,0,0,0,6355.2,1,0,0,0,0,0,0,0,0
377,2017-04-21,09:34:27,100,IC1704,CCFX,6354.0,6341.6,6358.8,227,288434640,4925,5141,7605.2,5070.4,6337.8,6347.8,0.0,6347.8,0.0,0,0,2017-04-21,34467100,6353.0,1,0,0,0,0,0,0,0,0,6355.2,1,0,0,0,0,0,0,0,0
378,2017-04-21,09:34:27,600,IC1704,CCFX,6353.0,6341.6,6358.8,230,292247320,4922,5141,7605.2,5070.4,6337.8,6347.8,0.0,6347.8,0.0,0,0,2017-04-21,34467600,6352.4,1,0,0,0,0,0,0,0,0,6356.2,2,0,0,0,0,0,0,0,0
379,2017-04-21,09:34:28,100,IC1704,CCFX,6353.0,6341.6,6358.8,230,292247320,4922,5141,7605.2,5070.4,6337.8,6347.8,0.0,6347.8,0.0,0,0,2017-04-21,34468100,6352.4,1,0,0,0,0,0,0,0,0,6356.0,2,0,0,0,0,0,0,0,0
380,2017-04-21,09:34:28,600,IC1704,CCFX,6356.0,6341.6,6358.8,231,293518520,4921,5141,7605.2,5070.4,6337.8,6347.8,0.0,6347.8,0.0,0,0,2017-04-21,34468600,6352.6,1,0,0,0,0,0,0,0,0,6356.0,1,0,0,0,0,0,0,0,0
381,2017-04-21,09:34:29,100,IC1704,CCFX,6356.0,6341.6,6358.8,231,293518520,4921,5141,7605.2,5070.4,6337.8,6347.8,0.0,6347.8,0.0,0,0,2017-04-21,34469100,6352.8,1,0,0,0,0,0,0,0,0,6356.0,1,0,0,0,0,0,0,0,0
382,2017-04-21,09:34:29,600,IC1704,CCFX,6356.0,6341.6,6358.8,232,294789720,4920,5141,7605.2,5070.4,6337.8,6347.8,0.0,6347.8,0.0,0,0,2017-04-21,34469600,6352.8,1,0,0,0,0,0,0,0,0,6356.2,2,0,0,0,0,0,0,0,0
383,2017-04-21,09:34:30,100,IC1704,CCFX,6356.0,6341.6,6358.8,232,294789720,4920,5141,7605.2,5070.4,6337.8,6347.8,0.0,6347.8,0.0,0,0,2017-04-21,34470100,6353.0,1,0,0,0,0,0,0,0,0,6356.2,2,0,0,0,0,0,0,0,0
384,2017-04-21,09:34:30,600,IC1704,CCFX,6356.0,6341.6,6358.8,232,294789720,4920,5141,7605.2,5070.4,6337.8,6347.8,0.0,6347.8,0.0,0,0,2017-04-21,34470600,6353.2,1,0,0,0,0,0,0,0,0,6356.2,2,0,0,0,0,0,0,0,0
385,2017-04-21,09:34:31,100,IC1704,CCFX,6356.0,6341.6,6358.8,232,294789720,4920,5141,7605.2,5070.4,6337.8,6347.8,0.0,6347.8,0.0,0,0,2017-04-21,34471100,6353.4,2,0,0,0,0,0,0,0,0,6356.2,2,0,0,0,0,0,0,0,0
386,2017-04-21,09:34:31,600,IC1704,CCFX,6356.0,6341.6,6358.8,232,294789720,4920,5141,7605.2,5070.4,6337.8,6347.8,0.0,6347.8,0.0,0,0,2017-04-21,34471600,6353.6,1,0,0,0,0,0,0,0,0,6356.2,2,0,0,0,0,0,0,0,0
387,2017-04-21,09:34:32,100,IC1704,CCFX,6356.0,6341.6,6358.8,232,294789720,4920,5141,7605.2,5070.4,6337.8,6347.8,0.0,6347.8,0.0,0,0,2017-04-21,34472100,6353.8,3,0,0,0,0,0,0,0,0,6356.2,2,0,0,0,0,0,0,0,0
388,2017-04-21,09:34:33,100,IC1704,CCFX,6356.2,6341.6,6358.8,233,296060960,4919,5141,7605.2,5070.4,6337.8,6347.8,0.0,6347.8,0.0,0,0,2017-04-21,34473100,6353.8,3,0,0,0,0,0,0,0,0,6356.2,1,0,0,0,0,0,0,0,0
389,2017-04-21,09:34:33,600,IC1704,CCFX,6356.2,6341.6,6358.8,234,297332200,4918,5141,7605.2,5070.4,6337.8,6347.8,0.0,6347.8,0.0,0,0,2017-04-21,34473600,6355.2,1,0,0,0,0,0,0,0,0,6356.2,1,0,0,0,0,0,0,0,0
390,2017-04-21,09:34:34,100,IC1704,CCFX,6356.2,6341.6,6358.8,234,297332200,4918,5141,7605.2,5070.4,6337.8,6347.8,0.0,6347.8,0.0,0,0,2017-04-21,34474100,6353.8,2,0,0,0,0,0,0,0,0,6354.4,1,0,0,0,0,0,0,0,0
391,2017-04-21,09:34:34,600,IC1704,CCFX,6354.4,6341.6,6358.8,235,298603080,4917,5141,7605.2,5070.4,6337.8,6347.8,0.0,6347.8,0.0,0,0,2017-04-21,34474600,6354.8,1,0,0,0,0,0,0,0,0,6356.2,1,0,0,0,0,0,0,0,0
392,2017-04-21,09:34:35,100,IC1704,CCFX,6354.4,6341.6,6358.8,235,298603080,4917,5141,7605.2,5070.4,6337.8,6347.8,0.0,6347.8,0.0,0,0,2017-04-21,34475100,6355.0,1,0,0,0,0,0,0,0,0,6356.2,1,0,0,0,0,0,0,0,0
393,2017-04-21,09:34:35,600,IC1704,CCFX,6354.4,6341.6,6358.8,235,298603080,4917,5141,7605.2,5070.4,6337.8,6347.8,0.0,6347.8,0.0,0,0,2017-04-21,34475600,6355.2,1,0,0,0,0,0,0,0,0,6356.2,1,0,0,0,0,0,0,0,0
394,2017-04-21,09:34:36,100,IC1704,CCFX,6356.2,6341.6,6358.8,236,299874320,4916,5141,7605.2,5070.4,6337.8,6347.8,0.0,6347.8,0.0,0,0,2017-04-21,34476100,6355.2,1,0,0,0,0,0,0,0,0,6356.4,2,0,0,0,0,0,0,0,0
395,2017-04-21,09:34:37,100,IC1704,CCFX,6356.2,6341.6,6358.8,236,299874320,4916,5141,7605.2,5070.4,6337.8,6347.8,0.0,6347.8,0.0,0,0,2017-04-21,34477100,6355.2,1,0,0,0,0,0,0,0,0,6356.4,2,0,0,0,0,0,0,0,0
396,2017-04-21,09:34:38,100,IC1704,CCFX,6356.4,6341.6,6358.8,238,302416880,4914,5141,7605.2,5070.4,6337.8,6347.8,0.0,6347.8,0.0,0,0,2017-04-21,34478100,6355.2,1,0,0,0,0,0,0,0,0,6356.8,1,0,0,0,0,0,0,0,0
397,2017-04-21,09:34:39,600,IC1704,CCFX,6355.4,6341.6,6358.8,241,306230440,4911,5141,7605.2,5070.4,6337.8,6347.8,0.0,6347.8,0.0,0,0,2017-04-21,34479600,6356.0,1,0,0,0,0,0,0,0,0,6358.8,2,0,0,0,0,0,0,0,0
398,2017-04-21,09:34:40,100,IC1704,CCFX,6355.4,6341.6,6358.8,241,306230440,4911,5141,7605.2,5070.4,6337.8,6347.8,0.0,6347.8,0.0,0,0,2017-04-21,34480100,6356.2,2,0,0,0,0,0,0,0,0,6358.8,2,0,0,0,0,0,0,0,0
399,2017-04-21,09:34:40,600,IC1704,CCFX,6355.4,6341.6,6358.8,241,306230440,4911,5141,7605.2,5070.4,6337.8,6347.8,0.0,6347.8,0.0,0,0,2017-04-21,34480600,6356.4,4,0,0,0,0,0,0,0,0,6358.8,2,0,0,0,0,0,0,0,0
400,2017-04-21,09:34:41,100,IC1704,CCFX,6355.4,6341.6,6358.8,241,306230440,4911,5141,7605.2,5070.4,6337.8,6347.8,0.0,6347.8,0.0,0,0,2017-04-21,34481100,6356.6,2,0,0,0,0,0,0,0,0,6358.8,2,0,0,0,0,0,0,0,0
401,2017-04-21,09:34:41,600,IC1704,CCFX,6355.4,6341.6,6358.8,241,306230440,4911,5141,7605.2,5070.4,6337.8,6347.8,0.0,6347.8,0.0,0,0,2017-04-21,34481600,6356.8,3,0,0,0,0,0,0,0,0,6358.8,2,0,0,0,0,0,0,0,0
402,2017-04-21,09:34:42,100,IC1704,CCFX,6356.6,6341.6,6358.8,242,307501760,4910,5141,7605.2,5070.4,6337.8,6347.8,0.0,6347.8,0.0,0,0,2017-04-21,34482100,6356.8,3,0,0,0,0,0,0,0,0,6358.8,2,0,0,0,0,0,0,0,0
403,2017-04-21,09:34:42,600,IC1704,CCFX,6356.6,6341.6,6358.8,242,307501760,4910,5141,7605.2,5070.4,6337.8,6347.8,0.0,6347.8,0.0,0,0,2017-04-21,34482600,6356.8,3,0,0,0,0,0,0,0,0,6358.6,1,0,0,0,0,0,0,0,0
404,2017-04-21,09:34:44,100,IC1704,CCFX,6356.6,6341.6,6358.8,242,307501760,4910,5141,7605.2,5070.4,6337.8,6347.8,0.0,6347.8,0.0,0,0,2017-04-21,34484100,6357.0,2,0,0,0,0,0,0,0,0,6358.6,2,0,0,0,0,0,0,0,0
405,2017-04-21,09:34:44,600,IC1704,CCFX,6356.6,6341.6,6358.8,242,307501760,4910,5141,7605.2,5070.4,6337.8,6347.8,0.0,6347.8,0.0,0,0,2017-04-21,34484600,6357.2,3,0,0,0,0,0,0,0,0,6358.6,2,0,0,0,0,0,0,0,0
406,2017-04-21,09:34:45,100,IC1704,CCFX,6356.6,6341.6,6358.8,242,307501760,4910,5141,7605.2,5070.4,6337.8,6347.8,0.0,6347.8,0.0,0,0,2017-04-21,34485100,6357.2,2,0,0,0,0,0,0,0,0,6358.6,2,0,0,0,0,0,0,0,0
407,2017-04-21,09:34:45,600,IC1704,CCFX,6356.6,6341.6,6358.8,242,307501760,4910,5141,7605.2,5070.4,6337.8,6347.8,0.0,6347.8,0.0,0,0,2017-04-21,34485600,6357.2,1,0,0,0,0,0,0,0,0,6358.6,2,0,0,0,0,0,0,0,0
408,2017-04-21,09:34:46,100,IC1704,CCFX,6356.6,6341.6,6358.8,242,307501760,4910,5141,7605.2,5070.4,6337.8,6347.8,0.0,6347.8,0.0,0,0,2017-04-21,34486100,6357.2,1,0,0,0,0,0,0,0,0,6358.6,2,0,0,0,0,0,0,0,0
409,2017-04-21,09:34:46,600,IC1704,CCFX,6356.6,6341.6,6358.8,242,307501760,4910,5141,7605.2,5070.4,6337.8,6347.8,0.0,6347.8,0.0,0,0,2017-04-21,34486600,6357.2,1,0,0,0,0,0,0,0,0,6358.0,1,0,0,0,0,0,0,0,0
410,2017-04-21,09:34:47,100,IC1704,CCFX,6358.0,6341.6,6358.8,243,308773360,4909,5141,7605.2,5070.4,6337.8,6347.8,0.0,6347.8,0.0,0,0,2017-04-21,34487100,6356.4,2,0,0,0,0,0,0,0,0,6358.6,2,0,0,0,0,0,0,0,0
411,2017-04-21,09:34:47,600,IC1704,CCFX,6358.0,6341.6,6358.8,243,308773360,4909,5141,7605.2,5070.4,6337.8,6347.8,0.0,6347.8,0.0,0,0,2017-04-21,34487600,6358.0,1,0,0,0,0,0,0,0,0,6358.6,2,0,0,0,0,0,0,0,0
412,2017-04-21,09:34:50,100,IC1704,CCFX,6358.0,6341.6,6358.8,243,308773360,4909,5141,7605.2,5070.4,6337.8,6347.8,0.0,6347.8,0.0,0,0,2017-04-21,34490100,6358.2,1,0,0,0,0,0,0,0,0,6358.6,2,0,0,0,0,0,0,0,0
413,2017-04-21,09:34:50,600,IC1704,CCFX,6358.0,6341.6,6358.8,243,308773360,4909,5141,7605.2,5070.4,6337.8,6347.8,0.0,6347.8,0.0,0,0,2017-04-21,34490600,6358.2,1,0,0,0,0,0,0,0,0,6358.6,2,0,0,0,0,0,0,0,0
414,2017-04-21,09:34:51,100,IC1704,CCFX,6358.6,6341.6,6358.8,244,310045080,4909,5141,7605.2,5070.4,6337.8,6347.8,0.0,6347.8,0.0,0,0,2017-04-21,34491100,6358.4,1,0,0,0,0,0,0,0,0,6358.6,1,0,0,0,0,0,0,0,0
415,2017-04-21,09:34:52,100,IC1704,CCFX,6358.6,6341.6,6358.8,245,311316800,4908,5141,7605.2,5070.4,6337.8,6347.8,0.0,6347.8,0.0,0,0,2017-04-21,34492100,6358.4,1,0,0,0,0,0,0,0,0,6358.8,2,0,0,0,0,0,0,0,0
416,2017-04-21,09:34:53,100,IC1704,CCFX,6358.6,6341.6,6358.8,245,311316800,4908,5141,7605.2,5070.4,6337.8,6347.8,0.0,6347.8,0.0,0,0,2017-04-21,34493100,6358.6,1,0,0,0,0,0,0,0,0,6358.8,2,0,0,0,0,0,0,0,0
417,2017-04-21,09:34:53,600,IC1704,CCFX,6358.8,6341.6,6358.8,246,312588560,4907,5141,7605.2,5070.4,6337.8,6347.8,0.0,6347.8,0.0,0,0,2017-04-21,34493600,6358.6,1,0,0,0,0,0,0,0,0,6358.8,1,0,0,0,0,0,0,0,0
418,2017-04-21,09:34:54,100,IC1704,CCFX,6358.8,6341.6,6358.8,247,313860320,4906,5141,7605.2,5070.4,6337.8,6347.8,0.0,6347.8,0.0,0,0,2017-04-21,34494100,6358.8,1,0,0,0,0,0,0,0,0,6359.6,4,0,0,0,0,0,0,0,0
419,2017-04-21,09:34:55,100,IC1704,CCFX,6359.6,6341.6,6359.6,248,315132240,4905,5141,7605.2,5070.4,6337.8,6347.8,0.0,6347.8,0.0,0,0,2017-04-21,34495100,6358.8,1,0,0,0,0,0,0,0,0,6359.6,3,0,0,0,0,0,0,0,0
420,2017-04-21,09:34:55,600,IC1704,CCFX,6358.8,6341.6,6359.6,249,316404000,4904,5141,7605.2,5070.4,6337.8,6347.8,0.0,6347.8,0.0,0,0,2017-04-21,34495600,6358.0,1,0,0,0,0,0,0,0,0,6358.6,1,0,0,0,0,0,0,0,0
421,2017-04-21,09:34:56,100,IC1704,CCFX,6358.8,6341.6,6359.6,249,316404000,4904,5141,7605.2,5070.4,6337.8,6347.8,0.0,6347.8,0.0,0,0,2017-04-21,34496100,6358.2,1,0,0,0,0,0,0,0,0,6358.6,1,0,0,0,0,0,0,0,0
422,2017-04-21,09:34:56,600,IC1704,CCFX,6358.0,6341.6,6359.6,251,318947240,4903,5141,7605.2,5070.4,6337.8,6347.8,0.0,6347.8,0.0,0,0,2017-04-21,34496600,6356.6,1,0,0,0,0,0,0,0,0,6358.6,1,0,0,0,0,0,0,0,0
423,2017-04-21,09:34:57,100,IC1704,CCFX,6358.0,6341.6,6359.6,251,318947240,4903,5141,7605.2,5070.4,6337.8,6347.8,0.0,6347.8,0.0,0,0,2017-04-21,34497100,6357.6,1,0,0,0,0,0,0,0,0,6358.6,1,0,0,0,0,0,0,0,0
424,2017-04-21,09:34:57,600,IC1704,CCFX,6358.0,6341.6,6359.6,251,318947240,4903,5141,7605.2,5070.4,6337.8,6347.8,0.0,6347.8,0.0,0,0,2017-04-21,34497600,6357.8,1,0,0,0,0,0,0,0,0,6358.6,1,0,0,0,0,0,0,0,0
425,2017-04-21,09:34:58,100,IC1704,CCFX,6358.0,6341.6,6359.6,251,318947240,4903,5141,7605.2,5070.4,6337.8,6347.8,0.0,6347.8,0.0,0,0,2017-04-21,34498100,6357.8,1,0,0,0,0,0,0,0,0,6358.6,1,0,0,0,0,0,0,0,0
426,2017-04-21,09:34:59,100,IC1704,CCFX,6358.0,6341.6,6359.6,251,318947240,4903,5141,7605.2,5070.4,6337.8,6347.8,0.0,6347.8,0.0,0,0,2017-04-21,34499100,6357.8,1,0,0,0,0,0,0,0,0,6358.6,1,0,0,0,0,0,0,0,0
427,2017-04-21,09:35:01,600,IC1704,CCFX,6358.0,6341.6,6359.6,251,318947240,4903,5141,7605.2,5070.4,6337.8,6347.8,0.0,6347.8,0.0,0,0,2017-04-21,34501600,6357.8,1,0,0,0,0,0,0,0,0,6358.6,1,0,0,0,0,0,0,0,0
428,2017-04-21,09:35:02,100,IC1704,CCFX,6358.0,6341.6,6359.6,251,318947240,4903,5141,7605.2,5070.4,6337.8,6347.8,0.0,6347.8,0.0,0,0,2017-04-21,34502100,6358.0,1,0,0,0,0,0,0,0,0,6358.4,1,0,0,0,0,0,0,0,0
429,2017-04-21,09:35:02,600,IC1704,CCFX,6358.0,6341.6,6359.6,251,318947240,4903,5141,7605.2,5070.4,6337.8,6347.8,0.0,6347.8,0.0,0,0,2017-04-21,34502600,6358.0,1,0,0,0,0,0,0,0,0,6358.4,1,0,0,0,0,0,0,0,0
430,2017-04-21,09:35:03,100,IC1704,CCFX,6358.0,6341.6,6359.6,251,318947240,4903,5141,7605.2,5070.4,6337.8,6347.8,0.0,6347.8,0.0,0,0,2017-04-21,34503100,6358.0,1,0,0,0,0,0,0,0,0,6358.4,2,0,0,0,0,0,0,0,0
431,2017-04-21,09:35:03,600,IC1704,CCFX,6358.0,6341.6,6359.6,251,318947240,4903,5141,7605.2,5070.4,6337.8,6347.8,0.0,6347.8,0.0,0,0,2017-04-21,34503600,6358.0,1,0,0,0,0,0,0,0,0,6358.4,3,0,0,0,0,0,0,0,0
432,2017-04-21,09:35:06,600,IC1704,CCFX,6358.0,6341.6,6359.6,252,320218840,4902,5141,7605.2,5070.4,6337.8,6347.8,0.0,6347.8,0.0,0,0,2017-04-21,34506600,6357.8,1,0,0,0,0,0,0,0,0,6358.4,3,0,0,0,0,0,0,0,0
433,2017-04-21,09:35:07,100,IC1704,CCFX,6358.4,6341.6,6359.6,254,322762200,4900,5141,7605.2,5070.4,6337.8,6347.8,0.0,6347.8,0.0,0,0,2017-04-21,34507100,6357.6,1,0,0,0,0,0,0,0,0,6358.4,1,0,0,0,0,0,0,0,0
434,2017-04-21,09:35:07,600,IC1704,CCFX,6358.4,6341.6,6359.6,255,324033880,4899,5141,7605.2,5070.4,6337.8,6347.8,0.0,6347.8,0.0,0,0,2017-04-21,34507600,6357.6,1,0,0,0,0,0,0,0,0,6358.2,1,0,0,0,0,0,0,0,0
435,2017-04-21,09:35:08,100,IC1704,CCFX,6358.4,6341.6,6359.6,256,325305560,4900,5141,7605.2,5070.4,6337.8,6347.8,0.0,6347.8,0.0,0,0,2017-04-21,34508100,6357.6,1,0,0,0,0,0,0,0,0,6358.6,1,0,0,0,0,0,0,0,0
436,2017-04-21,09:35:08,600,IC1704,CCFX,6358.4,6341.6,6359.6,256,325305560,4900,5141,7605.2,5070.4,6337.8,6347.8,0.0,6347.8,0.0,0,0,2017-04-21,34508600,6357.6,1,0,0,0,0,0,0,0,0,6358.8,1,0,0,0,0,0,0,0,0
437,2017-04-21,09:35:09,100,IC1704,CCFX,6358.4,6341.6,6359.6,256,325305560,4900,5141,7605.2,5070.4,6337.8,6347.8,0.0,6347.8,0.0,0,0,2017-04-21,34509100,6357.6,1,0,0,0,0,0,0,0,0,6358.2,1,0,0,0,0,0,0,0,0
438,2017-04-21,09:35:09,600,IC1704,CCFX,6358.4,6341.6,6359.6,257,326577240,4899,5141,7605.2,5070.4,6337.8,6347.8,0.0,6347.8,0.0,0,0,2017-04-21,34509600,6357.6,1,0,0,0,0,0,0,0,0,6358.8,1,0,0,0,0,0,0,0,0
439,2017-04-21,09:35:10,100,IC1704,CCFX,6358.4,6341.6,6359.6,257,326577240,4899,5141,7605.2,5070.4,6337.8,6347.8,0.0,6347.8,0.0,0,0,2017-04-21,34510100,6358.4,1,0,0,0,0,0,0,0,0,6358.8,1,0,0,0,0,0,0,0,0
440,2017-04-21,09:35:10,600,IC1704,CCFX,6358.4,6341.6,6359.6,257,326577240,4899,5141,7605.2,5070.4,6337.8,6347.8,0.0,6347.8,0.0,0,0,2017-04-21,34510600,6358.4,1,0,0,0,0,0,0,0,0,6358.8,1,0,0,0,0,0,0,0,0
441,2017-04-21,09:35:11,100,IC1704,CCFX,6358.4,6341.6,6359.6,258,327848920,4898,5141,7605.2,5070.4,6337.8,6347.8,0.0,6347.8,0.0,0,0,2017-04-21,34511100,6357.6,1,0,0,0,0,0,0,0,0,6358.8,1,0,0,0,0,0,0,0,0
442,2017-04-21,09:35:11,600,IC1704,CCFX,6358.4,6341.6,6359.6,258,327848920,4898,5141,7605.2,5070.4,6337.8,6347.8,0.0,6347.8,0.0,0,0,2017-04-21,34511600,6357.6,1,0,0,0,0,0,0,0,0,6358.6,1,0,0,0,0,0,0,0,0
443,2017-04-21,09:35:12,600,IC1704,CCFX,6358.6,6341.6,6359.6,259,329120640,4898,5141,7605.2,5070.4,6337.8,6347.8,0.0,6347.8,0.0,0,0,2017-04-21,34512600,6357.6,1,0,0,0,0,0,0,0,0,6358.8,1,0,0,0,0,0,0,0,0
444,2017-04-21,09:35:13,100,IC1704,CCFX,6358.8,6341.6,6359.6,260,330392400,4897,5141,7605.2,5070.4,6337.8,6347.8,0.0,6347.8,0.0,0,0,2017-04-21,34513100,6358.8,1,0,0,0,0,0,0,0,0,6359.0,1,0,0,0,0,0,0,0,0
445,2017-04-21,09:35:13,600,IC1704,CCFX,6359.0,6341.6,6359.6,261,331664200,4897,5141,7605.2,5070.4,6337.8,6347.8,0.0,6347.8,0.0,0,0,2017-04-21,34513600,6358.8,1,0,0,0,0,0,0,0,0,6359.6,3,0,0,0,0,0,0,0,0
446,2017-04-21,09:35:14,100,IC1704,CCFX,6359.0,6341.6,6359.6,261,331664200,4897,5141,7605.2,5070.4,6337.8,6347.8,0.0,6347.8,0.0,0,0,2017-04-21,34514100,6359.0,1,0,0,0,0,0,0,0,0,6359.6,3,0,0,0,0,0,0,0,0
447,2017-04-21,09:35:15,100,IC1704,CCFX,6359.0,6341.6,6359.6,262,332936000,4896,5141,7605.2,5070.4,6337.8,6347.8,0.0,6347.8,0.0,0,0,2017-04-21,34515100,6358.8,1,0,0,0,0,0,0,0,0,6359.6,3,0,0,0,0,0,0,0,0
448,2017-04-21,09:35:15,600,IC1704,CCFX,6358.8,6341.6,6359.6,263,334207760,4895,5141,7605.2,5070.4,6337.8,6347.8,0.0,6347.8,0.0,0,0,2017-04-21,34515600,6357.0,1,0,0,0,0,0,0,0,0,6359.6,3,0,0,0,0,0,0,0,0
449,2017-04-21,09:35:16,100,IC1704,CCFX,6358.8,6341.6,6359.6,263,334207760,4895,5141,7605.2,5070.4,6337.8,6347.8,0.0,6347.8,0.0,0,0,2017-04-21,34516100,6357.2,2,0,0,0,0,0,0,0,0,6359.6,3,0,0,0,0,0,0,0,0
450,2017-04-21,09:35:16,600,IC1704,CCFX,6358.8,6341.6,6359.6,263,334207760,4895,5141,7605.2,5070.4,6337.8,6347.8,0.0,6347.8,0.0,0,0,2017-04-21,34516600,6357.2,2,0,0,0,0,0,0,0,0,6359.4,1,0,0,0,0,0,0,0,0
451,2017-04-21,09:35:17,100,IC1704,CCFX,6358.8,6341.6,6359.6,263,334207760,4895,5141,7605.2,5070.4,6337.8,6347.8,0.0,6347.8,0.0,0,0,2017-04-21,34517100,6357.2,2,0,0,0,0,0,0,0,0,6359.4,2,0,0,0,0,0,0,0,0
452,2017-04-21,09:35:18,600,IC1704,CCFX,6358.8,6341.6,6359.6,263,334207760,4895,5141,7605.2,5070.4,6337.8,6347.8,0.0,6347.8,0.0,0,0,2017-04-21,34518600,6357.4,2,0,0,0,0,0,0,0,0,6359.4,2,0,0,0,0,0,0,0,0
453,2017-04-21,09:35:19,100,IC1704,CCFX,6359.4,6341.6,6359.6,264,335479640,4895,5141,7605.2,5070.4,6337.8,6347.8,0.0,6347.8,0.0,0,0,2017-04-21,34519100,6357.6,4,0,0,0,0,0,0,0,0,6359.4,1,0,0,0,0,0,0,0,0
454,2017-04-21,09:35:19,600,IC1704,CCFX,6359.4,6341.6,6359.6,264,335479640,4895,5141,7605.2,5070.4,6337.8,6347.8,0.0,6347.8,0.0,0,0,2017-04-21,34519600,6357.8,3,0,0,0,0,0,0,0,0,6359.4,1,0,0,0,0,0,0,0,0
455,2017-04-21,09:35:20,100,IC1704,CCFX,6359.4,6341.6,6359.6,265,336751520,4894,5141,7605.2,5070.4,6337.8,6347.8,0.0,6347.8,0.0,0,0,2017-04-21,34520100,6358.0,1,0,0,0,0,0,0,0,0,6359.6,3,0,0,0,0,0,0,0,0
456,2017-04-21,09:35:20,600,IC1704,CCFX,6359.4,6341.6,6359.6,265,336751520,4894,5141,7605.2,5070.4,6337.8,6347.8,0.0,6347.8,0.0,0,0,2017-04-21,34520600,6358.2,3,0,0,0,0,0,0,0,0,6359.6,3,0,0,0,0,0,0,0,0
457,2017-04-21,09:35:21,100,IC1704,CCFX,6359.4,6341.6,6359.6,265,336751520,4894,5141,7605.2,5070.4,6337.8,6347.8,0.0,6347.8,0.0,0,0,2017-04-21,34521100,6358.2,4,0,0,0,0,0,0,0,0,6359.6,3,0,0,0,0,0,0,0,0
458,2017-04-21,09:35:22,100,IC1704,CCFX,6359.4,6341.6,6359.6,265,336751520,4894,5141,7605.2,5070.4,6337.8,6347.8,0.0,6347.8,0.0,0,0,2017-04-21,34522100,6358.4,1,0,0,0,0,0,0,0,0,6359.4,1,0,0,0,0,0,0,0,0
459,2017-04-21,09:35:22,600,IC1704,CCFX,6359.4,6341.6,6359.6,265,336751520,4894,5141,7605.2,5070.4,6337.8,6347.8,0.0,6347.8,0.0,0,0,2017-04-21,34522600,6358.6,3,0,0,0,0,0,0,0,0,6359.4,1,0,0,0,0,0,0,0,0
460,2017-04-21,09:35:23,100,IC1704,CCFX,6359.4,6341.6,6359.6,266,338023400,4894,5141,7605.2,5070.4,6337.8,6347.8,0.0,6347.8,0.0,0,0,2017-04-21,34523100,6358.8,3,0,0,0,0,0,0,0,0,6359.6,3,0,0,0,0,0,0,0,0
461,2017-04-21,09:35:23,600,IC1704,CCFX,6359.6,6341.6,6359.6,268,340567240,4892,5141,7605.2,5070.4,6337.8,6347.8,0.0,6347.8,0.0,0,0,2017-04-21,34523600,6358.8,3,0,0,0,0,0,0,0,0,6359.6,1,0,0,0,0,0,0,0,0
462,2017-04-21,09:35:24,100,IC1704,CCFX,6359.6,6341.6,6359.6,269,341839160,4891,5141,7605.2,5070.4,6337.8,6347.8,0.0,6347.8,0.0,0,0,2017-04-21,34524100,6359.6,1,0,0,0,0,0,0,0,0,6359.8,2,0,0,0,0,0,0,0,0
463,2017-04-21,09:35:24,600,IC1704,CCFX,6359.8,6341.6,6359.8,271,344383080,4889,5141,7605.2,5070.4,6337.8,6347.8,0.0,6347.8,0.0,0,0,2017-04-21,34524600,6360.0,1,0,0,0,0,0,0,0,0,6362.2,1,0,0,0,0,0,0,0,0
464,2017-04-21,09:35:25,100,IC1704,CCFX,6362.2,6341.6,6362.2,272,345655520,4889,5141,7605.2,5070.4,6337.8,6347.8,0.0,6347.8,0.0,0,0,2017-04-21,34525100,6360.2,1,0,0,0,0,0,0,0,0,6363.0,1,0,0,0,0,0,0,0,0
465,2017-04-21,09:35:25,600,IC1704,CCFX,6362.2,6341.6,6362.2,272,345655520,4889,5141,7605.2,5070.4,6337.8,6347.8,0.0,6347.8,0.0,0,0,2017-04-21,34525600,6360.4,4,0,0,0,0,0,0,0,0,6363.0,1,0,0,0,0,0,0,0,0
466,2017-04-21,09:35:26,100,IC1704,CCFX,6362.2,6341.6,6362.2,272,345655520,4889,5141,7605.2,5070.4,6337.8,6347.8,0.0,6347.8,0.0,0,0,2017-04-21,34526100,6360.6,1,0,0,0,0,0,0,0,0,6363.0,1,0,0,0,0,0,0,0,0
467,2017-04-21,09:35:26,600,IC1704,CCFX,6362.2,6341.6,6362.2,272,345655520,4889,5141,7605.2,5070.4,6337.8,6347.8,0.0,6347.8,0.0,0,0,2017-04-21,34526600,6360.8,1,0,0,0,0,0,0,0,0,6363.0,1,0,0,0,0,0,0,0,0
468,2017-04-21,09:35:27,100,IC1704,CCFX,6362.2,6341.6,6362.2,272,345655520,4889,5141,7605.2,5070.4,6337.8,6347.8,0.0,6347.8,0.0,0,0,2017-04-21,34527100,6361.0,3,0,0,0,0,0,0,0,0,6363.0,1,0,0,0,0,0,0,0,0
469,2017-04-21,09:35:27,600,IC1704,CCFX,6363.0,6341.6,6363.0,273,346928120,4888,5141,7605.2,5070.4,6337.8,6347.8,0.0,6347.8,0.0,0,0,2017-04-21,34527600,6361.2,1,0,0,0,0,0,0,0,0,6363.6,1,0,0,0,0,0,0,0,0
470,2017-04-21,09:35:28,100,IC1704,CCFX,6361.4,6341.6,6363.0,275,349472680,4886,5141,7605.2,5070.4,6337.8,6347.8,0.0,6347.8,0.0,0,0,2017-04-21,34528100,6361.4,1,0,0,0,0,0,0,0,0,6363.6,1,0,0,0,0,0,0,0,0
471,2017-04-21,09:35:28,600,IC1704,CCFX,6361.4,6341.6,6363.0,275,349472680,4886,5141,7605.2,5070.4,6337.8,6347.8,0.0,6347.8,0.0,0,0,2017-04-21,34528600,6360.8,2,0,0,0,0,0,0,0,0,6363.6,1,0,0,0,0,0,0,0,0
472,2017-04-21,09:35:29,100,IC1704,CCFX,6361.4,6341.6,6363.0,275,349472680,4886,5141,7605.2,5070.4,6337.8,6347.8,0.0,6347.8,0.0,0,0,2017-04-21,34529100,6360.8,2,0,0,0,0,0,0,0,0,6363.4,1,0,0,0,0,0,0,0,0
473,2017-04-21,09:35:29,600,IC1704,CCFX,6361.4,6341.6,6363.0,275,349472680,4886,5141,7605.2,5070.4,6337.8,6347.8,0.0,6347.8,0.0,0,0,2017-04-21,34529600,6360.8,2,0,0,0,0,0,0,0,0,6363.4,1,0,0,0,0,0,0,0,0
474,2017-04-21,09:35:30,100,IC1704,CCFX,6363.4,6341.6,6363.4,276,350745360,4886,5141,7605.2,5070.4,6337.8,6347.8,0.0,6347.8,0.0,0,0,2017-04-21,34530100,6360.8,2,0,0,0,0,0,0,0,0,6363.6,1,0,0,0,0,0,0,0,0
475,2017-04-21,09:35:30,600,IC1704,CCFX,6363.4,6341.6,6363.4,276,350745360,4886,5141,7605.2,5070.4,6337.8,6347.8,0.0,6347.8,0.0,0,0,2017-04-21,34530600,6360.8,2,0,0,0,0,0,0,0,0,6363.6,1,0,0,0,0,0,0,0,0
476,2017-04-21,09:35:31,100,IC1704,CCFX,6363.4,6341.6,6363.4,276,350745360,4886,5141,7605.2,5070.4,6337.8,6347.8,0.0,6347.8,0.0,0,0,2017-04-21,34531100,6360.8,2,0,0,0,0,0,0,0,0,6363.6,1,0,0,0,0,0,0,0,0
477,2017-04-21,09:35:32,600,IC1704,CCFX,6363.4,6341.6,6363.4,276,350745360,4886,5141,7605.2,5070.4,6337.8,6347.8,0.0,6347.8,0.0,0,0,2017-04-21,34532600,6360.8,2,0,0,0,0,0,0,0,0,6363.4,1,0,0,0,0,0,0,0,0
478,2017-04-21,09:35:33,100,IC1704,CCFX,6363.4,6341.6,6363.4,276,350745360,4886,5141,7605.2,5070.4,6337.8,6347.8,0.0,6347.8,0.0,0,0,2017-04-21,34533100,6360.8,2,0,0,0,0,0,0,0,0,6363.2,1,0,0,0,0,0,0,0,0
479,2017-04-21,09:35:34,100,IC1704,CCFX,6363.4,6341.6,6363.4,276,350745360,4886,5141,7605.2,5070.4,6337.8,6347.8,0.0,6347.8,0.0,0,0,2017-04-21,34534100,6360.8,2,0,0,0,0,0,0,0,0,6363.0,1,0,0,0,0,0,0,0,0
480,2017-04-21,09:35:34,600,IC1704,CCFX,6363.4,6341.6,6363.4,276,350745360,4886,5141,7605.2,5070.4,6337.8,6347.8,0.0,6347.8,0.0,0,0,2017-04-21,34534600,6360.8,2,0,0,0,0,0,0,0,0,6362.8,1,0,0,0,0,0,0,0,0
481,2017-04-21,09:35:35,100,IC1704,CCFX,6363.4,6341.6,6363.4,276,350745360,4886,5141,7605.2,5070.4,6337.8,6347.8,0.0,6347.8,0.0,0,0,2017-04-21,34535100,6360.8,2,0,0,0,0,0,0,0,0,6362.8,1,0,0,0,0,0,0,0,0
482,2017-04-21,09:35:35,600,IC1704,CCFX,6360.8,6341.6,6363.4,277,352017520,4885,5141,7605.2,5070.4,6337.8,6347.8,0.0,6347.8,0.0,0,0,2017-04-21,34535600,6360.8,1,0,0,0,0,0,0,0,0,6362.6,1,0,0,0,0,0,0,0,0
483,2017-04-21,09:35:36,100,IC1704,CCFX,6360.8,6341.6,6363.4,278,353289680,4884,5141,7605.2,5070.4,6337.8,6347.8,0.0,6347.8,0.0,0,0,2017-04-21,34536100,6359.4,1,0,0,0,0,0,0,0,0,6361.0,1,0,0,0,0,0,0,0,0
484,2017-04-21,09:35:36,600,IC1704,CCFX,6359.4,6341.6,6363.4,279,354561560,4883,5141,7605.2,5070.4,6337.8,6347.8,0.0,6347.8,0.0,0,0,2017-04-21,34536600,6357.0,1,0,0,0,0,0,0,0,0,6360.8,1,0,0,0,0,0,0,0,0
485,2017-04-21,09:35:37,600,IC1704,CCFX,6359.4,6341.6,6363.4,279,354561560,4883,5141,7605.2,5070.4,6337.8,6347.8,0.0,6347.8,0.0,0,0,2017-04-21,34537600,6357.4,1,0,0,0,0,0,0,0,0,6360.8,1,0,0,0,0,0,0,0,0
486,2017-04-21,09:35:38,100,IC1704,CCFX,6359.4,6341.6,6363.4,279,354561560,4883,5141,7605.2,5070.4,6337.8,6347.8,0.0,6347.8,0.0,0,0,2017-04-21,34538100,6357.4,1,0,0,0,0,0,0,0,0,6360.8,1,0,0,0,0,0,0,0,0
487,2017-04-21,09:35:39,100,IC1704,CCFX,6359.4,6341.6,6363.4,279,354561560,4883,5141,7605.2,5070.4,6337.8,6347.8,0.0,6347.8,0.0,0,0,2017-04-21,34539100,6357.4,1,0,0,0,0,0,0,0,0,6360.8,1,0,0,0,0,0,0,0,0
488,2017-04-21,09:35:39,600,IC1704,CCFX,6359.4,6341.6,6363.4,279,354561560,4883,5141,7605.2,5070.4,6337.8,6347.8,0.0,6347.8,0.0,0,0,2017-04-21,34539600,6357.4,1,0,0,0,0,0,0,0,0,6360.6,1,0,0,0,0,0,0,0,0
489,2017-04-21,09:35:40,100,IC1704,CCFX,6359.4,6341.6,6363.4,279,354561560,4883,5141,7605.2,5070.4,6337.8,6347.8,0.0,6347.8,0.0,0,0,2017-04-21,34540100,6357.4,1,0,0,0,0,0,0,0,0,6360.4,1,0,0,0,0,0,0,0,0
490,2017-04-21,09:35:40,600,IC1704,CCFX,6357.4,6341.6,6363.4,281,357104560,4881,5141,7605.2,5070.4,6337.8,6347.8,0.0,6347.8,0.0,0,0,2017-04-21,34540600,6357.0,1,0,0,0,0,0,0,0,0,6360.4,1,0,0,0,0,0,0,0,0
491,2017-04-21,09:35:41,100,IC1704,CCFX,6357.4,6341.6,6363.4,281,357104560,4881,5141,7605.2,5070.4,6337.8,6347.8,0.0,6347.8,0.0,0,0,2017-04-21,34541100,6357.0,1,0,0,0,0,0,0,0,0,6360.0,1,0,0,0,0,0,0,0,0
492,2017-04-21,09:35:41,600,IC1704,CCFX,6357.4,6341.6,6363.4,281,357104560,4881,5141,7605.2,5070.4,6337.8,6347.8,0.0,6347.8,0.0,0,0,2017-04-21,34541600,6359.6,1,0,0,0,0,0,0,0,0,6359.8,1,0,0,0,0,0,0,0,0
493,2017-04-21,09:35:42,100,IC1704,CCFX,6357.4,6341.6,6363.4,281,357104560,4881,5141,7605.2,5070.4,6337.8,6347.8,0.0,6347.8,0.0,0,0,2017-04-21,34542100,6357.0,1,0,0,0,0,0,0,0,0,6359.8,1,0,0,0,0,0,0,0,0
