,dataDate,dataTime,dataMillisec,instrumentID,exchangeCD,lastPrice,lowPrice,highPrice,volume,value,openInterest,preOpenInterest,upperLimitPrice,lowerLimitPrice,preSettlementPrice,prevClosePrice,settlementPrice,openPrice,closePrice,preDelta,currDelta,clearingDay,milliSecOffset,bidPrice1,bidVolume1,bidPrice2,bidVolume2,bidPrice3,bidVolume3,bidPrice4,bidVolume4,bidPrice5,bidVolume5,askPrice1,askVolume1,askPrice2,askVolume2,askPrice3,askVolume3,askPrice4,askVolume4,askPrice5,askVolume5
0,2017-04-21,00:00:00,0,IF1704,CCFX,3458.6,0.0,0.0,0,0,6149,6149,0.0,0.0,3455.2,3458.6,0.0,0.0,0.0,0,0,2017-04-21,0,0.0,0,0,0,0,0,0,0,0,0,0.0,0,0,0,0,0,0,0,0,0
1,2017-04-21,07:03:29,100,IF1704,CCFX,3458.6,0.0,0.0,0,0,6149,6149,4146.2,2764.2,3455.2,3458.6,0.0,0.0,0.0,0,0,2017-04-21,25409100,0.0,0,0,0,0,0,0,0,0,0,0.0,0,0,0,0,0,0,0,0,0
2,2017-04-21,09:29:00,100,IF1704,CCFX,3461.6,3461.6,3461.6,32,33231360,6117,6149,4146.2,2764.2,3455.2,3458.6,0.0,3461.6,0.0,0,0,2017-04-21,34140100,3461.4,1,0,0,0,0,0,0,0,0,3462.0,2,0,0,0,0,0,0,0,0
3,2017-04-21,09:30:00,100,IF1704,CCFX,3461.6,3461.6,3461.6,32,33231360,6117,6149,4146.2,2764.2,3455.2,3458.6,0.0,3461.6,0.0,0,0,2017-04-21,34200100,3461.4,1,0,0,0,0,0,0,0,0,3462.0,2,0,0,0,0,0,0,0,0
4,2017-04-21,09:30:00,600,IF1704,CCFX,3462.0,3461.6,3462.0,34,35308560,6115,6149,4146.2,2764.2,3455.2,3458.6,0.0,3461.6,0.0,0,0,2017-04-21,34200600,3462.0,2,0,0,0,0,0,0,0,0,3463.4,1,0,0,0,0,0,0,0,0
5,2017-04-21,09:30:01,100,IF1704,CCFX,3461.4,3461.4,3462.0,43,44655660,6106,6149,4146.2,2764.2,3455.2,3458.6,0.0,3461.6,0.0,0,0,2017-04-21,34201100,3459.0,3,0,0,0,0,0,0,0,0,3461.2,5,0,0,0,0,0,0,0,0
6,2017-04-21,09:30:01,600,IF1704,CCFX,3461.4,3461.4,3462.0,46,47770920,6103,6149,4146.2,2764.2,3455.2,3458.6,0.0,3461.6,0.0,0,0,2017-04-21,34201600,3459.2,3,0,0,0,0,0,0,0,0,3461.2,4,0,0,0,0,0,0,0,0
7,2017-04-21,09:30:02,100,IF1704,CCFX,3461.4,3461.4,3462.0,46,47770920,6103,6149,4146.2,2764.2,3455.2,3458.6,0.0,3461.6,0.0,0,0,2017-04-21,34202100,3460.0,1,0,0,0,0,0,0,0,0,3461.2,4,0,0,0,0,0,0,0,0
8,2017-04-21,09:30:02,600,IF1704,CCFX,3461.2,3460.2,3462.0,48,49847340,6102,6149,4146.2,2764.2,3455.2,3458.6,0.0,3461.6,0.0,0,0,2017-04-21,34202600,3460.0,1,0,0,0,0,0,0,0,0,3461.2,3,0,0,0,0,0,0,0,0
9,2017-04-21,09:30:03,600,IF1704,CCFX,3461.2,3460.2,3462.0,49,50885700,6101,6149,4146.2,2764.2,3455.2,3458.6,0.0,3461.6,0.0,0,0,2017-04-21,34203600,3460.0,1,0,0,0,0,0,0,0,0,3461.2,2,0,0,0,0,0,0,0,0
10,2017-04-21,09:30:04,100,IF1704,CCFX,3461.2,3460.2,3462.0,51,52962420,6099,6149,4146.2,2764.2,3455.2,3458.6,0.0,3461.6,0.0,0,0,2017-04-21,34204100,3461.2,3,0,0,0,0,0,0,0,0,3462.0,2,0,0,0,0,0,0,0,0
11,2017-04-21,09:30:04,600,IF1704,CCFX,3461.2,3460.2,3462.0,52,54000780,6098,6149,4146.2,2764.2,3455.2,3458.6,0.0,3461.6,0.0,0,0,2017-04-21,34204600,3461.2,2,0,0,0,0,0,0,0,0,3461.8,2,0,0,0,0,0,0,0,0
12,2017-04-21,09:30:05,100,IF1704,CCFX,3461.2,3460.2,3462.0,53,55039140,6097,6149,4146.2,2764.2,3455.2,3458.6,0.0,3461.6,0.0,0,0,2017-04-21,34205100,3461.2,1,0,0,0,0,0,0,0,0,3462.0,1,0,0,0,0,0,0,0,0
13,2017-04-21,09:30:05,600,IF1704,CCFX,3463.4,3460.2,3463.4,57,59193840,6093,6149,4146.2,2764.2,3455.2,3458.6,0.0,3461.6,0.0,0,0,2017-04-21,34205600,3461.8,6,0,0,0,0,0,0,0,0,3463.8,1,0,0,0,0,0,0,0,0
14,2017-04-21,09:30:06,100,IF1704,CCFX,3463.4,3460.2,3463.4,57,59193840,6093,6149,4146.2,2764.2,3455.2,3458.6,0.0,3461.6,0.0,0,0,2017-04-21,34206100,3462.0,2,0,0,0,0,0,0,0,0,3463.6,1,0,0,0,0,0,0,0,0
15,2017-04-21,09:30:06,600,IF1704,CCFX,3463.6,3460.2,3463.6,58,60232920,6092,6149,4146.2,2764.2,3455.2,3458.6,0.0,3461.6,0.0,0,0,2017-04-21,34206600,3463.6,4,0,0,0,0,0,0,0,0,3463.8,1,0,0,0,0,0,0,0,0
16,2017-04-21,09:30:07,100,IF1704,CCFX,3463.6,3460.2,3463.8,61,63350280,6089,6149,4146.2,2764.2,3455.2,3458.6,0.0,3461.6,0.0,0,0,2017-04-21,34207100,3463.6,4,0,0,0,0,0,0,0,0,3464.0,2,0,0,0,0,0,0,0,0
17,2017-04-21,09:30:07,600,IF1704,CCFX,3464.0,3460.2,3464.0,63,65428680,6087,6149,4146.2,2764.2,3455.2,3458.6,0.0,3461.6,0.0,0,0,2017-04-21,34207600,3463.6,4,0,0,0,0,0,0,0,0,3465.0,2,0,0,0,0,0,0,0,0
18,2017-04-21,09:30:08,100,IF1704,CCFX,3464.0,3460.2,3464.0,63,65428680,6087,6149,4146.2,2764.2,3455.2,3458.6,0.0,3461.6,0.0,0,0,2017-04-21,34208100,3463.8,1,0,0,0,0,0,0,0,0,3465.0,2,0,0,0,0,0,0,0,0
19,2017-04-21,09:30:08,600,IF1704,CCFX,3465.0,3460.2,3465.0,65,67507320,6085,6149,4146.2,2764.2,3455.2,3458.6,0.0,3461.6,0.0,0,0,2017-04-21,34208600,3463.6,4,0,0,0,0,0,0,0,0,3465.0,1,0,0,0,0,0,0,0,0
20,2017-04-21,09:30:09,100,IF1704,CCFX,3465.0,3460.2,3465.0,66,68546820,6084,6149,4146.2,2764.2,3455.2,3458.6,0.0,3461.6,0.0,0,0,2017-04-21,34209100,3463.6,4,0,0,0,0,0,0,0,0,3464.8,1,0,0,0,0,0,0,0,0
21,2017-04-21,09:30:09,600,IF1704,CCFX,3465.0,3460.2,3465.0,66,68546820,6084,6149,4146.2,2764.2,3455.2,3458.6,0.0,3461.6,0.0,0,0,2017-04-21,34209600,3463.6,1,0,0,0,0,0,0,0,0,3464.8,1,0,0,0,0,0,0,0,0
22,2017-04-21,09:30:10,100,IF1704,CCFX,3463.6,3460.2,3465.0,67,69585900,6083,6149,4146.2,2764.2,3455.2,3458.6,0.0,3461.6,0.0,0,0,2017-04-21,34210100,3461.8,6,0,0,0,0,0,0,0,0,3464.8,1,0,0,0,0,0,0,0,0
23,2017-04-21,09:30:10,600,IF1704,CCFX,3464.4,3460.2,3465.0,71,73741020,6079,6149,4146.2,2764.2,3455.2,3458.6,0.0,3461.6,0.0,0,0,2017-04-21,34210600,3462.2,1,0,0,0,0,0,0,0,0,3464.6,1,0,0,0,0,0,0,0,0
24,2017-04-21,09:30:11,100,IF1704,CCFX,3464.4,3460.2,3465.0,71,73741020,6079,6149,4146.2,2764.2,3455.2,3458.6,0.0,3461.6,0.0,0,0,2017-04-21,34211100,3462.2,1,0,0,0,0,0,0,0,0,3464.2,1,0,0,0,0,0,0,0,0
25,2017-04-21,09:30:11,600,IF1704,CCFX,3464.4,3460.2,3465.0,71,73741020,6079,6149,4146.2,2764.2,3455.2,3458.6,0.0,3461.6,0.0,0,0,2017-04-21,34211600,3462.0,4,0,0,0,0,0,0,0,0,3464.0,1,0,0,0,0,0,0,0,0
26,2017-04-21,09:30:12,100,IF1704,CCFX,3464.4,3460.2,3465.0,71,73741020,6079,6149,4146.2,2764.2,3455.2,3458.6,0.0,3461.6,0.0,0,0,2017-04-21,34212100,3462.2,2,0,0,0,0,0,0,0,0,3464.0,1,0,0,0,0,0,0,0,0
27,2017-04-21,09:30:12,600,IF1704,CCFX,3464.4,3460.2,3465.0,71,73741020,6079,6149,4146.2,2764.2,3455.2,3458.6,0.0,3461.6,0.0,0,0,2017-04-21,34212600,3462.2,2,0,0,0,0,0,0,0,0,3464.0,1,0,0,0,0,0,0,0,0
28,2017-04-21,09:30:13,100,IF1704,CCFX,3462.0,3460.2,3465.0,74,76856940,6076,6149,4146.2,2764.2,3455.2,3458.6,0.0,3461.6,0.0,0,0,2017-04-21,34213100,3461.8,8,0,0,0,0,0,0,0,0,3462.0,2,0,0,0,0,0,0,0,0
29,2017-04-21,09:30:13,600,IF1704,CCFX,3462.0,3460.2,3465.0,78,81011280,6072,6149,4146.2,2764.2,3455.2,3458.6,0.0,3461.6,0.0,0,0,2017-04-21,34213600,3461.8,7,0,0,0,0,0,0,0,0,3462.0,3,0,0,0,0,0,0,0,0
30,2017-04-21,09:30:14,100,IF1704,CCFX,3461.8,3460.2,3465.0,82,85165620,6068,6149,4146.2,2764.2,3455.2,3458.6,0.0,3461.6,0.0,0,0,2017-04-21,34214100,3461.8,6,0,0,0,0,0,0,0,0,3463.8,2,0,0,0,0,0,0,0,0
31,2017-04-21,09:30:14,600,IF1704,CCFX,3463.8,3460.2,3465.0,85,88282980,6065,6149,4146.2,2764.2,3455.2,3458.6,0.0,3461.6,0.0,0,0,2017-04-21,34214600,3463.8,1,0,0,0,0,0,0,0,0,3464.2,1,0,0,0,0,0,0,0,0
32,2017-04-21,09:30:15,100,IF1704,CCFX,3462.0,3460.2,3465.0,88,91399860,6062,6149,4146.2,2764.2,3455.2,3458.6,0.0,3461.6,0.0,0,0,2017-04-21,34215100,3462.0,2,0,0,0,0,0,0,0,0,3464.0,2,0,0,0,0,0,0,0,0
33,2017-04-21,09:30:15,600,IF1704,CCFX,3462.0,3460.2,3465.0,88,91399860,6062,6149,4146.2,2764.2,3455.2,3458.6,0.0,3461.6,0.0,0,0,2017-04-21,34215600,3463.6,3,0,0,0,0,0,0,0,0,3463.8,1,0,0,0,0,0,0,0,0
34,2017-04-21,09:30:16,100,IF1704,CCFX,3462.0,3460.2,3465.0,92,95555700,6059,6149,4146.2,2764.2,3455.2,3458.6,0.0,3461.6,0.0,0,0,2017-04-21,34216100,3462.0,1,0,0,0,0,0,0,0,0,3464.0,2,0,0,0,0,0,0,0,0
35,2017-04-21,09:30:16,600,IF1704,CCFX,3462.0,3460.2,3465.0,93,96594300,6059,6149,4146.2,2764.2,3455.2,3458.6,0.0,3461.6,0.0,0,0,2017-04-21,34216600,3462.2,1,0,0,0,0,0,0,0,0,3463.8,1,0,0,0,0,0,0,0,0
36,2017-04-21,09:30:17,100,IF1704,CCFX,3462.0,3460.2,3465.0,93,96594300,6059,6149,4146.2,2764.2,3455.2,3458.6,0.0,3461.6,0.0,0,0,2017-04-21,34217100,3462.2,2,0,0,0,0,0,0,0,0,3463.4,2,0,0,0,0,0,0,0,0
37,2017-04-21,09:30:17,600,IF1704,CCFX,3462.0,3460.2,3465.0,93,96594300,6059,6149,4146.2,2764.2,3455.2,3458.6,0.0,3461.6,0.0,0,0,2017-04-21,34217600,3462.2,1,0,0,0,0,0,0,0,0,3463.4,2,0,0,0,0,0,0,0,0
38,2017-04-21,09:30:18,100,IF1704,CCFX,3462.0,3460.2,3465.0,93,96594300,6059,6149,4146.2,2764.2,3455.2,3458.6,0.0,3461.6,0.0,0,0,2017-04-21,34218100,3462.2,1,0,0,0,0,0,0,0,0,3463.2,1,0,0,0,0,0,0,0,0
39,2017-04-21,09:30:18,600,IF1704,CCFX,3462.2,3460.2,3465.0,94,97632960,6058,6149,4146.2,2764.2,3455.2,3458.6,0.0,3461.6,0.0,0,0,2017-04-21,34218600,3461.8,3,0,0,0,0,0,0,0,0,3462.2,3,0,0,0,0,0,0,0,0
40,2017-04-21,09:30:19,600,IF1704,CCFX,3462.2,3460.2,3465.0,94,97632960,6058,6149,4146.2,2764.2,3455.2,3458.6,0.0,3461.6,0.0,0,0,2017-04-21,34219600,3461.8,3,0,0,0,0,0,0,0,0,3462.2,3,0,0,0,0,0,0,0,0
41,2017-04-21,09:30:20,100,IF1704,CCFX,3462.2,3460.2,3465.0,94,97632960,6058,6149,4146.2,2764.2,3455.2,3458.6,0.0,3461.6,0.0,0,0,2017-04-21,34220100,3461.8,3,0,0,0,0,0,0,0,0,3462.2,3,0,0,0,0,0,0,0,0
42,2017-04-21,09:30:20,600,IF1704,CCFX,3462.2,3460.2,3465.0,95,98671620,6057,6149,4146.2,2764.2,3455.2,3458.6,0.0,3461.6,0.0,0,0,2017-04-21,34220600,3461.8,3,0,0,0,0,0,0,0,0,3462.2,2,0,0,0,0,0,0,0,0
43,2017-04-21,09:30:21,100,IF1704,CCFX,3462.2,3460.2,3465.0,95,98671620,6057,6149,4146.2,2764.2,3455.2,3458.6,0.0,3461.6,0.0,0,0,2017-04-21,34221100,3462.0,2,0,0,0,0,0,0,0,0,3462.2,2,0,0,0,0,0,0,0,0
44,2017-04-21,09:30:21,600,IF1704,CCFX,3462.2,3460.2,3465.0,95,98671620,6057,6149,4146.2,2764.2,3455.2,3458.6,0.0,3461.6,0.0,0,0,2017-04-21,34221600,3462.0,2,0,0,0,0,0,0,0,0,3462.2,2,0,0,0,0,0,0,0,0
45,2017-04-21,09:30:22,100,IF1704,CCFX,3461.8,3460.2,3465.0,99,102825900,6055,6149,4146.2,2764.2,3455.2,3458.6,0.0,3461.6,0.0,0,0,2017-04-21,34222100,3461.8,2,0,0,0,0,0,0,0,0,3462.2,2,0,0,0,0,0,0,0,0
46,2017-04-21,09:30:23,100,IF1704,CCFX,3461.8,3460.2,3465.0,99,102825900,6055,6149,4146.2,2764.2,3455.2,3458.6,0.0,3461.6,0.0,0,0,2017-04-21,34223100,3461.8,2,0,0,0,0,0,0,0,0,3462.2,2,0,0,0,0,0,0,0,0
47,2017-04-21,09:30:23,600,IF1704,CCFX,3461.8,3460.2,3465.0,100,103864440,6054,6149,4146.2,2764.2,3455.2,3458.6,0.0,3461.6,0.0,0,0,2017-04-21,34223600,3461.8,1,0,0,0,0,0,0,0,0,3462.2,2,0,0,0,0,0,0,0,0
48,2017-04-21,09:30:24,100,IF1704,CCFX,3461.8,3460.2,3465.0,100,103864440,6054,6149,4146.2,2764.2,3455.2,3458.6,0.0,3461.6,0.0,0,0,2017-04-21,34224100,3461.8,1,0,0,0,0,0,0,0,0,3462.2,2,0,0,0,0,0,0,0,0
49,2017-04-21,09:30:24,600,IF1704,CCFX,3461.8,3460.2,3465.0,100,103864440,6054,6149,4146.2,2764.2,3455.2,3458.6,0.0,3461.6,0.0,0,0,2017-04-21,34224600,3461.8,1,0,0,0,0,0,0,0,0,3462.2,2,0,0,0,0,0,0,0,0
50,2017-04-21,09:30:25,100,IF1704,CCFX,3461.8,3460.2,3465.0,101,104902980,6053,6149,4146.2,2764.2,3455.2,3458.6,0.0,3461.6,0.0,0,0,2017-04-21,34225100,3459.2,1,0,0,0,0,0,0,0,0,3461.8,3,0,0,0,0,0,0,0,0
51,2017-04-21,09:30:25,600,IF1704,CCFX,3461.8,3460.2,3465.0,101,104902980,6053,6149,4146.2,2764.2,3455.2,3458.6,0.0,3461.6,0.0,0,0,2017-04-21,34225600,3459.8,1,0,0,0,0,0,0,0,0,3461.4,3,0,0,0,0,0,0,0,0
52,2017-04-21,09:30:26,100,IF1704,CCFX,3461.8,3460.2,3465.0,101,104902980,6053,6149,4146.2,2764.2,3455.2,3458.6,0.0,3461.6,0.0,0,0,2017-04-21,34226100,3460.0,2,0,0,0,0,0,0,0,0,3461.4,2,0,0,0,0,0,0,0,0
53,2017-04-21,09:30:26,600,IF1704,CCFX,3461.4,3460.2,3465.0,102,105941400,6052,6149,4146.2,2764.2,3455.2,3458.6,0.0,3461.6,0.0,0,0,2017-04-21,34226600,3460.2,3,0,0,0,0,0,0,0,0,3461.2,2,0,0,0,0,0,0,0,0
54,2017-04-21,09:30:27,100,IF1704,CCFX,3461.8,3460.2,3465.0,107,111133860,6047,6149,4146.2,2764.2,3455.2,3458.6,0.0,3461.6,0.0,0,0,2017-04-21,34227100,3460.4,1,0,0,0,0,0,0,0,0,3462.2,2,0,0,0,0,0,0,0,0
55,2017-04-21,09:30:27,600,IF1704,CCFX,3461.8,3460.2,3465.0,107,111133860,6047,6149,4146.2,2764.2,3455.2,3458.6,0.0,3461.6,0.0,0,0,2017-04-21,34227600,3460.6,4,0,0,0,0,0,0,0,0,3461.6,1,0,0,0,0,0,0,0,0
56,2017-04-21,09:30:28,100,IF1704,CCFX,3461.8,3460.2,3465.0,107,111133860,6047,6149,4146.2,2764.2,3455.2,3458.6,0.0,3461.6,0.0,0,0,2017-04-21,34228100,3460.8,1,0,0,0,0,0,0,0,0,3461.6,1,0,0,0,0,0,0,0,0
57,2017-04-21,09:30:28,600,IF1704,CCFX,3461.8,3460.2,3465.0,107,111133860,6047,6149,4146.2,2764.2,3455.2,3458.6,0.0,3461.6,0.0,0,0,2017-04-21,34228600,3460.6,1,0,0,0,0,0,0,0,0,3461.6,1,0,0,0,0,0,0,0,0
58,2017-04-21,09:30:29,100,IF1704,CCFX,3461.8,3460.2,3465.0,107,111133860,6047,6149,4146.2,2764.2,3455.2,3458.6,0.0,3461.6,0.0,0,0,2017-04-21,34229100,3460.8,2,0,0,0,0,0,0,0,0,3461.4,1,0,0,0,0,0,0,0,0
59,2017-04-21,09:30:29,600,IF1704,CCFX,3461.8,3460.2,3465.0,107,111133860,6047,6149,4146.2,2764.2,3455.2,3458.6,0.0,3461.6,0.0,0,0,2017-04-21,34229600,3460.8,2,0,0,0,0,0,0,0,0,3461.4,1,0,0,0,0,0,0,0,0
60,2017-04-21,09:30:30,100,IF1704,CCFX,3461.8,3460.2,3465.0,107,111133860,6047,6149,4146.2,2764.2,3455.2,3458.6,0.0,3461.6,0.0,0,0,2017-04-21,34230100,3460.8,2,0,0,0,0,0,0,0,0,3461.4,1,0,0,0,0,0,0,0,0
61,2017-04-21,09:30:30,600,IF1704,CCFX,3460.8,3460.2,3465.0,109,113210340,6045,6149,4146.2,2764.2,3455.2,3458.6,0.0,3461.6,0.0,0,0,2017-04-21,34230600,3460.2,1,0,0,0,0,0,0,0,0,3460.8,2,0,0,0,0,0,0,0,0
62,2017-04-21,09:30:31,100,IF1704,CCFX,3460.8,3460.2,3465.0,110,114248580,6044,6149,4146.2,2764.2,3455.2,3458.6,0.0,3461.6,0.0,0,0,2017-04-21,34231100,3460.4,2,0,0,0,0,0,0,0,0,3460.8,1,0,0,0,0,0,0,0,0
63,2017-04-21,09:30:31,600,IF1704,CCFX,3460.6,3460.2,3465.0,111,115286760,6043,6149,4146.2,2764.2,3455.2,3458.6,0.0,3461.6,0.0,0,0,2017-04-21,34231600,3460.6,1,0,0,0,0,0,0,0,0,3460.8,1,0,0,0,0,0,0,0,0
64,2017-04-21,09:30:32,100,IF1704,CCFX,3460.8,3460.2,3465.0,113,117363240,6041,6149,4146.2,2764.2,3455.2,3458.6,0.0,3461.6,0.0,0,0,2017-04-21,34232100,3460.4,1,0,0,0,0,0,0,0,0,3461.0,1,0,0,0,0,0,0,0,0
65,2017-04-21,09:30:32,600,IF1704,CCFX,3460.8,3460.2,3465.0,113,117363240,6041,6149,4146.2,2764.2,3455.2,3458.6,0.0,3461.6,0.0,0,0,2017-04-21,34232600,3460.4,1,0,0,0,0,0,0,0,0,3460.8,1,0,0,0,0,0,0,0,0
66,2017-04-21,09:30:33,100,IF1704,CCFX,3461.0,3460.2,3465.0,115,119439780,6039,6149,4146.2,2764.2,3455.2,3458.6,0.0,3461.6,0.0,0,0,2017-04-21,34233100,3461.0,3,0,0,0,0,0,0,0,0,3461.4,1,0,0,0,0,0,0,0,0
67,2017-04-21,09:30:33,600,IF1704,CCFX,3461.0,3460.2,3465.0,115,119439780,6039,6149,4146.2,2764.2,3455.2,3458.6,0.0,3461.6,0.0,0,0,2017-04-21,34233600,3461.2,1,0,0,0,0,0,0,0,0,3461.4,1,0,0,0,0,0,0,0,0
68,2017-04-21,09:30:34,100,IF1704,CCFX,3461.2,3460.2,3465.0,116,120478140,6038,6149,4146.2,2764.2,3455.2,3458.6,0.0,3461.6,0.0,0,0,2017-04-21,34234100,3461.0,3,0,0,0,0,0,0,0,0,3461.2,1,0,0,0,0,0,0,0,0
69,2017-04-21,09:30:35,100,IF1704,CCFX,3461.2,3460.2,3465.0,116,120478140,6038,6149,4146.2,2764.2,3455.2,3458.6,0.0,3461.6,0.0,0,0,2017-04-21,34235100,3461.0,3,0,0,0,0,0,0,0,0,3461.2,1,0,0,0,0,0,0,0,0
70,2017-04-21,09:30:35,600,IF1704,CCFX,3461.2,3460.2,3465.0,116,120478140,6038,6149,4146.2,2764.2,3455.2,3458.6,0.0,3461.6,0.0,0,0,2017-04-21,34235600,3461.0,3,0,0,0,0,0,0,0,0,3461.2,1,0,0,0,0,0,0,0,0
71,2017-04-21,09:30:36,100,IF1704,CCFX,3461.0,3460.2,3465.0,119,123593040,6035,6149,4146.2,2764.2,3455.2,3458.6,0.0,3461.6,0.0,0,0,2017-04-21,34236100,3460.2,1,0,0,0,0,0,0,0,0,3461.0,1,0,0,0,0,0,0,0,0
72,2017-04-21,09:30:36,600,IF1704,CCFX,3461.4,3460.2,3465.0,123,127746540,6031,6149,4146.2,2764.2,3455.2,3458.6,0.0,3461.6,0.0,0,0,2017-04-21,34236600,3460.4,3,0,0,0,0,0,0,0,0,3461.8,2,0,0,0,0,0,0,0,0
73,2017-04-21,09:30:37,100,IF1704,CCFX,3461.4,3460.2,3465.0,123,127746540,6031,6149,4146.2,2764.2,3455.2,3458.6,0.0,3461.6,0.0,0,0,2017-04-21,34237100,3461.0,1,0,0,0,0,0,0,0,0,3461.8,2,0,0,0,0,0,0,0,0
74,2017-04-21,09:30:37,600,IF1704,CCFX,3461.4,3460.2,3465.0,123,127746540,6031,6149,4146.2,2764.2,3455.2,3458.6,0.0,3461.6,0.0,0,0,2017-04-21,34237600,3461.4,1,0,0,0,0,0,0,0,0,3461.6,1,0,0,0,0,0,0,0,0
75,2017-04-21,09:30:38,100,IF1704,CCFX,3461.4,3460.2,3465.0,123,127746540,6031,6149,4146.2,2764.2,3455.2,3458.6,0.0,3461.6,0.0,0,0,2017-04-21,34238100,3461.4,1,0,0,0,0,0,0,0,0,3461.6,1,0,0,0,0,0,0,0,0
76,2017-04-21,09:30:38,600,IF1704,CCFX,3461.0,3460.2,3465.0,125,129823260,6029,6149,4146.2,2764.2,3455.2,3458.6,0.0,3461.6,0.0,0,0,2017-04-21,34238600,3460.2,1,0,0,0,0,0,0,0,0,3461.0,2,0,0,0,0,0,0,0,0
77,2017-04-21,09:30:39,100,IF1704,CCFX,3461.0,3460.2,3465.0,125,129823260,6029,6149,4146.2,2764.2,3455.2,3458.6,0.0,3461.6,0.0,0,0,2017-04-21,34239100,3460.2,2,0,0,0,0,0,0,0,0,3461.0,2,0,0,0,0,0,0,0,0
78,2017-04-21,09:30:39,600,IF1704,CCFX,3461.0,3460.2,3465.0,125,129823260,6029,6149,4146.2,2764.2,3455.2,3458.6,0.0,3461.6,0.0,0,0,2017-04-21,34239600,3460.4,1,0,0,0,0,0,0,0,0,3461.0,2,0,0,0,0,0,0,0,0
79,2017-04-21,09:30:40,100,IF1704,CCFX,3460.4,3460.2,3465.0,126,130861380,6028,6149,4146.2,2764.2,3455.2,3458.6,0.0,3461.6,0.0,0,0,2017-04-21,34240100,3460.2,1,0,0,0,0,0,0,0,0,3460.4,1,0,0,0,0,0,0,0,0
80,2017-04-21,09:30:40,600,IF1704,CCFX,3461.0,3460.2,3465.0,128,132937800,6026,6149,4146.2,2764.2,3455.2,3458.6,0.0,3461.6,0.0,0,0,2017-04-21,34240600,3460.4,1,0,0,0,0,0,0,0,0,3461.0,1,0,0,0,0,0,0,0,0
81,2017-04-21,09:30:41,100,IF1704,CCFX,3460.4,3460.2,3465.0,129,133975920,6025,6149,4146.2,2764.2,3455.2,3458.6,0.0,3461.6,0.0,0,0,2017-04-21,34241100,3460.2,1,0,0,0,0,0,0,0,0,3461.0,1,0,0,0,0,0,0,0,0
82,2017-04-21,09:30:42,600,IF1704,CCFX,3460.2,3460.2,3465.0,130,135013980,6024,6149,4146.2,2764.2,3455.2,3458.6,0.0,3461.6,0.0,0,0,2017-04-21,34242600,3459.2,2,0,0,0,0,0,0,0,0,3460.2,1,0,0,0,0,0,0,0,0
83,2017-04-21,09:30:43,100,IF1704,CCFX,3460.2,3460.2,3465.0,131,136052040,6023,6149,4146.2,2764.2,3455.2,3458.6,0.0,3461.6,0.0,0,0,2017-04-21,34243100,3459.4,1,0,0,0,0,0,0,0,0,3460.2,2,0,0,0,0,0,0,0,0
84,2017-04-21,09:30:43,600,IF1704,CCFX,3460.2,3460.2,3465.0,131,136052040,6023,6149,4146.2,2764.2,3455.2,3458.6,0.0,3461.6,0.0,0,0,2017-04-21,34243600,3459.6,1,0,0,0,0,0,0,0,0,3460.0,1,0,0,0,0,0,0,0,0
85,2017-04-21,09:30:44,100,IF1704,CCFX,3460.2,3460.2,3465.0,132,137090100,6022,6149,4146.2,2764.2,3455.2,3458.6,0.0,3461.6,0.0,0,0,2017-04-21,34244100,3460.0,1,0,0,0,0,0,0,0,0,3460.2,2,0,0,0,0,0,0,0,0
86,2017-04-21,09:30:45,600,IF1704,CCFX,3460.2,3460.2,3465.0,132,137090100,6022,6149,4146.2,2764.2,3455.2,3458.6,0.0,3461.6,0.0,0,0,2017-04-21,34245600,3460.0,1,0,0,0,0,0,0,0,0,3460.2,2,0,0,0,0,0,0,0,0
87,2017-04-21,09:30:46,100,IF1704,CCFX,3460.2,3460.2,3465.0,132,137090100,6022,6149,4146.2,2764.2,3455.2,3458.6,0.0,3461.6,0.0,0,0,2017-04-21,34246100,3460.0,2,0,0,0,0,0,0,0,0,3460.2,2,0,0,0,0,0,0,0,0
88,2017-04-21,09:30:47,100,IF1704,CCFX,3460.0,3460.0,3465.0,133,138128100,6022,6149,4146.2,2764.2,3455.2,3458.6,0.0,3461.6,0.0,0,0,2017-04-21,34247100,3460.0,1,0,0,0,0,0,0,0,0,3460.6,1,0,0,0,0,0,0,0,0
89,2017-04-21,09:30:47,600,IF1704,CCFX,3460.0,3460.0,3465.0,135,140204100,6020,6149,4146.2,2764.2,3455.2,3458.6,0.0,3461.6,0.0,0,0,2017-04-21,34247600,3459.2,2,0,0,0,0,0,0,0,0,3460.6,1,0,0,0,0,0,0,0,0
90,2017-04-21,09:30:48,100,IF1704,CCFX,3460.0,3460.0,3465.0,135,140204100,6020,6149,4146.2,2764.2,3455.2,3458.6,0.0,3461.6,0.0,0,0,2017-04-21,34248100,3459.4,5,0,0,0,0,0,0,0,0,3460.6,1,0,0,0,0,0,0,0,0
91,2017-04-21,09:30:48,600,IF1704,CCFX,3460.0,3460.0,3465.0,135,140204100,6020,6149,4146.2,2764.2,3455.2,3458.6,0.0,3461.6,0.0,0,0,2017-04-21,34248600,3459.6,1,0,0,0,0,0,0,0,0,3460.6,1,0,0,0,0,0,0,0,0
92,2017-04-21,09:30:49,100,IF1704,CCFX,3459.6,3459.6,3465.0,136,141241980,6019,6149,4146.2,2764.2,3455.2,3458.6,0.0,3461.6,0.0,0,0,2017-04-21,34249100,3459.2,2,0,0,0,0,0,0,0,0,3460.6,1,0,0,0,0,0,0,0,0
93,2017-04-21,09:30:49,600,IF1704,CCFX,3459.6,3459.6,3465.0,136,141241980,6019,6149,4146.2,2764.2,3455.2,3458.6,0.0,3461.6,0.0,0,0,2017-04-21,34249600,3459.4,5,0,0,0,0,0,0,0,0,3460.4,1,0,0,0,0,0,0,0,0
94,2017-04-21,09:30:50,100,IF1704,CCFX,3460.6,3459.4,3465.0,139,144355800,6016,6149,4146.2,2764.2,3455.2,3458.6,0.0,3461.6,0.0,0,0,2017-04-21,34250100,3459.6,1,0,0,0,0,0,0,0,0,3461.0,1,0,0,0,0,0,0,0,0
95,2017-04-21,09:30:50,600,IF1704,CCFX,3460.6,3459.4,3465.0,139,144355800,6016,6149,4146.2,2764.2,3455.2,3458.6,0.0,3461.6,0.0,0,0,2017-04-21,34250600,3459.6,1,0,0,0,0,0,0,0,0,3460.8,1,0,0,0,0,0,0,0,0
96,2017-04-21,09:30:51,100,IF1704,CCFX,3459.6,3459.4,3465.0,140,145393680,6015,6149,4146.2,2764.2,3455.2,3458.6,0.0,3461.6,0.0,0,0,2017-04-21,34251100,3459.4,2,0,0,0,0,0,0,0,0,3461.0,1,0,0,0,0,0,0,0,0
97,2017-04-21,09:30:51,600,IF1704,CCFX,3459.6,3459.4,3465.0,140,145393680,6015,6149,4146.2,2764.2,3455.2,3458.6,0.0,3461.6,0.0,0,0,2017-04-21,34251600,3459.4,2,0,0,0,0,0,0,0,0,3459.6,4,0,0,0,0,0,0,0,0
98,2017-04-21,09:30:52,100,IF1704,CCFX,3459.6,3459.4,3465.0,144,149545140,6011,6149,4146.2,2764.2,3455.2,3458.6,0.0,3461.6,0.0,0,0,2017-04-21,34252100,3459.4,1,0,0,0,0,0,0,0,0,3459.6,1,0,0,0,0,0,0,0,0
99,2017-04-21,09:30:53,100,IF1704,CCFX,3459.6,3459.4,3465.0,145,150583020,6010,6149,4146.2,2764.2,3455.2,3458.6,0.0,3461.6,0.0,0,0,2017-04-21,34253100,3459.4,1,0,0,0,0,0,0,0,0,3461.0,1,0,0,0,0,0,0,0,0
100,2017-04-21,09:30:53,600,IF1704,CCFX,3459.6,3459.4,3465.0,145,150583020,6010,6149,4146.2,2764.2,3455.2,3458.6,0.0,3461.6,0.0,0,0,2017-04-21,34253600,3459.4,1,0,0,0,0,0,0,0,0,3460.8,2,0,0,0,0,0,0,0,0
101,2017-04-21,09:30:54,100,IF1704,CCFX,3459.6,3459.4,3465.0,145,150583020,6010,6149,4146.2,2764.2,3455.2,3458.6,0.0,3461.6,0.0,0,0,2017-04-21,34254100,3459.4,1,0,0,0,0,0,0,0,0,3460.8,1,0,0,0,0,0,0,0,0
102,2017-04-21,09:30:54,600,IF1704,CCFX,3459.6,3459.4,3465.0,145,150583020,6010,6149,4146.2,2764.2,3455.2,3458.6,0.0,3461.6,0.0,0,0,2017-04-21,34254600,3459.4,1,0,0,0,0,0,0,0,0,3460.6,1,0,0,0,0,0,0,0,0
103,2017-04-21,09:30:55,100,IF1704,CCFX,3459.6,3459.4,3465.0,145,150583020,6010,6149,4146.2,2764.2,3455.2,3458.6,0.0,3461.6,0.0,0,0,2017-04-21,34255100,3459.4,1,0,0,0,0,0,0,0,0,3460.8,1,0,0,0,0,0,0,0,0
104,2017-04-21,09:30:55,600,IF1704,CCFX,3459.4,3459.4,3465.0,147,152658660,6008,6149,4146.2,2764.2,3455.2,3458.6,0.0,3461.6,0.0,0,0,2017-04-21,34255600,3459.2,1,0,0,0,0,0,0,0,0,3459.4,2,0,0,0,0,0,0,0,0
105,2017-04-21,09:30:56,100,IF1704,CCFX,3459.4,3459.4,3465.0,147,152658660,6008,6149,4146.2,2764.2,3455.2,3458.6,0.0,3461.6,0.0,0,0,2017-04-21,34256100,3459.2,2,0,0,0,0,0,0,0,0,3459.4,2,0,0,0,0,0,0,0,0
106,2017-04-21,09:30:56,600,IF1704,CCFX,3459.4,3459.4,3465.0,147,152658660,6008,6149,4146.2,2764.2,3455.2,3458.6,0.0,3461.6,0.0,0,0,2017-04-21,34256600,3459.2,2,0,0,0,0,0,0,0,0,3459.4,2,0,0,0,0,0,0,0,0
107,2017-04-21,09:30:57,100,IF1704,CCFX,3459.2,3459.2,3465.0,148,153696420,6007,6149,4146.2,2764.2,3455.2,3458.6,0.0,3461.6,0.0,0,0,2017-04-21,34257100,3459.2,1,0,0,0,0,0,0,0,0,3459.4,2,0,0,0,0,0,0,0,0
108,2017-04-21,09:30:57,600,IF1704,CCFX,3459.4,3459.2,3465.0,150,155772060,6005,6149,4146.2,2764.2,3455.2,3458.6,0.0,3461.6,0.0,0,0,2017-04-21,34257600,3459.4,3,0,0,0,0,0,0,0,0,3461.0,1,0,0,0,0,0,0,0,0
109,2017-04-21,09:30:58,100,IF1704,CCFX,3459.4,3459.2,3465.0,150,155772060,6005,6149,4146.2,2764.2,3455.2,3458.6,0.0,3461.6,0.0,0,0,2017-04-21,34258100,3459.6,1,0,0,0,0,0,0,0,0,3460.8,3,0,0,0,0,0,0,0,0
110,2017-04-21,09:30:58,600,IF1704,CCFX,3459.4,3459.2,3465.0,152,157847700,6003,6149,4146.2,2764.2,3455.2,3458.6,0.0,3461.6,0.0,0,0,2017-04-21,34258600,3459.4,2,0,0,0,0,0,0,0,0,3460.8,3,0,0,0,0,0,0,0,0
111,2017-04-21,09:30:59,100,IF1704,CCFX,3459.4,3459.2,3465.0,152,157847700,6003,6149,4146.2,2764.2,3455.2,3458.6,0.0,3461.6,0.0,0,0,2017-04-21,34259100,3459.6,1,0,0,0,0,0,0,0,0,3460.6,2,0,0,0,0,0,0,0,0
112,2017-04-21,09:30:59,600,IF1704,CCFX,3459.4,3459.2,3465.0,152,157847700,6003,6149,4146.2,2764.2,3455.2,3458.6,0.0,3461.6,0.0,0,0,2017-04-21,34259600,3459.8,1,0,0,0,0,0,0,0,0,3460.4,2,0,0,0,0,0,0,0,0
113,2017-04-21,09:31:00,100,IF1704,CCFX,3459.4,3459.2,3465.0,152,157847700,6003,6149,4146.2,2764.2,3455.2,3458.6,0.0,3461.6,0.0,0,0,2017-04-21,34260100,3459.8,1,0,0,0,0,0,0,0,0,3460.4,2,0,0,0,0,0,0,0,0
114,2017-04-21,09:31:00,600,IF1704,CCFX,3459.4,3459.2,3465.0,153,158885520,6002,6149,4146.2,2764.2,3455.2,3458.6,0.0,3461.6,0.0,0,0,2017-04-21,34260600,3459.6,1,0,0,0,0,0,0,0,0,3460.4,1,0,0,0,0,0,0,0,0
115,2017-04-21,09:31:01,100,IF1704,CCFX,3459.4,3459.2,3465.0,153,158885520,6002,6149,4146.2,2764.2,3455.2,3458.6,0.0,3461.6,0.0,0,0,2017-04-21,34261100,3459.4,2,0,0,0,0,0,0,0,0,3460.4,1,0,0,0,0,0,0,0,0
116,2017-04-21,09:31:01,600,IF1704,CCFX,3459.8,3459.2,3465.0,154,159923460,6001,6149,4146.2,2764.2,3455.2,3458.6,0.0,3461.6,0.0,0,0,2017-04-21,34261600,3459.4,2,0,0,0,0,0,0,0,0,3459.8,1,0,0,0,0,0,0,0,0
117,2017-04-21,09:31:02,100,IF1704,CCFX,3459.8,3459.2,3465.0,154,159923460,6001,6149,4146.2,2764.2,3455.2,3458.6,0.0,3461.6,0.0,0,0,2017-04-21,34262100,3459.4,2,0,0,0,0,0,0,0,0,3459.6,1,0,0,0,0,0,0,0,0
118,2017-04-21,09:31:04,100,IF1704,CCFX,3459.8,3459.2,3465.0,154,159923460,6001,6149,4146.2,2764.2,3455.2,3458.6,0.0,3461.6,0.0,0,0,2017-04-21,34264100,3459.4,2,0,0,0,0,0,0,0,0,3459.6,1,0,0,0,0,0,0,0,0
119,2017-04-21,09:31:05,100,IF1704,CCFX,3459.6,3459.2,3465.0,155,160961340,6000,6149,4146.2,2764.2,3455.2,3458.6,0.0,3461.6,0.0,0,0,2017-04-21,34265100,3459.6,1,0,0,0,0,0,0,0,0,3459.8,4,0,0,0,0,0,0,0,0
120,2017-04-21,09:31:05,600,IF1704,CCFX,3459.8,3459.2,3465.0,159,165113100,5996,6149,4146.2,2764.2,3455.2,3458.6,0.0,3461.6,0.0,0,0,2017-04-21,34265600,3459.8,1,0,0,0,0,0,0,0,0,3461.0,1,0,0,0,0,0,0,0,0
121,2017-04-21,09:31:06,600,IF1704,CCFX,3459.8,3459.2,3465.0,159,165113100,5996,6149,4146.2,2764.2,3455.2,3458.6,0.0,3461.6,0.0,0,0,2017-04-21,34266600,3459.8,1,0,0,0,0,0,0,0,0,3460.8,1,0,0,0,0,0,0,0,0
122,2017-04-21,09:31:07,100,IF1704,CCFX,3459.8,3459.2,3465.0,161,167189280,5994,6149,4146.2,2764.2,3455.2,3458.6,0.0,3461.6,0.0,0,0,2017-04-21,34267100,3459.4,2,0,0,0,0,0,0,0,0,3461.0,1,0,0,0,0,0,0,0,0
123,2017-04-21,09:31:07,600,IF1704,CCFX,3459.8,3459.2,3465.0,161,167189280,5994,6149,4146.2,2764.2,3455.2,3458.6,0.0,3461.6,0.0,0,0,2017-04-21,34267600,3459.4,2,0,0,0,0,0,0,0,0,3460.8,1,0,0,0,0,0,0,0,0
124,2017-04-21,09:31:08,100,IF1704,CCFX,3459.8,3459.2,3465.0,161,167189280,5994,6149,4146.2,2764.2,3455.2,3458.6,0.0,3461.6,0.0,0,0,2017-04-21,34268100,3459.4,2,0,0,0,0,0,0,0,0,3461.0,1,0,0,0,0,0,0,0,0
125,2017-04-21,09:31:08,600,IF1704,CCFX,3459.8,3459.2,3465.0,161,167189280,5994,6149,4146.2,2764.2,3455.2,3458.6,0.0,3461.6,0.0,0,0,2017-04-21,34268600,3459.6,1,0,0,0,0,0,0,0,0,3460.8,1,0,0,0,0,0,0,0,0
126,2017-04-21,09:31:09,100,IF1704,CCFX,3460.8,3459.2,3465.0,162,168227520,5993,6149,4146.2,2764.2,3455.2,3458.6,0.0,3461.6,0.0,0,0,2017-04-21,34269100,3459.4,2,0,0,0,0,0,0,0,0,3461.0,1,0,0,0,0,0,0,0,0
127,2017-04-21,09:31:09,600,IF1704,CCFX,3460.8,3459.2,3465.0,162,168227520,5993,6149,4146.2,2764.2,3455.2,3458.6,0.0,3461.6,0.0,0,0,2017-04-21,34269600,3459.6,1,0,0,0,0,0,0,0,0,3461.0,1,0,0,0,0,0,0,0,0
128,2017-04-21,09:31:10,100,IF1704,CCFX,3459.4,3459.2,3465.0,163,169265340,5992,6149,4146.2,2764.2,3455.2,3458.6,0.0,3461.6,0.0,0,0,2017-04-21,34270100,3459.4,1,0,0,0,0,0,0,0,0,3461.0,1,0,0,0,0,0,0,0,0
129,2017-04-21,09:31:10,600,IF1704,CCFX,3459.4,3459.2,3465.0,163,169265340,5992,6149,4146.2,2764.2,3455.2,3458.6,0.0,3461.6,0.0,0,0,2017-04-21,34270600,3459.4,1,0,0,0,0,0,0,0,0,3460.8,1,0,0,0,0,0,0,0,0
130,2017-04-21,09:31:11,100,IF1704,CCFX,3459.4,3459.2,3465.0,163,169265340,5992,6149,4146.2,2764.2,3455.2,3458.6,0.0,3461.6,0.0,0,0,2017-04-21,34271100,3459.6,1,0,0,0,0,0,0,0,0,3460.6,1,0,0,0,0,0,0,0,0
131,2017-04-21,09:31:12,100,IF1704,CCFX,3459.4,3459.2,3465.0,163,169265340,5992,6149,4146.2,2764.2,3455.2,3458.6,0.0,3461.6,0.0,0,0,2017-04-21,34272100,3460.0,1,0,0,0,0,0,0,0,0,3460.6,1,0,0,0,0,0,0,0,0
132,2017-04-21,09:31:12,600,IF1704,CCFX,3459.4,3459.2,3465.0,164,170303160,5991,6149,4146.2,2764.2,3455.2,3458.6,0.0,3461.6,0.0,0,0,2017-04-21,34272600,3459.8,2,0,0,0,0,0,0,0,0,3460.6,1,0,0,0,0,0,0,0,0
133,2017-04-21,09:31:13,100,IF1704,CCFX,3461.0,3459.2,3465.0,166,172379280,5989,6149,4146.2,2764.2,3455.2,3458.6,0.0,3461.6,0.0,0,0,2017-04-21,34273100,3459.8,1,0,0,0,0,0,0,0,0,3463.6,1,0,0,0,0,0,0,0,0
134,2017-04-21,09:31:13,600,IF1704,CCFX,3461.0,3459.2,3465.0,166,172379280,5989,6149,4146.2,2764.2,3455.2,3458.6,0.0,3461.6,0.0,0,0,2017-04-21,34273600,3460.2,1,0,0,0,0,0,0,0,0,3463.0,2,0,0,0,0,0,0,0,0
135,2017-04-21,09:31:14,100,IF1704,CCFX,3461.0,3459.2,3465.0,166,172379280,5989,6149,4146.2,2764.2,3455.2,3458.6,0.0,3461.6,0.0,0,0,2017-04-21,34274100,3460.2,1,0,0,0,0,0,0,0,0,3462.8,7,0,0,0,0,0,0,0,0
136,2017-04-21,09:31:14,600,IF1704,CCFX,3461.0,3459.2,3465.0,166,172379280,5989,6149,4146.2,2764.2,3455.2,3458.6,0.0,3461.6,0.0,0,0,2017-04-21,34274600,3460.2,1,0,0,0,0,0,0,0,0,3462.4,1,0,0,0,0,0,0,0,0
137,2017-04-21,09:31:15,100,IF1704,CCFX,3461.0,3459.2,3465.0,166,172379280,5989,6149,4146.2,2764.2,3455.2,3458.6,0.0,3461.6,0.0,0,0,2017-04-21,34275100,3460.4,1,0,0,0,0,0,0,0,0,3462.2,6,0,0,0,0,0,0,0,0
138,2017-04-21,09:31:15,600,IF1704,CCFX,3461.0,3459.2,3465.0,166,172379280,5989,6149,4146.2,2764.2,3455.2,3458.6,0.0,3461.6,0.0,0,0,2017-04-21,34275600,3460.4,1,0,0,0,0,0,0,0,0,3461.8,1,0,0,0,0,0,0,0,0
139,2017-04-21,09:31:16,100,IF1704,CCFX,3461.0,3459.2,3465.0,166,172379280,5989,6149,4146.2,2764.2,3455.2,3458.6,0.0,3461.6,0.0,0,0,2017-04-21,34276100,3460.4,1,0,0,0,0,0,0,0,0,3461.6,2,0,0,0,0,0,0,0,0
140,2017-04-21,09:31:16,600,IF1704,CCFX,3461.0,3459.2,3465.0,166,172379280,5989,6149,4146.2,2764.2,3455.2,3458.6,0.0,3461.6,0.0,0,0,2017-04-21,34276600,3460.4,1,0,0,0,0,0,0,0,0,3461.4,1,0,0,0,0,0,0,0,0
141,2017-04-21,09:31:17,100,IF1704,CCFX,3461.0,3459.2,3465.0,166,172379280,5989,6149,4146.2,2764.2,3455.2,3458.6,0.0,3461.6,0.0,0,0,2017-04-21,34277100,3460.4,1,0,0,0,0,0,0,0,0,3461.2,1,0,0,0,0,0,0,0,0
142,2017-04-21,09:31:17,600,IF1704,CCFX,3461.0,3459.2,3465.0,166,172379280,5989,6149,4146.2,2764.2,3455.2,3458.6,0.0,3461.6,0.0,0,0,2017-04-21,34277600,3460.8,1,0,0,0,0,0,0,0,0,3461.0,1,0,0,0,0,0,0,0,0
143,2017-04-21,09:31:18,100,IF1704,CCFX,3460.8,3459.2,3465.0,167,173417520,5988,6149,4146.2,2764.2,3455.2,3458.6,0.0,3461.6,0.0,0,0,2017-04-21,34278100,3460.4,1,0,0,0,0,0,0,0,0,3461.0,1,0,0,0,0,0,0,0,0
144,2017-04-21,09:31:18,600,IF1704,CCFX,3461.0,3459.2,3465.0,168,174455820,5987,6149,4146.2,2764.2,3455.2,3458.6,0.0,3461.6,0.0,0,0,2017-04-21,34278600,3460.4,1,0,0,0,0,0,0,0,0,3461.8,1,0,0,0,0,0,0,0,0
145,2017-04-21,09:31:19,100,IF1704,CCFX,3461.0,3459.2,3465.0,168,174455820,5987,6149,4146.2,2764.2,3455.2,3458.6,0.0,3461.6,0.0,0,0,2017-04-21,34279100,3460.4,1,0,0,0,0,0,0,0,0,3461.6,1,0,0,0,0,0,0,0,0
146,2017-04-21,09:31:19,600,IF1704,CCFX,3461.0,3459.2,3465.0,168,174455820,5987,6149,4146.2,2764.2,3455.2,3458.6,0.0,3461.6,0.0,0,0,2017-04-21,34279600,3460.4,1,0,0,0,0,0,0,0,0,3461.8,1,0,0,0,0,0,0,0,0
147,2017-04-21,09:31:20,100,IF1704,CCFX,3461.0,3459.2,3465.0,168,174455820,5987,6149,4146.2,2764.2,3455.2,3458.6,0.0,3461.6,0.0,0,0,2017-04-21,34280100,3460.4,1,0,0,0,0,0,0,0,0,3461.6,1,0,0,0,0,0,0,0,0
148,2017-04-21,09:31:20,600,IF1704,CCFX,3461.0,3459.2,3465.0,168,174455820,5987,6149,4146.2,2764.2,3455.2,3458.6,0.0,3461.6,0.0,0,0,2017-04-21,34280600,3460.6,1,0,0,0,0,0,0,0,0,3461.8,1,0,0,0,0,0,0,0,0
149,2017-04-21,09:31:21,100,IF1704,CCFX,3461.0,3459.2,3465.0,168,174455820,5987,6149,4146.2,2764.2,3455.2,3458.6,0.0,3461.6,0.0,0,0,2017-04-21,34281100,3461.6,1,0,0,0,0,0,0,0,0,3461.8,1,0,0,0,0,0,0,0,0
150,2017-04-21,09:31:21,600,IF1704,CCFX,3460.6,3459.2,3465.0,171,177570660,5984,6149,4146.2,2764.2,3455.2,3458.6,0.0,3461.6,0.0,0,0,2017-04-21,34281600,3460.4,1,0,0,0,0,0,0,0,0,3461.6,2,0,0,0,0,0,0,0,0
151,2017-04-21,09:31:22,100,IF1704,CCFX,3460.4,3459.2,3465.0,172,178608780,5983,6149,4146.2,2764.2,3455.2,3458.6,0.0,3461.6,0.0,0,0,2017-04-21,34282100,3460.6,1,0,0,0,0,0,0,0,0,3461.6,2,0,0,0,0,0,0,0,0
152,2017-04-21,09:31:22,600,IF1704,CCFX,3460.6,3459.2,3465.0,174,180685440,5981,6149,4146.2,2764.2,3455.2,3458.6,0.0,3461.6,0.0,0,0,2017-04-21,34282600,3460.8,1,0,0,0,0,0,0,0,0,3461.6,1,0,0,0,0,0,0,0,0
153,2017-04-21,09:31:23,100,IF1704,CCFX,3459.8,3459.2,3465.0,176,182761560,5979,6149,4146.2,2764.2,3455.2,3458.6,0.0,3461.6,0.0,0,0,2017-04-21,34283100,3459.6,1,0,0,0,0,0,0,0,0,3461.6,2,0,0,0,0,0,0,0,0
154,2017-04-21,09:31:23,600,IF1704,CCFX,3459.8,3459.2,3465.0,176,182761560,5979,6149,4146.2,2764.2,3455.2,3458.6,0.0,3461.6,0.0,0,0,2017-04-21,34283600,3459.8,1,0,0,0,0,0,0,0,0,3461.4,2,0,0,0,0,0,0,0,0
155,2017-04-21,09:31:24,100,IF1704,CCFX,3461.2,3459.2,3465.0,178,184837860,5977,6149,4146.2,2764.2,3455.2,3458.6,0.0,3461.6,0.0,0,0,2017-04-21,34284100,3459.6,1,0,0,0,0,0,0,0,0,3461.4,1,0,0,0,0,0,0,0,0
156,2017-04-21,09:31:24,600,IF1704,CCFX,3461.2,3459.2,3465.0,178,184837860,5977,6149,4146.2,2764.2,3455.2,3458.6,0.0,3461.6,0.0,0,0,2017-04-21,34284600,3459.8,2,0,0,0,0,0,0,0,0,3461.2,1,0,0,0,0,0,0,0,0
157,2017-04-21,09:31:25,100,IF1704,CCFX,3461.2,3459.2,3465.0,180,186914220,5975,6149,4146.2,2764.2,3455.2,3458.6,0.0,3461.6,0.0,0,0,2017-04-21,34285100,3460.0,1,0,0,0,0,0,0,0,0,3461.6,2,0,0,0,0,0,0,0,0
158,2017-04-21,09:31:25,600,IF1704,CCFX,3461.2,3459.2,3465.0,180,186914220,5975,6149,4146.2,2764.2,3455.2,3458.6,0.0,3461.6,0.0,0,0,2017-04-21,34285600,3460.2,2,0,0,0,0,0,0,0,0,3461.4,1,0,0,0,0,0,0,0,0
159,2017-04-21,09:31:26,100,IF1704,CCFX,3461.2,3459.2,3465.0,180,186914220,5975,6149,4146.2,2764.2,3455.2,3458.6,0.0,3461.6,0.0,0,0,2017-04-21,34286100,3460.2,1,0,0,0,0,0,0,0,0,3461.2,1,0,0,0,0,0,0,0,0
160,2017-04-21,09:31:26,600,IF1704,CCFX,3461.2,3459.2,3465.0,180,186914220,5975,6149,4146.2,2764.2,3455.2,3458.6,0.0,3461.6,0.0,0,0,2017-04-21,34286600,3460.2,1,0,0,0,0,0,0,0,0,3461.0,1,0,0,0,0,0,0,0,0
161,2017-04-21,09:31:27,100,IF1704,CCFX,3461.0,3459.2,3465.0,182,188990580,5973,6149,4146.2,2764.2,3455.2,3458.6,0.0,3461.6,0.0,0,0,2017-04-21,34287100,3460.4,1,0,0,0,0,0,0,0,0,3461.4,1,0,0,0,0,0,0,0,0
162,2017-04-21,09:31:27,600,IF1704,CCFX,3461.0,3459.2,3465.0,182,188990580,5973,6149,4146.2,2764.2,3455.2,3458.6,0.0,3461.6,0.0,0,0,2017-04-21,34287600,3460.4,1,0,0,0,0,0,0,0,0,3461.4,2,0,0,0,0,0,0,0,0
163,2017-04-21,09:31:29,100,IF1704,CCFX,3461.0,3459.2,3465.0,182,188990580,5973,6149,4146.2,2764.2,3455.2,3458.6,0.0,3461.6,0.0,0,0,2017-04-21,34289100,3460.4,1,0,0,0,0,0,0,0,0,3461.4,2,0,0,0,0,0,0,0,0
164,2017-04-21,09:31:30,100,IF1704,CCFX,3461.0,3459.2,3465.0,182,188990580,5973,6149,4146.2,2764.2,3455.2,3458.6,0.0,3461.6,0.0,0,0,2017-04-21,34290100,3460.4,1,0,0,0,0,0,0,0,0,3461.4,3,0,0,0,0,0,0,0,0
165,2017-04-21,09:31:30,600,IF1704,CCFX,3461.0,3459.2,3465.0,182,188990580,5973,6149,4146.2,2764.2,3455.2,3458.6,0.0,3461.6,0.0,0,0,2017-04-21,34290600,3460.4,1,0,0,0,0,0,0,0,0,3461.4,3,0,0,0,0,0,0,0,0
166,2017-04-21,09:31:31,600,IF1704,CCFX,3461.0,3459.2,3465.0,182,188990580,5973,6149,4146.2,2764.2,3455.2,3458.6,0.0,3461.6,0.0,0,0,2017-04-21,34291600,3460.6,2,0,0,0,0,0,0,0,0,3461.4,3,0,0,0,0,0,0,0,0
167,2017-04-21,09:31:32,100,IF1704,CCFX,3461.0,3459.2,3465.0,182,188990580,5973,6149,4146.2,2764.2,3455.2,3458.6,0.0,3461.6,0.0,0,0,2017-04-21,34292100,3460.6,2,0,0,0,0,0,0,0,0,3461.4,2,0,0,0,0,0,0,0,0
168,2017-04-21,09:31:32,600,IF1704,CCFX,3461.0,3459.2,3465.0,182,188990580,5973,6149,4146.2,2764.2,3455.2,3458.6,0.0,3461.6,0.0,0,0,2017-04-21,34292600,3460.6,2,0,0,0,0,0,0,0,0,3461.0,1,0,0,0,0,0,0,0,0
169,2017-04-21,09:31:33,100,IF1704,CCFX,3461.0,3459.2,3465.0,182,188990580,5973,6149,4146.2,2764.2,3455.2,3458.6,0.0,3461.6,0.0,0,0,2017-04-21,34293100,3460.6,2,0,0,0,0,0,0,0,0,3461.0,1,0,0,0,0,0,0,0,0
170,2017-04-21,09:31:34,100,IF1704,CCFX,3461.4,3459.2,3465.0,184,191067300,5971,6149,4146.2,2764.2,3455.2,3458.6,0.0,3461.6,0.0,0,0,2017-04-21,34294100,3460.6,2,0,0,0,0,0,0,0,0,3461.4,1,0,0,0,0,0,0,0,0
171,2017-04-21,09:31:34,600,IF1704,CCFX,3461.4,3459.2,3465.0,184,191067300,5971,6149,4146.2,2764.2,3455.2,3458.6,0.0,3461.6,0.0,0,0,2017-04-21,34294600,3460.6,2,0,0,0,0,0,0,0,0,3461.2,1,0,0,0,0,0,0,0,0
172,2017-04-21,09:31:35,100,IF1704,CCFX,3460.6,3459.2,3465.0,185,192105480,5970,6149,4146.2,2764.2,3455.2,3458.6,0.0,3461.6,0.0,0,0,2017-04-21,34295100,3460.6,1,0,0,0,0,0,0,0,0,3461.2,1,0,0,0,0,0,0,0,0
173,2017-04-21,09:31:36,600,IF1704,CCFX,3460.6,3459.2,3465.0,185,192105480,5970,6149,4146.2,2764.2,3455.2,3458.6,0.0,3461.6,0.0,0,0,2017-04-21,34296600,3461.0,1,0,0,0,0,0,0,0,0,3461.2,1,0,0,0,0,0,0,0,0
174,2017-04-21,09:31:37,100,IF1704,CCFX,3461.2,3459.2,3465.0,186,193143840,5969,6149,4146.2,2764.2,3455.2,3458.6,0.0,3461.6,0.0,0,0,2017-04-21,34297100,3461.2,1,0,0,0,0,0,0,0,0,3462.2,1,0,0,0,0,0,0,0,0
175,2017-04-21,09:31:37,600,IF1704,CCFX,3461.2,3459.2,3465.0,187,194182200,5968,6149,4146.2,2764.2,3455.2,3458.6,0.0,3461.6,0.0,0,0,2017-04-21,34297600,3461.0,2,0,0,0,0,0,0,0,0,3462.2,1,0,0,0,0,0,0,0,0
176,2017-04-21,09:31:38,100,IF1704,CCFX,3461.2,3459.2,3465.0,187,194182200,5968,6149,4146.2,2764.2,3455.2,3458.6,0.0,3461.6,0.0,0,0,2017-04-21,34298100,3461.0,2,0,0,0,0,0,0,0,0,3462.0,2,0,0,0,0,0,0,0,0
177,2017-04-21,09:31:38,600,IF1704,CCFX,3461.2,3459.2,3465.0,187,194182200,5968,6149,4146.2,2764.2,3455.2,3458.6,0.0,3461.6,0.0,0,0,2017-04-21,34298600,3461.0,2,0,0,0,0,0,0,0,0,3461.8,3,0,0,0,0,0,0,0,0
178,2017-04-21,09:31:39,100,IF1704,CCFX,3461.2,3459.2,3465.0,187,194182200,5968,6149,4146.2,2764.2,3455.2,3458.6,0.0,3461.6,0.0,0,0,2017-04-21,34299100,3461.0,2,0,0,0,0,0,0,0,0,3461.6,1,0,0,0,0,0,0,0,0
179,2017-04-21,09:31:39,600,IF1704,CCFX,3461.0,3459.2,3465.0,188,195220500,5967,6149,4146.2,2764.2,3455.2,3458.6,0.0,3461.6,0.0,0,0,2017-04-21,34299600,3461.0,1,0,0,0,0,0,0,0,0,3461.6,1,0,0,0,0,0,0,0,0
180,2017-04-21,09:31:40,100,IF1704,CCFX,3461.4,3459.2,3465.0,189,196258920,5966,6149,4146.2,2764.2,3455.2,3458.6,0.0,3461.6,0.0,0,0,2017-04-21,34300100,3461.0,1,0,0,0,0,0,0,0,0,3461.6,1,0,0,0,0,0,0,0,0
181,2017-04-21,09:31:40,600,IF1704,CCFX,3461.4,3459.2,3465.0,189,196258920,5966,6149,4146.2,2764.2,3455.2,3458.6,0.0,3461.6,0.0,0,0,2017-04-21,34300600,3461.0,1,0,0,0,0,0,0,0,0,3461.6,1,0,0,0,0,0,0,0,0
182,2017-04-21,09:31:41,100,IF1704,CCFX,3461.4,3459.2,3465.0,189,196258920,5966,6149,4146.2,2764.2,3455.2,3458.6,0.0,3461.6,0.0,0,0,2017-04-21,34301100,3461.0,1,0,0,0,0,0,0,0,0,3461.6,1,0,0,0,0,0,0,0,0
183,2017-04-21,09:31:41,600,IF1704,CCFX,3461.4,3459.2,3465.0,189,196258920,5966,6149,4146.2,2764.2,3455.2,3458.6,0.0,3461.6,0.0,0,0,2017-04-21,34301600,3461.0,1,0,0,0,0,0,0,0,0,3461.8,1,0,0,0,0,0,0,0,0
184,2017-04-21,09:31:42,100,IF1704,CCFX,3461.4,3459.2,3465.0,189,196258920,5966,6149,4146.2,2764.2,3455.2,3458.6,0.0,3461.6,0.0,0,0,2017-04-21,34302100,3461.0,1,0,0,0,0,0,0,0,0,3461.6,1,0,0,0,0,0,0,0,0
185,2017-04-21,09:31:42,600,IF1704,CCFX,3461.4,3459.2,3465.0,189,196258920,5966,6149,4146.2,2764.2,3455.2,3458.6,0.0,3461.6,0.0,0,0,2017-04-21,34302600,3461.0,1,0,0,0,0,0,0,0,0,3461.6,2,0,0,0,0,0,0,0,0
186,2017-04-21,09:31:43,100,IF1704,CCFX,3461.4,3459.2,3465.0,189,196258920,5966,6149,4146.2,2764.2,3455.2,3458.6,0.0,3461.6,0.0,0,0,2017-04-21,34303100,3461.0,1,0,0,0,0,0,0,0,0,3461.6,2,0,0,0,0,0,0,0,0
187,2017-04-21,09:31:43,600,IF1704,CCFX,3461.4,3459.2,3465.0,189,196258920,5966,6149,4146.2,2764.2,3455.2,3458.6,0.0,3461.6,0.0,0,0,2017-04-21,34303600,3461.0,1,0,0,0,0,0,0,0,0,3461.6,2,0,0,0,0,0,0,0,0
188,2017-04-21,09:31:44,100,IF1704,CCFX,3461.0,3459.2,3465.0,190,197297220,5965,6149,4146.2,2764.2,3455.2,3458.6,0.0,3461.6,0.0,0,0,2017-04-21,34304100,3460.8,1,0,0,0,0,0,0,0,0,3461.4,3,0,0,0,0,0,0,0,0
189,2017-04-21,09:31:44,600,IF1704,CCFX,3461.0,3459.2,3465.0,190,197297220,5965,6149,4146.2,2764.2,3455.2,3458.6,0.0,3461.6,0.0,0,0,2017-04-21,34304600,3460.8,1,0,0,0,0,0,0,0,0,3461.2,1,0,0,0,0,0,0,0,0
190,2017-04-21,09:31:45,100,IF1704,CCFX,3461.0,3459.2,3465.0,190,197297220,5965,6149,4146.2,2764.2,3455.2,3458.6,0.0,3461.6,0.0,0,0,2017-04-21,34305100,3460.8,1,0,0,0,0,0,0,0,0,3461.6,3,0,0,0,0,0,0,0,0
191,2017-04-21,09:31:47,600,IF1704,CCFX,3461.0,3459.2,3465.0,190,197297220,5965,6149,4146.2,2764.2,3455.2,3458.6,0.0,3461.6,0.0,0,0,2017-04-21,34307600,3461.0,1,0,0,0,0,0,0,0,0,3461.6,3,0,0,0,0,0,0,0,0
192,2017-04-21,09:31:48,100,IF1704,CCFX,3461.0,3459.2,3465.0,190,197297220,5965,6149,4146.2,2764.2,3455.2,3458.6,0.0,3461.6,0.0,0,0,2017-04-21,34308100,3461.0,2,0,0,0,0,0,0,0,0,3461.6,3,0,0,0,0,0,0,0,0
193,2017-04-21,09:31:50,600,IF1704,CCFX,3461.0,3459.2,3465.0,190,197297220,5965,6149,4146.2,2764.2,3455.2,3458.6,0.0,3461.6,0.0,0,0,2017-04-21,34310600,3461.0,2,0,0,0,0,0,0,0,0,3461.6,2,0,0,0,0,0,0,0,0
194,2017-04-21,09:31:51,600,IF1704,CCFX,3461.0,3459.2,3465.0,191,198335520,5964,6149,4146.2,2764.2,3455.2,3458.6,0.0,3461.6,0.0,0,0,2017-04-21,34311600,3461.0,2,0,0,0,0,0,0,0,0,3461.6,2,0,0,0,0,0,0,0,0
195,2017-04-21,09:31:52,100,IF1704,CCFX,3461.0,3459.2,3465.0,192,199373820,5963,6149,4146.2,2764.2,3455.2,3458.6,0.0,3461.6,0.0,0,0,2017-04-21,34312100,3461.0,1,0,0,0,0,0,0,0,0,3461.6,2,0,0,0,0,0,0,0,0
196,2017-04-21,09:31:53,100,IF1704,CCFX,3461.0,3459.2,3465.0,194,201450420,5961,6149,4146.2,2764.2,3455.2,3458.6,0.0,3461.6,0.0,0,0,2017-04-21,34313100,3460.8,1,0,0,0,0,0,0,0,0,3461.0,4,0,0,0,0,0,0,0,0
197,2017-04-21,09:31:56,600,IF1704,CCFX,3460.8,3459.2,3465.0,195,202488660,5961,6149,4146.2,2764.2,3455.2,3458.6,0.0,3461.6,0.0,0,0,2017-04-21,34316600,3460.6,1,0,0,0,0,0,0,0,0,3461.0,4,0,0,0,0,0,0,0,0
198,2017-04-21,09:31:58,600,IF1704,CCFX,3460.8,3459.2,3465.0,195,202488660,5961,6149,4146.2,2764.2,3455.2,3458.6,0.0,3461.6,0.0,0,0,2017-04-21,34318600,3460.6,1,0,0,0,0,0,0,0,0,3461.0,4,0,0,0,0,0,0,0,0
199,2017-04-21,09:31:59,100,IF1704,CCFX,3460.8,3459.2,3465.0,195,202488660,5961,6149,4146.2,2764.2,3455.2,3458.6,0.0,3461.6,0.0,0,0,2017-04-21,34319100,3460.6,1,0,0,0,0,0,0,0,0,3461.0,4,0,0,0,0,0,0,0,0
200,2017-04-21,09:31:59,600,IF1704,CCFX,3460.8,3459.2,3465.0,195,202488660,5961,6149,4146.2,2764.2,3455.2,3458.6,0.0,3461.6,0.0,0,0,2017-04-21,34319600,3460.6,1,0,0,0,0,0,0,0,0,3460.8,1,0,0,0,0,0,0,0,0
201,2017-04-21,09:32:00,100,IF1704,CCFX,3461.0,3459.2,3465.0,199,206641680,5957,6149,4146.2,2764.2,3455.2,3458.6,0.0,3461.6,0.0,0,0,2017-04-21,34320100,3459.2,1,0,0,0,0,0,0,0,0,3460.6,1,0,0,0,0,0,0,0,0
202,2017-04-21,09:32:00,600,IF1704,CCFX,3461.0,3459.2,3465.0,199,206641680,5957,6149,4146.2,2764.2,3455.2,3458.6,0.0,3461.6,0.0,0,0,2017-04-21,34320600,3459.4,2,0,0,0,0,0,0,0,0,3460.6,1,0,0,0,0,0,0,0,0
203,2017-04-21,09:32:01,100,IF1704,CCFX,3460.6,3459.2,3465.0,200,207679860,5956,6149,4146.2,2764.2,3455.2,3458.6,0.0,3461.6,0.0,0,0,2017-04-21,34321100,3459.4,1,0,0,0,0,0,0,0,0,3460.8,2,0,0,0,0,0,0,0,0
204,2017-04-21,09:32:01,600,IF1704,CCFX,3460.6,3459.2,3465.0,200,207679860,5956,6149,4146.2,2764.2,3455.2,3458.6,0.0,3461.6,0.0,0,0,2017-04-21,34321600,3459.6,1,0,0,0,0,0,0,0,0,3460.8,2,0,0,0,0,0,0,0,0
205,2017-04-21,09:32:02,100,IF1704,CCFX,3460.6,3459.2,3465.0,200,207679860,5956,6149,4146.2,2764.2,3455.2,3458.6,0.0,3461.6,0.0,0,0,2017-04-21,34322100,3459.2,1,0,0,0,0,0,0,0,0,3460.6,1,0,0,0,0,0,0,0,0
206,2017-04-21,09:32:02,600,IF1704,CCFX,3460.6,3459.2,3465.0,200,207679860,5956,6149,4146.2,2764.2,3455.2,3458.6,0.0,3461.6,0.0,0,0,2017-04-21,34322600,3459.4,1,0,0,0,0,0,0,0,0,3460.6,1,0,0,0,0,0,0,0,0
207,2017-04-21,09:32:03,100,IF1704,CCFX,3459.4,3459.2,3465.0,201,208717680,5955,6149,4146.2,2764.2,3455.2,3458.6,0.0,3461.6,0.0,0,0,2017-04-21,34323100,3459.2,1,0,0,0,0,0,0,0,0,3460.4,2,0,0,0,0,0,0,0,0
208,2017-04-21,09:32:03,600,IF1704,CCFX,3459.4,3459.2,3465.0,201,208717680,5955,6149,4146.2,2764.2,3455.2,3458.6,0.0,3461.6,0.0,0,0,2017-04-21,34323600,3459.2,1,0,0,0,0,0,0,0,0,3460.4,2,0,0,0,0,0,0,0,0
209,2017-04-21,09:32:04,100,IF1704,CCFX,3459.4,3459.2,3465.0,201,208717680,5955,6149,4146.2,2764.2,3455.2,3458.6,0.0,3461.6,0.0,0,0,2017-04-21,34324100,3459.2,1,0,0,0,0,0,0,0,0,3460.2,1,0,0,0,0,0,0,0,0
210,2017-04-21,09:32:04,600,IF1704,CCFX,3459.4,3459.2,3465.0,201,208717680,5955,6149,4146.2,2764.2,3455.2,3458.6,0.0,3461.6,0.0,0,0,2017-04-21,34324600,3459.2,1,0,0,0,0,0,0,0,0,3460.0,1,0,0,0,0,0,0,0,0
211,2017-04-21,09:32:05,100,IF1704,CCFX,3459.2,3459.2,3465.0,202,209755440,5954,6149,4146.2,2764.2,3455.2,3458.6,0.0,3461.6,0.0,0,0,2017-04-21,34325100,3459.4,1,0,0,0,0,0,0,0,0,3460.0,2,0,0,0,0,0,0,0,0
212,2017-04-21,09:32:05,600,IF1704,CCFX,3459.2,3459.2,3465.0,203,210793200,5953,6149,4146.2,2764.2,3455.2,3458.6,0.0,3461.6,0.0,0,0,2017-04-21,34325600,3459.0,1,0,0,0,0,0,0,0,0,3460.0,2,0,0,0,0,0,0,0,0
213,2017-04-21,09:32:06,600,IF1704,CCFX,3459.2,3459.2,3465.0,203,210793200,5953,6149,4146.2,2764.2,3455.2,3458.6,0.0,3461.6,0.0,0,0,2017-04-21,34326600,3459.0,1,0,0,0,0,0,0,0,0,3460.0,2,0,0,0,0,0,0,0,0
214,2017-04-21,09:32:07,100,IF1704,CCFX,3459.0,3459.0,3465.0,204,211830900,5952,6149,4146.2,2764.2,3455.2,3458.6,0.0,3461.6,0.0,0,0,2017-04-21,34327100,3459.6,1,0,0,0,0,0,0,0,0,3460.0,2,0,0,0,0,0,0,0,0
215,2017-04-21,09:32:08,100,IF1704,CCFX,3460.0,3459.0,3465.0,205,212868900,5951,6149,4146.2,2764.2,3455.2,3458.6,0.0,3461.6,0.0,0,0,2017-04-21,34328100,3459.6,1,0,0,0,0,0,0,0,0,3460.0,1,0,0,0,0,0,0,0,0
216,2017-04-21,09:32:09,100,IF1704,CCFX,3460.0,3459.0,3465.0,206,213906900,5950,6149,4146.2,2764.2,3455.2,3458.6,0.0,3461.6,0.0,0,0,2017-04-21,34329100,3459.6,1,0,0,0,0,0,0,0,0,3460.6,3,0,0,0,0,0,0,0,0
217,2017-04-21,09:32:10,100,IF1704,CCFX,3460.0,3459.0,3465.0,206,213906900,5950,6149,4146.2,2764.2,3455.2,3458.6,0.0,3461.6,0.0,0,0,2017-04-21,34330100,3459.6,1,0,0,0,0,0,0,0,0,3460.6,2,0,0,0,0,0,0,0,0
218,2017-04-21,09:32:10,600,IF1704,CCFX,3460.0,3459.0,3465.0,206,213906900,5950,6149,4146.2,2764.2,3455.2,3458.6,0.0,3461.6,0.0,0,0,2017-04-21,34330600,3459.6,1,0,0,0,0,0,0,0,0,3460.6,1,0,0,0,0,0,0,0,0
219,2017-04-21,09:32:11,100,IF1704,CCFX,3460.0,3459.0,3465.0,206,213906900,5950,6149,4146.2,2764.2,3455.2,3458.6,0.0,3461.6,0.0,0,0,2017-04-21,34331100,3458.8,4,0,0,0,0,0,0,0,0,3460.6,1,0,0,0,0,0,0,0,0
220,2017-04-21,09:32:11,600,IF1704,CCFX,3460.0,3459.0,3465.0,206,213906900,5950,6149,4146.2,2764.2,3455.2,3458.6,0.0,3461.6,0.0,0,0,2017-04-21,34331600,3459.2,1,0,0,0,0,0,0,0,0,3460.4,1,0,0,0,0,0,0,0,0
221,2017-04-21,09:32:12,100,IF1704,CCFX,3460.0,3459.0,3465.0,206,213906900,5950,6149,4146.2,2764.2,3455.2,3458.6,0.0,3461.6,0.0,0,0,2017-04-21,34332100,3459.2,1,0,0,0,0,0,0,0,0,3460.2,1,0,0,0,0,0,0,0,0
222,2017-04-21,09:32:12,600,IF1704,CCFX,3460.0,3459.0,3465.0,206,213906900,5950,6149,4146.2,2764.2,3455.2,3458.6,0.0,3461.6,0.0,0,0,2017-04-21,34332600,3459.2,2,0,0,0,0,0,0,0,0,3460.2,1,0,0,0,0,0,0,0,0
223,2017-04-21,09:32:13,100,IF1704,CCFX,3460.0,3459.0,3465.0,206,213906900,5950,6149,4146.2,2764.2,3455.2,3458.6,0.0,3461.6,0.0,0,0,2017-04-21,34333100,3459.2,1,0,0,0,0,0,0,0,0,3460.6,1,0,0,0,0,0,0,0,0
224,2017-04-21,09:32:13,600,IF1704,CCFX,3460.6,3459.0,3465.0,207,214945080,5949,6149,4146.2,2764.2,3455.2,3458.6,0.0,3461.6,0.0,0,0,2017-04-21,34333600,3459.4,1,0,0,0,0,0,0,0,0,3460.8,1,0,0,0,0,0,0,0,0
225,2017-04-21,09:32:14,100,IF1704,CCFX,3459.2,3459.0,3465.0,208,215982840,5948,6149,4146.2,2764.2,3455.2,3458.6,0.0,3461.6,0.0,0,0,2017-04-21,34334100,3458.8,4,0,0,0,0,0,0,0,0,3460.6,4,0,0,0,0,0,0,0,0
226,2017-04-21,09:32:14,600,IF1704,CCFX,3459.2,3459.0,3465.0,208,215982840,5948,6149,4146.2,2764.2,3455.2,3458.6,0.0,3461.6,0.0,0,0,2017-04-21,34334600,3459.4,1,0,0,0,0,0,0,0,0,3460.4,1,0,0,0,0,0,0,0,0
227,2017-04-21,09:32:15,100,IF1704,CCFX,3459.2,3459.0,3465.0,208,215982840,5948,6149,4146.2,2764.2,3455.2,3458.6,0.0,3461.6,0.0,0,0,2017-04-21,34335100,3459.4,1,0,0,0,0,0,0,0,0,3460.2,1,0,0,0,0,0,0,0,0
228,2017-04-21,09:32:15,600,IF1704,CCFX,3459.2,3459.0,3465.0,208,215982840,5948,6149,4146.2,2764.2,3455.2,3458.6,0.0,3461.6,0.0,0,0,2017-04-21,34335600,3459.4,1,0,0,0,0,0,0,0,0,3460.2,1,0,0,0,0,0,0,0,0
229,2017-04-21,09:32:16,100,IF1704,CCFX,3459.2,3459.0,3465.0,208,215982840,5948,6149,4146.2,2764.2,3455.2,3458.6,0.0,3461.6,0.0,0,0,2017-04-21,34336100,3459.4,1,0,0,0,0,0,0,0,0,3460.2,1,0,0,0,0,0,0,0,0
230,2017-04-21,09:32:18,100,IF1704,CCFX,3460.2,3459.0,3465.0,209,217020900,5947,6149,4146.2,2764.2,3455.2,3458.6,0.0,3461.6,0.0,0,0,2017-04-21,34338100,3460.2,1,0,0,0,0,0,0,0,0,3460.4,1,0,0,0,0,0,0,0,0
231,2017-04-21,09:32:19,100,IF1704,CCFX,3459.4,3459.0,3465.0,211,219096780,5945,6149,4146.2,2764.2,3455.2,3458.6,0.0,3461.6,0.0,0,0,2017-04-21,34339100,3458.8,4,0,0,0,0,0,0,0,0,3460.4,1,0,0,0,0,0,0,0,0
232,2017-04-21,09:32:19,600,IF1704,CCFX,3459.4,3459.0,3465.0,211,219096780,5945,6149,4146.2,2764.2,3455.2,3458.6,0.0,3461.6,0.0,0,0,2017-04-21,34339600,3459.0,1,0,0,0,0,0,0,0,0,3460.0,1,0,0,0,0,0,0,0,0
233,2017-04-21,09:32:20,100,IF1704,CCFX,3460.0,3459.0,3465.0,212,220134780,5944,6149,4146.2,2764.2,3455.2,3458.6,0.0,3461.6,0.0,0,0,2017-04-21,34340100,3458.8,5,0,0,0,0,0,0,0,0,3460.0,1,0,0,0,0,0,0,0,0
234,2017-04-21,09:32:20,600,IF1704,CCFX,3460.0,3459.0,3465.0,213,221172780,5943,6149,4146.2,2764.2,3455.2,3458.6,0.0,3461.6,0.0,0,0,2017-04-21,34340600,3458.8,5,0,0,0,0,0,0,0,0,3460.0,1,0,0,0,0,0,0,0,0
235,2017-04-21,09:32:21,100,IF1704,CCFX,3460.0,3459.0,3465.0,213,221172780,5943,6149,4146.2,2764.2,3455.2,3458.6,0.0,3461.6,0.0,0,0,2017-04-21,34341100,3459.0,1,0,0,0,0,0,0,0,0,3460.0,1,0,0,0,0,0,0,0,0
236,2017-04-21,09:32:21,600,IF1704,CCFX,3460.0,3459.0,3465.0,213,221172780,5943,6149,4146.2,2764.2,3455.2,3458.6,0.0,3461.6,0.0,0,0,2017-04-21,34341600,3459.0,1,0,0,0,0,0,0,0,0,3459.4,3,0,0,0,0,0,0,0,0
237,2017-04-21,09:32:22,100,IF1704,CCFX,3459.2,3459.0,3465.0,214,222210540,5942,6149,4146.2,2764.2,3455.2,3458.6,0.0,3461.6,0.0,0,0,2017-04-21,34342100,3459.0,1,0,0,0,0,0,0,0,0,3459.4,3,0,0,0,0,0,0,0,0
238,2017-04-21,09:32:22,600,IF1704,CCFX,3459.2,3459.0,3465.0,214,222210540,5942,6149,4146.2,2764.2,3455.2,3458.6,0.0,3461.6,0.0,0,0,2017-04-21,34342600,3458.8,4,0,0,0,0,0,0,0,0,3459.4,3,0,0,0,0,0,0,0,0
239,2017-04-21,09:32:23,100,IF1704,CCFX,3459.2,3459.0,3465.0,214,222210540,5942,6149,4146.2,2764.2,3455.2,3458.6,0.0,3461.6,0.0,0,0,2017-04-21,34343100,3459.2,1,0,0,0,0,0,0,0,0,3459.4,3,0,0,0,0,0,0,0,0
240,2017-04-21,09:32:23,600,IF1704,CCFX,3459.2,3459.0,3465.0,215,223248300,5941,6149,4146.2,2764.2,3455.2,3458.6,0.0,3461.6,0.0,0,0,2017-04-21,34343600,3458.8,4,0,0,0,0,0,0,0,0,3459.4,3,0,0,0,0,0,0,0,0
241,2017-04-21,09:32:25,600,IF1704,CCFX,3459.2,3459.0,3465.0,215,223248300,5941,6149,4146.2,2764.2,3455.2,3458.6,0.0,3461.6,0.0,0,0,2017-04-21,34345600,3458.8,5,0,0,0,0,0,0,0,0,3459.4,3,0,0,0,0,0,0,0,0
242,2017-04-21,09:32:26,600,IF1704,CCFX,3459.4,3459.0,3465.0,216,224286120,5940,6149,4146.2,2764.2,3455.2,3458.6,0.0,3461.6,0.0,0,0,2017-04-21,34346600,3458.8,4,0,0,0,0,0,0,0,0,3459.4,2,0,0,0,0,0,0,0,0
243,2017-04-21,09:32:29,600,IF1704,CCFX,3459.4,3459.0,3465.0,216,224286120,5940,6149,4146.2,2764.2,3455.2,3458.6,0.0,3461.6,0.0,0,0,2017-04-21,34349600,3458.8,4,0,0,0,0,0,0,0,0,3459.4,2,0,0,0,0,0,0,0,0
244,2017-04-21,09:32:30,600,IF1704,CCFX,3459.4,3459.0,3465.0,217,225323940,5939,6149,4146.2,2764.2,3455.2,3458.6,0.0,3461.6,0.0,0,0,2017-04-21,34350600,3458.8,4,0,0,0,0,0,0,0,0,3459.4,1,0,0,0,0,0,0,0,0
245,2017-04-21,09:32:32,600,IF1704,CCFX,3459.4,3459.0,3465.0,217,225323940,5939,6149,4146.2,2764.2,3455.2,3458.6,0.0,3461.6,0.0,0,0,2017-04-21,34352600,3458.8,4,0,0,0,0,0,0,0,0,3459.2,2,0,0,0,0,0,0,0,0
246,2017-04-21,09:32:33,100,IF1704,CCFX,3458.8,3458.8,3465.0,218,226361580,5938,6149,4146.2,2764.2,3455.2,3458.6,0.0,3461.6,0.0,0,0,2017-04-21,34353100,3458.8,3,0,0,0,0,0,0,0,0,3459.2,1,0,0,0,0,0,0,0,0
247,2017-04-21,09:32:33,600,IF1704,CCFX,3458.8,3458.8,3465.0,221,229474500,5935,6149,4146.2,2764.2,3455.2,3458.6,0.0,3461.6,0.0,0,0,2017-04-21,34353600,3458.6,8,0,0,0,0,0,0,0,0,3459.2,1,0,0,0,0,0,0,0,0
248,2017-04-21,09:32:35,100,IF1704,CCFX,3458.8,3458.8,3465.0,221,229474500,5935,6149,4146.2,2764.2,3455.2,3458.6,0.0,3461.6,0.0,0,0,2017-04-21,34355100,3459.0,1,0,0,0,0,0,0,0,0,3459.2,1,0,0,0,0,0,0,0,0
249,2017-04-21,09:32:37,600,IF1704,CCFX,3459.0,3458.8,3465.0,222,230512200,5934,6149,4146.2,2764.2,3455.2,3458.6,0.0,3461.6,0.0,0,0,2017-04-21,34357600,3458.8,2,0,0,0,0,0,0,0,0,3459.0,1,0,0,0,0,0,0,0,0
250,2017-04-21,09:32:38,100,IF1704,CCFX,3459.0,3458.8,3465.0,222,230512200,5934,6149,4146.2,2764.2,3455.2,3458.6,0.0,3461.6,0.0,0,0,2017-04-21,34358100,3458.8,2,0,0,0,0,0,0,0,0,3459.0,1,0,0,0,0,0,0,0,0
251,2017-04-21,09:32:38,600,IF1704,CCFX,3459.0,3458.8,3465.0,222,230512200,5934,6149,4146.2,2764.2,3455.2,3458.6,0.0,3461.6,0.0,0,0,2017-04-21,34358600,3458.8,3,0,0,0,0,0,0,0,0,3459.0,1,0,0,0,0,0,0,0,0
252,2017-04-21,09:32:39,600,IF1704,CCFX,3458.6,3458.6,3465.0,227,235700280,5929,6149,4146.2,2764.2,3455.2,3458.6,0.0,3461.6,0.0,0,0,2017-04-21,34359600,3458.6,6,0,0,0,0,0,0,0,0,3459.0,1,0,0,0,0,0,0,0,0
253,2017-04-21,09:32:40,100,IF1704,CCFX,3458.6,3458.6,3465.0,227,235700280,5929,6149,4146.2,2764.2,3455.2,3458.6,0.0,3461.6,0.0,0,0,2017-04-21,34360100,3458.6,6,0,0,0,0,0,0,0,0,3458.8,1,0,0,0,0,0,0,0,0
254,2017-04-21,09:32:40,600,IF1704,CCFX,3458.6,3458.6,3465.0,227,235700280,5929,6149,4146.2,2764.2,3455.2,3458.6,0.0,3461.6,0.0,0,0,2017-04-21,34360600,3458.6,6,0,0,0,0,0,0,0,0,3459.0,1,0,0,0,0,0,0,0,0
255,2017-04-21,09:32:41,100,IF1704,CCFX,3458.6,3458.6,3465.0,228,236737860,5928,6149,4146.2,2764.2,3455.2,3458.6,0.0,3461.6,0.0,0,0,2017-04-21,34361100,3458.6,5,0,0,0,0,0,0,0,0,3459.0,1,0,0,0,0,0,0,0,0
256,2017-04-21,09:32:41,600,IF1704,CCFX,3459.0,3458.6,3465.0,229,237775560,5927,6149,4146.2,2764.2,3455.2,3458.6,0.0,3461.6,0.0,0,0,2017-04-21,34361600,3458.6,5,0,0,0,0,0,0,0,0,3459.4,1,0,0,0,0,0,0,0,0
257,2017-04-21,09:32:42,100,IF1704,CCFX,3459.0,3458.6,3465.0,229,237775560,5927,6149,4146.2,2764.2,3455.2,3458.6,0.0,3461.6,0.0,0,0,2017-04-21,34362100,3458.6,5,0,0,0,0,0,0,0,0,3459.2,1,0,0,0,0,0,0,0,0
258,2017-04-21,09:32:42,600,IF1704,CCFX,3459.0,3458.6,3465.0,229,237775560,5927,6149,4146.2,2764.2,3455.2,3458.6,0.0,3461.6,0.0,0,0,2017-04-21,34362600,3458.6,5,0,0,0,0,0,0,0,0,3459.2,1,0,0,0,0,0,0,0,0
259,2017-04-21,09:32:43,100,IF1704,CCFX,3459.0,3458.6,3465.0,229,237775560,5927,6149,4146.2,2764.2,3455.2,3458.6,0.0,3461.6,0.0,0,0,2017-04-21,34363100,3459.0,5,0,0,0,0,0,0,0,0,3459.2,1,0,0,0,0,0,0,0,0
260,2017-04-21,09:32:44,100,IF1704,CCFX,3459.0,3458.6,3465.0,230,238813260,5926,6149,4146.2,2764.2,3455.2,3458.6,0.0,3461.6,0.0,0,0,2017-04-21,34364100,3459.0,4,0,0,0,0,0,0,0,0,3459.2,1,0,0,0,0,0,0,0,0
261,2017-04-21,09:32:45,100,IF1704,CCFX,3459.2,3458.6,3465.0,231,239851020,5925,6149,4146.2,2764.2,3455.2,3458.6,0.0,3461.6,0.0,0,0,2017-04-21,34365100,3459.0,4,0,0,0,0,0,0,0,0,3459.4,1,0,0,0,0,0,0,0,0
262,2017-04-21,09:32:45,600,IF1704,CCFX,3459.2,3458.6,3465.0,236,245039580,5920,6149,4146.2,2764.2,3455.2,3458.6,0.0,3461.6,0.0,0,0,2017-04-21,34365600,3458.6,5,0,0,0,0,0,0,0,0,3459.2,1,0,0,0,0,0,0,0,0
263,2017-04-21,09:32:46,100,IF1704,CCFX,3459.2,3458.6,3465.0,236,245039580,5920,6149,4146.2,2764.2,3455.2,3458.6,0.0,3461.6,0.0,0,0,2017-04-21,34366100,3458.6,5,0,0,0,0,0,0,0,0,3459.2,1,0,0,0,0,0,0,0,0
264,2017-04-21,09:32:47,100,IF1704,CCFX,3459.2,3458.6,3465.0,236,245039580,5920,6149,4146.2,2764.2,3455.2,3458.6,0.0,3461.6,0.0,0,0,2017-04-21,34367100,3458.6,5,0,0,0,0,0,0,0,0,3459.0,2,0,0,0,0,0,0,0,0
265,2017-04-21,09:32:47,600,IF1704,CCFX,3458.6,3458.6,3465.0,237,246077160,5919,6149,4146.2,2764.2,3455.2,3458.6,0.0,3461.6,0.0,0,0,2017-04-21,34367600,3458.6,4,0,0,0,0,0,0,0,0,3458.8,1,0,0,0,0,0,0,0,0
266,2017-04-21,09:32:48,100,IF1704,CCFX,3458.6,3458.6,3465.0,238,247114740,5918,6149,4146.2,2764.2,3455.2,3458.6,0.0,3461.6,0.0,0,0,2017-04-21,34368100,3458.6,3,0,0,0,0,0,0,0,0,3458.8,1,0,0,0,0,0,0,0,0
267,2017-04-21,09:32:48,600,IF1704,CCFX,3458.8,3458.6,3465.0,242,251265120,5914,6149,4146.2,2764.2,3455.2,3458.6,0.0,3461.6,0.0,0,0,2017-04-21,34368600,3457.6,2,0,0,0,0,0,0,0,0,3459.0,1,0,0,0,0,0,0,0,0
268,2017-04-21,09:32:49,100,IF1704,CCFX,3459.0,3458.6,3465.0,243,252302820,5913,6149,4146.2,2764.2,3455.2,3458.6,0.0,3461.6,0.0,0,0,2017-04-21,34369100,3459.2,4,0,0,0,0,0,0,0,0,3459.4,1,0,0,0,0,0,0,0,0
269,2017-04-21,09:32:49,600,IF1704,CCFX,3459.2,3458.6,3465.0,247,256453860,5909,6149,4146.2,2764.2,3455.2,3458.6,0.0,3461.6,0.0,0,0,2017-04-21,34369600,3457.6,3,0,0,0,0,0,0,0,0,3459.2,3,0,0,0,0,0,0,0,0
270,2017-04-21,09:32:50,100,IF1704,CCFX,3459.2,3458.6,3465.0,247,256453860,5909,6149,4146.2,2764.2,3455.2,3458.6,0.0,3461.6,0.0,0,0,2017-04-21,34370100,3457.8,2,0,0,0,0,0,0,0,0,3458.6,2,0,0,0,0,0,0,0,0
271,2017-04-21,09:32:50,600,IF1704,CCFX,3459.2,3458.6,3465.0,247,256453860,5909,6149,4146.2,2764.2,3455.2,3458.6,0.0,3461.6,0.0,0,0,2017-04-21,34370600,3457.6,3,0,0,0,0,0,0,0,0,3458.6,2,0,0,0,0,0,0,0,0
272,2017-04-21,09:32:51,100,IF1704,CCFX,3458.6,3458.6,3465.0,248,257491440,5908,6149,4146.2,2764.2,3455.2,3458.6,0.0,3461.6,0.0,0,0,2017-04-21,34371100,3457.6,3,0,0,0,0,0,0,0,0,3458.6,1,0,0,0,0,0,0,0,0
273,2017-04-21,09:32:51,600,IF1704,CCFX,3458.6,3458.6,3465.0,249,258529020,5907,6149,4146.2,2764.2,3455.2,3458.6,0.0,3461.6,0.0,0,0,2017-04-21,34371600,3457.6,3,0,0,0,0,0,0,0,0,3458.8,1,0,0,0,0,0,0,0,0
274,2017-04-21,09:32:52,100,IF1704,CCFX,3458.6,3458.6,3465.0,249,258529020,5907,6149,4146.2,2764.2,3455.2,3458.6,0.0,3461.6,0.0,0,0,2017-04-21,34372100,3457.6,3,0,0,0,0,0,0,0,0,3458.6,1,0,0,0,0,0,0,0,0
275,2017-04-21,09:32:52,600,IF1704,CCFX,3458.6,3458.6,3465.0,250,259566600,5906,6149,4146.2,2764.2,3455.2,3458.6,0.0,3461.6,0.0,0,0,2017-04-21,34372600,3457.6,3,0,0,0,0,0,0,0,0,3458.8,1,0,0,0,0,0,0,0,0
276,2017-04-21,09:32:53,100,IF1704,CCFX,3458.8,3458.6,3465.0,251,260604240,5905,6149,4146.2,2764.2,3455.2,3458.6,0.0,3461.6,0.0,0,0,2017-04-21,34373100,3459.2,3,0,0,0,0,0,0,0,0,3459.4,1,0,0,0,0,0,0,0,0
277,2017-04-21,09:32:53,600,IF1704,CCFX,3459.2,3458.6,3465.0,254,263717520,5902,6149,4146.2,2764.2,3455.2,3458.6,0.0,3461.6,0.0,0,0,2017-04-21,34373600,3457.8,1,0,0,0,0,0,0,0,0,3459.4,1,0,0,0,0,0,0,0,0
278,2017-04-21,09:32:54,100,IF1704,CCFX,3459.2,3458.6,3465.0,254,263717520,5902,6149,4146.2,2764.2,3455.2,3458.6,0.0,3461.6,0.0,0,0,2017-04-21,34374100,3458.0,1,0,0,0,0,0,0,0,0,3459.2,1,0,0,0,0,0,0,0,0
279,2017-04-21,09:32:54,600,IF1704,CCFX,3459.2,3458.6,3465.0,254,263717520,5902,6149,4146.2,2764.2,3455.2,3458.6,0.0,3461.6,0.0,0,0,2017-04-21,34374600,3457.8,1,0,0,0,0,0,0,0,0,3459.2,1,0,0,0,0,0,0,0,0
280,2017-04-21,09:32:56,100,IF1704,CCFX,3457.8,3457.8,3465.0,255,264754860,5901,6149,4146.2,2764.2,3455.2,3458.6,0.0,3461.6,0.0,0,0,2017-04-21,34376100,3457.6,3,0,0,0,0,0,0,0,0,3459.2,1,0,0,0,0,0,0,0,0
281,2017-04-21,09:32:56,600,IF1704,CCFX,3457.8,3457.8,3465.0,255,264754860,5901,6149,4146.2,2764.2,3455.2,3458.6,0.0,3461.6,0.0,0,0,2017-04-21,34376600,3457.6,3,0,0,0,0,0,0,0,0,3459.0,1,0,0,0,0,0,0,0,0
282,2017-04-21,09:32:57,100,IF1704,CCFX,3459.0,3457.8,3465.0,257,266830260,5899,6149,4146.2,2764.2,3455.2,3458.6,0.0,3461.6,0.0,0,0,2017-04-21,34377100,3457.8,1,0,0,0,0,0,0,0,0,3459.2,2,0,0,0,0,0,0,0,0
283,2017-04-21,09:32:57,600,IF1704,CCFX,3457.8,3457.8,3465.0,258,267867600,5898,6149,4146.2,2764.2,3455.2,3458.6,0.0,3461.6,0.0,0,0,2017-04-21,34377600,3457.6,3,0,0,0,0,0,0,0,0,3459.2,3,0,0,0,0,0,0,0,0
284,2017-04-21,09:32:58,100,IF1704,CCFX,3457.8,3457.8,3465.0,258,267867600,5898,6149,4146.2,2764.2,3455.2,3458.6,0.0,3461.6,0.0,0,0,2017-04-21,34378100,3458.0,1,0,0,0,0,0,0,0,0,3459.2,3,0,0,0,0,0,0,0,0
285,2017-04-21,09:32:58,600,IF1704,CCFX,3458.0,3457.8,3465.0,259,268905000,5897,6149,4146.2,2764.2,3455.2,3458.6,0.0,3461.6,0.0,0,0,2017-04-21,34378600,3458.2,1,0,0,0,0,0,0,0,0,3459.2,3,0,0,0,0,0,0,0,0
286,2017-04-21,09:32:59,100,IF1704,CCFX,3458.2,3457.8,3465.0,260,269942460,5896,6149,4146.2,2764.2,3455.2,3458.6,0.0,3461.6,0.0,0,0,2017-04-21,34379100,3457.6,3,0,0,0,0,0,0,0,0,3459.0,1,0,0,0,0,0,0,0,0
287,2017-04-21,09:32:59,600,IF1704,CCFX,3459.0,3457.8,3465.0,261,270980160,5895,6149,4146.2,2764.2,3455.2,3458.6,0.0,3461.6,0.0,0,0,2017-04-21,34379600,3457.6,3,0,0,0,0,0,0,0,0,3459.2,3,0,0,0,0,0,0,0,0
288,2017-04-21,09:33:00,100,IF1704,CCFX,3459.2,3457.8,3465.0,262,272017920,5894,6149,4146.2,2764.2,3455.2,3458.6,0.0,3461.6,0.0,0,0,2017-04-21,34380100,3457.6,3,0,0,0,0,0,0,0,0,3459.2,2,0,0,0,0,0,0,0,0
289,2017-04-21,09:33:00,600,IF1704,CCFX,3458.6,3457.8,3465.0,264,274093080,5892,6149,4146.2,2764.2,3455.2,3458.6,0.0,3461.6,0.0,0,0,2017-04-21,34380600,3458.6,1,0,0,0,0,0,0,0,0,3459.0,1,0,0,0,0,0,0,0,0
290,2017-04-21,09:33:01,100,IF1704,CCFX,3457.6,3457.6,3465.0,268,278242380,5890,6149,4146.2,2764.2,3455.2,3458.6,0.0,3461.6,0.0,0,0,2017-04-21,34381100,3457.6,1,0,0,0,0,0,0,0,0,3458.2,1,0,0,0,0,0,0,0,0
291,2017-04-21,09:33:01,600,IF1704,CCFX,3458.2,3457.6,3465.0,270,280317120,5889,6149,4146.2,2764.2,3455.2,3458.6,0.0,3461.6,0.0,0,0,2017-04-21,34381600,3458.2,1,0,0,0,0,0,0,0,0,3459.2,2,0,0,0,0,0,0,0,0
292,2017-04-21,09:33:02,100,IF1704,CCFX,3458.2,3457.6,3465.0,271,281354580,5888,6149,4146.2,2764.2,3455.2,3458.6,0.0,3461.6,0.0,0,0,2017-04-21,34382100,3457.2,2,0,0,0,0,0,0,0,0,3458.6,1,0,0,0,0,0,0,0,0
293,2017-04-21,09:33:02,600,IF1704,CCFX,3458.6,3457.6,3465.0,272,282392160,5887,6149,4146.2,2764.2,3455.2,3458.6,0.0,3461.6,0.0,0,0,2017-04-21,34382600,3457.2,2,0,0,0,0,0,0,0,0,3459.2,2,0,0,0,0,0,0,0,0
294,2017-04-21,09:33:03,100,IF1704,CCFX,3458.6,3457.6,3465.0,272,282392160,5887,6149,4146.2,2764.2,3455.2,3458.6,0.0,3461.6,0.0,0,0,2017-04-21,34383100,3458.6,1,0,0,0,0,0,0,0,0,3459.0,2,0,0,0,0,0,0,0,0
295,2017-04-21,09:33:03,600,IF1704,CCFX,3458.6,3457.6,3465.0,272,282392160,5887,6149,4146.2,2764.2,3455.2,3458.6,0.0,3461.6,0.0,0,0,2017-04-21,34383600,3458.6,1,0,0,0,0,0,0,0,0,3459.0,1,0,0,0,0,0,0,0,0
296,2017-04-21,09:33:04,100,IF1704,CCFX,3458.6,3457.6,3465.0,272,282392160,5887,6149,4146.2,2764.2,3455.2,3458.6,0.0,3461.6,0.0,0,0,2017-04-21,34384100,3458.6,1,0,0,0,0,0,0,0,0,3459.0,1,0,0,0,0,0,0,0,0
297,2017-04-21,09:33:04,600,IF1704,CCFX,3459.0,3457.6,3465.0,274,284467440,5885,6149,4146.2,2764.2,3455.2,3458.6,0.0,3461.6,0.0,0,0,2017-04-21,34384600,3458.2,3,0,0,0,0,0,0,0,0,3459.2,2,0,0,0,0,0,0,0,0
298,2017-04-21,09:33:05,100,IF1704,CCFX,3458.2,3457.6,3465.0,275,285504900,5884,6149,4146.2,2764.2,3455.2,3458.6,0.0,3461.6,0.0,0,0,2017-04-21,34385100,3458.2,2,0,0,0,0,0,0,0,0,3459.2,2,0,0,0,0,0,0,0,0
299,2017-04-21,09:33:05,600,IF1704,CCFX,3458.2,3457.6,3465.0,276,286542360,5883,6149,4146.2,2764.2,3455.2,3458.6,0.0,3461.6,0.0,0,0,2017-04-21,34385600,3458.2,1,0,0,0,0,0,0,0,0,3459.2,2,0,0,0,0,0,0,0,0
300,2017-04-21,09:33:06,100,IF1704,CCFX,3458.2,3457.6,3465.0,277,287579820,5882,6149,4146.2,2764.2,3455.2,3458.6,0.0,3461.6,0.0,0,0,2017-04-21,34386100,3457.4,2,0,0,0,0,0,0,0,0,3459.2,2,0,0,0,0,0,0,0,0
301,2017-04-21,09:33:07,100,IF1704,CCFX,3457.4,3457.4,3465.0,278,288617040,5881,6149,4146.2,2764.2,3455.2,3458.6,0.0,3461.6,0.0,0,0,2017-04-21,34387100,3457.4,1,0,0,0,0,0,0,0,0,3459.0,3,0,0,0,0,0,0,0,0
302,2017-04-21,09:33:07,600,IF1704,CCFX,3457.4,3457.4,3465.0,278,288617040,5881,6149,4146.2,2764.2,3455.2,3458.6,0.0,3461.6,0.0,0,0,2017-04-21,34387600,3457.4,1,0,0,0,0,0,0,0,0,3458.0,2,0,0,0,0,0,0,0,0
303,2017-04-21,09:33:08,100,IF1704,CCFX,3458.0,3457.4,3465.0,279,289654440,5880,6149,4146.2,2764.2,3455.2,3458.6,0.0,3461.6,0.0,0,0,2017-04-21,34388100,3458.0,3,0,0,0,0,0,0,0,0,3459.0,1,0,0,0,0,0,0,0,0
304,2017-04-21,09:33:08,600,IF1704,CCFX,3458.0,3457.4,3465.0,279,289654440,5880,6149,4146.2,2764.2,3455.2,3458.6,0.0,3461.6,0.0,0,0,2017-04-21,34388600,3458.0,1,0,0,0,0,0,0,0,0,3459.0,1,0,0,0,0,0,0,0,0
305,2017-04-21,09:33:09,100,IF1704,CCFX,3458.0,3457.4,3465.0,279,289654440,5880,6149,4146.2,2764.2,3455.2,3458.6,0.0,3461.6,0.0,0,0,2017-04-21,34389100,3458.2,1,0,0,0,0,0,0,0,0,3459.0,2,0,0,0,0,0,0,0,0
306,2017-04-21,09:33:10,600,IF1704,CCFX,3458.0,3457.4,3465.0,281,291729240,5878,6149,4146.2,2764.2,3455.2,3458.6,0.0,3461.6,0.0,0,0,2017-04-21,34390600,3457.4,1,0,0,0,0,0,0,0,0,3458.0,3,0,0,0,0,0,0,0,0
307,2017-04-21,09:33:11,100,IF1704,CCFX,3458.0,3457.4,3465.0,284,294841440,5875,6149,4146.2,2764.2,3455.2,3458.6,0.0,3461.6,0.0,0,0,2017-04-21,34391100,3457.2,2,0,0,0,0,0,0,0,0,3459.0,2,0,0,0,0,0,0,0,0
308,2017-04-21,09:33:11,600,IF1704,CCFX,3458.0,3457.4,3465.0,284,294841440,5875,6149,4146.2,2764.2,3455.2,3458.6,0.0,3461.6,0.0,0,0,2017-04-21,34391600,3457.6,1,0,0,0,0,0,0,0,0,3458.6,1,0,0,0,0,0,0,0,0
309,2017-04-21,09:33:12,100,IF1704,CCFX,3458.4,3457.4,3465.0,285,295878960,5874,6149,4146.2,2764.2,3455.2,3458.6,0.0,3461.6,0.0,0,0,2017-04-21,34392100,3457.6,1,0,0,0,0,0,0,0,0,3458.6,1,0,0,0,0,0,0,0,0
310,2017-04-21,09:33:12,600,IF1704,CCFX,3458.6,3457.4,3465.0,286,296916540,5873,6149,4146.2,2764.2,3455.2,3458.6,0.0,3461.6,0.0,0,0,2017-04-21,34392600,3458.2,3,0,0,0,0,0,0,0,0,3458.8,1,0,0,0,0,0,0,0,0
311,2017-04-21,09:33:13,100,IF1704,CCFX,3458.8,3457.4,3465.0,287,297954180,5872,6149,4146.2,2764.2,3455.2,3458.6,0.0,3461.6,0.0,0,0,2017-04-21,34393100,3457.8,1,0,0,0,0,0,0,0,0,3458.8,2,0,0,0,0,0,0,0,0
312,2017-04-21,09:33:13,600,IF1704,CCFX,3458.8,3457.4,3465.0,287,297954180,5872,6149,4146.2,2764.2,3455.2,3458.6,0.0,3461.6,0.0,0,0,2017-04-21,34393600,3458.0,1,0,0,0,0,0,0,0,0,3458.8,2,0,0,0,0,0,0,0,0
313,2017-04-21,09:33:14,100,IF1704,CCFX,3458.8,3457.4,3465.0,287,297954180,5872,6149,4146.2,2764.2,3455.2,3458.6,0.0,3461.6,0.0,0,0,2017-04-21,34394100,3458.0,2,0,0,0,0,0,0,0,0,3458.8,2,0,0,0,0,0,0,0,0
314,2017-04-21,09:33:14,600,IF1704,CCFX,3458.8,3457.4,3465.0,288,298991820,5871,6149,4146.2,2764.2,3455.2,3458.6,0.0,3461.6,0.0,0,0,2017-04-21,34394600,3458.0,1,0,0,0,0,0,0,0,0,3458.8,1,0,0,0,0,0,0,0,0
315,2017-04-21,09:33:15,100,IF1704,CCFX,3458.8,3457.4,3465.0,288,298991820,5871,6149,4146.2,2764.2,3455.2,3458.6,0.0,3461.6,0.0,0,0,2017-04-21,34395100,3458.0,1,0,0,0,0,0,0,0,0,3458.8,1,0,0,0,0,0,0,0,0
316,2017-04-21,09:33:15,600,IF1704,CCFX,3458.8,3457.4,3465.0,288,298991820,5871,6149,4146.2,2764.2,3455.2,3458.6,0.0,3461.6,0.0,0,0,2017-04-21,34395600,3458.6,3,0,0,0,0,0,0,0,0,3458.8,1,0,0,0,0,0,0,0,0
317,2017-04-21,09:33:16,100,IF1704,CCFX,3458.8,3457.4,3465.0,288,298991820,5871,6149,4146.2,2764.2,3455.2,3458.6,0.0,3461.6,0.0,0,0,2017-04-21,34396100,3458.2,2,0,0,0,0,0,0,0,0,3458.8,1,0,0,0,0,0,0,0,0
318,2017-04-21,09:33:17,100,IF1704,CCFX,3459.0,3457.4,3465.0,290,301067160,5869,6149,4146.2,2764.2,3455.2,3458.6,0.0,3461.6,0.0,0,0,2017-04-21,34397100,3459.0,1,0,0,0,0,0,0,0,0,3459.2,2,0,0,0,0,0,0,0,0
319,2017-04-21,09:33:17,600,IF1704,CCFX,3459.2,3457.4,3465.0,292,303142620,5867,6149,4146.2,2764.2,3455.2,3458.6,0.0,3461.6,0.0,0,0,2017-04-21,34397600,3459.0,1,0,0,0,0,0,0,0,0,3459.2,1,0,0,0,0,0,0,0,0
320,2017-04-21,09:33:18,100,IF1704,CCFX,3459.0,3457.4,3465.0,293,304180320,5866,6149,4146.2,2764.2,3455.2,3458.6,0.0,3461.6,0.0,0,0,2017-04-21,34398100,3459.0,1,0,0,0,0,0,0,0,0,3459.2,1,0,0,0,0,0,0,0,0
321,2017-04-21,09:33:18,600,IF1704,CCFX,3459.0,3457.4,3465.0,293,304180320,5866,6149,4146.2,2764.2,3455.2,3458.6,0.0,3461.6,0.0,0,0,2017-04-21,34398600,3459.0,1,0,0,0,0,0,0,0,0,3459.2,1,0,0,0,0,0,0,0,0
322,2017-04-21,09:33:19,100,IF1704,CCFX,3459.0,3457.4,3465.0,294,305218020,5865,6149,4146.2,2764.2,3455.2,3458.6,0.0,3461.6,0.0,0,0,2017-04-21,34399100,3458.8,1,0,0,0,0,0,0,0,0,3459.2,1,0,0,0,0,0,0,0,0
323,2017-04-21,09:33:19,600,IF1704,CCFX,3458.8,3457.4,3465.0,295,306255660,5864,6149,4146.2,2764.2,3455.2,3458.6,0.0,3461.6,0.0,0,0,2017-04-21,34399600,3459.0,1,0,0,0,0,0,0,0,0,3459.2,1,0,0,0,0,0,0,0,0
324,2017-04-21,09:33:20,100,IF1704,CCFX,3459.0,3457.4,3465.0,296,307293360,5863,6149,4146.2,2764.2,3455.2,3458.6,0.0,3461.6,0.0,0,0,2017-04-21,34400100,3458.6,3,0,0,0,0,0,0,0,0,3459.2,1,0,0,0,0,0,0,0,0
325,2017-04-21,09:33:20,600,IF1704,CCFX,3458.6,3457.4,3465.0,297,308330940,5862,6149,4146.2,2764.2,3455.2,3458.6,0.0,3461.6,0.0,0,0,2017-04-21,34400600,3458.6,2,0,0,0,0,0,0,0,0,3459.0,1,0,0,0,0,0,0,0,0
326,2017-04-21,09:33:21,600,IF1704,CCFX,3458.6,3457.4,3465.0,298,309368520,5861,6149,4146.2,2764.2,3455.2,3458.6,0.0,3461.6,0.0,0,0,2017-04-21,34401600,3458.6,1,0,0,0,0,0,0,0,0,3459.0,1,0,0,0,0,0,0,0,0
327,2017-04-21,09:33:22,100,IF1704,CCFX,3459.4,3457.4,3465.0,302,313519380,5857,6149,4146.2,2764.2,3455.2,3458.6,0.0,3461.6,0.0,0,0,2017-04-21,34402100,3459.4,2,0,0,0,0,0,0,0,0,3459.8,1,0,0,0,0,0,0,0,0
328,2017-04-21,09:33:22,600,IF1704,CCFX,3459.4,3457.4,3465.0,304,315595020,5855,6149,4146.2,2764.2,3455.2,3458.6,0.0,3461.6,0.0,0,0,2017-04-21,34402600,3458.2,3,0,0,0,0,0,0,0,0,3459.8,1,0,0,0,0,0,0,0,0
329,2017-04-21,09:33:23,100,IF1704,CCFX,3459.4,3457.4,3465.0,304,315595020,5855,6149,4146.2,2764.2,3455.2,3458.6,0.0,3461.6,0.0,0,0,2017-04-21,34403100,3458.2,2,0,0,0,0,0,0,0,0,3459.6,1,0,0,0,0,0,0,0,0
330,2017-04-21,09:33:23,600,IF1704,CCFX,3458.4,3457.4,3465.0,305,316632540,5854,6149,4146.2,2764.2,3455.2,3458.6,0.0,3461.6,0.0,0,0,2017-04-21,34403600,3458.2,2,0,0,0,0,0,0,0,0,3459.0,2,0,0,0,0,0,0,0,0
331,2017-04-21,09:33:24,100,IF1704,CCFX,3458.4,3457.4,3465.0,305,316632540,5854,6149,4146.2,2764.2,3455.2,3458.6,0.0,3461.6,0.0,0,0,2017-04-21,34404100,3458.2,2,0,0,0,0,0,0,0,0,3459.0,3,0,0,0,0,0,0,0,0
332,2017-04-21,09:33:25,100,IF1704,CCFX,3458.2,3457.4,3465.0,306,317670000,5853,6149,4146.2,2764.2,3455.2,3458.6,0.0,3461.6,0.0,0,0,2017-04-21,34405100,3458.2,1,0,0,0,0,0,0,0,0,3459.0,3,0,0,0,0,0,0,0,0
333,2017-04-21,09:33:27,600,IF1704,CCFX,3458.2,3457.4,3465.0,306,317670000,5853,6149,4146.2,2764.2,3455.2,3458.6,0.0,3461.6,0.0,0,0,2017-04-21,34407600,3458.2,1,0,0,0,0,0,0,0,0,3458.8,1,0,0,0,0,0,0,0,0
334,2017-04-21,09:33:28,600,IF1704,CCFX,3458.8,3457.4,3465.0,307,318707640,5852,6149,4146.2,2764.2,3455.2,3458.6,0.0,3461.6,0.0,0,0,2017-04-21,34408600,3458.2,1,0,0,0,0,0,0,0,0,3459.0,3,0,0,0,0,0,0,0,0
335,2017-04-21,09:33:29,100,IF1704,CCFX,3458.8,3457.4,3465.0,307,318707640,5852,6149,4146.2,2764.2,3455.2,3458.6,0.0,3461.6,0.0,0,0,2017-04-21,34409100,3458.6,2,0,0,0,0,0,0,0,0,3459.0,3,0,0,0,0,0,0,0,0
336,2017-04-21,09:33:29,600,IF1704,CCFX,3458.6,3457.4,3465.0,308,319745220,5851,6149,4146.2,2764.2,3455.2,3458.6,0.0,3461.6,0.0,0,0,2017-04-21,34409600,3458.6,1,0,0,0,0,0,0,0,0,3459.0,3,0,0,0,0,0,0,0,0
337,2017-04-21,09:33:30,100,IF1704,CCFX,3458.6,3457.4,3465.0,309,320782800,5850,6149,4146.2,2764.2,3455.2,3458.6,0.0,3461.6,0.0,0,0,2017-04-21,34410100,3458.2,1,0,0,0,0,0,0,0,0,3459.0,3,0,0,0,0,0,0,0,0
338,2017-04-21,09:33:30,600,IF1704,CCFX,3458.2,3457.4,3465.0,310,321820260,5849,6149,4146.2,2764.2,3455.2,3458.6,0.0,3461.6,0.0,0,0,2017-04-21,34410600,3457.6,1,0,0,0,0,0,0,0,0,3459.0,3,0,0,0,0,0,0,0,0
339,2017-04-21,09:33:32,100,IF1704,CCFX,3458.2,3457.4,3465.0,310,321820260,5849,6149,4146.2,2764.2,3455.2,3458.6,0.0,3461.6,0.0,0,0,2017-04-21,34412100,3458.8,1,0,0,0,0,0,0,0,0,3459.0,3,0,0,0,0,0,0,0,0
340,2017-04-21,09:33:32,600,IF1704,CCFX,3458.8,3457.4,3465.0,311,322857900,5848,6149,4146.2,2764.2,3455.2,3458.6,0.0,3461.6,0.0,0,0,2017-04-21,34412600,3457.6,1,0,0,0,0,0,0,0,0,3458.8,1,0,0,0,0,0,0,0,0
341,2017-04-21,09:33:33,100,IF1704,CCFX,3458.8,3457.4,3465.0,311,322857900,5848,6149,4146.2,2764.2,3455.2,3458.6,0.0,3461.6,0.0,0,0,2017-04-21,34413100,3458.4,3,0,0,0,0,0,0,0,0,3458.8,1,0,0,0,0,0,0,0,0
342,2017-04-21,09:33:33,600,IF1704,CCFX,3458.8,3457.4,3465.0,311,322857900,5848,6149,4146.2,2764.2,3455.2,3458.6,0.0,3461.6,0.0,0,0,2017-04-21,34413600,3457.6,1,0,0,0,0,0,0,0,0,3458.8,1,0,0,0,0,0,0,0,0
343,2017-04-21,09:33:34,100,IF1704,CCFX,3458.8,3457.4,3465.0,311,322857900,5848,6149,4146.2,2764.2,3455.2,3458.6,0.0,3461.6,0.0,0,0,2017-04-21,34414100,3458.4,3,0,0,0,0,0,0,0,0,3458.8,1,0,0,0,0,0,0,0,0
344,2017-04-21,09:33:34,600,IF1704,CCFX,3458.8,3457.4,3465.0,311,322857900,5848,6149,4146.2,2764.2,3455.2,3458.6,0.0,3461.6,0.0,0,0,2017-04-21,34414600,3458.0,1,0,0,0,0,0,0,0,0,3458.8,1,0,0,0,0,0,0,0,0
345,2017-04-21,09:33:35,600,IF1704,CCFX,3458.8,3457.4,3465.0,311,322857900,5848,6149,4146.2,2764.2,3455.2,3458.6,0.0,3461.6,0.0,0,0,2017-04-21,34415600,3458.0,1,0,0,0,0,0,0,0,0,3458.8,2,0,0,0,0,0,0,0,0
346,2017-04-21,09:33:36,100,IF1704,CCFX,3458.8,3457.4,3465.0,311,322857900,5848,6149,4146.2,2764.2,3455.2,3458.6,0.0,3461.6,0.0,0,0,2017-04-21,34416100,3458.0,1,0,0,0,0,0,0,0,0,3458.6,1,0,0,0,0,0,0,0,0
347,2017-04-21,09:33:36,600,IF1704,CCFX,3458.8,3457.4,3465.0,311,322857900,5848,6149,4146.2,2764.2,3455.2,3458.6,0.0,3461.6,0.0,0,0,2017-04-21,34416600,3458.4,3,0,0,0,0,0,0,0,0,3458.6,1,0,0,0,0,0,0,0,0
348,2017-04-21,09:33:37,100,IF1704,CCFX,3458.8,3457.4,3465.0,314,325970820,5845,6149,4146.2,2764.2,3455.2,3458.6,0.0,3461.6,0.0,0,0,2017-04-21,34417100,3458.2,3,0,0,0,0,0,0,0,0,3459.0,5,0,0,0,0,0,0,0,0
349,2017-04-21,09:33:37,600,IF1704,CCFX,3459.0,3457.4,3465.0,318,330121620,5841,6149,4146.2,2764.2,3455.2,3458.6,0.0,3461.6,0.0,0,0,2017-04-21,34417600,3458.8,2,0,0,0,0,0,0,0,0,3459.0,1,0,0,0,0,0,0,0,0
350,2017-04-21,09:33:38,100,IF1704,CCFX,3458.8,3457.4,3465.0,319,331159260,5840,6149,4146.2,2764.2,3455.2,3458.6,0.0,3461.6,0.0,0,0,2017-04-21,34418100,3458.8,3,0,0,0,0,0,0,0,0,3459.0,1,0,0,0,0,0,0,0,0
351,2017-04-21,09:33:38,600,IF1704,CCFX,3458.8,3457.4,3465.0,321,333234600,5839,6149,4146.2,2764.2,3455.2,3458.6,0.0,3461.6,0.0,0,0,2017-04-21,34418600,3458.8,2,0,0,0,0,0,0,0,0,3459.2,1,0,0,0,0,0,0,0,0
352,2017-04-21,09:33:39,100,IF1704,CCFX,3458.8,3457.4,3465.0,322,334272240,5838,6149,4146.2,2764.2,3455.2,3458.6,0.0,3461.6,0.0,0,0,2017-04-21,34419100,3458.8,1,0,0,0,0,0,0,0,0,3459.2,1,0,0,0,0,0,0,0,0
353,2017-04-21,09:33:39,600,IF1704,CCFX,3458.8,3457.4,3465.0,323,335309880,5837,6149,4146.2,2764.2,3455.2,3458.6,0.0,3461.6,0.0,0,0,2017-04-21,34419600,3458.8,1,0,0,0,0,0,0,0,0,3459.2,1,0,0,0,0,0,0,0,0
354,2017-04-21,09:33:40,100,IF1704,CCFX,3458.8,3457.4,3465.0,323,335309880,5837,6149,4146.2,2764.2,3455.2,3458.6,0.0,3461.6,0.0,0,0,2017-04-21,34420100,3458.8,1,0,0,0,0,0,0,0,0,3459.2,1,0,0,0,0,0,0,0,0
355,2017-04-21,09:33:40,600,IF1704,CCFX,3458.8,3457.4,3465.0,323,335309880,5837,6149,4146.2,2764.2,3455.2,3458.6,0.0,3461.6,0.0,0,0,2017-04-21,34420600,3458.8,1,0,0,0,0,0,0,0,0,3459.2,1,0,0,0,0,0,0,0,0
356,2017-04-21,09:33:41,100,IF1704,CCFX,3459.2,3457.4,3465.0,324,336347640,5836,6149,4146.2,2764.2,3455.2,3458.6,0.0,3461.6,0.0,0,0,2017-04-21,34421100,3459.0,3,0,0,0,0,0,0,0,0,3459.4,6,0,0,0,0,0,0,0,0
357,2017-04-21,09:33:41,600,IF1704,CCFX,3459.0,3457.4,3465.0,328,340498620,5832,6149,4146.2,2764.2,3455.2,3458.6,0.0,3461.6,0.0,0,0,2017-04-21,34421600,3459.0,4,0,0,0,0,0,0,0,0,3459.4,6,0,0,0,0,0,0,0,0
358,2017-04-21,09:33:42,100,IF1704,CCFX,3459.0,3457.4,3465.0,333,345687240,5827,6149,4146.2,2764.2,3455.2,3458.6,0.0,3461.6,0.0,0,0,2017-04-21,34422100,3459.2,1,0,0,0,0,0,0,0,0,3459.4,5,0,0,0,0,0,0,0,0
359,2017-04-21,09:33:42,600,IF1704,CCFX,3459.2,3457.4,3465.0,337,349838400,5823,6149,4146.2,2764.2,3455.2,3458.6,0.0,3461.6,0.0,0,0,2017-04-21,34422600,3458.8,1,0,0,0,0,0,0,0,0,3459.2,1,0,0,0,0,0,0,0,0
360,2017-04-21,09:33:43,100,IF1704,CCFX,3459.2,3457.4,3465.0,338,350876160,5822,6149,4146.2,2764.2,3455.2,3458.6,0.0,3461.6,0.0,0,0,2017-04-21,34423100,3458.8,1,0,0,0,0,0,0,0,0,3459.4,3,0,0,0,0,0,0,0,0
361,2017-04-21,09:33:43,600,IF1704,CCFX,3459.2,3457.4,3465.0,338,350876160,5822,6149,4146.2,2764.2,3455.2,3458.6,0.0,3461.6,0.0,0,0,2017-04-21,34423600,3459.2,1,0,0,0,0,0,0,0,0,3459.4,3,0,0,0,0,0,0,0,0
362,2017-04-21,09:33:44,100,IF1704,CCFX,3459.2,3457.4,3465.0,338,350876160,5822,6149,4146.2,2764.2,3455.2,3458.6,0.0,3461.6,0.0,0,0,2017-04-21,34424100,3458.8,1,0,0,0,0,0,0,0,0,3459.2,1,0,0,0,0,0,0,0,0
363,2017-04-21,09:33:44,600,IF1704,CCFX,3459.2,3457.4,3465.0,339,351913920,5821,6149,4146.2,2764.2,3455.2,3458.6,0.0,3461.6,0.0,0,0,2017-04-21,34424600,3459.0,1,0,0,0,0,0,0,0,0,3459.4,3,0,0,0,0,0,0,0,0
364,2017-04-21,09:33:45,100,IF1704,CCFX,3459.4,3457.4,3465.0,340,352951740,5820,6149,4146.2,2764.2,3455.2,3458.6,0.0,3461.6,0.0,0,0,2017-04-21,34425100,3458.8,1,0,0,0,0,0,0,0,0,3459.0,1,0,0,0,0,0,0,0,0
365,2017-04-21,09:33:45,600,IF1704,CCFX,3459.0,3457.4,3465.0,343,356064840,5818,6149,4146.2,2764.2,3455.2,3458.6,0.0,3461.6,0.0,0,0,2017-04-21,34425600,3458.8,1,0,0,0,0,0,0,0,0,3459.4,2,0,0,0,0,0,0,0,0
366,2017-04-21,09:33:46,100,IF1704,CCFX,3459.0,3457.4,3465.0,343,356064840,5818,6149,4146.2,2764.2,3455.2,3458.6,0.0,3461.6,0.0,0,0,2017-04-21,34426100,3458.8,1,0,0,0,0,0,0,0,0,3459.4,3,0,0,0,0,0,0,0,0
367,2017-04-21,09:33:46,600,IF1704,CCFX,3459.0,3457.4,3465.0,343,356064840,5818,6149,4146.2,2764.2,3455.2,3458.6,0.0,3461.6,0.0,0,0,2017-04-21,34426600,3459.0,1,0,0,0,0,0,0,0,0,3459.4,3,0,0,0,0,0,0,0,0
368,2017-04-21,09:33:47,100,IF1704,CCFX,3459.0,3457.4,3465.0,343,356064840,5818,6149,4146.2,2764.2,3455.2,3458.6,0.0,3461.6,0.0,0,0,2017-04-21,34427100,3459.0,1,0,0,0,0,0,0,0,0,3459.4,3,0,0,0,0,0,0,0,0
369,2017-04-21,09:33:48,100,IF1704,CCFX,3459.4,3457.4,3465.0,344,357102660,5817,6149,4146.2,2764.2,3455.2,3458.6,0.0,3461.6,0.0,0,0,2017-04-21,34428100,3459.0,1,0,0,0,0,0,0,0,0,3459.4,2,0,0,0,0,0,0,0,0
370,2017-04-21,09:33:48,600,IF1704,CCFX,3459.4,3457.4,3465.0,344,357102660,5817,6149,4146.2,2764.2,3455.2,3458.6,0.0,3461.6,0.0,0,0,2017-04-21,34428600,3459.0,2,0,0,0,0,0,0,0,0,3459.4,2,0,0,0,0,0,0,0,0
371,2017-04-21,09:33:49,100,IF1704,CCFX,3459.4,3457.4,3465.0,344,357102660,5817,6149,4146.2,2764.2,3455.2,3458.6,0.0,3461.6,0.0,0,0,2017-04-21,34429100,3459.2,1,0,0,0,0,0,0,0,0,3459.4,2,0,0,0,0,0,0,0,0
372,2017-04-21,09:33:49,600,IF1704,CCFX,3459.4,3457.4,3465.0,344,357102660,5817,6149,4146.2,2764.2,3455.2,3458.6,0.0,3461.6,0.0,0,0,2017-04-21,34429600,3459.2,1,0,0,0,0,0,0,0,0,3459.4,2,0,0,0,0,0,0,0,0
373,2017-04-21,09:33:51,100,IF1704,CCFX,3459.0,3457.4,3465.0,346,359178120,5815,6149,4146.2,2764.2,3455.2,3458.6,0.0,3461.6,0.0,0,0,2017-04-21,34431100,3459.0,1,0,0,0,0,0,0,0,0,3459.4,2,0,0,0,0,0,0,0,0
374,2017-04-21,09:33:51,600,IF1704,CCFX,3458.8,3457.4,3465.0,347,360215760,5814,6149,4146.2,2764.2,3455.2,3458.6,0.0,3461.6,0.0,0,0,2017-04-21,34431600,3458.6,6,0,0,0,0,0,0,0,0,3458.8,1,0,0,0,0,0,0,0,0
375,2017-04-21,09:33:52,100,IF1704,CCFX,3458.8,3457.4,3465.0,348,361253400,5813,6149,4146.2,2764.2,3455.2,3458.6,0.0,3461.6,0.0,0,0,2017-04-21,34432100,3458.6,7,0,0,0,0,0,0,0,0,3459.4,3,0,0,0,0,0,0,0,0
376,2017-04-21,09:33:53,100,IF1704,CCFX,3459.4,3457.4,3465.0,350,363329040,5813,6149,4146.2,2764.2,3455.2,3458.6,0.0,3461.6,0.0,0,0,2017-04-21,34433100,3458.6,7,0,0,0,0,0,0,0,0,3459.4,1,0,0,0,0,0,0,0,0
377,2017-04-21,09:33:53,600,IF1704,CCFX,3459.4,3457.4,3465.0,351,364366860,5812,6149,4146.2,2764.2,3455.2,3458.6,0.0,3461.6,0.0,0,0,2017-04-21,34433600,3459.0,1,0,0,0,0,0,0,0,0,3459.6,1,0,0,0,0,0,0,0,0
378,2017-04-21,09:33:54,100,IF1704,CCFX,3459.4,3457.4,3465.0,351,364366860,5812,6149,4146.2,2764.2,3455.2,3458.6,0.0,3461.6,0.0,0,0,2017-04-21,34434100,3459.0,2,0,0,0,0,0,0,0,0,3459.6,1,0,0,0,0,0,0,0,0
379,2017-04-21,09:33:55,600,IF1704,CCFX,3459.0,3457.4,3465.0,352,365404560,5811,6149,4146.2,2764.2,3455.2,3458.6,0.0,3461.6,0.0,0,0,2017-04-21,34435600,3459.0,1,0,0,0,0,0,0,0,0,3459.6,1,0,0,0,0,0,0,0,0
380,2017-04-21,09:33:57,100,IF1704,CCFX,3459.0,3457.4,3465.0,352,365404560,5811,6149,4146.2,2764.2,3455.2,3458.6,0.0,3461.6,0.0,0,0,2017-04-21,34437100,3459.0,1,0,0,0,0,0,0,0,0,3459.8,1,0,0,0,0,0,0,0,0
381,2017-04-21,09:33:57,600,IF1704,CCFX,3459.0,3457.4,3465.0,352,365404560,5811,6149,4146.2,2764.2,3455.2,3458.6,0.0,3461.6,0.0,0,0,2017-04-21,34437600,3459.0,2,0,0,0,0,0,0,0,0,3459.8,1,0,0,0,0,0,0,0,0
382,2017-04-21,09:33:58,600,IF1704,CCFX,3459.0,3457.4,3465.0,352,365404560,5811,6149,4146.2,2764.2,3455.2,3458.6,0.0,3461.6,0.0,0,0,2017-04-21,34438600,3459.0,2,0,0,0,0,0,0,0,0,3459.8,1,0,0,0,0,0,0,0,0
383,2017-04-21,09:33:59,100,IF1704,CCFX,3459.0,3457.4,3465.0,352,365404560,5811,6149,4146.2,2764.2,3455.2,3458.6,0.0,3461.6,0.0,0,0,2017-04-21,34439100,3459.0,2,0,0,0,0,0,0,0,0,3459.8,1,0,0,0,0,0,0,0,0
384,2017-04-21,09:33:59,600,IF1704,CCFX,3459.0,3457.4,3465.0,352,365404560,5811,6149,4146.2,2764.2,3455.2,3458.6,0.0,3461.6,0.0,0,0,2017-04-21,34439600,3459.0,2,0,0,0,0,0,0,0,0,3459.8,2,0,0,0,0,0,0,0,0
385,2017-04-21,09:34:00,100,IF1704,CCFX,3459.0,3457.4,3465.0,352,365404560,5811,6149,4146.2,2764.2,3455.2,3458.6,0.0,3461.6,0.0,0,0,2017-04-21,34440100,3459.0,2,0,0,0,0,0,0,0,0,3459.8,2,0,0,0,0,0,0,0,0
386,2017-04-21,09:34:01,600,IF1704,CCFX,3459.0,3457.4,3465.0,352,365404560,5811,6149,4146.2,2764.2,3455.2,3458.6,0.0,3461.6,0.0,0,0,2017-04-21,34441600,3459.6,5,0,0,0,0,0,0,0,0,3459.8,2,0,0,0,0,0,0,0,0
387,2017-04-21,09:34:03,100,IF1704,CCFX,3459.0,3457.4,3465.0,352,365404560,5811,6149,4146.2,2764.2,3455.2,3458.6,0.0,3461.6,0.0,0,0,2017-04-21,34443100,3459.6,5,0,0,0,0,0,0,0,0,3459.8,2,0,0,0,0,0,0,0,0
388,2017-04-21,09:34:04,100,IF1704,CCFX,3459.0,3457.4,3465.0,352,365404560,5811,6149,4146.2,2764.2,3455.2,3458.6,0.0,3461.6,0.0,0,0,2017-04-21,34444100,3459.6,5,0,0,0,0,0,0,0,0,3459.8,2,0,0,0,0,0,0,0,0
389,2017-04-21,09:34:05,600,IF1704,CCFX,3459.6,3457.4,3465.0,353,366442440,5810,6149,4146.2,2764.2,3455.2,3458.6,0.0,3461.6,0.0,0,0,2017-04-21,34445600,3459.6,4,0,0,0,0,0,0,0,0,3459.8,2,0,0,0,0,0,0,0,0
390,2017-04-21,09:34:06,100,IF1704,CCFX,3459.6,3457.4,3465.0,356,369556140,5808,6149,4146.2,2764.2,3455.2,3458.6,0.0,3461.6,0.0,0,0,2017-04-21,34446100,3459.6,2,0,0,0,0,0,0,0,0,3459.8,1,0,0,0,0,0,0,0,0
391,2017-04-21,09:34:06,600,IF1704,CCFX,3459.6,3457.4,3465.0,357,370594020,5807,6149,4146.2,2764.2,3455.2,3458.6,0.0,3461.6,0.0,0,0,2017-04-21,34446600,3459.6,1,0,0,0,0,0,0,0,0,3459.8,1,0,0,0,0,0,0,0,0
392,2017-04-21,09:34:07,100,IF1704,CCFX,3459.6,3457.4,3465.0,358,371631900,5806,6149,4146.2,2764.2,3455.2,3458.6,0.0,3461.6,0.0,0,0,2017-04-21,34447100,3459.2,1,0,0,0,0,0,0,0,0,3459.6,1,0,0,0,0,0,0,0,0
393,2017-04-21,09:34:07,600,IF1704,CCFX,3459.6,3457.4,3465.0,359,372669780,5805,6149,4146.2,2764.2,3455.2,3458.6,0.0,3461.6,0.0,0,0,2017-04-21,34447600,3459.2,1,0,0,0,0,0,0,0,0,3459.8,1,0,0,0,0,0,0,0,0
394,2017-04-21,09:34:08,100,IF1704,CCFX,3459.2,3457.4,3465.0,360,373707540,5804,6149,4146.2,2764.2,3455.2,3458.6,0.0,3461.6,0.0,0,0,2017-04-21,34448100,3459.0,2,0,0,0,0,0,0,0,0,3459.8,1,0,0,0,0,0,0,0,0
395,2017-04-21,09:34:09,100,IF1704,CCFX,3459.2,3457.4,3465.0,360,373707540,5804,6149,4146.2,2764.2,3455.2,3458.6,0.0,3461.6,0.0,0,0,2017-04-21,34449100,3459.0,2,0,0,0,0,0,0,0,0,3459.2,1,0,0,0,0,0,0,0,0
396,2017-04-21,09:34:09,600,IF1704,CCFX,3459.2,3457.4,3465.0,361,374745300,5803,6149,4146.2,2764.2,3455.2,3458.6,0.0,3461.6,0.0,0,0,2017-04-21,34449600,3459.2,1,0,0,0,0,0,0,0,0,3459.8,1,0,0,0,0,0,0,0,0
397,2017-04-21,09:34:10,100,IF1704,CCFX,3459.2,3457.4,3465.0,362,375783060,5802,6149,4146.2,2764.2,3455.2,3458.6,0.0,3461.6,0.0,0,0,2017-04-21,34450100,3459.4,1,0,0,0,0,0,0,0,0,3459.8,1,0,0,0,0,0,0,0,0
398,2017-04-21,09:34:10,600,IF1704,CCFX,3459.4,3457.4,3465.0,363,376820880,5801,6149,4146.2,2764.2,3455.2,3458.6,0.0,3461.6,0.0,0,0,2017-04-21,34450600,3459.0,2,0,0,0,0,0,0,0,0,3459.8,1,0,0,0,0,0,0,0,0
399,2017-04-21,09:34:11,600,IF1704,CCFX,3459.4,3457.4,3465.0,363,376820880,5801,6149,4146.2,2764.2,3455.2,3458.6,0.0,3461.6,0.0,0,0,2017-04-21,34451600,3459.0,1,0,0,0,0,0,0,0,0,3459.8,1,0,0,0,0,0,0,0,0
400,2017-04-21,09:34:12,600,IF1704,CCFX,3459.4,3457.4,3465.0,363,376820880,5801,6149,4146.2,2764.2,3455.2,3458.6,0.0,3461.6,0.0,0,0,2017-04-21,34452600,3459.0,1,0,0,0,0,0,0,0,0,3459.6,1,0,0,0,0,0,0,0,0
401,2017-04-21,09:34:13,100,IF1704,CCFX,3459.6,3457.4,3465.0,365,378896460,5799,6149,4146.2,2764.2,3455.2,3458.6,0.0,3461.6,0.0,0,0,2017-04-21,34453100,3458.6,9,0,0,0,0,0,0,0,0,3459.8,1,0,0,0,0,0,0,0,0
402,2017-04-21,09:34:13,600,IF1704,CCFX,3459.6,3457.4,3465.0,365,378896460,5799,6149,4146.2,2764.2,3455.2,3458.6,0.0,3461.6,0.0,0,0,2017-04-21,34453600,3458.8,1,0,0,0,0,0,0,0,0,3459.8,1,0,0,0,0,0,0,0,0
403,2017-04-21,09:34:14,600,IF1704,CCFX,3458.8,3457.4,3465.0,366,379934100,5798,6149,4146.2,2764.2,3455.2,3458.6,0.0,3461.6,0.0,0,0,2017-04-21,34454600,3459.2,1,0,0,0,0,0,0,0,0,3459.6,1,0,0,0,0,0,0,0,0
404,2017-04-21,09:34:15,100,IF1704,CCFX,3459.2,3457.4,3465.0,368,382009620,5796,6149,4146.2,2764.2,3455.2,3458.6,0.0,3461.6,0.0,0,0,2017-04-21,34455100,3458.6,9,0,0,0,0,0,0,0,0,3459.6,1,0,0,0,0,0,0,0,0
405,2017-04-21,09:34:15,600,IF1704,CCFX,3459.8,3457.4,3465.0,369,383047560,5795,6149,4146.2,2764.2,3455.2,3458.6,0.0,3461.6,0.0,0,0,2017-04-21,34455600,3459.8,4,0,0,0,0,0,0,0,0,3460.0,2,0,0,0,0,0,0,0,0
406,2017-04-21,09:34:16,100,IF1704,CCFX,3459.8,3457.4,3465.0,370,384085500,5794,6149,4146.2,2764.2,3455.2,3458.6,0.0,3461.6,0.0,0,0,2017-04-21,34456100,3459.8,3,0,0,0,0,0,0,0,0,3460.0,2,0,0,0,0,0,0,0,0
407,2017-04-21,09:34:16,600,IF1704,CCFX,3459.8,3457.4,3465.0,372,386161380,5792,6149,4146.2,2764.2,3455.2,3458.6,0.0,3461.6,0.0,0,0,2017-04-21,34456600,3459.8,1,0,0,0,0,0,0,0,0,3460.0,2,0,0,0,0,0,0,0,0
408,2017-04-21,09:34:17,600,IF1704,CCFX,3459.8,3457.4,3465.0,372,386161380,5792,6149,4146.2,2764.2,3455.2,3458.6,0.0,3461.6,0.0,0,0,2017-04-21,34457600,3459.8,1,0,0,0,0,0,0,0,0,3460.0,2,0,0,0,0,0,0,0,0
409,2017-04-21,09:34:18,100,IF1704,CCFX,3460.0,3457.4,3465.0,373,387199380,5791,6149,4146.2,2764.2,3455.2,3458.6,0.0,3461.6,0.0,0,0,2017-04-21,34458100,3459.8,1,0,0,0,0,0,0,0,0,3460.0,1,0,0,0,0,0,0,0,0
410,2017-04-21,09:34:18,600,IF1704,CCFX,3460.0,3457.4,3465.0,375,389275380,5789,6149,4146.2,2764.2,3455.2,3458.6,0.0,3461.6,0.0,0,0,2017-04-21,34458600,3460.0,4,0,0,0,0,0,0,0,0,3460.2,1,0,0,0,0,0,0,0,0
411,2017-04-21,09:34:19,100,IF1704,CCFX,3460.0,3457.4,3465.0,377,391351380,5788,6149,4146.2,2764.2,3455.2,3458.6,0.0,3461.6,0.0,0,0,2017-04-21,34459100,3460.0,3,0,0,0,0,0,0,0,0,3460.2,2,0,0,0,0,0,0,0,0
412,2017-04-21,09:34:19,600,IF1704,CCFX,3460.0,3457.4,3465.0,380,394465380,5785,6149,4146.2,2764.2,3455.2,3458.6,0.0,3461.6,0.0,0,0,2017-04-21,34459600,3459.8,1,0,0,0,0,0,0,0,0,3460.0,1,0,0,0,0,0,0,0,0
413,2017-04-21,09:34:20,100,IF1704,CCFX,3460.0,3457.4,3465.0,380,394465380,5785,6149,4146.2,2764.2,3455.2,3458.6,0.0,3461.6,0.0,0,0,2017-04-21,34460100,3459.8,1,0,0,0,0,0,0,0,0,3460.0,1,0,0,0,0,0,0,0,0
414,2017-04-21,09:34:20,600,IF1704,CCFX,3460.0,3457.4,3465.0,380,394465380,5785,6149,4146.2,2764.2,3455.2,3458.6,0.0,3461.6,0.0,0,0,2017-04-21,34460600,3459.8,2,0,0,0,0,0,0,0,0,3460.0,1,0,0,0,0,0,0,0,0
415,2017-04-21,09:34:21,100,IF1704,CCFX,3460.0,3457.4,3465.0,380,394465380,5785,6149,4146.2,2764.2,3455.2,3458.6,0.0,3461.6,0.0,0,0,2017-04-21,34461100,3459.8,2,0,0,0,0,0,0,0,0,3460.0,2,0,0,0,0,0,0,0,0
416,2017-04-21,09:34:21,600,IF1704,CCFX,3459.8,3457.4,3465.0,383,397579200,5782,6149,4146.2,2764.2,3455.2,3458.6,0.0,3461.6,0.0,0,0,2017-04-21,34461600,3459.0,1,0,0,0,0,0,0,0,0,3460.0,1,0,0,0,0,0,0,0,0
417,2017-04-21,09:34:22,100,IF1704,CCFX,3459.0,3457.4,3465.0,384,398616900,5781,6149,4146.2,2764.2,3455.2,3458.6,0.0,3461.6,0.0,0,0,2017-04-21,34462100,3458.6,9,0,0,0,0,0,0,0,0,3459.8,1,0,0,0,0,0,0,0,0
418,2017-04-21,09:34:22,600,IF1704,CCFX,3459.6,3457.4,3465.0,385,399654780,5780,6149,4146.2,2764.2,3455.2,3458.6,0.0,3461.6,0.0,0,0,2017-04-21,34462600,3459.8,1,0,0,0,0,0,0,0,0,3460.0,1,0,0,0,0,0,0,0,0
419,2017-04-21,09:34:24,100,IF1704,CCFX,3460.0,3457.4,3465.0,386,400692780,5779,6149,4146.2,2764.2,3455.2,3458.6,0.0,3461.6,0.0,0,0,2017-04-21,34464100,3459.8,1,0,0,0,0,0,0,0,0,3460.2,2,0,0,0,0,0,0,0,0
420,2017-04-21,09:34:24,600,IF1704,CCFX,3460.0,3457.4,3465.0,386,400692780,5779,6149,4146.2,2764.2,3455.2,3458.6,0.0,3461.6,0.0,0,0,2017-04-21,34464600,3459.8,1,0,0,0,0,0,0,0,0,3460.0,1,0,0,0,0,0,0,0,0
421,2017-04-21,09:34:25,100,IF1704,CCFX,3460.0,3457.4,3465.0,387,401730780,5778,6149,4146.2,2764.2,3455.2,3458.6,0.0,3461.6,0.0,0,0,2017-04-21,34465100,3459.8,2,0,0,0,0,0,0,0,0,3460.2,2,0,0,0,0,0,0,0,0
422,2017-04-21,09:34:25,600,IF1704,CCFX,3460.2,3457.4,3465.0,388,402768840,5777,6149,4146.2,2764.2,3455.2,3458.6,0.0,3461.6,0.0,0,0,2017-04-21,34465600,3459.8,2,0,0,0,0,0,0,0,0,3460.2,1,0,0,0,0,0,0,0,0
423,2017-04-21,09:34:26,100,IF1704,CCFX,3460.2,3457.4,3465.0,388,402768840,5777,6149,4146.2,2764.2,3455.2,3458.6,0.0,3461.6,0.0,0,0,2017-04-21,34466100,3460.0,1,0,0,0,0,0,0,0,0,3460.2,1,0,0,0,0,0,0,0,0
424,2017-04-21,09:34:26,600,IF1704,CCFX,3460.0,3457.4,3465.0,389,403806840,5776,6149,4146.2,2764.2,3455.2,3458.6,0.0,3461.6,0.0,0,0,2017-04-21,34466600,3459.8,2,0,0,0,0,0,0,0,0,3460.2,1,0,0,0,0,0,0,0,0
425,2017-04-21,09:34:27,100,IF1704,CCFX,3460.2,3457.4,3465.0,390,404844900,5775,6149,4146.2,2764.2,3455.2,3458.6,0.0,3461.6,0.0,0,0,2017-04-21,34467100,3460.2,3,0,0,0,0,0,0,0,0,3460.4,1,0,0,0,0,0,0,0,0
426,2017-04-21,09:34:28,600,IF1704,CCFX,3460.2,3457.4,3465.0,393,407959140,5772,6149,4146.2,2764.2,3455.2,3458.6,0.0,3461.6,0.0,0,0,2017-04-21,34468600,3460.4,1,0,0,0,0,0,0,0,0,3460.6,2,0,0,0,0,0,0,0,0
427,2017-04-21,09:34:29,600,IF1704,CCFX,3460.2,3457.4,3465.0,394,408997200,5772,6149,4146.2,2764.2,3455.2,3458.6,0.0,3461.6,0.0,0,0,2017-04-21,34469600,3460.2,1,0,0,0,0,0,0,0,0,3460.6,2,0,0,0,0,0,0,0,0
428,2017-04-21,09:34:30,100,IF1704,CCFX,3460.2,3457.4,3465.0,394,408997200,5772,6149,4146.2,2764.2,3455.2,3458.6,0.0,3461.6,0.0,0,0,2017-04-21,34470100,3460.2,1,0,0,0,0,0,0,0,0,3460.6,2,0,0,0,0,0,0,0,0
429,2017-04-21,09:34:30,600,IF1704,CCFX,3460.2,3457.4,3465.0,394,408997200,5772,6149,4146.2,2764.2,3455.2,3458.6,0.0,3461.6,0.0,0,0,2017-04-21,34470600,3460.2,1,0,0,0,0,0,0,0,0,3460.4,1,0,0,0,0,0,0,0,0
430,2017-04-21,09:34:31,100,IF1704,CCFX,3460.2,3457.4,3465.0,394,408997200,5772,6149,4146.2,2764.2,3455.2,3458.6,0.0,3461.6,0.0,0,0,2017-04-21,34471100,3460.2,1,0,0,0,0,0,0,0,0,3460.4,2,0,0,0,0,0,0,0,0
431,2017-04-21,09:34:32,600,IF1704,CCFX,3460.4,3457.4,3465.0,396,411073440,5771,6149,4146.2,2764.2,3455.2,3458.6,0.0,3461.6,0.0,0,0,2017-04-21,34472600,3460.4,2,0,0,0,0,0,0,0,0,3460.6,2,0,0,0,0,0,0,0,0
432,2017-04-21,09:34:33,100,IF1704,CCFX,3460.6,3457.4,3465.0,398,413149800,5769,6149,4146.2,2764.2,3455.2,3458.6,0.0,3461.6,0.0,0,0,2017-04-21,34473100,3460.4,2,0,0,0,0,0,0,0,0,3460.8,1,0,0,0,0,0,0,0,0
433,2017-04-21,09:34:33,600,IF1704,CCFX,3460.8,3457.4,3465.0,399,414188040,5768,6149,4146.2,2764.2,3455.2,3458.6,0.0,3461.6,0.0,0,0,2017-04-21,34473600,3460.4,2,0,0,0,0,0,0,0,0,3461.0,1,0,0,0,0,0,0,0,0
434,2017-04-21,09:34:34,100,IF1704,CCFX,3461.0,3457.4,3465.0,400,415226340,5767,6149,4146.2,2764.2,3455.2,3458.6,0.0,3461.6,0.0,0,0,2017-04-21,34474100,3460.6,1,0,0,0,0,0,0,0,0,3461.2,1,0,0,0,0,0,0,0,0
435,2017-04-21,09:34:34,600,IF1704,CCFX,3461.0,3457.4,3465.0,400,415226340,5767,6149,4146.2,2764.2,3455.2,3458.6,0.0,3461.6,0.0,0,0,2017-04-21,34474600,3460.8,1,0,0,0,0,0,0,0,0,3461.2,1,0,0,0,0,0,0,0,0
436,2017-04-21,09:34:35,100,IF1704,CCFX,3460.8,3457.4,3465.0,401,416264580,5766,6149,4146.2,2764.2,3455.2,3458.6,0.0,3461.6,0.0,0,0,2017-04-21,34475100,3460.4,2,0,0,0,0,0,0,0,0,3461.2,1,0,0,0,0,0,0,0,0
437,2017-04-21,09:34:35,600,IF1704,CCFX,3460.8,3457.4,3465.0,401,416264580,5766,6149,4146.2,2764.2,3455.2,3458.6,0.0,3461.6,0.0,0,0,2017-04-21,34475600,3461.0,2,0,0,0,0,0,0,0,0,3461.2,1,0,0,0,0,0,0,0,0
438,2017-04-21,09:34:36,100,IF1704,CCFX,3460.8,3457.4,3465.0,401,416264580,5766,6149,4146.2,2764.2,3455.2,3458.6,0.0,3461.6,0.0,0,0,2017-04-21,34476100,3461.0,2,0,0,0,0,0,0,0,0,3461.2,1,0,0,0,0,0,0,0,0
439,2017-04-21,09:34:36,600,IF1704,CCFX,3461.0,3457.4,3465.0,403,418341180,5766,6149,4146.2,2764.2,3455.2,3458.6,0.0,3461.6,0.0,0,0,2017-04-21,34476600,3460.6,1,0,0,0,0,0,0,0,0,3461.0,3,0,0,0,0,0,0,0,0
440,2017-04-21,09:34:37,600,IF1704,CCFX,3461.0,3457.4,3465.0,403,418341180,5766,6149,4146.2,2764.2,3455.2,3458.6,0.0,3461.6,0.0,0,0,2017-04-21,34477600,3460.6,1,0,0,0,0,0,0,0,0,3461.0,3,0,0,0,0,0,0,0,0
441,2017-04-21,09:34:39,100,IF1704,CCFX,3461.0,3457.4,3465.0,405,420417780,5766,6149,4146.2,2764.2,3455.2,3458.6,0.0,3461.6,0.0,0,0,2017-04-21,34479100,3460.6,1,0,0,0,0,0,0,0,0,3461.0,1,0,0,0,0,0,0,0,0
442,2017-04-21,09:34:40,100,IF1704,CCFX,3461.0,3457.4,3465.0,405,420417780,5766,6149,4146.2,2764.2,3455.2,3458.6,0.0,3461.6,0.0,0,0,2017-04-21,34480100,3460.6,1,0,0,0,0,0,0,0,0,3461.0,1,0,0,0,0,0,0,0,0
443,2017-04-21,09:34:40,600,IF1704,CCFX,3461.0,3457.4,3465.0,406,421456080,5766,6149,4146.2,2764.2,3455.2,3458.6,0.0,3461.6,0.0,0,0,2017-04-21,34480600,3460.6,1,0,0,0,0,0,0,0,0,3461.2,1,0,0,0,0,0,0,0,0
444,2017-04-21,09:34:41,100,IF1704,CCFX,3460.6,3457.4,3465.0,407,422494260,5765,6149,4146.2,2764.2,3455.2,3458.6,0.0,3461.6,0.0,0,0,2017-04-21,34481100,3460.4,4,0,0,0,0,0,0,0,0,3461.2,1,0,0,0,0,0,0,0,0
445,2017-04-21,09:34:41,600,IF1704,CCFX,3460.6,3457.4,3465.0,407,422494260,5765,6149,4146.2,2764.2,3455.2,3458.6,0.0,3461.6,0.0,0,0,2017-04-21,34481600,3460.4,4,0,0,0,0,0,0,0,0,3461.0,1,0,0,0,0,0,0,0,0
446,2017-04-21,09:34:42,100,IF1704,CCFX,3461.0,3457.4,3465.0,408,423532560,5764,6149,4146.2,2764.2,3455.2,3458.6,0.0,3461.6,0.0,0,0,2017-04-21,34482100,3461.0,3,0,0,0,0,0,0,0,0,3461.2,1,0,0,0,0,0,0,0,0
447,2017-04-21,09:34:42,600,IF1704,CCFX,3461.2,3457.4,3465.0,409,424570920,5763,6149,4146.2,2764.2,3455.2,3458.6,0.0,3461.6,0.0,0,0,2017-04-21,34482600,3461.2,1,0,0,0,0,0,0,0,0,3461.4,1,0,0,0,0,0,0,0,0
448,2017-04-21,09:34:43,100,IF1704,CCFX,3461.2,3457.4,3465.0,409,424570920,5763,6149,4146.2,2764.2,3455.2,3458.6,0.0,3461.6,0.0,0,0,2017-04-21,34483100,3461.2,1,0,0,0,0,0,0,0,0,3461.4,1,0,0,0,0,0,0,0,0
449,2017-04-21,09:34:43,600,IF1704,CCFX,3461.2,3457.4,3465.0,409,424570920,5763,6149,4146.2,2764.2,3455.2,3458.6,0.0,3461.6,0.0,0,0,2017-04-21,34483600,3461.2,1,0,0,0,0,0,0,0,0,3461.4,1,0,0,0,0,0,0,0,0
450,2017-04-21,09:34:44,600,IF1704,CCFX,3461.2,3457.4,3465.0,409,424570920,5763,6149,4146.2,2764.2,3455.2,3458.6,0.0,3461.6,0.0,0,0,2017-04-21,34484600,3461.2,1,0,0,0,0,0,0,0,0,3461.4,1,0,0,0,0,0,0,0,0
451,2017-04-21,09:34:46,100,IF1704,CCFX,3461.2,3457.4,3465.0,409,424570920,5763,6149,4146.2,2764.2,3455.2,3458.6,0.0,3461.6,0.0,0,0,2017-04-21,34486100,3461.2,1,0,0,0,0,0,0,0,0,3461.4,1,0,0,0,0,0,0,0,0
452,2017-04-21,09:34:48,100,IF1704,CCFX,3461.2,3457.4,3465.0,409,424570920,5763,6149,4146.2,2764.2,3455.2,3458.6,0.0,3461.6,0.0,0,0,2017-04-21,34488100,3461.2,1,0,0,0,0,0,0,0,0,3461.4,1,0,0,0,0,0,0,0,0
453,2017-04-21,09:34:48,600,IF1704,CCFX,3461.2,3457.4,3465.0,411,426647700,5761,6149,4146.2,2764.2,3455.2,3458.6,0.0,3461.6,0.0,0,0,2017-04-21,34488600,3461.0,2,0,0,0,0,0,0,0,0,3461.6,3,0,0,0,0,0,0,0,0
454,2017-04-21,09:34:50,600,IF1704,CCFX,3461.2,3457.4,3465.0,411,426647700,5761,6149,4146.2,2764.2,3455.2,3458.6,0.0,3461.6,0.0,0,0,2017-04-21,34490600,3461.0,2,0,0,0,0,0,0,0,0,3461.6,2,0,0,0,0,0,0,0,0
455,2017-04-21,09:34:51,600,IF1704,CCFX,3461.2,3457.4,3465.0,412,427686060,5760,6149,4146.2,2764.2,3455.2,3458.6,0.0,3461.6,0.0,0,0,2017-04-21,34491600,3461.0,2,0,0,0,0,0,0,0,0,3461.6,2,0,0,0,0,0,0,0,0
456,2017-04-21,09:34:52,100,IF1704,CCFX,3461.2,3457.4,3465.0,412,427686060,5760,6149,4146.2,2764.2,3455.2,3458.6,0.0,3461.6,0.0,0,0,2017-04-21,34492100,3461.2,3,0,0,0,0,0,0,0,0,3461.6,2,0,0,0,0,0,0,0,0
457,2017-04-21,09:34:52,600,IF1704,CCFX,3461.2,3457.4,3465.0,412,427686060,5760,6149,4146.2,2764.2,3455.2,3458.6,0.0,3461.6,0.0,0,0,2017-04-21,34492600,3461.4,3,0,0,0,0,0,0,0,0,3461.6,2,0,0,0,0,0,0,0,0
458,2017-04-21,09:34:53,600,IF1704,CCFX,3461.6,3457.4,3465.0,413,428724540,5759,6149,4146.2,2764.2,3455.2,3458.6,0.0,3461.6,0.0,0,0,2017-04-21,34493600,3461.4,1,0,0,0,0,0,0,0,0,3461.6,1,0,0,0,0,0,0,0,0
459,2017-04-21,09:34:54,100,IF1704,CCFX,3461.6,3457.4,3465.0,414,429763020,5758,6149,4146.2,2764.2,3455.2,3458.6,0.0,3461.6,0.0,0,0,2017-04-21,34494100,3461.4,1,0,0,0,0,0,0,0,0,3461.8,3,0,0,0,0,0,0,0,0
460,2017-04-21,09:34:56,100,IF1704,CCFX,3461.8,3457.4,3465.0,415,430801560,5757,6149,4146.2,2764.2,3455.2,3458.6,0.0,3461.6,0.0,0,0,2017-04-21,34496100,3461.4,1,0,0,0,0,0,0,0,0,3461.8,2,0,0,0,0,0,0,0,0
461,2017-04-21,09:34:56,600,IF1704,CCFX,3461.4,3457.4,3465.0,417,432878400,5755,6149,4146.2,2764.2,3455.2,3458.6,0.0,3461.6,0.0,0,0,2017-04-21,34496600,3461.0,2,0,0,0,0,0,0,0,0,3461.8,2,0,0,0,0,0,0,0,0
462,2017-04-21,09:34:57,100,IF1704,CCFX,3461.4,3457.4,3465.0,417,432878400,5755,6149,4146.2,2764.2,3455.2,3458.6,0.0,3461.6,0.0,0,0,2017-04-21,34497100,3461.2,3,0,0,0,0,0,0,0,0,3461.8,2,0,0,0,0,0,0,0,0
463,2017-04-21,09:34:57,600,IF1704,CCFX,3461.4,3457.4,3465.0,417,432878400,5755,6149,4146.2,2764.2,3455.2,3458.6,0.0,3461.6,0.0,0,0,2017-04-21,34497600,3461.0,2,0,0,0,0,0,0,0,0,3461.8,2,0,0,0,0,0,0,0,0
464,2017-04-21,09:34:58,100,IF1704,CCFX,3461.0,3457.4,3465.0,419,434955000,5753,6149,4146.2,2764.2,3455.2,3458.6,0.0,3461.6,0.0,0,0,2017-04-21,34498100,3460.8,1,0,0,0,0,0,0,0,0,3461.8,2,0,0,0,0,0,0,0,0
465,2017-04-21,09:34:59,600,IF1704,CCFX,3461.0,3457.4,3465.0,419,434955000,5753,6149,4146.2,2764.2,3455.2,3458.6,0.0,3461.6,0.0,0,0,2017-04-21,34499600,3460.8,1,0,0,0,0,0,0,0,0,3461.8,3,0,0,0,0,0,0,0,0
466,2017-04-21,09:35:00,600,IF1704,CCFX,3461.0,3457.4,3465.0,419,434955000,5753,6149,4146.2,2764.2,3455.2,3458.6,0.0,3461.6,0.0,0,0,2017-04-21,34500600,3460.8,1,0,0,0,0,0,0,0,0,3461.6,1,0,0,0,0,0,0,0,0
467,2017-04-21,09:35:01,100,IF1704,CCFX,3461.0,3457.4,3465.0,420,435993300,5752,6149,4146.2,2764.2,3455.2,3458.6,0.0,3461.6,0.0,0,0,2017-04-21,34501100,3460.8,1,0,0,0,0,0,0,0,0,3461.6,1,0,0,0,0,0,0,0,0
468,2017-04-21,09:35:03,100,IF1704,CCFX,3461.0,3457.4,3465.0,420,435993300,5752,6149,4146.2,2764.2,3455.2,3458.6,0.0,3461.6,0.0,0,0,2017-04-21,34503100,3460.8,1,0,0,0,0,0,0,0,0,3461.6,2,0,0,0,0,0,0,0,0
469,2017-04-21,09:35:05,100,IF1704,CCFX,3461.0,3457.4,3465.0,420,435993300,5752,6149,4146.2,2764.2,3455.2,3458.6,0.0,3461.6,0.0,0,0,2017-04-21,34505100,3461.0,1,0,0,0,0,0,0,0,0,3461.6,2,0,0,0,0,0,0,0,0
470,2017-04-21,09:35:06,100,IF1704,CCFX,3461.0,3457.4,3465.0,420,435993300,5752,6149,4146.2,2764.2,3455.2,3458.6,0.0,3461.6,0.0,0,0,2017-04-21,34506100,3461.0,1,0,0,0,0,0,0,0,0,3461.4,3,0,0,0,0,0,0,0,0
471,2017-04-21,09:35:06,600,IF1704,CCFX,3461.0,3457.4,3465.0,421,437031600,5751,6149,4146.2,2764.2,3455.2,3458.6,0.0,3461.6,0.0,0,0,2017-04-21,34506600,3460.8,1,0,0,0,0,0,0,0,0,3461.0,1,0,0,0,0,0,0,0,0
472,2017-04-21,09:35:07,100,IF1704,CCFX,3461.0,3457.4,3465.0,422,438069900,5750,6149,4146.2,2764.2,3455.2,3458.6,0.0,3461.6,0.0,0,0,2017-04-21,34507100,3460.8,1,0,0,0,0,0,0,0,0,3461.4,1,0,0,0,0,0,0,0,0
473,2017-04-21,09:35:08,100,IF1704,CCFX,3461.0,3457.4,3465.0,422,438069900,5750,6149,4146.2,2764.2,3455.2,3458.6,0.0,3461.6,0.0,0,0,2017-04-21,34508100,3460.8,1,0,0,0,0,0,0,0,0,3461.4,1,0,0,0,0,0,0,0,0
474,2017-04-21,09:35:09,100,IF1704,CCFX,3461.4,3457.4,3465.0,423,439108320,5749,6149,4146.2,2764.2,3455.2,3458.6,0.0,3461.6,0.0,0,0,2017-04-21,34509100,3460.8,1,0,0,0,0,0,0,0,0,3461.6,2,0,0,0,0,0,0,0,0
475,2017-04-21,09:35:10,600,IF1704,CCFX,3461.4,3457.4,3465.0,423,439108320,5749,6149,4146.2,2764.2,3455.2,3458.6,0.0,3461.6,0.0,0,0,2017-04-21,34510600,3460.8,1,0,0,0,0,0,0,0,0,3461.4,1,0,0,0,0,0,0,0,0
476,2017-04-21,09:35:11,100,IF1704,CCFX,3460.8,3457.4,3465.0,424,440146560,5748,6149,4146.2,2764.2,3455.2,3458.6,0.0,3461.6,0.0,0,0,2017-04-21,34511100,3460.4,2,0,0,0,0,0,0,0,0,3461.4,1,0,0,0,0,0,0,0,0
477,2017-04-21,09:35:11,600,IF1704,CCFX,3460.8,3457.4,3465.0,424,440146560,5748,6149,4146.2,2764.2,3455.2,3458.6,0.0,3461.6,0.0,0,0,2017-04-21,34511600,3460.6,3,0,0,0,0,0,0,0,0,3461.4,1,0,0,0,0,0,0,0,0
478,2017-04-21,09:35:12,100,IF1704,CCFX,3460.8,3457.4,3465.0,424,440146560,5748,6149,4146.2,2764.2,3455.2,3458.6,0.0,3461.6,0.0,0,0,2017-04-21,34512100,3460.8,1,0,0,0,0,0,0,0,0,3461.4,1,0,0,0,0,0,0,0,0
479,2017-04-21,09:35:12,600,IF1704,CCFX,3460.8,3457.4,3465.0,425,441184800,5747,6149,4146.2,2764.2,3455.2,3458.6,0.0,3461.6,0.0,0,0,2017-04-21,34512600,3460.6,2,0,0,0,0,0,0,0,0,3461.4,1,0,0,0,0,0,0,0,0
480,2017-04-21,09:35:13,100,IF1704,CCFX,3460.8,3457.4,3465.0,425,441184800,5747,6149,4146.2,2764.2,3455.2,3458.6,0.0,3461.6,0.0,0,0,2017-04-21,34513100,3460.6,2,0,0,0,0,0,0,0,0,3461.4,1,0,0,0,0,0,0,0,0
481,2017-04-21,09:35:13,600,IF1704,CCFX,3461.4,3457.4,3465.0,426,442223220,5746,6149,4146.2,2764.2,3455.2,3458.6,0.0,3461.6,0.0,0,0,2017-04-21,34513600,3460.6,2,0,0,0,0,0,0,0,0,3461.6,1,0,0,0,0,0,0,0,0
482,2017-04-21,09:35:14,100,IF1704,CCFX,3460.6,3457.4,3465.0,427,443261400,5745,6149,4146.2,2764.2,3455.2,3458.6,0.0,3461.6,0.0,0,0,2017-04-21,34514100,3460.6,2,0,0,0,0,0,0,0,0,3461.6,1,0,0,0,0,0,0,0,0
483,2017-04-21,09:35:15,100,IF1704,CCFX,3461.8,3457.4,3465.0,431,447415500,5741,6149,4146.2,2764.2,3455.2,3458.6,0.0,3461.6,0.0,0,0,2017-04-21,34515100,3460.6,2,0,0,0,0,0,0,0,0,3461.6,1,0,0,0,0,0,0,0,0
484,2017-04-21,09:35:15,600,IF1704,CCFX,3460.6,3457.4,3465.0,437,453646560,5735,6149,4146.2,2764.2,3455.2,3458.6,0.0,3461.6,0.0,0,0,2017-04-21,34515600,3460.6,1,0,0,0,0,0,0,0,0,3461.4,1,0,0,0,0,0,0,0,0
485,2017-04-21,09:35:16,100,IF1704,CCFX,3461.4,3457.4,3465.0,438,454684980,5734,6149,4146.2,2764.2,3455.2,3458.6,0.0,3461.6,0.0,0,0,2017-04-21,34516100,3461.4,1,0,0,0,0,0,0,0,0,3462.0,5,0,0,0,0,0,0,0,0
486,2017-04-21,09:35:16,600,IF1704,CCFX,3461.4,3457.4,3465.0,438,454684980,5734,6149,4146.2,2764.2,3455.2,3458.6,0.0,3461.6,0.0,0,0,2017-04-21,34516600,3461.6,1,0,0,0,0,0,0,0,0,3461.8,1,0,0,0,0,0,0,0,0
487,2017-04-21,09:35:17,100,IF1704,CCFX,3461.6,3457.4,3465.0,439,455723460,5733,6149,4146.2,2764.2,3455.2,3458.6,0.0,3461.6,0.0,0,0,2017-04-21,34517100,3461.4,1,0,0,0,0,0,0,0,0,3461.8,1,0,0,0,0,0,0,0,0
488,2017-04-21,09:35:17,600,IF1704,CCFX,3461.6,3457.4,3465.0,439,455723460,5733,6149,4146.2,2764.2,3455.2,3458.6,0.0,3461.6,0.0,0,0,2017-04-21,34517600,3461.4,1,0,0,0,0,0,0,0,0,3462.0,5,0,0,0,0,0,0,0,0
489,2017-04-21,09:35:18,600,IF1704,CCFX,3461.4,3457.4,3465.0,440,456761880,5732,6149,4146.2,2764.2,3455.2,3458.6,0.0,3461.6,0.0,0,0,2017-04-21,34518600,3460.4,2,0,0,0,0,0,0,0,0,3462.0,5,0,0,0,0,0,0,0,0
490,2017-04-21,09:35:19,600,IF1704,CCFX,3461.4,3457.4,3465.0,440,456761880,5732,6149,4146.2,2764.2,3455.2,3458.6,0.0,3461.6,0.0,0,0,2017-04-21,34519600,3460.6,1,0,0,0,0,0,0,0,0,3461.4,1,0,0,0,0,0,0,0,0
491,2017-04-21,09:35:20,100,IF1704,CCFX,3460.6,3457.4,3465.0,441,457800060,5731,6149,4146.2,2764.2,3455.2,3458.6,0.0,3461.6,0.0,0,0,2017-04-21,34520100,3460.4,2,0,0,0,0,0,0,0,0,3461.4,1,0,0,0,0,0,0,0,0
492,2017-04-21,09:35:20,600,IF1704,CCFX,3460.6,3457.4,3465.0,441,457800060,5731,6149,4146.2,2764.2,3455.2,3458.6,0.0,3461.6,0.0,0,0,2017-04-21,34520600,3460.4,2,0,0,0,0,0,0,0,0,3461.4,2,0,0,0,0,0,0,0,0
