,dataDate,dataTime,dataMillisec,instrumentID,exchangeCD,lastPrice,lowPrice,highPrice,volume,value,openInterest,preOpenInterest,upperLimitPrice,lowerLimitPrice,preSettlementPrice,prevClosePrice,settlementPrice,openPrice,closePrice,preDelta,currDelta,clearingDay,milliSecOffset,bidPrice1,bidVolume1,bidPrice2,bidVolume2,bidPrice3,bidVolume3,bidPrice4,bidVolume4,bidPrice5,bidVolume5,askPrice1,askVolume1,askPrice2,askVolume2,askPrice3,askVolume3,askPrice4,askVolume4,askPrice5,askVolume5
0,2017-04-21,00:00:00,0,IH1704,CCFX,2332.6,0.0,0.0,0,0,3492,3492,0,0.0,2328.4,2332.6,0.0,0.0,0.0,0,0,2017-04-21,0,0.0,0,0,0,0,0,0,0,0,0,0.0,0,0,0,0,0,0,0,0,0
1,2017-04-21,07:03:29,100,IH1704,CCFX,2332.6,0.0,0.0,0,0,3492,3492,2794,1862.8,2328.4,2332.6,0.0,0.0,0.0,0,0,2017-04-21,25409100,0.0,0,0,0,0,0,0,0,0,0,0.0,0,0,0,0,0,0,0,0,0
2,2017-04-21,09:29:00,100,IH1704,CCFX,2332.6,2332.6,2332.6,34,23792520,3458,3492,2794,1862.8,2328.4,2332.6,0.0,2332.6,0.0,0,0,2017-04-21,34140100,2332.2,2,0,0,0,0,0,0,0,0,2332.8,1,0,0,0,0,0,0,0,0
3,2017-04-21,09:30:00,100,IH1704,CCFX,2332.6,2332.6,2332.6,34,23792520,3458,3492,2794,1862.8,2328.4,2332.6,0.0,2332.6,0.0,0,0,2017-04-21,34200100,2332.2,2,0,0,0,0,0,0,0,0,2332.8,1,0,0,0,0,0,0,0,0
4,2017-04-21,09:30:00,600,IH1704,CCFX,2332.8,2332.2,2332.8,36,25192020,3456,3492,2794,1862.8,2328.4,2332.6,0.0,2332.6,0.0,0,0,2017-04-21,34200600,2332.2,2,0,0,0,0,0,0,0,0,2335.8,2,0,0,0,0,0,0,0,0
5,2017-04-21,09:30:01,100,IH1704,CCFX,2332.8,2332.2,2332.8,36,25192020,3456,3492,2794,1862.8,2328.4,2332.6,0.0,2332.6,0.0,0,0,2017-04-21,34201100,2332.6,1,0,0,0,0,0,0,0,0,2335.8,2,0,0,0,0,0,0,0,0
6,2017-04-21,09:30:01,600,IH1704,CCFX,2332.8,2332.2,2332.8,37,25891860,3455,3492,2794,1862.8,2328.4,2332.6,0.0,2332.6,0.0,0,0,2017-04-21,34201600,2333.0,5,0,0,0,0,0,0,0,0,2335.6,1,0,0,0,0,0,0,0,0
7,2017-04-21,09:30:02,100,IH1704,CCFX,2333.0,2332.2,2333.0,39,27291660,3453,3492,2794,1862.8,2328.4,2332.6,0.0,2332.6,0.0,0,0,2017-04-21,34202100,2333.0,4,0,0,0,0,0,0,0,0,2335.4,2,0,0,0,0,0,0,0,0
8,2017-04-21,09:30:02,600,IH1704,CCFX,2333.0,2332.2,2333.0,39,27291660,3453,3492,2794,1862.8,2328.4,2332.6,0.0,2332.6,0.0,0,0,2017-04-21,34202600,2333.4,1,0,0,0,0,0,0,0,0,2335.4,2,0,0,0,0,0,0,0,0
9,2017-04-21,09:30:03,100,IH1704,CCFX,2333.0,2332.2,2333.0,39,27291660,3453,3492,2794,1862.8,2328.4,2332.6,0.0,2332.6,0.0,0,0,2017-04-21,34203100,2333.4,2,0,0,0,0,0,0,0,0,2335.4,2,0,0,0,0,0,0,0,0
10,2017-04-21,09:30:03,600,IH1704,CCFX,2333.0,2332.2,2333.0,39,27291660,3453,3492,2794,1862.8,2328.4,2332.6,0.0,2332.6,0.0,0,0,2017-04-21,34203600,2333.4,2,0,0,0,0,0,0,0,0,2335.2,1,0,0,0,0,0,0,0,0
11,2017-04-21,09:30:04,100,IH1704,CCFX,2335.0,2332.2,2335.0,40,27992160,3452,3492,2794,1862.8,2328.4,2332.6,0.0,2332.6,0.0,0,0,2017-04-21,34204100,2333.4,2,0,0,0,0,0,0,0,0,2335.0,1,0,0,0,0,0,0,0,0
12,2017-04-21,09:30:05,100,IH1704,CCFX,2335.0,2332.2,2335.0,41,28692660,3451,3492,2794,1862.8,2328.4,2332.6,0.0,2332.6,0.0,0,0,2017-04-21,34205100,2333.4,2,0,0,0,0,0,0,0,0,2335.2,1,0,0,0,0,0,0,0,0
13,2017-04-21,09:30:05,600,IH1704,CCFX,2333.4,2332.2,2335.0,42,29392680,3450,3492,2794,1862.8,2328.4,2332.6,0.0,2332.6,0.0,0,0,2017-04-21,34205600,2333.4,1,0,0,0,0,0,0,0,0,2335.0,1,0,0,0,0,0,0,0,0
14,2017-04-21,09:30:06,100,IH1704,CCFX,2335.0,2332.2,2335.0,43,30093180,3449,3492,2794,1862.8,2328.4,2332.6,0.0,2332.6,0.0,0,0,2017-04-21,34206100,2333.4,1,0,0,0,0,0,0,0,0,2335.2,1,0,0,0,0,0,0,0,0
15,2017-04-21,09:30:06,600,IH1704,CCFX,2335.0,2332.2,2335.0,43,30093180,3449,3492,2794,1862.8,2328.4,2332.6,0.0,2332.6,0.0,0,0,2017-04-21,34206600,2333.4,2,0,0,0,0,0,0,0,0,2335.2,1,0,0,0,0,0,0,0,0
16,2017-04-21,09:30:07,100,IH1704,CCFX,2335.0,2332.2,2335.0,43,30093180,3449,3492,2794,1862.8,2328.4,2332.6,0.0,2332.6,0.0,0,0,2017-04-21,34207100,2333.4,2,0,0,0,0,0,0,0,0,2335.2,1,0,0,0,0,0,0,0,0
17,2017-04-21,09:30:08,100,IH1704,CCFX,2333.4,2332.2,2335.0,44,30793200,3448,3492,2794,1862.8,2328.4,2332.6,0.0,2332.6,0.0,0,0,2017-04-21,34208100,2333.4,1,0,0,0,0,0,0,0,0,2335.2,1,0,0,0,0,0,0,0,0
18,2017-04-21,09:30:08,600,IH1704,CCFX,2333.4,2332.2,2335.0,44,30793200,3448,3492,2794,1862.8,2328.4,2332.6,0.0,2332.6,0.0,0,0,2017-04-21,34208600,2333.4,1,0,0,0,0,0,0,0,0,2335.2,1,0,0,0,0,0,0,0,0
19,2017-04-21,09:30:09,100,IH1704,CCFX,2333.4,2332.2,2335.0,44,30793200,3448,3492,2794,1862.8,2328.4,2332.6,0.0,2332.6,0.0,0,0,2017-04-21,34209100,2333.4,1,0,0,0,0,0,0,0,0,2335.2,1,0,0,0,0,0,0,0,0
20,2017-04-21,09:30:09,600,IH1704,CCFX,2333.4,2332.2,2335.0,44,30793200,3448,3492,2794,1862.8,2328.4,2332.6,0.0,2332.6,0.0,0,0,2017-04-21,34209600,2333.4,1,0,0,0,0,0,0,0,0,2335.2,1,0,0,0,0,0,0,0,0
21,2017-04-21,09:30:10,100,IH1704,CCFX,2333.4,2332.2,2335.0,44,30793200,3448,3492,2794,1862.8,2328.4,2332.6,0.0,2332.6,0.0,0,0,2017-04-21,34210100,2333.6,1,0,0,0,0,0,0,0,0,2335.2,1,0,0,0,0,0,0,0,0
22,2017-04-21,09:30:10,600,IH1704,CCFX,2333.4,2332.2,2335.0,44,30793200,3448,3492,2794,1862.8,2328.4,2332.6,0.0,2332.6,0.0,0,0,2017-04-21,34210600,2333.8,1,0,0,0,0,0,0,0,0,2335.0,1,0,0,0,0,0,0,0,0
23,2017-04-21,09:30:11,600,IH1704,CCFX,2333.4,2332.2,2335.0,44,30793200,3448,3492,2794,1862.8,2328.4,2332.6,0.0,2332.6,0.0,0,0,2017-04-21,34211600,2333.8,1,0,0,0,0,0,0,0,0,2335.0,1,0,0,0,0,0,0,0,0
24,2017-04-21,09:30:15,100,IH1704,CCFX,2335.2,2332.2,2335.2,46,32194260,3446,3492,2794,1862.8,2328.4,2332.6,0.0,2332.6,0.0,0,0,2017-04-21,34215100,2333.8,1,0,0,0,0,0,0,0,0,2335.8,2,0,0,0,0,0,0,0,0
25,2017-04-21,09:30:15,600,IH1704,CCFX,2335.2,2332.2,2335.2,46,32194260,3446,3492,2794,1862.8,2328.4,2332.6,0.0,2332.6,0.0,0,0,2017-04-21,34215600,2334.0,2,0,0,0,0,0,0,0,0,2335.8,2,0,0,0,0,0,0,0,0
26,2017-04-21,09:30:16,100,IH1704,CCFX,2334.2,2332.2,2335.2,47,32894520,3445,3492,2794,1862.8,2328.4,2332.6,0.0,2332.6,0.0,0,0,2017-04-21,34216100,2334.0,2,0,0,0,0,0,0,0,0,2335.6,1,0,0,0,0,0,0,0,0
27,2017-04-21,09:30:16,600,IH1704,CCFX,2334.2,2332.2,2335.2,47,32894520,3445,3492,2794,1862.8,2328.4,2332.6,0.0,2332.6,0.0,0,0,2017-04-21,34216600,2334.2,2,0,0,0,0,0,0,0,0,2335.6,1,0,0,0,0,0,0,0,0
28,2017-04-21,09:30:17,100,IH1704,CCFX,2334.2,2332.2,2335.2,48,33594780,3444,3492,2794,1862.8,2328.4,2332.6,0.0,2332.6,0.0,0,0,2017-04-21,34217100,2334.2,1,0,0,0,0,0,0,0,0,2335.6,1,0,0,0,0,0,0,0,0
29,2017-04-21,09:30:17,600,IH1704,CCFX,2335.4,2332.2,2335.4,49,34295400,3443,3492,2794,1862.8,2328.4,2332.6,0.0,2332.6,0.0,0,0,2017-04-21,34217600,2334.4,1,0,0,0,0,0,0,0,0,2334.8,1,0,0,0,0,0,0,0,0
30,2017-04-21,09:30:19,100,IH1704,CCFX,2334.4,2332.2,2335.4,50,34995720,3442,3492,2794,1862.8,2328.4,2332.6,0.0,2332.6,0.0,0,0,2017-04-21,34219100,2334.2,1,0,0,0,0,0,0,0,0,2334.8,1,0,0,0,0,0,0,0,0
31,2017-04-21,09:30:19,600,IH1704,CCFX,2334.4,2332.2,2335.4,50,34995720,3442,3492,2794,1862.8,2328.4,2332.6,0.0,2332.6,0.0,0,0,2017-04-21,34219600,2334.2,1,0,0,0,0,0,0,0,0,2334.6,1,0,0,0,0,0,0,0,0
32,2017-04-21,09:30:20,600,IH1704,CCFX,2334.4,2332.2,2335.4,50,34995720,3442,3492,2794,1862.8,2328.4,2332.6,0.0,2332.6,0.0,0,0,2017-04-21,34220600,2333.6,1,0,0,0,0,0,0,0,0,2334.6,1,0,0,0,0,0,0,0,0
33,2017-04-21,09:30:22,100,IH1704,CCFX,2334.4,2332.2,2335.4,50,34995720,3442,3492,2794,1862.8,2328.4,2332.6,0.0,2332.6,0.0,0,0,2017-04-21,34222100,2333.8,1,0,0,0,0,0,0,0,0,2334.6,1,0,0,0,0,0,0,0,0
34,2017-04-21,09:30:24,600,IH1704,CCFX,2334.4,2332.2,2335.4,50,34995720,3442,3492,2794,1862.8,2328.4,2332.6,0.0,2332.6,0.0,0,0,2017-04-21,34224600,2333.8,1,0,0,0,0,0,0,0,0,2334.6,1,0,0,0,0,0,0,0,0
35,2017-04-21,09:30:25,100,IH1704,CCFX,2334.6,2332.2,2335.4,51,35696100,3441,3492,2794,1862.8,2328.4,2332.6,0.0,2332.6,0.0,0,0,2017-04-21,34225100,2333.8,1,0,0,0,0,0,0,0,0,2334.8,1,0,0,0,0,0,0,0,0
36,2017-04-21,09:30:26,100,IH1704,CCFX,2334.6,2332.2,2335.4,51,35696100,3441,3492,2794,1862.8,2328.4,2332.6,0.0,2332.6,0.0,0,0,2017-04-21,34226100,2333.8,1,0,0,0,0,0,0,0,0,2334.8,1,0,0,0,0,0,0,0,0
37,2017-04-21,09:30:26,600,IH1704,CCFX,2334.6,2332.2,2335.4,51,35696100,3441,3492,2794,1862.8,2328.4,2332.6,0.0,2332.6,0.0,0,0,2017-04-21,34226600,2333.8,1,0,0,0,0,0,0,0,0,2334.6,2,0,0,0,0,0,0,0,0
38,2017-04-21,09:30:29,100,IH1704,CCFX,2334.6,2332.2,2335.4,51,35696100,3441,3492,2794,1862.8,2328.4,2332.6,0.0,2332.6,0.0,0,0,2017-04-21,34229100,2333.8,1,0,0,0,0,0,0,0,0,2334.4,2,0,0,0,0,0,0,0,0
39,2017-04-21,09:30:30,600,IH1704,CCFX,2334.4,2332.2,2335.4,52,36396420,3440,3492,2794,1862.8,2328.4,2332.6,0.0,2332.6,0.0,0,0,2017-04-21,34230600,2333.8,1,0,0,0,0,0,0,0,0,2334.4,1,0,0,0,0,0,0,0,0
40,2017-04-21,09:30:31,100,IH1704,CCFX,2334.4,2332.2,2335.4,53,37096740,3439,3492,2794,1862.8,2328.4,2332.6,0.0,2332.6,0.0,0,0,2017-04-21,34231100,2333.8,1,0,0,0,0,0,0,0,0,2334.6,2,0,0,0,0,0,0,0,0
41,2017-04-21,09:30:32,600,IH1704,CCFX,2334.4,2332.2,2335.4,53,37096740,3439,3492,2794,1862.8,2328.4,2332.6,0.0,2332.6,0.0,0,0,2017-04-21,34232600,2333.8,1,0,0,0,0,0,0,0,0,2334.6,2,0,0,0,0,0,0,0,0
42,2017-04-21,09:30:35,600,IH1704,CCFX,2334.4,2332.2,2335.4,53,37096740,3439,3492,2794,1862.8,2328.4,2332.6,0.0,2332.6,0.0,0,0,2017-04-21,34235600,2334.0,2,0,0,0,0,0,0,0,0,2334.6,2,0,0,0,0,0,0,0,0
43,2017-04-21,09:30:36,100,IH1704,CCFX,2334.6,2332.2,2335.4,55,38497500,3437,3492,2794,1862.8,2328.4,2332.6,0.0,2332.6,0.0,0,0,2017-04-21,34236100,2334.8,1,0,0,0,0,0,0,0,0,2335.0,1,0,0,0,0,0,0,0,0
44,2017-04-21,09:30:36,600,IH1704,CCFX,2334.8,2332.2,2335.4,56,39197940,3436,3492,2794,1862.8,2328.4,2332.6,0.0,2332.6,0.0,0,0,2017-04-21,34236600,2334.0,2,0,0,0,0,0,0,0,0,2334.2,4,0,0,0,0,0,0,0,0
45,2017-04-21,09:30:37,100,IH1704,CCFX,2334.0,2332.2,2335.4,57,39898140,3435,3492,2794,1862.8,2328.4,2332.6,0.0,2332.6,0.0,0,0,2017-04-21,34237100,2334.0,1,0,0,0,0,0,0,0,0,2334.2,4,0,0,0,0,0,0,0,0
46,2017-04-21,09:30:37,600,IH1704,CCFX,2334.2,2332.2,2335.4,59,41298660,3433,3492,2794,1862.8,2328.4,2332.6,0.0,2332.6,0.0,0,0,2017-04-21,34237600,2334.0,1,0,0,0,0,0,0,0,0,2334.2,2,0,0,0,0,0,0,0,0
47,2017-04-21,09:30:39,100,IH1704,CCFX,2334.2,2332.2,2335.4,59,41298660,3433,3492,2794,1862.8,2328.4,2332.6,0.0,2332.6,0.0,0,0,2017-04-21,34239100,2334.0,1,0,0,0,0,0,0,0,0,2334.2,2,0,0,0,0,0,0,0,0
48,2017-04-21,09:30:40,100,IH1704,CCFX,2334.0,2332.2,2335.4,61,42699120,3431,3492,2794,1862.8,2328.4,2332.6,0.0,2332.6,0.0,0,0,2017-04-21,34240100,2333.8,1,0,0,0,0,0,0,0,0,2334.2,1,0,0,0,0,0,0,0,0
49,2017-04-21,09:30:40,600,IH1704,CCFX,2334.0,2332.2,2335.4,61,42699120,3431,3492,2794,1862.8,2328.4,2332.6,0.0,2332.6,0.0,0,0,2017-04-21,34240600,2333.8,1,0,0,0,0,0,0,0,0,2334.2,1,0,0,0,0,0,0,0,0
50,2017-04-21,09:30:44,600,IH1704,CCFX,2334.0,2332.2,2335.4,62,43399320,3430,3492,2794,1862.8,2328.4,2332.6,0.0,2332.6,0.0,0,0,2017-04-21,34244600,2333.8,1,0,0,0,0,0,0,0,0,2334.2,1,0,0,0,0,0,0,0,0
51,2017-04-21,09:30:46,600,IH1704,CCFX,2333.8,2332.2,2335.4,63,44099460,3430,3492,2794,1862.8,2328.4,2332.6,0.0,2332.6,0.0,0,0,2017-04-21,34246600,2333.6,1,0,0,0,0,0,0,0,0,2334.2,1,0,0,0,0,0,0,0,0
52,2017-04-21,09:30:47,600,IH1704,CCFX,2334.2,2332.2,2335.4,64,44799720,3429,3492,2794,1862.8,2328.4,2332.6,0.0,2332.6,0.0,0,0,2017-04-21,34247600,2333.6,1,0,0,0,0,0,0,0,0,2335.8,2,0,0,0,0,0,0,0,0
53,2017-04-21,09:30:48,100,IH1704,CCFX,2334.2,2332.2,2335.4,64,44799720,3429,3492,2794,1862.8,2328.4,2332.6,0.0,2332.6,0.0,0,0,2017-04-21,34248100,2333.8,1,0,0,0,0,0,0,0,0,2335.6,1,0,0,0,0,0,0,0,0
54,2017-04-21,09:30:49,600,IH1704,CCFX,2334.2,2332.2,2335.4,64,44799720,3429,3492,2794,1862.8,2328.4,2332.6,0.0,2332.6,0.0,0,0,2017-04-21,34249600,2333.8,1,0,0,0,0,0,0,0,0,2335.6,1,0,0,0,0,0,0,0,0
55,2017-04-21,09:30:50,100,IH1704,CCFX,2333.8,2332.2,2335.4,65,45499860,3428,3492,2794,1862.8,2328.4,2332.6,0.0,2332.6,0.0,0,0,2017-04-21,34250100,2333.6,1,0,0,0,0,0,0,0,0,2333.8,1,0,0,0,0,0,0,0,0
56,2017-04-21,09:30:50,600,IH1704,CCFX,2333.6,2332.2,2335.4,66,46199940,3427,3492,2794,1862.8,2328.4,2332.6,0.0,2332.6,0.0,0,0,2017-04-21,34250600,2333.4,1,0,0,0,0,0,0,0,0,2333.6,1,0,0,0,0,0,0,0,0
57,2017-04-21,09:30:51,100,IH1704,CCFX,2333.6,2332.2,2335.4,67,46900020,3426,3492,2794,1862.8,2328.4,2332.6,0.0,2332.6,0.0,0,0,2017-04-21,34251100,2333.4,1,0,0,0,0,0,0,0,0,2333.8,1,0,0,0,0,0,0,0,0
58,2017-04-21,09:30:52,600,IH1704,CCFX,2333.6,2332.2,2335.4,67,46900020,3426,3492,2794,1862.8,2328.4,2332.6,0.0,2332.6,0.0,0,0,2017-04-21,34252600,2333.4,1,0,0,0,0,0,0,0,0,2333.8,1,0,0,0,0,0,0,0,0
59,2017-04-21,09:30:54,100,IH1704,CCFX,2333.8,2332.2,2335.4,68,47600160,3425,3492,2794,1862.8,2328.4,2332.6,0.0,2332.6,0.0,0,0,2017-04-21,34254100,2333.4,1,0,0,0,0,0,0,0,0,2335.0,1,0,0,0,0,0,0,0,0
60,2017-04-21,09:30:54,600,IH1704,CCFX,2333.8,2332.2,2335.4,68,47600160,3425,3492,2794,1862.8,2328.4,2332.6,0.0,2332.6,0.0,0,0,2017-04-21,34254600,2333.4,1,0,0,0,0,0,0,0,0,2334.8,1,0,0,0,0,0,0,0,0
61,2017-04-21,09:30:55,100,IH1704,CCFX,2333.8,2332.2,2335.4,68,47600160,3425,3492,2794,1862.8,2328.4,2332.6,0.0,2332.6,0.0,0,0,2017-04-21,34255100,2333.4,1,0,0,0,0,0,0,0,0,2334.8,1,0,0,0,0,0,0,0,0
62,2017-04-21,09:30:55,600,IH1704,CCFX,2333.8,2332.2,2335.4,68,47600160,3425,3492,2794,1862.8,2328.4,2332.6,0.0,2332.6,0.0,0,0,2017-04-21,34255600,2333.6,1,0,0,0,0,0,0,0,0,2334.8,1,0,0,0,0,0,0,0,0
63,2017-04-21,09:30:56,100,IH1704,CCFX,2333.4,2332.2,2335.4,70,49000260,3423,3492,2794,1862.8,2328.4,2332.6,0.0,2332.6,0.0,0,0,2017-04-21,34256100,2332.6,1,0,0,0,0,0,0,0,0,2334.8,1,0,0,0,0,0,0,0,0
64,2017-04-21,09:30:56,600,IH1704,CCFX,2333.4,2332.2,2335.4,70,49000260,3423,3492,2794,1862.8,2328.4,2332.6,0.0,2332.6,0.0,0,0,2017-04-21,34256600,2333.0,1,0,0,0,0,0,0,0,0,2334.4,1,0,0,0,0,0,0,0,0
65,2017-04-21,09:30:57,100,IH1704,CCFX,2333.4,2332.2,2335.4,70,49000260,3423,3492,2794,1862.8,2328.4,2332.6,0.0,2332.6,0.0,0,0,2017-04-21,34257100,2333.0,1,0,0,0,0,0,0,0,0,2334.4,1,0,0,0,0,0,0,0,0
66,2017-04-21,09:30:57,600,IH1704,CCFX,2333.4,2332.2,2335.4,70,49000260,3423,3492,2794,1862.8,2328.4,2332.6,0.0,2332.6,0.0,0,0,2017-04-21,34257600,2333.0,1,0,0,0,0,0,0,0,0,2334.2,3,0,0,0,0,0,0,0,0
67,2017-04-21,09:30:58,100,IH1704,CCFX,2333.4,2332.2,2335.4,70,49000260,3423,3492,2794,1862.8,2328.4,2332.6,0.0,2332.6,0.0,0,0,2017-04-21,34258100,2333.2,1,0,0,0,0,0,0,0,0,2334.2,3,0,0,0,0,0,0,0,0
68,2017-04-21,09:30:58,600,IH1704,CCFX,2333.4,2332.2,2335.4,70,49000260,3423,3492,2794,1862.8,2328.4,2332.6,0.0,2332.6,0.0,0,0,2017-04-21,34258600,2333.2,1,0,0,0,0,0,0,0,0,2334.0,1,0,0,0,0,0,0,0,0
69,2017-04-21,09:30:59,100,IH1704,CCFX,2334.0,2332.2,2335.4,71,49700460,3422,3492,2794,1862.8,2328.4,2332.6,0.0,2332.6,0.0,0,0,2017-04-21,34259100,2333.2,1,0,0,0,0,0,0,0,0,2334.2,3,0,0,0,0,0,0,0,0
70,2017-04-21,09:30:59,600,IH1704,CCFX,2334.0,2332.2,2335.4,71,49700460,3422,3492,2794,1862.8,2328.4,2332.6,0.0,2332.6,0.0,0,0,2017-04-21,34259600,2333.2,2,0,0,0,0,0,0,0,0,2334.2,3,0,0,0,0,0,0,0,0
71,2017-04-21,09:31:00,100,IH1704,CCFX,2334.0,2332.2,2335.4,71,49700460,3422,3492,2794,1862.8,2328.4,2332.6,0.0,2332.6,0.0,0,0,2017-04-21,34260100,2333.2,3,0,0,0,0,0,0,0,0,2334.2,3,0,0,0,0,0,0,0,0
72,2017-04-21,09:31:03,600,IH1704,CCFX,2334.0,2332.2,2335.4,71,49700460,3422,3492,2794,1862.8,2328.4,2332.6,0.0,2332.6,0.0,0,0,2017-04-21,34263600,2333.4,1,0,0,0,0,0,0,0,0,2334.2,3,0,0,0,0,0,0,0,0
73,2017-04-21,09:31:04,100,IH1704,CCFX,2333.6,2332.2,2335.4,72,50400540,3421,3492,2794,1862.8,2328.4,2332.6,0.0,2332.6,0.0,0,0,2017-04-21,34264100,2333.4,1,0,0,0,0,0,0,0,0,2334.2,3,0,0,0,0,0,0,0,0
74,2017-04-21,09:31:05,100,IH1704,CCFX,2333.6,2332.2,2335.4,72,50400540,3421,3492,2794,1862.8,2328.4,2332.6,0.0,2332.6,0.0,0,0,2017-04-21,34265100,2333.4,1,0,0,0,0,0,0,0,0,2334.2,3,0,0,0,0,0,0,0,0
75,2017-04-21,09:31:06,100,IH1704,CCFX,2333.6,2332.2,2335.4,72,50400540,3421,3492,2794,1862.8,2328.4,2332.6,0.0,2332.6,0.0,0,0,2017-04-21,34266100,2333.6,1,0,0,0,0,0,0,0,0,2334.2,3,0,0,0,0,0,0,0,0
76,2017-04-21,09:31:06,600,IH1704,CCFX,2333.6,2332.2,2335.4,72,50400540,3421,3492,2794,1862.8,2328.4,2332.6,0.0,2332.6,0.0,0,0,2017-04-21,34266600,2333.6,1,0,0,0,0,0,0,0,0,2334.2,3,0,0,0,0,0,0,0,0
77,2017-04-21,09:31:07,100,IH1704,CCFX,2335.4,2332.2,2335.4,73,51101160,3420,3492,2794,1862.8,2328.4,2332.6,0.0,2332.6,0.0,0,0,2017-04-21,34267100,2333.6,2,0,0,0,0,0,0,0,0,2335.4,1,0,0,0,0,0,0,0,0
78,2017-04-21,09:31:07,600,IH1704,CCFX,2335.4,2332.2,2335.4,73,51101160,3420,3492,2794,1862.8,2328.4,2332.6,0.0,2332.6,0.0,0,0,2017-04-21,34267600,2333.6,2,0,0,0,0,0,0,0,0,2334.8,1,0,0,0,0,0,0,0,0
79,2017-04-21,09:31:08,100,IH1704,CCFX,2335.4,2332.2,2335.4,73,51101160,3420,3492,2794,1862.8,2328.4,2332.6,0.0,2332.6,0.0,0,0,2017-04-21,34268100,2333.8,1,0,0,0,0,0,0,0,0,2334.8,1,0,0,0,0,0,0,0,0
80,2017-04-21,09:31:08,600,IH1704,CCFX,2335.4,2332.2,2335.4,73,51101160,3420,3492,2794,1862.8,2328.4,2332.6,0.0,2332.6,0.0,0,0,2017-04-21,34268600,2333.8,1,0,0,0,0,0,0,0,0,2334.8,1,0,0,0,0,0,0,0,0
81,2017-04-21,09:31:09,100,IH1704,CCFX,2335.4,2332.2,2335.4,73,51101160,3420,3492,2794,1862.8,2328.4,2332.6,0.0,2332.6,0.0,0,0,2017-04-21,34269100,2333.8,1,0,0,0,0,0,0,0,0,2334.6,1,0,0,0,0,0,0,0,0
82,2017-04-21,09:31:09,600,IH1704,CCFX,2333.8,2332.2,2335.4,74,51801300,3419,3492,2794,1862.8,2328.4,2332.6,0.0,2332.6,0.0,0,0,2017-04-21,34269600,2333.6,3,0,0,0,0,0,0,0,0,2334.6,1,0,0,0,0,0,0,0,0
83,2017-04-21,09:31:10,100,IH1704,CCFX,2333.8,2332.2,2335.4,74,51801300,3419,3492,2794,1862.8,2328.4,2332.6,0.0,2332.6,0.0,0,0,2017-04-21,34270100,2333.6,3,0,0,0,0,0,0,0,0,2334.4,1,0,0,0,0,0,0,0,0
84,2017-04-21,09:31:10,600,IH1704,CCFX,2333.8,2332.2,2335.4,74,51801300,3419,3492,2794,1862.8,2328.4,2332.6,0.0,2332.6,0.0,0,0,2017-04-21,34270600,2333.6,3,0,0,0,0,0,0,0,0,2334.2,1,0,0,0,0,0,0,0,0
85,2017-04-21,09:31:11,100,IH1704,CCFX,2333.8,2332.2,2335.4,74,51801300,3419,3492,2794,1862.8,2328.4,2332.6,0.0,2332.6,0.0,0,0,2017-04-21,34271100,2333.6,3,0,0,0,0,0,0,0,0,2334.2,1,0,0,0,0,0,0,0,0
86,2017-04-21,09:31:11,600,IH1704,CCFX,2333.8,2332.2,2335.4,74,51801300,3419,3492,2794,1862.8,2328.4,2332.6,0.0,2332.6,0.0,0,0,2017-04-21,34271600,2333.6,3,0,0,0,0,0,0,0,0,2334.2,1,0,0,0,0,0,0,0,0
87,2017-04-21,09:31:13,100,IH1704,CCFX,2333.8,2332.2,2335.4,74,51801300,3419,3492,2794,1862.8,2328.4,2332.6,0.0,2332.6,0.0,0,0,2017-04-21,34273100,2333.6,3,0,0,0,0,0,0,0,0,2334.2,1,0,0,0,0,0,0,0,0
88,2017-04-21,09:31:15,600,IH1704,CCFX,2333.8,2332.2,2335.4,74,51801300,3419,3492,2794,1862.8,2328.4,2332.6,0.0,2332.6,0.0,0,0,2017-04-21,34275600,2333.8,2,0,0,0,0,0,0,0,0,2334.2,1,0,0,0,0,0,0,0,0
89,2017-04-21,09:31:17,600,IH1704,CCFX,2334.2,2332.2,2335.4,76,53201700,3417,3492,2794,1862.8,2328.4,2332.6,0.0,2332.6,0.0,0,0,2017-04-21,34277600,2333.8,1,0,0,0,0,0,0,0,0,2334.4,1,0,0,0,0,0,0,0,0
90,2017-04-21,09:31:18,100,IH1704,CCFX,2334.2,2332.2,2335.4,76,53201700,3417,3492,2794,1862.8,2328.4,2332.6,0.0,2332.6,0.0,0,0,2017-04-21,34278100,2333.8,1,0,0,0,0,0,0,0,0,2334.4,1,0,0,0,0,0,0,0,0
91,2017-04-21,09:31:19,600,IH1704,CCFX,2334.2,2332.2,2335.4,76,53201700,3417,3492,2794,1862.8,2328.4,2332.6,0.0,2332.6,0.0,0,0,2017-04-21,34279600,2333.8,1,0,0,0,0,0,0,0,0,2334.4,2,0,0,0,0,0,0,0,0
92,2017-04-21,09:31:20,100,IH1704,CCFX,2334.2,2332.2,2335.4,76,53201700,3417,3492,2794,1862.8,2328.4,2332.6,0.0,2332.6,0.0,0,0,2017-04-21,34280100,2333.8,1,0,0,0,0,0,0,0,0,2334.4,2,0,0,0,0,0,0,0,0
93,2017-04-21,09:31:20,600,IH1704,CCFX,2334.2,2332.2,2335.4,76,53201700,3417,3492,2794,1862.8,2328.4,2332.6,0.0,2332.6,0.0,0,0,2017-04-21,34280600,2333.8,1,0,0,0,0,0,0,0,0,2334.4,2,0,0,0,0,0,0,0,0
94,2017-04-21,09:31:22,600,IH1704,CCFX,2333.8,2332.2,2335.4,77,53901840,3416,3492,2794,1862.8,2328.4,2332.6,0.0,2332.6,0.0,0,0,2017-04-21,34282600,2333.6,3,0,0,0,0,0,0,0,0,2334.4,2,0,0,0,0,0,0,0,0
95,2017-04-21,09:31:27,600,IH1704,CCFX,2334.0,2332.2,2335.4,78,54602040,3415,3492,2794,1862.8,2328.4,2332.6,0.0,2332.6,0.0,0,0,2017-04-21,34287600,2333.6,3,0,0,0,0,0,0,0,0,2334.4,2,0,0,0,0,0,0,0,0
96,2017-04-21,09:31:28,600,IH1704,CCFX,2334.0,2332.2,2335.4,78,54602040,3415,3492,2794,1862.8,2328.4,2332.6,0.0,2332.6,0.0,0,0,2017-04-21,34288600,2333.6,2,0,0,0,0,0,0,0,0,2334.4,2,0,0,0,0,0,0,0,0
97,2017-04-21,09:31:30,600,IH1704,CCFX,2334.0,2332.2,2335.4,78,54602040,3415,3492,2794,1862.8,2328.4,2332.6,0.0,2332.6,0.0,0,0,2017-04-21,34290600,2333.8,1,0,0,0,0,0,0,0,0,2334.4,2,0,0,0,0,0,0,0,0
98,2017-04-21,09:31:31,100,IH1704,CCFX,2334.0,2332.2,2335.4,78,54602040,3415,3492,2794,1862.8,2328.4,2332.6,0.0,2332.6,0.0,0,0,2017-04-21,34291100,2333.8,1,0,0,0,0,0,0,0,0,2334.4,2,0,0,0,0,0,0,0,0
99,2017-04-21,09:31:32,600,IH1704,CCFX,2334.0,2332.2,2335.4,78,54602040,3415,3492,2794,1862.8,2328.4,2332.6,0.0,2332.6,0.0,0,0,2017-04-21,34292600,2333.8,1,0,0,0,0,0,0,0,0,2334.4,2,0,0,0,0,0,0,0,0
100,2017-04-21,09:31:33,600,IH1704,CCFX,2334.0,2332.2,2335.4,78,54602040,3415,3492,2794,1862.8,2328.4,2332.6,0.0,2332.6,0.0,0,0,2017-04-21,34293600,2333.8,1,0,0,0,0,0,0,0,0,2334.4,4,0,0,0,0,0,0,0,0
101,2017-04-21,09:31:35,600,IH1704,CCFX,2334.0,2332.2,2335.4,78,54602040,3415,3492,2794,1862.8,2328.4,2332.6,0.0,2332.6,0.0,0,0,2017-04-21,34295600,2333.8,1,0,0,0,0,0,0,0,0,2334.4,4,0,0,0,0,0,0,0,0
102,2017-04-21,09:31:36,100,IH1704,CCFX,2334.0,2332.2,2335.4,78,54602040,3415,3492,2794,1862.8,2328.4,2332.6,0.0,2332.6,0.0,0,0,2017-04-21,34296100,2333.8,1,0,0,0,0,0,0,0,0,2334.2,2,0,0,0,0,0,0,0,0
103,2017-04-21,09:31:36,600,IH1704,CCFX,2334.0,2332.2,2335.4,78,54602040,3415,3492,2794,1862.8,2328.4,2332.6,0.0,2332.6,0.0,0,0,2017-04-21,34296600,2333.8,1,0,0,0,0,0,0,0,0,2334.4,4,0,0,0,0,0,0,0,0
104,2017-04-21,09:31:37,600,IH1704,CCFX,2334.0,2332.2,2335.4,78,54602040,3415,3492,2794,1862.8,2328.4,2332.6,0.0,2332.6,0.0,0,0,2017-04-21,34297600,2333.8,1,0,0,0,0,0,0,0,0,2334.4,4,0,0,0,0,0,0,0,0
105,2017-04-21,09:31:40,600,IH1704,CCFX,2334.0,2332.2,2335.4,78,54602040,3415,3492,2794,1862.8,2328.4,2332.6,0.0,2332.6,0.0,0,0,2017-04-21,34300600,2333.8,1,0,0,0,0,0,0,0,0,2334.2,1,0,0,0,0,0,0,0,0
106,2017-04-21,09:31:41,100,IH1704,CCFX,2334.0,2332.2,2335.4,78,54602040,3415,3492,2794,1862.8,2328.4,2332.6,0.0,2332.6,0.0,0,0,2017-04-21,34301100,2333.8,1,0,0,0,0,0,0,0,0,2334.2,1,0,0,0,0,0,0,0,0
107,2017-04-21,09:31:42,100,IH1704,CCFX,2334.0,2332.2,2335.4,78,54602040,3415,3492,2794,1862.8,2328.4,2332.6,0.0,2332.6,0.0,0,0,2017-04-21,34302100,2333.8,2,0,0,0,0,0,0,0,0,2334.2,1,0,0,0,0,0,0,0,0
108,2017-04-21,09:31:42,600,IH1704,CCFX,2334.0,2332.2,2335.4,78,54602040,3415,3492,2794,1862.8,2328.4,2332.6,0.0,2332.6,0.0,0,0,2017-04-21,34302600,2334.0,1,0,0,0,0,0,0,0,0,2334.2,1,0,0,0,0,0,0,0,0
109,2017-04-21,09:31:45,100,IH1704,CCFX,2334.0,2332.2,2335.4,79,55302240,3414,3492,2794,1862.8,2328.4,2332.6,0.0,2332.6,0.0,0,0,2017-04-21,34305100,2333.8,2,0,0,0,0,0,0,0,0,2334.2,1,0,0,0,0,0,0,0,0
110,2017-04-21,09:31:46,100,IH1704,CCFX,2334.2,2332.2,2335.4,80,56002500,3413,3492,2794,1862.8,2328.4,2332.6,0.0,2332.6,0.0,0,0,2017-04-21,34306100,2333.8,2,0,0,0,0,0,0,0,0,2334.4,5,0,0,0,0,0,0,0,0
111,2017-04-21,09:31:47,600,IH1704,CCFX,2334.4,2332.2,2335.4,81,56702820,3412,3492,2794,1862.8,2328.4,2332.6,0.0,2332.6,0.0,0,0,2017-04-21,34307600,2333.8,2,0,0,0,0,0,0,0,0,2334.4,4,0,0,0,0,0,0,0,0
112,2017-04-21,09:31:48,100,IH1704,CCFX,2334.4,2332.2,2335.4,81,56702820,3412,3492,2794,1862.8,2328.4,2332.6,0.0,2332.6,0.0,0,0,2017-04-21,34308100,2334.0,1,0,0,0,0,0,0,0,0,2334.4,4,0,0,0,0,0,0,0,0
113,2017-04-21,09:31:48,600,IH1704,CCFX,2333.8,2332.2,2335.4,83,58103160,3410,3492,2794,1862.8,2328.4,2332.6,0.0,2332.6,0.0,0,0,2017-04-21,34308600,2333.8,1,0,0,0,0,0,0,0,0,2334.4,4,0,0,0,0,0,0,0,0
114,2017-04-21,09:31:50,600,IH1704,CCFX,2333.8,2332.2,2335.4,83,58103160,3410,3492,2794,1862.8,2328.4,2332.6,0.0,2332.6,0.0,0,0,2017-04-21,34310600,2333.8,1,0,0,0,0,0,0,0,0,2334.4,5,0,0,0,0,0,0,0,0
115,2017-04-21,09:31:52,100,IH1704,CCFX,2333.8,2332.2,2335.4,84,58803300,3409,3492,2794,1862.8,2328.4,2332.6,0.0,2332.6,0.0,0,0,2017-04-21,34312100,2333.6,1,0,0,0,0,0,0,0,0,2334.4,5,0,0,0,0,0,0,0,0
116,2017-04-21,09:31:53,600,IH1704,CCFX,2333.8,2332.2,2335.4,84,58803300,3409,3492,2794,1862.8,2328.4,2332.6,0.0,2332.6,0.0,0,0,2017-04-21,34313600,2333.6,1,0,0,0,0,0,0,0,0,2334.4,5,0,0,0,0,0,0,0,0
117,2017-04-21,09:31:55,100,IH1704,CCFX,2334.4,2332.2,2335.4,91,63705540,3402,3492,2794,1862.8,2328.4,2332.6,0.0,2332.6,0.0,0,0,2017-04-21,34315100,2334.6,2,0,0,0,0,0,0,0,0,2334.8,1,0,0,0,0,0,0,0,0
118,2017-04-21,09:31:56,100,IH1704,CCFX,2334.6,2332.2,2335.4,92,64405920,3401,3492,2794,1862.8,2328.4,2332.6,0.0,2332.6,0.0,0,0,2017-04-21,34316100,2334.6,1,0,0,0,0,0,0,0,0,2334.8,1,0,0,0,0,0,0,0,0
119,2017-04-21,09:31:56,600,IH1704,CCFX,2334.6,2332.2,2335.4,93,65106300,3400,3492,2794,1862.8,2328.4,2332.6,0.0,2332.6,0.0,0,0,2017-04-21,34316600,2333.6,2,0,0,0,0,0,0,0,0,2334.4,1,0,0,0,0,0,0,0,0
120,2017-04-21,09:31:57,600,IH1704,CCFX,2334.6,2332.2,2335.4,93,65106300,3400,3492,2794,1862.8,2328.4,2332.6,0.0,2332.6,0.0,0,0,2017-04-21,34317600,2333.8,2,0,0,0,0,0,0,0,0,2334.4,1,0,0,0,0,0,0,0,0
121,2017-04-21,09:31:58,100,IH1704,CCFX,2334.6,2332.2,2335.4,93,65106300,3400,3492,2794,1862.8,2328.4,2332.6,0.0,2332.6,0.0,0,0,2017-04-21,34318100,2333.8,2,0,0,0,0,0,0,0,0,2334.4,1,0,0,0,0,0,0,0,0
122,2017-04-21,09:32:00,600,IH1704,CCFX,2334.6,2332.2,2335.4,93,65106300,3400,3492,2794,1862.8,2328.4,2332.6,0.0,2332.6,0.0,0,0,2017-04-21,34320600,2333.8,2,0,0,0,0,0,0,0,0,2334.4,1,0,0,0,0,0,0,0,0
123,2017-04-21,09:32:03,600,IH1704,CCFX,2334.6,2332.2,2335.4,93,65106300,3400,3492,2794,1862.8,2328.4,2332.6,0.0,2332.6,0.0,0,0,2017-04-21,34323600,2333.8,2,0,0,0,0,0,0,0,0,2334.4,1,0,0,0,0,0,0,0,0
124,2017-04-21,09:32:04,600,IH1704,CCFX,2334.6,2332.2,2335.4,93,65106300,3400,3492,2794,1862.8,2328.4,2332.6,0.0,2332.6,0.0,0,0,2017-04-21,34324600,2333.8,2,0,0,0,0,0,0,0,0,2334.2,1,0,0,0,0,0,0,0,0
125,2017-04-21,09:32:06,100,IH1704,CCFX,2334.4,2332.2,2335.4,94,65806620,3399,3492,2794,1862.8,2328.4,2332.6,0.0,2332.6,0.0,0,0,2017-04-21,34326100,2333.8,2,0,0,0,0,0,0,0,0,2334.4,1,0,0,0,0,0,0,0,0
126,2017-04-21,09:32:06,600,IH1704,CCFX,2334.4,2332.2,2335.4,94,65806620,3399,3492,2794,1862.8,2328.4,2332.6,0.0,2332.6,0.0,0,0,2017-04-21,34326600,2333.8,2,0,0,0,0,0,0,0,0,2334.6,1,0,0,0,0,0,0,0,0
127,2017-04-21,09:32:07,100,IH1704,CCFX,2333.8,2332.2,2335.4,95,66506760,3398,3492,2794,1862.8,2328.4,2332.6,0.0,2332.6,0.0,0,0,2017-04-21,34327100,2333.8,1,0,0,0,0,0,0,0,0,2334.6,1,0,0,0,0,0,0,0,0
128,2017-04-21,09:32:07,600,IH1704,CCFX,2333.8,2332.2,2335.4,95,66506760,3398,3492,2794,1862.8,2328.4,2332.6,0.0,2332.6,0.0,0,0,2017-04-21,34327600,2333.8,1,0,0,0,0,0,0,0,0,2334.0,1,0,0,0,0,0,0,0,0
129,2017-04-21,09:32:08,100,IH1704,CCFX,2333.8,2332.2,2335.4,95,66506760,3398,3492,2794,1862.8,2328.4,2332.6,0.0,2332.6,0.0,0,0,2017-04-21,34328100,2333.8,1,0,0,0,0,0,0,0,0,2334.6,1,0,0,0,0,0,0,0,0
130,2017-04-21,09:32:08,600,IH1704,CCFX,2333.8,2332.2,2335.4,95,66506760,3398,3492,2794,1862.8,2328.4,2332.6,0.0,2332.6,0.0,0,0,2017-04-21,34328600,2333.8,1,0,0,0,0,0,0,0,0,2334.0,1,0,0,0,0,0,0,0,0
131,2017-04-21,09:32:09,100,IH1704,CCFX,2333.8,2332.2,2335.4,95,66506760,3398,3492,2794,1862.8,2328.4,2332.6,0.0,2332.6,0.0,0,0,2017-04-21,34329100,2333.8,1,0,0,0,0,0,0,0,0,2334.6,1,0,0,0,0,0,0,0,0
132,2017-04-21,09:32:09,600,IH1704,CCFX,2333.8,2332.2,2335.4,95,66506760,3398,3492,2794,1862.8,2328.4,2332.6,0.0,2332.6,0.0,0,0,2017-04-21,34329600,2333.8,1,0,0,0,0,0,0,0,0,2334.4,3,0,0,0,0,0,0,0,0
133,2017-04-21,09:32:10,600,IH1704,CCFX,2333.6,2332.2,2335.4,97,67906980,3398,3492,2794,1862.8,2328.4,2332.6,0.0,2332.6,0.0,0,0,2017-04-21,34330600,2333.6,1,0,0,0,0,0,0,0,0,2334.4,3,0,0,0,0,0,0,0,0
134,2017-04-21,09:32:11,600,IH1704,CCFX,2333.6,2332.2,2335.4,97,67906980,3398,3492,2794,1862.8,2328.4,2332.6,0.0,2332.6,0.0,0,0,2017-04-21,34331600,2333.6,1,0,0,0,0,0,0,0,0,2334.2,1,0,0,0,0,0,0,0,0
135,2017-04-21,09:32:12,100,IH1704,CCFX,2333.6,2332.2,2335.4,97,67906980,3398,3492,2794,1862.8,2328.4,2332.6,0.0,2332.6,0.0,0,0,2017-04-21,34332100,2333.6,1,0,0,0,0,0,0,0,0,2334.2,1,0,0,0,0,0,0,0,0
136,2017-04-21,09:32:12,600,IH1704,CCFX,2333.6,2332.2,2335.4,97,67906980,3398,3492,2794,1862.8,2328.4,2332.6,0.0,2332.6,0.0,0,0,2017-04-21,34332600,2333.6,1,0,0,0,0,0,0,0,0,2334.2,1,0,0,0,0,0,0,0,0
137,2017-04-21,09:32:13,600,IH1704,CCFX,2333.6,2332.2,2335.4,97,67906980,3398,3492,2794,1862.8,2328.4,2332.6,0.0,2332.6,0.0,0,0,2017-04-21,34333600,2333.6,1,0,0,0,0,0,0,0,0,2334.0,2,0,0,0,0,0,0,0,0
138,2017-04-21,09:32:14,100,IH1704,CCFX,2333.6,2332.2,2335.4,97,67906980,3398,3492,2794,1862.8,2328.4,2332.6,0.0,2332.6,0.0,0,0,2017-04-21,34334100,2333.6,1,0,0,0,0,0,0,0,0,2334.4,3,0,0,0,0,0,0,0,0
139,2017-04-21,09:32:14,600,IH1704,CCFX,2333.6,2332.2,2335.4,98,68607060,3397,3492,2794,1862.8,2328.4,2332.6,0.0,2332.6,0.0,0,0,2017-04-21,34334600,2333.4,1,0,0,0,0,0,0,0,0,2334.4,3,0,0,0,0,0,0,0,0
140,2017-04-21,09:32:15,600,IH1704,CCFX,2333.6,2332.2,2335.4,98,68607060,3397,3492,2794,1862.8,2328.4,2332.6,0.0,2332.6,0.0,0,0,2017-04-21,34335600,2333.4,2,0,0,0,0,0,0,0,0,2334.4,3,0,0,0,0,0,0,0,0
141,2017-04-21,09:32:17,100,IH1704,CCFX,2333.6,2332.2,2335.4,98,68607060,3397,3492,2794,1862.8,2328.4,2332.6,0.0,2332.6,0.0,0,0,2017-04-21,34337100,2333.4,2,0,0,0,0,0,0,0,0,2334.4,3,0,0,0,0,0,0,0,0
142,2017-04-21,09:32:18,600,IH1704,CCFX,2333.6,2332.2,2335.4,98,68607060,3397,3492,2794,1862.8,2328.4,2332.6,0.0,2332.6,0.0,0,0,2017-04-21,34338600,2333.6,1,0,0,0,0,0,0,0,0,2334.2,2,0,0,0,0,0,0,0,0
143,2017-04-21,09:32:19,600,IH1704,CCFX,2333.6,2332.2,2335.4,98,68607060,3397,3492,2794,1862.8,2328.4,2332.6,0.0,2332.6,0.0,0,0,2017-04-21,34339600,2333.6,2,0,0,0,0,0,0,0,0,2334.2,3,0,0,0,0,0,0,0,0
144,2017-04-21,09:32:20,100,IH1704,CCFX,2333.6,2332.2,2335.4,98,68607060,3397,3492,2794,1862.8,2328.4,2332.6,0.0,2332.6,0.0,0,0,2017-04-21,34340100,2333.6,3,0,0,0,0,0,0,0,0,2334.2,3,0,0,0,0,0,0,0,0
145,2017-04-21,09:32:20,600,IH1704,CCFX,2333.6,2332.2,2335.4,98,68607060,3397,3492,2794,1862.8,2328.4,2332.6,0.0,2332.6,0.0,0,0,2017-04-21,34340600,2333.6,3,0,0,0,0,0,0,0,0,2334.2,3,0,0,0,0,0,0,0,0
146,2017-04-21,09:32:21,100,IH1704,CCFX,2333.6,2332.2,2335.4,101,70707300,3394,3492,2794,1862.8,2328.4,2332.6,0.0,2332.6,0.0,0,0,2017-04-21,34341100,2333.4,1,0,0,0,0,0,0,0,0,2334.2,3,0,0,0,0,0,0,0,0
147,2017-04-21,09:32:21,600,IH1704,CCFX,2333.6,2332.2,2335.4,101,70707300,3394,3492,2794,1862.8,2328.4,2332.6,0.0,2332.6,0.0,0,0,2017-04-21,34341600,2333.4,1,0,0,0,0,0,0,0,0,2334.2,4,0,0,0,0,0,0,0,0
148,2017-04-21,09:32:22,100,IH1704,CCFX,2333.6,2332.2,2335.4,101,70707300,3394,3492,2794,1862.8,2328.4,2332.6,0.0,2332.6,0.0,0,0,2017-04-21,34342100,2333.4,1,0,0,0,0,0,0,0,0,2334.2,4,0,0,0,0,0,0,0,0
149,2017-04-21,09:32:22,600,IH1704,CCFX,2333.6,2332.2,2335.4,101,70707300,3394,3492,2794,1862.8,2328.4,2332.6,0.0,2332.6,0.0,0,0,2017-04-21,34342600,2333.4,1,0,0,0,0,0,0,0,0,2334.0,2,0,0,0,0,0,0,0,0
150,2017-04-21,09:32:23,100,IH1704,CCFX,2333.6,2332.2,2335.4,101,70707300,3394,3492,2794,1862.8,2328.4,2332.6,0.0,2332.6,0.0,0,0,2017-04-21,34343100,2333.4,1,0,0,0,0,0,0,0,0,2334.0,2,0,0,0,0,0,0,0,0
151,2017-04-21,09:32:23,600,IH1704,CCFX,2333.6,2332.2,2335.4,101,70707300,3394,3492,2794,1862.8,2328.4,2332.6,0.0,2332.6,0.0,0,0,2017-04-21,34343600,2333.4,1,0,0,0,0,0,0,0,0,2334.0,2,0,0,0,0,0,0,0,0
152,2017-04-21,09:32:24,600,IH1704,CCFX,2333.6,2332.2,2335.4,101,70707300,3394,3492,2794,1862.8,2328.4,2332.6,0.0,2332.6,0.0,0,0,2017-04-21,34344600,2333.4,1,0,0,0,0,0,0,0,0,2334.0,2,0,0,0,0,0,0,0,0
153,2017-04-21,09:32:25,100,IH1704,CCFX,2333.6,2332.2,2335.4,101,70707300,3394,3492,2794,1862.8,2328.4,2332.6,0.0,2332.6,0.0,0,0,2017-04-21,34345100,2333.4,1,0,0,0,0,0,0,0,0,2334.0,2,0,0,0,0,0,0,0,0
154,2017-04-21,09:32:25,600,IH1704,CCFX,2333.6,2332.2,2335.4,101,70707300,3394,3492,2794,1862.8,2328.4,2332.6,0.0,2332.6,0.0,0,0,2017-04-21,34345600,2333.4,1,0,0,0,0,0,0,0,0,2333.8,3,0,0,0,0,0,0,0,0
155,2017-04-21,09:32:26,100,IH1704,CCFX,2333.6,2332.2,2335.4,101,70707300,3394,3492,2794,1862.8,2328.4,2332.6,0.0,2332.6,0.0,0,0,2017-04-21,34346100,2333.4,1,0,0,0,0,0,0,0,0,2333.6,1,0,0,0,0,0,0,0,0
156,2017-04-21,09:32:26,600,IH1704,CCFX,2333.4,2332.2,2335.4,102,71407320,3393,3492,2794,1862.8,2328.4,2332.6,0.0,2332.6,0.0,0,0,2017-04-21,34346600,2333.2,2,0,0,0,0,0,0,0,0,2333.6,1,0,0,0,0,0,0,0,0
157,2017-04-21,09:32:27,600,IH1704,CCFX,2333.4,2332.2,2335.4,102,71407320,3393,3492,2794,1862.8,2328.4,2332.6,0.0,2332.6,0.0,0,0,2017-04-21,34347600,2333.2,2,0,0,0,0,0,0,0,0,2333.6,1,0,0,0,0,0,0,0,0
158,2017-04-21,09:32:28,100,IH1704,CCFX,2333.4,2332.2,2335.4,102,71407320,3393,3492,2794,1862.8,2328.4,2332.6,0.0,2332.6,0.0,0,0,2017-04-21,34348100,2333.2,2,0,0,0,0,0,0,0,0,2333.6,1,0,0,0,0,0,0,0,0
159,2017-04-21,09:32:28,600,IH1704,CCFX,2333.4,2332.2,2335.4,102,71407320,3393,3492,2794,1862.8,2328.4,2332.6,0.0,2332.6,0.0,0,0,2017-04-21,34348600,2333.2,2,0,0,0,0,0,0,0,0,2333.6,1,0,0,0,0,0,0,0,0
160,2017-04-21,09:32:29,100,IH1704,CCFX,2333.4,2332.2,2335.4,102,71407320,3393,3492,2794,1862.8,2328.4,2332.6,0.0,2332.6,0.0,0,0,2017-04-21,34349100,2333.2,2,0,0,0,0,0,0,0,0,2333.6,1,0,0,0,0,0,0,0,0
161,2017-04-21,09:32:29,600,IH1704,CCFX,2333.4,2332.2,2335.4,102,71407320,3393,3492,2794,1862.8,2328.4,2332.6,0.0,2332.6,0.0,0,0,2017-04-21,34349600,2333.2,2,0,0,0,0,0,0,0,0,2333.4,1,0,0,0,0,0,0,0,0
162,2017-04-21,09:32:30,100,IH1704,CCFX,2333.4,2332.2,2335.4,102,71407320,3393,3492,2794,1862.8,2328.4,2332.6,0.0,2332.6,0.0,0,0,2017-04-21,34350100,2333.2,2,0,0,0,0,0,0,0,0,2333.6,2,0,0,0,0,0,0,0,0
163,2017-04-21,09:32:30,600,IH1704,CCFX,2333.2,2332.2,2335.4,104,72807240,3391,3492,2794,1862.8,2328.4,2332.6,0.0,2332.6,0.0,0,0,2017-04-21,34350600,2333.4,3,0,0,0,0,0,0,0,0,2333.6,2,0,0,0,0,0,0,0,0
164,2017-04-21,09:32:31,100,IH1704,CCFX,2333.2,2332.2,2335.4,105,73507200,3390,3492,2794,1862.8,2328.4,2332.6,0.0,2332.6,0.0,0,0,2017-04-21,34351100,2333.4,2,0,0,0,0,0,0,0,0,2333.6,2,0,0,0,0,0,0,0,0
165,2017-04-21,09:32:31,600,IH1704,CCFX,2333.4,2332.2,2335.4,107,74907240,3388,3492,2794,1862.8,2328.4,2332.6,0.0,2332.6,0.0,0,0,2017-04-21,34351600,2332.4,2,0,0,0,0,0,0,0,0,2333.6,2,0,0,0,0,0,0,0,0
166,2017-04-21,09:32:33,600,IH1704,CCFX,2333.4,2332.2,2335.4,107,74907240,3388,3492,2794,1862.8,2328.4,2332.6,0.0,2332.6,0.0,0,0,2017-04-21,34353600,2333.0,2,0,0,0,0,0,0,0,0,2333.4,1,0,0,0,0,0,0,0,0
167,2017-04-21,09:32:34,100,IH1704,CCFX,2333.4,2332.2,2335.4,107,74907240,3388,3492,2794,1862.8,2328.4,2332.6,0.0,2332.6,0.0,0,0,2017-04-21,34354100,2333.0,3,0,0,0,0,0,0,0,0,2333.4,1,0,0,0,0,0,0,0,0
168,2017-04-21,09:32:34,600,IH1704,CCFX,2333.4,2332.2,2335.4,107,74907240,3388,3492,2794,1862.8,2328.4,2332.6,0.0,2332.6,0.0,0,0,2017-04-21,34354600,2333.0,3,0,0,0,0,0,0,0,0,2333.6,2,0,0,0,0,0,0,0,0
169,2017-04-21,09:32:35,100,IH1704,CCFX,2333.0,2332.2,2335.4,108,75607140,3387,3492,2794,1862.8,2328.4,2332.6,0.0,2332.6,0.0,0,0,2017-04-21,34355100,2333.0,2,0,0,0,0,0,0,0,0,2333.6,2,0,0,0,0,0,0,0,0
170,2017-04-21,09:32:35,600,IH1704,CCFX,2333.0,2332.2,2335.4,108,75607140,3387,3492,2794,1862.8,2328.4,2332.6,0.0,2332.6,0.0,0,0,2017-04-21,34355600,2333.0,2,0,0,0,0,0,0,0,0,2333.4,1,0,0,0,0,0,0,0,0
171,2017-04-21,09:32:36,100,IH1704,CCFX,2333.0,2332.2,2335.4,108,75607140,3387,3492,2794,1862.8,2328.4,2332.6,0.0,2332.6,0.0,0,0,2017-04-21,34356100,2333.0,2,0,0,0,0,0,0,0,0,2333.2,1,0,0,0,0,0,0,0,0
172,2017-04-21,09:32:36,600,IH1704,CCFX,2333.0,2332.2,2335.4,108,75607140,3387,3492,2794,1862.8,2328.4,2332.6,0.0,2332.6,0.0,0,0,2017-04-21,34356600,2333.0,2,0,0,0,0,0,0,0,0,2333.2,1,0,0,0,0,0,0,0,0
173,2017-04-21,09:32:39,600,IH1704,CCFX,2333.0,2332.2,2335.4,109,76307040,3386,3492,2794,1862.8,2328.4,2332.6,0.0,2332.6,0.0,0,0,2017-04-21,34359600,2333.0,1,0,0,0,0,0,0,0,0,2333.2,1,0,0,0,0,0,0,0,0
174,2017-04-21,09:32:40,100,IH1704,CCFX,2333.0,2332.2,2335.4,110,77006940,3385,3492,2794,1862.8,2328.4,2332.6,0.0,2332.6,0.0,0,0,2017-04-21,34360100,2332.6,1,0,0,0,0,0,0,0,0,2333.0,1,0,0,0,0,0,0,0,0
175,2017-04-21,09:32:40,600,IH1704,CCFX,2333.0,2332.2,2335.4,110,77006940,3385,3492,2794,1862.8,2328.4,2332.6,0.0,2332.6,0.0,0,0,2017-04-21,34360600,2332.6,1,0,0,0,0,0,0,0,0,2332.8,1,0,0,0,0,0,0,0,0
176,2017-04-21,09:32:41,100,IH1704,CCFX,2333.0,2332.2,2335.4,110,77006940,3385,3492,2794,1862.8,2328.4,2332.6,0.0,2332.6,0.0,0,0,2017-04-21,34361100,2332.6,1,0,0,0,0,0,0,0,0,2332.8,1,0,0,0,0,0,0,0,0
177,2017-04-21,09:32:42,100,IH1704,CCFX,2333.0,2332.2,2335.4,110,77006940,3385,3492,2794,1862.8,2328.4,2332.6,0.0,2332.6,0.0,0,0,2017-04-21,34362100,2332.6,1,0,0,0,0,0,0,0,0,2332.8,1,0,0,0,0,0,0,0,0
178,2017-04-21,09:32:42,600,IH1704,CCFX,2333.0,2332.2,2335.4,110,77006940,3385,3492,2794,1862.8,2328.4,2332.6,0.0,2332.6,0.0,0,0,2017-04-21,34362600,2332.6,1,0,0,0,0,0,0,0,0,2333.2,1,0,0,0,0,0,0,0,0
179,2017-04-21,09:32:43,100,IH1704,CCFX,2332.6,2332.2,2335.4,111,77706720,3384,3492,2794,1862.8,2328.4,2332.6,0.0,2332.6,0.0,0,0,2017-04-21,34363100,2332.4,2,0,0,0,0,0,0,0,0,2333.2,1,0,0,0,0,0,0,0,0
180,2017-04-21,09:32:43,600,IH1704,CCFX,2332.6,2332.2,2335.4,111,77706720,3384,3492,2794,1862.8,2328.4,2332.6,0.0,2332.6,0.0,0,0,2017-04-21,34363600,2332.4,2,0,0,0,0,0,0,0,0,2333.0,1,0,0,0,0,0,0,0,0
181,2017-04-21,09:32:44,100,IH1704,CCFX,2332.6,2332.2,2335.4,111,77706720,3384,3492,2794,1862.8,2328.4,2332.6,0.0,2332.6,0.0,0,0,2017-04-21,34364100,2332.4,3,0,0,0,0,0,0,0,0,2332.8,1,0,0,0,0,0,0,0,0
182,2017-04-21,09:32:44,600,IH1704,CCFX,2332.6,2332.2,2335.4,111,77706720,3384,3492,2794,1862.8,2328.4,2332.6,0.0,2332.6,0.0,0,0,2017-04-21,34364600,2332.4,3,0,0,0,0,0,0,0,0,2332.8,1,0,0,0,0,0,0,0,0
183,2017-04-21,09:32:45,600,IH1704,CCFX,2332.6,2332.2,2335.4,111,77706720,3384,3492,2794,1862.8,2328.4,2332.6,0.0,2332.6,0.0,0,0,2017-04-21,34365600,2332.4,3,0,0,0,0,0,0,0,0,2332.8,1,0,0,0,0,0,0,0,0
184,2017-04-21,09:32:46,100,IH1704,CCFX,2332.6,2332.2,2335.4,111,77706720,3384,3492,2794,1862.8,2328.4,2332.6,0.0,2332.6,0.0,0,0,2017-04-21,34366100,2332.4,3,0,0,0,0,0,0,0,0,2332.8,1,0,0,0,0,0,0,0,0
185,2017-04-21,09:32:49,100,IH1704,CCFX,2332.6,2332.2,2335.4,111,77706720,3384,3492,2794,1862.8,2328.4,2332.6,0.0,2332.6,0.0,0,0,2017-04-21,34369100,2332.4,3,0,0,0,0,0,0,0,0,2332.6,1,0,0,0,0,0,0,0,0
186,2017-04-21,09:32:49,600,IH1704,CCFX,2332.4,2332.2,2335.4,112,78406440,3383,3492,2794,1862.8,2328.4,2332.6,0.0,2332.6,0.0,0,0,2017-04-21,34369600,2332.4,2,0,0,0,0,0,0,0,0,2332.6,1,0,0,0,0,0,0,0,0
187,2017-04-21,09:32:50,100,IH1704,CCFX,2332.6,2332.2,2335.4,114,79805940,3381,3492,2794,1862.8,2328.4,2332.6,0.0,2332.6,0.0,0,0,2017-04-21,34370100,2332.4,1,0,0,0,0,0,0,0,0,2332.8,1,0,0,0,0,0,0,0,0
188,2017-04-21,09:32:50,600,IH1704,CCFX,2332.6,2332.2,2335.4,114,79805940,3381,3492,2794,1862.8,2328.4,2332.6,0.0,2332.6,0.0,0,0,2017-04-21,34370600,2332.4,1,0,0,0,0,0,0,0,0,2333.2,2,0,0,0,0,0,0,0,0
189,2017-04-21,09:32:51,100,IH1704,CCFX,2332.6,2332.2,2335.4,114,79805940,3381,3492,2794,1862.8,2328.4,2332.6,0.0,2332.6,0.0,0,0,2017-04-21,34371100,2332.4,1,0,0,0,0,0,0,0,0,2332.6,1,0,0,0,0,0,0,0,0
190,2017-04-21,09:32:51,600,IH1704,CCFX,2332.4,2332.2,2335.4,116,81205440,3379,3492,2794,1862.8,2328.4,2332.6,0.0,2332.6,0.0,0,0,2017-04-21,34371600,2332.2,1,0,0,0,0,0,0,0,0,2333.2,2,0,0,0,0,0,0,0,0
191,2017-04-21,09:32:52,100,IH1704,CCFX,2332.4,2332.2,2335.4,116,81205440,3379,3492,2794,1862.8,2328.4,2332.6,0.0,2332.6,0.0,0,0,2017-04-21,34372100,2332.8,3,0,0,0,0,0,0,0,0,2333.2,2,0,0,0,0,0,0,0,0
192,2017-04-21,09:32:52,600,IH1704,CCFX,2332.8,2332.2,2335.4,117,81905280,3378,3492,2794,1862.8,2328.4,2332.6,0.0,2332.6,0.0,0,0,2017-04-21,34372600,2332.8,2,0,0,0,0,0,0,0,0,2333.2,2,0,0,0,0,0,0,0,0
193,2017-04-21,09:32:53,100,IH1704,CCFX,2332.8,2332.2,2335.4,118,82605120,3377,3492,2794,1862.8,2328.4,2332.6,0.0,2332.6,0.0,0,0,2017-04-21,34373100,2332.8,1,0,0,0,0,0,0,0,0,2333.2,2,0,0,0,0,0,0,0,0
194,2017-04-21,09:32:53,600,IH1704,CCFX,2332.8,2332.2,2335.4,119,83304960,3376,3492,2794,1862.8,2328.4,2332.6,0.0,2332.6,0.0,0,0,2017-04-21,34373600,2332.2,1,0,0,0,0,0,0,0,0,2332.8,2,0,0,0,0,0,0,0,0
195,2017-04-21,09:32:55,100,IH1704,CCFX,2332.8,2332.2,2335.4,119,83304960,3376,3492,2794,1862.8,2328.4,2332.6,0.0,2332.6,0.0,0,0,2017-04-21,34375100,2332.4,1,0,0,0,0,0,0,0,0,2332.8,2,0,0,0,0,0,0,0,0
196,2017-04-21,09:32:56,100,IH1704,CCFX,2332.8,2332.2,2335.4,119,83304960,3376,3492,2794,1862.8,2328.4,2332.6,0.0,2332.6,0.0,0,0,2017-04-21,34376100,2332.6,1,0,0,0,0,0,0,0,0,2332.8,2,0,0,0,0,0,0,0,0
197,2017-04-21,09:32:58,100,IH1704,CCFX,2332.6,2332.2,2335.4,120,84004740,3375,3492,2794,1862.8,2328.4,2332.6,0.0,2332.6,0.0,0,0,2017-04-21,34378100,2332.4,1,0,0,0,0,0,0,0,0,2332.8,2,0,0,0,0,0,0,0,0
198,2017-04-21,09:32:59,100,IH1704,CCFX,2332.6,2332.2,2335.4,120,84004740,3375,3492,2794,1862.8,2328.4,2332.6,0.0,2332.6,0.0,0,0,2017-04-21,34379100,2332.6,2,0,0,0,0,0,0,0,0,2332.8,2,0,0,0,0,0,0,0,0
199,2017-04-21,09:33:00,600,IH1704,CCFX,2332.6,2332.2,2335.4,120,84004740,3375,3492,2794,1862.8,2328.4,2332.6,0.0,2332.6,0.0,0,0,2017-04-21,34380600,2332.6,2,0,0,0,0,0,0,0,0,2332.8,3,0,0,0,0,0,0,0,0
200,2017-04-21,09:33:01,600,IH1704,CCFX,2332.6,2332.2,2335.4,121,84704520,3374,3492,2794,1862.8,2328.4,2332.6,0.0,2332.6,0.0,0,0,2017-04-21,34381600,2332.6,1,0,0,0,0,0,0,0,0,2332.8,3,0,0,0,0,0,0,0,0
201,2017-04-21,09:33:02,100,IH1704,CCFX,2332.6,2332.2,2335.4,122,85404300,3373,3492,2794,1862.8,2328.4,2332.6,0.0,2332.6,0.0,0,0,2017-04-21,34382100,2332.4,1,0,0,0,0,0,0,0,0,2332.8,3,0,0,0,0,0,0,0,0
202,2017-04-21,09:33:03,100,IH1704,CCFX,2332.8,2332.2,2335.4,125,87503820,3370,3492,2794,1862.8,2328.4,2332.6,0.0,2332.6,0.0,0,0,2017-04-21,34383100,2332.8,1,0,0,0,0,0,0,0,0,2333.2,2,0,0,0,0,0,0,0,0
203,2017-04-21,09:33:03,600,IH1704,CCFX,2332.8,2332.2,2335.4,126,88203660,3369,3492,2794,1862.8,2328.4,2332.6,0.0,2332.6,0.0,0,0,2017-04-21,34383600,2332.2,1,0,0,0,0,0,0,0,0,2333.2,2,0,0,0,0,0,0,0,0
204,2017-04-21,09:33:04,600,IH1704,CCFX,2332.8,2332.2,2335.4,126,88203660,3369,3492,2794,1862.8,2328.4,2332.6,0.0,2332.6,0.0,0,0,2017-04-21,34384600,2332.4,2,0,0,0,0,0,0,0,0,2333.2,2,0,0,0,0,0,0,0,0
205,2017-04-21,09:33:05,100,IH1704,CCFX,2332.8,2332.2,2335.4,126,88203660,3369,3492,2794,1862.8,2328.4,2332.6,0.0,2332.6,0.0,0,0,2017-04-21,34385100,2332.6,1,0,0,0,0,0,0,0,0,2333.0,1,0,0,0,0,0,0,0,0
206,2017-04-21,09:33:05,600,IH1704,CCFX,2332.6,2332.2,2335.4,127,88903440,3368,3492,2794,1862.8,2328.4,2332.6,0.0,2332.6,0.0,0,0,2017-04-21,34385600,2332.4,2,0,0,0,0,0,0,0,0,2333.0,1,0,0,0,0,0,0,0,0
207,2017-04-21,09:33:08,100,IH1704,CCFX,2332.6,2332.2,2335.4,127,88903440,3368,3492,2794,1862.8,2328.4,2332.6,0.0,2332.6,0.0,0,0,2017-04-21,34388100,2332.4,3,0,0,0,0,0,0,0,0,2333.0,1,0,0,0,0,0,0,0,0
208,2017-04-21,09:33:08,600,IH1704,CCFX,2332.6,2332.2,2335.4,127,88903440,3368,3492,2794,1862.8,2328.4,2332.6,0.0,2332.6,0.0,0,0,2017-04-21,34388600,2332.4,1,0,0,0,0,0,0,0,0,2333.0,1,0,0,0,0,0,0,0,0
209,2017-04-21,09:33:09,100,IH1704,CCFX,2332.6,2332.2,2335.4,127,88903440,3368,3492,2794,1862.8,2328.4,2332.6,0.0,2332.6,0.0,0,0,2017-04-21,34389100,2332.6,1,0,0,0,0,0,0,0,0,2333.0,1,0,0,0,0,0,0,0,0
210,2017-04-21,09:33:10,600,IH1704,CCFX,2332.6,2332.2,2335.4,127,88903440,3368,3492,2794,1862.8,2328.4,2332.6,0.0,2332.6,0.0,0,0,2017-04-21,34390600,2332.6,1,0,0,0,0,0,0,0,0,2333.0,2,0,0,0,0,0,0,0,0
211,2017-04-21,09:33:14,100,IH1704,CCFX,2332.6,2332.2,2335.4,127,88903440,3368,3492,2794,1862.8,2328.4,2332.6,0.0,2332.6,0.0,0,0,2017-04-21,34394100,2332.6,1,0,0,0,0,0,0,0,0,2333.0,3,0,0,0,0,0,0,0,0
212,2017-04-21,09:33:16,100,IH1704,CCFX,2332.6,2332.2,2335.4,127,88903440,3368,3492,2794,1862.8,2328.4,2332.6,0.0,2332.6,0.0,0,0,2017-04-21,34396100,2332.6,3,0,0,0,0,0,0,0,0,2333.0,3,0,0,0,0,0,0,0,0
213,2017-04-21,09:33:17,600,IH1704,CCFX,2332.6,2332.2,2335.4,127,88903440,3368,3492,2794,1862.8,2328.4,2332.6,0.0,2332.6,0.0,0,0,2017-04-21,34397600,2332.6,3,0,0,0,0,0,0,0,0,2332.8,1,0,0,0,0,0,0,0,0
214,2017-04-21,09:33:19,100,IH1704,CCFX,2332.6,2332.2,2335.4,127,88903440,3368,3492,2794,1862.8,2328.4,2332.6,0.0,2332.6,0.0,0,0,2017-04-21,34399100,2332.6,2,0,0,0,0,0,0,0,0,2332.8,1,0,0,0,0,0,0,0,0
215,2017-04-21,09:33:19,600,IH1704,CCFX,2332.8,2332.2,2335.4,128,89603280,3367,3492,2794,1862.8,2328.4,2332.6,0.0,2332.6,0.0,0,0,2017-04-21,34399600,2332.6,2,0,0,0,0,0,0,0,0,2333.0,3,0,0,0,0,0,0,0,0
216,2017-04-21,09:33:20,600,IH1704,CCFX,2332.8,2332.2,2335.4,128,89603280,3367,3492,2794,1862.8,2328.4,2332.6,0.0,2332.6,0.0,0,0,2017-04-21,34400600,2332.8,1,0,0,0,0,0,0,0,0,2333.0,3,0,0,0,0,0,0,0,0
217,2017-04-21,09:33:21,100,IH1704,CCFX,2332.8,2332.2,2335.4,129,90303120,3366,3492,2794,1862.8,2328.4,2332.6,0.0,2332.6,0.0,0,0,2017-04-21,34401100,2332.6,2,0,0,0,0,0,0,0,0,2333.0,3,0,0,0,0,0,0,0,0
218,2017-04-21,09:33:21,600,IH1704,CCFX,2332.6,2332.2,2335.4,130,91002900,3365,3492,2794,1862.8,2328.4,2332.6,0.0,2332.6,0.0,0,0,2017-04-21,34401600,2332.6,1,0,0,0,0,0,0,0,0,2333.0,3,0,0,0,0,0,0,0,0
219,2017-04-21,09:33:23,600,IH1704,CCFX,2332.6,2332.2,2335.4,131,91702680,3364,3492,2794,1862.8,2328.4,2332.6,0.0,2332.6,0.0,0,0,2017-04-21,34403600,2332.4,1,0,0,0,0,0,0,0,0,2333.0,3,0,0,0,0,0,0,0,0
220,2017-04-21,09:33:24,600,IH1704,CCFX,2332.6,2332.2,2335.4,131,91702680,3364,3492,2794,1862.8,2328.4,2332.6,0.0,2332.6,0.0,0,0,2017-04-21,34404600,2332.6,1,0,0,0,0,0,0,0,0,2333.0,3,0,0,0,0,0,0,0,0
221,2017-04-21,09:33:26,100,IH1704,CCFX,2332.6,2332.2,2335.4,131,91702680,3364,3492,2794,1862.8,2328.4,2332.6,0.0,2332.6,0.0,0,0,2017-04-21,34406100,2332.6,1,0,0,0,0,0,0,0,0,2333.0,3,0,0,0,0,0,0,0,0
222,2017-04-21,09:33:27,100,IH1704,CCFX,2332.6,2332.2,2335.4,131,91702680,3364,3492,2794,1862.8,2328.4,2332.6,0.0,2332.6,0.0,0,0,2017-04-21,34407100,2332.6,1,0,0,0,0,0,0,0,0,2333.0,4,0,0,0,0,0,0,0,0
223,2017-04-21,09:33:27,600,IH1704,CCFX,2332.6,2332.2,2335.4,131,91702680,3364,3492,2794,1862.8,2328.4,2332.6,0.0,2332.6,0.0,0,0,2017-04-21,34407600,2332.6,1,0,0,0,0,0,0,0,0,2332.8,1,0,0,0,0,0,0,0,0
224,2017-04-21,09:33:28,100,IH1704,CCFX,2332.8,2332.2,2335.4,132,92402520,3363,3492,2794,1862.8,2328.4,2332.6,0.0,2332.6,0.0,0,0,2017-04-21,34408100,2332.6,1,0,0,0,0,0,0,0,0,2333.0,4,0,0,0,0,0,0,0,0
225,2017-04-21,09:33:30,600,IH1704,CCFX,2332.8,2332.2,2335.4,132,92402520,3363,3492,2794,1862.8,2328.4,2332.6,0.0,2332.6,0.0,0,0,2017-04-21,34410600,2332.8,1,0,0,0,0,0,0,0,0,2333.0,4,0,0,0,0,0,0,0,0
226,2017-04-21,09:33:34,100,IH1704,CCFX,2332.8,2332.2,2335.4,132,92402520,3363,3492,2794,1862.8,2328.4,2332.6,0.0,2332.6,0.0,0,0,2017-04-21,34414100,2332.8,1,0,0,0,0,0,0,0,0,2333.0,4,0,0,0,0,0,0,0,0
227,2017-04-21,09:33:36,600,IH1704,CCFX,2332.8,2332.2,2335.4,133,93102360,3362,3492,2794,1862.8,2328.4,2332.6,0.0,2332.6,0.0,0,0,2017-04-21,34416600,2332.6,1,0,0,0,0,0,0,0,0,2332.8,1,0,0,0,0,0,0,0,0
228,2017-04-21,09:33:37,100,IH1704,CCFX,2332.8,2332.2,2335.4,134,93802200,3361,3492,2794,1862.8,2328.4,2332.6,0.0,2332.6,0.0,0,0,2017-04-21,34417100,2332.8,1,0,0,0,0,0,0,0,0,2333.0,4,0,0,0,0,0,0,0,0
229,2017-04-21,09:33:39,100,IH1704,CCFX,2332.8,2332.2,2335.4,135,94502040,3360,3492,2794,1862.8,2328.4,2332.6,0.0,2332.6,0.0,0,0,2017-04-21,34419100,2332.6,1,0,0,0,0,0,0,0,0,2333.0,4,0,0,0,0,0,0,0,0
230,2017-04-21,09:33:39,600,IH1704,CCFX,2333.0,2332.2,2335.4,136,95201940,3359,3492,2794,1862.8,2328.4,2332.6,0.0,2332.6,0.0,0,0,2017-04-21,34419600,2332.8,1,0,0,0,0,0,0,0,0,2333.0,3,0,0,0,0,0,0,0,0
231,2017-04-21,09:33:40,100,IH1704,CCFX,2332.8,2332.2,2335.4,138,96601680,3357,3492,2794,1862.8,2328.4,2332.6,0.0,2332.6,0.0,0,0,2017-04-21,34420100,2332.6,1,0,0,0,0,0,0,0,0,2333.0,2,0,0,0,0,0,0,0,0
232,2017-04-21,09:33:40,600,IH1704,CCFX,2333.0,2332.2,2335.4,140,98001480,3355,3492,2794,1862.8,2328.4,2332.6,0.0,2332.6,0.0,0,0,2017-04-21,34420600,2332.6,1,0,0,0,0,0,0,0,0,2333.2,2,0,0,0,0,0,0,0,0
233,2017-04-21,09:33:41,100,IH1704,CCFX,2333.0,2332.2,2335.4,140,98001480,3355,3492,2794,1862.8,2328.4,2332.6,0.0,2332.6,0.0,0,0,2017-04-21,34421100,2332.8,3,0,0,0,0,0,0,0,0,2333.2,2,0,0,0,0,0,0,0,0
234,2017-04-21,09:33:41,600,IH1704,CCFX,2333.2,2332.2,2335.4,141,98701440,3354,3492,2794,1862.8,2328.4,2332.6,0.0,2332.6,0.0,0,0,2017-04-21,34421600,2332.8,1,0,0,0,0,0,0,0,0,2333.2,1,0,0,0,0,0,0,0,0
235,2017-04-21,09:33:42,100,IH1704,CCFX,2333.2,2332.2,2335.4,142,99401400,3353,3492,2794,1862.8,2328.4,2332.6,0.0,2332.6,0.0,0,0,2017-04-21,34422100,2332.8,1,0,0,0,0,0,0,0,0,2333.0,2,0,0,0,0,0,0,0,0
236,2017-04-21,09:33:42,600,IH1704,CCFX,2333.0,2332.2,2335.4,144,100801200,3351,3492,2794,1862.8,2328.4,2332.6,0.0,2332.6,0.0,0,0,2017-04-21,34422600,2333.0,3,0,0,0,0,0,0,0,0,2333.4,2,0,0,0,0,0,0,0,0
237,2017-04-21,09:33:43,100,IH1704,CCFX,2333.0,2332.2,2335.4,144,100801200,3351,3492,2794,1862.8,2328.4,2332.6,0.0,2332.6,0.0,0,0,2017-04-21,34423100,2333.0,4,0,0,0,0,0,0,0,0,2333.4,2,0,0,0,0,0,0,0,0
238,2017-04-21,09:33:43,600,IH1704,CCFX,2333.4,2332.2,2335.4,145,101501220,3350,3492,2794,1862.8,2328.4,2332.6,0.0,2332.6,0.0,0,0,2017-04-21,34423600,2333.0,4,0,0,0,0,0,0,0,0,2333.2,1,0,0,0,0,0,0,0,0
239,2017-04-21,09:33:44,100,IH1704,CCFX,2333.2,2332.2,2335.4,146,102201180,3349,3492,2794,1862.8,2328.4,2332.6,0.0,2332.6,0.0,0,0,2017-04-21,34424100,2333.2,3,0,0,0,0,0,0,0,0,2333.4,1,0,0,0,0,0,0,0,0
240,2017-04-21,09:33:45,100,IH1704,CCFX,2333.2,2332.2,2335.4,146,102201180,3349,3492,2794,1862.8,2328.4,2332.6,0.0,2332.6,0.0,0,0,2017-04-21,34425100,2333.0,4,0,0,0,0,0,0,0,0,2333.4,1,0,0,0,0,0,0,0,0
241,2017-04-21,09:33:45,600,IH1704,CCFX,2333.4,2332.2,2335.4,147,102901200,3348,3492,2794,1862.8,2328.4,2332.6,0.0,2332.6,0.0,0,0,2017-04-21,34425600,2333.4,3,0,0,0,0,0,0,0,0,2333.6,1,0,0,0,0,0,0,0,0
242,2017-04-21,09:33:46,100,IH1704,CCFX,2333.6,2332.2,2335.4,148,103601280,3347,3492,2794,1862.8,2328.4,2332.6,0.0,2332.6,0.0,0,0,2017-04-21,34426100,2333.4,3,0,0,0,0,0,0,0,0,2333.8,2,0,0,0,0,0,0,0,0
243,2017-04-21,09:33:46,600,IH1704,CCFX,2333.6,2332.2,2335.4,148,103601280,3347,3492,2794,1862.8,2328.4,2332.6,0.0,2332.6,0.0,0,0,2017-04-21,34426600,2333.4,3,0,0,0,0,0,0,0,0,2333.8,2,0,0,0,0,0,0,0,0
244,2017-04-21,09:33:47,100,IH1704,CCFX,2333.6,2332.2,2335.4,148,103601280,3347,3492,2794,1862.8,2328.4,2332.6,0.0,2332.6,0.0,0,0,2017-04-21,34427100,2333.4,1,0,0,0,0,0,0,0,0,2333.8,1,0,0,0,0,0,0,0,0
245,2017-04-21,09:33:47,600,IH1704,CCFX,2333.8,2332.2,2335.4,149,104301420,3346,3492,2794,1862.8,2328.4,2332.6,0.0,2332.6,0.0,0,0,2017-04-21,34427600,2333.8,4,0,0,0,0,0,0,0,0,2334.0,1,0,0,0,0,0,0,0,0
246,2017-04-21,09:33:49,100,IH1704,CCFX,2334.0,2332.2,2335.4,150,105001620,3345,3492,2794,1862.8,2328.4,2332.6,0.0,2332.6,0.0,0,0,2017-04-21,34429100,2333.8,2,0,0,0,0,0,0,0,0,2334.2,1,0,0,0,0,0,0,0,0
247,2017-04-21,09:33:49,600,IH1704,CCFX,2334.2,2332.2,2335.4,151,105701880,3344,3492,2794,1862.8,2328.4,2332.6,0.0,2332.6,0.0,0,0,2017-04-21,34429600,2334.2,1,0,0,0,0,0,0,0,0,2334.4,4,0,0,0,0,0,0,0,0
248,2017-04-21,09:33:50,100,IH1704,CCFX,2333.8,2332.2,2335.4,153,107102280,3342,3492,2794,1862.8,2328.4,2332.6,0.0,2332.6,0.0,0,0,2017-04-21,34430100,2333.8,1,0,0,0,0,0,0,0,0,2334.4,4,0,0,0,0,0,0,0,0
249,2017-04-21,09:33:50,600,IH1704,CCFX,2333.8,2332.2,2335.4,153,107102280,3342,3492,2794,1862.8,2328.4,2332.6,0.0,2332.6,0.0,0,0,2017-04-21,34430600,2334.0,1,0,0,0,0,0,0,0,0,2334.4,4,0,0,0,0,0,0,0,0
250,2017-04-21,09:33:51,100,IH1704,CCFX,2334.0,2332.2,2335.4,154,107802480,3341,3492,2794,1862.8,2328.4,2332.6,0.0,2332.6,0.0,0,0,2017-04-21,34431100,2333.8,1,0,0,0,0,0,0,0,0,2334.4,4,0,0,0,0,0,0,0,0
251,2017-04-21,09:33:52,100,IH1704,CCFX,2333.8,2332.2,2335.4,155,108502620,3340,3492,2794,1862.8,2328.4,2332.6,0.0,2332.6,0.0,0,0,2017-04-21,34432100,2333.4,1,0,0,0,0,0,0,0,0,2334.2,1,0,0,0,0,0,0,0,0
252,2017-04-21,09:33:52,600,IH1704,CCFX,2334.2,2332.2,2335.4,156,109202880,3339,3492,2794,1862.8,2328.4,2332.6,0.0,2332.6,0.0,0,0,2017-04-21,34432600,2333.4,1,0,0,0,0,0,0,0,0,2334.4,4,0,0,0,0,0,0,0,0
253,2017-04-21,09:33:53,100,IH1704,CCFX,2334.2,2332.2,2335.4,156,109202880,3339,3492,2794,1862.8,2328.4,2332.6,0.0,2332.6,0.0,0,0,2017-04-21,34433100,2334.0,1,0,0,0,0,0,0,0,0,2334.4,4,0,0,0,0,0,0,0,0
254,2017-04-21,09:33:53,600,IH1704,CCFX,2334.2,2332.2,2335.4,156,109202880,3339,3492,2794,1862.8,2328.4,2332.6,0.0,2332.6,0.0,0,0,2017-04-21,34433600,2334.0,1,0,0,0,0,0,0,0,0,2334.4,4,0,0,0,0,0,0,0,0
255,2017-04-21,09:33:56,100,IH1704,CCFX,2334.2,2332.2,2335.4,156,109202880,3339,3492,2794,1862.8,2328.4,2332.6,0.0,2332.6,0.0,0,0,2017-04-21,34436100,2334.0,1,0,0,0,0,0,0,0,0,2334.4,2,0,0,0,0,0,0,0,0
256,2017-04-21,09:33:57,100,IH1704,CCFX,2334.0,2332.2,2335.4,157,109903080,3339,3492,2794,1862.8,2328.4,2332.6,0.0,2332.6,0.0,0,0,2017-04-21,34437100,2333.4,1,0,0,0,0,0,0,0,0,2334.4,2,0,0,0,0,0,0,0,0
257,2017-04-21,09:33:57,600,IH1704,CCFX,2333.4,2332.2,2335.4,158,110603100,3338,3492,2794,1862.8,2328.4,2332.6,0.0,2332.6,0.0,0,0,2017-04-21,34437600,2332.4,1,0,0,0,0,0,0,0,0,2334.4,2,0,0,0,0,0,0,0,0
258,2017-04-21,09:33:58,100,IH1704,CCFX,2333.4,2332.2,2335.4,158,110603100,3338,3492,2794,1862.8,2328.4,2332.6,0.0,2332.6,0.0,0,0,2017-04-21,34438100,2332.8,1,0,0,0,0,0,0,0,0,2334.0,1,0,0,0,0,0,0,0,0
259,2017-04-21,09:33:59,100,IH1704,CCFX,2333.4,2332.2,2335.4,158,110603100,3338,3492,2794,1862.8,2328.4,2332.6,0.0,2332.6,0.0,0,0,2017-04-21,34439100,2333.0,1,0,0,0,0,0,0,0,0,2334.0,1,0,0,0,0,0,0,0,0
260,2017-04-21,09:34:01,100,IH1704,CCFX,2333.4,2332.2,2335.4,158,110603100,3338,3492,2794,1862.8,2328.4,2332.6,0.0,2332.6,0.0,0,0,2017-04-21,34441100,2333.0,1,0,0,0,0,0,0,0,0,2333.8,1,0,0,0,0,0,0,0,0
261,2017-04-21,09:34:03,100,IH1704,CCFX,2333.4,2332.2,2335.4,158,110603100,3338,3492,2794,1862.8,2328.4,2332.6,0.0,2332.6,0.0,0,0,2017-04-21,34443100,2333.0,1,0,0,0,0,0,0,0,0,2333.6,1,0,0,0,0,0,0,0,0
262,2017-04-21,09:34:03,600,IH1704,CCFX,2333.4,2332.2,2335.4,158,110603100,3338,3492,2794,1862.8,2328.4,2332.6,0.0,2332.6,0.0,0,0,2017-04-21,34443600,2333.0,1,0,0,0,0,0,0,0,0,2333.6,1,0,0,0,0,0,0,0,0
263,2017-04-21,09:34:05,600,IH1704,CCFX,2333.4,2332.2,2335.4,158,110603100,3338,3492,2794,1862.8,2328.4,2332.6,0.0,2332.6,0.0,0,0,2017-04-21,34445600,2333.2,2,0,0,0,0,0,0,0,0,2333.6,1,0,0,0,0,0,0,0,0
264,2017-04-21,09:34:06,100,IH1704,CCFX,2333.4,2332.2,2335.4,158,110603100,3338,3492,2794,1862.8,2328.4,2332.6,0.0,2332.6,0.0,0,0,2017-04-21,34446100,2333.2,2,0,0,0,0,0,0,0,0,2333.6,1,0,0,0,0,0,0,0,0
265,2017-04-21,09:34:07,100,IH1704,CCFX,2333.6,2332.2,2335.4,159,111303180,3337,3492,2794,1862.8,2328.4,2332.6,0.0,2332.6,0.0,0,0,2017-04-21,34447100,2333.2,2,0,0,0,0,0,0,0,0,2333.8,1,0,0,0,0,0,0,0,0
266,2017-04-21,09:34:08,100,IH1704,CCFX,2333.6,2332.2,2335.4,159,111303180,3337,3492,2794,1862.8,2328.4,2332.6,0.0,2332.6,0.0,0,0,2017-04-21,34448100,2333.6,1,0,0,0,0,0,0,0,0,2333.8,1,0,0,0,0,0,0,0,0
267,2017-04-21,09:34:08,600,IH1704,CCFX,2333.6,2332.2,2335.4,160,112003260,3336,3492,2794,1862.8,2328.4,2332.6,0.0,2332.6,0.0,0,0,2017-04-21,34448600,2333.2,2,0,0,0,0,0,0,0,0,2333.8,1,0,0,0,0,0,0,0,0
268,2017-04-21,09:34:09,100,IH1704,CCFX,2333.6,2332.2,2335.4,160,112003260,3336,3492,2794,1862.8,2328.4,2332.6,0.0,2332.6,0.0,0,0,2017-04-21,34449100,2332.6,1,0,0,0,0,0,0,0,0,2334.4,2,0,0,0,0,0,0,0,0
269,2017-04-21,09:34:09,600,IH1704,CCFX,2333.6,2332.2,2335.4,160,112003260,3336,3492,2794,1862.8,2328.4,2332.6,0.0,2332.6,0.0,0,0,2017-04-21,34449600,2332.6,1,0,0,0,0,0,0,0,0,2334.2,1,0,0,0,0,0,0,0,0
270,2017-04-21,09:34:10,600,IH1704,CCFX,2333.6,2332.2,2335.4,160,112003260,3336,3492,2794,1862.8,2328.4,2332.6,0.0,2332.6,0.0,0,0,2017-04-21,34450600,2332.8,2,0,0,0,0,0,0,0,0,2334.0,1,0,0,0,0,0,0,0,0
271,2017-04-21,09:34:11,100,IH1704,CCFX,2333.6,2332.2,2335.4,160,112003260,3336,3492,2794,1862.8,2328.4,2332.6,0.0,2332.6,0.0,0,0,2017-04-21,34451100,2332.8,2,0,0,0,0,0,0,0,0,2333.8,1,0,0,0,0,0,0,0,0
272,2017-04-21,09:34:13,600,IH1704,CCFX,2333.6,2332.2,2335.4,160,112003260,3336,3492,2794,1862.8,2328.4,2332.6,0.0,2332.6,0.0,0,0,2017-04-21,34453600,2332.8,2,0,0,0,0,0,0,0,0,2333.8,1,0,0,0,0,0,0,0,0
273,2017-04-21,09:34:14,600,IH1704,CCFX,2333.8,2332.2,2335.4,161,112703400,3335,3492,2794,1862.8,2328.4,2332.6,0.0,2332.6,0.0,0,0,2017-04-21,34454600,2332.8,2,0,0,0,0,0,0,0,0,2334.0,1,0,0,0,0,0,0,0,0
274,2017-04-21,09:34:16,100,IH1704,CCFX,2333.8,2332.2,2335.4,161,112703400,3335,3492,2794,1862.8,2328.4,2332.6,0.0,2332.6,0.0,0,0,2017-04-21,34456100,2332.8,2,0,0,0,0,0,0,0,0,2333.8,1,0,0,0,0,0,0,0,0
275,2017-04-21,09:34:17,600,IH1704,CCFX,2333.8,2332.2,2335.4,161,112703400,3335,3492,2794,1862.8,2328.4,2332.6,0.0,2332.6,0.0,0,0,2017-04-21,34457600,2332.8,2,0,0,0,0,0,0,0,0,2333.8,1,0,0,0,0,0,0,0,0
276,2017-04-21,09:34:21,600,IH1704,CCFX,2332.8,2332.2,2335.4,162,113403240,3334,3492,2794,1862.8,2328.4,2332.6,0.0,2332.6,0.0,0,0,2017-04-21,34461600,2332.8,1,0,0,0,0,0,0,0,0,2333.8,1,0,0,0,0,0,0,0,0
277,2017-04-21,09:34:22,600,IH1704,CCFX,2332.8,2332.2,2335.4,162,113403240,3334,3492,2794,1862.8,2328.4,2332.6,0.0,2332.6,0.0,0,0,2017-04-21,34462600,2332.8,1,0,0,0,0,0,0,0,0,2333.6,1,0,0,0,0,0,0,0,0
278,2017-04-21,09:34:25,600,IH1704,CCFX,2332.8,2332.2,2335.4,162,113403240,3334,3492,2794,1862.8,2328.4,2332.6,0.0,2332.6,0.0,0,0,2017-04-21,34465600,2332.8,1,0,0,0,0,0,0,0,0,2333.4,2,0,0,0,0,0,0,0,0
279,2017-04-21,09:34:26,100,IH1704,CCFX,2333.4,2332.2,2335.4,163,114103260,3333,3492,2794,1862.8,2328.4,2332.6,0.0,2332.6,0.0,0,0,2017-04-21,34466100,2332.8,1,0,0,0,0,0,0,0,0,2333.4,2,0,0,0,0,0,0,0,0
280,2017-04-21,09:34:26,600,IH1704,CCFX,2333.4,2332.2,2335.4,164,114803280,3332,3492,2794,1862.8,2328.4,2332.6,0.0,2332.6,0.0,0,0,2017-04-21,34466600,2332.8,1,0,0,0,0,0,0,0,0,2333.4,1,0,0,0,0,0,0,0,0
281,2017-04-21,09:34:27,100,IH1704,CCFX,2333.4,2332.2,2335.4,164,114803280,3332,3492,2794,1862.8,2328.4,2332.6,0.0,2332.6,0.0,0,0,2017-04-21,34467100,2332.8,2,0,0,0,0,0,0,0,0,2333.4,1,0,0,0,0,0,0,0,0
282,2017-04-21,09:34:27,600,IH1704,CCFX,2333.4,2332.2,2335.4,164,114803280,3332,3492,2794,1862.8,2328.4,2332.6,0.0,2332.6,0.0,0,0,2017-04-21,34467600,2333.0,2,0,0,0,0,0,0,0,0,2333.4,1,0,0,0,0,0,0,0,0
283,2017-04-21,09:34:28,100,IH1704,CCFX,2333.4,2332.2,2335.4,164,114803280,3332,3492,2794,1862.8,2328.4,2332.6,0.0,2332.6,0.0,0,0,2017-04-21,34468100,2333.2,1,0,0,0,0,0,0,0,0,2333.4,1,0,0,0,0,0,0,0,0
284,2017-04-21,09:34:29,100,IH1704,CCFX,2333.4,2332.2,2335.4,164,114803280,3332,3492,2794,1862.8,2328.4,2332.6,0.0,2332.6,0.0,0,0,2017-04-21,34469100,2333.2,2,0,0,0,0,0,0,0,0,2333.4,1,0,0,0,0,0,0,0,0
285,2017-04-21,09:34:30,600,IH1704,CCFX,2333.4,2332.2,2335.4,165,115503300,3331,3492,2794,1862.8,2328.4,2332.6,0.0,2332.6,0.0,0,0,2017-04-21,34470600,2333.2,2,0,0,0,0,0,0,0,0,2333.6,1,0,0,0,0,0,0,0,0
286,2017-04-21,09:34:34,100,IH1704,CCFX,2333.6,2332.2,2335.4,166,116203380,3330,3492,2794,1862.8,2328.4,2332.6,0.0,2332.6,0.0,0,0,2017-04-21,34474100,2333.2,2,0,0,0,0,0,0,0,0,2333.8,2,0,0,0,0,0,0,0,0
287,2017-04-21,09:34:34,600,IH1704,CCFX,2333.6,2332.2,2335.4,166,116203380,3330,3492,2794,1862.8,2328.4,2332.6,0.0,2332.6,0.0,0,0,2017-04-21,34474600,2333.2,2,0,0,0,0,0,0,0,0,2333.8,2,0,0,0,0,0,0,0,0
288,2017-04-21,09:34:35,100,IH1704,CCFX,2333.6,2332.2,2335.4,166,116203380,3330,3492,2794,1862.8,2328.4,2332.6,0.0,2332.6,0.0,0,0,2017-04-21,34475100,2333.6,1,0,0,0,0,0,0,0,0,2333.8,1,0,0,0,0,0,0,0,0
289,2017-04-21,09:34:35,600,IH1704,CCFX,2333.6,2332.2,2335.4,169,118303740,3327,3492,2794,1862.8,2328.4,2332.6,0.0,2332.6,0.0,0,0,2017-04-21,34475600,2333.8,2,0,0,0,0,0,0,0,0,2334.2,1,0,0,0,0,0,0,0,0
290,2017-04-21,09:34:36,100,IH1704,CCFX,2334.2,2332.2,2335.4,170,119004000,3326,3492,2794,1862.8,2328.4,2332.6,0.0,2332.6,0.0,0,0,2017-04-21,34476100,2334.2,2,0,0,0,0,0,0,0,0,2334.4,2,0,0,0,0,0,0,0,0
291,2017-04-21,09:34:36,600,IH1704,CCFX,2334.2,2332.2,2335.4,170,119004000,3326,3492,2794,1862.8,2328.4,2332.6,0.0,2332.6,0.0,0,0,2017-04-21,34476600,2334.2,2,0,0,0,0,0,0,0,0,2334.4,2,0,0,0,0,0,0,0,0
292,2017-04-21,09:34:37,100,IH1704,CCFX,2334.2,2332.2,2335.4,172,120404520,3324,3492,2794,1862.8,2328.4,2332.6,0.0,2332.6,0.0,0,0,2017-04-21,34477100,2333.8,2,0,0,0,0,0,0,0,0,2334.4,2,0,0,0,0,0,0,0,0
293,2017-04-21,09:34:37,600,IH1704,CCFX,2334.0,2332.2,2335.4,173,121104720,3323,3492,2794,1862.8,2328.4,2332.6,0.0,2332.6,0.0,0,0,2017-04-21,34477600,2333.8,2,0,0,0,0,0,0,0,0,2334.4,2,0,0,0,0,0,0,0,0
294,2017-04-21,09:34:38,100,IH1704,CCFX,2334.0,2332.2,2335.4,173,121104720,3323,3492,2794,1862.8,2328.4,2332.6,0.0,2332.6,0.0,0,0,2017-04-21,34478100,2333.6,1,0,0,0,0,0,0,0,0,2334.4,2,0,0,0,0,0,0,0,0
295,2017-04-21,09:34:38,600,IH1704,CCFX,2334.0,2332.2,2335.4,173,121104720,3323,3492,2794,1862.8,2328.4,2332.6,0.0,2332.6,0.0,0,0,2017-04-21,34478600,2333.6,1,0,0,0,0,0,0,0,0,2334.2,1,0,0,0,0,0,0,0,0
296,2017-04-21,09:34:42,100,IH1704,CCFX,2333.6,2332.2,2335.4,174,121804800,3322,3492,2794,1862.8,2328.4,2332.6,0.0,2332.6,0.0,0,0,2017-04-21,34482100,2333.4,1,0,0,0,0,0,0,0,0,2334.2,1,0,0,0,0,0,0,0,0
297,2017-04-21,09:34:42,600,IH1704,CCFX,2333.6,2332.2,2335.4,174,121804800,3322,3492,2794,1862.8,2328.4,2332.6,0.0,2332.6,0.0,0,0,2017-04-21,34482600,2333.8,1,0,0,0,0,0,0,0,0,2334.2,1,0,0,0,0,0,0,0,0
298,2017-04-21,09:34:43,100,IH1704,CCFX,2333.6,2332.2,2335.4,174,121804800,3322,3492,2794,1862.8,2328.4,2332.6,0.0,2332.6,0.0,0,0,2017-04-21,34483100,2333.8,1,0,0,0,0,0,0,0,0,2334.2,1,0,0,0,0,0,0,0,0
299,2017-04-21,09:34:44,600,IH1704,CCFX,2333.6,2332.2,2335.4,174,121804800,3322,3492,2794,1862.8,2328.4,2332.6,0.0,2332.6,0.0,0,0,2017-04-21,34484600,2333.8,1,0,0,0,0,0,0,0,0,2334.2,2,0,0,0,0,0,0,0,0
300,2017-04-21,09:34:45,100,IH1704,CCFX,2333.6,2332.2,2335.4,174,121804800,3322,3492,2794,1862.8,2328.4,2332.6,0.0,2332.6,0.0,0,0,2017-04-21,34485100,2333.8,1,0,0,0,0,0,0,0,0,2334.2,2,0,0,0,0,0,0,0,0
301,2017-04-21,09:34:46,100,IH1704,CCFX,2333.6,2332.2,2335.4,174,121804800,3322,3492,2794,1862.8,2328.4,2332.6,0.0,2332.6,0.0,0,0,2017-04-21,34486100,2333.8,1,0,0,0,0,0,0,0,0,2334.2,2,0,0,0,0,0,0,0,0
302,2017-04-21,09:34:49,100,IH1704,CCFX,2333.6,2332.2,2335.4,174,121804800,3322,3492,2794,1862.8,2328.4,2332.6,0.0,2332.6,0.0,0,0,2017-04-21,34489100,2333.8,1,0,0,0,0,0,0,0,0,2334.2,2,0,0,0,0,0,0,0,0
303,2017-04-21,09:34:49,600,IH1704,CCFX,2333.6,2332.2,2335.4,174,121804800,3322,3492,2794,1862.8,2328.4,2332.6,0.0,2332.6,0.0,0,0,2017-04-21,34489600,2333.8,1,0,0,0,0,0,0,0,0,2334.2,2,0,0,0,0,0,0,0,0
304,2017-04-21,09:34:51,600,IH1704,CCFX,2333.6,2332.2,2335.4,174,121804800,3322,3492,2794,1862.8,2328.4,2332.6,0.0,2332.6,0.0,0,0,2017-04-21,34491600,2333.8,1,0,0,0,0,0,0,0,0,2334.0,2,0,0,0,0,0,0,0,0
305,2017-04-21,09:34:52,100,IH1704,CCFX,2333.8,2332.2,2335.4,175,122504940,3321,3492,2794,1862.8,2328.4,2332.6,0.0,2332.6,0.0,0,0,2017-04-21,34492100,2333.6,3,0,0,0,0,0,0,0,0,2334.0,2,0,0,0,0,0,0,0,0
306,2017-04-21,09:34:52,600,IH1704,CCFX,2333.8,2332.2,2335.4,175,122504940,3321,3492,2794,1862.8,2328.4,2332.6,0.0,2332.6,0.0,0,0,2017-04-21,34492600,2333.6,3,0,0,0,0,0,0,0,0,2334.0,2,0,0,0,0,0,0,0,0
307,2017-04-21,09:34:53,100,IH1704,CCFX,2334.0,2332.2,2335.4,177,123905340,3319,3492,2794,1862.8,2328.4,2332.6,0.0,2332.6,0.0,0,0,2017-04-21,34493100,2333.6,3,0,0,0,0,0,0,0,0,2334.2,2,0,0,0,0,0,0,0,0
308,2017-04-21,09:34:53,600,IH1704,CCFX,2334.2,2332.2,2335.4,178,124605600,3318,3492,2794,1862.8,2328.4,2332.6,0.0,2332.6,0.0,0,0,2017-04-21,34493600,2333.6,3,0,0,0,0,0,0,0,0,2334.2,1,0,0,0,0,0,0,0,0
309,2017-04-21,09:34:54,100,IH1704,CCFX,2334.2,2332.2,2335.4,179,125305860,3317,3492,2794,1862.8,2328.4,2332.6,0.0,2332.6,0.0,0,0,2017-04-21,34494100,2334.2,1,0,0,0,0,0,0,0,0,2334.4,2,0,0,0,0,0,0,0,0
310,2017-04-21,09:34:54,600,IH1704,CCFX,2334.2,2332.2,2335.4,182,127406700,3314,3492,2794,1862.8,2328.4,2332.6,0.0,2332.6,0.0,0,0,2017-04-21,34494600,2334.0,2,0,0,0,0,0,0,0,0,2334.4,1,0,0,0,0,0,0,0,0
311,2017-04-21,09:34:55,100,IH1704,CCFX,2334.4,2332.2,2335.4,183,128107020,3313,3492,2794,1862.8,2328.4,2332.6,0.0,2332.6,0.0,0,0,2017-04-21,34495100,2334.0,2,0,0,0,0,0,0,0,0,2334.6,1,0,0,0,0,0,0,0,0
312,2017-04-21,09:34:57,100,IH1704,CCFX,2334.4,2332.2,2335.4,183,128107020,3313,3492,2794,1862.8,2328.4,2332.6,0.0,2332.6,0.0,0,0,2017-04-21,34497100,2334.0,2,0,0,0,0,0,0,0,0,2334.6,1,0,0,0,0,0,0,0,0
313,2017-04-21,09:34:59,600,IH1704,CCFX,2334.0,2332.2,2335.4,184,128807220,3312,3492,2794,1862.8,2328.4,2332.6,0.0,2332.6,0.0,0,0,2017-04-21,34499600,2334.0,1,0,0,0,0,0,0,0,0,2334.6,1,0,0,0,0,0,0,0,0
314,2017-04-21,09:35:04,600,IH1704,CCFX,2334.0,2332.2,2335.4,184,128807220,3312,3492,2794,1862.8,2328.4,2332.6,0.0,2332.6,0.0,0,0,2017-04-21,34504600,2334.2,2,0,0,0,0,0,0,0,0,2334.6,1,0,0,0,0,0,0,0,0
315,2017-04-21,09:35:05,100,IH1704,CCFX,2334.6,2332.2,2335.4,185,129507600,3311,3492,2794,1862.8,2328.4,2332.6,0.0,2332.6,0.0,0,0,2017-04-21,34505100,2334.6,2,0,0,0,0,0,0,0,0,2335.8,2,0,0,0,0,0,0,0,0
316,2017-04-21,09:35:05,600,IH1704,CCFX,2334.6,2332.2,2335.4,187,130908360,3309,3492,2794,1862.8,2328.4,2332.6,0.0,2332.6,0.0,0,0,2017-04-21,34505600,2334.2,2,0,0,0,0,0,0,0,0,2335.8,2,0,0,0,0,0,0,0,0
317,2017-04-21,09:35:06,100,IH1704,CCFX,2334.6,2332.2,2335.4,187,130908360,3309,3492,2794,1862.8,2328.4,2332.6,0.0,2332.6,0.0,0,0,2017-04-21,34506100,2334.4,2,0,0,0,0,0,0,0,0,2334.6,1,0,0,0,0,0,0,0,0
318,2017-04-21,09:35:06,600,IH1704,CCFX,2334.4,2332.2,2335.4,190,133009380,3306,3492,2794,1862.8,2328.4,2332.6,0.0,2332.6,0.0,0,0,2017-04-21,34506600,2334.2,3,0,0,0,0,0,0,0,0,2335.8,2,0,0,0,0,0,0,0,0
319,2017-04-21,09:35:07,100,IH1704,CCFX,2334.4,2332.2,2335.4,190,133009380,3306,3492,2794,1862.8,2328.4,2332.6,0.0,2332.6,0.0,0,0,2017-04-21,34507100,2334.2,4,0,0,0,0,0,0,0,0,2335.6,2,0,0,0,0,0,0,0,0
320,2017-04-21,09:35:07,600,IH1704,CCFX,2334.4,2332.2,2335.4,190,133009380,3306,3492,2794,1862.8,2328.4,2332.6,0.0,2332.6,0.0,0,0,2017-04-21,34507600,2334.2,4,0,0,0,0,0,0,0,0,2335.6,2,0,0,0,0,0,0,0,0
321,2017-04-21,09:35:08,600,IH1704,CCFX,2334.4,2332.2,2335.4,190,133009380,3306,3492,2794,1862.8,2328.4,2332.6,0.0,2332.6,0.0,0,0,2017-04-21,34508600,2334.4,1,0,0,0,0,0,0,0,0,2335.6,2,0,0,0,0,0,0,0,0
322,2017-04-21,09:35:09,100,IH1704,CCFX,2334.4,2332.2,2335.4,191,133709700,3305,3492,2794,1862.8,2328.4,2332.6,0.0,2332.6,0.0,0,0,2017-04-21,34509100,2334.2,4,0,0,0,0,0,0,0,0,2335.6,2,0,0,0,0,0,0,0,0
323,2017-04-21,09:35:09,600,IH1704,CCFX,2334.4,2332.2,2335.4,191,133709700,3305,3492,2794,1862.8,2328.4,2332.6,0.0,2332.6,0.0,0,0,2017-04-21,34509600,2334.2,4,0,0,0,0,0,0,0,0,2335.4,1,0,0,0,0,0,0,0,0
324,2017-04-21,09:35:10,100,IH1704,CCFX,2334.4,2332.2,2335.4,191,133709700,3305,3492,2794,1862.8,2328.4,2332.6,0.0,2332.6,0.0,0,0,2017-04-21,34510100,2334.4,1,0,0,0,0,0,0,0,0,2335.4,1,0,0,0,0,0,0,0,0
325,2017-04-21,09:35:10,600,IH1704,CCFX,2334.4,2332.2,2335.4,192,134410020,3304,3492,2794,1862.8,2328.4,2332.6,0.0,2332.6,0.0,0,0,2017-04-21,34510600,2334.4,1,0,0,0,0,0,0,0,0,2335.4,1,0,0,0,0,0,0,0,0
326,2017-04-21,09:35:13,100,IH1704,CCFX,2335.4,2332.2,2335.4,193,135110640,3303,3492,2794,1862.8,2328.4,2332.6,0.0,2332.6,0.0,0,0,2017-04-21,34513100,2334.4,1,0,0,0,0,0,0,0,0,2335.6,2,0,0,0,0,0,0,0,0
327,2017-04-21,09:35:13,600,IH1704,CCFX,2334.4,2332.2,2335.4,194,135810960,3302,3492,2794,1862.8,2328.4,2332.6,0.0,2332.6,0.0,0,0,2017-04-21,34513600,2334.2,4,0,0,0,0,0,0,0,0,2335.2,1,0,0,0,0,0,0,0,0
328,2017-04-21,09:35:14,100,IH1704,CCFX,2334.4,2332.2,2335.4,194,135810960,3302,3492,2794,1862.8,2328.4,2332.6,0.0,2332.6,0.0,0,0,2017-04-21,34514100,2334.2,4,0,0,0,0,0,0,0,0,2335.0,1,0,0,0,0,0,0,0,0
329,2017-04-21,09:35:14,600,IH1704,CCFX,2334.2,2332.2,2335.4,195,136511220,3301,3492,2794,1862.8,2328.4,2332.6,0.0,2332.6,0.0,0,0,2017-04-21,34514600,2334.2,3,0,0,0,0,0,0,0,0,2335.0,1,0,0,0,0,0,0,0,0
330,2017-04-21,09:35:15,100,IH1704,CCFX,2334.0,2332.2,2335.4,199,139312200,3297,3492,2794,1862.8,2328.4,2332.6,0.0,2332.6,0.0,0,0,2017-04-21,34515100,2333.8,2,0,0,0,0,0,0,0,0,2335.0,1,0,0,0,0,0,0,0,0
331,2017-04-21,09:35:15,600,IH1704,CCFX,2333.6,2332.2,2335.4,203,142112640,3293,3492,2794,1862.8,2328.4,2332.6,0.0,2332.6,0.0,0,0,2017-04-21,34515600,2334.4,1,0,0,0,0,0,0,0,0,2335.0,1,0,0,0,0,0,0,0,0
332,2017-04-21,09:35:16,100,IH1704,CCFX,2333.6,2332.2,2335.4,203,142112640,3293,3492,2794,1862.8,2328.4,2332.6,0.0,2332.6,0.0,0,0,2017-04-21,34516100,2333.0,1,0,0,0,0,0,0,0,0,2335.0,1,0,0,0,0,0,0,0,0
333,2017-04-21,09:35:16,600,IH1704,CCFX,2333.6,2332.2,2335.4,203,142112640,3293,3492,2794,1862.8,2328.4,2332.6,0.0,2332.6,0.0,0,0,2017-04-21,34516600,2333.4,1,0,0,0,0,0,0,0,0,2334.6,1,0,0,0,0,0,0,0,0
334,2017-04-21,09:35:17,600,IH1704,CCFX,2333.6,2332.2,2335.4,203,142112640,3293,3492,2794,1862.8,2328.4,2332.6,0.0,2332.6,0.0,0,0,2017-04-21,34517600,2333.4,1,0,0,0,0,0,0,0,0,2334.6,1,0,0,0,0,0,0,0,0
335,2017-04-21,09:35:18,100,IH1704,CCFX,2333.6,2332.2,2335.4,203,142112640,3293,3492,2794,1862.8,2328.4,2332.6,0.0,2332.6,0.0,0,0,2017-04-21,34518100,2333.6,1,0,0,0,0,0,0,0,0,2334.6,1,0,0,0,0,0,0,0,0
336,2017-04-21,09:35:18,600,IH1704,CCFX,2333.6,2332.2,2335.4,203,142112640,3293,3492,2794,1862.8,2328.4,2332.6,0.0,2332.6,0.0,0,0,2017-04-21,34518600,2333.6,1,0,0,0,0,0,0,0,0,2334.4,1,0,0,0,0,0,0,0,0
337,2017-04-21,09:35:19,100,IH1704,CCFX,2333.6,2332.2,2335.4,203,142112640,3293,3492,2794,1862.8,2328.4,2332.6,0.0,2332.6,0.0,0,0,2017-04-21,34519100,2333.6,1,0,0,0,0,0,0,0,0,2334.4,1,0,0,0,0,0,0,0,0
338,2017-04-21,09:35:19,600,IH1704,CCFX,2333.6,2332.2,2335.4,203,142112640,3293,3492,2794,1862.8,2328.4,2332.6,0.0,2332.6,0.0,0,0,2017-04-21,34519600,2333.6,1,0,0,0,0,0,0,0,0,2334.4,1,0,0,0,0,0,0,0,0
339,2017-04-21,09:35:20,600,IH1704,CCFX,2333.6,2332.2,2335.4,203,142112640,3293,3492,2794,1862.8,2328.4,2332.6,0.0,2332.6,0.0,0,0,2017-04-21,34520600,2333.6,1,0,0,0,0,0,0,0,0,2334.4,1,0,0,0,0,0,0,0,0
340,2017-04-21,09:35:21,600,IH1704,CCFX,2333.6,2332.2,2335.4,204,142812720,3292,3492,2794,1862.8,2328.4,2332.6,0.0,2332.6,0.0,0,0,2017-04-21,34521600,2333.4,1,0,0,0,0,0,0,0,0,2334.4,1,0,0,0,0,0,0,0,0
341,2017-04-21,09:35:22,600,IH1704,CCFX,2333.6,2332.2,2335.4,204,142812720,3292,3492,2794,1862.8,2328.4,2332.6,0.0,2332.6,0.0,0,0,2017-04-21,34522600,2333.6,1,0,0,0,0,0,0,0,0,2334.2,1,0,0,0,0,0,0,0,0
342,2017-04-21,09:35:23,100,IH1704,CCFX,2333.6,2332.2,2335.4,204,142812720,3292,3492,2794,1862.8,2328.4,2332.6,0.0,2332.6,0.0,0,0,2017-04-21,34523100,2333.6,1,0,0,0,0,0,0,0,0,2334.2,1,0,0,0,0,0,0,0,0
343,2017-04-21,09:35:23,600,IH1704,CCFX,2334.2,2332.2,2335.4,205,143512980,3291,3492,2794,1862.8,2328.4,2332.6,0.0,2332.6,0.0,0,0,2017-04-21,34523600,2333.6,1,0,0,0,0,0,0,0,0,2334.4,1,0,0,0,0,0,0,0,0
344,2017-04-21,09:35:24,100,IH1704,CCFX,2334.2,2332.2,2335.4,205,143512980,3291,3492,2794,1862.8,2328.4,2332.6,0.0,2332.6,0.0,0,0,2017-04-21,34524100,2333.6,1,0,0,0,0,0,0,0,0,2334.4,1,0,0,0,0,0,0,0,0
345,2017-04-21,09:35:24,600,IH1704,CCFX,2334.2,2332.2,2335.4,205,143512980,3291,3492,2794,1862.8,2328.4,2332.6,0.0,2332.6,0.0,0,0,2017-04-21,34524600,2333.6,1,0,0,0,0,0,0,0,0,2334.6,1,0,0,0,0,0,0,0,0
346,2017-04-21,09:35:25,600,IH1704,CCFX,2334.6,2332.2,2335.4,206,144213360,3290,3492,2794,1862.8,2328.4,2332.6,0.0,2332.6,0.0,0,0,2017-04-21,34525600,2333.6,1,0,0,0,0,0,0,0,0,2334.8,3,0,0,0,0,0,0,0,0
347,2017-04-21,09:35:26,100,IH1704,CCFX,2334.6,2332.2,2335.4,206,144213360,3290,3492,2794,1862.8,2328.4,2332.6,0.0,2332.6,0.0,0,0,2017-04-21,34526100,2333.6,1,0,0,0,0,0,0,0,0,2334.8,3,0,0,0,0,0,0,0,0
348,2017-04-21,09:35:27,100,IH1704,CCFX,2334.6,2332.2,2335.4,206,144213360,3290,3492,2794,1862.8,2328.4,2332.6,0.0,2332.6,0.0,0,0,2017-04-21,34527100,2333.8,1,0,0,0,0,0,0,0,0,2334.8,3,0,0,0,0,0,0,0,0
349,2017-04-21,09:35:27,600,IH1704,CCFX,2334.6,2332.2,2335.4,206,144213360,3290,3492,2794,1862.8,2328.4,2332.6,0.0,2332.6,0.0,0,0,2017-04-21,34527600,2333.8,2,0,0,0,0,0,0,0,0,2334.8,3,0,0,0,0,0,0,0,0
350,2017-04-21,09:35:28,100,IH1704,CCFX,2334.6,2332.2,2335.4,206,144213360,3290,3492,2794,1862.8,2328.4,2332.6,0.0,2332.6,0.0,0,0,2017-04-21,34528100,2333.8,2,0,0,0,0,0,0,0,0,2334.8,4,0,0,0,0,0,0,0,0
351,2017-04-21,09:35:29,100,IH1704,CCFX,2334.6,2332.2,2335.4,206,144213360,3290,3492,2794,1862.8,2328.4,2332.6,0.0,2332.6,0.0,0,0,2017-04-21,34529100,2334.0,1,0,0,0,0,0,0,0,0,2334.8,4,0,0,0,0,0,0,0,0
352,2017-04-21,09:35:29,600,IH1704,CCFX,2334.6,2332.2,2335.4,206,144213360,3290,3492,2794,1862.8,2328.4,2332.6,0.0,2332.6,0.0,0,0,2017-04-21,34529600,2334.6,1,0,0,0,0,0,0,0,0,2334.8,4,0,0,0,0,0,0,0,0
353,2017-04-21,09:35:30,100,IH1704,CCFX,2334.6,2332.2,2335.4,207,144913740,3289,3492,2794,1862.8,2328.4,2332.6,0.0,2332.6,0.0,0,0,2017-04-21,34530100,2334.2,1,0,0,0,0,0,0,0,0,2334.8,4,0,0,0,0,0,0,0,0
354,2017-04-21,09:35:31,100,IH1704,CCFX,2334.6,2332.2,2335.4,207,144913740,3289,3492,2794,1862.8,2328.4,2332.6,0.0,2332.6,0.0,0,0,2017-04-21,34531100,2334.2,1,0,0,0,0,0,0,0,0,2334.8,4,0,0,0,0,0,0,0,0
355,2017-04-21,09:35:31,600,IH1704,CCFX,2334.6,2332.2,2335.4,207,144913740,3289,3492,2794,1862.8,2328.4,2332.6,0.0,2332.6,0.0,0,0,2017-04-21,34531600,2334.2,1,0,0,0,0,0,0,0,0,2334.8,5,0,0,0,0,0,0,0,0
356,2017-04-21,09:35:32,100,IH1704,CCFX,2334.6,2332.2,2335.4,207,144913740,3289,3492,2794,1862.8,2328.4,2332.6,0.0,2332.6,0.0,0,0,2017-04-21,34532100,2334.4,1,0,0,0,0,0,0,0,0,2334.8,5,0,0,0,0,0,0,0,0
357,2017-04-21,09:35:33,100,IH1704,CCFX,2334.4,2332.2,2335.4,208,145614060,3288,3492,2794,1862.8,2328.4,2332.6,0.0,2332.6,0.0,0,0,2017-04-21,34533100,2334.2,1,0,0,0,0,0,0,0,0,2334.8,5,0,0,0,0,0,0,0,0
358,2017-04-21,09:35:34,100,IH1704,CCFX,2334.4,2332.2,2335.4,208,145614060,3288,3492,2794,1862.8,2328.4,2332.6,0.0,2332.6,0.0,0,0,2017-04-21,34534100,2334.6,1,0,0,0,0,0,0,0,0,2334.8,5,0,0,0,0,0,0,0,0
359,2017-04-21,09:35:34,600,IH1704,CCFX,2334.6,2332.2,2335.4,209,146314440,3287,3492,2794,1862.8,2328.4,2332.6,0.0,2332.6,0.0,0,0,2017-04-21,34534600,2334.2,1,0,0,0,0,0,0,0,0,2334.6,1,0,0,0,0,0,0,0,0
360,2017-04-21,09:35:35,100,IH1704,CCFX,2334.6,2332.2,2335.4,209,146314440,3287,3492,2794,1862.8,2328.4,2332.6,0.0,2332.6,0.0,0,0,2017-04-21,34535100,2334.2,1,0,0,0,0,0,0,0,0,2334.8,5,0,0,0,0,0,0,0,0
361,2017-04-21,09:35:36,100,IH1704,CCFX,2334.6,2332.2,2335.4,209,146314440,3287,3492,2794,1862.8,2328.4,2332.6,0.0,2332.6,0.0,0,0,2017-04-21,34536100,2334.2,1,0,0,0,0,0,0,0,0,2334.6,1,0,0,0,0,0,0,0,0
362,2017-04-21,09:35:36,600,IH1704,CCFX,2334.2,2332.2,2335.4,211,147715080,3285,3492,2794,1862.8,2328.4,2332.6,0.0,2332.6,0.0,0,0,2017-04-21,34536600,2334.0,4,0,0,0,0,0,0,0,0,2334.8,4,0,0,0,0,0,0,0,0
363,2017-04-21,09:35:37,100,IH1704,CCFX,2334.2,2332.2,2335.4,211,147715080,3285,3492,2794,1862.8,2328.4,2332.6,0.0,2332.6,0.0,0,0,2017-04-21,34537100,2334.0,4,0,0,0,0,0,0,0,0,2334.8,4,0,0,0,0,0,0,0,0
364,2017-04-21,09:35:38,100,IH1704,CCFX,2334.2,2332.2,2335.4,211,147715080,3285,3492,2794,1862.8,2328.4,2332.6,0.0,2332.6,0.0,0,0,2017-04-21,34538100,2334.0,4,0,0,0,0,0,0,0,0,2334.6,1,0,0,0,0,0,0,0,0
365,2017-04-21,09:35:39,100,IH1704,CCFX,2334.2,2332.2,2335.4,211,147715080,3285,3492,2794,1862.8,2328.4,2332.6,0.0,2332.6,0.0,0,0,2017-04-21,34539100,2334.0,4,0,0,0,0,0,0,0,0,2334.6,2,0,0,0,0,0,0,0,0
366,2017-04-21,09:35:39,600,IH1704,CCFX,2334.2,2332.2,2335.4,211,147715080,3285,3492,2794,1862.8,2328.4,2332.6,0.0,2332.6,0.0,0,0,2017-04-21,34539600,2334.2,1,0,0,0,0,0,0,0,0,2334.6,3,0,0,0,0,0,0,0,0
367,2017-04-21,09:35:40,600,IH1704,CCFX,2334.2,2332.2,2335.4,211,147715080,3285,3492,2794,1862.8,2328.4,2332.6,0.0,2332.6,0.0,0,0,2017-04-21,34540600,2334.2,2,0,0,0,0,0,0,0,0,2334.6,3,0,0,0,0,0,0,0,0
368,2017-04-21,09:35:41,600,IH1704,CCFX,2334.2,2332.2,2335.4,211,147715080,3285,3492,2794,1862.8,2328.4,2332.6,0.0,2332.6,0.0,0,0,2017-04-21,34541600,2334.2,2,0,0,0,0,0,0,0,0,2334.6,3,0,0,0,0,0,0,0,0
369,2017-04-21,09:35:44,600,IH1704,CCFX,2334.6,2332.2,2335.4,213,149115840,3284,3492,2794,1862.8,2328.4,2332.6,0.0,2332.6,0.0,0,0,2017-04-21,34544600,2334.2,2,0,0,0,0,0,0,0,0,2334.6,1,0,0,0,0,0,0,0,0
370,2017-04-21,09:35:49,600,IH1704,CCFX,2334.6,2332.2,2335.4,213,149115840,3284,3492,2794,1862.8,2328.4,2332.6,0.0,2332.6,0.0,0,0,2017-04-21,34549600,2334.2,2,0,0,0,0,0,0,0,0,2334.6,2,0,0,0,0,0,0,0,0
371,2017-04-21,09:35:50,600,IH1704,CCFX,2334.6,2332.2,2335.4,213,149115840,3284,3492,2794,1862.8,2328.4,2332.6,0.0,2332.6,0.0,0,0,2017-04-21,34550600,2334.2,2,0,0,0,0,0,0,0,0,2334.6,2,0,0,0,0,0,0,0,0
372,2017-04-21,09:35:54,100,IH1704,CCFX,2334.6,2332.2,2335.4,213,149115840,3284,3492,2794,1862.8,2328.4,2332.6,0.0,2332.6,0.0,0,0,2017-04-21,34554100,2334.2,2,0,0,0,0,0,0,0,0,2334.4,1,0,0,0,0,0,0,0,0
373,2017-04-21,09:35:54,600,IH1704,CCFX,2334.6,2332.2,2335.4,216,151216920,3282,3492,2794,1862.8,2328.4,2332.6,0.0,2332.6,0.0,0,0,2017-04-21,34554600,2334.6,1,0,0,0,0,0,0,0,0,2334.8,3,0,0,0,0,0,0,0,0
374,2017-04-21,09:35:55,100,IH1704,CCFX,2334.6,2332.2,2335.4,218,152617740,3280,3492,2794,1862.8,2328.4,2332.6,0.0,2332.6,0.0,0,0,2017-04-21,34555100,2334.4,2,0,0,0,0,0,0,0,0,2334.8,2,0,0,0,0,0,0,0,0
375,2017-04-21,09:35:56,100,IH1704,CCFX,2334.6,2332.2,2335.4,218,152617740,3280,3492,2794,1862.8,2328.4,2332.6,0.0,2332.6,0.0,0,0,2017-04-21,34556100,2334.4,3,0,0,0,0,0,0,0,0,2334.8,2,0,0,0,0,0,0,0,0
376,2017-04-21,09:35:56,600,IH1704,CCFX,2334.6,2332.2,2335.4,218,152617740,3280,3492,2794,1862.8,2328.4,2332.6,0.0,2332.6,0.0,0,0,2017-04-21,34556600,2334.4,3,0,0,0,0,0,0,0,0,2334.8,2,0,0,0,0,0,0,0,0
377,2017-04-21,09:35:59,600,IH1704,CCFX,2334.4,2332.2,2335.4,220,154018500,3278,3492,2794,1862.8,2328.4,2332.6,0.0,2332.6,0.0,0,0,2017-04-21,34559600,2334.4,2,0,0,0,0,0,0,0,0,2334.8,1,0,0,0,0,0,0,0,0
378,2017-04-21,09:36:02,100,IH1704,CCFX,2334.4,2332.2,2335.4,220,154018500,3278,3492,2794,1862.8,2328.4,2332.6,0.0,2332.6,0.0,0,0,2017-04-21,34562100,2334.4,3,0,0,0,0,0,0,0,0,2334.8,1,0,0,0,0,0,0,0,0
379,2017-04-21,09:36:03,100,IH1704,CCFX,2334.4,2332.2,2335.4,220,154018500,3278,3492,2794,1862.8,2328.4,2332.6,0.0,2332.6,0.0,0,0,2017-04-21,34563100,2334.8,3,0,0,0,0,0,0,0,0,2335.0,4,0,0,0,0,0,0,0,0
380,2017-04-21,09:36:03,600,IH1704,CCFX,2335.0,2332.2,2335.4,221,154719000,3277,3492,2794,1862.8,2328.4,2332.6,0.0,2332.6,0.0,0,0,2017-04-21,34563600,2334.8,3,0,0,0,0,0,0,0,0,2335.0,3,0,0,0,0,0,0,0,0
381,2017-04-21,09:36:04,100,IH1704,CCFX,2335.0,2332.2,2335.4,223,156120000,3275,3492,2794,1862.8,2328.4,2332.6,0.0,2332.6,0.0,0,0,2017-04-21,34564100,2334.4,2,0,0,0,0,0,0,0,0,2335.0,1,0,0,0,0,0,0,0,0
382,2017-04-21,09:36:04,600,IH1704,CCFX,2335.0,2332.2,2335.4,224,156820500,3274,3492,2794,1862.8,2328.4,2332.6,0.0,2332.6,0.0,0,0,2017-04-21,34564600,2334.8,1,0,0,0,0,0,0,0,0,2335.4,1,0,0,0,0,0,0,0,0
383,2017-04-21,09:36:05,100,IH1704,CCFX,2334.8,2332.2,2335.4,226,158221500,3272,3492,2794,1862.8,2328.4,2332.6,0.0,2332.6,0.0,0,0,2017-04-21,34565100,2334.4,1,0,0,0,0,0,0,0,0,2335.4,1,0,0,0,0,0,0,0,0
384,2017-04-21,09:36:05,600,IH1704,CCFX,2334.8,2332.2,2335.4,226,158221500,3272,3492,2794,1862.8,2328.4,2332.6,0.0,2332.6,0.0,0,0,2017-04-21,34565600,2334.4,2,0,0,0,0,0,0,0,0,2335.4,1,0,0,0,0,0,0,0,0
385,2017-04-21,09:36:06,100,IH1704,CCFX,2334.8,2332.2,2335.4,226,158221500,3272,3492,2794,1862.8,2328.4,2332.6,0.0,2332.6,0.0,0,0,2017-04-21,34566100,2334.6,1,0,0,0,0,0,0,0,0,2335.4,1,0,0,0,0,0,0,0,0
386,2017-04-21,09:36:06,600,IH1704,CCFX,2334.8,2332.2,2335.4,226,158221500,3272,3492,2794,1862.8,2328.4,2332.6,0.0,2332.6,0.0,0,0,2017-04-21,34566600,2335.0,1,0,0,0,0,0,0,0,0,2335.4,1,0,0,0,0,0,0,0,0
387,2017-04-21,09:36:07,100,IH1704,CCFX,2334.8,2332.2,2335.4,226,158221500,3272,3492,2794,1862.8,2328.4,2332.6,0.0,2332.6,0.0,0,0,2017-04-21,34567100,2335.0,1,0,0,0,0,0,0,0,0,2335.4,1,0,0,0,0,0,0,0,0
388,2017-04-21,09:36:09,100,IH1704,CCFX,2335.0,2332.2,2335.4,227,158922000,3271,3492,2794,1862.8,2328.4,2332.6,0.0,2332.6,0.0,0,0,2017-04-21,34569100,2334.6,2,0,0,0,0,0,0,0,0,2335.2,1,0,0,0,0,0,0,0,0
389,2017-04-21,09:36:10,600,IH1704,CCFX,2335.0,2332.2,2335.4,227,158922000,3271,3492,2794,1862.8,2328.4,2332.6,0.0,2332.6,0.0,0,0,2017-04-21,34570600,2334.6,4,0,0,0,0,0,0,0,0,2335.2,1,0,0,0,0,0,0,0,0
390,2017-04-21,09:36:13,100,IH1704,CCFX,2335.0,2332.2,2335.4,227,158922000,3271,3492,2794,1862.8,2328.4,2332.6,0.0,2332.6,0.0,0,0,2017-04-21,34573100,2334.6,4,0,0,0,0,0,0,0,0,2335.2,2,0,0,0,0,0,0,0,0
391,2017-04-21,09:36:13,600,IH1704,CCFX,2335.0,2332.2,2335.4,227,158922000,3271,3492,2794,1862.8,2328.4,2332.6,0.0,2332.6,0.0,0,0,2017-04-21,34573600,2334.6,4,0,0,0,0,0,0,0,0,2335.0,1,0,0,0,0,0,0,0,0
392,2017-04-21,09:36:15,600,IH1704,CCFX,2335.0,2332.2,2335.4,227,158922000,3271,3492,2794,1862.8,2328.4,2332.6,0.0,2332.6,0.0,0,0,2017-04-21,34575600,2334.6,4,0,0,0,0,0,0,0,0,2334.8,1,0,0,0,0,0,0,0,0
393,2017-04-21,09:36:16,100,IH1704,CCFX,2334.6,2332.2,2335.4,228,159622380,3270,3492,2794,1862.8,2328.4,2332.6,0.0,2332.6,0.0,0,0,2017-04-21,34576100,2334.6,3,0,0,0,0,0,0,0,0,2334.8,1,0,0,0,0,0,0,0,0
394,2017-04-21,09:36:18,100,IH1704,CCFX,2334.6,2332.2,2335.4,228,159622380,3270,3492,2794,1862.8,2328.4,2332.6,0.0,2332.6,0.0,0,0,2017-04-21,34578100,2334.6,3,0,0,0,0,0,0,0,0,2334.8,2,0,0,0,0,0,0,0,0
395,2017-04-21,09:36:19,600,IH1704,CCFX,2334.6,2332.2,2335.4,230,161023140,3268,3492,2794,1862.8,2328.4,2332.6,0.0,2332.6,0.0,0,0,2017-04-21,34579600,2334.6,1,0,0,0,0,0,0,0,0,2334.8,2,0,0,0,0,0,0,0,0
396,2017-04-21,09:36:20,100,IH1704,CCFX,2334.6,2332.2,2335.4,230,161023140,3268,3492,2794,1862.8,2328.4,2332.6,0.0,2332.6,0.0,0,0,2017-04-21,34580100,2334.6,1,0,0,0,0,0,0,0,0,2334.8,2,0,0,0,0,0,0,0,0
397,2017-04-21,09:36:20,600,IH1704,CCFX,2334.6,2332.2,2335.4,230,161023140,3268,3492,2794,1862.8,2328.4,2332.6,0.0,2332.6,0.0,0,0,2017-04-21,34580600,2334.6,1,0,0,0,0,0,0,0,0,2334.8,2,0,0,0,0,0,0,0,0
398,2017-04-21,09:36:21,100,IH1704,CCFX,2334.8,2332.2,2335.4,233,163124460,3265,3492,2794,1862.8,2328.4,2332.6,0.0,2332.6,0.0,0,0,2017-04-21,34581100,2334.6,1,0,0,0,0,0,0,0,0,2335.0,1,0,0,0,0,0,0,0,0
399,2017-04-21,09:36:21,600,IH1704,CCFX,2334.6,2332.2,2335.4,234,163824840,3264,3492,2794,1862.8,2328.4,2332.6,0.0,2332.6,0.0,0,0,2017-04-21,34581600,2334.8,1,0,0,0,0,0,0,0,0,2335.0,1,0,0,0,0,0,0,0,0
400,2017-04-21,09:36:22,600,IH1704,CCFX,2334.6,2332.2,2335.4,235,164525220,3263,3492,2794,1862.8,2328.4,2332.6,0.0,2332.6,0.0,0,0,2017-04-21,34582600,2334.0,5,0,0,0,0,0,0,0,0,2334.6,1,0,0,0,0,0,0,0,0
401,2017-04-21,09:36:23,100,IH1704,CCFX,2334.6,2332.2,2335.4,236,165225600,3262,3492,2794,1862.8,2328.4,2332.6,0.0,2332.6,0.0,0,0,2017-04-21,34583100,2334.0,5,0,0,0,0,0,0,0,0,2334.8,1,0,0,0,0,0,0,0,0
402,2017-04-21,09:36:23,600,IH1704,CCFX,2335.0,2332.2,2335.4,238,166626540,3260,3492,2794,1862.8,2328.4,2332.6,0.0,2332.6,0.0,0,0,2017-04-21,34583600,2334.0,5,0,0,0,0,0,0,0,0,2335.2,2,0,0,0,0,0,0,0,0
403,2017-04-21,09:36:24,100,IH1704,CCFX,2335.0,2332.2,2335.4,238,166626540,3260,3492,2794,1862.8,2328.4,2332.6,0.0,2332.6,0.0,0,0,2017-04-21,34584100,2335.0,2,0,0,0,0,0,0,0,0,2335.2,2,0,0,0,0,0,0,0,0
404,2017-04-21,09:36:25,600,IH1704,CCFX,2335.0,2332.2,2335.4,239,167327040,3259,3492,2794,1862.8,2328.4,2332.6,0.0,2332.6,0.0,0,0,2017-04-21,34585600,2335.0,1,0,0,0,0,0,0,0,0,2335.2,2,0,0,0,0,0,0,0,0
405,2017-04-21,09:36:26,100,IH1704,CCFX,2335.2,2332.2,2335.4,240,168027600,3258,3492,2794,1862.8,2328.4,2332.6,0.0,2332.6,0.0,0,0,2017-04-21,34586100,2335.0,1,0,0,0,0,0,0,0,0,2335.2,1,0,0,0,0,0,0,0,0
406,2017-04-21,09:36:27,100,IH1704,CCFX,2335.2,2332.2,2335.4,240,168027600,3258,3492,2794,1862.8,2328.4,2332.6,0.0,2332.6,0.0,0,0,2017-04-21,34587100,2335.0,1,0,0,0,0,0,0,0,0,2335.2,1,0,0,0,0,0,0,0,0
407,2017-04-21,09:36:27,600,IH1704,CCFX,2335.2,2332.2,2335.4,240,168027600,3258,3492,2794,1862.8,2328.4,2332.6,0.0,2332.6,0.0,0,0,2017-04-21,34587600,2335.0,1,0,0,0,0,0,0,0,0,2335.2,2,0,0,0,0,0,0,0,0
408,2017-04-21,09:36:29,100,IH1704,CCFX,2335.2,2332.2,2335.4,240,168027600,3258,3492,2794,1862.8,2328.4,2332.6,0.0,2332.6,0.0,0,0,2017-04-21,34589100,2335.0,1,0,0,0,0,0,0,0,0,2335.2,2,0,0,0,0,0,0,0,0
409,2017-04-21,09:36:29,600,IH1704,CCFX,2335.2,2332.2,2335.4,243,170129220,3255,3492,2794,1862.8,2328.4,2332.6,0.0,2332.6,0.0,0,0,2017-04-21,34589600,2334.6,1,0,0,0,0,0,0,0,0,2335.6,1,0,0,0,0,0,0,0,0
410,2017-04-21,09:36:30,100,IH1704,CCFX,2335.2,2332.2,2335.4,243,170129220,3255,3492,2794,1862.8,2328.4,2332.6,0.0,2332.6,0.0,0,0,2017-04-21,34590100,2334.6,1,0,0,0,0,0,0,0,0,2335.4,1,0,0,0,0,0,0,0,0
411,2017-04-21,09:36:32,600,IH1704,CCFX,2335.2,2332.2,2335.4,243,170129220,3255,3492,2794,1862.8,2328.4,2332.6,0.0,2332.6,0.0,0,0,2017-04-21,34592600,2334.8,1,0,0,0,0,0,0,0,0,2335.4,1,0,0,0,0,0,0,0,0
412,2017-04-21,09:36:34,100,IH1704,CCFX,2335.2,2332.2,2335.4,243,170129220,3255,3492,2794,1862.8,2328.4,2332.6,0.0,2332.6,0.0,0,0,2017-04-21,34594100,2334.8,1,0,0,0,0,0,0,0,0,2335.4,2,0,0,0,0,0,0,0,0
413,2017-04-21,09:36:35,100,IH1704,CCFX,2335.2,2332.2,2335.4,243,170129220,3255,3492,2794,1862.8,2328.4,2332.6,0.0,2332.6,0.0,0,0,2017-04-21,34595100,2334.8,1,0,0,0,0,0,0,0,0,2335.4,2,0,0,0,0,0,0,0,0
414,2017-04-21,09:36:35,600,IH1704,CCFX,2334.8,2332.2,2335.4,244,170829660,3254,3492,2794,1862.8,2328.4,2332.6,0.0,2332.6,0.0,0,0,2017-04-21,34595600,2334.6,1,0,0,0,0,0,0,0,0,2334.8,2,0,0,0,0,0,0,0,0
415,2017-04-21,09:36:36,100,IH1704,CCFX,2334.8,2332.2,2335.4,246,172230540,3252,3492,2794,1862.8,2328.4,2332.6,0.0,2332.6,0.0,0,0,2017-04-21,34596100,2334.8,4,0,0,0,0,0,0,0,0,2335.4,2,0,0,0,0,0,0,0,0
416,2017-04-21,09:36:36,600,IH1704,CCFX,2335.4,2332.2,2335.4,247,172931160,3251,3492,2794,1862.8,2328.4,2332.6,0.0,2332.6,0.0,0,0,2017-04-21,34596600,2334.8,3,0,0,0,0,0,0,0,0,2335.4,1,0,0,0,0,0,0,0,0
417,2017-04-21,09:36:38,100,IH1704,CCFX,2335.4,2332.2,2335.4,247,172931160,3251,3492,2794,1862.8,2328.4,2332.6,0.0,2332.6,0.0,0,0,2017-04-21,34598100,2334.8,3,0,0,0,0,0,0,0,0,2335.4,1,0,0,0,0,0,0,0,0
418,2017-04-21,09:36:39,600,IH1704,CCFX,2334.8,2332.2,2335.4,248,173631600,3250,3492,2794,1862.8,2328.4,2332.6,0.0,2332.6,0.0,0,0,2017-04-21,34599600,2334.8,2,0,0,0,0,0,0,0,0,2335.4,1,0,0,0,0,0,0,0,0
419,2017-04-21,09:36:43,600,IH1704,CCFX,2335.4,2332.2,2335.4,249,174332220,3249,3492,2794,1862.8,2328.4,2332.6,0.0,2332.6,0.0,0,0,2017-04-21,34603600,2335.4,1,0,0,0,0,0,0,0,0,2335.6,1,0,0,0,0,0,0,0,0
420,2017-04-21,09:36:44,100,IH1704,CCFX,2335.4,2332.2,2335.4,249,174332220,3249,3492,2794,1862.8,2328.4,2332.6,0.0,2332.6,0.0,0,0,2017-04-21,34604100,2335.4,1,0,0,0,0,0,0,0,0,2335.6,1,0,0,0,0,0,0,0,0
421,2017-04-21,09:36:44,600,IH1704,CCFX,2335.4,2332.2,2335.4,249,174332220,3249,3492,2794,1862.8,2328.4,2332.6,0.0,2332.6,0.0,0,0,2017-04-21,34604600,2335.4,1,0,0,0,0,0,0,0,0,2335.6,1,0,0,0,0,0,0,0,0
422,2017-04-21,09:36:46,100,IH1704,CCFX,2335.6,2332.2,2335.6,250,175032900,3248,3492,2794,1862.8,2328.4,2332.6,0.0,2332.6,0.0,0,0,2017-04-21,34606100,2335.6,1,0,0,0,0,0,0,0,0,2335.8,2,0,0,0,0,0,0,0,0
423,2017-04-21,09:36:49,100,IH1704,CCFX,2335.8,2332.2,2335.8,252,176434380,3246,3492,2794,1862.8,2328.4,2332.6,0.0,2332.6,0.0,0,0,2017-04-21,34609100,2335.6,1,0,0,0,0,0,0,0,0,2336.2,1,0,0,0,0,0,0,0,0
424,2017-04-21,09:36:50,600,IH1704,CCFX,2335.8,2332.2,2335.8,252,176434380,3246,3492,2794,1862.8,2328.4,2332.6,0.0,2332.6,0.0,0,0,2017-04-21,34610600,2335.6,1,0,0,0,0,0,0,0,0,2336.4,1,0,0,0,0,0,0,0,0
425,2017-04-21,09:36:52,100,IH1704,CCFX,2335.6,2332.2,2335.8,253,177135060,3245,3492,2794,1862.8,2328.4,2332.6,0.0,2332.6,0.0,0,0,2017-04-21,34612100,2335.4,1,0,0,0,0,0,0,0,0,2336.4,1,0,0,0,0,0,0,0,0
426,2017-04-21,09:36:53,600,IH1704,CCFX,2335.6,2332.2,2335.8,253,177135060,3245,3492,2794,1862.8,2328.4,2332.6,0.0,2332.6,0.0,0,0,2017-04-21,34613600,2335.6,1,0,0,0,0,0,0,0,0,2336.4,1,0,0,0,0,0,0,0,0
427,2017-04-21,09:36:55,600,IH1704,CCFX,2335.6,2332.2,2335.8,253,177135060,3245,3492,2794,1862.8,2328.4,2332.6,0.0,2332.6,0.0,0,0,2017-04-21,34615600,2335.6,1,0,0,0,0,0,0,0,0,2336.4,1,0,0,0,0,0,0,0,0
428,2017-04-21,09:36:56,100,IH1704,CCFX,2335.6,2332.2,2335.8,253,177135060,3245,3492,2794,1862.8,2328.4,2332.6,0.0,2332.6,0.0,0,0,2017-04-21,34616100,2335.6,2,0,0,0,0,0,0,0,0,2336.4,1,0,0,0,0,0,0,0,0
429,2017-04-21,09:36:58,100,IH1704,CCFX,2336.4,2332.2,2336.4,254,177835980,3244,3492,2794,1862.8,2328.4,2332.6,0.0,2332.6,0.0,0,0,2017-04-21,34618100,2336.4,1,0,0,0,0,0,0,0,0,2337.0,2,0,0,0,0,0,0,0,0
430,2017-04-21,09:36:58,600,IH1704,CCFX,2336.4,2332.2,2336.4,254,177835980,3244,3492,2794,1862.8,2328.4,2332.6,0.0,2332.6,0.0,0,0,2017-04-21,34618600,2336.4,1,0,0,0,0,0,0,0,0,2337.0,2,0,0,0,0,0,0,0,0
431,2017-04-21,09:36:59,600,IH1704,CCFX,2336.4,2332.2,2336.4,255,178536900,3243,3492,2794,1862.8,2328.4,2332.6,0.0,2332.6,0.0,0,0,2017-04-21,34619600,2336.2,3,0,0,0,0,0,0,0,0,2337.0,2,0,0,0,0,0,0,0,0
432,2017-04-21,09:37:00,100,IH1704,CCFX,2336.4,2332.2,2336.4,255,178536900,3243,3492,2794,1862.8,2328.4,2332.6,0.0,2332.6,0.0,0,0,2017-04-21,34620100,2336.2,3,0,0,0,0,0,0,0,0,2336.8,1,0,0,0,0,0,0,0,0
433,2017-04-21,09:37:00,600,IH1704,CCFX,2336.4,2332.2,2336.4,255,178536900,3243,3492,2794,1862.8,2328.4,2332.6,0.0,2332.6,0.0,0,0,2017-04-21,34620600,2336.2,3,0,0,0,0,0,0,0,0,2336.6,1,0,0,0,0,0,0,0,0
434,2017-04-21,09:37:01,600,IH1704,CCFX,2336.6,2332.2,2336.6,256,179237880,3242,3492,2794,1862.8,2328.4,2332.6,0.0,2332.6,0.0,0,0,2017-04-21,34621600,2336.2,3,0,0,0,0,0,0,0,0,2336.8,1,0,0,0,0,0,0,0,0
435,2017-04-21,09:37:02,600,IH1704,CCFX,2336.6,2332.2,2336.6,256,179237880,3242,3492,2794,1862.8,2328.4,2332.6,0.0,2332.6,0.0,0,0,2017-04-21,34622600,2336.4,1,0,0,0,0,0,0,0,0,2336.6,1,0,0,0,0,0,0,0,0
436,2017-04-21,09:37:06,100,IH1704,CCFX,2336.6,2332.2,2336.6,257,179938860,3241,3492,2794,1862.8,2328.4,2332.6,0.0,2332.6,0.0,0,0,2017-04-21,34626100,2336.4,1,0,0,0,0,0,0,0,0,2336.8,1,0,0,0,0,0,0,0,0
437,2017-04-21,09:37:08,100,IH1704,CCFX,2336.6,2332.2,2336.6,257,179938860,3241,3492,2794,1862.8,2328.4,2332.6,0.0,2332.6,0.0,0,0,2017-04-21,34628100,2336.4,1,0,0,0,0,0,0,0,0,2336.8,1,0,0,0,0,0,0,0,0
438,2017-04-21,09:37:08,600,IH1704,CCFX,2336.4,2332.2,2336.6,258,180639780,3240,3492,2794,1862.8,2328.4,2332.6,0.0,2332.6,0.0,0,0,2017-04-21,34628600,2336.2,3,0,0,0,0,0,0,0,0,2336.8,1,0,0,0,0,0,0,0,0
439,2017-04-21,09:37:10,100,IH1704,CCFX,2336.4,2332.2,2336.6,258,180639780,3240,3492,2794,1862.8,2328.4,2332.6,0.0,2332.6,0.0,0,0,2017-04-21,34630100,2336.2,3,0,0,0,0,0,0,0,0,2336.6,2,0,0,0,0,0,0,0,0
440,2017-04-21,09:37:10,600,IH1704,CCFX,2336.4,2332.2,2336.6,258,180639780,3240,3492,2794,1862.8,2328.4,2332.6,0.0,2332.6,0.0,0,0,2017-04-21,34630600,2336.2,3,0,0,0,0,0,0,0,0,2336.6,3,0,0,0,0,0,0,0,0
441,2017-04-21,09:37:11,600,IH1704,CCFX,2336.4,2332.2,2336.6,258,180639780,3240,3492,2794,1862.8,2328.4,2332.6,0.0,2332.6,0.0,0,0,2017-04-21,34631600,2336.4,1,0,0,0,0,0,0,0,0,2336.6,3,0,0,0,0,0,0,0,0
442,2017-04-21,09:37:14,100,IH1704,CCFX,2336.4,2332.2,2336.6,258,180639780,3240,3492,2794,1862.8,2328.4,2332.6,0.0,2332.6,0.0,0,0,2017-04-21,34634100,2336.4,1,0,0,0,0,0,0,0,0,2336.6,3,0,0,0,0,0,0,0,0
443,2017-04-21,09:37:14,600,IH1704,CCFX,2336.4,2332.2,2336.6,258,180639780,3240,3492,2794,1862.8,2328.4,2332.6,0.0,2332.6,0.0,0,0,2017-04-21,34634600,2336.4,1,0,0,0,0,0,0,0,0,2336.6,3,0,0,0,0,0,0,0,0
444,2017-04-21,09:37:15,100,IH1704,CCFX,2336.6,2332.2,2336.6,259,181340760,3239,3492,2794,1862.8,2328.4,2332.6,0.0,2332.6,0.0,0,0,2017-04-21,34635100,2336.4,1,0,0,0,0,0,0,0,0,2336.6,2,0,0,0,0,0,0,0,0
445,2017-04-21,09:37:15,600,IH1704,CCFX,2336.6,2332.2,2336.6,261,182742720,3237,3492,2794,1862.8,2328.4,2332.6,0.0,2332.6,0.0,0,0,2017-04-21,34635600,2336.4,1,0,0,0,0,0,0,0,0,2336.8,1,0,0,0,0,0,0,0,0
446,2017-04-21,09:37:17,600,IH1704,CCFX,2336.6,2332.2,2336.6,261,182742720,3237,3492,2794,1862.8,2328.4,2332.6,0.0,2332.6,0.0,0,0,2017-04-21,34637600,2336.4,1,0,0,0,0,0,0,0,0,2336.6,1,0,0,0,0,0,0,0,0
447,2017-04-21,09:37:19,600,IH1704,CCFX,2336.4,2332.2,2336.6,262,183443640,3236,3492,2794,1862.8,2328.4,2332.6,0.0,2332.6,0.0,0,0,2017-04-21,34639600,2336.2,3,0,0,0,0,0,0,0,0,2336.6,1,0,0,0,0,0,0,0,0
448,2017-04-21,09:37:20,100,IH1704,CCFX,2336.4,2332.2,2336.6,262,183443640,3236,3492,2794,1862.8,2328.4,2332.6,0.0,2332.6,0.0,0,0,2017-04-21,34640100,2336.2,3,0,0,0,0,0,0,0,0,2336.6,1,0,0,0,0,0,0,0,0
449,2017-04-21,09:37:20,600,IH1704,CCFX,2336.4,2332.2,2336.6,262,183443640,3236,3492,2794,1862.8,2328.4,2332.6,0.0,2332.6,0.0,0,0,2017-04-21,34640600,2336.2,3,0,0,0,0,0,0,0,0,2336.6,1,0,0,0,0,0,0,0,0
450,2017-04-21,09:37:21,100,IH1704,CCFX,2336.2,2332.2,2336.6,265,185546220,3233,3492,2794,1862.8,2328.4,2332.6,0.0,2332.6,0.0,0,0,2017-04-21,34641100,2335.8,1,0,0,0,0,0,0,0,0,2336.6,1,0,0,0,0,0,0,0,0
451,2017-04-21,09:37:21,600,IH1704,CCFX,2335.6,2332.2,2336.6,267,186947640,3231,3492,2794,1862.8,2328.4,2332.6,0.0,2332.6,0.0,0,0,2017-04-21,34641600,2335.4,1,0,0,0,0,0,0,0,0,2336.6,1,0,0,0,0,0,0,0,0
452,2017-04-21,09:37:22,100,IH1704,CCFX,2335.6,2332.2,2336.6,267,186947640,3231,3492,2794,1862.8,2328.4,2332.6,0.0,2332.6,0.0,0,0,2017-04-21,34642100,2335.4,1,0,0,0,0,0,0,0,0,2336.6,2,0,0,0,0,0,0,0,0
453,2017-04-21,09:37:22,600,IH1704,CCFX,2335.6,2332.2,2336.6,267,186947640,3231,3492,2794,1862.8,2328.4,2332.6,0.0,2332.6,0.0,0,0,2017-04-21,34642600,2335.4,1,0,0,0,0,0,0,0,0,2336.6,2,0,0,0,0,0,0,0,0
454,2017-04-21,09:37:23,100,IH1704,CCFX,2335.4,2332.2,2336.6,268,187648260,3230,3492,2794,1862.8,2328.4,2332.6,0.0,2332.6,0.0,0,0,2017-04-21,34643100,2334.6,1,0,0,0,0,0,0,0,0,2336.4,2,0,0,0,0,0,0,0,0
455,2017-04-21,09:37:23,600,IH1704,CCFX,2335.4,2332.2,2336.6,268,187648260,3230,3492,2794,1862.8,2328.4,2332.6,0.0,2332.6,0.0,0,0,2017-04-21,34643600,2334.8,1,0,0,0,0,0,0,0,0,2336.0,1,0,0,0,0,0,0,0,0
456,2017-04-21,09:37:24,600,IH1704,CCFX,2334.8,2332.2,2336.6,269,188348700,3229,3492,2794,1862.8,2328.4,2332.6,0.0,2332.6,0.0,0,0,2017-04-21,34644600,2334.6,1,0,0,0,0,0,0,0,0,2336.0,1,0,0,0,0,0,0,0,0
457,2017-04-21,09:37:25,100,IH1704,CCFX,2334.8,2332.2,2336.6,269,188348700,3229,3492,2794,1862.8,2328.4,2332.6,0.0,2332.6,0.0,0,0,2017-04-21,34645100,2334.6,1,0,0,0,0,0,0,0,0,2335.8,1,0,0,0,0,0,0,0,0
458,2017-04-21,09:37:25,600,IH1704,CCFX,2334.8,2332.2,2336.6,269,188348700,3229,3492,2794,1862.8,2328.4,2332.6,0.0,2332.6,0.0,0,0,2017-04-21,34645600,2334.6,1,0,0,0,0,0,0,0,0,2335.8,1,0,0,0,0,0,0,0,0
459,2017-04-21,09:37:26,100,IH1704,CCFX,2335.8,2332.2,2336.6,270,189049440,3228,3492,2794,1862.8,2328.4,2332.6,0.0,2332.6,0.0,0,0,2017-04-21,34646100,2334.6,1,0,0,0,0,0,0,0,0,2336.0,1,0,0,0,0,0,0,0,0
460,2017-04-21,09:37:26,600,IH1704,CCFX,2334.6,2332.2,2336.6,271,189749820,3227,3492,2794,1862.8,2328.4,2332.6,0.0,2332.6,0.0,0,0,2017-04-21,34646600,2334.0,4,0,0,0,0,0,0,0,0,2336.0,1,0,0,0,0,0,0,0,0
461,2017-04-21,09:37:27,100,IH1704,CCFX,2334.6,2332.2,2336.6,271,189749820,3227,3492,2794,1862.8,2328.4,2332.6,0.0,2332.6,0.0,0,0,2017-04-21,34647100,2334.4,1,0,0,0,0,0,0,0,0,2335.6,1,0,0,0,0,0,0,0,0
462,2017-04-21,09:37:27,600,IH1704,CCFX,2334.6,2332.2,2336.6,271,189749820,3227,3492,2794,1862.8,2328.4,2332.6,0.0,2332.6,0.0,0,0,2017-04-21,34647600,2334.4,1,0,0,0,0,0,0,0,0,2335.6,1,0,0,0,0,0,0,0,0
463,2017-04-21,09:37:28,600,IH1704,CCFX,2334.4,2332.2,2336.6,272,190450140,3226,3492,2794,1862.8,2328.4,2332.6,0.0,2332.6,0.0,0,0,2017-04-21,34648600,2334.4,4,0,0,0,0,0,0,0,0,2335.6,1,0,0,0,0,0,0,0,0
464,2017-04-21,09:37:29,100,IH1704,CCFX,2334.4,2332.2,2336.6,272,190450140,3226,3492,2794,1862.8,2328.4,2332.6,0.0,2332.6,0.0,0,0,2017-04-21,34649100,2334.8,1,0,0,0,0,0,0,0,0,2335.6,1,0,0,0,0,0,0,0,0
465,2017-04-21,09:37:29,600,IH1704,CCFX,2334.4,2332.2,2336.6,272,190450140,3226,3492,2794,1862.8,2328.4,2332.6,0.0,2332.6,0.0,0,0,2017-04-21,34649600,2334.8,1,0,0,0,0,0,0,0,0,2335.6,1,0,0,0,0,0,0,0,0
466,2017-04-21,09:37:30,100,IH1704,CCFX,2334.4,2332.2,2336.6,272,190450140,3226,3492,2794,1862.8,2328.4,2332.6,0.0,2332.6,0.0,0,0,2017-04-21,34650100,2334.8,1,0,0,0,0,0,0,0,0,2335.6,1,0,0,0,0,0,0,0,0
467,2017-04-21,09:37:30,600,IH1704,CCFX,2334.8,2332.2,2336.6,273,191150580,3225,3492,2794,1862.8,2328.4,2332.6,0.0,2332.6,0.0,0,0,2017-04-21,34650600,2334.4,4,0,0,0,0,0,0,0,0,2335.6,1,0,0,0,0,0,0,0,0
468,2017-04-21,09:37:31,100,IH1704,CCFX,2334.4,2332.2,2336.6,274,191850900,3224,3492,2794,1862.8,2328.4,2332.6,0.0,2332.6,0.0,0,0,2017-04-21,34651100,2334.4,3,0,0,0,0,0,0,0,0,2335.6,1,0,0,0,0,0,0,0,0
469,2017-04-21,09:37:32,100,IH1704,CCFX,2334.4,2332.2,2336.6,274,191850900,3224,3492,2794,1862.8,2328.4,2332.6,0.0,2332.6,0.0,0,0,2017-04-21,34652100,2334.6,1,0,0,0,0,0,0,0,0,2335.6,2,0,0,0,0,0,0,0,0
470,2017-04-21,09:37:32,600,IH1704,CCFX,2334.6,2332.2,2336.6,275,192551280,3223,3492,2794,1862.8,2328.4,2332.6,0.0,2332.6,0.0,0,0,2017-04-21,34652600,2334.8,1,0,0,0,0,0,0,0,0,2335.6,2,0,0,0,0,0,0,0,0
471,2017-04-21,09:37:33,100,IH1704,CCFX,2334.6,2332.2,2336.6,275,192551280,3223,3492,2794,1862.8,2328.4,2332.6,0.0,2332.6,0.0,0,0,2017-04-21,34653100,2334.8,1,0,0,0,0,0,0,0,0,2335.4,1,0,0,0,0,0,0,0,0
472,2017-04-21,09:37:33,600,IH1704,CCFX,2335.4,2332.2,2336.6,277,193952460,3221,3492,2794,1862.8,2328.4,2332.6,0.0,2332.6,0.0,0,0,2017-04-21,34653600,2334.8,1,0,0,0,0,0,0,0,0,2335.6,1,0,0,0,0,0,0,0,0
473,2017-04-21,09:37:34,100,IH1704,CCFX,2335.6,2332.2,2336.6,278,194653140,3220,3492,2794,1862.8,2328.4,2332.6,0.0,2332.6,0.0,0,0,2017-04-21,34654100,2335.6,1,0,0,0,0,0,0,0,0,2336.0,1,0,0,0,0,0,0,0,0
474,2017-04-21,09:37:34,600,IH1704,CCFX,2335.6,2332.2,2336.6,278,194653140,3220,3492,2794,1862.8,2328.4,2332.6,0.0,2332.6,0.0,0,0,2017-04-21,34654600,2335.6,1,0,0,0,0,0,0,0,0,2336.4,5,0,0,0,0,0,0,0,0
475,2017-04-21,09:37:35,100,IH1704,CCFX,2335.6,2332.2,2336.6,278,194653140,3220,3492,2794,1862.8,2328.4,2332.6,0.0,2332.6,0.0,0,0,2017-04-21,34655100,2335.8,1,0,0,0,0,0,0,0,0,2336.2,1,0,0,0,0,0,0,0,0
476,2017-04-21,09:37:35,600,IH1704,CCFX,2335.6,2332.2,2336.6,278,194653140,3220,3492,2794,1862.8,2328.4,2332.6,0.0,2332.6,0.0,0,0,2017-04-21,34655600,2335.8,1,0,0,0,0,0,0,0,0,2336.2,1,0,0,0,0,0,0,0,0
477,2017-04-21,09:37:37,100,IH1704,CCFX,2335.6,2332.2,2336.6,279,195353820,3219,3492,2794,1862.8,2328.4,2332.6,0.0,2332.6,0.0,0,0,2017-04-21,34657100,2335.6,1,0,0,0,0,0,0,0,0,2336.2,1,0,0,0,0,0,0,0,0
478,2017-04-21,09:37:38,100,IH1704,CCFX,2335.6,2332.2,2336.6,279,195353820,3219,3492,2794,1862.8,2328.4,2332.6,0.0,2332.6,0.0,0,0,2017-04-21,34658100,2335.6,1,0,0,0,0,0,0,0,0,2336.2,1,0,0,0,0,0,0,0,0
479,2017-04-21,09:37:38,600,IH1704,CCFX,2335.6,2332.2,2336.6,279,195353820,3219,3492,2794,1862.8,2328.4,2332.6,0.0,2332.6,0.0,0,0,2017-04-21,34658600,2335.6,1,0,0,0,0,0,0,0,0,2335.8,1,0,0,0,0,0,0,0,0
480,2017-04-21,09:37:39,100,IH1704,CCFX,2335.8,2332.2,2336.6,280,196054560,3218,3492,2794,1862.8,2328.4,2332.6,0.0,2332.6,0.0,0,0,2017-04-21,34659100,2335.6,1,0,0,0,0,0,0,0,0,2336.2,1,0,0,0,0,0,0,0,0
481,2017-04-21,09:37:39,600,IH1704,CCFX,2335.8,2332.2,2336.6,280,196054560,3218,3492,2794,1862.8,2328.4,2332.6,0.0,2332.6,0.0,0,0,2017-04-21,34659600,2335.6,1,0,0,0,0,0,0,0,0,2336.0,1,0,0,0,0,0,0,0,0
482,2017-04-21,09:37:43,100,IH1704,CCFX,2335.6,2332.2,2336.6,281,196755240,3217,3492,2794,1862.8,2328.4,2332.6,0.0,2332.6,0.0,0,0,2017-04-21,34663100,2335.0,3,0,0,0,0,0,0,0,0,2335.6,4,0,0,0,0,0,0,0,0
483,2017-04-21,09:37:44,100,IH1704,CCFX,2335.6,2332.2,2336.6,281,196755240,3217,3492,2794,1862.8,2328.4,2332.6,0.0,2332.6,0.0,0,0,2017-04-21,34664100,2335.0,3,0,0,0,0,0,0,0,0,2335.6,4,0,0,0,0,0,0,0,0
484,2017-04-21,09:37:44,600,IH1704,CCFX,2335.6,2332.2,2336.6,281,196755240,3217,3492,2794,1862.8,2328.4,2332.6,0.0,2332.6,0.0,0,0,2017-04-21,34664600,2335.0,3,0,0,0,0,0,0,0,0,2335.6,4,0,0,0,0,0,0,0,0
485,2017-04-21,09:37:45,600,IH1704,CCFX,2335.6,2332.2,2336.6,281,196755240,3217,3492,2794,1862.8,2328.4,2332.6,0.0,2332.6,0.0,0,0,2017-04-21,34665600,2335.0,3,0,0,0,0,0,0,0,0,2335.4,1,0,0,0,0,0,0,0,0
486,2017-04-21,09:37:46,100,IH1704,CCFX,2335.6,2332.2,2336.6,281,196755240,3217,3492,2794,1862.8,2328.4,2332.6,0.0,2332.6,0.0,0,0,2017-04-21,34666100,2335.0,3,0,0,0,0,0,0,0,0,2335.4,1,0,0,0,0,0,0,0,0
487,2017-04-21,09:37:47,100,IH1704,CCFX,2335.6,2332.2,2336.6,281,196755240,3217,3492,2794,1862.8,2328.4,2332.6,0.0,2332.6,0.0,0,0,2017-04-21,34667100,2335.0,3,0,0,0,0,0,0,0,0,2335.2,2,0,0,0,0,0,0,0,0
488,2017-04-21,09:37:47,600,IH1704,CCFX,2335.0,2332.2,2336.6,282,197455740,3216,3492,2794,1862.8,2328.4,2332.6,0.0,2332.6,0.0,0,0,2017-04-21,34667600,2335.0,2,0,0,0,0,0,0,0,0,2335.2,2,0,0,0,0,0,0,0,0
489,2017-04-21,09:37:48,100,IH1704,CCFX,2335.0,2332.2,2336.6,284,198856740,3214,3492,2794,1862.8,2328.4,2332.6,0.0,2332.6,0.0,0,0,2017-04-21,34668100,2334.6,2,0,0,0,0,0,0,0,0,2334.8,1,0,0,0,0,0,0,0,0
490,2017-04-21,09:37:48,600,IH1704,CCFX,2334.8,2332.2,2336.6,285,199557180,3213,3492,2794,1862.8,2328.4,2332.6,0.0,2332.6,0.0,0,0,2017-04-21,34668600,2334.6,2,0,0,0,0,0,0,0,0,2335.2,2,0,0,0,0,0,0,0,0
491,2017-04-21,09:37:49,100,IH1704,CCFX,2335.2,2332.2,2336.6,286,200257740,3212,3492,2794,1862.8,2328.4,2332.6,0.0,2332.6,0.0,0,0,2017-04-21,34669100,2334.8,1,0,0,0,0,0,0,0,0,2335.2,1,0,0,0,0,0,0,0,0
492,2017-04-21,09:37:49,600,IH1704,CCFX,2335.2,2332.2,2336.6,286,200257740,3212,3492,2794,1862.8,2328.4,2332.6,0.0,2332.6,0.0,0,0,2017-04-21,34669600,2334.6,2,0,0,0,0,0,0,0,0,2335.2,1,0,0,0,0,0,0,0,0
493,2017-04-21,09:37:50,100,IH1704,CCFX,2335.2,2332.2,2336.6,286,200257740,3212,3492,2794,1862.8,2328.4,2332.6,0.0,2332.6,0.0,0,0,2017-04-21,34670100,2334.6,2,0,0,0,0,0,0,0,0,2335.2,1,0,0,0,0,0,0,0,0
494,2017-04-21,09:37:50,600,IH1704,CCFX,2335.2,2332.2,2336.6,286,200257740,3212,3492,2794,1862.8,2328.4,2332.6,0.0,2332.6,0.0,0,0,2017-04-21,34670600,2334.8,1,0,0,0,0,0,0,0,0,2335.0,1,0,0,0,0,0,0,0,0
495,2017-04-21,09:37:53,100,IH1704,CCFX,2335.0,2332.2,2336.6,287,200958240,3211,3492,2794,1862.8,2328.4,2332.6,0.0,2332.6,0.0,0,0,2017-04-21,34673100,2334.8,1,0,0,0,0,0,0,0,0,2335.2,1,0,0,0,0,0,0,0,0
496,2017-04-21,09:37:53,600,IH1704,CCFX,2335.0,2332.2,2336.6,287,200958240,3211,3492,2794,1862.8,2328.4,2332.6,0.0,2332.6,0.0,0,0,2017-04-21,34673600,2334.8,1,0,0,0,0,0,0,0,0,2335.0,1,0,0,0,0,0,0,0,0
497,2017-04-21,09:37:54,100,IH1704,CCFX,2335.0,2332.2,2336.6,287,200958240,3211,3492,2794,1862.8,2328.4,2332.6,0.0,2332.6,0.0,0,0,2017-04-21,34674100,2334.8,1,0,0,0,0,0,0,0,0,2335.2,1,0,0,0,0,0,0,0,0
498,2017-04-21,09:37:55,100,IH1704,CCFX,2335.0,2332.2,2336.6,287,200958240,3211,3492,2794,1862.8,2328.4,2332.6,0.0,2332.6,0.0,0,0,2017-04-21,34675100,2334.8,2,0,0,0,0,0,0,0,0,2335.2,1,0,0,0,0,0,0,0,0
499,2017-04-21,09:37:56,600,IH1704,CCFX,2334.8,2332.2,2336.6,289,202359240,3209,3492,2794,1862.8,2328.4,2332.6,0.0,2332.6,0.0,0,0,2017-04-21,34676600,2334.8,1,0,0,0,0,0,0,0,0,2335.6,4,0,0,0,0,0,0,0,0
