,dataDate,dataTime,dataMillisec,instrumentID,exchangeCD,lastPrice,lowPrice,highPrice,volume,value,openInterest,preOpenInterest,upperLimitPrice,lowerLimitPrice,preSettlementPrice,prevClosePrice,settlementPrice,openPrice,closePrice,preDelta,currDelta,clearingDay,milliSecOffset,bidPrice1,bidVolume1,bidPrice2,bidVolume2,bidPrice3,bidVolume3,bidPrice4,bidVolume4,bidPrice5,bidVolume5,askPrice1,askVolume1,askPrice2,askVolume2,askPrice3,askVolume3,askPrice4,askVolume4,askPrice5,askVolume5
0,2017-04-21,08:59:00,96,jd1709,XDCE,3799,3799,3799,364,13828360,180912,180742,3953,3577,3765,3809,0,3799,0,0,0,2017-04-21,32340096,3799,12,0,0,0,0,0,0,0,0,3800,93,0,0,0,0,0,0,0,0
1,2017-04-21,09:00:00,423,jd1709,XDCE,3795,3783,3799,760,28845880,181192,180742,3953,3577,3765,3809,0,3799,0,0,0,2017-04-21,32400423,3795,12,0,0,0,0,0,0,0,0,3798,13,0,0,0,0,0,0,0,0
2,2017-04-21,09:00:00,918,jd1709,XDCE,3795,3783,3799,850,32261660,181166,180742,3953,3577,3765,3809,0,3799,0,0,0,2017-04-21,32400918,3792,2,0,0,0,0,0,0,0,0,3795,13,0,0,0,0,0,0,0,0
3,2017-04-21,09:00:01,420,jd1709,XDCE,3794,3783,3799,950,36055920,181150,180742,3953,3577,3765,3809,0,3799,0,0,0,2017-04-21,32401420,3791,3,0,0,0,0,0,0,0,0,3794,6,0,0,0,0,0,0,0,0
4,2017-04-21,09:00:01,931,jd1709,XDCE,3792,3783,3799,1122,42580980,181138,180742,3953,3577,3765,3809,0,3799,0,0,0,2017-04-21,32401931,3792,6,0,0,0,0,0,0,0,0,3793,36,0,0,0,0,0,0,0,0
5,2017-04-21,09:00:02,433,jd1709,XDCE,3794,3783,3799,1284,48723980,181184,180742,3953,3577,3765,3809,0,3799,0,0,0,2017-04-21,32402433,3790,1,0,0,0,0,0,0,0,0,3794,26,0,0,0,0,0,0,0,0
6,2017-04-21,09:00:02,937,jd1709,XDCE,3791,3783,3799,1446,54862160,181158,180742,3953,3577,3765,3809,0,3799,0,0,0,2017-04-21,32402937,3785,2,0,0,0,0,0,0,0,0,3791,30,0,0,0,0,0,0,0,0
7,2017-04-21,09:00:03,415,jd1709,XDCE,3789,3783,3799,1524,57817760,181194,180742,3953,3577,3765,3809,0,3799,0,0,0,2017-04-21,32403415,3787,3,0,0,0,0,0,0,0,0,3789,28,0,0,0,0,0,0,0,0
8,2017-04-21,09:00:03,920,jd1709,XDCE,3783,3783,3799,1674,63498960,181240,180742,3953,3577,3765,3809,0,3799,0,0,0,2017-04-21,32403920,3783,35,0,0,0,0,0,0,0,0,3789,2,0,0,0,0,0,0,0,0
9,2017-04-21,09:00:04,429,jd1709,XDCE,3789,3783,3799,1778,67437860,181238,180742,3953,3577,3765,3809,0,3799,0,0,0,2017-04-21,32404429,3789,22,0,0,0,0,0,0,0,0,3790,12,0,0,0,0,0,0,0,0
10,2017-04-21,09:00:04,935,jd1709,XDCE,3789,3783,3799,1898,71986560,181188,180742,3953,3577,3765,3809,0,3799,0,0,0,2017-04-21,32404935,3789,17,0,0,0,0,0,0,0,0,3791,8,0,0,0,0,0,0,0,0
11,2017-04-21,09:00:05,430,jd1709,XDCE,3791,3783,3799,2106,79868160,181186,180742,3953,3577,3765,3809,0,3799,0,0,0,2017-04-21,32405430,3791,5,0,0,0,0,0,0,0,0,3792,15,0,0,0,0,0,0,0,0
12,2017-04-21,09:00:05,924,jd1709,XDCE,3791,3783,3799,2200,83429900,181212,180742,3953,3577,3765,3809,0,3799,0,0,0,2017-04-21,32405924,3789,1,0,0,0,0,0,0,0,0,3791,16,0,0,0,0,0,0,0,0
13,2017-04-21,09:00:06,414,jd1709,XDCE,3791,3783,3799,2338,88661300,181196,180742,3953,3577,3765,3809,0,3799,0,0,0,2017-04-21,32406414,3791,4,0,0,0,0,0,0,0,0,3792,13,0,0,0,0,0,0,0,0
14,2017-04-21,09:00:06,892,jd1709,XDCE,3792,3783,3799,2366,89723060,181186,180742,3953,3577,3765,3809,0,3799,0,0,0,2017-04-21,32406892,3791,23,0,0,0,0,0,0,0,0,3794,2,0,0,0,0,0,0,0,0
15,2017-04-21,09:00:07,430,jd1709,XDCE,3794,3783,3799,2402,91087980,181186,180742,3953,3577,3765,3809,0,3799,0,0,0,2017-04-21,32407430,3791,11,0,0,0,0,0,0,0,0,3794,2,0,0,0,0,0,0,0,0
16,2017-04-21,09:00:07,899,jd1709,XDCE,3791,3783,3799,2436,92377440,181180,180742,3953,3577,3765,3809,0,3799,0,0,0,2017-04-21,32407899,3791,6,0,0,0,0,0,0,0,0,3794,28,0,0,0,0,0,0,0,0
17,2017-04-21,09:00:08,400,jd1709,XDCE,3791,3783,3799,2486,94273540,181152,180742,3953,3577,3765,3809,0,3799,0,0,0,2017-04-21,32408400,3791,17,0,0,0,0,0,0,0,0,3794,1,0,0,0,0,0,0,0,0
18,2017-04-21,09:00:08,902,jd1709,XDCE,3791,3783,3799,2518,95487360,181150,180742,3953,3577,3765,3809,0,3799,0,0,0,2017-04-21,32408902,3791,21,0,0,0,0,0,0,0,0,3795,24,0,0,0,0,0,0,0,0
19,2017-04-21,09:00:09,416,jd1709,XDCE,3793,3783,3799,2552,96776580,181144,180742,3953,3577,3765,3809,0,3799,0,0,0,2017-04-21,32409416,3792,1,0,0,0,0,0,0,0,0,3793,1,0,0,0,0,0,0,0,0
20,2017-04-21,09:00:09,896,jd1709,XDCE,3792,3783,3799,2602,98672620,181136,180742,3953,3577,3765,3809,0,3799,0,0,0,2017-04-21,32409896,3792,23,0,0,0,0,0,0,0,0,3794,4,0,0,0,0,0,0,0,0
21,2017-04-21,09:00:10,423,jd1709,XDCE,3794,3783,3799,2676,101479300,181082,180742,3953,3577,3765,3809,0,3799,0,0,0,2017-04-21,32410423,3792,4,0,0,0,0,0,0,0,0,3794,5,0,0,0,0,0,0,0,0
22,2017-04-21,09:00:10,903,jd1709,XDCE,3795,3783,3799,2732,103603640,181074,180742,3953,3577,3765,3809,0,3799,0,0,0,2017-04-21,32410903,3794,30,0,0,0,0,0,0,0,0,3795,14,0,0,0,0,0,0,0,0
23,2017-04-21,09:00:11,396,jd1709,XDCE,3794,3783,3799,2738,103831280,181076,180742,3953,3577,3765,3809,0,3799,0,0,0,2017-04-21,32411396,3794,27,0,0,0,0,0,0,0,0,3795,14,0,0,0,0,0,0,0,0
24,2017-04-21,09:00:11,912,jd1709,XDCE,3795,3783,3799,2834,107473780,181064,180742,3953,3577,3765,3809,0,3799,0,0,0,2017-04-21,32411912,3795,14,0,0,0,0,0,0,0,0,3796,1,0,0,0,0,0,0,0,0
25,2017-04-21,09:00:12,392,jd1709,XDCE,3796,3783,3799,2852,108156960,181058,180742,3953,3577,3765,3809,0,3799,0,0,0,2017-04-21,32412392,3796,6,0,0,0,0,0,0,0,0,3797,18,0,0,0,0,0,0,0,0
26,2017-04-21,09:00:12,900,jd1709,XDCE,3796,3783,3799,2876,109068000,181072,180742,3953,3577,3765,3809,0,3799,0,0,0,2017-04-21,32412900,3795,10,0,0,0,0,0,0,0,0,3796,2,0,0,0,0,0,0,0,0
27,2017-04-21,09:00:13,392,jd1709,XDCE,3796,3783,3799,2884,109371680,181076,180742,3953,3577,3765,3809,0,3799,0,0,0,2017-04-21,32413392,3796,7,0,0,0,0,0,0,0,0,3797,16,0,0,0,0,0,0,0,0
28,2017-04-21,09:00:13,903,jd1709,XDCE,3796,3783,3799,2890,109599440,181082,180742,3953,3577,3765,3809,0,3799,0,0,0,2017-04-21,32413903,3796,9,0,0,0,0,0,0,0,0,3797,15,0,0,0,0,0,0,0,0
29,2017-04-21,09:00:14,403,jd1709,XDCE,3797,3783,3799,2914,110510720,181058,180742,3953,3577,3765,3809,0,3799,0,0,0,2017-04-21,32414403,3796,11,0,0,0,0,0,0,0,0,3797,3,0,0,0,0,0,0,0,0
30,2017-04-21,09:00:14,918,jd1709,XDCE,3797,3783,3799,2938,111421880,181064,180742,3953,3577,3765,3809,0,3799,0,0,0,2017-04-21,32414918,3796,4,0,0,0,0,0,0,0,0,3797,1,0,0,0,0,0,0,0,0
31,2017-04-21,09:00:15,421,jd1709,XDCE,3796,3783,3799,2956,112105180,181064,180742,3953,3577,3765,3809,0,3799,0,0,0,2017-04-21,32415421,3795,7,0,0,0,0,0,0,0,0,3796,13,0,0,0,0,0,0,0,0
32,2017-04-21,09:00:15,892,jd1709,XDCE,3797,3783,3799,2994,113547780,181078,180742,3953,3577,3765,3809,0,3799,0,0,0,2017-04-21,32415892,3796,2,0,0,0,0,0,0,0,0,3797,6,0,0,0,0,0,0,0,0
33,2017-04-21,09:00:16,433,jd1709,XDCE,3796,3783,3799,3022,114610740,181076,180742,3953,3577,3765,3809,0,3799,0,0,0,2017-04-21,32416433,3795,8,0,0,0,0,0,0,0,0,3798,19,0,0,0,0,0,0,0,0
34,2017-04-21,09:00:16,887,jd1709,XDCE,3796,3783,3799,3032,114990340,181076,180742,3953,3577,3765,3809,0,3799,0,0,0,2017-04-21,32416887,3795,9,0,0,0,0,0,0,0,0,3796,17,0,0,0,0,0,0,0,0
35,2017-04-21,09:00:17,400,jd1709,XDCE,3795,3783,3799,3040,115294000,181076,180742,3953,3577,3765,3809,0,3799,0,0,0,2017-04-21,32417400,3795,7,0,0,0,0,0,0,0,0,3796,28,0,0,0,0,0,0,0,0
36,2017-04-21,09:00:17,905,jd1709,XDCE,3796,3783,3799,3046,115521740,181080,180742,3953,3577,3765,3809,0,3799,0,0,0,2017-04-21,32417905,3795,6,0,0,0,0,0,0,0,0,3796,26,0,0,0,0,0,0,0,0
37,2017-04-21,09:00:18,437,jd1709,XDCE,3796,3783,3799,3112,118027000,181096,180742,3953,3577,3765,3809,0,3799,0,0,0,2017-04-21,32418437,3796,5,0,0,0,0,0,0,0,0,3797,1,0,0,0,0,0,0,0,0
38,2017-04-21,09:00:18,891,jd1709,XDCE,3796,3783,3799,3166,120076680,181118,180742,3953,3577,3765,3809,0,3799,0,0,0,2017-04-21,32418891,3795,1,0,0,0,0,0,0,0,0,3796,3,0,0,0,0,0,0,0,0
39,2017-04-21,09:00:19,353,jd1709,XDCE,3796,3783,3799,3168,120152600,181118,180742,3953,3577,3765,3809,0,3799,0,0,0,2017-04-21,32419353,3795,4,0,0,0,0,0,0,0,0,3796,3,0,0,0,0,0,0,0,0
40,2017-04-21,09:00:19,868,jd1709,XDCE,3796,3783,3799,3168,120152600,181118,180742,3953,3577,3765,3809,0,3799,0,0,0,2017-04-21,32419868,3795,7,0,0,0,0,0,0,0,0,3796,13,0,0,0,0,0,0,0,0
41,2017-04-21,09:00:20,407,jd1709,XDCE,3795,3783,3799,3186,120835700,181124,180742,3953,3577,3765,3809,0,3799,0,0,0,2017-04-21,32420407,3794,39,0,0,0,0,0,0,0,0,3795,19,0,0,0,0,0,0,0,0
42,2017-04-21,09:00:20,909,jd1709,XDCE,3796,3783,3799,3248,123188840,181114,180742,3953,3577,3765,3809,0,3799,0,0,0,2017-04-21,32420909,3794,39,0,0,0,0,0,0,0,0,3796,29,0,0,0,0,0,0,0,0
43,2017-04-21,09:00:21,430,jd1709,XDCE,3794,3783,3799,3262,123720060,181114,180742,3953,3577,3765,3809,0,3799,0,0,0,2017-04-21,32421430,3794,34,0,0,0,0,0,0,0,0,3796,32,0,0,0,0,0,0,0,0
44,2017-04-21,09:00:21,924,jd1709,XDCE,3796,3783,3799,3276,124251500,181108,180742,3953,3577,3765,3809,0,3799,0,0,0,2017-04-21,32421924,3794,34,0,0,0,0,0,0,0,0,3796,26,0,0,0,0,0,0,0,0
45,2017-04-21,09:00:22,419,jd1709,XDCE,3795,3783,3799,3280,124403320,181112,180742,3953,3577,3765,3809,0,3799,0,0,0,2017-04-21,32422419,3794,34,0,0,0,0,0,0,0,0,3795,9,0,0,0,0,0,0,0,0
46,2017-04-21,09:00:22,927,jd1709,XDCE,3793,3783,3799,3356,127286680,181052,180742,3953,3577,3765,3809,0,3799,0,0,0,2017-04-21,32422927,3793,25,0,0,0,0,0,0,0,0,3794,68,0,0,0,0,0,0,0,0
47,2017-04-21,09:00:23,385,jd1709,XDCE,3794,3783,3799,3368,127741860,181050,180742,3953,3577,3765,3809,0,3799,0,0,0,2017-04-21,32423385,3793,20,0,0,0,0,0,0,0,0,3794,67,0,0,0,0,0,0,0,0
48,2017-04-21,09:00:24,435,jd1709,XDCE,3794,3783,3799,3382,128273020,181046,180742,3953,3577,3765,3809,0,3799,0,0,0,2017-04-21,32424435,3793,27,0,0,0,0,0,0,0,0,3794,60,0,0,0,0,0,0,0,0
49,2017-04-21,09:00:24,892,jd1709,XDCE,3794,3783,3799,3416,129562980,181030,180742,3953,3577,3765,3809,0,3799,0,0,0,2017-04-21,32424892,3793,32,0,0,0,0,0,0,0,0,3794,44,0,0,0,0,0,0,0,0
50,2017-04-21,09:00:25,358,jd1709,XDCE,3793,3783,3799,3480,131990720,181018,180742,3953,3577,3765,3809,0,3799,0,0,0,2017-04-21,32425358,3793,11,0,0,0,0,0,0,0,0,3794,33,0,0,0,0,0,0,0,0
51,2017-04-21,09:00:25,851,jd1709,XDCE,3793,3783,3799,3504,132901060,181026,180742,3953,3577,3765,3809,0,3799,0,0,0,2017-04-21,32425851,3792,14,0,0,0,0,0,0,0,0,3793,7,0,0,0,0,0,0,0,0
52,2017-04-21,09:00:26,396,jd1709,XDCE,3794,3783,3799,3528,133811460,181016,180742,3953,3577,3765,3809,0,3799,0,0,0,2017-04-21,32426396,3792,14,0,0,0,0,0,0,0,0,3794,29,0,0,0,0,0,0,0,0
53,2017-04-21,09:00:26,933,jd1709,XDCE,3794,3783,3799,3528,133811460,181016,180742,3953,3577,3765,3809,0,3799,0,0,0,2017-04-21,32426933,3792,14,0,0,0,0,0,0,0,0,3793,12,0,0,0,0,0,0,0,0
54,2017-04-21,09:00:27,401,jd1709,XDCE,3793,3783,3799,3534,134039020,181018,180742,3953,3577,3765,3809,0,3799,0,0,0,2017-04-21,32427401,3792,14,0,0,0,0,0,0,0,0,3793,10,0,0,0,0,0,0,0,0
55,2017-04-21,09:00:27,856,jd1709,XDCE,3792,3783,3799,3562,135100780,181018,180742,3953,3577,3765,3809,0,3799,0,0,0,2017-04-21,32427856,3791,3,0,0,0,0,0,0,0,0,3793,23,0,0,0,0,0,0,0,0
56,2017-04-21,09:00:28,437,jd1709,XDCE,3793,3783,3799,3608,136845400,181056,180742,3953,3577,3765,3809,0,3799,0,0,0,2017-04-21,32428437,3791,5,0,0,0,0,0,0,0,0,3793,6,0,0,0,0,0,0,0,0
57,2017-04-21,09:00:28,892,jd1709,XDCE,3792,3783,3799,3620,137300540,181048,180742,3953,3577,3765,3809,0,3799,0,0,0,2017-04-21,32428892,3791,11,0,0,0,0,0,0,0,0,3792,30,0,0,0,0,0,0,0,0
58,2017-04-21,09:00:29,417,jd1709,XDCE,3791,3783,3799,3642,138134560,181042,180742,3953,3577,3765,3809,0,3799,0,0,0,2017-04-21,32429417,3790,58,0,0,0,0,0,0,0,0,3791,20,0,0,0,0,0,0,0,0
59,2017-04-21,09:00:29,854,jd1709,XDCE,3791,3783,3799,3682,139650960,181024,180742,3953,3577,3765,3809,0,3799,0,0,0,2017-04-21,32429854,3791,1,0,0,0,0,0,0,0,0,3792,33,0,0,0,0,0,0,0,0
60,2017-04-21,09:00:30,325,jd1709,XDCE,3791,3783,3799,3684,139726780,181026,180742,3953,3577,3765,3809,0,3799,0,0,0,2017-04-21,32430325,3790,58,0,0,0,0,0,0,0,0,3791,5,0,0,0,0,0,0,0,0
61,2017-04-21,09:00:30,920,jd1709,XDCE,3791,3783,3799,3706,140560800,181016,180742,3953,3577,3765,3809,0,3799,0,0,0,2017-04-21,32430920,3790,57,0,0,0,0,0,0,0,0,3791,1,0,0,0,0,0,0,0,0
62,2017-04-21,09:00:31,416,jd1709,XDCE,3790,3783,3799,3738,141773860,181010,180742,3953,3577,3765,3809,0,3799,0,0,0,2017-04-21,32431416,3790,52,0,0,0,0,0,0,0,0,3791,3,0,0,0,0,0,0,0,0
63,2017-04-21,09:00:31,904,jd1709,XDCE,3791,3783,3799,3768,142910900,181014,180742,3953,3577,3765,3809,0,3799,0,0,0,2017-04-21,32431904,3790,39,0,0,0,0,0,0,0,0,3791,8,0,0,0,0,0,0,0,0
64,2017-04-21,09:00:32,432,jd1709,XDCE,3791,3783,3799,3784,143517460,181024,180742,3953,3577,3765,3809,0,3799,0,0,0,2017-04-21,32432432,3791,20,0,0,0,0,0,0,0,0,3792,31,0,0,0,0,0,0,0,0
65,2017-04-21,09:00:32,835,jd1709,XDCE,3791,3783,3799,3832,145337220,181046,180742,3953,3577,3765,3809,0,3799,0,0,0,2017-04-21,32432835,3790,41,0,0,0,0,0,0,0,0,3792,27,0,0,0,0,0,0,0,0
66,2017-04-21,09:00:33,361,jd1709,XDCE,3790,3783,3799,3886,147384300,181012,180742,3953,3577,3765,3809,0,3799,0,0,0,2017-04-21,32433361,3790,28,0,0,0,0,0,0,0,0,3792,17,0,0,0,0,0,0,0,0
67,2017-04-21,09:00:33,897,jd1709,XDCE,3790,3783,3799,3886,147384300,181012,180742,3953,3577,3765,3809,0,3799,0,0,0,2017-04-21,32433897,3791,1,0,0,0,0,0,0,0,0,3792,17,0,0,0,0,0,0,0,0
68,2017-04-21,09:00:34,402,jd1709,XDCE,3790,3783,3799,3952,149885880,181022,180742,3953,3577,3765,3809,0,3799,0,0,0,2017-04-21,32434402,3789,13,0,0,0,0,0,0,0,0,3790,41,0,0,0,0,0,0,0,0
69,2017-04-21,09:00:34,803,jd1709,XDCE,3790,3783,3799,3960,150189080,181028,180742,3953,3577,3765,3809,0,3799,0,0,0,2017-04-21,32434803,3789,13,0,0,0,0,0,0,0,0,3790,37,0,0,0,0,0,0,0,0
70,2017-04-21,09:00:35,418,jd1709,XDCE,3790,3783,3799,3996,151553240,181036,180742,3953,3577,3765,3809,0,3799,0,0,0,2017-04-21,32435418,3788,60,0,0,0,0,0,0,0,0,3790,51,0,0,0,0,0,0,0,0
71,2017-04-21,09:00:35,929,jd1709,XDCE,3788,3783,3799,4014,152235260,181044,180742,3953,3577,3765,3809,0,3799,0,0,0,2017-04-21,32435929,3788,59,0,0,0,0,0,0,0,0,3790,47,0,0,0,0,0,0,0,0
72,2017-04-21,09:00:36,435,jd1709,XDCE,3790,3783,3799,4036,153069040,181052,180742,3953,3577,3765,3809,0,3799,0,0,0,2017-04-21,32436435,3788,59,0,0,0,0,0,0,0,0,3790,43,0,0,0,0,0,0,0,0
73,2017-04-21,09:00:36,933,jd1709,XDCE,3789,3783,3799,4062,154054200,181054,180742,3953,3577,3765,3809,0,3799,0,0,0,2017-04-21,32436933,3789,1,0,0,0,0,0,0,0,0,3790,46,0,0,0,0,0,0,0,0
74,2017-04-21,09:00:37,380,jd1709,XDCE,3788,3783,3799,4076,154584580,181054,180742,3953,3577,3765,3809,0,3799,0,0,0,2017-04-21,32437380,3788,58,0,0,0,0,0,0,0,0,3790,45,0,0,0,0,0,0,0,0
75,2017-04-21,09:00:37,873,jd1709,XDCE,3788,3783,3799,4200,159281820,180996,180742,3953,3577,3765,3809,0,3799,0,0,0,2017-04-21,32437873,3787,12,0,0,0,0,0,0,0,0,3788,11,0,0,0,0,0,0,0,0
76,2017-04-21,09:00:38,357,jd1709,XDCE,3786,3783,3799,4278,162235780,180972,180742,3953,3577,3765,3809,0,3799,0,0,0,2017-04-21,32438357,3785,8,0,0,0,0,0,0,0,0,3786,3,0,0,0,0,0,0,0,0
77,2017-04-21,09:00:38,905,jd1709,XDCE,3785,3783,3799,4292,162765760,180976,180742,3953,3577,3765,3809,0,3799,0,0,0,2017-04-21,32438905,3785,5,0,0,0,0,0,0,0,0,3787,22,0,0,0,0,0,0,0,0
78,2017-04-21,09:00:39,361,jd1709,XDCE,3786,3783,3799,4300,163068640,180972,180742,3953,3577,3765,3809,0,3799,0,0,0,2017-04-21,32439361,3785,4,0,0,0,0,0,0,0,0,3787,21,0,0,0,0,0,0,0,0
79,2017-04-21,09:00:39,930,jd1709,XDCE,3787,3783,3799,4306,163295840,180968,180742,3953,3577,3765,3809,0,3799,0,0,0,2017-04-21,32439930,3785,4,0,0,0,0,0,0,0,0,3787,19,0,0,0,0,0,0,0,0
80,2017-04-21,09:00:40,380,jd1709,XDCE,3787,3783,3799,4330,164204640,180948,180742,3953,3577,3765,3809,0,3799,0,0,0,2017-04-21,32440380,3785,1,0,0,0,0,0,0,0,0,3787,9,0,0,0,0,0,0,0,0
81,2017-04-21,09:00:40,930,jd1709,XDCE,3783,3783,3799,4344,164734500,180944,180742,3953,3577,3765,3809,0,3799,0,0,0,2017-04-21,32440930,3784,3,0,0,0,0,0,0,0,0,3787,12,0,0,0,0,0,0,0,0
82,2017-04-21,09:00:41,411,jd1709,XDCE,3785,3783,3799,4354,165113020,180946,180742,3953,3577,3765,3809,0,3799,0,0,0,2017-04-21,32441411,3784,2,0,0,0,0,0,0,0,0,3787,17,0,0,0,0,0,0,0,0
83,2017-04-21,09:00:41,919,jd1709,XDCE,3787,3783,3799,4370,165718940,180944,180742,3953,3577,3765,3809,0,3799,0,0,0,2017-04-21,32441919,3784,8,0,0,0,0,0,0,0,0,3787,9,0,0,0,0,0,0,0,0
84,2017-04-21,09:00:42,390,jd1709,XDCE,3788,3783,3799,4410,167233640,180946,180742,3953,3577,3765,3809,0,3799,0,0,0,2017-04-21,32442390,3787,2,0,0,0,0,0,0,0,0,3788,29,0,0,0,0,0,0,0,0
85,2017-04-21,09:00:42,932,jd1709,XDCE,3785,3783,3799,4472,169580420,180982,180742,3953,3577,3765,3809,0,3799,0,0,0,2017-04-21,32442932,3785,22,0,0,0,0,0,0,0,0,3787,16,0,0,0,0,0,0,0,0
86,2017-04-21,09:00:43,418,jd1709,XDCE,3785,3783,3799,4488,170186060,180974,180742,3953,3577,3765,3809,0,3799,0,0,0,2017-04-21,32443418,3785,9,0,0,0,0,0,0,0,0,3787,15,0,0,0,0,0,0,0,0
87,2017-04-21,09:00:43,907,jd1709,XDCE,3787,3783,3799,4518,171322160,180996,180742,3953,3577,3765,3809,0,3799,0,0,0,2017-04-21,32443907,3785,11,0,0,0,0,0,0,0,0,3788,29,0,0,0,0,0,0,0,0
88,2017-04-21,09:00:44,399,jd1709,XDCE,3787,3783,3799,4524,171549340,180996,180742,3953,3577,3765,3809,0,3799,0,0,0,2017-04-21,32444399,3785,11,0,0,0,0,0,0,0,0,3787,5,0,0,0,0,0,0,0,0
89,2017-04-21,09:00:44,932,jd1709,XDCE,3788,3783,3799,4546,172382600,180986,180742,3953,3577,3765,3809,0,3799,0,0,0,2017-04-21,32444932,3785,13,0,0,0,0,0,0,0,0,3788,23,0,0,0,0,0,0,0,0
90,2017-04-21,09:00:45,424,jd1709,XDCE,3787,3783,3799,4594,174200440,181018,180742,3953,3577,3765,3809,0,3799,0,0,0,2017-04-21,32445424,3787,56,0,0,0,0,0,0,0,0,3788,15,0,0,0,0,0,0,0,0
91,2017-04-21,09:00:45,937,jd1709,XDCE,3787,3783,3799,4660,176700100,180986,180742,3953,3577,3765,3809,0,3799,0,0,0,2017-04-21,32445937,3787,73,0,0,0,0,0,0,0,0,3789,23,0,0,0,0,0,0,0,0
92,2017-04-21,09:00:46,339,jd1709,XDCE,3789,3783,3799,4672,177154780,180994,180742,3953,3577,3765,3809,0,3799,0,0,0,2017-04-21,32446339,3788,6,0,0,0,0,0,0,0,0,3789,17,0,0,0,0,0,0,0,0
93,2017-04-21,09:00:46,916,jd1709,XDCE,3789,3783,3799,4682,177533660,180994,180742,3953,3577,3765,3809,0,3799,0,0,0,2017-04-21,32446916,3788,5,0,0,0,0,0,0,0,0,3789,13,0,0,0,0,0,0,0,0
94,2017-04-21,09:00:47,425,jd1709,XDCE,3788,3783,3799,4692,177912500,181000,180742,3953,3577,3765,3809,0,3799,0,0,0,2017-04-21,32447425,3788,2,0,0,0,0,0,0,0,0,3789,14,0,0,0,0,0,0,0,0
95,2017-04-21,09:00:47,892,jd1709,XDCE,3789,3783,3799,4712,178670300,181020,180742,3953,3577,3765,3809,0,3799,0,0,0,2017-04-21,32447892,3788,2,0,0,0,0,0,0,0,0,3789,4,0,0,0,0,0,0,0,0
96,2017-04-21,09:00:48,415,jd1709,XDCE,3789,3783,3799,4720,178973420,181016,180742,3953,3577,3765,3809,0,3799,0,0,0,2017-04-21,32448415,3789,4,0,0,0,0,0,0,0,0,3790,53,0,0,0,0,0,0,0,0
97,2017-04-21,09:00:48,893,jd1709,XDCE,3788,3783,3799,4740,179731140,181024,180742,3953,3577,3765,3809,0,3799,0,0,0,2017-04-21,32448893,3788,14,0,0,0,0,0,0,0,0,3790,53,0,0,0,0,0,0,0,0
98,2017-04-21,09:00:49,419,jd1709,XDCE,3790,3783,3799,4744,179882700,181022,180742,3953,3577,3765,3809,0,3799,0,0,0,2017-04-21,32449419,3789,30,0,0,0,0,0,0,0,0,3790,52,0,0,0,0,0,0,0,0
99,2017-04-21,09:00:49,876,jd1709,XDCE,3790,3783,3799,4756,180337400,181022,180742,3953,3577,3765,3809,0,3799,0,0,0,2017-04-21,32449876,3789,27,0,0,0,0,0,0,0,0,3790,51,0,0,0,0,0,0,0,0
100,2017-04-21,09:00:50,433,jd1709,XDCE,3790,3783,3799,4874,184808780,181044,180742,3953,3577,3765,3809,0,3799,0,0,0,2017-04-21,32450433,3788,7,0,0,0,0,0,0,0,0,3790,32,0,0,0,0,0,0,0,0
101,2017-04-21,09:00:50,911,jd1709,XDCE,3790,3783,3799,5014,190113500,181034,180742,3953,3577,3765,3809,0,3799,0,0,0,2017-04-21,32450911,3788,37,0,0,0,0,0,0,0,0,3790,2,0,0,0,0,0,0,0,0
102,2017-04-21,09:00:51,318,jd1709,XDCE,3790,3783,3799,5018,190265100,181034,180742,3953,3577,3765,3809,0,3799,0,0,0,2017-04-21,32451318,3790,10,0,0,0,0,0,0,0,0,3791,11,0,0,0,0,0,0,0,0
103,2017-04-21,09:00:51,776,jd1709,XDCE,3790,3783,3799,5018,190265100,181034,180742,3953,3577,3765,3809,0,3799,0,0,0,2017-04-21,32451776,3790,10,0,0,0,0,0,0,0,0,3791,10,0,0,0,0,0,0,0,0
104,2017-04-21,09:00:52,111,jd1709,XDCE,3790,3783,3799,5030,190719900,181044,180742,3953,3577,3765,3809,0,3799,0,0,0,2017-04-21,32452111,3790,7,0,0,0,0,0,0,0,0,3791,10,0,0,0,0,0,0,0,0
105,2017-04-21,09:00:52,914,jd1709,XDCE,3790,3783,3799,5034,190871520,181042,180742,3953,3577,3765,3809,0,3799,0,0,0,2017-04-21,32452914,3790,7,0,0,0,0,0,0,0,0,3791,9,0,0,0,0,0,0,0,0
106,2017-04-21,09:00:53,380,jd1709,XDCE,3791,3783,3799,5052,191553900,181050,180742,3953,3577,3765,3809,0,3799,0,0,0,2017-04-21,32453380,3790,11,0,0,0,0,0,0,0,0,3791,1,0,0,0,0,0,0,0,0
107,2017-04-21,09:00:53,607,jd1709,XDCE,3791,3783,3799,5054,191629720,181048,180742,3953,3577,3765,3809,0,3799,0,0,0,2017-04-21,32453607,3791,1,0,0,0,0,0,0,0,0,3792,19,0,0,0,0,0,0,0,0
108,2017-04-21,09:00:54,399,jd1709,XDCE,3791,3783,3799,5082,192691300,181044,180742,3953,3577,3765,3809,0,3799,0,0,0,2017-04-21,32454399,3791,19,0,0,0,0,0,0,0,0,3792,4,0,0,0,0,0,0,0,0
109,2017-04-21,09:00:54,844,jd1709,XDCE,3792,3783,3799,5090,192994660,181044,180742,3953,3577,3765,3809,0,3799,0,0,0,2017-04-21,32454844,3792,1,0,0,0,0,0,0,0,0,3793,11,0,0,0,0,0,0,0,0
110,2017-04-21,09:00:55,326,jd1709,XDCE,3792,3783,3799,5092,193070500,181046,180742,3953,3577,3765,3809,0,3799,0,0,0,2017-04-21,32455326,3792,3,0,0,0,0,0,0,0,0,3793,10,0,0,0,0,0,0,0,0
111,2017-04-21,09:00:55,899,jd1709,XDCE,3793,3783,3799,5096,193222220,181046,180742,3953,3577,3765,3809,0,3799,0,0,0,2017-04-21,32455899,3792,3,0,0,0,0,0,0,0,0,3793,8,0,0,0,0,0,0,0,0
112,2017-04-21,09:00:56,420,jd1709,XDCE,3792,3783,3799,5114,193904940,181042,180742,3953,3577,3765,3809,0,3799,0,0,0,2017-04-21,32456420,3792,7,0,0,0,0,0,0,0,0,3794,32,0,0,0,0,0,0,0,0
113,2017-04-21,09:00:56,930,jd1709,XDCE,3792,3783,3799,5124,194284140,181042,180742,3953,3577,3765,3809,0,3799,0,0,0,2017-04-21,32456930,3793,11,0,0,0,0,0,0,0,0,3794,32,0,0,0,0,0,0,0,0
114,2017-04-21,09:00:57,327,jd1709,XDCE,3794,3783,3799,5150,195270560,181016,180742,3953,3577,3765,3809,0,3799,0,0,0,2017-04-21,32457327,3793,24,0,0,0,0,0,0,0,0,3794,20,0,0,0,0,0,0,0,0
115,2017-04-21,09:00:57,891,jd1709,XDCE,3794,3783,3799,5194,196939880,180982,180742,3953,3577,3765,3809,0,3799,0,0,0,2017-04-21,32457891,3793,19,0,0,0,0,0,0,0,0,3795,23,0,0,0,0,0,0,0,0
116,2017-04-21,09:00:58,388,jd1709,XDCE,3794,3783,3799,5198,197091620,180980,180742,3953,3577,3765,3809,0,3799,0,0,0,2017-04-21,32458388,3794,20,0,0,0,0,0,0,0,0,3795,22,0,0,0,0,0,0,0,0
117,2017-04-21,09:00:58,925,jd1709,XDCE,3795,3783,3799,5224,198078280,180982,180742,3953,3577,3765,3809,0,3799,0,0,0,2017-04-21,32458925,3794,31,0,0,0,0,0,0,0,0,3795,11,0,0,0,0,0,0,0,0
118,2017-04-21,09:00:59,419,jd1709,XDCE,3795,3783,3799,5252,199140880,180988,180742,3953,3577,3765,3809,0,3799,0,0,0,2017-04-21,32459419,3795,13,0,0,0,0,0,0,0,0,3796,25,0,0,0,0,0,0,0,0
119,2017-04-21,09:00:59,935,jd1709,XDCE,3795,3783,3799,5256,199292680,180986,180742,3953,3577,3765,3809,0,3799,0,0,0,2017-04-21,32459935,3795,11,0,0,0,0,0,0,0,0,3796,26,0,0,0,0,0,0,0,0
120,2017-04-21,09:01:00,427,jd1709,XDCE,3795,3783,3799,5278,200127740,180982,180742,3953,3577,3765,3809,0,3799,0,0,0,2017-04-21,32460427,3795,8,0,0,0,0,0,0,0,0,3796,18,0,0,0,0,0,0,0,0
121,2017-04-21,09:01:00,906,jd1709,XDCE,3795,3783,3799,5336,202329040,180956,180742,3953,3577,3765,3809,0,3799,0,0,0,2017-04-21,32460906,3794,40,0,0,0,0,0,0,0,0,3795,40,0,0,0,0,0,0,0,0
122,2017-04-21,09:01:01,416,jd1709,XDCE,3795,3783,3799,5338,202404940,180956,180742,3953,3577,3765,3809,0,3799,0,0,0,2017-04-21,32461416,3794,40,0,0,0,0,0,0,0,0,3795,40,0,0,0,0,0,0,0,0
123,2017-04-21,09:01:01,931,jd1709,XDCE,3795,3783,3799,5364,203391620,180942,180742,3953,3577,3765,3809,0,3799,0,0,0,2017-04-21,32461931,3794,35,0,0,0,0,0,0,0,0,3795,28,0,0,0,0,0,0,0,0
124,2017-04-21,09:01:02,426,jd1709,XDCE,3794,3783,3799,5438,206199220,180882,180742,3953,3577,3765,3809,0,3799,0,0,0,2017-04-21,32462426,3793,4,0,0,0,0,0,0,0,0,3794,5,0,0,0,0,0,0,0,0
125,2017-04-21,09:01:02,891,jd1709,XDCE,3794,3783,3799,5500,208551500,180856,180742,3953,3577,3765,3809,0,3799,0,0,0,2017-04-21,32462891,3793,6,0,0,0,0,0,0,0,0,3794,4,0,0,0,0,0,0,0,0
126,2017-04-21,09:01:03,431,jd1709,XDCE,3795,3783,3799,5530,209689800,180848,180742,3953,3577,3765,3809,0,3799,0,0,0,2017-04-21,32463431,3794,14,0,0,0,0,0,0,0,0,3795,22,0,0,0,0,0,0,0,0
127,2017-04-21,09:01:03,916,jd1709,XDCE,3795,3783,3799,5536,209917500,180844,180742,3953,3577,3765,3809,0,3799,0,0,0,2017-04-21,32463916,3794,21,0,0,0,0,0,0,0,0,3795,78,0,0,0,0,0,0,0,0
128,2017-04-21,09:01:04,406,jd1709,XDCE,3795,3783,3799,5540,210069300,180840,180742,3953,3577,3765,3809,0,3799,0,0,0,2017-04-21,32464406,3794,23,0,0,0,0,0,0,0,0,3795,76,0,0,0,0,0,0,0,0
129,2017-04-21,09:01:04,858,jd1709,XDCE,3794,3783,3799,5628,213408040,180844,180742,3953,3577,3765,3809,0,3799,0,0,0,2017-04-21,32464858,3793,6,0,0,0,0,0,0,0,0,3794,5,0,0,0,0,0,0,0,0
130,2017-04-21,09:01:05,383,jd1709,XDCE,3795,3783,3799,5644,214015100,180842,180742,3953,3577,3765,3809,0,3799,0,0,0,2017-04-21,32465383,3793,7,0,0,0,0,0,0,0,0,3794,1,0,0,0,0,0,0,0,0
131,2017-04-21,09:01:05,936,jd1709,XDCE,3794,3783,3799,5652,214318680,180842,180742,3953,3577,3765,3809,0,3799,0,0,0,2017-04-21,32465936,3794,4,0,0,0,0,0,0,0,0,3795,75,0,0,0,0,0,0,0,0
132,2017-04-21,09:01:06,376,jd1709,XDCE,3793,3783,3799,5682,215456860,180840,180742,3953,3577,3765,3809,0,3799,0,0,0,2017-04-21,32466376,3794,1,0,0,0,0,0,0,0,0,3795,71,0,0,0,0,0,0,0,0
133,2017-04-21,09:01:06,901,jd1709,XDCE,3794,3783,3799,5690,215760380,180834,180742,3953,3577,3765,3809,0,3799,0,0,0,2017-04-21,32466901,3793,5,0,0,0,0,0,0,0,0,3794,11,0,0,0,0,0,0,0,0
134,2017-04-21,09:01:07,419,jd1709,XDCE,3794,3783,3799,5714,216670920,180834,180742,3953,3577,3765,3809,0,3799,0,0,0,2017-04-21,32467419,3794,26,0,0,0,0,0,0,0,0,3795,72,0,0,0,0,0,0,0,0
135,2017-04-21,09:01:07,871,jd1709,XDCE,3794,3783,3799,5750,218037100,180832,180742,3953,3577,3765,3809,0,3799,0,0,0,2017-04-21,32467871,3794,25,0,0,0,0,0,0,0,0,3795,56,0,0,0,0,0,0,0,0
136,2017-04-21,09:01:08,344,jd1709,XDCE,3794,3783,3799,5752,218112980,180832,180742,3953,3577,3765,3809,0,3799,0,0,0,2017-04-21,32468344,3794,34,0,0,0,0,0,0,0,0,3795,57,0,0,0,0,0,0,0,0
137,2017-04-21,09:01:08,839,jd1709,XDCE,3795,3783,3799,5896,223576720,180752,180742,3953,3577,3765,3809,0,3799,0,0,0,2017-04-21,32468839,3793,6,0,0,0,0,0,0,0,0,3795,38,0,0,0,0,0,0,0,0
138,2017-04-21,09:01:09,355,jd1709,XDCE,3793,3783,3799,5910,224107740,180760,180742,3953,3577,3765,3809,0,3799,0,0,0,2017-04-21,32469355,3793,4,0,0,0,0,0,0,0,0,3794,13,0,0,0,0,0,0,0,0
139,2017-04-21,09:01:09,932,jd1709,XDCE,3794,3783,3799,5916,224335380,180756,180742,3953,3577,3765,3809,0,3799,0,0,0,2017-04-21,32469932,3793,4,0,0,0,0,0,0,0,0,3794,30,0,0,0,0,0,0,0,0
140,2017-04-21,09:01:10,412,jd1709,XDCE,3794,3783,3799,5928,224790660,180756,180742,3953,3577,3765,3809,0,3799,0,0,0,2017-04-21,32470412,3793,7,0,0,0,0,0,0,0,0,3794,24,0,0,0,0,0,0,0,0
141,2017-04-21,09:01:11,434,jd1709,XDCE,3795,3783,3799,5978,226687680,180748,180742,3953,3577,3765,3809,0,3799,0,0,0,2017-04-21,32471434,3793,29,0,0,0,0,0,0,0,0,3795,42,0,0,0,0,0,0,0,0
142,2017-04-21,09:01:12,403,jd1709,XDCE,3794,3783,3799,5994,227294820,180754,180742,3953,3577,3765,3809,0,3799,0,0,0,2017-04-21,32472403,3794,1,0,0,0,0,0,0,0,0,3795,38,0,0,0,0,0,0,0,0
143,2017-04-21,09:01:12,927,jd1709,XDCE,3794,3783,3799,5994,227294820,180754,180742,3953,3577,3765,3809,0,3799,0,0,0,2017-04-21,32472927,3794,4,0,0,0,0,0,0,0,0,3795,48,0,0,0,0,0,0,0,0
144,2017-04-21,09:01:13,425,jd1709,XDCE,3795,3783,3799,6086,230786160,180712,180742,3953,3577,3765,3809,0,3799,0,0,0,2017-04-21,32473425,3794,5,0,0,0,0,0,0,0,0,3795,5,0,0,0,0,0,0,0,0
145,2017-04-21,09:01:13,926,jd1709,XDCE,3795,3783,3799,6098,231241560,180724,180742,3953,3577,3765,3809,0,3799,0,0,0,2017-04-21,32473926,3795,2,0,0,0,0,0,0,0,0,3796,29,0,0,0,0,0,0,0,0
146,2017-04-21,09:01:14,347,jd1709,XDCE,3795,3783,3799,6108,231621060,180734,180742,3953,3577,3765,3809,0,3799,0,0,0,2017-04-21,32474347,3795,12,0,0,0,0,0,0,0,0,3796,29,0,0,0,0,0,0,0,0
147,2017-04-21,09:01:14,901,jd1709,XDCE,3796,3783,3799,6184,234505580,180738,180742,3953,3577,3765,3809,0,3799,0,0,0,2017-04-21,32474901,3794,5,0,0,0,0,0,0,0,0,3796,9,0,0,0,0,0,0,0,0
148,2017-04-21,09:01:15,375,jd1709,XDCE,3795,3783,3799,6192,234809160,180742,180742,3953,3577,3765,3809,0,3799,0,0,0,2017-04-21,32475375,3794,4,0,0,0,0,0,0,0,0,3796,9,0,0,0,0,0,0,0,0
149,2017-04-21,09:01:15,920,jd1709,XDCE,3795,3783,3799,6192,234809160,180742,180742,3953,3577,3765,3809,0,3799,0,0,0,2017-04-21,32475920,3795,1,0,0,0,0,0,0,0,0,3796,10,0,0,0,0,0,0,0,0
150,2017-04-21,09:01:16,365,jd1709,XDCE,3797,3783,3799,6220,235872120,180746,180742,3953,3577,3765,3809,0,3799,0,0,0,2017-04-21,32476365,3796,18,0,0,0,0,0,0,0,0,3797,18,0,0,0,0,0,0,0,0
151,2017-04-21,09:01:16,864,jd1709,XDCE,3797,3783,3799,6232,236327760,180758,180742,3953,3577,3765,3809,0,3799,0,0,0,2017-04-21,32476864,3796,23,0,0,0,0,0,0,0,0,3797,12,0,0,0,0,0,0,0,0
152,2017-04-21,09:01:17,431,jd1709,XDCE,3796,3783,3799,6244,236783300,180758,180742,3953,3577,3765,3809,0,3799,0,0,0,2017-04-21,32477431,3796,24,0,0,0,0,0,0,0,0,3797,11,0,0,0,0,0,0,0,0
153,2017-04-21,09:01:17,929,jd1709,XDCE,3796,3783,3799,6246,236859220,180758,180742,3953,3577,3765,3809,0,3799,0,0,0,2017-04-21,32477929,3796,24,0,0,0,0,0,0,0,0,3797,14,0,0,0,0,0,0,0,0
154,2017-04-21,09:01:18,408,jd1709,XDCE,3797,3783,3799,6254,237162960,180756,180742,3953,3577,3765,3809,0,3799,0,0,0,2017-04-21,32478408,3796,24,0,0,0,0,0,0,0,0,3797,11,0,0,0,0,0,0,0,0
155,2017-04-21,09:01:18,878,jd1709,XDCE,3796,3783,3799,6258,237314800,180758,180742,3953,3577,3765,3809,0,3799,0,0,0,2017-04-21,32478878,3796,22,0,0,0,0,0,0,0,0,3797,24,0,0,0,0,0,0,0,0
156,2017-04-21,09:01:19,411,jd1709,XDCE,3796,3783,3799,6308,239212820,180742,180742,3953,3577,3765,3809,0,3799,0,0,0,2017-04-21,32479411,3796,6,0,0,0,0,0,0,0,0,3797,26,0,0,0,0,0,0,0,0
157,2017-04-21,09:01:19,931,jd1709,XDCE,3796,3783,3799,6310,239288740,180742,180742,3953,3577,3765,3809,0,3799,0,0,0,2017-04-21,32479931,3796,6,0,0,0,0,0,0,0,0,3797,26,0,0,0,0,0,0,0,0
158,2017-04-21,09:01:20,436,jd1709,XDCE,3797,3783,3799,6356,241035260,180732,180742,3953,3577,3765,3809,0,3799,0,0,0,2017-04-21,32480436,3796,5,0,0,0,0,0,0,0,0,3797,8,0,0,0,0,0,0,0,0
159,2017-04-21,09:01:20,931,jd1709,XDCE,3797,3783,3799,6376,241794620,180716,180742,3953,3577,3765,3809,0,3799,0,0,0,2017-04-21,32480931,3797,8,0,0,0,0,0,0,0,0,3798,77,0,0,0,0,0,0,0,0
160,2017-04-21,09:01:21,124,jd1709,XDCE,3797,3783,3799,6392,242402140,180700,180742,3953,3577,3765,3809,0,3799,0,0,0,2017-04-21,32481124,3796,4,0,0,0,0,0,0,0,0,3797,51,0,0,0,0,0,0,0,0
161,2017-04-21,09:01:21,936,jd1709,XDCE,3797,3783,3799,6428,243768840,180682,180742,3953,3577,3765,3809,0,3799,0,0,0,2017-04-21,32481936,3795,147,0,0,0,0,0,0,0,0,3797,40,0,0,0,0,0,0,0,0
162,2017-04-21,09:01:22,368,jd1709,XDCE,3797,3783,3799,6460,244983880,180686,180742,3953,3577,3765,3809,0,3799,0,0,0,2017-04-21,32482368,3795,147,0,0,0,0,0,0,0,0,3797,26,0,0,0,0,0,0,0,0
163,2017-04-21,09:01:22,875,jd1709,XDCE,3796,3783,3799,6478,245667260,180674,180742,3953,3577,3765,3809,0,3799,0,0,0,2017-04-21,32482875,3796,1,0,0,0,0,0,0,0,0,3797,23,0,0,0,0,0,0,0,0
164,2017-04-21,09:01:23,280,jd1709,XDCE,3796,3783,3799,6484,245895020,180670,180742,3953,3577,3765,3809,0,3799,0,0,0,2017-04-21,32483280,3795,147,0,0,0,0,0,0,0,0,3797,31,0,0,0,0,0,0,0,0
165,2017-04-21,09:01:23,857,jd1709,XDCE,3796,3783,3799,6484,245895020,180670,180742,3953,3577,3765,3809,0,3799,0,0,0,2017-04-21,32483857,3795,147,0,0,0,0,0,0,0,0,3796,10,0,0,0,0,0,0,0,0
166,2017-04-21,09:01:24,429,jd1709,XDCE,3796,3783,3799,6494,246274620,180666,180742,3953,3577,3765,3809,0,3799,0,0,0,2017-04-21,32484429,3795,147,0,0,0,0,0,0,0,0,3796,9,0,0,0,0,0,0,0,0
167,2017-04-21,09:01:24,936,jd1709,XDCE,3796,3783,3799,6494,246274620,180666,180742,3953,3577,3765,3809,0,3799,0,0,0,2017-04-21,32484936,3795,147,0,0,0,0,0,0,0,0,3796,10,0,0,0,0,0,0,0,0
168,2017-04-21,09:01:25,407,jd1709,XDCE,3796,3783,3799,6506,246730140,180668,180742,3953,3577,3765,3809,0,3799,0,0,0,2017-04-21,32485407,3795,147,0,0,0,0,0,0,0,0,3796,6,0,0,0,0,0,0,0,0
169,2017-04-21,09:01:25,931,jd1709,XDCE,3795,3783,3799,6514,247033760,180672,180742,3953,3577,3765,3809,0,3799,0,0,0,2017-04-21,32485931,3795,144,0,0,0,0,0,0,0,0,3796,7,0,0,0,0,0,0,0,0
170,2017-04-21,09:01:26,410,jd1709,XDCE,3795,3783,3799,6518,247185560,180676,180742,3953,3577,3765,3809,0,3799,0,0,0,2017-04-21,32486410,3795,142,0,0,0,0,0,0,0,0,3796,7,0,0,0,0,0,0,0,0
171,2017-04-21,09:01:26,808,jd1709,XDCE,3796,3783,3799,6552,248476200,180644,180742,3953,3577,3765,3809,0,3799,0,0,0,2017-04-21,32486808,3795,143,0,0,0,0,0,0,0,0,3796,16,0,0,0,0,0,0,0,0
172,2017-04-21,09:01:27,341,jd1709,XDCE,3796,3783,3799,6594,250070480,180634,180742,3953,3577,3765,3809,0,3799,0,0,0,2017-04-21,32487341,3795,141,0,0,0,0,0,0,0,0,3796,2,0,0,0,0,0,0,0,0
173,2017-04-21,09:01:27,859,jd1709,XDCE,3796,3783,3799,6598,250222300,180636,180742,3953,3577,3765,3809,0,3799,0,0,0,2017-04-21,32487859,3795,140,0,0,0,0,0,0,0,0,3796,1,0,0,0,0,0,0,0,0
174,2017-04-21,09:01:28,356,jd1709,XDCE,3796,3783,3799,6608,250601880,180636,180742,3953,3577,3765,3809,0,3799,0,0,0,2017-04-21,32488356,3795,139,0,0,0,0,0,0,0,0,3796,2,0,0,0,0,0,0,0,0
175,2017-04-21,09:01:28,898,jd1709,XDCE,3796,3783,3799,6728,255156080,180624,180742,3953,3577,3765,3809,0,3799,0,0,0,2017-04-21,32488898,3795,89,0,0,0,0,0,0,0,0,3796,6,0,0,0,0,0,0,0,0
176,2017-04-21,09:01:29,435,jd1709,XDCE,3795,3783,3799,6908,261987080,180796,180742,3953,3577,3765,3809,0,3799,0,0,0,2017-04-21,32489435,3794,36,0,0,0,0,0,0,0,0,3795,12,0,0,0,0,0,0,0,0
177,2017-04-21,09:01:29,917,jd1709,XDCE,3794,3783,3799,6946,263428920,180808,180742,3953,3577,3765,3809,0,3799,0,0,0,2017-04-21,32489917,3794,23,0,0,0,0,0,0,0,0,3795,9,0,0,0,0,0,0,0,0
178,2017-04-21,09:01:30,390,jd1709,XDCE,3794,3783,3799,6948,263504800,180808,180742,3953,3577,3765,3809,0,3799,0,0,0,2017-04-21,32490390,3794,22,0,0,0,0,0,0,0,0,3795,9,0,0,0,0,0,0,0,0
179,2017-04-21,09:01:30,850,jd1709,XDCE,3795,3783,3799,6952,263656600,180810,180742,3953,3577,3765,3809,0,3799,0,0,0,2017-04-21,32490850,3794,22,0,0,0,0,0,0,0,0,3795,13,0,0,0,0,0,0,0,0
180,2017-04-21,09:01:31,377,jd1709,XDCE,3795,3783,3799,6956,263808400,180812,180742,3953,3577,3765,3809,0,3799,0,0,0,2017-04-21,32491377,3794,22,0,0,0,0,0,0,0,0,3795,12,0,0,0,0,0,0,0,0
181,2017-04-21,09:01:31,893,jd1709,XDCE,3794,3783,3799,6968,264263680,180814,180742,3953,3577,3765,3809,0,3799,0,0,0,2017-04-21,32491893,3794,16,0,0,0,0,0,0,0,0,3795,19,0,0,0,0,0,0,0,0
182,2017-04-21,09:01:32,417,jd1709,XDCE,3794,3783,3799,7004,265629540,180812,180742,3953,3577,3765,3809,0,3799,0,0,0,2017-04-21,32492417,3793,30,0,0,0,0,0,0,0,0,3794,3,0,0,0,0,0,0,0,0
183,2017-04-21,09:01:32,860,jd1709,XDCE,3795,3783,3799,7016,266084880,180818,180742,3953,3577,3765,3809,0,3799,0,0,0,2017-04-21,32492860,3793,29,0,0,0,0,0,0,0,0,3795,125,0,0,0,0,0,0,0,0
184,2017-04-21,09:01:33,406,jd1709,XDCE,3794,3783,3799,7054,267526600,180784,180742,3953,3577,3765,3809,0,3799,0,0,0,2017-04-21,32493406,3793,30,0,0,0,0,0,0,0,0,3794,41,0,0,0,0,0,0,0,0
185,2017-04-21,09:01:33,927,jd1709,XDCE,3794,3783,3799,7060,267754200,180784,180742,3953,3577,3765,3809,0,3799,0,0,0,2017-04-21,32493927,3793,29,0,0,0,0,0,0,0,0,3794,26,0,0,0,0,0,0,0,0
186,2017-04-21,09:01:34,350,jd1709,XDCE,3794,3783,3799,7068,268057720,180790,180742,3953,3577,3765,3809,0,3799,0,0,0,2017-04-21,32494350,3793,29,0,0,0,0,0,0,0,0,3794,22,0,0,0,0,0,0,0,0
187,2017-04-21,09:01:34,809,jd1709,XDCE,3793,3783,3799,7070,268133580,180790,180742,3953,3577,3765,3809,0,3799,0,0,0,2017-04-21,32494809,3793,27,0,0,0,0,0,0,0,0,3794,22,0,0,0,0,0,0,0,0
188,2017-04-21,09:01:35,432,jd1709,XDCE,3793,3783,3799,7086,268740460,180794,180742,3953,3577,3765,3809,0,3799,0,0,0,2017-04-21,32495432,3793,19,0,0,0,0,0,0,0,0,3794,22,0,0,0,0,0,0,0,0
189,2017-04-21,09:01:35,832,jd1709,XDCE,3793,3783,3799,7092,268968060,180790,180742,3953,3577,3765,3809,0,3799,0,0,0,2017-04-21,32495832,3793,17,0,0,0,0,0,0,0,0,3794,21,0,0,0,0,0,0,0,0
190,2017-04-21,09:01:36,407,jd1709,XDCE,3794,3783,3799,7118,269954340,180784,180742,3953,3577,3765,3809,0,3799,0,0,0,2017-04-21,32496407,3793,9,0,0,0,0,0,0,0,0,3794,16,0,0,0,0,0,0,0,0
191,2017-04-21,09:01:36,623,jd1709,XDCE,3794,3783,3799,7176,272154860,180802,180742,3953,3577,3765,3809,0,3799,0,0,0,2017-04-21,32496623,3794,76,0,0,0,0,0,0,0,0,3795,134,0,0,0,0,0,0,0,0
192,2017-04-21,09:01:37,409,jd1709,XDCE,3795,3783,3799,7182,272382560,180808,180742,3953,3577,3765,3809,0,3799,0,0,0,2017-04-21,32497409,3794,76,0,0,0,0,0,0,0,0,3795,131,0,0,0,0,0,0,0,0
193,2017-04-21,09:01:37,860,jd1709,XDCE,3794,3783,3799,7186,272534320,180804,180742,3953,3577,3765,3809,0,3799,0,0,0,2017-04-21,32497860,3794,74,0,0,0,0,0,0,0,0,3795,131,0,0,0,0,0,0,0,0
194,2017-04-21,09:01:38,420,jd1709,XDCE,3794,3783,3799,7186,272534320,180804,180742,3953,3577,3765,3809,0,3799,0,0,0,2017-04-21,32498420,3794,85,0,0,0,0,0,0,0,0,3795,132,0,0,0,0,0,0,0,0
195,2017-04-21,09:01:38,894,jd1709,XDCE,3794,3783,3799,7186,272534320,180804,180742,3953,3577,3765,3809,0,3799,0,0,0,2017-04-21,32498894,3794,86,0,0,0,0,0,0,0,0,3795,132,0,0,0,0,0,0,0,0
196,2017-04-21,09:01:39,385,jd1709,XDCE,3795,3783,3799,7230,274204020,180798,180742,3953,3577,3765,3809,0,3799,0,0,0,2017-04-21,32499385,3794,83,0,0,0,0,0,0,0,0,3795,115,0,0,0,0,0,0,0,0
197,2017-04-21,09:01:39,900,jd1709,XDCE,3795,3783,3799,7246,274811220,180814,180742,3953,3577,3765,3809,0,3799,0,0,0,2017-04-21,32499900,3794,83,0,0,0,0,0,0,0,0,3795,106,0,0,0,0,0,0,0,0
198,2017-04-21,09:01:40,368,jd1709,XDCE,3795,3783,3799,7292,276556680,180814,180742,3953,3577,3765,3809,0,3799,0,0,0,2017-04-21,32500368,3794,78,0,0,0,0,0,0,0,0,3795,96,0,0,0,0,0,0,0,0
199,2017-04-21,09:01:40,909,jd1709,XDCE,3794,3783,3799,7318,277543180,180820,180742,3953,3577,3765,3809,0,3799,0,0,0,2017-04-21,32500909,3794,69,0,0,0,0,0,0,0,0,3795,93,0,0,0,0,0,0,0,0
200,2017-04-21,09:01:41,428,jd1709,XDCE,3794,3783,3799,7318,277543180,180820,180742,3953,3577,3765,3809,0,3799,0,0,0,2017-04-21,32501428,3794,95,0,0,0,0,0,0,0,0,3795,94,0,0,0,0,0,0,0,0
201,2017-04-21,09:01:41,894,jd1709,XDCE,3794,3783,3799,7384,280047220,180760,180742,3953,3577,3765,3809,0,3799,0,0,0,2017-04-21,32501894,3794,62,0,0,0,0,0,0,0,0,3795,94,0,0,0,0,0,0,0,0
202,2017-04-21,09:01:42,430,jd1709,XDCE,3794,3783,3799,7384,280047220,180760,180742,3953,3577,3765,3809,0,3799,0,0,0,2017-04-21,32502430,3794,62,0,0,0,0,0,0,0,0,3795,96,0,0,0,0,0,0,0,0
203,2017-04-21,09:01:43,358,jd1709,XDCE,3795,3783,3799,7392,280350820,180768,180742,3953,3577,3765,3809,0,3799,0,0,0,2017-04-21,32503358,3794,62,0,0,0,0,0,0,0,0,3795,92,0,0,0,0,0,0,0,0
204,2017-04-21,09:01:43,646,jd1709,XDCE,3795,3783,3799,7394,280426720,180770,180742,3953,3577,3765,3809,0,3799,0,0,0,2017-04-21,32503646,3794,62,0,0,0,0,0,0,0,0,3795,91,0,0,0,0,0,0,0,0
205,2017-04-21,09:01:44,408,jd1709,XDCE,3795,3783,3799,7396,280502620,180772,180742,3953,3577,3765,3809,0,3799,0,0,0,2017-04-21,32504408,3794,61,0,0,0,0,0,0,0,0,3795,90,0,0,0,0,0,0,0,0
206,2017-04-21,09:01:44,856,jd1709,XDCE,3795,3783,3799,7576,287333620,180766,180742,3953,3577,3765,3809,0,3799,0,0,0,2017-04-21,32504856,3795,7,0,0,0,0,0,0,0,0,3796,14,0,0,0,0,0,0,0,0
207,2017-04-21,09:01:45,423,jd1709,XDCE,3795,3783,3799,7580,287485420,180766,180742,3953,3577,3765,3809,0,3799,0,0,0,2017-04-21,32505423,3795,5,0,0,0,0,0,0,0,0,3796,14,0,0,0,0,0,0,0,0
208,2017-04-21,09:01:45,917,jd1709,XDCE,3795,3783,3799,7590,287864920,180766,180742,3953,3577,3765,3809,0,3799,0,0,0,2017-04-21,32505917,3794,61,0,0,0,0,0,0,0,0,3796,14,0,0,0,0,0,0,0,0
209,2017-04-21,09:01:46,393,jd1709,XDCE,3794,3783,3799,7608,288547840,180766,180742,3953,3577,3765,3809,0,3799,0,0,0,2017-04-21,32506393,3794,55,0,0,0,0,0,0,0,0,3796,16,0,0,0,0,0,0,0,0
210,2017-04-21,09:01:46,930,jd1709,XDCE,3795,3783,3799,7610,288623740,180766,180742,3953,3577,3765,3809,0,3799,0,0,0,2017-04-21,32506930,3795,7,0,0,0,0,0,0,0,0,3796,16,0,0,0,0,0,0,0,0
211,2017-04-21,09:01:47,383,jd1709,XDCE,3796,3783,3799,7618,288927380,180768,180742,3953,3577,3765,3809,0,3799,0,0,0,2017-04-21,32507383,3795,5,0,0,0,0,0,0,0,0,3796,25,0,0,0,0,0,0,0,0
212,2017-04-21,09:01:47,915,jd1709,XDCE,3796,3783,3799,7622,289079220,180770,180742,3953,3577,3765,3809,0,3799,0,0,0,2017-04-21,32507915,3795,26,0,0,0,0,0,0,0,0,3796,22,0,0,0,0,0,0,0,0
213,2017-04-21,09:01:48,373,jd1709,XDCE,3796,3783,3799,7622,289079220,180770,180742,3953,3577,3765,3809,0,3799,0,0,0,2017-04-21,32508373,3795,28,0,0,0,0,0,0,0,0,3796,23,0,0,0,0,0,0,0,0
214,2017-04-21,09:01:48,854,jd1709,XDCE,3795,3783,3799,7624,289155120,180770,180742,3953,3577,3765,3809,0,3799,0,0,0,2017-04-21,32508854,3795,24,0,0,0,0,0,0,0,0,3796,23,0,0,0,0,0,0,0,0
215,2017-04-21,09:01:49,395,jd1709,XDCE,3796,3783,3799,7626,289231040,180770,180742,3953,3577,3765,3809,0,3799,0,0,0,2017-04-21,32509395,3795,24,0,0,0,0,0,0,0,0,3796,22,0,0,0,0,0,0,0,0
216,2017-04-21,09:01:49,935,jd1709,XDCE,3796,3783,3799,7640,289762460,180766,180742,3953,3577,3765,3809,0,3799,0,0,0,2017-04-21,32509935,3795,23,0,0,0,0,0,0,0,0,3796,27,0,0,0,0,0,0,0,0
217,2017-04-21,09:01:50,431,jd1709,XDCE,3796,3783,3799,7640,289762460,180766,180742,3953,3577,3765,3809,0,3799,0,0,0,2017-04-21,32510431,3795,24,0,0,0,0,0,0,0,0,3796,27,0,0,0,0,0,0,0,0
218,2017-04-21,09:01:50,882,jd1709,XDCE,3796,3783,3799,7642,289838380,180764,180742,3953,3577,3765,3809,0,3799,0,0,0,2017-04-21,32510882,3795,24,0,0,0,0,0,0,0,0,3796,26,0,0,0,0,0,0,0,0
219,2017-04-21,09:01:51,396,jd1709,XDCE,3795,3783,3799,7688,291584080,180762,180742,3953,3577,3765,3809,0,3799,0,0,0,2017-04-21,32511396,3794,62,0,0,0,0,0,0,0,0,3796,26,0,0,0,0,0,0,0,0
220,2017-04-21,09:01:51,873,jd1709,XDCE,3795,3783,3799,7708,292343000,180750,180742,3953,3577,3765,3809,0,3799,0,0,0,2017-04-21,32511873,3794,58,0,0,0,0,0,0,0,0,3796,25,0,0,0,0,0,0,0,0
221,2017-04-21,09:01:52,418,jd1709,XDCE,3795,3783,3799,7708,292343000,180750,180742,3953,3577,3765,3809,0,3799,0,0,0,2017-04-21,32512418,3794,58,0,0,0,0,0,0,0,0,3795,1,0,0,0,0,0,0,0,0
222,2017-04-21,09:01:52,895,jd1709,XDCE,3795,3783,3799,7710,292418900,180752,180742,3953,3577,3765,3809,0,3799,0,0,0,2017-04-21,32512895,3794,58,0,0,0,0,0,0,0,0,3796,27,0,0,0,0,0,0,0,0
223,2017-04-21,09:01:53,356,jd1709,XDCE,3796,3783,3799,7720,292798500,180758,180742,3953,3577,3765,3809,0,3799,0,0,0,2017-04-21,32513356,3794,63,0,0,0,0,0,0,0,0,3796,26,0,0,0,0,0,0,0,0
224,2017-04-21,09:01:53,851,jd1709,XDCE,3795,3783,3799,7742,293633400,180768,180742,3953,3577,3765,3809,0,3799,0,0,0,2017-04-21,32513851,3795,11,0,0,0,0,0,0,0,0,3796,26,0,0,0,0,0,0,0,0
225,2017-04-21,09:01:54,431,jd1709,XDCE,3795,3783,3799,7748,293861100,180774,180742,3953,3577,3765,3809,0,3799,0,0,0,2017-04-21,32514431,3795,11,0,0,0,0,0,0,0,0,3796,26,0,0,0,0,0,0,0,0
226,2017-04-21,09:01:54,894,jd1709,XDCE,3796,3783,3799,7766,294544300,180780,180742,3953,3577,3765,3809,0,3799,0,0,0,2017-04-21,32514894,3795,8,0,0,0,0,0,0,0,0,3796,24,0,0,0,0,0,0,0,0
227,2017-04-21,09:01:55,423,jd1709,XDCE,3795,3783,3799,7768,294620200,180780,180742,3953,3577,3765,3809,0,3799,0,0,0,2017-04-21,32515423,3795,7,0,0,0,0,0,0,0,0,3796,24,0,0,0,0,0,0,0,0
228,2017-04-21,09:01:55,640,jd1709,XDCE,3795,3783,3799,7770,294696100,180782,180742,3953,3577,3765,3809,0,3799,0,0,0,2017-04-21,32515640,3795,6,0,0,0,0,0,0,0,0,3796,24,0,0,0,0,0,0,0,0
229,2017-04-21,09:01:56,417,jd1709,XDCE,3795,3783,3799,7778,294999700,180790,180742,3953,3577,3765,3809,0,3799,0,0,0,2017-04-21,32516417,3795,2,0,0,0,0,0,0,0,0,3796,24,0,0,0,0,0,0,0,0
230,2017-04-21,09:01:56,811,jd1709,XDCE,3796,3783,3799,7830,296973600,180806,180742,3953,3577,3765,3809,0,3799,0,0,0,2017-04-21,32516811,3796,25,0,0,0,0,0,0,0,0,3797,58,0,0,0,0,0,0,0,0
231,2017-04-21,09:01:57,359,jd1709,XDCE,3796,3783,3799,7830,296973600,180806,180742,3953,3577,3765,3809,0,3799,0,0,0,2017-04-21,32517359,3796,35,0,0,0,0,0,0,0,0,3797,58,0,0,0,0,0,0,0,0
232,2017-04-21,09:01:57,907,jd1709,XDCE,3796,3783,3799,7838,297277280,180808,180742,3953,3577,3765,3809,0,3799,0,0,0,2017-04-21,32517907,3796,31,0,0,0,0,0,0,0,0,3797,58,0,0,0,0,0,0,0,0
233,2017-04-21,09:01:58,414,jd1709,XDCE,3797,3783,3799,7854,297884780,180806,180742,3953,3577,3765,3809,0,3799,0,0,0,2017-04-21,32518414,3796,30,0,0,0,0,0,0,0,0,3797,51,0,0,0,0,0,0,0,0
234,2017-04-21,09:01:58,859,jd1709,XDCE,3797,3783,3799,7874,298644180,180806,180742,3953,3577,3765,3809,0,3799,0,0,0,2017-04-21,32518859,3796,30,0,0,0,0,0,0,0,0,3797,41,0,0,0,0,0,0,0,0
235,2017-04-21,09:01:59,357,jd1709,XDCE,3796,3783,3799,7884,299023780,180816,180742,3953,3577,3765,3809,0,3799,0,0,0,2017-04-21,32519357,3796,25,0,0,0,0,0,0,0,0,3797,41,0,0,0,0,0,0,0,0
236,2017-04-21,09:02:00,297,jd1709,XDCE,3796,3783,3799,7884,299023780,180816,180742,3953,3577,3765,3809,0,3799,0,0,0,2017-04-21,32520297,3796,25,0,0,0,0,0,0,0,0,3797,44,0,0,0,0,0,0,0,0
237,2017-04-21,09:02:00,715,jd1709,XDCE,3796,3783,3799,7906,299859060,180820,180742,3953,3577,3765,3809,0,3799,0,0,0,2017-04-21,32520715,3796,22,0,0,0,0,0,0,0,0,3797,36,0,0,0,0,0,0,0,0
238,2017-04-21,09:02:01,261,jd1709,XDCE,3796,3783,3799,7916,300238660,180830,180742,3953,3577,3765,3809,0,3799,0,0,0,2017-04-21,32521261,3796,17,0,0,0,0,0,0,0,0,3797,36,0,0,0,0,0,0,0,0
239,2017-04-21,09:02:02,916,jd1709,XDCE,3796,3783,3799,7950,301529300,180810,180742,3953,3577,3765,3809,0,3799,0,0,0,2017-04-21,32522916,3795,26,0,0,0,0,0,0,0,0,3796,13,0,0,0,0,0,0,0,0
240,2017-04-21,09:02:03,299,jd1709,XDCE,3796,3783,3799,7952,301605220,180808,180742,3953,3577,3765,3809,0,3799,0,0,0,2017-04-21,32523299,3795,79,0,0,0,0,0,0,0,0,3796,12,0,0,0,0,0,0,0,0
241,2017-04-21,09:02:03,817,jd1709,XDCE,3796,3783,3799,7958,301832980,180806,180742,3953,3577,3765,3809,0,3799,0,0,0,2017-04-21,32523817,3795,79,0,0,0,0,0,0,0,0,3796,15,0,0,0,0,0,0,0,0
242,2017-04-21,09:02:04,359,jd1709,XDCE,3797,3783,3799,8068,306009360,180894,180742,3953,3577,3765,3809,0,3799,0,0,0,2017-04-21,32524359,3797,45,0,0,0,0,0,0,0,0,3798,71,0,0,0,0,0,0,0,0
243,2017-04-21,09:02:04,858,jd1709,XDCE,3797,3783,3799,8076,306313120,180900,180742,3953,3577,3765,3809,0,3799,0,0,0,2017-04-21,32524858,3797,41,0,0,0,0,0,0,0,0,3798,70,0,0,0,0,0,0,0,0
244,2017-04-21,09:02:05,410,jd1709,XDCE,3797,3783,3799,8154,309274780,180954,180742,3953,3577,3765,3809,0,3799,0,0,0,2017-04-21,32525410,3797,2,0,0,0,0,0,0,0,0,3798,70,0,0,0,0,0,0,0,0
245,2017-04-21,09:02:05,858,jd1709,XDCE,3797,3783,3799,8172,309958200,180960,180742,3953,3577,3765,3809,0,3799,0,0,0,2017-04-21,32525858,3796,13,0,0,0,0,0,0,0,0,3797,5,0,0,0,0,0,0,0,0
246,2017-04-21,09:02:06,436,jd1709,XDCE,3797,3783,3799,8186,310489740,180964,180742,3953,3577,3765,3809,0,3799,0,0,0,2017-04-21,32526436,3797,3,0,0,0,0,0,0,0,0,3798,70,0,0,0,0,0,0,0,0
247,2017-04-21,09:02:06,928,jd1709,XDCE,3798,3783,3799,8210,311401200,180970,180742,3953,3577,3765,3809,0,3799,0,0,0,2017-04-21,32526928,3797,2,0,0,0,0,0,0,0,0,3798,61,0,0,0,0,0,0,0,0
248,2017-04-21,09:02:07,401,jd1709,XDCE,3798,3783,3799,8212,311477160,180970,180742,3953,3577,3765,3809,0,3799,0,0,0,2017-04-21,32527401,3797,2,0,0,0,0,0,0,0,0,3798,60,0,0,0,0,0,0,0,0
249,2017-04-21,09:02:07,857,jd1709,XDCE,3798,3783,3799,8218,311705020,180974,180742,3953,3577,3765,3809,0,3799,0,0,0,2017-04-21,32527857,3797,32,0,0,0,0,0,0,0,0,3798,58,0,0,0,0,0,0,0,0
250,2017-04-21,09:02:08,435,jd1709,XDCE,3797,3783,3799,8240,312540500,180970,180742,3953,3577,3765,3809,0,3799,0,0,0,2017-04-21,32528435,3797,28,0,0,0,0,0,0,0,0,3798,51,0,0,0,0,0,0,0,0
251,2017-04-21,09:02:08,893,jd1709,XDCE,3797,3783,3799,8240,312540500,180970,180742,3953,3577,3765,3809,0,3799,0,0,0,2017-04-21,32528893,3797,29,0,0,0,0,0,0,0,0,3798,51,0,0,0,0,0,0,0,0
252,2017-04-21,09:02:09,426,jd1709,XDCE,3798,3783,3799,8252,312996260,180958,180742,3953,3577,3765,3809,0,3799,0,0,0,2017-04-21,32529426,3797,29,0,0,0,0,0,0,0,0,3798,45,0,0,0,0,0,0,0,0
253,2017-04-21,09:02:09,905,jd1709,XDCE,3797,3783,3799,8254,313072200,180958,180742,3953,3577,3765,3809,0,3799,0,0,0,2017-04-21,32529905,3797,29,0,0,0,0,0,0,0,0,3798,45,0,0,0,0,0,0,0,0
254,2017-04-21,09:02:10,126,jd1709,XDCE,3797,3783,3799,8270,313679720,180958,180742,3953,3577,3765,3809,0,3799,0,0,0,2017-04-21,32530126,3797,21,0,0,0,0,0,0,0,0,3798,45,0,0,0,0,0,0,0,0
255,2017-04-21,09:02:10,855,jd1709,XDCE,3798,3783,3799,8278,313983560,180950,180742,3953,3577,3765,3809,0,3799,0,0,0,2017-04-21,32530855,3797,26,0,0,0,0,0,0,0,0,3798,41,0,0,0,0,0,0,0,0
256,2017-04-21,09:02:11,361,jd1709,XDCE,3797,3783,3799,8290,314439260,180950,180742,3953,3577,3765,3809,0,3799,0,0,0,2017-04-21,32531361,3797,23,0,0,0,0,0,0,0,0,3798,39,0,0,0,0,0,0,0,0
257,2017-04-21,09:02:11,644,jd1709,XDCE,3798,3783,3799,8298,314743080,180950,180742,3953,3577,3765,3809,0,3799,0,0,0,2017-04-21,32531644,3797,24,0,0,0,0,0,0,0,0,3798,36,0,0,0,0,0,0,0,0
258,2017-04-21,09:02:12,321,jd1709,XDCE,3798,3783,3799,8312,315274800,180950,180742,3953,3577,3765,3809,0,3799,0,0,0,2017-04-21,32532321,3797,28,0,0,0,0,0,0,0,0,3798,29,0,0,0,0,0,0,0,0
259,2017-04-21,09:02:12,921,jd1709,XDCE,3798,3783,3799,8322,315654560,180944,180742,3953,3577,3765,3809,0,3799,0,0,0,2017-04-21,32532921,3797,43,0,0,0,0,0,0,0,0,3798,26,0,0,0,0,0,0,0,0
260,2017-04-21,09:02:13,379,jd1709,XDCE,3798,3783,3799,8356,316945820,180928,180742,3953,3577,3765,3809,0,3799,0,0,0,2017-04-21,32533379,3797,40,0,0,0,0,0,0,0,0,3798,12,0,0,0,0,0,0,0,0
261,2017-04-21,09:02:13,925,jd1709,XDCE,3799,3783,3799,8386,318085240,180932,180742,3953,3577,3765,3809,0,3799,0,0,0,2017-04-21,32533925,3798,18,0,0,0,0,0,0,0,0,3799,103,0,0,0,0,0,0,0,0
262,2017-04-21,09:02:14,848,jd1709,XDCE,3799,3783,3799,8386,318085240,180932,180742,3953,3577,3765,3809,0,3799,0,0,0,2017-04-21,32534848,3798,20,0,0,0,0,0,0,0,0,3799,99,0,0,0,0,0,0,0,0
263,2017-04-21,09:02:15,433,jd1709,XDCE,3798,3783,3799,8396,318465040,180932,180742,3953,3577,3765,3809,0,3799,0,0,0,2017-04-21,32535433,3798,17,0,0,0,0,0,0,0,0,3799,99,0,0,0,0,0,0,0,0
264,2017-04-21,09:02:15,777,jd1709,XDCE,3798,3783,3799,8398,318541000,180930,180742,3953,3577,3765,3809,0,3799,0,0,0,2017-04-21,32535777,3798,27,0,0,0,0,0,0,0,0,3799,99,0,0,0,0,0,0,0,0
265,2017-04-21,09:02:16,433,jd1709,XDCE,3800,3783,3800,8664,328647020,180734,180742,3953,3577,3765,3809,0,3799,0,0,0,2017-04-21,32536433,3799,48,0,0,0,0,0,0,0,0,3800,98,0,0,0,0,0,0,0,0
266,2017-04-21,09:02:16,927,jd1709,XDCE,3801,3783,3801,8936,338983780,180708,180742,3953,3577,3765,3809,0,3799,0,0,0,2017-04-21,32536927,3800,28,0,0,0,0,0,0,0,0,3801,53,0,0,0,0,0,0,0,0
267,2017-04-21,09:02:17,416,jd1709,XDCE,3802,3783,3802,9140,346738760,180594,180742,3953,3577,3765,3809,0,3799,0,0,0,2017-04-21,32537416,3801,176,0,0,0,0,0,0,0,0,3802,17,0,0,0,0,0,0,0,0
268,2017-04-21,09:02:17,931,jd1709,XDCE,3804,3783,3804,9268,351606460,180586,180742,3953,3577,3765,3809,0,3799,0,0,0,2017-04-21,32537931,3804,10,0,0,0,0,0,0,0,0,3805,48,0,0,0,0,0,0,0,0
269,2017-04-21,09:02:18,426,jd1709,XDCE,3804,3783,3805,9348,354650020,180560,180742,3953,3577,3765,3809,0,3799,0,0,0,2017-04-21,32538426,3803,2,0,0,0,0,0,0,0,0,3804,5,0,0,0,0,0,0,0,0
270,2017-04-21,09:02:18,915,jd1709,XDCE,3803,3783,3805,9392,356323640,180552,180742,3953,3577,3765,3809,0,3799,0,0,0,2017-04-21,32538915,3802,11,0,0,0,0,0,0,0,0,3803,6,0,0,0,0,0,0,0,0
271,2017-04-21,09:02:19,302,jd1709,XDCE,3803,3783,3805,9418,357312460,180540,180742,3953,3577,3765,3809,0,3799,0,0,0,2017-04-21,32539302,3803,2,0,0,0,0,0,0,0,0,3804,28,0,0,0,0,0,0,0,0
272,2017-04-21,09:02:19,900,jd1709,XDCE,3804,3783,3805,9428,357692860,180538,180742,3953,3577,3765,3809,0,3799,0,0,0,2017-04-21,32539900,3803,8,0,0,0,0,0,0,0,0,3804,22,0,0,0,0,0,0,0,0
273,2017-04-21,09:02:20,327,jd1709,XDCE,3803,3783,3805,9438,358073180,180528,180742,3953,3577,3765,3809,0,3799,0,0,0,2017-04-21,32540327,3803,4,0,0,0,0,0,0,0,0,3804,21,0,0,0,0,0,0,0,0
274,2017-04-21,09:02:20,926,jd1709,XDCE,3803,3783,3805,9460,358909840,180534,180742,3953,3577,3765,3809,0,3799,0,0,0,2017-04-21,32540926,3804,16,0,0,0,0,0,0,0,0,3805,36,0,0,0,0,0,0,0,0
275,2017-04-21,09:02:21,422,jd1709,XDCE,3804,3783,3805,9462,358985920,180534,180742,3953,3577,3765,3809,0,3799,0,0,0,2017-04-21,32541422,3804,16,0,0,0,0,0,0,0,0,3805,47,0,0,0,0,0,0,0,0
276,2017-04-21,09:02:21,917,jd1709,XDCE,3804,3783,3805,9528,361496720,180534,180742,3953,3577,3765,3809,0,3799,0,0,0,2017-04-21,32541917,3804,92,0,0,0,0,0,0,0,0,3805,28,0,0,0,0,0,0,0,0
277,2017-04-21,09:02:22,358,jd1709,XDCE,3805,3783,3805,9530,361572820,180534,180742,3953,3577,3765,3809,0,3799,0,0,0,2017-04-21,32542358,3804,92,0,0,0,0,0,0,0,0,3805,27,0,0,0,0,0,0,0,0
278,2017-04-21,09:02:22,889,jd1709,XDCE,3805,3783,3805,9606,364464500,180566,180742,3953,3577,3765,3809,0,3799,0,0,0,2017-04-21,32542889,3804,86,0,0,0,0,0,0,0,0,3805,10,0,0,0,0,0,0,0,0
279,2017-04-21,09:02:23,376,jd1709,XDCE,3805,3783,3805,9650,366138620,180580,180742,3953,3577,3765,3809,0,3799,0,0,0,2017-04-21,32543376,3805,57,0,0,0,0,0,0,0,0,3806,64,0,0,0,0,0,0,0,0
280,2017-04-21,09:02:23,908,jd1709,XDCE,3806,3783,3806,9680,367280220,180560,180742,3953,3577,3765,3809,0,3799,0,0,0,2017-04-21,32543908,3805,47,0,0,0,0,0,0,0,0,3806,61,0,0,0,0,0,0,0,0
281,2017-04-21,09:02:24,351,jd1709,XDCE,3806,3783,3806,9730,369182800,180520,180742,3953,3577,3765,3809,0,3799,0,0,0,2017-04-21,32544351,3805,27,0,0,0,0,0,0,0,0,3806,61,0,0,0,0,0,0,0,0
282,2017-04-21,09:02:24,897,jd1709,XDCE,3805,3783,3806,9734,369335000,180518,180742,3953,3577,3765,3809,0,3799,0,0,0,2017-04-21,32544897,3805,31,0,0,0,0,0,0,0,0,3806,61,0,0,0,0,0,0,0,0
283,2017-04-21,09:02:25,369,jd1709,XDCE,3806,3783,3806,9760,370324360,180504,180742,3953,3577,3765,3809,0,3799,0,0,0,2017-04-21,32545369,3805,31,0,0,0,0,0,0,0,0,3806,61,0,0,0,0,0,0,0,0
284,2017-04-21,09:02:25,871,jd1709,XDCE,3806,3783,3806,9866,374358700,180508,180742,3953,3577,3765,3809,0,3799,0,0,0,2017-04-21,32545871,3805,38,0,0,0,0,0,0,0,0,3806,3,0,0,0,0,0,0,0,0
285,2017-04-21,09:02:26,417,jd1709,XDCE,3805,3783,3807,9922,376489660,180484,180742,3953,3577,3765,3809,0,3799,0,0,0,2017-04-21,32546417,3805,17,0,0,0,0,0,0,0,0,3807,22,0,0,0,0,0,0,0,0
286,2017-04-21,09:02:26,784,jd1709,XDCE,3807,3783,3807,9930,376794160,180486,180742,3953,3577,3765,3809,0,3799,0,0,0,2017-04-21,32546784,3806,8,0,0,0,0,0,0,0,0,3807,22,0,0,0,0,0,0,0,0
287,2017-04-21,09:02:27,398,jd1709,XDCE,3806,3783,3807,9952,377631480,180488,180742,3953,3577,3765,3809,0,3799,0,0,0,2017-04-21,32547398,3806,39,0,0,0,0,0,0,0,0,3807,35,0,0,0,0,0,0,0,0
288,2017-04-21,09:02:27,900,jd1709,XDCE,3806,3783,3807,9954,377707600,180488,180742,3953,3577,3765,3809,0,3799,0,0,0,2017-04-21,32547900,3806,44,0,0,0,0,0,0,0,0,3807,35,0,0,0,0,0,0,0,0
289,2017-04-21,09:02:28,433,jd1709,XDCE,3807,3783,3807,10012,379915660,180492,180742,3953,3577,3765,3809,0,3799,0,0,0,2017-04-21,32548433,3806,44,0,0,0,0,0,0,0,0,3807,6,0,0,0,0,0,0,0,0
290,2017-04-21,09:02:28,911,jd1709,XDCE,3807,3783,3807,10036,380829320,180494,180742,3953,3577,3765,3809,0,3799,0,0,0,2017-04-21,32548911,3807,16,0,0,0,0,0,0,0,0,3808,55,0,0,0,0,0,0,0,0
291,2017-04-21,09:02:29,376,jd1709,XDCE,3806,3783,3807,10070,382123680,180514,180742,3953,3577,3765,3809,0,3799,0,0,0,2017-04-21,32549376,3806,43,0,0,0,0,0,0,0,0,3807,21,0,0,0,0,0,0,0,0
292,2017-04-21,09:02:29,926,jd1709,XDCE,3807,3783,3807,10164,385701500,180576,180742,3953,3577,3765,3809,0,3799,0,0,0,2017-04-21,32549926,3806,5,0,0,0,0,0,0,0,0,3807,24,0,0,0,0,0,0,0,0
293,2017-04-21,09:02:30,417,jd1709,XDCE,3806,3783,3807,10182,386386560,180586,180742,3953,3577,3765,3809,0,3799,0,0,0,2017-04-21,32550417,3805,31,0,0,0,0,0,0,0,0,3806,2,0,0,0,0,0,0,0,0
294,2017-04-21,09:02:30,913,jd1709,XDCE,3805,3783,3807,10204,387223680,180606,180742,3953,3577,3765,3809,0,3799,0,0,0,2017-04-21,32550913,3805,21,0,0,0,0,0,0,0,0,3806,12,0,0,0,0,0,0,0,0
295,2017-04-21,09:02:31,402,jd1709,XDCE,3805,3783,3807,10240,388593540,180606,180742,3953,3577,3765,3809,0,3799,0,0,0,2017-04-21,32551402,3805,7,0,0,0,0,0,0,0,0,3806,33,0,0,0,0,0,0,0,0
296,2017-04-21,09:02:31,889,jd1709,XDCE,3805,3783,3807,10272,389811140,180596,180742,3953,3577,3765,3809,0,3799,0,0,0,2017-04-21,32551889,3804,91,0,0,0,0,0,0,0,0,3805,5,0,0,0,0,0,0,0,0
297,2017-04-21,09:02:32,400,jd1709,XDCE,3806,3783,3807,10304,391028840,180578,180742,3953,3577,3765,3809,0,3799,0,0,0,2017-04-21,32552400,3804,89,0,0,0,0,0,0,0,0,3806,28,0,0,0,0,0,0,0,0
298,2017-04-21,09:02:32,862,jd1709,XDCE,3804,3783,3807,10370,393539520,180578,180742,3953,3577,3765,3809,0,3799,0,0,0,2017-04-21,32552862,3804,58,0,0,0,0,0,0,0,0,3805,6,0,0,0,0,0,0,0,0
299,2017-04-21,09:02:33,366,jd1709,XDCE,3806,3783,3807,10400,394681200,180560,180742,3953,3577,3765,3809,0,3799,0,0,0,2017-04-21,32553366,3804,57,0,0,0,0,0,0,0,0,3805,10,0,0,0,0,0,0,0,0
300,2017-04-21,09:02:33,930,jd1709,XDCE,3805,3783,3807,10402,394757300,180560,180742,3953,3577,3765,3809,0,3799,0,0,0,2017-04-21,32553930,3804,57,0,0,0,0,0,0,0,0,3805,10,0,0,0,0,0,0,0,0
301,2017-04-21,09:02:34,417,jd1709,XDCE,3805,3783,3807,10452,396659800,180522,180742,3953,3577,3765,3809,0,3799,0,0,0,2017-04-21,32554417,3804,57,0,0,0,0,0,0,0,0,3805,4,0,0,0,0,0,0,0,0
302,2017-04-21,09:02:34,903,jd1709,XDCE,3805,3783,3807,10476,397572820,180540,180742,3953,3577,3765,3809,0,3799,0,0,0,2017-04-21,32554903,3804,48,0,0,0,0,0,0,0,0,3805,1,0,0,0,0,0,0,0,0
303,2017-04-21,09:02:35,361,jd1709,XDCE,3805,3783,3807,10490,398105500,180540,180742,3953,3577,3765,3809,0,3799,0,0,0,2017-04-21,32555361,3804,47,0,0,0,0,0,0,0,0,3805,10,0,0,0,0,0,0,0,0
304,2017-04-21,09:02:35,878,jd1709,XDCE,3805,3783,3807,10532,399703740,180532,180742,3953,3577,3765,3809,0,3799,0,0,0,2017-04-21,32555878,3805,187,0,0,0,0,0,0,0,0,3806,6,0,0,0,0,0,0,0,0
305,2017-04-21,09:02:36,357,jd1709,XDCE,3806,3783,3807,10544,400160460,180522,180742,3953,3577,3765,3809,0,3799,0,0,0,2017-04-21,32556357,3806,10,0,0,0,0,0,0,0,0,3807,8,0,0,0,0,0,0,0,0
306,2017-04-21,09:02:36,881,jd1709,XDCE,3805,3783,3807,10592,401987320,180528,180742,3953,3577,3765,3809,0,3799,0,0,0,2017-04-21,32556881,3805,196,0,0,0,0,0,0,0,0,3806,1,0,0,0,0,0,0,0,0
307,2017-04-21,09:02:37,329,jd1709,XDCE,3806,3783,3807,10600,402291800,180526,180742,3953,3577,3765,3809,0,3799,0,0,0,2017-04-21,32557329,3806,5,0,0,0,0,0,0,0,0,3807,6,0,0,0,0,0,0,0,0
308,2017-04-21,09:02:37,857,jd1709,XDCE,3806,3783,3807,10612,402748520,180536,180742,3953,3577,3765,3809,0,3799,0,0,0,2017-04-21,32557857,3806,5,0,0,0,0,0,0,0,0,3807,6,0,0,0,0,0,0,0,0
309,2017-04-21,09:02:38,434,jd1709,XDCE,3806,3783,3807,10624,403205240,180540,180742,3953,3577,3765,3809,0,3799,0,0,0,2017-04-21,32558434,3805,196,0,0,0,0,0,0,0,0,3806,4,0,0,0,0,0,0,0,0
310,2017-04-21,09:02:38,921,jd1709,XDCE,3806,3783,3807,10636,403661960,180550,180742,3953,3577,3765,3809,0,3799,0,0,0,2017-04-21,32558921,3806,2,0,0,0,0,0,0,0,0,3807,13,0,0,0,0,0,0,0,0
311,2017-04-21,09:02:39,416,jd1709,XDCE,3805,3783,3807,10654,404347020,180556,180742,3953,3577,3765,3809,0,3799,0,0,0,2017-04-21,32559416,3805,206,0,0,0,0,0,0,0,0,3807,13,0,0,0,0,0,0,0,0
312,2017-04-21,09:02:39,928,jd1709,XDCE,3806,3783,3807,10668,404879860,180544,180742,3953,3577,3765,3809,0,3799,0,0,0,2017-04-21,32559928,3805,224,0,0,0,0,0,0,0,0,3806,4,0,0,0,0,0,0,0,0
313,2017-04-21,09:02:40,431,jd1709,XDCE,3806,3783,3807,10678,405260460,180536,180742,3953,3577,3765,3809,0,3799,0,0,0,2017-04-21,32560431,3805,224,0,0,0,0,0,0,0,0,3807,18,0,0,0,0,0,0,0,0
314,2017-04-21,09:02:40,902,jd1709,XDCE,3806,3783,3807,10702,406174020,180532,180742,3953,3577,3765,3809,0,3799,0,0,0,2017-04-21,32560902,3805,222,0,0,0,0,0,0,0,0,3807,13,0,0,0,0,0,0,0,0
315,2017-04-21,09:02:41,357,jd1709,XDCE,3805,3783,3807,10724,407011140,180550,180742,3953,3577,3765,3809,0,3799,0,0,0,2017-04-21,32561357,3805,211,0,0,0,0,0,0,0,0,3807,16,0,0,0,0,0,0,0,0
316,2017-04-21,09:02:41,928,jd1709,XDCE,3805,3783,3807,10724,407011140,180550,180742,3953,3577,3765,3809,0,3799,0,0,0,2017-04-21,32561928,3805,211,0,0,0,0,0,0,0,0,3807,17,0,0,0,0,0,0,0,0
317,2017-04-21,09:02:42,378,jd1709,XDCE,3806,3783,3807,10760,408381540,180548,180742,3953,3577,3765,3809,0,3799,0,0,0,2017-04-21,32562378,3805,201,0,0,0,0,0,0,0,0,3806,1,0,0,0,0,0,0,0,0
318,2017-04-21,09:02:42,932,jd1709,XDCE,3807,3783,3807,10780,409142880,180554,180742,3953,3577,3765,3809,0,3799,0,0,0,2017-04-21,32562932,3805,34,0,0,0,0,0,0,0,0,3807,20,0,0,0,0,0,0,0,0
319,2017-04-21,09:02:43,426,jd1709,XDCE,3807,3783,3807,10792,409599700,180552,180742,3953,3577,3765,3809,0,3799,0,0,0,2017-04-21,32563426,3806,5,0,0,0,0,0,0,0,0,3807,5,0,0,0,0,0,0,0,0
320,2017-04-21,09:02:43,897,jd1709,XDCE,3806,3783,3807,10816,410513260,180546,180742,3953,3577,3765,3809,0,3799,0,0,0,2017-04-21,32563897,3805,33,0,0,0,0,0,0,0,0,3806,6,0,0,0,0,0,0,0,0
321,2017-04-21,09:02:44,345,jd1709,XDCE,3807,3783,3807,10870,412568920,180514,180742,3953,3577,3765,3809,0,3799,0,0,0,2017-04-21,32564345,3805,30,0,0,0,0,0,0,0,0,3807,22,0,0,0,0,0,0,0,0
322,2017-04-21,09:02:44,885,jd1709,XDCE,3807,3783,3807,10880,412949500,180512,180742,3953,3577,3765,3809,0,3799,0,0,0,2017-04-21,32564885,3806,3,0,0,0,0,0,0,0,0,3807,20,0,0,0,0,0,0,0,0
323,2017-04-21,09:02:45,417,jd1709,XDCE,3807,3783,3807,10882,413025640,180512,180742,3953,3577,3765,3809,0,3799,0,0,0,2017-04-21,32565417,3806,7,0,0,0,0,0,0,0,0,3807,25,0,0,0,0,0,0,0,0
324,2017-04-21,09:02:45,671,jd1709,XDCE,3806,3783,3807,10904,413863040,180506,180742,3953,3577,3765,3809,0,3799,0,0,0,2017-04-21,32565671,3805,31,0,0,0,0,0,0,0,0,3806,6,0,0,0,0,0,0,0,0
325,2017-04-21,09:02:46,385,jd1709,XDCE,3806,3783,3807,10906,413939160,180504,180742,3953,3577,3765,3809,0,3799,0,0,0,2017-04-21,32566385,3805,32,0,0,0,0,0,0,0,0,3806,6,0,0,0,0,0,0,0,0
326,2017-04-21,09:02:46,883,jd1709,XDCE,3806,3783,3807,10920,414471980,180512,180742,3953,3577,3765,3809,0,3799,0,0,0,2017-04-21,32566883,3806,1,0,0,0,0,0,0,0,0,3807,12,0,0,0,0,0,0,0,0
327,2017-04-21,09:02:47,432,jd1709,XDCE,3807,3783,3807,10950,415613820,180528,180742,3953,3577,3765,3809,0,3799,0,0,0,2017-04-21,32567432,3806,1,0,0,0,0,0,0,0,0,3807,10,0,0,0,0,0,0,0,0
328,2017-04-21,09:02:47,893,jd1709,XDCE,3808,3783,3808,10990,417136820,180530,180742,3953,3577,3765,3809,0,3799,0,0,0,2017-04-21,32567893,3807,191,0,0,0,0,0,0,0,0,3808,78,0,0,0,0,0,0,0,0
329,2017-04-21,09:02:48,408,jd1709,XDCE,3808,3783,3808,11032,418736080,180548,180742,3953,3577,3765,3809,0,3799,0,0,0,2017-04-21,32568408,3807,187,0,0,0,0,0,0,0,0,3808,62,0,0,0,0,0,0,0,0
330,2017-04-21,09:02:48,859,jd1709,XDCE,3808,3783,3808,11156,423458000,180642,180742,3953,3577,3765,3809,0,3799,0,0,0,2017-04-21,32568859,3808,15,0,0,0,0,0,0,0,0,3809,25,0,0,0,0,0,0,0,0
331,2017-04-21,09:02:49,430,jd1709,XDCE,3808,3783,3810,11216,425743400,180654,180742,3953,3577,3765,3809,0,3799,0,0,0,2017-04-21,32569430,3809,9,0,0,0,0,0,0,0,0,3810,162,0,0,0,0,0,0,0,0
332,2017-04-21,09:02:49,916,jd1709,XDCE,3810,3783,3810,11258,427343140,180644,180742,3953,3577,3765,3809,0,3799,0,0,0,2017-04-21,32569916,3809,2,0,0,0,0,0,0,0,0,3810,161,0,0,0,0,0,0,0,0
333,2017-04-21,09:02:50,365,jd1709,XDCE,3809,3783,3810,11270,427800300,180650,180742,3953,3577,3765,3809,0,3799,0,0,0,2017-04-21,32570365,3809,5,0,0,0,0,0,0,0,0,3810,157,0,0,0,0,0,0,0,0
334,2017-04-21,09:02:50,668,jd1709,XDCE,3809,3783,3810,11282,428257380,180648,180742,3953,3577,3765,3809,0,3799,0,0,0,2017-04-21,32570668,3809,5,0,0,0,0,0,0,0,0,3810,157,0,0,0,0,0,0,0,0
335,2017-04-21,09:02:51,401,jd1709,XDCE,3809,3783,3810,11296,428790640,180644,180742,3953,3577,3765,3809,0,3799,0,0,0,2017-04-21,32571401,3808,201,0,0,0,0,0,0,0,0,3809,3,0,0,0,0,0,0,0,0
336,2017-04-21,09:02:51,903,jd1709,XDCE,3809,3783,3810,11300,428942980,180640,180742,3953,3577,3765,3809,0,3799,0,0,0,2017-04-21,32571903,3808,200,0,0,0,0,0,0,0,0,3809,7,0,0,0,0,0,0,0,0
337,2017-04-21,09:02:52,356,jd1709,XDCE,3809,3783,3810,11370,431609820,180688,180742,3953,3577,3765,3809,0,3799,0,0,0,2017-04-21,32572356,3809,19,0,0,0,0,0,0,0,0,3810,131,0,0,0,0,0,0,0,0
338,2017-04-21,09:02:52,910,jd1709,XDCE,3809,3783,3810,11376,431838360,180684,180742,3953,3577,3765,3809,0,3799,0,0,0,2017-04-21,32572910,3809,36,0,0,0,0,0,0,0,0,3810,131,0,0,0,0,0,0,0,0
339,2017-04-21,09:02:53,421,jd1709,XDCE,3810,3783,3810,11414,433286020,180692,180742,3953,3577,3765,3809,0,3799,0,0,0,2017-04-21,32573421,3809,31,0,0,0,0,0,0,0,0,3810,119,0,0,0,0,0,0,0,0
340,2017-04-21,09:02:53,897,jd1709,XDCE,3810,3783,3810,11558,438772360,180688,180742,3953,3577,3765,3809,0,3799,0,0,0,2017-04-21,32573897,3809,29,0,0,0,0,0,0,0,0,3810,50,0,0,0,0,0,0,0,0
341,2017-04-21,09:02:54,436,jd1709,XDCE,3810,3783,3810,11658,442581760,180698,180742,3953,3577,3765,3809,0,3799,0,0,0,2017-04-21,32574436,3808,200,0,0,0,0,0,0,0,0,3810,30,0,0,0,0,0,0,0,0
342,2017-04-21,09:02:54,922,jd1709,XDCE,3809,3783,3810,11700,444181540,180684,180742,3953,3577,3765,3809,0,3799,0,0,0,2017-04-21,32574922,3808,200,0,0,0,0,0,0,0,0,3809,21,0,0,0,0,0,0,0,0
343,2017-04-21,09:02:55,371,jd1709,XDCE,3809,3783,3810,11778,447152760,180688,180742,3953,3577,3765,3809,0,3799,0,0,0,2017-04-21,32575371,3809,21,0,0,0,0,0,0,0,0,3810,24,0,0,0,0,0,0,0,0
344,2017-04-21,09:02:55,918,jd1709,XDCE,3809,3783,3810,11792,447686120,180684,180742,3953,3577,3765,3809,0,3799,0,0,0,2017-04-21,32575918,3809,29,0,0,0,0,0,0,0,0,3810,29,0,0,0,0,0,0,0,0
345,2017-04-21,09:02:56,349,jd1709,XDCE,3809,3783,3810,11798,447914680,180682,180742,3953,3577,3765,3809,0,3799,0,0,0,2017-04-21,32576349,3809,27,0,0,0,0,0,0,0,0,3810,48,0,0,0,0,0,0,0,0
346,2017-04-21,09:02:56,923,jd1709,XDCE,3809,3783,3810,11836,449362400,180680,180742,3953,3577,3765,3809,0,3799,0,0,0,2017-04-21,32576923,3809,24,0,0,0,0,0,0,0,0,3810,45,0,0,0,0,0,0,0,0
347,2017-04-21,09:02:57,401,jd1709,XDCE,3810,3783,3810,11864,450429200,180702,180742,3953,3577,3765,3809,0,3799,0,0,0,2017-04-21,32577401,3809,25,0,0,0,0,0,0,0,0,3810,39,0,0,0,0,0,0,0,0
348,2017-04-21,09:02:57,899,jd1709,XDCE,3809,3783,3810,11876,450886280,180694,180742,3953,3577,3765,3809,0,3799,0,0,0,2017-04-21,32577899,3809,21,0,0,0,0,0,0,0,0,3810,40,0,0,0,0,0,0,0,0
349,2017-04-21,09:02:58,436,jd1709,XDCE,3810,3783,3810,12006,455838820,180704,180742,3953,3577,3765,3809,0,3799,0,0,0,2017-04-21,32578436,3810,169,0,0,0,0,0,0,0,0,3811,128,0,0,0,0,0,0,0,0
350,2017-04-21,09:02:58,906,jd1709,XDCE,3810,3783,3810,12374,469859620,180896,180742,3953,3577,3765,3809,0,3799,0,0,0,2017-04-21,32578906,3808,201,0,0,0,0,0,0,0,0,3810,113,0,0,0,0,0,0,0,0
351,2017-04-21,09:02:59,385,jd1709,XDCE,3809,3783,3810,12424,471764400,180874,180742,3953,3577,3765,3809,0,3799,0,0,0,2017-04-21,32579385,3808,200,0,0,0,0,0,0,0,0,3809,14,0,0,0,0,0,0,0,0
352,2017-04-21,09:02:59,856,jd1709,XDCE,3810,3783,3810,12450,472754880,180886,180742,3953,3577,3765,3809,0,3799,0,0,0,2017-04-21,32579856,3808,200,0,0,0,0,0,0,0,0,3809,10,0,0,0,0,0,0,0,0
353,2017-04-21,09:03:00,420,jd1709,XDCE,3810,3783,3810,12554,476717080,180860,180742,3953,3577,3765,3809,0,3799,0,0,0,2017-04-21,32580420,3809,2,0,0,0,0,0,0,0,0,3810,56,0,0,0,0,0,0,0,0
354,2017-04-21,09:03:00,878,jd1709,XDCE,3809,3783,3810,12558,476869460,180860,180742,3953,3577,3765,3809,0,3799,0,0,0,2017-04-21,32580878,3809,4,0,0,0,0,0,0,0,0,3810,60,0,0,0,0,0,0,0,0
355,2017-04-21,09:03:01,360,jd1709,XDCE,3808,3783,3810,12586,477935840,180854,180742,3953,3577,3765,3809,0,3799,0,0,0,2017-04-21,32581360,3808,193,0,0,0,0,0,0,0,0,3810,70,0,0,0,0,0,0,0,0
356,2017-04-21,09:03:01,859,jd1709,XDCE,3809,3783,3810,12660,480755220,180864,180742,3953,3577,3765,3809,0,3799,0,0,0,2017-04-21,32581859,3809,3,0,0,0,0,0,0,0,0,3810,35,0,0,0,0,0,0,0,0
357,2017-04-21,09:03:02,289,jd1709,XDCE,3809,3783,3810,12700,482278680,180866,180742,3953,3577,3765,3809,0,3799,0,0,0,2017-04-21,32582289,3808,187,0,0,0,0,0,0,0,0,3809,22,0,0,0,0,0,0,0,0
358,2017-04-21,09:03:02,904,jd1709,XDCE,3809,3783,3810,12702,482354860,180866,180742,3953,3577,3765,3809,0,3799,0,0,0,2017-04-21,32582904,3808,189,0,0,0,0,0,0,0,0,3809,23,0,0,0,0,0,0,0,0
359,2017-04-21,09:03:03,386,jd1709,XDCE,3809,3783,3810,12704,482431040,180866,180742,3953,3577,3765,3809,0,3799,0,0,0,2017-04-21,32583386,3808,189,0,0,0,0,0,0,0,0,3809,29,0,0,0,0,0,0,0,0
360,2017-04-21,09:03:03,912,jd1709,XDCE,3808,3783,3810,12708,482583360,180862,180742,3953,3577,3765,3809,0,3799,0,0,0,2017-04-21,32583912,3808,187,0,0,0,0,0,0,0,0,3809,29,0,0,0,0,0,0,0,0
361,2017-04-21,09:03:04,421,jd1709,XDCE,3808,3783,3810,12726,483268800,180856,180742,3953,3577,3765,3809,0,3799,0,0,0,2017-04-21,32584421,3808,5,0,0,0,0,0,0,0,0,3809,34,0,0,0,0,0,0,0,0
362,2017-04-21,09:03:04,856,jd1709,XDCE,3806,3783,3810,12766,484791600,180860,180742,3953,3577,3765,3809,0,3799,0,0,0,2017-04-21,32584856,3806,14,0,0,0,0,0,0,0,0,3807,15,0,0,0,0,0,0,0,0
363,2017-04-21,09:03:05,382,jd1709,XDCE,3806,3783,3810,12792,485781260,180860,180742,3953,3577,3765,3809,0,3799,0,0,0,2017-04-21,32585382,3806,6,0,0,0,0,0,0,0,0,3807,11,0,0,0,0,0,0,0,0
364,2017-04-21,09:03:05,822,jd1709,XDCE,3806,3783,3810,12802,486161900,180860,180742,3953,3577,3765,3809,0,3799,0,0,0,2017-04-21,32585822,3805,25,0,0,0,0,0,0,0,0,3807,11,0,0,0,0,0,0,0,0
365,2017-04-21,09:03:06,338,jd1709,XDCE,3805,3783,3810,12812,486542460,180860,180742,3953,3577,3765,3809,0,3799,0,0,0,2017-04-21,32586338,3805,23,0,0,0,0,0,0,0,0,3807,11,0,0,0,0,0,0,0,0
366,2017-04-21,09:03:06,843,jd1709,XDCE,3807,3783,3810,12820,486847020,180862,180742,3953,3577,3765,3809,0,3799,0,0,0,2017-04-21,32586843,3805,22,0,0,0,0,0,0,0,0,3807,13,0,0,0,0,0,0,0,0
367,2017-04-21,09:03:07,357,jd1709,XDCE,3807,3783,3810,12834,487379860,180856,180742,3953,3577,3765,3809,0,3799,0,0,0,2017-04-21,32587357,3805,21,0,0,0,0,0,0,0,0,3807,11,0,0,0,0,0,0,0,0
368,2017-04-21,09:03:07,915,jd1709,XDCE,3806,3783,3810,12838,487532120,180856,180742,3953,3577,3765,3809,0,3799,0,0,0,2017-04-21,32587915,3805,22,0,0,0,0,0,0,0,0,3806,3,0,0,0,0,0,0,0,0
369,2017-04-21,09:03:08,420,jd1709,XDCE,3806,3783,3810,12838,487532120,180856,180742,3953,3577,3765,3809,0,3799,0,0,0,2017-04-21,32588420,3805,23,0,0,0,0,0,0,0,0,3806,3,0,0,0,0,0,0,0,0
370,2017-04-21,09:03:08,907,jd1709,XDCE,3805,3783,3810,12862,488445620,180838,180742,3953,3577,3765,3809,0,3799,0,0,0,2017-04-21,32588907,3805,32,0,0,0,0,0,0,0,0,3807,6,0,0,0,0,0,0,0,0
371,2017-04-21,09:03:09,357,jd1709,XDCE,3805,3783,3810,12862,488445620,180838,180742,3953,3577,3765,3809,0,3799,0,0,0,2017-04-21,32589357,3805,29,0,0,0,0,0,0,0,0,3806,2,0,0,0,0,0,0,0,0
372,2017-04-21,09:03:09,911,jd1709,XDCE,3805,3783,3810,12864,488521720,180838,180742,3953,3577,3765,3809,0,3799,0,0,0,2017-04-21,32589911,3805,30,0,0,0,0,0,0,0,0,3806,2,0,0,0,0,0,0,0,0
373,2017-04-21,09:03:10,436,jd1709,XDCE,3805,3783,3810,12866,488597820,180836,180742,3953,3577,3765,3809,0,3799,0,0,0,2017-04-21,32590436,3805,30,0,0,0,0,0,0,0,0,3806,4,0,0,0,0,0,0,0,0
374,2017-04-21,09:03:10,916,jd1709,XDCE,3805,3783,3810,12868,488673920,180834,180742,3953,3577,3765,3809,0,3799,0,0,0,2017-04-21,32590916,3805,29,0,0,0,0,0,0,0,0,3806,4,0,0,0,0,0,0,0,0
375,2017-04-21,09:03:11,401,jd1709,XDCE,3806,3783,3810,12884,489282860,180828,180742,3953,3577,3765,3809,0,3799,0,0,0,2017-04-21,32591401,3806,2,0,0,0,0,0,0,0,0,3807,16,0,0,0,0,0,0,0,0
376,2017-04-21,09:03:12,420,jd1709,XDCE,3806,3783,3810,12884,489282860,180828,180742,3953,3577,3765,3809,0,3799,0,0,0,2017-04-21,32592420,3806,23,0,0,0,0,0,0,0,0,3807,16,0,0,0,0,0,0,0,0
377,2017-04-21,09:03:12,932,jd1709,XDCE,3805,3783,3810,12958,492099040,180772,180742,3953,3577,3765,3809,0,3799,0,0,0,2017-04-21,32592932,3805,12,0,0,0,0,0,0,0,0,3806,7,0,0,0,0,0,0,0,0
378,2017-04-21,09:03:13,427,jd1709,XDCE,3806,3783,3810,12972,492631880,180770,180742,3953,3577,3765,3809,0,3799,0,0,0,2017-04-21,32593427,3805,12,0,0,0,0,0,0,0,0,3806,9,0,0,0,0,0,0,0,0
379,2017-04-21,09:03:13,922,jd1709,XDCE,3806,3783,3810,12976,492784120,180770,180742,3953,3577,3765,3809,0,3799,0,0,0,2017-04-21,32593922,3805,12,0,0,0,0,0,0,0,0,3806,9,0,0,0,0,0,0,0,0
380,2017-04-21,09:03:14,179,jd1709,XDCE,3805,3783,3810,13004,493849740,180788,180742,3953,3577,3765,3809,0,3799,0,0,0,2017-04-21,32594179,3805,8,0,0,0,0,0,0,0,0,3807,17,0,0,0,0,0,0,0,0
381,2017-04-21,09:03:14,858,jd1709,XDCE,3805,3783,3810,13004,493849740,180788,180742,3953,3577,3765,3809,0,3799,0,0,0,2017-04-21,32594858,3805,12,0,0,0,0,0,0,0,0,3806,3,0,0,0,0,0,0,0,0
382,2017-04-21,09:03:15,406,jd1709,XDCE,3806,3783,3810,13026,494687200,180796,180742,3953,3577,3765,3809,0,3799,0,0,0,2017-04-21,32595406,3805,12,0,0,0,0,0,0,0,0,3807,19,0,0,0,0,0,0,0,0
383,2017-04-21,09:03:15,934,jd1709,XDCE,3805,3783,3810,13028,494763300,180796,180742,3953,3577,3765,3809,0,3799,0,0,0,2017-04-21,32595934,3805,11,0,0,0,0,0,0,0,0,3806,2,0,0,0,0,0,0,0,0
384,2017-04-21,09:03:16,422,jd1709,XDCE,3805,3783,3810,13050,495600400,180800,180742,3953,3577,3765,3809,0,3799,0,0,0,2017-04-21,32596422,3804,22,0,0,0,0,0,0,0,0,3805,9,0,0,0,0,0,0,0,0
385,2017-04-21,09:03:16,877,jd1709,XDCE,3805,3783,3810,13068,496285300,180800,180742,3953,3577,3765,3809,0,3799,0,0,0,2017-04-21,32596877,3805,12,0,0,0,0,0,0,0,0,3806,6,0,0,0,0,0,0,0,0
386,2017-04-21,09:03:17,392,jd1709,XDCE,3806,3783,3810,13070,496361420,180798,180742,3953,3577,3765,3809,0,3799,0,0,0,2017-04-21,32597392,3805,14,0,0,0,0,0,0,0,0,3806,5,0,0,0,0,0,0,0,0
387,2017-04-21,09:03:17,902,jd1709,XDCE,3805,3783,3810,13078,496665840,180796,180742,3953,3577,3765,3809,0,3799,0,0,0,2017-04-21,32597902,3805,12,0,0,0,0,0,0,0,0,3806,8,0,0,0,0,0,0,0,0
388,2017-04-21,09:03:18,396,jd1709,XDCE,3806,3783,3810,13080,496741960,180794,180742,3953,3577,3765,3809,0,3799,0,0,0,2017-04-21,32598396,3805,13,0,0,0,0,0,0,0,0,3806,20,0,0,0,0,0,0,0,0
389,2017-04-21,09:03:18,866,jd1709,XDCE,3805,3783,3810,13122,498340020,180804,180742,3953,3577,3765,3809,0,3799,0,0,0,2017-04-21,32598866,3804,16,0,0,0,0,0,0,0,0,3805,36,0,0,0,0,0,0,0,0
390,2017-04-21,09:03:19,416,jd1709,XDCE,3804,3783,3810,13160,499785600,180804,180742,3953,3577,3765,3809,0,3799,0,0,0,2017-04-21,32599416,3803,30,0,0,0,0,0,0,0,0,3804,10,0,0,0,0,0,0,0,0
391,2017-04-21,09:03:19,925,jd1709,XDCE,3804,3783,3810,13160,499785600,180804,180742,3953,3577,3765,3809,0,3799,0,0,0,2017-04-21,32599925,3803,29,0,0,0,0,0,0,0,0,3804,10,0,0,0,0,0,0,0,0
392,2017-04-21,09:03:20,428,jd1709,XDCE,3804,3783,3810,13160,499785600,180804,180742,3953,3577,3765,3809,0,3799,0,0,0,2017-04-21,32600428,3803,29,0,0,0,0,0,0,0,0,3804,11,0,0,0,0,0,0,0,0
393,2017-04-21,09:03:20,929,jd1709,XDCE,3805,3783,3810,13222,502144420,180778,180742,3953,3577,3765,3809,0,3799,0,0,0,2017-04-21,32600929,3803,32,0,0,0,0,0,0,0,0,3805,35,0,0,0,0,0,0,0,0
394,2017-04-21,09:03:21,420,jd1709,XDCE,3803,3783,3810,13224,502220480,180776,180742,3953,3577,3765,3809,0,3799,0,0,0,2017-04-21,32601420,3803,31,0,0,0,0,0,0,0,0,3805,35,0,0,0,0,0,0,0,0
395,2017-04-21,09:03:21,921,jd1709,XDCE,3804,3783,3810,13228,502372620,180774,180742,3953,3577,3765,3809,0,3799,0,0,0,2017-04-21,32601921,3803,22,0,0,0,0,0,0,0,0,3804,3,0,0,0,0,0,0,0,0
396,2017-04-21,09:03:22,382,jd1709,XDCE,3805,3783,3810,13242,502905180,180774,180742,3953,3577,3765,3809,0,3799,0,0,0,2017-04-21,32602382,3804,102,0,0,0,0,0,0,0,0,3805,47,0,0,0,0,0,0,0,0
397,2017-04-21,09:03:22,920,jd1709,XDCE,3804,3783,3810,13248,503133460,180780,180742,3953,3577,3765,3809,0,3799,0,0,0,2017-04-21,32602920,3804,111,0,0,0,0,0,0,0,0,3805,45,0,0,0,0,0,0,0,0
398,2017-04-21,09:03:23,412,jd1709,XDCE,3804,3783,3810,13272,504046560,180804,180742,3953,3577,3765,3809,0,3799,0,0,0,2017-04-21,32603412,3804,106,0,0,0,0,0,0,0,0,3805,36,0,0,0,0,0,0,0,0
399,2017-04-21,09:03:23,829,jd1709,XDCE,3805,3783,3810,13274,504122660,180806,180742,3953,3577,3765,3809,0,3799,0,0,0,2017-04-21,32603829,3804,107,0,0,0,0,0,0,0,0,3805,35,0,0,0,0,0,0,0,0
400,2017-04-21,09:03:24,399,jd1709,XDCE,3805,3783,3810,13284,504503120,180812,180742,3953,3577,3765,3809,0,3799,0,0,0,2017-04-21,32604399,3804,105,0,0,0,0,0,0,0,0,3805,33,0,0,0,0,0,0,0,0
401,2017-04-21,09:03:24,917,jd1709,XDCE,3805,3783,3810,13358,507318120,180814,180742,3953,3577,3765,3809,0,3799,0,0,0,2017-04-21,32604917,3804,67,0,0,0,0,0,0,0,0,3805,36,0,0,0,0,0,0,0,0
402,2017-04-21,09:03:25,417,jd1709,XDCE,3804,3783,3810,13422,509752700,180818,180742,3953,3577,3765,3809,0,3799,0,0,0,2017-04-21,32605417,3804,36,0,0,0,0,0,0,0,0,3805,35,0,0,0,0,0,0,0,0
403,2017-04-21,09:03:25,897,jd1709,XDCE,3804,3783,3810,13422,509752700,180818,180742,3953,3577,3765,3809,0,3799,0,0,0,2017-04-21,32605897,3804,36,0,0,0,0,0,0,0,0,3805,39,0,0,0,0,0,0,0,0
404,2017-04-21,09:03:26,423,jd1709,XDCE,3805,3783,3810,13474,511731200,180812,180742,3953,3577,3765,3809,0,3799,0,0,0,2017-04-21,32606423,3804,31,0,0,0,0,0,0,0,0,3805,20,0,0,0,0,0,0,0,0
405,2017-04-21,09:03:26,935,jd1709,XDCE,3805,3783,3810,13476,511807300,180814,180742,3953,3577,3765,3809,0,3799,0,0,0,2017-04-21,32606935,3804,31,0,0,0,0,0,0,0,0,3805,36,0,0,0,0,0,0,0,0
406,2017-04-21,09:03:27,413,jd1709,XDCE,3805,3783,3810,13498,512644300,180834,180742,3953,3577,3765,3809,0,3799,0,0,0,2017-04-21,32607413,3804,26,0,0,0,0,0,0,0,0,3805,32,0,0,0,0,0,0,0,0
407,2017-04-21,09:03:27,863,jd1709,XDCE,3804,3783,3810,13558,514926700,180826,180742,3953,3577,3765,3809,0,3799,0,0,0,2017-04-21,32607863,3803,21,0,0,0,0,0,0,0,0,3804,1,0,0,0,0,0,0,0,0
408,2017-04-21,09:03:28,387,jd1709,XDCE,3804,3783,3810,13600,516524760,180796,180742,3953,3577,3765,3809,0,3799,0,0,0,2017-04-21,32608387,3803,24,0,0,0,0,0,0,0,0,3805,15,0,0,0,0,0,0,0,0
409,2017-04-21,09:03:28,923,jd1709,XDCE,3803,3783,3810,13668,519112180,180744,180742,3953,3577,3765,3809,0,3799,0,0,0,2017-04-21,32608923,3803,24,0,0,0,0,0,0,0,0,3805,12,0,0,0,0,0,0,0,0
410,2017-04-21,09:03:29,357,jd1709,XDCE,3804,3783,3810,13674,519340420,180746,180742,3953,3577,3765,3809,0,3799,0,0,0,2017-04-21,32609357,3804,20,0,0,0,0,0,0,0,0,3805,13,0,0,0,0,0,0,0,0
411,2017-04-21,09:03:29,904,jd1709,XDCE,3804,3783,3810,13686,519796940,180758,180742,3953,3577,3765,3809,0,3799,0,0,0,2017-04-21,32609904,3804,16,0,0,0,0,0,0,0,0,3805,11,0,0,0,0,0,0,0,0
412,2017-04-21,09:03:30,385,jd1709,XDCE,3805,3783,3810,13694,520101320,180766,180742,3953,3577,3765,3809,0,3799,0,0,0,2017-04-21,32610385,3804,15,0,0,0,0,0,0,0,0,3805,8,0,0,0,0,0,0,0,0
413,2017-04-21,09:03:30,867,jd1709,XDCE,3805,3783,3810,13700,520329620,180764,180742,3953,3577,3765,3809,0,3799,0,0,0,2017-04-21,32610867,3804,15,0,0,0,0,0,0,0,0,3805,7,0,0,0,0,0,0,0,0
414,2017-04-21,09:03:31,418,jd1709,XDCE,3804,3783,3810,13704,520481780,180764,180742,3953,3577,3765,3809,0,3799,0,0,0,2017-04-21,32611418,3804,13,0,0,0,0,0,0,0,0,3805,7,0,0,0,0,0,0,0,0
415,2017-04-21,09:03:31,933,jd1709,XDCE,3804,3783,3810,13720,521090420,180764,180742,3953,3577,3765,3809,0,3799,0,0,0,2017-04-21,32611933,3804,6,0,0,0,0,0,0,0,0,3805,8,0,0,0,0,0,0,0,0
416,2017-04-21,09:03:32,430,jd1709,XDCE,3804,3783,3810,13720,521090420,180764,180742,3953,3577,3765,3809,0,3799,0,0,0,2017-04-21,32612430,3804,6,0,0,0,0,0,0,0,0,3805,10,0,0,0,0,0,0,0,0
417,2017-04-21,09:03:33,427,jd1709,XDCE,3804,3783,3810,13730,521470900,180772,180742,3953,3577,3765,3809,0,3799,0,0,0,2017-04-21,32613427,3804,5,0,0,0,0,0,0,0,0,3805,9,0,0,0,0,0,0,0,0
418,2017-04-21,09:03:33,857,jd1709,XDCE,3804,3783,3810,13730,521470900,180772,180742,3953,3577,3765,3809,0,3799,0,0,0,2017-04-21,32613857,3804,5,0,0,0,0,0,0,0,0,3805,8,0,0,0,0,0,0,0,0
419,2017-04-21,09:03:34,170,jd1709,XDCE,3804,3783,3810,13730,521470900,180772,180742,3953,3577,3765,3809,0,3799,0,0,0,2017-04-21,32614170,3804,5,0,0,0,0,0,0,0,0,3805,9,0,0,0,0,0,0,0,0
420,2017-04-21,09:03:34,890,jd1709,XDCE,3804,3783,3810,13740,521851300,180780,180742,3953,3577,3765,3809,0,3799,0,0,0,2017-04-21,32614890,3803,24,0,0,0,0,0,0,0,0,3805,9,0,0,0,0,0,0,0,0
421,2017-04-21,09:03:35,377,jd1709,XDCE,3804,3783,3810,13742,521927380,180780,180742,3953,3577,3765,3809,0,3799,0,0,0,2017-04-21,32615377,3803,24,0,0,0,0,0,0,0,0,3804,1,0,0,0,0,0,0,0,0
422,2017-04-21,09:03:35,872,jd1709,XDCE,3805,3783,3810,13814,524665720,180730,180742,3953,3577,3765,3809,0,3799,0,0,0,2017-04-21,32615872,3804,10,0,0,0,0,0,0,0,0,3805,11,0,0,0,0,0,0,0,0
423,2017-04-21,09:03:36,377,jd1709,XDCE,3804,3783,3810,13832,525350440,180730,180742,3953,3577,3765,3809,0,3799,0,0,0,2017-04-21,32616377,3804,1,0,0,0,0,0,0,0,0,3805,11,0,0,0,0,0,0,0,0
424,2017-04-21,09:03:37,381,jd1709,XDCE,3804,3783,3810,13832,525350440,180730,180742,3953,3577,3765,3809,0,3799,0,0,0,2017-04-21,32617381,3804,3,0,0,0,0,0,0,0,0,3805,11,0,0,0,0,0,0,0,0
425,2017-04-21,09:03:37,879,jd1709,XDCE,3805,3783,3810,13856,526263640,180746,180742,3953,3577,3765,3809,0,3799,0,0,0,2017-04-21,32617879,3805,4,0,0,0,0,0,0,0,0,3806,35,0,0,0,0,0,0,0,0
426,2017-04-21,09:03:38,178,jd1709,XDCE,3805,3783,3810,13864,526568040,180754,180742,3953,3577,3765,3809,0,3799,0,0,0,2017-04-21,32618178,3804,1,0,0,0,0,0,0,0,0,3805,2,0,0,0,0,0,0,0,0
427,2017-04-21,09:03:38,857,jd1709,XDCE,3805,3783,3810,13868,526720240,180756,180742,3953,3577,3765,3809,0,3799,0,0,0,2017-04-21,32618857,3804,4,0,0,0,0,0,0,0,0,3805,21,0,0,0,0,0,0,0,0
428,2017-04-21,09:03:39,432,jd1709,XDCE,3804,3783,3810,13920,528698800,180770,180742,3953,3577,3765,3809,0,3799,0,0,0,2017-04-21,32619432,3804,2,0,0,0,0,0,0,0,0,3805,6,0,0,0,0,0,0,0,0
429,2017-04-21,09:03:39,895,jd1709,XDCE,3805,3783,3810,13924,528851000,180774,180742,3953,3577,3765,3809,0,3799,0,0,0,2017-04-21,32619895,3804,2,0,0,0,0,0,0,0,0,3805,13,0,0,0,0,0,0,0,0
430,2017-04-21,09:03:40,268,jd1709,XDCE,3805,3783,3810,13932,529155400,180780,180742,3953,3577,3765,3809,0,3799,0,0,0,2017-04-21,32620268,3804,2,0,0,0,0,0,0,0,0,3805,10,0,0,0,0,0,0,0,0
431,2017-04-21,09:03:40,796,jd1709,XDCE,3805,3783,3810,13936,529307600,180782,180742,3953,3577,3765,3809,0,3799,0,0,0,2017-04-21,32620796,3804,6,0,0,0,0,0,0,0,0,3805,8,0,0,0,0,0,0,0,0
432,2017-04-21,09:03:41,930,jd1709,XDCE,3805,3783,3810,13956,530068600,180766,180742,3953,3577,3765,3809,0,3799,0,0,0,2017-04-21,32621930,3805,10,0,0,0,0,0,0,0,0,3806,34,0,0,0,0,0,0,0,0
433,2017-04-21,09:03:42,356,jd1709,XDCE,3805,3783,3810,13980,530981800,180770,180742,3953,3577,3765,3809,0,3799,0,0,0,2017-04-21,32622356,3804,7,0,0,0,0,0,0,0,0,3806,37,0,0,0,0,0,0,0,0
434,2017-04-21,09:03:43,356,jd1709,XDCE,3804,3783,3810,13990,531362220,180772,180742,3953,3577,3765,3809,0,3799,0,0,0,2017-04-21,32623356,3804,7,0,0,0,0,0,0,0,0,3806,37,0,0,0,0,0,0,0,0
435,2017-04-21,09:03:43,923,jd1709,XDCE,3804,3783,3810,13992,531438300,180770,180742,3953,3577,3765,3809,0,3799,0,0,0,2017-04-21,32623923,3804,6,0,0,0,0,0,0,0,0,3806,37,0,0,0,0,0,0,0,0
436,2017-04-21,09:03:44,383,jd1709,XDCE,3807,3783,3810,14120,536309920,180804,180742,3953,3577,3765,3809,0,3799,0,0,0,2017-04-21,32624383,3806,161,0,0,0,0,0,0,0,0,3808,86,0,0,0,0,0,0,0,0
437,2017-04-21,09:03:44,735,jd1709,XDCE,3807,3783,3810,14120,536309920,180804,180742,3953,3577,3765,3809,0,3799,0,0,0,2017-04-21,32624735,3806,161,0,0,0,0,0,0,0,0,3808,85,0,0,0,0,0,0,0,0
438,2017-04-21,09:03:45,423,jd1709,XDCE,3807,3783,3810,14120,536309920,180804,180742,3953,3577,3765,3809,0,3799,0,0,0,2017-04-21,32625423,3807,6,0,0,0,0,0,0,0,0,3808,85,0,0,0,0,0,0,0,0
439,2017-04-21,09:03:45,882,jd1709,XDCE,3807,3783,3810,14130,536690620,180804,180742,3953,3577,3765,3809,0,3799,0,0,0,2017-04-21,32625882,3807,1,0,0,0,0,0,0,0,0,3808,85,0,0,0,0,0,0,0,0
440,2017-04-21,09:03:46,403,jd1709,XDCE,3807,3783,3810,14174,538366120,180760,180742,3953,3577,3765,3809,0,3799,0,0,0,2017-04-21,32626403,3806,176,0,0,0,0,0,0,0,0,3808,64,0,0,0,0,0,0,0,0
441,2017-04-21,09:03:46,733,jd1709,XDCE,3807,3783,3810,14174,538366120,180760,180742,3953,3577,3765,3809,0,3799,0,0,0,2017-04-21,32626733,3806,176,0,0,0,0,0,0,0,0,3808,65,0,0,0,0,0,0,0,0
442,2017-04-21,09:03:47,311,jd1709,XDCE,3807,3783,3810,14176,538442260,180762,180742,3953,3577,3765,3809,0,3799,0,0,0,2017-04-21,32627311,3807,5,0,0,0,0,0,0,0,0,3808,67,0,0,0,0,0,0,0,0
443,2017-04-21,09:03:47,818,jd1709,XDCE,3808,3783,3810,14182,538670740,180760,180742,3953,3577,3765,3809,0,3799,0,0,0,2017-04-21,32627818,3807,5,0,0,0,0,0,0,0,0,3808,64,0,0,0,0,0,0,0,0
444,2017-04-21,09:03:48,174,jd1709,XDCE,3808,3783,3810,14184,538746900,180758,180742,3953,3577,3765,3809,0,3799,0,0,0,2017-04-21,32628174,3807,5,0,0,0,0,0,0,0,0,3808,63,0,0,0,0,0,0,0,0
445,2017-04-21,09:03:49,328,jd1709,XDCE,3808,3783,3810,14186,538823060,180758,180742,3953,3577,3765,3809,0,3799,0,0,0,2017-04-21,32629328,3807,6,0,0,0,0,0,0,0,0,3808,62,0,0,0,0,0,0,0,0
446,2017-04-21,09:03:49,866,jd1709,XDCE,3807,3783,3810,14188,538899200,180760,180742,3953,3577,3765,3809,0,3799,0,0,0,2017-04-21,32629866,3807,5,0,0,0,0,0,0,0,0,3808,62,0,0,0,0,0,0,0,0
447,2017-04-21,09:03:50,197,jd1709,XDCE,3808,3783,3810,14192,539051520,180760,180742,3953,3577,3765,3809,0,3799,0,0,0,2017-04-21,32630197,3807,5,0,0,0,0,0,0,0,0,3808,60,0,0,0,0,0,0,0,0
448,2017-04-21,09:03:50,928,jd1709,XDCE,3807,3783,3810,14202,539432220,180770,180742,3953,3577,3765,3809,0,3799,0,0,0,2017-04-21,32630928,3806,176,0,0,0,0,0,0,0,0,3808,60,0,0,0,0,0,0,0,0
449,2017-04-21,09:03:51,387,jd1709,XDCE,3807,3783,3810,14202,539432220,180770,180742,3953,3577,3765,3809,0,3799,0,0,0,2017-04-21,32631387,3806,176,0,0,0,0,0,0,0,0,3807,1,0,0,0,0,0,0,0,0
450,2017-04-21,09:03:51,900,jd1709,XDCE,3807,3783,3810,14208,539660660,180768,180742,3953,3577,3765,3809,0,3799,0,0,0,2017-04-21,32631900,3806,13,0,0,0,0,0,0,0,0,3807,42,0,0,0,0,0,0,0,0
451,2017-04-21,09:03:52,233,jd1709,XDCE,3807,3783,3810,14210,539736800,180768,180742,3953,3577,3765,3809,0,3799,0,0,0,2017-04-21,32632233,3806,10,0,0,0,0,0,0,0,0,3807,32,0,0,0,0,0,0,0,0
452,2017-04-21,09:03:52,933,jd1709,XDCE,3807,3783,3810,14244,541031060,180788,180742,3953,3577,3765,3809,0,3799,0,0,0,2017-04-21,32632933,3806,5,0,0,0,0,0,0,0,0,3807,21,0,0,0,0,0,0,0,0
453,2017-04-21,09:03:53,697,jd1709,XDCE,3807,3783,3810,14244,541031060,180788,180742,3953,3577,3765,3809,0,3799,0,0,0,2017-04-21,32633697,3806,5,0,0,0,0,0,0,0,0,3807,27,0,0,0,0,0,0,0,0
454,2017-04-21,09:03:54,368,jd1709,XDCE,3806,3783,3810,14252,541335540,180796,180742,3953,3577,3765,3809,0,3799,0,0,0,2017-04-21,32634368,3806,1,0,0,0,0,0,0,0,0,3807,27,0,0,0,0,0,0,0,0
455,2017-04-21,09:03:54,856,jd1709,XDCE,3805,3783,3810,14302,543238060,180752,180742,3953,3577,3765,3809,0,3799,0,0,0,2017-04-21,32634856,3805,1,0,0,0,0,0,0,0,0,3807,27,0,0,0,0,0,0,0,0
456,2017-04-21,09:03:55,307,jd1709,XDCE,3807,3783,3810,14332,544380000,180752,180742,3953,3577,3765,3809,0,3799,0,0,0,2017-04-21,32635307,3805,1,0,0,0,0,0,0,0,0,3807,23,0,0,0,0,0,0,0,0
457,2017-04-21,09:03:55,889,jd1709,XDCE,3807,3783,3810,14334,544456140,180754,180742,3953,3577,3765,3809,0,3799,0,0,0,2017-04-21,32635889,3805,3,0,0,0,0,0,0,0,0,3806,17,0,0,0,0,0,0,0,0
458,2017-04-21,09:03:56,332,jd1709,XDCE,3807,3783,3810,14334,544456140,180754,180742,3953,3577,3765,3809,0,3799,0,0,0,2017-04-21,32636332,3805,3,0,0,0,0,0,0,0,0,3806,26,0,0,0,0,0,0,0,0
459,2017-04-21,09:03:57,897,jd1709,XDCE,3805,3783,3810,14348,544988840,180758,180742,3953,3577,3765,3809,0,3799,0,0,0,2017-04-21,32637897,3804,11,0,0,0,0,0,0,0,0,3805,1,0,0,0,0,0,0,0,0
460,2017-04-21,09:03:58,357,jd1709,XDCE,3806,3783,3810,14368,545750020,180772,180742,3953,3577,3765,3809,0,3799,0,0,0,2017-04-21,32638357,3804,14,0,0,0,0,0,0,0,0,3806,21,0,0,0,0,0,0,0,0
461,2017-04-21,09:03:58,794,jd1709,XDCE,3806,3783,3810,14368,545750020,180772,180742,3953,3577,3765,3809,0,3799,0,0,0,2017-04-21,32638794,3805,1,0,0,0,0,0,0,0,0,3806,23,0,0,0,0,0,0,0,0
462,2017-04-21,09:03:59,435,jd1709,XDCE,3805,3783,3810,14374,545978360,180772,180742,3953,3577,3765,3809,0,3799,0,0,0,2017-04-21,32639435,3805,5,0,0,0,0,0,0,0,0,3806,21,0,0,0,0,0,0,0,0
463,2017-04-21,09:03:59,842,jd1709,XDCE,3805,3783,3810,14376,546054460,180774,180742,3953,3577,3765,3809,0,3799,0,0,0,2017-04-21,32639842,3805,4,0,0,0,0,0,0,0,0,3806,21,0,0,0,0,0,0,0,0
464,2017-04-21,09:04:00,296,jd1709,XDCE,3805,3783,3810,14384,546358860,180782,180742,3953,3577,3765,3809,0,3799,0,0,0,2017-04-21,32640296,3804,14,0,0,0,0,0,0,0,0,3805,36,0,0,0,0,0,0,0,0
465,2017-04-21,09:04:02,404,jd1709,XDCE,3804,3783,3810,14416,547576140,180774,180742,3953,3577,3765,3809,0,3799,0,0,0,2017-04-21,32642404,3803,24,0,0,0,0,0,0,0,0,3804,23,0,0,0,0,0,0,0,0
466,2017-04-21,09:04:02,855,jd1709,XDCE,3804,3783,3810,14462,549325980,180774,180742,3953,3577,3765,3809,0,3799,0,0,0,2017-04-21,32642855,3803,16,0,0,0,0,0,0,0,0,3805,62,0,0,0,0,0,0,0,0
467,2017-04-21,09:04:03,366,jd1709,XDCE,3805,3783,3810,14466,549478180,180778,180742,3953,3577,3765,3809,0,3799,0,0,0,2017-04-21,32643366,3803,16,0,0,0,0,0,0,0,0,3805,61,0,0,0,0,0,0,0,0
468,2017-04-21,09:04:03,933,jd1709,XDCE,3803,3783,3810,14498,550695160,180806,180742,3953,3577,3765,3809,0,3799,0,0,0,2017-04-21,32643933,3802,14,0,0,0,0,0,0,0,0,3803,14,0,0,0,0,0,0,0,0
469,2017-04-21,09:04:04,430,jd1709,XDCE,3803,3783,3810,14526,551760000,180816,180742,3953,3577,3765,3809,0,3799,0,0,0,2017-04-21,32644430,3802,13,0,0,0,0,0,0,0,0,3803,1,0,0,0,0,0,0,0,0
470,2017-04-21,09:04:04,826,jd1709,XDCE,3805,3783,3810,14536,552140460,180814,180742,3953,3577,3765,3809,0,3799,0,0,0,2017-04-21,32644826,3803,2,0,0,0,0,0,0,0,0,3805,63,0,0,0,0,0,0,0,0
471,2017-04-21,09:04:05,311,jd1709,XDCE,3805,3783,3810,14536,552140460,180814,180742,3953,3577,3765,3809,0,3799,0,0,0,2017-04-21,32645311,3803,6,0,0,0,0,0,0,0,0,3805,63,0,0,0,0,0,0,0,0
472,2017-04-21,09:04:05,914,jd1709,XDCE,3805,3783,3810,14536,552140460,180814,180742,3953,3577,3765,3809,0,3799,0,0,0,2017-04-21,32645914,3803,7,0,0,0,0,0,0,0,0,3805,63,0,0,0,0,0,0,0,0
473,2017-04-21,09:04:06,283,jd1709,XDCE,3805,3783,3810,14536,552140460,180814,180742,3953,3577,3765,3809,0,3799,0,0,0,2017-04-21,32646283,3803,12,0,0,0,0,0,0,0,0,3805,64,0,0,0,0,0,0,0,0
474,2017-04-21,09:04:06,857,jd1709,XDCE,3804,3783,3810,14538,552216540,180814,180742,3953,3577,3765,3809,0,3799,0,0,0,2017-04-21,32646857,3803,14,0,0,0,0,0,0,0,0,3804,3,0,0,0,0,0,0,0,0
475,2017-04-21,09:04:07,383,jd1709,XDCE,3804,3783,3810,14538,552216540,180814,180742,3953,3577,3765,3809,0,3799,0,0,0,2017-04-21,32647383,3803,14,0,0,0,0,0,0,0,0,3804,4,0,0,0,0,0,0,0,0
476,2017-04-21,09:04:07,922,jd1709,XDCE,3804,3783,3810,14546,552520860,180816,180742,3953,3577,3765,3809,0,3799,0,0,0,2017-04-21,32647922,3804,1,0,0,0,0,0,0,0,0,3805,65,0,0,0,0,0,0,0,0
477,2017-04-21,09:04:08,358,jd1709,XDCE,3804,3783,3810,14548,552596940,180816,180742,3953,3577,3765,3809,0,3799,0,0,0,2017-04-21,32648358,3803,17,0,0,0,0,0,0,0,0,3805,66,0,0,0,0,0,0,0,0
478,2017-04-21,09:04:08,577,jd1709,XDCE,3803,3783,3810,14550,552673000,180816,180742,3953,3577,3765,3809,0,3799,0,0,0,2017-04-21,32648577,3803,17,0,0,0,0,0,0,0,0,3805,66,0,0,0,0,0,0,0,0
479,2017-04-21,09:04:09,374,jd1709,XDCE,3803,3783,3810,14550,552673000,180816,180742,3953,3577,3765,3809,0,3799,0,0,0,2017-04-21,32649374,3803,18,0,0,0,0,0,0,0,0,3805,66,0,0,0,0,0,0,0,0
480,2017-04-21,09:04:09,855,jd1709,XDCE,3803,3783,3810,14552,552749060,180816,180742,3953,3577,3765,3809,0,3799,0,0,0,2017-04-21,32649855,3803,17,0,0,0,0,0,0,0,0,3804,13,0,0,0,0,0,0,0,0
481,2017-04-21,09:04:10,403,jd1709,XDCE,3804,3783,3810,14566,553281620,180830,180742,3953,3577,3765,3809,0,3799,0,0,0,2017-04-21,32650403,3803,19,0,0,0,0,0,0,0,0,3804,7,0,0,0,0,0,0,0,0
482,2017-04-21,09:04:10,865,jd1709,XDCE,3803,3783,3810,14568,553357680,180832,180742,3953,3577,3765,3809,0,3799,0,0,0,2017-04-21,32650865,3803,18,0,0,0,0,0,0,0,0,3804,7,0,0,0,0,0,0,0,0
483,2017-04-21,09:04:11,391,jd1709,XDCE,3803,3783,3810,14568,553357680,180832,180742,3953,3577,3765,3809,0,3799,0,0,0,2017-04-21,32651391,3803,18,0,0,0,0,0,0,0,0,3804,8,0,0,0,0,0,0,0,0
484,2017-04-21,09:04:11,658,jd1709,XDCE,3803,3783,3810,14570,553433740,180834,180742,3953,3577,3765,3809,0,3799,0,0,0,2017-04-21,32651658,3803,18,0,0,0,0,0,0,0,0,3804,8,0,0,0,0,0,0,0,0
485,2017-04-21,09:04:12,436,jd1709,XDCE,3803,3783,3810,14582,553890100,180836,180742,3953,3577,3765,3809,0,3799,0,0,0,2017-04-21,32652436,3803,11,0,0,0,0,0,0,0,0,3804,10,0,0,0,0,0,0,0,0
486,2017-04-21,09:04:12,864,jd1709,XDCE,3803,3783,3810,14584,553966160,180836,180742,3953,3577,3765,3809,0,3799,0,0,0,2017-04-21,32652864,3803,10,0,0,0,0,0,0,0,0,3804,10,0,0,0,0,0,0,0,0
487,2017-04-21,09:04:13,371,jd1709,XDCE,3803,3783,3810,14622,555411400,180844,180742,3953,3577,3765,3809,0,3799,0,0,0,2017-04-21,32653371,3802,24,0,0,0,0,0,0,0,0,3803,4,0,0,0,0,0,0,0,0
488,2017-04-21,09:04:13,857,jd1709,XDCE,3803,3783,3810,14628,555639580,180850,180742,3953,3577,3765,3809,0,3799,0,0,0,2017-04-21,32653857,3802,25,0,0,0,0,0,0,0,0,3803,1,0,0,0,0,0,0,0,0
489,2017-04-21,09:04:14,386,jd1709,XDCE,3804,3783,3810,14650,556476440,180860,180742,3953,3577,3765,3809,0,3799,0,0,0,2017-04-21,32654386,3802,15,0,0,0,0,0,0,0,0,3804,5,0,0,0,0,0,0,0,0
490,2017-04-21,09:04:14,903,jd1709,XDCE,3804,3783,3810,14650,556476440,180860,180742,3953,3577,3765,3809,0,3799,0,0,0,2017-04-21,32654903,3803,8,0,0,0,0,0,0,0,0,3804,5,0,0,0,0,0,0,0,0
491,2017-04-21,09:04:15,373,jd1709,XDCE,3803,3783,3810,14652,556552500,180860,180742,3953,3577,3765,3809,0,3799,0,0,0,2017-04-21,32655373,3803,14,0,0,0,0,0,0,0,0,3804,5,0,0,0,0,0,0,0,0
492,2017-04-21,09:04:15,763,jd1709,XDCE,3803,3783,3810,14652,556552500,180860,180742,3953,3577,3765,3809,0,3799,0,0,0,2017-04-21,32655763,3803,13,0,0,0,0,0,0,0,0,3804,5,0,0,0,0,0,0,0,0
493,2017-04-21,09:04:16,389,jd1709,XDCE,3804,3783,3810,14662,556932900,180850,180742,3953,3577,3765,3809,0,3799,0,0,0,2017-04-21,32656389,3804,75,0,0,0,0,0,0,0,0,3805,68,0,0,0,0,0,0,0,0
494,2017-04-21,09:04:16,901,jd1709,XDCE,3804,3783,3810,14676,557465460,180848,180742,3953,3577,3765,3809,0,3799,0,0,0,2017-04-21,32656901,3804,68,0,0,0,0,0,0,0,0,3805,67,0,0,0,0,0,0,0,0
495,2017-04-21,09:04:17,411,jd1709,XDCE,3804,3783,3810,14678,557541540,180848,180742,3953,3577,3765,3809,0,3799,0,0,0,2017-04-21,32657411,3804,72,0,0,0,0,0,0,0,0,3805,67,0,0,0,0,0,0,0,0
496,2017-04-21,09:04:17,918,jd1709,XDCE,3804,3783,3810,14698,558302340,180848,180742,3953,3577,3765,3809,0,3799,0,0,0,2017-04-21,32657918,3804,62,0,0,0,0,0,0,0,0,3805,67,0,0,0,0,0,0,0,0
497,2017-04-21,09:04:18,419,jd1709,XDCE,3805,3783,3810,14700,558378440,180848,180742,3953,3577,3765,3809,0,3799,0,0,0,2017-04-21,32658419,3804,62,0,0,0,0,0,0,0,0,3805,66,0,0,0,0,0,0,0,0
498,2017-04-21,09:04:18,909,jd1709,XDCE,3804,3783,3810,14810,562562860,180848,180742,3953,3577,3765,3809,0,3799,0,0,0,2017-04-21,32658909,3804,8,0,0,0,0,0,0,0,0,3805,68,0,0,0,0,0,0,0,0
499,2017-04-21,09:04:19,356,jd1709,XDCE,3804,3783,3810,14820,562943260,180842,180742,3953,3577,3765,3809,0,3799,0,0,0,2017-04-21,32659356,3804,3,0,0,0,0,0,0,0,0,3805,68,0,0,0,0,0,0,0,0
500,2017-04-21,09:04:19,877,jd1709,XDCE,3803,3783,3810,14828,563247560,180840,180742,3953,3577,3765,3809,0,3799,0,0,0,2017-04-21,32659877,3803,15,0,0,0,0,0,0,0,0,3805,67,0,0,0,0,0,0,0,0
501,2017-04-21,09:04:20,394,jd1709,XDCE,3805,3783,3810,14848,564008560,180860,180742,3953,3577,3765,3809,0,3799,0,0,0,2017-04-21,32660394,3803,15,0,0,0,0,0,0,0,0,3805,58,0,0,0,0,0,0,0,0
502,2017-04-21,09:04:20,855,jd1709,XDCE,3803,3783,3810,14858,564388860,180860,180742,3953,3577,3765,3809,0,3799,0,0,0,2017-04-21,32660855,3803,12,0,0,0,0,0,0,0,0,3805,58,0,0,0,0,0,0,0,0
503,2017-04-21,09:04:21,356,jd1709,XDCE,3803,3783,3810,14860,564464920,180860,180742,3953,3577,3765,3809,0,3799,0,0,0,2017-04-21,32661356,3803,11,0,0,0,0,0,0,0,0,3804,5,0,0,0,0,0,0,0,0
504,2017-04-21,09:04:21,838,jd1709,XDCE,3803,3783,3810,14860,564464920,180860,180742,3953,3577,3765,3809,0,3799,0,0,0,2017-04-21,32661838,3803,11,0,0,0,0,0,0,0,0,3804,7,0,0,0,0,0,0,0,0
505,2017-04-21,09:04:22,342,jd1709,XDCE,3805,3783,3810,14884,565377980,180866,180742,3953,3577,3765,3809,0,3799,0,0,0,2017-04-21,32662342,3803,2,0,0,0,0,0,0,0,0,3805,53,0,0,0,0,0,0,0,0
506,2017-04-21,09:04:22,878,jd1709,XDCE,3803,3783,3810,14944,567659940,180860,180742,3953,3577,3765,3809,0,3799,0,0,0,2017-04-21,32662878,3802,19,0,0,0,0,0,0,0,0,3805,55,0,0,0,0,0,0,0,0
507,2017-04-21,09:04:23,414,jd1709,XDCE,3804,3783,3810,14952,567964260,180860,180742,3953,3577,3765,3809,0,3799,0,0,0,2017-04-21,32663414,3802,19,0,0,0,0,0,0,0,0,3803,1,0,0,0,0,0,0,0,0
508,2017-04-21,09:04:23,758,jd1709,XDCE,3803,3783,3810,14954,568040320,180860,180742,3953,3577,3765,3809,0,3799,0,0,0,2017-04-21,32663758,3803,3,0,0,0,0,0,0,0,0,3804,3,0,0,0,0,0,0,0,0
509,2017-04-21,09:04:24,417,jd1709,XDCE,3803,3783,3810,14956,568116380,180860,180742,3953,3577,3765,3809,0,3799,0,0,0,2017-04-21,32664417,3803,2,0,0,0,0,0,0,0,0,3804,5,0,0,0,0,0,0,0,0
510,2017-04-21,09:04:24,919,jd1709,XDCE,3803,3783,3810,14956,568116380,180860,180742,3953,3577,3765,3809,0,3799,0,0,0,2017-04-21,32664919,3803,3,0,0,0,0,0,0,0,0,3804,5,0,0,0,0,0,0,0,0
511,2017-04-21,09:04:25,357,jd1709,XDCE,3803,3783,3810,14958,568192440,180860,180742,3953,3577,3765,3809,0,3799,0,0,0,2017-04-21,32665357,3803,10,0,0,0,0,0,0,0,0,3804,5,0,0,0,0,0,0,0,0
512,2017-04-21,09:04:25,857,jd1709,XDCE,3803,3783,3810,14958,568192440,180860,180742,3953,3577,3765,3809,0,3799,0,0,0,2017-04-21,32665857,3803,10,0,0,0,0,0,0,0,0,3804,4,0,0,0,0,0,0,0,0
513,2017-04-21,09:04:26,357,jd1709,XDCE,3804,3783,3810,14980,569029320,180864,180742,3953,3577,3765,3809,0,3799,0,0,0,2017-04-21,32666357,3803,10,0,0,0,0,0,0,0,0,3804,1,0,0,0,0,0,0,0,0
514,2017-04-21,09:04:26,833,jd1709,XDCE,3804,3783,3810,14982,569105400,180866,180742,3953,3577,3765,3809,0,3799,0,0,0,2017-04-21,32666833,3803,10,0,0,0,0,0,0,0,0,3804,1,0,0,0,0,0,0,0,0
515,2017-04-21,09:04:27,888,jd1709,XDCE,3804,3783,3810,14984,569181480,180866,180742,3953,3577,3765,3809,0,3799,0,0,0,2017-04-21,32667888,3803,10,0,0,0,0,0,0,0,0,3805,55,0,0,0,0,0,0,0,0
516,2017-04-21,09:04:28,357,jd1709,XDCE,3803,3783,3810,14986,569257540,180866,180742,3953,3577,3765,3809,0,3799,0,0,0,2017-04-21,32668357,3803,9,0,0,0,0,0,0,0,0,3804,3,0,0,0,0,0,0,0,0
517,2017-04-21,09:04:28,903,jd1709,XDCE,3803,3783,3810,14988,569333600,180864,180742,3953,3577,3765,3809,0,3799,0,0,0,2017-04-21,32668903,3803,8,0,0,0,0,0,0,0,0,3804,8,0,0,0,0,0,0,0,0
518,2017-04-21,09:04:29,357,jd1709,XDCE,3803,3783,3810,14990,569409660,180862,180742,3953,3577,3765,3809,0,3799,0,0,0,2017-04-21,32669357,3803,9,0,0,0,0,0,0,0,0,3804,9,0,0,0,0,0,0,0,0
519,2017-04-21,09:04:29,828,jd1709,XDCE,3803,3783,3810,15008,570094200,180866,180742,3953,3577,3765,3809,0,3799,0,0,0,2017-04-21,32669828,3802,27,0,0,0,0,0,0,0,0,3803,41,0,0,0,0,0,0,0,0
520,2017-04-21,09:04:30,387,jd1709,XDCE,3803,3783,3810,15010,570170260,180868,180742,3953,3577,3765,3809,0,3799,0,0,0,2017-04-21,32670387,3802,27,0,0,0,0,0,0,0,0,3803,41,0,0,0,0,0,0,0,0
521,2017-04-21,09:04:31,301,jd1709,XDCE,3802,3783,3810,15012,570246300,180868,180742,3953,3577,3765,3809,0,3799,0,0,0,2017-04-21,32671301,3802,26,0,0,0,0,0,0,0,0,3803,41,0,0,0,0,0,0,0,0
522,2017-04-21,09:04:32,279,jd1709,XDCE,3803,3783,3810,15032,571006900,180888,180742,3953,3577,3765,3809,0,3799,0,0,0,2017-04-21,32672279,3802,27,0,0,0,0,0,0,0,0,3803,31,0,0,0,0,0,0,0,0
523,2017-04-21,09:04:32,934,jd1709,XDCE,3802,3783,3810,15042,571387180,180896,180742,3953,3577,3765,3809,0,3799,0,0,0,2017-04-21,32672934,3802,27,0,0,0,0,0,0,0,0,3803,27,0,0,0,0,0,0,0,0
524,2017-04-21,09:04:33,312,jd1709,XDCE,3803,3783,3810,15046,571539300,180900,180742,3953,3577,3765,3809,0,3799,0,0,0,2017-04-21,32673312,3802,33,0,0,0,0,0,0,0,0,3803,25,0,0,0,0,0,0,0,0
525,2017-04-21,09:04:33,891,jd1709,XDCE,3802,3783,3810,15050,571691380,180898,180742,3953,3577,3765,3809,0,3799,0,0,0,2017-04-21,32673891,3802,31,0,0,0,0,0,0,0,0,3803,25,0,0,0,0,0,0,0,0
526,2017-04-21,09:04:34,355,jd1709,XDCE,3803,3783,3810,15060,572071680,180898,180742,3953,3577,3765,3809,0,3799,0,0,0,2017-04-21,32674355,3802,34,0,0,0,0,0,0,0,0,3803,20,0,0,0,0,0,0,0,0
527,2017-04-21,09:04:34,908,jd1709,XDCE,3802,3783,3810,15062,572147720,180898,180742,3953,3577,3765,3809,0,3799,0,0,0,2017-04-21,32674908,3802,32,0,0,0,0,0,0,0,0,3803,20,0,0,0,0,0,0,0,0
528,2017-04-21,09:04:35,921,jd1709,XDCE,3802,3783,3810,15062,572147720,180898,180742,3953,3577,3765,3809,0,3799,0,0,0,2017-04-21,32675921,3802,32,0,0,0,0,0,0,0,0,3803,22,0,0,0,0,0,0,0,0
529,2017-04-21,09:04:36,260,jd1709,XDCE,3802,3783,3810,15064,572223760,180900,180742,3953,3577,3765,3809,0,3799,0,0,0,2017-04-21,32676260,3802,31,0,0,0,0,0,0,0,0,3803,22,0,0,0,0,0,0,0,0
530,2017-04-21,09:04:36,911,jd1709,XDCE,3802,3783,3810,15076,572680000,180904,180742,3953,3577,3765,3809,0,3799,0,0,0,2017-04-21,32676911,3802,25,0,0,0,0,0,0,0,0,3803,22,0,0,0,0,0,0,0,0
531,2017-04-21,09:04:37,433,jd1709,XDCE,3802,3783,3810,15082,572908120,180910,180742,3953,3577,3765,3809,0,3799,0,0,0,2017-04-21,32677433,3802,22,0,0,0,0,0,0,0,0,3803,22,0,0,0,0,0,0,0,0
532,2017-04-21,09:04:37,891,jd1709,XDCE,3803,3783,3810,15084,572984180,180912,180742,3953,3577,3765,3809,0,3799,0,0,0,2017-04-21,32677891,3802,22,0,0,0,0,0,0,0,0,3803,21,0,0,0,0,0,0,0,0
533,2017-04-21,09:04:38,363,jd1709,XDCE,3802,3783,3810,15094,573364380,180914,180742,3953,3577,3765,3809,0,3799,0,0,0,2017-04-21,32678363,3802,16,0,0,0,0,0,0,0,0,3803,21,0,0,0,0,0,0,0,0
534,2017-04-21,09:04:38,866,jd1709,XDCE,3802,3783,3810,15094,573364380,180914,180742,3953,3577,3765,3809,0,3799,0,0,0,2017-04-21,32678866,3802,20,0,0,0,0,0,0,0,0,3803,21,0,0,0,0,0,0,0,0
535,2017-04-21,09:04:39,432,jd1709,XDCE,3802,3783,3810,15104,573744580,180906,180742,3953,3577,3765,3809,0,3799,0,0,0,2017-04-21,32679432,3802,15,0,0,0,0,0,0,0,0,3803,21,0,0,0,0,0,0,0,0
536,2017-04-21,09:04:39,874,jd1709,XDCE,3802,3783,3810,15106,573820620,180906,180742,3953,3577,3765,3809,0,3799,0,0,0,2017-04-21,32679874,3802,15,0,0,0,0,0,0,0,0,3803,22,0,0,0,0,0,0,0,0
537,2017-04-21,09:04:40,409,jd1709,XDCE,3802,3783,3810,15108,573896660,180908,180742,3953,3577,3765,3809,0,3799,0,0,0,2017-04-21,32680409,3802,14,0,0,0,0,0,0,0,0,3803,22,0,0,0,0,0,0,0,0
