,dataDate,dataTime,dataMillisec,instrumentID,exchangeCD,lastPrice,lowPrice,highPrice,volume,value,openInterest,preOpenInterest,upperLimitPrice,lowerLimitPrice,preSettlementPrice,prevClosePrice,settlementPrice,openPrice,closePrice,preDelta,currDelta,clearingDay,milliSecOffset,bidPrice1,bidVolume1,bidPrice2,bidVolume2,bidPrice3,bidVolume3,bidPrice4,bidVolume4,bidPrice5,bidVolume5,askPrice1,askVolume1,askPrice2,askVolume2,askPrice3,askVolume3,askPrice4,askVolume4,askPrice5,askVolume5
0,2017-04-21,08:59:00,96,l1709,XDCE,8845,8845,8845,564,24942900,404480,404456,9185,8315,8750,8830,0,8845,0,0,0,2017-04-21,32340096,8845,5,0,0,0,0,0,0,0,0,8850,112,0,0,0,0,0,0,0,0
1,2017-04-21,09:00:00,571,l1709,XDCE,8840,8840,8850,936,41393500,404514,404456,9185,8315,8750,8830,0,8845,0,0,0,2017-04-21,32400571,8840,27,0,0,0,0,0,0,0,0,8845,23,0,0,0,0,0,0,0,0
2,2017-04-21,09:00:01,71,l1709,XDCE,8850,8840,8850,1176,52009000,404550,404456,9185,8315,8750,8830,0,8845,0,0,0,2017-04-21,32401071,8845,19,0,0,0,0,0,0,0,0,8850,79,0,0,0,0,0,0,0,0
3,2017-04-21,09:00:01,582,l1709,XDCE,8855,8840,8860,1626,71929700,404338,404456,9185,8315,8750,8830,0,8845,0,0,0,2017-04-21,32401582,8850,36,0,0,0,0,0,0,0,0,8860,96,0,0,0,0,0,0,0,0
4,2017-04-21,09:00:02,84,l1709,XDCE,8860,8840,8860,1836,81225450,404402,404456,9185,8315,8750,8830,0,8845,0,0,0,2017-04-21,32402084,8855,3,0,0,0,0,0,0,0,0,8860,91,0,0,0,0,0,0,0,0
5,2017-04-21,09:00:02,560,l1709,XDCE,8855,8840,8860,2028,89729400,404424,404456,9185,8315,8750,8830,0,8845,0,0,0,2017-04-21,32402560,8855,46,0,0,0,0,0,0,0,0,8860,28,0,0,0,0,0,0,0,0
6,2017-04-21,09:00:03,77,l1709,XDCE,8855,8840,8860,2556,113099050,404702,404456,9185,8315,8750,8830,0,8845,0,0,0,2017-04-21,32403077,8850,9,0,0,0,0,0,0,0,0,8855,16,0,0,0,0,0,0,0,0
7,2017-04-21,09:00:03,581,l1709,XDCE,8860,8840,8860,2670,118146350,404680,404456,9185,8315,8750,8830,0,8845,0,0,0,2017-04-21,32403581,8855,13,0,0,0,0,0,0,0,0,8860,168,0,0,0,0,0,0,0,0
8,2017-04-21,09:00:04,79,l1709,XDCE,8855,8840,8860,2784,123195700,404628,404456,9185,8315,8750,8830,0,8845,0,0,0,2017-04-21,32404079,8855,13,0,0,0,0,0,0,0,0,8860,153,0,0,0,0,0,0,0,0
9,2017-04-21,09:00:04,584,l1709,XDCE,8850,8840,8860,2874,127181000,404566,404456,9185,8315,8750,8830,0,8845,0,0,0,2017-04-21,32404584,8850,60,0,0,0,0,0,0,0,0,8855,9,0,0,0,0,0,0,0,0
10,2017-04-21,09:00:05,70,l1709,XDCE,8860,8840,8860,2948,130456950,404558,404456,9185,8315,8750,8830,0,8845,0,0,0,2017-04-21,32405070,8850,68,0,0,0,0,0,0,0,0,8855,405,0,0,0,0,0,0,0,0
11,2017-04-21,09:00:05,568,l1709,XDCE,8855,8840,8860,3714,164366750,404456,404456,9185,8315,8750,8830,0,8845,0,0,0,2017-04-21,32405568,8850,7,0,0,0,0,0,0,0,0,8855,151,0,0,0,0,0,0,0,0
12,2017-04-21,09:00:06,41,l1709,XDCE,8850,8840,8860,3824,169235700,404542,404456,9185,8315,8750,8830,0,8845,0,0,0,2017-04-21,32406041,8850,30,0,0,0,0,0,0,0,0,8855,219,0,0,0,0,0,0,0,0
13,2017-04-21,09:00:06,537,l1709,XDCE,8855,8840,8860,4062,179768700,404482,404456,9185,8315,8750,8830,0,8845,0,0,0,2017-04-21,32406537,8850,10,0,0,0,0,0,0,0,0,8855,219,0,0,0,0,0,0,0,0
14,2017-04-21,09:00:07,81,l1709,XDCE,8850,8840,8860,4132,182867400,404494,404456,9185,8315,8750,8830,0,8845,0,0,0,2017-04-21,32407081,8850,140,0,0,0,0,0,0,0,0,8855,202,0,0,0,0,0,0,0,0
15,2017-04-21,09:00:07,584,l1709,XDCE,8855,8840,8860,4196,185700500,404454,404456,9185,8315,8750,8830,0,8845,0,0,0,2017-04-21,32407584,8850,132,0,0,0,0,0,0,0,0,8855,186,0,0,0,0,0,0,0,0
16,2017-04-21,09:00:08,82,l1709,XDCE,8855,8840,8860,4268,188888100,404388,404456,9185,8315,8750,8830,0,8845,0,0,0,2017-04-21,32408082,8850,121,0,0,0,0,0,0,0,0,8855,184,0,0,0,0,0,0,0,0
17,2017-04-21,09:00:08,556,l1709,XDCE,8855,8840,8860,4380,193846650,404418,404456,9185,8315,8750,8830,0,8845,0,0,0,2017-04-21,32408556,8850,128,0,0,0,0,0,0,0,0,8855,134,0,0,0,0,0,0,0,0
18,2017-04-21,09:00:09,65,l1709,XDCE,8855,8840,8860,4884,216151150,404508,404456,9185,8315,8750,8830,0,8845,0,0,0,2017-04-21,32409065,8850,15,0,0,0,0,0,0,0,0,8855,115,0,0,0,0,0,0,0,0
19,2017-04-21,09:00:09,573,l1709,XDCE,8850,8840,8860,4928,218098350,404520,404456,9185,8315,8750,8830,0,8845,0,0,0,2017-04-21,32409573,8845,112,0,0,0,0,0,0,0,0,8850,10,0,0,0,0,0,0,0,0
20,2017-04-21,09:00:10,60,l1709,XDCE,8850,8840,8860,4984,220576800,404548,404456,9185,8315,8750,8830,0,8845,0,0,0,2017-04-21,32410060,8845,119,0,0,0,0,0,0,0,0,8850,7,0,0,0,0,0,0,0,0
21,2017-04-21,09:00:10,577,l1709,XDCE,8850,8840,8860,5020,222169600,404554,404456,9185,8315,8750,8830,0,8845,0,0,0,2017-04-21,32410577,8845,118,0,0,0,0,0,0,0,0,8850,16,0,0,0,0,0,0,0,0
22,2017-04-21,09:00:11,76,l1709,XDCE,8845,8840,8860,5258,232695300,404768,404456,9185,8315,8750,8830,0,8845,0,0,0,2017-04-21,32411076,8840,130,0,0,0,0,0,0,0,0,8845,87,0,0,0,0,0,0,0,0
23,2017-04-21,09:00:11,560,l1709,XDCE,8845,8840,8860,5292,234198700,404786,404456,9185,8315,8750,8830,0,8845,0,0,0,2017-04-21,32411560,8840,163,0,0,0,0,0,0,0,0,8845,80,0,0,0,0,0,0,0,0
24,2017-04-21,09:00:12,20,l1709,XDCE,8845,8840,8860,5332,235967700,404820,404456,9185,8315,8750,8830,0,8845,0,0,0,2017-04-21,32412020,8840,174,0,0,0,0,0,0,0,0,8845,60,0,0,0,0,0,0,0,0
25,2017-04-21,09:00:12,581,l1709,XDCE,8845,8840,8860,5458,241537900,404806,404456,9185,8315,8750,8830,0,8845,0,0,0,2017-04-21,32412581,8840,92,0,0,0,0,0,0,0,0,8845,102,0,0,0,0,0,0,0,0
26,2017-04-21,09:00:13,81,l1709,XDCE,8845,8840,8860,5524,244456700,404818,404456,9185,8315,8750,8830,0,8845,0,0,0,2017-04-21,32413081,8840,81,0,0,0,0,0,0,0,0,8845,69,0,0,0,0,0,0,0,0
27,2017-04-21,09:00:13,582,l1709,XDCE,8845,8840,8860,5556,245871750,404818,404456,9185,8315,8750,8830,0,8845,0,0,0,2017-04-21,32413582,8840,127,0,0,0,0,0,0,0,0,8845,64,0,0,0,0,0,0,0,0
28,2017-04-21,09:00:14,72,l1709,XDCE,8840,8840,8860,5604,247994400,404836,404456,9185,8315,8750,8830,0,8845,0,0,0,2017-04-21,32414072,8840,113,0,0,0,0,0,0,0,0,8845,43,0,0,0,0,0,0,0,0
29,2017-04-21,09:00:14,557,l1709,XDCE,8845,8840,8860,5676,251177950,404870,404456,9185,8315,8750,8830,0,8845,0,0,0,2017-04-21,32414557,8840,127,0,0,0,0,0,0,0,0,8845,51,0,0,0,0,0,0,0,0
30,2017-04-21,09:00:15,69,l1709,XDCE,8845,8840,8860,5842,258519250,404996,404456,9185,8315,8750,8830,0,8845,0,0,0,2017-04-21,32415069,8845,19,0,0,0,0,0,0,0,0,8850,158,0,0,0,0,0,0,0,0
31,2017-04-21,09:00:15,574,l1709,XDCE,8840,8840,8860,6196,274167300,405272,404456,9185,8315,8750,8830,0,8845,0,0,0,2017-04-21,32415574,8835,263,0,0,0,0,0,0,0,0,8840,31,0,0,0,0,0,0,0,0
32,2017-04-21,09:00:16,50,l1709,XDCE,8840,8835,8860,6354,281152650,405354,404456,9185,8315,8750,8830,0,8845,0,0,0,2017-04-21,32416050,8840,112,0,0,0,0,0,0,0,0,8845,57,0,0,0,0,0,0,0,0
33,2017-04-21,09:00:16,577,l1709,XDCE,8845,8835,8860,6410,283628700,405382,404456,9185,8315,8750,8830,0,8845,0,0,0,2017-04-21,32416577,8840,298,0,0,0,0,0,0,0,0,8845,51,0,0,0,0,0,0,0,0
34,2017-04-21,09:00:17,20,l1709,XDCE,8845,8835,8860,6516,288316550,405310,404456,9185,8315,8750,8830,0,8845,0,0,0,2017-04-21,32417020,8845,48,0,0,0,0,0,0,0,0,8850,155,0,0,0,0,0,0,0,0
35,2017-04-21,09:00:17,579,l1709,XDCE,8850,8835,8860,6654,294420250,405304,404456,9185,8315,8750,8830,0,8845,0,0,0,2017-04-21,32417579,8845,8,0,0,0,0,0,0,0,0,8850,153,0,0,0,0,0,0,0,0
36,2017-04-21,09:00:18,78,l1709,XDCE,8850,8835,8860,6662,294774150,405304,404456,9185,8315,8750,8830,0,8845,0,0,0,2017-04-21,32418078,8845,17,0,0,0,0,0,0,0,0,8850,151,0,0,0,0,0,0,0,0
37,2017-04-21,09:00:18,572,l1709,XDCE,8850,8835,8860,6708,296809550,405276,404456,9185,8315,8750,8830,0,8845,0,0,0,2017-04-21,32418572,8845,58,0,0,0,0,0,0,0,0,8850,131,0,0,0,0,0,0,0,0
38,2017-04-21,09:00:19,83,l1709,XDCE,8845,8835,8860,6748,298578550,405266,404456,9185,8315,8750,8830,0,8845,0,0,0,2017-04-21,32419083,8845,40,0,0,0,0,0,0,0,0,8850,131,0,0,0,0,0,0,0,0
39,2017-04-21,09:00:19,568,l1709,XDCE,8850,8835,8860,7052,312030900,405300,404456,9185,8315,8750,8830,0,8845,0,0,0,2017-04-21,32419568,8850,2,0,0,0,0,0,0,0,0,8855,100,0,0,0,0,0,0,0,0
40,2017-04-21,09:00:20,75,l1709,XDCE,8855,8835,8860,7100,314154150,405304,404456,9185,8315,8750,8830,0,8845,0,0,0,2017-04-21,32420075,8850,6,0,0,0,0,0,0,0,0,8855,109,0,0,0,0,0,0,0,0
41,2017-04-21,09:00:20,573,l1709,XDCE,8850,8835,8860,7112,314685150,405300,404456,9185,8315,8750,8830,0,8845,0,0,0,2017-04-21,32420573,8845,99,0,0,0,0,0,0,0,0,8850,4,0,0,0,0,0,0,0,0
42,2017-04-21,09:00:21,74,l1709,XDCE,8850,8835,8860,7160,316809050,405302,404456,9185,8315,8750,8830,0,8845,0,0,0,2017-04-21,32421074,8845,117,0,0,0,0,0,0,0,0,8850,69,0,0,0,0,0,0,0,0
43,2017-04-21,09:00:21,584,l1709,XDCE,8850,8835,8860,7200,318578700,405308,404456,9185,8315,8750,8830,0,8845,0,0,0,2017-04-21,32421584,8845,94,0,0,0,0,0,0,0,0,8850,96,0,0,0,0,0,0,0,0
44,2017-04-21,09:00:22,82,l1709,XDCE,8850,8835,8860,7242,320437050,405300,404456,9185,8315,8750,8830,0,8845,0,0,0,2017-04-21,32422082,8845,85,0,0,0,0,0,0,0,0,8850,168,0,0,0,0,0,0,0,0
45,2017-04-21,09:00:22,510,l1709,XDCE,8850,8835,8860,7272,321764450,405304,404456,9185,8315,8750,8830,0,8845,0,0,0,2017-04-21,32422510,8845,83,0,0,0,0,0,0,0,0,8850,164,0,0,0,0,0,0,0,0
46,2017-04-21,09:00:23,82,l1709,XDCE,8850,8835,8860,7348,325127300,405302,404456,9185,8315,8750,8830,0,8845,0,0,0,2017-04-21,32423082,8845,90,0,0,0,0,0,0,0,0,8850,131,0,0,0,0,0,0,0,0
47,2017-04-21,09:00:23,582,l1709,XDCE,8850,8835,8860,7478,330878050,405254,404456,9185,8315,8750,8830,0,8845,0,0,0,2017-04-21,32423582,8845,66,0,0,0,0,0,0,0,0,8850,108,0,0,0,0,0,0,0,0
48,2017-04-21,09:00:24,66,l1709,XDCE,8850,8835,8860,7522,332824950,405258,404456,9185,8315,8750,8830,0,8845,0,0,0,2017-04-21,32424066,8845,69,0,0,0,0,0,0,0,0,8850,96,0,0,0,0,0,0,0,0
49,2017-04-21,09:00:24,548,l1709,XDCE,8850,8835,8860,7556,334329400,405258,404456,9185,8315,8750,8830,0,8845,0,0,0,2017-04-21,32424548,8845,107,0,0,0,0,0,0,0,0,8850,81,0,0,0,0,0,0,0,0
50,2017-04-21,09:00:25,82,l1709,XDCE,8855,8835,8860,7764,343533500,405186,404456,9185,8315,8750,8830,0,8845,0,0,0,2017-04-21,32425082,8850,5,0,0,0,0,0,0,0,0,8855,159,0,0,0,0,0,0,0,0
51,2017-04-21,09:00:25,548,l1709,XDCE,8855,8835,8860,7812,345658100,405160,404456,9185,8315,8750,8830,0,8845,0,0,0,2017-04-21,32425548,8850,315,0,0,0,0,0,0,0,0,8855,136,0,0,0,0,0,0,0,0
52,2017-04-21,09:00:26,35,l1709,XDCE,8855,8835,8860,7870,348226000,405132,404456,9185,8315,8750,8830,0,8845,0,0,0,2017-04-21,32426035,8850,340,0,0,0,0,0,0,0,0,8855,99,0,0,0,0,0,0,0,0
53,2017-04-21,09:00:26,569,l1709,XDCE,8850,8835,8860,8090,357966100,405040,404456,9185,8315,8750,8830,0,8845,0,0,0,2017-04-21,32426569,8850,337,0,0,0,0,0,0,0,0,8860,265,0,0,0,0,0,0,0,0
54,2017-04-21,09:00:27,62,l1709,XDCE,8860,8835,8860,8232,364255400,405068,404456,9185,8315,8750,8830,0,8845,0,0,0,2017-04-21,32427062,8855,17,0,0,0,0,0,0,0,0,8860,229,0,0,0,0,0,0,0,0
55,2017-04-21,09:00:27,563,l1709,XDCE,8855,8835,8860,8306,367532400,405086,404456,9185,8315,8750,8830,0,8845,0,0,0,2017-04-21,32427563,8855,17,0,0,0,0,0,0,0,0,8860,229,0,0,0,0,0,0,0,0
56,2017-04-21,09:00:28,70,l1709,XDCE,8855,8835,8860,8360,369923300,405094,404456,9185,8315,8750,8830,0,8845,0,0,0,2017-04-21,32428070,8855,138,0,0,0,0,0,0,0,0,8860,218,0,0,0,0,0,0,0,0
57,2017-04-21,09:00:28,548,l1709,XDCE,8860,8835,8860,8404,371872400,405092,404456,9185,8315,8750,8830,0,8845,0,0,0,2017-04-21,32428548,8855,143,0,0,0,0,0,0,0,0,8860,188,0,0,0,0,0,0,0,0
58,2017-04-21,09:00:29,66,l1709,XDCE,8860,8835,8860,8556,378605900,405054,404456,9185,8315,8750,8830,0,8845,0,0,0,2017-04-21,32429066,8855,142,0,0,0,0,0,0,0,0,8860,114,0,0,0,0,0,0,0,0
59,2017-04-21,09:00:29,578,l1709,XDCE,8860,8835,8860,8784,388706300,405088,404456,9185,8315,8750,8830,0,8845,0,0,0,2017-04-21,32429578,8855,168,0,0,0,0,0,0,0,0,8865,230,0,0,0,0,0,0,0,0
60,2017-04-21,09:00:30,65,l1709,XDCE,8865,8835,8865,8794,389149550,405098,404456,9185,8315,8750,8830,0,8845,0,0,0,2017-04-21,32430065,8860,8,0,0,0,0,0,0,0,0,8865,246,0,0,0,0,0,0,0,0
61,2017-04-21,09:00:30,547,l1709,XDCE,8860,8835,8865,8920,394731500,405096,404456,9185,8315,8750,8830,0,8845,0,0,0,2017-04-21,32430547,8860,35,0,0,0,0,0,0,0,0,8865,233,0,0,0,0,0,0,0,0
62,2017-04-21,09:00:31,61,l1709,XDCE,8865,8835,8865,8958,396415350,405090,404456,9185,8315,8750,8830,0,8845,0,0,0,2017-04-21,32431061,8860,70,0,0,0,0,0,0,0,0,8865,229,0,0,0,0,0,0,0,0
63,2017-04-21,09:00:31,569,l1709,XDCE,8860,8835,8865,9086,402086300,405094,404456,9185,8315,8750,8830,0,8845,0,0,0,2017-04-21,32431569,8860,35,0,0,0,0,0,0,0,0,8865,218,0,0,0,0,0,0,0,0
64,2017-04-21,09:00:32,31,l1709,XDCE,8860,8835,8865,9106,402972700,405096,404456,9185,8315,8750,8830,0,8845,0,0,0,2017-04-21,32432031,8860,41,0,0,0,0,0,0,0,0,8865,213,0,0,0,0,0,0,0,0
65,2017-04-21,09:00:32,565,l1709,XDCE,8860,8835,8865,9214,407759050,405046,404456,9185,8315,8750,8830,0,8845,0,0,0,2017-04-21,32432565,8860,56,0,0,0,0,0,0,0,0,8865,162,0,0,0,0,0,0,0,0
66,2017-04-21,09:00:33,34,l1709,XDCE,8860,8835,8865,9330,412898450,405014,404456,9185,8315,8750,8830,0,8845,0,0,0,2017-04-21,32433034,8860,124,0,0,0,0,0,0,0,0,8865,149,0,0,0,0,0,0,0,0
67,2017-04-21,09:00:33,534,l1709,XDCE,8865,8835,8865,9340,413341700,405014,404456,9185,8315,8750,8830,0,8845,0,0,0,2017-04-21,32433534,8860,129,0,0,0,0,0,0,0,0,8865,145,0,0,0,0,0,0,0,0
68,2017-04-21,09:00:34,65,l1709,XDCE,8865,8835,8865,9406,416266150,405012,404456,9185,8315,8750,8830,0,8845,0,0,0,2017-04-21,32434065,8860,109,0,0,0,0,0,0,0,0,8865,161,0,0,0,0,0,0,0,0
69,2017-04-21,09:00:34,560,l1709,XDCE,8865,8835,8865,9446,418039000,405010,404456,9185,8315,8750,8830,0,8845,0,0,0,2017-04-21,32434560,8860,107,0,0,0,0,0,0,0,0,8865,169,0,0,0,0,0,0,0,0
70,2017-04-21,09:00:35,71,l1709,XDCE,8865,8835,8865,9492,420077950,404970,404456,9185,8315,8750,8830,0,8845,0,0,0,2017-04-21,32435071,8860,107,0,0,0,0,0,0,0,0,8865,146,0,0,0,0,0,0,0,0
71,2017-04-21,09:00:35,574,l1709,XDCE,8860,8835,8865,9510,420875750,404972,404456,9185,8315,8750,8830,0,8845,0,0,0,2017-04-21,32435574,8860,106,0,0,0,0,0,0,0,0,8865,173,0,0,0,0,0,0,0,0
72,2017-04-21,09:00:36,24,l1709,XDCE,8865,8835,8865,9518,421230250,404970,404456,9185,8315,8750,8830,0,8845,0,0,0,2017-04-21,32436024,8860,154,0,0,0,0,0,0,0,0,8865,182,0,0,0,0,0,0,0,0
73,2017-04-21,09:00:36,578,l1709,XDCE,8865,8835,8865,9542,422293550,404970,404456,9185,8315,8750,8830,0,8845,0,0,0,2017-04-21,32436578,8860,149,0,0,0,0,0,0,0,0,8865,187,0,0,0,0,0,0,0,0
74,2017-04-21,09:00:37,72,l1709,XDCE,8860,8835,8865,9570,423534350,404958,404456,9185,8315,8750,8830,0,8845,0,0,0,2017-04-21,32437072,8860,146,0,0,0,0,0,0,0,0,8865,190,0,0,0,0,0,0,0,0
75,2017-04-21,09:00:37,553,l1709,XDCE,8860,8835,8865,10184,450744700,404616,404456,9185,8315,8750,8830,0,8845,0,0,0,2017-04-21,32437553,8860,51,0,0,0,0,0,0,0,0,8865,31,0,0,0,0,0,0,0,0
76,2017-04-21,09:00:38,82,l1709,XDCE,8860,8835,8865,10200,451453750,404608,404456,9185,8315,8750,8830,0,8845,0,0,0,2017-04-21,32438082,8860,93,0,0,0,0,0,0,0,0,8865,75,0,0,0,0,0,0,0,0
77,2017-04-21,09:00:38,553,l1709,XDCE,8860,8835,8865,10264,454289450,404544,404456,9185,8315,8750,8830,0,8845,0,0,0,2017-04-21,32438553,8860,75,0,0,0,0,0,0,0,0,8865,86,0,0,0,0,0,0,0,0
78,2017-04-21,09:00:39,81,l1709,XDCE,8860,8835,8865,10310,456327550,404526,404456,9185,8315,8750,8830,0,8845,0,0,0,2017-04-21,32439081,8860,59,0,0,0,0,0,0,0,0,8865,136,0,0,0,0,0,0,0,0
79,2017-04-21,09:00:39,476,l1709,XDCE,8860,8835,8865,10392,459960150,404570,404456,9185,8315,8750,8830,0,8845,0,0,0,2017-04-21,32439476,8855,301,0,0,0,0,0,0,0,0,8860,76,0,0,0,0,0,0,0,0
80,2017-04-21,09:00:40,80,l1709,XDCE,8855,8835,8865,10404,460491700,404566,404456,9185,8315,8750,8830,0,8845,0,0,0,2017-04-21,32440080,8855,291,0,0,0,0,0,0,0,0,8860,126,0,0,0,0,0,0,0,0
81,2017-04-21,09:00:40,558,l1709,XDCE,8855,8835,8865,10436,461909250,404540,404456,9185,8315,8750,8830,0,8845,0,0,0,2017-04-21,32440558,8855,290,0,0,0,0,0,0,0,0,8860,122,0,0,0,0,0,0,0,0
82,2017-04-21,09:00:41,78,l1709,XDCE,8860,8835,8865,10502,464833050,404478,404456,9185,8315,8750,8830,0,8845,0,0,0,2017-04-21,32441078,8855,301,0,0,0,0,0,0,0,0,8860,82,0,0,0,0,0,0,0,0
83,2017-04-21,09:00:41,537,l1709,XDCE,8855,8835,8865,10534,466250300,404454,404456,9185,8315,8750,8830,0,8845,0,0,0,2017-04-21,32441537,8855,294,0,0,0,0,0,0,0,0,8860,75,0,0,0,0,0,0,0,0
84,2017-04-21,09:00:42,77,l1709,XDCE,8855,8835,8865,10554,467136150,404436,404456,9185,8315,8750,8830,0,8845,0,0,0,2017-04-21,32442077,8855,290,0,0,0,0,0,0,0,0,8860,66,0,0,0,0,0,0,0,0
85,2017-04-21,09:00:42,574,l1709,XDCE,8860,8835,8865,10582,468376500,404432,404456,9185,8315,8750,8830,0,8845,0,0,0,2017-04-21,32442574,8855,288,0,0,0,0,0,0,0,0,8860,59,0,0,0,0,0,0,0,0
86,2017-04-21,09:00:43,83,l1709,XDCE,8855,8835,8865,10598,469085100,404428,404456,9185,8315,8750,8830,0,8845,0,0,0,2017-04-21,32443083,8855,282,0,0,0,0,0,0,0,0,8860,68,0,0,0,0,0,0,0,0
87,2017-04-21,09:00:43,577,l1709,XDCE,8860,8835,8865,10608,469528100,404428,404456,9185,8315,8750,8830,0,8845,0,0,0,2017-04-21,32443577,8855,281,0,0,0,0,0,0,0,0,8860,75,0,0,0,0,0,0,0,0
88,2017-04-21,09:00:44,68,l1709,XDCE,8860,8835,8865,10762,476350300,404486,404456,9185,8315,8750,8830,0,8845,0,0,0,2017-04-21,32444068,8860,74,0,0,0,0,0,0,0,0,8865,234,0,0,0,0,0,0,0,0
89,2017-04-21,09:00:44,557,l1709,XDCE,8865,8835,8865,10806,478299750,404502,404456,9185,8315,8750,8830,0,8845,0,0,0,2017-04-21,32444557,8860,81,0,0,0,0,0,0,0,0,8865,229,0,0,0,0,0,0,0,0
90,2017-04-21,09:00:45,52,l1709,XDCE,8860,8835,8865,10812,478565550,404504,404456,9185,8315,8750,8830,0,8845,0,0,0,2017-04-21,32445052,8860,104,0,0,0,0,0,0,0,0,8865,222,0,0,0,0,0,0,0,0
91,2017-04-21,09:00:45,559,l1709,XDCE,8860,8835,8865,10830,479362950,404518,404456,9185,8315,8750,8830,0,8845,0,0,0,2017-04-21,32445559,8860,105,0,0,0,0,0,0,0,0,8865,221,0,0,0,0,0,0,0,0
92,2017-04-21,09:00:46,47,l1709,XDCE,8860,8835,8865,10834,479540150,404522,404456,9185,8315,8750,8830,0,8845,0,0,0,2017-04-21,32446047,8860,106,0,0,0,0,0,0,0,0,8865,223,0,0,0,0,0,0,0,0
93,2017-04-21,09:00:46,503,l1709,XDCE,8860,8835,8865,10836,479628750,404524,404456,9185,8315,8750,8830,0,8845,0,0,0,2017-04-21,32446503,8860,110,0,0,0,0,0,0,0,0,8865,204,0,0,0,0,0,0,0,0
94,2017-04-21,09:00:47,78,l1709,XDCE,8865,8835,8865,11262,498510850,404246,404456,9185,8315,8750,8830,0,8845,0,0,0,2017-04-21,32447078,8865,61,0,0,0,0,0,0,0,0,8870,382,0,0,0,0,0,0,0,0
95,2017-04-21,09:00:47,583,l1709,XDCE,8865,8835,8865,11476,507996350,404212,404456,9185,8315,8750,8830,0,8845,0,0,0,2017-04-21,32447583,8865,20,0,0,0,0,0,0,0,0,8870,367,0,0,0,0,0,0,0,0
96,2017-04-21,09:00:48,65,l1709,XDCE,8865,8835,8865,11576,512428850,404268,404456,9185,8315,8750,8830,0,8845,0,0,0,2017-04-21,32448065,8860,150,0,0,0,0,0,0,0,0,8865,28,0,0,0,0,0,0,0,0
97,2017-04-21,09:00:48,539,l1709,XDCE,8865,8835,8865,11642,515354300,404268,404456,9185,8315,8750,8830,0,8845,0,0,0,2017-04-21,32448539,8865,39,0,0,0,0,0,0,0,0,8870,408,0,0,0,0,0,0,0,0
98,2017-04-21,09:00:49,14,l1709,XDCE,8865,8835,8865,11652,515797550,404262,404456,9185,8315,8750,8830,0,8845,0,0,0,2017-04-21,32449014,8865,44,0,0,0,0,0,0,0,0,8870,399,0,0,0,0,0,0,0,0
99,2017-04-21,09:00:49,560,l1709,XDCE,8870,8835,8870,11656,515974950,404262,404456,9185,8315,8750,8830,0,8845,0,0,0,2017-04-21,32449560,8865,55,0,0,0,0,0,0,0,0,8870,397,0,0,0,0,0,0,0,0
100,2017-04-21,09:00:50,81,l1709,XDCE,8870,8835,8870,11886,526172400,404332,404456,9185,8315,8750,8830,0,8845,0,0,0,2017-04-21,32450081,8865,26,0,0,0,0,0,0,0,0,8870,343,0,0,0,0,0,0,0,0
101,2017-04-21,09:00:50,529,l1709,XDCE,8870,8835,8870,11974,530074300,404276,404456,9185,8315,8750,8830,0,8845,0,0,0,2017-04-21,32450529,8865,47,0,0,0,0,0,0,0,0,8870,319,0,0,0,0,0,0,0,0
102,2017-04-21,09:00:51,73,l1709,XDCE,8870,8835,8870,11996,531049950,404268,404456,9185,8315,8750,8830,0,8845,0,0,0,2017-04-21,32451073,8865,64,0,0,0,0,0,0,0,0,8870,309,0,0,0,0,0,0,0,0
103,2017-04-21,09:00:51,580,l1709,XDCE,8870,8835,8870,12008,531582100,404268,404456,9185,8315,8750,8830,0,8845,0,0,0,2017-04-21,32451580,8865,64,0,0,0,0,0,0,0,0,8870,306,0,0,0,0,0,0,0,0
104,2017-04-21,09:00:52,25,l1709,XDCE,8865,8835,8870,12120,536546550,404260,404456,9185,8315,8750,8830,0,8845,0,0,0,2017-04-21,32452025,8860,272,0,0,0,0,0,0,0,0,8865,72,0,0,0,0,0,0,0,0
105,2017-04-21,09:00:52,540,l1709,XDCE,8865,8835,8870,12152,537964950,404240,404456,9185,8315,8750,8830,0,8845,0,0,0,2017-04-21,32452540,8860,271,0,0,0,0,0,0,0,0,8865,85,0,0,0,0,0,0,0,0
106,2017-04-21,09:00:53,83,l1709,XDCE,8865,8835,8870,12176,539028700,404238,404456,9185,8315,8750,8830,0,8845,0,0,0,2017-04-21,32453083,8860,321,0,0,0,0,0,0,0,0,8865,133,0,0,0,0,0,0,0,0
107,2017-04-21,09:00:53,534,l1709,XDCE,8865,8835,8870,12488,552858150,404272,404456,9185,8315,8750,8830,0,8845,0,0,0,2017-04-21,32453534,8860,321,0,0,0,0,0,0,0,0,8865,24,0,0,0,0,0,0,0,0
108,2017-04-21,09:00:54,4,l1709,XDCE,8865,8835,8870,12520,554276550,404304,404456,9185,8315,8750,8830,0,8845,0,0,0,2017-04-21,32454004,8860,321,0,0,0,0,0,0,0,0,8865,113,0,0,0,0,0,0,0,0
109,2017-04-21,09:00:54,570,l1709,XDCE,8865,8835,8870,12536,554985750,404306,404456,9185,8315,8750,8830,0,8845,0,0,0,2017-04-21,32454570,8860,321,0,0,0,0,0,0,0,0,8865,108,0,0,0,0,0,0,0,0
110,2017-04-21,09:00:54,994,l1709,XDCE,8865,8835,8870,12544,555340350,404314,404456,9185,8315,8750,8830,0,8845,0,0,0,2017-04-21,32454994,8860,320,0,0,0,0,0,0,0,0,8865,104,0,0,0,0,0,0,0,0
111,2017-04-21,09:00:55,528,l1709,XDCE,8865,8835,8870,12568,556404100,404314,404456,9185,8315,8750,8830,0,8845,0,0,0,2017-04-21,32455528,8860,319,0,0,0,0,0,0,0,0,8865,94,0,0,0,0,0,0,0,0
112,2017-04-21,09:00:56,75,l1709,XDCE,8865,8835,8870,12586,557201950,404296,404456,9185,8315,8750,8830,0,8845,0,0,0,2017-04-21,32456075,8860,319,0,0,0,0,0,0,0,0,8865,87,0,0,0,0,0,0,0,0
113,2017-04-21,09:00:56,584,l1709,XDCE,8865,8835,8870,13012,576080100,404264,404456,9185,8315,8750,8830,0,8845,0,0,0,2017-04-21,32456584,8860,286,0,0,0,0,0,0,0,0,8865,1,0,0,0,0,0,0,0,0
114,2017-04-21,09:00:57,52,l1709,XDCE,8865,8835,8870,13014,576168750,404266,404456,9185,8315,8750,8830,0,8845,0,0,0,2017-04-21,32457052,8865,20,0,0,0,0,0,0,0,0,8870,346,0,0,0,0,0,0,0,0
115,2017-04-21,09:00:57,534,l1709,XDCE,8865,8835,8870,13030,576877950,404272,404456,9185,8315,8750,8830,0,8845,0,0,0,2017-04-21,32457534,8865,36,0,0,0,0,0,0,0,0,8870,349,0,0,0,0,0,0,0,0
116,2017-04-21,09:00:58,61,l1709,XDCE,8865,8835,8870,13190,583969900,404294,404456,9185,8315,8750,8830,0,8845,0,0,0,2017-04-21,32458061,8860,270,0,0,0,0,0,0,0,0,8865,118,0,0,0,0,0,0,0,0
117,2017-04-21,09:00:58,583,l1709,XDCE,8860,8835,8870,13244,586362200,404316,404456,9185,8315,8750,8830,0,8845,0,0,0,2017-04-21,32458583,8860,248,0,0,0,0,0,0,0,0,8865,151,0,0,0,0,0,0,0,0
118,2017-04-21,09:00:59,57,l1709,XDCE,8860,8835,8870,13454,595665450,404322,404456,9185,8315,8750,8830,0,8845,0,0,0,2017-04-21,32459057,8860,158,0,0,0,0,0,0,0,0,8865,208,0,0,0,0,0,0,0,0
119,2017-04-21,09:00:59,578,l1709,XDCE,8865,8835,8870,13904,615611650,404526,404456,9185,8315,8750,8830,0,8845,0,0,0,2017-04-21,32459578,8860,157,0,0,0,0,0,0,0,0,8870,286,0,0,0,0,0,0,0,0
120,2017-04-21,09:01:00,43,l1709,XDCE,8860,8835,8870,14064,622701800,404472,404456,9185,8315,8750,8830,0,8845,0,0,0,2017-04-21,32460043,8860,122,0,0,0,0,0,0,0,0,8865,70,0,0,0,0,0,0,0,0
121,2017-04-21,09:01:00,561,l1709,XDCE,8860,8835,8870,14772,654075450,404450,404456,9185,8315,8750,8830,0,8845,0,0,0,2017-04-21,32460561,8860,7,0,0,0,0,0,0,0,0,8870,383,0,0,0,0,0,0,0,0
122,2017-04-21,09:01:01,22,l1709,XDCE,8865,8835,8870,14774,654164100,404450,404456,9185,8315,8750,8830,0,8845,0,0,0,2017-04-21,32461022,8860,91,0,0,0,0,0,0,0,0,8865,174,0,0,0,0,0,0,0,0
123,2017-04-21,09:01:01,525,l1709,XDCE,8865,8835,8870,14776,654252750,404450,404456,9185,8315,8750,8830,0,8845,0,0,0,2017-04-21,32461525,8860,109,0,0,0,0,0,0,0,0,8865,275,0,0,0,0,0,0,0,0
124,2017-04-21,09:01:02,83,l1709,XDCE,8860,8835,8870,14992,663821800,404548,404456,9185,8315,8750,8830,0,8845,0,0,0,2017-04-21,32462083,8855,286,0,0,0,0,0,0,0,0,8865,297,0,0,0,0,0,0,0,0
125,2017-04-21,09:01:02,572,l1709,XDCE,8865,8835,8870,15052,666480550,404550,404456,9185,8315,8750,8830,0,8845,0,0,0,2017-04-21,32462572,8860,27,0,0,0,0,0,0,0,0,8865,311,0,0,0,0,0,0,0,0
126,2017-04-21,09:01:03,67,l1709,XDCE,8860,8835,8870,15276,676404000,404582,404456,9185,8315,8750,8830,0,8845,0,0,0,2017-04-21,32463067,8855,278,0,0,0,0,0,0,0,0,8860,20,0,0,0,0,0,0,0,0
127,2017-04-21,09:01:03,577,l1709,XDCE,8855,8835,8870,15574,689600350,404610,404456,9185,8315,8750,8830,0,8845,0,0,0,2017-04-21,32463577,8855,216,0,0,0,0,0,0,0,0,8860,72,0,0,0,0,0,0,0,0
128,2017-04-21,09:01:03,945,l1709,XDCE,8855,8835,8870,15574,689600350,404610,404456,9185,8315,8750,8830,0,8845,0,0,0,2017-04-21,32463945,8855,215,0,0,0,0,0,0,0,0,8860,75,0,0,0,0,0,0,0,0
129,2017-04-21,09:01:04,581,l1709,XDCE,8860,8835,8870,15730,696511150,404546,404456,9185,8315,8750,8830,0,8845,0,0,0,2017-04-21,32464581,8860,28,0,0,0,0,0,0,0,0,8865,177,0,0,0,0,0,0,0,0
130,2017-04-21,09:01:05,71,l1709,XDCE,8865,8835,8870,15754,697574900,404538,404456,9185,8315,8750,8830,0,8845,0,0,0,2017-04-21,32465071,8860,113,0,0,0,0,0,0,0,0,8865,160,0,0,0,0,0,0,0,0
131,2017-04-21,09:01:05,545,l1709,XDCE,8860,8835,8870,15760,697840700,404538,404456,9185,8315,8750,8830,0,8845,0,0,0,2017-04-21,32465545,8860,166,0,0,0,0,0,0,0,0,8865,161,0,0,0,0,0,0,0,0
132,2017-04-21,09:01:06,1,l1709,XDCE,8860,8835,8870,15970,707143700,404500,404456,9185,8315,8750,8830,0,8845,0,0,0,2017-04-21,32466001,8860,65,0,0,0,0,0,0,0,0,8865,161,0,0,0,0,0,0,0,0
133,2017-04-21,09:01:06,534,l1709,XDCE,8865,8835,8870,16016,709181600,404536,404456,9185,8315,8750,8830,0,8845,0,0,0,2017-04-21,32466534,8860,54,0,0,0,0,0,0,0,0,8865,163,0,0,0,0,0,0,0,0
134,2017-04-21,09:01:06,982,l1709,XDCE,8860,8835,8870,16152,715206400,404572,404456,9185,8315,8750,8830,0,8845,0,0,0,2017-04-21,32466982,8855,183,0,0,0,0,0,0,0,0,8860,157,0,0,0,0,0,0,0,0
135,2017-04-21,09:01:07,439,l1709,XDCE,8860,8835,8870,16166,715826600,404586,404456,9185,8315,8750,8830,0,8845,0,0,0,2017-04-21,32467439,8855,181,0,0,0,0,0,0,0,0,8860,218,0,0,0,0,0,0,0,0
136,2017-04-21,09:01:08,59,l1709,XDCE,8860,8835,8870,16188,716801200,404608,404456,9185,8315,8750,8830,0,8845,0,0,0,2017-04-21,32468059,8855,174,0,0,0,0,0,0,0,0,8860,218,0,0,0,0,0,0,0,0
137,2017-04-21,09:01:08,575,l1709,XDCE,8860,8835,8870,16196,717155600,404616,404456,9185,8315,8750,8830,0,8845,0,0,0,2017-04-21,32468575,8855,173,0,0,0,0,0,0,0,0,8860,216,0,0,0,0,0,0,0,0
138,2017-04-21,09:01:09,49,l1709,XDCE,8855,8835,8870,16556,733099650,404556,404456,9185,8315,8750,8830,0,8845,0,0,0,2017-04-21,32469049,8855,92,0,0,0,0,0,0,0,0,8860,122,0,0,0,0,0,0,0,0
139,2017-04-21,09:01:09,556,l1709,XDCE,8855,8835,8870,16556,733099650,404556,404456,9185,8315,8750,8830,0,8845,0,0,0,2017-04-21,32469556,8855,91,0,0,0,0,0,0,0,0,8860,124,0,0,0,0,0,0,0,0
140,2017-04-21,09:01:10,64,l1709,XDCE,8855,8835,8870,16576,733985500,404574,404456,9185,8315,8750,8830,0,8845,0,0,0,2017-04-21,32470064,8855,150,0,0,0,0,0,0,0,0,8860,113,0,0,0,0,0,0,0,0
141,2017-04-21,09:01:10,534,l1709,XDCE,8855,8835,8870,16586,734428300,404582,404456,9185,8315,8750,8830,0,8845,0,0,0,2017-04-21,32470534,8855,150,0,0,0,0,0,0,0,0,8860,112,0,0,0,0,0,0,0,0
142,2017-04-21,09:01:11,42,l1709,XDCE,8855,8835,8870,16612,735579700,404592,404456,9185,8315,8750,8830,0,8845,0,0,0,2017-04-21,32471042,8855,142,0,0,0,0,0,0,0,0,8860,107,0,0,0,0,0,0,0,0
143,2017-04-21,09:01:11,489,l1709,XDCE,8860,8835,8870,16614,735668300,404592,404456,9185,8315,8750,8830,0,8845,0,0,0,2017-04-21,32471489,8855,147,0,0,0,0,0,0,0,0,8860,106,0,0,0,0,0,0,0,0
144,2017-04-21,09:01:12,81,l1709,XDCE,8860,8835,8870,16620,735934050,404596,404456,9185,8315,8750,8830,0,8845,0,0,0,2017-04-21,32472081,8855,147,0,0,0,0,0,0,0,0,8860,205,0,0,0,0,0,0,0,0
145,2017-04-21,09:01:12,537,l1709,XDCE,8855,8835,8870,16662,737793650,404606,404456,9185,8315,8750,8830,0,8845,0,0,0,2017-04-21,32472537,8855,135,0,0,0,0,0,0,0,0,8860,204,0,0,0,0,0,0,0,0
146,2017-04-21,09:01:13,54,l1709,XDCE,8855,8835,8870,16666,737970750,404608,404456,9185,8315,8750,8830,0,8845,0,0,0,2017-04-21,32473054,8855,169,0,0,0,0,0,0,0,0,8860,213,0,0,0,0,0,0,0,0
147,2017-04-21,09:01:13,579,l1709,XDCE,8855,8835,8870,16718,740274100,404598,404456,9185,8315,8750,8830,0,8845,0,0,0,2017-04-21,32473579,8855,164,0,0,0,0,0,0,0,0,8860,183,0,0,0,0,0,0,0,0
148,2017-04-21,09:01:14,42,l1709,XDCE,8860,8835,8870,16742,741337200,404582,404456,9185,8315,8750,8830,0,8845,0,0,0,2017-04-21,32474042,8855,162,0,0,0,0,0,0,0,0,8860,174,0,0,0,0,0,0,0,0
149,2017-04-21,09:01:14,561,l1709,XDCE,8860,8835,8870,16756,741957350,404594,404456,9185,8315,8750,8830,0,8845,0,0,0,2017-04-21,32474561,8855,161,0,0,0,0,0,0,0,0,8860,178,0,0,0,0,0,0,0,0
150,2017-04-21,09:01:15,58,l1709,XDCE,8860,8835,8870,16786,743286300,404596,404456,9185,8315,8750,8830,0,8845,0,0,0,2017-04-21,32475058,8855,159,0,0,0,0,0,0,0,0,8860,165,0,0,0,0,0,0,0,0
151,2017-04-21,09:01:15,517,l1709,XDCE,8860,8835,8870,16794,743640700,404600,404456,9185,8315,8750,8830,0,8845,0,0,0,2017-04-21,32475517,8855,161,0,0,0,0,0,0,0,0,8860,178,0,0,0,0,0,0,0,0
152,2017-04-21,09:01:16,39,l1709,XDCE,8855,8835,8870,17008,753115550,404496,404456,9185,8315,8750,8830,0,8845,0,0,0,2017-04-21,32476039,8850,301,0,0,0,0,0,0,0,0,8860,185,0,0,0,0,0,0,0,0
153,2017-04-21,09:01:16,509,l1709,XDCE,8860,8835,8870,17010,753204150,404498,404456,9185,8315,8750,8830,0,8845,0,0,0,2017-04-21,32476509,8850,308,0,0,0,0,0,0,0,0,8860,184,0,0,0,0,0,0,0,0
154,2017-04-21,09:01:17,81,l1709,XDCE,8850,8835,8870,17030,754089400,404506,404456,9185,8315,8750,8830,0,8845,0,0,0,2017-04-21,32477081,8850,311,0,0,0,0,0,0,0,0,8855,36,0,0,0,0,0,0,0,0
155,2017-04-21,09:01:17,578,l1709,XDCE,8860,8835,8870,17160,759845800,404464,404456,9185,8315,8750,8830,0,8845,0,0,0,2017-04-21,32477578,8850,288,0,0,0,0,0,0,0,0,8855,106,0,0,0,0,0,0,0,0
156,2017-04-21,09:01:18,64,l1709,XDCE,8855,8835,8870,17248,763740750,404502,404456,9185,8315,8750,8830,0,8845,0,0,0,2017-04-21,32478064,8850,260,0,0,0,0,0,0,0,0,8855,132,0,0,0,0,0,0,0,0
157,2017-04-21,09:01:18,565,l1709,XDCE,8855,8835,8870,17298,765953300,404534,404456,9185,8315,8750,8830,0,8845,0,0,0,2017-04-21,32478565,8850,224,0,0,0,0,0,0,0,0,8855,145,0,0,0,0,0,0,0,0
158,2017-04-21,09:01:19,38,l1709,XDCE,8855,8835,8870,17324,767104200,404540,404456,9185,8315,8750,8830,0,8845,0,0,0,2017-04-21,32479038,8850,224,0,0,0,0,0,0,0,0,8855,138,0,0,0,0,0,0,0,0
159,2017-04-21,09:01:19,495,l1709,XDCE,8855,8835,8870,17336,767635250,404542,404456,9185,8315,8750,8830,0,8845,0,0,0,2017-04-21,32479495,8850,230,0,0,0,0,0,0,0,0,8855,134,0,0,0,0,0,0,0,0
160,2017-04-21,09:01:19,986,l1709,XDCE,8855,8835,8870,17376,769406250,404582,404456,9185,8315,8750,8830,0,8845,0,0,0,2017-04-21,32479986,8850,228,0,0,0,0,0,0,0,0,8855,114,0,0,0,0,0,0,0,0
161,2017-04-21,09:01:20,563,l1709,XDCE,8850,8835,8870,17478,773919750,404580,404456,9185,8315,8750,8830,0,8845,0,0,0,2017-04-21,32480563,8850,177,0,0,0,0,0,0,0,0,8855,114,0,0,0,0,0,0,0,0
162,2017-04-21,09:01:20,961,l1709,XDCE,8855,8835,8870,17506,775159450,404580,404456,9185,8315,8750,8830,0,8845,0,0,0,2017-04-21,32480961,8850,175,0,0,0,0,0,0,0,0,8855,114,0,0,0,0,0,0,0,0
163,2017-04-21,09:01:21,579,l1709,XDCE,8850,8835,8870,17530,776221500,404560,404456,9185,8315,8750,8830,0,8845,0,0,0,2017-04-21,32481579,8850,164,0,0,0,0,0,0,0,0,8855,116,0,0,0,0,0,0,0,0
164,2017-04-21,09:01:22,67,l1709,XDCE,8850,8835,8870,17542,776752550,404562,404456,9185,8315,8750,8830,0,8845,0,0,0,2017-04-21,32482067,8850,156,0,0,0,0,0,0,0,0,8855,113,0,0,0,0,0,0,0,0
165,2017-04-21,09:01:22,577,l1709,XDCE,8855,8835,8870,17846,790204600,404498,404456,9185,8315,8750,8830,0,8845,0,0,0,2017-04-21,32482577,8845,213,0,0,0,0,0,0,0,0,8855,111,0,0,0,0,0,0,0,0
166,2017-04-21,09:01:23,38,l1709,XDCE,8855,8835,8870,17846,790204600,404498,404456,9185,8315,8750,8830,0,8845,0,0,0,2017-04-21,32483038,8845,228,0,0,0,0,0,0,0,0,8850,3,0,0,0,0,0,0,0,0
167,2017-04-21,09:01:23,562,l1709,XDCE,8845,8835,8870,17884,791885550,404486,404456,9185,8315,8750,8830,0,8845,0,0,0,2017-04-21,32483562,8845,232,0,0,0,0,0,0,0,0,8850,4,0,0,0,0,0,0,0,0
168,2017-04-21,09:01:24,49,l1709,XDCE,8850,8835,8870,18094,801172950,404602,404456,9185,8315,8750,8830,0,8845,0,0,0,2017-04-21,32484049,8845,123,0,0,0,0,0,0,0,0,8850,77,0,0,0,0,0,0,0,0
169,2017-04-21,09:01:24,570,l1709,XDCE,8850,8835,8870,18098,801349900,404600,404456,9185,8315,8750,8830,0,8845,0,0,0,2017-04-21,32484570,8845,122,0,0,0,0,0,0,0,0,8850,94,0,0,0,0,0,0,0,0
170,2017-04-21,09:01:25,55,l1709,XDCE,8845,8835,8870,18312,810814050,404792,404456,9185,8315,8750,8830,0,8845,0,0,0,2017-04-21,32485055,8840,194,0,0,0,0,0,0,0,0,8850,103,0,0,0,0,0,0,0,0
171,2017-04-21,09:01:25,557,l1709,XDCE,8850,8835,8870,18320,811168050,404798,404456,9185,8315,8750,8830,0,8845,0,0,0,2017-04-21,32485557,8840,203,0,0,0,0,0,0,0,0,8850,96,0,0,0,0,0,0,0,0
172,2017-04-21,09:01:26,25,l1709,XDCE,8840,8835,8870,18352,812583050,404778,404456,9185,8315,8750,8830,0,8845,0,0,0,2017-04-21,32486025,8845,25,0,0,0,0,0,0,0,0,8850,99,0,0,0,0,0,0,0,0
173,2017-04-21,09:01:26,566,l1709,XDCE,8845,8835,8870,18464,817535950,404822,404456,9185,8315,8750,8830,0,8845,0,0,0,2017-04-21,32486566,8845,12,0,0,0,0,0,0,0,0,8850,97,0,0,0,0,0,0,0,0
174,2017-04-21,09:01:27,34,l1709,XDCE,8845,8835,8870,18646,825586700,404754,404456,9185,8315,8750,8830,0,8845,0,0,0,2017-04-21,32487034,8840,186,0,0,0,0,0,0,0,0,8845,130,0,0,0,0,0,0,0,0
175,2017-04-21,09:01:27,565,l1709,XDCE,8845,8835,8870,18748,830097350,404776,404456,9185,8315,8750,8830,0,8845,0,0,0,2017-04-21,32487565,8840,168,0,0,0,0,0,0,0,0,8845,85,0,0,0,0,0,0,0,0
176,2017-04-21,09:01:28,39,l1709,XDCE,8840,8835,8870,18764,830804900,404790,404456,9185,8315,8750,8830,0,8845,0,0,0,2017-04-21,32488039,8840,205,0,0,0,0,0,0,0,0,8845,78,0,0,0,0,0,0,0,0
177,2017-04-21,09:01:28,550,l1709,XDCE,8840,8835,8870,18808,832750400,404828,404456,9185,8315,8750,8830,0,8845,0,0,0,2017-04-21,32488550,8840,210,0,0,0,0,0,0,0,0,8845,164,0,0,0,0,0,0,0,0
178,2017-04-21,09:01:29,69,l1709,XDCE,8840,8835,8870,18830,833723300,404848,404456,9185,8315,8750,8830,0,8845,0,0,0,2017-04-21,32489069,8840,199,0,0,0,0,0,0,0,0,8845,195,0,0,0,0,0,0,0,0
179,2017-04-21,09:01:29,580,l1709,XDCE,8845,8835,8870,18854,834784500,404852,404456,9185,8315,8750,8830,0,8845,0,0,0,2017-04-21,32489580,8840,207,0,0,0,0,0,0,0,0,8845,194,0,0,0,0,0,0,0,0
180,2017-04-21,09:01:30,84,l1709,XDCE,8845,8835,8870,18918,837613850,404904,404456,9185,8315,8750,8830,0,8845,0,0,0,2017-04-21,32490084,8840,191,0,0,0,0,0,0,0,0,8845,186,0,0,0,0,0,0,0,0
181,2017-04-21,09:01:30,580,l1709,XDCE,8840,8835,8870,18964,839648150,404932,404456,9185,8315,8750,8830,0,8845,0,0,0,2017-04-21,32490580,8840,180,0,0,0,0,0,0,0,0,8845,166,0,0,0,0,0,0,0,0
182,2017-04-21,09:01:31,84,l1709,XDCE,8845,8835,8870,19034,842743350,404956,404456,9185,8315,8750,8830,0,8845,0,0,0,2017-04-21,32491084,8840,169,0,0,0,0,0,0,0,0,8845,157,0,0,0,0,0,0,0,0
183,2017-04-21,09:01:31,441,l1709,XDCE,8845,8835,8870,19078,844688850,404982,404456,9185,8315,8750,8830,0,8845,0,0,0,2017-04-21,32491441,8840,157,0,0,0,0,0,0,0,0,8845,156,0,0,0,0,0,0,0,0
184,2017-04-21,09:01:32,31,l1709,XDCE,8840,8835,8870,19088,845130850,404982,404456,9185,8315,8750,8830,0,8845,0,0,0,2017-04-21,32492031,8840,174,0,0,0,0,0,0,0,0,8845,157,0,0,0,0,0,0,0,0
185,2017-04-21,09:01:32,569,l1709,XDCE,8845,8835,8870,19112,846191950,404980,404456,9185,8315,8750,8830,0,8845,0,0,0,2017-04-21,32492569,8840,183,0,0,0,0,0,0,0,0,8845,151,0,0,0,0,0,0,0,0
186,2017-04-21,09:01:33,79,l1709,XDCE,8845,8835,8870,19252,852383100,405022,404456,9185,8315,8750,8830,0,8845,0,0,0,2017-04-21,32493079,8840,182,0,0,0,0,0,0,0,0,8845,93,0,0,0,0,0,0,0,0
187,2017-04-21,09:01:33,577,l1709,XDCE,8840,8835,8870,19790,876172050,404752,404456,9185,8315,8750,8830,0,8845,0,0,0,2017-04-21,32493577,8840,122,0,0,0,0,0,0,0,0,8850,198,0,0,0,0,0,0,0,0
188,2017-04-21,09:01:34,68,l1709,XDCE,8840,8835,8870,19830,877941000,404724,404456,9185,8315,8750,8830,0,8845,0,0,0,2017-04-21,32494068,8840,137,0,0,0,0,0,0,0,0,8850,180,0,0,0,0,0,0,0,0
189,2017-04-21,09:01:34,582,l1709,XDCE,8845,8835,8870,19844,878560100,404720,404456,9185,8315,8750,8830,0,8845,0,0,0,2017-04-21,32494582,8840,198,0,0,0,0,0,0,0,0,8845,27,0,0,0,0,0,0,0,0
190,2017-04-21,09:01:35,54,l1709,XDCE,8845,8835,8870,19906,881302050,404720,404456,9185,8315,8750,8830,0,8845,0,0,0,2017-04-21,32495054,8845,33,0,0,0,0,0,0,0,0,8850,169,0,0,0,0,0,0,0,0
191,2017-04-21,09:01:35,556,l1709,XDCE,8850,8835,8870,19962,883779800,404720,404456,9185,8315,8750,8830,0,8845,0,0,0,2017-04-21,32495556,8845,97,0,0,0,0,0,0,0,0,8850,155,0,0,0,0,0,0,0,0
192,2017-04-21,09:01:36,80,l1709,XDCE,8850,8835,8870,20014,886080650,404708,404456,9185,8315,8750,8830,0,8845,0,0,0,2017-04-21,32496080,8845,88,0,0,0,0,0,0,0,0,8850,125,0,0,0,0,0,0,0,0
193,2017-04-21,09:01:36,571,l1709,XDCE,8845,8835,8870,20020,886346000,404708,404456,9185,8315,8750,8830,0,8845,0,0,0,2017-04-21,32496571,8845,97,0,0,0,0,0,0,0,0,8850,128,0,0,0,0,0,0,0,0
194,2017-04-21,09:01:37,78,l1709,XDCE,8850,8835,8870,20028,886699900,404712,404456,9185,8315,8750,8830,0,8845,0,0,0,2017-04-21,32497078,8845,98,0,0,0,0,0,0,0,0,8850,126,0,0,0,0,0,0,0,0
195,2017-04-21,09:01:37,527,l1709,XDCE,8845,8835,8870,20080,888999600,404740,404456,9185,8315,8750,8830,0,8845,0,0,0,2017-04-21,32497527,8845,67,0,0,0,0,0,0,0,0,8850,130,0,0,0,0,0,0,0,0
196,2017-04-21,09:01:38,49,l1709,XDCE,8850,8835,8870,20112,890414850,404768,404456,9185,8315,8750,8830,0,8845,0,0,0,2017-04-21,32498049,8845,48,0,0,0,0,0,0,0,0,8850,150,0,0,0,0,0,0,0,0
197,2017-04-21,09:01:38,558,l1709,XDCE,8845,8835,8870,20246,896341050,404866,404456,9185,8315,8750,8830,0,8845,0,0,0,2017-04-21,32498558,8840,241,0,0,0,0,0,0,0,0,8845,39,0,0,0,0,0,0,0,0
198,2017-04-21,09:01:39,59,l1709,XDCE,8845,8835,8870,20252,896606400,404872,404456,9185,8315,8750,8830,0,8845,0,0,0,2017-04-21,32499059,8840,238,0,0,0,0,0,0,0,0,8845,46,0,0,0,0,0,0,0,0
199,2017-04-21,09:01:39,576,l1709,XDCE,8845,8835,8870,20324,899790550,404906,404456,9185,8315,8750,8830,0,8845,0,0,0,2017-04-21,32499576,8840,195,0,0,0,0,0,0,0,0,8845,12,0,0,0,0,0,0,0,0
200,2017-04-21,09:01:40,65,l1709,XDCE,8845,8835,8870,20336,900321200,404910,404456,9185,8315,8750,8830,0,8845,0,0,0,2017-04-21,32500065,8840,188,0,0,0,0,0,0,0,0,8845,102,0,0,0,0,0,0,0,0
201,2017-04-21,09:01:40,552,l1709,XDCE,8840,8835,8870,20346,900763400,404916,404456,9185,8315,8750,8830,0,8845,0,0,0,2017-04-21,32500552,8840,193,0,0,0,0,0,0,0,0,8845,99,0,0,0,0,0,0,0,0
202,2017-04-21,09:01:41,56,l1709,XDCE,8845,8835,8870,20364,901559450,404908,404456,9185,8315,8750,8830,0,8845,0,0,0,2017-04-21,32501056,8840,193,0,0,0,0,0,0,0,0,8845,95,0,0,0,0,0,0,0,0
203,2017-04-21,09:01:41,521,l1709,XDCE,8845,8835,8870,20406,903416900,404908,404456,9185,8315,8750,8830,0,8845,0,0,0,2017-04-21,32501521,8840,212,0,0,0,0,0,0,0,0,8845,74,0,0,0,0,0,0,0,0
204,2017-04-21,09:01:42,76,l1709,XDCE,8845,8835,8870,20464,905980950,404908,404456,9185,8315,8750,8830,0,8845,0,0,0,2017-04-21,32502076,8840,200,0,0,0,0,0,0,0,0,8845,65,0,0,0,0,0,0,0,0
205,2017-04-21,09:01:42,535,l1709,XDCE,8845,8835,8870,20526,908722850,404908,404456,9185,8315,8750,8830,0,8845,0,0,0,2017-04-21,32502535,8840,183,0,0,0,0,0,0,0,0,8845,35,0,0,0,0,0,0,0,0
206,2017-04-21,09:01:43,74,l1709,XDCE,8850,8835,8870,20616,912703450,404924,404456,9185,8315,8750,8830,0,8845,0,0,0,2017-04-21,32503074,8845,24,0,0,0,0,0,0,0,0,8850,174,0,0,0,0,0,0,0,0
207,2017-04-21,09:01:43,578,l1709,XDCE,8845,8835,8870,20650,914207400,404956,404456,9185,8315,8750,8830,0,8845,0,0,0,2017-04-21,32503578,8845,38,0,0,0,0,0,0,0,0,8850,168,0,0,0,0,0,0,0,0
208,2017-04-21,09:01:44,79,l1709,XDCE,8845,8835,8870,20652,914295850,404956,404456,9185,8315,8750,8830,0,8845,0,0,0,2017-04-21,32504079,8845,37,0,0,0,0,0,0,0,0,8850,166,0,0,0,0,0,0,0,0
209,2017-04-21,09:01:44,532,l1709,XDCE,8850,8835,8870,20658,914561350,404962,404456,9185,8315,8750,8830,0,8845,0,0,0,2017-04-21,32504532,8845,50,0,0,0,0,0,0,0,0,8850,164,0,0,0,0,0,0,0,0
210,2017-04-21,09:01:45,57,l1709,XDCE,8845,8835,8870,20690,915977050,404992,404456,9185,8315,8750,8830,0,8845,0,0,0,2017-04-21,32505057,8845,46,0,0,0,0,0,0,0,0,8850,157,0,0,0,0,0,0,0,0
211,2017-04-21,09:01:45,564,l1709,XDCE,8845,8835,8870,20814,921460150,405062,404456,9185,8315,8750,8830,0,8845,0,0,0,2017-04-21,32505564,8840,177,0,0,0,0,0,0,0,0,8845,69,0,0,0,0,0,0,0,0
212,2017-04-21,09:01:46,47,l1709,XDCE,8845,8835,8870,20820,921725500,405064,404456,9185,8315,8750,8830,0,8845,0,0,0,2017-04-21,32506047,8840,187,0,0,0,0,0,0,0,0,8845,77,0,0,0,0,0,0,0,0
213,2017-04-21,09:01:46,585,l1709,XDCE,8845,8835,8870,20842,922698450,405084,404456,9185,8315,8750,8830,0,8845,0,0,0,2017-04-21,32506585,8840,223,0,0,0,0,0,0,0,0,8845,82,0,0,0,0,0,0,0,0
214,2017-04-21,09:01:47,30,l1709,XDCE,8845,8835,8870,20850,923052250,405084,404456,9185,8315,8750,8830,0,8845,0,0,0,2017-04-21,32507030,8840,224,0,0,0,0,0,0,0,0,8845,82,0,0,0,0,0,0,0,0
215,2017-04-21,09:01:47,540,l1709,XDCE,8845,8835,8870,20876,924202100,405108,404456,9185,8315,8750,8830,0,8845,0,0,0,2017-04-21,32507540,8840,222,0,0,0,0,0,0,0,0,8845,61,0,0,0,0,0,0,0,0
216,2017-04-21,09:01:48,47,l1709,XDCE,8845,8835,8870,21000,929686000,405168,404456,9185,8315,8750,8830,0,8845,0,0,0,2017-04-21,32508047,8840,227,0,0,0,0,0,0,0,0,8850,179,0,0,0,0,0,0,0,0
217,2017-04-21,09:01:48,462,l1709,XDCE,8850,8835,8870,21026,930835950,405172,404456,9185,8315,8750,8830,0,8845,0,0,0,2017-04-21,32508462,8845,11,0,0,0,0,0,0,0,0,8850,176,0,0,0,0,0,0,0,0
218,2017-04-21,09:01:49,79,l1709,XDCE,8850,8835,8870,21070,932782950,405216,404456,9185,8315,8750,8830,0,8845,0,0,0,2017-04-21,32509079,8845,44,0,0,0,0,0,0,0,0,8850,164,0,0,0,0,0,0,0,0
219,2017-04-21,09:01:49,570,l1709,XDCE,8845,8835,8870,21106,934375350,405218,404456,9185,8315,8750,8830,0,8845,0,0,0,2017-04-21,32509570,8845,54,0,0,0,0,0,0,0,0,8850,126,0,0,0,0,0,0,0,0
220,2017-04-21,09:01:50,40,l1709,XDCE,8845,8835,8870,21144,936056500,405242,404456,9185,8315,8750,8830,0,8845,0,0,0,2017-04-21,32510040,8845,69,0,0,0,0,0,0,0,0,8850,121,0,0,0,0,0,0,0,0
221,2017-04-21,09:01:50,498,l1709,XDCE,8850,8835,8870,21150,936322000,405248,404456,9185,8315,8750,8830,0,8845,0,0,0,2017-04-21,32510498,8845,94,0,0,0,0,0,0,0,0,8850,115,0,0,0,0,0,0,0,0
222,2017-04-21,09:01:51,81,l1709,XDCE,8850,8835,8870,21390,946942000,405392,404456,9185,8315,8750,8830,0,8845,0,0,0,2017-04-21,32511081,8850,79,0,0,0,0,0,0,0,0,8855,239,0,0,0,0,0,0,0,0
223,2017-04-21,09:01:51,567,l1709,XDCE,8855,8835,8870,21470,950483500,405472,404456,9185,8315,8750,8830,0,8845,0,0,0,2017-04-21,32511567,8850,79,0,0,0,0,0,0,0,0,8855,206,0,0,0,0,0,0,0,0
224,2017-04-21,09:01:51,909,l1709,XDCE,8850,8835,8870,21472,950572000,405474,404456,9185,8315,8750,8830,0,8845,0,0,0,2017-04-21,32511909,8850,61,0,0,0,0,0,0,0,0,8855,200,0,0,0,0,0,0,0,0
225,2017-04-21,09:01:52,545,l1709,XDCE,8850,8835,8870,21472,950572000,405474,404456,9185,8315,8750,8830,0,8845,0,0,0,2017-04-21,32512545,8850,61,0,0,0,0,0,0,0,0,8855,201,0,0,0,0,0,0,0,0
226,2017-04-21,09:01:53,84,l1709,XDCE,8855,8835,8870,21478,950837650,405480,404456,9185,8315,8750,8830,0,8845,0,0,0,2017-04-21,32513084,8850,61,0,0,0,0,0,0,0,0,8855,199,0,0,0,0,0,0,0,0
227,2017-04-21,09:01:53,557,l1709,XDCE,8850,8835,8870,21504,951988200,405494,404456,9185,8315,8750,8830,0,8845,0,0,0,2017-04-21,32513557,8850,50,0,0,0,0,0,0,0,0,8855,200,0,0,0,0,0,0,0,0
228,2017-04-21,09:01:54,54,l1709,XDCE,8855,8835,8870,21512,952342400,405500,404456,9185,8315,8750,8830,0,8845,0,0,0,2017-04-21,32514054,8850,45,0,0,0,0,0,0,0,0,8855,197,0,0,0,0,0,0,0,0
229,2017-04-21,09:01:54,567,l1709,XDCE,8850,8835,8870,21518,952607900,405500,404456,9185,8315,8750,8830,0,8845,0,0,0,2017-04-21,32514567,8850,48,0,0,0,0,0,0,0,0,8855,198,0,0,0,0,0,0,0,0
230,2017-04-21,09:01:55,84,l1709,XDCE,8850,8835,8870,21564,954644050,405482,404456,9185,8315,8750,8830,0,8845,0,0,0,2017-04-21,32515084,8850,54,0,0,0,0,0,0,0,0,8855,184,0,0,0,0,0,0,0,0
231,2017-04-21,09:01:55,501,l1709,XDCE,8850,8835,8870,21566,954732550,405484,404456,9185,8315,8750,8830,0,8845,0,0,0,2017-04-21,32515501,8850,53,0,0,0,0,0,0,0,0,8855,183,0,0,0,0,0,0,0,0
232,2017-04-21,09:01:56,16,l1709,XDCE,8850,8835,8870,21586,955617650,405486,404456,9185,8315,8750,8830,0,8845,0,0,0,2017-04-21,32516016,8850,53,0,0,0,0,0,0,0,0,8855,175,0,0,0,0,0,0,0,0
233,2017-04-21,09:01:56,565,l1709,XDCE,8850,8835,8870,21608,956591150,405496,404456,9185,8315,8750,8830,0,8845,0,0,0,2017-04-21,32516565,8850,58,0,0,0,0,0,0,0,0,8855,175,0,0,0,0,0,0,0,0
234,2017-04-21,09:01:57,46,l1709,XDCE,8855,8835,8870,21810,965534650,405634,404456,9185,8315,8750,8830,0,8845,0,0,0,2017-04-21,32517046,8850,76,0,0,0,0,0,0,0,0,8855,113,0,0,0,0,0,0,0,0
235,2017-04-21,09:01:57,571,l1709,XDCE,8850,8835,8870,21946,971553300,405724,404456,9185,8315,8750,8830,0,8845,0,0,0,2017-04-21,32517571,8845,172,0,0,0,0,0,0,0,0,8850,46,0,0,0,0,0,0,0,0
236,2017-04-21,09:01:58,70,l1709,XDCE,8850,8835,8870,21958,972084300,405736,404456,9185,8315,8750,8830,0,8845,0,0,0,2017-04-21,32518070,8845,183,0,0,0,0,0,0,0,0,8850,50,0,0,0,0,0,0,0,0
237,2017-04-21,09:01:58,573,l1709,XDCE,8850,8835,8870,22072,977128800,405836,404456,9185,8315,8750,8830,0,8845,0,0,0,2017-04-21,32518573,8850,10,0,0,0,0,0,0,0,0,8855,126,0,0,0,0,0,0,0,0
238,2017-04-21,09:01:59,79,l1709,XDCE,8855,8835,8870,22098,978279450,405862,404456,9185,8315,8750,8830,0,8845,0,0,0,2017-04-21,32519079,8850,151,0,0,0,0,0,0,0,0,8855,120,0,0,0,0,0,0,0,0
239,2017-04-21,09:01:59,546,l1709,XDCE,8850,8835,8870,22108,978721950,405872,404456,9185,8315,8750,8830,0,8845,0,0,0,2017-04-21,32519546,8850,148,0,0,0,0,0,0,0,0,8855,117,0,0,0,0,0,0,0,0
240,2017-04-21,09:01:59,970,l1709,XDCE,8855,8835,8870,22124,979430000,405876,404456,9185,8315,8750,8830,0,8845,0,0,0,2017-04-21,32519970,8850,141,0,0,0,0,0,0,0,0,8855,117,0,0,0,0,0,0,0,0
241,2017-04-21,09:02:00,566,l1709,XDCE,8855,8835,8870,22124,979430000,405876,404456,9185,8315,8750,8830,0,8845,0,0,0,2017-04-21,32520566,8850,141,0,0,0,0,0,0,0,0,8855,119,0,0,0,0,0,0,0,0
242,2017-04-21,09:02:01,73,l1709,XDCE,8850,8835,8870,22126,979518500,405876,404456,9185,8315,8750,8830,0,8845,0,0,0,2017-04-21,32521073,8850,142,0,0,0,0,0,0,0,0,8855,118,0,0,0,0,0,0,0,0
243,2017-04-21,09:02:01,558,l1709,XDCE,8855,8835,8870,22168,981377050,405878,404456,9185,8315,8750,8830,0,8845,0,0,0,2017-04-21,32521558,8850,141,0,0,0,0,0,0,0,0,8855,117,0,0,0,0,0,0,0,0
244,2017-04-21,09:02:02,79,l1709,XDCE,8850,8835,8870,22170,981465550,405878,404456,9185,8315,8750,8830,0,8845,0,0,0,2017-04-21,32522079,8850,141,0,0,0,0,0,0,0,0,8855,117,0,0,0,0,0,0,0,0
245,2017-04-21,09:02:02,535,l1709,XDCE,8850,8835,8870,22170,981465550,405878,404456,9185,8315,8750,8830,0,8845,0,0,0,2017-04-21,32522535,8850,141,0,0,0,0,0,0,0,0,8855,122,0,0,0,0,0,0,0,0
246,2017-04-21,09:02:03,53,l1709,XDCE,8855,8835,8870,22182,981996600,405890,404456,9185,8315,8750,8830,0,8845,0,0,0,2017-04-21,32523053,8850,136,0,0,0,0,0,0,0,0,8855,123,0,0,0,0,0,0,0,0
247,2017-04-21,09:02:03,573,l1709,XDCE,8855,8835,8870,22206,983058700,405914,404456,9185,8315,8750,8830,0,8845,0,0,0,2017-04-21,32523573,8850,126,0,0,0,0,0,0,0,0,8855,122,0,0,0,0,0,0,0,0
248,2017-04-21,09:02:04,81,l1709,XDCE,8855,8835,8870,22270,985891250,405940,404456,9185,8315,8750,8830,0,8845,0,0,0,2017-04-21,32524081,8850,123,0,0,0,0,0,0,0,0,8855,112,0,0,0,0,0,0,0,0
249,2017-04-21,09:02:04,477,l1709,XDCE,8850,8835,8870,22272,985979750,405942,404456,9185,8315,8750,8830,0,8845,0,0,0,2017-04-21,32524477,8850,122,0,0,0,0,0,0,0,0,8855,112,0,0,0,0,0,0,0,0
250,2017-04-21,09:02:05,20,l1709,XDCE,8850,8835,8870,22294,986953300,405962,404456,9185,8315,8750,8830,0,8845,0,0,0,2017-04-21,32525020,8850,112,0,0,0,0,0,0,0,0,8855,113,0,0,0,0,0,0,0,0
251,2017-04-21,09:02:05,526,l1709,XDCE,8850,8835,8870,22316,987927300,405960,404456,9185,8315,8750,8830,0,8845,0,0,0,2017-04-21,32525526,8850,113,0,0,0,0,0,0,0,0,8855,104,0,0,0,0,0,0,0,0
252,2017-04-21,09:02:06,32,l1709,XDCE,8850,8835,8870,22324,988281350,405966,404456,9185,8315,8750,8830,0,8845,0,0,0,2017-04-21,32526032,8850,124,0,0,0,0,0,0,0,0,8855,102,0,0,0,0,0,0,0,0
253,2017-04-21,09:02:06,558,l1709,XDCE,8855,8835,8870,22334,988724100,405974,404456,9185,8315,8750,8830,0,8845,0,0,0,2017-04-21,32526558,8850,128,0,0,0,0,0,0,0,0,8855,97,0,0,0,0,0,0,0,0
254,2017-04-21,09:02:06,953,l1709,XDCE,8855,8835,8870,22334,988724100,405974,404456,9185,8315,8750,8830,0,8845,0,0,0,2017-04-21,32526953,8850,127,0,0,0,0,0,0,0,0,8855,97,0,0,0,0,0,0,0,0
255,2017-04-21,09:02:07,507,l1709,XDCE,8850,8835,8870,22340,988989700,405976,404456,9185,8315,8750,8830,0,8845,0,0,0,2017-04-21,32527507,8850,148,0,0,0,0,0,0,0,0,8855,95,0,0,0,0,0,0,0,0
256,2017-04-21,09:02:08,64,l1709,XDCE,8850,8835,8870,22424,992707900,406004,404456,9185,8315,8750,8830,0,8845,0,0,0,2017-04-21,32528064,8850,164,0,0,0,0,0,0,0,0,8855,73,0,0,0,0,0,0,0,0
257,2017-04-21,09:02:08,526,l1709,XDCE,8850,8835,8870,22424,992707900,406004,404456,9185,8315,8750,8830,0,8845,0,0,0,2017-04-21,32528526,8850,164,0,0,0,0,0,0,0,0,8855,80,0,0,0,0,0,0,0,0
258,2017-04-21,09:02:09,72,l1709,XDCE,8850,8835,8870,22488,995539900,406024,404456,9185,8315,8750,8830,0,8845,0,0,0,2017-04-21,32529072,8850,161,0,0,0,0,0,0,0,0,8855,184,0,0,0,0,0,0,0,0
259,2017-04-21,09:02:09,493,l1709,XDCE,8855,8835,8870,22666,1003416500,406078,404456,9185,8315,8750,8830,0,8845,0,0,0,2017-04-21,32529493,8850,81,0,0,0,0,0,0,0,0,8855,183,0,0,0,0,0,0,0,0
260,2017-04-21,09:02:10,46,l1709,XDCE,8850,8835,8870,22856,1011823850,406150,404456,9185,8315,8750,8830,0,8845,0,0,0,2017-04-21,32530046,8845,165,0,0,0,0,0,0,0,0,8850,121,0,0,0,0,0,0,0,0
261,2017-04-21,09:02:10,560,l1709,XDCE,8845,8835,8870,22868,1012354600,406152,404456,9185,8315,8750,8830,0,8845,0,0,0,2017-04-21,32530560,8845,223,0,0,0,0,0,0,0,0,8850,124,0,0,0,0,0,0,0,0
262,2017-04-21,09:02:11,81,l1709,XDCE,8850,8835,8870,22892,1013416200,406176,404456,9185,8315,8750,8830,0,8845,0,0,0,2017-04-21,32531081,8845,199,0,0,0,0,0,0,0,0,8850,120,0,0,0,0,0,0,0,0
263,2017-04-21,09:02:11,540,l1709,XDCE,8845,8835,8870,22894,1013504650,406176,404456,9185,8315,8750,8830,0,8845,0,0,0,2017-04-21,32531540,8845,198,0,0,0,0,0,0,0,0,8850,260,0,0,0,0,0,0,0,0
264,2017-04-21,09:02:11,995,l1709,XDCE,8845,8835,8870,22894,1013504650,406176,404456,9185,8315,8750,8830,0,8845,0,0,0,2017-04-21,32531995,8845,190,0,0,0,0,0,0,0,0,8850,264,0,0,0,0,0,0,0,0
265,2017-04-21,09:02:12,565,l1709,XDCE,8845,8835,8870,22914,1014389650,406184,404456,9185,8315,8750,8830,0,8845,0,0,0,2017-04-21,32532565,8845,167,0,0,0,0,0,0,0,0,8850,266,0,0,0,0,0,0,0,0
266,2017-04-21,09:02:13,59,l1709,XDCE,8845,8835,8870,23014,1018812150,406154,404456,9185,8315,8750,8830,0,8845,0,0,0,2017-04-21,32533059,8845,115,0,0,0,0,0,0,0,0,8850,280,0,0,0,0,0,0,0,0
267,2017-04-21,09:02:13,494,l1709,XDCE,8845,8835,8870,23244,1028983900,406268,404456,9185,8315,8750,8830,0,8845,0,0,0,2017-04-21,32533494,8840,168,0,0,0,0,0,0,0,0,8845,9,0,0,0,0,0,0,0,0
268,2017-04-21,09:02:14,77,l1709,XDCE,8845,8835,8870,23274,1030310650,406280,404456,9185,8315,8750,8830,0,8845,0,0,0,2017-04-21,32534077,8840,199,0,0,0,0,0,0,0,0,8845,91,0,0,0,0,0,0,0,0
269,2017-04-21,09:02:14,553,l1709,XDCE,8845,8835,8870,23274,1030310650,406280,404456,9185,8315,8750,8830,0,8845,0,0,0,2017-04-21,32534553,8840,195,0,0,0,0,0,0,0,0,8845,124,0,0,0,0,0,0,0,0
270,2017-04-21,09:02:15,79,l1709,XDCE,8845,8835,8870,23276,1030399100,406282,404456,9185,8315,8750,8830,0,8845,0,0,0,2017-04-21,32535079,8840,195,0,0,0,0,0,0,0,0,8845,123,0,0,0,0,0,0,0,0
271,2017-04-21,09:02:15,568,l1709,XDCE,8845,8835,8870,23276,1030399100,406282,404456,9185,8315,8750,8830,0,8845,0,0,0,2017-04-21,32535568,8840,197,0,0,0,0,0,0,0,0,8845,123,0,0,0,0,0,0,0,0
272,2017-04-21,09:02:16,20,l1709,XDCE,8840,8835,8870,23298,1031371550,406280,404456,9185,8315,8750,8830,0,8845,0,0,0,2017-04-21,32536020,8840,187,0,0,0,0,0,0,0,0,8845,120,0,0,0,0,0,0,0,0
273,2017-04-21,09:02:16,546,l1709,XDCE,8845,8835,8870,23310,1031902000,406274,404456,9185,8315,8750,8830,0,8845,0,0,0,2017-04-21,32536546,8840,182,0,0,0,0,0,0,0,0,8845,104,0,0,0,0,0,0,0,0
274,2017-04-21,09:02:17,84,l1709,XDCE,8845,8835,8870,23348,1033582200,406258,404456,9185,8315,8750,8830,0,8845,0,0,0,2017-04-21,32537084,8840,176,0,0,0,0,0,0,0,0,8845,105,0,0,0,0,0,0,0,0
275,2017-04-21,09:02:17,582,l1709,XDCE,8840,8835,8870,23392,1035528000,406258,404456,9185,8315,8750,8830,0,8845,0,0,0,2017-04-21,32537582,8840,174,0,0,0,0,0,0,0,0,8845,87,0,0,0,0,0,0,0,0
276,2017-04-21,09:02:18,16,l1709,XDCE,8850,8835,8870,23778,1052598750,406132,404456,9185,8315,8750,8830,0,8845,0,0,0,2017-04-21,32538016,8845,19,0,0,0,0,0,0,0,0,8850,263,0,0,0,0,0,0,0,0
277,2017-04-21,09:02:18,570,l1709,XDCE,8845,8835,8870,23822,1054544600,406138,404456,9185,8315,8750,8830,0,8845,0,0,0,2017-04-21,32538570,8845,21,0,0,0,0,0,0,0,0,8850,265,0,0,0,0,0,0,0,0
278,2017-04-21,09:02:19,41,l1709,XDCE,8845,8835,8870,23872,1056755850,406162,404456,9185,8315,8750,8830,0,8845,0,0,0,2017-04-21,32539041,8840,199,0,0,0,0,0,0,0,0,8845,46,0,0,0,0,0,0,0,0
279,2017-04-21,09:02:19,580,l1709,XDCE,8845,8835,8870,23972,1061178350,406126,404456,9185,8315,8750,8830,0,8845,0,0,0,2017-04-21,32539580,8845,33,0,0,0,0,0,0,0,0,8850,272,0,0,0,0,0,0,0,0
280,2017-04-21,09:02:20,65,l1709,XDCE,8845,8835,8870,24002,1062505100,406126,404456,9185,8315,8750,8830,0,8845,0,0,0,2017-04-21,32540065,8845,27,0,0,0,0,0,0,0,0,8850,267,0,0,0,0,0,0,0,0
281,2017-04-21,09:02:20,544,l1709,XDCE,8845,8835,8870,24004,1062593550,406126,404456,9185,8315,8750,8830,0,8845,0,0,0,2017-04-21,32540544,8845,28,0,0,0,0,0,0,0,0,8850,264,0,0,0,0,0,0,0,0
282,2017-04-21,09:02:21,58,l1709,XDCE,8845,8835,8870,24010,1062858900,406120,404456,9185,8315,8750,8830,0,8845,0,0,0,2017-04-21,32541058,8845,24,0,0,0,0,0,0,0,0,8850,263,0,0,0,0,0,0,0,0
283,2017-04-21,09:02:21,561,l1709,XDCE,8845,8835,8870,24014,1063035800,406118,404456,9185,8315,8750,8830,0,8845,0,0,0,2017-04-21,32541561,8845,22,0,0,0,0,0,0,0,0,8850,268,0,0,0,0,0,0,0,0
284,2017-04-21,09:02:22,83,l1709,XDCE,8845,8835,8870,24016,1063124250,406118,404456,9185,8315,8750,8830,0,8845,0,0,0,2017-04-21,32542083,8845,31,0,0,0,0,0,0,0,0,8850,269,0,0,0,0,0,0,0,0
285,2017-04-21,09:02:22,533,l1709,XDCE,8850,8835,8870,24116,1067549250,406024,404456,9185,8315,8750,8830,0,8845,0,0,0,2017-04-21,32542533,8845,139,0,0,0,0,0,0,0,0,8850,208,0,0,0,0,0,0,0,0
286,2017-04-21,09:02:23,77,l1709,XDCE,8845,8835,8870,24118,1067637700,406024,404456,9185,8315,8750,8830,0,8845,0,0,0,2017-04-21,32543077,8845,141,0,0,0,0,0,0,0,0,8850,205,0,0,0,0,0,0,0,0
287,2017-04-21,09:02:23,560,l1709,XDCE,8845,8835,8870,24128,1068079950,406028,404456,9185,8315,8750,8830,0,8845,0,0,0,2017-04-21,32543560,8845,137,0,0,0,0,0,0,0,0,8850,206,0,0,0,0,0,0,0,0
288,2017-04-21,09:02:24,20,l1709,XDCE,8845,8835,8870,24128,1068079950,406028,404456,9185,8315,8750,8830,0,8845,0,0,0,2017-04-21,32544020,8845,139,0,0,0,0,0,0,0,0,8850,325,0,0,0,0,0,0,0,0
289,2017-04-21,09:02:24,581,l1709,XDCE,8845,8835,8870,24128,1068079950,406028,404456,9185,8315,8750,8830,0,8845,0,0,0,2017-04-21,32544581,8845,132,0,0,0,0,0,0,0,0,8850,336,0,0,0,0,0,0,0,0
290,2017-04-21,09:02:25,37,l1709,XDCE,8845,8835,8870,24128,1068079950,406028,404456,9185,8315,8750,8830,0,8845,0,0,0,2017-04-21,32545037,8845,133,0,0,0,0,0,0,0,0,8850,337,0,0,0,0,0,0,0,0
291,2017-04-21,09:02:25,563,l1709,XDCE,8845,8835,8870,24132,1068256850,406028,404456,9185,8315,8750,8830,0,8845,0,0,0,2017-04-21,32545563,8845,131,0,0,0,0,0,0,0,0,8850,338,0,0,0,0,0,0,0,0
292,2017-04-21,09:02:25,816,l1709,XDCE,8850,8835,8870,24134,1068345350,406028,404456,9185,8315,8750,8830,0,8845,0,0,0,2017-04-21,32545816,8845,131,0,0,0,0,0,0,0,0,8850,339,0,0,0,0,0,0,0,0
293,2017-04-21,09:02:26,574,l1709,XDCE,8845,8835,8870,24154,1069229850,406008,404456,9185,8315,8750,8830,0,8845,0,0,0,2017-04-21,32546574,8845,123,0,0,0,0,0,0,0,0,8850,339,0,0,0,0,0,0,0,0
294,2017-04-21,09:02:27,11,l1709,XDCE,8845,8835,8870,24154,1069229850,406008,404456,9185,8315,8750,8830,0,8845,0,0,0,2017-04-21,32547011,8845,133,0,0,0,0,0,0,0,0,8850,344,0,0,0,0,0,0,0,0
295,2017-04-21,09:02:27,509,l1709,XDCE,8845,8835,8870,24158,1069406750,406008,404456,9185,8315,8750,8830,0,8845,0,0,0,2017-04-21,32547509,8845,131,0,0,0,0,0,0,0,0,8850,345,0,0,0,0,0,0,0,0
296,2017-04-21,09:02:28,85,l1709,XDCE,8845,8835,8870,24170,1069937450,406008,404456,9185,8315,8750,8830,0,8845,0,0,0,2017-04-21,32548085,8845,125,0,0,0,0,0,0,0,0,8850,351,0,0,0,0,0,0,0,0
297,2017-04-21,09:02:28,545,l1709,XDCE,8845,8835,8870,24176,1070202800,406008,404456,9185,8315,8750,8830,0,8845,0,0,0,2017-04-21,32548545,8845,122,0,0,0,0,0,0,0,0,8850,349,0,0,0,0,0,0,0,0
298,2017-04-21,09:02:29,52,l1709,XDCE,8845,8835,8870,24184,1070556600,406006,404456,9185,8315,8750,8830,0,8845,0,0,0,2017-04-21,32549052,8845,118,0,0,0,0,0,0,0,0,8850,350,0,0,0,0,0,0,0,0
299,2017-04-21,09:02:29,529,l1709,XDCE,8850,8835,8870,24186,1070645100,406006,404456,9185,8315,8750,8830,0,8845,0,0,0,2017-04-21,32549529,8845,118,0,0,0,0,0,0,0,0,8850,350,0,0,0,0,0,0,0,0
300,2017-04-21,09:02:30,78,l1709,XDCE,8845,8835,8870,24188,1070733550,406006,404456,9185,8315,8750,8830,0,8845,0,0,0,2017-04-21,32550078,8845,117,0,0,0,0,0,0,0,0,8850,350,0,0,0,0,0,0,0,0
301,2017-04-21,09:02:30,555,l1709,XDCE,8845,8835,8870,24188,1070733550,406006,404456,9185,8315,8750,8830,0,8845,0,0,0,2017-04-21,32550555,8845,124,0,0,0,0,0,0,0,0,8850,340,0,0,0,0,0,0,0,0
302,2017-04-21,09:02:31,69,l1709,XDCE,8845,8835,8870,24190,1070822000,406008,404456,9185,8315,8750,8830,0,8845,0,0,0,2017-04-21,32551069,8845,224,0,0,0,0,0,0,0,0,8850,340,0,0,0,0,0,0,0,0
303,2017-04-21,09:02:31,556,l1709,XDCE,8850,8835,8870,24208,1071618500,405994,404456,9185,8315,8750,8830,0,8845,0,0,0,2017-04-21,32551556,8845,428,0,0,0,0,0,0,0,0,8850,328,0,0,0,0,0,0,0,0
304,2017-04-21,09:02:32,40,l1709,XDCE,8850,8835,8870,24298,1075600950,405932,404456,9185,8315,8750,8830,0,8845,0,0,0,2017-04-21,32552040,8845,428,0,0,0,0,0,0,0,0,8850,278,0,0,0,0,0,0,0,0
305,2017-04-21,09:02:32,562,l1709,XDCE,8850,8835,8870,24362,1078432900,405934,404456,9185,8315,8750,8830,0,8845,0,0,0,2017-04-21,32552562,8845,432,0,0,0,0,0,0,0,0,8850,251,0,0,0,0,0,0,0,0
306,2017-04-21,09:02:33,53,l1709,XDCE,8850,8835,8870,24418,1080910800,405934,404456,9185,8315,8750,8830,0,8845,0,0,0,2017-04-21,32553053,8845,430,0,0,0,0,0,0,0,0,8850,224,0,0,0,0,0,0,0,0
307,2017-04-21,09:02:33,568,l1709,XDCE,8855,8835,8870,24876,1101177350,406074,404456,9185,8315,8750,8830,0,8845,0,0,0,2017-04-21,32553568,8850,120,0,0,0,0,0,0,0,0,8855,196,0,0,0,0,0,0,0,0
308,2017-04-21,09:02:34,84,l1709,XDCE,8855,8835,8870,24888,1101708650,406074,404456,9185,8315,8750,8830,0,8845,0,0,0,2017-04-21,32554084,8850,123,0,0,0,0,0,0,0,0,8855,189,0,0,0,0,0,0,0,0
309,2017-04-21,09:02:34,548,l1709,XDCE,8855,8835,8870,24888,1101708650,406074,404456,9185,8315,8750,8830,0,8845,0,0,0,2017-04-21,32554548,8850,128,0,0,0,0,0,0,0,0,8855,181,0,0,0,0,0,0,0,0
310,2017-04-21,09:02:35,19,l1709,XDCE,8850,8835,8870,24892,1101885650,406078,404456,9185,8315,8750,8830,0,8845,0,0,0,2017-04-21,32555019,8850,127,0,0,0,0,0,0,0,0,8855,179,0,0,0,0,0,0,0,0
311,2017-04-21,09:02:35,503,l1709,XDCE,8850,8835,8870,24896,1102062650,406078,404456,9185,8315,8750,8830,0,8845,0,0,0,2017-04-21,32555503,8850,135,0,0,0,0,0,0,0,0,8855,179,0,0,0,0,0,0,0,0
312,2017-04-21,09:02:36,35,l1709,XDCE,8850,8835,8870,24898,1102151150,406078,404456,9185,8315,8750,8830,0,8845,0,0,0,2017-04-21,32556035,8850,134,0,0,0,0,0,0,0,0,8855,179,0,0,0,0,0,0,0,0
313,2017-04-21,09:02:36,511,l1709,XDCE,8850,8835,8870,24898,1102151150,406078,404456,9185,8315,8750,8830,0,8845,0,0,0,2017-04-21,32556511,8850,135,0,0,0,0,0,0,0,0,8855,174,0,0,0,0,0,0,0,0
314,2017-04-21,09:02:37,84,l1709,XDCE,8850,8835,8870,24898,1102151150,406078,404456,9185,8315,8750,8830,0,8845,0,0,0,2017-04-21,32557084,8850,145,0,0,0,0,0,0,0,0,8855,170,0,0,0,0,0,0,0,0
315,2017-04-21,09:02:37,524,l1709,XDCE,8855,8835,8870,24916,1102948000,406078,404456,9185,8315,8750,8830,0,8845,0,0,0,2017-04-21,32557524,8850,143,0,0,0,0,0,0,0,0,8855,165,0,0,0,0,0,0,0,0
316,2017-04-21,09:02:38,0,l1709,XDCE,8850,8835,8870,24918,1103036500,406080,404456,9185,8315,8750,8830,0,8845,0,0,0,2017-04-21,32558000,8850,142,0,0,0,0,0,0,0,0,8855,166,0,0,0,0,0,0,0,0
317,2017-04-21,09:02:38,573,l1709,XDCE,8850,8835,8870,24936,1103833000,406080,404456,9185,8315,8750,8830,0,8845,0,0,0,2017-04-21,32558573,8850,133,0,0,0,0,0,0,0,0,8855,164,0,0,0,0,0,0,0,0
318,2017-04-21,09:02:38,941,l1709,XDCE,8855,8835,8870,24956,1104718500,406080,404456,9185,8315,8750,8830,0,8845,0,0,0,2017-04-21,32558941,8850,134,0,0,0,0,0,0,0,0,8855,155,0,0,0,0,0,0,0,0
319,2017-04-21,09:02:40,36,l1709,XDCE,8855,8835,8870,24958,1104807050,406080,404456,9185,8315,8750,8830,0,8845,0,0,0,2017-04-21,32560036,8850,134,0,0,0,0,0,0,0,0,8855,155,0,0,0,0,0,0,0,0
320,2017-04-21,09:02:40,366,l1709,XDCE,8855,8835,8870,24958,1104807050,406080,404456,9185,8315,8750,8830,0,8845,0,0,0,2017-04-21,32560366,8850,134,0,0,0,0,0,0,0,0,8855,159,0,0,0,0,0,0,0,0
321,2017-04-21,09:02:41,374,l1709,XDCE,8855,8835,8870,24962,1104984100,406082,404456,9185,8315,8750,8830,0,8845,0,0,0,2017-04-21,32561374,8850,133,0,0,0,0,0,0,0,0,8855,159,0,0,0,0,0,0,0,0
322,2017-04-21,09:02:42,55,l1709,XDCE,8855,8835,8870,24964,1105072650,406082,404456,9185,8315,8750,8830,0,8845,0,0,0,2017-04-21,32562055,8850,134,0,0,0,0,0,0,0,0,8855,158,0,0,0,0,0,0,0,0
323,2017-04-21,09:02:42,503,l1709,XDCE,8850,8835,8870,24968,1105249700,406082,404456,9185,8315,8750,8830,0,8845,0,0,0,2017-04-21,32562503,8850,131,0,0,0,0,0,0,0,0,8855,157,0,0,0,0,0,0,0,0
324,2017-04-21,09:02:42,976,l1709,XDCE,8850,8835,8870,24968,1105249700,406082,404456,9185,8315,8750,8830,0,8845,0,0,0,2017-04-21,32562976,8850,141,0,0,0,0,0,0,0,0,8855,158,0,0,0,0,0,0,0,0
325,2017-04-21,09:02:44,31,l1709,XDCE,8855,8835,8870,24970,1105338250,406082,404456,9185,8315,8750,8830,0,8845,0,0,0,2017-04-21,32564031,8850,242,0,0,0,0,0,0,0,0,8855,157,0,0,0,0,0,0,0,0
326,2017-04-21,09:02:44,539,l1709,XDCE,8855,8835,8870,25034,1108171850,406122,404456,9185,8315,8750,8830,0,8845,0,0,0,2017-04-21,32564539,8850,472,0,0,0,0,0,0,0,0,8855,125,0,0,0,0,0,0,0,0
327,2017-04-21,09:02:45,49,l1709,XDCE,8855,8835,8870,25274,1118797850,406166,404456,9185,8315,8750,8830,0,8845,0,0,0,2017-04-21,32565049,8855,66,0,0,0,0,0,0,0,0,8860,257,0,0,0,0,0,0,0,0
328,2017-04-21,09:02:45,485,l1709,XDCE,8855,8835,8870,25442,1126236050,406056,404456,9185,8315,8750,8830,0,8845,0,0,0,2017-04-21,32565485,8850,427,0,0,0,0,0,0,0,0,8855,30,0,0,0,0,0,0,0,0
329,2017-04-21,09:02:46,56,l1709,XDCE,8855,8835,8870,25546,1130840650,406038,404456,9185,8315,8750,8830,0,8845,0,0,0,2017-04-21,32566056,8855,6,0,0,0,0,0,0,0,0,8860,267,0,0,0,0,0,0,0,0
330,2017-04-21,09:02:46,476,l1709,XDCE,8850,8835,8870,25560,1131460450,406026,404456,9185,8315,8750,8830,0,8845,0,0,0,2017-04-21,32566476,8850,146,0,0,0,0,0,0,0,0,8855,33,0,0,0,0,0,0,0,0
331,2017-04-21,09:02:47,35,l1709,XDCE,8855,8835,8870,25564,1131637550,406028,404456,9185,8315,8750,8830,0,8845,0,0,0,2017-04-21,32567035,8850,130,0,0,0,0,0,0,0,0,8855,62,0,0,0,0,0,0,0,0
332,2017-04-21,09:02:47,495,l1709,XDCE,8855,8835,8870,25578,1132257350,406036,404456,9185,8315,8750,8830,0,8845,0,0,0,2017-04-21,32567495,8850,133,0,0,0,0,0,0,0,0,8855,65,0,0,0,0,0,0,0,0
333,2017-04-21,09:02:48,10,l1709,XDCE,8850,8835,8870,25588,1132700050,406036,404456,9185,8315,8750,8830,0,8845,0,0,0,2017-04-21,32568010,8850,145,0,0,0,0,0,0,0,0,8855,81,0,0,0,0,0,0,0,0
334,2017-04-21,09:02:48,573,l1709,XDCE,8850,8835,8870,25588,1132700050,406036,404456,9185,8315,8750,8830,0,8845,0,0,0,2017-04-21,32568573,8850,134,0,0,0,0,0,0,0,0,8855,88,0,0,0,0,0,0,0,0
335,2017-04-21,09:02:48,952,l1709,XDCE,8855,8835,8870,25598,1133142800,406028,404456,9185,8315,8750,8830,0,8845,0,0,0,2017-04-21,32568952,8850,134,0,0,0,0,0,0,0,0,8855,83,0,0,0,0,0,0,0,0
336,2017-04-21,09:02:49,557,l1709,XDCE,8855,8835,8870,25602,1133319900,406028,404456,9185,8315,8750,8830,0,8845,0,0,0,2017-04-21,32569557,8850,148,0,0,0,0,0,0,0,0,8855,189,0,0,0,0,0,0,0,0
337,2017-04-21,09:02:50,78,l1709,XDCE,8855,8835,8870,25604,1133408450,406028,404456,9185,8315,8750,8830,0,8845,0,0,0,2017-04-21,32570078,8850,161,0,0,0,0,0,0,0,0,8855,201,0,0,0,0,0,0,0,0
338,2017-04-21,09:02:50,559,l1709,XDCE,8855,8835,8870,25604,1133408450,406028,404456,9185,8315,8750,8830,0,8845,0,0,0,2017-04-21,32570559,8850,158,0,0,0,0,0,0,0,0,8855,201,0,0,0,0,0,0,0,0
339,2017-04-21,09:02:50,959,l1709,XDCE,8855,8835,8870,25604,1133408450,406028,404456,9185,8315,8750,8830,0,8845,0,0,0,2017-04-21,32570959,8850,165,0,0,0,0,0,0,0,0,8855,212,0,0,0,0,0,0,0,0
340,2017-04-21,09:02:51,486,l1709,XDCE,8855,8835,8870,25604,1133408450,406028,404456,9185,8315,8750,8830,0,8845,0,0,0,2017-04-21,32571486,8850,180,0,0,0,0,0,0,0,0,8855,215,0,0,0,0,0,0,0,0
341,2017-04-21,09:02:52,11,l1709,XDCE,8855,8835,8870,25604,1133408450,406028,404456,9185,8315,8750,8830,0,8845,0,0,0,2017-04-21,32572011,8850,162,0,0,0,0,0,0,0,0,8855,227,0,0,0,0,0,0,0,0
342,2017-04-21,09:02:52,561,l1709,XDCE,8855,8835,8870,25610,1133674100,406028,404456,9185,8315,8750,8830,0,8845,0,0,0,2017-04-21,32572561,8850,161,0,0,0,0,0,0,0,0,8855,224,0,0,0,0,0,0,0,0
343,2017-04-21,09:02:53,572,l1709,XDCE,8850,8835,8870,25774,1140931100,406114,404456,9185,8315,8750,8830,0,8845,0,0,0,2017-04-21,32573572,8850,79,0,0,0,0,0,0,0,0,8855,231,0,0,0,0,0,0,0,0
344,2017-04-21,09:02:54,64,l1709,XDCE,8850,8835,8870,25932,1147922600,406122,404456,9185,8315,8750,8830,0,8845,0,0,0,2017-04-21,32574064,8845,209,0,0,0,0,0,0,0,0,8850,249,0,0,0,0,0,0,0,0
345,2017-04-21,09:02:54,518,l1709,XDCE,8850,8835,8870,25944,1148453550,406128,404456,9185,8315,8750,8830,0,8845,0,0,0,2017-04-21,32574518,8845,223,0,0,0,0,0,0,0,0,8850,244,0,0,0,0,0,0,0,0
346,2017-04-21,09:02:55,27,l1709,XDCE,8850,8835,8870,25948,1148630550,406128,404456,9185,8315,8750,8830,0,8845,0,0,0,2017-04-21,32575027,8845,208,0,0,0,0,0,0,0,0,8850,221,0,0,0,0,0,0,0,0
347,2017-04-21,09:02:55,579,l1709,XDCE,8850,8835,8870,25948,1148630550,406128,404456,9185,8315,8750,8830,0,8845,0,0,0,2017-04-21,32575579,8845,211,0,0,0,0,0,0,0,0,8850,217,0,0,0,0,0,0,0,0
348,2017-04-21,09:02:56,60,l1709,XDCE,8850,8835,8870,25954,1148896050,406126,404456,9185,8315,8750,8830,0,8845,0,0,0,2017-04-21,32576060,8845,209,0,0,0,0,0,0,0,0,8850,204,0,0,0,0,0,0,0,0
349,2017-04-21,09:02:56,564,l1709,XDCE,8850,8835,8870,25960,1149161550,406126,404456,9185,8315,8750,8830,0,8845,0,0,0,2017-04-21,32576564,8845,212,0,0,0,0,0,0,0,0,8850,204,0,0,0,0,0,0,0,0
350,2017-04-21,09:02:57,65,l1709,XDCE,8850,8835,8870,25974,1149780950,406130,404456,9185,8315,8750,8830,0,8845,0,0,0,2017-04-21,32577065,8845,210,0,0,0,0,0,0,0,0,8850,310,0,0,0,0,0,0,0,0
351,2017-04-21,09:02:57,497,l1709,XDCE,8850,8835,8870,26020,1151816450,406144,404456,9185,8315,8750,8830,0,8845,0,0,0,2017-04-21,32577497,8845,210,0,0,0,0,0,0,0,0,8850,287,0,0,0,0,0,0,0,0
352,2017-04-21,09:02:58,68,l1709,XDCE,8850,8835,8870,26028,1152170450,406144,404456,9185,8315,8750,8830,0,8845,0,0,0,2017-04-21,32578068,8845,224,0,0,0,0,0,0,0,0,8850,273,0,0,0,0,0,0,0,0
353,2017-04-21,09:02:58,554,l1709,XDCE,8845,8835,8870,26040,1152701200,406154,404456,9185,8315,8750,8830,0,8845,0,0,0,2017-04-21,32578554,8845,219,0,0,0,0,0,0,0,0,8850,273,0,0,0,0,0,0,0,0
354,2017-04-21,09:02:58,972,l1709,XDCE,8850,8835,8870,26046,1152966700,406150,404456,9185,8315,8750,8830,0,8845,0,0,0,2017-04-21,32578972,8845,208,0,0,0,0,0,0,0,0,8850,271,0,0,0,0,0,0,0,0
355,2017-04-21,09:02:59,582,l1709,XDCE,8845,8835,8870,26056,1153409100,406152,404456,9185,8315,8750,8830,0,8845,0,0,0,2017-04-21,32579582,8845,206,0,0,0,0,0,0,0,0,8850,267,0,0,0,0,0,0,0,0
356,2017-04-21,09:02:59,910,l1709,XDCE,8850,8835,8870,26060,1153586100,406148,404456,9185,8315,8750,8830,0,8845,0,0,0,2017-04-21,32579910,8845,228,0,0,0,0,0,0,0,0,8850,265,0,0,0,0,0,0,0,0
357,2017-04-21,09:03:00,545,l1709,XDCE,8845,8835,8870,26464,1171453000,406408,404456,9185,8315,8750,8830,0,8845,0,0,0,2017-04-21,32580545,8845,7,0,0,0,0,0,0,0,0,8850,279,0,0,0,0,0,0,0,0
358,2017-04-21,09:03:01,73,l1709,XDCE,8840,8835,8870,26506,1173310100,406434,404456,9185,8315,8750,8830,0,8845,0,0,0,2017-04-21,32581073,8840,266,0,0,0,0,0,0,0,0,8845,118,0,0,0,0,0,0,0,0
359,2017-04-21,09:03:01,585,l1709,XDCE,8845,8835,8870,26582,1176671200,406400,404456,9185,8315,8750,8830,0,8845,0,0,0,2017-04-21,32581585,8840,301,0,0,0,0,0,0,0,0,8845,118,0,0,0,0,0,0,0,0
360,2017-04-21,09:03:01,959,l1709,XDCE,8845,8835,8870,26584,1176759650,406400,404456,9185,8315,8750,8830,0,8845,0,0,0,2017-04-21,32581959,8840,296,0,0,0,0,0,0,0,0,8845,117,0,0,0,0,0,0,0,0
361,2017-04-21,09:03:02,567,l1709,XDCE,8845,8835,8870,26584,1176759650,406400,404456,9185,8315,8750,8830,0,8845,0,0,0,2017-04-21,32582567,8840,307,0,0,0,0,0,0,0,0,8845,119,0,0,0,0,0,0,0,0
362,2017-04-21,09:03:03,19,l1709,XDCE,8845,8835,8870,26584,1176759650,406400,404456,9185,8315,8750,8830,0,8845,0,0,0,2017-04-21,32583019,8840,307,0,0,0,0,0,0,0,0,8845,139,0,0,0,0,0,0,0,0
363,2017-04-21,09:03:03,553,l1709,XDCE,8845,8835,8870,26622,1178440200,406384,404456,9185,8315,8750,8830,0,8845,0,0,0,2017-04-21,32583553,8840,308,0,0,0,0,0,0,0,0,8845,70,0,0,0,0,0,0,0,0
364,2017-04-21,09:03:03,958,l1709,XDCE,8845,8835,8870,26796,1186135350,406482,404456,9185,8315,8750,8830,0,8845,0,0,0,2017-04-21,32583958,8845,207,0,0,0,0,0,0,0,0,8850,259,0,0,0,0,0,0,0,0
365,2017-04-21,09:03:04,509,l1709,XDCE,8845,8835,8870,26798,1186223800,406484,404456,9185,8315,8750,8830,0,8845,0,0,0,2017-04-21,32584509,8845,244,0,0,0,0,0,0,0,0,8850,245,0,0,0,0,0,0,0,0
366,2017-04-21,09:03:05,85,l1709,XDCE,8845,8835,8870,26840,1188081250,406488,404456,9185,8315,8750,8830,0,8845,0,0,0,2017-04-21,32585085,8845,224,0,0,0,0,0,0,0,0,8850,244,0,0,0,0,0,0,0,0
367,2017-04-21,09:03:05,557,l1709,XDCE,8850,8835,8870,26842,1188169750,406488,404456,9185,8315,8750,8830,0,8845,0,0,0,2017-04-21,32585557,8845,229,0,0,0,0,0,0,0,0,8850,243,0,0,0,0,0,0,0,0
368,2017-04-21,09:03:06,81,l1709,XDCE,8845,8835,8870,26844,1188258200,406486,404456,9185,8315,8750,8830,0,8845,0,0,0,2017-04-21,32586081,8845,228,0,0,0,0,0,0,0,0,8850,243,0,0,0,0,0,0,0,0
369,2017-04-21,09:03:06,270,l1709,XDCE,8845,8835,8870,26848,1188435100,406482,404456,9185,8315,8750,8830,0,8845,0,0,0,2017-04-21,32586270,8845,226,0,0,0,0,0,0,0,0,8850,243,0,0,0,0,0,0,0,0
370,2017-04-21,09:03:06,904,l1709,XDCE,8845,8835,8870,26916,1191442400,406546,404456,9185,8315,8750,8830,0,8845,0,0,0,2017-04-21,32586904,8845,12,0,0,0,0,0,0,0,0,8850,246,0,0,0,0,0,0,0,0
371,2017-04-21,09:03:07,577,l1709,XDCE,8845,8835,8870,26940,1192503800,406546,404456,9185,8315,8750,8830,0,8845,0,0,0,2017-04-21,32587577,8840,278,0,0,0,0,0,0,0,0,8845,32,0,0,0,0,0,0,0,0
372,2017-04-21,09:03:08,20,l1709,XDCE,8845,8835,8870,26940,1192503800,406546,404456,9185,8315,8750,8830,0,8845,0,0,0,2017-04-21,32588020,8840,278,0,0,0,0,0,0,0,0,8845,33,0,0,0,0,0,0,0,0
373,2017-04-21,09:03:08,489,l1709,XDCE,8845,8835,8870,26942,1192592250,406546,404456,9185,8315,8750,8830,0,8845,0,0,0,2017-04-21,32588489,8840,278,0,0,0,0,0,0,0,0,8845,36,0,0,0,0,0,0,0,0
374,2017-04-21,09:03:09,580,l1709,XDCE,8845,8835,8870,26984,1194449700,406588,404456,9185,8315,8750,8830,0,8845,0,0,0,2017-04-21,32589580,8840,268,0,0,0,0,0,0,0,0,8845,29,0,0,0,0,0,0,0,0
375,2017-04-21,09:03:10,16,l1709,XDCE,8845,8835,8870,26984,1194449700,406588,404456,9185,8315,8750,8830,0,8845,0,0,0,2017-04-21,32590016,8840,253,0,0,0,0,0,0,0,0,8845,36,0,0,0,0,0,0,0,0
376,2017-04-21,09:03:10,573,l1709,XDCE,8845,8835,8870,26988,1194626600,406588,404456,9185,8315,8750,8830,0,8845,0,0,0,2017-04-21,32590573,8840,274,0,0,0,0,0,0,0,0,8845,37,0,0,0,0,0,0,0,0
377,2017-04-21,09:03:11,16,l1709,XDCE,8845,8835,8870,26994,1194891950,406588,404456,9185,8315,8750,8830,0,8845,0,0,0,2017-04-21,32591016,8840,273,0,0,0,0,0,0,0,0,8845,35,0,0,0,0,0,0,0,0
378,2017-04-21,09:03:11,555,l1709,XDCE,8840,8835,8870,27084,1198869950,406652,404456,9185,8315,8750,8830,0,8845,0,0,0,2017-04-21,32591555,8840,225,0,0,0,0,0,0,0,0,8845,140,0,0,0,0,0,0,0,0
379,2017-04-21,09:03:12,55,l1709,XDCE,8840,8835,8870,27256,1206472350,406600,404456,9185,8315,8750,8830,0,8845,0,0,0,2017-04-21,32592055,8840,147,0,0,0,0,0,0,0,0,8845,550,0,0,0,0,0,0,0,0
380,2017-04-21,09:03:12,542,l1709,XDCE,8840,8835,8870,27562,1219997550,406654,404456,9185,8315,8750,8830,0,8845,0,0,0,2017-04-21,32592542,8835,215,0,0,0,0,0,0,0,0,8840,389,0,0,0,0,0,0,0,0
381,2017-04-21,09:03:13,40,l1709,XDCE,8840,8835,8870,27584,1220969700,406670,404456,9185,8315,8750,8830,0,8845,0,0,0,2017-04-21,32593040,8835,209,0,0,0,0,0,0,0,0,8840,408,0,0,0,0,0,0,0,0
382,2017-04-21,09:03:13,576,l1709,XDCE,8840,8835,8870,27584,1220969700,406670,404456,9185,8315,8750,8830,0,8845,0,0,0,2017-04-21,32593576,8835,184,0,0,0,0,0,0,0,0,8840,399,0,0,0,0,0,0,0,0
383,2017-04-21,09:03:14,52,l1709,XDCE,8835,8835,8870,27606,1221941650,406674,404456,9185,8315,8750,8830,0,8845,0,0,0,2017-04-21,32594052,8835,175,0,0,0,0,0,0,0,0,8840,397,0,0,0,0,0,0,0,0
384,2017-04-21,09:03:14,474,l1709,XDCE,8835,8835,8870,27622,1222648500,406682,404456,9185,8315,8750,8830,0,8845,0,0,0,2017-04-21,32594474,8835,168,0,0,0,0,0,0,0,0,8840,402,0,0,0,0,0,0,0,0
385,2017-04-21,09:03:15,4,l1709,XDCE,8835,8835,8870,27652,1223973950,406700,404456,9185,8315,8750,8830,0,8845,0,0,0,2017-04-21,32595004,8835,165,0,0,0,0,0,0,0,0,8840,407,0,0,0,0,0,0,0,0
386,2017-04-21,09:03:15,582,l1709,XDCE,8835,8835,8870,27654,1224062300,406700,404456,9185,8315,8750,8830,0,8845,0,0,0,2017-04-21,32595582,8835,164,0,0,0,0,0,0,0,0,8840,388,0,0,0,0,0,0,0,0
387,2017-04-21,09:03:16,85,l1709,XDCE,8835,8835,8870,27656,1224150650,406702,404456,9185,8315,8750,8830,0,8845,0,0,0,2017-04-21,32596085,8835,165,0,0,0,0,0,0,0,0,8840,388,0,0,0,0,0,0,0,0
388,2017-04-21,09:03:16,542,l1709,XDCE,8835,8835,8870,27672,1224857450,406718,404456,9185,8315,8750,8830,0,8845,0,0,0,2017-04-21,32596542,8835,156,0,0,0,0,0,0,0,0,8840,388,0,0,0,0,0,0,0,0
389,2017-04-21,09:03:17,1,l1709,XDCE,8840,8835,8870,27676,1225034250,406718,404456,9185,8315,8750,8830,0,8845,0,0,0,2017-04-21,32597001,8835,156,0,0,0,0,0,0,0,0,8840,372,0,0,0,0,0,0,0,0
390,2017-04-21,09:03:17,557,l1709,XDCE,8835,8835,8870,28070,1242448700,406558,404456,9185,8315,8750,8830,0,8845,0,0,0,2017-04-21,32597557,8835,149,0,0,0,0,0,0,0,0,8840,182,0,0,0,0,0,0,0,0
391,2017-04-21,09:03:17,948,l1709,XDCE,8840,8835,8870,28162,1246515100,406468,404456,9185,8315,8750,8830,0,8845,0,0,0,2017-04-21,32597948,8835,159,0,0,0,0,0,0,0,0,8840,238,0,0,0,0,0,0,0,0
392,2017-04-21,09:03:18,552,l1709,XDCE,8835,8835,8870,28202,1248282600,406448,404456,9185,8315,8750,8830,0,8845,0,0,0,2017-04-21,32598552,8835,151,0,0,0,0,0,0,0,0,8840,229,0,0,0,0,0,0,0,0
393,2017-04-21,09:03:19,57,l1709,XDCE,8840,8835,8870,28256,1250669300,406404,404456,9185,8315,8750,8830,0,8845,0,0,0,2017-04-21,32599057,8835,151,0,0,0,0,0,0,0,0,8840,204,0,0,0,0,0,0,0,0
394,2017-04-21,09:03:19,542,l1709,XDCE,8835,8835,8870,28264,1251022700,406408,404456,9185,8315,8750,8830,0,8845,0,0,0,2017-04-21,32599542,8835,151,0,0,0,0,0,0,0,0,8840,204,0,0,0,0,0,0,0,0
395,2017-04-21,09:03:20,18,l1709,XDCE,8835,8835,8870,28264,1251022700,406408,404456,9185,8315,8750,8830,0,8845,0,0,0,2017-04-21,32600018,8835,222,0,0,0,0,0,0,0,0,8840,206,0,0,0,0,0,0,0,0
396,2017-04-21,09:03:20,582,l1709,XDCE,8835,8835,8870,28274,1251464450,406412,404456,9185,8315,8750,8830,0,8845,0,0,0,2017-04-21,32600582,8835,260,0,0,0,0,0,0,0,0,8840,209,0,0,0,0,0,0,0,0
397,2017-04-21,09:03:21,57,l1709,XDCE,8835,8835,8870,28288,1252082900,406426,404456,9185,8315,8750,8830,0,8845,0,0,0,2017-04-21,32601057,8835,254,0,0,0,0,0,0,0,0,8840,214,0,0,0,0,0,0,0,0
398,2017-04-21,09:03:21,584,l1709,XDCE,8835,8835,8870,28292,1252259650,406424,404456,9185,8315,8750,8830,0,8845,0,0,0,2017-04-21,32601584,8835,258,0,0,0,0,0,0,0,0,8840,213,0,0,0,0,0,0,0,0
399,2017-04-21,09:03:22,72,l1709,XDCE,8840,8835,8870,28392,1256679650,406424,404456,9185,8315,8750,8830,0,8845,0,0,0,2017-04-21,32602072,8835,282,0,0,0,0,0,0,0,0,8840,163,0,0,0,0,0,0,0,0
400,2017-04-21,09:03:22,572,l1709,XDCE,8835,8835,8870,28566,1264368850,406490,404456,9185,8315,8750,8830,0,8845,0,0,0,2017-04-21,32602572,8835,257,0,0,0,0,0,0,0,0,8840,117,0,0,0,0,0,0,0,0
401,2017-04-21,09:03:23,62,l1709,XDCE,8835,8835,8870,28612,1266401900,406496,404456,9185,8315,8750,8830,0,8845,0,0,0,2017-04-21,32603062,8835,255,0,0,0,0,0,0,0,0,8840,103,0,0,0,0,0,0,0,0
402,2017-04-21,09:03:23,578,l1709,XDCE,8840,8835,8870,28820,1275595500,406558,404456,9185,8315,8750,8830,0,8845,0,0,0,2017-04-21,32603578,8840,7,0,0,0,0,0,0,0,0,8845,259,0,0,0,0,0,0,0,0
403,2017-04-21,09:03:23,933,l1709,XDCE,8840,8835,8870,28822,1275683900,406560,404456,9185,8315,8750,8830,0,8845,0,0,0,2017-04-21,32603933,8840,13,0,0,0,0,0,0,0,0,8845,254,0,0,0,0,0,0,0,0
404,2017-04-21,09:03:24,411,l1709,XDCE,8840,8835,8870,28834,1276214350,406572,404456,9185,8315,8750,8830,0,8845,0,0,0,2017-04-21,32604411,8840,8,0,0,0,0,0,0,0,0,8845,253,0,0,0,0,0,0,0,0
405,2017-04-21,09:03:24,863,l1709,XDCE,8840,8835,8870,28836,1276302750,406574,404456,9185,8315,8750,8830,0,8845,0,0,0,2017-04-21,32604863,8840,8,0,0,0,0,0,0,0,0,8845,253,0,0,0,0,0,0,0,0
406,2017-04-21,09:03:25,530,l1709,XDCE,8840,8835,8870,28838,1276391150,406576,404456,9185,8315,8750,8830,0,8845,0,0,0,2017-04-21,32605530,8840,22,0,0,0,0,0,0,0,0,8845,253,0,0,0,0,0,0,0,0
407,2017-04-21,09:03:26,85,l1709,XDCE,8840,8835,8870,28840,1276479550,406578,404456,9185,8315,8750,8830,0,8845,0,0,0,2017-04-21,32606085,8840,22,0,0,0,0,0,0,0,0,8845,253,0,0,0,0,0,0,0,0
408,2017-04-21,09:03:26,520,l1709,XDCE,8840,8835,8870,28842,1276567950,406578,404456,9185,8315,8750,8830,0,8845,0,0,0,2017-04-21,32606520,8840,24,0,0,0,0,0,0,0,0,8845,255,0,0,0,0,0,0,0,0
409,2017-04-21,09:03:27,63,l1709,XDCE,8840,8835,8870,28842,1276567950,406578,404456,9185,8315,8750,8830,0,8845,0,0,0,2017-04-21,32607063,8840,25,0,0,0,0,0,0,0,0,8845,255,0,0,0,0,0,0,0,0
410,2017-04-21,09:03:27,541,l1709,XDCE,8840,8835,8870,28844,1276656350,406580,404456,9185,8315,8750,8830,0,8845,0,0,0,2017-04-21,32607541,8840,28,0,0,0,0,0,0,0,0,8845,255,0,0,0,0,0,0,0,0
411,2017-04-21,09:03:28,60,l1709,XDCE,8840,8835,8870,28854,1277098350,406588,404456,9185,8315,8750,8830,0,8845,0,0,0,2017-04-21,32608060,8840,23,0,0,0,0,0,0,0,0,8845,321,0,0,0,0,0,0,0,0
412,2017-04-21,09:03:28,579,l1709,XDCE,8840,8835,8870,28864,1277540350,406588,404456,9185,8315,8750,8830,0,8845,0,0,0,2017-04-21,32608579,8840,19,0,0,0,0,0,0,0,0,8845,320,0,0,0,0,0,0,0,0
413,2017-04-21,09:03:29,28,l1709,XDCE,8840,8835,8870,28870,1277805550,406588,404456,9185,8315,8750,8830,0,8845,0,0,0,2017-04-21,32609028,8840,38,0,0,0,0,0,0,0,0,8845,321,0,0,0,0,0,0,0,0
414,2017-04-21,09:03:29,498,l1709,XDCE,8840,8835,8870,28902,1279219950,406574,404456,9185,8315,8750,8830,0,8845,0,0,0,2017-04-21,32609498,8840,53,0,0,0,0,0,0,0,0,8845,311,0,0,0,0,0,0,0,0
415,2017-04-21,09:03:29,964,l1709,XDCE,8840,8835,8870,29002,1283639950,406482,404456,9185,8315,8750,8830,0,8845,0,0,0,2017-04-21,32609964,8840,4,0,0,0,0,0,0,0,0,8845,311,0,0,0,0,0,0,0,0
416,2017-04-21,09:03:30,565,l1709,XDCE,8840,8835,8870,29018,1284347150,406492,404456,9185,8315,8750,8830,0,8845,0,0,0,2017-04-21,32610565,8840,6,0,0,0,0,0,0,0,0,8845,321,0,0,0,0,0,0,0,0
417,2017-04-21,09:03:31,47,l1709,XDCE,8840,8835,8870,29032,1284965950,406492,404456,9185,8315,8750,8830,0,8845,0,0,0,2017-04-21,32611047,8840,1,0,0,0,0,0,0,0,0,8845,321,0,0,0,0,0,0,0,0
418,2017-04-21,09:03:31,549,l1709,XDCE,8840,8835,8870,29034,1285054350,406492,404456,9185,8315,8750,8830,0,8845,0,0,0,2017-04-21,32611549,8840,1,0,0,0,0,0,0,0,0,8845,314,0,0,0,0,0,0,0,0
419,2017-04-21,09:03:32,80,l1709,XDCE,8845,8835,8870,29038,1285231200,406496,404456,9185,8315,8750,8830,0,8845,0,0,0,2017-04-21,32612080,8840,20,0,0,0,0,0,0,0,0,8845,316,0,0,0,0,0,0,0,0
420,2017-04-21,09:03:32,382,l1709,XDCE,8845,8835,8870,29048,1285673450,406502,404456,9185,8315,8750,8830,0,8845,0,0,0,2017-04-21,32612382,8840,21,0,0,0,0,0,0,0,0,8845,311,0,0,0,0,0,0,0,0
421,2017-04-21,09:03:32,984,l1709,XDCE,8845,8835,8870,29048,1285673450,406502,404456,9185,8315,8750,8830,0,8845,0,0,0,2017-04-21,32612984,8840,50,0,0,0,0,0,0,0,0,8845,316,0,0,0,0,0,0,0,0
422,2017-04-21,09:03:33,536,l1709,XDCE,8840,8835,8870,29068,1286557450,406522,404456,9185,8315,8750,8830,0,8845,0,0,0,2017-04-21,32613536,8840,47,0,0,0,0,0,0,0,0,8845,316,0,0,0,0,0,0,0,0
423,2017-04-21,09:03:34,74,l1709,XDCE,8845,8835,8870,29070,1286645900,406522,404456,9185,8315,8750,8830,0,8845,0,0,0,2017-04-21,32614074,8840,47,0,0,0,0,0,0,0,0,8845,291,0,0,0,0,0,0,0,0
424,2017-04-21,09:03:34,484,l1709,XDCE,8840,8835,8870,29076,1286911100,406522,404456,9185,8315,8750,8830,0,8845,0,0,0,2017-04-21,32614484,8840,48,0,0,0,0,0,0,0,0,8845,293,0,0,0,0,0,0,0,0
425,2017-04-21,09:03:35,84,l1709,XDCE,8840,8835,8870,29076,1286911100,406522,404456,9185,8315,8750,8830,0,8845,0,0,0,2017-04-21,32615084,8840,54,0,0,0,0,0,0,0,0,8845,293,0,0,0,0,0,0,0,0
426,2017-04-21,09:03:35,531,l1709,XDCE,8840,8835,8870,29076,1286911100,406522,404456,9185,8315,8750,8830,0,8845,0,0,0,2017-04-21,32615531,8840,55,0,0,0,0,0,0,0,0,8845,293,0,0,0,0,0,0,0,0
427,2017-04-21,09:03:36,70,l1709,XDCE,8840,8835,8870,29076,1286911100,406522,404456,9185,8315,8750,8830,0,8845,0,0,0,2017-04-21,32616070,8840,82,0,0,0,0,0,0,0,0,8845,298,0,0,0,0,0,0,0,0
428,2017-04-21,09:03:36,529,l1709,XDCE,8840,8835,8870,29076,1286911100,406522,404456,9185,8315,8750,8830,0,8845,0,0,0,2017-04-21,32616529,8840,95,0,0,0,0,0,0,0,0,8845,282,0,0,0,0,0,0,0,0
429,2017-04-21,09:03:36,961,l1709,XDCE,8840,8835,8870,29080,1287087900,406526,404456,9185,8315,8750,8830,0,8845,0,0,0,2017-04-21,32616961,8840,93,0,0,0,0,0,0,0,0,8845,283,0,0,0,0,0,0,0,0
430,2017-04-21,09:03:37,565,l1709,XDCE,8840,8835,8870,29082,1287176300,406526,404456,9185,8315,8750,8830,0,8845,0,0,0,2017-04-21,32617565,8840,91,0,0,0,0,0,0,0,0,8845,283,0,0,0,0,0,0,0,0
431,2017-04-21,09:03:38,74,l1709,XDCE,8840,8835,8870,29082,1287176300,406526,404456,9185,8315,8750,8830,0,8845,0,0,0,2017-04-21,32618074,8840,143,0,0,0,0,0,0,0,0,8845,282,0,0,0,0,0,0,0,0
432,2017-04-21,09:03:38,580,l1709,XDCE,8845,8835,8870,29084,1287264750,406526,404456,9185,8315,8750,8830,0,8845,0,0,0,2017-04-21,32618580,8840,174,0,0,0,0,0,0,0,0,8845,274,0,0,0,0,0,0,0,0
433,2017-04-21,09:03:39,85,l1709,XDCE,8845,8835,8870,29084,1287264750,406526,404456,9185,8315,8750,8830,0,8845,0,0,0,2017-04-21,32619085,8840,174,0,0,0,0,0,0,0,0,8845,273,0,0,0,0,0,0,0,0
434,2017-04-21,09:03:39,544,l1709,XDCE,8840,8835,8870,29088,1287441550,406530,404456,9185,8315,8750,8830,0,8845,0,0,0,2017-04-21,32619544,8840,174,0,0,0,0,0,0,0,0,8845,275,0,0,0,0,0,0,0,0
435,2017-04-21,09:03:39,956,l1709,XDCE,8840,8835,8870,29120,1288856700,406560,404456,9185,8315,8750,8830,0,8845,0,0,0,2017-04-21,32619956,8840,174,0,0,0,0,0,0,0,0,8845,260,0,0,0,0,0,0,0,0
436,2017-04-21,09:03:40,970,l1709,XDCE,8845,8835,8870,29122,1288945150,406560,404456,9185,8315,8750,8830,0,8845,0,0,0,2017-04-21,32620970,8840,176,0,0,0,0,0,0,0,0,8845,259,0,0,0,0,0,0,0,0
437,2017-04-21,09:03:41,570,l1709,XDCE,8845,8835,8870,29122,1288945150,406560,404456,9185,8315,8750,8830,0,8845,0,0,0,2017-04-21,32621570,8840,176,0,0,0,0,0,0,0,0,8845,231,0,0,0,0,0,0,0,0
438,2017-04-21,09:03:41,941,l1709,XDCE,8840,8835,8870,29134,1289475650,406566,404456,9185,8315,8750,8830,0,8845,0,0,0,2017-04-21,32621941,8840,172,0,0,0,0,0,0,0,0,8845,228,0,0,0,0,0,0,0,0
439,2017-04-21,09:03:42,585,l1709,XDCE,8840,8835,8870,29134,1289475650,406566,404456,9185,8315,8750,8830,0,8845,0,0,0,2017-04-21,32622585,8840,175,0,0,0,0,0,0,0,0,8845,228,0,0,0,0,0,0,0,0
440,2017-04-21,09:03:43,85,l1709,XDCE,8840,8835,8870,29184,1291685650,406602,404456,9185,8315,8750,8830,0,8845,0,0,0,2017-04-21,32623085,8840,150,0,0,0,0,0,0,0,0,8845,228,0,0,0,0,0,0,0,0
441,2017-04-21,09:03:43,498,l1709,XDCE,8845,8835,8870,29186,1291774100,406602,404456,9185,8315,8750,8830,0,8845,0,0,0,2017-04-21,32623498,8840,174,0,0,0,0,0,0,0,0,8845,227,0,0,0,0,0,0,0,0
442,2017-04-21,09:03:44,577,l1709,XDCE,8845,8835,8870,29288,1296285050,406702,404456,9185,8315,8750,8830,0,8845,0,0,0,2017-04-21,32624577,8840,176,0,0,0,0,0,0,0,0,8845,176,0,0,0,0,0,0,0,0
443,2017-04-21,09:03:45,16,l1709,XDCE,8845,8835,8870,29300,1296815750,406714,404456,9185,8315,8750,8830,0,8845,0,0,0,2017-04-21,32625016,8840,176,0,0,0,0,0,0,0,0,8845,140,0,0,0,0,0,0,0,0
444,2017-04-21,09:03:45,579,l1709,XDCE,8845,8835,8870,29308,1297169550,406722,404456,9185,8315,8750,8830,0,8845,0,0,0,2017-04-21,32625579,8840,176,0,0,0,0,0,0,0,0,8845,138,0,0,0,0,0,0,0,0
445,2017-04-21,09:03:46,45,l1709,XDCE,8840,8835,8870,29310,1297257950,406724,404456,9185,8315,8750,8830,0,8845,0,0,0,2017-04-21,32626045,8840,176,0,0,0,0,0,0,0,0,8845,140,0,0,0,0,0,0,0,0
446,2017-04-21,09:03:46,463,l1709,XDCE,8840,8835,8870,29310,1297257950,406724,404456,9185,8315,8750,8830,0,8845,0,0,0,2017-04-21,32626463,8840,166,0,0,0,0,0,0,0,0,8845,151,0,0,0,0,0,0,0,0
447,2017-04-21,09:03:47,45,l1709,XDCE,8840,8835,8870,29310,1297257950,406724,404456,9185,8315,8750,8830,0,8845,0,0,0,2017-04-21,32627045,8840,176,0,0,0,0,0,0,0,0,8845,157,0,0,0,0,0,0,0,0
448,2017-04-21,09:03:47,506,l1709,XDCE,8840,8835,8870,29310,1297257950,406724,404456,9185,8315,8750,8830,0,8845,0,0,0,2017-04-21,32627506,8840,177,0,0,0,0,0,0,0,0,8845,161,0,0,0,0,0,0,0,0
449,2017-04-21,09:03:48,36,l1709,XDCE,8840,8835,8870,29320,1297699950,406724,404456,9185,8315,8750,8830,0,8845,0,0,0,2017-04-21,32628036,8840,173,0,0,0,0,0,0,0,0,8845,164,0,0,0,0,0,0,0,0
450,2017-04-21,09:03:48,560,l1709,XDCE,8845,8835,8870,29336,1298407550,406734,404456,9185,8315,8750,8830,0,8845,0,0,0,2017-04-21,32628560,8840,173,0,0,0,0,0,0,0,0,8845,171,0,0,0,0,0,0,0,0
451,2017-04-21,09:03:49,53,l1709,XDCE,8840,8835,8870,29354,1299203150,406728,404456,9185,8315,8750,8830,0,8845,0,0,0,2017-04-21,32629053,8840,164,0,0,0,0,0,0,0,0,8845,174,0,0,0,0,0,0,0,0
452,2017-04-21,09:03:49,554,l1709,XDCE,8840,8835,8870,29682,1313700750,406980,404456,9185,8315,8750,8830,0,8845,0,0,0,2017-04-21,32629554,8835,299,0,0,0,0,0,0,0,0,8840,62,0,0,0,0,0,0,0,0
453,2017-04-21,09:03:50,73,l1709,XDCE,8840,8835,8870,29802,1319004750,407080,404456,9185,8315,8750,8830,0,8845,0,0,0,2017-04-21,32630073,8835,344,0,0,0,0,0,0,0,0,8840,20,0,0,0,0,0,0,0,0
454,2017-04-21,09:03:50,535,l1709,XDCE,8840,8835,8870,29908,1323689950,407008,404456,9185,8315,8750,8830,0,8845,0,0,0,2017-04-21,32630535,8835,344,0,0,0,0,0,0,0,0,8840,15,0,0,0,0,0,0,0,0
455,2017-04-21,09:03:51,72,l1709,XDCE,8835,8835,8870,29930,1324662300,406990,404456,9185,8315,8750,8830,0,8845,0,0,0,2017-04-21,32631072,8835,343,0,0,0,0,0,0,0,0,8840,36,0,0,0,0,0,0,0,0
456,2017-04-21,09:03:51,528,l1709,XDCE,8840,8835,8870,29972,1326518650,406990,404456,9185,8315,8750,8830,0,8845,0,0,0,2017-04-21,32631528,8835,342,0,0,0,0,0,0,0,0,8840,19,0,0,0,0,0,0,0,0
457,2017-04-21,09:03:52,85,l1709,XDCE,8840,8835,8870,30010,1328198250,406972,404456,9185,8315,8750,8830,0,8845,0,0,0,2017-04-21,32632085,8835,354,0,0,0,0,0,0,0,0,8840,3,0,0,0,0,0,0,0,0
458,2017-04-21,09:03:52,533,l1709,XDCE,8840,8835,8870,30018,1328551850,406980,404456,9185,8315,8750,8830,0,8845,0,0,0,2017-04-21,32632533,8840,71,0,0,0,0,0,0,0,0,8845,210,0,0,0,0,0,0,0,0
459,2017-04-21,09:03:53,50,l1709,XDCE,8840,8835,8870,30020,1328640250,406982,404456,9185,8315,8750,8830,0,8845,0,0,0,2017-04-21,32633050,8840,83,0,0,0,0,0,0,0,0,8845,194,0,0,0,0,0,0,0,0
460,2017-04-21,09:03:53,544,l1709,XDCE,8840,8835,8870,30024,1328817050,406984,404456,9185,8315,8750,8830,0,8845,0,0,0,2017-04-21,32633544,8840,89,0,0,0,0,0,0,0,0,8845,193,0,0,0,0,0,0,0,0
461,2017-04-21,09:03:54,57,l1709,XDCE,8840,8835,8870,30026,1328905450,406986,404456,9185,8315,8750,8830,0,8845,0,0,0,2017-04-21,32634057,8840,101,0,0,0,0,0,0,0,0,8845,202,0,0,0,0,0,0,0,0
462,2017-04-21,09:03:54,574,l1709,XDCE,8840,8835,8870,30052,1330054650,406964,404456,9185,8315,8750,8830,0,8845,0,0,0,2017-04-21,32634574,8840,89,0,0,0,0,0,0,0,0,8845,202,0,0,0,0,0,0,0,0
463,2017-04-21,09:03:54,900,l1709,XDCE,8840,8835,8870,30076,1331116000,406962,404456,9185,8315,8750,8830,0,8845,0,0,0,2017-04-21,32634900,8840,79,0,0,0,0,0,0,0,0,8845,200,0,0,0,0,0,0,0,0
464,2017-04-21,09:03:55,579,l1709,XDCE,8840,8835,8870,30096,1332000000,406976,404456,9185,8315,8750,8830,0,8845,0,0,0,2017-04-21,32635579,8840,80,0,0,0,0,0,0,0,0,8845,202,0,0,0,0,0,0,0,0
465,2017-04-21,09:03:56,80,l1709,XDCE,8840,8835,8870,30096,1332000000,406976,404456,9185,8315,8750,8830,0,8845,0,0,0,2017-04-21,32636080,8840,83,0,0,0,0,0,0,0,0,8845,202,0,0,0,0,0,0,0,0
466,2017-04-21,09:03:56,395,l1709,XDCE,8840,8835,8870,30096,1332000000,406976,404456,9185,8315,8750,8830,0,8845,0,0,0,2017-04-21,32636395,8840,98,0,0,0,0,0,0,0,0,8845,202,0,0,0,0,0,0,0,0
467,2017-04-21,09:03:57,6,l1709,XDCE,8840,8835,8870,30100,1332176800,406978,404456,9185,8315,8750,8830,0,8845,0,0,0,2017-04-21,32637006,8840,101,0,0,0,0,0,0,0,0,8845,202,0,0,0,0,0,0,0,0
468,2017-04-21,09:03:57,584,l1709,XDCE,8840,8835,8870,30372,1344204200,406814,404456,9185,8315,8750,8830,0,8845,0,0,0,2017-04-21,32637584,8840,69,0,0,0,0,0,0,0,0,8845,306,0,0,0,0,0,0,0,0
469,2017-04-21,09:03:58,68,l1709,XDCE,8840,8835,8870,30372,1344204200,406814,404456,9185,8315,8750,8830,0,8845,0,0,0,2017-04-21,32638068,8840,79,0,0,0,0,0,0,0,0,8845,304,0,0,0,0,0,0,0,0
470,2017-04-21,09:03:58,549,l1709,XDCE,8845,8835,8870,30374,1344292650,406814,404456,9185,8315,8750,8830,0,8845,0,0,0,2017-04-21,32638549,8840,80,0,0,0,0,0,0,0,0,8845,304,0,0,0,0,0,0,0,0
471,2017-04-21,09:03:58,977,l1709,XDCE,8845,8835,8870,30378,1344469500,406816,404456,9185,8315,8750,8830,0,8845,0,0,0,2017-04-21,32638977,8840,80,0,0,0,0,0,0,0,0,8845,505,0,0,0,0,0,0,0,0
472,2017-04-21,09:03:59,551,l1709,XDCE,8840,8835,8870,30492,1349508300,406840,404456,9185,8315,8750,8830,0,8845,0,0,0,2017-04-21,32639551,8840,23,0,0,0,0,0,0,0,0,8845,506,0,0,0,0,0,0,0,0
473,2017-04-21,09:03:59,978,l1709,XDCE,8840,8835,8870,30540,1351629900,406878,404456,9185,8315,8750,8830,0,8845,0,0,0,2017-04-21,32639978,8835,294,0,0,0,0,0,0,0,0,8840,21,0,0,0,0,0,0,0,0
474,2017-04-21,09:04:00,558,l1709,XDCE,8840,8835,8870,30640,1356049900,406874,404456,9185,8315,8750,8830,0,8845,0,0,0,2017-04-21,32640558,8840,152,0,0,0,0,0,0,0,0,8845,520,0,0,0,0,0,0,0,0
475,2017-04-21,09:04:01,56,l1709,XDCE,8840,8835,8870,30648,1356403500,406868,404456,9185,8315,8750,8830,0,8845,0,0,0,2017-04-21,32641056,8840,169,0,0,0,0,0,0,0,0,8845,517,0,0,0,0,0,0,0,0
476,2017-04-21,09:04:01,490,l1709,XDCE,8840,8835,8870,30648,1356403500,406868,404456,9185,8315,8750,8830,0,8845,0,0,0,2017-04-21,32641490,8840,182,0,0,0,0,0,0,0,0,8845,518,0,0,0,0,0,0,0,0
477,2017-04-21,09:04:02,53,l1709,XDCE,8840,8835,8870,30648,1356403500,406868,404456,9185,8315,8750,8830,0,8845,0,0,0,2017-04-21,32642053,8840,186,0,0,0,0,0,0,0,0,8845,517,0,0,0,0,0,0,0,0
478,2017-04-21,09:04:02,578,l1709,XDCE,8845,8835,8870,30650,1356491950,406870,404456,9185,8315,8750,8830,0,8845,0,0,0,2017-04-21,32642578,8840,194,0,0,0,0,0,0,0,0,8845,519,0,0,0,0,0,0,0,0
479,2017-04-21,09:04:03,36,l1709,XDCE,8840,8835,8870,30652,1356580350,406870,404456,9185,8315,8750,8830,0,8845,0,0,0,2017-04-21,32643036,8840,196,0,0,0,0,0,0,0,0,8845,518,0,0,0,0,0,0,0,0
480,2017-04-21,09:04:03,447,l1709,XDCE,8840,8835,8870,30652,1356580350,406870,404456,9185,8315,8750,8830,0,8845,0,0,0,2017-04-21,32643447,8840,204,0,0,0,0,0,0,0,0,8845,520,0,0,0,0,0,0,0,0
481,2017-04-21,09:04:03,949,l1709,XDCE,8840,8835,8870,30652,1356580350,406870,404456,9185,8315,8750,8830,0,8845,0,0,0,2017-04-21,32643949,8840,209,0,0,0,0,0,0,0,0,8845,518,0,0,0,0,0,0,0,0
482,2017-04-21,09:04:04,568,l1709,XDCE,8840,8835,8870,30664,1357110750,406870,404456,9185,8315,8750,8830,0,8845,0,0,0,2017-04-21,32644568,8840,204,0,0,0,0,0,0,0,0,8845,520,0,0,0,0,0,0,0,0
483,2017-04-21,09:04:04,929,l1709,XDCE,8840,8835,8870,30664,1357110750,406870,404456,9185,8315,8750,8830,0,8845,0,0,0,2017-04-21,32644929,8840,249,0,0,0,0,0,0,0,0,8845,508,0,0,0,0,0,0,0,0
484,2017-04-21,09:04:05,459,l1709,XDCE,8840,8835,8870,30664,1357110750,406870,404456,9185,8315,8750,8830,0,8845,0,0,0,2017-04-21,32645459,8840,251,0,0,0,0,0,0,0,0,8845,509,0,0,0,0,0,0,0,0
485,2017-04-21,09:04:06,44,l1709,XDCE,8845,8835,8870,30668,1357287600,406870,404456,9185,8315,8750,8830,0,8845,0,0,0,2017-04-21,32646044,8840,252,0,0,0,0,0,0,0,0,8845,506,0,0,0,0,0,0,0,0
486,2017-04-21,09:04:06,449,l1709,XDCE,8845,8835,8870,30674,1357552950,406868,404456,9185,8315,8750,8830,0,8845,0,0,0,2017-04-21,32646449,8840,257,0,0,0,0,0,0,0,0,8845,505,0,0,0,0,0,0,0,0
487,2017-04-21,09:04:07,80,l1709,XDCE,8840,8835,8870,30678,1357729800,406866,404456,9185,8315,8750,8830,0,8845,0,0,0,2017-04-21,32647080,8840,247,0,0,0,0,0,0,0,0,8845,513,0,0,0,0,0,0,0,0
488,2017-04-21,09:04:07,534,l1709,XDCE,8840,8835,8870,30678,1357729800,406866,404456,9185,8315,8750,8830,0,8845,0,0,0,2017-04-21,32647534,8840,246,0,0,0,0,0,0,0,0,8845,515,0,0,0,0,0,0,0,0
489,2017-04-21,09:04:08,37,l1709,XDCE,8840,8835,8870,30678,1357729800,406866,404456,9185,8315,8750,8830,0,8845,0,0,0,2017-04-21,32648037,8840,246,0,0,0,0,0,0,0,0,8845,513,0,0,0,0,0,0,0,0
490,2017-04-21,09:04:08,534,l1709,XDCE,8840,8835,8870,30680,1357818200,406864,404456,9185,8315,8750,8830,0,8845,0,0,0,2017-04-21,32648534,8840,245,0,0,0,0,0,0,0,0,8845,513,0,0,0,0,0,0,0,0
491,2017-04-21,09:04:09,5,l1709,XDCE,8840,8835,8870,30680,1357818200,406864,404456,9185,8315,8750,8830,0,8845,0,0,0,2017-04-21,32649005,8840,245,0,0,0,0,0,0,0,0,8845,511,0,0,0,0,0,0,0,0
492,2017-04-21,09:04:09,583,l1709,XDCE,8845,8835,8870,30688,1358171950,406862,404456,9185,8315,8750,8830,0,8845,0,0,0,2017-04-21,32649583,8840,247,0,0,0,0,0,0,0,0,8845,510,0,0,0,0,0,0,0,0
493,2017-04-21,09:04:10,50,l1709,XDCE,8845,8835,8870,30696,1358525750,406864,404456,9185,8315,8750,8830,0,8845,0,0,0,2017-04-21,32650050,8840,249,0,0,0,0,0,0,0,0,8845,504,0,0,0,0,0,0,0,0
494,2017-04-21,09:04:10,586,l1709,XDCE,8845,8835,8870,30696,1358525750,406864,404456,9185,8315,8750,8830,0,8845,0,0,0,2017-04-21,32650586,8840,269,0,0,0,0,0,0,0,0,8845,507,0,0,0,0,0,0,0,0
495,2017-04-21,09:04:11,80,l1709,XDCE,8845,8835,8870,30704,1358879550,406872,404456,9185,8315,8750,8830,0,8845,0,0,0,2017-04-21,32651080,8840,271,0,0,0,0,0,0,0,0,8845,501,0,0,0,0,0,0,0,0
496,2017-04-21,09:04:11,518,l1709,XDCE,8840,8835,8870,30708,1359056400,406872,404456,9185,8315,8750,8830,0,8845,0,0,0,2017-04-21,32651518,8840,270,0,0,0,0,0,0,0,0,8845,502,0,0,0,0,0,0,0,0
497,2017-04-21,09:04:11,964,l1709,XDCE,8840,8835,8870,30708,1359056400,406872,404456,9185,8315,8750,8830,0,8845,0,0,0,2017-04-21,32651964,8840,272,0,0,0,0,0,0,0,0,8845,499,0,0,0,0,0,0,0,0
498,2017-04-21,09:04:12,582,l1709,XDCE,8840,8835,8870,30708,1359056400,406872,404456,9185,8315,8750,8830,0,8845,0,0,0,2017-04-21,32652582,8840,274,0,0,0,0,0,0,0,0,8845,505,0,0,0,0,0,0,0,0
499,2017-04-21,09:04:13,47,l1709,XDCE,8845,8835,8870,30720,1359587100,406866,404456,9185,8315,8750,8830,0,8845,0,0,0,2017-04-21,32653047,8840,139,0,0,0,0,0,0,0,0,8845,492,0,0,0,0,0,0,0,0
500,2017-04-21,09:04:13,493,l1709,XDCE,8840,8835,8870,30722,1359675500,406866,404456,9185,8315,8750,8830,0,8845,0,0,0,2017-04-21,32653493,8840,138,0,0,0,0,0,0,0,0,8845,494,0,0,0,0,0,0,0,0
501,2017-04-21,09:04:13,972,l1709,XDCE,8845,8835,8870,30880,1366663050,406790,404456,9185,8315,8750,8830,0,8845,0,0,0,2017-04-21,32653972,8845,40,0,0,0,0,0,0,0,0,8850,166,0,0,0,0,0,0,0,0
502,2017-04-21,09:04:14,562,l1709,XDCE,8845,8835,8870,30970,1370643300,406836,404456,9185,8315,8750,8830,0,8845,0,0,0,2017-04-21,32654562,8845,42,0,0,0,0,0,0,0,0,8850,177,0,0,0,0,0,0,0,0
503,2017-04-21,09:04:15,72,l1709,XDCE,8845,8835,8870,30970,1370643300,406836,404456,9185,8315,8750,8830,0,8845,0,0,0,2017-04-21,32655072,8845,69,0,0,0,0,0,0,0,0,8850,178,0,0,0,0,0,0,0,0
504,2017-04-21,09:04:15,558,l1709,XDCE,8845,8835,8870,30970,1370643300,406836,404456,9185,8315,8750,8830,0,8845,0,0,0,2017-04-21,32655558,8845,71,0,0,0,0,0,0,0,0,8850,176,0,0,0,0,0,0,0,0
505,2017-04-21,09:04:16,36,l1709,XDCE,8845,8835,8870,30974,1370820200,406836,404456,9185,8315,8750,8830,0,8845,0,0,0,2017-04-21,32656036,8845,55,0,0,0,0,0,0,0,0,8850,172,0,0,0,0,0,0,0,0
506,2017-04-21,09:04:16,436,l1709,XDCE,8845,8835,8870,30986,1371350900,406836,404456,9185,8315,8750,8830,0,8845,0,0,0,2017-04-21,32656436,8845,49,0,0,0,0,0,0,0,0,8850,374,0,0,0,0,0,0,0,0
507,2017-04-21,09:04:16,893,l1709,XDCE,8845,8835,8870,31084,1375684950,406772,404456,9185,8315,8750,8830,0,8845,0,0,0,2017-04-21,32656893,8840,130,0,0,0,0,0,0,0,0,8845,121,0,0,0,0,0,0,0,0
508,2017-04-21,09:04:17,569,l1709,XDCE,8845,8835,8870,31086,1375773400,406772,404456,9185,8315,8750,8830,0,8845,0,0,0,2017-04-21,32657569,8840,131,0,0,0,0,0,0,0,0,8845,121,0,0,0,0,0,0,0,0
509,2017-04-21,09:04:18,6,l1709,XDCE,8845,8835,8870,31086,1375773400,406772,404456,9185,8315,8750,8830,0,8845,0,0,0,2017-04-21,32658006,8840,131,0,0,0,0,0,0,0,0,8845,139,0,0,0,0,0,0,0,0
510,2017-04-21,09:04:18,925,l1709,XDCE,8845,8835,8870,31090,1375950300,406772,404456,9185,8315,8750,8830,0,8845,0,0,0,2017-04-21,32658925,8840,132,0,0,0,0,0,0,0,0,8845,137,0,0,0,0,0,0,0,0
511,2017-04-21,09:04:19,468,l1709,XDCE,8845,8835,8870,31090,1375950300,406772,404456,9185,8315,8750,8830,0,8845,0,0,0,2017-04-21,32659468,8840,191,0,0,0,0,0,0,0,0,8845,137,0,0,0,0,0,0,0,0
512,2017-04-21,09:04:19,960,l1709,XDCE,8845,8835,8870,31090,1375950300,406772,404456,9185,8315,8750,8830,0,8845,0,0,0,2017-04-21,32659960,8840,192,0,0,0,0,0,0,0,0,8845,137,0,0,0,0,0,0,0,0
513,2017-04-21,09:04:20,490,l1709,XDCE,8845,8835,8870,31100,1376392550,406772,404456,9185,8315,8750,8830,0,8845,0,0,0,2017-04-21,32660490,8840,193,0,0,0,0,0,0,0,0,8845,133,0,0,0,0,0,0,0,0
514,2017-04-21,09:04:21,79,l1709,XDCE,8840,8835,8870,31102,1376480950,406772,404456,9185,8315,8750,8830,0,8845,0,0,0,2017-04-21,32661079,8840,200,0,0,0,0,0,0,0,0,8845,140,0,0,0,0,0,0,0,0
515,2017-04-21,09:04:21,549,l1709,XDCE,8845,8835,8870,31104,1376569400,406772,404456,9185,8315,8750,8830,0,8845,0,0,0,2017-04-21,32661549,8840,203,0,0,0,0,0,0,0,0,8845,139,0,0,0,0,0,0,0,0
516,2017-04-21,09:04:21,988,l1709,XDCE,8845,8835,8870,31108,1376746300,406772,404456,9185,8315,8750,8830,0,8845,0,0,0,2017-04-21,32661988,8840,203,0,0,0,0,0,0,0,0,8845,137,0,0,0,0,0,0,0,0
517,2017-04-21,09:04:22,487,l1709,XDCE,8845,8835,8870,31110,1376834750,406772,404456,9185,8315,8750,8830,0,8845,0,0,0,2017-04-21,32662487,8840,193,0,0,0,0,0,0,0,0,8845,136,0,0,0,0,0,0,0,0
518,2017-04-21,09:04:22,905,l1709,XDCE,8845,8835,8870,31112,1376923200,406772,404456,9185,8315,8750,8830,0,8845,0,0,0,2017-04-21,32662905,8840,193,0,0,0,0,0,0,0,0,8845,139,0,0,0,0,0,0,0,0
519,2017-04-21,09:04:23,571,l1709,XDCE,8845,8835,8870,31114,1377011650,406772,404456,9185,8315,8750,8830,0,8845,0,0,0,2017-04-21,32663571,8840,192,0,0,0,0,0,0,0,0,8845,140,0,0,0,0,0,0,0,0
520,2017-04-21,09:04:24,55,l1709,XDCE,8840,8835,8870,31186,1380194050,406732,404456,9185,8315,8750,8830,0,8845,0,0,0,2017-04-21,32664055,8840,156,0,0,0,0,0,0,0,0,8845,140,0,0,0,0,0,0,0,0
521,2017-04-21,09:04:24,545,l1709,XDCE,8840,8835,8870,31242,1382669350,406708,404456,9185,8315,8750,8830,0,8845,0,0,0,2017-04-21,32664545,8840,148,0,0,0,0,0,0,0,0,8845,144,0,0,0,0,0,0,0,0
522,2017-04-21,09:04:25,55,l1709,XDCE,8840,8835,8870,31260,1383464950,406718,404456,9185,8315,8750,8830,0,8845,0,0,0,2017-04-21,32665055,8840,140,0,0,0,0,0,0,0,0,8845,144,0,0,0,0,0,0,0,0
523,2017-04-21,09:04:25,565,l1709,XDCE,8840,8835,8870,31310,1385674950,406760,404456,9185,8315,8750,8830,0,8845,0,0,0,2017-04-21,32665565,8840,117,0,0,0,0,0,0,0,0,8845,357,0,0,0,0,0,0,0,0
524,2017-04-21,09:04:25,945,l1709,XDCE,8840,8835,8870,31550,1396282950,406796,404456,9185,8315,8750,8830,0,8845,0,0,0,2017-04-21,32665945,8835,416,0,0,0,0,0,0,0,0,8840,42,0,0,0,0,0,0,0,0
525,2017-04-21,09:04:26,570,l1709,XDCE,8840,8835,8870,31552,1396371350,406794,404456,9185,8315,8750,8830,0,8845,0,0,0,2017-04-21,32666570,8835,414,0,0,0,0,0,0,0,0,8840,50,0,0,0,0,0,0,0,0
526,2017-04-21,09:04:27,57,l1709,XDCE,8840,8835,8870,31556,1396548150,406792,404456,9185,8315,8750,8830,0,8845,0,0,0,2017-04-21,32667057,8835,412,0,0,0,0,0,0,0,0,8840,58,0,0,0,0,0,0,0,0
527,2017-04-21,09:04:27,576,l1709,XDCE,8840,8835,8870,31560,1396724950,406792,404456,9185,8315,8750,8830,0,8845,0,0,0,2017-04-21,32667576,8835,412,0,0,0,0,0,0,0,0,8840,60,0,0,0,0,0,0,0,0
528,2017-04-21,09:04:28,64,l1709,XDCE,8840,8835,8870,31684,1402205650,406740,404456,9185,8315,8750,8830,0,8845,0,0,0,2017-04-21,32668064,8840,76,0,0,0,0,0,0,0,0,8845,320,0,0,0,0,0,0,0,0
529,2017-04-21,09:04:28,521,l1709,XDCE,8840,8835,8870,31684,1402205650,406740,404456,9185,8315,8750,8830,0,8845,0,0,0,2017-04-21,32668521,8840,128,0,0,0,0,0,0,0,0,8845,308,0,0,0,0,0,0,0,0
530,2017-04-21,09:04:29,80,l1709,XDCE,8840,8835,8870,31684,1402205650,406740,404456,9185,8315,8750,8830,0,8845,0,0,0,2017-04-21,32669080,8840,128,0,0,0,0,0,0,0,0,8845,305,0,0,0,0,0,0,0,0
531,2017-04-21,09:04:29,490,l1709,XDCE,8840,8835,8870,31696,1402736050,406728,404456,9185,8315,8750,8830,0,8845,0,0,0,2017-04-21,32669490,8840,123,0,0,0,0,0,0,0,0,8845,304,0,0,0,0,0,0,0,0
532,2017-04-21,09:04:30,85,l1709,XDCE,8845,8835,8870,31754,1405299700,406670,404456,9185,8315,8750,8830,0,8845,0,0,0,2017-04-21,32670085,8840,99,0,0,0,0,0,0,0,0,8845,275,0,0,0,0,0,0,0,0
533,2017-04-21,09:04:30,557,l1709,XDCE,8845,8835,8870,31754,1405299700,406670,404456,9185,8315,8750,8830,0,8845,0,0,0,2017-04-21,32670557,8840,108,0,0,0,0,0,0,0,0,8845,282,0,0,0,0,0,0,0,0
