,dataDate,dataTime,dataMillisec,instrumentID,exchangeCD,lastPrice,lowPrice,highPrice,volume,value,openInterest,preOpenInterest,upperLimitPrice,lowerLimitPrice,preSettlementPrice,prevClosePrice,settlementPrice,openPrice,closePrice,preDelta,currDelta,clearingDay,milliSecOffset,bidPrice1,bidVolume1,bidPrice2,bidVolume2,bidPrice3,bidVolume3,bidPrice4,bidVolume4,bidPrice5,bidVolume5,askPrice1,askVolume1,askPrice2,askVolume2,askPrice3,askVolume3,askPrice4,askVolume4,askPrice5,askVolume5
0,2017-04-20,18:33:01,337,pb1705,XSGE,16115,0,0,0,0,24052,24052,17120,14880,16000,16115,0,0,0,0,0,2017-04-21,66781337,0,0,0,0,0,0,0,0,0,0,0,0,0,0,0,0,0,0,0,0
1,2017-04-20,18:33:02,500,pb1705,XSGE,16115,0,0,0,0,24052,24052,17120,14880,16000,16115,0,0,0,0,0,2017-04-21,66782500,0,0,0,0,0,0,0,0,0,0,0,0,0,0,0,0,0,0,0,0
2,2017-04-20,20:59:00,500,pb1705,XSGE,16145,16145,16145,18,1453050,24048,24052,17120,14880,16000,16115,0,16145,0,0,0,2017-04-21,75540500,16035,1,0,0,0,0,0,0,0,0,16145,3,0,0,0,0,0,0,0,0
3,2017-04-20,21:00:00,500,pb1705,XSGE,16145,16145,16145,20,1614500,24050,24052,17120,14880,16000,16115,0,16145,0,0,0,2017-04-21,75600500,16085,1,0,0,0,0,0,0,0,0,16145,2,0,0,0,0,0,0,0,0
4,2017-04-20,21:00:01,0,pb1705,XSGE,16040,16040,16145,54,4345100,24054,24052,17120,14880,16000,16115,0,16145,0,0,0,2017-04-21,75601000,16040,7,0,0,0,0,0,0,0,0,16080,1,0,0,0,0,0,0,0,0
5,2017-04-20,21:00:01,500,pb1705,XSGE,16100,16040,16145,70,5632500,24066,24052,17120,14880,16000,16115,0,16145,0,0,0,2017-04-21,75601500,16080,9,0,0,0,0,0,0,0,0,16100,2,0,0,0,0,0,0,0,0
6,2017-04-20,21:00:02,0,pb1705,XSGE,16140,16040,16145,80,6438700,24076,24052,17120,14880,16000,16115,0,16145,0,0,0,2017-04-21,75602000,16100,10,0,0,0,0,0,0,0,0,16135,3,0,0,0,0,0,0,0,0
7,2017-04-20,21:00:02,500,pb1705,XSGE,16135,16040,16145,90,7245450,24080,24052,17120,14880,16000,16115,0,16145,0,0,0,2017-04-21,75602500,16135,5,0,0,0,0,0,0,0,0,16140,5,0,0,0,0,0,0,0,0
8,2017-04-20,21:00:03,0,pb1705,XSGE,16150,16040,16150,112,9021000,24090,24052,17120,14880,16000,16115,0,16145,0,0,0,2017-04-21,75603000,16135,10,0,0,0,0,0,0,0,0,16150,31,0,0,0,0,0,0,0,0
9,2017-04-20,21:00:03,500,pb1705,XSGE,16150,16040,16150,116,9344000,24090,24052,17120,14880,16000,16115,0,16145,0,0,0,2017-04-21,75603500,16140,1,0,0,0,0,0,0,0,0,16150,34,0,0,0,0,0,0,0,0
10,2017-04-20,21:00:04,0,pb1705,XSGE,16140,16040,16150,120,9666900,24086,24052,17120,14880,16000,16115,0,16145,0,0,0,2017-04-21,75604000,16135,8,0,0,0,0,0,0,0,0,16150,33,0,0,0,0,0,0,0,0
11,2017-04-20,21:00:04,500,pb1705,XSGE,16140,16040,16150,120,9666900,24086,24052,17120,14880,16000,16115,0,16145,0,0,0,2017-04-21,75604500,16135,8,0,0,0,0,0,0,0,0,16140,4,0,0,0,0,0,0,0,0
12,2017-04-20,21:00:05,0,pb1705,XSGE,16140,16040,16150,128,10312500,24086,24052,17120,14880,16000,16115,0,16145,0,0,0,2017-04-21,75605000,16140,2,0,0,0,0,0,0,0,0,16150,28,0,0,0,0,0,0,0,0
13,2017-04-20,21:00:05,500,pb1705,XSGE,16140,16040,16150,136,10958050,24088,24052,17120,14880,16000,16115,0,16145,0,0,0,2017-04-21,75605500,16135,7,0,0,0,0,0,0,0,0,16140,3,0,0,0,0,0,0,0,0
14,2017-04-20,21:00:06,0,pb1705,XSGE,16140,16040,16150,148,11926450,24076,24052,17120,14880,16000,16115,0,16145,0,0,0,2017-04-21,75606000,16135,7,0,0,0,0,0,0,0,0,16140,4,0,0,0,0,0,0,0,0
15,2017-04-20,21:00:06,500,pb1705,XSGE,16135,16040,16150,162,13055900,24068,24052,17120,14880,16000,16115,0,16145,0,0,0,2017-04-21,75606500,16120,1,0,0,0,0,0,0,0,0,16130,1,0,0,0,0,0,0,0,0
16,2017-04-20,21:00:07,0,pb1705,XSGE,16130,16040,16150,168,13539800,24066,24052,17120,14880,16000,16115,0,16145,0,0,0,2017-04-21,75607000,16125,2,0,0,0,0,0,0,0,0,16130,3,0,0,0,0,0,0,0,0
17,2017-04-20,21:00:07,500,pb1705,XSGE,16130,16040,16150,172,13862350,24066,24052,17120,14880,16000,16115,0,16145,0,0,0,2017-04-21,75607500,16120,1,0,0,0,0,0,0,0,0,16130,2,0,0,0,0,0,0,0,0
18,2017-04-20,21:00:08,0,pb1705,XSGE,16130,16040,16150,172,13862350,24066,24052,17120,14880,16000,16115,0,16145,0,0,0,2017-04-21,75608000,16125,1,0,0,0,0,0,0,0,0,16130,2,0,0,0,0,0,0,0,0
19,2017-04-20,21:00:08,500,pb1705,XSGE,16145,16040,16150,188,15153650,24052,24052,17120,14880,16000,16115,0,16145,0,0,0,2017-04-21,75608500,16125,1,0,0,0,0,0,0,0,0,16150,28,0,0,0,0,0,0,0,0
20,2017-04-20,21:00:09,0,pb1705,XSGE,16125,16040,16150,190,15314900,24052,24052,17120,14880,16000,16115,0,16145,0,0,0,2017-04-21,75609000,16100,1,0,0,0,0,0,0,0,0,16130,1,0,0,0,0,0,0,0,0
21,2017-04-20,21:00:09,500,pb1705,XSGE,16125,16040,16150,190,15314900,24052,24052,17120,14880,16000,16115,0,16145,0,0,0,2017-04-21,75609500,16105,6,0,0,0,0,0,0,0,0,16125,1,0,0,0,0,0,0,0,0
22,2017-04-20,21:00:10,0,pb1705,XSGE,16125,16040,16150,190,15314900,24052,24052,17120,14880,16000,16115,0,16145,0,0,0,2017-04-21,75610000,16125,1,0,0,0,0,0,0,0,0,16130,1,0,0,0,0,0,0,0,0
23,2017-04-20,21:00:10,500,pb1705,XSGE,16125,16040,16150,192,15476150,24052,24052,17120,14880,16000,16115,0,16145,0,0,0,2017-04-21,75610500,16105,2,0,0,0,0,0,0,0,0,16125,1,0,0,0,0,0,0,0,0
24,2017-04-20,21:00:11,0,pb1705,XSGE,16125,16040,16150,192,15476150,24052,24052,17120,14880,16000,16115,0,16145,0,0,0,2017-04-21,75611000,16110,4,0,0,0,0,0,0,0,0,16130,2,0,0,0,0,0,0,0,0
25,2017-04-20,21:00:11,500,pb1705,XSGE,16125,16040,16150,192,15476150,24052,24052,17120,14880,16000,16115,0,16145,0,0,0,2017-04-21,75611500,16110,1,0,0,0,0,0,0,0,0,16130,5,0,0,0,0,0,0,0,0
26,2017-04-20,21:00:12,0,pb1705,XSGE,16125,16040,16150,192,15476150,24052,24052,17120,14880,16000,16115,0,16145,0,0,0,2017-04-21,75612000,16110,5,0,0,0,0,0,0,0,0,16125,1,0,0,0,0,0,0,0,0
27,2017-04-20,21:00:12,500,pb1705,XSGE,16125,16040,16150,192,15476150,24052,24052,17120,14880,16000,16115,0,16145,0,0,0,2017-04-21,75612500,16110,2,0,0,0,0,0,0,0,0,16125,1,0,0,0,0,0,0,0,0
28,2017-04-20,21:00:13,0,pb1705,XSGE,16125,16040,16150,192,15476150,24052,24052,17120,14880,16000,16115,0,16145,0,0,0,2017-04-21,75613000,16110,2,0,0,0,0,0,0,0,0,16125,2,0,0,0,0,0,0,0,0
29,2017-04-20,21:00:13,500,pb1705,XSGE,16125,16040,16150,192,15476150,24052,24052,17120,14880,16000,16115,0,16145,0,0,0,2017-04-21,75613500,16110,1,0,0,0,0,0,0,0,0,16125,2,0,0,0,0,0,0,0,0
30,2017-04-20,21:00:14,0,pb1705,XSGE,16125,16040,16150,192,15476150,24052,24052,17120,14880,16000,16115,0,16145,0,0,0,2017-04-21,75614000,16095,3,0,0,0,0,0,0,0,0,16125,2,0,0,0,0,0,0,0,0
31,2017-04-20,21:00:14,500,pb1705,XSGE,16125,16040,16150,192,15476150,24052,24052,17120,14880,16000,16115,0,16145,0,0,0,2017-04-21,75614500,16100,3,0,0,0,0,0,0,0,0,16125,2,0,0,0,0,0,0,0,0
32,2017-04-20,21:00:15,0,pb1705,XSGE,16125,16040,16150,192,15476150,24052,24052,17120,14880,16000,16115,0,16145,0,0,0,2017-04-21,75615000,16105,2,0,0,0,0,0,0,0,0,16125,2,0,0,0,0,0,0,0,0
33,2017-04-20,21:00:15,500,pb1705,XSGE,16125,16040,16150,196,15798650,24050,24052,17120,14880,16000,16115,0,16145,0,0,0,2017-04-21,75615500,16105,2,0,0,0,0,0,0,0,0,16130,2,0,0,0,0,0,0,0,0
34,2017-04-20,21:00:16,0,pb1705,XSGE,16125,16040,16150,196,15798650,24050,24052,17120,14880,16000,16115,0,16145,0,0,0,2017-04-21,75616000,16105,3,0,0,0,0,0,0,0,0,16130,2,0,0,0,0,0,0,0,0
35,2017-04-20,21:00:16,500,pb1705,XSGE,16125,16040,16150,196,15798650,24050,24052,17120,14880,16000,16115,0,16145,0,0,0,2017-04-21,75616500,16105,5,0,0,0,0,0,0,0,0,16130,2,0,0,0,0,0,0,0,0
36,2017-04-20,21:00:18,500,pb1705,XSGE,16130,16040,16150,198,15959950,24050,24052,17120,14880,16000,16115,0,16145,0,0,0,2017-04-21,75618500,16105,5,0,0,0,0,0,0,0,0,16130,1,0,0,0,0,0,0,0,0
37,2017-04-20,21:00:19,0,pb1705,XSGE,16130,16040,16150,198,15959950,24050,24052,17120,14880,16000,16115,0,16145,0,0,0,2017-04-21,75619000,16110,3,0,0,0,0,0,0,0,0,16130,1,0,0,0,0,0,0,0,0
38,2017-04-20,21:00:19,500,pb1705,XSGE,16130,16040,16150,200,16121250,24050,24052,17120,14880,16000,16115,0,16145,0,0,0,2017-04-21,75619500,16110,5,0,0,0,0,0,0,0,0,16150,28,0,0,0,0,0,0,0,0
39,2017-04-20,21:00:20,0,pb1705,XSGE,16130,16040,16150,200,16121250,24050,24052,17120,14880,16000,16115,0,16145,0,0,0,2017-04-21,75620000,16110,5,0,0,0,0,0,0,0,0,16120,1,0,0,0,0,0,0,0,0
40,2017-04-20,21:00:20,500,pb1705,XSGE,16130,16040,16150,200,16121250,24050,24052,17120,14880,16000,16115,0,16145,0,0,0,2017-04-21,75620500,16110,2,0,0,0,0,0,0,0,0,16115,1,0,0,0,0,0,0,0,0
41,2017-04-20,21:00:21,0,pb1705,XSGE,16130,16040,16150,200,16121250,24050,24052,17120,14880,16000,16115,0,16145,0,0,0,2017-04-21,75621000,16110,2,0,0,0,0,0,0,0,0,16115,1,0,0,0,0,0,0,0,0
42,2017-04-20,21:00:21,500,pb1705,XSGE,16130,16040,16150,200,16121250,24050,24052,17120,14880,16000,16115,0,16145,0,0,0,2017-04-21,75621500,16110,2,0,0,0,0,0,0,0,0,16120,1,0,0,0,0,0,0,0,0
43,2017-04-20,21:00:22,0,pb1705,XSGE,16130,16040,16150,200,16121250,24050,24052,17120,14880,16000,16115,0,16145,0,0,0,2017-04-21,75622000,16110,2,0,0,0,0,0,0,0,0,16120,1,0,0,0,0,0,0,0,0
44,2017-04-20,21:00:22,500,pb1705,XSGE,16120,16040,16150,204,16443600,24048,24052,17120,14880,16000,16115,0,16145,0,0,0,2017-04-21,75622500,16110,3,0,0,0,0,0,0,0,0,16115,1,0,0,0,0,0,0,0,0
45,2017-04-20,21:00:23,500,pb1705,XSGE,16120,16040,16150,204,16443600,24048,24052,17120,14880,16000,16115,0,16145,0,0,0,2017-04-21,75623500,16110,2,0,0,0,0,0,0,0,0,16115,1,0,0,0,0,0,0,0,0
46,2017-04-20,21:00:24,0,pb1705,XSGE,16120,16040,16150,204,16443600,24048,24052,17120,14880,16000,16115,0,16145,0,0,0,2017-04-21,75624000,16110,2,0,0,0,0,0,0,0,0,16135,2,0,0,0,0,0,0,0,0
47,2017-04-20,21:00:24,500,pb1705,XSGE,16110,16040,16150,208,16765800,24044,24052,17120,14880,16000,16115,0,16145,0,0,0,2017-04-21,75624500,16095,3,0,0,0,0,0,0,0,0,16115,1,0,0,0,0,0,0,0,0
48,2017-04-20,21:00:25,0,pb1705,XSGE,16110,16040,16150,208,16765800,24044,24052,17120,14880,16000,16115,0,16145,0,0,0,2017-04-21,75625000,16100,3,0,0,0,0,0,0,0,0,16110,1,0,0,0,0,0,0,0,0
49,2017-04-20,21:00:25,500,pb1705,XSGE,16110,16040,16150,208,16765800,24044,24052,17120,14880,16000,16115,0,16145,0,0,0,2017-04-21,75625500,16080,10,0,0,0,0,0,0,0,0,16115,1,0,0,0,0,0,0,0,0
50,2017-04-20,21:00:26,0,pb1705,XSGE,16110,16040,16150,208,16765800,24044,24052,17120,14880,16000,16115,0,16145,0,0,0,2017-04-21,75626000,16085,3,0,0,0,0,0,0,0,0,16105,1,0,0,0,0,0,0,0,0
51,2017-04-20,21:00:26,500,pb1705,XSGE,16105,16040,16150,210,16926850,24046,24052,17120,14880,16000,16115,0,16145,0,0,0,2017-04-21,75626500,16090,1,0,0,0,0,0,0,0,0,16115,1,0,0,0,0,0,0,0,0
52,2017-04-20,21:00:27,0,pb1705,XSGE,16105,16040,16150,210,16926850,24046,24052,17120,14880,16000,16115,0,16145,0,0,0,2017-04-21,75627000,16095,1,0,0,0,0,0,0,0,0,16110,1,0,0,0,0,0,0,0,0
53,2017-04-20,21:00:27,500,pb1705,XSGE,16110,16040,16150,212,17087950,24048,24052,17120,14880,16000,16115,0,16145,0,0,0,2017-04-21,75627500,16100,1,0,0,0,0,0,0,0,0,16115,1,0,0,0,0,0,0,0,0
54,2017-04-20,21:00:28,0,pb1705,XSGE,16110,16040,16150,212,17087950,24048,24052,17120,14880,16000,16115,0,16145,0,0,0,2017-04-21,75628000,16110,1,0,0,0,0,0,0,0,0,16115,1,0,0,0,0,0,0,0,0
55,2017-04-20,21:00:28,500,pb1705,XSGE,16110,16040,16150,214,17249050,24046,24052,17120,14880,16000,16115,0,16145,0,0,0,2017-04-21,75628500,16095,1,0,0,0,0,0,0,0,0,16110,2,0,0,0,0,0,0,0,0
56,2017-04-20,21:00:29,0,pb1705,XSGE,16110,16040,16150,214,17249050,24046,24052,17120,14880,16000,16115,0,16145,0,0,0,2017-04-21,75629000,16095,1,0,0,0,0,0,0,0,0,16115,1,0,0,0,0,0,0,0,0
57,2017-04-20,21:00:30,0,pb1705,XSGE,16115,16040,16150,216,17410200,24044,24052,17120,14880,16000,16115,0,16145,0,0,0,2017-04-21,75630000,16115,7,0,0,0,0,0,0,0,0,16130,2,0,0,0,0,0,0,0,0
58,2017-04-20,21:00:30,500,pb1705,XSGE,16115,16040,16150,226,18215950,24034,24052,17120,14880,16000,16115,0,16145,0,0,0,2017-04-21,75630500,16115,2,0,0,0,0,0,0,0,0,16125,5,0,0,0,0,0,0,0,0
59,2017-04-20,21:00:31,0,pb1705,XSGE,16115,16040,16150,228,18377100,24034,24052,17120,14880,16000,16115,0,16145,0,0,0,2017-04-21,75631000,16115,1,0,0,0,0,0,0,0,0,16120,4,0,0,0,0,0,0,0,0
60,2017-04-20,21:00:31,500,pb1705,XSGE,16115,16040,16150,230,18538250,24032,24052,17120,14880,16000,16115,0,16145,0,0,0,2017-04-21,75631500,16080,1,0,0,0,0,0,0,0,0,16110,2,0,0,0,0,0,0,0,0
61,2017-04-20,21:00:32,0,pb1705,XSGE,16115,16040,16150,230,18538250,24032,24052,17120,14880,16000,16115,0,16145,0,0,0,2017-04-21,75632000,16100,1,0,0,0,0,0,0,0,0,16105,1,0,0,0,0,0,0,0,0
62,2017-04-20,21:00:32,500,pb1705,XSGE,16115,16040,16150,240,19343800,24036,24052,17120,14880,16000,16115,0,16145,0,0,0,2017-04-21,75632500,16115,5,0,0,0,0,0,0,0,0,16125,1,0,0,0,0,0,0,0,0
63,2017-04-20,21:00:33,0,pb1705,XSGE,16115,16040,16150,244,19666100,24038,24052,17120,14880,16000,16115,0,16145,0,0,0,2017-04-21,75633000,16115,3,0,0,0,0,0,0,0,0,16125,2,0,0,0,0,0,0,0,0
64,2017-04-20,21:00:33,500,pb1705,XSGE,16115,16040,16150,244,19666100,24038,24052,17120,14880,16000,16115,0,16145,0,0,0,2017-04-21,75633500,16115,3,0,0,0,0,0,0,0,0,16125,1,0,0,0,0,0,0,0,0
65,2017-04-20,21:00:35,0,pb1705,XSGE,16115,16040,16150,244,19666100,24038,24052,17120,14880,16000,16115,0,16145,0,0,0,2017-04-21,75635000,16120,1,0,0,0,0,0,0,0,0,16125,1,0,0,0,0,0,0,0,0
66,2017-04-20,21:00:35,500,pb1705,XSGE,16115,16040,16150,248,19988450,24038,24052,17120,14880,16000,16115,0,16145,0,0,0,2017-04-21,75635500,16115,2,0,0,0,0,0,0,0,0,16125,1,0,0,0,0,0,0,0,0
67,2017-04-20,21:00:36,0,pb1705,XSGE,16115,16040,16150,248,19988450,24038,24052,17120,14880,16000,16115,0,16145,0,0,0,2017-04-21,75636000,16115,2,0,0,0,0,0,0,0,0,16125,1,0,0,0,0,0,0,0,0
68,2017-04-20,21:00:37,500,pb1705,XSGE,16115,16040,16150,248,19988450,24038,24052,17120,14880,16000,16115,0,16145,0,0,0,2017-04-21,75637500,16115,2,0,0,0,0,0,0,0,0,16120,1,0,0,0,0,0,0,0,0
69,2017-04-20,21:00:39,500,pb1705,XSGE,16120,16040,16150,250,20149650,24038,24052,17120,14880,16000,16115,0,16145,0,0,0,2017-04-21,75639500,16120,3,0,0,0,0,0,0,0,0,16125,1,0,0,0,0,0,0,0,0
70,2017-04-20,21:00:40,0,pb1705,XSGE,16125,16040,16150,252,20310900,24036,24052,17120,14880,16000,16115,0,16145,0,0,0,2017-04-21,75640000,16120,1,0,0,0,0,0,0,0,0,16150,28,0,0,0,0,0,0,0,0
71,2017-04-20,21:00:40,500,pb1705,XSGE,16125,16040,16150,252,20310900,24036,24052,17120,14880,16000,16115,0,16145,0,0,0,2017-04-21,75640500,16125,1,0,0,0,0,0,0,0,0,16140,3,0,0,0,0,0,0,0,0
72,2017-04-20,21:00:41,0,pb1705,XSGE,16140,16040,16150,254,20472300,24034,24052,17120,14880,16000,16115,0,16145,0,0,0,2017-04-21,75641000,16130,1,0,0,0,0,0,0,0,0,16135,1,0,0,0,0,0,0,0,0
73,2017-04-20,21:00:41,500,pb1705,XSGE,16135,16040,16150,256,20633650,24032,24052,17120,14880,16000,16115,0,16145,0,0,0,2017-04-21,75641500,16135,4,0,0,0,0,0,0,0,0,16140,3,0,0,0,0,0,0,0,0
74,2017-04-20,21:00:42,0,pb1705,XSGE,16150,16040,16150,276,22248350,24016,24052,17120,14880,16000,16115,0,16145,0,0,0,2017-04-21,75642000,16135,1,0,0,0,0,0,0,0,0,16150,21,0,0,0,0,0,0,0,0
75,2017-04-20,21:00:42,500,pb1705,XSGE,16150,16040,16150,276,22248350,24016,24052,17120,14880,16000,16115,0,16145,0,0,0,2017-04-21,75642500,16130,1,0,0,0,0,0,0,0,0,16140,1,0,0,0,0,0,0,0,0
76,2017-04-20,21:00:43,0,pb1705,XSGE,16140,16040,16150,278,22409750,24016,24052,17120,14880,16000,16115,0,16145,0,0,0,2017-04-21,75643000,16135,2,0,0,0,0,0,0,0,0,16145,2,0,0,0,0,0,0,0,0
77,2017-04-20,21:00:43,500,pb1705,XSGE,16140,16040,16150,278,22409750,24016,24052,17120,14880,16000,16115,0,16145,0,0,0,2017-04-21,75643500,16135,2,0,0,0,0,0,0,0,0,16150,21,0,0,0,0,0,0,0,0
78,2017-04-20,21:00:44,500,pb1705,XSGE,16140,16040,16150,278,22409750,24016,24052,17120,14880,16000,16115,0,16145,0,0,0,2017-04-21,75644500,16135,2,0,0,0,0,0,0,0,0,16150,21,0,0,0,0,0,0,0,0
79,2017-04-20,21:00:45,0,pb1705,XSGE,16140,16040,16150,278,22409750,24016,24052,17120,14880,16000,16115,0,16145,0,0,0,2017-04-21,75645000,16135,3,0,0,0,0,0,0,0,0,16150,21,0,0,0,0,0,0,0,0
80,2017-04-20,21:00:45,500,pb1705,XSGE,16140,16040,16150,278,22409750,24016,24052,17120,14880,16000,16115,0,16145,0,0,0,2017-04-21,75645500,16135,1,0,0,0,0,0,0,0,0,16150,22,0,0,0,0,0,0,0,0
81,2017-04-20,21:00:46,0,pb1705,XSGE,16140,16040,16150,278,22409750,24016,24052,17120,14880,16000,16115,0,16145,0,0,0,2017-04-21,75646000,16135,1,0,0,0,0,0,0,0,0,16150,22,0,0,0,0,0,0,0,0
82,2017-04-20,21:00:46,500,pb1705,XSGE,16140,16040,16150,278,22409750,24016,24052,17120,14880,16000,16115,0,16145,0,0,0,2017-04-21,75646500,16135,2,0,0,0,0,0,0,0,0,16150,22,0,0,0,0,0,0,0,0
83,2017-04-20,21:00:47,0,pb1705,XSGE,16140,16040,16150,278,22409750,24016,24052,17120,14880,16000,16115,0,16145,0,0,0,2017-04-21,75647000,16135,2,0,0,0,0,0,0,0,0,16150,22,0,0,0,0,0,0,0,0
84,2017-04-20,21:00:50,500,pb1705,XSGE,16140,16040,16150,278,22409750,24016,24052,17120,14880,16000,16115,0,16145,0,0,0,2017-04-21,75650500,16135,2,0,0,0,0,0,0,0,0,16150,22,0,0,0,0,0,0,0,0
85,2017-04-20,21:00:51,500,pb1705,XSGE,16140,16040,16150,278,22409750,24016,24052,17120,14880,16000,16115,0,16145,0,0,0,2017-04-21,75651500,16135,1,0,0,0,0,0,0,0,0,16150,22,0,0,0,0,0,0,0,0
86,2017-04-20,21:00:52,0,pb1705,XSGE,16140,16040,16150,278,22409750,24016,24052,17120,14880,16000,16115,0,16145,0,0,0,2017-04-21,75652000,16135,2,0,0,0,0,0,0,0,0,16145,3,0,0,0,0,0,0,0,0
87,2017-04-20,21:00:52,500,pb1705,XSGE,16140,16040,16150,278,22409750,24016,24052,17120,14880,16000,16115,0,16145,0,0,0,2017-04-21,75652500,16135,5,0,0,0,0,0,0,0,0,16145,3,0,0,0,0,0,0,0,0
88,2017-04-20,21:00:53,0,pb1705,XSGE,16140,16040,16150,278,22409750,24016,24052,17120,14880,16000,16115,0,16145,0,0,0,2017-04-21,75653000,16135,5,0,0,0,0,0,0,0,0,16150,22,0,0,0,0,0,0,0,0
89,2017-04-20,21:00:53,500,pb1705,XSGE,16140,16040,16150,278,22409750,24016,24052,17120,14880,16000,16115,0,16145,0,0,0,2017-04-21,75653500,16135,5,0,0,0,0,0,0,0,0,16150,22,0,0,0,0,0,0,0,0
90,2017-04-20,21:00:54,0,pb1705,XSGE,16140,16040,16150,278,22409750,24016,24052,17120,14880,16000,16115,0,16145,0,0,0,2017-04-21,75654000,16135,5,0,0,0,0,0,0,0,0,16145,6,0,0,0,0,0,0,0,0
91,2017-04-20,21:00:54,500,pb1705,XSGE,16140,16040,16150,278,22409750,24016,24052,17120,14880,16000,16115,0,16145,0,0,0,2017-04-21,75654500,16135,2,0,0,0,0,0,0,0,0,16145,6,0,0,0,0,0,0,0,0
92,2017-04-20,21:00:55,0,pb1705,XSGE,16135,16040,16150,280,22571100,24016,24052,17120,14880,16000,16115,0,16145,0,0,0,2017-04-21,75655000,16130,1,0,0,0,0,0,0,0,0,16135,1,0,0,0,0,0,0,0,0
93,2017-04-20,21:00:56,0,pb1705,XSGE,16135,16040,16150,280,22571100,24016,24052,17120,14880,16000,16115,0,16145,0,0,0,2017-04-21,75656000,16130,1,0,0,0,0,0,0,0,0,16135,4,0,0,0,0,0,0,0,0
94,2017-04-20,21:00:56,500,pb1705,XSGE,16130,16040,16150,284,22893700,24016,24052,17120,14880,16000,16115,0,16145,0,0,0,2017-04-21,75656500,16115,2,0,0,0,0,0,0,0,0,16135,3,0,0,0,0,0,0,0,0
95,2017-04-20,21:00:57,0,pb1705,XSGE,16130,16040,16150,284,22893700,24016,24052,17120,14880,16000,16115,0,16145,0,0,0,2017-04-21,75657000,16120,6,0,0,0,0,0,0,0,0,16135,3,0,0,0,0,0,0,0,0
96,2017-04-20,21:00:57,500,pb1705,XSGE,16130,16040,16150,284,22893700,24016,24052,17120,14880,16000,16115,0,16145,0,0,0,2017-04-21,75657500,16125,2,0,0,0,0,0,0,0,0,16145,3,0,0,0,0,0,0,0,0
97,2017-04-20,21:00:58,0,pb1705,XSGE,16130,16040,16150,284,22893700,24016,24052,17120,14880,16000,16115,0,16145,0,0,0,2017-04-21,75658000,16130,3,0,0,0,0,0,0,0,0,16140,1,0,0,0,0,0,0,0,0
98,2017-04-20,21:00:58,500,pb1705,XSGE,16130,16040,16150,290,23377600,24014,24052,17120,14880,16000,16115,0,16145,0,0,0,2017-04-21,75658500,16120,6,0,0,0,0,0,0,0,0,16135,4,0,0,0,0,0,0,0,0
99,2017-04-20,21:00:59,0,pb1705,XSGE,16130,16040,16150,290,23377600,24014,24052,17120,14880,16000,16115,0,16145,0,0,0,2017-04-21,75659000,16120,6,0,0,0,0,0,0,0,0,16135,4,0,0,0,0,0,0,0,0
100,2017-04-20,21:00:59,500,pb1705,XSGE,16130,16040,16150,290,23377600,24014,24052,17120,14880,16000,16115,0,16145,0,0,0,2017-04-21,75659500,16120,3,0,0,0,0,0,0,0,0,16135,4,0,0,0,0,0,0,0,0
101,2017-04-20,21:01:00,0,pb1705,XSGE,16130,16040,16150,290,23377600,24014,24052,17120,14880,16000,16115,0,16145,0,0,0,2017-04-21,75660000,16115,3,0,0,0,0,0,0,0,0,16135,4,0,0,0,0,0,0,0,0
102,2017-04-20,21:01:00,500,pb1705,XSGE,16130,16040,16150,290,23377600,24014,24052,17120,14880,16000,16115,0,16145,0,0,0,2017-04-21,75660500,16115,3,0,0,0,0,0,0,0,0,16130,3,0,0,0,0,0,0,0,0
103,2017-04-20,21:01:01,0,pb1705,XSGE,16115,16040,16150,294,23699900,24016,24052,17120,14880,16000,16115,0,16145,0,0,0,2017-04-21,75661000,16090,2,0,0,0,0,0,0,0,0,16115,1,0,0,0,0,0,0,0,0
104,2017-04-20,21:01:01,500,pb1705,XSGE,16115,16040,16150,294,23699900,24016,24052,17120,14880,16000,16115,0,16145,0,0,0,2017-04-21,75661500,16100,2,0,0,0,0,0,0,0,0,16125,6,0,0,0,0,0,0,0,0
105,2017-04-20,21:01:02,0,pb1705,XSGE,16115,16040,16150,294,23699900,24016,24052,17120,14880,16000,16115,0,16145,0,0,0,2017-04-21,75662000,16100,2,0,0,0,0,0,0,0,0,16120,1,0,0,0,0,0,0,0,0
106,2017-04-20,21:01:02,500,pb1705,XSGE,16115,16040,16150,294,23699900,24016,24052,17120,14880,16000,16115,0,16145,0,0,0,2017-04-21,75662500,16100,1,0,0,0,0,0,0,0,0,16110,2,0,0,0,0,0,0,0,0
107,2017-04-20,21:01:03,0,pb1705,XSGE,16115,16040,16150,294,23699900,24016,24052,17120,14880,16000,16115,0,16145,0,0,0,2017-04-21,75663000,16100,1,0,0,0,0,0,0,0,0,16110,2,0,0,0,0,0,0,0,0
108,2017-04-20,21:01:03,500,pb1705,XSGE,16115,16040,16150,294,23699900,24016,24052,17120,14880,16000,16115,0,16145,0,0,0,2017-04-21,75663500,16100,2,0,0,0,0,0,0,0,0,16110,1,0,0,0,0,0,0,0,0
109,2017-04-20,21:01:04,0,pb1705,XSGE,16110,16040,16150,296,23861000,24016,24052,17120,14880,16000,16115,0,16145,0,0,0,2017-04-21,75664000,16105,2,0,0,0,0,0,0,0,0,16115,4,0,0,0,0,0,0,0,0
110,2017-04-20,21:01:04,500,pb1705,XSGE,16105,16040,16150,300,24183100,24016,24052,17120,14880,16000,16115,0,16145,0,0,0,2017-04-21,75664500,16100,1,0,0,0,0,0,0,0,0,16105,4,0,0,0,0,0,0,0,0
111,2017-04-20,21:01:05,0,pb1705,XSGE,16105,16040,16150,306,24666250,24014,24052,17120,14880,16000,16115,0,16145,0,0,0,2017-04-21,75665000,16105,3,0,0,0,0,0,0,0,0,16110,1,0,0,0,0,0,0,0,0
112,2017-04-20,21:01:05,500,pb1705,XSGE,16110,16040,16150,308,24827350,24014,24052,17120,14880,16000,16115,0,16145,0,0,0,2017-04-21,75665500,16105,3,0,0,0,0,0,0,0,0,16115,5,0,0,0,0,0,0,0,0
113,2017-04-20,21:01:06,0,pb1705,XSGE,16110,16040,16150,308,24827350,24014,24052,17120,14880,16000,16115,0,16145,0,0,0,2017-04-21,75666000,16105,4,0,0,0,0,0,0,0,0,16115,1,0,0,0,0,0,0,0,0
114,2017-04-20,21:01:06,500,pb1705,XSGE,16110,16040,16150,308,24827350,24014,24052,17120,14880,16000,16115,0,16145,0,0,0,2017-04-21,75666500,16105,2,0,0,0,0,0,0,0,0,16120,2,0,0,0,0,0,0,0,0
115,2017-04-20,21:01:07,0,pb1705,XSGE,16110,16040,16150,308,24827350,24014,24052,17120,14880,16000,16115,0,16145,0,0,0,2017-04-21,75667000,16110,4,0,0,0,0,0,0,0,0,16120,2,0,0,0,0,0,0,0,0
116,2017-04-20,21:01:07,500,pb1705,XSGE,16110,16040,16150,308,24827350,24014,24052,17120,14880,16000,16115,0,16145,0,0,0,2017-04-21,75667500,16110,4,0,0,0,0,0,0,0,0,16120,2,0,0,0,0,0,0,0,0
117,2017-04-20,21:01:08,0,pb1705,XSGE,16110,16040,16150,308,24827350,24014,24052,17120,14880,16000,16115,0,16145,0,0,0,2017-04-21,75668000,16110,5,0,0,0,0,0,0,0,0,16125,3,0,0,0,0,0,0,0,0
118,2017-04-20,21:01:08,500,pb1705,XSGE,16110,16040,16150,308,24827350,24014,24052,17120,14880,16000,16115,0,16145,0,0,0,2017-04-21,75668500,16110,5,0,0,0,0,0,0,0,0,16125,4,0,0,0,0,0,0,0,0
119,2017-04-20,21:01:09,500,pb1705,XSGE,16110,16040,16150,308,24827350,24014,24052,17120,14880,16000,16115,0,16145,0,0,0,2017-04-21,75669500,16110,5,0,0,0,0,0,0,0,0,16125,4,0,0,0,0,0,0,0,0
120,2017-04-20,21:01:10,500,pb1705,XSGE,16110,16040,16150,308,24827350,24014,24052,17120,14880,16000,16115,0,16145,0,0,0,2017-04-21,75670500,16110,5,0,0,0,0,0,0,0,0,16125,4,0,0,0,0,0,0,0,0
121,2017-04-20,21:01:11,0,pb1705,XSGE,16110,16040,16150,308,24827350,24014,24052,17120,14880,16000,16115,0,16145,0,0,0,2017-04-21,75671000,16110,3,0,0,0,0,0,0,0,0,16125,4,0,0,0,0,0,0,0,0
122,2017-04-20,21:01:11,500,pb1705,XSGE,16110,16040,16150,308,24827350,24014,24052,17120,14880,16000,16115,0,16145,0,0,0,2017-04-21,75671500,16110,3,0,0,0,0,0,0,0,0,16120,4,0,0,0,0,0,0,0,0
123,2017-04-20,21:01:12,0,pb1705,XSGE,16110,16040,16150,308,24827350,24014,24052,17120,14880,16000,16115,0,16145,0,0,0,2017-04-21,75672000,16110,3,0,0,0,0,0,0,0,0,16115,3,0,0,0,0,0,0,0,0
124,2017-04-20,21:01:12,500,pb1705,XSGE,16110,16040,16150,316,25471750,24014,24052,17120,14880,16000,16115,0,16145,0,0,0,2017-04-21,75672500,16105,3,0,0,0,0,0,0,0,0,16110,2,0,0,0,0,0,0,0,0
125,2017-04-20,21:01:13,0,pb1705,XSGE,16105,16040,16150,318,25632800,24012,24052,17120,14880,16000,16115,0,16145,0,0,0,2017-04-21,75673000,16105,1,0,0,0,0,0,0,0,0,16110,2,0,0,0,0,0,0,0,0
126,2017-04-20,21:01:13,500,pb1705,XSGE,16105,16040,16150,318,25632800,24012,24052,17120,14880,16000,16115,0,16145,0,0,0,2017-04-21,75673500,16105,1,0,0,0,0,0,0,0,0,16110,3,0,0,0,0,0,0,0,0
127,2017-04-20,21:01:14,0,pb1705,XSGE,16105,16040,16150,318,25632800,24012,24052,17120,14880,16000,16115,0,16145,0,0,0,2017-04-21,75674000,16095,2,0,0,0,0,0,0,0,0,16105,1,0,0,0,0,0,0,0,0
128,2017-04-20,21:01:14,500,pb1705,XSGE,16105,16040,16150,320,25793850,24010,24052,17120,14880,16000,16115,0,16145,0,0,0,2017-04-21,75674500,16095,3,0,0,0,0,0,0,0,0,16110,3,0,0,0,0,0,0,0,0
129,2017-04-20,21:01:15,0,pb1705,XSGE,16105,16040,16150,320,25793850,24010,24052,17120,14880,16000,16115,0,16145,0,0,0,2017-04-21,75675000,16095,3,0,0,0,0,0,0,0,0,16105,8,0,0,0,0,0,0,0,0
130,2017-04-20,21:01:15,500,pb1705,XSGE,16105,16040,16150,320,25793850,24010,24052,17120,14880,16000,16115,0,16145,0,0,0,2017-04-21,75675500,16095,3,0,0,0,0,0,0,0,0,16105,5,0,0,0,0,0,0,0,0
131,2017-04-20,21:01:16,0,pb1705,XSGE,16105,16040,16150,320,25793850,24010,24052,17120,14880,16000,16115,0,16145,0,0,0,2017-04-21,75676000,16095,3,0,0,0,0,0,0,0,0,16105,4,0,0,0,0,0,0,0,0
132,2017-04-20,21:01:16,500,pb1705,XSGE,16105,16040,16150,320,25793850,24010,24052,17120,14880,16000,16115,0,16145,0,0,0,2017-04-21,75676500,16095,3,0,0,0,0,0,0,0,0,16105,5,0,0,0,0,0,0,0,0
133,2017-04-20,21:01:17,0,pb1705,XSGE,16105,16040,16150,320,25793850,24010,24052,17120,14880,16000,16115,0,16145,0,0,0,2017-04-21,75677000,16095,3,0,0,0,0,0,0,0,0,16105,4,0,0,0,0,0,0,0,0
134,2017-04-20,21:01:17,500,pb1705,XSGE,16105,16040,16150,320,25793850,24010,24052,17120,14880,16000,16115,0,16145,0,0,0,2017-04-21,75677500,16095,3,0,0,0,0,0,0,0,0,16105,5,0,0,0,0,0,0,0,0
135,2017-04-20,21:01:18,0,pb1705,XSGE,16095,16040,16150,324,26115750,24010,24052,17120,14880,16000,16115,0,16145,0,0,0,2017-04-21,75678000,16100,2,0,0,0,0,0,0,0,0,16105,5,0,0,0,0,0,0,0,0
136,2017-04-20,21:01:18,500,pb1705,XSGE,16095,16040,16150,324,26115750,24010,24052,17120,14880,16000,16115,0,16145,0,0,0,2017-04-21,75678500,16100,2,0,0,0,0,0,0,0,0,16105,6,0,0,0,0,0,0,0,0
137,2017-04-20,21:01:19,0,pb1705,XSGE,16100,16040,16150,328,26437750,24010,24052,17120,14880,16000,16115,0,16145,0,0,0,2017-04-21,75679000,16100,2,0,0,0,0,0,0,0,0,16105,6,0,0,0,0,0,0,0,0
138,2017-04-20,21:01:19,500,pb1705,XSGE,16105,16040,16150,332,26759850,24010,24052,17120,14880,16000,16115,0,16145,0,0,0,2017-04-21,75679500,16100,2,0,0,0,0,0,0,0,0,16105,4,0,0,0,0,0,0,0,0
139,2017-04-20,21:01:20,0,pb1705,XSGE,16105,16040,16150,336,27081950,24010,24052,17120,14880,16000,16115,0,16145,0,0,0,2017-04-21,75680000,16105,2,0,0,0,0,0,0,0,0,16110,2,0,0,0,0,0,0,0,0
140,2017-04-20,21:01:20,500,pb1705,XSGE,16105,16040,16150,336,27081950,24010,24052,17120,14880,16000,16115,0,16145,0,0,0,2017-04-21,75680500,16105,2,0,0,0,0,0,0,0,0,16110,2,0,0,0,0,0,0,0,0
141,2017-04-20,21:01:21,500,pb1705,XSGE,16105,16040,16150,336,27081950,24010,24052,17120,14880,16000,16115,0,16145,0,0,0,2017-04-21,75681500,16100,3,0,0,0,0,0,0,0,0,16110,2,0,0,0,0,0,0,0,0
142,2017-04-20,21:01:22,0,pb1705,XSGE,16100,16040,16150,340,27403950,24010,24052,17120,14880,16000,16115,0,16145,0,0,0,2017-04-21,75682000,16100,1,0,0,0,0,0,0,0,0,16110,2,0,0,0,0,0,0,0,0
143,2017-04-20,21:01:25,0,pb1705,XSGE,16110,16040,16150,344,27726150,24012,24052,17120,14880,16000,16115,0,16145,0,0,0,2017-04-21,75685000,16110,2,0,0,0,0,0,0,0,0,16115,4,0,0,0,0,0,0,0,0
144,2017-04-20,21:01:25,500,pb1705,XSGE,16110,16040,16150,348,28048350,24008,24052,17120,14880,16000,16115,0,16145,0,0,0,2017-04-21,75685500,16105,2,0,0,0,0,0,0,0,0,16110,3,0,0,0,0,0,0,0,0
145,2017-04-20,21:01:26,0,pb1705,XSGE,16110,16040,16150,348,28048350,24008,24052,17120,14880,16000,16115,0,16145,0,0,0,2017-04-21,75686000,16105,1,0,0,0,0,0,0,0,0,16115,4,0,0,0,0,0,0,0,0
146,2017-04-20,21:01:28,0,pb1705,XSGE,16110,16040,16150,348,28048350,24008,24052,17120,14880,16000,16115,0,16145,0,0,0,2017-04-21,75688000,16105,1,0,0,0,0,0,0,0,0,16115,9,0,0,0,0,0,0,0,0
147,2017-04-20,21:01:28,500,pb1705,XSGE,16110,16040,16150,348,28048350,24008,24052,17120,14880,16000,16115,0,16145,0,0,0,2017-04-21,75688500,16105,1,0,0,0,0,0,0,0,0,16115,9,0,0,0,0,0,0,0,0
148,2017-04-20,21:01:29,500,pb1705,XSGE,16110,16040,16150,348,28048350,24008,24052,17120,14880,16000,16115,0,16145,0,0,0,2017-04-21,75689500,16105,1,0,0,0,0,0,0,0,0,16115,9,0,0,0,0,0,0,0,0
149,2017-04-20,21:01:30,500,pb1705,XSGE,16110,16040,16150,348,28048350,24008,24052,17120,14880,16000,16115,0,16145,0,0,0,2017-04-21,75690500,16105,1,0,0,0,0,0,0,0,0,16115,9,0,0,0,0,0,0,0,0
150,2017-04-20,21:01:31,0,pb1705,XSGE,16105,16040,16150,350,28209400,24006,24052,17120,14880,16000,16115,0,16145,0,0,0,2017-04-21,75691000,16100,1,0,0,0,0,0,0,0,0,16115,9,0,0,0,0,0,0,0,0
151,2017-04-20,21:01:31,500,pb1705,XSGE,16105,16040,16150,350,28209400,24006,24052,17120,14880,16000,16115,0,16145,0,0,0,2017-04-21,75691500,16100,1,0,0,0,0,0,0,0,0,16115,10,0,0,0,0,0,0,0,0
152,2017-04-20,21:01:32,500,pb1705,XSGE,16105,16040,16150,350,28209400,24006,24052,17120,14880,16000,16115,0,16145,0,0,0,2017-04-21,75692500,16100,1,0,0,0,0,0,0,0,0,16115,10,0,0,0,0,0,0,0,0
153,2017-04-20,21:01:33,0,pb1705,XSGE,16105,16040,16150,350,28209400,24006,24052,17120,14880,16000,16115,0,16145,0,0,0,2017-04-21,75693000,16100,1,0,0,0,0,0,0,0,0,16115,12,0,0,0,0,0,0,0,0
154,2017-04-20,21:01:33,500,pb1705,XSGE,16100,16040,16150,352,28370400,24008,24052,17120,14880,16000,16115,0,16145,0,0,0,2017-04-21,75693500,16095,1,0,0,0,0,0,0,0,0,16110,3,0,0,0,0,0,0,0,0
155,2017-04-20,21:01:34,0,pb1705,XSGE,16100,16040,16150,352,28370400,24008,24052,17120,14880,16000,16115,0,16145,0,0,0,2017-04-21,75694000,16095,1,0,0,0,0,0,0,0,0,16105,3,0,0,0,0,0,0,0,0
156,2017-04-20,21:01:34,500,pb1705,XSGE,16100,16040,16150,352,28370400,24008,24052,17120,14880,16000,16115,0,16145,0,0,0,2017-04-21,75694500,16095,2,0,0,0,0,0,0,0,0,16105,3,0,0,0,0,0,0,0,0
157,2017-04-20,21:01:37,500,pb1705,XSGE,16100,16040,16150,352,28370400,24008,24052,17120,14880,16000,16115,0,16145,0,0,0,2017-04-21,75697500,16095,1,0,0,0,0,0,0,0,0,16105,3,0,0,0,0,0,0,0,0
158,2017-04-20,21:01:38,500,pb1705,XSGE,16100,16040,16150,352,28370400,24008,24052,17120,14880,16000,16115,0,16145,0,0,0,2017-04-21,75698500,16095,1,0,0,0,0,0,0,0,0,16105,4,0,0,0,0,0,0,0,0
159,2017-04-20,21:01:39,500,pb1705,XSGE,16100,16040,16150,352,28370400,24008,24052,17120,14880,16000,16115,0,16145,0,0,0,2017-04-21,75699500,16095,2,0,0,0,0,0,0,0,0,16105,4,0,0,0,0,0,0,0,0
160,2017-04-20,21:01:40,0,pb1705,XSGE,16100,16040,16150,352,28370400,24008,24052,17120,14880,16000,16115,0,16145,0,0,0,2017-04-21,75700000,16095,2,0,0,0,0,0,0,0,0,16105,4,0,0,0,0,0,0,0,0
161,2017-04-20,21:01:40,500,pb1705,XSGE,16100,16040,16150,352,28370400,24008,24052,17120,14880,16000,16115,0,16145,0,0,0,2017-04-21,75700500,16095,1,0,0,0,0,0,0,0,0,16105,4,0,0,0,0,0,0,0,0
162,2017-04-20,21:01:41,0,pb1705,XSGE,16100,16040,16150,352,28370400,24008,24052,17120,14880,16000,16115,0,16145,0,0,0,2017-04-21,75701000,16095,1,0,0,0,0,0,0,0,0,16105,4,0,0,0,0,0,0,0,0
163,2017-04-20,21:01:45,500,pb1705,XSGE,16100,16040,16150,352,28370400,24008,24052,17120,14880,16000,16115,0,16145,0,0,0,2017-04-21,75705500,16095,1,0,0,0,0,0,0,0,0,16105,4,0,0,0,0,0,0,0,0
164,2017-04-20,21:01:47,500,pb1705,XSGE,16105,16040,16150,354,28531450,24010,24052,17120,14880,16000,16115,0,16145,0,0,0,2017-04-21,75707500,16095,1,0,0,0,0,0,0,0,0,16105,3,0,0,0,0,0,0,0,0
165,2017-04-20,21:01:48,0,pb1705,XSGE,16105,16040,16150,354,28531450,24010,24052,17120,14880,16000,16115,0,16145,0,0,0,2017-04-21,75708000,16095,2,0,0,0,0,0,0,0,0,16105,3,0,0,0,0,0,0,0,0
166,2017-04-20,21:01:49,0,pb1705,XSGE,16105,16040,16150,354,28531450,24010,24052,17120,14880,16000,16115,0,16145,0,0,0,2017-04-21,75709000,16095,3,0,0,0,0,0,0,0,0,16105,3,0,0,0,0,0,0,0,0
167,2017-04-20,21:01:50,0,pb1705,XSGE,16105,16040,16150,354,28531450,24010,24052,17120,14880,16000,16115,0,16145,0,0,0,2017-04-21,75710000,16095,5,0,0,0,0,0,0,0,0,16105,3,0,0,0,0,0,0,0,0
168,2017-04-20,21:01:50,500,pb1705,XSGE,16105,16040,16150,354,28531450,24010,24052,17120,14880,16000,16115,0,16145,0,0,0,2017-04-21,75710500,16095,5,0,0,0,0,0,0,0,0,16105,3,0,0,0,0,0,0,0,0
169,2017-04-20,21:01:51,500,pb1705,XSGE,16105,16040,16150,354,28531450,24010,24052,17120,14880,16000,16115,0,16145,0,0,0,2017-04-21,75711500,16095,4,0,0,0,0,0,0,0,0,16105,3,0,0,0,0,0,0,0,0
170,2017-04-20,21:01:53,0,pb1705,XSGE,16105,16040,16150,356,28692500,24010,24052,17120,14880,16000,16115,0,16145,0,0,0,2017-04-21,75713000,16095,4,0,0,0,0,0,0,0,0,16105,2,0,0,0,0,0,0,0,0
171,2017-04-20,21:01:53,500,pb1705,XSGE,16105,16040,16150,356,28692500,24010,24052,17120,14880,16000,16115,0,16145,0,0,0,2017-04-21,75713500,16095,3,0,0,0,0,0,0,0,0,16100,2,0,0,0,0,0,0,0,0
172,2017-04-20,21:01:54,0,pb1705,XSGE,16095,16040,16150,362,29175350,24010,24052,17120,14880,16000,16115,0,16145,0,0,0,2017-04-21,75714000,16090,1,0,0,0,0,0,0,0,0,16095,1,0,0,0,0,0,0,0,0
173,2017-04-20,21:01:54,500,pb1705,XSGE,16095,16040,16150,362,29175350,24010,24052,17120,14880,16000,16115,0,16145,0,0,0,2017-04-21,75714500,16090,2,0,0,0,0,0,0,0,0,16095,2,0,0,0,0,0,0,0,0
174,2017-04-20,21:01:56,0,pb1705,XSGE,16095,16040,16150,362,29175350,24010,24052,17120,14880,16000,16115,0,16145,0,0,0,2017-04-21,75716000,16090,1,0,0,0,0,0,0,0,0,16095,2,0,0,0,0,0,0,0,0
175,2017-04-20,21:01:57,0,pb1705,XSGE,16095,16040,16150,362,29175350,24010,24052,17120,14880,16000,16115,0,16145,0,0,0,2017-04-21,75717000,16090,2,0,0,0,0,0,0,0,0,16095,2,0,0,0,0,0,0,0,0
176,2017-04-20,21:01:58,500,pb1705,XSGE,16095,16040,16150,362,29175350,24010,24052,17120,14880,16000,16115,0,16145,0,0,0,2017-04-21,75718500,16090,2,0,0,0,0,0,0,0,0,16095,1,0,0,0,0,0,0,0,0
177,2017-04-20,21:01:59,500,pb1705,XSGE,16095,16040,16150,362,29175350,24010,24052,17120,14880,16000,16115,0,16145,0,0,0,2017-04-21,75719500,16090,1,0,0,0,0,0,0,0,0,16095,1,0,0,0,0,0,0,0,0
178,2017-04-20,21:02:00,0,pb1705,XSGE,16095,16040,16150,362,29175350,24010,24052,17120,14880,16000,16115,0,16145,0,0,0,2017-04-21,75720000,16090,1,0,0,0,0,0,0,0,0,16095,1,0,0,0,0,0,0,0,0
179,2017-04-20,21:02:01,0,pb1705,XSGE,16095,16040,16150,362,29175350,24010,24052,17120,14880,16000,16115,0,16145,0,0,0,2017-04-21,75721000,16090,1,0,0,0,0,0,0,0,0,16095,1,0,0,0,0,0,0,0,0
180,2017-04-20,21:02:02,500,pb1705,XSGE,16095,16040,16150,362,29175350,24010,24052,17120,14880,16000,16115,0,16145,0,0,0,2017-04-21,75722500,16090,2,0,0,0,0,0,0,0,0,16095,1,0,0,0,0,0,0,0,0
181,2017-04-20,21:02:04,0,pb1705,XSGE,16095,16040,16150,364,29336300,24010,24052,17120,14880,16000,16115,0,16145,0,0,0,2017-04-21,75724000,16090,2,0,0,0,0,0,0,0,0,16100,2,0,0,0,0,0,0,0,0
182,2017-04-20,21:02:04,500,pb1705,XSGE,16095,16040,16150,366,29497250,24010,24052,17120,14880,16000,16115,0,16145,0,0,0,2017-04-21,75724500,16090,2,0,0,0,0,0,0,0,0,16100,2,0,0,0,0,0,0,0,0
183,2017-04-20,21:02:05,0,pb1705,XSGE,16095,16040,16150,366,29497250,24010,24052,17120,14880,16000,16115,0,16145,0,0,0,2017-04-21,75725000,16095,1,0,0,0,0,0,0,0,0,16100,2,0,0,0,0,0,0,0,0
184,2017-04-20,21:02:05,500,pb1705,XSGE,16095,16040,16150,376,30302000,24008,24052,17120,14880,16000,16115,0,16145,0,0,0,2017-04-21,75725500,16090,1,0,0,0,0,0,0,0,0,16095,1,0,0,0,0,0,0,0,0
185,2017-04-20,21:02:06,0,pb1705,XSGE,16090,16040,16150,384,30945800,24006,24052,17120,14880,16000,16115,0,16145,0,0,0,2017-04-21,75726000,16075,2,0,0,0,0,0,0,0,0,16100,1,0,0,0,0,0,0,0,0
186,2017-04-20,21:02:06,500,pb1705,XSGE,16090,16040,16150,384,30945800,24006,24052,17120,14880,16000,16115,0,16145,0,0,0,2017-04-21,75726500,16085,1,0,0,0,0,0,0,0,0,16095,1,0,0,0,0,0,0,0,0
187,2017-04-20,21:02:07,0,pb1705,XSGE,16090,16040,16150,384,30945800,24006,24052,17120,14880,16000,16115,0,16145,0,0,0,2017-04-21,75727000,16085,1,0,0,0,0,0,0,0,0,16100,2,0,0,0,0,0,0,0,0
188,2017-04-20,21:02:07,500,pb1705,XSGE,16090,16040,16150,384,30945800,24006,24052,17120,14880,16000,16115,0,16145,0,0,0,2017-04-21,75727500,16085,1,0,0,0,0,0,0,0,0,16095,1,0,0,0,0,0,0,0,0
189,2017-04-20,21:02:09,0,pb1705,XSGE,16085,16040,16150,386,31106650,24008,24052,17120,14880,16000,16115,0,16145,0,0,0,2017-04-21,75729000,16075,4,0,0,0,0,0,0,0,0,16085,1,0,0,0,0,0,0,0,0
190,2017-04-20,21:02:09,500,pb1705,XSGE,16085,16040,16150,386,31106650,24008,24052,17120,14880,16000,16115,0,16145,0,0,0,2017-04-21,75729500,16080,3,0,0,0,0,0,0,0,0,16095,2,0,0,0,0,0,0,0,0
191,2017-04-20,21:02:10,0,pb1705,XSGE,16095,16040,16150,388,31267600,24010,24052,17120,14880,16000,16115,0,16145,0,0,0,2017-04-21,75730000,16080,3,0,0,0,0,0,0,0,0,16100,3,0,0,0,0,0,0,0,0
192,2017-04-20,21:02:10,500,pb1705,XSGE,16095,16040,16150,388,31267600,24010,24052,17120,14880,16000,16115,0,16145,0,0,0,2017-04-21,75730500,16080,3,0,0,0,0,0,0,0,0,16100,4,0,0,0,0,0,0,0,0
193,2017-04-20,21:02:11,0,pb1705,XSGE,16095,16040,16150,388,31267600,24010,24052,17120,14880,16000,16115,0,16145,0,0,0,2017-04-21,75731000,16090,1,0,0,0,0,0,0,0,0,16100,2,0,0,0,0,0,0,0,0
194,2017-04-20,21:02:11,500,pb1705,XSGE,16095,16040,16150,388,31267600,24010,24052,17120,14880,16000,16115,0,16145,0,0,0,2017-04-21,75731500,16090,1,0,0,0,0,0,0,0,0,16095,1,0,0,0,0,0,0,0,0
195,2017-04-20,21:02:12,0,pb1705,XSGE,16095,16040,16150,388,31267600,24010,24052,17120,14880,16000,16115,0,16145,0,0,0,2017-04-21,75732000,16090,1,0,0,0,0,0,0,0,0,16095,1,0,0,0,0,0,0,0,0
196,2017-04-20,21:02:13,0,pb1705,XSGE,16095,16040,16150,388,31267600,24010,24052,17120,14880,16000,16115,0,16145,0,0,0,2017-04-21,75733000,16085,1,0,0,0,0,0,0,0,0,16095,1,0,0,0,0,0,0,0,0
197,2017-04-20,21:02:13,500,pb1705,XSGE,16095,16040,16150,388,31267600,24010,24052,17120,14880,16000,16115,0,16145,0,0,0,2017-04-21,75733500,16090,1,0,0,0,0,0,0,0,0,16095,1,0,0,0,0,0,0,0,0
198,2017-04-20,21:02:15,0,pb1705,XSGE,16095,16040,16150,388,31267600,24010,24052,17120,14880,16000,16115,0,16145,0,0,0,2017-04-21,75735000,16090,1,0,0,0,0,0,0,0,0,16095,3,0,0,0,0,0,0,0,0
199,2017-04-20,21:02:15,500,pb1705,XSGE,16095,16040,16150,388,31267600,24010,24052,17120,14880,16000,16115,0,16145,0,0,0,2017-04-21,75735500,16090,1,0,0,0,0,0,0,0,0,16095,2,0,0,0,0,0,0,0,0
200,2017-04-20,21:02:17,500,pb1705,XSGE,16095,16040,16150,388,31267600,24010,24052,17120,14880,16000,16115,0,16145,0,0,0,2017-04-21,75737500,16090,1,0,0,0,0,0,0,0,0,16095,2,0,0,0,0,0,0,0,0
201,2017-04-20,21:02:18,0,pb1705,XSGE,16095,16040,16150,388,31267600,24010,24052,17120,14880,16000,16115,0,16145,0,0,0,2017-04-21,75738000,16085,1,0,0,0,0,0,0,0,0,16095,2,0,0,0,0,0,0,0,0
202,2017-04-20,21:02:18,500,pb1705,XSGE,16095,16040,16150,388,31267600,24010,24052,17120,14880,16000,16115,0,16145,0,0,0,2017-04-21,75738500,16090,3,0,0,0,0,0,0,0,0,16095,2,0,0,0,0,0,0,0,0
203,2017-04-20,21:02:19,0,pb1705,XSGE,16095,16040,16150,390,31428550,24010,24052,17120,14880,16000,16115,0,16145,0,0,0,2017-04-21,75739000,16095,1,0,0,0,0,0,0,0,0,16100,1,0,0,0,0,0,0,0,0
204,2017-04-20,21:02:19,500,pb1705,XSGE,16095,16040,16150,390,31428550,24010,24052,17120,14880,16000,16115,0,16145,0,0,0,2017-04-21,75739500,16095,1,0,0,0,0,0,0,0,0,16105,1,0,0,0,0,0,0,0,0
205,2017-04-20,21:02:20,0,pb1705,XSGE,16095,16040,16150,390,31428550,24010,24052,17120,14880,16000,16115,0,16145,0,0,0,2017-04-21,75740000,16095,1,0,0,0,0,0,0,0,0,16105,2,0,0,0,0,0,0,0,0
206,2017-04-20,21:02:20,500,pb1705,XSGE,16095,16040,16150,390,31428550,24010,24052,17120,14880,16000,16115,0,16145,0,0,0,2017-04-21,75740500,16090,3,0,0,0,0,0,0,0,0,16105,2,0,0,0,0,0,0,0,0
207,2017-04-20,21:02:21,0,pb1705,XSGE,16095,16040,16150,390,31428550,24010,24052,17120,14880,16000,16115,0,16145,0,0,0,2017-04-21,75741000,16090,3,0,0,0,0,0,0,0,0,16105,2,0,0,0,0,0,0,0,0
208,2017-04-20,21:02:22,0,pb1705,XSGE,16095,16040,16150,390,31428550,24010,24052,17120,14880,16000,16115,0,16145,0,0,0,2017-04-21,75742000,16090,3,0,0,0,0,0,0,0,0,16100,1,0,0,0,0,0,0,0,0
209,2017-04-20,21:02:22,500,pb1705,XSGE,16090,16040,16150,406,32715650,24006,24052,17120,14880,16000,16115,0,16145,0,0,0,2017-04-21,75742500,16080,3,0,0,0,0,0,0,0,0,16105,4,0,0,0,0,0,0,0,0
210,2017-04-20,21:02:23,0,pb1705,XSGE,16080,16040,16150,414,33359000,24006,24052,17120,14880,16000,16115,0,16145,0,0,0,2017-04-21,75743000,16080,4,0,0,0,0,0,0,0,0,16090,1,0,0,0,0,0,0,0,0
211,2017-04-20,21:02:23,500,pb1705,XSGE,16090,16040,16150,416,33519900,24006,24052,17120,14880,16000,16115,0,16145,0,0,0,2017-04-21,75743500,16090,6,0,0,0,0,0,0,0,0,16100,2,0,0,0,0,0,0,0,0
212,2017-04-20,21:02:24,0,pb1705,XSGE,16090,16040,16150,416,33519900,24006,24052,17120,14880,16000,16115,0,16145,0,0,0,2017-04-21,75744000,16090,4,0,0,0,0,0,0,0,0,16100,2,0,0,0,0,0,0,0,0
213,2017-04-20,21:02:24,500,pb1705,XSGE,16090,16040,16150,416,33519900,24006,24052,17120,14880,16000,16115,0,16145,0,0,0,2017-04-21,75744500,16090,4,0,0,0,0,0,0,0,0,16100,2,0,0,0,0,0,0,0,0
214,2017-04-20,21:02:25,0,pb1705,XSGE,16090,16040,16150,416,33519900,24006,24052,17120,14880,16000,16115,0,16145,0,0,0,2017-04-21,75745000,16090,4,0,0,0,0,0,0,0,0,16100,2,0,0,0,0,0,0,0,0
215,2017-04-20,21:02:27,500,pb1705,XSGE,16090,16040,16150,416,33519900,24006,24052,17120,14880,16000,16115,0,16145,0,0,0,2017-04-21,75747500,16090,4,0,0,0,0,0,0,0,0,16100,2,0,0,0,0,0,0,0,0
216,2017-04-20,21:02:28,0,pb1705,XSGE,16090,16040,16150,418,33680800,24006,24052,17120,14880,16000,16115,0,16145,0,0,0,2017-04-21,75748000,16090,3,0,0,0,0,0,0,0,0,16100,2,0,0,0,0,0,0,0,0
217,2017-04-20,21:02:28,500,pb1705,XSGE,16100,16040,16150,420,33841800,24008,24052,17120,14880,16000,16115,0,16145,0,0,0,2017-04-21,75748500,16090,3,0,0,0,0,0,0,0,0,16100,1,0,0,0,0,0,0,0,0
218,2017-04-20,21:02:29,0,pb1705,XSGE,16100,16040,16150,420,33841800,24008,24052,17120,14880,16000,16115,0,16145,0,0,0,2017-04-21,75749000,16090,3,0,0,0,0,0,0,0,0,16095,1,0,0,0,0,0,0,0,0
219,2017-04-20,21:02:29,500,pb1705,XSGE,16095,16040,16150,422,34002750,24008,24052,17120,14880,16000,16115,0,16145,0,0,0,2017-04-21,75749500,16095,1,0,0,0,0,0,0,0,0,16100,1,0,0,0,0,0,0,0,0
220,2017-04-20,21:02:30,0,pb1705,XSGE,16095,16040,16150,424,34163700,24006,24052,17120,14880,16000,16115,0,16145,0,0,0,2017-04-21,75750000,16090,3,0,0,0,0,0,0,0,0,16100,1,0,0,0,0,0,0,0,0
221,2017-04-20,21:02:30,500,pb1705,XSGE,16100,16040,16150,426,34324700,24006,24052,17120,14880,16000,16115,0,16145,0,0,0,2017-04-21,75750500,16100,1,0,0,0,0,0,0,0,0,16105,3,0,0,0,0,0,0,0,0
222,2017-04-20,21:02:31,0,pb1705,XSGE,16100,16040,16150,432,34807700,24006,24052,17120,14880,16000,16115,0,16145,0,0,0,2017-04-21,75751000,16095,1,0,0,0,0,0,0,0,0,16105,2,0,0,0,0,0,0,0,0
223,2017-04-20,21:02:32,0,pb1705,XSGE,16100,16040,16150,432,34807700,24006,24052,17120,14880,16000,16115,0,16145,0,0,0,2017-04-21,75752000,16095,2,0,0,0,0,0,0,0,0,16105,1,0,0,0,0,0,0,0,0
224,2017-04-20,21:02:32,500,pb1705,XSGE,16095,16040,16150,438,35290650,24008,24052,17120,14880,16000,16115,0,16145,0,0,0,2017-04-21,75752500,16090,3,0,0,0,0,0,0,0,0,16115,8,0,0,0,0,0,0,0,0
225,2017-04-20,21:02:33,0,pb1705,XSGE,16095,16040,16150,438,35290650,24008,24052,17120,14880,16000,16115,0,16145,0,0,0,2017-04-21,75753000,16095,1,0,0,0,0,0,0,0,0,16115,6,0,0,0,0,0,0,0,0
226,2017-04-20,21:02:33,500,pb1705,XSGE,16095,16040,16150,438,35290650,24008,24052,17120,14880,16000,16115,0,16145,0,0,0,2017-04-21,75753500,16100,2,0,0,0,0,0,0,0,0,16115,5,0,0,0,0,0,0,0,0
227,2017-04-20,21:02:34,0,pb1705,XSGE,16100,16040,16150,442,35612650,24008,24052,17120,14880,16000,16115,0,16145,0,0,0,2017-04-21,75754000,16100,3,0,0,0,0,0,0,0,0,16115,5,0,0,0,0,0,0,0,0
228,2017-04-20,21:02:34,500,pb1705,XSGE,16100,16040,16150,442,35612650,24008,24052,17120,14880,16000,16115,0,16145,0,0,0,2017-04-21,75754500,16100,5,0,0,0,0,0,0,0,0,16115,5,0,0,0,0,0,0,0,0
229,2017-04-20,21:02:35,0,pb1705,XSGE,16100,16040,16150,442,35612650,24008,24052,17120,14880,16000,16115,0,16145,0,0,0,2017-04-21,75755000,16100,5,0,0,0,0,0,0,0,0,16115,5,0,0,0,0,0,0,0,0
230,2017-04-20,21:02:36,0,pb1705,XSGE,16100,16040,16150,442,35612650,24008,24052,17120,14880,16000,16115,0,16145,0,0,0,2017-04-21,75756000,16100,5,0,0,0,0,0,0,0,0,16115,5,0,0,0,0,0,0,0,0
231,2017-04-20,21:02:36,500,pb1705,XSGE,16100,16040,16150,442,35612650,24008,24052,17120,14880,16000,16115,0,16145,0,0,0,2017-04-21,75756500,16100,2,0,0,0,0,0,0,0,0,16115,10,0,0,0,0,0,0,0,0
232,2017-04-20,21:02:37,0,pb1705,XSGE,16100,16040,16150,442,35612650,24008,24052,17120,14880,16000,16115,0,16145,0,0,0,2017-04-21,75757000,16100,2,0,0,0,0,0,0,0,0,16115,12,0,0,0,0,0,0,0,0
233,2017-04-20,21:02:40,500,pb1705,XSGE,16100,16040,16150,442,35612650,24008,24052,17120,14880,16000,16115,0,16145,0,0,0,2017-04-21,75760500,16100,2,0,0,0,0,0,0,0,0,16105,2,0,0,0,0,0,0,0,0
234,2017-04-20,21:02:41,0,pb1705,XSGE,16100,16040,16150,446,35934650,24012,24052,17120,14880,16000,16115,0,16145,0,0,0,2017-04-21,75761000,16095,2,0,0,0,0,0,0,0,0,16105,2,0,0,0,0,0,0,0,0
235,2017-04-20,21:02:41,500,pb1705,XSGE,16095,16040,16150,448,36095600,24014,24052,17120,14880,16000,16115,0,16145,0,0,0,2017-04-21,75761500,16095,4,0,0,0,0,0,0,0,0,16105,2,0,0,0,0,0,0,0,0
236,2017-04-20,21:02:42,0,pb1705,XSGE,16095,16040,16150,452,36417500,24018,24052,17120,14880,16000,16115,0,16145,0,0,0,2017-04-21,75762000,16090,3,0,0,0,0,0,0,0,0,16105,2,0,0,0,0,0,0,0,0
237,2017-04-20,21:02:42,500,pb1705,XSGE,16095,16040,16150,452,36417500,24018,24052,17120,14880,16000,16115,0,16145,0,0,0,2017-04-21,75762500,16090,2,0,0,0,0,0,0,0,0,16105,2,0,0,0,0,0,0,0,0
238,2017-04-20,21:02:43,0,pb1705,XSGE,16095,16040,16150,452,36417500,24018,24052,17120,14880,16000,16115,0,16145,0,0,0,2017-04-21,75763000,16090,5,0,0,0,0,0,0,0,0,16100,3,0,0,0,0,0,0,0,0
239,2017-04-20,21:02:43,500,pb1705,XSGE,16095,16040,16150,452,36417500,24018,24052,17120,14880,16000,16115,0,16145,0,0,0,2017-04-21,75763500,16090,5,0,0,0,0,0,0,0,0,16100,1,0,0,0,0,0,0,0,0
240,2017-04-20,21:02:45,0,pb1705,XSGE,16095,16040,16150,452,36417500,24018,24052,17120,14880,16000,16115,0,16145,0,0,0,2017-04-21,75765000,16090,5,0,0,0,0,0,0,0,0,16100,1,0,0,0,0,0,0,0,0
241,2017-04-20,21:02:45,500,pb1705,XSGE,16095,16040,16150,452,36417500,24018,24052,17120,14880,16000,16115,0,16145,0,0,0,2017-04-21,75765500,16090,5,0,0,0,0,0,0,0,0,16105,2,0,0,0,0,0,0,0,0
242,2017-04-20,21:02:52,0,pb1705,XSGE,16095,16040,16150,452,36417500,24018,24052,17120,14880,16000,16115,0,16145,0,0,0,2017-04-21,75772000,16090,1,0,0,0,0,0,0,0,0,16100,5,0,0,0,0,0,0,0,0
243,2017-04-20,21:02:52,500,pb1705,XSGE,16095,16040,16150,452,36417500,24018,24052,17120,14880,16000,16115,0,16145,0,0,0,2017-04-21,75772500,16095,1,0,0,0,0,0,0,0,0,16100,6,0,0,0,0,0,0,0,0
244,2017-04-20,21:02:53,0,pb1705,XSGE,16095,16040,16150,454,36578450,24018,24052,17120,14880,16000,16115,0,16145,0,0,0,2017-04-21,75773000,16090,1,0,0,0,0,0,0,0,0,16095,1,0,0,0,0,0,0,0,0
245,2017-04-20,21:02:54,0,pb1705,XSGE,16095,16040,16150,454,36578450,24018,24052,17120,14880,16000,16115,0,16145,0,0,0,2017-04-21,75774000,16085,1,0,0,0,0,0,0,0,0,16095,1,0,0,0,0,0,0,0,0
246,2017-04-20,21:02:57,0,pb1705,XSGE,16095,16040,16150,454,36578450,24018,24052,17120,14880,16000,16115,0,16145,0,0,0,2017-04-21,75777000,16085,1,0,0,0,0,0,0,0,0,16095,2,0,0,0,0,0,0,0,0
247,2017-04-20,21:02:57,500,pb1705,XSGE,16095,16040,16150,454,36578450,24018,24052,17120,14880,16000,16115,0,16145,0,0,0,2017-04-21,75777500,16080,2,0,0,0,0,0,0,0,0,16095,2,0,0,0,0,0,0,0,0
248,2017-04-20,21:02:58,0,pb1705,XSGE,16095,16040,16150,454,36578450,24018,24052,17120,14880,16000,16115,0,16145,0,0,0,2017-04-21,75778000,16080,2,0,0,0,0,0,0,0,0,16090,3,0,0,0,0,0,0,0,0
249,2017-04-20,21:02:58,500,pb1705,XSGE,16095,16040,16150,454,36578450,24018,24052,17120,14880,16000,16115,0,16145,0,0,0,2017-04-21,75778500,16080,2,0,0,0,0,0,0,0,0,16090,3,0,0,0,0,0,0,0,0
250,2017-04-20,21:02:59,0,pb1705,XSGE,16095,16040,16150,454,36578450,24018,24052,17120,14880,16000,16115,0,16145,0,0,0,2017-04-21,75779000,16080,5,0,0,0,0,0,0,0,0,16090,3,0,0,0,0,0,0,0,0
251,2017-04-20,21:03:02,0,pb1705,XSGE,16095,16040,16150,454,36578450,24018,24052,17120,14880,16000,16115,0,16145,0,0,0,2017-04-21,75782000,16080,2,0,0,0,0,0,0,0,0,16085,1,0,0,0,0,0,0,0,0
252,2017-04-20,21:03:02,500,pb1705,XSGE,16095,16040,16150,454,36578450,24018,24052,17120,14880,16000,16115,0,16145,0,0,0,2017-04-21,75782500,16085,1,0,0,0,0,0,0,0,0,16090,3,0,0,0,0,0,0,0,0
253,2017-04-20,21:03:03,0,pb1705,XSGE,16095,16040,16150,454,36578450,24018,24052,17120,14880,16000,16115,0,16145,0,0,0,2017-04-21,75783000,16085,1,0,0,0,0,0,0,0,0,16090,3,0,0,0,0,0,0,0,0
254,2017-04-20,21:03:03,500,pb1705,XSGE,16095,16040,16150,454,36578450,24018,24052,17120,14880,16000,16115,0,16145,0,0,0,2017-04-21,75783500,16075,2,0,0,0,0,0,0,0,0,16085,4,0,0,0,0,0,0,0,0
255,2017-04-20,21:03:04,0,pb1705,XSGE,16095,16040,16150,454,36578450,24018,24052,17120,14880,16000,16115,0,16145,0,0,0,2017-04-21,75784000,16080,3,0,0,0,0,0,0,0,0,16085,4,0,0,0,0,0,0,0,0
256,2017-04-20,21:03:04,500,pb1705,XSGE,16085,16040,16150,458,36900150,24018,24052,17120,14880,16000,16115,0,16145,0,0,0,2017-04-21,75784500,16080,3,0,0,0,0,0,0,0,0,16085,2,0,0,0,0,0,0,0,0
257,2017-04-20,21:03:05,500,pb1705,XSGE,16085,16040,16150,458,36900150,24018,24052,17120,14880,16000,16115,0,16145,0,0,0,2017-04-21,75785500,16080,3,0,0,0,0,0,0,0,0,16085,2,0,0,0,0,0,0,0,0
258,2017-04-20,21:03:06,500,pb1705,XSGE,16085,16040,16150,458,36900150,24018,24052,17120,14880,16000,16115,0,16145,0,0,0,2017-04-21,75786500,16075,1,0,0,0,0,0,0,0,0,16085,2,0,0,0,0,0,0,0,0
259,2017-04-20,21:03:07,0,pb1705,XSGE,16085,16040,16150,458,36900150,24018,24052,17120,14880,16000,16115,0,16145,0,0,0,2017-04-21,75787000,16075,3,0,0,0,0,0,0,0,0,16080,1,0,0,0,0,0,0,0,0
260,2017-04-20,21:03:07,500,pb1705,XSGE,16075,16040,16150,468,37703950,24016,24052,17120,14880,16000,16115,0,16145,0,0,0,2017-04-21,75787500,16070,3,0,0,0,0,0,0,0,0,16075,4,0,0,0,0,0,0,0,0
261,2017-04-20,21:03:08,0,pb1705,XSGE,16075,16040,16150,476,38346950,24008,24052,17120,14880,16000,16115,0,16145,0,0,0,2017-04-21,75788000,16080,1,0,0,0,0,0,0,0,0,16085,2,0,0,0,0,0,0,0,0
262,2017-04-20,21:03:08,500,pb1705,XSGE,16080,16040,16150,478,38507750,24010,24052,17120,14880,16000,16115,0,16145,0,0,0,2017-04-21,75788500,16075,5,0,0,0,0,0,0,0,0,16080,1,0,0,0,0,0,0,0,0
263,2017-04-20,21:03:09,0,pb1705,XSGE,16080,16040,16150,480,38668550,24010,24052,17120,14880,16000,16115,0,16145,0,0,0,2017-04-21,75789000,16075,5,0,0,0,0,0,0,0,0,16085,2,0,0,0,0,0,0,0,0
264,2017-04-20,21:03:10,0,pb1705,XSGE,16080,16040,16150,480,38668550,24010,24052,17120,14880,16000,16115,0,16145,0,0,0,2017-04-21,75790000,16075,5,0,0,0,0,0,0,0,0,16085,2,0,0,0,0,0,0,0,0
265,2017-04-20,21:03:10,500,pb1705,XSGE,16080,16040,16150,482,38829350,24008,24052,17120,14880,16000,16115,0,16145,0,0,0,2017-04-21,75790500,16075,5,0,0,0,0,0,0,0,0,16090,3,0,0,0,0,0,0,0,0
266,2017-04-20,21:03:11,0,pb1705,XSGE,16080,16040,16150,482,38829350,24008,24052,17120,14880,16000,16115,0,16145,0,0,0,2017-04-21,75791000,16080,2,0,0,0,0,0,0,0,0,16090,3,0,0,0,0,0,0,0,0
267,2017-04-20,21:03:11,500,pb1705,XSGE,16080,16040,16150,482,38829350,24008,24052,17120,14880,16000,16115,0,16145,0,0,0,2017-04-21,75791500,16080,2,0,0,0,0,0,0,0,0,16090,4,0,0,0,0,0,0,0,0
268,2017-04-20,21:03:15,500,pb1705,XSGE,16080,16040,16150,482,38829350,24008,24052,17120,14880,16000,16115,0,16145,0,0,0,2017-04-21,75795500,16080,2,0,0,0,0,0,0,0,0,16090,4,0,0,0,0,0,0,0,0
269,2017-04-20,21:03:16,0,pb1705,XSGE,16080,16040,16150,482,38829350,24008,24052,17120,14880,16000,16115,0,16145,0,0,0,2017-04-21,75796000,16080,2,0,0,0,0,0,0,0,0,16090,4,0,0,0,0,0,0,0,0
270,2017-04-20,21:03:16,500,pb1705,XSGE,16080,16040,16150,482,38829350,24008,24052,17120,14880,16000,16115,0,16145,0,0,0,2017-04-21,75796500,16085,1,0,0,0,0,0,0,0,0,16090,4,0,0,0,0,0,0,0,0
271,2017-04-20,21:03:17,0,pb1705,XSGE,16080,16040,16150,482,38829350,24008,24052,17120,14880,16000,16115,0,16145,0,0,0,2017-04-21,75797000,16080,2,0,0,0,0,0,0,0,0,16090,4,0,0,0,0,0,0,0,0
272,2017-04-20,21:03:17,500,pb1705,XSGE,16080,16040,16150,482,38829350,24008,24052,17120,14880,16000,16115,0,16145,0,0,0,2017-04-21,75797500,16080,3,0,0,0,0,0,0,0,0,16090,3,0,0,0,0,0,0,0,0
273,2017-04-20,21:03:18,500,pb1705,XSGE,16080,16040,16150,482,38829350,24008,24052,17120,14880,16000,16115,0,16145,0,0,0,2017-04-21,75798500,16080,1,0,0,0,0,0,0,0,0,16085,1,0,0,0,0,0,0,0,0
274,2017-04-20,21:03:19,0,pb1705,XSGE,16080,16040,16150,482,38829350,24008,24052,17120,14880,16000,16115,0,16145,0,0,0,2017-04-21,75799000,16080,1,0,0,0,0,0,0,0,0,16085,1,0,0,0,0,0,0,0,0
275,2017-04-20,21:03:20,500,pb1705,XSGE,16080,16040,16150,482,38829350,24008,24052,17120,14880,16000,16115,0,16145,0,0,0,2017-04-21,75800500,16080,1,0,0,0,0,0,0,0,0,16085,1,0,0,0,0,0,0,0,0
276,2017-04-20,21:03:21,0,pb1705,XSGE,16080,16040,16150,482,38829350,24008,24052,17120,14880,16000,16115,0,16145,0,0,0,2017-04-21,75801000,16080,1,0,0,0,0,0,0,0,0,16085,2,0,0,0,0,0,0,0,0
277,2017-04-20,21:03:22,0,pb1705,XSGE,16080,16040,16150,484,38990150,24008,24052,17120,14880,16000,16115,0,16145,0,0,0,2017-04-21,75802000,16075,2,0,0,0,0,0,0,0,0,16080,4,0,0,0,0,0,0,0,0
278,2017-04-20,21:03:22,500,pb1705,XSGE,16080,16040,16150,484,38990150,24008,24052,17120,14880,16000,16115,0,16145,0,0,0,2017-04-21,75802500,16075,2,0,0,0,0,0,0,0,0,16080,1,0,0,0,0,0,0,0,0
279,2017-04-20,21:03:23,0,pb1705,XSGE,16085,16040,16150,492,39633500,24004,24052,17120,14880,16000,16115,0,16145,0,0,0,2017-04-21,75803000,16075,2,0,0,0,0,0,0,0,0,16090,4,0,0,0,0,0,0,0,0
280,2017-04-20,21:03:23,500,pb1705,XSGE,16085,16040,16150,492,39633500,24004,24052,17120,14880,16000,16115,0,16145,0,0,0,2017-04-21,75803500,16075,3,0,0,0,0,0,0,0,0,16090,5,0,0,0,0,0,0,0,0
281,2017-04-20,21:03:24,0,pb1705,XSGE,16085,16040,16150,492,39633500,24004,24052,17120,14880,16000,16115,0,16145,0,0,0,2017-04-21,75804000,16075,3,0,0,0,0,0,0,0,0,16090,4,0,0,0,0,0,0,0,0
282,2017-04-20,21:03:24,500,pb1705,XSGE,16085,16040,16150,492,39633500,24004,24052,17120,14880,16000,16115,0,16145,0,0,0,2017-04-21,75804500,16075,3,0,0,0,0,0,0,0,0,16090,4,0,0,0,0,0,0,0,0
283,2017-04-20,21:03:25,0,pb1705,XSGE,16085,16040,16150,492,39633500,24004,24052,17120,14880,16000,16115,0,16145,0,0,0,2017-04-21,75805000,16075,3,0,0,0,0,0,0,0,0,16090,4,0,0,0,0,0,0,0,0
284,2017-04-20,21:03:26,500,pb1705,XSGE,16075,16040,16150,498,40115750,24010,24052,17120,14880,16000,16115,0,16145,0,0,0,2017-04-21,75806500,16070,2,0,0,0,0,0,0,0,0,16075,5,0,0,0,0,0,0,0,0
285,2017-04-20,21:03:27,0,pb1705,XSGE,16075,16040,16150,508,40919500,24010,24052,17120,14880,16000,16115,0,16145,0,0,0,2017-04-21,75807000,16070,2,0,0,0,0,0,0,0,0,16090,4,0,0,0,0,0,0,0,0
286,2017-04-20,21:03:27,500,pb1705,XSGE,16075,16040,16150,508,40919500,24010,24052,17120,14880,16000,16115,0,16145,0,0,0,2017-04-21,75807500,16075,2,0,0,0,0,0,0,0,0,16090,4,0,0,0,0,0,0,0,0
287,2017-04-20,21:03:29,0,pb1705,XSGE,16090,16040,16150,510,41080400,24010,24052,17120,14880,16000,16115,0,16145,0,0,0,2017-04-21,75809000,16075,2,0,0,0,0,0,0,0,0,16085,1,0,0,0,0,0,0,0,0
288,2017-04-20,21:03:29,500,pb1705,XSGE,16085,16040,16150,512,41241250,24008,24052,17120,14880,16000,16115,0,16145,0,0,0,2017-04-21,75809500,16075,4,0,0,0,0,0,0,0,0,16090,3,0,0,0,0,0,0,0,0
289,2017-04-20,21:03:30,0,pb1705,XSGE,16085,16040,16150,512,41241250,24008,24052,17120,14880,16000,16115,0,16145,0,0,0,2017-04-21,75810000,16075,4,0,0,0,0,0,0,0,0,16090,4,0,0,0,0,0,0,0,0
290,2017-04-20,21:03:31,0,pb1705,XSGE,16075,16040,16150,514,41402000,24008,24052,17120,14880,16000,16115,0,16145,0,0,0,2017-04-21,75811000,16075,3,0,0,0,0,0,0,0,0,16090,4,0,0,0,0,0,0,0,0
291,2017-04-20,21:03:32,500,pb1705,XSGE,16075,16040,16150,514,41402000,24008,24052,17120,14880,16000,16115,0,16145,0,0,0,2017-04-21,75812500,16075,2,0,0,0,0,0,0,0,0,16090,4,0,0,0,0,0,0,0,0
292,2017-04-20,21:03:34,0,pb1705,XSGE,16075,16040,16150,514,41402000,24008,24052,17120,14880,16000,16115,0,16145,0,0,0,2017-04-21,75814000,16075,2,0,0,0,0,0,0,0,0,16085,1,0,0,0,0,0,0,0,0
293,2017-04-20,21:03:34,500,pb1705,XSGE,16075,16040,16150,514,41402000,24008,24052,17120,14880,16000,16115,0,16145,0,0,0,2017-04-21,75814500,16075,2,0,0,0,0,0,0,0,0,16080,2,0,0,0,0,0,0,0,0
294,2017-04-20,21:03:35,0,pb1705,XSGE,16080,16040,16150,518,41723600,24008,24052,17120,14880,16000,16115,0,16145,0,0,0,2017-04-21,75815000,16075,2,0,0,0,0,0,0,0,0,16085,2,0,0,0,0,0,0,0,0
295,2017-04-20,21:03:35,500,pb1705,XSGE,16080,16040,16150,518,41723600,24008,24052,17120,14880,16000,16115,0,16145,0,0,0,2017-04-21,75815500,16075,1,0,0,0,0,0,0,0,0,16080,2,0,0,0,0,0,0,0,0
296,2017-04-20,21:03:36,0,pb1705,XSGE,16075,16040,16150,522,42045100,24006,24052,17120,14880,16000,16115,0,16145,0,0,0,2017-04-21,75816000,16070,2,0,0,0,0,0,0,0,0,16080,2,0,0,0,0,0,0,0,0
297,2017-04-20,21:03:37,500,pb1705,XSGE,16080,16040,16150,526,42366700,24006,24052,17120,14880,16000,16115,0,16145,0,0,0,2017-04-21,75817500,16070,2,0,0,0,0,0,0,0,0,16085,2,0,0,0,0,0,0,0,0
298,2017-04-20,21:03:38,0,pb1705,XSGE,16080,16040,16150,526,42366700,24006,24052,17120,14880,16000,16115,0,16145,0,0,0,2017-04-21,75818000,16070,2,0,0,0,0,0,0,0,0,16085,1,0,0,0,0,0,0,0,0
299,2017-04-20,21:03:39,500,pb1705,XSGE,16080,16040,16150,526,42366700,24006,24052,17120,14880,16000,16115,0,16145,0,0,0,2017-04-21,75819500,16075,3,0,0,0,0,0,0,0,0,16085,1,0,0,0,0,0,0,0,0
300,2017-04-20,21:03:40,500,pb1705,XSGE,16080,16040,16150,526,42366700,24006,24052,17120,14880,16000,16115,0,16145,0,0,0,2017-04-21,75820500,16075,3,0,0,0,0,0,0,0,0,16090,4,0,0,0,0,0,0,0,0
301,2017-04-20,21:03:41,0,pb1705,XSGE,16080,16040,16150,526,42366700,24006,24052,17120,14880,16000,16115,0,16145,0,0,0,2017-04-21,75821000,16075,3,0,0,0,0,0,0,0,0,16090,4,0,0,0,0,0,0,0,0
302,2017-04-20,21:03:46,500,pb1705,XSGE,16080,16040,16150,526,42366700,24006,24052,17120,14880,16000,16115,0,16145,0,0,0,2017-04-21,75826500,16070,2,0,0,0,0,0,0,0,0,16085,1,0,0,0,0,0,0,0,0
303,2017-04-20,21:03:47,0,pb1705,XSGE,16080,16040,16150,526,42366700,24006,24052,17120,14880,16000,16115,0,16145,0,0,0,2017-04-21,75827000,16070,2,0,0,0,0,0,0,0,0,16080,2,0,0,0,0,0,0,0,0
304,2017-04-20,21:03:47,500,pb1705,XSGE,16080,16040,16150,526,42366700,24006,24052,17120,14880,16000,16115,0,16145,0,0,0,2017-04-21,75827500,16070,2,0,0,0,0,0,0,0,0,16080,2,0,0,0,0,0,0,0,0
305,2017-04-20,21:03:48,0,pb1705,XSGE,16080,16040,16150,530,42688300,24006,24052,17120,14880,16000,16115,0,16145,0,0,0,2017-04-21,75828000,16070,2,0,0,0,0,0,0,0,0,16090,5,0,0,0,0,0,0,0,0
306,2017-04-20,21:03:48,500,pb1705,XSGE,16080,16040,16150,530,42688300,24006,24052,17120,14880,16000,16115,0,16145,0,0,0,2017-04-21,75828500,16075,2,0,0,0,0,0,0,0,0,16090,4,0,0,0,0,0,0,0,0
307,2017-04-20,21:03:49,0,pb1705,XSGE,16080,16040,16150,530,42688300,24006,24052,17120,14880,16000,16115,0,16145,0,0,0,2017-04-21,75829000,16075,1,0,0,0,0,0,0,0,0,16090,5,0,0,0,0,0,0,0,0
308,2017-04-20,21:03:50,500,pb1705,XSGE,16080,16040,16150,530,42688300,24006,24052,17120,14880,16000,16115,0,16145,0,0,0,2017-04-21,75830500,16075,1,0,0,0,0,0,0,0,0,16085,1,0,0,0,0,0,0,0,0
309,2017-04-20,21:03:51,0,pb1705,XSGE,16080,16040,16150,530,42688300,24006,24052,17120,14880,16000,16115,0,16145,0,0,0,2017-04-21,75831000,16075,1,0,0,0,0,0,0,0,0,16090,5,0,0,0,0,0,0,0,0
310,2017-04-20,21:03:51,500,pb1705,XSGE,16075,16040,16150,532,42849050,24004,24052,17120,14880,16000,16115,0,16145,0,0,0,2017-04-21,75831500,16070,2,0,0,0,0,0,0,0,0,16090,5,0,0,0,0,0,0,0,0
311,2017-04-20,21:03:54,0,pb1705,XSGE,16075,16040,16150,532,42849050,24004,24052,17120,14880,16000,16115,0,16145,0,0,0,2017-04-21,75834000,16075,1,0,0,0,0,0,0,0,0,16090,5,0,0,0,0,0,0,0,0
312,2017-04-20,21:03:54,500,pb1705,XSGE,16075,16040,16150,532,42849050,24004,24052,17120,14880,16000,16115,0,16145,0,0,0,2017-04-21,75834500,16075,3,0,0,0,0,0,0,0,0,16090,5,0,0,0,0,0,0,0,0
313,2017-04-20,21:03:55,500,pb1705,XSGE,16075,16040,16150,532,42849050,24004,24052,17120,14880,16000,16115,0,16145,0,0,0,2017-04-21,75835500,16075,3,0,0,0,0,0,0,0,0,16090,4,0,0,0,0,0,0,0,0
314,2017-04-20,21:03:57,0,pb1705,XSGE,16090,16040,16150,534,43009950,24006,24052,17120,14880,16000,16115,0,16145,0,0,0,2017-04-21,75837000,16075,3,0,0,0,0,0,0,0,0,16090,3,0,0,0,0,0,0,0,0
315,2017-04-20,21:03:57,500,pb1705,XSGE,16090,16040,16150,534,43009950,24006,24052,17120,14880,16000,16115,0,16145,0,0,0,2017-04-21,75837500,16075,5,0,0,0,0,0,0,0,0,16090,3,0,0,0,0,0,0,0,0
316,2017-04-20,21:03:59,0,pb1705,XSGE,16090,16040,16150,534,43009950,24006,24052,17120,14880,16000,16115,0,16145,0,0,0,2017-04-21,75839000,16075,5,0,0,0,0,0,0,0,0,16090,5,0,0,0,0,0,0,0,0
317,2017-04-20,21:03:59,500,pb1705,XSGE,16090,16040,16150,534,43009950,24006,24052,17120,14880,16000,16115,0,16145,0,0,0,2017-04-21,75839500,16075,4,0,0,0,0,0,0,0,0,16090,5,0,0,0,0,0,0,0,0
318,2017-04-20,21:04:02,500,pb1705,XSGE,16090,16040,16150,534,43009950,24006,24052,17120,14880,16000,16115,0,16145,0,0,0,2017-04-21,75842500,16080,1,0,0,0,0,0,0,0,0,16090,4,0,0,0,0,0,0,0,0
319,2017-04-20,21:04:06,500,pb1705,XSGE,16090,16040,16150,534,43009950,24006,24052,17120,14880,16000,16115,0,16145,0,0,0,2017-04-21,75846500,16080,1,0,0,0,0,0,0,0,0,16090,4,0,0,0,0,0,0,0,0
320,2017-04-20,21:04:08,500,pb1705,XSGE,16090,16040,16150,534,43009950,24006,24052,17120,14880,16000,16115,0,16145,0,0,0,2017-04-21,75848500,16080,1,0,0,0,0,0,0,0,0,16090,4,0,0,0,0,0,0,0,0
321,2017-04-20,21:04:09,0,pb1705,XSGE,16090,16040,16150,534,43009950,24006,24052,17120,14880,16000,16115,0,16145,0,0,0,2017-04-21,75849000,16080,1,0,0,0,0,0,0,0,0,16090,4,0,0,0,0,0,0,0,0
322,2017-04-20,21:04:09,500,pb1705,XSGE,16090,16040,16150,534,43009950,24006,24052,17120,14880,16000,16115,0,16145,0,0,0,2017-04-21,75849500,16080,3,0,0,0,0,0,0,0,0,16090,4,0,0,0,0,0,0,0,0
323,2017-04-20,21:04:11,0,pb1705,XSGE,16090,16040,16150,542,43653550,24004,24052,17120,14880,16000,16115,0,16145,0,0,0,2017-04-21,75851000,16080,3,0,0,0,0,0,0,0,0,16095,1,0,0,0,0,0,0,0,0
324,2017-04-20,21:04:11,500,pb1705,XSGE,16090,16040,16150,542,43653550,24004,24052,17120,14880,16000,16115,0,16145,0,0,0,2017-04-21,75851500,16080,3,0,0,0,0,0,0,0,0,16095,2,0,0,0,0,0,0,0,0
325,2017-04-20,21:04:14,500,pb1705,XSGE,16090,16040,16150,542,43653550,24004,24052,17120,14880,16000,16115,0,16145,0,0,0,2017-04-21,75854500,16080,3,0,0,0,0,0,0,0,0,16095,2,0,0,0,0,0,0,0,0
326,2017-04-20,21:04:15,500,pb1705,XSGE,16090,16040,16150,542,43653550,24004,24052,17120,14880,16000,16115,0,16145,0,0,0,2017-04-21,75855500,16075,4,0,0,0,0,0,0,0,0,16095,2,0,0,0,0,0,0,0,0
327,2017-04-20,21:04:16,0,pb1705,XSGE,16090,16040,16150,542,43653550,24004,24052,17120,14880,16000,16115,0,16145,0,0,0,2017-04-21,75856000,16080,1,0,0,0,0,0,0,0,0,16095,2,0,0,0,0,0,0,0,0
328,2017-04-20,21:04:16,500,pb1705,XSGE,16090,16040,16150,542,43653550,24004,24052,17120,14880,16000,16115,0,16145,0,0,0,2017-04-21,75856500,16080,1,0,0,0,0,0,0,0,0,16095,2,0,0,0,0,0,0,0,0
329,2017-04-20,21:04:23,500,pb1705,XSGE,16090,16040,16150,542,43653550,24004,24052,17120,14880,16000,16115,0,16145,0,0,0,2017-04-21,75863500,16085,1,0,0,0,0,0,0,0,0,16095,2,0,0,0,0,0,0,0,0
330,2017-04-20,21:04:24,0,pb1705,XSGE,16090,16040,16150,542,43653550,24004,24052,17120,14880,16000,16115,0,16145,0,0,0,2017-04-21,75864000,16085,1,0,0,0,0,0,0,0,0,16095,1,0,0,0,0,0,0,0,0
331,2017-04-20,21:04:27,500,pb1705,XSGE,16090,16040,16150,542,43653550,24004,24052,17120,14880,16000,16115,0,16145,0,0,0,2017-04-21,75867500,16080,1,0,0,0,0,0,0,0,0,16095,2,0,0,0,0,0,0,0,0
332,2017-04-20,21:04:28,0,pb1705,XSGE,16090,16040,16150,542,43653550,24004,24052,17120,14880,16000,16115,0,16145,0,0,0,2017-04-21,75868000,16085,3,0,0,0,0,0,0,0,0,16095,1,0,0,0,0,0,0,0,0
333,2017-04-20,21:04:28,500,pb1705,XSGE,16090,16040,16150,542,43653550,24004,24052,17120,14880,16000,16115,0,16145,0,0,0,2017-04-21,75868500,16085,3,0,0,0,0,0,0,0,0,16095,1,0,0,0,0,0,0,0,0
334,2017-04-20,21:04:30,0,pb1705,XSGE,16090,16040,16150,542,43653550,24004,24052,17120,14880,16000,16115,0,16145,0,0,0,2017-04-21,75870000,16080,1,0,0,0,0,0,0,0,0,16095,1,0,0,0,0,0,0,0,0
335,2017-04-20,21:04:31,0,pb1705,XSGE,16090,16040,16150,542,43653550,24004,24052,17120,14880,16000,16115,0,16145,0,0,0,2017-04-21,75871000,16080,1,0,0,0,0,0,0,0,0,16095,2,0,0,0,0,0,0,0,0
336,2017-04-20,21:04:32,500,pb1705,XSGE,16090,16040,16150,542,43653550,24004,24052,17120,14880,16000,16115,0,16145,0,0,0,2017-04-21,75872500,16080,1,0,0,0,0,0,0,0,0,16090,1,0,0,0,0,0,0,0,0
337,2017-04-20,21:04:33,0,pb1705,XSGE,16090,16040,16150,542,43653550,24004,24052,17120,14880,16000,16115,0,16145,0,0,0,2017-04-21,75873000,16075,6,0,0,0,0,0,0,0,0,16090,1,0,0,0,0,0,0,0,0
338,2017-04-20,21:04:34,0,pb1705,XSGE,16090,16040,16150,542,43653550,24004,24052,17120,14880,16000,16115,0,16145,0,0,0,2017-04-21,75874000,16075,6,0,0,0,0,0,0,0,0,16095,2,0,0,0,0,0,0,0,0
339,2017-04-20,21:04:34,500,pb1705,XSGE,16090,16040,16150,542,43653550,24004,24052,17120,14880,16000,16115,0,16145,0,0,0,2017-04-21,75874500,16080,1,0,0,0,0,0,0,0,0,16095,3,0,0,0,0,0,0,0,0
340,2017-04-20,21:04:35,0,pb1705,XSGE,16090,16040,16150,542,43653550,24004,24052,17120,14880,16000,16115,0,16145,0,0,0,2017-04-21,75875000,16080,1,0,0,0,0,0,0,0,0,16095,2,0,0,0,0,0,0,0,0
341,2017-04-20,21:04:35,500,pb1705,XSGE,16090,16040,16150,542,43653550,24004,24052,17120,14880,16000,16115,0,16145,0,0,0,2017-04-21,75875500,16080,1,0,0,0,0,0,0,0,0,16090,1,0,0,0,0,0,0,0,0
342,2017-04-20,21:04:36,0,pb1705,XSGE,16090,16040,16150,542,43653550,24004,24052,17120,14880,16000,16115,0,16145,0,0,0,2017-04-21,75876000,16080,1,0,0,0,0,0,0,0,0,16095,2,0,0,0,0,0,0,0,0
343,2017-04-20,21:04:36,500,pb1705,XSGE,16090,16040,16150,542,43653550,24004,24052,17120,14880,16000,16115,0,16145,0,0,0,2017-04-21,75876500,16080,1,0,0,0,0,0,0,0,0,16095,2,0,0,0,0,0,0,0,0
344,2017-04-20,21:04:39,500,pb1705,XSGE,16090,16040,16150,542,43653550,24004,24052,17120,14880,16000,16115,0,16145,0,0,0,2017-04-21,75879500,16080,1,0,0,0,0,0,0,0,0,16095,2,0,0,0,0,0,0,0,0
345,2017-04-20,21:04:41,500,pb1705,XSGE,16090,16040,16150,542,43653550,24004,24052,17120,14880,16000,16115,0,16145,0,0,0,2017-04-21,75881500,16085,3,0,0,0,0,0,0,0,0,16095,2,0,0,0,0,0,0,0,0
346,2017-04-20,21:04:42,0,pb1705,XSGE,16090,16040,16150,542,43653550,24004,24052,17120,14880,16000,16115,0,16145,0,0,0,2017-04-21,75882000,16080,1,0,0,0,0,0,0,0,0,16095,3,0,0,0,0,0,0,0,0
347,2017-04-20,21:04:42,500,pb1705,XSGE,16090,16040,16150,542,43653550,24004,24052,17120,14880,16000,16115,0,16145,0,0,0,2017-04-21,75882500,16085,4,0,0,0,0,0,0,0,0,16095,1,0,0,0,0,0,0,0,0
348,2017-04-20,21:04:43,0,pb1705,XSGE,16090,16040,16150,542,43653550,24004,24052,17120,14880,16000,16115,0,16145,0,0,0,2017-04-21,75883000,16085,4,0,0,0,0,0,0,0,0,16095,1,0,0,0,0,0,0,0,0
349,2017-04-20,21:04:43,500,pb1705,XSGE,16090,16040,16150,542,43653550,24004,24052,17120,14880,16000,16115,0,16145,0,0,0,2017-04-21,75883500,16090,1,0,0,0,0,0,0,0,0,16095,1,0,0,0,0,0,0,0,0
350,2017-04-20,21:04:44,500,pb1705,XSGE,16090,16040,16150,544,43814450,24002,24052,17120,14880,16000,16115,0,16145,0,0,0,2017-04-21,75884500,16085,4,0,0,0,0,0,0,0,0,16095,1,0,0,0,0,0,0,0,0
351,2017-04-20,21:04:45,0,pb1705,XSGE,16090,16040,16150,546,43975350,24000,24052,17120,14880,16000,16115,0,16145,0,0,0,2017-04-21,75885000,16090,1,0,0,0,0,0,0,0,0,16095,2,0,0,0,0,0,0,0,0
352,2017-04-20,21:04:46,0,pb1705,XSGE,16090,16040,16150,546,43975350,24000,24052,17120,14880,16000,16115,0,16145,0,0,0,2017-04-21,75886000,16090,1,0,0,0,0,0,0,0,0,16095,2,0,0,0,0,0,0,0,0
353,2017-04-20,21:04:47,0,pb1705,XSGE,16090,16040,16150,546,43975350,24000,24052,17120,14880,16000,16115,0,16145,0,0,0,2017-04-21,75887000,16090,1,0,0,0,0,0,0,0,0,16095,2,0,0,0,0,0,0,0,0
354,2017-04-20,21:04:48,0,pb1705,XSGE,16090,16040,16150,546,43975350,24000,24052,17120,14880,16000,16115,0,16145,0,0,0,2017-04-21,75888000,16090,1,0,0,0,0,0,0,0,0,16100,5,0,0,0,0,0,0,0,0
355,2017-04-20,21:04:48,500,pb1705,XSGE,16085,16040,16150,554,44618800,23998,24052,17120,14880,16000,16115,0,16145,0,0,0,2017-04-21,75888500,16085,1,0,0,0,0,0,0,0,0,16095,1,0,0,0,0,0,0,0,0
356,2017-04-20,21:04:49,0,pb1705,XSGE,16085,16040,16150,554,44618800,23998,24052,17120,14880,16000,16115,0,16145,0,0,0,2017-04-21,75889000,16085,1,0,0,0,0,0,0,0,0,16090,1,0,0,0,0,0,0,0,0
357,2017-04-20,21:04:52,0,pb1705,XSGE,16085,16040,16150,554,44618800,23998,24052,17120,14880,16000,16115,0,16145,0,0,0,2017-04-21,75892000,16085,1,0,0,0,0,0,0,0,0,16090,1,0,0,0,0,0,0,0,0
358,2017-04-20,21:04:52,500,pb1705,XSGE,16085,16040,16150,556,44779650,23998,24052,17120,14880,16000,16115,0,16145,0,0,0,2017-04-21,75892500,16075,8,0,0,0,0,0,0,0,0,16090,1,0,0,0,0,0,0,0,0
359,2017-04-20,21:04:53,500,pb1705,XSGE,16085,16040,16150,556,44779650,23998,24052,17120,14880,16000,16115,0,16145,0,0,0,2017-04-21,75893500,16075,8,0,0,0,0,0,0,0,0,16090,1,0,0,0,0,0,0,0,0
360,2017-04-20,21:04:54,0,pb1705,XSGE,16090,16040,16150,558,44940550,23998,24052,17120,14880,16000,16115,0,16145,0,0,0,2017-04-21,75894000,16075,8,0,0,0,0,0,0,0,0,16095,1,0,0,0,0,0,0,0,0
361,2017-04-20,21:04:54,500,pb1705,XSGE,16090,16040,16150,558,44940550,23998,24052,17120,14880,16000,16115,0,16145,0,0,0,2017-04-21,75894500,16090,8,0,0,0,0,0,0,0,0,16095,1,0,0,0,0,0,0,0,0
362,2017-04-20,21:04:55,500,pb1705,XSGE,16090,16040,16150,564,45423250,23992,24052,17120,14880,16000,16115,0,16145,0,0,0,2017-04-21,75895500,16090,5,0,0,0,0,0,0,0,0,16095,1,0,0,0,0,0,0,0,0
363,2017-04-20,21:04:56,500,pb1705,XSGE,16090,16040,16150,566,45584150,23990,24052,17120,14880,16000,16115,0,16145,0,0,0,2017-04-21,75896500,16090,4,0,0,0,0,0,0,0,0,16100,7,0,0,0,0,0,0,0,0
364,2017-04-20,21:04:57,0,pb1705,XSGE,16090,16040,16150,574,46227750,23990,24052,17120,14880,16000,16115,0,16145,0,0,0,2017-04-21,75897000,16075,8,0,0,0,0,0,0,0,0,16085,1,0,0,0,0,0,0,0,0
365,2017-04-20,21:04:57,500,pb1705,XSGE,16090,16040,16150,574,46227750,23990,24052,17120,14880,16000,16115,0,16145,0,0,0,2017-04-21,75897500,16080,1,0,0,0,0,0,0,0,0,16085,1,0,0,0,0,0,0,0,0
366,2017-04-20,21:04:58,0,pb1705,XSGE,16090,16040,16150,574,46227750,23990,24052,17120,14880,16000,16115,0,16145,0,0,0,2017-04-21,75898000,16080,1,0,0,0,0,0,0,0,0,16085,1,0,0,0,0,0,0,0,0
367,2017-04-20,21:04:58,500,pb1705,XSGE,16090,16040,16150,574,46227750,23990,24052,17120,14880,16000,16115,0,16145,0,0,0,2017-04-21,75898500,16080,1,0,0,0,0,0,0,0,0,16095,2,0,0,0,0,0,0,0,0
368,2017-04-20,21:04:59,0,pb1705,XSGE,16090,16040,16150,574,46227750,23990,24052,17120,14880,16000,16115,0,16145,0,0,0,2017-04-21,75899000,16080,1,0,0,0,0,0,0,0,0,16095,4,0,0,0,0,0,0,0,0
369,2017-04-20,21:05:00,0,pb1705,XSGE,16090,16040,16150,574,46227750,23990,24052,17120,14880,16000,16115,0,16145,0,0,0,2017-04-21,75900000,16080,1,0,0,0,0,0,0,0,0,16090,1,0,0,0,0,0,0,0,0
370,2017-04-20,21:05:01,0,pb1705,XSGE,16090,16040,16150,574,46227750,23990,24052,17120,14880,16000,16115,0,16145,0,0,0,2017-04-21,75901000,16080,1,0,0,0,0,0,0,0,0,16090,1,0,0,0,0,0,0,0,0
371,2017-04-20,21:05:01,500,pb1705,XSGE,16090,16040,16150,574,46227750,23990,24052,17120,14880,16000,16115,0,16145,0,0,0,2017-04-21,75901500,16080,1,0,0,0,0,0,0,0,0,16090,1,0,0,0,0,0,0,0,0
372,2017-04-20,21:05:02,0,pb1705,XSGE,16090,16040,16150,574,46227750,23990,24052,17120,14880,16000,16115,0,16145,0,0,0,2017-04-21,75902000,16085,1,0,0,0,0,0,0,0,0,16090,1,0,0,0,0,0,0,0,0
373,2017-04-20,21:05:02,500,pb1705,XSGE,16090,16040,16150,576,46388650,23992,24052,17120,14880,16000,16115,0,16145,0,0,0,2017-04-21,75902500,16085,1,0,0,0,0,0,0,0,0,16095,1,0,0,0,0,0,0,0,0
374,2017-04-20,21:05:04,500,pb1705,XSGE,16090,16040,16150,576,46388650,23992,24052,17120,14880,16000,16115,0,16145,0,0,0,2017-04-21,75904500,16085,1,0,0,0,0,0,0,0,0,16100,6,0,0,0,0,0,0,0,0
375,2017-04-20,21:05:05,0,pb1705,XSGE,16090,16040,16150,576,46388650,23992,24052,17120,14880,16000,16115,0,16145,0,0,0,2017-04-21,75905000,16085,1,0,0,0,0,0,0,0,0,16100,7,0,0,0,0,0,0,0,0
376,2017-04-20,21:05:09,0,pb1705,XSGE,16090,16040,16150,576,46388650,23992,24052,17120,14880,16000,16115,0,16145,0,0,0,2017-04-21,75909000,16090,2,0,0,0,0,0,0,0,0,16100,7,0,0,0,0,0,0,0,0
377,2017-04-20,21:05:09,500,pb1705,XSGE,16090,16040,16150,576,46388650,23992,24052,17120,14880,16000,16115,0,16145,0,0,0,2017-04-21,75909500,16095,1,0,0,0,0,0,0,0,0,16100,7,0,0,0,0,0,0,0,0
378,2017-04-20,21:05:10,0,pb1705,XSGE,16090,16040,16150,576,46388650,23992,24052,17120,14880,16000,16115,0,16145,0,0,0,2017-04-21,75910000,16095,1,0,0,0,0,0,0,0,0,16100,7,0,0,0,0,0,0,0,0
379,2017-04-20,21:05:10,500,pb1705,XSGE,16090,16040,16150,576,46388650,23992,24052,17120,14880,16000,16115,0,16145,0,0,0,2017-04-21,75910500,16095,1,0,0,0,0,0,0,0,0,16100,4,0,0,0,0,0,0,0,0
380,2017-04-20,21:05:11,0,pb1705,XSGE,16100,16040,16150,584,47032650,23984,24052,17120,14880,16000,16115,0,16145,0,0,0,2017-04-21,75911000,16095,1,0,0,0,0,0,0,0,0,16105,3,0,0,0,0,0,0,0,0
381,2017-04-20,21:05:11,500,pb1705,XSGE,16100,16040,16150,584,47032650,23984,24052,17120,14880,16000,16115,0,16145,0,0,0,2017-04-21,75911500,16095,1,0,0,0,0,0,0,0,0,16105,4,0,0,0,0,0,0,0,0
382,2017-04-20,21:05:12,500,pb1705,XSGE,16100,16040,16150,584,47032650,23984,24052,17120,14880,16000,16115,0,16145,0,0,0,2017-04-21,75912500,16095,1,0,0,0,0,0,0,0,0,16105,4,0,0,0,0,0,0,0,0
383,2017-04-20,21:05:13,0,pb1705,XSGE,16100,16040,16150,584,47032650,23984,24052,17120,14880,16000,16115,0,16145,0,0,0,2017-04-21,75913000,16095,1,0,0,0,0,0,0,0,0,16105,5,0,0,0,0,0,0,0,0
384,2017-04-20,21:05:13,500,pb1705,XSGE,16100,16040,16150,584,47032650,23984,24052,17120,14880,16000,16115,0,16145,0,0,0,2017-04-21,75913500,16095,1,0,0,0,0,0,0,0,0,16105,3,0,0,0,0,0,0,0,0
385,2017-04-20,21:05:14,0,pb1705,XSGE,16100,16040,16150,584,47032650,23984,24052,17120,14880,16000,16115,0,16145,0,0,0,2017-04-21,75914000,16095,1,0,0,0,0,0,0,0,0,16105,4,0,0,0,0,0,0,0,0
386,2017-04-20,21:05:15,500,pb1705,XSGE,16095,16040,16150,586,47193600,23984,24052,17120,14880,16000,16115,0,16145,0,0,0,2017-04-21,75915500,16090,2,0,0,0,0,0,0,0,0,16105,4,0,0,0,0,0,0,0,0
387,2017-04-20,21:05:16,0,pb1705,XSGE,16095,16040,16150,586,47193600,23984,24052,17120,14880,16000,16115,0,16145,0,0,0,2017-04-21,75916000,16095,2,0,0,0,0,0,0,0,0,16105,4,0,0,0,0,0,0,0,0
388,2017-04-20,21:05:17,0,pb1705,XSGE,16095,16040,16150,586,47193600,23984,24052,17120,14880,16000,16115,0,16145,0,0,0,2017-04-21,75917000,16095,2,0,0,0,0,0,0,0,0,16105,4,0,0,0,0,0,0,0,0
389,2017-04-20,21:05:17,500,pb1705,XSGE,16095,16040,16150,586,47193600,23984,24052,17120,14880,16000,16115,0,16145,0,0,0,2017-04-21,75917500,16095,2,0,0,0,0,0,0,0,0,16105,4,0,0,0,0,0,0,0,0
390,2017-04-20,21:05:18,0,pb1705,XSGE,16095,16040,16150,586,47193600,23984,24052,17120,14880,16000,16115,0,16145,0,0,0,2017-04-21,75918000,16095,2,0,0,0,0,0,0,0,0,16105,4,0,0,0,0,0,0,0,0
391,2017-04-20,21:05:18,500,pb1705,XSGE,16095,16040,16150,586,47193600,23984,24052,17120,14880,16000,16115,0,16145,0,0,0,2017-04-21,75918500,16095,2,0,0,0,0,0,0,0,0,16105,5,0,0,0,0,0,0,0,0
392,2017-04-20,21:05:19,0,pb1705,XSGE,16095,16040,16150,586,47193600,23984,24052,17120,14880,16000,16115,0,16145,0,0,0,2017-04-21,75919000,16100,2,0,0,0,0,0,0,0,0,16105,3,0,0,0,0,0,0,0,0
393,2017-04-20,21:05:19,500,pb1705,XSGE,16105,16040,16150,590,47515700,23984,24052,17120,14880,16000,16115,0,16145,0,0,0,2017-04-21,75919500,16105,3,0,0,0,0,0,0,0,0,16110,4,0,0,0,0,0,0,0,0
394,2017-04-20,21:05:20,0,pb1705,XSGE,16110,16040,16150,592,47676800,23982,24052,17120,14880,16000,16115,0,16145,0,0,0,2017-04-21,75920000,16100,2,0,0,0,0,0,0,0,0,16110,1,0,0,0,0,0,0,0,0
395,2017-04-20,21:05:20,500,pb1705,XSGE,16110,16040,16150,592,47676800,23982,24052,17120,14880,16000,16115,0,16145,0,0,0,2017-04-21,75920500,16105,1,0,0,0,0,0,0,0,0,16110,2,0,0,0,0,0,0,0,0
396,2017-04-20,21:05:21,0,pb1705,XSGE,16110,16040,16150,598,48160100,23980,24052,17120,14880,16000,16115,0,16145,0,0,0,2017-04-21,75921000,16105,1,0,0,0,0,0,0,0,0,16115,3,0,0,0,0,0,0,0,0
397,2017-04-20,21:05:21,500,pb1705,XSGE,16110,16040,16150,598,48160100,23980,24052,17120,14880,16000,16115,0,16145,0,0,0,2017-04-21,75921500,16110,1,0,0,0,0,0,0,0,0,16115,3,0,0,0,0,0,0,0,0
398,2017-04-20,21:05:22,0,pb1705,XSGE,16110,16040,16150,598,48160100,23980,24052,17120,14880,16000,16115,0,16145,0,0,0,2017-04-21,75922000,16110,1,0,0,0,0,0,0,0,0,16115,3,0,0,0,0,0,0,0,0
399,2017-04-20,21:05:22,500,pb1705,XSGE,16110,16040,16150,598,48160100,23980,24052,17120,14880,16000,16115,0,16145,0,0,0,2017-04-21,75922500,16110,2,0,0,0,0,0,0,0,0,16115,3,0,0,0,0,0,0,0,0
400,2017-04-20,21:05:23,0,pb1705,XSGE,16115,16040,16150,604,48643550,23986,24052,17120,14880,16000,16115,0,16145,0,0,0,2017-04-21,75923000,16110,2,0,0,0,0,0,0,0,0,16125,2,0,0,0,0,0,0,0,0
401,2017-04-20,21:05:23,500,pb1705,XSGE,16115,16040,16150,604,48643550,23986,24052,17120,14880,16000,16115,0,16145,0,0,0,2017-04-21,75923500,16110,2,0,0,0,0,0,0,0,0,16125,5,0,0,0,0,0,0,0,0
402,2017-04-20,21:05:24,0,pb1705,XSGE,16110,16040,16150,606,48804650,23988,24052,17120,14880,16000,16115,0,16145,0,0,0,2017-04-21,75924000,16110,1,0,0,0,0,0,0,0,0,16125,5,0,0,0,0,0,0,0,0
403,2017-04-20,21:05:24,500,pb1705,XSGE,16110,16040,16150,606,48804650,23988,24052,17120,14880,16000,16115,0,16145,0,0,0,2017-04-21,75924500,16115,1,0,0,0,0,0,0,0,0,16125,2,0,0,0,0,0,0,0,0
404,2017-04-20,21:05:25,0,pb1705,XSGE,16110,16040,16150,606,48804650,23988,24052,17120,14880,16000,16115,0,16145,0,0,0,2017-04-21,75925000,16115,1,0,0,0,0,0,0,0,0,16125,2,0,0,0,0,0,0,0,0
405,2017-04-20,21:05:25,500,pb1705,XSGE,16115,16040,16150,608,48965800,23986,24052,17120,14880,16000,16115,0,16145,0,0,0,2017-04-21,75925500,16110,1,0,0,0,0,0,0,0,0,16115,1,0,0,0,0,0,0,0,0
406,2017-04-20,21:05:26,0,pb1705,XSGE,16115,16040,16150,610,49126950,23984,24052,17120,14880,16000,16115,0,16145,0,0,0,2017-04-21,75926000,16115,6,0,0,0,0,0,0,0,0,16125,2,0,0,0,0,0,0,0,0
407,2017-04-20,21:05:26,500,pb1705,XSGE,16115,16040,16150,610,49126950,23984,24052,17120,14880,16000,16115,0,16145,0,0,0,2017-04-21,75926500,16115,3,0,0,0,0,0,0,0,0,16125,5,0,0,0,0,0,0,0,0
408,2017-04-20,21:05:27,0,pb1705,XSGE,16115,16040,16150,610,49126950,23984,24052,17120,14880,16000,16115,0,16145,0,0,0,2017-04-21,75927000,16115,2,0,0,0,0,0,0,0,0,16125,5,0,0,0,0,0,0,0,0
409,2017-04-20,21:05:27,500,pb1705,XSGE,16115,16040,16150,610,49126950,23984,24052,17120,14880,16000,16115,0,16145,0,0,0,2017-04-21,75927500,16115,2,0,0,0,0,0,0,0,0,16125,5,0,0,0,0,0,0,0,0
410,2017-04-20,21:05:29,0,pb1705,XSGE,16125,16040,16150,614,49449450,23984,24052,17120,14880,16000,16115,0,16145,0,0,0,2017-04-21,75929000,16115,2,0,0,0,0,0,0,0,0,16125,3,0,0,0,0,0,0,0,0
411,2017-04-20,21:05:33,500,pb1705,XSGE,16130,16040,16150,616,49610750,23984,24052,17120,14880,16000,16115,0,16145,0,0,0,2017-04-21,75933500,16120,1,0,0,0,0,0,0,0,0,16130,1,0,0,0,0,0,0,0,0
412,2017-04-20,21:05:34,0,pb1705,XSGE,16130,16040,16150,616,49610750,23984,24052,17120,14880,16000,16115,0,16145,0,0,0,2017-04-21,75934000,16120,1,0,0,0,0,0,0,0,0,16125,1,0,0,0,0,0,0,0,0
413,2017-04-20,21:05:34,500,pb1705,XSGE,16125,16040,16150,618,49772000,23986,24052,17120,14880,16000,16115,0,16145,0,0,0,2017-04-21,75934500,16125,2,0,0,0,0,0,0,0,0,16130,4,0,0,0,0,0,0,0,0
414,2017-04-20,21:05:35,0,pb1705,XSGE,16120,16040,16150,626,50416900,23984,24052,17120,14880,16000,16115,0,16145,0,0,0,2017-04-21,75935000,16115,2,0,0,0,0,0,0,0,0,16125,2,0,0,0,0,0,0,0,0
415,2017-04-20,21:05:35,500,pb1705,XSGE,16120,16040,16150,626,50416900,23984,24052,17120,14880,16000,16115,0,16145,0,0,0,2017-04-21,75935500,16120,3,0,0,0,0,0,0,0,0,16130,4,0,0,0,0,0,0,0,0
416,2017-04-20,21:05:36,0,pb1705,XSGE,16120,16040,16150,626,50416900,23984,24052,17120,14880,16000,16115,0,16145,0,0,0,2017-04-21,75936000,16120,3,0,0,0,0,0,0,0,0,16130,5,0,0,0,0,0,0,0,0
417,2017-04-20,21:05:36,500,pb1705,XSGE,16120,16040,16150,626,50416900,23984,24052,17120,14880,16000,16115,0,16145,0,0,0,2017-04-21,75936500,16120,3,0,0,0,0,0,0,0,0,16130,2,0,0,0,0,0,0,0,0
418,2017-04-20,21:05:37,500,pb1705,XSGE,16120,16040,16150,630,50739300,23982,24052,17120,14880,16000,16115,0,16145,0,0,0,2017-04-21,75937500,16115,3,0,0,0,0,0,0,0,0,16125,2,0,0,0,0,0,0,0,0
419,2017-04-20,21:05:38,0,pb1705,XSGE,16115,16040,16150,634,51061600,23980,24052,17120,14880,16000,16115,0,16145,0,0,0,2017-04-21,75938000,16100,2,0,0,0,0,0,0,0,0,16120,1,0,0,0,0,0,0,0,0
420,2017-04-20,21:05:38,500,pb1705,XSGE,16115,16040,16150,634,51061600,23980,24052,17120,14880,16000,16115,0,16145,0,0,0,2017-04-21,75938500,16105,1,0,0,0,0,0,0,0,0,16120,2,0,0,0,0,0,0,0,0
421,2017-04-20,21:05:39,0,pb1705,XSGE,16115,16040,16150,634,51061600,23980,24052,17120,14880,16000,16115,0,16145,0,0,0,2017-04-21,75939000,16110,2,0,0,0,0,0,0,0,0,16120,2,0,0,0,0,0,0,0,0
422,2017-04-20,21:05:42,0,pb1705,XSGE,16115,16040,16150,634,51061600,23980,24052,17120,14880,16000,16115,0,16145,0,0,0,2017-04-21,75942000,16105,2,0,0,0,0,0,0,0,0,16120,3,0,0,0,0,0,0,0,0
423,2017-04-20,21:05:43,0,pb1705,XSGE,16115,16040,16150,634,51061600,23980,24052,17120,14880,16000,16115,0,16145,0,0,0,2017-04-21,75943000,16105,2,0,0,0,0,0,0,0,0,16120,3,0,0,0,0,0,0,0,0
424,2017-04-20,21:05:45,0,pb1705,XSGE,16115,16040,16150,634,51061600,23980,24052,17120,14880,16000,16115,0,16145,0,0,0,2017-04-21,75945000,16105,1,0,0,0,0,0,0,0,0,16120,3,0,0,0,0,0,0,0,0
425,2017-04-20,21:05:45,500,pb1705,XSGE,16105,16040,16150,636,51222650,23978,24052,17120,14880,16000,16115,0,16145,0,0,0,2017-04-21,75945500,16100,3,0,0,0,0,0,0,0,0,16120,5,0,0,0,0,0,0,0,0
426,2017-04-20,21:05:46,0,pb1705,XSGE,16105,16040,16150,636,51222650,23978,24052,17120,14880,16000,16115,0,16145,0,0,0,2017-04-21,75946000,16100,1,0,0,0,0,0,0,0,0,16115,1,0,0,0,0,0,0,0,0
427,2017-04-20,21:05:46,500,pb1705,XSGE,16105,16040,16150,636,51222650,23978,24052,17120,14880,16000,16115,0,16145,0,0,0,2017-04-21,75946500,16100,1,0,0,0,0,0,0,0,0,16110,3,0,0,0,0,0,0,0,0
428,2017-04-20,21:05:47,0,pb1705,XSGE,16105,16040,16150,636,51222650,23978,24052,17120,14880,16000,16115,0,16145,0,0,0,2017-04-21,75947000,16100,1,0,0,0,0,0,0,0,0,16105,1,0,0,0,0,0,0,0,0
429,2017-04-20,21:05:47,500,pb1705,XSGE,16100,16040,16150,638,51383650,23976,24052,17120,14880,16000,16115,0,16145,0,0,0,2017-04-21,75947500,16095,2,0,0,0,0,0,0,0,0,16100,1,0,0,0,0,0,0,0,0
430,2017-04-20,21:05:48,0,pb1705,XSGE,16100,16040,16150,640,51544650,23976,24052,17120,14880,16000,16115,0,16145,0,0,0,2017-04-21,75948000,16100,6,0,0,0,0,0,0,0,0,16105,4,0,0,0,0,0,0,0,0
431,2017-04-20,21:05:48,500,pb1705,XSGE,16105,16040,16150,648,52188850,23982,24052,17120,14880,16000,16115,0,16145,0,0,0,2017-04-21,75948500,16100,6,0,0,0,0,0,0,0,0,16115,1,0,0,0,0,0,0,0,0
432,2017-04-20,21:05:49,0,pb1705,XSGE,16105,16040,16150,648,52188850,23982,24052,17120,14880,16000,16115,0,16145,0,0,0,2017-04-21,75949000,16110,2,0,0,0,0,0,0,0,0,16115,1,0,0,0,0,0,0,0,0
433,2017-04-20,21:05:49,500,pb1705,XSGE,16105,16040,16150,648,52188850,23982,24052,17120,14880,16000,16115,0,16145,0,0,0,2017-04-21,75949500,16110,2,0,0,0,0,0,0,0,0,16115,4,0,0,0,0,0,0,0,0
434,2017-04-20,21:05:50,0,pb1705,XSGE,16105,16040,16150,648,52188850,23982,24052,17120,14880,16000,16115,0,16145,0,0,0,2017-04-21,75950000,16110,2,0,0,0,0,0,0,0,0,16115,4,0,0,0,0,0,0,0,0
435,2017-04-20,21:05:50,500,pb1705,XSGE,16105,16040,16150,648,52188850,23982,24052,17120,14880,16000,16115,0,16145,0,0,0,2017-04-21,75950500,16110,2,0,0,0,0,0,0,0,0,16115,1,0,0,0,0,0,0,0,0
436,2017-04-20,21:05:51,0,pb1705,XSGE,16105,16040,16150,648,52188850,23982,24052,17120,14880,16000,16115,0,16145,0,0,0,2017-04-21,75951000,16115,5,0,0,0,0,0,0,0,0,16125,1,0,0,0,0,0,0,0,0
437,2017-04-20,21:05:51,500,pb1705,XSGE,16105,16040,16150,648,52188850,23982,24052,17120,14880,16000,16115,0,16145,0,0,0,2017-04-21,75951500,16115,4,0,0,0,0,0,0,0,0,16130,5,0,0,0,0,0,0,0,0
438,2017-04-20,21:05:52,0,pb1705,XSGE,16105,16040,16150,648,52188850,23982,24052,17120,14880,16000,16115,0,16145,0,0,0,2017-04-21,75952000,16115,4,0,0,0,0,0,0,0,0,16130,5,0,0,0,0,0,0,0,0
439,2017-04-20,21:05:52,500,pb1705,XSGE,16105,16040,16150,648,52188850,23982,24052,17120,14880,16000,16115,0,16145,0,0,0,2017-04-21,75952500,16115,6,0,0,0,0,0,0,0,0,16130,5,0,0,0,0,0,0,0,0
440,2017-04-20,21:05:53,0,pb1705,XSGE,16105,16040,16150,648,52188850,23982,24052,17120,14880,16000,16115,0,16145,0,0,0,2017-04-21,75953000,16115,5,0,0,0,0,0,0,0,0,16130,5,0,0,0,0,0,0,0,0
441,2017-04-20,21:05:55,0,pb1705,XSGE,16130,16040,16150,650,52350150,23984,24052,17120,14880,16000,16115,0,16145,0,0,0,2017-04-21,75955000,16115,5,0,0,0,0,0,0,0,0,16130,4,0,0,0,0,0,0,0,0
442,2017-04-20,21:05:55,500,pb1705,XSGE,16130,16040,16150,650,52350150,23984,24052,17120,14880,16000,16115,0,16145,0,0,0,2017-04-21,75955500,16120,1,0,0,0,0,0,0,0,0,16130,4,0,0,0,0,0,0,0,0
443,2017-04-20,21:05:56,0,pb1705,XSGE,16130,16040,16150,650,52350150,23984,24052,17120,14880,16000,16115,0,16145,0,0,0,2017-04-21,75956000,16120,1,0,0,0,0,0,0,0,0,16130,4,0,0,0,0,0,0,0,0
444,2017-04-20,21:05:59,500,pb1705,XSGE,16130,16040,16150,650,52350150,23984,24052,17120,14880,16000,16115,0,16145,0,0,0,2017-04-21,75959500,16120,1,0,0,0,0,0,0,0,0,16130,7,0,0,0,0,0,0,0,0
445,2017-04-20,21:06:00,500,pb1705,XSGE,16130,16040,16150,650,52350150,23984,24052,17120,14880,16000,16115,0,16145,0,0,0,2017-04-21,75960500,16125,3,0,0,0,0,0,0,0,0,16130,7,0,0,0,0,0,0,0,0
446,2017-04-20,21:06:01,0,pb1705,XSGE,16130,16040,16150,650,52350150,23984,24052,17120,14880,16000,16115,0,16145,0,0,0,2017-04-21,75961000,16125,3,0,0,0,0,0,0,0,0,16130,7,0,0,0,0,0,0,0,0
447,2017-04-20,21:06:01,500,pb1705,XSGE,16125,16040,16150,652,52511400,23984,24052,17120,14880,16000,16115,0,16145,0,0,0,2017-04-21,75961500,16125,2,0,0,0,0,0,0,0,0,16130,7,0,0,0,0,0,0,0,0
448,2017-04-20,21:06:02,0,pb1705,XSGE,16125,16040,16150,652,52511400,23984,24052,17120,14880,16000,16115,0,16145,0,0,0,2017-04-21,75962000,16125,2,0,0,0,0,0,0,0,0,16130,7,0,0,0,0,0,0,0,0
449,2017-04-20,21:06:02,500,pb1705,XSGE,16130,16040,16150,662,53317900,23992,24052,17120,14880,16000,16115,0,16145,0,0,0,2017-04-21,75962500,16125,2,0,0,0,0,0,0,0,0,16130,2,0,0,0,0,0,0,0,0
450,2017-04-20,21:06:03,0,pb1705,XSGE,16130,16040,16150,666,53640500,23992,24052,17120,14880,16000,16115,0,16145,0,0,0,2017-04-21,75963000,16130,8,0,0,0,0,0,0,0,0,16135,3,0,0,0,0,0,0,0,0
451,2017-04-20,21:06:03,500,pb1705,XSGE,16135,16040,16150,668,53801850,23992,24052,17120,14880,16000,16115,0,16145,0,0,0,2017-04-21,75963500,16135,5,0,0,0,0,0,0,0,0,16140,2,0,0,0,0,0,0,0,0
452,2017-04-20,21:06:04,0,pb1705,XSGE,16140,16040,16150,672,54124650,23996,24052,17120,14880,16000,16115,0,16145,0,0,0,2017-04-21,75964000,16135,5,0,0,0,0,0,0,0,0,16140,3,0,0,0,0,0,0,0,0
453,2017-04-20,21:06:04,500,pb1705,XSGE,16140,16040,16150,678,54608850,23992,24052,17120,14880,16000,16115,0,16145,0,0,0,2017-04-21,75964500,16135,5,0,0,0,0,0,0,0,0,16145,2,0,0,0,0,0,0,0,0
454,2017-04-20,21:06:05,0,pb1705,XSGE,16140,16040,16150,678,54608850,23992,24052,17120,14880,16000,16115,0,16145,0,0,0,2017-04-21,75965000,16135,5,0,0,0,0,0,0,0,0,16150,21,0,0,0,0,0,0,0,0
455,2017-04-20,21:06:05,500,pb1705,XSGE,16140,16040,16150,678,54608850,23992,24052,17120,14880,16000,16115,0,16145,0,0,0,2017-04-21,75965500,16135,5,0,0,0,0,0,0,0,0,16150,21,0,0,0,0,0,0,0,0
456,2017-04-20,21:06:06,0,pb1705,XSGE,16140,16040,16150,678,54608850,23992,24052,17120,14880,16000,16115,0,16145,0,0,0,2017-04-21,75966000,16135,5,0,0,0,0,0,0,0,0,16150,21,0,0,0,0,0,0,0,0
457,2017-04-20,21:06:06,500,pb1705,XSGE,16140,16040,16150,678,54608850,23992,24052,17120,14880,16000,16115,0,16145,0,0,0,2017-04-21,75966500,16135,5,0,0,0,0,0,0,0,0,16145,3,0,0,0,0,0,0,0,0
458,2017-04-20,21:06:07,0,pb1705,XSGE,16140,16040,16150,678,54608850,23992,24052,17120,14880,16000,16115,0,16145,0,0,0,2017-04-21,75967000,16135,5,0,0,0,0,0,0,0,0,16150,24,0,0,0,0,0,0,0,0
459,2017-04-20,21:06:07,500,pb1705,XSGE,16140,16040,16150,678,54608850,23992,24052,17120,14880,16000,16115,0,16145,0,0,0,2017-04-21,75967500,16135,5,0,0,0,0,0,0,0,0,16150,21,0,0,0,0,0,0,0,0
460,2017-04-20,21:06:08,0,pb1705,XSGE,16140,16040,16150,678,54608850,23992,24052,17120,14880,16000,16115,0,16145,0,0,0,2017-04-21,75968000,16135,5,0,0,0,0,0,0,0,0,16140,4,0,0,0,0,0,0,0,0
461,2017-04-20,21:06:08,500,pb1705,XSGE,16140,16040,16150,688,55415850,24002,24052,17120,14880,16000,16115,0,16145,0,0,0,2017-04-21,75968500,16140,1,0,0,0,0,0,0,0,0,16150,21,0,0,0,0,0,0,0,0
462,2017-04-20,21:06:09,0,pb1705,XSGE,16150,16040,16150,690,55577350,24000,24052,17120,14880,16000,16115,0,16145,0,0,0,2017-04-21,75969000,16145,1,0,0,0,0,0,0,0,0,16150,20,0,0,0,0,0,0,0,0
463,2017-04-20,21:06:09,500,pb1705,XSGE,16150,16040,16150,690,55577350,24000,24052,17120,14880,16000,16115,0,16145,0,0,0,2017-04-21,75969500,16145,1,0,0,0,0,0,0,0,0,16150,20,0,0,0,0,0,0,0,0
464,2017-04-20,21:06:10,0,pb1705,XSGE,16150,16040,16150,694,55900350,23998,24052,17120,14880,16000,16115,0,16145,0,0,0,2017-04-21,75970000,16145,5,0,0,0,0,0,0,0,0,16150,18,0,0,0,0,0,0,0,0
465,2017-04-20,21:06:10,500,pb1705,XSGE,16150,16040,16150,708,57030850,23988,24052,17120,14880,16000,16115,0,16145,0,0,0,2017-04-21,75970500,16145,6,0,0,0,0,0,0,0,0,16150,11,0,0,0,0,0,0,0,0
466,2017-04-20,21:06:11,0,pb1705,XSGE,16150,16040,16150,720,57999850,23988,24052,17120,14880,16000,16115,0,16145,0,0,0,2017-04-21,75971000,16145,7,0,0,0,0,0,0,0,0,16150,5,0,0,0,0,0,0,0,0
467,2017-04-20,21:06:11,500,pb1705,XSGE,16150,16040,16150,720,57999850,23988,24052,17120,14880,16000,16115,0,16145,0,0,0,2017-04-21,75971500,16145,7,0,0,0,0,0,0,0,0,16150,5,0,0,0,0,0,0,0,0
468,2017-04-20,21:06:12,0,pb1705,XSGE,16150,16040,16150,732,58968800,23984,24052,17120,14880,16000,16115,0,16145,0,0,0,2017-04-21,75972000,16145,7,0,0,0,0,0,0,0,0,16185,8,0,0,0,0,0,0,0,0
469,2017-04-20,21:06:12,500,pb1705,XSGE,16150,16040,16150,732,58968800,23984,24052,17120,14880,16000,16115,0,16145,0,0,0,2017-04-21,75972500,16155,1,0,0,0,0,0,0,0,0,16165,1,0,0,0,0,0,0,0,0
470,2017-04-20,21:06:13,0,pb1705,XSGE,16160,16040,16160,734,59130400,23984,24052,17120,14880,16000,16115,0,16145,0,0,0,2017-04-21,75973000,16160,1,0,0,0,0,0,0,0,0,16165,1,0,0,0,0,0,0,0,0
471,2017-04-20,21:06:13,500,pb1705,XSGE,16155,16040,16160,746,60099850,23976,24052,17120,14880,16000,16115,0,16145,0,0,0,2017-04-21,75973500,16150,1,0,0,0,0,0,0,0,0,16160,1,0,0,0,0,0,0,0,0
472,2017-04-20,21:06:14,0,pb1705,XSGE,16145,16040,16160,750,60422800,23976,24052,17120,14880,16000,16115,0,16145,0,0,0,2017-04-21,75974000,16155,1,0,0,0,0,0,0,0,0,16160,2,0,0,0,0,0,0,0,0
473,2017-04-20,21:06:14,500,pb1705,XSGE,16155,16040,16160,752,60584350,23974,24052,17120,14880,16000,16115,0,16145,0,0,0,2017-04-21,75974500,16145,1,0,0,0,0,0,0,0,0,16155,5,0,0,0,0,0,0,0,0
474,2017-04-20,21:06:15,0,pb1705,XSGE,16155,16040,16160,752,60584350,23974,24052,17120,14880,16000,16115,0,16145,0,0,0,2017-04-21,75975000,16145,1,0,0,0,0,0,0,0,0,16155,1,0,0,0,0,0,0,0,0
475,2017-04-20,21:06:15,500,pb1705,XSGE,16155,16040,16160,752,60584350,23974,24052,17120,14880,16000,16115,0,16145,0,0,0,2017-04-21,75975500,16150,3,0,0,0,0,0,0,0,0,16155,1,0,0,0,0,0,0,0,0
476,2017-04-20,21:06:16,0,pb1705,XSGE,16155,16040,16160,752,60584350,23974,24052,17120,14880,16000,16115,0,16145,0,0,0,2017-04-21,75976000,16155,1,0,0,0,0,0,0,0,0,16165,1,0,0,0,0,0,0,0,0
477,2017-04-20,21:06:16,500,pb1705,XSGE,16155,16040,16160,752,60584350,23974,24052,17120,14880,16000,16115,0,16145,0,0,0,2017-04-21,75976500,16150,4,0,0,0,0,0,0,0,0,16165,5,0,0,0,0,0,0,0,0
478,2017-04-20,21:06:17,0,pb1705,XSGE,16155,16040,16160,752,60584350,23974,24052,17120,14880,16000,16115,0,16145,0,0,0,2017-04-21,75977000,16150,4,0,0,0,0,0,0,0,0,16160,4,0,0,0,0,0,0,0,0
479,2017-04-20,21:06:17,500,pb1705,XSGE,16155,16040,16160,752,60584350,23974,24052,17120,14880,16000,16115,0,16145,0,0,0,2017-04-21,75977500,16150,3,0,0,0,0,0,0,0,0,16160,4,0,0,0,0,0,0,0,0
480,2017-04-20,21:06:18,0,pb1705,XSGE,16150,16040,16160,756,60907350,23974,24052,17120,14880,16000,16115,0,16145,0,0,0,2017-04-21,75978000,16150,2,0,0,0,0,0,0,0,0,16160,3,0,0,0,0,0,0,0,0
481,2017-04-20,21:06:18,500,pb1705,XSGE,16150,16040,16160,756,60907350,23974,24052,17120,14880,16000,16115,0,16145,0,0,0,2017-04-21,75978500,16150,1,0,0,0,0,0,0,0,0,16160,1,0,0,0,0,0,0,0,0
482,2017-04-20,21:06:19,0,pb1705,XSGE,16150,16040,16160,758,61068850,23974,24052,17120,14880,16000,16115,0,16145,0,0,0,2017-04-21,75979000,16145,1,0,0,0,0,0,0,0,0,16150,3,0,0,0,0,0,0,0,0
483,2017-04-20,21:06:19,500,pb1705,XSGE,16150,16040,16160,764,61553350,23980,24052,17120,14880,16000,16115,0,16145,0,0,0,2017-04-21,75979500,16150,1,0,0,0,0,0,0,0,0,16155,2,0,0,0,0,0,0,0,0
484,2017-04-20,21:06:22,500,pb1705,XSGE,16150,16040,16160,764,61553350,23980,24052,17120,14880,16000,16115,0,16145,0,0,0,2017-04-21,75982500,16150,1,0,0,0,0,0,0,0,0,16155,2,0,0,0,0,0,0,0,0
485,2017-04-20,21:06:25,0,pb1705,XSGE,16150,16040,16160,764,61553350,23980,24052,17120,14880,16000,16115,0,16145,0,0,0,2017-04-21,75985000,16150,1,0,0,0,0,0,0,0,0,16155,3,0,0,0,0,0,0,0,0
486,2017-04-20,21:06:25,500,pb1705,XSGE,16150,16040,16160,766,61714850,23982,24052,17120,14880,16000,16115,0,16145,0,0,0,2017-04-21,75985500,16145,2,0,0,0,0,0,0,0,0,16150,9,0,0,0,0,0,0,0,0
487,2017-04-20,21:06:26,0,pb1705,XSGE,16150,16040,16160,766,61714850,23982,24052,17120,14880,16000,16115,0,16145,0,0,0,2017-04-21,75986000,16145,1,0,0,0,0,0,0,0,0,16150,9,0,0,0,0,0,0,0,0
488,2017-04-20,21:06:29,0,pb1705,XSGE,16145,16040,16160,768,61876300,23980,24052,17120,14880,16000,16115,0,16145,0,0,0,2017-04-21,75989000,16140,2,0,0,0,0,0,0,0,0,16150,9,0,0,0,0,0,0,0,0
489,2017-04-20,21:06:29,500,pb1705,XSGE,16140,16040,16160,772,62199100,23978,24052,17120,14880,16000,16115,0,16145,0,0,0,2017-04-21,75989500,16135,4,0,0,0,0,0,0,0,0,16145,1,0,0,0,0,0,0,0,0
490,2017-04-20,21:06:30,0,pb1705,XSGE,16135,16040,16160,780,62844500,23984,24052,17120,14880,16000,16115,0,16145,0,0,0,2017-04-21,75990000,16130,7,0,0,0,0,0,0,0,0,16145,8,0,0,0,0,0,0,0,0
491,2017-04-20,21:06:30,500,pb1705,XSGE,16135,16040,16160,780,62844500,23984,24052,17120,14880,16000,16115,0,16145,0,0,0,2017-04-21,75990500,16130,7,0,0,0,0,0,0,0,0,16140,3,0,0,0,0,0,0,0,0
492,2017-04-20,21:06:31,0,pb1705,XSGE,16130,16040,16160,782,63005800,23986,24052,17120,14880,16000,16115,0,16145,0,0,0,2017-04-21,75991000,16130,6,0,0,0,0,0,0,0,0,16140,5,0,0,0,0,0,0,0,0
493,2017-04-20,21:06:31,500,pb1705,XSGE,16130,16040,16160,786,63328400,23986,24052,17120,14880,16000,16115,0,16145,0,0,0,2017-04-21,75991500,16125,3,0,0,0,0,0,0,0,0,16135,1,0,0,0,0,0,0,0,0
494,2017-04-20,21:06:32,0,pb1705,XSGE,16130,16040,16160,786,63328400,23986,24052,17120,14880,16000,16115,0,16145,0,0,0,2017-04-21,75992000,16125,2,0,0,0,0,0,0,0,0,16135,3,0,0,0,0,0,0,0,0
495,2017-04-20,21:06:32,500,pb1705,XSGE,16130,16040,16160,786,63328400,23986,24052,17120,14880,16000,16115,0,16145,0,0,0,2017-04-21,75992500,16125,1,0,0,0,0,0,0,0,0,16130,3,0,0,0,0,0,0,0,0
496,2017-04-20,21:06:33,0,pb1705,XSGE,16125,16040,16160,788,63489650,23984,24052,17120,14880,16000,16115,0,16145,0,0,0,2017-04-21,75993000,16115,2,0,0,0,0,0,0,0,0,16125,3,0,0,0,0,0,0,0,0
497,2017-04-20,21:06:33,500,pb1705,XSGE,16125,16040,16160,788,63489650,23984,24052,17120,14880,16000,16115,0,16145,0,0,0,2017-04-21,75993500,16115,2,0,0,0,0,0,0,0,0,16125,2,0,0,0,0,0,0,0,0
498,2017-04-20,21:06:34,0,pb1705,XSGE,16125,16040,16160,790,63650900,23982,24052,17120,14880,16000,16115,0,16145,0,0,0,2017-04-21,75994000,16125,3,0,0,0,0,0,0,0,0,16130,3,0,0,0,0,0,0,0,0
499,2017-04-20,21:06:34,500,pb1705,XSGE,16125,16040,16160,796,64134650,23980,24052,17120,14880,16000,16115,0,16145,0,0,0,2017-04-21,75994500,16115,2,0,0,0,0,0,0,0,0,16125,10,0,0,0,0,0,0,0,0
500,2017-04-20,21:06:35,0,pb1705,XSGE,16125,16040,16160,796,64134650,23980,24052,17120,14880,16000,16115,0,16145,0,0,0,2017-04-21,75995000,16115,2,0,0,0,0,0,0,0,0,16125,6,0,0,0,0,0,0,0,0
501,2017-04-20,21:06:35,500,pb1705,XSGE,16125,16040,16160,804,64779650,23972,24052,17120,14880,16000,16115,0,16145,0,0,0,2017-04-21,75995500,16115,2,0,0,0,0,0,0,0,0,16125,2,0,0,0,0,0,0,0,0
502,2017-04-20,21:06:36,0,pb1705,XSGE,16125,16040,16160,804,64779650,23972,24052,17120,14880,16000,16115,0,16145,0,0,0,2017-04-21,75996000,16115,2,0,0,0,0,0,0,0,0,16125,2,0,0,0,0,0,0,0,0
503,2017-04-20,21:06:36,500,pb1705,XSGE,16125,16040,16160,804,64779650,23972,24052,17120,14880,16000,16115,0,16145,0,0,0,2017-04-21,75996500,16115,2,0,0,0,0,0,0,0,0,16130,5,0,0,0,0,0,0,0,0
504,2017-04-20,21:06:39,500,pb1705,XSGE,16130,16040,16160,806,64940950,23970,24052,17120,14880,16000,16115,0,16145,0,0,0,2017-04-21,75999500,16115,2,0,0,0,0,0,0,0,0,16130,1,0,0,0,0,0,0,0,0
505,2017-04-20,21:06:40,0,pb1705,XSGE,16130,16040,16160,806,64940950,23970,24052,17120,14880,16000,16115,0,16145,0,0,0,2017-04-21,76000000,16120,1,0,0,0,0,0,0,0,0,16130,1,0,0,0,0,0,0,0,0
506,2017-04-20,21:06:40,500,pb1705,XSGE,16130,16040,16160,806,64940950,23970,24052,17120,14880,16000,16115,0,16145,0,0,0,2017-04-21,76000500,16120,1,0,0,0,0,0,0,0,0,16130,6,0,0,0,0,0,0,0,0
507,2017-04-20,21:06:41,0,pb1705,XSGE,16130,16040,16160,810,65263550,23970,24052,17120,14880,16000,16115,0,16145,0,0,0,2017-04-21,76001000,16120,1,0,0,0,0,0,0,0,0,16130,4,0,0,0,0,0,0,0,0
508,2017-04-20,21:06:41,500,pb1705,XSGE,16130,16040,16160,814,65586150,23974,24052,17120,14880,16000,16115,0,16145,0,0,0,2017-04-21,76001500,16120,1,0,0,0,0,0,0,0,0,16130,2,0,0,0,0,0,0,0,0
509,2017-04-20,21:06:42,0,pb1705,XSGE,16130,16040,16160,814,65586150,23974,24052,17120,14880,16000,16115,0,16145,0,0,0,2017-04-21,76002000,16120,1,0,0,0,0,0,0,0,0,16130,2,0,0,0,0,0,0,0,0
510,2017-04-20,21:06:42,500,pb1705,XSGE,16130,16040,16160,814,65586150,23974,24052,17120,14880,16000,16115,0,16145,0,0,0,2017-04-21,76002500,16120,1,0,0,0,0,0,0,0,0,16130,2,0,0,0,0,0,0,0,0
511,2017-04-20,21:06:43,0,pb1705,XSGE,16130,16040,16160,814,65586150,23974,24052,17120,14880,16000,16115,0,16145,0,0,0,2017-04-21,76003000,16120,4,0,0,0,0,0,0,0,0,16130,2,0,0,0,0,0,0,0,0
512,2017-04-20,21:06:43,500,pb1705,XSGE,16130,16040,16160,818,65908750,23978,24052,17120,14880,16000,16115,0,16145,0,0,0,2017-04-21,76003500,16130,1,0,0,0,0,0,0,0,0,16135,7,0,0,0,0,0,0,0,0
513,2017-04-20,21:06:44,0,pb1705,XSGE,16130,16040,16160,818,65908750,23978,24052,17120,14880,16000,16115,0,16145,0,0,0,2017-04-21,76004000,16120,7,0,0,0,0,0,0,0,0,16135,6,0,0,0,0,0,0,0,0
514,2017-04-20,21:06:44,500,pb1705,XSGE,16130,16040,16160,818,65908750,23978,24052,17120,14880,16000,16115,0,16145,0,0,0,2017-04-21,76004500,16130,3,0,0,0,0,0,0,0,0,16135,5,0,0,0,0,0,0,0,0
515,2017-04-20,21:06:45,0,pb1705,XSGE,16130,16040,16160,818,65908750,23978,24052,17120,14880,16000,16115,0,16145,0,0,0,2017-04-21,76005000,16130,3,0,0,0,0,0,0,0,0,16135,5,0,0,0,0,0,0,0,0
516,2017-04-20,21:06:45,500,pb1705,XSGE,16135,16040,16160,828,66715500,23980,24052,17120,14880,16000,16115,0,16145,0,0,0,2017-04-21,76005500,16130,3,0,0,0,0,0,0,0,0,16140,14,0,0,0,0,0,0,0,0
517,2017-04-20,21:06:46,0,pb1705,XSGE,16135,16040,16160,828,66715500,23980,24052,17120,14880,16000,16115,0,16145,0,0,0,2017-04-21,76006000,16135,1,0,0,0,0,0,0,0,0,16140,12,0,0,0,0,0,0,0,0
518,2017-04-20,21:06:46,500,pb1705,XSGE,16135,16040,16160,828,66715500,23980,24052,17120,14880,16000,16115,0,16145,0,0,0,2017-04-21,76006500,16135,1,0,0,0,0,0,0,0,0,16140,12,0,0,0,0,0,0,0,0
519,2017-04-20,21:06:48,500,pb1705,XSGE,16140,16040,16160,832,67038300,23982,24052,17120,14880,16000,16115,0,16145,0,0,0,2017-04-21,76008500,16135,1,0,0,0,0,0,0,0,0,16140,9,0,0,0,0,0,0,0,0
520,2017-04-20,21:06:49,0,pb1705,XSGE,16140,16040,16160,832,67038300,23982,24052,17120,14880,16000,16115,0,16145,0,0,0,2017-04-21,76009000,16135,2,0,0,0,0,0,0,0,0,16140,9,0,0,0,0,0,0,0,0
521,2017-04-20,21:06:51,0,pb1705,XSGE,16140,16040,16160,840,67683900,23982,24052,17120,14880,16000,16115,0,16145,0,0,0,2017-04-21,76011000,16135,2,0,0,0,0,0,0,0,0,16140,5,0,0,0,0,0,0,0,0
522,2017-04-20,21:06:51,500,pb1705,XSGE,16140,16040,16160,840,67683900,23982,24052,17120,14880,16000,16115,0,16145,0,0,0,2017-04-21,76011500,16135,3,0,0,0,0,0,0,0,0,16140,5,0,0,0,0,0,0,0,0
523,2017-04-20,21:06:52,500,pb1705,XSGE,16140,16040,16160,840,67683900,23982,24052,17120,14880,16000,16115,0,16145,0,0,0,2017-04-21,76012500,16135,3,0,0,0,0,0,0,0,0,16140,5,0,0,0,0,0,0,0,0
524,2017-04-20,21:06:53,0,pb1705,XSGE,16140,16040,16160,840,67683900,23982,24052,17120,14880,16000,16115,0,16145,0,0,0,2017-04-21,76013000,16135,3,0,0,0,0,0,0,0,0,16140,5,0,0,0,0,0,0,0,0
525,2017-04-20,21:06:53,500,pb1705,XSGE,16140,16040,16160,840,67683900,23982,24052,17120,14880,16000,16115,0,16145,0,0,0,2017-04-21,76013500,16135,2,0,0,0,0,0,0,0,0,16140,5,0,0,0,0,0,0,0,0
526,2017-04-20,21:06:54,0,pb1705,XSGE,16140,16040,16160,846,68168100,23976,24052,17120,14880,16000,16115,0,16145,0,0,0,2017-04-21,76014000,16135,2,0,0,0,0,0,0,0,0,16140,2,0,0,0,0,0,0,0,0
527,2017-04-20,21:06:54,500,pb1705,XSGE,16140,16040,16160,850,68490900,23976,24052,17120,14880,16000,16115,0,16145,0,0,0,2017-04-21,76014500,16140,1,0,0,0,0,0,0,0,0,16150,9,0,0,0,0,0,0,0,0
528,2017-04-20,21:06:55,0,pb1705,XSGE,16140,16040,16160,850,68490900,23976,24052,17120,14880,16000,16115,0,16145,0,0,0,2017-04-21,76015000,16140,1,0,0,0,0,0,0,0,0,16150,10,0,0,0,0,0,0,0,0
529,2017-04-20,21:06:57,0,pb1705,XSGE,16150,16040,16160,854,68813900,23978,24052,17120,14880,16000,16115,0,16145,0,0,0,2017-04-21,76017000,16140,1,0,0,0,0,0,0,0,0,16150,7,0,0,0,0,0,0,0,0
