,dataDate,dataTime,dataMillisec,instrumentID,exchangeCD,lastPrice,lowPrice,highPrice,volume,value,openInterest,preOpenInterest,upperLimitPrice,lowerLimitPrice,preSettlementPrice,prevClosePrice,settlementPrice,openPrice,closePrice,preDelta,currDelta,clearingDay,milliSecOffset,bidPrice1,bidVolume1,bidPrice2,bidVolume2,bidPrice3,bidVolume3,bidPrice4,bidVolume4,bidPrice5,bidVolume5,askPrice1,askVolume1,askPrice2,askVolume2,askPrice3,askVolume3,askPrice4,askVolume4,askPrice5,askVolume5
0,2017-04-21,08:59:00,96,pp1709,XDCE,7747,7747,7747,802,31065470,553216,553608,7997,7237,7617,7729,0,7747,0,0,0,2017-04-21,32340096,7745,4,0,0,0,0,0,0,0,0,7747,20,0,0,0,0,0,0,0,0
1,2017-04-21,09:00:00,583,pp1709,XDCE,7747,7744,7749,962,37263290,553224,553608,7997,7237,7617,7729,0,7747,0,0,0,2017-04-21,32400583,7747,16,0,0,0,0,0,0,0,0,7749,15,0,0,0,0,0,0,0,0
2,2017-04-21,09:00:01,82,pp1709,XDCE,7746,7731,7749,1408,54529400,553140,553608,7997,7237,7617,7729,0,7747,0,0,0,2017-04-21,32401082,7741,15,0,0,0,0,0,0,0,0,7746,3,0,0,0,0,0,0,0,0
3,2017-04-21,09:00:01,572,pp1709,XDCE,7746,7731,7749,1748,67698360,553078,553608,7997,7237,7617,7729,0,7747,0,0,0,2017-04-21,32401572,7743,20,0,0,0,0,0,0,0,0,7745,1,0,0,0,0,0,0,0,0
4,2017-04-21,09:00:02,84,pp1709,XDCE,7745,7731,7760,2098,81261970,552874,553608,7997,7237,7617,7729,0,7747,0,0,0,2017-04-21,32402084,7746,4,0,0,0,0,0,0,0,0,7759,14,0,0,0,0,0,0,0,0
5,2017-04-21,09:00:02,581,pp1709,XDCE,7756,7731,7760,2314,89632490,552778,553608,7997,7237,7617,7729,0,7747,0,0,0,2017-04-21,32402581,7749,3,0,0,0,0,0,0,0,0,7756,1,0,0,0,0,0,0,0,0
6,2017-04-21,09:00:03,79,pp1709,XDCE,7753,7731,7760,2696,104439750,552684,553608,7997,7237,7617,7729,0,7747,0,0,0,2017-04-21,32403079,7751,6,0,0,0,0,0,0,0,0,7757,21,0,0,0,0,0,0,0,0
7,2017-04-21,09:00:03,578,pp1709,XDCE,7752,7731,7760,2852,110487050,552618,553608,7997,7237,7617,7729,0,7747,0,0,0,2017-04-21,32403578,7752,3,0,0,0,0,0,0,0,0,7756,3,0,0,0,0,0,0,0,0
8,2017-04-21,09:00:04,63,pp1709,XDCE,7749,7731,7760,2888,111882440,552604,553608,7997,7237,7617,7729,0,7747,0,0,0,2017-04-21,32404063,7749,4,0,0,0,0,0,0,0,0,7755,4,0,0,0,0,0,0,0,0
9,2017-04-21,09:00:04,557,pp1709,XDCE,7747,7731,7760,3008,116532190,552534,553608,7997,7237,7617,7729,0,7747,0,0,0,2017-04-21,32404557,7748,6,0,0,0,0,0,0,0,0,7751,8,0,0,0,0,0,0,0,0
10,2017-04-21,09:00:05,83,pp1709,XDCE,7751,7731,7760,3066,118779840,552498,553608,7997,7237,7617,7729,0,7747,0,0,0,2017-04-21,32405083,7747,6,0,0,0,0,0,0,0,0,7751,2,0,0,0,0,0,0,0,0
11,2017-04-21,09:00:05,582,pp1709,XDCE,7753,7731,7760,3296,127691540,552336,553608,7997,7237,7617,7729,0,7747,0,0,0,2017-04-21,32405582,7749,1,0,0,0,0,0,0,0,0,7751,1,0,0,0,0,0,0,0,0
12,2017-04-21,09:00:06,83,pp1709,XDCE,7753,7731,7760,3366,130405020,552306,553608,7997,7237,7617,7729,0,7747,0,0,0,2017-04-21,32406083,7753,12,0,0,0,0,0,0,0,0,7754,3,0,0,0,0,0,0,0,0
13,2017-04-21,09:00:06,583,pp1709,XDCE,7752,7731,7760,3630,140639880,552244,553608,7997,7237,7617,7729,0,7747,0,0,0,2017-04-21,32406583,7752,13,0,0,0,0,0,0,0,0,7755,11,0,0,0,0,0,0,0,0
14,2017-04-21,09:00:07,65,pp1709,XDCE,7747,7731,7760,3752,145368450,552212,553608,7997,7237,7617,7729,0,7747,0,0,0,2017-04-21,32407065,7748,1,0,0,0,0,0,0,0,0,7752,3,0,0,0,0,0,0,0,0
15,2017-04-21,09:00:07,559,pp1709,XDCE,7747,7731,7760,3826,148236260,552174,553608,7997,7237,7617,7729,0,7747,0,0,0,2017-04-21,32407559,7747,14,0,0,0,0,0,0,0,0,7748,2,0,0,0,0,0,0,0,0
16,2017-04-21,09:00:08,52,pp1709,XDCE,7748,7731,7760,3974,153970880,552082,553608,7997,7237,7617,7729,0,7747,0,0,0,2017-04-21,32408052,7748,9,0,0,0,0,0,0,0,0,7749,1,0,0,0,0,0,0,0,0
17,2017-04-21,09:00:08,572,pp1709,XDCE,7751,7731,7760,4094,158621180,552026,553608,7997,7237,7617,7729,0,7747,0,0,0,2017-04-21,32408572,7751,1,0,0,0,0,0,0,0,0,7753,7,0,0,0,0,0,0,0,0
18,2017-04-21,09:00:09,79,pp1709,XDCE,7749,7731,7760,4160,161178850,552012,553608,7997,7237,7617,7729,0,7747,0,0,0,2017-04-21,32409079,7749,4,0,0,0,0,0,0,0,0,7751,6,0,0,0,0,0,0,0,0
19,2017-04-21,09:00:09,560,pp1709,XDCE,7749,7731,7760,4242,164356660,551988,553608,7997,7237,7617,7729,0,7747,0,0,0,2017-04-21,32409560,7752,14,0,0,0,0,0,0,0,0,7753,7,0,0,0,0,0,0,0,0
20,2017-04-21,09:00:10,66,pp1709,XDCE,7750,7731,7760,4300,166604460,551950,553608,7997,7237,7617,7729,0,7747,0,0,0,2017-04-21,32410066,7748,20,0,0,0,0,0,0,0,0,7750,7,0,0,0,0,0,0,0,0
21,2017-04-21,09:00:10,572,pp1709,XDCE,7749,7731,7760,4458,172725600,551906,553608,7997,7237,7617,7729,0,7747,0,0,0,2017-04-21,32410572,7747,12,0,0,0,0,0,0,0,0,7749,1,0,0,0,0,0,0,0,0
22,2017-04-21,09:00:11,80,pp1709,XDCE,7745,7731,7760,4526,175359570,551866,553608,7997,7237,7617,7729,0,7747,0,0,0,2017-04-21,32411080,7745,15,0,0,0,0,0,0,0,0,7747,1,0,0,0,0,0,0,0,0
23,2017-04-21,09:00:11,560,pp1709,XDCE,7746,7731,7760,4634,179541810,551796,553608,7997,7237,7617,7729,0,7747,0,0,0,2017-04-21,32411560,7742,2,0,0,0,0,0,0,0,0,7744,7,0,0,0,0,0,0,0,0
24,2017-04-21,09:00:12,83,pp1709,XDCE,7743,7731,7760,4692,181787360,551776,553608,7997,7237,7617,7729,0,7747,0,0,0,2017-04-21,32412083,7743,1,0,0,0,0,0,0,0,0,7744,19,0,0,0,0,0,0,0,0
25,2017-04-21,09:00:12,573,pp1709,XDCE,7744,7731,7760,4788,185504800,551768,553608,7997,7237,7617,7729,0,7747,0,0,0,2017-04-21,32412573,7744,29,0,0,0,0,0,0,0,0,7747,1,0,0,0,0,0,0,0,0
26,2017-04-21,09:00:13,82,pp1709,XDCE,7744,7731,7760,4934,191158430,551676,553608,7997,7237,7617,7729,0,7747,0,0,0,2017-04-21,32413082,7741,5,0,0,0,0,0,0,0,0,7747,1,0,0,0,0,0,0,0,0
27,2017-04-21,09:00:13,583,pp1709,XDCE,7744,7731,7760,5016,194332990,551638,553608,7997,7237,7617,7729,0,7747,0,0,0,2017-04-21,32413583,7744,20,0,0,0,0,0,0,0,0,7746,16,0,0,0,0,0,0,0,0
28,2017-04-21,09:00:14,40,pp1709,XDCE,7744,7731,7760,5112,198050060,551592,553608,7997,7237,7617,7729,0,7747,0,0,0,2017-04-21,32414040,7742,16,0,0,0,0,0,0,0,0,7744,13,0,0,0,0,0,0,0,0
29,2017-04-21,09:00:14,563,pp1709,XDCE,7744,7731,7760,5214,201999030,551506,553608,7997,7237,7617,7729,0,7747,0,0,0,2017-04-21,32414563,7744,10,0,0,0,0,0,0,0,0,7745,1,0,0,0,0,0,0,0,0
30,2017-04-21,09:00:15,78,pp1709,XDCE,7743,7731,7760,5258,203702610,551488,553608,7997,7237,7617,7729,0,7747,0,0,0,2017-04-21,32415078,7743,1,0,0,0,0,0,0,0,0,7744,11,0,0,0,0,0,0,0,0
31,2017-04-21,09:00:15,574,pp1709,XDCE,7747,7731,7760,5346,207110090,551456,553608,7997,7237,7617,7729,0,7747,0,0,0,2017-04-21,32415574,7747,10,0,0,0,0,0,0,0,0,7748,34,0,0,0,0,0,0,0,0
32,2017-04-21,09:00:16,46,pp1709,XDCE,7744,7731,7760,5484,212453530,551382,553608,7997,7237,7617,7729,0,7747,0,0,0,2017-04-21,32416046,7740,3,0,0,0,0,0,0,0,0,7744,9,0,0,0,0,0,0,0,0
33,2017-04-21,09:00:16,573,pp1709,XDCE,7744,7731,7760,5574,215937280,551330,553608,7997,7237,7617,7729,0,7747,0,0,0,2017-04-21,32416573,7744,141,0,0,0,0,0,0,0,0,7745,22,0,0,0,0,0,0,0,0
34,2017-04-21,09:00:17,58,pp1709,XDCE,7744,7731,7760,5780,223913790,551170,553608,7997,7237,7617,7729,0,7747,0,0,0,2017-04-21,32417058,7744,59,0,0,0,0,0,0,0,0,7745,3,0,0,0,0,0,0,0,0
35,2017-04-21,09:00:17,551,pp1709,XDCE,7745,7731,7760,5842,226315130,551144,553608,7997,7237,7617,7729,0,7747,0,0,0,2017-04-21,32417551,7745,3,0,0,0,0,0,0,0,0,7747,32,0,0,0,0,0,0,0,0
36,2017-04-21,09:00:18,81,pp1709,XDCE,7747,7731,7760,5932,229801150,551068,553608,7997,7237,7617,7729,0,7747,0,0,0,2017-04-21,32418081,7747,11,0,0,0,0,0,0,0,0,7748,34,0,0,0,0,0,0,0,0
37,2017-04-21,09:00:18,563,pp1709,XDCE,7748,7731,7760,6010,232822320,551038,553608,7997,7237,7617,7729,0,7747,0,0,0,2017-04-21,32418563,7744,57,0,0,0,0,0,0,0,0,7747,8,0,0,0,0,0,0,0,0
38,2017-04-21,09:00:19,68,pp1709,XDCE,7744,7731,7760,6030,233596860,551022,553608,7997,7237,7617,7729,0,7747,0,0,0,2017-04-21,32419068,7744,61,0,0,0,0,0,0,0,0,7747,9,0,0,0,0,0,0,0,0
39,2017-04-21,09:00:19,538,pp1709,XDCE,7748,7731,7760,6066,234991340,551002,553608,7997,7237,7617,7729,0,7747,0,0,0,2017-04-21,32419538,7747,36,0,0,0,0,0,0,0,0,7748,26,0,0,0,0,0,0,0,0
40,2017-04-21,09:00:20,32,pp1709,XDCE,7747,7731,7760,6092,235998560,550976,553608,7997,7237,7617,7729,0,7747,0,0,0,2017-04-21,32420032,7747,36,0,0,0,0,0,0,0,0,7748,15,0,0,0,0,0,0,0,0
41,2017-04-21,09:00:20,562,pp1709,XDCE,7747,7731,7760,6094,236076030,550976,553608,7997,7237,7617,7729,0,7747,0,0,0,2017-04-21,32420562,7747,35,0,0,0,0,0,0,0,0,7748,15,0,0,0,0,0,0,0,0
42,2017-04-21,09:00:21,83,pp1709,XDCE,7747,7731,7760,6128,237393060,550942,553608,7997,7237,7617,7729,0,7747,0,0,0,2017-04-21,32421083,7747,29,0,0,0,0,0,0,0,0,7748,15,0,0,0,0,0,0,0,0
43,2017-04-21,09:00:21,553,pp1709,XDCE,7747,7731,7760,6206,240414310,550878,553608,7997,7237,7617,7729,0,7747,0,0,0,2017-04-21,32421553,7745,2,0,0,0,0,0,0,0,0,7747,5,0,0,0,0,0,0,0,0
44,2017-04-21,09:00:22,82,pp1709,XDCE,7747,7731,7760,6410,248318420,550748,553608,7997,7237,7617,7729,0,7747,0,0,0,2017-04-21,32422082,7747,48,0,0,0,0,0,0,0,0,7751,6,0,0,0,0,0,0,0,0
45,2017-04-21,09:00:22,545,pp1709,XDCE,7747,7731,7760,6506,252036980,550728,553608,7997,7237,7617,7729,0,7747,0,0,0,2017-04-21,32422545,7747,8,0,0,0,0,0,0,0,0,7750,4,0,0,0,0,0,0,0,0
46,2017-04-21,09:00:23,24,pp1709,XDCE,7747,7731,7760,6530,252966690,550716,553608,7997,7237,7617,7729,0,7747,0,0,0,2017-04-21,32423024,7748,14,0,0,0,0,0,0,0,0,7750,2,0,0,0,0,0,0,0,0
47,2017-04-21,09:00:23,580,pp1709,XDCE,7750,7731,7760,6598,255600990,550698,553608,7997,7237,7617,7729,0,7747,0,0,0,2017-04-21,32423580,7750,40,0,0,0,0,0,0,0,0,7751,8,0,0,0,0,0,0,0,0
48,2017-04-21,09:00:24,11,pp1709,XDCE,7750,7731,7760,6678,258700990,550648,553608,7997,7237,7617,7729,0,7747,0,0,0,2017-04-21,32424011,7748,1,0,0,0,0,0,0,0,0,7750,4,0,0,0,0,0,0,0,0
49,2017-04-21,09:00:24,537,pp1709,XDCE,7750,7731,7760,6716,260173300,550640,553608,7997,7237,7617,7729,0,7747,0,0,0,2017-04-21,32424537,7750,44,0,0,0,0,0,0,0,0,7751,8,0,0,0,0,0,0,0,0
50,2017-04-21,09:00:25,36,pp1709,XDCE,7751,7731,7760,6764,262033480,550622,553608,7997,7237,7617,7729,0,7747,0,0,0,2017-04-21,32425036,7751,4,0,0,0,0,0,0,0,0,7752,11,0,0,0,0,0,0,0,0
51,2017-04-21,09:00:25,580,pp1709,XDCE,7751,7731,7760,6816,264049010,550604,553608,7997,7237,7617,7729,0,7747,0,0,0,2017-04-21,32425580,7752,49,0,0,0,0,0,0,0,0,7753,2,0,0,0,0,0,0,0,0
52,2017-04-21,09:00:26,69,pp1709,XDCE,7752,7731,7760,6958,269553590,550584,553608,7997,7237,7617,7729,0,7747,0,0,0,2017-04-21,32426069,7752,12,0,0,0,0,0,0,0,0,7755,35,0,0,0,0,0,0,0,0
53,2017-04-21,09:00:26,518,pp1709,XDCE,7755,7731,7760,6988,270716730,550574,553608,7997,7237,7617,7729,0,7747,0,0,0,2017-04-21,32426518,7754,8,0,0,0,0,0,0,0,0,7755,24,0,0,0,0,0,0,0,0
54,2017-04-21,09:00:27,81,pp1709,XDCE,7756,7731,7760,7040,272733050,550530,553608,7997,7237,7617,7729,0,7747,0,0,0,2017-04-21,32427081,7755,28,0,0,0,0,0,0,0,0,7756,13,0,0,0,0,0,0,0,0
55,2017-04-21,09:00:27,492,pp1709,XDCE,7756,7731,7760,7094,274827250,550520,553608,7997,7237,7617,7729,0,7747,0,0,0,2017-04-21,32427492,7756,23,0,0,0,0,0,0,0,0,7758,9,0,0,0,0,0,0,0,0
56,2017-04-21,09:00:28,57,pp1709,XDCE,7760,7731,7760,7150,276999250,550520,553608,7997,7237,7617,7729,0,7747,0,0,0,2017-04-21,32428057,7756,12,0,0,0,0,0,0,0,0,7760,33,0,0,0,0,0,0,0,0
57,2017-04-21,09:00:28,582,pp1709,XDCE,7760,7731,7764,7270,281655620,550434,553608,7997,7237,7617,7729,0,7747,0,0,0,2017-04-21,32428582,7760,30,0,0,0,0,0,0,0,0,7763,1,0,0,0,0,0,0,0,0
58,2017-04-21,09:00:29,71,pp1709,XDCE,7763,7731,7764,7342,284449890,550416,553608,7997,7237,7617,7729,0,7747,0,0,0,2017-04-21,32429071,7761,18,0,0,0,0,0,0,0,0,7763,9,0,0,0,0,0,0,0,0
59,2017-04-21,09:00:29,485,pp1709,XDCE,7763,7731,7764,7414,287244240,550388,553608,7997,7237,7617,7729,0,7747,0,0,0,2017-04-21,32429485,7762,1,0,0,0,0,0,0,0,0,7763,8,0,0,0,0,0,0,0,0
60,2017-04-21,09:00:30,80,pp1709,XDCE,7765,7731,7765,7504,290737640,550362,553608,7997,7237,7617,7729,0,7747,0,0,0,2017-04-21,32430080,7763,49,0,0,0,0,0,0,0,0,7765,60,0,0,0,0,0,0,0,0
61,2017-04-21,09:00:30,583,pp1709,XDCE,7763,7731,7765,7626,295473590,550312,553608,7997,7237,7617,7729,0,7747,0,0,0,2017-04-21,32430583,7763,34,0,0,0,0,0,0,0,0,7765,34,0,0,0,0,0,0,0,0
62,2017-04-21,09:00:31,53,pp1709,XDCE,7763,7731,7765,7676,297414480,550282,553608,7997,7237,7617,7729,0,7747,0,0,0,2017-04-21,32431053,7763,34,0,0,0,0,0,0,0,0,7765,27,0,0,0,0,0,0,0,0
63,2017-04-21,09:00:31,568,pp1709,XDCE,7765,7731,7765,7772,301141480,550248,553608,7997,7237,7617,7729,0,7747,0,0,0,2017-04-21,32431568,7765,48,0,0,0,0,0,0,0,0,7766,5,0,0,0,0,0,0,0,0
64,2017-04-21,09:00:32,67,pp1709,XDCE,7766,7731,7767,7804,302384060,550248,553608,7997,7237,7617,7729,0,7747,0,0,0,2017-04-21,32432067,7765,70,0,0,0,0,0,0,0,0,7767,39,0,0,0,0,0,0,0,0
65,2017-04-21,09:00:32,570,pp1709,XDCE,7767,7731,7767,7904,306267300,550224,553608,7997,7237,7617,7729,0,7747,0,0,0,2017-04-21,32432570,7765,60,0,0,0,0,0,0,0,0,7767,37,0,0,0,0,0,0,0,0
66,2017-04-21,09:00:33,47,pp1709,XDCE,7765,7731,7767,8016,310616700,550124,553608,7997,7237,7617,7729,0,7747,0,0,0,2017-04-21,32433047,7766,1,0,0,0,0,0,0,0,0,7767,76,0,0,0,0,0,0,0,0
67,2017-04-21,09:00:33,564,pp1709,XDCE,7765,7731,7767,8084,313256890,550142,553608,7997,7237,7617,7729,0,7747,0,0,0,2017-04-21,32433564,7765,40,0,0,0,0,0,0,0,0,7766,70,0,0,0,0,0,0,0,0
68,2017-04-21,09:00:34,3,pp1709,XDCE,7766,7731,7767,8170,316596130,550124,553608,7997,7237,7617,7729,0,7747,0,0,0,2017-04-21,32434003,7765,26,0,0,0,0,0,0,0,0,7766,41,0,0,0,0,0,0,0,0
69,2017-04-21,09:00:34,563,pp1709,XDCE,7763,7731,7767,8234,319080900,550124,553608,7997,7237,7617,7729,0,7747,0,0,0,2017-04-21,32434563,7763,41,0,0,0,0,0,0,0,0,7765,24,0,0,0,0,0,0,0,0
70,2017-04-21,09:00:35,39,pp1709,XDCE,7763,7731,7767,8296,321487790,550088,553608,7997,7237,7617,7729,0,7747,0,0,0,2017-04-21,32435039,7763,38,0,0,0,0,0,0,0,0,7765,62,0,0,0,0,0,0,0,0
71,2017-04-21,09:00:35,541,pp1709,XDCE,7763,7731,7767,8346,323428550,550066,553608,7997,7237,7617,7729,0,7747,0,0,0,2017-04-21,32435541,7763,10,0,0,0,0,0,0,0,0,7764,46,0,0,0,0,0,0,0,0
72,2017-04-21,09:00:36,30,pp1709,XDCE,7762,7731,7767,8386,324981050,550036,553608,7997,7237,7617,7729,0,7747,0,0,0,2017-04-21,32436030,7760,8,0,0,0,0,0,0,0,0,7763,10,0,0,0,0,0,0,0,0
73,2017-04-21,09:00:36,563,pp1709,XDCE,7762,7731,7767,8402,325602030,550026,553608,7997,7237,7617,7729,0,7747,0,0,0,2017-04-21,32436563,7760,7,0,0,0,0,0,0,0,0,7762,44,0,0,0,0,0,0,0,0
74,2017-04-21,09:00:37,40,pp1709,XDCE,7761,7731,7767,8438,326998960,550006,553608,7997,7237,7617,7729,0,7747,0,0,0,2017-04-21,32437040,7758,19,0,0,0,0,0,0,0,0,7761,25,0,0,0,0,0,0,0,0
75,2017-04-21,09:00:37,561,pp1709,XDCE,7758,7731,7767,8504,329559620,549986,553608,7997,7237,7617,7729,0,7747,0,0,0,2017-04-21,32437561,7758,10,0,0,0,0,0,0,0,0,7760,19,0,0,0,0,0,0,0,0
76,2017-04-21,09:00:38,50,pp1709,XDCE,7758,7731,7767,8528,330490600,549978,553608,7997,7237,7617,7729,0,7747,0,0,0,2017-04-21,32438050,7756,8,0,0,0,0,0,0,0,0,7758,8,0,0,0,0,0,0,0,0
77,2017-04-21,09:00:38,573,pp1709,XDCE,7757,7731,7767,8572,332197110,549970,553608,7997,7237,7617,7729,0,7747,0,0,0,2017-04-21,32438573,7755,8,0,0,0,0,0,0,0,0,7758,8,0,0,0,0,0,0,0,0
78,2017-04-21,09:00:38,998,pp1709,XDCE,7758,7731,7767,8610,333670790,549972,553608,7997,7237,7617,7729,0,7747,0,0,0,2017-04-21,32438998,7754,1,0,0,0,0,0,0,0,0,7758,15,0,0,0,0,0,0,0,0
79,2017-04-21,09:00:39,545,pp1709,XDCE,7754,7731,7767,8634,334601510,549972,553608,7997,7237,7617,7729,0,7747,0,0,0,2017-04-21,32439545,7753,5,0,0,0,0,0,0,0,0,7754,52,0,0,0,0,0,0,0,0
80,2017-04-21,09:00:40,81,pp1709,XDCE,7753,7731,7767,8662,335686970,549976,553608,7997,7237,7617,7729,0,7747,0,0,0,2017-04-21,32440081,7752,5,0,0,0,0,0,0,0,0,7754,47,0,0,0,0,0,0,0,0
81,2017-04-21,09:00:40,556,pp1709,XDCE,7754,7731,7767,8692,336849950,549980,553608,7997,7237,7617,7729,0,7747,0,0,0,2017-04-21,32440556,7753,8,0,0,0,0,0,0,0,0,7754,44,0,0,0,0,0,0,0,0
82,2017-04-21,09:00:41,51,pp1709,XDCE,7754,7731,7767,8766,339718370,549930,553608,7997,7237,7617,7729,0,7747,0,0,0,2017-04-21,32441051,7751,2,0,0,0,0,0,0,0,0,7752,1,0,0,0,0,0,0,0,0
83,2017-04-21,09:00:41,444,pp1709,XDCE,7754,7731,7767,8774,340028510,549930,553608,7997,7237,7617,7729,0,7747,0,0,0,2017-04-21,32441444,7751,2,0,0,0,0,0,0,0,0,7754,36,0,0,0,0,0,0,0,0
84,2017-04-21,09:00:42,64,pp1709,XDCE,7752,7731,7767,8786,340493620,549926,553608,7997,7237,7617,7729,0,7747,0,0,0,2017-04-21,32442064,7752,5,0,0,0,0,0,0,0,0,7753,19,0,0,0,0,0,0,0,0
85,2017-04-21,09:00:42,568,pp1709,XDCE,7748,7731,7767,8812,341501130,549904,553608,7997,7237,7617,7729,0,7747,0,0,0,2017-04-21,32442568,7748,5,0,0,0,0,0,0,0,0,7751,1,0,0,0,0,0,0,0,0
86,2017-04-21,09:00:43,44,pp1709,XDCE,7748,7731,7767,8836,342430890,549906,553608,7997,7237,7617,7729,0,7747,0,0,0,2017-04-21,32443044,7749,5,0,0,0,0,0,0,0,0,7751,10,0,0,0,0,0,0,0,0
87,2017-04-21,09:00:43,575,pp1709,XDCE,7751,7731,7767,8846,342818440,549910,553608,7997,7237,7617,7729,0,7747,0,0,0,2017-04-21,32443575,7748,7,0,0,0,0,0,0,0,0,7751,9,0,0,0,0,0,0,0,0
88,2017-04-21,09:00:44,37,pp1709,XDCE,7751,7731,7767,8866,343593480,549908,553608,7997,7237,7617,7729,0,7747,0,0,0,2017-04-21,32444037,7751,1,0,0,0,0,0,0,0,0,7752,17,0,0,0,0,0,0,0,0
89,2017-04-21,09:00:44,514,pp1709,XDCE,7753,7731,7767,8914,345454020,549880,553608,7997,7237,7617,7729,0,7747,0,0,0,2017-04-21,32444514,7751,4,0,0,0,0,0,0,0,0,7753,13,0,0,0,0,0,0,0,0
90,2017-04-21,09:00:45,30,pp1709,XDCE,7751,7731,7767,8924,345841590,549880,553608,7997,7237,7617,7729,0,7747,0,0,0,2017-04-21,32445030,7749,2,0,0,0,0,0,0,0,0,7752,1,0,0,0,0,0,0,0,0
91,2017-04-21,09:00:45,479,pp1709,XDCE,7749,7731,7767,8934,346229070,549882,553608,7997,7237,7617,7729,0,7747,0,0,0,2017-04-21,32445479,7750,2,0,0,0,0,0,0,0,0,7752,1,0,0,0,0,0,0,0,0
92,2017-04-21,09:00:46,32,pp1709,XDCE,7753,7731,7767,8942,346539110,549882,553608,7997,7237,7617,7729,0,7747,0,0,0,2017-04-21,32446032,7752,1,0,0,0,0,0,0,0,0,7753,13,0,0,0,0,0,0,0,0
93,2017-04-21,09:00:46,559,pp1709,XDCE,7751,7731,7767,8960,347236700,549870,553608,7997,7237,7617,7729,0,7747,0,0,0,2017-04-21,32446559,7750,3,0,0,0,0,0,0,0,0,7751,3,0,0,0,0,0,0,0,0
94,2017-04-21,09:00:47,78,pp1709,XDCE,7752,7731,7767,8978,347934340,549864,553608,7997,7237,7617,7729,0,7747,0,0,0,2017-04-21,32447078,7752,8,0,0,0,0,0,0,0,0,7753,12,0,0,0,0,0,0,0,0
95,2017-04-21,09:00:47,516,pp1709,XDCE,7759,7731,7767,9122,353517720,549808,553608,7997,7237,7617,7729,0,7747,0,0,0,2017-04-21,32447516,7759,1,0,0,0,0,0,0,0,0,7760,14,0,0,0,0,0,0,0,0
96,2017-04-21,09:00:48,65,pp1709,XDCE,7760,7731,7767,9216,357164400,549732,553608,7997,7237,7617,7729,0,7747,0,0,0,2017-04-21,32448065,7760,6,0,0,0,0,0,0,0,0,7761,5,0,0,0,0,0,0,0,0
97,2017-04-21,09:00:48,373,pp1709,XDCE,7761,7731,7767,9220,357319620,549734,553608,7997,7237,7617,7729,0,7747,0,0,0,2017-04-21,32448373,7760,6,0,0,0,0,0,0,0,0,7761,5,0,0,0,0,0,0,0,0
98,2017-04-21,09:00:48,959,pp1709,XDCE,7756,7731,7767,9236,357940340,549720,553608,7997,7237,7617,7729,0,7747,0,0,0,2017-04-21,32448959,7756,2,0,0,0,0,0,0,0,0,7760,1,0,0,0,0,0,0,0,0
99,2017-04-21,09:00:49,555,pp1709,XDCE,7754,7731,7767,9248,358405840,549718,553608,7997,7237,7617,7729,0,7747,0,0,0,2017-04-21,32449555,7756,1,0,0,0,0,0,0,0,0,7760,8,0,0,0,0,0,0,0,0
100,2017-04-21,09:00:50,21,pp1709,XDCE,7756,7731,7767,9280,359646750,549702,553608,7997,7237,7617,7729,0,7747,0,0,0,2017-04-21,32450021,7757,1,0,0,0,0,0,0,0,0,7759,6,0,0,0,0,0,0,0,0
101,2017-04-21,09:00:50,561,pp1709,XDCE,7754,7731,7767,9310,360810260,549680,553608,7997,7237,7617,7729,0,7747,0,0,0,2017-04-21,32450561,7754,7,0,0,0,0,0,0,0,0,7756,1,0,0,0,0,0,0,0,0
102,2017-04-21,09:00:51,31,pp1709,XDCE,7755,7731,7767,9320,361198040,549674,553608,7997,7237,7617,7729,0,7747,0,0,0,2017-04-21,32451031,7755,2,0,0,0,0,0,0,0,0,7757,2,0,0,0,0,0,0,0,0
103,2017-04-21,09:00:51,546,pp1709,XDCE,7755,7731,7767,9320,361198040,549674,553608,7997,7237,7617,7729,0,7747,0,0,0,2017-04-21,32451546,7755,2,0,0,0,0,0,0,0,0,7756,19,0,0,0,0,0,0,0,0
104,2017-04-21,09:00:52,69,pp1709,XDCE,7755,7731,7767,9322,361275590,549672,553608,7997,7237,7617,7729,0,7747,0,0,0,2017-04-21,32452069,7755,6,0,0,0,0,0,0,0,0,7756,19,0,0,0,0,0,0,0,0
105,2017-04-21,09:00:52,576,pp1709,XDCE,7756,7731,7767,9366,362981790,549702,553608,7997,7237,7617,7729,0,7747,0,0,0,2017-04-21,32452576,7754,4,0,0,0,0,0,0,0,0,7755,5,0,0,0,0,0,0,0,0
106,2017-04-21,09:00:53,48,pp1709,XDCE,7753,7731,7767,9454,366394160,549632,553608,7997,7237,7617,7729,0,7747,0,0,0,2017-04-21,32453048,7753,12,0,0,0,0,0,0,0,0,7755,1,0,0,0,0,0,0,0,0
107,2017-04-21,09:00:53,577,pp1709,XDCE,7755,7731,7767,9470,367014510,549622,553608,7997,7237,7617,7729,0,7747,0,0,0,2017-04-21,32453577,7754,23,0,0,0,0,0,0,0,0,7755,19,0,0,0,0,0,0,0,0
108,2017-04-21,09:00:54,84,pp1709,XDCE,7755,7731,7767,9510,368565500,549640,553608,7997,7237,7617,7729,0,7747,0,0,0,2017-04-21,32454084,7756,1,0,0,0,0,0,0,0,0,7757,1,0,0,0,0,0,0,0,0
109,2017-04-21,09:00:54,552,pp1709,XDCE,7756,7731,7767,9526,369185930,549638,553608,7997,7237,7617,7729,0,7747,0,0,0,2017-04-21,32454552,7756,14,0,0,0,0,0,0,0,0,7757,1,0,0,0,0,0,0,0,0
110,2017-04-21,09:00:55,78,pp1709,XDCE,7756,7731,7767,9538,369651300,549626,553608,7997,7237,7617,7729,0,7747,0,0,0,2017-04-21,32455078,7756,10,0,0,0,0,0,0,0,0,7758,8,0,0,0,0,0,0,0,0
111,2017-04-21,09:00:55,555,pp1709,XDCE,7757,7731,7767,9548,370039150,549628,553608,7997,7237,7617,7729,0,7747,0,0,0,2017-04-21,32455555,7756,1,0,0,0,0,0,0,0,0,7758,8,0,0,0,0,0,0,0,0
112,2017-04-21,09:00:55,965,pp1709,XDCE,7758,7731,7767,9614,372598520,549672,553608,7997,7237,7617,7729,0,7747,0,0,0,2017-04-21,32455965,7755,19,0,0,0,0,0,0,0,0,7758,4,0,0,0,0,0,0,0,0
113,2017-04-21,09:00:56,578,pp1709,XDCE,7756,7731,7767,9648,373917050,549640,553608,7997,7237,7617,7729,0,7747,0,0,0,2017-04-21,32456578,7755,19,0,0,0,0,0,0,0,0,7756,6,0,0,0,0,0,0,0,0
114,2017-04-21,09:00:57,68,pp1709,XDCE,7758,7731,7767,9670,374770280,549636,553608,7997,7237,7617,7729,0,7747,0,0,0,2017-04-21,32457068,7757,8,0,0,0,0,0,0,0,0,7758,1,0,0,0,0,0,0,0,0
115,2017-04-21,09:00:57,479,pp1709,XDCE,7757,7731,7767,9720,376709550,549596,553608,7997,7237,7617,7729,0,7747,0,0,0,2017-04-21,32457479,7756,2,0,0,0,0,0,0,0,0,7757,3,0,0,0,0,0,0,0,0
116,2017-04-21,09:00:58,54,pp1709,XDCE,7758,7731,7767,9732,377175010,549588,553608,7997,7237,7617,7729,0,7747,0,0,0,2017-04-21,32458054,7758,36,0,0,0,0,0,0,0,0,7759,45,0,0,0,0,0,0,0,0
117,2017-04-21,09:00:58,528,pp1709,XDCE,7757,7731,7767,9816,380433300,549530,553608,7997,7237,7617,7729,0,7747,0,0,0,2017-04-21,32458528,7755,20,0,0,0,0,0,0,0,0,7757,28,0,0,0,0,0,0,0,0
118,2017-04-21,09:00:59,60,pp1709,XDCE,7757,7731,7767,9902,383768560,549518,553608,7997,7237,7617,7729,0,7747,0,0,0,2017-04-21,32459060,7757,67,0,0,0,0,0,0,0,0,7758,132,0,0,0,0,0,0,0,0
119,2017-04-21,09:00:59,524,pp1709,XDCE,7755,7731,7767,10068,390206560,549386,553608,7997,7237,7617,7729,0,7747,0,0,0,2017-04-21,32459524,7753,15,0,0,0,0,0,0,0,0,7755,36,0,0,0,0,0,0,0,0
120,2017-04-21,09:00:59,861,pp1709,XDCE,7755,7731,7767,10068,390206560,549386,553608,7997,7237,7617,7729,0,7747,0,0,0,2017-04-21,32459861,7754,2,0,0,0,0,0,0,0,0,7755,36,0,0,0,0,0,0,0,0
121,2017-04-21,09:01:00,564,pp1709,XDCE,7754,7731,7767,10112,391912580,549360,553608,7997,7237,7617,7729,0,7747,0,0,0,2017-04-21,32460564,7754,3,0,0,0,0,0,0,0,0,7755,21,0,0,0,0,0,0,0,0
122,2017-04-21,09:01:01,80,pp1709,XDCE,7757,7731,7767,10176,394394350,549314,553608,7997,7237,7617,7729,0,7747,0,0,0,2017-04-21,32461080,7757,2,0,0,0,0,0,0,0,0,7758,63,0,0,0,0,0,0,0,0
123,2017-04-21,09:01:01,551,pp1709,XDCE,7757,7731,7767,10188,394859750,549310,553608,7997,7237,7617,7729,0,7747,0,0,0,2017-04-21,32461551,7756,4,0,0,0,0,0,0,0,0,7757,4,0,0,0,0,0,0,0,0
124,2017-04-21,09:01:02,28,pp1709,XDCE,7757,7731,7767,10234,396643670,549304,553608,7997,7237,7617,7729,0,7747,0,0,0,2017-04-21,32462028,7757,2,0,0,0,0,0,0,0,0,7758,69,0,0,0,0,0,0,0,0
125,2017-04-21,09:01:02,567,pp1709,XDCE,7756,7731,7767,10248,397186600,549298,553608,7997,7237,7617,7729,0,7747,0,0,0,2017-04-21,32462567,7755,24,0,0,0,0,0,0,0,0,7756,16,0,0,0,0,0,0,0,0
126,2017-04-21,09:01:02,992,pp1709,XDCE,7757,7731,7767,10298,399125640,549314,553608,7997,7237,7617,7729,0,7747,0,0,0,2017-04-21,32462992,7756,37,0,0,0,0,0,0,0,0,7757,6,0,0,0,0,0,0,0,0
127,2017-04-21,09:01:03,569,pp1709,XDCE,7757,7731,7767,10372,401995420,549258,553608,7997,7237,7617,7729,0,7747,0,0,0,2017-04-21,32463569,7757,7,0,0,0,0,0,0,0,0,7758,68,0,0,0,0,0,0,0,0
128,2017-04-21,09:01:04,73,pp1709,XDCE,7756,7731,7767,10436,404477680,549250,553608,7997,7237,7617,7729,0,7747,0,0,0,2017-04-21,32464073,7756,2,0,0,0,0,0,0,0,0,7758,62,0,0,0,0,0,0,0,0
129,2017-04-21,09:01:04,583,pp1709,XDCE,7755,7731,7767,10452,405098210,549250,553608,7997,7237,7617,7729,0,7747,0,0,0,2017-04-21,32464583,7755,12,0,0,0,0,0,0,0,0,7758,59,0,0,0,0,0,0,0,0
130,2017-04-21,09:01:04,947,pp1709,XDCE,7758,7731,7767,10472,405874000,549250,553608,7997,7237,7617,7729,0,7747,0,0,0,2017-04-21,32464947,7756,3,0,0,0,0,0,0,0,0,7758,51,0,0,0,0,0,0,0,0
131,2017-04-21,09:01:05,540,pp1709,XDCE,7756,7731,7767,10514,407502760,549214,553608,7997,7237,7617,7729,0,7747,0,0,0,2017-04-21,32465540,7756,9,0,0,0,0,0,0,0,0,7757,7,0,0,0,0,0,0,0,0
132,2017-04-21,09:01:06,70,pp1709,XDCE,7758,7731,7767,10552,408976580,549196,553608,7997,7237,7617,7729,0,7747,0,0,0,2017-04-21,32466070,7757,28,0,0,0,0,0,0,0,0,7758,51,0,0,0,0,0,0,0,0
133,2017-04-21,09:01:06,581,pp1709,XDCE,7757,7731,7767,10612,411303670,549138,553608,7997,7237,7617,7729,0,7747,0,0,0,2017-04-21,32466581,7756,2,0,0,0,0,0,0,0,0,7757,9,0,0,0,0,0,0,0,0
134,2017-04-21,09:01:07,69,pp1709,XDCE,7756,7731,7767,10648,412699750,549114,553608,7997,7237,7617,7729,0,7747,0,0,0,2017-04-21,32467069,7755,21,0,0,0,0,0,0,0,0,7756,58,0,0,0,0,0,0,0,0
135,2017-04-21,09:01:07,470,pp1709,XDCE,7754,7731,7767,10714,415258820,549096,553608,7997,7237,7617,7729,0,7747,0,0,0,2017-04-21,32467470,7754,14,0,0,0,0,0,0,0,0,7755,6,0,0,0,0,0,0,0,0
136,2017-04-21,09:01:07,879,pp1709,XDCE,7754,7731,7767,10740,416266840,549104,553608,7997,7237,7617,7729,0,7747,0,0,0,2017-04-21,32467879,7753,14,0,0,0,0,0,0,0,0,7754,35,0,0,0,0,0,0,0,0
137,2017-04-21,09:01:08,571,pp1709,XDCE,7754,7731,7767,10772,417507420,549102,553608,7997,7237,7617,7729,0,7747,0,0,0,2017-04-21,32468571,7753,8,0,0,0,0,0,0,0,0,7754,21,0,0,0,0,0,0,0,0
138,2017-04-21,09:01:09,14,pp1709,XDCE,7754,7731,7767,10862,420996640,549074,553608,7997,7237,7617,7729,0,7747,0,0,0,2017-04-21,32469014,7753,1,0,0,0,0,0,0,0,0,7754,4,0,0,0,0,0,0,0,0
139,2017-04-21,09:01:09,552,pp1709,XDCE,7753,7731,7767,10866,421151700,549070,553608,7997,7237,7617,7729,0,7747,0,0,0,2017-04-21,32469552,7753,1,0,0,0,0,0,0,0,0,7754,5,0,0,0,0,0,0,0,0
140,2017-04-21,09:01:10,58,pp1709,XDCE,7754,7731,7767,10878,421616930,549062,553608,7997,7237,7617,7729,0,7747,0,0,0,2017-04-21,32470058,7753,2,0,0,0,0,0,0,0,0,7755,16,0,0,0,0,0,0,0,0
141,2017-04-21,09:01:10,506,pp1709,XDCE,7753,7731,7767,10882,421771990,549066,553608,7997,7237,7617,7729,0,7747,0,0,0,2017-04-21,32470506,7753,1,0,0,0,0,0,0,0,0,7754,3,0,0,0,0,0,0,0,0
142,2017-04-21,09:01:11,35,pp1709,XDCE,7754,7731,7767,10904,422624880,549056,553608,7997,7237,7617,7729,0,7747,0,0,0,2017-04-21,32471035,7754,43,0,0,0,0,0,0,0,0,7755,18,0,0,0,0,0,0,0,0
143,2017-04-21,09:01:11,572,pp1709,XDCE,7754,7731,7767,10930,423633110,549040,553608,7997,7237,7617,7729,0,7747,0,0,0,2017-04-21,32471572,7754,34,0,0,0,0,0,0,0,0,7755,22,0,0,0,0,0,0,0,0
144,2017-04-21,09:01:12,67,pp1709,XDCE,7755,7731,7767,10998,426269730,549030,553608,7997,7237,7617,7729,0,7747,0,0,0,2017-04-21,32472067,7753,3,0,0,0,0,0,0,0,0,7754,39,0,0,0,0,0,0,0,0
145,2017-04-21,09:01:12,576,pp1709,XDCE,7754,7731,7767,11102,430301770,549018,553608,7997,7237,7617,7729,0,7747,0,0,0,2017-04-21,32472576,7754,115,0,0,0,0,0,0,0,0,7755,7,0,0,0,0,0,0,0,0
146,2017-04-21,09:01:13,44,pp1709,XDCE,7754,7731,7767,11136,431620070,549006,553608,7997,7237,7617,7729,0,7747,0,0,0,2017-04-21,32473044,7754,118,0,0,0,0,0,0,0,0,7755,3,0,0,0,0,0,0,0,0
147,2017-04-21,09:01:13,579,pp1709,XDCE,7754,7731,7767,11144,431930260,548998,553608,7997,7237,7617,7729,0,7747,0,0,0,2017-04-21,32473579,7755,2,0,0,0,0,0,0,0,0,7756,83,0,0,0,0,0,0,0,0
148,2017-04-21,09:01:14,3,pp1709,XDCE,7754,7731,7767,11188,433636160,548954,553608,7997,7237,7617,7729,0,7747,0,0,0,2017-04-21,32474003,7754,97,0,0,0,0,0,0,0,0,7756,84,0,0,0,0,0,0,0,0
149,2017-04-21,09:01:14,574,pp1709,XDCE,7755,7731,7767,11208,434411620,548946,553608,7997,7237,7617,7729,0,7747,0,0,0,2017-04-21,32474574,7754,93,0,0,0,0,0,0,0,0,7755,48,0,0,0,0,0,0,0,0
150,2017-04-21,09:01:14,933,pp1709,XDCE,7755,7731,7767,11250,436040160,548938,553608,7997,7237,7617,7729,0,7747,0,0,0,2017-04-21,32474933,7754,92,0,0,0,0,0,0,0,0,7755,28,0,0,0,0,0,0,0,0
151,2017-04-21,09:01:15,548,pp1709,XDCE,7755,7731,7767,11262,436505450,548934,553608,7997,7237,7617,7729,0,7747,0,0,0,2017-04-21,32475548,7754,95,0,0,0,0,0,0,0,0,7755,23,0,0,0,0,0,0,0,0
152,2017-04-21,09:01:16,69,pp1709,XDCE,7754,7731,7767,11478,444879660,548916,553608,7997,7237,7617,7729,0,7747,0,0,0,2017-04-21,32476069,7752,10,0,0,0,0,0,0,0,0,7754,10,0,0,0,0,0,0,0,0
153,2017-04-21,09:01:16,501,pp1709,XDCE,7752,7731,7767,11486,445189760,548918,553608,7997,7237,7617,7729,0,7747,0,0,0,2017-04-21,32476501,7752,7,0,0,0,0,0,0,0,0,7753,4,0,0,0,0,0,0,0,0
154,2017-04-21,09:01:17,79,pp1709,XDCE,7754,7731,7767,11548,447593260,548898,553608,7997,7237,7617,7729,0,7747,0,0,0,2017-04-21,32477079,7753,25,0,0,0,0,0,0,0,0,7755,25,0,0,0,0,0,0,0,0
155,2017-04-21,09:01:17,583,pp1709,XDCE,7753,7731,7767,11564,448213500,548896,553608,7997,7237,7617,7729,0,7747,0,0,0,2017-04-21,32477583,7753,17,0,0,0,0,0,0,0,0,7754,3,0,0,0,0,0,0,0,0
156,2017-04-21,09:01:17,904,pp1709,XDCE,7751,7731,7767,11606,449841580,548892,553608,7997,7237,7617,7729,0,7747,0,0,0,2017-04-21,32477904,7751,6,0,0,0,0,0,0,0,0,7754,6,0,0,0,0,0,0,0,0
157,2017-04-21,09:01:18,585,pp1709,XDCE,7755,7731,7767,11672,452400650,548834,553608,7997,7237,7617,7729,0,7747,0,0,0,2017-04-21,32478585,7755,6,0,0,0,0,0,0,0,0,7756,85,0,0,0,0,0,0,0,0
158,2017-04-21,09:01:18,894,pp1709,XDCE,7754,7731,7767,11700,453486290,548834,553608,7997,7237,7617,7729,0,7747,0,0,0,2017-04-21,32478894,7754,44,0,0,0,0,0,0,0,0,7756,85,0,0,0,0,0,0,0,0
159,2017-04-21,09:01:19,542,pp1709,XDCE,7754,7731,7767,11718,454184150,548822,553608,7997,7237,7617,7729,0,7747,0,0,0,2017-04-21,32479542,7754,35,0,0,0,0,0,0,0,0,7755,1,0,0,0,0,0,0,0,0
160,2017-04-21,09:01:20,47,pp1709,XDCE,7754,7731,7767,11724,454416770,548816,553608,7997,7237,7617,7729,0,7747,0,0,0,2017-04-21,32480047,7754,32,0,0,0,0,0,0,0,0,7755,11,0,0,0,0,0,0,0,0
161,2017-04-21,09:01:20,567,pp1709,XDCE,7754,7731,7767,11778,456510420,548774,553608,7997,7237,7617,7729,0,7747,0,0,0,2017-04-21,32480567,7754,14,0,0,0,0,0,0,0,0,7755,18,0,0,0,0,0,0,0,0
162,2017-04-21,09:01:21,59,pp1709,XDCE,7754,7731,7767,11838,458836620,548758,553608,7997,7237,7617,7729,0,7747,0,0,0,2017-04-21,32481059,7751,6,0,0,0,0,0,0,0,0,7754,1,0,0,0,0,0,0,0,0
163,2017-04-21,09:01:21,548,pp1709,XDCE,7754,7731,7767,11884,460620040,548788,553608,7997,7237,7617,7729,0,7747,0,0,0,2017-04-21,32481548,7754,22,0,0,0,0,0,0,0,0,7755,20,0,0,0,0,0,0,0,0
164,2017-04-21,09:01:22,38,pp1709,XDCE,7755,7731,7767,12014,465660350,548738,553608,7997,7237,7617,7729,0,7747,0,0,0,2017-04-21,32482038,7752,1,0,0,0,0,0,0,0,0,7754,1,0,0,0,0,0,0,0,0
165,2017-04-21,09:01:22,543,pp1709,XDCE,7753,7731,7767,12020,465892960,548734,553608,7997,7237,7617,7729,0,7747,0,0,0,2017-04-21,32482543,7753,1,0,0,0,0,0,0,0,0,7754,22,0,0,0,0,0,0,0,0
166,2017-04-21,09:01:23,84,pp1709,XDCE,7754,7731,7767,12130,470157520,548640,553608,7997,7237,7617,7729,0,7747,0,0,0,2017-04-21,32483084,7751,3,0,0,0,0,0,0,0,0,7754,2,0,0,0,0,0,0,0,0
167,2017-04-21,09:01:23,569,pp1709,XDCE,7753,7731,7767,12154,471087670,548632,553608,7997,7237,7617,7729,0,7747,0,0,0,2017-04-21,32483569,7751,17,0,0,0,0,0,0,0,0,7753,1,0,0,0,0,0,0,0,0
168,2017-04-21,09:01:24,63,pp1709,XDCE,7754,7731,7767,12234,474189010,548572,553608,7997,7237,7617,7729,0,7747,0,0,0,2017-04-21,32484063,7750,18,0,0,0,0,0,0,0,0,7751,2,0,0,0,0,0,0,0,0
169,2017-04-21,09:01:24,581,pp1709,XDCE,7753,7731,7767,12278,475894090,548600,553608,7997,7237,7617,7729,0,7747,0,0,0,2017-04-21,32484581,7751,50,0,0,0,0,0,0,0,0,7753,6,0,0,0,0,0,0,0,0
170,2017-04-21,09:01:25,83,pp1709,XDCE,7751,7731,7767,12286,476204130,548594,553608,7997,7237,7617,7729,0,7747,0,0,0,2017-04-21,32485083,7751,49,0,0,0,0,0,0,0,0,7753,17,0,0,0,0,0,0,0,0
171,2017-04-21,09:01:25,567,pp1709,XDCE,7750,7731,7767,12422,481474720,548520,553608,7997,7237,7617,7729,0,7747,0,0,0,2017-04-21,32485567,7749,12,0,0,0,0,0,0,0,0,7750,6,0,0,0,0,0,0,0,0
172,2017-04-21,09:01:26,28,pp1709,XDCE,7749,7731,7767,12434,481939670,548522,553608,7997,7237,7617,7729,0,7747,0,0,0,2017-04-21,32486028,7749,7,0,0,0,0,0,0,0,0,7750,25,0,0,0,0,0,0,0,0
173,2017-04-21,09:01:26,561,pp1709,XDCE,7755,7731,7767,12686,491707280,548372,553608,7997,7237,7617,7729,0,7747,0,0,0,2017-04-21,32486561,7755,81,0,0,0,0,0,0,0,0,7756,88,0,0,0,0,0,0,0,0
174,2017-04-21,09:01:27,5,pp1709,XDCE,7756,7731,7767,12990,503495480,548208,553608,7997,7237,7617,7729,0,7747,0,0,0,2017-04-21,32487005,7748,11,0,0,0,0,0,0,0,0,7755,1,0,0,0,0,0,0,0,0
175,2017-04-21,09:01:27,545,pp1709,XDCE,7751,7731,7767,13018,504580710,548184,553608,7997,7237,7617,7729,0,7747,0,0,0,2017-04-21,32487545,7751,31,0,0,0,0,0,0,0,0,7752,1,0,0,0,0,0,0,0,0
176,2017-04-21,09:01:27,990,pp1709,XDCE,7752,7731,7767,13038,505355910,548166,553608,7997,7237,7617,7729,0,7747,0,0,0,2017-04-21,32487990,7752,97,0,0,0,0,0,0,0,0,7753,1,0,0,0,0,0,0,0,0
177,2017-04-21,09:01:28,584,pp1709,XDCE,7754,7731,7767,13094,507526990,548132,553608,7997,7237,7617,7729,0,7747,0,0,0,2017-04-21,32488584,7753,4,0,0,0,0,0,0,0,0,7754,1,0,0,0,0,0,0,0,0
178,2017-04-21,09:01:29,64,pp1709,XDCE,7752,7731,7767,13126,508767340,548108,553608,7997,7237,7617,7729,0,7747,0,0,0,2017-04-21,32489064,7752,84,0,0,0,0,0,0,0,0,7753,1,0,0,0,0,0,0,0,0
179,2017-04-21,09:01:29,564,pp1709,XDCE,7752,7731,7767,13168,510395280,548074,553608,7997,7237,7617,7729,0,7747,0,0,0,2017-04-21,32489564,7752,103,0,0,0,0,0,0,0,0,7753,2,0,0,0,0,0,0,0,0
180,2017-04-21,09:01:30,76,pp1709,XDCE,7752,7731,7767,13190,511248130,548078,553608,7997,7237,7617,7729,0,7747,0,0,0,2017-04-21,32490076,7752,102,0,0,0,0,0,0,0,0,7754,4,0,0,0,0,0,0,0,0
181,2017-04-21,09:01:30,523,pp1709,XDCE,7752,7731,7767,13198,511558210,548078,553608,7997,7237,7617,7729,0,7747,0,0,0,2017-04-21,32490523,7752,60,0,0,0,0,0,0,0,0,7754,2,0,0,0,0,0,0,0,0
182,2017-04-21,09:01:30,865,pp1709,XDCE,7753,7731,7767,13286,514970520,548114,553608,7997,7237,7617,7729,0,7747,0,0,0,2017-04-21,32490865,7755,6,0,0,0,0,0,0,0,0,7756,11,0,0,0,0,0,0,0,0
183,2017-04-21,09:01:31,441,pp1709,XDCE,7754,7731,7767,13324,516443780,548084,553608,7997,7237,7617,7729,0,7747,0,0,0,2017-04-21,32491441,7754,18,0,0,0,0,0,0,0,0,7755,20,0,0,0,0,0,0,0,0
184,2017-04-21,09:01:32,18,pp1709,XDCE,7755,7731,7767,13360,517839600,548054,553608,7997,7237,7617,7729,0,7747,0,0,0,2017-04-21,32492018,7753,3,0,0,0,0,0,0,0,0,7754,13,0,0,0,0,0,0,0,0
185,2017-04-21,09:01:32,544,pp1709,XDCE,7752,7731,7767,13434,520708240,548008,553608,7997,7237,7617,7729,0,7747,0,0,0,2017-04-21,32492544,7752,45,0,0,0,0,0,0,0,0,7755,10,0,0,0,0,0,0,0,0
186,2017-04-21,09:01:33,79,pp1709,XDCE,7753,7731,7767,13508,523576650,547968,553608,7997,7237,7617,7729,0,7747,0,0,0,2017-04-21,32493079,7752,45,0,0,0,0,0,0,0,0,7753,189,0,0,0,0,0,0,0,0
187,2017-04-21,09:01:33,549,pp1709,XDCE,7754,7731,7767,13896,538617520,547602,553608,7997,7237,7617,7729,0,7747,0,0,0,2017-04-21,32493549,7754,7,0,0,0,0,0,0,0,0,7755,10,0,0,0,0,0,0,0,0
188,2017-04-21,09:01:34,65,pp1709,XDCE,7753,7731,7767,14008,542959650,547530,553608,7997,7237,7617,7729,0,7747,0,0,0,2017-04-21,32494065,7753,90,0,0,0,0,0,0,0,0,7755,2,0,0,0,0,0,0,0,0
189,2017-04-21,09:01:34,451,pp1709,XDCE,7756,7731,7767,14160,548854180,547392,553608,7997,7237,7617,7729,0,7747,0,0,0,2017-04-21,32494451,7756,32,0,0,0,0,0,0,0,0,7757,30,0,0,0,0,0,0,0,0
190,2017-04-21,09:01:35,33,pp1709,XDCE,7757,7731,7767,14354,556376440,547228,553608,7997,7237,7617,7729,0,7747,0,0,0,2017-04-21,32495033,7753,10,0,0,0,0,0,0,0,0,7757,6,0,0,0,0,0,0,0,0
191,2017-04-21,09:01:35,543,pp1709,XDCE,7755,7731,7767,14392,557849970,547212,553608,7997,7237,7617,7729,0,7747,0,0,0,2017-04-21,32495543,7755,36,0,0,0,0,0,0,0,0,7756,4,0,0,0,0,0,0,0,0
192,2017-04-21,09:01:36,18,pp1709,XDCE,7756,7731,7767,14416,558780690,547202,553608,7997,7237,7617,7729,0,7747,0,0,0,2017-04-21,32496018,7756,1,0,0,0,0,0,0,0,0,7758,71,0,0,0,0,0,0,0,0
193,2017-04-21,09:01:36,558,pp1709,XDCE,7758,7731,7767,14418,558858270,547200,553608,7997,7237,7617,7729,0,7747,0,0,0,2017-04-21,32496558,7756,4,0,0,0,0,0,0,0,0,7758,69,0,0,0,0,0,0,0,0
194,2017-04-21,09:01:36,950,pp1709,XDCE,7756,7731,7767,14420,558935830,547198,553608,7997,7237,7617,7729,0,7747,0,0,0,2017-04-21,32496950,7756,5,0,0,0,0,0,0,0,0,7758,69,0,0,0,0,0,0,0,0
195,2017-04-21,09:01:37,464,pp1709,XDCE,7756,7731,7767,14424,559090960,547198,553608,7997,7237,7617,7729,0,7747,0,0,0,2017-04-21,32497464,7756,4,0,0,0,0,0,0,0,0,7757,12,0,0,0,0,0,0,0,0
196,2017-04-21,09:01:38,13,pp1709,XDCE,7758,7731,7767,14516,562659470,547184,553608,7997,7237,7617,7729,0,7747,0,0,0,2017-04-21,32498013,7757,1,0,0,0,0,0,0,0,0,7758,39,0,0,0,0,0,0,0,0
197,2017-04-21,09:01:38,455,pp1709,XDCE,7756,7731,7767,14522,562892170,547182,553608,7997,7237,7617,7729,0,7747,0,0,0,2017-04-21,32498455,7756,8,0,0,0,0,0,0,0,0,7757,1,0,0,0,0,0,0,0,0
198,2017-04-21,09:01:39,7,pp1709,XDCE,7756,7731,7767,14542,563667780,547172,553608,7997,7237,7617,7729,0,7747,0,0,0,2017-04-21,32499007,7755,12,0,0,0,0,0,0,0,0,7756,2,0,0,0,0,0,0,0,0
199,2017-04-21,09:01:39,480,pp1709,XDCE,7757,7731,7767,14578,565064010,547174,553608,7997,7237,7617,7729,0,7747,0,0,0,2017-04-21,32499480,7756,12,0,0,0,0,0,0,0,0,7757,7,0,0,0,0,0,0,0,0
200,2017-04-21,09:01:40,65,pp1709,XDCE,7757,7731,7767,14602,565994800,547178,553608,7997,7237,7617,7729,0,7747,0,0,0,2017-04-21,32500065,7757,35,0,0,0,0,0,0,0,0,7758,58,0,0,0,0,0,0,0,0
201,2017-04-21,09:01:40,569,pp1709,XDCE,7757,7731,7767,14652,567934140,547184,553608,7997,7237,7617,7729,0,7747,0,0,0,2017-04-21,32500569,7757,19,0,0,0,0,0,0,0,0,7758,47,0,0,0,0,0,0,0,0
202,2017-04-21,09:01:40,965,pp1709,XDCE,7758,7731,7767,14744,571502770,547136,553608,7997,7237,7617,7729,0,7747,0,0,0,2017-04-21,32500965,7757,14,0,0,0,0,0,0,0,0,7758,11,0,0,0,0,0,0,0,0
203,2017-04-21,09:01:41,526,pp1709,XDCE,7757,7731,7767,14804,573829990,547142,553608,7997,7237,7617,7729,0,7747,0,0,0,2017-04-21,32501526,7756,5,0,0,0,0,0,0,0,0,7757,3,0,0,0,0,0,0,0,0
204,2017-04-21,09:01:42,53,pp1709,XDCE,7759,7731,7767,14848,575536800,547164,553608,7997,7237,7617,7729,0,7747,0,0,0,2017-04-21,32502053,7758,16,0,0,0,0,0,0,0,0,7759,109,0,0,0,0,0,0,0,0
205,2017-04-21,09:01:42,570,pp1709,XDCE,7759,7731,7767,15114,585855200,547024,553608,7997,7237,7617,7729,0,7747,0,0,0,2017-04-21,32502570,7756,11,0,0,0,0,0,0,0,0,7759,29,0,0,0,0,0,0,0,0
206,2017-04-21,09:01:43,74,pp1709,XDCE,7757,7731,7767,15176,588260050,547002,553608,7997,7237,7617,7729,0,7747,0,0,0,2017-04-21,32503074,7755,7,0,0,0,0,0,0,0,0,7756,5,0,0,0,0,0,0,0,0
207,2017-04-21,09:01:43,553,pp1709,XDCE,7757,7731,7767,15196,589035700,546988,553608,7997,7237,7617,7729,0,7747,0,0,0,2017-04-21,32503553,7757,27,0,0,0,0,0,0,0,0,7760,71,0,0,0,0,0,0,0,0
208,2017-04-21,09:01:44,42,pp1709,XDCE,7759,7731,7767,15200,589190880,546984,553608,7997,7237,7617,7729,0,7747,0,0,0,2017-04-21,32504042,7759,1,0,0,0,0,0,0,0,0,7760,73,0,0,0,0,0,0,0,0
209,2017-04-21,09:01:44,531,pp1709,XDCE,7760,7731,7767,15224,590122020,546980,553608,7997,7237,7617,7729,0,7747,0,0,0,2017-04-21,32504531,7759,1,0,0,0,0,0,0,0,0,7760,64,0,0,0,0,0,0,0,0
210,2017-04-21,09:01:45,72,pp1709,XDCE,7757,7731,7767,15306,593302940,546898,553608,7997,7237,7617,7729,0,7747,0,0,0,2017-04-21,32505072,7757,46,0,0,0,0,0,0,0,0,7758,2,0,0,0,0,0,0,0,0
211,2017-04-21,09:01:45,542,pp1709,XDCE,7758,7731,7767,15326,594078760,546886,553608,7997,7237,7617,7729,0,7747,0,0,0,2017-04-21,32505542,7757,27,0,0,0,0,0,0,0,0,7759,7,0,0,0,0,0,0,0,0
212,2017-04-21,09:01:45,884,pp1709,XDCE,7757,7731,7767,15340,594621750,546872,553608,7997,7237,7617,7729,0,7747,0,0,0,2017-04-21,32505884,7757,15,0,0,0,0,0,0,0,0,7759,6,0,0,0,0,0,0,0,0
213,2017-04-21,09:01:46,500,pp1709,XDCE,7757,7731,7767,15368,595707760,546872,553608,7997,7237,7617,7729,0,7747,0,0,0,2017-04-21,32506500,7757,23,0,0,0,0,0,0,0,0,7758,4,0,0,0,0,0,0,0,0
214,2017-04-21,09:01:47,4,pp1709,XDCE,7757,7731,7767,15370,595785330,546870,553608,7997,7237,7617,7729,0,7747,0,0,0,2017-04-21,32507004,7757,22,0,0,0,0,0,0,0,0,7758,4,0,0,0,0,0,0,0,0
215,2017-04-21,09:01:47,519,pp1709,XDCE,7758,7731,7767,15416,597569750,546870,553608,7997,7237,7617,7729,0,7747,0,0,0,2017-04-21,32507519,7758,46,0,0,0,0,0,0,0,0,7759,6,0,0,0,0,0,0,0,0
216,2017-04-21,09:01:48,37,pp1709,XDCE,7758,7731,7767,15418,597647330,546870,553608,7997,7237,7617,7729,0,7747,0,0,0,2017-04-21,32508037,7758,63,0,0,0,0,0,0,0,0,7759,6,0,0,0,0,0,0,0,0
217,2017-04-21,09:01:48,527,pp1709,XDCE,7759,7731,7767,15436,598345640,546858,553608,7997,7237,7617,7729,0,7747,0,0,0,2017-04-21,32508527,7759,16,0,0,0,0,0,0,0,0,7760,67,0,0,0,0,0,0,0,0
218,2017-04-21,09:01:49,24,pp1709,XDCE,7760,7731,7767,15512,601294440,546802,553608,7997,7237,7617,7729,0,7747,0,0,0,2017-04-21,32509024,7759,19,0,0,0,0,0,0,0,0,7760,30,0,0,0,0,0,0,0,0
219,2017-04-21,09:01:49,570,pp1709,XDCE,7760,7731,7767,15622,605562410,546766,553608,7997,7237,7617,7729,0,7747,0,0,0,2017-04-21,32509570,7759,13,0,0,0,0,0,0,0,0,7760,2,0,0,0,0,0,0,0,0
220,2017-04-21,09:01:50,77,pp1709,XDCE,7760,7731,7767,15654,606803970,546760,553608,7997,7237,7617,7729,0,7747,0,0,0,2017-04-21,32510077,7760,12,0,0,0,0,0,0,0,0,7761,24,0,0,0,0,0,0,0,0
221,2017-04-21,09:01:50,499,pp1709,XDCE,7760,7731,7767,15702,608666460,546750,553608,7997,7237,7617,7729,0,7747,0,0,0,2017-04-21,32510499,7760,5,0,0,0,0,0,0,0,0,7761,15,0,0,0,0,0,0,0,0
222,2017-04-21,09:01:51,81,pp1709,XDCE,7761,7731,7767,15728,609675320,546744,553608,7997,7237,7617,7729,0,7747,0,0,0,2017-04-21,32511081,7760,10,0,0,0,0,0,0,0,0,7761,9,0,0,0,0,0,0,0,0
223,2017-04-21,09:01:51,566,pp1709,XDCE,7760,7731,7767,15750,610529010,546728,553608,7997,7237,7617,7729,0,7747,0,0,0,2017-04-21,32511566,7760,6,0,0,0,0,0,0,0,0,7762,22,0,0,0,0,0,0,0,0
224,2017-04-21,09:01:51,894,pp1709,XDCE,7760,7731,7767,15758,610839410,546722,553608,7997,7237,7617,7729,0,7747,0,0,0,2017-04-21,32511894,7760,2,0,0,0,0,0,0,0,0,7762,22,0,0,0,0,0,0,0,0
225,2017-04-21,09:01:52,453,pp1709,XDCE,7761,7731,7767,15782,611770620,546704,553608,7997,7237,7617,7729,0,7747,0,0,0,2017-04-21,32512453,7760,5,0,0,0,0,0,0,0,0,7762,22,0,0,0,0,0,0,0,0
226,2017-04-21,09:01:52,999,pp1709,XDCE,7760,7731,7767,15794,612236210,546700,553608,7997,7237,7617,7729,0,7747,0,0,0,2017-04-21,32512999,7760,2,0,0,0,0,0,0,0,0,7762,22,0,0,0,0,0,0,0,0
227,2017-04-21,09:01:53,490,pp1709,XDCE,7760,7731,7767,15800,612469030,546696,553608,7997,7237,7617,7729,0,7747,0,0,0,2017-04-21,32513490,7760,2,0,0,0,0,0,0,0,0,7762,23,0,0,0,0,0,0,0,0
228,2017-04-21,09:01:53,976,pp1709,XDCE,7762,7731,7767,15834,613788440,546682,553608,7997,7237,7617,7729,0,7747,0,0,0,2017-04-21,32513976,7760,1,0,0,0,0,0,0,0,0,7762,15,0,0,0,0,0,0,0,0
229,2017-04-21,09:01:54,565,pp1709,XDCE,7760,7731,7767,15844,614176500,546680,553608,7997,7237,7617,7729,0,7747,0,0,0,2017-04-21,32514565,7759,4,0,0,0,0,0,0,0,0,7761,1,0,0,0,0,0,0,0,0
230,2017-04-21,09:01:55,34,pp1709,XDCE,7759,7731,7767,15848,614331680,546682,553608,7997,7237,7617,7729,0,7747,0,0,0,2017-04-21,32515034,7759,123,0,0,0,0,0,0,0,0,7760,14,0,0,0,0,0,0,0,0
231,2017-04-21,09:01:55,384,pp1709,XDCE,7763,7731,7767,15912,616815260,546650,553608,7997,7237,7617,7729,0,7747,0,0,0,2017-04-21,32515384,7762,48,0,0,0,0,0,0,0,0,7763,28,0,0,0,0,0,0,0,0
232,2017-04-21,09:01:55,975,pp1709,XDCE,7763,7731,7767,16028,621317240,546618,553608,7997,7237,7617,7729,0,7747,0,0,0,2017-04-21,32515975,7762,1,0,0,0,0,0,0,0,0,7763,2,0,0,0,0,0,0,0,0
233,2017-04-21,09:01:56,576,pp1709,XDCE,7760,7731,7767,16046,622015760,546614,553608,7997,7237,7617,7729,0,7747,0,0,0,2017-04-21,32516576,7760,27,0,0,0,0,0,0,0,0,7762,3,0,0,0,0,0,0,0,0
234,2017-04-21,09:01:56,960,pp1709,XDCE,7760,7731,7767,16056,622403770,546608,553608,7997,7237,7617,7729,0,7747,0,0,0,2017-04-21,32516960,7760,16,0,0,0,0,0,0,0,0,7762,5,0,0,0,0,0,0,0,0
235,2017-04-21,09:01:57,530,pp1709,XDCE,7760,7731,7767,16068,622869370,546604,553608,7997,7237,7617,7729,0,7747,0,0,0,2017-04-21,32517530,7760,10,0,0,0,0,0,0,0,0,7762,5,0,0,0,0,0,0,0,0
236,2017-04-21,09:01:58,24,pp1709,XDCE,7760,7731,7767,16102,624188550,546578,553608,7997,7237,7617,7729,0,7747,0,0,0,2017-04-21,32518024,7759,3,0,0,0,0,0,0,0,0,7761,7,0,0,0,0,0,0,0,0
237,2017-04-21,09:01:58,547,pp1709,XDCE,7761,7731,7767,16108,624421380,546574,553608,7997,7237,7617,7729,0,7747,0,0,0,2017-04-21,32518547,7759,3,0,0,0,0,0,0,0,0,7761,4,0,0,0,0,0,0,0,0
238,2017-04-21,09:01:59,78,pp1709,XDCE,7759,7731,7767,16144,625818220,546556,553608,7997,7237,7617,7729,0,7747,0,0,0,2017-04-21,32519078,7758,35,0,0,0,0,0,0,0,0,7759,9,0,0,0,0,0,0,0,0
239,2017-04-21,09:01:59,439,pp1709,XDCE,7760,7731,7767,16214,628534300,546504,553608,7997,7237,7617,7729,0,7747,0,0,0,2017-04-21,32519439,7760,61,0,0,0,0,0,0,0,0,7761,12,0,0,0,0,0,0,0,0
240,2017-04-21,09:02:00,81,pp1709,XDCE,7760,7731,7767,16266,630552050,546468,553608,7997,7237,7617,7729,0,7747,0,0,0,2017-04-21,32520081,7760,50,0,0,0,0,0,0,0,0,7762,9,0,0,0,0,0,0,0,0
241,2017-04-21,09:02:00,575,pp1709,XDCE,7758,7731,7767,16316,632491740,546448,553608,7997,7237,7617,7729,0,7747,0,0,0,2017-04-21,32520575,7758,20,0,0,0,0,0,0,0,0,7760,3,0,0,0,0,0,0,0,0
242,2017-04-21,09:02:01,74,pp1709,XDCE,7760,7731,7767,16370,634586640,546456,553608,7997,7237,7617,7729,0,7747,0,0,0,2017-04-21,32521074,7759,8,0,0,0,0,0,0,0,0,7760,1,0,0,0,0,0,0,0,0
243,2017-04-21,09:02:01,515,pp1709,XDCE,7759,7731,7767,16382,635052180,546456,553608,7997,7237,7617,7729,0,7747,0,0,0,2017-04-21,32521515,7759,4,0,0,0,0,0,0,0,0,7760,1,0,0,0,0,0,0,0,0
244,2017-04-21,09:02:02,55,pp1709,XDCE,7761,7731,7767,16394,635517830,546458,553608,7997,7237,7617,7729,0,7747,0,0,0,2017-04-21,32522055,7759,4,0,0,0,0,0,0,0,0,7760,2,0,0,0,0,0,0,0,0
245,2017-04-21,09:02:02,366,pp1709,XDCE,7761,7731,7767,16436,637147360,546444,553608,7997,7237,7617,7729,0,7747,0,0,0,2017-04-21,32522366,7760,100,0,0,0,0,0,0,0,0,7761,13,0,0,0,0,0,0,0,0
246,2017-04-21,09:02:03,73,pp1709,XDCE,7760,7731,7767,16468,638389120,546418,553608,7997,7237,7617,7729,0,7747,0,0,0,2017-04-21,32523073,7760,99,0,0,0,0,0,0,0,0,7762,8,0,0,0,0,0,0,0,0
247,2017-04-21,09:02:03,458,pp1709,XDCE,7760,7731,7767,16672,646304300,546416,553608,7997,7237,7617,7729,0,7747,0,0,0,2017-04-21,32523458,7759,7,0,0,0,0,0,0,0,0,7762,8,0,0,0,0,0,0,0,0
248,2017-04-21,09:02:04,50,pp1709,XDCE,7760,7731,7767,16674,646381900,546416,553608,7997,7237,7617,7729,0,7747,0,0,0,2017-04-21,32524050,7760,7,0,0,0,0,0,0,0,0,7761,3,0,0,0,0,0,0,0,0
249,2017-04-21,09:02:04,551,pp1709,XDCE,7760,7731,7767,16676,646459500,546416,553608,7997,7237,7617,7729,0,7747,0,0,0,2017-04-21,32524551,7760,6,0,0,0,0,0,0,0,0,7761,5,0,0,0,0,0,0,0,0
250,2017-04-21,09:02:04,974,pp1709,XDCE,7761,7731,7767,16682,646692320,546414,553608,7997,7237,7617,7729,0,7747,0,0,0,2017-04-21,32524974,7760,5,0,0,0,0,0,0,0,0,7761,3,0,0,0,0,0,0,0,0
251,2017-04-21,09:02:05,450,pp1709,XDCE,7760,7731,7767,16710,647778660,546404,553608,7997,7237,7617,7729,0,7747,0,0,0,2017-04-21,32525450,7759,9,0,0,0,0,0,0,0,0,7760,4,0,0,0,0,0,0,0,0
252,2017-04-21,09:02:06,22,pp1709,XDCE,7759,7731,7767,16720,648166610,546402,553608,7997,7237,7617,7729,0,7747,0,0,0,2017-04-21,32526022,7759,6,0,0,0,0,0,0,0,0,7760,5,0,0,0,0,0,0,0,0
253,2017-04-21,09:02:06,497,pp1709,XDCE,7760,7731,7767,16734,648709790,546406,553608,7997,7237,7617,7729,0,7747,0,0,0,2017-04-21,32526497,7759,5,0,0,0,0,0,0,0,0,7760,10,0,0,0,0,0,0,0,0
254,2017-04-21,09:02:07,38,pp1709,XDCE,7760,7731,7767,16734,648709790,546406,553608,7997,7237,7617,7729,0,7747,0,0,0,2017-04-21,32527038,7759,5,0,0,0,0,0,0,0,0,7760,16,0,0,0,0,0,0,0,0
255,2017-04-21,09:02:07,579,pp1709,XDCE,7759,7731,7767,16736,648787380,546404,553608,7997,7237,7617,7729,0,7747,0,0,0,2017-04-21,32527579,7759,4,0,0,0,0,0,0,0,0,7760,17,0,0,0,0,0,0,0,0
256,2017-04-21,09:02:07,970,pp1709,XDCE,7759,7731,7767,16744,649097740,546404,553608,7997,7237,7617,7729,0,7747,0,0,0,2017-04-21,32527970,7758,7,0,0,0,0,0,0,0,0,7759,8,0,0,0,0,0,0,0,0
257,2017-04-21,09:02:08,421,pp1709,XDCE,7758,7731,7767,16750,649330480,546406,553608,7997,7237,7617,7729,0,7747,0,0,0,2017-04-21,32528421,7757,7,0,0,0,0,0,0,0,0,7758,4,0,0,0,0,0,0,0,0
258,2017-04-21,09:02:09,31,pp1709,XDCE,7757,7731,7767,16762,649795940,546406,553608,7997,7237,7617,7729,0,7747,0,0,0,2017-04-21,32529031,7757,3,0,0,0,0,0,0,0,0,7758,1,0,0,0,0,0,0,0,0
259,2017-04-21,09:02:09,459,pp1709,XDCE,7756,7731,7767,16994,658792930,546176,553608,7997,7237,7617,7729,0,7747,0,0,0,2017-04-21,32529459,7756,62,0,0,0,0,0,0,0,0,7757,16,0,0,0,0,0,0,0,0
260,2017-04-21,09:02:10,41,pp1709,XDCE,7753,7731,7767,17156,665074810,546066,553608,7997,7237,7617,7729,0,7747,0,0,0,2017-04-21,32530041,7752,7,0,0,0,0,0,0,0,0,7753,4,0,0,0,0,0,0,0,0
261,2017-04-21,09:02:10,560,pp1709,XDCE,7753,7731,7767,17184,666160160,546052,553608,7997,7237,7617,7729,0,7747,0,0,0,2017-04-21,32530560,7751,11,0,0,0,0,0,0,0,0,7754,3,0,0,0,0,0,0,0,0
262,2017-04-21,09:02:11,48,pp1709,XDCE,7754,7731,7767,17202,666857820,546048,553608,7997,7237,7617,7729,0,7747,0,0,0,2017-04-21,32531048,7751,5,0,0,0,0,0,0,0,0,7754,5,0,0,0,0,0,0,0,0
263,2017-04-21,09:02:11,571,pp1709,XDCE,7751,7731,7767,17206,667012850,546046,553608,7997,7237,7617,7729,0,7747,0,0,0,2017-04-21,32531571,7751,7,0,0,0,0,0,0,0,0,7754,3,0,0,0,0,0,0,0,0
264,2017-04-21,09:02:12,23,pp1709,XDCE,7750,7731,7767,17318,671353390,545970,553608,7997,7237,7617,7729,0,7747,0,0,0,2017-04-21,32532023,7750,57,0,0,0,0,0,0,0,0,7751,42,0,0,0,0,0,0,0,0
265,2017-04-21,09:02:12,361,pp1709,XDCE,7751,7731,7767,17364,673136110,545926,553608,7997,7237,7617,7729,0,7747,0,0,0,2017-04-21,32532361,7750,57,0,0,0,0,0,0,0,0,7751,20,0,0,0,0,0,0,0,0
266,2017-04-21,09:02:13,72,pp1709,XDCE,7750,7731,7767,17424,675461380,545894,553608,7997,7237,7617,7729,0,7747,0,0,0,2017-04-21,32533072,7750,54,0,0,0,0,0,0,0,0,7754,5,0,0,0,0,0,0,0,0
267,2017-04-21,09:02:13,576,pp1709,XDCE,7750,7731,7767,17446,676313970,545876,553608,7997,7237,7617,7729,0,7747,0,0,0,2017-04-21,32533576,7750,53,0,0,0,0,0,0,0,0,7753,2,0,0,0,0,0,0,0,0
268,2017-04-21,09:02:13,888,pp1709,XDCE,7750,7731,7767,17458,676778980,545874,553608,7997,7237,7617,7729,0,7747,0,0,0,2017-04-21,32533888,7750,48,0,0,0,0,0,0,0,0,7753,5,0,0,0,0,0,0,0,0
269,2017-04-21,09:02:14,556,pp1709,XDCE,7750,7731,7767,17544,680112290,545848,553608,7997,7237,7617,7729,0,7747,0,0,0,2017-04-21,32534556,7750,28,0,0,0,0,0,0,0,0,7753,2,0,0,0,0,0,0,0,0
270,2017-04-21,09:02:15,51,pp1709,XDCE,7752,7731,7767,17552,680422350,545846,553608,7997,7237,7617,7729,0,7747,0,0,0,2017-04-21,32535051,7750,30,0,0,0,0,0,0,0,0,7753,5,0,0,0,0,0,0,0,0
271,2017-04-21,09:02:15,526,pp1709,XDCE,7750,7731,7767,17562,680809880,545850,553608,7997,7237,7617,7729,0,7747,0,0,0,2017-04-21,32535526,7750,28,0,0,0,0,0,0,0,0,7753,7,0,0,0,0,0,0,0,0
272,2017-04-21,09:02:15,997,pp1709,XDCE,7750,7731,7767,17570,681119880,545854,553608,7997,7237,7617,7729,0,7747,0,0,0,2017-04-21,32535997,7750,24,0,0,0,0,0,0,0,0,7753,7,0,0,0,0,0,0,0,0
273,2017-04-21,09:02:16,245,pp1709,XDCE,7750,7731,7767,17570,681119880,545854,553608,7997,7237,7617,7729,0,7747,0,0,0,2017-04-21,32536245,7750,24,0,0,0,0,0,0,0,0,7753,8,0,0,0,0,0,0,0,0
274,2017-04-21,09:02:17,14,pp1709,XDCE,7750,7731,7767,17570,681119880,545854,553608,7997,7237,7617,7729,0,7747,0,0,0,2017-04-21,32537014,7750,24,0,0,0,0,0,0,0,0,7753,5,0,0,0,0,0,0,0,0
275,2017-04-21,09:02:17,359,pp1709,XDCE,7750,7731,7767,17572,681197380,545856,553608,7997,7237,7617,7729,0,7747,0,0,0,2017-04-21,32537359,7750,23,0,0,0,0,0,0,0,0,7753,1,0,0,0,0,0,0,0,0
276,2017-04-21,09:02:18,80,pp1709,XDCE,7753,7731,7767,17590,681894910,545868,553608,7997,7237,7617,7729,0,7747,0,0,0,2017-04-21,32538080,7750,16,0,0,0,0,0,0,0,0,7755,6,0,0,0,0,0,0,0,0
277,2017-04-21,09:02:18,417,pp1709,XDCE,7753,7731,7767,17602,682359990,545860,553608,7997,7237,7617,7729,0,7747,0,0,0,2017-04-21,32538417,7751,4,0,0,0,0,0,0,0,0,7753,2,0,0,0,0,0,0,0,0
278,2017-04-21,09:02:19,84,pp1709,XDCE,7753,7731,7767,17612,682747580,545860,553608,7997,7237,7617,7729,0,7747,0,0,0,2017-04-21,32539084,7753,199,0,0,0,0,0,0,0,0,7754,5,0,0,0,0,0,0,0,0
279,2017-04-21,09:02:19,480,pp1709,XDCE,7753,7731,7767,17662,684685920,545830,553608,7997,7237,7617,7729,0,7747,0,0,0,2017-04-21,32539480,7754,10,0,0,0,0,0,0,0,0,7755,8,0,0,0,0,0,0,0,0
280,2017-04-21,09:02:20,51,pp1709,XDCE,7755,7731,7767,17678,685306320,545816,553608,7997,7237,7617,7729,0,7747,0,0,0,2017-04-21,32540051,7755,2,0,0,0,0,0,0,0,0,7756,8,0,0,0,0,0,0,0,0
281,2017-04-21,09:02:20,469,pp1709,XDCE,7755,7731,7767,17682,685461420,545812,553608,7997,7237,7617,7729,0,7747,0,0,0,2017-04-21,32540469,7755,4,0,0,0,0,0,0,0,0,7756,8,0,0,0,0,0,0,0,0
282,2017-04-21,09:02:21,79,pp1709,XDCE,7755,7731,7767,17700,686159390,545798,553608,7997,7237,7617,7729,0,7747,0,0,0,2017-04-21,32541079,7755,4,0,0,0,0,0,0,0,0,7756,4,0,0,0,0,0,0,0,0
283,2017-04-21,09:02:21,387,pp1709,XDCE,7753,7731,7767,17712,686624660,545800,553608,7997,7237,7617,7729,0,7747,0,0,0,2017-04-21,32541387,7754,3,0,0,0,0,0,0,0,0,7756,8,0,0,0,0,0,0,0,0
284,2017-04-21,09:02:21,863,pp1709,XDCE,7756,7731,7767,17716,686779760,545798,553608,7997,7237,7617,7729,0,7747,0,0,0,2017-04-21,32541863,7754,2,0,0,0,0,0,0,0,0,7756,7,0,0,0,0,0,0,0,0
285,2017-04-21,09:02:22,368,pp1709,XDCE,7755,7731,7767,17724,687089960,545798,553608,7997,7237,7617,7729,0,7747,0,0,0,2017-04-21,32542368,7755,41,0,0,0,0,0,0,0,0,7756,3,0,0,0,0,0,0,0,0
286,2017-04-21,09:02:23,25,pp1709,XDCE,7756,7731,7767,17728,687245080,545794,553608,7997,7237,7617,7729,0,7747,0,0,0,2017-04-21,32543025,7756,4,0,0,0,0,0,0,0,0,7757,13,0,0,0,0,0,0,0,0
287,2017-04-21,09:02:23,547,pp1709,XDCE,7756,7731,7767,17730,687322640,545792,553608,7997,7237,7617,7729,0,7747,0,0,0,2017-04-21,32543547,7756,8,0,0,0,0,0,0,0,0,7757,13,0,0,0,0,0,0,0,0
288,2017-04-21,09:02:24,16,pp1709,XDCE,7755,7731,7767,17752,688175770,545790,553608,7997,7237,7617,7729,0,7747,0,0,0,2017-04-21,32544016,7755,31,0,0,0,0,0,0,0,0,7757,15,0,0,0,0,0,0,0,0
289,2017-04-21,09:02:24,482,pp1709,XDCE,7757,7731,7767,17758,688408480,545796,553608,7997,7237,7617,7729,0,7747,0,0,0,2017-04-21,32544482,7755,31,0,0,0,0,0,0,0,0,7757,12,0,0,0,0,0,0,0,0
290,2017-04-21,09:02:25,504,pp1709,XDCE,7756,7731,7767,17762,688563600,545794,553608,7997,7237,7617,7729,0,7747,0,0,0,2017-04-21,32545504,7756,4,0,0,0,0,0,0,0,0,7757,12,0,0,0,0,0,0,0,0
291,2017-04-21,09:02:26,26,pp1709,XDCE,7755,7731,7767,17774,689028940,545782,553608,7997,7237,7617,7729,0,7747,0,0,0,2017-04-21,32546026,7755,29,0,0,0,0,0,0,0,0,7756,1,0,0,0,0,0,0,0,0
292,2017-04-21,09:02:26,409,pp1709,XDCE,7755,7731,7767,17844,691743780,545728,553608,7997,7237,7617,7729,0,7747,0,0,0,2017-04-21,32546409,7755,22,0,0,0,0,0,0,0,0,7756,4,0,0,0,0,0,0,0,0
293,2017-04-21,09:02:27,38,pp1709,XDCE,7755,7731,7767,17844,691743780,545728,553608,7997,7237,7617,7729,0,7747,0,0,0,2017-04-21,32547038,7755,22,0,0,0,0,0,0,0,0,7756,15,0,0,0,0,0,0,0,0
294,2017-04-21,09:02:27,488,pp1709,XDCE,7755,7731,7767,17922,694768230,545684,553608,7997,7237,7617,7729,0,7747,0,0,0,2017-04-21,32547488,7754,11,0,0,0,0,0,0,0,0,7756,15,0,0,0,0,0,0,0,0
295,2017-04-21,09:02:27,937,pp1709,XDCE,7756,7731,7767,17942,695543830,545676,553608,7997,7237,7617,7729,0,7747,0,0,0,2017-04-21,32547937,7754,5,0,0,0,0,0,0,0,0,7756,8,0,0,0,0,0,0,0,0
296,2017-04-21,09:02:28,558,pp1709,XDCE,7756,7731,7767,17942,695543830,545676,553608,7997,7237,7617,7729,0,7747,0,0,0,2017-04-21,32548558,7754,7,0,0,0,0,0,0,0,0,7755,1,0,0,0,0,0,0,0,0
297,2017-04-21,09:02:29,62,pp1709,XDCE,7755,7731,7767,17944,695621380,545674,553608,7997,7237,7617,7729,0,7747,0,0,0,2017-04-21,32549062,7755,8,0,0,0,0,0,0,0,0,7756,7,0,0,0,0,0,0,0,0
298,2017-04-21,09:02:29,466,pp1709,XDCE,7755,7731,7767,17960,696241830,545678,553608,7997,7237,7617,7729,0,7747,0,0,0,2017-04-21,32549466,7755,5,0,0,0,0,0,0,0,0,7756,9,0,0,0,0,0,0,0,0
299,2017-04-21,09:02:30,0,pp1709,XDCE,7754,7731,7767,17976,696862220,545670,553608,7997,7237,7617,7729,0,7747,0,0,0,2017-04-21,32550000,7754,7,0,0,0,0,0,0,0,0,7755,1,0,0,0,0,0,0,0,0
300,2017-04-21,09:02:30,481,pp1709,XDCE,7755,7731,7767,17990,697405120,545674,553608,7997,7237,7617,7729,0,7747,0,0,0,2017-04-21,32550481,7755,1,0,0,0,0,0,0,0,0,7756,4,0,0,0,0,0,0,0,0
301,2017-04-21,09:02:31,83,pp1709,XDCE,7755,7731,7767,17996,697637770,545676,553608,7997,7237,7617,7729,0,7747,0,0,0,2017-04-21,32551083,7755,2,0,0,0,0,0,0,0,0,7756,5,0,0,0,0,0,0,0,0
302,2017-04-21,09:02:31,557,pp1709,XDCE,7754,7731,7767,18042,699421370,545652,553608,7997,7237,7617,7729,0,7747,0,0,0,2017-04-21,32551557,7755,5,0,0,0,0,0,0,0,0,7757,8,0,0,0,0,0,0,0,0
303,2017-04-21,09:02:32,60,pp1709,XDCE,7755,7731,7767,18048,699654010,545656,553608,7997,7237,7617,7729,0,7747,0,0,0,2017-04-21,32552060,7755,9,0,0,0,0,0,0,0,0,7757,7,0,0,0,0,0,0,0,0
304,2017-04-21,09:02:32,518,pp1709,XDCE,7757,7731,7767,18066,700352140,545656,553608,7997,7237,7617,7729,0,7747,0,0,0,2017-04-21,32552518,7756,11,0,0,0,0,0,0,0,0,7758,59,0,0,0,0,0,0,0,0
305,2017-04-21,09:02:33,64,pp1709,XDCE,7758,7731,7767,18068,700429720,545656,553608,7997,7237,7617,7729,0,7747,0,0,0,2017-04-21,32553064,7756,13,0,0,0,0,0,0,0,0,7758,59,0,0,0,0,0,0,0,0
306,2017-04-21,09:02:33,486,pp1709,XDCE,7757,7731,7767,18218,706248180,545552,553608,7997,7237,7617,7729,0,7747,0,0,0,2017-04-21,32553486,7756,13,0,0,0,0,0,0,0,0,7759,25,0,0,0,0,0,0,0,0
307,2017-04-21,09:02:33,983,pp1709,XDCE,7758,7731,7767,18260,707877520,545514,553608,7997,7237,7617,7729,0,7747,0,0,0,2017-04-21,32553983,7758,2,0,0,0,0,0,0,0,0,7759,9,0,0,0,0,0,0,0,0
308,2017-04-21,09:02:34,503,pp1709,XDCE,7759,7731,7767,18278,708575830,545502,553608,7997,7237,7617,7729,0,7747,0,0,0,2017-04-21,32554503,7758,3,0,0,0,0,0,0,0,0,7760,62,0,0,0,0,0,0,0,0
309,2017-04-21,09:02:35,20,pp1709,XDCE,7759,7731,7767,18278,708575830,545502,553608,7997,7237,7617,7729,0,7747,0,0,0,2017-04-21,32555020,7759,12,0,0,0,0,0,0,0,0,7760,64,0,0,0,0,0,0,0,0
310,2017-04-21,09:02:35,469,pp1709,XDCE,7760,7731,7767,18336,710826230,545454,553608,7997,7237,7617,7729,0,7747,0,0,0,2017-04-21,32555469,7759,12,0,0,0,0,0,0,0,0,7760,35,0,0,0,0,0,0,0,0
311,2017-04-21,09:02:35,986,pp1709,XDCE,7761,7731,7767,18416,713930280,545400,553608,7997,7237,7617,7729,0,7747,0,0,0,2017-04-21,32555986,7760,4,0,0,0,0,0,0,0,0,7762,18,0,0,0,0,0,0,0,0
312,2017-04-21,09:02:36,568,pp1709,XDCE,7760,7731,7767,18424,714240730,545398,553608,7997,7237,7617,7729,0,7747,0,0,0,2017-04-21,32556568,7760,6,0,0,0,0,0,0,0,0,7762,16,0,0,0,0,0,0,0,0
313,2017-04-21,09:02:36,909,pp1709,XDCE,7760,7731,7767,18440,714861530,545396,553608,7997,7237,7617,7729,0,7747,0,0,0,2017-04-21,32556909,7760,10,0,0,0,0,0,0,0,0,7762,16,0,0,0,0,0,0,0,0
314,2017-04-21,09:02:37,482,pp1709,XDCE,7760,7731,7767,18440,714861530,545396,553608,7997,7237,7617,7729,0,7747,0,0,0,2017-04-21,32557482,7760,26,0,0,0,0,0,0,0,0,7762,16,0,0,0,0,0,0,0,0
315,2017-04-21,09:02:38,7,pp1709,XDCE,7760,7731,7767,18444,715016750,545394,553608,7997,7237,7617,7729,0,7747,0,0,0,2017-04-21,32558007,7760,25,0,0,0,0,0,0,0,0,7762,15,0,0,0,0,0,0,0,0
316,2017-04-21,09:02:38,555,pp1709,XDCE,7760,7731,7767,18490,716801650,545370,553608,7997,7237,7617,7729,0,7747,0,0,0,2017-04-21,32558555,7761,1,0,0,0,0,0,0,0,0,7762,12,0,0,0,0,0,0,0,0
317,2017-04-21,09:02:38,992,pp1709,XDCE,7761,7731,7767,18496,717034470,545368,553608,7997,7237,7617,7729,0,7747,0,0,0,2017-04-21,32558992,7760,8,0,0,0,0,0,0,0,0,7761,2,0,0,0,0,0,0,0,0
318,2017-04-21,09:02:39,428,pp1709,XDCE,7761,7731,7767,18500,717189690,545368,553608,7997,7237,7617,7729,0,7747,0,0,0,2017-04-21,32559428,7760,8,0,0,0,0,0,0,0,0,7762,17,0,0,0,0,0,0,0,0
319,2017-04-21,09:02:40,75,pp1709,XDCE,7761,7731,7767,18508,717500110,545368,553608,7997,7237,7617,7729,0,7747,0,0,0,2017-04-21,32560075,7760,6,0,0,0,0,0,0,0,0,7761,1,0,0,0,0,0,0,0,0
320,2017-04-21,09:02:40,537,pp1709,XDCE,7760,7731,7767,18522,718043320,545368,553608,7997,7237,7617,7729,0,7747,0,0,0,2017-04-21,32560537,7759,3,0,0,0,0,0,0,0,0,7760,1,0,0,0,0,0,0,0,0
321,2017-04-21,09:02:41,44,pp1709,XDCE,7761,7731,7767,18526,718198530,545368,553608,7997,7237,7617,7729,0,7747,0,0,0,2017-04-21,32561044,7760,8,0,0,0,0,0,0,0,0,7761,6,0,0,0,0,0,0,0,0
322,2017-04-21,09:02:41,583,pp1709,XDCE,7759,7731,7767,18548,719052120,545356,553608,7997,7237,7617,7729,0,7747,0,0,0,2017-04-21,32561583,7759,2,0,0,0,0,0,0,0,0,7760,1,0,0,0,0,0,0,0,0
323,2017-04-21,09:02:41,977,pp1709,XDCE,7760,7731,7767,18554,719284930,545356,553608,7997,7237,7617,7729,0,7747,0,0,0,2017-04-21,32561977,7759,5,0,0,0,0,0,0,0,0,7760,5,0,0,0,0,0,0,0,0
324,2017-04-21,09:02:42,443,pp1709,XDCE,7760,7731,7767,18556,719362530,545356,553608,7997,7237,7617,7729,0,7747,0,0,0,2017-04-21,32562443,7759,2,0,0,0,0,0,0,0,0,7760,4,0,0,0,0,0,0,0,0
325,2017-04-21,09:02:42,999,pp1709,XDCE,7761,7731,7767,18570,719905740,545344,553608,7997,7237,7617,7729,0,7747,0,0,0,2017-04-21,32562999,7760,185,0,0,0,0,0,0,0,0,7761,1,0,0,0,0,0,0,0,0
326,2017-04-21,09:02:43,513,pp1709,XDCE,7760,7731,7767,18586,720526580,545344,553608,7997,7237,7617,7729,0,7747,0,0,0,2017-04-21,32563513,7761,1,0,0,0,0,0,0,0,0,7762,15,0,0,0,0,0,0,0,0
327,2017-04-21,09:02:44,1,pp1709,XDCE,7762,7731,7767,18598,720992300,545352,553608,7997,7237,7617,7729,0,7747,0,0,0,2017-04-21,32564001,7761,1,0,0,0,0,0,0,0,0,7762,9,0,0,0,0,0,0,0,0
328,2017-04-21,09:02:44,452,pp1709,XDCE,7762,7731,7767,18616,721690880,545344,553608,7997,7237,7617,7729,0,7747,0,0,0,2017-04-21,32564452,7761,34,0,0,0,0,0,0,0,0,7763,3,0,0,0,0,0,0,0,0
329,2017-04-21,09:02:45,70,pp1709,XDCE,7762,7731,7767,18634,722389500,545340,553608,7997,7237,7617,7729,0,7747,0,0,0,2017-04-21,32565070,7762,11,0,0,0,0,0,0,0,0,7764,26,0,0,0,0,0,0,0,0
330,2017-04-21,09:02:45,571,pp1709,XDCE,7762,7731,7767,18634,722389500,545340,553608,7997,7237,7617,7729,0,7747,0,0,0,2017-04-21,32565571,7763,11,0,0,0,0,0,0,0,0,7764,26,0,0,0,0,0,0,0,0
331,2017-04-21,09:02:46,54,pp1709,XDCE,7762,7731,7767,18706,725184230,545298,553608,7997,7237,7617,7729,0,7747,0,0,0,2017-04-21,32566054,7762,5,0,0,0,0,0,0,0,0,7764,11,0,0,0,0,0,0,0,0
332,2017-04-21,09:02:46,454,pp1709,XDCE,7763,7731,7767,18708,725261860,545296,553608,7997,7237,7617,7729,0,7747,0,0,0,2017-04-21,32566454,7762,6,0,0,0,0,0,0,0,0,7763,1,0,0,0,0,0,0,0,0
333,2017-04-21,09:02:47,20,pp1709,XDCE,7763,7731,7767,18742,726581430,545280,553608,7997,7237,7617,7729,0,7747,0,0,0,2017-04-21,32567020,7763,5,0,0,0,0,0,0,0,0,7764,13,0,0,0,0,0,0,0,0
334,2017-04-21,09:02:47,559,pp1709,XDCE,7763,7731,7767,18756,727124840,545278,553608,7997,7237,7617,7729,0,7747,0,0,0,2017-04-21,32567559,7760,185,0,0,0,0,0,0,0,0,7763,30,0,0,0,0,0,0,0,0
335,2017-04-21,09:02:48,59,pp1709,XDCE,7763,7731,7767,18786,728289120,545268,553608,7997,7237,7617,7729,0,7747,0,0,0,2017-04-21,32568059,7761,2,0,0,0,0,0,0,0,0,7763,24,0,0,0,0,0,0,0,0
336,2017-04-21,09:02:48,526,pp1709,XDCE,7764,7731,7767,18852,730850840,545216,553608,7997,7237,7617,7729,0,7747,0,0,0,2017-04-21,32568526,7763,155,0,0,0,0,0,0,0,0,7764,10,0,0,0,0,0,0,0,0
337,2017-04-21,09:02:49,58,pp1709,XDCE,7763,7731,7767,19120,741253260,544976,553608,7997,7237,7617,7729,0,7747,0,0,0,2017-04-21,32569058,7763,21,0,0,0,0,0,0,0,0,7764,15,0,0,0,0,0,0,0,0
338,2017-04-21,09:02:49,546,pp1709,XDCE,7764,7731,7767,19214,744901780,544936,553608,7997,7237,7617,7729,0,7747,0,0,0,2017-04-21,32569546,7760,4,0,0,0,0,0,0,0,0,7763,2,0,0,0,0,0,0,0,0
339,2017-04-21,09:02:49,762,pp1709,XDCE,7764,7731,7767,19216,744979420,544938,553608,7997,7237,7617,7729,0,7747,0,0,0,2017-04-21,32569762,7761,3,0,0,0,0,0,0,0,0,7763,3,0,0,0,0,0,0,0,0
340,2017-04-21,09:02:50,369,pp1709,XDCE,7763,7731,7767,19234,745678140,544944,553608,7997,7237,7617,7729,0,7747,0,0,0,2017-04-21,32570369,7763,28,0,0,0,0,0,0,0,0,7764,5,0,0,0,0,0,0,0,0
341,2017-04-21,09:02:51,72,pp1709,XDCE,7763,7731,7767,19302,748317610,544950,553608,7997,7237,7617,7729,0,7747,0,0,0,2017-04-21,32571072,7762,1,0,0,0,0,0,0,0,0,7763,3,0,0,0,0,0,0,0,0
342,2017-04-21,09:02:51,573,pp1709,XDCE,7763,7731,7767,19332,749481970,544966,553608,7997,7237,7617,7729,0,7747,0,0,0,2017-04-21,32571573,7760,4,0,0,0,0,0,0,0,0,7763,2,0,0,0,0,0,0,0,0
343,2017-04-21,09:02:52,62,pp1709,XDCE,7763,7731,7767,19362,750646390,544944,553608,7997,7237,7617,7729,0,7747,0,0,0,2017-04-21,32572062,7760,6,0,0,0,0,0,0,0,0,7762,4,0,0,0,0,0,0,0,0
344,2017-04-21,09:02:52,554,pp1709,XDCE,7763,7731,7767,19396,751966020,544938,553608,7997,7237,7617,7729,0,7747,0,0,0,2017-04-21,32572554,7760,4,0,0,0,0,0,0,0,0,7763,2,0,0,0,0,0,0,0,0
345,2017-04-21,09:02:52,927,pp1709,XDCE,7763,7731,7767,19398,752043650,544938,553608,7997,7237,7617,7729,0,7747,0,0,0,2017-04-21,32572927,7760,4,0,0,0,0,0,0,0,0,7762,13,0,0,0,0,0,0,0,0
346,2017-04-21,09:02:53,540,pp1709,XDCE,7761,7731,7767,19406,752354120,544940,553608,7997,7237,7617,7729,0,7747,0,0,0,2017-04-21,32573540,7760,3,0,0,0,0,0,0,0,0,7761,3,0,0,0,0,0,0,0,0
347,2017-04-21,09:02:53,962,pp1709,XDCE,7761,7731,7767,19440,753673250,544940,553608,7997,7237,7617,7729,0,7747,0,0,0,2017-04-21,32573962,7758,2,0,0,0,0,0,0,0,0,7759,11,0,0,0,0,0,0,0,0
348,2017-04-21,09:02:54,548,pp1709,XDCE,7759,7731,7767,19456,754293930,544952,553608,7997,7237,7617,7729,0,7747,0,0,0,2017-04-21,32574548,7758,8,0,0,0,0,0,0,0,0,7759,16,0,0,0,0,0,0,0,0
349,2017-04-21,09:02:54,994,pp1709,XDCE,7758,7731,7767,19458,754371510,544950,553608,7997,7237,7617,7729,0,7747,0,0,0,2017-04-21,32574994,7758,5,0,0,0,0,0,0,0,0,7759,15,0,0,0,0,0,0,0,0
350,2017-04-21,09:02:55,556,pp1709,XDCE,7758,7731,7767,19486,755457760,544978,553608,7997,7237,7617,7729,0,7747,0,0,0,2017-04-21,32575556,7758,14,0,0,0,0,0,0,0,0,7759,2,0,0,0,0,0,0,0,0
351,2017-04-21,09:02:56,5,pp1709,XDCE,7758,7731,7767,19488,755535340,544978,553608,7997,7237,7617,7729,0,7747,0,0,0,2017-04-21,32576005,7758,13,0,0,0,0,0,0,0,0,7759,2,0,0,0,0,0,0,0,0
352,2017-04-21,09:02:57,48,pp1709,XDCE,7759,7731,7767,19494,755768110,544978,553608,7997,7237,7617,7729,0,7747,0,0,0,2017-04-21,32577048,7759,3,0,0,0,0,0,0,0,0,7760,10,0,0,0,0,0,0,0,0
353,2017-04-21,09:02:57,397,pp1709,XDCE,7759,7731,7767,19498,755923290,544980,553608,7997,7237,7617,7729,0,7747,0,0,0,2017-04-21,32577397,7759,1,0,0,0,0,0,0,0,0,7760,10,0,0,0,0,0,0,0,0
354,2017-04-21,09:02:58,45,pp1709,XDCE,7758,7731,7767,19516,756621530,544986,553608,7997,7237,7617,7729,0,7747,0,0,0,2017-04-21,32578045,7758,6,0,0,0,0,0,0,0,0,7759,10,0,0,0,0,0,0,0,0
355,2017-04-21,09:02:58,490,pp1709,XDCE,7759,7731,7767,19574,758871780,544960,553608,7997,7237,7617,7729,0,7747,0,0,0,2017-04-21,32578490,7759,1,0,0,0,0,0,0,0,0,7760,8,0,0,0,0,0,0,0,0
356,2017-04-21,09:02:59,53,pp1709,XDCE,7760,7731,7767,19618,760578710,544960,553608,7997,7237,7617,7729,0,7747,0,0,0,2017-04-21,32579053,7758,28,0,0,0,0,0,0,0,0,7761,10,0,0,0,0,0,0,0,0
357,2017-04-21,09:02:59,512,pp1709,XDCE,7758,7731,7767,19640,761432110,544960,553608,7997,7237,7617,7729,0,7747,0,0,0,2017-04-21,32579512,7757,2,0,0,0,0,0,0,0,0,7758,22,0,0,0,0,0,0,0,0
358,2017-04-21,09:03:00,12,pp1709,XDCE,7758,7731,7767,19646,761664830,544960,553608,7997,7237,7617,7729,0,7747,0,0,0,2017-04-21,32580012,7756,12,0,0,0,0,0,0,0,0,7758,22,0,0,0,0,0,0,0,0
359,2017-04-21,09:03:00,538,pp1709,XDCE,7758,7731,7767,19648,761742410,544962,553608,7997,7237,7617,7729,0,7747,0,0,0,2017-04-21,32580538,7756,12,0,0,0,0,0,0,0,0,7758,34,0,0,0,0,0,0,0,0
360,2017-04-21,09:03:01,15,pp1709,XDCE,7755,7731,7767,19720,764534340,544968,553608,7997,7237,7617,7729,0,7747,0,0,0,2017-04-21,32581015,7754,9,0,0,0,0,0,0,0,0,7756,16,0,0,0,0,0,0,0,0
361,2017-04-21,09:03:01,551,pp1709,XDCE,7753,7731,7767,19780,766860530,544952,553608,7997,7237,7617,7729,0,7747,0,0,0,2017-04-21,32581551,7753,83,0,0,0,0,0,0,0,0,7755,1,0,0,0,0,0,0,0,0
362,2017-04-21,09:03:02,50,pp1709,XDCE,7754,7731,7767,19798,767558350,544954,553608,7997,7237,7617,7729,0,7747,0,0,0,2017-04-21,32582050,7754,1,0,0,0,0,0,0,0,0,7755,11,0,0,0,0,0,0,0,0
363,2017-04-21,09:03:02,513,pp1709,XDCE,7755,7731,7767,19814,768178640,544954,553608,7997,7237,7617,7729,0,7747,0,0,0,2017-04-21,32582513,7753,75,0,0,0,0,0,0,0,0,7754,1,0,0,0,0,0,0,0,0
364,2017-04-21,09:03:03,55,pp1709,XDCE,7754,7731,7767,19850,769574280,544954,553608,7997,7237,7617,7729,0,7747,0,0,0,2017-04-21,32583055,7753,67,0,0,0,0,0,0,0,0,7755,1,0,0,0,0,0,0,0,0
365,2017-04-21,09:03:03,526,pp1709,XDCE,7753,7731,7767,19854,769729340,544954,553608,7997,7237,7617,7729,0,7747,0,0,0,2017-04-21,32583526,7753,65,0,0,0,0,0,0,0,0,7755,2,0,0,0,0,0,0,0,0
366,2017-04-21,09:03:04,22,pp1709,XDCE,7755,7731,7767,19858,769884420,544952,553608,7997,7237,7617,7729,0,7747,0,0,0,2017-04-21,32584022,7754,2,0,0,0,0,0,0,0,0,7755,1,0,0,0,0,0,0,0,0
367,2017-04-21,09:03:04,504,pp1709,XDCE,7753,7731,7767,19878,770659890,544956,553608,7997,7237,7617,7729,0,7747,0,0,0,2017-04-21,32584504,7753,63,0,0,0,0,0,0,0,0,7755,3,0,0,0,0,0,0,0,0
368,2017-04-21,09:03:05,16,pp1709,XDCE,7754,7731,7767,19886,770970080,544956,553608,7997,7237,7617,7729,0,7747,0,0,0,2017-04-21,32585016,7754,2,0,0,0,0,0,0,0,0,7756,8,0,0,0,0,0,0,0,0
369,2017-04-21,09:03:05,410,pp1709,XDCE,7753,7731,7767,19896,771357730,544946,553608,7997,7237,7617,7729,0,7747,0,0,0,2017-04-21,32585410,7753,58,0,0,0,0,0,0,0,0,7756,8,0,0,0,0,0,0,0,0
370,2017-04-21,09:03:06,60,pp1709,XDCE,7753,7731,7767,19904,771667850,544946,553608,7997,7237,7617,7729,0,7747,0,0,0,2017-04-21,32586060,7753,54,0,0,0,0,0,0,0,0,7756,2,0,0,0,0,0,0,0,0
371,2017-04-21,09:03:06,559,pp1709,XDCE,7754,7731,7767,19922,772365690,544942,553608,7997,7237,7617,7729,0,7747,0,0,0,2017-04-21,32586559,7753,48,0,0,0,0,0,0,0,0,7757,46,0,0,0,0,0,0,0,0
372,2017-04-21,09:03:07,73,pp1709,XDCE,7754,7731,7767,19922,772365690,544942,553608,7997,7237,7617,7729,0,7747,0,0,0,2017-04-21,32587073,7753,48,0,0,0,0,0,0,0,0,7754,10,0,0,0,0,0,0,0,0
373,2017-04-21,09:03:07,554,pp1709,XDCE,7753,7731,7767,19964,773993920,544920,553608,7997,7237,7617,7729,0,7747,0,0,0,2017-04-21,32587554,7753,40,0,0,0,0,0,0,0,0,7755,3,0,0,0,0,0,0,0,0
374,2017-04-21,09:03:08,82,pp1709,XDCE,7753,7731,7767,19966,774071450,544918,553608,7997,7237,7617,7729,0,7747,0,0,0,2017-04-21,32588082,7753,39,0,0,0,0,0,0,0,0,7754,5,0,0,0,0,0,0,0,0
375,2017-04-21,09:03:08,566,pp1709,XDCE,7755,7731,7767,20002,775467200,544908,553608,7997,7237,7617,7729,0,7747,0,0,0,2017-04-21,32588566,7754,8,0,0,0,0,0,0,0,0,7755,35,0,0,0,0,0,0,0,0
376,2017-04-21,09:03:09,18,pp1709,XDCE,7753,7731,7767,20080,778490950,544836,553608,7997,7237,7617,7729,0,7747,0,0,0,2017-04-21,32589018,7752,2,0,0,0,0,0,0,0,0,7753,11,0,0,0,0,0,0,0,0
377,2017-04-21,09:03:09,408,pp1709,XDCE,7753,7731,7767,20100,779266220,544820,553608,7997,7237,7617,7729,0,7747,0,0,0,2017-04-21,32589408,7752,1,0,0,0,0,0,0,0,0,7753,5,0,0,0,0,0,0,0,0
378,2017-04-21,09:03:10,75,pp1709,XDCE,7753,7731,7767,20160,781591910,544852,553608,7997,7237,7617,7729,0,7747,0,0,0,2017-04-21,32590075,7751,4,0,0,0,0,0,0,0,0,7755,35,0,0,0,0,0,0,0,0
379,2017-04-21,09:03:10,537,pp1709,XDCE,7752,7731,7767,20164,781746950,544848,553608,7997,7237,7617,7729,0,7747,0,0,0,2017-04-21,32590537,7751,6,0,0,0,0,0,0,0,0,7754,18,0,0,0,0,0,0,0,0
380,2017-04-21,09:03:10,981,pp1709,XDCE,7754,7731,7767,20200,783142230,544828,553608,7997,7237,7617,7729,0,7747,0,0,0,2017-04-21,32590981,7751,15,0,0,0,0,0,0,0,0,7754,19,0,0,0,0,0,0,0,0
381,2017-04-21,09:03:11,582,pp1709,XDCE,7751,7731,7767,20244,784847440,544820,553608,7997,7237,7617,7729,0,7747,0,0,0,2017-04-21,32591582,7750,108,0,0,0,0,0,0,0,0,7751,73,0,0,0,0,0,0,0,0
382,2017-04-21,09:03:11,986,pp1709,XDCE,7751,7731,7767,20246,784924950,544822,553608,7997,7237,7617,7729,0,7747,0,0,0,2017-04-21,32591986,7750,108,0,0,0,0,0,0,0,0,7751,72,0,0,0,0,0,0,0,0
383,2017-04-21,09:03:12,529,pp1709,XDCE,7748,7731,7767,20516,795387160,544702,553608,7997,7237,7617,7729,0,7747,0,0,0,2017-04-21,32592529,7747,34,0,0,0,0,0,0,0,0,7750,19,0,0,0,0,0,0,0,0
384,2017-04-21,09:03:13,78,pp1709,XDCE,7747,7731,7767,20542,796394280,544716,553608,7997,7237,7617,7729,0,7747,0,0,0,2017-04-21,32593078,7747,18,0,0,0,0,0,0,0,0,7748,6,0,0,0,0,0,0,0,0
385,2017-04-21,09:03:13,576,pp1709,XDCE,7746,7731,7767,20580,797866200,544712,553608,7997,7237,7617,7729,0,7747,0,0,0,2017-04-21,32593576,7746,4,0,0,0,0,0,0,0,0,7747,6,0,0,0,0,0,0,0,0
386,2017-04-21,09:03:13,971,pp1709,XDCE,7746,7731,7767,20602,798718210,544718,553608,7997,7237,7617,7729,0,7747,0,0,0,2017-04-21,32593971,7745,6,0,0,0,0,0,0,0,0,7746,9,0,0,0,0,0,0,0,0
387,2017-04-21,09:03:14,577,pp1709,XDCE,7750,7731,7767,20686,801971940,544742,553608,7997,7237,7617,7729,0,7747,0,0,0,2017-04-21,32594577,7745,3,0,0,0,0,0,0,0,0,7750,23,0,0,0,0,0,0,0,0
388,2017-04-21,09:03:14,967,pp1709,XDCE,7747,7731,7767,20710,802901450,544734,553608,7997,7237,7617,7729,0,7747,0,0,0,2017-04-21,32594967,7745,9,0,0,0,0,0,0,0,0,7746,27,0,0,0,0,0,0,0,0
389,2017-04-21,09:03:15,495,pp1709,XDCE,7746,7731,7767,20794,806154610,544722,553608,7997,7237,7617,7729,0,7747,0,0,0,2017-04-21,32595495,7746,45,0,0,0,0,0,0,0,0,7747,17,0,0,0,0,0,0,0,0
390,2017-04-21,09:03:16,60,pp1709,XDCE,7746,7731,7767,20824,807316550,544694,553608,7997,7237,7617,7729,0,7747,0,0,0,2017-04-21,32596060,7746,35,0,0,0,0,0,0,0,0,7747,15,0,0,0,0,0,0,0,0
391,2017-04-21,09:03:16,563,pp1709,XDCE,7746,7731,7767,20868,809020800,544676,553608,7997,7237,7617,7729,0,7747,0,0,0,2017-04-21,32596563,7746,26,0,0,0,0,0,0,0,0,7747,2,0,0,0,0,0,0,0,0
392,2017-04-21,09:03:17,13,pp1709,XDCE,7746,7731,7767,20894,810027780,544652,553608,7997,7237,7617,7729,0,7747,0,0,0,2017-04-21,32597013,7746,14,0,0,0,0,0,0,0,0,7747,2,0,0,0,0,0,0,0,0
393,2017-04-21,09:03:17,559,pp1709,XDCE,7746,7731,7767,20928,811344640,544630,553608,7997,7237,7617,7729,0,7747,0,0,0,2017-04-21,32597559,7746,1,0,0,0,0,0,0,0,0,7747,9,0,0,0,0,0,0,0,0
394,2017-04-21,09:03:18,35,pp1709,XDCE,7747,7731,7767,20956,812429230,544630,553608,7997,7237,7617,7729,0,7747,0,0,0,2017-04-21,32598035,7746,1,0,0,0,0,0,0,0,0,7748,6,0,0,0,0,0,0,0,0
395,2017-04-21,09:03:18,468,pp1709,XDCE,7746,7731,7767,20972,813049040,544616,553608,7997,7237,7617,7729,0,7747,0,0,0,2017-04-21,32598468,7747,2,0,0,0,0,0,0,0,0,7749,6,0,0,0,0,0,0,0,0
396,2017-04-21,09:03:18,875,pp1709,XDCE,7746,7731,7767,20974,813126500,544618,553608,7997,7237,7617,7729,0,7747,0,0,0,2017-04-21,32598875,7747,2,0,0,0,0,0,0,0,0,7749,9,0,0,0,0,0,0,0,0
397,2017-04-21,09:03:19,511,pp1709,XDCE,7746,7731,7767,20998,814056020,544598,553608,7997,7237,7617,7729,0,7747,0,0,0,2017-04-21,32599511,7747,1,0,0,0,0,0,0,0,0,7748,1,0,0,0,0,0,0,0,0
398,2017-04-21,09:03:20,75,pp1709,XDCE,7745,7731,7767,21062,816535040,544552,553608,7997,7237,7617,7729,0,7747,0,0,0,2017-04-21,32600075,7745,12,0,0,0,0,0,0,0,0,7749,6,0,0,0,0,0,0,0,0
399,2017-04-21,09:03:20,489,pp1709,XDCE,7745,7731,7767,21066,816689940,544548,553608,7997,7237,7617,7729,0,7747,0,0,0,2017-04-21,32600489,7748,1,0,0,0,0,0,0,0,0,7749,6,0,0,0,0,0,0,0,0
400,2017-04-21,09:03:21,44,pp1709,XDCE,7746,7731,7767,21076,817077250,544540,553608,7997,7237,7617,7729,0,7747,0,0,0,2017-04-21,32601044,7745,17,0,0,0,0,0,0,0,0,7749,12,0,0,0,0,0,0,0,0
401,2017-04-21,09:03:21,564,pp1709,XDCE,7745,7731,7767,21102,818084130,544542,553608,7997,7237,7617,7729,0,7747,0,0,0,2017-04-21,32601564,7744,55,0,0,0,0,0,0,0,0,7747,14,0,0,0,0,0,0,0,0
402,2017-04-21,09:03:21,973,pp1709,XDCE,7744,7731,7767,21106,818239040,544544,553608,7997,7237,7617,7729,0,7747,0,0,0,2017-04-21,32601973,7745,1,0,0,0,0,0,0,0,0,7747,33,0,0,0,0,0,0,0,0
403,2017-04-21,09:03:22,584,pp1709,XDCE,7744,7731,7767,21118,818703690,544548,553608,7997,7237,7617,7729,0,7747,0,0,0,2017-04-21,32602584,7744,49,0,0,0,0,0,0,0,0,7746,4,0,0,0,0,0,0,0,0
404,2017-04-21,09:03:23,64,pp1709,XDCE,7745,7731,7767,21138,819478190,544542,553608,7997,7237,7617,7729,0,7747,0,0,0,2017-04-21,32603064,7745,11,0,0,0,0,0,0,0,0,7746,11,0,0,0,0,0,0,0,0
405,2017-04-21,09:03:23,546,pp1709,XDCE,7747,7731,7767,21192,821569600,544572,553608,7997,7237,7617,7729,0,7747,0,0,0,2017-04-21,32603546,7745,11,0,0,0,0,0,0,0,0,7747,26,0,0,0,0,0,0,0,0
406,2017-04-21,09:03:24,50,pp1709,XDCE,7747,7731,7767,21234,823196470,544542,553608,7997,7237,7617,7729,0,7747,0,0,0,2017-04-21,32604050,7746,6,0,0,0,0,0,0,0,0,7747,5,0,0,0,0,0,0,0,0
407,2017-04-21,09:03:24,451,pp1709,XDCE,7745,7731,7767,21308,826062530,544506,553608,7997,7237,7617,7729,0,7747,0,0,0,2017-04-21,32604451,7744,48,0,0,0,0,0,0,0,0,7745,3,0,0,0,0,0,0,0,0
408,2017-04-21,09:03:24,968,pp1709,XDCE,7744,7731,7767,21358,827998580,544496,553608,7997,7237,7617,7729,0,7747,0,0,0,2017-04-21,32604968,7744,28,0,0,0,0,0,0,0,0,7745,3,0,0,0,0,0,0,0,0
409,2017-04-21,09:03:25,559,pp1709,XDCE,7745,7731,7767,21376,828695630,544484,553608,7997,7237,7617,7729,0,7747,0,0,0,2017-04-21,32605559,7745,7,0,0,0,0,0,0,0,0,7746,20,0,0,0,0,0,0,0,0
410,2017-04-21,09:03:25,976,pp1709,XDCE,7745,7731,7767,21384,829005440,544482,553608,7997,7237,7617,7729,0,7747,0,0,0,2017-04-21,32605976,7745,2,0,0,0,0,0,0,0,0,7746,19,0,0,0,0,0,0,0,0
411,2017-04-21,09:03:26,521,pp1709,XDCE,7745,7731,7767,21390,829237790,544478,553608,7997,7237,7617,7729,0,7747,0,0,0,2017-04-21,32606521,7744,38,0,0,0,0,0,0,0,0,7745,18,0,0,0,0,0,0,0,0
412,2017-04-21,09:03:27,51,pp1709,XDCE,7745,7731,7767,21450,831561290,544458,553608,7997,7237,7617,7729,0,7747,0,0,0,2017-04-21,32607051,7744,38,0,0,0,0,0,0,0,0,7746,19,0,0,0,0,0,0,0,0
413,2017-04-21,09:03:27,427,pp1709,XDCE,7745,7731,7767,21452,831638740,544458,553608,7997,7237,7617,7729,0,7747,0,0,0,2017-04-21,32607427,7745,1,0,0,0,0,0,0,0,0,7746,39,0,0,0,0,0,0,0,0
414,2017-04-21,09:03:27,875,pp1709,XDCE,7745,7731,7767,21454,831716190,544458,553608,7997,7237,7617,7729,0,7747,0,0,0,2017-04-21,32607875,7744,38,0,0,0,0,0,0,0,0,7745,6,0,0,0,0,0,0,0,0
415,2017-04-21,09:03:28,581,pp1709,XDCE,7745,7731,7767,21570,836208180,544428,553608,7997,7237,7617,7729,0,7747,0,0,0,2017-04-21,32608581,7745,61,0,0,0,0,0,0,0,0,7746,41,0,0,0,0,0,0,0,0
416,2017-04-21,09:03:29,70,pp1709,XDCE,7746,7731,7767,21666,839926310,544370,553608,7997,7237,7617,7729,0,7747,0,0,0,2017-04-21,32609070,7746,2,0,0,0,0,0,0,0,0,7748,3,0,0,0,0,0,0,0,0
417,2017-04-21,09:03:29,575,pp1709,XDCE,7746,7731,7767,21668,840003770,544370,553608,7997,7237,7617,7729,0,7747,0,0,0,2017-04-21,32609575,7746,6,0,0,0,0,0,0,0,0,7748,3,0,0,0,0,0,0,0,0
418,2017-04-21,09:03:30,54,pp1709,XDCE,7745,7731,7767,21712,841707920,544388,553608,7997,7237,7617,7729,0,7747,0,0,0,2017-04-21,32610054,7745,42,0,0,0,0,0,0,0,0,7748,7,0,0,0,0,0,0,0,0
419,2017-04-21,09:03:30,542,pp1709,XDCE,7746,7731,7767,21720,842017770,544382,553608,7997,7237,7617,7729,0,7747,0,0,0,2017-04-21,32610542,7746,1,0,0,0,0,0,0,0,0,7747,2,0,0,0,0,0,0,0,0
420,2017-04-21,09:03:31,77,pp1709,XDCE,7746,7731,7767,21744,842947480,544386,553608,7997,7237,7617,7729,0,7747,0,0,0,2017-04-21,32611077,7746,4,0,0,0,0,0,0,0,0,7749,10,0,0,0,0,0,0,0,0
421,2017-04-21,09:03:31,545,pp1709,XDCE,7746,7731,7767,21746,843024940,544386,553608,7997,7237,7617,7729,0,7747,0,0,0,2017-04-21,32611545,7745,1,0,0,0,0,0,0,0,0,7748,6,0,0,0,0,0,0,0,0
422,2017-04-21,09:03:32,72,pp1709,XDCE,7748,7731,7767,21768,843877210,544370,553608,7997,7237,7617,7729,0,7747,0,0,0,2017-04-21,32612072,7748,2,0,0,0,0,0,0,0,0,7749,8,0,0,0,0,0,0,0,0
423,2017-04-21,09:03:32,570,pp1709,XDCE,7745,7731,7767,21796,844961770,544350,553608,7997,7237,7617,7729,0,7747,0,0,0,2017-04-21,32612570,7745,1,0,0,0,0,0,0,0,0,7746,13,0,0,0,0,0,0,0,0
424,2017-04-21,09:03:33,33,pp1709,XDCE,7746,7731,7767,21828,846201070,544352,553608,7997,7237,7617,7729,0,7747,0,0,0,2017-04-21,32613033,7744,26,0,0,0,0,0,0,0,0,7745,1,0,0,0,0,0,0,0,0
425,2017-04-21,09:03:33,537,pp1709,XDCE,7746,7731,7767,21850,847053110,544342,553608,7997,7237,7617,7729,0,7747,0,0,0,2017-04-21,32613537,7744,28,0,0,0,0,0,0,0,0,7746,3,0,0,0,0,0,0,0,0
426,2017-04-21,09:03:34,67,pp1709,XDCE,7746,7731,7767,21850,847053110,544342,553608,7997,7237,7617,7729,0,7747,0,0,0,2017-04-21,32614067,7745,1,0,0,0,0,0,0,0,0,7746,5,0,0,0,0,0,0,0,0
427,2017-04-21,09:03:34,575,pp1709,XDCE,7746,7731,7767,21852,847130570,544342,553608,7997,7237,7617,7729,0,7747,0,0,0,2017-04-21,32614575,7745,1,0,0,0,0,0,0,0,0,7748,14,0,0,0,0,0,0,0,0
428,2017-04-21,09:03:35,80,pp1709,XDCE,7748,7731,7767,21856,847285500,544340,553608,7997,7237,7617,7729,0,7747,0,0,0,2017-04-21,32615080,7746,1,0,0,0,0,0,0,0,0,7748,12,0,0,0,0,0,0,0,0
429,2017-04-21,09:03:35,568,pp1709,XDCE,7747,7731,7767,21868,847750320,544330,553608,7997,7237,7617,7729,0,7747,0,0,0,2017-04-21,32615568,7744,27,0,0,0,0,0,0,0,0,7747,7,0,0,0,0,0,0,0,0
430,2017-04-21,09:03:35,971,pp1709,XDCE,7747,7731,7767,21868,847750320,544330,553608,7997,7237,7617,7729,0,7747,0,0,0,2017-04-21,32615971,7746,2,0,0,0,0,0,0,0,0,7747,7,0,0,0,0,0,0,0,0
431,2017-04-21,09:03:36,469,pp1709,XDCE,7745,7731,7767,21874,847982690,544326,553608,7997,7237,7617,7729,0,7747,0,0,0,2017-04-21,32616469,7745,3,0,0,0,0,0,0,0,0,7747,7,0,0,0,0,0,0,0,0
432,2017-04-21,09:03:37,1,pp1709,XDCE,7747,7731,7767,21880,848215100,544326,553608,7997,7237,7617,7729,0,7747,0,0,0,2017-04-21,32617001,7745,3,0,0,0,0,0,0,0,0,7747,4,0,0,0,0,0,0,0,0
433,2017-04-21,09:03:38,54,pp1709,XDCE,7747,7731,7767,21880,848215100,544326,553608,7997,7237,7617,7729,0,7747,0,0,0,2017-04-21,32618054,7745,3,0,0,0,0,0,0,0,0,7747,10,0,0,0,0,0,0,0,0
434,2017-04-21,09:03:38,536,pp1709,XDCE,7745,7731,7767,21890,848602350,544316,553608,7997,7237,7617,7729,0,7747,0,0,0,2017-04-21,32618536,7745,2,0,0,0,0,0,0,0,0,7747,10,0,0,0,0,0,0,0,0
435,2017-04-21,09:03:38,996,pp1709,XDCE,7745,7731,7767,21890,848602350,544316,553608,7997,7237,7617,7729,0,7747,0,0,0,2017-04-21,32618996,7745,9,0,0,0,0,0,0,0,0,7747,11,0,0,0,0,0,0,0,0
436,2017-04-21,09:03:39,500,pp1709,XDCE,7746,7731,7767,21892,848679810,544314,553608,7997,7237,7617,7729,0,7747,0,0,0,2017-04-21,32619500,7746,3,0,0,0,0,0,0,0,0,7747,8,0,0,0,0,0,0,0,0
437,2017-04-21,09:03:40,580,pp1709,XDCE,7746,7731,7767,21906,849222060,544302,553608,7997,7237,7617,7729,0,7747,0,0,0,2017-04-21,32620580,7746,3,0,0,0,0,0,0,0,0,7747,14,0,0,0,0,0,0,0,0
438,2017-04-21,09:03:41,50,pp1709,XDCE,7747,7731,7767,21918,849686870,544294,553608,7997,7237,7617,7729,0,7747,0,0,0,2017-04-21,32621050,7746,2,0,0,0,0,0,0,0,0,7747,10,0,0,0,0,0,0,0,0
439,2017-04-21,09:03:41,551,pp1709,XDCE,7745,7731,7767,21930,850151610,544294,553608,7997,7237,7617,7729,0,7747,0,0,0,2017-04-21,32621551,7745,11,0,0,0,0,0,0,0,0,7747,14,0,0,0,0,0,0,0,0
440,2017-04-21,09:03:42,81,pp1709,XDCE,7745,7731,7767,21934,850306530,544294,553608,7997,7237,7617,7729,0,7747,0,0,0,2017-04-21,32622081,7745,10,0,0,0,0,0,0,0,0,7747,13,0,0,0,0,0,0,0,0
441,2017-04-21,09:03:42,867,pp1709,XDCE,7745,7731,7767,21946,850771230,544284,553608,7997,7237,7617,7729,0,7747,0,0,0,2017-04-21,32622867,7745,4,0,0,0,0,0,0,0,0,7747,13,0,0,0,0,0,0,0,0
442,2017-04-21,09:03:43,448,pp1709,XDCE,7744,7731,7767,21958,851235910,544280,553608,7997,7237,7617,7729,0,7747,0,0,0,2017-04-21,32623448,7744,43,0,0,0,0,0,0,0,0,7745,7,0,0,0,0,0,0,0,0
443,2017-04-21,09:03:43,692,pp1709,XDCE,7745,7731,7767,21982,852165310,544266,553608,7997,7237,7617,7729,0,7747,0,0,0,2017-04-21,32623692,7745,22,0,0,0,0,0,0,0,0,7747,14,0,0,0,0,0,0,0,0
444,2017-04-21,09:03:44,560,pp1709,XDCE,7745,7731,7767,21986,852320210,544264,553608,7997,7237,7617,7729,0,7747,0,0,0,2017-04-21,32624560,7745,23,0,0,0,0,0,0,0,0,7746,2,0,0,0,0,0,0,0,0
445,2017-04-21,09:03:44,809,pp1709,XDCE,7746,7731,7767,21990,852475130,544260,553608,7997,7237,7617,7729,0,7747,0,0,0,2017-04-21,32624809,7745,23,0,0,0,0,0,0,0,0,7747,17,0,0,0,0,0,0,0,0
446,2017-04-21,09:03:45,472,pp1709,XDCE,7746,7731,7767,22024,853791840,544238,553608,7997,7237,7617,7729,0,7747,0,0,0,2017-04-21,32625472,7745,12,0,0,0,0,0,0,0,0,7746,10,0,0,0,0,0,0,0,0
447,2017-04-21,09:03:46,32,pp1709,XDCE,7745,7731,7767,22040,854411440,544228,553608,7997,7237,7617,7729,0,7747,0,0,0,2017-04-21,32626032,7744,43,0,0,0,0,0,0,0,0,7745,97,0,0,0,0,0,0,0,0
448,2017-04-21,09:03:46,580,pp1709,XDCE,7743,7731,7767,22152,858747960,544180,553608,7997,7237,7617,7729,0,7747,0,0,0,2017-04-21,32626580,7741,1,0,0,0,0,0,0,0,0,7743,19,0,0,0,0,0,0,0,0
449,2017-04-21,09:03:47,57,pp1709,XDCE,7743,7731,7767,22172,859522140,544172,553608,7997,7237,7617,7729,0,7747,0,0,0,2017-04-21,32627057,7740,19,0,0,0,0,0,0,0,0,7743,11,0,0,0,0,0,0,0,0
450,2017-04-21,09:03:47,573,pp1709,XDCE,7741,7731,7767,22176,859676950,544172,553608,7997,7237,7617,7729,0,7747,0,0,0,2017-04-21,32627573,7741,1,0,0,0,0,0,0,0,0,7742,1,0,0,0,0,0,0,0,0
451,2017-04-21,09:03:48,52,pp1709,XDCE,7741,7731,7767,22212,861070220,544168,553608,7997,7237,7617,7729,0,7747,0,0,0,2017-04-21,32628052,7740,5,0,0,0,0,0,0,0,0,7741,3,0,0,0,0,0,0,0,0
452,2017-04-21,09:03:48,575,pp1709,XDCE,7740,7731,7767,22232,861844210,544174,553608,7997,7237,7617,7729,0,7747,0,0,0,2017-04-21,32628575,7739,13,0,0,0,0,0,0,0,0,7740,1,0,0,0,0,0,0,0,0
453,2017-04-21,09:03:48,973,pp1709,XDCE,7737,7731,7767,22292,864166010,544146,553608,7997,7237,7617,7729,0,7747,0,0,0,2017-04-21,32628973,7737,3,0,0,0,0,0,0,0,0,7742,1,0,0,0,0,0,0,0,0
454,2017-04-21,09:03:49,581,pp1709,XDCE,7742,7731,7767,22314,865017390,544132,553608,7997,7237,7617,7729,0,7747,0,0,0,2017-04-21,32629581,7737,4,0,0,0,0,0,0,0,0,7742,13,0,0,0,0,0,0,0,0
455,2017-04-21,09:03:50,32,pp1709,XDCE,7737,7731,7767,22434,869660260,544072,553608,7997,7237,7617,7729,0,7747,0,0,0,2017-04-21,32630032,7737,15,0,0,0,0,0,0,0,0,7741,7,0,0,0,0,0,0,0,0
456,2017-04-21,09:03:50,477,pp1709,XDCE,7737,7731,7767,22500,872213650,544068,553608,7997,7237,7617,7729,0,7747,0,0,0,2017-04-21,32630477,7736,9,0,0,0,0,0,0,0,0,7737,29,0,0,0,0,0,0,0,0
457,2017-04-21,09:03:50,921,pp1709,XDCE,7737,7731,7767,22574,875076280,544060,553608,7997,7237,7617,7729,0,7747,0,0,0,2017-04-21,32630921,7738,3,0,0,0,0,0,0,0,0,7739,2,0,0,0,0,0,0,0,0
458,2017-04-21,09:03:51,562,pp1709,XDCE,7737,7731,7767,22580,875308390,544056,553608,7997,7237,7617,7729,0,7747,0,0,0,2017-04-21,32631562,7737,9,0,0,0,0,0,0,0,0,7738,10,0,0,0,0,0,0,0,0
459,2017-04-21,09:03:52,28,pp1709,XDCE,7737,7731,7767,22604,876236960,544054,553608,7997,7237,7617,7729,0,7747,0,0,0,2017-04-21,32632028,7738,7,0,0,0,0,0,0,0,0,7740,6,0,0,0,0,0,0,0,0
460,2017-04-21,09:03:52,527,pp1709,XDCE,7740,7731,7767,22624,877010820,544046,553608,7997,7237,7617,7729,0,7747,0,0,0,2017-04-21,32632527,7740,49,0,0,0,0,0,0,0,0,7741,5,0,0,0,0,0,0,0,0
461,2017-04-21,09:03:52,964,pp1709,XDCE,7743,7731,7767,22664,878559170,544010,553608,7997,7237,7617,7729,0,7747,0,0,0,2017-04-21,32632964,7741,6,0,0,0,0,0,0,0,0,7743,1,0,0,0,0,0,0,0,0
462,2017-04-21,09:03:53,527,pp1709,XDCE,7743,7731,7767,22668,878714010,544008,553608,7997,7237,7617,7729,0,7747,0,0,0,2017-04-21,32633527,7743,1,0,0,0,0,0,0,0,0,7744,14,0,0,0,0,0,0,0,0
463,2017-04-21,09:03:54,24,pp1709,XDCE,7743,7731,7767,22674,878946290,544008,553608,7997,7237,7617,7729,0,7747,0,0,0,2017-04-21,32634024,7742,3,0,0,0,0,0,0,0,0,7743,7,0,0,0,0,0,0,0,0
464,2017-04-21,09:03:54,410,pp1709,XDCE,7741,7731,7767,22688,879488190,543996,553608,7997,7237,7617,7729,0,7747,0,0,0,2017-04-21,32634410,7741,6,0,0,0,0,0,0,0,0,7742,15,0,0,0,0,0,0,0,0
465,2017-04-21,09:03:55,68,pp1709,XDCE,7741,7731,7767,22690,879565600,543996,553608,7997,7237,7617,7729,0,7747,0,0,0,2017-04-21,32635068,7741,8,0,0,0,0,0,0,0,0,7742,15,0,0,0,0,0,0,0,0
466,2017-04-21,09:03:55,558,pp1709,XDCE,7741,7731,7767,22696,879797830,543996,553608,7997,7237,7617,7729,0,7747,0,0,0,2017-04-21,32635558,7741,3,0,0,0,0,0,0,0,0,7742,16,0,0,0,0,0,0,0,0
467,2017-04-21,09:03:56,45,pp1709,XDCE,7741,7731,7767,22696,879797830,543996,553608,7997,7237,7617,7729,0,7747,0,0,0,2017-04-21,32636045,7741,5,0,0,0,0,0,0,0,0,7742,41,0,0,0,0,0,0,0,0
468,2017-04-21,09:03:56,570,pp1709,XDCE,7742,7731,7767,22718,880649390,543978,553608,7997,7237,7617,7729,0,7747,0,0,0,2017-04-21,32636570,7740,21,0,0,0,0,0,0,0,0,7741,3,0,0,0,0,0,0,0,0
469,2017-04-21,09:03:57,0,pp1709,XDCE,7741,7731,7767,22726,880959060,543978,553608,7997,7237,7617,7729,0,7747,0,0,0,2017-04-21,32637000,7740,21,0,0,0,0,0,0,0,0,7742,37,0,0,0,0,0,0,0,0
470,2017-04-21,09:03:57,444,pp1709,XDCE,7742,7731,7767,22746,881733240,543958,553608,7997,7237,7617,7729,0,7747,0,0,0,2017-04-21,32637444,7740,20,0,0,0,0,0,0,0,0,7742,29,0,0,0,0,0,0,0,0
471,2017-04-21,09:03:58,60,pp1709,XDCE,7741,7731,7767,22776,882894320,543962,553608,7997,7237,7617,7729,0,7747,0,0,0,2017-04-21,32638060,7740,11,0,0,0,0,0,0,0,0,7741,3,0,0,0,0,0,0,0,0
472,2017-04-21,09:03:58,578,pp1709,XDCE,7741,7731,7767,22784,883203960,543956,553608,7997,7237,7617,7729,0,7747,0,0,0,2017-04-21,32638578,7741,46,0,0,0,0,0,0,0,0,7742,26,0,0,0,0,0,0,0,0
473,2017-04-21,09:03:58,993,pp1709,XDCE,7741,7731,7767,22786,883281370,543956,553608,7997,7237,7617,7729,0,7747,0,0,0,2017-04-21,32638993,7741,45,0,0,0,0,0,0,0,0,7742,26,0,0,0,0,0,0,0,0
474,2017-04-21,09:04:00,83,pp1709,XDCE,7742,7731,7767,22812,884287750,543958,553608,7997,7237,7617,7729,0,7747,0,0,0,2017-04-21,32640083,7741,42,0,0,0,0,0,0,0,0,7742,21,0,0,0,0,0,0,0,0
475,2017-04-21,09:04:00,473,pp1709,XDCE,7740,7731,7767,22922,888545170,543852,553608,7997,7237,7617,7729,0,7747,0,0,0,2017-04-21,32640473,7739,4,0,0,0,0,0,0,0,0,7741,22,0,0,0,0,0,0,0,0
476,2017-04-21,09:04:01,15,pp1709,XDCE,7741,7731,7767,22924,888622580,543850,553608,7997,7237,7617,7729,0,7747,0,0,0,2017-04-21,32641015,7740,20,0,0,0,0,0,0,0,0,7741,19,0,0,0,0,0,0,0,0
477,2017-04-21,09:04:01,437,pp1709,XDCE,7741,7731,7767,22924,888622580,543850,553608,7997,7237,7617,7729,0,7747,0,0,0,2017-04-21,32641437,7740,21,0,0,0,0,0,0,0,0,7741,39,0,0,0,0,0,0,0,0
478,2017-04-21,09:04:01,933,pp1709,XDCE,7741,7731,7767,22948,889551450,543836,553608,7997,7237,7617,7729,0,7747,0,0,0,2017-04-21,32641933,7740,16,0,0,0,0,0,0,0,0,7741,32,0,0,0,0,0,0,0,0
479,2017-04-21,09:04:02,518,pp1709,XDCE,7740,7731,7767,22958,889938480,543838,553608,7997,7237,7617,7729,0,7747,0,0,0,2017-04-21,32642518,7740,15,0,0,0,0,0,0,0,0,7741,29,0,0,0,0,0,0,0,0
480,2017-04-21,09:04:03,50,pp1709,XDCE,7741,7731,7767,23008,891873580,543844,553608,7997,7237,7617,7729,0,7747,0,0,0,2017-04-21,32643050,7739,6,0,0,0,0,0,0,0,0,7741,22,0,0,0,0,0,0,0,0
481,2017-04-21,09:04:03,575,pp1709,XDCE,7741,7731,7767,23010,891950990,543846,553608,7997,7237,7617,7729,0,7747,0,0,0,2017-04-21,32643575,7739,9,0,0,0,0,0,0,0,0,7740,5,0,0,0,0,0,0,0,0
482,2017-04-21,09:04:04,12,pp1709,XDCE,7739,7731,7767,23058,893808380,543876,553608,7997,7237,7617,7729,0,7747,0,0,0,2017-04-21,32644012,7739,8,0,0,0,0,0,0,0,0,7740,2,0,0,0,0,0,0,0,0
483,2017-04-21,09:04:04,481,pp1709,XDCE,7742,7731,7767,23176,898375990,543882,553608,7997,7237,7617,7729,0,7747,0,0,0,2017-04-21,32644481,7742,59,0,0,0,0,0,0,0,0,7744,33,0,0,0,0,0,0,0,0
484,2017-04-21,09:04:05,19,pp1709,XDCE,7742,7731,7767,23176,898375990,543882,553608,7997,7237,7617,7729,0,7747,0,0,0,2017-04-21,32645019,7743,12,0,0,0,0,0,0,0,0,7744,32,0,0,0,0,0,0,0,0
485,2017-04-21,09:04:05,818,pp1709,XDCE,7742,7731,7767,23176,898375990,543882,553608,7997,7237,7617,7729,0,7747,0,0,0,2017-04-21,32645818,7743,15,0,0,0,0,0,0,0,0,7744,32,0,0,0,0,0,0,0,0
486,2017-04-21,09:04:06,401,pp1709,XDCE,7743,7731,7767,23180,898530860,543878,553608,7997,7237,7617,7729,0,7747,0,0,0,2017-04-21,32646401,7743,16,0,0,0,0,0,0,0,0,7744,31,0,0,0,0,0,0,0,0
487,2017-04-21,09:04:07,37,pp1709,XDCE,7744,7731,7767,23186,898763180,543878,553608,7997,7237,7617,7729,0,7747,0,0,0,2017-04-21,32647037,7743,21,0,0,0,0,0,0,0,0,7744,28,0,0,0,0,0,0,0,0
488,2017-04-21,09:04:07,490,pp1709,XDCE,7744,7731,7767,23258,901550900,543862,553608,7997,7237,7617,7729,0,7747,0,0,0,2017-04-21,32647490,7743,10,0,0,0,0,0,0,0,0,7744,4,0,0,0,0,0,0,0,0
489,2017-04-21,09:04:08,86,pp1709,XDCE,7742,7731,7767,23288,902712380,543872,553608,7997,7237,7617,7729,0,7747,0,0,0,2017-04-21,32648086,7742,74,0,0,0,0,0,0,0,0,7743,35,0,0,0,0,0,0,0,0
490,2017-04-21,09:04:08,346,pp1709,XDCE,7743,7731,7767,23300,903176950,543872,553608,7997,7237,7617,7729,0,7747,0,0,0,2017-04-21,32648346,7742,73,0,0,0,0,0,0,0,0,7743,30,0,0,0,0,0,0,0,0
491,2017-04-21,09:04:09,85,pp1709,XDCE,7743,7731,7767,23304,903331800,543872,553608,7997,7237,7617,7729,0,7747,0,0,0,2017-04-21,32649085,7742,72,0,0,0,0,0,0,0,0,7743,37,0,0,0,0,0,0,0,0
492,2017-04-21,09:04:09,486,pp1709,XDCE,7742,7731,7767,23308,903486650,543874,553608,7997,7237,7617,7729,0,7747,0,0,0,2017-04-21,32649486,7742,71,0,0,0,0,0,0,0,0,7743,36,0,0,0,0,0,0,0,0
493,2017-04-21,09:04:09,972,pp1709,XDCE,7743,7731,7767,23314,903718940,543878,553608,7997,7237,7617,7729,0,7747,0,0,0,2017-04-21,32649972,7742,71,0,0,0,0,0,0,0,0,7743,33,0,0,0,0,0,0,0,0
494,2017-04-21,09:04:10,314,pp1709,XDCE,7743,7731,7767,23316,903796370,543878,553608,7997,7237,7617,7729,0,7747,0,0,0,2017-04-21,32650314,7742,72,0,0,0,0,0,0,0,0,7743,33,0,0,0,0,0,0,0,0
495,2017-04-21,09:04:10,861,pp1709,XDCE,7743,7731,7767,23350,905112680,543882,553608,7997,7237,7617,7729,0,7747,0,0,0,2017-04-21,32650861,7742,72,0,0,0,0,0,0,0,0,7743,16,0,0,0,0,0,0,0,0
496,2017-04-21,09:04:11,559,pp1709,XDCE,7745,7731,7767,23386,906506440,543874,553608,7997,7237,7617,7729,0,7747,0,0,0,2017-04-21,32651559,7743,6,0,0,0,0,0,0,0,0,7745,11,0,0,0,0,0,0,0,0
497,2017-04-21,09:04:11,955,pp1709,XDCE,7745,7731,7767,23386,906506440,543874,553608,7997,7237,7617,7729,0,7747,0,0,0,2017-04-21,32651955,7743,6,0,0,0,0,0,0,0,0,7745,8,0,0,0,0,0,0,0,0
498,2017-04-21,09:04:12,573,pp1709,XDCE,7745,7731,7767,23402,907126040,543884,553608,7997,7237,7617,7729,0,7747,0,0,0,2017-04-21,32652573,7745,4,0,0,0,0,0,0,0,0,7746,15,0,0,0,0,0,0,0,0
499,2017-04-21,09:04:13,71,pp1709,XDCE,7745,7731,7767,23414,907590740,543880,553608,7997,7237,7617,7729,0,7747,0,0,0,2017-04-21,32653071,7745,1,0,0,0,0,0,0,0,0,7746,15,0,0,0,0,0,0,0,0
500,2017-04-21,09:04:13,429,pp1709,XDCE,7745,7731,7767,23466,909604050,543872,553608,7997,7237,7617,7729,0,7747,0,0,0,2017-04-21,32653429,7742,63,0,0,0,0,0,0,0,0,7745,8,0,0,0,0,0,0,0,0
501,2017-04-21,09:04:14,12,pp1709,XDCE,7745,7731,7767,23502,910997910,543836,553608,7997,7237,7617,7729,0,7747,0,0,0,2017-04-21,32654012,7742,57,0,0,0,0,0,0,0,0,7745,9,0,0,0,0,0,0,0,0
502,2017-04-21,09:04:14,373,pp1709,XDCE,7745,7731,7767,23510,911307710,543836,553608,7997,7237,7617,7729,0,7747,0,0,0,2017-04-21,32654373,7745,3,0,0,0,0,0,0,0,0,7746,15,0,0,0,0,0,0,0,0
503,2017-04-21,09:04:15,4,pp1709,XDCE,7746,7731,7767,23550,912856880,543804,553608,7997,7237,7617,7729,0,7747,0,0,0,2017-04-21,32655004,7743,10,0,0,0,0,0,0,0,0,7745,20,0,0,0,0,0,0,0,0
504,2017-04-21,09:04:15,404,pp1709,XDCE,7746,7731,7767,23550,912856880,543804,553608,7997,7237,7617,7729,0,7747,0,0,0,2017-04-21,32655404,7744,6,0,0,0,0,0,0,0,0,7745,20,0,0,0,0,0,0,0,0
505,2017-04-21,09:04:15,860,pp1709,XDCE,7742,7731,7767,23580,914018340,543808,553608,7997,7237,7617,7729,0,7747,0,0,0,2017-04-21,32655860,7742,48,0,0,0,0,0,0,0,0,7744,3,0,0,0,0,0,0,0,0
506,2017-04-21,09:04:16,472,pp1709,XDCE,7744,7731,7767,23582,914095780,543806,553608,7997,7237,7617,7729,0,7747,0,0,0,2017-04-21,32656472,7742,48,0,0,0,0,0,0,0,0,7744,14,0,0,0,0,0,0,0,0
507,2017-04-21,09:04:16,965,pp1709,XDCE,7744,7731,7767,23586,914250660,543802,553608,7997,7237,7617,7729,0,7747,0,0,0,2017-04-21,32656965,7742,48,0,0,0,0,0,0,0,0,7744,18,0,0,0,0,0,0,0,0
508,2017-04-21,09:04:17,528,pp1709,XDCE,7744,7731,7767,23600,914792690,543792,553608,7997,7237,7617,7729,0,7747,0,0,0,2017-04-21,32657528,7742,46,0,0,0,0,0,0,0,0,7744,14,0,0,0,0,0,0,0,0
509,2017-04-21,09:04:17,938,pp1709,XDCE,7743,7731,7767,23606,915024990,543788,553608,7997,7237,7617,7729,0,7747,0,0,0,2017-04-21,32657938,7742,46,0,0,0,0,0,0,0,0,7743,4,0,0,0,0,0,0,0,0
510,2017-04-21,09:04:18,366,pp1709,XDCE,7744,7731,7767,23626,915799390,543788,553608,7997,7237,7617,7729,0,7747,0,0,0,2017-04-21,32658366,7742,46,0,0,0,0,0,0,0,0,7744,11,0,0,0,0,0,0,0,0
511,2017-04-21,09:04:18,694,pp1709,XDCE,7742,7731,7767,23640,916341330,543774,553608,7997,7237,7617,7729,0,7747,0,0,0,2017-04-21,32658694,7742,40,0,0,0,0,0,0,0,0,7744,11,0,0,0,0,0,0,0,0
512,2017-04-21,09:04:19,531,pp1709,XDCE,7744,7731,7767,23644,916496210,543774,553608,7997,7237,7617,7729,0,7747,0,0,0,2017-04-21,32659531,7742,40,0,0,0,0,0,0,0,0,7744,9,0,0,0,0,0,0,0,0
513,2017-04-21,09:04:20,35,pp1709,XDCE,7744,7731,7767,23654,916883410,543764,553608,7997,7237,7617,7729,0,7747,0,0,0,2017-04-21,32660035,7742,40,0,0,0,0,0,0,0,0,7744,7,0,0,0,0,0,0,0,0
514,2017-04-21,09:04:20,494,pp1709,XDCE,7742,7731,7767,23662,917193130,543756,553608,7997,7237,7617,7729,0,7747,0,0,0,2017-04-21,32660494,7742,38,0,0,0,0,0,0,0,0,7744,5,0,0,0,0,0,0,0,0
515,2017-04-21,09:04:20,868,pp1709,XDCE,7744,7731,7767,23668,917425450,543750,553608,7997,7237,7617,7729,0,7747,0,0,0,2017-04-21,32660868,7742,38,0,0,0,0,0,0,0,0,7743,3,0,0,0,0,0,0,0,0
516,2017-04-21,09:04:21,586,pp1709,XDCE,7744,7731,7767,23670,917502890,543750,553608,7997,7237,7617,7729,0,7747,0,0,0,2017-04-21,32661586,7742,38,0,0,0,0,0,0,0,0,7743,2,0,0,0,0,0,0,0,0
517,2017-04-21,09:04:21,888,pp1709,XDCE,7742,7731,7767,23694,918431940,543730,553608,7997,7237,7617,7729,0,7747,0,0,0,2017-04-21,32661888,7742,27,0,0,0,0,0,0,0,0,7743,12,0,0,0,0,0,0,0,0
518,2017-04-21,09:04:22,581,pp1709,XDCE,7740,7731,7767,23838,924005580,543690,553608,7997,7237,7617,7729,0,7747,0,0,0,2017-04-21,32662581,7739,28,0,0,0,0,0,0,0,0,7740,2,0,0,0,0,0,0,0,0
519,2017-04-21,09:04:23,82,pp1709,XDCE,7743,7731,7767,23884,925786280,543686,553608,7997,7237,7617,7729,0,7747,0,0,0,2017-04-21,32663082,7743,13,0,0,0,0,0,0,0,0,7744,4,0,0,0,0,0,0,0,0
520,2017-04-21,09:04:23,570,pp1709,XDCE,7742,7731,7767,23968,929038050,543686,553608,7997,7237,7617,7729,0,7747,0,0,0,2017-04-21,32663570,7739,29,0,0,0,0,0,0,0,0,7742,25,0,0,0,0,0,0,0,0
521,2017-04-21,09:04:23,924,pp1709,XDCE,7739,7731,7767,23982,929579930,543680,553608,7997,7237,7617,7729,0,7747,0,0,0,2017-04-21,32663924,7739,27,0,0,0,0,0,0,0,0,7742,12,0,0,0,0,0,0,0,0
522,2017-04-21,09:04:24,529,pp1709,XDCE,7739,7731,7767,23984,929657320,543682,553608,7997,7237,7617,7729,0,7747,0,0,0,2017-04-21,32664529,7740,1,0,0,0,0,0,0,0,0,7742,12,0,0,0,0,0,0,0,0
523,2017-04-21,09:04:25,86,pp1709,XDCE,7742,7731,7767,23992,929966980,543682,553608,7997,7237,7617,7729,0,7747,0,0,0,2017-04-21,32665086,7740,1,0,0,0,0,0,0,0,0,7742,12,0,0,0,0,0,0,0,0
524,2017-04-21,09:04:25,560,pp1709,XDCE,7741,7731,7767,24014,930818400,543678,553608,7997,7237,7617,7729,0,7747,0,0,0,2017-04-21,32665560,7740,3,0,0,0,0,0,0,0,0,7741,12,0,0,0,0,0,0,0,0
525,2017-04-21,09:04:26,70,pp1709,XDCE,7740,7731,7767,24020,931050600,543678,553608,7997,7237,7617,7729,0,7747,0,0,0,2017-04-21,32666070,7739,27,0,0,0,0,0,0,0,0,7741,8,0,0,0,0,0,0,0,0
526,2017-04-21,09:04:27,3,pp1709,XDCE,7740,7731,7767,24042,931902000,543676,553608,7997,7237,7617,7729,0,7747,0,0,0,2017-04-21,32667003,7739,32,0,0,0,0,0,0,0,0,7740,1,0,0,0,0,0,0,0,0
527,2017-04-21,09:04:27,450,pp1709,XDCE,7740,7731,7767,24064,932753490,543676,553608,7997,7237,7617,7729,0,7747,0,0,0,2017-04-21,32667450,7740,2,0,0,0,0,0,0,0,0,7742,16,0,0,0,0,0,0,0,0
528,2017-04-21,09:04:28,25,pp1709,XDCE,7739,7731,7767,24098,934069140,543676,553608,7997,7237,7617,7729,0,7747,0,0,0,2017-04-21,32668025,7739,19,0,0,0,0,0,0,0,0,7740,2,0,0,0,0,0,0,0,0
529,2017-04-21,09:04:28,417,pp1709,XDCE,7739,7731,7767,24100,934146530,543676,553608,7997,7237,7617,7729,0,7747,0,0,0,2017-04-21,32668417,7739,18,0,0,0,0,0,0,0,0,7740,2,0,0,0,0,0,0,0,0
530,2017-04-21,09:04:28,982,pp1709,XDCE,7741,7731,7767,24106,934378740,543674,553608,7997,7237,7617,7729,0,7747,0,0,0,2017-04-21,32668982,7741,4,0,0,0,0,0,0,0,0,7742,7,0,0,0,0,0,0,0,0
531,2017-04-21,09:04:29,441,pp1709,XDCE,7740,7731,7767,24120,934920600,543682,553608,7997,7237,7617,7729,0,7747,0,0,0,2017-04-21,32669441,7740,8,0,0,0,0,0,0,0,0,7742,6,0,0,0,0,0,0,0,0
532,2017-04-21,09:04:29,992,pp1709,XDCE,7742,7731,7767,24122,934998020,543680,553608,7997,7237,7617,7729,0,7747,0,0,0,2017-04-21,32669992,7740,9,0,0,0,0,0,0,0,0,7742,5,0,0,0,0,0,0,0,0
533,2017-04-21,09:04:30,362,pp1709,XDCE,7741,7731,7767,24144,935849430,543680,553608,7997,7237,7617,7729,0,7747,0,0,0,2017-04-21,32670362,7740,3,0,0,0,0,0,0,0,0,7741,2,0,0,0,0,0,0,0,0
534,2017-04-21,09:04:31,563,pp1709,XDCE,7743,7731,7767,24174,937010670,543688,553608,7997,7237,7617,7729,0,7747,0,0,0,2017-04-21,32671563,7741,2,0,0,0,0,0,0,0,0,7743,1,0,0,0,0,0,0,0,0
535,2017-04-21,09:04:32,70,pp1709,XDCE,7743,7731,7767,24174,937010670,543688,553608,7997,7237,7617,7729,0,7747,0,0,0,2017-04-21,32672070,7741,4,0,0,0,0,0,0,0,0,7742,1,0,0,0,0,0,0,0,0
536,2017-04-21,09:04:32,564,pp1709,XDCE,7741,7731,7767,24176,937088080,543686,553608,7997,7237,7617,7729,0,7747,0,0,0,2017-04-21,32672564,7741,4,0,0,0,0,0,0,0,0,7742,1,0,0,0,0,0,0,0,0
537,2017-04-21,09:04:32,996,pp1709,XDCE,7740,7731,7767,24194,937784760,543688,553608,7997,7237,7617,7729,0,7747,0,0,0,2017-04-21,32672996,7739,19,0,0,0,0,0,0,0,0,7740,3,0,0,0,0,0,0,0,0
538,2017-04-21,09:04:33,586,pp1709,XDCE,7744,7731,7767,24254,940107410,543642,553608,7997,7237,7617,7729,0,7747,0,0,0,2017-04-21,32673586,7742,6,0,0,0,0,0,0,0,0,7744,2,0,0,0,0,0,0,0,0
539,2017-04-21,09:04:33,856,pp1709,XDCE,7744,7731,7767,24254,940107410,543642,553608,7997,7237,7617,7729,0,7747,0,0,0,2017-04-21,32673856,7743,3,0,0,0,0,0,0,0,0,7745,154,0,0,0,0,0,0,0,0
