,dataDate,dataTime,dataMillisec,instrumentID,exchangeCD,lastPrice,lowPrice,highPrice,volume,value,openInterest,preOpenInterest,upperLimitPrice,lowerLimitPrice,preSettlementPrice,prevClosePrice,settlementPrice,openPrice,closePrice,preDelta,currDelta,clearingDay,milliSecOffset,bidPrice1,bidVolume1,bidPrice2,bidVolume2,bidPrice3,bidVolume3,bidPrice4,bidVolume4,bidPrice5,bidVolume5,askPrice1,askVolume1,askPrice2,askVolume2,askPrice3,askVolume3,askPrice4,askVolume4,askPrice5,askVolume5
0,2017-04-20,19:29:30,0,SF705,XZCE,5174,0,0,0,0,7120,7120,5452,4932,5192,5174,0,0,0,0,0,2017-04-21,70170000,0,0,0,0,0,0,0,0,0,0,0,0,0,0,0,0,0,0,0,0
1,2017-04-21,08:59:00,0,SF705,XZCE,5204,5204,5204,2,52040,7118,7120,5452,4932,5192,5174,0,5204,0,0,0,2017-04-21,32340000,5202,1,0,0,0,0,0,0,0,0,5210,1,0,0,0,0,0,0,0,0
2,2017-04-21,09:00:00,0,SF705,XZCE,5210,5204,5210,4,104140,7118,7120,5452,4932,5192,5174,0,5204,0,0,0,2017-04-21,32400000,5198,8,0,0,0,0,0,0,0,0,5226,6,0,0,0,0,0,0,0,0
3,2017-04-21,09:00:01,0,SF705,XZCE,5210,5204,5210,4,104140,7118,7120,5452,4932,5192,5174,0,5204,0,0,0,2017-04-21,32401000,5198,8,0,0,0,0,0,0,0,0,5224,1,0,0,0,0,0,0,0,0
4,2017-04-21,09:00:01,0,SF705,XZCE,5210,5204,5210,4,104140,7118,7120,5452,4932,5192,5174,0,5204,0,0,0,2017-04-21,32401000,5200,1,0,0,0,0,0,0,0,0,5224,1,0,0,0,0,0,0,0,0
5,2017-04-21,09:00:02,0,SF705,XZCE,5226,5204,5226,18,469960,7120,7120,5452,4932,5192,5174,0,5204,0,0,0,2017-04-21,32402000,5204,1,0,0,0,0,0,0,0,0,5226,4,0,0,0,0,0,0,0,0
6,2017-04-21,09:00:03,0,SF705,XZCE,5226,5204,5226,20,522220,7122,7120,5452,4932,5192,5174,0,5204,0,0,0,2017-04-21,32403000,5204,1,0,0,0,0,0,0,0,0,5226,3,0,0,0,0,0,0,0,0
7,2017-04-21,09:00:05,0,SF705,XZCE,5204,5204,5226,30,782420,7118,7120,5452,4932,5192,5174,0,5204,0,0,0,2017-04-21,32405000,5202,1,0,0,0,0,0,0,0,0,5226,3,0,0,0,0,0,0,0,0
8,2017-04-21,09:00:06,0,SF705,XZCE,5204,5204,5226,30,782420,7118,7120,5452,4932,5192,5174,0,5204,0,0,0,2017-04-21,32406000,5202,1,0,0,0,0,0,0,0,0,5224,1,0,0,0,0,0,0,0,0
9,2017-04-21,09:00:07,0,SF705,XZCE,5226,5204,5226,34,886940,7122,7120,5452,4932,5192,5174,0,5204,0,0,0,2017-04-21,32407000,5202,1,0,0,0,0,0,0,0,0,5226,2,0,0,0,0,0,0,0,0
10,2017-04-21,09:00:08,0,SF705,XZCE,5226,5204,5226,34,886940,7122,7120,5452,4932,5192,5174,0,5204,0,0,0,2017-04-21,32408000,5202,1,0,0,0,0,0,0,0,0,5224,1,0,0,0,0,0,0,0,0
11,2017-04-21,09:00:09,0,SF705,XZCE,5226,5204,5226,34,886940,7122,7120,5452,4932,5192,5174,0,5204,0,0,0,2017-04-21,32409000,5206,2,0,0,0,0,0,0,0,0,5224,1,0,0,0,0,0,0,0,0
12,2017-04-21,09:00:09,0,SF705,XZCE,5226,5204,5226,34,886940,7122,7120,5452,4932,5192,5174,0,5204,0,0,0,2017-04-21,32409000,5202,3,0,0,0,0,0,0,0,0,5224,1,0,0,0,0,0,0,0,0
13,2017-04-21,09:00:09,0,SF705,XZCE,5226,5204,5226,34,886940,7122,7120,5452,4932,5192,5174,0,5204,0,0,0,2017-04-21,32409000,5204,2,0,0,0,0,0,0,0,0,5224,1,0,0,0,0,0,0,0,0
14,2017-04-21,09:00:10,0,SF705,XZCE,5226,5204,5226,34,886940,7122,7120,5452,4932,5192,5174,0,5204,0,0,0,2017-04-21,32410000,5202,1,0,0,0,0,0,0,0,0,5224,1,0,0,0,0,0,0,0,0
15,2017-04-21,09:00:12,0,SF705,XZCE,5226,5204,5226,34,886940,7122,7120,5452,4932,5192,5174,0,5204,0,0,0,2017-04-21,32412000,5202,3,0,0,0,0,0,0,0,0,5224,1,0,0,0,0,0,0,0,0
16,2017-04-21,09:00:13,0,SF705,XZCE,5226,5204,5226,34,886940,7122,7120,5452,4932,5192,5174,0,5204,0,0,0,2017-04-21,32413000,5204,2,0,0,0,0,0,0,0,0,5224,1,0,0,0,0,0,0,0,0
17,2017-04-21,09:00:13,0,SF705,XZCE,5226,5204,5226,34,886940,7122,7120,5452,4932,5192,5174,0,5204,0,0,0,2017-04-21,32413000,5208,2,0,0,0,0,0,0,0,0,5224,1,0,0,0,0,0,0,0,0
18,2017-04-21,09:00:14,0,SF705,XZCE,5226,5204,5226,34,886940,7122,7120,5452,4932,5192,5174,0,5204,0,0,0,2017-04-21,32414000,5214,2,0,0,0,0,0,0,0,0,5224,1,0,0,0,0,0,0,0,0
19,2017-04-21,09:00:14,0,SF705,XZCE,5224,5204,5226,38,991420,7126,7120,5452,4932,5192,5174,0,5204,0,0,0,2017-04-21,32414000,5208,2,0,0,0,0,0,0,0,0,5224,16,0,0,0,0,0,0,0,0
20,2017-04-21,09:00:14,0,SF705,XZCE,5224,5204,5226,38,991420,7126,7120,5452,4932,5192,5174,0,5204,0,0,0,2017-04-21,32414000,5208,2,0,0,0,0,0,0,0,0,5222,1,0,0,0,0,0,0,0,0
21,2017-04-21,09:00:17,0,SF705,XZCE,5224,5204,5226,38,991420,7126,7120,5452,4932,5192,5174,0,5204,0,0,0,2017-04-21,32417000,5206,1,0,0,0,0,0,0,0,0,5222,1,0,0,0,0,0,0,0,0
22,2017-04-21,09:00:18,0,SF705,XZCE,5222,5204,5226,40,1043640,7128,7120,5452,4932,5192,5174,0,5204,0,0,0,2017-04-21,32418000,5210,1,0,0,0,0,0,0,0,0,5224,15,0,0,0,0,0,0,0,0
23,2017-04-21,09:00:18,0,SF705,XZCE,5222,5204,5226,40,1043640,7128,7120,5452,4932,5192,5174,0,5204,0,0,0,2017-04-21,32418000,5212,2,0,0,0,0,0,0,0,0,5224,15,0,0,0,0,0,0,0,0
24,2017-04-21,09:00:19,0,SF705,XZCE,5212,5204,5226,42,1095760,7126,7120,5452,4932,5192,5174,0,5204,0,0,0,2017-04-21,32419000,5212,1,0,0,0,0,0,0,0,0,5224,15,0,0,0,0,0,0,0,0
25,2017-04-21,09:00:20,0,SF705,XZCE,5222,5204,5226,44,1147980,7126,7120,5452,4932,5192,5174,0,5204,0,0,0,2017-04-21,32420000,5210,2,0,0,0,0,0,0,0,0,5222,2,0,0,0,0,0,0,0,0
26,2017-04-21,09:00:20,0,SF705,XZCE,5222,5204,5226,52,1356860,7126,7120,5452,4932,5192,5174,0,5204,0,0,0,2017-04-21,32420000,5210,2,0,0,0,0,0,0,0,0,5222,1,0,0,0,0,0,0,0,0
27,2017-04-21,09:00:21,0,SF705,XZCE,5220,5204,5226,54,1409060,7124,7120,5452,4932,5192,5174,0,5204,0,0,0,2017-04-21,32421000,5210,2,0,0,0,0,0,0,0,0,5222,1,0,0,0,0,0,0,0,0
28,2017-04-21,09:00:21,0,SF705,XZCE,5220,5204,5226,54,1409060,7124,7120,5452,4932,5192,5174,0,5204,0,0,0,2017-04-21,32421000,5210,1,0,0,0,0,0,0,0,0,5222,1,0,0,0,0,0,0,0,0
29,2017-04-21,09:00:22,0,SF705,XZCE,5222,5204,5226,56,1461280,7124,7120,5452,4932,5192,5174,0,5204,0,0,0,2017-04-21,32422000,5210,1,0,0,0,0,0,0,0,0,5224,15,0,0,0,0,0,0,0,0
30,2017-04-21,09:00:23,0,SF705,XZCE,5222,5204,5226,56,1461280,7124,7120,5452,4932,5192,5174,0,5204,0,0,0,2017-04-21,32423000,5210,1,0,0,0,0,0,0,0,0,5222,1,0,0,0,0,0,0,0,0
31,2017-04-21,09:00:24,0,SF705,XZCE,5222,5204,5226,56,1461280,7124,7120,5452,4932,5192,5174,0,5204,0,0,0,2017-04-21,32424000,5212,1,0,0,0,0,0,0,0,0,5222,1,0,0,0,0,0,0,0,0
32,2017-04-21,09:00:26,0,SF705,XZCE,5212,5204,5226,58,1513400,7122,7120,5452,4932,5192,5174,0,5204,0,0,0,2017-04-21,32426000,5210,1,0,0,0,0,0,0,0,0,5222,1,0,0,0,0,0,0,0,0
33,2017-04-21,09:00:27,0,SF705,XZCE,5212,5204,5226,58,1513400,7122,7120,5452,4932,5192,5174,0,5204,0,0,0,2017-04-21,32427000,5210,1,0,0,0,0,0,0,0,0,5222,2,0,0,0,0,0,0,0,0
34,2017-04-21,09:00:28,0,SF705,XZCE,5212,5204,5226,58,1513400,7122,7120,5452,4932,5192,5174,0,5204,0,0,0,2017-04-21,32428000,5212,1,0,0,0,0,0,0,0,0,5222,2,0,0,0,0,0,0,0,0
35,2017-04-21,09:00:32,0,SF705,XZCE,5212,5204,5226,60,1565520,7120,7120,5452,4932,5192,5174,0,5204,0,0,0,2017-04-21,32432000,5210,1,0,0,0,0,0,0,0,0,5222,2,0,0,0,0,0,0,0,0
36,2017-04-21,09:00:39,0,SF705,XZCE,5222,5204,5226,62,1617740,7122,7120,5452,4932,5192,5174,0,5204,0,0,0,2017-04-21,32439000,5210,1,0,0,0,0,0,0,0,0,5222,1,0,0,0,0,0,0,0,0
37,2017-04-21,09:00:43,0,SF705,XZCE,5222,5204,5226,64,1669960,7124,7120,5452,4932,5192,5174,0,5204,0,0,0,2017-04-21,32443000,5210,1,0,0,0,0,0,0,0,0,5224,15,0,0,0,0,0,0,0,0
38,2017-04-21,09:00:46,0,SF705,XZCE,5222,5204,5226,64,1669960,7124,7120,5452,4932,5192,5174,0,5204,0,0,0,2017-04-21,32446000,5210,1,0,0,0,0,0,0,0,0,5222,1,0,0,0,0,0,0,0,0
39,2017-04-21,09:00:47,0,SF705,XZCE,5222,5204,5226,64,1669960,7124,7120,5452,4932,5192,5174,0,5204,0,0,0,2017-04-21,32447000,5210,1,0,0,0,0,0,0,0,0,5222,3,0,0,0,0,0,0,0,0
40,2017-04-21,09:00:48,0,SF705,XZCE,5222,5204,5226,64,1669960,7124,7120,5452,4932,5192,5174,0,5204,0,0,0,2017-04-21,32448000,5210,1,0,0,0,0,0,0,0,0,5222,4,0,0,0,0,0,0,0,0
41,2017-04-21,09:00:49,0,SF705,XZCE,5222,5204,5226,72,1878840,7128,7120,5452,4932,5192,5174,0,5204,0,0,0,2017-04-21,32449000,5222,4,0,0,0,0,0,0,0,0,5224,15,0,0,0,0,0,0,0,0
42,2017-04-21,09:00:49,0,SF705,XZCE,5222,5204,5226,74,1931060,7128,7120,5452,4932,5192,5174,0,5204,0,0,0,2017-04-21,32449000,5222,3,0,0,0,0,0,0,0,0,5224,15,0,0,0,0,0,0,0,0
43,2017-04-21,09:00:54,0,SF705,XZCE,5222,5204,5226,80,2087720,7128,7120,5452,4932,5192,5174,0,5204,0,0,0,2017-04-21,32454000,5212,2,0,0,0,0,0,0,0,0,5222,2,0,0,0,0,0,0,0,0
44,2017-04-21,09:00:57,0,SF705,XZCE,5222,5204,5226,80,2087720,7128,7120,5452,4932,5192,5174,0,5204,0,0,0,2017-04-21,32457000,5214,1,0,0,0,0,0,0,0,0,5222,2,0,0,0,0,0,0,0,0
45,2017-04-21,09:01:09,0,SF705,XZCE,5222,5204,5226,80,2087720,7128,7120,5452,4932,5192,5174,0,5204,0,0,0,2017-04-21,32469000,5214,1,0,0,0,0,0,0,0,0,5222,6,0,0,0,0,0,0,0,0
46,2017-04-21,09:01:10,0,SF705,XZCE,5222,5204,5226,82,2139940,7128,7120,5452,4932,5192,5174,0,5204,0,0,0,2017-04-21,32470000,5214,1,0,0,0,0,0,0,0,0,5222,5,0,0,0,0,0,0,0,0
47,2017-04-21,09:01:10,0,SF705,XZCE,5222,5204,5226,92,2401040,7126,7120,5452,4932,5192,5174,0,5204,0,0,0,2017-04-21,32470000,5222,5,0,0,0,0,0,0,0,0,5224,15,0,0,0,0,0,0,0,0
48,2017-04-21,09:01:12,0,SF705,XZCE,5222,5204,5226,94,2453260,7124,7120,5452,4932,5192,5174,0,5204,0,0,0,2017-04-21,32472000,5222,4,0,0,0,0,0,0,0,0,5224,15,0,0,0,0,0,0,0,0
49,2017-04-21,09:01:15,0,SF705,XZCE,5226,5204,5226,126,3289420,7124,7120,5452,4932,5192,5174,0,5204,0,0,0,2017-04-21,32475000,5224,10,0,0,0,0,0,0,0,0,5226,16,0,0,0,0,0,0,0,0
50,2017-04-21,09:01:15,0,SF705,XZCE,5226,5204,5226,128,3341680,7126,7120,5452,4932,5192,5174,0,5204,0,0,0,2017-04-21,32475000,5224,10,0,0,0,0,0,0,0,0,5226,15,0,0,0,0,0,0,0,0
51,2017-04-21,09:01:18,0,SF705,XZCE,5226,5204,5226,132,3446200,7122,7120,5452,4932,5192,5174,0,5204,0,0,0,2017-04-21,32478000,5224,10,0,0,0,0,0,0,0,0,5226,13,0,0,0,0,0,0,0,0
52,2017-04-21,09:01:19,0,SF705,XZCE,5226,5204,5226,134,3498460,7122,7120,5452,4932,5192,5174,0,5204,0,0,0,2017-04-21,32479000,5224,10,0,0,0,0,0,0,0,0,5226,12,0,0,0,0,0,0,0,0
53,2017-04-21,09:01:20,0,SF705,XZCE,5224,5204,5226,136,3550700,7122,7120,5452,4932,5192,5174,0,5204,0,0,0,2017-04-21,32480000,5224,9,0,0,0,0,0,0,0,0,5226,12,0,0,0,0,0,0,0,0
54,2017-04-21,09:01:24,0,SF705,XZCE,5236,5204,5236,178,4650260,7114,7120,5452,4932,5192,5174,0,5204,0,0,0,2017-04-21,32484000,5230,2,0,0,0,0,0,0,0,0,5236,1,0,0,0,0,0,0,0,0
55,2017-04-21,09:01:27,0,SF705,XZCE,5236,5204,5236,178,4650260,7114,7120,5452,4932,5192,5174,0,5204,0,0,0,2017-04-21,32487000,5230,2,0,0,0,0,0,0,0,0,5236,2,0,0,0,0,0,0,0,0
56,2017-04-21,09:01:29,0,SF705,XZCE,5236,5204,5236,182,4754980,7118,7120,5452,4932,5192,5174,0,5204,0,0,0,2017-04-21,32489000,5236,1,0,0,0,0,0,0,0,0,5240,1,0,0,0,0,0,0,0,0
57,2017-04-21,09:01:30,0,SF705,XZCE,5236,5204,5236,182,4754980,7118,7120,5452,4932,5192,5174,0,5204,0,0,0,2017-04-21,32490000,5236,2,0,0,0,0,0,0,0,0,5240,1,0,0,0,0,0,0,0,0
58,2017-04-21,09:01:31,0,SF705,XZCE,5236,5204,5236,182,4754980,7118,7120,5452,4932,5192,5174,0,5204,0,0,0,2017-04-21,32491000,5236,3,0,0,0,0,0,0,0,0,5240,1,0,0,0,0,0,0,0,0
59,2017-04-21,09:01:32,0,SF705,XZCE,5236,5204,5236,184,4807340,7118,7120,5452,4932,5192,5174,0,5204,0,0,0,2017-04-21,32492000,5236,2,0,0,0,0,0,0,0,0,5240,1,0,0,0,0,0,0,0,0
60,2017-04-21,09:01:34,0,SF705,XZCE,5236,5204,5236,186,4859700,7120,7120,5452,4932,5192,5174,0,5204,0,0,0,2017-04-21,32494000,5236,1,0,0,0,0,0,0,0,0,5240,1,0,0,0,0,0,0,0,0
61,2017-04-21,09:01:36,0,SF705,XZCE,5236,5204,5246,194,5069140,7122,7120,5452,4932,5192,5174,0,5204,0,0,0,2017-04-21,32496000,5230,2,0,0,0,0,0,0,0,0,5246,3,0,0,0,0,0,0,0,0
62,2017-04-21,09:01:36,0,SF705,XZCE,5230,5204,5246,196,5121440,7120,7120,5452,4932,5192,5174,0,5204,0,0,0,2017-04-21,32496000,5230,1,0,0,0,0,0,0,0,0,5246,3,0,0,0,0,0,0,0,0
63,2017-04-21,09:01:39,0,SF705,XZCE,5230,5204,5246,196,5121440,7120,7120,5452,4932,5192,5174,0,5204,0,0,0,2017-04-21,32499000,5230,1,0,0,0,0,0,0,0,0,5244,1,0,0,0,0,0,0,0,0
64,2017-04-21,09:01:42,0,SF705,XZCE,5230,5204,5246,196,5121440,7120,7120,5452,4932,5192,5174,0,5204,0,0,0,2017-04-21,32502000,5232,1,0,0,0,0,0,0,0,0,5242,1,0,0,0,0,0,0,0,0
65,2017-04-21,09:01:45,0,SF705,XZCE,5230,5204,5246,196,5121440,7120,7120,5452,4932,5192,5174,0,5204,0,0,0,2017-04-21,32505000,5232,1,0,0,0,0,0,0,0,0,5242,2,0,0,0,0,0,0,0,0
66,2017-04-21,09:01:55,0,SF705,XZCE,5230,5204,5246,198,5173740,7118,7120,5452,4932,5192,5174,0,5204,0,0,0,2017-04-21,32515000,5230,2,0,0,0,0,0,0,0,0,5242,2,0,0,0,0,0,0,0,0
67,2017-04-21,09:01:57,0,SF705,XZCE,5230,5204,5246,200,5226040,7116,7120,5452,4932,5192,5174,0,5204,0,0,0,2017-04-21,32517000,5230,1,0,0,0,0,0,0,0,0,5242,2,0,0,0,0,0,0,0,0
68,2017-04-21,09:01:57,0,SF705,XZCE,5230,5204,5246,200,5226040,7116,7120,5452,4932,5192,5174,0,5204,0,0,0,2017-04-21,32517000,5230,1,0,0,0,0,0,0,0,0,5240,1,0,0,0,0,0,0,0,0
69,2017-04-21,09:02:00,0,SF705,XZCE,5230,5204,5246,202,5278340,7116,7120,5452,4932,5192,5174,0,5204,0,0,0,2017-04-21,32520000,5234,2,0,0,0,0,0,0,0,0,5240,1,0,0,0,0,0,0,0,0
70,2017-04-21,09:02:00,0,SF705,XZCE,5230,5204,5246,204,5330640,7116,7120,5452,4932,5192,5174,0,5204,0,0,0,2017-04-21,32520000,5234,1,0,0,0,0,0,0,0,0,5240,1,0,0,0,0,0,0,0,0
71,2017-04-21,09:02:01,0,SF705,XZCE,5240,5204,5246,206,5383040,7116,7120,5452,4932,5192,5174,0,5204,0,0,0,2017-04-21,32521000,5234,1,0,0,0,0,0,0,0,0,5242,2,0,0,0,0,0,0,0,0
72,2017-04-21,09:02:01,0,SF705,XZCE,5240,5204,5246,206,5383040,7116,7120,5452,4932,5192,5174,0,5204,0,0,0,2017-04-21,32521000,5226,4,0,0,0,0,0,0,0,0,5242,2,0,0,0,0,0,0,0,0
73,2017-04-21,09:02:02,0,SF705,XZCE,5240,5204,5246,206,5383040,7116,7120,5452,4932,5192,5174,0,5204,0,0,0,2017-04-21,32522000,5226,4,0,0,0,0,0,0,0,0,5240,1,0,0,0,0,0,0,0,0
74,2017-04-21,09:02:07,0,SF705,XZCE,5226,5204,5246,208,5435300,7118,7120,5452,4932,5192,5174,0,5204,0,0,0,2017-04-21,32527000,5226,3,0,0,0,0,0,0,0,0,5240,1,0,0,0,0,0,0,0,0
75,2017-04-21,09:02:07,0,SF705,XZCE,5226,5204,5246,210,5487560,7120,7120,5452,4932,5192,5174,0,5204,0,0,0,2017-04-21,32527000,5226,2,0,0,0,0,0,0,0,0,5240,1,0,0,0,0,0,0,0,0
76,2017-04-21,09:02:08,0,SF705,XZCE,5226,5204,5246,210,5487560,7120,7120,5452,4932,5192,5174,0,5204,0,0,0,2017-04-21,32528000,5226,2,0,0,0,0,0,0,0,0,5240,2,0,0,0,0,0,0,0,0
77,2017-04-21,09:02:08,0,SF705,XZCE,5240,5204,5246,212,5539960,7120,7120,5452,4932,5192,5174,0,5204,0,0,0,2017-04-21,32528000,5226,2,0,0,0,0,0,0,0,0,5240,1,0,0,0,0,0,0,0,0
78,2017-04-21,09:02:09,0,SF705,XZCE,5240,5204,5246,212,5539960,7120,7120,5452,4932,5192,5174,0,5204,0,0,0,2017-04-21,32529000,5228,1,0,0,0,0,0,0,0,0,5240,1,0,0,0,0,0,0,0,0
79,2017-04-21,09:02:14,0,SF705,XZCE,5228,5204,5246,214,5592240,7118,7120,5452,4932,5192,5174,0,5204,0,0,0,2017-04-21,32534000,5226,2,0,0,0,0,0,0,0,0,5240,1,0,0,0,0,0,0,0,0
80,2017-04-21,09:02:14,0,SF705,XZCE,5228,5204,5246,216,5644520,7116,7120,5452,4932,5192,5174,0,5204,0,0,0,2017-04-21,32534000,5226,2,0,0,0,0,0,0,0,0,5240,1,0,0,0,0,0,0,0,0
81,2017-04-21,09:02:16,0,SF705,XZCE,5228,5204,5246,216,5644520,7116,7120,5452,4932,5192,5174,0,5204,0,0,0,2017-04-21,32536000,5226,2,0,0,0,0,0,0,0,0,5238,1,0,0,0,0,0,0,0,0
82,2017-04-21,09:02:21,0,SF705,XZCE,5228,5204,5246,216,5644520,7116,7120,5452,4932,5192,5174,0,5204,0,0,0,2017-04-21,32541000,5232,1,0,0,0,0,0,0,0,0,5236,1,0,0,0,0,0,0,0,0
83,2017-04-21,09:02:22,0,SF705,XZCE,5228,5204,5246,216,5644520,7116,7120,5452,4932,5192,5174,0,5204,0,0,0,2017-04-21,32542000,5226,2,0,0,0,0,0,0,0,0,5236,1,0,0,0,0,0,0,0,0
84,2017-04-21,09:02:23,0,SF705,XZCE,5226,5204,5246,218,5696780,7118,7120,5452,4932,5192,5174,0,5204,0,0,0,2017-04-21,32543000,5226,1,0,0,0,0,0,0,0,0,5236,1,0,0,0,0,0,0,0,0
85,2017-04-21,09:02:23,0,SF705,XZCE,5226,5204,5246,218,5696780,7118,7120,5452,4932,5192,5174,0,5204,0,0,0,2017-04-21,32543000,5232,1,0,0,0,0,0,0,0,0,5236,1,0,0,0,0,0,0,0,0
86,2017-04-21,09:02:29,0,SF705,XZCE,5226,5204,5246,218,5696780,7118,7120,5452,4932,5192,5174,0,5204,0,0,0,2017-04-21,32549000,5226,2,0,0,0,0,0,0,0,0,5232,6,0,0,0,0,0,0,0,0
87,2017-04-21,09:02:45,0,SF705,XZCE,5226,5204,5246,220,5749040,7118,7120,5452,4932,5192,5174,0,5204,0,0,0,2017-04-21,32565000,5226,1,0,0,0,0,0,0,0,0,5232,6,0,0,0,0,0,0,0,0
88,2017-04-21,09:02:46,0,SF705,XZCE,5226,5204,5246,222,5801300,7120,7120,5452,4932,5192,5174,0,5204,0,0,0,2017-04-21,32566000,5222,4,0,0,0,0,0,0,0,0,5232,6,0,0,0,0,0,0,0,0
89,2017-04-21,09:02:48,0,SF705,XZCE,5226,5204,5246,222,5801300,7120,7120,5452,4932,5192,5174,0,5204,0,0,0,2017-04-21,32568000,5222,4,0,0,0,0,0,0,0,0,5230,1,0,0,0,0,0,0,0,0
90,2017-04-21,09:02:50,0,SF705,XZCE,5226,5204,5246,222,5801300,7120,7120,5452,4932,5192,5174,0,5204,0,0,0,2017-04-21,32570000,5226,1,0,0,0,0,0,0,0,0,5230,1,0,0,0,0,0,0,0,0
91,2017-04-21,09:02:53,0,SF705,XZCE,5226,5204,5246,224,5853560,7118,7120,5452,4932,5192,5174,0,5204,0,0,0,2017-04-21,32573000,5222,5,0,0,0,0,0,0,0,0,5230,1,0,0,0,0,0,0,0,0
92,2017-04-21,09:02:54,0,SF705,XZCE,5226,5204,5246,226,5905820,7118,7120,5452,4932,5192,5174,0,5204,0,0,0,2017-04-21,32574000,5222,5,0,0,0,0,0,0,0,0,5226,3,0,0,0,0,0,0,0,0
93,2017-04-21,09:02:59,0,SF705,XZCE,5226,5204,5246,226,5905820,7118,7120,5452,4932,5192,5174,0,5204,0,0,0,2017-04-21,32579000,5222,5,0,0,0,0,0,0,0,0,5230,1,0,0,0,0,0,0,0,0
94,2017-04-21,09:03:03,0,SF705,XZCE,5222,5204,5246,230,6010260,7118,7120,5452,4932,5192,5174,0,5204,0,0,0,2017-04-21,32583000,5222,3,0,0,0,0,0,0,0,0,5230,1,0,0,0,0,0,0,0,0
95,2017-04-21,09:03:04,0,SF705,XZCE,5230,5204,5246,238,6219460,7118,7120,5452,4932,5192,5174,0,5204,0,0,0,2017-04-21,32584000,5230,2,0,0,0,0,0,0,0,0,5240,1,0,0,0,0,0,0,0,0
96,2017-04-21,09:03:04,0,SF705,XZCE,5230,5204,5246,238,6219460,7118,7120,5452,4932,5192,5174,0,5204,0,0,0,2017-04-21,32584000,5230,4,0,0,0,0,0,0,0,0,5240,1,0,0,0,0,0,0,0,0
97,2017-04-21,09:03:06,0,SF705,XZCE,5230,5204,5246,242,6324060,7122,7120,5452,4932,5192,5174,0,5204,0,0,0,2017-04-21,32586000,5230,2,0,0,0,0,0,0,0,0,5240,1,0,0,0,0,0,0,0,0
98,2017-04-21,09:03:07,0,SF705,XZCE,5230,5204,5246,242,6324060,7122,7120,5452,4932,5192,5174,0,5204,0,0,0,2017-04-21,32587000,5226,10,0,0,0,0,0,0,0,0,5240,1,0,0,0,0,0,0,0,0
99,2017-04-21,09:03:08,0,SF705,XZCE,5240,5204,5246,246,6428860,7124,7120,5452,4932,5192,5174,0,5204,0,0,0,2017-04-21,32588000,5226,10,0,0,0,0,0,0,0,0,5240,1,0,0,0,0,0,0,0,0
100,2017-04-21,09:03:11,0,SF705,XZCE,5240,5204,5246,246,6428860,7124,7120,5452,4932,5192,5174,0,5204,0,0,0,2017-04-21,32591000,5228,1,0,0,0,0,0,0,0,0,5240,1,0,0,0,0,0,0,0,0
101,2017-04-21,09:03:11,0,SF705,XZCE,5240,5204,5246,246,6428860,7124,7120,5452,4932,5192,5174,0,5204,0,0,0,2017-04-21,32591000,5228,4,0,0,0,0,0,0,0,0,5240,1,0,0,0,0,0,0,0,0
102,2017-04-21,09:03:12,0,SF705,XZCE,5240,5204,5246,246,6428860,7124,7120,5452,4932,5192,5174,0,5204,0,0,0,2017-04-21,32592000,5228,4,0,0,0,0,0,0,0,0,5238,1,0,0,0,0,0,0,0,0
103,2017-04-21,09:03:18,0,SF705,XZCE,5238,5204,5246,248,6481240,7126,7120,5452,4932,5192,5174,0,5204,0,0,0,2017-04-21,32598000,5228,4,0,0,0,0,0,0,0,0,5240,2,0,0,0,0,0,0,0,0
104,2017-04-21,09:03:19,0,SF705,XZCE,5238,5204,5246,248,6481240,7126,7120,5452,4932,5192,5174,0,5204,0,0,0,2017-04-21,32599000,5228,1,0,0,0,0,0,0,0,0,5240,2,0,0,0,0,0,0,0,0
105,2017-04-21,09:03:22,0,SF705,XZCE,5238,5204,5246,248,6481240,7126,7120,5452,4932,5192,5174,0,5204,0,0,0,2017-04-21,32602000,5232,1,0,0,0,0,0,0,0,0,5240,2,0,0,0,0,0,0,0,0
106,2017-04-21,09:03:30,0,SF705,XZCE,5238,5204,5246,248,6481240,7126,7120,5452,4932,5192,5174,0,5204,0,0,0,2017-04-21,32610000,5232,2,0,0,0,0,0,0,0,0,5240,2,0,0,0,0,0,0,0,0
107,2017-04-21,09:03:34,0,SF705,XZCE,5240,5204,5246,268,7005240,7136,7120,5452,4932,5192,5174,0,5204,0,0,0,2017-04-21,32614000,5232,2,0,0,0,0,0,0,0,0,5242,1,0,0,0,0,0,0,0,0
108,2017-04-21,09:03:34,0,SF705,XZCE,5240,5204,5246,270,7057640,7138,7120,5452,4932,5192,5174,0,5204,0,0,0,2017-04-21,32614000,5232,2,0,0,0,0,0,0,0,0,5240,1,0,0,0,0,0,0,0,0
109,2017-04-21,09:03:36,0,SF705,XZCE,5232,5204,5246,274,7162280,7134,7120,5452,4932,5192,5174,0,5204,0,0,0,2017-04-21,32616000,5228,1,0,0,0,0,0,0,0,0,5232,18,0,0,0,0,0,0,0,0
110,2017-04-21,09:03:40,0,SF705,XZCE,5232,5204,5246,276,7214600,7132,7120,5452,4932,5192,5174,0,5204,0,0,0,2017-04-21,32620000,5228,1,0,0,0,0,0,0,0,0,5232,17,0,0,0,0,0,0,0,0
111,2017-04-21,09:03:45,0,SF705,XZCE,5232,5204,5246,276,7214600,7132,7120,5452,4932,5192,5174,0,5204,0,0,0,2017-04-21,32625000,5228,1,0,0,0,0,0,0,0,0,5230,2,0,0,0,0,0,0,0,0
112,2017-04-21,09:03:47,0,SF705,XZCE,5232,5204,5246,278,7266920,7134,7120,5452,4932,5192,5174,0,5204,0,0,0,2017-04-21,32627000,5228,1,0,0,0,0,0,0,0,0,5230,1,0,0,0,0,0,0,0,0
113,2017-04-21,09:03:47,0,SF705,XZCE,5232,5204,5246,280,7319240,7136,7120,5452,4932,5192,5174,0,5204,0,0,0,2017-04-21,32627000,5228,1,0,0,0,0,0,0,0,0,5232,17,0,0,0,0,0,0,0,0
114,2017-04-21,09:03:54,0,SF705,XZCE,5232,5204,5246,280,7319240,7136,7120,5452,4932,5192,5174,0,5204,0,0,0,2017-04-21,32634000,5228,2,0,0,0,0,0,0,0,0,5232,17,0,0,0,0,0,0,0,0
115,2017-04-21,09:03:59,0,SF705,XZCE,5232,5204,5246,280,7319240,7136,7120,5452,4932,5192,5174,0,5204,0,0,0,2017-04-21,32639000,5228,3,0,0,0,0,0,0,0,0,5232,17,0,0,0,0,0,0,0,0
116,2017-04-21,09:04:07,0,SF705,XZCE,5232,5204,5246,280,7319240,7136,7120,5452,4932,5192,5174,0,5204,0,0,0,2017-04-21,32647000,5228,2,0,0,0,0,0,0,0,0,5232,17,0,0,0,0,0,0,0,0
117,2017-04-21,09:04:09,0,SF705,XZCE,5228,5204,5246,284,7423800,7134,7120,5452,4932,5192,5174,0,5204,0,0,0,2017-04-21,32649000,5226,10,0,0,0,0,0,0,0,0,5228,13,0,0,0,0,0,0,0,0
118,2017-04-21,09:04:09,0,SF705,XZCE,5228,5204,5246,286,7476080,7132,7120,5452,4932,5192,5174,0,5204,0,0,0,2017-04-21,32649000,5226,10,0,0,0,0,0,0,0,0,5228,12,0,0,0,0,0,0,0,0
119,2017-04-21,09:04:12,0,SF705,XZCE,5228,5204,5246,288,7528360,7130,7120,5452,4932,5192,5174,0,5204,0,0,0,2017-04-21,32652000,5226,10,0,0,0,0,0,0,0,0,5228,11,0,0,0,0,0,0,0,0
120,2017-04-21,09:04:21,0,SF705,XZCE,5228,5204,5246,292,7632920,7130,7120,5452,4932,5192,5174,0,5204,0,0,0,2017-04-21,32661000,5226,10,0,0,0,0,0,0,0,0,5228,9,0,0,0,0,0,0,0,0
121,2017-04-21,09:04:30,0,SF705,XZCE,5222,5204,5246,318,8311780,7148,7120,5452,4932,5192,5174,0,5204,0,0,0,2017-04-21,32670000,5220,1,0,0,0,0,0,0,0,0,5224,1,0,0,0,0,0,0,0,0
122,2017-04-21,09:04:30,0,SF705,XZCE,5220,5204,5246,320,8363980,7146,7120,5452,4932,5192,5174,0,5204,0,0,0,2017-04-21,32670000,5214,1,0,0,0,0,0,0,0,0,5226,7,0,0,0,0,0,0,0,0
123,2017-04-21,09:04:31,0,SF705,XZCE,5210,5204,5246,324,8468180,7142,7120,5452,4932,5192,5174,0,5204,0,0,0,2017-04-21,32671000,5210,1,0,0,0,0,0,0,0,0,5214,4,0,0,0,0,0,0,0,0
124,2017-04-21,09:04:32,0,SF705,XZCE,5210,5204,5246,330,8624480,7138,7120,5452,4932,5192,5174,0,5204,0,0,0,2017-04-21,32672000,5208,2,0,0,0,0,0,0,0,0,5210,1,0,0,0,0,0,0,0,0
125,2017-04-21,09:04:33,0,SF705,XZCE,5210,5204,5246,334,8728680,7134,7120,5452,4932,5192,5174,0,5204,0,0,0,2017-04-21,32673000,5208,2,0,0,0,0,0,0,0,0,5226,7,0,0,0,0,0,0,0,0
126,2017-04-21,09:04:35,0,SF705,XZCE,5210,5204,5246,334,8728680,7134,7120,5452,4932,5192,5174,0,5204,0,0,0,2017-04-21,32675000,5210,2,0,0,0,0,0,0,0,0,5226,7,0,0,0,0,0,0,0,0
127,2017-04-21,09:04:36,0,SF705,XZCE,5210,5204,5246,334,8728680,7134,7120,5452,4932,5192,5174,0,5204,0,0,0,2017-04-21,32676000,5210,3,0,0,0,0,0,0,0,0,5226,7,0,0,0,0,0,0,0,0
128,2017-04-21,09:04:36,0,SF705,XZCE,5210,5204,5246,334,8728680,7134,7120,5452,4932,5192,5174,0,5204,0,0,0,2017-04-21,32676000,5210,3,0,0,0,0,0,0,0,0,5226,8,0,0,0,0,0,0,0,0
129,2017-04-21,09:04:37,0,SF705,XZCE,5210,5204,5246,334,8728680,7134,7120,5452,4932,5192,5174,0,5204,0,0,0,2017-04-21,32677000,5210,4,0,0,0,0,0,0,0,0,5226,8,0,0,0,0,0,0,0,0
130,2017-04-21,09:04:37,0,SF705,XZCE,5210,5204,5246,336,8780780,7132,7120,5452,4932,5192,5174,0,5204,0,0,0,2017-04-21,32677000,5210,3,0,0,0,0,0,0,0,0,5226,8,0,0,0,0,0,0,0,0
131,2017-04-21,09:04:38,0,SF705,XZCE,5210,5204,5246,336,8780780,7132,7120,5452,4932,5192,5174,0,5204,0,0,0,2017-04-21,32678000,5210,3,0,0,0,0,0,0,0,0,5224,1,0,0,0,0,0,0,0,0
132,2017-04-21,09:04:39,0,SF705,XZCE,5210,5204,5246,336,8780780,7132,7120,5452,4932,5192,5174,0,5204,0,0,0,2017-04-21,32679000,5212,3,0,0,0,0,0,0,0,0,5224,1,0,0,0,0,0,0,0,0
133,2017-04-21,09:04:43,0,SF705,XZCE,5210,5204,5246,336,8780780,7132,7120,5452,4932,5192,5174,0,5204,0,0,0,2017-04-21,32683000,5214,1,0,0,0,0,0,0,0,0,5224,1,0,0,0,0,0,0,0,0
134,2017-04-21,09:04:44,0,SF705,XZCE,5210,5204,5246,336,8780780,7132,7120,5452,4932,5192,5174,0,5204,0,0,0,2017-04-21,32684000,5214,2,0,0,0,0,0,0,0,0,5224,1,0,0,0,0,0,0,0,0
135,2017-04-21,09:04:46,0,SF705,XZCE,5210,5204,5246,336,8780780,7132,7120,5452,4932,5192,5174,0,5204,0,0,0,2017-04-21,32686000,5214,2,0,0,0,0,0,0,0,0,5222,2,0,0,0,0,0,0,0,0
136,2017-04-21,09:04:48,0,SF705,XZCE,5210,5204,5246,336,8780780,7132,7120,5452,4932,5192,5174,0,5204,0,0,0,2017-04-21,32688000,5214,3,0,0,0,0,0,0,0,0,5222,3,0,0,0,0,0,0,0,0
137,2017-04-21,09:04:50,0,SF705,XZCE,5210,5204,5246,336,8780780,7132,7120,5452,4932,5192,5174,0,5204,0,0,0,2017-04-21,32690000,5214,3,0,0,0,0,0,0,0,0,5222,4,0,0,0,0,0,0,0,0
138,2017-04-21,09:04:55,0,SF705,XZCE,5214,5204,5246,338,8832920,7130,7120,5452,4932,5192,5174,0,5204,0,0,0,2017-04-21,32695000,5214,2,0,0,0,0,0,0,0,0,5222,4,0,0,0,0,0,0,0,0
139,2017-04-21,09:05:00,0,SF705,XZCE,5214,5204,5246,338,8832920,7130,7120,5452,4932,5192,5174,0,5204,0,0,0,2017-04-21,32700000,5214,1,0,0,0,0,0,0,0,0,5222,4,0,0,0,0,0,0,0,0
140,2017-04-21,09:05:01,0,SF705,XZCE,5214,5204,5246,338,8832920,7130,7120,5452,4932,5192,5174,0,5204,0,0,0,2017-04-21,32701000,5218,1,0,0,0,0,0,0,0,0,5222,4,0,0,0,0,0,0,0,0
141,2017-04-21,09:05:04,0,SF705,XZCE,5222,5204,5246,342,8937360,7126,7120,5452,4932,5192,5174,0,5204,0,0,0,2017-04-21,32704000,5218,1,0,0,0,0,0,0,0,0,5222,2,0,0,0,0,0,0,0,0
142,2017-04-21,09:05:05,0,SF705,XZCE,5218,5204,5246,344,8989540,7124,7120,5452,4932,5192,5174,0,5204,0,0,0,2017-04-21,32705000,5214,2,0,0,0,0,0,0,0,0,5218,6,0,0,0,0,0,0,0,0
143,2017-04-21,09:05:09,0,SF705,XZCE,5218,5204,5246,356,9302620,7118,7120,5452,4932,5192,5174,0,5204,0,0,0,2017-04-21,32709000,5218,1,0,0,0,0,0,0,0,0,5222,2,0,0,0,0,0,0,0,0
144,2017-04-21,09:05:16,0,SF705,XZCE,5218,5204,5246,358,9354800,7120,7120,5452,4932,5192,5174,0,5204,0,0,0,2017-04-21,32716000,5214,1,0,0,0,0,0,0,0,0,5222,2,0,0,0,0,0,0,0,0
145,2017-04-21,09:05:22,0,SF705,XZCE,5218,5204,5246,358,9354800,7120,7120,5452,4932,5192,5174,0,5204,0,0,0,2017-04-21,32722000,5216,2,0,0,0,0,0,0,0,0,5222,2,0,0,0,0,0,0,0,0
146,2017-04-21,09:05:30,0,SF705,XZCE,5218,5204,5246,358,9354800,7120,7120,5452,4932,5192,5174,0,5204,0,0,0,2017-04-21,32730000,5218,2,0,0,0,0,0,0,0,0,5222,2,0,0,0,0,0,0,0,0
147,2017-04-21,09:05:32,0,SF705,XZCE,5218,5204,5246,358,9354800,7120,7120,5452,4932,5192,5174,0,5204,0,0,0,2017-04-21,32732000,5218,5,0,0,0,0,0,0,0,0,5222,2,0,0,0,0,0,0,0,0
148,2017-04-21,09:05:42,0,SF705,XZCE,5226,5204,5246,366,9563840,7116,7120,5452,4932,5192,5174,0,5204,0,0,0,2017-04-21,32742000,5224,4,0,0,0,0,0,0,0,0,5228,8,0,0,0,0,0,0,0,0
149,2017-04-21,09:05:42,0,SF705,XZCE,5228,5204,5246,384,10034360,7108,7120,5452,4932,5192,5174,0,5204,0,0,0,2017-04-21,32742000,5226,2,0,0,0,0,0,0,0,0,5238,4,0,0,0,0,0,0,0,0
150,2017-04-21,09:05:42,0,SF705,XZCE,5228,5204,5246,384,10034360,7108,7120,5452,4932,5192,5174,0,5204,0,0,0,2017-04-21,32742000,5230,2,0,0,0,0,0,0,0,0,5238,4,0,0,0,0,0,0,0,0
151,2017-04-21,09:05:43,0,SF705,XZCE,5228,5204,5246,384,10034360,7108,7120,5452,4932,5192,5174,0,5204,0,0,0,2017-04-21,32743000,5220,8,0,0,0,0,0,0,0,0,5238,4,0,0,0,0,0,0,0,0
152,2017-04-21,09:05:49,0,SF705,XZCE,5228,5204,5246,384,10034360,7108,7120,5452,4932,5192,5174,0,5204,0,0,0,2017-04-21,32749000,5220,8,0,0,0,0,0,0,0,0,5236,1,0,0,0,0,0,0,0,0
153,2017-04-21,09:05:53,0,SF705,XZCE,5228,5204,5246,384,10034360,7108,7120,5452,4932,5192,5174,0,5204,0,0,0,2017-04-21,32753000,5228,2,0,0,0,0,0,0,0,0,5236,1,0,0,0,0,0,0,0,0
154,2017-04-21,09:05:55,0,SF705,XZCE,5228,5204,5246,384,10034360,7108,7120,5452,4932,5192,5174,0,5204,0,0,0,2017-04-21,32755000,5222,1,0,0,0,0,0,0,0,0,5236,1,0,0,0,0,0,0,0,0
155,2017-04-21,09:05:59,0,SF705,XZCE,5228,5204,5246,384,10034360,7108,7120,5452,4932,5192,5174,0,5204,0,0,0,2017-04-21,32759000,5224,12,0,0,0,0,0,0,0,0,5236,1,0,0,0,0,0,0,0,0
156,2017-04-21,09:06:08,0,SF705,XZCE,5228,5204,5246,384,10034360,7108,7120,5452,4932,5192,5174,0,5204,0,0,0,2017-04-21,32768000,5228,3,0,0,0,0,0,0,0,0,5236,1,0,0,0,0,0,0,0,0
157,2017-04-21,09:06:11,0,SF705,XZCE,5228,5204,5246,404,10557160,7118,7120,5452,4932,5192,5174,0,5204,0,0,0,2017-04-21,32771000,5228,3,0,0,0,0,0,0,0,0,5236,1,0,0,0,0,0,0,0,0
158,2017-04-21,09:06:15,0,SF705,XZCE,5236,5204,5246,412,10766600,7126,7120,5452,4932,5192,5174,0,5204,0,0,0,2017-04-21,32775000,5224,12,0,0,0,0,0,0,0,0,5236,2,0,0,0,0,0,0,0,0
159,2017-04-21,09:06:17,0,SF705,XZCE,5236,5204,5246,412,10766600,7126,7120,5452,4932,5192,5174,0,5204,0,0,0,2017-04-21,32777000,5232,1,0,0,0,0,0,0,0,0,5236,2,0,0,0,0,0,0,0,0
160,2017-04-21,09:06:17,0,SF705,XZCE,5236,5204,5246,412,10766600,7126,7120,5452,4932,5192,5174,0,5204,0,0,0,2017-04-21,32777000,5232,1,0,0,0,0,0,0,0,0,5238,3,0,0,0,0,0,0,0,0
161,2017-04-21,09:06:17,0,SF705,XZCE,5236,5204,5246,412,10766600,7126,7120,5452,4932,5192,5174,0,5204,0,0,0,2017-04-21,32777000,5232,1,0,0,0,0,0,0,0,0,5236,1,0,0,0,0,0,0,0,0
162,2017-04-21,09:06:31,0,SF705,XZCE,5236,5204,5246,414,10818960,7126,7120,5452,4932,5192,5174,0,5204,0,0,0,2017-04-21,32791000,5232,1,0,0,0,0,0,0,0,0,5238,2,0,0,0,0,0,0,0,0
163,2017-04-21,09:06:42,0,SF705,XZCE,5236,5204,5246,414,10818960,7126,7120,5452,4932,5192,5174,0,5204,0,0,0,2017-04-21,32802000,5234,1,0,0,0,0,0,0,0,0,5238,2,0,0,0,0,0,0,0,0
164,2017-04-21,09:06:42,0,SF705,XZCE,5236,5204,5246,414,10818960,7126,7120,5452,4932,5192,5174,0,5204,0,0,0,2017-04-21,32802000,5238,1,0,0,0,0,0,0,0,0,5240,1,0,0,0,0,0,0,0,0
165,2017-04-21,09:06:44,0,SF705,XZCE,5232,5204,5246,422,11028240,7120,7120,5452,4932,5192,5174,0,5204,0,0,0,2017-04-21,32804000,5230,2,0,0,0,0,0,0,0,0,5240,1,0,0,0,0,0,0,0,0
166,2017-04-21,09:06:48,0,SF705,XZCE,5240,5204,5246,424,11080640,7122,7120,5452,4932,5192,5174,0,5204,0,0,0,2017-04-21,32808000,5240,10,0,0,0,0,0,0,0,0,5242,2,0,0,0,0,0,0,0,0
167,2017-04-21,09:06:49,0,SF705,XZCE,5242,5204,5246,428,11185480,7124,7120,5452,4932,5192,5174,0,5204,0,0,0,2017-04-21,32809000,5240,10,0,0,0,0,0,0,0,0,5246,3,0,0,0,0,0,0,0,0
168,2017-04-21,09:06:51,0,SF705,XZCE,5242,5204,5246,428,11185480,7124,7120,5452,4932,5192,5174,0,5204,0,0,0,2017-04-21,32811000,5244,12,0,0,0,0,0,0,0,0,5246,3,0,0,0,0,0,0,0,0
169,2017-04-21,09:06:51,0,SF705,XZCE,5248,5204,5248,438,11447880,7134,7120,5452,4932,5192,5174,0,5204,0,0,0,2017-04-21,32811000,5244,12,0,0,0,0,0,0,0,0,5248,4,0,0,0,0,0,0,0,0
170,2017-04-21,09:06:53,0,SF705,XZCE,5248,5204,5248,438,11447880,7134,7120,5452,4932,5192,5174,0,5204,0,0,0,2017-04-21,32813000,5244,12,0,0,0,0,0,0,0,0,5248,5,0,0,0,0,0,0,0,0
171,2017-04-21,09:06:55,0,SF705,XZCE,5248,5204,5248,438,11447880,7134,7120,5452,4932,5192,5174,0,5204,0,0,0,2017-04-21,32815000,5244,13,0,0,0,0,0,0,0,0,5248,5,0,0,0,0,0,0,0,0
172,2017-04-21,09:06:56,0,SF705,XZCE,5248,5204,5248,438,11447880,7134,7120,5452,4932,5192,5174,0,5204,0,0,0,2017-04-21,32816000,5244,1,0,0,0,0,0,0,0,0,5248,5,0,0,0,0,0,0,0,0
173,2017-04-21,09:06:57,0,SF705,XZCE,5248,5204,5248,444,11605320,7134,7120,5452,4932,5192,5174,0,5204,0,0,0,2017-04-21,32817000,5240,10,0,0,0,0,0,0,0,0,5248,3,0,0,0,0,0,0,0,0
174,2017-04-21,09:06:58,0,SF705,XZCE,5248,5204,5248,444,11605320,7134,7120,5452,4932,5192,5174,0,5204,0,0,0,2017-04-21,32818000,5240,10,0,0,0,0,0,0,0,0,5248,7,0,0,0,0,0,0,0,0
175,2017-04-21,09:06:59,0,SF705,XZCE,5248,5204,5250,462,12077640,7140,7120,5452,4932,5192,5174,0,5204,0,0,0,2017-04-21,32819000,5240,10,0,0,0,0,0,0,0,0,5250,3,0,0,0,0,0,0,0,0
176,2017-04-21,09:07:01,0,SF705,XZCE,5248,5204,5250,462,12077640,7140,7120,5452,4932,5192,5174,0,5204,0,0,0,2017-04-21,32821000,5240,10,0,0,0,0,0,0,0,0,5250,4,0,0,0,0,0,0,0,0
177,2017-04-21,09:07:01,0,SF705,XZCE,5248,5204,5250,462,12077640,7140,7120,5452,4932,5192,5174,0,5204,0,0,0,2017-04-21,32821000,5240,10,0,0,0,0,0,0,0,0,5248,2,0,0,0,0,0,0,0,0
178,2017-04-21,09:07:03,0,SF705,XZCE,5248,5204,5250,464,12130120,7140,7120,5452,4932,5192,5174,0,5204,0,0,0,2017-04-21,32823000,5240,10,0,0,0,0,0,0,0,0,5248,1,0,0,0,0,0,0,0,0
179,2017-04-21,09:07:03,0,SF705,XZCE,5248,5204,5250,466,12182600,7140,7120,5452,4932,5192,5174,0,5204,0,0,0,2017-04-21,32823000,5240,10,0,0,0,0,0,0,0,0,5250,4,0,0,0,0,0,0,0,0
180,2017-04-21,09:07:04,0,SF705,XZCE,5264,5204,5264,478,12498440,7140,7120,5452,4932,5192,5174,0,5204,0,0,0,2017-04-21,32824000,5250,8,0,0,0,0,0,0,0,0,5264,1,0,0,0,0,0,0,0,0
181,2017-04-21,09:07:05,0,SF705,XZCE,5250,5204,5264,480,12550940,7142,7120,5452,4932,5192,5174,0,5204,0,0,0,2017-04-21,32825000,5250,7,0,0,0,0,0,0,0,0,5264,1,0,0,0,0,0,0,0,0
182,2017-04-21,09:07:06,0,SF705,XZCE,5250,5204,5264,480,12550940,7142,7120,5452,4932,5192,5174,0,5204,0,0,0,2017-04-21,32826000,5250,7,0,0,0,0,0,0,0,0,5264,6,0,0,0,0,0,0,0,0
183,2017-04-21,09:07:08,0,SF705,XZCE,5250,5204,5264,480,12550940,7142,7120,5452,4932,5192,5174,0,5204,0,0,0,2017-04-21,32828000,5252,1,0,0,0,0,0,0,0,0,5262,1,0,0,0,0,0,0,0,0
184,2017-04-21,09:07:09,0,SF705,XZCE,5250,5204,5264,480,12550940,7142,7120,5452,4932,5192,5174,0,5204,0,0,0,2017-04-21,32829000,5252,1,0,0,0,0,0,0,0,0,5262,2,0,0,0,0,0,0,0,0
185,2017-04-21,09:07:10,0,SF705,XZCE,5250,5204,5264,484,12655940,7140,7120,5452,4932,5192,5174,0,5204,0,0,0,2017-04-21,32830000,5250,6,0,0,0,0,0,0,0,0,5262,2,0,0,0,0,0,0,0,0
186,2017-04-21,09:07:10,0,SF705,XZCE,5262,5204,5264,488,12761180,7140,7120,5452,4932,5192,5174,0,5204,0,0,0,2017-04-21,32830000,5250,6,0,0,0,0,0,0,0,0,5262,1,0,0,0,0,0,0,0,0
187,2017-04-21,09:07:10,0,SF705,XZCE,5262,5204,5264,488,12761180,7140,7120,5452,4932,5192,5174,0,5204,0,0,0,2017-04-21,32830000,5250,6,0,0,0,0,0,0,0,0,5258,1,0,0,0,0,0,0,0,0
188,2017-04-21,09:07:11,0,SF705,XZCE,5262,5204,5264,488,12761180,7140,7120,5452,4932,5192,5174,0,5204,0,0,0,2017-04-21,32831000,5250,7,0,0,0,0,0,0,0,0,5258,1,0,0,0,0,0,0,0,0
189,2017-04-21,09:07:12,0,SF705,XZCE,5262,5204,5264,490,12813800,7142,7120,5452,4932,5192,5174,0,5204,0,0,0,2017-04-21,32832000,5250,7,0,0,0,0,0,0,0,0,5262,1,0,0,0,0,0,0,0,0
190,2017-04-21,09:07:13,0,SF705,XZCE,5262,5204,5264,490,12813800,7142,7120,5452,4932,5192,5174,0,5204,0,0,0,2017-04-21,32833000,5250,7,0,0,0,0,0,0,0,0,5262,2,0,0,0,0,0,0,0,0
191,2017-04-21,09:07:14,0,SF705,XZCE,5262,5204,5264,490,12813800,7142,7120,5452,4932,5192,5174,0,5204,0,0,0,2017-04-21,32834000,5252,1,0,0,0,0,0,0,0,0,5262,2,0,0,0,0,0,0,0,0
192,2017-04-21,09:07:14,0,SF705,XZCE,5262,5204,5264,490,12813800,7142,7120,5452,4932,5192,5174,0,5204,0,0,0,2017-04-21,32834000,5252,1,0,0,0,0,0,0,0,0,5260,1,0,0,0,0,0,0,0,0
193,2017-04-21,09:07:16,0,SF705,XZCE,5262,5204,5264,490,12813800,7142,7120,5452,4932,5192,5174,0,5204,0,0,0,2017-04-21,32836000,5252,2,0,0,0,0,0,0,0,0,5260,1,0,0,0,0,0,0,0,0
194,2017-04-21,09:07:16,0,SF705,XZCE,5262,5204,5264,490,12813800,7142,7120,5452,4932,5192,5174,0,5204,0,0,0,2017-04-21,32836000,5252,2,0,0,0,0,0,0,0,0,5258,1,0,0,0,0,0,0,0,0
195,2017-04-21,09:07:19,0,SF705,XZCE,5252,5204,5264,492,12866320,7142,7120,5452,4932,5192,5174,0,5204,0,0,0,2017-04-21,32839000,5252,1,0,0,0,0,0,0,0,0,5258,2,0,0,0,0,0,0,0,0
196,2017-04-21,09:07:21,0,SF705,XZCE,5252,5204,5264,496,12971360,7144,7120,5452,4932,5192,5174,0,5204,0,0,0,2017-04-21,32841000,5250,7,0,0,0,0,0,0,0,0,5258,1,0,0,0,0,0,0,0,0
197,2017-04-21,09:07:23,0,SF705,XZCE,5250,5204,5264,510,13338860,7142,7120,5452,4932,5192,5174,0,5204,0,0,0,2017-04-21,32843000,5240,10,0,0,0,0,0,0,0,0,5250,1,0,0,0,0,0,0,0,0
198,2017-04-21,09:07:29,0,SF705,XZCE,5250,5204,5264,512,13391360,7142,7120,5452,4932,5192,5174,0,5204,0,0,0,2017-04-21,32849000,5240,10,0,0,0,0,0,0,0,0,5258,8,0,0,0,0,0,0,0,0
199,2017-04-21,09:07:30,0,SF705,XZCE,5258,5204,5264,516,13496520,7142,7120,5452,4932,5192,5174,0,5204,0,0,0,2017-04-21,32850000,5242,1,0,0,0,0,0,0,0,0,5258,6,0,0,0,0,0,0,0,0
200,2017-04-21,09:07:30,0,SF705,XZCE,5258,5204,5264,516,13496520,7142,7120,5452,4932,5192,5174,0,5204,0,0,0,2017-04-21,32850000,5246,8,0,0,0,0,0,0,0,0,5256,1,0,0,0,0,0,0,0,0
201,2017-04-21,09:07:31,0,SF705,XZCE,5258,5204,5264,516,13496520,7142,7120,5452,4932,5192,5174,0,5204,0,0,0,2017-04-21,32851000,5246,8,0,0,0,0,0,0,0,0,5256,3,0,0,0,0,0,0,0,0
202,2017-04-21,09:07:32,0,SF705,XZCE,5258,5204,5264,516,13496520,7142,7120,5452,4932,5192,5174,0,5204,0,0,0,2017-04-21,32852000,5246,8,0,0,0,0,0,0,0,0,5256,2,0,0,0,0,0,0,0,0
203,2017-04-21,09:07:33,0,SF705,XZCE,5258,5204,5264,518,13549100,7144,7120,5452,4932,5192,5174,0,5204,0,0,0,2017-04-21,32853000,5246,8,0,0,0,0,0,0,0,0,5256,1,0,0,0,0,0,0,0,0
204,2017-04-21,09:07:35,0,SF705,XZCE,5256,5204,5264,520,13601660,7146,7120,5452,4932,5192,5174,0,5204,0,0,0,2017-04-21,32855000,5246,8,0,0,0,0,0,0,0,0,5258,6,0,0,0,0,0,0,0,0
205,2017-04-21,09:07:35,0,SF705,XZCE,5256,5204,5264,520,13601660,7146,7120,5452,4932,5192,5174,0,5204,0,0,0,2017-04-21,32855000,5248,1,0,0,0,0,0,0,0,0,5258,6,0,0,0,0,0,0,0,0
206,2017-04-21,09:07:38,0,SF705,XZCE,5256,5204,5264,520,13601660,7146,7120,5452,4932,5192,5174,0,5204,0,0,0,2017-04-21,32858000,5248,1,0,0,0,0,0,0,0,0,5256,3,0,0,0,0,0,0,0,0
207,2017-04-21,09:07:44,0,SF705,XZCE,5248,5204,5264,522,13654140,7146,7120,5452,4932,5192,5174,0,5204,0,0,0,2017-04-21,32864000,5246,3,0,0,0,0,0,0,0,0,5248,19,0,0,0,0,0,0,0,0
208,2017-04-21,09:07:45,0,SF705,XZCE,5246,5204,5264,528,13811520,7152,7120,5452,4932,5192,5174,0,5204,0,0,0,2017-04-21,32865000,5242,2,0,0,0,0,0,0,0,0,5248,19,0,0,0,0,0,0,0,0
209,2017-04-21,09:07:47,0,SF705,XZCE,5248,5204,5264,530,13864000,7154,7120,5452,4932,5192,5174,0,5204,0,0,0,2017-04-21,32867000,5242,2,0,0,0,0,0,0,0,0,5248,18,0,0,0,0,0,0,0,0
210,2017-04-21,09:07:48,0,SF705,XZCE,5248,5204,5264,532,13916480,7156,7120,5452,4932,5192,5174,0,5204,0,0,0,2017-04-21,32868000,5242,2,0,0,0,0,0,0,0,0,5248,17,0,0,0,0,0,0,0,0
211,2017-04-21,09:07:50,0,SF705,XZCE,5240,5204,5264,556,14545280,7174,7120,5452,4932,5192,5174,0,5204,0,0,0,2017-04-21,32870000,5238,1,0,0,0,0,0,0,0,0,5242,18,0,0,0,0,0,0,0,0
212,2017-04-21,09:07:50,0,SF705,XZCE,5242,5204,5264,576,15069480,7172,7120,5452,4932,5192,5174,0,5204,0,0,0,2017-04-21,32870000,5218,3,0,0,0,0,0,0,0,0,5242,12,0,0,0,0,0,0,0,0
213,2017-04-21,09:07:53,0,SF705,XZCE,5242,5204,5264,576,15069480,7172,7120,5452,4932,5192,5174,0,5204,0,0,0,2017-04-21,32873000,5220,1,0,0,0,0,0,0,0,0,5230,2,0,0,0,0,0,0,0,0
214,2017-04-21,09:07:54,0,SF705,XZCE,5242,5204,5264,576,15069480,7172,7120,5452,4932,5192,5174,0,5204,0,0,0,2017-04-21,32874000,5222,2,0,0,0,0,0,0,0,0,5242,12,0,0,0,0,0,0,0,0
215,2017-04-21,09:07:55,0,SF705,XZCE,5242,5204,5264,576,15069480,7172,7120,5452,4932,5192,5174,0,5204,0,0,0,2017-04-21,32875000,5224,2,0,0,0,0,0,0,0,0,5242,12,0,0,0,0,0,0,0,0
216,2017-04-21,09:07:57,0,SF705,XZCE,5242,5204,5264,576,15069480,7172,7120,5452,4932,5192,5174,0,5204,0,0,0,2017-04-21,32877000,5224,2,0,0,0,0,0,0,0,0,5240,3,0,0,0,0,0,0,0,0
217,2017-04-21,09:07:57,0,SF705,XZCE,5242,5204,5264,576,15069480,7172,7120,5452,4932,5192,5174,0,5204,0,0,0,2017-04-21,32877000,5226,1,0,0,0,0,0,0,0,0,5240,3,0,0,0,0,0,0,0,0
218,2017-04-21,09:08:01,0,SF705,XZCE,5240,5204,5264,582,15226680,7172,7120,5452,4932,5192,5174,0,5204,0,0,0,2017-04-21,32881000,5226,1,0,0,0,0,0,0,0,0,5242,12,0,0,0,0,0,0,0,0
219,2017-04-21,09:08:02,0,SF705,XZCE,5240,5204,5264,588,15383880,7172,7120,5452,4932,5192,5174,0,5204,0,0,0,2017-04-21,32882000,5226,1,0,0,0,0,0,0,0,0,5240,6,0,0,0,0,0,0,0,0
220,2017-04-21,09:08:02,0,SF705,XZCE,5240,5204,5264,588,15383880,7172,7120,5452,4932,5192,5174,0,5204,0,0,0,2017-04-21,32882000,5226,1,0,0,0,0,0,0,0,0,5240,7,0,0,0,0,0,0,0,0
221,2017-04-21,09:08:03,0,SF705,XZCE,5240,5204,5264,588,15383880,7172,7120,5452,4932,5192,5174,0,5204,0,0,0,2017-04-21,32883000,5226,1,0,0,0,0,0,0,0,0,5240,1,0,0,0,0,0,0,0,0
222,2017-04-21,09:08:04,0,SF705,XZCE,5240,5204,5264,596,15593480,7172,7120,5452,4932,5192,5174,0,5204,0,0,0,2017-04-21,32884000,5228,2,0,0,0,0,0,0,0,0,5240,6,0,0,0,0,0,0,0,0
223,2017-04-21,09:08:04,0,SF705,XZCE,5240,5204,5264,596,15593480,7172,7120,5452,4932,5192,5174,0,5204,0,0,0,2017-04-21,32884000,5228,2,0,0,0,0,0,0,0,0,5238,2,0,0,0,0,0,0,0,0
224,2017-04-21,09:08:06,0,SF705,XZCE,5240,5204,5264,596,15593480,7172,7120,5452,4932,5192,5174,0,5204,0,0,0,2017-04-21,32886000,5230,1,0,0,0,0,0,0,0,0,5238,2,0,0,0,0,0,0,0,0
225,2017-04-21,09:08:07,0,SF705,XZCE,5238,5204,5264,598,15645860,7172,7120,5452,4932,5192,5174,0,5204,0,0,0,2017-04-21,32887000,5230,1,0,0,0,0,0,0,0,0,5238,1,0,0,0,0,0,0,0,0
226,2017-04-21,09:08:07,0,SF705,XZCE,5230,5204,5264,600,15698160,7170,7120,5452,4932,5192,5174,0,5204,0,0,0,2017-04-21,32887000,5228,2,0,0,0,0,0,0,0,0,5238,1,0,0,0,0,0,0,0,0
227,2017-04-21,09:08:08,0,SF705,XZCE,5230,5204,5264,600,15698160,7170,7120,5452,4932,5192,5174,0,5204,0,0,0,2017-04-21,32888000,5230,2,0,0,0,0,0,0,0,0,5238,1,0,0,0,0,0,0,0,0
228,2017-04-21,09:08:09,0,SF705,XZCE,5230,5204,5264,600,15698160,7170,7120,5452,4932,5192,5174,0,5204,0,0,0,2017-04-21,32889000,5230,3,0,0,0,0,0,0,0,0,5238,1,0,0,0,0,0,0,0,0
229,2017-04-21,09:08:10,0,SF705,XZCE,5230,5204,5264,602,15750460,7168,7120,5452,4932,5192,5174,0,5204,0,0,0,2017-04-21,32890000,5230,2,0,0,0,0,0,0,0,0,5238,2,0,0,0,0,0,0,0,0
230,2017-04-21,09:08:11,0,SF705,XZCE,5230,5204,5264,602,15750460,7168,7120,5452,4932,5192,5174,0,5204,0,0,0,2017-04-21,32891000,5232,2,0,0,0,0,0,0,0,0,5238,2,0,0,0,0,0,0,0,0
231,2017-04-21,09:08:12,0,SF705,XZCE,5238,5204,5264,604,15802840,7170,7120,5452,4932,5192,5174,0,5204,0,0,0,2017-04-21,32892000,5232,2,0,0,0,0,0,0,0,0,5238,1,0,0,0,0,0,0,0,0
232,2017-04-21,09:08:14,0,SF705,XZCE,5238,5204,5264,604,15802840,7170,7120,5452,4932,5192,5174,0,5204,0,0,0,2017-04-21,32894000,5232,3,0,0,0,0,0,0,0,0,5238,1,0,0,0,0,0,0,0,0
233,2017-04-21,09:08:21,0,SF705,XZCE,5238,5204,5264,604,15802840,7170,7120,5452,4932,5192,5174,0,5204,0,0,0,2017-04-21,32901000,5234,1,0,0,0,0,0,0,0,0,5238,1,0,0,0,0,0,0,0,0
234,2017-04-21,09:08:23,0,SF705,XZCE,5238,5204,5264,608,15907600,7170,7120,5452,4932,5192,5174,0,5204,0,0,0,2017-04-21,32903000,5238,1,0,0,0,0,0,0,0,0,5242,12,0,0,0,0,0,0,0,0
235,2017-04-21,09:08:23,0,SF705,XZCE,5238,5204,5264,610,15959980,7170,7120,5452,4932,5192,5174,0,5204,0,0,0,2017-04-21,32903000,5232,3,0,0,0,0,0,0,0,0,5238,3,0,0,0,0,0,0,0,0
236,2017-04-21,09:08:23,0,SF705,XZCE,5232,5204,5264,616,16116940,7166,7120,5452,4932,5192,5174,0,5204,0,0,0,2017-04-21,32903000,5228,1,0,0,0,0,0,0,0,0,5232,1,0,0,0,0,0,0,0,0
237,2017-04-21,09:08:26,0,SF705,XZCE,5232,5204,5264,618,16169260,7166,7120,5452,4932,5192,5174,0,5204,0,0,0,2017-04-21,32906000,5228,1,0,0,0,0,0,0,0,0,5234,2,0,0,0,0,0,0,0,0
238,2017-04-21,09:08:27,0,SF705,XZCE,5232,5204,5264,618,16169260,7166,7120,5452,4932,5192,5174,0,5204,0,0,0,2017-04-21,32907000,5232,5,0,0,0,0,0,0,0,0,5242,12,0,0,0,0,0,0,0,0
239,2017-04-21,09:08:28,0,SF705,XZCE,5232,5204,5264,618,16169260,7166,7120,5452,4932,5192,5174,0,5204,0,0,0,2017-04-21,32908000,5232,5,0,0,0,0,0,0,0,0,5240,1,0,0,0,0,0,0,0,0
240,2017-04-21,09:08:29,0,SF705,XZCE,5232,5204,5264,618,16169260,7166,7120,5452,4932,5192,5174,0,5204,0,0,0,2017-04-21,32909000,5232,5,0,0,0,0,0,0,0,0,5240,3,0,0,0,0,0,0,0,0
241,2017-04-21,09:08:35,0,SF705,XZCE,5232,5204,5264,618,16169260,7166,7120,5452,4932,5192,5174,0,5204,0,0,0,2017-04-21,32915000,5232,5,0,0,0,0,0,0,0,0,5238,1,0,0,0,0,0,0,0,0
242,2017-04-21,09:08:38,0,SF705,XZCE,5232,5204,5264,618,16169260,7166,7120,5452,4932,5192,5174,0,5204,0,0,0,2017-04-21,32918000,5234,2,0,0,0,0,0,0,0,0,5236,1,0,0,0,0,0,0,0,0
243,2017-04-21,09:08:38,0,SF705,XZCE,5232,5204,5264,618,16169260,7166,7120,5452,4932,5192,5174,0,5204,0,0,0,2017-04-21,32918000,5232,5,0,0,0,0,0,0,0,0,5236,1,0,0,0,0,0,0,0,0
244,2017-04-21,09:08:39,0,SF705,XZCE,5232,5204,5264,620,16221580,7168,7120,5452,4932,5192,5174,0,5204,0,0,0,2017-04-21,32919000,5232,4,0,0,0,0,0,0,0,0,5236,1,0,0,0,0,0,0,0,0
245,2017-04-21,09:08:41,0,SF705,XZCE,5236,5204,5264,622,16273940,7170,7120,5452,4932,5192,5174,0,5204,0,0,0,2017-04-21,32921000,5232,4,0,0,0,0,0,0,0,0,5238,1,0,0,0,0,0,0,0,0
246,2017-04-21,09:08:42,0,SF705,XZCE,5236,5204,5264,622,16273940,7170,7120,5452,4932,5192,5174,0,5204,0,0,0,2017-04-21,32922000,5232,5,0,0,0,0,0,0,0,0,5238,1,0,0,0,0,0,0,0,0
247,2017-04-21,09:08:45,0,SF705,XZCE,5236,5204,5264,622,16273940,7170,7120,5452,4932,5192,5174,0,5204,0,0,0,2017-04-21,32925000,5234,5,0,0,0,0,0,0,0,0,5238,1,0,0,0,0,0,0,0,0
248,2017-04-21,09:08:47,0,SF705,XZCE,5236,5204,5264,622,16273940,7170,7120,5452,4932,5192,5174,0,5204,0,0,0,2017-04-21,32927000,5234,5,0,0,0,0,0,0,0,0,5240,2,0,0,0,0,0,0,0,0
249,2017-04-21,09:08:48,0,SF705,XZCE,5236,5204,5264,622,16273940,7170,7120,5452,4932,5192,5174,0,5204,0,0,0,2017-04-21,32928000,5236,1,0,0,0,0,0,0,0,0,5240,2,0,0,0,0,0,0,0,0
250,2017-04-21,09:08:57,0,SF705,XZCE,5236,5204,5264,622,16273940,7170,7120,5452,4932,5192,5174,0,5204,0,0,0,2017-04-21,32937000,5236,1,0,0,0,0,0,0,0,0,5240,3,0,0,0,0,0,0,0,0
251,2017-04-21,09:08:59,0,SF705,XZCE,5236,5204,5264,624,16326300,7170,7120,5452,4932,5192,5174,0,5204,0,0,0,2017-04-21,32939000,5234,5,0,0,0,0,0,0,0,0,5240,3,0,0,0,0,0,0,0,0
252,2017-04-21,09:09:01,0,SF705,XZCE,5234,5204,5264,626,16378640,7172,7120,5452,4932,5192,5174,0,5204,0,0,0,2017-04-21,32941000,5234,4,0,0,0,0,0,0,0,0,5240,3,0,0,0,0,0,0,0,0
253,2017-04-21,09:09:03,0,SF705,XZCE,5234,5204,5264,626,16378640,7172,7120,5452,4932,5192,5174,0,5204,0,0,0,2017-04-21,32943000,5234,4,0,0,0,0,0,0,0,0,5240,2,0,0,0,0,0,0,0,0
254,2017-04-21,09:09:03,0,SF705,XZCE,5234,5204,5264,626,16378640,7172,7120,5452,4932,5192,5174,0,5204,0,0,0,2017-04-21,32943000,5234,4,0,0,0,0,0,0,0,0,5238,1,0,0,0,0,0,0,0,0
255,2017-04-21,09:09:07,0,SF705,XZCE,5234,5204,5264,626,16378640,7172,7120,5452,4932,5192,5174,0,5204,0,0,0,2017-04-21,32947000,5234,5,0,0,0,0,0,0,0,0,5238,1,0,0,0,0,0,0,0,0
256,2017-04-21,09:09:09,0,SF705,XZCE,5234,5204,5264,626,16378640,7172,7120,5452,4932,5192,5174,0,5204,0,0,0,2017-04-21,32949000,5234,5,0,0,0,0,0,0,0,0,5240,2,0,0,0,0,0,0,0,0
257,2017-04-21,09:09:10,0,SF705,XZCE,5234,5204,5264,626,16378640,7172,7120,5452,4932,5192,5174,0,5204,0,0,0,2017-04-21,32950000,5234,6,0,0,0,0,0,0,0,0,5240,2,0,0,0,0,0,0,0,0
258,2017-04-21,09:09:14,0,SF705,XZCE,5234,5204,5264,628,16430980,7174,7120,5452,4932,5192,5174,0,5204,0,0,0,2017-04-21,32954000,5234,5,0,0,0,0,0,0,0,0,5240,2,0,0,0,0,0,0,0,0
259,2017-04-21,09:09:23,0,SF705,XZCE,5234,5204,5264,628,16430980,7174,7120,5452,4932,5192,5174,0,5204,0,0,0,2017-04-21,32963000,5234,4,0,0,0,0,0,0,0,0,5236,2,0,0,0,0,0,0,0,0
260,2017-04-21,09:09:29,0,SF705,XZCE,5234,5204,5264,628,16430980,7174,7120,5452,4932,5192,5174,0,5204,0,0,0,2017-04-21,32969000,5234,4,0,0,0,0,0,0,0,0,5238,3,0,0,0,0,0,0,0,0
261,2017-04-21,09:09:30,0,SF705,XZCE,5236,5204,5264,630,16483340,7174,7120,5452,4932,5192,5174,0,5204,0,0,0,2017-04-21,32970000,5234,4,0,0,0,0,0,0,0,0,5236,2,0,0,0,0,0,0,0,0
262,2017-04-21,09:09:30,0,SF705,XZCE,5236,5204,5264,630,16483340,7174,7120,5452,4932,5192,5174,0,5204,0,0,0,2017-04-21,32970000,5234,4,0,0,0,0,0,0,0,0,5236,1,0,0,0,0,0,0,0,0
263,2017-04-21,09:09:32,0,SF705,XZCE,5234,5204,5264,632,16535680,7174,7120,5452,4932,5192,5174,0,5204,0,0,0,2017-04-21,32972000,5234,3,0,0,0,0,0,0,0,0,5236,1,0,0,0,0,0,0,0,0
264,2017-04-21,09:09:34,0,SF705,XZCE,5234,5204,5264,632,16535680,7174,7120,5452,4932,5192,5174,0,5204,0,0,0,2017-04-21,32974000,5234,3,0,0,0,0,0,0,0,0,5240,2,0,0,0,0,0,0,0,0
265,2017-04-21,09:09:38,0,SF705,XZCE,5234,5204,5264,632,16535680,7174,7120,5452,4932,5192,5174,0,5204,0,0,0,2017-04-21,32978000,5234,3,0,0,0,0,0,0,0,0,5238,1,0,0,0,0,0,0,0,0
266,2017-04-21,09:09:42,0,SF705,XZCE,5234,5204,5264,632,16535680,7174,7120,5452,4932,5192,5174,0,5204,0,0,0,2017-04-21,32982000,5236,1,0,0,0,0,0,0,0,0,5238,1,0,0,0,0,0,0,0,0
267,2017-04-21,09:09:51,0,SF705,XZCE,5238,5204,5264,634,16588060,7176,7120,5452,4932,5192,5174,0,5204,0,0,0,2017-04-21,32991000,5236,1,0,0,0,0,0,0,0,0,5240,2,0,0,0,0,0,0,0,0
268,2017-04-21,09:09:59,0,SF705,XZCE,5236,5204,5264,636,16640420,7176,7120,5452,4932,5192,5174,0,5204,0,0,0,2017-04-21,32999000,5234,4,0,0,0,0,0,0,0,0,5236,9,0,0,0,0,0,0,0,0
269,2017-04-21,09:10:00,0,SF705,XZCE,5234,5204,5264,644,16849780,7174,7120,5452,4932,5192,5174,0,5204,0,0,0,2017-04-21,33000000,5232,1,0,0,0,0,0,0,0,0,5234,1,0,0,0,0,0,0,0,0
270,2017-04-21,09:10:00,0,SF705,XZCE,5232,5204,5264,646,16902100,7174,7120,5452,4932,5192,5174,0,5204,0,0,0,2017-04-21,33000000,5228,1,0,0,0,0,0,0,0,0,5234,1,0,0,0,0,0,0,0,0
271,2017-04-21,09:10:02,0,SF705,XZCE,5234,5204,5264,648,16954440,7174,7120,5452,4932,5192,5174,0,5204,0,0,0,2017-04-21,33002000,5228,1,0,0,0,0,0,0,0,0,5236,9,0,0,0,0,0,0,0,0
272,2017-04-21,09:10:03,0,SF705,XZCE,5234,5204,5264,648,16954440,7174,7120,5452,4932,5192,5174,0,5204,0,0,0,2017-04-21,33003000,5230,1,0,0,0,0,0,0,0,0,5236,9,0,0,0,0,0,0,0,0
273,2017-04-21,09:10:05,0,SF705,XZCE,5234,5204,5264,648,16954440,7174,7120,5452,4932,5192,5174,0,5204,0,0,0,2017-04-21,33005000,5230,1,0,0,0,0,0,0,0,0,5236,10,0,0,0,0,0,0,0,0
274,2017-04-21,09:10:13,0,SF705,XZCE,5234,5204,5264,648,16954440,7174,7120,5452,4932,5192,5174,0,5204,0,0,0,2017-04-21,33013000,5230,1,0,0,0,0,0,0,0,0,5234,1,0,0,0,0,0,0,0,0
275,2017-04-21,09:10:13,0,SF705,XZCE,5230,5204,5264,650,17006740,7172,7120,5452,4932,5192,5174,0,5204,0,0,0,2017-04-21,33013000,5228,1,0,0,0,0,0,0,0,0,5230,4,0,0,0,0,0,0,0,0
276,2017-04-21,09:10:13,0,SF705,XZCE,5230,5204,5264,652,17059040,7170,7120,5452,4932,5192,5174,0,5204,0,0,0,2017-04-21,33013000,5228,1,0,0,0,0,0,0,0,0,5230,3,0,0,0,0,0,0,0,0
277,2017-04-21,09:10:14,0,SF705,XZCE,5226,5204,5264,656,17163560,7170,7120,5452,4932,5192,5174,0,5204,0,0,0,2017-04-21,33014000,5224,1,0,0,0,0,0,0,0,0,5230,3,0,0,0,0,0,0,0,0
278,2017-04-21,09:10:17,0,SF705,XZCE,5226,5204,5264,656,17163560,7170,7120,5452,4932,5192,5174,0,5204,0,0,0,2017-04-21,33017000,5226,1,0,0,0,0,0,0,0,0,5230,3,0,0,0,0,0,0,0,0
279,2017-04-21,09:10:18,0,SF705,XZCE,5230,5204,5264,658,17215860,7170,7120,5452,4932,5192,5174,0,5204,0,0,0,2017-04-21,33018000,5226,1,0,0,0,0,0,0,0,0,5230,2,0,0,0,0,0,0,0,0
280,2017-04-21,09:10:20,0,SF705,XZCE,5230,5204,5264,658,17215860,7170,7120,5452,4932,5192,5174,0,5204,0,0,0,2017-04-21,33020000,5228,4,0,0,0,0,0,0,0,0,5230,2,0,0,0,0,0,0,0,0
281,2017-04-21,09:10:20,0,SF705,XZCE,5230,5204,5264,662,17320460,7170,7120,5452,4932,5192,5174,0,5204,0,0,0,2017-04-21,33020000,5226,3,0,0,0,0,0,0,0,0,5234,1,0,0,0,0,0,0,0,0
282,2017-04-21,09:10:21,0,SF705,XZCE,5234,5204,5264,664,17372800,7172,7120,5452,4932,5192,5174,0,5204,0,0,0,2017-04-21,33021000,5226,3,0,0,0,0,0,0,0,0,5236,9,0,0,0,0,0,0,0,0
283,2017-04-21,09:10:23,0,SF705,XZCE,5230,5204,5264,672,17582000,7174,7120,5452,4932,5192,5174,0,5204,0,0,0,2017-04-21,33023000,5228,1,0,0,0,0,0,0,0,0,5230,4,0,0,0,0,0,0,0,0
284,2017-04-21,09:10:23,0,SF705,XZCE,5230,5204,5264,680,17791200,7176,7120,5452,4932,5192,5174,0,5204,0,0,0,2017-04-21,33023000,5228,1,0,0,0,0,0,0,0,0,5236,9,0,0,0,0,0,0,0,0
285,2017-04-21,09:10:24,0,SF705,XZCE,5230,5204,5264,680,17791200,7176,7120,5452,4932,5192,5174,0,5204,0,0,0,2017-04-21,33024000,5230,2,0,0,0,0,0,0,0,0,5236,9,0,0,0,0,0,0,0,0
286,2017-04-21,09:10:28,0,SF705,XZCE,5230,5204,5264,680,17791200,7176,7120,5452,4932,5192,5174,0,5204,0,0,0,2017-04-21,33028000,5234,2,0,0,0,0,0,0,0,0,5236,9,0,0,0,0,0,0,0,0
287,2017-04-21,09:10:28,0,SF705,XZCE,5230,5204,5264,680,17791200,7176,7120,5452,4932,5192,5174,0,5204,0,0,0,2017-04-21,33028000,5230,3,0,0,0,0,0,0,0,0,5236,9,0,0,0,0,0,0,0,0
288,2017-04-21,09:10:37,0,SF705,XZCE,5230,5204,5264,686,17948100,7174,7120,5452,4932,5192,5174,0,5204,0,0,0,2017-04-21,33037000,5228,1,0,0,0,0,0,0,0,0,5230,7,0,0,0,0,0,0,0,0
289,2017-04-21,09:10:40,0,SF705,XZCE,5230,5204,5264,686,17948100,7174,7120,5452,4932,5192,5174,0,5204,0,0,0,2017-04-21,33040000,5226,3,0,0,0,0,0,0,0,0,5230,7,0,0,0,0,0,0,0,0
290,2017-04-21,09:10:44,0,SF705,XZCE,5230,5204,5264,694,18157300,7166,7120,5452,4932,5192,5174,0,5204,0,0,0,2017-04-21,33044000,5226,3,0,0,0,0,0,0,0,0,5230,3,0,0,0,0,0,0,0,0
291,2017-04-21,09:10:45,0,SF705,XZCE,5230,5204,5264,696,18209600,7166,7120,5452,4932,5192,5174,0,5204,0,0,0,2017-04-21,33045000,5226,3,0,0,0,0,0,0,0,0,5230,2,0,0,0,0,0,0,0,0
292,2017-04-21,09:10:48,0,SF705,XZCE,5230,5204,5264,700,18314200,7166,7120,5452,4932,5192,5174,0,5204,0,0,0,2017-04-21,33048000,5228,4,0,0,0,0,0,0,0,0,5236,12,0,0,0,0,0,0,0,0
293,2017-04-21,09:10:49,0,SF705,XZCE,5230,5204,5264,700,18314200,7166,7120,5452,4932,5192,5174,0,5204,0,0,0,2017-04-21,33049000,5226,3,0,0,0,0,0,0,0,0,5236,12,0,0,0,0,0,0,0,0
294,2017-04-21,09:10:49,0,SF705,XZCE,5230,5204,5264,700,18314200,7166,7120,5452,4932,5192,5174,0,5204,0,0,0,2017-04-21,33049000,5230,1,0,0,0,0,0,0,0,0,5236,12,0,0,0,0,0,0,0,0
295,2017-04-21,09:10:50,0,SF705,XZCE,5230,5204,5264,700,18314200,7166,7120,5452,4932,5192,5174,0,5204,0,0,0,2017-04-21,33050000,5230,2,0,0,0,0,0,0,0,0,5236,12,0,0,0,0,0,0,0,0
296,2017-04-21,09:10:51,0,SF705,XZCE,5230,5204,5264,700,18314200,7166,7120,5452,4932,5192,5174,0,5204,0,0,0,2017-04-21,33051000,5230,7,0,0,0,0,0,0,0,0,5236,12,0,0,0,0,0,0,0,0
297,2017-04-21,09:10:52,0,SF705,XZCE,5230,5204,5264,700,18314200,7166,7120,5452,4932,5192,5174,0,5204,0,0,0,2017-04-21,33052000,5230,6,0,0,0,0,0,0,0,0,5234,1,0,0,0,0,0,0,0,0
298,2017-04-21,09:10:53,0,SF705,XZCE,5232,5204,5264,702,18366520,7164,7120,5452,4932,5192,5174,0,5204,0,0,0,2017-04-21,33053000,5230,6,0,0,0,0,0,0,0,0,5232,4,0,0,0,0,0,0,0,0
299,2017-04-21,09:10:54,0,SF705,XZCE,5230,5204,5264,714,18680320,7170,7120,5452,4932,5192,5174,0,5204,0,0,0,2017-04-21,33054000,5226,3,0,0,0,0,0,0,0,0,5232,4,0,0,0,0,0,0,0,0
300,2017-04-21,09:10:59,0,SF705,XZCE,5232,5204,5264,716,18732640,7172,7120,5452,4932,5192,5174,0,5204,0,0,0,2017-04-21,33059000,5226,3,0,0,0,0,0,0,0,0,5234,1,0,0,0,0,0,0,0,0
301,2017-04-21,09:11:04,0,SF705,XZCE,5232,5204,5264,716,18732640,7172,7120,5452,4932,5192,5174,0,5204,0,0,0,2017-04-21,33064000,5226,4,0,0,0,0,0,0,0,0,5234,1,0,0,0,0,0,0,0,0
302,2017-04-21,09:11:06,0,SF705,XZCE,5232,5204,5264,716,18732640,7172,7120,5452,4932,5192,5174,0,5204,0,0,0,2017-04-21,33066000,5228,1,0,0,0,0,0,0,0,0,5234,1,0,0,0,0,0,0,0,0
303,2017-04-21,09:11:16,0,SF705,XZCE,5232,5204,5264,716,18732640,7172,7120,5452,4932,5192,5174,0,5204,0,0,0,2017-04-21,33076000,5228,1,0,0,0,0,0,0,0,0,5232,3,0,0,0,0,0,0,0,0
304,2017-04-21,09:11:16,0,SF705,XZCE,5232,5204,5264,716,18732640,7172,7120,5452,4932,5192,5174,0,5204,0,0,0,2017-04-21,33076000,5228,1,0,0,0,0,0,0,0,0,5232,4,0,0,0,0,0,0,0,0
305,2017-04-21,09:11:19,0,SF705,XZCE,5232,5204,5264,716,18732640,7172,7120,5452,4932,5192,5174,0,5204,0,0,0,2017-04-21,33079000,5228,1,0,0,0,0,0,0,0,0,5232,3,0,0,0,0,0,0,0,0
306,2017-04-21,09:11:20,0,SF705,XZCE,5232,5204,5264,716,18732640,7172,7120,5452,4932,5192,5174,0,5204,0,0,0,2017-04-21,33080000,5228,1,0,0,0,0,0,0,0,0,5230,1,0,0,0,0,0,0,0,0
307,2017-04-21,09:11:23,0,SF705,XZCE,5232,5204,5264,716,18732640,7172,7120,5452,4932,5192,5174,0,5204,0,0,0,2017-04-21,33083000,5228,2,0,0,0,0,0,0,0,0,5230,1,0,0,0,0,0,0,0,0
308,2017-04-21,09:11:23,0,SF705,XZCE,5230,5204,5264,718,18784940,7174,7120,5452,4932,5192,5174,0,5204,0,0,0,2017-04-21,33083000,5228,2,0,0,0,0,0,0,0,0,5232,3,0,0,0,0,0,0,0,0
309,2017-04-21,09:11:32,0,SF705,XZCE,5228,5204,5264,720,18837220,7174,7120,5452,4932,5192,5174,0,5204,0,0,0,2017-04-21,33092000,5228,1,0,0,0,0,0,0,0,0,5232,3,0,0,0,0,0,0,0,0
310,2017-04-21,09:11:43,0,SF705,XZCE,5228,5204,5264,720,18837220,7174,7120,5452,4932,5192,5174,0,5204,0,0,0,2017-04-21,33103000,5228,2,0,0,0,0,0,0,0,0,5232,3,0,0,0,0,0,0,0,0
311,2017-04-21,09:11:46,0,SF705,XZCE,5228,5204,5264,720,18837220,7174,7120,5452,4932,5192,5174,0,5204,0,0,0,2017-04-21,33106000,5228,4,0,0,0,0,0,0,0,0,5232,3,0,0,0,0,0,0,0,0
312,2017-04-21,09:11:48,0,SF705,XZCE,5232,5204,5264,722,18889540,7176,7120,5452,4932,5192,5174,0,5204,0,0,0,2017-04-21,33108000,5228,5,0,0,0,0,0,0,0,0,5232,2,0,0,0,0,0,0,0,0
313,2017-04-21,09:11:48,0,SF705,XZCE,5232,5204,5264,722,18889540,7176,7120,5452,4932,5192,5174,0,5204,0,0,0,2017-04-21,33108000,5228,6,0,0,0,0,0,0,0,0,5232,2,0,0,0,0,0,0,0,0
314,2017-04-21,09:11:49,0,SF705,XZCE,5232,5204,5264,722,18889540,7176,7120,5452,4932,5192,5174,0,5204,0,0,0,2017-04-21,33109000,5228,6,0,0,0,0,0,0,0,0,5230,2,0,0,0,0,0,0,0,0
315,2017-04-21,09:11:49,0,SF705,XZCE,5230,5204,5264,726,18994140,7176,7120,5452,4932,5192,5174,0,5204,0,0,0,2017-04-21,33109000,5228,6,0,0,0,0,0,0,0,0,5232,2,0,0,0,0,0,0,0,0
316,2017-04-21,09:11:50,0,SF705,XZCE,5230,5204,5264,726,18994140,7176,7120,5452,4932,5192,5174,0,5204,0,0,0,2017-04-21,33110000,5228,7,0,0,0,0,0,0,0,0,5232,2,0,0,0,0,0,0,0,0
317,2017-04-21,09:11:50,0,SF705,XZCE,5232,5204,5264,728,19046460,7178,7120,5452,4932,5192,5174,0,5204,0,0,0,2017-04-21,33110000,5228,7,0,0,0,0,0,0,0,0,5232,1,0,0,0,0,0,0,0,0
318,2017-04-21,09:11:51,0,SF705,XZCE,5232,5204,5264,730,19098780,7180,7120,5452,4932,5192,5174,0,5204,0,0,0,2017-04-21,33111000,5228,7,0,0,0,0,0,0,0,0,5234,3,0,0,0,0,0,0,0,0
319,2017-04-21,09:11:54,0,SF705,XZCE,5234,5204,5264,732,19151120,7180,7120,5452,4932,5192,5174,0,5204,0,0,0,2017-04-21,33114000,5228,7,0,0,0,0,0,0,0,0,5234,2,0,0,0,0,0,0,0,0
320,2017-04-21,09:11:55,0,SF705,XZCE,5234,5204,5264,732,19151120,7180,7120,5452,4932,5192,5174,0,5204,0,0,0,2017-04-21,33115000,5230,1,0,0,0,0,0,0,0,0,5234,2,0,0,0,0,0,0,0,0
321,2017-04-21,09:11:56,0,SF705,XZCE,5234,5204,5264,732,19151120,7180,7120,5452,4932,5192,5174,0,5204,0,0,0,2017-04-21,33116000,5230,2,0,0,0,0,0,0,0,0,5234,2,0,0,0,0,0,0,0,0
322,2017-04-21,09:11:56,0,SF705,XZCE,5234,5204,5264,732,19151120,7180,7120,5452,4932,5192,5174,0,5204,0,0,0,2017-04-21,33116000,5230,3,0,0,0,0,0,0,0,0,5234,2,0,0,0,0,0,0,0,0
323,2017-04-21,09:11:59,0,SF705,XZCE,5234,5204,5264,732,19151120,7180,7120,5452,4932,5192,5174,0,5204,0,0,0,2017-04-21,33119000,5232,1,0,0,0,0,0,0,0,0,5234,2,0,0,0,0,0,0,0,0
324,2017-04-21,09:12:00,0,SF705,XZCE,5234,5204,5264,734,19203460,7182,7120,5452,4932,5192,5174,0,5204,0,0,0,2017-04-21,33120000,5232,1,0,0,0,0,0,0,0,0,5234,1,0,0,0,0,0,0,0,0
325,2017-04-21,09:12:03,0,SF705,XZCE,5234,5204,5264,734,19203460,7182,7120,5452,4932,5192,5174,0,5204,0,0,0,2017-04-21,33123000,5232,1,0,0,0,0,0,0,0,0,5234,2,0,0,0,0,0,0,0,0
326,2017-04-21,09:12:03,0,SF705,XZCE,5234,5204,5264,734,19203460,7182,7120,5452,4932,5192,5174,0,5204,0,0,0,2017-04-21,33123000,5232,1,0,0,0,0,0,0,0,0,5236,9,0,0,0,0,0,0,0,0
327,2017-04-21,09:12:08,0,SF705,XZCE,5232,5204,5264,736,19255780,7180,7120,5452,4932,5192,5174,0,5204,0,0,0,2017-04-21,33128000,5230,4,0,0,0,0,0,0,0,0,5236,9,0,0,0,0,0,0,0,0
328,2017-04-21,09:12:09,0,SF705,XZCE,5232,5204,5264,736,19255780,7180,7120,5452,4932,5192,5174,0,5204,0,0,0,2017-04-21,33129000,5230,4,0,0,0,0,0,0,0,0,5234,1,0,0,0,0,0,0,0,0
329,2017-04-21,09:12:10,0,SF705,XZCE,5232,5204,5264,736,19255780,7180,7120,5452,4932,5192,5174,0,5204,0,0,0,2017-04-21,33130000,5230,3,0,0,0,0,0,0,0,0,5234,1,0,0,0,0,0,0,0,0
330,2017-04-21,09:12:14,0,SF705,XZCE,5232,5204,5264,738,19308100,7180,7120,5452,4932,5192,5174,0,5204,0,0,0,2017-04-21,33134000,5230,3,0,0,0,0,0,0,0,0,5232,1,0,0,0,0,0,0,0,0
331,2017-04-21,09:12:18,0,SF705,XZCE,5232,5204,5264,738,19308100,7180,7120,5452,4932,5192,5174,0,5204,0,0,0,2017-04-21,33138000,5230,3,0,0,0,0,0,0,0,0,5234,1,0,0,0,0,0,0,0,0
332,2017-04-21,09:12:23,0,SF705,XZCE,5232,5204,5264,738,19308100,7180,7120,5452,4932,5192,5174,0,5204,0,0,0,2017-04-21,33143000,5230,4,0,0,0,0,0,0,0,0,5234,1,0,0,0,0,0,0,0,0
333,2017-04-21,09:12:23,0,SF705,XZCE,5230,5204,5264,746,19517300,7178,7120,5452,4932,5192,5174,0,5204,0,0,0,2017-04-21,33143000,5228,4,0,0,0,0,0,0,0,0,5230,1,0,0,0,0,0,0,0,0
334,2017-04-21,09:12:26,0,SF705,XZCE,5230,5204,5264,748,19569600,7178,7120,5452,4932,5192,5174,0,5204,0,0,0,2017-04-21,33146000,5230,2,0,0,0,0,0,0,0,0,5234,1,0,0,0,0,0,0,0,0
335,2017-04-21,09:12:31,0,SF705,XZCE,5230,5204,5264,748,19569600,7178,7120,5452,4932,5192,5174,0,5204,0,0,0,2017-04-21,33151000,5230,2,0,0,0,0,0,0,0,0,5234,4,0,0,0,0,0,0,0,0
336,2017-04-21,09:12:37,0,SF705,XZCE,5234,5204,5264,750,19621940,7180,7120,5452,4932,5192,5174,0,5204,0,0,0,2017-04-21,33157000,5230,2,0,0,0,0,0,0,0,0,5234,3,0,0,0,0,0,0,0,0
337,2017-04-21,09:12:40,0,SF705,XZCE,5234,5204,5264,750,19621940,7180,7120,5452,4932,5192,5174,0,5204,0,0,0,2017-04-21,33160000,5230,4,0,0,0,0,0,0,0,0,5234,3,0,0,0,0,0,0,0,0
338,2017-04-21,09:12:42,0,SF705,XZCE,5234,5204,5264,750,19621940,7180,7120,5452,4932,5192,5174,0,5204,0,0,0,2017-04-21,33162000,5232,1,0,0,0,0,0,0,0,0,5234,3,0,0,0,0,0,0,0,0
339,2017-04-21,09:13:12,0,SF705,XZCE,5234,5204,5264,750,19621940,7180,7120,5452,4932,5192,5174,0,5204,0,0,0,2017-04-21,33192000,5232,2,0,0,0,0,0,0,0,0,5234,3,0,0,0,0,0,0,0,0
340,2017-04-21,09:13:13,0,SF705,XZCE,5232,5204,5264,752,19674260,7178,7120,5452,4932,5192,5174,0,5204,0,0,0,2017-04-21,33193000,5232,1,0,0,0,0,0,0,0,0,5234,3,0,0,0,0,0,0,0,0
341,2017-04-21,09:13:13,0,SF705,XZCE,5234,5204,5264,758,19831280,7176,7120,5452,4932,5192,5174,0,5204,0,0,0,2017-04-21,33193000,5234,1,0,0,0,0,0,0,0,0,5236,9,0,0,0,0,0,0,0,0
342,2017-04-21,09:13:13,0,SF705,XZCE,5234,5204,5264,758,19831280,7176,7120,5452,4932,5192,5174,0,5204,0,0,0,2017-04-21,33193000,5232,1,0,0,0,0,0,0,0,0,5236,9,0,0,0,0,0,0,0,0
343,2017-04-21,09:13:16,0,SF705,XZCE,5234,5204,5264,758,19831280,7176,7120,5452,4932,5192,5174,0,5204,0,0,0,2017-04-21,33196000,5232,1,0,0,0,0,0,0,0,0,5234,1,0,0,0,0,0,0,0,0
344,2017-04-21,09:13:17,0,SF705,XZCE,5234,5204,5264,760,19883620,7176,7120,5452,4932,5192,5174,0,5204,0,0,0,2017-04-21,33197000,5232,1,0,0,0,0,0,0,0,0,5236,10,0,0,0,0,0,0,0,0
345,2017-04-21,09:13:18,0,SF705,XZCE,5236,5204,5264,762,19935980,7176,7120,5452,4932,5192,5174,0,5204,0,0,0,2017-04-21,33198000,5232,1,0,0,0,0,0,0,0,0,5236,9,0,0,0,0,0,0,0,0
346,2017-04-21,09:13:21,0,SF705,XZCE,5232,5204,5264,772,20197580,7168,7120,5452,4932,5192,5174,0,5204,0,0,0,2017-04-21,33201000,5230,5,0,0,0,0,0,0,0,0,5236,9,0,0,0,0,0,0,0,0
347,2017-04-21,09:13:22,0,SF705,XZCE,5232,5204,5264,772,20197580,7168,7120,5452,4932,5192,5174,0,5204,0,0,0,2017-04-21,33202000,5232,1,0,0,0,0,0,0,0,0,5236,9,0,0,0,0,0,0,0,0
348,2017-04-21,09:13:23,0,SF705,XZCE,5236,5204,5264,774,20249940,7166,7120,5452,4932,5192,5174,0,5204,0,0,0,2017-04-21,33203000,5232,1,0,0,0,0,0,0,0,0,5236,8,0,0,0,0,0,0,0,0
349,2017-04-21,09:13:25,0,SF705,XZCE,5232,5204,5264,776,20302260,7164,7120,5452,4932,5192,5174,0,5204,0,0,0,2017-04-21,33205000,5230,5,0,0,0,0,0,0,0,0,5232,4,0,0,0,0,0,0,0,0
350,2017-04-21,09:13:27,0,SF705,XZCE,5232,5204,5264,778,20354580,7164,7120,5452,4932,5192,5174,0,5204,0,0,0,2017-04-21,33207000,5230,5,0,0,0,0,0,0,0,0,5232,3,0,0,0,0,0,0,0,0
351,2017-04-21,09:13:29,0,SF705,XZCE,5232,5204,5264,780,20406900,7164,7120,5452,4932,5192,5174,0,5204,0,0,0,2017-04-21,33209000,5230,5,0,0,0,0,0,0,0,0,5232,2,0,0,0,0,0,0,0,0
352,2017-04-21,09:13:33,0,SF705,XZCE,5232,5204,5264,782,20459220,7162,7120,5452,4932,5192,5174,0,5204,0,0,0,2017-04-21,33213000,5230,5,0,0,0,0,0,0,0,0,5232,1,0,0,0,0,0,0,0,0
353,2017-04-21,09:13:34,0,SF705,XZCE,5232,5204,5264,784,20511540,7160,7120,5452,4932,5192,5174,0,5204,0,0,0,2017-04-21,33214000,5230,5,0,0,0,0,0,0,0,0,5234,1,0,0,0,0,0,0,0,0
354,2017-04-21,09:13:39,0,SF705,XZCE,5234,5204,5264,786,20563880,7160,7120,5452,4932,5192,5174,0,5204,0,0,0,2017-04-21,33219000,5230,5,0,0,0,0,0,0,0,0,5236,9,0,0,0,0,0,0,0,0
355,2017-04-21,09:13:40,0,SF705,XZCE,5234,5204,5264,786,20563880,7160,7120,5452,4932,5192,5174,0,5204,0,0,0,2017-04-21,33220000,5234,1,0,0,0,0,0,0,0,0,5236,9,0,0,0,0,0,0,0,0
356,2017-04-21,09:13:41,0,SF705,XZCE,5234,5204,5264,788,20616220,7160,7120,5452,4932,5192,5174,0,5204,0,0,0,2017-04-21,33221000,5230,5,0,0,0,0,0,0,0,0,5234,2,0,0,0,0,0,0,0,0
357,2017-04-21,09:13:44,0,SF705,XZCE,5234,5204,5264,788,20616220,7160,7120,5452,4932,5192,5174,0,5204,0,0,0,2017-04-21,33224000,5232,1,0,0,0,0,0,0,0,0,5236,9,0,0,0,0,0,0,0,0
358,2017-04-21,09:13:48,0,SF705,XZCE,5232,5204,5264,792,20720860,7158,7120,5452,4932,5192,5174,0,5204,0,0,0,2017-04-21,33228000,5230,5,0,0,0,0,0,0,0,0,5232,3,0,0,0,0,0,0,0,0
359,2017-04-21,09:13:49,0,SF705,XZCE,5232,5204,5264,796,20825500,7154,7120,5452,4932,5192,5174,0,5204,0,0,0,2017-04-21,33229000,5230,5,0,0,0,0,0,0,0,0,5232,1,0,0,0,0,0,0,0,0
360,2017-04-21,09:13:54,0,SF705,XZCE,5232,5204,5264,798,20877820,7152,7120,5452,4932,5192,5174,0,5204,0,0,0,2017-04-21,33234000,5230,5,0,0,0,0,0,0,0,0,5234,2,0,0,0,0,0,0,0,0
361,2017-04-21,09:13:55,0,SF705,XZCE,5232,5204,5264,798,20877820,7152,7120,5452,4932,5192,5174,0,5204,0,0,0,2017-04-21,33235000,5230,5,0,0,0,0,0,0,0,0,5234,3,0,0,0,0,0,0,0,0
362,2017-04-21,09:14:04,0,SF705,XZCE,5232,5204,5264,798,20877820,7152,7120,5452,4932,5192,5174,0,5204,0,0,0,2017-04-21,33244000,5230,4,0,0,0,0,0,0,0,0,5234,3,0,0,0,0,0,0,0,0
363,2017-04-21,09:14:07,0,SF705,XZCE,5232,5204,5264,798,20877820,7152,7120,5452,4932,5192,5174,0,5204,0,0,0,2017-04-21,33247000,5230,4,0,0,0,0,0,0,0,0,5234,5,0,0,0,0,0,0,0,0
364,2017-04-21,09:14:07,0,SF705,XZCE,5230,5204,5264,806,21087020,7158,7120,5452,4932,5192,5174,0,5204,0,0,0,2017-04-21,33247000,5228,3,0,0,0,0,0,0,0,0,5232,2,0,0,0,0,0,0,0,0
365,2017-04-21,09:14:08,0,SF705,XZCE,5230,5204,5264,808,21139320,7158,7120,5452,4932,5192,5174,0,5204,0,0,0,2017-04-21,33248000,5228,3,0,0,0,0,0,0,0,0,5232,2,0,0,0,0,0,0,0,0
366,2017-04-21,09:14:13,0,SF705,XZCE,5230,5204,5264,808,21139320,7158,7120,5452,4932,5192,5174,0,5204,0,0,0,2017-04-21,33253000,5228,3,0,0,0,0,0,0,0,0,5234,2,0,0,0,0,0,0,0,0
367,2017-04-21,09:14:17,0,SF705,XZCE,5230,5204,5264,808,21139320,7158,7120,5452,4932,5192,5174,0,5204,0,0,0,2017-04-21,33257000,5228,3,0,0,0,0,0,0,0,0,5234,3,0,0,0,0,0,0,0,0
368,2017-04-21,09:14:17,0,SF705,XZCE,5230,5204,5264,808,21139320,7158,7120,5452,4932,5192,5174,0,5204,0,0,0,2017-04-21,33257000,5228,3,0,0,0,0,0,0,0,0,5230,2,0,0,0,0,0,0,0,0
369,2017-04-21,09:14:18,0,SF705,XZCE,5230,5204,5264,808,21139320,7158,7120,5452,4932,5192,5174,0,5204,0,0,0,2017-04-21,33258000,5228,3,0,0,0,0,0,0,0,0,5234,3,0,0,0,0,0,0,0,0
370,2017-04-21,09:14:18,0,SF705,XZCE,5230,5204,5264,808,21139320,7158,7120,5452,4932,5192,5174,0,5204,0,0,0,2017-04-21,33258000,5228,3,0,0,0,0,0,0,0,0,5230,1,0,0,0,0,0,0,0,0
371,2017-04-21,09:14:19,0,SF705,XZCE,5226,5204,5264,818,21400620,7164,7120,5452,4932,5192,5174,0,5204,0,0,0,2017-04-21,33259000,5224,1,0,0,0,0,0,0,0,0,5228,2,0,0,0,0,0,0,0,0
372,2017-04-21,09:14:19,0,SF705,XZCE,5226,5204,5264,818,21400620,7164,7120,5452,4932,5192,5174,0,5204,0,0,0,2017-04-21,33259000,5224,1,0,0,0,0,0,0,0,0,5226,2,0,0,0,0,0,0,0,0
373,2017-04-21,09:14:20,0,SF705,XZCE,5226,5204,5264,818,21400620,7164,7120,5452,4932,5192,5174,0,5204,0,0,0,2017-04-21,33260000,5224,1,0,0,0,0,0,0,0,0,5234,3,0,0,0,0,0,0,0,0
374,2017-04-21,09:14:21,0,SF705,XZCE,5226,5204,5264,818,21400620,7164,7120,5452,4932,5192,5174,0,5204,0,0,0,2017-04-21,33261000,5224,1,0,0,0,0,0,0,0,0,5228,2,0,0,0,0,0,0,0,0
375,2017-04-21,09:14:22,0,SF705,XZCE,5226,5204,5264,818,21400620,7164,7120,5452,4932,5192,5174,0,5204,0,0,0,2017-04-21,33262000,5224,1,0,0,0,0,0,0,0,0,5232,1,0,0,0,0,0,0,0,0
376,2017-04-21,09:14:23,0,SF705,XZCE,5226,5204,5264,818,21400620,7164,7120,5452,4932,5192,5174,0,5204,0,0,0,2017-04-21,33263000,5224,1,0,0,0,0,0,0,0,0,5232,2,0,0,0,0,0,0,0,0
377,2017-04-21,09:14:33,0,SF705,XZCE,5226,5204,5264,818,21400620,7164,7120,5452,4932,5192,5174,0,5204,0,0,0,2017-04-21,33273000,5224,1,0,0,0,0,0,0,0,0,5230,1,0,0,0,0,0,0,0,0
378,2017-04-21,09:14:35,0,SF705,XZCE,5230,5204,5264,820,21452920,7166,7120,5452,4932,5192,5174,0,5204,0,0,0,2017-04-21,33275000,5224,1,0,0,0,0,0,0,0,0,5232,2,0,0,0,0,0,0,0,0
379,2017-04-21,09:14:36,0,SF705,XZCE,5230,5204,5264,820,21452920,7166,7120,5452,4932,5192,5174,0,5204,0,0,0,2017-04-21,33276000,5224,1,0,0,0,0,0,0,0,0,5232,3,0,0,0,0,0,0,0,0
380,2017-04-21,09:14:37,0,SF705,XZCE,5224,5204,5264,822,21505160,7166,7120,5452,4932,5192,5174,0,5204,0,0,0,2017-04-21,33277000,5222,1,0,0,0,0,0,0,0,0,5224,4,0,0,0,0,0,0,0,0
381,2017-04-21,09:14:40,0,SF705,XZCE,5224,5204,5264,828,21661880,7164,7120,5452,4932,5192,5174,0,5204,0,0,0,2017-04-21,33280000,5222,1,0,0,0,0,0,0,0,0,5224,1,0,0,0,0,0,0,0,0
382,2017-04-21,09:14:40,0,SF705,XZCE,5224,5204,5264,830,21714120,7162,7120,5452,4932,5192,5174,0,5204,0,0,0,2017-04-21,33280000,5224,4,0,0,0,0,0,0,0,0,5232,3,0,0,0,0,0,0,0,0
383,2017-04-21,09:14:41,0,SF705,XZCE,5224,5204,5264,830,21714120,7162,7120,5452,4932,5192,5174,0,5204,0,0,0,2017-04-21,33281000,5226,1,0,0,0,0,0,0,0,0,5232,3,0,0,0,0,0,0,0,0
384,2017-04-21,09:14:41,0,SF705,XZCE,5224,5204,5264,830,21714120,7162,7120,5452,4932,5192,5174,0,5204,0,0,0,2017-04-21,33281000,5228,1,0,0,0,0,0,0,0,0,5232,3,0,0,0,0,0,0,0,0
385,2017-04-21,09:14:44,0,SF705,XZCE,5224,5204,5264,830,21714120,7162,7120,5452,4932,5192,5174,0,5204,0,0,0,2017-04-21,33284000,5228,1,0,0,0,0,0,0,0,0,5232,2,0,0,0,0,0,0,0,0
386,2017-04-21,09:14:45,0,SF705,XZCE,5228,5204,5264,832,21766400,7162,7120,5452,4932,5192,5174,0,5204,0,0,0,2017-04-21,33285000,5226,1,0,0,0,0,0,0,0,0,5232,2,0,0,0,0,0,0,0,0
387,2017-04-21,09:14:52,0,SF705,XZCE,5228,5204,5264,832,21766400,7162,7120,5452,4932,5192,5174,0,5204,0,0,0,2017-04-21,33292000,5226,1,0,0,0,0,0,0,0,0,5232,1,0,0,0,0,0,0,0,0
388,2017-04-21,09:14:57,0,SF705,XZCE,5232,5204,5264,834,21818720,7162,7120,5452,4932,5192,5174,0,5204,0,0,0,2017-04-21,33297000,5226,1,0,0,0,0,0,0,0,0,5236,8,0,0,0,0,0,0,0,0
389,2017-04-21,09:14:58,0,SF705,XZCE,5232,5204,5264,834,21818720,7162,7120,5452,4932,5192,5174,0,5204,0,0,0,2017-04-21,33298000,5226,2,0,0,0,0,0,0,0,0,5236,8,0,0,0,0,0,0,0,0
390,2017-04-21,09:15:01,0,SF705,XZCE,5232,5204,5264,834,21818720,7162,7120,5452,4932,5192,5174,0,5204,0,0,0,2017-04-21,33301000,5226,2,0,0,0,0,0,0,0,0,5234,1,0,0,0,0,0,0,0,0
391,2017-04-21,09:15:02,0,SF705,XZCE,5234,5204,5264,836,21871060,7164,7120,5452,4932,5192,5174,0,5204,0,0,0,2017-04-21,33302000,5226,2,0,0,0,0,0,0,0,0,5234,2,0,0,0,0,0,0,0,0
392,2017-04-21,09:15:03,0,SF705,XZCE,5234,5204,5264,836,21871060,7164,7120,5452,4932,5192,5174,0,5204,0,0,0,2017-04-21,33303000,5228,1,0,0,0,0,0,0,0,0,5234,2,0,0,0,0,0,0,0,0
393,2017-04-21,09:15:06,0,SF705,XZCE,5234,5204,5264,840,21975740,7168,7120,5452,4932,5192,5174,0,5204,0,0,0,2017-04-21,33306000,5234,28,0,0,0,0,0,0,0,0,5236,10,0,0,0,0,0,0,0,0
394,2017-04-21,09:15:06,0,SF705,XZCE,5236,5204,5264,860,22499340,7162,7120,5452,4932,5192,5174,0,5204,0,0,0,2017-04-21,33306000,5234,28,0,0,0,0,0,0,0,0,5240,19,0,0,0,0,0,0,0,0
395,2017-04-21,09:15:07,0,SF705,XZCE,5236,5204,5264,860,22499340,7162,7120,5452,4932,5192,5174,0,5204,0,0,0,2017-04-21,33307000,5234,29,0,0,0,0,0,0,0,0,5240,19,0,0,0,0,0,0,0,0
396,2017-04-21,09:15:08,0,SF705,XZCE,5234,5204,5264,866,22656360,7162,7120,5452,4932,5192,5174,0,5204,0,0,0,2017-04-21,33308000,5234,26,0,0,0,0,0,0,0,0,5240,19,0,0,0,0,0,0,0,0
397,2017-04-21,09:15:10,0,SF705,XZCE,5234,5204,5264,866,22656360,7162,7120,5452,4932,5192,5174,0,5204,0,0,0,2017-04-21,33310000,5234,26,0,0,0,0,0,0,0,0,5240,5,0,0,0,0,0,0,0,0
398,2017-04-21,09:15:12,0,SF705,XZCE,5240,5204,5264,868,22708760,7164,7120,5452,4932,5192,5174,0,5204,0,0,0,2017-04-21,33312000,5234,26,0,0,0,0,0,0,0,0,5240,4,0,0,0,0,0,0,0,0
399,2017-04-21,09:15:13,0,SF705,XZCE,5240,5204,5264,868,22708760,7164,7120,5452,4932,5192,5174,0,5204,0,0,0,2017-04-21,33313000,5236,2,0,0,0,0,0,0,0,0,5238,1,0,0,0,0,0,0,0,0
400,2017-04-21,09:15:15,0,SF705,XZCE,5240,5204,5264,872,22813560,7162,7120,5452,4932,5192,5174,0,5204,0,0,0,2017-04-21,33315000,5234,26,0,0,0,0,0,0,0,0,5240,3,0,0,0,0,0,0,0,0
401,2017-04-21,09:15:15,0,SF705,XZCE,5240,5204,5264,888,23232760,7168,7120,5452,4932,5192,5174,0,5204,0,0,0,2017-04-21,33315000,5234,26,0,0,0,0,0,0,0,0,5240,3,0,0,0,0,0,0,0,0
402,2017-04-21,09:15:16,0,SF705,XZCE,5240,5204,5264,888,23232760,7168,7120,5452,4932,5192,5174,0,5204,0,0,0,2017-04-21,33316000,5238,1,0,0,0,0,0,0,0,0,5240,3,0,0,0,0,0,0,0,0
403,2017-04-21,09:15:17,0,SF705,XZCE,5238,5204,5264,890,23285140,7168,7120,5452,4932,5192,5174,0,5204,0,0,0,2017-04-21,33317000,5234,26,0,0,0,0,0,0,0,0,5240,3,0,0,0,0,0,0,0,0
404,2017-04-21,09:15:18,0,SF705,XZCE,5238,5204,5264,890,23285140,7168,7120,5452,4932,5192,5174,0,5204,0,0,0,2017-04-21,33318000,5234,26,0,0,0,0,0,0,0,0,5242,13,0,0,0,0,0,0,0,0
405,2017-04-21,09:15:21,0,SF705,XZCE,5238,5204,5264,890,23285140,7168,7120,5452,4932,5192,5174,0,5204,0,0,0,2017-04-21,33321000,5236,2,0,0,0,0,0,0,0,0,5240,1,0,0,0,0,0,0,0,0
406,2017-04-21,09:15:22,0,SF705,XZCE,5242,5204,5264,894,23389980,7168,7120,5452,4932,5192,5174,0,5204,0,0,0,2017-04-21,33322000,5236,2,0,0,0,0,0,0,0,0,5242,12,0,0,0,0,0,0,0,0
407,2017-04-21,09:15:22,0,SF705,XZCE,5242,5204,5264,896,23442400,7168,7120,5452,4932,5192,5174,0,5204,0,0,0,2017-04-21,33322000,5236,2,0,0,0,0,0,0,0,0,5242,11,0,0,0,0,0,0,0,0
408,2017-04-21,09:15:28,0,SF705,XZCE,5242,5204,5264,896,23442400,7168,7120,5452,4932,5192,5174,0,5204,0,0,0,2017-04-21,33328000,5236,2,0,0,0,0,0,0,0,0,5242,25,0,0,0,0,0,0,0,0
409,2017-04-21,09:15:30,0,SF705,XZCE,5242,5204,5264,898,23494820,7168,7120,5452,4932,5192,5174,0,5204,0,0,0,2017-04-21,33330000,5236,2,0,0,0,0,0,0,0,0,5242,24,0,0,0,0,0,0,0,0
410,2017-04-21,09:15:31,0,SF705,XZCE,5242,5204,5264,900,23547240,7168,7120,5452,4932,5192,5174,0,5204,0,0,0,2017-04-21,33331000,5236,3,0,0,0,0,0,0,0,0,5242,23,0,0,0,0,0,0,0,0
411,2017-04-21,09:15:35,0,SF705,XZCE,5242,5204,5264,902,23599660,7168,7120,5452,4932,5192,5174,0,5204,0,0,0,2017-04-21,33335000,5236,3,0,0,0,0,0,0,0,0,5242,22,0,0,0,0,0,0,0,0
412,2017-04-21,09:15:46,0,SF705,XZCE,5242,5204,5264,904,23652080,7168,7120,5452,4932,5192,5174,0,5204,0,0,0,2017-04-21,33346000,5236,3,0,0,0,0,0,0,0,0,5242,21,0,0,0,0,0,0,0,0
413,2017-04-21,09:15:47,0,SF705,XZCE,5238,5204,5264,906,23704460,7168,7120,5452,4932,5192,5174,0,5204,0,0,0,2017-04-21,33347000,5236,3,0,0,0,0,0,0,0,0,5238,1,0,0,0,0,0,0,0,0
414,2017-04-21,09:15:49,0,SF705,XZCE,5242,5204,5264,908,23756880,7168,7120,5452,4932,5192,5174,0,5204,0,0,0,2017-04-21,33349000,5236,3,0,0,0,0,0,0,0,0,5238,1,0,0,0,0,0,0,0,0
415,2017-04-21,09:15:50,0,SF705,XZCE,5242,5204,5264,908,23756880,7168,7120,5452,4932,5192,5174,0,5204,0,0,0,2017-04-21,33350000,5236,3,0,0,0,0,0,0,0,0,5240,1,0,0,0,0,0,0,0,0
416,2017-04-21,09:15:50,0,SF705,XZCE,5242,5204,5264,908,23756880,7168,7120,5452,4932,5192,5174,0,5204,0,0,0,2017-04-21,33350000,5236,3,0,0,0,0,0,0,0,0,5240,2,0,0,0,0,0,0,0,0
417,2017-04-21,09:15:54,0,SF705,XZCE,5242,5204,5264,908,23756880,7168,7120,5452,4932,5192,5174,0,5204,0,0,0,2017-04-21,33354000,5236,3,0,0,0,0,0,0,0,0,5240,1,0,0,0,0,0,0,0,0
418,2017-04-21,09:15:57,0,SF705,XZCE,5242,5204,5264,908,23756880,7168,7120,5452,4932,5192,5174,0,5204,0,0,0,2017-04-21,33357000,5236,3,0,0,0,0,0,0,0,0,5240,2,0,0,0,0,0,0,0,0
419,2017-04-21,09:15:58,0,SF705,XZCE,5240,5204,5264,910,23809280,7168,7120,5452,4932,5192,5174,0,5204,0,0,0,2017-04-21,33358000,5236,3,0,0,0,0,0,0,0,0,5240,1,0,0,0,0,0,0,0,0
420,2017-04-21,09:16:02,0,SF705,XZCE,5240,5204,5264,912,23861680,7166,7120,5452,4932,5192,5174,0,5204,0,0,0,2017-04-21,33362000,5236,3,0,0,0,0,0,0,0,0,5242,20,0,0,0,0,0,0,0,0
421,2017-04-21,09:16:03,0,SF705,XZCE,5242,5204,5264,914,23914100,7166,7120,5452,4932,5192,5174,0,5204,0,0,0,2017-04-21,33363000,5236,3,0,0,0,0,0,0,0,0,5242,19,0,0,0,0,0,0,0,0
422,2017-04-21,09:16:07,0,SF705,XZCE,5242,5204,5264,914,23914100,7166,7120,5452,4932,5192,5174,0,5204,0,0,0,2017-04-21,33367000,5238,5,0,0,0,0,0,0,0,0,5242,19,0,0,0,0,0,0,0,0
423,2017-04-21,09:16:20,0,SF705,XZCE,5238,5204,5264,924,24176000,7166,7120,5452,4932,5192,5174,0,5204,0,0,0,2017-04-21,33380000,5236,2,0,0,0,0,0,0,0,0,5242,19,0,0,0,0,0,0,0,0
424,2017-04-21,09:16:28,0,SF705,XZCE,5236,5204,5264,926,24228360,7166,7120,5452,4932,5192,5174,0,5204,0,0,0,2017-04-21,33388000,5236,1,0,0,0,0,0,0,0,0,5242,19,0,0,0,0,0,0,0,0
425,2017-04-21,09:16:34,0,SF705,XZCE,5236,5204,5264,926,24228360,7166,7120,5452,4932,5192,5174,0,5204,0,0,0,2017-04-21,33394000,5236,3,0,0,0,0,0,0,0,0,5242,19,0,0,0,0,0,0,0,0
426,2017-04-21,09:16:37,0,SF705,XZCE,5236,5204,5264,926,24228360,7166,7120,5452,4932,5192,5174,0,5204,0,0,0,2017-04-21,33397000,5236,3,0,0,0,0,0,0,0,0,5240,1,0,0,0,0,0,0,0,0
427,2017-04-21,09:16:43,0,SF705,XZCE,5236,5204,5264,928,24280720,7166,7120,5452,4932,5192,5174,0,5204,0,0,0,2017-04-21,33403000,5236,2,0,0,0,0,0,0,0,0,5240,1,0,0,0,0,0,0,0,0
428,2017-04-21,09:16:44,0,SF705,XZCE,5236,5204,5264,930,24333080,7164,7120,5452,4932,5192,5174,0,5204,0,0,0,2017-04-21,33404000,5236,1,0,0,0,0,0,0,0,0,5240,1,0,0,0,0,0,0,0,0
429,2017-04-21,09:16:47,0,SF705,XZCE,5236,5204,5264,930,24333080,7164,7120,5452,4932,5192,5174,0,5204,0,0,0,2017-04-21,33407000,5236,1,0,0,0,0,0,0,0,0,5240,2,0,0,0,0,0,0,0,0
430,2017-04-21,09:16:51,0,SF705,XZCE,5236,5204,5264,930,24333080,7164,7120,5452,4932,5192,5174,0,5204,0,0,0,2017-04-21,33411000,5236,1,0,0,0,0,0,0,0,0,5240,3,0,0,0,0,0,0,0,0
431,2017-04-21,09:16:51,0,SF705,XZCE,5236,5204,5264,930,24333080,7164,7120,5452,4932,5192,5174,0,5204,0,0,0,2017-04-21,33411000,5236,4,0,0,0,0,0,0,0,0,5240,3,0,0,0,0,0,0,0,0
432,2017-04-21,09:16:58,0,SF705,XZCE,5240,5204,5264,932,24385480,7164,7120,5452,4932,5192,5174,0,5204,0,0,0,2017-04-21,33418000,5236,4,0,0,0,0,0,0,0,0,5240,2,0,0,0,0,0,0,0,0
433,2017-04-21,09:17:03,0,SF705,XZCE,5240,5204,5264,934,24437880,7164,7120,5452,4932,5192,5174,0,5204,0,0,0,2017-04-21,33423000,5236,4,0,0,0,0,0,0,0,0,5240,1,0,0,0,0,0,0,0,0
434,2017-04-21,09:17:05,0,SF705,XZCE,5240,5204,5264,936,24490280,7164,7120,5452,4932,5192,5174,0,5204,0,0,0,2017-04-21,33425000,5240,16,0,0,0,0,0,0,0,0,5242,19,0,0,0,0,0,0,0,0
435,2017-04-21,09:17:09,0,SF705,XZCE,5240,5204,5264,946,24752280,7158,7120,5452,4932,5192,5174,0,5204,0,0,0,2017-04-21,33429000,5240,14,0,0,0,0,0,0,0,0,5242,16,0,0,0,0,0,0,0,0
436,2017-04-21,09:17:14,0,SF705,XZCE,5242,5204,5264,956,25014380,7148,7120,5452,4932,5192,5174,0,5204,0,0,0,2017-04-21,33434000,5240,14,0,0,0,0,0,0,0,0,5242,11,0,0,0,0,0,0,0,0
437,2017-04-21,09:17:16,0,SF705,XZCE,5240,5204,5264,958,25066780,7148,7120,5452,4932,5192,5174,0,5204,0,0,0,2017-04-21,33436000,5240,13,0,0,0,0,0,0,0,0,5242,11,0,0,0,0,0,0,0,0
438,2017-04-21,09:17:17,0,SF705,XZCE,5242,5204,5264,978,25590980,7148,7120,5452,4932,5192,5174,0,5204,0,0,0,2017-04-21,33437000,5240,13,0,0,0,0,0,0,0,0,5242,1,0,0,0,0,0,0,0,0
439,2017-04-21,09:17:18,0,SF705,XZCE,5242,5204,5264,980,25643400,7148,7120,5452,4932,5192,5174,0,5204,0,0,0,2017-04-21,33438000,5242,1,0,0,0,0,0,0,0,0,5246,2,0,0,0,0,0,0,0,0
440,2017-04-21,09:17:24,0,SF705,XZCE,5242,5204,5264,984,25748240,7146,7120,5452,4932,5192,5174,0,5204,0,0,0,2017-04-21,33444000,5242,1,0,0,0,0,0,0,0,0,5246,2,0,0,0,0,0,0,0,0
441,2017-04-21,09:17:25,0,SF705,XZCE,5242,5204,5264,986,25800660,7144,7120,5452,4932,5192,5174,0,5204,0,0,0,2017-04-21,33445000,5240,13,0,0,0,0,0,0,0,0,5246,2,0,0,0,0,0,0,0,0
442,2017-04-21,09:17:28,0,SF705,XZCE,5242,5204,5264,986,25800660,7144,7120,5452,4932,5192,5174,0,5204,0,0,0,2017-04-21,33448000,5240,13,0,0,0,0,0,0,0,0,5246,3,0,0,0,0,0,0,0,0
443,2017-04-21,09:17:28,0,SF705,XZCE,5242,5204,5264,986,25800660,7144,7120,5452,4932,5192,5174,0,5204,0,0,0,2017-04-21,33448000,5240,13,0,0,0,0,0,0,0,0,5246,5,0,0,0,0,0,0,0,0
444,2017-04-21,09:17:30,0,SF705,XZCE,5246,5204,5264,988,25853120,7146,7120,5452,4932,5192,5174,0,5204,0,0,0,2017-04-21,33450000,5242,1,0,0,0,0,0,0,0,0,5246,4,0,0,0,0,0,0,0,0
445,2017-04-21,09:17:35,0,SF705,XZCE,5246,5204,5264,988,25853120,7146,7120,5452,4932,5192,5174,0,5204,0,0,0,2017-04-21,33455000,5242,1,0,0,0,0,0,0,0,0,5246,6,0,0,0,0,0,0,0,0
446,2017-04-21,09:17:38,0,SF705,XZCE,5242,5204,5264,990,25905540,7146,7120,5452,4932,5192,5174,0,5204,0,0,0,2017-04-21,33458000,5240,13,0,0,0,0,0,0,0,0,5246,6,0,0,0,0,0,0,0,0
447,2017-04-21,09:17:43,0,SF705,XZCE,5246,5204,5264,996,26062920,7148,7120,5452,4932,5192,5174,0,5204,0,0,0,2017-04-21,33463000,5240,13,0,0,0,0,0,0,0,0,5246,3,0,0,0,0,0,0,0,0
448,2017-04-21,09:17:46,0,SF705,XZCE,5246,5204,5264,996,26062920,7148,7120,5452,4932,5192,5174,0,5204,0,0,0,2017-04-21,33466000,5240,13,0,0,0,0,0,0,0,0,5246,4,0,0,0,0,0,0,0,0
449,2017-04-21,09:17:47,0,SF705,XZCE,5246,5204,5264,996,26062920,7148,7120,5452,4932,5192,5174,0,5204,0,0,0,2017-04-21,33467000,5240,13,0,0,0,0,0,0,0,0,5246,5,0,0,0,0,0,0,0,0
450,2017-04-21,09:17:48,0,SF705,XZCE,5246,5204,5264,1000,26167840,7148,7120,5452,4932,5192,5174,0,5204,0,0,0,2017-04-21,33468000,5240,13,0,0,0,0,0,0,0,0,5246,3,0,0,0,0,0,0,0,0
451,2017-04-21,09:17:48,0,SF705,XZCE,5246,5204,5264,1000,26167840,7148,7120,5452,4932,5192,5174,0,5204,0,0,0,2017-04-21,33468000,5242,2,0,0,0,0,0,0,0,0,5246,3,0,0,0,0,0,0,0,0
452,2017-04-21,09:17:57,0,SF705,XZCE,5246,5204,5264,1006,26325220,7150,7120,5452,4932,5192,5174,0,5204,0,0,0,2017-04-21,33477000,5242,2,0,0,0,0,0,0,0,0,5248,22,0,0,0,0,0,0,0,0
453,2017-04-21,09:17:57,0,SF705,XZCE,5242,5204,5264,1010,26430060,7150,7120,5452,4932,5192,5174,0,5204,0,0,0,2017-04-21,33477000,5236,4,0,0,0,0,0,0,0,0,5242,8,0,0,0,0,0,0,0,0
454,2017-04-21,09:18:04,0,SF705,XZCE,5242,5204,5264,1010,26430060,7150,7120,5452,4932,5192,5174,0,5204,0,0,0,2017-04-21,33484000,5236,4,0,0,0,0,0,0,0,0,5242,9,0,0,0,0,0,0,0,0
455,2017-04-21,09:18:08,0,SF705,XZCE,5242,5204,5264,1010,26430060,7150,7120,5452,4932,5192,5174,0,5204,0,0,0,2017-04-21,33488000,5236,4,0,0,0,0,0,0,0,0,5242,13,0,0,0,0,0,0,0,0
456,2017-04-21,09:18:09,0,SF705,XZCE,5242,5204,5264,1010,26430060,7150,7120,5452,4932,5192,5174,0,5204,0,0,0,2017-04-21,33489000,5238,2,0,0,0,0,0,0,0,0,5242,13,0,0,0,0,0,0,0,0
457,2017-04-21,09:18:09,0,SF705,XZCE,5242,5204,5264,1010,26430060,7150,7120,5452,4932,5192,5174,0,5204,0,0,0,2017-04-21,33489000,5238,2,0,0,0,0,0,0,0,0,5242,18,0,0,0,0,0,0,0,0
458,2017-04-21,09:18:25,0,SF705,XZCE,5240,5204,5264,1018,26639660,7146,7120,5452,4932,5192,5174,0,5204,0,0,0,2017-04-21,33505000,5236,4,0,0,0,0,0,0,0,0,5240,11,0,0,0,0,0,0,0,0
459,2017-04-21,09:18:27,0,SF705,XZCE,5240,5204,5264,1018,26639660,7146,7120,5452,4932,5192,5174,0,5204,0,0,0,2017-04-21,33507000,5236,4,0,0,0,0,0,0,0,0,5242,17,0,0,0,0,0,0,0,0
460,2017-04-21,09:18:30,0,SF705,XZCE,5240,5204,5264,1018,26639660,7146,7120,5452,4932,5192,5174,0,5204,0,0,0,2017-04-21,33510000,5236,5,0,0,0,0,0,0,0,0,5242,17,0,0,0,0,0,0,0,0
461,2017-04-21,09:18:33,0,SF705,XZCE,5242,5204,5264,1020,26692080,7146,7120,5452,4932,5192,5174,0,5204,0,0,0,2017-04-21,33513000,5236,5,0,0,0,0,0,0,0,0,5242,16,0,0,0,0,0,0,0,0
462,2017-04-21,09:18:34,0,SF705,XZCE,5236,5204,5264,1028,26901520,7140,7120,5452,4932,5192,5174,0,5204,0,0,0,2017-04-21,33514000,5236,1,0,0,0,0,0,0,0,0,5242,16,0,0,0,0,0,0,0,0
463,2017-04-21,09:18:35,0,SF705,XZCE,5236,5204,5264,1028,26901520,7140,7120,5452,4932,5192,5174,0,5204,0,0,0,2017-04-21,33515000,5236,1,0,0,0,0,0,0,0,0,5240,1,0,0,0,0,0,0,0,0
464,2017-04-21,09:18:37,0,SF705,XZCE,5236,5204,5264,1028,26901520,7140,7120,5452,4932,5192,5174,0,5204,0,0,0,2017-04-21,33517000,5236,3,0,0,0,0,0,0,0,0,5240,1,0,0,0,0,0,0,0,0
465,2017-04-21,09:18:37,0,SF705,XZCE,5236,5204,5264,1034,27058600,7140,7120,5452,4932,5192,5174,0,5204,0,0,0,2017-04-21,33517000,5234,27,0,0,0,0,0,0,0,0,5240,1,0,0,0,0,0,0,0,0
466,2017-04-21,09:18:38,0,SF705,XZCE,5236,5204,5264,1034,27058600,7140,7120,5452,4932,5192,5174,0,5204,0,0,0,2017-04-21,33518000,5234,27,0,0,0,0,0,0,0,0,5240,7,0,0,0,0,0,0,0,0
467,2017-04-21,09:18:39,0,SF705,XZCE,5236,5204,5264,1034,27058600,7140,7120,5452,4932,5192,5174,0,5204,0,0,0,2017-04-21,33519000,5234,27,0,0,0,0,0,0,0,0,5240,9,0,0,0,0,0,0,0,0
468,2017-04-21,09:18:51,0,SF705,XZCE,5236,5204,5264,1034,27058600,7140,7120,5452,4932,5192,5174,0,5204,0,0,0,2017-04-21,33531000,5236,1,0,0,0,0,0,0,0,0,5240,9,0,0,0,0,0,0,0,0
469,2017-04-21,09:18:54,0,SF705,XZCE,5234,5204,5264,1044,27320300,7138,7120,5452,4932,5192,5174,0,5204,0,0,0,2017-04-21,33534000,5234,23,0,0,0,0,0,0,0,0,5240,9,0,0,0,0,0,0,0,0
470,2017-04-21,09:18:56,0,SF705,XZCE,5234,5204,5264,1046,27372640,7138,7120,5452,4932,5192,5174,0,5204,0,0,0,2017-04-21,33536000,5234,22,0,0,0,0,0,0,0,0,5238,1,0,0,0,0,0,0,0,0
471,2017-04-21,09:19:01,0,SF705,XZCE,5234,5204,5264,1046,27372640,7138,7120,5452,4932,5192,5174,0,5204,0,0,0,2017-04-21,33541000,5236,3,0,0,0,0,0,0,0,0,5238,1,0,0,0,0,0,0,0,0
472,2017-04-21,09:19:06,0,SF705,XZCE,5236,5204,5264,1048,27425000,7138,7120,5452,4932,5192,5174,0,5204,0,0,0,2017-04-21,33546000,5236,2,0,0,0,0,0,0,0,0,5240,9,0,0,0,0,0,0,0,0
473,2017-04-21,09:19:08,0,SF705,XZCE,5236,5204,5264,1048,27425000,7138,7120,5452,4932,5192,5174,0,5204,0,0,0,2017-04-21,33548000,5236,2,0,0,0,0,0,0,0,0,5240,10,0,0,0,0,0,0,0,0
474,2017-04-21,09:19:10,0,SF705,XZCE,5236,5204,5264,1048,27425000,7138,7120,5452,4932,5192,5174,0,5204,0,0,0,2017-04-21,33550000,5236,2,0,0,0,0,0,0,0,0,5238,1,0,0,0,0,0,0,0,0
475,2017-04-21,09:19:10,0,SF705,XZCE,5236,5204,5264,1048,27425000,7138,7120,5452,4932,5192,5174,0,5204,0,0,0,2017-04-21,33550000,5234,22,0,0,0,0,0,0,0,0,5238,1,0,0,0,0,0,0,0,0
476,2017-04-21,09:19:11,0,SF705,XZCE,5236,5204,5264,1048,27425000,7138,7120,5452,4932,5192,5174,0,5204,0,0,0,2017-04-21,33551000,5234,22,0,0,0,0,0,0,0,0,5236,1,0,0,0,0,0,0,0,0
477,2017-04-21,09:19:13,0,SF705,XZCE,5236,5204,5264,1048,27425000,7138,7120,5452,4932,5192,5174,0,5204,0,0,0,2017-04-21,33553000,5234,22,0,0,0,0,0,0,0,0,5238,1,0,0,0,0,0,0,0,0
478,2017-04-21,09:19:15,0,SF705,XZCE,5236,5204,5264,1048,27425000,7138,7120,5452,4932,5192,5174,0,5204,0,0,0,2017-04-21,33555000,5236,1,0,0,0,0,0,0,0,0,5240,10,0,0,0,0,0,0,0,0
479,2017-04-21,09:19:16,0,SF705,XZCE,5236,5204,5264,1050,27477360,7140,7120,5452,4932,5192,5174,0,5204,0,0,0,2017-04-21,33556000,5234,22,0,0,0,0,0,0,0,0,5240,10,0,0,0,0,0,0,0,0
480,2017-04-21,09:19:17,0,SF705,XZCE,5236,5204,5264,1050,27477360,7140,7120,5452,4932,5192,5174,0,5204,0,0,0,2017-04-21,33557000,5234,22,0,0,0,0,0,0,0,0,5238,2,0,0,0,0,0,0,0,0
481,2017-04-21,09:19:22,0,SF705,XZCE,5236,5204,5264,1050,27477360,7140,7120,5452,4932,5192,5174,0,5204,0,0,0,2017-04-21,33562000,5234,22,0,0,0,0,0,0,0,0,5238,3,0,0,0,0,0,0,0,0
482,2017-04-21,09:19:28,0,SF705,XZCE,5234,5204,5264,1052,27529700,7142,7120,5452,4932,5192,5174,0,5204,0,0,0,2017-04-21,33568000,5234,21,0,0,0,0,0,0,0,0,5238,3,0,0,0,0,0,0,0,0
483,2017-04-21,09:19:32,0,SF705,XZCE,5234,5204,5264,1054,27582040,7142,7120,5452,4932,5192,5174,0,5204,0,0,0,2017-04-21,33572000,5234,20,0,0,0,0,0,0,0,0,5238,3,0,0,0,0,0,0,0,0
484,2017-04-21,09:19:35,0,SF705,XZCE,5234,5204,5264,1054,27582040,7142,7120,5452,4932,5192,5174,0,5204,0,0,0,2017-04-21,33575000,5234,20,0,0,0,0,0,0,0,0,5238,4,0,0,0,0,0,0,0,0
485,2017-04-21,09:19:38,0,SF705,XZCE,5234,5204,5264,1056,27634380,7142,7120,5452,4932,5192,5174,0,5204,0,0,0,2017-04-21,33578000,5234,19,0,0,0,0,0,0,0,0,5238,4,0,0,0,0,0,0,0,0
486,2017-04-21,09:19:39,0,SF705,XZCE,5234,5204,5264,1066,27896080,7142,7120,5452,4932,5192,5174,0,5204,0,0,0,2017-04-21,33579000,5234,14,0,0,0,0,0,0,0,0,5238,4,0,0,0,0,0,0,0,0
487,2017-04-21,09:19:40,0,SF705,XZCE,5234,5204,5264,1074,28105440,7142,7120,5452,4932,5192,5174,0,5204,0,0,0,2017-04-21,33580000,5234,10,0,0,0,0,0,0,0,0,5238,4,0,0,0,0,0,0,0,0
488,2017-04-21,09:19:40,0,SF705,XZCE,5234,5204,5264,1078,28210120,7146,7120,5452,4932,5192,5174,0,5204,0,0,0,2017-04-21,33580000,5234,8,0,0,0,0,0,0,0,0,5238,4,0,0,0,0,0,0,0,0
489,2017-04-21,09:19:40,0,SF705,XZCE,5234,5204,5264,1084,28367140,7146,7120,5452,4932,5192,5174,0,5204,0,0,0,2017-04-21,33580000,5234,5,0,0,0,0,0,0,0,0,5238,4,0,0,0,0,0,0,0,0
490,2017-04-21,09:19:41,0,SF705,XZCE,5234,5204,5264,1088,28471820,7150,7120,5452,4932,5192,5174,0,5204,0,0,0,2017-04-21,33581000,5234,3,0,0,0,0,0,0,0,0,5238,4,0,0,0,0,0,0,0,0
491,2017-04-21,09:19:41,0,SF705,XZCE,5234,5204,5264,1090,28524160,7150,7120,5452,4932,5192,5174,0,5204,0,0,0,2017-04-21,33581000,5234,2,0,0,0,0,0,0,0,0,5238,4,0,0,0,0,0,0,0,0
492,2017-04-21,09:19:42,0,SF705,XZCE,5234,5204,5264,1094,28628840,7154,7120,5452,4932,5192,5174,0,5204,0,0,0,2017-04-21,33582000,5230,3,0,0,0,0,0,0,0,0,5238,4,0,0,0,0,0,0,0,0
493,2017-04-21,09:19:44,0,SF705,XZCE,5234,5204,5264,1094,28628840,7154,7120,5452,4932,5192,5174,0,5204,0,0,0,2017-04-21,33584000,5230,3,0,0,0,0,0,0,0,0,5234,1,0,0,0,0,0,0,0,0
494,2017-04-21,09:19:46,0,SF705,XZCE,5230,5204,5264,1096,28681140,7156,7120,5452,4932,5192,5174,0,5204,0,0,0,2017-04-21,33586000,5230,2,0,0,0,0,0,0,0,0,5234,1,0,0,0,0,0,0,0,0
495,2017-04-21,09:19:47,0,SF705,XZCE,5230,5204,5264,1096,28681140,7156,7120,5452,4932,5192,5174,0,5204,0,0,0,2017-04-21,33587000,5230,2,0,0,0,0,0,0,0,0,5238,4,0,0,0,0,0,0,0,0
496,2017-04-21,09:19:48,0,SF705,XZCE,5230,5204,5264,1096,28681140,7156,7120,5452,4932,5192,5174,0,5204,0,0,0,2017-04-21,33588000,5230,3,0,0,0,0,0,0,0,0,5238,4,0,0,0,0,0,0,0,0
497,2017-04-21,09:19:49,0,SF705,XZCE,5230,5204,5264,1096,28681140,7156,7120,5452,4932,5192,5174,0,5204,0,0,0,2017-04-21,33589000,5230,3,0,0,0,0,0,0,0,0,5236,1,0,0,0,0,0,0,0,0
498,2017-04-21,09:19:50,0,SF705,XZCE,5230,5204,5264,1096,28681140,7156,7120,5452,4932,5192,5174,0,5204,0,0,0,2017-04-21,33590000,5232,2,0,0,0,0,0,0,0,0,5236,1,0,0,0,0,0,0,0,0
499,2017-04-21,09:19:54,0,SF705,XZCE,5230,5204,5264,1098,28733440,7156,7120,5452,4932,5192,5174,0,5204,0,0,0,2017-04-21,33594000,5232,1,0,0,0,0,0,0,0,0,5236,1,0,0,0,0,0,0,0,0
500,2017-04-21,09:19:55,0,SF705,XZCE,5230,5204,5264,1098,28733440,7156,7120,5452,4932,5192,5174,0,5204,0,0,0,2017-04-21,33595000,5232,1,0,0,0,0,0,0,0,0,5234,1,0,0,0,0,0,0,0,0
501,2017-04-21,09:19:57,0,SF705,XZCE,5234,5204,5264,1100,28785780,7156,7120,5452,4932,5192,5174,0,5204,0,0,0,2017-04-21,33597000,5234,1,0,0,0,0,0,0,0,0,5236,1,0,0,0,0,0,0,0,0
502,2017-04-21,09:19:59,0,SF705,XZCE,5234,5204,5264,1100,28785780,7156,7120,5452,4932,5192,5174,0,5204,0,0,0,2017-04-21,33599000,5234,1,0,0,0,0,0,0,0,0,5238,4,0,0,0,0,0,0,0,0
503,2017-04-21,09:20:08,0,SF705,XZCE,5238,5204,5264,1102,28838160,7156,7120,5452,4932,5192,5174,0,5204,0,0,0,2017-04-21,33608000,5234,1,0,0,0,0,0,0,0,0,5238,3,0,0,0,0,0,0,0,0
504,2017-04-21,09:20:13,0,SF705,XZCE,5234,5204,5264,1104,28890500,7156,7120,5452,4932,5192,5174,0,5204,0,0,0,2017-04-21,33613000,5232,1,0,0,0,0,0,0,0,0,5234,4,0,0,0,0,0,0,0,0
505,2017-04-21,09:20:14,0,SF705,XZCE,5234,5204,5264,1104,28890500,7156,7120,5452,4932,5192,5174,0,5204,0,0,0,2017-04-21,33614000,5232,3,0,0,0,0,0,0,0,0,5234,4,0,0,0,0,0,0,0,0
506,2017-04-21,09:20:17,0,SF705,XZCE,5234,5204,5264,1106,28942840,7154,7120,5452,4932,5192,5174,0,5204,0,0,0,2017-04-21,33617000,5232,3,0,0,0,0,0,0,0,0,5234,3,0,0,0,0,0,0,0,0
507,2017-04-21,09:20:29,0,SF705,XZCE,5234,5204,5264,1106,28942840,7154,7120,5452,4932,5192,5174,0,5204,0,0,0,2017-04-21,33629000,5232,4,0,0,0,0,0,0,0,0,5234,3,0,0,0,0,0,0,0,0
508,2017-04-21,09:20:37,0,SF705,XZCE,5232,5204,5264,1114,29152120,7158,7120,5452,4932,5192,5174,0,5204,0,0,0,2017-04-21,33637000,5230,4,0,0,0,0,0,0,0,0,5234,3,0,0,0,0,0,0,0,0
509,2017-04-21,09:20:41,0,SF705,XZCE,5232,5204,5264,1114,29152120,7158,7120,5452,4932,5192,5174,0,5204,0,0,0,2017-04-21,33641000,5230,4,0,0,0,0,0,0,0,0,5232,5,0,0,0,0,0,0,0,0
510,2017-04-21,09:20:41,0,SF705,XZCE,5230,5204,5264,1122,29361320,7154,7120,5452,4932,5192,5174,0,5204,0,0,0,2017-04-21,33641000,5228,4,0,0,0,0,0,0,0,0,5230,1,0,0,0,0,0,0,0,0
511,2017-04-21,09:20:46,0,SF705,XZCE,5230,5204,5264,1124,29413620,7154,7120,5452,4932,5192,5174,0,5204,0,0,0,2017-04-21,33646000,5228,4,0,0,0,0,0,0,0,0,5232,5,0,0,0,0,0,0,0,0
512,2017-04-21,09:20:47,0,SF705,XZCE,5232,5204,5264,1128,29518260,7156,7120,5452,4932,5192,5174,0,5204,0,0,0,2017-04-21,33647000,5228,3,0,0,0,0,0,0,0,0,5232,4,0,0,0,0,0,0,0,0
513,2017-04-21,09:20:48,0,SF705,XZCE,5228,5204,5264,1130,29570540,7156,7120,5452,4932,5192,5174,0,5204,0,0,0,2017-04-21,33648000,5228,2,0,0,0,0,0,0,0,0,5232,4,0,0,0,0,0,0,0,0
514,2017-04-21,09:20:56,0,SF705,XZCE,5232,5204,5264,1134,29675180,7160,7120,5452,4932,5192,5174,0,5204,0,0,0,2017-04-21,33656000,5228,2,0,0,0,0,0,0,0,0,5232,2,0,0,0,0,0,0,0,0
515,2017-04-21,09:21:01,0,SF705,XZCE,5228,5204,5264,1136,29727460,7158,7120,5452,4932,5192,5174,0,5204,0,0,0,2017-04-21,33661000,5228,1,0,0,0,0,0,0,0,0,5232,2,0,0,0,0,0,0,0,0
516,2017-04-21,09:21:06,0,SF705,XZCE,5226,5204,5264,1154,30197800,7144,7120,5452,4932,5192,5174,0,5204,0,0,0,2017-04-21,33666000,5224,1,0,0,0,0,0,0,0,0,5226,1,0,0,0,0,0,0,0,0
517,2017-04-21,09:21:06,0,SF705,XZCE,5226,5204,5264,1154,30197800,7144,7120,5452,4932,5192,5174,0,5204,0,0,0,2017-04-21,33666000,5224,1,0,0,0,0,0,0,0,0,5228,9,0,0,0,0,0,0,0,0
518,2017-04-21,09:21:08,0,SF705,XZCE,5226,5204,5264,1154,30197800,7144,7120,5452,4932,5192,5174,0,5204,0,0,0,2017-04-21,33668000,5224,1,0,0,0,0,0,0,0,0,5228,10,0,0,0,0,0,0,0,0
519,2017-04-21,09:21:11,0,SF705,XZCE,5226,5204,5264,1156,30250060,7144,7120,5452,4932,5192,5174,0,5204,0,0,0,2017-04-21,33671000,5224,1,0,0,0,0,0,0,0,0,5228,10,0,0,0,0,0,0,0,0
520,2017-04-21,09:21:21,0,SF705,XZCE,5222,5204,5264,1162,30406720,7144,7120,5452,4932,5192,5174,0,5204,0,0,0,2017-04-21,33681000,5218,1,0,0,0,0,0,0,0,0,5224,4,0,0,0,0,0,0,0,0
521,2017-04-21,09:21:27,0,SF705,XZCE,5218,5204,5264,1164,30458900,7142,7120,5452,4932,5192,5174,0,5204,0,0,0,2017-04-21,33687000,5210,1,0,0,0,0,0,0,0,0,5218,1,0,0,0,0,0,0,0,0
522,2017-04-21,09:21:27,0,SF705,XZCE,5206,5204,5264,1168,30563020,7142,7120,5452,4932,5192,5174,0,5204,0,0,0,2017-04-21,33687000,5206,1,0,0,0,0,0,0,0,0,5218,1,0,0,0,0,0,0,0,0
523,2017-04-21,09:21:30,0,SF705,XZCE,5206,5204,5264,1168,30563020,7142,7120,5452,4932,5192,5174,0,5204,0,0,0,2017-04-21,33690000,5206,2,0,0,0,0,0,0,0,0,5218,1,0,0,0,0,0,0,0,0
524,2017-04-21,09:21:30,0,SF705,XZCE,5206,5204,5264,1170,30615080,7142,7120,5452,4932,5192,5174,0,5204,0,0,0,2017-04-21,33690000,5206,1,0,0,0,0,0,0,0,0,5218,1,0,0,0,0,0,0,0,0
525,2017-04-21,09:21:32,0,SF705,XZCE,5206,5204,5264,1172,30667140,7144,7120,5452,4932,5192,5174,0,5204,0,0,0,2017-04-21,33692000,5204,1,0,0,0,0,0,0,0,0,5218,1,0,0,0,0,0,0,0,0
526,2017-04-21,09:21:33,0,SF705,XZCE,5206,5204,5264,1172,30667140,7144,7120,5452,4932,5192,5174,0,5204,0,0,0,2017-04-21,33693000,5204,1,0,0,0,0,0,0,0,0,5216,2,0,0,0,0,0,0,0,0
527,2017-04-21,09:21:35,0,SF705,XZCE,5206,5204,5264,1172,30667140,7144,7120,5452,4932,5192,5174,0,5204,0,0,0,2017-04-21,33695000,5206,6,0,0,0,0,0,0,0,0,5216,2,0,0,0,0,0,0,0,0
528,2017-04-21,09:21:37,0,SF705,XZCE,5206,5204,5264,1172,30667140,7144,7120,5452,4932,5192,5174,0,5204,0,0,0,2017-04-21,33697000,5206,9,0,0,0,0,0,0,0,0,5216,2,0,0,0,0,0,0,0,0
529,2017-04-21,09:21:39,0,SF705,XZCE,5206,5204,5264,1172,30667140,7144,7120,5452,4932,5192,5174,0,5204,0,0,0,2017-04-21,33699000,5206,10,0,0,0,0,0,0,0,0,5216,2,0,0,0,0,0,0,0,0
530,2017-04-21,09:21:40,0,SF705,XZCE,5206,5204,5264,1190,31135680,7138,7120,5452,4932,5192,5174,0,5204,0,0,0,2017-04-21,33700000,5206,1,0,0,0,0,0,0,0,0,5216,2,0,0,0,0,0,0,0,0
531,2017-04-21,09:21:41,0,SF705,XZCE,5206,5204,5264,1190,31135680,7138,7120,5452,4932,5192,5174,0,5204,0,0,0,2017-04-21,33701000,5208,1,0,0,0,0,0,0,0,0,5216,2,0,0,0,0,0,0,0,0
532,2017-04-21,09:21:42,0,SF705,XZCE,5206,5204,5264,1190,31135680,7138,7120,5452,4932,5192,5174,0,5204,0,0,0,2017-04-21,33702000,5208,2,0,0,0,0,0,0,0,0,5216,2,0,0,0,0,0,0,0,0
533,2017-04-21,09:21:43,0,SF705,XZCE,5208,5204,5264,1192,31187760,7138,7120,5452,4932,5192,5174,0,5204,0,0,0,2017-04-21,33703000,5206,1,0,0,0,0,0,0,0,0,5208,4,0,0,0,0,0,0,0,0
534,2017-04-21,09:21:43,0,SF705,XZCE,5208,5204,5264,1196,31291920,7138,7120,5452,4932,5192,5174,0,5204,0,0,0,2017-04-21,33703000,5206,1,0,0,0,0,0,0,0,0,5208,2,0,0,0,0,0,0,0,0
535,2017-04-21,09:21:43,0,SF705,XZCE,5208,5204,5264,1198,31344000,7138,7120,5452,4932,5192,5174,0,5204,0,0,0,2017-04-21,33703000,5206,1,0,0,0,0,0,0,0,0,5208,1,0,0,0,0,0,0,0,0
536,2017-04-21,09:21:44,0,SF705,XZCE,5208,5204,5264,1200,31396080,7138,7120,5452,4932,5192,5174,0,5204,0,0,0,2017-04-21,33704000,5208,1,0,0,0,0,0,0,0,0,5216,2,0,0,0,0,0,0,0,0
537,2017-04-21,09:21:46,0,SF705,XZCE,5208,5204,5264,1200,31396080,7138,7120,5452,4932,5192,5174,0,5204,0,0,0,2017-04-21,33706000,5206,1,0,0,0,0,0,0,0,0,5216,3,0,0,0,0,0,0,0,0
538,2017-04-21,09:21:46,0,SF705,XZCE,5208,5204,5264,1200,31396080,7138,7120,5452,4932,5192,5174,0,5204,0,0,0,2017-04-21,33706000,5206,1,0,0,0,0,0,0,0,0,5216,4,0,0,0,0,0,0,0,0
539,2017-04-21,09:21:48,0,SF705,XZCE,5208,5204,5264,1200,31396080,7138,7120,5452,4932,5192,5174,0,5204,0,0,0,2017-04-21,33708000,5208,2,0,0,0,0,0,0,0,0,5216,4,0,0,0,0,0,0,0,0
540,2017-04-21,09:21:49,0,SF705,XZCE,5208,5204,5264,1202,31448160,7138,7120,5452,4932,5192,5174,0,5204,0,0,0,2017-04-21,33709000,5208,1,0,0,0,0,0,0,0,0,5216,4,0,0,0,0,0,0,0,0
541,2017-04-21,09:21:51,0,SF705,XZCE,5208,5204,5264,1202,31448160,7138,7120,5452,4932,5192,5174,0,5204,0,0,0,2017-04-21,33711000,5208,1,0,0,0,0,0,0,0,0,5214,1,0,0,0,0,0,0,0,0
542,2017-04-21,09:21:53,0,SF705,XZCE,5208,5204,5264,1204,31500240,7138,7120,5452,4932,5192,5174,0,5204,0,0,0,2017-04-21,33713000,5206,1,0,0,0,0,0,0,0,0,5214,1,0,0,0,0,0,0,0,0
543,2017-04-21,09:21:58,0,SF705,XZCE,5214,5204,5264,1206,31552380,7140,7120,5452,4932,5192,5174,0,5204,0,0,0,2017-04-21,33718000,5208,1,0,0,0,0,0,0,0,0,5216,4,0,0,0,0,0,0,0,0
544,2017-04-21,09:22:01,0,SF705,XZCE,5214,5204,5264,1206,31552380,7140,7120,5452,4932,5192,5174,0,5204,0,0,0,2017-04-21,33721000,5208,2,0,0,0,0,0,0,0,0,5216,4,0,0,0,0,0,0,0,0
545,2017-04-21,09:22:04,0,SF705,XZCE,5214,5204,5264,1206,31552380,7140,7120,5452,4932,5192,5174,0,5204,0,0,0,2017-04-21,33724000,5210,1,0,0,0,0,0,0,0,0,5216,4,0,0,0,0,0,0,0,0
546,2017-04-21,09:22:05,0,SF705,XZCE,5214,5204,5264,1206,31552380,7140,7120,5452,4932,5192,5174,0,5204,0,0,0,2017-04-21,33725000,5210,4,0,0,0,0,0,0,0,0,5216,4,0,0,0,0,0,0,0,0
547,2017-04-21,09:22:18,0,SF705,XZCE,5214,5204,5264,1206,31552380,7140,7120,5452,4932,5192,5174,0,5204,0,0,0,2017-04-21,33738000,5212,1,0,0,0,0,0,0,0,0,5216,4,0,0,0,0,0,0,0,0
548,2017-04-21,09:22:18,0,SF705,XZCE,5214,5204,5264,1206,31552380,7140,7120,5452,4932,5192,5174,0,5204,0,0,0,2017-04-21,33738000,5212,1,0,0,0,0,0,0,0,0,5214,1,0,0,0,0,0,0,0,0
549,2017-04-21,09:22:19,0,SF705,XZCE,5214,5204,5264,1208,31604520,7140,7120,5452,4932,5192,5174,0,5204,0,0,0,2017-04-21,33739000,5214,1,0,0,0,0,0,0,0,0,5216,4,0,0,0,0,0,0,0,0
550,2017-04-21,09:22:24,0,SF705,XZCE,5216,5204,5264,1210,31656680,7140,7120,5452,4932,5192,5174,0,5204,0,0,0,2017-04-21,33744000,5214,1,0,0,0,0,0,0,0,0,5216,3,0,0,0,0,0,0,0,0
551,2017-04-21,09:22:26,0,SF705,XZCE,5216,5204,5264,1210,31656680,7140,7120,5452,4932,5192,5174,0,5204,0,0,0,2017-04-21,33746000,5214,1,0,0,0,0,0,0,0,0,5216,2,0,0,0,0,0,0,0,0
552,2017-04-21,09:22:28,0,SF705,XZCE,5214,5204,5264,1212,31708820,7140,7120,5452,4932,5192,5174,0,5204,0,0,0,2017-04-21,33748000,5212,2,0,0,0,0,0,0,0,0,5214,4,0,0,0,0,0,0,0,0
553,2017-04-21,09:22:30,0,SF705,XZCE,5214,5204,5264,1212,31708820,7140,7120,5452,4932,5192,5174,0,5204,0,0,0,2017-04-21,33750000,5212,2,0,0,0,0,0,0,0,0,5214,5,0,0,0,0,0,0,0,0
554,2017-04-21,09:22:30,0,SF705,XZCE,5212,5204,5264,1216,31813060,7138,7120,5452,4932,5192,5174,0,5204,0,0,0,2017-04-21,33750000,5210,1,0,0,0,0,0,0,0,0,5214,5,0,0,0,0,0,0,0,0
555,2017-04-21,09:22:32,0,SF705,XZCE,5212,5204,5264,1216,31813060,7138,7120,5452,4932,5192,5174,0,5204,0,0,0,2017-04-21,33752000,5210,1,0,0,0,0,0,0,0,0,5212,1,0,0,0,0,0,0,0,0
556,2017-04-21,09:22:33,0,SF705,XZCE,5212,5204,5264,1218,31865180,7140,7120,5452,4932,5192,5174,0,5204,0,0,0,2017-04-21,33753000,5210,1,0,0,0,0,0,0,0,0,5214,5,0,0,0,0,0,0,0,0
557,2017-04-21,09:22:39,0,SF705,XZCE,5212,5204,5264,1218,31865180,7140,7120,5452,4932,5192,5174,0,5204,0,0,0,2017-04-21,33759000,5212,3,0,0,0,0,0,0,0,0,5214,5,0,0,0,0,0,0,0,0
558,2017-04-21,09:22:45,0,SF705,XZCE,5212,5204,5264,1224,32021540,7140,7120,5452,4932,5192,5174,0,5204,0,0,0,2017-04-21,33765000,5210,1,0,0,0,0,0,0,0,0,5212,1,0,0,0,0,0,0,0,0
559,2017-04-21,09:22:45,0,SF705,XZCE,5212,5204,5264,1224,32021540,7140,7120,5452,4932,5192,5174,0,5204,0,0,0,2017-04-21,33765000,5210,2,0,0,0,0,0,0,0,0,5212,1,0,0,0,0,0,0,0,0
560,2017-04-21,09:22:49,0,SF705,XZCE,5210,5204,5264,1230,32177840,7138,7120,5452,4932,5192,5174,0,5204,0,0,0,2017-04-21,33769000,5208,1,0,0,0,0,0,0,0,0,5210,3,0,0,0,0,0,0,0,0
561,2017-04-21,09:22:55,0,SF705,XZCE,5210,5204,5264,1232,32229940,7138,7120,5452,4932,5192,5174,0,5204,0,0,0,2017-04-21,33775000,5208,1,0,0,0,0,0,0,0,0,5210,2,0,0,0,0,0,0,0,0
562,2017-04-21,09:22:57,0,SF705,XZCE,5210,5204,5264,1236,32334140,7138,7120,5452,4932,5192,5174,0,5204,0,0,0,2017-04-21,33777000,5208,1,0,0,0,0,0,0,0,0,5214,6,0,0,0,0,0,0,0,0
563,2017-04-21,09:23:00,0,SF705,XZCE,5210,5204,5264,1236,32334140,7138,7120,5452,4932,5192,5174,0,5204,0,0,0,2017-04-21,33780000,5206,1,0,0,0,0,0,0,0,0,5214,6,0,0,0,0,0,0,0,0
564,2017-04-21,09:23:06,0,SF705,XZCE,5206,5204,5264,1238,32386200,7138,7120,5452,4932,5192,5174,0,5204,0,0,0,2017-04-21,33786000,5202,2,0,0,0,0,0,0,0,0,5206,4,0,0,0,0,0,0,0,0
565,2017-04-21,09:23:16,0,SF705,XZCE,5202,5202,5264,1246,32594280,7136,7120,5452,4932,5192,5174,0,5204,0,0,0,2017-04-21,33796000,5200,8,0,0,0,0,0,0,0,0,5212,1,0,0,0,0,0,0,0,0
566,2017-04-21,09:23:16,0,SF705,XZCE,5200,5200,5264,1250,32698280,7138,7120,5452,4932,5192,5174,0,5204,0,0,0,2017-04-21,33796000,5200,6,0,0,0,0,0,0,0,0,5212,1,0,0,0,0,0,0,0,0
567,2017-04-21,09:23:17,0,SF705,XZCE,5212,5200,5264,1256,32854640,7136,7120,5452,4932,5192,5174,0,5204,0,0,0,2017-04-21,33797000,5202,6,0,0,0,0,0,0,0,0,5214,4,0,0,0,0,0,0,0,0
568,2017-04-21,09:23:17,0,SF705,XZCE,5212,5200,5264,1256,32854640,7136,7120,5452,4932,5192,5174,0,5204,0,0,0,2017-04-21,33797000,5208,1,0,0,0,0,0,0,0,0,5214,4,0,0,0,0,0,0,0,0
569,2017-04-21,09:23:23,0,SF705,XZCE,5208,5200,5264,1258,32906720,7136,7120,5452,4932,5192,5174,0,5204,0,0,0,2017-04-21,33803000,5200,6,0,0,0,0,0,0,0,0,5208,1,0,0,0,0,0,0,0,0
570,2017-04-21,09:23:25,0,SF705,XZCE,5208,5200,5264,1258,32906720,7136,7120,5452,4932,5192,5174,0,5204,0,0,0,2017-04-21,33805000,5202,1,0,0,0,0,0,0,0,0,5208,1,0,0,0,0,0,0,0,0
571,2017-04-21,09:23:30,0,SF705,XZCE,5208,5200,5264,1260,32958800,7136,7120,5452,4932,5192,5174,0,5204,0,0,0,2017-04-21,33810000,5208,1,0,0,0,0,0,0,0,0,5212,2,0,0,0,0,0,0,0,0
