,dataDate,dataTime,dataMillisec,instrumentID,exchangeCD,lastPrice,lowPrice,highPrice,volume,value,openInterest,preOpenInterest,upperLimitPrice,lowerLimitPrice,preSettlementPrice,prevClosePrice,settlementPrice,openPrice,closePrice,preDelta,currDelta,clearingDay,milliSecOffset,bidPrice1,bidVolume1,bidPrice2,bidVolume2,bidPrice3,bidVolume3,bidPrice4,bidVolume4,bidPrice5,bidVolume5,askPrice1,askVolume1,askPrice2,askVolume2,askPrice3,askVolume3,askPrice4,askVolume4,askPrice5,askVolume5
0,2017-04-20,19:29:30,0,SM705,XZCE,6006,0,0,0,0,16310,16310,6352,5632,5992,6006,0,0,0,0,0,2017-04-21,70170000,0,0,0,0,0,0,0,0,0,0,0,0,0,0,0,0,0,0,0,0
1,2017-04-21,08:59:00,0,SM705,XZCE,6056,6056,6056,30,908400,16312,16310,6352,5632,5992,6006,0,6056,0,0,0,2017-04-21,32340000,6056,1,0,0,0,0,0,0,0,0,6084,4,0,0,0,0,0,0,0,0
2,2017-04-21,09:00:00,0,SM705,XZCE,6056,6056,6056,30,908400,16312,16310,6352,5632,5992,6006,0,6056,0,0,0,2017-04-21,32400000,6056,1,0,0,0,0,0,0,0,0,6064,1,0,0,0,0,0,0,0,0
3,2017-04-21,09:00:00,0,SM705,XZCE,6042,6042,6058,44,1331340,16308,16310,6352,5632,5992,6006,0,6056,0,0,0,2017-04-21,32400000,6042,1,0,0,0,0,0,0,0,0,6052,1,0,0,0,0,0,0,0,0
4,2017-04-21,09:00:01,0,SM705,XZCE,6042,6042,6058,44,1331340,16308,16310,6352,5632,5992,6006,0,6056,0,0,0,2017-04-21,32401000,6042,3,0,0,0,0,0,0,0,0,6048,1,0,0,0,0,0,0,0,0
5,2017-04-21,09:00:01,0,SM705,XZCE,6054,6042,6058,66,1997280,16310,16310,6352,5632,5992,6006,0,6056,0,0,0,2017-04-21,32401000,6054,1,0,0,0,0,0,0,0,0,6056,8,0,0,0,0,0,0,0,0
6,2017-04-21,09:00:02,0,SM705,XZCE,6056,6042,6058,86,2602880,16308,16310,6352,5632,5992,6006,0,6056,0,0,0,2017-04-21,32402000,6034,1,0,0,0,0,0,0,0,0,6054,2,0,0,0,0,0,0,0,0
7,2017-04-21,09:00:02,0,SM705,XZCE,6054,6042,6058,90,2723960,16306,16310,6352,5632,5992,6006,0,6056,0,0,0,2017-04-21,32402000,6034,1,0,0,0,0,0,0,0,0,6054,9,0,0,0,0,0,0,0,0
8,2017-04-21,09:00:03,0,SM705,XZCE,6054,6042,6058,90,2723960,16306,16310,6352,5632,5992,6006,0,6056,0,0,0,2017-04-21,32403000,6034,1,0,0,0,0,0,0,0,0,6052,6,0,0,0,0,0,0,0,0
9,2017-04-21,09:00:03,0,SM705,XZCE,6034,6034,6058,98,2965320,16298,16310,6352,5632,5992,6006,0,6056,0,0,0,2017-04-21,32403000,6032,1,0,0,0,0,0,0,0,0,6052,4,0,0,0,0,0,0,0,0
10,2017-04-21,09:00:04,0,SM705,XZCE,6072,6032,6072,148,4483320,16284,16310,6352,5632,5992,6006,0,6056,0,0,0,2017-04-21,32404000,6054,1,0,0,0,0,0,0,0,0,6056,1,0,0,0,0,0,0,0,0
11,2017-04-21,09:00:04,0,SM705,XZCE,6050,6032,6072,162,4906820,16290,16310,6352,5632,5992,6006,0,6056,0,0,0,2017-04-21,32404000,6034,2,0,0,0,0,0,0,0,0,6050,5,0,0,0,0,0,0,0,0
12,2017-04-21,09:00:05,0,SM705,XZCE,6054,6032,6072,178,5391140,16278,16310,6352,5632,5992,6006,0,6056,0,0,0,2017-04-21,32405000,6052,10,0,0,0,0,0,0,0,0,6068,1,0,0,0,0,0,0,0,0
13,2017-04-21,09:00:05,0,SM705,XZCE,6054,6032,6072,182,5512220,16278,16310,6352,5632,5992,6006,0,6056,0,0,0,2017-04-21,32405000,6052,10,0,0,0,0,0,0,0,0,6068,1,0,0,0,0,0,0,0,0
14,2017-04-21,09:00:06,0,SM705,XZCE,6054,6032,6072,182,5512220,16278,16310,6352,5632,5992,6006,0,6056,0,0,0,2017-04-21,32406000,6052,10,0,0,0,0,0,0,0,0,6066,2,0,0,0,0,0,0,0,0
15,2017-04-21,09:00:06,0,SM705,XZCE,6054,6032,6072,182,5512220,16278,16310,6352,5632,5992,6006,0,6056,0,0,0,2017-04-21,32406000,6056,3,0,0,0,0,0,0,0,0,6066,2,0,0,0,0,0,0,0,0
16,2017-04-21,09:00:07,0,SM705,XZCE,6066,6032,6072,186,5633540,16274,16310,6352,5632,5992,6006,0,6056,0,0,0,2017-04-21,32407000,6066,10,0,0,0,0,0,0,0,0,6070,1,0,0,0,0,0,0,0,0
17,2017-04-21,09:00:08,0,SM705,XZCE,6080,6032,6080,202,6119940,16270,16310,6352,5632,5992,6006,0,6056,0,0,0,2017-04-21,32408000,6070,8,0,0,0,0,0,0,0,0,6080,2,0,0,0,0,0,0,0,0
18,2017-04-21,09:00:08,0,SM705,XZCE,6070,6032,6080,212,6423440,16270,16310,6352,5632,5992,6006,0,6056,0,0,0,2017-04-21,32408000,6070,5,0,0,0,0,0,0,0,0,6078,2,0,0,0,0,0,0,0,0
19,2017-04-21,09:00:09,0,SM705,XZCE,6076,6032,6080,234,7091800,16250,16310,6352,5632,5992,6006,0,6056,0,0,0,2017-04-21,32409000,6076,5,0,0,0,0,0,0,0,0,6084,5,0,0,0,0,0,0,0,0
20,2017-04-21,09:00:09,0,SM705,XZCE,6072,6032,6080,236,7152520,16248,16310,6352,5632,5992,6006,0,6056,0,0,0,2017-04-21,32409000,6072,2,0,0,0,0,0,0,0,0,6084,5,0,0,0,0,0,0,0,0
21,2017-04-21,09:00:10,0,SM705,XZCE,6072,6032,6080,236,7152520,16248,16310,6352,5632,5992,6006,0,6056,0,0,0,2017-04-21,32410000,6074,2,0,0,0,0,0,0,0,0,6084,5,0,0,0,0,0,0,0,0
22,2017-04-21,09:00:10,0,SM705,XZCE,6068,6032,6080,250,7577280,16254,16310,6352,5632,5992,6006,0,6056,0,0,0,2017-04-21,32410000,6068,2,0,0,0,0,0,0,0,0,6084,5,0,0,0,0,0,0,0,0
23,2017-04-21,09:00:11,0,SM705,XZCE,6088,6032,6088,288,8734000,16250,16310,6352,5632,5992,6006,0,6056,0,0,0,2017-04-21,32411000,6070,6,0,0,0,0,0,0,0,0,6088,11,0,0,0,0,0,0,0,0
24,2017-04-21,09:00:12,0,SM705,XZCE,6084,6032,6088,308,9342400,16236,16310,6352,5632,5992,6006,0,6056,0,0,0,2017-04-21,32412000,6070,6,0,0,0,0,0,0,0,0,6086,1,0,0,0,0,0,0,0,0
25,2017-04-21,09:00:12,0,SM705,XZCE,6084,6032,6088,308,9342400,16236,16310,6352,5632,5992,6006,0,6056,0,0,0,2017-04-21,32412000,6072,7,0,0,0,0,0,0,0,0,6086,1,0,0,0,0,0,0,0,0
26,2017-04-21,09:00:13,0,SM705,XZCE,6088,6032,6088,328,9951200,16254,16310,6352,5632,5992,6006,0,6056,0,0,0,2017-04-21,32413000,6074,16,0,0,0,0,0,0,0,0,6088,2,0,0,0,0,0,0,0,0
27,2017-04-21,09:00:13,0,SM705,XZCE,6078,6032,6088,332,10072760,16250,16310,6352,5632,5992,6006,0,6056,0,0,0,2017-04-21,32413000,6078,3,0,0,0,0,0,0,0,0,6088,2,0,0,0,0,0,0,0,0
28,2017-04-21,09:00:14,0,SM705,XZCE,6078,6032,6088,332,10072760,16250,16310,6352,5632,5992,6006,0,6056,0,0,0,2017-04-21,32414000,6084,3,0,0,0,0,0,0,0,0,6088,1,0,0,0,0,0,0,0,0
29,2017-04-21,09:00:14,0,SM705,XZCE,6084,6032,6088,338,10255280,16244,16310,6352,5632,5992,6006,0,6056,0,0,0,2017-04-21,32414000,6078,4,0,0,0,0,0,0,0,0,6086,1,0,0,0,0,0,0,0,0
30,2017-04-21,09:00:15,0,SM705,XZCE,6084,6032,6088,338,10255280,16244,16310,6352,5632,5992,6006,0,6056,0,0,0,2017-04-21,32415000,6078,4,0,0,0,0,0,0,0,0,6084,1,0,0,0,0,0,0,0,0
31,2017-04-21,09:00:16,0,SM705,XZCE,6088,6032,6088,346,10498800,16242,16310,6352,5632,5992,6006,0,6056,0,0,0,2017-04-21,32416000,6078,4,0,0,0,0,0,0,0,0,6082,3,0,0,0,0,0,0,0,0
32,2017-04-21,09:00:16,0,SM705,XZCE,6080,6032,6088,350,10620400,16240,16310,6352,5632,5992,6006,0,6056,0,0,0,2017-04-21,32416000,6078,3,0,0,0,0,0,0,0,0,6082,2,0,0,0,0,0,0,0,0
33,2017-04-21,09:00:17,0,SM705,XZCE,6078,6032,6088,364,11045860,16238,16310,6352,5632,5992,6006,0,6056,0,0,0,2017-04-21,32417000,6076,1,0,0,0,0,0,0,0,0,6090,2,0,0,0,0,0,0,0,0
34,2017-04-21,09:00:17,0,SM705,XZCE,6078,6032,6088,364,11045860,16238,16310,6352,5632,5992,6006,0,6056,0,0,0,2017-04-21,32417000,6076,1,0,0,0,0,0,0,0,0,6078,1,0,0,0,0,0,0,0,0
35,2017-04-21,09:00:18,0,SM705,XZCE,6076,6032,6088,366,11106620,16236,16310,6352,5632,5992,6006,0,6056,0,0,0,2017-04-21,32418000,6070,11,0,0,0,0,0,0,0,0,6078,1,0,0,0,0,0,0,0,0
36,2017-04-21,09:00:18,0,SM705,XZCE,6078,6032,6088,368,11167400,16236,16310,6352,5632,5992,6006,0,6056,0,0,0,2017-04-21,32418000,6082,3,0,0,0,0,0,0,0,0,6088,12,0,0,0,0,0,0,0,0
37,2017-04-21,09:00:18,0,SM705,XZCE,6078,6032,6088,368,11167400,16236,16310,6352,5632,5992,6006,0,6056,0,0,0,2017-04-21,32418000,6082,3,0,0,0,0,0,0,0,0,6086,1,0,0,0,0,0,0,0,0
38,2017-04-21,09:00:19,0,SM705,XZCE,6082,6032,6088,370,11228220,16236,16310,6352,5632,5992,6006,0,6056,0,0,0,2017-04-21,32419000,6082,2,0,0,0,0,0,0,0,0,6086,1,0,0,0,0,0,0,0,0
39,2017-04-21,09:00:20,0,SM705,XZCE,6082,6032,6088,374,11349860,16240,16310,6352,5632,5992,6006,0,6056,0,0,0,2017-04-21,32420000,6068,2,0,0,0,0,0,0,0,0,6082,1,0,0,0,0,0,0,0,0
40,2017-04-21,09:00:21,0,SM705,XZCE,6090,6032,6090,406,12324260,16258,16310,6352,5632,5992,6006,0,6056,0,0,0,2017-04-21,32421000,6090,34,0,0,0,0,0,0,0,0,6098,8,0,0,0,0,0,0,0,0
41,2017-04-21,09:00:21,0,SM705,XZCE,6106,6032,6106,456,13850760,16260,16310,6352,5632,5992,6006,0,6056,0,0,0,2017-04-21,32421000,6090,29,0,0,0,0,0,0,0,0,6106,8,0,0,0,0,0,0,0,0
42,2017-04-21,09:00:22,0,SM705,XZCE,6106,6032,6106,508,15438320,16238,16310,6352,5632,5992,6006,0,6056,0,0,0,2017-04-21,32422000,6108,4,0,0,0,0,0,0,0,0,6110,1,0,0,0,0,0,0,0,0
43,2017-04-21,09:00:22,0,SM705,XZCE,6096,6032,6108,542,16474640,16224,16310,6352,5632,5992,6006,0,6056,0,0,0,2017-04-21,32422000,6096,3,0,0,0,0,0,0,0,0,6112,1,0,0,0,0,0,0,0,0
44,2017-04-21,09:00:23,0,SM705,XZCE,6096,6032,6108,542,16474640,16224,16310,6352,5632,5992,6006,0,6056,0,0,0,2017-04-21,32423000,6102,4,0,0,0,0,0,0,0,0,6110,4,0,0,0,0,0,0,0,0
45,2017-04-21,09:00:23,0,SM705,XZCE,6110,6032,6110,550,16719040,16224,16310,6352,5632,5992,6006,0,6056,0,0,0,2017-04-21,32423000,6110,27,0,0,0,0,0,0,0,0,6114,15,0,0,0,0,0,0,0,0
46,2017-04-21,09:00:24,0,SM705,XZCE,6114,6032,6114,556,16902460,16224,16310,6352,5632,5992,6006,0,6056,0,0,0,2017-04-21,32424000,6110,27,0,0,0,0,0,0,0,0,6114,12,0,0,0,0,0,0,0,0
47,2017-04-21,09:00:24,0,SM705,XZCE,6110,6032,6114,564,17146860,16224,16310,6352,5632,5992,6006,0,6056,0,0,0,2017-04-21,32424000,6110,24,0,0,0,0,0,0,0,0,6114,12,0,0,0,0,0,0,0,0
48,2017-04-21,09:00:25,0,SM705,XZCE,6110,6032,6114,570,17330160,16224,16310,6352,5632,5992,6006,0,6056,0,0,0,2017-04-21,32425000,6110,22,0,0,0,0,0,0,0,0,6114,11,0,0,0,0,0,0,0,0
49,2017-04-21,09:00:25,0,SM705,XZCE,6110,6032,6114,616,18735460,16180,16310,6352,5632,5992,6006,0,6056,0,0,0,2017-04-21,32425000,6102,4,0,0,0,0,0,0,0,0,6108,10,0,0,0,0,0,0,0,0
50,2017-04-21,09:00:26,0,SM705,XZCE,6110,6032,6114,618,18796560,16180,16310,6352,5632,5992,6006,0,6056,0,0,0,2017-04-21,32426000,6104,4,0,0,0,0,0,0,0,0,6108,9,0,0,0,0,0,0,0,0
51,2017-04-21,09:00:26,0,SM705,XZCE,6110,6032,6114,618,18796560,16180,16310,6352,5632,5992,6006,0,6056,0,0,0,2017-04-21,32426000,6102,4,0,0,0,0,0,0,0,0,6108,9,0,0,0,0,0,0,0,0
52,2017-04-21,09:00:28,0,SM705,XZCE,6110,6032,6114,618,18796560,16180,16310,6352,5632,5992,6006,0,6056,0,0,0,2017-04-21,32428000,6096,4,0,0,0,0,0,0,0,0,6108,9,0,0,0,0,0,0,0,0
53,2017-04-21,09:00:28,0,SM705,XZCE,6110,6032,6114,618,18796560,16180,16310,6352,5632,5992,6006,0,6056,0,0,0,2017-04-21,32428000,6098,1,0,0,0,0,0,0,0,0,6108,14,0,0,0,0,0,0,0,0
54,2017-04-21,09:00:29,0,SM705,XZCE,6110,6032,6114,618,18796560,16180,16310,6352,5632,5992,6006,0,6056,0,0,0,2017-04-21,32429000,6100,4,0,0,0,0,0,0,0,0,6108,14,0,0,0,0,0,0,0,0
55,2017-04-21,09:00:29,0,SM705,XZCE,6110,6032,6114,620,18857660,16180,16310,6352,5632,5992,6006,0,6056,0,0,0,2017-04-21,32429000,6100,4,0,0,0,0,0,0,0,0,6108,13,0,0,0,0,0,0,0,0
56,2017-04-21,09:00:30,0,SM705,XZCE,6104,6032,6114,622,18918700,16180,16310,6352,5632,5992,6006,0,6056,0,0,0,2017-04-21,32430000,6100,4,0,0,0,0,0,0,0,0,6108,13,0,0,0,0,0,0,0,0
57,2017-04-21,09:00:31,0,SM705,XZCE,6100,6032,6114,624,18979700,16178,16310,6352,5632,5992,6006,0,6056,0,0,0,2017-04-21,32431000,6098,4,0,0,0,0,0,0,0,0,6108,13,0,0,0,0,0,0,0,0
58,2017-04-21,09:00:31,0,SM705,XZCE,6098,6032,6114,628,19101660,16178,16310,6352,5632,5992,6006,0,6056,0,0,0,2017-04-21,32431000,6098,2,0,0,0,0,0,0,0,0,6104,1,0,0,0,0,0,0,0,0
59,2017-04-21,09:00:32,0,SM705,XZCE,6098,6032,6114,632,19223620,16178,16310,6352,5632,5992,6006,0,6056,0,0,0,2017-04-21,32432000,6096,3,0,0,0,0,0,0,0,0,6104,1,0,0,0,0,0,0,0,0
60,2017-04-21,09:00:32,0,SM705,XZCE,6098,6032,6114,636,19345580,16178,16310,6352,5632,5992,6006,0,6056,0,0,0,2017-04-21,32432000,6096,3,0,0,0,0,0,0,0,0,6104,1,0,0,0,0,0,0,0,0
61,2017-04-21,09:00:33,0,SM705,XZCE,6098,6032,6114,636,19345580,16178,16310,6352,5632,5992,6006,0,6056,0,0,0,2017-04-21,32433000,6096,3,0,0,0,0,0,0,0,0,6100,5,0,0,0,0,0,0,0,0
62,2017-04-21,09:00:33,0,SM705,XZCE,6100,6032,6114,642,19528580,16182,16310,6352,5632,5992,6006,0,6056,0,0,0,2017-04-21,32433000,6098,4,0,0,0,0,0,0,0,0,6100,2,0,0,0,0,0,0,0,0
63,2017-04-21,09:00:34,0,SM705,XZCE,6100,6032,6114,646,19650580,16186,16310,6352,5632,5992,6006,0,6056,0,0,0,2017-04-21,32434000,6100,3,0,0,0,0,0,0,0,0,6102,1,0,0,0,0,0,0,0,0
64,2017-04-21,09:00:34,0,SM705,XZCE,6100,6032,6114,650,19772580,16186,16310,6352,5632,5992,6006,0,6056,0,0,0,2017-04-21,32434000,6100,1,0,0,0,0,0,0,0,0,6102,1,0,0,0,0,0,0,0,0
65,2017-04-21,09:00:34,0,SM705,XZCE,6100,6032,6114,652,19833580,16186,16310,6352,5632,5992,6006,0,6056,0,0,0,2017-04-21,32434000,6096,3,0,0,0,0,0,0,0,0,6102,1,0,0,0,0,0,0,0,0
66,2017-04-21,09:00:35,0,SM705,XZCE,6100,6032,6114,652,19833580,16186,16310,6352,5632,5992,6006,0,6056,0,0,0,2017-04-21,32435000,6098,4,0,0,0,0,0,0,0,0,6102,1,0,0,0,0,0,0,0,0
67,2017-04-21,09:00:36,0,SM705,XZCE,6100,6032,6114,652,19833580,16186,16310,6352,5632,5992,6006,0,6056,0,0,0,2017-04-21,32436000,6098,4,0,0,0,0,0,0,0,0,6104,1,0,0,0,0,0,0,0,0
68,2017-04-21,09:00:37,0,SM705,XZCE,6100,6032,6114,652,19833580,16186,16310,6352,5632,5992,6006,0,6056,0,0,0,2017-04-21,32437000,6100,4,0,0,0,0,0,0,0,0,6104,1,0,0,0,0,0,0,0,0
69,2017-04-21,09:00:38,0,SM705,XZCE,6100,6032,6114,652,19833580,16186,16310,6352,5632,5992,6006,0,6056,0,0,0,2017-04-21,32438000,6100,4,0,0,0,0,0,0,0,0,6102,1,0,0,0,0,0,0,0,0
70,2017-04-21,09:00:38,0,SM705,XZCE,6100,6032,6114,652,19833580,16186,16310,6352,5632,5992,6006,0,6056,0,0,0,2017-04-21,32438000,6098,4,0,0,0,0,0,0,0,0,6102,1,0,0,0,0,0,0,0,0
71,2017-04-21,09:00:40,0,SM705,XZCE,6096,6032,6114,666,20260300,16178,16310,6352,5632,5992,6006,0,6056,0,0,0,2017-04-21,32440000,6090,29,0,0,0,0,0,0,0,0,6096,43,0,0,0,0,0,0,0,0
72,2017-04-21,09:00:40,0,SM705,XZCE,6096,6032,6114,666,20260300,16178,16310,6352,5632,5992,6006,0,6056,0,0,0,2017-04-21,32440000,6090,29,0,0,0,0,0,0,0,0,6094,4,0,0,0,0,0,0,0,0
73,2017-04-21,09:00:42,0,SM705,XZCE,6090,6032,6114,724,22026400,16220,16310,6352,5632,5992,6006,0,6056,0,0,0,2017-04-21,32442000,6090,2,0,0,0,0,0,0,0,0,6092,2,0,0,0,0,0,0,0,0
74,2017-04-21,09:00:42,0,SM705,XZCE,6088,6032,6114,734,22330800,16226,16310,6352,5632,5992,6006,0,6056,0,0,0,2017-04-21,32442000,6074,1,0,0,0,0,0,0,0,0,6086,6,0,0,0,0,0,0,0,0
75,2017-04-21,09:00:42,0,SM705,XZCE,6088,6032,6114,734,22330800,16226,16310,6352,5632,5992,6006,0,6056,0,0,0,2017-04-21,32442000,6076,4,0,0,0,0,0,0,0,0,6082,6,0,0,0,0,0,0,0,0
76,2017-04-21,09:00:43,0,SM705,XZCE,6082,6032,6114,744,22634900,16222,16310,6352,5632,5992,6006,0,6056,0,0,0,2017-04-21,32443000,6076,2,0,0,0,0,0,0,0,0,6082,4,0,0,0,0,0,0,0,0
77,2017-04-21,09:00:44,0,SM705,XZCE,6082,6032,6114,744,22634900,16222,16310,6352,5632,5992,6006,0,6056,0,0,0,2017-04-21,32444000,6076,2,0,0,0,0,0,0,0,0,6078,4,0,0,0,0,0,0,0,0
78,2017-04-21,09:00:45,0,SM705,XZCE,6082,6032,6114,748,22756540,16222,16310,6352,5632,5992,6006,0,6056,0,0,0,2017-04-21,32445000,6076,2,0,0,0,0,0,0,0,0,6078,2,0,0,0,0,0,0,0,0
79,2017-04-21,09:00:45,0,SM705,XZCE,6078,6032,6114,752,22878100,16222,16310,6352,5632,5992,6006,0,6056,0,0,0,2017-04-21,32445000,6066,2,0,0,0,0,0,0,0,0,6086,1,0,0,0,0,0,0,0,0
80,2017-04-21,09:00:46,0,SM705,XZCE,6086,6032,6114,754,22938960,16220,16310,6352,5632,5992,6006,0,6056,0,0,0,2017-04-21,32446000,6068,1,0,0,0,0,0,0,0,0,6076,1,0,0,0,0,0,0,0,0
81,2017-04-21,09:00:46,0,SM705,XZCE,6078,6032,6114,756,22999740,16218,16310,6352,5632,5992,6006,0,6056,0,0,0,2017-04-21,32446000,6068,5,0,0,0,0,0,0,0,0,6084,1,0,0,0,0,0,0,0,0
82,2017-04-21,09:00:47,0,SM705,XZCE,6070,6032,6114,758,23060440,16220,16310,6352,5632,5992,6006,0,6056,0,0,0,2017-04-21,32447000,6070,3,0,0,0,0,0,0,0,0,6084,1,0,0,0,0,0,0,0,0
83,2017-04-21,09:00:47,0,SM705,XZCE,6076,6032,6114,760,23121200,16218,16310,6352,5632,5992,6006,0,6056,0,0,0,2017-04-21,32447000,6070,3,0,0,0,0,0,0,0,0,6076,1,0,0,0,0,0,0,0,0
84,2017-04-21,09:00:48,0,SM705,XZCE,6076,6032,6114,762,23181960,16218,16310,6352,5632,5992,6006,0,6056,0,0,0,2017-04-21,32448000,6070,6,0,0,0,0,0,0,0,0,6084,1,0,0,0,0,0,0,0,0
85,2017-04-21,09:00:49,0,SM705,XZCE,6070,6032,6114,774,23546160,16218,16310,6352,5632,5992,6006,0,6056,0,0,0,2017-04-21,32449000,6074,1,0,0,0,0,0,0,0,0,6084,1,0,0,0,0,0,0,0,0
86,2017-04-21,09:00:49,0,SM705,XZCE,6070,6032,6114,774,23546160,16218,16310,6352,5632,5992,6006,0,6056,0,0,0,2017-04-21,32449000,6078,1,0,0,0,0,0,0,0,0,6080,1,0,0,0,0,0,0,0,0
87,2017-04-21,09:00:49,0,SM705,XZCE,6078,6032,6114,776,23606940,16218,16310,6352,5632,5992,6006,0,6056,0,0,0,2017-04-21,32449000,6072,1,0,0,0,0,0,0,0,0,6084,1,0,0,0,0,0,0,0,0
88,2017-04-21,09:00:51,0,SM705,XZCE,6078,6032,6114,776,23606940,16218,16310,6352,5632,5992,6006,0,6056,0,0,0,2017-04-21,32451000,6076,2,0,0,0,0,0,0,0,0,6084,1,0,0,0,0,0,0,0,0
89,2017-04-21,09:00:53,0,SM705,XZCE,6078,6032,6114,776,23606940,16218,16310,6352,5632,5992,6006,0,6056,0,0,0,2017-04-21,32453000,6076,2,0,0,0,0,0,0,0,0,6094,4,0,0,0,0,0,0,0,0
90,2017-04-21,09:00:54,0,SM705,XZCE,6078,6032,6114,776,23606940,16218,16310,6352,5632,5992,6006,0,6056,0,0,0,2017-04-21,32454000,6078,4,0,0,0,0,0,0,0,0,6090,1,0,0,0,0,0,0,0,0
91,2017-04-21,09:00:54,0,SM705,XZCE,6078,6032,6114,776,23606940,16218,16310,6352,5632,5992,6006,0,6056,0,0,0,2017-04-21,32454000,6078,4,0,0,0,0,0,0,0,0,6088,4,0,0,0,0,0,0,0,0
92,2017-04-21,09:00:56,0,SM705,XZCE,6080,6032,6114,878,26707740,16234,16310,6352,5632,5992,6006,0,6056,0,0,0,2017-04-21,32456000,6080,2,0,0,0,0,0,0,0,0,6092,1,0,0,0,0,0,0,0,0
93,2017-04-21,09:00:57,0,SM705,XZCE,6080,6032,6114,878,26707740,16234,16310,6352,5632,5992,6006,0,6056,0,0,0,2017-04-21,32457000,6082,4,0,0,0,0,0,0,0,0,6092,1,0,0,0,0,0,0,0,0
94,2017-04-21,09:00:58,0,SM705,XZCE,6080,6032,6114,884,26890140,16228,16310,6352,5632,5992,6006,0,6056,0,0,0,2017-04-21,32458000,6082,1,0,0,0,0,0,0,0,0,6092,1,0,0,0,0,0,0,0,0
95,2017-04-21,09:01:01,0,SM705,XZCE,6080,6032,6114,884,26890140,16228,16310,6352,5632,5992,6006,0,6056,0,0,0,2017-04-21,32461000,6082,2,0,0,0,0,0,0,0,0,6094,4,0,0,0,0,0,0,0,0
96,2017-04-21,09:01:02,0,SM705,XZCE,6080,6032,6114,884,26890140,16228,16310,6352,5632,5992,6006,0,6056,0,0,0,2017-04-21,32462000,6082,5,0,0,0,0,0,0,0,0,6094,4,0,0,0,0,0,0,0,0
97,2017-04-21,09:01:02,0,SM705,XZCE,6080,6032,6114,884,26890140,16228,16310,6352,5632,5992,6006,0,6056,0,0,0,2017-04-21,32462000,6082,5,0,0,0,0,0,0,0,0,6092,1,0,0,0,0,0,0,0,0
98,2017-04-21,09:01:03,0,SM705,XZCE,6080,6032,6114,884,26890140,16228,16310,6352,5632,5992,6006,0,6056,0,0,0,2017-04-21,32463000,6082,7,0,0,0,0,0,0,0,0,6092,5,0,0,0,0,0,0,0,0
99,2017-04-21,09:01:04,0,SM705,XZCE,6080,6032,6114,884,26890140,16228,16310,6352,5632,5992,6006,0,6056,0,0,0,2017-04-21,32464000,6082,3,0,0,0,0,0,0,0,0,6092,5,0,0,0,0,0,0,0,0
100,2017-04-21,09:01:04,0,SM705,XZCE,6080,6032,6114,884,26890140,16228,16310,6352,5632,5992,6006,0,6056,0,0,0,2017-04-21,32464000,6082,6,0,0,0,0,0,0,0,0,6092,5,0,0,0,0,0,0,0,0
101,2017-04-21,09:01:05,0,SM705,XZCE,6080,6032,6114,884,26890140,16228,16310,6352,5632,5992,6006,0,6056,0,0,0,2017-04-21,32465000,6082,3,0,0,0,0,0,0,0,0,6092,5,0,0,0,0,0,0,0,0
102,2017-04-21,09:01:06,0,SM705,XZCE,6080,6032,6114,898,27315740,16222,16310,6352,5632,5992,6006,0,6056,0,0,0,2017-04-21,32466000,6080,2,0,0,0,0,0,0,0,0,6092,2,0,0,0,0,0,0,0,0
103,2017-04-21,09:01:06,0,SM705,XZCE,6080,6032,6114,898,27315740,16222,16310,6352,5632,5992,6006,0,6056,0,0,0,2017-04-21,32466000,6078,6,0,0,0,0,0,0,0,0,6092,2,0,0,0,0,0,0,0,0
104,2017-04-21,09:01:07,0,SM705,XZCE,6080,6032,6114,898,27315740,16222,16310,6352,5632,5992,6006,0,6056,0,0,0,2017-04-21,32467000,6080,4,0,0,0,0,0,0,0,0,6092,2,0,0,0,0,0,0,0,0
105,2017-04-21,09:01:10,0,SM705,XZCE,6080,6032,6114,900,27376540,16222,16310,6352,5632,5992,6006,0,6056,0,0,0,2017-04-21,32470000,6080,3,0,0,0,0,0,0,0,0,6092,2,0,0,0,0,0,0,0,0
106,2017-04-21,09:01:10,0,SM705,XZCE,6080,6032,6114,900,27376540,16222,16310,6352,5632,5992,6006,0,6056,0,0,0,2017-04-21,32470000,6080,3,0,0,0,0,0,0,0,0,6090,1,0,0,0,0,0,0,0,0
107,2017-04-21,09:01:11,0,SM705,XZCE,6080,6032,6114,900,27376540,16222,16310,6352,5632,5992,6006,0,6056,0,0,0,2017-04-21,32471000,6080,3,0,0,0,0,0,0,0,0,6090,2,0,0,0,0,0,0,0,0
108,2017-04-21,09:01:12,0,SM705,XZCE,6080,6032,6114,900,27376540,16222,16310,6352,5632,5992,6006,0,6056,0,0,0,2017-04-21,32472000,6080,3,0,0,0,0,0,0,0,0,6088,1,0,0,0,0,0,0,0,0
109,2017-04-21,09:01:12,0,SM705,XZCE,6080,6032,6114,900,27376540,16222,16310,6352,5632,5992,6006,0,6056,0,0,0,2017-04-21,32472000,6080,3,0,0,0,0,0,0,0,0,6090,2,0,0,0,0,0,0,0,0
110,2017-04-21,09:01:13,0,SM705,XZCE,6080,6032,6114,904,27498140,16226,16310,6352,5632,5992,6006,0,6056,0,0,0,2017-04-21,32473000,6080,1,0,0,0,0,0,0,0,0,6090,1,0,0,0,0,0,0,0,0
111,2017-04-21,09:01:13,0,SM705,XZCE,6080,6032,6114,904,27498140,16226,16310,6352,5632,5992,6006,0,6056,0,0,0,2017-04-21,32473000,6080,1,0,0,0,0,0,0,0,0,6090,2,0,0,0,0,0,0,0,0
112,2017-04-21,09:01:14,0,SM705,XZCE,6080,6032,6114,904,27498140,16226,16310,6352,5632,5992,6006,0,6056,0,0,0,2017-04-21,32474000,6080,1,0,0,0,0,0,0,0,0,6088,4,0,0,0,0,0,0,0,0
113,2017-04-21,09:01:14,0,SM705,XZCE,6080,6032,6114,904,27498140,16226,16310,6352,5632,5992,6006,0,6056,0,0,0,2017-04-21,32474000,6082,1,0,0,0,0,0,0,0,0,6088,4,0,0,0,0,0,0,0,0
114,2017-04-21,09:01:17,0,SM705,XZCE,6080,6032,6114,904,27498140,16226,16310,6352,5632,5992,6006,0,6056,0,0,0,2017-04-21,32477000,6082,1,0,0,0,0,0,0,0,0,6086,1,0,0,0,0,0,0,0,0
115,2017-04-21,09:01:18,0,SM705,XZCE,6080,6032,6114,904,27498140,16226,16310,6352,5632,5992,6006,0,6056,0,0,0,2017-04-21,32478000,6082,1,0,0,0,0,0,0,0,0,6086,2,0,0,0,0,0,0,0,0
116,2017-04-21,09:01:18,0,SM705,XZCE,6080,6032,6114,904,27498140,16226,16310,6352,5632,5992,6006,0,6056,0,0,0,2017-04-21,32478000,6082,1,0,0,0,0,0,0,0,0,6086,1,0,0,0,0,0,0,0,0
117,2017-04-21,09:01:19,0,SM705,XZCE,6080,6032,6114,904,27498140,16226,16310,6352,5632,5992,6006,0,6056,0,0,0,2017-04-21,32479000,6082,1,0,0,0,0,0,0,0,0,6084,1,0,0,0,0,0,0,0,0
118,2017-04-21,09:01:20,0,SM705,XZCE,6084,6032,6114,906,27558980,16226,16310,6352,5632,5992,6006,0,6056,0,0,0,2017-04-21,32480000,6084,4,0,0,0,0,0,0,0,0,6092,3,0,0,0,0,0,0,0,0
119,2017-04-21,09:01:21,0,SM705,XZCE,6084,6032,6114,906,27558980,16226,16310,6352,5632,5992,6006,0,6056,0,0,0,2017-04-21,32481000,6084,4,0,0,0,0,0,0,0,0,6090,3,0,0,0,0,0,0,0,0
120,2017-04-21,09:01:24,0,SM705,XZCE,6090,6032,6114,908,27619880,16226,16310,6352,5632,5992,6006,0,6056,0,0,0,2017-04-21,32484000,6084,4,0,0,0,0,0,0,0,0,6090,2,0,0,0,0,0,0,0,0
121,2017-04-21,09:01:24,0,SM705,XZCE,6092,6032,6114,914,27802640,16222,16310,6352,5632,5992,6006,0,6056,0,0,0,2017-04-21,32484000,6084,4,0,0,0,0,0,0,0,0,6092,2,0,0,0,0,0,0,0,0
122,2017-04-21,09:01:25,0,SM705,XZCE,6092,6032,6114,914,27802640,16222,16310,6352,5632,5992,6006,0,6056,0,0,0,2017-04-21,32485000,6086,8,0,0,0,0,0,0,0,0,6092,2,0,0,0,0,0,0,0,0
123,2017-04-21,09:01:27,0,SM705,XZCE,6092,6032,6114,914,27802640,16222,16310,6352,5632,5992,6006,0,6056,0,0,0,2017-04-21,32487000,6086,4,0,0,0,0,0,0,0,0,6092,2,0,0,0,0,0,0,0,0
124,2017-04-21,09:01:27,0,SM705,XZCE,6092,6032,6114,916,27863560,16222,16310,6352,5632,5992,6006,0,6056,0,0,0,2017-04-21,32487000,6086,4,0,0,0,0,0,0,0,0,6092,1,0,0,0,0,0,0,0,0
125,2017-04-21,09:01:31,0,SM705,XZCE,6092,6032,6114,918,27924480,16220,16310,6352,5632,5992,6006,0,6056,0,0,0,2017-04-21,32491000,6086,4,0,0,0,0,0,0,0,0,6094,4,0,0,0,0,0,0,0,0
126,2017-04-21,09:01:32,0,SM705,XZCE,6092,6032,6114,918,27924480,16220,16310,6352,5632,5992,6006,0,6056,0,0,0,2017-04-21,32492000,6086,4,0,0,0,0,0,0,0,0,6094,6,0,0,0,0,0,0,0,0
127,2017-04-21,09:01:32,0,SM705,XZCE,6092,6032,6114,918,27924480,16220,16310,6352,5632,5992,6006,0,6056,0,0,0,2017-04-21,32492000,6092,1,0,0,0,0,0,0,0,0,6094,6,0,0,0,0,0,0,0,0
128,2017-04-21,09:01:33,0,SM705,XZCE,6092,6032,6114,920,27985400,16220,16310,6352,5632,5992,6006,0,6056,0,0,0,2017-04-21,32493000,6086,4,0,0,0,0,0,0,0,0,6094,1,0,0,0,0,0,0,0,0
129,2017-04-21,09:01:33,0,SM705,XZCE,6084,6032,6114,934,28411280,16214,16310,6352,5632,5992,6006,0,6056,0,0,0,2017-04-21,32493000,6084,1,0,0,0,0,0,0,0,0,6092,1,0,0,0,0,0,0,0,0
130,2017-04-21,09:01:34,0,SM705,XZCE,6084,6032,6114,934,28411280,16214,16310,6352,5632,5992,6006,0,6056,0,0,0,2017-04-21,32494000,6084,1,0,0,0,0,0,0,0,0,6092,5,0,0,0,0,0,0,0,0
131,2017-04-21,09:01:35,0,SM705,XZCE,6084,6032,6114,934,28411280,16214,16310,6352,5632,5992,6006,0,6056,0,0,0,2017-04-21,32495000,6084,1,0,0,0,0,0,0,0,0,6092,6,0,0,0,0,0,0,0,0
132,2017-04-21,09:01:36,0,SM705,XZCE,6082,6032,6114,944,28715380,16218,16310,6352,5632,5992,6006,0,6056,0,0,0,2017-04-21,32496000,6080,1,0,0,0,0,0,0,0,0,6092,6,0,0,0,0,0,0,0,0
133,2017-04-21,09:01:37,0,SM705,XZCE,6082,6032,6114,944,28715380,16218,16310,6352,5632,5992,6006,0,6056,0,0,0,2017-04-21,32497000,6080,2,0,0,0,0,0,0,0,0,6092,6,0,0,0,0,0,0,0,0
134,2017-04-21,09:01:37,0,SM705,XZCE,6082,6032,6114,944,28715380,16218,16310,6352,5632,5992,6006,0,6056,0,0,0,2017-04-21,32497000,6084,1,0,0,0,0,0,0,0,0,6092,6,0,0,0,0,0,0,0,0
135,2017-04-21,09:01:38,0,SM705,XZCE,6084,6032,6114,946,28776220,16218,16310,6352,5632,5992,6006,0,6056,0,0,0,2017-04-21,32498000,6082,1,0,0,0,0,0,0,0,0,6092,2,0,0,0,0,0,0,0,0
136,2017-04-21,09:01:40,0,SM705,XZCE,6092,6032,6114,948,28837140,16216,16310,6352,5632,5992,6006,0,6056,0,0,0,2017-04-21,32500000,6082,1,0,0,0,0,0,0,0,0,6092,1,0,0,0,0,0,0,0,0
137,2017-04-21,09:01:41,0,SM705,XZCE,6092,6032,6114,948,28837140,16216,16310,6352,5632,5992,6006,0,6056,0,0,0,2017-04-21,32501000,6080,3,0,0,0,0,0,0,0,0,6092,1,0,0,0,0,0,0,0,0
138,2017-04-21,09:01:42,0,SM705,XZCE,6092,6032,6114,948,28837140,16216,16310,6352,5632,5992,6006,0,6056,0,0,0,2017-04-21,32502000,6080,2,0,0,0,0,0,0,0,0,6092,5,0,0,0,0,0,0,0,0
139,2017-04-21,09:01:43,0,SM705,XZCE,6080,6032,6114,962,29262740,16216,16310,6352,5632,5992,6006,0,6056,0,0,0,2017-04-21,32503000,6080,4,0,0,0,0,0,0,0,0,6092,5,0,0,0,0,0,0,0,0
140,2017-04-21,09:01:45,0,SM705,XZCE,6080,6032,6114,962,29262740,16216,16310,6352,5632,5992,6006,0,6056,0,0,0,2017-04-21,32505000,6082,1,0,0,0,0,0,0,0,0,6092,5,0,0,0,0,0,0,0,0
141,2017-04-21,09:01:48,0,SM705,XZCE,6080,6032,6114,962,29262740,16216,16310,6352,5632,5992,6006,0,6056,0,0,0,2017-04-21,32508000,6082,1,0,0,0,0,0,0,0,0,6092,6,0,0,0,0,0,0,0,0
142,2017-04-21,09:01:50,0,SM705,XZCE,6080,6032,6114,962,29262740,16216,16310,6352,5632,5992,6006,0,6056,0,0,0,2017-04-21,32510000,6082,1,0,0,0,0,0,0,0,0,6092,7,0,0,0,0,0,0,0,0
143,2017-04-21,09:01:50,0,SM705,XZCE,6092,6032,6114,966,29384580,16212,16310,6352,5632,5992,6006,0,6056,0,0,0,2017-04-21,32510000,6082,1,0,0,0,0,0,0,0,0,6092,4,0,0,0,0,0,0,0,0
144,2017-04-21,09:01:51,0,SM705,XZCE,6082,6032,6114,968,29445400,16210,16310,6352,5632,5992,6006,0,6056,0,0,0,2017-04-21,32511000,6080,4,0,0,0,0,0,0,0,0,6092,4,0,0,0,0,0,0,0,0
145,2017-04-21,09:01:51,0,SM705,XZCE,6082,6032,6114,968,29445400,16210,16310,6352,5632,5992,6006,0,6056,0,0,0,2017-04-21,32511000,6080,7,0,0,0,0,0,0,0,0,6092,4,0,0,0,0,0,0,0,0
146,2017-04-21,09:01:52,0,SM705,XZCE,6084,6032,6114,970,29506240,16210,16310,6352,5632,5992,6006,0,6056,0,0,0,2017-04-21,32512000,6082,5,0,0,0,0,0,0,0,0,6092,4,0,0,0,0,0,0,0,0
147,2017-04-21,09:01:53,0,SM705,XZCE,6092,6032,6114,978,29749920,16204,16310,6352,5632,5992,6006,0,6056,0,0,0,2017-04-21,32513000,6092,12,0,0,0,0,0,0,0,0,6096,2,0,0,0,0,0,0,0,0
148,2017-04-21,09:01:54,0,SM705,XZCE,6104,6032,6114,1002,30482400,16190,16310,6352,5632,5992,6006,0,6056,0,0,0,2017-04-21,32514000,6092,12,0,0,0,0,0,0,0,0,6106,1,0,0,0,0,0,0,0,0
149,2017-04-21,09:01:55,0,SM705,XZCE,6104,6032,6114,1002,30482400,16190,16310,6352,5632,5992,6006,0,6056,0,0,0,2017-04-21,32515000,6094,8,0,0,0,0,0,0,0,0,6106,1,0,0,0,0,0,0,0,0
150,2017-04-21,09:01:57,0,SM705,XZCE,6104,6032,6114,1002,30482400,16190,16310,6352,5632,5992,6006,0,6056,0,0,0,2017-04-21,32517000,6096,4,0,0,0,0,0,0,0,0,6106,1,0,0,0,0,0,0,0,0
151,2017-04-21,09:02:00,0,SM705,XZCE,6104,6032,6114,1002,30482400,16190,16310,6352,5632,5992,6006,0,6056,0,0,0,2017-04-21,32520000,6096,4,0,0,0,0,0,0,0,0,6106,8,0,0,0,0,0,0,0,0
152,2017-04-21,09:02:00,0,SM705,XZCE,6104,6032,6114,1002,30482400,16190,16310,6352,5632,5992,6006,0,6056,0,0,0,2017-04-21,32520000,6096,4,0,0,0,0,0,0,0,0,6104,1,0,0,0,0,0,0,0,0
153,2017-04-21,09:02:01,0,SM705,XZCE,6104,6032,6114,1002,30482400,16190,16310,6352,5632,5992,6006,0,6056,0,0,0,2017-04-21,32521000,6096,4,0,0,0,0,0,0,0,0,6102,1,0,0,0,0,0,0,0,0
154,2017-04-21,09:02:02,0,SM705,XZCE,6106,6032,6114,1022,31093000,16194,16310,6352,5632,5992,6006,0,6056,0,0,0,2017-04-21,32522000,6096,4,0,0,0,0,0,0,0,0,6108,6,0,0,0,0,0,0,0,0
155,2017-04-21,09:02:03,0,SM705,XZCE,6106,6032,6114,1022,31093000,16194,16310,6352,5632,5992,6006,0,6056,0,0,0,2017-04-21,32523000,6096,4,0,0,0,0,0,0,0,0,6108,7,0,0,0,0,0,0,0,0
156,2017-04-21,09:02:03,0,SM705,XZCE,6106,6032,6114,1022,31093000,16194,16310,6352,5632,5992,6006,0,6056,0,0,0,2017-04-21,32523000,6092,12,0,0,0,0,0,0,0,0,6106,1,0,0,0,0,0,0,0,0
157,2017-04-21,09:02:04,0,SM705,XZCE,6106,6032,6114,1022,31093000,16194,16310,6352,5632,5992,6006,0,6056,0,0,0,2017-04-21,32524000,6092,12,0,0,0,0,0,0,0,0,6104,1,0,0,0,0,0,0,0,0
158,2017-04-21,09:02:05,0,SM705,XZCE,6106,6032,6114,1022,31093000,16194,16310,6352,5632,5992,6006,0,6056,0,0,0,2017-04-21,32525000,6092,12,0,0,0,0,0,0,0,0,6102,1,0,0,0,0,0,0,0,0
159,2017-04-21,09:02:06,0,SM705,XZCE,6106,6032,6114,1022,31093000,16194,16310,6352,5632,5992,6006,0,6056,0,0,0,2017-04-21,32526000,6092,12,0,0,0,0,0,0,0,0,6104,1,0,0,0,0,0,0,0,0
160,2017-04-21,09:02:07,0,SM705,XZCE,6108,6032,6114,1024,31154080,16194,16310,6352,5632,5992,6006,0,6056,0,0,0,2017-04-21,32527000,6094,4,0,0,0,0,0,0,0,0,6104,1,0,0,0,0,0,0,0,0
161,2017-04-21,09:02:07,0,SM705,XZCE,6108,6032,6114,1024,31154080,16194,16310,6352,5632,5992,6006,0,6056,0,0,0,2017-04-21,32527000,6094,7,0,0,0,0,0,0,0,0,6106,1,0,0,0,0,0,0,0,0
162,2017-04-21,09:02:08,0,SM705,XZCE,6108,6032,6114,1024,31154080,16194,16310,6352,5632,5992,6006,0,6056,0,0,0,2017-04-21,32528000,6096,4,0,0,0,0,0,0,0,0,6108,6,0,0,0,0,0,0,0,0
163,2017-04-21,09:02:09,0,SM705,XZCE,6108,6032,6114,1024,31154080,16194,16310,6352,5632,5992,6006,0,6056,0,0,0,2017-04-21,32529000,6096,4,0,0,0,0,0,0,0,0,6106,1,0,0,0,0,0,0,0,0
164,2017-04-21,09:02:10,0,SM705,XZCE,6108,6032,6114,1024,31154080,16194,16310,6352,5632,5992,6006,0,6056,0,0,0,2017-04-21,32530000,6100,4,0,0,0,0,0,0,0,0,6106,1,0,0,0,0,0,0,0,0
165,2017-04-21,09:02:11,0,SM705,XZCE,6108,6032,6114,1024,31154080,16194,16310,6352,5632,5992,6006,0,6056,0,0,0,2017-04-21,32531000,6102,4,0,0,0,0,0,0,0,0,6106,3,0,0,0,0,0,0,0,0
166,2017-04-21,09:02:11,0,SM705,XZCE,6108,6032,6114,1024,31154080,16194,16310,6352,5632,5992,6006,0,6056,0,0,0,2017-04-21,32531000,6102,4,0,0,0,0,0,0,0,0,6104,1,0,0,0,0,0,0,0,0
167,2017-04-21,09:02:12,0,SM705,XZCE,6102,6032,6114,1026,31215100,16196,16310,6352,5632,5992,6006,0,6056,0,0,0,2017-04-21,32532000,6102,3,0,0,0,0,0,0,0,0,6106,7,0,0,0,0,0,0,0,0
168,2017-04-21,09:02:12,0,SM705,XZCE,6102,6032,6114,1030,31337140,16194,16310,6352,5632,5992,6006,0,6056,0,0,0,2017-04-21,32532000,6102,1,0,0,0,0,0,0,0,0,6106,3,0,0,0,0,0,0,0,0
169,2017-04-21,09:02:13,0,SM705,XZCE,6102,6032,6114,1034,31459180,16192,16310,6352,5632,5992,6006,0,6056,0,0,0,2017-04-21,32533000,6098,20,0,0,0,0,0,0,0,0,6106,5,0,0,0,0,0,0,0,0
170,2017-04-21,09:02:13,0,SM705,XZCE,6102,6032,6114,1036,31520200,16192,16310,6352,5632,5992,6006,0,6056,0,0,0,2017-04-21,32533000,6100,4,0,0,0,0,0,0,0,0,6106,4,0,0,0,0,0,0,0,0
171,2017-04-21,09:02:14,0,SM705,XZCE,6102,6032,6114,1036,31520200,16192,16310,6352,5632,5992,6006,0,6056,0,0,0,2017-04-21,32534000,6100,4,0,0,0,0,0,0,0,0,6106,6,0,0,0,0,0,0,0,0
172,2017-04-21,09:02:14,0,SM705,XZCE,6102,6032,6114,1036,31520200,16192,16310,6352,5632,5992,6006,0,6056,0,0,0,2017-04-21,32534000,6100,4,0,0,0,0,0,0,0,0,6106,9,0,0,0,0,0,0,0,0
173,2017-04-21,09:02:15,0,SM705,XZCE,6106,6032,6114,1046,31825500,16190,16310,6352,5632,5992,6006,0,6056,0,0,0,2017-04-21,32535000,6098,20,0,0,0,0,0,0,0,0,6104,1,0,0,0,0,0,0,0,0
174,2017-04-21,09:02:15,0,SM705,XZCE,6106,6032,6114,1050,31947620,16192,16310,6352,5632,5992,6006,0,6056,0,0,0,2017-04-21,32535000,6098,20,0,0,0,0,0,0,0,0,6106,8,0,0,0,0,0,0,0,0
175,2017-04-21,09:02:16,0,SM705,XZCE,6106,6032,6114,1050,31947620,16192,16310,6352,5632,5992,6006,0,6056,0,0,0,2017-04-21,32536000,6098,20,0,0,0,0,0,0,0,0,6100,4,0,0,0,0,0,0,0,0
176,2017-04-21,09:02:16,0,SM705,XZCE,6102,6032,6114,1074,32679860,16200,16310,6352,5632,5992,6006,0,6056,0,0,0,2017-04-21,32536000,6102,9,0,0,0,0,0,0,0,0,6104,1,0,0,0,0,0,0,0,0
177,2017-04-21,09:02:17,0,SM705,XZCE,6104,6032,6114,1082,32924020,16208,16310,6352,5632,5992,6006,0,6056,0,0,0,2017-04-21,32537000,6100,3,0,0,0,0,0,0,0,0,6104,1,0,0,0,0,0,0,0,0
178,2017-04-21,09:02:17,0,SM705,XZCE,6104,6032,6114,1082,32924020,16208,16310,6352,5632,5992,6006,0,6056,0,0,0,2017-04-21,32537000,6100,3,0,0,0,0,0,0,0,0,6102,1,0,0,0,0,0,0,0,0
179,2017-04-21,09:02:18,0,SM705,XZCE,6102,6032,6114,1084,32985040,16210,16310,6352,5632,5992,6006,0,6056,0,0,0,2017-04-21,32538000,6100,3,0,0,0,0,0,0,0,0,6104,5,0,0,0,0,0,0,0,0
180,2017-04-21,09:02:18,0,SM705,XZCE,6100,6032,6114,1090,33168040,16216,16310,6352,5632,5992,6006,0,6056,0,0,0,2017-04-21,32538000,6098,17,0,0,0,0,0,0,0,0,6100,2,0,0,0,0,0,0,0,0
181,2017-04-21,09:02:19,0,SM705,XZCE,6098,6032,6114,1092,33229020,16218,16310,6352,5632,5992,6006,0,6056,0,0,0,2017-04-21,32539000,6098,16,0,0,0,0,0,0,0,0,6100,4,0,0,0,0,0,0,0,0
182,2017-04-21,09:02:19,0,SM705,XZCE,6100,6032,6114,1098,33412020,16218,16310,6352,5632,5992,6006,0,6056,0,0,0,2017-04-21,32539000,6098,16,0,0,0,0,0,0,0,0,6100,1,0,0,0,0,0,0,0,0
183,2017-04-21,09:02:24,0,SM705,XZCE,6100,6032,6114,1100,33473020,16216,16310,6352,5632,5992,6006,0,6056,0,0,0,2017-04-21,32544000,6100,11,0,0,0,0,0,0,0,0,6104,5,0,0,0,0,0,0,0,0
184,2017-04-21,09:02:24,0,SM705,XZCE,6100,6032,6114,1106,33656020,16216,16310,6352,5632,5992,6006,0,6056,0,0,0,2017-04-21,32544000,6100,9,0,0,0,0,0,0,0,0,6104,5,0,0,0,0,0,0,0,0
185,2017-04-21,09:02:25,0,SM705,XZCE,6100,6032,6114,1106,33656020,16216,16310,6352,5632,5992,6006,0,6056,0,0,0,2017-04-21,32545000,6102,4,0,0,0,0,0,0,0,0,6104,5,0,0,0,0,0,0,0,0
186,2017-04-21,09:02:25,0,SM705,XZCE,6106,6032,6114,1122,34144500,16214,16310,6352,5632,5992,6006,0,6056,0,0,0,2017-04-21,32545000,6106,1,0,0,0,0,0,0,0,0,6108,8,0,0,0,0,0,0,0,0
187,2017-04-21,09:02:26,0,SM705,XZCE,6106,6032,6114,1122,34144500,16214,16310,6352,5632,5992,6006,0,6056,0,0,0,2017-04-21,32546000,6100,9,0,0,0,0,0,0,0,0,6108,9,0,0,0,0,0,0,0,0
188,2017-04-21,09:02:26,0,SM705,XZCE,6106,6032,6114,1122,34144500,16214,16310,6352,5632,5992,6006,0,6056,0,0,0,2017-04-21,32546000,6100,13,0,0,0,0,0,0,0,0,6104,1,0,0,0,0,0,0,0,0
189,2017-04-21,09:02:28,0,SM705,XZCE,6106,6032,6114,1122,34144500,16214,16310,6352,5632,5992,6006,0,6056,0,0,0,2017-04-21,32548000,6100,13,0,0,0,0,0,0,0,0,6102,1,0,0,0,0,0,0,0,0
190,2017-04-21,09:02:29,0,SM705,XZCE,6100,6032,6114,1124,34205500,16214,16310,6352,5632,5992,6006,0,6056,0,0,0,2017-04-21,32549000,6100,12,0,0,0,0,0,0,0,0,6104,2,0,0,0,0,0,0,0,0
191,2017-04-21,09:02:30,0,SM705,XZCE,6100,6032,6114,1124,34205500,16214,16310,6352,5632,5992,6006,0,6056,0,0,0,2017-04-21,32550000,6100,13,0,0,0,0,0,0,0,0,6104,2,0,0,0,0,0,0,0,0
192,2017-04-21,09:02:31,0,SM705,XZCE,6100,6032,6114,1124,34205500,16214,16310,6352,5632,5992,6006,0,6056,0,0,0,2017-04-21,32551000,6100,13,0,0,0,0,0,0,0,0,6104,1,0,0,0,0,0,0,0,0
193,2017-04-21,09:02:31,0,SM705,XZCE,6100,6032,6114,1124,34205500,16214,16310,6352,5632,5992,6006,0,6056,0,0,0,2017-04-21,32551000,6100,13,0,0,0,0,0,0,0,0,6104,2,0,0,0,0,0,0,0,0
194,2017-04-21,09:02:32,0,SM705,XZCE,6102,6032,6114,1126,34266520,16214,16310,6352,5632,5992,6006,0,6056,0,0,0,2017-04-21,32552000,6100,13,0,0,0,0,0,0,0,0,6104,1,0,0,0,0,0,0,0,0
195,2017-04-21,09:02:33,0,SM705,XZCE,6102,6032,6114,1126,34266520,16214,16310,6352,5632,5992,6006,0,6056,0,0,0,2017-04-21,32553000,6100,24,0,0,0,0,0,0,0,0,6104,1,0,0,0,0,0,0,0,0
196,2017-04-21,09:02:33,0,SM705,XZCE,6100,6032,6114,1130,34388520,16210,16310,6352,5632,5992,6006,0,6056,0,0,0,2017-04-21,32553000,6100,22,0,0,0,0,0,0,0,0,6104,1,0,0,0,0,0,0,0,0
197,2017-04-21,09:02:33,0,SM705,XZCE,6100,6032,6114,1130,34388520,16210,16310,6352,5632,5992,6006,0,6056,0,0,0,2017-04-21,32553000,6100,22,0,0,0,0,0,0,0,0,6104,6,0,0,0,0,0,0,0,0
198,2017-04-21,09:02:34,0,SM705,XZCE,6100,6032,6114,1130,34388520,16210,16310,6352,5632,5992,6006,0,6056,0,0,0,2017-04-21,32554000,6102,4,0,0,0,0,0,0,0,0,6104,6,0,0,0,0,0,0,0,0
199,2017-04-21,09:02:35,0,SM705,XZCE,6100,6032,6114,1136,34571520,16212,16310,6352,5632,5992,6006,0,6056,0,0,0,2017-04-21,32555000,6102,1,0,0,0,0,0,0,0,0,6104,6,0,0,0,0,0,0,0,0
200,2017-04-21,09:02:36,0,SM705,XZCE,6100,6032,6114,1136,34571520,16212,16310,6352,5632,5992,6006,0,6056,0,0,0,2017-04-21,32556000,6102,2,0,0,0,0,0,0,0,0,6104,6,0,0,0,0,0,0,0,0
201,2017-04-21,09:02:37,0,SM705,XZCE,6102,6032,6114,1138,34632540,16214,16310,6352,5632,5992,6006,0,6056,0,0,0,2017-04-21,32557000,6102,1,0,0,0,0,0,0,0,0,6104,6,0,0,0,0,0,0,0,0
202,2017-04-21,09:02:38,0,SM705,XZCE,6102,6032,6114,1138,34632540,16214,16310,6352,5632,5992,6006,0,6056,0,0,0,2017-04-21,32558000,6100,17,0,0,0,0,0,0,0,0,6104,6,0,0,0,0,0,0,0,0
203,2017-04-21,09:02:40,0,SM705,XZCE,6102,6032,6114,1138,34632540,16214,16310,6352,5632,5992,6006,0,6056,0,0,0,2017-04-21,32560000,6102,1,0,0,0,0,0,0,0,0,6104,6,0,0,0,0,0,0,0,0
204,2017-04-21,09:02:42,0,SM705,XZCE,6104,6032,6114,1140,34693580,16216,16310,6352,5632,5992,6006,0,6056,0,0,0,2017-04-21,32562000,6102,1,0,0,0,0,0,0,0,0,6104,7,0,0,0,0,0,0,0,0
205,2017-04-21,09:02:43,0,SM705,XZCE,6104,6032,6114,1140,34693580,16216,16310,6352,5632,5992,6006,0,6056,0,0,0,2017-04-21,32563000,6102,1,0,0,0,0,0,0,0,0,6104,5,0,0,0,0,0,0,0,0
206,2017-04-21,09:02:45,0,SM705,XZCE,6104,6032,6114,1150,34998780,16210,16310,6352,5632,5992,6006,0,6056,0,0,0,2017-04-21,32565000,6100,19,0,0,0,0,0,0,0,0,6104,1,0,0,0,0,0,0,0,0
207,2017-04-21,09:02:46,0,SM705,XZCE,6106,6032,6114,1154,35120900,16210,16310,6352,5632,5992,6006,0,6056,0,0,0,2017-04-21,32566000,6104,2,0,0,0,0,0,0,0,0,6108,8,0,0,0,0,0,0,0,0
208,2017-04-21,09:02:46,0,SM705,XZCE,6110,6032,6114,1184,36037400,16200,16310,6352,5632,5992,6006,0,6056,0,0,0,2017-04-21,32566000,6106,1,0,0,0,0,0,0,0,0,6114,10,0,0,0,0,0,0,0,0
209,2017-04-21,09:02:47,0,SM705,XZCE,6110,6032,6114,1184,36037400,16200,16310,6352,5632,5992,6006,0,6056,0,0,0,2017-04-21,32567000,6104,9,0,0,0,0,0,0,0,0,6112,2,0,0,0,0,0,0,0,0
210,2017-04-21,09:02:47,0,SM705,XZCE,6114,6032,6114,1196,36404240,16202,16310,6352,5632,5992,6006,0,6056,0,0,0,2017-04-21,32567000,6112,2,0,0,0,0,0,0,0,0,6114,6,0,0,0,0,0,0,0,0
211,2017-04-21,09:02:48,0,SM705,XZCE,6114,6032,6114,1196,36404240,16202,16310,6352,5632,5992,6006,0,6056,0,0,0,2017-04-21,32568000,6112,2,0,0,0,0,0,0,0,0,6114,10,0,0,0,0,0,0,0,0
212,2017-04-21,09:02:48,0,SM705,XZCE,6114,6032,6114,1216,37015640,16182,16310,6352,5632,5992,6006,0,6056,0,0,0,2017-04-21,32568000,6112,2,0,0,0,0,0,0,0,0,6120,7,0,0,0,0,0,0,0,0
213,2017-04-21,09:02:49,0,SM705,XZCE,6112,6032,6114,1218,37076760,16184,16310,6352,5632,5992,6006,0,6056,0,0,0,2017-04-21,32569000,6112,1,0,0,0,0,0,0,0,0,6114,1,0,0,0,0,0,0,0,0
214,2017-04-21,09:02:50,0,SM705,XZCE,6102,6032,6114,1310,39883680,16164,16310,6352,5632,5992,6006,0,6056,0,0,0,2017-04-21,32570000,6100,8,0,0,0,0,0,0,0,0,6102,4,0,0,0,0,0,0,0,0
215,2017-04-21,09:02:50,0,SM705,XZCE,6102,6032,6114,1314,40005720,16162,16310,6352,5632,5992,6006,0,6056,0,0,0,2017-04-21,32570000,6100,8,0,0,0,0,0,0,0,0,6102,2,0,0,0,0,0,0,0,0
216,2017-04-21,09:02:51,0,SM705,XZCE,6100,6032,6114,1316,40066720,16162,16310,6352,5632,5992,6006,0,6056,0,0,0,2017-04-21,32571000,6100,7,0,0,0,0,0,0,0,0,6102,2,0,0,0,0,0,0,0,0
217,2017-04-21,09:02:51,0,SM705,XZCE,6102,6032,6114,1320,40188760,16158,16310,6352,5632,5992,6006,0,6056,0,0,0,2017-04-21,32571000,6100,7,0,0,0,0,0,0,0,0,6112,3,0,0,0,0,0,0,0,0
218,2017-04-21,09:02:52,0,SM705,XZCE,6102,6032,6114,1320,40188760,16158,16310,6352,5632,5992,6006,0,6056,0,0,0,2017-04-21,32572000,6100,7,0,0,0,0,0,0,0,0,6110,12,0,0,0,0,0,0,0,0
219,2017-04-21,09:02:53,0,SM705,XZCE,6102,6032,6114,1320,40188760,16158,16310,6352,5632,5992,6006,0,6056,0,0,0,2017-04-21,32573000,6102,3,0,0,0,0,0,0,0,0,6108,4,0,0,0,0,0,0,0,0
220,2017-04-21,09:02:53,0,SM705,XZCE,6102,6032,6114,1320,40188760,16158,16310,6352,5632,5992,6006,0,6056,0,0,0,2017-04-21,32573000,6104,1,0,0,0,0,0,0,0,0,6108,8,0,0,0,0,0,0,0,0
221,2017-04-21,09:02:54,0,SM705,XZCE,6102,6032,6114,1320,40188760,16158,16310,6352,5632,5992,6006,0,6056,0,0,0,2017-04-21,32574000,6104,1,0,0,0,0,0,0,0,0,6106,4,0,0,0,0,0,0,0,0
222,2017-04-21,09:02:55,0,SM705,XZCE,6106,6032,6114,1322,40249820,16156,16310,6352,5632,5992,6006,0,6056,0,0,0,2017-04-21,32575000,6104,1,0,0,0,0,0,0,0,0,6106,5,0,0,0,0,0,0,0,0
223,2017-04-21,09:02:56,0,SM705,XZCE,6104,6032,6114,1324,40310860,16156,16310,6352,5632,5992,6006,0,6056,0,0,0,2017-04-21,32576000,6102,5,0,0,0,0,0,0,0,0,6104,3,0,0,0,0,0,0,0,0
224,2017-04-21,09:02:57,0,SM705,XZCE,6104,6032,6114,1324,40310860,16156,16310,6352,5632,5992,6006,0,6056,0,0,0,2017-04-21,32577000,6102,5,0,0,0,0,0,0,0,0,6106,2,0,0,0,0,0,0,0,0
225,2017-04-21,09:02:57,0,SM705,XZCE,6104,6032,6114,1324,40310860,16156,16310,6352,5632,5992,6006,0,6056,0,0,0,2017-04-21,32577000,6102,5,0,0,0,0,0,0,0,0,6110,1,0,0,0,0,0,0,0,0
226,2017-04-21,09:02:58,0,SM705,XZCE,6104,6032,6114,1324,40310860,16156,16310,6352,5632,5992,6006,0,6056,0,0,0,2017-04-21,32578000,6102,5,0,0,0,0,0,0,0,0,6108,3,0,0,0,0,0,0,0,0
227,2017-04-21,09:02:58,0,SM705,XZCE,6104,6032,6114,1324,40310860,16156,16310,6352,5632,5992,6006,0,6056,0,0,0,2017-04-21,32578000,6104,1,0,0,0,0,0,0,0,0,6108,3,0,0,0,0,0,0,0,0
228,2017-04-21,09:03:00,0,SM705,XZCE,6104,6032,6114,1324,40310860,16156,16310,6352,5632,5992,6006,0,6056,0,0,0,2017-04-21,32580000,6104,2,0,0,0,0,0,0,0,0,6108,3,0,0,0,0,0,0,0,0
229,2017-04-21,09:03:01,0,SM705,XZCE,6104,6032,6114,1330,40493980,16152,16310,6352,5632,5992,6006,0,6056,0,0,0,2017-04-21,32581000,6102,6,0,0,0,0,0,0,0,0,6104,2,0,0,0,0,0,0,0,0
230,2017-04-21,09:03:02,0,SM705,XZCE,6104,6032,6114,1330,40493980,16152,16310,6352,5632,5992,6006,0,6056,0,0,0,2017-04-21,32582000,6102,6,0,0,0,0,0,0,0,0,6104,3,0,0,0,0,0,0,0,0
231,2017-04-21,09:03:03,0,SM705,XZCE,6104,6032,6114,1336,40677100,16154,16310,6352,5632,5992,6006,0,6056,0,0,0,2017-04-21,32583000,6102,6,0,0,0,0,0,0,0,0,6108,3,0,0,0,0,0,0,0,0
232,2017-04-21,09:03:04,0,SM705,XZCE,6102,6032,6114,1338,40738120,16154,16310,6352,5632,5992,6006,0,6056,0,0,0,2017-04-21,32584000,6102,3,0,0,0,0,0,0,0,0,6108,3,0,0,0,0,0,0,0,0
233,2017-04-21,09:03:05,0,SM705,XZCE,6102,6032,6114,1340,40799140,16156,16310,6352,5632,5992,6006,0,6056,0,0,0,2017-04-21,32585000,6102,2,0,0,0,0,0,0,0,0,6108,3,0,0,0,0,0,0,0,0
234,2017-04-21,09:03:05,0,SM705,XZCE,6102,6032,6114,1340,40799140,16156,16310,6352,5632,5992,6006,0,6056,0,0,0,2017-04-21,32585000,6102,2,0,0,0,0,0,0,0,0,6106,1,0,0,0,0,0,0,0,0
235,2017-04-21,09:03:07,0,SM705,XZCE,6102,6032,6114,1340,40799140,16156,16310,6352,5632,5992,6006,0,6056,0,0,0,2017-04-21,32587000,6102,2,0,0,0,0,0,0,0,0,6104,3,0,0,0,0,0,0,0,0
236,2017-04-21,09:03:08,0,SM705,XZCE,6104,6032,6114,1344,40921220,16156,16310,6352,5632,5992,6006,0,6056,0,0,0,2017-04-21,32588000,6102,2,0,0,0,0,0,0,0,0,6104,1,0,0,0,0,0,0,0,0
237,2017-04-21,09:03:09,0,SM705,XZCE,6102,6032,6114,1348,41043260,16156,16310,6352,5632,5992,6006,0,6056,0,0,0,2017-04-21,32589000,6100,14,0,0,0,0,0,0,0,0,6102,3,0,0,0,0,0,0,0,0
238,2017-04-21,09:03:09,0,SM705,XZCE,6102,6032,6114,1348,41043260,16156,16310,6352,5632,5992,6006,0,6056,0,0,0,2017-04-21,32589000,6100,14,0,0,0,0,0,0,0,0,6102,4,0,0,0,0,0,0,0,0
239,2017-04-21,09:03:10,0,SM705,XZCE,6102,6032,6114,1350,41104280,16154,16310,6352,5632,5992,6006,0,6056,0,0,0,2017-04-21,32590000,6100,14,0,0,0,0,0,0,0,0,6102,3,0,0,0,0,0,0,0,0
240,2017-04-21,09:03:11,0,SM705,XZCE,6102,6032,6114,1350,41104280,16154,16310,6352,5632,5992,6006,0,6056,0,0,0,2017-04-21,32591000,6100,13,0,0,0,0,0,0,0,0,6102,3,0,0,0,0,0,0,0,0
241,2017-04-21,09:03:12,0,SM705,XZCE,6102,6032,6114,1354,41226320,16156,16310,6352,5632,5992,6006,0,6056,0,0,0,2017-04-21,32592000,6100,13,0,0,0,0,0,0,0,0,6102,1,0,0,0,0,0,0,0,0
242,2017-04-21,09:03:13,0,SM705,XZCE,6102,6032,6114,1362,41470400,16152,16310,6352,5632,5992,6006,0,6056,0,0,0,2017-04-21,32593000,6100,10,0,0,0,0,0,0,0,0,6104,2,0,0,0,0,0,0,0,0
243,2017-04-21,09:03:15,0,SM705,XZCE,6100,6032,6114,1364,41531400,16150,16310,6352,5632,5992,6006,0,6056,0,0,0,2017-04-21,32595000,6100,9,0,0,0,0,0,0,0,0,6104,2,0,0,0,0,0,0,0,0
244,2017-04-21,09:03:16,0,SM705,XZCE,6104,6032,6114,1368,41653480,16150,16310,6352,5632,5992,6006,0,6056,0,0,0,2017-04-21,32596000,6100,8,0,0,0,0,0,0,0,0,6104,1,0,0,0,0,0,0,0,0
245,2017-04-21,09:03:18,0,SM705,XZCE,6104,6032,6114,1372,41775560,16146,16310,6352,5632,5992,6006,0,6056,0,0,0,2017-04-21,32598000,6100,8,0,0,0,0,0,0,0,0,6104,2,0,0,0,0,0,0,0,0
246,2017-04-21,09:03:18,0,SM705,XZCE,6100,6032,6114,1374,41836560,16146,16310,6352,5632,5992,6006,0,6056,0,0,0,2017-04-21,32598000,6100,7,0,0,0,0,0,0,0,0,6104,2,0,0,0,0,0,0,0,0
247,2017-04-21,09:03:19,0,SM705,XZCE,6100,6032,6114,1376,41897560,16144,16310,6352,5632,5992,6006,0,6056,0,0,0,2017-04-21,32599000,6100,6,0,0,0,0,0,0,0,0,6104,2,0,0,0,0,0,0,0,0
248,2017-04-21,09:03:19,0,SM705,XZCE,6100,6032,6114,1376,41897560,16144,16310,6352,5632,5992,6006,0,6056,0,0,0,2017-04-21,32599000,6100,6,0,0,0,0,0,0,0,0,6106,3,0,0,0,0,0,0,0,0
249,2017-04-21,09:03:21,0,SM705,XZCE,6100,6032,6114,1376,41897560,16144,16310,6352,5632,5992,6006,0,6056,0,0,0,2017-04-21,32601000,6100,6,0,0,0,0,0,0,0,0,6104,2,0,0,0,0,0,0,0,0
250,2017-04-21,09:03:23,0,SM705,XZCE,6100,6032,6114,1388,42263560,16144,16310,6352,5632,5992,6006,0,6056,0,0,0,2017-04-21,32603000,6098,17,0,0,0,0,0,0,0,0,6100,4,0,0,0,0,0,0,0,0
251,2017-04-21,09:03:24,0,SM705,XZCE,6100,6032,6114,1390,42324560,16144,16310,6352,5632,5992,6006,0,6056,0,0,0,2017-04-21,32604000,6098,16,0,0,0,0,0,0,0,0,6100,3,0,0,0,0,0,0,0,0
252,2017-04-21,09:03:26,0,SM705,XZCE,6100,6032,6114,1392,42385560,16144,16310,6352,5632,5992,6006,0,6056,0,0,0,2017-04-21,32606000,6098,16,0,0,0,0,0,0,0,0,6100,2,0,0,0,0,0,0,0,0
253,2017-04-21,09:03:27,0,SM705,XZCE,6100,6032,6114,1398,42568560,16144,16310,6352,5632,5992,6006,0,6056,0,0,0,2017-04-21,32607000,6100,1,0,0,0,0,0,0,0,0,6104,5,0,0,0,0,0,0,0,0
254,2017-04-21,09:03:31,0,SM705,XZCE,6100,6032,6114,1400,42629560,16142,16310,6352,5632,5992,6006,0,6056,0,0,0,2017-04-21,32611000,6098,15,0,0,0,0,0,0,0,0,6100,4,0,0,0,0,0,0,0,0
255,2017-04-21,09:03:33,0,SM705,XZCE,6098,6032,6114,1430,43544260,16172,16310,6352,5632,5992,6006,0,6056,0,0,0,2017-04-21,32613000,6090,4,0,0,0,0,0,0,0,0,6098,12,0,0,0,0,0,0,0,0
256,2017-04-21,09:03:34,0,SM705,XZCE,6098,6032,6114,1430,43544260,16172,16310,6352,5632,5992,6006,0,6056,0,0,0,2017-04-21,32614000,6090,4,0,0,0,0,0,0,0,0,6096,6,0,0,0,0,0,0,0,0
257,2017-04-21,09:03:36,0,SM705,XZCE,6098,6032,6114,1430,43544260,16172,16310,6352,5632,5992,6006,0,6056,0,0,0,2017-04-21,32616000,6090,2,0,0,0,0,0,0,0,0,6096,6,0,0,0,0,0,0,0,0
258,2017-04-21,09:03:36,0,SM705,XZCE,6098,6032,6114,1430,43544260,16172,16310,6352,5632,5992,6006,0,6056,0,0,0,2017-04-21,32616000,6088,4,0,0,0,0,0,0,0,0,6094,10,0,0,0,0,0,0,0,0
259,2017-04-21,09:03:37,0,SM705,XZCE,6098,6032,6114,1430,43544260,16172,16310,6352,5632,5992,6006,0,6056,0,0,0,2017-04-21,32617000,6086,4,0,0,0,0,0,0,0,0,6094,10,0,0,0,0,0,0,0,0
260,2017-04-21,09:03:37,0,SM705,XZCE,6086,6032,6114,1432,43605120,16170,16310,6352,5632,5992,6006,0,6056,0,0,0,2017-04-21,32617000,6084,4,0,0,0,0,0,0,0,0,6086,19,0,0,0,0,0,0,0,0
261,2017-04-21,09:03:38,0,SM705,XZCE,6084,6032,6114,1440,43848480,16162,16310,6352,5632,5992,6006,0,6056,0,0,0,2017-04-21,32618000,6082,1,0,0,0,0,0,0,0,0,6084,4,0,0,0,0,0,0,0,0
262,2017-04-21,09:03:38,0,SM705,XZCE,6082,6032,6114,1442,43909300,16162,16310,6352,5632,5992,6006,0,6056,0,0,0,2017-04-21,32618000,6080,5,0,0,0,0,0,0,0,0,6082,4,0,0,0,0,0,0,0,0
263,2017-04-21,09:03:39,0,SM705,XZCE,6082,6032,6114,1444,43970120,16164,16310,6352,5632,5992,6006,0,6056,0,0,0,2017-04-21,32619000,6080,4,0,0,0,0,0,0,0,0,6082,3,0,0,0,0,0,0,0,0
264,2017-04-21,09:03:39,0,SM705,XZCE,6082,6032,6114,1454,44274220,16168,16310,6352,5632,5992,6006,0,6056,0,0,0,2017-04-21,32619000,6078,5,0,0,0,0,0,0,0,0,6082,2,0,0,0,0,0,0,0,0
265,2017-04-21,09:03:41,0,SM705,XZCE,6082,6032,6114,1462,44517500,16168,16310,6352,5632,5992,6006,0,6056,0,0,0,2017-04-21,32621000,6078,5,0,0,0,0,0,0,0,0,6082,3,0,0,0,0,0,0,0,0
266,2017-04-21,09:03:42,0,SM705,XZCE,6082,6032,6114,1464,44578320,16168,16310,6352,5632,5992,6006,0,6056,0,0,0,2017-04-21,32622000,6078,5,0,0,0,0,0,0,0,0,6082,2,0,0,0,0,0,0,0,0
267,2017-04-21,09:03:43,0,SM705,XZCE,6078,6032,6114,1486,45246900,16160,16310,6352,5632,5992,6006,0,6056,0,0,0,2017-04-21,32623000,6076,3,0,0,0,0,0,0,0,0,6078,7,0,0,0,0,0,0,0,0
268,2017-04-21,09:03:44,0,SM705,XZCE,6076,6032,6114,1492,45429180,16156,16310,6352,5632,5992,6006,0,6056,0,0,0,2017-04-21,32624000,6072,1,0,0,0,0,0,0,0,0,6078,7,0,0,0,0,0,0,0,0
269,2017-04-21,09:03:45,0,SM705,XZCE,6078,6032,6114,1500,45672300,16148,16310,6352,5632,5992,6006,0,6056,0,0,0,2017-04-21,32625000,6072,1,0,0,0,0,0,0,0,0,6078,3,0,0,0,0,0,0,0,0
270,2017-04-21,09:03:47,0,SM705,XZCE,6072,6032,6114,1502,45733020,16148,16310,6352,5632,5992,6006,0,6056,0,0,0,2017-04-21,32627000,6070,4,0,0,0,0,0,0,0,0,6078,3,0,0,0,0,0,0,0,0
271,2017-04-21,09:03:48,0,SM705,XZCE,6072,6032,6114,1504,45793740,16148,16310,6352,5632,5992,6006,0,6056,0,0,0,2017-04-21,32628000,6070,4,0,0,0,0,0,0,0,0,6078,3,0,0,0,0,0,0,0,0
272,2017-04-21,09:03:48,0,SM705,XZCE,6070,6032,6114,1508,45915140,16146,16310,6352,5632,5992,6006,0,6056,0,0,0,2017-04-21,32628000,6070,3,0,0,0,0,0,0,0,0,6078,2,0,0,0,0,0,0,0,0
273,2017-04-21,09:03:49,0,SM705,XZCE,6070,6032,6114,1508,45915140,16146,16310,6352,5632,5992,6006,0,6056,0,0,0,2017-04-21,32629000,6070,2,0,0,0,0,0,0,0,0,6078,2,0,0,0,0,0,0,0,0
274,2017-04-21,09:03:49,0,SM705,XZCE,6078,6032,6114,1512,46036700,16144,16310,6352,5632,5992,6006,0,6056,0,0,0,2017-04-21,32629000,6072,12,0,0,0,0,0,0,0,0,6078,1,0,0,0,0,0,0,0,0
275,2017-04-21,09:03:50,0,SM705,XZCE,6078,6032,6114,1512,46036700,16144,16310,6352,5632,5992,6006,0,6056,0,0,0,2017-04-21,32630000,6076,10,0,0,0,0,0,0,0,0,6080,1,0,0,0,0,0,0,0,0
276,2017-04-21,09:03:50,0,SM705,XZCE,6076,6032,6114,1514,46097460,16142,16310,6352,5632,5992,6006,0,6056,0,0,0,2017-04-21,32630000,6076,9,0,0,0,0,0,0,0,0,6080,1,0,0,0,0,0,0,0,0
277,2017-04-21,09:03:51,0,SM705,XZCE,6080,6032,6114,1516,46158260,16140,16310,6352,5632,5992,6006,0,6056,0,0,0,2017-04-21,32631000,6082,9,0,0,0,0,0,0,0,0,6088,1,0,0,0,0,0,0,0,0
278,2017-04-21,09:03:51,0,SM705,XZCE,6080,6032,6114,1526,46462260,16148,16310,6352,5632,5992,6006,0,6056,0,0,0,2017-04-21,32631000,6082,4,0,0,0,0,0,0,0,0,6088,1,0,0,0,0,0,0,0,0
279,2017-04-21,09:03:52,0,SM705,XZCE,6082,6032,6114,1528,46523080,16148,16310,6352,5632,5992,6006,0,6056,0,0,0,2017-04-21,32632000,6082,3,0,0,0,0,0,0,0,0,6088,1,0,0,0,0,0,0,0,0
280,2017-04-21,09:03:52,0,SM705,XZCE,6082,6032,6114,1528,46523080,16148,16310,6352,5632,5992,6006,0,6056,0,0,0,2017-04-21,32632000,6082,3,0,0,0,0,0,0,0,0,6086,4,0,0,0,0,0,0,0,0
281,2017-04-21,09:03:53,0,SM705,XZCE,6082,6032,6114,1528,46523080,16148,16310,6352,5632,5992,6006,0,6056,0,0,0,2017-04-21,32633000,6082,3,0,0,0,0,0,0,0,0,6088,1,0,0,0,0,0,0,0,0
282,2017-04-21,09:03:54,0,SM705,XZCE,6082,6032,6114,1528,46523080,16148,16310,6352,5632,5992,6006,0,6056,0,0,0,2017-04-21,32634000,6084,4,0,0,0,0,0,0,0,0,6088,1,0,0,0,0,0,0,0,0
283,2017-04-21,09:03:55,0,SM705,XZCE,6086,6032,6114,1530,46583940,16150,16310,6352,5632,5992,6006,0,6056,0,0,0,2017-04-21,32635000,6084,4,0,0,0,0,0,0,0,0,6092,2,0,0,0,0,0,0,0,0
284,2017-04-21,09:03:57,0,SM705,XZCE,6086,6032,6114,1530,46583940,16150,16310,6352,5632,5992,6006,0,6056,0,0,0,2017-04-21,32637000,6084,4,0,0,0,0,0,0,0,0,6096,1,0,0,0,0,0,0,0,0
285,2017-04-21,09:03:57,0,SM705,XZCE,6086,6032,6114,1530,46583940,16150,16310,6352,5632,5992,6006,0,6056,0,0,0,2017-04-21,32637000,6086,4,0,0,0,0,0,0,0,0,6096,1,0,0,0,0,0,0,0,0
286,2017-04-21,09:03:58,0,SM705,XZCE,6086,6032,6114,1530,46583940,16150,16310,6352,5632,5992,6006,0,6056,0,0,0,2017-04-21,32638000,6084,4,0,0,0,0,0,0,0,0,6094,2,0,0,0,0,0,0,0,0
287,2017-04-21,09:03:59,0,SM705,XZCE,6086,6032,6114,1532,46644800,16152,16310,6352,5632,5992,6006,0,6056,0,0,0,2017-04-21,32639000,6084,3,0,0,0,0,0,0,0,0,6094,2,0,0,0,0,0,0,0,0
288,2017-04-21,09:04:00,0,SM705,XZCE,6086,6032,6114,1532,46644800,16152,16310,6352,5632,5992,6006,0,6056,0,0,0,2017-04-21,32640000,6084,3,0,0,0,0,0,0,0,0,6086,4,0,0,0,0,0,0,0,0
289,2017-04-21,09:04:01,0,SM705,XZCE,6086,6032,6114,1540,46888240,16144,16310,6352,5632,5992,6006,0,6056,0,0,0,2017-04-21,32641000,6084,3,0,0,0,0,0,0,0,0,6094,2,0,0,0,0,0,0,0,0
290,2017-04-21,09:04:02,0,SM705,XZCE,6086,6032,6114,1540,46888240,16144,16310,6352,5632,5992,6006,0,6056,0,0,0,2017-04-21,32642000,6086,1,0,0,0,0,0,0,0,0,6094,2,0,0,0,0,0,0,0,0
291,2017-04-21,09:04:05,0,SM705,XZCE,6094,6032,6114,1542,46949180,16144,16310,6352,5632,5992,6006,0,6056,0,0,0,2017-04-21,32645000,6086,1,0,0,0,0,0,0,0,0,6094,1,0,0,0,0,0,0,0,0
292,2017-04-21,09:04:05,0,SM705,XZCE,6094,6032,6114,1542,46949180,16144,16310,6352,5632,5992,6006,0,6056,0,0,0,2017-04-21,32645000,6086,1,0,0,0,0,0,0,0,0,6100,1,0,0,0,0,0,0,0,0
293,2017-04-21,09:04:06,0,SM705,XZCE,6094,6032,6114,1542,46949180,16144,16310,6352,5632,5992,6006,0,6056,0,0,0,2017-04-21,32646000,6086,1,0,0,0,0,0,0,0,0,6100,2,0,0,0,0,0,0,0,0
294,2017-04-21,09:04:06,0,SM705,XZCE,6094,6032,6114,1542,46949180,16144,16310,6352,5632,5992,6006,0,6056,0,0,0,2017-04-21,32646000,6086,1,0,0,0,0,0,0,0,0,6098,1,0,0,0,0,0,0,0,0
295,2017-04-21,09:04:07,0,SM705,XZCE,6094,6032,6114,1542,46949180,16144,16310,6352,5632,5992,6006,0,6056,0,0,0,2017-04-21,32647000,6088,4,0,0,0,0,0,0,0,0,6098,1,0,0,0,0,0,0,0,0
296,2017-04-21,09:04:07,0,SM705,XZCE,6094,6032,6114,1542,46949180,16144,16310,6352,5632,5992,6006,0,6056,0,0,0,2017-04-21,32647000,6090,4,0,0,0,0,0,0,0,0,6098,1,0,0,0,0,0,0,0,0
297,2017-04-21,09:04:09,0,SM705,XZCE,6094,6032,6114,1542,46949180,16144,16310,6352,5632,5992,6006,0,6056,0,0,0,2017-04-21,32649000,6092,4,0,0,0,0,0,0,0,0,6098,1,0,0,0,0,0,0,0,0
298,2017-04-21,09:04:10,0,SM705,XZCE,6098,6032,6114,1548,47132120,16148,16310,6352,5632,5992,6006,0,6056,0,0,0,2017-04-21,32650000,6094,4,0,0,0,0,0,0,0,0,6100,2,0,0,0,0,0,0,0,0
299,2017-04-21,09:04:10,0,SM705,XZCE,6098,6032,6114,1548,47132120,16148,16310,6352,5632,5992,6006,0,6056,0,0,0,2017-04-21,32650000,6092,4,0,0,0,0,0,0,0,0,6100,1,0,0,0,0,0,0,0,0
300,2017-04-21,09:04:12,0,SM705,XZCE,6098,6032,6114,1548,47132120,16148,16310,6352,5632,5992,6006,0,6056,0,0,0,2017-04-21,32652000,6088,4,0,0,0,0,0,0,0,0,6100,1,0,0,0,0,0,0,0,0
301,2017-04-21,09:04:12,0,SM705,XZCE,6098,6032,6114,1548,47132120,16148,16310,6352,5632,5992,6006,0,6056,0,0,0,2017-04-21,32652000,6090,4,0,0,0,0,0,0,0,0,6100,1,0,0,0,0,0,0,0,0
302,2017-04-21,09:04:14,0,SM705,XZCE,6100,6032,6114,1550,47193120,16148,16310,6352,5632,5992,6006,0,6056,0,0,0,2017-04-21,32654000,6090,4,0,0,0,0,0,0,0,0,6102,2,0,0,0,0,0,0,0,0
303,2017-04-21,09:04:15,0,SM705,XZCE,6100,6032,6114,1550,47193120,16148,16310,6352,5632,5992,6006,0,6056,0,0,0,2017-04-21,32655000,6092,4,0,0,0,0,0,0,0,0,6102,2,0,0,0,0,0,0,0,0
304,2017-04-21,09:04:16,0,SM705,XZCE,6100,6032,6114,1552,47254120,16150,16310,6352,5632,5992,6006,0,6056,0,0,0,2017-04-21,32656000,6092,4,0,0,0,0,0,0,0,0,6100,7,0,0,0,0,0,0,0,0
305,2017-04-21,09:04:16,0,SM705,XZCE,6100,6032,6114,1552,47254120,16150,16310,6352,5632,5992,6006,0,6056,0,0,0,2017-04-21,32656000,6094,4,0,0,0,0,0,0,0,0,6096,7,0,0,0,0,0,0,0,0
306,2017-04-21,09:04:17,0,SM705,XZCE,6094,6032,6114,1554,47315060,16152,16310,6352,5632,5992,6006,0,6056,0,0,0,2017-04-21,32657000,6094,3,0,0,0,0,0,0,0,0,6096,7,0,0,0,0,0,0,0,0
307,2017-04-21,09:04:17,0,SM705,XZCE,6094,6032,6114,1556,47376000,16154,16310,6352,5632,5992,6006,0,6056,0,0,0,2017-04-21,32657000,6088,1,0,0,0,0,0,0,0,0,6094,6,0,0,0,0,0,0,0,0
308,2017-04-21,09:04:21,0,SM705,XZCE,6094,6032,6114,1556,47376000,16154,16310,6352,5632,5992,6006,0,6056,0,0,0,2017-04-21,32661000,6086,1,0,0,0,0,0,0,0,0,6094,6,0,0,0,0,0,0,0,0
309,2017-04-21,09:04:22,0,SM705,XZCE,6094,6032,6114,1556,47376000,16154,16310,6352,5632,5992,6006,0,6056,0,0,0,2017-04-21,32662000,6086,1,0,0,0,0,0,0,0,0,6092,1,0,0,0,0,0,0,0,0
310,2017-04-21,09:04:24,0,SM705,XZCE,6094,6032,6114,1556,47376000,16154,16310,6352,5632,5992,6006,0,6056,0,0,0,2017-04-21,32664000,6088,5,0,0,0,0,0,0,0,0,6092,1,0,0,0,0,0,0,0,0
311,2017-04-21,09:04:26,0,SM705,XZCE,6094,6032,6114,1558,47436940,16156,16310,6352,5632,5992,6006,0,6056,0,0,0,2017-04-21,32666000,6088,5,0,0,0,0,0,0,0,0,6094,1,0,0,0,0,0,0,0,0
312,2017-04-21,09:04:27,0,SM705,XZCE,6088,6032,6114,1560,47497820,16154,16310,6352,5632,5992,6006,0,6056,0,0,0,2017-04-21,32667000,6088,4,0,0,0,0,0,0,0,0,6094,1,0,0,0,0,0,0,0,0
313,2017-04-21,09:04:27,0,SM705,XZCE,6094,6032,6114,1564,47619700,16158,16310,6352,5632,5992,6006,0,6056,0,0,0,2017-04-21,32667000,6088,4,0,0,0,0,0,0,0,0,6094,2,0,0,0,0,0,0,0,0
314,2017-04-21,09:04:28,0,SM705,XZCE,6094,6032,6114,1564,47619700,16158,16310,6352,5632,5992,6006,0,6056,0,0,0,2017-04-21,32668000,6088,5,0,0,0,0,0,0,0,0,6092,1,0,0,0,0,0,0,0,0
315,2017-04-21,09:04:29,0,SM705,XZCE,6094,6032,6114,1564,47619700,16158,16310,6352,5632,5992,6006,0,6056,0,0,0,2017-04-21,32669000,6088,5,0,0,0,0,0,0,0,0,6090,2,0,0,0,0,0,0,0,0
316,2017-04-21,09:04:30,0,SM705,XZCE,6086,6032,6114,1578,48045720,16152,16310,6352,5632,5992,6006,0,6056,0,0,0,2017-04-21,32670000,6082,1,0,0,0,0,0,0,0,0,6088,2,0,0,0,0,0,0,0,0
317,2017-04-21,09:04:30,0,SM705,XZCE,6090,6032,6114,1594,48532920,16164,16310,6352,5632,5992,6006,0,6056,0,0,0,2017-04-21,32670000,6082,1,0,0,0,0,0,0,0,0,6092,1,0,0,0,0,0,0,0,0
318,2017-04-21,09:04:31,0,SM705,XZCE,6090,6032,6114,1594,48532920,16164,16310,6352,5632,5992,6006,0,6056,0,0,0,2017-04-21,32671000,6082,1,0,0,0,0,0,0,0,0,6090,1,0,0,0,0,0,0,0,0
319,2017-04-21,09:04:34,0,SM705,XZCE,6090,6032,6114,1596,48593820,16164,16310,6352,5632,5992,6006,0,6056,0,0,0,2017-04-21,32674000,6090,3,0,0,0,0,0,0,0,0,6096,6,0,0,0,0,0,0,0,0
320,2017-04-21,09:04:34,0,SM705,XZCE,6090,6032,6114,1602,48776520,16166,16310,6352,5632,5992,6006,0,6056,0,0,0,2017-04-21,32674000,6082,2,0,0,0,0,0,0,0,0,6090,2,0,0,0,0,0,0,0,0
321,2017-04-21,09:04:35,0,SM705,XZCE,6090,6032,6114,1602,48776520,16166,16310,6352,5632,5992,6006,0,6056,0,0,0,2017-04-21,32675000,6084,1,0,0,0,0,0,0,0,0,6090,2,0,0,0,0,0,0,0,0
322,2017-04-21,09:04:36,0,SM705,XZCE,6090,6032,6114,1602,48776520,16166,16310,6352,5632,5992,6006,0,6056,0,0,0,2017-04-21,32676000,6084,1,0,0,0,0,0,0,0,0,6090,6,0,0,0,0,0,0,0,0
323,2017-04-21,09:04:37,0,SM705,XZCE,6090,6032,6114,1604,48837420,16168,16310,6352,5632,5992,6006,0,6056,0,0,0,2017-04-21,32677000,6084,1,0,0,0,0,0,0,0,0,6090,7,0,0,0,0,0,0,0,0
324,2017-04-21,09:04:38,0,SM705,XZCE,6090,6032,6114,1606,48898320,16170,16310,6352,5632,5992,6006,0,6056,0,0,0,2017-04-21,32678000,6084,1,0,0,0,0,0,0,0,0,6090,6,0,0,0,0,0,0,0,0
325,2017-04-21,09:04:40,0,SM705,XZCE,6090,6032,6114,1606,48898320,16170,16310,6352,5632,5992,6006,0,6056,0,0,0,2017-04-21,32680000,6084,1,0,0,0,0,0,0,0,0,6090,2,0,0,0,0,0,0,0,0
326,2017-04-21,09:04:40,0,SM705,XZCE,6090,6032,6114,1606,48898320,16170,16310,6352,5632,5992,6006,0,6056,0,0,0,2017-04-21,32680000,6084,1,0,0,0,0,0,0,0,0,6090,6,0,0,0,0,0,0,0,0
327,2017-04-21,09:04:41,0,SM705,XZCE,6084,6032,6114,1608,48959160,16168,16310,6352,5632,5992,6006,0,6056,0,0,0,2017-04-21,32681000,6082,3,0,0,0,0,0,0,0,0,6090,6,0,0,0,0,0,0,0,0
328,2017-04-21,09:04:42,0,SM705,XZCE,6084,6032,6114,1608,48959160,16168,16310,6352,5632,5992,6006,0,6056,0,0,0,2017-04-21,32682000,6084,1,0,0,0,0,0,0,0,0,6090,6,0,0,0,0,0,0,0,0
329,2017-04-21,09:04:44,0,SM705,XZCE,6084,6032,6114,1608,48959160,16168,16310,6352,5632,5992,6006,0,6056,0,0,0,2017-04-21,32684000,6086,2,0,0,0,0,0,0,0,0,6090,6,0,0,0,0,0,0,0,0
330,2017-04-21,09:04:47,0,SM705,XZCE,6090,6032,6114,1612,49080960,16168,16310,6352,5632,5992,6006,0,6056,0,0,0,2017-04-21,32687000,6086,2,0,0,0,0,0,0,0,0,6090,4,0,0,0,0,0,0,0,0
331,2017-04-21,09:04:51,0,SM705,XZCE,6090,6032,6114,1612,49080960,16168,16310,6352,5632,5992,6006,0,6056,0,0,0,2017-04-21,32691000,6086,2,0,0,0,0,0,0,0,0,6090,7,0,0,0,0,0,0,0,0
332,2017-04-21,09:04:51,0,SM705,XZCE,6090,6032,6114,1612,49080960,16168,16310,6352,5632,5992,6006,0,6056,0,0,0,2017-04-21,32691000,6086,2,0,0,0,0,0,0,0,0,6090,8,0,0,0,0,0,0,0,0
333,2017-04-21,09:04:53,0,SM705,XZCE,6086,6032,6114,1614,49141820,16168,16310,6352,5632,5992,6006,0,6056,0,0,0,2017-04-21,32693000,6086,1,0,0,0,0,0,0,0,0,6090,8,0,0,0,0,0,0,0,0
334,2017-04-21,09:04:53,0,SM705,XZCE,6086,6032,6114,1616,49202680,16166,16310,6352,5632,5992,6006,0,6056,0,0,0,2017-04-21,32693000,6084,2,0,0,0,0,0,0,0,0,6090,8,0,0,0,0,0,0,0,0
335,2017-04-21,09:04:54,0,SM705,XZCE,6086,6032,6114,1616,49202680,16166,16310,6352,5632,5992,6006,0,6056,0,0,0,2017-04-21,32694000,6086,1,0,0,0,0,0,0,0,0,6090,8,0,0,0,0,0,0,0,0
336,2017-04-21,09:04:55,0,SM705,XZCE,6088,6032,6114,1622,49385320,16160,16310,6352,5632,5992,6006,0,6056,0,0,0,2017-04-21,32695000,6086,1,0,0,0,0,0,0,0,0,6090,7,0,0,0,0,0,0,0,0
337,2017-04-21,09:04:57,0,SM705,XZCE,6088,6032,6114,1622,49385320,16160,16310,6352,5632,5992,6006,0,6056,0,0,0,2017-04-21,32697000,6088,1,0,0,0,0,0,0,0,0,6090,7,0,0,0,0,0,0,0,0
338,2017-04-21,09:04:58,0,SM705,XZCE,6088,6032,6114,1622,49385320,16160,16310,6352,5632,5992,6006,0,6056,0,0,0,2017-04-21,32698000,6086,3,0,0,0,0,0,0,0,0,6090,7,0,0,0,0,0,0,0,0
339,2017-04-21,09:04:59,0,SM705,XZCE,6088,6032,6114,1622,49385320,16160,16310,6352,5632,5992,6006,0,6056,0,0,0,2017-04-21,32699000,6086,2,0,0,0,0,0,0,0,0,6090,7,0,0,0,0,0,0,0,0
340,2017-04-21,09:05:00,0,SM705,XZCE,6088,6032,6114,1622,49385320,16160,16310,6352,5632,5992,6006,0,6056,0,0,0,2017-04-21,32700000,6086,2,0,0,0,0,0,0,0,0,6088,4,0,0,0,0,0,0,0,0
341,2017-04-21,09:05:01,0,SM705,XZCE,6090,6032,6114,1634,49750720,16168,16310,6352,5632,5992,6006,0,6056,0,0,0,2017-04-21,32701000,6086,2,0,0,0,0,0,0,0,0,6090,5,0,0,0,0,0,0,0,0
342,2017-04-21,09:05:04,0,SM705,XZCE,6090,6032,6114,1634,49750720,16168,16310,6352,5632,5992,6006,0,6056,0,0,0,2017-04-21,32704000,6086,2,0,0,0,0,0,0,0,0,6088,3,0,0,0,0,0,0,0,0
343,2017-04-21,09:05:04,0,SM705,XZCE,6086,6032,6114,1636,49811580,16168,16310,6352,5632,5992,6006,0,6056,0,0,0,2017-04-21,32704000,6086,1,0,0,0,0,0,0,0,0,6088,3,0,0,0,0,0,0,0,0
344,2017-04-21,09:05:05,0,SM705,XZCE,6086,6032,6114,1636,49811580,16168,16310,6352,5632,5992,6006,0,6056,0,0,0,2017-04-21,32705000,6086,3,0,0,0,0,0,0,0,0,6088,3,0,0,0,0,0,0,0,0
345,2017-04-21,09:05:08,0,SM705,XZCE,6086,6032,6114,1638,49872440,16168,16310,6352,5632,5992,6006,0,6056,0,0,0,2017-04-21,32708000,6086,2,0,0,0,0,0,0,0,0,6088,3,0,0,0,0,0,0,0,0
346,2017-04-21,09:05:09,0,SM705,XZCE,6086,6032,6114,1642,49994160,16168,16310,6352,5632,5992,6006,0,6056,0,0,0,2017-04-21,32709000,6084,2,0,0,0,0,0,0,0,0,6086,2,0,0,0,0,0,0,0,0
347,2017-04-21,09:05:09,0,SM705,XZCE,6088,6032,6114,1654,50359440,16166,16310,6352,5632,5992,6006,0,6056,0,0,0,2017-04-21,32709000,6088,4,0,0,0,0,0,0,0,0,6090,18,0,0,0,0,0,0,0,0
348,2017-04-21,09:05:10,0,SM705,XZCE,6088,6032,6114,1654,50359440,16166,16310,6352,5632,5992,6006,0,6056,0,0,0,2017-04-21,32710000,6088,6,0,0,0,0,0,0,0,0,6090,18,0,0,0,0,0,0,0,0
349,2017-04-21,09:05:10,0,SM705,XZCE,6088,6032,6114,1656,50420320,16166,16310,6352,5632,5992,6006,0,6056,0,0,0,2017-04-21,32710000,6088,5,0,0,0,0,0,0,0,0,6090,18,0,0,0,0,0,0,0,0
350,2017-04-21,09:05:12,0,SM705,XZCE,6088,6032,6114,1656,50420320,16166,16310,6352,5632,5992,6006,0,6056,0,0,0,2017-04-21,32712000,6088,5,0,0,0,0,0,0,0,0,6090,20,0,0,0,0,0,0,0,0
351,2017-04-21,09:05:12,0,SM705,XZCE,6088,6032,6114,1656,50420320,16166,16310,6352,5632,5992,6006,0,6056,0,0,0,2017-04-21,32712000,6088,3,0,0,0,0,0,0,0,0,6090,17,0,0,0,0,0,0,0,0
352,2017-04-21,09:05:13,0,SM705,XZCE,6088,6032,6114,1656,50420320,16166,16310,6352,5632,5992,6006,0,6056,0,0,0,2017-04-21,32713000,6088,3,0,0,0,0,0,0,0,0,6090,15,0,0,0,0,0,0,0,0
353,2017-04-21,09:05:15,0,SM705,XZCE,6090,6032,6114,1662,50603020,16162,16310,6352,5632,5992,6006,0,6056,0,0,0,2017-04-21,32715000,6088,3,0,0,0,0,0,0,0,0,6090,12,0,0,0,0,0,0,0,0
354,2017-04-21,09:05:16,0,SM705,XZCE,6090,6032,6114,1668,50785720,16162,16310,6352,5632,5992,6006,0,6056,0,0,0,2017-04-21,32716000,6088,3,0,0,0,0,0,0,0,0,6090,9,0,0,0,0,0,0,0,0
355,2017-04-21,09:05:17,0,SM705,XZCE,6090,6032,6114,1686,51333820,16160,16310,6352,5632,5992,6006,0,6056,0,0,0,2017-04-21,32717000,6088,3,0,0,0,0,0,0,0,0,6098,1,0,0,0,0,0,0,0,0
356,2017-04-21,09:05:18,0,SM705,XZCE,6090,6032,6114,1688,51394720,16160,16310,6352,5632,5992,6006,0,6056,0,0,0,2017-04-21,32718000,6090,7,0,0,0,0,0,0,0,0,6098,1,0,0,0,0,0,0,0,0
357,2017-04-21,09:05:18,0,SM705,XZCE,6088,6032,6114,1704,51881760,16144,16310,6352,5632,5992,6006,0,6056,0,0,0,2017-04-21,32718000,6088,2,0,0,0,0,0,0,0,0,6100,2,0,0,0,0,0,0,0,0
358,2017-04-21,09:05:19,0,SM705,XZCE,6090,6032,6114,1712,52125360,16144,16310,6352,5632,5992,6006,0,6056,0,0,0,2017-04-21,32719000,6090,4,0,0,0,0,0,0,0,0,6100,2,0,0,0,0,0,0,0,0
359,2017-04-21,09:05:19,0,SM705,XZCE,6090,6032,6114,1712,52125360,16144,16310,6352,5632,5992,6006,0,6056,0,0,0,2017-04-21,32719000,6090,4,0,0,0,0,0,0,0,0,6100,1,0,0,0,0,0,0,0,0
360,2017-04-21,09:05:20,0,SM705,XZCE,6090,6032,6114,1712,52125360,16144,16310,6352,5632,5992,6006,0,6056,0,0,0,2017-04-21,32720000,6090,4,0,0,0,0,0,0,0,0,6100,2,0,0,0,0,0,0,0,0
361,2017-04-21,09:05:21,0,SM705,XZCE,6102,6032,6114,1732,52735560,16138,16310,6352,5632,5992,6006,0,6056,0,0,0,2017-04-21,32721000,6090,4,0,0,0,0,0,0,0,0,6102,11,0,0,0,0,0,0,0,0
362,2017-04-21,09:05:21,0,SM705,XZCE,6090,6032,6114,1738,52918260,16138,16310,6352,5632,5992,6006,0,6056,0,0,0,2017-04-21,32721000,6090,1,0,0,0,0,0,0,0,0,6100,1,0,0,0,0,0,0,0,0
363,2017-04-21,09:05:23,0,SM705,XZCE,6090,6032,6114,1738,52918260,16138,16310,6352,5632,5992,6006,0,6056,0,0,0,2017-04-21,32723000,6092,4,0,0,0,0,0,0,0,0,6100,3,0,0,0,0,0,0,0,0
364,2017-04-21,09:05:24,0,SM705,XZCE,6100,6032,6114,1742,53040260,16140,16310,6352,5632,5992,6006,0,6056,0,0,0,2017-04-21,32724000,6090,1,0,0,0,0,0,0,0,0,6100,1,0,0,0,0,0,0,0,0
365,2017-04-21,09:05:24,0,SM705,XZCE,6100,6032,6114,1742,53040260,16140,16310,6352,5632,5992,6006,0,6056,0,0,0,2017-04-21,32724000,6090,1,0,0,0,0,0,0,0,0,6098,7,0,0,0,0,0,0,0,0
366,2017-04-21,09:05:28,0,SM705,XZCE,6100,6032,6114,1742,53040260,16140,16310,6352,5632,5992,6006,0,6056,0,0,0,2017-04-21,32728000,6090,1,0,0,0,0,0,0,0,0,6096,1,0,0,0,0,0,0,0,0
367,2017-04-21,09:05:29,0,SM705,XZCE,6098,6032,6114,1744,53101240,16140,16310,6352,5632,5992,6006,0,6056,0,0,0,2017-04-21,32729000,6090,1,0,0,0,0,0,0,0,0,6098,8,0,0,0,0,0,0,0,0
368,2017-04-21,09:05:32,0,SM705,XZCE,6098,6032,6114,1746,53162220,16140,16310,6352,5632,5992,6006,0,6056,0,0,0,2017-04-21,32732000,6090,1,0,0,0,0,0,0,0,0,6098,7,0,0,0,0,0,0,0,0
369,2017-04-21,09:05:32,0,SM705,XZCE,6098,6032,6114,1746,53162220,16140,16310,6352,5632,5992,6006,0,6056,0,0,0,2017-04-21,32732000,6090,1,0,0,0,0,0,0,0,0,6098,4,0,0,0,0,0,0,0,0
370,2017-04-21,09:05:33,0,SM705,XZCE,6098,6032,6114,1746,53162220,16140,16310,6352,5632,5992,6006,0,6056,0,0,0,2017-04-21,32733000,6092,1,0,0,0,0,0,0,0,0,6096,1,0,0,0,0,0,0,0,0
371,2017-04-21,09:05:33,0,SM705,XZCE,6098,6032,6114,1746,53162220,16140,16310,6352,5632,5992,6006,0,6056,0,0,0,2017-04-21,32733000,6092,2,0,0,0,0,0,0,0,0,6096,1,0,0,0,0,0,0,0,0
372,2017-04-21,09:05:34,0,SM705,XZCE,6098,6032,6114,1746,53162220,16140,16310,6352,5632,5992,6006,0,6056,0,0,0,2017-04-21,32734000,6092,3,0,0,0,0,0,0,0,0,6096,1,0,0,0,0,0,0,0,0
373,2017-04-21,09:05:36,0,SM705,XZCE,6098,6032,6114,1746,53162220,16140,16310,6352,5632,5992,6006,0,6056,0,0,0,2017-04-21,32736000,6094,1,0,0,0,0,0,0,0,0,6096,1,0,0,0,0,0,0,0,0
374,2017-04-21,09:05:37,0,SM705,XZCE,6096,6032,6114,1748,53223180,16142,16310,6352,5632,5992,6006,0,6056,0,0,0,2017-04-21,32737000,6094,1,0,0,0,0,0,0,0,0,6098,4,0,0,0,0,0,0,0,0
375,2017-04-21,09:05:39,0,SM705,XZCE,6094,6032,6114,1750,53284120,16142,16310,6352,5632,5992,6006,0,6056,0,0,0,2017-04-21,32739000,6092,2,0,0,0,0,0,0,0,0,6098,4,0,0,0,0,0,0,0,0
376,2017-04-21,09:05:39,0,SM705,XZCE,6096,6032,6114,1752,53345080,16140,16310,6352,5632,5992,6006,0,6056,0,0,0,2017-04-21,32739000,6092,1,0,0,0,0,0,0,0,0,6098,4,0,0,0,0,0,0,0,0
377,2017-04-21,09:05:40,0,SM705,XZCE,6096,6032,6114,1752,53345080,16140,16310,6352,5632,5992,6006,0,6056,0,0,0,2017-04-21,32740000,6092,1,0,0,0,0,0,0,0,0,6098,5,0,0,0,0,0,0,0,0
378,2017-04-21,09:05:41,0,SM705,XZCE,6098,6032,6114,1754,53406060,16140,16310,6352,5632,5992,6006,0,6056,0,0,0,2017-04-21,32741000,6092,1,0,0,0,0,0,0,0,0,6098,4,0,0,0,0,0,0,0,0
379,2017-04-21,09:05:42,0,SM705,XZCE,6098,6032,6114,1754,53406060,16140,16310,6352,5632,5992,6006,0,6056,0,0,0,2017-04-21,32742000,6092,1,0,0,0,0,0,0,0,0,6098,3,0,0,0,0,0,0,0,0
380,2017-04-21,09:05:43,0,SM705,XZCE,6098,6032,6114,1754,53406060,16140,16310,6352,5632,5992,6006,0,6056,0,0,0,2017-04-21,32743000,6094,1,0,0,0,0,0,0,0,0,6098,3,0,0,0,0,0,0,0,0
381,2017-04-21,09:05:44,0,SM705,XZCE,6098,6032,6114,1754,53406060,16140,16310,6352,5632,5992,6006,0,6056,0,0,0,2017-04-21,32744000,6094,1,0,0,0,0,0,0,0,0,6098,4,0,0,0,0,0,0,0,0
382,2017-04-21,09:05:46,0,SM705,XZCE,6098,6032,6114,1756,53467040,16140,16310,6352,5632,5992,6006,0,6056,0,0,0,2017-04-21,32746000,6094,1,0,0,0,0,0,0,0,0,6098,3,0,0,0,0,0,0,0,0
383,2017-04-21,09:05:47,0,SM705,XZCE,6096,6032,6114,1758,53528000,16138,16310,6352,5632,5992,6006,0,6056,0,0,0,2017-04-21,32747000,6094,1,0,0,0,0,0,0,0,0,6098,3,0,0,0,0,0,0,0,0
384,2017-04-21,09:05:53,0,SM705,XZCE,6096,6032,6114,1758,53528000,16138,16310,6352,5632,5992,6006,0,6056,0,0,0,2017-04-21,32753000,6094,1,0,0,0,0,0,0,0,0,6098,4,0,0,0,0,0,0,0,0
385,2017-04-21,09:05:53,0,SM705,XZCE,6096,6032,6114,1758,53528000,16138,16310,6352,5632,5992,6006,0,6056,0,0,0,2017-04-21,32753000,6094,2,0,0,0,0,0,0,0,0,6098,4,0,0,0,0,0,0,0,0
386,2017-04-21,09:05:54,0,SM705,XZCE,6096,6032,6114,1758,53528000,16138,16310,6352,5632,5992,6006,0,6056,0,0,0,2017-04-21,32754000,6094,1,0,0,0,0,0,0,0,0,6098,4,0,0,0,0,0,0,0,0
387,2017-04-21,09:05:58,0,SM705,XZCE,6096,6032,6114,1760,53588960,16136,16310,6352,5632,5992,6006,0,6056,0,0,0,2017-04-21,32758000,6096,1,0,0,0,0,0,0,0,0,6098,4,0,0,0,0,0,0,0,0
388,2017-04-21,09:05:59,0,SM705,XZCE,6096,6032,6114,1762,53649920,16136,16310,6352,5632,5992,6006,0,6056,0,0,0,2017-04-21,32759000,6094,1,0,0,0,0,0,0,0,0,6098,4,0,0,0,0,0,0,0,0
389,2017-04-21,09:06:02,0,SM705,XZCE,6096,6032,6114,1762,53649920,16136,16310,6352,5632,5992,6006,0,6056,0,0,0,2017-04-21,32762000,6092,1,0,0,0,0,0,0,0,0,6098,4,0,0,0,0,0,0,0,0
390,2017-04-21,09:06:08,0,SM705,XZCE,6096,6032,6114,1762,53649920,16136,16310,6352,5632,5992,6006,0,6056,0,0,0,2017-04-21,32768000,6092,2,0,0,0,0,0,0,0,0,6098,4,0,0,0,0,0,0,0,0
391,2017-04-21,09:06:10,0,SM705,XZCE,6096,6032,6114,1762,53649920,16136,16310,6352,5632,5992,6006,0,6056,0,0,0,2017-04-21,32770000,6094,1,0,0,0,0,0,0,0,0,6098,4,0,0,0,0,0,0,0,0
392,2017-04-21,09:06:11,0,SM705,XZCE,6096,6032,6114,1762,53649920,16136,16310,6352,5632,5992,6006,0,6056,0,0,0,2017-04-21,32771000,6096,1,0,0,0,0,0,0,0,0,6098,4,0,0,0,0,0,0,0,0
393,2017-04-21,09:06:12,0,SM705,XZCE,6098,6032,6114,1766,53771880,16136,16310,6352,5632,5992,6006,0,6056,0,0,0,2017-04-21,32772000,6092,1,0,0,0,0,0,0,0,0,6098,2,0,0,0,0,0,0,0,0
394,2017-04-21,09:06:14,0,SM705,XZCE,6098,6032,6114,1768,53832860,16136,16310,6352,5632,5992,6006,0,6056,0,0,0,2017-04-21,32774000,6092,1,0,0,0,0,0,0,0,0,6098,1,0,0,0,0,0,0,0,0
395,2017-04-21,09:06:16,0,SM705,XZCE,6098,6032,6114,1770,53893840,16136,16310,6352,5632,5992,6006,0,6056,0,0,0,2017-04-21,32776000,6092,2,0,0,0,0,0,0,0,0,6100,5,0,0,0,0,0,0,0,0
396,2017-04-21,09:06:16,0,SM705,XZCE,6098,6032,6114,1770,53893840,16136,16310,6352,5632,5992,6006,0,6056,0,0,0,2017-04-21,32776000,6098,1,0,0,0,0,0,0,0,0,6100,5,0,0,0,0,0,0,0,0
397,2017-04-21,09:06:17,0,SM705,XZCE,6100,6032,6114,1774,54015840,16134,16310,6352,5632,5992,6006,0,6056,0,0,0,2017-04-21,32777000,6098,1,0,0,0,0,0,0,0,0,6100,3,0,0,0,0,0,0,0,0
398,2017-04-21,09:06:17,0,SM705,XZCE,6100,6032,6114,1780,54198840,16132,16310,6352,5632,5992,6006,0,6056,0,0,0,2017-04-21,32777000,6100,3,0,0,0,0,0,0,0,0,6102,11,0,0,0,0,0,0,0,0
399,2017-04-21,09:06:18,0,SM705,XZCE,6102,6032,6114,1786,54381900,16132,16310,6352,5632,5992,6006,0,6056,0,0,0,2017-04-21,32778000,6100,3,0,0,0,0,0,0,0,0,6102,8,0,0,0,0,0,0,0,0
400,2017-04-21,09:06:18,0,SM705,XZCE,6102,6032,6114,1786,54381900,16132,16310,6352,5632,5992,6006,0,6056,0,0,0,2017-04-21,32778000,6102,5,0,0,0,0,0,0,0,0,6108,7,0,0,0,0,0,0,0,0
401,2017-04-21,09:06:19,0,SM705,XZCE,6102,6032,6114,1788,54442920,16132,16310,6352,5632,5992,6006,0,6056,0,0,0,2017-04-21,32779000,6102,4,0,0,0,0,0,0,0,0,6108,7,0,0,0,0,0,0,0,0
402,2017-04-21,09:06:20,0,SM705,XZCE,6102,6032,6114,1790,54503940,16134,16310,6352,5632,5992,6006,0,6056,0,0,0,2017-04-21,32780000,6102,3,0,0,0,0,0,0,0,0,6108,7,0,0,0,0,0,0,0,0
403,2017-04-21,09:06:25,0,SM705,XZCE,6102,6032,6114,1790,54503940,16134,16310,6352,5632,5992,6006,0,6056,0,0,0,2017-04-21,32785000,6102,3,0,0,0,0,0,0,0,0,6108,8,0,0,0,0,0,0,0,0
404,2017-04-21,09:06:26,0,SM705,XZCE,6102,6032,6114,1790,54503940,16134,16310,6352,5632,5992,6006,0,6056,0,0,0,2017-04-21,32786000,6102,8,0,0,0,0,0,0,0,0,6108,8,0,0,0,0,0,0,0,0
405,2017-04-21,09:06:28,0,SM705,XZCE,6108,6032,6114,1792,54565020,16134,16310,6352,5632,5992,6006,0,6056,0,0,0,2017-04-21,32788000,6102,8,0,0,0,0,0,0,0,0,6108,7,0,0,0,0,0,0,0,0
406,2017-04-21,09:06:28,0,SM705,XZCE,6110,6032,6114,1808,55053820,16134,16310,6352,5632,5992,6006,0,6056,0,0,0,2017-04-21,32788000,6108,1,0,0,0,0,0,0,0,0,6110,1,0,0,0,0,0,0,0,0
407,2017-04-21,09:06:29,0,SM705,XZCE,6110,6032,6114,1808,55053820,16134,16310,6352,5632,5992,6006,0,6056,0,0,0,2017-04-21,32789000,6108,3,0,0,0,0,0,0,0,0,6110,1,0,0,0,0,0,0,0,0
408,2017-04-21,09:06:29,0,SM705,XZCE,6110,6032,6114,1810,55114920,16136,16310,6352,5632,5992,6006,0,6056,0,0,0,2017-04-21,32789000,6110,1,0,0,0,0,0,0,0,0,6112,2,0,0,0,0,0,0,0,0
409,2017-04-21,09:06:30,0,SM705,XZCE,6110,6032,6114,1812,55176020,16136,16310,6352,5632,5992,6006,0,6056,0,0,0,2017-04-21,32790000,6108,3,0,0,0,0,0,0,0,0,6110,19,0,0,0,0,0,0,0,0
410,2017-04-21,09:06:31,0,SM705,XZCE,6110,6032,6114,1814,55237120,16134,16310,6352,5632,5992,6006,0,6056,0,0,0,2017-04-21,32791000,6108,3,0,0,0,0,0,0,0,0,6110,18,0,0,0,0,0,0,0,0
411,2017-04-21,09:06:32,0,SM705,XZCE,6110,6032,6114,1816,55298220,16134,16310,6352,5632,5992,6006,0,6056,0,0,0,2017-04-21,32792000,6108,3,0,0,0,0,0,0,0,0,6110,17,0,0,0,0,0,0,0,0
412,2017-04-21,09:06:34,0,SM705,XZCE,6112,6032,6114,1854,56459500,16132,16310,6352,5632,5992,6006,0,6056,0,0,0,2017-04-21,32794000,6112,1,0,0,0,0,0,0,0,0,6114,1,0,0,0,0,0,0,0,0
413,2017-04-21,09:06:36,0,SM705,XZCE,6114,6032,6114,1856,56520640,16132,16310,6352,5632,5992,6006,0,6056,0,0,0,2017-04-21,32796000,6114,4,0,0,0,0,0,0,0,0,6118,1,0,0,0,0,0,0,0,0
414,2017-04-21,09:06:37,0,SM705,XZCE,6116,6032,6116,1858,56581800,16130,16310,6352,5632,5992,6006,0,6056,0,0,0,2017-04-21,32797000,6114,4,0,0,0,0,0,0,0,0,6118,1,0,0,0,0,0,0,0,0
415,2017-04-21,09:06:38,0,SM705,XZCE,6116,6032,6116,1858,56581800,16130,16310,6352,5632,5992,6006,0,6056,0,0,0,2017-04-21,32798000,6116,1,0,0,0,0,0,0,0,0,6118,1,0,0,0,0,0,0,0,0
416,2017-04-21,09:06:38,0,SM705,XZCE,6118,6032,6118,1860,56642980,16132,16310,6352,5632,5992,6006,0,6056,0,0,0,2017-04-21,32798000,6116,5,0,0,0,0,0,0,0,0,6120,7,0,0,0,0,0,0,0,0
417,2017-04-21,09:06:38,0,SM705,XZCE,6120,6032,6120,1864,56765380,16134,16310,6352,5632,5992,6006,0,6056,0,0,0,2017-04-21,32798000,6116,5,0,0,0,0,0,0,0,0,6120,4,0,0,0,0,0,0,0,0
418,2017-04-21,09:06:39,0,SM705,XZCE,6120,6032,6120,1870,56948980,16136,16310,6352,5632,5992,6006,0,6056,0,0,0,2017-04-21,32799000,6118,1,0,0,0,0,0,0,0,0,6120,2,0,0,0,0,0,0,0,0
419,2017-04-21,09:06:39,0,SM705,XZCE,6120,6032,6120,1870,56948980,16136,16310,6352,5632,5992,6006,0,6056,0,0,0,2017-04-21,32799000,6118,3,0,0,0,0,0,0,0,0,6120,2,0,0,0,0,0,0,0,0
420,2017-04-21,09:06:40,0,SM705,XZCE,6120,6032,6120,1874,57071380,16136,16310,6352,5632,5992,6006,0,6056,0,0,0,2017-04-21,32800000,6120,3,0,0,0,0,0,0,0,0,6124,13,0,0,0,0,0,0,0,0
421,2017-04-21,09:06:41,0,SM705,XZCE,6120,6032,6120,1878,57193780,16136,16310,6352,5632,5992,6006,0,6056,0,0,0,2017-04-21,32801000,6120,2,0,0,0,0,0,0,0,0,6122,1,0,0,0,0,0,0,0,0
422,2017-04-21,09:06:42,0,SM705,XZCE,6108,6032,6120,1932,58842940,16136,16310,6352,5632,5992,6006,0,6056,0,0,0,2017-04-21,32802000,6102,2,0,0,0,0,0,0,0,0,6106,3,0,0,0,0,0,0,0,0
423,2017-04-21,09:06:42,0,SM705,XZCE,6106,6032,6120,1940,59087180,16138,16310,6352,5632,5992,6006,0,6056,0,0,0,2017-04-21,32802000,6102,1,0,0,0,0,0,0,0,0,6108,3,0,0,0,0,0,0,0,0
424,2017-04-21,09:06:46,0,SM705,XZCE,6106,6032,6120,1940,59087180,16138,16310,6352,5632,5992,6006,0,6056,0,0,0,2017-04-21,32806000,6104,1,0,0,0,0,0,0,0,0,6108,3,0,0,0,0,0,0,0,0
425,2017-04-21,09:06:48,0,SM705,XZCE,6108,6032,6120,1946,59270420,16138,16310,6352,5632,5992,6006,0,6056,0,0,0,2017-04-21,32808000,6108,10,0,0,0,0,0,0,0,0,6110,33,0,0,0,0,0,0,0,0
426,2017-04-21,09:06:51,0,SM705,XZCE,6110,6032,6120,1986,60492420,16098,16310,6352,5632,5992,6006,0,6056,0,0,0,2017-04-21,32811000,6108,10,0,0,0,0,0,0,0,0,6110,13,0,0,0,0,0,0,0,0
427,2017-04-21,09:06:51,0,SM705,XZCE,6110,6032,6120,2022,61592220,16104,16310,6352,5632,5992,6006,0,6056,0,0,0,2017-04-21,32811000,6112,1,0,0,0,0,0,0,0,0,6116,4,0,0,0,0,0,0,0,0
428,2017-04-21,09:06:52,0,SM705,XZCE,6112,6032,6120,2026,61714460,16104,16310,6352,5632,5992,6006,0,6056,0,0,0,2017-04-21,32812000,6112,1,0,0,0,0,0,0,0,0,6116,4,0,0,0,0,0,0,0,0
429,2017-04-21,09:06:54,0,SM705,XZCE,6114,6032,6120,2030,61836740,16104,16310,6352,5632,5992,6006,0,6056,0,0,0,2017-04-21,32814000,6112,1,0,0,0,0,0,0,0,0,6116,4,0,0,0,0,0,0,0,0
430,2017-04-21,09:06:54,0,SM705,XZCE,6112,6032,6120,2032,61897860,16106,16310,6352,5632,5992,6006,0,6056,0,0,0,2017-04-21,32814000,6110,6,0,0,0,0,0,0,0,0,6116,4,0,0,0,0,0,0,0,0
431,2017-04-21,09:06:56,0,SM705,XZCE,6112,6032,6120,2032,61897860,16106,16310,6352,5632,5992,6006,0,6056,0,0,0,2017-04-21,32816000,6110,6,0,0,0,0,0,0,0,0,6112,1,0,0,0,0,0,0,0,0
432,2017-04-21,09:06:57,0,SM705,XZCE,6112,6032,6120,2032,61897860,16106,16310,6352,5632,5992,6006,0,6056,0,0,0,2017-04-21,32817000,6110,7,0,0,0,0,0,0,0,0,6112,1,0,0,0,0,0,0,0,0
433,2017-04-21,09:06:57,0,SM705,XZCE,6112,6032,6120,2034,61958980,16108,16310,6352,5632,5992,6006,0,6056,0,0,0,2017-04-21,32817000,6110,7,0,0,0,0,0,0,0,0,6116,9,0,0,0,0,0,0,0,0
434,2017-04-21,09:06:58,0,SM705,XZCE,6116,6032,6120,2036,62020140,16108,16310,6352,5632,5992,6006,0,6056,0,0,0,2017-04-21,32818000,6110,7,0,0,0,0,0,0,0,0,6116,8,0,0,0,0,0,0,0,0
435,2017-04-21,09:06:58,0,SM705,XZCE,6116,6032,6120,2036,62020140,16108,16310,6352,5632,5992,6006,0,6056,0,0,0,2017-04-21,32818000,6110,7,0,0,0,0,0,0,0,0,6112,5,0,0,0,0,0,0,0,0
436,2017-04-21,09:06:59,0,SM705,XZCE,6112,6032,6120,2038,62081260,16108,16310,6352,5632,5992,6006,0,6056,0,0,0,2017-04-21,32819000,6110,7,0,0,0,0,0,0,0,0,6112,4,0,0,0,0,0,0,0,0
437,2017-04-21,09:06:59,0,SM705,XZCE,6112,6032,6120,2042,62203500,16108,16310,6352,5632,5992,6006,0,6056,0,0,0,2017-04-21,32819000,6110,7,0,0,0,0,0,0,0,0,6112,2,0,0,0,0,0,0,0,0
438,2017-04-21,09:07:00,0,SM705,XZCE,6110,6032,6120,2046,62325700,16110,16310,6352,5632,5992,6006,0,6056,0,0,0,2017-04-21,32820000,6110,7,0,0,0,0,0,0,0,0,6112,1,0,0,0,0,0,0,0,0
439,2017-04-21,09:07:01,0,SM705,XZCE,6112,6032,6120,2048,62386820,16110,16310,6352,5632,5992,6006,0,6056,0,0,0,2017-04-21,32821000,6112,1,0,0,0,0,0,0,0,0,6114,7,0,0,0,0,0,0,0,0
440,2017-04-21,09:07:02,0,SM705,XZCE,6112,6032,6120,2048,62386820,16110,16310,6352,5632,5992,6006,0,6056,0,0,0,2017-04-21,32822000,6112,2,0,0,0,0,0,0,0,0,6114,7,0,0,0,0,0,0,0,0
441,2017-04-21,09:07:04,0,SM705,XZCE,6114,6032,6120,2050,62447960,16112,16310,6352,5632,5992,6006,0,6056,0,0,0,2017-04-21,32824000,6112,2,0,0,0,0,0,0,0,0,6114,6,0,0,0,0,0,0,0,0
442,2017-04-21,09:07:04,0,SM705,XZCE,6112,6032,6120,2052,62509080,16112,16310,6352,5632,5992,6006,0,6056,0,0,0,2017-04-21,32824000,6112,2,0,0,0,0,0,0,0,0,6114,6,0,0,0,0,0,0,0,0
443,2017-04-21,09:07:06,0,SM705,XZCE,6112,6032,6120,2060,62753560,16116,16310,6352,5632,5992,6006,0,6056,0,0,0,2017-04-21,32826000,6112,6,0,0,0,0,0,0,0,0,6114,5,0,0,0,0,0,0,0,0
444,2017-04-21,09:07:06,0,SM705,XZCE,6114,6032,6120,2062,62814700,16118,16310,6352,5632,5992,6006,0,6056,0,0,0,2017-04-21,32826000,6112,7,0,0,0,0,0,0,0,0,6114,4,0,0,0,0,0,0,0,0
445,2017-04-21,09:07:07,0,SM705,XZCE,6112,6032,6120,2064,62875820,16120,16310,6352,5632,5992,6006,0,6056,0,0,0,2017-04-21,32827000,6112,11,0,0,0,0,0,0,0,0,6114,4,0,0,0,0,0,0,0,0
446,2017-04-21,09:07:08,0,SM705,XZCE,6114,6032,6120,2072,63120380,16128,16310,6352,5632,5992,6006,0,6056,0,0,0,2017-04-21,32828000,6112,11,0,0,0,0,0,0,0,0,6116,9,0,0,0,0,0,0,0,0
447,2017-04-21,09:07:11,0,SM705,XZCE,6114,6032,6120,2072,63120380,16128,16310,6352,5632,5992,6006,0,6056,0,0,0,2017-04-21,32831000,6112,11,0,0,0,0,0,0,0,0,6114,1,0,0,0,0,0,0,0,0
448,2017-04-21,09:07:12,0,SM705,XZCE,6114,6032,6120,2074,63181520,16128,16310,6352,5632,5992,6006,0,6056,0,0,0,2017-04-21,32832000,6112,11,0,0,0,0,0,0,0,0,6116,9,0,0,0,0,0,0,0,0
449,2017-04-21,09:07:15,0,SM705,XZCE,6114,6032,6120,2074,63181520,16128,16310,6352,5632,5992,6006,0,6056,0,0,0,2017-04-21,32835000,6112,11,0,0,0,0,0,0,0,0,6114,1,0,0,0,0,0,0,0,0
450,2017-04-21,09:07:16,0,SM705,XZCE,6114,6032,6120,2074,63181520,16128,16310,6352,5632,5992,6006,0,6056,0,0,0,2017-04-21,32836000,6112,11,0,0,0,0,0,0,0,0,6114,4,0,0,0,0,0,0,0,0
451,2017-04-21,09:07:17,0,SM705,XZCE,6114,6032,6120,2076,63242660,16130,16310,6352,5632,5992,6006,0,6056,0,0,0,2017-04-21,32837000,6112,6,0,0,0,0,0,0,0,0,6114,3,0,0,0,0,0,0,0,0
452,2017-04-21,09:07:18,0,SM705,XZCE,6112,6032,6120,2078,63303780,16130,16310,6352,5632,5992,6006,0,6056,0,0,0,2017-04-21,32838000,6112,5,0,0,0,0,0,0,0,0,6114,3,0,0,0,0,0,0,0,0
453,2017-04-21,09:07:19,0,SM705,XZCE,6112,6032,6120,2086,63548260,16138,16310,6352,5632,5992,6006,0,6056,0,0,0,2017-04-21,32839000,6112,1,0,0,0,0,0,0,0,0,6114,3,0,0,0,0,0,0,0,0
454,2017-04-21,09:07:20,0,SM705,XZCE,6112,6032,6120,2088,63609380,16140,16310,6352,5632,5992,6006,0,6056,0,0,0,2017-04-21,32840000,6110,7,0,0,0,0,0,0,0,0,6112,3,0,0,0,0,0,0,0,0
455,2017-04-21,09:07:21,0,SM705,XZCE,6112,6032,6120,2088,63609380,16140,16310,6352,5632,5992,6006,0,6056,0,0,0,2017-04-21,32841000,6110,7,0,0,0,0,0,0,0,0,6114,3,0,0,0,0,0,0,0,0
456,2017-04-21,09:07:22,0,SM705,XZCE,6112,6032,6120,2088,63609380,16140,16310,6352,5632,5992,6006,0,6056,0,0,0,2017-04-21,32842000,6110,6,0,0,0,0,0,0,0,0,6114,3,0,0,0,0,0,0,0,0
457,2017-04-21,09:07:27,0,SM705,XZCE,6114,6032,6120,2092,63731660,16140,16310,6352,5632,5992,6006,0,6056,0,0,0,2017-04-21,32847000,6110,6,0,0,0,0,0,0,0,0,6114,1,0,0,0,0,0,0,0,0
458,2017-04-21,09:07:28,0,SM705,XZCE,6114,6032,6120,2092,63731660,16140,16310,6352,5632,5992,6006,0,6056,0,0,0,2017-04-21,32848000,6112,4,0,0,0,0,0,0,0,0,6114,1,0,0,0,0,0,0,0,0
459,2017-04-21,09:07:31,0,SM705,XZCE,6114,6032,6120,2094,63792800,16140,16310,6352,5632,5992,6006,0,6056,0,0,0,2017-04-21,32851000,6112,4,0,0,0,0,0,0,0,0,6116,9,0,0,0,0,0,0,0,0
460,2017-04-21,09:07:33,0,SM705,XZCE,6114,6032,6120,2094,63792800,16140,16310,6352,5632,5992,6006,0,6056,0,0,0,2017-04-21,32853000,6114,1,0,0,0,0,0,0,0,0,6116,9,0,0,0,0,0,0,0,0
461,2017-04-21,09:07:34,0,SM705,XZCE,6114,6032,6120,2096,63853940,16140,16310,6352,5632,5992,6006,0,6056,0,0,0,2017-04-21,32854000,6110,6,0,0,0,0,0,0,0,0,6114,9,0,0,0,0,0,0,0,0
462,2017-04-21,09:07:40,0,SM705,XZCE,6114,6032,6120,2096,63853940,16140,16310,6352,5632,5992,6006,0,6056,0,0,0,2017-04-21,32860000,6110,6,0,0,0,0,0,0,0,0,6114,10,0,0,0,0,0,0,0,0
463,2017-04-21,09:07:44,0,SM705,XZCE,6114,6032,6120,2116,64465340,16122,16310,6352,5632,5992,6006,0,6056,0,0,0,2017-04-21,32864000,6110,6,0,0,0,0,0,0,0,0,6116,9,0,0,0,0,0,0,0,0
464,2017-04-21,09:07:49,0,SM705,XZCE,6114,6032,6120,2116,64465340,16122,16310,6352,5632,5992,6006,0,6056,0,0,0,2017-04-21,32869000,6110,7,0,0,0,0,0,0,0,0,6116,10,0,0,0,0,0,0,0,0
465,2017-04-21,09:07:50,0,SM705,XZCE,6114,6032,6120,2116,64465340,16122,16310,6352,5632,5992,6006,0,6056,0,0,0,2017-04-21,32870000,6110,7,0,0,0,0,0,0,0,0,6116,9,0,0,0,0,0,0,0,0
466,2017-04-21,09:07:50,0,SM705,XZCE,6114,6032,6120,2116,64465340,16122,16310,6352,5632,5992,6006,0,6056,0,0,0,2017-04-21,32870000,6110,7,0,0,0,0,0,0,0,0,6114,4,0,0,0,0,0,0,0,0
467,2017-04-21,09:07:52,0,SM705,XZCE,6114,6032,6120,2116,64465340,16122,16310,6352,5632,5992,6006,0,6056,0,0,0,2017-04-21,32872000,6110,7,0,0,0,0,0,0,0,0,6116,9,0,0,0,0,0,0,0,0
468,2017-04-21,09:07:53,0,SM705,XZCE,6114,6032,6120,2116,64465340,16122,16310,6352,5632,5992,6006,0,6056,0,0,0,2017-04-21,32873000,6110,7,0,0,0,0,0,0,0,0,6116,10,0,0,0,0,0,0,0,0
469,2017-04-21,09:07:54,0,SM705,XZCE,6114,6032,6120,2116,64465340,16122,16310,6352,5632,5992,6006,0,6056,0,0,0,2017-04-21,32874000,6110,2,0,0,0,0,0,0,0,0,6114,5,0,0,0,0,0,0,0,0
470,2017-04-21,09:07:56,0,SM705,XZCE,6114,6032,6120,2116,64465340,16122,16310,6352,5632,5992,6006,0,6056,0,0,0,2017-04-21,32876000,6110,2,0,0,0,0,0,0,0,0,6114,6,0,0,0,0,0,0,0,0
471,2017-04-21,09:07:56,0,SM705,XZCE,6114,6032,6120,2116,64465340,16122,16310,6352,5632,5992,6006,0,6056,0,0,0,2017-04-21,32876000,6110,2,0,0,0,0,0,0,0,0,6114,5,0,0,0,0,0,0,0,0
472,2017-04-21,09:08:01,0,SM705,XZCE,6114,6032,6120,2116,64465340,16122,16310,6352,5632,5992,6006,0,6056,0,0,0,2017-04-21,32881000,6110,2,0,0,0,0,0,0,0,0,6114,12,0,0,0,0,0,0,0,0
473,2017-04-21,09:08:01,0,SM705,XZCE,6114,6032,6120,2116,64465340,16122,16310,6352,5632,5992,6006,0,6056,0,0,0,2017-04-21,32881000,6110,2,0,0,0,0,0,0,0,0,6112,5,0,0,0,0,0,0,0,0
474,2017-04-21,09:08:06,0,SM705,XZCE,6114,6032,6120,2132,64954460,16128,16310,6352,5632,5992,6006,0,6056,0,0,0,2017-04-21,32886000,6110,6,0,0,0,0,0,0,0,0,6114,4,0,0,0,0,0,0,0,0
475,2017-04-21,09:08:06,0,SM705,XZCE,6110,6032,6120,2142,65259960,16126,16310,6352,5632,5992,6006,0,6056,0,0,0,2017-04-21,32886000,6110,1,0,0,0,0,0,0,0,0,6114,4,0,0,0,0,0,0,0,0
476,2017-04-21,09:08:07,0,SM705,XZCE,6110,6032,6120,2142,65259960,16126,16310,6352,5632,5992,6006,0,6056,0,0,0,2017-04-21,32887000,6108,1,0,0,0,0,0,0,0,0,6114,4,0,0,0,0,0,0,0,0
477,2017-04-21,09:08:08,0,SM705,XZCE,6110,6032,6120,2142,65259960,16126,16310,6352,5632,5992,6006,0,6056,0,0,0,2017-04-21,32888000,6108,1,0,0,0,0,0,0,0,0,6110,1,0,0,0,0,0,0,0,0
478,2017-04-21,09:08:09,0,SM705,XZCE,6110,6032,6120,2144,65321060,16126,16310,6352,5632,5992,6006,0,6056,0,0,0,2017-04-21,32889000,6108,1,0,0,0,0,0,0,0,0,6114,4,0,0,0,0,0,0,0,0
479,2017-04-21,09:08:09,0,SM705,XZCE,6110,6032,6120,2144,65321060,16126,16310,6352,5632,5992,6006,0,6056,0,0,0,2017-04-21,32889000,6108,1,0,0,0,0,0,0,0,0,6112,3,0,0,0,0,0,0,0,0
480,2017-04-21,09:08:13,0,SM705,XZCE,6108,6032,6120,2146,65382140,16126,16310,6352,5632,5992,6006,0,6056,0,0,0,2017-04-21,32893000,6106,1,0,0,0,0,0,0,0,0,6112,3,0,0,0,0,0,0,0,0
481,2017-04-21,09:08:13,0,SM705,XZCE,6108,6032,6120,2146,65382140,16126,16310,6352,5632,5992,6006,0,6056,0,0,0,2017-04-21,32893000,6106,1,0,0,0,0,0,0,0,0,6110,1,0,0,0,0,0,0,0,0
482,2017-04-21,09:08:14,0,SM705,XZCE,6108,6032,6120,2146,65382140,16126,16310,6352,5632,5992,6006,0,6056,0,0,0,2017-04-21,32894000,6106,1,0,0,0,0,0,0,0,0,6110,5,0,0,0,0,0,0,0,0
483,2017-04-21,09:08:16,0,SM705,XZCE,6108,6032,6120,2146,65382140,16126,16310,6352,5632,5992,6006,0,6056,0,0,0,2017-04-21,32896000,6106,1,0,0,0,0,0,0,0,0,6110,6,0,0,0,0,0,0,0,0
484,2017-04-21,09:08:17,0,SM705,XZCE,6108,6032,6120,2146,65382140,16126,16310,6352,5632,5992,6006,0,6056,0,0,0,2017-04-21,32897000,6108,2,0,0,0,0,0,0,0,0,6110,6,0,0,0,0,0,0,0,0
485,2017-04-21,09:08:17,0,SM705,XZCE,6108,6032,6120,2146,65382140,16126,16310,6352,5632,5992,6006,0,6056,0,0,0,2017-04-21,32897000,6108,2,0,0,0,0,0,0,0,0,6110,5,0,0,0,0,0,0,0,0
486,2017-04-21,09:08:18,0,SM705,XZCE,6108,6032,6120,2150,65504300,16122,16310,6352,5632,5992,6006,0,6056,0,0,0,2017-04-21,32898000,6106,1,0,0,0,0,0,0,0,0,6108,2,0,0,0,0,0,0,0,0
487,2017-04-21,09:08:20,0,SM705,XZCE,6108,6032,6120,2152,65565380,16122,16310,6352,5632,5992,6006,0,6056,0,0,0,2017-04-21,32900000,6106,1,0,0,0,0,0,0,0,0,6108,1,0,0,0,0,0,0,0,0
488,2017-04-21,09:08:20,0,SM705,XZCE,6108,6032,6120,2152,65565380,16122,16310,6352,5632,5992,6006,0,6056,0,0,0,2017-04-21,32900000,6106,1,0,0,0,0,0,0,0,0,6108,2,0,0,0,0,0,0,0,0
489,2017-04-21,09:08:20,0,SM705,XZCE,6108,6032,6120,2152,65565380,16122,16310,6352,5632,5992,6006,0,6056,0,0,0,2017-04-21,32900000,6106,1,0,0,0,0,0,0,0,0,6108,12,0,0,0,0,0,0,0,0
490,2017-04-21,09:08:21,0,SM705,XZCE,6108,6032,6120,2154,65626460,16120,16310,6352,5632,5992,6006,0,6056,0,0,0,2017-04-21,32901000,6106,2,0,0,0,0,0,0,0,0,6108,11,0,0,0,0,0,0,0,0
491,2017-04-21,09:08:22,0,SM705,XZCE,6108,6032,6120,2160,65809700,16116,16310,6352,5632,5992,6006,0,6056,0,0,0,2017-04-21,32902000,6106,1,0,0,0,0,0,0,0,0,6108,9,0,0,0,0,0,0,0,0
492,2017-04-21,09:08:22,0,SM705,XZCE,6108,6032,6120,2160,65809700,16116,16310,6352,5632,5992,6006,0,6056,0,0,0,2017-04-21,32902000,6106,2,0,0,0,0,0,0,0,0,6108,9,0,0,0,0,0,0,0,0
493,2017-04-21,09:08:23,0,SM705,XZCE,6108,6032,6120,2160,65809700,16116,16310,6352,5632,5992,6006,0,6056,0,0,0,2017-04-21,32903000,6106,1,0,0,0,0,0,0,0,0,6108,8,0,0,0,0,0,0,0,0
494,2017-04-21,09:08:25,0,SM705,XZCE,6106,6032,6120,2162,65870760,16116,16310,6352,5632,5992,6006,0,6056,0,0,0,2017-04-21,32905000,6104,5,0,0,0,0,0,0,0,0,6106,1,0,0,0,0,0,0,0,0
495,2017-04-21,09:08:26,0,SM705,XZCE,6106,6032,6120,2162,65870760,16116,16310,6352,5632,5992,6006,0,6056,0,0,0,2017-04-21,32906000,6104,5,0,0,0,0,0,0,0,0,6106,2,0,0,0,0,0,0,0,0
496,2017-04-21,09:08:27,0,SM705,XZCE,6106,6032,6120,2162,65870760,16116,16310,6352,5632,5992,6006,0,6056,0,0,0,2017-04-21,32907000,6104,4,0,0,0,0,0,0,0,0,6106,2,0,0,0,0,0,0,0,0
497,2017-04-21,09:08:28,0,SM705,XZCE,6106,6032,6120,2164,65931820,16114,16310,6352,5632,5992,6006,0,6056,0,0,0,2017-04-21,32908000,6104,4,0,0,0,0,0,0,0,0,6106,1,0,0,0,0,0,0,0,0
498,2017-04-21,09:08:29,0,SM705,XZCE,6104,6032,6120,2166,65992860,16116,16310,6352,5632,5992,6006,0,6056,0,0,0,2017-04-21,32909000,6104,3,0,0,0,0,0,0,0,0,6106,4,0,0,0,0,0,0,0,0
499,2017-04-21,09:08:29,0,SM705,XZCE,6104,6032,6120,2168,66053900,16118,16310,6352,5632,5992,6006,0,6056,0,0,0,2017-04-21,32909000,6104,2,0,0,0,0,0,0,0,0,6106,4,0,0,0,0,0,0,0,0
500,2017-04-21,09:08:31,0,SM705,XZCE,6106,6032,6120,2172,66176020,16120,16310,6352,5632,5992,6006,0,6056,0,0,0,2017-04-21,32911000,6104,2,0,0,0,0,0,0,0,0,6106,2,0,0,0,0,0,0,0,0
501,2017-04-21,09:08:32,0,SM705,XZCE,6104,6032,6120,2174,66237060,16118,16310,6352,5632,5992,6006,0,6056,0,0,0,2017-04-21,32912000,6104,1,0,0,0,0,0,0,0,0,6106,2,0,0,0,0,0,0,0,0
502,2017-04-21,09:08:35,0,SM705,XZCE,6106,6032,6120,2178,66359180,16114,16310,6352,5632,5992,6006,0,6056,0,0,0,2017-04-21,32915000,6104,2,0,0,0,0,0,0,0,0,6108,8,0,0,0,0,0,0,0,0
503,2017-04-21,09:08:36,0,SM705,XZCE,6106,6032,6120,2178,66359180,16114,16310,6352,5632,5992,6006,0,6056,0,0,0,2017-04-21,32916000,6106,4,0,0,0,0,0,0,0,0,6108,8,0,0,0,0,0,0,0,0
504,2017-04-21,09:08:37,0,SM705,XZCE,6104,6032,6120,2190,66725420,16108,16310,6352,5632,5992,6006,0,6056,0,0,0,2017-04-21,32917000,6102,4,0,0,0,0,0,0,0,0,6104,17,0,0,0,0,0,0,0,0
505,2017-04-21,09:08:37,0,SM705,XZCE,6098,6032,6120,2202,67091300,16110,16310,6352,5632,5992,6006,0,6056,0,0,0,2017-04-21,32917000,6096,1,0,0,0,0,0,0,0,0,6098,4,0,0,0,0,0,0,0,0
506,2017-04-21,09:08:37,0,SM705,XZCE,6096,6032,6120,2204,67152260,16112,16310,6352,5632,5992,6006,0,6056,0,0,0,2017-04-21,32917000,6094,2,0,0,0,0,0,0,0,0,6096,3,0,0,0,0,0,0,0,0
507,2017-04-21,09:08:40,0,SM705,XZCE,6096,6032,6120,2206,67213220,16112,16310,6352,5632,5992,6006,0,6056,0,0,0,2017-04-21,32920000,6094,2,0,0,0,0,0,0,0,0,6096,2,0,0,0,0,0,0,0,0
508,2017-04-21,09:08:41,0,SM705,XZCE,6096,6032,6120,2208,67274180,16114,16310,6352,5632,5992,6006,0,6056,0,0,0,2017-04-21,32921000,6094,2,0,0,0,0,0,0,0,0,6096,1,0,0,0,0,0,0,0,0
509,2017-04-21,09:08:41,0,SM705,XZCE,6096,6032,6120,2210,67335140,16116,16310,6352,5632,5992,6006,0,6056,0,0,0,2017-04-21,32921000,6094,3,0,0,0,0,0,0,0,0,6098,4,0,0,0,0,0,0,0,0
510,2017-04-21,09:08:44,0,SM705,XZCE,6096,6032,6120,2210,67335140,16116,16310,6352,5632,5992,6006,0,6056,0,0,0,2017-04-21,32924000,6094,4,0,0,0,0,0,0,0,0,6098,4,0,0,0,0,0,0,0,0
511,2017-04-21,09:08:44,0,SM705,XZCE,6096,6032,6120,2210,67335140,16116,16310,6352,5632,5992,6006,0,6056,0,0,0,2017-04-21,32924000,6094,3,0,0,0,0,0,0,0,0,6098,4,0,0,0,0,0,0,0,0
512,2017-04-21,09:08:44,0,SM705,XZCE,6096,6032,6120,2210,67335140,16116,16310,6352,5632,5992,6006,0,6056,0,0,0,2017-04-21,32924000,6094,7,0,0,0,0,0,0,0,0,6098,4,0,0,0,0,0,0,0,0
513,2017-04-21,09:08:45,0,SM705,XZCE,6096,6032,6120,2210,67335140,16116,16310,6352,5632,5992,6006,0,6056,0,0,0,2017-04-21,32925000,6094,6,0,0,0,0,0,0,0,0,6098,4,0,0,0,0,0,0,0,0
514,2017-04-21,09:08:46,0,SM705,XZCE,6096,6032,6120,2210,67335140,16116,16310,6352,5632,5992,6006,0,6056,0,0,0,2017-04-21,32926000,6094,13,0,0,0,0,0,0,0,0,6098,4,0,0,0,0,0,0,0,0
515,2017-04-21,09:08:46,0,SM705,XZCE,6096,6032,6120,2210,67335140,16116,16310,6352,5632,5992,6006,0,6056,0,0,0,2017-04-21,32926000,6096,1,0,0,0,0,0,0,0,0,6098,4,0,0,0,0,0,0,0,0
516,2017-04-21,09:08:47,0,SM705,XZCE,6098,6032,6120,2216,67518080,16122,16310,6352,5632,5992,6006,0,6056,0,0,0,2017-04-21,32927000,6096,1,0,0,0,0,0,0,0,0,6098,1,0,0,0,0,0,0,0,0
517,2017-04-21,09:08:47,0,SM705,XZCE,6094,6032,6120,2228,67883720,16122,16310,6352,5632,5992,6006,0,6056,0,0,0,2017-04-21,32927000,6094,5,0,0,0,0,0,0,0,0,6096,1,0,0,0,0,0,0,0,0
518,2017-04-21,09:08:49,0,SM705,XZCE,6094,6032,6120,2230,67944660,16120,16310,6352,5632,5992,6006,0,6056,0,0,0,2017-04-21,32929000,6094,4,0,0,0,0,0,0,0,0,6096,1,0,0,0,0,0,0,0,0
519,2017-04-21,09:08:49,0,SM705,XZCE,6094,6032,6120,2230,67944660,16120,16310,6352,5632,5992,6006,0,6056,0,0,0,2017-04-21,32929000,6094,8,0,0,0,0,0,0,0,0,6096,1,0,0,0,0,0,0,0,0
520,2017-04-21,09:08:51,0,SM705,XZCE,6096,6032,6120,2232,68005620,16122,16310,6352,5632,5992,6006,0,6056,0,0,0,2017-04-21,32931000,6094,8,0,0,0,0,0,0,0,0,6098,1,0,0,0,0,0,0,0,0
521,2017-04-21,09:08:52,0,SM705,XZCE,6096,6032,6120,2232,68005620,16122,16310,6352,5632,5992,6006,0,6056,0,0,0,2017-04-21,32932000,6094,12,0,0,0,0,0,0,0,0,6098,1,0,0,0,0,0,0,0,0
522,2017-04-21,09:08:53,0,SM705,XZCE,6096,6032,6120,2232,68005620,16122,16310,6352,5632,5992,6006,0,6056,0,0,0,2017-04-21,32933000,6096,8,0,0,0,0,0,0,0,0,6098,1,0,0,0,0,0,0,0,0
523,2017-04-21,09:08:55,0,SM705,XZCE,6098,6032,6120,2234,68066600,16124,16310,6352,5632,5992,6006,0,6056,0,0,0,2017-04-21,32935000,6098,7,0,0,0,0,0,0,0,0,6100,2,0,0,0,0,0,0,0,0
524,2017-04-21,09:08:55,0,SM705,XZCE,6100,6032,6120,2238,68188600,16128,16310,6352,5632,5992,6006,0,6056,0,0,0,2017-04-21,32935000,6100,2,0,0,0,0,0,0,0,0,6102,5,0,0,0,0,0,0,0,0
525,2017-04-21,09:08:56,0,SM705,XZCE,6100,6032,6120,2242,68310600,16132,16310,6352,5632,5992,6006,0,6056,0,0,0,2017-04-21,32936000,6094,8,0,0,0,0,0,0,0,0,6100,3,0,0,0,0,0,0,0,0
526,2017-04-21,09:08:57,0,SM705,XZCE,6100,6032,6120,2242,68310600,16132,16310,6352,5632,5992,6006,0,6056,0,0,0,2017-04-21,32937000,6094,4,0,0,0,0,0,0,0,0,6100,3,0,0,0,0,0,0,0,0
527,2017-04-21,09:08:58,0,SM705,XZCE,6100,6032,6120,2242,68310600,16132,16310,6352,5632,5992,6006,0,6056,0,0,0,2017-04-21,32938000,6096,4,0,0,0,0,0,0,0,0,6100,4,0,0,0,0,0,0,0,0
528,2017-04-21,09:08:58,0,SM705,XZCE,6100,6032,6120,2242,68310600,16132,16310,6352,5632,5992,6006,0,6056,0,0,0,2017-04-21,32938000,6094,4,0,0,0,0,0,0,0,0,6100,4,0,0,0,0,0,0,0,0
529,2017-04-21,09:09:02,0,SM705,XZCE,6100,6032,6120,2242,68310600,16132,16310,6352,5632,5992,6006,0,6056,0,0,0,2017-04-21,32942000,6098,1,0,0,0,0,0,0,0,0,6100,4,0,0,0,0,0,0,0,0
530,2017-04-21,09:09:02,0,SM705,XZCE,6100,6032,6120,2246,68432600,16136,16310,6352,5632,5992,6006,0,6056,0,0,0,2017-04-21,32942000,6098,1,0,0,0,0,0,0,0,0,6100,2,0,0,0,0,0,0,0,0
531,2017-04-21,09:09:03,0,SM705,XZCE,6098,6032,6120,2248,68493580,16138,16310,6352,5632,5992,6006,0,6056,0,0,0,2017-04-21,32943000,6096,4,0,0,0,0,0,0,0,0,6098,1,0,0,0,0,0,0,0,0
532,2017-04-21,09:09:04,0,SM705,XZCE,6098,6032,6120,2250,68554560,16138,16310,6352,5632,5992,6006,0,6056,0,0,0,2017-04-21,32944000,6096,4,0,0,0,0,0,0,0,0,6100,2,0,0,0,0,0,0,0,0
533,2017-04-21,09:09:06,0,SM705,XZCE,6098,6032,6120,2250,68554560,16138,16310,6352,5632,5992,6006,0,6056,0,0,0,2017-04-21,32946000,6098,5,0,0,0,0,0,0,0,0,6100,2,0,0,0,0,0,0,0,0
534,2017-04-21,09:09:07,0,SM705,XZCE,6098,6032,6120,2250,68554560,16138,16310,6352,5632,5992,6006,0,6056,0,0,0,2017-04-21,32947000,6098,5,0,0,0,0,0,0,0,0,6100,1,0,0,0,0,0,0,0,0
535,2017-04-21,09:09:08,0,SM705,XZCE,6098,6032,6120,2250,68554560,16138,16310,6352,5632,5992,6006,0,6056,0,0,0,2017-04-21,32948000,6098,10,0,0,0,0,0,0,0,0,6100,1,0,0,0,0,0,0,0,0
536,2017-04-21,09:09:09,0,SM705,XZCE,6100,6032,6120,2252,68615560,16138,16310,6352,5632,5992,6006,0,6056,0,0,0,2017-04-21,32949000,6100,8,0,0,0,0,0,0,0,0,6108,8,0,0,0,0,0,0,0,0
537,2017-04-21,09:09:14,0,SM705,XZCE,6100,6032,6120,2254,68676560,16136,16310,6352,5632,5992,6006,0,6056,0,0,0,2017-04-21,32954000,6100,7,0,0,0,0,0,0,0,0,6106,3,0,0,0,0,0,0,0,0
538,2017-04-21,09:09:14,0,SM705,XZCE,6100,6032,6120,2254,68676560,16136,16310,6352,5632,5992,6006,0,6056,0,0,0,2017-04-21,32954000,6100,7,0,0,0,0,0,0,0,0,6106,4,0,0,0,0,0,0,0,0
539,2017-04-21,09:09:19,0,SM705,XZCE,6106,6032,6120,2256,68737620,16136,16310,6352,5632,5992,6006,0,6056,0,0,0,2017-04-21,32959000,6100,7,0,0,0,0,0,0,0,0,6106,3,0,0,0,0,0,0,0,0
540,2017-04-21,09:09:19,0,SM705,XZCE,6106,6032,6120,2256,68737620,16136,16310,6352,5632,5992,6006,0,6056,0,0,0,2017-04-21,32959000,6100,9,0,0,0,0,0,0,0,0,6106,3,0,0,0,0,0,0,0,0
541,2017-04-21,09:09:22,0,SM705,XZCE,6100,6032,6120,2276,69347620,16122,16310,6352,5632,5992,6006,0,6056,0,0,0,2017-04-21,32962000,6098,20,0,0,0,0,0,0,0,0,6100,40,0,0,0,0,0,0,0,0
542,2017-04-21,09:09:22,0,SM705,XZCE,6100,6032,6120,2302,70140620,16096,16310,6352,5632,5992,6006,0,6056,0,0,0,2017-04-21,32962000,6098,86,0,0,0,0,0,0,0,0,6100,27,0,0,0,0,0,0,0,0
543,2017-04-21,09:09:23,0,SM705,XZCE,6100,6032,6120,2302,70140620,16096,16310,6352,5632,5992,6006,0,6056,0,0,0,2017-04-21,32963000,6098,20,0,0,0,0,0,0,0,0,6100,27,0,0,0,0,0,0,0,0
544,2017-04-21,09:09:24,0,SM705,XZCE,6100,6032,6120,2306,70262620,16096,16310,6352,5632,5992,6006,0,6056,0,0,0,2017-04-21,32964000,6098,20,0,0,0,0,0,0,0,0,6100,25,0,0,0,0,0,0,0,0
545,2017-04-21,09:09:26,0,SM705,XZCE,6098,6032,6120,2308,70323600,16096,16310,6352,5632,5992,6006,0,6056,0,0,0,2017-04-21,32966000,6098,19,0,0,0,0,0,0,0,0,6100,26,0,0,0,0,0,0,0,0
546,2017-04-21,09:09:27,0,SM705,XZCE,6098,6032,6120,2346,71482220,16110,16310,6352,5632,5992,6006,0,6056,0,0,0,2017-04-21,32967000,6090,6,0,0,0,0,0,0,0,0,6098,9,0,0,0,0,0,0,0,0
547,2017-04-21,09:09:29,0,SM705,XZCE,6098,6032,6120,2346,71482220,16110,16310,6352,5632,5992,6006,0,6056,0,0,0,2017-04-21,32969000,6092,1,0,0,0,0,0,0,0,0,6098,9,0,0,0,0,0,0,0,0
548,2017-04-21,09:09:31,0,SM705,XZCE,6092,6032,6120,2348,71543140,16110,16310,6352,5632,5992,6006,0,6056,0,0,0,2017-04-21,32971000,6090,6,0,0,0,0,0,0,0,0,6098,9,0,0,0,0,0,0,0,0
549,2017-04-21,09:09:32,0,SM705,XZCE,6090,6032,6120,2350,71604040,16110,16310,6352,5632,5992,6006,0,6056,0,0,0,2017-04-21,32972000,6090,6,0,0,0,0,0,0,0,0,6098,9,0,0,0,0,0,0,0,0
550,2017-04-21,09:09:34,0,SM705,XZCE,6096,6032,6120,2352,71665000,16112,16310,6352,5632,5992,6006,0,6056,0,0,0,2017-04-21,32974000,6090,6,0,0,0,0,0,0,0,0,6092,13,0,0,0,0,0,0,0,0
551,2017-04-21,09:09:35,0,SM705,XZCE,6092,6032,6120,2372,72274200,16124,16310,6352,5632,5992,6006,0,6056,0,0,0,2017-04-21,32975000,6088,1,0,0,0,0,0,0,0,0,6092,8,0,0,0,0,0,0,0,0
552,2017-04-21,09:09:35,0,SM705,XZCE,6086,6032,6120,2378,72456780,16128,16310,6352,5632,5992,6006,0,6056,0,0,0,2017-04-21,32975000,6086,1,0,0,0,0,0,0,0,0,6092,8,0,0,0,0,0,0,0,0
553,2017-04-21,09:09:36,0,SM705,XZCE,6086,6032,6120,2378,72456780,16128,16310,6352,5632,5992,6006,0,6056,0,0,0,2017-04-21,32976000,6090,1,0,0,0,0,0,0,0,0,6092,8,0,0,0,0,0,0,0,0
554,2017-04-21,09:09:36,0,SM705,XZCE,6092,6032,6120,2380,72517700,16130,16310,6352,5632,5992,6006,0,6056,0,0,0,2017-04-21,32976000,6090,1,0,0,0,0,0,0,0,0,6092,7,0,0,0,0,0,0,0,0
555,2017-04-21,09:09:37,0,SM705,XZCE,6090,6032,6120,2382,72578600,16130,16310,6352,5632,5992,6006,0,6056,0,0,0,2017-04-21,32977000,6086,1,0,0,0,0,0,0,0,0,6092,7,0,0,0,0,0,0,0,0
556,2017-04-21,09:09:37,0,SM705,XZCE,6090,6032,6120,2382,72578600,16130,16310,6352,5632,5992,6006,0,6056,0,0,0,2017-04-21,32977000,6090,1,0,0,0,0,0,0,0,0,6092,7,0,0,0,0,0,0,0,0
557,2017-04-21,09:09:39,0,SM705,XZCE,6090,6032,6120,2384,72639500,16130,16310,6352,5632,5992,6006,0,6056,0,0,0,2017-04-21,32979000,6086,2,0,0,0,0,0,0,0,0,6092,7,0,0,0,0,0,0,0,0
558,2017-04-21,09:09:40,0,SM705,XZCE,6090,6032,6120,2384,72639500,16130,16310,6352,5632,5992,6006,0,6056,0,0,0,2017-04-21,32980000,6088,1,0,0,0,0,0,0,0,0,6092,7,0,0,0,0,0,0,0,0
559,2017-04-21,09:09:41,0,SM705,XZCE,6090,6032,6120,2384,72639500,16130,16310,6352,5632,5992,6006,0,6056,0,0,0,2017-04-21,32981000,6088,1,0,0,0,0,0,0,0,0,6092,8,0,0,0,0,0,0,0,0
560,2017-04-21,09:09:42,0,SM705,XZCE,6090,6032,6120,2384,72639500,16130,16310,6352,5632,5992,6006,0,6056,0,0,0,2017-04-21,32982000,6086,2,0,0,0,0,0,0,0,0,6092,8,0,0,0,0,0,0,0,0
561,2017-04-21,09:09:43,0,SM705,XZCE,6086,6032,6120,2388,72761220,16126,16310,6352,5632,5992,6006,0,6056,0,0,0,2017-04-21,32983000,6084,1,0,0,0,0,0,0,0,0,6092,8,0,0,0,0,0,0,0,0
562,2017-04-21,09:09:44,0,SM705,XZCE,6086,6032,6120,2388,72761220,16126,16310,6352,5632,5992,6006,0,6056,0,0,0,2017-04-21,32984000,6088,2,0,0,0,0,0,0,0,0,6092,8,0,0,0,0,0,0,0,0
