,dataDate,dataTime,dataMillisec,instrumentID,exchangeCD,lastPrice,lowPrice,highPrice,volume,value,openInterest,preOpenInterest,upperLimitPrice,lowerLimitPrice,preSettlementPrice,prevClosePrice,settlementPrice,openPrice,closePrice,preDelta,currDelta,clearingDay,milliSecOffset,bidPrice1,bidVolume1,bidPrice2,bidVolume2,bidPrice3,bidVolume3,bidPrice4,bidVolume4,bidPrice5,bidVolume5,askPrice1,askVolume1,askPrice2,askVolume2,askPrice3,askVolume3,askPrice4,askVolume4,askPrice5,askVolume5
0,2017-04-21,00:00:00,0,TF1706,CCFX,98.655,0.0,0.0,0,0,19839,19839,0.0,0.0,98.67,98.655,0.0,0.0,0.0,0,0,2017-04-21,0,0.0,0,0,0,0,0,0,0,0,0,0.0,0,0,0,0,0,0,0,0,0
1,2017-04-21,07:03:29,100,TF1706,CCFX,98.655,0.0,0.0,0,0,19839,19839,99.85,97.49,98.67,98.655,0.0,0.0,0.0,0,0,2017-04-21,25409100,0.0,0,0,0,0,0,0,0,0,0,0.0,0,0,0,0,0,0,0,0,0
2,2017-04-21,09:14:00,100,TF1706,CCFX,98.61,98.61,98.61,1,986100,19840,19839,99.85,97.49,98.67,98.655,0.0,98.61,0.0,0,0,2017-04-21,33240100,98.605,1,0,0,0,0,0,0,0,0,98.635,5,0,0,0,0,0,0,0,0
3,2017-04-21,09:15:00,100,TF1706,CCFX,98.6,98.6,98.61,3,2958150,19841,19839,99.85,97.49,98.67,98.655,0.0,98.61,0.0,0,0,2017-04-21,33300100,98.59,1,0,0,0,0,0,0,0,0,98.595,6,0,0,0,0,0,0,0,0
4,2017-04-21,09:15:00,600,TF1706,CCFX,98.595,98.595,98.61,9,8873850,19844,19839,99.85,97.49,98.67,98.655,0.0,98.61,0.0,0,0,2017-04-21,33300600,98.61,1,0,0,0,0,0,0,0,0,98.635,6,0,0,0,0,0,0,0,0
5,2017-04-21,09:15:01,100,TF1706,CCFX,98.63,98.595,98.63,13,12818950,19848,19839,99.85,97.49,98.67,98.655,0.0,98.61,0.0,0,0,2017-04-21,33301100,98.61,2,0,0,0,0,0,0,0,0,98.63,1,0,0,0,0,0,0,0,0
6,2017-04-21,09:15:01,600,TF1706,CCFX,98.61,98.595,98.63,14,13805050,19848,19839,99.85,97.49,98.67,98.655,0.0,98.61,0.0,0,0,2017-04-21,33301600,98.615,2,0,0,0,0,0,0,0,0,98.62,18,0,0,0,0,0,0,0,0
7,2017-04-21,09:15:02,100,TF1706,CCFX,98.61,98.595,98.63,18,17749550,19847,19839,99.85,97.49,98.67,98.655,0.0,98.61,0.0,0,0,2017-04-21,33302100,98.6,1,0,0,0,0,0,0,0,0,98.615,4,0,0,0,0,0,0,0,0
8,2017-04-21,09:15:02,600,TF1706,CCFX,98.61,98.595,98.63,18,17749550,19847,19839,99.85,97.49,98.67,98.655,0.0,98.61,0.0,0,0,2017-04-21,33302600,98.59,2,0,0,0,0,0,0,0,0,98.61,1,0,0,0,0,0,0,0,0
9,2017-04-21,09:15:03,100,TF1706,CCFX,98.61,98.595,98.63,18,17749550,19847,19839,99.85,97.49,98.67,98.655,0.0,98.61,0.0,0,0,2017-04-21,33303100,98.595,1,0,0,0,0,0,0,0,0,98.6,1,0,0,0,0,0,0,0,0
10,2017-04-21,09:15:03,600,TF1706,CCFX,98.605,98.595,98.63,19,18735600,19847,19839,99.85,97.49,98.67,98.655,0.0,98.61,0.0,0,0,2017-04-21,33303600,98.595,1,0,0,0,0,0,0,0,0,98.6,1,0,0,0,0,0,0,0,0
11,2017-04-21,09:15:04,100,TF1706,CCFX,98.6,98.595,98.63,20,19721600,19847,19839,99.85,97.49,98.67,98.655,0.0,98.61,0.0,0,0,2017-04-21,33304100,98.595,1,0,0,0,0,0,0,0,0,98.6,4,0,0,0,0,0,0,0,0
12,2017-04-21,09:15:04,600,TF1706,CCFX,98.6,98.595,98.63,22,21693600,19849,19839,99.85,97.49,98.67,98.655,0.0,98.61,0.0,0,0,2017-04-21,33304600,98.595,1,0,0,0,0,0,0,0,0,98.6,2,0,0,0,0,0,0,0,0
13,2017-04-21,09:15:05,100,TF1706,CCFX,98.595,98.595,98.63,24,23665550,19851,19839,99.85,97.49,98.67,98.655,0.0,98.61,0.0,0,0,2017-04-21,33305100,98.59,1,0,0,0,0,0,0,0,0,98.6,1,0,0,0,0,0,0,0,0
14,2017-04-21,09:15:05,600,TF1706,CCFX,98.59,98.59,98.63,25,24651450,19850,19839,99.85,97.49,98.67,98.655,0.0,98.61,0.0,0,0,2017-04-21,33305600,98.585,1,0,0,0,0,0,0,0,0,98.6,2,0,0,0,0,0,0,0,0
15,2017-04-21,09:15:06,100,TF1706,CCFX,98.59,98.59,98.63,25,24651450,19850,19839,99.85,97.49,98.67,98.655,0.0,98.61,0.0,0,0,2017-04-21,33306100,98.59,5,0,0,0,0,0,0,0,0,98.595,1,0,0,0,0,0,0,0,0
16,2017-04-21,09:15:06,600,TF1706,CCFX,98.595,98.59,98.63,26,25637400,19849,19839,99.85,97.49,98.67,98.655,0.0,98.61,0.0,0,0,2017-04-21,33306600,98.595,6,0,0,0,0,0,0,0,0,98.6,1,0,0,0,0,0,0,0,0
17,2017-04-21,09:15:07,100,TF1706,CCFX,98.6,98.59,98.63,27,26623400,19849,19839,99.85,97.49,98.67,98.655,0.0,98.61,0.0,0,0,2017-04-21,33307100,98.6,1,0,0,0,0,0,0,0,0,98.605,1,0,0,0,0,0,0,0,0
18,2017-04-21,09:15:07,600,TF1706,CCFX,98.605,98.59,98.63,30,29581500,19850,19839,99.85,97.49,98.67,98.655,0.0,98.61,0.0,0,0,2017-04-21,33307600,98.6,4,0,0,0,0,0,0,0,0,98.61,1,0,0,0,0,0,0,0,0
19,2017-04-21,09:15:08,100,TF1706,CCFX,98.605,98.59,98.63,30,29581500,19850,19839,99.85,97.49,98.67,98.655,0.0,98.61,0.0,0,0,2017-04-21,33308100,98.605,1,0,0,0,0,0,0,0,0,98.61,4,0,0,0,0,0,0,0,0
20,2017-04-21,09:15:08,600,TF1706,CCFX,98.605,98.59,98.63,33,32539650,19847,19839,99.85,97.49,98.67,98.655,0.0,98.61,0.0,0,0,2017-04-21,33308600,98.595,3,0,0,0,0,0,0,0,0,98.61,6,0,0,0,0,0,0,0,0
21,2017-04-21,09:15:09,100,TF1706,CCFX,98.605,98.59,98.63,33,32539650,19847,19839,99.85,97.49,98.67,98.655,0.0,98.61,0.0,0,0,2017-04-21,33309100,98.605,3,0,0,0,0,0,0,0,0,98.61,1,0,0,0,0,0,0,0,0
22,2017-04-21,09:15:09,600,TF1706,CCFX,98.61,98.59,98.63,34,33525750,19847,19839,99.85,97.49,98.67,98.655,0.0,98.61,0.0,0,0,2017-04-21,33309600,98.605,2,0,0,0,0,0,0,0,0,98.615,1,0,0,0,0,0,0,0,0
23,2017-04-21,09:15:10,100,TF1706,CCFX,98.615,98.59,98.63,35,34511900,19848,19839,99.85,97.49,98.67,98.655,0.0,98.61,0.0,0,0,2017-04-21,33310100,98.605,2,0,0,0,0,0,0,0,0,98.625,3,0,0,0,0,0,0,0,0
24,2017-04-21,09:15:10,600,TF1706,CCFX,98.625,98.59,98.63,38,37470500,19847,19839,99.85,97.49,98.67,98.655,0.0,98.61,0.0,0,0,2017-04-21,33310600,98.62,1,0,0,0,0,0,0,0,0,98.625,7,0,0,0,0,0,0,0,0
25,2017-04-21,09:15:11,100,TF1706,CCFX,98.62,98.59,98.63,39,38456700,19846,19839,99.85,97.49,98.67,98.655,0.0,98.61,0.0,0,0,2017-04-21,33311100,98.61,2,0,0,0,0,0,0,0,0,98.615,1,0,0,0,0,0,0,0,0
26,2017-04-21,09:15:11,600,TF1706,CCFX,98.61,98.59,98.63,41,40428900,19845,19839,99.85,97.49,98.67,98.655,0.0,98.61,0.0,0,0,2017-04-21,33311600,98.605,2,0,0,0,0,0,0,0,0,98.615,2,0,0,0,0,0,0,0,0
27,2017-04-21,09:15:12,100,TF1706,CCFX,98.615,98.59,98.63,43,42401200,19843,19839,99.85,97.49,98.67,98.655,0.0,98.61,0.0,0,0,2017-04-21,33312100,98.61,2,0,0,0,0,0,0,0,0,98.62,7,0,0,0,0,0,0,0,0
28,2017-04-21,09:15:12,600,TF1706,CCFX,98.615,98.59,98.63,43,42401200,19843,19839,99.85,97.49,98.67,98.655,0.0,98.61,0.0,0,0,2017-04-21,33312600,98.61,2,0,0,0,0,0,0,0,0,98.62,8,0,0,0,0,0,0,0,0
29,2017-04-21,09:15:13,100,TF1706,CCFX,98.615,98.59,98.63,43,42401200,19843,19839,99.85,97.49,98.67,98.655,0.0,98.61,0.0,0,0,2017-04-21,33313100,98.615,1,0,0,0,0,0,0,0,0,98.62,8,0,0,0,0,0,0,0,0
30,2017-04-21,09:15:13,600,TF1706,CCFX,98.615,98.59,98.63,44,43387350,19843,19839,99.85,97.49,98.67,98.655,0.0,98.61,0.0,0,0,2017-04-21,33313600,98.61,3,0,0,0,0,0,0,0,0,98.615,7,0,0,0,0,0,0,0,0
31,2017-04-21,09:15:14,100,TF1706,CCFX,98.61,98.59,98.63,45,44373450,19842,19839,99.85,97.49,98.67,98.655,0.0,98.61,0.0,0,0,2017-04-21,33314100,98.61,1,0,0,0,0,0,0,0,0,98.615,7,0,0,0,0,0,0,0,0
32,2017-04-21,09:15:14,600,TF1706,CCFX,98.61,98.59,98.63,46,45359550,19841,19839,99.85,97.49,98.67,98.655,0.0,98.61,0.0,0,0,2017-04-21,33314600,98.605,2,0,0,0,0,0,0,0,0,98.61,1,0,0,0,0,0,0,0,0
33,2017-04-21,09:15:15,100,TF1706,CCFX,98.61,98.59,98.63,46,45359550,19841,19839,99.85,97.49,98.67,98.655,0.0,98.61,0.0,0,0,2017-04-21,33315100,98.605,2,0,0,0,0,0,0,0,0,98.61,2,0,0,0,0,0,0,0,0
34,2017-04-21,09:15:15,600,TF1706,CCFX,98.61,98.59,98.63,46,45359550,19841,19839,99.85,97.49,98.67,98.655,0.0,98.61,0.0,0,0,2017-04-21,33315600,98.605,2,0,0,0,0,0,0,0,0,98.61,2,0,0,0,0,0,0,0,0
35,2017-04-21,09:15:16,100,TF1706,CCFX,98.61,98.59,98.63,49,48317850,19839,19839,99.85,97.49,98.67,98.655,0.0,98.61,0.0,0,0,2017-04-21,33316100,98.605,6,0,0,0,0,0,0,0,0,98.615,2,0,0,0,0,0,0,0,0
36,2017-04-21,09:15:16,600,TF1706,CCFX,98.61,98.59,98.63,49,48317850,19839,19839,99.85,97.49,98.67,98.655,0.0,98.61,0.0,0,0,2017-04-21,33316600,98.61,1,0,0,0,0,0,0,0,0,98.615,1,0,0,0,0,0,0,0,0
37,2017-04-21,09:15:17,100,TF1706,CCFX,98.61,98.59,98.63,49,48317850,19839,19839,99.85,97.49,98.67,98.655,0.0,98.61,0.0,0,0,2017-04-21,33317100,98.61,1,0,0,0,0,0,0,0,0,98.615,1,0,0,0,0,0,0,0,0
38,2017-04-21,09:15:17,600,TF1706,CCFX,98.615,98.59,98.63,50,49304000,19838,19839,99.85,97.49,98.67,98.655,0.0,98.61,0.0,0,0,2017-04-21,33317600,98.61,1,0,0,0,0,0,0,0,0,98.62,1,0,0,0,0,0,0,0,0
39,2017-04-21,09:15:18,100,TF1706,CCFX,98.61,98.59,98.63,51,50290100,19838,19839,99.85,97.49,98.67,98.655,0.0,98.61,0.0,0,0,2017-04-21,33318100,98.61,1,0,0,0,0,0,0,0,0,98.62,2,0,0,0,0,0,0,0,0
40,2017-04-21,09:15:18,600,TF1706,CCFX,98.61,98.59,98.63,51,50290100,19838,19839,99.85,97.49,98.67,98.655,0.0,98.61,0.0,0,0,2017-04-21,33318600,98.61,2,0,0,0,0,0,0,0,0,98.62,2,0,0,0,0,0,0,0,0
41,2017-04-21,09:15:19,100,TF1706,CCFX,98.61,98.59,98.63,51,50290100,19838,19839,99.85,97.49,98.67,98.655,0.0,98.61,0.0,0,0,2017-04-21,33319100,98.61,2,0,0,0,0,0,0,0,0,98.62,3,0,0,0,0,0,0,0,0
42,2017-04-21,09:15:19,600,TF1706,CCFX,98.61,98.59,98.63,51,50290100,19838,19839,99.85,97.49,98.67,98.655,0.0,98.61,0.0,0,0,2017-04-21,33319600,98.615,1,0,0,0,0,0,0,0,0,98.62,3,0,0,0,0,0,0,0,0
43,2017-04-21,09:15:20,100,TF1706,CCFX,98.615,98.59,98.63,52,51276250,19837,19839,99.85,97.49,98.67,98.655,0.0,98.61,0.0,0,0,2017-04-21,33320100,98.61,2,0,0,0,0,0,0,0,0,98.62,3,0,0,0,0,0,0,0,0
44,2017-04-21,09:15:20,600,TF1706,CCFX,98.615,98.59,98.63,52,51276250,19837,19839,99.85,97.49,98.67,98.655,0.0,98.61,0.0,0,0,2017-04-21,33320600,98.61,2,0,0,0,0,0,0,0,0,98.615,10,0,0,0,0,0,0,0,0
45,2017-04-21,09:15:21,600,TF1706,CCFX,98.615,98.59,98.63,52,51276250,19837,19839,99.85,97.49,98.67,98.655,0.0,98.61,0.0,0,0,2017-04-21,33321600,98.61,6,0,0,0,0,0,0,0,0,98.615,11,0,0,0,0,0,0,0,0
46,2017-04-21,09:15:22,100,TF1706,CCFX,98.615,98.59,98.63,58,57193150,19836,19839,99.85,97.49,98.67,98.655,0.0,98.61,0.0,0,0,2017-04-21,33322100,98.61,6,0,0,0,0,0,0,0,0,98.615,5,0,0,0,0,0,0,0,0
47,2017-04-21,09:15:22,600,TF1706,CCFX,98.615,98.59,98.63,63,62123900,19835,19839,99.85,97.49,98.67,98.655,0.0,98.61,0.0,0,0,2017-04-21,33322600,98.615,3,0,0,0,0,0,0,0,0,98.62,1,0,0,0,0,0,0,0,0
48,2017-04-21,09:15:23,100,TF1706,CCFX,98.615,98.59,98.63,63,62123900,19835,19839,99.85,97.49,98.67,98.655,0.0,98.61,0.0,0,0,2017-04-21,33323100,98.615,4,0,0,0,0,0,0,0,0,98.62,1,0,0,0,0,0,0,0,0
49,2017-04-21,09:15:23,600,TF1706,CCFX,98.615,98.59,98.63,64,63110050,19835,19839,99.85,97.49,98.67,98.655,0.0,98.61,0.0,0,0,2017-04-21,33323600,98.615,4,0,0,0,0,0,0,0,0,98.62,2,0,0,0,0,0,0,0,0
50,2017-04-21,09:15:24,100,TF1706,CCFX,98.62,98.59,98.63,65,64096250,19836,19839,99.85,97.49,98.67,98.655,0.0,98.61,0.0,0,0,2017-04-21,33324100,98.615,6,0,0,0,0,0,0,0,0,98.62,1,0,0,0,0,0,0,0,0
51,2017-04-21,09:15:25,100,TF1706,CCFX,98.62,98.59,98.63,65,64096250,19836,19839,99.85,97.49,98.67,98.655,0.0,98.61,0.0,0,0,2017-04-21,33325100,98.615,6,0,0,0,0,0,0,0,0,98.62,3,0,0,0,0,0,0,0,0
52,2017-04-21,09:15:25,600,TF1706,CCFX,98.615,98.59,98.63,71,70013150,19832,19839,99.85,97.49,98.67,98.655,0.0,98.61,0.0,0,0,2017-04-21,33325600,98.61,2,0,0,0,0,0,0,0,0,98.62,3,0,0,0,0,0,0,0,0
53,2017-04-21,09:15:26,100,TF1706,CCFX,98.62,98.59,98.63,72,70999350,19833,19839,99.85,97.49,98.67,98.655,0.0,98.61,0.0,0,0,2017-04-21,33326100,98.61,3,0,0,0,0,0,0,0,0,98.62,2,0,0,0,0,0,0,0,0
54,2017-04-21,09:15:26,600,TF1706,CCFX,98.62,98.59,98.63,72,70999350,19833,19839,99.85,97.49,98.67,98.655,0.0,98.61,0.0,0,0,2017-04-21,33326600,98.61,3,0,0,0,0,0,0,0,0,98.62,3,0,0,0,0,0,0,0,0
55,2017-04-21,09:15:27,100,TF1706,CCFX,98.62,98.59,98.63,72,70999350,19833,19839,99.85,97.49,98.67,98.655,0.0,98.61,0.0,0,0,2017-04-21,33327100,98.61,4,0,0,0,0,0,0,0,0,98.62,3,0,0,0,0,0,0,0,0
56,2017-04-21,09:15:28,100,TF1706,CCFX,98.62,98.59,98.63,72,70999350,19833,19839,99.85,97.49,98.67,98.655,0.0,98.61,0.0,0,0,2017-04-21,33328100,98.61,4,0,0,0,0,0,0,0,0,98.62,3,0,0,0,0,0,0,0,0
57,2017-04-21,09:15:29,100,TF1706,CCFX,98.62,98.59,98.63,72,70999350,19833,19839,99.85,97.49,98.67,98.655,0.0,98.61,0.0,0,0,2017-04-21,33329100,98.61,4,0,0,0,0,0,0,0,0,98.62,1,0,0,0,0,0,0,0,0
58,2017-04-21,09:15:30,100,TF1706,CCFX,98.62,98.59,98.63,72,70999350,19833,19839,99.85,97.49,98.67,98.655,0.0,98.61,0.0,0,0,2017-04-21,33330100,98.61,24,0,0,0,0,0,0,0,0,98.62,1,0,0,0,0,0,0,0,0
59,2017-04-21,09:15:30,600,TF1706,CCFX,98.62,98.59,98.63,72,70999350,19833,19839,99.85,97.49,98.67,98.655,0.0,98.61,0.0,0,0,2017-04-21,33330600,98.61,24,0,0,0,0,0,0,0,0,98.62,3,0,0,0,0,0,0,0,0
60,2017-04-21,09:15:31,100,TF1706,CCFX,98.62,98.59,98.63,72,70999350,19833,19839,99.85,97.49,98.67,98.655,0.0,98.61,0.0,0,0,2017-04-21,33331100,98.615,1,0,0,0,0,0,0,0,0,98.62,3,0,0,0,0,0,0,0,0
61,2017-04-21,09:15:31,600,TF1706,CCFX,98.615,98.59,98.63,75,73957800,19832,19839,99.85,97.49,98.67,98.655,0.0,98.61,0.0,0,0,2017-04-21,33331600,98.61,24,0,0,0,0,0,0,0,0,98.615,5,0,0,0,0,0,0,0,0
62,2017-04-21,09:15:32,100,TF1706,CCFX,98.615,98.59,98.63,77,75930100,19830,19839,99.85,97.49,98.67,98.655,0.0,98.61,0.0,0,0,2017-04-21,33332100,98.61,24,0,0,0,0,0,0,0,0,98.615,9,0,0,0,0,0,0,0,0
63,2017-04-21,09:15:33,100,TF1706,CCFX,98.61,98.59,98.63,90,88749400,19827,19839,99.85,97.49,98.67,98.655,0.0,98.61,0.0,0,0,2017-04-21,33333100,98.61,11,0,0,0,0,0,0,0,0,98.615,9,0,0,0,0,0,0,0,0
64,2017-04-21,09:15:33,600,TF1706,CCFX,98.61,98.59,98.63,93,91707700,19824,19839,99.85,97.49,98.67,98.655,0.0,98.61,0.0,0,0,2017-04-21,33333600,98.61,8,0,0,0,0,0,0,0,0,98.615,9,0,0,0,0,0,0,0,0
65,2017-04-21,09:15:34,100,TF1706,CCFX,98.61,98.59,98.63,96,94666000,19822,19839,99.85,97.49,98.67,98.655,0.0,98.61,0.0,0,0,2017-04-21,33334100,98.61,5,0,0,0,0,0,0,0,0,98.615,9,0,0,0,0,0,0,0,0
66,2017-04-21,09:15:34,600,TF1706,CCFX,98.61,98.59,98.63,99,97624300,19819,19839,99.85,97.49,98.67,98.655,0.0,98.61,0.0,0,0,2017-04-21,33334600,98.61,2,0,0,0,0,0,0,0,0,98.62,3,0,0,0,0,0,0,0,0
67,2017-04-21,09:15:35,600,TF1706,CCFX,98.61,98.59,98.63,99,97624300,19819,19839,99.85,97.49,98.67,98.655,0.0,98.61,0.0,0,0,2017-04-21,33335600,98.61,2,0,0,0,0,0,0,0,0,98.62,3,0,0,0,0,0,0,0,0
68,2017-04-21,09:15:36,100,TF1706,CCFX,98.61,98.59,98.63,99,97624300,19819,19839,99.85,97.49,98.67,98.655,0.0,98.61,0.0,0,0,2017-04-21,33336100,98.61,2,0,0,0,0,0,0,0,0,98.62,1,0,0,0,0,0,0,0,0
69,2017-04-21,09:15:36,600,TF1706,CCFX,98.62,98.59,98.63,100,98610500,19819,19839,99.85,97.49,98.67,98.655,0.0,98.61,0.0,0,0,2017-04-21,33336600,98.615,1,0,0,0,0,0,0,0,0,98.625,8,0,0,0,0,0,0,0,0
70,2017-04-21,09:15:37,100,TF1706,CCFX,98.62,98.59,98.63,100,98610500,19819,19839,99.85,97.49,98.67,98.655,0.0,98.61,0.0,0,0,2017-04-21,33337100,98.615,1,0,0,0,0,0,0,0,0,98.625,8,0,0,0,0,0,0,0,0
71,2017-04-21,09:15:38,600,TF1706,CCFX,98.62,98.59,98.63,100,98610500,19819,19839,99.85,97.49,98.67,98.655,0.0,98.61,0.0,0,0,2017-04-21,33338600,98.615,2,0,0,0,0,0,0,0,0,98.625,1,0,0,0,0,0,0,0,0
72,2017-04-21,09:15:39,100,TF1706,CCFX,98.625,98.59,98.63,101,99596750,19818,19839,99.85,97.49,98.67,98.655,0.0,98.61,0.0,0,0,2017-04-21,33339100,98.62,3,0,0,0,0,0,0,0,0,98.63,2,0,0,0,0,0,0,0,0
73,2017-04-21,09:15:39,600,TF1706,CCFX,98.625,98.59,98.63,101,99596750,19818,19839,99.85,97.49,98.67,98.655,0.0,98.61,0.0,0,0,2017-04-21,33339600,98.625,1,0,0,0,0,0,0,0,0,98.63,2,0,0,0,0,0,0,0,0
74,2017-04-21,09:15:40,100,TF1706,CCFX,98.63,98.59,98.63,103,101569350,19817,19839,99.85,97.49,98.67,98.655,0.0,98.61,0.0,0,0,2017-04-21,33340100,98.63,1,0,0,0,0,0,0,0,0,98.645,1,0,0,0,0,0,0,0,0
75,2017-04-21,09:15:40,600,TF1706,CCFX,98.63,98.59,98.63,104,102555650,19818,19839,99.85,97.49,98.67,98.655,0.0,98.61,0.0,0,0,2017-04-21,33340600,98.635,1,0,0,0,0,0,0,0,0,98.64,1,0,0,0,0,0,0,0,0
76,2017-04-21,09:15:41,100,TF1706,CCFX,98.63,98.59,98.63,105,103541950,19817,19839,99.85,97.49,98.67,98.655,0.0,98.61,0.0,0,0,2017-04-21,33341100,98.62,3,0,0,0,0,0,0,0,0,98.635,5,0,0,0,0,0,0,0,0
77,2017-04-21,09:15:41,600,TF1706,CCFX,98.63,98.59,98.63,105,103541950,19817,19839,99.85,97.49,98.67,98.655,0.0,98.61,0.0,0,0,2017-04-21,33341600,98.62,3,0,0,0,0,0,0,0,0,98.635,4,0,0,0,0,0,0,0,0
78,2017-04-21,09:15:42,100,TF1706,CCFX,98.635,98.59,98.635,106,104528300,19818,19839,99.85,97.49,98.67,98.655,0.0,98.61,0.0,0,0,2017-04-21,33342100,98.62,7,0,0,0,0,0,0,0,0,98.635,1,0,0,0,0,0,0,0,0
79,2017-04-21,09:15:42,600,TF1706,CCFX,98.635,98.59,98.635,106,104528300,19818,19839,99.85,97.49,98.67,98.655,0.0,98.61,0.0,0,0,2017-04-21,33342600,98.625,1,0,0,0,0,0,0,0,0,98.635,2,0,0,0,0,0,0,0,0
80,2017-04-21,09:15:43,100,TF1706,CCFX,98.635,98.59,98.635,106,104528300,19818,19839,99.85,97.49,98.67,98.655,0.0,98.61,0.0,0,0,2017-04-21,33343100,98.625,1,0,0,0,0,0,0,0,0,98.635,1,0,0,0,0,0,0,0,0
81,2017-04-21,09:15:43,600,TF1706,CCFX,98.635,98.59,98.635,106,104528300,19818,19839,99.85,97.49,98.67,98.655,0.0,98.61,0.0,0,0,2017-04-21,33343600,98.625,1,0,0,0,0,0,0,0,0,98.63,2,0,0,0,0,0,0,0,0
82,2017-04-21,09:15:44,100,TF1706,CCFX,98.625,98.59,98.635,107,105514550,19819,19839,99.85,97.49,98.67,98.655,0.0,98.61,0.0,0,0,2017-04-21,33344100,98.62,3,0,0,0,0,0,0,0,0,98.63,2,0,0,0,0,0,0,0,0
83,2017-04-21,09:15:44,600,TF1706,CCFX,98.625,98.59,98.635,107,105514550,19819,19839,99.85,97.49,98.67,98.655,0.0,98.61,0.0,0,0,2017-04-21,33344600,98.62,3,0,0,0,0,0,0,0,0,98.63,2,0,0,0,0,0,0,0,0
84,2017-04-21,09:15:45,100,TF1706,CCFX,98.625,98.59,98.635,107,105514550,19819,19839,99.85,97.49,98.67,98.655,0.0,98.61,0.0,0,0,2017-04-21,33345100,98.62,3,0,0,0,0,0,0,0,0,98.63,3,0,0,0,0,0,0,0,0
85,2017-04-21,09:15:45,600,TF1706,CCFX,98.625,98.59,98.635,107,105514550,19819,19839,99.85,97.49,98.67,98.655,0.0,98.61,0.0,0,0,2017-04-21,33345600,98.62,3,0,0,0,0,0,0,0,0,98.63,3,0,0,0,0,0,0,0,0
86,2017-04-21,09:15:46,100,TF1706,CCFX,98.625,98.59,98.635,107,105514550,19819,19839,99.85,97.49,98.67,98.655,0.0,98.61,0.0,0,0,2017-04-21,33346100,98.62,3,0,0,0,0,0,0,0,0,98.63,3,0,0,0,0,0,0,0,0
87,2017-04-21,09:15:46,600,TF1706,CCFX,98.625,98.59,98.635,107,105514550,19819,19839,99.85,97.49,98.67,98.655,0.0,98.61,0.0,0,0,2017-04-21,33346600,98.62,4,0,0,0,0,0,0,0,0,98.63,12,0,0,0,0,0,0,0,0
88,2017-04-21,09:15:48,100,TF1706,CCFX,98.625,98.59,98.635,107,105514550,19819,19839,99.85,97.49,98.67,98.655,0.0,98.61,0.0,0,0,2017-04-21,33348100,98.62,4,0,0,0,0,0,0,0,0,98.63,12,0,0,0,0,0,0,0,0
89,2017-04-21,09:15:48,600,TF1706,CCFX,98.625,98.59,98.635,107,105514550,19819,19839,99.85,97.49,98.67,98.655,0.0,98.61,0.0,0,0,2017-04-21,33348600,98.62,4,0,0,0,0,0,0,0,0,98.625,1,0,0,0,0,0,0,0,0
90,2017-04-21,09:15:49,100,TF1706,CCFX,98.625,98.59,98.635,107,105514550,19819,19839,99.85,97.49,98.67,98.655,0.0,98.61,0.0,0,0,2017-04-21,33349100,98.62,2,0,0,0,0,0,0,0,0,98.625,2,0,0,0,0,0,0,0,0
91,2017-04-21,09:15:49,600,TF1706,CCFX,98.62,98.59,98.635,109,107486950,19819,19839,99.85,97.49,98.67,98.655,0.0,98.61,0.0,0,0,2017-04-21,33349600,98.61,33,0,0,0,0,0,0,0,0,98.625,3,0,0,0,0,0,0,0,0
92,2017-04-21,09:15:50,100,TF1706,CCFX,98.625,98.59,98.635,110,108473200,19819,19839,99.85,97.49,98.67,98.655,0.0,98.61,0.0,0,0,2017-04-21,33350100,98.615,2,0,0,0,0,0,0,0,0,98.625,2,0,0,0,0,0,0,0,0
93,2017-04-21,09:15:50,600,TF1706,CCFX,98.625,98.59,98.635,110,108473200,19819,19839,99.85,97.49,98.67,98.655,0.0,98.61,0.0,0,0,2017-04-21,33350600,98.615,2,0,0,0,0,0,0,0,0,98.625,3,0,0,0,0,0,0,0,0
94,2017-04-21,09:15:51,600,TF1706,CCFX,98.625,98.59,98.635,110,108473200,19819,19839,99.85,97.49,98.67,98.655,0.0,98.61,0.0,0,0,2017-04-21,33351600,98.615,4,0,0,0,0,0,0,0,0,98.62,1,0,0,0,0,0,0,0,0
95,2017-04-21,09:15:52,100,TF1706,CCFX,98.625,98.59,98.635,110,108473200,19819,19839,99.85,97.49,98.67,98.655,0.0,98.61,0.0,0,0,2017-04-21,33352100,98.615,4,0,0,0,0,0,0,0,0,98.62,2,0,0,0,0,0,0,0,0
96,2017-04-21,09:15:52,600,TF1706,CCFX,98.625,98.59,98.635,110,108473200,19819,19839,99.85,97.49,98.67,98.655,0.0,98.61,0.0,0,0,2017-04-21,33352600,98.615,3,0,0,0,0,0,0,0,0,98.62,2,0,0,0,0,0,0,0,0
97,2017-04-21,09:15:53,100,TF1706,CCFX,98.625,98.59,98.635,110,108473200,19819,19839,99.85,97.49,98.67,98.655,0.0,98.61,0.0,0,0,2017-04-21,33353100,98.615,5,0,0,0,0,0,0,0,0,98.62,2,0,0,0,0,0,0,0,0
98,2017-04-21,09:15:53,600,TF1706,CCFX,98.62,98.59,98.635,112,110445600,19819,19839,99.85,97.49,98.67,98.655,0.0,98.61,0.0,0,0,2017-04-21,33353600,98.615,6,0,0,0,0,0,0,0,0,98.625,2,0,0,0,0,0,0,0,0
99,2017-04-21,09:15:54,100,TF1706,CCFX,98.62,98.59,98.635,112,110445600,19819,19839,99.85,97.49,98.67,98.655,0.0,98.61,0.0,0,0,2017-04-21,33354100,98.615,9,0,0,0,0,0,0,0,0,98.625,2,0,0,0,0,0,0,0,0
100,2017-04-21,09:15:54,600,TF1706,CCFX,98.62,98.59,98.635,112,110445600,19819,19839,99.85,97.49,98.67,98.655,0.0,98.61,0.0,0,0,2017-04-21,33354600,98.615,9,0,0,0,0,0,0,0,0,98.625,2,0,0,0,0,0,0,0,0
101,2017-04-21,09:15:55,100,TF1706,CCFX,98.625,98.59,98.635,113,111431850,19819,19839,99.85,97.49,98.67,98.655,0.0,98.61,0.0,0,0,2017-04-21,33355100,98.615,9,0,0,0,0,0,0,0,0,98.625,1,0,0,0,0,0,0,0,0
102,2017-04-21,09:15:55,600,TF1706,CCFX,98.625,98.59,98.635,113,111431850,19819,19839,99.85,97.49,98.67,98.655,0.0,98.61,0.0,0,0,2017-04-21,33355600,98.62,1,0,0,0,0,0,0,0,0,98.625,1,0,0,0,0,0,0,0,0
103,2017-04-21,09:15:56,100,TF1706,CCFX,98.62,98.59,98.635,115,113404250,19818,19839,99.85,97.49,98.67,98.655,0.0,98.61,0.0,0,0,2017-04-21,33356100,98.615,10,0,0,0,0,0,0,0,0,98.62,9,0,0,0,0,0,0,0,0
104,2017-04-21,09:15:56,600,TF1706,CCFX,98.615,98.59,98.635,124,122279900,19822,19839,99.85,97.49,98.67,98.655,0.0,98.61,0.0,0,0,2017-04-21,33356600,98.615,7,0,0,0,0,0,0,0,0,98.62,1,0,0,0,0,0,0,0,0
105,2017-04-21,09:15:57,100,TF1706,CCFX,98.62,98.59,98.635,125,123266100,19822,19839,99.85,97.49,98.67,98.655,0.0,98.61,0.0,0,0,2017-04-21,33357100,98.62,5,0,0,0,0,0,0,0,0,98.625,2,0,0,0,0,0,0,0,0
106,2017-04-21,09:15:57,600,TF1706,CCFX,98.62,98.59,98.635,125,123266100,19822,19839,99.85,97.49,98.67,98.655,0.0,98.61,0.0,0,0,2017-04-21,33357600,98.62,2,0,0,0,0,0,0,0,0,98.625,2,0,0,0,0,0,0,0,0
107,2017-04-21,09:15:58,100,TF1706,CCFX,98.62,98.59,98.635,125,123266100,19822,19839,99.85,97.49,98.67,98.655,0.0,98.61,0.0,0,0,2017-04-21,33358100,98.62,2,0,0,0,0,0,0,0,0,98.625,3,0,0,0,0,0,0,0,0
108,2017-04-21,09:15:58,600,TF1706,CCFX,98.62,98.59,98.635,125,123266100,19822,19839,99.85,97.49,98.67,98.655,0.0,98.61,0.0,0,0,2017-04-21,33358600,98.62,2,0,0,0,0,0,0,0,0,98.625,3,0,0,0,0,0,0,0,0
109,2017-04-21,09:15:59,100,TF1706,CCFX,98.62,98.59,98.635,126,124252300,19822,19839,99.85,97.49,98.67,98.655,0.0,98.61,0.0,0,0,2017-04-21,33359100,98.62,1,0,0,0,0,0,0,0,0,98.625,3,0,0,0,0,0,0,0,0
110,2017-04-21,09:15:59,600,TF1706,CCFX,98.625,98.59,98.635,128,126224750,19823,19839,99.85,97.49,98.67,98.655,0.0,98.61,0.0,0,0,2017-04-21,33359600,98.615,5,0,0,0,0,0,0,0,0,98.625,3,0,0,0,0,0,0,0,0
111,2017-04-21,09:16:00,100,TF1706,CCFX,98.625,98.59,98.635,128,126224750,19823,19839,99.85,97.49,98.67,98.655,0.0,98.61,0.0,0,0,2017-04-21,33360100,98.615,2,0,0,0,0,0,0,0,0,98.625,3,0,0,0,0,0,0,0,0
112,2017-04-21,09:16:00,600,TF1706,CCFX,98.625,98.59,98.635,128,126224750,19823,19839,99.85,97.49,98.67,98.655,0.0,98.61,0.0,0,0,2017-04-21,33360600,98.62,2,0,0,0,0,0,0,0,0,98.625,3,0,0,0,0,0,0,0,0
113,2017-04-21,09:16:01,100,TF1706,CCFX,98.62,98.59,98.635,132,130169550,19821,19839,99.85,97.49,98.67,98.655,0.0,98.61,0.0,0,0,2017-04-21,33361100,98.615,2,0,0,0,0,0,0,0,0,98.625,3,0,0,0,0,0,0,0,0
114,2017-04-21,09:16:01,600,TF1706,CCFX,98.62,98.59,98.635,132,130169550,19821,19839,99.85,97.49,98.67,98.655,0.0,98.61,0.0,0,0,2017-04-21,33361600,98.615,3,0,0,0,0,0,0,0,0,98.625,3,0,0,0,0,0,0,0,0
115,2017-04-21,09:16:02,100,TF1706,CCFX,98.625,98.59,98.635,135,133128300,19818,19839,99.85,97.49,98.67,98.655,0.0,98.61,0.0,0,0,2017-04-21,33362100,98.615,3,0,0,0,0,0,0,0,0,98.625,1,0,0,0,0,0,0,0,0
116,2017-04-21,09:16:02,600,TF1706,CCFX,98.625,98.59,98.635,136,134114550,19818,19839,99.85,97.49,98.67,98.655,0.0,98.61,0.0,0,0,2017-04-21,33362600,98.625,1,0,0,0,0,0,0,0,0,98.63,10,0,0,0,0,0,0,0,0
117,2017-04-21,09:16:03,100,TF1706,CCFX,98.625,98.59,98.635,137,135100800,19818,19839,99.85,97.49,98.67,98.655,0.0,98.61,0.0,0,0,2017-04-21,33363100,98.615,3,0,0,0,0,0,0,0,0,98.62,4,0,0,0,0,0,0,0,0
118,2017-04-21,09:16:03,600,TF1706,CCFX,98.615,98.59,98.635,138,136086950,19818,19839,99.85,97.49,98.67,98.655,0.0,98.61,0.0,0,0,2017-04-21,33363600,98.615,2,0,0,0,0,0,0,0,0,98.62,6,0,0,0,0,0,0,0,0
119,2017-04-21,09:16:04,100,TF1706,CCFX,98.615,98.59,98.635,139,137073100,19818,19839,99.85,97.49,98.67,98.655,0.0,98.61,0.0,0,0,2017-04-21,33364100,98.615,2,0,0,0,0,0,0,0,0,98.62,8,0,0,0,0,0,0,0,0
120,2017-04-21,09:16:04,600,TF1706,CCFX,98.62,98.59,98.635,140,138059300,19818,19839,99.85,97.49,98.67,98.655,0.0,98.61,0.0,0,0,2017-04-21,33364600,98.615,3,0,0,0,0,0,0,0,0,98.62,9,0,0,0,0,0,0,0,0
121,2017-04-21,09:16:05,100,TF1706,CCFX,98.615,98.59,98.635,141,139045450,19819,19839,99.85,97.49,98.67,98.655,0.0,98.61,0.0,0,0,2017-04-21,33365100,98.615,2,0,0,0,0,0,0,0,0,98.62,13,0,0,0,0,0,0,0,0
122,2017-04-21,09:16:05,600,TF1706,CCFX,98.615,98.59,98.635,143,141017750,19820,19839,99.85,97.49,98.67,98.655,0.0,98.61,0.0,0,0,2017-04-21,33365600,98.61,32,0,0,0,0,0,0,0,0,98.615,1,0,0,0,0,0,0,0,0
123,2017-04-21,09:16:06,100,TF1706,CCFX,98.615,98.59,98.635,144,142003900,19820,19839,99.85,97.49,98.67,98.655,0.0,98.61,0.0,0,0,2017-04-21,33366100,98.615,1,0,0,0,0,0,0,0,0,98.62,13,0,0,0,0,0,0,0,0
124,2017-04-21,09:16:06,600,TF1706,CCFX,98.615,98.59,98.635,144,142003900,19820,19839,99.85,97.49,98.67,98.655,0.0,98.61,0.0,0,0,2017-04-21,33366600,98.61,32,0,0,0,0,0,0,0,0,98.62,17,0,0,0,0,0,0,0,0
125,2017-04-21,09:16:07,100,TF1706,CCFX,98.62,98.59,98.635,145,142990100,19821,19839,99.85,97.49,98.67,98.655,0.0,98.61,0.0,0,0,2017-04-21,33367100,98.615,1,0,0,0,0,0,0,0,0,98.62,13,0,0,0,0,0,0,0,0
126,2017-04-21,09:16:07,600,TF1706,CCFX,98.615,98.59,98.635,146,143976250,19820,19839,99.85,97.49,98.67,98.655,0.0,98.61,0.0,0,0,2017-04-21,33367600,98.61,32,0,0,0,0,0,0,0,0,98.615,3,0,0,0,0,0,0,0,0
127,2017-04-21,09:16:08,100,TF1706,CCFX,98.615,98.59,98.635,146,143976250,19820,19839,99.85,97.49,98.67,98.655,0.0,98.61,0.0,0,0,2017-04-21,33368100,98.61,32,0,0,0,0,0,0,0,0,98.615,4,0,0,0,0,0,0,0,0
128,2017-04-21,09:16:08,600,TF1706,CCFX,98.615,98.59,98.635,146,143976250,19820,19839,99.85,97.49,98.67,98.655,0.0,98.61,0.0,0,0,2017-04-21,33368600,98.61,32,0,0,0,0,0,0,0,0,98.615,5,0,0,0,0,0,0,0,0
129,2017-04-21,09:16:09,100,TF1706,CCFX,98.615,98.59,98.635,146,143976250,19820,19839,99.85,97.49,98.67,98.655,0.0,98.61,0.0,0,0,2017-04-21,33369100,98.61,32,0,0,0,0,0,0,0,0,98.615,1,0,0,0,0,0,0,0,0
130,2017-04-21,09:16:09,600,TF1706,CCFX,98.615,98.59,98.635,146,143976250,19820,19839,99.85,97.49,98.67,98.655,0.0,98.61,0.0,0,0,2017-04-21,33369600,98.61,33,0,0,0,0,0,0,0,0,98.62,12,0,0,0,0,0,0,0,0
131,2017-04-21,09:16:10,100,TF1706,CCFX,98.615,98.59,98.635,146,143976250,19820,19839,99.85,97.49,98.67,98.655,0.0,98.61,0.0,0,0,2017-04-21,33370100,98.61,33,0,0,0,0,0,0,0,0,98.62,13,0,0,0,0,0,0,0,0
132,2017-04-21,09:16:11,100,TF1706,CCFX,98.615,98.59,98.635,146,143976250,19820,19839,99.85,97.49,98.67,98.655,0.0,98.61,0.0,0,0,2017-04-21,33371100,98.61,33,0,0,0,0,0,0,0,0,98.62,14,0,0,0,0,0,0,0,0
133,2017-04-21,09:16:12,600,TF1706,CCFX,98.615,98.59,98.635,146,143976250,19820,19839,99.85,97.49,98.67,98.655,0.0,98.61,0.0,0,0,2017-04-21,33372600,98.61,33,0,0,0,0,0,0,0,0,98.62,5,0,0,0,0,0,0,0,0
134,2017-04-21,09:16:13,100,TF1706,CCFX,98.615,98.59,98.635,146,143976250,19820,19839,99.85,97.49,98.67,98.655,0.0,98.61,0.0,0,0,2017-04-21,33373100,98.61,33,0,0,0,0,0,0,0,0,98.62,4,0,0,0,0,0,0,0,0
135,2017-04-21,09:16:13,600,TF1706,CCFX,98.615,98.59,98.635,146,143976250,19820,19839,99.85,97.49,98.67,98.655,0.0,98.61,0.0,0,0,2017-04-21,33373600,98.615,1,0,0,0,0,0,0,0,0,98.62,3,0,0,0,0,0,0,0,0
136,2017-04-21,09:16:15,100,TF1706,CCFX,98.615,98.59,98.635,146,143976250,19820,19839,99.85,97.49,98.67,98.655,0.0,98.61,0.0,0,0,2017-04-21,33375100,98.615,1,0,0,0,0,0,0,0,0,98.62,11,0,0,0,0,0,0,0,0
137,2017-04-21,09:16:15,600,TF1706,CCFX,98.615,98.59,98.635,146,143976250,19820,19839,99.85,97.49,98.67,98.655,0.0,98.61,0.0,0,0,2017-04-21,33375600,98.615,1,0,0,0,0,0,0,0,0,98.62,12,0,0,0,0,0,0,0,0
138,2017-04-21,09:16:17,100,TF1706,CCFX,98.615,98.59,98.635,146,143976250,19820,19839,99.85,97.49,98.67,98.655,0.0,98.61,0.0,0,0,2017-04-21,33377100,98.615,1,0,0,0,0,0,0,0,0,98.62,5,0,0,0,0,0,0,0,0
139,2017-04-21,09:16:17,600,TF1706,CCFX,98.62,98.59,98.635,147,144962450,19821,19839,99.85,97.49,98.67,98.655,0.0,98.61,0.0,0,0,2017-04-21,33377600,98.615,1,0,0,0,0,0,0,0,0,98.62,3,0,0,0,0,0,0,0,0
140,2017-04-21,09:16:20,100,TF1706,CCFX,98.62,98.59,98.635,148,145948650,19822,19839,99.85,97.49,98.67,98.655,0.0,98.61,0.0,0,0,2017-04-21,33380100,98.615,1,0,0,0,0,0,0,0,0,98.62,2,0,0,0,0,0,0,0,0
141,2017-04-21,09:16:20,600,TF1706,CCFX,98.62,98.59,98.635,150,147921050,19820,19839,99.85,97.49,98.67,98.655,0.0,98.61,0.0,0,0,2017-04-21,33380600,98.62,3,0,0,0,0,0,0,0,0,98.625,2,0,0,0,0,0,0,0,0
142,2017-04-21,09:16:21,100,TF1706,CCFX,98.62,98.59,98.635,150,147921050,19820,19839,99.85,97.49,98.67,98.655,0.0,98.61,0.0,0,0,2017-04-21,33381100,98.62,2,0,0,0,0,0,0,0,0,98.625,3,0,0,0,0,0,0,0,0
143,2017-04-21,09:16:22,100,TF1706,CCFX,98.62,98.59,98.635,150,147921050,19820,19839,99.85,97.49,98.67,98.655,0.0,98.61,0.0,0,0,2017-04-21,33382100,98.62,2,0,0,0,0,0,0,0,0,98.625,3,0,0,0,0,0,0,0,0
144,2017-04-21,09:16:23,100,TF1706,CCFX,98.62,98.59,98.635,150,147921050,19820,19839,99.85,97.49,98.67,98.655,0.0,98.61,0.0,0,0,2017-04-21,33383100,98.62,4,0,0,0,0,0,0,0,0,98.625,3,0,0,0,0,0,0,0,0
145,2017-04-21,09:16:24,100,TF1706,CCFX,98.62,98.59,98.635,150,147921050,19820,19839,99.85,97.49,98.67,98.655,0.0,98.61,0.0,0,0,2017-04-21,33384100,98.62,7,0,0,0,0,0,0,0,0,98.625,3,0,0,0,0,0,0,0,0
146,2017-04-21,09:16:24,600,TF1706,CCFX,98.62,98.59,98.635,150,147921050,19820,19839,99.85,97.49,98.67,98.655,0.0,98.61,0.0,0,0,2017-04-21,33384600,98.62,7,0,0,0,0,0,0,0,0,98.625,1,0,0,0,0,0,0,0,0
147,2017-04-21,09:16:25,100,TF1706,CCFX,98.62,98.59,98.635,150,147921050,19820,19839,99.85,97.49,98.67,98.655,0.0,98.61,0.0,0,0,2017-04-21,33385100,98.62,8,0,0,0,0,0,0,0,0,98.625,1,0,0,0,0,0,0,0,0
148,2017-04-21,09:16:25,600,TF1706,CCFX,98.62,98.59,98.635,150,147921050,19820,19839,99.85,97.49,98.67,98.655,0.0,98.61,0.0,0,0,2017-04-21,33385600,98.62,8,0,0,0,0,0,0,0,0,98.625,1,0,0,0,0,0,0,0,0
149,2017-04-21,09:16:29,100,TF1706,CCFX,98.62,98.59,98.635,150,147921050,19820,19839,99.85,97.49,98.67,98.655,0.0,98.61,0.0,0,0,2017-04-21,33389100,98.62,6,0,0,0,0,0,0,0,0,98.625,1,0,0,0,0,0,0,0,0
150,2017-04-21,09:16:30,100,TF1706,CCFX,98.62,98.59,98.635,150,147921050,19820,19839,99.85,97.49,98.67,98.655,0.0,98.61,0.0,0,0,2017-04-21,33390100,98.62,3,0,0,0,0,0,0,0,0,98.625,1,0,0,0,0,0,0,0,0
151,2017-04-21,09:16:30,600,TF1706,CCFX,98.62,98.59,98.635,151,148907250,19820,19839,99.85,97.49,98.67,98.655,0.0,98.61,0.0,0,0,2017-04-21,33390600,98.62,1,0,0,0,0,0,0,0,0,98.625,1,0,0,0,0,0,0,0,0
152,2017-04-21,09:16:31,100,TF1706,CCFX,98.625,98.59,98.635,152,149893500,19820,19839,99.85,97.49,98.67,98.655,0.0,98.61,0.0,0,0,2017-04-21,33391100,98.62,1,0,0,0,0,0,0,0,0,98.625,2,0,0,0,0,0,0,0,0
153,2017-04-21,09:16:31,600,TF1706,CCFX,98.62,98.59,98.635,153,150879700,19819,19839,99.85,97.49,98.67,98.655,0.0,98.61,0.0,0,0,2017-04-21,33391600,98.615,3,0,0,0,0,0,0,0,0,98.625,3,0,0,0,0,0,0,0,0
154,2017-04-21,09:16:32,100,TF1706,CCFX,98.625,98.59,98.635,156,153838450,19818,19839,99.85,97.49,98.67,98.655,0.0,98.61,0.0,0,0,2017-04-21,33392100,98.615,5,0,0,0,0,0,0,0,0,98.63,10,0,0,0,0,0,0,0,0
155,2017-04-21,09:16:32,600,TF1706,CCFX,98.625,98.59,98.635,156,153838450,19818,19839,99.85,97.49,98.67,98.655,0.0,98.61,0.0,0,0,2017-04-21,33392600,98.615,5,0,0,0,0,0,0,0,0,98.625,1,0,0,0,0,0,0,0,0
156,2017-04-21,09:16:33,100,TF1706,CCFX,98.625,98.59,98.635,156,153838450,19818,19839,99.85,97.49,98.67,98.655,0.0,98.61,0.0,0,0,2017-04-21,33393100,98.615,5,0,0,0,0,0,0,0,0,98.62,2,0,0,0,0,0,0,0,0
157,2017-04-21,09:16:33,600,TF1706,CCFX,98.62,98.59,98.635,158,155810850,19818,19839,99.85,97.49,98.67,98.655,0.0,98.61,0.0,0,0,2017-04-21,33393600,98.62,4,0,0,0,0,0,0,0,0,98.625,2,0,0,0,0,0,0,0,0
158,2017-04-21,09:16:34,100,TF1706,CCFX,98.62,98.59,98.635,158,155810850,19818,19839,99.85,97.49,98.67,98.655,0.0,98.61,0.0,0,0,2017-04-21,33394100,98.62,6,0,0,0,0,0,0,0,0,98.625,3,0,0,0,0,0,0,0,0
159,2017-04-21,09:16:34,600,TF1706,CCFX,98.625,98.59,98.635,161,158769600,19816,19839,99.85,97.49,98.67,98.655,0.0,98.61,0.0,0,0,2017-04-21,33394600,98.625,4,0,0,0,0,0,0,0,0,98.63,2,0,0,0,0,0,0,0,0
160,2017-04-21,09:16:35,100,TF1706,CCFX,98.625,98.59,98.635,161,158769600,19816,19839,99.85,97.49,98.67,98.655,0.0,98.61,0.0,0,0,2017-04-21,33395100,98.625,3,0,0,0,0,0,0,0,0,98.63,2,0,0,0,0,0,0,0,0
161,2017-04-21,09:16:35,600,TF1706,CCFX,98.625,98.59,98.635,161,158769600,19816,19839,99.85,97.49,98.67,98.655,0.0,98.61,0.0,0,0,2017-04-21,33395600,98.625,2,0,0,0,0,0,0,0,0,98.63,2,0,0,0,0,0,0,0,0
162,2017-04-21,09:16:36,100,TF1706,CCFX,98.63,98.59,98.635,163,160742200,19815,19839,99.85,97.49,98.67,98.655,0.0,98.61,0.0,0,0,2017-04-21,33396100,98.625,4,0,0,0,0,0,0,0,0,98.635,10,0,0,0,0,0,0,0,0
163,2017-04-21,09:16:36,600,TF1706,CCFX,98.63,98.59,98.635,163,160742200,19815,19839,99.85,97.49,98.67,98.655,0.0,98.61,0.0,0,0,2017-04-21,33396600,98.625,2,0,0,0,0,0,0,0,0,98.635,10,0,0,0,0,0,0,0,0
164,2017-04-21,09:16:37,100,TF1706,CCFX,98.63,98.59,98.635,163,160742200,19815,19839,99.85,97.49,98.67,98.655,0.0,98.61,0.0,0,0,2017-04-21,33397100,98.625,2,0,0,0,0,0,0,0,0,98.635,13,0,0,0,0,0,0,0,0
165,2017-04-21,09:16:37,600,TF1706,CCFX,98.63,98.59,98.635,163,160742200,19815,19839,99.85,97.49,98.67,98.655,0.0,98.61,0.0,0,0,2017-04-21,33397600,98.625,4,0,0,0,0,0,0,0,0,98.635,12,0,0,0,0,0,0,0,0
166,2017-04-21,09:16:38,100,TF1706,CCFX,98.635,98.59,98.635,164,161728550,19815,19839,99.85,97.49,98.67,98.655,0.0,98.61,0.0,0,0,2017-04-21,33398100,98.625,4,0,0,0,0,0,0,0,0,98.635,11,0,0,0,0,0,0,0,0
167,2017-04-21,09:16:38,600,TF1706,CCFX,98.635,98.59,98.635,164,161728550,19815,19839,99.85,97.49,98.67,98.655,0.0,98.61,0.0,0,0,2017-04-21,33398600,98.625,2,0,0,0,0,0,0,0,0,98.635,12,0,0,0,0,0,0,0,0
168,2017-04-21,09:16:39,100,TF1706,CCFX,98.635,98.59,98.635,165,162714900,19814,19839,99.85,97.49,98.67,98.655,0.0,98.61,0.0,0,0,2017-04-21,33399100,98.625,6,0,0,0,0,0,0,0,0,98.635,1,0,0,0,0,0,0,0,0
169,2017-04-21,09:16:39,600,TF1706,CCFX,98.635,98.59,98.635,165,162714900,19814,19839,99.85,97.49,98.67,98.655,0.0,98.61,0.0,0,0,2017-04-21,33399600,98.63,1,0,0,0,0,0,0,0,0,98.635,11,0,0,0,0,0,0,0,0
170,2017-04-21,09:16:40,100,TF1706,CCFX,98.63,98.59,98.635,166,163701200,19815,19839,99.85,97.49,98.67,98.655,0.0,98.61,0.0,0,0,2017-04-21,33400100,98.625,4,0,0,0,0,0,0,0,0,98.635,11,0,0,0,0,0,0,0,0
171,2017-04-21,09:16:40,600,TF1706,CCFX,98.63,98.59,98.635,166,163701200,19815,19839,99.85,97.49,98.67,98.655,0.0,98.61,0.0,0,0,2017-04-21,33400600,98.625,4,0,0,0,0,0,0,0,0,98.635,11,0,0,0,0,0,0,0,0
172,2017-04-21,09:16:42,600,TF1706,CCFX,98.63,98.59,98.635,166,163701200,19815,19839,99.85,97.49,98.67,98.655,0.0,98.61,0.0,0,0,2017-04-21,33402600,98.625,4,0,0,0,0,0,0,0,0,98.63,15,0,0,0,0,0,0,0,0
173,2017-04-21,09:16:43,100,TF1706,CCFX,98.63,98.59,98.635,166,163701200,19815,19839,99.85,97.49,98.67,98.655,0.0,98.61,0.0,0,0,2017-04-21,33403100,98.625,4,0,0,0,0,0,0,0,0,98.63,15,0,0,0,0,0,0,0,0
174,2017-04-21,09:16:43,600,TF1706,CCFX,98.63,98.59,98.635,166,163701200,19815,19839,99.85,97.49,98.67,98.655,0.0,98.61,0.0,0,0,2017-04-21,33403600,98.625,3,0,0,0,0,0,0,0,0,98.63,15,0,0,0,0,0,0,0,0
175,2017-04-21,09:16:44,600,TF1706,CCFX,98.63,98.59,98.635,181,178495700,19807,19839,99.85,97.49,98.67,98.655,0.0,98.61,0.0,0,0,2017-04-21,33404600,98.625,3,0,0,0,0,0,0,0,0,98.635,2,0,0,0,0,0,0,0,0
176,2017-04-21,09:16:45,100,TF1706,CCFX,98.635,98.59,98.635,182,179482050,19808,19839,99.85,97.49,98.67,98.655,0.0,98.61,0.0,0,0,2017-04-21,33405100,98.635,2,0,0,0,0,0,0,0,0,98.64,1,0,0,0,0,0,0,0,0
177,2017-04-21,09:16:45,600,TF1706,CCFX,98.64,98.59,98.64,183,180468450,19808,19839,99.85,97.49,98.67,98.655,0.0,98.61,0.0,0,0,2017-04-21,33405600,98.64,1,0,0,0,0,0,0,0,0,98.645,4,0,0,0,0,0,0,0,0
178,2017-04-21,09:16:46,100,TF1706,CCFX,98.64,98.59,98.64,185,182441250,19809,19839,99.85,97.49,98.67,98.655,0.0,98.61,0.0,0,0,2017-04-21,33406100,98.635,1,0,0,0,0,0,0,0,0,98.64,2,0,0,0,0,0,0,0,0
179,2017-04-21,09:16:46,600,TF1706,CCFX,98.64,98.59,98.64,185,182441250,19809,19839,99.85,97.49,98.67,98.655,0.0,98.61,0.0,0,0,2017-04-21,33406600,98.635,2,0,0,0,0,0,0,0,0,98.64,4,0,0,0,0,0,0,0,0
180,2017-04-21,09:16:47,100,TF1706,CCFX,98.64,98.59,98.64,185,182441250,19809,19839,99.85,97.49,98.67,98.655,0.0,98.61,0.0,0,0,2017-04-21,33407100,98.635,1,0,0,0,0,0,0,0,0,98.64,5,0,0,0,0,0,0,0,0
181,2017-04-21,09:16:47,600,TF1706,CCFX,98.635,98.59,98.64,186,183427600,19809,19839,99.85,97.49,98.67,98.655,0.0,98.61,0.0,0,0,2017-04-21,33407600,98.63,1,0,0,0,0,0,0,0,0,98.64,6,0,0,0,0,0,0,0,0
182,2017-04-21,09:16:48,100,TF1706,CCFX,98.635,98.59,98.64,186,183427600,19809,19839,99.85,97.49,98.67,98.655,0.0,98.61,0.0,0,0,2017-04-21,33408100,98.63,1,0,0,0,0,0,0,0,0,98.64,6,0,0,0,0,0,0,0,0
183,2017-04-21,09:16:48,600,TF1706,CCFX,98.635,98.59,98.64,186,183427600,19809,19839,99.85,97.49,98.67,98.655,0.0,98.61,0.0,0,0,2017-04-21,33408600,98.63,1,0,0,0,0,0,0,0,0,98.635,1,0,0,0,0,0,0,0,0
184,2017-04-21,09:16:49,100,TF1706,CCFX,98.635,98.59,98.64,187,184413950,19809,19839,99.85,97.49,98.67,98.655,0.0,98.61,0.0,0,0,2017-04-21,33409100,98.63,1,0,0,0,0,0,0,0,0,98.64,9,0,0,0,0,0,0,0,0
185,2017-04-21,09:16:49,600,TF1706,CCFX,98.63,98.59,98.64,189,186386650,19811,19839,99.85,97.49,98.67,98.655,0.0,98.61,0.0,0,0,2017-04-21,33409600,98.625,2,0,0,0,0,0,0,0,0,98.63,1,0,0,0,0,0,0,0,0
186,2017-04-21,09:16:50,100,TF1706,CCFX,98.63,98.59,98.64,189,186386650,19811,19839,99.85,97.49,98.67,98.655,0.0,98.61,0.0,0,0,2017-04-21,33410100,98.63,1,0,0,0,0,0,0,0,0,98.635,2,0,0,0,0,0,0,0,0
187,2017-04-21,09:16:50,600,TF1706,CCFX,98.63,98.59,98.64,192,189345500,19809,19839,99.85,97.49,98.67,98.655,0.0,98.61,0.0,0,0,2017-04-21,33410600,98.625,2,0,0,0,0,0,0,0,0,98.63,6,0,0,0,0,0,0,0,0
188,2017-04-21,09:16:51,100,TF1706,CCFX,98.63,98.59,98.64,192,189345500,19809,19839,99.85,97.49,98.67,98.655,0.0,98.61,0.0,0,0,2017-04-21,33411100,98.625,2,0,0,0,0,0,0,0,0,98.63,4,0,0,0,0,0,0,0,0
189,2017-04-21,09:16:52,600,TF1706,CCFX,98.63,98.59,98.64,193,190331800,19809,19839,99.85,97.49,98.67,98.655,0.0,98.61,0.0,0,0,2017-04-21,33412600,98.625,2,0,0,0,0,0,0,0,0,98.63,3,0,0,0,0,0,0,0,0
190,2017-04-21,09:16:53,100,TF1706,CCFX,98.63,98.59,98.64,193,190331800,19809,19839,99.85,97.49,98.67,98.655,0.0,98.61,0.0,0,0,2017-04-21,33413100,98.625,4,0,0,0,0,0,0,0,0,98.63,2,0,0,0,0,0,0,0,0
191,2017-04-21,09:16:53,600,TF1706,CCFX,98.63,98.59,98.64,195,192304400,19810,19839,99.85,97.49,98.67,98.655,0.0,98.61,0.0,0,0,2017-04-21,33413600,98.625,4,0,0,0,0,0,0,0,0,98.635,8,0,0,0,0,0,0,0,0
192,2017-04-21,09:16:54,100,TF1706,CCFX,98.63,98.59,98.64,195,192304400,19810,19839,99.85,97.49,98.67,98.655,0.0,98.61,0.0,0,0,2017-04-21,33414100,98.63,1,0,0,0,0,0,0,0,0,98.635,8,0,0,0,0,0,0,0,0
193,2017-04-21,09:16:54,600,TF1706,CCFX,98.63,98.59,98.64,196,193290700,19809,19839,99.85,97.49,98.67,98.655,0.0,98.61,0.0,0,0,2017-04-21,33414600,98.625,7,0,0,0,0,0,0,0,0,98.635,8,0,0,0,0,0,0,0,0
194,2017-04-21,09:16:55,100,TF1706,CCFX,98.63,98.59,98.64,196,193290700,19809,19839,99.85,97.49,98.67,98.655,0.0,98.61,0.0,0,0,2017-04-21,33415100,98.625,7,0,0,0,0,0,0,0,0,98.635,7,0,0,0,0,0,0,0,0
195,2017-04-21,09:16:57,100,TF1706,CCFX,98.63,98.59,98.64,196,193290700,19809,19839,99.85,97.49,98.67,98.655,0.0,98.61,0.0,0,0,2017-04-21,33417100,98.625,8,0,0,0,0,0,0,0,0,98.635,7,0,0,0,0,0,0,0,0
196,2017-04-21,09:16:57,600,TF1706,CCFX,98.63,98.59,98.64,196,193290700,19809,19839,99.85,97.49,98.67,98.655,0.0,98.61,0.0,0,0,2017-04-21,33417600,98.625,8,0,0,0,0,0,0,0,0,98.635,1,0,0,0,0,0,0,0,0
197,2017-04-21,09:16:58,100,TF1706,CCFX,98.635,98.59,98.64,197,194277050,19808,19839,99.85,97.49,98.67,98.655,0.0,98.61,0.0,0,0,2017-04-21,33418100,98.635,1,0,0,0,0,0,0,0,0,98.64,5,0,0,0,0,0,0,0,0
198,2017-04-21,09:16:58,600,TF1706,CCFX,98.635,98.59,98.64,199,196249750,19807,19839,99.85,97.49,98.67,98.655,0.0,98.61,0.0,0,0,2017-04-21,33418600,98.625,8,0,0,0,0,0,0,0,0,98.635,7,0,0,0,0,0,0,0,0
199,2017-04-21,09:16:59,100,TF1706,CCFX,98.635,98.59,98.64,199,196249750,19807,19839,99.85,97.49,98.67,98.655,0.0,98.61,0.0,0,0,2017-04-21,33419100,98.625,6,0,0,0,0,0,0,0,0,98.635,1,0,0,0,0,0,0,0,0
200,2017-04-21,09:17:00,100,TF1706,CCFX,98.635,98.59,98.64,199,196249750,19807,19839,99.85,97.49,98.67,98.655,0.0,98.61,0.0,0,0,2017-04-21,33420100,98.625,3,0,0,0,0,0,0,0,0,98.635,1,0,0,0,0,0,0,0,0
201,2017-04-21,09:17:00,600,TF1706,CCFX,98.635,98.59,98.64,200,197236100,19807,19839,99.85,97.49,98.67,98.655,0.0,98.61,0.0,0,0,2017-04-21,33420600,98.635,1,0,0,0,0,0,0,0,0,98.64,5,0,0,0,0,0,0,0,0
202,2017-04-21,09:17:01,100,TF1706,CCFX,98.635,98.59,98.64,203,200195150,19805,19839,99.85,97.49,98.67,98.655,0.0,98.61,0.0,0,0,2017-04-21,33421100,98.625,2,0,0,0,0,0,0,0,0,98.635,4,0,0,0,0,0,0,0,0
203,2017-04-21,09:17:01,600,TF1706,CCFX,98.625,98.59,98.64,205,202167650,19804,19839,99.85,97.49,98.67,98.655,0.0,98.61,0.0,0,0,2017-04-21,33421600,98.62,7,0,0,0,0,0,0,0,0,98.625,6,0,0,0,0,0,0,0,0
204,2017-04-21,09:17:02,100,TF1706,CCFX,98.625,98.59,98.64,211,208085150,19798,19839,99.85,97.49,98.67,98.655,0.0,98.61,0.0,0,0,2017-04-21,33422100,98.625,9,0,0,0,0,0,0,0,0,98.635,1,0,0,0,0,0,0,0,0
205,2017-04-21,09:17:02,600,TF1706,CCFX,98.625,98.59,98.64,211,208085150,19798,19839,99.85,97.49,98.67,98.655,0.0,98.61,0.0,0,0,2017-04-21,33422600,98.625,9,0,0,0,0,0,0,0,0,98.635,2,0,0,0,0,0,0,0,0
206,2017-04-21,09:17:03,100,TF1706,CCFX,98.625,98.59,98.64,211,208085150,19798,19839,99.85,97.49,98.67,98.655,0.0,98.61,0.0,0,0,2017-04-21,33423100,98.625,7,0,0,0,0,0,0,0,0,98.635,11,0,0,0,0,0,0,0,0
207,2017-04-21,09:17:03,600,TF1706,CCFX,98.625,98.59,98.64,211,208085150,19798,19839,99.85,97.49,98.67,98.655,0.0,98.61,0.0,0,0,2017-04-21,33423600,98.625,7,0,0,0,0,0,0,0,0,98.635,9,0,0,0,0,0,0,0,0
208,2017-04-21,09:17:04,100,TF1706,CCFX,98.625,98.59,98.64,211,208085150,19798,19839,99.85,97.49,98.67,98.655,0.0,98.61,0.0,0,0,2017-04-21,33424100,98.625,6,0,0,0,0,0,0,0,0,98.635,9,0,0,0,0,0,0,0,0
209,2017-04-21,09:17:05,100,TF1706,CCFX,98.625,98.59,98.64,211,208085150,19798,19839,99.85,97.49,98.67,98.655,0.0,98.61,0.0,0,0,2017-04-21,33425100,98.625,6,0,0,0,0,0,0,0,0,98.635,11,0,0,0,0,0,0,0,0
210,2017-04-21,09:17:05,600,TF1706,CCFX,98.625,98.59,98.64,211,208085150,19798,19839,99.85,97.49,98.67,98.655,0.0,98.61,0.0,0,0,2017-04-21,33425600,98.625,6,0,0,0,0,0,0,0,0,98.635,9,0,0,0,0,0,0,0,0
211,2017-04-21,09:17:06,100,TF1706,CCFX,98.625,98.59,98.64,211,208085150,19798,19839,99.85,97.49,98.67,98.655,0.0,98.61,0.0,0,0,2017-04-21,33426100,98.625,6,0,0,0,0,0,0,0,0,98.635,8,0,0,0,0,0,0,0,0
212,2017-04-21,09:17:07,600,TF1706,CCFX,98.625,98.59,98.64,211,208085150,19798,19839,99.85,97.49,98.67,98.655,0.0,98.61,0.0,0,0,2017-04-21,33427600,98.625,6,0,0,0,0,0,0,0,0,98.635,2,0,0,0,0,0,0,0,0
213,2017-04-21,09:17:08,100,TF1706,CCFX,98.625,98.59,98.64,211,208085150,19798,19839,99.85,97.49,98.67,98.655,0.0,98.61,0.0,0,0,2017-04-21,33428100,98.625,3,0,0,0,0,0,0,0,0,98.635,1,0,0,0,0,0,0,0,0
214,2017-04-21,09:17:08,600,TF1706,CCFX,98.625,98.59,98.64,211,208085150,19798,19839,99.85,97.49,98.67,98.655,0.0,98.61,0.0,0,0,2017-04-21,33428600,98.63,1,0,0,0,0,0,0,0,0,98.635,1,0,0,0,0,0,0,0,0
215,2017-04-21,09:17:09,100,TF1706,CCFX,98.625,98.59,98.64,211,208085150,19798,19839,99.85,97.49,98.67,98.655,0.0,98.61,0.0,0,0,2017-04-21,33429100,98.63,1,0,0,0,0,0,0,0,0,98.635,2,0,0,0,0,0,0,0,0
216,2017-04-21,09:17:09,600,TF1706,CCFX,98.625,98.59,98.64,211,208085150,19798,19839,99.85,97.49,98.67,98.655,0.0,98.61,0.0,0,0,2017-04-21,33429600,98.63,1,0,0,0,0,0,0,0,0,98.635,2,0,0,0,0,0,0,0,0
217,2017-04-21,09:17:10,100,TF1706,CCFX,98.635,98.59,98.64,213,210057850,19796,19839,99.85,97.49,98.67,98.655,0.0,98.61,0.0,0,0,2017-04-21,33430100,98.63,1,0,0,0,0,0,0,0,0,98.64,5,0,0,0,0,0,0,0,0
218,2017-04-21,09:17:10,600,TF1706,CCFX,98.64,98.59,98.64,215,212030650,19794,19839,99.85,97.49,98.67,98.655,0.0,98.61,0.0,0,0,2017-04-21,33430600,98.63,1,0,0,0,0,0,0,0,0,98.64,3,0,0,0,0,0,0,0,0
219,2017-04-21,09:17:11,100,TF1706,CCFX,98.64,98.59,98.64,215,212030650,19794,19839,99.85,97.49,98.67,98.655,0.0,98.61,0.0,0,0,2017-04-21,33431100,98.63,2,0,0,0,0,0,0,0,0,98.64,3,0,0,0,0,0,0,0,0
220,2017-04-21,09:17:11,600,TF1706,CCFX,98.64,98.59,98.64,215,212030650,19794,19839,99.85,97.49,98.67,98.655,0.0,98.61,0.0,0,0,2017-04-21,33431600,98.63,2,0,0,0,0,0,0,0,0,98.64,4,0,0,0,0,0,0,0,0
221,2017-04-21,09:17:12,100,TF1706,CCFX,98.64,98.59,98.64,215,212030650,19794,19839,99.85,97.49,98.67,98.655,0.0,98.61,0.0,0,0,2017-04-21,33432100,98.635,2,0,0,0,0,0,0,0,0,98.645,8,0,0,0,0,0,0,0,0
222,2017-04-21,09:17:12,600,TF1706,CCFX,98.64,98.59,98.64,215,212030650,19794,19839,99.85,97.49,98.67,98.655,0.0,98.61,0.0,0,0,2017-04-21,33432600,98.63,2,0,0,0,0,0,0,0,0,98.645,11,0,0,0,0,0,0,0,0
223,2017-04-21,09:17:13,100,TF1706,CCFX,98.64,98.59,98.64,215,212030650,19794,19839,99.85,97.49,98.67,98.655,0.0,98.61,0.0,0,0,2017-04-21,33433100,98.63,3,0,0,0,0,0,0,0,0,98.64,1,0,0,0,0,0,0,0,0
224,2017-04-21,09:17:13,600,TF1706,CCFX,98.64,98.59,98.64,215,212030650,19794,19839,99.85,97.49,98.67,98.655,0.0,98.61,0.0,0,0,2017-04-21,33433600,98.63,4,0,0,0,0,0,0,0,0,98.64,1,0,0,0,0,0,0,0,0
225,2017-04-21,09:17:14,100,TF1706,CCFX,98.64,98.59,98.64,215,212030650,19794,19839,99.85,97.49,98.67,98.655,0.0,98.61,0.0,0,0,2017-04-21,33434100,98.63,4,0,0,0,0,0,0,0,0,98.645,10,0,0,0,0,0,0,0,0
226,2017-04-21,09:17:14,600,TF1706,CCFX,98.64,98.59,98.64,215,212030650,19794,19839,99.85,97.49,98.67,98.655,0.0,98.61,0.0,0,0,2017-04-21,33434600,98.63,4,0,0,0,0,0,0,0,0,98.635,4,0,0,0,0,0,0,0,0
227,2017-04-21,09:17:15,100,TF1706,CCFX,98.635,98.59,98.64,217,214003350,19795,19839,99.85,97.49,98.67,98.655,0.0,98.61,0.0,0,0,2017-04-21,33435100,98.63,3,0,0,0,0,0,0,0,0,98.64,1,0,0,0,0,0,0,0,0
228,2017-04-21,09:17:15,600,TF1706,CCFX,98.635,98.59,98.64,217,214003350,19795,19839,99.85,97.49,98.67,98.655,0.0,98.61,0.0,0,0,2017-04-21,33435600,98.63,2,0,0,0,0,0,0,0,0,98.64,1,0,0,0,0,0,0,0,0
229,2017-04-21,09:17:16,100,TF1706,CCFX,98.635,98.59,98.64,217,214003350,19795,19839,99.85,97.49,98.67,98.655,0.0,98.61,0.0,0,0,2017-04-21,33436100,98.63,2,0,0,0,0,0,0,0,0,98.635,2,0,0,0,0,0,0,0,0
230,2017-04-21,09:17:16,600,TF1706,CCFX,98.635,98.59,98.64,217,214003350,19795,19839,99.85,97.49,98.67,98.655,0.0,98.61,0.0,0,0,2017-04-21,33436600,98.63,2,0,0,0,0,0,0,0,0,98.64,1,0,0,0,0,0,0,0,0
231,2017-04-21,09:17:17,100,TF1706,CCFX,98.63,98.59,98.64,219,215975950,19797,19839,99.85,97.49,98.67,98.655,0.0,98.61,0.0,0,0,2017-04-21,33437100,98.625,3,0,0,0,0,0,0,0,0,98.64,2,0,0,0,0,0,0,0,0
232,2017-04-21,09:17:17,600,TF1706,CCFX,98.64,98.59,98.64,220,216962350,19798,19839,99.85,97.49,98.67,98.655,0.0,98.61,0.0,0,0,2017-04-21,33437600,98.63,1,0,0,0,0,0,0,0,0,98.64,2,0,0,0,0,0,0,0,0
233,2017-04-21,09:17:18,100,TF1706,CCFX,98.64,98.59,98.64,220,216962350,19798,19839,99.85,97.49,98.67,98.655,0.0,98.61,0.0,0,0,2017-04-21,33438100,98.63,1,0,0,0,0,0,0,0,0,98.64,2,0,0,0,0,0,0,0,0
234,2017-04-21,09:17:18,600,TF1706,CCFX,98.64,98.59,98.64,220,216962350,19798,19839,99.85,97.49,98.67,98.655,0.0,98.61,0.0,0,0,2017-04-21,33438600,98.63,2,0,0,0,0,0,0,0,0,98.64,3,0,0,0,0,0,0,0,0
235,2017-04-21,09:17:19,600,TF1706,CCFX,98.64,98.59,98.64,220,216962350,19798,19839,99.85,97.49,98.67,98.655,0.0,98.61,0.0,0,0,2017-04-21,33439600,98.63,2,0,0,0,0,0,0,0,0,98.64,1,0,0,0,0,0,0,0,0
236,2017-04-21,09:17:20,100,TF1706,CCFX,98.64,98.59,98.64,222,218935150,19796,19839,99.85,97.49,98.67,98.655,0.0,98.61,0.0,0,0,2017-04-21,33440100,98.64,2,0,0,0,0,0,0,0,0,98.645,2,0,0,0,0,0,0,0,0
237,2017-04-21,09:17:20,600,TF1706,CCFX,98.645,98.59,98.645,224,220908050,19796,19839,99.85,97.49,98.67,98.655,0.0,98.61,0.0,0,0,2017-04-21,33440600,98.64,2,0,0,0,0,0,0,0,0,98.645,2,0,0,0,0,0,0,0,0
238,2017-04-21,09:17:21,100,TF1706,CCFX,98.645,98.59,98.645,224,220908050,19796,19839,99.85,97.49,98.67,98.655,0.0,98.61,0.0,0,0,2017-04-21,33441100,98.63,2,0,0,0,0,0,0,0,0,98.645,2,0,0,0,0,0,0,0,0
239,2017-04-21,09:17:21,600,TF1706,CCFX,98.645,98.59,98.645,224,220908050,19796,19839,99.85,97.49,98.67,98.655,0.0,98.61,0.0,0,0,2017-04-21,33441600,98.64,2,0,0,0,0,0,0,0,0,98.645,2,0,0,0,0,0,0,0,0
240,2017-04-21,09:17:22,100,TF1706,CCFX,98.64,98.59,98.645,225,221894450,19796,19839,99.85,97.49,98.67,98.655,0.0,98.61,0.0,0,0,2017-04-21,33442100,98.635,1,0,0,0,0,0,0,0,0,98.645,3,0,0,0,0,0,0,0,0
241,2017-04-21,09:17:22,600,TF1706,CCFX,98.64,98.59,98.645,225,221894450,19796,19839,99.85,97.49,98.67,98.655,0.0,98.61,0.0,0,0,2017-04-21,33442600,98.635,1,0,0,0,0,0,0,0,0,98.645,2,0,0,0,0,0,0,0,0
242,2017-04-21,09:17:23,100,TF1706,CCFX,98.64,98.59,98.645,225,221894450,19796,19839,99.85,97.49,98.67,98.655,0.0,98.61,0.0,0,0,2017-04-21,33443100,98.635,2,0,0,0,0,0,0,0,0,98.645,3,0,0,0,0,0,0,0,0
243,2017-04-21,09:17:25,600,TF1706,CCFX,98.64,98.59,98.645,225,221894450,19796,19839,99.85,97.49,98.67,98.655,0.0,98.61,0.0,0,0,2017-04-21,33445600,98.635,2,0,0,0,0,0,0,0,0,98.645,10,0,0,0,0,0,0,0,0
244,2017-04-21,09:17:26,100,TF1706,CCFX,98.64,98.59,98.645,225,221894450,19796,19839,99.85,97.49,98.67,98.655,0.0,98.61,0.0,0,0,2017-04-21,33446100,98.635,1,0,0,0,0,0,0,0,0,98.64,4,0,0,0,0,0,0,0,0
245,2017-04-21,09:17:26,600,TF1706,CCFX,98.64,98.59,98.645,225,221894450,19796,19839,99.85,97.49,98.67,98.655,0.0,98.61,0.0,0,0,2017-04-21,33446600,98.635,1,0,0,0,0,0,0,0,0,98.645,10,0,0,0,0,0,0,0,0
246,2017-04-21,09:17:27,100,TF1706,CCFX,98.64,98.59,98.645,225,221894450,19796,19839,99.85,97.49,98.67,98.655,0.0,98.61,0.0,0,0,2017-04-21,33447100,98.635,1,0,0,0,0,0,0,0,0,98.645,9,0,0,0,0,0,0,0,0
247,2017-04-21,09:17:27,600,TF1706,CCFX,98.64,98.59,98.645,225,221894450,19796,19839,99.85,97.49,98.67,98.655,0.0,98.61,0.0,0,0,2017-04-21,33447600,98.635,2,0,0,0,0,0,0,0,0,98.64,4,0,0,0,0,0,0,0,0
248,2017-04-21,09:17:28,100,TF1706,CCFX,98.64,98.59,98.645,225,221894450,19796,19839,99.85,97.49,98.67,98.655,0.0,98.61,0.0,0,0,2017-04-21,33448100,98.635,2,0,0,0,0,0,0,0,0,98.645,9,0,0,0,0,0,0,0,0
249,2017-04-21,09:17:28,600,TF1706,CCFX,98.64,98.59,98.645,225,221894450,19796,19839,99.85,97.49,98.67,98.655,0.0,98.61,0.0,0,0,2017-04-21,33448600,98.635,2,0,0,0,0,0,0,0,0,98.64,4,0,0,0,0,0,0,0,0
250,2017-04-21,09:17:29,100,TF1706,CCFX,98.635,98.59,98.645,227,223867150,19797,19839,99.85,97.49,98.67,98.655,0.0,98.61,0.0,0,0,2017-04-21,33449100,98.63,2,0,0,0,0,0,0,0,0,98.635,3,0,0,0,0,0,0,0,0
251,2017-04-21,09:17:29,600,TF1706,CCFX,98.635,98.59,98.645,227,223867150,19797,19839,99.85,97.49,98.67,98.655,0.0,98.61,0.0,0,0,2017-04-21,33449600,98.63,2,0,0,0,0,0,0,0,0,98.635,2,0,0,0,0,0,0,0,0
252,2017-04-21,09:17:30,100,TF1706,CCFX,98.635,98.59,98.645,228,224853500,19797,19839,99.85,97.49,98.67,98.655,0.0,98.61,0.0,0,0,2017-04-21,33450100,98.63,2,0,0,0,0,0,0,0,0,98.635,1,0,0,0,0,0,0,0,0
253,2017-04-21,09:17:33,100,TF1706,CCFX,98.635,98.59,98.645,228,224853500,19797,19839,99.85,97.49,98.67,98.655,0.0,98.61,0.0,0,0,2017-04-21,33453100,98.63,2,0,0,0,0,0,0,0,0,98.635,1,0,0,0,0,0,0,0,0
254,2017-04-21,09:17:33,600,TF1706,CCFX,98.635,98.59,98.645,229,225839850,19797,19839,99.85,97.49,98.67,98.655,0.0,98.61,0.0,0,0,2017-04-21,33453600,98.635,2,0,0,0,0,0,0,0,0,98.645,8,0,0,0,0,0,0,0,0
255,2017-04-21,09:17:34,100,TF1706,CCFX,98.635,98.59,98.645,229,225839850,19797,19839,99.85,97.49,98.67,98.655,0.0,98.61,0.0,0,0,2017-04-21,33454100,98.635,2,0,0,0,0,0,0,0,0,98.645,9,0,0,0,0,0,0,0,0
256,2017-04-21,09:17:34,600,TF1706,CCFX,98.635,98.59,98.645,229,225839850,19797,19839,99.85,97.49,98.67,98.655,0.0,98.61,0.0,0,0,2017-04-21,33454600,98.635,3,0,0,0,0,0,0,0,0,98.645,9,0,0,0,0,0,0,0,0
257,2017-04-21,09:17:35,100,TF1706,CCFX,98.635,98.59,98.645,229,225839850,19797,19839,99.85,97.49,98.67,98.655,0.0,98.61,0.0,0,0,2017-04-21,33455100,98.635,3,0,0,0,0,0,0,0,0,98.645,10,0,0,0,0,0,0,0,0
258,2017-04-21,09:17:35,600,TF1706,CCFX,98.635,98.59,98.645,229,225839850,19797,19839,99.85,97.49,98.67,98.655,0.0,98.61,0.0,0,0,2017-04-21,33455600,98.635,2,0,0,0,0,0,0,0,0,98.645,9,0,0,0,0,0,0,0,0
259,2017-04-21,09:17:37,100,TF1706,CCFX,98.635,98.59,98.645,229,225839850,19797,19839,99.85,97.49,98.67,98.655,0.0,98.61,0.0,0,0,2017-04-21,33457100,98.635,2,0,0,0,0,0,0,0,0,98.645,9,0,0,0,0,0,0,0,0
260,2017-04-21,09:17:38,600,TF1706,CCFX,98.635,98.59,98.645,230,226826200,19798,19839,99.85,97.49,98.67,98.655,0.0,98.61,0.0,0,0,2017-04-21,33458600,98.635,1,0,0,0,0,0,0,0,0,98.64,1,0,0,0,0,0,0,0,0
261,2017-04-21,09:17:41,600,TF1706,CCFX,98.635,98.59,98.645,230,226826200,19798,19839,99.85,97.49,98.67,98.655,0.0,98.61,0.0,0,0,2017-04-21,33461600,98.635,1,0,0,0,0,0,0,0,0,98.64,1,0,0,0,0,0,0,0,0
262,2017-04-21,09:17:43,600,TF1706,CCFX,98.635,98.59,98.645,230,226826200,19798,19839,99.85,97.49,98.67,98.655,0.0,98.61,0.0,0,0,2017-04-21,33463600,98.635,1,0,0,0,0,0,0,0,0,98.64,1,0,0,0,0,0,0,0,0
263,2017-04-21,09:17:46,100,TF1706,CCFX,98.635,98.59,98.645,230,226826200,19798,19839,99.85,97.49,98.67,98.655,0.0,98.61,0.0,0,0,2017-04-21,33466100,98.635,1,0,0,0,0,0,0,0,0,98.64,2,0,0,0,0,0,0,0,0
264,2017-04-21,09:17:46,600,TF1706,CCFX,98.64,98.59,98.645,231,227812600,19799,19839,99.85,97.49,98.67,98.655,0.0,98.61,0.0,0,0,2017-04-21,33466600,98.635,1,0,0,0,0,0,0,0,0,98.64,1,0,0,0,0,0,0,0,0
265,2017-04-21,09:17:49,600,TF1706,CCFX,98.64,98.59,98.645,231,227812600,19799,19839,99.85,97.49,98.67,98.655,0.0,98.61,0.0,0,0,2017-04-21,33469600,98.635,1,0,0,0,0,0,0,0,0,98.64,1,0,0,0,0,0,0,0,0
266,2017-04-21,09:17:59,600,TF1706,CCFX,98.63,98.59,98.645,234,230771550,19800,19839,99.85,97.49,98.67,98.655,0.0,98.61,0.0,0,0,2017-04-21,33479600,98.625,3,0,0,0,0,0,0,0,0,98.64,2,0,0,0,0,0,0,0,0
267,2017-04-21,09:18:00,100,TF1706,CCFX,98.63,98.59,98.645,234,230771550,19800,19839,99.85,97.49,98.67,98.655,0.0,98.61,0.0,0,0,2017-04-21,33480100,98.63,1,0,0,0,0,0,0,0,0,98.635,1,0,0,0,0,0,0,0,0
268,2017-04-21,09:18:00,600,TF1706,CCFX,98.63,98.59,98.645,234,230771550,19800,19839,99.85,97.49,98.67,98.655,0.0,98.61,0.0,0,0,2017-04-21,33480600,98.625,3,0,0,0,0,0,0,0,0,98.635,1,0,0,0,0,0,0,0,0
269,2017-04-21,09:18:03,600,TF1706,CCFX,98.63,98.59,98.645,234,230771550,19800,19839,99.85,97.49,98.67,98.655,0.0,98.61,0.0,0,0,2017-04-21,33483600,98.63,3,0,0,0,0,0,0,0,0,98.635,1,0,0,0,0,0,0,0,0
270,2017-04-21,09:18:05,100,TF1706,CCFX,98.635,98.59,98.645,235,231757900,19799,19839,99.85,97.49,98.67,98.655,0.0,98.61,0.0,0,0,2017-04-21,33485100,98.63,3,0,0,0,0,0,0,0,0,98.64,3,0,0,0,0,0,0,0,0
271,2017-04-21,09:18:05,600,TF1706,CCFX,98.635,98.59,98.645,235,231757900,19799,19839,99.85,97.49,98.67,98.655,0.0,98.61,0.0,0,0,2017-04-21,33485600,98.63,3,0,0,0,0,0,0,0,0,98.64,3,0,0,0,0,0,0,0,0
272,2017-04-21,09:18:06,100,TF1706,CCFX,98.635,98.59,98.645,235,231757900,19799,19839,99.85,97.49,98.67,98.655,0.0,98.61,0.0,0,0,2017-04-21,33486100,98.63,3,0,0,0,0,0,0,0,0,98.64,4,0,0,0,0,0,0,0,0
273,2017-04-21,09:18:08,100,TF1706,CCFX,98.635,98.59,98.645,235,231757900,19799,19839,99.85,97.49,98.67,98.655,0.0,98.61,0.0,0,0,2017-04-21,33488100,98.63,3,0,0,0,0,0,0,0,0,98.64,4,0,0,0,0,0,0,0,0
274,2017-04-21,09:18:10,600,TF1706,CCFX,98.635,98.59,98.645,235,231757900,19799,19839,99.85,97.49,98.67,98.655,0.0,98.61,0.0,0,0,2017-04-21,33490600,98.63,3,0,0,0,0,0,0,0,0,98.64,4,0,0,0,0,0,0,0,0
275,2017-04-21,09:18:11,100,TF1706,CCFX,98.64,98.59,98.645,236,232744300,19800,19839,99.85,97.49,98.67,98.655,0.0,98.61,0.0,0,0,2017-04-21,33491100,98.63,1,0,0,0,0,0,0,0,0,98.64,3,0,0,0,0,0,0,0,0
276,2017-04-21,09:18:12,100,TF1706,CCFX,98.64,98.59,98.645,236,232744300,19800,19839,99.85,97.49,98.67,98.655,0.0,98.61,0.0,0,0,2017-04-21,33492100,98.63,3,0,0,0,0,0,0,0,0,98.64,2,0,0,0,0,0,0,0,0
277,2017-04-21,09:18:12,600,TF1706,CCFX,98.64,98.59,98.645,236,232744300,19800,19839,99.85,97.49,98.67,98.655,0.0,98.61,0.0,0,0,2017-04-21,33492600,98.635,1,0,0,0,0,0,0,0,0,98.64,2,0,0,0,0,0,0,0,0
278,2017-04-21,09:18:14,100,TF1706,CCFX,98.635,98.59,98.645,237,233730650,19800,19839,99.85,97.49,98.67,98.655,0.0,98.61,0.0,0,0,2017-04-21,33494100,98.63,3,0,0,0,0,0,0,0,0,98.64,2,0,0,0,0,0,0,0,0
279,2017-04-21,09:18:14,600,TF1706,CCFX,98.635,98.59,98.645,237,233730650,19800,19839,99.85,97.49,98.67,98.655,0.0,98.61,0.0,0,0,2017-04-21,33494600,98.635,2,0,0,0,0,0,0,0,0,98.64,1,0,0,0,0,0,0,0,0
280,2017-04-21,09:18:15,100,TF1706,CCFX,98.635,98.59,98.645,237,233730650,19800,19839,99.85,97.49,98.67,98.655,0.0,98.61,0.0,0,0,2017-04-21,33495100,98.63,3,0,0,0,0,0,0,0,0,98.64,1,0,0,0,0,0,0,0,0
281,2017-04-21,09:18:15,600,TF1706,CCFX,98.635,98.59,98.645,237,233730650,19800,19839,99.85,97.49,98.67,98.655,0.0,98.61,0.0,0,0,2017-04-21,33495600,98.635,3,0,0,0,0,0,0,0,0,98.64,1,0,0,0,0,0,0,0,0
282,2017-04-21,09:18:16,100,TF1706,CCFX,98.635,98.59,98.645,237,233730650,19800,19839,99.85,97.49,98.67,98.655,0.0,98.61,0.0,0,0,2017-04-21,33496100,98.635,1,0,0,0,0,0,0,0,0,98.64,1,0,0,0,0,0,0,0,0
283,2017-04-21,09:18:21,600,TF1706,CCFX,98.635,98.59,98.645,237,233730650,19800,19839,99.85,97.49,98.67,98.655,0.0,98.61,0.0,0,0,2017-04-21,33501600,98.635,1,0,0,0,0,0,0,0,0,98.64,4,0,0,0,0,0,0,0,0
284,2017-04-21,09:18:22,100,TF1706,CCFX,98.635,98.59,98.645,238,234717000,19801,19839,99.85,97.49,98.67,98.655,0.0,98.61,0.0,0,0,2017-04-21,33502100,98.63,3,0,0,0,0,0,0,0,0,98.635,1,0,0,0,0,0,0,0,0
285,2017-04-21,09:18:22,600,TF1706,CCFX,98.635,98.59,98.645,238,234717000,19801,19839,99.85,97.49,98.67,98.655,0.0,98.61,0.0,0,0,2017-04-21,33502600,98.63,3,0,0,0,0,0,0,0,0,98.635,11,0,0,0,0,0,0,0,0
286,2017-04-21,09:18:23,100,TF1706,CCFX,98.635,98.59,98.645,238,234717000,19801,19839,99.85,97.49,98.67,98.655,0.0,98.61,0.0,0,0,2017-04-21,33503100,98.63,2,0,0,0,0,0,0,0,0,98.635,11,0,0,0,0,0,0,0,0
287,2017-04-21,09:18:26,600,TF1706,CCFX,98.635,98.59,98.645,238,234717000,19801,19839,99.85,97.49,98.67,98.655,0.0,98.61,0.0,0,0,2017-04-21,33506600,98.63,2,0,0,0,0,0,0,0,0,98.635,50,0,0,0,0,0,0,0,0
288,2017-04-21,09:18:27,100,TF1706,CCFX,98.63,98.59,98.645,239,235703300,19800,19839,99.85,97.49,98.67,98.655,0.0,98.61,0.0,0,0,2017-04-21,33507100,98.63,1,0,0,0,0,0,0,0,0,98.635,89,0,0,0,0,0,0,0,0
289,2017-04-21,09:18:27,600,TF1706,CCFX,98.63,98.59,98.645,240,236689600,19800,19839,99.85,97.49,98.67,98.655,0.0,98.61,0.0,0,0,2017-04-21,33507600,98.625,8,0,0,0,0,0,0,0,0,98.63,5,0,0,0,0,0,0,0,0
290,2017-04-21,09:18:28,100,TF1706,CCFX,98.63,98.59,98.645,240,236689600,19800,19839,99.85,97.49,98.67,98.655,0.0,98.61,0.0,0,0,2017-04-21,33508100,98.625,8,0,0,0,0,0,0,0,0,98.63,4,0,0,0,0,0,0,0,0
291,2017-04-21,09:18:29,600,TF1706,CCFX,98.63,98.59,98.645,240,236689600,19800,19839,99.85,97.49,98.67,98.655,0.0,98.61,0.0,0,0,2017-04-21,33509600,98.625,12,0,0,0,0,0,0,0,0,98.63,4,0,0,0,0,0,0,0,0
292,2017-04-21,09:18:32,100,TF1706,CCFX,98.63,98.59,98.645,240,236689600,19800,19839,99.85,97.49,98.67,98.655,0.0,98.61,0.0,0,0,2017-04-21,33512100,98.625,12,0,0,0,0,0,0,0,0,98.63,4,0,0,0,0,0,0,0,0
293,2017-04-21,09:18:32,600,TF1706,CCFX,98.63,98.59,98.645,241,237675900,19801,19839,99.85,97.49,98.67,98.655,0.0,98.61,0.0,0,0,2017-04-21,33512600,98.625,12,0,0,0,0,0,0,0,0,98.63,3,0,0,0,0,0,0,0,0
294,2017-04-21,09:18:33,100,TF1706,CCFX,98.63,98.59,98.645,243,239648500,19800,19839,99.85,97.49,98.67,98.655,0.0,98.61,0.0,0,0,2017-04-21,33513100,98.625,12,0,0,0,0,0,0,0,0,98.63,1,0,0,0,0,0,0,0,0
295,2017-04-21,09:18:33,600,TF1706,CCFX,98.63,98.59,98.645,244,240634800,19800,19839,99.85,97.49,98.67,98.655,0.0,98.61,0.0,0,0,2017-04-21,33513600,98.625,12,0,0,0,0,0,0,0,0,98.63,1,0,0,0,0,0,0,0,0
296,2017-04-21,09:18:35,600,TF1706,CCFX,98.63,98.59,98.645,244,240634800,19800,19839,99.85,97.49,98.67,98.655,0.0,98.61,0.0,0,0,2017-04-21,33515600,98.625,8,0,0,0,0,0,0,0,0,98.63,1,0,0,0,0,0,0,0,0
297,2017-04-21,09:18:36,100,TF1706,CCFX,98.63,98.59,98.645,244,240634800,19800,19839,99.85,97.49,98.67,98.655,0.0,98.61,0.0,0,0,2017-04-21,33516100,98.625,8,0,0,0,0,0,0,0,0,98.63,2,0,0,0,0,0,0,0,0
298,2017-04-21,09:18:36,600,TF1706,CCFX,98.63,98.59,98.645,245,241621100,19800,19839,99.85,97.49,98.67,98.655,0.0,98.61,0.0,0,0,2017-04-21,33516600,98.625,8,0,0,0,0,0,0,0,0,98.63,1,0,0,0,0,0,0,0,0
299,2017-04-21,09:18:38,100,TF1706,CCFX,98.63,98.59,98.645,245,241621100,19800,19839,99.85,97.49,98.67,98.655,0.0,98.61,0.0,0,0,2017-04-21,33518100,98.625,8,0,0,0,0,0,0,0,0,98.63,79,0,0,0,0,0,0,0,0
300,2017-04-21,09:18:38,600,TF1706,CCFX,98.625,98.59,98.645,249,245566100,19800,19839,99.85,97.49,98.67,98.655,0.0,98.61,0.0,0,0,2017-04-21,33518600,98.625,3,0,0,0,0,0,0,0,0,98.63,79,0,0,0,0,0,0,0,0
301,2017-04-21,09:18:39,100,TF1706,CCFX,98.63,98.59,98.645,251,247538650,19800,19839,99.85,97.49,98.67,98.655,0.0,98.61,0.0,0,0,2017-04-21,33519100,98.625,2,0,0,0,0,0,0,0,0,98.635,49,0,0,0,0,0,0,0,0
302,2017-04-21,09:18:39,600,TF1706,CCFX,98.63,98.59,98.645,251,247538650,19800,19839,99.85,97.49,98.67,98.655,0.0,98.61,0.0,0,0,2017-04-21,33519600,98.625,2,0,0,0,0,0,0,0,0,98.63,1,0,0,0,0,0,0,0,0
303,2017-04-21,09:18:40,100,TF1706,CCFX,98.63,98.59,98.645,251,247538650,19800,19839,99.85,97.49,98.67,98.655,0.0,98.61,0.0,0,0,2017-04-21,33520100,98.625,3,0,0,0,0,0,0,0,0,98.63,1,0,0,0,0,0,0,0,0
304,2017-04-21,09:18:40,600,TF1706,CCFX,98.63,98.59,98.645,251,247538650,19800,19839,99.85,97.49,98.67,98.655,0.0,98.61,0.0,0,0,2017-04-21,33520600,98.625,4,0,0,0,0,0,0,0,0,98.63,1,0,0,0,0,0,0,0,0
305,2017-04-21,09:18:41,100,TF1706,CCFX,98.625,98.59,98.645,255,251483650,19803,19839,99.85,97.49,98.67,98.655,0.0,98.61,0.0,0,0,2017-04-21,33521100,98.62,6,0,0,0,0,0,0,0,0,98.625,6,0,0,0,0,0,0,0,0
306,2017-04-21,09:18:41,600,TF1706,CCFX,98.625,98.59,98.645,261,257401150,19807,19839,99.85,97.49,98.67,98.655,0.0,98.61,0.0,0,0,2017-04-21,33521600,98.625,3,0,0,0,0,0,0,0,0,98.63,1,0,0,0,0,0,0,0,0
307,2017-04-21,09:18:42,100,TF1706,CCFX,98.625,98.59,98.645,261,257401150,19807,19839,99.85,97.49,98.67,98.655,0.0,98.61,0.0,0,0,2017-04-21,33522100,98.625,3,0,0,0,0,0,0,0,0,98.63,7,0,0,0,0,0,0,0,0
308,2017-04-21,09:18:43,600,TF1706,CCFX,98.625,98.59,98.645,261,257401150,19807,19839,99.85,97.49,98.67,98.655,0.0,98.61,0.0,0,0,2017-04-21,33523600,98.625,42,0,0,0,0,0,0,0,0,98.63,7,0,0,0,0,0,0,0,0
309,2017-04-21,09:18:44,100,TF1706,CCFX,98.625,98.59,98.645,261,257401150,19807,19839,99.85,97.49,98.67,98.655,0.0,98.61,0.0,0,0,2017-04-21,33524100,98.625,81,0,0,0,0,0,0,0,0,98.63,7,0,0,0,0,0,0,0,0
310,2017-04-21,09:18:44,600,TF1706,CCFX,98.63,98.59,98.645,263,259373750,19806,19839,99.85,97.49,98.67,98.655,0.0,98.61,0.0,0,0,2017-04-21,33524600,98.625,80,0,0,0,0,0,0,0,0,98.63,5,0,0,0,0,0,0,0,0
311,2017-04-21,09:18:45,100,TF1706,CCFX,98.63,98.59,98.645,266,262332650,19806,19839,99.85,97.49,98.67,98.655,0.0,98.61,0.0,0,0,2017-04-21,33525100,98.625,80,0,0,0,0,0,0,0,0,98.63,2,0,0,0,0,0,0,0,0
312,2017-04-21,09:18:45,600,TF1706,CCFX,98.63,98.59,98.645,267,263318950,19806,19839,99.85,97.49,98.67,98.655,0.0,98.61,0.0,0,0,2017-04-21,33525600,98.625,2,0,0,0,0,0,0,0,0,98.63,1,0,0,0,0,0,0,0,0
313,2017-04-21,09:18:46,100,TF1706,CCFX,98.63,98.59,98.645,267,263318950,19806,19839,99.85,97.49,98.67,98.655,0.0,98.61,0.0,0,0,2017-04-21,33526100,98.625,2,0,0,0,0,0,0,0,0,98.63,2,0,0,0,0,0,0,0,0
314,2017-04-21,09:18:49,100,TF1706,CCFX,98.63,98.59,98.645,267,263318950,19806,19839,99.85,97.49,98.67,98.655,0.0,98.61,0.0,0,0,2017-04-21,33529100,98.625,2,0,0,0,0,0,0,0,0,98.63,3,0,0,0,0,0,0,0,0
315,2017-04-21,09:18:49,600,TF1706,CCFX,98.63,98.59,98.645,267,263318950,19806,19839,99.85,97.49,98.67,98.655,0.0,98.61,0.0,0,0,2017-04-21,33529600,98.625,2,0,0,0,0,0,0,0,0,98.63,3,0,0,0,0,0,0,0,0
316,2017-04-21,09:18:50,100,TF1706,CCFX,98.625,98.59,98.645,269,265291450,19805,19839,99.85,97.49,98.67,98.655,0.0,98.61,0.0,0,0,2017-04-21,33530100,98.62,45,0,0,0,0,0,0,0,0,98.625,10,0,0,0,0,0,0,0,0
317,2017-04-21,09:18:50,600,TF1706,CCFX,98.625,98.59,98.645,269,265291450,19805,19839,99.85,97.49,98.67,98.655,0.0,98.61,0.0,0,0,2017-04-21,33530600,98.62,82,0,0,0,0,0,0,0,0,98.63,4,0,0,0,0,0,0,0,0
318,2017-04-21,09:18:52,100,TF1706,CCFX,98.625,98.59,98.645,269,265291450,19805,19839,99.85,97.49,98.67,98.655,0.0,98.61,0.0,0,0,2017-04-21,33532100,98.62,4,0,0,0,0,0,0,0,0,98.63,4,0,0,0,0,0,0,0,0
319,2017-04-21,09:18:52,600,TF1706,CCFX,98.625,98.59,98.645,269,265291450,19805,19839,99.85,97.49,98.67,98.655,0.0,98.61,0.0,0,0,2017-04-21,33532600,98.62,4,0,0,0,0,0,0,0,0,98.63,4,0,0,0,0,0,0,0,0
320,2017-04-21,09:18:53,100,TF1706,CCFX,98.625,98.59,98.645,269,265291450,19805,19839,99.85,97.49,98.67,98.655,0.0,98.61,0.0,0,0,2017-04-21,33533100,98.62,4,0,0,0,0,0,0,0,0,98.63,4,0,0,0,0,0,0,0,0
321,2017-04-21,09:18:54,100,TF1706,CCFX,98.625,98.59,98.645,269,265291450,19805,19839,99.85,97.49,98.67,98.655,0.0,98.61,0.0,0,0,2017-04-21,33534100,98.62,4,0,0,0,0,0,0,0,0,98.63,5,0,0,0,0,0,0,0,0
322,2017-04-21,09:18:59,100,TF1706,CCFX,98.625,98.59,98.645,269,265291450,19805,19839,99.85,97.49,98.67,98.655,0.0,98.61,0.0,0,0,2017-04-21,33539100,98.62,8,0,0,0,0,0,0,0,0,98.63,5,0,0,0,0,0,0,0,0
323,2017-04-21,09:18:59,600,TF1706,CCFX,98.625,98.59,98.645,269,265291450,19805,19839,99.85,97.49,98.67,98.655,0.0,98.61,0.0,0,0,2017-04-21,33539600,98.62,8,0,0,0,0,0,0,0,0,98.63,5,0,0,0,0,0,0,0,0
324,2017-04-21,09:19:00,100,TF1706,CCFX,98.625,98.59,98.645,269,265291450,19805,19839,99.85,97.49,98.67,98.655,0.0,98.61,0.0,0,0,2017-04-21,33540100,98.62,4,0,0,0,0,0,0,0,0,98.63,5,0,0,0,0,0,0,0,0
325,2017-04-21,09:19:02,600,TF1706,CCFX,98.625,98.59,98.645,269,265291450,19805,19839,99.85,97.49,98.67,98.655,0.0,98.61,0.0,0,0,2017-04-21,33542600,98.62,8,0,0,0,0,0,0,0,0,98.63,5,0,0,0,0,0,0,0,0
326,2017-04-21,09:19:05,600,TF1706,CCFX,98.625,98.59,98.645,269,265291450,19805,19839,99.85,97.49,98.67,98.655,0.0,98.61,0.0,0,0,2017-04-21,33545600,98.62,8,0,0,0,0,0,0,0,0,98.63,5,0,0,0,0,0,0,0,0
327,2017-04-21,09:19:06,100,TF1706,CCFX,98.625,98.59,98.645,269,265291450,19805,19839,99.85,97.49,98.67,98.655,0.0,98.61,0.0,0,0,2017-04-21,33546100,98.62,9,0,0,0,0,0,0,0,0,98.63,6,0,0,0,0,0,0,0,0
328,2017-04-21,09:19:08,100,TF1706,CCFX,98.625,98.59,98.645,269,265291450,19805,19839,99.85,97.49,98.67,98.655,0.0,98.61,0.0,0,0,2017-04-21,33548100,98.62,87,0,0,0,0,0,0,0,0,98.63,6,0,0,0,0,0,0,0,0
329,2017-04-21,09:19:08,600,TF1706,CCFX,98.625,98.59,98.645,269,265291450,19805,19839,99.85,97.49,98.67,98.655,0.0,98.61,0.0,0,0,2017-04-21,33548600,98.625,2,0,0,0,0,0,0,0,0,98.63,5,0,0,0,0,0,0,0,0
330,2017-04-21,09:19:09,100,TF1706,CCFX,98.63,98.59,98.645,270,266277750,19805,19839,99.85,97.49,98.67,98.655,0.0,98.61,0.0,0,0,2017-04-21,33549100,98.625,3,0,0,0,0,0,0,0,0,98.63,3,0,0,0,0,0,0,0,0
331,2017-04-21,09:19:09,600,TF1706,CCFX,98.63,98.59,98.645,271,267264050,19805,19839,99.85,97.49,98.67,98.655,0.0,98.61,0.0,0,0,2017-04-21,33549600,98.625,4,0,0,0,0,0,0,0,0,98.63,1,0,0,0,0,0,0,0,0
332,2017-04-21,09:19:10,100,TF1706,CCFX,98.63,98.59,98.645,272,268250350,19806,19839,99.85,97.49,98.67,98.655,0.0,98.61,0.0,0,0,2017-04-21,33550100,98.625,5,0,0,0,0,0,0,0,0,98.635,10,0,0,0,0,0,0,0,0
333,2017-04-21,09:19:10,600,TF1706,CCFX,98.63,98.59,98.645,272,268250350,19806,19839,99.85,97.49,98.67,98.655,0.0,98.61,0.0,0,0,2017-04-21,33550600,98.625,6,0,0,0,0,0,0,0,0,98.635,10,0,0,0,0,0,0,0,0
334,2017-04-21,09:19:11,600,TF1706,CCFX,98.63,98.59,98.645,272,268250350,19806,19839,99.85,97.49,98.67,98.655,0.0,98.61,0.0,0,0,2017-04-21,33551600,98.625,6,0,0,0,0,0,0,0,0,98.635,10,0,0,0,0,0,0,0,0
335,2017-04-21,09:19:14,600,TF1706,CCFX,98.63,98.59,98.645,272,268250350,19806,19839,99.85,97.49,98.67,98.655,0.0,98.61,0.0,0,0,2017-04-21,33554600,98.625,5,0,0,0,0,0,0,0,0,98.63,3,0,0,0,0,0,0,0,0
336,2017-04-21,09:19:15,100,TF1706,CCFX,98.63,98.59,98.645,272,268250350,19806,19839,99.85,97.49,98.67,98.655,0.0,98.61,0.0,0,0,2017-04-21,33555100,98.625,5,0,0,0,0,0,0,0,0,98.63,4,0,0,0,0,0,0,0,0
337,2017-04-21,09:19:17,100,TF1706,CCFX,98.63,98.59,98.645,272,268250350,19806,19839,99.85,97.49,98.67,98.655,0.0,98.61,0.0,0,0,2017-04-21,33557100,98.625,5,0,0,0,0,0,0,0,0,98.63,5,0,0,0,0,0,0,0,0
338,2017-04-21,09:19:17,600,TF1706,CCFX,98.625,98.59,98.645,273,269236600,19805,19839,99.85,97.49,98.67,98.655,0.0,98.61,0.0,0,0,2017-04-21,33557600,98.625,4,0,0,0,0,0,0,0,0,98.63,5,0,0,0,0,0,0,0,0
339,2017-04-21,09:19:18,100,TF1706,CCFX,98.63,98.59,98.645,275,271209150,19806,19839,99.85,97.49,98.67,98.655,0.0,98.61,0.0,0,0,2017-04-21,33558100,98.62,9,0,0,0,0,0,0,0,0,98.63,4,0,0,0,0,0,0,0,0
340,2017-04-21,09:19:21,100,TF1706,CCFX,98.63,98.59,98.645,275,271209150,19806,19839,99.85,97.49,98.67,98.655,0.0,98.61,0.0,0,0,2017-04-21,33561100,98.62,5,0,0,0,0,0,0,0,0,98.63,4,0,0,0,0,0,0,0,0
341,2017-04-21,09:19:24,600,TF1706,CCFX,98.63,98.59,98.645,275,271209150,19806,19839,99.85,97.49,98.67,98.655,0.0,98.61,0.0,0,0,2017-04-21,33564600,98.62,6,0,0,0,0,0,0,0,0,98.63,4,0,0,0,0,0,0,0,0
342,2017-04-21,09:19:28,100,TF1706,CCFX,98.63,98.59,98.645,275,271209150,19806,19839,99.85,97.49,98.67,98.655,0.0,98.61,0.0,0,0,2017-04-21,33568100,98.625,2,0,0,0,0,0,0,0,0,98.63,4,0,0,0,0,0,0,0,0
343,2017-04-21,09:19:28,600,TF1706,CCFX,98.625,98.59,98.645,276,272195400,19805,19839,99.85,97.49,98.67,98.655,0.0,98.61,0.0,0,0,2017-04-21,33568600,98.625,1,0,0,0,0,0,0,0,0,98.63,4,0,0,0,0,0,0,0,0
344,2017-04-21,09:19:33,600,TF1706,CCFX,98.625,98.59,98.645,276,272195400,19805,19839,99.85,97.49,98.67,98.655,0.0,98.61,0.0,0,0,2017-04-21,33573600,98.625,1,0,0,0,0,0,0,0,0,98.63,4,0,0,0,0,0,0,0,0
345,2017-04-21,09:19:34,100,TF1706,CCFX,98.625,98.59,98.645,276,272195400,19805,19839,99.85,97.49,98.67,98.655,0.0,98.61,0.0,0,0,2017-04-21,33574100,98.625,3,0,0,0,0,0,0,0,0,98.63,4,0,0,0,0,0,0,0,0
346,2017-04-21,09:19:38,100,TF1706,CCFX,98.625,98.59,98.645,276,272195400,19805,19839,99.85,97.49,98.67,98.655,0.0,98.61,0.0,0,0,2017-04-21,33578100,98.625,3,0,0,0,0,0,0,0,0,98.63,4,0,0,0,0,0,0,0,0
347,2017-04-21,09:19:38,600,TF1706,CCFX,98.63,98.59,98.645,277,273181700,19806,19839,99.85,97.49,98.67,98.655,0.0,98.61,0.0,0,0,2017-04-21,33578600,98.625,4,0,0,0,0,0,0,0,0,98.63,3,0,0,0,0,0,0,0,0
348,2017-04-21,09:19:39,600,TF1706,CCFX,98.63,98.59,98.645,277,273181700,19806,19839,99.85,97.49,98.67,98.655,0.0,98.61,0.0,0,0,2017-04-21,33579600,98.625,4,0,0,0,0,0,0,0,0,98.63,2,0,0,0,0,0,0,0,0
349,2017-04-21,09:19:41,600,TF1706,CCFX,98.625,98.59,98.645,278,274167950,19805,19839,99.85,97.49,98.67,98.655,0.0,98.61,0.0,0,0,2017-04-21,33581600,98.625,3,0,0,0,0,0,0,0,0,98.63,2,0,0,0,0,0,0,0,0
350,2017-04-21,09:19:45,100,TF1706,CCFX,98.625,98.59,98.645,278,274167950,19805,19839,99.85,97.49,98.67,98.655,0.0,98.61,0.0,0,0,2017-04-21,33585100,98.625,3,0,0,0,0,0,0,0,0,98.63,3,0,0,0,0,0,0,0,0
351,2017-04-21,09:19:45,600,TF1706,CCFX,98.625,98.59,98.645,278,274167950,19805,19839,99.85,97.49,98.67,98.655,0.0,98.61,0.0,0,0,2017-04-21,33585600,98.625,3,0,0,0,0,0,0,0,0,98.63,3,0,0,0,0,0,0,0,0
352,2017-04-21,09:19:47,600,TF1706,CCFX,98.63,98.59,98.645,279,275154250,19806,19839,99.85,97.49,98.67,98.655,0.0,98.61,0.0,0,0,2017-04-21,33587600,98.625,2,0,0,0,0,0,0,0,0,98.63,2,0,0,0,0,0,0,0,0
353,2017-04-21,09:19:48,600,TF1706,CCFX,98.63,98.59,98.645,279,275154250,19806,19839,99.85,97.49,98.67,98.655,0.0,98.61,0.0,0,0,2017-04-21,33588600,98.625,2,0,0,0,0,0,0,0,0,98.63,1,0,0,0,0,0,0,0,0
354,2017-04-21,09:19:51,100,TF1706,CCFX,98.63,98.59,98.645,279,275154250,19806,19839,99.85,97.49,98.67,98.655,0.0,98.61,0.0,0,0,2017-04-21,33591100,98.625,2,0,0,0,0,0,0,0,0,98.63,1,0,0,0,0,0,0,0,0
355,2017-04-21,09:19:58,100,TF1706,CCFX,98.63,98.59,98.645,280,276140550,19806,19839,99.85,97.49,98.67,98.655,0.0,98.61,0.0,0,0,2017-04-21,33598100,98.625,2,0,0,0,0,0,0,0,0,98.635,18,0,0,0,0,0,0,0,0
356,2017-04-21,09:19:58,600,TF1706,CCFX,98.625,98.59,98.645,281,277126800,19806,19839,99.85,97.49,98.67,98.655,0.0,98.61,0.0,0,0,2017-04-21,33598600,98.625,1,0,0,0,0,0,0,0,0,98.635,16,0,0,0,0,0,0,0,0
357,2017-04-21,09:19:59,100,TF1706,CCFX,98.625,98.59,98.645,281,277126800,19806,19839,99.85,97.49,98.67,98.655,0.0,98.61,0.0,0,0,2017-04-21,33599100,98.625,2,0,0,0,0,0,0,0,0,98.635,16,0,0,0,0,0,0,0,0
358,2017-04-21,09:19:59,600,TF1706,CCFX,98.625,98.59,98.645,281,277126800,19806,19839,99.85,97.49,98.67,98.655,0.0,98.61,0.0,0,0,2017-04-21,33599600,98.625,3,0,0,0,0,0,0,0,0,98.635,16,0,0,0,0,0,0,0,0
359,2017-04-21,09:20:00,600,TF1706,CCFX,98.625,98.59,98.645,281,277126800,19806,19839,99.85,97.49,98.67,98.655,0.0,98.61,0.0,0,0,2017-04-21,33600600,98.625,3,0,0,0,0,0,0,0,0,98.63,1,0,0,0,0,0,0,0,0
360,2017-04-21,09:20:01,100,TF1706,CCFX,98.625,98.59,98.645,281,277126800,19806,19839,99.85,97.49,98.67,98.655,0.0,98.61,0.0,0,0,2017-04-21,33601100,98.625,3,0,0,0,0,0,0,0,0,98.63,2,0,0,0,0,0,0,0,0
361,2017-04-21,09:20:01,600,TF1706,CCFX,98.625,98.59,98.645,281,277126800,19806,19839,99.85,97.49,98.67,98.655,0.0,98.61,0.0,0,0,2017-04-21,33601600,98.625,3,0,0,0,0,0,0,0,0,98.63,3,0,0,0,0,0,0,0,0
362,2017-04-21,09:20:07,600,TF1706,CCFX,98.625,98.59,98.645,281,277126800,19806,19839,99.85,97.49,98.67,98.655,0.0,98.61,0.0,0,0,2017-04-21,33607600,98.625,3,0,0,0,0,0,0,0,0,98.63,2,0,0,0,0,0,0,0,0
363,2017-04-21,09:20:15,100,TF1706,CCFX,98.625,98.59,98.645,281,277126800,19806,19839,99.85,97.49,98.67,98.655,0.0,98.61,0.0,0,0,2017-04-21,33615100,98.625,3,0,0,0,0,0,0,0,0,98.63,12,0,0,0,0,0,0,0,0
364,2017-04-21,09:20:15,600,TF1706,CCFX,98.625,98.59,98.645,281,277126800,19806,19839,99.85,97.49,98.67,98.655,0.0,98.61,0.0,0,0,2017-04-21,33615600,98.625,2,0,0,0,0,0,0,0,0,98.63,12,0,0,0,0,0,0,0,0
365,2017-04-21,09:20:16,600,TF1706,CCFX,98.625,98.59,98.645,281,277126800,19806,19839,99.85,97.49,98.67,98.655,0.0,98.61,0.0,0,0,2017-04-21,33616600,98.625,2,0,0,0,0,0,0,0,0,98.63,12,0,0,0,0,0,0,0,0
366,2017-04-21,09:20:17,100,TF1706,CCFX,98.625,98.59,98.645,281,277126800,19806,19839,99.85,97.49,98.67,98.655,0.0,98.61,0.0,0,0,2017-04-21,33617100,98.625,2,0,0,0,0,0,0,0,0,98.63,12,0,0,0,0,0,0,0,0
367,2017-04-21,09:20:26,100,TF1706,CCFX,98.625,98.59,98.645,281,277126800,19806,19839,99.85,97.49,98.67,98.655,0.0,98.61,0.0,0,0,2017-04-21,33626100,98.625,2,0,0,0,0,0,0,0,0,98.63,12,0,0,0,0,0,0,0,0
368,2017-04-21,09:20:33,600,TF1706,CCFX,98.625,98.59,98.645,281,277126800,19806,19839,99.85,97.49,98.67,98.655,0.0,98.61,0.0,0,0,2017-04-21,33633600,98.625,2,0,0,0,0,0,0,0,0,98.63,12,0,0,0,0,0,0,0,0
369,2017-04-21,09:20:38,100,TF1706,CCFX,98.625,98.59,98.645,283,279099300,19804,19839,99.85,97.49,98.67,98.655,0.0,98.61,0.0,0,0,2017-04-21,33638100,98.62,1,0,0,0,0,0,0,0,0,98.625,2,0,0,0,0,0,0,0,0
370,2017-04-21,09:20:38,600,TF1706,CCFX,98.625,98.59,98.645,283,279099300,19804,19839,99.85,97.49,98.67,98.655,0.0,98.61,0.0,0,0,2017-04-21,33638600,98.62,1,0,0,0,0,0,0,0,0,98.625,3,0,0,0,0,0,0,0,0
371,2017-04-21,09:20:39,100,TF1706,CCFX,98.625,98.59,98.645,283,279099300,19804,19839,99.85,97.49,98.67,98.655,0.0,98.61,0.0,0,0,2017-04-21,33639100,98.62,1,0,0,0,0,0,0,0,0,98.625,1,0,0,0,0,0,0,0,0
372,2017-04-21,09:20:39,600,TF1706,CCFX,98.625,98.59,98.645,283,279099300,19804,19839,99.85,97.49,98.67,98.655,0.0,98.61,0.0,0,0,2017-04-21,33639600,98.62,1,0,0,0,0,0,0,0,0,98.625,2,0,0,0,0,0,0,0,0
373,2017-04-21,09:20:40,600,TF1706,CCFX,98.625,98.59,98.645,283,279099300,19804,19839,99.85,97.49,98.67,98.655,0.0,98.61,0.0,0,0,2017-04-21,33640600,98.62,1,0,0,0,0,0,0,0,0,98.625,3,0,0,0,0,0,0,0,0
374,2017-04-21,09:20:41,100,TF1706,CCFX,98.62,98.59,98.645,284,280085500,19803,19839,99.85,97.49,98.67,98.655,0.0,98.61,0.0,0,0,2017-04-21,33641100,98.615,5,0,0,0,0,0,0,0,0,98.62,1,0,0,0,0,0,0,0,0
375,2017-04-21,09:20:41,600,TF1706,CCFX,98.625,98.59,98.645,287,283044200,19802,19839,99.85,97.49,98.67,98.655,0.0,98.61,0.0,0,0,2017-04-21,33641600,98.615,6,0,0,0,0,0,0,0,0,98.625,1,0,0,0,0,0,0,0,0
376,2017-04-21,09:20:42,100,TF1706,CCFX,98.625,98.59,98.645,287,283044200,19802,19839,99.85,97.49,98.67,98.655,0.0,98.61,0.0,0,0,2017-04-21,33642100,98.615,11,0,0,0,0,0,0,0,0,98.625,1,0,0,0,0,0,0,0,0
377,2017-04-21,09:20:42,600,TF1706,CCFX,98.625,98.59,98.645,287,283044200,19802,19839,99.85,97.49,98.67,98.655,0.0,98.61,0.0,0,0,2017-04-21,33642600,98.615,11,0,0,0,0,0,0,0,0,98.625,2,0,0,0,0,0,0,0,0
378,2017-04-21,09:20:45,600,TF1706,CCFX,98.625,98.59,98.645,287,283044200,19802,19839,99.85,97.49,98.67,98.655,0.0,98.61,0.0,0,0,2017-04-21,33645600,98.62,2,0,0,0,0,0,0,0,0,98.625,2,0,0,0,0,0,0,0,0
379,2017-04-21,09:20:46,100,TF1706,CCFX,98.625,98.59,98.645,287,283044200,19802,19839,99.85,97.49,98.67,98.655,0.0,98.61,0.0,0,0,2017-04-21,33646100,98.62,1,0,0,0,0,0,0,0,0,98.625,2,0,0,0,0,0,0,0,0
380,2017-04-21,09:20:49,100,TF1706,CCFX,98.62,98.59,98.645,288,284030400,19802,19839,99.85,97.49,98.67,98.655,0.0,98.61,0.0,0,0,2017-04-21,33649100,98.615,11,0,0,0,0,0,0,0,0,98.625,7,0,0,0,0,0,0,0,0
381,2017-04-21,09:20:49,600,TF1706,CCFX,98.62,98.59,98.645,288,284030400,19802,19839,99.85,97.49,98.67,98.655,0.0,98.61,0.0,0,0,2017-04-21,33649600,98.615,11,0,0,0,0,0,0,0,0,98.625,6,0,0,0,0,0,0,0,0
382,2017-04-21,09:20:50,100,TF1706,CCFX,98.62,98.59,98.645,288,284030400,19802,19839,99.85,97.49,98.67,98.655,0.0,98.61,0.0,0,0,2017-04-21,33650100,98.615,11,0,0,0,0,0,0,0,0,98.625,9,0,0,0,0,0,0,0,0
383,2017-04-21,09:20:52,100,TF1706,CCFX,98.62,98.59,98.645,288,284030400,19802,19839,99.85,97.49,98.67,98.655,0.0,98.61,0.0,0,0,2017-04-21,33652100,98.615,7,0,0,0,0,0,0,0,0,98.62,3,0,0,0,0,0,0,0,0
384,2017-04-21,09:20:52,600,TF1706,CCFX,98.62,98.59,98.645,288,284030400,19802,19839,99.85,97.49,98.67,98.655,0.0,98.61,0.0,0,0,2017-04-21,33652600,98.615,7,0,0,0,0,0,0,0,0,98.62,1,0,0,0,0,0,0,0,0
385,2017-04-21,09:20:53,100,TF1706,CCFX,98.62,98.59,98.645,289,285016600,19802,19839,99.85,97.49,98.67,98.655,0.0,98.61,0.0,0,0,2017-04-21,33653100,98.62,2,0,0,0,0,0,0,0,0,98.625,7,0,0,0,0,0,0,0,0
386,2017-04-21,09:20:54,100,TF1706,CCFX,98.62,98.59,98.645,290,286002800,19802,19839,99.85,97.49,98.67,98.655,0.0,98.61,0.0,0,0,2017-04-21,33654100,98.62,1,0,0,0,0,0,0,0,0,98.625,9,0,0,0,0,0,0,0,0
387,2017-04-21,09:20:54,600,TF1706,CCFX,98.62,98.59,98.645,291,286989000,19803,19839,99.85,97.49,98.67,98.655,0.0,98.61,0.0,0,0,2017-04-21,33654600,98.615,7,0,0,0,0,0,0,0,0,98.62,2,0,0,0,0,0,0,0,0
388,2017-04-21,09:20:55,100,TF1706,CCFX,98.62,98.59,98.645,291,286989000,19803,19839,99.85,97.49,98.67,98.655,0.0,98.61,0.0,0,0,2017-04-21,33655100,98.615,7,0,0,0,0,0,0,0,0,98.62,2,0,0,0,0,0,0,0,0
389,2017-04-21,09:20:57,600,TF1706,CCFX,98.62,98.59,98.645,291,286989000,19803,19839,99.85,97.49,98.67,98.655,0.0,98.61,0.0,0,0,2017-04-21,33657600,98.615,7,0,0,0,0,0,0,0,0,98.62,1,0,0,0,0,0,0,0,0
390,2017-04-21,09:20:58,100,TF1706,CCFX,98.62,98.59,98.645,291,286989000,19803,19839,99.85,97.49,98.67,98.655,0.0,98.61,0.0,0,0,2017-04-21,33658100,98.615,7,0,0,0,0,0,0,0,0,98.62,3,0,0,0,0,0,0,0,0
391,2017-04-21,09:20:58,600,TF1706,CCFX,98.62,98.59,98.645,293,288961400,19804,19839,99.85,97.49,98.67,98.655,0.0,98.61,0.0,0,0,2017-04-21,33658600,98.615,7,0,0,0,0,0,0,0,0,98.625,7,0,0,0,0,0,0,0,0
392,2017-04-21,09:20:59,100,TF1706,CCFX,98.62,98.59,98.645,293,288961400,19804,19839,99.85,97.49,98.67,98.655,0.0,98.61,0.0,0,0,2017-04-21,33659100,98.615,7,0,0,0,0,0,0,0,0,98.625,9,0,0,0,0,0,0,0,0
393,2017-04-21,09:21:00,100,TF1706,CCFX,98.62,98.59,98.645,293,288961400,19804,19839,99.85,97.49,98.67,98.655,0.0,98.61,0.0,0,0,2017-04-21,33660100,98.62,1,0,0,0,0,0,0,0,0,98.625,9,0,0,0,0,0,0,0,0
394,2017-04-21,09:21:00,600,TF1706,CCFX,98.62,98.59,98.645,294,289947600,19803,19839,99.85,97.49,98.67,98.655,0.0,98.61,0.0,0,0,2017-04-21,33660600,98.615,7,0,0,0,0,0,0,0,0,98.62,1,0,0,0,0,0,0,0,0
395,2017-04-21,09:21:02,100,TF1706,CCFX,98.62,98.59,98.645,294,289947600,19803,19839,99.85,97.49,98.67,98.655,0.0,98.61,0.0,0,0,2017-04-21,33662100,98.615,11,0,0,0,0,0,0,0,0,98.62,1,0,0,0,0,0,0,0,0
396,2017-04-21,09:21:04,100,TF1706,CCFX,98.62,98.59,98.645,294,289947600,19803,19839,99.85,97.49,98.67,98.655,0.0,98.61,0.0,0,0,2017-04-21,33664100,98.615,11,0,0,0,0,0,0,0,0,98.62,1,0,0,0,0,0,0,0,0
397,2017-04-21,09:21:04,600,TF1706,CCFX,98.62,98.59,98.645,295,290933800,19803,19839,99.85,97.49,98.67,98.655,0.0,98.61,0.0,0,0,2017-04-21,33664600,98.615,12,0,0,0,0,0,0,0,0,98.625,6,0,0,0,0,0,0,0,0
398,2017-04-21,09:21:05,600,TF1706,CCFX,98.62,98.59,98.645,295,290933800,19803,19839,99.85,97.49,98.67,98.655,0.0,98.61,0.0,0,0,2017-04-21,33665600,98.615,12,0,0,0,0,0,0,0,0,98.625,5,0,0,0,0,0,0,0,0
399,2017-04-21,09:21:08,100,TF1706,CCFX,98.62,98.59,98.645,295,290933800,19803,19839,99.85,97.49,98.67,98.655,0.0,98.61,0.0,0,0,2017-04-21,33668100,98.615,12,0,0,0,0,0,0,0,0,98.625,5,0,0,0,0,0,0,0,0
400,2017-04-21,09:21:12,600,TF1706,CCFX,98.62,98.59,98.645,295,290933800,19803,19839,99.85,97.49,98.67,98.655,0.0,98.61,0.0,0,0,2017-04-21,33672600,98.615,12,0,0,0,0,0,0,0,0,98.625,3,0,0,0,0,0,0,0,0
401,2017-04-21,09:21:13,100,TF1706,CCFX,98.62,98.59,98.645,295,290933800,19803,19839,99.85,97.49,98.67,98.655,0.0,98.61,0.0,0,0,2017-04-21,33673100,98.62,1,0,0,0,0,0,0,0,0,98.625,3,0,0,0,0,0,0,0,0
402,2017-04-21,09:21:13,600,TF1706,CCFX,98.62,98.59,98.645,295,290933800,19803,19839,99.85,97.49,98.67,98.655,0.0,98.61,0.0,0,0,2017-04-21,33673600,98.62,2,0,0,0,0,0,0,0,0,98.625,3,0,0,0,0,0,0,0,0
403,2017-04-21,09:21:17,100,TF1706,CCFX,98.62,98.59,98.645,295,290933800,19803,19839,99.85,97.49,98.67,98.655,0.0,98.61,0.0,0,0,2017-04-21,33677100,98.62,2,0,0,0,0,0,0,0,0,98.625,2,0,0,0,0,0,0,0,0
404,2017-04-21,09:21:18,100,TF1706,CCFX,98.625,98.59,98.645,296,291920050,19803,19839,99.85,97.49,98.67,98.655,0.0,98.61,0.0,0,0,2017-04-21,33678100,98.62,2,0,0,0,0,0,0,0,0,98.63,12,0,0,0,0,0,0,0,0
405,2017-04-21,09:21:18,600,TF1706,CCFX,98.615,98.59,98.645,300,295864750,19803,19839,99.85,97.49,98.67,98.655,0.0,98.61,0.0,0,0,2017-04-21,33678600,98.615,10,0,0,0,0,0,0,0,0,98.63,12,0,0,0,0,0,0,0,0
406,2017-04-21,09:21:19,100,TF1706,CCFX,98.615,98.59,98.645,300,295864750,19803,19839,99.85,97.49,98.67,98.655,0.0,98.61,0.0,0,0,2017-04-21,33679100,98.615,10,0,0,0,0,0,0,0,0,98.625,2,0,0,0,0,0,0,0,0
407,2017-04-21,09:21:23,100,TF1706,CCFX,98.615,98.59,98.645,300,295864750,19803,19839,99.85,97.49,98.67,98.655,0.0,98.61,0.0,0,0,2017-04-21,33683100,98.62,2,0,0,0,0,0,0,0,0,98.625,2,0,0,0,0,0,0,0,0
408,2017-04-21,09:21:23,600,TF1706,CCFX,98.615,98.59,98.645,300,295864750,19803,19839,99.85,97.49,98.67,98.655,0.0,98.61,0.0,0,0,2017-04-21,33683600,98.62,3,0,0,0,0,0,0,0,0,98.625,3,0,0,0,0,0,0,0,0
409,2017-04-21,09:21:24,100,TF1706,CCFX,98.615,98.59,98.645,301,296850900,19803,19839,99.85,97.49,98.67,98.655,0.0,98.61,0.0,0,0,2017-04-21,33684100,98.62,2,0,0,0,0,0,0,0,0,98.625,3,0,0,0,0,0,0,0,0
410,2017-04-21,09:21:28,100,TF1706,CCFX,98.615,98.59,98.645,301,296850900,19803,19839,99.85,97.49,98.67,98.655,0.0,98.61,0.0,0,0,2017-04-21,33688100,98.62,2,0,0,0,0,0,0,0,0,98.625,3,0,0,0,0,0,0,0,0
411,2017-04-21,09:21:28,600,TF1706,CCFX,98.625,98.59,98.645,302,297837150,19803,19839,99.85,97.49,98.67,98.655,0.0,98.61,0.0,0,0,2017-04-21,33688600,98.62,2,0,0,0,0,0,0,0,0,98.625,2,0,0,0,0,0,0,0,0
412,2017-04-21,09:21:31,100,TF1706,CCFX,98.625,98.59,98.645,302,297837150,19803,19839,99.85,97.49,98.67,98.655,0.0,98.61,0.0,0,0,2017-04-21,33691100,98.62,2,0,0,0,0,0,0,0,0,98.625,2,0,0,0,0,0,0,0,0
413,2017-04-21,09:21:38,600,TF1706,CCFX,98.625,98.59,98.645,302,297837150,19803,19839,99.85,97.49,98.67,98.655,0.0,98.61,0.0,0,0,2017-04-21,33698600,98.62,1,0,0,0,0,0,0,0,0,98.625,2,0,0,0,0,0,0,0,0
414,2017-04-21,09:21:39,100,TF1706,CCFX,98.625,98.59,98.645,302,297837150,19803,19839,99.85,97.49,98.67,98.655,0.0,98.61,0.0,0,0,2017-04-21,33699100,98.62,1,0,0,0,0,0,0,0,0,98.625,3,0,0,0,0,0,0,0,0
415,2017-04-21,09:21:40,100,TF1706,CCFX,98.625,98.59,98.645,302,297837150,19803,19839,99.85,97.49,98.67,98.655,0.0,98.61,0.0,0,0,2017-04-21,33700100,98.62,1,0,0,0,0,0,0,0,0,98.625,3,0,0,0,0,0,0,0,0
416,2017-04-21,09:21:40,600,TF1706,CCFX,98.625,98.59,98.645,302,297837150,19803,19839,99.85,97.49,98.67,98.655,0.0,98.61,0.0,0,0,2017-04-21,33700600,98.62,1,0,0,0,0,0,0,0,0,98.625,3,0,0,0,0,0,0,0,0
417,2017-04-21,09:21:41,600,TF1706,CCFX,98.625,98.59,98.645,302,297837150,19803,19839,99.85,97.49,98.67,98.655,0.0,98.61,0.0,0,0,2017-04-21,33701600,98.62,1,0,0,0,0,0,0,0,0,98.625,3,0,0,0,0,0,0,0,0
418,2017-04-21,09:21:47,100,TF1706,CCFX,98.625,98.59,98.645,302,297837150,19803,19839,99.85,97.49,98.67,98.655,0.0,98.61,0.0,0,0,2017-04-21,33707100,98.62,1,0,0,0,0,0,0,0,0,98.625,8,0,0,0,0,0,0,0,0
419,2017-04-21,09:21:47,600,TF1706,CCFX,98.625,98.59,98.645,304,299809600,19804,19839,99.85,97.49,98.67,98.655,0.0,98.61,0.0,0,0,2017-04-21,33707600,98.615,13,0,0,0,0,0,0,0,0,98.625,8,0,0,0,0,0,0,0,0
420,2017-04-21,09:21:48,100,TF1706,CCFX,98.625,98.59,98.645,304,299809600,19804,19839,99.85,97.49,98.67,98.655,0.0,98.61,0.0,0,0,2017-04-21,33708100,98.615,14,0,0,0,0,0,0,0,0,98.625,8,0,0,0,0,0,0,0,0
421,2017-04-21,09:21:48,600,TF1706,CCFX,98.625,98.59,98.645,304,299809600,19804,19839,99.85,97.49,98.67,98.655,0.0,98.61,0.0,0,0,2017-04-21,33708600,98.615,15,0,0,0,0,0,0,0,0,98.625,9,0,0,0,0,0,0,0,0
422,2017-04-21,09:21:54,600,TF1706,CCFX,98.625,98.59,98.645,304,299809600,19804,19839,99.85,97.49,98.67,98.655,0.0,98.61,0.0,0,0,2017-04-21,33714600,98.615,15,0,0,0,0,0,0,0,0,98.625,9,0,0,0,0,0,0,0,0
423,2017-04-21,09:21:57,100,TF1706,CCFX,98.625,98.59,98.645,304,299809600,19804,19839,99.85,97.49,98.67,98.655,0.0,98.61,0.0,0,0,2017-04-21,33717100,98.615,11,0,0,0,0,0,0,0,0,98.62,3,0,0,0,0,0,0,0,0
424,2017-04-21,09:21:57,600,TF1706,CCFX,98.625,98.59,98.645,304,299809600,19804,19839,99.85,97.49,98.67,98.655,0.0,98.61,0.0,0,0,2017-04-21,33717600,98.615,11,0,0,0,0,0,0,0,0,98.62,2,0,0,0,0,0,0,0,0
425,2017-04-21,09:21:58,100,TF1706,CCFX,98.625,98.59,98.645,304,299809600,19804,19839,99.85,97.49,98.67,98.655,0.0,98.61,0.0,0,0,2017-04-21,33718100,98.615,11,0,0,0,0,0,0,0,0,98.62,3,0,0,0,0,0,0,0,0
426,2017-04-21,09:21:59,100,TF1706,CCFX,98.625,98.59,98.645,304,299809600,19804,19839,99.85,97.49,98.67,98.655,0.0,98.61,0.0,0,0,2017-04-21,33719100,98.615,11,0,0,0,0,0,0,0,0,98.62,4,0,0,0,0,0,0,0,0
427,2017-04-21,09:22:01,100,TF1706,CCFX,98.625,98.59,98.645,304,299809600,19804,19839,99.85,97.49,98.67,98.655,0.0,98.61,0.0,0,0,2017-04-21,33721100,98.615,11,0,0,0,0,0,0,0,0,98.62,4,0,0,0,0,0,0,0,0
428,2017-04-21,09:22:07,600,TF1706,CCFX,98.615,98.59,98.645,311,306712650,19808,19839,99.85,97.49,98.67,98.655,0.0,98.61,0.0,0,0,2017-04-21,33727600,98.615,4,0,0,0,0,0,0,0,0,98.62,2,0,0,0,0,0,0,0,0
429,2017-04-21,09:22:08,100,TF1706,CCFX,98.615,98.59,98.645,315,310657250,19805,19839,99.85,97.49,98.67,98.655,0.0,98.61,0.0,0,0,2017-04-21,33728100,98.61,34,0,0,0,0,0,0,0,0,98.615,1,0,0,0,0,0,0,0,0
430,2017-04-21,09:22:08,600,TF1706,CCFX,98.615,98.59,98.645,315,310657250,19805,19839,99.85,97.49,98.67,98.655,0.0,98.61,0.0,0,0,2017-04-21,33728600,98.61,34,0,0,0,0,0,0,0,0,98.615,7,0,0,0,0,0,0,0,0
431,2017-04-21,09:22:09,100,TF1706,CCFX,98.615,98.59,98.645,315,310657250,19805,19839,99.85,97.49,98.67,98.655,0.0,98.61,0.0,0,0,2017-04-21,33729100,98.61,34,0,0,0,0,0,0,0,0,98.615,8,0,0,0,0,0,0,0,0
432,2017-04-21,09:22:09,600,TF1706,CCFX,98.615,98.59,98.645,315,310657250,19805,19839,99.85,97.49,98.67,98.655,0.0,98.61,0.0,0,0,2017-04-21,33729600,98.61,34,0,0,0,0,0,0,0,0,98.615,8,0,0,0,0,0,0,0,0
433,2017-04-21,09:22:10,100,TF1706,CCFX,98.615,98.59,98.645,315,310657250,19805,19839,99.85,97.49,98.67,98.655,0.0,98.61,0.0,0,0,2017-04-21,33730100,98.61,34,0,0,0,0,0,0,0,0,98.615,7,0,0,0,0,0,0,0,0
434,2017-04-21,09:22:10,600,TF1706,CCFX,98.615,98.59,98.645,315,310657250,19805,19839,99.85,97.49,98.67,98.655,0.0,98.61,0.0,0,0,2017-04-21,33730600,98.61,34,0,0,0,0,0,0,0,0,98.615,8,0,0,0,0,0,0,0,0
435,2017-04-21,09:22:14,600,TF1706,CCFX,98.61,98.59,98.645,318,313615550,19806,19839,99.85,97.49,98.67,98.655,0.0,98.61,0.0,0,0,2017-04-21,33734600,98.61,31,0,0,0,0,0,0,0,0,98.615,15,0,0,0,0,0,0,0,0
436,2017-04-21,09:22:16,100,TF1706,CCFX,98.61,98.59,98.645,322,317559950,19805,19839,99.85,97.49,98.67,98.655,0.0,98.61,0.0,0,0,2017-04-21,33736100,98.61,27,0,0,0,0,0,0,0,0,98.615,15,0,0,0,0,0,0,0,0
437,2017-04-21,09:22:16,600,TF1706,CCFX,98.61,98.59,98.645,341,336295850,19802,19839,99.85,97.49,98.67,98.655,0.0,98.61,0.0,0,0,2017-04-21,33736600,98.61,8,0,0,0,0,0,0,0,0,98.615,20,0,0,0,0,0,0,0,0
438,2017-04-21,09:22:17,100,TF1706,CCFX,98.61,98.59,98.645,345,340240250,19800,19839,99.85,97.49,98.67,98.655,0.0,98.61,0.0,0,0,2017-04-21,33737100,98.61,4,0,0,0,0,0,0,0,0,98.615,15,0,0,0,0,0,0,0,0
439,2017-04-21,09:22:17,600,TF1706,CCFX,98.61,98.59,98.645,348,343198550,19797,19839,99.85,97.49,98.67,98.655,0.0,98.61,0.0,0,0,2017-04-21,33737600,98.61,1,0,0,0,0,0,0,0,0,98.615,17,0,0,0,0,0,0,0,0
440,2017-04-21,09:22:18,100,TF1706,CCFX,98.61,98.59,98.645,349,344184650,19797,19839,99.85,97.49,98.67,98.655,0.0,98.61,0.0,0,0,2017-04-21,33738100,98.605,5,0,0,0,0,0,0,0,0,98.61,3,0,0,0,0,0,0,0,0
441,2017-04-21,09:22:18,600,TF1706,CCFX,98.61,98.59,98.645,351,346156850,19796,19839,99.85,97.49,98.67,98.655,0.0,98.61,0.0,0,0,2017-04-21,33738600,98.605,5,0,0,0,0,0,0,0,0,98.61,1,0,0,0,0,0,0,0,0
442,2017-04-21,09:22:19,100,TF1706,CCFX,98.61,98.59,98.645,352,347142950,19795,19839,99.85,97.49,98.67,98.655,0.0,98.61,0.0,0,0,2017-04-21,33739100,98.605,5,0,0,0,0,0,0,0,0,98.615,6,0,0,0,0,0,0,0,0
443,2017-04-21,09:22:19,600,TF1706,CCFX,98.61,98.59,98.645,352,347142950,19795,19839,99.85,97.49,98.67,98.655,0.0,98.61,0.0,0,0,2017-04-21,33739600,98.605,5,0,0,0,0,0,0,0,0,98.615,6,0,0,0,0,0,0,0,0
444,2017-04-21,09:22:20,100,TF1706,CCFX,98.61,98.59,98.645,352,347142950,19795,19839,99.85,97.49,98.67,98.655,0.0,98.61,0.0,0,0,2017-04-21,33740100,98.605,5,0,0,0,0,0,0,0,0,98.615,6,0,0,0,0,0,0,0,0
445,2017-04-21,09:22:20,600,TF1706,CCFX,98.615,98.59,98.645,353,348129100,19796,19839,99.85,97.49,98.67,98.655,0.0,98.61,0.0,0,0,2017-04-21,33740600,98.605,5,0,0,0,0,0,0,0,0,98.615,5,0,0,0,0,0,0,0,0
446,2017-04-21,09:22:21,100,TF1706,CCFX,98.615,98.59,98.645,353,348129100,19796,19839,99.85,97.49,98.67,98.655,0.0,98.61,0.0,0,0,2017-04-21,33741100,98.605,6,0,0,0,0,0,0,0,0,98.615,5,0,0,0,0,0,0,0,0
447,2017-04-21,09:22:21,600,TF1706,CCFX,98.615,98.59,98.645,353,348129100,19796,19839,99.85,97.49,98.67,98.655,0.0,98.61,0.0,0,0,2017-04-21,33741600,98.605,6,0,0,0,0,0,0,0,0,98.615,14,0,0,0,0,0,0,0,0
448,2017-04-21,09:22:22,100,TF1706,CCFX,98.615,98.59,98.645,353,348129100,19796,19839,99.85,97.49,98.67,98.655,0.0,98.61,0.0,0,0,2017-04-21,33742100,98.61,1,0,0,0,0,0,0,0,0,98.615,4,0,0,0,0,0,0,0,0
449,2017-04-21,09:22:22,600,TF1706,CCFX,98.615,98.59,98.645,353,348129100,19796,19839,99.85,97.49,98.67,98.655,0.0,98.61,0.0,0,0,2017-04-21,33742600,98.605,6,0,0,0,0,0,0,0,0,98.615,4,0,0,0,0,0,0,0,0
450,2017-04-21,09:22:23,100,TF1706,CCFX,98.615,98.59,98.645,353,348129100,19796,19839,99.85,97.49,98.67,98.655,0.0,98.61,0.0,0,0,2017-04-21,33743100,98.61,1,0,0,0,0,0,0,0,0,98.615,4,0,0,0,0,0,0,0,0
451,2017-04-21,09:22:23,600,TF1706,CCFX,98.615,98.59,98.645,353,348129100,19796,19839,99.85,97.49,98.67,98.655,0.0,98.61,0.0,0,0,2017-04-21,33743600,98.605,6,0,0,0,0,0,0,0,0,98.615,4,0,0,0,0,0,0,0,0
452,2017-04-21,09:22:24,100,TF1706,CCFX,98.615,98.59,98.645,353,348129100,19796,19839,99.85,97.49,98.67,98.655,0.0,98.61,0.0,0,0,2017-04-21,33744100,98.61,1,0,0,0,0,0,0,0,0,98.615,4,0,0,0,0,0,0,0,0
453,2017-04-21,09:22:24,600,TF1706,CCFX,98.615,98.59,98.645,353,348129100,19796,19839,99.85,97.49,98.67,98.655,0.0,98.61,0.0,0,0,2017-04-21,33744600,98.605,6,0,0,0,0,0,0,0,0,98.615,4,0,0,0,0,0,0,0,0
454,2017-04-21,09:22:25,100,TF1706,CCFX,98.615,98.59,98.645,353,348129100,19796,19839,99.85,97.49,98.67,98.655,0.0,98.61,0.0,0,0,2017-04-21,33745100,98.61,4,0,0,0,0,0,0,0,0,98.615,4,0,0,0,0,0,0,0,0
455,2017-04-21,09:22:25,600,TF1706,CCFX,98.615,98.59,98.645,353,348129100,19796,19839,99.85,97.49,98.67,98.655,0.0,98.61,0.0,0,0,2017-04-21,33745600,98.605,6,0,0,0,0,0,0,0,0,98.615,4,0,0,0,0,0,0,0,0
456,2017-04-21,09:22:26,100,TF1706,CCFX,98.615,98.59,98.645,353,348129100,19796,19839,99.85,97.49,98.67,98.655,0.0,98.61,0.0,0,0,2017-04-21,33746100,98.61,4,0,0,0,0,0,0,0,0,98.615,4,0,0,0,0,0,0,0,0
457,2017-04-21,09:22:26,600,TF1706,CCFX,98.615,98.59,98.645,353,348129100,19796,19839,99.85,97.49,98.67,98.655,0.0,98.61,0.0,0,0,2017-04-21,33746600,98.605,6,0,0,0,0,0,0,0,0,98.615,4,0,0,0,0,0,0,0,0
458,2017-04-21,09:22:27,100,TF1706,CCFX,98.615,98.59,98.645,353,348129100,19796,19839,99.85,97.49,98.67,98.655,0.0,98.61,0.0,0,0,2017-04-21,33747100,98.61,4,0,0,0,0,0,0,0,0,98.615,4,0,0,0,0,0,0,0,0
459,2017-04-21,09:22:27,600,TF1706,CCFX,98.615,98.59,98.645,353,348129100,19796,19839,99.85,97.49,98.67,98.655,0.0,98.61,0.0,0,0,2017-04-21,33747600,98.605,6,0,0,0,0,0,0,0,0,98.615,4,0,0,0,0,0,0,0,0
460,2017-04-21,09:22:28,100,TF1706,CCFX,98.615,98.59,98.645,353,348129100,19796,19839,99.85,97.49,98.67,98.655,0.0,98.61,0.0,0,0,2017-04-21,33748100,98.61,4,0,0,0,0,0,0,0,0,98.615,4,0,0,0,0,0,0,0,0
461,2017-04-21,09:22:28,600,TF1706,CCFX,98.615,98.59,98.645,353,348129100,19796,19839,99.85,97.49,98.67,98.655,0.0,98.61,0.0,0,0,2017-04-21,33748600,98.605,6,0,0,0,0,0,0,0,0,98.615,4,0,0,0,0,0,0,0,0
462,2017-04-21,09:22:29,100,TF1706,CCFX,98.615,98.59,98.645,353,348129100,19796,19839,99.85,97.49,98.67,98.655,0.0,98.61,0.0,0,0,2017-04-21,33749100,98.61,4,0,0,0,0,0,0,0,0,98.615,4,0,0,0,0,0,0,0,0
463,2017-04-21,09:22:29,600,TF1706,CCFX,98.615,98.59,98.645,353,348129100,19796,19839,99.85,97.49,98.67,98.655,0.0,98.61,0.0,0,0,2017-04-21,33749600,98.605,6,0,0,0,0,0,0,0,0,98.615,4,0,0,0,0,0,0,0,0
464,2017-04-21,09:22:30,100,TF1706,CCFX,98.615,98.59,98.645,353,348129100,19796,19839,99.85,97.49,98.67,98.655,0.0,98.61,0.0,0,0,2017-04-21,33750100,98.61,4,0,0,0,0,0,0,0,0,98.615,4,0,0,0,0,0,0,0,0
465,2017-04-21,09:22:30,600,TF1706,CCFX,98.615,98.59,98.645,353,348129100,19796,19839,99.85,97.49,98.67,98.655,0.0,98.61,0.0,0,0,2017-04-21,33750600,98.605,6,0,0,0,0,0,0,0,0,98.615,4,0,0,0,0,0,0,0,0
466,2017-04-21,09:22:31,100,TF1706,CCFX,98.615,98.59,98.645,353,348129100,19796,19839,99.85,97.49,98.67,98.655,0.0,98.61,0.0,0,0,2017-04-21,33751100,98.61,4,0,0,0,0,0,0,0,0,98.615,4,0,0,0,0,0,0,0,0
467,2017-04-21,09:22:31,600,TF1706,CCFX,98.615,98.59,98.645,353,348129100,19796,19839,99.85,97.49,98.67,98.655,0.0,98.61,0.0,0,0,2017-04-21,33751600,98.605,6,0,0,0,0,0,0,0,0,98.615,4,0,0,0,0,0,0,0,0
468,2017-04-21,09:22:32,100,TF1706,CCFX,98.615,98.59,98.645,353,348129100,19796,19839,99.85,97.49,98.67,98.655,0.0,98.61,0.0,0,0,2017-04-21,33752100,98.61,4,0,0,0,0,0,0,0,0,98.615,4,0,0,0,0,0,0,0,0
469,2017-04-21,09:22:32,600,TF1706,CCFX,98.615,98.59,98.645,353,348129100,19796,19839,99.85,97.49,98.67,98.655,0.0,98.61,0.0,0,0,2017-04-21,33752600,98.605,6,0,0,0,0,0,0,0,0,98.615,4,0,0,0,0,0,0,0,0
470,2017-04-21,09:22:33,100,TF1706,CCFX,98.615,98.59,98.645,353,348129100,19796,19839,99.85,97.49,98.67,98.655,0.0,98.61,0.0,0,0,2017-04-21,33753100,98.61,4,0,0,0,0,0,0,0,0,98.615,4,0,0,0,0,0,0,0,0
471,2017-04-21,09:22:33,600,TF1706,CCFX,98.615,98.59,98.645,353,348129100,19796,19839,99.85,97.49,98.67,98.655,0.0,98.61,0.0,0,0,2017-04-21,33753600,98.605,6,0,0,0,0,0,0,0,0,98.615,4,0,0,0,0,0,0,0,0
472,2017-04-21,09:22:34,100,TF1706,CCFX,98.615,98.59,98.645,353,348129100,19796,19839,99.85,97.49,98.67,98.655,0.0,98.61,0.0,0,0,2017-04-21,33754100,98.61,4,0,0,0,0,0,0,0,0,98.615,4,0,0,0,0,0,0,0,0
473,2017-04-21,09:22:34,600,TF1706,CCFX,98.615,98.59,98.645,353,348129100,19796,19839,99.85,97.49,98.67,98.655,0.0,98.61,0.0,0,0,2017-04-21,33754600,98.605,6,0,0,0,0,0,0,0,0,98.615,4,0,0,0,0,0,0,0,0
474,2017-04-21,09:22:35,100,TF1706,CCFX,98.615,98.59,98.645,353,348129100,19796,19839,99.85,97.49,98.67,98.655,0.0,98.61,0.0,0,0,2017-04-21,33755100,98.61,4,0,0,0,0,0,0,0,0,98.615,4,0,0,0,0,0,0,0,0
475,2017-04-21,09:22:35,600,TF1706,CCFX,98.615,98.59,98.645,353,348129100,19796,19839,99.85,97.49,98.67,98.655,0.0,98.61,0.0,0,0,2017-04-21,33755600,98.605,6,0,0,0,0,0,0,0,0,98.615,4,0,0,0,0,0,0,0,0
476,2017-04-21,09:22:36,100,TF1706,CCFX,98.615,98.59,98.645,353,348129100,19796,19839,99.85,97.49,98.67,98.655,0.0,98.61,0.0,0,0,2017-04-21,33756100,98.61,4,0,0,0,0,0,0,0,0,98.615,4,0,0,0,0,0,0,0,0
477,2017-04-21,09:22:36,600,TF1706,CCFX,98.615,98.59,98.645,353,348129100,19796,19839,99.85,97.49,98.67,98.655,0.0,98.61,0.0,0,0,2017-04-21,33756600,98.605,6,0,0,0,0,0,0,0,0,98.615,4,0,0,0,0,0,0,0,0
478,2017-04-21,09:22:37,100,TF1706,CCFX,98.615,98.59,98.645,353,348129100,19796,19839,99.85,97.49,98.67,98.655,0.0,98.61,0.0,0,0,2017-04-21,33757100,98.61,4,0,0,0,0,0,0,0,0,98.615,4,0,0,0,0,0,0,0,0
479,2017-04-21,09:22:37,600,TF1706,CCFX,98.615,98.59,98.645,353,348129100,19796,19839,99.85,97.49,98.67,98.655,0.0,98.61,0.0,0,0,2017-04-21,33757600,98.605,6,0,0,0,0,0,0,0,0,98.615,4,0,0,0,0,0,0,0,0
480,2017-04-21,09:22:38,100,TF1706,CCFX,98.615,98.59,98.645,353,348129100,19796,19839,99.85,97.49,98.67,98.655,0.0,98.61,0.0,0,0,2017-04-21,33758100,98.61,4,0,0,0,0,0,0,0,0,98.615,4,0,0,0,0,0,0,0,0
481,2017-04-21,09:22:38,600,TF1706,CCFX,98.615,98.59,98.645,353,348129100,19796,19839,99.85,97.49,98.67,98.655,0.0,98.61,0.0,0,0,2017-04-21,33758600,98.605,6,0,0,0,0,0,0,0,0,98.615,4,0,0,0,0,0,0,0,0
482,2017-04-21,09:22:41,100,TF1706,CCFX,98.615,98.59,98.645,353,348129100,19796,19839,99.85,97.49,98.67,98.655,0.0,98.61,0.0,0,0,2017-04-21,33761100,98.61,1,0,0,0,0,0,0,0,0,98.615,4,0,0,0,0,0,0,0,0
483,2017-04-21,09:22:41,600,TF1706,CCFX,98.615,98.59,98.645,353,348129100,19796,19839,99.85,97.49,98.67,98.655,0.0,98.61,0.0,0,0,2017-04-21,33761600,98.605,6,0,0,0,0,0,0,0,0,98.615,4,0,0,0,0,0,0,0,0
484,2017-04-21,09:22:42,100,TF1706,CCFX,98.615,98.59,98.645,353,348129100,19796,19839,99.85,97.49,98.67,98.655,0.0,98.61,0.0,0,0,2017-04-21,33762100,98.61,4,0,0,0,0,0,0,0,0,98.615,4,0,0,0,0,0,0,0,0
485,2017-04-21,09:22:42,600,TF1706,CCFX,98.615,98.59,98.645,357,352073700,19799,19839,99.85,97.49,98.67,98.655,0.0,98.61,0.0,0,0,2017-04-21,33762600,98.61,4,0,0,0,0,0,0,0,0,98.62,3,0,0,0,0,0,0,0,0
486,2017-04-21,09:22:43,100,TF1706,CCFX,98.615,98.59,98.645,357,352073700,19799,19839,99.85,97.49,98.67,98.655,0.0,98.61,0.0,0,0,2017-04-21,33763100,98.605,6,0,0,0,0,0,0,0,0,98.62,7,0,0,0,0,0,0,0,0
487,2017-04-21,09:22:43,600,TF1706,CCFX,98.615,98.59,98.645,357,352073700,19799,19839,99.85,97.49,98.67,98.655,0.0,98.61,0.0,0,0,2017-04-21,33763600,98.61,2,0,0,0,0,0,0,0,0,98.62,6,0,0,0,0,0,0,0,0
488,2017-04-21,09:22:44,600,TF1706,CCFX,98.615,98.59,98.645,357,352073700,19799,19839,99.85,97.49,98.67,98.655,0.0,98.61,0.0,0,0,2017-04-21,33764600,98.61,2,0,0,0,0,0,0,0,0,98.62,3,0,0,0,0,0,0,0,0
489,2017-04-21,09:22:45,100,TF1706,CCFX,98.615,98.59,98.645,357,352073700,19799,19839,99.85,97.49,98.67,98.655,0.0,98.61,0.0,0,0,2017-04-21,33765100,98.61,3,0,0,0,0,0,0,0,0,98.62,3,0,0,0,0,0,0,0,0
490,2017-04-21,09:22:45,600,TF1706,CCFX,98.615,98.59,98.645,357,352073700,19799,19839,99.85,97.49,98.67,98.655,0.0,98.61,0.0,0,0,2017-04-21,33765600,98.61,3,0,0,0,0,0,0,0,0,98.62,4,0,0,0,0,0,0,0,0
491,2017-04-21,09:22:46,100,TF1706,CCFX,98.615,98.59,98.645,357,352073700,19799,19839,99.85,97.49,98.67,98.655,0.0,98.61,0.0,0,0,2017-04-21,33766100,98.61,4,0,0,0,0,0,0,0,0,98.62,3,0,0,0,0,0,0,0,0
492,2017-04-21,09:22:47,100,TF1706,CCFX,98.615,98.59,98.645,357,352073700,19799,19839,99.85,97.49,98.67,98.655,0.0,98.61,0.0,0,0,2017-04-21,33767100,98.61,4,0,0,0,0,0,0,0,0,98.62,3,0,0,0,0,0,0,0,0
493,2017-04-21,09:22:47,600,TF1706,CCFX,98.615,98.59,98.645,357,352073700,19799,19839,99.85,97.49,98.67,98.655,0.0,98.61,0.0,0,0,2017-04-21,33767600,98.61,4,0,0,0,0,0,0,0,0,98.62,4,0,0,0,0,0,0,0,0
494,2017-04-21,09:22:48,600,TF1706,CCFX,98.615,98.59,98.645,357,352073700,19799,19839,99.85,97.49,98.67,98.655,0.0,98.61,0.0,0,0,2017-04-21,33768600,98.61,4,0,0,0,0,0,0,0,0,98.62,5,0,0,0,0,0,0,0,0
495,2017-04-21,09:22:49,100,TF1706,CCFX,98.615,98.59,98.645,357,352073700,19799,19839,99.85,97.49,98.67,98.655,0.0,98.61,0.0,0,0,2017-04-21,33769100,98.61,4,0,0,0,0,0,0,0,0,98.62,5,0,0,0,0,0,0,0,0
496,2017-04-21,09:22:50,600,TF1706,CCFX,98.615,98.59,98.645,357,352073700,19799,19839,99.85,97.49,98.67,98.655,0.0,98.61,0.0,0,0,2017-04-21,33770600,98.61,4,0,0,0,0,0,0,0,0,98.62,5,0,0,0,0,0,0,0,0
497,2017-04-21,09:22:53,600,TF1706,CCFX,98.615,98.59,98.645,357,352073700,19799,19839,99.85,97.49,98.67,98.655,0.0,98.61,0.0,0,0,2017-04-21,33773600,98.61,4,0,0,0,0,0,0,0,0,98.62,4,0,0,0,0,0,0,0,0
498,2017-04-21,09:22:55,100,TF1706,CCFX,98.62,98.59,98.645,358,353059900,19799,19839,99.85,97.49,98.67,98.655,0.0,98.61,0.0,0,0,2017-04-21,33775100,98.61,4,0,0,0,0,0,0,0,0,98.62,3,0,0,0,0,0,0,0,0
499,2017-04-21,09:22:55,600,TF1706,CCFX,98.62,98.59,98.645,359,354046100,19800,19839,99.85,97.49,98.67,98.655,0.0,98.61,0.0,0,0,2017-04-21,33775600,98.615,3,0,0,0,0,0,0,0,0,98.62,2,0,0,0,0,0,0,0,0
500,2017-04-21,09:22:56,100,TF1706,CCFX,98.62,98.59,98.645,361,356018500,19800,19839,99.85,97.49,98.67,98.655,0.0,98.61,0.0,0,0,2017-04-21,33776100,98.62,4,0,0,0,0,0,0,0,0,98.625,4,0,0,0,0,0,0,0,0
501,2017-04-21,09:22:56,600,TF1706,CCFX,98.62,98.59,98.645,365,359963300,19798,19839,99.85,97.49,98.67,98.655,0.0,98.61,0.0,0,0,2017-04-21,33776600,98.615,3,0,0,0,0,0,0,0,0,98.625,10,0,0,0,0,0,0,0,0
502,2017-04-21,09:22:57,100,TF1706,CCFX,98.62,98.59,98.645,365,359963300,19798,19839,99.85,97.49,98.67,98.655,0.0,98.61,0.0,0,0,2017-04-21,33777100,98.615,3,0,0,0,0,0,0,0,0,98.625,11,0,0,0,0,0,0,0,0
503,2017-04-21,09:22:57,600,TF1706,CCFX,98.62,98.59,98.645,365,359963300,19798,19839,99.85,97.49,98.67,98.655,0.0,98.61,0.0,0,0,2017-04-21,33777600,98.615,4,0,0,0,0,0,0,0,0,98.625,11,0,0,0,0,0,0,0,0
504,2017-04-21,09:22:58,100,TF1706,CCFX,98.62,98.59,98.645,365,359963300,19798,19839,99.85,97.49,98.67,98.655,0.0,98.61,0.0,0,0,2017-04-21,33778100,98.615,4,0,0,0,0,0,0,0,0,98.625,10,0,0,0,0,0,0,0,0
