,dataDate,dataTime,dataMillisec,instrumentID,exchangeCD,lastPrice,lowPrice,highPrice,volume,value,openInterest,preOpenInterest,upperLimitPrice,lowerLimitPrice,preSettlementPrice,prevClosePrice,settlementPrice,openPrice,closePrice,preDelta,currDelta,clearingDay,milliSecOffset,bidPrice1,bidVolume1,bidPrice2,bidVolume2,bidPrice3,bidVolume3,bidPrice4,bidVolume4,bidPrice5,bidVolume5,askPrice1,askVolume1,askPrice2,askVolume2,askPrice3,askVolume3,askPrice4,askVolume4,askPrice5,askVolume5
0,2017-04-21,08:59:00,96,v1709,XDCE,5615,5615,5615,394,11061550,170350,170344,5805,5255,5530,5610,0,5615,0,0,0,2017-04-21,32340096,5615,3,0,0,0,0,0,0,0,0,5620,33,0,0,0,0,0,0,0,0
1,2017-04-21,09:00:00,580,v1709,XDCE,5625,5615,5625,644,18087950,170362,170344,5805,5255,5530,5610,0,5615,0,0,0,2017-04-21,32400580,5625,20,0,0,0,0,0,0,0,0,5630,30,0,0,0,0,0,0,0,0
2,2017-04-21,09:00:01,70,v1709,XDCE,5625,5615,5630,734,20620350,170352,170344,5805,5255,5530,5610,0,5615,0,0,0,2017-04-21,32401070,5620,429,0,0,0,0,0,0,0,0,5630,7,0,0,0,0,0,0,0,0
3,2017-04-21,09:00:01,584,v1709,XDCE,5625,5615,5635,850,23884150,170310,170344,5805,5255,5530,5610,0,5615,0,0,0,2017-04-21,32401584,5625,16,0,0,0,0,0,0,0,0,5630,11,0,0,0,0,0,0,0,0
4,2017-04-21,09:00:02,84,v1709,XDCE,5620,5615,5645,1184,33288550,170110,170344,5805,5255,5530,5610,0,5615,0,0,0,2017-04-21,32402084,5620,390,0,0,0,0,0,0,0,0,5625,17,0,0,0,0,0,0,0,0
5,2017-04-21,09:00:02,564,v1709,XDCE,5630,5615,5645,1264,35539450,170138,170344,5805,5255,5530,5610,0,5615,0,0,0,2017-04-21,32402564,5630,15,0,0,0,0,0,0,0,0,5635,5,0,0,0,0,0,0,0,0
6,2017-04-21,09:00:03,77,v1709,XDCE,5635,5615,5645,1434,40323250,170060,170344,5805,5255,5530,5610,0,5615,0,0,0,2017-04-21,32403077,5625,3,0,0,0,0,0,0,0,0,5635,40,0,0,0,0,0,0,0,0
7,2017-04-21,09:00:03,581,v1709,XDCE,5625,5615,5645,1572,44209300,170004,170344,5805,5255,5530,5610,0,5615,0,0,0,2017-04-21,32403581,5625,16,0,0,0,0,0,0,0,0,5640,6,0,0,0,0,0,0,0,0
8,2017-04-21,09:00:04,59,v1709,XDCE,5630,5615,5645,1646,46293400,169994,170344,5805,5255,5530,5610,0,5615,0,0,0,2017-04-21,32404059,5630,23,0,0,0,0,0,0,0,0,5635,12,0,0,0,0,0,0,0,0
9,2017-04-21,09:00:04,580,v1709,XDCE,5630,5615,5645,1672,47025350,169982,170344,5805,5255,5530,5610,0,5615,0,0,0,2017-04-21,32404580,5630,4,0,0,0,0,0,0,0,0,5635,21,0,0,0,0,0,0,0,0
10,2017-04-21,09:00:05,70,v1709,XDCE,5630,5615,5645,1704,47926700,169988,170344,5805,5255,5530,5610,0,5615,0,0,0,2017-04-21,32405070,5625,42,0,0,0,0,0,0,0,0,5630,37,0,0,0,0,0,0,0,0
11,2017-04-21,09:00:05,568,v1709,XDCE,5625,5615,5645,1718,48320700,169996,170344,5805,5255,5530,5610,0,5615,0,0,0,2017-04-21,32405568,5625,49,0,0,0,0,0,0,0,0,5630,87,0,0,0,0,0,0,0,0
12,2017-04-21,09:00:06,41,v1709,XDCE,5625,5615,5645,1780,50065800,170018,170344,5805,5255,5530,5610,0,5615,0,0,0,2017-04-21,32406041,5625,58,0,0,0,0,0,0,0,0,5630,62,0,0,0,0,0,0,0,0
13,2017-04-21,09:00:06,571,v1709,XDCE,5635,5615,5645,2092,58847500,169910,170344,5805,5255,5530,5610,0,5615,0,0,0,2017-04-21,32406571,5635,99,0,0,0,0,0,0,0,0,5645,111,0,0,0,0,0,0,0,0
14,2017-04-21,09:00:07,81,v1709,XDCE,5640,5615,5645,2140,60200150,169892,170344,5805,5255,5530,5610,0,5615,0,0,0,2017-04-21,32407081,5635,86,0,0,0,0,0,0,0,0,5640,16,0,0,0,0,0,0,0,0
15,2017-04-21,09:00:07,584,v1709,XDCE,5640,5615,5645,2154,60594900,169882,170344,5805,5255,5530,5610,0,5615,0,0,0,2017-04-21,32407584,5635,91,0,0,0,0,0,0,0,0,5640,23,0,0,0,0,0,0,0,0
16,2017-04-21,09:00:08,82,v1709,XDCE,5640,5615,5645,2268,63807700,169816,170344,5805,5255,5530,5610,0,5615,0,0,0,2017-04-21,32408082,5635,51,0,0,0,0,0,0,0,0,5640,42,0,0,0,0,0,0,0,0
17,2017-04-21,09:00:08,568,v1709,XDCE,5635,5615,5645,2292,64484250,169808,170344,5805,5255,5530,5610,0,5615,0,0,0,2017-04-21,32408568,5635,47,0,0,0,0,0,0,0,0,5640,36,0,0,0,0,0,0,0,0
18,2017-04-21,09:00:09,77,v1709,XDCE,5635,5615,5645,2394,67358150,169814,170344,5805,5255,5530,5610,0,5615,0,0,0,2017-04-21,32409077,5630,24,0,0,0,0,0,0,0,0,5635,31,0,0,0,0,0,0,0,0
19,2017-04-21,09:00:09,573,v1709,XDCE,5635,5615,5645,2440,68654200,169820,170344,5805,5255,5530,5610,0,5615,0,0,0,2017-04-21,32409573,5630,26,0,0,0,0,0,0,0,0,5635,22,0,0,0,0,0,0,0,0
20,2017-04-21,09:00:10,59,v1709,XDCE,5630,5615,5645,2458,69160950,169814,170344,5805,5255,5530,5610,0,5615,0,0,0,2017-04-21,32410059,5630,19,0,0,0,0,0,0,0,0,5635,26,0,0,0,0,0,0,0,0
21,2017-04-21,09:00:10,543,v1709,XDCE,5630,5615,5645,2458,69160950,169814,170344,5805,5255,5530,5610,0,5615,0,0,0,2017-04-21,32410543,5630,22,0,0,0,0,0,0,0,0,5635,19,0,0,0,0,0,0,0,0
22,2017-04-21,09:00:11,55,v1709,XDCE,5635,5615,5645,2564,72146000,169788,170344,5805,5255,5530,5610,0,5615,0,0,0,2017-04-21,32411055,5635,90,0,0,0,0,0,0,0,0,5640,84,0,0,0,0,0,0,0,0
23,2017-04-21,09:00:11,517,v1709,XDCE,5635,5615,5645,2756,77555600,169694,170344,5805,5255,5530,5610,0,5615,0,0,0,2017-04-21,32411517,5630,4,0,0,0,0,0,0,0,0,5635,32,0,0,0,0,0,0,0,0
24,2017-04-21,09:00:12,58,v1709,XDCE,5635,5615,5645,2760,77668300,169698,170344,5805,5255,5530,5610,0,5615,0,0,0,2017-04-21,32412058,5630,3,0,0,0,0,0,0,0,0,5635,48,0,0,0,0,0,0,0,0
25,2017-04-21,09:00:12,573,v1709,XDCE,5630,5615,5645,2766,77837200,169694,170344,5805,5255,5530,5610,0,5615,0,0,0,2017-04-21,32412573,5630,16,0,0,0,0,0,0,0,0,5635,51,0,0,0,0,0,0,0,0
26,2017-04-21,09:00:13,81,v1709,XDCE,5635,5615,5645,2768,77893550,169696,170344,5805,5255,5530,5610,0,5615,0,0,0,2017-04-21,32413081,5630,17,0,0,0,0,0,0,0,0,5635,60,0,0,0,0,0,0,0,0
27,2017-04-21,09:00:13,582,v1709,XDCE,5635,5615,5645,2772,78006200,169696,170344,5805,5255,5530,5610,0,5615,0,0,0,2017-04-21,32413582,5630,16,0,0,0,0,0,0,0,0,5635,70,0,0,0,0,0,0,0,0
28,2017-04-21,09:00:14,72,v1709,XDCE,5635,5615,5645,2926,82344950,169648,170344,5805,5255,5530,5610,0,5615,0,0,0,2017-04-21,32414072,5635,27,0,0,0,0,0,0,0,0,5640,97,0,0,0,0,0,0,0,0
29,2017-04-21,09:00:14,557,v1709,XDCE,5640,5615,5645,3022,85051800,169564,170344,5805,5255,5530,5610,0,5615,0,0,0,2017-04-21,32414557,5635,35,0,0,0,0,0,0,0,0,5640,56,0,0,0,0,0,0,0,0
30,2017-04-21,09:00:15,69,v1709,XDCE,5635,5615,5645,3038,85502600,169548,170344,5805,5255,5530,5610,0,5615,0,0,0,2017-04-21,32415069,5635,20,0,0,0,0,0,0,0,0,5640,56,0,0,0,0,0,0,0,0
31,2017-04-21,09:00:15,574,v1709,XDCE,5635,5615,5645,3038,85502600,169548,170344,5805,5255,5530,5610,0,5615,0,0,0,2017-04-21,32415574,5635,20,0,0,0,0,0,0,0,0,5640,63,0,0,0,0,0,0,0,0
32,2017-04-21,09:00:16,50,v1709,XDCE,5640,5615,5645,3168,89168450,169456,170344,5805,5255,5530,5610,0,5615,0,0,0,2017-04-21,32416050,5640,38,0,0,0,0,0,0,0,0,5645,124,0,0,0,0,0,0,0,0
33,2017-04-21,09:00:16,577,v1709,XDCE,5640,5615,5645,3198,90014450,169430,170344,5805,5255,5530,5610,0,5615,0,0,0,2017-04-21,32416577,5640,25,0,0,0,0,0,0,0,0,5645,126,0,0,0,0,0,0,0,0
34,2017-04-21,09:00:17,81,v1709,XDCE,5640,5615,5645,3226,90804050,169426,170344,5805,5255,5530,5610,0,5615,0,0,0,2017-04-21,32417081,5640,12,0,0,0,0,0,0,0,0,5645,144,0,0,0,0,0,0,0,0
35,2017-04-21,09:00:17,573,v1709,XDCE,5640,5615,5645,3272,92101300,169416,170344,5805,5255,5530,5610,0,5615,0,0,0,2017-04-21,32417573,5635,34,0,0,0,0,0,0,0,0,5640,2,0,0,0,0,0,0,0,0
36,2017-04-21,09:00:18,80,v1709,XDCE,5640,5615,5645,3296,92777950,169408,170344,5805,5255,5530,5610,0,5615,0,0,0,2017-04-21,32418080,5635,51,0,0,0,0,0,0,0,0,5640,18,0,0,0,0,0,0,0,0
37,2017-04-21,09:00:18,572,v1709,XDCE,5635,5615,5645,3320,93454650,169424,170344,5805,5255,5530,5610,0,5615,0,0,0,2017-04-21,32418572,5635,48,0,0,0,0,0,0,0,0,5640,20,0,0,0,0,0,0,0,0
38,2017-04-21,09:00:19,74,v1709,XDCE,5640,5615,5645,3330,93736600,169422,170344,5805,5255,5530,5610,0,5615,0,0,0,2017-04-21,32419074,5635,59,0,0,0,0,0,0,0,0,5640,20,0,0,0,0,0,0,0,0
39,2017-04-21,09:00:19,568,v1709,XDCE,5635,5615,5645,3336,93905700,169418,170344,5805,5255,5530,5610,0,5615,0,0,0,2017-04-21,32419568,5635,58,0,0,0,0,0,0,0,0,5640,62,0,0,0,0,0,0,0,0
40,2017-04-21,09:00:20,75,v1709,XDCE,5635,5615,5645,3360,94581950,169428,170344,5805,5255,5530,5610,0,5615,0,0,0,2017-04-21,32420075,5635,37,0,0,0,0,0,0,0,0,5640,61,0,0,0,0,0,0,0,0
41,2017-04-21,09:00:20,578,v1709,XDCE,5635,5615,5645,3372,94920150,169426,170344,5805,5255,5530,5610,0,5615,0,0,0,2017-04-21,32420578,5635,34,0,0,0,0,0,0,0,0,5640,64,0,0,0,0,0,0,0,0
42,2017-04-21,09:00:21,74,v1709,XDCE,5635,5615,5645,3376,95032850,169424,170344,5805,5255,5530,5610,0,5615,0,0,0,2017-04-21,32421074,5635,32,0,0,0,0,0,0,0,0,5640,65,0,0,0,0,0,0,0,0
43,2017-04-21,09:00:21,584,v1709,XDCE,5635,5615,5645,3384,95258350,169424,170344,5805,5255,5530,5610,0,5615,0,0,0,2017-04-21,32421584,5635,20,0,0,0,0,0,0,0,0,5640,64,0,0,0,0,0,0,0,0
44,2017-04-21,09:00:22,83,v1709,XDCE,5640,5615,5645,3406,95878300,169412,170344,5805,5255,5530,5610,0,5615,0,0,0,2017-04-21,32422083,5635,11,0,0,0,0,0,0,0,0,5640,66,0,0,0,0,0,0,0,0
45,2017-04-21,09:00:22,507,v1709,XDCE,5640,5615,5645,3560,100220700,169370,170344,5805,5255,5530,5610,0,5615,0,0,0,2017-04-21,32422507,5640,31,0,0,0,0,0,0,0,0,5645,145,0,0,0,0,0,0,0,0
46,2017-04-21,09:00:23,82,v1709,XDCE,5635,5615,5645,3646,102645700,169302,170344,5805,5255,5530,5610,0,5615,0,0,0,2017-04-21,32423082,5630,49,0,0,0,0,0,0,0,0,5640,14,0,0,0,0,0,0,0,0
47,2017-04-21,09:00:23,582,v1709,XDCE,5635,5615,5645,3654,102871150,169298,170344,5805,5255,5530,5610,0,5615,0,0,0,2017-04-21,32423582,5630,49,0,0,0,0,0,0,0,0,5640,32,0,0,0,0,0,0,0,0
48,2017-04-21,09:00:24,58,v1709,XDCE,5635,5615,5645,3658,102983850,169296,170344,5805,5255,5530,5610,0,5615,0,0,0,2017-04-21,32424058,5630,49,0,0,0,0,0,0,0,0,5640,57,0,0,0,0,0,0,0,0
49,2017-04-21,09:00:24,576,v1709,XDCE,5635,5615,5645,3678,103546950,169290,170344,5805,5255,5530,5610,0,5615,0,0,0,2017-04-21,32424576,5630,54,0,0,0,0,0,0,0,0,5635,19,0,0,0,0,0,0,0,0
50,2017-04-21,09:00:25,12,v1709,XDCE,5630,5615,5645,3688,103828650,169296,170344,5805,5255,5530,5610,0,5615,0,0,0,2017-04-21,32425012,5630,52,0,0,0,0,0,0,0,0,5635,17,0,0,0,0,0,0,0,0
51,2017-04-21,09:00:25,552,v1709,XDCE,5635,5615,5645,3694,103997700,169296,170344,5805,5255,5530,5610,0,5615,0,0,0,2017-04-21,32425552,5630,52,0,0,0,0,0,0,0,0,5635,32,0,0,0,0,0,0,0,0
52,2017-04-21,09:00:26,63,v1709,XDCE,5635,5615,5645,3696,104054050,169298,170344,5805,5255,5530,5610,0,5615,0,0,0,2017-04-21,32426063,5630,52,0,0,0,0,0,0,0,0,5635,31,0,0,0,0,0,0,0,0
53,2017-04-21,09:00:26,569,v1709,XDCE,5635,5615,5645,3762,105913550,169294,170344,5805,5255,5530,5610,0,5615,0,0,0,2017-04-21,32426569,5635,80,0,0,0,0,0,0,0,0,5640,65,0,0,0,0,0,0,0,0
54,2017-04-21,09:00:27,81,v1709,XDCE,5635,5615,5645,3762,105913550,169294,170344,5805,5255,5530,5610,0,5615,0,0,0,2017-04-21,32427081,5635,86,0,0,0,0,0,0,0,0,5640,62,0,0,0,0,0,0,0,0
55,2017-04-21,09:00:27,405,v1709,XDCE,5635,5615,5645,3764,105969900,169292,170344,5805,5255,5530,5610,0,5615,0,0,0,2017-04-21,32427405,5635,90,0,0,0,0,0,0,0,0,5640,69,0,0,0,0,0,0,0,0
56,2017-04-21,09:00:28,70,v1709,XDCE,5635,5615,5645,3766,106026250,169290,170344,5805,5255,5530,5610,0,5615,0,0,0,2017-04-21,32428070,5635,92,0,0,0,0,0,0,0,0,5640,69,0,0,0,0,0,0,0,0
57,2017-04-21,09:00:28,548,v1709,XDCE,5640,5615,5645,3874,109071700,169268,170344,5805,5255,5530,5610,0,5615,0,0,0,2017-04-21,32428548,5635,90,0,0,0,0,0,0,0,0,5640,38,0,0,0,0,0,0,0,0
58,2017-04-21,09:00:29,52,v1709,XDCE,5640,5615,5645,3980,112060900,169284,170344,5805,5255,5530,5610,0,5615,0,0,0,2017-04-21,32429052,5640,24,0,0,0,0,0,0,0,0,5645,163,0,0,0,0,0,0,0,0
59,2017-04-21,09:00:29,578,v1709,XDCE,5635,5615,5645,4024,113301350,169244,170344,5805,5255,5530,5610,0,5615,0,0,0,2017-04-21,32429578,5640,2,0,0,0,0,0,0,0,0,5645,163,0,0,0,0,0,0,0,0
60,2017-04-21,09:00:30,65,v1709,XDCE,5645,5615,5645,4032,113526950,169240,170344,5805,5255,5530,5610,0,5615,0,0,0,2017-04-21,32430065,5640,3,0,0,0,0,0,0,0,0,5645,166,0,0,0,0,0,0,0,0
61,2017-04-21,09:00:30,513,v1709,XDCE,5640,5615,5645,4062,114373200,169220,170344,5805,5255,5530,5610,0,5615,0,0,0,2017-04-21,32430513,5640,14,0,0,0,0,0,0,0,0,5645,161,0,0,0,0,0,0,0,0
62,2017-04-21,09:00:31,61,v1709,XDCE,5645,5615,5645,4086,115050050,169208,170344,5805,5255,5530,5610,0,5615,0,0,0,2017-04-21,32431061,5640,25,0,0,0,0,0,0,0,0,5645,156,0,0,0,0,0,0,0,0
63,2017-04-21,09:00:31,560,v1709,XDCE,5640,5615,5645,4088,115106450,169206,170344,5805,5255,5530,5610,0,5615,0,0,0,2017-04-21,32431560,5640,26,0,0,0,0,0,0,0,0,5645,158,0,0,0,0,0,0,0,0
64,2017-04-21,09:00:32,65,v1709,XDCE,5640,5615,5645,4152,116911250,169152,170344,5805,5255,5530,5610,0,5615,0,0,0,2017-04-21,32432065,5640,41,0,0,0,0,0,0,0,0,5645,158,0,0,0,0,0,0,0,0
65,2017-04-21,09:00:32,565,v1709,XDCE,5640,5615,5645,4154,116967650,169150,170344,5805,5255,5530,5610,0,5615,0,0,0,2017-04-21,32432565,5640,44,0,0,0,0,0,0,0,0,5645,162,0,0,0,0,0,0,0,0
66,2017-04-21,09:00:33,42,v1709,XDCE,5645,5615,5645,4178,117644950,169146,170344,5805,5255,5530,5610,0,5615,0,0,0,2017-04-21,32433042,5640,42,0,0,0,0,0,0,0,0,5645,152,0,0,0,0,0,0,0,0
67,2017-04-21,09:00:33,557,v1709,XDCE,5645,5615,5645,4198,118209400,169126,170344,5805,5255,5530,5610,0,5615,0,0,0,2017-04-21,32433557,5640,41,0,0,0,0,0,0,0,0,5645,143,0,0,0,0,0,0,0,0
68,2017-04-21,09:00:34,65,v1709,XDCE,5640,5615,5645,4226,118999050,169098,170344,5805,5255,5530,5610,0,5615,0,0,0,2017-04-21,32434065,5640,38,0,0,0,0,0,0,0,0,5645,145,0,0,0,0,0,0,0,0
69,2017-04-21,09:00:34,560,v1709,XDCE,5640,5615,5645,4252,119732300,169090,170344,5805,5255,5530,5610,0,5615,0,0,0,2017-04-21,32434560,5640,30,0,0,0,0,0,0,0,0,5645,148,0,0,0,0,0,0,0,0
70,2017-04-21,09:00:35,26,v1709,XDCE,5640,5615,5645,4320,121649950,169070,170344,5805,5255,5530,5610,0,5615,0,0,0,2017-04-21,32435026,5635,201,0,0,0,0,0,0,0,0,5640,67,0,0,0,0,0,0,0,0
71,2017-04-21,09:00:35,574,v1709,XDCE,5640,5615,5645,4320,121649950,169070,170344,5805,5255,5530,5610,0,5615,0,0,0,2017-04-21,32435574,5635,202,0,0,0,0,0,0,0,0,5640,71,0,0,0,0,0,0,0,0
72,2017-04-21,09:00:36,72,v1709,XDCE,5640,5615,5645,4322,121706350,169070,170344,5805,5255,5530,5610,0,5615,0,0,0,2017-04-21,32436072,5635,201,0,0,0,0,0,0,0,0,5640,70,0,0,0,0,0,0,0,0
73,2017-04-21,09:00:36,578,v1709,XDCE,5640,5615,5645,4326,121819150,169068,170344,5805,5255,5530,5610,0,5615,0,0,0,2017-04-21,32436578,5635,201,0,0,0,0,0,0,0,0,5640,80,0,0,0,0,0,0,0,0
74,2017-04-21,09:00:37,72,v1709,XDCE,5640,5615,5645,4346,122383150,169078,170344,5805,5255,5530,5610,0,5615,0,0,0,2017-04-21,32437072,5635,203,0,0,0,0,0,0,0,0,5640,78,0,0,0,0,0,0,0,0
75,2017-04-21,09:00:37,576,v1709,XDCE,5640,5615,5645,4568,128643550,169114,170344,5805,5255,5530,5610,0,5615,0,0,0,2017-04-21,32437576,5635,203,0,0,0,0,0,0,0,0,5640,12,0,0,0,0,0,0,0,0
76,2017-04-21,09:00:38,82,v1709,XDCE,5640,5615,5645,4598,129489600,169114,170344,5805,5255,5530,5610,0,5615,0,0,0,2017-04-21,32438082,5640,45,0,0,0,0,0,0,0,0,5645,168,0,0,0,0,0,0,0,0
77,2017-04-21,09:00:38,553,v1709,XDCE,5640,5615,5645,4604,129658900,169112,170344,5805,5255,5530,5610,0,5615,0,0,0,2017-04-21,32438553,5640,17,0,0,0,0,0,0,0,0,5645,177,0,0,0,0,0,0,0,0
78,2017-04-21,09:00:39,81,v1709,XDCE,5645,5615,5645,4742,133551500,169194,170344,5805,5255,5530,5610,0,5615,0,0,0,2017-04-21,32439081,5640,24,0,0,0,0,0,0,0,0,5645,157,0,0,0,0,0,0,0,0
79,2017-04-21,09:00:39,500,v1709,XDCE,5645,5615,5645,4966,139873850,169138,170344,5805,5255,5530,5610,0,5615,0,0,0,2017-04-21,32439500,5640,23,0,0,0,0,0,0,0,0,5645,37,0,0,0,0,0,0,0,0
80,2017-04-21,09:00:40,80,v1709,XDCE,5640,5615,5645,5030,141678700,169126,170344,5805,5255,5530,5610,0,5615,0,0,0,2017-04-21,32440080,5640,78,0,0,0,0,0,0,0,0,5645,36,0,0,0,0,0,0,0,0
81,2017-04-21,09:00:40,563,v1709,XDCE,5645,5615,5645,5118,144162500,169110,170344,5805,5255,5530,5610,0,5615,0,0,0,2017-04-21,32440563,5645,56,0,0,0,0,0,0,0,0,5650,180,0,0,0,0,0,0,0,0
82,2017-04-21,09:00:41,69,v1709,XDCE,5650,5615,5650,5150,145065800,169110,170344,5805,5255,5530,5610,0,5615,0,0,0,2017-04-21,32441069,5645,48,0,0,0,0,0,0,0,0,5650,178,0,0,0,0,0,0,0,0
83,2017-04-21,09:00:41,557,v1709,XDCE,5645,5615,5650,5176,145800000,169104,170344,5805,5255,5530,5610,0,5615,0,0,0,2017-04-21,32441557,5645,55,0,0,0,0,0,0,0,0,5650,170,0,0,0,0,0,0,0,0
84,2017-04-21,09:00:42,58,v1709,XDCE,5645,5615,5650,5188,146138700,169092,170344,5805,5255,5530,5610,0,5615,0,0,0,2017-04-21,32442058,5645,50,0,0,0,0,0,0,0,0,5650,172,0,0,0,0,0,0,0,0
85,2017-04-21,09:00:42,580,v1709,XDCE,5645,5615,5650,5208,146703200,169072,170344,5805,5255,5530,5610,0,5615,0,0,0,2017-04-21,32442580,5645,47,0,0,0,0,0,0,0,0,5650,173,0,0,0,0,0,0,0,0
86,2017-04-21,09:00:43,83,v1709,XDCE,5650,5615,5650,5226,147211650,169070,170344,5805,5255,5530,5610,0,5615,0,0,0,2017-04-21,32443083,5645,57,0,0,0,0,0,0,0,0,5650,164,0,0,0,0,0,0,0,0
87,2017-04-21,09:00:43,579,v1709,XDCE,5645,5615,5650,5252,147945500,169068,170344,5805,5255,5530,5610,0,5615,0,0,0,2017-04-21,32443579,5645,45,0,0,0,0,0,0,0,0,5650,164,0,0,0,0,0,0,0,0
88,2017-04-21,09:00:44,51,v1709,XDCE,5650,5615,5650,5276,148623000,169072,170344,5805,5255,5530,5610,0,5615,0,0,0,2017-04-21,32444051,5645,40,0,0,0,0,0,0,0,0,5650,160,0,0,0,0,0,0,0,0
89,2017-04-21,09:00:44,557,v1709,XDCE,5650,5615,5650,5280,148736000,169072,170344,5805,5255,5530,5610,0,5615,0,0,0,2017-04-21,32444557,5645,60,0,0,0,0,0,0,0,0,5650,158,0,0,0,0,0,0,0,0
90,2017-04-21,09:00:45,52,v1709,XDCE,5650,5615,5650,5286,148905400,169070,170344,5805,5255,5530,5610,0,5615,0,0,0,2017-04-21,32445052,5645,60,0,0,0,0,0,0,0,0,5650,157,0,0,0,0,0,0,0,0
91,2017-04-21,09:00:45,565,v1709,XDCE,5650,5615,5650,5322,149922350,169050,170344,5805,5255,5530,5610,0,5615,0,0,0,2017-04-21,32445565,5645,59,0,0,0,0,0,0,0,0,5650,143,0,0,0,0,0,0,0,0
92,2017-04-21,09:00:46,72,v1709,XDCE,5645,5615,5650,5330,150148250,169048,170344,5805,5255,5530,5610,0,5615,0,0,0,2017-04-21,32446072,5645,63,0,0,0,0,0,0,0,0,5650,142,0,0,0,0,0,0,0,0
93,2017-04-21,09:00:46,535,v1709,XDCE,5650,5615,5650,5340,150430750,169054,170344,5805,5255,5530,5610,0,5615,0,0,0,2017-04-21,32446535,5645,63,0,0,0,0,0,0,0,0,5650,137,0,0,0,0,0,0,0,0
94,2017-04-21,09:00:47,78,v1709,XDCE,5650,5615,5650,5346,150600250,169060,170344,5805,5255,5530,5610,0,5615,0,0,0,2017-04-21,32447078,5645,55,0,0,0,0,0,0,0,0,5650,124,0,0,0,0,0,0,0,0
95,2017-04-21,09:00:47,528,v1709,XDCE,5645,5615,5650,5360,150995450,169052,170344,5805,5255,5530,5610,0,5615,0,0,0,2017-04-21,32447528,5645,64,0,0,0,0,0,0,0,0,5650,126,0,0,0,0,0,0,0,0
96,2017-04-21,09:00:48,65,v1709,XDCE,5650,5615,5650,5616,158227450,169220,170344,5805,5255,5530,5610,0,5615,0,0,0,2017-04-21,32448065,5650,72,0,0,0,0,0,0,0,0,5655,259,0,0,0,0,0,0,0,0
97,2017-04-21,09:00:48,530,v1709,XDCE,5650,5615,5650,5632,158679450,169236,170344,5805,5255,5530,5610,0,5615,0,0,0,2017-04-21,32448530,5650,64,0,0,0,0,0,0,0,0,5655,229,0,0,0,0,0,0,0,0
98,2017-04-21,09:00:49,70,v1709,XDCE,5650,5615,5650,5634,158735950,169236,170344,5805,5255,5530,5610,0,5615,0,0,0,2017-04-21,32449070,5650,135,0,0,0,0,0,0,0,0,5655,229,0,0,0,0,0,0,0,0
99,2017-04-21,09:00:49,559,v1709,XDCE,5655,5615,5655,5698,160545250,169284,170344,5805,5255,5530,5610,0,5615,0,0,0,2017-04-21,32449559,5650,136,0,0,0,0,0,0,0,0,5655,204,0,0,0,0,0,0,0,0
100,2017-04-21,09:00:50,81,v1709,XDCE,5650,5615,5655,5762,162353550,169288,170344,5805,5255,5530,5610,0,5615,0,0,0,2017-04-21,32450081,5650,112,0,0,0,0,0,0,0,0,5655,199,0,0,0,0,0,0,0,0
101,2017-04-21,09:00:50,529,v1709,XDCE,5655,5615,5655,5928,167043400,169338,170344,5805,5255,5530,5610,0,5615,0,0,0,2017-04-21,32450529,5650,26,0,0,0,0,0,0,0,0,5655,192,0,0,0,0,0,0,0,0
102,2017-04-21,09:00:51,73,v1709,XDCE,5655,5615,5655,5990,168796100,169368,170344,5805,5255,5530,5610,0,5615,0,0,0,2017-04-21,32451073,5650,20,0,0,0,0,0,0,0,0,5655,168,0,0,0,0,0,0,0,0
103,2017-04-21,09:00:51,580,v1709,XDCE,5650,5615,5655,6072,171112600,169420,170344,5805,5255,5530,5610,0,5615,0,0,0,2017-04-21,32451580,5645,85,0,0,0,0,0,0,0,0,5650,15,0,0,0,0,0,0,0,0
104,2017-04-21,09:00:52,69,v1709,XDCE,5650,5615,5655,6076,171225600,169422,170344,5805,5255,5530,5610,0,5615,0,0,0,2017-04-21,32452069,5645,85,0,0,0,0,0,0,0,0,5650,132,0,0,0,0,0,0,0,0
105,2017-04-21,09:00:52,540,v1709,XDCE,5645,5615,5655,6092,171677350,169432,170344,5805,5255,5530,5610,0,5615,0,0,0,2017-04-21,32452540,5645,80,0,0,0,0,0,0,0,0,5650,135,0,0,0,0,0,0,0,0
106,2017-04-21,09:00:53,45,v1709,XDCE,5650,5615,5655,6366,179417850,169396,170344,5805,5255,5530,5610,0,5615,0,0,0,2017-04-21,32453045,5650,43,0,0,0,0,0,0,0,0,5655,204,0,0,0,0,0,0,0,0
107,2017-04-21,09:00:53,562,v1709,XDCE,5655,5615,5655,6380,179813600,169402,170344,5805,5255,5530,5610,0,5615,0,0,0,2017-04-21,32453562,5650,47,0,0,0,0,0,0,0,0,5655,173,0,0,0,0,0,0,0,0
108,2017-04-21,09:00:54,4,v1709,XDCE,5650,5615,5655,6404,180491600,169422,170344,5805,5255,5530,5610,0,5615,0,0,0,2017-04-21,32454004,5650,35,0,0,0,0,0,0,0,0,5655,193,0,0,0,0,0,0,0,0
109,2017-04-21,09:00:54,570,v1709,XDCE,5650,5615,5655,6414,180774150,169424,170344,5805,5255,5530,5610,0,5615,0,0,0,2017-04-21,32454570,5650,31,0,0,0,0,0,0,0,0,5655,194,0,0,0,0,0,0,0,0
110,2017-04-21,09:00:55,24,v1709,XDCE,5650,5615,5655,6480,182638650,169460,170344,5805,5255,5530,5610,0,5615,0,0,0,2017-04-21,32455024,5645,84,0,0,0,0,0,0,0,0,5650,3,0,0,0,0,0,0,0,0
111,2017-04-21,09:00:55,530,v1709,XDCE,5650,5615,5655,6484,182751650,169460,170344,5805,5255,5530,5610,0,5615,0,0,0,2017-04-21,32455530,5645,87,0,0,0,0,0,0,0,0,5650,5,0,0,0,0,0,0,0,0
112,2017-04-21,09:00:56,75,v1709,XDCE,5645,5615,5655,6486,182808100,169462,170344,5805,5255,5530,5610,0,5615,0,0,0,2017-04-21,32456075,5645,86,0,0,0,0,0,0,0,0,5650,9,0,0,0,0,0,0,0,0
113,2017-04-21,09:00:56,563,v1709,XDCE,5645,5615,5655,6488,182864550,169464,170344,5805,5255,5530,5610,0,5615,0,0,0,2017-04-21,32456563,5645,67,0,0,0,0,0,0,0,0,5650,47,0,0,0,0,0,0,0,0
114,2017-04-21,09:00:57,54,v1709,XDCE,5645,5615,5655,6488,182864550,169464,170344,5805,5255,5530,5610,0,5615,0,0,0,2017-04-21,32457054,5645,87,0,0,0,0,0,0,0,0,5650,65,0,0,0,0,0,0,0,0
115,2017-04-21,09:00:57,534,v1709,XDCE,5645,5615,5655,6574,185293500,169484,170344,5805,5255,5530,5610,0,5615,0,0,0,2017-04-21,32457534,5645,76,0,0,0,0,0,0,0,0,5650,38,0,0,0,0,0,0,0,0
116,2017-04-21,09:00:58,61,v1709,XDCE,5645,5615,5655,6578,185406400,169484,170344,5805,5255,5530,5610,0,5615,0,0,0,2017-04-21,32458061,5645,74,0,0,0,0,0,0,0,0,5650,41,0,0,0,0,0,0,0,0
117,2017-04-21,09:00:58,583,v1709,XDCE,5645,5615,5655,6604,186140300,169486,170344,5805,5255,5530,5610,0,5615,0,0,0,2017-04-21,32458583,5645,90,0,0,0,0,0,0,0,0,5650,49,0,0,0,0,0,0,0,0
118,2017-04-21,09:00:59,57,v1709,XDCE,5650,5615,5655,6630,186874350,169496,170344,5805,5255,5530,5610,0,5615,0,0,0,2017-04-21,32459057,5645,81,0,0,0,0,0,0,0,0,5650,46,0,0,0,0,0,0,0,0
119,2017-04-21,09:00:59,578,v1709,XDCE,5645,5615,5655,6648,187382400,169488,170344,5805,5255,5530,5610,0,5615,0,0,0,2017-04-21,32459578,5645,62,0,0,0,0,0,0,0,0,5650,54,0,0,0,0,0,0,0,0
120,2017-04-21,09:01:00,42,v1709,XDCE,5650,5615,5655,6674,188116300,169488,170344,5805,5255,5530,5610,0,5615,0,0,0,2017-04-21,32460042,5645,62,0,0,0,0,0,0,0,0,5650,55,0,0,0,0,0,0,0,0
121,2017-04-21,09:01:00,577,v1709,XDCE,5650,5615,5655,6746,190150300,169470,170344,5805,5255,5530,5610,0,5615,0,0,0,2017-04-21,32460577,5645,63,0,0,0,0,0,0,0,0,5650,24,0,0,0,0,0,0,0,0
122,2017-04-21,09:01:01,29,v1709,XDCE,5650,5615,5655,6768,190771800,169470,170344,5805,5255,5530,5610,0,5615,0,0,0,2017-04-21,32461029,5645,78,0,0,0,0,0,0,0,0,5650,17,0,0,0,0,0,0,0,0
123,2017-04-21,09:01:01,515,v1709,XDCE,5650,5615,5655,6772,190884800,169470,170344,5805,5255,5530,5610,0,5615,0,0,0,2017-04-21,32461515,5645,78,0,0,0,0,0,0,0,0,5650,21,0,0,0,0,0,0,0,0
124,2017-04-21,09:01:02,40,v1709,XDCE,5650,5615,5655,6828,192466750,169452,170344,5805,5255,5530,5610,0,5615,0,0,0,2017-04-21,32462040,5650,60,0,0,0,0,0,0,0,0,5655,281,0,0,0,0,0,0,0,0
125,2017-04-21,09:01:02,572,v1709,XDCE,5650,5615,5655,6832,192579750,169450,170344,5805,5255,5530,5610,0,5615,0,0,0,2017-04-21,32462572,5650,79,0,0,0,0,0,0,0,0,5655,254,0,0,0,0,0,0,0,0
126,2017-04-21,09:01:03,38,v1709,XDCE,5645,5615,5655,7188,202631800,169214,170344,5805,5255,5530,5610,0,5615,0,0,0,2017-04-21,32463038,5640,109,0,0,0,0,0,0,0,0,5645,38,0,0,0,0,0,0,0,0
127,2017-04-21,09:01:03,577,v1709,XDCE,5650,5615,5655,7276,205115700,169220,170344,5805,5255,5530,5610,0,5615,0,0,0,2017-04-21,32463577,5645,30,0,0,0,0,0,0,0,0,5650,52,0,0,0,0,0,0,0,0
128,2017-04-21,09:01:03,963,v1709,XDCE,5650,5615,5655,7296,205680700,169218,170344,5805,5255,5530,5610,0,5615,0,0,0,2017-04-21,32463963,5645,8,0,0,0,0,0,0,0,0,5650,89,0,0,0,0,0,0,0,0
129,2017-04-21,09:01:04,581,v1709,XDCE,5650,5615,5655,7316,206245500,169220,170344,5805,5255,5530,5610,0,5615,0,0,0,2017-04-21,32464581,5645,19,0,0,0,0,0,0,0,0,5650,108,0,0,0,0,0,0,0,0
130,2017-04-21,09:01:05,44,v1709,XDCE,5645,5615,5655,7318,206301950,169220,170344,5805,5255,5530,5610,0,5615,0,0,0,2017-04-21,32465044,5645,34,0,0,0,0,0,0,0,0,5650,83,0,0,0,0,0,0,0,0
131,2017-04-21,09:01:05,545,v1709,XDCE,5650,5615,5655,7400,208618400,169204,170344,5805,5255,5530,5610,0,5615,0,0,0,2017-04-21,32465545,5645,35,0,0,0,0,0,0,0,0,5650,52,0,0,0,0,0,0,0,0
132,2017-04-21,09:01:06,0,v1709,XDCE,5650,5615,5655,7406,208787900,169208,170344,5805,5255,5530,5610,0,5615,0,0,0,2017-04-21,32466000,5645,48,0,0,0,0,0,0,0,0,5650,65,0,0,0,0,0,0,0,0
133,2017-04-21,09:01:07,47,v1709,XDCE,5645,5615,5655,7432,209521800,169212,170344,5805,5255,5530,5610,0,5615,0,0,0,2017-04-21,32467047,5645,26,0,0,0,0,0,0,0,0,5650,65,0,0,0,0,0,0,0,0
134,2017-04-21,09:01:07,568,v1709,XDCE,5650,5615,5655,7450,210030100,169210,170344,5805,5255,5530,5610,0,5615,0,0,0,2017-04-21,32467568,5645,52,0,0,0,0,0,0,0,0,5650,61,0,0,0,0,0,0,0,0
135,2017-04-21,09:01:08,59,v1709,XDCE,5645,5615,5655,7460,210312400,169212,170344,5805,5255,5530,5610,0,5615,0,0,0,2017-04-21,32468059,5645,99,0,0,0,0,0,0,0,0,5650,60,0,0,0,0,0,0,0,0
136,2017-04-21,09:01:08,490,v1709,XDCE,5645,5615,5655,7464,210425300,169214,170344,5805,5255,5530,5610,0,5615,0,0,0,2017-04-21,32468490,5645,97,0,0,0,0,0,0,0,0,5650,60,0,0,0,0,0,0,0,0
137,2017-04-21,09:01:09,49,v1709,XDCE,5650,5615,5655,7544,212684300,169272,170344,5805,5255,5530,5610,0,5615,0,0,0,2017-04-21,32469049,5645,78,0,0,0,0,0,0,0,0,5650,46,0,0,0,0,0,0,0,0
138,2017-04-21,09:01:09,546,v1709,XDCE,5650,5615,5655,7584,213814300,169302,170344,5805,5255,5530,5610,0,5615,0,0,0,2017-04-21,32469546,5645,93,0,0,0,0,0,0,0,0,5650,26,0,0,0,0,0,0,0,0
139,2017-04-21,09:01:10,64,v1709,XDCE,5650,5615,5655,7596,214153300,169290,170344,5805,5255,5530,5610,0,5615,0,0,0,2017-04-21,32470064,5645,93,0,0,0,0,0,0,0,0,5650,25,0,0,0,0,0,0,0,0
140,2017-04-21,09:01:10,531,v1709,XDCE,5645,5615,5655,7606,214435600,169280,170344,5805,5255,5530,5610,0,5615,0,0,0,2017-04-21,32470531,5645,90,0,0,0,0,0,0,0,0,5650,25,0,0,0,0,0,0,0,0
141,2017-04-21,09:01:11,42,v1709,XDCE,5645,5615,5655,7622,214887200,169264,170344,5805,5255,5530,5610,0,5615,0,0,0,2017-04-21,32471042,5645,82,0,0,0,0,0,0,0,0,5650,28,0,0,0,0,0,0,0,0
142,2017-04-21,09:01:11,523,v1709,XDCE,5650,5615,5655,7624,214943700,169264,170344,5805,5255,5530,5610,0,5615,0,0,0,2017-04-21,32471523,5645,82,0,0,0,0,0,0,0,0,5650,35,0,0,0,0,0,0,0,0
143,2017-04-21,09:01:12,44,v1709,XDCE,5650,5615,5655,7660,215960100,169240,170344,5805,5255,5530,5610,0,5615,0,0,0,2017-04-21,32472044,5645,70,0,0,0,0,0,0,0,0,5650,34,0,0,0,0,0,0,0,0
144,2017-04-21,09:01:12,542,v1709,XDCE,5645,5615,5655,7688,216750750,169226,170344,5805,5255,5530,5610,0,5615,0,0,0,2017-04-21,32472542,5645,54,0,0,0,0,0,0,0,0,5650,36,0,0,0,0,0,0,0,0
145,2017-04-21,09:01:13,54,v1709,XDCE,5645,5615,5655,7702,217145900,169214,170344,5805,5255,5530,5610,0,5615,0,0,0,2017-04-21,32473054,5645,47,0,0,0,0,0,0,0,0,5650,40,0,0,0,0,0,0,0,0
146,2017-04-21,09:01:13,579,v1709,XDCE,5650,5615,5655,7706,217258900,169214,170344,5805,5255,5530,5610,0,5615,0,0,0,2017-04-21,32473579,5645,48,0,0,0,0,0,0,0,0,5650,40,0,0,0,0,0,0,0,0
147,2017-04-21,09:01:14,5,v1709,XDCE,5650,5615,5655,7708,217315400,169212,170344,5805,5255,5530,5610,0,5615,0,0,0,2017-04-21,32474005,5645,48,0,0,0,0,0,0,0,0,5650,53,0,0,0,0,0,0,0,0
148,2017-04-21,09:01:14,538,v1709,XDCE,5645,5615,5655,7718,217597800,169206,170344,5805,5255,5530,5610,0,5615,0,0,0,2017-04-21,32474538,5645,46,0,0,0,0,0,0,0,0,5650,53,0,0,0,0,0,0,0,0
149,2017-04-21,09:01:14,965,v1709,XDCE,5645,5615,5655,7746,218388100,169200,170344,5805,5255,5530,5610,0,5615,0,0,0,2017-04-21,32474965,5645,37,0,0,0,0,0,0,0,0,5650,54,0,0,0,0,0,0,0,0
150,2017-04-21,09:01:15,578,v1709,XDCE,5645,5615,5655,7844,221154150,169136,170344,5805,5255,5530,5610,0,5615,0,0,0,2017-04-21,32475578,5640,102,0,0,0,0,0,0,0,0,5645,42,0,0,0,0,0,0,0,0
151,2017-04-21,09:01:16,80,v1709,XDCE,5645,5615,5655,7900,222734650,169098,170344,5805,5255,5530,5610,0,5615,0,0,0,2017-04-21,32476080,5640,90,0,0,0,0,0,0,0,0,5645,73,0,0,0,0,0,0,0,0
152,2017-04-21,09:01:16,529,v1709,XDCE,5645,5615,5655,7900,222734650,169098,170344,5805,5255,5530,5610,0,5615,0,0,0,2017-04-21,32476529,5640,75,0,0,0,0,0,0,0,0,5645,75,0,0,0,0,0,0,0,0
153,2017-04-21,09:01:17,81,v1709,XDCE,5645,5615,5655,7902,222791100,169096,170344,5805,5255,5530,5610,0,5615,0,0,0,2017-04-21,32477081,5640,41,0,0,0,0,0,0,0,0,5645,163,0,0,0,0,0,0,0,0
154,2017-04-21,09:01:17,578,v1709,XDCE,5640,5615,5655,7918,223242350,169102,170344,5805,5255,5530,5610,0,5615,0,0,0,2017-04-21,32477578,5640,34,0,0,0,0,0,0,0,0,5645,164,0,0,0,0,0,0,0,0
155,2017-04-21,09:01:18,5,v1709,XDCE,5645,5615,5655,7926,223468150,169098,170344,5805,5255,5530,5610,0,5615,0,0,0,2017-04-21,32478005,5640,33,0,0,0,0,0,0,0,0,5645,162,0,0,0,0,0,0,0,0
156,2017-04-21,09:01:18,565,v1709,XDCE,5645,5615,5655,8192,230976000,169320,170344,5805,5255,5530,5610,0,5615,0,0,0,2017-04-21,32478565,5640,33,0,0,0,0,0,0,0,0,5645,111,0,0,0,0,0,0,0,0
157,2017-04-21,09:01:19,38,v1709,XDCE,5640,5615,5655,8210,231483700,169322,170344,5805,5255,5530,5610,0,5615,0,0,0,2017-04-21,32479038,5640,130,0,0,0,0,0,0,0,0,5645,109,0,0,0,0,0,0,0,0
158,2017-04-21,09:01:19,574,v1709,XDCE,5645,5615,5655,8212,231540150,169322,170344,5805,5255,5530,5610,0,5615,0,0,0,2017-04-21,32479574,5640,143,0,0,0,0,0,0,0,0,5645,107,0,0,0,0,0,0,0,0
159,2017-04-21,09:01:20,46,v1709,XDCE,5640,5615,5655,8242,232386150,169292,170344,5805,5255,5530,5610,0,5615,0,0,0,2017-04-21,32480046,5640,129,0,0,0,0,0,0,0,0,5645,107,0,0,0,0,0,0,0,0
160,2017-04-21,09:01:20,563,v1709,XDCE,5640,5615,5655,8242,232386150,169292,170344,5805,5255,5530,5610,0,5615,0,0,0,2017-04-21,32480563,5640,130,0,0,0,0,0,0,0,0,5645,107,0,0,0,0,0,0,0,0
161,2017-04-21,09:01:21,0,v1709,XDCE,5640,5615,5655,8278,233401350,169264,170344,5805,5255,5530,5610,0,5615,0,0,0,2017-04-21,32481000,5640,103,0,0,0,0,0,0,0,0,5645,108,0,0,0,0,0,0,0,0
162,2017-04-21,09:01:21,579,v1709,XDCE,5645,5615,5655,8378,236223850,169262,170344,5805,5255,5530,5610,0,5615,0,0,0,2017-04-21,32481579,5640,102,0,0,0,0,0,0,0,0,5645,58,0,0,0,0,0,0,0,0
163,2017-04-21,09:01:22,69,v1709,XDCE,5645,5615,5655,8558,241304350,169228,170344,5805,5255,5530,5610,0,5615,0,0,0,2017-04-21,32482069,5645,10,0,0,0,0,0,0,0,0,5650,89,0,0,0,0,0,0,0,0
164,2017-04-21,09:01:22,577,v1709,XDCE,5645,5615,5655,8644,243731700,169178,170344,5805,5255,5530,5610,0,5615,0,0,0,2017-04-21,32482577,5645,1,0,0,0,0,0,0,0,0,5650,75,0,0,0,0,0,0,0,0
165,2017-04-21,09:01:23,77,v1709,XDCE,5645,5615,5655,8660,244183300,169194,170344,5805,5255,5530,5610,0,5615,0,0,0,2017-04-21,32483077,5640,118,0,0,0,0,0,0,0,0,5645,27,0,0,0,0,0,0,0,0
166,2017-04-21,09:01:23,562,v1709,XDCE,5645,5615,5655,8660,244183300,169194,170344,5805,5255,5530,5610,0,5615,0,0,0,2017-04-21,32483562,5640,177,0,0,0,0,0,0,0,0,5645,82,0,0,0,0,0,0,0,0
167,2017-04-21,09:01:24,49,v1709,XDCE,5645,5615,5655,8664,244296200,169198,170344,5805,5255,5530,5610,0,5615,0,0,0,2017-04-21,32484049,5640,177,0,0,0,0,0,0,0,0,5645,100,0,0,0,0,0,0,0,0
168,2017-04-21,09:01:24,532,v1709,XDCE,5645,5615,5655,8666,244352650,169198,170344,5805,5255,5530,5610,0,5615,0,0,0,2017-04-21,32484532,5640,177,0,0,0,0,0,0,0,0,5645,103,0,0,0,0,0,0,0,0
169,2017-04-21,09:01:25,566,v1709,XDCE,5640,5615,5655,8674,244578250,169190,170344,5805,5255,5530,5610,0,5615,0,0,0,2017-04-21,32485566,5640,173,0,0,0,0,0,0,0,0,5645,104,0,0,0,0,0,0,0,0
170,2017-04-21,09:01:26,25,v1709,XDCE,5640,5615,5655,8674,244578250,169190,170344,5805,5255,5530,5610,0,5615,0,0,0,2017-04-21,32486025,5640,163,0,0,0,0,0,0,0,0,5645,110,0,0,0,0,0,0,0,0
171,2017-04-21,09:01:26,566,v1709,XDCE,5645,5615,5655,8916,251408700,169094,170344,5805,5255,5530,5610,0,5615,0,0,0,2017-04-21,32486566,5645,9,0,0,0,0,0,0,0,0,5650,106,0,0,0,0,0,0,0,0
172,2017-04-21,09:01:27,79,v1709,XDCE,5645,5615,5655,8936,251973350,169086,170344,5805,5255,5530,5610,0,5615,0,0,0,2017-04-21,32487079,5645,22,0,0,0,0,0,0,0,0,5650,103,0,0,0,0,0,0,0,0
173,2017-04-21,09:01:27,581,v1709,XDCE,5645,5615,5655,8994,253610450,169058,170344,5805,5255,5530,5610,0,5615,0,0,0,2017-04-21,32487581,5640,177,0,0,0,0,0,0,0,0,5645,7,0,0,0,0,0,0,0,0
174,2017-04-21,09:01:28,35,v1709,XDCE,5645,5615,5655,9084,256150650,169002,170344,5805,5255,5530,5610,0,5615,0,0,0,2017-04-21,32488035,5640,173,0,0,0,0,0,0,0,0,5645,52,0,0,0,0,0,0,0,0
175,2017-04-21,09:01:29,60,v1709,XDCE,5645,5615,5655,9190,259142500,168996,170344,5805,5255,5530,5610,0,5615,0,0,0,2017-04-21,32489060,5645,63,0,0,0,0,0,0,0,0,5650,105,0,0,0,0,0,0,0,0
176,2017-04-21,09:01:29,576,v1709,XDCE,5645,5615,5655,9206,259594100,168988,170344,5805,5255,5530,5610,0,5615,0,0,0,2017-04-21,32489576,5645,60,0,0,0,0,0,0,0,0,5650,105,0,0,0,0,0,0,0,0
177,2017-04-21,09:01:30,84,v1709,XDCE,5650,5615,5655,9214,259819950,168980,170344,5805,5255,5530,5610,0,5615,0,0,0,2017-04-21,32490084,5645,57,0,0,0,0,0,0,0,0,5650,90,0,0,0,0,0,0,0,0
178,2017-04-21,09:01:30,580,v1709,XDCE,5645,5615,5655,9292,262021750,168908,170344,5805,5255,5530,5610,0,5615,0,0,0,2017-04-21,32490580,5645,23,0,0,0,0,0,0,0,0,5650,86,0,0,0,0,0,0,0,0
179,2017-04-21,09:01:31,80,v1709,XDCE,5645,5615,5655,9360,263941050,168900,170344,5805,5255,5530,5610,0,5615,0,0,0,2017-04-21,32491080,5645,7,0,0,0,0,0,0,0,0,5650,85,0,0,0,0,0,0,0,0
180,2017-04-21,09:01:31,439,v1709,XDCE,5645,5615,5655,9392,264843750,168872,170344,5805,5255,5530,5610,0,5615,0,0,0,2017-04-21,32491439,5645,23,0,0,0,0,0,0,0,0,5650,84,0,0,0,0,0,0,0,0
181,2017-04-21,09:01:32,70,v1709,XDCE,5645,5615,5655,9392,264843750,168872,170344,5805,5255,5530,5610,0,5615,0,0,0,2017-04-21,32492070,5645,14,0,0,0,0,0,0,0,0,5650,85,0,0,0,0,0,0,0,0
182,2017-04-21,09:01:32,569,v1709,XDCE,5645,5615,5655,9432,265972800,168888,170344,5805,5255,5530,5610,0,5615,0,0,0,2017-04-21,32492569,5640,184,0,0,0,0,0,0,0,0,5645,19,0,0,0,0,0,0,0,0
183,2017-04-21,09:01:33,79,v1709,XDCE,5645,5615,5655,9490,267609850,168906,170344,5805,5255,5530,5610,0,5615,0,0,0,2017-04-21,32493079,5645,14,0,0,0,0,0,0,0,0,5650,94,0,0,0,0,0,0,0,0
184,2017-04-21,09:01:33,577,v1709,XDCE,5645,5615,5655,9496,267779300,168904,170344,5805,5255,5530,5610,0,5615,0,0,0,2017-04-21,32493577,5645,14,0,0,0,0,0,0,0,0,5650,93,0,0,0,0,0,0,0,0
185,2017-04-21,09:01:34,58,v1709,XDCE,5645,5615,5655,9634,271673400,168834,170344,5805,5255,5530,5610,0,5615,0,0,0,2017-04-21,32494058,5645,31,0,0,0,0,0,0,0,0,5650,91,0,0,0,0,0,0,0,0
186,2017-04-21,09:01:34,583,v1709,XDCE,5645,5615,5655,9634,271673400,168834,170344,5805,5255,5530,5610,0,5615,0,0,0,2017-04-21,32494583,5645,131,0,0,0,0,0,0,0,0,5650,93,0,0,0,0,0,0,0,0
187,2017-04-21,09:01:35,54,v1709,XDCE,5645,5615,5655,9664,272520250,168840,170344,5805,5255,5530,5610,0,5615,0,0,0,2017-04-21,32495054,5645,129,0,0,0,0,0,0,0,0,5650,88,0,0,0,0,0,0,0,0
188,2017-04-21,09:01:35,556,v1709,XDCE,5645,5615,5655,9664,272520250,168840,170344,5805,5255,5530,5610,0,5615,0,0,0,2017-04-21,32495556,5645,131,0,0,0,0,0,0,0,0,5650,83,0,0,0,0,0,0,0,0
189,2017-04-21,09:01:36,72,v1709,XDCE,5650,5615,5655,9668,272633250,168842,170344,5805,5255,5530,5610,0,5615,0,0,0,2017-04-21,32496072,5645,152,0,0,0,0,0,0,0,0,5650,74,0,0,0,0,0,0,0,0
190,2017-04-21,09:01:36,585,v1709,XDCE,5645,5615,5655,9672,272746150,168842,170344,5805,5255,5530,5610,0,5615,0,0,0,2017-04-21,32496585,5645,150,0,0,0,0,0,0,0,0,5650,78,0,0,0,0,0,0,0,0
191,2017-04-21,09:01:37,78,v1709,XDCE,5650,5615,5655,9682,273028650,168850,170344,5805,5255,5530,5610,0,5615,0,0,0,2017-04-21,32497078,5645,151,0,0,0,0,0,0,0,0,5650,73,0,0,0,0,0,0,0,0
192,2017-04-21,09:01:38,49,v1709,XDCE,5650,5615,5655,9682,273028650,168850,170344,5805,5255,5530,5610,0,5615,0,0,0,2017-04-21,32498049,5645,151,0,0,0,0,0,0,0,0,5650,113,0,0,0,0,0,0,0,0
193,2017-04-21,09:01:38,558,v1709,XDCE,5645,5615,5655,9686,273141600,168850,170344,5805,5255,5530,5610,0,5615,0,0,0,2017-04-21,32498558,5645,150,0,0,0,0,0,0,0,0,5650,112,0,0,0,0,0,0,0,0
194,2017-04-21,09:01:39,59,v1709,XDCE,5650,5615,5655,9690,273254600,168852,170344,5805,5255,5530,5610,0,5615,0,0,0,2017-04-21,32499059,5645,151,0,0,0,0,0,0,0,0,5650,109,0,0,0,0,0,0,0,0
195,2017-04-21,09:01:39,576,v1709,XDCE,5650,5615,5655,9694,273367600,168854,170344,5805,5255,5530,5610,0,5615,0,0,0,2017-04-21,32499576,5645,151,0,0,0,0,0,0,0,0,5650,112,0,0,0,0,0,0,0,0
196,2017-04-21,09:01:40,63,v1709,XDCE,5650,5615,5655,9700,273537100,168854,170344,5805,5255,5530,5610,0,5615,0,0,0,2017-04-21,32500063,5645,152,0,0,0,0,0,0,0,0,5650,109,0,0,0,0,0,0,0,0
197,2017-04-21,09:01:40,585,v1709,XDCE,5650,5615,5655,9700,273537100,168854,170344,5805,5255,5530,5610,0,5615,0,0,0,2017-04-21,32500585,5645,153,0,0,0,0,0,0,0,0,5650,117,0,0,0,0,0,0,0,0
198,2017-04-21,09:01:41,56,v1709,XDCE,5650,5615,5655,9736,274553300,168848,170344,5805,5255,5530,5610,0,5615,0,0,0,2017-04-21,32501056,5645,137,0,0,0,0,0,0,0,0,5650,115,0,0,0,0,0,0,0,0
199,2017-04-21,09:01:41,487,v1709,XDCE,5650,5615,5655,9738,274609800,168846,170344,5805,5255,5530,5610,0,5615,0,0,0,2017-04-21,32501487,5645,137,0,0,0,0,0,0,0,0,5650,119,0,0,0,0,0,0,0,0
200,2017-04-21,09:01:42,55,v1709,XDCE,5650,5615,5655,9742,274722800,168842,170344,5805,5255,5530,5610,0,5615,0,0,0,2017-04-21,32502055,5645,138,0,0,0,0,0,0,0,0,5650,117,0,0,0,0,0,0,0,0
201,2017-04-21,09:01:42,540,v1709,XDCE,5650,5615,5655,9744,274779300,168840,170344,5805,5255,5530,5610,0,5615,0,0,0,2017-04-21,32502540,5645,138,0,0,0,0,0,0,0,0,5650,117,0,0,0,0,0,0,0,0
202,2017-04-21,09:01:43,74,v1709,XDCE,5650,5615,5655,9752,275005250,168832,170344,5805,5255,5530,5610,0,5615,0,0,0,2017-04-21,32503074,5645,138,0,0,0,0,0,0,0,0,5650,114,0,0,0,0,0,0,0,0
203,2017-04-21,09:01:43,577,v1709,XDCE,5650,5615,5655,9952,280655250,168798,170344,5805,5255,5530,5610,0,5615,0,0,0,2017-04-21,32503577,5645,138,0,0,0,0,0,0,0,0,5650,14,0,0,0,0,0,0,0,0
204,2017-04-21,09:01:44,79,v1709,XDCE,5650,5615,5655,9990,281728750,168778,170344,5805,5255,5530,5610,0,5615,0,0,0,2017-04-21,32504079,5650,17,0,0,0,0,0,0,0,0,5655,250,0,0,0,0,0,0,0,0
205,2017-04-21,09:01:44,532,v1709,XDCE,5650,5615,5655,10066,283875750,168712,170344,5805,5255,5530,5610,0,5615,0,0,0,2017-04-21,32504532,5645,144,0,0,0,0,0,0,0,0,5650,84,0,0,0,0,0,0,0,0
206,2017-04-21,09:01:45,57,v1709,XDCE,5650,5615,5655,10068,283932250,168712,170344,5805,5255,5530,5610,0,5615,0,0,0,2017-04-21,32505057,5645,204,0,0,0,0,0,0,0,0,5650,131,0,0,0,0,0,0,0,0
207,2017-04-21,09:01:45,564,v1709,XDCE,5650,5615,5655,10270,289638700,168514,170344,5805,5255,5530,5610,0,5615,0,0,0,2017-04-21,32505564,5645,203,0,0,0,0,0,0,0,0,5650,30,0,0,0,0,0,0,0,0
208,2017-04-21,09:01:46,47,v1709,XDCE,5655,5615,5655,10342,291672750,168494,170344,5805,5255,5530,5610,0,5615,0,0,0,2017-04-21,32506047,5650,29,0,0,0,0,0,0,0,0,5655,262,0,0,0,0,0,0,0,0
209,2017-04-21,09:01:46,585,v1709,XDCE,5650,5615,5655,10354,292011750,168486,170344,5805,5255,5530,5610,0,5615,0,0,0,2017-04-21,32506585,5650,110,0,0,0,0,0,0,0,0,5655,267,0,0,0,0,0,0,0,0
210,2017-04-21,09:01:47,30,v1709,XDCE,5650,5615,5655,10554,297661750,168680,170344,5805,5255,5530,5610,0,5615,0,0,0,2017-04-21,32507030,5650,13,0,0,0,0,0,0,0,0,5655,267,0,0,0,0,0,0,0,0
211,2017-04-21,09:01:47,540,v1709,XDCE,5650,5615,5655,10628,299752250,168650,170344,5805,5255,5530,5610,0,5615,0,0,0,2017-04-21,32507540,5645,205,0,0,0,0,0,0,0,0,5650,44,0,0,0,0,0,0,0,0
212,2017-04-21,09:01:48,17,v1709,XDCE,5650,5615,5655,10630,299808750,168650,170344,5805,5255,5530,5610,0,5615,0,0,0,2017-04-21,32508017,5645,206,0,0,0,0,0,0,0,0,5650,107,0,0,0,0,0,0,0,0
213,2017-04-21,09:01:48,462,v1709,XDCE,5650,5615,5655,10636,299978250,168650,170344,5805,5255,5530,5610,0,5615,0,0,0,2017-04-21,32508462,5645,206,0,0,0,0,0,0,0,0,5650,104,0,0,0,0,0,0,0,0
214,2017-04-21,09:01:48,937,v1709,XDCE,5650,5615,5655,10860,306306250,168538,170344,5805,5255,5530,5610,0,5615,0,0,0,2017-04-21,32508937,5650,61,0,0,0,0,0,0,0,0,5655,253,0,0,0,0,0,0,0,0
215,2017-04-21,09:01:49,570,v1709,XDCE,5650,5615,5655,10862,306362750,168536,170344,5805,5255,5530,5610,0,5615,0,0,0,2017-04-21,32509570,5650,43,0,0,0,0,0,0,0,0,5655,265,0,0,0,0,0,0,0,0
216,2017-04-21,09:01:50,40,v1709,XDCE,5650,5615,5655,10888,307097250,168528,170344,5805,5255,5530,5610,0,5615,0,0,0,2017-04-21,32510040,5650,30,0,0,0,0,0,0,0,0,5655,265,0,0,0,0,0,0,0,0
217,2017-04-21,09:01:50,498,v1709,XDCE,5650,5615,5655,10910,307718750,168532,170344,5805,5255,5530,5610,0,5615,0,0,0,2017-04-21,32510498,5645,205,0,0,0,0,0,0,0,0,5650,1,0,0,0,0,0,0,0,0
218,2017-04-21,09:01:51,76,v1709,XDCE,5650,5615,5655,10914,307831750,168534,170344,5805,5255,5530,5610,0,5615,0,0,0,2017-04-21,32511076,5645,205,0,0,0,0,0,0,0,0,5650,4,0,0,0,0,0,0,0,0
219,2017-04-21,09:01:51,567,v1709,XDCE,5650,5615,5655,10924,308114250,168528,170344,5805,5255,5530,5610,0,5615,0,0,0,2017-04-21,32511567,5650,32,0,0,0,0,0,0,0,0,5655,267,0,0,0,0,0,0,0,0
220,2017-04-21,09:01:51,909,v1709,XDCE,5650,5615,5655,10928,308227250,168524,170344,5805,5255,5530,5610,0,5615,0,0,0,2017-04-21,32511909,5650,65,0,0,0,0,0,0,0,0,5655,266,0,0,0,0,0,0,0,0
221,2017-04-21,09:01:52,495,v1709,XDCE,5650,5615,5655,10956,309018300,168502,170344,5805,5255,5530,5610,0,5615,0,0,0,2017-04-21,32512495,5650,63,0,0,0,0,0,0,0,0,5655,314,0,0,0,0,0,0,0,0
222,2017-04-21,09:01:53,84,v1709,XDCE,5650,5615,5655,10956,309018300,168502,170344,5805,5255,5530,5610,0,5615,0,0,0,2017-04-21,32513084,5650,63,0,0,0,0,0,0,0,0,5655,315,0,0,0,0,0,0,0,0
223,2017-04-21,09:01:53,557,v1709,XDCE,5655,5615,5655,10958,309074850,168502,170344,5805,5255,5530,5610,0,5615,0,0,0,2017-04-21,32513557,5650,63,0,0,0,0,0,0,0,0,5655,354,0,0,0,0,0,0,0,0
224,2017-04-21,09:01:54,54,v1709,XDCE,5650,5615,5655,10974,309526850,168500,170344,5805,5255,5530,5610,0,5615,0,0,0,2017-04-21,32514054,5650,69,0,0,0,0,0,0,0,0,5655,354,0,0,0,0,0,0,0,0
225,2017-04-21,09:01:54,404,v1709,XDCE,5650,5615,5655,10974,309526850,168500,170344,5805,5255,5530,5610,0,5615,0,0,0,2017-04-21,32514404,5650,70,0,0,0,0,0,0,0,0,5655,355,0,0,0,0,0,0,0,0
226,2017-04-21,09:01:55,84,v1709,XDCE,5650,5615,5655,10990,309978900,168514,170344,5805,5255,5530,5610,0,5615,0,0,0,2017-04-21,32515084,5650,101,0,0,0,0,0,0,0,0,5655,352,0,0,0,0,0,0,0,0
227,2017-04-21,09:01:55,539,v1709,XDCE,5655,5615,5655,11018,310770550,168514,170344,5805,5255,5530,5610,0,5615,0,0,0,2017-04-21,32515539,5650,100,0,0,0,0,0,0,0,0,5655,362,0,0,0,0,0,0,0,0
228,2017-04-21,09:01:56,5,v1709,XDCE,5650,5615,5655,11224,316590200,168626,170344,5805,5255,5530,5610,0,5615,0,0,0,2017-04-21,32516005,5645,207,0,0,0,0,0,0,0,0,5650,1,0,0,0,0,0,0,0,0
229,2017-04-21,09:01:56,548,v1709,XDCE,5650,5615,5655,11230,316759650,168626,170344,5805,5255,5530,5610,0,5615,0,0,0,2017-04-21,32516548,5645,206,0,0,0,0,0,0,0,0,5650,9,0,0,0,0,0,0,0,0
230,2017-04-21,09:01:56,974,v1709,XDCE,5650,5615,5655,11234,316872650,168624,170344,5805,5255,5530,5610,0,5615,0,0,0,2017-04-21,32516974,5645,206,0,0,0,0,0,0,0,0,5650,47,0,0,0,0,0,0,0,0
231,2017-04-21,09:01:57,554,v1709,XDCE,5650,5615,5655,11234,316872650,168624,170344,5805,5255,5530,5610,0,5615,0,0,0,2017-04-21,32517554,5645,205,0,0,0,0,0,0,0,0,5650,58,0,0,0,0,0,0,0,0
232,2017-04-21,09:01:58,70,v1709,XDCE,5650,5615,5655,11514,324782650,168588,170344,5805,5255,5530,5610,0,5615,0,0,0,2017-04-21,32518070,5645,195,0,0,0,0,0,0,0,0,5650,49,0,0,0,0,0,0,0,0
233,2017-04-21,09:01:58,547,v1709,XDCE,5650,5615,5655,11516,324839150,168588,170344,5805,5255,5530,5610,0,5615,0,0,0,2017-04-21,32518547,5645,195,0,0,0,0,0,0,0,0,5650,73,0,0,0,0,0,0,0,0
234,2017-04-21,09:01:59,79,v1709,XDCE,5650,5615,5655,11520,324952150,168586,170344,5805,5255,5530,5610,0,5615,0,0,0,2017-04-21,32519079,5645,195,0,0,0,0,0,0,0,0,5650,82,0,0,0,0,0,0,0,0
235,2017-04-21,09:01:59,546,v1709,XDCE,5650,5615,5655,11520,324952150,168586,170344,5805,5255,5530,5610,0,5615,0,0,0,2017-04-21,32519546,5645,195,0,0,0,0,0,0,0,0,5650,100,0,0,0,0,0,0,0,0
236,2017-04-21,09:01:59,918,v1709,XDCE,5650,5615,5655,11520,324952150,168586,170344,5805,5255,5530,5610,0,5615,0,0,0,2017-04-21,32519918,5645,195,0,0,0,0,0,0,0,0,5650,102,0,0,0,0,0,0,0,0
237,2017-04-21,09:02:00,566,v1709,XDCE,5650,5615,5655,11582,326703350,168614,170344,5805,5255,5530,5610,0,5615,0,0,0,2017-04-21,32520566,5645,93,0,0,0,0,0,0,0,0,5650,109,0,0,0,0,0,0,0,0
238,2017-04-21,09:02:01,73,v1709,XDCE,5645,5615,5655,11768,331953200,168508,170344,5805,5255,5530,5610,0,5615,0,0,0,2017-04-21,32521073,5640,111,0,0,0,0,0,0,0,0,5645,15,0,0,0,0,0,0,0,0
239,2017-04-21,09:02:01,408,v1709,XDCE,5645,5615,5655,11768,331953200,168508,170344,5805,5255,5530,5610,0,5615,0,0,0,2017-04-21,32521408,5640,111,0,0,0,0,0,0,0,0,5645,44,0,0,0,0,0,0,0,0
240,2017-04-21,09:02:01,927,v1709,XDCE,5645,5615,5655,11770,332009650,168510,170344,5805,5255,5530,5610,0,5615,0,0,0,2017-04-21,32521927,5640,116,0,0,0,0,0,0,0,0,5645,44,0,0,0,0,0,0,0,0
241,2017-04-21,09:02:02,582,v1709,XDCE,5640,5615,5655,11776,332178950,168508,170344,5805,5255,5530,5610,0,5615,0,0,0,2017-04-21,32522582,5640,114,0,0,0,0,0,0,0,0,5645,42,0,0,0,0,0,0,0,0
242,2017-04-21,09:02:03,53,v1709,XDCE,5640,5615,5655,11776,332178950,168508,170344,5805,5255,5530,5610,0,5615,0,0,0,2017-04-21,32523053,5640,115,0,0,0,0,0,0,0,0,5645,43,0,0,0,0,0,0,0,0
243,2017-04-21,09:02:03,536,v1709,XDCE,5640,5615,5655,11780,332291800,168508,170344,5805,5255,5530,5610,0,5615,0,0,0,2017-04-21,32523536,5640,114,0,0,0,0,0,0,0,0,5645,42,0,0,0,0,0,0,0,0
244,2017-04-21,09:02:04,81,v1709,XDCE,5640,5615,5655,11784,332404600,168504,170344,5805,5255,5530,5610,0,5615,0,0,0,2017-04-21,32524081,5640,112,0,0,0,0,0,0,0,0,5645,44,0,0,0,0,0,0,0,0
245,2017-04-21,09:02:04,477,v1709,XDCE,5640,5615,5655,11790,332573900,168506,170344,5805,5255,5530,5610,0,5615,0,0,0,2017-04-21,32524477,5640,115,0,0,0,0,0,0,0,0,5645,42,0,0,0,0,0,0,0,0
246,2017-04-21,09:02:05,20,v1709,XDCE,5645,5615,5655,11794,332686750,168504,170344,5805,5255,5530,5610,0,5615,0,0,0,2017-04-21,32525020,5640,137,0,0,0,0,0,0,0,0,5645,41,0,0,0,0,0,0,0,0
247,2017-04-21,09:02:05,545,v1709,XDCE,5645,5615,5655,11794,332686750,168504,170344,5805,5255,5530,5610,0,5615,0,0,0,2017-04-21,32525545,5640,137,0,0,0,0,0,0,0,0,5645,43,0,0,0,0,0,0,0,0
248,2017-04-21,09:02:06,85,v1709,XDCE,5645,5615,5655,11798,332799650,168502,170344,5805,5255,5530,5610,0,5615,0,0,0,2017-04-21,32526085,5640,137,0,0,0,0,0,0,0,0,5645,42,0,0,0,0,0,0,0,0
249,2017-04-21,09:02:06,558,v1709,XDCE,5640,5615,5655,11804,332968950,168502,170344,5805,5255,5530,5610,0,5615,0,0,0,2017-04-21,32526558,5640,141,0,0,0,0,0,0,0,0,5645,40,0,0,0,0,0,0,0,0
250,2017-04-21,09:02:06,953,v1709,XDCE,5640,5615,5655,11804,332968950,168502,170344,5805,5255,5530,5610,0,5615,0,0,0,2017-04-21,32526953,5640,141,0,0,0,0,0,0,0,0,5645,41,0,0,0,0,0,0,0,0
251,2017-04-21,09:02:07,569,v1709,XDCE,5640,5615,5655,11804,332968950,168502,170344,5805,5255,5530,5610,0,5615,0,0,0,2017-04-21,32527569,5640,141,0,0,0,0,0,0,0,0,5645,42,0,0,0,0,0,0,0,0
252,2017-04-21,09:02:08,454,v1709,XDCE,5640,5615,5655,11806,333025350,168502,170344,5805,5255,5530,5610,0,5615,0,0,0,2017-04-21,32528454,5640,140,0,0,0,0,0,0,0,0,5645,42,0,0,0,0,0,0,0,0
253,2017-04-21,09:02:09,52,v1709,XDCE,5640,5615,5655,11806,333025350,168502,170344,5805,5255,5530,5610,0,5615,0,0,0,2017-04-21,32529052,5640,161,0,0,0,0,0,0,0,0,5645,47,0,0,0,0,0,0,0,0
254,2017-04-21,09:02:10,46,v1709,XDCE,5640,5615,5655,11806,333025350,168502,170344,5805,5255,5530,5610,0,5615,0,0,0,2017-04-21,32530046,5640,151,0,0,0,0,0,0,0,0,5645,55,0,0,0,0,0,0,0,0
255,2017-04-21,09:02:11,957,v1709,XDCE,5640,5615,5655,11808,333081750,168500,170344,5805,5255,5530,5610,0,5615,0,0,0,2017-04-21,32531957,5640,220,0,0,0,0,0,0,0,0,5645,56,0,0,0,0,0,0,0,0
256,2017-04-21,09:02:12,579,v1709,XDCE,5645,5615,5655,11820,333420450,168500,170344,5805,5255,5530,5610,0,5615,0,0,0,2017-04-21,32532579,5640,220,0,0,0,0,0,0,0,0,5645,51,0,0,0,0,0,0,0,0
257,2017-04-21,09:02:13,59,v1709,XDCE,5645,5615,5655,11866,334718800,168546,170344,5805,5255,5530,5610,0,5615,0,0,0,2017-04-21,32533059,5640,222,0,0,0,0,0,0,0,0,5645,34,0,0,0,0,0,0,0,0
258,2017-04-21,09:02:13,494,v1709,XDCE,5645,5615,5655,11918,336186500,168560,170344,5805,5255,5530,5610,0,5615,0,0,0,2017-04-21,32533494,5640,222,0,0,0,0,0,0,0,0,5645,14,0,0,0,0,0,0,0,0
259,2017-04-21,09:02:14,574,v1709,XDCE,5645,5615,5655,11918,336186500,168560,170344,5805,5255,5530,5610,0,5615,0,0,0,2017-04-21,32534574,5640,221,0,0,0,0,0,0,0,0,5645,15,0,0,0,0,0,0,0,0
260,2017-04-21,09:02:15,80,v1709,XDCE,5645,5615,5655,11936,336694550,168556,170344,5805,5255,5530,5610,0,5615,0,0,0,2017-04-21,32535080,5640,223,0,0,0,0,0,0,0,0,5645,16,0,0,0,0,0,0,0,0
261,2017-04-21,09:02:15,568,v1709,XDCE,5645,5615,5655,11936,336694550,168556,170344,5805,5255,5530,5610,0,5615,0,0,0,2017-04-21,32535568,5640,223,0,0,0,0,0,0,0,0,5645,48,0,0,0,0,0,0,0,0
262,2017-04-21,09:02:16,400,v1709,XDCE,5645,5615,5655,11942,336863900,168552,170344,5805,5255,5530,5610,0,5615,0,0,0,2017-04-21,32536400,5640,223,0,0,0,0,0,0,0,0,5645,45,0,0,0,0,0,0,0,0
263,2017-04-21,09:02:17,72,v1709,XDCE,5645,5615,5655,11952,337146150,168554,170344,5805,5255,5530,5610,0,5615,0,0,0,2017-04-21,32537072,5640,223,0,0,0,0,0,0,0,0,5645,43,0,0,0,0,0,0,0,0
264,2017-04-21,09:02:18,16,v1709,XDCE,5645,5615,5655,11952,337146150,168554,170344,5805,5255,5530,5610,0,5615,0,0,0,2017-04-21,32538016,5640,223,0,0,0,0,0,0,0,0,5645,55,0,0,0,0,0,0,0,0
265,2017-04-21,09:02:18,511,v1709,XDCE,5645,5615,5655,11954,337202600,168554,170344,5805,5255,5530,5610,0,5615,0,0,0,2017-04-21,32538511,5640,223,0,0,0,0,0,0,0,0,5645,54,0,0,0,0,0,0,0,0
266,2017-04-21,09:02:19,41,v1709,XDCE,5640,5615,5655,11956,337259000,168554,170344,5805,5255,5530,5610,0,5615,0,0,0,2017-04-21,32539041,5640,222,0,0,0,0,0,0,0,0,5645,54,0,0,0,0,0,0,0,0
267,2017-04-21,09:02:20,60,v1709,XDCE,5645,5615,5655,11976,337823500,168554,170344,5805,5255,5530,5610,0,5615,0,0,0,2017-04-21,32540060,5640,222,0,0,0,0,0,0,0,0,5645,52,0,0,0,0,0,0,0,0
268,2017-04-21,09:02:20,544,v1709,XDCE,5645,5615,5655,11978,337879950,168552,170344,5805,5255,5530,5610,0,5615,0,0,0,2017-04-21,32540544,5640,220,0,0,0,0,0,0,0,0,5645,51,0,0,0,0,0,0,0,0
269,2017-04-21,09:02:21,241,v1709,XDCE,5645,5615,5655,11978,337879950,168552,170344,5805,5255,5530,5610,0,5615,0,0,0,2017-04-21,32541241,5640,223,0,0,0,0,0,0,0,0,5645,51,0,0,0,0,0,0,0,0
270,2017-04-21,09:02:22,82,v1709,XDCE,5645,5615,5655,11978,337879950,168552,170344,5805,5255,5530,5610,0,5615,0,0,0,2017-04-21,32542082,5640,224,0,0,0,0,0,0,0,0,5645,81,0,0,0,0,0,0,0,0
271,2017-04-21,09:02:22,581,v1709,XDCE,5645,5615,5655,11980,337936400,168552,170344,5805,5255,5530,5610,0,5615,0,0,0,2017-04-21,32542581,5640,224,0,0,0,0,0,0,0,0,5645,86,0,0,0,0,0,0,0,0
272,2017-04-21,09:02:23,19,v1709,XDCE,5640,5615,5655,11982,337992800,168550,170344,5805,5255,5530,5610,0,5615,0,0,0,2017-04-21,32543019,5640,223,0,0,0,0,0,0,0,0,5645,92,0,0,0,0,0,0,0,0
273,2017-04-21,09:02:23,553,v1709,XDCE,5640,5615,5655,12044,339741200,168490,170344,5805,5255,5530,5610,0,5615,0,0,0,2017-04-21,32543553,5640,192,0,0,0,0,0,0,0,0,5645,93,0,0,0,0,0,0,0,0
274,2017-04-21,09:02:24,19,v1709,XDCE,5645,5615,5655,12046,339797650,168488,170344,5805,5255,5530,5610,0,5615,0,0,0,2017-04-21,32544019,5640,192,0,0,0,0,0,0,0,0,5645,94,0,0,0,0,0,0,0,0
275,2017-04-21,09:02:24,581,v1709,XDCE,5645,5615,5655,12066,340361900,168468,170344,5805,5255,5530,5610,0,5615,0,0,0,2017-04-21,32544581,5640,177,0,0,0,0,0,0,0,0,5645,99,0,0,0,0,0,0,0,0
276,2017-04-21,09:02:25,19,v1709,XDCE,5640,5615,5655,12076,340644100,168466,170344,5805,5255,5530,5610,0,5615,0,0,0,2017-04-21,32545019,5640,191,0,0,0,0,0,0,0,0,5645,95,0,0,0,0,0,0,0,0
277,2017-04-21,09:02:25,563,v1709,XDCE,5640,5615,5655,12078,340700500,168466,170344,5805,5255,5530,5610,0,5615,0,0,0,2017-04-21,32545563,5640,190,0,0,0,0,0,0,0,0,5645,125,0,0,0,0,0,0,0,0
278,2017-04-21,09:02:26,574,v1709,XDCE,5640,5615,5655,12128,342110500,168418,170344,5805,5255,5530,5610,0,5615,0,0,0,2017-04-21,32546574,5640,165,0,0,0,0,0,0,0,0,5645,125,0,0,0,0,0,0,0,0
279,2017-04-21,09:02:26,896,v1709,XDCE,5640,5615,5655,12130,342166900,168416,170344,5805,5255,5530,5610,0,5615,0,0,0,2017-04-21,32546896,5640,174,0,0,0,0,0,0,0,0,5645,125,0,0,0,0,0,0,0,0
280,2017-04-21,09:02:27,401,v1709,XDCE,5645,5615,5655,12140,342449150,168416,170344,5805,5255,5530,5610,0,5615,0,0,0,2017-04-21,32547401,5640,174,0,0,0,0,0,0,0,0,5645,120,0,0,0,0,0,0,0,0
281,2017-04-21,09:02:27,890,v1709,XDCE,5640,5615,5655,12142,342505550,168414,170344,5805,5255,5530,5610,0,5615,0,0,0,2017-04-21,32547890,5640,183,0,0,0,0,0,0,0,0,5645,133,0,0,0,0,0,0,0,0
282,2017-04-21,09:02:28,545,v1709,XDCE,5640,5615,5655,12204,344254000,168374,170344,5805,5255,5530,5610,0,5615,0,0,0,2017-04-21,32548545,5640,155,0,0,0,0,0,0,0,0,5645,132,0,0,0,0,0,0,0,0
283,2017-04-21,09:02:28,918,v1709,XDCE,5640,5615,5655,12208,344366800,168374,170344,5805,5255,5530,5610,0,5615,0,0,0,2017-04-21,32548918,5640,153,0,0,0,0,0,0,0,0,5645,132,0,0,0,0,0,0,0,0
284,2017-04-21,09:02:29,517,v1709,XDCE,5645,5615,5655,12210,344423250,168372,170344,5805,5255,5530,5610,0,5615,0,0,0,2017-04-21,32549517,5640,153,0,0,0,0,0,0,0,0,5645,137,0,0,0,0,0,0,0,0
285,2017-04-21,09:02:30,75,v1709,XDCE,5640,5615,5655,12216,344592450,168366,170344,5805,5255,5530,5610,0,5615,0,0,0,2017-04-21,32550075,5640,150,0,0,0,0,0,0,0,0,5645,143,0,0,0,0,0,0,0,0
286,2017-04-21,09:02:30,543,v1709,XDCE,5640,5615,5655,12228,344930900,168358,170344,5805,5255,5530,5610,0,5615,0,0,0,2017-04-21,32550543,5640,145,0,0,0,0,0,0,0,0,5645,142,0,0,0,0,0,0,0,0
287,2017-04-21,09:02:31,16,v1709,XDCE,5640,5615,5655,12230,344987300,168358,170344,5805,5255,5530,5610,0,5615,0,0,0,2017-04-21,32551016,5640,145,0,0,0,0,0,0,0,0,5645,142,0,0,0,0,0,0,0,0
288,2017-04-21,09:02:31,392,v1709,XDCE,5640,5615,5655,12290,346679300,168326,170344,5805,5255,5530,5610,0,5615,0,0,0,2017-04-21,32551392,5640,114,0,0,0,0,0,0,0,0,5645,154,0,0,0,0,0,0,0,0
289,2017-04-21,09:02:31,990,v1709,XDCE,5640,5615,5655,12310,347243300,168328,170344,5805,5255,5530,5610,0,5615,0,0,0,2017-04-21,32551990,5640,104,0,0,0,0,0,0,0,0,5645,154,0,0,0,0,0,0,0,0
290,2017-04-21,09:02:32,562,v1709,XDCE,5645,5615,5655,12384,349330200,168258,170344,5805,5255,5530,5610,0,5615,0,0,0,2017-04-21,32552562,5640,79,0,0,0,0,0,0,0,0,5645,150,0,0,0,0,0,0,0,0
291,2017-04-21,09:02:33,53,v1709,XDCE,5640,5615,5655,12388,349443000,168254,170344,5805,5255,5530,5610,0,5615,0,0,0,2017-04-21,32553053,5640,77,0,0,0,0,0,0,0,0,5645,150,0,0,0,0,0,0,0,0
292,2017-04-21,09:02:33,568,v1709,XDCE,5640,5615,5655,12396,349668600,168254,170344,5805,5255,5530,5610,0,5615,0,0,0,2017-04-21,32553568,5640,84,0,0,0,0,0,0,0,0,5645,152,0,0,0,0,0,0,0,0
293,2017-04-21,09:02:34,84,v1709,XDCE,5640,5615,5655,12456,351360600,168194,170344,5805,5255,5530,5610,0,5615,0,0,0,2017-04-21,32554084,5640,56,0,0,0,0,0,0,0,0,5645,153,0,0,0,0,0,0,0,0
294,2017-04-21,09:02:34,492,v1709,XDCE,5640,5615,5655,12460,351473450,168190,170344,5805,5255,5530,5610,0,5615,0,0,0,2017-04-21,32554492,5640,56,0,0,0,0,0,0,0,0,5645,152,0,0,0,0,0,0,0,0
295,2017-04-21,09:02:35,19,v1709,XDCE,5640,5615,5655,12460,351473450,168190,170344,5805,5255,5530,5610,0,5615,0,0,0,2017-04-21,32555019,5640,206,0,0,0,0,0,0,0,0,5645,152,0,0,0,0,0,0,0,0
296,2017-04-21,09:02:35,503,v1709,XDCE,5640,5615,5655,12558,354237350,168128,170344,5805,5255,5530,5610,0,5615,0,0,0,2017-04-21,32555503,5640,165,0,0,0,0,0,0,0,0,5645,144,0,0,0,0,0,0,0,0
297,2017-04-21,09:02:36,35,v1709,XDCE,5640,5615,5655,12620,355985750,168074,170344,5805,5255,5530,5610,0,5615,0,0,0,2017-04-21,32556035,5640,134,0,0,0,0,0,0,0,0,5645,140,0,0,0,0,0,0,0,0
298,2017-04-21,09:02:36,505,v1709,XDCE,5640,5615,5655,12634,356380550,168074,170344,5805,5255,5530,5610,0,5615,0,0,0,2017-04-21,32556505,5640,127,0,0,0,0,0,0,0,0,5645,140,0,0,0,0,0,0,0,0
299,2017-04-21,09:02:37,84,v1709,XDCE,5640,5615,5655,12640,356549750,168072,170344,5805,5255,5530,5610,0,5615,0,0,0,2017-04-21,32557084,5640,126,0,0,0,0,0,0,0,0,5645,140,0,0,0,0,0,0,0,0
300,2017-04-21,09:02:37,489,v1709,XDCE,5640,5615,5655,12644,356662550,168068,170344,5805,5255,5530,5610,0,5615,0,0,0,2017-04-21,32557489,5640,124,0,0,0,0,0,0,0,0,5645,140,0,0,0,0,0,0,0,0
301,2017-04-21,09:02:38,0,v1709,XDCE,5640,5615,5655,12644,356662550,168068,170344,5805,5255,5530,5610,0,5615,0,0,0,2017-04-21,32558000,5640,124,0,0,0,0,0,0,0,0,5645,138,0,0,0,0,0,0,0,0
302,2017-04-21,09:02:38,533,v1709,XDCE,5640,5615,5655,12658,357057400,168056,170344,5805,5255,5530,5610,0,5615,0,0,0,2017-04-21,32558533,5640,119,0,0,0,0,0,0,0,0,5645,135,0,0,0,0,0,0,0,0
303,2017-04-21,09:02:39,20,v1709,XDCE,5640,5615,5655,12660,357113800,168054,170344,5805,5255,5530,5610,0,5615,0,0,0,2017-04-21,32559020,5640,118,0,0,0,0,0,0,0,0,5645,135,0,0,0,0,0,0,0,0
304,2017-04-21,09:02:39,291,v1709,XDCE,5640,5615,5655,12680,357677800,168034,170344,5805,5255,5530,5610,0,5615,0,0,0,2017-04-21,32559291,5640,108,0,0,0,0,0,0,0,0,5645,135,0,0,0,0,0,0,0,0
305,2017-04-21,09:02:40,68,v1709,XDCE,5640,5615,5655,12680,357677800,168034,170344,5805,5255,5530,5610,0,5615,0,0,0,2017-04-21,32560068,5640,118,0,0,0,0,0,0,0,0,5645,135,0,0,0,0,0,0,0,0
306,2017-04-21,09:02:40,927,v1709,XDCE,5640,5615,5655,12680,357677800,168034,170344,5805,5255,5530,5610,0,5615,0,0,0,2017-04-21,32560927,5640,119,0,0,0,0,0,0,0,0,5645,136,0,0,0,0,0,0,0,0
307,2017-04-21,09:02:41,564,v1709,XDCE,5640,5615,5655,12680,357677800,168034,170344,5805,5255,5530,5610,0,5615,0,0,0,2017-04-21,32561564,5640,119,0,0,0,0,0,0,0,0,5645,148,0,0,0,0,0,0,0,0
308,2017-04-21,09:02:42,55,v1709,XDCE,5640,5615,5655,12688,357903500,168032,170344,5805,5255,5530,5610,0,5615,0,0,0,2017-04-21,32562055,5640,117,0,0,0,0,0,0,0,0,5645,146,0,0,0,0,0,0,0,0
309,2017-04-21,09:02:42,333,v1709,XDCE,5640,5615,5655,12688,357903500,168032,170344,5805,5255,5530,5610,0,5615,0,0,0,2017-04-21,32562333,5640,118,0,0,0,0,0,0,0,0,5645,146,0,0,0,0,0,0,0,0
310,2017-04-21,09:02:44,512,v1709,XDCE,5640,5615,5655,12688,357903500,168032,170344,5805,5255,5530,5610,0,5615,0,0,0,2017-04-21,32564512,5640,119,0,0,0,0,0,0,0,0,5645,150,0,0,0,0,0,0,0,0
311,2017-04-21,09:02:45,32,v1709,XDCE,5640,5615,5655,12712,358580300,168008,170344,5805,5255,5530,5610,0,5615,0,0,0,2017-04-21,32565032,5640,107,0,0,0,0,0,0,0,0,5645,156,0,0,0,0,0,0,0,0
312,2017-04-21,09:02:45,485,v1709,XDCE,5645,5615,5655,12730,359088350,168008,170344,5805,5255,5530,5610,0,5615,0,0,0,2017-04-21,32565485,5640,108,0,0,0,0,0,0,0,0,5645,147,0,0,0,0,0,0,0,0
313,2017-04-21,09:02:46,476,v1709,XDCE,5645,5615,5655,12730,359088350,168008,170344,5805,5255,5530,5610,0,5615,0,0,0,2017-04-21,32566476,5640,118,0,0,0,0,0,0,0,0,5645,137,0,0,0,0,0,0,0,0
314,2017-04-21,09:02:47,78,v1709,XDCE,5645,5615,5655,12738,359314150,168012,170344,5805,5255,5530,5610,0,5615,0,0,0,2017-04-21,32567078,5640,131,0,0,0,0,0,0,0,0,5645,134,0,0,0,0,0,0,0,0
315,2017-04-21,09:02:48,10,v1709,XDCE,5640,5615,5655,12742,359426950,168012,170344,5805,5255,5530,5610,0,5615,0,0,0,2017-04-21,32568010,5640,129,0,0,0,0,0,0,0,0,5645,134,0,0,0,0,0,0,0,0
316,2017-04-21,09:02:48,928,v1709,XDCE,5640,5615,5655,12742,359426950,168012,170344,5805,5255,5530,5610,0,5615,0,0,0,2017-04-21,32568928,5640,130,0,0,0,0,0,0,0,0,5645,134,0,0,0,0,0,0,0,0
317,2017-04-21,09:02:49,557,v1709,XDCE,5645,5615,5655,12744,359483400,168014,170344,5805,5255,5530,5610,0,5615,0,0,0,2017-04-21,32569557,5640,136,0,0,0,0,0,0,0,0,5645,133,0,0,0,0,0,0,0,0
318,2017-04-21,09:02:50,78,v1709,XDCE,5645,5615,5655,12744,359483400,168014,170344,5805,5255,5530,5610,0,5615,0,0,0,2017-04-21,32570078,5640,136,0,0,0,0,0,0,0,0,5645,134,0,0,0,0,0,0,0,0
319,2017-04-21,09:02:50,959,v1709,XDCE,5645,5615,5655,12744,359483400,168014,170344,5805,5255,5530,5610,0,5615,0,0,0,2017-04-21,32570959,5640,136,0,0,0,0,0,0,0,0,5645,128,0,0,0,0,0,0,0,0
320,2017-04-21,09:02:51,583,v1709,XDCE,5645,5615,5655,12746,359539850,168014,170344,5805,5255,5530,5610,0,5615,0,0,0,2017-04-21,32571583,5640,136,0,0,0,0,0,0,0,0,5645,127,0,0,0,0,0,0,0,0
321,2017-04-21,09:02:52,51,v1709,XDCE,5645,5615,5655,12746,359539850,168014,170344,5805,5255,5530,5610,0,5615,0,0,0,2017-04-21,32572051,5640,126,0,0,0,0,0,0,0,0,5645,138,0,0,0,0,0,0,0,0
322,2017-04-21,09:02:52,561,v1709,XDCE,5645,5615,5655,12750,359652750,168018,170344,5805,5255,5530,5610,0,5615,0,0,0,2017-04-21,32572561,5640,126,0,0,0,0,0,0,0,0,5645,136,0,0,0,0,0,0,0,0
323,2017-04-21,09:02:52,996,v1709,XDCE,5645,5615,5655,12754,359765600,168018,170344,5805,5255,5530,5610,0,5615,0,0,0,2017-04-21,32572996,5640,125,0,0,0,0,0,0,0,0,5645,136,0,0,0,0,0,0,0,0
324,2017-04-21,09:02:53,585,v1709,XDCE,5645,5615,5655,12758,359878450,168020,170344,5805,5255,5530,5610,0,5615,0,0,0,2017-04-21,32573585,5640,124,0,0,0,0,0,0,0,0,5645,135,0,0,0,0,0,0,0,0
325,2017-04-21,09:02:54,69,v1709,XDCE,5640,5615,5655,12764,360047700,168016,170344,5805,5255,5530,5610,0,5615,0,0,0,2017-04-21,32574069,5640,122,0,0,0,0,0,0,0,0,5645,136,0,0,0,0,0,0,0,0
326,2017-04-21,09:02:54,412,v1709,XDCE,5645,5615,5655,12766,360104150,168016,170344,5805,5255,5530,5610,0,5615,0,0,0,2017-04-21,32574412,5640,122,0,0,0,0,0,0,0,0,5645,135,0,0,0,0,0,0,0,0
327,2017-04-21,09:02:55,579,v1709,XDCE,5645,5615,5655,12770,360217050,168016,170344,5805,5255,5530,5610,0,5615,0,0,0,2017-04-21,32575579,5640,122,0,0,0,0,0,0,0,0,5645,133,0,0,0,0,0,0,0,0
328,2017-04-21,09:02:56,60,v1709,XDCE,5645,5615,5655,12770,360217050,168016,170344,5805,5255,5530,5610,0,5615,0,0,0,2017-04-21,32576060,5640,112,0,0,0,0,0,0,0,0,5645,133,0,0,0,0,0,0,0,0
329,2017-04-21,09:02:56,523,v1709,XDCE,5640,5615,5655,12920,364447200,168018,170344,5805,5255,5530,5610,0,5615,0,0,0,2017-04-21,32576523,5640,40,0,0,0,0,0,0,0,0,5645,133,0,0,0,0,0,0,0,0
330,2017-04-21,09:02:57,64,v1709,XDCE,5640,5615,5655,12970,365857200,168018,170344,5805,5255,5530,5610,0,5615,0,0,0,2017-04-21,32577064,5640,15,0,0,0,0,0,0,0,0,5645,126,0,0,0,0,0,0,0,0
331,2017-04-21,09:02:57,462,v1709,XDCE,5640,5615,5655,13036,367718400,168030,170344,5805,5255,5530,5610,0,5615,0,0,0,2017-04-21,32577462,5640,14,0,0,0,0,0,0,0,0,5645,131,0,0,0,0,0,0,0,0
332,2017-04-21,09:02:58,63,v1709,XDCE,5640,5615,5655,13054,368226050,168034,170344,5805,5255,5530,5610,0,5615,0,0,0,2017-04-21,32578063,5640,64,0,0,0,0,0,0,0,0,5645,134,0,0,0,0,0,0,0,0
333,2017-04-21,09:02:58,554,v1709,XDCE,5640,5615,5655,13080,368959250,168046,170344,5805,5255,5530,5610,0,5615,0,0,0,2017-04-21,32578554,5640,53,0,0,0,0,0,0,0,0,5645,125,0,0,0,0,0,0,0,0
334,2017-04-21,09:02:58,979,v1709,XDCE,5640,5615,5655,13218,372850850,168062,170344,5805,5255,5530,5610,0,5615,0,0,0,2017-04-21,32578979,5635,393,0,0,0,0,0,0,0,0,5645,175,0,0,0,0,0,0,0,0
335,2017-04-21,09:02:59,582,v1709,XDCE,5640,5615,5655,13222,372963650,168058,170344,5805,5255,5530,5610,0,5615,0,0,0,2017-04-21,32579582,5635,406,0,0,0,0,0,0,0,0,5640,24,0,0,0,0,0,0,0,0
336,2017-04-21,09:02:59,910,v1709,XDCE,5635,5615,5655,13270,374317150,168094,170344,5805,5255,5530,5610,0,5615,0,0,0,2017-04-21,32579910,5635,403,0,0,0,0,0,0,0,0,5640,15,0,0,0,0,0,0,0,0
337,2017-04-21,09:03:00,545,v1709,XDCE,5640,5615,5655,13350,376573150,168038,170344,5805,5255,5530,5610,0,5615,0,0,0,2017-04-21,32580545,5640,13,0,0,0,0,0,0,0,0,5645,175,0,0,0,0,0,0,0,0
338,2017-04-21,09:03:01,73,v1709,XDCE,5640,5615,5655,13408,378208750,168054,170344,5805,5255,5530,5610,0,5615,0,0,0,2017-04-21,32581073,5635,376,0,0,0,0,0,0,0,0,5640,39,0,0,0,0,0,0,0,0
339,2017-04-21,09:03:01,585,v1709,XDCE,5635,5615,5655,13430,378829100,168076,170344,5805,5255,5530,5610,0,5615,0,0,0,2017-04-21,32581585,5635,381,0,0,0,0,0,0,0,0,5640,40,0,0,0,0,0,0,0,0
340,2017-04-21,09:03:01,971,v1709,XDCE,5635,5615,5655,13430,378829100,168076,170344,5805,5255,5530,5610,0,5615,0,0,0,2017-04-21,32581971,5635,385,0,0,0,0,0,0,0,0,5640,85,0,0,0,0,0,0,0,0
341,2017-04-21,09:03:02,359,v1709,XDCE,5635,5615,5655,13456,379561700,168090,170344,5805,5255,5530,5610,0,5615,0,0,0,2017-04-21,32582359,5635,372,0,0,0,0,0,0,0,0,5640,84,0,0,0,0,0,0,0,0
342,2017-04-21,09:03:03,19,v1709,XDCE,5635,5615,5655,13472,380012550,168086,170344,5805,5255,5530,5610,0,5615,0,0,0,2017-04-21,32583019,5635,365,0,0,0,0,0,0,0,0,5640,83,0,0,0,0,0,0,0,0
343,2017-04-21,09:03:03,553,v1709,XDCE,5640,5615,5655,13474,380068950,168086,170344,5805,5255,5530,5610,0,5615,0,0,0,2017-04-21,32583553,5635,365,0,0,0,0,0,0,0,0,5640,82,0,0,0,0,0,0,0,0
344,2017-04-21,09:03:03,958,v1709,XDCE,5640,5615,5655,13474,380068950,168086,170344,5805,5255,5530,5610,0,5615,0,0,0,2017-04-21,32583958,5635,365,0,0,0,0,0,0,0,0,5640,89,0,0,0,0,0,0,0,0
345,2017-04-21,09:03:04,566,v1709,XDCE,5640,5615,5655,13474,380068950,168086,170344,5805,5255,5530,5610,0,5615,0,0,0,2017-04-21,32584566,5635,365,0,0,0,0,0,0,0,0,5640,91,0,0,0,0,0,0,0,0
346,2017-04-21,09:03:05,85,v1709,XDCE,5640,5615,5655,13478,380181750,168082,170344,5805,5255,5530,5610,0,5615,0,0,0,2017-04-21,32585085,5635,363,0,0,0,0,0,0,0,0,5640,89,0,0,0,0,0,0,0,0
347,2017-04-21,09:03:05,557,v1709,XDCE,5635,5615,5655,13488,380463600,168076,170344,5805,5255,5530,5610,0,5615,0,0,0,2017-04-21,32585557,5635,360,0,0,0,0,0,0,0,0,5640,87,0,0,0,0,0,0,0,0
348,2017-04-21,09:03:06,44,v1709,XDCE,5635,5615,5655,13488,380463600,168076,170344,5805,5255,5530,5610,0,5615,0,0,0,2017-04-21,32586044,5635,340,0,0,0,0,0,0,0,0,5640,81,0,0,0,0,0,0,0,0
349,2017-04-21,09:03:06,186,v1709,XDCE,5635,5615,5655,13488,380463600,168076,170344,5805,5255,5530,5610,0,5615,0,0,0,2017-04-21,32586186,5635,340,0,0,0,0,0,0,0,0,5640,91,0,0,0,0,0,0,0,0
350,2017-04-21,09:03:07,34,v1709,XDCE,5640,5615,5655,13492,380576400,168076,170344,5805,5255,5530,5610,0,5615,0,0,0,2017-04-21,32587034,5635,340,0,0,0,0,0,0,0,0,5640,89,0,0,0,0,0,0,0,0
351,2017-04-21,09:03:07,577,v1709,XDCE,5640,5615,5655,13504,380914550,168076,170344,5805,5255,5530,5610,0,5615,0,0,0,2017-04-21,32587577,5635,337,0,0,0,0,0,0,0,0,5640,93,0,0,0,0,0,0,0,0
352,2017-04-21,09:03:08,73,v1709,XDCE,5635,5615,5655,13512,381139950,168070,170344,5805,5255,5530,5610,0,5615,0,0,0,2017-04-21,32588073,5635,333,0,0,0,0,0,0,0,0,5640,93,0,0,0,0,0,0,0,0
353,2017-04-21,09:03:08,489,v1709,XDCE,5635,5615,5655,13516,381252650,168066,170344,5805,5255,5530,5610,0,5615,0,0,0,2017-04-21,32588489,5635,331,0,0,0,0,0,0,0,0,5640,94,0,0,0,0,0,0,0,0
354,2017-04-21,09:03:08,983,v1709,XDCE,5635,5615,5655,13862,391012700,168176,170344,5805,5255,5530,5610,0,5615,0,0,0,2017-04-21,32588983,5635,310,0,0,0,0,0,0,0,0,5645,64,0,0,0,0,0,0,0,0
355,2017-04-21,09:03:09,580,v1709,XDCE,5645,5615,5655,13930,392931450,168196,170344,5805,5255,5530,5610,0,5615,0,0,0,2017-04-21,32589580,5635,311,0,0,0,0,0,0,0,0,5645,45,0,0,0,0,0,0,0,0
356,2017-04-21,09:03:09,980,v1709,XDCE,5640,5615,5655,13958,393721100,168196,170344,5805,5255,5530,5610,0,5615,0,0,0,2017-04-21,32589980,5635,330,0,0,0,0,0,0,0,0,5640,14,0,0,0,0,0,0,0,0
357,2017-04-21,09:03:10,573,v1709,XDCE,5645,5615,5655,13998,394849300,168172,170344,5805,5255,5530,5610,0,5615,0,0,0,2017-04-21,32590573,5640,39,0,0,0,0,0,0,0,0,5645,42,0,0,0,0,0,0,0,0
358,2017-04-21,09:03:11,16,v1709,XDCE,5645,5615,5655,14078,397107300,168128,170344,5805,5255,5530,5610,0,5615,0,0,0,2017-04-21,32591016,5640,175,0,0,0,0,0,0,0,0,5650,189,0,0,0,0,0,0,0,0
359,2017-04-21,09:03:11,583,v1709,XDCE,5645,5615,5655,14078,397107300,168128,170344,5805,5255,5530,5610,0,5615,0,0,0,2017-04-21,32591583,5640,158,0,0,0,0,0,0,0,0,5645,1,0,0,0,0,0,0,0,0
360,2017-04-21,09:03:12,55,v1709,XDCE,5645,5615,5655,14110,398010400,168124,170344,5805,5255,5530,5610,0,5615,0,0,0,2017-04-21,32592055,5640,188,0,0,0,0,0,0,0,0,5645,5,0,0,0,0,0,0,0,0
361,2017-04-21,09:03:12,540,v1709,XDCE,5645,5615,5655,14142,398913350,168124,170344,5805,5255,5530,5610,0,5615,0,0,0,2017-04-21,32592540,5640,195,0,0,0,0,0,0,0,0,5645,2,0,0,0,0,0,0,0,0
362,2017-04-21,09:03:13,40,v1709,XDCE,5645,5615,5655,14148,399082700,168130,170344,5805,5255,5530,5610,0,5615,0,0,0,2017-04-21,32593040,5640,178,0,0,0,0,0,0,0,0,5645,3,0,0,0,0,0,0,0,0
363,2017-04-21,09:03:13,576,v1709,XDCE,5640,5615,5655,14174,399816100,168118,170344,5805,5255,5530,5610,0,5615,0,0,0,2017-04-21,32593576,5640,177,0,0,0,0,0,0,0,0,5645,65,0,0,0,0,0,0,0,0
364,2017-04-21,09:03:14,52,v1709,XDCE,5640,5615,5655,14174,399816100,168118,170344,5805,5255,5530,5610,0,5615,0,0,0,2017-04-21,32594052,5640,178,0,0,0,0,0,0,0,0,5645,68,0,0,0,0,0,0,0,0
365,2017-04-21,09:03:14,570,v1709,XDCE,5640,5615,5655,14174,399816100,168118,170344,5805,5255,5530,5610,0,5615,0,0,0,2017-04-21,32594570,5640,178,0,0,0,0,0,0,0,0,5645,100,0,0,0,0,0,0,0,0
366,2017-04-21,09:03:15,61,v1709,XDCE,5645,5615,5655,14182,400041750,168112,170344,5805,5255,5530,5610,0,5615,0,0,0,2017-04-21,32595061,5640,175,0,0,0,0,0,0,0,0,5645,99,0,0,0,0,0,0,0,0
367,2017-04-21,09:03:15,582,v1709,XDCE,5640,5615,5655,14184,400098150,168112,170344,5805,5255,5530,5610,0,5615,0,0,0,2017-04-21,32595582,5640,174,0,0,0,0,0,0,0,0,5645,99,0,0,0,0,0,0,0,0
368,2017-04-21,09:03:16,61,v1709,XDCE,5640,5615,5655,14188,400210950,168112,170344,5805,5255,5530,5610,0,5615,0,0,0,2017-04-21,32596061,5640,170,0,0,0,0,0,0,0,0,5645,100,0,0,0,0,0,0,0,0
369,2017-04-21,09:03:16,542,v1709,XDCE,5640,5615,5655,14198,400492950,168116,170344,5805,5255,5530,5610,0,5615,0,0,0,2017-04-21,32596542,5640,167,0,0,0,0,0,0,0,0,5645,120,0,0,0,0,0,0,0,0
370,2017-04-21,09:03:17,1,v1709,XDCE,5640,5615,5655,14198,400492950,168116,170344,5805,5255,5530,5610,0,5615,0,0,0,2017-04-21,32597001,5640,165,0,0,0,0,0,0,0,0,5645,120,0,0,0,0,0,0,0,0
371,2017-04-21,09:03:17,557,v1709,XDCE,5640,5615,5655,14198,400492950,168116,170344,5805,5255,5530,5610,0,5615,0,0,0,2017-04-21,32597557,5640,166,0,0,0,0,0,0,0,0,5645,141,0,0,0,0,0,0,0,0
372,2017-04-21,09:03:17,948,v1709,XDCE,5640,5615,5655,14198,400492950,168116,170344,5805,5255,5530,5610,0,5615,0,0,0,2017-04-21,32597948,5640,154,0,0,0,0,0,0,0,0,5645,144,0,0,0,0,0,0,0,0
373,2017-04-21,09:03:18,552,v1709,XDCE,5645,5615,5655,14300,403369500,168030,170344,5805,5255,5530,5610,0,5615,0,0,0,2017-04-21,32598552,5640,106,0,0,0,0,0,0,0,0,5645,141,0,0,0,0,0,0,0,0
374,2017-04-21,09:03:19,60,v1709,XDCE,5645,5615,5655,14300,403369500,168030,170344,5805,5255,5530,5610,0,5615,0,0,0,2017-04-21,32599060,5640,106,0,0,0,0,0,0,0,0,5645,148,0,0,0,0,0,0,0,0
375,2017-04-21,09:03:19,472,v1709,XDCE,5645,5615,5655,14326,404102850,168006,170344,5805,5255,5530,5610,0,5615,0,0,0,2017-04-21,32599472,5640,97,0,0,0,0,0,0,0,0,5645,145,0,0,0,0,0,0,0,0
376,2017-04-21,09:03:20,18,v1709,XDCE,5645,5615,5655,14326,404102850,168006,170344,5805,5255,5530,5610,0,5615,0,0,0,2017-04-21,32600018,5640,98,0,0,0,0,0,0,0,0,5645,147,0,0,0,0,0,0,0,0
377,2017-04-21,09:03:20,582,v1709,XDCE,5645,5615,5655,14326,404102850,168006,170344,5805,5255,5530,5610,0,5615,0,0,0,2017-04-21,32600582,5640,98,0,0,0,0,0,0,0,0,5645,149,0,0,0,0,0,0,0,0
378,2017-04-21,09:03:21,57,v1709,XDCE,5645,5615,5655,14328,404159300,168006,170344,5805,5255,5530,5610,0,5615,0,0,0,2017-04-21,32601057,5640,98,0,0,0,0,0,0,0,0,5645,165,0,0,0,0,0,0,0,0
379,2017-04-21,09:03:21,584,v1709,XDCE,5640,5615,5655,14372,405401100,168006,170344,5805,5255,5530,5610,0,5615,0,0,0,2017-04-21,32601584,5640,88,0,0,0,0,0,0,0,0,5645,148,0,0,0,0,0,0,0,0
380,2017-04-21,09:03:22,71,v1709,XDCE,5645,5615,5655,14374,405457550,168006,170344,5805,5255,5530,5610,0,5615,0,0,0,2017-04-21,32602071,5640,88,0,0,0,0,0,0,0,0,5645,148,0,0,0,0,0,0,0,0
381,2017-04-21,09:03:22,572,v1709,XDCE,5645,5615,5655,14374,405457550,168006,170344,5805,5255,5530,5610,0,5615,0,0,0,2017-04-21,32602572,5640,87,0,0,0,0,0,0,0,0,5645,148,0,0,0,0,0,0,0,0
382,2017-04-21,09:03:22,993,v1709,XDCE,5645,5615,5655,14374,405457550,168006,170344,5805,5255,5530,5610,0,5615,0,0,0,2017-04-21,32602993,5640,89,0,0,0,0,0,0,0,0,5645,148,0,0,0,0,0,0,0,0
383,2017-04-21,09:03:23,578,v1709,XDCE,5645,5615,5655,14378,405570450,168002,170344,5805,5255,5530,5610,0,5615,0,0,0,2017-04-21,32603578,5640,89,0,0,0,0,0,0,0,0,5645,146,0,0,0,0,0,0,0,0
384,2017-04-21,09:03:23,995,v1709,XDCE,5640,5615,5655,14382,405683250,167998,170344,5805,5255,5530,5610,0,5615,0,0,0,2017-04-21,32603995,5640,93,0,0,0,0,0,0,0,0,5645,148,0,0,0,0,0,0,0,0
385,2017-04-21,09:03:24,554,v1709,XDCE,5640,5615,5655,14384,405739650,167996,170344,5805,5255,5530,5610,0,5615,0,0,0,2017-04-21,32604554,5640,96,0,0,0,0,0,0,0,0,5645,148,0,0,0,0,0,0,0,0
386,2017-04-21,09:03:24,876,v1709,XDCE,5645,5615,5655,14420,406755150,167992,170344,5805,5255,5530,5610,0,5615,0,0,0,2017-04-21,32604876,5640,134,0,0,0,0,0,0,0,0,5645,142,0,0,0,0,0,0,0,0
387,2017-04-21,09:03:25,556,v1709,XDCE,5640,5615,5655,14422,406811550,167990,170344,5805,5255,5530,5610,0,5615,0,0,0,2017-04-21,32605556,5640,133,0,0,0,0,0,0,0,0,5645,141,0,0,0,0,0,0,0,0
388,2017-04-21,09:03:26,85,v1709,XDCE,5640,5615,5655,14426,406924400,167988,170344,5805,5255,5530,5610,0,5615,0,0,0,2017-04-21,32606085,5640,132,0,0,0,0,0,0,0,0,5645,140,0,0,0,0,0,0,0,0
389,2017-04-21,09:03:26,520,v1709,XDCE,5640,5615,5655,14426,406924400,167988,170344,5805,5255,5530,5610,0,5615,0,0,0,2017-04-21,32606520,5640,132,0,0,0,0,0,0,0,0,5645,149,0,0,0,0,0,0,0,0
390,2017-04-21,09:03:27,1,v1709,XDCE,5640,5615,5655,14426,406924400,167988,170344,5805,5255,5530,5610,0,5615,0,0,0,2017-04-21,32607001,5640,94,0,0,0,0,0,0,0,0,5645,150,0,0,0,0,0,0,0,0
391,2017-04-21,09:03:27,541,v1709,XDCE,5640,5615,5655,14426,406924400,167988,170344,5805,5255,5530,5610,0,5615,0,0,0,2017-04-21,32607541,5640,95,0,0,0,0,0,0,0,0,5645,150,0,0,0,0,0,0,0,0
392,2017-04-21,09:03:28,60,v1709,XDCE,5645,5615,5655,14442,407375900,167972,170344,5805,5255,5530,5610,0,5615,0,0,0,2017-04-21,32608060,5640,90,0,0,0,0,0,0,0,0,5645,144,0,0,0,0,0,0,0,0
393,2017-04-21,09:03:28,579,v1709,XDCE,5640,5615,5655,14552,410477900,167886,170344,5805,5255,5530,5610,0,5615,0,0,0,2017-04-21,32608579,5640,26,0,0,0,0,0,0,0,0,5645,146,0,0,0,0,0,0,0,0
394,2017-04-21,09:03:29,28,v1709,XDCE,5645,5615,5655,14560,410703700,167880,170344,5805,5255,5530,5610,0,5615,0,0,0,2017-04-21,32609028,5640,30,0,0,0,0,0,0,0,0,5645,142,0,0,0,0,0,0,0,0
395,2017-04-21,09:03:29,556,v1709,XDCE,5645,5615,5655,14560,410703700,167880,170344,5805,5255,5530,5610,0,5615,0,0,0,2017-04-21,32609556,5640,30,0,0,0,0,0,0,0,0,5645,143,0,0,0,0,0,0,0,0
396,2017-04-21,09:03:30,529,v1709,XDCE,5645,5615,5655,14560,410703700,167880,170344,5805,5255,5530,5610,0,5615,0,0,0,2017-04-21,32610529,5640,33,0,0,0,0,0,0,0,0,5645,143,0,0,0,0,0,0,0,0
397,2017-04-21,09:03:31,31,v1709,XDCE,5645,5615,5655,14560,410703700,167880,170344,5805,5255,5530,5610,0,5615,0,0,0,2017-04-21,32611031,5640,33,0,0,0,0,0,0,0,0,5645,144,0,0,0,0,0,0,0,0
398,2017-04-21,09:03:31,478,v1709,XDCE,5640,5615,5655,14568,410929300,167874,170344,5805,5255,5530,5610,0,5615,0,0,0,2017-04-21,32611478,5640,29,0,0,0,0,0,0,0,0,5645,145,0,0,0,0,0,0,0,0
399,2017-04-21,09:03:32,80,v1709,XDCE,5640,5615,5655,14568,410929300,167874,170344,5805,5255,5530,5610,0,5615,0,0,0,2017-04-21,32612080,5640,77,0,0,0,0,0,0,0,0,5645,147,0,0,0,0,0,0,0,0
400,2017-04-21,09:03:32,909,v1709,XDCE,5640,5615,5655,14568,410929300,167874,170344,5805,5255,5530,5610,0,5615,0,0,0,2017-04-21,32612909,5640,78,0,0,0,0,0,0,0,0,5645,147,0,0,0,0,0,0,0,0
401,2017-04-21,09:03:33,536,v1709,XDCE,5640,5615,5655,14568,410929300,167874,170344,5805,5255,5530,5610,0,5615,0,0,0,2017-04-21,32613536,5640,78,0,0,0,0,0,0,0,0,5645,148,0,0,0,0,0,0,0,0
402,2017-04-21,09:03:34,18,v1709,XDCE,5640,5615,5655,14602,411888200,167870,170344,5805,5255,5530,5610,0,5615,0,0,0,2017-04-21,32614018,5640,70,0,0,0,0,0,0,0,0,5645,147,0,0,0,0,0,0,0,0
403,2017-04-21,09:03:34,484,v1709,XDCE,5645,5615,5655,14616,412283050,167872,170344,5805,5255,5530,5610,0,5615,0,0,0,2017-04-21,32614484,5640,64,0,0,0,0,0,0,0,0,5645,146,0,0,0,0,0,0,0,0
404,2017-04-21,09:03:35,84,v1709,XDCE,5645,5615,5655,14616,412283050,167872,170344,5805,5255,5530,5610,0,5615,0,0,0,2017-04-21,32615084,5640,67,0,0,0,0,0,0,0,0,5645,146,0,0,0,0,0,0,0,0
405,2017-04-21,09:03:35,531,v1709,XDCE,5645,5615,5655,14616,412283050,167872,170344,5805,5255,5530,5610,0,5615,0,0,0,2017-04-21,32615531,5640,68,0,0,0,0,0,0,0,0,5645,146,0,0,0,0,0,0,0,0
406,2017-04-21,09:03:36,70,v1709,XDCE,5645,5615,5655,14618,412339500,167870,170344,5805,5255,5530,5610,0,5615,0,0,0,2017-04-21,32616070,5640,68,0,0,0,0,0,0,0,0,5645,146,0,0,0,0,0,0,0,0
407,2017-04-21,09:03:36,529,v1709,XDCE,5645,5615,5655,14626,412565300,167870,170344,5805,5255,5530,5610,0,5615,0,0,0,2017-04-21,32616529,5640,68,0,0,0,0,0,0,0,0,5645,141,0,0,0,0,0,0,0,0
408,2017-04-21,09:03:36,896,v1709,XDCE,5640,5615,5655,14630,412678100,167868,170344,5805,5255,5530,5610,0,5615,0,0,0,2017-04-21,32616896,5640,66,0,0,0,0,0,0,0,0,5645,142,0,0,0,0,0,0,0,0
409,2017-04-21,09:03:37,517,v1709,XDCE,5645,5615,5655,14652,413299050,167872,170344,5805,5255,5530,5610,0,5615,0,0,0,2017-04-21,32617517,5640,66,0,0,0,0,0,0,0,0,5645,131,0,0,0,0,0,0,0,0
410,2017-04-21,09:03:38,64,v1709,XDCE,5645,5615,5655,14780,416908750,167854,170344,5805,5255,5530,5610,0,5615,0,0,0,2017-04-21,32618064,5640,4,0,0,0,0,0,0,0,0,5645,129,0,0,0,0,0,0,0,0
411,2017-04-21,09:03:38,580,v1709,XDCE,5640,5615,5655,14782,416965150,167854,170344,5805,5255,5530,5610,0,5615,0,0,0,2017-04-21,32618580,5640,3,0,0,0,0,0,0,0,0,5645,129,0,0,0,0,0,0,0,0
412,2017-04-21,09:03:39,85,v1709,XDCE,5645,5615,5655,14810,417755450,167854,170344,5805,5255,5530,5610,0,5615,0,0,0,2017-04-21,32619085,5640,3,0,0,0,0,0,0,0,0,5645,115,0,0,0,0,0,0,0,0
413,2017-04-21,09:03:39,542,v1709,XDCE,5640,5615,5655,14820,418037500,167852,170344,5805,5255,5530,5610,0,5615,0,0,0,2017-04-21,32619542,5640,9,0,0,0,0,0,0,0,0,5645,115,0,0,0,0,0,0,0,0
414,2017-04-21,09:03:39,964,v1709,XDCE,5640,5615,5655,14836,418488750,167862,170344,5805,5255,5530,5610,0,5615,0,0,0,2017-04-21,32619964,5640,15,0,0,0,0,0,0,0,0,5645,113,0,0,0,0,0,0,0,0
415,2017-04-21,09:03:40,526,v1709,XDCE,5640,5615,5655,14846,418770750,167866,170344,5805,5255,5530,5610,0,5615,0,0,0,2017-04-21,32620526,5640,10,0,0,0,0,0,0,0,0,5645,113,0,0,0,0,0,0,0,0
416,2017-04-21,09:03:40,987,v1709,XDCE,5640,5615,5655,14848,418827150,167868,170344,5805,5255,5530,5610,0,5615,0,0,0,2017-04-21,32620987,5640,10,0,0,0,0,0,0,0,0,5645,113,0,0,0,0,0,0,0,0
417,2017-04-21,09:03:41,511,v1709,XDCE,5640,5615,5655,14848,418827150,167868,170344,5805,5255,5530,5610,0,5615,0,0,0,2017-04-21,32621511,5640,24,0,0,0,0,0,0,0,0,5645,113,0,0,0,0,0,0,0,0
418,2017-04-21,09:03:41,992,v1709,XDCE,5645,5615,5655,14850,418883600,167870,170344,5805,5255,5530,5610,0,5615,0,0,0,2017-04-21,32621992,5640,24,0,0,0,0,0,0,0,0,5645,113,0,0,0,0,0,0,0,0
419,2017-04-21,09:03:42,585,v1709,XDCE,5640,5615,5655,14908,420519250,167862,170344,5805,5255,5530,5610,0,5615,0,0,0,2017-04-21,32622585,5635,306,0,0,0,0,0,0,0,0,5645,111,0,0,0,0,0,0,0,0
420,2017-04-21,09:03:43,85,v1709,XDCE,5640,5615,5655,14910,420575650,167860,170344,5805,5255,5530,5610,0,5615,0,0,0,2017-04-21,32623085,5635,314,0,0,0,0,0,0,0,0,5640,19,0,0,0,0,0,0,0,0
421,2017-04-21,09:03:43,381,v1709,XDCE,5640,5615,5655,14956,421872850,167884,170344,5805,5255,5530,5610,0,5615,0,0,0,2017-04-21,32623381,5635,313,0,0,0,0,0,0,0,0,5645,114,0,0,0,0,0,0,0,0
422,2017-04-21,09:03:43,931,v1709,XDCE,5645,5615,5655,14958,421929300,167886,170344,5805,5255,5530,5610,0,5615,0,0,0,2017-04-21,32623931,5635,315,0,0,0,0,0,0,0,0,5645,111,0,0,0,0,0,0,0,0
423,2017-04-21,09:03:44,577,v1709,XDCE,5645,5615,5655,14958,421929300,167886,170344,5805,5255,5530,5610,0,5615,0,0,0,2017-04-21,32624577,5640,31,0,0,0,0,0,0,0,0,5645,112,0,0,0,0,0,0,0,0
424,2017-04-21,09:03:45,33,v1709,XDCE,5645,5615,5655,14958,421929300,167886,170344,5805,5255,5530,5610,0,5615,0,0,0,2017-04-21,32625033,5640,37,0,0,0,0,0,0,0,0,5645,112,0,0,0,0,0,0,0,0
425,2017-04-21,09:03:45,513,v1709,XDCE,5645,5615,5655,14958,421929300,167886,170344,5805,5255,5530,5610,0,5615,0,0,0,2017-04-21,32625513,5640,37,0,0,0,0,0,0,0,0,5645,113,0,0,0,0,0,0,0,0
426,2017-04-21,09:03:45,971,v1709,XDCE,5645,5615,5655,14958,421929300,167886,170344,5805,5255,5530,5610,0,5615,0,0,0,2017-04-21,32625971,5640,87,0,0,0,0,0,0,0,0,5645,113,0,0,0,0,0,0,0,0
427,2017-04-21,09:03:46,461,v1709,XDCE,5645,5615,5655,14958,421929300,167886,170344,5805,5255,5530,5610,0,5615,0,0,0,2017-04-21,32626461,5640,188,0,0,0,0,0,0,0,0,5645,113,0,0,0,0,0,0,0,0
428,2017-04-21,09:03:47,45,v1709,XDCE,5645,5615,5655,14960,421985750,167888,170344,5805,5255,5530,5610,0,5615,0,0,0,2017-04-21,32627045,5640,188,0,0,0,0,0,0,0,0,5645,109,0,0,0,0,0,0,0,0
429,2017-04-21,09:03:47,486,v1709,XDCE,5640,5615,5655,14970,422267750,167878,170344,5805,5255,5530,5610,0,5615,0,0,0,2017-04-21,32627486,5640,187,0,0,0,0,0,0,0,0,5645,110,0,0,0,0,0,0,0,0
430,2017-04-21,09:03:48,36,v1709,XDCE,5640,5615,5655,14970,422267750,167878,170344,5805,5255,5530,5610,0,5615,0,0,0,2017-04-21,32628036,5640,187,0,0,0,0,0,0,0,0,5645,115,0,0,0,0,0,0,0,0
431,2017-04-21,09:03:49,53,v1709,XDCE,5640,5615,5655,15012,423452900,167896,170344,5805,5255,5530,5610,0,5615,0,0,0,2017-04-21,32629053,5640,181,0,0,0,0,0,0,0,0,5645,102,0,0,0,0,0,0,0,0
432,2017-04-21,09:03:49,528,v1709,XDCE,5640,5615,5655,15014,423509300,167896,170344,5805,5255,5530,5610,0,5615,0,0,0,2017-04-21,32629528,5640,183,0,0,0,0,0,0,0,0,5645,101,0,0,0,0,0,0,0,0
433,2017-04-21,09:03:50,535,v1709,XDCE,5640,5615,5655,15014,423509300,167896,170344,5805,5255,5530,5610,0,5615,0,0,0,2017-04-21,32630535,5640,186,0,0,0,0,0,0,0,0,5645,100,0,0,0,0,0,0,0,0
434,2017-04-21,09:03:51,438,v1709,XDCE,5640,5615,5655,15014,423509300,167896,170344,5805,5255,5530,5610,0,5615,0,0,0,2017-04-21,32631438,5640,190,0,0,0,0,0,0,0,0,5645,105,0,0,0,0,0,0,0,0
435,2017-04-21,09:03:52,85,v1709,XDCE,5645,5615,5655,15016,423565750,167898,170344,5805,5255,5530,5610,0,5615,0,0,0,2017-04-21,32632085,5640,190,0,0,0,0,0,0,0,0,5645,104,0,0,0,0,0,0,0,0
436,2017-04-21,09:03:52,533,v1709,XDCE,5645,5615,5655,15016,423565750,167898,170344,5805,5255,5530,5610,0,5615,0,0,0,2017-04-21,32632533,5640,190,0,0,0,0,0,0,0,0,5645,103,0,0,0,0,0,0,0,0
437,2017-04-21,09:03:52,973,v1709,XDCE,5645,5615,5655,15016,423565750,167898,170344,5805,5255,5530,5610,0,5615,0,0,0,2017-04-21,32632973,5640,190,0,0,0,0,0,0,0,0,5645,102,0,0,0,0,0,0,0,0
438,2017-04-21,09:03:53,550,v1709,XDCE,5640,5615,5655,15018,423622150,167898,170344,5805,5255,5530,5610,0,5615,0,0,0,2017-04-21,32633550,5640,191,0,0,0,0,0,0,0,0,5645,102,0,0,0,0,0,0,0,0
439,2017-04-21,09:03:54,52,v1709,XDCE,5645,5615,5655,15020,423678600,167898,170344,5805,5255,5530,5610,0,5615,0,0,0,2017-04-21,32634052,5640,192,0,0,0,0,0,0,0,0,5645,102,0,0,0,0,0,0,0,0
440,2017-04-21,09:03:54,924,v1709,XDCE,5645,5615,5655,15022,423735050,167900,170344,5805,5255,5530,5610,0,5615,0,0,0,2017-04-21,32634924,5640,197,0,0,0,0,0,0,0,0,5645,101,0,0,0,0,0,0,0,0
441,2017-04-21,09:03:55,579,v1709,XDCE,5645,5615,5655,15022,423735050,167900,170344,5805,5255,5530,5610,0,5615,0,0,0,2017-04-21,32635579,5640,198,0,0,0,0,0,0,0,0,5645,101,0,0,0,0,0,0,0,0
442,2017-04-21,09:03:56,506,v1709,XDCE,5645,5615,5655,15022,423735050,167900,170344,5805,5255,5530,5610,0,5615,0,0,0,2017-04-21,32636506,5640,199,0,0,0,0,0,0,0,0,5645,111,0,0,0,0,0,0,0,0
443,2017-04-21,09:03:56,816,v1709,XDCE,5645,5615,5655,15022,423735050,167900,170344,5805,5255,5530,5610,0,5615,0,0,0,2017-04-21,32636816,5640,199,0,0,0,0,0,0,0,0,5645,106,0,0,0,0,0,0,0,0
444,2017-04-21,09:03:57,584,v1709,XDCE,5645,5615,5655,15024,423791500,167902,170344,5805,5255,5530,5610,0,5615,0,0,0,2017-04-21,32637584,5640,199,0,0,0,0,0,0,0,0,5645,105,0,0,0,0,0,0,0,0
445,2017-04-21,09:03:57,967,v1709,XDCE,5640,5615,5655,15040,424242750,167904,170344,5805,5255,5530,5610,0,5615,0,0,0,2017-04-21,32637967,5640,198,0,0,0,0,0,0,0,0,5645,104,0,0,0,0,0,0,0,0
446,2017-04-21,09:03:58,977,v1709,XDCE,5645,5615,5655,15050,424525000,167904,170344,5805,5255,5530,5610,0,5615,0,0,0,2017-04-21,32638977,5640,198,0,0,0,0,0,0,0,0,5645,100,0,0,0,0,0,0,0,0
447,2017-04-21,09:03:59,551,v1709,XDCE,5640,5615,5655,15054,424637850,167902,170344,5805,5255,5530,5610,0,5615,0,0,0,2017-04-21,32639551,5640,197,0,0,0,0,0,0,0,0,5645,99,0,0,0,0,0,0,0,0
448,2017-04-21,09:03:59,851,v1709,XDCE,5645,5615,5655,15058,424750750,167906,170344,5805,5255,5530,5610,0,5615,0,0,0,2017-04-21,32639851,5640,198,0,0,0,0,0,0,0,0,5645,99,0,0,0,0,0,0,0,0
449,2017-04-21,09:04:00,558,v1709,XDCE,5645,5615,5655,15060,424807200,167906,170344,5805,5255,5530,5610,0,5615,0,0,0,2017-04-21,32640558,5640,248,0,0,0,0,0,0,0,0,5645,97,0,0,0,0,0,0,0,0
450,2017-04-21,09:04:01,10,v1709,XDCE,5645,5615,5655,15062,424863650,167908,170344,5805,5255,5530,5610,0,5615,0,0,0,2017-04-21,32641010,5640,248,0,0,0,0,0,0,0,0,5645,96,0,0,0,0,0,0,0,0
451,2017-04-21,09:04:01,490,v1709,XDCE,5645,5615,5655,15072,425145900,167918,170344,5805,5255,5530,5610,0,5615,0,0,0,2017-04-21,32641490,5640,260,0,0,0,0,0,0,0,0,5645,91,0,0,0,0,0,0,0,0
452,2017-04-21,09:04:02,53,v1709,XDCE,5645,5615,5655,15072,425145900,167918,170344,5805,5255,5530,5610,0,5615,0,0,0,2017-04-21,32642053,5640,260,0,0,0,0,0,0,0,0,5645,90,0,0,0,0,0,0,0,0
453,2017-04-21,09:04:02,536,v1709,XDCE,5645,5615,5655,15072,425145900,167918,170344,5805,5255,5530,5610,0,5615,0,0,0,2017-04-21,32642536,5640,262,0,0,0,0,0,0,0,0,5645,91,0,0,0,0,0,0,0,0
454,2017-04-21,09:04:03,447,v1709,XDCE,5645,5615,5655,15074,425202350,167918,170344,5805,5255,5530,5610,0,5615,0,0,0,2017-04-21,32643447,5640,262,0,0,0,0,0,0,0,0,5645,89,0,0,0,0,0,0,0,0
455,2017-04-21,09:04:03,862,v1709,XDCE,5645,5615,5655,15076,425258800,167918,170344,5805,5255,5530,5610,0,5615,0,0,0,2017-04-21,32643862,5640,262,0,0,0,0,0,0,0,0,5645,88,0,0,0,0,0,0,0,0
456,2017-04-21,09:04:04,568,v1709,XDCE,5645,5615,5655,15078,425315250,167920,170344,5805,5255,5530,5610,0,5615,0,0,0,2017-04-21,32644568,5640,262,0,0,0,0,0,0,0,0,5645,97,0,0,0,0,0,0,0,0
457,2017-04-21,09:04:04,929,v1709,XDCE,5645,5615,5655,15080,425371700,167920,170344,5805,5255,5530,5610,0,5615,0,0,0,2017-04-21,32644929,5640,262,0,0,0,0,0,0,0,0,5645,96,0,0,0,0,0,0,0,0
458,2017-04-21,09:04:05,383,v1709,XDCE,5645,5615,5655,15080,425371700,167920,170344,5805,5255,5530,5610,0,5615,0,0,0,2017-04-21,32645383,5640,265,0,0,0,0,0,0,0,0,5645,96,0,0,0,0,0,0,0,0
459,2017-04-21,09:04:05,980,v1709,XDCE,5640,5615,5655,15082,425428100,167918,170344,5805,5255,5530,5610,0,5615,0,0,0,2017-04-21,32645980,5640,265,0,0,0,0,0,0,0,0,5645,98,0,0,0,0,0,0,0,0
460,2017-04-21,09:04:06,418,v1709,XDCE,5645,5615,5655,15154,427460300,167914,170344,5805,5255,5530,5610,0,5615,0,0,0,2017-04-21,32646418,5640,271,0,0,0,0,0,0,0,0,5645,62,0,0,0,0,0,0,0,0
461,2017-04-21,09:04:07,47,v1709,XDCE,5645,5615,5655,15280,431016650,167948,170344,5805,5255,5530,5610,0,5615,0,0,0,2017-04-21,32647047,5645,23,0,0,0,0,0,0,0,0,5650,238,0,0,0,0,0,0,0,0
462,2017-04-21,09:04:07,534,v1709,XDCE,5640,5615,5655,15622,440662300,167844,170344,5805,5255,5530,5610,0,5615,0,0,0,2017-04-21,32647534,5640,111,0,0,0,0,0,0,0,0,5645,92,0,0,0,0,0,0,0,0
463,2017-04-21,09:04:08,37,v1709,XDCE,5645,5615,5655,15648,441396050,167850,170344,5805,5255,5530,5610,0,5615,0,0,0,2017-04-21,32648037,5640,110,0,0,0,0,0,0,0,0,5645,89,0,0,0,0,0,0,0,0
464,2017-04-21,09:04:09,5,v1709,XDCE,5645,5615,5655,15650,441452500,167850,170344,5805,5255,5530,5610,0,5615,0,0,0,2017-04-21,32649005,5640,110,0,0,0,0,0,0,0,0,5645,75,0,0,0,0,0,0,0,0
465,2017-04-21,09:04:09,491,v1709,XDCE,5645,5615,5655,15700,442862750,167844,170344,5805,5255,5530,5610,0,5615,0,0,0,2017-04-21,32649491,5640,90,0,0,0,0,0,0,0,0,5645,72,0,0,0,0,0,0,0,0
466,2017-04-21,09:04:10,7,v1709,XDCE,5640,5615,5655,15704,442975550,167846,170344,5805,5255,5530,5610,0,5615,0,0,0,2017-04-21,32650007,5640,88,0,0,0,0,0,0,0,0,5645,74,0,0,0,0,0,0,0,0
467,2017-04-21,09:04:10,485,v1709,XDCE,5640,5615,5655,15704,442975550,167846,170344,5805,5255,5530,5610,0,5615,0,0,0,2017-04-21,32650485,5640,88,0,0,0,0,0,0,0,0,5645,83,0,0,0,0,0,0,0,0
468,2017-04-21,09:04:11,80,v1709,XDCE,5640,5615,5655,15704,442975550,167846,170344,5805,5255,5530,5610,0,5615,0,0,0,2017-04-21,32651080,5640,88,0,0,0,0,0,0,0,0,5645,90,0,0,0,0,0,0,0,0
469,2017-04-21,09:04:11,518,v1709,XDCE,5640,5615,5655,15704,442975550,167846,170344,5805,5255,5530,5610,0,5615,0,0,0,2017-04-21,32651518,5640,88,0,0,0,0,0,0,0,0,5645,92,0,0,0,0,0,0,0,0
470,2017-04-21,09:04:12,4,v1709,XDCE,5640,5615,5655,15704,442975550,167846,170344,5805,5255,5530,5610,0,5615,0,0,0,2017-04-21,32652004,5640,88,0,0,0,0,0,0,0,0,5645,93,0,0,0,0,0,0,0,0
471,2017-04-21,09:04:12,582,v1709,XDCE,5640,5615,5655,15708,443088400,167844,170344,5805,5255,5530,5610,0,5615,0,0,0,2017-04-21,32652582,5640,87,0,0,0,0,0,0,0,0,5645,93,0,0,0,0,0,0,0,0
472,2017-04-21,09:04:13,493,v1709,XDCE,5645,5615,5655,15710,443144850,167842,170344,5805,5255,5530,5610,0,5615,0,0,0,2017-04-21,32653493,5640,87,0,0,0,0,0,0,0,0,5645,96,0,0,0,0,0,0,0,0
473,2017-04-21,09:04:13,900,v1709,XDCE,5645,5615,5655,15710,443144850,167842,170344,5805,5255,5530,5610,0,5615,0,0,0,2017-04-21,32653900,5640,97,0,0,0,0,0,0,0,0,5645,96,0,0,0,0,0,0,0,0
474,2017-04-21,09:04:14,476,v1709,XDCE,5645,5615,5655,15710,443144850,167842,170344,5805,5255,5530,5610,0,5615,0,0,0,2017-04-21,32654476,5640,107,0,0,0,0,0,0,0,0,5645,98,0,0,0,0,0,0,0,0
475,2017-04-21,09:04:15,69,v1709,XDCE,5645,5615,5655,15710,443144850,167842,170344,5805,5255,5530,5610,0,5615,0,0,0,2017-04-21,32655069,5640,107,0,0,0,0,0,0,0,0,5645,108,0,0,0,0,0,0,0,0
476,2017-04-21,09:04:16,36,v1709,XDCE,5645,5615,5655,15712,443201300,167840,170344,5805,5255,5530,5610,0,5615,0,0,0,2017-04-21,32656036,5640,115,0,0,0,0,0,0,0,0,5645,109,0,0,0,0,0,0,0,0
477,2017-04-21,09:04:16,416,v1709,XDCE,5640,5615,5655,15714,443257700,167842,170344,5805,5255,5530,5610,0,5615,0,0,0,2017-04-21,32656416,5640,114,0,0,0,0,0,0,0,0,5645,109,0,0,0,0,0,0,0,0
478,2017-04-21,09:04:16,893,v1709,XDCE,5645,5615,5655,15716,443314150,167842,170344,5805,5255,5530,5610,0,5615,0,0,0,2017-04-21,32656893,5640,104,0,0,0,0,0,0,0,0,5645,119,0,0,0,0,0,0,0,0
479,2017-04-21,09:04:17,569,v1709,XDCE,5645,5615,5655,15736,443878650,167842,170344,5805,5255,5530,5610,0,5615,0,0,0,2017-04-21,32657569,5640,110,0,0,0,0,0,0,0,0,5645,134,0,0,0,0,0,0,0,0
480,2017-04-21,09:04:18,6,v1709,XDCE,5645,5615,5655,15738,443935100,167842,170344,5805,5255,5530,5610,0,5615,0,0,0,2017-04-21,32658006,5640,110,0,0,0,0,0,0,0,0,5645,133,0,0,0,0,0,0,0,0
481,2017-04-21,09:04:18,483,v1709,XDCE,5645,5615,5655,15748,444217250,167846,170344,5805,5255,5530,5610,0,5615,0,0,0,2017-04-21,32658483,5640,108,0,0,0,0,0,0,0,0,5645,131,0,0,0,0,0,0,0,0
482,2017-04-21,09:04:19,58,v1709,XDCE,5645,5615,5655,15750,444273700,167846,170344,5805,5255,5530,5610,0,5615,0,0,0,2017-04-21,32659058,5640,108,0,0,0,0,0,0,0,0,5645,134,0,0,0,0,0,0,0,0
483,2017-04-21,09:04:19,468,v1709,XDCE,5640,5615,5655,15752,444330100,167846,170344,5805,5255,5530,5610,0,5615,0,0,0,2017-04-21,32659468,5640,109,0,0,0,0,0,0,0,0,5645,134,0,0,0,0,0,0,0,0
484,2017-04-21,09:04:19,960,v1709,XDCE,5645,5615,5655,15756,444443000,167842,170344,5805,5255,5530,5610,0,5615,0,0,0,2017-04-21,32659960,5640,109,0,0,0,0,0,0,0,0,5645,132,0,0,0,0,0,0,0,0
485,2017-04-21,09:04:20,490,v1709,XDCE,5645,5615,5655,15796,445572000,167842,170344,5805,5255,5530,5610,0,5615,0,0,0,2017-04-21,32660490,5640,110,0,0,0,0,0,0,0,0,5645,113,0,0,0,0,0,0,0,0
486,2017-04-21,09:04:21,79,v1709,XDCE,5640,5615,5655,15838,446756400,167836,170344,5805,5255,5530,5610,0,5615,0,0,0,2017-04-21,32661079,5640,90,0,0,0,0,0,0,0,0,5645,113,0,0,0,0,0,0,0,0
487,2017-04-21,09:04:21,549,v1709,XDCE,5640,5615,5655,15838,446756400,167836,170344,5805,5255,5530,5610,0,5615,0,0,0,2017-04-21,32661549,5640,169,0,0,0,0,0,0,0,0,5645,102,0,0,0,0,0,0,0,0
488,2017-04-21,09:04:21,988,v1709,XDCE,5640,5615,5655,15842,446869200,167836,170344,5805,5255,5530,5610,0,5615,0,0,0,2017-04-21,32661988,5640,178,0,0,0,0,0,0,0,0,5645,96,0,0,0,0,0,0,0,0
489,2017-04-21,09:04:22,487,v1709,XDCE,5640,5615,5655,15842,446869200,167836,170344,5805,5255,5530,5610,0,5615,0,0,0,2017-04-21,32662487,5640,178,0,0,0,0,0,0,0,0,5645,91,0,0,0,0,0,0,0,0
490,2017-04-21,09:04:23,459,v1709,XDCE,5645,5615,5655,15848,447038450,167830,170344,5805,5255,5530,5610,0,5615,0,0,0,2017-04-21,32663459,5640,155,0,0,0,0,0,0,0,0,5645,101,0,0,0,0,0,0,0,0
491,2017-04-21,09:04:24,55,v1709,XDCE,5645,5615,5655,15852,447151300,167826,170344,5805,5255,5530,5610,0,5615,0,0,0,2017-04-21,32664055,5640,155,0,0,0,0,0,0,0,0,5645,100,0,0,0,0,0,0,0,0
492,2017-04-21,09:04:24,545,v1709,XDCE,5640,5615,5655,15854,447207700,167826,170344,5805,5255,5530,5610,0,5615,0,0,0,2017-04-21,32664545,5640,144,0,0,0,0,0,0,0,0,5645,100,0,0,0,0,0,0,0,0
493,2017-04-21,09:04:25,40,v1709,XDCE,5645,5615,5655,15858,447320600,167822,170344,5805,5255,5530,5610,0,5615,0,0,0,2017-04-21,32665040,5640,134,0,0,0,0,0,0,0,0,5645,134,0,0,0,0,0,0,0,0
494,2017-04-21,09:04:25,565,v1709,XDCE,5640,5615,5655,15884,448053800,167796,170344,5805,5255,5530,5610,0,5615,0,0,0,2017-04-21,32665565,5640,111,0,0,0,0,0,0,0,0,5645,134,0,0,0,0,0,0,0,0
495,2017-04-21,09:04:26,40,v1709,XDCE,5640,5615,5655,15890,448223000,167792,170344,5805,5255,5530,5610,0,5615,0,0,0,2017-04-21,32666040,5640,108,0,0,0,0,0,0,0,0,5645,134,0,0,0,0,0,0,0,0
496,2017-04-21,09:04:26,570,v1709,XDCE,5640,5615,5655,15910,448787000,167772,170344,5805,5255,5530,5610,0,5615,0,0,0,2017-04-21,32666570,5640,98,0,0,0,0,0,0,0,0,5645,164,0,0,0,0,0,0,0,0
497,2017-04-21,09:04:27,57,v1709,XDCE,5640,5615,5655,16108,454370600,167700,170344,5805,5255,5530,5610,0,5615,0,0,0,2017-04-21,32667057,5635,395,0,0,0,0,0,0,0,0,5640,32,0,0,0,0,0,0,0,0
498,2017-04-21,09:04:27,576,v1709,XDCE,5635,5615,5655,16110,454426950,167698,170344,5805,5255,5530,5610,0,5615,0,0,0,2017-04-21,32667576,5635,394,0,0,0,0,0,0,0,0,5640,35,0,0,0,0,0,0,0,0
499,2017-04-21,09:04:28,64,v1709,XDCE,5640,5615,5655,16202,457021350,167680,170344,5805,5255,5530,5610,0,5615,0,0,0,2017-04-21,32668064,5640,21,0,0,0,0,0,0,0,0,5645,167,0,0,0,0,0,0,0,0
500,2017-04-21,09:04:28,521,v1709,XDCE,5640,5615,5655,16298,459728550,167694,170344,5805,5255,5530,5610,0,5615,0,0,0,2017-04-21,32668521,5640,6,0,0,0,0,0,0,0,0,5645,188,0,0,0,0,0,0,0,0
501,2017-04-21,09:04:28,924,v1709,XDCE,5640,5615,5655,16310,460066950,167692,170344,5805,5255,5530,5610,0,5615,0,0,0,2017-04-21,32668924,5635,327,0,0,0,0,0,0,0,0,5640,21,0,0,0,0,0,0,0,0
502,2017-04-21,09:04:29,490,v1709,XDCE,5640,5615,5655,16312,460123350,167690,170344,5805,5255,5530,5610,0,5615,0,0,0,2017-04-21,32669490,5635,327,0,0,0,0,0,0,0,0,5640,84,0,0,0,0,0,0,0,0
503,2017-04-21,09:04:30,85,v1709,XDCE,5640,5615,5655,16312,460123350,167690,170344,5805,5255,5530,5610,0,5615,0,0,0,2017-04-21,32670085,5635,327,0,0,0,0,0,0,0,0,5640,88,0,0,0,0,0,0,0,0
504,2017-04-21,09:04:30,508,v1709,XDCE,5635,5615,5655,16316,460236100,167686,170344,5805,5255,5530,5610,0,5615,0,0,0,2017-04-21,32670508,5635,326,0,0,0,0,0,0,0,0,5640,94,0,0,0,0,0,0,0,0
505,2017-04-21,09:04:31,56,v1709,XDCE,5635,5615,5655,16316,460236100,167686,170344,5805,5255,5530,5610,0,5615,0,0,0,2017-04-21,32671056,5635,326,0,0,0,0,0,0,0,0,5640,97,0,0,0,0,0,0,0,0
506,2017-04-21,09:04:31,562,v1709,XDCE,5640,5615,5655,16320,460348900,167682,170344,5805,5255,5530,5610,0,5615,0,0,0,2017-04-21,32671562,5635,326,0,0,0,0,0,0,0,0,5640,96,0,0,0,0,0,0,0,0
507,2017-04-21,09:04:32,51,v1709,XDCE,5640,5615,5655,16322,460405300,167682,170344,5805,5255,5530,5610,0,5615,0,0,0,2017-04-21,32672051,5635,327,0,0,0,0,0,0,0,0,5640,76,0,0,0,0,0,0,0,0
508,2017-04-21,09:04:32,538,v1709,XDCE,5640,5615,5655,16324,460461700,167682,170344,5805,5255,5530,5610,0,5615,0,0,0,2017-04-21,32672538,5635,306,0,0,0,0,0,0,0,0,5640,76,0,0,0,0,0,0,0,0
509,2017-04-21,09:04:33,69,v1709,XDCE,5640,5615,5655,16348,461137950,167678,170344,5805,5255,5530,5610,0,5615,0,0,0,2017-04-21,32673069,5635,295,0,0,0,0,0,0,0,0,5640,77,0,0,0,0,0,0,0,0
510,2017-04-21,09:04:34,83,v1709,XDCE,5640,5615,5655,16502,465480750,167740,170344,5805,5255,5530,5610,0,5615,0,0,0,2017-04-21,32674083,5640,63,0,0,0,0,0,0,0,0,5645,194,0,0,0,0,0,0,0,0
511,2017-04-21,09:04:34,519,v1709,XDCE,5640,5615,5655,16518,465931950,167724,170344,5805,5255,5530,5610,0,5615,0,0,0,2017-04-21,32674519,5640,49,0,0,0,0,0,0,0,0,5645,194,0,0,0,0,0,0,0,0
512,2017-04-21,09:04:35,14,v1709,XDCE,5640,5615,5655,16528,466213950,167714,170344,5805,5255,5530,5610,0,5615,0,0,0,2017-04-21,32675014,5640,44,0,0,0,0,0,0,0,0,5645,193,0,0,0,0,0,0,0,0
513,2017-04-21,09:04:35,558,v1709,XDCE,5640,5615,5655,16528,466213950,167714,170344,5805,5255,5530,5610,0,5615,0,0,0,2017-04-21,32675558,5640,44,0,0,0,0,0,0,0,0,5645,198,0,0,0,0,0,0,0,0
514,2017-04-21,09:04:36,44,v1709,XDCE,5640,5615,5655,16528,466213950,167714,170344,5805,5255,5530,5610,0,5615,0,0,0,2017-04-21,32676044,5640,45,0,0,0,0,0,0,0,0,5645,198,0,0,0,0,0,0,0,0
515,2017-04-21,09:04:36,583,v1709,XDCE,5640,5615,5655,16530,466270350,167712,170344,5805,5255,5530,5610,0,5615,0,0,0,2017-04-21,32676583,5640,44,0,0,0,0,0,0,0,0,5645,193,0,0,0,0,0,0,0,0
516,2017-04-21,09:04:37,31,v1709,XDCE,5640,5615,5655,16540,466552350,167702,170344,5805,5255,5530,5610,0,5615,0,0,0,2017-04-21,32677031,5640,40,0,0,0,0,0,0,0,0,5645,194,0,0,0,0,0,0,0,0
517,2017-04-21,09:04:37,541,v1709,XDCE,5640,5615,5655,16540,466552350,167702,170344,5805,5255,5530,5610,0,5615,0,0,0,2017-04-21,32677541,5640,85,0,0,0,0,0,0,0,0,5645,194,0,0,0,0,0,0,0,0
518,2017-04-21,09:04:37,998,v1709,XDCE,5645,5615,5655,16552,466891050,167690,170344,5805,5255,5530,5610,0,5615,0,0,0,2017-04-21,32677998,5640,85,0,0,0,0,0,0,0,0,5645,188,0,0,0,0,0,0,0,0
519,2017-04-21,09:04:38,584,v1709,XDCE,5645,5615,5655,16552,466891050,167690,170344,5805,5255,5530,5610,0,5615,0,0,0,2017-04-21,32678584,5640,92,0,0,0,0,0,0,0,0,5645,189,0,0,0,0,0,0,0,0
520,2017-04-21,09:04:39,26,v1709,XDCE,5645,5615,5655,16556,467003950,167686,170344,5805,5255,5530,5610,0,5615,0,0,0,2017-04-21,32679026,5640,92,0,0,0,0,0,0,0,0,5645,187,0,0,0,0,0,0,0,0
521,2017-04-21,09:04:39,556,v1709,XDCE,5645,5615,5655,16556,467003950,167686,170344,5805,5255,5530,5610,0,5615,0,0,0,2017-04-21,32679556,5640,132,0,0,0,0,0,0,0,0,5645,147,0,0,0,0,0,0,0,0
522,2017-04-21,09:04:39,989,v1709,XDCE,5640,5615,5655,16564,467229550,167686,170344,5805,5255,5530,5610,0,5615,0,0,0,2017-04-21,32679989,5640,147,0,0,0,0,0,0,0,0,5645,137,0,0,0,0,0,0,0,0
523,2017-04-21,09:04:40,565,v1709,XDCE,5640,5615,5655,16872,475915150,167850,170344,5805,5255,5530,5610,0,5615,0,0,0,2017-04-21,32680565,5640,6,0,0,0,0,0,0,0,0,5645,148,0,0,0,0,0,0,0,0
524,2017-04-21,09:04:40,979,v1709,XDCE,5640,5615,5655,16912,477043150,167862,170344,5805,5255,5530,5610,0,5615,0,0,0,2017-04-21,32680979,5640,1,0,0,0,0,0,0,0,0,5645,138,0,0,0,0,0,0,0,0
525,2017-04-21,09:04:41,557,v1709,XDCE,5640,5615,5655,16912,477043150,167862,170344,5805,5255,5530,5610,0,5615,0,0,0,2017-04-21,32681557,5635,304,0,0,0,0,0,0,0,0,5640,40,0,0,0,0,0,0,0,0
526,2017-04-21,09:04:41,975,v1709,XDCE,5640,5615,5655,16914,477099550,167860,170344,5805,5255,5530,5610,0,5615,0,0,0,2017-04-21,32681975,5635,313,0,0,0,0,0,0,0,0,5640,41,0,0,0,0,0,0,0,0
527,2017-04-21,09:04:42,458,v1709,XDCE,5640,5615,5655,16920,477268750,167854,170344,5805,5255,5530,5610,0,5615,0,0,0,2017-04-21,32682458,5635,313,0,0,0,0,0,0,0,0,5640,38,0,0,0,0,0,0,0,0
528,2017-04-21,09:04:43,12,v1709,XDCE,5640,5615,5655,16920,477268750,167854,170344,5805,5255,5530,5610,0,5615,0,0,0,2017-04-21,32683012,5635,314,0,0,0,0,0,0,0,0,5640,136,0,0,0,0,0,0,0,0
529,2017-04-21,09:04:43,470,v1709,XDCE,5640,5615,5655,16920,477268750,167854,170344,5805,5255,5530,5610,0,5615,0,0,0,2017-04-21,32683470,5635,314,0,0,0,0,0,0,0,0,5640,139,0,0,0,0,0,0,0,0
530,2017-04-21,09:04:45,22,v1709,XDCE,5640,5615,5655,16920,477268750,167854,170344,5805,5255,5530,5610,0,5615,0,0,0,2017-04-21,32685022,5635,314,0,0,0,0,0,0,0,0,5640,145,0,0,0,0,0,0,0,0
531,2017-04-21,09:04:45,542,v1709,XDCE,5640,5615,5655,16940,477832750,167854,170344,5805,5255,5530,5610,0,5615,0,0,0,2017-04-21,32685542,5635,313,0,0,0,0,0,0,0,0,5640,136,0,0,0,0,0,0,0,0
532,2017-04-21,09:04:46,24,v1709,XDCE,5635,5615,5655,16944,477945450,167850,170344,5805,5255,5530,5610,0,5615,0,0,0,2017-04-21,32686024,5635,311,0,0,0,0,0,0,0,0,5640,140,0,0,0,0,0,0,0,0
533,2017-04-21,09:04:46,514,v1709,XDCE,5635,5615,5655,16944,477945450,167850,170344,5805,5255,5530,5610,0,5615,0,0,0,2017-04-21,32686514,5635,310,0,0,0,0,0,0,0,0,5640,140,0,0,0,0,0,0,0,0
534,2017-04-21,09:04:47,14,v1709,XDCE,5635,5615,5655,17064,481326450,167730,170344,5805,5255,5530,5610,0,5615,0,0,0,2017-04-21,32687014,5635,250,0,0,0,0,0,0,0,0,5640,140,0,0,0,0,0,0,0,0
535,2017-04-21,09:04:47,380,v1709,XDCE,5635,5615,5655,17068,481439150,167726,170344,5805,5255,5530,5610,0,5615,0,0,0,2017-04-21,32687380,5635,238,0,0,0,0,0,0,0,0,5640,146,0,0,0,0,0,0,0,0
536,2017-04-21,09:04:48,65,v1709,XDCE,5635,5615,5655,17068,481439150,167726,170344,5805,5255,5530,5610,0,5615,0,0,0,2017-04-21,32688065,5635,238,0,0,0,0,0,0,0,0,5640,156,0,0,0,0,0,0,0,0
537,2017-04-21,09:04:48,578,v1709,XDCE,5640,5615,5655,17072,481551950,167722,170344,5805,5255,5530,5610,0,5615,0,0,0,2017-04-21,32688578,5635,228,0,0,0,0,0,0,0,0,5640,164,0,0,0,0,0,0,0,0
