,dataDate,dataTime,dataMillisec,instrumentID,exchangeCD,lastPrice,lowPrice,highPrice,volume,value,openInterest,preOpenInterest,upperLimitPrice,lowerLimitPrice,preSettlementPrice,prevClosePrice,settlementPrice,openPrice,closePrice,preDelta,currDelta,clearingDay,milliSecOffset,bidPrice1,bidVolume1,bidPrice2,bidVolume2,bidPrice3,bidVolume3,bidPrice4,bidVolume4,bidPrice5,bidVolume5,askPrice1,askVolume1,askPrice2,askVolume2,askPrice3,askVolume3,askPrice4,askVolume4,askPrice5,askVolume5
0,2017-04-20,19:29:30,0,WH705,XZCE,3153,0,0,0,0,10942,10942,3254,2944,3099,3153,0,0,0,0,0,2017-04-21,70170000,0,0,0,0,0,0,0,0,0,0,0,0,0,0,0,0,0,0,0,0
1,2017-04-21,08:59:00,0,WH705,XZCE,3146,3146,3146,22,1384240,10954,10942,3254,2944,3099,3153,0,3146,0,0,0,2017-04-21,32340000,3144,5,0,0,0,0,0,0,0,0,3146,2,0,0,0,0,0,0,0,0
2,2017-04-21,09:00:00,0,WH705,XZCE,3146,3146,3146,22,1384240,10954,10942,3254,2944,3099,3153,0,3146,0,0,0,2017-04-21,32400000,3144,5,0,0,0,0,0,0,0,0,3147,1,0,0,0,0,0,0,0,0
3,2017-04-21,09:00:00,0,WH705,XZCE,3146,3146,3146,22,1384240,10954,10942,3254,2944,3099,3153,0,3146,0,0,0,2017-04-21,32400000,3144,5,0,0,0,0,0,0,0,0,3146,1,0,0,0,0,0,0,0,0
4,2017-04-21,09:00:01,0,WH705,XZCE,3144,3144,3146,30,1887280,10962,10942,3254,2944,3099,3153,0,3146,0,0,0,2017-04-21,32401000,3144,1,0,0,0,0,0,0,0,0,3146,1,0,0,0,0,0,0,0,0
5,2017-04-21,09:00:01,0,WH705,XZCE,3146,3144,3146,34,2138960,10966,10942,3254,2944,3099,3153,0,3146,0,0,0,2017-04-21,32401000,3144,2,0,0,0,0,0,0,0,0,3147,1,0,0,0,0,0,0,0,0
6,2017-04-21,09:00:02,0,WH705,XZCE,3142,3142,3146,42,2641680,10964,10942,3254,2944,3099,3153,0,3146,0,0,0,2017-04-21,32402000,3142,15,0,0,0,0,0,0,0,0,3144,4,0,0,0,0,0,0,0,0
7,2017-04-21,09:00:02,0,WH705,XZCE,3142,3142,3146,42,2641680,10964,10942,3254,2944,3099,3153,0,3146,0,0,0,2017-04-21,32402000,3142,16,0,0,0,0,0,0,0,0,3144,4,0,0,0,0,0,0,0,0
8,2017-04-21,09:00:03,0,WH705,XZCE,3142,3142,3146,44,2767360,10964,10942,3254,2944,3099,3153,0,3146,0,0,0,2017-04-21,32403000,3142,15,0,0,0,0,0,0,0,0,3143,1,0,0,0,0,0,0,0,0
9,2017-04-21,09:00:04,0,WH705,XZCE,3143,3142,3146,46,2893080,10966,10942,3254,2944,3099,3153,0,3146,0,0,0,2017-04-21,32404000,3143,1,0,0,0,0,0,0,0,0,3144,4,0,0,0,0,0,0,0,0
10,2017-04-21,09:00:04,0,WH705,XZCE,3144,3142,3146,54,3396120,10968,10942,3254,2944,3099,3153,0,3146,0,0,0,2017-04-21,32404000,3143,1,0,0,0,0,0,0,0,0,3145,1,0,0,0,0,0,0,0,0
11,2017-04-21,09:00:05,0,WH705,XZCE,3145,3142,3146,62,3899320,10976,10942,3254,2944,3099,3153,0,3146,0,0,0,2017-04-21,32405000,3144,1,0,0,0,0,0,0,0,0,3146,10,0,0,0,0,0,0,0,0
12,2017-04-21,09:00:05,0,WH705,XZCE,3145,3142,3146,64,4025120,10978,10942,3254,2944,3099,3153,0,3146,0,0,0,2017-04-21,32405000,3144,1,0,0,0,0,0,0,0,0,3146,10,0,0,0,0,0,0,0,0
13,2017-04-21,09:00:05,0,WH705,XZCE,3142,3142,3146,84,5281920,10982,10942,3254,2944,3099,3153,0,3146,0,0,0,2017-04-21,32405000,3142,7,0,0,0,0,0,0,0,0,3146,10,0,0,0,0,0,0,0,0
14,2017-04-21,09:00:07,0,WH705,XZCE,3142,3142,3146,88,5533280,10982,10942,3254,2944,3099,3153,0,3146,0,0,0,2017-04-21,32407000,3142,5,0,0,0,0,0,0,0,0,3146,10,0,0,0,0,0,0,0,0
15,2017-04-21,09:00:07,0,WH705,XZCE,3142,3142,3146,88,5533280,10982,10942,3254,2944,3099,3153,0,3146,0,0,0,2017-04-21,32407000,3142,4,0,0,0,0,0,0,0,0,3146,10,0,0,0,0,0,0,0,0
16,2017-04-21,09:00:08,0,WH705,XZCE,3146,3142,3146,96,6036640,10982,10942,3254,2944,3099,3153,0,3146,0,0,0,2017-04-21,32408000,3142,4,0,0,0,0,0,0,0,0,3145,2,0,0,0,0,0,0,0,0
17,2017-04-21,09:00:08,0,WH705,XZCE,3146,3142,3146,98,6162480,10980,10942,3254,2944,3099,3153,0,3146,0,0,0,2017-04-21,32408000,3142,4,0,0,0,0,0,0,0,0,3145,1,0,0,0,0,0,0,0,0
18,2017-04-21,09:00:09,0,WH705,XZCE,3142,3142,3146,100,6288160,10980,10942,3254,2944,3099,3153,0,3146,0,0,0,2017-04-21,32409000,3142,3,0,0,0,0,0,0,0,0,3145,1,0,0,0,0,0,0,0,0
19,2017-04-21,09:00:11,0,WH705,XZCE,3142,3142,3146,100,6288160,10980,10942,3254,2944,3099,3153,0,3146,0,0,0,2017-04-21,32411000,3142,3,0,0,0,0,0,0,0,0,3145,2,0,0,0,0,0,0,0,0
20,2017-04-21,09:00:12,0,WH705,XZCE,3146,3142,3146,114,7169040,10992,10942,3254,2944,3099,3153,0,3146,0,0,0,2017-04-21,32412000,3142,3,0,0,0,0,0,0,0,0,3146,25,0,0,0,0,0,0,0,0
21,2017-04-21,09:00:13,0,WH705,XZCE,3145,3142,3146,116,7294840,10992,10942,3254,2944,3099,3153,0,3146,0,0,0,2017-04-21,32413000,3142,3,0,0,0,0,0,0,0,0,3143,1,0,0,0,0,0,0,0,0
22,2017-04-21,09:00:13,0,WH705,XZCE,3142,3142,3146,126,7923240,10988,10942,3254,2944,3099,3153,0,3146,0,0,0,2017-04-21,32413000,3142,15,0,0,0,0,0,0,0,0,3143,1,0,0,0,0,0,0,0,0
23,2017-04-21,09:00:14,0,WH705,XZCE,3142,3142,3146,128,8048920,10990,10942,3254,2944,3099,3153,0,3146,0,0,0,2017-04-21,32414000,3142,14,0,0,0,0,0,0,0,0,3143,1,0,0,0,0,0,0,0,0
24,2017-04-21,09:00:14,0,WH705,XZCE,3142,3142,3146,128,8048920,10990,10942,3254,2944,3099,3153,0,3146,0,0,0,2017-04-21,32414000,3142,14,0,0,0,0,0,0,0,0,3145,4,0,0,0,0,0,0,0,0
25,2017-04-21,09:00:15,0,WH705,XZCE,3142,3142,3146,128,8048920,10990,10942,3254,2944,3099,3153,0,3146,0,0,0,2017-04-21,32415000,3143,1,0,0,0,0,0,0,0,0,3145,4,0,0,0,0,0,0,0,0
26,2017-04-21,09:00:15,0,WH705,XZCE,3142,3142,3146,130,8174600,10990,10942,3254,2944,3099,3153,0,3146,0,0,0,2017-04-21,32415000,3142,14,0,0,0,0,0,0,0,0,3145,4,0,0,0,0,0,0,0,0
27,2017-04-21,09:00:15,0,WH705,XZCE,3142,3142,3146,130,8174600,10990,10942,3254,2944,3099,3153,0,3146,0,0,0,2017-04-21,32415000,3142,14,0,0,0,0,0,0,0,0,3144,1,0,0,0,0,0,0,0,0
28,2017-04-21,09:00:16,0,WH705,XZCE,3142,3142,3146,132,8300280,10992,10942,3254,2944,3099,3153,0,3146,0,0,0,2017-04-21,32416000,3142,13,0,0,0,0,0,0,0,0,3144,1,0,0,0,0,0,0,0,0
29,2017-04-21,09:00:17,0,WH705,XZCE,3144,3142,3146,134,8426040,10990,10942,3254,2944,3099,3153,0,3146,0,0,0,2017-04-21,32417000,3142,13,0,0,0,0,0,0,0,0,3145,4,0,0,0,0,0,0,0,0
30,2017-04-21,09:00:17,0,WH705,XZCE,3142,3142,3146,154,9682840,11010,10942,3254,2944,3099,3153,0,3146,0,0,0,2017-04-21,32417000,3142,4,0,0,0,0,0,0,0,0,3144,1,0,0,0,0,0,0,0,0
31,2017-04-21,09:00:18,0,WH705,XZCE,3142,3142,3146,154,9682840,11010,10942,3254,2944,3099,3153,0,3146,0,0,0,2017-04-21,32418000,3142,4,0,0,0,0,0,0,0,0,3144,3,0,0,0,0,0,0,0,0
32,2017-04-21,09:00:19,0,WH705,XZCE,3144,3142,3146,164,10311640,11010,10942,3254,2944,3099,3153,0,3146,0,0,0,2017-04-21,32419000,3142,4,0,0,0,0,0,0,0,0,3144,19,0,0,0,0,0,0,0,0
33,2017-04-21,09:00:20,0,WH705,XZCE,3142,3142,3146,168,10563000,11010,10942,3254,2944,3099,3153,0,3146,0,0,0,2017-04-21,32420000,3142,2,0,0,0,0,0,0,0,0,3144,19,0,0,0,0,0,0,0,0
34,2017-04-21,09:00:20,0,WH705,XZCE,3142,3142,3146,170,10688680,11012,10942,3254,2944,3099,3153,0,3146,0,0,0,2017-04-21,32420000,3142,1,0,0,0,0,0,0,0,0,3143,1,0,0,0,0,0,0,0,0
35,2017-04-21,09:00:20,0,WH705,XZCE,3142,3142,3146,172,10814360,11014,10942,3254,2944,3099,3153,0,3146,0,0,0,2017-04-21,32420000,3141,5,0,0,0,0,0,0,0,0,3142,3,0,0,0,0,0,0,0,0
36,2017-04-21,09:00:21,0,WH705,XZCE,3141,3141,3146,174,10940000,11016,10942,3254,2944,3099,3153,0,3146,0,0,0,2017-04-21,32421000,3141,4,0,0,0,0,0,0,0,0,3142,3,0,0,0,0,0,0,0,0
37,2017-04-21,09:00:21,0,WH705,XZCE,3142,3141,3146,178,11191360,11020,10942,3254,2944,3099,3153,0,3146,0,0,0,2017-04-21,32421000,3141,4,0,0,0,0,0,0,0,0,3143,1,0,0,0,0,0,0,0,0
38,2017-04-21,09:00:22,0,WH705,XZCE,3141,3141,3146,182,11442640,11024,10942,3254,2944,3099,3153,0,3146,0,0,0,2017-04-21,32422000,3141,2,0,0,0,0,0,0,0,0,3143,1,0,0,0,0,0,0,0,0
39,2017-04-21,09:00:23,0,WH705,XZCE,3141,3141,3146,184,11568280,11026,10942,3254,2944,3099,3153,0,3146,0,0,0,2017-04-21,32423000,3141,1,0,0,0,0,0,0,0,0,3143,1,0,0,0,0,0,0,0,0
40,2017-04-21,09:00:24,0,WH705,XZCE,3141,3141,3146,186,11693920,11028,10942,3254,2944,3099,3153,0,3146,0,0,0,2017-04-21,32424000,3140,1,0,0,0,0,0,0,0,0,3141,1,0,0,0,0,0,0,0,0
41,2017-04-21,09:00:24,0,WH705,XZCE,3142,3141,3146,190,11945280,11028,10942,3254,2944,3099,3153,0,3146,0,0,0,2017-04-21,32424000,3140,1,0,0,0,0,0,0,0,0,3143,1,0,0,0,0,0,0,0,0
42,2017-04-21,09:00:25,0,WH705,XZCE,3142,3141,3146,190,11945280,11028,10942,3254,2944,3099,3153,0,3146,0,0,0,2017-04-21,32425000,3140,1,0,0,0,0,0,0,0,0,3141,9,0,0,0,0,0,0,0,0
43,2017-04-21,09:00:25,0,WH705,XZCE,3142,3141,3146,190,11945280,11028,10942,3254,2944,3099,3153,0,3146,0,0,0,2017-04-21,32425000,3140,1,0,0,0,0,0,0,0,0,3143,1,0,0,0,0,0,0,0,0
44,2017-04-21,09:00:26,0,WH705,XZCE,3142,3141,3146,190,11945280,11028,10942,3254,2944,3099,3153,0,3146,0,0,0,2017-04-21,32426000,3140,1,0,0,0,0,0,0,0,0,3142,3,0,0,0,0,0,0,0,0
45,2017-04-21,09:00:27,0,WH705,XZCE,3142,3141,3146,192,12070960,11028,10942,3254,2944,3099,3153,0,3146,0,0,0,2017-04-21,32427000,3140,1,0,0,0,0,0,0,0,0,3142,2,0,0,0,0,0,0,0,0
46,2017-04-21,09:00:27,0,WH705,XZCE,3142,3141,3146,194,12196640,11028,10942,3254,2944,3099,3153,0,3146,0,0,0,2017-04-21,32427000,3140,1,0,0,0,0,0,0,0,0,3142,1,0,0,0,0,0,0,0,0
47,2017-04-21,09:00:29,0,WH705,XZCE,3142,3141,3146,194,12196640,11028,10942,3254,2944,3099,3153,0,3146,0,0,0,2017-04-21,32429000,3140,1,0,0,0,0,0,0,0,0,3142,2,0,0,0,0,0,0,0,0
48,2017-04-21,09:00:29,0,WH705,XZCE,3140,3140,3146,196,12322240,11028,10942,3254,2944,3099,3153,0,3146,0,0,0,2017-04-21,32429000,3137,5,0,0,0,0,0,0,0,0,3141,1,0,0,0,0,0,0,0,0
49,2017-04-21,09:00:30,0,WH705,XZCE,3141,3140,3146,200,12573520,11032,10942,3254,2944,3099,3153,0,3146,0,0,0,2017-04-21,32430000,3137,5,0,0,0,0,0,0,0,0,3142,2,0,0,0,0,0,0,0,0
50,2017-04-21,09:00:30,0,WH705,XZCE,3141,3140,3146,200,12573520,11032,10942,3254,2944,3099,3153,0,3146,0,0,0,2017-04-21,32430000,3141,1,0,0,0,0,0,0,0,0,3142,2,0,0,0,0,0,0,0,0
51,2017-04-21,09:00:31,0,WH705,XZCE,3141,3140,3146,202,12699160,11032,10942,3254,2944,3099,3153,0,3146,0,0,0,2017-04-21,32431000,3137,5,0,0,0,0,0,0,0,0,3142,2,0,0,0,0,0,0,0,0
52,2017-04-21,09:00:32,0,WH705,XZCE,3141,3140,3146,202,12699160,11032,10942,3254,2944,3099,3153,0,3146,0,0,0,2017-04-21,32432000,3140,1,0,0,0,0,0,0,0,0,3142,2,0,0,0,0,0,0,0,0
53,2017-04-21,09:00:32,0,WH705,XZCE,3142,3140,3146,204,12824840,11032,10942,3254,2944,3099,3153,0,3146,0,0,0,2017-04-21,32432000,3140,1,0,0,0,0,0,0,0,0,3142,1,0,0,0,0,0,0,0,0
54,2017-04-21,09:00:33,0,WH705,XZCE,3142,3140,3146,204,12824840,11032,10942,3254,2944,3099,3153,0,3146,0,0,0,2017-04-21,32433000,3140,1,0,0,0,0,0,0,0,0,3141,1,0,0,0,0,0,0,0,0
55,2017-04-21,09:00:33,0,WH705,XZCE,3142,3140,3146,204,12824840,11032,10942,3254,2944,3099,3153,0,3146,0,0,0,2017-04-21,32433000,3140,2,0,0,0,0,0,0,0,0,3141,1,0,0,0,0,0,0,0,0
56,2017-04-21,09:00:34,0,WH705,XZCE,3140,3140,3146,208,13076040,11030,10942,3254,2944,3099,3153,0,3146,0,0,0,2017-04-21,32434000,3137,5,0,0,0,0,0,0,0,0,3141,1,0,0,0,0,0,0,0,0
57,2017-04-21,09:00:34,0,WH705,XZCE,3141,3140,3146,210,13201680,11030,10942,3254,2944,3099,3153,0,3146,0,0,0,2017-04-21,32434000,3137,5,0,0,0,0,0,0,0,0,3142,1,0,0,0,0,0,0,0,0
58,2017-04-21,09:00:35,0,WH705,XZCE,3141,3140,3146,210,13201680,11030,10942,3254,2944,3099,3153,0,3146,0,0,0,2017-04-21,32435000,3138,1,0,0,0,0,0,0,0,0,3142,1,0,0,0,0,0,0,0,0
59,2017-04-21,09:00:35,0,WH705,XZCE,3141,3140,3146,210,13201680,11030,10942,3254,2944,3099,3153,0,3146,0,0,0,2017-04-21,32435000,3138,1,0,0,0,0,0,0,0,0,3140,3,0,0,0,0,0,0,0,0
60,2017-04-21,09:00:35,0,WH705,XZCE,3141,3140,3146,210,13201680,11030,10942,3254,2944,3099,3153,0,3146,0,0,0,2017-04-21,32435000,3138,2,0,0,0,0,0,0,0,0,3140,3,0,0,0,0,0,0,0,0
61,2017-04-21,09:00:36,0,WH705,XZCE,3141,3140,3146,210,13201680,11030,10942,3254,2944,3099,3153,0,3146,0,0,0,2017-04-21,32436000,3139,1,0,0,0,0,0,0,0,0,3140,3,0,0,0,0,0,0,0,0
62,2017-04-21,09:00:37,0,WH705,XZCE,3140,3139,3146,218,13704080,11030,10942,3254,2944,3099,3153,0,3146,0,0,0,2017-04-21,32437000,3140,1,0,0,0,0,0,0,0,0,3141,3,0,0,0,0,0,0,0,0
63,2017-04-21,09:00:39,0,WH705,XZCE,3141,3139,3146,224,14081000,11030,10942,3254,2944,3099,3153,0,3146,0,0,0,2017-04-21,32439000,3140,1,0,0,0,0,0,0,0,0,3142,1,0,0,0,0,0,0,0,0
64,2017-04-21,09:00:40,0,WH705,XZCE,3141,3139,3146,224,14081000,11030,10942,3254,2944,3099,3153,0,3146,0,0,0,2017-04-21,32440000,3137,5,0,0,0,0,0,0,0,0,3142,1,0,0,0,0,0,0,0,0
65,2017-04-21,09:00:41,0,WH705,XZCE,3141,3139,3146,224,14081000,11030,10942,3254,2944,3099,3153,0,3146,0,0,0,2017-04-21,32441000,3138,1,0,0,0,0,0,0,0,0,3142,1,0,0,0,0,0,0,0,0
66,2017-04-21,09:00:42,0,WH705,XZCE,3141,3139,3146,224,14081000,11030,10942,3254,2944,3099,3153,0,3146,0,0,0,2017-04-21,32442000,3139,1,0,0,0,0,0,0,0,0,3142,1,0,0,0,0,0,0,0,0
67,2017-04-21,09:00:42,0,WH705,XZCE,3141,3139,3146,224,14081000,11030,10942,3254,2944,3099,3153,0,3146,0,0,0,2017-04-21,32442000,3140,1,0,0,0,0,0,0,0,0,3142,1,0,0,0,0,0,0,0,0
68,2017-04-21,09:00:44,0,WH705,XZCE,3142,3139,3146,226,14206680,11030,10942,3254,2944,3099,3153,0,3146,0,0,0,2017-04-21,32444000,3140,1,0,0,0,0,0,0,0,0,3143,1,0,0,0,0,0,0,0,0
69,2017-04-21,09:00:46,0,WH705,XZCE,3140,3139,3146,228,14332280,11030,10942,3254,2944,3099,3153,0,3146,0,0,0,2017-04-21,32446000,3137,5,0,0,0,0,0,0,0,0,3143,1,0,0,0,0,0,0,0,0
70,2017-04-21,09:00:47,0,WH705,XZCE,3140,3139,3146,228,14332280,11030,10942,3254,2944,3099,3153,0,3146,0,0,0,2017-04-21,32447000,3137,5,0,0,0,0,0,0,0,0,3140,2,0,0,0,0,0,0,0,0
71,2017-04-21,09:00:48,0,WH705,XZCE,3140,3139,3146,228,14332280,11030,10942,3254,2944,3099,3153,0,3146,0,0,0,2017-04-21,32448000,3138,1,0,0,0,0,0,0,0,0,3140,2,0,0,0,0,0,0,0,0
72,2017-04-21,09:00:49,0,WH705,XZCE,3140,3139,3146,228,14332280,11030,10942,3254,2944,3099,3153,0,3146,0,0,0,2017-04-21,32449000,3138,1,0,0,0,0,0,0,0,0,3140,3,0,0,0,0,0,0,0,0
73,2017-04-21,09:00:50,0,WH705,XZCE,3140,3139,3146,228,14332280,11030,10942,3254,2944,3099,3153,0,3146,0,0,0,2017-04-21,32450000,3138,1,0,0,0,0,0,0,0,0,3140,6,0,0,0,0,0,0,0,0
74,2017-04-21,09:00:52,0,WH705,XZCE,3138,3138,3146,230,14457800,11030,10942,3254,2944,3099,3153,0,3146,0,0,0,2017-04-21,32452000,3137,5,0,0,0,0,0,0,0,0,3138,4,0,0,0,0,0,0,0,0
75,2017-04-21,09:00:52,0,WH705,XZCE,3138,3138,3146,230,14457800,11030,10942,3254,2944,3099,3153,0,3146,0,0,0,2017-04-21,32452000,3137,6,0,0,0,0,0,0,0,0,3138,4,0,0,0,0,0,0,0,0
76,2017-04-21,09:00:55,0,WH705,XZCE,3137,3137,3146,242,15210680,11042,10942,3254,2944,3099,3153,0,3146,0,0,0,2017-04-21,32455000,3134,1,0,0,0,0,0,0,0,0,3138,4,0,0,0,0,0,0,0,0
77,2017-04-21,09:00:56,0,WH705,XZCE,3138,3137,3146,244,15336200,11042,10942,3254,2944,3099,3153,0,3146,0,0,0,2017-04-21,32456000,3134,1,0,0,0,0,0,0,0,0,3138,4,0,0,0,0,0,0,0,0
78,2017-04-21,09:00:57,0,WH705,XZCE,3138,3137,3146,244,15336200,11042,10942,3254,2944,3099,3153,0,3146,0,0,0,2017-04-21,32457000,3134,1,0,0,0,0,0,0,0,0,3137,3,0,0,0,0,0,0,0,0
79,2017-04-21,09:00:58,0,WH705,XZCE,3134,3134,3146,246,15461560,11040,10942,3254,2944,3099,3153,0,3146,0,0,0,2017-04-21,32458000,3132,6,0,0,0,0,0,0,0,0,3137,4,0,0,0,0,0,0,0,0
80,2017-04-21,09:00:59,0,WH705,XZCE,3134,3134,3146,246,15461560,11040,10942,3254,2944,3099,3153,0,3146,0,0,0,2017-04-21,32459000,3132,6,0,0,0,0,0,0,0,0,3136,1,0,0,0,0,0,0,0,0
81,2017-04-21,09:01:00,0,WH705,XZCE,3134,3134,3146,246,15461560,11040,10942,3254,2944,3099,3153,0,3146,0,0,0,2017-04-21,32460000,3133,2,0,0,0,0,0,0,0,0,3136,1,0,0,0,0,0,0,0,0
82,2017-04-21,09:01:02,0,WH705,XZCE,3136,3134,3146,250,15712440,11044,10942,3254,2944,3099,3153,0,3146,0,0,0,2017-04-21,32462000,3133,2,0,0,0,0,0,0,0,0,3137,3,0,0,0,0,0,0,0,0
83,2017-04-21,09:01:03,0,WH705,XZCE,3134,3134,3146,252,15837800,11044,10942,3254,2944,3099,3153,0,3146,0,0,0,2017-04-21,32463000,3134,1,0,0,0,0,0,0,0,0,3137,3,0,0,0,0,0,0,0,0
84,2017-04-21,09:01:03,0,WH705,XZCE,3133,3133,3146,256,16088440,11046,10942,3254,2944,3099,3153,0,3146,0,0,0,2017-04-21,32463000,3133,1,0,0,0,0,0,0,0,0,3137,3,0,0,0,0,0,0,0,0
85,2017-04-21,09:01:04,0,WH705,XZCE,3136,3133,3146,264,16590200,11046,10942,3254,2944,3099,3153,0,3146,0,0,0,2017-04-21,32464000,3136,2,0,0,0,0,0,0,0,0,3138,4,0,0,0,0,0,0,0,0
86,2017-04-21,09:01:09,0,WH705,XZCE,3138,3133,3146,266,16715720,11046,10942,3254,2944,3099,3153,0,3146,0,0,0,2017-04-21,32469000,3136,2,0,0,0,0,0,0,0,0,3138,3,0,0,0,0,0,0,0,0
87,2017-04-21,09:01:10,0,WH705,XZCE,3138,3133,3146,266,16715720,11046,10942,3254,2944,3099,3153,0,3146,0,0,0,2017-04-21,32470000,3137,1,0,0,0,0,0,0,0,0,3138,5,0,0,0,0,0,0,0,0
88,2017-04-21,09:01:10,0,WH705,XZCE,3138,3133,3146,266,16715720,11046,10942,3254,2944,3099,3153,0,3146,0,0,0,2017-04-21,32470000,3137,1,0,0,0,0,0,0,0,0,3138,3,0,0,0,0,0,0,0,0
89,2017-04-21,09:01:11,0,WH705,XZCE,3138,3133,3146,266,16715720,11046,10942,3254,2944,3099,3153,0,3146,0,0,0,2017-04-21,32471000,3137,2,0,0,0,0,0,0,0,0,3138,3,0,0,0,0,0,0,0,0
90,2017-04-21,09:01:12,0,WH705,XZCE,3138,3133,3146,270,16966760,11044,10942,3254,2944,3099,3153,0,3146,0,0,0,2017-04-21,32472000,3137,2,0,0,0,0,0,0,0,0,3138,1,0,0,0,0,0,0,0,0
91,2017-04-21,09:01:12,0,WH705,XZCE,3138,3133,3146,272,17092280,11044,10942,3254,2944,3099,3153,0,3146,0,0,0,2017-04-21,32472000,3137,2,0,0,0,0,0,0,0,0,3140,6,0,0,0,0,0,0,0,0
92,2017-04-21,09:01:13,0,WH705,XZCE,3140,3133,3146,276,17343480,11044,10942,3254,2944,3099,3153,0,3146,0,0,0,2017-04-21,32473000,3137,1,0,0,0,0,0,0,0,0,3140,4,0,0,0,0,0,0,0,0
93,2017-04-21,09:01:13,0,WH705,XZCE,3136,3133,3146,282,17719800,11044,10942,3254,2944,3099,3153,0,3146,0,0,0,2017-04-21,32473000,3134,1,0,0,0,0,0,0,0,0,3136,3,0,0,0,0,0,0,0,0
94,2017-04-21,09:01:14,0,WH705,XZCE,3136,3133,3146,284,17845240,11044,10942,3254,2944,3099,3153,0,3146,0,0,0,2017-04-21,32474000,3134,1,0,0,0,0,0,0,0,0,3136,2,0,0,0,0,0,0,0,0
95,2017-04-21,09:01:16,0,WH705,XZCE,3134,3133,3146,286,17970600,11044,10942,3254,2944,3099,3153,0,3146,0,0,0,2017-04-21,32476000,3133,1,0,0,0,0,0,0,0,0,3134,1,0,0,0,0,0,0,0,0
96,2017-04-21,09:01:16,0,WH705,XZCE,3134,3133,3146,288,18095960,11044,10942,3254,2944,3099,3153,0,3146,0,0,0,2017-04-21,32476000,3134,1,0,0,0,0,0,0,0,0,3136,2,0,0,0,0,0,0,0,0
97,2017-04-21,09:01:18,0,WH705,XZCE,3134,3133,3146,288,18095960,11044,10942,3254,2944,3099,3153,0,3146,0,0,0,2017-04-21,32478000,3134,2,0,0,0,0,0,0,0,0,3136,2,0,0,0,0,0,0,0,0
98,2017-04-21,09:01:20,0,WH705,XZCE,3134,3133,3146,288,18095960,11044,10942,3254,2944,3099,3153,0,3146,0,0,0,2017-04-21,32480000,3134,1,0,0,0,0,0,0,0,0,3136,2,0,0,0,0,0,0,0,0
99,2017-04-21,09:01:23,0,WH705,XZCE,3136,3133,3146,292,18346840,11048,10942,3254,2944,3099,3153,0,3146,0,0,0,2017-04-21,32483000,3134,2,0,0,0,0,0,0,0,0,3139,1,0,0,0,0,0,0,0,0
100,2017-04-21,09:01:24,0,WH705,XZCE,3136,3133,3146,292,18346840,11048,10942,3254,2944,3099,3153,0,3146,0,0,0,2017-04-21,32484000,3135,1,0,0,0,0,0,0,0,0,3139,1,0,0,0,0,0,0,0,0
101,2017-04-21,09:01:25,0,WH705,XZCE,3136,3133,3146,292,18346840,11048,10942,3254,2944,3099,3153,0,3146,0,0,0,2017-04-21,32485000,3136,2,0,0,0,0,0,0,0,0,3139,1,0,0,0,0,0,0,0,0
102,2017-04-21,09:01:25,0,WH705,XZCE,3136,3133,3146,292,18346840,11048,10942,3254,2944,3099,3153,0,3146,0,0,0,2017-04-21,32485000,3136,2,0,0,0,0,0,0,0,0,3138,1,0,0,0,0,0,0,0,0
103,2017-04-21,09:01:27,0,WH705,XZCE,3136,3133,3146,294,18472280,11048,10942,3254,2944,3099,3153,0,3146,0,0,0,2017-04-21,32487000,3136,1,0,0,0,0,0,0,0,0,3138,1,0,0,0,0,0,0,0,0
104,2017-04-21,09:01:28,0,WH705,XZCE,3136,3133,3146,296,18597720,11046,10942,3254,2944,3099,3153,0,3146,0,0,0,2017-04-21,32488000,3135,1,0,0,0,0,0,0,0,0,3138,1,0,0,0,0,0,0,0,0
105,2017-04-21,09:01:28,0,WH705,XZCE,3136,3133,3146,296,18597720,11046,10942,3254,2944,3099,3153,0,3146,0,0,0,2017-04-21,32488000,3135,1,0,0,0,0,0,0,0,0,3138,2,0,0,0,0,0,0,0,0
106,2017-04-21,09:01:29,0,WH705,XZCE,3136,3133,3146,296,18597720,11046,10942,3254,2944,3099,3153,0,3146,0,0,0,2017-04-21,32489000,3136,1,0,0,0,0,0,0,0,0,3138,2,0,0,0,0,0,0,0,0
107,2017-04-21,09:01:29,0,WH705,XZCE,3136,3133,3146,296,18597720,11046,10942,3254,2944,3099,3153,0,3146,0,0,0,2017-04-21,32489000,3136,1,0,0,0,0,0,0,0,0,3137,1,0,0,0,0,0,0,0,0
108,2017-04-21,09:01:31,0,WH705,XZCE,3136,3133,3146,296,18597720,11046,10942,3254,2944,3099,3153,0,3146,0,0,0,2017-04-21,32491000,3136,2,0,0,0,0,0,0,0,0,3137,1,0,0,0,0,0,0,0,0
109,2017-04-21,09:01:34,0,WH705,XZCE,3136,3133,3146,300,18848600,11046,10942,3254,2944,3099,3153,0,3146,0,0,0,2017-04-21,32494000,3135,1,0,0,0,0,0,0,0,0,3137,1,0,0,0,0,0,0,0,0
110,2017-04-21,09:01:38,0,WH705,XZCE,3135,3133,3146,302,18974000,11046,10942,3254,2944,3099,3153,0,3146,0,0,0,2017-04-21,32498000,3134,2,0,0,0,0,0,0,0,0,3135,2,0,0,0,0,0,0,0,0
111,2017-04-21,09:01:39,0,WH705,XZCE,3135,3133,3146,302,18974000,11046,10942,3254,2944,3099,3153,0,3146,0,0,0,2017-04-21,32499000,3134,3,0,0,0,0,0,0,0,0,3135,2,0,0,0,0,0,0,0,0
112,2017-04-21,09:01:39,0,WH705,XZCE,3135,3133,3146,306,19224800,11046,10942,3254,2944,3099,3153,0,3146,0,0,0,2017-04-21,32499000,3135,1,0,0,0,0,0,0,0,0,3137,1,0,0,0,0,0,0,0,0
113,2017-04-21,09:01:41,0,WH705,XZCE,3135,3133,3146,308,19350200,11046,10942,3254,2944,3099,3153,0,3146,0,0,0,2017-04-21,32501000,3134,2,0,0,0,0,0,0,0,0,3137,1,0,0,0,0,0,0,0,0
114,2017-04-21,09:01:47,0,WH705,XZCE,3135,3133,3146,308,19350200,11046,10942,3254,2944,3099,3153,0,3146,0,0,0,2017-04-21,32507000,3135,1,0,0,0,0,0,0,0,0,3137,1,0,0,0,0,0,0,0,0
115,2017-04-21,09:01:48,0,WH705,XZCE,3137,3133,3146,310,19475680,11046,10942,3254,2944,3099,3153,0,3146,0,0,0,2017-04-21,32508000,3135,1,0,0,0,0,0,0,0,0,3138,3,0,0,0,0,0,0,0,0
116,2017-04-21,09:01:49,0,WH705,XZCE,3137,3133,3146,310,19475680,11046,10942,3254,2944,3099,3153,0,3146,0,0,0,2017-04-21,32509000,3135,1,0,0,0,0,0,0,0,0,3138,2,0,0,0,0,0,0,0,0
117,2017-04-21,09:01:50,0,WH705,XZCE,3137,3133,3146,310,19475680,11046,10942,3254,2944,3099,3153,0,3146,0,0,0,2017-04-21,32510000,3137,1,0,0,0,0,0,0,0,0,3138,2,0,0,0,0,0,0,0,0
118,2017-04-21,09:01:52,0,WH705,XZCE,3137,3133,3146,312,19601160,11046,10942,3254,2944,3099,3153,0,3146,0,0,0,2017-04-21,32512000,3135,1,0,0,0,0,0,0,0,0,3138,2,0,0,0,0,0,0,0,0
119,2017-04-21,09:01:52,0,WH705,XZCE,3138,3133,3146,314,19726680,11044,10942,3254,2944,3099,3153,0,3146,0,0,0,2017-04-21,32512000,3135,1,0,0,0,0,0,0,0,0,3138,1,0,0,0,0,0,0,0,0
120,2017-04-21,09:01:53,0,WH705,XZCE,3138,3133,3146,314,19726680,11044,10942,3254,2944,3099,3153,0,3146,0,0,0,2017-04-21,32513000,3135,2,0,0,0,0,0,0,0,0,3138,1,0,0,0,0,0,0,0,0
121,2017-04-21,09:01:54,0,WH705,XZCE,3138,3133,3146,314,19726680,11044,10942,3254,2944,3099,3153,0,3146,0,0,0,2017-04-21,32514000,3135,3,0,0,0,0,0,0,0,0,3138,1,0,0,0,0,0,0,0,0
122,2017-04-21,09:01:55,0,WH705,XZCE,3138,3133,3146,314,19726680,11044,10942,3254,2944,3099,3153,0,3146,0,0,0,2017-04-21,32515000,3137,1,0,0,0,0,0,0,0,0,3138,1,0,0,0,0,0,0,0,0
123,2017-04-21,09:01:57,0,WH705,XZCE,3137,3133,3146,316,19852160,11044,10942,3254,2944,3099,3153,0,3146,0,0,0,2017-04-21,32517000,3135,3,0,0,0,0,0,0,0,0,3138,1,0,0,0,0,0,0,0,0
124,2017-04-21,09:01:59,0,WH705,XZCE,3137,3133,3146,316,19852160,11044,10942,3254,2944,3099,3153,0,3146,0,0,0,2017-04-21,32519000,3136,1,0,0,0,0,0,0,0,0,3137,1,0,0,0,0,0,0,0,0
125,2017-04-21,09:02:01,0,WH705,XZCE,3137,3133,3146,316,19852160,11044,10942,3254,2944,3099,3153,0,3146,0,0,0,2017-04-21,32521000,3136,1,0,0,0,0,0,0,0,0,3137,2,0,0,0,0,0,0,0,0
126,2017-04-21,09:02:01,0,WH705,XZCE,3135,3133,3146,320,20102960,11044,10942,3254,2944,3099,3153,0,3146,0,0,0,2017-04-21,32521000,3135,2,0,0,0,0,0,0,0,0,3137,2,0,0,0,0,0,0,0,0
127,2017-04-21,09:02:04,0,WH705,XZCE,3135,3133,3146,320,20102960,11044,10942,3254,2944,3099,3153,0,3146,0,0,0,2017-04-21,32524000,3135,2,0,0,0,0,0,0,0,0,3136,7,0,0,0,0,0,0,0,0
128,2017-04-21,09:02:05,0,WH705,XZCE,3135,3133,3146,320,20102960,11044,10942,3254,2944,3099,3153,0,3146,0,0,0,2017-04-21,32525000,3135,2,0,0,0,0,0,0,0,0,3136,11,0,0,0,0,0,0,0,0
129,2017-04-21,09:02:05,0,WH705,XZCE,3135,3133,3146,322,20228360,11044,10942,3254,2944,3099,3153,0,3146,0,0,0,2017-04-21,32525000,3135,1,0,0,0,0,0,0,0,0,3136,11,0,0,0,0,0,0,0,0
130,2017-04-21,09:02:06,0,WH705,XZCE,3135,3133,3146,324,20353760,11042,10942,3254,2944,3099,3153,0,3146,0,0,0,2017-04-21,32526000,3134,3,0,0,0,0,0,0,0,0,3135,1,0,0,0,0,0,0,0,0
131,2017-04-21,09:02:10,0,WH705,XZCE,3135,3133,3146,326,20479160,11042,10942,3254,2944,3099,3153,0,3146,0,0,0,2017-04-21,32530000,3134,3,0,0,0,0,0,0,0,0,3136,15,0,0,0,0,0,0,0,0
132,2017-04-21,09:02:13,0,WH705,XZCE,3135,3133,3146,326,20479160,11042,10942,3254,2944,3099,3153,0,3146,0,0,0,2017-04-21,32533000,3134,3,0,0,0,0,0,0,0,0,3135,1,0,0,0,0,0,0,0,0
133,2017-04-21,09:02:14,0,WH705,XZCE,3134,3133,3146,332,20855240,11044,10942,3254,2944,3099,3153,0,3146,0,0,0,2017-04-21,32534000,3133,1,0,0,0,0,0,0,0,0,3134,2,0,0,0,0,0,0,0,0
134,2017-04-21,09:02:16,0,WH705,XZCE,3134,3133,3146,332,20855240,11044,10942,3254,2944,3099,3153,0,3146,0,0,0,2017-04-21,32536000,3132,7,0,0,0,0,0,0,0,0,3133,1,0,0,0,0,0,0,0,0
135,2017-04-21,09:02:18,0,WH705,XZCE,3134,3133,3146,332,20855240,11044,10942,3254,2944,3099,3153,0,3146,0,0,0,2017-04-21,32538000,3132,7,0,0,0,0,0,0,0,0,3134,2,0,0,0,0,0,0,0,0
136,2017-04-21,09:02:21,0,WH705,XZCE,3134,3133,3146,332,20855240,11044,10942,3254,2944,3099,3153,0,3146,0,0,0,2017-04-21,32541000,3132,7,0,0,0,0,0,0,0,0,3134,3,0,0,0,0,0,0,0,0
137,2017-04-21,09:02:22,0,WH705,XZCE,3132,3132,3146,336,21105800,11048,10942,3254,2944,3099,3153,0,3146,0,0,0,2017-04-21,32542000,3132,5,0,0,0,0,0,0,0,0,3134,3,0,0,0,0,0,0,0,0
138,2017-04-21,09:02:23,0,WH705,XZCE,3132,3132,3146,340,21356360,11050,10942,3254,2944,3099,3153,0,3146,0,0,0,2017-04-21,32543000,3132,3,0,0,0,0,0,0,0,0,3134,3,0,0,0,0,0,0,0,0
139,2017-04-21,09:02:24,0,WH705,XZCE,3132,3132,3146,340,21356360,11050,10942,3254,2944,3099,3153,0,3146,0,0,0,2017-04-21,32544000,3132,2,0,0,0,0,0,0,0,0,3133,1,0,0,0,0,0,0,0,0
140,2017-04-21,09:02:25,0,WH705,XZCE,3132,3132,3146,342,21481640,11050,10942,3254,2944,3099,3153,0,3146,0,0,0,2017-04-21,32545000,3132,1,0,0,0,0,0,0,0,0,3133,1,0,0,0,0,0,0,0,0
141,2017-04-21,09:02:27,0,WH705,XZCE,3132,3132,3146,342,21481640,11050,10942,3254,2944,3099,3153,0,3146,0,0,0,2017-04-21,32547000,3132,1,0,0,0,0,0,0,0,0,3134,3,0,0,0,0,0,0,0,0
142,2017-04-21,09:02:29,0,WH705,XZCE,3132,3132,3146,342,21481640,11050,10942,3254,2944,3099,3153,0,3146,0,0,0,2017-04-21,32549000,3132,1,0,0,0,0,0,0,0,0,3133,1,0,0,0,0,0,0,0,0
143,2017-04-21,09:02:30,0,WH705,XZCE,3132,3132,3146,342,21481640,11050,10942,3254,2944,3099,3153,0,3146,0,0,0,2017-04-21,32550000,3132,2,0,0,0,0,0,0,0,0,3133,1,0,0,0,0,0,0,0,0
144,2017-04-21,09:02:31,0,WH705,XZCE,3133,3132,3146,344,21606960,11050,10942,3254,2944,3099,3153,0,3146,0,0,0,2017-04-21,32551000,3132,2,0,0,0,0,0,0,0,0,3134,3,0,0,0,0,0,0,0,0
145,2017-04-21,09:02:32,0,WH705,XZCE,3133,3132,3146,344,21606960,11050,10942,3254,2944,3099,3153,0,3146,0,0,0,2017-04-21,32552000,3133,1,0,0,0,0,0,0,0,0,3134,3,0,0,0,0,0,0,0,0
146,2017-04-21,09:02:35,0,WH705,XZCE,3133,3132,3146,346,21732280,11050,10942,3254,2944,3099,3153,0,3146,0,0,0,2017-04-21,32555000,3132,2,0,0,0,0,0,0,0,0,3134,3,0,0,0,0,0,0,0,0
147,2017-04-21,09:02:36,0,WH705,XZCE,3133,3132,3146,346,21732280,11050,10942,3254,2944,3099,3153,0,3146,0,0,0,2017-04-21,32556000,3132,2,0,0,0,0,0,0,0,0,3133,1,0,0,0,0,0,0,0,0
148,2017-04-21,09:02:37,0,WH705,XZCE,3133,3132,3146,348,21857600,11050,10942,3254,2944,3099,3153,0,3146,0,0,0,2017-04-21,32557000,3132,2,0,0,0,0,0,0,0,0,3134,3,0,0,0,0,0,0,0,0
149,2017-04-21,09:02:38,0,WH705,XZCE,3134,3132,3146,352,22108320,11050,10942,3254,2944,3099,3153,0,3146,0,0,0,2017-04-21,32558000,3132,2,0,0,0,0,0,0,0,0,3134,1,0,0,0,0,0,0,0,0
150,2017-04-21,09:02:40,0,WH705,XZCE,3134,3132,3146,352,22108320,11050,10942,3254,2944,3099,3153,0,3146,0,0,0,2017-04-21,32560000,3132,2,0,0,0,0,0,0,0,0,3133,1,0,0,0,0,0,0,0,0
151,2017-04-21,09:02:41,0,WH705,XZCE,3133,3132,3146,354,22233640,11048,10942,3254,2944,3099,3153,0,3146,0,0,0,2017-04-21,32561000,3132,2,0,0,0,0,0,0,0,0,3134,1,0,0,0,0,0,0,0,0
152,2017-04-21,09:02:45,0,WH705,XZCE,3132,3132,3146,356,22358920,11050,10942,3254,2944,3099,3153,0,3146,0,0,0,2017-04-21,32565000,3132,1,0,0,0,0,0,0,0,0,3134,1,0,0,0,0,0,0,0,0
153,2017-04-21,09:02:46,0,WH705,XZCE,3132,3132,3146,356,22358920,11050,10942,3254,2944,3099,3153,0,3146,0,0,0,2017-04-21,32566000,3133,7,0,0,0,0,0,0,0,0,3134,1,0,0,0,0,0,0,0,0
154,2017-04-21,09:02:47,0,WH705,XZCE,3134,3132,3146,358,22484280,11052,10942,3254,2944,3099,3153,0,3146,0,0,0,2017-04-21,32567000,3133,7,0,0,0,0,0,0,0,0,3135,2,0,0,0,0,0,0,0,0
155,2017-04-21,09:02:49,0,WH705,XZCE,3133,3132,3146,360,22609600,11052,10942,3254,2944,3099,3153,0,3146,0,0,0,2017-04-21,32569000,3133,6,0,0,0,0,0,0,0,0,3135,2,0,0,0,0,0,0,0,0
156,2017-04-21,09:02:50,0,WH705,XZCE,3135,3132,3146,364,22860400,11052,10942,3254,2944,3099,3153,0,3146,0,0,0,2017-04-21,32570000,3133,6,0,0,0,0,0,0,0,0,3136,8,0,0,0,0,0,0,0,0
157,2017-04-21,09:02:51,0,WH705,XZCE,3133,3132,3146,366,22985720,11054,10942,3254,2944,3099,3153,0,3146,0,0,0,2017-04-21,32571000,3133,5,0,0,0,0,0,0,0,0,3136,8,0,0,0,0,0,0,0,0
158,2017-04-21,09:02:52,0,WH705,XZCE,3133,3132,3146,366,22985720,11054,10942,3254,2944,3099,3153,0,3146,0,0,0,2017-04-21,32572000,3133,5,0,0,0,0,0,0,0,0,3135,1,0,0,0,0,0,0,0,0
159,2017-04-21,09:03:02,0,WH705,XZCE,3133,3132,3146,368,23111040,11056,10942,3254,2944,3099,3153,0,3146,0,0,0,2017-04-21,32582000,3133,4,0,0,0,0,0,0,0,0,3135,2,0,0,0,0,0,0,0,0
160,2017-04-21,09:03:03,0,WH705,XZCE,3135,3132,3146,370,23236440,11054,10942,3254,2944,3099,3153,0,3146,0,0,0,2017-04-21,32583000,3133,4,0,0,0,0,0,0,0,0,3135,1,0,0,0,0,0,0,0,0
161,2017-04-21,09:03:09,0,WH705,XZCE,3135,3132,3146,370,23236440,11054,10942,3254,2944,3099,3153,0,3146,0,0,0,2017-04-21,32589000,3134,1,0,0,0,0,0,0,0,0,3135,1,0,0,0,0,0,0,0,0
162,2017-04-21,09:03:11,0,WH705,XZCE,3136,3132,3146,378,23738200,11054,10942,3254,2944,3099,3153,0,3146,0,0,0,2017-04-21,32591000,3134,1,0,0,0,0,0,0,0,0,3135,1,0,0,0,0,0,0,0,0
163,2017-04-21,09:03:13,0,WH705,XZCE,3134,3132,3146,382,23988920,11052,10942,3254,2944,3099,3153,0,3146,0,0,0,2017-04-21,32593000,3133,4,0,0,0,0,0,0,0,0,3135,1,0,0,0,0,0,0,0,0
164,2017-04-21,09:03:15,0,WH705,XZCE,3134,3132,3146,382,23988920,11052,10942,3254,2944,3099,3153,0,3146,0,0,0,2017-04-21,32595000,3133,4,0,0,0,0,0,0,0,0,3135,2,0,0,0,0,0,0,0,0
165,2017-04-21,09:03:25,0,WH705,XZCE,3134,3132,3146,382,23988920,11052,10942,3254,2944,3099,3153,0,3146,0,0,0,2017-04-21,32605000,3133,4,0,0,0,0,0,0,0,0,3134,1,0,0,0,0,0,0,0,0
166,2017-04-21,09:03:30,0,WH705,XZCE,3134,3132,3146,382,23988920,11052,10942,3254,2944,3099,3153,0,3146,0,0,0,2017-04-21,32610000,3132,2,0,0,0,0,0,0,0,0,3134,1,0,0,0,0,0,0,0,0
167,2017-04-21,09:03:31,0,WH705,XZCE,3134,3132,3146,384,24114280,11050,10942,3254,2944,3099,3153,0,3146,0,0,0,2017-04-21,32611000,3132,2,0,0,0,0,0,0,0,0,3135,1,0,0,0,0,0,0,0,0
168,2017-04-21,09:03:31,0,WH705,XZCE,3135,3132,3146,390,24490480,11050,10942,3254,2944,3099,3153,0,3146,0,0,0,2017-04-21,32611000,3130,3,0,0,0,0,0,0,0,0,3136,5,0,0,0,0,0,0,0,0
169,2017-04-21,09:03:33,0,WH705,XZCE,3135,3132,3146,390,24490480,11050,10942,3254,2944,3099,3153,0,3146,0,0,0,2017-04-21,32613000,3130,3,0,0,0,0,0,0,0,0,3135,1,0,0,0,0,0,0,0,0
170,2017-04-21,09:03:33,0,WH705,XZCE,3135,3132,3146,390,24490480,11050,10942,3254,2944,3099,3153,0,3146,0,0,0,2017-04-21,32613000,3130,3,0,0,0,0,0,0,0,0,3135,2,0,0,0,0,0,0,0,0
171,2017-04-21,09:03:34,0,WH705,XZCE,3135,3132,3146,390,24490480,11050,10942,3254,2944,3099,3153,0,3146,0,0,0,2017-04-21,32614000,3130,3,0,0,0,0,0,0,0,0,3132,1,0,0,0,0,0,0,0,0
172,2017-04-21,09:03:35,0,WH705,XZCE,3135,3132,3146,392,24615880,11050,10942,3254,2944,3099,3153,0,3146,0,0,0,2017-04-21,32615000,3130,3,0,0,0,0,0,0,0,0,3133,1,0,0,0,0,0,0,0,0
173,2017-04-21,09:03:37,0,WH705,XZCE,3135,3132,3146,392,24615880,11050,10942,3254,2944,3099,3153,0,3146,0,0,0,2017-04-21,32617000,3130,4,0,0,0,0,0,0,0,0,3133,1,0,0,0,0,0,0,0,0
174,2017-04-21,09:03:42,0,WH705,XZCE,3135,3132,3146,392,24615880,11050,10942,3254,2944,3099,3153,0,3146,0,0,0,2017-04-21,32622000,3131,1,0,0,0,0,0,0,0,0,3133,1,0,0,0,0,0,0,0,0
175,2017-04-21,09:03:45,0,WH705,XZCE,3133,3132,3146,394,24741200,11050,10942,3254,2944,3099,3153,0,3146,0,0,0,2017-04-21,32625000,3131,1,0,0,0,0,0,0,0,0,3135,5,0,0,0,0,0,0,0,0
176,2017-04-21,09:03:45,0,WH705,XZCE,3133,3132,3146,394,24741200,11050,10942,3254,2944,3099,3153,0,3146,0,0,0,2017-04-21,32625000,3133,1,0,0,0,0,0,0,0,0,3135,5,0,0,0,0,0,0,0,0
177,2017-04-21,09:03:46,0,WH705,XZCE,3133,3132,3146,394,24741200,11050,10942,3254,2944,3099,3153,0,3146,0,0,0,2017-04-21,32626000,3133,1,0,0,0,0,0,0,0,0,3134,1,0,0,0,0,0,0,0,0
178,2017-04-21,09:03:53,0,WH705,XZCE,3133,3132,3146,396,24866520,11050,10942,3254,2944,3099,3153,0,3146,0,0,0,2017-04-21,32633000,3131,1,0,0,0,0,0,0,0,0,3134,1,0,0,0,0,0,0,0,0
179,2017-04-21,09:03:54,0,WH705,XZCE,3133,3132,3146,396,24866520,11050,10942,3254,2944,3099,3153,0,3146,0,0,0,2017-04-21,32634000,3131,1,0,0,0,0,0,0,0,0,3133,1,0,0,0,0,0,0,0,0
180,2017-04-21,09:04:00,0,WH705,XZCE,3133,3132,3146,396,24866520,11050,10942,3254,2944,3099,3153,0,3146,0,0,0,2017-04-21,32640000,3132,1,0,0,0,0,0,0,0,0,3133,1,0,0,0,0,0,0,0,0
181,2017-04-21,09:04:09,0,WH705,XZCE,3132,3132,3146,398,24991800,11050,10942,3254,2944,3099,3153,0,3146,0,0,0,2017-04-21,32649000,3131,1,0,0,0,0,0,0,0,0,3133,1,0,0,0,0,0,0,0,0
182,2017-04-21,09:04:23,0,WH705,XZCE,3132,3132,3146,398,24991800,11050,10942,3254,2944,3099,3153,0,3146,0,0,0,2017-04-21,32663000,3131,9,0,0,0,0,0,0,0,0,3133,1,0,0,0,0,0,0,0,0
183,2017-04-21,09:04:24,0,WH705,XZCE,3132,3132,3146,398,24991800,11050,10942,3254,2944,3099,3153,0,3146,0,0,0,2017-04-21,32664000,3131,9,0,0,0,0,0,0,0,0,3133,2,0,0,0,0,0,0,0,0
184,2017-04-21,09:04:25,0,WH705,XZCE,3131,3131,3146,410,25743240,11050,10942,3254,2944,3099,3153,0,3146,0,0,0,2017-04-21,32665000,3131,3,0,0,0,0,0,0,0,0,3133,2,0,0,0,0,0,0,0,0
185,2017-04-21,09:04:27,0,WH705,XZCE,3131,3131,3146,410,25743240,11050,10942,3254,2944,3099,3153,0,3146,0,0,0,2017-04-21,32667000,3132,1,0,0,0,0,0,0,0,0,3133,2,0,0,0,0,0,0,0,0
186,2017-04-21,09:04:29,0,WH705,XZCE,3131,3131,3146,412,25868480,11050,10942,3254,2944,3099,3153,0,3146,0,0,0,2017-04-21,32669000,3131,3,0,0,0,0,0,0,0,0,3133,2,0,0,0,0,0,0,0,0
187,2017-04-21,09:04:34,0,WH705,XZCE,3133,3131,3146,414,25993800,11050,10942,3254,2944,3099,3153,0,3146,0,0,0,2017-04-21,32674000,3131,3,0,0,0,0,0,0,0,0,3133,1,0,0,0,0,0,0,0,0
188,2017-04-21,09:04:34,0,WH705,XZCE,3131,3131,3146,416,26119040,11050,10942,3254,2944,3099,3153,0,3146,0,0,0,2017-04-21,32674000,3131,2,0,0,0,0,0,0,0,0,3133,1,0,0,0,0,0,0,0,0
189,2017-04-21,09:04:35,0,WH705,XZCE,3133,3131,3146,418,26244360,11050,10942,3254,2944,3099,3153,0,3146,0,0,0,2017-04-21,32675000,3131,2,0,0,0,0,0,0,0,0,3135,2,0,0,0,0,0,0,0,0
190,2017-04-21,09:04:37,0,WH705,XZCE,3133,3131,3146,418,26244360,11050,10942,3254,2944,3099,3153,0,3146,0,0,0,2017-04-21,32677000,3131,2,0,0,0,0,0,0,0,0,3133,2,0,0,0,0,0,0,0,0
191,2017-04-21,09:04:39,0,WH705,XZCE,3131,3131,3146,422,26494840,11046,10942,3254,2944,3099,3153,0,3146,0,0,0,2017-04-21,32679000,3130,5,0,0,0,0,0,0,0,0,3131,1,0,0,0,0,0,0,0,0
192,2017-04-21,09:04:46,0,WH705,XZCE,3131,3131,3146,424,26620080,11044,10942,3254,2944,3099,3153,0,3146,0,0,0,2017-04-21,32686000,3130,5,0,0,0,0,0,0,0,0,3133,2,0,0,0,0,0,0,0,0
193,2017-04-21,09:04:47,0,WH705,XZCE,3131,3131,3146,424,26620080,11044,10942,3254,2944,3099,3153,0,3146,0,0,0,2017-04-21,32687000,3130,5,0,0,0,0,0,0,0,0,3132,1,0,0,0,0,0,0,0,0
194,2017-04-21,09:04:53,0,WH705,XZCE,3131,3131,3146,424,26620080,11044,10942,3254,2944,3099,3153,0,3146,0,0,0,2017-04-21,32693000,3130,5,0,0,0,0,0,0,0,0,3132,2,0,0,0,0,0,0,0,0
195,2017-04-21,09:04:53,0,WH705,XZCE,3130,3130,3146,426,26745280,11044,10942,3254,2944,3099,3153,0,3146,0,0,0,2017-04-21,32693000,3130,4,0,0,0,0,0,0,0,0,3132,2,0,0,0,0,0,0,0,0
196,2017-04-21,09:04:54,0,WH705,XZCE,3130,3130,3146,426,26745280,11044,10942,3254,2944,3099,3153,0,3146,0,0,0,2017-04-21,32694000,3130,4,0,0,0,0,0,0,0,0,3131,1,0,0,0,0,0,0,0,0
197,2017-04-21,09:04:55,0,WH705,XZCE,3130,3130,3146,428,26870480,11046,10942,3254,2944,3099,3153,0,3146,0,0,0,2017-04-21,32695000,3130,3,0,0,0,0,0,0,0,0,3131,1,0,0,0,0,0,0,0,0
198,2017-04-21,09:04:56,0,WH705,XZCE,3130,3130,3146,430,26995680,11046,10942,3254,2944,3099,3153,0,3146,0,0,0,2017-04-21,32696000,3130,2,0,0,0,0,0,0,0,0,3131,1,0,0,0,0,0,0,0,0
199,2017-04-21,09:04:56,0,WH705,XZCE,3130,3130,3146,434,27246080,11046,10942,3254,2944,3099,3153,0,3146,0,0,0,2017-04-21,32696000,3128,1,0,0,0,0,0,0,0,0,3130,1,0,0,0,0,0,0,0,0
200,2017-04-21,09:04:57,0,WH705,XZCE,3130,3130,3146,434,27246080,11046,10942,3254,2944,3099,3153,0,3146,0,0,0,2017-04-21,32697000,3128,1,0,0,0,0,0,0,0,0,3130,42,0,0,0,0,0,0,0,0
201,2017-04-21,09:04:58,0,WH705,XZCE,3130,3130,3146,434,27246080,11046,10942,3254,2944,3099,3153,0,3146,0,0,0,2017-04-21,32698000,3128,1,0,0,0,0,0,0,0,0,3130,1,0,0,0,0,0,0,0,0
202,2017-04-21,09:05:00,0,WH705,XZCE,3130,3130,3146,434,27246080,11046,10942,3254,2944,3099,3153,0,3146,0,0,0,2017-04-21,32700000,3128,1,0,0,0,0,0,0,0,0,3129,1,0,0,0,0,0,0,0,0
203,2017-04-21,09:05:00,0,WH705,XZCE,3130,3130,3146,434,27246080,11046,10942,3254,2944,3099,3153,0,3146,0,0,0,2017-04-21,32700000,3128,1,0,0,0,0,0,0,0,0,3130,1,0,0,0,0,0,0,0,0
204,2017-04-21,09:05:04,0,WH705,XZCE,3130,3130,3146,434,27246080,11046,10942,3254,2944,3099,3153,0,3146,0,0,0,2017-04-21,32704000,3128,1,0,0,0,0,0,0,0,0,3130,2,0,0,0,0,0,0,0,0
205,2017-04-21,09:05:05,0,WH705,XZCE,3130,3130,3146,434,27246080,11046,10942,3254,2944,3099,3153,0,3146,0,0,0,2017-04-21,32705000,3128,2,0,0,0,0,0,0,0,0,3130,2,0,0,0,0,0,0,0,0
206,2017-04-21,09:05:05,0,WH705,XZCE,3130,3130,3146,436,27371280,11048,10942,3254,2944,3099,3153,0,3146,0,0,0,2017-04-21,32705000,3128,2,0,0,0,0,0,0,0,0,3130,1,0,0,0,0,0,0,0,0
207,2017-04-21,09:05:05,0,WH705,XZCE,3130,3130,3146,436,27371280,11048,10942,3254,2944,3099,3153,0,3146,0,0,0,2017-04-21,32705000,3128,5,0,0,0,0,0,0,0,0,3130,1,0,0,0,0,0,0,0,0
208,2017-04-21,09:05:06,0,WH705,XZCE,3130,3130,3146,436,27371280,11048,10942,3254,2944,3099,3153,0,3146,0,0,0,2017-04-21,32706000,3128,7,0,0,0,0,0,0,0,0,3130,1,0,0,0,0,0,0,0,0
209,2017-04-21,09:05:06,0,WH705,XZCE,3130,3130,3146,438,27496480,11050,10942,3254,2944,3099,3153,0,3146,0,0,0,2017-04-21,32706000,3130,3,0,0,0,0,0,0,0,0,3131,1,0,0,0,0,0,0,0,0
210,2017-04-21,09:05:07,0,WH705,XZCE,3128,3128,3146,446,27996960,11054,10942,3254,2944,3099,3153,0,3146,0,0,0,2017-04-21,32707000,3127,1,0,0,0,0,0,0,0,0,3128,2,0,0,0,0,0,0,0,0
211,2017-04-21,09:05:07,0,WH705,XZCE,3128,3128,3146,446,27996960,11054,10942,3254,2944,3099,3153,0,3146,0,0,0,2017-04-21,32707000,3127,3,0,0,0,0,0,0,0,0,3128,2,0,0,0,0,0,0,0,0
212,2017-04-21,09:05:08,0,WH705,XZCE,3128,3128,3146,448,28122080,11052,10942,3254,2944,3099,3153,0,3146,0,0,0,2017-04-21,32708000,3128,1,0,0,0,0,0,0,0,0,3130,3,0,0,0,0,0,0,0,0
213,2017-04-21,09:05:08,0,WH705,XZCE,3128,3128,3146,448,28122080,11052,10942,3254,2944,3099,3153,0,3146,0,0,0,2017-04-21,32708000,3128,2,0,0,0,0,0,0,0,0,3130,3,0,0,0,0,0,0,0,0
214,2017-04-21,09:05:09,0,WH705,XZCE,3128,3128,3146,448,28122080,11052,10942,3254,2944,3099,3153,0,3146,0,0,0,2017-04-21,32709000,3128,4,0,0,0,0,0,0,0,0,3130,3,0,0,0,0,0,0,0,0
215,2017-04-21,09:05:09,0,WH705,XZCE,3128,3128,3146,448,28122080,11052,10942,3254,2944,3099,3153,0,3146,0,0,0,2017-04-21,32709000,3128,6,0,0,0,0,0,0,0,0,3130,3,0,0,0,0,0,0,0,0
216,2017-04-21,09:05:10,0,WH705,XZCE,3128,3128,3146,448,28122080,11052,10942,3254,2944,3099,3153,0,3146,0,0,0,2017-04-21,32710000,3128,8,0,0,0,0,0,0,0,0,3130,3,0,0,0,0,0,0,0,0
217,2017-04-21,09:05:10,0,WH705,XZCE,3130,3128,3146,450,28247280,11052,10942,3254,2944,3099,3153,0,3146,0,0,0,2017-04-21,32710000,3128,8,0,0,0,0,0,0,0,0,3130,2,0,0,0,0,0,0,0,0
218,2017-04-21,09:05:11,0,WH705,XZCE,3130,3128,3146,450,28247280,11052,10942,3254,2944,3099,3153,0,3146,0,0,0,2017-04-21,32711000,3128,11,0,0,0,0,0,0,0,0,3130,2,0,0,0,0,0,0,0,0
219,2017-04-21,09:05:11,0,WH705,XZCE,3130,3128,3146,450,28247280,11052,10942,3254,2944,3099,3153,0,3146,0,0,0,2017-04-21,32711000,3128,12,0,0,0,0,0,0,0,0,3130,2,0,0,0,0,0,0,0,0
220,2017-04-21,09:05:12,0,WH705,XZCE,3130,3128,3146,454,28497680,11054,10942,3254,2944,3099,3153,0,3146,0,0,0,2017-04-21,32712000,3129,1,0,0,0,0,0,0,0,0,3130,1,0,0,0,0,0,0,0,0
221,2017-04-21,09:05:13,0,WH705,XZCE,3130,3128,3146,456,28622880,11054,10942,3254,2944,3099,3153,0,3146,0,0,0,2017-04-21,32713000,3130,1,0,0,0,0,0,0,0,0,3132,2,0,0,0,0,0,0,0,0
222,2017-04-21,09:05:14,0,WH705,XZCE,3130,3128,3146,458,28748080,11052,10942,3254,2944,3099,3153,0,3146,0,0,0,2017-04-21,32714000,3130,2,0,0,0,0,0,0,0,0,3132,2,0,0,0,0,0,0,0,0
223,2017-04-21,09:05:14,0,WH705,XZCE,3130,3128,3146,458,28748080,11052,10942,3254,2944,3099,3153,0,3146,0,0,0,2017-04-21,32714000,3130,4,0,0,0,0,0,0,0,0,3132,2,0,0,0,0,0,0,0,0
224,2017-04-21,09:05:15,0,WH705,XZCE,3130,3128,3146,460,28873280,11054,10942,3254,2944,3099,3153,0,3146,0,0,0,2017-04-21,32715000,3130,7,0,0,0,0,0,0,0,0,3131,1,0,0,0,0,0,0,0,0
225,2017-04-21,09:05:15,0,WH705,XZCE,3130,3128,3146,460,28873280,11054,10942,3254,2944,3099,3153,0,3146,0,0,0,2017-04-21,32715000,3130,9,0,0,0,0,0,0,0,0,3131,1,0,0,0,0,0,0,0,0
226,2017-04-21,09:05:16,0,WH705,XZCE,3131,3128,3146,464,29123760,11052,10942,3254,2944,3099,3153,0,3146,0,0,0,2017-04-21,32716000,3130,11,0,0,0,0,0,0,0,0,3132,2,0,0,0,0,0,0,0,0
227,2017-04-21,09:05:17,0,WH705,XZCE,3131,3128,3146,464,29123760,11052,10942,3254,2944,3099,3153,0,3146,0,0,0,2017-04-21,32717000,3130,22,0,0,0,0,0,0,0,0,3132,2,0,0,0,0,0,0,0,0
228,2017-04-21,09:05:17,0,WH705,XZCE,3132,3128,3146,466,29249040,11052,10942,3254,2944,3099,3153,0,3146,0,0,0,2017-04-21,32717000,3130,22,0,0,0,0,0,0,0,0,3132,1,0,0,0,0,0,0,0,0
229,2017-04-21,09:05:18,0,WH705,XZCE,3132,3128,3146,466,29249040,11052,10942,3254,2944,3099,3153,0,3146,0,0,0,2017-04-21,32718000,3131,1,0,0,0,0,0,0,0,0,3132,1,0,0,0,0,0,0,0,0
230,2017-04-21,09:05:21,0,WH705,XZCE,3132,3128,3146,466,29249040,11052,10942,3254,2944,3099,3153,0,3146,0,0,0,2017-04-21,32721000,3128,1,0,0,0,0,0,0,0,0,3132,1,0,0,0,0,0,0,0,0
231,2017-04-21,09:05:22,0,WH705,XZCE,3132,3128,3146,466,29249040,11052,10942,3254,2944,3099,3153,0,3146,0,0,0,2017-04-21,32722000,3128,4,0,0,0,0,0,0,0,0,3132,1,0,0,0,0,0,0,0,0
232,2017-04-21,09:05:22,0,WH705,XZCE,3132,3128,3146,466,29249040,11052,10942,3254,2944,3099,3153,0,3146,0,0,0,2017-04-21,32722000,3128,7,0,0,0,0,0,0,0,0,3132,1,0,0,0,0,0,0,0,0
233,2017-04-21,09:05:23,0,WH705,XZCE,3132,3128,3146,466,29249040,11052,10942,3254,2944,3099,3153,0,3146,0,0,0,2017-04-21,32723000,3128,10,0,0,0,0,0,0,0,0,3132,1,0,0,0,0,0,0,0,0
234,2017-04-21,09:05:23,0,WH705,XZCE,3132,3128,3146,466,29249040,11052,10942,3254,2944,3099,3153,0,3146,0,0,0,2017-04-21,32723000,3128,12,0,0,0,0,0,0,0,0,3132,1,0,0,0,0,0,0,0,0
235,2017-04-21,09:05:24,0,WH705,XZCE,3132,3128,3146,466,29249040,11052,10942,3254,2944,3099,3153,0,3146,0,0,0,2017-04-21,32724000,3129,1,0,0,0,0,0,0,0,0,3132,1,0,0,0,0,0,0,0,0
236,2017-04-21,09:05:24,0,WH705,XZCE,3132,3128,3146,466,29249040,11052,10942,3254,2944,3099,3153,0,3146,0,0,0,2017-04-21,32724000,3129,2,0,0,0,0,0,0,0,0,3132,2,0,0,0,0,0,0,0,0
237,2017-04-21,09:05:25,0,WH705,XZCE,3132,3128,3146,466,29249040,11052,10942,3254,2944,3099,3153,0,3146,0,0,0,2017-04-21,32725000,3129,5,0,0,0,0,0,0,0,0,3132,2,0,0,0,0,0,0,0,0
238,2017-04-21,09:05:25,0,WH705,XZCE,3132,3128,3146,466,29249040,11052,10942,3254,2944,3099,3153,0,3146,0,0,0,2017-04-21,32725000,3129,8,0,0,0,0,0,0,0,0,3132,2,0,0,0,0,0,0,0,0
239,2017-04-21,09:05:26,0,WH705,XZCE,3132,3128,3146,466,29249040,11052,10942,3254,2944,3099,3153,0,3146,0,0,0,2017-04-21,32726000,3129,11,0,0,0,0,0,0,0,0,3132,2,0,0,0,0,0,0,0,0
240,2017-04-21,09:05:26,0,WH705,XZCE,3132,3128,3146,466,29249040,11052,10942,3254,2944,3099,3153,0,3146,0,0,0,2017-04-21,32726000,3129,13,0,0,0,0,0,0,0,0,3132,2,0,0,0,0,0,0,0,0
241,2017-04-21,09:05:27,0,WH705,XZCE,3132,3128,3146,466,29249040,11052,10942,3254,2944,3099,3153,0,3146,0,0,0,2017-04-21,32727000,3130,2,0,0,0,0,0,0,0,0,3132,2,0,0,0,0,0,0,0,0
242,2017-04-21,09:05:31,0,WH705,XZCE,3132,3128,3146,466,29249040,11052,10942,3254,2944,3099,3153,0,3146,0,0,0,2017-04-21,32731000,3130,1,0,0,0,0,0,0,0,0,3132,2,0,0,0,0,0,0,0,0
243,2017-04-21,09:05:32,0,WH705,XZCE,3132,3128,3146,466,29249040,11052,10942,3254,2944,3099,3153,0,3146,0,0,0,2017-04-21,32732000,3130,4,0,0,0,0,0,0,0,0,3132,2,0,0,0,0,0,0,0,0
244,2017-04-21,09:05:32,0,WH705,XZCE,3132,3128,3146,466,29249040,11052,10942,3254,2944,3099,3153,0,3146,0,0,0,2017-04-21,32732000,3130,7,0,0,0,0,0,0,0,0,3132,2,0,0,0,0,0,0,0,0
245,2017-04-21,09:05:33,0,WH705,XZCE,3132,3128,3146,466,29249040,11052,10942,3254,2944,3099,3153,0,3146,0,0,0,2017-04-21,32733000,3131,1,0,0,0,0,0,0,0,0,3132,2,0,0,0,0,0,0,0,0
246,2017-04-21,09:05:34,0,WH705,XZCE,3132,3128,3146,466,29249040,11052,10942,3254,2944,3099,3153,0,3146,0,0,0,2017-04-21,32734000,3130,1,0,0,0,0,0,0,0,0,3132,2,0,0,0,0,0,0,0,0
247,2017-04-21,09:05:35,0,WH705,XZCE,3132,3128,3146,466,29249040,11052,10942,3254,2944,3099,3153,0,3146,0,0,0,2017-04-21,32735000,3130,4,0,0,0,0,0,0,0,0,3132,2,0,0,0,0,0,0,0,0
248,2017-04-21,09:05:35,0,WH705,XZCE,3132,3128,3146,466,29249040,11052,10942,3254,2944,3099,3153,0,3146,0,0,0,2017-04-21,32735000,3130,7,0,0,0,0,0,0,0,0,3132,2,0,0,0,0,0,0,0,0
249,2017-04-21,09:05:36,0,WH705,XZCE,3132,3128,3146,466,29249040,11052,10942,3254,2944,3099,3153,0,3146,0,0,0,2017-04-21,32736000,3130,10,0,0,0,0,0,0,0,0,3132,2,0,0,0,0,0,0,0,0
250,2017-04-21,09:05:36,0,WH705,XZCE,3132,3128,3146,466,29249040,11052,10942,3254,2944,3099,3153,0,3146,0,0,0,2017-04-21,32736000,3130,12,0,0,0,0,0,0,0,0,3132,2,0,0,0,0,0,0,0,0
251,2017-04-21,09:05:38,0,WH705,XZCE,3130,3128,3146,468,29374240,11054,10942,3254,2944,3099,3153,0,3146,0,0,0,2017-04-21,32738000,3130,11,0,0,0,0,0,0,0,0,3132,2,0,0,0,0,0,0,0,0
252,2017-04-21,09:05:39,0,WH705,XZCE,3130,3128,3146,470,29499440,11056,10942,3254,2944,3099,3153,0,3146,0,0,0,2017-04-21,32739000,3130,10,0,0,0,0,0,0,0,0,3132,2,0,0,0,0,0,0,0,0
253,2017-04-21,09:05:41,0,WH705,XZCE,3130,3128,3146,470,29499440,11056,10942,3254,2944,3099,3153,0,3146,0,0,0,2017-04-21,32741000,3131,1,0,0,0,0,0,0,0,0,3132,13,0,0,0,0,0,0,0,0
254,2017-04-21,09:05:45,0,WH705,XZCE,3130,3128,3146,470,29499440,11056,10942,3254,2944,3099,3153,0,3146,0,0,0,2017-04-21,32745000,3131,2,0,0,0,0,0,0,0,0,3132,2,0,0,0,0,0,0,0,0
255,2017-04-21,09:05:45,0,WH705,XZCE,3132,3128,3146,476,29875280,11056,10942,3254,2944,3099,3153,0,3146,0,0,0,2017-04-21,32745000,3131,4,0,0,0,0,0,0,0,0,3133,7,0,0,0,0,0,0,0,0
256,2017-04-21,09:05:45,0,WH705,XZCE,3132,3128,3146,476,29875280,11056,10942,3254,2944,3099,3153,0,3146,0,0,0,2017-04-21,32745000,3131,7,0,0,0,0,0,0,0,0,3133,7,0,0,0,0,0,0,0,0
257,2017-04-21,09:05:46,0,WH705,XZCE,3132,3128,3146,476,29875280,11056,10942,3254,2944,3099,3153,0,3146,0,0,0,2017-04-21,32746000,3131,10,0,0,0,0,0,0,0,0,3133,7,0,0,0,0,0,0,0,0
258,2017-04-21,09:05:46,0,WH705,XZCE,3132,3128,3146,476,29875280,11056,10942,3254,2944,3099,3153,0,3146,0,0,0,2017-04-21,32746000,3132,2,0,0,0,0,0,0,0,0,3133,7,0,0,0,0,0,0,0,0
259,2017-04-21,09:05:51,0,WH705,XZCE,3133,3128,3146,478,30000600,11056,10942,3254,2944,3099,3153,0,3146,0,0,0,2017-04-21,32751000,3132,1,0,0,0,0,0,0,0,0,3133,6,0,0,0,0,0,0,0,0
260,2017-04-21,09:05:51,0,WH705,XZCE,3133,3128,3146,480,30125920,11056,10942,3254,2944,3099,3153,0,3146,0,0,0,2017-04-21,32751000,3132,3,0,0,0,0,0,0,0,0,3133,5,0,0,0,0,0,0,0,0
261,2017-04-21,09:05:51,0,WH705,XZCE,3133,3128,3146,480,30125920,11056,10942,3254,2944,3099,3153,0,3146,0,0,0,2017-04-21,32751000,3132,6,0,0,0,0,0,0,0,0,3133,5,0,0,0,0,0,0,0,0
262,2017-04-21,09:05:52,0,WH705,XZCE,3133,3128,3146,480,30125920,11056,10942,3254,2944,3099,3153,0,3146,0,0,0,2017-04-21,32752000,3132,9,0,0,0,0,0,0,0,0,3133,5,0,0,0,0,0,0,0,0
263,2017-04-21,09:05:52,0,WH705,XZCE,3132,3128,3146,482,30251200,11058,10942,3254,2944,3099,3153,0,3146,0,0,0,2017-04-21,32752000,3132,9,0,0,0,0,0,0,0,0,3133,5,0,0,0,0,0,0,0,0
264,2017-04-21,09:05:53,0,WH705,XZCE,3132,3128,3146,482,30251200,11058,10942,3254,2944,3099,3153,0,3146,0,0,0,2017-04-21,32753000,3132,20,0,0,0,0,0,0,0,0,3133,5,0,0,0,0,0,0,0,0
265,2017-04-21,09:05:53,0,WH705,XZCE,3133,3128,3146,486,30501840,11062,10942,3254,2944,3099,3153,0,3146,0,0,0,2017-04-21,32753000,3132,20,0,0,0,0,0,0,0,0,3133,3,0,0,0,0,0,0,0,0
266,2017-04-21,09:05:54,0,WH705,XZCE,3133,3128,3146,488,30627160,11064,10942,3254,2944,3099,3153,0,3146,0,0,0,2017-04-21,32754000,3132,20,0,0,0,0,0,0,0,0,3133,2,0,0,0,0,0,0,0,0
267,2017-04-21,09:05:55,0,WH705,XZCE,3133,3128,3146,490,30752480,11066,10942,3254,2944,3099,3153,0,3146,0,0,0,2017-04-21,32755000,3132,20,0,0,0,0,0,0,0,0,3133,1,0,0,0,0,0,0,0,0
268,2017-04-21,09:05:56,0,WH705,XZCE,3133,3128,3146,492,30877800,11066,10942,3254,2944,3099,3153,0,3146,0,0,0,2017-04-21,32756000,3132,20,0,0,0,0,0,0,0,0,3135,3,0,0,0,0,0,0,0,0
269,2017-04-21,09:05:56,0,WH705,XZCE,3133,3128,3146,492,30877800,11066,10942,3254,2944,3099,3153,0,3146,0,0,0,2017-04-21,32756000,3132,9,0,0,0,0,0,0,0,0,3135,3,0,0,0,0,0,0,0,0
270,2017-04-21,09:05:58,0,WH705,XZCE,3133,3128,3146,492,30877800,11066,10942,3254,2944,3099,3153,0,3146,0,0,0,2017-04-21,32758000,3133,1,0,0,0,0,0,0,0,0,3135,3,0,0,0,0,0,0,0,0
271,2017-04-21,09:06:00,0,WH705,XZCE,3133,3128,3146,494,31003120,11066,10942,3254,2944,3099,3153,0,3146,0,0,0,2017-04-21,32760000,3129,2,0,0,0,0,0,0,0,0,3134,1,0,0,0,0,0,0,0,0
272,2017-04-21,09:06:01,0,WH705,XZCE,3133,3128,3146,494,31003120,11066,10942,3254,2944,3099,3153,0,3146,0,0,0,2017-04-21,32761000,3129,5,0,0,0,0,0,0,0,0,3134,1,0,0,0,0,0,0,0,0
273,2017-04-21,09:06:01,0,WH705,XZCE,3133,3128,3146,494,31003120,11066,10942,3254,2944,3099,3153,0,3146,0,0,0,2017-04-21,32761000,3129,8,0,0,0,0,0,0,0,0,3134,1,0,0,0,0,0,0,0,0
274,2017-04-21,09:06:01,0,WH705,XZCE,3133,3128,3146,494,31003120,11066,10942,3254,2944,3099,3153,0,3146,0,0,0,2017-04-21,32761000,3129,11,0,0,0,0,0,0,0,0,3134,1,0,0,0,0,0,0,0,0
275,2017-04-21,09:06:02,0,WH705,XZCE,3133,3128,3146,494,31003120,11066,10942,3254,2944,3099,3153,0,3146,0,0,0,2017-04-21,32762000,3130,1,0,0,0,0,0,0,0,0,3134,1,0,0,0,0,0,0,0,0
276,2017-04-21,09:06:02,0,WH705,XZCE,3133,3128,3146,494,31003120,11066,10942,3254,2944,3099,3153,0,3146,0,0,0,2017-04-21,32762000,3130,1,0,0,0,0,0,0,0,0,3133,1,0,0,0,0,0,0,0,0
277,2017-04-21,09:06:03,0,WH705,XZCE,3133,3128,3146,494,31003120,11066,10942,3254,2944,3099,3153,0,3146,0,0,0,2017-04-21,32763000,3131,1,0,0,0,0,0,0,0,0,3133,1,0,0,0,0,0,0,0,0
278,2017-04-21,09:06:07,0,WH705,XZCE,3133,3128,3146,494,31003120,11066,10942,3254,2944,3099,3153,0,3146,0,0,0,2017-04-21,32767000,3131,1,0,0,0,0,0,0,0,0,3133,2,0,0,0,0,0,0,0,0
279,2017-04-21,09:06:08,0,WH705,XZCE,3133,3128,3146,494,31003120,11066,10942,3254,2944,3099,3153,0,3146,0,0,0,2017-04-21,32768000,3131,4,0,0,0,0,0,0,0,0,3133,2,0,0,0,0,0,0,0,0
280,2017-04-21,09:06:08,0,WH705,XZCE,3133,3128,3146,494,31003120,11066,10942,3254,2944,3099,3153,0,3146,0,0,0,2017-04-21,32768000,3131,7,0,0,0,0,0,0,0,0,3133,2,0,0,0,0,0,0,0,0
281,2017-04-21,09:06:09,0,WH705,XZCE,3133,3128,3146,494,31003120,11066,10942,3254,2944,3099,3153,0,3146,0,0,0,2017-04-21,32769000,3131,10,0,0,0,0,0,0,0,0,3133,2,0,0,0,0,0,0,0,0
282,2017-04-21,09:06:09,0,WH705,XZCE,3133,3128,3146,494,31003120,11066,10942,3254,2944,3099,3153,0,3146,0,0,0,2017-04-21,32769000,3131,11,0,0,0,0,0,0,0,0,3133,2,0,0,0,0,0,0,0,0
283,2017-04-21,09:06:10,0,WH705,XZCE,3133,3128,3146,494,31003120,11066,10942,3254,2944,3099,3153,0,3146,0,0,0,2017-04-21,32770000,3131,12,0,0,0,0,0,0,0,0,3133,2,0,0,0,0,0,0,0,0
284,2017-04-21,09:06:11,0,WH705,XZCE,3133,3128,3146,496,31128440,11064,10942,3254,2944,3099,3153,0,3146,0,0,0,2017-04-21,32771000,3131,12,0,0,0,0,0,0,0,0,3133,1,0,0,0,0,0,0,0,0
285,2017-04-21,09:06:11,0,WH705,XZCE,3133,3128,3146,496,31128440,11064,10942,3254,2944,3099,3153,0,3146,0,0,0,2017-04-21,32771000,3131,13,0,0,0,0,0,0,0,0,3133,1,0,0,0,0,0,0,0,0
286,2017-04-21,09:06:14,0,WH705,XZCE,3133,3128,3146,496,31128440,11064,10942,3254,2944,3099,3153,0,3146,0,0,0,2017-04-21,32774000,3132,1,0,0,0,0,0,0,0,0,3133,1,0,0,0,0,0,0,0,0
287,2017-04-21,09:06:15,0,WH705,XZCE,3133,3128,3146,498,31253760,11064,10942,3254,2944,3099,3153,0,3146,0,0,0,2017-04-21,32775000,3133,1,0,0,0,0,0,0,0,0,3134,3,0,0,0,0,0,0,0,0
288,2017-04-21,09:06:16,0,WH705,XZCE,3133,3128,3146,498,31253760,11064,10942,3254,2944,3099,3153,0,3146,0,0,0,2017-04-21,32776000,3133,4,0,0,0,0,0,0,0,0,3134,4,0,0,0,0,0,0,0,0
289,2017-04-21,09:06:16,0,WH705,XZCE,3133,3128,3146,498,31253760,11064,10942,3254,2944,3099,3153,0,3146,0,0,0,2017-04-21,32776000,3133,7,0,0,0,0,0,0,0,0,3134,5,0,0,0,0,0,0,0,0
290,2017-04-21,09:06:17,0,WH705,XZCE,3133,3128,3146,498,31253760,11064,10942,3254,2944,3099,3153,0,3146,0,0,0,2017-04-21,32777000,3133,10,0,0,0,0,0,0,0,0,3134,5,0,0,0,0,0,0,0,0
291,2017-04-21,09:06:17,0,WH705,XZCE,3133,3128,3146,498,31253760,11064,10942,3254,2944,3099,3153,0,3146,0,0,0,2017-04-21,32777000,3133,12,0,0,0,0,0,0,0,0,3134,5,0,0,0,0,0,0,0,0
292,2017-04-21,09:06:18,0,WH705,XZCE,3133,3128,3146,498,31253760,11064,10942,3254,2944,3099,3153,0,3146,0,0,0,2017-04-21,32778000,3133,13,0,0,0,0,0,0,0,0,3134,5,0,0,0,0,0,0,0,0
293,2017-04-21,09:06:20,0,WH705,XZCE,3133,3128,3146,502,31504400,11066,10942,3254,2944,3099,3153,0,3146,0,0,0,2017-04-21,32780000,3133,11,0,0,0,0,0,0,0,0,3134,5,0,0,0,0,0,0,0,0
294,2017-04-21,09:06:28,0,WH705,XZCE,3133,3128,3146,504,31629720,11068,10942,3254,2944,3099,3153,0,3146,0,0,0,2017-04-21,32788000,3133,10,0,0,0,0,0,0,0,0,3134,5,0,0,0,0,0,0,0,0
295,2017-04-21,09:06:34,0,WH705,XZCE,3134,3128,3146,506,31755080,11068,10942,3254,2944,3099,3153,0,3146,0,0,0,2017-04-21,32794000,3133,10,0,0,0,0,0,0,0,0,3134,4,0,0,0,0,0,0,0,0
296,2017-04-21,09:06:35,0,WH705,XZCE,3133,3128,3146,508,31880400,11070,10942,3254,2944,3099,3153,0,3146,0,0,0,2017-04-21,32795000,3133,9,0,0,0,0,0,0,0,0,3134,4,0,0,0,0,0,0,0,0
297,2017-04-21,09:06:40,0,WH705,XZCE,3133,3128,3146,510,32005720,11072,10942,3254,2944,3099,3153,0,3146,0,0,0,2017-04-21,32800000,3133,8,0,0,0,0,0,0,0,0,3134,4,0,0,0,0,0,0,0,0
298,2017-04-21,09:06:46,0,WH705,XZCE,3133,3128,3146,512,32131040,11074,10942,3254,2944,3099,3153,0,3146,0,0,0,2017-04-21,32806000,3133,7,0,0,0,0,0,0,0,0,3134,4,0,0,0,0,0,0,0,0
299,2017-04-21,09:06:47,0,WH705,XZCE,3134,3128,3146,514,32256400,11072,10942,3254,2944,3099,3153,0,3146,0,0,0,2017-04-21,32807000,3133,7,0,0,0,0,0,0,0,0,3134,3,0,0,0,0,0,0,0,0
300,2017-04-21,09:06:48,0,WH705,XZCE,3133,3128,3146,522,32757680,11080,10942,3254,2944,3099,3153,0,3146,0,0,0,2017-04-21,32808000,3133,3,0,0,0,0,0,0,0,0,3134,3,0,0,0,0,0,0,0,0
301,2017-04-21,09:06:48,0,WH705,XZCE,3133,3128,3146,524,32883000,11080,10942,3254,2944,3099,3153,0,3146,0,0,0,2017-04-21,32808000,3133,2,0,0,0,0,0,0,0,0,3134,3,0,0,0,0,0,0,0,0
302,2017-04-21,09:06:50,0,WH705,XZCE,3133,3128,3146,526,33008320,11082,10942,3254,2944,3099,3153,0,3146,0,0,0,2017-04-21,32810000,3133,1,0,0,0,0,0,0,0,0,3134,3,0,0,0,0,0,0,0,0
303,2017-04-21,09:06:58,0,WH705,XZCE,3133,3128,3146,528,33133640,11084,10942,3254,2944,3099,3153,0,3146,0,0,0,2017-04-21,32818000,3131,1,0,0,0,0,0,0,0,0,3134,3,0,0,0,0,0,0,0,0
304,2017-04-21,09:07:11,0,WH705,XZCE,3133,3128,3146,528,33133640,11084,10942,3254,2944,3099,3153,0,3146,0,0,0,2017-04-21,32831000,3131,1,0,0,0,0,0,0,0,0,3134,5,0,0,0,0,0,0,0,0
305,2017-04-21,09:07:11,0,WH705,XZCE,3133,3128,3146,528,33133640,11084,10942,3254,2944,3099,3153,0,3146,0,0,0,2017-04-21,32831000,3131,2,0,0,0,0,0,0,0,0,3134,5,0,0,0,0,0,0,0,0
306,2017-04-21,09:07:14,0,WH705,XZCE,3133,3128,3146,528,33133640,11084,10942,3254,2944,3099,3153,0,3146,0,0,0,2017-04-21,32834000,3131,2,0,0,0,0,0,0,0,0,3133,1,0,0,0,0,0,0,0,0
307,2017-04-21,09:07:15,0,WH705,XZCE,3133,3128,3146,528,33133640,11084,10942,3254,2944,3099,3153,0,3146,0,0,0,2017-04-21,32835000,3131,2,0,0,0,0,0,0,0,0,3133,3,0,0,0,0,0,0,0,0
308,2017-04-21,09:07:15,0,WH705,XZCE,3133,3128,3146,528,33133640,11084,10942,3254,2944,3099,3153,0,3146,0,0,0,2017-04-21,32835000,3131,2,0,0,0,0,0,0,0,0,3133,4,0,0,0,0,0,0,0,0
309,2017-04-21,09:07:20,0,WH705,XZCE,3133,3128,3146,528,33133640,11084,10942,3254,2944,3099,3153,0,3146,0,0,0,2017-04-21,32840000,3131,3,0,0,0,0,0,0,0,0,3133,4,0,0,0,0,0,0,0,0
310,2017-04-21,09:07:23,0,WH705,XZCE,3133,3128,3146,530,33258960,11084,10942,3254,2944,3099,3153,0,3146,0,0,0,2017-04-21,32843000,3131,3,0,0,0,0,0,0,0,0,3133,3,0,0,0,0,0,0,0,0
311,2017-04-21,09:07:29,0,WH705,XZCE,3133,3128,3146,530,33258960,11084,10942,3254,2944,3099,3153,0,3146,0,0,0,2017-04-21,32849000,3131,5,0,0,0,0,0,0,0,0,3133,3,0,0,0,0,0,0,0,0
312,2017-04-21,09:07:33,0,WH705,XZCE,3133,3128,3146,532,33384280,11082,10942,3254,2944,3099,3153,0,3146,0,0,0,2017-04-21,32853000,3131,5,0,0,0,0,0,0,0,0,3133,2,0,0,0,0,0,0,0,0
313,2017-04-21,09:07:37,0,WH705,XZCE,3133,3128,3146,532,33384280,11082,10942,3254,2944,3099,3153,0,3146,0,0,0,2017-04-21,32857000,3132,1,0,0,0,0,0,0,0,0,3133,2,0,0,0,0,0,0,0,0
314,2017-04-21,09:07:38,0,WH705,XZCE,3133,3128,3146,534,33509600,11080,10942,3254,2944,3099,3153,0,3146,0,0,0,2017-04-21,32858000,3132,1,0,0,0,0,0,0,0,0,3133,1,0,0,0,0,0,0,0,0
315,2017-04-21,09:07:38,0,WH705,XZCE,3133,3128,3146,534,33509600,11080,10942,3254,2944,3099,3153,0,3146,0,0,0,2017-04-21,32858000,3132,2,0,0,0,0,0,0,0,0,3133,1,0,0,0,0,0,0,0,0
316,2017-04-21,09:07:40,0,WH705,XZCE,3133,3128,3146,536,33634920,11078,10942,3254,2944,3099,3153,0,3146,0,0,0,2017-04-21,32860000,3132,2,0,0,0,0,0,0,0,0,3134,1,0,0,0,0,0,0,0,0
317,2017-04-21,09:07:43,0,WH705,XZCE,3133,3128,3146,536,33634920,11078,10942,3254,2944,3099,3153,0,3146,0,0,0,2017-04-21,32863000,3132,2,0,0,0,0,0,0,0,0,3133,1,0,0,0,0,0,0,0,0
318,2017-04-21,09:07:46,0,WH705,XZCE,3133,3128,3146,536,33634920,11078,10942,3254,2944,3099,3153,0,3146,0,0,0,2017-04-21,32866000,3132,2,0,0,0,0,0,0,0,0,3133,3,0,0,0,0,0,0,0,0
319,2017-04-21,09:07:53,0,WH705,XZCE,3133,3128,3146,536,33634920,11078,10942,3254,2944,3099,3153,0,3146,0,0,0,2017-04-21,32873000,3132,2,0,0,0,0,0,0,0,0,3133,4,0,0,0,0,0,0,0,0
320,2017-04-21,09:07:56,0,WH705,XZCE,3133,3128,3146,538,33760240,11078,10942,3254,2944,3099,3153,0,3146,0,0,0,2017-04-21,32876000,3132,2,0,0,0,0,0,0,0,0,3133,3,0,0,0,0,0,0,0,0
321,2017-04-21,09:08:03,0,WH705,XZCE,3133,3128,3146,544,34136200,11084,10942,3254,2944,3099,3153,0,3146,0,0,0,2017-04-21,32883000,3133,1,0,0,0,0,0,0,0,0,3134,1,0,0,0,0,0,0,0,0
322,2017-04-21,09:08:15,0,WH705,XZCE,3133,3128,3146,544,34136200,11084,10942,3254,2944,3099,3153,0,3146,0,0,0,2017-04-21,32895000,3133,1,0,0,0,0,0,0,0,0,3134,7,0,0,0,0,0,0,0,0
323,2017-04-21,09:08:15,0,WH705,XZCE,3133,3128,3146,544,34136200,11084,10942,3254,2944,3099,3153,0,3146,0,0,0,2017-04-21,32895000,3133,2,0,0,0,0,0,0,0,0,3134,7,0,0,0,0,0,0,0,0
324,2017-04-21,09:08:20,0,WH705,XZCE,3133,3128,3146,544,34136200,11084,10942,3254,2944,3099,3153,0,3146,0,0,0,2017-04-21,32900000,3133,2,0,0,0,0,0,0,0,0,3134,1,0,0,0,0,0,0,0,0
325,2017-04-21,09:08:26,0,WH705,XZCE,3134,3128,3146,546,34261560,11084,10942,3254,2944,3099,3153,0,3146,0,0,0,2017-04-21,32906000,3133,2,0,0,0,0,0,0,0,0,3135,4,0,0,0,0,0,0,0,0
326,2017-04-21,09:08:29,0,WH705,XZCE,3134,3128,3146,546,34261560,11084,10942,3254,2944,3099,3153,0,3146,0,0,0,2017-04-21,32909000,3133,2,0,0,0,0,0,0,0,0,3135,6,0,0,0,0,0,0,0,0
327,2017-04-21,09:08:39,0,WH705,XZCE,3133,3128,3146,548,34386880,11086,10942,3254,2944,3099,3153,0,3146,0,0,0,2017-04-21,32919000,3134,1,0,0,0,0,0,0,0,0,3135,6,0,0,0,0,0,0,0,0
328,2017-04-21,09:08:42,0,WH705,XZCE,3134,3128,3146,550,34512240,11086,10942,3254,2944,3099,3153,0,3146,0,0,0,2017-04-21,32922000,3131,5,0,0,0,0,0,0,0,0,3133,2,0,0,0,0,0,0,0,0
329,2017-04-21,09:08:42,0,WH705,XZCE,3134,3128,3146,550,34512240,11086,10942,3254,2944,3099,3153,0,3146,0,0,0,2017-04-21,32922000,3131,6,0,0,0,0,0,0,0,0,3133,2,0,0,0,0,0,0,0,0
330,2017-04-21,09:08:49,0,WH705,XZCE,3133,3128,3146,552,34637560,11086,10942,3254,2944,3099,3153,0,3146,0,0,0,2017-04-21,32929000,3131,6,0,0,0,0,0,0,0,0,3133,1,0,0,0,0,0,0,0,0
331,2017-04-21,09:08:51,0,WH705,XZCE,3133,3128,3146,552,34637560,11086,10942,3254,2944,3099,3153,0,3146,0,0,0,2017-04-21,32931000,3132,1,0,0,0,0,0,0,0,0,3133,1,0,0,0,0,0,0,0,0
332,2017-04-21,09:08:58,0,WH705,XZCE,3132,3128,3146,554,34762840,11088,10942,3254,2944,3099,3153,0,3146,0,0,0,2017-04-21,32938000,3131,6,0,0,0,0,0,0,0,0,3133,1,0,0,0,0,0,0,0,0
333,2017-04-21,09:08:59,0,WH705,XZCE,3132,3128,3146,554,34762840,11088,10942,3254,2944,3099,3153,0,3146,0,0,0,2017-04-21,32939000,3131,7,0,0,0,0,0,0,0,0,3133,1,0,0,0,0,0,0,0,0
334,2017-04-21,09:09:06,0,WH705,XZCE,3132,3128,3146,554,34762840,11088,10942,3254,2944,3099,3153,0,3146,0,0,0,2017-04-21,32946000,3132,1,0,0,0,0,0,0,0,0,3133,1,0,0,0,0,0,0,0,0
335,2017-04-21,09:09:20,0,WH705,XZCE,3133,3128,3146,556,34888160,11088,10942,3254,2944,3099,3153,0,3146,0,0,0,2017-04-21,32960000,3133,3,0,0,0,0,0,0,0,0,3134,1,0,0,0,0,0,0,0,0
336,2017-04-21,09:09:24,0,WH705,XZCE,3133,3128,3146,556,34888160,11088,10942,3254,2944,3099,3153,0,3146,0,0,0,2017-04-21,32964000,3133,3,0,0,0,0,0,0,0,0,3135,7,0,0,0,0,0,0,0,0
337,2017-04-21,09:09:50,0,WH705,XZCE,3133,3128,3146,556,34888160,11088,10942,3254,2944,3099,3153,0,3146,0,0,0,2017-04-21,32990000,3133,1,0,0,0,0,0,0,0,0,3135,7,0,0,0,0,0,0,0,0
338,2017-04-21,09:09:57,0,WH705,XZCE,3135,3128,3146,560,35138960,11088,10942,3254,2944,3099,3153,0,3146,0,0,0,2017-04-21,32997000,3133,1,0,0,0,0,0,0,0,0,3135,6,0,0,0,0,0,0,0,0
339,2017-04-21,09:10:05,0,WH705,XZCE,3135,3128,3146,562,35264360,11086,10942,3254,2944,3099,3153,0,3146,0,0,0,2017-04-21,33005000,3133,1,0,0,0,0,0,0,0,0,3135,5,0,0,0,0,0,0,0,0
340,2017-04-21,09:10:08,0,WH705,XZCE,3133,3128,3146,564,35389680,11088,10942,3254,2944,3099,3153,0,3146,0,0,0,2017-04-21,33008000,3132,2,0,0,0,0,0,0,0,0,3135,5,0,0,0,0,0,0,0,0
341,2017-04-21,09:10:10,0,WH705,XZCE,3133,3128,3146,564,35389680,11088,10942,3254,2944,3099,3153,0,3146,0,0,0,2017-04-21,33010000,3132,3,0,0,0,0,0,0,0,0,3135,4,0,0,0,0,0,0,0,0
342,2017-04-21,09:10:10,0,WH705,XZCE,3133,3128,3146,564,35389680,11088,10942,3254,2944,3099,3153,0,3146,0,0,0,2017-04-21,33010000,3132,3,0,0,0,0,0,0,0,0,3135,5,0,0,0,0,0,0,0,0
343,2017-04-21,09:10:13,0,WH705,XZCE,3133,3128,3146,564,35389680,11088,10942,3254,2944,3099,3153,0,3146,0,0,0,2017-04-21,33013000,3132,3,0,0,0,0,0,0,0,0,3135,6,0,0,0,0,0,0,0,0
344,2017-04-21,09:10:14,0,WH705,XZCE,3133,3128,3146,564,35389680,11088,10942,3254,2944,3099,3153,0,3146,0,0,0,2017-04-21,33014000,3133,1,0,0,0,0,0,0,0,0,3135,7,0,0,0,0,0,0,0,0
345,2017-04-21,09:10:20,0,WH705,XZCE,3133,3128,3146,564,35389680,11088,10942,3254,2944,3099,3153,0,3146,0,0,0,2017-04-21,33020000,3133,1,0,0,0,0,0,0,0,0,3135,8,0,0,0,0,0,0,0,0
346,2017-04-21,09:10:22,0,WH705,XZCE,3133,3128,3146,564,35389680,11088,10942,3254,2944,3099,3153,0,3146,0,0,0,2017-04-21,33022000,3133,1,0,0,0,0,0,0,0,0,3135,9,0,0,0,0,0,0,0,0
347,2017-04-21,09:10:27,0,WH705,XZCE,3133,3128,3146,564,35389680,11088,10942,3254,2944,3099,3153,0,3146,0,0,0,2017-04-21,33027000,3133,1,0,0,0,0,0,0,0,0,3135,12,0,0,0,0,0,0,0,0
348,2017-04-21,09:10:29,0,WH705,XZCE,3133,3128,3146,564,35389680,11088,10942,3254,2944,3099,3153,0,3146,0,0,0,2017-04-21,33029000,3133,1,0,0,0,0,0,0,0,0,3135,11,0,0,0,0,0,0,0,0
349,2017-04-21,09:10:29,0,WH705,XZCE,3135,3128,3146,568,35640480,11088,10942,3254,2944,3099,3153,0,3146,0,0,0,2017-04-21,33029000,3133,1,0,0,0,0,0,0,0,0,3135,9,0,0,0,0,0,0,0,0
350,2017-04-21,09:10:46,0,WH705,XZCE,3135,3128,3146,568,35640480,11088,10942,3254,2944,3099,3153,0,3146,0,0,0,2017-04-21,33046000,3133,2,0,0,0,0,0,0,0,0,3135,9,0,0,0,0,0,0,0,0
351,2017-04-21,09:10:47,0,WH705,XZCE,3135,3128,3146,568,35640480,11088,10942,3254,2944,3099,3153,0,3146,0,0,0,2017-04-21,33047000,3133,2,0,0,0,0,0,0,0,0,3135,8,0,0,0,0,0,0,0,0
352,2017-04-21,09:10:49,0,WH705,XZCE,3133,3128,3146,570,35765800,11088,10942,3254,2944,3099,3153,0,3146,0,0,0,2017-04-21,33049000,3132,3,0,0,0,0,0,0,0,0,3135,8,0,0,0,0,0,0,0,0
353,2017-04-21,09:10:52,0,WH705,XZCE,3133,3128,3146,570,35765800,11088,10942,3254,2944,3099,3153,0,3146,0,0,0,2017-04-21,33052000,3132,3,0,0,0,0,0,0,0,0,3135,7,0,0,0,0,0,0,0,0
354,2017-04-21,09:10:59,0,WH705,XZCE,3133,3128,3146,570,35765800,11088,10942,3254,2944,3099,3153,0,3146,0,0,0,2017-04-21,33059000,3134,1,0,0,0,0,0,0,0,0,3135,7,0,0,0,0,0,0,0,0
355,2017-04-21,09:11:02,0,WH705,XZCE,3134,3128,3146,572,35891160,11088,10942,3254,2944,3099,3153,0,3146,0,0,0,2017-04-21,33062000,3133,1,0,0,0,0,0,0,0,0,3135,7,0,0,0,0,0,0,0,0
356,2017-04-21,09:11:06,0,WH705,XZCE,3134,3128,3146,572,35891160,11088,10942,3254,2944,3099,3153,0,3146,0,0,0,2017-04-21,33066000,3133,2,0,0,0,0,0,0,0,0,3135,7,0,0,0,0,0,0,0,0
357,2017-04-21,09:11:16,0,WH705,XZCE,3133,3128,3146,576,36141800,11090,10942,3254,2944,3099,3153,0,3146,0,0,0,2017-04-21,33076000,3132,3,0,0,0,0,0,0,0,0,3135,7,0,0,0,0,0,0,0,0
358,2017-04-21,09:11:18,0,WH705,XZCE,3135,3128,3146,578,36267200,11090,10942,3254,2944,3099,3153,0,3146,0,0,0,2017-04-21,33078000,3132,3,0,0,0,0,0,0,0,0,3135,6,0,0,0,0,0,0,0,0
359,2017-04-21,09:11:20,0,WH705,XZCE,3135,3128,3146,580,36392600,11090,10942,3254,2944,3099,3153,0,3146,0,0,0,2017-04-21,33080000,3132,3,0,0,0,0,0,0,0,0,3135,5,0,0,0,0,0,0,0,0
360,2017-04-21,09:11:24,0,WH705,XZCE,3135,3128,3146,580,36392600,11090,10942,3254,2944,3099,3153,0,3146,0,0,0,2017-04-21,33084000,3132,3,0,0,0,0,0,0,0,0,3133,1,0,0,0,0,0,0,0,0
361,2017-04-21,09:11:26,0,WH705,XZCE,3133,3128,3146,582,36517920,11092,10942,3254,2944,3099,3153,0,3146,0,0,0,2017-04-21,33086000,3132,3,0,0,0,0,0,0,0,0,3135,4,0,0,0,0,0,0,0,0
362,2017-04-21,09:11:26,0,WH705,XZCE,3135,3128,3146,584,36643320,11092,10942,3254,2944,3099,3153,0,3146,0,0,0,2017-04-21,33086000,3132,3,0,0,0,0,0,0,0,0,3135,4,0,0,0,0,0,0,0,0
363,2017-04-21,09:11:30,0,WH705,XZCE,3135,3128,3146,584,36643320,11092,10942,3254,2944,3099,3153,0,3146,0,0,0,2017-04-21,33090000,3132,3,0,0,0,0,0,0,0,0,3135,5,0,0,0,0,0,0,0,0
364,2017-04-21,09:11:30,0,WH705,XZCE,3135,3128,3146,584,36643320,11092,10942,3254,2944,3099,3153,0,3146,0,0,0,2017-04-21,33090000,3133,1,0,0,0,0,0,0,0,0,3135,5,0,0,0,0,0,0,0,0
365,2017-04-21,09:11:33,0,WH705,XZCE,3135,3128,3146,584,36643320,11092,10942,3254,2944,3099,3153,0,3146,0,0,0,2017-04-21,33093000,3133,1,0,0,0,0,0,0,0,0,3135,6,0,0,0,0,0,0,0,0
366,2017-04-21,09:11:39,0,WH705,XZCE,3135,3128,3146,584,36643320,11092,10942,3254,2944,3099,3153,0,3146,0,0,0,2017-04-21,33099000,3133,1,0,0,0,0,0,0,0,0,3135,5,0,0,0,0,0,0,0,0
367,2017-04-21,09:11:41,0,WH705,XZCE,3135,3128,3146,586,36768720,11092,10942,3254,2944,3099,3153,0,3146,0,0,0,2017-04-21,33101000,3133,1,0,0,0,0,0,0,0,0,3135,4,0,0,0,0,0,0,0,0
368,2017-04-21,09:11:45,0,WH705,XZCE,3135,3128,3146,588,36894120,11092,10942,3254,2944,3099,3153,0,3146,0,0,0,2017-04-21,33105000,3133,1,0,0,0,0,0,0,0,0,3135,3,0,0,0,0,0,0,0,0
369,2017-04-21,09:11:50,0,WH705,XZCE,3135,3128,3146,590,37019520,11090,10942,3254,2944,3099,3153,0,3146,0,0,0,2017-04-21,33110000,3133,1,0,0,0,0,0,0,0,0,3135,2,0,0,0,0,0,0,0,0
370,2017-04-21,09:11:51,0,WH705,XZCE,3135,3128,3146,594,37270320,11086,10942,3254,2944,3099,3153,0,3146,0,0,0,2017-04-21,33111000,3133,1,0,0,0,0,0,0,0,0,3136,16,0,0,0,0,0,0,0,0
371,2017-04-21,09:11:52,0,WH705,XZCE,3135,3128,3146,594,37270320,11086,10942,3254,2944,3099,3153,0,3146,0,0,0,2017-04-21,33112000,3134,1,0,0,0,0,0,0,0,0,3136,16,0,0,0,0,0,0,0,0
372,2017-04-21,09:11:55,0,WH705,XZCE,3136,3128,3146,596,37395760,11086,10942,3254,2944,3099,3153,0,3146,0,0,0,2017-04-21,33115000,3135,1,0,0,0,0,0,0,0,0,3136,15,0,0,0,0,0,0,0,0
373,2017-04-21,09:11:55,0,WH705,XZCE,3136,3128,3146,622,39026480,11084,10942,3254,2944,3099,3153,0,3146,0,0,0,2017-04-21,33115000,3134,1,0,0,0,0,0,0,0,0,3136,3,0,0,0,0,0,0,0,0
374,2017-04-21,09:11:57,0,WH705,XZCE,3136,3128,3146,622,39026480,11084,10942,3254,2944,3099,3153,0,3146,0,0,0,2017-04-21,33117000,3133,1,0,0,0,0,0,0,0,0,3136,3,0,0,0,0,0,0,0,0
375,2017-04-21,09:11:58,0,WH705,XZCE,3136,3128,3146,622,39026480,11084,10942,3254,2944,3099,3153,0,3146,0,0,0,2017-04-21,33118000,3134,1,0,0,0,0,0,0,0,0,3136,3,0,0,0,0,0,0,0,0
376,2017-04-21,09:11:59,0,WH705,XZCE,3136,3128,3146,624,39151920,11084,10942,3254,2944,3099,3153,0,3146,0,0,0,2017-04-21,33119000,3134,1,0,0,0,0,0,0,0,0,3136,2,0,0,0,0,0,0,0,0
377,2017-04-21,09:11:59,0,WH705,XZCE,3134,3128,3146,626,39277280,11086,10942,3254,2944,3099,3153,0,3146,0,0,0,2017-04-21,33119000,3133,2,0,0,0,0,0,0,0,0,3136,2,0,0,0,0,0,0,0,0
378,2017-04-21,09:12:01,0,WH705,XZCE,3134,3128,3146,626,39277280,11086,10942,3254,2944,3099,3153,0,3146,0,0,0,2017-04-21,33121000,3133,3,0,0,0,0,0,0,0,0,3136,2,0,0,0,0,0,0,0,0
379,2017-04-21,09:12:13,0,WH705,XZCE,3133,3128,3146,630,39527920,11088,10942,3254,2944,3099,3153,0,3146,0,0,0,2017-04-21,33133000,3133,1,0,0,0,0,0,0,0,0,3136,2,0,0,0,0,0,0,0,0
380,2017-04-21,09:12:13,0,WH705,XZCE,3133,3128,3146,630,39527920,11088,10942,3254,2944,3099,3153,0,3146,0,0,0,2017-04-21,33133000,3133,1,0,0,0,0,0,0,0,0,3136,3,0,0,0,0,0,0,0,0
381,2017-04-21,09:12:19,0,WH705,XZCE,3133,3128,3146,630,39527920,11088,10942,3254,2944,3099,3153,0,3146,0,0,0,2017-04-21,33139000,3133,4,0,0,0,0,0,0,0,0,3136,3,0,0,0,0,0,0,0,0
382,2017-04-21,09:12:39,0,WH705,XZCE,3133,3128,3146,632,39653240,11088,10942,3254,2944,3099,3153,0,3146,0,0,0,2017-04-21,33159000,3133,3,0,0,0,0,0,0,0,0,3136,7,0,0,0,0,0,0,0,0
383,2017-04-21,09:12:40,0,WH705,XZCE,3133,3128,3146,632,39653240,11088,10942,3254,2944,3099,3153,0,3146,0,0,0,2017-04-21,33160000,3133,3,0,0,0,0,0,0,0,0,3135,1,0,0,0,0,0,0,0,0
384,2017-04-21,09:12:41,0,WH705,XZCE,3133,3128,3146,632,39653240,11088,10942,3254,2944,3099,3153,0,3146,0,0,0,2017-04-21,33161000,3133,3,0,0,0,0,0,0,0,0,3135,5,0,0,0,0,0,0,0,0
385,2017-04-21,09:12:41,0,WH705,XZCE,3133,3128,3146,632,39653240,11088,10942,3254,2944,3099,3153,0,3146,0,0,0,2017-04-21,33161000,3133,3,0,0,0,0,0,0,0,0,3135,6,0,0,0,0,0,0,0,0
386,2017-04-21,09:12:50,0,WH705,XZCE,3133,3128,3146,632,39653240,11088,10942,3254,2944,3099,3153,0,3146,0,0,0,2017-04-21,33170000,3133,3,0,0,0,0,0,0,0,0,3135,8,0,0,0,0,0,0,0,0
387,2017-04-21,09:12:55,0,WH705,XZCE,3133,3128,3146,634,39778560,11088,10942,3254,2944,3099,3153,0,3146,0,0,0,2017-04-21,33175000,3133,2,0,0,0,0,0,0,0,0,3135,9,0,0,0,0,0,0,0,0
388,2017-04-21,09:12:56,0,WH705,XZCE,3133,3128,3146,634,39778560,11088,10942,3254,2944,3099,3153,0,3146,0,0,0,2017-04-21,33176000,3133,2,0,0,0,0,0,0,0,0,3134,2,0,0,0,0,0,0,0,0
389,2017-04-21,09:12:57,0,WH705,XZCE,3133,3128,3146,634,39778560,11088,10942,3254,2944,3099,3153,0,3146,0,0,0,2017-04-21,33177000,3133,2,0,0,0,0,0,0,0,0,3134,6,0,0,0,0,0,0,0,0
390,2017-04-21,09:12:57,0,WH705,XZCE,3133,3128,3146,638,40029200,11084,10942,3254,2944,3099,3153,0,3146,0,0,0,2017-04-21,33177000,3132,1,0,0,0,0,0,0,0,0,3133,3,0,0,0,0,0,0,0,0
391,2017-04-21,09:12:58,0,WH705,XZCE,3132,3128,3146,640,40154480,11082,10942,3254,2944,3099,3153,0,3146,0,0,0,2017-04-21,33178000,3131,4,0,0,0,0,0,0,0,0,3133,5,0,0,0,0,0,0,0,0
392,2017-04-21,09:12:58,0,WH705,XZCE,3132,3128,3146,640,40154480,11082,10942,3254,2944,3099,3153,0,3146,0,0,0,2017-04-21,33178000,3131,4,0,0,0,0,0,0,0,0,3133,6,0,0,0,0,0,0,0,0
393,2017-04-21,09:13:01,0,WH705,XZCE,3131,3128,3146,642,40279720,11082,10942,3254,2944,3099,3153,0,3146,0,0,0,2017-04-21,33181000,3131,3,0,0,0,0,0,0,0,0,3133,6,0,0,0,0,0,0,0,0
394,2017-04-21,09:13:04,0,WH705,XZCE,3131,3128,3146,642,40279720,11082,10942,3254,2944,3099,3153,0,3146,0,0,0,2017-04-21,33184000,3131,3,0,0,0,0,0,0,0,0,3132,1,0,0,0,0,0,0,0,0
395,2017-04-21,09:13:05,0,WH705,XZCE,3131,3128,3146,642,40279720,11082,10942,3254,2944,3099,3153,0,3146,0,0,0,2017-04-21,33185000,3131,3,0,0,0,0,0,0,0,0,3132,5,0,0,0,0,0,0,0,0
396,2017-04-21,09:13:05,0,WH705,XZCE,3131,3128,3146,642,40279720,11082,10942,3254,2944,3099,3153,0,3146,0,0,0,2017-04-21,33185000,3131,4,0,0,0,0,0,0,0,0,3132,6,0,0,0,0,0,0,0,0
397,2017-04-21,09:13:06,0,WH705,XZCE,3131,3128,3146,644,40404960,11080,10942,3254,2944,3099,3153,0,3146,0,0,0,2017-04-21,33186000,3131,3,0,0,0,0,0,0,0,0,3132,6,0,0,0,0,0,0,0,0
398,2017-04-21,09:13:11,0,WH705,XZCE,3131,3128,3146,648,40655440,11082,10942,3254,2944,3099,3153,0,3146,0,0,0,2017-04-21,33191000,3131,1,0,0,0,0,0,0,0,0,3132,5,0,0,0,0,0,0,0,0
399,2017-04-21,09:13:12,0,WH705,XZCE,3131,3128,3146,652,40905920,11084,10942,3254,2944,3099,3153,0,3146,0,0,0,2017-04-21,33192000,3130,2,0,0,0,0,0,0,0,0,3132,4,0,0,0,0,0,0,0,0
400,2017-04-21,09:13:16,0,WH705,XZCE,3131,3128,3146,652,40905920,11084,10942,3254,2944,3099,3153,0,3146,0,0,0,2017-04-21,33196000,3129,4,0,0,0,0,0,0,0,0,3132,4,0,0,0,0,0,0,0,0
401,2017-04-21,09:13:22,0,WH705,XZCE,3131,3128,3146,652,40905920,11084,10942,3254,2944,3099,3153,0,3146,0,0,0,2017-04-21,33202000,3130,1,0,0,0,0,0,0,0,0,3132,4,0,0,0,0,0,0,0,0
402,2017-04-21,09:13:23,0,WH705,XZCE,3131,3128,3146,652,40905920,11084,10942,3254,2944,3099,3153,0,3146,0,0,0,2017-04-21,33203000,3130,2,0,0,0,0,0,0,0,0,3132,4,0,0,0,0,0,0,0,0
403,2017-04-21,09:13:28,0,WH705,XZCE,3131,3128,3146,652,40905920,11084,10942,3254,2944,3099,3153,0,3146,0,0,0,2017-04-21,33208000,3130,2,0,0,0,0,0,0,0,0,3131,2,0,0,0,0,0,0,0,0
404,2017-04-21,09:13:28,0,WH705,XZCE,3131,3128,3146,652,40905920,11084,10942,3254,2944,3099,3153,0,3146,0,0,0,2017-04-21,33208000,3130,2,0,0,0,0,0,0,0,0,3131,6,0,0,0,0,0,0,0,0
405,2017-04-21,09:13:36,0,WH705,XZCE,3129,3128,3146,660,41406560,11084,10942,3254,2944,3099,3153,0,3146,0,0,0,2017-04-21,33216000,3129,2,0,0,0,0,0,0,0,0,3131,6,0,0,0,0,0,0,0,0
406,2017-04-21,09:13:43,0,WH705,XZCE,3129,3128,3146,660,41406560,11084,10942,3254,2944,3099,3153,0,3146,0,0,0,2017-04-21,33223000,3130,1,0,0,0,0,0,0,0,0,3131,6,0,0,0,0,0,0,0,0
407,2017-04-21,09:13:45,0,WH705,XZCE,3129,3128,3146,660,41406560,11084,10942,3254,2944,3099,3153,0,3146,0,0,0,2017-04-21,33225000,3130,1,0,0,0,0,0,0,0,0,3131,7,0,0,0,0,0,0,0,0
408,2017-04-21,09:13:46,0,WH705,XZCE,3130,3128,3146,662,41531760,11084,10942,3254,2944,3099,3153,0,3146,0,0,0,2017-04-21,33226000,3129,2,0,0,0,0,0,0,0,0,3130,1,0,0,0,0,0,0,0,0
409,2017-04-21,09:13:46,0,WH705,XZCE,3130,3128,3146,662,41531760,11084,10942,3254,2944,3099,3153,0,3146,0,0,0,2017-04-21,33226000,3129,2,0,0,0,0,0,0,0,0,3130,5,0,0,0,0,0,0,0,0
410,2017-04-21,09:13:49,0,WH705,XZCE,3130,3128,3146,664,41656960,11084,10942,3254,2944,3099,3153,0,3146,0,0,0,2017-04-21,33229000,3129,2,0,0,0,0,0,0,0,0,3130,4,0,0,0,0,0,0,0,0
411,2017-04-21,09:13:53,0,WH705,XZCE,3129,3128,3146,668,41907280,11084,10942,3254,2944,3099,3153,0,3146,0,0,0,2017-04-21,33233000,3128,1,0,0,0,0,0,0,0,0,3129,3,0,0,0,0,0,0,0,0
412,2017-04-21,09:13:53,0,WH705,XZCE,3129,3128,3146,668,41907280,11084,10942,3254,2944,3099,3153,0,3146,0,0,0,2017-04-21,33233000,3128,1,0,0,0,0,0,0,0,0,3129,7,0,0,0,0,0,0,0,0
413,2017-04-21,09:13:57,0,WH705,XZCE,3128,3128,3146,670,42032400,11086,10942,3254,2944,3099,3153,0,3146,0,0,0,2017-04-21,33237000,3126,10,0,0,0,0,0,0,0,0,3129,7,0,0,0,0,0,0,0,0
414,2017-04-21,09:13:57,0,WH705,XZCE,3129,3128,3146,674,42282720,11086,10942,3254,2944,3099,3153,0,3146,0,0,0,2017-04-21,33237000,3126,10,0,0,0,0,0,0,0,0,3129,5,0,0,0,0,0,0,0,0
415,2017-04-21,09:13:58,0,WH705,XZCE,3127,3127,3146,676,42407800,11086,10942,3254,2944,3099,3153,0,3146,0,0,0,2017-04-21,33238000,3126,10,0,0,0,0,0,0,0,0,3129,5,0,0,0,0,0,0,0,0
416,2017-04-21,09:14:00,0,WH705,XZCE,3126,3126,3146,678,42532840,11086,10942,3254,2944,3099,3153,0,3146,0,0,0,2017-04-21,33240000,3126,9,0,0,0,0,0,0,0,0,3129,5,0,0,0,0,0,0,0,0
417,2017-04-21,09:14:01,0,WH705,XZCE,3126,3126,3146,682,42782920,11082,10942,3254,2944,3099,3153,0,3146,0,0,0,2017-04-21,33241000,3126,7,0,0,0,0,0,0,0,0,3129,5,0,0,0,0,0,0,0,0
418,2017-04-21,09:14:04,0,WH705,XZCE,3126,3126,3146,682,42782920,11082,10942,3254,2944,3099,3153,0,3146,0,0,0,2017-04-21,33244000,3126,7,0,0,0,0,0,0,0,0,3128,6,0,0,0,0,0,0,0,0
419,2017-04-21,09:14:05,0,WH705,XZCE,3126,3126,3146,684,42907960,11082,10942,3254,2944,3099,3153,0,3146,0,0,0,2017-04-21,33245000,3126,6,0,0,0,0,0,0,0,0,3128,6,0,0,0,0,0,0,0,0
420,2017-04-21,09:14:07,0,WH705,XZCE,3128,3126,3146,686,43033080,11082,10942,3254,2944,3099,3153,0,3146,0,0,0,2017-04-21,33247000,3126,6,0,0,0,0,0,0,0,0,3128,5,0,0,0,0,0,0,0,0
421,2017-04-21,09:14:08,0,WH705,XZCE,3126,3126,3146,688,43158120,11082,10942,3254,2944,3099,3153,0,3146,0,0,0,2017-04-21,33248000,3126,5,0,0,0,0,0,0,0,0,3128,5,0,0,0,0,0,0,0,0
422,2017-04-21,09:14:12,0,WH705,XZCE,3128,3126,3146,690,43283240,11082,10942,3254,2944,3099,3153,0,3146,0,0,0,2017-04-21,33252000,3126,6,0,0,0,0,0,0,0,0,3128,4,0,0,0,0,0,0,0,0
423,2017-04-21,09:14:13,0,WH705,XZCE,3128,3126,3146,690,43283240,11082,10942,3254,2944,3099,3153,0,3146,0,0,0,2017-04-21,33253000,3126,6,0,0,0,0,0,0,0,0,3128,5,0,0,0,0,0,0,0,0
424,2017-04-21,09:14:13,0,WH705,XZCE,3128,3126,3146,694,43533480,11078,10942,3254,2944,3099,3153,0,3146,0,0,0,2017-04-21,33253000,3126,6,0,0,0,0,0,0,0,0,3128,3,0,0,0,0,0,0,0,0
425,2017-04-21,09:14:15,0,WH705,XZCE,3128,3126,3146,696,43658600,11078,10942,3254,2944,3099,3153,0,3146,0,0,0,2017-04-21,33255000,3126,6,0,0,0,0,0,0,0,0,3128,2,0,0,0,0,0,0,0,0
426,2017-04-21,09:14:16,0,WH705,XZCE,3128,3126,3146,696,43658600,11078,10942,3254,2944,3099,3153,0,3146,0,0,0,2017-04-21,33256000,3127,1,0,0,0,0,0,0,0,0,3128,2,0,0,0,0,0,0,0,0
427,2017-04-21,09:14:16,0,WH705,XZCE,3128,3126,3146,698,43783720,11076,10942,3254,2944,3099,3153,0,3146,0,0,0,2017-04-21,33256000,3127,1,0,0,0,0,0,0,0,0,3128,1,0,0,0,0,0,0,0,0
428,2017-04-21,09:14:17,0,WH705,XZCE,3128,3126,3146,700,43908840,11076,10942,3254,2944,3099,3153,0,3146,0,0,0,2017-04-21,33257000,3127,1,0,0,0,0,0,0,0,0,3129,1,0,0,0,0,0,0,0,0
429,2017-04-21,09:14:17,0,WH705,XZCE,3128,3126,3146,700,43908840,11076,10942,3254,2944,3099,3153,0,3146,0,0,0,2017-04-21,33257000,3128,4,0,0,0,0,0,0,0,0,3129,1,0,0,0,0,0,0,0,0
430,2017-04-21,09:14:18,0,WH705,XZCE,3129,3126,3146,702,44034000,11078,10942,3254,2944,3099,3153,0,3146,0,0,0,2017-04-21,33258000,3128,5,0,0,0,0,0,0,0,0,3131,2,0,0,0,0,0,0,0,0
431,2017-04-21,09:14:19,0,WH705,XZCE,3129,3126,3146,702,44034000,11078,10942,3254,2944,3099,3153,0,3146,0,0,0,2017-04-21,33259000,3129,1,0,0,0,0,0,0,0,0,3131,2,0,0,0,0,0,0,0,0
432,2017-04-21,09:14:21,0,WH705,XZCE,3129,3126,3146,702,44034000,11078,10942,3254,2944,3099,3153,0,3146,0,0,0,2017-04-21,33261000,3129,21,0,0,0,0,0,0,0,0,3131,2,0,0,0,0,0,0,0,0
433,2017-04-21,09:14:23,0,WH705,XZCE,3129,3126,3146,702,44034000,11078,10942,3254,2944,3099,3153,0,3146,0,0,0,2017-04-21,33263000,3129,1,0,0,0,0,0,0,0,0,3131,2,0,0,0,0,0,0,0,0
434,2017-04-21,09:14:23,0,WH705,XZCE,3129,3126,3146,702,44034000,11078,10942,3254,2944,3099,3153,0,3146,0,0,0,2017-04-21,33263000,3130,1,0,0,0,0,0,0,0,0,3131,2,0,0,0,0,0,0,0,0
435,2017-04-21,09:14:24,0,WH705,XZCE,3129,3126,3146,702,44034000,11078,10942,3254,2944,3099,3153,0,3146,0,0,0,2017-04-21,33264000,3129,1,0,0,0,0,0,0,0,0,3131,2,0,0,0,0,0,0,0,0
436,2017-04-21,09:14:27,0,WH705,XZCE,3131,3126,3146,704,44159240,11078,10942,3254,2944,3099,3153,0,3146,0,0,0,2017-04-21,33267000,3129,1,0,0,0,0,0,0,0,0,3131,1,0,0,0,0,0,0,0,0
437,2017-04-21,09:14:30,0,WH705,XZCE,3131,3126,3146,704,44159240,11078,10942,3254,2944,3099,3153,0,3146,0,0,0,2017-04-21,33270000,3126,10,0,0,0,0,0,0,0,0,3131,1,0,0,0,0,0,0,0,0
438,2017-04-21,09:14:31,0,WH705,XZCE,3131,3126,3146,704,44159240,11078,10942,3254,2944,3099,3153,0,3146,0,0,0,2017-04-21,33271000,3127,1,0,0,0,0,0,0,0,0,3131,1,0,0,0,0,0,0,0,0
439,2017-04-21,09:14:31,0,WH705,XZCE,3131,3126,3146,704,44159240,11078,10942,3254,2944,3099,3153,0,3146,0,0,0,2017-04-21,33271000,3127,2,0,0,0,0,0,0,0,0,3130,2,0,0,0,0,0,0,0,0
440,2017-04-21,09:14:32,0,WH705,XZCE,3131,3126,3146,704,44159240,11078,10942,3254,2944,3099,3153,0,3146,0,0,0,2017-04-21,33272000,3127,3,0,0,0,0,0,0,0,0,3130,2,0,0,0,0,0,0,0,0
441,2017-04-21,09:14:32,0,WH705,XZCE,3130,3126,3146,706,44284440,11076,10942,3254,2944,3099,3153,0,3146,0,0,0,2017-04-21,33272000,3127,3,0,0,0,0,0,0,0,0,3130,1,0,0,0,0,0,0,0,0
442,2017-04-21,09:14:33,0,WH705,XZCE,3130,3126,3146,708,44409640,11074,10942,3254,2944,3099,3153,0,3146,0,0,0,2017-04-21,33273000,3128,1,0,0,0,0,0,0,0,0,3131,1,0,0,0,0,0,0,0,0
443,2017-04-21,09:14:35,0,WH705,XZCE,3130,3126,3146,708,44409640,11074,10942,3254,2944,3099,3153,0,3146,0,0,0,2017-04-21,33275000,3128,8,0,0,0,0,0,0,0,0,3131,1,0,0,0,0,0,0,0,0
444,2017-04-21,09:14:37,0,WH705,XZCE,3130,3126,3146,708,44409640,11074,10942,3254,2944,3099,3153,0,3146,0,0,0,2017-04-21,33277000,3128,8,0,0,0,0,0,0,0,0,3130,1,0,0,0,0,0,0,0,0
445,2017-04-21,09:14:37,0,WH705,XZCE,3130,3126,3146,708,44409640,11074,10942,3254,2944,3099,3153,0,3146,0,0,0,2017-04-21,33277000,3128,10,0,0,0,0,0,0,0,0,3130,1,0,0,0,0,0,0,0,0
446,2017-04-21,09:14:38,0,WH705,XZCE,3130,3126,3146,708,44409640,11074,10942,3254,2944,3099,3153,0,3146,0,0,0,2017-04-21,33278000,3129,1,0,0,0,0,0,0,0,0,3130,1,0,0,0,0,0,0,0,0
447,2017-04-21,09:14:39,0,WH705,XZCE,3130,3126,3146,708,44409640,11074,10942,3254,2944,3099,3153,0,3146,0,0,0,2017-04-21,33279000,3129,1,0,0,0,0,0,0,0,0,3131,1,0,0,0,0,0,0,0,0
448,2017-04-21,09:14:43,0,WH705,XZCE,3130,3126,3146,708,44409640,11074,10942,3254,2944,3099,3153,0,3146,0,0,0,2017-04-21,33283000,3129,2,0,0,0,0,0,0,0,0,3131,1,0,0,0,0,0,0,0,0
449,2017-04-21,09:14:44,0,WH705,XZCE,3130,3126,3146,708,44409640,11074,10942,3254,2944,3099,3153,0,3146,0,0,0,2017-04-21,33284000,3130,2,0,0,0,0,0,0,0,0,3131,1,0,0,0,0,0,0,0,0
450,2017-04-21,09:14:47,0,WH705,XZCE,3131,3126,3146,710,44534880,11074,10942,3254,2944,3099,3153,0,3146,0,0,0,2017-04-21,33287000,3130,2,0,0,0,0,0,0,0,0,3133,1,0,0,0,0,0,0,0,0
451,2017-04-21,09:14:48,0,WH705,XZCE,3131,3126,3146,710,44534880,11074,10942,3254,2944,3099,3153,0,3146,0,0,0,2017-04-21,33288000,3131,2,0,0,0,0,0,0,0,0,3133,1,0,0,0,0,0,0,0,0
452,2017-04-21,09:14:52,0,WH705,XZCE,3131,3126,3146,710,44534880,11074,10942,3254,2944,3099,3153,0,3146,0,0,0,2017-04-21,33292000,3132,2,0,0,0,0,0,0,0,0,3133,1,0,0,0,0,0,0,0,0
453,2017-04-21,09:14:55,0,WH705,XZCE,3132,3126,3146,716,44910720,11078,10942,3254,2944,3099,3153,0,3146,0,0,0,2017-04-21,33295000,3131,2,0,0,0,0,0,0,0,0,3133,1,0,0,0,0,0,0,0,0
454,2017-04-21,09:14:58,0,WH705,XZCE,3132,3126,3146,716,44910720,11078,10942,3254,2944,3099,3153,0,3146,0,0,0,2017-04-21,33298000,3131,2,0,0,0,0,0,0,0,0,3132,1,0,0,0,0,0,0,0,0
455,2017-04-21,09:15:03,0,WH705,XZCE,3131,3126,3146,718,45035960,11076,10942,3254,2944,3099,3153,0,3146,0,0,0,2017-04-21,33303000,3131,1,0,0,0,0,0,0,0,0,3132,1,0,0,0,0,0,0,0,0
456,2017-04-21,09:15:04,0,WH705,XZCE,3132,3126,3146,720,45161240,11076,10942,3254,2944,3099,3153,0,3146,0,0,0,2017-04-21,33304000,3132,9,0,0,0,0,0,0,0,0,3133,1,0,0,0,0,0,0,0,0
457,2017-04-21,09:15:05,0,WH705,XZCE,3132,3126,3146,722,45286520,11076,10942,3254,2944,3099,3153,0,3146,0,0,0,2017-04-21,33305000,3132,8,0,0,0,0,0,0,0,0,3133,1,0,0,0,0,0,0,0,0
458,2017-04-21,09:15:06,0,WH705,XZCE,3133,3126,3146,724,45411840,11078,10942,3254,2944,3099,3153,0,3146,0,0,0,2017-04-21,33306000,3132,8,0,0,0,0,0,0,0,0,3135,1,0,0,0,0,0,0,0,0
459,2017-04-21,09:15:10,0,WH705,XZCE,3133,3126,3146,724,45411840,11078,10942,3254,2944,3099,3153,0,3146,0,0,0,2017-04-21,33310000,3133,1,0,0,0,0,0,0,0,0,3135,1,0,0,0,0,0,0,0,0
460,2017-04-21,09:15:10,0,WH705,XZCE,3133,3126,3146,726,45537160,11078,10942,3254,2944,3099,3153,0,3146,0,0,0,2017-04-21,33310000,3132,8,0,0,0,0,0,0,0,0,3133,1,0,0,0,0,0,0,0,0
461,2017-04-21,09:15:11,0,WH705,XZCE,3133,3126,3146,728,45662480,11076,10942,3254,2944,3099,3153,0,3146,0,0,0,2017-04-21,33311000,3132,8,0,0,0,0,0,0,0,0,3135,1,0,0,0,0,0,0,0,0
462,2017-04-21,09:15:11,0,WH705,XZCE,3133,3126,3146,728,45662480,11076,10942,3254,2944,3099,3153,0,3146,0,0,0,2017-04-21,33311000,3132,8,0,0,0,0,0,0,0,0,3135,2,0,0,0,0,0,0,0,0
463,2017-04-21,09:15:15,0,WH705,XZCE,3133,3126,3146,728,45662480,11076,10942,3254,2944,3099,3153,0,3146,0,0,0,2017-04-21,33315000,3132,8,0,0,0,0,0,0,0,0,3135,3,0,0,0,0,0,0,0,0
464,2017-04-21,09:15:20,0,WH705,XZCE,3133,3126,3146,728,45662480,11076,10942,3254,2944,3099,3153,0,3146,0,0,0,2017-04-21,33320000,3132,8,0,0,0,0,0,0,0,0,3135,4,0,0,0,0,0,0,0,0
465,2017-04-21,09:15:22,0,WH705,XZCE,3133,3126,3146,728,45662480,11076,10942,3254,2944,3099,3153,0,3146,0,0,0,2017-04-21,33322000,3132,8,0,0,0,0,0,0,0,0,3134,1,0,0,0,0,0,0,0,0
466,2017-04-21,09:15:23,0,WH705,XZCE,3133,3126,3146,728,45662480,11076,10942,3254,2944,3099,3153,0,3146,0,0,0,2017-04-21,33323000,3132,8,0,0,0,0,0,0,0,0,3134,4,0,0,0,0,0,0,0,0
467,2017-04-21,09:15:23,0,WH705,XZCE,3133,3126,3146,728,45662480,11076,10942,3254,2944,3099,3153,0,3146,0,0,0,2017-04-21,33323000,3132,8,0,0,0,0,0,0,0,0,3134,5,0,0,0,0,0,0,0,0
468,2017-04-21,09:15:27,0,WH705,XZCE,3133,3126,3146,728,45662480,11076,10942,3254,2944,3099,3153,0,3146,0,0,0,2017-04-21,33327000,3132,8,0,0,0,0,0,0,0,0,3134,6,0,0,0,0,0,0,0,0
469,2017-04-21,09:15:28,0,WH705,XZCE,3133,3126,3146,728,45662480,11076,10942,3254,2944,3099,3153,0,3146,0,0,0,2017-04-21,33328000,3133,1,0,0,0,0,0,0,0,0,3134,6,0,0,0,0,0,0,0,0
470,2017-04-21,09:15:29,0,WH705,XZCE,3133,3126,3146,730,45787800,11074,10942,3254,2944,3099,3153,0,3146,0,0,0,2017-04-21,33329000,3132,8,0,0,0,0,0,0,0,0,3134,6,0,0,0,0,0,0,0,0
471,2017-04-21,09:15:37,0,WH705,XZCE,3134,3126,3146,732,45913160,11074,10942,3254,2944,3099,3153,0,3146,0,0,0,2017-04-21,33337000,3132,8,0,0,0,0,0,0,0,0,3134,5,0,0,0,0,0,0,0,0
472,2017-04-21,09:15:43,0,WH705,XZCE,3134,3126,3146,732,45913160,11074,10942,3254,2944,3099,3153,0,3146,0,0,0,2017-04-21,33343000,3133,1,0,0,0,0,0,0,0,0,3134,5,0,0,0,0,0,0,0,0
473,2017-04-21,09:15:44,0,WH705,XZCE,3132,3126,3146,740,46414280,11066,10942,3254,2944,3099,3153,0,3146,0,0,0,2017-04-21,33344000,3132,5,0,0,0,0,0,0,0,0,3134,5,0,0,0,0,0,0,0,0
474,2017-04-21,09:15:49,0,WH705,XZCE,3134,3126,3146,742,46539640,11066,10942,3254,2944,3099,3153,0,3146,0,0,0,2017-04-21,33349000,3132,5,0,0,0,0,0,0,0,0,3134,4,0,0,0,0,0,0,0,0
475,2017-04-21,09:15:54,0,WH705,XZCE,3132,3126,3146,744,46664920,11064,10942,3254,2944,3099,3153,0,3146,0,0,0,2017-04-21,33354000,3132,4,0,0,0,0,0,0,0,0,3134,4,0,0,0,0,0,0,0,0
476,2017-04-21,09:16:01,0,WH705,XZCE,3132,3126,3146,746,46790200,11064,10942,3254,2944,3099,3153,0,3146,0,0,0,2017-04-21,33361000,3132,3,0,0,0,0,0,0,0,0,3134,4,0,0,0,0,0,0,0,0
477,2017-04-21,09:16:05,0,WH705,XZCE,3132,3126,3146,746,46790200,11064,10942,3254,2944,3099,3153,0,3146,0,0,0,2017-04-21,33365000,3132,3,0,0,0,0,0,0,0,0,3133,3,0,0,0,0,0,0,0,0
478,2017-04-21,09:16:05,0,WH705,XZCE,3128,3126,3146,760,47666040,11054,10942,3254,2944,3099,3153,0,3146,0,0,0,2017-04-21,33365000,3128,2,0,0,0,0,0,0,0,0,3133,3,0,0,0,0,0,0,0,0
479,2017-04-21,09:16:06,0,WH705,XZCE,3128,3126,3146,760,47666040,11054,10942,3254,2944,3099,3153,0,3146,0,0,0,2017-04-21,33366000,3128,2,0,0,0,0,0,0,0,0,3133,4,0,0,0,0,0,0,0,0
480,2017-04-21,09:16:07,0,WH705,XZCE,3128,3126,3146,760,47666040,11054,10942,3254,2944,3099,3153,0,3146,0,0,0,2017-04-21,33367000,3128,2,0,0,0,0,0,0,0,0,3132,1,0,0,0,0,0,0,0,0
481,2017-04-21,09:16:11,0,WH705,XZCE,3128,3126,3146,760,47666040,11054,10942,3254,2944,3099,3153,0,3146,0,0,0,2017-04-21,33371000,3128,2,0,0,0,0,0,0,0,0,3131,1,0,0,0,0,0,0,0,0
482,2017-04-21,09:16:11,0,WH705,XZCE,3128,3126,3146,760,47666040,11054,10942,3254,2944,3099,3153,0,3146,0,0,0,2017-04-21,33371000,3128,2,0,0,0,0,0,0,0,0,3131,2,0,0,0,0,0,0,0,0
483,2017-04-21,09:16:13,0,WH705,XZCE,3128,3126,3146,760,47666040,11054,10942,3254,2944,3099,3153,0,3146,0,0,0,2017-04-21,33373000,3129,1,0,0,0,0,0,0,0,0,3131,2,0,0,0,0,0,0,0,0
484,2017-04-21,09:16:14,0,WH705,XZCE,3128,3126,3146,766,48041400,11050,10942,3254,2944,3099,3153,0,3146,0,0,0,2017-04-21,33374000,3128,1,0,0,0,0,0,0,0,0,3131,2,0,0,0,0,0,0,0,0
485,2017-04-21,09:16:16,0,WH705,XZCE,3128,3126,3146,766,48041400,11050,10942,3254,2944,3099,3153,0,3146,0,0,0,2017-04-21,33376000,3128,1,0,0,0,0,0,0,0,0,3130,1,0,0,0,0,0,0,0,0
486,2017-04-21,09:16:25,0,WH705,XZCE,3128,3126,3146,766,48041400,11050,10942,3254,2944,3099,3153,0,3146,0,0,0,2017-04-21,33385000,3127,3,0,0,0,0,0,0,0,0,3130,1,0,0,0,0,0,0,0,0
487,2017-04-21,09:16:25,0,WH705,XZCE,3128,3126,3146,766,48041400,11050,10942,3254,2944,3099,3153,0,3146,0,0,0,2017-04-21,33385000,3127,3,0,0,0,0,0,0,0,0,3130,2,0,0,0,0,0,0,0,0
488,2017-04-21,09:16:29,0,WH705,XZCE,3128,3126,3146,766,48041400,11050,10942,3254,2944,3099,3153,0,3146,0,0,0,2017-04-21,33389000,3129,1,0,0,0,0,0,0,0,0,3130,2,0,0,0,0,0,0,0,0
489,2017-04-21,09:16:34,0,WH705,XZCE,3129,3126,3146,768,48166560,11048,10942,3254,2944,3099,3153,0,3146,0,0,0,2017-04-21,33394000,3128,2,0,0,0,0,0,0,0,0,3130,2,0,0,0,0,0,0,0,0
490,2017-04-21,09:16:37,0,WH705,XZCE,3127,3126,3146,780,48917040,11042,10942,3254,2944,3099,3153,0,3146,0,0,0,2017-04-21,33397000,3126,11,0,0,0,0,0,0,0,0,3130,2,0,0,0,0,0,0,0,0
491,2017-04-21,09:16:39,0,WH705,XZCE,3127,3126,3146,780,48917040,11042,10942,3254,2944,3099,3153,0,3146,0,0,0,2017-04-21,33399000,3126,11,0,0,0,0,0,0,0,0,3128,2,0,0,0,0,0,0,0,0
492,2017-04-21,09:16:45,0,WH705,XZCE,3126,3126,3146,782,49042080,11042,10942,3254,2944,3099,3153,0,3146,0,0,0,2017-04-21,33405000,3126,10,0,0,0,0,0,0,0,0,3128,3,0,0,0,0,0,0,0,0
493,2017-04-21,09:16:47,0,WH705,XZCE,3126,3126,3146,782,49042080,11042,10942,3254,2944,3099,3153,0,3146,0,0,0,2017-04-21,33407000,3127,1,0,0,0,0,0,0,0,0,3128,3,0,0,0,0,0,0,0,0
494,2017-04-21,09:16:48,0,WH705,XZCE,3127,3126,3146,784,49167160,11040,10942,3254,2944,3099,3153,0,3146,0,0,0,2017-04-21,33408000,3126,10,0,0,0,0,0,0,0,0,3128,3,0,0,0,0,0,0,0,0
495,2017-04-21,09:16:49,0,WH705,XZCE,3127,3126,3146,784,49167160,11040,10942,3254,2944,3099,3153,0,3146,0,0,0,2017-04-21,33409000,3126,11,0,0,0,0,0,0,0,0,3128,3,0,0,0,0,0,0,0,0
496,2017-04-21,09:16:50,0,WH705,XZCE,3127,3126,3146,784,49167160,11040,10942,3254,2944,3099,3153,0,3146,0,0,0,2017-04-21,33410000,3126,12,0,0,0,0,0,0,0,0,3128,3,0,0,0,0,0,0,0,0
497,2017-04-21,09:16:51,0,WH705,XZCE,3127,3126,3146,784,49167160,11040,10942,3254,2944,3099,3153,0,3146,0,0,0,2017-04-21,33411000,3126,12,0,0,0,0,0,0,0,0,3127,1,0,0,0,0,0,0,0,0
498,2017-04-21,09:16:57,0,WH705,XZCE,3127,3126,3146,786,49292240,11040,10942,3254,2944,3099,3153,0,3146,0,0,0,2017-04-21,33417000,3127,1,0,0,0,0,0,0,0,0,3128,2,0,0,0,0,0,0,0,0
499,2017-04-21,09:16:57,0,WH705,XZCE,3127,3126,3146,786,49292240,11040,10942,3254,2944,3099,3153,0,3146,0,0,0,2017-04-21,33417000,3127,1,0,0,0,0,0,0,0,0,3128,3,0,0,0,0,0,0,0,0
500,2017-04-21,09:16:58,0,WH705,XZCE,3127,3126,3146,786,49292240,11040,10942,3254,2944,3099,3153,0,3146,0,0,0,2017-04-21,33418000,3127,1,0,0,0,0,0,0,0,0,3128,4,0,0,0,0,0,0,0,0
501,2017-04-21,09:17:06,0,WH705,XZCE,3127,3126,3146,786,49292240,11040,10942,3254,2944,3099,3153,0,3146,0,0,0,2017-04-21,33426000,3127,2,0,0,0,0,0,0,0,0,3128,4,0,0,0,0,0,0,0,0
502,2017-04-21,09:17:11,0,WH705,XZCE,3127,3126,3146,786,49292240,11040,10942,3254,2944,3099,3153,0,3146,0,0,0,2017-04-21,33431000,3127,3,0,0,0,0,0,0,0,0,3128,4,0,0,0,0,0,0,0,0
503,2017-04-21,09:17:12,0,WH705,XZCE,3127,3126,3146,786,49292240,11040,10942,3254,2944,3099,3153,0,3146,0,0,0,2017-04-21,33432000,3127,4,0,0,0,0,0,0,0,0,3128,3,0,0,0,0,0,0,0,0
504,2017-04-21,09:17:18,0,WH705,XZCE,3127,3126,3146,786,49292240,11040,10942,3254,2944,3099,3153,0,3146,0,0,0,2017-04-21,33438000,3127,3,0,0,0,0,0,0,0,0,3128,3,0,0,0,0,0,0,0,0
505,2017-04-21,09:17:20,0,WH705,XZCE,3127,3126,3146,786,49292240,11040,10942,3254,2944,3099,3153,0,3146,0,0,0,2017-04-21,33440000,3127,6,0,0,0,0,0,0,0,0,3128,3,0,0,0,0,0,0,0,0
506,2017-04-21,09:17:21,0,WH705,XZCE,3128,3126,3146,792,49667600,11040,10942,3254,2944,3099,3153,0,3146,0,0,0,2017-04-21,33441000,3127,6,0,0,0,0,0,0,0,0,3129,1,0,0,0,0,0,0,0,0
507,2017-04-21,09:17:22,0,WH705,XZCE,3128,3126,3146,792,49667600,11040,10942,3254,2944,3099,3153,0,3146,0,0,0,2017-04-21,33442000,3128,1,0,0,0,0,0,0,0,0,3129,1,0,0,0,0,0,0,0,0
508,2017-04-21,09:17:22,0,WH705,XZCE,3128,3126,3146,792,49667600,11040,10942,3254,2944,3099,3153,0,3146,0,0,0,2017-04-21,33442000,3128,7,0,0,0,0,0,0,0,0,3129,1,0,0,0,0,0,0,0,0
509,2017-04-21,09:17:22,0,WH705,XZCE,3128,3126,3146,792,49667600,11040,10942,3254,2944,3099,3153,0,3146,0,0,0,2017-04-21,33442000,3128,8,0,0,0,0,0,0,0,0,3129,1,0,0,0,0,0,0,0,0
510,2017-04-21,09:17:23,0,WH705,XZCE,3129,3126,3146,794,49792760,11042,10942,3254,2944,3099,3153,0,3146,0,0,0,2017-04-21,33443000,3129,2,0,0,0,0,0,0,0,0,3130,1,0,0,0,0,0,0,0,0
511,2017-04-21,09:17:25,0,WH705,XZCE,3129,3126,3146,794,49792760,11042,10942,3254,2944,3099,3153,0,3146,0,0,0,2017-04-21,33445000,3129,2,0,0,0,0,0,0,0,0,3132,1,0,0,0,0,0,0,0,0
512,2017-04-21,09:17:26,0,WH705,XZCE,3129,3126,3146,794,49792760,11042,10942,3254,2944,3099,3153,0,3146,0,0,0,2017-04-21,33446000,3130,1,0,0,0,0,0,0,0,0,3132,1,0,0,0,0,0,0,0,0
513,2017-04-21,09:17:29,0,WH705,XZCE,3130,3126,3146,796,49917960,11040,10942,3254,2944,3099,3153,0,3146,0,0,0,2017-04-21,33449000,3127,5,0,0,0,0,0,0,0,0,3132,1,0,0,0,0,0,0,0,0
514,2017-04-21,09:17:29,0,WH705,XZCE,3130,3126,3146,796,49917960,11040,10942,3254,2944,3099,3153,0,3146,0,0,0,2017-04-21,33449000,3127,6,0,0,0,0,0,0,0,0,3132,1,0,0,0,0,0,0,0,0
515,2017-04-21,09:17:30,0,WH705,XZCE,3132,3126,3146,798,50043240,11038,10942,3254,2944,3099,3153,0,3146,0,0,0,2017-04-21,33450000,3132,4,0,0,0,0,0,0,0,0,3133,2,0,0,0,0,0,0,0,0
516,2017-04-21,09:17:30,0,WH705,XZCE,3133,3126,3146,800,50168560,11040,10942,3254,2944,3099,3153,0,3146,0,0,0,2017-04-21,33450000,3132,4,0,0,0,0,0,0,0,0,3133,1,0,0,0,0,0,0,0,0
517,2017-04-21,09:17:31,0,WH705,XZCE,3132,3126,3146,802,50293840,11038,10942,3254,2944,3099,3153,0,3146,0,0,0,2017-04-21,33451000,3132,4,0,0,0,0,0,0,0,0,3133,1,0,0,0,0,0,0,0,0
518,2017-04-21,09:17:31,0,WH705,XZCE,3132,3126,3146,804,50419120,11036,10942,3254,2944,3099,3153,0,3146,0,0,0,2017-04-21,33451000,3132,3,0,0,0,0,0,0,0,0,3133,1,0,0,0,0,0,0,0,0
519,2017-04-21,09:17:34,0,WH705,XZCE,3132,3126,3146,806,50544400,11034,10942,3254,2944,3099,3153,0,3146,0,0,0,2017-04-21,33454000,3132,2,0,0,0,0,0,0,0,0,3133,1,0,0,0,0,0,0,0,0
520,2017-04-21,09:17:36,0,WH705,XZCE,3132,3126,3146,808,50669680,11032,10942,3254,2944,3099,3153,0,3146,0,0,0,2017-04-21,33456000,3132,1,0,0,0,0,0,0,0,0,3133,1,0,0,0,0,0,0,0,0
521,2017-04-21,09:17:37,0,WH705,XZCE,3132,3126,3146,814,51045520,11034,10942,3254,2944,3099,3153,0,3146,0,0,0,2017-04-21,33457000,3130,2,0,0,0,0,0,0,0,0,3133,1,0,0,0,0,0,0,0,0
522,2017-04-21,09:17:39,0,WH705,XZCE,3132,3126,3146,814,51045520,11034,10942,3254,2944,3099,3153,0,3146,0,0,0,2017-04-21,33459000,3130,2,0,0,0,0,0,0,0,0,3133,2,0,0,0,0,0,0,0,0
523,2017-04-21,09:17:44,0,WH705,XZCE,3132,3126,3146,814,51045520,11034,10942,3254,2944,3099,3153,0,3146,0,0,0,2017-04-21,33464000,3130,3,0,0,0,0,0,0,0,0,3133,2,0,0,0,0,0,0,0,0
524,2017-04-21,09:17:46,0,WH705,XZCE,3132,3126,3146,814,51045520,11034,10942,3254,2944,3099,3153,0,3146,0,0,0,2017-04-21,33466000,3130,3,0,0,0,0,0,0,0,0,3133,3,0,0,0,0,0,0,0,0
525,2017-04-21,09:17:59,0,WH705,XZCE,3132,3126,3146,814,51045520,11034,10942,3254,2944,3099,3153,0,3146,0,0,0,2017-04-21,33479000,3130,3,0,0,0,0,0,0,0,0,3132,1,0,0,0,0,0,0,0,0
526,2017-04-21,09:18:10,0,WH705,XZCE,3132,3126,3146,814,51045520,11034,10942,3254,2944,3099,3153,0,3146,0,0,0,2017-04-21,33490000,3131,1,0,0,0,0,0,0,0,0,3132,1,0,0,0,0,0,0,0,0
527,2017-04-21,09:18:11,0,WH705,XZCE,3132,3126,3146,814,51045520,11034,10942,3254,2944,3099,3153,0,3146,0,0,0,2017-04-21,33491000,3131,1,0,0,0,0,0,0,0,0,3133,3,0,0,0,0,0,0,0,0
528,2017-04-21,09:18:12,0,WH705,XZCE,3132,3126,3146,814,51045520,11034,10942,3254,2944,3099,3153,0,3146,0,0,0,2017-04-21,33492000,3131,1,0,0,0,0,0,0,0,0,3132,1,0,0,0,0,0,0,0,0
529,2017-04-21,09:18:14,0,WH705,XZCE,3132,3126,3146,818,51296080,11034,10942,3254,2944,3099,3153,0,3146,0,0,0,2017-04-21,33494000,3131,1,0,0,0,0,0,0,0,0,3133,3,0,0,0,0,0,0,0,0
530,2017-04-21,09:18:23,0,WH705,XZCE,3131,3126,3146,820,51421320,11034,10942,3254,2944,3099,3153,0,3146,0,0,0,2017-04-21,33503000,3130,3,0,0,0,0,0,0,0,0,3133,3,0,0,0,0,0,0,0,0
531,2017-04-21,09:18:33,0,WH705,XZCE,3131,3126,3146,820,51421320,11034,10942,3254,2944,3099,3153,0,3146,0,0,0,2017-04-21,33513000,3130,3,0,0,0,0,0,0,0,0,3132,1,0,0,0,0,0,0,0,0
532,2017-04-21,09:18:39,0,WH705,XZCE,3131,3126,3146,820,51421320,11034,10942,3254,2944,3099,3153,0,3146,0,0,0,2017-04-21,33519000,3131,1,0,0,0,0,0,0,0,0,3132,1,0,0,0,0,0,0,0,0
533,2017-04-21,09:18:39,0,WH705,XZCE,3131,3126,3146,820,51421320,11034,10942,3254,2944,3099,3153,0,3146,0,0,0,2017-04-21,33519000,3131,1,0,0,0,0,0,0,0,0,3132,2,0,0,0,0,0,0,0,0
534,2017-04-21,09:18:40,0,WH705,XZCE,3131,3126,3146,820,51421320,11034,10942,3254,2944,3099,3153,0,3146,0,0,0,2017-04-21,33520000,3131,1,0,0,0,0,0,0,0,0,3132,1,0,0,0,0,0,0,0,0
535,2017-04-21,09:18:53,0,WH705,XZCE,3132,3126,3146,822,51546600,11032,10942,3254,2944,3099,3153,0,3146,0,0,0,2017-04-21,33533000,3131,1,0,0,0,0,0,0,0,0,3133,6,0,0,0,0,0,0,0,0
536,2017-04-21,09:19:00,0,WH705,XZCE,3132,3126,3146,822,51546600,11032,10942,3254,2944,3099,3153,0,3146,0,0,0,2017-04-21,33540000,3131,1,0,0,0,0,0,0,0,0,3133,8,0,0,0,0,0,0,0,0
537,2017-04-21,09:19:02,0,WH705,XZCE,3131,3126,3146,824,51671840,11030,10942,3254,2944,3099,3153,0,3146,0,0,0,2017-04-21,33542000,3130,3,0,0,0,0,0,0,0,0,3133,8,0,0,0,0,0,0,0,0
538,2017-04-21,09:19:05,0,WH705,XZCE,3131,3126,3146,824,51671840,11030,10942,3254,2944,3099,3153,0,3146,0,0,0,2017-04-21,33545000,3131,1,0,0,0,0,0,0,0,0,3133,8,0,0,0,0,0,0,0,0
539,2017-04-21,09:19:07,0,WH705,XZCE,3131,3126,3146,824,51671840,11030,10942,3254,2944,3099,3153,0,3146,0,0,0,2017-04-21,33547000,3131,1,0,0,0,0,0,0,0,0,3132,1,0,0,0,0,0,0,0,0
540,2017-04-21,09:19:08,0,WH705,XZCE,3131,3126,3146,824,51671840,11030,10942,3254,2944,3099,3153,0,3146,0,0,0,2017-04-21,33548000,3131,1,0,0,0,0,0,0,0,0,3132,5,0,0,0,0,0,0,0,0
541,2017-04-21,09:19:10,0,WH705,XZCE,3131,3126,3146,824,51671840,11030,10942,3254,2944,3099,3153,0,3146,0,0,0,2017-04-21,33550000,3130,3,0,0,0,0,0,0,0,0,3132,5,0,0,0,0,0,0,0,0
542,2017-04-21,09:19:11,0,WH705,XZCE,3131,3126,3146,824,51671840,11030,10942,3254,2944,3099,3153,0,3146,0,0,0,2017-04-21,33551000,3130,3,0,0,0,0,0,0,0,0,3131,1,0,0,0,0,0,0,0,0
543,2017-04-21,09:19:11,0,WH705,XZCE,3131,3126,3146,826,51797080,11028,10942,3254,2944,3099,3153,0,3146,0,0,0,2017-04-21,33551000,3130,3,0,0,0,0,0,0,0,0,3131,4,0,0,0,0,0,0,0,0
544,2017-04-21,09:19:23,0,WH705,XZCE,3131,3126,3146,828,51922320,11026,10942,3254,2944,3099,3153,0,3146,0,0,0,2017-04-21,33563000,3130,3,0,0,0,0,0,0,0,0,3131,3,0,0,0,0,0,0,0,0
545,2017-04-21,09:19:28,0,WH705,XZCE,3131,3126,3146,828,51922320,11026,10942,3254,2944,3099,3153,0,3146,0,0,0,2017-04-21,33568000,3130,2,0,0,0,0,0,0,0,0,3131,3,0,0,0,0,0,0,0,0
546,2017-04-21,09:19:28,0,WH705,XZCE,3131,3126,3146,828,51922320,11026,10942,3254,2944,3099,3153,0,3146,0,0,0,2017-04-21,33568000,3130,2,0,0,0,0,0,0,0,0,3131,5,0,0,0,0,0,0,0,0
547,2017-04-21,09:19:32,0,WH705,XZCE,3131,3126,3146,828,51922320,11026,10942,3254,2944,3099,3153,0,3146,0,0,0,2017-04-21,33572000,3130,2,0,0,0,0,0,0,0,0,3131,6,0,0,0,0,0,0,0,0
548,2017-04-21,09:19:33,0,WH705,XZCE,3131,3126,3146,828,51922320,11026,10942,3254,2944,3099,3153,0,3146,0,0,0,2017-04-21,33573000,3130,2,0,0,0,0,0,0,0,0,3131,7,0,0,0,0,0,0,0,0
549,2017-04-21,09:19:37,0,WH705,XZCE,3130,3126,3146,832,52172720,11026,10942,3254,2944,3099,3153,0,3146,0,0,0,2017-04-21,33577000,3127,3,0,0,0,0,0,0,0,0,3131,7,0,0,0,0,0,0,0,0
550,2017-04-21,09:19:42,0,WH705,XZCE,3130,3126,3146,832,52172720,11026,10942,3254,2944,3099,3153,0,3146,0,0,0,2017-04-21,33582000,3128,1,0,0,0,0,0,0,0,0,3131,6,0,0,0,0,0,0,0,0
551,2017-04-21,09:19:47,0,WH705,XZCE,3130,3126,3146,832,52172720,11026,10942,3254,2944,3099,3153,0,3146,0,0,0,2017-04-21,33587000,3129,1,0,0,0,0,0,0,0,0,3131,6,0,0,0,0,0,0,0,0
552,2017-04-21,09:19:52,0,WH705,XZCE,3129,3126,3146,834,52297880,11026,10942,3254,2944,3099,3153,0,3146,0,0,0,2017-04-21,33592000,3128,2,0,0,0,0,0,0,0,0,3131,6,0,0,0,0,0,0,0,0
553,2017-04-21,09:19:54,0,WH705,XZCE,3129,3126,3146,834,52297880,11026,10942,3254,2944,3099,3153,0,3146,0,0,0,2017-04-21,33594000,3128,2,0,0,0,0,0,0,0,0,3129,1,0,0,0,0,0,0,0,0
554,2017-04-21,09:19:55,0,WH705,XZCE,3129,3126,3146,834,52297880,11026,10942,3254,2944,3099,3153,0,3146,0,0,0,2017-04-21,33595000,3128,2,0,0,0,0,0,0,0,0,3129,4,0,0,0,0,0,0,0,0
555,2017-04-21,09:19:57,0,WH705,XZCE,3129,3126,3146,836,52423040,11026,10942,3254,2944,3099,3153,0,3146,0,0,0,2017-04-21,33597000,3128,2,0,0,0,0,0,0,0,0,3129,3,0,0,0,0,0,0,0,0
556,2017-04-21,09:19:59,0,WH705,XZCE,3129,3126,3146,840,52673360,11022,10942,3254,2944,3099,3153,0,3146,0,0,0,2017-04-21,33599000,3128,2,0,0,0,0,0,0,0,0,3129,1,0,0,0,0,0,0,0,0
557,2017-04-21,09:20:04,0,WH705,XZCE,3128,3126,3146,842,52798480,11024,10942,3254,2944,3099,3153,0,3146,0,0,0,2017-04-21,33604000,3128,2,0,0,0,0,0,0,0,0,3129,1,0,0,0,0,0,0,0,0
558,2017-04-21,09:20:09,0,WH705,XZCE,3128,3126,3146,842,52798480,11024,10942,3254,2944,3099,3153,0,3146,0,0,0,2017-04-21,33609000,3128,4,0,0,0,0,0,0,0,0,3129,1,0,0,0,0,0,0,0,0
559,2017-04-21,09:20:10,0,WH705,XZCE,3128,3126,3146,844,52923600,11024,10942,3254,2944,3099,3153,0,3146,0,0,0,2017-04-21,33610000,3128,3,0,0,0,0,0,0,0,0,3129,1,0,0,0,0,0,0,0,0
560,2017-04-21,09:20:12,0,WH705,XZCE,3129,3126,3146,846,53048760,11022,10942,3254,2944,3099,3153,0,3146,0,0,0,2017-04-21,33612000,3128,3,0,0,0,0,0,0,0,0,3131,3,0,0,0,0,0,0,0,0
561,2017-04-21,09:20:13,0,WH705,XZCE,3129,3126,3146,846,53048760,11022,10942,3254,2944,3099,3153,0,3146,0,0,0,2017-04-21,33613000,3128,3,0,0,0,0,0,0,0,0,3130,1,0,0,0,0,0,0,0,0
562,2017-04-21,09:20:20,0,WH705,XZCE,3129,3126,3146,846,53048760,11022,10942,3254,2944,3099,3153,0,3146,0,0,0,2017-04-21,33620000,3128,3,0,0,0,0,0,0,0,0,3130,2,0,0,0,0,0,0,0,0
563,2017-04-21,09:20:24,0,WH705,XZCE,3129,3126,3146,846,53048760,11022,10942,3254,2944,3099,3153,0,3146,0,0,0,2017-04-21,33624000,3129,2,0,0,0,0,0,0,0,0,3130,2,0,0,0,0,0,0,0,0
564,2017-04-21,09:20:28,0,WH705,XZCE,3129,3126,3146,846,53048760,11022,10942,3254,2944,3099,3153,0,3146,0,0,0,2017-04-21,33628000,3129,2,0,0,0,0,0,0,0,0,3130,1,0,0,0,0,0,0,0,0
565,2017-04-21,09:20:28,0,WH705,XZCE,3129,3126,3146,846,53048760,11022,10942,3254,2944,3099,3153,0,3146,0,0,0,2017-04-21,33628000,3129,4,0,0,0,0,0,0,0,0,3130,1,0,0,0,0,0,0,0,0
