,dataDate,dataTime,dataMillisec,instrumentID,exchangeCD,lastPrice,lowPrice,highPrice,volume,value,openInterest,preOpenInterest,upperLimitPrice,lowerLimitPrice,preSettlementPrice,prevClosePrice,settlementPrice,openPrice,closePrice,preDelta,currDelta,clearingDay,milliSecOffset,bidPrice1,bidVolume1,bidPrice2,bidVolume2,bidPrice3,bidVolume3,bidPrice4,bidVolume4,bidPrice5,bidVolume5,askPrice1,askVolume1,askPrice2,askVolume2,askPrice3,askVolume3,askPrice4,askVolume4,askPrice5,askVolume5
0,2017-04-20,19:29:30,0,ZC705,XZCE,629.0,0.0,0,0,0.0,151962,151962,662.6,587.4,625,629,0.0,0.0,0.0,0,0,2017-04-21,70170000,0.0,0,0,0,0,0,0,0,0,0,0.0,0,0,0,0,0,0,0,0,0
1,2017-04-20,19:29:30,0,ZC705,XZCE,629.0,0.0,0,0,0.0,151962,151962,662.6,587.4,625,629,0.0,629.4,0.0,0,0,2017-04-21,70170000,0.0,0,0,0,0,0,0,0,0,0,0.0,0,0,0,0,0,0,0,0,0
2,2017-04-20,19:29:30,0,ZC705,XZCE,629.0,0.0,0,0,0.0,151962,151962,662.6,587.4,625,629,0.0,631.2,0.0,0,0,2017-04-21,70170000,0.0,0,0,0,0,0,0,0,0,0,0.0,0,0,0,0,0,0,0,0,0
3,2017-04-20,19:29:30,0,ZC705,XZCE,629.0,0.0,0,0,0.0,151962,151962,662.6,587.4,625,629,0.0,630.0,0.0,0,0,2017-04-21,70170000,0.0,0,0,0,0,0,0,0,0,0,0.0,0,0,0,0,0,0,0,0,0
4,2017-04-20,19:29:30,0,ZC705,XZCE,629.0,0.0,0,0,0.0,151962,151962,662.6,587.4,625,629,0.0,628.8,0.0,0,0,2017-04-21,70170000,0.0,0,0,0,0,0,0,0,0,0,0.0,0,0,0,0,0,0,0,0,0
5,2017-04-20,19:29:30,0,ZC705,XZCE,629.0,0.0,0,0,0.0,151962,151962,662.6,587.4,625,629,0.0,629.0,0.0,0,0,2017-04-21,70170000,0.0,0,0,0,0,0,0,0,0,0,0.0,0,0,0,0,0,0,0,0,0
6,2017-04-20,19:29:30,0,ZC705,XZCE,629.0,0.0,0,0,0.0,151962,151962,662.6,587.4,625,629,0.0,628.0,0.0,0,0,2017-04-21,70170000,0.0,0,0,0,0,0,0,0,0,0,0.0,0,0,0,0,0,0,0,0,0
7,2017-04-20,20:59:00,0,ZC705,XZCE,628.0,628.0,628,78,4898400.0,151924,151962,662.6,587.4,625,629,0.0,628.0,0.0,0,0,2017-04-21,75540000,627.6,1,0,0,0,0,0,0,0,0,628.0,168,0,0,0,0,0,0,0,0
8,2017-04-20,21:00:00,0,ZC705,XZCE,627.4,627.4,628,108,6780600.0,151946,151962,662.6,587.4,625,629,0.0,628.0,0.0,0,0,2017-04-21,75600000,627.2,4,0,0,0,0,0,0,0,0,627.4,13,0,0,0,0,0,0,0,0
9,2017-04-20,21:00:01,0,ZC705,XZCE,627.4,627.2,628,124,7784440.0,151940,151962,662.6,587.4,625,629,0.0,628.0,0.0,0,0,2017-04-21,75601000,627.2,1,0,0,0,0,0,0,0,0,627.4,8,0,0,0,0,0,0,0,0
10,2017-04-20,21:00:01,0,ZC705,XZCE,627.2,627.2,628,158,9916920.0,151920,151962,662.6,587.4,625,629,0.0,628.0,0.0,0,0,2017-04-21,75601000,627.0,3,0,0,0,0,0,0,0,0,627.2,13,0,0,0,0,0,0,0,0
11,2017-04-20,21:00:02,0,ZC705,XZCE,627.0,627.0,628,168,10543920.0,151926,151962,662.6,587.4,625,629,0.0,628.0,0.0,0,0,2017-04-21,75602000,627.0,4,0,0,0,0,0,0,0,0,627.2,9,0,0,0,0,0,0,0,0
12,2017-04-20,21:00:02,0,ZC705,XZCE,627.6,627.0,628,210,13179840.0,151906,151962,662.6,587.4,625,629,0.0,628.0,0.0,0,0,2017-04-21,75602000,627.6,18,0,0,0,0,0,0,0,0,627.8,3,0,0,0,0,0,0,0,0
13,2017-04-20,21:00:03,0,ZC705,XZCE,627.6,627.0,628,212,13305360.0,151904,151962,662.6,587.4,625,629,0.0,628.0,0.0,0,0,2017-04-21,75603000,627.6,17,0,0,0,0,0,0,0,0,627.8,3,0,0,0,0,0,0,0,0
14,2017-04-20,21:00:03,0,ZC705,XZCE,627.6,627.0,628,212,13305360.0,151904,151962,662.6,587.4,625,629,0.0,628.0,0.0,0,0,2017-04-21,75603000,627.6,17,0,0,0,0,0,0,0,0,627.8,6,0,0,0,0,0,0,0,0
15,2017-04-20,21:00:04,0,ZC705,XZCE,627.6,627.0,628,226,14184000.0,151902,151962,662.6,587.4,625,629,0.0,628.0,0.0,0,0,2017-04-21,75604000,627.6,16,0,0,0,0,0,0,0,0,628.0,168,0,0,0,0,0,0,0,0
16,2017-04-20,21:00:04,0,ZC705,XZCE,627.6,627.0,628,228,14309520.0,151902,151962,662.6,587.4,625,629,0.0,628.0,0.0,0,0,2017-04-21,75604000,627.6,15,0,0,0,0,0,0,0,0,628.0,168,0,0,0,0,0,0,0,0
17,2017-04-20,21:00:05,0,ZC705,XZCE,627.6,627.0,628,228,14309520.0,151902,151962,662.6,587.4,625,629,0.0,628.0,0.0,0,0,2017-04-21,75605000,627.6,15,0,0,0,0,0,0,0,0,627.8,3,0,0,0,0,0,0,0,0
18,2017-04-20,21:00:05,0,ZC705,XZCE,627.8,627.0,628,230,14435080.0,151904,151962,662.6,587.4,625,629,0.0,628.0,0.0,0,0,2017-04-21,75605000,627.6,15,0,0,0,0,0,0,0,0,627.8,2,0,0,0,0,0,0,0,0
19,2017-04-20,21:00:06,0,ZC705,XZCE,627.4,627.0,628,306,19203320.0,151832,151962,662.6,587.4,625,629,0.0,628.0,0.0,0,0,2017-04-21,75606000,627.4,23,0,0,0,0,0,0,0,0,627.6,30,0,0,0,0,0,0,0,0
20,2017-04-20,21:00:08,0,ZC705,XZCE,627.6,627.0,628,310,19454360.0,151832,151962,662.6,587.4,625,629,0.0,628.0,0.0,0,0,2017-04-21,75608000,627.4,23,0,0,0,0,0,0,0,0,627.8,1,0,0,0,0,0,0,0,0
21,2017-04-20,21:00:10,0,ZC705,XZCE,627.4,627.0,628,314,19705320.0,151828,151962,662.6,587.4,625,629,0.0,628.0,0.0,0,0,2017-04-21,75610000,627.4,21,0,0,0,0,0,0,0,0,627.8,1,0,0,0,0,0,0,0,0
22,2017-04-20,21:00:11,0,ZC705,XZCE,628.0,627.0,628,318,19956520.0,151828,151962,662.6,587.4,625,629,0.0,628.0,0.0,0,0,2017-04-21,75611000,627.8,4,0,0,0,0,0,0,0,0,628.0,168,0,0,0,0,0,0,0,0
23,2017-04-20,21:00:11,0,ZC705,XZCE,627.8,627.0,628,326,20458760.0,151836,151962,662.6,587.4,625,629,0.0,628.0,0.0,0,0,2017-04-21,75611000,627.4,26,0,0,0,0,0,0,0,0,628.0,168,0,0,0,0,0,0,0,0
24,2017-04-20,21:00:11,0,ZC705,XZCE,627.8,627.0,628,326,20458760.0,151836,151962,662.6,587.4,625,629,0.0,628.0,0.0,0,0,2017-04-21,75611000,627.4,36,0,0,0,0,0,0,0,0,628.0,168,0,0,0,0,0,0,0,0
25,2017-04-20,21:00:13,0,ZC705,XZCE,628.0,627.0,628,340,21337960.0,151826,151962,662.6,587.4,625,629,0.0,628.0,0.0,0,0,2017-04-21,75613000,627.4,36,0,0,0,0,0,0,0,0,628.0,161,0,0,0,0,0,0,0,0
26,2017-04-20,21:00:13,0,ZC705,XZCE,628.0,627.0,628,340,21337960.0,151826,151962,662.6,587.4,625,629,0.0,628.0,0.0,0,0,2017-04-21,75613000,627.4,36,0,0,0,0,0,0,0,0,627.8,1,0,0,0,0,0,0,0,0
27,2017-04-20,21:00:14,0,ZC705,XZCE,628.0,627.0,628,340,21337960.0,151826,151962,662.6,587.4,625,629,0.0,628.0,0.0,0,0,2017-04-21,75614000,627.4,44,0,0,0,0,0,0,0,0,627.8,1,0,0,0,0,0,0,0,0
28,2017-04-20,21:00:15,0,ZC705,XZCE,627.8,627.0,628,344,21589080.0,151824,151962,662.6,587.4,625,629,0.0,628.0,0.0,0,0,2017-04-21,75615000,627.4,44,0,0,0,0,0,0,0,0,628.0,162,0,0,0,0,0,0,0,0
29,2017-04-20,21:00:15,0,ZC705,XZCE,628.0,627.0,628,348,21840280.0,151820,151962,662.6,587.4,625,629,0.0,628.0,0.0,0,0,2017-04-21,75615000,627.4,44,0,0,0,0,0,0,0,0,628.0,159,0,0,0,0,0,0,0,0
30,2017-04-20,21:00:16,0,ZC705,XZCE,627.8,627.0,628,352,22091400.0,151820,151962,662.6,587.4,625,629,0.0,628.0,0.0,0,0,2017-04-21,75616000,627.4,44,0,0,0,0,0,0,0,0,628.0,159,0,0,0,0,0,0,0,0
31,2017-04-20,21:00:16,0,ZC705,XZCE,627.6,627.0,628,354,22216920.0,151818,151962,662.6,587.4,625,629,0.0,628.0,0.0,0,0,2017-04-21,75616000,627.4,44,0,0,0,0,0,0,0,0,628.0,159,0,0,0,0,0,0,0,0
32,2017-04-20,21:00:18,0,ZC705,XZCE,627.4,627.0,628,358,22467880.0,151818,151962,662.6,587.4,625,629,0.0,628.0,0.0,0,0,2017-04-21,75618000,627.4,42,0,0,0,0,0,0,0,0,627.6,2,0,0,0,0,0,0,0,0
33,2017-04-20,21:00:19,0,ZC705,XZCE,627.4,627.0,628,364,22844320.0,151814,151962,662.6,587.4,625,629,0.0,628.0,0.0,0,0,2017-04-21,75619000,627.4,39,0,0,0,0,0,0,0,0,627.8,1,0,0,0,0,0,0,0,0
34,2017-04-20,21:00:19,0,ZC705,XZCE,627.8,627.0,628,366,22969880.0,151814,151962,662.6,587.4,625,629,0.0,628.0,0.0,0,0,2017-04-21,75619000,627.4,39,0,0,0,0,0,0,0,0,628.0,211,0,0,0,0,0,0,0,0
35,2017-04-20,21:00:20,0,ZC705,XZCE,627.8,627.0,628,366,22969880.0,151814,151962,662.6,587.4,625,629,0.0,628.0,0.0,0,0,2017-04-21,75620000,627.4,39,0,0,0,0,0,0,0,0,627.8,3,0,0,0,0,0,0,0,0
36,2017-04-20,21:00:20,0,ZC705,XZCE,627.8,627.0,628,370,23220999.99,151814,151962,662.6,587.4,625,629,0.0,628.0,0.0,0,0,2017-04-21,75620000,627.4,39,0,0,0,0,0,0,0,0,627.8,1,0,0,0,0,0,0,0,0
37,2017-04-20,21:00:21,0,ZC705,XZCE,627.8,627.0,628,374,23472119.99,151810,151962,662.6,587.4,625,629,0.0,628.0,0.0,0,0,2017-04-21,75621000,627.4,38,0,0,0,0,0,0,0,0,627.8,3,0,0,0,0,0,0,0,0
38,2017-04-20,21:00:22,0,ZC705,XZCE,627.8,627.0,628,376,23597679.99,151810,151962,662.6,587.4,625,629,0.0,628.0,0.0,0,0,2017-04-21,75622000,627.4,38,0,0,0,0,0,0,0,0,627.8,2,0,0,0,0,0,0,0,0
39,2017-04-20,21:00:23,0,ZC705,XZCE,627.4,627.0,628,382,23974119.99,151808,151962,662.6,587.4,625,629,0.0,628.0,0.0,0,0,2017-04-21,75623000,627.4,36,0,0,0,0,0,0,0,0,627.8,1,0,0,0,0,0,0,0,0
40,2017-04-20,21:00:23,0,ZC705,XZCE,627.8,627.0,628,384,24099679.99,151808,151962,662.6,587.4,625,629,0.0,628.0,0.0,0,0,2017-04-21,75623000,627.4,36,0,0,0,0,0,0,0,0,627.8,7,0,0,0,0,0,0,0,0
41,2017-04-20,21:00:28,0,ZC705,XZCE,627.8,627.0,628,386,24225239.99,151808,151962,662.6,587.4,625,629,0.0,628.0,0.0,0,0,2017-04-21,75628000,627.4,36,0,0,0,0,0,0,0,0,627.8,6,0,0,0,0,0,0,0,0
42,2017-04-20,21:00:28,0,ZC705,XZCE,627.8,627.0,628,386,24225239.99,151808,151962,662.6,587.4,625,629,0.0,628.0,0.0,0,0,2017-04-21,75628000,627.4,38,0,0,0,0,0,0,0,0,627.8,6,0,0,0,0,0,0,0,0
43,2017-04-20,21:00:29,0,ZC705,XZCE,627.8,627.0,628,386,24225239.99,151808,151962,662.6,587.4,625,629,0.0,628.0,0.0,0,0,2017-04-21,75629000,627.6,1,0,0,0,0,0,0,0,0,627.8,6,0,0,0,0,0,0,0,0
44,2017-04-20,21:00:30,0,ZC705,XZCE,627.8,627.0,628,386,24225239.99,151808,151962,662.6,587.4,625,629,0.0,628.0,0.0,0,0,2017-04-21,75630000,627.6,1,0,0,0,0,0,0,0,0,627.8,7,0,0,0,0,0,0,0,0
45,2017-04-20,21:00:31,0,ZC705,XZCE,627.6,627.0,628,388,24350759.99,151808,151962,662.6,587.4,625,629,0.0,628.0,0.0,0,0,2017-04-21,75631000,627.4,38,0,0,0,0,0,0,0,0,627.6,7,0,0,0,0,0,0,0,0
46,2017-04-20,21:00:31,0,ZC705,XZCE,627.4,627.0,628,392,24601719.99,151806,151962,662.6,587.4,625,629,0.0,628.0,0.0,0,0,2017-04-21,75631000,627.4,45,0,0,0,0,0,0,0,0,627.6,6,0,0,0,0,0,0,0,0
47,2017-04-20,21:00:32,0,ZC705,XZCE,627.4,627.0,628,392,24601719.99,151806,151962,662.6,587.4,625,629,0.0,628.0,0.0,0,0,2017-04-21,75632000,627.4,45,0,0,0,0,0,0,0,0,627.8,7,0,0,0,0,0,0,0,0
48,2017-04-20,21:00:32,0,ZC705,XZCE,627.4,627.0,628,392,24601719.99,151806,151962,662.6,587.4,625,629,0.0,628.0,0.0,0,0,2017-04-21,75632000,627.4,45,0,0,0,0,0,0,0,0,627.6,3,0,0,0,0,0,0,0,0
49,2017-04-20,21:00:33,0,ZC705,XZCE,627.4,627.0,628,394,24727199.99,151804,151962,662.6,587.4,625,629,0.0,628.0,0.0,0,0,2017-04-21,75633000,627.4,44,0,0,0,0,0,0,0,0,627.6,3,0,0,0,0,0,0,0,0
50,2017-04-20,21:00:35,0,ZC705,XZCE,627.8,627.0,628,408,25606119.99,151802,151962,662.6,587.4,625,629,0.0,628.0,0.0,0,0,2017-04-21,75635000,627.6,4,0,0,0,0,0,0,0,0,627.8,4,0,0,0,0,0,0,0,0
51,2017-04-20,21:00:35,0,ZC705,XZCE,627.6,627.0,628,410,25731639.99,151800,151962,662.6,587.4,625,629,0.0,628.0,0.0,0,0,2017-04-21,75635000,627.6,3,0,0,0,0,0,0,0,0,627.8,4,0,0,0,0,0,0,0,0
52,2017-04-20,21:00:37,0,ZC705,XZCE,627.6,627.0,628,412,25857159.99,151798,151962,662.6,587.4,625,629,0.0,628.0,0.0,0,0,2017-04-21,75637000,627.6,2,0,0,0,0,0,0,0,0,627.8,4,0,0,0,0,0,0,0,0
53,2017-04-20,21:00:38,0,ZC705,XZCE,627.6,627.0,628,414,25982679.99,151796,151962,662.6,587.4,625,629,0.0,628.0,0.0,0,0,2017-04-21,75638000,627.6,1,0,0,0,0,0,0,0,0,627.8,4,0,0,0,0,0,0,0,0
54,2017-04-20,21:00:38,0,ZC705,XZCE,627.6,627.0,628,416,26108199.99,151794,151962,662.6,587.4,625,629,0.0,628.0,0.0,0,0,2017-04-21,75638000,627.4,44,0,0,0,0,0,0,0,0,627.8,28,0,0,0,0,0,0,0,0
55,2017-04-20,21:00:39,0,ZC705,XZCE,627.8,627.0,628,424,26610439.99,151786,151962,662.6,587.4,625,629,0.0,628.0,0.0,0,0,2017-04-21,75639000,627.4,43,0,0,0,0,0,0,0,0,627.8,26,0,0,0,0,0,0,0,0
56,2017-04-20,21:00:40,0,ZC705,XZCE,627.4,627.0,628,430,26986879.99,151782,151962,662.6,587.4,625,629,0.0,628.0,0.0,0,0,2017-04-21,75640000,627.4,41,0,0,0,0,0,0,0,0,627.8,25,0,0,0,0,0,0,0,0
57,2017-04-20,21:00:42,0,ZC705,XZCE,627.8,627.0,628,464,29121399.99,151750,151962,662.6,587.4,625,629,0.0,628.0,0.0,0,0,2017-04-21,75642000,627.4,41,0,0,0,0,0,0,0,0,627.8,8,0,0,0,0,0,0,0,0
58,2017-04-20,21:00:42,0,ZC705,XZCE,627.4,627.0,628,466,29246879.99,151748,151962,662.6,587.4,625,629,0.0,628.0,0.0,0,0,2017-04-21,75642000,627.4,40,0,0,0,0,0,0,0,0,627.8,8,0,0,0,0,0,0,0,0
59,2017-04-20,21:00:43,0,ZC705,XZCE,627.4,627.0,628,506,31756479.99,151748,151962,662.6,587.4,625,629,0.0,628.0,0.0,0,0,2017-04-21,75643000,627.4,20,0,0,0,0,0,0,0,0,627.8,8,0,0,0,0,0,0,0,0
60,2017-04-20,21:00:43,0,ZC705,XZCE,627.4,627.0,628,508,31881959.99,151748,151962,662.6,587.4,625,629,0.0,628.0,0.0,0,0,2017-04-21,75643000,627.4,19,0,0,0,0,0,0,0,0,627.8,8,0,0,0,0,0,0,0,0
61,2017-04-20,21:00:44,0,ZC705,XZCE,627.8,627.0,628,514,32258639.99,151742,151962,662.6,587.4,625,629,0.0,628.0,0.0,0,0,2017-04-21,75644000,627.4,19,0,0,0,0,0,0,0,0,627.8,5,0,0,0,0,0,0,0,0
62,2017-04-20,21:00:46,0,ZC705,XZCE,627.4,627.0,628,522,32760559.99,151734,151962,662.6,587.4,625,629,0.0,628.0,0.0,0,0,2017-04-21,75646000,627.4,15,0,0,0,0,0,0,0,0,627.6,3,0,0,0,0,0,0,0,0
63,2017-04-20,21:00:48,0,ZC705,XZCE,627.4,627.0,628,524,32886039.99,151732,151962,662.6,587.4,625,629,0.0,628.0,0.0,0,0,2017-04-21,75648000,627.4,14,0,0,0,0,0,0,0,0,627.6,3,0,0,0,0,0,0,0,0
64,2017-04-20,21:00:49,0,ZC705,XZCE,627.4,627.0,628,524,32886039.99,151732,151962,662.6,587.4,625,629,0.0,628.0,0.0,0,0,2017-04-21,75649000,627.4,14,0,0,0,0,0,0,0,0,627.6,4,0,0,0,0,0,0,0,0
65,2017-04-20,21:00:52,0,ZC705,XZCE,627.6,627.0,628,526,33011559.99,151730,151962,662.6,587.4,625,629,0.0,628.0,0.0,0,0,2017-04-21,75652000,627.4,14,0,0,0,0,0,0,0,0,627.6,3,0,0,0,0,0,0,0,0
66,2017-04-20,21:00:53,0,ZC705,XZCE,627.6,627.0,628,526,33011559.99,151730,151962,662.6,587.4,625,629,0.0,628.0,0.0,0,0,2017-04-21,75653000,627.4,16,0,0,0,0,0,0,0,0,627.6,3,0,0,0,0,0,0,0,0
67,2017-04-20,21:00:54,0,ZC705,XZCE,627.6,627.0,628,528,33137079.99,151730,151962,662.6,587.4,625,629,0.0,628.0,0.0,0,0,2017-04-21,75654000,627.4,16,0,0,0,0,0,0,0,0,627.6,2,0,0,0,0,0,0,0,0
68,2017-04-20,21:00:55,0,ZC705,XZCE,627.6,627.0,628,530,33262599.99,151728,151962,662.6,587.4,625,629,0.0,628.0,0.0,0,0,2017-04-21,75655000,627.4,16,0,0,0,0,0,0,0,0,627.6,1,0,0,0,0,0,0,0,0
69,2017-04-20,21:00:56,0,ZC705,XZCE,627.6,627.0,628,532,33388119.99,151728,151962,662.6,587.4,625,629,0.0,628.0,0.0,0,0,2017-04-21,75656000,627.4,16,0,0,0,0,0,0,0,0,627.8,40,0,0,0,0,0,0,0,0
70,2017-04-20,21:00:58,0,ZC705,XZCE,627.8,627.0,628,534,33513679.99,151726,151962,662.6,587.4,625,629,0.0,628.0,0.0,0,0,2017-04-21,75658000,627.4,16,0,0,0,0,0,0,0,0,627.8,39,0,0,0,0,0,0,0,0
71,2017-04-20,21:00:58,0,ZC705,XZCE,627.4,627.0,628,554,34768479.99,151706,151962,662.6,587.4,625,629,0.0,628.0,0.0,0,0,2017-04-21,75658000,627.4,6,0,0,0,0,0,0,0,0,627.8,40,0,0,0,0,0,0,0,0
72,2017-04-20,21:00:59,0,ZC705,XZCE,627.4,627.0,628,554,34768479.99,151706,151962,662.6,587.4,625,629,0.0,628.0,0.0,0,0,2017-04-21,75659000,627.4,6,0,0,0,0,0,0,0,0,627.6,15,0,0,0,0,0,0,0,0
73,2017-04-20,21:01:00,0,ZC705,XZCE,627.6,627.0,628,556,34893999.99,151706,151962,662.6,587.4,625,629,0.0,628.0,0.0,0,0,2017-04-21,75660000,627.4,6,0,0,0,0,0,0,0,0,627.6,15,0,0,0,0,0,0,0,0
74,2017-04-20,21:01:02,0,ZC705,XZCE,627.6,627.0,628,556,34893999.99,151706,151962,662.6,587.4,625,629,0.0,628.0,0.0,0,0,2017-04-21,75662000,627.4,9,0,0,0,0,0,0,0,0,627.6,15,0,0,0,0,0,0,0,0
75,2017-04-20,21:01:03,0,ZC705,XZCE,627.6,627.0,628,556,34893999.99,151706,151962,662.6,587.4,625,629,0.0,628.0,0.0,0,0,2017-04-21,75663000,627.4,10,0,0,0,0,0,0,0,0,627.6,15,0,0,0,0,0,0,0,0
76,2017-04-20,21:01:03,0,ZC705,XZCE,627.6,627.0,628,556,34893999.99,151706,151962,662.6,587.4,625,629,0.0,628.0,0.0,0,0,2017-04-21,75663000,627.4,9,0,0,0,0,0,0,0,0,627.6,15,0,0,0,0,0,0,0,0
77,2017-04-20,21:01:04,0,ZC705,XZCE,627.6,627.0,628,580,36400239.99,151686,151962,662.6,587.4,625,629,0.0,628.0,0.0,0,0,2017-04-21,75664000,627.4,9,0,0,0,0,0,0,0,0,627.6,3,0,0,0,0,0,0,0,0
78,2017-04-20,21:01:06,0,ZC705,XZCE,627.6,627.0,628,582,36525759.99,151684,151962,662.6,587.4,625,629,0.0,628.0,0.0,0,0,2017-04-21,75666000,627.4,9,0,0,0,0,0,0,0,0,627.6,2,0,0,0,0,0,0,0,0
79,2017-04-20,21:01:07,0,ZC705,XZCE,627.6,627.0,628,582,36525759.99,151684,151962,662.6,587.4,625,629,0.0,628.0,0.0,0,0,2017-04-21,75667000,627.4,12,0,0,0,0,0,0,0,0,627.6,2,0,0,0,0,0,0,0,0
80,2017-04-20,21:01:08,0,ZC705,XZCE,627.4,627.0,628,586,36776719.99,151684,151962,662.6,587.4,625,629,0.0,628.0,0.0,0,0,2017-04-21,75668000,627.4,10,0,0,0,0,0,0,0,0,627.6,2,0,0,0,0,0,0,0,0
81,2017-04-20,21:01:08,0,ZC705,XZCE,627.4,627.0,628,598,37529599.99,151672,151962,662.6,587.4,625,629,0.0,628.0,0.0,0,0,2017-04-21,75668000,627.4,4,0,0,0,0,0,0,0,0,627.6,2,0,0,0,0,0,0,0,0
82,2017-04-20,21:01:10,0,ZC705,XZCE,627.6,627.0,628,600,37655119.99,151670,151962,662.6,587.4,625,629,0.0,628.0,0.0,0,0,2017-04-21,75670000,627.4,5,0,0,0,0,0,0,0,0,627.6,1,0,0,0,0,0,0,0,0
83,2017-04-20,21:01:10,0,ZC705,XZCE,627.2,627.0,628,614,38533199.99,151666,151962,662.6,587.4,625,629,0.0,628.0,0.0,0,0,2017-04-21,75670000,627.2,21,0,0,0,0,0,0,0,0,627.6,2,0,0,0,0,0,0,0,0
84,2017-04-20,21:01:11,0,ZC705,XZCE,627.6,627.0,628,622,39035279.99,151664,151962,662.6,587.4,625,629,0.0,628.0,0.0,0,0,2017-04-21,75671000,627.2,21,0,0,0,0,0,0,0,0,627.6,2,0,0,0,0,0,0,0,0
85,2017-04-20,21:01:11,0,ZC705,XZCE,627.6,627.0,628,626,39286319.99,151664,151962,662.6,587.4,625,629,0.0,628.0,0.0,0,0,2017-04-21,75671000,627.2,3,0,0,0,0,0,0,0,0,627.8,40,0,0,0,0,0,0,0,0
86,2017-04-20,21:01:12,0,ZC705,XZCE,627.6,627.0,628,626,39286319.99,151664,151962,662.6,587.4,625,629,0.0,628.0,0.0,0,0,2017-04-21,75672000,627.4,3,0,0,0,0,0,0,0,0,627.8,40,0,0,0,0,0,0,0,0
87,2017-04-20,21:01:13,0,ZC705,XZCE,627.8,627.0,628,628,39411879.99,151662,151962,662.6,587.4,625,629,0.0,628.0,0.0,0,0,2017-04-21,75673000,627.4,3,0,0,0,0,0,0,0,0,627.8,39,0,0,0,0,0,0,0,0
88,2017-04-20,21:01:13,0,ZC705,XZCE,627.4,627.0,628,630,39537359.99,151662,151962,662.6,587.4,625,629,0.0,628.0,0.0,0,0,2017-04-21,75673000,627.4,2,0,0,0,0,0,0,0,0,627.8,39,0,0,0,0,0,0,0,0
89,2017-04-20,21:01:14,0,ZC705,XZCE,627.8,627.0,628,632,39662919.98,151660,151962,662.6,587.4,625,629,0.0,628.0,0.0,0,0,2017-04-21,75674000,627.4,5,0,0,0,0,0,0,0,0,627.8,38,0,0,0,0,0,0,0,0
90,2017-04-20,21:01:15,0,ZC705,XZCE,627.4,627.0,628,634,39788399.98,151658,151962,662.6,587.4,625,629,0.0,628.0,0.0,0,0,2017-04-21,75675000,627.4,4,0,0,0,0,0,0,0,0,627.8,38,0,0,0,0,0,0,0,0
91,2017-04-20,21:01:16,0,ZC705,XZCE,627.8,627.0,628,658,41295119.98,151634,151962,662.6,587.4,625,629,0.0,628.0,0.0,0,0,2017-04-21,75676000,627.4,4,0,0,0,0,0,0,0,0,627.8,26,0,0,0,0,0,0,0,0
92,2017-04-20,21:01:16,0,ZC705,XZCE,627.8,627.0,628,658,41295119.98,151634,151962,662.6,587.4,625,629,0.0,628.0,0.0,0,0,2017-04-21,75676000,627.4,5,0,0,0,0,0,0,0,0,627.8,26,0,0,0,0,0,0,0,0
93,2017-04-20,21:01:18,0,ZC705,XZCE,627.4,627.0,628,660,41420599.98,151632,151962,662.6,587.4,625,629,0.0,628.0,0.0,0,0,2017-04-21,75678000,627.4,4,0,0,0,0,0,0,0,0,627.8,28,0,0,0,0,0,0,0,0
94,2017-04-20,21:01:20,0,ZC705,XZCE,627.4,627.0,628,662,41546079.98,151630,151962,662.6,587.4,625,629,0.0,628.0,0.0,0,0,2017-04-21,75680000,627.4,6,0,0,0,0,0,0,0,0,627.8,28,0,0,0,0,0,0,0,0
95,2017-04-20,21:01:21,0,ZC705,XZCE,627.8,627.0,628,666,41797199.98,151626,151962,662.6,587.4,625,629,0.0,628.0,0.0,0,0,2017-04-21,75681000,627.4,6,0,0,0,0,0,0,0,0,627.8,26,0,0,0,0,0,0,0,0
96,2017-04-20,21:01:21,0,ZC705,XZCE,627.8,627.0,628,672,42173879.98,151626,151962,662.6,587.4,625,629,0.0,628.0,0.0,0,0,2017-04-21,75681000,627.4,6,0,0,0,0,0,0,0,0,627.8,23,0,0,0,0,0,0,0,0
97,2017-04-20,21:01:22,0,ZC705,XZCE,627.8,627.0,628,672,42173879.98,151626,151962,662.6,587.4,625,629,0.0,628.0,0.0,0,0,2017-04-21,75682000,627.4,6,0,0,0,0,0,0,0,0,627.6,6,0,0,0,0,0,0,0,0
98,2017-04-20,21:01:22,0,ZC705,XZCE,627.6,627.0,628,684,42926999.98,151626,151962,662.6,587.4,625,629,0.0,628.0,0.0,0,0,2017-04-21,75682000,627.6,9,0,0,0,0,0,0,0,0,627.8,23,0,0,0,0,0,0,0,0
99,2017-04-20,21:01:23,0,ZC705,XZCE,627.8,627.0,628,686,43052559.98,151624,151962,662.6,587.4,625,629,0.0,628.0,0.0,0,0,2017-04-21,75683000,627.6,9,0,0,0,0,0,0,0,0,627.8,22,0,0,0,0,0,0,0,0
100,2017-04-20,21:01:23,0,ZC705,XZCE,627.8,627.0,628,692,43429239.98,151618,151962,662.6,587.4,625,629,0.0,628.0,0.0,0,0,2017-04-21,75683000,627.6,9,0,0,0,0,0,0,0,0,627.8,19,0,0,0,0,0,0,0,0
101,2017-04-20,21:01:24,0,ZC705,XZCE,627.6,627.0,628,698,43805799.98,151614,151962,662.6,587.4,625,629,0.0,628.0,0.0,0,0,2017-04-21,75684000,627.6,8,0,0,0,0,0,0,0,0,627.8,17,0,0,0,0,0,0,0,0
102,2017-04-20,21:01:26,0,ZC705,XZCE,627.6,627.0,628,698,43805799.98,151614,151962,662.6,587.4,625,629,0.0,628.0,0.0,0,0,2017-04-21,75686000,627.6,3,0,0,0,0,0,0,0,0,627.8,18,0,0,0,0,0,0,0,0
103,2017-04-20,21:01:26,0,ZC705,XZCE,627.6,627.0,628,698,43805799.98,151614,151962,662.6,587.4,625,629,0.0,628.0,0.0,0,0,2017-04-21,75686000,627.6,8,0,0,0,0,0,0,0,0,627.8,18,0,0,0,0,0,0,0,0
104,2017-04-20,21:01:31,0,ZC705,XZCE,627.8,627.0,628,734,46065879.98,151586,151962,662.6,587.4,625,629,0.0,628.0,0.0,0,0,2017-04-21,75691000,627.6,13,0,0,0,0,0,0,0,0,628.0,166,0,0,0,0,0,0,0,0
105,2017-04-20,21:01:31,0,ZC705,XZCE,627.8,627.0,628,734,46065879.98,151586,151962,662.6,587.4,625,629,0.0,628.0,0.0,0,0,2017-04-21,75691000,627.6,13,0,0,0,0,0,0,0,0,628.0,165,0,0,0,0,0,0,0,0
106,2017-04-20,21:01:32,0,ZC705,XZCE,627.6,627.0,628,736,46191399.98,151586,151962,662.6,587.4,625,629,0.0,628.0,0.0,0,0,2017-04-21,75692000,627.6,12,0,0,0,0,0,0,0,0,628.0,165,0,0,0,0,0,0,0,0
107,2017-04-20,21:01:33,0,ZC705,XZCE,627.6,627.0,628,736,46191399.98,151586,151962,662.6,587.4,625,629,0.0,628.0,0.0,0,0,2017-04-21,75693000,627.6,12,0,0,0,0,0,0,0,0,627.8,25,0,0,0,0,0,0,0,0
108,2017-04-20,21:01:34,0,ZC705,XZCE,627.8,627.0,628,744,46693639.98,151586,151962,662.6,587.4,625,629,0.0,628.0,0.0,0,0,2017-04-21,75694000,627.6,12,0,0,0,0,0,0,0,0,627.8,21,0,0,0,0,0,0,0,0
109,2017-04-20,21:01:35,0,ZC705,XZCE,627.8,627.0,628,744,46693639.98,151586,151962,662.6,587.4,625,629,0.0,628.0,0.0,0,0,2017-04-21,75695000,627.6,17,0,0,0,0,0,0,0,0,627.8,21,0,0,0,0,0,0,0,0
110,2017-04-20,21:01:36,0,ZC705,XZCE,627.8,627.0,628,744,46693639.98,151586,151962,662.6,587.4,625,629,0.0,628.0,0.0,0,0,2017-04-21,75696000,627.6,17,0,0,0,0,0,0,0,0,627.8,26,0,0,0,0,0,0,0,0
111,2017-04-20,21:01:37,0,ZC705,XZCE,627.6,627.0,628,746,46819159.98,151584,151962,662.6,587.4,625,629,0.0,628.0,0.0,0,0,2017-04-21,75697000,627.6,16,0,0,0,0,0,0,0,0,627.8,26,0,0,0,0,0,0,0,0
112,2017-04-20,21:01:38,0,ZC705,XZCE,627.8,627.0,628,786,49330359.98,151584,151962,662.6,587.4,625,629,0.0,628.0,0.0,0,0,2017-04-21,75698000,627.6,16,0,0,0,0,0,0,0,0,627.8,6,0,0,0,0,0,0,0,0
113,2017-04-20,21:01:39,0,ZC705,XZCE,627.8,627.0,628,788,49455919.98,151582,151962,662.6,587.4,625,629,0.0,628.0,0.0,0,0,2017-04-21,75699000,627.6,16,0,0,0,0,0,0,0,0,627.8,5,0,0,0,0,0,0,0,0
114,2017-04-20,21:01:43,0,ZC705,XZCE,627.8,627.0,628,790,49581479.98,151582,151962,662.6,587.4,625,629,0.0,628.0,0.0,0,0,2017-04-21,75703000,627.6,16,0,0,0,0,0,0,0,0,627.8,4,0,0,0,0,0,0,0,0
115,2017-04-20,21:01:44,0,ZC705,XZCE,627.6,627.0,628,792,49706999.98,151582,151962,662.6,587.4,625,629,0.0,628.0,0.0,0,0,2017-04-21,75704000,627.6,15,0,0,0,0,0,0,0,0,627.8,4,0,0,0,0,0,0,0,0
116,2017-04-20,21:01:45,0,ZC705,XZCE,627.6,627.0,628,792,49706999.98,151582,151962,662.6,587.4,625,629,0.0,628.0,0.0,0,0,2017-04-21,75705000,627.6,15,0,0,0,0,0,0,0,0,627.8,7,0,0,0,0,0,0,0,0
117,2017-04-20,21:01:46,0,ZC705,XZCE,627.6,627.0,628,792,49706999.98,151582,151962,662.6,587.4,625,629,0.0,628.0,0.0,0,0,2017-04-21,75706000,627.6,15,0,0,0,0,0,0,0,0,627.8,4,0,0,0,0,0,0,0,0
118,2017-04-20,21:01:48,0,ZC705,XZCE,627.6,627.0,628,794,49832519.98,151580,151962,662.6,587.4,625,629,0.0,628.0,0.0,0,0,2017-04-21,75708000,627.6,14,0,0,0,0,0,0,0,0,627.8,4,0,0,0,0,0,0,0,0
119,2017-04-20,21:01:51,0,ZC705,XZCE,627.6,627.0,628,794,49832519.98,151580,151962,662.6,587.4,625,629,0.0,628.0,0.0,0,0,2017-04-21,75711000,627.6,14,0,0,0,0,0,0,0,0,627.8,7,0,0,0,0,0,0,0,0
120,2017-04-20,21:01:52,0,ZC705,XZCE,627.8,627.0,628,796,49958079.98,151580,151962,662.6,587.4,625,629,0.0,628.0,0.0,0,0,2017-04-21,75712000,627.6,14,0,0,0,0,0,0,0,0,627.8,6,0,0,0,0,0,0,0,0
121,2017-04-20,21:01:53,0,ZC705,XZCE,627.6,627.0,628,824,51715359.98,151554,151962,662.6,587.4,625,629,0.0,628.0,0.0,0,0,2017-04-21,75713000,627.4,8,0,0,0,0,0,0,0,0,627.8,6,0,0,0,0,0,0,0,0
122,2017-04-20,21:01:53,0,ZC705,XZCE,627.4,627.0,628,836,52468239.98,151554,151962,662.6,587.4,625,629,0.0,628.0,0.0,0,0,2017-04-21,75713000,627.2,15,0,0,0,0,0,0,0,0,627.4,3,0,0,0,0,0,0,0,0
123,2017-04-20,21:01:54,0,ZC705,XZCE,627.4,627.0,628,838,52593719.98,151552,151962,662.6,587.4,625,629,0.0,628.0,0.0,0,0,2017-04-21,75714000,627.2,15,0,0,0,0,0,0,0,0,627.4,2,0,0,0,0,0,0,0,0
124,2017-04-20,21:01:56,0,ZC705,XZCE,627.2,627.0,628,868,54475319.98,151522,151962,662.6,587.4,625,629,0.0,628.0,0.0,0,0,2017-04-21,75716000,627.0,15,0,0,0,0,0,0,0,0,627.4,2,0,0,0,0,0,0,0,0
125,2017-04-20,21:01:56,0,ZC705,XZCE,627.2,627.0,628,872,54726199.98,151518,151962,662.6,587.4,625,629,0.0,628.0,0.0,0,0,2017-04-21,75716000,627.0,16,0,0,0,0,0,0,0,0,627.4,2,0,0,0,0,0,0,0,0
126,2017-04-20,21:01:57,0,ZC705,XZCE,627.4,627.0,628,874,54851679.98,151516,151962,662.6,587.4,625,629,0.0,628.0,0.0,0,0,2017-04-21,75717000,627.0,15,0,0,0,0,0,0,0,0,627.4,1,0,0,0,0,0,0,0,0
127,2017-04-20,21:01:58,0,ZC705,XZCE,627.2,627.0,628,878,55102559.98,151516,151962,662.6,587.4,625,629,0.0,628.0,0.0,0,0,2017-04-21,75718000,627.2,1,0,0,0,0,0,0,0,0,627.6,6,0,0,0,0,0,0,0,0
128,2017-04-20,21:01:58,0,ZC705,XZCE,627.2,627.0,628,878,55102559.98,151516,151962,662.6,587.4,625,629,0.0,628.0,0.0,0,0,2017-04-21,75718000,627.2,1,0,0,0,0,0,0,0,0,627.6,9,0,0,0,0,0,0,0,0
129,2017-04-20,21:01:59,0,ZC705,XZCE,627.2,627.0,628,880,55227999.98,151516,151962,662.6,587.4,625,629,0.0,628.0,0.0,0,0,2017-04-21,75719000,627.2,3,0,0,0,0,0,0,0,0,627.6,9,0,0,0,0,0,0,0,0
130,2017-04-20,21:02:02,0,ZC705,XZCE,627.2,627.0,628,886,55604319.98,151516,151962,662.6,587.4,625,629,0.0,628.0,0.0,0,0,2017-04-21,75722000,627.0,15,0,0,0,0,0,0,0,0,627.6,9,0,0,0,0,0,0,0,0
131,2017-04-20,21:02:04,0,ZC705,XZCE,627.2,627.0,628,894,56106079.98,151510,151962,662.6,587.4,625,629,0.0,628.0,0.0,0,0,2017-04-21,75724000,627.0,15,0,0,0,0,0,0,0,0,627.6,3,0,0,0,0,0,0,0,0
132,2017-04-20,21:02:05,0,ZC705,XZCE,627.6,627.0,628,900,56482639.98,151504,151962,662.6,587.4,625,629,0.0,628.0,0.0,0,0,2017-04-21,75725000,627.2,2,0,0,0,0,0,0,0,0,627.4,3,0,0,0,0,0,0,0,0
133,2017-04-20,21:02:05,0,ZC705,XZCE,627.0,627.0,628,906,56858839.98,151498,151962,662.6,587.4,625,629,0.0,628.0,0.0,0,0,2017-04-21,75725000,627.0,14,0,0,0,0,0,0,0,0,627.4,6,0,0,0,0,0,0,0,0
134,2017-04-20,21:02:06,0,ZC705,XZCE,627.0,627.0,628,906,56858839.98,151498,151962,662.6,587.4,625,629,0.0,628.0,0.0,0,0,2017-04-21,75726000,627.0,14,0,0,0,0,0,0,0,0,627.4,8,0,0,0,0,0,0,0,0
135,2017-04-20,21:02:09,0,ZC705,XZCE,627.0,627.0,628,908,56984239.98,151496,151962,662.6,587.4,625,629,0.0,628.0,0.0,0,0,2017-04-21,75729000,627.0,13,0,0,0,0,0,0,0,0,627.4,8,0,0,0,0,0,0,0,0
136,2017-04-20,21:02:10,0,ZC705,XZCE,627.2,627.0,628,910,57109679.98,151494,151962,662.6,587.4,625,629,0.0,628.0,0.0,0,0,2017-04-21,75730000,627.0,13,0,0,0,0,0,0,0,0,627.2,1,0,0,0,0,0,0,0,0
137,2017-04-20,21:02:11,0,ZC705,XZCE,627.0,627.0,628,916,57485879.98,151488,151962,662.6,587.4,625,629,0.0,628.0,0.0,0,0,2017-04-21,75731000,627.0,10,0,0,0,0,0,0,0,0,627.2,1,0,0,0,0,0,0,0,0
138,2017-04-20,21:02:13,0,ZC705,XZCE,627.0,627.0,628,916,57485879.98,151488,151962,662.6,587.4,625,629,0.0,628.0,0.0,0,0,2017-04-21,75733000,627.0,13,0,0,0,0,0,0,0,0,627.2,1,0,0,0,0,0,0,0,0
139,2017-04-20,21:02:14,0,ZC705,XZCE,627.0,627.0,628,918,57611279.98,151488,151962,662.6,587.4,625,629,0.0,628.0,0.0,0,0,2017-04-21,75734000,627.0,12,0,0,0,0,0,0,0,0,627.2,1,0,0,0,0,0,0,0,0
140,2017-04-20,21:02:15,0,ZC705,XZCE,627.0,627.0,628,920,57736679.98,151488,151962,662.6,587.4,625,629,0.0,628.0,0.0,0,0,2017-04-21,75735000,627.0,11,0,0,0,0,0,0,0,0,627.2,1,0,0,0,0,0,0,0,0
141,2017-04-20,21:02:16,0,ZC705,XZCE,627.0,627.0,628,934,58614479.98,151484,151962,662.6,587.4,625,629,0.0,628.0,0.0,0,0,2017-04-21,75736000,627.0,4,0,0,0,0,0,0,0,0,627.2,3,0,0,0,0,0,0,0,0
142,2017-04-20,21:02:16,0,ZC705,XZCE,627.0,627.0,628,942,59116079.98,151478,151962,662.6,587.4,625,629,0.0,628.0,0.0,0,0,2017-04-21,75736000,626.8,7,0,0,0,0,0,0,0,0,627.0,6,0,0,0,0,0,0,0,0
143,2017-04-20,21:02:17,0,ZC705,XZCE,626.8,626.8,628,944,59241439.98,151476,151962,662.6,587.4,625,629,0.0,628.0,0.0,0,0,2017-04-21,75737000,626.8,6,0,0,0,0,0,0,0,0,627.0,6,0,0,0,0,0,0,0,0
144,2017-04-20,21:02:17,0,ZC705,XZCE,626.8,626.8,628,946,59366799.98,151476,151962,662.6,587.4,625,629,0.0,628.0,0.0,0,0,2017-04-21,75737000,626.8,5,0,0,0,0,0,0,0,0,627.0,6,0,0,0,0,0,0,0,0
145,2017-04-20,21:02:18,0,ZC705,XZCE,626.8,626.8,628,948,59492159.98,151474,151962,662.6,587.4,625,629,0.0,628.0,0.0,0,0,2017-04-21,75738000,626.8,4,0,0,0,0,0,0,0,0,627.0,6,0,0,0,0,0,0,0,0
146,2017-04-20,21:02:19,0,ZC705,XZCE,627.0,626.8,628,950,59617559.98,151474,151962,662.6,587.4,625,629,0.0,628.0,0.0,0,0,2017-04-21,75739000,626.8,4,0,0,0,0,0,0,0,0,627.0,6,0,0,0,0,0,0,0,0
147,2017-04-20,21:02:19,0,ZC705,XZCE,627.0,626.8,628,952,59742959.98,151474,151962,662.6,587.4,625,629,0.0,628.0,0.0,0,0,2017-04-21,75739000,626.8,4,0,0,0,0,0,0,0,0,627.0,5,0,0,0,0,0,0,0,0
148,2017-04-20,21:02:23,0,ZC705,XZCE,626.8,626.8,628,960,60244399.97,151466,151962,662.6,587.4,625,629,0.0,628.0,0.0,0,0,2017-04-21,75743000,626.6,8,0,0,0,0,0,0,0,0,626.8,9,0,0,0,0,0,0,0,0
149,2017-04-20,21:02:24,0,ZC705,XZCE,626.6,626.6,628,962,60369719.97,151466,151962,662.6,587.4,625,629,0.0,628.0,0.0,0,0,2017-04-21,75744000,626.6,7,0,0,0,0,0,0,0,0,626.8,9,0,0,0,0,0,0,0,0
150,2017-04-20,21:02:24,0,ZC705,XZCE,626.8,626.6,628,972,60996519.97,151456,151962,662.6,587.4,625,629,0.0,628.0,0.0,0,0,2017-04-21,75744000,626.6,7,0,0,0,0,0,0,0,0,626.8,4,0,0,0,0,0,0,0,0
151,2017-04-20,21:02:25,0,ZC705,XZCE,626.8,626.6,628,972,60996519.97,151456,151962,662.6,587.4,625,629,0.0,628.0,0.0,0,0,2017-04-21,75745000,626.6,7,0,0,0,0,0,0,0,0,626.8,7,0,0,0,0,0,0,0,0
152,2017-04-20,21:02:26,0,ZC705,XZCE,626.6,626.6,628,980,61497799.97,151456,151962,662.6,587.4,625,629,0.0,628.0,0.0,0,0,2017-04-21,75746000,626.6,3,0,0,0,0,0,0,0,0,626.8,7,0,0,0,0,0,0,0,0
153,2017-04-20,21:02:28,0,ZC705,XZCE,626.6,626.6,628,986,61873759.97,151450,151962,662.6,587.4,625,629,0.0,628.0,0.0,0,0,2017-04-21,75748000,626.6,1,0,0,0,0,0,0,0,0,626.8,6,0,0,0,0,0,0,0,0
154,2017-04-20,21:02:29,0,ZC705,XZCE,626.6,626.6,628,988,61999079.97,151448,151962,662.6,587.4,625,629,0.0,628.0,0.0,0,0,2017-04-21,75749000,626.4,1,0,0,0,0,0,0,0,0,626.8,6,0,0,0,0,0,0,0,0
155,2017-04-20,21:02:29,0,ZC705,XZCE,626.6,626.6,628,988,61999079.97,151448,151962,662.6,587.4,625,629,0.0,628.0,0.0,0,0,2017-04-21,75749000,626.4,1,0,0,0,0,0,0,0,0,626.6,1,0,0,0,0,0,0,0,0
156,2017-04-20,21:02:30,0,ZC705,XZCE,626.6,626.6,628,988,61999079.97,151448,151962,662.6,587.4,625,629,0.0,628.0,0.0,0,0,2017-04-21,75750000,626.4,1,0,0,0,0,0,0,0,0,626.6,5,0,0,0,0,0,0,0,0
157,2017-04-20,21:02:31,0,ZC705,XZCE,626.6,626.6,628,988,61999079.97,151448,151962,662.6,587.4,625,629,0.0,628.0,0.0,0,0,2017-04-21,75751000,626.4,3,0,0,0,0,0,0,0,0,626.6,5,0,0,0,0,0,0,0,0
158,2017-04-20,21:02:31,0,ZC705,XZCE,626.6,626.6,628,988,61999079.97,151448,151962,662.6,587.4,625,629,0.0,628.0,0.0,0,0,2017-04-21,75751000,626.4,3,0,0,0,0,0,0,0,0,626.6,6,0,0,0,0,0,0,0,0
159,2017-04-20,21:02:32,0,ZC705,XZCE,626.6,626.6,628,994,62375039.97,151448,151962,662.6,587.4,625,629,0.0,628.0,0.0,0,0,2017-04-21,75752000,626.4,6,0,0,0,0,0,0,0,0,626.8,8,0,0,0,0,0,0,0,0
160,2017-04-20,21:02:33,0,ZC705,XZCE,626.4,626.4,628,996,62500319.97,151448,151962,662.6,587.4,625,629,0.0,628.0,0.0,0,0,2017-04-21,75753000,626.4,5,0,0,0,0,0,0,0,0,626.8,8,0,0,0,0,0,0,0,0
161,2017-04-20,21:02:33,0,ZC705,XZCE,626.4,626.4,628,996,62500319.97,151448,151962,662.6,587.4,625,629,0.0,628.0,0.0,0,0,2017-04-21,75753000,626.4,5,0,0,0,0,0,0,0,0,626.6,13,0,0,0,0,0,0,0,0
162,2017-04-20,21:02:35,0,ZC705,XZCE,626.4,626.4,628,996,62500319.97,151448,151962,662.6,587.4,625,629,0.0,628.0,0.0,0,0,2017-04-21,75755000,626.4,2,0,0,0,0,0,0,0,0,626.6,13,0,0,0,0,0,0,0,0
163,2017-04-20,21:02:36,0,ZC705,XZCE,626.6,626.4,628,998,62625639.97,151448,151962,662.6,587.4,625,629,0.0,628.0,0.0,0,0,2017-04-21,75756000,626.4,2,0,0,0,0,0,0,0,0,626.6,12,0,0,0,0,0,0,0,0
164,2017-04-20,21:02:37,0,ZC705,XZCE,626.6,626.4,628,1000,62750959.97,151448,151962,662.6,587.4,625,629,0.0,628.0,0.0,0,0,2017-04-21,75757000,626.4,2,0,0,0,0,0,0,0,0,626.6,11,0,0,0,0,0,0,0,0
165,2017-04-20,21:02:38,0,ZC705,XZCE,626.4,626.4,628,1004,63001519.97,151448,151962,662.6,587.4,625,629,0.0,628.0,0.0,0,0,2017-04-21,75758000,626.2,10,0,0,0,0,0,0,0,0,626.4,8,0,0,0,0,0,0,0,0
166,2017-04-20,21:02:38,0,ZC705,XZCE,626.6,626.4,628,1042,65382599.97,151448,151962,662.6,587.4,625,629,0.0,628.0,0.0,0,0,2017-04-21,75758000,626.6,31,0,0,0,0,0,0,0,0,626.8,8,0,0,0,0,0,0,0,0
167,2017-04-20,21:02:39,0,ZC705,XZCE,626.6,626.4,628,1042,65382599.97,151448,151962,662.6,587.4,625,629,0.0,628.0,0.0,0,0,2017-04-21,75759000,626.6,31,0,0,0,0,0,0,0,0,626.8,7,0,0,0,0,0,0,0,0
168,2017-04-20,21:02:39,0,ZC705,XZCE,626.8,626.4,628,1054,66134759.97,151442,151962,662.6,587.4,625,629,0.0,628.0,0.0,0,0,2017-04-21,75759000,626.8,8,0,0,0,0,0,0,0,0,627.0,4,0,0,0,0,0,0,0,0
169,2017-04-20,21:02:41,0,ZC705,XZCE,626.8,626.4,628,1056,66260119.97,151442,151962,662.6,587.4,625,629,0.0,628.0,0.0,0,0,2017-04-21,75761000,626.6,31,0,0,0,0,0,0,0,0,627.0,4,0,0,0,0,0,0,0,0
170,2017-04-20,21:02:41,0,ZC705,XZCE,626.6,626.4,628,1058,66385439.97,151440,151962,662.6,587.4,625,629,0.0,628.0,0.0,0,0,2017-04-21,75761000,626.6,30,0,0,0,0,0,0,0,0,626.8,1,0,0,0,0,0,0,0,0
171,2017-04-20,21:02:42,0,ZC705,XZCE,626.8,626.4,628,1060,66510799.97,151440,151962,662.6,587.4,625,629,0.0,628.0,0.0,0,0,2017-04-21,75762000,626.6,30,0,0,0,0,0,0,0,0,627.0,4,0,0,0,0,0,0,0,0
172,2017-04-20,21:02:42,0,ZC705,XZCE,626.8,626.4,628,1060,66510799.97,151440,151962,662.6,587.4,625,629,0.0,628.0,0.0,0,0,2017-04-21,75762000,626.8,3,0,0,0,0,0,0,0,0,627.0,4,0,0,0,0,0,0,0,0
173,2017-04-20,21:02:43,0,ZC705,XZCE,626.8,626.4,628,1060,66510799.97,151440,151962,662.6,587.4,625,629,0.0,628.0,0.0,0,0,2017-04-21,75763000,626.8,3,0,0,0,0,0,0,0,0,627.0,5,0,0,0,0,0,0,0,0
174,2017-04-20,21:02:44,0,ZC705,XZCE,626.8,626.4,628,1060,66510799.97,151440,151962,662.6,587.4,625,629,0.0,628.0,0.0,0,0,2017-04-21,75764000,626.8,3,0,0,0,0,0,0,0,0,627.0,4,0,0,0,0,0,0,0,0
175,2017-04-20,21:02:45,0,ZC705,XZCE,626.8,626.4,628,1060,66510799.97,151440,151962,662.6,587.4,625,629,0.0,628.0,0.0,0,0,2017-04-21,75765000,626.8,4,0,0,0,0,0,0,0,0,627.0,4,0,0,0,0,0,0,0,0
176,2017-04-20,21:02:47,0,ZC705,XZCE,626.8,626.4,628,1060,66510799.97,151440,151962,662.6,587.4,625,629,0.0,628.0,0.0,0,0,2017-04-21,75767000,626.8,4,0,0,0,0,0,0,0,0,627.0,3,0,0,0,0,0,0,0,0
177,2017-04-20,21:02:47,0,ZC705,XZCE,626.8,626.4,628,1066,66886879.97,151440,151962,662.6,587.4,625,629,0.0,628.0,0.0,0,0,2017-04-21,75767000,626.8,1,0,0,0,0,0,0,0,0,627.0,3,0,0,0,0,0,0,0,0
178,2017-04-20,21:02:48,0,ZC705,XZCE,627.0,626.4,628,1068,67012279.97,151438,151962,662.6,587.4,625,629,0.0,628.0,0.0,0,0,2017-04-21,75768000,626.8,1,0,0,0,0,0,0,0,0,627.0,2,0,0,0,0,0,0,0,0
179,2017-04-20,21:02:49,0,ZC705,XZCE,627.0,626.4,628,1068,67012279.97,151438,151962,662.6,587.4,625,629,0.0,628.0,0.0,0,0,2017-04-21,75769000,626.8,1,0,0,0,0,0,0,0,0,627.0,3,0,0,0,0,0,0,0,0
180,2017-04-20,21:02:50,0,ZC705,XZCE,627.0,626.4,628,1068,67012279.97,151438,151962,662.6,587.4,625,629,0.0,628.0,0.0,0,0,2017-04-21,75770000,626.8,1,0,0,0,0,0,0,0,0,627.0,4,0,0,0,0,0,0,0,0
181,2017-04-20,21:02:51,0,ZC705,XZCE,627.0,626.4,628,1070,67137679.97,151438,151962,662.6,587.4,625,629,0.0,628.0,0.0,0,0,2017-04-21,75771000,626.8,1,0,0,0,0,0,0,0,0,627.0,23,0,0,0,0,0,0,0,0
182,2017-04-20,21:02:51,0,ZC705,XZCE,627.0,626.4,628,1074,67388479.97,151440,151962,662.6,587.4,625,629,0.0,628.0,0.0,0,0,2017-04-21,75771000,626.8,1,0,0,0,0,0,0,0,0,627.0,21,0,0,0,0,0,0,0,0
183,2017-04-20,21:02:54,0,ZC705,XZCE,627.0,626.4,628,1074,67388479.97,151440,151962,662.6,587.4,625,629,0.0,628.0,0.0,0,0,2017-04-21,75774000,626.8,1,0,0,0,0,0,0,0,0,627.0,26,0,0,0,0,0,0,0,0
184,2017-04-20,21:02:54,0,ZC705,XZCE,627.0,626.4,628,1074,67388479.97,151440,151962,662.6,587.4,625,629,0.0,628.0,0.0,0,0,2017-04-21,75774000,626.8,1,0,0,0,0,0,0,0,0,627.0,21,0,0,0,0,0,0,0,0
185,2017-04-20,21:02:55,0,ZC705,XZCE,626.8,626.4,628,1076,67513839.97,151440,151962,662.6,587.4,625,629,0.0,628.0,0.0,0,0,2017-04-21,75775000,626.6,30,0,0,0,0,0,0,0,0,627.0,22,0,0,0,0,0,0,0,0
186,2017-04-20,21:02:56,0,ZC705,XZCE,626.8,626.4,628,1076,67513839.97,151440,151962,662.6,587.4,625,629,0.0,628.0,0.0,0,0,2017-04-21,75776000,626.8,2,0,0,0,0,0,0,0,0,627.0,21,0,0,0,0,0,0,0,0
187,2017-04-20,21:02:57,0,ZC705,XZCE,626.8,626.4,628,1078,67639199.97,151440,151962,662.6,587.4,625,629,0.0,628.0,0.0,0,0,2017-04-21,75777000,626.8,1,0,0,0,0,0,0,0,0,627.0,21,0,0,0,0,0,0,0,0
188,2017-04-20,21:02:57,0,ZC705,XZCE,626.8,626.4,628,1080,67764559.97,151440,151962,662.6,587.4,625,629,0.0,628.0,0.0,0,0,2017-04-21,75777000,626.6,30,0,0,0,0,0,0,0,0,627.0,24,0,0,0,0,0,0,0,0
189,2017-04-20,21:02:59,0,ZC705,XZCE,627.0,626.4,628,1090,68391559.97,151448,151962,662.6,587.4,625,629,0.0,628.0,0.0,0,0,2017-04-21,75779000,626.6,30,0,0,0,0,0,0,0,0,627.0,19,0,0,0,0,0,0,0,0
190,2017-04-20,21:02:59,0,ZC705,XZCE,627.0,626.4,628,1090,68391559.97,151448,151962,662.6,587.4,625,629,0.0,628.0,0.0,0,0,2017-04-21,75779000,626.6,30,0,0,0,0,0,0,0,0,626.8,10,0,0,0,0,0,0,0,0
191,2017-04-20,21:03:00,0,ZC705,XZCE,626.6,626.4,628,1092,68516879.97,151448,151962,662.6,587.4,625,629,0.0,628.0,0.0,0,0,2017-04-21,75780000,626.6,29,0,0,0,0,0,0,0,0,626.8,10,0,0,0,0,0,0,0,0
192,2017-04-20,21:03:01,0,ZC705,XZCE,626.8,626.4,628,1114,69895839.97,151428,151962,662.6,587.4,625,629,0.0,628.0,0.0,0,0,2017-04-21,75781000,626.8,30,0,0,0,0,0,0,0,0,627.0,19,0,0,0,0,0,0,0,0
193,2017-04-20,21:03:05,0,ZC705,XZCE,627.0,626.4,628,1152,72278439.97,151390,151962,662.6,587.4,625,629,0.0,628.0,0.0,0,0,2017-04-21,75785000,627.0,3,0,0,0,0,0,0,0,0,627.2,2,0,0,0,0,0,0,0,0
194,2017-04-20,21:03:05,0,ZC705,XZCE,626.8,626.4,628,1162,72905239.97,151392,151962,662.6,587.4,625,629,0.0,628.0,0.0,0,0,2017-04-21,75785000,626.8,28,0,0,0,0,0,0,0,0,627.2,2,0,0,0,0,0,0,0,0
195,2017-04-20,21:03:06,0,ZC705,XZCE,626.8,626.4,628,1162,72905239.97,151392,151962,662.6,587.4,625,629,0.0,628.0,0.0,0,0,2017-04-21,75786000,626.8,28,0,0,0,0,0,0,0,0,627.2,3,0,0,0,0,0,0,0,0
196,2017-04-20,21:03:08,0,ZC705,XZCE,626.8,626.4,628,1182,74158839.97,151392,151962,662.6,587.4,625,629,0.0,628.0,0.0,0,0,2017-04-21,75788000,626.8,18,0,0,0,0,0,0,0,0,627.2,3,0,0,0,0,0,0,0,0
197,2017-04-20,21:03:09,0,ZC705,XZCE,626.8,626.4,628,1182,74158839.97,151392,151962,662.6,587.4,625,629,0.0,628.0,0.0,0,0,2017-04-21,75789000,626.6,29,0,0,0,0,0,0,0,0,627.2,3,0,0,0,0,0,0,0,0
198,2017-04-20,21:03:11,0,ZC705,XZCE,626.8,626.4,628,1182,74158839.97,151392,151962,662.6,587.4,625,629,0.0,628.0,0.0,0,0,2017-04-21,75791000,626.8,5,0,0,0,0,0,0,0,0,627.2,3,0,0,0,0,0,0,0,0
199,2017-04-20,21:03:11,0,ZC705,XZCE,626.8,626.4,628,1184,74284199.97,151392,151962,662.6,587.4,625,629,0.0,628.0,0.0,0,0,2017-04-21,75791000,626.8,4,0,0,0,0,0,0,0,0,627.2,3,0,0,0,0,0,0,0,0
200,2017-04-20,21:03:12,0,ZC705,XZCE,626.8,626.4,628,1184,74284199.97,151392,151962,662.6,587.4,625,629,0.0,628.0,0.0,0,0,2017-04-21,75792000,626.8,4,0,0,0,0,0,0,0,0,627.2,4,0,0,0,0,0,0,0,0
201,2017-04-20,21:03:13,0,ZC705,XZCE,627.2,626.4,628,1194,74911399.97,151392,151962,662.6,587.4,625,629,0.0,628.0,0.0,0,0,2017-04-21,75793000,627.2,1,0,0,0,0,0,0,0,0,627.4,6,0,0,0,0,0,0,0,0
202,2017-04-20,21:03:13,0,ZC705,XZCE,627.2,626.4,628,1194,74911399.97,151392,151962,662.6,587.4,625,629,0.0,628.0,0.0,0,0,2017-04-21,75793000,627.2,4,0,0,0,0,0,0,0,0,627.4,6,0,0,0,0,0,0,0,0
203,2017-04-20,21:03:14,0,ZC705,XZCE,627.2,626.4,628,1196,75036839.97,151392,151962,662.6,587.4,625,629,0.0,628.0,0.0,0,0,2017-04-21,75794000,627.2,3,0,0,0,0,0,0,0,0,627.4,6,0,0,0,0,0,0,0,0
204,2017-04-20,21:03:15,0,ZC705,XZCE,627.2,626.4,628,1196,75036839.97,151392,151962,662.6,587.4,625,629,0.0,628.0,0.0,0,0,2017-04-21,75795000,627.0,2,0,0,0,0,0,0,0,0,627.4,6,0,0,0,0,0,0,0,0
205,2017-04-20,21:03:17,0,ZC705,XZCE,627.0,626.4,628,1198,75162239.97,151390,151962,662.6,587.4,625,629,0.0,628.0,0.0,0,0,2017-04-21,75797000,627.0,1,0,0,0,0,0,0,0,0,627.4,7,0,0,0,0,0,0,0,0
206,2017-04-20,21:03:18,0,ZC705,XZCE,627.0,626.4,628,1198,75162239.97,151390,151962,662.6,587.4,625,629,0.0,628.0,0.0,0,0,2017-04-21,75798000,627.0,1,0,0,0,0,0,0,0,0,627.4,8,0,0,0,0,0,0,0,0
207,2017-04-20,21:03:19,0,ZC705,XZCE,627.0,626.4,628,1198,75162239.97,151390,151962,662.6,587.4,625,629,0.0,628.0,0.0,0,0,2017-04-21,75799000,627.0,1,0,0,0,0,0,0,0,0,627.4,9,0,0,0,0,0,0,0,0
208,2017-04-20,21:03:19,0,ZC705,XZCE,627.0,626.4,628,1198,75162239.97,151390,151962,662.6,587.4,625,629,0.0,628.0,0.0,0,0,2017-04-21,75799000,626.8,4,0,0,0,0,0,0,0,0,627.4,9,0,0,0,0,0,0,0,0
209,2017-04-20,21:03:23,0,ZC705,XZCE,627.4,626.4,628,1200,75287719.97,151390,151962,662.6,587.4,625,629,0.0,628.0,0.0,0,0,2017-04-21,75803000,626.8,4,0,0,0,0,0,0,0,0,627.4,8,0,0,0,0,0,0,0,0
210,2017-04-20,21:03:24,0,ZC705,XZCE,627.4,626.4,628,1200,75287719.97,151390,151962,662.6,587.4,625,629,0.0,628.0,0.0,0,0,2017-04-21,75804000,627.0,20,0,0,0,0,0,0,0,0,627.4,8,0,0,0,0,0,0,0,0
211,2017-04-20,21:03:26,0,ZC705,XZCE,627.4,626.4,628,1200,75287719.97,151390,151962,662.6,587.4,625,629,0.0,628.0,0.0,0,0,2017-04-21,75806000,627.0,20,0,0,0,0,0,0,0,0,627.4,9,0,0,0,0,0,0,0,0
212,2017-04-20,21:03:27,0,ZC705,XZCE,627.4,626.4,628,1200,75287719.97,151390,151962,662.6,587.4,625,629,0.0,628.0,0.0,0,0,2017-04-21,75807000,627.0,20,0,0,0,0,0,0,0,0,627.4,10,0,0,0,0,0,0,0,0
213,2017-04-20,21:03:28,0,ZC705,XZCE,627.4,626.4,628,1200,75287719.97,151390,151962,662.6,587.4,625,629,0.0,628.0,0.0,0,0,2017-04-21,75808000,627.0,20,0,0,0,0,0,0,0,0,627.4,22,0,0,0,0,0,0,0,0
214,2017-04-20,21:03:33,0,ZC705,XZCE,627.2,626.4,628,1202,75413159.97,151390,151962,662.6,587.4,625,629,0.0,628.0,0.0,0,0,2017-04-21,75813000,627.0,20,0,0,0,0,0,0,0,0,627.4,22,0,0,0,0,0,0,0,0
215,2017-04-20,21:03:35,0,ZC705,XZCE,627.2,626.4,628,1202,75413159.97,151390,151962,662.6,587.4,625,629,0.0,628.0,0.0,0,0,2017-04-21,75815000,627.0,30,0,0,0,0,0,0,0,0,627.4,22,0,0,0,0,0,0,0,0
216,2017-04-20,21:03:39,0,ZC705,XZCE,627.2,626.4,628,1202,75413159.97,151390,151962,662.6,587.4,625,629,0.0,628.0,0.0,0,0,2017-04-21,75819000,627.2,3,0,0,0,0,0,0,0,0,627.4,22,0,0,0,0,0,0,0,0
217,2017-04-20,21:03:41,0,ZC705,XZCE,627.2,626.4,628,1202,75413159.97,151390,151962,662.6,587.4,625,629,0.0,628.0,0.0,0,0,2017-04-21,75821000,627.0,30,0,0,0,0,0,0,0,0,627.4,22,0,0,0,0,0,0,0,0
218,2017-04-20,21:03:43,0,ZC705,XZCE,627.2,626.4,628,1202,75413159.97,151390,151962,662.6,587.4,625,629,0.0,628.0,0.0,0,0,2017-04-21,75823000,627.0,30,0,0,0,0,0,0,0,0,627.2,50,0,0,0,0,0,0,0,0
219,2017-04-20,21:03:45,0,ZC705,XZCE,627.2,626.4,628,1206,75664039.97,151386,151962,662.6,587.4,625,629,0.0,628.0,0.0,0,0,2017-04-21,75825000,627.0,30,0,0,0,0,0,0,0,0,627.2,48,0,0,0,0,0,0,0,0
220,2017-04-20,21:03:47,0,ZC705,XZCE,627.2,626.4,628,1206,75664039.97,151386,151962,662.6,587.4,625,629,0.0,628.0,0.0,0,0,2017-04-21,75827000,627.0,30,0,0,0,0,0,0,0,0,627.2,50,0,0,0,0,0,0,0,0
221,2017-04-20,21:03:47,0,ZC705,XZCE,627.2,626.4,628,1206,75664039.97,151386,151962,662.6,587.4,625,629,0.0,628.0,0.0,0,0,2017-04-21,75827000,627.0,30,0,0,0,0,0,0,0,0,627.2,51,0,0,0,0,0,0,0,0
222,2017-04-20,21:03:47,0,ZC705,XZCE,627.0,626.4,628,1208,75789439.97,151384,151962,662.6,587.4,625,629,0.0,628.0,0.0,0,0,2017-04-21,75827000,627.0,29,0,0,0,0,0,0,0,0,627.2,51,0,0,0,0,0,0,0,0
223,2017-04-20,21:03:48,0,ZC705,XZCE,627.0,626.4,628,1210,75914839.97,151384,151962,662.6,587.4,625,629,0.0,628.0,0.0,0,0,2017-04-21,75828000,627.0,28,0,0,0,0,0,0,0,0,627.2,51,0,0,0,0,0,0,0,0
224,2017-04-20,21:03:49,0,ZC705,XZCE,627.0,626.4,628,1210,75914839.97,151384,151962,662.6,587.4,625,629,0.0,628.0,0.0,0,0,2017-04-21,75829000,627.0,29,0,0,0,0,0,0,0,0,627.2,51,0,0,0,0,0,0,0,0
225,2017-04-20,21:03:50,0,ZC705,XZCE,627.0,626.4,628,1210,75914839.97,151384,151962,662.6,587.4,625,629,0.0,628.0,0.0,0,0,2017-04-21,75830000,627.0,29,0,0,0,0,0,0,0,0,627.2,49,0,0,0,0,0,0,0,0
226,2017-04-20,21:03:50,0,ZC705,XZCE,627.0,626.4,628,1210,75914839.97,151384,151962,662.6,587.4,625,629,0.0,628.0,0.0,0,0,2017-04-21,75830000,627.0,32,0,0,0,0,0,0,0,0,627.2,48,0,0,0,0,0,0,0,0
227,2017-04-20,21:03:51,0,ZC705,XZCE,627.0,626.4,628,1224,76792639.97,151378,151962,662.6,587.4,625,629,0.0,628.0,0.0,0,0,2017-04-21,75831000,627.0,25,0,0,0,0,0,0,0,0,627.2,48,0,0,0,0,0,0,0,0
228,2017-04-20,21:03:52,0,ZC705,XZCE,627.2,626.4,628,1226,76918079.97,151376,151962,662.6,587.4,625,629,0.0,628.0,0.0,0,0,2017-04-21,75832000,627.0,25,0,0,0,0,0,0,0,0,627.2,47,0,0,0,0,0,0,0,0
229,2017-04-20,21:03:54,0,ZC705,XZCE,627.0,626.4,628,1228,77043479.97,151376,151962,662.6,587.4,625,629,0.0,628.0,0.0,0,0,2017-04-21,75834000,627.0,24,0,0,0,0,0,0,0,0,627.2,47,0,0,0,0,0,0,0,0
230,2017-04-20,21:03:57,0,ZC705,XZCE,627.0,626.4,628,1234,77419679.97,151376,151962,662.6,587.4,625,629,0.0,628.0,0.0,0,0,2017-04-21,75837000,627.0,21,0,0,0,0,0,0,0,0,627.2,47,0,0,0,0,0,0,0,0
231,2017-04-20,21:03:58,0,ZC705,XZCE,626.8,626.4,628,1290,80929759.97,151334,151962,662.6,587.4,625,629,0.0,628.0,0.0,0,0,2017-04-21,75838000,626.6,32,0,0,0,0,0,0,0,0,626.8,2,0,0,0,0,0,0,0,0
232,2017-04-20,21:03:59,0,ZC705,XZCE,626.8,626.4,628,1294,81180479.97,151334,151962,662.6,587.4,625,629,0.0,628.0,0.0,0,0,2017-04-21,75839000,626.8,1,0,0,0,0,0,0,0,0,627.0,29,0,0,0,0,0,0,0,0
233,2017-04-20,21:03:59,0,ZC705,XZCE,626.8,626.4,628,1294,81180479.97,151334,151962,662.6,587.4,625,629,0.0,628.0,0.0,0,0,2017-04-21,75839000,626.8,1,0,0,0,0,0,0,0,0,627.0,33,0,0,0,0,0,0,0,0
234,2017-04-20,21:04:01,0,ZC705,XZCE,626.8,626.4,628,1296,81305839.97,151332,151962,662.6,587.4,625,629,0.0,628.0,0.0,0,0,2017-04-21,75841000,626.8,3,0,0,0,0,0,0,0,0,627.0,34,0,0,0,0,0,0,0,0
235,2017-04-20,21:04:02,0,ZC705,XZCE,626.8,626.4,628,1296,81305839.97,151332,151962,662.6,587.4,625,629,0.0,628.0,0.0,0,0,2017-04-21,75842000,626.8,4,0,0,0,0,0,0,0,0,627.0,34,0,0,0,0,0,0,0,0
236,2017-04-20,21:04:04,0,ZC705,XZCE,626.8,626.4,628,1304,81807279.96,151324,151962,662.6,587.4,625,629,0.0,628.0,0.0,0,0,2017-04-21,75844000,626.6,34,0,0,0,0,0,0,0,0,626.8,9,0,0,0,0,0,0,0,0
237,2017-04-20,21:04:05,0,ZC705,XZCE,626.8,626.4,628,1304,81807279.96,151324,151962,662.6,587.4,625,629,0.0,628.0,0.0,0,0,2017-04-21,75845000,626.6,35,0,0,0,0,0,0,0,0,626.8,9,0,0,0,0,0,0,0,0
238,2017-04-20,21:04:05,0,ZC705,XZCE,626.8,626.4,628,1308,82057999.96,151320,151962,662.6,587.4,625,629,0.0,628.0,0.0,0,0,2017-04-21,75845000,626.6,35,0,0,0,0,0,0,0,0,626.8,7,0,0,0,0,0,0,0,0
239,2017-04-20,21:04:07,0,ZC705,XZCE,626.8,626.4,628,1308,82057999.96,151320,151962,662.6,587.4,625,629,0.0,628.0,0.0,0,0,2017-04-21,75847000,626.6,35,0,0,0,0,0,0,0,0,626.8,9,0,0,0,0,0,0,0,0
240,2017-04-20,21:04:09,0,ZC705,XZCE,626.6,626.4,628,1318,82684599.96,151310,151962,662.6,587.4,625,629,0.0,628.0,0.0,0,0,2017-04-21,75849000,626.6,30,0,0,0,0,0,0,0,0,626.8,9,0,0,0,0,0,0,0,0
241,2017-04-20,21:04:11,0,ZC705,XZCE,626.8,626.4,628,1320,82809959.96,151308,151962,662.6,587.4,625,629,0.0,628.0,0.0,0,0,2017-04-21,75851000,626.6,29,0,0,0,0,0,0,0,0,626.8,8,0,0,0,0,0,0,0,0
242,2017-04-20,21:04:12,0,ZC705,XZCE,626.8,626.4,628,1320,82809959.96,151308,151962,662.6,587.4,625,629,0.0,628.0,0.0,0,0,2017-04-21,75852000,626.6,29,0,0,0,0,0,0,0,0,626.8,11,0,0,0,0,0,0,0,0
243,2017-04-20,21:04:12,0,ZC705,XZCE,626.8,626.4,628,1340,84063559.96,151296,151962,662.6,587.4,625,629,0.0,628.0,0.0,0,0,2017-04-21,75852000,626.6,29,0,0,0,0,0,0,0,0,626.8,1,0,0,0,0,0,0,0,0
244,2017-04-20,21:04:13,0,ZC705,XZCE,626.8,626.4,628,1340,84063559.96,151296,151962,662.6,587.4,625,629,0.0,628.0,0.0,0,0,2017-04-21,75853000,626.6,29,0,0,0,0,0,0,0,0,627.0,30,0,0,0,0,0,0,0,0
245,2017-04-20,21:04:14,0,ZC705,XZCE,626.6,626.4,628,1342,84188879.96,151294,151962,662.6,587.4,625,629,0.0,628.0,0.0,0,0,2017-04-21,75854000,626.6,28,0,0,0,0,0,0,0,0,626.8,1,0,0,0,0,0,0,0,0
246,2017-04-20,21:04:16,0,ZC705,XZCE,626.6,626.4,628,1344,84314199.96,151292,151962,662.6,587.4,625,629,0.0,628.0,0.0,0,0,2017-04-21,75856000,626.6,27,0,0,0,0,0,0,0,0,626.8,1,0,0,0,0,0,0,0,0
247,2017-04-20,21:04:18,0,ZC705,XZCE,626.8,626.4,628,1346,84439559.96,151294,151962,662.6,587.4,625,629,0.0,628.0,0.0,0,0,2017-04-21,75858000,626.8,12,0,0,0,0,0,0,0,0,627.0,30,0,0,0,0,0,0,0,0
248,2017-04-20,21:04:19,0,ZC705,XZCE,626.8,626.4,628,1346,84439559.96,151294,151962,662.6,587.4,625,629,0.0,628.0,0.0,0,0,2017-04-21,75859000,626.8,9,0,0,0,0,0,0,0,0,627.0,30,0,0,0,0,0,0,0,0
249,2017-04-20,21:04:19,0,ZC705,XZCE,626.8,626.4,628,1348,84564919.96,151296,151962,662.6,587.4,625,629,0.0,628.0,0.0,0,0,2017-04-21,75859000,626.8,8,0,0,0,0,0,0,0,0,627.0,31,0,0,0,0,0,0,0,0
250,2017-04-20,21:04:20,0,ZC705,XZCE,626.8,626.4,628,1350,84690279.96,151296,151962,662.6,587.4,625,629,0.0,628.0,0.0,0,0,2017-04-21,75860000,626.8,7,0,0,0,0,0,0,0,0,627.0,31,0,0,0,0,0,0,0,0
251,2017-04-20,21:04:20,0,ZC705,XZCE,626.8,626.4,628,1350,84690279.96,151296,151962,662.6,587.4,625,629,0.0,628.0,0.0,0,0,2017-04-21,75860000,626.8,8,0,0,0,0,0,0,0,0,627.0,31,0,0,0,0,0,0,0,0
252,2017-04-20,21:04:23,0,ZC705,XZCE,626.8,626.4,628,1350,84690279.96,151296,151962,662.6,587.4,625,629,0.0,628.0,0.0,0,0,2017-04-21,75863000,626.8,11,0,0,0,0,0,0,0,0,627.0,31,0,0,0,0,0,0,0,0
253,2017-04-20,21:04:24,0,ZC705,XZCE,627.0,626.4,628,1354,84941079.96,151292,151962,662.6,587.4,625,629,0.0,628.0,0.0,0,0,2017-04-21,75864000,626.8,11,0,0,0,0,0,0,0,0,627.0,29,0,0,0,0,0,0,0,0
254,2017-04-20,21:04:25,0,ZC705,XZCE,626.8,626.4,628,1356,85066439.96,151294,151962,662.6,587.4,625,629,0.0,628.0,0.0,0,0,2017-04-21,75865000,626.8,10,0,0,0,0,0,0,0,0,627.0,29,0,0,0,0,0,0,0,0
255,2017-04-20,21:04:26,0,ZC705,XZCE,626.8,626.4,628,1356,85066439.96,151294,151962,662.6,587.4,625,629,0.0,628.0,0.0,0,0,2017-04-21,75866000,626.8,11,0,0,0,0,0,0,0,0,627.0,29,0,0,0,0,0,0,0,0
256,2017-04-20,21:04:30,0,ZC705,XZCE,626.8,626.4,628,1356,85066439.96,151294,151962,662.6,587.4,625,629,0.0,628.0,0.0,0,0,2017-04-21,75870000,626.8,8,0,0,0,0,0,0,0,0,627.0,29,0,0,0,0,0,0,0,0
257,2017-04-20,21:04:32,0,ZC705,XZCE,626.8,626.4,628,1358,85191799.96,151294,151962,662.6,587.4,625,629,0.0,628.0,0.0,0,0,2017-04-21,75872000,626.8,7,0,0,0,0,0,0,0,0,627.0,29,0,0,0,0,0,0,0,0
258,2017-04-20,21:04:33,0,ZC705,XZCE,626.8,626.4,628,1358,85191799.96,151294,151962,662.6,587.4,625,629,0.0,628.0,0.0,0,0,2017-04-21,75873000,626.8,11,0,0,0,0,0,0,0,0,627.0,29,0,0,0,0,0,0,0,0
259,2017-04-20,21:04:34,0,ZC705,XZCE,626.8,626.4,628,1360,85317159.96,151294,151962,662.6,587.4,625,629,0.0,628.0,0.0,0,0,2017-04-21,75874000,626.8,6,0,0,0,0,0,0,0,0,627.0,29,0,0,0,0,0,0,0,0
260,2017-04-20,21:04:35,0,ZC705,XZCE,626.8,626.4,628,1360,85317159.96,151294,151962,662.6,587.4,625,629,0.0,628.0,0.0,0,0,2017-04-21,75875000,626.8,9,0,0,0,0,0,0,0,0,627.0,29,0,0,0,0,0,0,0,0
261,2017-04-20,21:04:35,0,ZC705,XZCE,626.8,626.4,628,1368,85818599.96,151294,151962,662.6,587.4,625,629,0.0,628.0,0.0,0,0,2017-04-21,75875000,626.8,2,0,0,0,0,0,0,0,0,627.0,29,0,0,0,0,0,0,0,0
262,2017-04-20,21:04:36,0,ZC705,XZCE,626.8,626.4,628,1370,85943959.95,151294,151962,662.6,587.4,625,629,0.0,628.0,0.0,0,0,2017-04-21,75876000,626.8,1,0,0,0,0,0,0,0,0,627.0,29,0,0,0,0,0,0,0,0
263,2017-04-20,21:04:37,0,ZC705,XZCE,626.8,626.4,628,1372,86069319.95,151296,151962,662.6,587.4,625,629,0.0,628.0,0.0,0,0,2017-04-21,75877000,626.6,32,0,0,0,0,0,0,0,0,626.8,1,0,0,0,0,0,0,0,0
264,2017-04-20,21:04:38,0,ZC705,XZCE,627.0,626.4,628,1432,89831319.95,151242,151962,662.6,587.4,625,629,0.0,628.0,0.0,0,0,2017-04-21,75878000,627.0,21,0,0,0,0,0,0,0,0,627.2,47,0,0,0,0,0,0,0,0
265,2017-04-20,21:04:38,0,ZC705,XZCE,627.0,626.4,628,1434,89956719.95,151242,151962,662.6,587.4,625,629,0.0,628.0,0.0,0,0,2017-04-21,75878000,627.0,20,0,0,0,0,0,0,0,0,627.2,47,0,0,0,0,0,0,0,0
266,2017-04-20,21:04:39,0,ZC705,XZCE,627.0,626.4,628,1436,90082119.95,151242,151962,662.6,587.4,625,629,0.0,628.0,0.0,0,0,2017-04-21,75879000,627.0,19,0,0,0,0,0,0,0,0,627.2,47,0,0,0,0,0,0,0,0
267,2017-04-20,21:04:40,0,ZC705,XZCE,627.0,626.4,628,1474,92464719.95,151204,151962,662.6,587.4,625,629,0.0,628.0,0.0,0,0,2017-04-21,75880000,626.8,3,0,0,0,0,0,0,0,0,627.0,34,0,0,0,0,0,0,0,0
268,2017-04-20,21:04:42,0,ZC705,XZCE,627.0,626.4,628,1474,92464719.95,151204,151962,662.6,587.4,625,629,0.0,628.0,0.0,0,0,2017-04-21,75882000,626.8,5,0,0,0,0,0,0,0,0,627.0,34,0,0,0,0,0,0,0,0
269,2017-04-20,21:04:42,0,ZC705,XZCE,627.0,626.4,628,1474,92464719.95,151204,151962,662.6,587.4,625,629,0.0,628.0,0.0,0,0,2017-04-21,75882000,626.8,2,0,0,0,0,0,0,0,0,627.0,34,0,0,0,0,0,0,0,0
270,2017-04-20,21:04:43,0,ZC705,XZCE,627.0,626.4,628,1476,92590119.95,151202,151962,662.6,587.4,625,629,0.0,628.0,0.0,0,0,2017-04-21,75883000,626.8,2,0,0,0,0,0,0,0,0,627.0,33,0,0,0,0,0,0,0,0
271,2017-04-20,21:04:44,0,ZC705,XZCE,626.8,626.4,628,1480,92840839.95,151198,151962,662.6,587.4,625,629,0.0,628.0,0.0,0,0,2017-04-21,75884000,626.6,31,0,0,0,0,0,0,0,0,627.0,33,0,0,0,0,0,0,0,0
272,2017-04-20,21:04:47,0,ZC705,XZCE,626.8,626.4,628,1480,92840839.95,151198,151962,662.6,587.4,625,629,0.0,628.0,0.0,0,0,2017-04-21,75887000,626.6,31,0,0,0,0,0,0,0,0,626.8,6,0,0,0,0,0,0,0,0
273,2017-04-20,21:04:49,0,ZC705,XZCE,626.8,626.4,628,1482,92966199.95,151196,151962,662.6,587.4,625,629,0.0,628.0,0.0,0,0,2017-04-21,75889000,626.6,31,0,0,0,0,0,0,0,0,626.8,2,0,0,0,0,0,0,0,0
274,2017-04-20,21:04:49,0,ZC705,XZCE,627.0,626.4,628,1494,93718599.95,151184,151962,662.6,587.4,625,629,0.0,628.0,0.0,0,0,2017-04-21,75889000,626.6,28,0,0,0,0,0,0,0,0,627.0,32,0,0,0,0,0,0,0,0
275,2017-04-20,21:04:50,0,ZC705,XZCE,626.6,626.4,628,1496,93843919.95,151182,151962,662.6,587.4,625,629,0.0,628.0,0.0,0,0,2017-04-21,75890000,626.6,27,0,0,0,0,0,0,0,0,627.0,32,0,0,0,0,0,0,0,0
276,2017-04-20,21:04:50,0,ZC705,XZCE,626.6,626.4,628,1496,93843919.95,151182,151962,662.6,587.4,625,629,0.0,628.0,0.0,0,0,2017-04-21,75890000,626.6,32,0,0,0,0,0,0,0,0,627.0,32,0,0,0,0,0,0,0,0
277,2017-04-20,21:04:52,0,ZC705,XZCE,626.6,626.4,628,1496,93843919.95,151182,151962,662.6,587.4,625,629,0.0,628.0,0.0,0,0,2017-04-21,75892000,626.6,32,0,0,0,0,0,0,0,0,626.8,6,0,0,0,0,0,0,0,0
278,2017-04-20,21:04:57,0,ZC705,XZCE,626.8,626.4,628,1500,94094639.95,151178,151962,662.6,587.4,625,629,0.0,628.0,0.0,0,0,2017-04-21,75897000,626.6,32,0,0,0,0,0,0,0,0,626.8,4,0,0,0,0,0,0,0,0
279,2017-04-20,21:04:58,0,ZC705,XZCE,626.8,626.4,628,1500,94094639.95,151178,151962,662.6,587.4,625,629,0.0,628.0,0.0,0,0,2017-04-21,75898000,626.6,32,0,0,0,0,0,0,0,0,626.8,7,0,0,0,0,0,0,0,0
280,2017-04-20,21:05:00,0,ZC705,XZCE,626.8,626.4,628,1510,94721439.95,151178,151962,662.6,587.4,625,629,0.0,628.0,0.0,0,0,2017-04-21,75900000,626.6,32,0,0,0,0,0,0,0,0,627.2,54,0,0,0,0,0,0,0,0
281,2017-04-20,21:05:00,0,ZC705,XZCE,626.6,626.4,628,1516,95097399.95,151172,151962,662.6,587.4,625,629,0.0,628.0,0.0,0,0,2017-04-21,75900000,626.8,1,0,0,0,0,0,0,0,0,627.0,27,0,0,0,0,0,0,0,0
282,2017-04-20,21:05:01,0,ZC705,XZCE,626.8,626.4,628,1518,95222759.95,151170,151962,662.6,587.4,625,629,0.0,628.0,0.0,0,0,2017-04-21,75901000,626.8,5,0,0,0,0,0,0,0,0,627.0,27,0,0,0,0,0,0,0,0
283,2017-04-20,21:05:01,0,ZC705,XZCE,626.8,626.4,628,1522,95473479.95,151170,151962,662.6,587.4,625,629,0.0,628.0,0.0,0,0,2017-04-21,75901000,626.8,3,0,0,0,0,0,0,0,0,627.0,27,0,0,0,0,0,0,0,0
284,2017-04-20,21:05:02,0,ZC705,XZCE,626.8,626.4,628,1522,95473479.95,151170,151962,662.6,587.4,625,629,0.0,628.0,0.0,0,0,2017-04-21,75902000,626.8,6,0,0,0,0,0,0,0,0,627.0,27,0,0,0,0,0,0,0,0
285,2017-04-20,21:05:03,0,ZC705,XZCE,626.8,626.4,628,1522,95473479.95,151170,151962,662.6,587.4,625,629,0.0,628.0,0.0,0,0,2017-04-21,75903000,626.8,6,0,0,0,0,0,0,0,0,627.2,56,0,0,0,0,0,0,0,0
286,2017-04-20,21:05:05,0,ZC705,XZCE,626.8,626.4,628,1528,95849559.95,151170,151962,662.6,587.4,625,629,0.0,628.0,0.0,0,0,2017-04-21,75905000,626.8,3,0,0,0,0,0,0,0,0,627.2,56,0,0,0,0,0,0,0,0
287,2017-04-20,21:05:05,0,ZC705,XZCE,627.2,626.4,628,1568,98358359.95,151130,151962,662.6,587.4,625,629,0.0,628.0,0.0,0,0,2017-04-21,75905000,626.8,3,0,0,0,0,0,0,0,0,627.2,36,0,0,0,0,0,0,0,0
288,2017-04-20,21:05:07,0,ZC705,XZCE,626.8,626.4,628,1574,98734439.95,151130,151962,662.6,587.4,625,629,0.0,628.0,0.0,0,0,2017-04-21,75907000,626.6,24,0,0,0,0,0,0,0,0,626.8,7,0,0,0,0,0,0,0,0
289,2017-04-20,21:05:08,0,ZC705,XZCE,626.8,626.4,628,1588,99611959.95,151130,151962,662.6,587.4,625,629,0.0,628.0,0.0,0,0,2017-04-21,75908000,626.8,21,0,0,0,0,0,0,0,0,627.2,36,0,0,0,0,0,0,0,0
290,2017-04-20,21:05:08,0,ZC705,XZCE,626.8,626.4,628,1588,99611959.95,151130,151962,662.6,587.4,625,629,0.0,628.0,0.0,0,0,2017-04-21,75908000,627.0,3,0,0,0,0,0,0,0,0,627.2,36,0,0,0,0,0,0,0,0
291,2017-04-20,21:05:08,0,ZC705,XZCE,626.8,626.4,628,1588,99611959.95,151130,151962,662.6,587.4,625,629,0.0,628.0,0.0,0,0,2017-04-21,75908000,627.0,3,0,0,0,0,0,0,0,0,627.2,37,0,0,0,0,0,0,0,0
292,2017-04-20,21:05:09,0,ZC705,XZCE,627.2,626.4,628,1596,100113719.95,151130,151962,662.6,587.4,625,629,0.0,628.0,0.0,0,0,2017-04-21,75909000,627.0,3,0,0,0,0,0,0,0,0,627.2,33,0,0,0,0,0,0,0,0
293,2017-04-20,21:05:10,0,ZC705,XZCE,627.0,626.4,628,1598,100239119.95,151128,151962,662.6,587.4,625,629,0.0,628.0,0.0,0,0,2017-04-21,75910000,627.0,2,0,0,0,0,0,0,0,0,627.2,33,0,0,0,0,0,0,0,0
294,2017-04-20,21:05:11,0,ZC705,XZCE,627.0,626.4,628,1606,100740719.95,151120,151962,662.6,587.4,625,629,0.0,628.0,0.0,0,0,2017-04-21,75911000,627.0,1,0,0,0,0,0,0,0,0,627.2,33,0,0,0,0,0,0,0,0
295,2017-04-20,21:05:13,0,ZC705,XZCE,627.0,626.4,628,1608,100866119.95,151122,151962,662.6,587.4,625,629,0.0,628.0,0.0,0,0,2017-04-21,75913000,627.0,3,0,0,0,0,0,0,0,0,627.2,33,0,0,0,0,0,0,0,0
296,2017-04-20,21:05:16,0,ZC705,XZCE,627.0,626.4,628,1610,100991519.95,151124,151962,662.6,587.4,625,629,0.0,628.0,0.0,0,0,2017-04-21,75916000,627.0,2,0,0,0,0,0,0,0,0,627.2,33,0,0,0,0,0,0,0,0
297,2017-04-20,21:05:19,0,ZC705,XZCE,627.0,626.4,628,1614,101242319.95,151126,151962,662.6,587.4,625,629,0.0,628.0,0.0,0,0,2017-04-21,75919000,626.8,8,0,0,0,0,0,0,0,0,627.2,35,0,0,0,0,0,0,0,0
298,2017-04-20,21:05:22,0,ZC705,XZCE,627.2,626.4,628,1618,101493199.95,151126,151962,662.6,587.4,625,629,0.0,628.0,0.0,0,0,2017-04-21,75922000,626.8,8,0,0,0,0,0,0,0,0,627.2,33,0,0,0,0,0,0,0,0
299,2017-04-20,21:05:28,0,ZC705,XZCE,627.2,626.4,628,1618,101493199.95,151126,151962,662.6,587.4,625,629,0.0,628.0,0.0,0,0,2017-04-21,75928000,626.8,30,0,0,0,0,0,0,0,0,627.2,33,0,0,0,0,0,0,0,0
300,2017-04-20,21:05:32,0,ZC705,XZCE,626.8,626.4,628,1622,101743919.95,151122,151962,662.6,587.4,625,629,0.0,628.0,0.0,0,0,2017-04-21,75932000,626.8,28,0,0,0,0,0,0,0,0,627.2,33,0,0,0,0,0,0,0,0
301,2017-04-20,21:05:32,0,ZC705,XZCE,627.2,626.4,628,1626,101994799.95,151122,151962,662.6,587.4,625,629,0.0,628.0,0.0,0,0,2017-04-21,75932000,626.8,28,0,0,0,0,0,0,0,0,627.2,31,0,0,0,0,0,0,0,0
302,2017-04-20,21:05:36,0,ZC705,XZCE,627.2,626.4,628,1626,101994799.95,151122,151962,662.6,587.4,625,629,0.0,628.0,0.0,0,0,2017-04-21,75936000,626.8,29,0,0,0,0,0,0,0,0,627.2,31,0,0,0,0,0,0,0,0
303,2017-04-20,21:05:37,0,ZC705,XZCE,626.8,626.4,628,1628,102120159.95,151120,151962,662.6,587.4,625,629,0.0,628.0,0.0,0,0,2017-04-21,75937000,626.8,28,0,0,0,0,0,0,0,0,627.2,31,0,0,0,0,0,0,0,0
304,2017-04-20,21:05:39,0,ZC705,XZCE,626.8,626.4,628,1628,102120159.95,151120,151962,662.6,587.4,625,629,0.0,628.0,0.0,0,0,2017-04-21,75939000,626.8,29,0,0,0,0,0,0,0,0,627.2,31,0,0,0,0,0,0,0,0
305,2017-04-20,21:05:39,0,ZC705,XZCE,627.0,626.4,628,1630,102245559.95,151120,151962,662.6,587.4,625,629,0.0,628.0,0.0,0,0,2017-04-21,75939000,626.8,29,0,0,0,0,0,0,0,0,627.2,31,0,0,0,0,0,0,0,0
306,2017-04-20,21:05:40,0,ZC705,XZCE,627.0,626.4,628,1630,102245559.95,151120,151962,662.6,587.4,625,629,0.0,628.0,0.0,0,0,2017-04-21,75940000,626.8,29,0,0,0,0,0,0,0,0,627.2,33,0,0,0,0,0,0,0,0
307,2017-04-20,21:05:40,0,ZC705,XZCE,626.8,626.4,628,1636,102621639.95,151114,151962,662.6,587.4,625,629,0.0,628.0,0.0,0,0,2017-04-21,75940000,627.0,21,0,0,0,0,0,0,0,0,627.2,33,0,0,0,0,0,0,0,0
308,2017-04-20,21:05:43,0,ZC705,XZCE,626.8,626.4,628,1656,103875239.95,151094,151962,662.6,587.4,625,629,0.0,628.0,0.0,0,0,2017-04-21,75943000,627.0,11,0,0,0,0,0,0,0,0,627.2,33,0,0,0,0,0,0,0,0
309,2017-04-20,21:05:45,0,ZC705,XZCE,626.8,626.4,628,1656,103875239.95,151094,151962,662.6,587.4,625,629,0.0,628.0,0.0,0,0,2017-04-21,75945000,626.8,26,0,0,0,0,0,0,0,0,627.2,33,0,0,0,0,0,0,0,0
310,2017-04-20,21:05:47,0,ZC705,XZCE,626.8,626.4,628,1656,103875239.95,151094,151962,662.6,587.4,625,629,0.0,628.0,0.0,0,0,2017-04-21,75947000,626.8,26,0,0,0,0,0,0,0,0,627.2,34,0,0,0,0,0,0,0,0
311,2017-04-20,21:05:48,0,ZC705,XZCE,626.8,626.4,628,1656,103875239.95,151094,151962,662.6,587.4,625,629,0.0,628.0,0.0,0,0,2017-04-21,75948000,626.8,28,0,0,0,0,0,0,0,0,627.0,50,0,0,0,0,0,0,0,0
312,2017-04-20,21:05:49,0,ZC705,XZCE,626.8,626.4,628,1676,105128839.95,151074,151962,662.6,587.4,625,629,0.0,628.0,0.0,0,0,2017-04-21,75949000,626.8,18,0,0,0,0,0,0,0,0,627.0,50,0,0,0,0,0,0,0,0
313,2017-04-20,21:05:51,0,ZC705,XZCE,626.8,626.4,628,1676,105128839.95,151074,151962,662.6,587.4,625,629,0.0,628.0,0.0,0,0,2017-04-21,75951000,626.8,18,0,0,0,0,0,0,0,0,627.0,51,0,0,0,0,0,0,0,0
314,2017-04-20,21:05:52,0,ZC705,XZCE,626.8,626.4,628,1688,105880999.95,151064,151962,662.6,587.4,625,629,0.0,628.0,0.0,0,0,2017-04-21,75952000,626.8,14,0,0,0,0,0,0,0,0,627.0,49,0,0,0,0,0,0,0,0
315,2017-04-20,21:05:52,0,ZC705,XZCE,627.0,626.4,628,1700,106633399.95,151052,151962,662.6,587.4,625,629,0.0,628.0,0.0,0,0,2017-04-21,75952000,626.8,14,0,0,0,0,0,0,0,0,627.0,44,0,0,0,0,0,0,0,0
316,2017-04-20,21:05:52,0,ZC705,XZCE,626.8,626.4,628,1710,107260199.95,151042,151962,662.6,587.4,625,629,0.0,628.0,0.0,0,0,2017-04-21,75952000,626.8,9,0,0,0,0,0,0,0,0,627.0,44,0,0,0,0,0,0,0,0
317,2017-04-20,21:05:54,0,ZC705,XZCE,626.8,626.4,628,1712,107385559.94,151040,151962,662.6,587.4,625,629,0.0,628.0,0.0,0,0,2017-04-21,75954000,626.8,8,0,0,0,0,0,0,0,0,627.0,44,0,0,0,0,0,0,0,0
318,2017-04-20,21:05:56,0,ZC705,XZCE,626.8,626.4,628,1714,107510919.94,151038,151962,662.6,587.4,625,629,0.0,628.0,0.0,0,0,2017-04-21,75956000,626.8,7,0,0,0,0,0,0,0,0,627.0,44,0,0,0,0,0,0,0,0
319,2017-04-20,21:05:57,0,ZC705,XZCE,627.0,626.4,628,1802,113028519.94,150954,151962,662.6,587.4,625,629,0.0,628.0,0.0,0,0,2017-04-21,75957000,627.0,6,0,0,0,0,0,0,0,0,627.2,34,0,0,0,0,0,0,0,0
320,2017-04-20,21:06:01,0,ZC705,XZCE,627.0,626.4,628,1802,113028519.94,150954,151962,662.6,587.4,625,629,0.0,628.0,0.0,0,0,2017-04-21,75961000,627.0,7,0,0,0,0,0,0,0,0,627.2,34,0,0,0,0,0,0,0,0
321,2017-04-20,21:06:04,0,ZC705,XZCE,627.0,626.4,628,1802,113028519.94,150954,151962,662.6,587.4,625,629,0.0,628.0,0.0,0,0,2017-04-21,75964000,627.0,7,0,0,0,0,0,0,0,0,627.2,35,0,0,0,0,0,0,0,0
322,2017-04-20,21:06:04,0,ZC705,XZCE,627.2,626.4,628,1806,113279399.94,150950,151962,662.6,587.4,625,629,0.0,628.0,0.0,0,0,2017-04-21,75964000,627.0,7,0,0,0,0,0,0,0,0,627.2,33,0,0,0,0,0,0,0,0
323,2017-04-20,21:06:05,0,ZC705,XZCE,627.2,626.4,628,1806,113279399.94,150950,151962,662.6,587.4,625,629,0.0,628.0,0.0,0,0,2017-04-21,75965000,627.0,7,0,0,0,0,0,0,0,0,627.2,34,0,0,0,0,0,0,0,0
324,2017-04-20,21:06:10,0,ZC705,XZCE,627.2,626.4,628,1806,113279399.94,150950,151962,662.6,587.4,625,629,0.0,628.0,0.0,0,0,2017-04-21,75970000,627.0,34,0,0,0,0,0,0,0,0,627.2,34,0,0,0,0,0,0,0,0
325,2017-04-20,21:06:11,0,ZC705,XZCE,627.2,626.4,628,1810,113530279.94,150946,151962,662.6,587.4,625,629,0.0,628.0,0.0,0,0,2017-04-21,75971000,627.0,34,0,0,0,0,0,0,0,0,627.2,32,0,0,0,0,0,0,0,0
326,2017-04-20,21:06:13,0,ZC705,XZCE,627.2,626.4,628,1812,113655719.94,150946,151962,662.6,587.4,625,629,0.0,628.0,0.0,0,0,2017-04-21,75973000,627.0,34,0,0,0,0,0,0,0,0,627.2,31,0,0,0,0,0,0,0,0
327,2017-04-20,21:06:19,0,ZC705,XZCE,627.2,626.4,628,1824,114408359.94,150934,151962,662.6,587.4,625,629,0.0,628.0,0.0,0,0,2017-04-21,75979000,627.0,34,0,0,0,0,0,0,0,0,627.2,25,0,0,0,0,0,0,0,0
328,2017-04-20,21:06:20,0,ZC705,XZCE,627.0,626.4,628,1826,114533759.94,150932,151962,662.6,587.4,625,629,0.0,628.0,0.0,0,0,2017-04-21,75980000,627.0,33,0,0,0,0,0,0,0,0,627.2,25,0,0,0,0,0,0,0,0
329,2017-04-20,21:06:24,0,ZC705,XZCE,627.2,626.4,628,1836,115160959.94,150922,151962,662.6,587.4,625,629,0.0,628.0,0.0,0,0,2017-04-21,75984000,627.0,33,0,0,0,0,0,0,0,0,627.2,20,0,0,0,0,0,0,0,0
330,2017-04-20,21:06:26,0,ZC705,XZCE,627.0,626.4,628,1838,115286359.94,150922,151962,662.6,587.4,625,629,0.0,628.0,0.0,0,0,2017-04-21,75986000,627.0,32,0,0,0,0,0,0,0,0,627.2,20,0,0,0,0,0,0,0,0
331,2017-04-20,21:06:26,0,ZC705,XZCE,627.0,626.4,628,1838,115286359.94,150922,151962,662.6,587.4,625,629,0.0,628.0,0.0,0,0,2017-04-21,75986000,627.0,34,0,0,0,0,0,0,0,0,627.2,20,0,0,0,0,0,0,0,0
332,2017-04-20,21:06:27,0,ZC705,XZCE,627.2,626.4,628,1840,115411799.94,150920,151962,662.6,587.4,625,629,0.0,628.0,0.0,0,0,2017-04-21,75987000,627.0,34,0,0,0,0,0,0,0,0,627.2,19,0,0,0,0,0,0,0,0
333,2017-04-20,21:06:27,0,ZC705,XZCE,627.2,626.4,628,1840,115411799.94,150920,151962,662.6,587.4,625,629,0.0,628.0,0.0,0,0,2017-04-21,75987000,627.0,43,0,0,0,0,0,0,0,0,627.2,19,0,0,0,0,0,0,0,0
334,2017-04-20,21:06:31,0,ZC705,XZCE,627.2,626.4,628,1846,115788119.94,150916,151962,662.6,587.4,625,629,0.0,628.0,0.0,0,0,2017-04-21,75991000,627.0,43,0,0,0,0,0,0,0,0,627.2,16,0,0,0,0,0,0,0,0
335,2017-04-20,21:06:32,0,ZC705,XZCE,627.2,626.4,628,1846,115788119.94,150916,151962,662.6,587.4,625,629,0.0,628.0,0.0,0,0,2017-04-21,75992000,627.0,43,0,0,0,0,0,0,0,0,627.2,21,0,0,0,0,0,0,0,0
336,2017-04-20,21:06:33,0,ZC705,XZCE,627.2,626.4,628,1850,116038999.94,150916,151962,662.6,587.4,625,629,0.0,628.0,0.0,0,0,2017-04-21,75993000,627.0,43,0,0,0,0,0,0,0,0,627.2,19,0,0,0,0,0,0,0,0
337,2017-04-20,21:06:34,0,ZC705,XZCE,627.2,626.4,628,1850,116038999.94,150916,151962,662.6,587.4,625,629,0.0,628.0,0.0,0,0,2017-04-21,75994000,627.0,44,0,0,0,0,0,0,0,0,627.2,19,0,0,0,0,0,0,0,0
338,2017-04-20,21:06:38,0,ZC705,XZCE,627.2,626.4,628,1858,116540759.94,150924,151962,662.6,587.4,625,629,0.0,628.0,0.0,0,0,2017-04-21,75998000,627.0,44,0,0,0,0,0,0,0,0,627.2,15,0,0,0,0,0,0,0,0
339,2017-04-20,21:06:38,0,ZC705,XZCE,627.2,626.4,628,1858,116540759.94,150924,151962,662.6,587.4,625,629,0.0,628.0,0.0,0,0,2017-04-21,75998000,627.0,45,0,0,0,0,0,0,0,0,627.2,15,0,0,0,0,0,0,0,0
340,2017-04-20,21:06:43,0,ZC705,XZCE,627.2,626.4,628,1860,116666199.94,150926,151962,662.6,587.4,625,629,0.0,628.0,0.0,0,0,2017-04-21,76003000,627.0,45,0,0,0,0,0,0,0,0,627.2,14,0,0,0,0,0,0,0,0
341,2017-04-20,21:06:43,0,ZC705,XZCE,627.2,626.4,628,1860,116666199.94,150926,151962,662.6,587.4,625,629,0.0,628.0,0.0,0,0,2017-04-21,76003000,627.0,44,0,0,0,0,0,0,0,0,627.2,14,0,0,0,0,0,0,0,0
342,2017-04-20,21:06:44,0,ZC705,XZCE,627.2,626.4,628,1860,116666199.94,150926,151962,662.6,587.4,625,629,0.0,628.0,0.0,0,0,2017-04-21,76004000,627.0,45,0,0,0,0,0,0,0,0,627.2,14,0,0,0,0,0,0,0,0
343,2017-04-20,21:06:46,0,ZC705,XZCE,627.2,626.4,628,1860,116666199.94,150926,151962,662.6,587.4,625,629,0.0,628.0,0.0,0,0,2017-04-21,76006000,627.0,46,0,0,0,0,0,0,0,0,627.2,14,0,0,0,0,0,0,0,0
344,2017-04-20,21:06:47,0,ZC705,XZCE,627.2,626.4,628,1860,116666199.94,150926,151962,662.6,587.4,625,629,0.0,628.0,0.0,0,0,2017-04-21,76007000,627.0,45,0,0,0,0,0,0,0,0,627.2,14,0,0,0,0,0,0,0,0
345,2017-04-20,21:06:49,0,ZC705,XZCE,627.2,626.4,628,1860,116666199.94,150926,151962,662.6,587.4,625,629,0.0,628.0,0.0,0,0,2017-04-21,76009000,627.0,46,0,0,0,0,0,0,0,0,627.2,15,0,0,0,0,0,0,0,0
346,2017-04-20,21:06:56,0,ZC705,XZCE,627.2,626.4,628,1860,116666199.94,150926,151962,662.6,587.4,625,629,0.0,628.0,0.0,0,0,2017-04-21,76016000,627.0,49,0,0,0,0,0,0,0,0,627.2,15,0,0,0,0,0,0,0,0
347,2017-04-20,21:06:57,0,ZC705,XZCE,627.0,626.4,628,1864,116916999.94,150926,151962,662.6,587.4,625,629,0.0,628.0,0.0,0,0,2017-04-21,76017000,627.0,47,0,0,0,0,0,0,0,0,627.2,15,0,0,0,0,0,0,0,0
348,2017-04-20,21:07:01,0,ZC705,XZCE,627.0,626.4,628,1864,116916999.94,150926,151962,662.6,587.4,625,629,0.0,628.0,0.0,0,0,2017-04-21,76021000,627.0,46,0,0,0,0,0,0,0,0,627.2,15,0,0,0,0,0,0,0,0
349,2017-04-20,21:07:02,0,ZC705,XZCE,627.0,626.4,628,1864,116916999.94,150926,151962,662.6,587.4,625,629,0.0,628.0,0.0,0,0,2017-04-21,76022000,627.0,47,0,0,0,0,0,0,0,0,627.2,15,0,0,0,0,0,0,0,0
350,2017-04-20,21:07:05,0,ZC705,XZCE,627.2,626.4,628,1866,117042439.94,150926,151962,662.6,587.4,625,629,0.0,628.0,0.0,0,0,2017-04-21,76025000,627.0,49,0,0,0,0,0,0,0,0,627.2,14,0,0,0,0,0,0,0,0
351,2017-04-20,21:07:06,0,ZC705,XZCE,627.2,626.4,628,1866,117042439.94,150926,151962,662.6,587.4,625,629,0.0,628.0,0.0,0,0,2017-04-21,76026000,627.0,49,0,0,0,0,0,0,0,0,627.2,15,0,0,0,0,0,0,0,0
352,2017-04-20,21:07:06,0,ZC705,XZCE,627.2,626.4,628,1866,117042439.94,150926,151962,662.6,587.4,625,629,0.0,628.0,0.0,0,0,2017-04-21,76026000,627.0,50,0,0,0,0,0,0,0,0,627.2,15,0,0,0,0,0,0,0,0
353,2017-04-20,21:07:07,0,ZC705,XZCE,627.2,626.4,628,1868,117167879.94,150926,151962,662.6,587.4,625,629,0.0,628.0,0.0,0,0,2017-04-21,76027000,627.0,49,0,0,0,0,0,0,0,0,627.2,14,0,0,0,0,0,0,0,0
354,2017-04-20,21:07:08,0,ZC705,XZCE,627.2,626.4,628,1868,117167879.94,150926,151962,662.6,587.4,625,629,0.0,628.0,0.0,0,0,2017-04-21,76028000,627.0,49,0,0,0,0,0,0,0,0,627.2,15,0,0,0,0,0,0,0,0
355,2017-04-20,21:07:09,0,ZC705,XZCE,627.0,626.4,628,1870,117293279.94,150926,151962,662.6,587.4,625,629,0.0,628.0,0.0,0,0,2017-04-21,76029000,627.0,48,0,0,0,0,0,0,0,0,627.2,15,0,0,0,0,0,0,0,0
356,2017-04-20,21:07:09,0,ZC705,XZCE,627.2,626.4,628,1872,117418719.94,150926,151962,662.6,587.4,625,629,0.0,628.0,0.0,0,0,2017-04-21,76029000,627.0,51,0,0,0,0,0,0,0,0,627.2,14,0,0,0,0,0,0,0,0
357,2017-04-20,21:07:11,0,ZC705,XZCE,627.2,626.4,628,1900,119174879.94,150922,151962,662.6,587.4,625,629,0.0,628.0,0.0,0,0,2017-04-21,76031000,627.2,11,0,0,0,0,0,0,0,0,627.4,18,0,0,0,0,0,0,0,0
358,2017-04-20,21:07:12,0,ZC705,XZCE,627.4,626.4,628,1936,121433519.94,150914,151962,662.6,587.4,625,629,0.0,628.0,0.0,0,0,2017-04-21,76032000,627.2,11,0,0,0,0,0,0,0,0,627.6,22,0,0,0,0,0,0,0,0
359,2017-04-20,21:07:14,0,ZC705,XZCE,627.4,626.4,628,1936,121433519.94,150914,151962,662.6,587.4,625,629,0.0,628.0,0.0,0,0,2017-04-21,76034000,627.2,12,0,0,0,0,0,0,0,0,627.6,22,0,0,0,0,0,0,0,0
360,2017-04-20,21:07:14,0,ZC705,XZCE,627.6,626.4,628,1940,121684559.94,150912,151962,662.6,587.4,625,629,0.0,628.0,0.0,0,0,2017-04-21,76034000,627.2,11,0,0,0,0,0,0,0,0,627.6,21,0,0,0,0,0,0,0,0
361,2017-04-20,21:07:18,0,ZC705,XZCE,627.2,626.4,628,1942,121809999.94,150910,151962,662.6,587.4,625,629,0.0,628.0,0.0,0,0,2017-04-21,76038000,627.2,10,0,0,0,0,0,0,0,0,627.6,21,0,0,0,0,0,0,0,0
362,2017-04-20,21:07:19,0,ZC705,XZCE,627.6,626.4,628,1950,122312079.94,150904,151962,662.6,587.4,625,629,0.0,628.0,0.0,0,0,2017-04-21,76039000,627.2,10,0,0,0,0,0,0,0,0,627.6,17,0,0,0,0,0,0,0,0
363,2017-04-20,21:07:23,0,ZC705,XZCE,627.6,626.4,628,1950,122312079.94,150904,151962,662.6,587.4,625,629,0.0,628.0,0.0,0,0,2017-04-21,76043000,627.2,11,0,0,0,0,0,0,0,0,627.6,17,0,0,0,0,0,0,0,0
364,2017-04-20,21:07:23,0,ZC705,XZCE,627.6,626.4,628,1952,122437599.94,150902,151962,662.6,587.4,625,629,0.0,628.0,0.0,0,0,2017-04-21,76043000,627.2,11,0,0,0,0,0,0,0,0,627.6,16,0,0,0,0,0,0,0,0
365,2017-04-20,21:07:23,0,ZC705,XZCE,627.6,626.4,628,1952,122437599.94,150902,151962,662.6,587.4,625,629,0.0,628.0,0.0,0,0,2017-04-21,76043000,627.2,21,0,0,0,0,0,0,0,0,627.6,16,0,0,0,0,0,0,0,0
366,2017-04-20,21:07:25,0,ZC705,XZCE,627.6,626.4,628,1956,122688639.94,150898,151962,662.6,587.4,625,629,0.0,628.0,0.0,0,0,2017-04-21,76045000,627.2,21,0,0,0,0,0,0,0,0,627.6,14,0,0,0,0,0,0,0,0
367,2017-04-20,21:07:29,0,ZC705,XZCE,627.6,626.4,628,1958,122814159.94,150896,151962,662.6,587.4,625,629,0.0,628.0,0.0,0,0,2017-04-21,76049000,627.2,21,0,0,0,0,0,0,0,0,627.6,13,0,0,0,0,0,0,0,0
368,2017-04-20,21:07:37,0,ZC705,XZCE,627.2,626.4,628,1960,122939599.94,150896,151962,662.6,587.4,625,629,0.0,628.0,0.0,0,0,2017-04-21,76057000,627.2,22,0,0,0,0,0,0,0,0,627.6,13,0,0,0,0,0,0,0,0
369,2017-04-20,21:07:39,0,ZC705,XZCE,627.2,626.4,628,1960,122939599.94,150896,151962,662.6,587.4,625,629,0.0,628.0,0.0,0,0,2017-04-21,76059000,627.2,22,0,0,0,0,0,0,0,0,627.6,15,0,0,0,0,0,0,0,0
370,2017-04-20,21:07:40,0,ZC705,XZCE,627.6,626.4,628,1970,123567199.94,150896,151962,662.6,587.4,625,629,0.0,628.0,0.0,0,0,2017-04-21,76060000,627.2,22,0,0,0,0,0,0,0,0,627.6,10,0,0,0,0,0,0,0,0
371,2017-04-20,21:07:40,0,ZC705,XZCE,627.6,626.4,628,1970,123567199.94,150896,151962,662.6,587.4,625,629,0.0,628.0,0.0,0,0,2017-04-21,76060000,627.2,13,0,0,0,0,0,0,0,0,627.6,10,0,0,0,0,0,0,0,0
372,2017-04-20,21:07:41,0,ZC705,XZCE,627.6,626.4,628,1970,123567199.94,150896,151962,662.6,587.4,625,629,0.0,628.0,0.0,0,0,2017-04-21,76061000,627.2,13,0,0,0,0,0,0,0,0,627.6,15,0,0,0,0,0,0,0,0
373,2017-04-20,21:07:41,0,ZC705,XZCE,627.6,626.4,628,1970,123567199.94,150896,151962,662.6,587.4,625,629,0.0,628.0,0.0,0,0,2017-04-21,76061000,627.2,13,0,0,0,0,0,0,0,0,627.6,16,0,0,0,0,0,0,0,0
374,2017-04-20,21:07:43,0,ZC705,XZCE,627.2,626.4,628,1974,123818079.94,150892,151962,662.6,587.4,625,629,0.0,628.0,0.0,0,0,2017-04-21,76063000,627.2,11,0,0,0,0,0,0,0,0,627.6,16,0,0,0,0,0,0,0,0
375,2017-04-20,21:07:47,0,ZC705,XZCE,627.2,626.4,628,1974,123818079.94,150892,151962,662.6,587.4,625,629,0.0,628.0,0.0,0,0,2017-04-21,76067000,627.2,11,0,0,0,0,0,0,0,0,627.6,17,0,0,0,0,0,0,0,0
376,2017-04-20,21:07:48,0,ZC705,XZCE,627.2,626.4,628,1974,123818079.94,150892,151962,662.6,587.4,625,629,0.0,628.0,0.0,0,0,2017-04-21,76068000,627.2,11,0,0,0,0,0,0,0,0,627.6,19,0,0,0,0,0,0,0,0
377,2017-04-20,21:07:50,0,ZC705,XZCE,627.6,626.4,628,2004,125700879.94,150876,151962,662.6,587.4,625,629,0.0,628.0,0.0,0,0,2017-04-21,76070000,627.2,11,0,0,0,0,0,0,0,0,627.6,4,0,0,0,0,0,0,0,0
378,2017-04-20,21:07:52,0,ZC705,XZCE,627.6,626.4,628,2006,125826399.94,150876,151962,662.6,587.4,625,629,0.0,628.0,0.0,0,0,2017-04-21,76072000,627.2,11,0,0,0,0,0,0,0,0,627.6,3,0,0,0,0,0,0,0,0
379,2017-04-20,21:07:54,0,ZC705,XZCE,627.2,626.4,628,2012,126202719.94,150870,151962,662.6,587.4,625,629,0.0,628.0,0.0,0,0,2017-04-21,76074000,627.2,8,0,0,0,0,0,0,0,0,627.6,3,0,0,0,0,0,0,0,0
380,2017-04-20,21:07:54,0,ZC705,XZCE,627.6,626.4,628,2026,127081359.94,150870,151962,662.6,587.4,625,629,0.0,628.0,0.0,0,0,2017-04-21,76074000,627.6,3,0,0,0,0,0,0,0,0,627.8,23,0,0,0,0,0,0,0,0
381,2017-04-20,21:07:59,0,ZC705,XZCE,627.6,626.4,628,2028,127206879.94,150870,151962,662.6,587.4,625,629,0.0,628.0,0.0,0,0,2017-04-21,76079000,627.6,2,0,0,0,0,0,0,0,0,627.8,23,0,0,0,0,0,0,0,0
382,2017-04-20,21:07:59,0,ZC705,XZCE,627.6,626.4,628,2032,127457919.94,150866,151962,662.6,587.4,625,629,0.0,628.0,0.0,0,0,2017-04-21,76079000,627.2,8,0,0,0,0,0,0,0,0,627.8,23,0,0,0,0,0,0,0,0
383,2017-04-20,21:08:01,0,ZC705,XZCE,627.6,626.4,628,2032,127457919.94,150866,151962,662.6,587.4,625,629,0.0,628.0,0.0,0,0,2017-04-21,76081000,627.2,8,0,0,0,0,0,0,0,0,627.6,50,0,0,0,0,0,0,0,0
384,2017-04-20,21:08:01,0,ZC705,XZCE,627.6,626.4,628,2032,127457919.94,150866,151962,662.6,587.4,625,629,0.0,628.0,0.0,0,0,2017-04-21,76081000,627.2,8,0,0,0,0,0,0,0,0,627.6,51,0,0,0,0,0,0,0,0
385,2017-04-20,21:08:03,0,ZC705,XZCE,627.2,626.4,628,2044,128210559.94,150854,151962,662.6,587.4,625,629,0.0,628.0,0.0,0,0,2017-04-21,76083000,627.2,2,0,0,0,0,0,0,0,0,627.6,51,0,0,0,0,0,0,0,0
386,2017-04-20,21:08:04,0,ZC705,XZCE,627.2,626.4,628,2044,128210559.94,150854,151962,662.6,587.4,625,629,0.0,628.0,0.0,0,0,2017-04-21,76084000,627.2,2,0,0,0,0,0,0,0,0,627.6,52,0,0,0,0,0,0,0,0
387,2017-04-20,21:08:05,0,ZC705,XZCE,627.2,626.4,628,2044,128210559.94,150854,151962,662.6,587.4,625,629,0.0,628.0,0.0,0,0,2017-04-21,76085000,627.2,2,0,0,0,0,0,0,0,0,627.6,53,0,0,0,0,0,0,0,0
388,2017-04-20,21:08:06,0,ZC705,XZCE,627.4,626.4,628,2046,128336039.94,150852,151962,662.6,587.4,625,629,0.0,628.0,0.0,0,0,2017-04-21,76086000,627.2,2,0,0,0,0,0,0,0,0,627.6,53,0,0,0,0,0,0,0,0
389,2017-04-20,21:08:09,0,ZC705,XZCE,627.4,626.4,628,2046,128336039.94,150852,151962,662.6,587.4,625,629,0.0,628.0,0.0,0,0,2017-04-21,76089000,627.2,3,0,0,0,0,0,0,0,0,627.6,53,0,0,0,0,0,0,0,0
390,2017-04-20,21:08:10,0,ZC705,XZCE,627.4,626.4,628,2046,128336039.94,150852,151962,662.6,587.4,625,629,0.0,628.0,0.0,0,0,2017-04-21,76090000,627.2,5,0,0,0,0,0,0,0,0,627.6,53,0,0,0,0,0,0,0,0
391,2017-04-20,21:08:12,0,ZC705,XZCE,627.4,626.4,628,2046,128336039.94,150852,151962,662.6,587.4,625,629,0.0,628.0,0.0,0,0,2017-04-21,76092000,627.2,5,0,0,0,0,0,0,0,0,627.6,52,0,0,0,0,0,0,0,0
392,2017-04-20,21:08:15,0,ZC705,XZCE,627.4,626.4,628,2048,128461519.94,150852,151962,662.6,587.4,625,629,0.0,628.0,0.0,0,0,2017-04-21,76095000,627.4,3,0,0,0,0,0,0,0,0,627.6,52,0,0,0,0,0,0,0,0
393,2017-04-20,21:08:19,0,ZC705,XZCE,627.4,626.4,628,2050,128586999.94,150852,151962,662.6,587.4,625,629,0.0,628.0,0.0,0,0,2017-04-21,76099000,627.4,2,0,0,0,0,0,0,0,0,627.6,52,0,0,0,0,0,0,0,0
394,2017-04-20,21:08:20,0,ZC705,XZCE,627.6,626.4,628,2052,128712519.94,150850,151962,662.6,587.4,625,629,0.0,628.0,0.0,0,0,2017-04-21,76100000,627.4,2,0,0,0,0,0,0,0,0,627.6,51,0,0,0,0,0,0,0,0
395,2017-04-20,21:08:23,0,ZC705,XZCE,627.6,626.4,628,2052,128712519.94,150850,151962,662.6,587.4,625,629,0.0,628.0,0.0,0,0,2017-04-21,76103000,627.4,2,0,0,0,0,0,0,0,0,627.6,52,0,0,0,0,0,0,0,0
396,2017-04-20,21:08:25,0,ZC705,XZCE,627.6,626.4,628,2052,128712519.94,150850,151962,662.6,587.4,625,629,0.0,628.0,0.0,0,0,2017-04-21,76105000,627.4,3,0,0,0,0,0,0,0,0,627.6,52,0,0,0,0,0,0,0,0
397,2017-04-20,21:08:26,0,ZC705,XZCE,627.6,626.4,628,2052,128712519.94,150850,151962,662.6,587.4,625,629,0.0,628.0,0.0,0,0,2017-04-21,76106000,627.4,2,0,0,0,0,0,0,0,0,627.6,52,0,0,0,0,0,0,0,0
398,2017-04-20,21:08:28,0,ZC705,XZCE,627.6,626.4,628,2052,128712519.94,150850,151962,662.6,587.4,625,629,0.0,628.0,0.0,0,0,2017-04-21,76108000,627.4,3,0,0,0,0,0,0,0,0,627.6,52,0,0,0,0,0,0,0,0
399,2017-04-20,21:08:29,0,ZC705,XZCE,627.6,626.4,628,2052,128712519.94,150850,151962,662.6,587.4,625,629,0.0,628.0,0.0,0,0,2017-04-21,76109000,627.4,5,0,0,0,0,0,0,0,0,627.6,52,0,0,0,0,0,0,0,0
400,2017-04-20,21:08:29,0,ZC705,XZCE,627.6,626.4,628,2052,128712519.94,150850,151962,662.6,587.4,625,629,0.0,628.0,0.0,0,0,2017-04-21,76109000,627.4,6,0,0,0,0,0,0,0,0,627.6,52,0,0,0,0,0,0,0,0
401,2017-04-20,21:08:31,0,ZC705,XZCE,627.6,626.4,628,2124,133231239.94,150780,151962,662.6,587.4,625,629,0.0,628.0,0.0,0,0,2017-04-21,76111000,627.4,14,0,0,0,0,0,0,0,0,627.6,16,0,0,0,0,0,0,0,0
402,2017-04-20,21:08:32,0,ZC705,XZCE,627.6,626.4,628,2146,134611959.94,150758,151962,662.6,587.4,625,629,0.0,628.0,0.0,0,0,2017-04-21,76112000,627.4,14,0,0,0,0,0,0,0,0,627.6,5,0,0,0,0,0,0,0,0
403,2017-04-20,21:08:32,0,ZC705,XZCE,627.4,626.4,628,2148,134737439.94,150758,151962,662.6,587.4,625,629,0.0,628.0,0.0,0,0,2017-04-21,76112000,627.4,13,0,0,0,0,0,0,0,0,627.6,5,0,0,0,0,0,0,0,0
404,2017-04-20,21:08:35,0,ZC705,XZCE,627.6,626.4,628,2150,134862959.94,150758,151962,662.6,587.4,625,629,0.0,628.0,0.0,0,0,2017-04-21,76115000,627.4,12,0,0,0,0,0,0,0,0,627.6,4,0,0,0,0,0,0,0,0
405,2017-04-20,21:08:36,0,ZC705,XZCE,627.6,626.4,628,2152,134988479.94,150756,151962,662.6,587.4,625,629,0.0,628.0,0.0,0,0,2017-04-21,76116000,627.4,12,0,0,0,0,0,0,0,0,627.6,3,0,0,0,0,0,0,0,0
406,2017-04-20,21:08:43,0,ZC705,XZCE,627.6,626.4,628,2158,135365039.94,150756,151962,662.6,587.4,625,629,0.0,628.0,0.0,0,0,2017-04-21,76123000,627.6,1,0,0,0,0,0,0,0,0,627.8,23,0,0,0,0,0,0,0,0
407,2017-04-20,21:08:43,0,ZC705,XZCE,627.6,626.4,628,2158,135365039.94,150756,151962,662.6,587.4,625,629,0.0,628.0,0.0,0,0,2017-04-21,76123000,627.6,3,0,0,0,0,0,0,0,0,627.8,23,0,0,0,0,0,0,0,0
408,2017-04-20,21:08:45,0,ZC705,XZCE,627.6,626.4,628,2158,135365039.94,150756,151962,662.6,587.4,625,629,0.0,628.0,0.0,0,0,2017-04-21,76125000,627.6,3,0,0,0,0,0,0,0,0,627.8,24,0,0,0,0,0,0,0,0
409,2017-04-20,21:08:46,0,ZC705,XZCE,627.8,626.4,628,2160,135490599.94,150756,151962,662.6,587.4,625,629,0.0,628.0,0.0,0,0,2017-04-21,76126000,627.6,3,0,0,0,0,0,0,0,0,627.8,23,0,0,0,0,0,0,0,0
410,2017-04-20,21:08:49,0,ZC705,XZCE,627.8,626.4,628,2162,135616159.94,150756,151962,662.6,587.4,625,629,0.0,628.0,0.0,0,0,2017-04-21,76129000,627.6,3,0,0,0,0,0,0,0,0,627.8,22,0,0,0,0,0,0,0,0
411,2017-04-20,21:08:50,0,ZC705,XZCE,627.6,626.4,628,2166,135867199.94,150754,151962,662.6,587.4,625,629,0.0,628.0,0.0,0,0,2017-04-21,76130000,627.6,2,0,0,0,0,0,0,0,0,627.8,21,0,0,0,0,0,0,0,0
412,2017-04-20,21:08:53,0,ZC705,XZCE,627.6,626.4,628,2170,136118239.94,150758,151962,662.6,587.4,625,629,0.0,628.0,0.0,0,0,2017-04-21,76133000,627.4,5,0,0,0,0,0,0,0,0,627.8,22,0,0,0,0,0,0,0,0
413,2017-04-20,21:08:54,0,ZC705,XZCE,627.8,626.4,628,2172,136243799.94,150758,151962,662.6,587.4,625,629,0.0,628.0,0.0,0,0,2017-04-21,76134000,627.4,5,0,0,0,0,0,0,0,0,627.8,21,0,0,0,0,0,0,0,0
414,2017-04-20,21:08:56,0,ZC705,XZCE,627.8,626.4,628,2174,136369359.94,150756,151962,662.6,587.4,625,629,0.0,628.0,0.0,0,0,2017-04-21,76136000,627.4,5,0,0,0,0,0,0,0,0,627.8,20,0,0,0,0,0,0,0,0
415,2017-04-20,21:09:00,0,ZC705,XZCE,627.8,626.4,628,2176,136494919.94,150754,151962,662.6,587.4,625,629,0.0,628.0,0.0,0,0,2017-04-21,76140000,627.4,8,0,0,0,0,0,0,0,0,627.8,19,0,0,0,0,0,0,0,0
416,2017-04-20,21:09:01,0,ZC705,XZCE,627.8,626.4,628,2182,136871599.94,150748,151962,662.6,587.4,625,629,0.0,628.0,0.0,0,0,2017-04-21,76141000,627.4,8,0,0,0,0,0,0,0,0,627.8,16,0,0,0,0,0,0,0,0
417,2017-04-20,21:09:02,0,ZC705,XZCE,627.8,626.4,628,2190,137373839.94,150740,151962,662.6,587.4,625,629,0.0,628.0,0.0,0,0,2017-04-21,76142000,627.4,8,0,0,0,0,0,0,0,0,627.8,12,0,0,0,0,0,0,0,0
418,2017-04-20,21:09:02,0,ZC705,XZCE,627.8,626.4,628,2200,138001639.94,150740,151962,662.6,587.4,625,629,0.0,628.0,0.0,0,0,2017-04-21,76142000,627.4,8,0,0,0,0,0,0,0,0,627.8,7,0,0,0,0,0,0,0,0
419,2017-04-20,21:09:03,0,ZC705,XZCE,627.8,626.4,628,2200,138001639.94,150740,151962,662.6,587.4,625,629,0.0,628.0,0.0,0,0,2017-04-21,76143000,627.4,8,0,0,0,0,0,0,0,0,627.8,10,0,0,0,0,0,0,0,0
420,2017-04-20,21:09:04,0,ZC705,XZCE,627.4,626.4,628,2212,138754519.94,150730,151962,662.6,587.4,625,629,0.0,628.0,0.0,0,0,2017-04-21,76144000,627.4,2,0,0,0,0,0,0,0,0,627.8,35,0,0,0,0,0,0,0,0
421,2017-04-20,21:09:05,0,ZC705,XZCE,627.8,626.4,628,2216,139005639.94,150726,151962,662.6,587.4,625,629,0.0,628.0,0.0,0,0,2017-04-21,76145000,627.4,1,0,0,0,0,0,0,0,0,627.8,34,0,0,0,0,0,0,0,0
422,2017-04-20,21:09:07,0,ZC705,XZCE,627.8,626.4,628,2216,139005639.94,150726,151962,662.6,587.4,625,629,0.0,628.0,0.0,0,0,2017-04-21,76147000,627.4,2,0,0,0,0,0,0,0,0,627.8,34,0,0,0,0,0,0,0,0
423,2017-04-20,21:09:09,0,ZC705,XZCE,627.8,626.4,628,2216,139005639.94,150726,151962,662.6,587.4,625,629,0.0,628.0,0.0,0,0,2017-04-21,76149000,627.4,17,0,0,0,0,0,0,0,0,627.6,18,0,0,0,0,0,0,0,0
424,2017-04-20,21:09:10,0,ZC705,XZCE,627.2,626.4,628,2256,141514439.94,150688,151962,662.6,587.4,625,629,0.0,628.0,0.0,0,0,2017-04-21,76150000,627.0,48,0,0,0,0,0,0,0,0,627.4,3,0,0,0,0,0,0,0,0
425,2017-04-20,21:09:14,0,ZC705,XZCE,627.2,626.4,628,2256,141514439.94,150688,151962,662.6,587.4,625,629,0.0,628.0,0.0,0,0,2017-04-21,76154000,627.0,48,0,0,0,0,0,0,0,0,627.4,4,0,0,0,0,0,0,0,0
426,2017-04-20,21:09:15,0,ZC705,XZCE,627.4,626.4,628,2258,141639919.94,150686,151962,662.6,587.4,625,629,0.0,628.0,0.0,0,0,2017-04-21,76155000,627.0,48,0,0,0,0,0,0,0,0,627.4,3,0,0,0,0,0,0,0,0
427,2017-04-20,21:09:17,0,ZC705,XZCE,627.4,626.4,628,2274,142643759.94,150672,151962,662.6,587.4,625,629,0.0,628.0,0.0,0,0,2017-04-21,76157000,627.0,48,0,0,0,0,0,0,0,0,627.2,2,0,0,0,0,0,0,0,0
428,2017-04-20,21:09:17,0,ZC705,XZCE,627.4,626.4,628,2276,142769239.94,150670,151962,662.6,587.4,625,629,0.0,628.0,0.0,0,0,2017-04-21,76157000,627.0,48,0,0,0,0,0,0,0,0,627.2,1,0,0,0,0,0,0,0,0
429,2017-04-20,21:09:17,0,ZC705,XZCE,627.4,626.4,628,2278,142894719.94,150668,151962,662.6,587.4,625,629,0.0,628.0,0.0,0,0,2017-04-21,76157000,627.0,48,0,0,0,0,0,0,0,0,627.2,3,0,0,0,0,0,0,0,0
430,2017-04-20,21:09:19,0,ZC705,XZCE,627.4,626.4,628,2280,143020199.94,150666,151962,662.6,587.4,625,629,0.0,628.0,0.0,0,0,2017-04-21,76159000,627.0,48,0,0,0,0,0,0,0,0,627.2,2,0,0,0,0,0,0,0,0
431,2017-04-20,21:09:19,0,ZC705,XZCE,627.4,626.4,628,2280,143020199.94,150666,151962,662.6,587.4,625,629,0.0,628.0,0.0,0,0,2017-04-21,76159000,627.0,49,0,0,0,0,0,0,0,0,627.2,2,0,0,0,0,0,0,0,0
432,2017-04-20,21:09:22,0,ZC705,XZCE,627.4,626.4,628,2280,143020199.94,150666,151962,662.6,587.4,625,629,0.0,628.0,0.0,0,0,2017-04-21,76162000,627.0,49,0,0,0,0,0,0,0,0,627.2,7,0,0,0,0,0,0,0,0
433,2017-04-20,21:09:22,0,ZC705,XZCE,627.0,626.4,628,2282,143145599.94,150664,151962,662.6,587.4,625,629,0.0,628.0,0.0,0,0,2017-04-21,76162000,627.0,48,0,0,0,0,0,0,0,0,627.2,7,0,0,0,0,0,0,0,0
434,2017-04-20,21:09:22,0,ZC705,XZCE,627.0,626.4,628,2380,149290199.94,150570,151962,662.6,587.4,625,629,0.0,628.0,0.0,0,0,2017-04-21,76162000,626.8,9,0,0,0,0,0,0,0,0,627.2,33,0,0,0,0,0,0,0,0
435,2017-04-20,21:09:23,0,ZC705,XZCE,627.0,626.4,628,2380,149290199.94,150570,151962,662.6,587.4,625,629,0.0,628.0,0.0,0,0,2017-04-21,76163000,626.8,9,0,0,0,0,0,0,0,0,627.2,34,0,0,0,0,0,0,0,0
436,2017-04-20,21:09:25,0,ZC705,XZCE,627.0,626.4,628,2380,149290199.94,150570,151962,662.6,587.4,625,629,0.0,628.0,0.0,0,0,2017-04-21,76165000,626.8,12,0,0,0,0,0,0,0,0,627.2,34,0,0,0,0,0,0,0,0
437,2017-04-20,21:09:28,0,ZC705,XZCE,627.2,626.4,628,2382,149415639.94,150568,151962,662.6,587.4,625,629,0.0,628.0,0.0,0,0,2017-04-21,76168000,626.8,9,0,0,0,0,0,0,0,0,627.0,5,0,0,0,0,0,0,0,0
438,2017-04-20,21:09:31,0,ZC705,XZCE,627.2,626.4,628,2382,149415639.94,150568,151962,662.6,587.4,625,629,0.0,628.0,0.0,0,0,2017-04-21,76171000,626.8,12,0,0,0,0,0,0,0,0,627.0,2,0,0,0,0,0,0,0,0
439,2017-04-20,21:09:33,0,ZC705,XZCE,627.2,626.4,628,2382,149415639.94,150568,151962,662.6,587.4,625,629,0.0,628.0,0.0,0,0,2017-04-21,76173000,626.8,12,0,0,0,0,0,0,0,0,627.0,5,0,0,0,0,0,0,0,0
440,2017-04-20,21:09:34,0,ZC705,XZCE,627.2,626.4,628,2382,149415639.94,150568,151962,662.6,587.4,625,629,0.0,628.0,0.0,0,0,2017-04-21,76174000,626.8,9,0,0,0,0,0,0,0,0,627.0,13,0,0,0,0,0,0,0,0
441,2017-04-20,21:09:34,0,ZC705,XZCE,627.2,626.4,628,2382,149415639.94,150568,151962,662.6,587.4,625,629,0.0,628.0,0.0,0,0,2017-04-21,76174000,626.8,9,0,0,0,0,0,0,0,0,627.0,16,0,0,0,0,0,0,0,0
442,2017-04-20,21:09:36,0,ZC705,XZCE,627.0,626.4,628,2384,149541039.94,150568,151962,662.6,587.4,625,629,0.0,628.0,0.0,0,0,2017-04-21,76176000,626.8,9,0,0,0,0,0,0,0,0,627.0,15,0,0,0,0,0,0,0,0
443,2017-04-20,21:09:38,0,ZC705,XZCE,627.0,626.4,628,2392,150042639.94,150568,151962,662.6,587.4,625,629,0.0,628.0,0.0,0,0,2017-04-21,76178000,626.8,12,0,0,0,0,0,0,0,0,627.2,2,0,0,0,0,0,0,0,0
444,2017-04-20,21:09:39,0,ZC705,XZCE,627.0,626.4,628,2392,150042639.94,150568,151962,662.6,587.4,625,629,0.0,628.0,0.0,0,0,2017-04-21,76179000,626.8,32,0,0,0,0,0,0,0,0,627.2,2,0,0,0,0,0,0,0,0
445,2017-04-20,21:09:40,0,ZC705,XZCE,627.0,626.4,628,2392,150042639.94,150568,151962,662.6,587.4,625,629,0.0,628.0,0.0,0,0,2017-04-21,76180000,626.8,33,0,0,0,0,0,0,0,0,627.2,2,0,0,0,0,0,0,0,0
446,2017-04-20,21:09:40,0,ZC705,XZCE,627.0,626.4,628,2394,150168039.94,150568,151962,662.6,587.4,625,629,0.0,628.0,0.0,0,0,2017-04-21,76180000,627.0,12,0,0,0,0,0,0,0,0,627.2,2,0,0,0,0,0,0,0,0
447,2017-04-20,21:09:45,0,ZC705,XZCE,627.0,626.4,628,2396,150293439.94,150568,151962,662.6,587.4,625,629,0.0,628.0,0.0,0,0,2017-04-21,76185000,627.0,11,0,0,0,0,0,0,0,0,627.2,3,0,0,0,0,0,0,0,0
448,2017-04-20,21:09:45,0,ZC705,XZCE,627.0,626.4,628,2396,150293439.94,150568,151962,662.6,587.4,625,629,0.0,628.0,0.0,0,0,2017-04-21,76185000,627.0,11,0,0,0,0,0,0,0,0,627.2,2,0,0,0,0,0,0,0,0
449,2017-04-20,21:09:46,0,ZC705,XZCE,627.0,626.4,628,2398,150418839.94,150568,151962,662.6,587.4,625,629,0.0,628.0,0.0,0,0,2017-04-21,76186000,627.0,7,0,0,0,0,0,0,0,0,627.2,5,0,0,0,0,0,0,0,0
450,2017-04-20,21:09:48,0,ZC705,XZCE,627.0,626.4,628,2398,150418839.94,150568,151962,662.6,587.4,625,629,0.0,628.0,0.0,0,0,2017-04-21,76188000,627.0,12,0,0,0,0,0,0,0,0,627.2,2,0,0,0,0,0,0,0,0
451,2017-04-20,21:09:49,0,ZC705,XZCE,627.0,626.4,628,2408,151045839.94,150568,151962,662.6,587.4,625,629,0.0,628.0,0.0,0,0,2017-04-21,76189000,627.0,4,0,0,0,0,0,0,0,0,627.2,5,0,0,0,0,0,0,0,0
452,2017-04-20,21:09:51,0,ZC705,XZCE,627.0,626.4,628,2408,151045839.94,150568,151962,662.6,587.4,625,629,0.0,628.0,0.0,0,0,2017-04-21,76191000,627.0,5,0,0,0,0,0,0,0,0,627.2,5,0,0,0,0,0,0,0,0
453,2017-04-20,21:09:52,0,ZC705,XZCE,627.0,626.4,628,2408,151045839.94,150568,151962,662.6,587.4,625,629,0.0,628.0,0.0,0,0,2017-04-21,76192000,627.0,6,0,0,0,0,0,0,0,0,627.2,5,0,0,0,0,0,0,0,0
454,2017-04-20,21:09:52,0,ZC705,XZCE,627.0,626.4,628,2408,151045839.94,150568,151962,662.6,587.4,625,629,0.0,628.0,0.0,0,0,2017-04-21,76192000,627.0,7,0,0,0,0,0,0,0,0,627.2,5,0,0,0,0,0,0,0,0
455,2017-04-20,21:09:55,0,ZC705,XZCE,627.0,626.4,628,2408,151045839.94,150568,151962,662.6,587.4,625,629,0.0,628.0,0.0,0,0,2017-04-21,76195000,627.0,10,0,0,0,0,0,0,0,0,627.2,2,0,0,0,0,0,0,0,0
456,2017-04-20,21:09:55,0,ZC705,XZCE,627.0,626.4,628,2410,151171239.94,150568,151962,662.6,587.4,625,629,0.0,628.0,0.0,0,0,2017-04-21,76195000,627.0,9,0,0,0,0,0,0,0,0,627.2,2,0,0,0,0,0,0,0,0
457,2017-04-20,21:09:58,0,ZC705,XZCE,627.0,626.4,628,2414,151422039.94,150564,151962,662.6,587.4,625,629,0.0,628.0,0.0,0,0,2017-04-21,76198000,627.0,7,0,0,0,0,0,0,0,0,627.2,2,0,0,0,0,0,0,0,0
458,2017-04-20,21:10:02,0,ZC705,XZCE,627.0,626.4,628,2414,151422039.94,150564,151962,662.6,587.4,625,629,0.0,628.0,0.0,0,0,2017-04-21,76202000,627.0,7,0,0,0,0,0,0,0,0,627.2,3,0,0,0,0,0,0,0,0
459,2017-04-20,21:10:06,0,ZC705,XZCE,627.2,626.4,628,2418,151672919.94,150562,151962,662.6,587.4,625,629,0.0,628.0,0.0,0,0,2017-04-21,76206000,627.0,7,0,0,0,0,0,0,0,0,627.2,1,0,0,0,0,0,0,0,0
460,2017-04-20,21:10:06,0,ZC705,XZCE,627.2,626.4,628,2420,151798359.94,150562,151962,662.6,587.4,625,629,0.0,628.0,0.0,0,0,2017-04-21,76206000,627.2,5,0,0,0,0,0,0,0,0,627.4,6,0,0,0,0,0,0,0,0
461,2017-04-20,21:10:07,0,ZC705,XZCE,627.4,626.4,628,2428,152300279.94,150562,151962,662.6,587.4,625,629,0.0,628.0,0.0,0,0,2017-04-21,76207000,627.2,5,0,0,0,0,0,0,0,0,627.4,2,0,0,0,0,0,0,0,0
462,2017-04-20,21:10:07,0,ZC705,XZCE,627.2,626.4,628,2430,152425719.94,150564,151962,662.6,587.4,625,629,0.0,628.0,0.0,0,0,2017-04-21,76207000,627.2,4,0,0,0,0,0,0,0,0,627.4,2,0,0,0,0,0,0,0,0
463,2017-04-20,21:10:10,0,ZC705,XZCE,627.2,626.4,628,2438,152927479.94,150558,151962,662.6,587.4,625,629,0.0,628.0,0.0,0,0,2017-04-21,76210000,627.0,7,0,0,0,0,0,0,0,0,627.2,5,0,0,0,0,0,0,0,0
464,2017-04-20,21:10:11,0,ZC705,XZCE,627.0,626.4,628,2440,153052879.94,150556,151962,662.6,587.4,625,629,0.0,628.0,0.0,0,0,2017-04-21,76211000,627.0,6,0,0,0,0,0,0,0,0,627.2,5,0,0,0,0,0,0,0,0
465,2017-04-20,21:10:11,0,ZC705,XZCE,627.0,626.4,628,2440,153052879.94,150556,151962,662.6,587.4,625,629,0.0,628.0,0.0,0,0,2017-04-21,76211000,627.0,6,0,0,0,0,0,0,0,0,627.2,6,0,0,0,0,0,0,0,0
466,2017-04-20,21:10:13,0,ZC705,XZCE,627.0,626.4,628,2440,153052879.94,150556,151962,662.6,587.4,625,629,0.0,628.0,0.0,0,0,2017-04-21,76213000,627.0,3,0,0,0,0,0,0,0,0,627.2,9,0,0,0,0,0,0,0,0
467,2017-04-20,21:10:14,0,ZC705,XZCE,627.0,626.4,628,2440,153052879.94,150556,151962,662.6,587.4,625,629,0.0,628.0,0.0,0,0,2017-04-21,76214000,627.0,6,0,0,0,0,0,0,0,0,627.2,9,0,0,0,0,0,0,0,0
468,2017-04-20,21:10:15,0,ZC705,XZCE,627.0,626.4,628,2440,153052879.94,150556,151962,662.6,587.4,625,629,0.0,628.0,0.0,0,0,2017-04-21,76215000,627.0,3,0,0,0,0,0,0,0,0,627.2,9,0,0,0,0,0,0,0,0
469,2017-04-20,21:10:17,0,ZC705,XZCE,627.0,626.4,628,2440,153052879.94,150556,151962,662.6,587.4,625,629,0.0,628.0,0.0,0,0,2017-04-21,76217000,627.0,3,0,0,0,0,0,0,0,0,627.2,15,0,0,0,0,0,0,0,0
470,2017-04-20,21:10:17,0,ZC705,XZCE,627.0,626.4,628,2440,153052879.94,150556,151962,662.6,587.4,625,629,0.0,628.0,0.0,0,0,2017-04-21,76217000,627.0,4,0,0,0,0,0,0,0,0,627.2,15,0,0,0,0,0,0,0,0
471,2017-04-20,21:10:18,0,ZC705,XZCE,627.0,626.4,628,2440,153052879.94,150556,151962,662.6,587.4,625,629,0.0,628.0,0.0,0,0,2017-04-21,76218000,627.0,7,0,0,0,0,0,0,0,0,627.2,15,0,0,0,0,0,0,0,0
472,2017-04-20,21:10:19,0,ZC705,XZCE,627.0,626.4,628,2440,153052879.94,150556,151962,662.6,587.4,625,629,0.0,628.0,0.0,0,0,2017-04-21,76219000,627.0,4,0,0,0,0,0,0,0,0,627.2,15,0,0,0,0,0,0,0,0
473,2017-04-20,21:10:26,0,ZC705,XZCE,627.0,626.4,628,2440,153052879.94,150556,151962,662.6,587.4,625,629,0.0,628.0,0.0,0,0,2017-04-21,76226000,627.0,7,0,0,0,0,0,0,0,0,627.2,15,0,0,0,0,0,0,0,0
474,2017-04-20,21:10:27,0,ZC705,XZCE,627.2,626.4,628,2460,154307279.94,150538,151962,662.6,587.4,625,629,0.0,628.0,0.0,0,0,2017-04-21,76227000,627.0,19,0,0,0,0,0,0,0,0,627.4,5,0,0,0,0,0,0,0,0
475,2017-04-20,21:10:30,0,ZC705,XZCE,627.2,626.4,628,2460,154307279.94,150538,151962,662.6,587.4,625,629,0.0,628.0,0.0,0,0,2017-04-21,76230000,627.0,20,0,0,0,0,0,0,0,0,627.4,5,0,0,0,0,0,0,0,0
476,2017-04-20,21:10:33,0,ZC705,XZCE,627.2,626.4,628,2460,154307279.94,150538,151962,662.6,587.4,625,629,0.0,628.0,0.0,0,0,2017-04-21,76233000,627.2,4,0,0,0,0,0,0,0,0,627.4,2,0,0,0,0,0,0,0,0
477,2017-04-20,21:10:35,0,ZC705,XZCE,627.4,626.4,628,2466,154683719.94,150538,151962,662.6,587.4,625,629,0.0,628.0,0.0,0,0,2017-04-21,76235000,627.2,4,0,0,0,0,0,0,0,0,627.6,4,0,0,0,0,0,0,0,0
478,2017-04-20,21:10:36,0,ZC705,XZCE,627.4,626.4,628,2466,154683719.94,150538,151962,662.6,587.4,625,629,0.0,628.0,0.0,0,0,2017-04-21,76236000,627.2,3,0,0,0,0,0,0,0,0,627.6,4,0,0,0,0,0,0,0,0
479,2017-04-20,21:10:38,0,ZC705,XZCE,627.4,626.4,628,2466,154683719.94,150538,151962,662.6,587.4,625,629,0.0,628.0,0.0,0,0,2017-04-21,76238000,627.2,3,0,0,0,0,0,0,0,0,627.6,7,0,0,0,0,0,0,0,0
480,2017-04-20,21:10:38,0,ZC705,XZCE,627.4,626.4,628,2466,154683719.94,150538,151962,662.6,587.4,625,629,0.0,628.0,0.0,0,0,2017-04-21,76238000,627.2,4,0,0,0,0,0,0,0,0,627.6,7,0,0,0,0,0,0,0,0
481,2017-04-20,21:10:39,0,ZC705,XZCE,627.4,626.4,628,2466,154683719.94,150538,151962,662.6,587.4,625,629,0.0,628.0,0.0,0,0,2017-04-21,76239000,627.2,1,0,0,0,0,0,0,0,0,627.4,4,0,0,0,0,0,0,0,0
482,2017-04-20,21:10:40,0,ZC705,XZCE,627.4,626.4,628,2466,154683719.94,150538,151962,662.6,587.4,625,629,0.0,628.0,0.0,0,0,2017-04-21,76240000,627.0,12,0,0,0,0,0,0,0,0,627.4,4,0,0,0,0,0,0,0,0
483,2017-04-20,21:10:40,0,ZC705,XZCE,627.4,626.4,628,2466,154683719.94,150538,151962,662.6,587.4,625,629,0.0,628.0,0.0,0,0,2017-04-21,76240000,627.2,1,0,0,0,0,0,0,0,0,627.4,4,0,0,0,0,0,0,0,0
484,2017-04-20,21:10:41,0,ZC705,XZCE,627.4,626.4,628,2466,154683719.94,150538,151962,662.6,587.4,625,629,0.0,628.0,0.0,0,0,2017-04-21,76241000,627.0,12,0,0,0,0,0,0,0,0,627.4,4,0,0,0,0,0,0,0,0
485,2017-04-20,21:10:44,0,ZC705,XZCE,627.4,626.4,628,2466,154683719.94,150538,151962,662.6,587.4,625,629,0.0,628.0,0.0,0,0,2017-04-21,76244000,627.0,10,0,0,0,0,0,0,0,0,627.4,5,0,0,0,0,0,0,0,0
486,2017-04-20,21:10:48,0,ZC705,XZCE,627.4,626.4,628,2466,154683719.94,150538,151962,662.6,587.4,625,629,0.0,628.0,0.0,0,0,2017-04-21,76248000,627.0,9,0,0,0,0,0,0,0,0,627.4,5,0,0,0,0,0,0,0,0
487,2017-04-20,21:10:55,0,ZC705,XZCE,627.4,626.4,628,2466,154683719.94,150538,151962,662.6,587.4,625,629,0.0,628.0,0.0,0,0,2017-04-21,76255000,627.0,9,0,0,0,0,0,0,0,0,627.4,12,0,0,0,0,0,0,0,0
488,2017-04-20,21:10:56,0,ZC705,XZCE,627.4,626.4,628,2466,154683719.94,150538,151962,662.6,587.4,625,629,0.0,628.0,0.0,0,0,2017-04-21,76256000,627.0,9,0,0,0,0,0,0,0,0,627.4,13,0,0,0,0,0,0,0,0
489,2017-04-20,21:11:00,0,ZC705,XZCE,627.4,626.4,628,2466,154683719.94,150538,151962,662.6,587.4,625,629,0.0,628.0,0.0,0,0,2017-04-21,76260000,627.0,9,0,0,0,0,0,0,0,0,627.4,14,0,0,0,0,0,0,0,0
490,2017-04-20,21:11:01,0,ZC705,XZCE,627.4,626.4,628,2466,154683719.94,150538,151962,662.6,587.4,625,629,0.0,628.0,0.0,0,0,2017-04-21,76261000,627.0,9,0,0,0,0,0,0,0,0,627.4,15,0,0,0,0,0,0,0,0
491,2017-04-20,21:11:05,0,ZC705,XZCE,627.4,626.4,628,2466,154683719.94,150538,151962,662.6,587.4,625,629,0.0,628.0,0.0,0,0,2017-04-21,76265000,627.0,12,0,0,0,0,0,0,0,0,627.4,15,0,0,0,0,0,0,0,0
492,2017-04-20,21:11:07,0,ZC705,XZCE,627.4,626.4,628,2466,154683719.94,150538,151962,662.6,587.4,625,629,0.0,628.0,0.0,0,0,2017-04-21,76267000,627.0,12,0,0,0,0,0,0,0,0,627.4,14,0,0,0,0,0,0,0,0
493,2017-04-20,21:11:08,0,ZC705,XZCE,627.4,626.4,628,2466,154683719.94,150538,151962,662.6,587.4,625,629,0.0,628.0,0.0,0,0,2017-04-21,76268000,627.0,12,0,0,0,0,0,0,0,0,627.4,17,0,0,0,0,0,0,0,0
494,2017-04-20,21:11:13,0,ZC705,XZCE,627.4,626.4,628,2466,154683719.94,150538,151962,662.6,587.4,625,629,0.0,628.0,0.0,0,0,2017-04-21,76273000,627.0,12,0,0,0,0,0,0,0,0,627.4,28,0,0,0,0,0,0,0,0
495,2017-04-20,21:11:14,0,ZC705,XZCE,627.4,626.4,628,2466,154683719.94,150538,151962,662.6,587.4,625,629,0.0,628.0,0.0,0,0,2017-04-21,76274000,627.0,11,0,0,0,0,0,0,0,0,627.4,28,0,0,0,0,0,0,0,0
496,2017-04-20,21:11:15,0,ZC705,XZCE,627.4,626.4,628,2466,154683719.94,150538,151962,662.6,587.4,625,629,0.0,628.0,0.0,0,0,2017-04-21,76275000,627.0,14,0,0,0,0,0,0,0,0,627.4,28,0,0,0,0,0,0,0,0
497,2017-04-20,21:11:17,0,ZC705,XZCE,627.4,626.4,628,2466,154683719.94,150538,151962,662.6,587.4,625,629,0.0,628.0,0.0,0,0,2017-04-21,76277000,627.0,14,0,0,0,0,0,0,0,0,627.4,21,0,0,0,0,0,0,0,0
498,2017-04-20,21:11:18,0,ZC705,XZCE,627.4,626.4,628,2466,154683719.94,150538,151962,662.6,587.4,625,629,0.0,628.0,0.0,0,0,2017-04-21,76278000,627.0,14,0,0,0,0,0,0,0,0,627.4,20,0,0,0,0,0,0,0,0
499,2017-04-20,21:11:27,0,ZC705,XZCE,627.4,626.4,628,2466,154683719.94,150538,151962,662.6,587.4,625,629,0.0,628.0,0.0,0,0,2017-04-21,76287000,627.0,14,0,0,0,0,0,0,0,0,627.4,21,0,0,0,0,0,0,0,0
500,2017-04-20,21:11:28,0,ZC705,XZCE,627.4,626.4,628,2466,154683719.94,150538,151962,662.6,587.4,625,629,0.0,628.0,0.0,0,0,2017-04-21,76288000,627.0,14,0,0,0,0,0,0,0,0,627.4,11,0,0,0,0,0,0,0,0
501,2017-04-20,21:11:33,0,ZC705,XZCE,627.4,626.4,628,2466,154683719.94,150538,151962,662.6,587.4,625,629,0.0,628.0,0.0,0,0,2017-04-21,76293000,627.0,14,0,0,0,0,0,0,0,0,627.2,1,0,0,0,0,0,0,0,0
502,2017-04-20,21:11:33,0,ZC705,XZCE,627.0,626.4,628,2472,155059919.94,150534,151962,662.6,587.4,625,629,0.0,628.0,0.0,0,0,2017-04-21,76293000,627.0,11,0,0,0,0,0,0,0,0,627.2,4,0,0,0,0,0,0,0,0
503,2017-04-20,21:11:35,0,ZC705,XZCE,627.0,626.4,628,2474,155185319.94,150532,151962,662.6,587.4,625,629,0.0,628.0,0.0,0,0,2017-04-21,76295000,627.0,10,0,0,0,0,0,0,0,0,627.2,3,0,0,0,0,0,0,0,0
504,2017-04-20,21:11:42,0,ZC705,XZCE,627.0,626.4,628,2474,155185319.94,150532,151962,662.6,587.4,625,629,0.0,628.0,0.0,0,0,2017-04-21,76302000,627.0,11,0,0,0,0,0,0,0,0,627.2,3,0,0,0,0,0,0,0,0
505,2017-04-20,21:11:44,0,ZC705,XZCE,627.0,626.4,628,2474,155185319.94,150532,151962,662.6,587.4,625,629,0.0,628.0,0.0,0,0,2017-04-21,76304000,627.0,12,0,0,0,0,0,0,0,0,627.2,3,0,0,0,0,0,0,0,0
506,2017-04-20,21:11:49,0,ZC705,XZCE,627.0,626.4,628,2476,155310719.94,150532,151962,662.6,587.4,625,629,0.0,628.0,0.0,0,0,2017-04-21,76309000,627.0,11,0,0,0,0,0,0,0,0,627.2,3,0,0,0,0,0,0,0,0
507,2017-04-20,21:11:51,0,ZC705,XZCE,627.0,626.4,628,2476,155310719.94,150532,151962,662.6,587.4,625,629,0.0,628.0,0.0,0,0,2017-04-21,76311000,627.0,11,0,0,0,0,0,0,0,0,627.2,4,0,0,0,0,0,0,0,0
508,2017-04-20,21:11:53,0,ZC705,XZCE,627.2,626.4,628,2478,155436159.94,150532,151962,662.6,587.4,625,629,0.0,628.0,0.0,0,0,2017-04-21,76313000,627.0,11,0,0,0,0,0,0,0,0,627.2,3,0,0,0,0,0,0,0,0
509,2017-04-20,21:11:54,0,ZC705,XZCE,627.2,626.4,628,2478,155436159.94,150532,151962,662.6,587.4,625,629,0.0,628.0,0.0,0,0,2017-04-21,76314000,627.0,11,0,0,0,0,0,0,0,0,627.2,2,0,0,0,0,0,0,0,0
510,2017-04-20,21:11:55,0,ZC705,XZCE,627.0,626.4,628,2480,155561559.94,150532,151962,662.6,587.4,625,629,0.0,628.0,0.0,0,0,2017-04-21,76315000,627.0,13,0,0,0,0,0,0,0,0,627.2,2,0,0,0,0,0,0,0,0
511,2017-04-20,21:11:58,0,ZC705,XZCE,627.2,626.4,628,2482,155686999.94,150530,151962,662.6,587.4,625,629,0.0,628.0,0.0,0,0,2017-04-21,76318000,627.0,13,0,0,0,0,0,0,0,0,627.2,1,0,0,0,0,0,0,0,0
512,2017-04-20,21:12:03,0,ZC705,XZCE,627.4,626.4,628,2498,156690839.94,150520,151962,662.6,587.4,625,629,0.0,628.0,0.0,0,0,2017-04-21,76323000,627.2,12,0,0,0,0,0,0,0,0,627.6,7,0,0,0,0,0,0,0,0
513,2017-04-20,21:12:04,0,ZC705,XZCE,627.2,626.4,628,2506,157192599.94,150514,151962,662.6,587.4,625,629,0.0,628.0,0.0,0,0,2017-04-21,76324000,627.2,11,0,0,0,0,0,0,0,0,627.6,7,0,0,0,0,0,0,0,0
514,2017-04-20,21:12:04,0,ZC705,XZCE,627.2,626.4,628,2506,157192599.94,150514,151962,662.6,587.4,625,629,0.0,628.0,0.0,0,0,2017-04-21,76324000,627.2,11,0,0,0,0,0,0,0,0,627.6,4,0,0,0,0,0,0,0,0
515,2017-04-20,21:12:10,0,ZC705,XZCE,627.2,626.4,628,2506,157192599.94,150514,151962,662.6,587.4,625,629,0.0,628.0,0.0,0,0,2017-04-21,76330000,627.2,5,0,0,0,0,0,0,0,0,627.6,4,0,0,0,0,0,0,0,0
516,2017-04-20,21:12:11,0,ZC705,XZCE,627.2,626.4,628,2508,157318039.94,150514,151962,662.6,587.4,625,629,0.0,628.0,0.0,0,0,2017-04-21,76331000,627.2,4,0,0,0,0,0,0,0,0,627.6,4,0,0,0,0,0,0,0,0
517,2017-04-20,21:12:13,0,ZC705,XZCE,627.6,626.4,628,2512,157569079.94,150514,151962,662.6,587.4,625,629,0.0,628.0,0.0,0,0,2017-04-21,76333000,627.2,4,0,0,0,0,0,0,0,0,627.6,2,0,0,0,0,0,0,0,0
518,2017-04-20,21:12:25,0,ZC705,XZCE,627.2,626.4,628,2514,157694519.94,150514,151962,662.6,587.4,625,629,0.0,628.0,0.0,0,0,2017-04-21,76345000,627.2,3,0,0,0,0,0,0,0,0,627.6,2,0,0,0,0,0,0,0,0
519,2017-04-20,21:12:25,0,ZC705,XZCE,627.2,626.4,628,2532,158823479.94,150498,151962,662.6,587.4,625,629,0.0,628.0,0.0,0,0,2017-04-21,76345000,627.0,13,0,0,0,0,0,0,0,0,627.2,41,0,0,0,0,0,0,0,0
520,2017-04-20,21:12:26,0,ZC705,XZCE,627.2,626.4,628,2534,158948919.94,150498,151962,662.6,587.4,625,629,0.0,628.0,0.0,0,0,2017-04-21,76346000,627.0,13,0,0,0,0,0,0,0,0,627.2,40,0,0,0,0,0,0,0,0
