,dataDate,dataTime,dataMillisec,instrumentID,exchangeCD,lastPrice,lowPrice,highPrice,volume,value,openInterest,preOpenInterest,upperLimitPrice,lowerLimitPrice,preSettlementPrice,prevClosePrice,settlementPrice,openPrice,closePrice,preDelta,currDelta,clearingDay,milliSecOffset,bidPrice1,bidVolume1,bidPrice2,bidVolume2,bidPrice3,bidVolume3,bidPrice4,bidVolume4,bidPrice5,bidVolume5,askPrice1,askVolume1,askPrice2,askVolume2,askPrice3,askVolume3,askPrice4,askVolume4,askPrice5,askVolume5
0,2017-04-17,09:00:00,917,a1709,XDCE,3880,3848,3906,118832,4601323840,233632,235418,4048,3664,3856,3861,0,3866,0,0,0,2017-04-17,32400917,3878,2,0,0,0,0,0,0,0,0,3880,10,0,0,0,0,0,0,0,0
1,2017-04-17,09:00:01,430,a1709,XDCE,3882,3848,3906,118980,4607067320,233646,235418,4048,3664,3856,3861,0,3866,0,0,0,2017-04-17,32401430,3880,4,0,0,0,0,0,0,0,0,3882,44,0,0,0,0,0,0,0,0
2,2017-04-17,09:00:01,928,a1709,XDCE,3880,3848,3906,119022,4608697640,233648,235418,4048,3664,3856,3861,0,3866,0,0,0,2017-04-17,32401928,3880,13,0,0,0,0,0,0,0,0,3882,79,0,0,0,0,0,0,0,0
3,2017-04-17,09:00:02,429,a1709,XDCE,3882,3848,3906,119056,4610017120,233652,235418,4048,3664,3856,3861,0,3866,0,0,0,2017-04-17,32402429,3881,7,0,0,0,0,0,0,0,0,3882,39,0,0,0,0,0,0,0,0
4,2017-04-17,09:00:02,927,a1709,XDCE,3881,3848,3906,119080,4610948580,233662,235418,4048,3664,3856,3861,0,3866,0,0,0,2017-04-17,32402927,3880,30,0,0,0,0,0,0,0,0,3882,26,0,0,0,0,0,0,0,0
5,2017-04-17,09:00:03,418,a1709,XDCE,3882,3848,3906,119192,4615296200,233712,235418,4048,3664,3856,3861,0,3866,0,0,0,2017-04-17,32403418,3881,3,0,0,0,0,0,0,0,0,3883,19,0,0,0,0,0,0,0,0
6,2017-04-17,09:00:03,926,a1709,XDCE,3882,3848,3906,119266,4618168480,233734,235418,4048,3664,3856,3861,0,3866,0,0,0,2017-04-17,32403926,3881,10,0,0,0,0,0,0,0,0,3882,5,0,0,0,0,0,0,0,0
7,2017-04-17,09:00:04,397,a1709,XDCE,3882,3848,3906,119284,4618867280,233742,235418,4048,3664,3856,3861,0,3866,0,0,0,2017-04-17,32404397,3881,2,0,0,0,0,0,0,0,0,3882,8,0,0,0,0,0,0,0,0
8,2017-04-17,09:00:04,911,a1709,XDCE,3882,3848,3906,119310,4619876500,233748,235418,4048,3664,3856,3861,0,3866,0,0,0,2017-04-17,32404911,3882,2,0,0,0,0,0,0,0,0,3883,17,0,0,0,0,0,0,0,0
9,2017-04-17,09:00:05,336,a1709,XDCE,3882,3848,3906,119324,4620419900,233760,235418,4048,3664,3856,3861,0,3866,0,0,0,2017-04-17,32405336,3880,36,0,0,0,0,0,0,0,0,3882,3,0,0,0,0,0,0,0,0
10,2017-04-17,09:00:05,879,a1709,XDCE,3882,3848,3906,119356,4621662340,233770,235418,4048,3664,3856,3861,0,3866,0,0,0,2017-04-17,32405879,3882,3,0,0,0,0,0,0,0,0,3883,11,0,0,0,0,0,0,0,0
11,2017-04-17,09:00:06,431,a1709,XDCE,3883,3848,3906,119382,4622671880,233756,235418,4048,3664,3856,3861,0,3866,0,0,0,2017-04-17,32406431,3882,6,0,0,0,0,0,0,0,0,3883,3,0,0,0,0,0,0,0,0
12,2017-04-17,09:00:06,927,a1709,XDCE,3882,3848,3906,119436,4624768620,233784,235418,4048,3664,3856,3861,0,3866,0,0,0,2017-04-17,32406927,3881,10,0,0,0,0,0,0,0,0,3882,10,0,0,0,0,0,0,0,0
13,2017-04-17,09:00:07,420,a1709,XDCE,3883,3848,3906,119466,4625933300,233782,235418,4048,3664,3856,3861,0,3866,0,0,0,2017-04-17,32407420,3882,5,0,0,0,0,0,0,0,0,3883,9,0,0,0,0,0,0,0,0
14,2017-04-17,09:00:07,892,a1709,XDCE,3883,3848,3906,119468,4626010960,233784,235418,4048,3664,3856,3861,0,3866,0,0,0,2017-04-17,32407892,3882,15,0,0,0,0,0,0,0,0,3883,8,0,0,0,0,0,0,0,0
15,2017-04-17,09:00:08,409,a1709,XDCE,3883,3848,3906,119496,4627098200,233780,235418,4048,3664,3856,3861,0,3866,0,0,0,2017-04-17,32408409,3882,38,0,0,0,0,0,0,0,0,3883,50,0,0,0,0,0,0,0,0
16,2017-04-17,09:00:08,914,a1709,XDCE,3883,3848,3906,119502,4627331180,233780,235418,4048,3664,3856,3861,0,3866,0,0,0,2017-04-17,32408914,3882,40,0,0,0,0,0,0,0,0,3883,49,0,0,0,0,0,0,0,0
17,2017-04-17,09:00:09,381,a1709,XDCE,3883,3848,3906,119570,4629971000,233742,235418,4048,3664,3856,3861,0,3866,0,0,0,2017-04-17,32409381,3882,9,0,0,0,0,0,0,0,0,3883,46,0,0,0,0,0,0,0,0
18,2017-04-17,09:00:09,910,a1709,XDCE,3883,3848,3906,119590,4630747600,233742,235418,4048,3664,3856,3861,0,3866,0,0,0,2017-04-17,32409910,3882,9,0,0,0,0,0,0,0,0,3883,36,0,0,0,0,0,0,0,0
19,2017-04-17,09:00:10,416,a1709,XDCE,3883,3848,3906,119596,4630980580,233742,235418,4048,3664,3856,3861,0,3866,0,0,0,2017-04-17,32410416,3882,9,0,0,0,0,0,0,0,0,3883,36,0,0,0,0,0,0,0,0
20,2017-04-17,09:00:10,915,a1709,XDCE,3883,3848,3906,119620,4631912500,233742,235418,4048,3664,3856,3861,0,3866,0,0,0,2017-04-17,32410915,3882,11,0,0,0,0,0,0,0,0,3883,24,0,0,0,0,0,0,0,0
21,2017-04-17,09:00:11,388,a1709,XDCE,3883,3848,3906,119768,4637660160,233748,235418,4048,3664,3856,3861,0,3866,0,0,0,2017-04-17,32411388,3883,6,0,0,0,0,0,0,0,0,3884,57,0,0,0,0,0,0,0,0
22,2017-04-17,09:00:11,914,a1709,XDCE,3882,3848,3906,119798,4638825060,233770,235418,4048,3664,3856,3861,0,3866,0,0,0,2017-04-17,32411914,3882,14,0,0,0,0,0,0,0,0,3883,6,0,0,0,0,0,0,0,0
23,2017-04-17,09:00:12,431,a1709,XDCE,3883,3848,3906,119810,4639291020,233778,235418,4048,3664,3856,3861,0,3866,0,0,0,2017-04-17,32412431,3882,13,0,0,0,0,0,0,0,0,3883,5,0,0,0,0,0,0,0,0
24,2017-04-17,09:00:12,849,a1709,XDCE,3883,3848,3906,119822,4639756980,233780,235418,4048,3664,3856,3861,0,3866,0,0,0,2017-04-17,32412849,3882,16,0,0,0,0,0,0,0,0,3884,55,0,0,0,0,0,0,0,0
25,2017-04-17,09:00:13,407,a1709,XDCE,3884,3848,3906,119838,4640378360,233770,235418,4048,3664,3856,3861,0,3866,0,0,0,2017-04-17,32413407,3882,16,0,0,0,0,0,0,0,0,3884,49,0,0,0,0,0,0,0,0
26,2017-04-17,09:00:13,925,a1709,XDCE,3882,3848,3906,119910,4643173380,233830,235418,4048,3664,3856,3861,0,3866,0,0,0,2017-04-17,32413925,3881,20,0,0,0,0,0,0,0,0,3883,4,0,0,0,0,0,0,0,0
27,2017-04-17,09:00:14,384,a1709,XDCE,3883,3848,3906,119916,4643406360,233830,235418,4048,3664,3856,3861,0,3866,0,0,0,2017-04-17,32414384,3882,4,0,0,0,0,0,0,0,0,3883,20,0,0,0,0,0,0,0,0
28,2017-04-17,09:00:14,881,a1709,XDCE,3883,3848,3906,119926,4643794640,233832,235418,4048,3664,3856,3861,0,3866,0,0,0,2017-04-17,32414881,3882,11,0,0,0,0,0,0,0,0,3884,53,0,0,0,0,0,0,0,0
29,2017-04-17,09:00:15,423,a1709,XDCE,3882,3848,3906,119954,4644881660,233846,235418,4048,3664,3856,3861,0,3866,0,0,0,2017-04-17,32415423,3881,19,0,0,0,0,0,0,0,0,3883,10,0,0,0,0,0,0,0,0
30,2017-04-17,09:00:15,857,a1709,XDCE,3883,3848,3906,119978,4645813500,233866,235418,4048,3664,3856,3861,0,3866,0,0,0,2017-04-17,32415857,3881,18,0,0,0,0,0,0,0,0,3883,10,0,0,0,0,0,0,0,0
31,2017-04-17,09:00:16,428,a1709,XDCE,3883,3848,3906,119984,4646046480,233864,235418,4048,3664,3856,3861,0,3866,0,0,0,2017-04-17,32416428,3881,19,0,0,0,0,0,0,0,0,3883,8,0,0,0,0,0,0,0,0
32,2017-04-17,09:00:16,833,a1709,XDCE,3883,3848,3906,119984,4646046480,233864,235418,4048,3664,3856,3861,0,3866,0,0,0,2017-04-17,32416833,3881,19,0,0,0,0,0,0,0,0,3883,11,0,0,0,0,0,0,0,0
33,2017-04-17,09:00:17,431,a1709,XDCE,3883,3848,3906,119988,4646201800,233862,235418,4048,3664,3856,3861,0,3866,0,0,0,2017-04-17,32417431,3881,19,0,0,0,0,0,0,0,0,3883,11,0,0,0,0,0,0,0,0
34,2017-04-17,09:00:17,887,a1709,XDCE,3883,3848,3906,119990,4646279460,233862,235418,4048,3664,3856,3861,0,3866,0,0,0,2017-04-17,32417887,3881,19,0,0,0,0,0,0,0,0,3882,13,0,0,0,0,0,0,0,0
35,2017-04-17,09:00:18,419,a1709,XDCE,3881,3848,3906,120030,4647831860,233882,235418,4048,3664,3856,3861,0,3866,0,0,0,2017-04-17,32418419,3880,33,0,0,0,0,0,0,0,0,3881,1,0,0,0,0,0,0,0,0
36,2017-04-17,09:00:18,926,a1709,XDCE,3881,3848,3906,120032,4647909480,233882,235418,4048,3664,3856,3861,0,3866,0,0,0,2017-04-17,32418926,3881,1,0,0,0,0,0,0,0,0,3882,18,0,0,0,0,0,0,0,0
37,2017-04-17,09:00:19,429,a1709,XDCE,3882,3848,3906,120040,4648220000,233880,235418,4048,3664,3856,3861,0,3866,0,0,0,2017-04-17,32419429,3880,31,0,0,0,0,0,0,0,0,3882,16,0,0,0,0,0,0,0,0
38,2017-04-17,09:00:19,849,a1709,XDCE,3881,3848,3906,120044,4648375240,233878,235418,4048,3664,3856,3861,0,3866,0,0,0,2017-04-17,32419849,3880,28,0,0,0,0,0,0,0,0,3881,4,0,0,0,0,0,0,0,0
39,2017-04-17,09:00:20,369,a1709,XDCE,3880,3848,3906,120120,4651324100,233936,235418,4048,3664,3856,3861,0,3866,0,0,0,2017-04-17,32420369,3879,46,0,0,0,0,0,0,0,0,3880,2,0,0,0,0,0,0,0,0
40,2017-04-17,09:00:20,923,a1709,XDCE,3880,3848,3906,120134,4651867300,233926,235418,4048,3664,3856,3861,0,3866,0,0,0,2017-04-17,32420923,3879,45,0,0,0,0,0,0,0,0,3881,6,0,0,0,0,0,0,0,0
41,2017-04-17,09:00:21,424,a1709,XDCE,3880,3848,3906,120140,4652100080,233926,235418,4048,3664,3856,3861,0,3866,0,0,0,2017-04-17,32421424,3879,41,0,0,0,0,0,0,0,0,3880,18,0,0,0,0,0,0,0,0
42,2017-04-17,09:00:21,918,a1709,XDCE,3880,3848,3906,120186,4653884880,233930,235418,4048,3664,3856,3861,0,3866,0,0,0,2017-04-17,32421918,3879,40,0,0,0,0,0,0,0,0,3880,2,0,0,0,0,0,0,0,0
43,2017-04-17,09:00:22,377,a1709,XDCE,3880,3848,3906,120190,4654040080,233930,235418,4048,3664,3856,3861,0,3866,0,0,0,2017-04-17,32422377,3879,40,0,0,0,0,0,0,0,0,3881,9,0,0,0,0,0,0,0,0
44,2017-04-17,09:00:22,896,a1709,XDCE,3879,3848,3906,120282,4657608820,233934,235418,4048,3664,3856,3861,0,3866,0,0,0,2017-04-17,32422896,3878,16,0,0,0,0,0,0,0,0,3879,1,0,0,0,0,0,0,0,0
45,2017-04-17,09:00:23,430,a1709,XDCE,3878,3848,3906,120284,4657686380,233934,235418,4048,3664,3856,3861,0,3866,0,0,0,2017-04-17,32423430,3878,12,0,0,0,0,0,0,0,0,3879,3,0,0,0,0,0,0,0,0
46,2017-04-17,09:00:23,833,a1709,XDCE,3878,3848,3906,120294,4658074180,233942,235418,4048,3664,3856,3861,0,3866,0,0,0,2017-04-17,32423833,3878,9,0,0,0,0,0,0,0,0,3879,6,0,0,0,0,0,0,0,0
47,2017-04-17,09:00:24,362,a1709,XDCE,3878,3848,3906,120318,4659004880,233960,235418,4048,3664,3856,3861,0,3866,0,0,0,2017-04-17,32424362,3877,11,0,0,0,0,0,0,0,0,3878,18,0,0,0,0,0,0,0,0
48,2017-04-17,09:00:24,919,a1709,XDCE,3877,3848,3906,120338,4659780280,233950,235418,4048,3664,3856,3861,0,3866,0,0,0,2017-04-17,32424919,3876,32,0,0,0,0,0,0,0,0,3877,7,0,0,0,0,0,0,0,0
49,2017-04-17,09:00:25,414,a1709,XDCE,3876,3848,3906,120356,4660478020,233946,235418,4048,3664,3856,3861,0,3866,0,0,0,2017-04-17,32425414,3876,21,0,0,0,0,0,0,0,0,3877,4,0,0,0,0,0,0,0,0
50,2017-04-17,09:00:25,905,a1709,XDCE,3878,3848,3906,120384,4661563760,233966,235418,4048,3664,3856,3861,0,3866,0,0,0,2017-04-17,32425905,3876,21,0,0,0,0,0,0,0,0,3878,17,0,0,0,0,0,0,0,0
51,2017-04-17,09:00:26,286,a1709,XDCE,3876,3848,3906,120408,4662494400,233964,235418,4048,3664,3856,3861,0,3866,0,0,0,2017-04-17,32426286,3876,12,0,0,0,0,0,0,0,0,3878,10,0,0,0,0,0,0,0,0
52,2017-04-17,09:00:26,833,a1709,XDCE,3876,3848,3906,120410,4662571920,233962,235418,4048,3664,3856,3861,0,3866,0,0,0,2017-04-17,32426833,3876,13,0,0,0,0,0,0,0,0,3878,10,0,0,0,0,0,0,0,0
53,2017-04-17,09:00:27,425,a1709,XDCE,3876,3848,3906,120412,4662649440,233964,235418,4048,3664,3856,3861,0,3866,0,0,0,2017-04-17,32427425,3876,11,0,0,0,0,0,0,0,0,3878,10,0,0,0,0,0,0,0,0
54,2017-04-17,09:00:27,888,a1709,XDCE,3878,3848,3906,120418,4662882040,233962,235418,4048,3664,3856,3861,0,3866,0,0,0,2017-04-17,32427888,3876,9,0,0,0,0,0,0,0,0,3878,9,0,0,0,0,0,0,0,0
55,2017-04-17,09:00:28,417,a1709,XDCE,3879,3848,3906,120450,4664122900,233966,235418,4048,3664,3856,3861,0,3866,0,0,0,2017-04-17,32428417,3877,9,0,0,0,0,0,0,0,0,3879,91,0,0,0,0,0,0,0,0
56,2017-04-17,09:00:28,889,a1709,XDCE,3876,3848,3906,120506,4666293620,233952,235418,4048,3664,3856,3861,0,3866,0,0,0,2017-04-17,32428889,3876,23,0,0,0,0,0,0,0,0,3878,7,0,0,0,0,0,0,0,0
57,2017-04-17,09:00:29,428,a1709,XDCE,3878,3848,3906,120512,4666526300,233954,235418,4048,3664,3856,3861,0,3866,0,0,0,2017-04-17,32429428,3877,1,0,0,0,0,0,0,0,0,3878,16,0,0,0,0,0,0,0,0
58,2017-04-17,09:00:29,854,a1709,XDCE,3877,3848,3906,120518,4666758920,233954,235418,4048,3664,3856,3861,0,3866,0,0,0,2017-04-17,32429854,3876,12,0,0,0,0,0,0,0,0,3877,12,0,0,0,0,0,0,0,0
59,2017-04-17,09:00:30,333,a1709,XDCE,3876,3848,3906,120524,4666991480,233950,235418,4048,3664,3856,3861,0,3866,0,0,0,2017-04-17,32430333,3876,8,0,0,0,0,0,0,0,0,3877,12,0,0,0,0,0,0,0,0
60,2017-04-17,09:00:31,403,a1709,XDCE,3877,3848,3906,120534,4667379180,233950,235418,4048,3664,3856,3861,0,3866,0,0,0,2017-04-17,32431403,3876,17,0,0,0,0,0,0,0,0,3877,7,0,0,0,0,0,0,0,0
61,2017-04-17,09:00:31,896,a1709,XDCE,3876,3848,3906,120550,4667999340,233948,235418,4048,3664,3856,3861,0,3866,0,0,0,2017-04-17,32431896,3876,9,0,0,0,0,0,0,0,0,3877,9,0,0,0,0,0,0,0,0
62,2017-04-17,09:00:32,379,a1709,XDCE,3876,3848,3906,120570,4668774540,233948,235418,4048,3664,3856,3861,0,3866,0,0,0,2017-04-17,32432379,3875,17,0,0,0,0,0,0,0,0,3876,26,0,0,0,0,0,0,0,0
63,2017-04-17,09:00:32,835,a1709,XDCE,3876,3848,3906,120570,4668774540,233948,235418,4048,3664,3856,3861,0,3866,0,0,0,2017-04-17,32432835,3875,11,0,0,0,0,0,0,0,0,3876,26,0,0,0,0,0,0,0,0
64,2017-04-17,09:00:33,414,a1709,XDCE,3876,3848,3906,120570,4668774540,233948,235418,4048,3664,3856,3861,0,3866,0,0,0,2017-04-17,32433414,3875,10,0,0,0,0,0,0,0,0,3876,26,0,0,0,0,0,0,0,0
65,2017-04-17,09:00:33,926,a1709,XDCE,3876,3848,3906,120614,4670479980,233928,235418,4048,3664,3856,3861,0,3866,0,0,0,2017-04-17,32433926,3875,10,0,0,0,0,0,0,0,0,3876,4,0,0,0,0,0,0,0,0
66,2017-04-17,09:00:34,375,a1709,XDCE,3876,3848,3906,120622,4670790040,233924,235418,4048,3664,3856,3861,0,3866,0,0,0,2017-04-17,32434375,3875,10,0,0,0,0,0,0,0,0,3876,4,0,0,0,0,0,0,0,0
67,2017-04-17,09:00:34,865,a1709,XDCE,3875,3848,3906,120626,4670945040,233924,235418,4048,3664,3856,3861,0,3866,0,0,0,2017-04-17,32434865,3875,9,0,0,0,0,0,0,0,0,3876,4,0,0,0,0,0,0,0,0
68,2017-04-17,09:00:35,382,a1709,XDCE,3874,3848,3906,120668,4672572300,233916,235418,4048,3664,3856,3861,0,3866,0,0,0,2017-04-17,32435382,3874,17,0,0,0,0,0,0,0,0,3875,3,0,0,0,0,0,0,0,0
69,2017-04-17,09:00:35,907,a1709,XDCE,3874,3848,3906,120668,4672572300,233916,235418,4048,3664,3856,3861,0,3866,0,0,0,2017-04-17,32435907,3874,14,0,0,0,0,0,0,0,0,3875,5,0,0,0,0,0,0,0,0
70,2017-04-17,09:00:36,322,a1709,XDCE,3875,3848,3906,120764,4676291480,233888,235418,4048,3664,3856,3861,0,3866,0,0,0,2017-04-17,32436322,3874,3,0,0,0,0,0,0,0,0,3876,10,0,0,0,0,0,0,0,0
71,2017-04-17,09:00:36,921,a1709,XDCE,3874,3848,3906,120776,4676756400,233892,235418,4048,3664,3856,3861,0,3866,0,0,0,2017-04-17,32436921,3873,33,0,0,0,0,0,0,0,0,3874,26,0,0,0,0,0,0,0,0
72,2017-04-17,09:00:37,426,a1709,XDCE,3874,3848,3906,120780,4676911360,233896,235418,4048,3664,3856,3861,0,3866,0,0,0,2017-04-17,32437426,3873,37,0,0,0,0,0,0,0,0,3874,24,0,0,0,0,0,0,0,0
73,2017-04-17,09:00:37,897,a1709,XDCE,3874,3848,3906,120790,4677298760,233902,235418,4048,3664,3856,3861,0,3866,0,0,0,2017-04-17,32437897,3873,37,0,0,0,0,0,0,0,0,3874,19,0,0,0,0,0,0,0,0
74,2017-04-17,09:00:38,427,a1709,XDCE,3873,3848,3906,120800,4677686120,233908,235418,4048,3664,3856,3861,0,3866,0,0,0,2017-04-17,32438427,3873,35,0,0,0,0,0,0,0,0,3874,17,0,0,0,0,0,0,0,0
75,2017-04-17,09:00:38,900,a1709,XDCE,3874,3848,3906,120802,4677763600,233910,235418,4048,3664,3856,3861,0,3866,0,0,0,2017-04-17,32438900,3873,35,0,0,0,0,0,0,0,0,3874,16,0,0,0,0,0,0,0,0
76,2017-04-17,09:00:39,430,a1709,XDCE,3873,3848,3906,120858,4679932500,233906,235418,4048,3664,3856,3861,0,3866,0,0,0,2017-04-17,32439430,3872,37,0,0,0,0,0,0,0,0,3874,18,0,0,0,0,0,0,0,0
77,2017-04-17,09:00:39,817,a1709,XDCE,3873,3848,3906,120876,4680629660,233920,235418,4048,3664,3856,3861,0,3866,0,0,0,2017-04-17,32439817,3872,40,0,0,0,0,0,0,0,0,3873,17,0,0,0,0,0,0,0,0
78,2017-04-17,09:00:40,188,a1709,XDCE,3873,3848,3906,120900,4681559160,233942,235418,4048,3664,3856,3861,0,3866,0,0,0,2017-04-17,32440188,3872,35,0,0,0,0,0,0,0,0,3873,6,0,0,0,0,0,0,0,0
79,2017-04-17,09:00:40,911,a1709,XDCE,3873,3848,3906,120904,4681714080,233944,235418,4048,3664,3856,3861,0,3866,0,0,0,2017-04-17,32440911,3872,35,0,0,0,0,0,0,0,0,3873,6,0,0,0,0,0,0,0,0
80,2017-04-17,09:00:41,411,a1709,XDCE,3872,3848,3906,120906,4681791520,233944,235418,4048,3664,3856,3861,0,3866,0,0,0,2017-04-17,32441411,3872,34,0,0,0,0,0,0,0,0,3873,8,0,0,0,0,0,0,0,0
81,2017-04-17,09:00:41,884,a1709,XDCE,3872,3848,3906,120924,4682488640,233954,235418,4048,3664,3856,3861,0,3866,0,0,0,2017-04-17,32441884,3872,34,0,0,0,0,0,0,0,0,3874,19,0,0,0,0,0,0,0,0
82,2017-04-17,09:00:42,419,a1709,XDCE,3872,3848,3906,120990,4685044160,233956,235418,4048,3664,3856,3861,0,3866,0,0,0,2017-04-17,32442419,3872,6,0,0,0,0,0,0,0,0,3874,8,0,0,0,0,0,0,0,0
83,2017-04-17,09:00:42,917,a1709,XDCE,3872,3848,3906,120990,4685044160,233956,235418,4048,3664,3856,3861,0,3866,0,0,0,2017-04-17,32442917,3873,9,0,0,0,0,0,0,0,0,3874,8,0,0,0,0,0,0,0,0
84,2017-04-17,09:00:43,419,a1709,XDCE,3874,3848,3906,121010,4685818940,233970,235418,4048,3664,3856,3861,0,3866,0,0,0,2017-04-17,32443419,3873,8,0,0,0,0,0,0,0,0,3874,45,0,0,0,0,0,0,0,0
85,2017-04-17,09:00:43,895,a1709,XDCE,3873,3848,3906,121050,4687368140,233968,235418,4048,3664,3856,3861,0,3866,0,0,0,2017-04-17,32443895,3872,18,0,0,0,0,0,0,0,0,3873,21,0,0,0,0,0,0,0,0
86,2017-04-17,09:00:44,395,a1709,XDCE,3872,3848,3906,121094,4689072240,233970,235418,4048,3664,3856,3861,0,3866,0,0,0,2017-04-17,32444395,3872,18,0,0,0,0,0,0,0,0,3874,5,0,0,0,0,0,0,0,0
87,2017-04-17,09:00:44,923,a1709,XDCE,3873,3848,3906,121100,4689304580,233972,235418,4048,3664,3856,3861,0,3866,0,0,0,2017-04-17,32444923,3873,2,0,0,0,0,0,0,0,0,3874,5,0,0,0,0,0,0,0,0
88,2017-04-17,09:00:45,409,a1709,XDCE,3873,3848,3906,121112,4689769440,233978,235418,4048,3664,3856,3861,0,3866,0,0,0,2017-04-17,32445409,3873,6,0,0,0,0,0,0,0,0,3875,19,0,0,0,0,0,0,0,0
89,2017-04-17,09:00:45,909,a1709,XDCE,3873,3848,3906,121132,4690544080,233982,235418,4048,3664,3856,3861,0,3866,0,0,0,2017-04-17,32445909,3873,5,0,0,0,0,0,0,0,0,3875,19,0,0,0,0,0,0,0,0
90,2017-04-17,09:00:46,431,a1709,XDCE,3873,3848,3906,121134,4690621540,233982,235418,4048,3664,3856,3861,0,3866,0,0,0,2017-04-17,32446431,3873,4,0,0,0,0,0,0,0,0,3875,19,0,0,0,0,0,0,0,0
91,2017-04-17,09:00:46,926,a1709,XDCE,3872,3848,3906,121150,4691241180,233982,235418,4048,3664,3856,3861,0,3866,0,0,0,2017-04-17,32446926,3872,18,0,0,0,0,0,0,0,0,3873,2,0,0,0,0,0,0,0,0
92,2017-04-17,09:00:47,411,a1709,XDCE,3873,3848,3906,121156,4691473560,233978,235418,4048,3664,3856,3861,0,3866,0,0,0,2017-04-17,32447411,3873,31,0,0,0,0,0,0,0,0,3874,8,0,0,0,0,0,0,0,0
93,2017-04-17,09:00:47,891,a1709,XDCE,3873,3848,3906,121158,4691551020,233976,235418,4048,3664,3856,3861,0,3866,0,0,0,2017-04-17,32447891,3873,30,0,0,0,0,0,0,0,0,3874,9,0,0,0,0,0,0,0,0
94,2017-04-17,09:00:48,377,a1709,XDCE,3874,3848,3906,121168,4691938420,233972,235418,4048,3664,3856,3861,0,3866,0,0,0,2017-04-17,32448377,3873,32,0,0,0,0,0,0,0,0,3874,5,0,0,0,0,0,0,0,0
95,2017-04-17,09:00:48,899,a1709,XDCE,3874,3848,3906,121170,4692015900,233972,235418,4048,3664,3856,3861,0,3866,0,0,0,2017-04-17,32448899,3873,35,0,0,0,0,0,0,0,0,3874,5,0,0,0,0,0,0,0,0
96,2017-04-17,09:00:49,393,a1709,XDCE,3873,3848,3906,121176,4692248280,233966,235418,4048,3664,3856,3861,0,3866,0,0,0,2017-04-17,32449393,3873,32,0,0,0,0,0,0,0,0,3874,5,0,0,0,0,0,0,0,0
97,2017-04-17,09:00:49,907,a1709,XDCE,3874,3848,3906,121186,4692635680,233974,235418,4048,3664,3856,3861,0,3866,0,0,0,2017-04-17,32449907,3874,3,0,0,0,0,0,0,0,0,3875,15,0,0,0,0,0,0,0,0
98,2017-04-17,09:00:50,388,a1709,XDCE,3874,3848,3906,121190,4692790640,233978,235418,4048,3664,3856,3861,0,3866,0,0,0,2017-04-17,32450388,3874,5,0,0,0,0,0,0,0,0,3875,15,0,0,0,0,0,0,0,0
99,2017-04-17,09:00:50,823,a1709,XDCE,3874,3848,3906,121210,4693565560,233994,235418,4048,3664,3856,3861,0,3866,0,0,0,2017-04-17,32450823,3874,4,0,0,0,0,0,0,0,0,3875,9,0,0,0,0,0,0,0,0
100,2017-04-17,09:00:51,400,a1709,XDCE,3873,3848,3906,121236,4694572680,234016,235418,4048,3664,3856,3861,0,3866,0,0,0,2017-04-17,32451400,3873,15,0,0,0,0,0,0,0,0,3875,12,0,0,0,0,0,0,0,0
101,2017-04-17,09:00:51,921,a1709,XDCE,3875,3848,3906,121266,4695735160,234036,235418,4048,3664,3856,3861,0,3866,0,0,0,2017-04-17,32451921,3874,9,0,0,0,0,0,0,0,0,3875,2,0,0,0,0,0,0,0,0
102,2017-04-17,09:00:52,430,a1709,XDCE,3875,3848,3906,121274,4696045140,234042,235418,4048,3664,3856,3861,0,3866,0,0,0,2017-04-17,32452430,3874,13,0,0,0,0,0,0,0,0,3876,79,0,0,0,0,0,0,0,0
103,2017-04-17,09:00:52,880,a1709,XDCE,3875,3848,3906,121274,4696045140,234042,235418,4048,3664,3856,3861,0,3866,0,0,0,2017-04-17,32452880,3874,13,0,0,0,0,0,0,0,0,3876,77,0,0,0,0,0,0,0,0
104,2017-04-17,09:00:53,385,a1709,XDCE,3875,3848,3906,121282,4696355140,234048,235418,4048,3664,3856,3861,0,3866,0,0,0,2017-04-17,32453385,3875,3,0,0,0,0,0,0,0,0,3876,76,0,0,0,0,0,0,0,0
105,2017-04-17,09:00:53,909,a1709,XDCE,3876,3848,3906,121336,4698448140,234096,235418,4048,3664,3856,3861,0,3866,0,0,0,2017-04-17,32453909,3875,4,0,0,0,0,0,0,0,0,3876,52,0,0,0,0,0,0,0,0
106,2017-04-17,09:00:54,415,a1709,XDCE,3874,3848,3906,121348,4698913100,234108,235418,4048,3664,3856,3861,0,3866,0,0,0,2017-04-17,32454415,3874,14,0,0,0,0,0,0,0,0,3875,1,0,0,0,0,0,0,0,0
107,2017-04-17,09:00:54,925,a1709,XDCE,3874,3848,3906,121354,4699145580,234112,235418,4048,3664,3856,3861,0,3866,0,0,0,2017-04-17,32454925,3874,13,0,0,0,0,0,0,0,0,3875,4,0,0,0,0,0,0,0,0
108,2017-04-17,09:00:55,414,a1709,XDCE,3875,3848,3906,121358,4699300560,234114,235418,4048,3664,3856,3861,0,3866,0,0,0,2017-04-17,32455414,3874,18,0,0,0,0,0,0,0,0,3875,6,0,0,0,0,0,0,0,0
109,2017-04-17,09:00:55,918,a1709,XDCE,3875,3848,3906,121370,4699765560,234120,235418,4048,3664,3856,3861,0,3866,0,0,0,2017-04-17,32455918,3874,19,0,0,0,0,0,0,0,0,3875,1,0,0,0,0,0,0,0,0
110,2017-04-17,09:00:56,421,a1709,XDCE,3875,3848,3906,121374,4699920560,234122,235418,4048,3664,3856,3861,0,3866,0,0,0,2017-04-17,32456421,3874,20,0,0,0,0,0,0,0,0,3875,1,0,0,0,0,0,0,0,0
111,2017-04-17,09:00:56,915,a1709,XDCE,3875,3848,3906,121378,4700075560,234126,235418,4048,3664,3856,3861,0,3866,0,0,0,2017-04-17,32456915,3874,14,0,0,0,0,0,0,0,0,3876,56,0,0,0,0,0,0,0,0
112,2017-04-17,09:00:57,421,a1709,XDCE,3875,3848,3906,121394,4700695540,234116,235418,4048,3664,3856,3861,0,3866,0,0,0,2017-04-17,32457421,3874,13,0,0,0,0,0,0,0,0,3876,55,0,0,0,0,0,0,0,0
113,2017-04-17,09:00:57,898,a1709,XDCE,3874,3848,3906,121398,4700850500,234114,235418,4048,3664,3856,3861,0,3866,0,0,0,2017-04-17,32457898,3874,13,0,0,0,0,0,0,0,0,3876,55,0,0,0,0,0,0,0,0
114,2017-04-17,09:00:58,390,a1709,XDCE,3876,3848,3906,121400,4700928020,234116,235418,4048,3664,3856,3861,0,3866,0,0,0,2017-04-17,32458390,3874,14,0,0,0,0,0,0,0,0,3876,54,0,0,0,0,0,0,0,0
115,2017-04-17,09:00:58,888,a1709,XDCE,3875,3848,3906,121406,4701160520,234120,235418,4048,3664,3856,3861,0,3866,0,0,0,2017-04-17,32458888,3874,14,0,0,0,0,0,0,0,0,3875,4,0,0,0,0,0,0,0,0
116,2017-04-17,09:00:59,367,a1709,XDCE,3876,3848,3906,121416,4701548040,234130,235418,4048,3664,3856,3861,0,3866,0,0,0,2017-04-17,32459367,3874,14,0,0,0,0,0,0,0,0,3876,54,0,0,0,0,0,0,0,0
117,2017-04-17,09:00:59,915,a1709,XDCE,3876,3848,3906,121416,4701548040,234130,235418,4048,3664,3856,3861,0,3866,0,0,0,2017-04-17,32459915,3874,16,0,0,0,0,0,0,0,0,3876,53,0,0,0,0,0,0,0,0
118,2017-04-17,09:01:00,406,a1709,XDCE,3876,3848,3906,121418,4701625560,234132,235418,4048,3664,3856,3861,0,3866,0,0,0,2017-04-17,32460406,3874,17,0,0,0,0,0,0,0,0,3876,52,0,0,0,0,0,0,0,0
119,2017-04-17,09:01:00,885,a1709,XDCE,3876,3848,3906,121442,4702555800,234136,235418,4048,3664,3856,3861,0,3866,0,0,0,2017-04-17,32460885,3875,16,0,0,0,0,0,0,0,0,3876,41,0,0,0,0,0,0,0,0
120,2017-04-17,09:01:01,401,a1709,XDCE,3876,3848,3906,121462,4703331000,234150,235418,4048,3664,3856,3861,0,3866,0,0,0,2017-04-17,32461401,3875,8,0,0,0,0,0,0,0,0,3876,31,0,0,0,0,0,0,0,0
121,2017-04-17,09:01:01,930,a1709,XDCE,3876,3848,3906,121476,4703873620,234160,235418,4048,3664,3856,3861,0,3866,0,0,0,2017-04-17,32461930,3875,9,0,0,0,0,0,0,0,0,3876,25,0,0,0,0,0,0,0,0
122,2017-04-17,09:01:02,430,a1709,XDCE,3876,3848,3906,121514,4705346500,234192,235418,4048,3664,3856,3861,0,3866,0,0,0,2017-04-17,32462430,3875,9,0,0,0,0,0,0,0,0,3876,6,0,0,0,0,0,0,0,0
123,2017-04-17,09:01:02,927,a1709,XDCE,3876,3848,3906,121526,4705811620,234190,235418,4048,3664,3856,3861,0,3866,0,0,0,2017-04-17,32462927,3876,36,0,0,0,0,0,0,0,0,3877,23,0,0,0,0,0,0,0,0
124,2017-04-17,09:01:03,382,a1709,XDCE,3876,3848,3906,121526,4705811620,234190,235418,4048,3664,3856,3861,0,3866,0,0,0,2017-04-17,32463382,3876,38,0,0,0,0,0,0,0,0,3877,21,0,0,0,0,0,0,0,0
125,2017-04-17,09:01:03,874,a1709,XDCE,3876,3848,3906,121600,4708680580,234224,235418,4048,3664,3856,3861,0,3866,0,0,0,2017-04-17,32463874,3876,35,0,0,0,0,0,0,0,0,3877,33,0,0,0,0,0,0,0,0
126,2017-04-17,09:01:04,347,a1709,XDCE,3876,3848,3906,121652,4710696100,234214,235418,4048,3664,3856,3861,0,3866,0,0,0,2017-04-17,32464347,3876,7,0,0,0,0,0,0,0,0,3877,100,0,0,0,0,0,0,0,0
127,2017-04-17,09:01:04,892,a1709,XDCE,3876,3848,3906,121694,4712323820,234210,235418,4048,3664,3856,3861,0,3866,0,0,0,2017-04-17,32464892,3875,7,0,0,0,0,0,0,0,0,3876,6,0,0,0,0,0,0,0,0
128,2017-04-17,09:01:05,425,a1709,XDCE,3876,3848,3906,121702,4712633880,234212,235418,4048,3664,3856,3861,0,3866,0,0,0,2017-04-17,32465425,3875,23,0,0,0,0,0,0,0,0,3876,4,0,0,0,0,0,0,0,0
129,2017-04-17,09:01:06,900,a1709,XDCE,3875,3848,3906,121706,4712788900,234214,235418,4048,3664,3856,3861,0,3866,0,0,0,2017-04-17,32466900,3875,22,0,0,0,0,0,0,0,0,3876,3,0,0,0,0,0,0,0,0
130,2017-04-17,09:01:07,415,a1709,XDCE,3875,3848,3906,121730,4713718920,234228,235418,4048,3664,3856,3861,0,3866,0,0,0,2017-04-17,32467415,3875,11,0,0,0,0,0,0,0,0,3876,3,0,0,0,0,0,0,0,0
131,2017-04-17,09:01:07,884,a1709,XDCE,3876,3848,3906,121734,4713873960,234230,235418,4048,3664,3856,3861,0,3866,0,0,0,2017-04-17,32467884,3875,11,0,0,0,0,0,0,0,0,3876,2,0,0,0,0,0,0,0,0
132,2017-04-17,09:01:08,386,a1709,XDCE,3876,3848,3906,121736,4713951480,234228,235418,4048,3664,3856,3861,0,3866,0,0,0,2017-04-17,32468386,3875,11,0,0,0,0,0,0,0,0,3876,4,0,0,0,0,0,0,0,0
133,2017-04-17,09:01:08,869,a1709,XDCE,3876,3848,3906,121736,4713951480,234228,235418,4048,3664,3856,3861,0,3866,0,0,0,2017-04-17,32468869,3875,13,0,0,0,0,0,0,0,0,3876,11,0,0,0,0,0,0,0,0
134,2017-04-17,09:01:09,385,a1709,XDCE,3876,3848,3906,121736,4713951480,234228,235418,4048,3664,3856,3861,0,3866,0,0,0,2017-04-17,32469385,3875,13,0,0,0,0,0,0,0,0,3876,16,0,0,0,0,0,0,0,0
135,2017-04-17,09:01:09,922,a1709,XDCE,3875,3848,3906,121758,4714803980,234248,235418,4048,3664,3856,3861,0,3866,0,0,0,2017-04-17,32469922,3874,16,0,0,0,0,0,0,0,0,3875,24,0,0,0,0,0,0,0,0
136,2017-04-17,09:01:10,415,a1709,XDCE,3875,3848,3906,121760,4714881480,234248,235418,4048,3664,3856,3861,0,3866,0,0,0,2017-04-17,32470415,3874,14,0,0,0,0,0,0,0,0,3875,23,0,0,0,0,0,0,0,0
137,2017-04-17,09:01:11,429,a1709,XDCE,3875,3848,3906,121760,4714881480,234248,235418,4048,3664,3856,3861,0,3866,0,0,0,2017-04-17,32471429,3874,14,0,0,0,0,0,0,0,0,3875,24,0,0,0,0,0,0,0,0
138,2017-04-17,09:01:11,916,a1709,XDCE,3874,3848,3906,121762,4714958960,234248,235418,4048,3664,3856,3861,0,3866,0,0,0,2017-04-17,32471916,3874,13,0,0,0,0,0,0,0,0,3875,26,0,0,0,0,0,0,0,0
139,2017-04-17,09:01:12,397,a1709,XDCE,3875,3848,3906,121766,4715113960,234248,235418,4048,3664,3856,3861,0,3866,0,0,0,2017-04-17,32472397,3874,13,0,0,0,0,0,0,0,0,3875,25,0,0,0,0,0,0,0,0
140,2017-04-17,09:01:12,901,a1709,XDCE,3875,3848,3906,121766,4715113960,234248,235418,4048,3664,3856,3861,0,3866,0,0,0,2017-04-17,32472901,3874,13,0,0,0,0,0,0,0,0,3875,26,0,0,0,0,0,0,0,0
141,2017-04-17,09:01:13,423,a1709,XDCE,3875,3848,3906,121770,4715268940,234248,235418,4048,3664,3856,3861,0,3866,0,0,0,2017-04-17,32473423,3874,12,0,0,0,0,0,0,0,0,3875,25,0,0,0,0,0,0,0,0
142,2017-04-17,09:01:13,883,a1709,XDCE,3874,3848,3906,121794,4716198700,234270,235418,4048,3664,3856,3861,0,3866,0,0,0,2017-04-17,32473883,3873,30,0,0,0,0,0,0,0,0,3874,9,0,0,0,0,0,0,0,0
143,2017-04-17,09:01:14,359,a1709,XDCE,3874,3848,3906,121794,4716198700,234270,235418,4048,3664,3856,3861,0,3866,0,0,0,2017-04-17,32474359,3873,28,0,0,0,0,0,0,0,0,3874,13,0,0,0,0,0,0,0,0
144,2017-04-17,09:01:14,930,a1709,XDCE,3872,3848,3906,121852,4718445020,234262,235418,4048,3664,3856,3861,0,3866,0,0,0,2017-04-17,32474930,3872,22,0,0,0,0,0,0,0,0,3873,6,0,0,0,0,0,0,0,0
145,2017-04-17,09:01:15,385,a1709,XDCE,3873,3848,3906,121874,4719297080,234258,235418,4048,3664,3856,3861,0,3866,0,0,0,2017-04-17,32475385,3873,11,0,0,0,0,0,0,0,0,3874,17,0,0,0,0,0,0,0,0
146,2017-04-17,09:01:15,831,a1709,XDCE,3873,3848,3906,121898,4720226620,234240,235418,4048,3664,3856,3861,0,3866,0,0,0,2017-04-17,32475831,3872,24,0,0,0,0,0,0,0,0,3873,11,0,0,0,0,0,0,0,0
147,2017-04-17,09:01:16,391,a1709,XDCE,3873,3848,3906,121904,4720459000,234244,235418,4048,3664,3856,3861,0,3866,0,0,0,2017-04-17,32476391,3872,24,0,0,0,0,0,0,0,0,3873,11,0,0,0,0,0,0,0,0
148,2017-04-17,09:01:16,901,a1709,XDCE,3873,3848,3906,121918,4721001220,234240,235418,4048,3664,3856,3861,0,3866,0,0,0,2017-04-17,32476901,3872,24,0,0,0,0,0,0,0,0,3873,5,0,0,0,0,0,0,0,0
149,2017-04-17,09:01:17,393,a1709,XDCE,3873,3848,3906,121920,4721078680,234238,235418,4048,3664,3856,3861,0,3866,0,0,0,2017-04-17,32477393,3872,24,0,0,0,0,0,0,0,0,3873,6,0,0,0,0,0,0,0,0
150,2017-04-17,09:01:17,793,a1709,XDCE,3873,3848,3906,121920,4721078680,234238,235418,4048,3664,3856,3861,0,3866,0,0,0,2017-04-17,32477793,3872,24,0,0,0,0,0,0,0,0,3873,7,0,0,0,0,0,0,0,0
151,2017-04-17,09:01:18,926,a1709,XDCE,3872,3848,3906,121938,4721775660,234238,235418,4048,3664,3856,3861,0,3866,0,0,0,2017-04-17,32478926,3872,16,0,0,0,0,0,0,0,0,3873,7,0,0,0,0,0,0,0,0
152,2017-04-17,09:01:19,372,a1709,XDCE,3873,3848,3906,121940,4721853120,234240,235418,4048,3664,3856,3861,0,3866,0,0,0,2017-04-17,32479372,3872,15,0,0,0,0,0,0,0,0,3873,11,0,0,0,0,0,0,0,0
153,2017-04-17,09:01:19,912,a1709,XDCE,3873,3848,3906,121952,4722317880,234244,235418,4048,3664,3856,3861,0,3866,0,0,0,2017-04-17,32479912,3872,15,0,0,0,0,0,0,0,0,3873,7,0,0,0,0,0,0,0,0
154,2017-04-17,09:01:20,389,a1709,XDCE,3873,3848,3906,121954,4722395340,234246,235418,4048,3664,3856,3861,0,3866,0,0,0,2017-04-17,32480389,3872,15,0,0,0,0,0,0,0,0,3873,7,0,0,0,0,0,0,0,0
155,2017-04-17,09:01:20,886,a1709,XDCE,3873,3848,3906,121966,4722860100,234252,235418,4048,3664,3856,3861,0,3866,0,0,0,2017-04-17,32480886,3872,17,0,0,0,0,0,0,0,0,3873,7,0,0,0,0,0,0,0,0
156,2017-04-17,09:01:21,407,a1709,XDCE,3873,3848,3906,121990,4723789540,234264,235418,4048,3664,3856,3861,0,3866,0,0,0,2017-04-17,32481407,3872,13,0,0,0,0,0,0,0,0,3873,1,0,0,0,0,0,0,0,0
157,2017-04-17,09:01:21,893,a1709,XDCE,3872,3848,3906,122032,4725415780,234240,235418,4048,3664,3856,3861,0,3866,0,0,0,2017-04-17,32481893,3872,4,0,0,0,0,0,0,0,0,3873,1,0,0,0,0,0,0,0,0
158,2017-04-17,09:01:22,411,a1709,XDCE,3872,3848,3906,122032,4725415780,234240,235418,4048,3664,3856,3861,0,3866,0,0,0,2017-04-17,32482411,3872,8,0,0,0,0,0,0,0,0,3873,6,0,0,0,0,0,0,0,0
159,2017-04-17,09:01:22,922,a1709,XDCE,3873,3848,3906,122034,4725493240,234238,235418,4048,3664,3856,3861,0,3866,0,0,0,2017-04-17,32482922,3872,8,0,0,0,0,0,0,0,0,3873,4,0,0,0,0,0,0,0,0
160,2017-04-17,09:01:23,385,a1709,XDCE,3873,3848,3906,122046,4725958000,234248,235418,4048,3664,3856,3861,0,3866,0,0,0,2017-04-17,32483385,3873,33,0,0,0,0,0,0,0,0,3874,76,0,0,0,0,0,0,0,0
161,2017-04-17,09:01:23,930,a1709,XDCE,3873,3848,3906,122048,4726035460,234248,235418,4048,3664,3856,3861,0,3866,0,0,0,2017-04-17,32483930,3873,32,0,0,0,0,0,0,0,0,3874,76,0,0,0,0,0,0,0,0
162,2017-04-17,09:01:24,413,a1709,XDCE,3872,3848,3906,122116,4728669080,234314,235418,4048,3664,3856,3861,0,3866,0,0,0,2017-04-17,32484413,3872,12,0,0,0,0,0,0,0,0,3873,35,0,0,0,0,0,0,0,0
163,2017-04-17,09:01:24,911,a1709,XDCE,3873,3848,3906,122120,4728824000,234318,235418,4048,3664,3856,3861,0,3866,0,0,0,2017-04-17,32484911,3872,13,0,0,0,0,0,0,0,0,3873,3,0,0,0,0,0,0,0,0
164,2017-04-17,09:01:25,397,a1709,XDCE,3872,3848,3906,122130,4729211200,234310,235418,4048,3664,3856,3861,0,3866,0,0,0,2017-04-17,32485397,3872,11,0,0,0,0,0,0,0,0,3873,36,0,0,0,0,0,0,0,0
165,2017-04-17,09:01:25,827,a1709,XDCE,3873,3848,3906,122210,4732309520,234372,235418,4048,3664,3856,3861,0,3866,0,0,0,2017-04-17,32485827,3872,14,0,0,0,0,0,0,0,0,3873,18,0,0,0,0,0,0,0,0
166,2017-04-17,09:01:26,262,a1709,XDCE,3873,3848,3906,122210,4732309520,234372,235418,4048,3664,3856,3861,0,3866,0,0,0,2017-04-17,32486262,3872,14,0,0,0,0,0,0,0,0,3873,19,0,0,0,0,0,0,0,0
167,2017-04-17,09:01:26,864,a1709,XDCE,3872,3848,3906,122218,4732619280,234368,235418,4048,3664,3856,3861,0,3866,0,0,0,2017-04-17,32486864,3872,10,0,0,0,0,0,0,0,0,3873,19,0,0,0,0,0,0,0,0
168,2017-04-17,09:01:27,742,a1709,XDCE,3873,3848,3906,122226,4732929120,234360,235418,4048,3664,3856,3861,0,3866,0,0,0,2017-04-17,32487742,3872,10,0,0,0,0,0,0,0,0,3873,16,0,0,0,0,0,0,0,0
169,2017-04-17,09:01:28,385,a1709,XDCE,3872,3848,3906,122234,4733238880,234358,235418,4048,3664,3856,3861,0,3866,0,0,0,2017-04-17,32488385,3872,6,0,0,0,0,0,0,0,0,3873,16,0,0,0,0,0,0,0,0
170,2017-04-17,09:01:28,916,a1709,XDCE,3873,3848,3906,122252,4733935900,234348,235418,4048,3664,3856,3861,0,3866,0,0,0,2017-04-17,32488916,3871,73,0,0,0,0,0,0,0,0,3873,13,0,0,0,0,0,0,0,0
171,2017-04-17,09:01:29,425,a1709,XDCE,3872,3848,3906,122266,4734478020,234354,235418,4048,3664,3856,3861,0,3866,0,0,0,2017-04-17,32489425,3872,7,0,0,0,0,0,0,0,0,3873,15,0,0,0,0,0,0,0,0
172,2017-04-17,09:01:29,899,a1709,XDCE,3873,3848,3906,122308,4736104380,234350,235418,4048,3664,3856,3861,0,3866,0,0,0,2017-04-17,32489899,3871,71,0,0,0,0,0,0,0,0,3873,10,0,0,0,0,0,0,0,0
173,2017-04-17,09:01:30,357,a1709,XDCE,3872,3848,3906,122310,4736181820,234350,235418,4048,3664,3856,3861,0,3866,0,0,0,2017-04-17,32490357,3871,71,0,0,0,0,0,0,0,0,3872,2,0,0,0,0,0,0,0,0
174,2017-04-17,09:01:30,917,a1709,XDCE,3871,3848,3906,122342,4737420600,234346,235418,4048,3664,3856,3861,0,3866,0,0,0,2017-04-17,32490917,3871,57,0,0,0,0,0,0,0,0,3873,11,0,0,0,0,0,0,0,0
175,2017-04-17,09:01:31,428,a1709,XDCE,3871,3848,3906,122390,4739278680,234340,235418,4048,3664,3856,3861,0,3866,0,0,0,2017-04-17,32491428,3871,34,0,0,0,0,0,0,0,0,3872,2,0,0,0,0,0,0,0,0
176,2017-04-17,09:01:31,838,a1709,XDCE,3871,3848,3906,122396,4739510940,234334,235418,4048,3664,3856,3861,0,3866,0,0,0,2017-04-17,32491838,3871,28,0,0,0,0,0,0,0,0,3872,4,0,0,0,0,0,0,0,0
177,2017-04-17,09:01:32,404,a1709,XDCE,3871,3848,3906,122398,4739588360,234334,235418,4048,3664,3856,3861,0,3866,0,0,0,2017-04-17,32492404,3871,27,0,0,0,0,0,0,0,0,3872,5,0,0,0,0,0,0,0,0
178,2017-04-17,09:01:32,796,a1709,XDCE,3871,3848,3906,122398,4739588360,234334,235418,4048,3664,3856,3861,0,3866,0,0,0,2017-04-17,32492796,3871,27,0,0,0,0,0,0,0,0,3872,8,0,0,0,0,0,0,0,0
179,2017-04-17,09:01:33,302,a1709,XDCE,3871,3848,3906,122426,4740672240,234316,235418,4048,3664,3856,3861,0,3866,0,0,0,2017-04-17,32493302,3871,13,0,0,0,0,0,0,0,0,3872,8,0,0,0,0,0,0,0,0
180,2017-04-17,09:01:33,870,a1709,XDCE,3871,3848,3906,122452,4741678700,234334,235418,4048,3664,3856,3861,0,3866,0,0,0,2017-04-17,32493870,3870,88,0,0,0,0,0,0,0,0,3871,12,0,0,0,0,0,0,0,0
181,2017-04-17,09:01:34,414,a1709,XDCE,3871,3848,3906,122452,4741678700,234334,235418,4048,3664,3856,3861,0,3866,0,0,0,2017-04-17,32494414,3870,88,0,0,0,0,0,0,0,0,3871,14,0,0,0,0,0,0,0,0
182,2017-04-17,09:01:34,930,a1709,XDCE,3871,3848,3906,122452,4741678700,234334,235418,4048,3664,3856,3861,0,3866,0,0,0,2017-04-17,32494930,3870,88,0,0,0,0,0,0,0,0,3871,15,0,0,0,0,0,0,0,0
183,2017-04-17,09:01:35,415,a1709,XDCE,3871,3848,3906,122454,4741756120,234336,235418,4048,3664,3856,3861,0,3866,0,0,0,2017-04-17,32495415,3870,88,0,0,0,0,0,0,0,0,3871,16,0,0,0,0,0,0,0,0
184,2017-04-17,09:01:35,921,a1709,XDCE,3871,3848,3906,122470,4742375480,234352,235418,4048,3664,3856,3861,0,3866,0,0,0,2017-04-17,32495921,3870,88,0,0,0,0,0,0,0,0,3871,10,0,0,0,0,0,0,0,0
185,2017-04-17,09:01:36,321,a1709,XDCE,3871,3848,3906,122470,4742375480,234352,235418,4048,3664,3856,3861,0,3866,0,0,0,2017-04-17,32496321,3870,90,0,0,0,0,0,0,0,0,3871,10,0,0,0,0,0,0,0,0
186,2017-04-17,09:01:36,906,a1709,XDCE,3870,3848,3906,122478,4742685080,234356,235418,4048,3664,3856,3861,0,3866,0,0,0,2017-04-17,32496906,3870,88,0,0,0,0,0,0,0,0,3871,10,0,0,0,0,0,0,0,0
187,2017-04-17,09:01:37,389,a1709,XDCE,3871,3848,3906,122512,4744001140,234366,235418,4048,3664,3856,3861,0,3866,0,0,0,2017-04-17,32497389,3871,8,0,0,0,0,0,0,0,0,3872,13,0,0,0,0,0,0,0,0
188,2017-04-17,09:01:37,865,a1709,XDCE,3871,3848,3906,122526,4744543080,234376,235418,4048,3664,3856,3861,0,3866,0,0,0,2017-04-17,32497865,3871,11,0,0,0,0,0,0,0,0,3872,13,0,0,0,0,0,0,0,0
189,2017-04-17,09:01:38,428,a1709,XDCE,3871,3848,3906,122534,4744852760,234378,235418,4048,3664,3856,3861,0,3866,0,0,0,2017-04-17,32498428,3871,9,0,0,0,0,0,0,0,0,3872,13,0,0,0,0,0,0,0,0
190,2017-04-17,09:01:39,387,a1709,XDCE,3871,3848,3906,122538,4745007600,234374,235418,4048,3664,3856,3861,0,3866,0,0,0,2017-04-17,32499387,3871,7,0,0,0,0,0,0,0,0,3872,14,0,0,0,0,0,0,0,0
191,2017-04-17,09:01:39,852,a1709,XDCE,3872,3848,3906,122556,4745704420,234364,235418,4048,3664,3856,3861,0,3866,0,0,0,2017-04-17,32499852,3870,82,0,0,0,0,0,0,0,0,3872,12,0,0,0,0,0,0,0,0
192,2017-04-17,09:01:40,396,a1709,XDCE,3871,3848,3906,122562,4745936680,234362,235418,4048,3664,3856,3861,0,3866,0,0,0,2017-04-17,32500396,3870,82,0,0,0,0,0,0,0,0,3871,19,0,0,0,0,0,0,0,0
193,2017-04-17,09:01:40,918,a1709,XDCE,3871,3848,3906,122580,4746633460,234362,235418,4048,3664,3856,3861,0,3866,0,0,0,2017-04-17,32500918,3870,83,0,0,0,0,0,0,0,0,3871,14,0,0,0,0,0,0,0,0
194,2017-04-17,09:01:41,294,a1709,XDCE,3871,3848,3906,122608,4747717340,234354,235418,4048,3664,3856,3861,0,3866,0,0,0,2017-04-17,32501294,3871,1,0,0,0,0,0,0,0,0,3872,12,0,0,0,0,0,0,0,0
195,2017-04-17,09:01:41,680,a1709,XDCE,3871,3848,3906,122608,4747717340,234354,235418,4048,3664,3856,3861,0,3866,0,0,0,2017-04-17,32501680,3870,84,0,0,0,0,0,0,0,0,3872,12,0,0,0,0,0,0,0,0
196,2017-04-17,09:01:42,372,a1709,XDCE,3871,3848,3906,122608,4747717340,234354,235418,4048,3664,3856,3861,0,3866,0,0,0,2017-04-17,32502372,3871,1,0,0,0,0,0,0,0,0,3872,12,0,0,0,0,0,0,0,0
197,2017-04-17,09:01:42,866,a1709,XDCE,3870,3848,3906,122614,4747949560,234358,235418,4048,3664,3856,3861,0,3866,0,0,0,2017-04-17,32502866,3870,82,0,0,0,0,0,0,0,0,3872,12,0,0,0,0,0,0,0,0
198,2017-04-17,09:01:43,426,a1709,XDCE,3870,3848,3906,122614,4747949560,234358,235418,4048,3664,3856,3861,0,3866,0,0,0,2017-04-17,32503426,3871,1,0,0,0,0,0,0,0,0,3872,12,0,0,0,0,0,0,0,0
199,2017-04-17,09:01:43,786,a1709,XDCE,3872,3848,3906,122622,4748259260,234358,235418,4048,3664,3856,3861,0,3866,0,0,0,2017-04-17,32503786,3871,2,0,0,0,0,0,0,0,0,3872,8,0,0,0,0,0,0,0,0
200,2017-04-17,09:01:44,400,a1709,XDCE,3872,3848,3906,122622,4748259260,234358,235418,4048,3664,3856,3861,0,3866,0,0,0,2017-04-17,32504400,3871,3,0,0,0,0,0,0,0,0,3872,8,0,0,0,0,0,0,0,0
201,2017-04-17,09:01:44,884,a1709,XDCE,3872,3848,3906,122624,4748336700,234360,235418,4048,3664,3856,3861,0,3866,0,0,0,2017-04-17,32504884,3871,3,0,0,0,0,0,0,0,0,3872,7,0,0,0,0,0,0,0,0
202,2017-04-17,09:01:45,352,a1709,XDCE,3872,3848,3906,122624,4748336700,234360,235418,4048,3664,3856,3861,0,3866,0,0,0,2017-04-17,32505352,3871,5,0,0,0,0,0,0,0,0,3872,7,0,0,0,0,0,0,0,0
203,2017-04-17,09:01:45,873,a1709,XDCE,3872,3848,3906,122628,4748491580,234360,235418,4048,3664,3856,3861,0,3866,0,0,0,2017-04-17,32505873,3871,5,0,0,0,0,0,0,0,0,3872,5,0,0,0,0,0,0,0,0
204,2017-04-17,09:01:46,414,a1709,XDCE,3872,3848,3906,122652,4749420760,234356,235418,4048,3664,3856,3861,0,3866,0,0,0,2017-04-17,32506414,3872,3,0,0,0,0,0,0,0,0,3873,43,0,0,0,0,0,0,0,0
205,2017-04-17,09:01:46,871,a1709,XDCE,3871,3848,3906,122668,4750040180,234358,235418,4048,3664,3856,3861,0,3866,0,0,0,2017-04-17,32506871,3871,5,0,0,0,0,0,0,0,0,3872,7,0,0,0,0,0,0,0,0
206,2017-04-17,09:01:47,404,a1709,XDCE,3871,3848,3906,122672,4750195020,234354,235418,4048,3664,3856,3861,0,3866,0,0,0,2017-04-17,32507404,3871,3,0,0,0,0,0,0,0,0,3872,7,0,0,0,0,0,0,0,0
207,2017-04-17,09:01:47,909,a1709,XDCE,3871,3848,3906,122676,4750349860,234354,235418,4048,3664,3856,3861,0,3866,0,0,0,2017-04-17,32507909,3871,7,0,0,0,0,0,0,0,0,3872,6,0,0,0,0,0,0,0,0
208,2017-04-17,09:01:48,388,a1709,XDCE,3872,3848,3906,122682,4750582180,234354,235418,4048,3664,3856,3861,0,3866,0,0,0,2017-04-17,32508388,3871,9,0,0,0,0,0,0,0,0,3872,3,0,0,0,0,0,0,0,0
209,2017-04-17,09:01:48,856,a1709,XDCE,3871,3848,3906,122692,4750969280,234344,235418,4048,3664,3856,3861,0,3866,0,0,0,2017-04-17,32508856,3871,6,0,0,0,0,0,0,0,0,3872,3,0,0,0,0,0,0,0,0
210,2017-04-17,09:01:49,803,a1709,XDCE,3872,3848,3906,122694,4751046720,234344,235418,4048,3664,3856,3861,0,3866,0,0,0,2017-04-17,32509803,3872,8,0,0,0,0,0,0,0,0,3873,38,0,0,0,0,0,0,0,0
211,2017-04-17,09:01:50,317,a1709,XDCE,3872,3848,3906,122702,4751356480,234352,235418,4048,3664,3856,3861,0,3866,0,0,0,2017-04-17,32510317,3872,9,0,0,0,0,0,0,0,0,3873,38,0,0,0,0,0,0,0,0
212,2017-04-17,09:01:50,850,a1709,XDCE,3872,3848,3906,122744,4752983020,234346,235418,4048,3664,3856,3861,0,3866,0,0,0,2017-04-17,32510850,3872,8,0,0,0,0,0,0,0,0,3873,20,0,0,0,0,0,0,0,0
213,2017-04-17,09:01:51,399,a1709,XDCE,3872,3848,3906,122746,4753060460,234346,235418,4048,3664,3856,3861,0,3866,0,0,0,2017-04-17,32511399,3872,9,0,0,0,0,0,0,0,0,3873,25,0,0,0,0,0,0,0,0
214,2017-04-17,09:01:51,925,a1709,XDCE,3872,3848,3906,122748,4753137900,234344,235418,4048,3664,3856,3861,0,3866,0,0,0,2017-04-17,32511925,3872,10,0,0,0,0,0,0,0,0,3873,25,0,0,0,0,0,0,0,0
215,2017-04-17,09:01:52,287,a1709,XDCE,3872,3848,3906,122750,4753215340,234344,235418,4048,3664,3856,3861,0,3866,0,0,0,2017-04-17,32512287,3872,9,0,0,0,0,0,0,0,0,3873,25,0,0,0,0,0,0,0,0
216,2017-04-17,09:01:52,822,a1709,XDCE,3873,3848,3906,122752,4753292800,234342,235418,4048,3664,3856,3861,0,3866,0,0,0,2017-04-17,32512822,3872,9,0,0,0,0,0,0,0,0,3873,24,0,0,0,0,0,0,0,0
217,2017-04-17,09:01:53,427,a1709,XDCE,3872,3848,3906,122762,4753680000,234340,235418,4048,3664,3856,3861,0,3866,0,0,0,2017-04-17,32513427,3872,1,0,0,0,0,0,0,0,0,3873,27,0,0,0,0,0,0,0,0
218,2017-04-17,09:01:53,879,a1709,XDCE,3872,3848,3906,122768,4753912320,234334,235418,4048,3664,3856,3861,0,3866,0,0,0,2017-04-17,32513879,3871,24,0,0,0,0,0,0,0,0,3872,3,0,0,0,0,0,0,0,0
219,2017-04-17,09:01:54,393,a1709,XDCE,3872,3848,3906,122778,4754299520,234334,235418,4048,3664,3856,3861,0,3866,0,0,0,2017-04-17,32514393,3871,19,0,0,0,0,0,0,0,0,3872,38,0,0,0,0,0,0,0,0
220,2017-04-17,09:01:54,882,a1709,XDCE,3872,3848,3906,122782,4754454380,234332,235418,4048,3664,3856,3861,0,3866,0,0,0,2017-04-17,32514882,3871,18,0,0,0,0,0,0,0,0,3872,37,0,0,0,0,0,0,0,0
221,2017-04-17,09:01:55,396,a1709,XDCE,3872,3848,3906,122784,4754531820,234332,235418,4048,3664,3856,3861,0,3866,0,0,0,2017-04-17,32515396,3871,20,0,0,0,0,0,0,0,0,3872,36,0,0,0,0,0,0,0,0
222,2017-04-17,09:01:55,841,a1709,XDCE,3872,3848,3906,122816,4755770860,234330,235418,4048,3664,3856,3861,0,3866,0,0,0,2017-04-17,32515841,3871,20,0,0,0,0,0,0,0,0,3872,25,0,0,0,0,0,0,0,0
223,2017-04-17,09:01:56,373,a1709,XDCE,3872,3848,3906,122820,4755925740,234330,235418,4048,3664,3856,3861,0,3866,0,0,0,2017-04-17,32516373,3871,20,0,0,0,0,0,0,0,0,3872,23,0,0,0,0,0,0,0,0
224,2017-04-17,09:01:56,930,a1709,XDCE,3872,3848,3906,122824,4756080620,234330,235418,4048,3664,3856,3861,0,3866,0,0,0,2017-04-17,32516930,3871,20,0,0,0,0,0,0,0,0,3872,21,0,0,0,0,0,0,0,0
225,2017-04-17,09:01:57,388,a1709,XDCE,3872,3848,3906,122834,4756467820,234320,235418,4048,3664,3856,3861,0,3866,0,0,0,2017-04-17,32517388,3871,25,0,0,0,0,0,0,0,0,3872,16,0,0,0,0,0,0,0,0
226,2017-04-17,09:01:57,914,a1709,XDCE,3872,3848,3906,122866,4757706860,234318,235418,4048,3664,3856,3861,0,3866,0,0,0,2017-04-17,32517914,3872,11,0,0,0,0,0,0,0,0,3873,26,0,0,0,0,0,0,0,0
227,2017-04-17,09:01:58,421,a1709,XDCE,3872,3848,3906,122884,4758403820,234326,235418,4048,3664,3856,3861,0,3866,0,0,0,2017-04-17,32518421,3871,25,0,0,0,0,0,0,0,0,3872,5,0,0,0,0,0,0,0,0
228,2017-04-17,09:01:58,860,a1709,XDCE,3872,3848,3906,122884,4758403820,234326,235418,4048,3664,3856,3861,0,3866,0,0,0,2017-04-17,32518860,3871,20,0,0,0,0,0,0,0,0,3872,11,0,0,0,0,0,0,0,0
229,2017-04-17,09:01:59,260,a1709,XDCE,3871,3848,3906,122904,4759178020,234324,235418,4048,3664,3856,3861,0,3866,0,0,0,2017-04-17,32519260,3871,10,0,0,0,0,0,0,0,0,3872,11,0,0,0,0,0,0,0,0
230,2017-04-17,09:01:59,820,a1709,XDCE,3871,3848,3906,122904,4759178020,234324,235418,4048,3664,3856,3861,0,3866,0,0,0,2017-04-17,32519820,3871,8,0,0,0,0,0,0,0,0,3872,13,0,0,0,0,0,0,0,0
231,2017-04-17,09:02:00,404,a1709,XDCE,3871,3848,3906,122912,4759487700,234326,235418,4048,3664,3856,3861,0,3866,0,0,0,2017-04-17,32520404,3871,9,0,0,0,0,0,0,0,0,3872,13,0,0,0,0,0,0,0,0
232,2017-04-17,09:02:00,799,a1709,XDCE,3872,3848,3906,122922,4759874900,234336,235418,4048,3664,3856,3861,0,3866,0,0,0,2017-04-17,32520799,3871,9,0,0,0,0,0,0,0,0,3872,10,0,0,0,0,0,0,0,0
233,2017-04-17,09:02:01,355,a1709,XDCE,3872,3848,3906,122932,4760262100,234344,235418,4048,3664,3856,3861,0,3866,0,0,0,2017-04-17,32521355,3871,14,0,0,0,0,0,0,0,0,3872,6,0,0,0,0,0,0,0,0
234,2017-04-17,09:02:01,928,a1709,XDCE,3872,3848,3906,122942,4760649300,234352,235418,4048,3664,3856,3861,0,3866,0,0,0,2017-04-17,32521928,3871,14,0,0,0,0,0,0,0,0,3872,1,0,0,0,0,0,0,0,0
235,2017-04-17,09:02:02,427,a1709,XDCE,3872,3848,3906,122942,4760649300,234352,235418,4048,3664,3856,3861,0,3866,0,0,0,2017-04-17,32522427,3871,16,0,0,0,0,0,0,0,0,3873,46,0,0,0,0,0,0,0,0
236,2017-04-17,09:02:02,788,a1709,XDCE,3872,3848,3906,122954,4761113940,234352,235418,4048,3664,3856,3861,0,3866,0,0,0,2017-04-17,32522788,3871,16,0,0,0,0,0,0,0,0,3872,3,0,0,0,0,0,0,0,0
237,2017-04-17,09:02:03,908,a1709,XDCE,3871,3848,3906,122986,4762352660,234360,235418,4048,3664,3856,3861,0,3866,0,0,0,2017-04-17,32523908,3870,91,0,0,0,0,0,0,0,0,3872,3,0,0,0,0,0,0,0,0
238,2017-04-17,09:02:04,384,a1709,XDCE,3872,3848,3906,122990,4762507520,234360,235418,4048,3664,3856,3861,0,3866,0,0,0,2017-04-17,32524384,3871,2,0,0,0,0,0,0,0,0,3872,6,0,0,0,0,0,0,0,0
239,2017-04-17,09:02:04,796,a1709,XDCE,3872,3848,3906,122996,4762739800,234364,235418,4048,3664,3856,3861,0,3866,0,0,0,2017-04-17,32524796,3871,8,0,0,0,0,0,0,0,0,3872,8,0,0,0,0,0,0,0,0
240,2017-04-17,09:02:05,366,a1709,XDCE,3872,3848,3906,123014,4763436600,234370,235418,4048,3664,3856,3861,0,3866,0,0,0,2017-04-17,32525366,3871,3,0,0,0,0,0,0,0,0,3872,9,0,0,0,0,0,0,0,0
241,2017-04-17,09:02:05,912,a1709,XDCE,3872,3848,3906,123022,4763746320,234374,235418,4048,3664,3856,3861,0,3866,0,0,0,2017-04-17,32525912,3871,7,0,0,0,0,0,0,0,0,3872,4,0,0,0,0,0,0,0,0
242,2017-04-17,09:02:06,420,a1709,XDCE,3871,3848,3906,123034,4764210840,234374,235418,4048,3664,3856,3861,0,3866,0,0,0,2017-04-17,32526420,3871,6,0,0,0,0,0,0,0,0,3872,4,0,0,0,0,0,0,0,0
243,2017-04-17,09:02:06,815,a1709,XDCE,3871,3848,3906,123046,4764675360,234384,235418,4048,3664,3856,3861,0,3866,0,0,0,2017-04-17,32526815,3871,31,0,0,0,0,0,0,0,0,3872,4,0,0,0,0,0,0,0,0
244,2017-04-17,09:02:07,346,a1709,XDCE,3872,3848,3906,123116,4767385160,234406,235418,4048,3664,3856,3861,0,3866,0,0,0,2017-04-17,32527346,3871,2,0,0,0,0,0,0,0,0,3872,1,0,0,0,0,0,0,0,0
245,2017-04-17,09:02:07,839,a1709,XDCE,3871,3848,3906,123122,4767617440,234410,235418,4048,3664,3856,3861,0,3866,0,0,0,2017-04-17,32527839,3871,11,0,0,0,0,0,0,0,0,3873,24,0,0,0,0,0,0,0,0
246,2017-04-17,09:02:08,402,a1709,XDCE,3873,3848,3906,123124,4767694900,234412,235418,4048,3664,3856,3861,0,3866,0,0,0,2017-04-17,32528402,3871,11,0,0,0,0,0,0,0,0,3873,23,0,0,0,0,0,0,0,0
247,2017-04-17,09:02:08,912,a1709,XDCE,3873,3848,3906,123128,4767849820,234416,235418,4048,3664,3856,3861,0,3866,0,0,0,2017-04-17,32528912,3871,12,0,0,0,0,0,0,0,0,3873,21,0,0,0,0,0,0,0,0
248,2017-04-17,09:02:09,394,a1709,XDCE,3873,3848,3906,123128,4767849820,234416,235418,4048,3664,3856,3861,0,3866,0,0,0,2017-04-17,32529394,3871,13,0,0,0,0,0,0,0,0,3873,21,0,0,0,0,0,0,0,0
249,2017-04-17,09:02:09,904,a1709,XDCE,3871,3848,3906,123130,4767927240,234414,235418,4048,3664,3856,3861,0,3866,0,0,0,2017-04-17,32529904,3871,19,0,0,0,0,0,0,0,0,3873,22,0,0,0,0,0,0,0,0
250,2017-04-17,09:02:10,403,a1709,XDCE,3873,3848,3906,123136,4768159540,234410,235418,4048,3664,3856,3861,0,3866,0,0,0,2017-04-17,32530403,3871,18,0,0,0,0,0,0,0,0,3873,21,0,0,0,0,0,0,0,0
251,2017-04-17,09:02:10,913,a1709,XDCE,3872,3848,3906,123140,4768314440,234412,235418,4048,3664,3856,3861,0,3866,0,0,0,2017-04-17,32530913,3872,13,0,0,0,0,0,0,0,0,3873,20,0,0,0,0,0,0,0,0
252,2017-04-17,09:02:11,399,a1709,XDCE,3873,3848,3906,123166,4769321180,234416,235418,4048,3664,3856,3861,0,3866,0,0,0,2017-04-17,32531399,3872,1,0,0,0,0,0,0,0,0,3873,20,0,0,0,0,0,0,0,0
253,2017-04-17,09:02:11,926,a1709,XDCE,3873,3848,3906,123168,4769398640,234416,235418,4048,3664,3856,3861,0,3866,0,0,0,2017-04-17,32531926,3872,5,0,0,0,0,0,0,0,0,3873,20,0,0,0,0,0,0,0,0
254,2017-04-17,09:02:12,430,a1709,XDCE,3872,3848,3906,123176,4769708400,234422,235418,4048,3664,3856,3861,0,3866,0,0,0,2017-04-17,32532430,3872,1,0,0,0,0,0,0,0,0,3873,26,0,0,0,0,0,0,0,0
255,2017-04-17,09:02:12,898,a1709,XDCE,3872,3848,3906,123178,4769785840,234420,235418,4048,3664,3856,3861,0,3866,0,0,0,2017-04-17,32532898,3872,17,0,0,0,0,0,0,0,0,3873,22,0,0,0,0,0,0,0,0
256,2017-04-17,09:02:13,346,a1709,XDCE,3871,3848,3906,123240,4772186240,234444,235418,4048,3664,3856,3861,0,3866,0,0,0,2017-04-17,32533346,3871,11,0,0,0,0,0,0,0,0,3873,22,0,0,0,0,0,0,0,0
257,2017-04-17,09:02:13,836,a1709,XDCE,3873,3848,3906,123244,4772341140,234444,235418,4048,3664,3856,3861,0,3866,0,0,0,2017-04-17,32533836,3872,2,0,0,0,0,0,0,0,0,3873,21,0,0,0,0,0,0,0,0
258,2017-04-17,09:02:14,411,a1709,XDCE,3872,3848,3906,123248,4772496020,234448,235418,4048,3664,3856,3861,0,3866,0,0,0,2017-04-17,32534411,3871,11,0,0,0,0,0,0,0,0,3873,21,0,0,0,0,0,0,0,0
259,2017-04-17,09:02:14,890,a1709,XDCE,3872,3848,3906,123248,4772496020,234448,235418,4048,3664,3856,3861,0,3866,0,0,0,2017-04-17,32534890,3871,15,0,0,0,0,0,0,0,0,3873,21,0,0,0,0,0,0,0,0
260,2017-04-17,09:02:15,288,a1709,XDCE,3873,3848,3906,123278,4773657920,234448,235418,4048,3664,3856,3861,0,3866,0,0,0,2017-04-17,32535288,3871,18,0,0,0,0,0,0,0,0,3873,17,0,0,0,0,0,0,0,0
261,2017-04-17,09:02:15,881,a1709,XDCE,3872,3848,3906,123320,4775283840,234480,235418,4048,3664,3856,3861,0,3866,0,0,0,2017-04-17,32535881,3872,2,0,0,0,0,0,0,0,0,3873,27,0,0,0,0,0,0,0,0
262,2017-04-17,09:02:16,360,a1709,XDCE,3872,3848,3906,123324,4775438720,234484,235418,4048,3664,3856,3861,0,3866,0,0,0,2017-04-17,32536360,3871,7,0,0,0,0,0,0,0,0,3872,7,0,0,0,0,0,0,0,0
263,2017-04-17,09:02:16,899,a1709,XDCE,3871,3848,3906,123336,4775903240,234492,235418,4048,3664,3856,3861,0,3866,0,0,0,2017-04-17,32536899,3870,93,0,0,0,0,0,0,0,0,3872,7,0,0,0,0,0,0,0,0
264,2017-04-17,09:02:17,389,a1709,XDCE,3871,3848,3906,123350,4776445200,234502,235418,4048,3664,3856,3861,0,3866,0,0,0,2017-04-17,32537389,3871,5,0,0,0,0,0,0,0,0,3872,9,0,0,0,0,0,0,0,0
265,2017-04-17,09:02:17,903,a1709,XDCE,3871,3848,3906,123358,4776754880,234506,235418,4048,3664,3856,3861,0,3866,0,0,0,2017-04-17,32537903,3871,3,0,0,0,0,0,0,0,0,3872,16,0,0,0,0,0,0,0,0
266,2017-04-17,09:02:18,396,a1709,XDCE,3871,3848,3906,123364,4776987140,234508,235418,4048,3664,3856,3861,0,3866,0,0,0,2017-04-17,32538396,3871,17,0,0,0,0,0,0,0,0,3872,17,0,0,0,0,0,0,0,0
267,2017-04-17,09:02:18,930,a1709,XDCE,3871,3848,3906,123406,4778613040,234548,235418,4048,3664,3856,3861,0,3866,0,0,0,2017-04-17,32538930,3871,1,0,0,0,0,0,0,0,0,3872,15,0,0,0,0,0,0,0,0
268,2017-04-17,09:02:19,416,a1709,XDCE,3871,3848,3906,123420,4779155000,234544,235418,4048,3664,3856,3861,0,3866,0,0,0,2017-04-17,32539416,3870,93,0,0,0,0,0,0,0,0,3871,17,0,0,0,0,0,0,0,0
269,2017-04-17,09:02:19,909,a1709,XDCE,3871,3848,3906,123426,4779387260,234544,235418,4048,3664,3856,3861,0,3866,0,0,0,2017-04-17,32539909,3870,94,0,0,0,0,0,0,0,0,3871,15,0,0,0,0,0,0,0,0
270,2017-04-17,09:02:20,409,a1709,XDCE,3871,3848,3906,123446,4780161460,234524,235418,4048,3664,3856,3861,0,3866,0,0,0,2017-04-17,32540409,3870,93,0,0,0,0,0,0,0,0,3871,7,0,0,0,0,0,0,0,0
271,2017-04-17,09:02:20,916,a1709,XDCE,3871,3848,3906,123450,4780316300,234524,235418,4048,3664,3856,3861,0,3866,0,0,0,2017-04-17,32540916,3870,92,0,0,0,0,0,0,0,0,3871,9,0,0,0,0,0,0,0,0
272,2017-04-17,09:02:21,376,a1709,XDCE,3871,3848,3906,123450,4780316300,234524,235418,4048,3664,3856,3861,0,3866,0,0,0,2017-04-17,32541376,3870,92,0,0,0,0,0,0,0,0,3871,15,0,0,0,0,0,0,0,0
273,2017-04-17,09:02:21,923,a1709,XDCE,3871,3848,3906,123450,4780316300,234524,235418,4048,3664,3856,3861,0,3866,0,0,0,2017-04-17,32541923,3870,92,0,0,0,0,0,0,0,0,3871,16,0,0,0,0,0,0,0,0
274,2017-04-17,09:02:22,361,a1709,XDCE,3871,3848,3906,123452,4780393720,234524,235418,4048,3664,3856,3861,0,3866,0,0,0,2017-04-17,32542361,3870,92,0,0,0,0,0,0,0,0,3871,16,0,0,0,0,0,0,0,0
275,2017-04-17,09:02:22,832,a1709,XDCE,3870,3848,3906,123454,4780471120,234526,235418,4048,3664,3856,3861,0,3866,0,0,0,2017-04-17,32542832,3870,91,0,0,0,0,0,0,0,0,3871,18,0,0,0,0,0,0,0,0
276,2017-04-17,09:02:23,334,a1709,XDCE,3871,3848,3906,123456,4780548540,234526,235418,4048,3664,3856,3861,0,3866,0,0,0,2017-04-17,32543334,3870,91,0,0,0,0,0,0,0,0,3871,17,0,0,0,0,0,0,0,0
277,2017-04-17,09:02:23,822,a1709,XDCE,3871,3848,3906,123458,4780625960,234526,235418,4048,3664,3856,3861,0,3866,0,0,0,2017-04-17,32543822,3870,91,0,0,0,0,0,0,0,0,3871,16,0,0,0,0,0,0,0,0
278,2017-04-17,09:02:24,850,a1709,XDCE,3871,3848,3906,123460,4780703380,234526,235418,4048,3664,3856,3861,0,3866,0,0,0,2017-04-17,32544850,3870,91,0,0,0,0,0,0,0,0,3871,15,0,0,0,0,0,0,0,0
279,2017-04-17,09:02:25,427,a1709,XDCE,3871,3848,3906,123494,4782019520,234506,235418,4048,3664,3856,3861,0,3866,0,0,0,2017-04-17,32545427,3871,9,0,0,0,0,0,0,0,0,3872,11,0,0,0,0,0,0,0,0
280,2017-04-17,09:02:25,812,a1709,XDCE,3872,3848,3906,123520,4783026080,234524,235418,4048,3664,3856,3861,0,3866,0,0,0,2017-04-17,32545812,3871,8,0,0,0,0,0,0,0,0,3872,5,0,0,0,0,0,0,0,0
281,2017-04-17,09:02:26,420,a1709,XDCE,3871,3848,3906,123536,4783645440,234526,235418,4048,3664,3856,3861,0,3866,0,0,0,2017-04-17,32546420,3871,4,0,0,0,0,0,0,0,0,3872,7,0,0,0,0,0,0,0,0
282,2017-04-17,09:02:26,804,a1709,XDCE,3871,3848,3906,123540,4783800280,234526,235418,4048,3664,3856,3861,0,3866,0,0,0,2017-04-17,32546804,3871,5,0,0,0,0,0,0,0,0,3872,7,0,0,0,0,0,0,0,0
283,2017-04-17,09:02:27,314,a1709,XDCE,3871,3848,3906,123554,4784342220,234520,235418,4048,3664,3856,3861,0,3866,0,0,0,2017-04-17,32547314,3870,89,0,0,0,0,0,0,0,0,3872,8,0,0,0,0,0,0,0,0
284,2017-04-17,09:02:27,881,a1709,XDCE,3870,3848,3906,123572,4785038820,234518,235418,4048,3664,3856,3861,0,3866,0,0,0,2017-04-17,32547881,3870,80,0,0,0,0,0,0,0,0,3871,1,0,0,0,0,0,0,0,0
285,2017-04-17,09:02:28,290,a1709,XDCE,3870,3848,3906,123572,4785038820,234518,235418,4048,3664,3856,3861,0,3866,0,0,0,2017-04-17,32548290,3870,80,0,0,0,0,0,0,0,0,3871,3,0,0,0,0,0,0,0,0
286,2017-04-17,09:02:28,915,a1709,XDCE,3870,3848,3906,123572,4785038820,234518,235418,4048,3664,3856,3861,0,3866,0,0,0,2017-04-17,32548915,3870,80,0,0,0,0,0,0,0,0,3871,13,0,0,0,0,0,0,0,0
287,2017-04-17,09:02:29,917,a1709,XDCE,3871,3848,3906,123574,4785116240,234518,235418,4048,3664,3856,3861,0,3866,0,0,0,2017-04-17,32549917,3870,80,0,0,0,0,0,0,0,0,3871,12,0,0,0,0,0,0,0,0
288,2017-04-17,09:02:30,344,a1709,XDCE,3871,3848,3906,123574,4785116240,234518,235418,4048,3664,3856,3861,0,3866,0,0,0,2017-04-17,32550344,3870,81,0,0,0,0,0,0,0,0,3871,13,0,0,0,0,0,0,0,0
289,2017-04-17,09:02:30,847,a1709,XDCE,3870,3848,3906,123582,4785425900,234516,235418,4048,3664,3856,3861,0,3866,0,0,0,2017-04-17,32550847,3870,80,0,0,0,0,0,0,0,0,3871,10,0,0,0,0,0,0,0,0
290,2017-04-17,09:02:31,411,a1709,XDCE,3870,3848,3906,123582,4785425900,234516,235418,4048,3664,3856,3861,0,3866,0,0,0,2017-04-17,32551411,3870,80,0,0,0,0,0,0,0,0,3871,12,0,0,0,0,0,0,0,0
291,2017-04-17,09:02:31,900,a1709,XDCE,3871,3848,3906,123606,4786354940,234502,235418,4048,3664,3856,3861,0,3866,0,0,0,2017-04-17,32551900,3871,30,0,0,0,0,0,0,0,0,3872,13,0,0,0,0,0,0,0,0
292,2017-04-17,09:02:32,415,a1709,XDCE,3871,3848,3906,123606,4786354940,234502,235418,4048,3664,3856,3861,0,3866,0,0,0,2017-04-17,32552415,3871,27,0,0,0,0,0,0,0,0,3872,16,0,0,0,0,0,0,0,0
293,2017-04-17,09:02:32,909,a1709,XDCE,3871,3848,3906,123606,4786354940,234502,235418,4048,3664,3856,3861,0,3866,0,0,0,2017-04-17,32552909,3871,27,0,0,0,0,0,0,0,0,3872,17,0,0,0,0,0,0,0,0
294,2017-04-17,09:02:33,898,a1709,XDCE,3871,3848,3906,123674,4788987440,234496,235418,4048,3664,3856,3861,0,3866,0,0,0,2017-04-17,32553898,3871,14,0,0,0,0,0,0,0,0,3872,6,0,0,0,0,0,0,0,0
295,2017-04-17,09:02:34,325,a1709,XDCE,3872,3848,3906,123684,4789374640,234498,235418,4048,3664,3856,3861,0,3866,0,0,0,2017-04-17,32554325,3871,18,0,0,0,0,0,0,0,0,3872,1,0,0,0,0,0,0,0,0
296,2017-04-17,09:02:34,686,a1709,XDCE,3872,3848,3906,123686,4789452080,234498,235418,4048,3664,3856,3861,0,3866,0,0,0,2017-04-17,32554686,3871,18,0,0,0,0,0,0,0,0,3873,23,0,0,0,0,0,0,0,0
297,2017-04-17,09:02:35,369,a1709,XDCE,3871,3848,3906,123690,4789606920,234500,235418,4048,3664,3856,3861,0,3866,0,0,0,2017-04-17,32555369,3871,17,0,0,0,0,0,0,0,0,3872,1,0,0,0,0,0,0,0,0
298,2017-04-17,09:02:35,913,a1709,XDCE,3871,3848,3906,123694,4789761780,234500,235418,4048,3664,3856,3861,0,3866,0,0,0,2017-04-17,32555913,3871,16,0,0,0,0,0,0,0,0,3873,23,0,0,0,0,0,0,0,0
299,2017-04-17,09:02:36,427,a1709,XDCE,3871,3848,3906,123694,4789761780,234500,235418,4048,3664,3856,3861,0,3866,0,0,0,2017-04-17,32556427,3871,16,0,0,0,0,0,0,0,0,3872,2,0,0,0,0,0,0,0,0
300,2017-04-17,09:02:36,794,a1709,XDCE,3872,3848,3906,123698,4789916660,234500,235418,4048,3664,3856,3861,0,3866,0,0,0,2017-04-17,32556794,3872,8,0,0,0,0,0,0,0,0,3873,23,0,0,0,0,0,0,0,0
301,2017-04-17,09:02:37,356,a1709,XDCE,3872,3848,3906,123700,4789994100,234500,235418,4048,3664,3856,3861,0,3866,0,0,0,2017-04-17,32557356,3872,10,0,0,0,0,0,0,0,0,3873,13,0,0,0,0,0,0,0,0
302,2017-04-17,09:02:37,899,a1709,XDCE,3872,3848,3906,123704,4790148980,234500,235418,4048,3664,3856,3861,0,3866,0,0,0,2017-04-17,32557899,3872,8,0,0,0,0,0,0,0,0,3873,13,0,0,0,0,0,0,0,0
303,2017-04-17,09:02:38,390,a1709,XDCE,3872,3848,3906,123706,4790226420,234502,235418,4048,3664,3856,3861,0,3866,0,0,0,2017-04-17,32558390,3872,6,0,0,0,0,0,0,0,0,3873,13,0,0,0,0,0,0,0,0
304,2017-04-17,09:02:38,834,a1709,XDCE,3872,3848,3906,123706,4790226420,234502,235418,4048,3664,3856,3861,0,3866,0,0,0,2017-04-17,32558834,3872,3,0,0,0,0,0,0,0,0,3873,16,0,0,0,0,0,0,0,0
305,2017-04-17,09:02:39,390,a1709,XDCE,3872,3848,3906,123706,4790226420,234502,235418,4048,3664,3856,3861,0,3866,0,0,0,2017-04-17,32559390,3872,3,0,0,0,0,0,0,0,0,3873,18,0,0,0,0,0,0,0,0
306,2017-04-17,09:02:39,884,a1709,XDCE,3872,3848,3906,123710,4790381320,234502,235418,4048,3664,3856,3861,0,3866,0,0,0,2017-04-17,32559884,3872,2,0,0,0,0,0,0,0,0,3873,19,0,0,0,0,0,0,0,0
307,2017-04-17,09:02:40,919,a1709,XDCE,3873,3848,3906,123724,4790923540,234502,235418,4048,3664,3856,3861,0,3866,0,0,0,2017-04-17,32560919,3872,5,0,0,0,0,0,0,0,0,3873,7,0,0,0,0,0,0,0,0
308,2017-04-17,09:02:41,430,a1709,XDCE,3873,3848,3906,123740,4791543200,234508,235418,4048,3664,3856,3861,0,3866,0,0,0,2017-04-17,32561430,3872,11,0,0,0,0,0,0,0,0,3874,20,0,0,0,0,0,0,0,0
309,2017-04-17,09:02:41,924,a1709,XDCE,3872,3848,3906,123770,4792704800,234506,235418,4048,3664,3856,3861,0,3866,0,0,0,2017-04-17,32561924,3872,6,0,0,0,0,0,0,0,0,3874,17,0,0,0,0,0,0,0,0
310,2017-04-17,09:02:42,288,a1709,XDCE,3873,3848,3906,123774,4792859720,234504,235418,4048,3664,3856,3861,0,3866,0,0,0,2017-04-17,32562288,3873,18,0,0,0,0,0,0,0,0,3874,13,0,0,0,0,0,0,0,0
311,2017-04-17,09:02:42,914,a1709,XDCE,3874,3848,3906,123780,4793092160,234504,235418,4048,3664,3856,3861,0,3866,0,0,0,2017-04-17,32562914,3873,19,0,0,0,0,0,0,0,0,3874,10,0,0,0,0,0,0,0,0
312,2017-04-17,09:02:43,420,a1709,XDCE,3873,3848,3906,123796,4793711840,234488,235418,4048,3664,3856,3861,0,3866,0,0,0,2017-04-17,32563420,3873,11,0,0,0,0,0,0,0,0,3874,13,0,0,0,0,0,0,0,0
313,2017-04-17,09:02:43,925,a1709,XDCE,3874,3848,3906,123804,4794021760,234488,235418,4048,3664,3856,3861,0,3866,0,0,0,2017-04-17,32563925,3873,11,0,0,0,0,0,0,0,0,3874,9,0,0,0,0,0,0,0,0
314,2017-04-17,09:02:45,353,a1709,XDCE,3874,3848,3906,123804,4794021760,234488,235418,4048,3664,3856,3861,0,3866,0,0,0,2017-04-17,32565353,3873,11,0,0,0,0,0,0,0,0,3874,10,0,0,0,0,0,0,0,0
315,2017-04-17,09:02:45,916,a1709,XDCE,3874,3848,3906,123814,4794409160,234498,235418,4048,3664,3856,3861,0,3866,0,0,0,2017-04-17,32565916,3873,11,0,0,0,0,0,0,0,0,3874,5,0,0,0,0,0,0,0,0
316,2017-04-17,09:02:46,386,a1709,XDCE,3874,3848,3906,123816,4794486640,234496,235418,4048,3664,3856,3861,0,3866,0,0,0,2017-04-17,32566386,3873,11,0,0,0,0,0,0,0,0,3874,7,0,0,0,0,0,0,0,0
317,2017-04-17,09:02:48,294,a1709,XDCE,3874,3848,3906,123820,4794641600,234498,235418,4048,3664,3856,3861,0,3866,0,0,0,2017-04-17,32568294,3873,11,0,0,0,0,0,0,0,0,3874,8,0,0,0,0,0,0,0,0
318,2017-04-17,09:02:48,928,a1709,XDCE,3874,3848,3906,123824,4794796560,234498,235418,4048,3664,3856,3861,0,3866,0,0,0,2017-04-17,32568928,3873,11,0,0,0,0,0,0,0,0,3874,6,0,0,0,0,0,0,0,0
319,2017-04-17,09:02:49,922,a1709,XDCE,3874,3848,3906,123824,4794796560,234498,235418,4048,3664,3856,3861,0,3866,0,0,0,2017-04-17,32569922,3873,11,0,0,0,0,0,0,0,0,3874,11,0,0,0,0,0,0,0,0
320,2017-04-17,09:02:50,294,a1709,XDCE,3874,3848,3906,123828,4794951520,234498,235418,4048,3664,3856,3861,0,3866,0,0,0,2017-04-17,32570294,3873,11,0,0,0,0,0,0,0,0,3874,9,0,0,0,0,0,0,0,0
321,2017-04-17,09:02:50,857,a1709,XDCE,3874,3848,3906,123836,4795261420,234496,235418,4048,3664,3856,3861,0,3866,0,0,0,2017-04-17,32570857,3873,10,0,0,0,0,0,0,0,0,3874,8,0,0,0,0,0,0,0,0
322,2017-04-17,09:02:51,320,a1709,XDCE,3874,3848,3906,123838,4795338900,234496,235418,4048,3664,3856,3861,0,3866,0,0,0,2017-04-17,32571320,3873,10,0,0,0,0,0,0,0,0,3874,7,0,0,0,0,0,0,0,0
323,2017-04-17,09:02:51,848,a1709,XDCE,3874,3848,3906,123838,4795338900,234496,235418,4048,3664,3856,3861,0,3866,0,0,0,2017-04-17,32571848,3873,10,0,0,0,0,0,0,0,0,3874,8,0,0,0,0,0,0,0,0
324,2017-04-17,09:02:52,385,a1709,XDCE,3874,3848,3906,123842,4795493860,234496,235418,4048,3664,3856,3861,0,3866,0,0,0,2017-04-17,32572385,3873,11,0,0,0,0,0,0,0,0,3874,6,0,0,0,0,0,0,0,0
325,2017-04-17,09:02:52,805,a1709,XDCE,3874,3848,3906,123842,4795493860,234496,235418,4048,3664,3856,3861,0,3866,0,0,0,2017-04-17,32572805,3873,11,0,0,0,0,0,0,0,0,3874,4,0,0,0,0,0,0,0,0
326,2017-04-17,09:02:53,422,a1709,XDCE,3874,3848,3906,123848,4795726300,234496,235418,4048,3664,3856,3861,0,3866,0,0,0,2017-04-17,32573422,3874,3,0,0,0,0,0,0,0,0,3875,39,0,0,0,0,0,0,0,0
327,2017-04-17,09:02:53,790,a1709,XDCE,3874,3848,3906,123848,4795726300,234496,235418,4048,3664,3856,3861,0,3866,0,0,0,2017-04-17,32573790,3874,3,0,0,0,0,0,0,0,0,3875,38,0,0,0,0,0,0,0,0
328,2017-04-17,09:02:56,429,a1709,XDCE,3874,3848,3906,123848,4795726300,234496,235418,4048,3664,3856,3861,0,3866,0,0,0,2017-04-17,32576429,3874,3,0,0,0,0,0,0,0,0,3875,40,0,0,0,0,0,0,0,0
329,2017-04-17,09:02:57,412,a1709,XDCE,3875,3848,3906,123872,4796656300,234480,235418,4048,3664,3856,3861,0,3866,0,0,0,2017-04-17,32577412,3874,6,0,0,0,0,0,0,0,0,3875,28,0,0,0,0,0,0,0,0
330,2017-04-17,09:02:57,925,a1709,XDCE,3875,3848,3906,123872,4796656300,234480,235418,4048,3664,3856,3861,0,3866,0,0,0,2017-04-17,32577925,3874,11,0,0,0,0,0,0,0,0,3875,28,0,0,0,0,0,0,0,0
331,2017-04-17,09:02:58,862,a1709,XDCE,3875,3848,3906,123874,4796733800,234480,235418,4048,3664,3856,3861,0,3866,0,0,0,2017-04-17,32578862,3874,14,0,0,0,0,0,0,0,0,3875,27,0,0,0,0,0,0,0,0
332,2017-04-17,09:02:59,876,a1709,XDCE,3875,3848,3906,123874,4796733800,234480,235418,4048,3664,3856,3861,0,3866,0,0,0,2017-04-17,32579876,3874,14,0,0,0,0,0,0,0,0,3875,28,0,0,0,0,0,0,0,0
333,2017-04-17,09:03:00,866,a1709,XDCE,3875,3848,3906,123874,4796733800,234480,235418,4048,3664,3856,3861,0,3866,0,0,0,2017-04-17,32580866,3874,15,0,0,0,0,0,0,0,0,3875,28,0,0,0,0,0,0,0,0
334,2017-04-17,09:03:01,398,a1709,XDCE,3875,3848,3906,123874,4796733800,234480,235418,4048,3664,3856,3861,0,3866,0,0,0,2017-04-17,32581398,3874,14,0,0,0,0,0,0,0,0,3875,28,0,0,0,0,0,0,0,0
335,2017-04-17,09:03:01,911,a1709,XDCE,3875,3848,3906,123874,4796733800,234480,235418,4048,3664,3856,3861,0,3866,0,0,0,2017-04-17,32581911,3874,15,0,0,0,0,0,0,0,0,3875,28,0,0,0,0,0,0,0,0
336,2017-04-17,09:03:02,427,a1709,XDCE,3875,3848,3906,123876,4796811300,234480,235418,4048,3664,3856,3861,0,3866,0,0,0,2017-04-17,32582427,3874,15,0,0,0,0,0,0,0,0,3875,27,0,0,0,0,0,0,0,0
337,2017-04-17,09:03:03,426,a1709,XDCE,3874,3848,3906,123892,4797431280,234482,235418,4048,3664,3856,3861,0,3866,0,0,0,2017-04-17,32583426,3874,14,0,0,0,0,0,0,0,0,3875,20,0,0,0,0,0,0,0,0
338,2017-04-17,09:03:03,881,a1709,XDCE,3875,3848,3906,123932,4798981280,234444,235418,4048,3664,3856,3861,0,3866,0,0,0,2017-04-17,32583881,3875,5,0,0,0,0,0,0,0,0,3876,19,0,0,0,0,0,0,0,0
339,2017-04-17,09:03:04,393,a1709,XDCE,3875,3848,3906,123932,4798981280,234444,235418,4048,3664,3856,3861,0,3866,0,0,0,2017-04-17,32584393,3875,19,0,0,0,0,0,0,0,0,3876,8,0,0,0,0,0,0,0,0
340,2017-04-17,09:03:04,873,a1709,XDCE,3875,3848,3906,123934,4799058780,234442,235418,4048,3664,3856,3861,0,3866,0,0,0,2017-04-17,32584873,3875,18,0,0,0,0,0,0,0,0,3876,8,0,0,0,0,0,0,0,0
341,2017-04-17,09:03:05,427,a1709,XDCE,3875,3848,3906,123964,4800221280,234434,235418,4048,3664,3856,3861,0,3866,0,0,0,2017-04-17,32585427,3875,4,0,0,0,0,0,0,0,0,3876,8,0,0,0,0,0,0,0,0
342,2017-04-17,09:03:05,907,a1709,XDCE,3875,3848,3906,123974,4800608780,234432,235418,4048,3664,3856,3861,0,3866,0,0,0,2017-04-17,32585907,3874,18,0,0,0,0,0,0,0,0,3875,3,0,0,0,0,0,0,0,0
343,2017-04-17,09:03:06,403,a1709,XDCE,3875,3848,3906,123974,4800608780,234432,235418,4048,3664,3856,3861,0,3866,0,0,0,2017-04-17,32586403,3874,19,0,0,0,0,0,0,0,0,3875,3,0,0,0,0,0,0,0,0
344,2017-04-17,09:03:06,852,a1709,XDCE,3875,3848,3906,123974,4800608780,234432,235418,4048,3664,3856,3861,0,3866,0,0,0,2017-04-17,32586852,3874,19,0,0,0,0,0,0,0,0,3875,4,0,0,0,0,0,0,0,0
345,2017-04-17,09:03:07,315,a1709,XDCE,3874,3848,3906,123976,4800686260,234432,235418,4048,3664,3856,3861,0,3866,0,0,0,2017-04-17,32587315,3874,18,0,0,0,0,0,0,0,0,3875,6,0,0,0,0,0,0,0,0
346,2017-04-17,09:03:10,386,a1709,XDCE,3875,3848,3906,123978,4800763760,234432,235418,4048,3664,3856,3861,0,3866,0,0,0,2017-04-17,32590386,3874,18,0,0,0,0,0,0,0,0,3875,5,0,0,0,0,0,0,0,0
347,2017-04-17,09:03:10,867,a1709,XDCE,3875,3848,3906,123984,4800996260,234432,235418,4048,3664,3856,3861,0,3866,0,0,0,2017-04-17,32590867,3874,18,0,0,0,0,0,0,0,0,3875,2,0,0,0,0,0,0,0,0
348,2017-04-17,09:03:11,405,a1709,XDCE,3875,3848,3906,123984,4800996260,234432,235418,4048,3664,3856,3861,0,3866,0,0,0,2017-04-17,32591405,3874,19,0,0,0,0,0,0,0,0,3876,17,0,0,0,0,0,0,0,0
349,2017-04-17,09:03:11,857,a1709,XDCE,3874,3848,3906,124020,4802390900,234466,235418,4048,3664,3856,3861,0,3866,0,0,0,2017-04-17,32591857,3873,23,0,0,0,0,0,0,0,0,3876,18,0,0,0,0,0,0,0,0
350,2017-04-17,09:03:12,409,a1709,XDCE,3874,3848,3906,124024,4802545860,234466,235418,4048,3664,3856,3861,0,3866,0,0,0,2017-04-17,32592409,3873,22,0,0,0,0,0,0,0,0,3875,15,0,0,0,0,0,0,0,0
351,2017-04-17,09:03:13,394,a1709,XDCE,3874,3848,3906,124024,4802545860,234466,235418,4048,3664,3856,3861,0,3866,0,0,0,2017-04-17,32593394,3873,22,0,0,0,0,0,0,0,0,3875,16,0,0,0,0,0,0,0,0
352,2017-04-17,09:03:13,793,a1709,XDCE,3875,3848,3906,124026,4802623360,234466,235418,4048,3664,3856,3861,0,3866,0,0,0,2017-04-17,32593793,3873,22,0,0,0,0,0,0,0,0,3875,16,0,0,0,0,0,0,0,0
353,2017-04-17,09:03:14,411,a1709,XDCE,3875,3848,3906,124026,4802623360,234466,235418,4048,3664,3856,3861,0,3866,0,0,0,2017-04-17,32594411,3873,22,0,0,0,0,0,0,0,0,3875,21,0,0,0,0,0,0,0,0
354,2017-04-17,09:03:14,889,a1709,XDCE,3874,3848,3906,124038,4803088260,234466,235418,4048,3664,3856,3861,0,3866,0,0,0,2017-04-17,32594889,3873,22,0,0,0,0,0,0,0,0,3874,17,0,0,0,0,0,0,0,0
355,2017-04-17,09:03:15,369,a1709,XDCE,3874,3848,3906,124048,4803475660,234456,235418,4048,3664,3856,3861,0,3866,0,0,0,2017-04-17,32595369,3873,19,0,0,0,0,0,0,0,0,3874,12,0,0,0,0,0,0,0,0
356,2017-04-17,09:03:15,909,a1709,XDCE,3874,3848,3906,124052,4803630620,234456,235418,4048,3664,3856,3861,0,3866,0,0,0,2017-04-17,32595909,3873,20,0,0,0,0,0,0,0,0,3874,13,0,0,0,0,0,0,0,0
357,2017-04-17,09:03:16,398,a1709,XDCE,3873,3848,3906,124054,4803708080,234454,235418,4048,3664,3856,3861,0,3866,0,0,0,2017-04-17,32596398,3873,19,0,0,0,0,0,0,0,0,3874,14,0,0,0,0,0,0,0,0
358,2017-04-17,09:03:16,836,a1709,XDCE,3874,3848,3906,124060,4803940520,234456,235418,4048,3664,3856,3861,0,3866,0,0,0,2017-04-17,32596836,3873,18,0,0,0,0,0,0,0,0,3874,31,0,0,0,0,0,0,0,0
359,2017-04-17,09:03:18,207,a1709,XDCE,3873,3848,3906,124062,4804017980,234456,235418,4048,3664,3856,3861,0,3866,0,0,0,2017-04-17,32598207,3873,18,0,0,0,0,0,0,0,0,3874,31,0,0,0,0,0,0,0,0
360,2017-04-17,09:03:18,844,a1709,XDCE,3873,3848,3906,124066,4804172900,234452,235418,4048,3664,3856,3861,0,3866,0,0,0,2017-04-17,32598844,3873,16,0,0,0,0,0,0,0,0,3874,32,0,0,0,0,0,0,0,0
361,2017-04-17,09:03:19,423,a1709,XDCE,3873,3848,3906,124066,4804172900,234452,235418,4048,3664,3856,3861,0,3866,0,0,0,2017-04-17,32599423,3873,16,0,0,0,0,0,0,0,0,3874,33,0,0,0,0,0,0,0,0
362,2017-04-17,09:03:19,915,a1709,XDCE,3873,3848,3906,124066,4804172900,234452,235418,4048,3664,3856,3861,0,3866,0,0,0,2017-04-17,32599915,3873,16,0,0,0,0,0,0,0,0,3874,34,0,0,0,0,0,0,0,0
363,2017-04-17,09:03:20,921,a1709,XDCE,3873,3848,3906,124066,4804172900,234452,235418,4048,3664,3856,3861,0,3866,0,0,0,2017-04-17,32600921,3873,16,0,0,0,0,0,0,0,0,3874,17,0,0,0,0,0,0,0,0
364,2017-04-17,09:03:21,425,a1709,XDCE,3873,3848,3906,124068,4804250360,234450,235418,4048,3664,3856,3861,0,3866,0,0,0,2017-04-17,32601425,3873,15,0,0,0,0,0,0,0,0,3874,36,0,0,0,0,0,0,0,0
365,2017-04-17,09:03:21,788,a1709,XDCE,3873,3848,3906,124068,4804250360,234450,235418,4048,3664,3856,3861,0,3866,0,0,0,2017-04-17,32601788,3873,17,0,0,0,0,0,0,0,0,3874,36,0,0,0,0,0,0,0,0
366,2017-04-17,09:03:22,393,a1709,XDCE,3873,3848,3906,124070,4804327820,234448,235418,4048,3664,3856,3861,0,3866,0,0,0,2017-04-17,32602393,3873,16,0,0,0,0,0,0,0,0,3874,36,0,0,0,0,0,0,0,0
367,2017-04-17,09:03:22,869,a1709,XDCE,3873,3848,3906,124072,4804405280,234446,235418,4048,3664,3856,3861,0,3866,0,0,0,2017-04-17,32602869,3873,15,0,0,0,0,0,0,0,0,3874,20,0,0,0,0,0,0,0,0
368,2017-04-17,09:03:23,900,a1709,XDCE,3873,3848,3906,124072,4804405280,234446,235418,4048,3664,3856,3861,0,3866,0,0,0,2017-04-17,32603900,3873,29,0,0,0,0,0,0,0,0,3874,20,0,0,0,0,0,0,0,0
369,2017-04-17,09:03:24,368,a1709,XDCE,3873,3848,3906,124072,4804405280,234446,235418,4048,3664,3856,3861,0,3866,0,0,0,2017-04-17,32604368,3873,31,0,0,0,0,0,0,0,0,3874,18,0,0,0,0,0,0,0,0
370,2017-04-17,09:03:24,777,a1709,XDCE,3873,3848,3906,124074,4804482740,234444,235418,4048,3664,3856,3861,0,3866,0,0,0,2017-04-17,32604777,3873,30,0,0,0,0,0,0,0,0,3874,18,0,0,0,0,0,0,0,0
371,2017-04-17,09:03:25,926,a1709,XDCE,3874,3848,3906,124092,4805180060,234444,235418,4048,3664,3856,3861,0,3866,0,0,0,2017-04-17,32605926,3873,30,0,0,0,0,0,0,0,0,3874,9,0,0,0,0,0,0,0,0
372,2017-04-17,09:03:26,924,a1709,XDCE,3874,3848,3906,124094,4805257540,234444,235418,4048,3664,3856,3861,0,3866,0,0,0,2017-04-17,32606924,3873,31,0,0,0,0,0,0,0,0,3874,27,0,0,0,0,0,0,0,0
373,2017-04-17,09:03:27,342,a1709,XDCE,3874,3848,3906,124106,4805722420,234444,235418,4048,3664,3856,3861,0,3866,0,0,0,2017-04-17,32607342,3873,38,0,0,0,0,0,0,0,0,3874,22,0,0,0,0,0,0,0,0
374,2017-04-17,09:03:28,374,a1709,XDCE,3873,3848,3906,124108,4805799880,234442,235418,4048,3664,3856,3861,0,3866,0,0,0,2017-04-17,32608374,3873,37,0,0,0,0,0,0,0,0,3874,22,0,0,0,0,0,0,0,0
375,2017-04-17,09:03:28,879,a1709,XDCE,3873,3848,3906,124108,4805799880,234442,235418,4048,3664,3856,3861,0,3866,0,0,0,2017-04-17,32608879,3873,40,0,0,0,0,0,0,0,0,3874,22,0,0,0,0,0,0,0,0
376,2017-04-17,09:03:29,849,a1709,XDCE,3873,3848,3906,124108,4805799880,234442,235418,4048,3664,3856,3861,0,3866,0,0,0,2017-04-17,32609849,3873,41,0,0,0,0,0,0,0,0,3874,6,0,0,0,0,0,0,0,0
377,2017-04-17,09:03:30,408,a1709,XDCE,3874,3848,3906,124110,4805877360,234444,235418,4048,3664,3856,3861,0,3866,0,0,0,2017-04-17,32610408,3873,41,0,0,0,0,0,0,0,0,3874,7,0,0,0,0,0,0,0,0
378,2017-04-17,09:03:30,908,a1709,XDCE,3874,3848,3906,124116,4806109760,234444,235418,4048,3664,3856,3861,0,3866,0,0,0,2017-04-17,32610908,3873,39,0,0,0,0,0,0,0,0,3874,6,0,0,0,0,0,0,0,0
379,2017-04-17,09:03:31,334,a1709,XDCE,3873,3848,3906,124124,4806419600,234448,235418,4048,3664,3856,3861,0,3866,0,0,0,2017-04-17,32611334,3873,36,0,0,0,0,0,0,0,0,3874,8,0,0,0,0,0,0,0,0
380,2017-04-17,09:03:31,918,a1709,XDCE,3874,3848,3906,124134,4806807000,234442,235418,4048,3664,3856,3861,0,3866,0,0,0,2017-04-17,32611918,3873,36,0,0,0,0,0,0,0,0,3874,13,0,0,0,0,0,0,0,0
381,2017-04-17,09:03:32,924,a1709,XDCE,3874,3848,3906,124134,4806807000,234442,235418,4048,3664,3856,3861,0,3866,0,0,0,2017-04-17,32612924,3873,36,0,0,0,0,0,0,0,0,3874,18,0,0,0,0,0,0,0,0
382,2017-04-17,09:03:33,843,a1709,XDCE,3874,3848,3906,124150,4807426840,234444,235418,4048,3664,3856,3861,0,3866,0,0,0,2017-04-17,32613843,3873,36,0,0,0,0,0,0,0,0,3874,10,0,0,0,0,0,0,0,0
383,2017-04-17,09:03:34,874,a1709,XDCE,3873,3848,3906,124156,4807659220,234444,235418,4048,3664,3856,3861,0,3866,0,0,0,2017-04-17,32614874,3873,33,0,0,0,0,0,0,0,0,3874,10,0,0,0,0,0,0,0,0
384,2017-04-17,09:03:35,333,a1709,XDCE,3873,3848,3906,124160,4807814140,234444,235418,4048,3664,3856,3861,0,3866,0,0,0,2017-04-17,32615333,3873,25,0,0,0,0,0,0,0,0,3874,13,0,0,0,0,0,0,0,0
385,2017-04-17,09:03:35,832,a1709,XDCE,3874,3848,3906,124170,4808201540,234454,235418,4048,3664,3856,3861,0,3866,0,0,0,2017-04-17,32615832,3873,25,0,0,0,0,0,0,0,0,3874,8,0,0,0,0,0,0,0,0
386,2017-04-17,09:03:36,882,a1709,XDCE,3874,3848,3906,124180,4808588940,234460,235418,4048,3664,3856,3861,0,3866,0,0,0,2017-04-17,32616882,3873,24,0,0,0,0,0,0,0,0,3874,3,0,0,0,0,0,0,0,0
387,2017-04-17,09:03:37,423,a1709,XDCE,3874,3848,3906,124180,4808588940,234460,235418,4048,3664,3856,3861,0,3866,0,0,0,2017-04-17,32617423,3873,24,0,0,0,0,0,0,0,0,3874,7,0,0,0,0,0,0,0,0
388,2017-04-17,09:03:37,885,a1709,XDCE,3874,3848,3906,124180,4808588940,234460,235418,4048,3664,3856,3861,0,3866,0,0,0,2017-04-17,32617885,3873,24,0,0,0,0,0,0,0,0,3874,8,0,0,0,0,0,0,0,0
389,2017-04-17,09:03:38,341,a1709,XDCE,3873,3848,3906,124228,4810447980,234458,235418,4048,3664,3856,3861,0,3866,0,0,0,2017-04-17,32618341,3872,35,0,0,0,0,0,0,0,0,3874,31,0,0,0,0,0,0,0,0
390,2017-04-17,09:03:38,921,a1709,XDCE,3873,3848,3906,124228,4810447980,234458,235418,4048,3664,3856,3861,0,3866,0,0,0,2017-04-17,32618921,3872,32,0,0,0,0,0,0,0,0,3873,12,0,0,0,0,0,0,0,0
391,2017-04-17,09:03:39,425,a1709,XDCE,3872,3848,3906,124292,4812926060,234474,235418,4048,3664,3856,3861,0,3866,0,0,0,2017-04-17,32619425,3871,65,0,0,0,0,0,0,0,0,3872,7,0,0,0,0,0,0,0,0
392,2017-04-17,09:03:39,792,a1709,XDCE,3872,3848,3906,124292,4812926060,234474,235418,4048,3664,3856,3861,0,3866,0,0,0,2017-04-17,32619792,3871,63,0,0,0,0,0,0,0,0,3872,10,0,0,0,0,0,0,0,0
393,2017-04-17,09:03:40,288,a1709,XDCE,3872,3848,3906,124292,4812926060,234474,235418,4048,3664,3856,3861,0,3866,0,0,0,2017-04-17,32620288,3871,61,0,0,0,0,0,0,0,0,3872,10,0,0,0,0,0,0,0,0
394,2017-04-17,09:03:40,765,a1709,XDCE,3872,3848,3906,124300,4813235820,234482,235418,4048,3664,3856,3861,0,3866,0,0,0,2017-04-17,32620765,3871,60,0,0,0,0,0,0,0,0,3872,9,0,0,0,0,0,0,0,0
395,2017-04-17,09:03:41,412,a1709,XDCE,3872,3848,3906,124300,4813235820,234482,235418,4048,3664,3856,3861,0,3866,0,0,0,2017-04-17,32621412,3871,60,0,0,0,0,0,0,0,0,3872,8,0,0,0,0,0,0,0,0
396,2017-04-17,09:03:41,726,a1709,XDCE,3871,3848,3906,124302,4813313240,234482,235418,4048,3664,3856,3861,0,3866,0,0,0,2017-04-17,32621726,3871,59,0,0,0,0,0,0,0,0,3872,9,0,0,0,0,0,0,0,0
397,2017-04-17,09:03:42,415,a1709,XDCE,3872,3848,3906,124320,4814010200,234488,235418,4048,3664,3856,3861,0,3866,0,0,0,2017-04-17,32622415,3871,29,0,0,0,0,0,0,0,0,3873,18,0,0,0,0,0,0,0,0
398,2017-04-17,09:03:42,892,a1709,XDCE,3872,3848,3906,124326,4814242520,234494,235418,4048,3664,3856,3861,0,3866,0,0,0,2017-04-17,32622892,3871,51,0,0,0,0,0,0,0,0,3873,18,0,0,0,0,0,0,0,0
399,2017-04-17,09:03:43,384,a1709,XDCE,3872,3848,3906,124326,4814242520,234494,235418,4048,3664,3856,3861,0,3866,0,0,0,2017-04-17,32623384,3871,51,0,0,0,0,0,0,0,0,3872,5,0,0,0,0,0,0,0,0
400,2017-04-17,09:03:43,878,a1709,XDCE,3872,3848,3906,124328,4814319960,234496,235418,4048,3664,3856,3861,0,3866,0,0,0,2017-04-17,32623878,3871,51,0,0,0,0,0,0,0,0,3872,7,0,0,0,0,0,0,0,0
401,2017-04-17,09:03:44,411,a1709,XDCE,3872,3848,3906,124346,4815016760,234498,235418,4048,3664,3856,3861,0,3866,0,0,0,2017-04-17,32624411,3871,43,0,0,0,0,0,0,0,0,3872,6,0,0,0,0,0,0,0,0
402,2017-04-17,09:03:44,911,a1709,XDCE,3872,3848,3906,124346,4815016760,234498,235418,4048,3664,3856,3861,0,3866,0,0,0,2017-04-17,32624911,3871,43,0,0,0,0,0,0,0,0,3872,3,0,0,0,0,0,0,0,0
403,2017-04-17,09:03:45,384,a1709,XDCE,3871,3848,3906,124358,4815481280,234490,235418,4048,3664,3856,3861,0,3866,0,0,0,2017-04-17,32625384,3871,42,0,0,0,0,0,0,0,0,3872,6,0,0,0,0,0,0,0,0
404,2017-04-17,09:03:45,907,a1709,XDCE,3871,3848,3906,124402,4817184560,234514,235418,4048,3664,3856,3861,0,3866,0,0,0,2017-04-17,32625907,3870,99,0,0,0,0,0,0,0,0,3871,14,0,0,0,0,0,0,0,0
405,2017-04-17,09:03:46,381,a1709,XDCE,3871,3848,3906,124472,4819893960,234554,235418,4048,3664,3856,3861,0,3866,0,0,0,2017-04-17,32626381,3870,58,0,0,0,0,0,0,0,0,3872,14,0,0,0,0,0,0,0,0
406,2017-04-17,09:03:46,797,a1709,XDCE,3871,3848,3906,124476,4820048800,234556,235418,4048,3664,3856,3861,0,3866,0,0,0,2017-04-17,32626797,3870,58,0,0,0,0,0,0,0,0,3871,26,0,0,0,0,0,0,0,0
407,2017-04-17,09:03:47,429,a1709,XDCE,3870,3848,3906,124592,4824538000,234648,235418,4048,3664,3856,3861,0,3866,0,0,0,2017-04-17,32627429,3869,20,0,0,0,0,0,0,0,0,3870,14,0,0,0,0,0,0,0,0
408,2017-04-17,09:03:47,928,a1709,XDCE,3869,3848,3906,124632,4826085660,234644,235418,4048,3664,3856,3861,0,3866,0,0,0,2017-04-17,32627928,3868,63,0,0,0,0,0,0,0,0,3870,13,0,0,0,0,0,0,0,0
409,2017-04-17,09:03:48,424,a1709,XDCE,3868,3848,3906,124698,4828639380,234670,235418,4048,3664,3856,3861,0,3866,0,0,0,2017-04-17,32628424,3868,49,0,0,0,0,0,0,0,0,3869,1,0,0,0,0,0,0,0,0
410,2017-04-17,09:03:48,897,a1709,XDCE,3871,3848,3906,124808,4832895660,234710,235418,4048,3664,3856,3861,0,3866,0,0,0,2017-04-17,32628897,3869,2,0,0,0,0,0,0,0,0,3871,7,0,0,0,0,0,0,0,0
411,2017-04-17,09:03:49,409,a1709,XDCE,3871,3848,3906,124838,4834056880,234696,235418,4048,3664,3856,3861,0,3866,0,0,0,2017-04-17,32629409,3869,16,0,0,0,0,0,0,0,0,3872,14,0,0,0,0,0,0,0,0
412,2017-04-17,09:03:49,924,a1709,XDCE,3871,3848,3906,124838,4834056880,234696,235418,4048,3664,3856,3861,0,3866,0,0,0,2017-04-17,32629924,3870,10,0,0,0,0,0,0,0,0,3871,1,0,0,0,0,0,0,0,0
413,2017-04-17,09:03:50,408,a1709,XDCE,3870,3848,3906,124852,4834598680,234682,235418,4048,3664,3856,3861,0,3866,0,0,0,2017-04-17,32630408,3870,11,0,0,0,0,0,0,0,0,3871,2,0,0,0,0,0,0,0,0
414,2017-04-17,09:03:50,905,a1709,XDCE,3870,3848,3906,124864,4835063100,234678,235418,4048,3664,3856,3861,0,3866,0,0,0,2017-04-17,32630905,3870,9,0,0,0,0,0,0,0,0,3871,1,0,0,0,0,0,0,0,0
415,2017-04-17,09:03:51,426,a1709,XDCE,3870,3848,3906,124888,4835991900,234670,235418,4048,3664,3856,3861,0,3866,0,0,0,2017-04-17,32631426,3869,17,0,0,0,0,0,0,0,0,3870,14,0,0,0,0,0,0,0,0
416,2017-04-17,09:03:51,830,a1709,XDCE,3869,3848,3906,124918,4837152680,234654,235418,4048,3664,3856,3861,0,3866,0,0,0,2017-04-17,32631830,3869,13,0,0,0,0,0,0,0,0,3870,10,0,0,0,0,0,0,0,0
417,2017-04-17,09:03:52,373,a1709,XDCE,3869,3848,3906,124940,4838003980,234636,235418,4048,3664,3856,3861,0,3866,0,0,0,2017-04-17,32632373,3869,11,0,0,0,0,0,0,0,0,3870,7,0,0,0,0,0,0,0,0
418,2017-04-17,09:03:52,853,a1709,XDCE,3869,3848,3906,124940,4838003980,234636,235418,4048,3664,3856,3861,0,3866,0,0,0,2017-04-17,32632853,3869,11,0,0,0,0,0,0,0,0,3870,9,0,0,0,0,0,0,0,0
419,2017-04-17,09:03:53,415,a1709,XDCE,3870,3848,3906,124946,4838236180,234636,235418,4048,3664,3856,3861,0,3866,0,0,0,2017-04-17,32633415,3869,36,0,0,0,0,0,0,0,0,3870,7,0,0,0,0,0,0,0,0
420,2017-04-17,09:03:53,905,a1709,XDCE,3869,3848,3906,124952,4838468360,234634,235418,4048,3664,3856,3861,0,3866,0,0,0,2017-04-17,32633905,3869,35,0,0,0,0,0,0,0,0,3870,5,0,0,0,0,0,0,0,0
421,2017-04-17,09:03:54,365,a1709,XDCE,3870,3848,3906,124958,4838700520,234630,235418,4048,3664,3856,3861,0,3866,0,0,0,2017-04-17,32634365,3869,26,0,0,0,0,0,0,0,0,3870,6,0,0,0,0,0,0,0,0
422,2017-04-17,09:03:54,879,a1709,XDCE,3870,3848,3906,124958,4838700520,234630,235418,4048,3664,3856,3861,0,3866,0,0,0,2017-04-17,32634879,3869,26,0,0,0,0,0,0,0,0,3870,13,0,0,0,0,0,0,0,0
423,2017-04-17,09:03:55,417,a1709,XDCE,3870,3848,3906,124958,4838700520,234630,235418,4048,3664,3856,3861,0,3866,0,0,0,2017-04-17,32635417,3869,27,0,0,0,0,0,0,0,0,3870,14,0,0,0,0,0,0,0,0
424,2017-04-17,09:03:56,409,a1709,XDCE,3870,3848,3906,124962,4838855300,234630,235418,4048,3664,3856,3861,0,3866,0,0,0,2017-04-17,32636409,3869,26,0,0,0,0,0,0,0,0,3870,13,0,0,0,0,0,0,0,0
425,2017-04-17,09:03:56,805,a1709,XDCE,3869,3848,3906,124964,4838932680,234628,235418,4048,3664,3856,3861,0,3866,0,0,0,2017-04-17,32636805,3869,25,0,0,0,0,0,0,0,0,3870,13,0,0,0,0,0,0,0,0
426,2017-04-17,09:03:57,352,a1709,XDCE,3869,3848,3906,124964,4838932680,234628,235418,4048,3664,3856,3861,0,3866,0,0,0,2017-04-17,32637352,3869,25,0,0,0,0,0,0,0,0,3870,14,0,0,0,0,0,0,0,0
427,2017-04-17,09:03:57,904,a1709,XDCE,3869,3848,3906,124964,4838932680,234628,235418,4048,3664,3856,3861,0,3866,0,0,0,2017-04-17,32637904,3869,26,0,0,0,0,0,0,0,0,3870,14,0,0,0,0,0,0,0,0
428,2017-04-17,09:03:58,407,a1709,XDCE,3869,3848,3906,124968,4839087460,234630,235418,4048,3664,3856,3861,0,3866,0,0,0,2017-04-17,32638407,3869,25,0,0,0,0,0,0,0,0,3870,13,0,0,0,0,0,0,0,0
429,2017-04-17,09:03:58,897,a1709,XDCE,3870,3848,3906,124972,4839242260,234630,235418,4048,3664,3856,3861,0,3866,0,0,0,2017-04-17,32638897,3869,25,0,0,0,0,0,0,0,0,3870,11,0,0,0,0,0,0,0,0
430,2017-04-17,09:03:59,297,a1709,XDCE,3869,3848,3906,124974,4839319640,234628,235418,4048,3664,3856,3861,0,3866,0,0,0,2017-04-17,32639297,3869,25,0,0,0,0,0,0,0,0,3870,15,0,0,0,0,0,0,0,0
431,2017-04-17,09:03:59,781,a1709,XDCE,3869,3848,3906,124988,4839861300,234616,235418,4048,3664,3856,3861,0,3866,0,0,0,2017-04-17,32639781,3869,18,0,0,0,0,0,0,0,0,3870,17,0,0,0,0,0,0,0,0
432,2017-04-17,09:04:00,341,a1709,XDCE,3869,3848,3906,125024,4841254140,234604,235418,4048,3664,3856,3861,0,3866,0,0,0,2017-04-17,32640341,3868,39,0,0,0,0,0,0,0,0,3869,8,0,0,0,0,0,0,0,0
433,2017-04-17,09:04:00,859,a1709,XDCE,3869,3848,3906,125024,4841254140,234604,235418,4048,3664,3856,3861,0,3866,0,0,0,2017-04-17,32640859,3868,36,0,0,0,0,0,0,0,0,3869,11,0,0,0,0,0,0,0,0
434,2017-04-17,09:04:01,429,a1709,XDCE,3868,3848,3906,125026,4841331500,234606,235418,4048,3664,3856,3861,0,3866,0,0,0,2017-04-17,32641429,3868,35,0,0,0,0,0,0,0,0,3869,12,0,0,0,0,0,0,0,0
435,2017-04-17,09:04:01,930,a1709,XDCE,3868,3848,3906,125028,4841408860,234606,235418,4048,3664,3856,3861,0,3866,0,0,0,2017-04-17,32641930,3868,33,0,0,0,0,0,0,0,0,3869,12,0,0,0,0,0,0,0,0
436,2017-04-17,09:04:02,278,a1709,XDCE,3868,3848,3906,125036,4841718300,234606,235418,4048,3664,3856,3861,0,3866,0,0,0,2017-04-17,32642278,3868,29,0,0,0,0,0,0,0,0,3869,13,0,0,0,0,0,0,0,0
437,2017-04-17,09:04:02,924,a1709,XDCE,3869,3848,3906,125038,4841795680,234608,235418,4048,3664,3856,3861,0,3866,0,0,0,2017-04-17,32642924,3868,29,0,0,0,0,0,0,0,0,3869,12,0,0,0,0,0,0,0,0
438,2017-04-17,09:04:03,926,a1709,XDCE,3869,3848,3906,125038,4841795680,234608,235418,4048,3664,3856,3861,0,3866,0,0,0,2017-04-17,32643926,3868,29,0,0,0,0,0,0,0,0,3869,23,0,0,0,0,0,0,0,0
439,2017-04-17,09:04:04,430,a1709,XDCE,3868,3848,3906,125044,4842027780,234612,235418,4048,3664,3856,3861,0,3866,0,0,0,2017-04-17,32644430,3868,27,0,0,0,0,0,0,0,0,3869,22,0,0,0,0,0,0,0,0
440,2017-04-17,09:04:04,885,a1709,XDCE,3869,3848,3906,125046,4842105160,234614,235418,4048,3664,3856,3861,0,3866,0,0,0,2017-04-17,32644885,3868,28,0,0,0,0,0,0,0,0,3869,21,0,0,0,0,0,0,0,0
441,2017-04-17,09:04:05,421,a1709,XDCE,3869,3848,3906,125048,4842182540,234616,235418,4048,3664,3856,3861,0,3866,0,0,0,2017-04-17,32645421,3868,28,0,0,0,0,0,0,0,0,3869,19,0,0,0,0,0,0,0,0
442,2017-04-17,09:04:05,900,a1709,XDCE,3868,3848,3906,125050,4842259900,234616,235418,4048,3664,3856,3861,0,3866,0,0,0,2017-04-17,32645900,3868,29,0,0,0,0,0,0,0,0,3869,19,0,0,0,0,0,0,0,0
443,2017-04-17,09:04:06,337,a1709,XDCE,3868,3848,3906,125050,4842259900,234616,235418,4048,3664,3856,3861,0,3866,0,0,0,2017-04-17,32646337,3868,30,0,0,0,0,0,0,0,0,3869,29,0,0,0,0,0,0,0,0
444,2017-04-17,09:04:06,907,a1709,XDCE,3868,3848,3906,125054,4842414620,234616,235418,4048,3664,3856,3861,0,3866,0,0,0,2017-04-17,32646907,3868,58,0,0,0,0,0,0,0,0,3869,28,0,0,0,0,0,0,0,0
445,2017-04-17,09:04:07,393,a1709,XDCE,3868,3848,3906,125058,4842569340,234616,235418,4048,3664,3856,3861,0,3866,0,0,0,2017-04-17,32647393,3868,57,0,0,0,0,0,0,0,0,3869,28,0,0,0,0,0,0,0,0
446,2017-04-17,09:04:07,911,a1709,XDCE,3868,3848,3906,125102,4844271680,234588,235418,4048,3664,3856,3861,0,3866,0,0,0,2017-04-17,32647911,3868,56,0,0,0,0,0,0,0,0,3869,8,0,0,0,0,0,0,0,0
447,2017-04-17,09:04:08,428,a1709,XDCE,3868,3848,3906,125102,4844271680,234588,235418,4048,3664,3856,3861,0,3866,0,0,0,2017-04-17,32648428,3868,57,0,0,0,0,0,0,0,0,3869,9,0,0,0,0,0,0,0,0
448,2017-04-17,09:04:08,918,a1709,XDCE,3868,3848,3906,125106,4844426420,234586,235418,4048,3664,3856,3861,0,3866,0,0,0,2017-04-17,32648918,3868,56,0,0,0,0,0,0,0,0,3869,8,0,0,0,0,0,0,0,0
449,2017-04-17,09:04:09,415,a1709,XDCE,3868,3848,3906,125108,4844503780,234584,235418,4048,3664,3856,3861,0,3866,0,0,0,2017-04-17,32649415,3868,55,0,0,0,0,0,0,0,0,3869,8,0,0,0,0,0,0,0,0
450,2017-04-17,09:04:09,895,a1709,XDCE,3869,3848,3906,125124,4845122820,234578,235418,4048,3664,3856,3861,0,3866,0,0,0,2017-04-17,32649895,3868,56,0,0,0,0,0,0,0,0,3870,27,0,0,0,0,0,0,0,0
451,2017-04-17,09:04:10,424,a1709,XDCE,3869,3848,3906,125134,4845509760,234578,235418,4048,3664,3856,3861,0,3866,0,0,0,2017-04-17,32650424,3869,21,0,0,0,0,0,0,0,0,3870,25,0,0,0,0,0,0,0,0
452,2017-04-17,09:04:10,852,a1709,XDCE,3869,3848,3906,125148,4846051420,234590,235418,4048,3664,3856,3861,0,3866,0,0,0,2017-04-17,32650852,3869,14,0,0,0,0,0,0,0,0,3870,25,0,0,0,0,0,0,0,0
453,2017-04-17,09:04:11,351,a1709,XDCE,3869,3848,3906,125156,4846360940,234590,235418,4048,3664,3856,3861,0,3866,0,0,0,2017-04-17,32651351,3869,14,0,0,0,0,0,0,0,0,3870,25,0,0,0,0,0,0,0,0
454,2017-04-17,09:04:11,785,a1709,XDCE,3869,3848,3906,125156,4846360940,234590,235418,4048,3664,3856,3861,0,3866,0,0,0,2017-04-17,32651785,3869,26,0,0,0,0,0,0,0,0,3870,25,0,0,0,0,0,0,0,0
455,2017-04-17,09:04:12,217,a1709,XDCE,3869,3848,3906,125158,4846438320,234592,235418,4048,3664,3856,3861,0,3866,0,0,0,2017-04-17,32652217,3869,25,0,0,0,0,0,0,0,0,3870,26,0,0,0,0,0,0,0,0
456,2017-04-17,09:04:13,881,a1709,XDCE,3869,3848,3906,125158,4846438320,234592,235418,4048,3664,3856,3861,0,3866,0,0,0,2017-04-17,32653881,3869,28,0,0,0,0,0,0,0,0,3870,26,0,0,0,0,0,0,0,0
457,2017-04-17,09:04:14,302,a1709,XDCE,3869,3848,3906,125162,4846593080,234592,235418,4048,3664,3856,3861,0,3866,0,0,0,2017-04-17,32654302,3869,26,0,0,0,0,0,0,0,0,3870,28,0,0,0,0,0,0,0,0
458,2017-04-17,09:04:14,874,a1709,XDCE,3869,3848,3906,125162,4846593080,234592,235418,4048,3664,3856,3861,0,3866,0,0,0,2017-04-17,32654874,3869,26,0,0,0,0,0,0,0,0,3870,29,0,0,0,0,0,0,0,0
459,2017-04-17,09:04:15,375,a1709,XDCE,3869,3848,3906,125174,4847057360,234592,235418,4048,3664,3856,3861,0,3866,0,0,0,2017-04-17,32655375,3869,22,0,0,0,0,0,0,0,0,3870,30,0,0,0,0,0,0,0,0
460,2017-04-17,09:04:15,883,a1709,XDCE,3869,3848,3906,125180,4847289520,234588,235418,4048,3664,3856,3861,0,3866,0,0,0,2017-04-17,32655883,3869,21,0,0,0,0,0,0,0,0,3870,29,0,0,0,0,0,0,0,0
461,2017-04-17,09:04:16,427,a1709,XDCE,3870,3848,3906,125186,4847521720,234588,235418,4048,3664,3856,3861,0,3866,0,0,0,2017-04-17,32656427,3869,21,0,0,0,0,0,0,0,0,3870,29,0,0,0,0,0,0,0,0
462,2017-04-17,09:04:16,899,a1709,XDCE,3871,3848,3906,125256,4850230880,234546,235418,4048,3664,3856,3861,0,3866,0,0,0,2017-04-17,32656899,3870,28,0,0,0,0,0,0,0,0,3872,20,0,0,0,0,0,0,0,0
463,2017-04-17,09:04:17,372,a1709,XDCE,3871,3848,3906,125256,4850230880,234546,235418,4048,3664,3856,3861,0,3866,0,0,0,2017-04-17,32657372,3871,11,0,0,0,0,0,0,0,0,3872,15,0,0,0,0,0,0,0,0
464,2017-04-17,09:04:17,906,a1709,XDCE,3872,3848,3906,125276,4851005280,234534,235418,4048,3664,3856,3861,0,3866,0,0,0,2017-04-17,32657906,3872,13,0,0,0,0,0,0,0,0,3873,19,0,0,0,0,0,0,0,0
465,2017-04-17,09:04:18,424,a1709,XDCE,3873,3848,3906,125278,4851082740,234534,235418,4048,3664,3856,3861,0,3866,0,0,0,2017-04-17,32658424,3872,16,0,0,0,0,0,0,0,0,3873,23,0,0,0,0,0,0,0,0
466,2017-04-17,09:04:18,820,a1709,XDCE,3873,3848,3906,125278,4851082740,234534,235418,4048,3664,3856,3861,0,3866,0,0,0,2017-04-17,32658820,3872,16,0,0,0,0,0,0,0,0,3873,32,0,0,0,0,0,0,0,0
467,2017-04-17,09:04:19,394,a1709,XDCE,3873,3848,3906,125278,4851082740,234534,235418,4048,3664,3856,3861,0,3866,0,0,0,2017-04-17,32659394,3872,17,0,0,0,0,0,0,0,0,3873,32,0,0,0,0,0,0,0,0
468,2017-04-17,09:04:20,416,a1709,XDCE,3873,3848,3906,125280,4851160200,234536,235418,4048,3664,3856,3861,0,3866,0,0,0,2017-04-17,32660416,3872,29,0,0,0,0,0,0,0,0,3873,31,0,0,0,0,0,0,0,0
469,2017-04-17,09:04:21,366,a1709,XDCE,3872,3848,3906,125356,4854102920,234544,235418,4048,3664,3856,3861,0,3866,0,0,0,2017-04-17,32661366,3872,1,0,0,0,0,0,0,0,0,3873,31,0,0,0,0,0,0,0,0
470,2017-04-17,09:04:21,841,a1709,XDCE,3872,3848,3906,125358,4854180360,234546,235418,4048,3664,3856,3861,0,3866,0,0,0,2017-04-17,32661841,3871,13,0,0,0,0,0,0,0,0,3872,2,0,0,0,0,0,0,0,0
471,2017-04-17,09:04:22,401,a1709,XDCE,3872,3848,3906,125358,4854180360,234546,235418,4048,3664,3856,3861,0,3866,0,0,0,2017-04-17,32662401,3871,8,0,0,0,0,0,0,0,0,3872,4,0,0,0,0,0,0,0,0
472,2017-04-17,09:04:22,864,a1709,XDCE,3872,3848,3906,125358,4854180360,234546,235418,4048,3664,3856,3861,0,3866,0,0,0,2017-04-17,32662864,3871,6,0,0,0,0,0,0,0,0,3872,4,0,0,0,0,0,0,0,0
473,2017-04-17,09:04:23,372,a1709,XDCE,3872,3848,3906,125360,4854257800,234548,235418,4048,3664,3856,3861,0,3866,0,0,0,2017-04-17,32663372,3871,6,0,0,0,0,0,0,0,0,3872,5,0,0,0,0,0,0,0,0
474,2017-04-17,09:04:24,850,a1709,XDCE,3872,3848,3906,125360,4854257800,234548,235418,4048,3664,3856,3861,0,3866,0,0,0,2017-04-17,32664850,3871,11,0,0,0,0,0,0,0,0,3872,5,0,0,0,0,0,0,0,0
475,2017-04-17,09:04:25,293,a1709,XDCE,3872,3848,3906,125362,4854335240,234548,235418,4048,3664,3856,3861,0,3866,0,0,0,2017-04-17,32665293,3871,12,0,0,0,0,0,0,0,0,3872,4,0,0,0,0,0,0,0,0
476,2017-04-17,09:04:25,913,a1709,XDCE,3872,3848,3906,125366,4854490120,234552,235418,4048,3664,3856,3861,0,3866,0,0,0,2017-04-17,32665913,3871,12,0,0,0,0,0,0,0,0,3872,2,0,0,0,0,0,0,0,0
477,2017-04-17,09:04:26,425,a1709,XDCE,3872,3848,3906,125372,4854722440,234552,235418,4048,3664,3856,3861,0,3866,0,0,0,2017-04-17,32666425,3872,37,0,0,0,0,0,0,0,0,3873,26,0,0,0,0,0,0,0,0
478,2017-04-17,09:04:28,382,a1709,XDCE,3872,3848,3906,125374,4854799880,234550,235418,4048,3664,3856,3861,0,3866,0,0,0,2017-04-17,32668382,3872,36,0,0,0,0,0,0,0,0,3873,26,0,0,0,0,0,0,0,0
479,2017-04-17,09:04:28,929,a1709,XDCE,3872,3848,3906,125382,4855109640,234542,235418,4048,3664,3856,3861,0,3866,0,0,0,2017-04-17,32668929,3872,32,0,0,0,0,0,0,0,0,3873,25,0,0,0,0,0,0,0,0
480,2017-04-17,09:04:29,375,a1709,XDCE,3872,3848,3906,125400,4855806600,234540,235418,4048,3664,3856,3861,0,3866,0,0,0,2017-04-17,32669375,3872,23,0,0,0,0,0,0,0,0,3873,25,0,0,0,0,0,0,0,0
481,2017-04-17,09:04:29,930,a1709,XDCE,3873,3848,3906,125408,4856116420,234546,235418,4048,3664,3856,3861,0,3866,0,0,0,2017-04-17,32669930,3872,23,0,0,0,0,0,0,0,0,3873,22,0,0,0,0,0,0,0,0
482,2017-04-17,09:04:30,247,a1709,XDCE,3873,3848,3906,125408,4856116420,234546,235418,4048,3664,3856,3861,0,3866,0,0,0,2017-04-17,32670247,3872,23,0,0,0,0,0,0,0,0,3873,23,0,0,0,0,0,0,0,0
483,2017-04-17,09:04:30,928,a1709,XDCE,3873,3848,3906,125450,4857743080,234560,235418,4048,3664,3856,3861,0,3866,0,0,0,2017-04-17,32670928,3872,24,0,0,0,0,0,0,0,0,3873,5,0,0,0,0,0,0,0,0
484,2017-04-17,09:04:31,384,a1709,XDCE,3873,3848,3906,125460,4858130380,234564,235418,4048,3664,3856,3861,0,3866,0,0,0,2017-04-17,32671384,3873,2,0,0,0,0,0,0,0,0,3874,48,0,0,0,0,0,0,0,0
485,2017-04-17,09:04:31,919,a1709,XDCE,3874,3848,3906,125462,4858207860,234566,235418,4048,3664,3856,3861,0,3866,0,0,0,2017-04-17,32671919,3873,2,0,0,0,0,0,0,0,0,3874,44,0,0,0,0,0,0,0,0
486,2017-04-17,09:04:32,387,a1709,XDCE,3873,3848,3906,125466,4858362780,234568,235418,4048,3664,3856,3861,0,3866,0,0,0,2017-04-17,32672387,3872,25,0,0,0,0,0,0,0,0,3874,44,0,0,0,0,0,0,0,0
487,2017-04-17,09:04:32,857,a1709,XDCE,3873,3848,3906,125468,4858440240,234568,235418,4048,3664,3856,3861,0,3866,0,0,0,2017-04-17,32672857,3872,25,0,0,0,0,0,0,0,0,3874,44,0,0,0,0,0,0,0,0
488,2017-04-17,09:04:33,429,a1709,XDCE,3872,3848,3906,125470,4858517680,234566,235418,4048,3664,3856,3861,0,3866,0,0,0,2017-04-17,32673429,3872,26,0,0,0,0,0,0,0,0,3874,44,0,0,0,0,0,0,0,0
489,2017-04-17,09:04:33,827,a1709,XDCE,3872,3848,3906,125470,4858517680,234566,235418,4048,3664,3856,3861,0,3866,0,0,0,2017-04-17,32673827,3872,26,0,0,0,0,0,0,0,0,3873,2,0,0,0,0,0,0,0,0
490,2017-04-17,09:04:34,884,a1709,XDCE,3872,3848,3906,125480,4858904880,234562,235418,4048,3664,3856,3861,0,3866,0,0,0,2017-04-17,32674884,3871,20,0,0,0,0,0,0,0,0,3872,4,0,0,0,0,0,0,0,0
491,2017-04-17,09:04:35,285,a1709,XDCE,3872,3848,3906,125480,4858904880,234562,235418,4048,3664,3856,3861,0,3866,0,0,0,2017-04-17,32675285,3871,21,0,0,0,0,0,0,0,0,3872,4,0,0,0,0,0,0,0,0
492,2017-04-17,09:04:35,914,a1709,XDCE,3872,3848,3906,125482,4858982320,234562,235418,4048,3664,3856,3861,0,3866,0,0,0,2017-04-17,32675914,3871,21,0,0,0,0,0,0,0,0,3872,3,0,0,0,0,0,0,0,0
493,2017-04-17,09:04:36,401,a1709,XDCE,3872,3848,3906,125482,4858982320,234562,235418,4048,3664,3856,3861,0,3866,0,0,0,2017-04-17,32676401,3871,21,0,0,0,0,0,0,0,0,3872,15,0,0,0,0,0,0,0,0
494,2017-04-17,09:04:36,884,a1709,XDCE,3871,3848,3906,125486,4859137160,234558,235418,4048,3664,3856,3861,0,3866,0,0,0,2017-04-17,32676884,3871,14,0,0,0,0,0,0,0,0,3872,15,0,0,0,0,0,0,0,0
495,2017-04-17,09:04:37,419,a1709,XDCE,3871,3848,3906,125486,4859137160,234558,235418,4048,3664,3856,3861,0,3866,0,0,0,2017-04-17,32677419,3871,14,0,0,0,0,0,0,0,0,3872,18,0,0,0,0,0,0,0,0
496,2017-04-17,09:04:37,917,a1709,XDCE,3871,3848,3906,125486,4859137160,234558,235418,4048,3664,3856,3861,0,3866,0,0,0,2017-04-17,32677917,3871,15,0,0,0,0,0,0,0,0,3872,18,0,0,0,0,0,0,0,0
497,2017-04-17,09:04:38,851,a1709,XDCE,3871,3848,3906,125486,4859137160,234558,235418,4048,3664,3856,3861,0,3866,0,0,0,2017-04-17,32678851,3871,14,0,0,0,0,0,0,0,0,3872,18,0,0,0,0,0,0,0,0
498,2017-04-17,09:04:39,293,a1709,XDCE,3872,3848,3906,125488,4859214600,234558,235418,4048,3664,3856,3861,0,3866,0,0,0,2017-04-17,32679293,3871,14,0,0,0,0,0,0,0,0,3872,17,0,0,0,0,0,0,0,0
499,2017-04-17,09:04:39,800,a1709,XDCE,3872,3848,3906,125490,4859292040,234558,235418,4048,3664,3856,3861,0,3866,0,0,0,2017-04-17,32679800,3871,14,0,0,0,0,0,0,0,0,3872,16,0,0,0,0,0,0,0,0
500,2017-04-17,09:04:40,905,a1709,XDCE,3872,3848,3906,125502,4859756680,234562,235418,4048,3664,3856,3861,0,3866,0,0,0,2017-04-17,32680905,3871,14,0,0,0,0,0,0,0,0,3872,10,0,0,0,0,0,0,0,0
501,2017-04-17,09:04:41,854,a1709,XDCE,3872,3848,3906,125502,4859756680,234562,235418,4048,3664,3856,3861,0,3866,0,0,0,2017-04-17,32681854,3871,24,0,0,0,0,0,0,0,0,3872,10,0,0,0,0,0,0,0,0
502,2017-04-17,09:04:42,294,a1709,XDCE,3871,3848,3906,125550,4861614760,234598,235418,4048,3664,3856,3861,0,3866,0,0,0,2017-04-17,32682294,3870,42,0,0,0,0,0,0,0,0,3872,10,0,0,0,0,0,0,0,0
503,2017-04-17,09:04:42,917,a1709,XDCE,3871,3848,3906,125550,4861614760,234598,235418,4048,3664,3856,3861,0,3866,0,0,0,2017-04-17,32682917,3870,39,0,0,0,0,0,0,0,0,3872,13,0,0,0,0,0,0,0,0
504,2017-04-17,09:04:43,785,a1709,XDCE,3871,3848,3906,125554,4861769620,234596,235418,4048,3664,3856,3861,0,3866,0,0,0,2017-04-17,32683785,3871,5,0,0,0,0,0,0,0,0,3872,12,0,0,0,0,0,0,0,0
505,2017-04-17,09:04:44,252,a1709,XDCE,3871,3848,3906,125562,4862079300,234596,235418,4048,3664,3856,3861,0,3866,0,0,0,2017-04-17,32684252,3871,1,0,0,0,0,0,0,0,0,3872,12,0,0,0,0,0,0,0,0
506,2017-04-17,09:04:44,836,a1709,XDCE,3871,3848,3906,125562,4862079300,234596,235418,4048,3664,3856,3861,0,3866,0,0,0,2017-04-17,32684836,3871,1,0,0,0,0,0,0,0,0,3872,20,0,0,0,0,0,0,0,0
507,2017-04-17,09:04:45,346,a1709,XDCE,3871,3848,3906,125564,4862156720,234594,235418,4048,3664,3856,3861,0,3866,0,0,0,2017-04-17,32685346,3870,41,0,0,0,0,0,0,0,0,3872,20,0,0,0,0,0,0,0,0
508,2017-04-17,09:04:45,914,a1709,XDCE,3871,3848,3906,125564,4862156720,234594,235418,4048,3664,3856,3861,0,3866,0,0,0,2017-04-17,32685914,3871,8,0,0,0,0,0,0,0,0,3872,20,0,0,0,0,0,0,0,0
509,2017-04-17,09:04:46,395,a1709,XDCE,3871,3848,3906,125582,4862853500,234608,235418,4048,3664,3856,3861,0,3866,0,0,0,2017-04-17,32686395,3870,41,0,0,0,0,0,0,0,0,3871,5,0,0,0,0,0,0,0,0
510,2017-04-17,09:04:46,905,a1709,XDCE,3871,3848,3906,125592,4863240600,234608,235418,4048,3664,3856,3861,0,3866,0,0,0,2017-04-17,32686905,3870,41,0,0,0,0,0,0,0,0,3872,21,0,0,0,0,0,0,0,0
511,2017-04-17,09:04:47,294,a1709,XDCE,3871,3848,3906,125596,4863395440,234608,235418,4048,3664,3856,3861,0,3866,0,0,0,2017-04-17,32687294,3871,3,0,0,0,0,0,0,0,0,3872,21,0,0,0,0,0,0,0,0
512,2017-04-17,09:04:47,869,a1709,XDCE,3871,3848,3906,125598,4863472860,234608,235418,4048,3664,3856,3861,0,3866,0,0,0,2017-04-17,32687869,3870,41,0,0,0,0,0,0,0,0,3871,1,0,0,0,0,0,0,0,0
513,2017-04-17,09:04:48,416,a1709,XDCE,3871,3848,3906,125600,4863550280,234610,235418,4048,3664,3856,3861,0,3866,0,0,0,2017-04-17,32688416,3871,3,0,0,0,0,0,0,0,0,3872,21,0,0,0,0,0,0,0,0
514,2017-04-17,09:04:48,903,a1709,XDCE,3871,3848,3906,125600,4863550280,234610,235418,4048,3664,3856,3861,0,3866,0,0,0,2017-04-17,32688903,3870,41,0,0,0,0,0,0,0,0,3871,2,0,0,0,0,0,0,0,0
515,2017-04-17,09:04:49,285,a1709,XDCE,3871,3848,3906,125606,4863782540,234612,235418,4048,3664,3856,3861,0,3866,0,0,0,2017-04-17,32689285,3871,6,0,0,0,0,0,0,0,0,3872,22,0,0,0,0,0,0,0,0
516,2017-04-17,09:04:49,735,a1709,XDCE,3870,3848,3906,125622,4864401860,234612,235418,4048,3664,3856,3861,0,3866,0,0,0,2017-04-17,32689735,3870,39,0,0,0,0,0,0,0,0,3872,22,0,0,0,0,0,0,0,0
517,2017-04-17,09:04:50,295,a1709,XDCE,3870,3848,3906,125622,4864401860,234612,235418,4048,3664,3856,3861,0,3866,0,0,0,2017-04-17,32690295,3871,7,0,0,0,0,0,0,0,0,3872,22,0,0,0,0,0,0,0,0
518,2017-04-17,09:04:50,921,a1709,XDCE,3872,3848,3906,125650,4865485900,234616,235418,4048,3664,3856,3861,0,3866,0,0,0,2017-04-17,32690921,3871,2,0,0,0,0,0,0,0,0,3872,14,0,0,0,0,0,0,0,0
519,2017-04-17,09:04:51,422,a1709,XDCE,3871,3848,3906,125656,4865718160,234616,235418,4048,3664,3856,3861,0,3866,0,0,0,2017-04-17,32691422,3870,39,0,0,0,0,0,0,0,0,3872,14,0,0,0,0,0,0,0,0
520,2017-04-17,09:04:51,889,a1709,XDCE,3871,3848,3906,125668,4866182700,234610,235418,4048,3664,3856,3861,0,3866,0,0,0,2017-04-17,32691889,3870,39,0,0,0,0,0,0,0,0,3871,5,0,0,0,0,0,0,0,0
521,2017-04-17,09:04:52,393,a1709,XDCE,3871,3848,3906,125676,4866492380,234610,235418,4048,3664,3856,3861,0,3866,0,0,0,2017-04-17,32692393,3870,39,0,0,0,0,0,0,0,0,3871,1,0,0,0,0,0,0,0,0
522,2017-04-17,09:04:53,368,a1709,XDCE,3871,3848,3906,125678,4866569800,234610,235418,4048,3664,3856,3861,0,3866,0,0,0,2017-04-17,32693368,3870,39,0,0,0,0,0,0,0,0,3871,1,0,0,0,0,0,0,0,0
523,2017-04-17,09:04:53,883,a1709,XDCE,3871,3848,3906,125678,4866569800,234610,235418,4048,3664,3856,3861,0,3866,0,0,0,2017-04-17,32693883,3870,39,0,0,0,0,0,0,0,0,3871,2,0,0,0,0,0,0,0,0
524,2017-04-17,09:04:54,329,a1709,XDCE,3871,3848,3906,125678,4866569800,234610,235418,4048,3664,3856,3861,0,3866,0,0,0,2017-04-17,32694329,3870,39,0,0,0,0,0,0,0,0,3871,5,0,0,0,0,0,0,0,0
525,2017-04-17,09:04:55,814,a1709,XDCE,3871,3848,3906,125678,4866569800,234610,235418,4048,3664,3856,3861,0,3866,0,0,0,2017-04-17,32695814,3870,39,0,0,0,0,0,0,0,0,3871,7,0,0,0,0,0,0,0,0
526,2017-04-17,09:04:57,294,a1709,XDCE,3871,3848,3906,125692,4867111740,234618,235418,4048,3664,3856,3861,0,3866,0,0,0,2017-04-17,32697294,3870,22,0,0,0,0,0,0,0,0,3872,16,0,0,0,0,0,0,0,0
527,2017-04-17,09:04:57,919,a1709,XDCE,3871,3848,3906,125754,4869511680,234604,235418,4048,3664,3856,3861,0,3866,0,0,0,2017-04-17,32697919,3871,8,0,0,0,0,0,0,0,0,3872,16,0,0,0,0,0,0,0,0
528,2017-04-17,09:04:58,406,a1709,XDCE,3871,3848,3906,125758,4869666520,234604,235418,4048,3664,3856,3861,0,3866,0,0,0,2017-04-17,32698406,3871,11,0,0,0,0,0,0,0,0,3872,16,0,0,0,0,0,0,0,0
529,2017-04-17,09:04:58,874,a1709,XDCE,3872,3848,3906,125768,4870053680,234608,235418,4048,3664,3856,3861,0,3866,0,0,0,2017-04-17,32698874,3871,10,0,0,0,0,0,0,0,0,3872,13,0,0,0,0,0,0,0,0
530,2017-04-17,09:04:59,349,a1709,XDCE,3871,3848,3906,125790,4870905300,234626,235418,4048,3664,3856,3861,0,3866,0,0,0,2017-04-17,32699349,3870,15,0,0,0,0,0,0,0,0,3871,5,0,0,0,0,0,0,0,0
531,2017-04-17,09:05:00,898,a1709,XDCE,3870,3848,3906,125792,4870982700,234624,235418,4048,3664,3856,3861,0,3866,0,0,0,2017-04-17,32700898,3870,17,0,0,0,0,0,0,0,0,3871,7,0,0,0,0,0,0,0,0
532,2017-04-17,09:05:01,373,a1709,XDCE,3871,3848,3906,125794,4871060120,234626,235418,4048,3664,3856,3861,0,3866,0,0,0,2017-04-17,32701373,3870,17,0,0,0,0,0,0,0,0,3871,6,0,0,0,0,0,0,0,0
533,2017-04-17,09:05:01,892,a1709,XDCE,3870,3848,3906,125798,4871214920,234626,235418,4048,3664,3856,3861,0,3866,0,0,0,2017-04-17,32701892,3870,18,0,0,0,0,0,0,0,0,3871,7,0,0,0,0,0,0,0,0
