,dataDate,dataTime,dataMillisec,instrumentID,exchangeCD,lastPrice,lowPrice,highPrice,volume,value,openInterest,preOpenInterest,upperLimitPrice,lowerLimitPrice,preSettlementPrice,prevClosePrice,settlementPrice,openPrice,closePrice,preDelta,currDelta,clearingDay,milliSecOffset,bidPrice1,bidVolume1,bidPrice2,bidVolume2,bidPrice3,bidVolume3,bidPrice4,bidVolume4,bidPrice5,bidVolume5,askPrice1,askVolume1,askPrice2,askVolume2,askPrice3,askVolume3,askPrice4,askVolume4,askPrice5,askVolume5
0,2017-04-15,02:30:00,500,ag1706,XSGE,4295,4246,4337,255932,16461383010,563104,542366,4464,4039,4252,4263,0,4269,0,0,0,2017-04-17,9000500,4294,27,0,0,0,0,0,0,0,0,4295,25,0,0,0,0,0,0,0,0
1,2017-04-17,09:00:00,500,ag1706,XSGE,4295,4246,4337,257568,16566839370,564048,542366,4464,4039,4252,4263,0,4269,0,0,0,2017-04-17,32400500,4296,10,0,0,0,0,0,0,0,0,4305,37,0,0,0,0,0,0,0,0
2,2017-04-17,09:00:01,0,ag1706,XSGE,4295,4246,4337,258944,16655543280,564014,542366,4464,4039,4252,4263,0,4269,0,0,0,2017-04-17,32401000,4295,54,0,0,0,0,0,0,0,0,4299,13,0,0,0,0,0,0,0,0
3,2017-04-17,09:00:01,500,ag1706,XSGE,4288,4246,4337,259238,16674471090,564184,542366,4464,4039,4252,4263,0,4269,0,0,0,2017-04-17,32401500,4287,1,0,0,0,0,0,0,0,0,4288,34,0,0,0,0,0,0,0,0
4,2017-04-17,09:00:02,0,ag1706,XSGE,4287,4246,4337,259868,16714970460,564270,542366,4464,4039,4252,4263,0,4269,0,0,0,2017-04-17,32402000,4280,13,0,0,0,0,0,0,0,0,4287,213,0,0,0,0,0,0,0,0
5,2017-04-17,09:00:02,500,ag1706,XSGE,4285,4246,4337,260122,16731288240,564280,542366,4464,4039,4252,4263,0,4269,0,0,0,2017-04-17,32402500,4284,5,0,0,0,0,0,0,0,0,4285,11,0,0,0,0,0,0,0,0
6,2017-04-17,09:00:03,0,ag1706,XSGE,4284,4246,4337,260736,16770736950,564386,542366,4464,4039,4252,4263,0,4269,0,0,0,2017-04-17,32403000,4281,4,0,0,0,0,0,0,0,0,4283,12,0,0,0,0,0,0,0,0
7,2017-04-17,09:00:03,500,ag1706,XSGE,4285,4246,4337,261350,16810184610,564274,542366,4464,4039,4252,4263,0,4269,0,0,0,2017-04-17,32403500,4285,1,0,0,0,0,0,0,0,0,4286,105,0,0,0,0,0,0,0,0
8,2017-04-17,09:00:04,0,ag1706,XSGE,4286,4246,4337,261654,16829723730,564324,542366,4464,4039,4252,4263,0,4269,0,0,0,2017-04-17,32404000,4286,10,0,0,0,0,0,0,0,0,4287,40,0,0,0,0,0,0,0,0
9,2017-04-17,09:00:04,500,ag1706,XSGE,4285,4246,4337,262046,16854919110,564436,542366,4464,4039,4252,4263,0,4269,0,0,0,2017-04-17,32404500,4283,8,0,0,0,0,0,0,0,0,4285,30,0,0,0,0,0,0,0,0
10,2017-04-17,09:00:05,0,ag1706,XSGE,4287,4246,4337,262216,16865847420,564512,542366,4464,4039,4252,4263,0,4269,0,0,0,2017-04-17,32405000,4286,27,0,0,0,0,0,0,0,0,4287,13,0,0,0,0,0,0,0,0
11,2017-04-17,09:00:05,500,ag1706,XSGE,4288,4246,4337,262296,16870992090,564566,542366,4464,4039,4252,4263,0,4269,0,0,0,2017-04-17,32405500,4287,19,0,0,0,0,0,0,0,0,4288,31,0,0,0,0,0,0,0,0
12,2017-04-17,09:00:06,0,ag1706,XSGE,4288,4246,4337,262676,16895438550,564624,542366,4464,4039,4252,4263,0,4269,0,0,0,2017-04-17,32406000,4286,15,0,0,0,0,0,0,0,0,4290,4,0,0,0,0,0,0,0,0
13,2017-04-17,09:00:06,500,ag1706,XSGE,4287,4246,4337,262770,16901484630,564666,542366,4464,4039,4252,4263,0,4269,0,0,0,2017-04-17,32406500,4287,75,0,0,0,0,0,0,0,0,4288,1,0,0,0,0,0,0,0,0
14,2017-04-17,09:00:07,0,ag1706,XSGE,4290,4246,4337,262914,16910749590,564668,542366,4464,4039,4252,4263,0,4269,0,0,0,2017-04-17,32407000,4290,12,0,0,0,0,0,0,0,0,4293,1,0,0,0,0,0,0,0,0
15,2017-04-17,09:00:07,500,ag1706,XSGE,4291,4246,4337,263072,16920920520,564700,542366,4464,4039,4252,4263,0,4269,0,0,0,2017-04-17,32407500,4291,17,0,0,0,0,0,0,0,0,4292,40,0,0,0,0,0,0,0,0
16,2017-04-17,09:00:08,0,ag1706,XSGE,4292,4246,4337,263214,16930062180,564726,542366,4464,4039,4252,4263,0,4269,0,0,0,2017-04-17,32408000,4291,12,0,0,0,0,0,0,0,0,4293,22,0,0,0,0,0,0,0,0
17,2017-04-17,09:00:08,500,ag1706,XSGE,4293,4246,4337,263326,16937271930,564758,542366,4464,4039,4252,4263,0,4269,0,0,0,2017-04-17,32408500,4291,37,0,0,0,0,0,0,0,0,4293,16,0,0,0,0,0,0,0,0
18,2017-04-17,09:00:09,0,ag1706,XSGE,4292,4246,4337,263418,16943194320,564774,542366,4464,4039,4252,4263,0,4269,0,0,0,2017-04-17,32409000,4290,12,0,0,0,0,0,0,0,0,4292,3,0,0,0,0,0,0,0,0
19,2017-04-17,09:00:09,500,ag1706,XSGE,4291,4246,4337,263516,16949502360,564752,542366,4464,4039,4252,4263,0,4269,0,0,0,2017-04-17,32409500,4291,6,0,0,0,0,0,0,0,0,4292,9,0,0,0,0,0,0,0,0
20,2017-04-17,09:00:10,0,ag1706,XSGE,4292,4246,4337,263526,16950146130,564752,542366,4464,4039,4252,4263,0,4269,0,0,0,2017-04-17,32410000,4291,21,0,0,0,0,0,0,0,0,4292,9,0,0,0,0,0,0,0,0
21,2017-04-17,09:00:10,500,ag1706,XSGE,4294,4246,4337,263568,16952850240,564750,542366,4464,4039,4252,4263,0,4269,0,0,0,2017-04-17,32410500,4293,14,0,0,0,0,0,0,0,0,4294,16,0,0,0,0,0,0,0,0
22,2017-04-17,09:00:11,0,ag1706,XSGE,4293,4246,4337,263756,16964956020,564746,542366,4464,4039,4252,4263,0,4269,0,0,0,2017-04-17,32411000,4293,19,0,0,0,0,0,0,0,0,4294,4,0,0,0,0,0,0,0,0
23,2017-04-17,09:00:11,500,ag1706,XSGE,4294,4246,4337,263812,16968562620,564734,542366,4464,4039,4252,4263,0,4269,0,0,0,2017-04-17,32411500,4293,16,0,0,0,0,0,0,0,0,4294,16,0,0,0,0,0,0,0,0
24,2017-04-17,09:00:12,0,ag1706,XSGE,4292,4246,4337,263964,16978349640,564728,542366,4464,4039,4252,4263,0,4269,0,0,0,2017-04-17,32412000,4292,17,0,0,0,0,0,0,0,0,4293,9,0,0,0,0,0,0,0,0
25,2017-04-17,09:00:12,500,ag1706,XSGE,4291,4246,4337,264114,16988007480,564762,542366,4464,4039,4252,4263,0,4269,0,0,0,2017-04-17,32412500,4291,5,0,0,0,0,0,0,0,0,4293,10,0,0,0,0,0,0,0,0
26,2017-04-17,09:00:13,0,ag1706,XSGE,4293,4246,4337,264212,16994316900,564796,542366,4464,4039,4252,4263,0,4269,0,0,0,2017-04-17,32413000,4292,33,0,0,0,0,0,0,0,0,4293,24,0,0,0,0,0,0,0,0
27,2017-04-17,09:00:13,500,ag1706,XSGE,4294,4246,4337,264412,17007193860,564870,542366,4464,4039,4252,4263,0,4269,0,0,0,2017-04-17,32413500,4293,13,0,0,0,0,0,0,0,0,4294,2,0,0,0,0,0,0,0,0
28,2017-04-17,09:00:14,0,ag1706,XSGE,4291,4246,4337,264574,17017625730,564840,542366,4464,4039,4252,4263,0,4269,0,0,0,2017-04-17,32414000,4291,11,0,0,0,0,0,0,0,0,4292,3,0,0,0,0,0,0,0,0
29,2017-04-17,09:00:14,500,ag1706,XSGE,4291,4246,4337,264700,17025737430,564894,542366,4464,4039,4252,4263,0,4269,0,0,0,2017-04-17,32414500,4291,108,0,0,0,0,0,0,0,0,4292,19,0,0,0,0,0,0,0,0
30,2017-04-17,09:00:15,0,ag1706,XSGE,4292,4246,4337,264800,17032174860,564886,542366,4464,4039,4252,4263,0,4269,0,0,0,2017-04-17,32415000,4292,47,0,0,0,0,0,0,0,0,4293,38,0,0,0,0,0,0,0,0
31,2017-04-17,09:00:15,500,ag1706,XSGE,4293,4246,4337,264860,17036037720,564910,542366,4464,4039,4252,4263,0,4269,0,0,0,2017-04-17,32415500,4292,127,0,0,0,0,0,0,0,0,4293,17,0,0,0,0,0,0,0,0
32,2017-04-17,09:00:16,0,ag1706,XSGE,4292,4246,4337,264990,17044409250,564950,542366,4464,4039,4252,4263,0,4269,0,0,0,2017-04-17,32416000,4292,134,0,0,0,0,0,0,0,0,4293,12,0,0,0,0,0,0,0,0
33,2017-04-17,09:00:16,500,ag1706,XSGE,4293,4246,4337,265036,17047371420,564930,542366,4464,4039,4252,4263,0,4269,0,0,0,2017-04-17,32416500,4293,4,0,0,0,0,0,0,0,0,4294,27,0,0,0,0,0,0,0,0
34,2017-04-17,09:00:17,0,ag1706,XSGE,4294,4246,4337,265040,17047629060,564928,542366,4464,4039,4252,4263,0,4269,0,0,0,2017-04-17,32417000,4293,6,0,0,0,0,0,0,0,0,4294,37,0,0,0,0,0,0,0,0
35,2017-04-17,09:00:17,500,ag1706,XSGE,4292,4246,4337,265128,17053294620,565002,542366,4464,4039,4252,4263,0,4269,0,0,0,2017-04-17,32417500,4292,97,0,0,0,0,0,0,0,0,4293,23,0,0,0,0,0,0,0,0
36,2017-04-17,09:00:18,0,ag1706,XSGE,4292,4246,4337,265188,17057157600,565058,542366,4464,4039,4252,4263,0,4269,0,0,0,2017-04-17,32418000,4292,74,0,0,0,0,0,0,0,0,4293,7,0,0,0,0,0,0,0,0
37,2017-04-17,09:00:18,500,ag1706,XSGE,4292,4246,4337,265198,17057801490,565060,542366,4464,4039,4252,4263,0,4269,0,0,0,2017-04-17,32418500,4292,72,0,0,0,0,0,0,0,0,4293,9,0,0,0,0,0,0,0,0
38,2017-04-17,09:00:19,0,ag1706,XSGE,4293,4246,4337,265210,17058574230,565058,542366,4464,4039,4252,4263,0,4269,0,0,0,2017-04-17,32419000,4292,92,0,0,0,0,0,0,0,0,4293,3,0,0,0,0,0,0,0,0
39,2017-04-17,09:00:19,500,ag1706,XSGE,4293,4246,4337,265258,17061665190,565056,542366,4464,4039,4252,4263,0,4269,0,0,0,2017-04-17,32419500,4293,46,0,0,0,0,0,0,0,0,4294,39,0,0,0,0,0,0,0,0
40,2017-04-17,09:00:20,0,ag1706,XSGE,4294,4246,4337,265332,17066430450,565076,542366,4464,4039,4252,4263,0,4269,0,0,0,2017-04-17,32420000,4293,11,0,0,0,0,0,0,0,0,4294,47,0,0,0,0,0,0,0,0
41,2017-04-17,09:00:20,500,ag1706,XSGE,4292,4246,4337,265358,17068104660,565100,542366,4464,4039,4252,4263,0,4269,0,0,0,2017-04-17,32420500,4292,122,0,0,0,0,0,0,0,0,4293,28,0,0,0,0,0,0,0,0
42,2017-04-17,09:00:21,0,ag1706,XSGE,4293,4246,4337,265406,17071195620,565104,542366,4464,4039,4252,4263,0,4269,0,0,0,2017-04-17,32421000,4293,19,0,0,0,0,0,0,0,0,4294,49,0,0,0,0,0,0,0,0
43,2017-04-17,09:00:21,500,ag1706,XSGE,4293,4246,4337,265436,17073127620,565118,542366,4464,4039,4252,4263,0,4269,0,0,0,2017-04-17,32421500,4293,60,0,0,0,0,0,0,0,0,4294,44,0,0,0,0,0,0,0,0
44,2017-04-17,09:00:22,0,ag1706,XSGE,4293,4246,4337,265456,17074415520,565118,542366,4464,4039,4252,4263,0,4269,0,0,0,2017-04-17,32422000,4293,136,0,0,0,0,0,0,0,0,4294,90,0,0,0,0,0,0,0,0
45,2017-04-17,09:00:22,500,ag1706,XSGE,4293,4246,4337,265488,17076476250,565122,542366,4464,4039,4252,4263,0,4269,0,0,0,2017-04-17,32422500,4293,135,0,0,0,0,0,0,0,0,4294,88,0,0,0,0,0,0,0,0
46,2017-04-17,09:00:23,0,ag1706,XSGE,4293,4246,4337,265492,17076733830,565122,542366,4464,4039,4252,4263,0,4269,0,0,0,2017-04-17,32423000,4293,148,0,0,0,0,0,0,0,0,4294,96,0,0,0,0,0,0,0,0
47,2017-04-17,09:00:23,500,ag1706,XSGE,4294,4246,4337,265494,17076862650,565122,542366,4464,4039,4252,4263,0,4269,0,0,0,2017-04-17,32423500,4293,148,0,0,0,0,0,0,0,0,4294,117,0,0,0,0,0,0,0,0
48,2017-04-17,09:00:24,0,ag1706,XSGE,4293,4246,4337,265498,17077120260,565122,542366,4464,4039,4252,4263,0,4269,0,0,0,2017-04-17,32424000,4293,147,0,0,0,0,0,0,0,0,4294,115,0,0,0,0,0,0,0,0
49,2017-04-17,09:00:24,500,ag1706,XSGE,4293,4246,4337,265508,17077764270,565126,542366,4464,4039,4252,4263,0,4269,0,0,0,2017-04-17,32424500,4293,135,0,0,0,0,0,0,0,0,4294,123,0,0,0,0,0,0,0,0
50,2017-04-17,09:00:25,0,ag1706,XSGE,4294,4246,4337,265526,17078923530,565120,542366,4464,4039,4252,4263,0,4269,0,0,0,2017-04-17,32425000,4293,132,0,0,0,0,0,0,0,0,4294,118,0,0,0,0,0,0,0,0
51,2017-04-17,09:00:25,500,ag1706,XSGE,4293,4246,4337,265554,17080726980,565098,542366,4464,4039,4252,4263,0,4269,0,0,0,2017-04-17,32425500,4293,131,0,0,0,0,0,0,0,0,4294,107,0,0,0,0,0,0,0,0
52,2017-04-17,09:00:26,0,ag1706,XSGE,4293,4246,4337,265656,17087295390,565106,542366,4464,4039,4252,4263,0,4269,0,0,0,2017-04-17,32426000,4293,90,0,0,0,0,0,0,0,0,4294,109,0,0,0,0,0,0,0,0
53,2017-04-17,09:00:26,500,ag1706,XSGE,4294,4246,4337,265668,17088068250,565104,542366,4464,4039,4252,4263,0,4269,0,0,0,2017-04-17,32426500,4293,89,0,0,0,0,0,0,0,0,4294,108,0,0,0,0,0,0,0,0
54,2017-04-17,09:00:27,0,ag1706,XSGE,4294,4246,4337,265752,17093478240,565074,542366,4464,4039,4252,4263,0,4269,0,0,0,2017-04-17,32427000,4293,74,0,0,0,0,0,0,0,0,4294,75,0,0,0,0,0,0,0,0
55,2017-04-17,09:00:27,500,ag1706,XSGE,4293,4246,4337,265902,17103137490,564934,542366,4464,4039,4252,4263,0,4269,0,0,0,2017-04-17,32427500,4292,135,0,0,0,0,0,0,0,0,4293,65,0,0,0,0,0,0,0,0
56,2017-04-17,09:00:28,0,ag1706,XSGE,4293,4246,4337,265996,17109189450,564928,542366,4464,4039,4252,4263,0,4269,0,0,0,2017-04-17,32428000,4292,107,0,0,0,0,0,0,0,0,4293,61,0,0,0,0,0,0,0,0
57,2017-04-17,09:00:28,500,ag1706,XSGE,4293,4246,4337,266178,17120906940,564836,542366,4464,4039,4252,4263,0,4269,0,0,0,2017-04-17,32428500,4292,16,0,0,0,0,0,0,0,0,4293,75,0,0,0,0,0,0,0,0
58,2017-04-17,09:00:29,0,ag1706,XSGE,4291,4246,4337,266320,17130047310,564846,542366,4464,4039,4252,4263,0,4269,0,0,0,2017-04-17,32429000,4290,12,0,0,0,0,0,0,0,0,4291,14,0,0,0,0,0,0,0,0
59,2017-04-17,09:00:29,500,ag1706,XSGE,4292,4246,4337,266604,17148328230,564776,542366,4464,4039,4252,4263,0,4269,0,0,0,2017-04-17,32429500,4291,34,0,0,0,0,0,0,0,0,4292,35,0,0,0,0,0,0,0,0
60,2017-04-17,09:00:30,0,ag1706,XSGE,4292,4246,4337,266606,17148456990,564774,542366,4464,4039,4252,4263,0,4269,0,0,0,2017-04-17,32430000,4291,48,0,0,0,0,0,0,0,0,4292,42,0,0,0,0,0,0,0,0
61,2017-04-17,09:00:30,500,ag1706,XSGE,4292,4246,4337,266656,17151675660,564726,542366,4464,4039,4252,4263,0,4269,0,0,0,2017-04-17,32430500,4291,16,0,0,0,0,0,0,0,0,4292,31,0,0,0,0,0,0,0,0
62,2017-04-17,09:00:31,0,ag1706,XSGE,4291,4246,4337,266778,17159529930,564734,542366,4464,4039,4252,4263,0,4269,0,0,0,2017-04-17,32431000,4291,14,0,0,0,0,0,0,0,0,4292,78,0,0,0,0,0,0,0,0
63,2017-04-17,09:00:31,500,ag1706,XSGE,4291,4246,4337,266800,17160945960,564722,542366,4464,4039,4252,4263,0,4269,0,0,0,2017-04-17,32431500,4291,6,0,0,0,0,0,0,0,0,4292,81,0,0,0,0,0,0,0,0
64,2017-04-17,09:00:32,0,ag1706,XSGE,4291,4246,4337,266826,17162619330,564730,542366,4464,4039,4252,4263,0,4269,0,0,0,2017-04-17,32432000,4290,21,0,0,0,0,0,0,0,0,4291,35,0,0,0,0,0,0,0,0
65,2017-04-17,09:00:32,500,ag1706,XSGE,4290,4246,4337,266886,17166480480,564762,542366,4464,4039,4252,4263,0,4269,0,0,0,2017-04-17,32432500,4290,25,0,0,0,0,0,0,0,0,4291,8,0,0,0,0,0,0,0,0
66,2017-04-17,09:00:33,0,ag1706,XSGE,4292,4246,4337,267062,17177810910,564600,542366,4464,4039,4252,4263,0,4269,0,0,0,2017-04-17,32433000,4290,38,0,0,0,0,0,0,0,0,4291,8,0,0,0,0,0,0,0,0
67,2017-04-17,09:00:33,500,ag1706,XSGE,4291,4246,4337,267138,17182703220,564624,542366,4464,4039,4252,4263,0,4269,0,0,0,2017-04-17,32433500,4290,40,0,0,0,0,0,0,0,0,4291,10,0,0,0,0,0,0,0,0
68,2017-04-17,09:00:34,0,ag1706,XSGE,4290,4246,4337,267160,17184119220,564624,542366,4464,4039,4252,4263,0,4269,0,0,0,2017-04-17,32434000,4290,54,0,0,0,0,0,0,0,0,4291,11,0,0,0,0,0,0,0,0
69,2017-04-17,09:00:34,500,ag1706,XSGE,4292,4246,4337,267210,17187337740,564636,542366,4464,4039,4252,4263,0,4269,0,0,0,2017-04-17,32434500,4291,1,0,0,0,0,0,0,0,0,4292,14,0,0,0,0,0,0,0,0
70,2017-04-17,09:00:35,0,ag1706,XSGE,4290,4246,4337,267292,17192614470,564566,542366,4464,4039,4252,4263,0,4269,0,0,0,2017-04-17,32435000,4290,8,0,0,0,0,0,0,0,0,4291,17,0,0,0,0,0,0,0,0
71,2017-04-17,09:00:35,500,ag1706,XSGE,4290,4246,4337,267350,17196347070,564560,542366,4464,4039,4252,4263,0,4269,0,0,0,2017-04-17,32435500,4290,4,0,0,0,0,0,0,0,0,4291,13,0,0,0,0,0,0,0,0
72,2017-04-17,09:00:36,0,ag1706,XSGE,4290,4246,4337,267358,17196861930,564560,542366,4464,4039,4252,4263,0,4269,0,0,0,2017-04-17,32436000,4290,128,0,0,0,0,0,0,0,0,4291,15,0,0,0,0,0,0,0,0
73,2017-04-17,09:00:36,500,ag1706,XSGE,4290,4246,4337,267402,17199693360,564524,542366,4464,4039,4252,4263,0,4269,0,0,0,2017-04-17,32436500,4290,123,0,0,0,0,0,0,0,0,4291,7,0,0,0,0,0,0,0,0
74,2017-04-17,09:00:37,0,ag1706,XSGE,4290,4246,4337,267442,17202267360,564484,542366,4464,4039,4252,4263,0,4269,0,0,0,2017-04-17,32437000,4290,104,0,0,0,0,0,0,0,0,4291,11,0,0,0,0,0,0,0,0
75,2017-04-17,09:00:37,500,ag1706,XSGE,4291,4246,4337,267482,17204841390,564444,542366,4464,4039,4252,4263,0,4269,0,0,0,2017-04-17,32437500,4290,92,0,0,0,0,0,0,0,0,4291,4,0,0,0,0,0,0,0,0
76,2017-04-17,09:00:38,0,ag1706,XSGE,4290,4246,4337,267504,17206257120,564436,542366,4464,4039,4252,4263,0,4269,0,0,0,2017-04-17,32438000,4290,92,0,0,0,0,0,0,0,0,4291,20,0,0,0,0,0,0,0,0
77,2017-04-17,09:00:38,500,ag1706,XSGE,4290,4246,4337,267516,17207029410,564430,542366,4464,4039,4252,4263,0,4269,0,0,0,2017-04-17,32438500,4290,90,0,0,0,0,0,0,0,0,4291,18,0,0,0,0,0,0,0,0
78,2017-04-17,09:00:39,0,ag1706,XSGE,4290,4246,4337,267620,17213721810,564346,542366,4464,4039,4252,4263,0,4269,0,0,0,2017-04-17,32439000,4290,38,0,0,0,0,0,0,0,0,4291,34,0,0,0,0,0,0,0,0
79,2017-04-17,09:00:39,500,ag1706,XSGE,4291,4246,4337,267632,17214494160,564352,542366,4464,4039,4252,4263,0,4269,0,0,0,2017-04-17,32439500,4290,61,0,0,0,0,0,0,0,0,4291,30,0,0,0,0,0,0,0,0
80,2017-04-17,09:00:40,0,ag1706,XSGE,4291,4246,4337,267652,17215781280,564348,542366,4464,4039,4252,4263,0,4269,0,0,0,2017-04-17,32440000,4290,63,0,0,0,0,0,0,0,0,4291,43,0,0,0,0,0,0,0,0
81,2017-04-17,09:00:40,500,ag1706,XSGE,4290,4246,4337,267718,17220028680,564322,542366,4464,4039,4252,4263,0,4269,0,0,0,2017-04-17,32440500,4290,56,0,0,0,0,0,0,0,0,4291,40,0,0,0,0,0,0,0,0
82,2017-04-17,09:00:41,0,ag1706,XSGE,4291,4246,4337,267764,17222989410,564286,542366,4464,4039,4252,4263,0,4269,0,0,0,2017-04-17,32441000,4290,65,0,0,0,0,0,0,0,0,4291,19,0,0,0,0,0,0,0,0
83,2017-04-17,09:00:41,500,ag1706,XSGE,4291,4246,4337,267816,17226335730,564272,542366,4464,4039,4252,4263,0,4269,0,0,0,2017-04-17,32441500,4290,50,0,0,0,0,0,0,0,0,4291,45,0,0,0,0,0,0,0,0
84,2017-04-17,09:00:42,0,ag1706,XSGE,4291,4246,4337,267818,17226464460,564272,542366,4464,4039,4252,4263,0,4269,0,0,0,2017-04-17,32442000,4290,53,0,0,0,0,0,0,0,0,4291,54,0,0,0,0,0,0,0,0
85,2017-04-17,09:00:42,500,ag1706,XSGE,4290,4246,4337,267848,17228394960,564268,542366,4464,4039,4252,4263,0,4269,0,0,0,2017-04-17,32442500,4290,40,0,0,0,0,0,0,0,0,4291,52,0,0,0,0,0,0,0,0
86,2017-04-17,09:00:43,0,ag1706,XSGE,4290,4246,4337,267848,17228394960,564268,542366,4464,4039,4252,4263,0,4269,0,0,0,2017-04-17,32443000,4290,51,0,0,0,0,0,0,0,0,4291,80,0,0,0,0,0,0,0,0
87,2017-04-17,09:00:43,500,ag1706,XSGE,4290,4246,4337,267884,17230711560,564266,542366,4464,4039,4252,4263,0,4269,0,0,0,2017-04-17,32443500,4290,49,0,0,0,0,0,0,0,0,4291,80,0,0,0,0,0,0,0,0
88,2017-04-17,09:00:44,0,ag1706,XSGE,4291,4246,4337,267976,17236633140,564326,542366,4464,4039,4252,4263,0,4269,0,0,0,2017-04-17,32444000,4290,50,0,0,0,0,0,0,0,0,4291,52,0,0,0,0,0,0,0,0
89,2017-04-17,09:00:44,500,ag1706,XSGE,4291,4246,4337,267988,17237405490,564328,542366,4464,4039,4252,4263,0,4269,0,0,0,2017-04-17,32444500,4290,51,0,0,0,0,0,0,0,0,4291,36,0,0,0,0,0,0,0,0
90,2017-04-17,09:00:45,0,ag1706,XSGE,4291,4246,4337,268000,17238177810,564324,542366,4464,4039,4252,4263,0,4269,0,0,0,2017-04-17,32445000,4290,154,0,0,0,0,0,0,0,0,4291,32,0,0,0,0,0,0,0,0
91,2017-04-17,09:00:45,500,ag1706,XSGE,4291,4246,4337,268044,17241009540,564280,542366,4464,4039,4252,4263,0,4269,0,0,0,2017-04-17,32445500,4290,145,0,0,0,0,0,0,0,0,4291,16,0,0,0,0,0,0,0,0
92,2017-04-17,09:00:46,0,ag1706,XSGE,4290,4246,4337,268072,17242811400,564258,542366,4464,4039,4252,4263,0,4269,0,0,0,2017-04-17,32446000,4290,155,0,0,0,0,0,0,0,0,4291,14,0,0,0,0,0,0,0,0
93,2017-04-17,09:00:46,500,ag1706,XSGE,4291,4246,4337,268102,17244742320,564230,542366,4464,4039,4252,4263,0,4269,0,0,0,2017-04-17,32446500,4291,5,0,0,0,0,0,0,0,0,4292,108,0,0,0,0,0,0,0,0
94,2017-04-17,09:00:47,0,ag1706,XSGE,4292,4246,4337,268178,17249634300,564212,542366,4464,4039,4252,4263,0,4269,0,0,0,2017-04-17,32447000,4291,41,0,0,0,0,0,0,0,0,4292,107,0,0,0,0,0,0,0,0
95,2017-04-17,09:00:47,500,ag1706,XSGE,4291,4246,4337,268216,17252080170,564214,542366,4464,4039,4252,4263,0,4269,0,0,0,2017-04-17,32447500,4291,39,0,0,0,0,0,0,0,0,4292,113,0,0,0,0,0,0,0,0
96,2017-04-17,09:00:48,0,ag1706,XSGE,4291,4246,4337,268230,17252981280,564208,542366,4464,4039,4252,4263,0,4269,0,0,0,2017-04-17,32448000,4291,42,0,0,0,0,0,0,0,0,4292,115,0,0,0,0,0,0,0,0
97,2017-04-17,09:00:48,500,ag1706,XSGE,4291,4246,4337,268266,17255298510,564186,542366,4464,4039,4252,4263,0,4269,0,0,0,2017-04-17,32448500,4291,40,0,0,0,0,0,0,0,0,4292,122,0,0,0,0,0,0,0,0
98,2017-04-17,09:00:49,0,ag1706,XSGE,4291,4246,4337,268282,17256328440,564186,542366,4464,4039,4252,4263,0,4269,0,0,0,2017-04-17,32449000,4291,46,0,0,0,0,0,0,0,0,4292,114,0,0,0,0,0,0,0,0
99,2017-04-17,09:00:49,500,ag1706,XSGE,4291,4246,4337,268296,17257229610,564180,542366,4464,4039,4252,4263,0,4269,0,0,0,2017-04-17,32449500,4291,44,0,0,0,0,0,0,0,0,4292,114,0,0,0,0,0,0,0,0
100,2017-04-17,09:00:50,0,ag1706,XSGE,4292,4246,4337,268312,17258259690,564184,542366,4464,4039,4252,4263,0,4269,0,0,0,2017-04-17,32450000,4291,65,0,0,0,0,0,0,0,0,4292,136,0,0,0,0,0,0,0,0
101,2017-04-17,09:00:50,500,ag1706,XSGE,4292,4246,4337,268412,17264696280,564124,542366,4464,4039,4252,4263,0,4269,0,0,0,2017-04-17,32450500,4291,167,0,0,0,0,0,0,0,0,4292,138,0,0,0,0,0,0,0,0
102,2017-04-17,09:00:51,0,ag1706,XSGE,4292,4246,4337,268608,17277314520,564134,542366,4464,4039,4252,4263,0,4269,0,0,0,2017-04-17,32451000,4291,160,0,0,0,0,0,0,0,0,4292,44,0,0,0,0,0,0,0,0
103,2017-04-17,09:00:51,500,ag1706,XSGE,4292,4246,4337,268660,17280662250,564152,542366,4464,4039,4252,4263,0,4269,0,0,0,2017-04-17,32451500,4291,178,0,0,0,0,0,0,0,0,4292,37,0,0,0,0,0,0,0,0
104,2017-04-17,09:00:52,0,ag1706,XSGE,4292,4246,4337,268744,17286070170,564196,542366,4464,4039,4252,4263,0,4269,0,0,0,2017-04-17,32452000,4292,2,0,0,0,0,0,0,0,0,4293,122,0,0,0,0,0,0,0,0
105,2017-04-17,09:00:52,500,ag1706,XSGE,4292,4246,4337,268752,17286585210,564196,542366,4464,4039,4252,4263,0,4269,0,0,0,2017-04-17,32452500,4292,52,0,0,0,0,0,0,0,0,4293,123,0,0,0,0,0,0,0,0
106,2017-04-17,09:00:53,0,ag1706,XSGE,4292,4246,4337,268756,17286842730,564200,542366,4464,4039,4252,4263,0,4269,0,0,0,2017-04-17,32453000,4292,68,0,0,0,0,0,0,0,0,4293,123,0,0,0,0,0,0,0,0
107,2017-04-17,09:00:53,500,ag1706,XSGE,4292,4246,4337,268756,17286842730,564200,542366,4464,4039,4252,4263,0,4269,0,0,0,2017-04-17,32453500,4292,68,0,0,0,0,0,0,0,0,4293,153,0,0,0,0,0,0,0,0
108,2017-04-17,09:00:54,0,ag1706,XSGE,4292,4246,4337,268768,17287615290,564200,542366,4464,4039,4252,4263,0,4269,0,0,0,2017-04-17,32454000,4292,62,0,0,0,0,0,0,0,0,4293,155,0,0,0,0,0,0,0,0
109,2017-04-17,09:00:54,500,ag1706,XSGE,4292,4246,4337,268830,17291606880,564254,542366,4464,4039,4252,4263,0,4269,0,0,0,2017-04-17,32454500,4292,32,0,0,0,0,0,0,0,0,4293,154,0,0,0,0,0,0,0,0
110,2017-04-17,09:00:55,0,ag1706,XSGE,4292,4246,4337,268834,17291864400,564256,542366,4464,4039,4252,4263,0,4269,0,0,0,2017-04-17,32455000,4292,30,0,0,0,0,0,0,0,0,4293,154,0,0,0,0,0,0,0,0
111,2017-04-17,09:00:55,500,ag1706,XSGE,4293,4246,4337,268840,17292250770,564256,542366,4464,4039,4252,4263,0,4269,0,0,0,2017-04-17,32455500,4292,30,0,0,0,0,0,0,0,0,4293,152,0,0,0,0,0,0,0,0
112,2017-04-17,09:00:56,0,ag1706,XSGE,4292,4246,4337,268862,17293667430,564236,542366,4464,4039,4252,4263,0,4269,0,0,0,2017-04-17,32456000,4292,34,0,0,0,0,0,0,0,0,4293,142,0,0,0,0,0,0,0,0
113,2017-04-17,09:00:56,500,ag1706,XSGE,4292,4246,4337,268872,17294311230,564236,542366,4464,4039,4252,4263,0,4269,0,0,0,2017-04-17,32456500,4292,30,0,0,0,0,0,0,0,0,4293,142,0,0,0,0,0,0,0,0
114,2017-04-17,09:00:57,0,ag1706,XSGE,4292,4246,4337,268872,17294311230,564236,542366,4464,4039,4252,4263,0,4269,0,0,0,2017-04-17,32457000,4292,31,0,0,0,0,0,0,0,0,4293,149,0,0,0,0,0,0,0,0
115,2017-04-17,09:00:57,500,ag1706,XSGE,4292,4246,4337,268934,17298302790,564206,542366,4464,4039,4252,4263,0,4269,0,0,0,2017-04-17,32457500,4291,197,0,0,0,0,0,0,0,0,4292,24,0,0,0,0,0,0,0,0
116,2017-04-17,09:00:58,0,ag1706,XSGE,4292,4246,4337,268938,17298560310,564206,542366,4464,4039,4252,4263,0,4269,0,0,0,2017-04-17,32458000,4291,197,0,0,0,0,0,0,0,0,4292,24,0,0,0,0,0,0,0,0
117,2017-04-17,09:00:58,500,ag1706,XSGE,4291,4246,4337,268940,17298689040,564206,542366,4464,4039,4252,4263,0,4269,0,0,0,2017-04-17,32458500,4291,167,0,0,0,0,0,0,0,0,4292,55,0,0,0,0,0,0,0,0
118,2017-04-17,09:00:59,0,ag1706,XSGE,4292,4246,4337,268942,17298817800,564206,542366,4464,4039,4252,4263,0,4269,0,0,0,2017-04-17,32459000,4291,207,0,0,0,0,0,0,0,0,4292,57,0,0,0,0,0,0,0,0
119,2017-04-17,09:00:59,500,ag1706,XSGE,4292,4246,4337,269012,17303324400,564178,542366,4464,4039,4252,4263,0,4269,0,0,0,2017-04-17,32459500,4291,207,0,0,0,0,0,0,0,0,4292,25,0,0,0,0,0,0,0,0
120,2017-04-17,09:01:00,0,ag1706,XSGE,4292,4246,4337,269056,17306157120,564140,542366,4464,4039,4252,4263,0,4269,0,0,0,2017-04-17,32460000,4291,209,0,0,0,0,0,0,0,0,4292,4,0,0,0,0,0,0,0,0
121,2017-04-17,09:01:00,500,ag1706,XSGE,4292,4246,4337,269100,17308990260,564142,542366,4464,4039,4252,4263,0,4269,0,0,0,2017-04-17,32460500,4292,28,0,0,0,0,0,0,0,0,4293,236,0,0,0,0,0,0,0,0
122,2017-04-17,09:01:01,0,ag1706,XSGE,4292,4246,4337,269160,17312853060,564148,542366,4464,4039,4252,4263,0,4269,0,0,0,2017-04-17,32461000,4292,13,0,0,0,0,0,0,0,0,4293,239,0,0,0,0,0,0,0,0
123,2017-04-17,09:01:01,500,ag1706,XSGE,4291,4246,4337,269250,17318646510,564090,542366,4464,4039,4252,4263,0,4269,0,0,0,2017-04-17,32461500,4291,194,0,0,0,0,0,0,0,0,4292,2,0,0,0,0,0,0,0,0
124,2017-04-17,09:01:02,0,ag1706,XSGE,4291,4246,4337,269254,17318903970,564090,542366,4464,4039,4252,4263,0,4269,0,0,0,2017-04-17,32462000,4291,192,0,0,0,0,0,0,0,0,4292,52,0,0,0,0,0,0,0,0
125,2017-04-17,09:01:02,500,ag1706,XSGE,4292,4246,4337,269304,17322122850,564078,542366,4464,4039,4252,4263,0,4269,0,0,0,2017-04-17,32462500,4291,176,0,0,0,0,0,0,0,0,4292,68,0,0,0,0,0,0,0,0
126,2017-04-17,09:01:03,0,ag1706,XSGE,4292,4246,4337,269334,17324054250,564078,542366,4464,4039,4252,4263,0,4269,0,0,0,2017-04-17,32463000,4291,176,0,0,0,0,0,0,0,0,4292,67,0,0,0,0,0,0,0,0
127,2017-04-17,09:01:03,500,ag1706,XSGE,4292,4246,4337,269334,17324054250,564078,542366,4464,4039,4252,4263,0,4269,0,0,0,2017-04-17,32463500,4291,169,0,0,0,0,0,0,0,0,4292,69,0,0,0,0,0,0,0,0
128,2017-04-17,09:01:04,0,ag1706,XSGE,4291,4246,4337,269382,17327143890,564078,542366,4464,4039,4252,4263,0,4269,0,0,0,2017-04-17,32464000,4291,131,0,0,0,0,0,0,0,0,4292,69,0,0,0,0,0,0,0,0
129,2017-04-17,09:01:04,500,ag1706,XSGE,4291,4246,4337,269598,17341046730,564106,542366,4464,4039,4252,4263,0,4269,0,0,0,2017-04-17,32464500,4290,50,0,0,0,0,0,0,0,0,4291,23,0,0,0,0,0,0,0,0
130,2017-04-17,09:01:05,0,ag1706,XSGE,4290,4246,4337,269696,17347353120,564084,542366,4464,4039,4252,4263,0,4269,0,0,0,2017-04-17,32465000,4290,69,0,0,0,0,0,0,0,0,4291,79,0,0,0,0,0,0,0,0
131,2017-04-17,09:01:05,500,ag1706,XSGE,4291,4246,4337,269810,17354689590,564044,542366,4464,4039,4252,4263,0,4269,0,0,0,2017-04-17,32465500,4290,31,0,0,0,0,0,0,0,0,4291,92,0,0,0,0,0,0,0,0
132,2017-04-17,09:01:06,0,ag1706,XSGE,4290,4246,4337,269988,17366143890,564042,542366,4464,4039,4252,4263,0,4269,0,0,0,2017-04-17,32466000,4290,42,0,0,0,0,0,0,0,0,4291,102,0,0,0,0,0,0,0,0
133,2017-04-17,09:01:06,500,ag1706,XSGE,4290,4246,4337,270084,17372321490,564018,542366,4464,4039,4252,4263,0,4269,0,0,0,2017-04-17,32466500,4289,38,0,0,0,0,0,0,0,0,4290,34,0,0,0,0,0,0,0,0
134,2017-04-17,09:01:07,0,ag1706,XSGE,4290,4246,4337,270198,17379657390,563960,542366,4464,4039,4252,4263,0,4269,0,0,0,2017-04-17,32467000,4290,40,0,0,0,0,0,0,0,0,4291,87,0,0,0,0,0,0,0,0
135,2017-04-17,09:01:07,500,ag1706,XSGE,4290,4246,4337,270208,17380300890,563956,542366,4464,4039,4252,4263,0,4269,0,0,0,2017-04-17,32467500,4290,35,0,0,0,0,0,0,0,0,4291,87,0,0,0,0,0,0,0,0
136,2017-04-17,09:01:08,0,ag1706,XSGE,4290,4246,4337,270256,17383389690,563946,542366,4464,4039,4252,4263,0,4269,0,0,0,2017-04-17,32468000,4290,11,0,0,0,0,0,0,0,0,4291,87,0,0,0,0,0,0,0,0
137,2017-04-17,09:01:08,500,ag1706,XSGE,4290,4246,4337,270278,17384805390,563946,542366,4464,4039,4252,4263,0,4269,0,0,0,2017-04-17,32468500,4289,49,0,0,0,0,0,0,0,0,4290,47,0,0,0,0,0,0,0,0
138,2017-04-17,09:01:09,0,ag1706,XSGE,4289,4246,4337,270286,17385320070,563946,542366,4464,4039,4252,4263,0,4269,0,0,0,2017-04-17,32469000,4289,36,0,0,0,0,0,0,0,0,4290,63,0,0,0,0,0,0,0,0
139,2017-04-17,09:01:09,500,ag1706,XSGE,4289,4246,4337,270312,17386992810,563946,542366,4464,4039,4252,4263,0,4269,0,0,0,2017-04-17,32469500,4289,12,0,0,0,0,0,0,0,0,4290,51,0,0,0,0,0,0,0,0
140,2017-04-17,09:01:10,0,ag1706,XSGE,4289,4246,4337,270336,17388537030,563958,542366,4464,4039,4252,4263,0,4269,0,0,0,2017-04-17,32470000,4289,6,0,0,0,0,0,0,0,0,4290,50,0,0,0,0,0,0,0,0
141,2017-04-17,09:01:10,500,ag1706,XSGE,4290,4246,4337,270370,17390724750,563952,542366,4464,4039,4252,4263,0,4269,0,0,0,2017-04-17,32470500,4288,57,0,0,0,0,0,0,0,0,4290,50,0,0,0,0,0,0,0,0
142,2017-04-17,09:01:11,0,ag1706,XSGE,4288,4246,4337,270380,17391368070,563946,542366,4464,4039,4252,4263,0,4269,0,0,0,2017-04-17,32471000,4288,61,0,0,0,0,0,0,0,0,4289,26,0,0,0,0,0,0,0,0
143,2017-04-17,09:01:11,500,ag1706,XSGE,4288,4246,4337,270406,17393040420,563936,542366,4464,4039,4252,4263,0,4269,0,0,0,2017-04-17,32471500,4288,70,0,0,0,0,0,0,0,0,4289,28,0,0,0,0,0,0,0,0
144,2017-04-17,09:01:12,0,ag1706,XSGE,4288,4246,4337,270410,17393297700,563940,542366,4464,4039,4252,4263,0,4269,0,0,0,2017-04-17,32472000,4288,60,0,0,0,0,0,0,0,0,4289,29,0,0,0,0,0,0,0,0
145,2017-04-17,09:01:12,500,ag1706,XSGE,4288,4246,4337,270424,17394198300,563940,542366,4464,4039,4252,4263,0,4269,0,0,0,2017-04-17,32472500,4288,57,0,0,0,0,0,0,0,0,4289,40,0,0,0,0,0,0,0,0
146,2017-04-17,09:01:13,0,ag1706,XSGE,4289,4246,4337,270534,17401274340,563878,542366,4464,4039,4252,4263,0,4269,0,0,0,2017-04-17,32473000,4288,18,0,0,0,0,0,0,0,0,4289,24,0,0,0,0,0,0,0,0
147,2017-04-17,09:01:13,500,ag1706,XSGE,4288,4246,4337,270558,17402818020,563882,542366,4464,4039,4252,4263,0,4269,0,0,0,2017-04-17,32473500,4288,6,0,0,0,0,0,0,0,0,4289,24,0,0,0,0,0,0,0,0
148,2017-04-17,09:01:14,0,ag1706,XSGE,4289,4246,4337,270560,17402946690,563880,542366,4464,4039,4252,4263,0,4269,0,0,0,2017-04-17,32474000,4288,14,0,0,0,0,0,0,0,0,4289,28,0,0,0,0,0,0,0,0
149,2017-04-17,09:01:14,500,ag1706,XSGE,4289,4246,4337,270564,17403204000,563880,542366,4464,4039,4252,4263,0,4269,0,0,0,2017-04-17,32474500,4288,13,0,0,0,0,0,0,0,0,4289,27,0,0,0,0,0,0,0,0
150,2017-04-17,09:01:15,0,ag1706,XSGE,4288,4246,4337,270584,17404490400,563876,542366,4464,4039,4252,4263,0,4269,0,0,0,2017-04-17,32475000,4288,14,0,0,0,0,0,0,0,0,4289,33,0,0,0,0,0,0,0,0
151,2017-04-17,09:01:15,500,ag1706,XSGE,4288,4246,4337,270590,17404876320,563872,542366,4464,4039,4252,4263,0,4269,0,0,0,2017-04-17,32475500,4288,27,0,0,0,0,0,0,0,0,4289,33,0,0,0,0,0,0,0,0
152,2017-04-17,09:01:16,0,ag1706,XSGE,4288,4246,4337,270598,17405390880,563880,542366,4464,4039,4252,4263,0,4269,0,0,0,2017-04-17,32476000,4288,26,0,0,0,0,0,0,0,0,4289,33,0,0,0,0,0,0,0,0
153,2017-04-17,09:01:16,500,ag1706,XSGE,4289,4246,4337,270616,17406548730,563888,542366,4464,4039,4252,4263,0,4269,0,0,0,2017-04-17,32476500,4288,20,0,0,0,0,0,0,0,0,4289,31,0,0,0,0,0,0,0,0
154,2017-04-17,09:01:17,0,ag1706,XSGE,4289,4246,4337,270626,17407192080,563898,542366,4464,4039,4252,4263,0,4269,0,0,0,2017-04-17,32477000,4288,22,0,0,0,0,0,0,0,0,4289,36,0,0,0,0,0,0,0,0
155,2017-04-17,09:01:17,500,ag1706,XSGE,4288,4246,4337,270646,17408478480,563886,542366,4464,4039,4252,4263,0,4269,0,0,0,2017-04-17,32477500,4288,22,0,0,0,0,0,0,0,0,4289,67,0,0,0,0,0,0,0,0
156,2017-04-17,09:01:18,0,ag1706,XSGE,4289,4246,4337,270714,17412852600,563878,542366,4464,4039,4252,4263,0,4269,0,0,0,2017-04-17,32478000,4287,74,0,0,0,0,0,0,0,0,4289,58,0,0,0,0,0,0,0,0
157,2017-04-17,09:01:18,500,ag1706,XSGE,4288,4246,4337,270716,17412981240,563880,542366,4464,4039,4252,4263,0,4269,0,0,0,2017-04-17,32478500,4287,74,0,0,0,0,0,0,0,0,4288,1,0,0,0,0,0,0,0,0
158,2017-04-17,09:01:19,0,ag1706,XSGE,4288,4246,4337,270724,17413495800,563880,542366,4464,4039,4252,4263,0,4269,0,0,0,2017-04-17,32479000,4287,86,0,0,0,0,0,0,0,0,4288,37,0,0,0,0,0,0,0,0
159,2017-04-17,09:01:19,500,ag1706,XSGE,4287,4246,4337,270728,17413753050,563880,542366,4464,4039,4252,4263,0,4269,0,0,0,2017-04-17,32479500,4287,73,0,0,0,0,0,0,0,0,4288,40,0,0,0,0,0,0,0,0
160,2017-04-17,09:01:20,0,ag1706,XSGE,4288,4246,4337,270798,17418255450,563910,542366,4464,4039,4252,4263,0,4269,0,0,0,2017-04-17,32480000,4287,65,0,0,0,0,0,0,0,0,4288,59,0,0,0,0,0,0,0,0
161,2017-04-17,09:01:20,500,ag1706,XSGE,4288,4246,4337,270802,17418512700,563906,542366,4464,4039,4252,4263,0,4269,0,0,0,2017-04-17,32480500,4287,65,0,0,0,0,0,0,0,0,4288,74,0,0,0,0,0,0,0,0
162,2017-04-17,09:01:21,0,ag1706,XSGE,4287,4246,4337,270808,17418898560,563904,542366,4464,4039,4252,4263,0,4269,0,0,0,2017-04-17,32481000,4287,63,0,0,0,0,0,0,0,0,4288,104,0,0,0,0,0,0,0,0
163,2017-04-17,09:01:21,500,ag1706,XSGE,4287,4246,4337,270816,17419413060,563908,542366,4464,4039,4252,4263,0,4269,0,0,0,2017-04-17,32481500,4287,61,0,0,0,0,0,0,0,0,4288,104,0,0,0,0,0,0,0,0
164,2017-04-17,09:01:22,0,ag1706,XSGE,4287,4246,4337,270920,17426100780,563952,542366,4464,4039,4252,4263,0,4269,0,0,0,2017-04-17,32482000,4287,17,0,0,0,0,0,0,0,0,4288,104,0,0,0,0,0,0,0,0
165,2017-04-17,09:01:22,500,ag1706,XSGE,4286,4246,4337,270958,17428544340,563934,542366,4464,4039,4252,4263,0,4269,0,0,0,2017-04-17,32482500,4286,46,0,0,0,0,0,0,0,0,4287,75,0,0,0,0,0,0,0,0
166,2017-04-17,09:01:23,0,ag1706,XSGE,4286,4246,4337,270958,17428544340,563934,542366,4464,4039,4252,4263,0,4269,0,0,0,2017-04-17,32483000,4286,38,0,0,0,0,0,0,0,0,4287,88,0,0,0,0,0,0,0,0
167,2017-04-17,09:01:23,500,ag1706,XSGE,4287,4246,4337,271026,17432916870,563906,542366,4464,4039,4252,4263,0,4269,0,0,0,2017-04-17,32483500,4286,32,0,0,0,0,0,0,0,0,4287,73,0,0,0,0,0,0,0,0
168,2017-04-17,09:01:24,0,ag1706,XSGE,4287,4246,4337,271090,17437031490,563946,542366,4464,4039,4252,4263,0,4269,0,0,0,2017-04-17,32484000,4286,2,0,0,0,0,0,0,0,0,4287,92,0,0,0,0,0,0,0,0
169,2017-04-17,09:01:24,500,ag1706,XSGE,4286,4246,4337,271102,17437802970,563956,542366,4464,4039,4252,4263,0,4269,0,0,0,2017-04-17,32484500,4285,75,0,0,0,0,0,0,0,0,4286,120,0,0,0,0,0,0,0,0
170,2017-04-17,09:01:25,0,ag1706,XSGE,4286,4246,4337,271146,17440631100,563940,542366,4464,4039,4252,4263,0,4269,0,0,0,2017-04-17,32485000,4285,57,0,0,0,0,0,0,0,0,4286,144,0,0,0,0,0,0,0,0
171,2017-04-17,09:01:25,500,ag1706,XSGE,4286,4246,4337,271148,17440759680,563938,542366,4464,4039,4252,4263,0,4269,0,0,0,2017-04-17,32485500,4285,54,0,0,0,0,0,0,0,0,4286,149,0,0,0,0,0,0,0,0
172,2017-04-17,09:01:26,0,ag1706,XSGE,4286,4246,4337,271152,17441016810,563936,542366,4464,4039,4252,4263,0,4269,0,0,0,2017-04-17,32486000,4285,53,0,0,0,0,0,0,0,0,4286,118,0,0,0,0,0,0,0,0
173,2017-04-17,09:01:26,500,ag1706,XSGE,4285,4246,4337,271186,17443202190,563938,542366,4464,4039,4252,4263,0,4269,0,0,0,2017-04-17,32486500,4285,37,0,0,0,0,0,0,0,0,4286,111,0,0,0,0,0,0,0,0
174,2017-04-17,09:01:27,0,ag1706,XSGE,4285,4246,4337,271268,17448472860,563884,542366,4464,4039,4252,4263,0,4269,0,0,0,2017-04-17,32487000,4284,3,0,0,0,0,0,0,0,0,4285,5,0,0,0,0,0,0,0,0
175,2017-04-17,09:01:27,500,ag1706,XSGE,4285,4246,4337,271282,17449372650,563870,542366,4464,4039,4252,4263,0,4269,0,0,0,2017-04-17,32487500,4284,17,0,0,0,0,0,0,0,0,4285,6,0,0,0,0,0,0,0,0
176,2017-04-17,09:01:28,0,ag1706,XSGE,4285,4246,4337,271284,17449501200,563870,542366,4464,4039,4252,4263,0,4269,0,0,0,2017-04-17,32488000,4284,36,0,0,0,0,0,0,0,0,4285,50,0,0,0,0,0,0,0,0
177,2017-04-17,09:01:28,500,ag1706,XSGE,4285,4246,4337,271296,17450272380,563868,542366,4464,4039,4252,4263,0,4269,0,0,0,2017-04-17,32488500,4284,30,0,0,0,0,0,0,0,0,4285,48,0,0,0,0,0,0,0,0
178,2017-04-17,09:01:29,0,ag1706,XSGE,4284,4246,4337,271380,17455670550,563882,542366,4464,4039,4252,4263,0,4269,0,0,0,2017-04-17,32489000,4283,169,0,0,0,0,0,0,0,0,4284,24,0,0,0,0,0,0,0,0
179,2017-04-17,09:01:29,500,ag1706,XSGE,4284,4246,4337,271392,17456441670,563886,542366,4464,4039,4252,4263,0,4269,0,0,0,2017-04-17,32489500,4283,214,0,0,0,0,0,0,0,0,4284,26,0,0,0,0,0,0,0,0
180,2017-04-17,09:01:30,0,ag1706,XSGE,4283,4246,4337,271398,17456827200,563888,542366,4464,4039,4252,4263,0,4269,0,0,0,2017-04-17,32490000,4283,212,0,0,0,0,0,0,0,0,4284,26,0,0,0,0,0,0,0,0
181,2017-04-17,09:01:30,500,ag1706,XSGE,4283,4246,4337,271406,17457341220,563884,542366,4464,4039,4252,4263,0,4269,0,0,0,2017-04-17,32490500,4283,210,0,0,0,0,0,0,0,0,4284,38,0,0,0,0,0,0,0,0
182,2017-04-17,09:01:31,0,ag1706,XSGE,4285,4246,4337,271502,17463510420,563914,542366,4464,4039,4252,4263,0,4269,0,0,0,2017-04-17,32491000,4283,78,0,0,0,0,0,0,0,0,4285,39,0,0,0,0,0,0,0,0
183,2017-04-17,09:01:31,500,ag1706,XSGE,4283,4246,4337,271506,17463767430,563910,542366,4464,4039,4252,4263,0,4269,0,0,0,2017-04-17,32491500,4283,65,0,0,0,0,0,0,0,0,4285,59,0,0,0,0,0,0,0,0
184,2017-04-17,09:01:32,0,ag1706,XSGE,4285,4246,4337,271512,17464153080,563912,542366,4464,4039,4252,4263,0,4269,0,0,0,2017-04-17,32492000,4283,65,0,0,0,0,0,0,0,0,4285,40,0,0,0,0,0,0,0,0
185,2017-04-17,09:01:32,500,ag1706,XSGE,4283,4246,4337,271578,17468393520,563884,542366,4464,4039,4252,4263,0,4269,0,0,0,2017-04-17,32492500,4283,39,0,0,0,0,0,0,0,0,4285,40,0,0,0,0,0,0,0,0
186,2017-04-17,09:01:33,0,ag1706,XSGE,4283,4246,4337,271592,17469292950,563874,542366,4464,4039,4252,4263,0,4269,0,0,0,2017-04-17,32493000,4283,42,0,0,0,0,0,0,0,0,4284,5,0,0,0,0,0,0,0,0
187,2017-04-17,09:01:33,500,ag1706,XSGE,4283,4246,4337,271610,17470449570,563876,542366,4464,4039,4252,4263,0,4269,0,0,0,2017-04-17,32493500,4283,52,0,0,0,0,0,0,0,0,4284,1,0,0,0,0,0,0,0,0
188,2017-04-17,09:01:34,0,ag1706,XSGE,4284,4246,4337,271896,17488822590,563960,542366,4464,4039,4252,4263,0,4269,0,0,0,2017-04-17,32494000,4281,2,0,0,0,0,0,0,0,0,4282,1,0,0,0,0,0,0,0,0
189,2017-04-17,09:01:34,500,ag1706,XSGE,4282,4246,4337,271974,17493831960,563950,542366,4464,4039,4252,4263,0,4269,0,0,0,2017-04-17,32494500,4281,49,0,0,0,0,0,0,0,0,4282,74,0,0,0,0,0,0,0,0
190,2017-04-17,09:01:35,0,ag1706,XSGE,4282,4246,4337,272042,17498199510,563944,542366,4464,4039,4252,4263,0,4269,0,0,0,2017-04-17,32495000,4281,10,0,0,0,0,0,0,0,0,4282,43,0,0,0,0,0,0,0,0
191,2017-04-17,09:01:35,500,ag1706,XSGE,4282,4246,4337,272088,17501153970,563922,542366,4464,4039,4252,4263,0,4269,0,0,0,2017-04-17,32495500,4281,17,0,0,0,0,0,0,0,0,4282,24,0,0,0,0,0,0,0,0
192,2017-04-17,09:01:36,0,ag1706,XSGE,4281,4246,4337,272260,17512201290,564012,542366,4464,4039,4252,4263,0,4269,0,0,0,2017-04-17,32496000,4280,45,0,0,0,0,0,0,0,0,4281,1,0,0,0,0,0,0,0,0
193,2017-04-17,09:01:36,500,ag1706,XSGE,4280,4246,4337,272320,17516053620,564008,542366,4464,4039,4252,4263,0,4269,0,0,0,2017-04-17,32496500,4280,66,0,0,0,0,0,0,0,0,4282,4,0,0,0,0,0,0,0,0
194,2017-04-17,09:01:37,0,ag1706,XSGE,4280,4246,4337,272366,17519007990,564020,542366,4464,4039,4252,4263,0,4269,0,0,0,2017-04-17,32497000,4280,50,0,0,0,0,0,0,0,0,4281,40,0,0,0,0,0,0,0,0
195,2017-04-17,09:01:37,500,ag1706,XSGE,4280,4246,4337,272396,17520934140,564030,542366,4464,4039,4252,4263,0,4269,0,0,0,2017-04-17,32497500,4280,40,0,0,0,0,0,0,0,0,4281,42,0,0,0,0,0,0,0,0
196,2017-04-17,09:01:38,0,ag1706,XSGE,4281,4246,4337,272404,17521447860,564030,542366,4464,4039,4252,4263,0,4269,0,0,0,2017-04-17,32498000,4279,27,0,0,0,0,0,0,0,0,4281,39,0,0,0,0,0,0,0,0
197,2017-04-17,09:01:38,500,ag1706,XSGE,4279,4246,4337,272414,17522089830,564028,542366,4464,4039,4252,4263,0,4269,0,0,0,2017-04-17,32498500,4279,27,0,0,0,0,0,0,0,0,4280,4,0,0,0,0,0,0,0,0
198,2017-04-17,09:01:39,0,ag1706,XSGE,4280,4246,4337,272436,17523502170,564022,542366,4464,4039,4252,4263,0,4269,0,0,0,2017-04-17,32499000,4279,31,0,0,0,0,0,0,0,0,4280,2,0,0,0,0,0,0,0,0
199,2017-04-17,09:01:39,500,ag1706,XSGE,4280,4246,4337,272504,17527867980,564028,542366,4464,4039,4252,4263,0,4269,0,0,0,2017-04-17,32499500,4279,24,0,0,0,0,0,0,0,0,4281,31,0,0,0,0,0,0,0,0
200,2017-04-17,09:01:40,0,ag1706,XSGE,4280,4246,4337,272514,17528509950,564024,542366,4464,4039,4252,4263,0,4269,0,0,0,2017-04-17,32500000,4280,50,0,0,0,0,0,0,0,0,4281,38,0,0,0,0,0,0,0,0
201,2017-04-17,09:01:40,500,ag1706,XSGE,4281,4246,4337,272516,17528638380,564024,542366,4464,4039,4252,4263,0,4269,0,0,0,2017-04-17,32500500,4280,50,0,0,0,0,0,0,0,0,4281,37,0,0,0,0,0,0,0,0
202,2017-04-17,09:01:41,0,ag1706,XSGE,4281,4246,4337,272528,17529408810,564014,542366,4464,4039,4252,4263,0,4269,0,0,0,2017-04-17,32501000,4280,52,0,0,0,0,0,0,0,0,4281,36,0,0,0,0,0,0,0,0
203,2017-04-17,09:01:41,500,ag1706,XSGE,4281,4246,4337,272568,17531977410,564010,542366,4464,4039,4252,4263,0,4269,0,0,0,2017-04-17,32501500,4280,58,0,0,0,0,0,0,0,0,4281,16,0,0,0,0,0,0,0,0
204,2017-04-17,09:01:42,0,ag1706,XSGE,4281,4246,4337,272638,17536472100,563976,542366,4464,4039,4252,4263,0,4269,0,0,0,2017-04-17,32502000,4281,24,0,0,0,0,0,0,0,0,4282,14,0,0,0,0,0,0,0,0
205,2017-04-17,09:01:42,500,ag1706,XSGE,4282,4246,4337,272692,17539940490,563992,542366,4464,4039,4252,4263,0,4269,0,0,0,2017-04-17,32502500,4282,20,0,0,0,0,0,0,0,0,4283,31,0,0,0,0,0,0,0,0
206,2017-04-17,09:01:43,0,ag1706,XSGE,4282,4246,4337,272736,17542766640,563954,542366,4464,4039,4252,4263,0,4269,0,0,0,2017-04-17,32503000,4282,7,0,0,0,0,0,0,0,0,4283,36,0,0,0,0,0,0,0,0
207,2017-04-17,09:01:43,500,ag1706,XSGE,4282,4246,4337,272780,17545593240,563912,542366,4464,4039,4252,4263,0,4269,0,0,0,2017-04-17,32503500,4282,3,0,0,0,0,0,0,0,0,4283,21,0,0,0,0,0,0,0,0
208,2017-04-17,09:01:44,0,ag1706,XSGE,4284,4246,4337,272828,17548677030,563896,542366,4464,4039,4252,4263,0,4269,0,0,0,2017-04-17,32504000,4283,25,0,0,0,0,0,0,0,0,4284,9,0,0,0,0,0,0,0,0
209,2017-04-17,09:01:44,500,ag1706,XSGE,4283,4246,4337,272888,17552531730,563850,542366,4464,4039,4252,4263,0,4269,0,0,0,2017-04-17,32504500,4283,6,0,0,0,0,0,0,0,0,4284,8,0,0,0,0,0,0,0,0
210,2017-04-17,09:01:45,0,ag1706,XSGE,4284,4246,4337,272934,17555487630,563860,542366,4464,4039,4252,4263,0,4269,0,0,0,2017-04-17,32505000,4284,77,0,0,0,0,0,0,0,0,4285,71,0,0,0,0,0,0,0,0
211,2017-04-17,09:01:45,500,ag1706,XSGE,4285,4246,4337,272984,17558701380,563858,542366,4464,4039,4252,4263,0,4269,0,0,0,2017-04-17,32505500,4284,77,0,0,0,0,0,0,0,0,4285,51,0,0,0,0,0,0,0,0
212,2017-04-17,09:01:46,0,ag1706,XSGE,4284,4246,4337,273010,17560372470,563860,542366,4464,4039,4252,4263,0,4269,0,0,0,2017-04-17,32506000,4284,86,0,0,0,0,0,0,0,0,4285,37,0,0,0,0,0,0,0,0
213,2017-04-17,09:01:46,500,ag1706,XSGE,4285,4246,4337,273084,17565128820,563892,542366,4464,4039,4252,4263,0,4269,0,0,0,2017-04-17,32506500,4285,8,0,0,0,0,0,0,0,0,4286,14,0,0,0,0,0,0,0,0
214,2017-04-17,09:01:47,0,ag1706,XSGE,4285,4246,4337,273146,17569114920,563868,542366,4464,4039,4252,4263,0,4269,0,0,0,2017-04-17,32507000,4285,18,0,0,0,0,0,0,0,0,4287,6,0,0,0,0,0,0,0,0
215,2017-04-17,09:01:47,500,ag1706,XSGE,4285,4246,4337,273184,17571557610,563850,542366,4464,4039,4252,4263,0,4269,0,0,0,2017-04-17,32507500,4285,43,0,0,0,0,0,0,0,0,4287,15,0,0,0,0,0,0,0,0
216,2017-04-17,09:01:48,0,ag1706,XSGE,4287,4246,4337,273190,17571943380,563852,542366,4464,4039,4252,4263,0,4269,0,0,0,2017-04-17,32508000,4285,97,0,0,0,0,0,0,0,0,4287,16,0,0,0,0,0,0,0,0
217,2017-04-17,09:01:48,500,ag1706,XSGE,4287,4246,4337,273216,17573615190,563850,542366,4464,4039,4252,4263,0,4269,0,0,0,2017-04-17,32508500,4286,28,0,0,0,0,0,0,0,0,4287,4,0,0,0,0,0,0,0,0
218,2017-04-17,09:01:49,0,ag1706,XSGE,4286,4246,4337,273410,17586088620,563792,542366,4464,4039,4252,4263,0,4269,0,0,0,2017-04-17,32509000,4286,11,0,0,0,0,0,0,0,0,4288,74,0,0,0,0,0,0,0,0
219,2017-04-17,09:01:49,500,ag1706,XSGE,4286,4246,4337,273446,17588403060,563816,542366,4464,4039,4252,4263,0,4269,0,0,0,2017-04-17,32509500,4285,120,0,0,0,0,0,0,0,0,4286,12,0,0,0,0,0,0,0,0
220,2017-04-17,09:01:50,0,ag1706,XSGE,4286,4246,4337,273504,17592131940,563802,542366,4464,4039,4252,4263,0,4269,0,0,0,2017-04-17,32510000,4286,11,0,0,0,0,0,0,0,0,4287,36,0,0,0,0,0,0,0,0
221,2017-04-17,09:01:50,500,ag1706,XSGE,4287,4246,4337,273578,17596890480,563834,542366,4464,4039,4252,4263,0,4269,0,0,0,2017-04-17,32510500,4286,48,0,0,0,0,0,0,0,0,4287,10,0,0,0,0,0,0,0,0
222,2017-04-17,09:01:51,0,ag1706,XSGE,4287,4246,4337,273598,17598176580,563832,542366,4464,4039,4252,4263,0,4269,0,0,0,2017-04-17,32511000,4287,6,0,0,0,0,0,0,0,0,4288,100,0,0,0,0,0,0,0,0
223,2017-04-17,09:01:51,500,ag1706,XSGE,4287,4246,4337,273600,17598305190,563832,542366,4464,4039,4252,4263,0,4269,0,0,0,2017-04-17,32511500,4287,36,0,0,0,0,0,0,0,0,4288,100,0,0,0,0,0,0,0,0
224,2017-04-17,09:01:52,0,ag1706,XSGE,4287,4246,4337,273606,17598691080,563830,542366,4464,4039,4252,4263,0,4269,0,0,0,2017-04-17,32512000,4287,35,0,0,0,0,0,0,0,0,4288,98,0,0,0,0,0,0,0,0
225,2017-04-17,09:01:52,500,ag1706,XSGE,4287,4246,4337,273606,17598691080,563830,542366,4464,4039,4252,4263,0,4269,0,0,0,2017-04-17,32512500,4287,41,0,0,0,0,0,0,0,0,4288,98,0,0,0,0,0,0,0,0
226,2017-04-17,09:01:53,0,ag1706,XSGE,4288,4246,4337,273656,17601906390,563788,542366,4464,4039,4252,4263,0,4269,0,0,0,2017-04-17,32513000,4287,20,0,0,0,0,0,0,0,0,4288,96,0,0,0,0,0,0,0,0
227,2017-04-17,09:01:53,500,ag1706,XSGE,4288,4246,4337,273656,17601906390,563788,542366,4464,4039,4252,4263,0,4269,0,0,0,2017-04-17,32513500,4287,21,0,0,0,0,0,0,0,0,4288,96,0,0,0,0,0,0,0,0
228,2017-04-17,09:01:54,0,ag1706,XSGE,4287,4246,4337,273676,17603192490,563782,542366,4464,4039,4252,4263,0,4269,0,0,0,2017-04-17,32514000,4287,11,0,0,0,0,0,0,0,0,4288,96,0,0,0,0,0,0,0,0
229,2017-04-17,09:01:54,500,ag1706,XSGE,4286,4246,4337,273714,17605635900,563806,542366,4464,4039,4252,4263,0,4269,0,0,0,2017-04-17,32514500,4286,48,0,0,0,0,0,0,0,0,4287,1,0,0,0,0,0,0,0,0
230,2017-04-17,09:01:55,0,ag1706,XSGE,4287,4246,4337,273804,17611424010,563766,542366,4464,4039,4252,4263,0,4269,0,0,0,2017-04-17,32515000,4287,54,0,0,0,0,0,0,0,0,4288,72,0,0,0,0,0,0,0,0
231,2017-04-17,09:01:55,500,ag1706,XSGE,4287,4246,4337,273866,17615410950,563804,542366,4464,4039,4252,4263,0,4269,0,0,0,2017-04-17,32515500,4287,28,0,0,0,0,0,0,0,0,4288,71,0,0,0,0,0,0,0,0
232,2017-04-17,09:01:56,0,ag1706,XSGE,4287,4246,4337,273898,17617468710,563822,542366,4464,4039,4252,4263,0,4269,0,0,0,2017-04-17,32516000,4287,12,0,0,0,0,0,0,0,0,4288,71,0,0,0,0,0,0,0,0
233,2017-04-17,09:01:56,500,ag1706,XSGE,4287,4246,4337,273936,17619912270,563814,542366,4464,4039,4252,4263,0,4269,0,0,0,2017-04-17,32516500,4286,43,0,0,0,0,0,0,0,0,4287,126,0,0,0,0,0,0,0,0
234,2017-04-17,09:01:57,0,ag1706,XSGE,4286,4246,4337,273978,17622612450,563850,542366,4464,4039,4252,4263,0,4269,0,0,0,2017-04-17,32517000,4285,112,0,0,0,0,0,0,0,0,4287,148,0,0,0,0,0,0,0,0
235,2017-04-17,09:01:57,500,ag1706,XSGE,4285,4246,4337,273996,17623769430,563836,542366,4464,4039,4252,4263,0,4269,0,0,0,2017-04-17,32517500,4285,78,0,0,0,0,0,0,0,0,4286,4,0,0,0,0,0,0,0,0
236,2017-04-17,09:01:58,0,ag1706,XSGE,4285,4246,4337,273996,17623769430,563836,542366,4464,4039,4252,4263,0,4269,0,0,0,2017-04-17,32518000,4285,40,0,0,0,0,0,0,0,0,4286,33,0,0,0,0,0,0,0,0
237,2017-04-17,09:01:58,500,ag1706,XSGE,4286,4246,4337,274036,17626340640,563832,542366,4464,4039,4252,4263,0,4269,0,0,0,2017-04-17,32518500,4285,7,0,0,0,0,0,0,0,0,4286,77,0,0,0,0,0,0,0,0
238,2017-04-17,09:01:59,0,ag1706,XSGE,4285,4246,4337,274052,17627369040,563844,542366,4464,4039,4252,4263,0,4269,0,0,0,2017-04-17,32519000,4284,25,0,0,0,0,0,0,0,0,4285,105,0,0,0,0,0,0,0,0
239,2017-04-17,09:01:59,500,ag1706,XSGE,4284,4246,4337,274110,17631096120,563854,542366,4464,4039,4252,4263,0,4269,0,0,0,2017-04-17,32519500,4283,18,0,0,0,0,0,0,0,0,4284,59,0,0,0,0,0,0,0,0
240,2017-04-17,09:02:00,0,ag1706,XSGE,4284,4246,4337,274150,17633665980,563864,542366,4464,4039,4252,4263,0,4269,0,0,0,2017-04-17,32520000,4282,32,0,0,0,0,0,0,0,0,4284,38,0,0,0,0,0,0,0,0
241,2017-04-17,09:02:00,500,ag1706,XSGE,4284,4246,4337,274150,17633665980,563864,542366,4464,4039,4252,4263,0,4269,0,0,0,2017-04-17,32520500,4282,75,0,0,0,0,0,0,0,0,4283,7,0,0,0,0,0,0,0,0
242,2017-04-17,09:02:01,0,ag1706,XSGE,4284,4246,4337,274186,17635978920,563866,542366,4464,4039,4252,4263,0,4269,0,0,0,2017-04-17,32521000,4283,11,0,0,0,0,0,0,0,0,4284,31,0,0,0,0,0,0,0,0
243,2017-04-17,09:02:01,500,ag1706,XSGE,4284,4246,4337,274234,17639062860,563884,542366,4464,4039,4252,4263,0,4269,0,0,0,2017-04-17,32521500,4283,28,0,0,0,0,0,0,0,0,4284,40,0,0,0,0,0,0,0,0
244,2017-04-17,09:02:02,0,ag1706,XSGE,4284,4246,4337,274240,17639448420,563890,542366,4464,4039,4252,4263,0,4269,0,0,0,2017-04-17,32522000,4283,28,0,0,0,0,0,0,0,0,4284,37,0,0,0,0,0,0,0,0
245,2017-04-17,09:02:02,500,ag1706,XSGE,4284,4246,4337,274240,17639448420,563890,542366,4464,4039,4252,4263,0,4269,0,0,0,2017-04-17,32522500,4283,29,0,0,0,0,0,0,0,0,4284,37,0,0,0,0,0,0,0,0
246,2017-04-17,09:02:03,0,ag1706,XSGE,4284,4246,4337,274262,17640862140,563892,542366,4464,4039,4252,4263,0,4269,0,0,0,2017-04-17,32523000,4283,41,0,0,0,0,0,0,0,0,4284,31,0,0,0,0,0,0,0,0
247,2017-04-17,09:02:03,500,ag1706,XSGE,4283,4246,4337,274358,17647029870,563878,542366,4464,4039,4252,4263,0,4269,0,0,0,2017-04-17,32523500,4282,33,0,0,0,0,0,0,0,0,4283,19,0,0,0,0,0,0,0,0
248,2017-04-17,09:02:04,0,ag1706,XSGE,4283,4246,4337,274402,17649856650,563852,542366,4464,4039,4252,4263,0,4269,0,0,0,2017-04-17,32524000,4282,65,0,0,0,0,0,0,0,0,4283,5,0,0,0,0,0,0,0,0
249,2017-04-17,09:02:04,500,ag1706,XSGE,4283,4246,4337,274406,17650113630,563854,542366,4464,4039,4252,4263,0,4269,0,0,0,2017-04-17,32524500,4282,116,0,0,0,0,0,0,0,0,4283,6,0,0,0,0,0,0,0,0
250,2017-04-17,09:02:05,0,ag1706,XSGE,4284,4246,4337,274428,17651527080,563850,542366,4464,4039,4252,4263,0,4269,0,0,0,2017-04-17,32525000,4283,13,0,0,0,0,0,0,0,0,4284,44,0,0,0,0,0,0,0,0
251,2017-04-17,09:02:05,500,ag1706,XSGE,4284,4246,4337,274442,17652426720,563852,542366,4464,4039,4252,4263,0,4269,0,0,0,2017-04-17,32525500,4283,3,0,0,0,0,0,0,0,0,4284,42,0,0,0,0,0,0,0,0
252,2017-04-17,09:02:06,0,ag1706,XSGE,4283,4246,4337,274444,17652555210,563850,542366,4464,4039,4252,4263,0,4269,0,0,0,2017-04-17,32526000,4283,15,0,0,0,0,0,0,0,0,4284,42,0,0,0,0,0,0,0,0
253,2017-04-17,09:02:06,500,ag1706,XSGE,4283,4246,4337,274468,17654097420,563852,542366,4464,4039,4252,4263,0,4269,0,0,0,2017-04-17,32526500,4283,13,0,0,0,0,0,0,0,0,4284,31,0,0,0,0,0,0,0,0
254,2017-04-17,09:02:07,0,ag1706,XSGE,4283,4246,4337,274502,17656281750,563830,542366,4464,4039,4252,4263,0,4269,0,0,0,2017-04-17,32527000,4282,97,0,0,0,0,0,0,0,0,4283,3,0,0,0,0,0,0,0,0
255,2017-04-17,09:02:07,500,ag1706,XSGE,4283,4246,4337,274510,17656795680,563826,542366,4464,4039,4252,4263,0,4269,0,0,0,2017-04-17,32527500,4283,9,0,0,0,0,0,0,0,0,4284,37,0,0,0,0,0,0,0,0
256,2017-04-17,09:02:08,0,ag1706,XSGE,4283,4246,4337,274532,17658209100,563810,542366,4464,4039,4252,4263,0,4269,0,0,0,2017-04-17,32528000,4282,97,0,0,0,0,0,0,0,0,4283,17,0,0,0,0,0,0,0,0
257,2017-04-17,09:02:08,500,ag1706,XSGE,4283,4246,4337,274534,17658337590,563810,542366,4464,4039,4252,4263,0,4269,0,0,0,2017-04-17,32528500,4282,97,0,0,0,0,0,0,0,0,4283,30,0,0,0,0,0,0,0,0
258,2017-04-17,09:02:09,0,ag1706,XSGE,4284,4246,4337,274640,17665147320,563748,542366,4464,4039,4252,4263,0,4269,0,0,0,2017-04-17,32529000,4283,28,0,0,0,0,0,0,0,0,4284,37,0,0,0,0,0,0,0,0
259,2017-04-17,09:02:09,500,ag1706,XSGE,4284,4246,4337,274644,17665404360,563748,542366,4464,4039,4252,4263,0,4269,0,0,0,2017-04-17,32529500,4283,36,0,0,0,0,0,0,0,0,4284,36,0,0,0,0,0,0,0,0
260,2017-04-17,09:02:10,0,ag1706,XSGE,4283,4246,4337,274708,17669516070,563694,542366,4464,4039,4252,4263,0,4269,0,0,0,2017-04-17,32530000,4283,5,0,0,0,0,0,0,0,0,4284,34,0,0,0,0,0,0,0,0
261,2017-04-17,09:02:10,500,ag1706,XSGE,4283,4246,4337,274714,17669901540,563694,542366,4464,4039,4252,4263,0,4269,0,0,0,2017-04-17,32530500,4283,3,0,0,0,0,0,0,0,0,4284,38,0,0,0,0,0,0,0,0
262,2017-04-17,09:02:11,0,ag1706,XSGE,4283,4246,4337,274720,17670287070,563698,542366,4464,4039,4252,4263,0,4269,0,0,0,2017-04-17,32531000,4283,2,0,0,0,0,0,0,0,0,4284,45,0,0,0,0,0,0,0,0
263,2017-04-17,09:02:11,500,ag1706,XSGE,4284,4246,4337,274736,17671315170,563708,542366,4464,4039,4252,4263,0,4269,0,0,0,2017-04-17,32531500,4283,4,0,0,0,0,0,0,0,0,4284,40,0,0,0,0,0,0,0,0
264,2017-04-17,09:02:12,0,ag1706,XSGE,4283,4246,4337,274740,17671572180,563708,542366,4464,4039,4252,4263,0,4269,0,0,0,2017-04-17,32532000,4283,37,0,0,0,0,0,0,0,0,4284,45,0,0,0,0,0,0,0,0
265,2017-04-17,09:02:12,500,ag1706,XSGE,4284,4246,4337,274744,17671829190,563708,542366,4464,4039,4252,4263,0,4269,0,0,0,2017-04-17,32532500,4283,36,0,0,0,0,0,0,0,0,4284,44,0,0,0,0,0,0,0,0
266,2017-04-17,09:02:13,0,ag1706,XSGE,4284,4246,4337,274834,17677612560,563658,542366,4464,4039,4252,4263,0,4269,0,0,0,2017-04-17,32533000,4284,9,0,0,0,0,0,0,0,0,4285,59,0,0,0,0,0,0,0,0
267,2017-04-17,09:02:13,500,ag1706,XSGE,4284,4246,4337,274858,17679154800,563634,542366,4464,4039,4252,4263,0,4269,0,0,0,2017-04-17,32533500,4283,53,0,0,0,0,0,0,0,0,4285,55,0,0,0,0,0,0,0,0
268,2017-04-17,09:02:14,0,ag1706,XSGE,4283,4246,4337,274860,17679283290,563632,542366,4464,4039,4252,4263,0,4269,0,0,0,2017-04-17,32534000,4283,46,0,0,0,0,0,0,0,0,4284,5,0,0,0,0,0,0,0,0
269,2017-04-17,09:02:14,500,ag1706,XSGE,4283,4246,4337,274860,17679283290,563632,542366,4464,4039,4252,4263,0,4269,0,0,0,2017-04-17,32534500,4283,59,0,0,0,0,0,0,0,0,4285,54,0,0,0,0,0,0,0,0
270,2017-04-17,09:02:15,0,ag1706,XSGE,4283,4246,4337,274876,17680311210,563632,542366,4464,4039,4252,4263,0,4269,0,0,0,2017-04-17,32535000,4283,56,0,0,0,0,0,0,0,0,4284,3,0,0,0,0,0,0,0,0
271,2017-04-17,09:02:15,500,ag1706,XSGE,4284,4246,4337,275000,17688277680,563622,542366,4464,4039,4252,4263,0,4269,0,0,0,2017-04-17,32535500,4284,7,0,0,0,0,0,0,0,0,4285,54,0,0,0,0,0,0,0,0
272,2017-04-17,09:02:16,0,ag1706,XSGE,4283,4246,4337,275022,17689691280,563604,542366,4464,4039,4252,4263,0,4269,0,0,0,2017-04-17,32536000,4283,27,0,0,0,0,0,0,0,0,4284,2,0,0,0,0,0,0,0,0
273,2017-04-17,09:02:16,500,ag1706,XSGE,4284,4246,4337,275026,17689948290,563604,542366,4464,4039,4252,4263,0,4269,0,0,0,2017-04-17,32536500,4284,3,0,0,0,0,0,0,0,0,4285,80,0,0,0,0,0,0,0,0
274,2017-04-17,09:02:17,0,ag1706,XSGE,4284,4246,4337,275028,17690076810,563602,542366,4464,4039,4252,4263,0,4269,0,0,0,2017-04-17,32537000,4284,2,0,0,0,0,0,0,0,0,4285,96,0,0,0,0,0,0,0,0
275,2017-04-17,09:02:17,500,ag1706,XSGE,4284,4246,4337,275032,17690333850,563600,542366,4464,4039,4252,4263,0,4269,0,0,0,2017-04-17,32537500,4283,47,0,0,0,0,0,0,0,0,4285,97,0,0,0,0,0,0,0,0
276,2017-04-17,09:02:18,0,ag1706,XSGE,4284,4246,4337,275034,17690462370,563600,542366,4464,4039,4252,4263,0,4269,0,0,0,2017-04-17,32538000,4283,87,0,0,0,0,0,0,0,0,4284,2,0,0,0,0,0,0,0,0
277,2017-04-17,09:02:18,500,ag1706,XSGE,4284,4246,4337,275054,17691747570,563584,542366,4464,4039,4252,4263,0,4269,0,0,0,2017-04-17,32538500,4284,4,0,0,0,0,0,0,0,0,4285,92,0,0,0,0,0,0,0,0
278,2017-04-17,09:02:19,0,ag1706,XSGE,4285,4246,4337,275060,17692133220,563582,542366,4464,4039,4252,4263,0,4269,0,0,0,2017-04-17,32539000,4284,4,0,0,0,0,0,0,0,0,4285,89,0,0,0,0,0,0,0,0
279,2017-04-17,09:02:19,500,ag1706,XSGE,4285,4246,4337,275060,17692133220,563582,542366,4464,4039,4252,4263,0,4269,0,0,0,2017-04-17,32539500,4284,9,0,0,0,0,0,0,0,0,4285,89,0,0,0,0,0,0,0,0
280,2017-04-17,09:02:20,0,ag1706,XSGE,4285,4246,4337,275060,17692133220,563582,542366,4464,4039,4252,4263,0,4269,0,0,0,2017-04-17,32540000,4284,14,0,0,0,0,0,0,0,0,4285,94,0,0,0,0,0,0,0,0
281,2017-04-17,09:02:20,500,ag1706,XSGE,4283,4246,4337,275164,17698815420,563508,542366,4464,4039,4252,4263,0,4269,0,0,0,2017-04-17,32540500,4283,75,0,0,0,0,0,0,0,0,4285,89,0,0,0,0,0,0,0,0
282,2017-04-17,09:02:21,0,ag1706,XSGE,4285,4246,4337,275172,17699329620,563500,542366,4464,4039,4252,4263,0,4269,0,0,0,2017-04-17,32541000,4284,1,0,0,0,0,0,0,0,0,4285,85,0,0,0,0,0,0,0,0
283,2017-04-17,09:02:21,500,ag1706,XSGE,4284,4246,4337,275174,17699458140,563498,542366,4464,4039,4252,4263,0,4269,0,0,0,2017-04-17,32541500,4283,85,0,0,0,0,0,0,0,0,4284,10,0,0,0,0,0,0,0,0
284,2017-04-17,09:02:22,0,ag1706,XSGE,4284,4246,4337,275174,17699458140,563498,542366,4464,4039,4252,4263,0,4269,0,0,0,2017-04-17,32542000,4283,101,0,0,0,0,0,0,0,0,4284,11,0,0,0,0,0,0,0,0
285,2017-04-17,09:02:22,500,ag1706,XSGE,4284,4246,4337,275208,17701642800,563490,542366,4464,4039,4252,4263,0,4269,0,0,0,2017-04-17,32542500,4283,106,0,0,0,0,0,0,0,0,4285,87,0,0,0,0,0,0,0,0
286,2017-04-17,09:02:23,0,ag1706,XSGE,4284,4246,4337,275224,17702670960,563500,542366,4464,4039,4252,4263,0,4269,0,0,0,2017-04-17,32543000,4284,1,0,0,0,0,0,0,0,0,4285,87,0,0,0,0,0,0,0,0
287,2017-04-17,09:02:23,500,ag1706,XSGE,4284,4246,4337,275226,17702799480,563502,542366,4464,4039,4252,4263,0,4269,0,0,0,2017-04-17,32543500,4283,115,0,0,0,0,0,0,0,0,4284,2,0,0,0,0,0,0,0,0
288,2017-04-17,09:02:24,0,ag1706,XSGE,4284,4246,4337,275226,17702799480,563502,542366,4464,4039,4252,4263,0,4269,0,0,0,2017-04-17,32544000,4283,115,0,0,0,0,0,0,0,0,4284,2,0,0,0,0,0,0,0,0
289,2017-04-17,09:02:24,500,ag1706,XSGE,4283,4246,4337,275234,17703313500,563502,542366,4464,4039,4252,4263,0,4269,0,0,0,2017-04-17,32544500,4283,113,0,0,0,0,0,0,0,0,4284,33,0,0,0,0,0,0,0,0
290,2017-04-17,09:02:25,0,ag1706,XSGE,4284,4246,4337,275294,17707169100,563558,542366,4464,4039,4252,4263,0,4269,0,0,0,2017-04-17,32545000,4283,113,0,0,0,0,0,0,0,0,4284,3,0,0,0,0,0,0,0,0
291,2017-04-17,09:02:25,500,ag1706,XSGE,4283,4246,4337,275374,17712309540,563568,542366,4464,4039,4252,4263,0,4269,0,0,0,2017-04-17,32545500,4283,108,0,0,0,0,0,0,0,0,4284,5,0,0,0,0,0,0,0,0
292,2017-04-17,09:02:26,0,ag1706,XSGE,4285,4246,4337,275484,17719379640,563514,542366,4464,4039,4252,4263,0,4269,0,0,0,2017-04-17,32546000,4284,7,0,0,0,0,0,0,0,0,4285,39,0,0,0,0,0,0,0,0
293,2017-04-17,09:02:26,500,ag1706,XSGE,4284,4246,4337,275496,17720150820,563508,542366,4464,4039,4252,4263,0,4269,0,0,0,2017-04-17,32546500,4284,5,0,0,0,0,0,0,0,0,4285,37,0,0,0,0,0,0,0,0
294,2017-04-17,09:02:27,0,ag1706,XSGE,4285,4246,4337,275508,17720922060,563504,542366,4464,4039,4252,4263,0,4269,0,0,0,2017-04-17,32547000,4284,17,0,0,0,0,0,0,0,0,4285,33,0,0,0,0,0,0,0,0
295,2017-04-17,09:02:27,500,ag1706,XSGE,4284,4246,4337,275514,17721307620,563506,542366,4464,4039,4252,4263,0,4269,0,0,0,2017-04-17,32547500,4284,15,0,0,0,0,0,0,0,0,4285,40,0,0,0,0,0,0,0,0
296,2017-04-17,09:02:28,0,ag1706,XSGE,4284,4246,4337,275536,17722721340,563486,542366,4464,4039,4252,4263,0,4269,0,0,0,2017-04-17,32548000,4284,4,0,0,0,0,0,0,0,0,4285,40,0,0,0,0,0,0,0,0
297,2017-04-17,09:02:28,500,ag1706,XSGE,4284,4246,4337,275536,17722721340,563486,542366,4464,4039,4252,4263,0,4269,0,0,0,2017-04-17,32548500,4284,4,0,0,0,0,0,0,0,0,4285,33,0,0,0,0,0,0,0,0
298,2017-04-17,09:02:29,0,ag1706,XSGE,4284,4246,4337,275546,17723363940,563480,542366,4464,4039,4252,4263,0,4269,0,0,0,2017-04-17,32549000,4283,108,0,0,0,0,0,0,0,0,4284,1,0,0,0,0,0,0,0,0
299,2017-04-17,09:02:29,500,ag1706,XSGE,4284,4246,4337,275552,17723749500,563480,542366,4464,4039,4252,4263,0,4269,0,0,0,2017-04-17,32549500,4284,28,0,0,0,0,0,0,0,0,4285,51,0,0,0,0,0,0,0,0
300,2017-04-17,09:02:30,0,ag1706,XSGE,4284,4246,4337,275562,17724392130,563480,542366,4464,4039,4252,4263,0,4269,0,0,0,2017-04-17,32550000,4284,25,0,0,0,0,0,0,0,0,4285,51,0,0,0,0,0,0,0,0
301,2017-04-17,09:02:30,500,ag1706,XSGE,4285,4246,4337,275566,17724649230,563484,542366,4464,4039,4252,4263,0,4269,0,0,0,2017-04-17,32550500,4284,25,0,0,0,0,0,0,0,0,4285,49,0,0,0,0,0,0,0,0
302,2017-04-17,09:02:31,0,ag1706,XSGE,4285,4246,4337,275570,17724906330,563488,542366,4464,4039,4252,4263,0,4269,0,0,0,2017-04-17,32551000,4284,25,0,0,0,0,0,0,0,0,4285,47,0,0,0,0,0,0,0,0
303,2017-04-17,09:02:31,500,ag1706,XSGE,4284,4246,4337,275576,17725291950,563488,542366,4464,4039,4252,4263,0,4269,0,0,0,2017-04-17,32551500,4284,26,0,0,0,0,0,0,0,0,4285,45,0,0,0,0,0,0,0,0
304,2017-04-17,09:02:32,0,ag1706,XSGE,4284,4246,4337,275578,17725420470,563486,542366,4464,4039,4252,4263,0,4269,0,0,0,2017-04-17,32552000,4284,26,0,0,0,0,0,0,0,0,4285,45,0,0,0,0,0,0,0,0
305,2017-04-17,09:02:32,500,ag1706,XSGE,4285,4246,4337,275590,17726191740,563490,542366,4464,4039,4252,4263,0,4269,0,0,0,2017-04-17,32552500,4284,32,0,0,0,0,0,0,0,0,4285,40,0,0,0,0,0,0,0,0
306,2017-04-17,09:02:33,0,ag1706,XSGE,4285,4246,4337,275688,17732490690,563450,542366,4464,4039,4252,4263,0,4269,0,0,0,2017-04-17,32553000,4285,1,0,0,0,0,0,0,0,0,4286,70,0,0,0,0,0,0,0,0
307,2017-04-17,09:02:33,500,ag1706,XSGE,4284,4246,4337,275698,17733133320,563444,542366,4464,4039,4252,4263,0,4269,0,0,0,2017-04-17,32553500,4284,31,0,0,0,0,0,0,0,0,4285,47,0,0,0,0,0,0,0,0
308,2017-04-17,09:02:34,0,ag1706,XSGE,4285,4246,4337,275794,17739303720,563352,542366,4464,4039,4252,4263,0,4269,0,0,0,2017-04-17,32554000,4285,102,0,0,0,0,0,0,0,0,4286,72,0,0,0,0,0,0,0,0
309,2017-04-17,09:02:34,500,ag1706,XSGE,4286,4246,4337,275798,17739560850,563348,542366,4464,4039,4252,4263,0,4269,0,0,0,2017-04-17,32554500,4285,101,0,0,0,0,0,0,0,0,4286,66,0,0,0,0,0,0,0,0
310,2017-04-17,09:02:35,0,ag1706,XSGE,4286,4246,4337,275838,17742131880,563332,542366,4464,4039,4252,4263,0,4269,0,0,0,2017-04-17,32555000,4285,82,0,0,0,0,0,0,0,0,4286,66,0,0,0,0,0,0,0,0
311,2017-04-17,09:02:35,500,ag1706,XSGE,4285,4246,4337,275848,17742774630,563322,542366,4464,4039,4252,4263,0,4269,0,0,0,2017-04-17,32555500,4285,77,0,0,0,0,0,0,0,0,4286,66,0,0,0,0,0,0,0,0
312,2017-04-17,09:02:36,0,ag1706,XSGE,4285,4246,4337,275922,17747530980,563248,542366,4464,4039,4252,4263,0,4269,0,0,0,2017-04-17,32556000,4285,40,0,0,0,0,0,0,0,0,4286,66,0,0,0,0,0,0,0,0
313,2017-04-17,09:02:36,500,ag1706,XSGE,4285,4246,4337,275922,17747530980,563248,542366,4464,4039,4252,4263,0,4269,0,0,0,2017-04-17,32556500,4285,41,0,0,0,0,0,0,0,0,4286,66,0,0,0,0,0,0,0,0
314,2017-04-17,09:02:37,0,ag1706,XSGE,4285,4246,4337,275924,17747659530,563246,542366,4464,4039,4252,4263,0,4269,0,0,0,2017-04-17,32557000,4285,40,0,0,0,0,0,0,0,0,4286,67,0,0,0,0,0,0,0,0
315,2017-04-17,09:02:37,500,ag1706,XSGE,4286,4246,4337,275994,17752159830,563288,542366,4464,4039,4252,4263,0,4269,0,0,0,2017-04-17,32557500,4285,40,0,0,0,0,0,0,0,0,4286,32,0,0,0,0,0,0,0,0
316,2017-04-17,09:02:38,0,ag1706,XSGE,4285,4246,4337,276002,17752674090,563280,542366,4464,4039,4252,4263,0,4269,0,0,0,2017-04-17,32558000,4285,50,0,0,0,0,0,0,0,0,4286,31,0,0,0,0,0,0,0,0
317,2017-04-17,09:02:38,500,ag1706,XSGE,4286,4246,4337,276008,17753059830,563280,542366,4464,4039,4252,4263,0,4269,0,0,0,2017-04-17,32558500,4285,50,0,0,0,0,0,0,0,0,4286,27,0,0,0,0,0,0,0,0
318,2017-04-17,09:02:39,0,ag1706,XSGE,4286,4246,4337,276064,17756660040,563232,542366,4464,4039,4252,4263,0,4269,0,0,0,2017-04-17,32559000,4286,35,0,0,0,0,0,0,0,0,4287,146,0,0,0,0,0,0,0,0
319,2017-04-17,09:02:39,500,ag1706,XSGE,4286,4246,4337,276070,17757045780,563228,542366,4464,4039,4252,4263,0,4269,0,0,0,2017-04-17,32559500,4286,32,0,0,0,0,0,0,0,0,4287,147,0,0,0,0,0,0,0,0
320,2017-04-17,09:02:40,0,ag1706,XSGE,4286,4246,4337,276072,17757174360,563228,542366,4464,4039,4252,4263,0,4269,0,0,0,2017-04-17,32560000,4286,35,0,0,0,0,0,0,0,0,4287,146,0,0,0,0,0,0,0,0
321,2017-04-17,09:02:40,500,ag1706,XSGE,4286,4246,4337,276094,17758588740,563206,542366,4464,4039,4252,4263,0,4269,0,0,0,2017-04-17,32560500,4286,24,0,0,0,0,0,0,0,0,4287,146,0,0,0,0,0,0,0,0
322,2017-04-17,09:02:41,0,ag1706,XSGE,4287,4246,4337,276096,17758717350,563204,542366,4464,4039,4252,4263,0,4269,0,0,0,2017-04-17,32561000,4286,25,0,0,0,0,0,0,0,0,4287,145,0,0,0,0,0,0,0,0
323,2017-04-17,09:02:41,500,ag1706,XSGE,4286,4246,4337,276130,17760903210,563176,542366,4464,4039,4252,4263,0,4269,0,0,0,2017-04-17,32561500,4286,9,0,0,0,0,0,0,0,0,4287,137,0,0,0,0,0,0,0,0
324,2017-04-17,09:02:42,0,ag1706,XSGE,4286,4246,4337,276148,17762060430,563162,542366,4464,4039,4252,4263,0,4269,0,0,0,2017-04-17,32562000,4285,110,0,0,0,0,0,0,0,0,4286,6,0,0,0,0,0,0,0,0
325,2017-04-17,09:02:42,500,ag1706,XSGE,4285,4246,4337,276150,17762188980,563160,542366,4464,4039,4252,4263,0,4269,0,0,0,2017-04-17,32562500,4285,109,0,0,0,0,0,0,0,0,4286,9,0,0,0,0,0,0,0,0
326,2017-04-17,09:02:43,0,ag1706,XSGE,4286,4246,4337,276162,17762960460,563148,542366,4464,4039,4252,4263,0,4269,0,0,0,2017-04-17,32563000,4285,109,0,0,0,0,0,0,0,0,4286,13,0,0,0,0,0,0,0,0
327,2017-04-17,09:02:43,500,ag1706,XSGE,4286,4246,4337,276176,17763860520,563134,542366,4464,4039,4252,4263,0,4269,0,0,0,2017-04-17,32563500,4285,109,0,0,0,0,0,0,0,0,4286,13,0,0,0,0,0,0,0,0
328,2017-04-17,09:02:44,0,ag1706,XSGE,4286,4246,4337,276176,17763860520,563134,542366,4464,4039,4252,4263,0,4269,0,0,0,2017-04-17,32564000,4285,109,0,0,0,0,0,0,0,0,4286,17,0,0,0,0,0,0,0,0
329,2017-04-17,09:02:44,500,ag1706,XSGE,4286,4246,4337,276176,17763860520,563134,542366,4464,4039,4252,4263,0,4269,0,0,0,2017-04-17,32564500,4285,119,0,0,0,0,0,0,0,0,4286,19,0,0,0,0,0,0,0,0
330,2017-04-17,09:02:45,0,ag1706,XSGE,4286,4246,4337,276182,17764246260,563134,542366,4464,4039,4252,4263,0,4269,0,0,0,2017-04-17,32565000,4285,119,0,0,0,0,0,0,0,0,4286,18,0,0,0,0,0,0,0,0
331,2017-04-17,09:02:45,500,ag1706,XSGE,4286,4246,4337,276186,17764503420,563136,542366,4464,4039,4252,4263,0,4269,0,0,0,2017-04-17,32565500,4285,119,0,0,0,0,0,0,0,0,4286,24,0,0,0,0,0,0,0,0
332,2017-04-17,09:02:46,0,ag1706,XSGE,4285,4246,4337,276192,17764889100,563132,542366,4464,4039,4252,4263,0,4269,0,0,0,2017-04-17,32566000,4285,117,0,0,0,0,0,0,0,0,4286,23,0,0,0,0,0,0,0,0
333,2017-04-17,09:02:46,500,ag1706,XSGE,4285,4246,4337,276208,17765917710,563130,542366,4464,4039,4252,4263,0,4269,0,0,0,2017-04-17,32566500,4285,116,0,0,0,0,0,0,0,0,4286,17,0,0,0,0,0,0,0,0
334,2017-04-17,09:02:47,0,ag1706,XSGE,4285,4246,4337,276238,17767846110,563120,542366,4464,4039,4252,4263,0,4269,0,0,0,2017-04-17,32567000,4285,106,0,0,0,0,0,0,0,0,4286,21,0,0,0,0,0,0,0,0
335,2017-04-17,09:02:47,500,ag1706,XSGE,4286,4246,4337,276326,17773503630,563092,542366,4464,4039,4252,4263,0,4269,0,0,0,2017-04-17,32567500,4286,43,0,0,0,0,0,0,0,0,4287,132,0,0,0,0,0,0,0,0
336,2017-04-17,09:02:48,0,ag1706,XSGE,4285,4246,4337,276622,17792535330,563172,542366,4464,4039,4252,4263,0,4269,0,0,0,2017-04-17,32568000,4285,99,0,0,0,0,0,0,0,0,4287,66,0,0,0,0,0,0,0,0
337,2017-04-17,09:02:48,500,ag1706,XSGE,4286,4246,4337,276624,17792663910,563172,542366,4464,4039,4252,4263,0,4269,0,0,0,2017-04-17,32568500,4285,87,0,0,0,0,0,0,0,0,4286,37,0,0,0,0,0,0,0,0
338,2017-04-17,09:02:49,0,ag1706,XSGE,4286,4246,4337,276654,17794592610,563156,542366,4464,4039,4252,4263,0,4269,0,0,0,2017-04-17,32569000,4285,88,0,0,0,0,0,0,0,0,4286,22,0,0,0,0,0,0,0,0
339,2017-04-17,09:02:49,500,ag1706,XSGE,4286,4246,4337,276658,17794849770,563152,542366,4464,4039,4252,4263,0,4269,0,0,0,2017-04-17,32569500,4285,100,0,0,0,0,0,0,0,0,4286,28,0,0,0,0,0,0,0,0
340,2017-04-17,09:02:50,0,ag1706,XSGE,4286,4246,4337,276658,17794849770,563152,542366,4464,4039,4252,4263,0,4269,0,0,0,2017-04-17,32570000,4285,100,0,0,0,0,0,0,0,0,4286,28,0,0,0,0,0,0,0,0
341,2017-04-17,09:02:50,500,ag1706,XSGE,4286,4246,4337,276658,17794849770,563152,542366,4464,4039,4252,4263,0,4269,0,0,0,2017-04-17,32570500,4285,101,0,0,0,0,0,0,0,0,4286,29,0,0,0,0,0,0,0,0
342,2017-04-17,09:02:51,0,ag1706,XSGE,4286,4246,4337,276662,17795106930,563156,542366,4464,4039,4252,4263,0,4269,0,0,0,2017-04-17,32571000,4285,103,0,0,0,0,0,0,0,0,4286,27,0,0,0,0,0,0,0,0
343,2017-04-17,09:02:51,500,ag1706,XSGE,4285,4246,4337,276682,17796392700,563158,542366,4464,4039,4252,4263,0,4269,0,0,0,2017-04-17,32571500,4285,103,0,0,0,0,0,0,0,0,4286,19,0,0,0,0,0,0,0,0
344,2017-04-17,09:02:52,0,ag1706,XSGE,4286,4246,4337,276700,17797549920,563158,542366,4464,4039,4252,4263,0,4269,0,0,0,2017-04-17,32572000,4285,121,0,0,0,0,0,0,0,0,4286,10,0,0,0,0,0,0,0,0
345,2017-04-17,09:02:52,500,ag1706,XSGE,4286,4246,4337,276720,17798835720,563154,542366,4464,4039,4252,4263,0,4269,0,0,0,2017-04-17,32572500,4286,3,0,0,0,0,0,0,0,0,4287,135,0,0,0,0,0,0,0,0
346,2017-04-17,09:02:53,0,ag1706,XSGE,4285,4246,4337,277004,17817090270,563030,542366,4464,4039,4252,4263,0,4269,0,0,0,2017-04-17,32573000,4284,51,0,0,0,0,0,0,0,0,4285,159,0,0,0,0,0,0,0,0
347,2017-04-17,09:02:53,500,ag1706,XSGE,4285,4246,4337,277018,17817990120,563028,542366,4464,4039,4252,4263,0,4269,0,0,0,2017-04-17,32573500,4284,57,0,0,0,0,0,0,0,0,4285,159,0,0,0,0,0,0,0,0
348,2017-04-17,09:02:54,0,ag1706,XSGE,4285,4246,4337,277020,17818118670,563028,542366,4464,4039,4252,4263,0,4269,0,0,0,2017-04-17,32574000,4284,58,0,0,0,0,0,0,0,0,4285,159,0,0,0,0,0,0,0,0
349,2017-04-17,09:02:54,500,ag1706,XSGE,4285,4246,4337,277022,17818247220,563028,542366,4464,4039,4252,4263,0,4269,0,0,0,2017-04-17,32574500,4284,58,0,0,0,0,0,0,0,0,4285,159,0,0,0,0,0,0,0,0
350,2017-04-17,09:02:55,0,ag1706,XSGE,4285,4246,4337,277024,17818375770,563028,542366,4464,4039,4252,4263,0,4269,0,0,0,2017-04-17,32575000,4284,57,0,0,0,0,0,0,0,0,4285,158,0,0,0,0,0,0,0,0
351,2017-04-17,09:02:55,500,ag1706,XSGE,4285,4246,4337,277028,17818632870,563028,542366,4464,4039,4252,4263,0,4269,0,0,0,2017-04-17,32575500,4284,57,0,0,0,0,0,0,0,0,4285,156,0,0,0,0,0,0,0,0
352,2017-04-17,09:02:56,0,ag1706,XSGE,4285,4246,4337,277028,17818632870,563028,542366,4464,4039,4252,4263,0,4269,0,0,0,2017-04-17,32576000,4284,50,0,0,0,0,0,0,0,0,4285,160,0,0,0,0,0,0,0,0
353,2017-04-17,09:02:56,500,ag1706,XSGE,4284,4246,4337,277040,17819404140,563028,542366,4464,4039,4252,4263,0,4269,0,0,0,2017-04-17,32576500,4284,49,0,0,0,0,0,0,0,0,4285,155,0,0,0,0,0,0,0,0
354,2017-04-17,09:02:57,0,ag1706,XSGE,4284,4246,4337,277040,17819404140,563028,542366,4464,4039,4252,4263,0,4269,0,0,0,2017-04-17,32577000,4284,50,0,0,0,0,0,0,0,0,4285,156,0,0,0,0,0,0,0,0
355,2017-04-17,09:02:57,500,ag1706,XSGE,4284,4246,4337,277044,17819661180,563024,542366,4464,4039,4252,4263,0,4269,0,0,0,2017-04-17,32577500,4284,50,0,0,0,0,0,0,0,0,4285,156,0,0,0,0,0,0,0,0
356,2017-04-17,09:02:58,0,ag1706,XSGE,4285,4246,4337,277046,17819789730,563024,542366,4464,4039,4252,4263,0,4269,0,0,0,2017-04-17,32578000,4284,50,0,0,0,0,0,0,0,0,4285,155,0,0,0,0,0,0,0,0
357,2017-04-17,09:02:58,500,ag1706,XSGE,4284,4246,4337,277068,17821203750,563022,542366,4464,4039,4252,4263,0,4269,0,0,0,2017-04-17,32578500,4284,49,0,0,0,0,0,0,0,0,4285,151,0,0,0,0,0,0,0,0
358,2017-04-17,09:02:59,500,ag1706,XSGE,4284,4246,4337,277072,17821460790,563018,542366,4464,4039,4252,4263,0,4269,0,0,0,2017-04-17,32579500,4284,47,0,0,0,0,0,0,0,0,4285,151,0,0,0,0,0,0,0,0
359,2017-04-17,09:03:00,0,ag1706,XSGE,4285,4246,4337,277278,17834701440,562818,542366,4464,4039,4252,4263,0,4269,0,0,0,2017-04-17,32580000,4284,48,0,0,0,0,0,0,0,0,4285,48,0,0,0,0,0,0,0,0
360,2017-04-17,09:03:00,500,ag1706,XSGE,4286,4246,4337,277388,17841771780,562760,542366,4464,4039,4252,4263,0,4269,0,0,0,2017-04-17,32580500,4285,29,0,0,0,0,0,0,0,0,4286,20,0,0,0,0,0,0,0,0
361,2017-04-17,09:03:01,0,ag1706,XSGE,4285,4246,4337,277394,17842157430,562762,542366,4464,4039,4252,4263,0,4269,0,0,0,2017-04-17,32581000,4285,54,0,0,0,0,0,0,0,0,4286,11,0,0,0,0,0,0,0,0
362,2017-04-17,09:03:01,500,ag1706,XSGE,4285,4246,4337,277394,17842157430,562762,542366,4464,4039,4252,4263,0,4269,0,0,0,2017-04-17,32581500,4285,66,0,0,0,0,0,0,0,0,4286,11,0,0,0,0,0,0,0,0
363,2017-04-17,09:03:02,0,ag1706,XSGE,4286,4246,4337,277400,17842543170,562762,542366,4464,4039,4252,4263,0,4269,0,0,0,2017-04-17,32582000,4285,73,0,0,0,0,0,0,0,0,4286,7,0,0,0,0,0,0,0,0
364,2017-04-17,09:03:02,500,ag1706,XSGE,4285,4246,4337,277402,17842671720,562762,542366,4464,4039,4252,4263,0,4269,0,0,0,2017-04-17,32582500,4285,60,0,0,0,0,0,0,0,0,4286,10,0,0,0,0,0,0,0,0
365,2017-04-17,09:03:03,0,ag1706,XSGE,4286,4246,4337,277456,17846143200,562746,542366,4464,4039,4252,4263,0,4269,0,0,0,2017-04-17,32583000,4286,12,0,0,0,0,0,0,0,0,4287,153,0,0,0,0,0,0,0,0
366,2017-04-17,09:03:03,500,ag1706,XSGE,4286,4246,4337,277522,17850386340,562788,542366,4464,4039,4252,4263,0,4269,0,0,0,2017-04-17,32583500,4285,67,0,0,0,0,0,0,0,0,4286,19,0,0,0,0,0,0,0,0
367,2017-04-17,09:03:04,0,ag1706,XSGE,4286,4246,4337,277522,17850386340,562788,542366,4464,4039,4252,4263,0,4269,0,0,0,2017-04-17,32584000,4285,68,0,0,0,0,0,0,0,0,4286,19,0,0,0,0,0,0,0,0
368,2017-04-17,09:03:04,500,ag1706,XSGE,4286,4246,4337,277528,17850772080,562794,542366,4464,4039,4252,4263,0,4269,0,0,0,2017-04-17,32584500,4285,68,0,0,0,0,0,0,0,0,4286,16,0,0,0,0,0,0,0,0
369,2017-04-17,09:03:05,0,ag1706,XSGE,4286,4246,4337,277528,17850772080,562794,542366,4464,4039,4252,4263,0,4269,0,0,0,2017-04-17,32585000,4285,69,0,0,0,0,0,0,0,0,4286,16,0,0,0,0,0,0,0,0
370,2017-04-17,09:03:05,500,ag1706,XSGE,4285,4246,4337,277534,17851157760,562796,542366,4464,4039,4252,4263,0,4269,0,0,0,2017-04-17,32585500,4285,64,0,0,0,0,0,0,0,0,4286,16,0,0,0,0,0,0,0,0
371,2017-04-17,09:03:06,0,ag1706,XSGE,4285,4246,4337,277536,17851286310,562796,542366,4464,4039,4252,4263,0,4269,0,0,0,2017-04-17,32586000,4285,64,0,0,0,0,0,0,0,0,4286,18,0,0,0,0,0,0,0,0
372,2017-04-17,09:03:06,500,ag1706,XSGE,4285,4246,4337,277536,17851286310,562796,542366,4464,4039,4252,4263,0,4269,0,0,0,2017-04-17,32586500,4285,65,0,0,0,0,0,0,0,0,4286,18,0,0,0,0,0,0,0,0
373,2017-04-17,09:03:07,0,ag1706,XSGE,4286,4246,4337,277548,17852057790,562794,542366,4464,4039,4252,4263,0,4269,0,0,0,2017-04-17,32587000,4285,65,0,0,0,0,0,0,0,0,4286,12,0,0,0,0,0,0,0,0
374,2017-04-17,09:03:07,500,ag1706,XSGE,4286,4246,4337,277646,17858357460,562798,542366,4464,4039,4252,4263,0,4269,0,0,0,2017-04-17,32587500,4286,76,0,0,0,0,0,0,0,0,4287,169,0,0,0,0,0,0,0,0
375,2017-04-17,09:03:08,0,ag1706,XSGE,4286,4246,4337,277736,17864143560,562820,542366,4464,4039,4252,4263,0,4269,0,0,0,2017-04-17,32588000,4286,33,0,0,0,0,0,0,0,0,4287,170,0,0,0,0,0,0,0,0
376,2017-04-17,09:03:08,500,ag1706,XSGE,4286,4246,4337,277744,17864657880,562828,542366,4464,4039,4252,4263,0,4269,0,0,0,2017-04-17,32588500,4286,29,0,0,0,0,0,0,0,0,4287,169,0,0,0,0,0,0,0,0
377,2017-04-17,09:03:09,0,ag1706,XSGE,4286,4246,4337,277756,17865429360,562828,542366,4464,4039,4252,4263,0,4269,0,0,0,2017-04-17,32589000,4286,24,0,0,0,0,0,0,0,0,4287,170,0,0,0,0,0,0,0,0
378,2017-04-17,09:03:09,500,ag1706,XSGE,4286,4246,4337,277758,17865557940,562828,542366,4464,4039,4252,4263,0,4269,0,0,0,2017-04-17,32589500,4286,23,0,0,0,0,0,0,0,0,4287,170,0,0,0,0,0,0,0,0
379,2017-04-17,09:03:10,0,ag1706,XSGE,4286,4246,4337,277758,17865557940,562828,542366,4464,4039,4252,4263,0,4269,0,0,0,2017-04-17,32590000,4286,31,0,0,0,0,0,0,0,0,4287,170,0,0,0,0,0,0,0,0
380,2017-04-17,09:03:10,500,ag1706,XSGE,4286,4246,4337,277760,17865686520,562828,542366,4464,4039,4252,4263,0,4269,0,0,0,2017-04-17,32590500,4286,30,0,0,0,0,0,0,0,0,4287,172,0,0,0,0,0,0,0,0
381,2017-04-17,09:03:11,0,ag1706,XSGE,4286,4246,4337,277760,17865686520,562828,542366,4464,4039,4252,4263,0,4269,0,0,0,2017-04-17,32591000,4286,50,0,0,0,0,0,0,0,0,4287,172,0,0,0,0,0,0,0,0
382,2017-04-17,09:03:11,500,ag1706,XSGE,4286,4246,4337,277766,17866072260,562828,542366,4464,4039,4252,4263,0,4269,0,0,0,2017-04-17,32591500,4286,48,0,0,0,0,0,0,0,0,4287,173,0,0,0,0,0,0,0,0
383,2017-04-17,09:03:12,0,ag1706,XSGE,4286,4246,4337,277776,17866715160,562828,542366,4464,4039,4252,4263,0,4269,0,0,0,2017-04-17,32592000,4286,54,0,0,0,0,0,0,0,0,4287,173,0,0,0,0,0,0,0,0
384,2017-04-17,09:03:12,500,ag1706,XSGE,4287,4246,4337,277778,17866843770,562830,542366,4464,4039,4252,4263,0,4269,0,0,0,2017-04-17,32592500,4286,54,0,0,0,0,0,0,0,0,4287,172,0,0,0,0,0,0,0,0
385,2017-04-17,09:03:13,0,ag1706,XSGE,4286,4246,4337,277780,17866972350,562830,542366,4464,4039,4252,4263,0,4269,0,0,0,2017-04-17,32593000,4286,56,0,0,0,0,0,0,0,0,4287,172,0,0,0,0,0,0,0,0
386,2017-04-17,09:03:13,500,ag1706,XSGE,4286,4246,4337,277790,17867615340,562838,542366,4464,4039,4252,4263,0,4269,0,0,0,2017-04-17,32593500,4286,54,0,0,0,0,0,0,0,0,4287,170,0,0,0,0,0,0,0,0
387,2017-04-17,09:03:14,0,ag1706,XSGE,4286,4246,4337,277792,17867743920,562838,542366,4464,4039,4252,4263,0,4269,0,0,0,2017-04-17,32594000,4286,53,0,0,0,0,0,0,0,0,4287,170,0,0,0,0,0,0,0,0
388,2017-04-17,09:03:14,500,ag1706,XSGE,4287,4246,4337,278034,17883305730,562704,542366,4464,4039,4252,4263,0,4269,0,0,0,2017-04-17,32594500,4286,43,0,0,0,0,0,0,0,0,4287,55,0,0,0,0,0,0,0,0
389,2017-04-17,09:03:15,0,ag1706,XSGE,4287,4246,4337,278038,17883562950,562700,542366,4464,4039,4252,4263,0,4269,0,0,0,2017-04-17,32595000,4286,59,0,0,0,0,0,0,0,0,4287,44,0,0,0,0,0,0,0,0
390,2017-04-17,09:03:15,500,ag1706,XSGE,4287,4246,4337,278074,17885877930,562672,542366,4464,4039,4252,4263,0,4269,0,0,0,2017-04-17,32595500,4286,57,0,0,0,0,0,0,0,0,4287,30,0,0,0,0,0,0,0,0
391,2017-04-17,09:03:16,0,ag1706,XSGE,4287,4246,4337,278134,17889736230,562650,542366,4464,4039,4252,4263,0,4269,0,0,0,2017-04-17,32596000,4287,97,0,0,0,0,0,0,0,0,4288,69,0,0,0,0,0,0,0,0
392,2017-04-17,09:03:16,500,ag1706,XSGE,4288,4246,4337,278200,17893980390,562646,542366,4464,4039,4252,4263,0,4269,0,0,0,2017-04-17,32596500,4287,94,0,0,0,0,0,0,0,0,4288,53,0,0,0,0,0,0,0,0
393,2017-04-17,09:03:17,0,ag1706,XSGE,4287,4246,4337,278206,17894366220,562646,542366,4464,4039,4252,4263,0,4269,0,0,0,2017-04-17,32597000,4287,97,0,0,0,0,0,0,0,0,4288,55,0,0,0,0,0,0,0,0
394,2017-04-17,09:03:17,500,ag1706,XSGE,4287,4246,4337,278228,17895780930,562626,542366,4464,4039,4252,4263,0,4269,0,0,0,2017-04-17,32597500,4287,97,0,0,0,0,0,0,0,0,4288,55,0,0,0,0,0,0,0,0
395,2017-04-17,09:03:18,0,ag1706,XSGE,4287,4246,4337,278242,17896681200,562612,542366,4464,4039,4252,4263,0,4269,0,0,0,2017-04-17,32598000,4287,91,0,0,0,0,0,0,0,0,4288,55,0,0,0,0,0,0,0,0
396,2017-04-17,09:03:18,500,ag1706,XSGE,4288,4246,4337,278246,17896938480,562608,542366,4464,4039,4252,4263,0,4269,0,0,0,2017-04-17,32598500,4287,99,0,0,0,0,0,0,0,0,4288,56,0,0,0,0,0,0,0,0
397,2017-04-17,09:03:19,0,ag1706,XSGE,4288,4246,4337,278248,17897067120,562608,542366,4464,4039,4252,4263,0,4269,0,0,0,2017-04-17,32599000,4287,99,0,0,0,0,0,0,0,0,4288,66,0,0,0,0,0,0,0,0
398,2017-04-17,09:03:19,500,ag1706,XSGE,4288,4246,4337,278248,17897067120,562608,542366,4464,4039,4252,4263,0,4269,0,0,0,2017-04-17,32599500,4287,98,0,0,0,0,0,0,0,0,4288,66,0,0,0,0,0,0,0,0
399,2017-04-17,09:03:20,0,ag1706,XSGE,4288,4246,4337,278248,17897067120,562608,542366,4464,4039,4252,4263,0,4269,0,0,0,2017-04-17,32600000,4287,98,0,0,0,0,0,0,0,0,4288,60,0,0,0,0,0,0,0,0
400,2017-04-17,09:03:20,500,ag1706,XSGE,4288,4246,4337,278248,17897067120,562608,542366,4464,4039,4252,4263,0,4269,0,0,0,2017-04-17,32600500,4287,100,0,0,0,0,0,0,0,0,4288,50,0,0,0,0,0,0,0,0
401,2017-04-17,09:03:21,0,ag1706,XSGE,4287,4246,4337,278302,17900540340,562622,542366,4464,4039,4252,4263,0,4269,0,0,0,2017-04-17,32601000,4287,98,0,0,0,0,0,0,0,0,4288,25,0,0,0,0,0,0,0,0
402,2017-04-17,09:03:21,500,ag1706,XSGE,4288,4246,4337,278354,17903884980,562610,542366,4464,4039,4252,4263,0,4269,0,0,0,2017-04-17,32601500,4288,50,0,0,0,0,0,0,0,0,4289,60,0,0,0,0,0,0,0,0
403,2017-04-17,09:03:22,0,ag1706,XSGE,4288,4246,4337,278414,17907744180,562608,542366,4464,4039,4252,4263,0,4269,0,0,0,2017-04-17,32602000,4288,23,0,0,0,0,0,0,0,0,4289,63,0,0,0,0,0,0,0,0
404,2017-04-17,09:03:22,500,ag1706,XSGE,4289,4246,4337,278436,17909159250,562588,542366,4464,4039,4252,4263,0,4269,0,0,0,2017-04-17,32602500,4288,26,0,0,0,0,0,0,0,0,4289,71,0,0,0,0,0,0,0,0
405,2017-04-17,09:03:23,0,ag1706,XSGE,4288,4246,4337,278458,17910574290,562570,542366,4464,4039,4252,4263,0,4269,0,0,0,2017-04-17,32603000,4288,17,0,0,0,0,0,0,0,0,4289,71,0,0,0,0,0,0,0,0
406,2017-04-17,09:03:23,500,ag1706,XSGE,4288,4246,4337,278494,17912890050,562548,542366,4464,4039,4252,4263,0,4269,0,0,0,2017-04-17,32603500,4288,33,0,0,0,0,0,0,0,0,4289,63,0,0,0,0,0,0,0,0
407,2017-04-17,09:03:24,0,ag1706,XSGE,4288,4246,4337,278496,17913018690,562546,542366,4464,4039,4252,4263,0,4269,0,0,0,2017-04-17,32604000,4288,37,0,0,0,0,0,0,0,0,4289,63,0,0,0,0,0,0,0,0
408,2017-04-17,09:03:24,500,ag1706,XSGE,4288,4246,4337,278516,17914305090,562558,542366,4464,4039,4252,4263,0,4269,0,0,0,2017-04-17,32604500,4288,27,0,0,0,0,0,0,0,0,4289,64,0,0,0,0,0,0,0,0
409,2017-04-17,09:03:25,0,ag1706,XSGE,4288,4246,4337,278516,17914305090,562558,542366,4464,4039,4252,4263,0,4269,0,0,0,2017-04-17,32605000,4288,32,0,0,0,0,0,0,0,0,4289,64,0,0,0,0,0,0,0,0
410,2017-04-17,09:03:25,500,ag1706,XSGE,4288,4246,4337,278516,17914305090,562558,542366,4464,4039,4252,4263,0,4269,0,0,0,2017-04-17,32605500,4288,32,0,0,0,0,0,0,0,0,4289,65,0,0,0,0,0,0,0,0
411,2017-04-17,09:03:26,0,ag1706,XSGE,4289,4246,4337,278538,17915720460,562558,542366,4464,4039,4252,4263,0,4269,0,0,0,2017-04-17,32606000,4288,32,0,0,0,0,0,0,0,0,4289,54,0,0,0,0,0,0,0,0
412,2017-04-17,09:03:26,500,ag1706,XSGE,4289,4246,4337,278540,17915849130,562558,542366,4464,4039,4252,4263,0,4269,0,0,0,2017-04-17,32606500,4288,27,0,0,0,0,0,0,0,0,4289,45,0,0,0,0,0,0,0,0
413,2017-04-17,09:03:27,0,ag1706,XSGE,4289,4246,4337,278590,17919065850,562528,542366,4464,4039,4252,4263,0,4269,0,0,0,2017-04-17,32607000,4288,21,0,0,0,0,0,0,0,0,4289,21,0,0,0,0,0,0,0,0
414,2017-04-17,09:03:27,500,ag1706,XSGE,4289,4246,4337,278590,17919065850,562528,542366,4464,4039,4252,4263,0,4269,0,0,0,2017-04-17,32607500,4288,36,0,0,0,0,0,0,0,0,4289,24,0,0,0,0,0,0,0,0
415,2017-04-17,09:03:28,0,ag1706,XSGE,4289,4246,4337,278638,17922153930,562552,542366,4464,4039,4252,4263,0,4269,0,0,0,2017-04-17,32608000,4289,17,0,0,0,0,0,0,0,0,4290,48,0,0,0,0,0,0,0,0
416,2017-04-17,09:03:28,500,ag1706,XSGE,4289,4246,4337,278672,17924341320,562584,542366,4464,4039,4252,4263,0,4269,0,0,0,2017-04-17,32608500,4288,36,0,0,0,0,0,0,0,0,4289,13,0,0,0,0,0,0,0,0
417,2017-04-17,09:03:29,0,ag1706,XSGE,4289,4246,4337,278672,17924341320,562584,542366,4464,4039,4252,4263,0,4269,0,0,0,2017-04-17,32609000,4288,36,0,0,0,0,0,0,0,0,4289,13,0,0,0,0,0,0,0,0
418,2017-04-17,09:03:29,500,ag1706,XSGE,4289,4246,4337,278674,17924469990,562584,542366,4464,4039,4252,4263,0,4269,0,0,0,2017-04-17,32609500,4288,36,0,0,0,0,0,0,0,0,4289,15,0,0,0,0,0,0,0,0
419,2017-04-17,09:03:30,0,ag1706,XSGE,4288,4246,4337,278676,17924598630,562584,542366,4464,4039,4252,4263,0,4269,0,0,0,2017-04-17,32610000,4288,35,0,0,0,0,0,0,0,0,4289,15,0,0,0,0,0,0,0,0
420,2017-04-17,09:03:30,500,ag1706,XSGE,4288,4246,4337,278676,17924598630,562584,542366,4464,4039,4252,4263,0,4269,0,0,0,2017-04-17,32610500,4288,40,0,0,0,0,0,0,0,0,4289,15,0,0,0,0,0,0,0,0
421,2017-04-17,09:03:31,0,ag1706,XSGE,4289,4246,4337,278726,17927814690,562550,542366,4464,4039,4252,4263,0,4269,0,0,0,2017-04-17,32611000,4288,21,0,0,0,0,0,0,0,0,4289,13,0,0,0,0,0,0,0,0
422,2017-04-17,09:03:31,500,ag1706,XSGE,4289,4246,4337,278736,17928458040,562550,542366,4464,4039,4252,4263,0,4269,0,0,0,2017-04-17,32611500,4288,23,0,0,0,0,0,0,0,0,4289,12,0,0,0,0,0,0,0,0
423,2017-04-17,09:03:32,0,ag1706,XSGE,4288,4246,4337,278742,17928843960,562552,542366,4464,4039,4252,4263,0,4269,0,0,0,2017-04-17,32612000,4288,24,0,0,0,0,0,0,0,0,4289,12,0,0,0,0,0,0,0,0
424,2017-04-17,09:03:32,500,ag1706,XSGE,4288,4246,4337,278742,17928843960,562552,542366,4464,4039,4252,4263,0,4269,0,0,0,2017-04-17,32612500,4288,24,0,0,0,0,0,0,0,0,4289,19,0,0,0,0,0,0,0,0
425,2017-04-17,09:03:33,0,ag1706,XSGE,4288,4246,4337,278808,17933089140,562574,542366,4464,4039,4252,4263,0,4269,0,0,0,2017-04-17,32613000,4288,13,0,0,0,0,0,0,0,0,4289,23,0,0,0,0,0,0,0,0
426,2017-04-17,09:03:33,500,ag1706,XSGE,4289,4246,4337,278816,17933603820,562572,542366,4464,4039,4252,4263,0,4269,0,0,0,2017-04-17,32613500,4288,14,0,0,0,0,0,0,0,0,4289,25,0,0,0,0,0,0,0,0
427,2017-04-17,09:03:34,0,ag1706,XSGE,4288,4246,4337,278858,17936305260,562576,542366,4464,4039,4252,4263,0,4269,0,0,0,2017-04-17,32614000,4287,100,0,0,0,0,0,0,0,0,4288,10,0,0,0,0,0,0,0,0
428,2017-04-17,09:03:34,500,ag1706,XSGE,4288,4246,4337,278858,17936305260,562576,542366,4464,4039,4252,4263,0,4269,0,0,0,2017-04-17,32614500,4287,100,0,0,0,0,0,0,0,0,4288,32,0,0,0,0,0,0,0,0
429,2017-04-17,09:03:35,0,ag1706,XSGE,4287,4246,4337,278864,17936691150,562574,542366,4464,4039,4252,4263,0,4269,0,0,0,2017-04-17,32615000,4287,94,0,0,0,0,0,0,0,0,4288,33,0,0,0,0,0,0,0,0
430,2017-04-17,09:03:35,500,ag1706,XSGE,4289,4246,4337,278972,17943638340,562606,542366,4464,4039,4252,4263,0,4269,0,0,0,2017-04-17,32615500,4287,94,0,0,0,0,0,0,0,0,4289,42,0,0,0,0,0,0,0,0
431,2017-04-17,09:03:36,0,ag1706,XSGE,4289,4246,4337,278978,17944024350,562600,542366,4464,4039,4252,4263,0,4269,0,0,0,2017-04-17,32616000,4287,95,0,0,0,0,0,0,0,0,4289,33,0,0,0,0,0,0,0,0
432,2017-04-17,09:03:36,500,ag1706,XSGE,4289,4246,4337,278978,17944024350,562600,542366,4464,4039,4252,4263,0,4269,0,0,0,2017-04-17,32616500,4288,3,0,0,0,0,0,0,0,0,4289,67,0,0,0,0,0,0,0,0
433,2017-04-17,09:03:37,0,ag1706,XSGE,4289,4246,4337,278988,17944667580,562608,542366,4464,4039,4252,4263,0,4269,0,0,0,2017-04-17,32617000,4288,1,0,0,0,0,0,0,0,0,4289,88,0,0,0,0,0,0,0,0
434,2017-04-17,09:03:37,500,ag1706,XSGE,4288,4246,4337,278990,17944796220,562610,542366,4464,4039,4252,4263,0,4269,0,0,0,2017-04-17,32617500,4287,95,0,0,0,0,0,0,0,0,4288,9,0,0,0,0,0,0,0,0
435,2017-04-17,09:03:38,0,ag1706,XSGE,4287,4246,4337,279030,17947368420,562610,542366,4464,4039,4252,4263,0,4269,0,0,0,2017-04-17,32618000,4287,75,0,0,0,0,0,0,0,0,4288,10,0,0,0,0,0,0,0,0
436,2017-04-17,09:03:38,500,ag1706,XSGE,4288,4246,4337,279200,17958300360,562532,542366,4464,4039,4252,4263,0,4269,0,0,0,2017-04-17,32618500,4286,70,0,0,0,0,0,0,0,0,4288,25,0,0,0,0,0,0,0,0
437,2017-04-17,09:03:39,0,ag1706,XSGE,4288,4246,4337,279200,17958300360,562532,542366,4464,4039,4252,4263,0,4269,0,0,0,2017-04-17,32619000,4286,58,0,0,0,0,0,0,0,0,4287,21,0,0,0,0,0,0,0,0
438,2017-04-17,09:03:39,500,ag1706,XSGE,4288,4246,4337,279200,17958300360,562532,542366,4464,4039,4252,4263,0,4269,0,0,0,2017-04-17,32619500,4286,43,0,0,0,0,0,0,0,0,4287,25,0,0,0,0,0,0,0,0
439,2017-04-17,09:03:40,0,ag1706,XSGE,4287,4246,4337,279250,17961516210,562576,542366,4464,4039,4252,4263,0,4269,0,0,0,2017-04-17,32620000,4286,43,0,0,0,0,0,0,0,0,4287,12,0,0,0,0,0,0,0,0
440,2017-04-17,09:03:40,500,ag1706,XSGE,4287,4246,4337,279262,17962287870,562578,542366,4464,4039,4252,4263,0,4269,0,0,0,2017-04-17,32620500,4286,45,0,0,0,0,0,0,0,0,4287,5,0,0,0,0,0,0,0,0
441,2017-04-17,09:03:41,0,ag1706,XSGE,4287,4246,4337,279304,17964988680,562620,542366,4464,4039,4252,4263,0,4269,0,0,0,2017-04-17,32621000,4286,47,0,0,0,0,0,0,0,0,4287,17,0,0,0,0,0,0,0,0
442,2017-04-17,09:03:41,500,ag1706,XSGE,4286,4246,4337,279308,17965245870,562622,542366,4464,4039,4252,4263,0,4269,0,0,0,2017-04-17,32621500,4286,47,0,0,0,0,0,0,0,0,4287,16,0,0,0,0,0,0,0,0
443,2017-04-17,09:03:42,0,ag1706,XSGE,4287,4246,4337,279320,17966017530,562628,542366,4464,4039,4252,4263,0,4269,0,0,0,2017-04-17,32622000,4286,46,0,0,0,0,0,0,0,0,4287,10,0,0,0,0,0,0,0,0
444,2017-04-17,09:03:42,500,ag1706,XSGE,4287,4246,4337,279340,17967303630,562628,542366,4464,4039,4252,4263,0,4269,0,0,0,2017-04-17,32622500,4287,6,0,0,0,0,0,0,0,0,4288,53,0,0,0,0,0,0,0,0
445,2017-04-17,09:03:43,0,ag1706,XSGE,4287,4246,4337,279364,17968846950,562612,542366,4464,4039,4252,4263,0,4269,0,0,0,2017-04-17,32623000,4286,46,0,0,0,0,0,0,0,0,4287,5,0,0,0,0,0,0,0,0
446,2017-04-17,09:03:43,500,ag1706,XSGE,4287,4246,4337,279392,17970647790,562596,542366,4464,4039,4252,4263,0,4269,0,0,0,2017-04-17,32623500,4287,1,0,0,0,0,0,0,0,0,4288,43,0,0,0,0,0,0,0,0
447,2017-04-17,09:03:44,0,ag1706,XSGE,4287,4246,4337,279394,17970776400,562596,542366,4464,4039,4252,4263,0,4269,0,0,0,2017-04-17,32624000,4286,49,0,0,0,0,0,0,0,0,4287,1,0,0,0,0,0,0,0,0
448,2017-04-17,09:03:44,500,ag1706,XSGE,4287,4246,4337,279394,17970776400,562596,542366,4464,4039,4252,4263,0,4269,0,0,0,2017-04-17,32624500,4286,49,0,0,0,0,0,0,0,0,4287,1,0,0,0,0,0,0,0,0
449,2017-04-17,09:03:45,0,ag1706,XSGE,4287,4246,4337,279396,17970905010,562598,542366,4464,4039,4252,4263,0,4269,0,0,0,2017-04-17,32625000,4286,49,0,0,0,0,0,0,0,0,4287,3,0,0,0,0,0,0,0,0
450,2017-04-17,09:03:45,500,ag1706,XSGE,4287,4246,4337,279400,17971162230,562596,542366,4464,4039,4252,4263,0,4269,0,0,0,2017-04-17,32625500,4286,49,0,0,0,0,0,0,0,0,4287,40,0,0,0,0,0,0,0,0
451,2017-04-17,09:03:46,0,ag1706,XSGE,4287,4246,4337,279410,17971805280,562596,542366,4464,4039,4252,4263,0,4269,0,0,0,2017-04-17,32626000,4286,45,0,0,0,0,0,0,0,0,4287,49,0,0,0,0,0,0,0,0
452,2017-04-17,09:03:47,0,ag1706,XSGE,4287,4246,4337,279412,17971933890,562598,542366,4464,4039,4252,4263,0,4269,0,0,0,2017-04-17,32627000,4286,45,0,0,0,0,0,0,0,0,4287,48,0,0,0,0,0,0,0,0
453,2017-04-17,09:03:47,500,ag1706,XSGE,4287,4246,4337,279438,17973605790,562620,542366,4464,4039,4252,4263,0,4269,0,0,0,2017-04-17,32627500,4286,74,0,0,0,0,0,0,0,0,4287,48,0,0,0,0,0,0,0,0
454,2017-04-17,09:03:48,0,ag1706,XSGE,4287,4246,4337,279484,17976563790,562620,542366,4464,4039,4252,4263,0,4269,0,0,0,2017-04-17,32628000,4286,50,0,0,0,0,0,0,0,0,4287,15,0,0,0,0,0,0,0,0
455,2017-04-17,09:03:48,500,ag1706,XSGE,4286,4246,4337,279506,17977978200,562614,542366,4464,4039,4252,4263,0,4269,0,0,0,2017-04-17,32628500,4286,43,0,0,0,0,0,0,0,0,4287,14,0,0,0,0,0,0,0,0
456,2017-04-17,09:03:49,0,ag1706,XSGE,4286,4246,4337,279512,17978363940,562608,542366,4464,4039,4252,4263,0,4269,0,0,0,2017-04-17,32629000,4286,40,0,0,0,0,0,0,0,0,4287,14,0,0,0,0,0,0,0,0
457,2017-04-17,09:03:49,500,ag1706,XSGE,4286,4246,4337,279512,17978363940,562608,542366,4464,4039,4252,4263,0,4269,0,0,0,2017-04-17,32629500,4286,40,0,0,0,0,0,0,0,0,4287,14,0,0,0,0,0,0,0,0
458,2017-04-17,09:03:50,0,ag1706,XSGE,4286,4246,4337,279512,17978363940,562608,542366,4464,4039,4252,4263,0,4269,0,0,0,2017-04-17,32630000,4286,50,0,0,0,0,0,0,0,0,4287,14,0,0,0,0,0,0,0,0
459,2017-04-17,09:03:50,500,ag1706,XSGE,4286,4246,4337,279512,17978363940,562608,542366,4464,4039,4252,4263,0,4269,0,0,0,2017-04-17,32630500,4286,50,0,0,0,0,0,0,0,0,4287,14,0,0,0,0,0,0,0,0
460,2017-04-17,09:03:51,0,ag1706,XSGE,4286,4246,4337,279514,17978492520,562606,542366,4464,4039,4252,4263,0,4269,0,0,0,2017-04-17,32631000,4286,49,0,0,0,0,0,0,0,0,4287,16,0,0,0,0,0,0,0,0
461,2017-04-17,09:03:51,500,ag1706,XSGE,4287,4246,4337,279520,17978878350,562610,542366,4464,4039,4252,4263,0,4269,0,0,0,2017-04-17,32631500,4286,49,0,0,0,0,0,0,0,0,4287,14,0,0,0,0,0,0,0,0
462,2017-04-17,09:03:52,0,ag1706,XSGE,4286,4246,4337,279526,17979264090,562604,542366,4464,4039,4252,4263,0,4269,0,0,0,2017-04-17,32632000,4286,46,0,0,0,0,0,0,0,0,4287,14,0,0,0,0,0,0,0,0
463,2017-04-17,09:03:52,500,ag1706,XSGE,4287,4246,4337,279528,17979392700,562606,542366,4464,4039,4252,4263,0,4269,0,0,0,2017-04-17,32632500,4286,46,0,0,0,0,0,0,0,0,4287,13,0,0,0,0,0,0,0,0
464,2017-04-17,09:03:53,0,ag1706,XSGE,4287,4246,4337,279576,17982479310,562600,542366,4464,4039,4252,4263,0,4269,0,0,0,2017-04-17,32633000,4287,84,0,0,0,0,0,0,0,0,4288,51,0,0,0,0,0,0,0,0
465,2017-04-17,09:03:53,500,ag1706,XSGE,4287,4246,4337,279638,17986466220,562598,542366,4464,4039,4252,4263,0,4269,0,0,0,2017-04-17,32633500,4287,54,0,0,0,0,0,0,0,0,4288,41,0,0,0,0,0,0,0,0
466,2017-04-17,09:03:54,0,ag1706,XSGE,4287,4246,4337,279642,17986723440,562596,542366,4464,4039,4252,4263,0,4269,0,0,0,2017-04-17,32634000,4287,59,0,0,0,0,0,0,0,0,4288,41,0,0,0,0,0,0,0,0
467,2017-04-17,09:03:54,500,ag1706,XSGE,4287,4246,4337,279646,17986980660,562592,542366,4464,4039,4252,4263,0,4269,0,0,0,2017-04-17,32634500,4287,69,0,0,0,0,0,0,0,0,4288,41,0,0,0,0,0,0,0,0
468,2017-04-17,09:03:55,0,ag1706,XSGE,4287,4246,4337,279648,17987109270,562592,542366,4464,4039,4252,4263,0,4269,0,0,0,2017-04-17,32635000,4287,68,0,0,0,0,0,0,0,0,4288,69,0,0,0,0,0,0,0,0
469,2017-04-17,09:03:55,500,ag1706,XSGE,4287,4246,4337,279652,17987366490,562588,542366,4464,4039,4252,4263,0,4269,0,0,0,2017-04-17,32635500,4287,66,0,0,0,0,0,0,0,0,4288,69,0,0,0,0,0,0,0,0
470,2017-04-17,09:03:56,0,ag1706,XSGE,4287,4246,4337,279656,17987623710,562584,542366,4464,4039,4252,4263,0,4269,0,0,0,2017-04-17,32636000,4287,64,0,0,0,0,0,0,0,0,4288,69,0,0,0,0,0,0,0,0
471,2017-04-17,09:03:56,500,ag1706,XSGE,4287,4246,4337,279656,17987623710,562584,542366,4464,4039,4252,4263,0,4269,0,0,0,2017-04-17,32636500,4287,65,0,0,0,0,0,0,0,0,4288,69,0,0,0,0,0,0,0,0
472,2017-04-17,09:03:57,0,ag1706,XSGE,4287,4246,4337,279716,17991482010,562584,542366,4464,4039,4252,4263,0,4269,0,0,0,2017-04-17,32637000,4287,35,0,0,0,0,0,0,0,0,4288,69,0,0,0,0,0,0,0,0
473,2017-04-17,09:03:57,500,ag1706,XSGE,4288,4246,4337,279718,17991610650,562584,542366,4464,4039,4252,4263,0,4269,0,0,0,2017-04-17,32637500,4287,39,0,0,0,0,0,0,0,0,4288,69,0,0,0,0,0,0,0,0
474,2017-04-17,09:03:58,0,ag1706,XSGE,4288,4246,4337,279718,17991610650,562584,542366,4464,4039,4252,4263,0,4269,0,0,0,2017-04-17,32638000,4287,39,0,0,0,0,0,0,0,0,4288,69,0,0,0,0,0,0,0,0
475,2017-04-17,09:03:58,500,ag1706,XSGE,4287,4246,4337,279722,17991867900,562582,542366,4464,4039,4252,4263,0,4269,0,0,0,2017-04-17,32638500,4287,38,0,0,0,0,0,0,0,0,4288,68,0,0,0,0,0,0,0,0
476,2017-04-17,09:03:59,0,ag1706,XSGE,4287,4246,4337,279722,17991867900,562582,542366,4464,4039,4252,4263,0,4269,0,0,0,2017-04-17,32639000,4287,38,0,0,0,0,0,0,0,0,4288,68,0,0,0,0,0,0,0,0
477,2017-04-17,09:03:59,500,ag1706,XSGE,4287,4246,4337,279734,17992639590,562572,542366,4464,4039,4252,4263,0,4269,0,0,0,2017-04-17,32639500,4287,33,0,0,0,0,0,0,0,0,4288,65,0,0,0,0,0,0,0,0
478,2017-04-17,09:04:00,0,ag1706,XSGE,4287,4246,4337,279734,17992639590,562572,542366,4464,4039,4252,4263,0,4269,0,0,0,2017-04-17,32640000,4287,34,0,0,0,0,0,0,0,0,4288,65,0,0,0,0,0,0,0,0
479,2017-04-17,09:04:00,500,ag1706,XSGE,4287,4246,4337,279736,17992768200,562570,542366,4464,4039,4252,4263,0,4269,0,0,0,2017-04-17,32640500,4287,33,0,0,0,0,0,0,0,0,4288,65,0,0,0,0,0,0,0,0
480,2017-04-17,09:04:01,0,ag1706,XSGE,4287,4246,4337,279736,17992768200,562570,542366,4464,4039,4252,4263,0,4269,0,0,0,2017-04-17,32641000,4287,33,0,0,0,0,0,0,0,0,4288,66,0,0,0,0,0,0,0,0
481,2017-04-17,09:04:01,500,ag1706,XSGE,4287,4246,4337,279742,17993154030,562566,542366,4464,4039,4252,4263,0,4269,0,0,0,2017-04-17,32641500,4287,30,0,0,0,0,0,0,0,0,4288,66,0,0,0,0,0,0,0,0
482,2017-04-17,09:04:02,0,ag1706,XSGE,4287,4246,4337,279742,17993154030,562566,542366,4464,4039,4252,4263,0,4269,0,0,0,2017-04-17,32642000,4287,30,0,0,0,0,0,0,0,0,4288,66,0,0,0,0,0,0,0,0
483,2017-04-17,09:04:03,0,ag1706,XSGE,4287,4246,4337,279762,17994440130,562558,542366,4464,4039,4252,4263,0,4269,0,0,0,2017-04-17,32643000,4287,19,0,0,0,0,0,0,0,0,4288,66,0,0,0,0,0,0,0,0
484,2017-04-17,09:04:03,500,ag1706,XSGE,4287,4246,4337,279762,17994440130,562558,542366,4464,4039,4252,4263,0,4269,0,0,0,2017-04-17,32643500,4287,19,0,0,0,0,0,0,0,0,4288,66,0,0,0,0,0,0,0,0
485,2017-04-17,09:04:04,0,ag1706,XSGE,4287,4246,4337,279764,17994568740,562558,542366,4464,4039,4252,4263,0,4269,0,0,0,2017-04-17,32644000,4287,18,0,0,0,0,0,0,0,0,4288,76,0,0,0,0,0,0,0,0
486,2017-04-17,09:04:04,500,ag1706,XSGE,4287,4246,4337,279784,17995854990,562552,542366,4464,4039,4252,4263,0,4269,0,0,0,2017-04-17,32644500,4287,13,0,0,0,0,0,0,0,0,4288,74,0,0,0,0,0,0,0,0
487,2017-04-17,09:04:05,0,ag1706,XSGE,4287,4246,4337,279810,17997526920,562528,542366,4464,4039,4252,4263,0,4269,0,0,0,2017-04-17,32645000,4286,54,0,0,0,0,0,0,0,0,4287,4,0,0,0,0,0,0,0,0
488,2017-04-17,09:04:05,500,ag1706,XSGE,4287,4246,4337,279816,17997912750,562532,542366,4464,4039,4252,4263,0,4269,0,0,0,2017-04-17,32645500,4286,87,0,0,0,0,0,0,0,0,4287,1,0,0,0,0,0,0,0,0
489,2017-04-17,09:04:06,0,ag1706,XSGE,4288,4246,4337,279820,17998170000,562530,542366,4464,4039,4252,4263,0,4269,0,0,0,2017-04-17,32646000,4286,87,0,0,0,0,0,0,0,0,4288,88,0,0,0,0,0,0,0,0
490,2017-04-17,09:04:06,500,ag1706,XSGE,4288,4246,4337,279834,17999070480,562522,542366,4464,4039,4252,4263,0,4269,0,0,0,2017-04-17,32646500,4286,87,0,0,0,0,0,0,0,0,4288,81,0,0,0,0,0,0,0,0
491,2017-04-17,09:04:07,0,ag1706,XSGE,4288,4246,4337,279834,17999070480,562522,542366,4464,4039,4252,4263,0,4269,0,0,0,2017-04-17,32647000,4286,93,0,0,0,0,0,0,0,0,4288,85,0,0,0,0,0,0,0,0
492,2017-04-17,09:04:07,500,ag1706,XSGE,4287,4246,4337,279836,17999199090,562524,542366,4464,4039,4252,4263,0,4269,0,0,0,2017-04-17,32647500,4286,93,0,0,0,0,0,0,0,0,4287,20,0,0,0,0,0,0,0,0
493,2017-04-17,09:04:08,0,ag1706,XSGE,4287,4246,4337,279836,17999199090,562524,542366,4464,4039,4252,4263,0,4269,0,0,0,2017-04-17,32648000,4286,92,0,0,0,0,0,0,0,0,4287,20,0,0,0,0,0,0,0,0
494,2017-04-17,09:04:08,500,ag1706,XSGE,4287,4246,4337,279892,18002800050,562516,542366,4464,4039,4252,4263,0,4269,0,0,0,2017-04-17,32648500,4287,76,0,0,0,0,0,0,0,0,4288,95,0,0,0,0,0,0,0,0
495,2017-04-17,09:04:09,0,ag1706,XSGE,4287,4246,4337,279892,18002800050,562516,542366,4464,4039,4252,4263,0,4269,0,0,0,2017-04-17,32649000,4287,105,0,0,0,0,0,0,0,0,4288,107,0,0,0,0,0,0,0,0
496,2017-04-17,09:04:09,500,ag1706,XSGE,4288,4246,4337,279898,18003185940,562518,542366,4464,4039,4252,4263,0,4269,0,0,0,2017-04-17,32649500,4287,104,0,0,0,0,0,0,0,0,4288,105,0,0,0,0,0,0,0,0
497,2017-04-17,09:04:10,0,ag1706,XSGE,4288,4246,4337,279898,18003185940,562518,542366,4464,4039,4252,4263,0,4269,0,0,0,2017-04-17,32650000,4287,105,0,0,0,0,0,0,0,0,4288,115,0,0,0,0,0,0,0,0
498,2017-04-17,09:04:10,500,ag1706,XSGE,4287,4246,4337,280108,18016689990,562544,542366,4464,4039,4252,4263,0,4269,0,0,0,2017-04-17,32650500,4286,109,0,0,0,0,0,0,0,0,4287,23,0,0,0,0,0,0,0,0
499,2017-04-17,09:04:11,0,ag1706,XSGE,4287,4246,4337,280204,18022862100,562608,542366,4464,4039,4252,4263,0,4269,0,0,0,2017-04-17,32651000,4286,63,0,0,0,0,0,0,0,0,4287,23,0,0,0,0,0,0,0,0
500,2017-04-17,09:04:11,500,ag1706,XSGE,4287,4246,4337,280204,18022862100,562608,542366,4464,4039,4252,4263,0,4269,0,0,0,2017-04-17,32651500,4286,63,0,0,0,0,0,0,0,0,4287,50,0,0,0,0,0,0,0,0
501,2017-04-17,09:04:12,0,ag1706,XSGE,4287,4246,4337,280204,18022862100,562608,542366,4464,4039,4252,4263,0,4269,0,0,0,2017-04-17,32652000,4286,63,0,0,0,0,0,0,0,0,4287,50,0,0,0,0,0,0,0,0
502,2017-04-17,09:04:12,500,ag1706,XSGE,4286,4246,4337,280308,18029548260,562608,542366,4464,4039,4252,4263,0,4269,0,0,0,2017-04-17,32652500,4286,22,0,0,0,0,0,0,0,0,4287,58,0,0,0,0,0,0,0,0
503,2017-04-17,09:04:13,0,ag1706,XSGE,4286,4246,4337,280352,18032377020,562614,542366,4464,4039,4252,4263,0,4269,0,0,0,2017-04-17,32653000,4285,94,0,0,0,0,0,0,0,0,4286,104,0,0,0,0,0,0,0,0
504,2017-04-17,09:04:13,500,ag1706,XSGE,4286,4246,4337,280376,18033919950,562620,542366,4464,4039,4252,4263,0,4269,0,0,0,2017-04-17,32653500,4285,86,0,0,0,0,0,0,0,0,4286,89,0,0,0,0,0,0,0,0
505,2017-04-17,09:04:14,0,ag1706,XSGE,4286,4246,4337,280382,18034305690,562616,542366,4464,4039,4252,4263,0,4269,0,0,0,2017-04-17,32654000,4285,86,0,0,0,0,0,0,0,0,4286,112,0,0,0,0,0,0,0,0
506,2017-04-17,09:04:14,500,ag1706,XSGE,4285,4246,4337,280416,18036491040,562584,542366,4464,4039,4252,4263,0,4269,0,0,0,2017-04-17,32654500,4285,69,0,0,0,0,0,0,0,0,4286,112,0,0,0,0,0,0,0,0
507,2017-04-17,09:04:15,0,ag1706,XSGE,4285,4246,4337,280416,18036491040,562584,542366,4464,4039,4252,4263,0,4269,0,0,0,2017-04-17,32655000,4285,69,0,0,0,0,0,0,0,0,4286,102,0,0,0,0,0,0,0,0
508,2017-04-17,09:04:15,500,ag1706,XSGE,4285,4246,4337,280416,18036491040,562584,542366,4464,4039,4252,4263,0,4269,0,0,0,2017-04-17,32655500,4285,69,0,0,0,0,0,0,0,0,4286,102,0,0,0,0,0,0,0,0
509,2017-04-17,09:04:16,0,ag1706,XSGE,4285,4246,4337,280526,18043561290,562500,542366,4464,4039,4252,4263,0,4269,0,0,0,2017-04-17,32656000,4285,14,0,0,0,0,0,0,0,0,4286,102,0,0,0,0,0,0,0,0
510,2017-04-17,09:04:16,500,ag1706,XSGE,4285,4246,4337,280554,18045360990,562484,542366,4464,4039,4252,4263,0,4269,0,0,0,2017-04-17,32656500,4284,80,0,0,0,0,0,0,0,0,4285,15,0,0,0,0,0,0,0,0
511,2017-04-17,09:04:17,0,ag1706,XSGE,4286,4246,4337,280620,18049603530,562534,542366,4464,4039,4252,4263,0,4269,0,0,0,2017-04-17,32657000,4285,100,0,0,0,0,0,0,0,0,4286,90,0,0,0,0,0,0,0,0
512,2017-04-17,09:04:17,500,ag1706,XSGE,4286,4246,4337,280648,18051403410,562524,542366,4464,4039,4252,4263,0,4269,0,0,0,2017-04-17,32657500,4285,95,0,0,0,0,0,0,0,0,4286,85,0,0,0,0,0,0,0,0
513,2017-04-17,09:04:18,0,ag1706,XSGE,4286,4246,4337,280714,18055646520,562524,542366,4464,4039,4252,4263,0,4269,0,0,0,2017-04-17,32658000,4285,95,0,0,0,0,0,0,0,0,4286,53,0,0,0,0,0,0,0,0
514,2017-04-17,09:04:18,500,ag1706,XSGE,4286,4246,4337,280714,18055646520,562524,542366,4464,4039,4252,4263,0,4269,0,0,0,2017-04-17,32658500,4285,107,0,0,0,0,0,0,0,0,4286,44,0,0,0,0,0,0,0,0
515,2017-04-17,09:04:19,0,ag1706,XSGE,4285,4246,4337,280778,18059760450,562504,542366,4464,4039,4252,4263,0,4269,0,0,0,2017-04-17,32659000,4285,86,0,0,0,0,0,0,0,0,4286,33,0,0,0,0,0,0,0,0
516,2017-04-17,09:04:19,500,ag1706,XSGE,4285,4246,4337,280778,18059760450,562504,542366,4464,4039,4252,4263,0,4269,0,0,0,2017-04-17,32659500,4285,86,0,0,0,0,0,0,0,0,4286,33,0,0,0,0,0,0,0,0
517,2017-04-17,09:04:20,0,ag1706,XSGE,4285,4246,4337,280778,18059760450,562504,542366,4464,4039,4252,4263,0,4269,0,0,0,2017-04-17,32660000,4285,86,0,0,0,0,0,0,0,0,4286,33,0,0,0,0,0,0,0,0
518,2017-04-17,09:04:20,500,ag1706,XSGE,4285,4246,4337,280778,18059760450,562504,542366,4464,4039,4252,4263,0,4269,0,0,0,2017-04-17,32660500,4285,86,0,0,0,0,0,0,0,0,4286,36,0,0,0,0,0,0,0,0
519,2017-04-17,09:04:21,0,ag1706,XSGE,4285,4246,4337,280782,18060017580,562502,542366,4464,4039,4252,4263,0,4269,0,0,0,2017-04-17,32661000,4285,85,0,0,0,0,0,0,0,0,4286,42,0,0,0,0,0,0,0,0
520,2017-04-17,09:04:21,500,ag1706,XSGE,4286,4246,4337,280790,18060531900,562502,542366,4464,4039,4252,4263,0,4269,0,0,0,2017-04-17,32661500,4285,84,0,0,0,0,0,0,0,0,4286,38,0,0,0,0,0,0,0,0
521,2017-04-17,09:04:22,0,ag1706,XSGE,4285,4246,4337,280792,18060660450,562502,542366,4464,4039,4252,4263,0,4269,0,0,0,2017-04-17,32662000,4285,85,0,0,0,0,0,0,0,0,4286,38,0,0,0,0,0,0,0,0
522,2017-04-17,09:04:22,500,ag1706,XSGE,4285,4246,4337,280834,18063360030,562462,542366,4464,4039,4252,4263,0,4269,0,0,0,2017-04-17,32662500,4285,66,0,0,0,0,0,0,0,0,4286,46,0,0,0,0,0,0,0,0
523,2017-04-17,09:04:23,0,ag1706,XSGE,4285,4246,4337,280840,18063745680,562456,542366,4464,4039,4252,4263,0,4269,0,0,0,2017-04-17,32663000,4285,51,0,0,0,0,0,0,0,0,4286,57,0,0,0,0,0,0,0,0
524,2017-04-17,09:04:23,500,ag1706,XSGE,4285,4246,4337,280840,18063745680,562456,542366,4464,4039,4252,4263,0,4269,0,0,0,2017-04-17,32663500,4285,51,0,0,0,0,0,0,0,0,4286,59,0,0,0,0,0,0,0,0
525,2017-04-17,09:04:24,0,ag1706,XSGE,4285,4246,4337,280840,18063745680,562456,542366,4464,4039,4252,4263,0,4269,0,0,0,2017-04-17,32664000,4285,51,0,0,0,0,0,0,0,0,4286,59,0,0,0,0,0,0,0,0
526,2017-04-17,09:04:24,500,ag1706,XSGE,4285,4246,4337,280842,18063874230,562456,542366,4464,4039,4252,4263,0,4269,0,0,0,2017-04-17,32664500,4285,50,0,0,0,0,0,0,0,0,4286,70,0,0,0,0,0,0,0,0
527,2017-04-17,09:04:25,0,ag1706,XSGE,4286,4246,4337,280852,18064517130,562454,542366,4464,4039,4252,4263,0,4269,0,0,0,2017-04-17,32665000,4285,150,0,0,0,0,0,0,0,0,4286,68,0,0,0,0,0,0,0,0
528,2017-04-17,09:04:25,500,ag1706,XSGE,4286,4246,4337,280852,18064517130,562454,542366,4464,4039,4252,4263,0,4269,0,0,0,2017-04-17,32665500,4285,162,0,0,0,0,0,0,0,0,4286,63,0,0,0,0,0,0,0,0
