,dataDate,dataTime,dataMillisec,instrumentID,exchangeCD,lastPrice,lowPrice,highPrice,volume,value,openInterest,preOpenInterest,upperLimitPrice,lowerLimitPrice,preSettlementPrice,prevClosePrice,settlementPrice,openPrice,closePrice,preDelta,currDelta,clearingDay,milliSecOffset,bidPrice1,bidVolume1,bidPrice2,bidVolume2,bidPrice3,bidVolume3,bidPrice4,bidVolume4,bidPrice5,bidVolume5,askPrice1,askVolume1,askPrice2,askVolume2,askPrice3,askVolume3,askPrice4,askVolume4,askPrice5,askVolume5
0,2017-04-15,02:30:00,500,au1706,XSGE,289.3,288.05,289.45,46186,13342328100,264722,259634,301.9,273.15,287.55,287.7,0.0,288.05,0.0,0,0,2017-04-17,9000500,289.3,14,0,0,0,0,0,0,0,0,289.349,33,0,0,0,0,0,0,0,0
1,2017-04-17,09:00:00,500,au1706,XSGE,289.5,288.05,290.05,47300,13665029800,265232,259634,301.9,273.15,287.55,287.7,0.0,288.05,0.0,0,0,2017-04-17,32400500,289.35,1,0,0,0,0,0,0,0,0,289.5,7,0,0,0,0,0,0,0,0
2,2017-04-17,09:00:01,0,au1706,XSGE,289.35,288.05,290.05,47422,13700333100,265264,259634,301.9,273.15,287.55,287.7,0.0,288.05,0.0,0,0,2017-04-17,32401000,289.35,11,0,0,0,0,0,0,0,0,289.4,2,0,0,0,0,0,0,0,0
3,2017-04-17,09:00:01,500,au1706,XSGE,289.3,288.05,290.05,47518,13728106500,265288,259634,301.9,273.15,287.55,287.7,0.0,288.05,0.0,0,0,2017-04-17,32401500,289.2,1,0,0,0,0,0,0,0,0,289.3,1,0,0,0,0,0,0,0,0
4,2017-04-17,09:00:02,0,au1706,XSGE,289.35,288.05,290.05,47668,13771500500,265322,259634,301.9,273.15,287.55,287.7,0.0,288.05,0.0,0,0,2017-04-17,32402000,289.25,12,0,0,0,0,0,0,0,0,289.349,73,0,0,0,0,0,0,0,0
5,2017-04-17,09:00:02,500,au1706,XSGE,289.35,288.05,290.05,47758,13797541400,265348,259634,301.9,273.15,287.55,287.7,0.0,288.05,0.0,0,0,2017-04-17,32402500,289.3,2,0,0,0,0,0,0,0,0,289.349,51,0,0,0,0,0,0,0,0
6,2017-04-17,09:00:03,0,au1706,XSGE,289.25,288.05,290.05,47846,13822999300,265330,259634,301.9,273.15,287.55,287.7,0.0,288.05,0.0,0,0,2017-04-17,32403000,289.25,16,0,0,0,0,0,0,0,0,289.3,42,0,0,0,0,0,0,0,0
7,2017-04-17,09:00:03,500,au1706,XSGE,289.25,288.05,290.05,48044,13880277900,265350,259634,301.9,273.15,287.55,287.7,0.0,288.05,0.0,0,0,2017-04-17,32403500,289.2,5,0,0,0,0,0,0,0,0,289.25,3,0,0,0,0,0,0,0,0
8,2017-04-17,09:00:04,0,au1706,XSGE,289.25,288.05,290.05,48134,13906313100,265358,259634,301.9,273.15,287.55,287.7,0.0,288.05,0.0,0,0,2017-04-17,32404000,289.2,15,0,0,0,0,0,0,0,0,289.3,42,0,0,0,0,0,0,0,0
9,2017-04-17,09:00:04,500,au1706,XSGE,289.3,288.05,290.05,48164,13914991800,265370,259634,301.9,273.15,287.55,287.7,0.0,288.05,0.0,0,0,2017-04-17,32404500,289.25,17,0,0,0,0,0,0,0,0,289.3,27,0,0,0,0,0,0,0,0
10,2017-04-17,09:00:05,0,au1706,XSGE,289.2,288.05,290.05,48326,13961852900,265324,259634,301.9,273.15,287.55,287.7,0.0,288.05,0.0,0,0,2017-04-17,32405000,289.2,4,0,0,0,0,0,0,0,0,289.25,84,0,0,0,0,0,0,0,0
11,2017-04-17,09:00:05,500,au1706,XSGE,289.2,288.05,290.05,48400,13983254900,265302,259634,301.9,273.15,287.55,287.7,0.0,288.05,0.0,0,0,2017-04-17,32405500,289.15,10,0,0,0,0,0,0,0,0,289.2,54,0,0,0,0,0,0,0,0
12,2017-04-17,09:00:06,0,au1706,XSGE,289.15,288.05,290.05,48458,14000027000,265280,259634,301.9,273.15,287.55,287.7,0.0,288.05,0.0,0,0,2017-04-17,32406000,289.1,9,0,0,0,0,0,0,0,0,289.2,40,0,0,0,0,0,0,0,0
13,2017-04-17,09:00:06,500,au1706,XSGE,289.15,288.05,290.05,48516,14016795900,265264,259634,301.9,273.15,287.55,287.7,0.0,288.05,0.0,0,0,2017-04-17,32406500,289.05,4,0,0,0,0,0,0,0,0,289.1,23,0,0,0,0,0,0,0,0
14,2017-04-17,09:00:07,0,au1706,XSGE,289.1,288.05,290.05,48656,14057270700,265206,259634,301.9,273.15,287.55,287.7,0.0,288.05,0.0,0,0,2017-04-17,32407000,289.1,20,0,0,0,0,0,0,0,0,289.15,1,0,0,0,0,0,0,0,0
15,2017-04-17,09:00:07,500,au1706,XSGE,289.2,288.05,290.05,48712,14073464200,265168,259634,301.9,273.15,287.55,287.7,0.0,288.05,0.0,0,0,2017-04-17,32407500,289.15,17,0,0,0,0,0,0,0,0,289.2,24,0,0,0,0,0,0,0,0
16,2017-04-17,09:00:08,0,au1706,XSGE,289.15,288.05,290.05,48796,14097755700,265138,259634,301.9,273.15,287.55,287.7,0.0,288.05,0.0,0,0,2017-04-17,32408000,289.15,47,0,0,0,0,0,0,0,0,289.25,10,0,0,0,0,0,0,0,0
17,2017-04-17,09:00:08,500,au1706,XSGE,289.2,288.05,290.05,48894,14126101500,265116,259634,301.9,273.15,287.55,287.7,0.0,288.05,0.0,0,0,2017-04-17,32408500,289.2,34,0,0,0,0,0,0,0,0,289.3,45,0,0,0,0,0,0,0,0
18,2017-04-17,09:00:09,0,au1706,XSGE,289.3,288.05,290.05,48924,14134779800,265088,259634,301.9,273.15,287.55,287.7,0.0,288.05,0.0,0,0,2017-04-17,32409000,289.25,8,0,0,0,0,0,0,0,0,289.3,37,0,0,0,0,0,0,0,0
19,2017-04-17,09:00:09,500,au1706,XSGE,289.3,288.05,290.05,48994,14155028700,265062,259634,301.9,273.15,287.55,287.7,0.0,288.05,0.0,0,0,2017-04-17,32409500,289.25,3,0,0,0,0,0,0,0,0,289.3,21,0,0,0,0,0,0,0,0
20,2017-04-17,09:00:10,0,au1706,XSGE,289.25,288.05,290.05,49080,14179904200,265088,259634,301.9,273.15,287.55,287.7,0.0,288.05,0.0,0,0,2017-04-17,32410000,289.25,4,0,0,0,0,0,0,0,0,289.3,16,0,0,0,0,0,0,0,0
21,2017-04-17,09:00:10,500,au1706,XSGE,289.3,288.05,290.05,49104,14186847200,265068,259634,301.9,273.15,287.55,287.7,0.0,288.05,0.0,0,0,2017-04-17,32410500,289.25,12,0,0,0,0,0,0,0,0,289.3,16,0,0,0,0,0,0,0,0
22,2017-04-17,09:00:11,0,au1706,XSGE,289.3,288.05,290.05,49136,14196104400,265060,259634,301.9,273.15,287.55,287.7,0.0,288.05,0.0,0,0,2017-04-17,32411000,289.25,15,0,0,0,0,0,0,0,0,289.349,27,0,0,0,0,0,0,0,0
23,2017-04-17,09:00:11,500,au1706,XSGE,289.349,288.05,290.05,49152,14200734000,265054,259634,301.9,273.15,287.55,287.7,0.0,288.05,0.0,0,0,2017-04-17,32411500,289.3,5,0,0,0,0,0,0,0,0,289.349,20,0,0,0,0,0,0,0,0
24,2017-04-17,09:00:12,0,au1706,XSGE,289.3,288.05,290.05,49172,14206520500,265054,259634,301.9,273.15,287.55,287.7,0.0,288.05,0.0,0,0,2017-04-17,32412000,289.3,11,0,0,0,0,0,0,0,0,289.349,21,0,0,0,0,0,0,0,0
25,2017-04-17,09:00:12,500,au1706,XSGE,289.3,288.05,290.05,49188,14211149400,265050,259634,301.9,273.15,287.55,287.7,0.0,288.05,0.0,0,0,2017-04-17,32412500,289.3,34,0,0,0,0,0,0,0,0,289.349,20,0,0,0,0,0,0,0,0
26,2017-04-17,09:00:13,0,au1706,XSGE,289.3,288.05,290.05,49208,14216935600,265046,259634,301.9,273.15,287.55,287.7,0.0,288.05,0.0,0,0,2017-04-17,32413000,289.3,28,0,0,0,0,0,0,0,0,289.349,18,0,0,0,0,0,0,0,0
27,2017-04-17,09:00:13,500,au1706,XSGE,289.35,288.05,290.05,49232,14223879100,265030,259634,301.9,273.15,287.55,287.7,0.0,288.05,0.0,0,0,2017-04-17,32413500,289.3,23,0,0,0,0,0,0,0,0,289.349,21,0,0,0,0,0,0,0,0
28,2017-04-17,09:00:14,0,au1706,XSGE,289.3,288.05,290.05,49298,14242972900,264986,259634,301.9,273.15,287.55,287.7,0.0,288.05,0.0,0,0,2017-04-17,32414000,289.25,28,0,0,0,0,0,0,0,0,289.3,125,0,0,0,0,0,0,0,0
29,2017-04-17,09:00:14,500,au1706,XSGE,289.3,288.05,290.05,49340,14255123500,264946,259634,301.9,273.15,287.55,287.7,0.0,288.05,0.0,0,0,2017-04-17,32414500,289.25,20,0,0,0,0,0,0,0,0,289.3,110,0,0,0,0,0,0,0,0
30,2017-04-17,09:00:15,0,au1706,XSGE,289.25,288.05,290.05,49396,14271321900,264948,259634,301.9,273.15,287.55,287.7,0.0,288.05,0.0,0,0,2017-04-17,32415000,289.2,39,0,0,0,0,0,0,0,0,289.25,6,0,0,0,0,0,0,0,0
31,2017-04-17,09:00:15,500,au1706,XSGE,289.25,288.05,290.05,49428,14280578400,264926,259634,301.9,273.15,287.55,287.7,0.0,288.05,0.0,0,0,2017-04-17,32415500,289.2,40,0,0,0,0,0,0,0,0,289.25,33,0,0,0,0,0,0,0,0
32,2017-04-17,09:00:16,0,au1706,XSGE,289.2,288.05,290.05,49470,14292726400,264894,259634,301.9,273.15,287.55,287.7,0.0,288.05,0.0,0,0,2017-04-17,32416000,289.2,43,0,0,0,0,0,0,0,0,289.25,51,0,0,0,0,0,0,0,0
33,2017-04-17,09:00:16,500,au1706,XSGE,289.25,288.05,290.05,49484,14296775800,264880,259634,301.9,273.15,287.55,287.7,0.0,288.05,0.0,0,0,2017-04-17,32416500,289.2,54,0,0,0,0,0,0,0,0,289.25,45,0,0,0,0,0,0,0,0
34,2017-04-17,09:00:17,0,au1706,XSGE,289.25,288.05,290.05,49488,14297932800,264876,259634,301.9,273.15,287.55,287.7,0.0,288.05,0.0,0,0,2017-04-17,32417000,289.2,54,0,0,0,0,0,0,0,0,289.25,46,0,0,0,0,0,0,0,0
35,2017-04-17,09:00:17,500,au1706,XSGE,289.25,288.05,290.05,49670,14350581000,264696,259634,301.9,273.15,287.55,287.7,0.0,288.05,0.0,0,0,2017-04-17,32417500,289.2,69,0,0,0,0,0,0,0,0,289.3,68,0,0,0,0,0,0,0,0
36,2017-04-17,09:00:18,0,au1706,XSGE,289.25,288.05,290.05,49672,14351159500,264696,259634,301.9,273.15,287.55,287.7,0.0,288.05,0.0,0,0,2017-04-17,32418000,289.2,83,0,0,0,0,0,0,0,0,289.25,3,0,0,0,0,0,0,0,0
37,2017-04-17,09:00:18,500,au1706,XSGE,289.25,288.05,290.05,49696,14358101800,264678,259634,301.9,273.15,287.55,287.7,0.0,288.05,0.0,0,0,2017-04-17,32418500,289.2,86,0,0,0,0,0,0,0,0,289.25,1,0,0,0,0,0,0,0,0
38,2017-04-17,09:00:19,0,au1706,XSGE,289.3,288.05,290.05,49720,14365044900,264666,259634,301.9,273.15,287.55,287.7,0.0,288.05,0.0,0,0,2017-04-17,32419000,289.2,89,0,0,0,0,0,0,0,0,289.3,55,0,0,0,0,0,0,0,0
39,2017-04-17,09:00:19,500,au1706,XSGE,289.3,288.05,290.05,49746,14372566700,264640,259634,301.9,273.15,287.55,287.7,0.0,288.05,0.0,0,0,2017-04-17,32419500,289.25,13,0,0,0,0,0,0,0,0,289.3,40,0,0,0,0,0,0,0,0
40,2017-04-17,09:00:20,0,au1706,XSGE,289.25,288.05,290.05,49756,14375459600,264636,259634,301.9,273.15,287.55,287.7,0.0,288.05,0.0,0,0,2017-04-17,32420000,289.25,21,0,0,0,0,0,0,0,0,289.3,52,0,0,0,0,0,0,0,0
41,2017-04-17,09:00:20,500,au1706,XSGE,289.3,288.05,290.05,49768,14378931200,264626,259634,301.9,273.15,287.55,287.7,0.0,288.05,0.0,0,0,2017-04-17,32420500,289.25,44,0,0,0,0,0,0,0,0,289.3,46,0,0,0,0,0,0,0,0
42,2017-04-17,09:00:21,0,au1706,XSGE,289.3,288.05,290.05,49794,14386452500,264608,259634,301.9,273.15,287.55,287.7,0.0,288.05,0.0,0,0,2017-04-17,32421000,289.25,63,0,0,0,0,0,0,0,0,289.3,45,0,0,0,0,0,0,0,0
43,2017-04-17,09:00:21,500,au1706,XSGE,289.3,288.05,290.05,49802,14388766900,264602,259634,301.9,273.15,287.55,287.7,0.0,288.05,0.0,0,0,2017-04-17,32421500,289.25,66,0,0,0,0,0,0,0,0,289.3,31,0,0,0,0,0,0,0,0
44,2017-04-17,09:00:22,0,au1706,XSGE,289.3,288.05,290.05,49810,14391081300,264594,259634,301.9,273.15,287.55,287.7,0.0,288.05,0.0,0,0,2017-04-17,32422000,289.25,70,0,0,0,0,0,0,0,0,289.3,27,0,0,0,0,0,0,0,0
45,2017-04-17,09:00:22,500,au1706,XSGE,289.25,288.05,290.05,49840,14399758800,264578,259634,301.9,273.15,287.55,287.7,0.0,288.05,0.0,0,0,2017-04-17,32422500,289.25,57,0,0,0,0,0,0,0,0,289.3,30,0,0,0,0,0,0,0,0
46,2017-04-17,09:00:23,0,au1706,XSGE,289.3,288.05,290.05,49846,14401494600,264578,259634,301.9,273.15,287.55,287.7,0.0,288.05,0.0,0,0,2017-04-17,32423000,289.25,70,0,0,0,0,0,0,0,0,289.3,25,0,0,0,0,0,0,0,0
47,2017-04-17,09:00:23,500,au1706,XSGE,289.3,288.05,290.05,49912,14420585300,264538,259634,301.9,273.15,287.55,287.7,0.0,288.05,0.0,0,0,2017-04-17,32423500,289.25,49,0,0,0,0,0,0,0,0,289.3,23,0,0,0,0,0,0,0,0
48,2017-04-17,09:00:24,0,au1706,XSGE,289.25,288.05,290.05,49914,14421163800,264536,259634,301.9,273.15,287.55,287.7,0.0,288.05,0.0,0,0,2017-04-17,32424000,289.25,48,0,0,0,0,0,0,0,0,289.3,33,0,0,0,0,0,0,0,0
49,2017-04-17,09:00:24,500,au1706,XSGE,289.25,288.05,290.05,49914,14421163800,264536,259634,301.9,273.15,287.55,287.7,0.0,288.05,0.0,0,0,2017-04-17,32424500,289.25,48,0,0,0,0,0,0,0,0,289.3,37,0,0,0,0,0,0,0,0
50,2017-04-17,09:00:25,0,au1706,XSGE,289.25,288.05,290.05,49920,14422899500,264532,259634,301.9,273.15,287.55,287.7,0.0,288.05,0.0,0,0,2017-04-17,32425000,289.25,47,0,0,0,0,0,0,0,0,289.3,36,0,0,0,0,0,0,0,0
51,2017-04-17,09:00:25,500,au1706,XSGE,289.25,288.05,290.05,49924,14424056500,264528,259634,301.9,273.15,287.55,287.7,0.0,288.05,0.0,0,0,2017-04-17,32425500,289.25,51,0,0,0,0,0,0,0,0,289.3,37,0,0,0,0,0,0,0,0
52,2017-04-17,09:00:26,0,au1706,XSGE,289.3,288.05,290.05,49946,14430421100,264508,259634,301.9,273.15,287.55,287.7,0.0,288.05,0.0,0,0,2017-04-17,32426000,289.25,51,0,0,0,0,0,0,0,0,289.3,26,0,0,0,0,0,0,0,0
53,2017-04-17,09:00:26,500,au1706,XSGE,289.3,288.05,290.05,49946,14430421100,264508,259634,301.9,273.15,287.55,287.7,0.0,288.05,0.0,0,0,2017-04-17,32426500,289.25,61,0,0,0,0,0,0,0,0,289.3,22,0,0,0,0,0,0,0,0
54,2017-04-17,09:00:27,0,au1706,XSGE,289.25,288.05,290.05,49950,14431578100,264504,259634,301.9,273.15,287.55,287.7,0.0,288.05,0.0,0,0,2017-04-17,32427000,289.25,59,0,0,0,0,0,0,0,0,289.3,22,0,0,0,0,0,0,0,0
55,2017-04-17,09:00:27,500,au1706,XSGE,289.25,288.05,290.05,49952,14432156600,264502,259634,301.9,273.15,287.55,287.7,0.0,288.05,0.0,0,0,2017-04-17,32427500,289.25,59,0,0,0,0,0,0,0,0,289.3,17,0,0,0,0,0,0,0,0
56,2017-04-17,09:00:28,0,au1706,XSGE,289.3,288.05,290.05,50020,14451825700,264474,259634,301.9,273.15,287.55,287.7,0.0,288.05,0.0,0,0,2017-04-17,32428000,289.25,27,0,0,0,0,0,0,0,0,289.3,18,0,0,0,0,0,0,0,0
57,2017-04-17,09:00:28,500,au1706,XSGE,289.3,288.05,290.05,50048,14459925900,264472,259634,301.9,273.15,287.55,287.7,0.0,288.05,0.0,0,0,2017-04-17,32428500,289.25,25,0,0,0,0,0,0,0,0,289.3,24,0,0,0,0,0,0,0,0
58,2017-04-17,09:00:29,0,au1706,XSGE,289.3,288.05,290.05,50062,14463975700,264462,259634,301.9,273.15,287.55,287.7,0.0,288.05,0.0,0,0,2017-04-17,32429000,289.25,21,0,0,0,0,0,0,0,0,289.3,24,0,0,0,0,0,0,0,0
59,2017-04-17,09:00:29,500,au1706,XSGE,289.25,288.05,290.05,50066,14465132700,264458,259634,301.9,273.15,287.55,287.7,0.0,288.05,0.0,0,0,2017-04-17,32429500,289.25,20,0,0,0,0,0,0,0,0,289.3,29,0,0,0,0,0,0,0,0
60,2017-04-17,09:00:30,0,au1706,XSGE,289.25,288.05,290.05,50068,14465711200,264456,259634,301.9,273.15,287.55,287.7,0.0,288.05,0.0,0,0,2017-04-17,32430000,289.25,20,0,0,0,0,0,0,0,0,289.3,36,0,0,0,0,0,0,0,0
61,2017-04-17,09:00:30,500,au1706,XSGE,289.25,288.05,290.05,50080,14469182300,264448,259634,301.9,273.15,287.55,287.7,0.0,288.05,0.0,0,0,2017-04-17,32430500,289.25,19,0,0,0,0,0,0,0,0,289.3,31,0,0,0,0,0,0,0,0
62,2017-04-17,09:00:31,0,au1706,XSGE,289.25,288.05,290.05,50090,14472074800,264438,259634,301.9,273.15,287.55,287.7,0.0,288.05,0.0,0,0,2017-04-17,32431000,289.25,29,0,0,0,0,0,0,0,0,289.3,32,0,0,0,0,0,0,0,0
63,2017-04-17,09:00:31,500,au1706,XSGE,289.25,288.05,290.05,50098,14474388800,264430,259634,301.9,273.15,287.55,287.7,0.0,288.05,0.0,0,0,2017-04-17,32431500,289.25,26,0,0,0,0,0,0,0,0,289.3,39,0,0,0,0,0,0,0,0
64,2017-04-17,09:00:32,0,au1706,XSGE,289.25,288.05,290.05,50100,14474967300,264428,259634,301.9,273.15,287.55,287.7,0.0,288.05,0.0,0,0,2017-04-17,32432000,289.25,25,0,0,0,0,0,0,0,0,289.3,39,0,0,0,0,0,0,0,0
65,2017-04-17,09:00:32,500,au1706,XSGE,289.25,288.05,290.05,50120,14480752500,264418,259634,301.9,273.15,287.55,287.7,0.0,288.05,0.0,0,0,2017-04-17,32432500,289.25,17,0,0,0,0,0,0,0,0,289.3,37,0,0,0,0,0,0,0,0
66,2017-04-17,09:00:33,0,au1706,XSGE,289.25,288.05,290.05,50146,14488273200,264410,259634,301.9,273.15,287.55,287.7,0.0,288.05,0.0,0,0,2017-04-17,32433000,289.25,6,0,0,0,0,0,0,0,0,289.3,34,0,0,0,0,0,0,0,0
67,2017-04-17,09:00:33,500,au1706,XSGE,289.25,288.05,290.05,50148,14488851700,264410,259634,301.9,273.15,287.55,287.7,0.0,288.05,0.0,0,0,2017-04-17,32433500,289.25,7,0,0,0,0,0,0,0,0,289.3,154,0,0,0,0,0,0,0,0
68,2017-04-17,09:00:34,0,au1706,XSGE,289.25,288.05,290.05,50180,14498107700,264412,259634,301.9,273.15,287.55,287.7,0.0,288.05,0.0,0,0,2017-04-17,32434000,289.2,65,0,0,0,0,0,0,0,0,289.25,77,0,0,0,0,0,0,0,0
69,2017-04-17,09:00:34,500,au1706,XSGE,289.25,288.05,290.05,50268,14523558300,264362,259634,301.9,273.15,287.55,287.7,0.0,288.05,0.0,0,0,2017-04-17,32434500,289.2,19,0,0,0,0,0,0,0,0,289.25,70,0,0,0,0,0,0,0,0
70,2017-04-17,09:00:35,0,au1706,XSGE,289.2,288.05,290.05,50314,14536861500,264366,259634,301.9,273.15,287.55,287.7,0.0,288.05,0.0,0,0,2017-04-17,32435000,289.15,10,0,0,0,0,0,0,0,0,289.2,53,0,0,0,0,0,0,0,0
71,2017-04-17,09:00:35,500,au1706,XSGE,289.2,288.05,290.05,50476,14583708000,264362,259634,301.9,273.15,287.55,287.7,0.0,288.05,0.0,0,0,2017-04-17,32435500,289.15,3,0,0,0,0,0,0,0,0,289.2,9,0,0,0,0,0,0,0,0
72,2017-04-17,09:00:36,0,au1706,XSGE,289.2,288.05,290.05,50488,14587178100,264356,259634,301.9,273.15,287.55,287.7,0.0,288.05,0.0,0,0,2017-04-17,32436000,289.15,81,0,0,0,0,0,0,0,0,289.2,31,0,0,0,0,0,0,0,0
73,2017-04-17,09:00:36,500,au1706,XSGE,289.2,288.05,290.05,50492,14588334900,264352,259634,301.9,273.15,287.55,287.7,0.0,288.05,0.0,0,0,2017-04-17,32436500,289.15,123,0,0,0,0,0,0,0,0,289.2,28,0,0,0,0,0,0,0,0
74,2017-04-17,09:00:37,0,au1706,XSGE,289.25,288.05,290.05,50644,14632299200,264424,259634,301.9,273.15,287.55,287.7,0.0,288.05,0.0,0,0,2017-04-17,32437000,289.2,7,0,0,0,0,0,0,0,0,289.25,36,0,0,0,0,0,0,0,0
75,2017-04-17,09:00:37,500,au1706,XSGE,289.25,288.05,290.05,50644,14632299200,264424,259634,301.9,273.15,287.55,287.7,0.0,288.05,0.0,0,0,2017-04-17,32437500,289.2,42,0,0,0,0,0,0,0,0,289.25,44,0,0,0,0,0,0,0,0
76,2017-04-17,09:00:38,0,au1706,XSGE,289.2,288.05,290.05,50648,14633456000,264420,259634,301.9,273.15,287.55,287.7,0.0,288.05,0.0,0,0,2017-04-17,32438000,289.2,64,0,0,0,0,0,0,0,0,289.25,44,0,0,0,0,0,0,0,0
77,2017-04-17,09:00:38,500,au1706,XSGE,289.2,288.05,290.05,50650,14634034400,264418,259634,301.9,273.15,287.55,287.7,0.0,288.05,0.0,0,0,2017-04-17,32438500,289.2,63,0,0,0,0,0,0,0,0,289.25,38,0,0,0,0,0,0,0,0
78,2017-04-17,09:00:39,0,au1706,XSGE,289.2,288.05,290.05,50652,14634612800,264418,259634,301.9,273.15,287.55,287.7,0.0,288.05,0.0,0,0,2017-04-17,32439000,289.2,65,0,0,0,0,0,0,0,0,289.25,39,0,0,0,0,0,0,0,0
79,2017-04-17,09:00:39,500,au1706,XSGE,289.2,288.05,290.05,50654,14635191200,264418,259634,301.9,273.15,287.55,287.7,0.0,288.05,0.0,0,0,2017-04-17,32439500,289.2,67,0,0,0,0,0,0,0,0,289.25,60,0,0,0,0,0,0,0,0
80,2017-04-17,09:00:40,0,au1706,XSGE,289.2,288.05,290.05,50654,14635191200,264418,259634,301.9,273.15,287.55,287.7,0.0,288.05,0.0,0,0,2017-04-17,32440000,289.2,67,0,0,0,0,0,0,0,0,289.25,60,0,0,0,0,0,0,0,0
81,2017-04-17,09:00:40,500,au1706,XSGE,289.25,288.05,290.05,50656,14635769700,264418,259634,301.9,273.15,287.55,287.7,0.0,288.05,0.0,0,0,2017-04-17,32440500,289.2,67,0,0,0,0,0,0,0,0,289.25,59,0,0,0,0,0,0,0,0
82,2017-04-17,09:00:41,0,au1706,XSGE,289.2,288.05,290.05,50658,14636348100,264418,259634,301.9,273.15,287.55,287.7,0.0,288.05,0.0,0,0,2017-04-17,32441000,289.2,67,0,0,0,0,0,0,0,0,289.25,60,0,0,0,0,0,0,0,0
83,2017-04-17,09:00:41,500,au1706,XSGE,289.25,288.05,290.05,50860,14694780600,264518,259634,301.9,273.15,287.55,287.7,0.0,288.05,0.0,0,0,2017-04-17,32441500,289.25,7,0,0,0,0,0,0,0,0,289.3,135,0,0,0,0,0,0,0,0
84,2017-04-17,09:00:42,0,au1706,XSGE,289.3,288.05,290.05,50874,14698830300,264514,259634,301.9,273.15,287.55,287.7,0.0,288.05,0.0,0,0,2017-04-17,32442000,289.25,41,0,0,0,0,0,0,0,0,289.3,142,0,0,0,0,0,0,0,0
85,2017-04-17,09:00:42,500,au1706,XSGE,289.25,288.05,290.05,50898,14705772900,264506,259634,301.9,273.15,287.55,287.7,0.0,288.05,0.0,0,0,2017-04-17,32442500,289.25,41,0,0,0,0,0,0,0,0,289.3,138,0,0,0,0,0,0,0,0
86,2017-04-17,09:00:43,0,au1706,XSGE,289.25,288.05,290.05,50938,14717342900,264526,259634,301.9,273.15,287.55,287.7,0.0,288.05,0.0,0,0,2017-04-17,32443000,289.25,24,0,0,0,0,0,0,0,0,289.3,138,0,0,0,0,0,0,0,0
87,2017-04-17,09:00:43,500,au1706,XSGE,289.25,288.05,290.05,50948,14720235400,264520,259634,301.9,273.15,287.55,287.7,0.0,288.05,0.0,0,0,2017-04-17,32443500,289.25,23,0,0,0,0,0,0,0,0,289.3,138,0,0,0,0,0,0,0,0
88,2017-04-17,09:00:44,0,au1706,XSGE,289.25,288.05,290.05,50984,14730648400,264532,259634,301.9,273.15,287.55,287.7,0.0,288.05,0.0,0,0,2017-04-17,32444000,289.25,5,0,0,0,0,0,0,0,0,289.3,138,0,0,0,0,0,0,0,0
89,2017-04-17,09:00:44,500,au1706,XSGE,289.25,288.05,290.05,50994,14733540900,264542,259634,301.9,273.15,287.55,287.7,0.0,288.05,0.0,0,0,2017-04-17,32444500,289.2,66,0,0,0,0,0,0,0,0,289.25,11,0,0,0,0,0,0,0,0
90,2017-04-17,09:00:45,0,au1706,XSGE,289.2,288.05,290.05,51036,14745687900,264532,259634,301.9,273.15,287.55,287.7,0.0,288.05,0.0,0,0,2017-04-17,32445000,289.2,52,0,0,0,0,0,0,0,0,289.25,12,0,0,0,0,0,0,0,0
91,2017-04-17,09:00:45,500,au1706,XSGE,289.2,288.05,290.05,51036,14745687900,264532,259634,301.9,273.15,287.55,287.7,0.0,288.05,0.0,0,0,2017-04-17,32445500,289.2,52,0,0,0,0,0,0,0,0,289.25,25,0,0,0,0,0,0,0,0
92,2017-04-17,09:00:46,0,au1706,XSGE,289.25,288.05,290.05,51040,14746844800,264530,259634,301.9,273.15,287.55,287.7,0.0,288.05,0.0,0,0,2017-04-17,32446000,289.2,51,0,0,0,0,0,0,0,0,289.25,31,0,0,0,0,0,0,0,0
93,2017-04-17,09:00:46,500,au1706,XSGE,289.2,288.05,290.05,51108,14766510400,264500,259634,301.9,273.15,287.55,287.7,0.0,288.05,0.0,0,0,2017-04-17,32446500,289.2,19,0,0,0,0,0,0,0,0,289.25,40,0,0,0,0,0,0,0,0
94,2017-04-17,09:00:47,0,au1706,XSGE,289.25,288.05,290.05,51114,14768245800,264496,259634,301.9,273.15,287.55,287.7,0.0,288.05,0.0,0,0,2017-04-17,32447000,289.2,17,0,0,0,0,0,0,0,0,289.25,45,0,0,0,0,0,0,0,0
95,2017-04-17,09:00:47,500,au1706,XSGE,289.25,288.05,290.05,51114,14768245800,264496,259634,301.9,273.15,287.55,287.7,0.0,288.05,0.0,0,0,2017-04-17,32447500,289.2,27,0,0,0,0,0,0,0,0,289.25,56,0,0,0,0,0,0,0,0
96,2017-04-17,09:00:48,0,au1706,XSGE,289.25,288.05,290.05,51114,14768245800,264496,259634,301.9,273.15,287.55,287.7,0.0,288.05,0.0,0,0,2017-04-17,32448000,289.2,27,0,0,0,0,0,0,0,0,289.25,54,0,0,0,0,0,0,0,0
97,2017-04-17,09:00:48,500,au1706,XSGE,289.2,288.05,290.05,51132,14773452200,264488,259634,301.9,273.15,287.55,287.7,0.0,288.05,0.0,0,0,2017-04-17,32448500,289.2,39,0,0,0,0,0,0,0,0,289.25,46,0,0,0,0,0,0,0,0
98,2017-04-17,09:00:49,0,au1706,XSGE,289.25,288.05,290.05,51148,14778080200,264480,259634,301.9,273.15,287.55,287.7,0.0,288.05,0.0,0,0,2017-04-17,32449000,289.2,28,0,0,0,0,0,0,0,0,289.25,27,0,0,0,0,0,0,0,0
99,2017-04-17,09:00:49,500,au1706,XSGE,289.2,288.05,290.05,51208,14795432200,264448,259634,301.9,273.15,287.55,287.7,0.0,288.05,0.0,0,0,2017-04-17,32449500,289.2,14,0,0,0,0,0,0,0,0,289.25,36,0,0,0,0,0,0,0,0
100,2017-04-17,09:00:50,0,au1706,XSGE,289.2,288.05,290.05,51210,14796010600,264448,259634,301.9,273.15,287.55,287.7,0.0,288.05,0.0,0,0,2017-04-17,32450000,289.2,29,0,0,0,0,0,0,0,0,289.25,38,0,0,0,0,0,0,0,0
101,2017-04-17,09:00:50,500,au1706,XSGE,289.25,288.05,290.05,51252,14808157100,264410,259634,301.9,273.15,287.55,287.7,0.0,288.05,0.0,0,0,2017-04-17,32450500,289.2,18,0,0,0,0,0,0,0,0,289.25,42,0,0,0,0,0,0,0,0
102,2017-04-17,09:00:51,0,au1706,XSGE,289.25,288.05,290.05,51254,14808735600,264408,259634,301.9,273.15,287.55,287.7,0.0,288.05,0.0,0,0,2017-04-17,32451000,289.2,24,0,0,0,0,0,0,0,0,289.25,39,0,0,0,0,0,0,0,0
103,2017-04-17,09:00:51,500,au1706,XSGE,289.25,288.05,290.05,51258,14809892600,264408,259634,301.9,273.15,287.55,287.7,0.0,288.05,0.0,0,0,2017-04-17,32451500,289.2,32,0,0,0,0,0,0,0,0,289.25,31,0,0,0,0,0,0,0,0
104,2017-04-17,09:00:52,0,au1706,XSGE,289.25,288.05,290.05,51258,14809892600,264408,259634,301.9,273.15,287.55,287.7,0.0,288.05,0.0,0,0,2017-04-17,32452000,289.2,31,0,0,0,0,0,0,0,0,289.25,34,0,0,0,0,0,0,0,0
105,2017-04-17,09:00:52,500,au1706,XSGE,289.25,288.05,290.05,51258,14809892600,264408,259634,301.9,273.15,287.55,287.7,0.0,288.05,0.0,0,0,2017-04-17,32452500,289.2,45,0,0,0,0,0,0,0,0,289.25,34,0,0,0,0,0,0,0,0
106,2017-04-17,09:00:53,0,au1706,XSGE,289.2,288.05,290.05,51302,14822617500,264424,259634,301.9,273.15,287.55,287.7,0.0,288.05,0.0,0,0,2017-04-17,32453000,289.2,24,0,0,0,0,0,0,0,0,289.25,33,0,0,0,0,0,0,0,0
107,2017-04-17,09:00:53,500,au1706,XSGE,289.2,288.05,290.05,51316,14826666400,264418,259634,301.9,273.15,287.55,287.7,0.0,288.05,0.0,0,0,2017-04-17,32453500,289.2,23,0,0,0,0,0,0,0,0,289.25,45,0,0,0,0,0,0,0,0
108,2017-04-17,09:00:54,0,au1706,XSGE,289.2,288.05,290.05,51318,14827244800,264418,259634,301.9,273.15,287.55,287.7,0.0,288.05,0.0,0,0,2017-04-17,32454000,289.2,27,0,0,0,0,0,0,0,0,289.25,49,0,0,0,0,0,0,0,0
109,2017-04-17,09:00:54,500,au1706,XSGE,289.2,288.05,290.05,51318,14827244800,264418,259634,301.9,273.15,287.55,287.7,0.0,288.05,0.0,0,0,2017-04-17,32454500,289.2,27,0,0,0,0,0,0,0,0,289.25,49,0,0,0,0,0,0,0,0
110,2017-04-17,09:00:55,0,au1706,XSGE,289.2,288.05,290.05,51318,14827244800,264418,259634,301.9,273.15,287.55,287.7,0.0,288.05,0.0,0,0,2017-04-17,32455000,289.2,27,0,0,0,0,0,0,0,0,289.25,53,0,0,0,0,0,0,0,0
111,2017-04-17,09:00:55,500,au1706,XSGE,289.25,288.05,290.05,51322,14828401800,264414,259634,301.9,273.15,287.55,287.7,0.0,288.05,0.0,0,0,2017-04-17,32455500,289.2,46,0,0,0,0,0,0,0,0,289.25,51,0,0,0,0,0,0,0,0
112,2017-04-17,09:00:56,0,au1706,XSGE,289.25,288.05,290.05,51322,14828401800,264414,259634,301.9,273.15,287.55,287.7,0.0,288.05,0.0,0,0,2017-04-17,32456000,289.2,46,0,0,0,0,0,0,0,0,289.25,45,0,0,0,0,0,0,0,0
113,2017-04-17,09:00:56,500,au1706,XSGE,289.2,288.05,290.05,51326,14829558600,264410,259634,301.9,273.15,287.55,287.7,0.0,288.05,0.0,0,0,2017-04-17,32456500,289.2,44,0,0,0,0,0,0,0,0,289.25,45,0,0,0,0,0,0,0,0
114,2017-04-17,09:00:57,0,au1706,XSGE,289.2,288.05,290.05,51330,14830715400,264408,259634,301.9,273.15,287.55,287.7,0.0,288.05,0.0,0,0,2017-04-17,32457000,289.2,42,0,0,0,0,0,0,0,0,289.25,45,0,0,0,0,0,0,0,0
115,2017-04-17,09:00:57,500,au1706,XSGE,289.2,288.05,290.05,51332,14831293800,264406,259634,301.9,273.15,287.55,287.7,0.0,288.05,0.0,0,0,2017-04-17,32457500,289.2,41,0,0,0,0,0,0,0,0,289.25,45,0,0,0,0,0,0,0,0
116,2017-04-17,09:00:58,0,au1706,XSGE,289.2,288.05,290.05,51332,14831293800,264406,259634,301.9,273.15,287.55,287.7,0.0,288.05,0.0,0,0,2017-04-17,32458000,289.2,40,0,0,0,0,0,0,0,0,289.25,51,0,0,0,0,0,0,0,0
117,2017-04-17,09:00:58,500,au1706,XSGE,289.2,288.05,290.05,51332,14831293800,264406,259634,301.9,273.15,287.55,287.7,0.0,288.05,0.0,0,0,2017-04-17,32458500,289.2,40,0,0,0,0,0,0,0,0,289.25,50,0,0,0,0,0,0,0,0
118,2017-04-17,09:00:59,0,au1706,XSGE,289.2,288.05,290.05,51334,14831872200,264404,259634,301.9,273.15,287.55,287.7,0.0,288.05,0.0,0,0,2017-04-17,32459000,289.2,63,0,0,0,0,0,0,0,0,289.25,47,0,0,0,0,0,0,0,0
119,2017-04-17,09:01:00,0,au1706,XSGE,289.2,288.05,290.05,51438,14861949000,264482,259634,301.9,273.15,287.55,287.7,0.0,288.05,0.0,0,0,2017-04-17,32460000,289.2,11,0,0,0,0,0,0,0,0,289.25,45,0,0,0,0,0,0,0,0
120,2017-04-17,09:01:00,500,au1706,XSGE,289.2,288.05,290.05,51504,14881036900,264492,259634,301.9,273.15,287.55,287.7,0.0,288.05,0.0,0,0,2017-04-17,32460500,289.15,84,0,0,0,0,0,0,0,0,289.2,219,0,0,0,0,0,0,0,0
121,2017-04-17,09:01:01,0,au1706,XSGE,289.2,288.05,290.05,51532,14889133500,264474,259634,301.9,273.15,287.55,287.7,0.0,288.05,0.0,0,0,2017-04-17,32461000,289.15,74,0,0,0,0,0,0,0,0,289.2,221,0,0,0,0,0,0,0,0
122,2017-04-17,09:01:01,500,au1706,XSGE,289.2,288.05,290.05,51536,14890290300,264474,259634,301.9,273.15,287.55,287.7,0.0,288.05,0.0,0,0,2017-04-17,32461500,289.15,36,0,0,0,0,0,0,0,0,289.2,225,0,0,0,0,0,0,0,0
123,2017-04-17,09:01:02,0,au1706,XSGE,289.15,288.05,290.05,51588,14905326200,264512,259634,301.9,273.15,287.55,287.7,0.0,288.05,0.0,0,0,2017-04-17,32462000,289.15,11,0,0,0,0,0,0,0,0,289.2,224,0,0,0,0,0,0,0,0
124,2017-04-17,09:01:02,500,au1706,XSGE,289.15,288.05,290.05,51646,14922096900,264480,259634,301.9,273.15,287.55,287.7,0.0,288.05,0.0,0,0,2017-04-17,32462500,289.1,17,0,0,0,0,0,0,0,0,289.15,78,0,0,0,0,0,0,0,0
125,2017-04-17,09:01:03,0,au1706,XSGE,289.1,288.05,290.05,51750,14952165100,264498,259634,301.9,273.15,287.55,287.7,0.0,288.05,0.0,0,0,2017-04-17,32463000,289.099,15,0,0,0,0,0,0,0,0,289.15,73,0,0,0,0,0,0,0,0
126,2017-04-17,09:01:03,500,au1706,XSGE,289.1,288.05,290.05,51784,14961994500,264490,259634,301.9,273.15,287.55,287.7,0.0,288.05,0.0,0,0,2017-04-17,32463500,289.05,13,0,0,0,0,0,0,0,0,289.1,11,0,0,0,0,0,0,0,0
127,2017-04-17,09:01:04,0,au1706,XSGE,289.1,288.05,290.05,51816,14971245700,264518,259634,301.9,273.15,287.55,287.7,0.0,288.05,0.0,0,0,2017-04-17,32464000,289.05,60,0,0,0,0,0,0,0,0,289.1,7,0,0,0,0,0,0,0,0
128,2017-04-17,09:01:04,500,au1706,XSGE,289.1,288.05,290.05,51850,14981075100,264532,259634,301.9,273.15,287.55,287.7,0.0,288.05,0.0,0,0,2017-04-17,32464500,289.05,68,0,0,0,0,0,0,0,0,289.1,20,0,0,0,0,0,0,0,0
129,2017-04-17,09:01:05,0,au1706,XSGE,289.1,288.05,290.05,51874,14988013500,264554,259634,301.9,273.15,287.55,287.7,0.0,288.05,0.0,0,0,2017-04-17,32465000,289.05,92,0,0,0,0,0,0,0,0,289.1,11,0,0,0,0,0,0,0,0
130,2017-04-17,09:01:05,500,au1706,XSGE,289.1,288.05,290.05,51874,14988013500,264554,259634,301.9,273.15,287.55,287.7,0.0,288.05,0.0,0,0,2017-04-17,32465500,289.05,92,0,0,0,0,0,0,0,0,289.1,11,0,0,0,0,0,0,0,0
131,2017-04-17,09:01:06,0,au1706,XSGE,289.05,288.05,290.05,51892,14993216400,264570,259634,301.9,273.15,287.55,287.7,0.0,288.05,0.0,0,0,2017-04-17,32466000,289.05,68,0,0,0,0,0,0,0,0,289.1,15,0,0,0,0,0,0,0,0
132,2017-04-17,09:01:06,500,au1706,XSGE,289.05,288.05,290.05,51988,15020966700,264542,259634,301.9,273.15,287.55,287.7,0.0,288.05,0.0,0,0,2017-04-17,32466500,289.05,35,0,0,0,0,0,0,0,0,289.1,17,0,0,0,0,0,0,0,0
133,2017-04-17,09:01:07,0,au1706,XSGE,289.05,288.05,290.05,52078,15046981200,264526,259634,301.9,273.15,287.55,287.7,0.0,288.05,0.0,0,0,2017-04-17,32467000,289.0,20,0,0,0,0,0,0,0,0,289.05,70,0,0,0,0,0,0,0,0
134,2017-04-17,09:01:07,500,au1706,XSGE,289.05,288.05,290.05,52080,15047559300,264524,259634,301.9,273.15,287.55,287.7,0.0,288.05,0.0,0,0,2017-04-17,32467500,289.0,47,0,0,0,0,0,0,0,0,289.05,111,0,0,0,0,0,0,0,0
135,2017-04-17,09:01:08,0,au1706,XSGE,289.0,288.05,290.05,52100,15053339300,264506,259634,301.9,273.15,287.55,287.7,0.0,288.05,0.0,0,0,2017-04-17,32468000,289.0,73,0,0,0,0,0,0,0,0,289.05,113,0,0,0,0,0,0,0,0
136,2017-04-17,09:01:08,500,au1706,XSGE,289.0,288.05,290.05,52116,15057963300,264506,259634,301.9,273.15,287.55,287.7,0.0,288.05,0.0,0,0,2017-04-17,32468500,289.0,89,0,0,0,0,0,0,0,0,289.05,114,0,0,0,0,0,0,0,0
137,2017-04-17,09:01:09,0,au1706,XSGE,289.0,288.05,290.05,52138,15064321300,264506,259634,301.9,273.15,287.55,287.7,0.0,288.05,0.0,0,0,2017-04-17,32469000,289.0,78,0,0,0,0,0,0,0,0,289.05,114,0,0,0,0,0,0,0,0
138,2017-04-17,09:01:09,500,au1706,XSGE,289.0,288.05,290.05,52210,15085131700,264518,259634,301.9,273.15,287.55,287.7,0.0,288.05,0.0,0,0,2017-04-17,32469500,289.0,61,0,0,0,0,0,0,0,0,289.05,96,0,0,0,0,0,0,0,0
139,2017-04-17,09:01:10,0,au1706,XSGE,289.0,288.05,290.05,52220,15088021700,264510,259634,301.9,273.15,287.55,287.7,0.0,288.05,0.0,0,0,2017-04-17,32470000,289.0,59,0,0,0,0,0,0,0,0,289.05,98,0,0,0,0,0,0,0,0
140,2017-04-17,09:01:10,500,au1706,XSGE,289.0,288.05,290.05,52280,15105361700,264450,259634,301.9,273.15,287.55,287.7,0.0,288.05,0.0,0,0,2017-04-17,32470500,289.0,29,0,0,0,0,0,0,0,0,289.05,98,0,0,0,0,0,0,0,0
141,2017-04-17,09:01:11,0,au1706,XSGE,289.05,288.05,290.05,52398,15139468500,264462,259634,301.9,273.15,287.55,287.7,0.0,288.05,0.0,0,0,2017-04-17,32471000,289.0,34,0,0,0,0,0,0,0,0,289.05,52,0,0,0,0,0,0,0,0
142,2017-04-17,09:01:11,500,au1706,XSGE,289.0,288.05,290.05,52490,15166056500,264492,259634,301.9,273.15,287.55,287.7,0.0,288.05,0.0,0,0,2017-04-17,32471500,289.0,3,0,0,0,0,0,0,0,0,289.05,54,0,0,0,0,0,0,0,0
143,2017-04-17,09:01:12,0,au1706,XSGE,289.0,288.05,290.05,52540,15180506400,264504,259634,301.9,273.15,287.55,287.7,0.0,288.05,0.0,0,0,2017-04-17,32472000,288.95,13,0,0,0,0,0,0,0,0,289.0,7,0,0,0,0,0,0,0,0
144,2017-04-17,09:01:12,500,au1706,XSGE,289.0,288.05,290.05,52558,15185708400,264508,259634,301.9,273.15,287.55,287.7,0.0,288.05,0.0,0,0,2017-04-17,32472500,288.95,48,0,0,0,0,0,0,0,0,289.0,13,0,0,0,0,0,0,0,0
145,2017-04-17,09:01:13,0,au1706,XSGE,288.95,288.05,290.05,52644,15210559900,264500,259634,301.9,273.15,287.55,287.7,0.0,288.05,0.0,0,0,2017-04-17,32473000,288.95,25,0,0,0,0,0,0,0,0,289.0,13,0,0,0,0,0,0,0,0
146,2017-04-17,09:01:13,500,au1706,XSGE,289.0,288.05,290.05,52674,15219229800,264504,259634,301.9,273.15,287.55,287.7,0.0,288.05,0.0,0,0,2017-04-17,32473500,288.95,31,0,0,0,0,0,0,0,0,289.0,18,0,0,0,0,0,0,0,0
147,2017-04-17,09:01:14,0,au1706,XSGE,289.0,288.05,290.05,52678,15220385700,264502,259634,301.9,273.15,287.55,287.7,0.0,288.05,0.0,0,0,2017-04-17,32474000,288.95,42,0,0,0,0,0,0,0,0,289.0,17,0,0,0,0,0,0,0,0
148,2017-04-17,09:01:14,500,au1706,XSGE,289.0,288.05,290.05,52684,15222119500,264500,259634,301.9,273.15,287.55,287.7,0.0,288.05,0.0,0,0,2017-04-17,32474500,288.95,48,0,0,0,0,0,0,0,0,289.0,42,0,0,0,0,0,0,0,0
149,2017-04-17,09:01:15,0,au1706,XSGE,289.0,288.05,290.05,52760,15244083500,264508,259634,301.9,273.15,287.55,287.7,0.0,288.05,0.0,0,0,2017-04-17,32475000,288.95,51,0,0,0,0,0,0,0,0,289.0,13,0,0,0,0,0,0,0,0
150,2017-04-17,09:01:15,500,au1706,XSGE,288.95,288.05,290.05,52846,15268933200,264478,259634,301.9,273.15,287.55,287.7,0.0,288.05,0.0,0,0,2017-04-17,32475500,288.95,9,0,0,0,0,0,0,0,0,289.0,16,0,0,0,0,0,0,0,0
151,2017-04-17,09:01:16,0,au1706,XSGE,288.95,288.05,290.05,52852,15270666900,264476,259634,301.9,273.15,287.55,287.7,0.0,288.05,0.0,0,0,2017-04-17,32476000,288.95,27,0,0,0,0,0,0,0,0,289.0,49,0,0,0,0,0,0,0,0
152,2017-04-17,09:01:16,500,au1706,XSGE,288.95,288.05,290.05,52856,15271822700,264474,259634,301.9,273.15,287.55,287.7,0.0,288.05,0.0,0,0,2017-04-17,32476500,288.95,25,0,0,0,0,0,0,0,0,289.0,52,0,0,0,0,0,0,0,0
153,2017-04-17,09:01:17,0,au1706,XSGE,288.95,288.05,290.05,52880,15278757500,264456,259634,301.9,273.15,287.55,287.7,0.0,288.05,0.0,0,0,2017-04-17,32477000,288.95,13,0,0,0,0,0,0,0,0,289.0,53,0,0,0,0,0,0,0,0
154,2017-04-17,09:01:17,500,au1706,XSGE,288.95,288.05,290.05,52936,15294938700,264512,259634,301.9,273.15,287.55,287.7,0.0,288.05,0.0,0,0,2017-04-17,32477500,288.9,38,0,0,0,0,0,0,0,0,288.95,50,0,0,0,0,0,0,0,0
155,2017-04-17,09:01:18,0,au1706,XSGE,288.95,288.05,290.05,52956,15300717600,264524,259634,301.9,273.15,287.55,287.7,0.0,288.05,0.0,0,0,2017-04-17,32478000,288.9,40,0,0,0,0,0,0,0,0,288.95,57,0,0,0,0,0,0,0,0
156,2017-04-17,09:01:18,500,au1706,XSGE,288.9,288.05,290.05,52970,15304762300,264524,259634,301.9,273.15,287.55,287.7,0.0,288.05,0.0,0,0,2017-04-17,32478500,288.9,34,0,0,0,0,0,0,0,0,288.95,59,0,0,0,0,0,0,0,0
157,2017-04-17,09:01:19,0,au1706,XSGE,288.9,288.05,290.05,52972,15305340100,264526,259634,301.9,273.15,287.55,287.7,0.0,288.05,0.0,0,0,2017-04-17,32479000,288.9,12,0,0,0,0,0,0,0,0,288.95,76,0,0,0,0,0,0,0,0
158,2017-04-17,09:01:19,500,au1706,XSGE,288.9,288.05,290.05,52988,15309962500,264526,259634,301.9,273.15,287.55,287.7,0.0,288.05,0.0,0,0,2017-04-17,32479500,288.9,3,0,0,0,0,0,0,0,0,288.95,90,0,0,0,0,0,0,0,0
159,2017-04-17,09:01:20,0,au1706,XSGE,288.9,288.05,290.05,53028,15321516900,264554,259634,301.9,273.15,287.55,287.7,0.0,288.05,0.0,0,0,2017-04-17,32480000,288.8,49,0,0,0,0,0,0,0,0,288.9,9,0,0,0,0,0,0,0,0
160,2017-04-17,09:01:20,500,au1706,XSGE,288.85,288.05,290.05,53140,15353875200,264608,259634,301.9,273.15,287.55,287.7,0.0,288.05,0.0,0,0,2017-04-17,32480500,288.85,15,0,0,0,0,0,0,0,0,288.95,100,0,0,0,0,0,0,0,0
161,2017-04-17,09:01:21,0,au1706,XSGE,288.8,288.05,290.05,53254,15386802200,264564,259634,301.9,273.15,287.55,287.7,0.0,288.05,0.0,0,0,2017-04-17,32481000,288.8,81,0,0,0,0,0,0,0,0,288.9,21,0,0,0,0,0,0,0,0
162,2017-04-17,09:01:21,500,au1706,XSGE,288.85,288.05,290.05,53266,15390268600,264564,259634,301.9,273.15,287.55,287.7,0.0,288.05,0.0,0,0,2017-04-17,32481500,288.8,93,0,0,0,0,0,0,0,0,288.9,31,0,0,0,0,0,0,0,0
163,2017-04-17,09:01:22,0,au1706,XSGE,288.8,288.05,290.05,53268,15390846200,264564,259634,301.9,273.15,287.55,287.7,0.0,288.05,0.0,0,0,2017-04-17,32482000,288.8,90,0,0,0,0,0,0,0,0,288.849,2,0,0,0,0,0,0,0,0
164,2017-04-17,09:01:22,500,au1706,XSGE,288.8,288.05,290.05,53590,15483853500,264786,259634,301.9,273.15,287.55,287.7,0.0,288.05,0.0,0,0,2017-04-17,32482500,288.8,29,0,0,0,0,0,0,0,0,288.85,10,0,0,0,0,0,0,0,0
165,2017-04-17,09:01:23,0,au1706,XSGE,288.85,288.05,290.05,53648,15500606900,264762,259634,301.9,273.15,287.55,287.7,0.0,288.05,0.0,0,0,2017-04-17,32483000,288.85,3,0,0,0,0,0,0,0,0,288.9,17,0,0,0,0,0,0,0,0
166,2017-04-17,09:01:23,500,au1706,XSGE,288.85,288.05,290.05,53654,15502340000,264758,259634,301.9,273.15,287.55,287.7,0.0,288.05,0.0,0,0,2017-04-17,32483500,288.85,5,0,0,0,0,0,0,0,0,288.9,63,0,0,0,0,0,0,0,0
167,2017-04-17,09:01:24,0,au1706,XSGE,288.85,288.05,290.05,53728,15523713700,264740,259634,301.9,273.15,287.55,287.7,0.0,288.05,0.0,0,0,2017-04-17,32484000,288.85,15,0,0,0,0,0,0,0,0,288.9,72,0,0,0,0,0,0,0,0
168,2017-04-17,09:01:24,500,au1706,XSGE,288.85,288.05,290.05,53746,15528913000,264728,259634,301.9,273.15,287.55,287.7,0.0,288.05,0.0,0,0,2017-04-17,32484500,288.85,9,0,0,0,0,0,0,0,0,288.9,73,0,0,0,0,0,0,0,0
169,2017-04-17,09:01:25,0,au1706,XSGE,288.85,288.05,290.05,53770,15535845400,264732,259634,301.9,273.15,287.55,287.7,0.0,288.05,0.0,0,0,2017-04-17,32485000,288.8,27,0,0,0,0,0,0,0,0,288.85,5,0,0,0,0,0,0,0,0
170,2017-04-17,09:01:25,500,au1706,XSGE,288.85,288.05,290.05,53778,15538156200,264738,259634,301.9,273.15,287.55,287.7,0.0,288.05,0.0,0,0,2017-04-17,32485500,288.8,27,0,0,0,0,0,0,0,0,288.85,22,0,0,0,0,0,0,0,0
171,2017-04-17,09:01:26,0,au1706,XSGE,288.8,288.05,290.05,53780,15538733800,264736,259634,301.9,273.15,287.55,287.7,0.0,288.05,0.0,0,0,2017-04-17,32486000,288.8,28,0,0,0,0,0,0,0,0,288.85,37,0,0,0,0,0,0,0,0
172,2017-04-17,09:01:26,500,au1706,XSGE,288.85,288.05,290.05,53782,15539311500,264738,259634,301.9,273.15,287.55,287.7,0.0,288.05,0.0,0,0,2017-04-17,32486500,288.8,29,0,0,0,0,0,0,0,0,288.85,53,0,0,0,0,0,0,0,0
173,2017-04-17,09:01:27,0,au1706,XSGE,288.85,288.05,290.05,53782,15539311500,264738,259634,301.9,273.15,287.55,287.7,0.0,288.05,0.0,0,0,2017-04-17,32487000,288.8,29,0,0,0,0,0,0,0,0,288.85,52,0,0,0,0,0,0,0,0
174,2017-04-17,09:01:27,500,au1706,XSGE,288.8,288.05,290.05,53834,15554329200,264690,259634,301.9,273.15,287.55,287.7,0.0,288.05,0.0,0,0,2017-04-17,32487500,288.8,4,0,0,0,0,0,0,0,0,288.85,59,0,0,0,0,0,0,0,0
175,2017-04-17,09:01:28,0,au1706,XSGE,288.8,288.05,290.05,53848,15558372500,264696,259634,301.9,273.15,287.55,287.7,0.0,288.05,0.0,0,0,2017-04-17,32488000,288.8,3,0,0,0,0,0,0,0,0,288.85,66,0,0,0,0,0,0,0,0
176,2017-04-17,09:01:28,500,au1706,XSGE,288.75,288.05,290.05,53864,15562993200,264698,259634,301.9,273.15,287.55,287.7,0.0,288.05,0.0,0,0,2017-04-17,32488500,288.75,33,0,0,0,0,0,0,0,0,288.8,6,0,0,0,0,0,0,0,0
177,2017-04-17,09:01:29,0,au1706,XSGE,288.8,288.05,290.05,53906,15575124000,264708,259634,301.9,273.15,287.55,287.7,0.0,288.05,0.0,0,0,2017-04-17,32489000,288.75,60,0,0,0,0,0,0,0,0,288.8,6,0,0,0,0,0,0,0,0
178,2017-04-17,09:01:29,500,au1706,XSGE,288.8,288.05,290.05,53908,15575701600,264708,259634,301.9,273.15,287.55,287.7,0.0,288.05,0.0,0,0,2017-04-17,32489500,288.75,69,0,0,0,0,0,0,0,0,288.8,11,0,0,0,0,0,0,0,0
179,2017-04-17,09:01:30,0,au1706,XSGE,288.8,288.05,290.05,53942,15585520800,264704,259634,301.9,273.15,287.55,287.7,0.0,288.05,0.0,0,0,2017-04-17,32490000,288.75,69,0,0,0,0,0,0,0,0,288.8,52,0,0,0,0,0,0,0,0
180,2017-04-17,09:01:30,500,au1706,XSGE,288.8,288.05,290.05,53948,15587253600,264704,259634,301.9,273.15,287.55,287.7,0.0,288.05,0.0,0,0,2017-04-17,32490500,288.75,72,0,0,0,0,0,0,0,0,288.8,49,0,0,0,0,0,0,0,0
181,2017-04-17,09:01:31,0,au1706,XSGE,288.75,288.05,290.05,54102,15631721300,264636,259634,301.9,273.15,287.55,287.7,0.0,288.05,0.0,0,0,2017-04-17,32491000,288.75,14,0,0,0,0,0,0,0,0,288.8,70,0,0,0,0,0,0,0,0
182,2017-04-17,09:01:31,500,au1706,XSGE,288.75,288.05,290.05,54164,15649623800,264676,259634,301.9,273.15,287.55,287.7,0.0,288.05,0.0,0,0,2017-04-17,32491500,288.7,62,0,0,0,0,0,0,0,0,288.75,10,0,0,0,0,0,0,0,0
183,2017-04-17,09:01:32,0,au1706,XSGE,288.7,288.05,290.05,54238,15670990400,264650,259634,301.9,273.15,287.55,287.7,0.0,288.05,0.0,0,0,2017-04-17,32492000,288.7,73,0,0,0,0,0,0,0,0,288.8,69,0,0,0,0,0,0,0,0
184,2017-04-17,09:01:32,500,au1706,XSGE,288.75,288.05,290.05,54246,15673300300,264650,259634,301.9,273.15,287.55,287.7,0.0,288.05,0.0,0,0,2017-04-17,32492500,288.75,5,0,0,0,0,0,0,0,0,288.8,88,0,0,0,0,0,0,0,0
185,2017-04-17,09:01:33,0,au1706,XSGE,288.75,288.05,290.05,54284,15684273400,264650,259634,301.9,273.15,287.55,287.7,0.0,288.05,0.0,0,0,2017-04-17,32493000,288.75,2,0,0,0,0,0,0,0,0,288.8,88,0,0,0,0,0,0,0,0
186,2017-04-17,09:01:33,500,au1706,XSGE,288.75,288.05,290.05,54286,15684850900,264650,259634,301.9,273.15,287.55,287.7,0.0,288.05,0.0,0,0,2017-04-17,32493500,288.75,54,0,0,0,0,0,0,0,0,288.8,89,0,0,0,0,0,0,0,0
187,2017-04-17,09:01:34,0,au1706,XSGE,288.75,288.05,290.05,54308,15691203400,264670,259634,301.9,273.15,287.55,287.7,0.0,288.05,0.0,0,0,2017-04-17,32494000,288.75,52,0,0,0,0,0,0,0,0,288.8,95,0,0,0,0,0,0,0,0
188,2017-04-17,09:01:34,500,au1706,XSGE,288.8,288.05,290.05,54354,15704486100,264690,259634,301.9,273.15,287.55,287.7,0.0,288.05,0.0,0,0,2017-04-17,32494500,288.75,65,0,0,0,0,0,0,0,0,288.8,89,0,0,0,0,0,0,0,0
189,2017-04-17,09:01:35,0,au1706,XSGE,288.8,288.05,290.05,54382,15712571400,264692,259634,301.9,273.15,287.55,287.7,0.0,288.05,0.0,0,0,2017-04-17,32495000,288.75,36,0,0,0,0,0,0,0,0,288.8,89,0,0,0,0,0,0,0,0
190,2017-04-17,09:01:35,500,au1706,XSGE,288.75,288.05,290.05,54392,15715458900,264698,259634,301.9,273.15,287.55,287.7,0.0,288.05,0.0,0,0,2017-04-17,32495500,288.7,73,0,0,0,0,0,0,0,0,288.75,1,0,0,0,0,0,0,0,0
191,2017-04-17,09:01:36,0,au1706,XSGE,288.7,288.05,290.05,54400,15717768700,264690,259634,301.9,273.15,287.55,287.7,0.0,288.05,0.0,0,0,2017-04-17,32496000,288.7,118,0,0,0,0,0,0,0,0,288.75,17,0,0,0,0,0,0,0,0
192,2017-04-17,09:01:36,500,au1706,XSGE,288.7,288.05,290.05,54426,15725276100,264678,259634,301.9,273.15,287.55,287.7,0.0,288.05,0.0,0,0,2017-04-17,32496500,288.7,112,0,0,0,0,0,0,0,0,288.75,17,0,0,0,0,0,0,0,0
193,2017-04-17,09:01:37,0,au1706,XSGE,288.7,288.05,290.05,54458,15734515800,264666,259634,301.9,273.15,287.55,287.7,0.0,288.05,0.0,0,0,2017-04-17,32497000,288.7,114,0,0,0,0,0,0,0,0,288.75,5,0,0,0,0,0,0,0,0
194,2017-04-17,09:01:37,500,au1706,XSGE,288.75,288.05,290.05,54480,15740868300,264650,259634,301.9,273.15,287.55,287.7,0.0,288.05,0.0,0,0,2017-04-17,32497500,288.75,13,0,0,0,0,0,0,0,0,288.8,97,0,0,0,0,0,0,0,0
195,2017-04-17,09:01:38,0,au1706,XSGE,288.75,288.05,290.05,54486,15742600800,264644,259634,301.9,273.15,287.55,287.7,0.0,288.05,0.0,0,0,2017-04-17,32498000,288.75,11,0,0,0,0,0,0,0,0,288.8,102,0,0,0,0,0,0,0,0
196,2017-04-17,09:01:38,500,au1706,XSGE,288.8,288.05,290.05,54572,15767435300,264648,259634,301.9,273.15,287.55,287.7,0.0,288.05,0.0,0,0,2017-04-17,32498500,288.7,99,0,0,0,0,0,0,0,0,288.8,57,0,0,0,0,0,0,0,0
197,2017-04-17,09:01:39,0,au1706,XSGE,288.75,288.05,290.05,54578,15769167700,264648,259634,301.9,273.15,287.55,287.7,0.0,288.05,0.0,0,0,2017-04-17,32499000,288.7,79,0,0,0,0,0,0,0,0,288.75,32,0,0,0,0,0,0,0,0
198,2017-04-17,09:01:39,500,au1706,XSGE,288.7,288.05,290.05,54582,15770322500,264644,259634,301.9,273.15,287.55,287.7,0.0,288.05,0.0,0,0,2017-04-17,32499500,288.7,97,0,0,0,0,0,0,0,0,288.75,47,0,0,0,0,0,0,0,0
199,2017-04-17,09:01:40,0,au1706,XSGE,288.7,288.05,290.05,54584,15770899900,264644,259634,301.9,273.15,287.55,287.7,0.0,288.05,0.0,0,0,2017-04-17,32500000,288.7,98,0,0,0,0,0,0,0,0,288.75,76,0,0,0,0,0,0,0,0
200,2017-04-17,09:01:40,500,au1706,XSGE,288.75,288.05,290.05,54722,15810742400,264548,259634,301.9,273.15,287.55,287.7,0.0,288.05,0.0,0,0,2017-04-17,32500500,288.7,49,0,0,0,0,0,0,0,0,288.75,52,0,0,0,0,0,0,0,0
201,2017-04-17,09:01:41,0,au1706,XSGE,288.7,288.05,290.05,54758,15821135600,264512,259634,301.9,273.15,287.55,287.7,0.0,288.05,0.0,0,0,2017-04-17,32501000,288.7,31,0,0,0,0,0,0,0,0,288.75,58,0,0,0,0,0,0,0,0
202,2017-04-17,09:01:41,500,au1706,XSGE,288.7,288.05,290.05,54772,15825177400,264518,259634,301.9,273.15,287.55,287.7,0.0,288.05,0.0,0,0,2017-04-17,32501500,288.7,40,0,0,0,0,0,0,0,0,288.75,58,0,0,0,0,0,0,0,0
203,2017-04-17,09:01:42,0,au1706,XSGE,288.7,288.05,290.05,54786,15829219300,264516,259634,301.9,273.15,287.55,287.7,0.0,288.05,0.0,0,0,2017-04-17,32502000,288.7,67,0,0,0,0,0,0,0,0,288.75,46,0,0,0,0,0,0,0,0
204,2017-04-17,09:01:42,500,au1706,XSGE,288.7,288.05,290.05,54852,15848276600,264518,259634,301.9,273.15,287.55,287.7,0.0,288.05,0.0,0,0,2017-04-17,32502500,288.7,64,0,0,0,0,0,0,0,0,288.75,25,0,0,0,0,0,0,0,0
205,2017-04-17,09:01:43,0,au1706,XSGE,288.75,288.05,290.05,54904,15863291600,264492,259634,301.9,273.15,287.55,287.7,0.0,288.05,0.0,0,0,2017-04-17,32503000,288.75,1,0,0,0,0,0,0,0,0,288.8,71,0,0,0,0,0,0,0,0
206,2017-04-17,09:01:43,500,au1706,XSGE,288.8,288.05,290.05,54914,15866179500,264494,259634,301.9,273.15,287.55,287.7,0.0,288.05,0.0,0,0,2017-04-17,32503500,288.75,57,0,0,0,0,0,0,0,0,288.8,77,0,0,0,0,0,0,0,0
207,2017-04-17,09:01:44,0,au1706,XSGE,288.8,288.05,290.05,54970,15882352200,264532,259634,301.9,273.15,287.55,287.7,0.0,288.05,0.0,0,0,2017-04-17,32504000,288.75,68,0,0,0,0,0,0,0,0,288.8,48,0,0,0,0,0,0,0,0
208,2017-04-17,09:01:44,500,au1706,XSGE,288.75,288.05,290.05,55020,15896791500,264490,259634,301.9,273.15,287.55,287.7,0.0,288.05,0.0,0,0,2017-04-17,32504500,288.75,76,0,0,0,0,0,0,0,0,288.8,28,0,0,0,0,0,0,0,0
209,2017-04-17,09:01:45,0,au1706,XSGE,288.75,288.05,290.05,55022,15897369000,264488,259634,301.9,273.15,287.55,287.7,0.0,288.05,0.0,0,0,2017-04-17,32505000,288.75,74,0,0,0,0,0,0,0,0,288.8,28,0,0,0,0,0,0,0,0
210,2017-04-17,09:01:45,500,au1706,XSGE,288.75,288.05,290.05,55068,15910653200,264472,259634,301.9,273.15,287.55,287.7,0.0,288.05,0.0,0,0,2017-04-17,32505500,288.75,68,0,0,0,0,0,0,0,0,288.8,11,0,0,0,0,0,0,0,0
211,2017-04-17,09:01:46,0,au1706,XSGE,288.799,288.05,290.05,55090,15917006800,264474,259634,301.9,273.15,287.55,287.7,0.0,288.05,0.0,0,0,2017-04-17,32506000,288.75,88,0,0,0,0,0,0,0,0,288.85,52,0,0,0,0,0,0,0,0
212,2017-04-17,09:01:46,500,au1706,XSGE,288.799,288.05,290.05,55092,15917584400,264474,259634,301.9,273.15,287.55,287.7,0.0,288.05,0.0,0,0,2017-04-17,32506500,288.8,25,0,0,0,0,0,0,0,0,288.85,56,0,0,0,0,0,0,0,0
213,2017-04-17,09:01:47,0,au1706,XSGE,288.8,288.05,290.05,55102,15920472700,264472,259634,301.9,273.15,287.55,287.7,0.0,288.05,0.0,0,0,2017-04-17,32507000,288.8,43,0,0,0,0,0,0,0,0,288.85,50,0,0,0,0,0,0,0,0
214,2017-04-17,09:01:47,500,au1706,XSGE,288.85,288.05,290.05,55224,15955712600,264416,259634,301.9,273.15,287.55,287.7,0.0,288.05,0.0,0,0,2017-04-17,32507500,288.85,4,0,0,0,0,0,0,0,0,288.9,27,0,0,0,0,0,0,0,0
215,2017-04-17,09:01:48,0,au1706,XSGE,288.85,288.05,290.05,55352,15992690300,264392,259634,301.9,273.15,287.55,287.7,0.0,288.05,0.0,0,0,2017-04-17,32508000,288.85,53,0,0,0,0,0,0,0,0,288.9,1,0,0,0,0,0,0,0,0
216,2017-04-17,09:01:48,500,au1706,XSGE,288.9,288.05,290.05,55434,16016380100,264408,259634,301.9,273.15,287.55,287.7,0.0,288.05,0.0,0,0,2017-04-17,32508500,288.9,30,0,0,0,0,0,0,0,0,288.95,49,0,0,0,0,0,0,0,0
217,2017-04-17,09:01:49,0,au1706,XSGE,288.9,288.05,290.05,55554,16051049000,264444,259634,301.9,273.15,287.55,287.7,0.0,288.05,0.0,0,0,2017-04-17,32509000,288.85,35,0,0,0,0,0,0,0,0,288.9,8,0,0,0,0,0,0,0,0
218,2017-04-17,09:01:49,500,au1706,XSGE,288.9,288.05,290.05,55580,16058560300,264452,259634,301.9,273.15,287.55,287.7,0.0,288.05,0.0,0,0,2017-04-17,32509500,288.9,3,0,0,0,0,0,0,0,0,288.95,60,0,0,0,0,0,0,0,0
219,2017-04-17,09:01:50,0,au1706,XSGE,288.85,288.05,290.05,55600,16064338200,264464,259634,301.9,273.15,287.55,287.7,0.0,288.05,0.0,0,0,2017-04-17,32510000,288.85,42,0,0,0,0,0,0,0,0,288.9,5,0,0,0,0,0,0,0,0
220,2017-04-17,09:01:50,500,au1706,XSGE,288.85,288.05,290.05,55634,16074160900,264468,259634,301.9,273.15,287.55,287.7,0.0,288.05,0.0,0,0,2017-04-17,32510500,288.85,65,0,0,0,0,0,0,0,0,288.95,55,0,0,0,0,0,0,0,0
221,2017-04-17,09:01:51,0,au1706,XSGE,288.9,288.05,290.05,55638,16075316500,264470,259634,301.9,273.15,287.55,287.7,0.0,288.05,0.0,0,0,2017-04-17,32511000,288.85,69,0,0,0,0,0,0,0,0,288.9,10,0,0,0,0,0,0,0,0
222,2017-04-17,09:01:51,500,au1706,XSGE,288.9,288.05,290.05,55646,16077627700,264466,259634,301.9,273.15,287.55,287.7,0.0,288.05,0.0,0,0,2017-04-17,32511500,288.85,69,0,0,0,0,0,0,0,0,288.9,11,0,0,0,0,0,0,0,0
223,2017-04-17,09:01:52,0,au1706,XSGE,288.85,288.05,290.05,55656,16080516500,264460,259634,301.9,273.15,287.55,287.7,0.0,288.05,0.0,0,0,2017-04-17,32512000,288.85,67,0,0,0,0,0,0,0,0,288.9,10,0,0,0,0,0,0,0,0
224,2017-04-17,09:01:52,500,au1706,XSGE,288.85,288.05,290.05,55672,16085138200,264460,259634,301.9,273.15,287.55,287.7,0.0,288.05,0.0,0,0,2017-04-17,32512500,288.85,60,0,0,0,0,0,0,0,0,288.9,14,0,0,0,0,0,0,0,0
225,2017-04-17,09:01:53,0,au1706,XSGE,288.85,288.05,290.05,55702,16093803800,264474,259634,301.9,273.15,287.55,287.7,0.0,288.05,0.0,0,0,2017-04-17,32513000,288.85,46,0,0,0,0,0,0,0,0,288.9,18,0,0,0,0,0,0,0,0
226,2017-04-17,09:01:53,500,au1706,XSGE,288.85,288.05,290.05,55708,16095536900,264474,259634,301.9,273.15,287.55,287.7,0.0,288.05,0.0,0,0,2017-04-17,32513500,288.85,45,0,0,0,0,0,0,0,0,288.9,28,0,0,0,0,0,0,0,0
227,2017-04-17,09:01:54,0,au1706,XSGE,288.85,288.05,290.05,55716,16097847700,264470,259634,301.9,273.15,287.55,287.7,0.0,288.05,0.0,0,0,2017-04-17,32514000,288.85,41,0,0,0,0,0,0,0,0,288.9,48,0,0,0,0,0,0,0,0
228,2017-04-17,09:01:54,500,au1706,XSGE,288.85,288.05,290.05,55718,16098425400,264468,259634,301.9,273.15,287.55,287.7,0.0,288.05,0.0,0,0,2017-04-17,32514500,288.85,45,0,0,0,0,0,0,0,0,288.9,69,0,0,0,0,0,0,0,0
229,2017-04-17,09:01:55,0,au1706,XSGE,288.9,288.05,290.05,55810,16125000400,264474,259634,301.9,273.15,287.55,287.7,0.0,288.05,0.0,0,0,2017-04-17,32515000,288.85,3,0,0,0,0,0,0,0,0,288.9,61,0,0,0,0,0,0,0,0
230,2017-04-17,09:01:55,500,au1706,XSGE,288.85,288.05,290.05,55816,16126733500,264468,259634,301.9,273.15,287.55,287.7,0.0,288.05,0.0,0,0,2017-04-17,32515500,288.8,38,0,0,0,0,0,0,0,0,288.85,44,0,0,0,0,0,0,0,0
231,2017-04-17,09:01:56,0,au1706,XSGE,288.8,288.05,290.05,55828,16130199100,264474,259634,301.9,273.15,287.55,287.7,0.0,288.05,0.0,0,0,2017-04-17,32516000,288.8,19,0,0,0,0,0,0,0,0,288.85,51,0,0,0,0,0,0,0,0
232,2017-04-17,09:01:56,500,au1706,XSGE,288.8,288.05,290.05,55870,16142328700,264504,259634,301.9,273.15,287.55,287.7,0.0,288.05,0.0,0,0,2017-04-17,32516500,288.75,65,0,0,0,0,0,0,0,0,288.8,5,0,0,0,0,0,0,0,0
233,2017-04-17,09:01:57,0,au1706,XSGE,288.8,288.05,290.05,55902,16151570300,264498,259634,301.9,273.15,287.55,287.7,0.0,288.05,0.0,0,0,2017-04-17,32517000,288.75,69,0,0,0,0,0,0,0,0,288.8,14,0,0,0,0,0,0,0,0
234,2017-04-17,09:01:57,500,au1706,XSGE,288.8,288.05,290.05,55918,16156190700,264514,259634,301.9,273.15,287.55,287.7,0.0,288.05,0.0,0,0,2017-04-17,32517500,288.75,65,0,0,0,0,0,0,0,0,288.8,17,0,0,0,0,0,0,0,0
235,2017-04-17,09:01:58,0,au1706,XSGE,288.8,288.05,290.05,55918,16156190700,264514,259634,301.9,273.15,287.55,287.7,0.0,288.05,0.0,0,0,2017-04-17,32518000,288.75,55,0,0,0,0,0,0,0,0,288.8,41,0,0,0,0,0,0,0,0
236,2017-04-17,09:01:58,500,au1706,XSGE,288.75,288.05,290.05,55924,16157923400,264518,259634,301.9,273.15,287.55,287.7,0.0,288.05,0.0,0,0,2017-04-17,32518500,288.75,50,0,0,0,0,0,0,0,0,288.8,44,0,0,0,0,0,0,0,0
237,2017-04-17,09:01:59,0,au1706,XSGE,288.8,288.05,290.05,55944,16163698600,264520,259634,301.9,273.15,287.55,287.7,0.0,288.05,0.0,0,0,2017-04-17,32519000,288.75,42,0,0,0,0,0,0,0,0,288.8,46,0,0,0,0,0,0,0,0
238,2017-04-17,09:01:59,500,au1706,XSGE,288.75,288.05,290.05,56026,16187376200,264556,259634,301.9,273.15,287.55,287.7,0.0,288.05,0.0,0,0,2017-04-17,32519500,288.7,62,0,0,0,0,0,0,0,0,288.8,55,0,0,0,0,0,0,0,0
239,2017-04-17,09:02:00,0,au1706,XSGE,288.7,288.05,290.05,56028,16187953600,264558,259634,301.9,273.15,287.55,287.7,0.0,288.05,0.0,0,0,2017-04-17,32520000,288.7,61,0,0,0,0,0,0,0,0,288.75,24,0,0,0,0,0,0,0,0
240,2017-04-17,09:02:00,500,au1706,XSGE,288.75,288.05,290.05,56038,16190841100,264566,259634,301.9,273.15,287.55,287.7,0.0,288.05,0.0,0,0,2017-04-17,32520500,288.7,100,0,0,0,0,0,0,0,0,288.75,65,0,0,0,0,0,0,0,0
241,2017-04-17,09:02:01,0,au1706,XSGE,288.75,288.05,290.05,56046,16193150800,264564,259634,301.9,273.15,287.55,287.7,0.0,288.05,0.0,0,0,2017-04-17,32521000,288.7,58,0,0,0,0,0,0,0,0,288.75,149,0,0,0,0,0,0,0,0
242,2017-04-17,09:02:01,500,au1706,XSGE,288.7,288.05,290.05,56056,16196037800,264566,259634,301.9,273.15,287.55,287.7,0.0,288.05,0.0,0,0,2017-04-17,32521500,288.7,73,0,0,0,0,0,0,0,0,288.75,165,0,0,0,0,0,0,0,0
243,2017-04-17,09:02:02,0,au1706,XSGE,288.7,288.05,290.05,56090,16205853700,264590,259634,301.9,273.15,287.55,287.7,0.0,288.05,0.0,0,0,2017-04-17,32522000,288.7,148,0,0,0,0,0,0,0,0,288.75,162,0,0,0,0,0,0,0,0
244,2017-04-17,09:02:02,500,au1706,XSGE,288.75,288.05,290.05,56098,16208163400,264588,259634,301.9,273.15,287.55,287.7,0.0,288.05,0.0,0,0,2017-04-17,32522500,288.7,141,0,0,0,0,0,0,0,0,288.75,158,0,0,0,0,0,0,0,0
245,2017-04-17,09:02:03,0,au1706,XSGE,288.7,288.05,290.05,56122,16215092300,264578,259634,301.9,273.15,287.55,287.7,0.0,288.05,0.0,0,0,2017-04-17,32523000,288.7,115,0,0,0,0,0,0,0,0,288.75,157,0,0,0,0,0,0,0,0
246,2017-04-17,09:02:03,500,au1706,XSGE,288.7,288.05,290.05,56178,16231261900,264600,259634,301.9,273.15,287.55,287.7,0.0,288.05,0.0,0,0,2017-04-17,32523500,288.7,112,0,0,0,0,0,0,0,0,288.75,134,0,0,0,0,0,0,0,0
247,2017-04-17,09:02:04,0,au1706,XSGE,288.7,288.05,290.05,56178,16231261900,264600,259634,301.9,273.15,287.55,287.7,0.0,288.05,0.0,0,0,2017-04-17,32524000,288.7,97,0,0,0,0,0,0,0,0,288.75,134,0,0,0,0,0,0,0,0
248,2017-04-17,09:02:04,500,au1706,XSGE,288.7,288.05,290.05,56210,16240500500,264592,259634,301.9,273.15,287.55,287.7,0.0,288.05,0.0,0,0,2017-04-17,32524500,288.7,83,0,0,0,0,0,0,0,0,288.75,132,0,0,0,0,0,0,0,0
249,2017-04-17,09:02:05,0,au1706,XSGE,288.7,288.05,290.05,56264,16256090500,264612,259634,301.9,273.15,287.55,287.7,0.0,288.05,0.0,0,0,2017-04-17,32525000,288.7,73,0,0,0,0,0,0,0,0,288.75,135,0,0,0,0,0,0,0,0
250,2017-04-17,09:02:05,500,au1706,XSGE,288.7,288.05,290.05,56344,16279188900,264632,259634,301.9,273.15,287.55,287.7,0.0,288.05,0.0,0,0,2017-04-17,32525500,288.7,58,0,0,0,0,0,0,0,0,288.75,114,0,0,0,0,0,0,0,0
251,2017-04-17,09:02:06,0,au1706,XSGE,288.7,288.05,290.05,56368,16286117700,264638,259634,301.9,273.15,287.55,287.7,0.0,288.05,0.0,0,0,2017-04-17,32526000,288.7,36,0,0,0,0,0,0,0,0,288.75,113,0,0,0,0,0,0,0,0
252,2017-04-17,09:02:06,500,au1706,XSGE,288.7,288.05,290.05,56430,16304017100,264650,259634,301.9,273.15,287.55,287.7,0.0,288.05,0.0,0,0,2017-04-17,32526500,288.65,51,0,0,0,0,0,0,0,0,288.7,12,0,0,0,0,0,0,0,0
253,2017-04-17,09:02:07,0,au1706,XSGE,288.7,288.05,290.05,56438,16306326500,264644,259634,301.9,273.15,287.55,287.7,0.0,288.05,0.0,0,0,2017-04-17,32527000,288.65,60,0,0,0,0,0,0,0,0,288.7,22,0,0,0,0,0,0,0,0
254,2017-04-17,09:02:07,500,au1706,XSGE,288.7,288.05,290.05,56450,16309790800,264642,259634,301.9,273.15,287.55,287.7,0.0,288.05,0.0,0,0,2017-04-17,32527500,288.65,59,0,0,0,0,0,0,0,0,288.7,18,0,0,0,0,0,0,0,0
255,2017-04-17,09:02:08,0,au1706,XSGE,288.7,288.05,290.05,56454,16310945600,264642,259634,301.9,273.15,287.55,287.7,0.0,288.05,0.0,0,0,2017-04-17,32528000,288.65,69,0,0,0,0,0,0,0,0,288.7,16,0,0,0,0,0,0,0,0
256,2017-04-17,09:02:08,500,au1706,XSGE,288.65,288.05,290.05,56478,16317873600,264636,259634,301.9,273.15,287.55,287.7,0.0,288.05,0.0,0,0,2017-04-17,32528500,288.65,64,0,0,0,0,0,0,0,0,288.7,17,0,0,0,0,0,0,0,0
257,2017-04-17,09:02:09,0,au1706,XSGE,288.65,288.05,290.05,56486,16320182900,264630,259634,301.9,273.15,287.55,287.7,0.0,288.05,0.0,0,0,2017-04-17,32529000,288.65,76,0,0,0,0,0,0,0,0,288.7,24,0,0,0,0,0,0,0,0
258,2017-04-17,09:02:09,500,au1706,XSGE,288.65,288.05,290.05,56502,16324801400,264620,259634,301.9,273.15,287.55,287.7,0.0,288.05,0.0,0,0,2017-04-17,32529500,288.65,90,0,0,0,0,0,0,0,0,288.7,24,0,0,0,0,0,0,0,0
259,2017-04-17,09:02:10,0,au1706,XSGE,288.75,288.05,290.05,56580,16347319600,264672,259634,301.9,273.15,287.55,287.7,0.0,288.05,0.0,0,0,2017-04-17,32530000,288.65,81,0,0,0,0,0,0,0,0,288.75,116,0,0,0,0,0,0,0,0
260,2017-04-17,09:02:10,500,au1706,XSGE,288.65,288.05,290.05,56684,16377339200,264638,259634,301.9,273.15,287.55,287.7,0.0,288.05,0.0,0,0,2017-04-17,32530500,288.65,30,0,0,0,0,0,0,0,0,288.7,17,0,0,0,0,0,0,0,0
261,2017-04-17,09:02:11,0,au1706,XSGE,288.7,288.05,290.05,56688,16378494000,264634,259634,301.9,273.15,287.55,287.7,0.0,288.05,0.0,0,0,2017-04-17,32531000,288.65,57,0,0,0,0,0,0,0,0,288.7,33,0,0,0,0,0,0,0,0
262,2017-04-17,09:02:11,500,au1706,XSGE,288.65,288.05,290.05,56690,16379071300,264634,259634,301.9,273.15,287.55,287.7,0.0,288.05,0.0,0,0,2017-04-17,32531500,288.65,56,0,0,0,0,0,0,0,0,288.7,33,0,0,0,0,0,0,0,0
263,2017-04-17,09:02:12,0,au1706,XSGE,288.65,288.05,290.05,56694,16380225900,264634,259634,301.9,273.15,287.55,287.7,0.0,288.05,0.0,0,0,2017-04-17,32532000,288.65,54,0,0,0,0,0,0,0,0,288.7,39,0,0,0,0,0,0,0,0
264,2017-04-17,09:02:12,500,au1706,XSGE,288.65,288.05,290.05,56700,16381957800,264634,259634,301.9,273.15,287.55,287.7,0.0,288.05,0.0,0,0,2017-04-17,32532500,288.65,51,0,0,0,0,0,0,0,0,288.7,39,0,0,0,0,0,0,0,0
265,2017-04-17,09:02:13,0,au1706,XSGE,288.65,288.05,290.05,56794,16409091500,264560,259634,301.9,273.15,287.55,287.7,0.0,288.05,0.0,0,0,2017-04-17,32533000,288.65,10,0,0,0,0,0,0,0,0,288.7,35,0,0,0,0,0,0,0,0
266,2017-04-17,09:02:13,500,au1706,XSGE,288.7,288.05,290.05,56798,16410246200,264560,259634,301.9,273.15,287.55,287.7,0.0,288.05,0.0,0,0,2017-04-17,32533500,288.65,29,0,0,0,0,0,0,0,0,288.7,36,0,0,0,0,0,0,0,0
267,2017-04-17,09:02:14,0,au1706,XSGE,288.7,288.05,290.05,56798,16410246200,264560,259634,301.9,273.15,287.55,287.7,0.0,288.05,0.0,0,0,2017-04-17,32534000,288.65,63,0,0,0,0,0,0,0,0,288.7,36,0,0,0,0,0,0,0,0
268,2017-04-17,09:02:14,500,au1706,XSGE,288.65,288.05,290.05,56802,16411400800,264560,259634,301.9,273.15,287.55,287.7,0.0,288.05,0.0,0,0,2017-04-17,32534500,288.65,70,0,0,0,0,0,0,0,0,288.7,32,0,0,0,0,0,0,0,0
269,2017-04-17,09:02:15,0,au1706,XSGE,288.7,288.05,290.05,56814,16414864700,264564,259634,301.9,273.15,287.55,287.7,0.0,288.05,0.0,0,0,2017-04-17,32535000,288.65,66,0,0,0,0,0,0,0,0,288.7,32,0,0,0,0,0,0,0,0
270,2017-04-17,09:02:15,500,au1706,XSGE,288.65,288.05,290.05,56836,16421216000,264574,259634,301.9,273.15,287.55,287.7,0.0,288.05,0.0,0,0,2017-04-17,32535500,288.65,66,0,0,0,0,0,0,0,0,288.7,22,0,0,0,0,0,0,0,0
271,2017-04-17,09:02:16,0,au1706,XSGE,288.65,288.05,290.05,56836,16421216000,264574,259634,301.9,273.15,287.55,287.7,0.0,288.05,0.0,0,0,2017-04-17,32536000,288.65,67,0,0,0,0,0,0,0,0,288.7,22,0,0,0,0,0,0,0,0
272,2017-04-17,09:02:16,500,au1706,XSGE,288.7,288.05,290.05,56850,16425257700,264576,259634,301.9,273.15,287.55,287.7,0.0,288.05,0.0,0,0,2017-04-17,32536500,288.65,66,0,0,0,0,0,0,0,0,288.7,13,0,0,0,0,0,0,0,0
273,2017-04-17,09:02:17,0,au1706,XSGE,288.65,288.05,290.05,56852,16425835000,264576,259634,301.9,273.15,287.55,287.7,0.0,288.05,0.0,0,0,2017-04-17,32537000,288.65,66,0,0,0,0,0,0,0,0,288.7,10,0,0,0,0,0,0,0,0
274,2017-04-17,09:02:17,500,au1706,XSGE,288.65,288.05,290.05,56872,16431608600,264568,259634,301.9,273.15,287.55,287.7,0.0,288.05,0.0,0,0,2017-04-17,32537500,288.65,61,0,0,0,0,0,0,0,0,288.7,4,0,0,0,0,0,0,0,0
275,2017-04-17,09:02:18,0,au1706,XSGE,288.65,288.05,290.05,56886,16435650300,264558,259634,301.9,273.15,287.55,287.7,0.0,288.05,0.0,0,0,2017-04-17,32538000,288.7,33,0,0,0,0,0,0,0,0,288.75,110,0,0,0,0,0,0,0,0
276,2017-04-17,09:02:18,500,au1706,XSGE,288.7,288.05,290.05,56942,16451817500,264588,259634,301.9,273.15,287.55,287.7,0.0,288.05,0.0,0,0,2017-04-17,32538500,288.7,5,0,0,0,0,0,0,0,0,288.75,110,0,0,0,0,0,0,0,0
277,2017-04-17,09:02:19,0,au1706,XSGE,288.7,288.05,290.05,56958,16456436700,264604,259634,301.9,273.15,287.55,287.7,0.0,288.05,0.0,0,0,2017-04-17,32539000,288.65,33,0,0,0,0,0,0,0,0,288.7,53,0,0,0,0,0,0,0,0
278,2017-04-17,09:02:19,500,au1706,XSGE,288.65,288.05,290.05,57066,16487615900,264652,259634,301.9,273.15,287.55,287.7,0.0,288.05,0.0,0,0,2017-04-17,32539500,288.65,39,0,0,0,0,0,0,0,0,288.7,8,0,0,0,0,0,0,0,0
279,2017-04-17,09:02:20,0,au1706,XSGE,288.65,288.05,290.05,57066,16487615900,264652,259634,301.9,273.15,287.55,287.7,0.0,288.05,0.0,0,0,2017-04-17,32540000,288.65,46,0,0,0,0,0,0,0,0,288.7,8,0,0,0,0,0,0,0,0
280,2017-04-17,09:02:20,500,au1706,XSGE,288.65,288.05,290.05,57074,16489925400,264650,259634,301.9,273.15,287.55,287.7,0.0,288.05,0.0,0,0,2017-04-17,32540500,288.65,46,0,0,0,0,0,0,0,0,288.7,8,0,0,0,0,0,0,0,0
281,2017-04-17,09:02:21,0,au1706,XSGE,288.65,288.05,290.05,57138,16508399000,264620,259634,301.9,273.15,287.55,287.7,0.0,288.05,0.0,0,0,2017-04-17,32541000,288.65,14,0,0,0,0,0,0,0,0,288.7,16,0,0,0,0,0,0,0,0
282,2017-04-17,09:02:21,500,au1706,XSGE,288.65,288.05,290.05,57142,16509553600,264620,259634,301.9,273.15,287.55,287.7,0.0,288.05,0.0,0,0,2017-04-17,32541500,288.65,37,0,0,0,0,0,0,0,0,288.7,32,0,0,0,0,0,0,0,0
283,2017-04-17,09:02:22,0,au1706,XSGE,288.65,288.05,290.05,57144,16510130900,264618,259634,301.9,273.15,287.55,287.7,0.0,288.05,0.0,0,0,2017-04-17,32542000,288.65,36,0,0,0,0,0,0,0,0,288.7,42,0,0,0,0,0,0,0,0
284,2017-04-17,09:02:22,500,au1706,XSGE,288.65,288.05,290.05,57216,16530913700,264594,259634,301.9,273.15,287.55,287.7,0.0,288.05,0.0,0,0,2017-04-17,32542500,288.6,40,0,0,0,0,0,0,0,0,288.65,44,0,0,0,0,0,0,0,0
285,2017-04-17,09:02:23,0,au1706,XSGE,288.65,288.05,290.05,57250,16540727800,264592,259634,301.9,273.15,287.55,287.7,0.0,288.05,0.0,0,0,2017-04-17,32543000,288.6,43,0,0,0,0,0,0,0,0,288.65,30,0,0,0,0,0,0,0,0
286,2017-04-17,09:02:23,500,au1706,XSGE,288.65,288.05,290.05,57290,16552273800,264582,259634,301.9,273.15,287.55,287.7,0.0,288.05,0.0,0,0,2017-04-17,32543500,288.6,40,0,0,0,0,0,0,0,0,288.65,8,0,0,0,0,0,0,0,0
287,2017-04-17,09:02:24,0,au1706,XSGE,288.65,288.05,290.05,57314,16559201400,264582,259634,301.9,273.15,287.55,287.7,0.0,288.05,0.0,0,0,2017-04-17,32544000,288.65,30,0,0,0,0,0,0,0,0,288.7,57,0,0,0,0,0,0,0,0
288,2017-04-17,09:02:24,500,au1706,XSGE,288.65,288.05,290.05,57334,16564975300,264592,259634,301.9,273.15,287.55,287.7,0.0,288.05,0.0,0,0,2017-04-17,32544500,288.65,29,0,0,0,0,0,0,0,0,288.7,48,0,0,0,0,0,0,0,0
289,2017-04-17,09:02:25,0,au1706,XSGE,288.65,288.05,290.05,57338,16566129900,264588,259634,301.9,273.15,287.55,287.7,0.0,288.05,0.0,0,0,2017-04-17,32545000,288.65,34,0,0,0,0,0,0,0,0,288.7,45,0,0,0,0,0,0,0,0
290,2017-04-17,09:02:25,500,au1706,XSGE,288.65,288.05,290.05,57352,16570171000,264574,259634,301.9,273.15,287.55,287.7,0.0,288.05,0.0,0,0,2017-04-17,32545500,288.65,31,0,0,0,0,0,0,0,0,288.7,45,0,0,0,0,0,0,0,0
291,2017-04-17,09:02:26,0,au1706,XSGE,288.65,288.05,290.05,57360,16572480200,264568,259634,301.9,273.15,287.55,287.7,0.0,288.05,0.0,0,0,2017-04-17,32546000,288.65,28,0,0,0,0,0,0,0,0,288.7,45,0,0,0,0,0,0,0,0
292,2017-04-17,09:02:26,500,au1706,XSGE,288.7,288.05,290.05,57362,16573057600,264568,259634,301.9,273.15,287.55,287.7,0.0,288.05,0.0,0,0,2017-04-17,32546500,288.65,31,0,0,0,0,0,0,0,0,288.7,44,0,0,0,0,0,0,0,0
293,2017-04-17,09:02:27,0,au1706,XSGE,288.65,288.05,290.05,57366,16574212200,264566,259634,301.9,273.15,287.55,287.7,0.0,288.05,0.0,0,0,2017-04-17,32547000,288.65,30,0,0,0,0,0,0,0,0,288.7,44,0,0,0,0,0,0,0,0
294,2017-04-17,09:02:27,500,au1706,XSGE,288.65,288.05,290.05,57372,16575944100,264560,259634,301.9,273.15,287.55,287.7,0.0,288.05,0.0,0,0,2017-04-17,32547500,288.65,29,0,0,0,0,0,0,0,0,288.7,45,0,0,0,0,0,0,0,0
295,2017-04-17,09:02:28,0,au1706,XSGE,288.65,288.05,290.05,57374,16576521400,264558,259634,301.9,273.15,287.55,287.7,0.0,288.05,0.0,0,0,2017-04-17,32548000,288.65,31,0,0,0,0,0,0,0,0,288.7,45,0,0,0,0,0,0,0,0
296,2017-04-17,09:02:28,500,au1706,XSGE,288.65,288.05,290.05,57374,16576521400,264558,259634,301.9,273.15,287.55,287.7,0.0,288.05,0.0,0,0,2017-04-17,32548500,288.65,32,0,0,0,0,0,0,0,0,288.7,45,0,0,0,0,0,0,0,0
297,2017-04-17,09:02:29,0,au1706,XSGE,288.65,288.05,290.05,57374,16576521400,264558,259634,301.9,273.15,287.55,287.7,0.0,288.05,0.0,0,0,2017-04-17,32549000,288.65,35,0,0,0,0,0,0,0,0,288.7,43,0,0,0,0,0,0,0,0
298,2017-04-17,09:02:29,500,au1706,XSGE,288.7,288.05,290.05,57384,16579408400,264556,259634,301.9,273.15,287.55,287.7,0.0,288.05,0.0,0,0,2017-04-17,32549500,288.65,33,0,0,0,0,0,0,0,0,288.7,38,0,0,0,0,0,0,0,0
299,2017-04-17,09:02:30,0,au1706,XSGE,288.7,288.05,290.05,57384,16579408400,264556,259634,301.9,273.15,287.55,287.7,0.0,288.05,0.0,0,0,2017-04-17,32550000,288.65,36,0,0,0,0,0,0,0,0,288.7,34,0,0,0,0,0,0,0,0
300,2017-04-17,09:02:30,500,au1706,XSGE,288.7,288.05,290.05,57384,16579408400,264556,259634,301.9,273.15,287.55,287.7,0.0,288.05,0.0,0,0,2017-04-17,32550500,288.65,37,0,0,0,0,0,0,0,0,288.7,34,0,0,0,0,0,0,0,0
301,2017-04-17,09:02:31,0,au1706,XSGE,288.7,288.05,290.05,57384,16579408400,264556,259634,301.9,273.15,287.55,287.7,0.0,288.05,0.0,0,0,2017-04-17,32551000,288.65,37,0,0,0,0,0,0,0,0,288.7,34,0,0,0,0,0,0,0,0
302,2017-04-17,09:02:31,500,au1706,XSGE,288.65,288.05,290.05,57404,16585181400,264572,259634,301.9,273.15,287.55,287.7,0.0,288.05,0.0,0,0,2017-04-17,32551500,288.65,27,0,0,0,0,0,0,0,0,288.7,34,0,0,0,0,0,0,0,0
303,2017-04-17,09:02:32,0,au1706,XSGE,288.65,288.05,290.05,57404,16585181400,264572,259634,301.9,273.15,287.55,287.7,0.0,288.05,0.0,0,0,2017-04-17,32552000,288.65,28,0,0,0,0,0,0,0,0,288.7,38,0,0,0,0,0,0,0,0
304,2017-04-17,09:02:32,500,au1706,XSGE,288.65,288.05,290.05,57462,16601923200,264544,259634,301.9,273.15,287.55,287.7,0.0,288.05,0.0,0,0,2017-04-17,32552500,288.6,45,0,0,0,0,0,0,0,0,288.65,8,0,0,0,0,0,0,0,0
305,2017-04-17,09:02:33,0,au1706,XSGE,288.65,288.05,290.05,57464,16602500500,264542,259634,301.9,273.15,287.55,287.7,0.0,288.05,0.0,0,0,2017-04-17,32553000,288.6,45,0,0,0,0,0,0,0,0,288.65,9,0,0,0,0,0,0,0,0
306,2017-04-17,09:02:33,500,au1706,XSGE,288.65,288.05,290.05,57468,16603655100,264540,259634,301.9,273.15,287.55,287.7,0.0,288.05,0.0,0,0,2017-04-17,32553500,288.6,45,0,0,0,0,0,0,0,0,288.65,10,0,0,0,0,0,0,0,0
307,2017-04-17,09:02:34,0,au1706,XSGE,288.65,288.05,290.05,57468,16603655100,264540,259634,301.9,273.15,287.55,287.7,0.0,288.05,0.0,0,0,2017-04-17,32554000,288.6,45,0,0,0,0,0,0,0,0,288.65,17,0,0,0,0,0,0,0,0
308,2017-04-17,09:02:34,500,au1706,XSGE,288.65,288.05,290.05,57486,16608850800,264530,259634,301.9,273.15,287.55,287.7,0.0,288.05,0.0,0,0,2017-04-17,32554500,288.6,45,0,0,0,0,0,0,0,0,288.65,11,0,0,0,0,0,0,0,0
309,2017-04-17,09:02:35,0,au1706,XSGE,288.65,288.05,290.05,57500,16612891900,264522,259634,301.9,273.15,287.55,287.7,0.0,288.05,0.0,0,0,2017-04-17,32555000,288.6,47,0,0,0,0,0,0,0,0,288.65,4,0,0,0,0,0,0,0,0
310,2017-04-17,09:02:35,500,au1706,XSGE,288.7,288.05,290.05,57510,16615778500,264520,259634,301.9,273.15,287.55,287.7,0.0,288.05,0.0,0,0,2017-04-17,32555500,288.65,8,0,0,0,0,0,0,0,0,288.7,43,0,0,0,0,0,0,0,0
311,2017-04-17,09:02:36,0,au1706,XSGE,288.65,288.05,290.05,57614,16645794300,264480,259634,301.9,273.15,287.55,287.7,0.0,288.05,0.0,0,0,2017-04-17,32556000,288.6,13,0,0,0,0,0,0,0,0,288.65,3,0,0,0,0,0,0,0,0
312,2017-04-17,09:02:36,500,au1706,XSGE,288.65,288.05,290.05,57614,16645794300,264480,259634,301.9,273.15,287.55,287.7,0.0,288.05,0.0,0,0,2017-04-17,32556500,288.6,42,0,0,0,0,0,0,0,0,288.65,9,0,0,0,0,0,0,0,0
313,2017-04-17,09:02:37,0,au1706,XSGE,288.6,288.05,290.05,57616,16646371500,264480,259634,301.9,273.15,287.55,287.7,0.0,288.05,0.0,0,0,2017-04-17,32557000,288.6,45,0,0,0,0,0,0,0,0,288.65,12,0,0,0,0,0,0,0,0
314,2017-04-17,09:02:37,500,au1706,XSGE,288.65,288.05,290.05,57624,16648680500,264476,259634,301.9,273.15,287.55,287.7,0.0,288.05,0.0,0,0,2017-04-17,32557500,288.6,50,0,0,0,0,0,0,0,0,288.65,62,0,0,0,0,0,0,0,0
315,2017-04-17,09:02:38,0,au1706,XSGE,288.6,288.05,290.05,57646,16655030000,264470,259634,301.9,273.15,287.55,287.7,0.0,288.05,0.0,0,0,2017-04-17,32558000,288.6,42,0,0,0,0,0,0,0,0,288.65,66,0,0,0,0,0,0,0,0
316,2017-04-17,09:02:38,500,au1706,XSGE,288.6,288.05,290.05,57646,16655030000,264470,259634,301.9,273.15,287.55,287.7,0.0,288.05,0.0,0,0,2017-04-17,32558500,288.6,45,0,0,0,0,0,0,0,0,288.65,73,0,0,0,0,0,0,0,0
317,2017-04-17,09:02:39,0,au1706,XSGE,288.65,288.05,290.05,57650,16656184600,264470,259634,301.9,273.15,287.55,287.7,0.0,288.05,0.0,0,0,2017-04-17,32559000,288.6,69,0,0,0,0,0,0,0,0,288.65,71,0,0,0,0,0,0,0,0
318,2017-04-17,09:02:39,500,au1706,XSGE,288.6,288.05,290.05,57652,16656761800,264468,259634,301.9,273.15,287.55,287.7,0.0,288.05,0.0,0,0,2017-04-17,32559500,288.6,68,0,0,0,0,0,0,0,0,288.65,62,0,0,0,0,0,0,0,0
319,2017-04-17,09:02:40,0,au1706,XSGE,288.6,288.05,290.05,57660,16659070600,264462,259634,301.9,273.15,287.55,287.7,0.0,288.05,0.0,0,0,2017-04-17,32560000,288.6,64,0,0,0,0,0,0,0,0,288.65,77,0,0,0,0,0,0,0,0
320,2017-04-17,09:02:40,500,au1706,XSGE,288.6,288.05,290.05,57668,16661379500,264456,259634,301.9,273.15,287.55,287.7,0.0,288.05,0.0,0,0,2017-04-17,32560500,288.6,65,0,0,0,0,0,0,0,0,288.65,76,0,0,0,0,0,0,0,0
321,2017-04-17,09:02:41,0,au1706,XSGE,288.65,288.05,290.05,57684,16665997300,264456,259634,301.9,273.15,287.55,287.7,0.0,288.05,0.0,0,0,2017-04-17,32561000,288.6,59,0,0,0,0,0,0,0,0,288.65,74,0,0,0,0,0,0,0,0
322,2017-04-17,09:02:41,500,au1706,XSGE,288.6,288.05,290.05,57692,16668306100,264448,259634,301.9,273.15,287.55,287.7,0.0,288.05,0.0,0,0,2017-04-17,32561500,288.6,55,0,0,0,0,0,0,0,0,288.65,74,0,0,0,0,0,0,0,0
323,2017-04-17,09:02:42,0,au1706,XSGE,288.6,288.05,290.05,57694,16668883300,264448,259634,301.9,273.15,287.55,287.7,0.0,288.05,0.0,0,0,2017-04-17,32562000,288.6,54,0,0,0,0,0,0,0,0,288.65,80,0,0,0,0,0,0,0,0
324,2017-04-17,09:02:42,500,au1706,XSGE,288.6,288.05,290.05,57696,16669460500,264446,259634,301.9,273.15,287.55,287.7,0.0,288.05,0.0,0,0,2017-04-17,32562500,288.6,53,0,0,0,0,0,0,0,0,288.65,80,0,0,0,0,0,0,0,0
325,2017-04-17,09:02:43,0,au1706,XSGE,288.6,288.05,290.05,57696,16669460500,264446,259634,301.9,273.15,287.55,287.7,0.0,288.05,0.0,0,0,2017-04-17,32563000,288.6,53,0,0,0,0,0,0,0,0,288.65,81,0,0,0,0,0,0,0,0
326,2017-04-17,09:02:43,500,au1706,XSGE,288.6,288.05,290.05,57704,16671769600,264438,259634,301.9,273.15,287.55,287.7,0.0,288.05,0.0,0,0,2017-04-17,32563500,288.6,84,0,0,0,0,0,0,0,0,288.65,78,0,0,0,0,0,0,0,0
327,2017-04-17,09:02:44,0,au1706,XSGE,288.6,288.05,290.05,57714,16674655900,264434,259634,301.9,273.15,287.55,287.7,0.0,288.05,0.0,0,0,2017-04-17,32564000,288.6,82,0,0,0,0,0,0,0,0,288.65,70,0,0,0,0,0,0,0,0
328,2017-04-17,09:02:44,500,au1706,XSGE,288.65,288.05,290.05,57720,16676387800,264434,259634,301.9,273.15,287.55,287.7,0.0,288.05,0.0,0,0,2017-04-17,32564500,288.6,88,0,0,0,0,0,0,0,0,288.65,67,0,0,0,0,0,0,0,0
329,2017-04-17,09:02:45,0,au1706,XSGE,288.65,288.05,290.05,57742,16682738100,264428,259634,301.9,273.15,287.55,287.7,0.0,288.05,0.0,0,0,2017-04-17,32565000,288.6,90,0,0,0,0,0,0,0,0,288.65,56,0,0,0,0,0,0,0,0
330,2017-04-17,09:02:45,500,au1706,XSGE,288.65,288.05,290.05,57760,16687933700,264414,259634,301.9,273.15,287.55,287.7,0.0,288.05,0.0,0,0,2017-04-17,32565500,288.6,94,0,0,0,0,0,0,0,0,288.65,48,0,0,0,0,0,0,0,0
331,2017-04-17,09:02:46,0,au1706,XSGE,288.6,288.05,290.05,57952,16743345500,264578,259634,301.9,273.15,287.55,287.7,0.0,288.05,0.0,0,0,2017-04-17,32566000,288.6,2,0,0,0,0,0,0,0,0,288.65,43,0,0,0,0,0,0,0,0
332,2017-04-17,09:02:46,500,au1706,XSGE,288.6,288.05,290.05,57962,16746231500,264572,259634,301.9,273.15,287.55,287.7,0.0,288.05,0.0,0,0,2017-04-17,32566500,288.55,33,0,0,0,0,0,0,0,0,288.6,28,0,0,0,0,0,0,0,0
333,2017-04-17,09:02:47,0,au1706,XSGE,288.6,288.05,290.05,58066,16776242100,264544,259634,301.9,273.15,287.55,287.7,0.0,288.05,0.0,0,0,2017-04-17,32567000,288.55,35,0,0,0,0,0,0,0,0,288.6,68,0,0,0,0,0,0,0,0
334,2017-04-17,09:02:47,500,au1706,XSGE,288.6,288.05,290.05,58070,16777396400,264540,259634,301.9,273.15,287.55,287.7,0.0,288.05,0.0,0,0,2017-04-17,32567500,288.55,35,0,0,0,0,0,0,0,0,288.6,77,0,0,0,0,0,0,0,0
335,2017-04-17,09:02:48,0,au1706,XSGE,288.6,288.05,290.05,58070,16777396400,264540,259634,301.9,273.15,287.55,287.7,0.0,288.05,0.0,0,0,2017-04-17,32568000,288.55,34,0,0,0,0,0,0,0,0,288.6,82,0,0,0,0,0,0,0,0
336,2017-04-17,09:02:48,500,au1706,XSGE,288.55,288.05,290.05,58076,16779127800,264534,259634,301.9,273.15,287.55,287.7,0.0,288.05,0.0,0,0,2017-04-17,32568500,288.55,73,0,0,0,0,0,0,0,0,288.6,81,0,0,0,0,0,0,0,0
337,2017-04-17,09:02:49,0,au1706,XSGE,288.6,288.05,290.05,58136,16796441000,264500,259634,301.9,273.15,287.55,287.7,0.0,288.05,0.0,0,0,2017-04-17,32569000,288.55,53,0,0,0,0,0,0,0,0,288.6,73,0,0,0,0,0,0,0,0
338,2017-04-17,09:02:49,500,au1706,XSGE,288.6,288.05,290.05,58144,16798749800,264502,259634,301.9,273.15,287.55,287.7,0.0,288.05,0.0,0,0,2017-04-17,32569500,288.55,74,0,0,0,0,0,0,0,0,288.6,75,0,0,0,0,0,0,0,0
339,2017-04-17,09:02:50,0,au1706,XSGE,288.55,288.05,290.05,58188,16811446000,264502,259634,301.9,273.15,287.55,287.7,0.0,288.05,0.0,0,0,2017-04-17,32570000,288.55,74,0,0,0,0,0,0,0,0,288.6,69,0,0,0,0,0,0,0,0
340,2017-04-17,09:02:50,500,au1706,XSGE,288.6,288.05,290.05,58196,16813754700,264508,259634,301.9,273.15,287.55,287.7,0.0,288.05,0.0,0,0,2017-04-17,32570500,288.55,76,0,0,0,0,0,0,0,0,288.6,66,0,0,0,0,0,0,0,0
341,2017-04-17,09:02:51,0,au1706,XSGE,288.55,288.05,290.05,58198,16814331800,264508,259634,301.9,273.15,287.55,287.7,0.0,288.05,0.0,0,0,2017-04-17,32571000,288.55,74,0,0,0,0,0,0,0,0,288.6,62,0,0,0,0,0,0,0,0
342,2017-04-17,09:02:51,500,au1706,XSGE,288.6,288.05,290.05,58268,16834533300,264510,259634,301.9,273.15,287.55,287.7,0.0,288.05,0.0,0,0,2017-04-17,32571500,288.55,69,0,0,0,0,0,0,0,0,288.6,32,0,0,0,0,0,0,0,0
343,2017-04-17,09:02:52,0,au1706,XSGE,288.55,288.05,290.05,58282,16838573600,264498,259634,301.9,273.15,287.55,287.7,0.0,288.05,0.0,0,0,2017-04-17,32572000,288.55,68,0,0,0,0,0,0,0,0,288.6,26,0,0,0,0,0,0,0,0
344,2017-04-17,09:02:52,500,au1706,XSGE,288.55,288.05,290.05,58290,16840882100,264498,259634,301.9,273.15,287.55,287.7,0.0,288.05,0.0,0,0,2017-04-17,32572500,288.55,109,0,0,0,0,0,0,0,0,288.6,24,0,0,0,0,0,0,0,0
345,2017-04-17,09:02:53,0,au1706,XSGE,288.6,288.05,290.05,58326,16851271700,264492,259634,301.9,273.15,287.55,287.7,0.0,288.05,0.0,0,0,2017-04-17,32573000,288.55,110,0,0,0,0,0,0,0,0,288.6,6,0,0,0,0,0,0,0,0
346,2017-04-17,09:02:53,500,au1706,XSGE,288.6,288.05,290.05,58338,16854734900,264480,259634,301.9,273.15,287.55,287.7,0.0,288.05,0.0,0,0,2017-04-17,32573500,288.6,75,0,0,0,0,0,0,0,0,288.65,76,0,0,0,0,0,0,0,0
347,2017-04-17,09:02:54,0,au1706,XSGE,288.6,288.05,290.05,58338,16854734900,264480,259634,301.9,273.15,287.55,287.7,0.0,288.05,0.0,0,0,2017-04-17,32574000,288.6,81,0,0,0,0,0,0,0,0,288.65,76,0,0,0,0,0,0,0,0
348,2017-04-17,09:02:54,500,au1706,XSGE,288.6,288.05,290.05,58440,16884172100,264388,259634,301.9,273.15,287.55,287.7,0.0,288.05,0.0,0,0,2017-04-17,32574500,288.6,71,0,0,0,0,0,0,0,0,288.65,76,0,0,0,0,0,0,0,0
349,2017-04-17,09:02:55,0,au1706,XSGE,288.6,288.05,290.05,58440,16884172100,264388,259634,301.9,273.15,287.55,287.7,0.0,288.05,0.0,0,0,2017-04-17,32575000,288.6,71,0,0,0,0,0,0,0,0,288.65,76,0,0,0,0,0,0,0,0
350,2017-04-17,09:02:55,500,au1706,XSGE,288.6,288.05,290.05,58540,16913032100,264438,259634,301.9,273.15,287.55,287.7,0.0,288.05,0.0,0,0,2017-04-17,32575500,288.6,21,0,0,0,0,0,0,0,0,288.65,76,0,0,0,0,0,0,0,0
351,2017-04-17,09:02:56,0,au1706,XSGE,288.6,288.05,290.05,58582,16925153300,264478,259634,301.9,273.15,287.55,287.7,0.0,288.05,0.0,0,0,2017-04-17,32576000,288.55,111,0,0,0,0,0,0,0,0,288.6,17,0,0,0,0,0,0,0,0
352,2017-04-17,09:02:56,500,au1706,XSGE,288.65,288.05,290.05,58636,16940738700,264478,259634,301.9,273.15,287.55,287.7,0.0,288.05,0.0,0,0,2017-04-17,32576500,288.55,92,0,0,0,0,0,0,0,0,288.6,3,0,0,0,0,0,0,0,0
353,2017-04-17,09:02:57,0,au1706,XSGE,288.6,288.05,290.05,58754,16974793500,264446,259634,301.9,273.15,287.55,287.7,0.0,288.05,0.0,0,0,2017-04-17,32577000,288.6,25,0,0,0,0,0,0,0,0,288.65,53,0,0,0,0,0,0,0,0
354,2017-04-17,09:02:57,500,au1706,XSGE,288.6,288.05,290.05,58768,16978834300,264438,259634,301.9,273.15,287.55,287.7,0.0,288.05,0.0,0,0,2017-04-17,32577500,288.6,25,0,0,0,0,0,0,0,0,288.65,60,0,0,0,0,0,0,0,0
355,2017-04-17,09:02:58,0,au1706,XSGE,288.6,288.05,290.05,58770,16979411500,264438,259634,301.9,273.15,287.55,287.7,0.0,288.05,0.0,0,0,2017-04-17,32578000,288.6,25,0,0,0,0,0,0,0,0,288.65,60,0,0,0,0,0,0,0,0
356,2017-04-17,09:02:58,500,au1706,XSGE,288.6,288.05,290.05,58770,16979411500,264438,259634,301.9,273.15,287.55,287.7,0.0,288.05,0.0,0,0,2017-04-17,32578500,288.6,28,0,0,0,0,0,0,0,0,288.65,60,0,0,0,0,0,0,0,0
357,2017-04-17,09:02:59,0,au1706,XSGE,288.6,288.05,290.05,58772,16979988700,264440,259634,301.9,273.15,287.55,287.7,0.0,288.05,0.0,0,0,2017-04-17,32579000,288.6,43,0,0,0,0,0,0,0,0,288.65,61,0,0,0,0,0,0,0,0
358,2017-04-17,09:02:59,500,au1706,XSGE,288.65,288.05,290.05,58792,16985761700,264422,259634,301.9,273.15,287.55,287.7,0.0,288.05,0.0,0,0,2017-04-17,32579500,288.6,43,0,0,0,0,0,0,0,0,288.65,51,0,0,0,0,0,0,0,0
359,2017-04-17,09:03:00,0,au1706,XSGE,288.65,288.05,290.05,58806,16989802600,264412,259634,301.9,273.15,287.55,287.7,0.0,288.05,0.0,0,0,2017-04-17,32580000,288.6,41,0,0,0,0,0,0,0,0,288.65,46,0,0,0,0,0,0,0,0
360,2017-04-17,09:03:00,500,au1706,XSGE,288.65,288.05,290.05,58806,16989802600,264412,259634,301.9,273.15,287.55,287.7,0.0,288.05,0.0,0,0,2017-04-17,32580500,288.6,43,0,0,0,0,0,0,0,0,288.65,41,0,0,0,0,0,0,0,0
361,2017-04-17,09:03:01,0,au1706,XSGE,288.6,288.05,290.05,58810,16990957000,264412,259634,301.9,273.15,287.55,287.7,0.0,288.05,0.0,0,0,2017-04-17,32581000,288.6,43,0,0,0,0,0,0,0,0,288.65,42,0,0,0,0,0,0,0,0
362,2017-04-17,09:03:01,500,au1706,XSGE,288.6,288.05,290.05,58826,16995574600,264412,259634,301.9,273.15,287.55,287.7,0.0,288.05,0.0,0,0,2017-04-17,32581500,288.6,34,0,0,0,0,0,0,0,0,288.65,42,0,0,0,0,0,0,0,0
363,2017-04-17,09:03:02,0,au1706,XSGE,288.6,288.05,290.05,58910,17019817100,264440,259634,301.9,273.15,287.55,287.7,0.0,288.05,0.0,0,0,2017-04-17,32582000,288.55,79,0,0,0,0,0,0,0,0,288.6,8,0,0,0,0,0,0,0,0
364,2017-04-17,09:03:02,500,au1706,XSGE,288.6,288.05,290.05,58940,17028475100,264412,259634,301.9,273.15,287.55,287.7,0.0,288.05,0.0,0,0,2017-04-17,32582500,288.6,28,0,0,0,0,0,0,0,0,288.65,41,0,0,0,0,0,0,0,0
365,2017-04-17,09:03:03,0,au1706,XSGE,288.65,288.05,290.05,58950,17031361500,264402,259634,301.9,273.15,287.55,287.7,0.0,288.05,0.0,0,0,2017-04-17,32583000,288.6,22,0,0,0,0,0,0,0,0,288.65,43,0,0,0,0,0,0,0,0
366,2017-04-17,09:03:03,500,au1706,XSGE,288.65,288.05,290.05,58952,17031938800,264400,259634,301.9,273.15,287.55,287.7,0.0,288.05,0.0,0,0,2017-04-17,32583500,288.6,25,0,0,0,0,0,0,0,0,288.65,42,0,0,0,0,0,0,0,0
367,2017-04-17,09:03:04,0,au1706,XSGE,288.6,288.05,290.05,58964,17035402000,264390,259634,301.9,273.15,287.55,287.7,0.0,288.05,0.0,0,0,2017-04-17,32584000,288.6,19,0,0,0,0,0,0,0,0,288.65,46,0,0,0,0,0,0,0,0
368,2017-04-17,09:03:04,500,au1706,XSGE,288.6,288.05,290.05,58964,17035402000,264390,259634,301.9,273.15,287.55,287.7,0.0,288.05,0.0,0,0,2017-04-17,32584500,288.6,19,0,0,0,0,0,0,0,0,288.65,46,0,0,0,0,0,0,0,0
369,2017-04-17,09:03:05,0,au1706,XSGE,288.6,288.05,290.05,58966,17035979200,264390,259634,301.9,273.15,287.55,287.7,0.0,288.05,0.0,0,0,2017-04-17,32585000,288.6,19,0,0,0,0,0,0,0,0,288.65,52,0,0,0,0,0,0,0,0
370,2017-04-17,09:03:05,500,au1706,XSGE,288.6,288.05,290.05,58968,17036556400,264388,259634,301.9,273.15,287.55,287.7,0.0,288.05,0.0,0,0,2017-04-17,32585500,288.6,59,0,0,0,0,0,0,0,0,288.65,52,0,0,0,0,0,0,0,0
371,2017-04-17,09:03:06,500,au1706,XSGE,288.6,288.05,290.05,58968,17036556400,264388,259634,301.9,273.15,287.55,287.7,0.0,288.05,0.0,0,0,2017-04-17,32586500,288.6,59,0,0,0,0,0,0,0,0,288.65,52,0,0,0,0,0,0,0,0
372,2017-04-17,09:03:07,0,au1706,XSGE,288.6,288.05,290.05,58972,17037710900,264386,259634,301.9,273.15,287.55,287.7,0.0,288.05,0.0,0,0,2017-04-17,32587000,288.6,58,0,0,0,0,0,0,0,0,288.65,56,0,0,0,0,0,0,0,0
373,2017-04-17,09:03:07,500,au1706,XSGE,288.65,288.05,290.05,58978,17039442800,264392,259634,301.9,273.15,287.55,287.7,0.0,288.05,0.0,0,0,2017-04-17,32587500,288.6,59,0,0,0,0,0,0,0,0,288.65,53,0,0,0,0,0,0,0,0
374,2017-04-17,09:03:08,0,au1706,XSGE,288.6,288.05,290.05,58980,17040020000,264390,259634,301.9,273.15,287.55,287.7,0.0,288.05,0.0,0,0,2017-04-17,32588000,288.6,58,0,0,0,0,0,0,0,0,288.65,46,0,0,0,0,0,0,0,0
375,2017-04-17,09:03:08,500,au1706,XSGE,288.6,288.05,290.05,58982,17040597200,264390,259634,301.9,273.15,287.55,287.7,0.0,288.05,0.0,0,0,2017-04-17,32588500,288.6,57,0,0,0,0,0,0,0,0,288.65,45,0,0,0,0,0,0,0,0
376,2017-04-17,09:03:09,0,au1706,XSGE,288.6,288.05,290.05,58982,17040597200,264390,259634,301.9,273.15,287.55,287.7,0.0,288.05,0.0,0,0,2017-04-17,32589000,288.6,67,0,0,0,0,0,0,0,0,288.65,45,0,0,0,0,0,0,0,0
377,2017-04-17,09:03:10,0,au1706,XSGE,288.6,288.05,290.05,59002,17046369200,264404,259634,301.9,273.15,287.55,287.7,0.0,288.05,0.0,0,0,2017-04-17,32590000,288.6,59,0,0,0,0,0,0,0,0,288.65,42,0,0,0,0,0,0,0,0
378,2017-04-17,09:03:10,500,au1706,XSGE,288.65,288.05,290.05,59008,17048101100,264410,259634,301.9,273.15,287.55,287.7,0.0,288.05,0.0,0,0,2017-04-17,32590500,288.6,60,0,0,0,0,0,0,0,0,288.65,39,0,0,0,0,0,0,0,0
379,2017-04-17,09:03:11,0,au1706,XSGE,288.65,288.05,290.05,59018,17050987600,264406,259634,301.9,273.15,287.55,287.7,0.0,288.05,0.0,0,0,2017-04-17,32591000,288.6,60,0,0,0,0,0,0,0,0,288.65,17,0,0,0,0,0,0,0,0
380,2017-04-17,09:03:11,500,au1706,XSGE,288.6,288.05,290.05,59080,17068881400,264386,259634,301.9,273.15,287.55,287.7,0.0,288.05,0.0,0,0,2017-04-17,32591500,288.6,41,0,0,0,0,0,0,0,0,288.65,11,0,0,0,0,0,0,0,0
381,2017-04-17,09:03:12,0,au1706,XSGE,288.6,288.05,290.05,59084,17070035800,264386,259634,301.9,273.15,287.55,287.7,0.0,288.05,0.0,0,0,2017-04-17,32592000,288.6,42,0,0,0,0,0,0,0,0,288.65,13,0,0,0,0,0,0,0,0
382,2017-04-17,09:03:12,500,au1706,XSGE,288.6,288.05,290.05,59084,17070035800,264386,259634,301.9,273.15,287.55,287.7,0.0,288.05,0.0,0,0,2017-04-17,32592500,288.6,43,0,0,0,0,0,0,0,0,288.65,17,0,0,0,0,0,0,0,0
383,2017-04-17,09:03:13,0,au1706,XSGE,288.65,288.05,290.05,59094,17072922200,264390,259634,301.9,273.15,287.55,287.7,0.0,288.05,0.0,0,0,2017-04-17,32593000,288.6,63,0,0,0,0,0,0,0,0,288.65,14,0,0,0,0,0,0,0,0
384,2017-04-17,09:03:13,500,au1706,XSGE,288.65,288.05,290.05,59096,17073499500,264390,259634,301.9,273.15,287.55,287.7,0.0,288.05,0.0,0,0,2017-04-17,32593500,288.6,63,0,0,0,0,0,0,0,0,288.65,13,0,0,0,0,0,0,0,0
385,2017-04-17,09:03:14,0,au1706,XSGE,288.6,288.05,290.05,59100,17074653900,264394,259634,301.9,273.15,287.55,287.7,0.0,288.05,0.0,0,0,2017-04-17,32594000,288.6,65,0,0,0,0,0,0,0,0,288.65,13,0,0,0,0,0,0,0,0
386,2017-04-17,09:03:14,500,au1706,XSGE,288.6,288.05,290.05,59100,17074653900,264394,259634,301.9,273.15,287.55,287.7,0.0,288.05,0.0,0,0,2017-04-17,32594500,288.6,66,0,0,0,0,0,0,0,0,288.65,15,0,0,0,0,0,0,0,0
387,2017-04-17,09:03:15,0,au1706,XSGE,288.6,288.05,290.05,59100,17074653900,264394,259634,301.9,273.15,287.55,287.7,0.0,288.05,0.0,0,0,2017-04-17,32595000,288.6,66,0,0,0,0,0,0,0,0,288.65,25,0,0,0,0,0,0,0,0
388,2017-04-17,09:03:15,500,au1706,XSGE,288.65,288.05,290.05,59120,17080426900,264390,259634,301.9,273.15,287.55,287.7,0.0,288.05,0.0,0,0,2017-04-17,32595500,288.6,66,0,0,0,0,0,0,0,0,288.65,16,0,0,0,0,0,0,0,0
389,2017-04-17,09:03:16,0,au1706,XSGE,288.65,288.05,290.05,59152,17089663700,264398,259634,301.9,273.15,287.55,287.7,0.0,288.05,0.0,0,0,2017-04-17,32596000,288.65,40,0,0,0,0,0,0,0,0,288.7,50,0,0,0,0,0,0,0,0
390,2017-04-17,09:03:16,500,au1706,XSGE,288.65,288.05,290.05,59152,17089663700,264398,259634,301.9,273.15,287.55,287.7,0.0,288.05,0.0,0,0,2017-04-17,32596500,288.65,45,0,0,0,0,0,0,0,0,288.7,51,0,0,0,0,0,0,0,0
391,2017-04-17,09:03:17,0,au1706,XSGE,288.65,288.05,290.05,59152,17089663700,264398,259634,301.9,273.15,287.55,287.7,0.0,288.05,0.0,0,0,2017-04-17,32597000,288.65,48,0,0,0,0,0,0,0,0,288.7,51,0,0,0,0,0,0,0,0
392,2017-04-17,09:03:17,500,au1706,XSGE,288.65,288.05,290.05,59152,17089663700,264398,259634,301.9,273.15,287.55,287.7,0.0,288.05,0.0,0,0,2017-04-17,32597500,288.65,53,0,0,0,0,0,0,0,0,288.7,47,0,0,0,0,0,0,0,0
393,2017-04-17,09:03:18,0,au1706,XSGE,288.65,288.05,290.05,59152,17089663700,264398,259634,301.9,273.15,287.55,287.7,0.0,288.05,0.0,0,0,2017-04-17,32598000,288.65,54,0,0,0,0,0,0,0,0,288.7,47,0,0,0,0,0,0,0,0
394,2017-04-17,09:03:18,500,au1706,XSGE,288.65,288.05,290.05,59152,17089663700,264398,259634,301.9,273.15,287.55,287.7,0.0,288.05,0.0,0,0,2017-04-17,32598500,288.65,62,0,0,0,0,0,0,0,0,288.7,36,0,0,0,0,0,0,0,0
395,2017-04-17,09:03:19,0,au1706,XSGE,288.65,288.05,290.05,59152,17089663700,264398,259634,301.9,273.15,287.55,287.7,0.0,288.05,0.0,0,0,2017-04-17,32599000,288.65,62,0,0,0,0,0,0,0,0,288.7,30,0,0,0,0,0,0,0,0
396,2017-04-17,09:03:19,500,au1706,XSGE,288.65,288.05,290.05,59152,17089663700,264398,259634,301.9,273.15,287.55,287.7,0.0,288.05,0.0,0,0,2017-04-17,32599500,288.65,64,0,0,0,0,0,0,0,0,288.7,30,0,0,0,0,0,0,0,0
397,2017-04-17,09:03:20,0,au1706,XSGE,288.7,288.05,290.05,59154,17090241100,264400,259634,301.9,273.15,287.55,287.7,0.0,288.05,0.0,0,0,2017-04-17,32600000,288.65,64,0,0,0,0,0,0,0,0,288.7,29,0,0,0,0,0,0,0,0
398,2017-04-17,09:03:20,500,au1706,XSGE,288.65,288.05,290.05,59172,17095437600,264406,259634,301.9,273.15,287.55,287.7,0.0,288.05,0.0,0,0,2017-04-17,32600500,288.65,63,0,0,0,0,0,0,0,0,288.7,21,0,0,0,0,0,0,0,0
399,2017-04-17,09:03:21,0,au1706,XSGE,288.7,288.05,290.05,59196,17102366300,264408,259634,301.9,273.15,287.55,287.7,0.0,288.05,0.0,0,0,2017-04-17,32601000,288.65,64,0,0,0,0,0,0,0,0,288.7,6,0,0,0,0,0,0,0,0
400,2017-04-17,09:03:21,500,au1706,XSGE,288.7,288.05,290.05,59210,17106408100,264408,259634,301.9,273.15,287.55,287.7,0.0,288.05,0.0,0,0,2017-04-17,32601500,288.7,45,0,0,0,0,0,0,0,0,288.75,73,0,0,0,0,0,0,0,0
401,2017-04-17,09:03:22,0,au1706,XSGE,288.7,288.05,290.05,59218,17108718000,264400,259634,301.9,273.15,287.55,287.7,0.0,288.05,0.0,0,0,2017-04-17,32602000,288.7,56,0,0,0,0,0,0,0,0,288.75,68,0,0,0,0,0,0,0,0
402,2017-04-17,09:03:22,500,au1706,XSGE,288.7,288.05,290.05,59220,17109295400,264400,259634,301.9,273.15,287.55,287.7,0.0,288.05,0.0,0,0,2017-04-17,32602500,288.7,62,0,0,0,0,0,0,0,0,288.75,67,0,0,0,0,0,0,0,0
403,2017-04-17,09:03:23,0,au1706,XSGE,288.75,288.05,290.05,59278,17126040300,264356,259634,301.9,273.15,287.55,287.7,0.0,288.05,0.0,0,0,2017-04-17,32603000,288.7,37,0,0,0,0,0,0,0,0,288.75,64,0,0,0,0,0,0,0,0
404,2017-04-17,09:03:23,500,au1706,XSGE,288.75,288.05,290.05,59284,17127772600,264356,259634,301.9,273.15,287.55,287.7,0.0,288.05,0.0,0,0,2017-04-17,32603500,288.7,34,0,0,0,0,0,0,0,0,288.75,64,0,0,0,0,0,0,0,0
405,2017-04-17,09:03:24,0,au1706,XSGE,288.75,288.05,290.05,59286,17128350100,264356,259634,301.9,273.15,287.55,287.7,0.0,288.05,0.0,0,0,2017-04-17,32604000,288.7,29,0,0,0,0,0,0,0,0,288.75,63,0,0,0,0,0,0,0,0
406,2017-04-17,09:03:24,500,au1706,XSGE,288.75,288.05,290.05,59286,17128350100,264356,259634,301.9,273.15,287.55,287.7,0.0,288.05,0.0,0,0,2017-04-17,32604500,288.7,29,0,0,0,0,0,0,0,0,288.75,63,0,0,0,0,0,0,0,0
407,2017-04-17,09:03:25,0,au1706,XSGE,288.75,288.05,290.05,59308,17134702100,264356,259634,301.9,273.15,287.55,287.7,0.0,288.05,0.0,0,0,2017-04-17,32605000,288.7,24,0,0,0,0,0,0,0,0,288.75,57,0,0,0,0,0,0,0,0
408,2017-04-17,09:03:26,0,au1706,XSGE,288.75,288.05,290.05,59308,17134702100,264356,259634,301.9,273.15,287.55,287.7,0.0,288.05,0.0,0,0,2017-04-17,32606000,288.7,24,0,0,0,0,0,0,0,0,288.75,58,0,0,0,0,0,0,0,0
409,2017-04-17,09:03:26,500,au1706,XSGE,288.75,288.05,290.05,59316,17137012100,264356,259634,301.9,273.15,287.55,287.7,0.0,288.05,0.0,0,0,2017-04-17,32606500,288.7,24,0,0,0,0,0,0,0,0,288.75,63,0,0,0,0,0,0,0,0
410,2017-04-17,09:03:27,0,au1706,XSGE,288.7,288.05,290.05,59318,17137589500,264356,259634,301.9,273.15,287.55,287.7,0.0,288.05,0.0,0,0,2017-04-17,32607000,288.7,23,0,0,0,0,0,0,0,0,288.75,63,0,0,0,0,0,0,0,0
411,2017-04-17,09:03:27,500,au1706,XSGE,288.7,288.05,290.05,59318,17137589500,264356,259634,301.9,273.15,287.55,287.7,0.0,288.05,0.0,0,0,2017-04-17,32607500,288.7,23,0,0,0,0,0,0,0,0,288.75,62,0,0,0,0,0,0,0,0
412,2017-04-17,09:03:28,0,au1706,XSGE,288.75,288.05,290.05,59324,17139322000,264350,259634,301.9,273.15,287.55,287.7,0.0,288.05,0.0,0,0,2017-04-17,32608000,288.7,23,0,0,0,0,0,0,0,0,288.75,59,0,0,0,0,0,0,0,0
413,2017-04-17,09:03:28,500,au1706,XSGE,288.7,288.05,290.05,59326,17139899400,264350,259634,301.9,273.15,287.55,287.7,0.0,288.05,0.0,0,0,2017-04-17,32608500,288.7,28,0,0,0,0,0,0,0,0,288.75,59,0,0,0,0,0,0,0,0
414,2017-04-17,09:03:29,0,au1706,XSGE,288.7,288.05,290.05,59326,17139899400,264350,259634,301.9,273.15,287.55,287.7,0.0,288.05,0.0,0,0,2017-04-17,32609000,288.7,28,0,0,0,0,0,0,0,0,288.75,59,0,0,0,0,0,0,0,0
415,2017-04-17,09:03:29,500,au1706,XSGE,288.7,288.05,290.05,59326,17139899400,264350,259634,301.9,273.15,287.55,287.7,0.0,288.05,0.0,0,0,2017-04-17,32609500,288.7,32,0,0,0,0,0,0,0,0,288.75,59,0,0,0,0,0,0,0,0
416,2017-04-17,09:03:30,0,au1706,XSGE,288.7,288.05,290.05,59328,17140476800,264350,259634,301.9,273.15,287.55,287.7,0.0,288.05,0.0,0,0,2017-04-17,32610000,288.7,31,0,0,0,0,0,0,0,0,288.75,60,0,0,0,0,0,0,0,0
417,2017-04-17,09:03:30,500,au1706,XSGE,288.7,288.05,290.05,59328,17140476800,264350,259634,301.9,273.15,287.55,287.7,0.0,288.05,0.0,0,0,2017-04-17,32610500,288.7,31,0,0,0,0,0,0,0,0,288.75,60,0,0,0,0,0,0,0,0
418,2017-04-17,09:03:31,0,au1706,XSGE,288.7,288.05,290.05,59328,17140476800,264350,259634,301.9,273.15,287.55,287.7,0.0,288.05,0.0,0,0,2017-04-17,32611000,288.7,30,0,0,0,0,0,0,0,0,288.75,60,0,0,0,0,0,0,0,0
419,2017-04-17,09:03:31,500,au1706,XSGE,288.75,288.05,290.05,59330,17141054300,264350,259634,301.9,273.15,287.55,287.7,0.0,288.05,0.0,0,0,2017-04-17,32611500,288.7,30,0,0,0,0,0,0,0,0,288.75,59,0,0,0,0,0,0,0,0
420,2017-04-17,09:03:32,0,au1706,XSGE,288.75,288.05,290.05,59330,17141054300,264350,259634,301.9,273.15,287.55,287.7,0.0,288.05,0.0,0,0,2017-04-17,32612000,288.7,30,0,0,0,0,0,0,0,0,288.75,59,0,0,0,0,0,0,0,0
421,2017-04-17,09:03:32,500,au1706,XSGE,288.75,288.05,290.05,59336,17142786600,264350,259634,301.9,273.15,287.55,287.7,0.0,288.05,0.0,0,0,2017-04-17,32612500,288.7,28,0,0,0,0,0,0,0,0,288.75,59,0,0,0,0,0,0,0,0
422,2017-04-17,09:03:33,0,au1706,XSGE,288.75,288.05,290.05,59336,17142786600,264350,259634,301.9,273.15,287.55,287.7,0.0,288.05,0.0,0,0,2017-04-17,32613000,288.7,25,0,0,0,0,0,0,0,0,288.75,59,0,0,0,0,0,0,0,0
423,2017-04-17,09:03:33,500,au1706,XSGE,288.75,288.05,290.05,59336,17142786600,264350,259634,301.9,273.15,287.55,287.7,0.0,288.05,0.0,0,0,2017-04-17,32613500,288.7,30,0,0,0,0,0,0,0,0,288.75,59,0,0,0,0,0,0,0,0
424,2017-04-17,09:03:34,0,au1706,XSGE,288.7,288.05,290.05,59410,17164150400,264308,259634,301.9,273.15,287.55,287.7,0.0,288.05,0.0,0,0,2017-04-17,32614000,288.65,80,0,0,0,0,0,0,0,0,288.7,45,0,0,0,0,0,0,0,0
425,2017-04-17,09:03:34,500,au1706,XSGE,288.7,288.05,290.05,59410,17164150400,264308,259634,301.9,273.15,287.55,287.7,0.0,288.05,0.0,0,0,2017-04-17,32614500,288.65,70,0,0,0,0,0,0,0,0,288.7,45,0,0,0,0,0,0,0,0
426,2017-04-17,09:03:35,0,au1706,XSGE,288.7,288.05,290.05,59410,17164150400,264308,259634,301.9,273.15,287.55,287.7,0.0,288.05,0.0,0,0,2017-04-17,32615000,288.65,74,0,0,0,0,0,0,0,0,288.7,45,0,0,0,0,0,0,0,0
427,2017-04-17,09:03:35,500,au1706,XSGE,288.7,288.05,290.05,59410,17164150400,264308,259634,301.9,273.15,287.55,287.7,0.0,288.05,0.0,0,0,2017-04-17,32615500,288.65,64,0,0,0,0,0,0,0,0,288.7,55,0,0,0,0,0,0,0,0
428,2017-04-17,09:03:36,500,au1706,XSGE,288.7,288.05,290.05,59410,17164150400,264308,259634,301.9,273.15,287.55,287.7,0.0,288.05,0.0,0,0,2017-04-17,32616500,288.65,64,0,0,0,0,0,0,0,0,288.7,57,0,0,0,0,0,0,0,0
429,2017-04-17,09:03:37,0,au1706,XSGE,288.7,288.05,290.05,59430,17169924400,264308,259634,301.9,273.15,287.55,287.7,0.0,288.05,0.0,0,0,2017-04-17,32617000,288.65,65,0,0,0,0,0,0,0,0,288.7,47,0,0,0,0,0,0,0,0
430,2017-04-17,09:03:37,500,au1706,XSGE,288.7,288.05,290.05,59430,17169924400,264308,259634,301.9,273.15,287.55,287.7,0.0,288.05,0.0,0,0,2017-04-17,32617500,288.65,65,0,0,0,0,0,0,0,0,288.7,47,0,0,0,0,0,0,0,0
431,2017-04-17,09:03:38,0,au1706,XSGE,288.7,288.05,290.05,59432,17170501800,264308,259634,301.9,273.15,287.55,287.7,0.0,288.05,0.0,0,0,2017-04-17,32618000,288.65,65,0,0,0,0,0,0,0,0,288.7,46,0,0,0,0,0,0,0,0
432,2017-04-17,09:03:38,500,au1706,XSGE,288.65,288.05,290.05,59586,17214953900,264252,259634,301.9,273.15,287.55,287.7,0.0,288.05,0.0,0,0,2017-04-17,32618500,288.6,125,0,0,0,0,0,0,0,0,288.65,41,0,0,0,0,0,0,0,0
433,2017-04-17,09:03:39,0,au1706,XSGE,288.65,288.05,290.05,59598,17218417700,264240,259634,301.9,273.15,287.55,287.7,0.0,288.05,0.0,0,0,2017-04-17,32619000,288.6,128,0,0,0,0,0,0,0,0,288.65,35,0,0,0,0,0,0,0,0
434,2017-04-17,09:03:39,500,au1706,XSGE,288.65,288.05,290.05,59606,17220726900,264232,259634,301.9,273.15,287.55,287.7,0.0,288.05,0.0,0,0,2017-04-17,32619500,288.6,127,0,0,0,0,0,0,0,0,288.65,32,0,0,0,0,0,0,0,0
435,2017-04-17,09:03:40,0,au1706,XSGE,288.65,288.05,290.05,59606,17220726900,264232,259634,301.9,273.15,287.55,287.7,0.0,288.05,0.0,0,0,2017-04-17,32620000,288.6,162,0,0,0,0,0,0,0,0,288.65,32,0,0,0,0,0,0,0,0
436,2017-04-17,09:03:40,500,au1706,XSGE,288.65,288.05,290.05,59612,17222458800,264232,259634,301.9,273.15,287.55,287.7,0.0,288.05,0.0,0,0,2017-04-17,32620500,288.6,162,0,0,0,0,0,0,0,0,288.65,29,0,0,0,0,0,0,0,0
437,2017-04-17,09:03:41,500,au1706,XSGE,288.65,288.05,290.05,59614,17223036100,264232,259634,301.9,273.15,287.55,287.7,0.0,288.05,0.0,0,0,2017-04-17,32621500,288.6,162,0,0,0,0,0,0,0,0,288.65,28,0,0,0,0,0,0,0,0
438,2017-04-17,09:03:42,0,au1706,XSGE,288.6,288.05,290.05,59616,17223613300,264230,259634,301.9,273.15,287.55,287.7,0.0,288.05,0.0,0,0,2017-04-17,32622000,288.6,161,0,0,0,0,0,0,0,0,288.65,29,0,0,0,0,0,0,0,0
439,2017-04-17,09:03:42,500,au1706,XSGE,288.6,288.05,290.05,59616,17223613300,264230,259634,301.9,273.15,287.55,287.7,0.0,288.05,0.0,0,0,2017-04-17,32622500,288.6,153,0,0,0,0,0,0,0,0,288.65,29,0,0,0,0,0,0,0,0
440,2017-04-17,09:03:43,0,au1706,XSGE,288.65,288.05,290.05,59620,17224767900,264230,259634,301.9,273.15,287.55,287.7,0.0,288.05,0.0,0,0,2017-04-17,32623000,288.6,153,0,0,0,0,0,0,0,0,288.65,49,0,0,0,0,0,0,0,0
441,2017-04-17,09:03:43,500,au1706,XSGE,288.65,288.05,290.05,59632,17228231700,264230,259634,301.9,273.15,287.55,287.7,0.0,288.05,0.0,0,0,2017-04-17,32623500,288.6,153,0,0,0,0,0,0,0,0,288.65,47,0,0,0,0,0,0,0,0
442,2017-04-17,09:03:44,0,au1706,XSGE,288.65,288.05,290.05,59632,17228231700,264230,259634,301.9,273.15,287.55,287.7,0.0,288.05,0.0,0,0,2017-04-17,32624000,288.6,154,0,0,0,0,0,0,0,0,288.65,48,0,0,0,0,0,0,0,0
443,2017-04-17,09:03:44,500,au1706,XSGE,288.6,288.05,290.05,59640,17230540500,264222,259634,301.9,273.15,287.55,287.7,0.0,288.05,0.0,0,0,2017-04-17,32624500,288.6,151,0,0,0,0,0,0,0,0,288.65,48,0,0,0,0,0,0,0,0
444,2017-04-17,09:03:45,500,au1706,XSGE,288.65,288.05,290.05,59642,17231117800,264222,259634,301.9,273.15,287.55,287.7,0.0,288.05,0.0,0,0,2017-04-17,32625500,288.6,151,0,0,0,0,0,0,0,0,288.65,47,0,0,0,0,0,0,0,0
445,2017-04-17,09:03:46,0,au1706,XSGE,288.65,288.05,290.05,59644,17231695100,264222,259634,301.9,273.15,287.55,287.7,0.0,288.05,0.0,0,0,2017-04-17,32626000,288.6,151,0,0,0,0,0,0,0,0,288.65,58,0,0,0,0,0,0,0,0
446,2017-04-17,09:03:46,500,au1706,XSGE,288.65,288.05,290.05,59644,17231695100,264222,259634,301.9,273.15,287.55,287.7,0.0,288.05,0.0,0,0,2017-04-17,32626500,288.6,151,0,0,0,0,0,0,0,0,288.65,58,0,0,0,0,0,0,0,0
447,2017-04-17,09:03:47,0,au1706,XSGE,288.65,288.05,290.05,59658,17235736000,264208,259634,301.9,273.15,287.55,287.7,0.0,288.05,0.0,0,0,2017-04-17,32627000,288.6,149,0,0,0,0,0,0,0,0,288.65,53,0,0,0,0,0,0,0,0
448,2017-04-17,09:03:47,500,au1706,XSGE,288.6,288.05,290.05,59796,17275562800,264140,259634,301.9,273.15,287.55,287.7,0.0,288.05,0.0,0,0,2017-04-17,32627500,288.6,82,0,0,0,0,0,0,0,0,288.65,53,0,0,0,0,0,0,0,0
449,2017-04-17,09:03:48,0,au1706,XSGE,288.6,288.05,290.05,59796,17275562800,264140,259634,301.9,273.15,287.55,287.7,0.0,288.05,0.0,0,0,2017-04-17,32628000,288.6,82,0,0,0,0,0,0,0,0,288.65,65,0,0,0,0,0,0,0,0
450,2017-04-17,09:03:48,500,au1706,XSGE,288.6,288.05,290.05,59810,17279603700,264132,259634,301.9,273.15,287.55,287.7,0.0,288.05,0.0,0,0,2017-04-17,32628500,288.6,80,0,0,0,0,0,0,0,0,288.65,59,0,0,0,0,0,0,0,0
451,2017-04-17,09:03:49,0,au1706,XSGE,288.65,288.05,290.05,59814,17280758300,264130,259634,301.9,273.15,287.55,287.7,0.0,288.05,0.0,0,0,2017-04-17,32629000,288.6,88,0,0,0,0,0,0,0,0,288.65,57,0,0,0,0,0,0,0,0
452,2017-04-17,09:03:49,500,au1706,XSGE,288.65,288.05,290.05,59814,17280758300,264130,259634,301.9,273.15,287.55,287.7,0.0,288.05,0.0,0,0,2017-04-17,32629500,288.6,88,0,0,0,0,0,0,0,0,288.65,54,0,0,0,0,0,0,0,0
453,2017-04-17,09:03:50,0,au1706,XSGE,288.6,288.05,290.05,59816,17281335500,264132,259634,301.9,273.15,287.55,287.7,0.0,288.05,0.0,0,0,2017-04-17,32630000,288.6,87,0,0,0,0,0,0,0,0,288.65,54,0,0,0,0,0,0,0,0
454,2017-04-17,09:03:51,0,au1706,XSGE,288.65,288.05,290.05,59820,17282490100,264132,259634,301.9,273.15,287.55,287.7,0.0,288.05,0.0,0,0,2017-04-17,32631000,288.6,87,0,0,0,0,0,0,0,0,288.65,52,0,0,0,0,0,0,0,0
455,2017-04-17,09:03:51,500,au1706,XSGE,288.65,288.05,290.05,59822,17283067400,264132,259634,301.9,273.15,287.55,287.7,0.0,288.05,0.0,0,0,2017-04-17,32631500,288.6,87,0,0,0,0,0,0,0,0,288.65,51,0,0,0,0,0,0,0,0
456,2017-04-17,09:03:52,0,au1706,XSGE,288.6,288.05,290.05,59826,17284221800,264132,259634,301.9,273.15,287.55,287.7,0.0,288.05,0.0,0,0,2017-04-17,32632000,288.6,85,0,0,0,0,0,0,0,0,288.65,51,0,0,0,0,0,0,0,0
457,2017-04-17,09:03:52,500,au1706,XSGE,288.6,288.05,290.05,59826,17284221800,264132,259634,301.9,273.15,287.55,287.7,0.0,288.05,0.0,0,0,2017-04-17,32632500,288.6,84,0,0,0,0,0,0,0,0,288.65,71,0,0,0,0,0,0,0,0
458,2017-04-17,09:03:53,0,au1706,XSGE,288.6,288.05,290.05,59826,17284221800,264132,259634,301.9,273.15,287.55,287.7,0.0,288.05,0.0,0,0,2017-04-17,32633000,288.6,84,0,0,0,0,0,0,0,0,288.65,71,0,0,0,0,0,0,0,0
459,2017-04-17,09:03:53,500,au1706,XSGE,288.6,288.05,290.05,59828,17284799000,264132,259634,301.9,273.15,287.55,287.7,0.0,288.05,0.0,0,0,2017-04-17,32633500,288.6,84,0,0,0,0,0,0,0,0,288.65,71,0,0,0,0,0,0,0,0
460,2017-04-17,09:03:54,0,au1706,XSGE,288.6,288.05,290.05,59828,17284799000,264132,259634,301.9,273.15,287.55,287.7,0.0,288.05,0.0,0,0,2017-04-17,32634000,288.6,84,0,0,0,0,0,0,0,0,288.65,71,0,0,0,0,0,0,0,0
461,2017-04-17,09:03:54,500,au1706,XSGE,288.65,288.05,290.05,59890,17302692300,264130,259634,301.9,273.15,287.55,287.7,0.0,288.05,0.0,0,0,2017-04-17,32634500,288.6,64,0,0,0,0,0,0,0,0,288.65,70,0,0,0,0,0,0,0,0
462,2017-04-17,09:03:55,500,au1706,XSGE,288.6,288.05,290.05,59894,17303846700,264134,259634,301.9,273.15,287.55,287.7,0.0,288.05,0.0,0,0,2017-04-17,32635500,288.6,62,0,0,0,0,0,0,0,0,288.65,70,0,0,0,0,0,0,0,0
463,2017-04-17,09:03:56,0,au1706,XSGE,288.65,288.05,290.05,59956,17321743000,264146,259634,301.9,273.15,287.55,287.7,0.0,288.05,0.0,0,0,2017-04-17,32636000,288.6,64,0,0,0,0,0,0,0,0,288.65,73,0,0,0,0,0,0,0,0
464,2017-04-17,09:03:56,500,au1706,XSGE,288.65,288.05,290.05,59956,17321743000,264146,259634,301.9,273.15,287.55,287.7,0.0,288.05,0.0,0,0,2017-04-17,32636500,288.6,64,0,0,0,0,0,0,0,0,288.65,74,0,0,0,0,0,0,0,0
465,2017-04-17,09:03:57,0,au1706,XSGE,288.65,288.05,290.05,59960,17322897600,264148,259634,301.9,273.15,287.55,287.7,0.0,288.05,0.0,0,0,2017-04-17,32637000,288.6,65,0,0,0,0,0,0,0,0,288.65,72,0,0,0,0,0,0,0,0
466,2017-04-17,09:03:58,0,au1706,XSGE,288.65,288.05,290.05,59962,17323474900,264150,259634,301.9,273.15,287.55,287.7,0.0,288.05,0.0,0,0,2017-04-17,32638000,288.6,65,0,0,0,0,0,0,0,0,288.65,71,0,0,0,0,0,0,0,0
467,2017-04-17,09:03:59,0,au1706,XSGE,288.65,288.05,290.05,59966,17324629500,264152,259634,301.9,273.15,287.55,287.7,0.0,288.05,0.0,0,0,2017-04-17,32639000,288.6,65,0,0,0,0,0,0,0,0,288.65,69,0,0,0,0,0,0,0,0
468,2017-04-17,09:03:59,500,au1706,XSGE,288.65,288.05,290.05,59972,17326361400,264150,259634,301.9,273.15,287.55,287.7,0.0,288.05,0.0,0,0,2017-04-17,32639500,288.6,65,0,0,0,0,0,0,0,0,288.65,66,0,0,0,0,0,0,0,0
469,2017-04-17,09:04:00,0,au1706,XSGE,288.65,288.05,290.05,59972,17326361400,264150,259634,301.9,273.15,287.55,287.7,0.0,288.05,0.0,0,0,2017-04-17,32640000,288.6,65,0,0,0,0,0,0,0,0,288.65,62,0,0,0,0,0,0,0,0
470,2017-04-17,09:04:00,500,au1706,XSGE,288.65,288.05,290.05,59972,17326361400,264150,259634,301.9,273.15,287.55,287.7,0.0,288.05,0.0,0,0,2017-04-17,32640500,288.6,66,0,0,0,0,0,0,0,0,288.65,62,0,0,0,0,0,0,0,0
471,2017-04-17,09:04:01,500,au1706,XSGE,288.65,288.05,290.05,59972,17326361400,264150,259634,301.9,273.15,287.55,287.7,0.0,288.05,0.0,0,0,2017-04-17,32641500,288.6,66,0,0,0,0,0,0,0,0,288.65,62,0,0,0,0,0,0,0,0
472,2017-04-17,09:04:02,0,au1706,XSGE,288.6,288.05,290.05,59976,17327515800,264150,259634,301.9,273.15,287.55,287.7,0.0,288.05,0.0,0,0,2017-04-17,32642000,288.6,64,0,0,0,0,0,0,0,0,288.65,62,0,0,0,0,0,0,0,0
473,2017-04-17,09:04:02,500,au1706,XSGE,288.65,288.05,290.05,60006,17336174300,264136,259634,301.9,273.15,287.55,287.7,0.0,288.05,0.0,0,0,2017-04-17,32642500,288.6,54,0,0,0,0,0,0,0,0,288.65,67,0,0,0,0,0,0,0,0
474,2017-04-17,09:04:03,0,au1706,XSGE,288.65,288.05,290.05,60006,17336174300,264136,259634,301.9,273.15,287.55,287.7,0.0,288.05,0.0,0,0,2017-04-17,32643000,288.6,54,0,0,0,0,0,0,0,0,288.65,73,0,0,0,0,0,0,0,0
475,2017-04-17,09:04:03,500,au1706,XSGE,288.6,288.05,290.05,60010,17337328700,264132,259634,301.9,273.15,287.55,287.7,0.0,288.05,0.0,0,0,2017-04-17,32643500,288.6,52,0,0,0,0,0,0,0,0,288.65,73,0,0,0,0,0,0,0,0
476,2017-04-17,09:04:04,0,au1706,XSGE,288.6,288.05,290.05,60012,17337905900,264130,259634,301.9,273.15,287.55,287.7,0.0,288.05,0.0,0,0,2017-04-17,32644000,288.6,51,0,0,0,0,0,0,0,0,288.65,73,0,0,0,0,0,0,0,0
477,2017-04-17,09:04:04,500,au1706,XSGE,288.6,288.05,290.05,60012,17337905900,264130,259634,301.9,273.15,287.55,287.7,0.0,288.05,0.0,0,0,2017-04-17,32644500,288.6,51,0,0,0,0,0,0,0,0,288.65,73,0,0,0,0,0,0,0,0
478,2017-04-17,09:04:05,500,au1706,XSGE,288.65,288.05,290.05,60014,17338483200,264128,259634,301.9,273.15,287.55,287.7,0.0,288.05,0.0,0,0,2017-04-17,32645500,288.6,51,0,0,0,0,0,0,0,0,288.65,72,0,0,0,0,0,0,0,0
479,2017-04-17,09:04:06,0,au1706,XSGE,288.65,288.05,290.05,60016,17339060500,264128,259634,301.9,273.15,287.55,287.7,0.0,288.05,0.0,0,0,2017-04-17,32646000,288.6,41,0,0,0,0,0,0,0,0,288.65,71,0,0,0,0,0,0,0,0
