,dataDate,dataTime,dataMillisec,instrumentID,exchangeCD,lastPrice,lowPrice,highPrice,volume,value,openInterest,preOpenInterest,upperLimitPrice,lowerLimitPrice,preSettlementPrice,prevClosePrice,settlementPrice,openPrice,closePrice,preDelta,currDelta,clearingDay,milliSecOffset,bidPrice1,bidVolume1,bidPrice2,bidVolume2,bidPrice3,bidVolume3,bidPrice4,bidVolume4,bidPrice5,bidVolume5,askPrice1,askVolume1,askPrice2,askVolume2,askPrice3,askVolume3,askPrice4,askVolume4,askPrice5,askVolume5
0,2017-04-17,09:00:00,0,CF709,XZCE,15780,15715,15800,38298,3010670000,215594,214560,16500,14920,15710,15745,0,15715,0,0,0,2017-04-17,32400000,15770,24,0,0,0,0,0,0,0,0,15780,35,0,0,0,0,0,0,0,0
1,2017-04-17,09:00:00,0,CF709,XZCE,15770,15715,15800,38366,3016031800,215604,214560,16500,14920,15710,15745,0,15715,0,0,0,2017-04-17,32400000,15765,14,0,0,0,0,0,0,0,0,15770,16,0,0,0,0,0,0,0,0
2,2017-04-17,09:00:01,0,CF709,XZCE,15770,15715,15800,38396,3018397300,215626,214560,16500,14920,15710,15745,0,15715,0,0,0,2017-04-17,32401000,15765,10,0,0,0,0,0,0,0,0,15770,3,0,0,0,0,0,0,0,0
3,2017-04-17,09:00:01,0,CF709,XZCE,15770,15715,15800,38400,3018712700,215628,214560,16500,14920,15710,15745,0,15715,0,0,0,2017-04-17,32401000,15765,10,0,0,0,0,0,0,0,0,15770,1,0,0,0,0,0,0,0,0
4,2017-04-17,09:00:02,0,CF709,XZCE,15760,15715,15800,38442,3022022300,215620,214560,16500,14920,15710,15745,0,15715,0,0,0,2017-04-17,32402000,15760,49,0,0,0,0,0,0,0,0,15770,1,0,0,0,0,0,0,0,0
5,2017-04-17,09:00:02,0,CF709,XZCE,15770,15715,15800,38452,3022810800,215622,214560,16500,14920,15710,15745,0,15715,0,0,0,2017-04-17,32402000,15765,1,0,0,0,0,0,0,0,0,15770,1,0,0,0,0,0,0,0,0
6,2017-04-17,09:00:03,0,CF709,XZCE,15775,15715,15800,38462,3023599550,215618,214560,16500,14920,15710,15745,0,15715,0,0,0,2017-04-17,32403000,15765,3,0,0,0,0,0,0,0,0,15775,20,0,0,0,0,0,0,0,0
7,2017-04-17,09:00:03,0,CF709,XZCE,15775,15715,15800,38468,3024072800,215616,214560,16500,14920,15710,15745,0,15715,0,0,0,2017-04-17,32403000,15765,7,0,0,0,0,0,0,0,0,15775,18,0,0,0,0,0,0,0,0
8,2017-04-17,09:00:04,0,CF709,XZCE,15775,15715,15800,38474,3024546050,215622,214560,16500,14920,15710,15745,0,15715,0,0,0,2017-04-17,32404000,15770,3,0,0,0,0,0,0,0,0,15775,15,0,0,0,0,0,0,0,0
9,2017-04-17,09:00:04,0,CF709,XZCE,15775,15715,15800,38492,3025965800,215630,214560,16500,14920,15710,15745,0,15715,0,0,0,2017-04-17,32404000,15765,7,0,0,0,0,0,0,0,0,15775,9,0,0,0,0,0,0,0,0
10,2017-04-17,09:00:05,0,CF709,XZCE,15775,15715,15800,38494,3026123550,215632,214560,16500,14920,15710,15745,0,15715,0,0,0,2017-04-17,32405000,15765,10,0,0,0,0,0,0,0,0,15775,11,0,0,0,0,0,0,0,0
11,2017-04-17,09:00:06,0,CF709,XZCE,15775,15715,15800,38498,3026439050,215634,214560,16500,14920,15710,15745,0,15715,0,0,0,2017-04-17,32406000,15770,1,0,0,0,0,0,0,0,0,15775,10,0,0,0,0,0,0,0,0
12,2017-04-17,09:00:06,0,CF709,XZCE,15775,15715,15800,38498,3026439050,215634,214560,16500,14920,15710,15745,0,15715,0,0,0,2017-04-17,32406000,15770,2,0,0,0,0,0,0,0,0,15775,11,0,0,0,0,0,0,0,0
13,2017-04-17,09:00:07,0,CF709,XZCE,15775,15715,15800,38498,3026439050,215634,214560,16500,14920,15710,15745,0,15715,0,0,0,2017-04-17,32407000,15770,4,0,0,0,0,0,0,0,0,15775,21,0,0,0,0,0,0,0,0
14,2017-04-17,09:00:07,0,CF709,XZCE,15770,15715,15800,38512,3027542950,215632,214560,16500,14920,15710,15745,0,15715,0,0,0,2017-04-17,32407000,15765,9,0,0,0,0,0,0,0,0,15775,20,0,0,0,0,0,0,0,0
15,2017-04-17,09:00:08,0,CF709,XZCE,15770,15715,15800,38586,3033377850,215660,214560,16500,14920,15710,15745,0,15715,0,0,0,2017-04-17,32408000,15765,9,0,0,0,0,0,0,0,0,15770,16,0,0,0,0,0,0,0,0
16,2017-04-17,09:00:08,0,CF709,XZCE,15770,15715,15800,38588,3033535550,215660,214560,16500,14920,15710,15745,0,15715,0,0,0,2017-04-17,32408000,15765,5,0,0,0,0,0,0,0,0,15770,15,0,0,0,0,0,0,0,0
17,2017-04-17,09:00:09,0,CF709,XZCE,15770,15715,15800,38588,3033535550,215660,214560,16500,14920,15710,15745,0,15715,0,0,0,2017-04-17,32409000,15765,5,0,0,0,0,0,0,0,0,15770,16,0,0,0,0,0,0,0,0
18,2017-04-17,09:00:09,0,CF709,XZCE,15770,15715,15800,38592,3033850950,215664,214560,16500,14920,15710,15745,0,15715,0,0,0,2017-04-17,32409000,15765,5,0,0,0,0,0,0,0,0,15770,16,0,0,0,0,0,0,0,0
19,2017-04-17,09:00:10,0,CF709,XZCE,15770,15715,15800,38608,3035112550,215676,214560,16500,14920,15710,15745,0,15715,0,0,0,2017-04-17,32410000,15765,4,0,0,0,0,0,0,0,0,15770,11,0,0,0,0,0,0,0,0
20,2017-04-17,09:00:10,0,CF709,XZCE,15770,15715,15800,38624,3036374150,215674,214560,16500,14920,15710,15745,0,15715,0,0,0,2017-04-17,32410000,15765,4,0,0,0,0,0,0,0,0,15770,9,0,0,0,0,0,0,0,0
21,2017-04-17,09:00:11,0,CF709,XZCE,15770,15715,15800,38624,3036374150,215674,214560,16500,14920,15710,15745,0,15715,0,0,0,2017-04-17,32411000,15765,10,0,0,0,0,0,0,0,0,15770,16,0,0,0,0,0,0,0,0
22,2017-04-17,09:00:11,0,CF709,XZCE,15770,15715,15800,38624,3036374150,215674,214560,16500,14920,15710,15745,0,15715,0,0,0,2017-04-17,32411000,15765,22,0,0,0,0,0,0,0,0,15770,16,0,0,0,0,0,0,0,0
23,2017-04-17,09:00:12,0,CF709,XZCE,15770,15715,15800,38626,3036531850,215676,214560,16500,14920,15710,15745,0,15715,0,0,0,2017-04-17,32412000,15765,23,0,0,0,0,0,0,0,0,15770,14,0,0,0,0,0,0,0,0
24,2017-04-17,09:00:12,0,CF709,XZCE,15765,15715,15800,38640,3037635400,215682,214560,16500,14920,15710,15745,0,15715,0,0,0,2017-04-17,32412000,15765,18,0,0,0,0,0,0,0,0,15770,12,0,0,0,0,0,0,0,0
25,2017-04-17,09:00:13,0,CF709,XZCE,15765,15715,15800,38662,3039369550,215682,214560,16500,14920,15710,15745,0,15715,0,0,0,2017-04-17,32413000,15765,11,0,0,0,0,0,0,0,0,15770,11,0,0,0,0,0,0,0,0
26,2017-04-17,09:00:13,0,CF709,XZCE,15765,15715,15800,38666,3039684850,215680,214560,16500,14920,15710,15745,0,15715,0,0,0,2017-04-17,32413000,15765,11,0,0,0,0,0,0,0,0,15770,10,0,0,0,0,0,0,0,0
27,2017-04-17,09:00:15,0,CF709,XZCE,15770,15715,15800,38670,3040000250,215684,214560,16500,14920,15710,15745,0,15715,0,0,0,2017-04-17,32415000,15765,12,0,0,0,0,0,0,0,0,15770,8,0,0,0,0,0,0,0,0
28,2017-04-17,09:00:15,0,CF709,XZCE,15770,15715,15800,38682,3040946450,215682,214560,16500,14920,15710,15745,0,15715,0,0,0,2017-04-17,32415000,15765,15,0,0,0,0,0,0,0,0,15770,3,0,0,0,0,0,0,0,0
29,2017-04-17,09:00:16,0,CF709,XZCE,15765,15715,15800,38690,3041577050,215686,214560,16500,14920,15710,15745,0,15715,0,0,0,2017-04-17,32416000,15765,25,0,0,0,0,0,0,0,0,15770,7,0,0,0,0,0,0,0,0
30,2017-04-17,09:00:16,0,CF709,XZCE,15770,15715,15800,38692,3041734750,215686,214560,16500,14920,15710,15745,0,15715,0,0,0,2017-04-17,32416000,15765,25,0,0,0,0,0,0,0,0,15770,6,0,0,0,0,0,0,0,0
31,2017-04-17,09:00:17,0,CF709,XZCE,15775,15715,15800,38714,3043470000,215678,214560,16500,14920,15710,15745,0,15715,0,0,0,2017-04-17,32417000,15765,21,0,0,0,0,0,0,0,0,15775,34,0,0,0,0,0,0,0,0
32,2017-04-17,09:00:17,0,CF709,XZCE,15770,15715,15800,38756,3046781700,215664,214560,16500,14920,15710,15745,0,15715,0,0,0,2017-04-17,32417000,15765,7,0,0,0,0,0,0,0,0,15775,32,0,0,0,0,0,0,0,0
33,2017-04-17,09:00:18,0,CF709,XZCE,15770,15715,15800,38756,3046781700,215664,214560,16500,14920,15710,15745,0,15715,0,0,0,2017-04-17,32418000,15765,7,0,0,0,0,0,0,0,0,15770,25,0,0,0,0,0,0,0,0
34,2017-04-17,09:00:20,0,CF709,XZCE,15770,15715,15800,38760,3047097100,215662,214560,16500,14920,15710,15745,0,15715,0,0,0,2017-04-17,32420000,15765,7,0,0,0,0,0,0,0,0,15770,23,0,0,0,0,0,0,0,0
35,2017-04-17,09:00:20,0,CF709,XZCE,15770,15715,15800,38762,3047254800,215662,214560,16500,14920,15710,15745,0,15715,0,0,0,2017-04-17,32420000,15765,7,0,0,0,0,0,0,0,0,15770,22,0,0,0,0,0,0,0,0
36,2017-04-17,09:00:21,0,CF709,XZCE,15765,15715,15800,38766,3047570100,215666,214560,16500,14920,15710,15745,0,15715,0,0,0,2017-04-17,32421000,15765,5,0,0,0,0,0,0,0,0,15770,22,0,0,0,0,0,0,0,0
37,2017-04-17,09:00:22,0,CF709,XZCE,15770,15715,15800,38772,3048043200,215664,214560,16500,14920,15710,15745,0,15715,0,0,0,2017-04-17,32422000,15765,7,0,0,0,0,0,0,0,0,15770,19,0,0,0,0,0,0,0,0
38,2017-04-17,09:00:23,0,CF709,XZCE,15765,15715,15800,38790,3049462050,215674,214560,16500,14920,15710,15745,0,15715,0,0,0,2017-04-17,32423000,15765,4,0,0,0,0,0,0,0,0,15770,19,0,0,0,0,0,0,0,0
39,2017-04-17,09:00:23,0,CF709,XZCE,15765,15715,15800,38790,3049462050,215674,214560,16500,14920,15710,15745,0,15715,0,0,0,2017-04-17,32423000,15765,4,0,0,0,0,0,0,0,0,15770,20,0,0,0,0,0,0,0,0
40,2017-04-17,09:00:25,0,CF709,XZCE,15765,15715,15800,38790,3049462050,215674,214560,16500,14920,15710,15745,0,15715,0,0,0,2017-04-17,32425000,15765,9,0,0,0,0,0,0,0,0,15770,20,0,0,0,0,0,0,0,0
41,2017-04-17,09:00:25,0,CF709,XZCE,15770,15715,15800,38794,3049777450,215674,214560,16500,14920,15710,15745,0,15715,0,0,0,2017-04-17,32425000,15765,9,0,0,0,0,0,0,0,0,15770,18,0,0,0,0,0,0,0,0
42,2017-04-17,09:00:27,0,CF709,XZCE,15765,15715,15800,38798,3050092750,215674,214560,16500,14920,15710,15745,0,15715,0,0,0,2017-04-17,32427000,15765,8,0,0,0,0,0,0,0,0,15770,17,0,0,0,0,0,0,0,0
43,2017-04-17,09:00:27,0,CF709,XZCE,15765,15715,15800,38802,3050408050,215676,214560,16500,14920,15710,15745,0,15715,0,0,0,2017-04-17,32427000,15765,6,0,0,0,0,0,0,0,0,15770,17,0,0,0,0,0,0,0,0
44,2017-04-17,09:00:28,0,CF709,XZCE,15770,15715,15800,38858,3054823650,215728,214560,16500,14920,15710,15745,0,15715,0,0,0,2017-04-17,32428000,15765,1,0,0,0,0,0,0,0,0,15770,23,0,0,0,0,0,0,0,0
45,2017-04-17,09:00:28,0,CF709,XZCE,15770,15715,15800,38868,3055612150,215728,214560,16500,14920,15710,15745,0,15715,0,0,0,2017-04-17,32428000,15765,2,0,0,0,0,0,0,0,0,15770,18,0,0,0,0,0,0,0,0
46,2017-04-17,09:00:29,0,CF709,XZCE,15765,15715,15800,38870,3055769800,215730,214560,16500,14920,15710,15745,0,15715,0,0,0,2017-04-17,32429000,15765,3,0,0,0,0,0,0,0,0,15770,18,0,0,0,0,0,0,0,0
47,2017-04-17,09:00:29,0,CF709,XZCE,15765,15715,15800,38872,3055927450,215730,214560,16500,14920,15710,15745,0,15715,0,0,0,2017-04-17,32429000,15765,16,0,0,0,0,0,0,0,0,15770,18,0,0,0,0,0,0,0,0
48,2017-04-17,09:00:30,0,CF709,XZCE,15765,15715,15800,38874,3056085100,215730,214560,16500,14920,15710,15745,0,15715,0,0,0,2017-04-17,32430000,15765,15,0,0,0,0,0,0,0,0,15770,18,0,0,0,0,0,0,0,0
49,2017-04-17,09:00:31,0,CF709,XZCE,15765,15715,15800,38882,3056715700,215724,214560,16500,14920,15710,15745,0,15715,0,0,0,2017-04-17,32431000,15765,13,0,0,0,0,0,0,0,0,15770,18,0,0,0,0,0,0,0,0
50,2017-04-17,09:00:31,0,CF709,XZCE,15765,15715,15800,38904,3058449850,215746,214560,16500,14920,15710,15745,0,15715,0,0,0,2017-04-17,32431000,15765,2,0,0,0,0,0,0,0,0,15770,18,0,0,0,0,0,0,0,0
51,2017-04-17,09:00:32,0,CF709,XZCE,15770,15715,15800,38910,3058922950,215748,214560,16500,14920,15710,15745,0,15715,0,0,0,2017-04-17,32432000,15765,6,0,0,0,0,0,0,0,0,15770,17,0,0,0,0,0,0,0,0
52,2017-04-17,09:00:32,0,CF709,XZCE,15770,15715,15800,38914,3059238350,215746,214560,16500,14920,15710,15745,0,15715,0,0,0,2017-04-17,32432000,15765,6,0,0,0,0,0,0,0,0,15770,15,0,0,0,0,0,0,0,0
53,2017-04-17,09:00:33,0,CF709,XZCE,15770,15715,15800,38916,3059396050,215746,214560,16500,14920,15710,15745,0,15715,0,0,0,2017-04-17,32433000,15765,6,0,0,0,0,0,0,0,0,15770,14,0,0,0,0,0,0,0,0
54,2017-04-17,09:00:34,0,CF709,XZCE,15765,15715,15800,38928,3060341950,215754,214560,16500,14920,15710,15745,0,15715,0,0,0,2017-04-17,32434000,15760,25,0,0,0,0,0,0,0,0,15770,14,0,0,0,0,0,0,0,0
55,2017-04-17,09:00:34,0,CF709,XZCE,15765,15715,15800,38928,3060341950,215754,214560,16500,14920,15710,15745,0,15715,0,0,0,2017-04-17,32434000,15765,2,0,0,0,0,0,0,0,0,15770,19,0,0,0,0,0,0,0,0
56,2017-04-17,09:00:35,0,CF709,XZCE,15765,15715,15800,38948,3061918450,215764,214560,16500,14920,15710,15745,0,15715,0,0,0,2017-04-17,32435000,15765,3,0,0,0,0,0,0,0,0,15770,19,0,0,0,0,0,0,0,0
57,2017-04-17,09:00:35,0,CF709,XZCE,15765,15715,15800,38952,3062233750,215768,214560,16500,14920,15710,15745,0,15715,0,0,0,2017-04-17,32435000,15765,1,0,0,0,0,0,0,0,0,15770,19,0,0,0,0,0,0,0,0
58,2017-04-17,09:00:36,0,CF709,XZCE,15765,15715,15800,38954,3062391400,215770,214560,16500,14920,15710,15745,0,15715,0,0,0,2017-04-17,32436000,15760,25,0,0,0,0,0,0,0,0,15770,20,0,0,0,0,0,0,0,0
59,2017-04-17,09:00:36,0,CF709,XZCE,15765,15715,15800,38954,3062391400,215770,214560,16500,14920,15710,15745,0,15715,0,0,0,2017-04-17,32436000,15760,25,0,0,0,0,0,0,0,0,15770,21,0,0,0,0,0,0,0,0
60,2017-04-17,09:00:37,0,CF709,XZCE,15770,15715,15800,38956,3062549100,215768,214560,16500,14920,15710,15745,0,15715,0,0,0,2017-04-17,32437000,15760,25,0,0,0,0,0,0,0,0,15770,20,0,0,0,0,0,0,0,0
61,2017-04-17,09:00:37,0,CF709,XZCE,15770,15715,15800,38966,3063337600,215758,214560,16500,14920,15710,15745,0,15715,0,0,0,2017-04-17,32437000,15760,25,0,0,0,0,0,0,0,0,15770,15,0,0,0,0,0,0,0,0
62,2017-04-17,09:00:38,0,CF709,XZCE,15770,15715,15800,38976,3064126100,215756,214560,16500,14920,15710,15745,0,15715,0,0,0,2017-04-17,32438000,15760,26,0,0,0,0,0,0,0,0,15770,14,0,0,0,0,0,0,0,0
63,2017-04-17,09:00:38,0,CF709,XZCE,15770,15715,15800,38976,3064126100,215756,214560,16500,14920,15710,15745,0,15715,0,0,0,2017-04-17,32438000,15760,29,0,0,0,0,0,0,0,0,15770,13,0,0,0,0,0,0,0,0
64,2017-04-17,09:00:39,0,CF709,XZCE,15770,15715,15800,38980,3064441500,215752,214560,16500,14920,15710,15745,0,15715,0,0,0,2017-04-17,32439000,15760,30,0,0,0,0,0,0,0,0,15770,16,0,0,0,0,0,0,0,0
65,2017-04-17,09:00:40,0,CF709,XZCE,15760,15715,15800,38986,3064914300,215752,214560,16500,14920,15710,15745,0,15715,0,0,0,2017-04-17,32440000,15760,27,0,0,0,0,0,0,0,0,15770,16,0,0,0,0,0,0,0,0
66,2017-04-17,09:00:40,0,CF709,XZCE,15760,15715,15800,39040,3069169500,215718,214560,16500,14920,15710,15745,0,15715,0,0,0,2017-04-17,32440000,15755,42,0,0,0,0,0,0,0,0,15760,73,0,0,0,0,0,0,0,0
67,2017-04-17,09:00:41,0,CF709,XZCE,15760,15715,15800,39042,3069327100,215718,214560,16500,14920,15710,15745,0,15715,0,0,0,2017-04-17,32441000,15755,42,0,0,0,0,0,0,0,0,15760,72,0,0,0,0,0,0,0,0
68,2017-04-17,09:00:41,0,CF709,XZCE,15760,15715,15800,39044,3069484700,215716,214560,16500,14920,15710,15745,0,15715,0,0,0,2017-04-17,32441000,15755,41,0,0,0,0,0,0,0,0,15760,71,0,0,0,0,0,0,0,0
69,2017-04-17,09:00:42,0,CF709,XZCE,15755,15715,15800,39048,3069799800,215712,214560,16500,14920,15710,15745,0,15715,0,0,0,2017-04-17,32442000,15755,39,0,0,0,0,0,0,0,0,15760,71,0,0,0,0,0,0,0,0
70,2017-04-17,09:00:42,0,CF709,XZCE,15755,15715,15800,39058,3070587550,215704,214560,16500,14920,15710,15745,0,15715,0,0,0,2017-04-17,32442000,15755,34,0,0,0,0,0,0,0,0,15760,73,0,0,0,0,0,0,0,0
71,2017-04-17,09:00:43,0,CF709,XZCE,15760,15715,15800,39072,3071690750,215704,214560,16500,14920,15710,15745,0,15715,0,0,0,2017-04-17,32443000,15755,33,0,0,0,0,0,0,0,0,15760,67,0,0,0,0,0,0,0,0
72,2017-04-17,09:00:43,0,CF709,XZCE,15755,15715,15800,39074,3071848300,215704,214560,16500,14920,15710,15745,0,15715,0,0,0,2017-04-17,32443000,15755,32,0,0,0,0,0,0,0,0,15760,67,0,0,0,0,0,0,0,0
73,2017-04-17,09:00:44,0,CF709,XZCE,15755,15715,15800,39084,3072636050,215694,214560,16500,14920,15710,15745,0,15715,0,0,0,2017-04-17,32444000,15755,27,0,0,0,0,0,0,0,0,15760,67,0,0,0,0,0,0,0,0
74,2017-04-17,09:00:45,0,CF709,XZCE,15755,15715,15800,39088,3072951150,215690,214560,16500,14920,15710,15745,0,15715,0,0,0,2017-04-17,32445000,15755,24,0,0,0,0,0,0,0,0,15760,80,0,0,0,0,0,0,0,0
75,2017-04-17,09:00:46,0,CF709,XZCE,15755,15715,15800,39092,3073266250,215688,214560,16500,14920,15710,15745,0,15715,0,0,0,2017-04-17,32446000,15755,22,0,0,0,0,0,0,0,0,15760,80,0,0,0,0,0,0,0,0
76,2017-04-17,09:00:46,0,CF709,XZCE,15755,15715,15800,39108,3074526650,215680,214560,16500,14920,15710,15745,0,15715,0,0,0,2017-04-17,32446000,15755,14,0,0,0,0,0,0,0,0,15760,80,0,0,0,0,0,0,0,0
77,2017-04-17,09:00:47,0,CF709,XZCE,15755,15715,15800,39152,3077992750,215686,214560,16500,14920,15710,15745,0,15715,0,0,0,2017-04-17,32447000,15750,33,0,0,0,0,0,0,0,0,15755,11,0,0,0,0,0,0,0,0
78,2017-04-17,09:00:47,0,CF709,XZCE,15755,15715,15800,39152,3077992750,215686,214560,16500,14920,15710,15745,0,15715,0,0,0,2017-04-17,32447000,15750,35,0,0,0,0,0,0,0,0,15755,27,0,0,0,0,0,0,0,0
79,2017-04-17,09:00:48,0,CF709,XZCE,15755,15715,15800,39156,3078307850,215686,214560,16500,14920,15710,15745,0,15715,0,0,0,2017-04-17,32448000,15750,35,0,0,0,0,0,0,0,0,15755,34,0,0,0,0,0,0,0,0
80,2017-04-17,09:00:49,0,CF709,XZCE,15755,15715,15800,39172,3079568250,215688,214560,16500,14920,15710,15745,0,15715,0,0,0,2017-04-17,32449000,15750,35,0,0,0,0,0,0,0,0,15755,27,0,0,0,0,0,0,0,0
81,2017-04-17,09:00:50,0,CF709,XZCE,15755,15715,15800,39172,3079568250,215688,214560,16500,14920,15710,15745,0,15715,0,0,0,2017-04-17,32450000,15750,36,0,0,0,0,0,0,0,0,15755,27,0,0,0,0,0,0,0,0
82,2017-04-17,09:00:51,0,CF709,XZCE,15755,15715,15800,39176,3079883350,215690,214560,16500,14920,15710,15745,0,15715,0,0,0,2017-04-17,32451000,15750,36,0,0,0,0,0,0,0,0,15755,25,0,0,0,0,0,0,0,0
83,2017-04-17,09:00:51,0,CF709,XZCE,15755,15715,15800,39178,3080040900,215688,214560,16500,14920,15710,15745,0,15715,0,0,0,2017-04-17,32451000,15750,36,0,0,0,0,0,0,0,0,15755,24,0,0,0,0,0,0,0,0
84,2017-04-17,09:00:52,0,CF709,XZCE,15755,15715,15800,39192,3081143750,215674,214560,16500,14920,15710,15745,0,15715,0,0,0,2017-04-17,32452000,15750,36,0,0,0,0,0,0,0,0,15755,17,0,0,0,0,0,0,0,0
85,2017-04-17,09:00:52,0,CF709,XZCE,15750,15715,15800,39202,3081931250,215672,214560,16500,14920,15710,15745,0,15715,0,0,0,2017-04-17,32452000,15750,32,0,0,0,0,0,0,0,0,15755,17,0,0,0,0,0,0,0,0
86,2017-04-17,09:00:53,0,CF709,XZCE,15750,15715,15800,39216,3083033750,215662,214560,16500,14920,15710,15745,0,15715,0,0,0,2017-04-17,32453000,15750,25,0,0,0,0,0,0,0,0,15755,17,0,0,0,0,0,0,0,0
87,2017-04-17,09:00:53,0,CF709,XZCE,15750,15715,15800,39218,3083191250,215662,214560,16500,14920,15710,15745,0,15715,0,0,0,2017-04-17,32453000,15750,25,0,0,0,0,0,0,0,0,15755,17,0,0,0,0,0,0,0,0
88,2017-04-17,09:00:54,0,CF709,XZCE,15755,15715,15800,39228,3083979000,215662,214560,16500,14920,15710,15745,0,15715,0,0,0,2017-04-17,32454000,15750,26,0,0,0,0,0,0,0,0,15755,13,0,0,0,0,0,0,0,0
89,2017-04-17,09:00:54,0,CF709,XZCE,15755,15715,15800,39258,3086342250,215650,214560,16500,14920,15710,15745,0,15715,0,0,0,2017-04-17,32454000,15755,4,0,0,0,0,0,0,0,0,15760,73,0,0,0,0,0,0,0,0
90,2017-04-17,09:00:55,0,CF709,XZCE,15750,15715,15800,39280,3088074750,215668,214560,16500,14920,15710,15745,0,15715,0,0,0,2017-04-17,32455000,15750,19,0,0,0,0,0,0,0,0,15760,73,0,0,0,0,0,0,0,0
91,2017-04-17,09:00:55,0,CF709,XZCE,15750,15715,15800,39328,3091854750,215640,214560,16500,14920,15710,15745,0,15715,0,0,0,2017-04-17,32455000,15755,4,0,0,0,0,0,0,0,0,15760,73,0,0,0,0,0,0,0,0
92,2017-04-17,09:00:56,0,CF709,XZCE,15750,15715,15800,39330,3092012250,215642,214560,16500,14920,15710,15745,0,15715,0,0,0,2017-04-17,32456000,15755,3,0,0,0,0,0,0,0,0,15760,73,0,0,0,0,0,0,0,0
93,2017-04-17,09:00:56,0,CF709,XZCE,15755,15715,15800,39336,3092484900,215646,214560,16500,14920,15710,15745,0,15715,0,0,0,2017-04-17,32456000,15750,18,0,0,0,0,0,0,0,0,15755,10,0,0,0,0,0,0,0,0
94,2017-04-17,09:00:57,0,CF709,XZCE,15750,15715,15800,39340,3092799900,215642,214560,16500,14920,15710,15745,0,15715,0,0,0,2017-04-17,32457000,15750,16,0,0,0,0,0,0,0,0,15755,11,0,0,0,0,0,0,0,0
95,2017-04-17,09:00:57,0,CF709,XZCE,15750,15715,15800,39376,3095634900,215656,214560,16500,14920,15710,15745,0,15715,0,0,0,2017-04-17,32457000,15745,57,0,0,0,0,0,0,0,0,15750,82,0,0,0,0,0,0,0,0
96,2017-04-17,09:00:58,0,CF709,XZCE,15750,15715,15800,39378,3095792400,215658,214560,16500,14920,15710,15745,0,15715,0,0,0,2017-04-17,32458000,15745,57,0,0,0,0,0,0,0,0,15750,81,0,0,0,0,0,0,0,0
97,2017-04-17,09:00:59,0,CF709,XZCE,15750,15715,15800,39384,3096264900,215660,214560,16500,14920,15710,15745,0,15715,0,0,0,2017-04-17,32459000,15745,56,0,0,0,0,0,0,0,0,15750,79,0,0,0,0,0,0,0,0
98,2017-04-17,09:01:00,0,CF709,XZCE,15745,15715,15800,39398,3097367050,215658,214560,16500,14920,15710,15745,0,15715,0,0,0,2017-04-17,32460000,15745,49,0,0,0,0,0,0,0,0,15750,79,0,0,0,0,0,0,0,0
99,2017-04-17,09:01:00,0,CF709,XZCE,15750,15715,15800,39426,3099572050,215664,214560,16500,14920,15710,15745,0,15715,0,0,0,2017-04-17,32460000,15745,39,0,0,0,0,0,0,0,0,15750,75,0,0,0,0,0,0,0,0
100,2017-04-17,09:01:01,0,CF709,XZCE,15750,15715,15800,39430,3099887050,215668,214560,16500,14920,15710,15745,0,15715,0,0,0,2017-04-17,32461000,15745,39,0,0,0,0,0,0,0,0,15750,73,0,0,0,0,0,0,0,0
101,2017-04-17,09:01:01,0,CF709,XZCE,15750,15715,15800,39444,3100989550,215672,214560,16500,14920,15710,15745,0,15715,0,0,0,2017-04-17,32461000,15745,36,0,0,0,0,0,0,0,0,15750,69,0,0,0,0,0,0,0,0
102,2017-04-17,09:01:02,0,CF709,XZCE,15750,15715,15800,39446,3101147050,215674,214560,16500,14920,15710,15745,0,15715,0,0,0,2017-04-17,32462000,15745,36,0,0,0,0,0,0,0,0,15750,68,0,0,0,0,0,0,0,0
103,2017-04-17,09:01:02,0,CF709,XZCE,15750,15715,15800,39456,3101934550,215680,214560,16500,14920,15710,15745,0,15715,0,0,0,2017-04-17,32462000,15745,38,0,0,0,0,0,0,0,0,15750,63,0,0,0,0,0,0,0,0
104,2017-04-17,09:01:03,0,CF709,XZCE,15745,15715,15800,39460,3102249450,215678,214560,16500,14920,15710,15745,0,15715,0,0,0,2017-04-17,32463000,15745,36,0,0,0,0,0,0,0,0,15750,63,0,0,0,0,0,0,0,0
105,2017-04-17,09:01:03,0,CF709,XZCE,15750,15715,15800,39466,3102721950,215678,214560,16500,14920,15710,15745,0,15715,0,0,0,2017-04-17,32463000,15745,36,0,0,0,0,0,0,0,0,15750,61,0,0,0,0,0,0,0,0
106,2017-04-17,09:01:04,0,CF709,XZCE,15750,15715,15800,39476,3103509450,215680,214560,16500,14920,15710,15745,0,15715,0,0,0,2017-04-17,32464000,15745,36,0,0,0,0,0,0,0,0,15750,56,0,0,0,0,0,0,0,0
107,2017-04-17,09:01:04,0,CF709,XZCE,15745,15715,15800,39490,3104611600,215666,214560,16500,14920,15710,15745,0,15715,0,0,0,2017-04-17,32464000,15745,29,0,0,0,0,0,0,0,0,15750,56,0,0,0,0,0,0,0,0
108,2017-04-17,09:01:05,0,CF709,XZCE,15745,15715,15800,39672,3118939550,215748,214560,16500,14920,15710,15745,0,15715,0,0,0,2017-04-17,32465000,15745,7,0,0,0,0,0,0,0,0,15750,6,0,0,0,0,0,0,0,0
109,2017-04-17,09:01:05,0,CF709,XZCE,15750,15715,15800,39720,3122719550,215778,214560,16500,14920,15710,15745,0,15715,0,0,0,2017-04-17,32465000,15745,9,0,0,0,0,0,0,0,0,15750,19,0,0,0,0,0,0,0,0
110,2017-04-17,09:01:06,0,CF709,XZCE,15745,15715,15800,39740,3124294050,215770,214560,16500,14920,15710,15745,0,15715,0,0,0,2017-04-17,32466000,15740,62,0,0,0,0,0,0,0,0,15745,17,0,0,0,0,0,0,0,0
111,2017-04-17,09:01:06,0,CF709,XZCE,15745,15715,15800,39744,3124608950,215768,214560,16500,14920,15710,15745,0,15715,0,0,0,2017-04-17,32466000,15740,62,0,0,0,0,0,0,0,0,15745,27,0,0,0,0,0,0,0,0
112,2017-04-17,09:01:07,0,CF709,XZCE,15745,15715,15800,39748,3124923850,215768,214560,16500,14920,15710,15745,0,15715,0,0,0,2017-04-17,32467000,15740,61,0,0,0,0,0,0,0,0,15745,13,0,0,0,0,0,0,0,0
113,2017-04-17,09:01:07,0,CF709,XZCE,15745,15715,15800,39758,3125711100,215762,214560,16500,14920,15710,15745,0,15715,0,0,0,2017-04-17,32467000,15740,60,0,0,0,0,0,0,0,0,15745,11,0,0,0,0,0,0,0,0
114,2017-04-17,09:01:08,0,CF709,XZCE,15740,15715,15800,39780,3127442500,215760,214560,16500,14920,15710,15745,0,15715,0,0,0,2017-04-17,32468000,15740,49,0,0,0,0,0,0,0,0,15745,16,0,0,0,0,0,0,0,0
115,2017-04-17,09:01:08,0,CF709,XZCE,15740,15715,15800,39784,3127757300,215758,214560,16500,14920,15710,15745,0,15715,0,0,0,2017-04-17,32468000,15740,47,0,0,0,0,0,0,0,0,15745,16,0,0,0,0,0,0,0,0
116,2017-04-17,09:01:09,0,CF709,XZCE,15745,15715,15800,39792,3128387100,215758,214560,16500,14920,15710,15745,0,15715,0,0,0,2017-04-17,32469000,15740,47,0,0,0,0,0,0,0,0,15745,12,0,0,0,0,0,0,0,0
117,2017-04-17,09:01:10,0,CF709,XZCE,15740,15715,15800,39802,3129174100,215758,214560,16500,14920,15710,15745,0,15715,0,0,0,2017-04-17,32470000,15740,42,0,0,0,0,0,0,0,0,15745,12,0,0,0,0,0,0,0,0
118,2017-04-17,09:01:10,0,CF709,XZCE,15745,15715,15800,39806,3129489000,215758,214560,16500,14920,15710,15745,0,15715,0,0,0,2017-04-17,32470000,15740,48,0,0,0,0,0,0,0,0,15745,11,0,0,0,0,0,0,0,0
119,2017-04-17,09:01:10,0,CF709,XZCE,15745,15715,15800,39806,3129489000,215758,214560,16500,14920,15710,15745,0,15715,0,0,0,2017-04-17,32470000,15740,48,0,0,0,0,0,0,0,0,15745,12,0,0,0,0,0,0,0,0
120,2017-04-17,09:01:11,0,CF709,XZCE,15745,15715,15800,39808,3129646450,215756,214560,16500,14920,15710,15745,0,15715,0,0,0,2017-04-17,32471000,15740,47,0,0,0,0,0,0,0,0,15745,12,0,0,0,0,0,0,0,0
121,2017-04-17,09:01:12,0,CF709,XZCE,15745,15715,15800,39818,3130433700,215764,214560,16500,14920,15710,15745,0,15715,0,0,0,2017-04-17,32472000,15740,44,0,0,0,0,0,0,0,0,15745,11,0,0,0,0,0,0,0,0
122,2017-04-17,09:01:12,0,CF709,XZCE,15740,15715,15800,39822,3130748500,215762,214560,16500,14920,15710,15745,0,15715,0,0,0,2017-04-17,32472000,15740,42,0,0,0,0,0,0,0,0,15745,11,0,0,0,0,0,0,0,0
123,2017-04-17,09:01:12,0,CF709,XZCE,15745,15715,15800,39826,3131063400,215764,214560,16500,14920,15710,15745,0,15715,0,0,0,2017-04-17,32472000,15740,41,0,0,0,0,0,0,0,0,15745,12,0,0,0,0,0,0,0,0
124,2017-04-17,09:01:13,0,CF709,XZCE,15740,15715,15800,39840,3132165200,215762,214560,16500,14920,15710,15745,0,15715,0,0,0,2017-04-17,32473000,15740,35,0,0,0,0,0,0,0,0,15745,13,0,0,0,0,0,0,0,0
125,2017-04-17,09:01:14,0,CF709,XZCE,15745,15715,15800,39842,3132322650,215762,214560,16500,14920,15710,15745,0,15715,0,0,0,2017-04-17,32474000,15740,35,0,0,0,0,0,0,0,0,15745,12,0,0,0,0,0,0,0,0
126,2017-04-17,09:01:14,0,CF709,XZCE,15745,15715,15800,39842,3132322650,215762,214560,16500,14920,15710,15745,0,15715,0,0,0,2017-04-17,32474000,15740,39,0,0,0,0,0,0,0,0,15745,12,0,0,0,0,0,0,0,0
127,2017-04-17,09:01:14,0,CF709,XZCE,15740,15715,15800,39852,3133109650,215762,214560,16500,14920,15710,15745,0,15715,0,0,0,2017-04-17,32474000,15740,34,0,0,0,0,0,0,0,0,15745,13,0,0,0,0,0,0,0,0
128,2017-04-17,09:01:15,0,CF709,XZCE,15745,15715,15800,39868,3134369250,215772,214560,16500,14920,15710,15745,0,15715,0,0,0,2017-04-17,32475000,15740,35,0,0,0,0,0,0,0,0,15745,5,0,0,0,0,0,0,0,0
129,2017-04-17,09:01:15,0,CF709,XZCE,15740,15715,15800,39896,3136572850,215768,214560,16500,14920,15710,15745,0,15715,0,0,0,2017-04-17,32475000,15740,21,0,0,0,0,0,0,0,0,15745,8,0,0,0,0,0,0,0,0
130,2017-04-17,09:01:16,0,CF709,XZCE,15740,15715,15800,39896,3136572850,215768,214560,16500,14920,15710,15745,0,15715,0,0,0,2017-04-17,32476000,15740,22,0,0,0,0,0,0,0,0,15745,8,0,0,0,0,0,0,0,0
131,2017-04-17,09:01:16,0,CF709,XZCE,15740,15715,15800,39896,3136572850,215768,214560,16500,14920,15710,15745,0,15715,0,0,0,2017-04-17,32476000,15740,23,0,0,0,0,0,0,0,0,15745,8,0,0,0,0,0,0,0,0
132,2017-04-17,09:01:17,0,CF709,XZCE,15740,15715,15800,39898,3136730250,215768,214560,16500,14920,15710,15745,0,15715,0,0,0,2017-04-17,32477000,15740,27,0,0,0,0,0,0,0,0,15745,12,0,0,0,0,0,0,0,0
133,2017-04-17,09:01:17,0,CF709,XZCE,15740,15715,15800,39898,3136730250,215768,214560,16500,14920,15710,15745,0,15715,0,0,0,2017-04-17,32477000,15740,27,0,0,0,0,0,0,0,0,15745,13,0,0,0,0,0,0,0,0
134,2017-04-17,09:01:18,0,CF709,XZCE,15740,15715,15800,39898,3136730250,215768,214560,16500,14920,15710,15745,0,15715,0,0,0,2017-04-17,32478000,15740,30,0,0,0,0,0,0,0,0,15745,15,0,0,0,0,0,0,0,0
135,2017-04-17,09:01:19,0,CF709,XZCE,15740,15715,15800,39992,3144128050,215752,214560,16500,14920,15710,15745,0,15715,0,0,0,2017-04-17,32479000,15735,9,0,0,0,0,0,0,0,0,15740,3,0,0,0,0,0,0,0,0
136,2017-04-17,09:01:19,0,CF709,XZCE,15740,15715,15800,39996,3144442850,215752,214560,16500,14920,15710,15745,0,15715,0,0,0,2017-04-17,32479000,15735,9,0,0,0,0,0,0,0,0,15740,6,0,0,0,0,0,0,0,0
137,2017-04-17,09:01:19,0,CF709,XZCE,15735,15715,15800,40014,3145859000,215752,214560,16500,14920,15710,15745,0,15715,0,0,0,2017-04-17,32479000,15730,56,0,0,0,0,0,0,0,0,15740,19,0,0,0,0,0,0,0,0
138,2017-04-17,09:01:20,0,CF709,XZCE,15740,15715,15800,40092,3151997600,215722,214560,16500,14920,15710,15745,0,15715,0,0,0,2017-04-17,32480000,15730,37,0,0,0,0,0,0,0,0,15740,21,0,0,0,0,0,0,0,0
139,2017-04-17,09:01:20,0,CF709,XZCE,15740,15715,15800,40096,3152312400,215722,214560,16500,14920,15710,15745,0,15715,0,0,0,2017-04-17,32480000,15730,37,0,0,0,0,0,0,0,0,15740,20,0,0,0,0,0,0,0,0
140,2017-04-17,09:01:21,0,CF709,XZCE,15740,15715,15800,40098,3152469800,215724,214560,16500,14920,15710,15745,0,15715,0,0,0,2017-04-17,32481000,15730,37,0,0,0,0,0,0,0,0,15735,5,0,0,0,0,0,0,0,0
141,2017-04-17,09:01:21,0,CF709,XZCE,15740,15715,15800,40098,3152469800,215724,214560,16500,14920,15710,15745,0,15715,0,0,0,2017-04-17,32481000,15730,37,0,0,0,0,0,0,0,0,15735,6,0,0,0,0,0,0,0,0
142,2017-04-17,09:01:22,0,CF709,XZCE,15725,15715,15800,40182,3159074300,215656,214560,16500,14920,15710,15745,0,15715,0,0,0,2017-04-17,32482000,15725,9,0,0,0,0,0,0,0,0,15735,9,0,0,0,0,0,0,0,0
143,2017-04-17,09:01:22,0,CF709,XZCE,15725,15715,15800,40206,3160961300,215640,214560,16500,14920,15710,15745,0,15715,0,0,0,2017-04-17,32482000,15725,4,0,0,0,0,0,0,0,0,15735,9,0,0,0,0,0,0,0,0
144,2017-04-17,09:01:23,0,CF709,XZCE,15730,15715,15800,40214,3161590500,215638,214560,16500,14920,15710,15745,0,15715,0,0,0,2017-04-17,32483000,15730,3,0,0,0,0,0,0,0,0,15735,10,0,0,0,0,0,0,0,0
145,2017-04-17,09:01:23,0,CF709,XZCE,15730,15715,15800,40220,3162062400,215632,214560,16500,14920,15710,15745,0,15715,0,0,0,2017-04-17,32483000,15730,2,0,0,0,0,0,0,0,0,15735,16,0,0,0,0,0,0,0,0
146,2017-04-17,09:01:24,0,CF709,XZCE,15730,15715,15800,40226,3162534300,215632,214560,16500,14920,15710,15745,0,15715,0,0,0,2017-04-17,32484000,15725,9,0,0,0,0,0,0,0,0,15730,3,0,0,0,0,0,0,0,0
147,2017-04-17,09:01:24,0,CF709,XZCE,15725,15715,15800,40228,3162691550,215634,214560,16500,14920,15710,15745,0,15715,0,0,0,2017-04-17,32484000,15725,8,0,0,0,0,0,0,0,0,15730,4,0,0,0,0,0,0,0,0
148,2017-04-17,09:01:25,0,CF709,XZCE,15725,15715,15800,40250,3164421300,215620,214560,16500,14920,15710,15745,0,15715,0,0,0,2017-04-17,32485000,15725,8,0,0,0,0,0,0,0,0,15730,34,0,0,0,0,0,0,0,0
149,2017-04-17,09:01:25,0,CF709,XZCE,15725,15715,15800,40256,3164893050,215620,214560,16500,14920,15710,15745,0,15715,0,0,0,2017-04-17,32485000,15725,7,0,0,0,0,0,0,0,0,15730,32,0,0,0,0,0,0,0,0
150,2017-04-17,09:01:26,0,CF709,XZCE,15725,15715,15800,40256,3164893050,215620,214560,16500,14920,15710,15745,0,15715,0,0,0,2017-04-17,32486000,15725,5,0,0,0,0,0,0,0,0,15730,32,0,0,0,0,0,0,0,0
151,2017-04-17,09:01:27,0,CF709,XZCE,15725,15715,15800,40262,3165364800,215618,214560,16500,14920,15710,15745,0,15715,0,0,0,2017-04-17,32487000,15725,4,0,0,0,0,0,0,0,0,15730,27,0,0,0,0,0,0,0,0
152,2017-04-17,09:01:27,0,CF709,XZCE,15730,15715,15800,40264,3165522100,215620,214560,16500,14920,15710,15745,0,15715,0,0,0,2017-04-17,32487000,15725,11,0,0,0,0,0,0,0,0,15730,26,0,0,0,0,0,0,0,0
153,2017-04-17,09:01:28,0,CF709,XZCE,15730,15715,15800,40316,3169611900,215610,214560,16500,14920,15710,15745,0,15715,0,0,0,2017-04-17,32488000,15730,5,0,0,0,0,0,0,0,0,15735,19,0,0,0,0,0,0,0,0
154,2017-04-17,09:01:28,0,CF709,XZCE,15730,15715,15800,40322,3170083800,215606,214560,16500,14920,15710,15745,0,15715,0,0,0,2017-04-17,32488000,15730,2,0,0,0,0,0,0,0,0,15735,19,0,0,0,0,0,0,0,0
155,2017-04-17,09:01:29,0,CF709,XZCE,15735,15715,15800,40350,3172286700,215616,214560,16500,14920,15710,15745,0,15715,0,0,0,2017-04-17,32489000,15730,12,0,0,0,0,0,0,0,0,15735,5,0,0,0,0,0,0,0,0
156,2017-04-17,09:01:30,0,CF709,XZCE,15730,15715,15800,40368,3173702400,215614,214560,16500,14920,15710,15745,0,15715,0,0,0,2017-04-17,32490000,15730,8,0,0,0,0,0,0,0,0,15735,13,0,0,0,0,0,0,0,0
157,2017-04-17,09:01:30,0,CF709,XZCE,15730,15715,15800,40374,3174174300,215612,214560,16500,14920,15710,15745,0,15715,0,0,0,2017-04-17,32490000,15730,2,0,0,0,0,0,0,0,0,15735,14,0,0,0,0,0,0,0,0
158,2017-04-17,09:01:30,0,CF709,XZCE,15730,15715,15800,40374,3174174300,215612,214560,16500,14920,15710,15745,0,15715,0,0,0,2017-04-17,32490000,15730,2,0,0,0,0,0,0,0,0,15735,16,0,0,0,0,0,0,0,0
159,2017-04-17,09:01:31,0,CF709,XZCE,15730,15715,15800,40378,3174488900,215612,214560,16500,14920,15710,15745,0,15715,0,0,0,2017-04-17,32491000,15725,26,0,0,0,0,0,0,0,0,15730,1,0,0,0,0,0,0,0,0
160,2017-04-17,09:01:31,0,CF709,XZCE,15730,15715,15800,40380,3174646200,215614,214560,16500,14920,15710,15745,0,15715,0,0,0,2017-04-17,32491000,15725,27,0,0,0,0,0,0,0,0,15730,1,0,0,0,0,0,0,0,0
161,2017-04-17,09:01:32,0,CF709,XZCE,15730,15715,15800,40392,3175590000,215620,214560,16500,14920,15710,15745,0,15715,0,0,0,2017-04-17,32492000,15725,27,0,0,0,0,0,0,0,0,15735,18,0,0,0,0,0,0,0,0
162,2017-04-17,09:01:32,0,CF709,XZCE,15735,15715,15800,40394,3175747350,215620,214560,16500,14920,15710,15745,0,15715,0,0,0,2017-04-17,32492000,15730,1,0,0,0,0,0,0,0,0,15735,20,0,0,0,0,0,0,0,0
163,2017-04-17,09:01:33,0,CF709,XZCE,15725,15715,15800,40436,3179049600,215608,214560,16500,14920,15710,15745,0,15715,0,0,0,2017-04-17,32493000,15725,6,0,0,0,0,0,0,0,0,15730,5,0,0,0,0,0,0,0,0
164,2017-04-17,09:01:33,0,CF709,XZCE,15725,15715,15800,40436,3179049600,215608,214560,16500,14920,15710,15745,0,15715,0,0,0,2017-04-17,32493000,15725,8,0,0,0,0,0,0,0,0,15730,6,0,0,0,0,0,0,0,0
165,2017-04-17,09:01:34,0,CF709,XZCE,15725,15715,15800,40446,3179835850,215608,214560,16500,14920,15710,15745,0,15715,0,0,0,2017-04-17,32494000,15725,8,0,0,0,0,0,0,0,0,15730,6,0,0,0,0,0,0,0,0
166,2017-04-17,09:01:34,0,CF709,XZCE,15730,15715,15800,40464,3181251550,215596,214560,16500,14920,15710,15745,0,15715,0,0,0,2017-04-17,32494000,15730,3,0,0,0,0,0,0,0,0,15735,20,0,0,0,0,0,0,0,0
167,2017-04-17,09:01:35,0,CF709,XZCE,15735,15715,15800,40466,3181408900,215598,214560,16500,14920,15710,15745,0,15715,0,0,0,2017-04-17,32495000,15730,4,0,0,0,0,0,0,0,0,15735,19,0,0,0,0,0,0,0,0
168,2017-04-17,09:01:35,0,CF709,XZCE,15725,15715,15800,40478,3182352400,215598,214560,16500,14920,15710,15745,0,15715,0,0,0,2017-04-17,32495000,15725,14,0,0,0,0,0,0,0,0,15735,20,0,0,0,0,0,0,0,0
169,2017-04-17,09:01:36,0,CF709,XZCE,15725,15715,15800,40478,3182352400,215598,214560,16500,14920,15710,15745,0,15715,0,0,0,2017-04-17,32496000,15725,16,0,0,0,0,0,0,0,0,15730,2,0,0,0,0,0,0,0,0
170,2017-04-17,09:01:36,0,CF709,XZCE,15730,15715,15800,40482,3182667000,215598,214560,16500,14920,15710,15745,0,15715,0,0,0,2017-04-17,32496000,15730,9,0,0,0,0,0,0,0,0,15735,24,0,0,0,0,0,0,0,0
171,2017-04-17,09:01:37,0,CF709,XZCE,15735,15715,15800,40502,3184240500,215604,214560,16500,14920,15710,15745,0,15715,0,0,0,2017-04-17,32497000,15730,9,0,0,0,0,0,0,0,0,15735,14,0,0,0,0,0,0,0,0
172,2017-04-17,09:01:37,0,CF709,XZCE,15735,15715,15800,40502,3184240500,215604,214560,16500,14920,15710,15745,0,15715,0,0,0,2017-04-17,32497000,15730,11,0,0,0,0,0,0,0,0,15735,12,0,0,0,0,0,0,0,0
173,2017-04-17,09:01:38,0,CF709,XZCE,15730,15715,15800,40508,3184712400,215600,214560,16500,14920,15710,15745,0,15715,0,0,0,2017-04-17,32498000,15730,8,0,0,0,0,0,0,0,0,15735,12,0,0,0,0,0,0,0,0
174,2017-04-17,09:01:39,0,CF709,XZCE,15735,15715,15800,40530,3186443250,215590,214560,16500,14920,15710,15745,0,15715,0,0,0,2017-04-17,32499000,15730,9,0,0,0,0,0,0,0,0,15735,1,0,0,0,0,0,0,0,0
175,2017-04-17,09:01:40,0,CF709,XZCE,15735,15715,15800,40530,3186443250,215590,214560,16500,14920,15710,15745,0,15715,0,0,0,2017-04-17,32500000,15730,10,0,0,0,0,0,0,0,0,15735,1,0,0,0,0,0,0,0,0
176,2017-04-17,09:01:40,0,CF709,XZCE,15730,15715,15800,40536,3186915150,215584,214560,16500,14920,15710,15745,0,15715,0,0,0,2017-04-17,32500000,15730,9,0,0,0,0,0,0,0,0,15735,12,0,0,0,0,0,0,0,0
177,2017-04-17,09:01:40,0,CF709,XZCE,15730,15715,15800,40544,3187544350,215576,214560,16500,14920,15710,15745,0,15715,0,0,0,2017-04-17,32500000,15730,4,0,0,0,0,0,0,0,0,15735,12,0,0,0,0,0,0,0,0
178,2017-04-17,09:01:41,0,CF709,XZCE,15730,15715,15800,40546,3187701650,215578,214560,16500,14920,15710,15745,0,15715,0,0,0,2017-04-17,32501000,15730,5,0,0,0,0,0,0,0,0,15735,28,0,0,0,0,0,0,0,0
179,2017-04-17,09:01:42,0,CF709,XZCE,15735,15715,15800,40608,3192579500,215602,214560,16500,14920,15710,15745,0,15715,0,0,0,2017-04-17,32502000,15730,5,0,0,0,0,0,0,0,0,15735,3,0,0,0,0,0,0,0,0
180,2017-04-17,09:01:43,0,CF709,XZCE,15735,15715,15800,40608,3192579500,215602,214560,16500,14920,15710,15745,0,15715,0,0,0,2017-04-17,32503000,15730,6,0,0,0,0,0,0,0,0,15735,4,0,0,0,0,0,0,0,0
181,2017-04-17,09:01:43,0,CF709,XZCE,15730,15715,15800,40614,3193051400,215608,214560,16500,14920,15710,15745,0,15715,0,0,0,2017-04-17,32503000,15730,7,0,0,0,0,0,0,0,0,15735,8,0,0,0,0,0,0,0,0
182,2017-04-17,09:01:44,0,CF709,XZCE,15730,15715,15800,40618,3193366000,215610,214560,16500,14920,15710,15745,0,15715,0,0,0,2017-04-17,32504000,15730,5,0,0,0,0,0,0,0,0,15735,8,0,0,0,0,0,0,0,0
183,2017-04-17,09:01:44,0,CF709,XZCE,15735,15715,15800,40638,3194939500,215606,214560,16500,14920,15710,15745,0,15715,0,0,0,2017-04-17,32504000,15730,8,0,0,0,0,0,0,0,0,15740,20,0,0,0,0,0,0,0,0
184,2017-04-17,09:01:45,0,CF709,XZCE,15740,15715,15800,40678,3198087500,215624,214560,16500,14920,15710,15745,0,15715,0,0,0,2017-04-17,32505000,15735,4,0,0,0,0,0,0,0,0,15745,12,0,0,0,0,0,0,0,0
185,2017-04-17,09:01:45,0,CF709,XZCE,15730,15715,15800,40708,3200447000,215624,214560,16500,14920,15710,15745,0,15715,0,0,0,2017-04-17,32505000,15735,2,0,0,0,0,0,0,0,0,15740,7,0,0,0,0,0,0,0,0
186,2017-04-17,09:01:46,0,CF709,XZCE,15740,15715,15800,40710,3200604400,215622,214560,16500,14920,15710,15745,0,15715,0,0,0,2017-04-17,32506000,15735,4,0,0,0,0,0,0,0,0,15740,6,0,0,0,0,0,0,0,0
187,2017-04-17,09:01:46,0,CF709,XZCE,15735,15715,15800,40718,3201233800,215616,214560,16500,14920,15710,15745,0,15715,0,0,0,2017-04-17,32506000,15735,2,0,0,0,0,0,0,0,0,15740,14,0,0,0,0,0,0,0,0
188,2017-04-17,09:01:47,0,CF709,XZCE,15740,15715,15800,40750,3203752200,215642,214560,16500,14920,15710,15745,0,15715,0,0,0,2017-04-17,32507000,15730,14,0,0,0,0,0,0,0,0,15740,1,0,0,0,0,0,0,0,0
189,2017-04-17,09:01:47,0,CF709,XZCE,15735,15715,15800,40754,3204066900,215644,214560,16500,14920,15710,15745,0,15715,0,0,0,2017-04-17,32507000,15730,14,0,0,0,0,0,0,0,0,15740,3,0,0,0,0,0,0,0,0
190,2017-04-17,09:01:48,0,CF709,XZCE,15735,15715,15800,40754,3204066900,215644,214560,16500,14920,15710,15745,0,15715,0,0,0,2017-04-17,32508000,15735,2,0,0,0,0,0,0,0,0,15740,3,0,0,0,0,0,0,0,0
191,2017-04-17,09:01:49,0,CF709,XZCE,15735,15715,15800,40756,3204224250,215644,214560,16500,14920,15710,15745,0,15715,0,0,0,2017-04-17,32509000,15735,1,0,0,0,0,0,0,0,0,15740,3,0,0,0,0,0,0,0,0
192,2017-04-17,09:01:49,0,CF709,XZCE,15740,15715,15800,40768,3205168650,215654,214560,16500,14920,15710,15745,0,15715,0,0,0,2017-04-17,32509000,15730,13,0,0,0,0,0,0,0,0,15740,7,0,0,0,0,0,0,0,0
193,2017-04-17,09:01:50,0,CF709,XZCE,15730,15715,15800,40774,3205640550,215658,214560,16500,14920,15710,15745,0,15715,0,0,0,2017-04-17,32510000,15730,8,0,0,0,0,0,0,0,0,15735,1,0,0,0,0,0,0,0,0
194,2017-04-17,09:01:50,0,CF709,XZCE,15740,15715,15800,40782,3206270150,215662,214560,16500,14920,15710,15745,0,15715,0,0,0,2017-04-17,32510000,15730,8,0,0,0,0,0,0,0,0,15735,2,0,0,0,0,0,0,0,0
195,2017-04-17,09:01:51,0,CF709,XZCE,15730,15715,15800,40788,3206742050,215656,214560,16500,14920,15710,15745,0,15715,0,0,0,2017-04-17,32511000,15730,5,0,0,0,0,0,0,0,0,15735,2,0,0,0,0,0,0,0,0
196,2017-04-17,09:01:51,0,CF709,XZCE,15730,15715,15800,40788,3206742050,215656,214560,16500,14920,15710,15745,0,15715,0,0,0,2017-04-17,32511000,15730,5,0,0,0,0,0,0,0,0,15735,3,0,0,0,0,0,0,0,0
197,2017-04-17,09:01:52,0,CF709,XZCE,15735,15715,15800,40790,3206899400,215656,214560,16500,14920,15710,15745,0,15715,0,0,0,2017-04-17,32512000,15730,5,0,0,0,0,0,0,0,0,15735,6,0,0,0,0,0,0,0,0
198,2017-04-17,09:01:52,0,CF709,XZCE,15730,15715,15800,40796,3207371300,215650,214560,16500,14920,15710,15745,0,15715,0,0,0,2017-04-17,32512000,15730,4,0,0,0,0,0,0,0,0,15735,6,0,0,0,0,0,0,0,0
199,2017-04-17,09:01:53,0,CF709,XZCE,15735,15715,15800,40802,3207843350,215648,214560,16500,14920,15710,15745,0,15715,0,0,0,2017-04-17,32513000,15730,2,0,0,0,0,0,0,0,0,15735,6,0,0,0,0,0,0,0,0
200,2017-04-17,09:01:53,0,CF709,XZCE,15735,15715,15800,40804,3208000700,215648,214560,16500,14920,15710,15745,0,15715,0,0,0,2017-04-17,32513000,15730,4,0,0,0,0,0,0,0,0,15735,5,0,0,0,0,0,0,0,0
201,2017-04-17,09:01:54,0,CF709,XZCE,15730,15715,15800,40808,3208315300,215648,214560,16500,14920,15710,15745,0,15715,0,0,0,2017-04-17,32514000,15730,3,0,0,0,0,0,0,0,0,15735,8,0,0,0,0,0,0,0,0
202,2017-04-17,09:01:55,0,CF709,XZCE,15730,15715,15800,40808,3208315300,215648,214560,16500,14920,15710,15745,0,15715,0,0,0,2017-04-17,32515000,15730,5,0,0,0,0,0,0,0,0,15735,8,0,0,0,0,0,0,0,0
203,2017-04-17,09:01:56,0,CF709,XZCE,15735,15715,15800,40828,3209888800,215652,214560,16500,14920,15710,15745,0,15715,0,0,0,2017-04-17,32516000,15735,26,0,0,0,0,0,0,0,0,15740,23,0,0,0,0,0,0,0,0
204,2017-04-17,09:01:56,0,CF709,XZCE,15735,15715,15800,40828,3209888800,215652,214560,16500,14920,15710,15745,0,15715,0,0,0,2017-04-17,32516000,15735,26,0,0,0,0,0,0,0,0,15740,20,0,0,0,0,0,0,0,0
205,2017-04-17,09:01:56,0,CF709,XZCE,15735,15715,15800,40832,3210203500,215654,214560,16500,14920,15710,15745,0,15715,0,0,0,2017-04-17,32516000,15735,24,0,0,0,0,0,0,0,0,15740,20,0,0,0,0,0,0,0,0
206,2017-04-17,09:01:57,0,CF709,XZCE,15735,15715,15800,40838,3210675550,215660,214560,16500,14920,15710,15745,0,15715,0,0,0,2017-04-17,32517000,15735,21,0,0,0,0,0,0,0,0,15740,20,0,0,0,0,0,0,0,0
207,2017-04-17,09:01:57,0,CF709,XZCE,15735,15715,15800,40838,3210675550,215660,214560,16500,14920,15710,15745,0,15715,0,0,0,2017-04-17,32517000,15735,21,0,0,0,0,0,0,0,0,15740,22,0,0,0,0,0,0,0,0
208,2017-04-17,09:01:58,0,CF709,XZCE,15735,15715,15800,40838,3210675550,215660,214560,16500,14920,15710,15745,0,15715,0,0,0,2017-04-17,32518000,15735,21,0,0,0,0,0,0,0,0,15740,17,0,0,0,0,0,0,0,0
209,2017-04-17,09:01:59,0,CF709,XZCE,15735,15715,15800,40838,3210675550,215660,214560,16500,14920,15710,15745,0,15715,0,0,0,2017-04-17,32519000,15735,22,0,0,0,0,0,0,0,0,15740,17,0,0,0,0,0,0,0,0
210,2017-04-17,09:01:59,0,CF709,XZCE,15735,15715,15800,40838,3210675550,215660,214560,16500,14920,15710,15745,0,15715,0,0,0,2017-04-17,32519000,15735,22,0,0,0,0,0,0,0,0,15740,18,0,0,0,0,0,0,0,0
211,2017-04-17,09:01:59,0,CF709,XZCE,15740,15715,15800,40844,3211147750,215654,214560,16500,14920,15710,15745,0,15715,0,0,0,2017-04-17,32519000,15735,22,0,0,0,0,0,0,0,0,15740,18,0,0,0,0,0,0,0,0
212,2017-04-17,09:02:00,0,CF709,XZCE,15740,15715,15800,40854,3211934750,215656,214560,16500,14920,15710,15745,0,15715,0,0,0,2017-04-17,32520000,15735,22,0,0,0,0,0,0,0,0,15740,13,0,0,0,0,0,0,0,0
213,2017-04-17,09:02:00,0,CF709,XZCE,15735,15715,15800,40856,3212092100,215658,214560,16500,14920,15710,15745,0,15715,0,0,0,2017-04-17,32520000,15735,21,0,0,0,0,0,0,0,0,15740,17,0,0,0,0,0,0,0,0
214,2017-04-17,09:02:01,0,CF709,XZCE,15735,15715,15800,40858,3212249450,215660,214560,16500,14920,15710,15745,0,15715,0,0,0,2017-04-17,32521000,15735,20,0,0,0,0,0,0,0,0,15740,17,0,0,0,0,0,0,0,0
215,2017-04-17,09:02:02,0,CF709,XZCE,15740,15715,15800,40890,3214767850,215656,214560,16500,14920,15710,15745,0,15715,0,0,0,2017-04-17,32522000,15735,21,0,0,0,0,0,0,0,0,15740,1,0,0,0,0,0,0,0,0
216,2017-04-17,09:02:02,0,CF709,XZCE,15740,15715,15800,40892,3214925250,215656,214560,16500,14920,15710,15745,0,15715,0,0,0,2017-04-17,32522000,15740,9,0,0,0,0,0,0,0,0,15745,13,0,0,0,0,0,0,0,0
217,2017-04-17,09:02:02,0,CF709,XZCE,15740,15715,15800,40892,3214925250,215656,214560,16500,14920,15710,15745,0,15715,0,0,0,2017-04-17,32522000,15740,10,0,0,0,0,0,0,0,0,15745,11,0,0,0,0,0,0,0,0
218,2017-04-17,09:02:03,0,CF709,XZCE,15740,15715,15800,40892,3214925250,215656,214560,16500,14920,15710,15745,0,15715,0,0,0,2017-04-17,32523000,15740,13,0,0,0,0,0,0,0,0,15745,11,0,0,0,0,0,0,0,0
219,2017-04-17,09:02:05,0,CF709,XZCE,15745,15715,15800,40898,3215397600,215656,214560,16500,14920,15710,15745,0,15715,0,0,0,2017-04-17,32525000,15740,13,0,0,0,0,0,0,0,0,15745,9,0,0,0,0,0,0,0,0
220,2017-04-17,09:02:05,0,CF709,XZCE,15745,15715,15800,40900,3215555050,215658,214560,16500,14920,15710,15745,0,15715,0,0,0,2017-04-17,32525000,15740,14,0,0,0,0,0,0,0,0,15745,8,0,0,0,0,0,0,0,0
221,2017-04-17,09:02:05,0,CF709,XZCE,15745,15715,15800,40904,3215869950,215660,214560,16500,14920,15710,15745,0,15715,0,0,0,2017-04-17,32525000,15740,14,0,0,0,0,0,0,0,0,15745,7,0,0,0,0,0,0,0,0
222,2017-04-17,09:02:07,0,CF709,XZCE,15745,15715,15800,40908,3216184850,215660,214560,16500,14920,15710,15745,0,15715,0,0,0,2017-04-17,32527000,15740,14,0,0,0,0,0,0,0,0,15745,5,0,0,0,0,0,0,0,0
223,2017-04-17,09:02:08,0,CF709,XZCE,15745,15715,15800,40910,3216342300,215660,214560,16500,14920,15710,15745,0,15715,0,0,0,2017-04-17,32528000,15740,14,0,0,0,0,0,0,0,0,15745,4,0,0,0,0,0,0,0,0
224,2017-04-17,09:02:09,0,CF709,XZCE,15745,15715,15800,40918,3216972100,215662,214560,16500,14920,15710,15745,0,15715,0,0,0,2017-04-17,32529000,15745,37,0,0,0,0,0,0,0,0,15750,37,0,0,0,0,0,0,0,0
225,2017-04-17,09:02:09,0,CF709,XZCE,15745,15715,15800,40918,3216972100,215662,214560,16500,14920,15710,15745,0,15715,0,0,0,2017-04-17,32529000,15745,38,0,0,0,0,0,0,0,0,15750,38,0,0,0,0,0,0,0,0
226,2017-04-17,09:02:10,0,CF709,XZCE,15745,15715,15800,40918,3216972100,215662,214560,16500,14920,15710,15745,0,15715,0,0,0,2017-04-17,32530000,15745,39,0,0,0,0,0,0,0,0,15750,38,0,0,0,0,0,0,0,0
227,2017-04-17,09:02:10,0,CF709,XZCE,15745,15715,15800,40918,3216972100,215662,214560,16500,14920,15710,15745,0,15715,0,0,0,2017-04-17,32530000,15745,41,0,0,0,0,0,0,0,0,15750,38,0,0,0,0,0,0,0,0
228,2017-04-17,09:02:11,0,CF709,XZCE,15745,15715,15800,40918,3216972100,215662,214560,16500,14920,15710,15745,0,15715,0,0,0,2017-04-17,32531000,15745,41,0,0,0,0,0,0,0,0,15750,34,0,0,0,0,0,0,0,0
229,2017-04-17,09:02:11,0,CF709,XZCE,15745,15715,15800,40958,3220121100,215662,214560,16500,14920,15710,15745,0,15715,0,0,0,2017-04-17,32531000,15745,26,0,0,0,0,0,0,0,0,15750,33,0,0,0,0,0,0,0,0
230,2017-04-17,09:02:11,0,CF709,XZCE,15750,15715,15800,40960,3220278600,215664,214560,16500,14920,15710,15745,0,15715,0,0,0,2017-04-17,32531000,15745,26,0,0,0,0,0,0,0,0,15750,32,0,0,0,0,0,0,0,0
231,2017-04-17,09:02:12,0,CF709,XZCE,15750,15715,15800,40960,3220278600,215664,214560,16500,14920,15710,15745,0,15715,0,0,0,2017-04-17,32532000,15745,26,0,0,0,0,0,0,0,0,15750,33,0,0,0,0,0,0,0,0
232,2017-04-17,09:02:13,0,CF709,XZCE,15750,15715,15800,40982,3222011100,215648,214560,16500,14920,15710,15745,0,15715,0,0,0,2017-04-17,32533000,15745,16,0,0,0,0,0,0,0,0,15750,32,0,0,0,0,0,0,0,0
233,2017-04-17,09:02:13,0,CF709,XZCE,15750,15715,15800,41002,3223586100,215628,214560,16500,14920,15710,15745,0,15715,0,0,0,2017-04-17,32533000,15745,16,0,0,0,0,0,0,0,0,15750,22,0,0,0,0,0,0,0,0
234,2017-04-17,09:02:14,0,CF709,XZCE,15750,15715,15800,41004,3223743600,215626,214560,16500,14920,15710,15745,0,15715,0,0,0,2017-04-17,32534000,15745,16,0,0,0,0,0,0,0,0,15750,21,0,0,0,0,0,0,0,0
235,2017-04-17,09:02:16,0,CF709,XZCE,15735,15715,15800,41078,3229565550,215658,214560,16500,14920,15710,15745,0,15715,0,0,0,2017-04-17,32536000,15735,14,0,0,0,0,0,0,0,0,15750,20,0,0,0,0,0,0,0,0
236,2017-04-17,09:02:16,0,CF709,XZCE,15740,15715,15800,41102,3231454350,215660,214560,16500,14920,15710,15745,0,15715,0,0,0,2017-04-17,32536000,15740,4,0,0,0,0,0,0,0,0,15745,6,0,0,0,0,0,0,0,0
237,2017-04-17,09:02:17,0,CF709,XZCE,15740,15715,15800,41102,3231454350,215660,214560,16500,14920,15710,15745,0,15715,0,0,0,2017-04-17,32537000,15740,4,0,0,0,0,0,0,0,0,15745,7,0,0,0,0,0,0,0,0
238,2017-04-17,09:02:17,0,CF709,XZCE,15740,15715,15800,41102,3231454350,215660,214560,16500,14920,15710,15745,0,15715,0,0,0,2017-04-17,32537000,15740,4,0,0,0,0,0,0,0,0,15745,29,0,0,0,0,0,0,0,0
239,2017-04-17,09:02:17,0,CF709,XZCE,15745,15715,15800,41112,3232241600,215660,214560,16500,14920,15710,15745,0,15715,0,0,0,2017-04-17,32537000,15735,13,0,0,0,0,0,0,0,0,15745,31,0,0,0,0,0,0,0,0
240,2017-04-17,09:02:18,0,CF709,XZCE,15745,15715,15800,41114,3232399050,215660,214560,16500,14920,15710,15745,0,15715,0,0,0,2017-04-17,32538000,15735,13,0,0,0,0,0,0,0,0,15745,30,0,0,0,0,0,0,0,0
241,2017-04-17,09:02:19,0,CF709,XZCE,15735,15715,15800,41116,3232556400,215660,214560,16500,14920,15710,15745,0,15715,0,0,0,2017-04-17,32539000,15735,12,0,0,0,0,0,0,0,0,15745,28,0,0,0,0,0,0,0,0
242,2017-04-17,09:02:19,0,CF709,XZCE,15735,15715,15800,41134,3233972550,215674,214560,16500,14920,15710,15745,0,15715,0,0,0,2017-04-17,32539000,15735,4,0,0,0,0,0,0,0,0,15740,4,0,0,0,0,0,0,0,0
243,2017-04-17,09:02:20,0,CF709,XZCE,15735,15715,15800,41138,3234287250,215674,214560,16500,14920,15710,15745,0,15715,0,0,0,2017-04-17,32540000,15735,4,0,0,0,0,0,0,0,0,15740,7,0,0,0,0,0,0,0,0
244,2017-04-17,09:02:20,0,CF709,XZCE,15740,15715,15800,41142,3234602050,215678,214560,16500,14920,15710,15745,0,15715,0,0,0,2017-04-17,32540000,15735,5,0,0,0,0,0,0,0,0,15740,6,0,0,0,0,0,0,0,0
245,2017-04-17,09:02:21,0,CF709,XZCE,15735,15715,15800,41144,3234759400,215676,214560,16500,14920,15710,15745,0,15715,0,0,0,2017-04-17,32541000,15735,9,0,0,0,0,0,0,0,0,15740,8,0,0,0,0,0,0,0,0
246,2017-04-17,09:02:21,0,CF709,XZCE,15740,15715,15800,41154,3235546400,215676,214560,16500,14920,15710,15745,0,15715,0,0,0,2017-04-17,32541000,15735,11,0,0,0,0,0,0,0,0,15740,7,0,0,0,0,0,0,0,0
247,2017-04-17,09:02:22,0,CF709,XZCE,15740,15715,15800,41156,3235703800,215676,214560,16500,14920,15710,15745,0,15715,0,0,0,2017-04-17,32542000,15735,12,0,0,0,0,0,0,0,0,15740,10,0,0,0,0,0,0,0,0
248,2017-04-17,09:02:22,0,CF709,XZCE,15735,15715,15800,41158,3235861150,215678,214560,16500,14920,15710,15745,0,15715,0,0,0,2017-04-17,32542000,15735,6,0,0,0,0,0,0,0,0,15740,10,0,0,0,0,0,0,0,0
249,2017-04-17,09:02:23,0,CF709,XZCE,15735,15715,15800,41158,3235861150,215678,214560,16500,14920,15710,15745,0,15715,0,0,0,2017-04-17,32543000,15735,6,0,0,0,0,0,0,0,0,15740,11,0,0,0,0,0,0,0,0
250,2017-04-17,09:02:23,0,CF709,XZCE,15735,15715,15800,41160,3236018500,215680,214560,16500,14920,15710,15745,0,15715,0,0,0,2017-04-17,32543000,15735,7,0,0,0,0,0,0,0,0,15740,11,0,0,0,0,0,0,0,0
251,2017-04-17,09:02:23,0,CF709,XZCE,15735,15715,15800,41160,3236018500,215680,214560,16500,14920,15710,15745,0,15715,0,0,0,2017-04-17,32543000,15735,12,0,0,0,0,0,0,0,0,15740,11,0,0,0,0,0,0,0,0
252,2017-04-17,09:02:24,0,CF709,XZCE,15735,15715,15800,41160,3236018500,215680,214560,16500,14920,15710,15745,0,15715,0,0,0,2017-04-17,32544000,15735,12,0,0,0,0,0,0,0,0,15740,16,0,0,0,0,0,0,0,0
253,2017-04-17,09:02:25,0,CF709,XZCE,15735,15715,15800,41168,3236647900,215680,214560,16500,14920,15710,15745,0,15715,0,0,0,2017-04-17,32545000,15735,8,0,0,0,0,0,0,0,0,15740,17,0,0,0,0,0,0,0,0
254,2017-04-17,09:02:27,0,CF709,XZCE,15740,15715,15800,41172,3236962700,215678,214560,16500,14920,15710,15745,0,15715,0,0,0,2017-04-17,32547000,15735,8,0,0,0,0,0,0,0,0,15740,19,0,0,0,0,0,0,0,0
255,2017-04-17,09:02:27,0,CF709,XZCE,15735,15715,15800,41182,3237749450,215680,214560,16500,14920,15710,15745,0,15715,0,0,0,2017-04-17,32547000,15735,3,0,0,0,0,0,0,0,0,15740,21,0,0,0,0,0,0,0,0
256,2017-04-17,09:02:29,0,CF709,XZCE,15740,15715,15800,41208,3239795650,215686,214560,16500,14920,15710,15745,0,15715,0,0,0,2017-04-17,32549000,15730,18,0,0,0,0,0,0,0,0,15740,18,0,0,0,0,0,0,0,0
257,2017-04-17,09:02:29,0,CF709,XZCE,15740,15715,15800,41208,3239795650,215686,214560,16500,14920,15710,15745,0,15715,0,0,0,2017-04-17,32549000,15730,18,0,0,0,0,0,0,0,0,15735,6,0,0,0,0,0,0,0,0
258,2017-04-17,09:02:31,0,CF709,XZCE,15740,15715,15800,41208,3239795650,215686,214560,16500,14920,15710,15745,0,15715,0,0,0,2017-04-17,32551000,15730,18,0,0,0,0,0,0,0,0,15735,9,0,0,0,0,0,0,0,0
259,2017-04-17,09:02:31,0,CF709,XZCE,15735,15715,15800,41210,3239953000,215686,214560,16500,14920,15710,15745,0,15715,0,0,0,2017-04-17,32551000,15730,18,0,0,0,0,0,0,0,0,15735,8,0,0,0,0,0,0,0,0
260,2017-04-17,09:02:31,0,CF709,XZCE,15735,15715,15800,41226,3241211800,215686,214560,16500,14920,15710,15745,0,15715,0,0,0,2017-04-17,32551000,15735,17,0,0,0,0,0,0,0,0,15740,16,0,0,0,0,0,0,0,0
261,2017-04-17,09:02:32,0,CF709,XZCE,15735,15715,15800,41226,3241211800,215686,214560,16500,14920,15710,15745,0,15715,0,0,0,2017-04-17,32552000,15735,21,0,0,0,0,0,0,0,0,15740,16,0,0,0,0,0,0,0,0
262,2017-04-17,09:02:32,0,CF709,XZCE,15735,15715,15800,41230,3241526500,215684,214560,16500,14920,15710,15745,0,15715,0,0,0,2017-04-17,32552000,15735,20,0,0,0,0,0,0,0,0,15740,16,0,0,0,0,0,0,0,0
263,2017-04-17,09:02:33,0,CF709,XZCE,15740,15715,15800,41234,3241841300,215688,214560,16500,14920,15710,15745,0,15715,0,0,0,2017-04-17,32553000,15735,20,0,0,0,0,0,0,0,0,15740,14,0,0,0,0,0,0,0,0
264,2017-04-17,09:02:35,0,CF709,XZCE,15740,15715,15800,41234,3241841300,215688,214560,16500,14920,15710,15745,0,15715,0,0,0,2017-04-17,32555000,15735,5,0,0,0,0,0,0,0,0,15740,14,0,0,0,0,0,0,0,0
265,2017-04-17,09:02:36,0,CF709,XZCE,15740,15715,15800,41238,3242156100,215690,214560,16500,14920,15710,15745,0,15715,0,0,0,2017-04-17,32556000,15735,4,0,0,0,0,0,0,0,0,15740,8,0,0,0,0,0,0,0,0
266,2017-04-17,09:02:37,0,CF709,XZCE,15740,15715,15800,41238,3242156100,215690,214560,16500,14920,15710,15745,0,15715,0,0,0,2017-04-17,32557000,15735,12,0,0,0,0,0,0,0,0,15740,8,0,0,0,0,0,0,0,0
267,2017-04-17,09:02:37,0,CF709,XZCE,15740,15715,15800,41238,3242156100,215690,214560,16500,14920,15710,15745,0,15715,0,0,0,2017-04-17,32557000,15735,7,0,0,0,0,0,0,0,0,15740,8,0,0,0,0,0,0,0,0
268,2017-04-17,09:02:38,0,CF709,XZCE,15740,15715,15800,41244,3242628300,215694,214560,16500,14920,15710,15745,0,15715,0,0,0,2017-04-17,32558000,15735,10,0,0,0,0,0,0,0,0,15740,6,0,0,0,0,0,0,0,0
269,2017-04-17,09:02:38,0,CF709,XZCE,15740,15715,15800,41244,3242628300,215694,214560,16500,14920,15710,15745,0,15715,0,0,0,2017-04-17,32558000,15735,10,0,0,0,0,0,0,0,0,15740,7,0,0,0,0,0,0,0,0
270,2017-04-17,09:02:39,0,CF709,XZCE,15735,15715,15800,41248,3242943000,215694,214560,16500,14920,15710,15745,0,15715,0,0,0,2017-04-17,32559000,15735,8,0,0,0,0,0,0,0,0,15740,7,0,0,0,0,0,0,0,0
271,2017-04-17,09:02:39,0,CF709,XZCE,15740,15715,15800,41250,3243100400,215696,214560,16500,14920,15710,15745,0,15715,0,0,0,2017-04-17,32559000,15735,9,0,0,0,0,0,0,0,0,15740,6,0,0,0,0,0,0,0,0
272,2017-04-17,09:02:40,0,CF709,XZCE,15740,15715,15800,41250,3243100400,215696,214560,16500,14920,15710,15745,0,15715,0,0,0,2017-04-17,32560000,15735,14,0,0,0,0,0,0,0,0,15740,6,0,0,0,0,0,0,0,0
273,2017-04-17,09:02:43,0,CF709,XZCE,15740,15715,15800,41250,3243100400,215696,214560,16500,14920,15710,15745,0,15715,0,0,0,2017-04-17,32563000,15735,15,0,0,0,0,0,0,0,0,15740,6,0,0,0,0,0,0,0,0
274,2017-04-17,09:02:43,0,CF709,XZCE,15740,15715,15800,41250,3243100400,215696,214560,16500,14920,15710,15745,0,15715,0,0,0,2017-04-17,32563000,15735,15,0,0,0,0,0,0,0,0,15740,7,0,0,0,0,0,0,0,0
275,2017-04-17,09:02:43,0,CF709,XZCE,15735,15715,15800,41252,3243257750,215698,214560,16500,14920,15710,15745,0,15715,0,0,0,2017-04-17,32563000,15735,14,0,0,0,0,0,0,0,0,15740,7,0,0,0,0,0,0,0,0
276,2017-04-17,09:02:44,0,CF709,XZCE,15735,15715,15800,41254,3243415100,215700,214560,16500,14920,15710,15745,0,15715,0,0,0,2017-04-17,32564000,15735,13,0,0,0,0,0,0,0,0,15740,7,0,0,0,0,0,0,0,0
277,2017-04-17,09:02:44,0,CF709,XZCE,15740,15715,15800,41256,3243572500,215700,214560,16500,14920,15710,15745,0,15715,0,0,0,2017-04-17,32564000,15735,13,0,0,0,0,0,0,0,0,15740,6,0,0,0,0,0,0,0,0
278,2017-04-17,09:02:47,0,CF709,XZCE,15740,15715,15800,41260,3243887300,215698,214560,16500,14920,15710,15745,0,15715,0,0,0,2017-04-17,32567000,15735,13,0,0,0,0,0,0,0,0,15740,5,0,0,0,0,0,0,0,0
279,2017-04-17,09:02:47,0,CF709,XZCE,15740,15715,15800,41260,3243887300,215698,214560,16500,14920,15710,15745,0,15715,0,0,0,2017-04-17,32567000,15735,13,0,0,0,0,0,0,0,0,15740,6,0,0,0,0,0,0,0,0
280,2017-04-17,09:02:47,0,CF709,XZCE,15740,15715,15800,41260,3243887300,215698,214560,16500,14920,15710,15745,0,15715,0,0,0,2017-04-17,32567000,15735,13,0,0,0,0,0,0,0,0,15740,7,0,0,0,0,0,0,0,0
281,2017-04-17,09:02:49,0,CF709,XZCE,15735,15715,15800,41262,3244044650,215696,214560,16500,14920,15710,15745,0,15715,0,0,0,2017-04-17,32569000,15735,12,0,0,0,0,0,0,0,0,15740,7,0,0,0,0,0,0,0,0
282,2017-04-17,09:02:51,0,CF709,XZCE,15740,15715,15800,41266,3244359450,215696,214560,16500,14920,15710,15745,0,15715,0,0,0,2017-04-17,32571000,15735,14,0,0,0,0,0,0,0,0,15740,5,0,0,0,0,0,0,0,0
283,2017-04-17,09:02:52,0,CF709,XZCE,15740,15715,15800,41268,3244516850,215698,214560,16500,14920,15710,15745,0,15715,0,0,0,2017-04-17,32572000,15735,17,0,0,0,0,0,0,0,0,15740,4,0,0,0,0,0,0,0,0
284,2017-04-17,09:02:52,0,CF709,XZCE,15740,15715,15800,41268,3244516850,215698,214560,16500,14920,15710,15745,0,15715,0,0,0,2017-04-17,32572000,15735,17,0,0,0,0,0,0,0,0,15740,5,0,0,0,0,0,0,0,0
285,2017-04-17,09:02:52,0,CF709,XZCE,15740,15715,15800,41278,3245303850,215698,214560,16500,14920,15710,15745,0,15715,0,0,0,2017-04-17,32572000,15740,20,0,0,0,0,0,0,0,0,15745,53,0,0,0,0,0,0,0,0
286,2017-04-17,09:02:53,0,CF709,XZCE,15740,15715,15800,41278,3245303850,215698,214560,16500,14920,15710,15745,0,15715,0,0,0,2017-04-17,32573000,15740,22,0,0,0,0,0,0,0,0,15745,53,0,0,0,0,0,0,0,0
287,2017-04-17,09:02:53,0,CF709,XZCE,15740,15715,15800,41282,3245618650,215702,214560,16500,14920,15710,15745,0,15715,0,0,0,2017-04-17,32573000,15740,22,0,0,0,0,0,0,0,0,15745,53,0,0,0,0,0,0,0,0
288,2017-04-17,09:02:54,0,CF709,XZCE,15740,15715,15800,41286,3245933450,215704,214560,16500,14920,15710,15745,0,15715,0,0,0,2017-04-17,32574000,15740,20,0,0,0,0,0,0,0,0,15745,53,0,0,0,0,0,0,0,0
289,2017-04-17,09:02:55,0,CF709,XZCE,15740,15715,15800,41288,3246090850,215706,214560,16500,14920,15710,15745,0,15715,0,0,0,2017-04-17,32575000,15740,19,0,0,0,0,0,0,0,0,15745,53,0,0,0,0,0,0,0,0
290,2017-04-17,09:02:56,0,CF709,XZCE,15745,15715,15800,41292,3246405750,215706,214560,16500,14920,15710,15745,0,15715,0,0,0,2017-04-17,32576000,15740,19,0,0,0,0,0,0,0,0,15745,51,0,0,0,0,0,0,0,0
291,2017-04-17,09:02:57,0,CF709,XZCE,15740,15715,15800,41306,3247507550,215720,214560,16500,14920,15710,15745,0,15715,0,0,0,2017-04-17,32577000,15740,12,0,0,0,0,0,0,0,0,15745,51,0,0,0,0,0,0,0,0
292,2017-04-17,09:02:58,0,CF709,XZCE,15745,15715,15800,41332,3249554400,215722,214560,16500,14920,15710,15745,0,15715,0,0,0,2017-04-17,32578000,15740,10,0,0,0,0,0,0,0,0,15745,40,0,0,0,0,0,0,0,0
293,2017-04-17,09:03:00,0,CF709,XZCE,15745,15715,15800,41332,3249554400,215722,214560,16500,14920,15710,15745,0,15715,0,0,0,2017-04-17,32580000,15740,15,0,0,0,0,0,0,0,0,15745,49,0,0,0,0,0,0,0,0
294,2017-04-17,09:03:02,0,CF709,XZCE,15745,15715,15800,41334,3249711850,215724,214560,16500,14920,15710,15745,0,15715,0,0,0,2017-04-17,32582000,15740,15,0,0,0,0,0,0,0,0,15745,48,0,0,0,0,0,0,0,0
295,2017-04-17,09:03:02,0,CF709,XZCE,15745,15715,15800,41334,3249711850,215724,214560,16500,14920,15710,15745,0,15715,0,0,0,2017-04-17,32582000,15740,16,0,0,0,0,0,0,0,0,15745,48,0,0,0,0,0,0,0,0
296,2017-04-17,09:03:03,0,CF709,XZCE,15745,15715,15800,41334,3249711850,215724,214560,16500,14920,15710,15745,0,15715,0,0,0,2017-04-17,32583000,15740,16,0,0,0,0,0,0,0,0,15745,49,0,0,0,0,0,0,0,0
297,2017-04-17,09:03:04,0,CF709,XZCE,15745,15715,15800,41342,3250341650,215724,214560,16500,14920,15710,15745,0,15715,0,0,0,2017-04-17,32584000,15740,16,0,0,0,0,0,0,0,0,15745,45,0,0,0,0,0,0,0,0
298,2017-04-17,09:03:05,0,CF709,XZCE,15745,15715,15800,41342,3250341650,215724,214560,16500,14920,15710,15745,0,15715,0,0,0,2017-04-17,32585000,15740,16,0,0,0,0,0,0,0,0,15745,39,0,0,0,0,0,0,0,0
299,2017-04-17,09:03:07,0,CF709,XZCE,15745,15715,15800,41342,3250341650,215724,214560,16500,14920,15710,15745,0,15715,0,0,0,2017-04-17,32587000,15740,17,0,0,0,0,0,0,0,0,15745,38,0,0,0,0,0,0,0,0
300,2017-04-17,09:03:08,0,CF709,XZCE,15745,15715,15800,41402,3255065150,215734,214560,16500,14920,15710,15745,0,15715,0,0,0,2017-04-17,32588000,15740,17,0,0,0,0,0,0,0,0,15745,8,0,0,0,0,0,0,0,0
301,2017-04-17,09:03:08,0,CF709,XZCE,15745,15715,15800,41410,3255694950,215734,214560,16500,14920,15710,15745,0,15715,0,0,0,2017-04-17,32588000,15740,17,0,0,0,0,0,0,0,0,15745,5,0,0,0,0,0,0,0,0
302,2017-04-17,09:03:09,0,CF709,XZCE,15745,15715,15800,41418,3256324750,215734,214560,16500,14920,15710,15745,0,15715,0,0,0,2017-04-17,32589000,15740,13,0,0,0,0,0,0,0,0,15745,1,0,0,0,0,0,0,0,0
303,2017-04-17,09:03:09,0,CF709,XZCE,15740,15715,15800,41420,3256482150,215736,214560,16500,14920,15710,15745,0,15715,0,0,0,2017-04-17,32589000,15740,15,0,0,0,0,0,0,0,0,15745,1,0,0,0,0,0,0,0,0
304,2017-04-17,09:03:10,0,CF709,XZCE,15740,15715,15800,41420,3256482150,215736,214560,16500,14920,15710,15745,0,15715,0,0,0,2017-04-17,32590000,15740,17,0,0,0,0,0,0,0,0,15745,1,0,0,0,0,0,0,0,0
305,2017-04-17,09:03:11,0,CF709,XZCE,15745,15715,15800,41422,3256639600,215736,214560,16500,14920,15710,15745,0,15715,0,0,0,2017-04-17,32591000,15745,24,0,0,0,0,0,0,0,0,15750,46,0,0,0,0,0,0,0,0
306,2017-04-17,09:03:11,0,CF709,XZCE,15745,15715,15800,41430,3257269400,215744,214560,16500,14920,15710,15745,0,15715,0,0,0,2017-04-17,32591000,15745,20,0,0,0,0,0,0,0,0,15750,46,0,0,0,0,0,0,0,0
307,2017-04-17,09:03:12,0,CF709,XZCE,15745,15715,15800,41434,3257584300,215744,214560,16500,14920,15710,15745,0,15715,0,0,0,2017-04-17,32592000,15745,20,0,0,0,0,0,0,0,0,15750,46,0,0,0,0,0,0,0,0
308,2017-04-17,09:03:13,0,CF709,XZCE,15745,15715,15800,41436,3257741750,215746,214560,16500,14920,15710,15745,0,15715,0,0,0,2017-04-17,32593000,15745,20,0,0,0,0,0,0,0,0,15750,46,0,0,0,0,0,0,0,0
309,2017-04-17,09:03:14,0,CF709,XZCE,15745,15715,15800,41436,3257741750,215746,214560,16500,14920,15710,15745,0,15715,0,0,0,2017-04-17,32594000,15745,22,0,0,0,0,0,0,0,0,15750,46,0,0,0,0,0,0,0,0
310,2017-04-17,09:03:14,0,CF709,XZCE,15745,15715,15800,41436,3257741750,215746,214560,16500,14920,15710,15745,0,15715,0,0,0,2017-04-17,32594000,15745,27,0,0,0,0,0,0,0,0,15750,46,0,0,0,0,0,0,0,0
311,2017-04-17,09:03:14,0,CF709,XZCE,15745,15715,15800,41438,3257899200,215748,214560,16500,14920,15710,15745,0,15715,0,0,0,2017-04-17,32594000,15745,26,0,0,0,0,0,0,0,0,15750,46,0,0,0,0,0,0,0,0
312,2017-04-17,09:03:16,0,CF709,XZCE,15750,15715,15800,41448,3258686700,215756,214560,16500,14920,15710,15745,0,15715,0,0,0,2017-04-17,32596000,15745,22,0,0,0,0,0,0,0,0,15750,45,0,0,0,0,0,0,0,0
313,2017-04-17,09:03:16,0,CF709,XZCE,15750,15715,15800,41470,3260419200,215776,214560,16500,14920,15710,15745,0,15715,0,0,0,2017-04-17,32596000,15745,12,0,0,0,0,0,0,0,0,15750,44,0,0,0,0,0,0,0,0
314,2017-04-17,09:03:16,0,CF709,XZCE,15750,15715,15800,41472,3260576700,215774,214560,16500,14920,15710,15745,0,15715,0,0,0,2017-04-17,32596000,15745,12,0,0,0,0,0,0,0,0,15750,43,0,0,0,0,0,0,0,0
315,2017-04-17,09:03:18,0,CF709,XZCE,15745,15715,15800,41478,3261049050,215780,214560,16500,14920,15710,15745,0,15715,0,0,0,2017-04-17,32598000,15745,7,0,0,0,0,0,0,0,0,15750,43,0,0,0,0,0,0,0,0
316,2017-04-17,09:03:18,0,CF709,XZCE,15750,15715,15800,41480,3261206550,215778,214560,16500,14920,15710,15745,0,15715,0,0,0,2017-04-17,32598000,15745,8,0,0,0,0,0,0,0,0,15750,43,0,0,0,0,0,0,0,0
317,2017-04-17,09:03:18,0,CF709,XZCE,15745,15715,15800,41484,3261521450,215780,214560,16500,14920,15710,15745,0,15715,0,0,0,2017-04-17,32598000,15745,6,0,0,0,0,0,0,0,0,15750,43,0,0,0,0,0,0,0,0
318,2017-04-17,09:03:20,0,CF709,XZCE,15745,15715,15800,41490,3261993800,215784,214560,16500,14920,15710,15745,0,15715,0,0,0,2017-04-17,32600000,15745,3,0,0,0,0,0,0,0,0,15750,43,0,0,0,0,0,0,0,0
319,2017-04-17,09:03:21,0,CF709,XZCE,15750,15715,15800,41492,3262151300,215782,214560,16500,14920,15710,15745,0,15715,0,0,0,2017-04-17,32601000,15745,3,0,0,0,0,0,0,0,0,15750,42,0,0,0,0,0,0,0,0
320,2017-04-17,09:03:22,0,CF709,XZCE,15745,15715,15800,41494,3262308750,215782,214560,16500,14920,15710,15745,0,15715,0,0,0,2017-04-17,32602000,15745,7,0,0,0,0,0,0,0,0,15750,46,0,0,0,0,0,0,0,0
321,2017-04-17,09:03:22,0,CF709,XZCE,15750,15715,15800,41500,3262781250,215778,214560,16500,14920,15710,15745,0,15715,0,0,0,2017-04-17,32602000,15745,7,0,0,0,0,0,0,0,0,15750,43,0,0,0,0,0,0,0,0
322,2017-04-17,09:03:23,0,CF709,XZCE,15750,15715,15800,41500,3262781250,215778,214560,16500,14920,15710,15745,0,15715,0,0,0,2017-04-17,32603000,15745,8,0,0,0,0,0,0,0,0,15750,43,0,0,0,0,0,0,0,0
323,2017-04-17,09:03:23,0,CF709,XZCE,15750,15715,15800,41500,3262781250,215778,214560,16500,14920,15710,15745,0,15715,0,0,0,2017-04-17,32603000,15745,4,0,0,0,0,0,0,0,0,15750,43,0,0,0,0,0,0,0,0
324,2017-04-17,09:03:23,0,CF709,XZCE,15745,15715,15800,41502,3262938700,215780,214560,16500,14920,15710,15745,0,15715,0,0,0,2017-04-17,32603000,15745,3,0,0,0,0,0,0,0,0,15750,51,0,0,0,0,0,0,0,0
325,2017-04-17,09:03:26,0,CF709,XZCE,15745,15715,15800,41504,3263096150,215780,214560,16500,14920,15710,15745,0,15715,0,0,0,2017-04-17,32606000,15745,2,0,0,0,0,0,0,0,0,15750,51,0,0,0,0,0,0,0,0
326,2017-04-17,09:03:26,0,CF709,XZCE,15750,15715,15800,41506,3263253650,215780,214560,16500,14920,15710,15745,0,15715,0,0,0,2017-04-17,32606000,15745,2,0,0,0,0,0,0,0,0,15750,50,0,0,0,0,0,0,0,0
327,2017-04-17,09:03:27,0,CF709,XZCE,15750,15715,15800,41508,3263411150,215780,214560,16500,14920,15710,15745,0,15715,0,0,0,2017-04-17,32607000,15745,2,0,0,0,0,0,0,0,0,15750,49,0,0,0,0,0,0,0,0
328,2017-04-17,09:03:28,0,CF709,XZCE,15750,15715,15800,41508,3263411150,215780,214560,16500,14920,15710,15745,0,15715,0,0,0,2017-04-17,32608000,15745,7,0,0,0,0,0,0,0,0,15750,49,0,0,0,0,0,0,0,0
329,2017-04-17,09:03:31,0,CF709,XZCE,15750,15715,15800,41510,3263568650,215778,214560,16500,14920,15710,15745,0,15715,0,0,0,2017-04-17,32611000,15745,8,0,0,0,0,0,0,0,0,15750,48,0,0,0,0,0,0,0,0
330,2017-04-17,09:03:32,0,CF709,XZCE,15745,15715,15800,41528,3264985700,215794,214560,16500,14920,15710,15745,0,15715,0,0,0,2017-04-17,32612000,15740,27,0,0,0,0,0,0,0,0,15745,71,0,0,0,0,0,0,0,0
331,2017-04-17,09:03:32,0,CF709,XZCE,15745,15715,15800,41528,3264985700,215794,214560,16500,14920,15710,15745,0,15715,0,0,0,2017-04-17,32612000,15740,27,0,0,0,0,0,0,0,0,15745,72,0,0,0,0,0,0,0,0
332,2017-04-17,09:03:33,0,CF709,XZCE,15745,15715,15800,41528,3264985700,215794,214560,16500,14920,15710,15745,0,15715,0,0,0,2017-04-17,32613000,15740,27,0,0,0,0,0,0,0,0,15745,73,0,0,0,0,0,0,0,0
333,2017-04-17,09:03:33,0,CF709,XZCE,15745,15715,15800,41530,3265143150,215794,214560,16500,14920,15710,15745,0,15715,0,0,0,2017-04-17,32613000,15740,24,0,0,0,0,0,0,0,0,15745,72,0,0,0,0,0,0,0,0
334,2017-04-17,09:03:34,0,CF709,XZCE,15745,15715,15800,41530,3265143150,215794,214560,16500,14920,15710,15745,0,15715,0,0,0,2017-04-17,32614000,15740,20,0,0,0,0,0,0,0,0,15745,72,0,0,0,0,0,0,0,0
335,2017-04-17,09:03:36,0,CF709,XZCE,15745,15715,15800,41532,3265300600,215794,214560,16500,14920,15710,15745,0,15715,0,0,0,2017-04-17,32616000,15740,20,0,0,0,0,0,0,0,0,15745,71,0,0,0,0,0,0,0,0
336,2017-04-17,09:03:36,0,CF709,XZCE,15740,15715,15800,41538,3265772800,215798,214560,16500,14920,15710,15745,0,15715,0,0,0,2017-04-17,32616000,15740,17,0,0,0,0,0,0,0,0,15745,71,0,0,0,0,0,0,0,0
337,2017-04-17,09:03:37,0,CF709,XZCE,15745,15715,15800,41544,3266245150,215800,214560,16500,14920,15710,15745,0,15715,0,0,0,2017-04-17,32617000,15740,17,0,0,0,0,0,0,0,0,15745,68,0,0,0,0,0,0,0,0
338,2017-04-17,09:03:37,0,CF709,XZCE,15740,15715,15800,41564,3267819150,215810,214560,16500,14920,15710,15745,0,15715,0,0,0,2017-04-17,32617000,15740,7,0,0,0,0,0,0,0,0,15745,68,0,0,0,0,0,0,0,0
339,2017-04-17,09:03:38,0,CF709,XZCE,15745,15715,15800,41582,3269236200,215822,214560,16500,14920,15710,15745,0,15715,0,0,0,2017-04-17,32618000,15740,2,0,0,0,0,0,0,0,0,15745,64,0,0,0,0,0,0,0,0
340,2017-04-17,09:03:39,0,CF709,XZCE,15740,15715,15800,41586,3269551000,215824,214560,16500,14920,15710,15745,0,15715,0,0,0,2017-04-17,32619000,15735,20,0,0,0,0,0,0,0,0,15740,7,0,0,0,0,0,0,0,0
341,2017-04-17,09:03:39,0,CF709,XZCE,15740,15715,15800,41586,3269551000,215824,214560,16500,14920,15710,15745,0,15715,0,0,0,2017-04-17,32619000,15735,20,0,0,0,0,0,0,0,0,15740,23,0,0,0,0,0,0,0,0
342,2017-04-17,09:03:40,0,CF709,XZCE,15740,15715,15800,41586,3269551000,215824,214560,16500,14920,15710,15745,0,15715,0,0,0,2017-04-17,32620000,15735,20,0,0,0,0,0,0,0,0,15740,24,0,0,0,0,0,0,0,0
343,2017-04-17,09:03:40,0,CF709,XZCE,15740,15715,15800,41586,3269551000,215824,214560,16500,14920,15710,15745,0,15715,0,0,0,2017-04-17,32620000,15735,17,0,0,0,0,0,0,0,0,15740,27,0,0,0,0,0,0,0,0
344,2017-04-17,09:03:41,0,CF709,XZCE,15735,15715,15800,41590,3269865700,215822,214560,16500,14920,15710,15745,0,15715,0,0,0,2017-04-17,32621000,15735,15,0,0,0,0,0,0,0,0,15740,26,0,0,0,0,0,0,0,0
345,2017-04-17,09:03:42,0,CF709,XZCE,15740,15715,15800,41592,3270023100,215822,214560,16500,14920,15710,15745,0,15715,0,0,0,2017-04-17,32622000,15735,15,0,0,0,0,0,0,0,0,15740,25,0,0,0,0,0,0,0,0
346,2017-04-17,09:03:43,0,CF709,XZCE,15735,15715,15800,41610,3271439250,215814,214560,16500,14920,15710,15745,0,15715,0,0,0,2017-04-17,32623000,15735,9,0,0,0,0,0,0,0,0,15740,36,0,0,0,0,0,0,0,0
347,2017-04-17,09:03:44,0,CF709,XZCE,15735,15715,15800,41632,3273170100,215822,214560,16500,14920,15710,15745,0,15715,0,0,0,2017-04-17,32624000,15730,35,0,0,0,0,0,0,0,0,15735,62,0,0,0,0,0,0,0,0
348,2017-04-17,09:03:44,0,CF709,XZCE,15735,15715,15800,41632,3273170100,215822,214560,16500,14920,15710,15745,0,15715,0,0,0,2017-04-17,32624000,15730,35,0,0,0,0,0,0,0,0,15735,64,0,0,0,0,0,0,0,0
349,2017-04-17,09:03:45,0,CF709,XZCE,15730,15715,15800,41662,3275529600,215824,214560,16500,14920,15710,15745,0,15715,0,0,0,2017-04-17,32625000,15730,21,0,0,0,0,0,0,0,0,15735,69,0,0,0,0,0,0,0,0
350,2017-04-17,09:03:46,0,CF709,XZCE,15730,15715,15800,41662,3275529600,215824,214560,16500,14920,15710,15745,0,15715,0,0,0,2017-04-17,32626000,15730,17,0,0,0,0,0,0,0,0,15735,69,0,0,0,0,0,0,0,0
351,2017-04-17,09:03:47,0,CF709,XZCE,15730,15715,15800,41662,3275529600,215824,214560,16500,14920,15710,15745,0,15715,0,0,0,2017-04-17,32627000,15730,18,0,0,0,0,0,0,0,0,15735,67,0,0,0,0,0,0,0,0
352,2017-04-17,09:03:47,0,CF709,XZCE,15735,15715,15800,41668,3276001650,215822,214560,16500,14920,15710,15745,0,15715,0,0,0,2017-04-17,32627000,15730,17,0,0,0,0,0,0,0,0,15735,65,0,0,0,0,0,0,0,0
353,2017-04-17,09:03:47,0,CF709,XZCE,15735,15715,15800,41668,3276001650,215822,214560,16500,14920,15710,15745,0,15715,0,0,0,2017-04-17,32627000,15730,22,0,0,0,0,0,0,0,0,15735,65,0,0,0,0,0,0,0,0
354,2017-04-17,09:03:49,0,CF709,XZCE,15730,15715,15800,41672,3276316250,215822,214560,16500,14920,15710,15745,0,15715,0,0,0,2017-04-17,32629000,15730,21,0,0,0,0,0,0,0,0,15735,64,0,0,0,0,0,0,0,0
355,2017-04-17,09:03:49,0,CF709,XZCE,15735,15715,15800,41680,3276945650,215820,214560,16500,14920,15710,15745,0,15715,0,0,0,2017-04-17,32629000,15730,18,0,0,0,0,0,0,0,0,15735,62,0,0,0,0,0,0,0,0
356,2017-04-17,09:03:50,0,CF709,XZCE,15730,15715,15800,41682,3277102950,215820,214560,16500,14920,15710,15745,0,15715,0,0,0,2017-04-17,32630000,15730,17,0,0,0,0,0,0,0,0,15735,62,0,0,0,0,0,0,0,0
357,2017-04-17,09:03:50,0,CF709,XZCE,15730,15715,15800,41692,3277889450,215824,214560,16500,14920,15710,15745,0,15715,0,0,0,2017-04-17,32630000,15730,12,0,0,0,0,0,0,0,0,15735,62,0,0,0,0,0,0,0,0
358,2017-04-17,09:03:51,0,CF709,XZCE,15730,15715,15800,41718,3279934350,215840,214560,16500,14920,15710,15745,0,15715,0,0,0,2017-04-17,32631000,15725,26,0,0,0,0,0,0,0,0,15730,24,0,0,0,0,0,0,0,0
359,2017-04-17,09:03:51,0,CF709,XZCE,15730,15715,15800,41718,3279934350,215840,214560,16500,14920,15710,15745,0,15715,0,0,0,2017-04-17,32631000,15725,26,0,0,0,0,0,0,0,0,15730,25,0,0,0,0,0,0,0,0
360,2017-04-17,09:03:53,0,CF709,XZCE,15730,15715,15800,41722,3280248950,215842,214560,16500,14920,15710,15745,0,15715,0,0,0,2017-04-17,32633000,15725,26,0,0,0,0,0,0,0,0,15730,24,0,0,0,0,0,0,0,0
361,2017-04-17,09:03:53,0,CF709,XZCE,15725,15715,15800,41736,3281349700,215830,214560,16500,14920,15710,15745,0,15715,0,0,0,2017-04-17,32633000,15725,17,0,0,0,0,0,0,0,0,15730,24,0,0,0,0,0,0,0,0
362,2017-04-17,09:03:54,0,CF709,XZCE,15730,15715,15800,41740,3281664300,215828,214560,16500,14920,15710,15745,0,15715,0,0,0,2017-04-17,32634000,15725,17,0,0,0,0,0,0,0,0,15730,22,0,0,0,0,0,0,0,0
363,2017-04-17,09:03:54,0,CF709,XZCE,15725,15715,15800,41756,3282922300,215828,214560,16500,14920,15710,15745,0,15715,0,0,0,2017-04-17,32634000,15725,11,0,0,0,0,0,0,0,0,15730,19,0,0,0,0,0,0,0,0
364,2017-04-17,09:03:55,0,CF709,XZCE,15730,15715,15800,41760,3283236900,215824,214560,16500,14920,15710,15745,0,15715,0,0,0,2017-04-17,32635000,15725,11,0,0,0,0,0,0,0,0,15730,17,0,0,0,0,0,0,0,0
365,2017-04-17,09:03:56,0,CF709,XZCE,15725,15715,15800,41814,3287482650,215832,214560,16500,14920,15710,15745,0,15715,0,0,0,2017-04-17,32636000,15725,26,0,0,0,0,0,0,0,0,15730,15,0,0,0,0,0,0,0,0
366,2017-04-17,09:03:56,0,CF709,XZCE,15725,15715,15800,41840,3289526900,215832,214560,16500,14920,15710,15745,0,15715,0,0,0,2017-04-17,32636000,15725,7,0,0,0,0,0,0,0,0,15730,8,0,0,0,0,0,0,0,0
367,2017-04-17,09:03:57,0,CF709,XZCE,15730,15715,15800,41844,3289841500,215832,214560,16500,14920,15710,15745,0,15715,0,0,0,2017-04-17,32637000,15725,5,0,0,0,0,0,0,0,0,15730,6,0,0,0,0,0,0,0,0
368,2017-04-17,09:03:57,0,CF709,XZCE,15730,15715,15800,41844,3289841500,215832,214560,16500,14920,15710,15745,0,15715,0,0,0,2017-04-17,32637000,15725,10,0,0,0,0,0,0,0,0,15730,8,0,0,0,0,0,0,0,0
369,2017-04-17,09:03:58,0,CF709,XZCE,15730,15715,15800,41850,3290313400,215832,214560,16500,14920,15710,15745,0,15715,0,0,0,2017-04-17,32638000,15725,9,0,0,0,0,0,0,0,0,15730,6,0,0,0,0,0,0,0,0
370,2017-04-17,09:03:58,0,CF709,XZCE,15730,15715,15800,41854,3290628000,215832,214560,16500,14920,15710,15745,0,15715,0,0,0,2017-04-17,32638000,15725,9,0,0,0,0,0,0,0,0,15730,4,0,0,0,0,0,0,0,0
371,2017-04-17,09:03:59,0,CF709,XZCE,15730,15715,15800,41890,3293459400,215840,214560,16500,14920,15710,15745,0,15715,0,0,0,2017-04-17,32639000,15730,2,0,0,0,0,0,0,0,0,15735,50,0,0,0,0,0,0,0,0
372,2017-04-17,09:03:59,0,CF709,XZCE,15725,15715,15800,41926,3296289900,215850,214560,16500,14920,15710,15745,0,15715,0,0,0,2017-04-17,32639000,15720,63,0,0,0,0,0,0,0,0,15725,47,0,0,0,0,0,0,0,0
373,2017-04-17,09:04:00,0,CF709,XZCE,15720,15715,15800,41952,3298333500,215860,214560,16500,14920,15710,15745,0,15715,0,0,0,2017-04-17,32640000,15720,51,0,0,0,0,0,0,0,0,15725,49,0,0,0,0,0,0,0,0
374,2017-04-17,09:04:00,0,CF709,XZCE,15720,15715,15800,41998,3301949100,215824,214560,16500,14920,15710,15745,0,15715,0,0,0,2017-04-17,32640000,15720,32,0,0,0,0,0,0,0,0,15725,55,0,0,0,0,0,0,0,0
375,2017-04-17,09:04:01,0,CF709,XZCE,15720,15715,15800,42072,3307765500,215840,214560,16500,14920,15710,15745,0,15715,0,0,0,2017-04-17,32641000,15715,47,0,0,0,0,0,0,0,0,15720,8,0,0,0,0,0,0,0,0
376,2017-04-17,09:04:01,0,CF709,XZCE,15720,15715,15800,42092,3309337500,215844,214560,16500,14920,15710,15745,0,15715,0,0,0,2017-04-17,32641000,15715,48,0,0,0,0,0,0,0,0,15725,50,0,0,0,0,0,0,0,0
377,2017-04-17,09:04:02,0,CF709,XZCE,15720,15715,15800,42092,3309337500,215844,214560,16500,14920,15710,15745,0,15715,0,0,0,2017-04-17,32642000,15720,21,0,0,0,0,0,0,0,0,15725,50,0,0,0,0,0,0,0,0
378,2017-04-17,09:04:02,0,CF709,XZCE,15720,15715,15800,42104,3310280700,215848,214560,16500,14920,15710,15745,0,15715,0,0,0,2017-04-17,32642000,15720,18,0,0,0,0,0,0,0,0,15725,48,0,0,0,0,0,0,0,0
379,2017-04-17,09:04:03,0,CF709,XZCE,15720,15715,15800,42104,3310280700,215848,214560,16500,14920,15710,15745,0,15715,0,0,0,2017-04-17,32643000,15720,18,0,0,0,0,0,0,0,0,15725,49,0,0,0,0,0,0,0,0
380,2017-04-17,09:04:03,0,CF709,XZCE,15720,15715,15800,42114,3311066700,215858,214560,16500,14920,15710,15745,0,15715,0,0,0,2017-04-17,32643000,15720,13,0,0,0,0,0,0,0,0,15725,49,0,0,0,0,0,0,0,0
381,2017-04-17,09:04:04,0,CF709,XZCE,15720,15715,15800,42114,3311066700,215858,214560,16500,14920,15710,15745,0,15715,0,0,0,2017-04-17,32644000,15720,14,0,0,0,0,0,0,0,0,15725,49,0,0,0,0,0,0,0,0
382,2017-04-17,09:04:04,0,CF709,XZCE,15720,15715,15800,42118,3311381100,215862,214560,16500,14920,15710,15745,0,15715,0,0,0,2017-04-17,32644000,15720,12,0,0,0,0,0,0,0,0,15725,49,0,0,0,0,0,0,0,0
383,2017-04-17,09:04:05,0,CF709,XZCE,15720,15715,15800,42142,3313267500,215866,214560,16500,14920,15710,15745,0,15715,0,0,0,2017-04-17,32645000,15720,1,0,0,0,0,0,0,0,0,15725,48,0,0,0,0,0,0,0,0
384,2017-04-17,09:04:06,0,CF709,XZCE,15725,15715,15800,42196,3317513250,215876,214560,16500,14920,15710,15745,0,15715,0,0,0,2017-04-17,32646000,15720,29,0,0,0,0,0,0,0,0,15725,23,0,0,0,0,0,0,0,0
385,2017-04-17,09:04:06,0,CF709,XZCE,15725,15715,15800,42246,3321444500,215908,214560,16500,14920,15710,15745,0,15715,0,0,0,2017-04-17,32646000,15725,4,0,0,0,0,0,0,0,0,15730,4,0,0,0,0,0,0,0,0
386,2017-04-17,09:04:07,0,CF709,XZCE,15725,15715,15800,42246,3321444500,215908,214560,16500,14920,15710,15745,0,15715,0,0,0,2017-04-17,32647000,15725,21,0,0,0,0,0,0,0,0,15730,9,0,0,0,0,0,0,0,0
387,2017-04-17,09:04:07,0,CF709,XZCE,15730,15715,15800,42282,3324275900,215878,214560,16500,14920,15710,15745,0,15715,0,0,0,2017-04-17,32647000,15730,23,0,0,0,0,0,0,0,0,15735,32,0,0,0,0,0,0,0,0
388,2017-04-17,09:04:09,0,CF709,XZCE,15730,15715,15800,42284,3324433200,215878,214560,16500,14920,15710,15745,0,15715,0,0,0,2017-04-17,32649000,15730,22,0,0,0,0,0,0,0,0,15735,32,0,0,0,0,0,0,0,0
389,2017-04-17,09:04:10,0,CF709,XZCE,15735,15715,15800,42326,3327737550,215904,214560,16500,14920,15710,15745,0,15715,0,0,0,2017-04-17,32650000,15730,21,0,0,0,0,0,0,0,0,15735,12,0,0,0,0,0,0,0,0
390,2017-04-17,09:04:10,0,CF709,XZCE,15735,15715,15800,42352,3329783100,215912,214560,16500,14920,15710,15745,0,15715,0,0,0,2017-04-17,32650000,15735,10,0,0,0,0,0,0,0,0,15740,11,0,0,0,0,0,0,0,0
391,2017-04-17,09:04:11,0,CF709,XZCE,15735,15715,15800,42352,3329783100,215912,214560,16500,14920,15710,15745,0,15715,0,0,0,2017-04-17,32651000,15735,11,0,0,0,0,0,0,0,0,15740,11,0,0,0,0,0,0,0,0
392,2017-04-17,09:04:11,0,CF709,XZCE,15735,15715,15800,42354,3329940450,215910,214560,16500,14920,15710,15745,0,15715,0,0,0,2017-04-17,32651000,15735,30,0,0,0,0,0,0,0,0,15740,11,0,0,0,0,0,0,0,0
393,2017-04-17,09:04:12,0,CF709,XZCE,15735,15715,15800,42380,3331986000,215926,214560,16500,14920,15710,15745,0,15715,0,0,0,2017-04-17,32652000,15735,29,0,0,0,0,0,0,0,0,15740,6,0,0,0,0,0,0,0,0
394,2017-04-17,09:04:12,0,CF709,XZCE,15745,15715,15800,42402,3333717950,215914,214560,16500,14920,15710,15745,0,15715,0,0,0,2017-04-17,32652000,15740,2,0,0,0,0,0,0,0,0,15745,11,0,0,0,0,0,0,0,0
395,2017-04-17,09:04:13,0,CF709,XZCE,15740,15715,15800,42420,3335134550,215900,214560,16500,14920,15710,15745,0,15715,0,0,0,2017-04-17,32653000,15735,22,0,0,0,0,0,0,0,0,15745,11,0,0,0,0,0,0,0,0
396,2017-04-17,09:04:13,0,CF709,XZCE,15735,15715,15800,42428,3335763950,215896,214560,16500,14920,15710,15745,0,15715,0,0,0,2017-04-17,32653000,15735,18,0,0,0,0,0,0,0,0,15745,27,0,0,0,0,0,0,0,0
397,2017-04-17,09:04:14,0,CF709,XZCE,15735,15715,15800,42428,3335763950,215896,214560,16500,14920,15710,15745,0,15715,0,0,0,2017-04-17,32654000,15735,18,0,0,0,0,0,0,0,0,15740,35,0,0,0,0,0,0,0,0
398,2017-04-17,09:04:15,0,CF709,XZCE,15735,15715,15800,42428,3335763950,215896,214560,16500,14920,15710,15745,0,15715,0,0,0,2017-04-17,32655000,15735,18,0,0,0,0,0,0,0,0,15740,56,0,0,0,0,0,0,0,0
399,2017-04-17,09:04:16,0,CF709,XZCE,15735,15715,15800,42432,3336078650,215894,214560,16500,14920,15710,15745,0,15715,0,0,0,2017-04-17,32656000,15735,16,0,0,0,0,0,0,0,0,15740,57,0,0,0,0,0,0,0,0
400,2017-04-17,09:04:16,0,CF709,XZCE,15735,15715,15800,42432,3336078650,215894,214560,16500,14920,15710,15745,0,15715,0,0,0,2017-04-17,32656000,15735,16,0,0,0,0,0,0,0,0,15740,56,0,0,0,0,0,0,0,0
401,2017-04-17,09:04:17,0,CF709,XZCE,15735,15715,15800,42438,3336550700,215894,214560,16500,14920,15710,15745,0,15715,0,0,0,2017-04-17,32657000,15735,13,0,0,0,0,0,0,0,0,15740,56,0,0,0,0,0,0,0,0
402,2017-04-17,09:04:17,0,CF709,XZCE,15740,15715,15800,42440,3336708100,215892,214560,16500,14920,15710,15745,0,15715,0,0,0,2017-04-17,32657000,15735,13,0,0,0,0,0,0,0,0,15740,55,0,0,0,0,0,0,0,0
403,2017-04-17,09:04:18,0,CF709,XZCE,15740,15715,15800,42440,3336708100,215892,214560,16500,14920,15710,15745,0,15715,0,0,0,2017-04-17,32658000,15735,14,0,0,0,0,0,0,0,0,15740,55,0,0,0,0,0,0,0,0
404,2017-04-17,09:04:19,0,CF709,XZCE,15740,15715,15800,42440,3336708100,215892,214560,16500,14920,15710,15745,0,15715,0,0,0,2017-04-17,32659000,15735,15,0,0,0,0,0,0,0,0,15740,23,0,0,0,0,0,0,0,0
405,2017-04-17,09:04:22,0,CF709,XZCE,15740,15715,15800,42440,3336708100,215892,214560,16500,14920,15710,15745,0,15715,0,0,0,2017-04-17,32662000,15735,15,0,0,0,0,0,0,0,0,15740,24,0,0,0,0,0,0,0,0
406,2017-04-17,09:04:22,0,CF709,XZCE,15740,15715,15800,42442,3336865500,215894,214560,16500,14920,15710,15745,0,15715,0,0,0,2017-04-17,32662000,15735,16,0,0,0,0,0,0,0,0,15740,23,0,0,0,0,0,0,0,0
407,2017-04-17,09:04:22,0,CF709,XZCE,15740,15715,15800,42442,3336865500,215894,214560,16500,14920,15710,15745,0,15715,0,0,0,2017-04-17,32662000,15735,16,0,0,0,0,0,0,0,0,15740,26,0,0,0,0,0,0,0,0
408,2017-04-17,09:04:24,0,CF709,XZCE,15740,15715,15800,42448,3337337700,215900,214560,16500,14920,15710,15745,0,15715,0,0,0,2017-04-17,32664000,15735,16,0,0,0,0,0,0,0,0,15740,24,0,0,0,0,0,0,0,0
409,2017-04-17,09:04:24,0,CF709,XZCE,15735,15715,15800,42452,3337652400,215900,214560,16500,14920,15710,15745,0,15715,0,0,0,2017-04-17,32664000,15735,14,0,0,0,0,0,0,0,0,15740,24,0,0,0,0,0,0,0,0
410,2017-04-17,09:04:25,0,CF709,XZCE,15735,15715,15800,42452,3337652400,215900,214560,16500,14920,15710,15745,0,15715,0,0,0,2017-04-17,32665000,15735,15,0,0,0,0,0,0,0,0,15740,24,0,0,0,0,0,0,0,0
411,2017-04-17,09:04:25,0,CF709,XZCE,15735,15715,15800,42466,3338753850,215900,214560,16500,14920,15710,15745,0,15715,0,0,0,2017-04-17,32665000,15735,5,0,0,0,0,0,0,0,0,15740,24,0,0,0,0,0,0,0,0
412,2017-04-17,09:04:26,0,CF709,XZCE,15735,15715,15800,42466,3338753850,215900,214560,16500,14920,15710,15745,0,15715,0,0,0,2017-04-17,32666000,15735,6,0,0,0,0,0,0,0,0,15740,24,0,0,0,0,0,0,0,0
413,2017-04-17,09:04:26,0,CF709,XZCE,15735,15715,15800,42466,3338753850,215900,214560,16500,14920,15710,15745,0,15715,0,0,0,2017-04-17,32666000,15735,6,0,0,0,0,0,0,0,0,15740,25,0,0,0,0,0,0,0,0
414,2017-04-17,09:04:28,0,CF709,XZCE,15740,15715,15800,42494,3340957450,215928,214560,16500,14920,15710,15745,0,15715,0,0,0,2017-04-17,32668000,15735,6,0,0,0,0,0,0,0,0,15740,11,0,0,0,0,0,0,0,0
415,2017-04-17,09:04:28,0,CF709,XZCE,15735,15715,15800,42512,3342373600,215920,214560,16500,14920,15710,15745,0,15715,0,0,0,2017-04-17,32668000,15730,35,0,0,0,0,0,0,0,0,15735,25,0,0,0,0,0,0,0,0
416,2017-04-17,09:04:29,0,CF709,XZCE,15730,15715,15800,42514,3342530900,215922,214560,16500,14920,15710,15745,0,15715,0,0,0,2017-04-17,32669000,15730,35,0,0,0,0,0,0,0,0,15735,26,0,0,0,0,0,0,0,0
417,2017-04-17,09:04:29,0,CF709,XZCE,15730,15715,15800,42514,3342530900,215922,214560,16500,14920,15710,15745,0,15715,0,0,0,2017-04-17,32669000,15730,29,0,0,0,0,0,0,0,0,15735,32,0,0,0,0,0,0,0,0
418,2017-04-17,09:04:31,0,CF709,XZCE,15735,15715,15800,42516,3342688250,215922,214560,16500,14920,15710,15745,0,15715,0,0,0,2017-04-17,32671000,15730,29,0,0,0,0,0,0,0,0,15735,31,0,0,0,0,0,0,0,0
419,2017-04-17,09:04:31,0,CF709,XZCE,15735,15715,15800,42570,3346936700,215930,214560,16500,14920,15710,15745,0,15715,0,0,0,2017-04-17,32671000,15730,23,0,0,0,0,0,0,0,0,15735,11,0,0,0,0,0,0,0,0
420,2017-04-17,09:04:32,0,CF709,XZCE,15735,15715,15800,42570,3346936700,215930,214560,16500,14920,15710,15745,0,15715,0,0,0,2017-04-17,32672000,15730,26,0,0,0,0,0,0,0,0,15735,11,0,0,0,0,0,0,0,0
421,2017-04-17,09:04:32,0,CF709,XZCE,15735,15715,15800,42584,3348038150,215918,214560,16500,14920,15710,15745,0,15715,0,0,0,2017-04-17,32672000,15730,29,0,0,0,0,0,0,0,0,15735,4,0,0,0,0,0,0,0,0
422,2017-04-17,09:04:33,0,CF709,XZCE,15735,15715,15800,42584,3348038150,215918,214560,16500,14920,15710,15745,0,15715,0,0,0,2017-04-17,32673000,15730,30,0,0,0,0,0,0,0,0,15735,4,0,0,0,0,0,0,0,0
423,2017-04-17,09:04:34,0,CF709,XZCE,15735,15715,15800,42590,3348510200,215918,214560,16500,14920,15710,15745,0,15715,0,0,0,2017-04-17,32674000,15730,29,0,0,0,0,0,0,0,0,15735,2,0,0,0,0,0,0,0,0
424,2017-04-17,09:04:35,0,CF709,XZCE,15730,15715,15800,42604,3349611300,215932,214560,16500,14920,15710,15745,0,15715,0,0,0,2017-04-17,32675000,15730,22,0,0,0,0,0,0,0,0,15735,2,0,0,0,0,0,0,0,0
425,2017-04-17,09:04:35,0,CF709,XZCE,15735,15715,15800,42608,3349926000,215928,214560,16500,14920,15710,15745,0,15715,0,0,0,2017-04-17,32675000,15735,6,0,0,0,0,0,0,0,0,15740,14,0,0,0,0,0,0,0,0
426,2017-04-17,09:04:36,0,CF709,XZCE,15735,15715,15800,42612,3350240700,215928,214560,16500,14920,15710,15745,0,15715,0,0,0,2017-04-17,32676000,15735,6,0,0,0,0,0,0,0,0,15740,14,0,0,0,0,0,0,0,0
427,2017-04-17,09:04:36,0,CF709,XZCE,15735,15715,15800,42612,3350240700,215928,214560,16500,14920,15710,15745,0,15715,0,0,0,2017-04-17,32676000,15735,8,0,0,0,0,0,0,0,0,15740,14,0,0,0,0,0,0,0,0
428,2017-04-17,09:04:38,0,CF709,XZCE,15740,15715,15800,42614,3350398100,215930,214560,16500,14920,15710,15745,0,15715,0,0,0,2017-04-17,32678000,15735,8,0,0,0,0,0,0,0,0,15740,13,0,0,0,0,0,0,0,0
429,2017-04-17,09:04:38,0,CF709,XZCE,15740,15715,15800,42614,3350398100,215930,214560,16500,14920,15710,15745,0,15715,0,0,0,2017-04-17,32678000,15735,7,0,0,0,0,0,0,0,0,15740,13,0,0,0,0,0,0,0,0
430,2017-04-17,09:04:39,0,CF709,XZCE,15735,15715,15800,42618,3350712800,215930,214560,16500,14920,15710,15745,0,15715,0,0,0,2017-04-17,32679000,15735,7,0,0,0,0,0,0,0,0,15740,13,0,0,0,0,0,0,0,0
431,2017-04-17,09:04:40,0,CF709,XZCE,15740,15715,15800,42630,3351657200,215928,214560,16500,14920,15710,15745,0,15715,0,0,0,2017-04-17,32680000,15735,5,0,0,0,0,0,0,0,0,15740,11,0,0,0,0,0,0,0,0
432,2017-04-17,09:04:40,0,CF709,XZCE,15740,15715,15800,42632,3351814600,215930,214560,16500,14920,15710,15745,0,15715,0,0,0,2017-04-17,32680000,15735,5,0,0,0,0,0,0,0,0,15740,11,0,0,0,0,0,0,0,0
433,2017-04-17,09:04:41,0,CF709,XZCE,15740,15715,15800,42632,3351814600,215930,214560,16500,14920,15710,15745,0,15715,0,0,0,2017-04-17,32681000,15735,5,0,0,0,0,0,0,0,0,15740,19,0,0,0,0,0,0,0,0
434,2017-04-17,09:04:42,0,CF709,XZCE,15740,15715,15800,42632,3351814600,215930,214560,16500,14920,15710,15745,0,15715,0,0,0,2017-04-17,32682000,15735,8,0,0,0,0,0,0,0,0,15740,19,0,0,0,0,0,0,0,0
435,2017-04-17,09:04:42,0,CF709,XZCE,15735,15715,15800,42634,3351971950,215932,214560,16500,14920,15710,15745,0,15715,0,0,0,2017-04-17,32682000,15735,7,0,0,0,0,0,0,0,0,15740,19,0,0,0,0,0,0,0,0
436,2017-04-17,09:04:44,0,CF709,XZCE,15740,15715,15800,42640,3352444150,215932,214560,16500,14920,15710,15745,0,15715,0,0,0,2017-04-17,32684000,15735,7,0,0,0,0,0,0,0,0,15740,17,0,0,0,0,0,0,0,0
437,2017-04-17,09:04:46,0,CF709,XZCE,15740,15715,15800,42640,3352444150,215932,214560,16500,14920,15710,15745,0,15715,0,0,0,2017-04-17,32686000,15735,8,0,0,0,0,0,0,0,0,15740,18,0,0,0,0,0,0,0,0
438,2017-04-17,09:04:47,0,CF709,XZCE,15735,15715,15800,42644,3352758850,215932,214560,16500,14920,15710,15745,0,15715,0,0,0,2017-04-17,32687000,15735,6,0,0,0,0,0,0,0,0,15740,18,0,0,0,0,0,0,0,0
439,2017-04-17,09:04:47,0,CF709,XZCE,15735,15715,15800,42646,3352916200,215934,214560,16500,14920,15710,15745,0,15715,0,0,0,2017-04-17,32687000,15735,9,0,0,0,0,0,0,0,0,15740,18,0,0,0,0,0,0,0,0
440,2017-04-17,09:04:49,0,CF709,XZCE,15735,15715,15800,42646,3352916200,215934,214560,16500,14920,15710,15745,0,15715,0,0,0,2017-04-17,32689000,15735,12,0,0,0,0,0,0,0,0,15740,18,0,0,0,0,0,0,0,0
441,2017-04-17,09:04:50,0,CF709,XZCE,15735,15715,15800,42650,3353230900,215936,214560,16500,14920,15710,15745,0,15715,0,0,0,2017-04-17,32690000,15735,10,0,0,0,0,0,0,0,0,15740,19,0,0,0,0,0,0,0,0
442,2017-04-17,09:04:51,0,CF709,XZCE,15735,15715,15800,42650,3353230900,215936,214560,16500,14920,15710,15745,0,15715,0,0,0,2017-04-17,32691000,15735,11,0,0,0,0,0,0,0,0,15740,20,0,0,0,0,0,0,0,0
443,2017-04-17,09:04:53,0,CF709,XZCE,15735,15715,15800,42654,3353545600,215936,214560,16500,14920,15710,15745,0,15715,0,0,0,2017-04-17,32693000,15735,10,0,0,0,0,0,0,0,0,15740,20,0,0,0,0,0,0,0,0
444,2017-04-17,09:04:53,0,CF709,XZCE,15735,15715,15800,42654,3353545600,215936,214560,16500,14920,15710,15745,0,15715,0,0,0,2017-04-17,32693000,15735,7,0,0,0,0,0,0,0,0,15740,20,0,0,0,0,0,0,0,0
445,2017-04-17,09:04:57,0,CF709,XZCE,15735,15715,15800,42654,3353545600,215936,214560,16500,14920,15710,15745,0,15715,0,0,0,2017-04-17,32697000,15735,8,0,0,0,0,0,0,0,0,15740,20,0,0,0,0,0,0,0,0
446,2017-04-17,09:04:57,0,CF709,XZCE,15740,15715,15800,42694,3356693600,215962,214560,16500,14920,15710,15745,0,15715,0,0,0,2017-04-17,32697000,15740,18,0,0,0,0,0,0,0,0,15745,48,0,0,0,0,0,0,0,0
447,2017-04-17,09:04:58,0,CF709,XZCE,15740,15715,15800,42698,3357008400,215966,214560,16500,14920,15710,15745,0,15715,0,0,0,2017-04-17,32698000,15740,25,0,0,0,0,0,0,0,0,15745,41,0,0,0,0,0,0,0,0
448,2017-04-17,09:04:58,0,CF709,XZCE,15745,15715,15800,42738,3360157400,215938,214560,16500,14920,15710,15745,0,15715,0,0,0,2017-04-17,32698000,15740,27,0,0,0,0,0,0,0,0,15745,21,0,0,0,0,0,0,0,0
449,2017-04-17,09:05:02,0,CF709,XZCE,15740,15715,15800,42782,3363620200,215958,214560,16500,14920,15710,15745,0,15715,0,0,0,2017-04-17,32702000,15740,28,0,0,0,0,0,0,0,0,15750,50,0,0,0,0,0,0,0,0
450,2017-04-17,09:05:02,0,CF709,XZCE,15745,15715,15800,42796,3364722350,215960,214560,16500,14920,15710,15745,0,15715,0,0,0,2017-04-17,32702000,15745,11,0,0,0,0,0,0,0,0,15750,44,0,0,0,0,0,0,0,0
451,2017-04-17,09:05:03,0,CF709,XZCE,15745,15715,15800,42796,3364722350,215960,214560,16500,14920,15710,15745,0,15715,0,0,0,2017-04-17,32703000,15745,22,0,0,0,0,0,0,0,0,15750,37,0,0,0,0,0,0,0,0
452,2017-04-17,09:05:03,0,CF709,XZCE,15750,15715,15800,42804,3365352350,215964,214560,16500,14920,15710,15745,0,15715,0,0,0,2017-04-17,32703000,15745,22,0,0,0,0,0,0,0,0,15750,36,0,0,0,0,0,0,0,0
453,2017-04-17,09:05:04,0,CF709,XZCE,15750,15715,15800,42804,3365352350,215964,214560,16500,14920,15710,15745,0,15715,0,0,0,2017-04-17,32704000,15745,20,0,0,0,0,0,0,0,0,15750,36,0,0,0,0,0,0,0,0
454,2017-04-17,09:05:04,0,CF709,XZCE,15750,15715,15800,42890,3372124850,215970,214560,16500,14920,15710,15745,0,15715,0,0,0,2017-04-17,32704000,15750,4,0,0,0,0,0,0,0,0,15755,25,0,0,0,0,0,0,0,0
455,2017-04-17,09:05:05,0,CF709,XZCE,15750,15715,15800,42904,3373227350,215974,214560,16500,14920,15710,15745,0,15715,0,0,0,2017-04-17,32705000,15750,2,0,0,0,0,0,0,0,0,15755,21,0,0,0,0,0,0,0,0
456,2017-04-17,09:05:05,0,CF709,XZCE,15750,15715,15800,42904,3373227350,215974,214560,16500,14920,15710,15745,0,15715,0,0,0,2017-04-17,32705000,15750,5,0,0,0,0,0,0,0,0,15755,21,0,0,0,0,0,0,0,0
457,2017-04-17,09:05:06,0,CF709,XZCE,15750,15715,15800,42908,3373542350,215978,214560,16500,14920,15710,15745,0,15715,0,0,0,2017-04-17,32706000,15750,4,0,0,0,0,0,0,0,0,15755,21,0,0,0,0,0,0,0,0
458,2017-04-17,09:05:06,0,CF709,XZCE,15755,15715,15800,42910,3373699900,215978,214560,16500,14920,15710,15745,0,15715,0,0,0,2017-04-17,32706000,15750,7,0,0,0,0,0,0,0,0,15755,20,0,0,0,0,0,0,0,0
459,2017-04-17,09:05:07,0,CF709,XZCE,15750,15715,15800,42928,3375117400,215982,214560,16500,14920,15710,15745,0,15715,0,0,0,2017-04-17,32707000,15745,26,0,0,0,0,0,0,0,0,15750,22,0,0,0,0,0,0,0,0
460,2017-04-17,09:05:08,0,CF709,XZCE,15750,15715,15800,42972,3378582400,216022,214560,16500,14920,15710,15745,0,15715,0,0,0,2017-04-17,32708000,15745,37,0,0,0,0,0,0,0,0,15755,21,0,0,0,0,0,0,0,0
461,2017-04-17,09:05:08,0,CF709,XZCE,15750,15715,15800,42972,3378582400,216022,214560,16500,14920,15710,15745,0,15715,0,0,0,2017-04-17,32708000,15750,1,0,0,0,0,0,0,0,0,15755,21,0,0,0,0,0,0,0,0
462,2017-04-17,09:05:09,0,CF709,XZCE,15750,15715,15800,42974,3378739900,216022,214560,16500,14920,15710,15745,0,15715,0,0,0,2017-04-17,32709000,15745,42,0,0,0,0,0,0,0,0,15755,21,0,0,0,0,0,0,0,0
463,2017-04-17,09:05:10,0,CF709,XZCE,15750,15715,15800,42974,3378739900,216022,214560,16500,14920,15710,15745,0,15715,0,0,0,2017-04-17,32710000,15750,1,0,0,0,0,0,0,0,0,15755,21,0,0,0,0,0,0,0,0
464,2017-04-17,09:05:10,0,CF709,XZCE,15750,15715,15800,42974,3378739900,216022,214560,16500,14920,15710,15745,0,15715,0,0,0,2017-04-17,32710000,15750,4,0,0,0,0,0,0,0,0,15755,21,0,0,0,0,0,0,0,0
465,2017-04-17,09:05:11,0,CF709,XZCE,15750,15715,15800,42974,3378739900,216022,214560,16500,14920,15710,15745,0,15715,0,0,0,2017-04-17,32711000,15750,8,0,0,0,0,0,0,0,0,15755,21,0,0,0,0,0,0,0,0
466,2017-04-17,09:05:12,0,CF709,XZCE,15750,15715,15800,42976,3378897400,216020,214560,16500,14920,15710,15745,0,15715,0,0,0,2017-04-17,32712000,15750,11,0,0,0,0,0,0,0,0,15755,21,0,0,0,0,0,0,0,0
467,2017-04-17,09:05:12,0,CF709,XZCE,15750,15715,15800,42978,3379054900,216020,214560,16500,14920,15710,15745,0,15715,0,0,0,2017-04-17,32712000,15750,13,0,0,0,0,0,0,0,0,15755,21,0,0,0,0,0,0,0,0
468,2017-04-17,09:05:13,0,CF709,XZCE,15750,15715,15800,42980,3379212400,216020,214560,16500,14920,15710,15745,0,15715,0,0,0,2017-04-17,32713000,15750,15,0,0,0,0,0,0,0,0,15755,15,0,0,0,0,0,0,0,0
469,2017-04-17,09:05:13,0,CF709,XZCE,15750,15715,15800,43014,3381889900,216034,214560,16500,14920,15710,15745,0,15715,0,0,0,2017-04-17,32713000,15745,39,0,0,0,0,0,0,0,0,15750,8,0,0,0,0,0,0,0,0
470,2017-04-17,09:05:14,0,CF709,XZCE,15755,15715,15800,43032,3383307850,216048,214560,16500,14920,15710,15745,0,15715,0,0,0,2017-04-17,32714000,15745,39,0,0,0,0,0,0,0,0,15755,14,0,0,0,0,0,0,0,0
471,2017-04-17,09:05:14,0,CF709,XZCE,15755,15715,15800,43044,3384253150,216046,214560,16500,14920,15710,15745,0,15715,0,0,0,2017-04-17,32714000,15750,4,0,0,0,0,0,0,0,0,15755,9,0,0,0,0,0,0,0,0
472,2017-04-17,09:05:15,0,CF709,XZCE,15750,15715,15800,43048,3384568150,216050,214560,16500,14920,15710,15745,0,15715,0,0,0,2017-04-17,32715000,15750,3,0,0,0,0,0,0,0,0,15755,9,0,0,0,0,0,0,0,0
473,2017-04-17,09:05:15,0,CF709,XZCE,15750,15715,15800,43048,3384568150,216050,214560,16500,14920,15710,15745,0,15715,0,0,0,2017-04-17,32715000,15750,12,0,0,0,0,0,0,0,0,15755,13,0,0,0,0,0,0,0,0
474,2017-04-17,09:05:16,0,CF709,XZCE,15750,15715,15800,43048,3384568150,216050,214560,16500,14920,15710,15745,0,15715,0,0,0,2017-04-17,32716000,15750,20,0,0,0,0,0,0,0,0,15755,13,0,0,0,0,0,0,0,0
475,2017-04-17,09:05:16,0,CF709,XZCE,15755,15715,15800,43084,3387404050,216050,214560,16500,14920,15710,15745,0,15715,0,0,0,2017-04-17,32716000,15755,2,0,0,0,0,0,0,0,0,15760,29,0,0,0,0,0,0,0,0
476,2017-04-17,09:05:17,0,CF709,XZCE,15755,15715,15800,43096,3388349350,216042,214560,16500,14920,15710,15745,0,15715,0,0,0,2017-04-17,32717000,15755,1,0,0,0,0,0,0,0,0,15760,27,0,0,0,0,0,0,0,0
477,2017-04-17,09:05:19,0,CF709,XZCE,15760,15715,15800,43128,3390870950,216030,214560,16500,14920,15710,15745,0,15715,0,0,0,2017-04-17,32719000,15750,38,0,0,0,0,0,0,0,0,15760,16,0,0,0,0,0,0,0,0
478,2017-04-17,09:05:19,0,CF709,XZCE,15755,15715,15800,43132,3391186050,216026,214560,16500,14920,15710,15745,0,15715,0,0,0,2017-04-17,32719000,15755,25,0,0,0,0,0,0,0,0,15760,16,0,0,0,0,0,0,0,0
479,2017-04-17,09:05:20,0,CF709,XZCE,15760,15715,15800,43134,3391343650,216026,214560,16500,14920,15710,15745,0,15715,0,0,0,2017-04-17,32720000,15755,25,0,0,0,0,0,0,0,0,15760,15,0,0,0,0,0,0,0,0
480,2017-04-17,09:05:20,0,CF709,XZCE,15760,15715,15800,43134,3391343650,216026,214560,16500,14920,15710,15745,0,15715,0,0,0,2017-04-17,32720000,15755,25,0,0,0,0,0,0,0,0,15760,12,0,0,0,0,0,0,0,0
481,2017-04-17,09:05:21,0,CF709,XZCE,15760,15715,15800,43172,3394338050,216032,214560,16500,14920,15710,15745,0,15715,0,0,0,2017-04-17,32721000,15755,19,0,0,0,0,0,0,0,0,15760,9,0,0,0,0,0,0,0,0
482,2017-04-17,09:05:22,0,CF709,XZCE,15760,15715,15800,43172,3394338050,216032,214560,16500,14920,15710,15745,0,15715,0,0,0,2017-04-17,32722000,15755,19,0,0,0,0,0,0,0,0,15760,10,0,0,0,0,0,0,0,0
483,2017-04-17,09:05:23,0,CF709,XZCE,15760,15715,15800,43172,3394338050,216032,214560,16500,14920,15710,15745,0,15715,0,0,0,2017-04-17,32723000,15755,22,0,0,0,0,0,0,0,0,15760,10,0,0,0,0,0,0,0,0
484,2017-04-17,09:05:23,0,CF709,XZCE,15755,15715,15800,43178,3394810700,216032,214560,16500,14920,15710,15745,0,15715,0,0,0,2017-04-17,32723000,15755,19,0,0,0,0,0,0,0,0,15760,13,0,0,0,0,0,0,0,0
485,2017-04-17,09:05:24,0,CF709,XZCE,15760,15715,15800,43190,3395756300,216030,214560,16500,14920,15710,15745,0,15715,0,0,0,2017-04-17,32724000,15755,19,0,0,0,0,0,0,0,0,15760,7,0,0,0,0,0,0,0,0
486,2017-04-17,09:05:24,0,CF709,XZCE,15755,15715,15800,43220,3398119550,216030,214560,16500,14920,15710,15745,0,15715,0,0,0,2017-04-17,32724000,15755,6,0,0,0,0,0,0,0,0,15760,7,0,0,0,0,0,0,0,0
487,2017-04-17,09:05:25,0,CF709,XZCE,15760,15715,15800,43222,3398277150,216028,214560,16500,14920,15710,15745,0,15715,0,0,0,2017-04-17,32725000,15755,6,0,0,0,0,0,0,0,0,15760,6,0,0,0,0,0,0,0,0
488,2017-04-17,09:05:26,0,CF709,XZCE,15760,15715,15800,43222,3398277150,216028,214560,16500,14920,15710,15745,0,15715,0,0,0,2017-04-17,32726000,15755,57,0,0,0,0,0,0,0,0,15760,6,0,0,0,0,0,0,0,0
489,2017-04-17,09:05:26,0,CF709,XZCE,15760,15715,15800,43236,3399380350,216022,214560,16500,14920,15710,15745,0,15715,0,0,0,2017-04-17,32726000,15760,2,0,0,0,0,0,0,0,0,15765,7,0,0,0,0,0,0,0,0
490,2017-04-17,09:05:27,0,CF709,XZCE,15760,15715,15800,43242,3399853150,216024,214560,16500,14920,15710,15745,0,15715,0,0,0,2017-04-17,32727000,15755,58,0,0,0,0,0,0,0,0,15765,7,0,0,0,0,0,0,0,0
491,2017-04-17,09:05:27,0,CF709,XZCE,15760,15715,15800,43242,3399853150,216024,214560,16500,14920,15710,15745,0,15715,0,0,0,2017-04-17,32727000,15760,3,0,0,0,0,0,0,0,0,15765,6,0,0,0,0,0,0,0,0
492,2017-04-17,09:05:28,0,CF709,XZCE,15765,15715,15800,43256,3400956700,216030,214560,16500,14920,15710,15745,0,15715,0,0,0,2017-04-17,32728000,15760,6,0,0,0,0,0,0,0,0,15765,7,0,0,0,0,0,0,0,0
493,2017-04-17,09:05:28,0,CF709,XZCE,15765,15715,15800,43258,3401114350,216032,214560,16500,14920,15710,15745,0,15715,0,0,0,2017-04-17,32728000,15760,6,0,0,0,0,0,0,0,0,15765,6,0,0,0,0,0,0,0,0
494,2017-04-17,09:05:29,0,CF709,XZCE,15760,15715,15800,43262,3401429550,216036,214560,16500,14920,15710,15745,0,15715,0,0,0,2017-04-17,32729000,15760,12,0,0,0,0,0,0,0,0,15765,5,0,0,0,0,0,0,0,0
495,2017-04-17,09:05:29,0,CF709,XZCE,15765,15715,15800,43268,3401902500,216042,214560,16500,14920,15710,15745,0,15715,0,0,0,2017-04-17,32729000,15760,14,0,0,0,0,0,0,0,0,15765,2,0,0,0,0,0,0,0,0
496,2017-04-17,09:05:30,0,CF709,XZCE,15760,15715,15800,43270,3402060100,216042,214560,16500,14920,15710,15745,0,15715,0,0,0,2017-04-17,32730000,15760,13,0,0,0,0,0,0,0,0,15765,2,0,0,0,0,0,0,0,0
497,2017-04-17,09:05:30,0,CF709,XZCE,15765,15715,15800,43272,3402217750,216044,214560,16500,14920,15710,15745,0,15715,0,0,0,2017-04-17,32730000,15760,13,0,0,0,0,0,0,0,0,15765,1,0,0,0,0,0,0,0,0
498,2017-04-17,09:05:31,0,CF709,XZCE,15760,15715,15800,43302,3404581750,216044,214560,16500,14920,15710,15745,0,15715,0,0,0,2017-04-17,32731000,15755,61,0,0,0,0,0,0,0,0,15760,10,0,0,0,0,0,0,0,0
499,2017-04-17,09:05:32,0,CF709,XZCE,15760,15715,15800,43302,3404581750,216044,214560,16500,14920,15710,15745,0,15715,0,0,0,2017-04-17,32732000,15755,61,0,0,0,0,0,0,0,0,15760,12,0,0,0,0,0,0,0,0
500,2017-04-17,09:05:33,0,CF709,XZCE,15755,15715,15800,43306,3404896850,216044,214560,16500,14920,15710,15745,0,15715,0,0,0,2017-04-17,32733000,15755,58,0,0,0,0,0,0,0,0,15760,12,0,0,0,0,0,0,0,0
501,2017-04-17,09:05:34,0,CF709,XZCE,15755,15715,15800,43308,3405054400,216046,214560,16500,14920,15710,15745,0,15715,0,0,0,2017-04-17,32734000,15755,57,0,0,0,0,0,0,0,0,15760,12,0,0,0,0,0,0,0,0
502,2017-04-17,09:05:34,0,CF709,XZCE,15755,15715,15800,43314,3405527050,216050,214560,16500,14920,15710,15745,0,15715,0,0,0,2017-04-17,32734000,15755,55,0,0,0,0,0,0,0,0,15760,11,0,0,0,0,0,0,0,0
503,2017-04-17,09:05:35,0,CF709,XZCE,15760,15715,15800,43324,3406315050,216050,214560,16500,14920,15710,15745,0,15715,0,0,0,2017-04-17,32735000,15755,56,0,0,0,0,0,0,0,0,15760,8,0,0,0,0,0,0,0,0
504,2017-04-17,09:05:37,0,CF709,XZCE,15755,15715,15800,43326,3406472600,216052,214560,16500,14920,15710,15745,0,15715,0,0,0,2017-04-17,32737000,15755,55,0,0,0,0,0,0,0,0,15760,28,0,0,0,0,0,0,0,0
505,2017-04-17,09:05:39,0,CF709,XZCE,15755,15715,15800,43326,3406472600,216052,214560,16500,14920,15710,15745,0,15715,0,0,0,2017-04-17,32739000,15755,55,0,0,0,0,0,0,0,0,15760,29,0,0,0,0,0,0,0,0
506,2017-04-17,09:05:39,0,CF709,XZCE,15755,15715,15800,43326,3406472600,216052,214560,16500,14920,15710,15745,0,15715,0,0,0,2017-04-17,32739000,15755,55,0,0,0,0,0,0,0,0,15760,30,0,0,0,0,0,0,0,0
507,2017-04-17,09:05:39,0,CF709,XZCE,15755,15715,15800,43330,3406787700,216054,214560,16500,14920,15710,15745,0,15715,0,0,0,2017-04-17,32739000,15755,54,0,0,0,0,0,0,0,0,15760,29,0,0,0,0,0,0,0,0
508,2017-04-17,09:05:40,0,CF709,XZCE,15755,15715,15800,43330,3406787700,216054,214560,16500,14920,15710,15745,0,15715,0,0,0,2017-04-17,32740000,15755,54,0,0,0,0,0,0,0,0,15760,30,0,0,0,0,0,0,0,0
509,2017-04-17,09:05:41,0,CF709,XZCE,15760,15715,15800,43332,3406945300,216052,214560,16500,14920,15710,15745,0,15715,0,0,0,2017-04-17,32741000,15755,54,0,0,0,0,0,0,0,0,15760,29,0,0,0,0,0,0,0,0
510,2017-04-17,09:05:41,0,CF709,XZCE,15755,15715,15800,43334,3407102850,216054,214560,16500,14920,15710,15745,0,15715,0,0,0,2017-04-17,32741000,15755,52,0,0,0,0,0,0,0,0,15760,29,0,0,0,0,0,0,0,0
511,2017-04-17,09:05:42,0,CF709,XZCE,15755,15715,15800,43334,3407102850,216054,214560,16500,14920,15710,15745,0,15715,0,0,0,2017-04-17,32742000,15755,52,0,0,0,0,0,0,0,0,15760,30,0,0,0,0,0,0,0,0
512,2017-04-17,09:05:43,0,CF709,XZCE,15755,15715,15800,43334,3407102850,216054,214560,16500,14920,15710,15745,0,15715,0,0,0,2017-04-17,32743000,15755,52,0,0,0,0,0,0,0,0,15760,35,0,0,0,0,0,0,0,0
513,2017-04-17,09:05:43,0,CF709,XZCE,15755,15715,15800,43350,3408363250,216056,214560,16500,14920,15710,15745,0,15715,0,0,0,2017-04-17,32743000,15755,44,0,0,0,0,0,0,0,0,15760,35,0,0,0,0,0,0,0,0
514,2017-04-17,09:05:44,0,CF709,XZCE,15755,15715,15800,43382,3410884050,216088,214560,16500,14920,15710,15745,0,15715,0,0,0,2017-04-17,32744000,15755,31,0,0,0,0,0,0,0,0,15760,35,0,0,0,0,0,0,0,0
