,dataDate,dataTime,dataMillisec,instrumentID,exchangeCD,lastPrice,lowPrice,highPrice,volume,value,openInterest,preOpenInterest,upperLimitPrice,lowerLimitPrice,preSettlementPrice,prevClosePrice,settlementPrice,openPrice,closePrice,preDelta,currDelta,clearingDay,milliSecOffset,bidPrice1,bidVolume1,bidPrice2,bidVolume2,bidPrice3,bidVolume3,bidPrice4,bidVolume4,bidPrice5,bidVolume5,askPrice1,askVolume1,askPrice2,askVolume2,askPrice3,askVolume3,askPrice4,askVolume4,askPrice5,askVolume5
0,2017-04-17,08:59:00,787,cs1709,XDCE,2017,2017,2017,828,16700760,813136,813776,2113,1913,2013,2014,0,2017,0,0,0,2017-04-17,32340787,2017,8,0,0,0,0,0,0,0,0,2018,137,0,0,0,0,0,0,0,0
1,2017-04-17,09:00:00,931,cs1709,XDCE,2017,2017,2018,876,17669140,813120,813776,2113,1913,2013,2014,0,2017,0,0,0,2017-04-17,32400931,2016,51,0,0,0,0,0,0,0,0,2017,2,0,0,0,0,0,0,0,0
2,2017-04-17,09:00:01,431,cs1709,XDCE,2017,2016,2018,1092,22025680,813078,813776,2113,1913,2013,2014,0,2017,0,0,0,2017-04-17,32401431,2016,97,0,0,0,0,0,0,0,0,2017,75,0,0,0,0,0,0,0,0
3,2017-04-17,09:00:01,927,cs1709,XDCE,2018,2016,2018,1466,29569300,813066,813776,2113,1913,2013,2014,0,2017,0,0,0,2017-04-17,32401927,2017,11,0,0,0,0,0,0,0,0,2018,130,0,0,0,0,0,0,0,0
4,2017-04-17,09:00:02,396,cs1709,XDCE,2016,2015,2018,1828,36869420,813274,813776,2113,1913,2013,2014,0,2017,0,0,0,2017-04-17,32402396,2015,369,0,0,0,0,0,0,0,0,2016,4,0,0,0,0,0,0,0,0
5,2017-04-17,09:00:02,927,cs1709,XDCE,2017,2015,2018,2104,42435080,813432,813776,2113,1913,2013,2014,0,2017,0,0,0,2017-04-17,32402927,2016,32,0,0,0,0,0,0,0,0,2017,21,0,0,0,0,0,0,0,0
6,2017-04-17,09:00:03,416,cs1709,XDCE,2018,2015,2018,2240,45178440,813472,813776,2113,1913,2013,2014,0,2017,0,0,0,2017-04-17,32403416,2017,1,0,0,0,0,0,0,0,0,2018,212,0,0,0,0,0,0,0,0
7,2017-04-17,09:00:03,915,cs1709,XDCE,2018,2015,2018,2252,45420540,813478,813776,2113,1913,2013,2014,0,2017,0,0,0,2017-04-17,32403915,2017,124,0,0,0,0,0,0,0,0,2018,206,0,0,0,0,0,0,0,0
8,2017-04-17,09:00:04,410,cs1709,XDCE,2018,2015,2018,2302,46429500,813478,813776,2113,1913,2013,2014,0,2017,0,0,0,2017-04-17,32404410,2017,154,0,0,0,0,0,0,0,0,2018,182,0,0,0,0,0,0,0,0
9,2017-04-17,09:00:04,915,cs1709,XDCE,2018,2015,2018,2404,48487640,813500,813776,2113,1913,2013,2014,0,2017,0,0,0,2017-04-17,32404915,2017,158,0,0,0,0,0,0,0,0,2018,141,0,0,0,0,0,0,0,0
10,2017-04-17,09:00:05,431,cs1709,XDCE,2018,2015,2018,2436,49133260,813526,813776,2113,1913,2013,2014,0,2017,0,0,0,2017-04-17,32405431,2017,157,0,0,0,0,0,0,0,0,2018,128,0,0,0,0,0,0,0,0
11,2017-04-17,09:00:05,920,cs1709,XDCE,2018,2015,2018,2486,50142220,813498,813776,2113,1913,2013,2014,0,2017,0,0,0,2017-04-17,32405920,2017,199,0,0,0,0,0,0,0,0,2018,111,0,0,0,0,0,0,0,0
12,2017-04-17,09:00:06,386,cs1709,XDCE,2018,2015,2018,2704,54539420,813682,813776,2113,1913,2013,2014,0,2017,0,0,0,2017-04-17,32406386,2017,102,0,0,0,0,0,0,0,0,2018,119,0,0,0,0,0,0,0,0
13,2017-04-17,09:00:06,918,cs1709,XDCE,2017,2015,2018,2826,57001200,813570,813776,2113,1913,2013,2014,0,2017,0,0,0,2017-04-17,32406918,2017,93,0,0,0,0,0,0,0,0,2018,67,0,0,0,0,0,0,0,0
14,2017-04-17,09:00:07,409,cs1709,XDCE,2018,2015,2018,2838,57243340,813566,813776,2113,1913,2013,2014,0,2017,0,0,0,2017-04-17,32407409,2017,95,0,0,0,0,0,0,0,0,2018,107,0,0,0,0,0,0,0,0
15,2017-04-17,09:00:07,922,cs1709,XDCE,2018,2015,2018,2844,57364400,813564,813776,2113,1913,2013,2014,0,2017,0,0,0,2017-04-17,32407922,2017,100,0,0,0,0,0,0,0,0,2018,113,0,0,0,0,0,0,0,0
16,2017-04-17,09:00:08,427,cs1709,XDCE,2018,2015,2018,2888,58252260,813556,813776,2113,1913,2013,2014,0,2017,0,0,0,2017-04-17,32408427,2017,102,0,0,0,0,0,0,0,0,2018,98,0,0,0,0,0,0,0,0
17,2017-04-17,09:00:08,923,cs1709,XDCE,2017,2015,2018,2910,58696000,813556,813776,2113,1913,2013,2014,0,2017,0,0,0,2017-04-17,32408923,2017,101,0,0,0,0,0,0,0,0,2018,131,0,0,0,0,0,0,0,0
18,2017-04-17,09:00:09,317,cs1709,XDCE,2018,2015,2018,2936,59220660,813532,813776,2113,1913,2013,2014,0,2017,0,0,0,2017-04-17,32409317,2017,100,0,0,0,0,0,0,0,0,2018,94,0,0,0,0,0,0,0,0
19,2017-04-17,09:00:09,928,cs1709,XDCE,2017,2015,2018,2948,59462760,813526,813776,2113,1913,2013,2014,0,2017,0,0,0,2017-04-17,32409928,2017,125,0,0,0,0,0,0,0,0,2018,91,0,0,0,0,0,0,0,0
20,2017-04-17,09:00:10,429,cs1709,XDCE,2017,2015,2018,3038,61278080,813446,813776,2113,1913,2013,2014,0,2017,0,0,0,2017-04-17,32410429,2017,83,0,0,0,0,0,0,0,0,2018,95,0,0,0,0,0,0,0,0
21,2017-04-17,09:00:10,916,cs1709,XDCE,2017,2015,2018,3070,61923720,813440,813776,2113,1913,2013,2014,0,2017,0,0,0,2017-04-17,32410916,2017,77,0,0,0,0,0,0,0,0,2018,65,0,0,0,0,0,0,0,0
22,2017-04-17,09:00:11,397,cs1709,XDCE,2018,2015,2018,3156,63658520,813436,813776,2113,1913,2013,2014,0,2017,0,0,0,2017-04-17,32411397,2017,44,0,0,0,0,0,0,0,0,2018,61,0,0,0,0,0,0,0,0
23,2017-04-17,09:00:11,914,cs1709,XDCE,2018,2015,2018,3216,64869300,813424,813776,2113,1913,2013,2014,0,2017,0,0,0,2017-04-17,32411914,2017,63,0,0,0,0,0,0,0,0,2018,57,0,0,0,0,0,0,0,0
24,2017-04-17,09:00:12,375,cs1709,XDCE,2018,2015,2018,3244,65434280,813428,813776,2113,1913,2013,2014,0,2017,0,0,0,2017-04-17,32412375,2017,72,0,0,0,0,0,0,0,0,2018,38,0,0,0,0,0,0,0,0
25,2017-04-17,09:00:12,910,cs1709,XDCE,2017,2015,2018,3250,65555300,813430,813776,2113,1913,2013,2014,0,2017,0,0,0,2017-04-17,32412910,2017,69,0,0,0,0,0,0,0,0,2018,40,0,0,0,0,0,0,0,0
26,2017-04-17,09:00:13,400,cs1709,XDCE,2018,2015,2018,3274,66039600,813430,813776,2113,1913,2013,2014,0,2017,0,0,0,2017-04-17,32413400,2017,61,0,0,0,0,0,0,0,0,2018,34,0,0,0,0,0,0,0,0
27,2017-04-17,09:00:13,885,cs1709,XDCE,2017,2015,2018,3296,66483480,813424,813776,2113,1913,2013,2014,0,2017,0,0,0,2017-04-17,32413885,2017,72,0,0,0,0,0,0,0,0,2018,32,0,0,0,0,0,0,0,0
28,2017-04-17,09:00:14,417,cs1709,XDCE,2018,2015,2018,3324,67048300,813406,813776,2113,1913,2013,2014,0,2017,0,0,0,2017-04-17,32414417,2017,61,0,0,0,0,0,0,0,0,2018,29,0,0,0,0,0,0,0,0
29,2017-04-17,09:00:14,900,cs1709,XDCE,2018,2015,2018,3388,68339760,813350,813776,2113,1913,2013,2014,0,2017,0,0,0,2017-04-17,32414900,2018,173,0,0,0,0,0,0,0,0,2019,280,0,0,0,0,0,0,0,0
30,2017-04-17,09:00:15,381,cs1709,XDCE,2018,2015,2018,3738,75402760,813204,813776,2113,1913,2013,2014,0,2017,0,0,0,2017-04-17,32415381,2017,55,0,0,0,0,0,0,0,0,2018,30,0,0,0,0,0,0,0,0
31,2017-04-17,09:00:15,919,cs1709,XDCE,2018,2015,2018,3752,75685260,813194,813776,2113,1913,2013,2014,0,2017,0,0,0,2017-04-17,32415919,2017,59,0,0,0,0,0,0,0,0,2018,35,0,0,0,0,0,0,0,0
32,2017-04-17,09:00:16,394,cs1709,XDCE,2018,2015,2018,3776,76169560,813174,813776,2113,1913,2013,2014,0,2017,0,0,0,2017-04-17,32416394,2017,58,0,0,0,0,0,0,0,0,2018,36,0,0,0,0,0,0,0,0
33,2017-04-17,09:00:16,902,cs1709,XDCE,2018,2015,2018,3784,76330980,813170,813776,2113,1913,2013,2014,0,2017,0,0,0,2017-04-17,32416902,2017,52,0,0,0,0,0,0,0,0,2018,35,0,0,0,0,0,0,0,0
34,2017-04-17,09:00:17,379,cs1709,XDCE,2018,2015,2018,3788,76411680,813172,813776,2113,1913,2013,2014,0,2017,0,0,0,2017-04-17,32417379,2017,51,0,0,0,0,0,0,0,0,2018,35,0,0,0,0,0,0,0,0
35,2017-04-17,09:00:17,902,cs1709,XDCE,2018,2015,2018,3792,76492380,813174,813776,2113,1913,2013,2014,0,2017,0,0,0,2017-04-17,32417902,2017,49,0,0,0,0,0,0,0,0,2018,36,0,0,0,0,0,0,0,0
36,2017-04-17,09:00:18,417,cs1709,XDCE,2017,2015,2018,3888,78428700,813152,813776,2113,1913,2013,2014,0,2017,0,0,0,2017-04-17,32418417,2016,259,0,0,0,0,0,0,0,0,2017,94,0,0,0,0,0,0,0,0
37,2017-04-17,09:00:18,791,cs1709,XDCE,2017,2015,2018,3908,78832080,813142,813776,2113,1913,2013,2014,0,2017,0,0,0,2017-04-17,32418791,2016,248,0,0,0,0,0,0,0,0,2017,97,0,0,0,0,0,0,0,0
38,2017-04-17,09:00:19,406,cs1709,XDCE,2016,2015,2018,3910,78872400,813142,813776,2113,1913,2013,2014,0,2017,0,0,0,2017-04-17,32419406,2016,236,0,0,0,0,0,0,0,0,2017,100,0,0,0,0,0,0,0,0
39,2017-04-17,09:00:19,915,cs1709,XDCE,2016,2015,2018,3920,79074080,813142,813776,2113,1913,2013,2014,0,2017,0,0,0,2017-04-17,32419915,2016,235,0,0,0,0,0,0,0,0,2017,96,0,0,0,0,0,0,0,0
40,2017-04-17,09:00:20,387,cs1709,XDCE,2017,2015,2018,3930,79275780,813142,813776,2113,1913,2013,2014,0,2017,0,0,0,2017-04-17,32420387,2016,162,0,0,0,0,0,0,0,0,2017,92,0,0,0,0,0,0,0,0
41,2017-04-17,09:00:20,917,cs1709,XDCE,2016,2015,2018,3932,79316100,813142,813776,2113,1913,2013,2014,0,2017,0,0,0,2017-04-17,32420917,2016,152,0,0,0,0,0,0,0,0,2017,92,0,0,0,0,0,0,0,0
42,2017-04-17,09:00:21,323,cs1709,XDCE,2016,2015,2018,3932,79316100,813142,813776,2113,1913,2013,2014,0,2017,0,0,0,2017-04-17,32421323,2016,152,0,0,0,0,0,0,0,0,2017,93,0,0,0,0,0,0,0,0
43,2017-04-17,09:00:21,914,cs1709,XDCE,2016,2015,2018,3954,79759640,813138,813776,2113,1913,2013,2014,0,2017,0,0,0,2017-04-17,32421914,2016,145,0,0,0,0,0,0,0,0,2017,101,0,0,0,0,0,0,0,0
44,2017-04-17,09:00:22,369,cs1709,XDCE,2016,2015,2018,4002,80727320,813110,813776,2113,1913,2013,2014,0,2017,0,0,0,2017-04-17,32422369,2016,121,0,0,0,0,0,0,0,0,2017,104,0,0,0,0,0,0,0,0
45,2017-04-17,09:00:22,872,cs1709,XDCE,2016,2015,2018,4002,80727320,813110,813776,2113,1913,2013,2014,0,2017,0,0,0,2017-04-17,32422872,2016,124,0,0,0,0,0,0,0,0,2017,106,0,0,0,0,0,0,0,0
46,2017-04-17,09:00:23,389,cs1709,XDCE,2017,2015,2018,4044,81574460,813068,813776,2113,1913,2013,2014,0,2017,0,0,0,2017-04-17,32423389,2016,124,0,0,0,0,0,0,0,0,2017,87,0,0,0,0,0,0,0,0
47,2017-04-17,09:00:23,903,cs1709,XDCE,2017,2015,2018,4044,81574460,813068,813776,2113,1913,2013,2014,0,2017,0,0,0,2017-04-17,32423903,2016,124,0,0,0,0,0,0,0,0,2017,85,0,0,0,0,0,0,0,0
48,2017-04-17,09:00:24,403,cs1709,XDCE,2016,2015,2018,4046,81614780,813068,813776,2113,1913,2013,2014,0,2017,0,0,0,2017-04-17,32424403,2016,123,0,0,0,0,0,0,0,0,2017,86,0,0,0,0,0,0,0,0
49,2017-04-17,09:00:24,900,cs1709,XDCE,2017,2015,2018,4058,81856720,813068,813776,2113,1913,2013,2014,0,2017,0,0,0,2017-04-17,32424900,2016,121,0,0,0,0,0,0,0,0,2017,85,0,0,0,0,0,0,0,0
50,2017-04-17,09:00:25,424,cs1709,XDCE,2016,2015,2018,4080,82300440,813070,813776,2113,1913,2013,2014,0,2017,0,0,0,2017-04-17,32425424,2016,120,0,0,0,0,0,0,0,0,2017,76,0,0,0,0,0,0,0,0
51,2017-04-17,09:00:25,778,cs1709,XDCE,2016,2015,2018,4084,82381100,813072,813776,2113,1913,2013,2014,0,2017,0,0,0,2017-04-17,32425778,2016,121,0,0,0,0,0,0,0,0,2017,75,0,0,0,0,0,0,0,0
52,2017-04-17,09:00:26,396,cs1709,XDCE,2017,2015,2018,4190,84519120,812984,813776,2113,1913,2013,2014,0,2017,0,0,0,2017-04-17,32426396,2016,124,0,0,0,0,0,0,0,0,2017,29,0,0,0,0,0,0,0,0
53,2017-04-17,09:00:27,411,cs1709,XDCE,2017,2015,2018,4198,84680480,812988,813776,2113,1913,2013,2014,0,2017,0,0,0,2017-04-17,32427411,2016,125,0,0,0,0,0,0,0,0,2017,28,0,0,0,0,0,0,0,0
54,2017-04-17,09:00:27,888,cs1709,XDCE,2016,2015,2018,4204,84801480,812986,813776,2113,1913,2013,2014,0,2017,0,0,0,2017-04-17,32427888,2016,123,0,0,0,0,0,0,0,0,2017,26,0,0,0,0,0,0,0,0
55,2017-04-17,09:00:28,343,cs1709,XDCE,2017,2015,2018,4212,84962840,812988,813776,2113,1913,2013,2014,0,2017,0,0,0,2017-04-17,32428343,2016,130,0,0,0,0,0,0,0,0,2017,22,0,0,0,0,0,0,0,0
56,2017-04-17,09:00:28,817,cs1709,XDCE,2017,2015,2018,4212,84962840,812988,813776,2113,1913,2013,2014,0,2017,0,0,0,2017-04-17,32428817,2016,129,0,0,0,0,0,0,0,0,2017,22,0,0,0,0,0,0,0,0
57,2017-04-17,09:00:29,364,cs1709,XDCE,2017,2015,2018,4214,85003180,812990,813776,2113,1913,2013,2014,0,2017,0,0,0,2017-04-17,32429364,2016,131,0,0,0,0,0,0,0,0,2017,22,0,0,0,0,0,0,0,0
58,2017-04-17,09:00:29,878,cs1709,XDCE,2017,2015,2018,4220,85124160,812988,813776,2113,1913,2013,2014,0,2017,0,0,0,2017-04-17,32429878,2016,127,0,0,0,0,0,0,0,0,2017,28,0,0,0,0,0,0,0,0
59,2017-04-17,09:00:30,394,cs1709,XDCE,2016,2015,2018,4224,85204800,812986,813776,2113,1913,2013,2014,0,2017,0,0,0,2017-04-17,32430394,2016,126,0,0,0,0,0,0,0,0,2017,29,0,0,0,0,0,0,0,0
60,2017-04-17,09:00:30,911,cs1709,XDCE,2017,2015,2018,4228,85285480,812986,813776,2113,1913,2013,2014,0,2017,0,0,0,2017-04-17,32430911,2016,126,0,0,0,0,0,0,0,0,2017,32,0,0,0,0,0,0,0,0
61,2017-04-17,09:00:31,424,cs1709,XDCE,2017,2015,2018,4262,85971240,812988,813776,2113,1913,2013,2014,0,2017,0,0,0,2017-04-17,32431424,2016,138,0,0,0,0,0,0,0,0,2017,18,0,0,0,0,0,0,0,0
62,2017-04-17,09:00:31,925,cs1709,XDCE,2016,2015,2018,4264,86011560,812986,813776,2113,1913,2013,2014,0,2017,0,0,0,2017-04-17,32431925,2016,139,0,0,0,0,0,0,0,0,2017,18,0,0,0,0,0,0,0,0
63,2017-04-17,09:00:32,296,cs1709,XDCE,2017,2015,2018,4268,86092220,812984,813776,2113,1913,2013,2014,0,2017,0,0,0,2017-04-17,32432296,2016,139,0,0,0,0,0,0,0,0,2017,18,0,0,0,0,0,0,0,0
64,2017-04-17,09:00:32,909,cs1709,XDCE,2017,2015,2018,4280,86334160,812974,813776,2113,1913,2013,2014,0,2017,0,0,0,2017-04-17,32432909,2016,134,0,0,0,0,0,0,0,0,2017,17,0,0,0,0,0,0,0,0
65,2017-04-17,09:00:33,398,cs1709,XDCE,2016,2015,2018,4282,86374480,812972,813776,2113,1913,2013,2014,0,2017,0,0,0,2017-04-17,32433398,2016,133,0,0,0,0,0,0,0,0,2017,17,0,0,0,0,0,0,0,0
66,2017-04-17,09:00:33,915,cs1709,XDCE,2017,2015,2018,4302,86777860,812968,813776,2113,1913,2013,2014,0,2017,0,0,0,2017-04-17,32433915,2016,132,0,0,0,0,0,0,0,0,2017,9,0,0,0,0,0,0,0,0
67,2017-04-17,09:00:34,411,cs1709,XDCE,2018,2015,2018,4334,87423320,812952,813776,2113,1913,2013,2014,0,2017,0,0,0,2017-04-17,32434411,2017,13,0,0,0,0,0,0,0,0,2018,105,0,0,0,0,0,0,0,0
68,2017-04-17,09:00:34,914,cs1709,XDCE,2017,2015,2018,4344,87625020,812946,813776,2113,1913,2013,2014,0,2017,0,0,0,2017-04-17,32434914,2017,9,0,0,0,0,0,0,0,0,2018,95,0,0,0,0,0,0,0,0
69,2017-04-17,09:00:35,413,cs1709,XDCE,2017,2015,2018,4368,88109100,812940,813776,2113,1913,2013,2014,0,2017,0,0,0,2017-04-17,32435413,2016,104,0,0,0,0,0,0,0,0,2017,40,0,0,0,0,0,0,0,0
70,2017-04-17,09:00:35,917,cs1709,XDCE,2016,2015,2018,4576,92304420,812840,813776,2113,1913,2013,2014,0,2017,0,0,0,2017-04-17,32435917,2016,91,0,0,0,0,0,0,0,0,2018,93,0,0,0,0,0,0,0,0
71,2017-04-17,09:00:36,429,cs1709,XDCE,2016,2015,2018,4578,92344740,812838,813776,2113,1913,2013,2014,0,2017,0,0,0,2017-04-17,32436429,2017,1,0,0,0,0,0,0,0,0,2018,94,0,0,0,0,0,0,0,0
72,2017-04-17,09:00:36,928,cs1709,XDCE,2018,2015,2018,4622,93232240,812800,813776,2113,1913,2013,2014,0,2017,0,0,0,2017-04-17,32436928,2017,1,0,0,0,0,0,0,0,0,2018,93,0,0,0,0,0,0,0,0
73,2017-04-17,09:00:37,382,cs1709,XDCE,2018,2015,2018,4630,93393660,812800,813776,2113,1913,2013,2014,0,2017,0,0,0,2017-04-17,32437382,2016,90,0,0,0,0,0,0,0,0,2017,1,0,0,0,0,0,0,0,0
74,2017-04-17,09:00:37,834,cs1709,XDCE,2016,2015,2018,4632,93433980,812798,813776,2113,1913,2013,2014,0,2017,0,0,0,2017-04-17,32437834,2016,89,0,0,0,0,0,0,0,0,2017,2,0,0,0,0,0,0,0,0
75,2017-04-17,09:00:38,343,cs1709,XDCE,2016,2015,2018,4638,93554980,812794,813776,2113,1913,2013,2014,0,2017,0,0,0,2017-04-17,32438343,2017,2,0,0,0,0,0,0,0,0,2018,143,0,0,0,0,0,0,0,0
76,2017-04-17,09:00:38,897,cs1709,XDCE,2017,2015,2018,4650,93797100,812792,813776,2113,1913,2013,2014,0,2017,0,0,0,2017-04-17,32438897,2017,14,0,0,0,0,0,0,0,0,2018,139,0,0,0,0,0,0,0,0
77,2017-04-17,09:00:39,371,cs1709,XDCE,2018,2015,2018,4654,93877820,812788,813776,2113,1913,2013,2014,0,2017,0,0,0,2017-04-17,32439371,2017,15,0,0,0,0,0,0,0,0,2018,137,0,0,0,0,0,0,0,0
78,2017-04-17,09:00:39,901,cs1709,XDCE,2018,2015,2018,4696,94724980,812784,813776,2113,1913,2013,2014,0,2017,0,0,0,2017-04-17,32439901,2017,70,0,0,0,0,0,0,0,0,2018,132,0,0,0,0,0,0,0,0
79,2017-04-17,09:00:40,422,cs1709,XDCE,2018,2015,2018,4696,94724980,812784,813776,2113,1913,2013,2014,0,2017,0,0,0,2017-04-17,32440422,2017,72,0,0,0,0,0,0,0,0,2018,126,0,0,0,0,0,0,0,0
80,2017-04-17,09:00:40,931,cs1709,XDCE,2018,2015,2018,4898,98799340,812656,813776,2113,1913,2013,2014,0,2017,0,0,0,2017-04-17,32440931,2017,2,0,0,0,0,0,0,0,0,2018,95,0,0,0,0,0,0,0,0
81,2017-04-17,09:00:41,424,cs1709,XDCE,2018,2015,2018,4902,98880040,812654,813776,2113,1913,2013,2014,0,2017,0,0,0,2017-04-17,32441424,2017,27,0,0,0,0,0,0,0,0,2018,124,0,0,0,0,0,0,0,0
82,2017-04-17,09:00:41,890,cs1709,XDCE,2017,2015,2018,4984,100533980,812638,813776,2113,1913,2013,2014,0,2017,0,0,0,2017-04-17,32441890,2016,130,0,0,0,0,0,0,0,0,2017,2,0,0,0,0,0,0,0,0
83,2017-04-17,09:00:42,419,cs1709,XDCE,2017,2015,2018,5002,100897100,812632,813776,2113,1913,2013,2014,0,2017,0,0,0,2017-04-17,32442419,2017,55,0,0,0,0,0,0,0,0,2018,120,0,0,0,0,0,0,0,0
84,2017-04-17,09:00:42,929,cs1709,XDCE,2017,2015,2018,5140,103681780,812678,813776,2113,1913,2013,2014,0,2017,0,0,0,2017-04-17,32442929,2017,50,0,0,0,0,0,0,0,0,2018,59,0,0,0,0,0,0,0,0
85,2017-04-17,09:00:43,398,cs1709,XDCE,2018,2015,2018,5202,104932920,812620,813776,2113,1913,2013,2014,0,2017,0,0,0,2017-04-17,32443398,2018,31,0,0,0,0,0,0,0,0,2019,207,0,0,0,0,0,0,0,0
86,2017-04-17,09:00:43,905,cs1709,XDCE,2018,2015,2018,5202,104932920,812620,813776,2113,1913,2013,2014,0,2017,0,0,0,2017-04-17,32443905,2018,64,0,0,0,0,0,0,0,0,2019,185,0,0,0,0,0,0,0,0
87,2017-04-17,09:00:44,426,cs1709,XDCE,2018,2015,2018,5204,104973280,812622,813776,2113,1913,2013,2014,0,2017,0,0,0,2017-04-17,32444426,2018,41,0,0,0,0,0,0,0,0,2019,184,0,0,0,0,0,0,0,0
88,2017-04-17,09:00:44,823,cs1709,XDCE,2018,2015,2018,5204,104973280,812622,813776,2113,1913,2013,2014,0,2017,0,0,0,2017-04-17,32444823,2018,41,0,0,0,0,0,0,0,0,2019,185,0,0,0,0,0,0,0,0
89,2017-04-17,09:00:45,358,cs1709,XDCE,2018,2015,2019,5222,105336600,812630,813776,2113,1913,2013,2014,0,2017,0,0,0,2017-04-17,32445358,2018,36,0,0,0,0,0,0,0,0,2019,182,0,0,0,0,0,0,0,0
90,2017-04-17,09:00:45,920,cs1709,XDCE,2018,2015,2019,5226,105417320,812634,813776,2113,1913,2013,2014,0,2017,0,0,0,2017-04-17,32445920,2018,43,0,0,0,0,0,0,0,0,2019,182,0,0,0,0,0,0,0,0
91,2017-04-17,09:00:46,424,cs1709,XDCE,2019,2015,2019,5236,105619220,812644,813776,2113,1913,2013,2014,0,2017,0,0,0,2017-04-17,32446424,2018,43,0,0,0,0,0,0,0,0,2019,179,0,0,0,0,0,0,0,0
92,2017-04-17,09:00:46,880,cs1709,XDCE,2018,2015,2019,5356,108041400,812680,813776,2113,1913,2013,2014,0,2017,0,0,0,2017-04-17,32446880,2018,14,0,0,0,0,0,0,0,0,2019,156,0,0,0,0,0,0,0,0
93,2017-04-17,09:00:47,406,cs1709,XDCE,2019,2015,2019,5360,108122140,812680,813776,2113,1913,2013,2014,0,2017,0,0,0,2017-04-17,32447406,2018,14,0,0,0,0,0,0,0,0,2019,155,0,0,0,0,0,0,0,0
94,2017-04-17,09:00:47,923,cs1709,XDCE,2019,2015,2019,5366,108243280,812682,813776,2113,1913,2013,2014,0,2017,0,0,0,2017-04-17,32447923,2018,21,0,0,0,0,0,0,0,0,2019,153,0,0,0,0,0,0,0,0
95,2017-04-17,09:00:48,422,cs1709,XDCE,2018,2015,2019,5392,108768060,812682,813776,2113,1913,2013,2014,0,2017,0,0,0,2017-04-17,32448422,2018,21,0,0,0,0,0,0,0,0,2019,148,0,0,0,0,0,0,0,0
96,2017-04-17,09:00:48,921,cs1709,XDCE,2019,2015,2019,5456,110060200,812644,813776,2113,1913,2013,2014,0,2017,0,0,0,2017-04-17,32448921,2018,22,0,0,0,0,0,0,0,0,2019,117,0,0,0,0,0,0,0,0
97,2017-04-17,09:00:49,331,cs1709,XDCE,2018,2015,2019,5464,110221640,812646,813776,2113,1913,2013,2014,0,2017,0,0,0,2017-04-17,32449331,2018,22,0,0,0,0,0,0,0,0,2019,87,0,0,0,0,0,0,0,0
98,2017-04-17,09:00:49,840,cs1709,XDCE,2019,2015,2019,5472,110383140,812646,813776,2113,1913,2013,2014,0,2017,0,0,0,2017-04-17,32449840,2018,25,0,0,0,0,0,0,0,0,2019,83,0,0,0,0,0,0,0,0
99,2017-04-17,09:00:50,422,cs1709,XDCE,2019,2015,2019,5566,112280080,812726,813776,2113,1913,2013,2014,0,2017,0,0,0,2017-04-17,32450422,2018,89,0,0,0,0,0,0,0,0,2019,83,0,0,0,0,0,0,0,0
100,2017-04-17,09:00:50,901,cs1709,XDCE,2018,2015,2019,5568,112320440,812726,813776,2113,1913,2013,2014,0,2017,0,0,0,2017-04-17,32450901,2018,90,0,0,0,0,0,0,0,0,2019,78,0,0,0,0,0,0,0,0
101,2017-04-17,09:00:51,423,cs1709,XDCE,2019,2015,2019,5572,112401180,812728,813776,2113,1913,2013,2014,0,2017,0,0,0,2017-04-17,32451423,2018,109,0,0,0,0,0,0,0,0,2019,77,0,0,0,0,0,0,0,0
102,2017-04-17,09:00:51,927,cs1709,XDCE,2019,2015,2019,5594,112845360,812708,813776,2113,1913,2013,2014,0,2017,0,0,0,2017-04-17,32451927,2018,109,0,0,0,0,0,0,0,0,2019,66,0,0,0,0,0,0,0,0
103,2017-04-17,09:00:52,418,cs1709,XDCE,2018,2015,2019,5608,113127900,812720,813776,2113,1913,2013,2014,0,2017,0,0,0,2017-04-17,32452418,2018,103,0,0,0,0,0,0,0,0,2019,65,0,0,0,0,0,0,0,0
104,2017-04-17,09:00:52,911,cs1709,XDCE,2019,2015,2019,5612,113208660,812718,813776,2113,1913,2013,2014,0,2017,0,0,0,2017-04-17,32452911,2018,105,0,0,0,0,0,0,0,0,2019,66,0,0,0,0,0,0,0,0
105,2017-04-17,09:00:53,364,cs1709,XDCE,2018,2015,2019,5644,113854720,812698,813776,2113,1913,2013,2014,0,2017,0,0,0,2017-04-17,32453364,2018,106,0,0,0,0,0,0,0,0,2019,78,0,0,0,0,0,0,0,0
106,2017-04-17,09:00:53,772,cs1709,XDCE,2019,2015,2019,5654,114056620,812696,813776,2113,1913,2013,2014,0,2017,0,0,0,2017-04-17,32453772,2018,106,0,0,0,0,0,0,0,0,2019,73,0,0,0,0,0,0,0,0
107,2017-04-17,09:00:54,416,cs1709,XDCE,2019,2015,2019,5808,117165880,812736,813776,2113,1913,2013,2014,0,2017,0,0,0,2017-04-17,32454416,2019,147,0,0,0,0,0,0,0,0,2020,229,0,0,0,0,0,0,0,0
108,2017-04-17,09:00:54,921,cs1709,XDCE,2019,2015,2020,5834,117690880,812736,813776,2113,1913,2013,2014,0,2017,0,0,0,2017-04-17,32454921,2019,149,0,0,0,0,0,0,0,0,2020,256,0,0,0,0,0,0,0,0
109,2017-04-17,09:00:55,428,cs1709,XDCE,2019,2015,2020,5886,118741060,812728,813776,2113,1913,2013,2014,0,2017,0,0,0,2017-04-17,32455428,2019,155,0,0,0,0,0,0,0,0,2020,219,0,0,0,0,0,0,0,0
110,2017-04-17,09:00:55,908,cs1709,XDCE,2019,2015,2020,5888,118781440,812728,813776,2113,1913,2013,2014,0,2017,0,0,0,2017-04-17,32455908,2019,174,0,0,0,0,0,0,0,0,2020,214,0,0,0,0,0,0,0,0
111,2017-04-17,09:00:56,404,cs1709,XDCE,2020,2015,2020,5894,118902600,812732,813776,2113,1913,2013,2014,0,2017,0,0,0,2017-04-17,32456404,2019,239,0,0,0,0,0,0,0,0,2020,213,0,0,0,0,0,0,0,0
112,2017-04-17,09:00:56,926,cs1709,XDCE,2019,2015,2020,5912,119266180,812718,813776,2113,1913,2013,2014,0,2017,0,0,0,2017-04-17,32456926,2019,238,0,0,0,0,0,0,0,0,2020,173,0,0,0,0,0,0,0,0
113,2017-04-17,09:00:57,384,cs1709,XDCE,2020,2015,2020,6262,126336160,812908,813776,2113,1913,2013,2014,0,2017,0,0,0,2017-04-17,32457384,2020,119,0,0,0,0,0,0,0,0,2021,150,0,0,0,0,0,0,0,0
114,2017-04-17,09:00:57,890,cs1709,XDCE,2021,2015,2021,6300,127104140,812906,813776,2113,1913,2013,2014,0,2017,0,0,0,2017-04-17,32457890,2020,168,0,0,0,0,0,0,0,0,2021,108,0,0,0,0,0,0,0,0
115,2017-04-17,09:00:58,418,cs1709,XDCE,2021,2015,2021,6416,129448460,812950,813776,2113,1913,2013,2014,0,2017,0,0,0,2017-04-17,32458418,2020,208,0,0,0,0,0,0,0,0,2021,45,0,0,0,0,0,0,0,0
116,2017-04-17,09:00:58,897,cs1709,XDCE,2022,2015,2022,6514,131429120,812880,813776,2113,1913,2013,2014,0,2017,0,0,0,2017-04-17,32458897,2021,20,0,0,0,0,0,0,0,0,2022,211,0,0,0,0,0,0,0,0
117,2017-04-17,09:00:59,417,cs1709,XDCE,2022,2015,2022,6536,131873960,812878,813776,2113,1913,2013,2014,0,2017,0,0,0,2017-04-17,32459417,2021,56,0,0,0,0,0,0,0,0,2022,201,0,0,0,0,0,0,0,0
118,2017-04-17,09:00:59,928,cs1709,XDCE,2022,2015,2022,6542,131995280,812874,813776,2113,1913,2013,2014,0,2017,0,0,0,2017-04-17,32459928,2021,87,0,0,0,0,0,0,0,0,2022,167,0,0,0,0,0,0,0,0
119,2017-04-17,09:01:00,426,cs1709,XDCE,2021,2015,2022,6558,132318660,812866,813776,2113,1913,2013,2014,0,2017,0,0,0,2017-04-17,32460426,2021,82,0,0,0,0,0,0,0,0,2022,166,0,0,0,0,0,0,0,0
120,2017-04-17,09:01:00,925,cs1709,XDCE,2022,2015,2022,6594,133046540,812862,813776,2113,1913,2013,2014,0,2017,0,0,0,2017-04-17,32460925,2021,116,0,0,0,0,0,0,0,0,2022,150,0,0,0,0,0,0,0,0
121,2017-04-17,09:01:01,424,cs1709,XDCE,2021,2015,2022,6732,135836660,812868,813776,2113,1913,2013,2014,0,2017,0,0,0,2017-04-17,32461424,2021,105,0,0,0,0,0,0,0,0,2022,94,0,0,0,0,0,0,0,0
122,2017-04-17,09:01:01,909,cs1709,XDCE,2022,2015,2022,6774,136685900,812866,813776,2113,1913,2013,2014,0,2017,0,0,0,2017-04-17,32461909,2021,115,0,0,0,0,0,0,0,0,2022,69,0,0,0,0,0,0,0,0
123,2017-04-17,09:01:02,390,cs1709,XDCE,2022,2015,2022,6862,138465220,812868,813776,2113,1913,2013,2014,0,2017,0,0,0,2017-04-17,32462390,2021,113,0,0,0,0,0,0,0,0,2022,50,0,0,0,0,0,0,0,0
124,2017-04-17,09:01:02,924,cs1709,XDCE,2021,2015,2022,6902,139273960,812838,813776,2113,1913,2013,2014,0,2017,0,0,0,2017-04-17,32462924,2021,116,0,0,0,0,0,0,0,0,2022,39,0,0,0,0,0,0,0,0
125,2017-04-17,09:01:03,430,cs1709,XDCE,2021,2015,2022,6954,140325380,812846,813776,2113,1913,2013,2014,0,2017,0,0,0,2017-04-17,32463430,2021,96,0,0,0,0,0,0,0,0,2022,56,0,0,0,0,0,0,0,0
126,2017-04-17,09:01:03,929,cs1709,XDCE,2022,2015,2022,6972,140689300,812842,813776,2113,1913,2013,2014,0,2017,0,0,0,2017-04-17,32463929,2021,64,0,0,0,0,0,0,0,0,2022,107,0,0,0,0,0,0,0,0
127,2017-04-17,09:01:04,400,cs1709,XDCE,2021,2015,2022,7040,142063820,812852,813776,2113,1913,2013,2014,0,2017,0,0,0,2017-04-17,32464400,2021,40,0,0,0,0,0,0,0,0,2022,106,0,0,0,0,0,0,0,0
128,2017-04-17,09:01:04,855,cs1709,XDCE,2021,2015,2022,7126,143801880,812804,813776,2113,1913,2013,2014,0,2017,0,0,0,2017-04-17,32464855,2020,69,0,0,0,0,0,0,0,0,2021,66,0,0,0,0,0,0,0,0
129,2017-04-17,09:01:05,400,cs1709,XDCE,2021,2015,2022,7136,144003980,812804,813776,2113,1913,2013,2014,0,2017,0,0,0,2017-04-17,32465400,2020,68,0,0,0,0,0,0,0,0,2021,76,0,0,0,0,0,0,0,0
130,2017-04-17,09:01:05,895,cs1709,XDCE,2021,2015,2022,7176,144812340,812778,813776,2113,1913,2013,2014,0,2017,0,0,0,2017-04-17,32465895,2020,62,0,0,0,0,0,0,0,0,2021,95,0,0,0,0,0,0,0,0
131,2017-04-17,09:01:06,410,cs1709,XDCE,2021,2015,2022,7182,144933580,812776,813776,2113,1913,2013,2014,0,2017,0,0,0,2017-04-17,32466410,2020,61,0,0,0,0,0,0,0,0,2021,136,0,0,0,0,0,0,0,0
132,2017-04-17,09:01:06,916,cs1709,XDCE,2021,2015,2022,7190,145095240,812776,813776,2113,1913,2013,2014,0,2017,0,0,0,2017-04-17,32466916,2020,63,0,0,0,0,0,0,0,0,2021,135,0,0,0,0,0,0,0,0
133,2017-04-17,09:01:07,401,cs1709,XDCE,2019,2015,2022,7328,147882920,812748,813776,2113,1913,2013,2014,0,2017,0,0,0,2017-04-17,32467401,2019,171,0,0,0,0,0,0,0,0,2020,70,0,0,0,0,0,0,0,0
134,2017-04-17,09:01:07,845,cs1709,XDCE,2019,2015,2022,7328,147882920,812748,813776,2113,1913,2013,2014,0,2017,0,0,0,2017-04-17,32467845,2019,160,0,0,0,0,0,0,0,0,2020,101,0,0,0,0,0,0,0,0
135,2017-04-17,09:01:08,405,cs1709,XDCE,2020,2015,2022,7338,148084920,812748,813776,2113,1913,2013,2014,0,2017,0,0,0,2017-04-17,32468405,2019,157,0,0,0,0,0,0,0,0,2020,102,0,0,0,0,0,0,0,0
136,2017-04-17,09:01:08,929,cs1709,XDCE,2020,2015,2022,7352,148367720,812752,813776,2113,1913,2013,2014,0,2017,0,0,0,2017-04-17,32468929,2019,158,0,0,0,0,0,0,0,0,2020,96,0,0,0,0,0,0,0,0
137,2017-04-17,09:01:09,420,cs1709,XDCE,2020,2015,2022,7384,149014100,812754,813776,2113,1913,2013,2014,0,2017,0,0,0,2017-04-17,32469420,2019,156,0,0,0,0,0,0,0,0,2020,81,0,0,0,0,0,0,0,0
138,2017-04-17,09:01:09,913,cs1709,XDCE,2019,2015,2022,7396,149256380,812754,813776,2113,1913,2013,2014,0,2017,0,0,0,2017-04-17,32469913,2019,150,0,0,0,0,0,0,0,0,2020,108,0,0,0,0,0,0,0,0
139,2017-04-17,09:01:10,405,cs1709,XDCE,2020,2015,2022,7454,150427960,812800,813776,2113,1913,2013,2014,0,2017,0,0,0,2017-04-17,32470405,2019,150,0,0,0,0,0,0,0,0,2020,91,0,0,0,0,0,0,0,0
140,2017-04-17,09:01:10,915,cs1709,XDCE,2020,2015,2022,7652,154427540,812784,813776,2113,1913,2013,2014,0,2017,0,0,0,2017-04-17,32470915,2020,109,0,0,0,0,0,0,0,0,2021,231,0,0,0,0,0,0,0,0
141,2017-04-17,09:01:11,392,cs1709,XDCE,2019,2015,2022,7902,159477500,812784,813776,2113,1913,2013,2014,0,2017,0,0,0,2017-04-17,32471392,2019,137,0,0,0,0,0,0,0,0,2020,10,0,0,0,0,0,0,0,0
142,2017-04-17,09:01:11,872,cs1709,XDCE,2020,2015,2022,7916,159760300,812784,813776,2113,1913,2013,2014,0,2017,0,0,0,2017-04-17,32471872,2019,137,0,0,0,0,0,0,0,0,2020,8,0,0,0,0,0,0,0,0
143,2017-04-17,09:01:12,302,cs1709,XDCE,2020,2015,2022,7918,159800700,812784,813776,2113,1913,2013,2014,0,2017,0,0,0,2017-04-17,32472302,2019,138,0,0,0,0,0,0,0,0,2020,104,0,0,0,0,0,0,0,0
144,2017-04-17,09:01:12,863,cs1709,XDCE,2020,2015,2022,7958,160608700,812816,813776,2113,1913,2013,2014,0,2017,0,0,0,2017-04-17,32472863,2019,140,0,0,0,0,0,0,0,0,2020,84,0,0,0,0,0,0,0,0
145,2017-04-17,09:01:13,381,cs1709,XDCE,2020,2015,2022,7958,160608700,812816,813776,2113,1913,2013,2014,0,2017,0,0,0,2017-04-17,32473381,2019,31,0,0,0,0,0,0,0,0,2020,84,0,0,0,0,0,0,0,0
146,2017-04-17,09:01:13,867,cs1709,XDCE,2019,2015,2022,7978,161012520,812810,813776,2113,1913,2013,2014,0,2017,0,0,0,2017-04-17,32473867,2019,18,0,0,0,0,0,0,0,0,2020,92,0,0,0,0,0,0,0,0
147,2017-04-17,09:01:14,417,cs1709,XDCE,2020,2015,2022,7984,161133720,812816,813776,2113,1913,2013,2014,0,2017,0,0,0,2017-04-17,32474417,2019,19,0,0,0,0,0,0,0,0,2020,101,0,0,0,0,0,0,0,0
148,2017-04-17,09:01:14,902,cs1709,XDCE,2019,2015,2022,7990,161254880,812822,813776,2113,1913,2013,2014,0,2017,0,0,0,2017-04-17,32474902,2019,17,0,0,0,0,0,0,0,0,2020,102,0,0,0,0,0,0,0,0
149,2017-04-17,09:01:15,414,cs1709,XDCE,2019,2015,2022,8002,161497160,812834,813776,2113,1913,2013,2014,0,2017,0,0,0,2017-04-17,32475414,2019,36,0,0,0,0,0,0,0,0,2020,106,0,0,0,0,0,0,0,0
150,2017-04-17,09:01:15,911,cs1709,XDCE,2020,2015,2022,8004,161537560,812836,813776,2113,1913,2013,2014,0,2017,0,0,0,2017-04-17,32475911,2019,36,0,0,0,0,0,0,0,0,2020,107,0,0,0,0,0,0,0,0
151,2017-04-17,09:01:16,426,cs1709,XDCE,2019,2015,2022,8008,161618340,812836,813776,2113,1913,2013,2014,0,2017,0,0,0,2017-04-17,32476426,2019,37,0,0,0,0,0,0,0,0,2020,106,0,0,0,0,0,0,0,0
152,2017-04-17,09:01:16,879,cs1709,XDCE,2019,2015,2022,8008,161618340,812836,813776,2113,1913,2013,2014,0,2017,0,0,0,2017-04-17,32476879,2019,41,0,0,0,0,0,0,0,0,2020,106,0,0,0,0,0,0,0,0
153,2017-04-17,09:01:17,427,cs1709,XDCE,2019,2015,2022,8014,161739520,812838,813776,2113,1913,2013,2014,0,2017,0,0,0,2017-04-17,32477427,2019,40,0,0,0,0,0,0,0,0,2020,104,0,0,0,0,0,0,0,0
154,2017-04-17,09:01:17,915,cs1709,XDCE,2020,2015,2022,8024,161941440,812838,813776,2113,1913,2013,2014,0,2017,0,0,0,2017-04-17,32477915,2019,37,0,0,0,0,0,0,0,0,2020,103,0,0,0,0,0,0,0,0
155,2017-04-17,09:01:18,416,cs1709,XDCE,2019,2015,2022,8036,162183720,812848,813776,2113,1913,2013,2014,0,2017,0,0,0,2017-04-17,32478416,2019,31,0,0,0,0,0,0,0,0,2020,123,0,0,0,0,0,0,0,0
156,2017-04-17,09:01:18,927,cs1709,XDCE,2019,2015,2022,8038,162224100,812848,813776,2113,1913,2013,2014,0,2017,0,0,0,2017-04-17,32478927,2019,49,0,0,0,0,0,0,0,0,2020,115,0,0,0,0,0,0,0,0
157,2017-04-17,09:01:19,409,cs1709,XDCE,2019,2015,2022,8042,162304860,812848,813776,2113,1913,2013,2014,0,2017,0,0,0,2017-04-17,32479409,2019,47,0,0,0,0,0,0,0,0,2020,125,0,0,0,0,0,0,0,0
158,2017-04-17,09:01:19,916,cs1709,XDCE,2020,2015,2022,8080,163072400,812820,813776,2113,1913,2013,2014,0,2017,0,0,0,2017-04-17,32479916,2019,56,0,0,0,0,0,0,0,0,2020,112,0,0,0,0,0,0,0,0
159,2017-04-17,09:01:20,411,cs1709,XDCE,2020,2015,2022,8080,163072400,812820,813776,2113,1913,2013,2014,0,2017,0,0,0,2017-04-17,32480411,2019,62,0,0,0,0,0,0,0,0,2020,116,0,0,0,0,0,0,0,0
160,2017-04-17,09:01:20,927,cs1709,XDCE,2019,2015,2022,8090,163274300,812820,813776,2113,1913,2013,2014,0,2017,0,0,0,2017-04-17,32480927,2019,59,0,0,0,0,0,0,0,0,2020,118,0,0,0,0,0,0,0,0
161,2017-04-17,09:01:21,416,cs1709,XDCE,2019,2015,2022,8094,163355060,812822,813776,2113,1913,2013,2014,0,2017,0,0,0,2017-04-17,32481416,2019,67,0,0,0,0,0,0,0,0,2020,144,0,0,0,0,0,0,0,0
162,2017-04-17,09:01:21,895,cs1709,XDCE,2020,2015,2022,8098,163435860,812822,813776,2113,1913,2013,2014,0,2017,0,0,0,2017-04-17,32481895,2019,77,0,0,0,0,0,0,0,0,2020,142,0,0,0,0,0,0,0,0
163,2017-04-17,09:01:22,426,cs1709,XDCE,2020,2015,2022,8104,163557060,812822,813776,2113,1913,2013,2014,0,2017,0,0,0,2017-04-17,32482426,2019,87,0,0,0,0,0,0,0,0,2020,139,0,0,0,0,0,0,0,0
164,2017-04-17,09:01:22,867,cs1709,XDCE,2019,2015,2022,8196,165414540,812860,813776,2113,1913,2013,2014,0,2017,0,0,0,2017-04-17,32482867,2019,41,0,0,0,0,0,0,0,0,2020,144,0,0,0,0,0,0,0,0
165,2017-04-17,09:01:23,414,cs1709,XDCE,2019,2015,2022,8258,166666320,812902,813776,2113,1913,2013,2014,0,2017,0,0,0,2017-04-17,32483414,2018,164,0,0,0,0,0,0,0,0,2019,23,0,0,0,0,0,0,0,0
166,2017-04-17,09:01:23,925,cs1709,XDCE,2019,2015,2022,8260,166706700,812902,813776,2113,1913,2013,2014,0,2017,0,0,0,2017-04-17,32483925,2018,143,0,0,0,0,0,0,0,0,2019,61,0,0,0,0,0,0,0,0
167,2017-04-17,09:01:24,431,cs1709,XDCE,2019,2015,2022,8288,167271800,812908,813776,2113,1913,2013,2014,0,2017,0,0,0,2017-04-17,32484431,2018,133,0,0,0,0,0,0,0,0,2019,79,0,0,0,0,0,0,0,0
168,2017-04-17,09:01:24,897,cs1709,XDCE,2019,2015,2022,8290,167312180,812908,813776,2113,1913,2013,2014,0,2017,0,0,0,2017-04-17,32484897,2018,142,0,0,0,0,0,0,0,0,2019,80,0,0,0,0,0,0,0,0
169,2017-04-17,09:01:25,376,cs1709,XDCE,2019,2015,2022,8292,167352560,812910,813776,2113,1913,2013,2014,0,2017,0,0,0,2017-04-17,32485376,2018,141,0,0,0,0,0,0,0,0,2019,79,0,0,0,0,0,0,0,0
170,2017-04-17,09:01:25,856,cs1709,XDCE,2018,2015,2022,8304,167594720,812910,813776,2113,1913,2013,2014,0,2017,0,0,0,2017-04-17,32485856,2018,135,0,0,0,0,0,0,0,0,2019,90,0,0,0,0,0,0,0,0
171,2017-04-17,09:01:26,419,cs1709,XDCE,2019,2015,2022,8310,167715860,812916,813776,2113,1913,2013,2014,0,2017,0,0,0,2017-04-17,32486419,2018,155,0,0,0,0,0,0,0,0,2019,88,0,0,0,0,0,0,0,0
172,2017-04-17,09:01:26,914,cs1709,XDCE,2018,2015,2022,8314,167796580,812920,813776,2113,1913,2013,2014,0,2017,0,0,0,2017-04-17,32486914,2018,153,0,0,0,0,0,0,0,0,2019,100,0,0,0,0,0,0,0,0
173,2017-04-17,09:01:27,257,cs1709,XDCE,2018,2015,2022,8318,167877300,812920,813776,2113,1913,2013,2014,0,2017,0,0,0,2017-04-17,32487257,2018,151,0,0,0,0,0,0,0,0,2019,100,0,0,0,0,0,0,0,0
174,2017-04-17,09:01:27,922,cs1709,XDCE,2018,2015,2022,8340,168321260,812942,813776,2113,1913,2013,2014,0,2017,0,0,0,2017-04-17,32487922,2018,140,0,0,0,0,0,0,0,0,2019,106,0,0,0,0,0,0,0,0
175,2017-04-17,09:01:28,418,cs1709,XDCE,2018,2015,2022,8500,171550060,812838,813776,2113,1913,2013,2014,0,2017,0,0,0,2017-04-17,32488418,2018,61,0,0,0,0,0,0,0,0,2019,106,0,0,0,0,0,0,0,0
176,2017-04-17,09:01:28,920,cs1709,XDCE,2018,2015,2022,8594,173446980,812824,813776,2113,1913,2013,2014,0,2017,0,0,0,2017-04-17,32488920,2017,108,0,0,0,0,0,0,0,0,2018,4,0,0,0,0,0,0,0,0
177,2017-04-17,09:01:29,354,cs1709,XDCE,2018,2015,2022,8662,174818600,812808,813776,2113,1913,2013,2014,0,2017,0,0,0,2017-04-17,32489354,2017,60,0,0,0,0,0,0,0,0,2018,119,0,0,0,0,0,0,0,0
178,2017-04-17,09:01:29,903,cs1709,XDCE,2018,2015,2022,8686,175302920,812798,813776,2113,1913,2013,2014,0,2017,0,0,0,2017-04-17,32489903,2017,39,0,0,0,0,0,0,0,0,2018,118,0,0,0,0,0,0,0,0
179,2017-04-17,09:01:30,407,cs1709,XDCE,2018,2015,2022,8690,175383640,812802,813776,2113,1913,2013,2014,0,2017,0,0,0,2017-04-17,32490407,2017,39,0,0,0,0,0,0,0,0,2018,216,0,0,0,0,0,0,0,0
180,2017-04-17,09:01:30,782,cs1709,XDCE,2018,2015,2022,8690,175383640,812802,813776,2113,1913,2013,2014,0,2017,0,0,0,2017-04-17,32490782,2017,41,0,0,0,0,0,0,0,0,2018,220,0,0,0,0,0,0,0,0
181,2017-04-17,09:01:31,274,cs1709,XDCE,2017,2015,2022,8704,175666020,812800,813776,2113,1913,2013,2014,0,2017,0,0,0,2017-04-17,32491274,2017,34,0,0,0,0,0,0,0,0,2018,221,0,0,0,0,0,0,0,0
182,2017-04-17,09:01:31,850,cs1709,XDCE,2017,2015,2022,8704,175666020,812800,813776,2113,1913,2013,2014,0,2017,0,0,0,2017-04-17,32491850,2017,54,0,0,0,0,0,0,0,0,2018,221,0,0,0,0,0,0,0,0
183,2017-04-17,09:01:32,370,cs1709,XDCE,2018,2015,2022,8744,176473220,812800,813776,2113,1913,2013,2014,0,2017,0,0,0,2017-04-17,32492370,2017,55,0,0,0,0,0,0,0,0,2018,202,0,0,0,0,0,0,0,0
184,2017-04-17,09:01:32,861,cs1709,XDCE,2018,2015,2022,8744,176473220,812800,813776,2113,1913,2013,2014,0,2017,0,0,0,2017-04-17,32492861,2017,55,0,0,0,0,0,0,0,0,2018,187,0,0,0,0,0,0,0,0
185,2017-04-17,09:01:33,428,cs1709,XDCE,2018,2015,2022,8830,178207860,812822,813776,2113,1913,2013,2014,0,2017,0,0,0,2017-04-17,32493428,2016,363,0,0,0,0,0,0,0,0,2018,174,0,0,0,0,0,0,0,0
186,2017-04-17,09:01:33,913,cs1709,XDCE,2017,2015,2022,8834,178288540,812826,813776,2113,1913,2013,2014,0,2017,0,0,0,2017-04-17,32493913,2016,363,0,0,0,0,0,0,0,0,2018,163,0,0,0,0,0,0,0,0
187,2017-04-17,09:01:34,386,cs1709,XDCE,2017,2015,2022,8834,178288540,812826,813776,2113,1913,2013,2014,0,2017,0,0,0,2017-04-17,32494386,2016,363,0,0,0,0,0,0,0,0,2018,213,0,0,0,0,0,0,0,0
188,2017-04-17,09:01:34,903,cs1709,XDCE,2017,2015,2022,8838,178369220,812826,813776,2113,1913,2013,2014,0,2017,0,0,0,2017-04-17,32494903,2016,363,0,0,0,0,0,0,0,0,2018,213,0,0,0,0,0,0,0,0
189,2017-04-17,09:01:35,384,cs1709,XDCE,2017,2015,2022,8840,178409560,812826,813776,2113,1913,2013,2014,0,2017,0,0,0,2017-04-17,32495384,2017,114,0,0,0,0,0,0,0,0,2018,163,0,0,0,0,0,0,0,0
190,2017-04-17,09:01:35,929,cs1709,XDCE,2017,2015,2022,8850,178611260,812826,813776,2113,1913,2013,2014,0,2017,0,0,0,2017-04-17,32495929,2017,114,0,0,0,0,0,0,0,0,2018,163,0,0,0,0,0,0,0,0
191,2017-04-17,09:01:36,393,cs1709,XDCE,2017,2015,2022,8864,178893640,812830,813776,2113,1913,2013,2014,0,2017,0,0,0,2017-04-17,32496393,2017,107,0,0,0,0,0,0,0,0,2018,194,0,0,0,0,0,0,0,0
192,2017-04-17,09:01:36,863,cs1709,XDCE,2018,2015,2022,8870,179014720,812836,813776,2113,1913,2013,2014,0,2017,0,0,0,2017-04-17,32496863,2017,127,0,0,0,0,0,0,0,0,2018,192,0,0,0,0,0,0,0,0
193,2017-04-17,09:01:37,394,cs1709,XDCE,2018,2015,2022,8870,179014720,812836,813776,2113,1913,2013,2014,0,2017,0,0,0,2017-04-17,32497394,2017,132,0,0,0,0,0,0,0,0,2018,192,0,0,0,0,0,0,0,0
194,2017-04-17,09:01:37,827,cs1709,XDCE,2017,2015,2022,8872,179055060,812836,813776,2113,1913,2013,2014,0,2017,0,0,0,2017-04-17,32497827,2017,131,0,0,0,0,0,0,0,0,2018,192,0,0,0,0,0,0,0,0
195,2017-04-17,09:01:38,420,cs1709,XDCE,2018,2015,2022,9000,181636860,812842,813776,2113,1913,2013,2014,0,2017,0,0,0,2017-04-17,32498420,2017,69,0,0,0,0,0,0,0,0,2018,191,0,0,0,0,0,0,0,0
196,2017-04-17,09:01:38,882,cs1709,XDCE,2018,2015,2022,9010,181838660,812842,813776,2113,1913,2013,2014,0,2017,0,0,0,2017-04-17,32498882,2017,69,0,0,0,0,0,0,0,0,2018,186,0,0,0,0,0,0,0,0
197,2017-04-17,09:01:39,400,cs1709,XDCE,2017,2015,2022,9022,182080700,812852,813776,2113,1913,2013,2014,0,2017,0,0,0,2017-04-17,32499400,2017,93,0,0,0,0,0,0,0,0,2018,186,0,0,0,0,0,0,0,0
198,2017-04-17,09:01:39,874,cs1709,XDCE,2018,2015,2022,9028,182201760,812856,813776,2113,1913,2013,2014,0,2017,0,0,0,2017-04-17,32499874,2017,92,0,0,0,0,0,0,0,0,2018,179,0,0,0,0,0,0,0,0
199,2017-04-17,09:01:40,417,cs1709,XDCE,2018,2015,2022,9028,182201760,812856,813776,2113,1913,2013,2014,0,2017,0,0,0,2017-04-17,32500417,2017,95,0,0,0,0,0,0,0,0,2018,186,0,0,0,0,0,0,0,0
200,2017-04-17,09:01:40,829,cs1709,XDCE,2018,2015,2022,9042,182484220,812856,813776,2113,1913,2013,2014,0,2017,0,0,0,2017-04-17,32500829,2017,92,0,0,0,0,0,0,0,0,2018,187,0,0,0,0,0,0,0,0
201,2017-04-17,09:01:41,411,cs1709,XDCE,2017,2015,2022,9128,184218940,812900,813776,2113,1913,2013,2014,0,2017,0,0,0,2017-04-17,32501411,2017,54,0,0,0,0,0,0,0,0,2018,183,0,0,0,0,0,0,0,0
202,2017-04-17,09:01:41,894,cs1709,XDCE,2017,2015,2022,9144,184541680,812906,813776,2113,1913,2013,2014,0,2017,0,0,0,2017-04-17,32501894,2017,59,0,0,0,0,0,0,0,0,2018,182,0,0,0,0,0,0,0,0
203,2017-04-17,09:01:42,385,cs1709,XDCE,2017,2015,2022,9144,184541680,812906,813776,2113,1913,2013,2014,0,2017,0,0,0,2017-04-17,32502385,2017,59,0,0,0,0,0,0,0,0,2018,193,0,0,0,0,0,0,0,0
204,2017-04-17,09:01:42,792,cs1709,XDCE,2017,2015,2022,9144,184541680,812906,813776,2113,1913,2013,2014,0,2017,0,0,0,2017-04-17,32502792,2017,60,0,0,0,0,0,0,0,0,2018,195,0,0,0,0,0,0,0,0
205,2017-04-17,09:01:43,327,cs1709,XDCE,2017,2015,2022,9146,184582020,812908,813776,2113,1913,2013,2014,0,2017,0,0,0,2017-04-17,32503327,2017,59,0,0,0,0,0,0,0,0,2018,195,0,0,0,0,0,0,0,0
206,2017-04-17,09:01:43,900,cs1709,XDCE,2018,2015,2022,9152,184703060,812912,813776,2113,1913,2013,2014,0,2017,0,0,0,2017-04-17,32503900,2017,68,0,0,0,0,0,0,0,0,2018,194,0,0,0,0,0,0,0,0
207,2017-04-17,09:01:44,309,cs1709,XDCE,2017,2015,2022,9156,184783740,812916,813776,2113,1913,2013,2014,0,2017,0,0,0,2017-04-17,32504309,2017,66,0,0,0,0,0,0,0,0,2018,194,0,0,0,0,0,0,0,0
208,2017-04-17,09:01:45,347,cs1709,XDCE,2017,2015,2022,9156,184783740,812916,813776,2113,1913,2013,2014,0,2017,0,0,0,2017-04-17,32505347,2017,68,0,0,0,0,0,0,0,0,2018,194,0,0,0,0,0,0,0,0
209,2017-04-17,09:01:45,881,cs1709,XDCE,2017,2015,2022,9208,185832640,812916,813776,2113,1913,2013,2014,0,2017,0,0,0,2017-04-17,32505881,2017,45,0,0,0,0,0,0,0,0,2018,194,0,0,0,0,0,0,0,0
210,2017-04-17,09:01:46,287,cs1709,XDCE,2017,2015,2022,9212,185913340,812920,813776,2113,1913,2013,2014,0,2017,0,0,0,2017-04-17,32506287,2017,44,0,0,0,0,0,0,0,0,2018,193,0,0,0,0,0,0,0,0
211,2017-04-17,09:01:46,677,cs1709,XDCE,2017,2015,2022,9214,185953680,812922,813776,2113,1913,2013,2014,0,2017,0,0,0,2017-04-17,32506677,2017,44,0,0,0,0,0,0,0,0,2018,193,0,0,0,0,0,0,0,0
212,2017-04-17,09:01:47,390,cs1709,XDCE,2018,2015,2022,9218,186034400,812924,813776,2113,1913,2013,2014,0,2017,0,0,0,2017-04-17,32507390,2017,44,0,0,0,0,0,0,0,0,2018,191,0,0,0,0,0,0,0,0
213,2017-04-17,09:01:47,801,cs1709,XDCE,2017,2015,2022,9286,187405960,812910,813776,2113,1913,2013,2014,0,2017,0,0,0,2017-04-17,32507801,2017,60,0,0,0,0,0,0,0,0,2018,191,0,0,0,0,0,0,0,0
214,2017-04-17,09:01:48,416,cs1709,XDCE,2017,2015,2022,9328,188253100,812872,813776,2113,1913,2013,2014,0,2017,0,0,0,2017-04-17,32508416,2017,146,0,0,0,0,0,0,0,0,2018,161,0,0,0,0,0,0,0,0
215,2017-04-17,09:01:48,914,cs1709,XDCE,2017,2015,2022,9332,188333780,812872,813776,2113,1913,2013,2014,0,2017,0,0,0,2017-04-17,32508914,2017,172,0,0,0,0,0,0,0,0,2018,160,0,0,0,0,0,0,0,0
216,2017-04-17,09:01:49,417,cs1709,XDCE,2018,2015,2022,9334,188374140,812874,813776,2113,1913,2013,2014,0,2017,0,0,0,2017-04-17,32509417,2017,178,0,0,0,0,0,0,0,0,2018,159,0,0,0,0,0,0,0,0
217,2017-04-17,09:01:49,809,cs1709,XDCE,2017,2015,2022,9338,188454820,812874,813776,2113,1913,2013,2014,0,2017,0,0,0,2017-04-17,32509809,2017,177,0,0,0,0,0,0,0,0,2018,160,0,0,0,0,0,0,0,0
218,2017-04-17,09:01:50,407,cs1709,XDCE,2017,2015,2022,9368,189059920,812874,813776,2113,1913,2013,2014,0,2017,0,0,0,2017-04-17,32510407,2017,166,0,0,0,0,0,0,0,0,2018,160,0,0,0,0,0,0,0,0
219,2017-04-17,09:01:50,894,cs1709,XDCE,2017,2015,2022,9372,189140600,812870,813776,2113,1913,2013,2014,0,2017,0,0,0,2017-04-17,32510894,2017,165,0,0,0,0,0,0,0,0,2018,174,0,0,0,0,0,0,0,0
220,2017-04-17,09:01:51,400,cs1709,XDCE,2017,2015,2022,9374,189180940,812868,813776,2113,1913,2013,2014,0,2017,0,0,0,2017-04-17,32511400,2017,166,0,0,0,0,0,0,0,0,2018,174,0,0,0,0,0,0,0,0
221,2017-04-17,09:01:51,916,cs1709,XDCE,2017,2015,2022,9378,189261640,812866,813776,2113,1913,2013,2014,0,2017,0,0,0,2017-04-17,32511916,2017,165,0,0,0,0,0,0,0,0,2018,173,0,0,0,0,0,0,0,0
222,2017-04-17,09:01:52,419,cs1709,XDCE,2017,2015,2022,9378,189261640,812866,813776,2113,1913,2013,2014,0,2017,0,0,0,2017-04-17,32512419,2017,141,0,0,0,0,0,0,0,0,2018,173,0,0,0,0,0,0,0,0
223,2017-04-17,09:01:53,356,cs1709,XDCE,2017,2015,2022,9380,189301980,812864,813776,2113,1913,2013,2014,0,2017,0,0,0,2017-04-17,32513356,2017,141,0,0,0,0,0,0,0,0,2018,174,0,0,0,0,0,0,0,0
224,2017-04-17,09:01:53,775,cs1709,XDCE,2017,2015,2022,9380,189301980,812864,813776,2113,1913,2013,2014,0,2017,0,0,0,2017-04-17,32513775,2017,341,0,0,0,0,0,0,0,0,2018,174,0,0,0,0,0,0,0,0
225,2017-04-17,09:01:54,393,cs1709,XDCE,2017,2015,2022,9382,189342320,812864,813776,2113,1913,2013,2014,0,2017,0,0,0,2017-04-17,32514393,2017,343,0,0,0,0,0,0,0,0,2018,180,0,0,0,0,0,0,0,0
226,2017-04-17,09:01:54,923,cs1709,XDCE,2017,2015,2022,9420,190108960,812864,813776,2113,1913,2013,2014,0,2017,0,0,0,2017-04-17,32514923,2017,334,0,0,0,0,0,0,0,0,2018,175,0,0,0,0,0,0,0,0
227,2017-04-17,09:01:55,416,cs1709,XDCE,2017,2015,2022,9420,190108960,812864,813776,2113,1913,2013,2014,0,2017,0,0,0,2017-04-17,32515416,2017,342,0,0,0,0,0,0,0,0,2018,187,0,0,0,0,0,0,0,0
228,2017-04-17,09:01:55,914,cs1709,XDCE,2018,2015,2022,9428,190270360,812864,813776,2113,1913,2013,2014,0,2017,0,0,0,2017-04-17,32515914,2017,340,0,0,0,0,0,0,0,0,2018,185,0,0,0,0,0,0,0,0
229,2017-04-17,09:01:56,397,cs1709,XDCE,2017,2015,2022,9472,191157840,812864,813776,2113,1913,2013,2014,0,2017,0,0,0,2017-04-17,32516397,2017,319,0,0,0,0,0,0,0,0,2018,305,0,0,0,0,0,0,0,0
230,2017-04-17,09:01:57,415,cs1709,XDCE,2017,2015,2022,9484,191399920,812868,813776,2113,1913,2013,2014,0,2017,0,0,0,2017-04-17,32517415,2017,315,0,0,0,0,0,0,0,0,2018,303,0,0,0,0,0,0,0,0
231,2017-04-17,09:01:57,852,cs1709,XDCE,2017,2015,2022,9490,191520940,812872,813776,2113,1913,2013,2014,0,2017,0,0,0,2017-04-17,32517852,2017,312,0,0,0,0,0,0,0,0,2018,323,0,0,0,0,0,0,0,0
232,2017-04-17,09:01:58,917,cs1709,XDCE,2017,2015,2022,9490,191520940,812872,813776,2113,1913,2013,2014,0,2017,0,0,0,2017-04-17,32518917,2017,312,0,0,0,0,0,0,0,0,2018,324,0,0,0,0,0,0,0,0
233,2017-04-17,09:01:59,326,cs1709,XDCE,2017,2015,2022,9494,191601620,812874,813776,2113,1913,2013,2014,0,2017,0,0,0,2017-04-17,32519326,2017,310,0,0,0,0,0,0,0,0,2018,324,0,0,0,0,0,0,0,0
234,2017-04-17,09:01:59,886,cs1709,XDCE,2017,2015,2022,9496,191641960,812876,813776,2113,1913,2013,2014,0,2017,0,0,0,2017-04-17,32519886,2017,310,0,0,0,0,0,0,0,0,2018,324,0,0,0,0,0,0,0,0
235,2017-04-17,09:02:00,236,cs1709,XDCE,2017,2015,2022,9528,192287400,812876,813776,2113,1913,2013,2014,0,2017,0,0,0,2017-04-17,32520236,2017,296,0,0,0,0,0,0,0,0,2018,324,0,0,0,0,0,0,0,0
236,2017-04-17,09:02:00,836,cs1709,XDCE,2017,2015,2022,9536,192448760,812876,813776,2113,1913,2013,2014,0,2017,0,0,0,2017-04-17,32520836,2017,292,0,0,0,0,0,0,0,0,2018,324,0,0,0,0,0,0,0,0
237,2017-04-17,09:02:02,306,cs1709,XDCE,2018,2015,2022,9538,192489120,812876,813776,2113,1913,2013,2014,0,2017,0,0,0,2017-04-17,32522306,2017,292,0,0,0,0,0,0,0,0,2018,324,0,0,0,0,0,0,0,0
238,2017-04-17,09:02:02,833,cs1709,XDCE,2017,2015,2022,9540,192529460,812876,813776,2113,1913,2013,2014,0,2017,0,0,0,2017-04-17,32522833,2017,287,0,0,0,0,0,0,0,0,2018,324,0,0,0,0,0,0,0,0
239,2017-04-17,09:02:03,411,cs1709,XDCE,2017,2015,2022,9560,192932880,812892,813776,2113,1913,2013,2014,0,2017,0,0,0,2017-04-17,32523411,2017,278,0,0,0,0,0,0,0,0,2018,323,0,0,0,0,0,0,0,0
240,2017-04-17,09:02:03,923,cs1709,XDCE,2017,2015,2022,9560,192932880,812892,813776,2113,1913,2013,2014,0,2017,0,0,0,2017-04-17,32523923,2017,282,0,0,0,0,0,0,0,0,2018,323,0,0,0,0,0,0,0,0
241,2017-04-17,09:02:04,422,cs1709,XDCE,2017,2015,2022,9566,193053900,812898,813776,2113,1913,2013,2014,0,2017,0,0,0,2017-04-17,32524422,2017,281,0,0,0,0,0,0,0,0,2018,323,0,0,0,0,0,0,0,0
242,2017-04-17,09:02:04,927,cs1709,XDCE,2017,2015,2022,9574,193215280,812898,813776,2113,1913,2013,2014,0,2017,0,0,0,2017-04-17,32524927,2017,278,0,0,0,0,0,0,0,0,2018,323,0,0,0,0,0,0,0,0
243,2017-04-17,09:02:05,411,cs1709,XDCE,2017,2015,2022,9576,193255620,812898,813776,2113,1913,2013,2014,0,2017,0,0,0,2017-04-17,32525411,2017,277,0,0,0,0,0,0,0,0,2018,323,0,0,0,0,0,0,0,0
244,2017-04-17,09:02:06,134,cs1709,XDCE,2018,2015,2022,9578,193295980,812896,813776,2113,1913,2013,2014,0,2017,0,0,0,2017-04-17,32526134,2017,277,0,0,0,0,0,0,0,0,2018,322,0,0,0,0,0,0,0,0
245,2017-04-17,09:02:06,907,cs1709,XDCE,2017,2015,2022,9582,193376660,812898,813776,2113,1913,2013,2014,0,2017,0,0,0,2017-04-17,32526907,2017,296,0,0,0,0,0,0,0,0,2018,323,0,0,0,0,0,0,0,0
246,2017-04-17,09:02:07,430,cs1709,XDCE,2017,2015,2022,9582,193376660,812898,813776,2113,1913,2013,2014,0,2017,0,0,0,2017-04-17,32527430,2017,298,0,0,0,0,0,0,0,0,2018,323,0,0,0,0,0,0,0,0
247,2017-04-17,09:02:07,901,cs1709,XDCE,2017,2015,2022,9586,193457340,812898,813776,2113,1913,2013,2014,0,2017,0,0,0,2017-04-17,32527901,2017,296,0,0,0,0,0,0,0,0,2018,323,0,0,0,0,0,0,0,0
248,2017-04-17,09:02:08,426,cs1709,XDCE,2018,2015,2022,9588,193497700,812898,813776,2113,1913,2013,2014,0,2017,0,0,0,2017-04-17,32528426,2017,256,0,0,0,0,0,0,0,0,2018,322,0,0,0,0,0,0,0,0
249,2017-04-17,09:02:08,930,cs1709,XDCE,2018,2015,2022,9588,193497700,812898,813776,2113,1913,2013,2014,0,2017,0,0,0,2017-04-17,32528930,2017,256,0,0,0,0,0,0,0,0,2018,323,0,0,0,0,0,0,0,0
250,2017-04-17,09:02:09,293,cs1709,XDCE,2018,2015,2022,9588,193497700,812898,813776,2113,1913,2013,2014,0,2017,0,0,0,2017-04-17,32529293,2017,256,0,0,0,0,0,0,0,0,2018,353,0,0,0,0,0,0,0,0
251,2017-04-17,09:02:09,896,cs1709,XDCE,2018,2015,2022,9610,193941660,812898,813776,2113,1913,2013,2014,0,2017,0,0,0,2017-04-17,32529896,2017,256,0,0,0,0,0,0,0,0,2018,342,0,0,0,0,0,0,0,0
252,2017-04-17,09:02:10,338,cs1709,XDCE,2017,2015,2022,9636,194466080,812900,813776,2113,1913,2013,2014,0,2017,0,0,0,2017-04-17,32530338,2017,243,0,0,0,0,0,0,0,0,2018,342,0,0,0,0,0,0,0,0
253,2017-04-17,09:02:10,918,cs1709,XDCE,2017,2015,2022,9638,194506420,812900,813776,2113,1913,2013,2014,0,2017,0,0,0,2017-04-17,32530918,2017,242,0,0,0,0,0,0,0,0,2018,342,0,0,0,0,0,0,0,0
254,2017-04-17,09:02:11,396,cs1709,XDCE,2018,2015,2022,9640,194546780,812900,813776,2113,1913,2013,2014,0,2017,0,0,0,2017-04-17,32531396,2017,242,0,0,0,0,0,0,0,0,2018,341,0,0,0,0,0,0,0,0
255,2017-04-17,09:02:11,916,cs1709,XDCE,2017,2015,2022,9650,194748480,812900,813776,2113,1913,2013,2014,0,2017,0,0,0,2017-04-17,32531916,2017,237,0,0,0,0,0,0,0,0,2018,345,0,0,0,0,0,0,0,0
256,2017-04-17,09:02:13,357,cs1709,XDCE,2017,2015,2022,9650,194748480,812900,813776,2113,1913,2013,2014,0,2017,0,0,0,2017-04-17,32533357,2017,239,0,0,0,0,0,0,0,0,2018,345,0,0,0,0,0,0,0,0
257,2017-04-17,09:02:13,896,cs1709,XDCE,2017,2015,2022,9650,194748480,812900,813776,2113,1913,2013,2014,0,2017,0,0,0,2017-04-17,32533896,2017,242,0,0,0,0,0,0,0,0,2018,345,0,0,0,0,0,0,0,0
258,2017-04-17,09:02:14,353,cs1709,XDCE,2018,2015,2022,9656,194869560,812900,813776,2113,1913,2013,2014,0,2017,0,0,0,2017-04-17,32534353,2017,245,0,0,0,0,0,0,0,0,2018,342,0,0,0,0,0,0,0,0
259,2017-04-17,09:02:14,920,cs1709,XDCE,2018,2015,2022,9658,194909920,812900,813776,2113,1913,2013,2014,0,2017,0,0,0,2017-04-17,32534920,2017,245,0,0,0,0,0,0,0,0,2018,341,0,0,0,0,0,0,0,0
260,2017-04-17,09:02:15,419,cs1709,XDCE,2018,2015,2022,9660,194950280,812900,813776,2113,1913,2013,2014,0,2017,0,0,0,2017-04-17,32535419,2017,245,0,0,0,0,0,0,0,0,2018,340,0,0,0,0,0,0,0,0
261,2017-04-17,09:02:15,851,cs1709,XDCE,2017,2015,2022,9666,195071300,812900,813776,2113,1913,2013,2014,0,2017,0,0,0,2017-04-17,32535851,2017,242,0,0,0,0,0,0,0,0,2018,342,0,0,0,0,0,0,0,0
262,2017-04-17,09:02:16,795,cs1709,XDCE,2018,2015,2022,9670,195152020,812900,813776,2113,1913,2013,2014,0,2017,0,0,0,2017-04-17,32536795,2017,262,0,0,0,0,0,0,0,0,2018,315,0,0,0,0,0,0,0,0
263,2017-04-17,09:02:17,881,cs1709,XDCE,2018,2015,2022,9680,195353820,812900,813776,2113,1913,2013,2014,0,2017,0,0,0,2017-04-17,32537881,2017,266,0,0,0,0,0,0,0,0,2018,310,0,0,0,0,0,0,0,0
264,2017-04-17,09:02:18,319,cs1709,XDCE,2017,2015,2022,9682,195394160,812902,813776,2113,1913,2013,2014,0,2017,0,0,0,2017-04-17,32538319,2017,263,0,0,0,0,0,0,0,0,2018,310,0,0,0,0,0,0,0,0
265,2017-04-17,09:02:18,810,cs1709,XDCE,2017,2015,2022,9682,195394160,812902,813776,2113,1913,2013,2014,0,2017,0,0,0,2017-04-17,32538810,2017,263,0,0,0,0,0,0,0,0,2018,314,0,0,0,0,0,0,0,0
266,2017-04-17,09:02:20,360,cs1709,XDCE,2017,2015,2022,9694,195636200,812898,813776,2113,1913,2013,2014,0,2017,0,0,0,2017-04-17,32540360,2017,258,0,0,0,0,0,0,0,0,2018,316,0,0,0,0,0,0,0,0
267,2017-04-17,09:02:21,923,cs1709,XDCE,2018,2015,2022,9714,196039800,812898,813776,2113,1913,2013,2014,0,2017,0,0,0,2017-04-17,32541923,2017,258,0,0,0,0,0,0,0,0,2018,306,0,0,0,0,0,0,0,0
268,2017-04-17,09:02:22,890,cs1709,XDCE,2018,2015,2022,9718,196120520,812898,813776,2113,1913,2013,2014,0,2017,0,0,0,2017-04-17,32542890,2017,261,0,0,0,0,0,0,0,0,2018,304,0,0,0,0,0,0,0,0
269,2017-04-17,09:02:23,389,cs1709,XDCE,2017,2015,2022,9736,196483580,812890,813776,2113,1913,2013,2014,0,2017,0,0,0,2017-04-17,32543389,2017,252,0,0,0,0,0,0,0,0,2018,304,0,0,0,0,0,0,0,0
270,2017-04-17,09:02:23,915,cs1709,XDCE,2017,2015,2022,9736,196483580,812890,813776,2113,1913,2013,2014,0,2017,0,0,0,2017-04-17,32543915,2017,252,0,0,0,0,0,0,0,0,2018,316,0,0,0,0,0,0,0,0
271,2017-04-17,09:02:24,361,cs1709,XDCE,2017,2015,2022,9736,196483580,812890,813776,2113,1913,2013,2014,0,2017,0,0,0,2017-04-17,32544361,2017,252,0,0,0,0,0,0,0,0,2018,313,0,0,0,0,0,0,0,0
272,2017-04-17,09:02:24,870,cs1709,XDCE,2017,2015,2022,9738,196523920,812892,813776,2113,1913,2013,2014,0,2017,0,0,0,2017-04-17,32544870,2017,252,0,0,0,0,0,0,0,0,2018,313,0,0,0,0,0,0,0,0
273,2017-04-17,09:02:25,293,cs1709,XDCE,2018,2015,2022,9778,197331120,812852,813776,2113,1913,2013,2014,0,2017,0,0,0,2017-04-17,32545293,2017,252,0,0,0,0,0,0,0,0,2018,293,0,0,0,0,0,0,0,0
274,2017-04-17,09:02:25,890,cs1709,XDCE,2018,2015,2022,9818,198138160,812830,813776,2113,1913,2013,2014,0,2017,0,0,0,2017-04-17,32545890,2017,244,0,0,0,0,0,0,0,0,2018,284,0,0,0,0,0,0,0,0
275,2017-04-17,09:02:26,921,cs1709,XDCE,2018,2015,2022,9818,198138160,812830,813776,2113,1913,2013,2014,0,2017,0,0,0,2017-04-17,32546921,2017,245,0,0,0,0,0,0,0,0,2018,268,0,0,0,0,0,0,0,0
276,2017-04-17,09:02:27,414,cs1709,XDCE,2017,2015,2022,9822,198218840,812826,813776,2113,1913,2013,2014,0,2017,0,0,0,2017-04-17,32547414,2017,243,0,0,0,0,0,0,0,0,2018,268,0,0,0,0,0,0,0,0
277,2017-04-17,09:02:27,859,cs1709,XDCE,2018,2015,2022,9860,198985400,812802,813776,2113,1913,2013,2014,0,2017,0,0,0,2017-04-17,32547859,2017,229,0,0,0,0,0,0,0,0,2018,290,0,0,0,0,0,0,0,0
278,2017-04-17,09:02:28,383,cs1709,XDCE,2017,2015,2022,9866,199106420,812804,813776,2113,1913,2013,2014,0,2017,0,0,0,2017-04-17,32548383,2017,226,0,0,0,0,0,0,0,0,2018,289,0,0,0,0,0,0,0,0
279,2017-04-17,09:02:29,419,cs1709,XDCE,2017,2015,2022,10028,202375560,812838,813776,2113,1913,2013,2014,0,2017,0,0,0,2017-04-17,32549419,2017,225,0,0,0,0,0,0,0,0,2018,190,0,0,0,0,0,0,0,0
280,2017-04-17,09:02:29,865,cs1709,XDCE,2017,2015,2022,10028,202375560,812838,813776,2113,1913,2013,2014,0,2017,0,0,0,2017-04-17,32549865,2017,225,0,0,0,0,0,0,0,0,2018,185,0,0,0,0,0,0,0,0
281,2017-04-17,09:02:30,376,cs1709,XDCE,2017,2015,2022,10036,202536980,812838,813776,2113,1913,2013,2014,0,2017,0,0,0,2017-04-17,32550376,2017,226,0,0,0,0,0,0,0,0,2018,181,0,0,0,0,0,0,0,0
282,2017-04-17,09:02:30,913,cs1709,XDCE,2017,2015,2022,10040,202617660,812838,813776,2113,1913,2013,2014,0,2017,0,0,0,2017-04-17,32550913,2017,224,0,0,0,0,0,0,0,0,2018,181,0,0,0,0,0,0,0,0
283,2017-04-17,09:02:31,430,cs1709,XDCE,2017,2015,2022,10040,202617660,812838,813776,2113,1913,2013,2014,0,2017,0,0,0,2017-04-17,32551430,2017,224,0,0,0,0,0,0,0,0,2018,192,0,0,0,0,0,0,0,0
284,2017-04-17,09:02:31,812,cs1709,XDCE,2018,2015,2022,10042,202658020,812838,813776,2113,1913,2013,2014,0,2017,0,0,0,2017-04-17,32551812,2017,224,0,0,0,0,0,0,0,0,2018,191,0,0,0,0,0,0,0,0
285,2017-04-17,09:02:32,382,cs1709,XDCE,2018,2015,2022,10424,210366780,812752,813776,2113,1913,2013,2014,0,2017,0,0,0,2017-04-17,32552382,2018,25,0,0,0,0,0,0,0,0,2019,119,0,0,0,0,0,0,0,0
286,2017-04-17,09:02:32,910,cs1709,XDCE,2018,2015,2022,10424,210366780,812752,813776,2113,1913,2013,2014,0,2017,0,0,0,2017-04-17,32552910,2018,110,0,0,0,0,0,0,0,0,2019,135,0,0,0,0,0,0,0,0
287,2017-04-17,09:02:33,424,cs1709,XDCE,2018,2015,2022,10424,210366780,812752,813776,2113,1913,2013,2014,0,2017,0,0,0,2017-04-17,32553424,2018,116,0,0,0,0,0,0,0,0,2019,133,0,0,0,0,0,0,0,0
288,2017-04-17,09:02:33,919,cs1709,XDCE,2018,2015,2022,10424,210366780,812752,813776,2113,1913,2013,2014,0,2017,0,0,0,2017-04-17,32553919,2018,122,0,0,0,0,0,0,0,0,2019,129,0,0,0,0,0,0,0,0
289,2017-04-17,09:02:34,423,cs1709,XDCE,2018,2015,2022,10424,210366780,812752,813776,2113,1913,2013,2014,0,2017,0,0,0,2017-04-17,32554423,2018,122,0,0,0,0,0,0,0,0,2019,172,0,0,0,0,0,0,0,0
290,2017-04-17,09:02:34,929,cs1709,XDCE,2018,2015,2022,10466,211214340,812712,813776,2113,1913,2013,2014,0,2017,0,0,0,2017-04-17,32554929,2018,101,0,0,0,0,0,0,0,0,2019,161,0,0,0,0,0,0,0,0
291,2017-04-17,09:02:35,343,cs1709,XDCE,2018,2015,2022,10470,211295080,812714,813776,2113,1913,2013,2014,0,2017,0,0,0,2017-04-17,32555343,2018,100,0,0,0,0,0,0,0,0,2019,159,0,0,0,0,0,0,0,0
292,2017-04-17,09:02:35,924,cs1709,XDCE,2018,2015,2022,10476,211416160,812708,813776,2113,1913,2013,2014,0,2017,0,0,0,2017-04-17,32555924,2018,99,0,0,0,0,0,0,0,0,2019,165,0,0,0,0,0,0,0,0
293,2017-04-17,09:02:36,426,cs1709,XDCE,2018,2015,2022,10478,211456520,812708,813776,2113,1913,2013,2014,0,2017,0,0,0,2017-04-17,32556426,2018,93,0,0,0,0,0,0,0,0,2019,166,0,0,0,0,0,0,0,0
294,2017-04-17,09:02:36,819,cs1709,XDCE,2018,2015,2022,10478,211456520,812708,813776,2113,1913,2013,2014,0,2017,0,0,0,2017-04-17,32556819,2018,95,0,0,0,0,0,0,0,0,2019,166,0,0,0,0,0,0,0,0
295,2017-04-17,09:02:37,340,cs1709,XDCE,2018,2015,2022,10482,211537260,812708,813776,2113,1913,2013,2014,0,2017,0,0,0,2017-04-17,32557340,2018,95,0,0,0,0,0,0,0,0,2019,166,0,0,0,0,0,0,0,0
296,2017-04-17,09:02:37,912,cs1709,XDCE,2018,2015,2022,10486,211618000,812710,813776,2113,1913,2013,2014,0,2017,0,0,0,2017-04-17,32557912,2018,94,0,0,0,0,0,0,0,0,2019,171,0,0,0,0,0,0,0,0
297,2017-04-17,09:02:38,356,cs1709,XDCE,2018,2015,2022,10502,211940880,812710,813776,2113,1913,2013,2014,0,2017,0,0,0,2017-04-17,32558356,2018,87,0,0,0,0,0,0,0,0,2019,176,0,0,0,0,0,0,0,0
298,2017-04-17,09:02:39,430,cs1709,XDCE,2018,2015,2022,10504,211981240,812708,813776,2113,1913,2013,2014,0,2017,0,0,0,2017-04-17,32559430,2018,86,0,0,0,0,0,0,0,0,2019,176,0,0,0,0,0,0,0,0
299,2017-04-17,09:02:39,826,cs1709,XDCE,2018,2015,2022,10504,211981240,812708,813776,2113,1913,2013,2014,0,2017,0,0,0,2017-04-17,32559826,2018,87,0,0,0,0,0,0,0,0,2019,176,0,0,0,0,0,0,0,0
300,2017-04-17,09:02:40,333,cs1709,XDCE,2018,2015,2022,10506,212021600,812708,813776,2113,1913,2013,2014,0,2017,0,0,0,2017-04-17,32560333,2018,86,0,0,0,0,0,0,0,0,2019,176,0,0,0,0,0,0,0,0
301,2017-04-17,09:02:40,844,cs1709,XDCE,2018,2015,2022,10512,212142680,812702,813776,2113,1913,2013,2014,0,2017,0,0,0,2017-04-17,32560844,2018,83,0,0,0,0,0,0,0,0,2019,176,0,0,0,0,0,0,0,0
302,2017-04-17,09:02:41,395,cs1709,XDCE,2019,2015,2022,10516,212223420,812702,813776,2113,1913,2013,2014,0,2017,0,0,0,2017-04-17,32561395,2018,82,0,0,0,0,0,0,0,0,2019,173,0,0,0,0,0,0,0,0
303,2017-04-17,09:02:41,924,cs1709,XDCE,2019,2015,2022,10516,212223420,812702,813776,2113,1913,2013,2014,0,2017,0,0,0,2017-04-17,32561924,2018,85,0,0,0,0,0,0,0,0,2019,173,0,0,0,0,0,0,0,0
304,2017-04-17,09:02:42,363,cs1709,XDCE,2019,2015,2022,10516,212223420,812702,813776,2113,1913,2013,2014,0,2017,0,0,0,2017-04-17,32562363,2018,104,0,0,0,0,0,0,0,0,2019,173,0,0,0,0,0,0,0,0
305,2017-04-17,09:02:42,900,cs1709,XDCE,2019,2015,2022,10516,212223420,812702,813776,2113,1913,2013,2014,0,2017,0,0,0,2017-04-17,32562900,2018,105,0,0,0,0,0,0,0,0,2019,173,0,0,0,0,0,0,0,0
306,2017-04-17,09:02:43,374,cs1709,XDCE,2019,2015,2022,10518,212263800,812704,813776,2113,1913,2013,2014,0,2017,0,0,0,2017-04-17,32563374,2018,105,0,0,0,0,0,0,0,0,2019,172,0,0,0,0,0,0,0,0
307,2017-04-17,09:02:43,842,cs1709,XDCE,2019,2015,2022,10518,212263800,812704,813776,2113,1913,2013,2014,0,2017,0,0,0,2017-04-17,32563842,2018,103,0,0,0,0,0,0,0,0,2019,172,0,0,0,0,0,0,0,0
308,2017-04-17,09:02:44,372,cs1709,XDCE,2019,2015,2022,10518,212263800,812704,813776,2113,1913,2013,2014,0,2017,0,0,0,2017-04-17,32564372,2018,103,0,0,0,0,0,0,0,0,2019,173,0,0,0,0,0,0,0,0
309,2017-04-17,09:02:44,916,cs1709,XDCE,2019,2015,2022,10544,212788740,812702,813776,2113,1913,2013,2014,0,2017,0,0,0,2017-04-17,32564916,2018,103,0,0,0,0,0,0,0,0,2019,162,0,0,0,0,0,0,0,0
310,2017-04-17,09:02:45,254,cs1709,XDCE,2019,2015,2022,10544,212788740,812702,813776,2113,1913,2013,2014,0,2017,0,0,0,2017-04-17,32565254,2018,103,0,0,0,0,0,0,0,0,2019,164,0,0,0,0,0,0,0,0
311,2017-04-17,09:02:45,917,cs1709,XDCE,2018,2015,2022,10550,212909820,812696,813776,2113,1913,2013,2014,0,2017,0,0,0,2017-04-17,32565917,2018,99,0,0,0,0,0,0,0,0,2019,165,0,0,0,0,0,0,0,0
312,2017-04-17,09:02:46,927,cs1709,XDCE,2019,2015,2022,10560,213111720,812704,813776,2113,1913,2013,2014,0,2017,0,0,0,2017-04-17,32566927,2018,103,0,0,0,0,0,0,0,0,2019,160,0,0,0,0,0,0,0,0
313,2017-04-17,09:02:47,426,cs1709,XDCE,2019,2015,2022,10564,213192460,812702,813776,2113,1913,2013,2014,0,2017,0,0,0,2017-04-17,32567426,2018,103,0,0,0,0,0,0,0,0,2019,160,0,0,0,0,0,0,0,0
314,2017-04-17,09:02:47,903,cs1709,XDCE,2019,2015,2022,10564,213192460,812702,813776,2113,1913,2013,2014,0,2017,0,0,0,2017-04-17,32567903,2018,103,0,0,0,0,0,0,0,0,2019,161,0,0,0,0,0,0,0,0
315,2017-04-17,09:02:48,871,cs1709,XDCE,2019,2015,2022,10566,213232840,812702,813776,2113,1913,2013,2014,0,2017,0,0,0,2017-04-17,32568871,2018,104,0,0,0,0,0,0,0,0,2019,160,0,0,0,0,0,0,0,0
316,2017-04-17,09:02:49,286,cs1709,XDCE,2019,2015,2022,10576,213434720,812700,813776,2113,1913,2013,2014,0,2017,0,0,0,2017-04-17,32569286,2018,104,0,0,0,0,0,0,0,0,2019,161,0,0,0,0,0,0,0,0
317,2017-04-17,09:02:49,885,cs1709,XDCE,2019,2015,2022,10582,213555840,812696,813776,2113,1913,2013,2014,0,2017,0,0,0,2017-04-17,32569885,2018,105,0,0,0,0,0,0,0,0,2019,184,0,0,0,0,0,0,0,0
318,2017-04-17,09:02:50,412,cs1709,XDCE,2018,2015,2022,10590,213717280,812696,813776,2113,1913,2013,2014,0,2017,0,0,0,2017-04-17,32570412,2018,103,0,0,0,0,0,0,0,0,2019,184,0,0,0,0,0,0,0,0
319,2017-04-17,09:02:50,889,cs1709,XDCE,2018,2015,2022,10620,214322680,812666,813776,2113,1913,2013,2014,0,2017,0,0,0,2017-04-17,32570889,2018,89,0,0,0,0,0,0,0,0,2019,184,0,0,0,0,0,0,0,0
320,2017-04-17,09:02:51,205,cs1709,XDCE,2018,2015,2022,10620,214322680,812666,813776,2113,1913,2013,2014,0,2017,0,0,0,2017-04-17,32571205,2018,99,0,0,0,0,0,0,0,0,2019,185,0,0,0,0,0,0,0,0
321,2017-04-17,09:02:51,736,cs1709,XDCE,2018,2015,2022,10702,215977440,812710,813776,2113,1913,2013,2014,0,2017,0,0,0,2017-04-17,32571736,2018,58,0,0,0,0,0,0,0,0,2019,185,0,0,0,0,0,0,0,0
322,2017-04-17,09:02:52,798,cs1709,XDCE,2018,2015,2022,10702,215977440,812710,813776,2113,1913,2013,2014,0,2017,0,0,0,2017-04-17,32572798,2018,57,0,0,0,0,0,0,0,0,2019,185,0,0,0,0,0,0,0,0
323,2017-04-17,09:02:53,423,cs1709,XDCE,2018,2015,2022,10702,215977440,812710,813776,2113,1913,2013,2014,0,2017,0,0,0,2017-04-17,32573423,2018,58,0,0,0,0,0,0,0,0,2019,185,0,0,0,0,0,0,0,0
324,2017-04-17,09:02:53,927,cs1709,XDCE,2018,2015,2022,10714,216219600,812722,813776,2113,1913,2013,2014,0,2017,0,0,0,2017-04-17,32573927,2018,52,0,0,0,0,0,0,0,0,2019,185,0,0,0,0,0,0,0,0
325,2017-04-17,09:02:54,405,cs1709,XDCE,2019,2015,2022,10716,216259980,812722,813776,2113,1913,2013,2014,0,2017,0,0,0,2017-04-17,32574405,2018,60,0,0,0,0,0,0,0,0,2019,185,0,0,0,0,0,0,0,0
326,2017-04-17,09:02:54,929,cs1709,XDCE,2019,2015,2022,10716,216259980,812722,813776,2113,1913,2013,2014,0,2017,0,0,0,2017-04-17,32574929,2018,85,0,0,0,0,0,0,0,0,2019,186,0,0,0,0,0,0,0,0
327,2017-04-17,09:02:55,295,cs1709,XDCE,2019,2015,2022,10716,216259980,812722,813776,2113,1913,2013,2014,0,2017,0,0,0,2017-04-17,32575295,2018,89,0,0,0,0,0,0,0,0,2019,186,0,0,0,0,0,0,0,0
328,2017-04-17,09:02:55,874,cs1709,XDCE,2019,2015,2022,10716,216259980,812722,813776,2113,1913,2013,2014,0,2017,0,0,0,2017-04-17,32575874,2018,111,0,0,0,0,0,0,0,0,2019,185,0,0,0,0,0,0,0,0
329,2017-04-17,09:02:56,379,cs1709,XDCE,2018,2015,2022,10718,216300340,812724,813776,2113,1913,2013,2014,0,2017,0,0,0,2017-04-17,32576379,2018,110,0,0,0,0,0,0,0,0,2019,185,0,0,0,0,0,0,0,0
330,2017-04-17,09:02:56,918,cs1709,XDCE,2018,2015,2022,10718,216300340,812724,813776,2113,1913,2013,2014,0,2017,0,0,0,2017-04-17,32576918,2018,108,0,0,0,0,0,0,0,0,2019,186,0,0,0,0,0,0,0,0
331,2017-04-17,09:02:57,428,cs1709,XDCE,2018,2015,2022,10718,216300340,812724,813776,2113,1913,2013,2014,0,2017,0,0,0,2017-04-17,32577428,2018,88,0,0,0,0,0,0,0,0,2019,186,0,0,0,0,0,0,0,0
332,2017-04-17,09:02:59,344,cs1709,XDCE,2018,2015,2022,10726,216461780,812724,813776,2113,1913,2013,2014,0,2017,0,0,0,2017-04-17,32579344,2018,84,0,0,0,0,0,0,0,0,2019,186,0,0,0,0,0,0,0,0
333,2017-04-17,09:02:59,907,cs1709,XDCE,2018,2015,2022,10726,216461780,812724,813776,2113,1913,2013,2014,0,2017,0,0,0,2017-04-17,32579907,2018,97,0,0,0,0,0,0,0,0,2019,185,0,0,0,0,0,0,0,0
334,2017-04-17,09:03:00,908,cs1709,XDCE,2018,2015,2022,10730,216542500,812724,813776,2113,1913,2013,2014,0,2017,0,0,0,2017-04-17,32580908,2018,98,0,0,0,0,0,0,0,0,2019,185,0,0,0,0,0,0,0,0
335,2017-04-17,09:03:01,349,cs1709,XDCE,2019,2015,2022,10732,216582880,812722,813776,2113,1913,2013,2014,0,2017,0,0,0,2017-04-17,32581349,2018,106,0,0,0,0,0,0,0,0,2019,184,0,0,0,0,0,0,0,0
336,2017-04-17,09:03:01,849,cs1709,XDCE,2019,2015,2022,10732,216582880,812722,813776,2113,1913,2013,2014,0,2017,0,0,0,2017-04-17,32581849,2018,112,0,0,0,0,0,0,0,0,2019,184,0,0,0,0,0,0,0,0
337,2017-04-17,09:03:02,287,cs1709,XDCE,2019,2015,2022,10738,216704020,812722,813776,2113,1913,2013,2014,0,2017,0,0,0,2017-04-17,32582287,2018,109,0,0,0,0,0,0,0,0,2019,182,0,0,0,0,0,0,0,0
338,2017-04-17,09:03:02,688,cs1709,XDCE,2019,2015,2022,10738,216704020,812722,813776,2113,1913,2013,2014,0,2017,0,0,0,2017-04-17,32582688,2018,100,0,0,0,0,0,0,0,0,2019,182,0,0,0,0,0,0,0,0
339,2017-04-17,09:03:03,340,cs1709,XDCE,2018,2015,2022,10740,216744380,812722,813776,2113,1913,2013,2014,0,2017,0,0,0,2017-04-17,32583340,2018,100,0,0,0,0,0,0,0,0,2019,181,0,0,0,0,0,0,0,0
340,2017-04-17,09:03:04,414,cs1709,XDCE,2018,2015,2022,10742,216784740,812722,813776,2113,1913,2013,2014,0,2017,0,0,0,2017-04-17,32584414,2018,99,0,0,0,0,0,0,0,0,2019,181,0,0,0,0,0,0,0,0
341,2017-04-17,09:03:04,847,cs1709,XDCE,2019,2015,2022,10746,216865500,812722,813776,2113,1913,2013,2014,0,2017,0,0,0,2017-04-17,32584847,2018,99,0,0,0,0,0,0,0,0,2019,179,0,0,0,0,0,0,0,0
342,2017-04-17,09:03:05,348,cs1709,XDCE,2018,2015,2022,10748,216905860,812724,813776,2113,1913,2013,2014,0,2017,0,0,0,2017-04-17,32585348,2018,109,0,0,0,0,0,0,0,0,2019,179,0,0,0,0,0,0,0,0
343,2017-04-17,09:03:05,882,cs1709,XDCE,2018,2015,2022,10748,216905860,812724,813776,2113,1913,2013,2014,0,2017,0,0,0,2017-04-17,32585882,2018,109,0,0,0,0,0,0,0,0,2019,180,0,0,0,0,0,0,0,0
344,2017-04-17,09:03:06,294,cs1709,XDCE,2018,2015,2022,10750,216946220,812724,813776,2113,1913,2013,2014,0,2017,0,0,0,2017-04-17,32586294,2018,108,0,0,0,0,0,0,0,0,2019,191,0,0,0,0,0,0,0,0
345,2017-04-17,09:03:06,918,cs1709,XDCE,2019,2015,2022,10752,216986600,812724,813776,2113,1913,2013,2014,0,2017,0,0,0,2017-04-17,32586918,2018,118,0,0,0,0,0,0,0,0,2019,190,0,0,0,0,0,0,0,0
346,2017-04-17,09:03:07,622,cs1709,XDCE,2019,2015,2022,10752,216986600,812724,813776,2113,1913,2013,2014,0,2017,0,0,0,2017-04-17,32587622,2018,128,0,0,0,0,0,0,0,0,2019,190,0,0,0,0,0,0,0,0
347,2017-04-17,09:03:08,417,cs1709,XDCE,2018,2015,2022,10868,219327480,812786,813776,2113,1913,2013,2014,0,2017,0,0,0,2017-04-17,32588417,2018,60,0,0,0,0,0,0,0,0,2019,193,0,0,0,0,0,0,0,0
348,2017-04-17,09:03:08,880,cs1709,XDCE,2018,2015,2022,10868,219327480,812786,813776,2113,1913,2013,2014,0,2017,0,0,0,2017-04-17,32588880,2018,62,0,0,0,0,0,0,0,0,2019,193,0,0,0,0,0,0,0,0
349,2017-04-17,09:03:09,335,cs1709,XDCE,2019,2015,2022,10870,219367860,812786,813776,2113,1913,2013,2014,0,2017,0,0,0,2017-04-17,32589335,2018,63,0,0,0,0,0,0,0,0,2019,195,0,0,0,0,0,0,0,0
350,2017-04-17,09:03:10,407,cs1709,XDCE,2019,2015,2022,10870,219367860,812786,813776,2113,1913,2013,2014,0,2017,0,0,0,2017-04-17,32590407,2018,69,0,0,0,0,0,0,0,0,2019,195,0,0,0,0,0,0,0,0
351,2017-04-17,09:03:10,927,cs1709,XDCE,2018,2015,2022,10892,219811820,812764,813776,2113,1913,2013,2014,0,2017,0,0,0,2017-04-17,32590927,2018,58,0,0,0,0,0,0,0,0,2019,195,0,0,0,0,0,0,0,0
352,2017-04-17,09:03:11,322,cs1709,XDCE,2018,2015,2022,10894,219852180,812762,813776,2113,1913,2013,2014,0,2017,0,0,0,2017-04-17,32591322,2018,57,0,0,0,0,0,0,0,0,2019,195,0,0,0,0,0,0,0,0
353,2017-04-17,09:03:11,829,cs1709,XDCE,2019,2015,2022,10902,220013700,812762,813776,2113,1913,2013,2014,0,2017,0,0,0,2017-04-17,32591829,2018,57,0,0,0,0,0,0,0,0,2019,191,0,0,0,0,0,0,0,0
354,2017-04-17,09:03:12,291,cs1709,XDCE,2019,2015,2022,10906,220094460,812762,813776,2113,1913,2013,2014,0,2017,0,0,0,2017-04-17,32592291,2018,58,0,0,0,0,0,0,0,0,2019,192,0,0,0,0,0,0,0,0
355,2017-04-17,09:03:12,851,cs1709,XDCE,2019,2015,2022,10908,220134840,812762,813776,2113,1913,2013,2014,0,2017,0,0,0,2017-04-17,32592851,2018,58,0,0,0,0,0,0,0,0,2019,192,0,0,0,0,0,0,0,0
356,2017-04-17,09:03:13,429,cs1709,XDCE,2019,2015,2022,10908,220134840,812762,813776,2113,1913,2013,2014,0,2017,0,0,0,2017-04-17,32593429,2018,59,0,0,0,0,0,0,0,0,2019,192,0,0,0,0,0,0,0,0
357,2017-04-17,09:03:13,844,cs1709,XDCE,2018,2015,2022,10910,220175200,812762,813776,2113,1913,2013,2014,0,2017,0,0,0,2017-04-17,32593844,2018,58,0,0,0,0,0,0,0,0,2019,212,0,0,0,0,0,0,0,0
358,2017-04-17,09:03:14,415,cs1709,XDCE,2018,2015,2022,10912,220215560,812762,813776,2113,1913,2013,2014,0,2017,0,0,0,2017-04-17,32594415,2018,49,0,0,0,0,0,0,0,0,2019,212,0,0,0,0,0,0,0,0
359,2017-04-17,09:03:14,852,cs1709,XDCE,2019,2015,2022,10914,220255940,812762,813776,2113,1913,2013,2014,0,2017,0,0,0,2017-04-17,32594852,2018,52,0,0,0,0,0,0,0,0,2019,211,0,0,0,0,0,0,0,0
360,2017-04-17,09:03:15,399,cs1709,XDCE,2018,2015,2022,10922,220417380,812758,813776,2113,1913,2013,2014,0,2017,0,0,0,2017-04-17,32595399,2018,49,0,0,0,0,0,0,0,0,2019,208,0,0,0,0,0,0,0,0
361,2017-04-17,09:03:15,916,cs1709,XDCE,2018,2015,2022,10954,221063140,812760,813776,2113,1913,2013,2014,0,2017,0,0,0,2017-04-17,32595916,2018,34,0,0,0,0,0,0,0,0,2019,208,0,0,0,0,0,0,0,0
362,2017-04-17,09:03:16,382,cs1709,XDCE,2018,2015,2022,11014,222274160,812722,813776,2113,1913,2013,2014,0,2017,0,0,0,2017-04-17,32596382,2018,18,0,0,0,0,0,0,0,0,2019,202,0,0,0,0,0,0,0,0
363,2017-04-17,09:03:16,853,cs1709,XDCE,2018,2015,2022,11028,222556700,812734,813776,2113,1913,2013,2014,0,2017,0,0,0,2017-04-17,32596853,2018,12,0,0,0,0,0,0,0,0,2019,201,0,0,0,0,0,0,0,0
364,2017-04-17,09:03:17,369,cs1709,XDCE,2018,2015,2022,11028,222556700,812734,813776,2113,1913,2013,2014,0,2017,0,0,0,2017-04-17,32597369,2018,12,0,0,0,0,0,0,0,0,2019,202,0,0,0,0,0,0,0,0
365,2017-04-17,09:03:17,908,cs1709,XDCE,2017,2015,2022,11054,223081360,812756,813776,2113,1913,2013,2014,0,2017,0,0,0,2017-04-17,32597908,2017,261,0,0,0,0,0,0,0,0,2019,172,0,0,0,0,0,0,0,0
366,2017-04-17,09:03:18,419,cs1709,XDCE,2019,2015,2022,11056,223121740,812756,813776,2113,1913,2013,2014,0,2017,0,0,0,2017-04-17,32598419,2017,251,0,0,0,0,0,0,0,0,2019,177,0,0,0,0,0,0,0,0
367,2017-04-17,09:03:18,871,cs1709,XDCE,2019,2015,2022,11056,223121740,812756,813776,2113,1913,2013,2014,0,2017,0,0,0,2017-04-17,32598871,2018,3,0,0,0,0,0,0,0,0,2019,209,0,0,0,0,0,0,0,0
368,2017-04-17,09:03:19,378,cs1709,XDCE,2019,2015,2022,11060,223202480,812756,813776,2113,1913,2013,2014,0,2017,0,0,0,2017-04-17,32599378,2018,3,0,0,0,0,0,0,0,0,2019,208,0,0,0,0,0,0,0,0
369,2017-04-17,09:03:19,923,cs1709,XDCE,2019,2015,2022,11060,223202480,812756,813776,2113,1913,2013,2014,0,2017,0,0,0,2017-04-17,32599923,2018,3,0,0,0,0,0,0,0,0,2019,209,0,0,0,0,0,0,0,0
370,2017-04-17,09:03:20,206,cs1709,XDCE,2019,2015,2022,11060,223202480,812756,813776,2113,1913,2013,2014,0,2017,0,0,0,2017-04-17,32600206,2018,4,0,0,0,0,0,0,0,0,2019,209,0,0,0,0,0,0,0,0
371,2017-04-17,09:03:20,927,cs1709,XDCE,2018,2015,2022,11062,223242840,812756,813776,2113,1913,2013,2014,0,2017,0,0,0,2017-04-17,32600927,2018,4,0,0,0,0,0,0,0,0,2019,210,0,0,0,0,0,0,0,0
372,2017-04-17,09:03:21,392,cs1709,XDCE,2019,2015,2022,11072,223444740,812748,813776,2113,1913,2013,2014,0,2017,0,0,0,2017-04-17,32601392,2018,5,0,0,0,0,0,0,0,0,2019,206,0,0,0,0,0,0,0,0
373,2017-04-17,09:03:22,414,cs1709,XDCE,2018,2015,2022,11092,223848340,812746,813776,2113,1913,2013,2014,0,2017,0,0,0,2017-04-17,32602414,2017,257,0,0,0,0,0,0,0,0,2019,176,0,0,0,0,0,0,0,0
374,2017-04-17,09:03:22,907,cs1709,XDCE,2018,2015,2022,11094,223888700,812744,813776,2113,1913,2013,2014,0,2017,0,0,0,2017-04-17,32602907,2017,257,0,0,0,0,0,0,0,0,2018,26,0,0,0,0,0,0,0,0
375,2017-04-17,09:03:23,414,cs1709,XDCE,2018,2015,2022,11096,223929060,812746,813776,2113,1913,2013,2014,0,2017,0,0,0,2017-04-17,32603414,2017,257,0,0,0,0,0,0,0,0,2018,29,0,0,0,0,0,0,0,0
376,2017-04-17,09:03:23,889,cs1709,XDCE,2018,2015,2022,11102,224050140,812750,813776,2113,1913,2013,2014,0,2017,0,0,0,2017-04-17,32603889,2017,257,0,0,0,0,0,0,0,0,2018,45,0,0,0,0,0,0,0,0
377,2017-04-17,09:03:24,367,cs1709,XDCE,2018,2015,2022,11114,224292280,812760,813776,2113,1913,2013,2014,0,2017,0,0,0,2017-04-17,32604367,2017,256,0,0,0,0,0,0,0,0,2018,45,0,0,0,0,0,0,0,0
378,2017-04-17,09:03:24,812,cs1709,XDCE,2018,2015,2022,11114,224292280,812760,813776,2113,1913,2013,2014,0,2017,0,0,0,2017-04-17,32604812,2017,256,0,0,0,0,0,0,0,0,2018,46,0,0,0,0,0,0,0,0
379,2017-04-17,09:03:25,422,cs1709,XDCE,2018,2015,2022,11120,224413360,812760,813776,2113,1913,2013,2014,0,2017,0,0,0,2017-04-17,32605422,2017,256,0,0,0,0,0,0,0,0,2018,43,0,0,0,0,0,0,0,0
380,2017-04-17,09:03:25,904,cs1709,XDCE,2017,2015,2022,11124,224494040,812760,813776,2113,1913,2013,2014,0,2017,0,0,0,2017-04-17,32605904,2017,254,0,0,0,0,0,0,0,0,2018,43,0,0,0,0,0,0,0,0
381,2017-04-17,09:03:26,406,cs1709,XDCE,2017,2015,2022,11124,224494040,812760,813776,2113,1913,2013,2014,0,2017,0,0,0,2017-04-17,32606406,2017,254,0,0,0,0,0,0,0,0,2018,44,0,0,0,0,0,0,0,0
382,2017-04-17,09:03:26,740,cs1709,XDCE,2017,2015,2022,11124,224494040,812760,813776,2113,1913,2013,2014,0,2017,0,0,0,2017-04-17,32606740,2017,254,0,0,0,0,0,0,0,0,2018,45,0,0,0,0,0,0,0,0
383,2017-04-17,09:03:27,422,cs1709,XDCE,2017,2015,2022,11128,224574720,812764,813776,2113,1913,2013,2014,0,2017,0,0,0,2017-04-17,32607422,2017,252,0,0,0,0,0,0,0,0,2018,51,0,0,0,0,0,0,0,0
384,2017-04-17,09:03:27,832,cs1709,XDCE,2017,2015,2022,11128,224574720,812764,813776,2113,1913,2013,2014,0,2017,0,0,0,2017-04-17,32607832,2017,252,0,0,0,0,0,0,0,0,2018,89,0,0,0,0,0,0,0,0
385,2017-04-17,09:03:28,887,cs1709,XDCE,2017,2015,2022,11128,224574720,812764,813776,2113,1913,2013,2014,0,2017,0,0,0,2017-04-17,32608887,2017,252,0,0,0,0,0,0,0,0,2018,76,0,0,0,0,0,0,0,0
386,2017-04-17,09:03:29,901,cs1709,XDCE,2017,2015,2022,11130,224615060,812764,813776,2113,1913,2013,2014,0,2017,0,0,0,2017-04-17,32609901,2017,251,0,0,0,0,0,0,0,0,2018,78,0,0,0,0,0,0,0,0
387,2017-04-17,09:03:30,332,cs1709,XDCE,2017,2015,2022,11130,224615060,812764,813776,2113,1913,2013,2014,0,2017,0,0,0,2017-04-17,32610332,2017,250,0,0,0,0,0,0,0,0,2018,99,0,0,0,0,0,0,0,0
388,2017-04-17,09:03:30,788,cs1709,XDCE,2017,2015,2022,11142,224857100,812764,813776,2113,1913,2013,2014,0,2017,0,0,0,2017-04-17,32610788,2017,244,0,0,0,0,0,0,0,0,2018,106,0,0,0,0,0,0,0,0
389,2017-04-17,09:03:31,421,cs1709,XDCE,2018,2015,2022,11146,224937820,812764,813776,2113,1913,2013,2014,0,2017,0,0,0,2017-04-17,32611421,2017,244,0,0,0,0,0,0,0,0,2018,106,0,0,0,0,0,0,0,0
390,2017-04-17,09:03:31,813,cs1709,XDCE,2018,2015,2022,11148,224978180,812762,813776,2113,1913,2013,2014,0,2017,0,0,0,2017-04-17,32611813,2017,244,0,0,0,0,0,0,0,0,2018,110,0,0,0,0,0,0,0,0
391,2017-04-17,09:03:32,334,cs1709,XDCE,2017,2015,2022,11154,225099240,812764,813776,2113,1913,2013,2014,0,2017,0,0,0,2017-04-17,32612334,2017,243,0,0,0,0,0,0,0,0,2018,123,0,0,0,0,0,0,0,0
392,2017-04-17,09:03:32,786,cs1709,XDCE,2017,2015,2022,11376,229577060,812704,813776,2113,1913,2013,2014,0,2017,0,0,0,2017-04-17,32612786,2017,136,0,0,0,0,0,0,0,0,2018,153,0,0,0,0,0,0,0,0
393,2017-04-17,09:03:33,425,cs1709,XDCE,2017,2015,2022,11636,234821260,812510,813776,2113,1913,2013,2014,0,2017,0,0,0,2017-04-17,32613425,2016,391,0,0,0,0,0,0,0,0,2018,154,0,0,0,0,0,0,0,0
394,2017-04-17,09:03:33,857,cs1709,XDCE,2016,2015,2022,11788,237885660,812548,813776,2113,1913,2013,2014,0,2017,0,0,0,2017-04-17,32613857,2016,325,0,0,0,0,0,0,0,0,2017,16,0,0,0,0,0,0,0,0
395,2017-04-17,09:03:34,380,cs1709,XDCE,2016,2015,2022,11816,238450380,812526,813776,2113,1913,2013,2014,0,2017,0,0,0,2017-04-17,32614380,2016,311,0,0,0,0,0,0,0,0,2017,27,0,0,0,0,0,0,0,0
396,2017-04-17,09:03:34,836,cs1709,XDCE,2016,2015,2022,11820,238531020,812526,813776,2113,1913,2013,2014,0,2017,0,0,0,2017-04-17,32614836,2016,309,0,0,0,0,0,0,0,0,2017,59,0,0,0,0,0,0,0,0
397,2017-04-17,09:03:35,350,cs1709,XDCE,2017,2015,2022,11880,239741220,812474,813776,2113,1913,2013,2014,0,2017,0,0,0,2017-04-17,32615350,2016,312,0,0,0,0,0,0,0,0,2017,31,0,0,0,0,0,0,0,0
398,2017-04-17,09:03:35,890,cs1709,XDCE,2016,2015,2022,11886,239862180,812468,813776,2113,1913,2013,2014,0,2017,0,0,0,2017-04-17,32615890,2016,309,0,0,0,0,0,0,0,0,2017,31,0,0,0,0,0,0,0,0
399,2017-04-17,09:03:36,399,cs1709,XDCE,2016,2015,2022,11902,240184740,812452,813776,2113,1913,2013,2014,0,2017,0,0,0,2017-04-17,32616399,2016,301,0,0,0,0,0,0,0,0,2017,22,0,0,0,0,0,0,0,0
400,2017-04-17,09:03:36,890,cs1709,XDCE,2016,2015,2022,11912,240386340,812442,813776,2113,1913,2013,2014,0,2017,0,0,0,2017-04-17,32616890,2016,296,0,0,0,0,0,0,0,0,2017,150,0,0,0,0,0,0,0,0
401,2017-04-17,09:03:37,328,cs1709,XDCE,2016,2015,2022,11914,240426660,812442,813776,2113,1913,2013,2014,0,2017,0,0,0,2017-04-17,32617328,2016,295,0,0,0,0,0,0,0,0,2017,157,0,0,0,0,0,0,0,0
402,2017-04-17,09:03:37,859,cs1709,XDCE,2017,2015,2022,11918,240507340,812442,813776,2113,1913,2013,2014,0,2017,0,0,0,2017-04-17,32617859,2016,295,0,0,0,0,0,0,0,0,2017,157,0,0,0,0,0,0,0,0
403,2017-04-17,09:03:38,415,cs1709,XDCE,2017,2015,2022,11918,240507340,812442,813776,2113,1913,2013,2014,0,2017,0,0,0,2017-04-17,32618415,2016,307,0,0,0,0,0,0,0,0,2017,162,0,0,0,0,0,0,0,0
404,2017-04-17,09:03:38,830,cs1709,XDCE,2017,2015,2022,11918,240507340,812442,813776,2113,1913,2013,2014,0,2017,0,0,0,2017-04-17,32618830,2016,307,0,0,0,0,0,0,0,0,2017,163,0,0,0,0,0,0,0,0
405,2017-04-17,09:03:39,414,cs1709,XDCE,2016,2015,2022,11998,242120140,812362,813776,2113,1913,2013,2014,0,2017,0,0,0,2017-04-17,32619414,2016,267,0,0,0,0,0,0,0,0,2017,163,0,0,0,0,0,0,0,0
406,2017-04-17,09:03:39,904,cs1709,XDCE,2016,2015,2022,12000,242160460,812362,813776,2113,1913,2013,2014,0,2017,0,0,0,2017-04-17,32619904,2016,266,0,0,0,0,0,0,0,0,2017,163,0,0,0,0,0,0,0,0
407,2017-04-17,09:03:40,192,cs1709,XDCE,2017,2015,2022,12002,242200800,812362,813776,2113,1913,2013,2014,0,2017,0,0,0,2017-04-17,32620192,2016,266,0,0,0,0,0,0,0,0,2017,162,0,0,0,0,0,0,0,0
408,2017-04-17,09:03:40,889,cs1709,XDCE,2016,2015,2022,12014,242442720,812350,813776,2113,1913,2013,2014,0,2017,0,0,0,2017-04-17,32620889,2016,260,0,0,0,0,0,0,0,0,2017,163,0,0,0,0,0,0,0,0
409,2017-04-17,09:03:41,396,cs1709,XDCE,2016,2015,2022,12056,243289760,812350,813776,2113,1913,2013,2014,0,2017,0,0,0,2017-04-17,32621396,2016,255,0,0,0,0,0,0,0,0,2017,148,0,0,0,0,0,0,0,0
410,2017-04-17,09:03:41,832,cs1709,XDCE,2016,2015,2022,12086,243894560,812320,813776,2113,1913,2013,2014,0,2017,0,0,0,2017-04-17,32621832,2016,240,0,0,0,0,0,0,0,0,2017,150,0,0,0,0,0,0,0,0
411,2017-04-17,09:03:42,386,cs1709,XDCE,2016,2015,2022,12088,243934880,812320,813776,2113,1913,2013,2014,0,2017,0,0,0,2017-04-17,32622386,2016,239,0,0,0,0,0,0,0,0,2017,160,0,0,0,0,0,0,0,0
412,2017-04-17,09:03:42,908,cs1709,XDCE,2016,2015,2022,12096,244096160,812312,813776,2113,1913,2013,2014,0,2017,0,0,0,2017-04-17,32622908,2016,235,0,0,0,0,0,0,0,0,2017,161,0,0,0,0,0,0,0,0
413,2017-04-17,09:03:43,413,cs1709,XDCE,2016,2015,2022,12426,250748960,812324,813776,2113,1913,2013,2014,0,2017,0,0,0,2017-04-17,32623413,2016,70,0,0,0,0,0,0,0,0,2017,166,0,0,0,0,0,0,0,0
414,2017-04-17,09:03:43,927,cs1709,XDCE,2016,2015,2022,12662,255505920,812482,813776,2113,1913,2013,2014,0,2017,0,0,0,2017-04-17,32623927,2015,467,0,0,0,0,0,0,0,0,2016,182,0,0,0,0,0,0,0,0
415,2017-04-17,09:03:44,419,cs1709,XDCE,2016,2015,2022,12684,255949280,812486,813776,2113,1913,2013,2014,0,2017,0,0,0,2017-04-17,32624419,2015,442,0,0,0,0,0,0,0,0,2016,195,0,0,0,0,0,0,0,0
416,2017-04-17,09:03:44,874,cs1709,XDCE,2015,2015,2022,12688,256029880,812486,813776,2113,1913,2013,2014,0,2017,0,0,0,2017-04-17,32624874,2015,440,0,0,0,0,0,0,0,0,2016,197,0,0,0,0,0,0,0,0
417,2017-04-17,09:03:45,423,cs1709,XDCE,2015,2015,2022,12728,256835880,812514,813776,2113,1913,2013,2014,0,2017,0,0,0,2017-04-17,32625423,2015,420,0,0,0,0,0,0,0,0,2016,211,0,0,0,0,0,0,0,0
418,2017-04-17,09:03:45,910,cs1709,XDCE,2015,2015,2022,12830,258891180,812524,813776,2113,1913,2013,2014,0,2017,0,0,0,2017-04-17,32625910,2015,370,0,0,0,0,0,0,0,0,2016,138,0,0,0,0,0,0,0,0
419,2017-04-17,09:03:46,418,cs1709,XDCE,2015,2015,2022,12834,258971780,812524,813776,2113,1913,2013,2014,0,2017,0,0,0,2017-04-17,32626418,2015,367,0,0,0,0,0,0,0,0,2016,139,0,0,0,0,0,0,0,0
420,2017-04-17,09:03:46,809,cs1709,XDCE,2015,2015,2022,12976,261833500,812666,813776,2113,1913,2013,2014,0,2017,0,0,0,2017-04-17,32626809,2015,297,0,0,0,0,0,0,0,0,2016,134,0,0,0,0,0,0,0,0
421,2017-04-17,09:03:47,362,cs1709,XDCE,2015,2015,2022,12980,261914100,812666,813776,2113,1913,2013,2014,0,2017,0,0,0,2017-04-17,32627362,2015,295,0,0,0,0,0,0,0,0,2016,134,0,0,0,0,0,0,0,0
422,2017-04-17,09:03:47,914,cs1709,XDCE,2015,2015,2022,13084,264009700,812670,813776,2113,1913,2013,2014,0,2017,0,0,0,2017-04-17,32627914,2015,243,0,0,0,0,0,0,0,0,2016,206,0,0,0,0,0,0,0,0
423,2017-04-17,09:03:48,422,cs1709,XDCE,2015,2015,2022,13116,264654500,812680,813776,2113,1913,2013,2014,0,2017,0,0,0,2017-04-17,32628422,2015,227,0,0,0,0,0,0,0,0,2016,209,0,0,0,0,0,0,0,0
424,2017-04-17,09:03:48,913,cs1709,XDCE,2015,2015,2022,13564,273681700,812886,813776,2113,1913,2013,2014,0,2017,0,0,0,2017-04-17,32628913,2014,220,0,0,0,0,0,0,0,0,2015,109,0,0,0,0,0,0,0,0
425,2017-04-17,09:03:49,426,cs1709,XDCE,2014,2014,2022,13594,274286160,812910,813776,2113,1913,2013,2014,0,2017,0,0,0,2017-04-17,32629426,2014,211,0,0,0,0,0,0,0,0,2015,158,0,0,0,0,0,0,0,0
426,2017-04-17,09:03:49,893,cs1709,XDCE,2013,2013,2022,14060,283671200,812692,813776,2113,1913,2013,2014,0,2017,0,0,0,2017-04-17,32629893,2013,397,0,0,0,0,0,0,0,0,2014,34,0,0,0,0,0,0,0,0
427,2017-04-17,09:03:50,389,cs1709,XDCE,2013,2013,2022,14112,284718060,812696,813776,2113,1913,2013,2014,0,2017,0,0,0,2017-04-17,32630389,2013,359,0,0,0,0,0,0,0,0,2014,62,0,0,0,0,0,0,0,0
428,2017-04-17,09:03:50,929,cs1709,XDCE,2013,2013,2022,14144,285362300,812704,813776,2113,1913,2013,2014,0,2017,0,0,0,2017-04-17,32630929,2013,371,0,0,0,0,0,0,0,0,2014,59,0,0,0,0,0,0,0,0
429,2017-04-17,09:03:51,378,cs1709,XDCE,2013,2013,2022,14150,285483080,812706,813776,2113,1913,2013,2014,0,2017,0,0,0,2017-04-17,32631378,2013,369,0,0,0,0,0,0,0,0,2014,60,0,0,0,0,0,0,0,0
430,2017-04-17,09:03:51,910,cs1709,XDCE,2013,2013,2022,14226,287012980,812720,813776,2113,1913,2013,2014,0,2017,0,0,0,2017-04-17,32631910,2013,332,0,0,0,0,0,0,0,0,2014,58,0,0,0,0,0,0,0,0
431,2017-04-17,09:03:52,427,cs1709,XDCE,2013,2013,2022,14238,287254640,812720,813776,2113,1913,2013,2014,0,2017,0,0,0,2017-04-17,32632427,2013,329,0,0,0,0,0,0,0,0,2014,53,0,0,0,0,0,0,0,0
432,2017-04-17,09:03:52,923,cs1709,XDCE,2013,2013,2022,14314,288784960,812728,813776,2113,1913,2013,2014,0,2017,0,0,0,2017-04-17,32632923,2013,261,0,0,0,0,0,0,0,0,2014,124,0,0,0,0,0,0,0,0
433,2017-04-17,09:03:53,388,cs1709,XDCE,2013,2013,2022,14356,289630520,812766,813776,2113,1913,2013,2014,0,2017,0,0,0,2017-04-17,32633388,2013,250,0,0,0,0,0,0,0,0,2014,119,0,0,0,0,0,0,0,0
434,2017-04-17,09:03:53,902,cs1709,XDCE,2014,2013,2022,14364,289791600,812770,813776,2113,1913,2013,2014,0,2017,0,0,0,2017-04-17,32633902,2013,248,0,0,0,0,0,0,0,0,2014,122,0,0,0,0,0,0,0,0
435,2017-04-17,09:03:54,428,cs1709,XDCE,2013,2013,2022,14372,289952680,812774,813776,2113,1913,2013,2014,0,2017,0,0,0,2017-04-17,32634428,2013,248,0,0,0,0,0,0,0,0,2014,126,0,0,0,0,0,0,0,0
436,2017-04-17,09:03:54,888,cs1709,XDCE,2013,2013,2022,14380,290113720,812780,813776,2113,1913,2013,2014,0,2017,0,0,0,2017-04-17,32634888,2013,244,0,0,0,0,0,0,0,0,2014,126,0,0,0,0,0,0,0,0
437,2017-04-17,09:03:55,402,cs1709,XDCE,2014,2013,2022,14384,290194260,812784,813776,2113,1913,2013,2014,0,2017,0,0,0,2017-04-17,32635402,2013,243,0,0,0,0,0,0,0,0,2014,128,0,0,0,0,0,0,0,0
438,2017-04-17,09:03:55,883,cs1709,XDCE,2013,2013,2022,14386,290234520,812786,813776,2113,1913,2013,2014,0,2017,0,0,0,2017-04-17,32635883,2013,442,0,0,0,0,0,0,0,0,2014,129,0,0,0,0,0,0,0,0
439,2017-04-17,09:03:56,427,cs1709,XDCE,2013,2013,2022,14490,292328140,812786,813776,2113,1913,2013,2014,0,2017,0,0,0,2017-04-17,32636427,2013,396,0,0,0,0,0,0,0,0,2014,120,0,0,0,0,0,0,0,0
440,2017-04-17,09:03:56,862,cs1709,XDCE,2014,2013,2022,14492,292368420,812788,813776,2113,1913,2013,2014,0,2017,0,0,0,2017-04-17,32636862,2013,396,0,0,0,0,0,0,0,0,2014,119,0,0,0,0,0,0,0,0
441,2017-04-17,09:03:57,411,cs1709,XDCE,2013,2013,2022,14496,292448940,812792,813776,2113,1913,2013,2014,0,2017,0,0,0,2017-04-17,32637411,2013,400,0,0,0,0,0,0,0,0,2014,130,0,0,0,0,0,0,0,0
442,2017-04-17,09:03:57,884,cs1709,XDCE,2013,2013,2022,14498,292489200,812794,813776,2113,1913,2013,2014,0,2017,0,0,0,2017-04-17,32637884,2013,399,0,0,0,0,0,0,0,0,2014,132,0,0,0,0,0,0,0,0
443,2017-04-17,09:03:58,425,cs1709,XDCE,2014,2013,2022,14566,293858120,812802,813776,2113,1913,2013,2014,0,2017,0,0,0,2017-04-17,32638425,2013,369,0,0,0,0,0,0,0,0,2014,130,0,0,0,0,0,0,0,0
444,2017-04-17,09:03:58,905,cs1709,XDCE,2014,2013,2022,14570,293938680,812802,813776,2113,1913,2013,2014,0,2017,0,0,0,2017-04-17,32638905,2013,369,0,0,0,0,0,0,0,0,2014,130,0,0,0,0,0,0,0,0
445,2017-04-17,09:03:59,411,cs1709,XDCE,2014,2013,2022,14572,293978960,812802,813776,2113,1913,2013,2014,0,2017,0,0,0,2017-04-17,32639411,2013,369,0,0,0,0,0,0,0,0,2014,139,0,0,0,0,0,0,0,0
446,2017-04-17,09:03:59,924,cs1709,XDCE,2013,2013,2022,14582,294180340,812802,813776,2113,1913,2013,2014,0,2017,0,0,0,2017-04-17,32639924,2013,367,0,0,0,0,0,0,0,0,2014,120,0,0,0,0,0,0,0,0
447,2017-04-17,09:04:00,389,cs1709,XDCE,2013,2013,2022,14730,297159580,812946,813776,2113,1913,2013,2014,0,2017,0,0,0,2017-04-17,32640389,2013,295,0,0,0,0,0,0,0,0,2014,144,0,0,0,0,0,0,0,0
448,2017-04-17,09:04:00,910,cs1709,XDCE,2013,2013,2022,14738,297320620,812950,813776,2113,1913,2013,2014,0,2017,0,0,0,2017-04-17,32640910,2013,291,0,0,0,0,0,0,0,0,2014,145,0,0,0,0,0,0,0,0
449,2017-04-17,09:04:01,386,cs1709,XDCE,2014,2013,2022,14750,297562300,812962,813776,2113,1913,2013,2014,0,2017,0,0,0,2017-04-17,32641386,2013,291,0,0,0,0,0,0,0,0,2014,140,0,0,0,0,0,0,0,0
450,2017-04-17,09:04:01,913,cs1709,XDCE,2013,2013,2022,14846,299495560,812976,813776,2113,1913,2013,2014,0,2017,0,0,0,2017-04-17,32641913,2013,283,0,0,0,0,0,0,0,0,2014,121,0,0,0,0,0,0,0,0
451,2017-04-17,09:04:02,288,cs1709,XDCE,2013,2013,2022,14846,299495560,812976,813776,2113,1913,2013,2014,0,2017,0,0,0,2017-04-17,32642288,2013,284,0,0,0,0,0,0,0,0,2014,124,0,0,0,0,0,0,0,0
452,2017-04-17,09:04:02,917,cs1709,XDCE,2013,2013,2022,14854,299656620,812972,813776,2113,1913,2013,2014,0,2017,0,0,0,2017-04-17,32642917,2013,282,0,0,0,0,0,0,0,0,2014,123,0,0,0,0,0,0,0,0
453,2017-04-17,09:04:03,344,cs1709,XDCE,2013,2013,2022,14862,299817680,812972,813776,2113,1913,2013,2014,0,2017,0,0,0,2017-04-17,32643344,2013,273,0,0,0,0,0,0,0,0,2014,131,0,0,0,0,0,0,0,0
454,2017-04-17,09:04:03,922,cs1709,XDCE,2013,2013,2022,14874,300059240,812960,813776,2113,1913,2013,2014,0,2017,0,0,0,2017-04-17,32643922,2013,268,0,0,0,0,0,0,0,0,2014,131,0,0,0,0,0,0,0,0
455,2017-04-17,09:04:04,398,cs1709,XDCE,2013,2013,2022,14882,300220280,812966,813776,2113,1913,2013,2014,0,2017,0,0,0,2017-04-17,32644398,2013,264,0,0,0,0,0,0,0,0,2014,132,0,0,0,0,0,0,0,0
456,2017-04-17,09:04:04,914,cs1709,XDCE,2013,2013,2022,14884,300260540,812968,813776,2113,1913,2013,2014,0,2017,0,0,0,2017-04-17,32644914,2013,263,0,0,0,0,0,0,0,0,2014,145,0,0,0,0,0,0,0,0
457,2017-04-17,09:04:05,401,cs1709,XDCE,2013,2013,2022,14888,300341080,812972,813776,2113,1913,2013,2014,0,2017,0,0,0,2017-04-17,32645401,2013,262,0,0,0,0,0,0,0,0,2014,145,0,0,0,0,0,0,0,0
458,2017-04-17,09:04:05,881,cs1709,XDCE,2013,2013,2022,14906,300703420,812990,813776,2113,1913,2013,2014,0,2017,0,0,0,2017-04-17,32645881,2013,253,0,0,0,0,0,0,0,0,2014,145,0,0,0,0,0,0,0,0
459,2017-04-17,09:04:06,344,cs1709,XDCE,2014,2013,2022,14910,300783960,812988,813776,2113,1913,2013,2014,0,2017,0,0,0,2017-04-17,32646344,2013,252,0,0,0,0,0,0,0,0,2014,146,0,0,0,0,0,0,0,0
460,2017-04-17,09:04:06,886,cs1709,XDCE,2014,2013,2022,14946,301508700,812982,813776,2113,1913,2013,2014,0,2017,0,0,0,2017-04-17,32646886,2013,238,0,0,0,0,0,0,0,0,2014,143,0,0,0,0,0,0,0,0
461,2017-04-17,09:04:07,421,cs1709,XDCE,2013,2013,2022,14950,301589220,812982,813776,2113,1913,2013,2014,0,2017,0,0,0,2017-04-17,32647421,2013,237,0,0,0,0,0,0,0,0,2014,143,0,0,0,0,0,0,0,0
462,2017-04-17,09:04:07,920,cs1709,XDCE,2013,2013,2022,15006,302716940,813030,813776,2113,1913,2013,2014,0,2017,0,0,0,2017-04-17,32647920,2013,462,0,0,0,0,0,0,0,0,2014,106,0,0,0,0,0,0,0,0
463,2017-04-17,09:04:08,389,cs1709,XDCE,2013,2013,2022,15228,307185800,813174,813776,2113,1913,2013,2014,0,2017,0,0,0,2017-04-17,32648389,2013,319,0,0,0,0,0,0,0,0,2014,118,0,0,0,0,0,0,0,0
464,2017-04-17,09:04:08,914,cs1709,XDCE,2014,2013,2022,15412,310889940,813316,813776,2113,1913,2013,2014,0,2017,0,0,0,2017-04-17,32648914,2013,238,0,0,0,0,0,0,0,0,2014,99,0,0,0,0,0,0,0,0
465,2017-04-17,09:04:09,378,cs1709,XDCE,2013,2013,2022,15580,314271800,813216,813776,2113,1913,2013,2014,0,2017,0,0,0,2017-04-17,32649378,2013,156,0,0,0,0,0,0,0,0,2014,87,0,0,0,0,0,0,0,0
466,2017-04-17,09:04:09,923,cs1709,XDCE,2013,2013,2022,15860,319908200,813172,813776,2113,1913,2013,2014,0,2017,0,0,0,2017-04-17,32649923,2013,16,0,0,0,0,0,0,0,0,2014,95,0,0,0,0,0,0,0,0
467,2017-04-17,09:04:10,388,cs1709,XDCE,2012,2012,2022,15922,321156280,813152,813776,2113,1913,2013,2014,0,2017,0,0,0,2017-04-17,32650388,2012,119,0,0,0,0,0,0,0,0,2013,1,0,0,0,0,0,0,0,0
468,2017-04-17,09:04:10,870,cs1709,XDCE,2012,2012,2022,15944,321598980,813168,813776,2113,1913,2013,2014,0,2017,0,0,0,2017-04-17,32650870,2012,104,0,0,0,0,0,0,0,0,2013,43,0,0,0,0,0,0,0,0
469,2017-04-17,09:04:11,421,cs1709,XDCE,2011,2011,2022,16236,327474020,812968,813776,2113,1913,2013,2014,0,2017,0,0,0,2017-04-17,32651421,2011,207,0,0,0,0,0,0,0,0,2012,30,0,0,0,0,0,0,0,0
470,2017-04-17,09:04:11,917,cs1709,XDCE,2012,2011,2022,16456,331900440,812908,813776,2113,1913,2013,2014,0,2017,0,0,0,2017-04-17,32651917,2011,209,0,0,0,0,0,0,0,0,2012,15,0,0,0,0,0,0,0,0
471,2017-04-17,09:04:12,424,cs1709,XDCE,2012,2011,2022,16560,333992960,812890,813776,2113,1913,2013,2014,0,2017,0,0,0,2017-04-17,32652424,2012,17,0,0,0,0,0,0,0,0,2013,100,0,0,0,0,0,0,0,0
472,2017-04-17,09:04:12,923,cs1709,XDCE,2012,2011,2022,16624,335280640,812922,813776,2113,1913,2013,2014,0,2017,0,0,0,2017-04-17,32652923,2012,49,0,0,0,0,0,0,0,0,2013,101,0,0,0,0,0,0,0,0
473,2017-04-17,09:04:13,417,cs1709,XDCE,2012,2011,2022,16652,335844000,812934,813776,2113,1913,2013,2014,0,2017,0,0,0,2017-04-17,32653417,2012,49,0,0,0,0,0,0,0,0,2013,101,0,0,0,0,0,0,0,0
474,2017-04-17,09:04:13,906,cs1709,XDCE,2012,2011,2022,16656,335924480,812938,813776,2113,1913,2013,2014,0,2017,0,0,0,2017-04-17,32653906,2012,64,0,0,0,0,0,0,0,0,2013,304,0,0,0,0,0,0,0,0
475,2017-04-17,09:04:14,418,cs1709,XDCE,2012,2011,2022,16656,335924480,812938,813776,2113,1913,2013,2014,0,2017,0,0,0,2017-04-17,32654418,2012,63,0,0,0,0,0,0,0,0,2013,304,0,0,0,0,0,0,0,0
476,2017-04-17,09:04:14,894,cs1709,XDCE,2012,2011,2022,16698,336769560,812944,813776,2113,1913,2013,2014,0,2017,0,0,0,2017-04-17,32654894,2012,45,0,0,0,0,0,0,0,0,2013,293,0,0,0,0,0,0,0,0
477,2017-04-17,09:04:15,411,cs1709,XDCE,2012,2011,2022,16718,337171960,812952,813776,2113,1913,2013,2014,0,2017,0,0,0,2017-04-17,32655411,2012,48,0,0,0,0,0,0,0,0,2013,278,0,0,0,0,0,0,0,0
478,2017-04-17,09:04:15,890,cs1709,XDCE,2012,2011,2022,16738,337574360,812948,813776,2113,1913,2013,2014,0,2017,0,0,0,2017-04-17,32655890,2012,43,0,0,0,0,0,0,0,0,2013,278,0,0,0,0,0,0,0,0
479,2017-04-17,09:04:16,429,cs1709,XDCE,2011,2011,2022,16836,339546100,812908,813776,2113,1913,2013,2014,0,2017,0,0,0,2017-04-17,32656429,2011,270,0,0,0,0,0,0,0,0,2012,5,0,0,0,0,0,0,0,0
480,2017-04-17,09:04:16,924,cs1709,XDCE,2012,2011,2022,16916,341156280,812940,813776,2113,1913,2013,2014,0,2017,0,0,0,2017-04-17,32656924,2012,4,0,0,0,0,0,0,0,0,2013,244,0,0,0,0,0,0,0,0
481,2017-04-17,09:04:17,416,cs1709,XDCE,2013,2011,2022,16924,341317260,812938,813776,2113,1913,2013,2014,0,2017,0,0,0,2017-04-17,32657416,2012,3,0,0,0,0,0,0,0,0,2013,251,0,0,0,0,0,0,0,0
482,2017-04-17,09:04:17,914,cs1709,XDCE,2012,2011,2022,16934,341518460,812940,813776,2113,1913,2013,2014,0,2017,0,0,0,2017-04-17,32657914,2012,11,0,0,0,0,0,0,0,0,2013,261,0,0,0,0,0,0,0,0
483,2017-04-17,09:04:18,414,cs1709,XDCE,2012,2011,2022,16950,341840380,812954,813776,2113,1913,2013,2014,0,2017,0,0,0,2017-04-17,32658414,2012,7,0,0,0,0,0,0,0,0,2013,261,0,0,0,0,0,0,0,0
484,2017-04-17,09:04:18,860,cs1709,XDCE,2012,2011,2022,16956,341961100,812958,813776,2113,1913,2013,2014,0,2017,0,0,0,2017-04-17,32658860,2012,8,0,0,0,0,0,0,0,0,2013,262,0,0,0,0,0,0,0,0
485,2017-04-17,09:04:19,364,cs1709,XDCE,2012,2011,2022,16970,342242780,812964,813776,2113,1913,2013,2014,0,2017,0,0,0,2017-04-17,32659364,2012,6,0,0,0,0,0,0,0,0,2013,263,0,0,0,0,0,0,0,0
486,2017-04-17,09:04:19,907,cs1709,XDCE,2012,2011,2022,16984,342524460,812970,813776,2113,1913,2013,2014,0,2017,0,0,0,2017-04-17,32659907,2011,272,0,0,0,0,0,0,0,0,2013,263,0,0,0,0,0,0,0,0
487,2017-04-17,09:04:20,400,cs1709,XDCE,2013,2011,2022,16990,342645220,812966,813776,2113,1913,2013,2014,0,2017,0,0,0,2017-04-17,32660400,2012,83,0,0,0,0,0,0,0,0,2013,253,0,0,0,0,0,0,0,0
488,2017-04-17,09:04:20,918,cs1709,XDCE,2012,2011,2022,17006,342967140,812954,813776,2113,1913,2013,2014,0,2017,0,0,0,2017-04-17,32660918,2012,70,0,0,0,0,0,0,0,0,2013,261,0,0,0,0,0,0,0,0
489,2017-04-17,09:04:21,413,cs1709,XDCE,2012,2011,2022,17010,343047620,812952,813776,2113,1913,2013,2014,0,2017,0,0,0,2017-04-17,32661413,2012,102,0,0,0,0,0,0,0,0,2013,263,0,0,0,0,0,0,0,0
490,2017-04-17,09:04:21,767,cs1709,XDCE,2012,2011,2022,17014,343128100,812952,813776,2113,1913,2013,2014,0,2017,0,0,0,2017-04-17,32661767,2012,102,0,0,0,0,0,0,0,0,2013,263,0,0,0,0,0,0,0,0
491,2017-04-17,09:04:22,370,cs1709,XDCE,2012,2011,2022,17044,343731700,812952,813776,2113,1913,2013,2014,0,2017,0,0,0,2017-04-17,32662370,2012,88,0,0,0,0,0,0,0,0,2013,328,0,0,0,0,0,0,0,0
492,2017-04-17,09:04:22,907,cs1709,XDCE,2012,2011,2022,17072,344295060,812924,813776,2113,1913,2013,2014,0,2017,0,0,0,2017-04-17,32662907,2012,76,0,0,0,0,0,0,0,0,2013,331,0,0,0,0,0,0,0,0
493,2017-04-17,09:04:23,342,cs1709,XDCE,2013,2011,2022,17232,347515860,812962,813776,2113,1913,2013,2014,0,2017,0,0,0,2017-04-17,32663342,2012,77,0,0,0,0,0,0,0,0,2013,252,0,0,0,0,0,0,0,0
494,2017-04-17,09:04:23,917,cs1709,XDCE,2013,2011,2022,17232,347515860,812962,813776,2113,1913,2013,2014,0,2017,0,0,0,2017-04-17,32663917,2012,78,0,0,0,0,0,0,0,0,2013,259,0,0,0,0,0,0,0,0
495,2017-04-17,09:04:24,358,cs1709,XDCE,2012,2011,2022,17246,347797540,812950,813776,2113,1913,2013,2014,0,2017,0,0,0,2017-04-17,32664358,2012,71,0,0,0,0,0,0,0,0,2013,259,0,0,0,0,0,0,0,0
496,2017-04-17,09:04:24,838,cs1709,XDCE,2012,2011,2022,17264,348159700,812938,813776,2113,1913,2013,2014,0,2017,0,0,0,2017-04-17,32664838,2012,63,0,0,0,0,0,0,0,0,2013,259,0,0,0,0,0,0,0,0
497,2017-04-17,09:04:25,353,cs1709,XDCE,2012,2011,2022,17270,348280420,812938,813776,2113,1913,2013,2014,0,2017,0,0,0,2017-04-17,32665353,2012,97,0,0,0,0,0,0,0,0,2013,259,0,0,0,0,0,0,0,0
498,2017-04-17,09:04:25,923,cs1709,XDCE,2012,2011,2022,17870,360356960,812614,813776,2113,1913,2013,2014,0,2017,0,0,0,2017-04-17,32665923,2012,43,0,0,0,0,0,0,0,0,2013,62,0,0,0,0,0,0,0,0
499,2017-04-17,09:04:26,422,cs1709,XDCE,2013,2011,2022,17948,361926860,812590,813776,2113,1913,2013,2014,0,2017,0,0,0,2017-04-17,32666422,2012,129,0,0,0,0,0,0,0,0,2013,38,0,0,0,0,0,0,0,0
500,2017-04-17,09:04:26,871,cs1709,XDCE,2012,2011,2022,18000,362973600,812542,813776,2113,1913,2013,2014,0,2017,0,0,0,2017-04-17,32666871,2012,247,0,0,0,0,0,0,0,0,2014,157,0,0,0,0,0,0,0,0
501,2017-04-17,09:04:27,421,cs1709,XDCE,2012,2011,2022,18010,363174840,812542,813776,2113,1913,2013,2014,0,2017,0,0,0,2017-04-17,32667421,2012,268,0,0,0,0,0,0,0,0,2014,147,0,0,0,0,0,0,0,0
502,2017-04-17,09:04:27,914,cs1709,XDCE,2012,2011,2022,18018,363335800,812542,813776,2113,1913,2013,2014,0,2017,0,0,0,2017-04-17,32667914,2012,272,0,0,0,0,0,0,0,0,2013,10,0,0,0,0,0,0,0,0
503,2017-04-17,09:04:28,379,cs1709,XDCE,2013,2011,2022,18048,363939700,812514,813776,2113,1913,2013,2014,0,2017,0,0,0,2017-04-17,32668379,2013,5,0,0,0,0,0,0,0,0,2014,154,0,0,0,0,0,0,0,0
504,2017-04-17,09:04:28,860,cs1709,XDCE,2013,2011,2022,18054,364060480,812520,813776,2113,1913,2013,2014,0,2017,0,0,0,2017-04-17,32668860,2013,3,0,0,0,0,0,0,0,0,2014,183,0,0,0,0,0,0,0,0
505,2017-04-17,09:04:29,307,cs1709,XDCE,2013,2011,2022,18064,364261800,812528,813776,2113,1913,2013,2014,0,2017,0,0,0,2017-04-17,32669307,2012,281,0,0,0,0,0,0,0,0,2013,2,0,0,0,0,0,0,0,0
506,2017-04-17,09:04:29,689,cs1709,XDCE,2013,2011,2022,18064,364261800,812528,813776,2113,1913,2013,2014,0,2017,0,0,0,2017-04-17,32669689,2012,281,0,0,0,0,0,0,0,0,2013,3,0,0,0,0,0,0,0,0
507,2017-04-17,09:04:30,403,cs1709,XDCE,2013,2011,2022,18074,364463020,812530,813776,2113,1913,2013,2014,0,2017,0,0,0,2017-04-17,32670403,2012,280,0,0,0,0,0,0,0,0,2013,2,0,0,0,0,0,0,0,0
508,2017-04-17,09:04:30,899,cs1709,XDCE,2012,2011,2022,18076,364503260,812528,813776,2113,1913,2013,2014,0,2017,0,0,0,2017-04-17,32670899,2012,279,0,0,0,0,0,0,0,0,2013,4,0,0,0,0,0,0,0,0
509,2017-04-17,09:04:31,429,cs1709,XDCE,2013,2011,2022,18086,364704560,812526,813776,2113,1913,2013,2014,0,2017,0,0,0,2017-04-17,32671429,2012,280,0,0,0,0,0,0,0,0,2013,1,0,0,0,0,0,0,0,0
510,2017-04-17,09:04:31,828,cs1709,XDCE,2012,2011,2022,18122,365428900,812536,813776,2113,1913,2013,2014,0,2017,0,0,0,2017-04-17,32671828,2012,283,0,0,0,0,0,0,0,0,2013,5,0,0,0,0,0,0,0,0
511,2017-04-17,09:04:32,419,cs1709,XDCE,2013,2011,2022,18142,365831500,812526,813776,2113,1913,2013,2014,0,2017,0,0,0,2017-04-17,32672419,2012,391,0,0,0,0,0,0,0,0,2013,8,0,0,0,0,0,0,0,0
512,2017-04-17,09:04:32,923,cs1709,XDCE,2012,2011,2022,18164,366274340,812522,813776,2113,1913,2013,2014,0,2017,0,0,0,2017-04-17,32672923,2012,372,0,0,0,0,0,0,0,0,2013,8,0,0,0,0,0,0,0,0
513,2017-04-17,09:04:33,354,cs1709,XDCE,2012,2011,2022,18186,366717160,812538,813776,2113,1913,2013,2014,0,2017,0,0,0,2017-04-17,32673354,2012,370,0,0,0,0,0,0,0,0,2013,5,0,0,0,0,0,0,0,0
514,2017-04-17,09:04:33,853,cs1709,XDCE,2012,2011,2022,18186,366717160,812538,813776,2113,1913,2013,2014,0,2017,0,0,0,2017-04-17,32673853,2012,370,0,0,0,0,0,0,0,0,2013,15,0,0,0,0,0,0,0,0
515,2017-04-17,09:04:34,424,cs1709,XDCE,2013,2011,2022,18190,366797680,812542,813776,2113,1913,2013,2014,0,2017,0,0,0,2017-04-17,32674424,2012,370,0,0,0,0,0,0,0,0,2013,13,0,0,0,0,0,0,0,0
516,2017-04-17,09:04:34,893,cs1709,XDCE,2013,2011,2022,18190,366797680,812542,813776,2113,1913,2013,2014,0,2017,0,0,0,2017-04-17,32674893,2012,370,0,0,0,0,0,0,0,0,2013,14,0,0,0,0,0,0,0,0
517,2017-04-17,09:04:35,426,cs1709,XDCE,2013,2011,2022,18240,367804000,812588,813776,2113,1913,2013,2014,0,2017,0,0,0,2017-04-17,32675426,2013,84,0,0,0,0,0,0,0,0,2014,206,0,0,0,0,0,0,0,0
518,2017-04-17,09:04:35,810,cs1709,XDCE,2013,2011,2022,18246,367924780,812588,813776,2113,1913,2013,2014,0,2017,0,0,0,2017-04-17,32675810,2013,81,0,0,0,0,0,0,0,0,2014,205,0,0,0,0,0,0,0,0
519,2017-04-17,09:04:36,396,cs1709,XDCE,2013,2011,2022,18250,368005300,812590,813776,2113,1913,2013,2014,0,2017,0,0,0,2017-04-17,32676396,2013,79,0,0,0,0,0,0,0,0,2014,205,0,0,0,0,0,0,0,0
520,2017-04-17,09:04:36,912,cs1709,XDCE,2013,2011,2022,18304,369092320,812592,813776,2113,1913,2013,2014,0,2017,0,0,0,2017-04-17,32676912,2013,114,0,0,0,0,0,0,0,0,2014,205,0,0,0,0,0,0,0,0
521,2017-04-17,09:04:37,426,cs1709,XDCE,2013,2011,2022,18304,369092320,812592,813776,2113,1913,2013,2014,0,2017,0,0,0,2017-04-17,32677426,2013,114,0,0,0,0,0,0,0,0,2014,208,0,0,0,0,0,0,0,0
522,2017-04-17,09:04:38,360,cs1709,XDCE,2013,2011,2022,18304,369092320,812592,813776,2113,1913,2013,2014,0,2017,0,0,0,2017-04-17,32678360,2013,114,0,0,0,0,0,0,0,0,2014,209,0,0,0,0,0,0,0,0
523,2017-04-17,09:04:38,848,cs1709,XDCE,2013,2011,2022,18468,372393660,812716,813776,2113,1913,2013,2014,0,2017,0,0,0,2017-04-17,32678848,2013,34,0,0,0,0,0,0,0,0,2014,208,0,0,0,0,0,0,0,0
524,2017-04-17,09:04:39,375,cs1709,XDCE,2013,2011,2022,18476,372554720,812712,813776,2113,1913,2013,2014,0,2017,0,0,0,2017-04-17,32679375,2013,31,0,0,0,0,0,0,0,0,2014,184,0,0,0,0,0,0,0,0
525,2017-04-17,09:04:39,899,cs1709,XDCE,2013,2011,2022,18498,372997580,812714,813776,2113,1913,2013,2014,0,2017,0,0,0,2017-04-17,32679899,2013,21,0,0,0,0,0,0,0,0,2014,334,0,0,0,0,0,0,0,0
526,2017-04-17,09:04:40,918,cs1709,XDCE,2013,2011,2022,18520,373440440,812718,813776,2113,1913,2013,2014,0,2017,0,0,0,2017-04-17,32680918,2013,10,0,0,0,0,0,0,0,0,2014,334,0,0,0,0,0,0,0,0
527,2017-04-17,09:04:41,251,cs1709,XDCE,2014,2011,2022,18522,373480720,812720,813776,2113,1913,2013,2014,0,2017,0,0,0,2017-04-17,32681251,2013,10,0,0,0,0,0,0,0,0,2014,341,0,0,0,0,0,0,0,0
528,2017-04-17,09:04:41,924,cs1709,XDCE,2013,2011,2022,18552,374084620,812714,813776,2113,1913,2013,2014,0,2017,0,0,0,2017-04-17,32681924,2012,398,0,0,0,0,0,0,0,0,2013,27,0,0,0,0,0,0,0,0
529,2017-04-17,09:04:42,419,cs1709,XDCE,2013,2011,2022,18560,374245620,812714,813776,2113,1913,2013,2014,0,2017,0,0,0,2017-04-17,32682419,2012,397,0,0,0,0,0,0,0,0,2013,50,0,0,0,0,0,0,0,0
530,2017-04-17,09:04:42,860,cs1709,XDCE,2013,2011,2022,18560,374245620,812714,813776,2113,1913,2013,2014,0,2017,0,0,0,2017-04-17,32682860,2012,273,0,0,0,0,0,0,0,0,2013,116,0,0,0,0,0,0,0,0
531,2017-04-17,09:04:43,374,cs1709,XDCE,2013,2011,2022,18600,375050820,812714,813776,2113,1913,2013,2014,0,2017,0,0,0,2017-04-17,32683374,2012,271,0,0,0,0,0,0,0,0,2013,100,0,0,0,0,0,0,0,0
532,2017-04-17,09:04:43,927,cs1709,XDCE,2012,2011,2022,18604,375131300,812718,813776,2113,1913,2013,2014,0,2017,0,0,0,2017-04-17,32683927,2012,270,0,0,0,0,0,0,0,0,2013,105,0,0,0,0,0,0,0,0
