,dataDate,dataTime,dataMillisec,instrumentID,exchangeCD,lastPrice,lowPrice,highPrice,volume,value,openInterest,preOpenInterest,upperLimitPrice,lowerLimitPrice,preSettlementPrice,prevClosePrice,settlementPrice,openPrice,closePrice,preDelta,currDelta,clearingDay,milliSecOffset,bidPrice1,bidVolume1,bidPrice2,bidVolume2,bidPrice3,bidVolume3,bidPrice4,bidVolume4,bidPrice5,bidVolume5,askPrice1,askVolume1,askPrice2,askVolume2,askPrice3,askVolume3,askPrice4,askVolume4,askPrice5,askVolume5
0,2017-04-17,09:00:00,0,FG709,XZCE,1239,1225,1245,118374,2925500000,218512,251790,1300,1176,1238,1227,0,1229,0,0,0,2017-04-17,32400000,1238,34,0,0,0,0,0,0,0,0,1239,52,0,0,0,0,0,0,0,0
1,2017-04-17,09:00:00,0,FG709,XZCE,1237,1225,1245,118732,2934356920,218438,251790,1300,1176,1238,1227,0,1229,0,0,0,2017-04-17,32400000,1237,22,0,0,0,0,0,0,0,0,1238,262,0,0,0,0,0,0,0,0
2,2017-04-17,09:00:01,0,FG709,XZCE,1237,1225,1245,118932,2939304920,218530,251790,1300,1176,1238,1227,0,1229,0,0,0,2017-04-17,32401000,1236,18,0,0,0,0,0,0,0,0,1237,24,0,0,0,0,0,0,0,0
3,2017-04-17,09:00:01,0,FG709,XZCE,1236,1225,1245,118988,2940689240,218508,251790,1300,1176,1238,1227,0,1229,0,0,0,2017-04-17,32401000,1235,137,0,0,0,0,0,0,0,0,1236,18,0,0,0,0,0,0,0,0
4,2017-04-17,09:00:02,0,FG709,XZCE,1238,1225,1245,119296,2948315320,218632,251790,1300,1176,1238,1227,0,1229,0,0,0,2017-04-17,32402000,1236,1,0,0,0,0,0,0,0,0,1238,141,0,0,0,0,0,0,0,0
5,2017-04-17,09:00:02,0,FG709,XZCE,1235,1225,1245,119388,2950587720,218614,251790,1300,1176,1238,1227,0,1229,0,0,0,2017-04-17,32402000,1235,111,0,0,0,0,0,0,0,0,1236,5,0,0,0,0,0,0,0,0
6,2017-04-17,09:00:03,0,FG709,XZCE,1238,1225,1245,119428,2951578120,218602,251790,1300,1176,1238,1227,0,1229,0,0,0,2017-04-17,32403000,1237,31,0,0,0,0,0,0,0,0,1238,133,0,0,0,0,0,0,0,0
7,2017-04-17,09:00:03,0,FG709,XZCE,1237,1225,1245,119434,2951726560,218608,251790,1300,1176,1238,1227,0,1229,0,0,0,2017-04-17,32403000,1237,32,0,0,0,0,0,0,0,0,1238,123,0,0,0,0,0,0,0,0
8,2017-04-17,09:00:04,0,FG709,XZCE,1237,1225,1245,119436,2951776040,218610,251790,1300,1176,1238,1227,0,1229,0,0,0,2017-04-17,32404000,1237,32,0,0,0,0,0,0,0,0,1238,123,0,0,0,0,0,0,0,0
9,2017-04-17,09:00:04,0,FG709,XZCE,1237,1225,1245,119438,2951825520,218612,251790,1300,1176,1238,1227,0,1229,0,0,0,2017-04-17,32404000,1237,32,0,0,0,0,0,0,0,0,1238,123,0,0,0,0,0,0,0,0
10,2017-04-17,09:00:05,0,FG709,XZCE,1238,1225,1245,119512,2953657760,218620,251790,1300,1176,1238,1227,0,1229,0,0,0,2017-04-17,32405000,1237,1,0,0,0,0,0,0,0,0,1238,118,0,0,0,0,0,0,0,0
11,2017-04-17,09:00:05,0,FG709,XZCE,1237,1225,1245,119530,2954103080,218608,251790,1300,1176,1238,1227,0,1229,0,0,0,2017-04-17,32405000,1237,7,0,0,0,0,0,0,0,0,1238,118,0,0,0,0,0,0,0,0
12,2017-04-17,09:00:06,0,FG709,XZCE,1237,1225,1245,119544,2954449440,218606,251790,1300,1176,1238,1227,0,1229,0,0,0,2017-04-17,32406000,1237,3,0,0,0,0,0,0,0,0,1238,115,0,0,0,0,0,0,0,0
13,2017-04-17,09:00:06,0,FG709,XZCE,1236,1225,1245,119564,2954943840,218608,251790,1300,1176,1238,1227,0,1229,0,0,0,2017-04-17,32406000,1237,1,0,0,0,0,0,0,0,0,1238,120,0,0,0,0,0,0,0,0
14,2017-04-17,09:00:07,0,FG709,XZCE,1237,1225,1245,119584,2955438640,218612,251790,1300,1176,1238,1227,0,1229,0,0,0,2017-04-17,32407000,1236,29,0,0,0,0,0,0,0,0,1237,43,0,0,0,0,0,0,0,0
15,2017-04-17,09:00:07,0,FG709,XZCE,1237,1225,1245,119592,2955636560,218618,251790,1300,1176,1238,1227,0,1229,0,0,0,2017-04-17,32407000,1236,29,0,0,0,0,0,0,0,0,1237,39,0,0,0,0,0,0,0,0
16,2017-04-17,09:00:08,0,FG709,XZCE,1236,1225,1245,119626,2956477040,218616,251790,1300,1176,1238,1227,0,1229,0,0,0,2017-04-17,32408000,1236,26,0,0,0,0,0,0,0,0,1237,25,0,0,0,0,0,0,0,0
17,2017-04-17,09:00:08,0,FG709,XZCE,1237,1225,1245,119628,2956526520,218618,251790,1300,1176,1238,1227,0,1229,0,0,0,2017-04-17,32408000,1236,26,0,0,0,0,0,0,0,0,1237,27,0,0,0,0,0,0,0,0
18,2017-04-17,09:00:09,0,FG709,XZCE,1237,1225,1245,119648,2957021320,218628,251790,1300,1176,1238,1227,0,1229,0,0,0,2017-04-17,32409000,1236,21,0,0,0,0,0,0,0,0,1237,22,0,0,0,0,0,0,0,0
19,2017-04-17,09:00:09,0,FG709,XZCE,1237,1225,1245,119656,2957219240,218630,251790,1300,1176,1238,1227,0,1229,0,0,0,2017-04-17,32409000,1236,24,0,0,0,0,0,0,0,0,1237,20,0,0,0,0,0,0,0,0
20,2017-04-17,09:00:10,0,FG709,XZCE,1237,1225,1245,119670,2957565600,218628,251790,1300,1176,1238,1227,0,1229,0,0,0,2017-04-17,32410000,1236,21,0,0,0,0,0,0,0,0,1237,17,0,0,0,0,0,0,0,0
21,2017-04-17,09:00:10,0,FG709,XZCE,1236,1225,1245,119684,2957911680,218626,251790,1300,1176,1238,1227,0,1229,0,0,0,2017-04-17,32410000,1236,44,0,0,0,0,0,0,0,0,1237,18,0,0,0,0,0,0,0,0
22,2017-04-17,09:00:11,0,FG709,XZCE,1236,1225,1245,119700,2958307200,218624,251790,1300,1176,1238,1227,0,1229,0,0,0,2017-04-17,32411000,1236,36,0,0,0,0,0,0,0,0,1237,19,0,0,0,0,0,0,0,0
23,2017-04-17,09:00:11,0,FG709,XZCE,1237,1225,1245,119726,2958950440,218602,251790,1300,1176,1238,1227,0,1229,0,0,0,2017-04-17,32411000,1236,55,0,0,0,0,0,0,0,0,1237,8,0,0,0,0,0,0,0,0
24,2017-04-17,09:00:12,0,FG709,XZCE,1237,1225,1245,119740,2959296800,218606,251790,1300,1176,1238,1227,0,1229,0,0,0,2017-04-17,32412000,1236,49,0,0,0,0,0,0,0,0,1237,43,0,0,0,0,0,0,0,0
25,2017-04-17,09:00:12,0,FG709,XZCE,1237,1225,1245,119822,2961325480,218550,251790,1300,1176,1238,1227,0,1229,0,0,0,2017-04-17,32412000,1236,4,0,0,0,0,0,0,0,0,1237,37,0,0,0,0,0,0,0,0
26,2017-04-17,09:00:13,0,FG709,XZCE,1237,1225,1245,119840,2961770800,218552,251790,1300,1176,1238,1227,0,1229,0,0,0,2017-04-17,32413000,1236,4,0,0,0,0,0,0,0,0,1237,45,0,0,0,0,0,0,0,0
27,2017-04-17,09:00:13,0,FG709,XZCE,1236,1225,1245,119848,2961968560,218550,251790,1300,1176,1238,1227,0,1229,0,0,0,2017-04-17,32413000,1236,1,0,0,0,0,0,0,0,0,1237,47,0,0,0,0,0,0,0,0
28,2017-04-17,09:00:14,0,FG709,XZCE,1235,1225,1245,119860,2962264960,218550,251790,1300,1176,1238,1227,0,1229,0,0,0,2017-04-17,32414000,1235,134,0,0,0,0,0,0,0,0,1237,45,0,0,0,0,0,0,0,0
29,2017-04-17,09:00:14,0,FG709,XZCE,1235,1225,1245,120000,2965722960,218554,251790,1300,1176,1238,1227,0,1229,0,0,0,2017-04-17,32414000,1235,119,0,0,0,0,0,0,0,0,1237,16,0,0,0,0,0,0,0,0
30,2017-04-17,09:00:15,0,FG709,XZCE,1235,1225,1245,120102,2968242360,218482,251790,1300,1176,1238,1227,0,1229,0,0,0,2017-04-17,32415000,1236,13,0,0,0,0,0,0,0,0,1237,16,0,0,0,0,0,0,0,0
31,2017-04-17,09:00:15,0,FG709,XZCE,1236,1225,1245,120104,2968291800,218482,251790,1300,1176,1238,1227,0,1229,0,0,0,2017-04-17,32415000,1236,16,0,0,0,0,0,0,0,0,1237,17,0,0,0,0,0,0,0,0
32,2017-04-17,09:00:16,0,FG709,XZCE,1237,1225,1245,120154,2969528800,218464,251790,1300,1176,1238,1227,0,1229,0,0,0,2017-04-17,32416000,1236,17,0,0,0,0,0,0,0,0,1237,15,0,0,0,0,0,0,0,0
33,2017-04-17,09:00:16,0,FG709,XZCE,1237,1225,1245,120166,2969825680,218464,251790,1300,1176,1238,1227,0,1229,0,0,0,2017-04-17,32416000,1236,15,0,0,0,0,0,0,0,0,1237,17,0,0,0,0,0,0,0,0
34,2017-04-17,09:00:17,0,FG709,XZCE,1235,1225,1245,120210,2970912480,218472,251790,1300,1176,1238,1227,0,1229,0,0,0,2017-04-17,32417000,1235,56,0,0,0,0,0,0,0,0,1236,16,0,0,0,0,0,0,0,0
35,2017-04-17,09:00:17,0,FG709,XZCE,1236,1225,1245,120218,2971110240,218474,251790,1300,1176,1238,1227,0,1229,0,0,0,2017-04-17,32417000,1235,56,0,0,0,0,0,0,0,0,1236,14,0,0,0,0,0,0,0,0
36,2017-04-17,09:00:18,0,FG709,XZCE,1236,1225,1245,120242,2971703520,218492,251790,1300,1176,1238,1227,0,1229,0,0,0,2017-04-17,32418000,1235,54,0,0,0,0,0,0,0,0,1236,14,0,0,0,0,0,0,0,0
37,2017-04-17,09:00:18,0,FG709,XZCE,1236,1225,1245,120258,2972099040,218496,251790,1300,1176,1238,1227,0,1229,0,0,0,2017-04-17,32418000,1235,52,0,0,0,0,0,0,0,0,1236,15,0,0,0,0,0,0,0,0
38,2017-04-17,09:00:19,0,FG709,XZCE,1236,1225,1245,120260,2972148480,218496,251790,1300,1176,1238,1227,0,1229,0,0,0,2017-04-17,32419000,1235,53,0,0,0,0,0,0,0,0,1236,14,0,0,0,0,0,0,0,0
39,2017-04-17,09:00:19,0,FG709,XZCE,1236,1225,1245,120262,2972197920,218498,251790,1300,1176,1238,1227,0,1229,0,0,0,2017-04-17,32419000,1235,53,0,0,0,0,0,0,0,0,1236,15,0,0,0,0,0,0,0,0
40,2017-04-17,09:00:20,0,FG709,XZCE,1236,1225,1245,120272,2972445120,218492,251790,1300,1176,1238,1227,0,1229,0,0,0,2017-04-17,32420000,1235,64,0,0,0,0,0,0,0,0,1236,11,0,0,0,0,0,0,0,0
41,2017-04-17,09:00:20,0,FG709,XZCE,1235,1225,1245,120282,2972692120,218492,251790,1300,1176,1238,1227,0,1229,0,0,0,2017-04-17,32420000,1235,57,0,0,0,0,0,0,0,0,1236,11,0,0,0,0,0,0,0,0
42,2017-04-17,09:00:21,0,FG709,XZCE,1235,1225,1245,120302,2973186120,218494,251790,1300,1176,1238,1227,0,1229,0,0,0,2017-04-17,32421000,1235,39,0,0,0,0,0,0,0,0,1236,11,0,0,0,0,0,0,0,0
43,2017-04-17,09:00:21,0,FG709,XZCE,1235,1225,1245,120312,2973433120,218496,251790,1300,1176,1238,1227,0,1229,0,0,0,2017-04-17,32421000,1235,37,0,0,0,0,0,0,0,0,1236,8,0,0,0,0,0,0,0,0
44,2017-04-17,09:00:22,0,FG709,XZCE,1235,1225,1245,120320,2973630720,218494,251790,1300,1176,1238,1227,0,1229,0,0,0,2017-04-17,32422000,1235,34,0,0,0,0,0,0,0,0,1236,7,0,0,0,0,0,0,0,0
45,2017-04-17,09:00:22,0,FG709,XZCE,1235,1225,1245,120348,2974322320,218498,251790,1300,1176,1238,1227,0,1229,0,0,0,2017-04-17,32422000,1235,22,0,0,0,0,0,0,0,0,1236,7,0,0,0,0,0,0,0,0
46,2017-04-17,09:00:23,0,FG709,XZCE,1235,1225,1245,120356,2974519920,218496,251790,1300,1176,1238,1227,0,1229,0,0,0,2017-04-17,32423000,1235,20,0,0,0,0,0,0,0,0,1236,6,0,0,0,0,0,0,0,0
47,2017-04-17,09:00:23,0,FG709,XZCE,1235,1225,1245,120362,2974668120,218492,251790,1300,1176,1238,1227,0,1229,0,0,0,2017-04-17,32423000,1235,23,0,0,0,0,0,0,0,0,1236,8,0,0,0,0,0,0,0,0
48,2017-04-17,09:00:24,0,FG709,XZCE,1236,1225,1245,120390,2975360280,218498,251790,1300,1176,1238,1227,0,1229,0,0,0,2017-04-17,32424000,1236,13,0,0,0,0,0,0,0,0,1237,18,0,0,0,0,0,0,0,0
49,2017-04-17,09:00:24,0,FG709,XZCE,1236,1225,1245,120418,2976052440,218516,251790,1300,1176,1238,1227,0,1229,0,0,0,2017-04-17,32424000,1235,27,0,0,0,0,0,0,0,0,1236,2,0,0,0,0,0,0,0,0
50,2017-04-17,09:00:25,0,FG709,XZCE,1236,1225,1245,120428,2976299640,218508,251790,1300,1176,1238,1227,0,1229,0,0,0,2017-04-17,32425000,1235,24,0,0,0,0,0,0,0,0,1236,1,0,0,0,0,0,0,0,0
51,2017-04-17,09:00:25,0,FG709,XZCE,1236,1225,1245,120428,2976299640,218508,251790,1300,1176,1238,1227,0,1229,0,0,0,2017-04-17,32425000,1235,25,0,0,0,0,0,0,0,0,1236,1,0,0,0,0,0,0,0,0
52,2017-04-17,09:00:26,0,FG709,XZCE,1236,1225,1245,120442,2976645720,218508,251790,1300,1176,1238,1227,0,1229,0,0,0,2017-04-17,32426000,1236,33,0,0,0,0,0,0,0,0,1237,15,0,0,0,0,0,0,0,0
53,2017-04-17,09:00:26,0,FG709,XZCE,1236,1225,1245,120450,2976843480,218516,251790,1300,1176,1238,1227,0,1229,0,0,0,2017-04-17,32426000,1236,29,0,0,0,0,0,0,0,0,1237,19,0,0,0,0,0,0,0,0
54,2017-04-17,09:00:27,0,FG709,XZCE,1236,1225,1245,120452,2976892920,218518,251790,1300,1176,1238,1227,0,1229,0,0,0,2017-04-17,32427000,1236,32,0,0,0,0,0,0,0,0,1237,19,0,0,0,0,0,0,0,0
55,2017-04-17,09:00:27,0,FG709,XZCE,1236,1225,1245,120468,2977288440,218522,251790,1300,1176,1238,1227,0,1229,0,0,0,2017-04-17,32427000,1236,26,0,0,0,0,0,0,0,0,1237,19,0,0,0,0,0,0,0,0
56,2017-04-17,09:00:28,0,FG709,XZCE,1236,1225,1245,120534,2978919960,218556,251790,1300,1176,1238,1227,0,1229,0,0,0,2017-04-17,32428000,1235,56,0,0,0,0,0,0,0,0,1236,3,0,0,0,0,0,0,0,0
57,2017-04-17,09:00:28,0,FG709,XZCE,1236,1225,1245,120540,2979068280,218556,251790,1300,1176,1238,1227,0,1229,0,0,0,2017-04-17,32428000,1235,56,0,0,0,0,0,0,0,0,1237,26,0,0,0,0,0,0,0,0
58,2017-04-17,09:00:29,0,FG709,XZCE,1235,1225,1245,120554,2979414080,218562,251790,1300,1176,1238,1227,0,1229,0,0,0,2017-04-17,32429000,1235,49,0,0,0,0,0,0,0,0,1237,34,0,0,0,0,0,0,0,0
59,2017-04-17,09:00:30,0,FG709,XZCE,1237,1225,1245,120556,2979463560,218560,251790,1300,1176,1238,1227,0,1229,0,0,0,2017-04-17,32430000,1235,49,0,0,0,0,0,0,0,0,1237,33,0,0,0,0,0,0,0,0
60,2017-04-17,09:00:30,0,FG709,XZCE,1235,1225,1245,120566,2979710560,218556,251790,1300,1176,1238,1227,0,1229,0,0,0,2017-04-17,32430000,1235,48,0,0,0,0,0,0,0,0,1237,42,0,0,0,0,0,0,0,0
61,2017-04-17,09:00:31,0,FG709,XZCE,1235,1225,1245,120570,2979809360,218552,251790,1300,1176,1238,1227,0,1229,0,0,0,2017-04-17,32431000,1235,48,0,0,0,0,0,0,0,0,1237,42,0,0,0,0,0,0,0,0
62,2017-04-17,09:00:31,0,FG709,XZCE,1237,1225,1245,120724,2983619320,218436,251790,1300,1176,1238,1227,0,1229,0,0,0,2017-04-17,32431000,1235,48,0,0,0,0,0,0,0,0,1237,170,0,0,0,0,0,0,0,0
63,2017-04-17,09:00:32,0,FG709,XZCE,1236,1225,1245,120736,2983915960,218434,251790,1300,1176,1238,1227,0,1229,0,0,0,2017-04-17,32432000,1235,184,0,0,0,0,0,0,0,0,1236,15,0,0,0,0,0,0,0,0
64,2017-04-17,09:00:32,0,FG709,XZCE,1235,1225,1245,120738,2983965360,218434,251790,1300,1176,1238,1227,0,1229,0,0,0,2017-04-17,32432000,1235,187,0,0,0,0,0,0,0,0,1236,16,0,0,0,0,0,0,0,0
65,2017-04-17,09:00:33,0,FG709,XZCE,1236,1225,1245,120778,2984954160,218396,251790,1300,1176,1238,1227,0,1229,0,0,0,2017-04-17,32433000,1235,227,0,0,0,0,0,0,0,0,1236,1,0,0,0,0,0,0,0,0
66,2017-04-17,09:00:33,0,FG709,XZCE,1236,1225,1245,120792,2985300240,218398,251790,1300,1176,1238,1227,0,1229,0,0,0,2017-04-17,32433000,1236,33,0,0,0,0,0,0,0,0,1237,23,0,0,0,0,0,0,0,0
67,2017-04-17,09:00:34,0,FG709,XZCE,1237,1225,1245,120842,2986537240,218356,251790,1300,1176,1238,1227,0,1229,0,0,0,2017-04-17,32434000,1237,4,0,0,0,0,0,0,0,0,1238,132,0,0,0,0,0,0,0,0
68,2017-04-17,09:00:34,0,FG709,XZCE,1236,1225,1245,120858,2986932760,218348,251790,1300,1176,1238,1227,0,1229,0,0,0,2017-04-17,32434000,1236,30,0,0,0,0,0,0,0,0,1238,112,0,0,0,0,0,0,0,0
69,2017-04-17,09:00:35,0,FG709,XZCE,1236,1225,1245,120858,2986932760,218348,251790,1300,1176,1238,1227,0,1229,0,0,0,2017-04-17,32435000,1236,32,0,0,0,0,0,0,0,0,1238,112,0,0,0,0,0,0,0,0
70,2017-04-17,09:00:35,0,FG709,XZCE,1236,1225,1245,120870,2987229400,218346,251790,1300,1176,1238,1227,0,1229,0,0,0,2017-04-17,32435000,1236,26,0,0,0,0,0,0,0,0,1238,112,0,0,0,0,0,0,0,0
71,2017-04-17,09:00:36,0,FG709,XZCE,1237,1225,1245,120948,2989159120,218330,251790,1300,1176,1238,1227,0,1229,0,0,0,2017-04-17,32436000,1237,25,0,0,0,0,0,0,0,0,1238,114,0,0,0,0,0,0,0,0
72,2017-04-17,09:00:36,0,FG709,XZCE,1236,1225,1245,121066,2992076080,218258,251790,1300,1176,1238,1227,0,1229,0,0,0,2017-04-17,32436000,1236,83,0,0,0,0,0,0,0,0,1238,126,0,0,0,0,0,0,0,0
73,2017-04-17,09:00:37,0,FG709,XZCE,1237,1225,1245,121082,2992471920,218252,251790,1300,1176,1238,1227,0,1229,0,0,0,2017-04-17,32437000,1236,80,0,0,0,0,0,0,0,0,1237,13,0,0,0,0,0,0,0,0
74,2017-04-17,09:00:37,0,FG709,XZCE,1237,1225,1245,121090,2992669840,218252,251790,1300,1176,1238,1227,0,1229,0,0,0,2017-04-17,32437000,1236,82,0,0,0,0,0,0,0,0,1237,9,0,0,0,0,0,0,0,0
75,2017-04-17,09:00:38,0,FG709,XZCE,1237,1225,1245,121108,2993115160,218234,251790,1300,1176,1238,1227,0,1229,0,0,0,2017-04-17,32438000,1237,24,0,0,0,0,0,0,0,0,1238,134,0,0,0,0,0,0,0,0
76,2017-04-17,09:00:38,0,FG709,XZCE,1237,1225,1245,121114,2993263600,218232,251790,1300,1176,1238,1227,0,1229,0,0,0,2017-04-17,32438000,1237,22,0,0,0,0,0,0,0,0,1238,133,0,0,0,0,0,0,0,0
77,2017-04-17,09:00:39,0,FG709,XZCE,1237,1225,1245,121116,2993313080,218230,251790,1300,1176,1238,1227,0,1229,0,0,0,2017-04-17,32439000,1237,21,0,0,0,0,0,0,0,0,1238,133,0,0,0,0,0,0,0,0
78,2017-04-17,09:00:39,0,FG709,XZCE,1237,1225,1245,121124,2993511000,218228,251790,1300,1176,1238,1227,0,1229,0,0,0,2017-04-17,32439000,1237,8,0,0,0,0,0,0,0,0,1238,133,0,0,0,0,0,0,0,0
79,2017-04-17,09:00:40,0,FG709,XZCE,1238,1225,1245,121130,2993659560,218234,251790,1300,1176,1238,1227,0,1229,0,0,0,2017-04-17,32440000,1237,9,0,0,0,0,0,0,0,0,1238,130,0,0,0,0,0,0,0,0
80,2017-04-17,09:00:40,0,FG709,XZCE,1236,1225,1245,121152,2994203400,218236,251790,1300,1176,1238,1227,0,1229,0,0,0,2017-04-17,32440000,1236,101,0,0,0,0,0,0,0,0,1238,131,0,0,0,0,0,0,0,0
81,2017-04-17,09:00:41,0,FG709,XZCE,1237,1225,1245,121160,2994401320,218236,251790,1300,1176,1238,1227,0,1229,0,0,0,2017-04-17,32441000,1237,7,0,0,0,0,0,0,0,0,1238,130,0,0,0,0,0,0,0,0
82,2017-04-17,09:00:41,0,FG709,XZCE,1238,1225,1245,121162,2994450840,218236,251790,1300,1176,1238,1227,0,1229,0,0,0,2017-04-17,32441000,1237,6,0,0,0,0,0,0,0,0,1238,129,0,0,0,0,0,0,0,0
83,2017-04-17,09:00:42,0,FG709,XZCE,1237,1225,1245,121174,2994747720,218234,251790,1300,1176,1238,1227,0,1229,0,0,0,2017-04-17,32442000,1237,18,0,0,0,0,0,0,0,0,1238,127,0,0,0,0,0,0,0,0
84,2017-04-17,09:00:42,0,FG709,XZCE,1237,1225,1245,121176,2994797200,218232,251790,1300,1176,1238,1227,0,1229,0,0,0,2017-04-17,32442000,1237,16,0,0,0,0,0,0,0,0,1238,127,0,0,0,0,0,0,0,0
85,2017-04-17,09:00:43,0,FG709,XZCE,1237,1225,1245,121176,2994797200,218232,251790,1300,1176,1238,1227,0,1229,0,0,0,2017-04-17,32443000,1237,18,0,0,0,0,0,0,0,0,1238,127,0,0,0,0,0,0,0,0
86,2017-04-17,09:00:43,0,FG709,XZCE,1238,1225,1245,121186,2995044800,218236,251790,1300,1176,1238,1227,0,1229,0,0,0,2017-04-17,32443000,1237,21,0,0,0,0,0,0,0,0,1238,128,0,0,0,0,0,0,0,0
87,2017-04-17,09:00:44,0,FG709,XZCE,1238,1225,1245,121190,2995143840,218240,251790,1300,1176,1238,1227,0,1229,0,0,0,2017-04-17,32444000,1237,21,0,0,0,0,0,0,0,0,1238,126,0,0,0,0,0,0,0,0
88,2017-04-17,09:00:44,0,FG709,XZCE,1238,1225,1245,121192,2995193360,218242,251790,1300,1176,1238,1227,0,1229,0,0,0,2017-04-17,32444000,1237,21,0,0,0,0,0,0,0,0,1238,125,0,0,0,0,0,0,0,0
89,2017-04-17,09:00:45,0,FG709,XZCE,1238,1225,1245,121200,2995391440,218242,251790,1300,1176,1238,1227,0,1229,0,0,0,2017-04-17,32445000,1237,23,0,0,0,0,0,0,0,0,1238,123,0,0,0,0,0,0,0,0
90,2017-04-17,09:00:45,0,FG709,XZCE,1237,1225,1245,121204,2995490400,218244,251790,1300,1176,1238,1227,0,1229,0,0,0,2017-04-17,32445000,1237,23,0,0,0,0,0,0,0,0,1238,123,0,0,0,0,0,0,0,0
91,2017-04-17,09:00:46,0,FG709,XZCE,1238,1225,1245,121210,2995638960,218246,251790,1300,1176,1238,1227,0,1229,0,0,0,2017-04-17,32446000,1237,78,0,0,0,0,0,0,0,0,1238,121,0,0,0,0,0,0,0,0
92,2017-04-17,09:00:46,0,FG709,XZCE,1238,1225,1245,121210,2995638960,218246,251790,1300,1176,1238,1227,0,1229,0,0,0,2017-04-17,32446000,1237,78,0,0,0,0,0,0,0,0,1238,122,0,0,0,0,0,0,0,0
93,2017-04-17,09:00:47,0,FG709,XZCE,1238,1225,1245,121460,3001828960,218424,251790,1300,1176,1238,1227,0,1229,0,0,0,2017-04-17,32447000,1238,89,0,0,0,0,0,0,0,0,1239,84,0,0,0,0,0,0,0,0
94,2017-04-17,09:00:47,0,FG709,XZCE,1238,1225,1245,121522,3003364080,218362,251790,1300,1176,1238,1227,0,1229,0,0,0,2017-04-17,32447000,1238,58,0,0,0,0,0,0,0,0,1239,84,0,0,0,0,0,0,0,0
95,2017-04-17,09:00:48,0,FG709,XZCE,1238,1225,1245,121526,3003463120,218362,251790,1300,1176,1238,1227,0,1229,0,0,0,2017-04-17,32448000,1238,57,0,0,0,0,0,0,0,0,1239,84,0,0,0,0,0,0,0,0
96,2017-04-17,09:00:48,0,FG709,XZCE,1239,1225,1245,121536,3003710920,218364,251790,1300,1176,1238,1227,0,1229,0,0,0,2017-04-17,32448000,1238,73,0,0,0,0,0,0,0,0,1239,79,0,0,0,0,0,0,0,0
97,2017-04-17,09:00:49,0,FG709,XZCE,1238,1225,1245,121638,3006236440,218266,251790,1300,1176,1238,1227,0,1229,0,0,0,2017-04-17,32449000,1238,9,0,0,0,0,0,0,0,0,1239,79,0,0,0,0,0,0,0,0
98,2017-04-17,09:00:49,0,FG709,XZCE,1239,1225,1245,121660,3006781600,218264,251790,1300,1176,1238,1227,0,1229,0,0,0,2017-04-17,32449000,1238,10,0,0,0,0,0,0,0,0,1239,68,0,0,0,0,0,0,0,0
99,2017-04-17,09:00:50,0,FG709,XZCE,1239,1225,1245,121666,3006930280,218264,251790,1300,1176,1238,1227,0,1229,0,0,0,2017-04-17,32450000,1238,10,0,0,0,0,0,0,0,0,1239,65,0,0,0,0,0,0,0,0
100,2017-04-17,09:00:50,0,FG709,XZCE,1238,1225,1245,121750,3009010120,218256,251790,1300,1176,1238,1227,0,1229,0,0,0,2017-04-17,32450000,1238,111,0,0,0,0,0,0,0,0,1239,66,0,0,0,0,0,0,0,0
101,2017-04-17,09:00:51,0,FG709,XZCE,1238,1225,1245,121754,3009109160,218254,251790,1300,1176,1238,1227,0,1229,0,0,0,2017-04-17,32451000,1238,109,0,0,0,0,0,0,0,0,1239,66,0,0,0,0,0,0,0,0
102,2017-04-17,09:00:51,0,FG709,XZCE,1239,1225,1245,121764,3009356960,218252,251790,1300,1176,1238,1227,0,1229,0,0,0,2017-04-17,32451000,1238,107,0,0,0,0,0,0,0,0,1239,63,0,0,0,0,0,0,0,0
103,2017-04-17,09:00:52,0,FG709,XZCE,1238,1225,1245,121772,3009555040,218246,251790,1300,1176,1238,1227,0,1229,0,0,0,2017-04-17,32452000,1238,91,0,0,0,0,0,0,0,0,1239,62,0,0,0,0,0,0,0,0
104,2017-04-17,09:00:52,0,FG709,XZCE,1239,1225,1245,121802,3010298440,218242,251790,1300,1176,1238,1227,0,1229,0,0,0,2017-04-17,32452000,1238,93,0,0,0,0,0,0,0,0,1239,48,0,0,0,0,0,0,0,0
105,2017-04-17,09:00:53,0,FG709,XZCE,1239,1225,1245,121804,3010348000,218240,251790,1300,1176,1238,1227,0,1229,0,0,0,2017-04-17,32453000,1238,93,0,0,0,0,0,0,0,0,1239,47,0,0,0,0,0,0,0,0
106,2017-04-17,09:00:53,0,FG709,XZCE,1239,1225,1245,121938,3013668520,218130,251790,1300,1176,1238,1227,0,1229,0,0,0,2017-04-17,32453000,1238,88,0,0,0,0,0,0,0,0,1239,85,0,0,0,0,0,0,0,0
107,2017-04-17,09:00:54,0,FG709,XZCE,1238,1225,1245,121970,3014460840,218130,251790,1300,1176,1238,1227,0,1229,0,0,0,2017-04-17,32454000,1238,87,0,0,0,0,0,0,0,0,1239,74,0,0,0,0,0,0,0,0
108,2017-04-17,09:00:54,0,FG709,XZCE,1238,1225,1245,121988,3014906520,218122,251790,1300,1176,1238,1227,0,1229,0,0,0,2017-04-17,32454000,1238,82,0,0,0,0,0,0,0,0,1239,70,0,0,0,0,0,0,0,0
109,2017-04-17,09:00:55,0,FG709,XZCE,1239,1225,1245,122006,3015352560,218122,251790,1300,1176,1238,1227,0,1229,0,0,0,2017-04-17,32455000,1238,6,0,0,0,0,0,0,0,0,1239,71,0,0,0,0,0,0,0,0
110,2017-04-17,09:00:55,0,FG709,XZCE,1239,1225,1245,122034,3016046400,218110,251790,1300,1176,1238,1227,0,1229,0,0,0,2017-04-17,32455000,1238,3,0,0,0,0,0,0,0,0,1239,64,0,0,0,0,0,0,0,0
111,2017-04-17,09:00:56,0,FG709,XZCE,1238,1225,1245,122042,3016244480,218108,251790,1300,1176,1238,1227,0,1229,0,0,0,2017-04-17,32456000,1237,45,0,0,0,0,0,0,0,0,1239,79,0,0,0,0,0,0,0,0
112,2017-04-17,09:00:56,0,FG709,XZCE,1238,1225,1245,122044,3016294000,218110,251790,1300,1176,1238,1227,0,1229,0,0,0,2017-04-17,32456000,1237,46,0,0,0,0,0,0,0,0,1238,5,0,0,0,0,0,0,0,0
113,2017-04-17,09:00:57,0,FG709,XZCE,1238,1225,1245,122044,3016294000,218110,251790,1300,1176,1238,1227,0,1229,0,0,0,2017-04-17,32457000,1237,46,0,0,0,0,0,0,0,0,1238,7,0,0,0,0,0,0,0,0
114,2017-04-17,09:00:57,0,FG709,XZCE,1237,1225,1245,122046,3016343480,218110,251790,1300,1176,1238,1227,0,1229,0,0,0,2017-04-17,32457000,1237,52,0,0,0,0,0,0,0,0,1238,23,0,0,0,0,0,0,0,0
115,2017-04-17,09:00:58,0,FG709,XZCE,1238,1225,1245,122088,3017383400,218082,251790,1300,1176,1238,1227,0,1229,0,0,0,2017-04-17,32458000,1237,71,0,0,0,0,0,0,0,0,1238,18,0,0,0,0,0,0,0,0
116,2017-04-17,09:00:59,0,FG709,XZCE,1238,1225,1245,122090,3017432920,218082,251790,1300,1176,1238,1227,0,1229,0,0,0,2017-04-17,32459000,1237,71,0,0,0,0,0,0,0,0,1238,18,0,0,0,0,0,0,0,0
117,2017-04-17,09:00:59,0,FG709,XZCE,1238,1225,1245,122108,3017878600,218076,251790,1300,1176,1238,1227,0,1229,0,0,0,2017-04-17,32459000,1237,71,0,0,0,0,0,0,0,0,1238,10,0,0,0,0,0,0,0,0
118,2017-04-17,09:01:00,0,FG709,XZCE,1238,1225,1245,122142,3018720440,218074,251790,1300,1176,1238,1227,0,1229,0,0,0,2017-04-17,32460000,1238,12,0,0,0,0,0,0,0,0,1239,96,0,0,0,0,0,0,0,0
119,2017-04-17,09:01:00,0,FG709,XZCE,1238,1225,1245,122166,3019314680,218056,251790,1300,1176,1238,1227,0,1229,0,0,0,2017-04-17,32460000,1238,4,0,0,0,0,0,0,0,0,1239,88,0,0,0,0,0,0,0,0
120,2017-04-17,09:01:01,0,FG709,XZCE,1238,1225,1245,122172,3019463240,218056,251790,1300,1176,1238,1227,0,1229,0,0,0,2017-04-17,32461000,1238,6,0,0,0,0,0,0,0,0,1239,87,0,0,0,0,0,0,0,0
121,2017-04-17,09:01:01,0,FG709,XZCE,1238,1225,1245,122186,3019809880,218052,251790,1300,1176,1238,1227,0,1229,0,0,0,2017-04-17,32461000,1237,83,0,0,0,0,0,0,0,0,1238,81,0,0,0,0,0,0,0,0
122,2017-04-17,09:01:02,0,FG709,XZCE,1237,1225,1245,122248,3021343760,218058,251790,1300,1176,1238,1227,0,1229,0,0,0,2017-04-17,32462000,1237,77,0,0,0,0,0,0,0,0,1238,65,0,0,0,0,0,0,0,0
123,2017-04-17,09:01:02,0,FG709,XZCE,1237,1225,1245,122248,3021343760,218058,251790,1300,1176,1238,1227,0,1229,0,0,0,2017-04-17,32462000,1237,83,0,0,0,0,0,0,0,0,1238,66,0,0,0,0,0,0,0,0
124,2017-04-17,09:01:03,0,FG709,XZCE,1237,1225,1245,122252,3021442720,218058,251790,1300,1176,1238,1227,0,1229,0,0,0,2017-04-17,32463000,1237,84,0,0,0,0,0,0,0,0,1238,68,0,0,0,0,0,0,0,0
125,2017-04-17,09:01:03,0,FG709,XZCE,1237,1225,1245,122254,3021492200,218058,251790,1300,1176,1238,1227,0,1229,0,0,0,2017-04-17,32463000,1237,83,0,0,0,0,0,0,0,0,1238,68,0,0,0,0,0,0,0,0
126,2017-04-17,09:01:04,0,FG709,XZCE,1237,1225,1245,122290,3022382840,218028,251790,1300,1176,1238,1227,0,1229,0,0,0,2017-04-17,32464000,1237,69,0,0,0,0,0,0,0,0,1238,64,0,0,0,0,0,0,0,0
127,2017-04-17,09:01:04,0,FG709,XZCE,1237,1225,1245,122292,3022432320,218026,251790,1300,1176,1238,1227,0,1229,0,0,0,2017-04-17,32464000,1237,68,0,0,0,0,0,0,0,0,1238,64,0,0,0,0,0,0,0,0
128,2017-04-17,09:01:05,0,FG709,XZCE,1237,1225,1245,122434,3025945400,217974,251790,1300,1176,1238,1227,0,1229,0,0,0,2017-04-17,32465000,1236,134,0,0,0,0,0,0,0,0,1237,57,0,0,0,0,0,0,0,0
129,2017-04-17,09:01:05,0,FG709,XZCE,1237,1225,1245,122448,3026291760,217968,251790,1300,1176,1238,1227,0,1229,0,0,0,2017-04-17,32465000,1236,133,0,0,0,0,0,0,0,0,1237,51,0,0,0,0,0,0,0,0
130,2017-04-17,09:01:06,0,FG709,XZCE,1237,1225,1245,122452,3026390720,217966,251790,1300,1176,1238,1227,0,1229,0,0,0,2017-04-17,32466000,1236,133,0,0,0,0,0,0,0,0,1237,52,0,0,0,0,0,0,0,0
131,2017-04-17,09:01:07,0,FG709,XZCE,1237,1225,1245,122452,3026390720,217966,251790,1300,1176,1238,1227,0,1229,0,0,0,2017-04-17,32467000,1236,133,0,0,0,0,0,0,0,0,1237,53,0,0,0,0,0,0,0,0
132,2017-04-17,09:01:08,0,FG709,XZCE,1236,1225,1245,122456,3026489600,217966,251790,1300,1176,1238,1227,0,1229,0,0,0,2017-04-17,32468000,1236,100,0,0,0,0,0,0,0,0,1237,54,0,0,0,0,0,0,0,0
133,2017-04-17,09:01:08,0,FG709,XZCE,1236,1225,1245,122496,3027478400,217972,251790,1300,1176,1238,1227,0,1229,0,0,0,2017-04-17,32468000,1236,81,0,0,0,0,0,0,0,0,1237,57,0,0,0,0,0,0,0,0
134,2017-04-17,09:01:09,0,FG709,XZCE,1237,1225,1245,122498,3027527880,217972,251790,1300,1176,1238,1227,0,1229,0,0,0,2017-04-17,32469000,1236,81,0,0,0,0,0,0,0,0,1237,56,0,0,0,0,0,0,0,0
135,2017-04-17,09:01:10,0,FG709,XZCE,1236,1225,1245,122510,3027824520,217962,251790,1300,1176,1238,1227,0,1229,0,0,0,2017-04-17,32470000,1236,79,0,0,0,0,0,0,0,0,1237,55,0,0,0,0,0,0,0,0
136,2017-04-17,09:01:10,0,FG709,XZCE,1236,1225,1245,122668,3031730280,218048,251790,1300,1176,1238,1227,0,1229,0,0,0,2017-04-17,32470000,1235,220,0,0,0,0,0,0,0,0,1236,14,0,0,0,0,0,0,0,0
137,2017-04-17,09:01:11,0,FG709,XZCE,1236,1225,1245,122668,3031730280,218048,251790,1300,1176,1238,1227,0,1229,0,0,0,2017-04-17,32471000,1235,205,0,0,0,0,0,0,0,0,1236,24,0,0,0,0,0,0,0,0
138,2017-04-17,09:01:11,0,FG709,XZCE,1236,1225,1245,122668,3031730280,218048,251790,1300,1176,1238,1227,0,1229,0,0,0,2017-04-17,32471000,1235,205,0,0,0,0,0,0,0,0,1236,26,0,0,0,0,0,0,0,0
139,2017-04-17,09:01:12,0,FG709,XZCE,1236,1225,1245,122698,3032471880,218052,251790,1300,1176,1238,1227,0,1229,0,0,0,2017-04-17,32472000,1235,203,0,0,0,0,0,0,0,0,1236,35,0,0,0,0,0,0,0,0
140,2017-04-17,09:01:13,0,FG709,XZCE,1236,1225,1245,122698,3032471880,218052,251790,1300,1176,1238,1227,0,1229,0,0,0,2017-04-17,32473000,1235,183,0,0,0,0,0,0,0,0,1236,35,0,0,0,0,0,0,0,0
141,2017-04-17,09:01:13,0,FG709,XZCE,1236,1225,1245,122698,3032471880,218052,251790,1300,1176,1238,1227,0,1229,0,0,0,2017-04-17,32473000,1235,183,0,0,0,0,0,0,0,0,1236,23,0,0,0,0,0,0,0,0
142,2017-04-17,09:01:14,0,FG709,XZCE,1235,1225,1245,122722,3033064680,218040,251790,1300,1176,1238,1227,0,1229,0,0,0,2017-04-17,32474000,1235,179,0,0,0,0,0,0,0,0,1236,16,0,0,0,0,0,0,0,0
143,2017-04-17,09:01:14,0,FG709,XZCE,1235,1225,1245,122736,3033410480,218048,251790,1300,1176,1238,1227,0,1229,0,0,0,2017-04-17,32474000,1235,184,0,0,0,0,0,0,0,0,1236,10,0,0,0,0,0,0,0,0
144,2017-04-17,09:01:15,0,FG709,XZCE,1235,1225,1245,122738,3033459880,218048,251790,1300,1176,1238,1227,0,1229,0,0,0,2017-04-17,32475000,1235,173,0,0,0,0,0,0,0,0,1236,16,0,0,0,0,0,0,0,0
145,2017-04-17,09:01:15,0,FG709,XZCE,1235,1225,1245,122748,3033706880,218040,251790,1300,1176,1238,1227,0,1229,0,0,0,2017-04-17,32475000,1235,172,0,0,0,0,0,0,0,0,1236,19,0,0,0,0,0,0,0,0
146,2017-04-17,09:01:16,0,FG709,XZCE,1235,1225,1245,122772,3034299680,218042,251790,1300,1176,1238,1227,0,1229,0,0,0,2017-04-17,32476000,1235,158,0,0,0,0,0,0,0,0,1236,19,0,0,0,0,0,0,0,0
147,2017-04-17,09:01:16,0,FG709,XZCE,1235,1225,1245,122782,3034546680,218040,251790,1300,1176,1238,1227,0,1229,0,0,0,2017-04-17,32476000,1235,156,0,0,0,0,0,0,0,0,1236,17,0,0,0,0,0,0,0,0
148,2017-04-17,09:01:17,0,FG709,XZCE,1236,1225,1245,122798,3034942200,218038,251790,1300,1176,1238,1227,0,1229,0,0,0,2017-04-17,32477000,1235,151,0,0,0,0,0,0,0,0,1236,22,0,0,0,0,0,0,0,0
149,2017-04-17,09:01:17,0,FG709,XZCE,1236,1225,1245,122800,3034991640,218040,251790,1300,1176,1238,1227,0,1229,0,0,0,2017-04-17,32477000,1235,151,0,0,0,0,0,0,0,0,1236,21,0,0,0,0,0,0,0,0
150,2017-04-17,09:01:18,0,FG709,XZCE,1236,1225,1245,122800,3034991640,218040,251790,1300,1176,1238,1227,0,1229,0,0,0,2017-04-17,32478000,1235,151,0,0,0,0,0,0,0,0,1236,23,0,0,0,0,0,0,0,0
151,2017-04-17,09:01:18,0,FG709,XZCE,1235,1225,1245,122812,3035288040,218040,251790,1300,1176,1238,1227,0,1229,0,0,0,2017-04-17,32478000,1235,145,0,0,0,0,0,0,0,0,1236,49,0,0,0,0,0,0,0,0
152,2017-04-17,09:01:19,0,FG709,XZCE,1235,1225,1245,122826,3035633840,218040,251790,1300,1176,1238,1227,0,1229,0,0,0,2017-04-17,32479000,1235,138,0,0,0,0,0,0,0,0,1236,53,0,0,0,0,0,0,0,0
153,2017-04-17,09:01:19,0,FG709,XZCE,1235,1225,1245,122834,3035831440,218040,251790,1300,1176,1238,1227,0,1229,0,0,0,2017-04-17,32479000,1235,136,0,0,0,0,0,0,0,0,1236,51,0,0,0,0,0,0,0,0
154,2017-04-17,09:01:20,0,FG709,XZCE,1235,1225,1245,122846,3036127840,218036,251790,1300,1176,1238,1227,0,1229,0,0,0,2017-04-17,32480000,1235,130,0,0,0,0,0,0,0,0,1236,51,0,0,0,0,0,0,0,0
155,2017-04-17,09:01:21,0,FG709,XZCE,1235,1225,1245,122852,3036276040,218032,251790,1300,1176,1238,1227,0,1229,0,0,0,2017-04-17,32481000,1235,134,0,0,0,0,0,0,0,0,1236,57,0,0,0,0,0,0,0,0
156,2017-04-17,09:01:21,0,FG709,XZCE,1235,1225,1245,122858,3036424240,218028,251790,1300,1176,1238,1227,0,1229,0,0,0,2017-04-17,32481000,1235,131,0,0,0,0,0,0,0,0,1236,57,0,0,0,0,0,0,0,0
157,2017-04-17,09:01:21,0,FG709,XZCE,1235,1225,1245,122868,3036671240,218024,251790,1300,1176,1238,1227,0,1229,0,0,0,2017-04-17,32481000,1235,126,0,0,0,0,0,0,0,0,1236,57,0,0,0,0,0,0,0,0
158,2017-04-17,09:01:22,0,FG709,XZCE,1235,1225,1245,122956,3038844840,218022,251790,1300,1176,1238,1227,0,1229,0,0,0,2017-04-17,32482000,1235,85,0,0,0,0,0,0,0,0,1236,57,0,0,0,0,0,0,0,0
159,2017-04-17,09:01:22,0,FG709,XZCE,1235,1225,1245,122964,3039042440,218020,251790,1300,1176,1238,1227,0,1229,0,0,0,2017-04-17,32482000,1235,82,0,0,0,0,0,0,0,0,1236,57,0,0,0,0,0,0,0,0
160,2017-04-17,09:01:23,0,FG709,XZCE,1235,1225,1245,123128,3043093240,217938,251790,1300,1176,1238,1227,0,1229,0,0,0,2017-04-17,32483000,1234,117,0,0,0,0,0,0,0,0,1235,92,0,0,0,0,0,0,0,0
161,2017-04-17,09:01:24,0,FG709,XZCE,1235,1225,1245,123148,3043587240,217926,251790,1300,1176,1238,1227,0,1229,0,0,0,2017-04-17,32484000,1234,109,0,0,0,0,0,0,0,0,1235,93,0,0,0,0,0,0,0,0
162,2017-04-17,09:01:24,0,FG709,XZCE,1234,1225,1245,123268,3046548840,217852,251790,1300,1176,1238,1227,0,1229,0,0,0,2017-04-17,32484000,1234,70,0,0,0,0,0,0,0,0,1235,90,0,0,0,0,0,0,0,0
163,2017-04-17,09:01:24,0,FG709,XZCE,1234,1225,1245,123296,3047239880,217830,251790,1300,1176,1238,1227,0,1229,0,0,0,2017-04-17,32484000,1234,58,0,0,0,0,0,0,0,0,1235,88,0,0,0,0,0,0,0,0
164,2017-04-17,09:01:25,0,FG709,XZCE,1234,1225,1245,123412,3050102760,217726,251790,1300,1176,1238,1227,0,1229,0,0,0,2017-04-17,32485000,1233,130,0,0,0,0,0,0,0,0,1234,135,0,0,0,0,0,0,0,0
165,2017-04-17,09:01:26,0,FG709,XZCE,1234,1225,1245,123512,3052570760,217690,251790,1300,1176,1238,1227,0,1229,0,0,0,2017-04-17,32486000,1233,102,0,0,0,0,0,0,0,0,1234,113,0,0,0,0,0,0,0,0
166,2017-04-17,09:01:26,0,FG709,XZCE,1234,1225,1245,123584,3054347720,217672,251790,1300,1176,1238,1227,0,1229,0,0,0,2017-04-17,32486000,1233,80,0,0,0,0,0,0,0,0,1234,101,0,0,0,0,0,0,0,0
167,2017-04-17,09:01:27,0,FG709,XZCE,1233,1225,1245,123610,3054988880,217662,251790,1300,1176,1238,1227,0,1229,0,0,0,2017-04-17,32487000,1233,67,0,0,0,0,0,0,0,0,1234,101,0,0,0,0,0,0,0,0
168,2017-04-17,09:01:27,0,FG709,XZCE,1233,1225,1245,123632,3055531400,217646,251790,1300,1176,1238,1227,0,1229,0,0,0,2017-04-17,32487000,1233,40,0,0,0,0,0,0,0,0,1234,101,0,0,0,0,0,0,0,0
169,2017-04-17,09:01:27,0,FG709,XZCE,1233,1225,1245,123636,3055630040,217642,251790,1300,1176,1238,1227,0,1229,0,0,0,2017-04-17,32487000,1233,50,0,0,0,0,0,0,0,0,1234,105,0,0,0,0,0,0,0,0
170,2017-04-17,09:01:28,0,FG709,XZCE,1233,1225,1245,123640,3055728680,217644,251790,1300,1176,1238,1227,0,1229,0,0,0,2017-04-17,32488000,1233,49,0,0,0,0,0,0,0,0,1234,108,0,0,0,0,0,0,0,0
171,2017-04-17,09:01:28,0,FG709,XZCE,1233,1225,1245,123656,3056123240,217654,251790,1300,1176,1238,1227,0,1229,0,0,0,2017-04-17,32488000,1233,42,0,0,0,0,0,0,0,0,1234,109,0,0,0,0,0,0,0,0
172,2017-04-17,09:01:29,0,FG709,XZCE,1233,1225,1245,123662,3056271200,217654,251790,1300,1176,1238,1227,0,1229,0,0,0,2017-04-17,32489000,1233,39,0,0,0,0,0,0,0,0,1234,109,0,0,0,0,0,0,0,0
173,2017-04-17,09:01:29,0,FG709,XZCE,1233,1225,1245,123694,3057060320,217672,251790,1300,1176,1238,1227,0,1229,0,0,0,2017-04-17,32489000,1233,23,0,0,0,0,0,0,0,0,1234,109,0,0,0,0,0,0,0,0
174,2017-04-17,09:01:30,0,FG709,XZCE,1234,1225,1245,123718,3057652640,217668,251790,1300,1176,1238,1227,0,1229,0,0,0,2017-04-17,32490000,1233,23,0,0,0,0,0,0,0,0,1234,107,0,0,0,0,0,0,0,0
175,2017-04-17,09:01:31,0,FG709,XZCE,1233,1225,1245,123750,3058441760,217648,251790,1300,1176,1238,1227,0,1229,0,0,0,2017-04-17,32491000,1233,29,0,0,0,0,0,0,0,0,1234,98,0,0,0,0,0,0,0,0
176,2017-04-17,09:01:31,0,FG709,XZCE,1233,1225,1245,123756,3058589720,217644,251790,1300,1176,1238,1227,0,1229,0,0,0,2017-04-17,32491000,1233,27,0,0,0,0,0,0,0,0,1234,105,0,0,0,0,0,0,0,0
177,2017-04-17,09:01:31,0,FG709,XZCE,1233,1225,1245,123766,3058836320,217642,251790,1300,1176,1238,1227,0,1229,0,0,0,2017-04-17,32491000,1233,22,0,0,0,0,0,0,0,0,1234,105,0,0,0,0,0,0,0,0
178,2017-04-17,09:01:32,0,FG709,XZCE,1233,1225,1245,123780,3059181560,217638,251790,1300,1176,1238,1227,0,1229,0,0,0,2017-04-17,32492000,1233,21,0,0,0,0,0,0,0,0,1234,105,0,0,0,0,0,0,0,0
179,2017-04-17,09:01:32,0,FG709,XZCE,1233,1225,1245,123794,3059526800,217642,251790,1300,1176,1238,1227,0,1229,0,0,0,2017-04-17,32492000,1233,41,0,0,0,0,0,0,0,0,1234,105,0,0,0,0,0,0,0,0
180,2017-04-17,09:01:33,0,FG709,XZCE,1233,1225,1245,123798,3059625440,217644,251790,1300,1176,1238,1227,0,1229,0,0,0,2017-04-17,32493000,1233,39,0,0,0,0,0,0,0,0,1234,106,0,0,0,0,0,0,0,0
181,2017-04-17,09:01:34,0,FG709,XZCE,1233,1225,1245,123808,3059872040,217654,251790,1300,1176,1238,1227,0,1229,0,0,0,2017-04-17,32494000,1233,41,0,0,0,0,0,0,0,0,1234,107,0,0,0,0,0,0,0,0
182,2017-04-17,09:01:34,0,FG709,XZCE,1233,1225,1245,123814,3060020000,217650,251790,1300,1176,1238,1227,0,1229,0,0,0,2017-04-17,32494000,1233,43,0,0,0,0,0,0,0,0,1234,107,0,0,0,0,0,0,0,0
183,2017-04-17,09:01:34,0,FG709,XZCE,1233,1225,1245,123828,3060365240,217646,251790,1300,1176,1238,1227,0,1229,0,0,0,2017-04-17,32494000,1233,39,0,0,0,0,0,0,0,0,1234,105,0,0,0,0,0,0,0,0
184,2017-04-17,09:01:35,0,FG709,XZCE,1234,1225,1245,123830,3060414600,217644,251790,1300,1176,1238,1227,0,1229,0,0,0,2017-04-17,32495000,1233,39,0,0,0,0,0,0,0,0,1234,103,0,0,0,0,0,0,0,0
185,2017-04-17,09:01:35,0,FG709,XZCE,1233,1225,1245,123846,3060809160,217642,251790,1300,1176,1238,1227,0,1229,0,0,0,2017-04-17,32495000,1233,36,0,0,0,0,0,0,0,0,1234,102,0,0,0,0,0,0,0,0
186,2017-04-17,09:01:36,0,FG709,XZCE,1234,1225,1245,123848,3060858520,217640,251790,1300,1176,1238,1227,0,1229,0,0,0,2017-04-17,32496000,1233,38,0,0,0,0,0,0,0,0,1234,101,0,0,0,0,0,0,0,0
187,2017-04-17,09:01:37,0,FG709,XZCE,1233,1225,1245,123850,3060907840,217638,251790,1300,1176,1238,1227,0,1229,0,0,0,2017-04-17,32497000,1233,47,0,0,0,0,0,0,0,0,1234,101,0,0,0,0,0,0,0,0
188,2017-04-17,09:01:37,0,FG709,XZCE,1234,1225,1245,123870,3061401440,217622,251790,1300,1176,1238,1227,0,1229,0,0,0,2017-04-17,32497000,1233,49,0,0,0,0,0,0,0,0,1234,94,0,0,0,0,0,0,0,0
189,2017-04-17,09:01:38,0,FG709,XZCE,1233,1225,1245,123874,3061500080,217620,251790,1300,1176,1238,1227,0,1229,0,0,0,2017-04-17,32498000,1233,47,0,0,0,0,0,0,0,0,1234,124,0,0,0,0,0,0,0,0
190,2017-04-17,09:01:38,0,FG709,XZCE,1233,1225,1245,123882,3061697360,217618,251790,1300,1176,1238,1227,0,1229,0,0,0,2017-04-17,32498000,1233,55,0,0,0,0,0,0,0,0,1234,124,0,0,0,0,0,0,0,0
191,2017-04-17,09:01:38,0,FG709,XZCE,1233,1225,1245,123886,3061796000,217618,251790,1300,1176,1238,1227,0,1229,0,0,0,2017-04-17,32498000,1233,53,0,0,0,0,0,0,0,0,1234,135,0,0,0,0,0,0,0,0
192,2017-04-17,09:01:39,0,FG709,XZCE,1233,1225,1245,123890,3061894640,217616,251790,1300,1176,1238,1227,0,1229,0,0,0,2017-04-17,32499000,1233,54,0,0,0,0,0,0,0,0,1234,135,0,0,0,0,0,0,0,0
193,2017-04-17,09:01:40,0,FG709,XZCE,1234,1225,1245,123904,3062240160,217614,251790,1300,1176,1238,1227,0,1229,0,0,0,2017-04-17,32500000,1233,48,0,0,0,0,0,0,0,0,1234,134,0,0,0,0,0,0,0,0
194,2017-04-17,09:01:40,0,FG709,XZCE,1233,1225,1245,123914,3062486760,217606,251790,1300,1176,1238,1227,0,1229,0,0,0,2017-04-17,32500000,1233,56,0,0,0,0,0,0,0,0,1234,132,0,0,0,0,0,0,0,0
195,2017-04-17,09:01:40,0,FG709,XZCE,1233,1225,1245,123918,3062585400,217606,251790,1300,1176,1238,1227,0,1229,0,0,0,2017-04-17,32500000,1233,62,0,0,0,0,0,0,0,0,1234,132,0,0,0,0,0,0,0,0
196,2017-04-17,09:01:41,0,FG709,XZCE,1233,1225,1245,123922,3062684040,217604,251790,1300,1176,1238,1227,0,1229,0,0,0,2017-04-17,32501000,1233,62,0,0,0,0,0,0,0,0,1234,132,0,0,0,0,0,0,0,0
197,2017-04-17,09:01:42,0,FG709,XZCE,1233,1225,1245,123924,3062733360,217606,251790,1300,1176,1238,1227,0,1229,0,0,0,2017-04-17,32502000,1233,95,0,0,0,0,0,0,0,0,1234,132,0,0,0,0,0,0,0,0
198,2017-04-17,09:01:42,0,FG709,XZCE,1233,1225,1245,123946,3063275880,217618,251790,1300,1176,1238,1227,0,1229,0,0,0,2017-04-17,32502000,1233,84,0,0,0,0,0,0,0,0,1234,133,0,0,0,0,0,0,0,0
199,2017-04-17,09:01:42,0,FG709,XZCE,1234,1225,1245,123948,3063325240,217618,251790,1300,1176,1238,1227,0,1229,0,0,0,2017-04-17,32502000,1233,84,0,0,0,0,0,0,0,0,1234,132,0,0,0,0,0,0,0,0
200,2017-04-17,09:01:43,0,FG709,XZCE,1233,1225,1245,123982,3064163680,217624,251790,1300,1176,1238,1227,0,1229,0,0,0,2017-04-17,32503000,1233,69,0,0,0,0,0,0,0,0,1234,131,0,0,0,0,0,0,0,0
201,2017-04-17,09:01:44,0,FG709,XZCE,1233,1225,1245,123990,3064360960,217622,251790,1300,1176,1238,1227,0,1229,0,0,0,2017-04-17,32504000,1233,66,0,0,0,0,0,0,0,0,1234,130,0,0,0,0,0,0,0,0
202,2017-04-17,09:01:44,0,FG709,XZCE,1233,1225,1245,123994,3064459600,217622,251790,1300,1176,1238,1227,0,1229,0,0,0,2017-04-17,32504000,1233,71,0,0,0,0,0,0,0,0,1234,130,0,0,0,0,0,0,0,0
203,2017-04-17,09:01:45,0,FG709,XZCE,1233,1225,1245,124006,3064755520,217620,251790,1300,1176,1238,1227,0,1229,0,0,0,2017-04-17,32505000,1233,66,0,0,0,0,0,0,0,0,1234,129,0,0,0,0,0,0,0,0
204,2017-04-17,09:01:45,0,FG709,XZCE,1233,1225,1245,124098,3067024240,217544,251790,1300,1176,1238,1227,0,1229,0,0,0,2017-04-17,32505000,1233,21,0,0,0,0,0,0,0,0,1234,129,0,0,0,0,0,0,0,0
205,2017-04-17,09:01:46,0,FG709,XZCE,1233,1225,1245,124104,3067172200,217542,251790,1300,1176,1238,1227,0,1229,0,0,0,2017-04-17,32506000,1233,20,0,0,0,0,0,0,0,0,1234,134,0,0,0,0,0,0,0,0
206,2017-04-17,09:01:46,0,FG709,XZCE,1233,1225,1245,124134,3067912000,217518,251790,1300,1176,1238,1227,0,1229,0,0,0,2017-04-17,32506000,1233,5,0,0,0,0,0,0,0,0,1234,134,0,0,0,0,0,0,0,0
207,2017-04-17,09:01:47,0,FG709,XZCE,1233,1225,1245,124144,3068158600,217524,251790,1300,1176,1238,1227,0,1229,0,0,0,2017-04-17,32507000,1232,154,0,0,0,0,0,0,0,0,1233,20,0,0,0,0,0,0,0,0
208,2017-04-17,09:01:48,0,FG709,XZCE,1233,1225,1245,124146,3068207920,217526,251790,1300,1176,1238,1227,0,1229,0,0,0,2017-04-17,32508000,1232,165,0,0,0,0,0,0,0,0,1233,523,0,0,0,0,0,0,0,0
209,2017-04-17,09:01:48,0,FG709,XZCE,1232,1225,1245,124218,3069982000,217590,251790,1300,1176,1238,1227,0,1229,0,0,0,2017-04-17,32508000,1232,120,0,0,0,0,0,0,0,0,1233,525,0,0,0,0,0,0,0,0
210,2017-04-17,09:01:49,0,FG709,XZCE,1233,1225,1245,124332,3072793240,217572,251790,1300,1176,1238,1227,0,1229,0,0,0,2017-04-17,32509000,1232,111,0,0,0,0,0,0,0,0,1233,488,0,0,0,0,0,0,0,0
211,2017-04-17,09:01:49,0,FG709,XZCE,1232,1225,1245,124338,3072941080,217570,251790,1300,1176,1238,1227,0,1229,0,0,0,2017-04-17,32509000,1232,108,0,0,0,0,0,0,0,0,1233,496,0,0,0,0,0,0,0,0
212,2017-04-17,09:01:50,0,FG709,XZCE,1232,1225,1245,124568,3078608280,217448,251790,1300,1176,1238,1227,0,1229,0,0,0,2017-04-17,32510000,1231,143,0,0,0,0,0,0,0,0,1232,30,0,0,0,0,0,0,0,0
213,2017-04-17,09:01:50,0,FG709,XZCE,1232,1225,1245,124586,3079051800,217430,251790,1300,1176,1238,1227,0,1229,0,0,0,2017-04-17,32510000,1231,108,0,0,0,0,0,0,0,0,1232,22,0,0,0,0,0,0,0,0
214,2017-04-17,09:01:51,0,FG709,XZCE,1231,1225,1245,124670,3081119880,217388,251790,1300,1176,1238,1227,0,1229,0,0,0,2017-04-17,32511000,1231,69,0,0,0,0,0,0,0,0,1232,23,0,0,0,0,0,0,0,0
215,2017-04-17,09:01:51,0,FG709,XZCE,1231,1225,1245,124692,3081661520,217386,251790,1300,1176,1238,1227,0,1229,0,0,0,2017-04-17,32511000,1231,59,0,0,0,0,0,0,0,0,1232,25,0,0,0,0,0,0,0,0
216,2017-04-17,09:01:51,0,FG709,XZCE,1231,1225,1245,124846,3085453000,217466,251790,1300,1176,1238,1227,0,1229,0,0,0,2017-04-17,32511000,1230,554,0,0,0,0,0,0,0,0,1231,29,0,0,0,0,0,0,0,0
217,2017-04-17,09:01:52,0,FG709,XZCE,1231,1225,1245,124854,3085649960,217466,251790,1300,1176,1238,1227,0,1229,0,0,0,2017-04-17,32512000,1230,564,0,0,0,0,0,0,0,0,1231,28,0,0,0,0,0,0,0,0
218,2017-04-17,09:01:53,0,FG709,XZCE,1231,1225,1245,124898,3086733240,217492,251790,1300,1176,1238,1227,0,1229,0,0,0,2017-04-17,32513000,1230,559,0,0,0,0,0,0,0,0,1231,13,0,0,0,0,0,0,0,0
219,2017-04-17,09:01:53,0,FG709,XZCE,1231,1225,1245,124904,3086880960,217496,251790,1300,1176,1238,1227,0,1229,0,0,0,2017-04-17,32513000,1230,559,0,0,0,0,0,0,0,0,1231,10,0,0,0,0,0,0,0,0
220,2017-04-17,09:01:54,0,FG709,XZCE,1230,1225,1245,124910,3087028560,217500,251790,1300,1176,1238,1227,0,1229,0,0,0,2017-04-17,32514000,1230,571,0,0,0,0,0,0,0,0,1231,9,0,0,0,0,0,0,0,0
221,2017-04-17,09:01:54,0,FG709,XZCE,1230,1225,1245,125008,3089439360,217500,251790,1300,1176,1238,1227,0,1229,0,0,0,2017-04-17,32514000,1230,540,0,0,0,0,0,0,0,0,1231,5,0,0,0,0,0,0,0,0
222,2017-04-17,09:01:55,0,FG709,XZCE,1230,1225,1245,125036,3090128160,217504,251790,1300,1176,1238,1227,0,1229,0,0,0,2017-04-17,32515000,1230,530,0,0,0,0,0,0,0,0,1231,11,0,0,0,0,0,0,0,0
223,2017-04-17,09:01:55,0,FG709,XZCE,1230,1225,1245,125068,3090915360,217504,251790,1300,1176,1238,1227,0,1229,0,0,0,2017-04-17,32515000,1230,506,0,0,0,0,0,0,0,0,1231,26,0,0,0,0,0,0,0,0
224,2017-04-17,09:01:56,0,FG709,XZCE,1231,1225,1245,125078,3091161560,217508,251790,1300,1176,1238,1227,0,1229,0,0,0,2017-04-17,32516000,1230,504,0,0,0,0,0,0,0,0,1231,23,0,0,0,0,0,0,0,0
225,2017-04-17,09:01:56,0,FG709,XZCE,1230,1225,1245,125088,3091407560,217508,251790,1300,1176,1238,1227,0,1229,0,0,0,2017-04-17,32516000,1230,502,0,0,0,0,0,0,0,0,1231,22,0,0,0,0,0,0,0,0
226,2017-04-17,09:01:57,0,FG709,XZCE,1231,1225,1245,125120,3092195400,217510,251790,1300,1176,1238,1227,0,1229,0,0,0,2017-04-17,32517000,1230,500,0,0,0,0,0,0,0,0,1231,9,0,0,0,0,0,0,0,0
227,2017-04-17,09:01:57,0,FG709,XZCE,1230,1225,1245,125170,3093425400,217524,251790,1300,1176,1238,1227,0,1229,0,0,0,2017-04-17,32517000,1230,477,0,0,0,0,0,0,0,0,1231,11,0,0,0,0,0,0,0,0
228,2017-04-17,09:01:58,0,FG709,XZCE,1231,1225,1245,125208,3094360960,217528,251790,1300,1176,1238,1227,0,1229,0,0,0,2017-04-17,32518000,1230,474,0,0,0,0,0,0,0,0,1231,19,0,0,0,0,0,0,0,0
229,2017-04-17,09:01:58,0,FG709,XZCE,1230,1225,1245,125234,3095000560,217534,251790,1300,1176,1238,1227,0,1229,0,0,0,2017-04-17,32518000,1230,464,0,0,0,0,0,0,0,0,1231,17,0,0,0,0,0,0,0,0
230,2017-04-17,09:01:59,0,FG709,XZCE,1230,1225,1245,125252,3095443360,217546,251790,1300,1176,1238,1227,0,1229,0,0,0,2017-04-17,32519000,1230,458,0,0,0,0,0,0,0,0,1231,16,0,0,0,0,0,0,0,0
231,2017-04-17,09:01:59,0,FG709,XZCE,1231,1225,1245,125486,3101204440,217716,251790,1300,1176,1238,1227,0,1229,0,0,0,2017-04-17,32519000,1230,354,0,0,0,0,0,0,0,0,1231,5,0,0,0,0,0,0,0,0
232,2017-04-17,09:01:59,0,FG709,XZCE,1231,1225,1245,125494,3101401400,217724,251790,1300,1176,1238,1227,0,1229,0,0,0,2017-04-17,32519000,1230,357,0,0,0,0,0,0,0,0,1231,3,0,0,0,0,0,0,0,0
233,2017-04-17,09:02:00,0,FG709,XZCE,1231,1225,1245,125498,3101499880,217724,251790,1300,1176,1238,1227,0,1229,0,0,0,2017-04-17,32520000,1230,358,0,0,0,0,0,0,0,0,1231,1,0,0,0,0,0,0,0,0
234,2017-04-17,09:02:01,0,FG709,XZCE,1231,1225,1245,125572,3103321760,217740,251790,1300,1176,1238,1227,0,1229,0,0,0,2017-04-17,32521000,1231,23,0,0,0,0,0,0,0,0,1232,70,0,0,0,0,0,0,0,0
235,2017-04-17,09:02:01,0,FG709,XZCE,1231,1225,1245,125596,3103912640,217742,251790,1300,1176,1238,1227,0,1229,0,0,0,2017-04-17,32521000,1231,12,0,0,0,0,0,0,0,0,1232,70,0,0,0,0,0,0,0,0
236,2017-04-17,09:02:02,0,FG709,XZCE,1231,1225,1245,125606,3104158840,217736,251790,1300,1176,1238,1227,0,1229,0,0,0,2017-04-17,32522000,1231,17,0,0,0,0,0,0,0,0,1232,70,0,0,0,0,0,0,0,0
237,2017-04-17,09:02:02,0,FG709,XZCE,1231,1225,1245,125606,3104158840,217736,251790,1300,1176,1238,1227,0,1229,0,0,0,2017-04-17,32522000,1231,22,0,0,0,0,0,0,0,0,1232,70,0,0,0,0,0,0,0,0
238,2017-04-17,09:02:03,0,FG709,XZCE,1232,1225,1245,125614,3104355960,217734,251790,1300,1176,1238,1227,0,1229,0,0,0,2017-04-17,32523000,1231,22,0,0,0,0,0,0,0,0,1232,71,0,0,0,0,0,0,0,0
239,2017-04-17,09:02:03,0,FG709,XZCE,1231,1225,1245,125622,3104552920,217730,251790,1300,1176,1238,1227,0,1229,0,0,0,2017-04-17,32523000,1231,51,0,0,0,0,0,0,0,0,1232,70,0,0,0,0,0,0,0,0
240,2017-04-17,09:02:04,0,FG709,XZCE,1231,1225,1245,125632,3104799120,217728,251790,1300,1176,1238,1227,0,1229,0,0,0,2017-04-17,32524000,1231,48,0,0,0,0,0,0,0,0,1232,70,0,0,0,0,0,0,0,0
241,2017-04-17,09:02:04,0,FG709,XZCE,1231,1225,1245,125636,3104897600,217728,251790,1300,1176,1238,1227,0,1229,0,0,0,2017-04-17,32524000,1231,50,0,0,0,0,0,0,0,0,1232,71,0,0,0,0,0,0,0,0
242,2017-04-17,09:02:05,0,FG709,XZCE,1231,1225,1245,125652,3105291520,217718,251790,1300,1176,1238,1227,0,1229,0,0,0,2017-04-17,32525000,1231,54,0,0,0,0,0,0,0,0,1232,66,0,0,0,0,0,0,0,0
243,2017-04-17,09:02:05,0,FG709,XZCE,1231,1225,1245,125694,3106325560,217708,251790,1300,1176,1238,1227,0,1229,0,0,0,2017-04-17,32525000,1231,55,0,0,0,0,0,0,0,0,1232,69,0,0,0,0,0,0,0,0
244,2017-04-17,09:02:06,0,FG709,XZCE,1231,1225,1245,125700,3106473280,217712,251790,1300,1176,1238,1227,0,1229,0,0,0,2017-04-17,32526000,1231,53,0,0,0,0,0,0,0,0,1232,69,0,0,0,0,0,0,0,0
245,2017-04-17,09:02:06,0,FG709,XZCE,1231,1225,1245,125722,3107014920,217722,251790,1300,1176,1238,1227,0,1229,0,0,0,2017-04-17,32526000,1231,69,0,0,0,0,0,0,0,0,1232,70,0,0,0,0,0,0,0,0
246,2017-04-17,09:02:07,0,FG709,XZCE,1232,1225,1245,125728,3107162760,217726,251790,1300,1176,1238,1227,0,1229,0,0,0,2017-04-17,32527000,1231,68,0,0,0,0,0,0,0,0,1232,68,0,0,0,0,0,0,0,0
247,2017-04-17,09:02:07,0,FG709,XZCE,1231,1225,1245,125776,3108344520,217740,251790,1300,1176,1238,1227,0,1229,0,0,0,2017-04-17,32527000,1231,50,0,0,0,0,0,0,0,0,1232,62,0,0,0,0,0,0,0,0
248,2017-04-17,09:02:07,0,FG709,XZCE,1231,1225,1245,125786,3108590720,217742,251790,1300,1176,1238,1227,0,1229,0,0,0,2017-04-17,32527000,1231,46,0,0,0,0,0,0,0,0,1232,62,0,0,0,0,0,0,0,0
249,2017-04-17,09:02:08,0,FG709,XZCE,1231,1225,1245,125814,3109280080,217734,251790,1300,1176,1238,1227,0,1229,0,0,0,2017-04-17,32528000,1231,74,0,0,0,0,0,0,0,0,1232,53,0,0,0,0,0,0,0,0
250,2017-04-17,09:02:09,0,FG709,XZCE,1232,1225,1245,125866,3110561360,217710,251790,1300,1176,1238,1227,0,1229,0,0,0,2017-04-17,32529000,1231,71,0,0,0,0,0,0,0,0,1232,37,0,0,0,0,0,0,0,0
251,2017-04-17,09:02:09,0,FG709,XZCE,1231,1225,1245,125874,3110758320,217706,251790,1300,1176,1238,1227,0,1229,0,0,0,2017-04-17,32529000,1231,100,0,0,0,0,0,0,0,0,1232,51,0,0,0,0,0,0,0,0
252,2017-04-17,09:02:10,0,FG709,XZCE,1231,1225,1245,125880,3110906040,217706,251790,1300,1176,1238,1227,0,1229,0,0,0,2017-04-17,32530000,1231,100,0,0,0,0,0,0,0,0,1232,54,0,0,0,0,0,0,0,0
253,2017-04-17,09:02:10,0,FG709,XZCE,1232,1225,1245,126014,3114207800,217676,251790,1300,1176,1238,1227,0,1229,0,0,0,2017-04-17,32530000,1232,139,0,0,0,0,0,0,0,0,1233,523,0,0,0,0,0,0,0,0
254,2017-04-17,09:02:11,0,FG709,XZCE,1232,1225,1245,126060,3115341240,217678,251790,1300,1176,1238,1227,0,1229,0,0,0,2017-04-17,32531000,1232,118,0,0,0,0,0,0,0,0,1233,522,0,0,0,0,0,0,0,0
255,2017-04-17,09:02:11,0,FG709,XZCE,1232,1225,1245,126080,3115834040,217676,251790,1300,1176,1238,1227,0,1229,0,0,0,2017-04-17,32531000,1232,100,0,0,0,0,0,0,0,0,1233,524,0,0,0,0,0,0,0,0
256,2017-04-17,09:02:12,0,FG709,XZCE,1232,1225,1245,126130,3117066040,217682,251790,1300,1176,1238,1227,0,1229,0,0,0,2017-04-17,32532000,1232,12,0,0,0,0,0,0,0,0,1233,524,0,0,0,0,0,0,0,0
257,2017-04-17,09:02:12,0,FG709,XZCE,1232,1225,1245,126362,3122782520,217758,251790,1300,1176,1238,1227,0,1229,0,0,0,2017-04-17,32532000,1231,44,0,0,0,0,0,0,0,0,1232,3,0,0,0,0,0,0,0,0
258,2017-04-17,09:02:13,0,FG709,XZCE,1232,1225,1245,126416,3124113080,217778,251790,1300,1176,1238,1227,0,1229,0,0,0,2017-04-17,32533000,1232,45,0,0,0,0,0,0,0,0,1233,548,0,0,0,0,0,0,0,0
259,2017-04-17,09:02:13,0,FG709,XZCE,1233,1225,1245,126420,3124211720,217782,251790,1300,1176,1238,1227,0,1229,0,0,0,2017-04-17,32533000,1232,46,0,0,0,0,0,0,0,0,1233,546,0,0,0,0,0,0,0,0
260,2017-04-17,09:02:14,0,FG709,XZCE,1232,1225,1245,126432,3124507400,217782,251790,1300,1176,1238,1227,0,1229,0,0,0,2017-04-17,32534000,1232,46,0,0,0,0,0,0,0,0,1233,542,0,0,0,0,0,0,0,0
261,2017-04-17,09:02:14,0,FG709,XZCE,1232,1225,1245,126444,3124803080,217782,251790,1300,1176,1238,1227,0,1229,0,0,0,2017-04-17,32534000,1232,41,0,0,0,0,0,0,0,0,1233,542,0,0,0,0,0,0,0,0
262,2017-04-17,09:02:15,0,FG709,XZCE,1232,1225,1245,126454,3125049480,217772,251790,1300,1176,1238,1227,0,1229,0,0,0,2017-04-17,32535000,1232,38,0,0,0,0,0,0,0,0,1233,542,0,0,0,0,0,0,0,0
263,2017-04-17,09:02:15,0,FG709,XZCE,1232,1225,1245,126510,3126429320,217750,251790,1300,1176,1238,1227,0,1229,0,0,0,2017-04-17,32535000,1231,186,0,0,0,0,0,0,0,0,1233,562,0,0,0,0,0,0,0,0
264,2017-04-17,09:02:16,0,FG709,XZCE,1233,1225,1245,126516,3126577280,217750,251790,1300,1176,1238,1227,0,1229,0,0,0,2017-04-17,32536000,1232,2,0,0,0,0,0,0,0,0,1233,559,0,0,0,0,0,0,0,0
265,2017-04-17,09:02:16,0,FG709,XZCE,1233,1225,1245,126518,3126626600,217752,251790,1300,1176,1238,1227,0,1229,0,0,0,2017-04-17,32536000,1232,2,0,0,0,0,0,0,0,0,1233,558,0,0,0,0,0,0,0,0
266,2017-04-17,09:02:16,0,FG709,XZCE,1232,1225,1245,126538,3127119400,217748,251790,1300,1176,1238,1227,0,1229,0,0,0,2017-04-17,32536000,1231,196,0,0,0,0,0,0,0,0,1232,76,0,0,0,0,0,0,0,0
267,2017-04-17,09:02:17,0,FG709,XZCE,1232,1225,1245,126548,3127365800,217752,251790,1300,1176,1238,1227,0,1229,0,0,0,2017-04-17,32537000,1231,193,0,0,0,0,0,0,0,0,1232,109,0,0,0,0,0,0,0,0
268,2017-04-17,09:02:18,0,FG709,XZCE,1232,1225,1245,126550,3127415080,217752,251790,1300,1176,1238,1227,0,1229,0,0,0,2017-04-17,32538000,1231,195,0,0,0,0,0,0,0,0,1232,116,0,0,0,0,0,0,0,0
269,2017-04-17,09:02:18,0,FG709,XZCE,1232,1225,1245,126568,3127858600,217760,251790,1300,1176,1238,1227,0,1229,0,0,0,2017-04-17,32538000,1231,197,0,0,0,0,0,0,0,0,1232,111,0,0,0,0,0,0,0,0
270,2017-04-17,09:02:19,0,FG709,XZCE,1232,1225,1245,126574,3128006440,217766,251790,1300,1176,1238,1227,0,1229,0,0,0,2017-04-17,32539000,1231,197,0,0,0,0,0,0,0,0,1232,114,0,0,0,0,0,0,0,0
271,2017-04-17,09:02:19,0,FG709,XZCE,1232,1225,1245,126580,3128154280,217766,251790,1300,1176,1238,1227,0,1229,0,0,0,2017-04-17,32539000,1231,202,0,0,0,0,0,0,0,0,1232,111,0,0,0,0,0,0,0,0
272,2017-04-17,09:02:20,0,FG709,XZCE,1232,1225,1245,126596,3128548520,217768,251790,1300,1176,1238,1227,0,1229,0,0,0,2017-04-17,32540000,1231,199,0,0,0,0,0,0,0,0,1232,111,0,0,0,0,0,0,0,0
273,2017-04-17,09:02:20,0,FG709,XZCE,1231,1225,1245,126604,3128745480,217768,251790,1300,1176,1238,1227,0,1229,0,0,0,2017-04-17,32540000,1231,195,0,0,0,0,0,0,0,0,1232,157,0,0,0,0,0,0,0,0
274,2017-04-17,09:02:20,0,FG709,XZCE,1231,1225,1245,126606,3128794720,217768,251790,1300,1176,1238,1227,0,1229,0,0,0,2017-04-17,32540000,1231,195,0,0,0,0,0,0,0,0,1232,182,0,0,0,0,0,0,0,0
275,2017-04-17,09:02:21,0,FG709,XZCE,1232,1225,1245,126608,3128844000,217768,251790,1300,1176,1238,1227,0,1229,0,0,0,2017-04-17,32541000,1231,195,0,0,0,0,0,0,0,0,1232,180,0,0,0,0,0,0,0,0
276,2017-04-17,09:02:22,0,FG709,XZCE,1231,1225,1245,126614,3128991720,217768,251790,1300,1176,1238,1227,0,1229,0,0,0,2017-04-17,32542000,1231,195,0,0,0,0,0,0,0,0,1232,182,0,0,0,0,0,0,0,0
277,2017-04-17,09:02:22,0,FG709,XZCE,1231,1225,1245,126614,3128991720,217768,251790,1300,1176,1238,1227,0,1229,0,0,0,2017-04-17,32542000,1231,197,0,0,0,0,0,0,0,0,1232,183,0,0,0,0,0,0,0,0
278,2017-04-17,09:02:23,0,FG709,XZCE,1232,1225,1245,126650,3129878760,217780,251790,1300,1176,1238,1227,0,1229,0,0,0,2017-04-17,32543000,1231,198,0,0,0,0,0,0,0,0,1232,171,0,0,0,0,0,0,0,0
279,2017-04-17,09:02:23,0,FG709,XZCE,1231,1225,1245,126668,3130321920,217780,251790,1300,1176,1238,1227,0,1229,0,0,0,2017-04-17,32543000,1231,191,0,0,0,0,0,0,0,0,1232,175,0,0,0,0,0,0,0,0
280,2017-04-17,09:02:24,0,FG709,XZCE,1232,1225,1245,126708,3131307520,217782,251790,1300,1176,1238,1227,0,1229,0,0,0,2017-04-17,32544000,1231,182,0,0,0,0,0,0,0,0,1232,156,0,0,0,0,0,0,0,0
281,2017-04-17,09:02:24,0,FG709,XZCE,1232,1225,1245,126714,3131455360,217788,251790,1300,1176,1238,1227,0,1229,0,0,0,2017-04-17,32544000,1231,191,0,0,0,0,0,0,0,0,1232,155,0,0,0,0,0,0,0,0
282,2017-04-17,09:02:25,0,FG709,XZCE,1231,1225,1245,126752,3132390920,217792,251790,1300,1176,1238,1227,0,1229,0,0,0,2017-04-17,32545000,1231,193,0,0,0,0,0,0,0,0,1232,147,0,0,0,0,0,0,0,0
283,2017-04-17,09:02:25,0,FG709,XZCE,1231,1225,1245,126794,3133424960,217794,251790,1300,1176,1238,1227,0,1229,0,0,0,2017-04-17,32545000,1231,179,0,0,0,0,0,0,0,0,1232,156,0,0,0,0,0,0,0,0
284,2017-04-17,09:02:26,0,FG709,XZCE,1231,1225,1245,126810,3133818880,217792,251790,1300,1176,1238,1227,0,1229,0,0,0,2017-04-17,32546000,1231,172,0,0,0,0,0,0,0,0,1232,157,0,0,0,0,0,0,0,0
285,2017-04-17,09:02:26,0,FG709,XZCE,1231,1225,1245,126846,3134705200,217772,251790,1300,1176,1238,1227,0,1229,0,0,0,2017-04-17,32546000,1231,154,0,0,0,0,0,0,0,0,1232,159,0,0,0,0,0,0,0,0
286,2017-04-17,09:02:27,0,FG709,XZCE,1231,1225,1245,126852,3134852920,217772,251790,1300,1176,1238,1227,0,1229,0,0,0,2017-04-17,32547000,1231,152,0,0,0,0,0,0,0,0,1232,158,0,0,0,0,0,0,0,0
287,2017-04-17,09:02:27,0,FG709,XZCE,1231,1225,1245,126858,3135000640,217772,251790,1300,1176,1238,1227,0,1229,0,0,0,2017-04-17,32547000,1231,161,0,0,0,0,0,0,0,0,1232,161,0,0,0,0,0,0,0,0
288,2017-04-17,09:02:28,0,FG709,XZCE,1232,1225,1245,126922,3136577600,217764,251790,1300,1176,1238,1227,0,1229,0,0,0,2017-04-17,32548000,1231,133,0,0,0,0,0,0,0,0,1232,158,0,0,0,0,0,0,0,0
289,2017-04-17,09:02:28,0,FG709,XZCE,1231,1225,1245,126924,3136626840,217762,251790,1300,1176,1238,1227,0,1229,0,0,0,2017-04-17,32548000,1231,153,0,0,0,0,0,0,0,0,1232,157,0,0,0,0,0,0,0,0
290,2017-04-17,09:02:29,0,FG709,XZCE,1231,1225,1245,127068,3140172120,217676,251790,1300,1176,1238,1227,0,1229,0,0,0,2017-04-17,32549000,1231,81,0,0,0,0,0,0,0,0,1232,159,0,0,0,0,0,0,0,0
291,2017-04-17,09:02:29,0,FG709,XZCE,1232,1225,1245,127078,3140418520,217676,251790,1300,1176,1238,1227,0,1229,0,0,0,2017-04-17,32549000,1231,95,0,0,0,0,0,0,0,0,1232,155,0,0,0,0,0,0,0,0
292,2017-04-17,09:02:30,0,FG709,XZCE,1232,1225,1245,127094,3140812760,217668,251790,1300,1176,1238,1227,0,1229,0,0,0,2017-04-17,32550000,1231,98,0,0,0,0,0,0,0,0,1232,139,0,0,0,0,0,0,0,0
293,2017-04-17,09:02:30,0,FG709,XZCE,1231,1225,1245,127098,3140911240,217666,251790,1300,1176,1238,1227,0,1229,0,0,0,2017-04-17,32550000,1231,96,0,0,0,0,0,0,0,0,1232,139,0,0,0,0,0,0,0,0
294,2017-04-17,09:02:30,0,FG709,XZCE,1231,1225,1245,127202,3143471720,217616,251790,1300,1176,1238,1227,0,1229,0,0,0,2017-04-17,32550000,1231,50,0,0,0,0,0,0,0,0,1232,137,0,0,0,0,0,0,0,0
295,2017-04-17,09:02:31,0,FG709,XZCE,1232,1225,1245,127204,3143521000,217616,251790,1300,1176,1238,1227,0,1229,0,0,0,2017-04-17,32551000,1231,54,0,0,0,0,0,0,0,0,1232,141,0,0,0,0,0,0,0,0
296,2017-04-17,09:02:32,0,FG709,XZCE,1231,1225,1245,127214,3143767200,217620,251790,1300,1176,1238,1227,0,1229,0,0,0,2017-04-17,32552000,1231,65,0,0,0,0,0,0,0,0,1232,141,0,0,0,0,0,0,0,0
297,2017-04-17,09:02:32,0,FG709,XZCE,1231,1225,1245,127216,3143816440,217622,251790,1300,1176,1238,1227,0,1229,0,0,0,2017-04-17,32552000,1231,72,0,0,0,0,0,0,0,0,1232,142,0,0,0,0,0,0,0,0
298,2017-04-17,09:02:33,0,FG709,XZCE,1232,1225,1245,127522,3151356280,217550,251790,1300,1176,1238,1227,0,1229,0,0,0,2017-04-17,32553000,1232,2,0,0,0,0,0,0,0,0,1233,536,0,0,0,0,0,0,0,0
299,2017-04-17,09:02:33,0,FG709,XZCE,1232,1225,1245,127526,3151454840,217548,251790,1300,1176,1238,1227,0,1229,0,0,0,2017-04-17,32553000,1232,4,0,0,0,0,0,0,0,0,1233,536,0,0,0,0,0,0,0,0
300,2017-04-17,09:02:34,0,FG709,XZCE,1232,1225,1245,127526,3151454840,217548,251790,1300,1176,1238,1227,0,1229,0,0,0,2017-04-17,32554000,1232,18,0,0,0,0,0,0,0,0,1233,545,0,0,0,0,0,0,0,0
301,2017-04-17,09:02:34,0,FG709,XZCE,1232,1225,1245,127526,3151454840,217548,251790,1300,1176,1238,1227,0,1229,0,0,0,2017-04-17,32554000,1232,16,0,0,0,0,0,0,0,0,1233,545,0,0,0,0,0,0,0,0
302,2017-04-17,09:02:35,0,FG709,XZCE,1232,1225,1245,127532,3151602680,217550,251790,1300,1176,1238,1227,0,1229,0,0,0,2017-04-17,32555000,1232,13,0,0,0,0,0,0,0,0,1233,545,0,0,0,0,0,0,0,0
303,2017-04-17,09:02:36,0,FG709,XZCE,1232,1225,1245,127540,3151799800,217558,251790,1300,1176,1238,1227,0,1229,0,0,0,2017-04-17,32556000,1232,9,0,0,0,0,0,0,0,0,1233,545,0,0,0,0,0,0,0,0
304,2017-04-17,09:02:36,0,FG709,XZCE,1232,1225,1245,127544,3151898360,217562,251790,1300,1176,1238,1227,0,1229,0,0,0,2017-04-17,32556000,1232,7,0,0,0,0,0,0,0,0,1233,545,0,0,0,0,0,0,0,0
305,2017-04-17,09:02:37,0,FG709,XZCE,1232,1225,1245,127556,3152194040,217572,251790,1300,1176,1238,1227,0,1229,0,0,0,2017-04-17,32557000,1232,6,0,0,0,0,0,0,0,0,1233,540,0,0,0,0,0,0,0,0
306,2017-04-17,09:02:37,0,FG709,XZCE,1232,1225,1245,127558,3152243320,217574,251790,1300,1176,1238,1227,0,1229,0,0,0,2017-04-17,32557000,1232,5,0,0,0,0,0,0,0,0,1233,540,0,0,0,0,0,0,0,0
307,2017-04-17,09:02:38,0,FG709,XZCE,1232,1225,1245,127622,3153820280,217596,251790,1300,1176,1238,1227,0,1229,0,0,0,2017-04-17,32558000,1231,162,0,0,0,0,0,0,0,0,1232,11,0,0,0,0,0,0,0,0
308,2017-04-17,09:02:38,0,FG709,XZCE,1232,1225,1245,127666,3154904440,217610,251790,1300,1176,1238,1227,0,1229,0,0,0,2017-04-17,32558000,1232,1,0,0,0,0,0,0,0,0,1233,521,0,0,0,0,0,0,0,0
309,2017-04-17,09:02:39,0,FG709,XZCE,1232,1225,1245,127682,3155298680,217620,251790,1300,1176,1238,1227,0,1229,0,0,0,2017-04-17,32559000,1232,15,0,0,0,0,0,0,0,0,1233,505,0,0,0,0,0,0,0,0
310,2017-04-17,09:02:39,0,FG709,XZCE,1232,1225,1245,127684,3155347960,217622,251790,1300,1176,1238,1227,0,1229,0,0,0,2017-04-17,32559000,1232,15,0,0,0,0,0,0,0,0,1233,505,0,0,0,0,0,0,0,0
311,2017-04-17,09:02:40,0,FG709,XZCE,1232,1225,1245,127686,3155397240,217624,251790,1300,1176,1238,1227,0,1229,0,0,0,2017-04-17,32560000,1232,55,0,0,0,0,0,0,0,0,1233,505,0,0,0,0,0,0,0,0
312,2017-04-17,09:02:40,0,FG709,XZCE,1232,1225,1245,127702,3155791480,217624,251790,1300,1176,1238,1227,0,1229,0,0,0,2017-04-17,32560000,1232,52,0,0,0,0,0,0,0,0,1233,505,0,0,0,0,0,0,0,0
313,2017-04-17,09:02:41,0,FG709,XZCE,1232,1225,1245,127710,3155988600,217632,251790,1300,1176,1238,1227,0,1229,0,0,0,2017-04-17,32561000,1232,49,0,0,0,0,0,0,0,0,1233,505,0,0,0,0,0,0,0,0
314,2017-04-17,09:02:41,0,FG709,XZCE,1232,1225,1245,127730,3156481400,217636,251790,1300,1176,1238,1227,0,1229,0,0,0,2017-04-17,32561000,1232,80,0,0,0,0,0,0,0,0,1233,505,0,0,0,0,0,0,0,0
315,2017-04-17,09:02:42,0,FG709,XZCE,1233,1225,1245,127740,3156728000,217636,251790,1300,1176,1238,1227,0,1229,0,0,0,2017-04-17,32562000,1232,78,0,0,0,0,0,0,0,0,1233,512,0,0,0,0,0,0,0,0
316,2017-04-17,09:02:42,0,FG709,XZCE,1233,1225,1245,127740,3156728000,217636,251790,1300,1176,1238,1227,0,1229,0,0,0,2017-04-17,32562000,1232,80,0,0,0,0,0,0,0,0,1233,512,0,0,0,0,0,0,0,0
317,2017-04-17,09:02:43,0,FG709,XZCE,1233,1225,1245,127740,3156728000,217636,251790,1300,1176,1238,1227,0,1229,0,0,0,2017-04-17,32563000,1232,85,0,0,0,0,0,0,0,0,1233,514,0,0,0,0,0,0,0,0
318,2017-04-17,09:02:43,0,FG709,XZCE,1233,1225,1245,127780,3157714400,217654,251790,1300,1176,1238,1227,0,1229,0,0,0,2017-04-17,32563000,1232,76,0,0,0,0,0,0,0,0,1233,504,0,0,0,0,0,0,0,0
319,2017-04-17,09:02:43,0,FG709,XZCE,1232,1225,1245,127796,3158108640,217656,251790,1300,1176,1238,1227,0,1229,0,0,0,2017-04-17,32563000,1232,71,0,0,0,0,0,0,0,0,1233,504,0,0,0,0,0,0,0,0
320,2017-04-17,09:02:44,0,FG709,XZCE,1233,1225,1245,127798,3158157960,217656,251790,1300,1176,1238,1227,0,1229,0,0,0,2017-04-17,32564000,1232,72,0,0,0,0,0,0,0,0,1233,503,0,0,0,0,0,0,0,0
321,2017-04-17,09:02:45,0,FG709,XZCE,1233,1225,1245,127798,3158157960,217656,251790,1300,1176,1238,1227,0,1229,0,0,0,2017-04-17,32565000,1232,123,0,0,0,0,0,0,0,0,1233,493,0,0,0,0,0,0,0,0
322,2017-04-17,09:02:45,0,FG709,XZCE,1232,1225,1245,127802,3158256520,217656,251790,1300,1176,1238,1227,0,1229,0,0,0,2017-04-17,32565000,1232,121,0,0,0,0,0,0,0,0,1233,493,0,0,0,0,0,0,0,0
323,2017-04-17,09:02:46,0,FG709,XZCE,1232,1225,1245,127802,3158256520,217656,251790,1300,1176,1238,1227,0,1229,0,0,0,2017-04-17,32566000,1232,166,0,0,0,0,0,0,0,0,1233,494,0,0,0,0,0,0,0,0
324,2017-04-17,09:02:46,0,FG709,XZCE,1232,1225,1245,127808,3158404360,217656,251790,1300,1176,1238,1227,0,1229,0,0,0,2017-04-17,32566000,1232,263,0,0,0,0,0,0,0,0,1233,494,0,0,0,0,0,0,0,0
325,2017-04-17,09:02:47,0,FG709,XZCE,1233,1225,1245,127826,3158848240,217662,251790,1300,1176,1238,1227,0,1229,0,0,0,2017-04-17,32567000,1232,263,0,0,0,0,0,0,0,0,1233,487,0,0,0,0,0,0,0,0
326,2017-04-17,09:02:47,0,FG709,XZCE,1232,1225,1245,127830,3158946800,217664,251790,1300,1176,1238,1227,0,1229,0,0,0,2017-04-17,32567000,1232,265,0,0,0,0,0,0,0,0,1233,486,0,0,0,0,0,0,0,0
327,2017-04-17,09:02:48,0,FG709,XZCE,1232,1225,1245,127940,3161657200,217662,251790,1300,1176,1238,1227,0,1229,0,0,0,2017-04-17,32568000,1232,269,0,0,0,0,0,0,0,0,1233,439,0,0,0,0,0,0,0,0
328,2017-04-17,09:02:48,0,FG709,XZCE,1233,1225,1245,128012,3163432720,217708,251790,1300,1176,1238,1227,0,1229,0,0,0,2017-04-17,32568000,1232,271,0,0,0,0,0,0,0,0,1233,400,0,0,0,0,0,0,0,0
329,2017-04-17,09:02:49,0,FG709,XZCE,1233,1225,1245,128024,3163728640,217720,251790,1300,1176,1238,1227,0,1229,0,0,0,2017-04-17,32569000,1232,276,0,0,0,0,0,0,0,0,1233,394,0,0,0,0,0,0,0,0
330,2017-04-17,09:02:49,0,FG709,XZCE,1233,1225,1245,128058,3164567080,217720,251790,1300,1176,1238,1227,0,1229,0,0,0,2017-04-17,32569000,1232,280,0,0,0,0,0,0,0,0,1233,373,0,0,0,0,0,0,0,0
331,2017-04-17,09:02:50,0,FG709,XZCE,1233,1225,1245,128142,3166638520,217800,251790,1300,1176,1238,1227,0,1229,0,0,0,2017-04-17,32570000,1232,283,0,0,0,0,0,0,0,0,1233,331,0,0,0,0,0,0,0,0
332,2017-04-17,09:02:50,0,FG709,XZCE,1234,1225,1245,128856,3184260040,217906,251790,1300,1176,1238,1227,0,1229,0,0,0,2017-04-17,32570000,1233,184,0,0,0,0,0,0,0,0,1234,17,0,0,0,0,0,0,0,0
333,2017-04-17,09:02:51,0,FG709,XZCE,1235,1225,1245,129078,3189743440,217786,251790,1300,1176,1238,1227,0,1229,0,0,0,2017-04-17,32571000,1235,10,0,0,0,0,0,0,0,0,1236,34,0,0,0,0,0,0,0,0
334,2017-04-17,09:02:51,0,FG709,XZCE,1236,1225,1245,129118,3190732240,217770,251790,1300,1176,1238,1227,0,1229,0,0,0,2017-04-17,32571000,1235,44,0,0,0,0,0,0,0,0,1236,46,0,0,0,0,0,0,0,0
335,2017-04-17,09:02:52,0,FG709,XZCE,1236,1225,1245,129146,3191424400,217756,251790,1300,1176,1238,1227,0,1229,0,0,0,2017-04-17,32572000,1235,43,0,0,0,0,0,0,0,0,1236,33,0,0,0,0,0,0,0,0
336,2017-04-17,09:02:53,0,FG709,XZCE,1236,1225,1245,129148,3191473840,217756,251790,1300,1176,1238,1227,0,1229,0,0,0,2017-04-17,32573000,1235,43,0,0,0,0,0,0,0,0,1236,32,0,0,0,0,0,0,0,0
337,2017-04-17,09:02:53,0,FG709,XZCE,1236,1225,1245,129158,3191721040,217746,251790,1300,1176,1238,1227,0,1229,0,0,0,2017-04-17,32573000,1235,43,0,0,0,0,0,0,0,0,1236,27,0,0,0,0,0,0,0,0
338,2017-04-17,09:02:54,0,FG709,XZCE,1235,1225,1245,129162,3191819840,217744,251790,1300,1176,1238,1227,0,1229,0,0,0,2017-04-17,32574000,1235,43,0,0,0,0,0,0,0,0,1236,26,0,0,0,0,0,0,0,0
339,2017-04-17,09:02:54,0,FG709,XZCE,1235,1225,1245,129162,3191819840,217744,251790,1300,1176,1238,1227,0,1229,0,0,0,2017-04-17,32574000,1235,51,0,0,0,0,0,0,0,0,1236,26,0,0,0,0,0,0,0,0
340,2017-04-17,09:02:55,0,FG709,XZCE,1235,1225,1245,129202,3192807840,217706,251790,1300,1176,1238,1227,0,1229,0,0,0,2017-04-17,32575000,1235,49,0,0,0,0,0,0,0,0,1236,12,0,0,0,0,0,0,0,0
341,2017-04-17,09:02:55,0,FG709,XZCE,1235,1225,1245,129202,3192807840,217706,251790,1300,1176,1238,1227,0,1229,0,0,0,2017-04-17,32575000,1235,49,0,0,0,0,0,0,0,0,1236,13,0,0,0,0,0,0,0,0
342,2017-04-17,09:02:56,0,FG709,XZCE,1236,1225,1245,129212,3193055040,217704,251790,1300,1176,1238,1227,0,1229,0,0,0,2017-04-17,32576000,1235,80,0,0,0,0,0,0,0,0,1236,20,0,0,0,0,0,0,0,0
343,2017-04-17,09:02:56,0,FG709,XZCE,1236,1225,1245,129310,3195477600,217702,251790,1300,1176,1238,1227,0,1229,0,0,0,2017-04-17,32576000,1236,1,0,0,0,0,0,0,0,0,1237,41,0,0,0,0,0,0,0,0
344,2017-04-17,09:02:56,0,FG709,XZCE,1236,1225,1245,129316,3195625920,217704,251790,1300,1176,1238,1227,0,1229,0,0,0,2017-04-17,32576000,1236,14,0,0,0,0,0,0,0,0,1237,40,0,0,0,0,0,0,0,0
345,2017-04-17,09:02:57,0,FG709,XZCE,1237,1225,1245,129324,3195823840,217696,251790,1300,1176,1238,1227,0,1229,0,0,0,2017-04-17,32577000,1236,15,0,0,0,0,0,0,0,0,1237,36,0,0,0,0,0,0,0,0
346,2017-04-17,09:02:58,0,FG709,XZCE,1237,1225,1245,129328,3195922800,217692,251790,1300,1176,1238,1227,0,1229,0,0,0,2017-04-17,32578000,1236,15,0,0,0,0,0,0,0,0,1237,35,0,0,0,0,0,0,0,0
347,2017-04-17,09:02:58,0,FG709,XZCE,1237,1225,1245,129384,3197308240,217660,251790,1300,1176,1238,1227,0,1229,0,0,0,2017-04-17,32578000,1236,34,0,0,0,0,0,0,0,0,1237,32,0,0,0,0,0,0,0,0
348,2017-04-17,09:02:59,0,FG709,XZCE,1237,1225,1245,129396,3197605120,217666,251790,1300,1176,1238,1227,0,1229,0,0,0,2017-04-17,32579000,1236,29,0,0,0,0,0,0,0,0,1237,36,0,0,0,0,0,0,0,0
349,2017-04-17,09:02:59,0,FG709,XZCE,1237,1225,1245,129396,3197605120,217666,251790,1300,1176,1238,1227,0,1229,0,0,0,2017-04-17,32579000,1236,57,0,0,0,0,0,0,0,0,1237,36,0,0,0,0,0,0,0,0
350,2017-04-17,09:03:00,0,FG709,XZCE,1236,1225,1245,129408,3197901760,217670,251790,1300,1176,1238,1227,0,1229,0,0,0,2017-04-17,32580000,1236,63,0,0,0,0,0,0,0,0,1237,45,0,0,0,0,0,0,0,0
351,2017-04-17,09:03:00,0,FG709,XZCE,1236,1225,1245,129482,3199731040,217610,251790,1300,1176,1238,1227,0,1229,0,0,0,2017-04-17,32580000,1236,26,0,0,0,0,0,0,0,0,1237,90,0,0,0,0,0,0,0,0
352,2017-04-17,09:03:01,0,FG709,XZCE,1236,1225,1245,129578,3202104160,217574,251790,1300,1176,1238,1227,0,1229,0,0,0,2017-04-17,32581000,1235,79,0,0,0,0,0,0,0,0,1236,121,0,0,0,0,0,0,0,0
353,2017-04-17,09:03:01,0,FG709,XZCE,1235,1225,1245,129586,3202301760,217572,251790,1300,1176,1238,1227,0,1229,0,0,0,2017-04-17,32581000,1235,79,0,0,0,0,0,0,0,0,1236,118,0,0,0,0,0,0,0,0
354,2017-04-17,09:03:02,0,FG709,XZCE,1235,1225,1245,129628,3203339160,217534,251790,1300,1176,1238,1227,0,1229,0,0,0,2017-04-17,32582000,1235,59,0,0,0,0,0,0,0,0,1236,118,0,0,0,0,0,0,0,0
355,2017-04-17,09:03:03,0,FG709,XZCE,1235,1225,1245,129748,3206303160,217624,251790,1300,1176,1238,1227,0,1229,0,0,0,2017-04-17,32583000,1234,20,0,0,0,0,0,0,0,0,1235,68,0,0,0,0,0,0,0,0
356,2017-04-17,09:03:04,0,FG709,XZCE,1235,1225,1245,129752,3206401960,217628,251790,1300,1176,1238,1227,0,1229,0,0,0,2017-04-17,32584000,1234,20,0,0,0,0,0,0,0,0,1235,66,0,0,0,0,0,0,0,0
357,2017-04-17,09:03:04,0,FG709,XZCE,1235,1225,1245,129754,3206451360,217630,251790,1300,1176,1238,1227,0,1229,0,0,0,2017-04-17,32584000,1234,35,0,0,0,0,0,0,0,0,1235,85,0,0,0,0,0,0,0,0
358,2017-04-17,09:03:05,0,FG709,XZCE,1234,1225,1245,129766,3206747520,217640,251790,1300,1176,1238,1227,0,1229,0,0,0,2017-04-17,32585000,1234,32,0,0,0,0,0,0,0,0,1235,82,0,0,0,0,0,0,0,0
359,2017-04-17,09:03:06,0,FG709,XZCE,1234,1225,1245,129768,3206796880,217642,251790,1300,1176,1238,1227,0,1229,0,0,0,2017-04-17,32586000,1234,31,0,0,0,0,0,0,0,0,1235,82,0,0,0,0,0,0,0,0
360,2017-04-17,09:03:07,0,FG709,XZCE,1234,1225,1245,129818,3208030880,217650,251790,1300,1176,1238,1227,0,1229,0,0,0,2017-04-17,32587000,1234,6,0,0,0,0,0,0,0,0,1235,103,0,0,0,0,0,0,0,0
361,2017-04-17,09:03:07,0,FG709,XZCE,1234,1225,1245,129826,3208228320,217656,251790,1300,1176,1238,1227,0,1229,0,0,0,2017-04-17,32587000,1234,30,0,0,0,0,0,0,0,0,1235,103,0,0,0,0,0,0,0,0
362,2017-04-17,09:03:08,0,FG709,XZCE,1235,1225,1245,129832,3208376520,217656,251790,1300,1176,1238,1227,0,1229,0,0,0,2017-04-17,32588000,1234,30,0,0,0,0,0,0,0,0,1235,100,0,0,0,0,0,0,0,0
363,2017-04-17,09:03:08,0,FG709,XZCE,1235,1225,1245,129832,3208376520,217656,251790,1300,1176,1238,1227,0,1229,0,0,0,2017-04-17,32588000,1234,31,0,0,0,0,0,0,0,0,1235,100,0,0,0,0,0,0,0,0
364,2017-04-17,09:03:08,0,FG709,XZCE,1235,1225,1245,129838,3208524720,217662,251790,1300,1176,1238,1227,0,1229,0,0,0,2017-04-17,32588000,1234,33,0,0,0,0,0,0,0,0,1235,101,0,0,0,0,0,0,0,0
365,2017-04-17,09:03:09,0,FG709,XZCE,1234,1225,1245,129848,3208771520,217672,251790,1300,1176,1238,1227,0,1229,0,0,0,2017-04-17,32589000,1234,34,0,0,0,0,0,0,0,0,1235,98,0,0,0,0,0,0,0,0
366,2017-04-17,09:03:10,0,FG709,XZCE,1234,1225,1245,129848,3208771520,217672,251790,1300,1176,1238,1227,0,1229,0,0,0,2017-04-17,32590000,1234,38,0,0,0,0,0,0,0,0,1235,100,0,0,0,0,0,0,0,0
367,2017-04-17,09:03:10,0,FG709,XZCE,1234,1225,1245,129858,3209018320,217678,251790,1300,1176,1238,1227,0,1229,0,0,0,2017-04-17,32590000,1234,39,0,0,0,0,0,0,0,0,1235,98,0,0,0,0,0,0,0,0
368,2017-04-17,09:03:11,0,FG709,XZCE,1234,1225,1245,129862,3209117040,217678,251790,1300,1176,1238,1227,0,1229,0,0,0,2017-04-17,32591000,1234,38,0,0,0,0,0,0,0,0,1235,99,0,0,0,0,0,0,0,0
369,2017-04-17,09:03:11,0,FG709,XZCE,1234,1225,1245,129866,3209215760,217674,251790,1300,1176,1238,1227,0,1229,0,0,0,2017-04-17,32591000,1234,36,0,0,0,0,0,0,0,0,1235,100,0,0,0,0,0,0,0,0
370,2017-04-17,09:03:12,0,FG709,XZCE,1234,1225,1245,129880,3209561280,217674,251790,1300,1176,1238,1227,0,1229,0,0,0,2017-04-17,32592000,1234,33,0,0,0,0,0,0,0,0,1235,96,0,0,0,0,0,0,0,0
371,2017-04-17,09:03:12,0,FG709,XZCE,1234,1225,1245,129914,3210400400,217674,251790,1300,1176,1238,1227,0,1229,0,0,0,2017-04-17,32592000,1234,16,0,0,0,0,0,0,0,0,1235,96,0,0,0,0,0,0,0,0
372,2017-04-17,09:03:13,0,FG709,XZCE,1235,1225,1245,129920,3210548600,217680,251790,1300,1176,1238,1227,0,1229,0,0,0,2017-04-17,32593000,1234,29,0,0,0,0,0,0,0,0,1235,93,0,0,0,0,0,0,0,0
373,2017-04-17,09:03:13,0,FG709,XZCE,1234,1225,1245,129980,3212029400,217696,251790,1300,1176,1238,1227,0,1229,0,0,0,2017-04-17,32593000,1233,56,0,0,0,0,0,0,0,0,1234,24,0,0,0,0,0,0,0,0
374,2017-04-17,09:03:14,0,FG709,XZCE,1234,1225,1245,129980,3212029400,217696,251790,1300,1176,1238,1227,0,1229,0,0,0,2017-04-17,32594000,1233,56,0,0,0,0,0,0,0,0,1234,45,0,0,0,0,0,0,0,0
375,2017-04-17,09:03:14,0,FG709,XZCE,1234,1225,1245,129982,3212078760,217696,251790,1300,1176,1238,1227,0,1229,0,0,0,2017-04-17,32594000,1233,56,0,0,0,0,0,0,0,0,1234,46,0,0,0,0,0,0,0,0
376,2017-04-17,09:03:15,0,FG709,XZCE,1234,1225,1245,129992,3212325560,217696,251790,1300,1176,1238,1227,0,1229,0,0,0,2017-04-17,32595000,1233,56,0,0,0,0,0,0,0,0,1234,42,0,0,0,0,0,0,0,0
377,2017-04-17,09:03:15,0,FG709,XZCE,1234,1225,1245,130054,3213855720,217692,251790,1300,1176,1238,1227,0,1229,0,0,0,2017-04-17,32595000,1233,67,0,0,0,0,0,0,0,0,1234,13,0,0,0,0,0,0,0,0
378,2017-04-17,09:03:16,0,FG709,XZCE,1234,1225,1245,130082,3214546760,217720,251790,1300,1176,1238,1227,0,1229,0,0,0,2017-04-17,32596000,1234,15,0,0,0,0,0,0,0,0,1235,78,0,0,0,0,0,0,0,0
379,2017-04-17,09:03:16,0,FG709,XZCE,1234,1225,1245,130086,3214645480,217720,251790,1300,1176,1238,1227,0,1229,0,0,0,2017-04-17,32596000,1234,22,0,0,0,0,0,0,0,0,1235,78,0,0,0,0,0,0,0,0
380,2017-04-17,09:03:17,0,FG709,XZCE,1234,1225,1245,130088,3214694840,217720,251790,1300,1176,1238,1227,0,1229,0,0,0,2017-04-17,32597000,1234,31,0,0,0,0,0,0,0,0,1235,78,0,0,0,0,0,0,0,0
381,2017-04-17,09:03:18,0,FG709,XZCE,1234,1225,1245,130088,3214694840,217720,251790,1300,1176,1238,1227,0,1229,0,0,0,2017-04-17,32598000,1234,41,0,0,0,0,0,0,0,0,1235,578,0,0,0,0,0,0,0,0
382,2017-04-17,09:03:18,0,FG709,XZCE,1234,1225,1245,130170,3216718600,217652,251790,1300,1176,1238,1227,0,1229,0,0,0,2017-04-17,32598000,1233,56,0,0,0,0,0,0,0,0,1234,74,0,0,0,0,0,0,0,0
383,2017-04-17,09:03:19,0,FG709,XZCE,1234,1225,1245,130170,3216718600,217652,251790,1300,1176,1238,1227,0,1229,0,0,0,2017-04-17,32599000,1233,56,0,0,0,0,0,0,0,0,1234,94,0,0,0,0,0,0,0,0
384,2017-04-17,09:03:19,0,FG709,XZCE,1234,1225,1245,130180,3216965400,217652,251790,1300,1176,1238,1227,0,1229,0,0,0,2017-04-17,32599000,1233,56,0,0,0,0,0,0,0,0,1234,94,0,0,0,0,0,0,0,0
385,2017-04-17,09:03:20,0,FG709,XZCE,1234,1225,1245,130186,3217113480,217646,251790,1300,1176,1238,1227,0,1229,0,0,0,2017-04-17,32600000,1233,56,0,0,0,0,0,0,0,0,1234,91,0,0,0,0,0,0,0,0
386,2017-04-17,09:03:21,0,FG709,XZCE,1233,1225,1245,130196,3217360080,217654,251790,1300,1176,1238,1227,0,1229,0,0,0,2017-04-17,32601000,1233,32,0,0,0,0,0,0,0,0,1234,90,0,0,0,0,0,0,0,0
387,2017-04-17,09:03:21,0,FG709,XZCE,1233,1225,1245,130196,3217360080,217654,251790,1300,1176,1238,1227,0,1229,0,0,0,2017-04-17,32601000,1233,33,0,0,0,0,0,0,0,0,1234,90,0,0,0,0,0,0,0,0
388,2017-04-17,09:03:22,0,FG709,XZCE,1233,1225,1245,130220,3217951920,217634,251790,1300,1176,1238,1227,0,1229,0,0,0,2017-04-17,32602000,1233,33,0,0,0,0,0,0,0,0,1234,79,0,0,0,0,0,0,0,0
389,2017-04-17,09:03:22,0,FG709,XZCE,1233,1225,1245,130220,3217951920,217634,251790,1300,1176,1238,1227,0,1229,0,0,0,2017-04-17,32602000,1233,39,0,0,0,0,0,0,0,0,1234,79,0,0,0,0,0,0,0,0
390,2017-04-17,09:03:23,0,FG709,XZCE,1233,1225,1245,130262,3218987640,217666,251790,1300,1176,1238,1227,0,1229,0,0,0,2017-04-17,32603000,1233,26,0,0,0,0,0,0,0,0,1234,80,0,0,0,0,0,0,0,0
391,2017-04-17,09:03:24,0,FG709,XZCE,1234,1225,1245,130322,3220468440,217666,251790,1300,1176,1238,1227,0,1229,0,0,0,2017-04-17,32604000,1233,30,0,0,0,0,0,0,0,0,1234,50,0,0,0,0,0,0,0,0
392,2017-04-17,09:03:24,0,FG709,XZCE,1234,1225,1245,130330,3220665880,217666,251790,1300,1176,1238,1227,0,1229,0,0,0,2017-04-17,32604000,1233,46,0,0,0,0,0,0,0,0,1234,47,0,0,0,0,0,0,0,0
393,2017-04-17,09:03:24,0,FG709,XZCE,1234,1225,1245,130330,3220665880,217666,251790,1300,1176,1238,1227,0,1229,0,0,0,2017-04-17,32604000,1233,47,0,0,0,0,0,0,0,0,1234,47,0,0,0,0,0,0,0,0
394,2017-04-17,09:03:25,0,FG709,XZCE,1234,1225,1245,130350,3221159480,217646,251790,1300,1176,1238,1227,0,1229,0,0,0,2017-04-17,32605000,1233,47,0,0,0,0,0,0,0,0,1234,37,0,0,0,0,0,0,0,0
395,2017-04-17,09:03:26,0,FG709,XZCE,1234,1225,1245,130350,3221159480,217646,251790,1300,1176,1238,1227,0,1229,0,0,0,2017-04-17,32606000,1233,48,0,0,0,0,0,0,0,0,1234,39,0,0,0,0,0,0,0,0
396,2017-04-17,09:03:26,0,FG709,XZCE,1233,1225,1245,130356,3221307440,217646,251790,1300,1176,1238,1227,0,1229,0,0,0,2017-04-17,32606000,1233,44,0,0,0,0,0,0,0,0,1234,39,0,0,0,0,0,0,0,0
397,2017-04-17,09:03:27,0,FG709,XZCE,1233,1225,1245,130356,3221307440,217646,251790,1300,1176,1238,1227,0,1229,0,0,0,2017-04-17,32607000,1233,45,0,0,0,0,0,0,0,0,1234,39,0,0,0,0,0,0,0,0
398,2017-04-17,09:03:27,0,FG709,XZCE,1233,1225,1245,130360,3221406080,217646,251790,1300,1176,1238,1227,0,1229,0,0,0,2017-04-17,32607000,1233,46,0,0,0,0,0,0,0,0,1234,40,0,0,0,0,0,0,0,0
399,2017-04-17,09:03:28,0,FG709,XZCE,1233,1225,1245,130362,3221455400,217646,251790,1300,1176,1238,1227,0,1229,0,0,0,2017-04-17,32608000,1233,46,0,0,0,0,0,0,0,0,1234,40,0,0,0,0,0,0,0,0
400,2017-04-17,09:03:28,0,FG709,XZCE,1233,1225,1245,130364,3221504720,217646,251790,1300,1176,1238,1227,0,1229,0,0,0,2017-04-17,32608000,1233,45,0,0,0,0,0,0,0,0,1234,40,0,0,0,0,0,0,0,0
401,2017-04-17,09:03:29,0,FG709,XZCE,1233,1225,1245,130364,3221504720,217646,251790,1300,1176,1238,1227,0,1229,0,0,0,2017-04-17,32609000,1233,46,0,0,0,0,0,0,0,0,1234,40,0,0,0,0,0,0,0,0
402,2017-04-17,09:03:29,0,FG709,XZCE,1233,1225,1245,130368,3221603360,217644,251790,1300,1176,1238,1227,0,1229,0,0,0,2017-04-17,32609000,1233,44,0,0,0,0,0,0,0,0,1234,40,0,0,0,0,0,0,0,0
403,2017-04-17,09:03:30,0,FG709,XZCE,1233,1225,1245,130370,3221652680,217646,251790,1300,1176,1238,1227,0,1229,0,0,0,2017-04-17,32610000,1233,45,0,0,0,0,0,0,0,0,1234,48,0,0,0,0,0,0,0,0
404,2017-04-17,09:03:31,0,FG709,XZCE,1234,1225,1245,130444,3223479000,217622,251790,1300,1176,1238,1227,0,1229,0,0,0,2017-04-17,32611000,1233,51,0,0,0,0,0,0,0,0,1234,37,0,0,0,0,0,0,0,0
405,2017-04-17,09:03:32,0,FG709,XZCE,1233,1225,1245,130446,3223528320,217620,251790,1300,1176,1238,1227,0,1229,0,0,0,2017-04-17,32612000,1233,50,0,0,0,0,0,0,0,0,1234,37,0,0,0,0,0,0,0,0
406,2017-04-17,09:03:32,0,FG709,XZCE,1233,1225,1245,130446,3223528320,217620,251790,1300,1176,1238,1227,0,1229,0,0,0,2017-04-17,32612000,1233,50,0,0,0,0,0,0,0,0,1234,48,0,0,0,0,0,0,0,0
407,2017-04-17,09:03:33,0,FG709,XZCE,1233,1225,1245,130450,3223626960,217620,251790,1300,1176,1238,1227,0,1229,0,0,0,2017-04-17,32613000,1233,48,0,0,0,0,0,0,0,0,1234,48,0,0,0,0,0,0,0,0
408,2017-04-17,09:03:33,0,FG709,XZCE,1233,1225,1245,130456,3223774920,217620,251790,1300,1176,1238,1227,0,1229,0,0,0,2017-04-17,32613000,1233,45,0,0,0,0,0,0,0,0,1234,48,0,0,0,0,0,0,0,0
409,2017-04-17,09:03:35,0,FG709,XZCE,1234,1225,1245,130474,3224219160,217628,251790,1300,1176,1238,1227,0,1229,0,0,0,2017-04-17,32615000,1233,39,0,0,0,0,0,0,0,0,1234,47,0,0,0,0,0,0,0,0
410,2017-04-17,09:03:35,0,FG709,XZCE,1234,1225,1245,130474,3224219160,217628,251790,1300,1176,1238,1227,0,1229,0,0,0,2017-04-17,32615000,1233,46,0,0,0,0,0,0,0,0,1234,47,0,0,0,0,0,0,0,0
411,2017-04-17,09:03:35,0,FG709,XZCE,1234,1225,1245,130474,3224219160,217628,251790,1300,1176,1238,1227,0,1229,0,0,0,2017-04-17,32615000,1233,47,0,0,0,0,0,0,0,0,1234,47,0,0,0,0,0,0,0,0
412,2017-04-17,09:03:36,0,FG709,XZCE,1233,1225,1245,130478,3224317800,217630,251790,1300,1176,1238,1227,0,1229,0,0,0,2017-04-17,32616000,1233,47,0,0,0,0,0,0,0,0,1234,47,0,0,0,0,0,0,0,0
413,2017-04-17,09:03:37,0,FG709,XZCE,1233,1225,1245,130478,3224317800,217630,251790,1300,1176,1238,1227,0,1229,0,0,0,2017-04-17,32617000,1233,47,0,0,0,0,0,0,0,0,1234,48,0,0,0,0,0,0,0,0
414,2017-04-17,09:03:37,0,FG709,XZCE,1233,1225,1245,130478,3224317800,217630,251790,1300,1176,1238,1227,0,1229,0,0,0,2017-04-17,32617000,1233,48,0,0,0,0,0,0,0,0,1234,51,0,0,0,0,0,0,0,0
415,2017-04-17,09:03:38,0,FG709,XZCE,1233,1225,1245,130480,3224367120,217630,251790,1300,1176,1238,1227,0,1229,0,0,0,2017-04-17,32618000,1233,48,0,0,0,0,0,0,0,0,1234,55,0,0,0,0,0,0,0,0
416,2017-04-17,09:03:39,0,FG709,XZCE,1234,1225,1245,130482,3224416480,217628,251790,1300,1176,1238,1227,0,1229,0,0,0,2017-04-17,32619000,1233,48,0,0,0,0,0,0,0,0,1234,54,0,0,0,0,0,0,0,0
417,2017-04-17,09:03:39,0,FG709,XZCE,1233,1225,1245,130492,3224663080,217618,251790,1300,1176,1238,1227,0,1229,0,0,0,2017-04-17,32619000,1233,43,0,0,0,0,0,0,0,0,1234,54,0,0,0,0,0,0,0,0
418,2017-04-17,09:03:40,0,FG709,XZCE,1233,1225,1245,130492,3224663080,217618,251790,1300,1176,1238,1227,0,1229,0,0,0,2017-04-17,32620000,1233,47,0,0,0,0,0,0,0,0,1234,54,0,0,0,0,0,0,0,0
419,2017-04-17,09:03:40,0,FG709,XZCE,1233,1225,1245,130572,3226635880,217580,251790,1300,1176,1238,1227,0,1229,0,0,0,2017-04-17,32620000,1233,101,0,0,0,0,0,0,0,0,1234,24,0,0,0,0,0,0,0,0
420,2017-04-17,09:03:41,0,FG709,XZCE,1234,1225,1245,130582,3226882680,217580,251790,1300,1176,1238,1227,0,1229,0,0,0,2017-04-17,32621000,1233,105,0,0,0,0,0,0,0,0,1234,20,0,0,0,0,0,0,0,0
421,2017-04-17,09:03:41,0,FG709,XZCE,1233,1225,1245,130584,3226932000,217580,251790,1300,1176,1238,1227,0,1229,0,0,0,2017-04-17,32621000,1233,95,0,0,0,0,0,0,0,0,1234,44,0,0,0,0,0,0,0,0
422,2017-04-17,09:03:42,0,FG709,XZCE,1234,1225,1245,130590,3227080080,217578,251790,1300,1176,1238,1227,0,1229,0,0,0,2017-04-17,32622000,1233,96,0,0,0,0,0,0,0,0,1234,41,0,0,0,0,0,0,0,0
423,2017-04-17,09:03:42,0,FG709,XZCE,1234,1225,1245,130602,3227376240,217572,251790,1300,1176,1238,1227,0,1229,0,0,0,2017-04-17,32622000,1233,96,0,0,0,0,0,0,0,0,1234,36,0,0,0,0,0,0,0,0
424,2017-04-17,09:03:43,0,FG709,XZCE,1234,1225,1245,130614,3227672400,217580,251790,1300,1176,1238,1227,0,1229,0,0,0,2017-04-17,32623000,1233,98,0,0,0,0,0,0,0,0,1234,31,0,0,0,0,0,0,0,0
425,2017-04-17,09:03:43,0,FG709,XZCE,1234,1225,1245,130616,3227721760,217580,251790,1300,1176,1238,1227,0,1229,0,0,0,2017-04-17,32623000,1233,100,0,0,0,0,0,0,0,0,1234,34,0,0,0,0,0,0,0,0
426,2017-04-17,09:03:43,0,FG709,XZCE,1233,1225,1245,130618,3227771080,217580,251790,1300,1176,1238,1227,0,1229,0,0,0,2017-04-17,32623000,1233,99,0,0,0,0,0,0,0,0,1234,34,0,0,0,0,0,0,0,0
427,2017-04-17,09:03:44,0,FG709,XZCE,1234,1225,1245,130640,3228314040,217588,251790,1300,1176,1238,1227,0,1229,0,0,0,2017-04-17,32624000,1233,109,0,0,0,0,0,0,0,0,1234,27,0,0,0,0,0,0,0,0
428,2017-04-17,09:03:45,0,FG709,XZCE,1234,1225,1245,130640,3228314040,217588,251790,1300,1176,1238,1227,0,1229,0,0,0,2017-04-17,32625000,1233,109,0,0,0,0,0,0,0,0,1234,28,0,0,0,0,0,0,0,0
429,2017-04-17,09:03:45,0,FG709,XZCE,1234,1225,1245,130688,3229498680,217550,251790,1300,1176,1238,1227,0,1229,0,0,0,2017-04-17,32625000,1233,109,0,0,0,0,0,0,0,0,1234,16,0,0,0,0,0,0,0,0
430,2017-04-17,09:03:46,0,FG709,XZCE,1234,1225,1245,130688,3229498680,217550,251790,1300,1176,1238,1227,0,1229,0,0,0,2017-04-17,32626000,1233,115,0,0,0,0,0,0,0,0,1234,16,0,0,0,0,0,0,0,0
431,2017-04-17,09:03:46,0,FG709,XZCE,1234,1225,1245,130688,3229498680,217550,251790,1300,1176,1238,1227,0,1229,0,0,0,2017-04-17,32626000,1233,115,0,0,0,0,0,0,0,0,1234,23,0,0,0,0,0,0,0,0
432,2017-04-17,09:03:47,0,FG709,XZCE,1233,1225,1245,130692,3229597320,217552,251790,1300,1176,1238,1227,0,1229,0,0,0,2017-04-17,32627000,1233,119,0,0,0,0,0,0,0,0,1234,23,0,0,0,0,0,0,0,0
433,2017-04-17,09:03:47,0,FG709,XZCE,1233,1225,1245,130692,3229597320,217552,251790,1300,1176,1238,1227,0,1229,0,0,0,2017-04-17,32627000,1233,118,0,0,0,0,0,0,0,0,1234,23,0,0,0,0,0,0,0,0
434,2017-04-17,09:03:48,0,FG709,XZCE,1233,1225,1245,130722,3230337120,217554,251790,1300,1176,1238,1227,0,1229,0,0,0,2017-04-17,32628000,1233,123,0,0,0,0,0,0,0,0,1234,12,0,0,0,0,0,0,0,0
435,2017-04-17,09:03:48,0,FG709,XZCE,1233,1225,1245,130734,3230633040,217562,251790,1300,1176,1238,1227,0,1229,0,0,0,2017-04-17,32628000,1233,120,0,0,0,0,0,0,0,0,1234,21,0,0,0,0,0,0,0,0
436,2017-04-17,09:03:49,0,FG709,XZCE,1233,1225,1245,130734,3230633040,217562,251790,1300,1176,1238,1227,0,1229,0,0,0,2017-04-17,32629000,1233,123,0,0,0,0,0,0,0,0,1234,22,0,0,0,0,0,0,0,0
437,2017-04-17,09:03:49,0,FG709,XZCE,1234,1225,1245,130736,3230682400,217560,251790,1300,1176,1238,1227,0,1229,0,0,0,2017-04-17,32629000,1233,124,0,0,0,0,0,0,0,0,1234,24,0,0,0,0,0,0,0,0
438,2017-04-17,09:03:50,0,FG709,XZCE,1234,1225,1245,130736,3230682400,217560,251790,1300,1176,1238,1227,0,1229,0,0,0,2017-04-17,32630000,1233,123,0,0,0,0,0,0,0,0,1234,36,0,0,0,0,0,0,0,0
439,2017-04-17,09:03:50,0,FG709,XZCE,1233,1225,1245,130990,3236946040,217716,251790,1300,1176,1238,1227,0,1229,0,0,0,2017-04-17,32630000,1232,233,0,0,0,0,0,0,0,0,1233,24,0,0,0,0,0,0,0,0
440,2017-04-17,09:03:51,0,FG709,XZCE,1233,1225,1245,130992,3236995360,217716,251790,1300,1176,1238,1227,0,1229,0,0,0,2017-04-17,32631000,1232,237,0,0,0,0,0,0,0,0,1233,28,0,0,0,0,0,0,0,0
441,2017-04-17,09:03:51,0,FG709,XZCE,1233,1225,1245,130994,3237044680,217718,251790,1300,1176,1238,1227,0,1229,0,0,0,2017-04-17,32631000,1232,237,0,0,0,0,0,0,0,0,1233,42,0,0,0,0,0,0,0,0
442,2017-04-17,09:03:52,0,FG709,XZCE,1233,1225,1245,131000,3237192640,217722,251790,1300,1176,1238,1227,0,1229,0,0,0,2017-04-17,32632000,1232,237,0,0,0,0,0,0,0,0,1233,39,0,0,0,0,0,0,0,0
443,2017-04-17,09:03:53,0,FG709,XZCE,1233,1225,1245,131010,3237439240,217732,251790,1300,1176,1238,1227,0,1229,0,0,0,2017-04-17,32633000,1232,247,0,0,0,0,0,0,0,0,1233,34,0,0,0,0,0,0,0,0
444,2017-04-17,09:03:53,0,FG709,XZCE,1233,1225,1245,131010,3237439240,217732,251790,1300,1176,1238,1227,0,1229,0,0,0,2017-04-17,32633000,1232,248,0,0,0,0,0,0,0,0,1233,34,0,0,0,0,0,0,0,0
445,2017-04-17,09:03:54,0,FG709,XZCE,1232,1225,1245,131012,3237488520,217734,251790,1300,1176,1238,1227,0,1229,0,0,0,2017-04-17,32634000,1232,247,0,0,0,0,0,0,0,0,1233,22,0,0,0,0,0,0,0,0
446,2017-04-17,09:03:54,0,FG709,XZCE,1232,1225,1245,131012,3237488520,217734,251790,1300,1176,1238,1227,0,1229,0,0,0,2017-04-17,32634000,1232,247,0,0,0,0,0,0,0,0,1233,28,0,0,0,0,0,0,0,0
447,2017-04-17,09:03:55,0,FG709,XZCE,1232,1225,1245,131016,3237587080,217738,251790,1300,1176,1238,1227,0,1229,0,0,0,2017-04-17,32635000,1232,246,0,0,0,0,0,0,0,0,1233,27,0,0,0,0,0,0,0,0
448,2017-04-17,09:03:56,0,FG709,XZCE,1233,1225,1245,131018,3237636400,217740,251790,1300,1176,1238,1227,0,1229,0,0,0,2017-04-17,32636000,1232,246,0,0,0,0,0,0,0,0,1233,30,0,0,0,0,0,0,0,0
449,2017-04-17,09:03:56,0,FG709,XZCE,1233,1225,1245,131036,3238080280,217754,251790,1300,1176,1238,1227,0,1229,0,0,0,2017-04-17,32636000,1232,248,0,0,0,0,0,0,0,0,1233,21,0,0,0,0,0,0,0,0
450,2017-04-17,09:03:57,0,FG709,XZCE,1232,1225,1245,131060,3238671640,217778,251790,1300,1176,1238,1227,0,1229,0,0,0,2017-04-17,32637000,1232,236,0,0,0,0,0,0,0,0,1233,33,0,0,0,0,0,0,0,0
451,2017-04-17,09:03:58,0,FG709,XZCE,1232,1225,1245,131060,3238671640,217778,251790,1300,1176,1238,1227,0,1229,0,0,0,2017-04-17,32638000,1232,237,0,0,0,0,0,0,0,0,1233,33,0,0,0,0,0,0,0,0
452,2017-04-17,09:03:58,0,FG709,XZCE,1232,1225,1245,131060,3238671640,217778,251790,1300,1176,1238,1227,0,1229,0,0,0,2017-04-17,32638000,1232,224,0,0,0,0,0,0,0,0,1233,52,0,0,0,0,0,0,0,0
453,2017-04-17,09:03:59,0,FG709,XZCE,1232,1225,1245,131062,3238720920,217780,251790,1300,1176,1238,1227,0,1229,0,0,0,2017-04-17,32639000,1232,223,0,0,0,0,0,0,0,0,1233,52,0,0,0,0,0,0,0,0
454,2017-04-17,09:03:59,0,FG709,XZCE,1233,1225,1245,131068,3238868880,217784,251790,1300,1176,1238,1227,0,1229,0,0,0,2017-04-17,32639000,1232,229,0,0,0,0,0,0,0,0,1233,49,0,0,0,0,0,0,0,0
455,2017-04-17,09:04:00,0,FG709,XZCE,1232,1225,1245,131198,3242072080,217912,251790,1300,1176,1238,1227,0,1229,0,0,0,2017-04-17,32640000,1232,169,0,0,0,0,0,0,0,0,1233,68,0,0,0,0,0,0,0,0
456,2017-04-17,09:04:00,0,FG709,XZCE,1232,1225,1245,131202,3242170640,217916,251790,1300,1176,1238,1227,0,1229,0,0,0,2017-04-17,32640000,1232,172,0,0,0,0,0,0,0,0,1233,68,0,0,0,0,0,0,0,0
457,2017-04-17,09:04:00,0,FG709,XZCE,1232,1225,1245,131204,3242219920,217918,251790,1300,1176,1238,1227,0,1229,0,0,0,2017-04-17,32640000,1232,171,0,0,0,0,0,0,0,0,1233,70,0,0,0,0,0,0,0,0
458,2017-04-17,09:04:01,0,FG709,XZCE,1233,1225,1245,131208,3242318560,217918,251790,1300,1176,1238,1227,0,1229,0,0,0,2017-04-17,32641000,1232,164,0,0,0,0,0,0,0,0,1233,72,0,0,0,0,0,0,0,0
459,2017-04-17,09:04:01,0,FG709,XZCE,1232,1225,1245,131210,3242367840,217920,251790,1300,1176,1238,1227,0,1229,0,0,0,2017-04-17,32641000,1232,164,0,0,0,0,0,0,0,0,1233,72,0,0,0,0,0,0,0,0
460,2017-04-17,09:04:02,0,FG709,XZCE,1232,1225,1245,131216,3242515680,217926,251790,1300,1176,1238,1227,0,1229,0,0,0,2017-04-17,32642000,1232,164,0,0,0,0,0,0,0,0,1233,72,0,0,0,0,0,0,0,0
461,2017-04-17,09:04:03,0,FG709,XZCE,1232,1225,1245,131216,3242515680,217926,251790,1300,1176,1238,1227,0,1229,0,0,0,2017-04-17,32643000,1232,167,0,0,0,0,0,0,0,0,1233,74,0,0,0,0,0,0,0,0
462,2017-04-17,09:04:03,0,FG709,XZCE,1232,1225,1245,131350,3245817440,218018,251790,1300,1176,1238,1227,0,1229,0,0,0,2017-04-17,32643000,1232,100,0,0,0,0,0,0,0,0,1233,75,0,0,0,0,0,0,0,0
463,2017-04-17,09:04:04,0,FG709,XZCE,1232,1225,1245,131570,3251238240,217960,251790,1300,1176,1238,1227,0,1229,0,0,0,2017-04-17,32644000,1231,175,0,0,0,0,0,0,0,0,1232,132,0,0,0,0,0,0,0,0
464,2017-04-17,09:04:04,0,FG709,XZCE,1232,1225,1245,131594,3251829600,217952,251790,1300,1176,1238,1227,0,1229,0,0,0,2017-04-17,32644000,1231,161,0,0,0,0,0,0,0,0,1232,322,0,0,0,0,0,0,0,0
465,2017-04-17,09:04:05,0,FG709,XZCE,1232,1225,1245,131646,3253110880,217914,251790,1300,1176,1238,1227,0,1229,0,0,0,2017-04-17,32645000,1231,135,0,0,0,0,0,0,0,0,1232,175,0,0,0,0,0,0,0,0
466,2017-04-17,09:04:06,0,FG709,XZCE,1231,1225,1245,131916,3259758280,218012,251790,1300,1176,1238,1227,0,1229,0,0,0,2017-04-17,32646000,1230,651,0,0,0,0,0,0,0,0,1231,30,0,0,0,0,0,0,0,0
467,2017-04-17,09:04:06,0,FG709,XZCE,1231,1225,1245,131958,3260792320,218012,251790,1300,1176,1238,1227,0,1229,0,0,0,2017-04-17,32646000,1230,643,0,0,0,0,0,0,0,0,1231,34,0,0,0,0,0,0,0,0
468,2017-04-17,09:04:07,0,FG709,XZCE,1230,1225,1245,132158,3265712320,218186,251790,1300,1176,1238,1227,0,1229,0,0,0,2017-04-17,32647000,1230,552,0,0,0,0,0,0,0,0,1231,63,0,0,0,0,0,0,0,0
469,2017-04-17,09:04:07,0,FG709,XZCE,1230,1225,1245,132158,3265712320,218186,251790,1300,1176,1238,1227,0,1229,0,0,0,2017-04-17,32647000,1230,549,0,0,0,0,0,0,0,0,1231,63,0,0,0,0,0,0,0,0
470,2017-04-17,09:04:08,0,FG709,XZCE,1230,1225,1245,132170,3266007520,218198,251790,1300,1176,1238,1227,0,1229,0,0,0,2017-04-17,32648000,1230,544,0,0,0,0,0,0,0,0,1231,63,0,0,0,0,0,0,0,0
471,2017-04-17,09:04:08,0,FG709,XZCE,1230,1225,1245,132370,3270927520,218358,251790,1300,1176,1238,1227,0,1229,0,0,0,2017-04-17,32648000,1230,444,0,0,0,0,0,0,0,0,1231,63,0,0,0,0,0,0,0,0
472,2017-04-17,09:04:09,0,FG709,XZCE,1230,1225,1245,132380,3271173520,218358,251790,1300,1176,1238,1227,0,1229,0,0,0,2017-04-17,32649000,1230,450,0,0,0,0,0,0,0,0,1231,79,0,0,0,0,0,0,0,0
473,2017-04-17,09:04:09,0,FG709,XZCE,1230,1225,1245,132380,3271173520,218358,251790,1300,1176,1238,1227,0,1229,0,0,0,2017-04-17,32649000,1230,448,0,0,0,0,0,0,0,0,1231,80,0,0,0,0,0,0,0,0
474,2017-04-17,09:04:10,0,FG709,XZCE,1230,1225,1245,132392,3271468720,218354,251790,1300,1176,1238,1227,0,1229,0,0,0,2017-04-17,32650000,1230,445,0,0,0,0,0,0,0,0,1231,78,0,0,0,0,0,0,0,0
475,2017-04-17,09:04:10,0,FG709,XZCE,1230,1225,1245,132404,3271763920,218352,251790,1300,1176,1238,1227,0,1229,0,0,0,2017-04-17,32650000,1230,439,0,0,0,0,0,0,0,0,1231,80,0,0,0,0,0,0,0,0
476,2017-04-17,09:04:11,0,FG709,XZCE,1230,1225,1245,132616,3276979120,218408,251790,1300,1176,1238,1227,0,1229,0,0,0,2017-04-17,32651000,1230,337,0,0,0,0,0,0,0,0,1231,79,0,0,0,0,0,0,0,0
477,2017-04-17,09:04:11,0,FG709,XZCE,1230,1225,1245,132620,3277077520,218410,251790,1300,1176,1238,1227,0,1229,0,0,0,2017-04-17,32651000,1230,336,0,0,0,0,0,0,0,0,1231,79,0,0,0,0,0,0,0,0
478,2017-04-17,09:04:12,0,FG709,XZCE,1230,1225,1245,132626,3277225120,218410,251790,1300,1176,1238,1227,0,1229,0,0,0,2017-04-17,32652000,1230,333,0,0,0,0,0,0,0,0,1231,80,0,0,0,0,0,0,0,0
479,2017-04-17,09:04:12,0,FG709,XZCE,1230,1225,1245,132676,3278455120,218410,251790,1300,1176,1238,1227,0,1229,0,0,0,2017-04-17,32652000,1230,336,0,0,0,0,0,0,0,0,1231,56,0,0,0,0,0,0,0,0
480,2017-04-17,09:04:13,0,FG709,XZCE,1230,1225,1245,132708,3279242320,218410,251790,1300,1176,1238,1227,0,1229,0,0,0,2017-04-17,32653000,1230,323,0,0,0,0,0,0,0,0,1231,53,0,0,0,0,0,0,0,0
481,2017-04-17,09:04:13,0,FG709,XZCE,1230,1225,1245,132730,3279783520,218410,251790,1300,1176,1238,1227,0,1229,0,0,0,2017-04-17,32653000,1230,316,0,0,0,0,0,0,0,0,1231,57,0,0,0,0,0,0,0,0
482,2017-04-17,09:04:14,0,FG709,XZCE,1230,1225,1245,132732,3279832720,218410,251790,1300,1176,1238,1227,0,1229,0,0,0,2017-04-17,32654000,1230,305,0,0,0,0,0,0,0,0,1231,114,0,0,0,0,0,0,0,0
483,2017-04-17,09:04:14,0,FG709,XZCE,1231,1225,1245,132778,3280965240,218408,251790,1300,1176,1238,1227,0,1229,0,0,0,2017-04-17,32654000,1230,283,0,0,0,0,0,0,0,0,1231,117,0,0,0,0,0,0,0,0
484,2017-04-17,09:04:15,0,FG709,XZCE,1230,1225,1245,132870,3283228440,218438,251790,1300,1176,1238,1227,0,1229,0,0,0,2017-04-17,32655000,1230,263,0,0,0,0,0,0,0,0,1231,97,0,0,0,0,0,0,0,0
485,2017-04-17,09:04:15,0,FG709,XZCE,1230,1225,1245,132884,3283572840,218438,251790,1300,1176,1238,1227,0,1229,0,0,0,2017-04-17,32655000,1230,236,0,0,0,0,0,0,0,0,1231,97,0,0,0,0,0,0,0,0
486,2017-04-17,09:04:16,0,FG709,XZCE,1230,1225,1245,132900,3283966440,218428,251790,1300,1176,1238,1227,0,1229,0,0,0,2017-04-17,32656000,1230,229,0,0,0,0,0,0,0,0,1231,96,0,0,0,0,0,0,0,0
487,2017-04-17,09:04:16,0,FG709,XZCE,1232,1225,1245,133084,3288500200,218586,251790,1300,1176,1238,1227,0,1229,0,0,0,2017-04-17,32656000,1231,64,0,0,0,0,0,0,0,0,1232,39,0,0,0,0,0,0,0,0
488,2017-04-17,09:04:17,0,FG709,XZCE,1231,1225,1245,133200,3291356120,218634,251790,1300,1176,1238,1227,0,1229,0,0,0,2017-04-17,32657000,1231,183,0,0,0,0,0,0,0,0,1233,74,0,0,0,0,0,0,0,0
489,2017-04-17,09:04:17,0,FG709,XZCE,1231,1225,1245,133206,3291503840,218640,251790,1300,1176,1238,1227,0,1229,0,0,0,2017-04-17,32657000,1231,180,0,0,0,0,0,0,0,0,1233,64,0,0,0,0,0,0,0,0
490,2017-04-17,09:04:17,0,FG709,XZCE,1231,1225,1245,133242,3292390160,218632,251790,1300,1176,1238,1227,0,1229,0,0,0,2017-04-17,32657000,1231,162,0,0,0,0,0,0,0,0,1233,64,0,0,0,0,0,0,0,0
491,2017-04-17,09:04:18,0,FG709,XZCE,1231,1225,1245,133244,3292439400,218634,251790,1300,1176,1238,1227,0,1229,0,0,0,2017-04-17,32658000,1231,166,0,0,0,0,0,0,0,0,1233,64,0,0,0,0,0,0,0,0
492,2017-04-17,09:04:19,0,FG709,XZCE,1231,1225,1245,133248,3292537880,218634,251790,1300,1176,1238,1227,0,1229,0,0,0,2017-04-17,32659000,1231,180,0,0,0,0,0,0,0,0,1233,63,0,0,0,0,0,0,0,0
493,2017-04-17,09:04:19,0,FG709,XZCE,1231,1225,1245,133250,3292587120,218636,251790,1300,1176,1238,1227,0,1229,0,0,0,2017-04-17,32659000,1231,180,0,0,0,0,0,0,0,0,1233,63,0,0,0,0,0,0,0,0
494,2017-04-17,09:04:20,0,FG709,XZCE,1231,1225,1245,133268,3293030280,218652,251790,1300,1176,1238,1227,0,1229,0,0,0,2017-04-17,32660000,1231,180,0,0,0,0,0,0,0,0,1233,63,0,0,0,0,0,0,0,0
495,2017-04-17,09:04:21,0,FG709,XZCE,1231,1225,1245,133268,3293030280,218652,251790,1300,1176,1238,1227,0,1229,0,0,0,2017-04-17,32661000,1232,23,0,0,0,0,0,0,0,0,1233,71,0,0,0,0,0,0,0,0
496,2017-04-17,09:04:21,0,FG709,XZCE,1233,1225,1245,133274,3293178240,218650,251790,1300,1176,1238,1227,0,1229,0,0,0,2017-04-17,32661000,1232,24,0,0,0,0,0,0,0,0,1233,73,0,0,0,0,0,0,0,0
497,2017-04-17,09:04:22,0,FG709,XZCE,1232,1225,1245,133276,3293227520,218648,251790,1300,1176,1238,1227,0,1229,0,0,0,2017-04-17,32662000,1232,23,0,0,0,0,0,0,0,0,1233,73,0,0,0,0,0,0,0,0
498,2017-04-17,09:04:22,0,FG709,XZCE,1232,1225,1245,133290,3293572480,218648,251790,1300,1176,1238,1227,0,1229,0,0,0,2017-04-17,32662000,1232,36,0,0,0,0,0,0,0,0,1233,75,0,0,0,0,0,0,0,0
499,2017-04-17,09:04:22,0,FG709,XZCE,1232,1225,1245,133290,3293572480,218648,251790,1300,1176,1238,1227,0,1229,0,0,0,2017-04-17,32662000,1232,38,0,0,0,0,0,0,0,0,1233,76,0,0,0,0,0,0,0,0
500,2017-04-17,09:04:23,0,FG709,XZCE,1232,1225,1245,133296,3293720320,218654,251790,1300,1176,1238,1227,0,1229,0,0,0,2017-04-17,32663000,1232,38,0,0,0,0,0,0,0,0,1233,79,0,0,0,0,0,0,0,0
501,2017-04-17,09:04:24,0,FG709,XZCE,1232,1225,1245,133300,3293818880,218658,251790,1300,1176,1238,1227,0,1229,0,0,0,2017-04-17,32664000,1232,33,0,0,0,0,0,0,0,0,1233,79,0,0,0,0,0,0,0,0
502,2017-04-17,09:04:24,0,FG709,XZCE,1233,1225,1245,133312,3294114800,218664,251790,1300,1176,1238,1227,0,1229,0,0,0,2017-04-17,32664000,1232,31,0,0,0,0,0,0,0,0,1233,77,0,0,0,0,0,0,0,0
503,2017-04-17,09:04:25,0,FG709,XZCE,1233,1225,1245,133326,3294460040,218662,251790,1300,1176,1238,1227,0,1229,0,0,0,2017-04-17,32665000,1232,30,0,0,0,0,0,0,0,0,1233,71,0,0,0,0,0,0,0,0
504,2017-04-17,09:04:25,0,FG709,XZCE,1233,1225,1245,133334,3294657320,218664,251790,1300,1176,1238,1227,0,1229,0,0,0,2017-04-17,32665000,1232,29,0,0,0,0,0,0,0,0,1233,68,0,0,0,0,0,0,0,0
505,2017-04-17,09:04:26,0,FG709,XZCE,1233,1225,1245,133344,3294903920,218654,251790,1300,1176,1238,1227,0,1229,0,0,0,2017-04-17,32666000,1232,39,0,0,0,0,0,0,0,0,1233,55,0,0,0,0,0,0,0,0
506,2017-04-17,09:04:26,0,FG709,XZCE,1233,1225,1245,133344,3294903920,218654,251790,1300,1176,1238,1227,0,1229,0,0,0,2017-04-17,32666000,1232,39,0,0,0,0,0,0,0,0,1233,56,0,0,0,0,0,0,0,0
507,2017-04-17,09:04:27,0,FG709,XZCE,1233,1225,1245,133344,3294903920,218654,251790,1300,1176,1238,1227,0,1229,0,0,0,2017-04-17,32667000,1232,51,0,0,0,0,0,0,0,0,1233,57,0,0,0,0,0,0,0,0
508,2017-04-17,09:04:28,0,FG709,XZCE,1232,1225,1245,133346,3294953200,218656,251790,1300,1176,1238,1227,0,1229,0,0,0,2017-04-17,32668000,1232,56,0,0,0,0,0,0,0,0,1233,57,0,0,0,0,0,0,0,0
509,2017-04-17,09:04:28,0,FG709,XZCE,1232,1225,1245,133348,3295002480,218658,251790,1300,1176,1238,1227,0,1229,0,0,0,2017-04-17,32668000,1232,57,0,0,0,0,0,0,0,0,1233,57,0,0,0,0,0,0,0,0
510,2017-04-17,09:04:29,0,FG709,XZCE,1232,1225,1245,133350,3295051760,218656,251790,1300,1176,1238,1227,0,1229,0,0,0,2017-04-17,32669000,1232,59,0,0,0,0,0,0,0,0,1233,62,0,0,0,0,0,0,0,0
511,2017-04-17,09:04:29,0,FG709,XZCE,1232,1225,1245,133364,3295396720,218662,251790,1300,1176,1238,1227,0,1229,0,0,0,2017-04-17,32669000,1232,52,0,0,0,0,0,0,0,0,1233,54,0,0,0,0,0,0,0,0
512,2017-04-17,09:04:30,0,FG709,XZCE,1232,1225,1245,133366,3295446000,218664,251790,1300,1176,1238,1227,0,1229,0,0,0,2017-04-17,32670000,1232,56,0,0,0,0,0,0,0,0,1233,55,0,0,0,0,0,0,0,0
513,2017-04-17,09:04:30,0,FG709,XZCE,1233,1225,1245,133370,3295544640,218662,251790,1300,1176,1238,1227,0,1229,0,0,0,2017-04-17,32670000,1232,56,0,0,0,0,0,0,0,0,1233,50,0,0,0,0,0,0,0,0
514,2017-04-17,09:04:31,0,FG709,XZCE,1232,1225,1245,133410,3296530240,218666,251790,1300,1176,1238,1227,0,1229,0,0,0,2017-04-17,32671000,1232,67,0,0,0,0,0,0,0,0,1233,33,0,0,0,0,0,0,0,0
515,2017-04-17,09:04:31,0,FG709,XZCE,1233,1225,1245,133420,3296776840,218664,251790,1300,1176,1238,1227,0,1229,0,0,0,2017-04-17,32671000,1232,67,0,0,0,0,0,0,0,0,1233,29,0,0,0,0,0,0,0,0
516,2017-04-17,09:04:32,0,FG709,XZCE,1232,1225,1245,133424,3296875400,218668,251790,1300,1176,1238,1227,0,1229,0,0,0,2017-04-17,32672000,1232,67,0,0,0,0,0,0,0,0,1233,29,0,0,0,0,0,0,0,0
517,2017-04-17,09:04:32,0,FG709,XZCE,1232,1225,1245,133426,3296924680,218670,251790,1300,1176,1238,1227,0,1229,0,0,0,2017-04-17,32672000,1232,81,0,0,0,0,0,0,0,0,1233,41,0,0,0,0,0,0,0,0
518,2017-04-17,09:04:33,0,FG709,XZCE,1232,1225,1245,133428,3296973960,218672,251790,1300,1176,1238,1227,0,1229,0,0,0,2017-04-17,32673000,1232,81,0,0,0,0,0,0,0,0,1233,44,0,0,0,0,0,0,0,0
519,2017-04-17,09:04:33,0,FG709,XZCE,1232,1225,1245,133428,3296973960,218672,251790,1300,1176,1238,1227,0,1229,0,0,0,2017-04-17,32673000,1232,82,0,0,0,0,0,0,0,0,1233,44,0,0,0,0,0,0,0,0
520,2017-04-17,09:04:34,0,FG709,XZCE,1232,1225,1245,133432,3297072520,218676,251790,1300,1176,1238,1227,0,1229,0,0,0,2017-04-17,32674000,1232,89,0,0,0,0,0,0,0,0,1233,44,0,0,0,0,0,0,0,0
521,2017-04-17,09:04:34,0,FG709,XZCE,1232,1225,1245,133442,3297318920,218686,251790,1300,1176,1238,1227,0,1229,0,0,0,2017-04-17,32674000,1232,84,0,0,0,0,0,0,0,0,1233,44,0,0,0,0,0,0,0,0
522,2017-04-17,09:04:35,0,FG709,XZCE,1233,1225,1245,133444,3297368240,218686,251790,1300,1176,1238,1227,0,1229,0,0,0,2017-04-17,32675000,1232,84,0,0,0,0,0,0,0,0,1233,43,0,0,0,0,0,0,0,0
523,2017-04-17,09:04:35,0,FG709,XZCE,1233,1225,1245,133456,3297664160,218696,251790,1300,1176,1238,1227,0,1229,0,0,0,2017-04-17,32675000,1232,82,0,0,0,0,0,0,0,0,1233,37,0,0,0,0,0,0,0,0
524,2017-04-17,09:04:36,0,FG709,XZCE,1232,1225,1245,133462,3297812000,218694,251790,1300,1176,1238,1227,0,1229,0,0,0,2017-04-17,32676000,1232,81,0,0,0,0,0,0,0,0,1233,36,0,0,0,0,0,0,0,0
525,2017-04-17,09:04:36,0,FG709,XZCE,1232,1225,1245,133462,3297812000,218694,251790,1300,1176,1238,1227,0,1229,0,0,0,2017-04-17,32676000,1232,82,0,0,0,0,0,0,0,0,1233,36,0,0,0,0,0,0,0,0
526,2017-04-17,09:04:36,0,FG709,XZCE,1232,1225,1245,133466,3297910560,218694,251790,1300,1176,1238,1227,0,1229,0,0,0,2017-04-17,32676000,1232,80,0,0,0,0,0,0,0,0,1233,36,0,0,0,0,0,0,0,0
527,2017-04-17,09:04:37,0,FG709,XZCE,1233,1225,1245,133470,3298009200,218694,251790,1300,1176,1238,1227,0,1229,0,0,0,2017-04-17,32677000,1232,81,0,0,0,0,0,0,0,0,1233,34,0,0,0,0,0,0,0,0
528,2017-04-17,09:04:38,0,FG709,XZCE,1233,1225,1245,133470,3298009200,218694,251790,1300,1176,1238,1227,0,1229,0,0,0,2017-04-17,32678000,1232,82,0,0,0,0,0,0,0,0,1233,37,0,0,0,0,0,0,0,0
529,2017-04-17,09:04:38,0,FG709,XZCE,1232,1225,1245,133474,3298107760,218690,251790,1300,1176,1238,1227,0,1229,0,0,0,2017-04-17,32678000,1232,81,0,0,0,0,0,0,0,0,1233,38,0,0,0,0,0,0,0,0
530,2017-04-17,09:04:39,0,FG709,XZCE,1233,1225,1245,133500,3298748920,218684,251790,1300,1176,1238,1227,0,1229,0,0,0,2017-04-17,32679000,1232,82,0,0,0,0,0,0,0,0,1233,25,0,0,0,0,0,0,0,0
531,2017-04-17,09:04:39,0,FG709,XZCE,1233,1225,1245,133504,3298847560,218686,251790,1300,1176,1238,1227,0,1229,0,0,0,2017-04-17,32679000,1232,82,0,0,0,0,0,0,0,0,1233,23,0,0,0,0,0,0,0,0
532,2017-04-17,09:04:40,0,FG709,XZCE,1233,1225,1245,133504,3298847560,218686,251790,1300,1176,1238,1227,0,1229,0,0,0,2017-04-17,32680000,1232,94,0,0,0,0,0,0,0,0,1233,23,0,0,0,0,0,0,0,0
533,2017-04-17,09:04:40,0,FG709,XZCE,1232,1225,1245,133506,3298896840,218684,251790,1300,1176,1238,1227,0,1229,0,0,0,2017-04-17,32680000,1232,97,0,0,0,0,0,0,0,0,1233,23,0,0,0,0,0,0,0,0
534,2017-04-17,09:04:41,0,FG709,XZCE,1232,1225,1245,133506,3298896840,218684,251790,1300,1176,1238,1227,0,1229,0,0,0,2017-04-17,32681000,1232,99,0,0,0,0,0,0,0,0,1233,24,0,0,0,0,0,0,0,0
535,2017-04-17,09:04:41,0,FG709,XZCE,1232,1225,1245,133556,3300128840,218646,251790,1300,1176,1238,1227,0,1229,0,0,0,2017-04-17,32681000,1232,78,0,0,0,0,0,0,0,0,1233,20,0,0,0,0,0,0,0,0
