,dataDate,dataTime,dataMillisec,instrumentID,exchangeCD,lastPrice,lowPrice,highPrice,volume,value,openInterest,preOpenInterest,upperLimitPrice,lowerLimitPrice,preSettlementPrice,prevClosePrice,settlementPrice,openPrice,closePrice,preDelta,currDelta,clearingDay,milliSecOffset,bidPrice1,bidVolume1,bidPrice2,bidVolume2,bidPrice3,bidVolume3,bidPrice4,bidVolume4,bidPrice5,bidVolume5,askPrice1,askVolume1,askPrice2,askVolume2,askPrice3,askVolume3,askPrice4,askVolume4,askPrice5,askVolume5
0,2017-04-17,00:00:00,0,IC1704,CCFX,6518.8,0.0,0.0,0,0,18249,18249,0.0,0.0,6521.2,6518.8,0.0,0.0,0.0,0,0,2017-04-17,0,0.0,0,0,0,0,0,0,0,0,0,0.0,0,0,0,0,0,0,0,0,0
1,2017-04-17,07:04:09,400,IC1704,CCFX,6518.8,0.0,0.0,0,0,18249,18249,7173.2,5869.2,6521.2,6518.8,0.0,0.0,0.0,0,0,2017-04-17,25449400,0.0,0,0,0,0,0,0,0,0,0,0.0,0,0,0,0,0,0,0,0,0
2,2017-04-17,09:29:00,400,IC1704,CCFX,6505.2,6505.2,6505.2,65,84567600,18205,18249,7173.2,5869.2,6521.2,6518.8,0.0,6505.2,0.0,0,0,2017-04-17,34140400,6504.4,5,0,0,0,0,0,0,0,0,6505.2,1,0,0,0,0,0,0,0,0
3,2017-04-17,09:30:00,400,IC1704,CCFX,6505.0,6504.4,6505.2,68,88470360,18202,18249,7173.2,5869.2,6521.2,6518.8,0.0,6505.2,0.0,0,0,2017-04-17,34200400,6504.4,3,0,0,0,0,0,0,0,0,6505.2,1,0,0,0,0,0,0,0,0
4,2017-04-17,09:30:00,900,IC1704,CCFX,6503.8,6503.8,6505.2,78,101478720,18193,18249,7173.2,5869.2,6521.2,6518.8,0.0,6505.2,0.0,0,0,2017-04-17,34200900,6505.2,2,0,0,0,0,0,0,0,0,6506.6,1,0,0,0,0,0,0,0,0
5,2017-04-17,09:30:01,400,IC1704,CCFX,6505.2,6502.2,6506.6,94,122291280,18184,18249,7173.2,5869.2,6521.2,6518.8,0.0,6505.2,0.0,0,0,2017-04-17,34201400,6505.2,1,0,0,0,0,0,0,0,0,6506.4,5,0,0,0,0,0,0,0,0
6,2017-04-17,09:30:01,900,IC1704,CCFX,6505.2,6502.2,6506.6,98,127495640,18182,18249,7173.2,5869.2,6521.2,6518.8,0.0,6505.2,0.0,0,0,2017-04-17,34201900,6505.2,1,0,0,0,0,0,0,0,0,6506.4,5,0,0,0,0,0,0,0,0
7,2017-04-17,09:30:02,400,IC1704,CCFX,6506.4,6502.2,6506.6,102,132700520,18181,18249,7173.2,5869.2,6521.2,6518.8,0.0,6505.2,0.0,0,0,2017-04-17,34202400,6502.2,1,0,0,0,0,0,0,0,0,6506.4,2,0,0,0,0,0,0,0,0
8,2017-04-17,09:30:02,900,IC1704,CCFX,6506.2,6502.2,6507.6,108,140507880,18179,18249,7173.2,5869.2,6521.2,6518.8,0.0,6505.2,0.0,0,0,2017-04-17,34202900,6502.6,1,0,0,0,0,0,0,0,0,6507.6,1,0,0,0,0,0,0,0,0
9,2017-04-17,09:30:03,400,IC1704,CCFX,6503.2,6502.2,6507.6,109,141808520,18178,18249,7173.2,5869.2,6521.2,6518.8,0.0,6505.2,0.0,0,0,2017-04-17,34203400,6503.0,2,0,0,0,0,0,0,0,0,6505.8,1,0,0,0,0,0,0,0,0
10,2017-04-17,09:30:03,900,IC1704,CCFX,6503.2,6502.2,6507.6,109,141808520,18178,18249,7173.2,5869.2,6521.2,6518.8,0.0,6505.2,0.0,0,0,2017-04-17,34203900,6505.6,1,0,0,0,0,0,0,0,0,6505.8,1,0,0,0,0,0,0,0,0
11,2017-04-17,09:30:04,400,IC1704,CCFX,6503.2,6502.2,6507.6,114,148313680,18174,18249,7173.2,5869.2,6521.2,6518.8,0.0,6505.2,0.0,0,0,2017-04-17,34204400,6502.8,1,0,0,0,0,0,0,0,0,6503.0,1,0,0,0,0,0,0,0,0
12,2017-04-17,09:30:04,900,IC1704,CCFX,6503.0,6502.2,6507.6,116,150914880,18172,18249,7173.2,5869.2,6521.2,6518.8,0.0,6505.2,0.0,0,0,2017-04-17,34204900,6503.0,1,0,0,0,0,0,0,0,0,6507.8,2,0,0,0,0,0,0,0,0
13,2017-04-17,09:30:05,400,IC1704,CCFX,6503.0,6502.2,6507.6,122,158718480,18167,18249,7173.2,5869.2,6521.2,6518.8,0.0,6505.2,0.0,0,0,2017-04-17,34205400,6502.8,1,0,0,0,0,0,0,0,0,6503.0,4,0,0,0,0,0,0,0,0
14,2017-04-17,09:30:05,900,IC1704,CCFX,6502.8,6502.2,6507.6,125,162620080,18164,18249,7173.2,5869.2,6521.2,6518.8,0.0,6505.2,0.0,0,0,2017-04-17,34205900,6502.4,1,0,0,0,0,0,0,0,0,6502.8,2,0,0,0,0,0,0,0,0
15,2017-04-17,09:30:06,400,IC1704,CCFX,6503.0,6502.2,6507.6,131,170423480,18159,18249,7173.2,5869.2,6521.2,6518.8,0.0,6505.2,0.0,0,0,2017-04-17,34206400,6502.2,1,0,0,0,0,0,0,0,0,6505.8,1,0,0,0,0,0,0,0,0
16,2017-04-17,09:30:06,900,IC1704,CCFX,6505.4,6502.2,6507.6,132,171724560,18158,18249,7173.2,5869.2,6521.2,6518.8,0.0,6505.2,0.0,0,0,2017-04-17,34206900,6502.6,1,0,0,0,0,0,0,0,0,6505.6,1,0,0,0,0,0,0,0,0
17,2017-04-17,09:30:07,400,IC1704,CCFX,6501.2,6501.2,6507.6,135,175625760,18155,18249,7173.2,5869.2,6521.2,6518.8,0.0,6505.2,0.0,0,0,2017-04-17,34207400,6503.0,2,0,0,0,0,0,0,0,0,6504.8,2,0,0,0,0,0,0,0,0
18,2017-04-17,09:30:07,900,IC1704,CCFX,6503.0,6501.2,6507.6,136,176926360,18154,18249,7173.2,5869.2,6521.2,6518.8,0.0,6505.2,0.0,0,0,2017-04-17,34207900,6503.0,1,0,0,0,0,0,0,0,0,6503.4,1,0,0,0,0,0,0,0,0
19,2017-04-17,09:30:08,400,IC1704,CCFX,6502.2,6501.2,6507.6,139,180827640,18151,18249,7173.2,5869.2,6521.2,6518.8,0.0,6505.2,0.0,0,0,2017-04-17,34208400,6501.2,4,0,0,0,0,0,0,0,0,6502.4,1,0,0,0,0,0,0,0,0
20,2017-04-17,09:30:08,900,IC1704,CCFX,6501.8,6501.2,6507.6,142,184728480,18148,18249,7173.2,5869.2,6521.2,6518.8,0.0,6505.2,0.0,0,0,2017-04-17,34208900,6501.2,2,0,0,0,0,0,0,0,0,6501.6,1,0,0,0,0,0,0,0,0
21,2017-04-17,09:30:09,400,IC1704,CCFX,6504.8,6501.2,6507.6,146,189930280,18145,18249,7173.2,5869.2,6521.2,6518.8,0.0,6505.2,0.0,0,0,2017-04-17,34209400,6501.2,1,0,0,0,0,0,0,0,0,6501.6,1,0,0,0,0,0,0,0,0
22,2017-04-17,09:30:09,900,IC1704,CCFX,6501.2,6501.2,6507.6,148,192530840,18143,18249,7173.2,5869.2,6521.2,6518.8,0.0,6505.2,0.0,0,0,2017-04-17,34209900,6501.0,3,0,0,0,0,0,0,0,0,6505.0,1,0,0,0,0,0,0,0,0
23,2017-04-17,09:30:10,400,IC1704,CCFX,6501.0,6501.0,6507.6,150,195131280,18141,18249,7173.2,5869.2,6521.2,6518.8,0.0,6505.2,0.0,0,0,2017-04-17,34210400,6501.0,2,0,0,0,0,0,0,0,0,6503.6,1,0,0,0,0,0,0,0,0
24,2017-04-17,09:30:10,900,IC1704,CCFX,6503.4,6501.0,6507.6,152,197732640,18140,18249,7173.2,5869.2,6521.2,6518.8,0.0,6505.2,0.0,0,0,2017-04-17,34210900,6501.0,2,0,0,0,0,0,0,0,0,6503.4,1,0,0,0,0,0,0,0,0
25,2017-04-17,09:30:11,400,IC1704,CCFX,6503.4,6501.0,6507.6,152,197732640,18140,18249,7173.2,5869.2,6521.2,6518.8,0.0,6505.2,0.0,0,0,2017-04-17,34211400,6501.0,2,0,0,0,0,0,0,0,0,6503.4,1,0,0,0,0,0,0,0,0
26,2017-04-17,09:30:11,900,IC1704,CCFX,6503.4,6501.0,6507.6,152,197732640,18140,18249,7173.2,5869.2,6521.2,6518.8,0.0,6505.2,0.0,0,0,2017-04-17,34211900,6501.0,2,0,0,0,0,0,0,0,0,6503.4,1,0,0,0,0,0,0,0,0
27,2017-04-17,09:30:12,400,IC1704,CCFX,6503.4,6501.0,6507.6,152,197732640,18140,18249,7173.2,5869.2,6521.2,6518.8,0.0,6505.2,0.0,0,0,2017-04-17,34212400,6501.0,2,0,0,0,0,0,0,0,0,6503.2,1,0,0,0,0,0,0,0,0
28,2017-04-17,09:30:12,900,IC1704,CCFX,6501.0,6501.0,6507.6,154,200333040,18138,18249,7173.2,5869.2,6521.2,6518.8,0.0,6505.2,0.0,0,0,2017-04-17,34212900,6500.6,7,0,0,0,0,0,0,0,0,6501.0,3,0,0,0,0,0,0,0,0
29,2017-04-17,09:30:13,400,IC1704,CCFX,6501.0,6500.6,6507.6,162,210734120,18130,18249,7173.2,5869.2,6521.2,6518.8,0.0,6505.2,0.0,0,0,2017-04-17,34213400,6500.8,1,0,0,0,0,0,0,0,0,6501.0,5,0,0,0,0,0,0,0,0
30,2017-04-17,09:30:13,900,IC1704,CCFX,6501.0,6500.6,6507.6,166,215934800,18126,18249,7173.2,5869.2,6521.2,6518.8,0.0,6505.2,0.0,0,0,2017-04-17,34213900,6500.2,15,0,0,0,0,0,0,0,0,6501.0,3,0,0,0,0,0,0,0,0
31,2017-04-17,09:30:14,400,IC1704,CCFX,6500.2,6500.2,6507.6,168,218534880,18126,18249,7173.2,5869.2,6521.2,6518.8,0.0,6505.2,0.0,0,0,2017-04-17,34214400,6500.2,14,0,0,0,0,0,0,0,0,6501.0,1,0,0,0,0,0,0,0,0
32,2017-04-17,09:30:14,900,IC1704,CCFX,6500.2,6500.2,6507.6,176,228935360,18124,18249,7173.2,5869.2,6521.2,6518.8,0.0,6505.2,0.0,0,0,2017-04-17,34214900,6500.2,7,0,0,0,0,0,0,0,0,6503.0,1,0,0,0,0,0,0,0,0
33,2017-04-17,09:30:15,400,IC1704,CCFX,6502.8,6500.2,6507.6,180,234136560,18120,18249,7173.2,5869.2,6521.2,6518.8,0.0,6505.2,0.0,0,0,2017-04-17,34215400,6500.4,1,0,0,0,0,0,0,0,0,6502.8,4,0,0,0,0,0,0,0,0
34,2017-04-17,09:30:15,900,IC1704,CCFX,6502.6,6500.2,6507.6,184,239337720,18116,18249,7173.2,5869.2,6521.2,6518.8,0.0,6505.2,0.0,0,0,2017-04-17,34215900,6500.2,5,0,0,0,0,0,0,0,0,6502.8,4,0,0,0,0,0,0,0,0
35,2017-04-17,09:30:16,400,IC1704,CCFX,6502.6,6500.2,6507.6,187,243238360,18113,18249,7173.2,5869.2,6521.2,6518.8,0.0,6505.2,0.0,0,0,2017-04-17,34216400,6500.2,4,0,0,0,0,0,0,0,0,6502.6,3,0,0,0,0,0,0,0,0
36,2017-04-17,09:30:16,900,IC1704,CCFX,6500.2,6500.2,6507.6,190,247139440,18110,18249,7173.2,5869.2,6521.2,6518.8,0.0,6505.2,0.0,0,0,2017-04-17,34216900,6500.2,3,0,0,0,0,0,0,0,0,6502.6,1,0,0,0,0,0,0,0,0
37,2017-04-17,09:30:17,400,IC1704,CCFX,6500.2,6500.2,6507.6,192,249739520,18110,18249,7173.2,5869.2,6521.2,6518.8,0.0,6505.2,0.0,0,0,2017-04-17,34217400,6500.2,1,0,0,0,0,0,0,0,0,6502.6,1,0,0,0,0,0,0,0,0
38,2017-04-17,09:30:17,900,IC1704,CCFX,6502.8,6500.2,6507.6,194,252340600,18110,18249,7173.2,5869.2,6521.2,6518.8,0.0,6505.2,0.0,0,0,2017-04-17,34217900,6500.2,1,0,0,0,0,0,0,0,0,6502.8,3,0,0,0,0,0,0,0,0
39,2017-04-17,09:30:18,400,IC1704,CCFX,6502.8,6500.2,6507.6,196,254941720,18108,18249,7173.2,5869.2,6521.2,6518.8,0.0,6505.2,0.0,0,0,2017-04-17,34218400,6500.4,3,0,0,0,0,0,0,0,0,6502.6,1,0,0,0,0,0,0,0,0
40,2017-04-17,09:30:18,900,IC1704,CCFX,6502.6,6500.2,6507.6,198,257542320,18106,18249,7173.2,5869.2,6521.2,6518.8,0.0,6505.2,0.0,0,0,2017-04-17,34218900,6500.6,1,0,0,0,0,0,0,0,0,6501.6,1,0,0,0,0,0,0,0,0
41,2017-04-17,09:30:19,400,IC1704,CCFX,6500.6,6500.2,6507.6,200,260142960,18104,18249,7173.2,5869.2,6521.2,6518.8,0.0,6505.2,0.0,0,0,2017-04-17,34219400,6501.6,4,0,0,0,0,0,0,0,0,6502.8,2,0,0,0,0,0,0,0,0
42,2017-04-17,09:30:19,900,IC1704,CCFX,6500.2,6500.2,6507.6,211,274445240,18094,18249,7173.2,5869.2,6521.2,6518.8,0.0,6505.2,0.0,0,0,2017-04-17,34219900,6500.0,6,0,0,0,0,0,0,0,0,6501.6,1,0,0,0,0,0,0,0,0
43,2017-04-17,09:30:20,400,IC1704,CCFX,6505.0,6500.2,6507.6,216,280948080,18089,18249,7173.2,5869.2,6521.2,6518.8,0.0,6505.2,0.0,0,0,2017-04-17,34220400,6505.0,6,0,0,0,0,0,0,0,0,6507.6,1,0,0,0,0,0,0,0,0
44,2017-04-17,09:30:20,900,IC1704,CCFX,6500.2,6500.2,6507.6,226,293954360,18087,18249,7173.2,5869.2,6521.2,6518.8,0.0,6505.2,0.0,0,0,2017-04-17,34220900,6500.0,6,0,0,0,0,0,0,0,0,6504.6,1,0,0,0,0,0,0,0,0
45,2017-04-17,09:30:21,400,IC1704,CCFX,6500.2,6500.2,6507.6,227,295254400,18086,18249,7173.2,5869.2,6521.2,6518.8,0.0,6505.2,0.0,0,0,2017-04-17,34221400,6500.2,1,0,0,0,0,0,0,0,0,6502.4,1,0,0,0,0,0,0,0,0
46,2017-04-17,09:30:21,900,IC1704,CCFX,6500.2,6500.2,6507.6,229,297854480,18084,18249,7173.2,5869.2,6521.2,6518.8,0.0,6505.2,0.0,0,0,2017-04-17,34221900,6500.0,6,0,0,0,0,0,0,0,0,6501.4,1,0,0,0,0,0,0,0,0
47,2017-04-17,09:30:22,400,IC1704,CCFX,6504.2,6500.0,6507.6,236,306956440,18079,18249,7173.2,5869.2,6521.2,6518.8,0.0,6505.2,0.0,0,0,2017-04-17,34222400,6501.6,1,0,0,0,0,0,0,0,0,6504.4,1,0,0,0,0,0,0,0,0
48,2017-04-17,09:30:22,900,IC1704,CCFX,6504.2,6500.0,6507.6,236,306956440,18079,18249,7173.2,5869.2,6521.2,6518.8,0.0,6505.2,0.0,0,0,2017-04-17,34222900,6501.8,1,0,0,0,0,0,0,0,0,6504.0,1,0,0,0,0,0,0,0,0
49,2017-04-17,09:30:23,400,IC1704,CCFX,6501.8,6500.0,6507.6,237,308256800,18078,18249,7173.2,5869.2,6521.2,6518.8,0.0,6505.2,0.0,0,0,2017-04-17,34223400,6501.6,1,0,0,0,0,0,0,0,0,6503.8,1,0,0,0,0,0,0,0,0
50,2017-04-17,09:30:23,900,IC1704,CCFX,6501.6,6500.0,6507.6,238,309557120,18077,18249,7173.2,5869.2,6521.2,6518.8,0.0,6505.2,0.0,0,0,2017-04-17,34223900,6500.0,4,0,0,0,0,0,0,0,0,6503.6,1,0,0,0,0,0,0,0,0
51,2017-04-17,09:30:24,400,IC1704,CCFX,6500.0,6500.0,6507.6,241,313457160,18077,18249,7173.2,5869.2,6521.2,6518.8,0.0,6505.2,0.0,0,0,2017-04-17,34224400,6500.0,2,0,0,0,0,0,0,0,0,6503.2,1,0,0,0,0,0,0,0,0
52,2017-04-17,09:30:24,900,IC1704,CCFX,6500.0,6500.0,6507.6,242,314757160,18077,18249,7173.2,5869.2,6521.2,6518.8,0.0,6505.2,0.0,0,0,2017-04-17,34224900,6501.2,1,0,0,0,0,0,0,0,0,6503.0,6,0,0,0,0,0,0,0,0
53,2017-04-17,09:30:25,400,IC1704,CCFX,6501.2,6500.0,6507.6,243,316057400,18076,18249,7173.2,5869.2,6521.2,6518.8,0.0,6505.2,0.0,0,0,2017-04-17,34225400,6500.8,2,0,0,0,0,0,0,0,0,6503.0,1,0,0,0,0,0,0,0,0
54,2017-04-17,09:30:25,900,IC1704,CCFX,6500.8,6500.0,6507.6,244,317357560,18075,18249,7173.2,5869.2,6521.2,6518.8,0.0,6505.2,0.0,0,0,2017-04-17,34225900,6500.8,1,0,0,0,0,0,0,0,0,6502.8,1,0,0,0,0,0,0,0,0
55,2017-04-17,09:30:26,400,IC1704,CCFX,6500.8,6500.0,6507.6,244,317357560,18075,18249,7173.2,5869.2,6521.2,6518.8,0.0,6505.2,0.0,0,0,2017-04-17,34226400,6500.8,1,0,0,0,0,0,0,0,0,6502.8,1,0,0,0,0,0,0,0,0
56,2017-04-17,09:30:26,900,IC1704,CCFX,6500.8,6500.0,6507.6,246,319958280,18073,18249,7173.2,5869.2,6521.2,6518.8,0.0,6505.2,0.0,0,0,2017-04-17,34226900,6500.0,2,0,0,0,0,0,0,0,0,6500.8,1,0,0,0,0,0,0,0,0
57,2017-04-17,09:30:27,400,IC1704,CCFX,6500.0,6500.0,6507.6,249,323858440,18072,18249,7173.2,5869.2,6521.2,6518.8,0.0,6505.2,0.0,0,0,2017-04-17,34227400,6499.2,1,0,0,0,0,0,0,0,0,6502.6,1,0,0,0,0,0,0,0,0
58,2017-04-17,09:30:27,900,IC1704,CCFX,6500.8,6500.0,6507.6,250,325158600,18072,18249,7173.2,5869.2,6521.2,6518.8,0.0,6505.2,0.0,0,0,2017-04-17,34227900,6499.8,1,0,0,0,0,0,0,0,0,6500.8,1,0,0,0,0,0,0,0,0
59,2017-04-17,09:30:28,400,IC1704,CCFX,6500.8,6500.0,6507.6,251,326458760,18073,18249,7173.2,5869.2,6521.2,6518.8,0.0,6505.2,0.0,0,0,2017-04-17,34228400,6499.8,1,0,0,0,0,0,0,0,0,6502.0,1,0,0,0,0,0,0,0,0
60,2017-04-17,09:30:28,900,IC1704,CCFX,6500.8,6500.0,6507.6,251,326458760,18073,18249,7173.2,5869.2,6521.2,6518.8,0.0,6505.2,0.0,0,0,2017-04-17,34228900,6499.8,1,0,0,0,0,0,0,0,0,6501.6,5,0,0,0,0,0,0,0,0
61,2017-04-17,09:30:29,400,IC1704,CCFX,6500.8,6500.0,6507.6,251,326458760,18073,18249,7173.2,5869.2,6521.2,6518.8,0.0,6505.2,0.0,0,0,2017-04-17,34229400,6500.0,1,0,0,0,0,0,0,0,0,6501.6,5,0,0,0,0,0,0,0,0
62,2017-04-17,09:30:29,900,IC1704,CCFX,6500.8,6500.0,6507.6,251,326458760,18073,18249,7173.2,5869.2,6521.2,6518.8,0.0,6505.2,0.0,0,0,2017-04-17,34229900,6500.6,2,0,0,0,0,0,0,0,0,6501.6,6,0,0,0,0,0,0,0,0
63,2017-04-17,09:30:30,400,IC1704,CCFX,6499.2,6499.2,6507.6,257,334258960,18071,18249,7173.2,5869.2,6521.2,6518.8,0.0,6505.2,0.0,0,0,2017-04-17,34230400,6496.2,2,0,0,0,0,0,0,0,0,6499.2,2,0,0,0,0,0,0,0,0
64,2017-04-17,09:30:30,900,IC1704,CCFX,6499.2,6499.2,6507.6,257,334258960,18071,18249,7173.2,5869.2,6521.2,6518.8,0.0,6505.2,0.0,0,0,2017-04-17,34230900,6496.6,1,0,0,0,0,0,0,0,0,6498.8,1,0,0,0,0,0,0,0,0
65,2017-04-17,09:30:31,400,IC1704,CCFX,6496.2,6496.2,6507.6,259,336857520,18070,18249,7173.2,5869.2,6521.2,6518.8,0.0,6505.2,0.0,0,0,2017-04-17,34231400,6492.4,2,0,0,0,0,0,0,0,0,6498.6,1,0,0,0,0,0,0,0,0
66,2017-04-17,09:30:31,900,IC1704,CCFX,6496.2,6496.2,6507.6,259,336857520,18070,18249,7173.2,5869.2,6521.2,6518.8,0.0,6505.2,0.0,0,0,2017-04-17,34231900,6493.4,1,0,0,0,0,0,0,0,0,6497.6,1,0,0,0,0,0,0,0,0
67,2017-04-17,09:30:32,400,IC1704,CCFX,6493.6,6493.6,6507.6,260,338156240,18069,18249,7173.2,5869.2,6521.2,6518.8,0.0,6505.2,0.0,0,0,2017-04-17,34232400,6492.8,1,0,0,0,0,0,0,0,0,6497.4,1,0,0,0,0,0,0,0,0
68,2017-04-17,09:30:32,900,IC1704,CCFX,6497.2,6493.6,6507.6,263,342054520,18067,18249,7173.2,5869.2,6521.2,6518.8,0.0,6505.2,0.0,0,0,2017-04-17,34232900,6493.2,1,0,0,0,0,0,0,0,0,6497.4,5,0,0,0,0,0,0,0,0
69,2017-04-17,09:30:33,400,IC1704,CCFX,6497.2,6493.6,6507.6,263,342054520,18067,18249,7173.2,5869.2,6521.2,6518.8,0.0,6505.2,0.0,0,0,2017-04-17,34233400,6493.6,1,0,0,0,0,0,0,0,0,6497.2,1,0,0,0,0,0,0,0,0
70,2017-04-17,09:30:33,900,IC1704,CCFX,6494.2,6493.6,6507.6,264,343353360,18067,18249,7173.2,5869.2,6521.2,6518.8,0.0,6505.2,0.0,0,0,2017-04-17,34233900,6493.8,1,0,0,0,0,0,0,0,0,6496.8,1,0,0,0,0,0,0,0,0
71,2017-04-17,09:30:34,400,IC1704,CCFX,6494.2,6493.6,6507.6,264,343353360,18067,18249,7173.2,5869.2,6521.2,6518.8,0.0,6505.2,0.0,0,0,2017-04-17,34234400,6493.8,2,0,0,0,0,0,0,0,0,6496.8,6,0,0,0,0,0,0,0,0
72,2017-04-17,09:30:34,900,IC1704,CCFX,6494.2,6493.6,6507.6,264,343353360,18067,18249,7173.2,5869.2,6521.2,6518.8,0.0,6505.2,0.0,0,0,2017-04-17,34234900,6494.0,2,0,0,0,0,0,0,0,0,6496.8,7,0,0,0,0,0,0,0,0
73,2017-04-17,09:30:35,400,IC1704,CCFX,6496.8,6493.6,6507.6,265,344652720,18066,18249,7173.2,5869.2,6521.2,6518.8,0.0,6505.2,0.0,0,0,2017-04-17,34235400,6495.6,2,0,0,0,0,0,0,0,0,6496.8,6,0,0,0,0,0,0,0,0
74,2017-04-17,09:30:35,900,IC1704,CCFX,6496.8,6493.6,6507.6,271,352448880,18060,18249,7173.2,5869.2,6521.2,6518.8,0.0,6505.2,0.0,0,0,2017-04-17,34235900,6496.0,1,0,0,0,0,0,0,0,0,6499.2,2,0,0,0,0,0,0,0,0
75,2017-04-17,09:30:36,400,IC1704,CCFX,6499.2,6493.6,6507.6,273,355048560,18058,18249,7173.2,5869.2,6521.2,6518.8,0.0,6505.2,0.0,0,0,2017-04-17,34236400,6496.8,2,0,0,0,0,0,0,0,0,6500.0,1,0,0,0,0,0,0,0,0
76,2017-04-17,09:30:36,900,IC1704,CCFX,6499.2,6493.6,6507.6,273,355048560,18058,18249,7173.2,5869.2,6521.2,6518.8,0.0,6505.2,0.0,0,0,2017-04-17,34236900,6497.2,1,0,0,0,0,0,0,0,0,6500.0,1,0,0,0,0,0,0,0,0
77,2017-04-17,09:30:37,400,IC1704,CCFX,6500.0,6493.6,6507.6,274,356348560,18057,18249,7173.2,5869.2,6521.2,6518.8,0.0,6505.2,0.0,0,0,2017-04-17,34237400,6497.6,1,0,0,0,0,0,0,0,0,6501.6,5,0,0,0,0,0,0,0,0
78,2017-04-17,09:30:37,900,IC1704,CCFX,6498.0,6493.6,6507.6,275,357648160,18056,18249,7173.2,5869.2,6521.2,6518.8,0.0,6505.2,0.0,0,0,2017-04-17,34237900,6497.8,4,0,0,0,0,0,0,0,0,6499.2,1,0,0,0,0,0,0,0,0
79,2017-04-17,09:30:38,400,IC1704,CCFX,6499.8,6493.6,6507.6,282,366748840,18054,18249,7173.2,5869.2,6521.2,6518.8,0.0,6505.2,0.0,0,0,2017-04-17,34238400,6498.4,1,0,0,0,0,0,0,0,0,6499.2,2,0,0,0,0,0,0,0,0
80,2017-04-17,09:30:38,900,IC1704,CCFX,6501.6,6493.6,6507.6,288,374549120,18052,18249,7173.2,5869.2,6521.2,6518.8,0.0,6505.2,0.0,0,0,2017-04-17,34238900,6499.4,1,0,0,0,0,0,0,0,0,6502.8,1,0,0,0,0,0,0,0,0
81,2017-04-17,09:30:39,400,IC1704,CCFX,6499.6,6493.6,6507.6,290,377148960,18050,18249,7173.2,5869.2,6521.2,6518.8,0.0,6505.2,0.0,0,0,2017-04-17,34239400,6499.6,1,0,0,0,0,0,0,0,0,6499.8,1,0,0,0,0,0,0,0,0
82,2017-04-17,09:30:39,900,IC1704,CCFX,6499.8,6493.6,6507.6,291,378448920,18049,18249,7173.2,5869.2,6521.2,6518.8,0.0,6505.2,0.0,0,0,2017-04-17,34239900,6500.0,1,0,0,0,0,0,0,0,0,6501.2,1,0,0,0,0,0,0,0,0
83,2017-04-17,09:30:40,400,IC1704,CCFX,6501.2,6493.6,6507.6,292,379749160,18048,18249,7173.2,5869.2,6521.2,6518.8,0.0,6505.2,0.0,0,0,2017-04-17,34240400,6500.2,1,0,0,0,0,0,0,0,0,6502.8,2,0,0,0,0,0,0,0,0
84,2017-04-17,09:30:40,900,IC1704,CCFX,6500.4,6493.6,6507.6,293,381049240,18047,18249,7173.2,5869.2,6521.2,6518.8,0.0,6505.2,0.0,0,0,2017-04-17,34240900,6500.4,1,0,0,0,0,0,0,0,0,6502.8,2,0,0,0,0,0,0,0,0
85,2017-04-17,09:30:41,400,IC1704,CCFX,6500.4,6493.6,6507.6,294,382349320,18047,18249,7173.2,5869.2,6521.2,6518.8,0.0,6505.2,0.0,0,0,2017-04-17,34241400,6500.4,1,0,0,0,0,0,0,0,0,6502.6,1,0,0,0,0,0,0,0,0
86,2017-04-17,09:30:41,900,IC1704,CCFX,6504.8,6493.6,6507.6,300,390153120,18044,18249,7173.2,5869.2,6521.2,6518.8,0.0,6505.2,0.0,0,0,2017-04-17,34241900,6503.0,1,0,0,0,0,0,0,0,0,6505.0,2,0,0,0,0,0,0,0,0
87,2017-04-17,09:30:42,400,IC1704,CCFX,6503.0,6493.6,6507.6,302,392754720,18042,18249,7173.2,5869.2,6521.2,6518.8,0.0,6505.2,0.0,0,0,2017-04-17,34242400,6500.8,1,0,0,0,0,0,0,0,0,6505.0,1,0,0,0,0,0,0,0,0
88,2017-04-17,09:30:42,900,IC1704,CCFX,6503.0,6493.6,6507.6,302,392754720,18042,18249,7173.2,5869.2,6521.2,6518.8,0.0,6505.2,0.0,0,0,2017-04-17,34242900,6501.4,4,0,0,0,0,0,0,0,0,6504.8,2,0,0,0,0,0,0,0,0
89,2017-04-17,09:30:43,400,IC1704,CCFX,6501.4,6493.6,6507.6,304,395355360,18040,18249,7173.2,5869.2,6521.2,6518.8,0.0,6505.2,0.0,0,0,2017-04-17,34243400,6501.4,3,0,0,0,0,0,0,0,0,6504.0,1,0,0,0,0,0,0,0,0
90,2017-04-17,09:30:43,900,IC1704,CCFX,6501.4,6493.6,6507.6,304,395355360,18040,18249,7173.2,5869.2,6521.2,6518.8,0.0,6505.2,0.0,0,0,2017-04-17,34243900,6503.0,10,0,0,0,0,0,0,0,0,6503.6,1,0,0,0,0,0,0,0,0
91,2017-04-17,09:30:44,400,IC1704,CCFX,6502.8,6493.6,6507.6,306,397956480,18038,18249,7173.2,5869.2,6521.2,6518.8,0.0,6505.2,0.0,0,0,2017-04-17,34244400,6503.0,8,0,0,0,0,0,0,0,0,6503.4,1,0,0,0,0,0,0,0,0
92,2017-04-17,09:30:44,900,IC1704,CCFX,6502.8,6493.6,6507.6,311,404459280,18038,18249,7173.2,5869.2,6521.2,6518.8,0.0,6505.2,0.0,0,0,2017-04-17,34244900,6503.2,1,0,0,0,0,0,0,0,0,6503.4,1,0,0,0,0,0,0,0,0
93,2017-04-17,09:30:45,400,IC1704,CCFX,6503.2,6493.6,6507.6,312,405759920,18037,18249,7173.2,5869.2,6521.2,6518.8,0.0,6505.2,0.0,0,0,2017-04-17,34245400,6503.0,3,0,0,0,0,0,0,0,0,6503.2,1,0,0,0,0,0,0,0,0
94,2017-04-17,09:30:45,900,IC1704,CCFX,6503.0,6493.6,6507.6,313,407060520,18036,18249,7173.2,5869.2,6521.2,6518.8,0.0,6505.2,0.0,0,0,2017-04-17,34245900,6503.0,2,0,0,0,0,0,0,0,0,6505.0,1,0,0,0,0,0,0,0,0
95,2017-04-17,09:30:46,400,IC1704,CCFX,6503.0,6493.6,6507.6,313,407060520,18036,18249,7173.2,5869.2,6521.2,6518.8,0.0,6505.2,0.0,0,0,2017-04-17,34246400,6503.0,2,0,0,0,0,0,0,0,0,6505.0,1,0,0,0,0,0,0,0,0
96,2017-04-17,09:30:46,900,IC1704,CCFX,6505.0,6493.6,6507.6,315,409662400,18035,18249,7173.2,5869.2,6521.2,6518.8,0.0,6505.2,0.0,0,0,2017-04-17,34246900,6503.0,2,0,0,0,0,0,0,0,0,6506.0,1,0,0,0,0,0,0,0,0
97,2017-04-17,09:30:47,400,IC1704,CCFX,6505.0,6493.6,6507.6,316,410963400,18034,18249,7173.2,5869.2,6521.2,6518.8,0.0,6505.2,0.0,0,0,2017-04-17,34247400,6503.4,1,0,0,0,0,0,0,0,0,6506.0,1,0,0,0,0,0,0,0,0
98,2017-04-17,09:30:47,900,IC1704,CCFX,6503.6,6493.6,6507.6,318,413564920,18034,18249,7173.2,5869.2,6521.2,6518.8,0.0,6505.2,0.0,0,0,2017-04-17,34247900,6503.6,2,0,0,0,0,0,0,0,0,6506.0,1,0,0,0,0,0,0,0,0
99,2017-04-17,09:30:48,400,IC1704,CCFX,6505.8,6493.6,6507.6,319,414866080,18034,18249,7173.2,5869.2,6521.2,6518.8,0.0,6505.2,0.0,0,0,2017-04-17,34248400,6503.8,1,0,0,0,0,0,0,0,0,6506.0,1,0,0,0,0,0,0,0,0
100,2017-04-17,09:30:48,900,IC1704,CCFX,6505.8,6493.6,6507.6,319,414866080,18034,18249,7173.2,5869.2,6521.2,6518.8,0.0,6505.2,0.0,0,0,2017-04-17,34248900,6504.4,4,0,0,0,0,0,0,0,0,6506.0,1,0,0,0,0,0,0,0,0
101,2017-04-17,09:30:49,400,IC1704,CCFX,6504.6,6493.6,6507.6,322,418769120,18032,18249,7173.2,5869.2,6521.2,6518.8,0.0,6505.2,0.0,0,0,2017-04-17,34249400,6504.6,2,0,0,0,0,0,0,0,0,6509.8,2,0,0,0,0,0,0,0,0
102,2017-04-17,09:30:49,900,IC1704,CCFX,6504.6,6493.6,6507.6,323,420070040,18031,18249,7173.2,5869.2,6521.2,6518.8,0.0,6505.2,0.0,0,0,2017-04-17,34249900,6505.2,1,0,0,0,0,0,0,0,0,6508.8,1,0,0,0,0,0,0,0,0
103,2017-04-17,09:30:50,400,IC1704,CCFX,6504.6,6493.6,6507.6,323,420070040,18031,18249,7173.2,5869.2,6521.2,6518.8,0.0,6505.2,0.0,0,0,2017-04-17,34250400,6505.4,2,0,0,0,0,0,0,0,0,6508.4,1,0,0,0,0,0,0,0,0
104,2017-04-17,09:30:50,900,IC1704,CCFX,6504.6,6493.6,6507.6,323,420070040,18031,18249,7173.2,5869.2,6521.2,6518.8,0.0,6505.2,0.0,0,0,2017-04-17,34250900,6506.0,3,0,0,0,0,0,0,0,0,6508.0,1,0,0,0,0,0,0,0,0
105,2017-04-17,09:30:51,400,IC1704,CCFX,6504.6,6493.6,6507.6,323,420070040,18031,18249,7173.2,5869.2,6521.2,6518.8,0.0,6505.2,0.0,0,0,2017-04-17,34251400,6506.6,2,0,0,0,0,0,0,0,0,6507.6,1,0,0,0,0,0,0,0,0
106,2017-04-17,09:30:51,900,IC1704,CCFX,6507.6,6493.6,6507.6,324,421371560,18030,18249,7173.2,5869.2,6521.2,6518.8,0.0,6505.2,0.0,0,0,2017-04-17,34251900,6507.6,1,0,0,0,0,0,0,0,0,6510.0,1,0,0,0,0,0,0,0,0
107,2017-04-17,09:30:52,400,IC1704,CCFX,6507.6,6493.6,6507.6,324,421371560,18030,18249,7173.2,5869.2,6521.2,6518.8,0.0,6505.2,0.0,0,0,2017-04-17,34252400,6509.0,10,0,0,0,0,0,0,0,0,6510.0,1,0,0,0,0,0,0,0,0
108,2017-04-17,09:30:52,900,IC1704,CCFX,6510.0,6493.6,6510.0,326,423975560,18030,18249,7173.2,5869.2,6521.2,6518.8,0.0,6505.2,0.0,0,0,2017-04-17,34252900,6509.6,2,0,0,0,0,0,0,0,0,6514.8,1,0,0,0,0,0,0,0,0
109,2017-04-17,09:30:53,400,IC1704,CCFX,6510.0,6493.6,6510.0,326,423975560,18030,18249,7173.2,5869.2,6521.2,6518.8,0.0,6505.2,0.0,0,0,2017-04-17,34253400,6510.2,2,0,0,0,0,0,0,0,0,6514.0,2,0,0,0,0,0,0,0,0
110,2017-04-17,09:30:53,900,IC1704,CCFX,6509.8,6493.6,6510.2,330,429183480,18031,18249,7173.2,5869.2,6521.2,6518.8,0.0,6505.2,0.0,0,0,2017-04-17,34253900,6510.4,2,0,0,0,0,0,0,0,0,6512.4,1,0,0,0,0,0,0,0,0
111,2017-04-17,09:30:54,400,IC1704,CCFX,6510.4,6493.6,6510.4,332,431787640,18029,18249,7173.2,5869.2,6521.2,6518.8,0.0,6505.2,0.0,0,0,2017-04-17,34254400,6509.6,2,0,0,0,0,0,0,0,0,6512.2,1,0,0,0,0,0,0,0,0
112,2017-04-17,09:30:54,900,IC1704,CCFX,6509.6,6493.6,6512.2,336,436996280,18026,18249,7173.2,5869.2,6521.2,6518.8,0.0,6505.2,0.0,0,0,2017-04-17,34254900,6509.0,10,0,0,0,0,0,0,0,0,6514.0,1,0,0,0,0,0,0,0,0
113,2017-04-17,09:30:55,400,IC1704,CCFX,6509.6,6493.6,6512.2,336,436996280,18026,18249,7173.2,5869.2,6521.2,6518.8,0.0,6505.2,0.0,0,0,2017-04-17,34255400,6509.6,1,0,0,0,0,0,0,0,0,6513.8,1,0,0,0,0,0,0,0,0
114,2017-04-17,09:30:55,900,IC1704,CCFX,6509.6,6493.6,6512.2,336,436996280,18026,18249,7173.2,5869.2,6521.2,6518.8,0.0,6505.2,0.0,0,0,2017-04-17,34255900,6510.2,4,0,0,0,0,0,0,0,0,6513.2,1,0,0,0,0,0,0,0,0
115,2017-04-17,09:30:56,400,IC1704,CCFX,6509.6,6493.6,6512.2,336,436996280,18026,18249,7173.2,5869.2,6521.2,6518.8,0.0,6505.2,0.0,0,0,2017-04-17,34256400,6510.4,1,0,0,0,0,0,0,0,0,6513.0,2,0,0,0,0,0,0,0,0
116,2017-04-17,09:30:56,900,IC1704,CCFX,6509.6,6493.6,6512.2,336,436996280,18026,18249,7173.2,5869.2,6521.2,6518.8,0.0,6505.2,0.0,0,0,2017-04-17,34256900,6511.0,6,0,0,0,0,0,0,0,0,6513.0,2,0,0,0,0,0,0,0,0
117,2017-04-17,09:30:57,400,IC1704,CCFX,6509.6,6493.6,6512.2,339,440902040,18023,18249,7173.2,5869.2,6521.2,6518.8,0.0,6505.2,0.0,0,0,2017-04-17,34257400,6511.0,3,0,0,0,0,0,0,0,0,6512.8,1,0,0,0,0,0,0,0,0
118,2017-04-17,09:30:57,900,IC1704,CCFX,6512.8,6493.6,6512.8,340,442204600,18023,18249,7173.2,5869.2,6521.2,6518.8,0.0,6505.2,0.0,0,0,2017-04-17,34257900,6511.0,3,0,0,0,0,0,0,0,0,6512.8,1,0,0,0,0,0,0,0,0
119,2017-04-17,09:30:58,400,IC1704,CCFX,6511.0,6493.6,6512.8,342,444809000,18021,18249,7173.2,5869.2,6521.2,6518.8,0.0,6505.2,0.0,0,0,2017-04-17,34258400,6511.0,1,0,0,0,0,0,0,0,0,6512.8,1,0,0,0,0,0,0,0,0
120,2017-04-17,09:30:58,900,IC1704,CCFX,6512.8,6493.6,6512.8,343,446111560,18020,18249,7173.2,5869.2,6521.2,6518.8,0.0,6505.2,0.0,0,0,2017-04-17,34258900,6512.8,3,0,0,0,0,0,0,0,0,6513.2,4,0,0,0,0,0,0,0,0
121,2017-04-17,09:30:59,400,IC1704,CCFX,6513.2,6493.6,6513.2,348,452624520,18015,18249,7173.2,5869.2,6521.2,6518.8,0.0,6505.2,0.0,0,0,2017-04-17,34259400,6511.6,3,0,0,0,0,0,0,0,0,6513.2,2,0,0,0,0,0,0,0,0
122,2017-04-17,09:30:59,900,IC1704,CCFX,6512.2,6493.6,6513.2,349,453926960,18014,18249,7173.2,5869.2,6521.2,6518.8,0.0,6505.2,0.0,0,0,2017-04-17,34259900,6512.2,1,0,0,0,0,0,0,0,0,6513.2,2,0,0,0,0,0,0,0,0
123,2017-04-17,09:31:00,400,IC1704,CCFX,6513.2,6493.6,6513.2,351,456532240,18014,18249,7173.2,5869.2,6521.2,6518.8,0.0,6505.2,0.0,0,0,2017-04-17,34260400,6513.2,1,0,0,0,0,0,0,0,0,6513.6,1,0,0,0,0,0,0,0,0
124,2017-04-17,09:31:00,900,IC1704,CCFX,6513.8,6493.6,6513.8,356,463045720,18010,18249,7173.2,5869.2,6521.2,6518.8,0.0,6505.2,0.0,0,0,2017-04-17,34260900,6514.0,1,0,0,0,0,0,0,0,0,6515.0,4,0,0,0,0,0,0,0,0
125,2017-04-17,09:31:01,400,IC1704,CCFX,6514.4,6493.6,6514.8,361,469560120,18005,18249,7173.2,5869.2,6521.2,6518.8,0.0,6505.2,0.0,0,0,2017-04-17,34261400,6513.4,1,0,0,0,0,0,0,0,0,6514.0,1,0,0,0,0,0,0,0,0
126,2017-04-17,09:31:01,900,IC1704,CCFX,6513.4,6493.6,6515.0,365,474771400,18003,18249,7173.2,5869.2,6521.2,6518.8,0.0,6505.2,0.0,0,0,2017-04-17,34261900,6512.2,1,0,0,0,0,0,0,0,0,6515.0,3,0,0,0,0,0,0,0,0
127,2017-04-17,09:31:02,400,IC1704,CCFX,6513.4,6493.6,6515.0,365,474771400,18003,18249,7173.2,5869.2,6521.2,6518.8,0.0,6505.2,0.0,0,0,2017-04-17,34262400,6514.4,1,0,0,0,0,0,0,0,0,6514.6,1,0,0,0,0,0,0,0,0
128,2017-04-17,09:31:02,900,IC1704,CCFX,6512.8,6493.6,6515.0,369,479982200,17999,18249,7173.2,5869.2,6521.2,6518.8,0.0,6505.2,0.0,0,0,2017-04-17,34262900,6512.2,1,0,0,0,0,0,0,0,0,6514.4,1,0,0,0,0,0,0,0,0
129,2017-04-17,09:31:03,400,IC1704,CCFX,6514.4,6493.6,6515.0,371,482587960,17997,18249,7173.2,5869.2,6521.2,6518.8,0.0,6505.2,0.0,0,0,2017-04-17,34263400,6514.4,1,0,0,0,0,0,0,0,0,6514.6,1,0,0,0,0,0,0,0,0
130,2017-04-17,09:31:03,900,IC1704,CCFX,6515.0,6493.6,6515.0,377,490405760,17991,18249,7173.2,5869.2,6521.2,6518.8,0.0,6505.2,0.0,0,0,2017-04-17,34263900,6514.6,1,0,0,0,0,0,0,0,0,6516.0,5,0,0,0,0,0,0,0,0
131,2017-04-17,09:31:04,400,IC1704,CCFX,6514.6,6493.6,6515.0,378,491708680,17990,18249,7173.2,5869.2,6521.2,6518.8,0.0,6505.2,0.0,0,0,2017-04-17,34264400,6512.2,1,0,0,0,0,0,0,0,0,6512.6,1,0,0,0,0,0,0,0,0
132,2017-04-17,09:31:04,900,IC1704,CCFX,6512.6,6493.6,6516.0,382,496919440,17987,18249,7173.2,5869.2,6521.2,6518.8,0.0,6505.2,0.0,0,0,2017-04-17,34264900,6512.6,1,0,0,0,0,0,0,0,0,6516.0,4,0,0,0,0,0,0,0,0
133,2017-04-17,09:31:05,400,IC1704,CCFX,6513.0,6493.6,6516.0,383,498222040,17986,18249,7173.2,5869.2,6521.2,6518.8,0.0,6505.2,0.0,0,0,2017-04-17,34265400,6512.8,1,0,0,0,0,0,0,0,0,6513.0,2,0,0,0,0,0,0,0,0
134,2017-04-17,09:31:05,900,IC1704,CCFX,6513.2,6493.6,6516.0,388,504735080,17981,18249,7173.2,5869.2,6521.2,6518.8,0.0,6505.2,0.0,0,0,2017-04-17,34265900,6513.0,1,0,0,0,0,0,0,0,0,6516.0,4,0,0,0,0,0,0,0,0
135,2017-04-17,09:31:06,400,IC1704,CCFX,6513.2,6493.6,6516.0,388,504735080,17981,18249,7173.2,5869.2,6521.2,6518.8,0.0,6505.2,0.0,0,0,2017-04-17,34266400,6513.2,1,0,0,0,0,0,0,0,0,6516.0,4,0,0,0,0,0,0,0,0
136,2017-04-17,09:31:06,900,IC1704,CCFX,6513.0,6493.6,6516.0,394,512550880,17982,18249,7173.2,5869.2,6521.2,6518.8,0.0,6505.2,0.0,0,0,2017-04-17,34266900,6513.0,1,0,0,0,0,0,0,0,0,6515.4,1,0,0,0,0,0,0,0,0
137,2017-04-17,09:31:07,400,IC1704,CCFX,6511.0,6493.6,6516.0,398,517760320,17981,18249,7173.2,5869.2,6521.2,6518.8,0.0,6505.2,0.0,0,0,2017-04-17,34267400,6510.0,1,0,0,0,0,0,0,0,0,6511.0,1,0,0,0,0,0,0,0,0
138,2017-04-17,09:31:07,900,IC1704,CCFX,6511.0,6493.6,6516.0,400,520364720,17979,18249,7173.2,5869.2,6521.2,6518.8,0.0,6505.2,0.0,0,0,2017-04-17,34267900,6511.4,1,0,0,0,0,0,0,0,0,6515.0,2,0,0,0,0,0,0,0,0
139,2017-04-17,09:31:08,400,IC1704,CCFX,6511.0,6493.6,6516.0,400,520364720,17979,18249,7173.2,5869.2,6521.2,6518.8,0.0,6505.2,0.0,0,0,2017-04-17,34268400,6511.6,1,0,0,0,0,0,0,0,0,6512.2,2,0,0,0,0,0,0,0,0
140,2017-04-17,09:31:08,900,IC1704,CCFX,6509.8,6493.6,6516.0,404,525573120,17976,18249,7173.2,5869.2,6521.2,6518.8,0.0,6505.2,0.0,0,0,2017-04-17,34268900,6509.0,10,0,0,0,0,0,0,0,0,6510.6,1,0,0,0,0,0,0,0,0
141,2017-04-17,09:31:09,400,IC1704,CCFX,6509.0,6493.6,6516.0,410,533384080,17971,18249,7173.2,5869.2,6521.2,6518.8,0.0,6505.2,0.0,0,0,2017-04-17,34269400,6509.2,1,0,0,0,0,0,0,0,0,6510.4,1,0,0,0,0,0,0,0,0
142,2017-04-17,09:31:09,900,IC1704,CCFX,6509.0,6493.6,6516.0,414,538591320,17967,18249,7173.2,5869.2,6521.2,6518.8,0.0,6505.2,0.0,0,0,2017-04-17,34269900,6509.0,2,0,0,0,0,0,0,0,0,6510.2,1,0,0,0,0,0,0,0,0
143,2017-04-17,09:31:10,400,IC1704,CCFX,6504.4,6493.6,6516.0,417,542495800,17964,18249,7173.2,5869.2,6521.2,6518.8,0.0,6505.2,0.0,0,0,2017-04-17,34270400,6504.4,1,0,0,0,0,0,0,0,0,6507.0,2,0,0,0,0,0,0,0,0
144,2017-04-17,09:31:10,900,IC1704,CCFX,6504.4,6493.6,6516.0,417,542495800,17964,18249,7173.2,5869.2,6521.2,6518.8,0.0,6505.2,0.0,0,0,2017-04-17,34270900,6505.2,1,0,0,0,0,0,0,0,0,6505.8,1,0,0,0,0,0,0,0,0
145,2017-04-17,09:31:11,400,IC1704,CCFX,6505.8,6493.6,6516.0,420,546399280,17961,18249,7173.2,5869.2,6521.2,6518.8,0.0,6505.2,0.0,0,0,2017-04-17,34271400,6505.2,1,0,0,0,0,0,0,0,0,6506.8,1,0,0,0,0,0,0,0,0
146,2017-04-17,09:31:11,900,IC1704,CCFX,6505.8,6493.6,6516.0,420,546399280,17961,18249,7173.2,5869.2,6521.2,6518.8,0.0,6505.2,0.0,0,0,2017-04-17,34271900,6503.4,1,0,0,0,0,0,0,0,0,6504.8,2,0,0,0,0,0,0,0,0
147,2017-04-17,09:31:12,400,IC1704,CCFX,6504.8,6493.6,6516.0,422,549001200,17959,18249,7173.2,5869.2,6521.2,6518.8,0.0,6505.2,0.0,0,0,2017-04-17,34272400,6503.6,1,0,0,0,0,0,0,0,0,6506.8,1,0,0,0,0,0,0,0,0
148,2017-04-17,09:31:12,900,IC1704,CCFX,6504.8,6493.6,6516.0,422,549001200,17959,18249,7173.2,5869.2,6521.2,6518.8,0.0,6505.2,0.0,0,0,2017-04-17,34272900,6504.4,1,0,0,0,0,0,0,0,0,6505.2,2,0,0,0,0,0,0,0,0
149,2017-04-17,09:31:13,400,IC1704,CCFX,6504.8,6493.6,6516.0,422,549001200,17959,18249,7173.2,5869.2,6521.2,6518.8,0.0,6505.2,0.0,0,0,2017-04-17,34273400,6504.4,1,0,0,0,0,0,0,0,0,6505.2,3,0,0,0,0,0,0,0,0
150,2017-04-17,09:31:14,400,IC1704,CCFX,6504.8,6493.6,6516.0,422,549001200,17959,18249,7173.2,5869.2,6521.2,6518.8,0.0,6505.2,0.0,0,0,2017-04-17,34274400,6504.8,1,0,0,0,0,0,0,0,0,6505.2,3,0,0,0,0,0,0,0,0
151,2017-04-17,09:31:14,900,IC1704,CCFX,6504.8,6493.6,6516.0,423,550302160,17958,18249,7173.2,5869.2,6521.2,6518.8,0.0,6505.2,0.0,0,0,2017-04-17,34274900,6504.4,1,0,0,0,0,0,0,0,0,6505.2,3,0,0,0,0,0,0,0,0
152,2017-04-17,09:31:15,400,IC1704,CCFX,6504.8,6493.6,6516.0,423,550302160,17958,18249,7173.2,5869.2,6521.2,6518.8,0.0,6505.2,0.0,0,0,2017-04-17,34275400,6504.4,1,0,0,0,0,0,0,0,0,6505.2,3,0,0,0,0,0,0,0,0
153,2017-04-17,09:31:15,900,IC1704,CCFX,6504.4,6493.6,6516.0,424,551603040,17958,18249,7173.2,5869.2,6521.2,6518.8,0.0,6505.2,0.0,0,0,2017-04-17,34275900,6503.6,1,0,0,0,0,0,0,0,0,6504.8,2,0,0,0,0,0,0,0,0
154,2017-04-17,09:31:16,400,IC1704,CCFX,6503.0,6493.6,6516.0,426,554204360,17956,18249,7173.2,5869.2,6521.2,6518.8,0.0,6505.2,0.0,0,0,2017-04-17,34276400,6503.0,1,0,0,0,0,0,0,0,0,6504.8,2,0,0,0,0,0,0,0,0
155,2017-04-17,09:31:16,900,IC1704,CCFX,6503.0,6493.6,6516.0,426,554204360,17956,18249,7173.2,5869.2,6521.2,6518.8,0.0,6505.2,0.0,0,0,2017-04-17,34276900,6503.2,1,0,0,0,0,0,0,0,0,6504.6,1,0,0,0,0,0,0,0,0
156,2017-04-17,09:31:17,400,IC1704,CCFX,6503.0,6493.6,6516.0,426,554204360,17956,18249,7173.2,5869.2,6521.2,6518.8,0.0,6505.2,0.0,0,0,2017-04-17,34277400,6503.2,1,0,0,0,0,0,0,0,0,6504.8,2,0,0,0,0,0,0,0,0
157,2017-04-17,09:31:18,400,IC1704,CCFX,6505.2,6493.6,6516.0,431,560709400,17954,18249,7173.2,5869.2,6521.2,6518.8,0.0,6505.2,0.0,0,0,2017-04-17,34278400,6506.8,1,0,0,0,0,0,0,0,0,6507.0,2,0,0,0,0,0,0,0,0
158,2017-04-17,09:31:18,900,IC1704,CCFX,6506.8,6493.6,6516.0,433,563312120,17952,18249,7173.2,5869.2,6521.2,6518.8,0.0,6505.2,0.0,0,0,2017-04-17,34278900,6505.2,12,0,0,0,0,0,0,0,0,6506.8,1,0,0,0,0,0,0,0,0
159,2017-04-17,09:31:19,400,IC1704,CCFX,6507.0,6493.6,6516.0,435,565914880,17950,18249,7173.2,5869.2,6521.2,6518.8,0.0,6505.2,0.0,0,0,2017-04-17,34279400,6506.8,1,0,0,0,0,0,0,0,0,6507.0,1,0,0,0,0,0,0,0,0
160,2017-04-17,09:31:19,900,IC1704,CCFX,6506.8,6493.6,6516.0,436,567216240,17949,18249,7173.2,5869.2,6521.2,6518.8,0.0,6505.2,0.0,0,0,2017-04-17,34279900,6505.2,12,0,0,0,0,0,0,0,0,6507.0,1,0,0,0,0,0,0,0,0
161,2017-04-17,09:31:20,400,IC1704,CCFX,6506.8,6493.6,6516.0,436,567216240,17949,18249,7173.2,5869.2,6521.2,6518.8,0.0,6505.2,0.0,0,0,2017-04-17,34280400,6505.2,12,0,0,0,0,0,0,0,0,6506.8,1,0,0,0,0,0,0,0,0
162,2017-04-17,09:31:20,900,IC1704,CCFX,6506.8,6493.6,6516.0,436,567216240,17949,18249,7173.2,5869.2,6521.2,6518.8,0.0,6505.2,0.0,0,0,2017-04-17,34280900,6505.2,12,0,0,0,0,0,0,0,0,6506.6,1,0,0,0,0,0,0,0,0
163,2017-04-17,09:31:21,400,IC1704,CCFX,6506.8,6493.6,6516.0,436,567216240,17949,18249,7173.2,5869.2,6521.2,6518.8,0.0,6505.2,0.0,0,0,2017-04-17,34281400,6505.4,1,0,0,0,0,0,0,0,0,6506.6,1,0,0,0,0,0,0,0,0
164,2017-04-17,09:31:21,900,IC1704,CCFX,6505.2,6493.6,6516.0,439,571119480,17946,18249,7173.2,5869.2,6521.2,6518.8,0.0,6505.2,0.0,0,0,2017-04-17,34281900,6505.2,11,0,0,0,0,0,0,0,0,6506.6,1,0,0,0,0,0,0,0,0
165,2017-04-17,09:31:22,400,IC1704,CCFX,6505.2,6493.6,6516.0,439,571119480,17946,18249,7173.2,5869.2,6521.2,6518.8,0.0,6505.2,0.0,0,0,2017-04-17,34282400,6505.2,11,0,0,0,0,0,0,0,0,6506.6,1,0,0,0,0,0,0,0,0
166,2017-04-17,09:31:22,900,IC1704,CCFX,6506.8,6493.6,6516.0,442,575023200,17944,18249,7173.2,5869.2,6521.2,6518.8,0.0,6505.2,0.0,0,0,2017-04-17,34282900,6505.2,10,0,0,0,0,0,0,0,0,6506.8,3,0,0,0,0,0,0,0,0
167,2017-04-17,09:31:23,400,IC1704,CCFX,6505.2,6493.6,6516.0,445,578926960,17941,18249,7173.2,5869.2,6521.2,6518.8,0.0,6505.2,0.0,0,0,2017-04-17,34283400,6505.2,9,0,0,0,0,0,0,0,0,6506.8,1,0,0,0,0,0,0,0,0
168,2017-04-17,09:31:23,900,IC1704,CCFX,6505.2,6493.6,6516.0,445,578926960,17941,18249,7173.2,5869.2,6521.2,6518.8,0.0,6505.2,0.0,0,0,2017-04-17,34283900,6506.0,1,0,0,0,0,0,0,0,0,6506.8,1,0,0,0,0,0,0,0,0
169,2017-04-17,09:31:24,400,IC1704,CCFX,6506.8,6493.6,6516.0,446,580228320,17940,18249,7173.2,5869.2,6521.2,6518.8,0.0,6505.2,0.0,0,0,2017-04-17,34284400,6506.0,1,0,0,0,0,0,0,0,0,6507.0,1,0,0,0,0,0,0,0,0
170,2017-04-17,09:31:24,900,IC1704,CCFX,6507.0,6493.6,6516.0,448,582830960,17939,18249,7173.2,5869.2,6521.2,6518.8,0.0,6505.2,0.0,0,0,2017-04-17,34284900,6506.0,1,0,0,0,0,0,0,0,0,6507.2,3,0,0,0,0,0,0,0,0
171,2017-04-17,09:31:25,400,IC1704,CCFX,6507.0,6493.6,6516.0,448,582830960,17939,18249,7173.2,5869.2,6521.2,6518.8,0.0,6505.2,0.0,0,0,2017-04-17,34285400,6506.8,3,0,0,0,0,0,0,0,0,6507.2,3,0,0,0,0,0,0,0,0
172,2017-04-17,09:31:25,900,IC1704,CCFX,6506.8,6493.6,6516.0,450,585433760,17938,18249,7173.2,5869.2,6521.2,6518.8,0.0,6505.2,0.0,0,0,2017-04-17,34285900,6506.8,2,0,0,0,0,0,0,0,0,6507.2,2,0,0,0,0,0,0,0,0
173,2017-04-17,09:31:26,400,IC1704,CCFX,6506.8,6493.6,6516.0,452,588036480,17937,18249,7173.2,5869.2,6521.2,6518.8,0.0,6505.2,0.0,0,0,2017-04-17,34286400,6506.0,1,0,0,0,0,0,0,0,0,6507.2,2,0,0,0,0,0,0,0,0
174,2017-04-17,09:31:26,900,IC1704,CCFX,6506.8,6493.6,6516.0,452,588036480,17937,18249,7173.2,5869.2,6521.2,6518.8,0.0,6505.2,0.0,0,0,2017-04-17,34286900,6506.0,1,0,0,0,0,0,0,0,0,6506.8,2,0,0,0,0,0,0,0,0
175,2017-04-17,09:31:27,400,IC1704,CCFX,6505.2,6493.6,6516.0,455,591940080,17934,18249,7173.2,5869.2,6521.2,6518.8,0.0,6505.2,0.0,0,0,2017-04-17,34287400,6505.2,8,0,0,0,0,0,0,0,0,6506.8,1,0,0,0,0,0,0,0,0
176,2017-04-17,09:31:27,900,IC1704,CCFX,6505.2,6493.6,6516.0,455,591940080,17934,18249,7173.2,5869.2,6521.2,6518.8,0.0,6505.2,0.0,0,0,2017-04-17,34287900,6505.2,8,0,0,0,0,0,0,0,0,6506.8,3,0,0,0,0,0,0,0,0
177,2017-04-17,09:31:28,400,IC1704,CCFX,6505.2,6493.6,6516.0,458,595843840,17931,18249,7173.2,5869.2,6521.2,6518.8,0.0,6505.2,0.0,0,0,2017-04-17,34288400,6505.2,11,0,0,0,0,0,0,0,0,6506.6,2,0,0,0,0,0,0,0,0
178,2017-04-17,09:31:28,900,IC1704,CCFX,6506.6,6493.6,6516.0,459,597145160,17930,18249,7173.2,5869.2,6521.2,6518.8,0.0,6505.2,0.0,0,0,2017-04-17,34288900,6505.2,13,0,0,0,0,0,0,0,0,6506.4,1,0,0,0,0,0,0,0,0
179,2017-04-17,09:31:29,400,IC1704,CCFX,6506.6,6493.6,6516.0,459,597145160,17930,18249,7173.2,5869.2,6521.2,6518.8,0.0,6505.2,0.0,0,0,2017-04-17,34289400,6505.2,13,0,0,0,0,0,0,0,0,6506.6,1,0,0,0,0,0,0,0,0
180,2017-04-17,09:31:29,900,IC1704,CCFX,6505.2,6493.6,6516.0,461,599747520,17928,18249,7173.2,5869.2,6521.2,6518.8,0.0,6505.2,0.0,0,0,2017-04-17,34289900,6505.2,12,0,0,0,0,0,0,0,0,6506.8,1,0,0,0,0,0,0,0,0
181,2017-04-17,09:31:30,400,IC1704,CCFX,6505.2,6493.6,6516.0,463,602349680,17927,18249,7173.2,5869.2,6521.2,6518.8,0.0,6505.2,0.0,0,0,2017-04-17,34290400,6505.2,11,0,0,0,0,0,0,0,0,6505.6,1,0,0,0,0,0,0,0,0
182,2017-04-17,09:31:30,900,IC1704,CCFX,6505.2,6493.6,6516.0,464,603650720,17926,18249,7173.2,5869.2,6521.2,6518.8,0.0,6505.2,0.0,0,0,2017-04-17,34290900,6505.2,10,0,0,0,0,0,0,0,0,6505.6,1,0,0,0,0,0,0,0,0
183,2017-04-17,09:31:31,400,IC1704,CCFX,6505.2,6493.6,6516.0,467,607553840,17925,18249,7173.2,5869.2,6521.2,6518.8,0.0,6505.2,0.0,0,0,2017-04-17,34291400,6505.2,7,0,0,0,0,0,0,0,0,6505.4,1,0,0,0,0,0,0,0,0
184,2017-04-17,09:31:31,900,IC1704,CCFX,6505.2,6493.6,6516.0,470,611456960,17922,18249,7173.2,5869.2,6521.2,6518.8,0.0,6505.2,0.0,0,0,2017-04-17,34291900,6505.2,4,0,0,0,0,0,0,0,0,6505.4,1,0,0,0,0,0,0,0,0
185,2017-04-17,09:31:32,400,IC1704,CCFX,6505.2,6493.6,6516.0,473,615360080,17919,18249,7173.2,5869.2,6521.2,6518.8,0.0,6505.2,0.0,0,0,2017-04-17,34292400,6505.2,1,0,0,0,0,0,0,0,0,6505.4,1,0,0,0,0,0,0,0,0
186,2017-04-17,09:31:32,900,IC1704,CCFX,6505.2,6493.6,6516.0,474,616661120,17918,18249,7173.2,5869.2,6521.2,6518.8,0.0,6505.2,0.0,0,0,2017-04-17,34292900,6505.0,3,0,0,0,0,0,0,0,0,6505.4,1,0,0,0,0,0,0,0,0
187,2017-04-17,09:31:33,400,IC1704,CCFX,6505.4,6493.6,6516.0,476,619263240,17916,18249,7173.2,5869.2,6521.2,6518.8,0.0,6505.2,0.0,0,0,2017-04-17,34293400,6505.0,3,0,0,0,0,0,0,0,0,6505.6,1,0,0,0,0,0,0,0,0
188,2017-04-17,09:31:33,900,IC1704,CCFX,6505.4,6493.6,6516.0,476,619263240,17916,18249,7173.2,5869.2,6521.2,6518.8,0.0,6505.2,0.0,0,0,2017-04-17,34293900,6505.0,3,0,0,0,0,0,0,0,0,6505.2,1,0,0,0,0,0,0,0,0
189,2017-04-17,09:31:34,400,IC1704,CCFX,6505.0,6493.6,6516.0,477,620564240,17916,18249,7173.2,5869.2,6521.2,6518.8,0.0,6505.2,0.0,0,0,2017-04-17,34294400,6505.0,2,0,0,0,0,0,0,0,0,6505.2,1,0,0,0,0,0,0,0,0
190,2017-04-17,09:31:34,900,IC1704,CCFX,6505.0,6493.6,6516.0,478,621865240,17915,18249,7173.2,5869.2,6521.2,6518.8,0.0,6505.2,0.0,0,0,2017-04-17,34294900,6505.0,1,0,0,0,0,0,0,0,0,6505.2,1,0,0,0,0,0,0,0,0
191,2017-04-17,09:31:35,400,IC1704,CCFX,6505.2,6493.6,6516.0,479,623166280,17914,18249,7173.2,5869.2,6521.2,6518.8,0.0,6505.2,0.0,0,0,2017-04-17,34295400,6505.2,1,0,0,0,0,0,0,0,0,6507.2,2,0,0,0,0,0,0,0,0
192,2017-04-17,09:31:35,900,IC1704,CCFX,6505.2,6493.6,6516.0,479,623166280,17914,18249,7173.2,5869.2,6521.2,6518.8,0.0,6505.2,0.0,0,0,2017-04-17,34295900,6505.2,1,0,0,0,0,0,0,0,0,6507.0,1,0,0,0,0,0,0,0,0
193,2017-04-17,09:31:36,900,IC1704,CCFX,6505.2,6493.6,6516.0,480,624467320,17913,18249,7173.2,5869.2,6521.2,6518.8,0.0,6505.2,0.0,0,0,2017-04-17,34296900,6505.0,1,0,0,0,0,0,0,0,0,6507.0,1,0,0,0,0,0,0,0,0
194,2017-04-17,09:31:37,400,IC1704,CCFX,6505.2,6493.6,6516.0,480,624467320,17913,18249,7173.2,5869.2,6521.2,6518.8,0.0,6505.2,0.0,0,0,2017-04-17,34297400,6505.0,1,0,0,0,0,0,0,0,0,6506.0,1,0,0,0,0,0,0,0,0
195,2017-04-17,09:31:38,400,IC1704,CCFX,6505.0,6493.6,6516.0,481,625768320,17913,18249,7173.2,5869.2,6521.2,6518.8,0.0,6505.2,0.0,0,0,2017-04-17,34298400,6504.8,2,0,0,0,0,0,0,0,0,6506.0,1,0,0,0,0,0,0,0,0
196,2017-04-17,09:31:40,400,IC1704,CCFX,6505.0,6493.6,6516.0,481,625768320,17913,18249,7173.2,5869.2,6521.2,6518.8,0.0,6505.2,0.0,0,0,2017-04-17,34300400,6504.8,2,0,0,0,0,0,0,0,0,6506.0,1,0,0,0,0,0,0,0,0
197,2017-04-17,09:31:40,900,IC1704,CCFX,6505.0,6493.6,6516.0,481,625768320,17913,18249,7173.2,5869.2,6521.2,6518.8,0.0,6505.2,0.0,0,0,2017-04-17,34300900,6504.8,2,0,0,0,0,0,0,0,0,6505.2,1,0,0,0,0,0,0,0,0
198,2017-04-17,09:31:41,400,IC1704,CCFX,6505.2,6493.6,6516.0,482,627069360,17912,18249,7173.2,5869.2,6521.2,6518.8,0.0,6505.2,0.0,0,0,2017-04-17,34301400,6504.8,2,0,0,0,0,0,0,0,0,6505.8,2,0,0,0,0,0,0,0,0
199,2017-04-17,09:31:41,900,IC1704,CCFX,6505.2,6493.6,6516.0,482,627069360,17912,18249,7173.2,5869.2,6521.2,6518.8,0.0,6505.2,0.0,0,0,2017-04-17,34301900,6504.8,2,0,0,0,0,0,0,0,0,6505.8,2,0,0,0,0,0,0,0,0
200,2017-04-17,09:31:42,400,IC1704,CCFX,6504.8,6493.6,6516.0,483,628370320,17912,18249,7173.2,5869.2,6521.2,6518.8,0.0,6505.2,0.0,0,0,2017-04-17,34302400,6504.8,1,0,0,0,0,0,0,0,0,6505.8,2,0,0,0,0,0,0,0,0
201,2017-04-17,09:31:42,900,IC1704,CCFX,6504.8,6493.6,6516.0,483,628370320,17912,18249,7173.2,5869.2,6521.2,6518.8,0.0,6505.2,0.0,0,0,2017-04-17,34302900,6504.8,1,0,0,0,0,0,0,0,0,6505.0,1,0,0,0,0,0,0,0,0
202,2017-04-17,09:31:43,400,IC1704,CCFX,6505.0,6493.6,6516.0,484,629671320,17911,18249,7173.2,5869.2,6521.2,6518.8,0.0,6505.2,0.0,0,0,2017-04-17,34303400,6504.8,1,0,0,0,0,0,0,0,0,6505.6,1,0,0,0,0,0,0,0,0
203,2017-04-17,09:31:43,900,IC1704,CCFX,6505.6,6493.6,6516.0,485,630972440,17910,18249,7173.2,5869.2,6521.2,6518.8,0.0,6505.2,0.0,0,0,2017-04-17,34303900,6504.8,1,0,0,0,0,0,0,0,0,6505.8,2,0,0,0,0,0,0,0,0
204,2017-04-17,09:31:44,900,IC1704,CCFX,6504.8,6493.6,6516.0,486,632273400,17910,18249,7173.2,5869.2,6521.2,6518.8,0.0,6505.2,0.0,0,0,2017-04-17,34304900,6504.4,1,0,0,0,0,0,0,0,0,6505.8,2,0,0,0,0,0,0,0,0
205,2017-04-17,09:31:46,400,IC1704,CCFX,6504.8,6493.6,6516.0,486,632273400,17910,18249,7173.2,5869.2,6521.2,6518.8,0.0,6505.2,0.0,0,0,2017-04-17,34306400,6504.4,1,0,0,0,0,0,0,0,0,6505.8,2,0,0,0,0,0,0,0,0
206,2017-04-17,09:31:46,900,IC1704,CCFX,6505.8,6493.6,6516.0,487,633574560,17909,18249,7173.2,5869.2,6521.2,6518.8,0.0,6505.2,0.0,0,0,2017-04-17,34306900,6504.4,1,0,0,0,0,0,0,0,0,6505.8,1,0,0,0,0,0,0,0,0
207,2017-04-17,09:31:47,400,IC1704,CCFX,6504.4,6493.6,6516.0,488,634875440,17908,18249,7173.2,5869.2,6521.2,6518.8,0.0,6505.2,0.0,0,0,2017-04-17,34307400,6503.0,1,0,0,0,0,0,0,0,0,6505.8,1,0,0,0,0,0,0,0,0
208,2017-04-17,09:31:47,900,IC1704,CCFX,6504.4,6493.6,6516.0,488,634875440,17908,18249,7173.2,5869.2,6521.2,6518.8,0.0,6505.2,0.0,0,0,2017-04-17,34307900,6503.6,1,0,0,0,0,0,0,0,0,6504.4,4,0,0,0,0,0,0,0,0
209,2017-04-17,09:31:48,400,IC1704,CCFX,6504.4,6493.6,6516.0,488,634875440,17908,18249,7173.2,5869.2,6521.2,6518.8,0.0,6505.2,0.0,0,0,2017-04-17,34308400,6503.6,1,0,0,0,0,0,0,0,0,6504.4,4,0,0,0,0,0,0,0,0
210,2017-04-17,09:31:48,900,IC1704,CCFX,6504.4,6493.6,6516.0,490,637477200,17906,18249,7173.2,5869.2,6521.2,6518.8,0.0,6505.2,0.0,0,0,2017-04-17,34308900,6503.6,1,0,0,0,0,0,0,0,0,6504.4,5,0,0,0,0,0,0,0,0
211,2017-04-17,09:31:49,400,IC1704,CCFX,6504.4,6493.6,6516.0,490,637477200,17906,18249,7173.2,5869.2,6521.2,6518.8,0.0,6505.2,0.0,0,0,2017-04-17,34309400,6503.6,1,0,0,0,0,0,0,0,0,6504.4,5,0,0,0,0,0,0,0,0
212,2017-04-17,09:31:49,900,IC1704,CCFX,6503.6,6493.6,6516.0,491,638777920,17905,18249,7173.2,5869.2,6521.2,6518.8,0.0,6505.2,0.0,0,0,2017-04-17,34309900,6503.0,1,0,0,0,0,0,0,0,0,6504.4,5,0,0,0,0,0,0,0,0
213,2017-04-17,09:31:50,400,IC1704,CCFX,6503.6,6493.6,6516.0,491,638777920,17905,18249,7173.2,5869.2,6521.2,6518.8,0.0,6505.2,0.0,0,0,2017-04-17,34310400,6503.0,1,0,0,0,0,0,0,0,0,6504.2,1,0,0,0,0,0,0,0,0
214,2017-04-17,09:31:51,900,IC1704,CCFX,6505.8,6493.6,6516.0,501,651787720,17899,18249,7173.2,5869.2,6521.2,6518.8,0.0,6505.2,0.0,0,0,2017-04-17,34311900,6505.8,5,0,0,0,0,0,0,0,0,6506.0,1,0,0,0,0,0,0,0,0
215,2017-04-17,09:31:52,400,IC1704,CCFX,6506.8,6493.6,6516.0,503,654390280,17897,18249,7173.2,5869.2,6521.2,6518.8,0.0,6505.2,0.0,0,0,2017-04-17,34312400,6505.8,5,0,0,0,0,0,0,0,0,6507.2,2,0,0,0,0,0,0,0,0
216,2017-04-17,09:31:52,900,IC1704,CCFX,6505.8,6493.6,6516.0,504,655691440,17896,18249,7173.2,5869.2,6521.2,6518.8,0.0,6505.2,0.0,0,0,2017-04-17,34312900,6505.8,4,0,0,0,0,0,0,0,0,6507.2,2,0,0,0,0,0,0,0,0
217,2017-04-17,09:31:53,400,IC1704,CCFX,6505.8,6493.6,6516.0,504,655691440,17896,18249,7173.2,5869.2,6521.2,6518.8,0.0,6505.2,0.0,0,0,2017-04-17,34313400,6505.8,4,0,0,0,0,0,0,0,0,6507.2,2,0,0,0,0,0,0,0,0
218,2017-04-17,09:31:53,900,IC1704,CCFX,6505.8,6493.6,6516.0,504,655691440,17896,18249,7173.2,5869.2,6521.2,6518.8,0.0,6505.2,0.0,0,0,2017-04-17,34313900,6506.0,1,0,0,0,0,0,0,0,0,6507.2,2,0,0,0,0,0,0,0,0
219,2017-04-17,09:31:54,400,IC1704,CCFX,6505.8,6493.6,6516.0,504,655691440,17896,18249,7173.2,5869.2,6521.2,6518.8,0.0,6505.2,0.0,0,0,2017-04-17,34314400,6506.0,1,0,0,0,0,0,0,0,0,6507.2,2,0,0,0,0,0,0,0,0
220,2017-04-17,09:31:54,900,IC1704,CCFX,6505.8,6493.6,6516.0,504,655691440,17896,18249,7173.2,5869.2,6521.2,6518.8,0.0,6505.2,0.0,0,0,2017-04-17,34314900,6506.0,1,0,0,0,0,0,0,0,0,6507.2,2,0,0,0,0,0,0,0,0
221,2017-04-17,09:31:55,400,IC1704,CCFX,6505.8,6493.6,6516.0,505,656992600,17895,18249,7173.2,5869.2,6521.2,6518.8,0.0,6505.2,0.0,0,0,2017-04-17,34315400,6505.8,4,0,0,0,0,0,0,0,0,6507.2,2,0,0,0,0,0,0,0,0
222,2017-04-17,09:31:55,900,IC1704,CCFX,6505.8,6493.6,6516.0,505,656992600,17895,18249,7173.2,5869.2,6521.2,6518.8,0.0,6505.2,0.0,0,0,2017-04-17,34315900,6506.4,2,0,0,0,0,0,0,0,0,6507.2,2,0,0,0,0,0,0,0,0
223,2017-04-17,09:31:56,400,IC1704,CCFX,6505.8,6493.6,6516.0,505,656992600,17895,18249,7173.2,5869.2,6521.2,6518.8,0.0,6505.2,0.0,0,0,2017-04-17,34316400,6506.4,2,0,0,0,0,0,0,0,0,6506.8,1,0,0,0,0,0,0,0,0
224,2017-04-17,09:31:56,900,IC1704,CCFX,6505.8,6493.6,6516.0,505,656992600,17895,18249,7173.2,5869.2,6521.2,6518.8,0.0,6505.2,0.0,0,0,2017-04-17,34316900,6506.4,2,0,0,0,0,0,0,0,0,6506.8,1,0,0,0,0,0,0,0,0
225,2017-04-17,09:31:57,900,IC1704,CCFX,6506.4,6493.6,6516.0,506,658293880,17894,18249,7173.2,5869.2,6521.2,6518.8,0.0,6505.2,0.0,0,0,2017-04-17,34317900,6506.4,1,0,0,0,0,0,0,0,0,6506.8,1,0,0,0,0,0,0,0,0
226,2017-04-17,09:31:58,400,IC1704,CCFX,6506.4,6493.6,6516.0,506,658293880,17894,18249,7173.2,5869.2,6521.2,6518.8,0.0,6505.2,0.0,0,0,2017-04-17,34318400,6506.4,1,0,0,0,0,0,0,0,0,6506.8,1,0,0,0,0,0,0,0,0
227,2017-04-17,09:31:58,900,IC1704,CCFX,6506.4,6493.6,6516.0,507,659595160,17893,18249,7173.2,5869.2,6521.2,6518.8,0.0,6505.2,0.0,0,0,2017-04-17,34318900,6506.0,1,0,0,0,0,0,0,0,0,6506.8,1,0,0,0,0,0,0,0,0
228,2017-04-17,09:32:00,400,IC1704,CCFX,6506.0,6493.6,6516.0,508,660896360,17892,18249,7173.2,5869.2,6521.2,6518.8,0.0,6505.2,0.0,0,0,2017-04-17,34320400,6505.8,4,0,0,0,0,0,0,0,0,6506.0,1,0,0,0,0,0,0,0,0
229,2017-04-17,09:32:00,900,IC1704,CCFX,6506.0,6493.6,6516.0,510,663498720,17891,18249,7173.2,5869.2,6521.2,6518.8,0.0,6505.2,0.0,0,0,2017-04-17,34320900,6506.0,1,0,0,0,0,0,0,0,0,6506.8,1,0,0,0,0,0,0,0,0
230,2017-04-17,09:32:01,400,IC1704,CCFX,6506.0,6493.6,6516.0,510,663498720,17891,18249,7173.2,5869.2,6521.2,6518.8,0.0,6505.2,0.0,0,0,2017-04-17,34321400,6506.0,2,0,0,0,0,0,0,0,0,6506.8,1,0,0,0,0,0,0,0,0
231,2017-04-17,09:32:01,900,IC1704,CCFX,6506.0,6493.6,6516.0,510,663498720,17891,18249,7173.2,5869.2,6521.2,6518.8,0.0,6505.2,0.0,0,0,2017-04-17,34321900,6506.0,3,0,0,0,0,0,0,0,0,6506.8,1,0,0,0,0,0,0,0,0
232,2017-04-17,09:32:02,400,IC1704,CCFX,6506.8,6493.6,6516.0,511,664800080,17890,18249,7173.2,5869.2,6521.2,6518.8,0.0,6505.2,0.0,0,0,2017-04-17,34322400,6506.0,3,0,0,0,0,0,0,0,0,6507.0,1,0,0,0,0,0,0,0,0
233,2017-04-17,09:32:02,900,IC1704,CCFX,6506.0,6493.6,6516.0,513,667402480,17889,18249,7173.2,5869.2,6521.2,6518.8,0.0,6505.2,0.0,0,0,2017-04-17,34322900,6506.0,1,0,0,0,0,0,0,0,0,6507.0,1,0,0,0,0,0,0,0,0
234,2017-04-17,09:32:03,400,IC1704,CCFX,6507.0,6493.6,6516.0,514,668703880,17888,18249,7173.2,5869.2,6521.2,6518.8,0.0,6505.2,0.0,0,0,2017-04-17,34323400,6506.0,1,0,0,0,0,0,0,0,0,6507.2,3,0,0,0,0,0,0,0,0
235,2017-04-17,09:32:03,900,IC1704,CCFX,6507.0,6493.6,6516.0,514,668703880,17888,18249,7173.2,5869.2,6521.2,6518.8,0.0,6505.2,0.0,0,0,2017-04-17,34323900,6506.0,2,0,0,0,0,0,0,0,0,6507.2,3,0,0,0,0,0,0,0,0
236,2017-04-17,09:32:04,400,IC1704,CCFX,6507.2,6493.6,6516.0,518,673909160,17886,18249,7173.2,5869.2,6521.2,6518.8,0.0,6505.2,0.0,0,0,2017-04-17,34324400,6505.8,3,0,0,0,0,0,0,0,0,6506.0,1,0,0,0,0,0,0,0,0
237,2017-04-17,09:32:04,900,IC1704,CCFX,6507.2,6493.6,6516.0,519,675210600,17885,18249,7173.2,5869.2,6521.2,6518.8,0.0,6505.2,0.0,0,0,2017-04-17,34324900,6506.0,1,0,0,0,0,0,0,0,0,6507.2,1,0,0,0,0,0,0,0,0
238,2017-04-17,09:32:05,400,IC1704,CCFX,6507.2,6493.6,6516.0,519,675210600,17885,18249,7173.2,5869.2,6521.2,6518.8,0.0,6505.2,0.0,0,0,2017-04-17,34325400,6506.4,1,0,0,0,0,0,0,0,0,6507.0,1,0,0,0,0,0,0,0,0
239,2017-04-17,09:32:05,900,IC1704,CCFX,6506.0,6493.6,6516.0,521,677813080,17884,18249,7173.2,5869.2,6521.2,6518.8,0.0,6505.2,0.0,0,0,2017-04-17,34325900,6505.8,3,0,0,0,0,0,0,0,0,6506.4,1,0,0,0,0,0,0,0,0
240,2017-04-17,09:32:06,400,IC1704,CCFX,6506.0,6493.6,6516.0,521,677813080,17884,18249,7173.2,5869.2,6521.2,6518.8,0.0,6505.2,0.0,0,0,2017-04-17,34326400,6505.8,3,0,0,0,0,0,0,0,0,6506.0,1,0,0,0,0,0,0,0,0
241,2017-04-17,09:32:06,900,IC1704,CCFX,6506.0,6493.6,6516.0,522,679114280,17884,18249,7173.2,5869.2,6521.2,6518.8,0.0,6505.2,0.0,0,0,2017-04-17,34326900,6505.8,3,0,0,0,0,0,0,0,0,6506.4,1,0,0,0,0,0,0,0,0
242,2017-04-17,09:32:07,400,IC1704,CCFX,6506.4,6493.6,6516.0,523,680415560,17883,18249,7173.2,5869.2,6521.2,6518.8,0.0,6505.2,0.0,0,0,2017-04-17,34327400,6505.8,3,0,0,0,0,0,0,0,0,6506.0,5,0,0,0,0,0,0,0,0
243,2017-04-17,09:32:07,900,IC1704,CCFX,6505.8,6493.6,6516.0,524,681716720,17882,18249,7173.2,5869.2,6521.2,6518.8,0.0,6505.2,0.0,0,0,2017-04-17,34327900,6505.8,2,0,0,0,0,0,0,0,0,6506.0,6,0,0,0,0,0,0,0,0
244,2017-04-17,09:32:08,400,IC1704,CCFX,6505.8,6493.6,6516.0,525,683017880,17881,18249,7173.2,5869.2,6521.2,6518.8,0.0,6505.2,0.0,0,0,2017-04-17,34328400,6505.8,1,0,0,0,0,0,0,0,0,6506.0,6,0,0,0,0,0,0,0,0
245,2017-04-17,09:32:08,900,IC1704,CCFX,6506.0,6493.6,6516.0,527,685620240,17880,18249,7173.2,5869.2,6521.2,6518.8,0.0,6505.2,0.0,0,0,2017-04-17,34328900,6502.4,1,0,0,0,0,0,0,0,0,6506.0,5,0,0,0,0,0,0,0,0
246,2017-04-17,09:32:09,400,IC1704,CCFX,6506.0,6493.6,6516.0,530,689523840,17878,18249,7173.2,5869.2,6521.2,6518.8,0.0,6505.2,0.0,0,0,2017-04-17,34329400,6503.4,1,0,0,0,0,0,0,0,0,6506.0,4,0,0,0,0,0,0,0,0
247,2017-04-17,09:32:09,900,IC1704,CCFX,6506.0,6493.6,6516.0,532,692126240,17876,18249,7173.2,5869.2,6521.2,6518.8,0.0,6505.2,0.0,0,0,2017-04-17,34329900,6503.6,4,0,0,0,0,0,0,0,0,6506.0,3,0,0,0,0,0,0,0,0
248,2017-04-17,09:32:10,400,IC1704,CCFX,6506.0,6493.6,6516.0,534,694728640,17874,18249,7173.2,5869.2,6521.2,6518.8,0.0,6505.2,0.0,0,0,2017-04-17,34330400,6503.8,4,0,0,0,0,0,0,0,0,6506.0,1,0,0,0,0,0,0,0,0
249,2017-04-17,09:32:10,900,IC1704,CCFX,6504.2,6493.6,6516.0,536,697330680,17873,18249,7173.2,5869.2,6521.2,6518.8,0.0,6505.2,0.0,0,0,2017-04-17,34330900,6504.0,2,0,0,0,0,0,0,0,0,6506.8,1,0,0,0,0,0,0,0,0
250,2017-04-17,09:32:11,400,IC1704,CCFX,6504.2,6493.6,6516.0,536,697330680,17873,18249,7173.2,5869.2,6521.2,6518.8,0.0,6505.2,0.0,0,0,2017-04-17,34331400,6506.0,1,0,0,0,0,0,0,0,0,6506.8,1,0,0,0,0,0,0,0,0
251,2017-04-17,09:32:11,900,IC1704,CCFX,6506.2,6493.6,6516.0,538,699933280,17872,18249,7173.2,5869.2,6521.2,6518.8,0.0,6505.2,0.0,0,0,2017-04-17,34331900,6506.0,1,0,0,0,0,0,0,0,0,6508.8,1,0,0,0,0,0,0,0,0
252,2017-04-17,09:32:12,400,IC1704,CCFX,6508.8,6493.6,6516.0,539,701235040,17871,18249,7173.2,5869.2,6521.2,6518.8,0.0,6505.2,0.0,0,0,2017-04-17,34332400,6506.8,1,0,0,0,0,0,0,0,0,6509.0,1,0,0,0,0,0,0,0,0
253,2017-04-17,09:32:12,900,IC1704,CCFX,6509.0,6493.6,6516.0,540,702536840,17871,18249,7173.2,5869.2,6521.2,6518.8,0.0,6505.2,0.0,0,0,2017-04-17,34332900,6509.0,5,0,0,0,0,0,0,0,0,6512.2,1,0,0,0,0,0,0,0,0
254,2017-04-17,09:32:13,400,IC1704,CCFX,6512.2,6493.6,6516.0,546,710353160,17866,18249,7173.2,5869.2,6521.2,6518.8,0.0,6505.2,0.0,0,0,2017-04-17,34333400,6512.2,1,0,0,0,0,0,0,0,0,6514.8,2,0,0,0,0,0,0,0,0
255,2017-04-17,09:32:13,900,IC1704,CCFX,6512.2,6493.6,6516.0,546,710353160,17866,18249,7173.2,5869.2,6521.2,6518.8,0.0,6505.2,0.0,0,0,2017-04-17,34333900,6512.4,1,0,0,0,0,0,0,0,0,6514.6,1,0,0,0,0,0,0,0,0
256,2017-04-17,09:32:14,400,IC1704,CCFX,6509.4,6493.6,6516.0,551,716864240,17862,18249,7173.2,5869.2,6521.2,6518.8,0.0,6505.2,0.0,0,0,2017-04-17,34334400,6509.4,1,0,0,0,0,0,0,0,0,6512.0,1,0,0,0,0,0,0,0,0
257,2017-04-17,09:32:14,900,IC1704,CCFX,6509.4,6493.6,6516.0,552,718166120,17861,18249,7173.2,5869.2,6521.2,6518.8,0.0,6505.2,0.0,0,0,2017-04-17,34334900,6509.0,5,0,0,0,0,0,0,0,0,6509.4,1,0,0,0,0,0,0,0,0
258,2017-04-17,09:32:15,400,IC1704,CCFX,6509.2,6493.6,6516.0,554,720769840,17859,18249,7173.2,5869.2,6521.2,6518.8,0.0,6505.2,0.0,0,0,2017-04-17,34335400,6509.0,5,0,0,0,0,0,0,0,0,6512.4,1,0,0,0,0,0,0,0,0
259,2017-04-17,09:32:15,900,IC1704,CCFX,6509.0,6493.6,6516.0,558,725977040,17855,18249,7173.2,5869.2,6521.2,6518.8,0.0,6505.2,0.0,0,0,2017-04-17,34335900,6509.2,1,0,0,0,0,0,0,0,0,6512.2,1,0,0,0,0,0,0,0,0
260,2017-04-17,09:32:16,400,IC1704,CCFX,6509.0,6493.6,6516.0,558,725977040,17855,18249,7173.2,5869.2,6521.2,6518.8,0.0,6505.2,0.0,0,0,2017-04-17,34336400,6509.2,1,0,0,0,0,0,0,0,0,6511.8,1,0,0,0,0,0,0,0,0
261,2017-04-17,09:32:16,900,IC1704,CCFX,6509.0,6493.6,6516.0,558,725977040,17855,18249,7173.2,5869.2,6521.2,6518.8,0.0,6505.2,0.0,0,0,2017-04-17,34336900,6510.0,1,0,0,0,0,0,0,0,0,6511.6,1,0,0,0,0,0,0,0,0
262,2017-04-17,09:32:17,400,IC1704,CCFX,6511.6,6493.6,6516.0,560,728581320,17853,18249,7173.2,5869.2,6521.2,6518.8,0.0,6505.2,0.0,0,0,2017-04-17,34337400,6509.2,1,0,0,0,0,0,0,0,0,6511.8,1,0,0,0,0,0,0,0,0
263,2017-04-17,09:32:17,900,IC1704,CCFX,6509.8,6493.6,6516.0,562,731185120,17851,18249,7173.2,5869.2,6521.2,6518.8,0.0,6505.2,0.0,0,0,2017-04-17,34337900,6507.0,1,0,0,0,0,0,0,0,0,6512.4,5,0,0,0,0,0,0,0,0
264,2017-04-17,09:32:18,400,IC1704,CCFX,6511.8,6493.6,6516.0,565,735090480,17849,18249,7173.2,5869.2,6521.2,6518.8,0.0,6505.2,0.0,0,0,2017-04-17,34338400,6508.8,1,0,0,0,0,0,0,0,0,6511.8,1,0,0,0,0,0,0,0,0
265,2017-04-17,09:32:18,900,IC1704,CCFX,6511.8,6493.6,6516.0,565,735090480,17849,18249,7173.2,5869.2,6521.2,6518.8,0.0,6505.2,0.0,0,0,2017-04-17,34338900,6509.0,1,0,0,0,0,0,0,0,0,6511.4,1,0,0,0,0,0,0,0,0
266,2017-04-17,09:32:19,400,IC1704,CCFX,6511.8,6493.6,6516.0,565,735090480,17849,18249,7173.2,5869.2,6521.2,6518.8,0.0,6505.2,0.0,0,0,2017-04-17,34339400,6510.6,1,0,0,0,0,0,0,0,0,6511.0,1,0,0,0,0,0,0,0,0
267,2017-04-17,09:32:19,900,IC1704,CCFX,6510.6,6493.6,6516.0,567,737694720,17848,18249,7173.2,5869.2,6521.2,6518.8,0.0,6505.2,0.0,0,0,2017-04-17,34339900,6508.8,1,0,0,0,0,0,0,0,0,6511.2,1,0,0,0,0,0,0,0,0
268,2017-04-17,09:32:20,400,IC1704,CCFX,6508.8,6493.6,6516.0,568,738996480,17848,18249,7173.2,5869.2,6521.2,6518.8,0.0,6505.2,0.0,0,0,2017-04-17,34340400,6509.0,1,0,0,0,0,0,0,0,0,6511.2,1,0,0,0,0,0,0,0,0
269,2017-04-17,09:32:20,900,IC1704,CCFX,6509.0,6493.6,6516.0,569,740298280,17847,18249,7173.2,5869.2,6521.2,6518.8,0.0,6505.2,0.0,0,0,2017-04-17,34340900,6507.4,1,0,0,0,0,0,0,0,0,6511.2,1,0,0,0,0,0,0,0,0
270,2017-04-17,09:32:21,400,IC1704,CCFX,6509.0,6493.6,6516.0,569,740298280,17847,18249,7173.2,5869.2,6521.2,6518.8,0.0,6505.2,0.0,0,0,2017-04-17,34341400,6507.4,1,0,0,0,0,0,0,0,0,6510.8,1,0,0,0,0,0,0,0,0
271,2017-04-17,09:32:21,900,IC1704,CCFX,6509.0,6493.6,6516.0,569,740298280,17847,18249,7173.2,5869.2,6521.2,6518.8,0.0,6505.2,0.0,0,0,2017-04-17,34341900,6507.4,1,0,0,0,0,0,0,0,0,6510.6,1,0,0,0,0,0,0,0,0
272,2017-04-17,09:32:22,400,IC1704,CCFX,6510.6,6493.6,6516.0,570,741600400,17846,18249,7173.2,5869.2,6521.2,6518.8,0.0,6505.2,0.0,0,0,2017-04-17,34342400,6510.0,1,0,0,0,0,0,0,0,0,6510.8,1,0,0,0,0,0,0,0,0
273,2017-04-17,09:32:22,900,IC1704,CCFX,6507.4,6493.6,6516.0,572,744203880,17845,18249,7173.2,5869.2,6521.2,6518.8,0.0,6505.2,0.0,0,0,2017-04-17,34342900,6506.0,1,0,0,0,0,0,0,0,0,6510.6,1,0,0,0,0,0,0,0,0
274,2017-04-17,09:32:23,400,IC1704,CCFX,6506.8,6493.6,6516.0,574,746807360,17843,18249,7173.2,5869.2,6521.2,6518.8,0.0,6505.2,0.0,0,0,2017-04-17,34343400,6506.2,3,0,0,0,0,0,0,0,0,6510.2,3,0,0,0,0,0,0,0,0
275,2017-04-17,09:32:23,900,IC1704,CCFX,6509.8,6493.6,6516.0,575,748109320,17842,18249,7173.2,5869.2,6521.2,6518.8,0.0,6505.2,0.0,0,0,2017-04-17,34343900,6508.6,2,0,0,0,0,0,0,0,0,6510.0,1,0,0,0,0,0,0,0,0
276,2017-04-17,09:32:24,400,IC1704,CCFX,6509.8,6493.6,6516.0,575,748109320,17842,18249,7173.2,5869.2,6521.2,6518.8,0.0,6505.2,0.0,0,0,2017-04-17,34344400,6509.6,2,0,0,0,0,0,0,0,0,6509.8,5,0,0,0,0,0,0,0,0
277,2017-04-17,09:32:24,900,IC1704,CCFX,6509.8,6493.6,6516.0,577,750713200,17840,18249,7173.2,5869.2,6521.2,6518.8,0.0,6505.2,0.0,0,0,2017-04-17,34344900,6506.0,1,0,0,0,0,0,0,0,0,6509.6,1,0,0,0,0,0,0,0,0
278,2017-04-17,09:32:25,400,IC1704,CCFX,6509.8,6493.6,6516.0,577,750713200,17840,18249,7173.2,5869.2,6521.2,6518.8,0.0,6505.2,0.0,0,0,2017-04-17,34345400,6508.2,1,0,0,0,0,0,0,0,0,6509.2,1,0,0,0,0,0,0,0,0
279,2017-04-17,09:32:25,900,IC1704,CCFX,6509.8,6493.6,6516.0,577,750713200,17840,18249,7173.2,5869.2,6521.2,6518.8,0.0,6505.2,0.0,0,0,2017-04-17,34345900,6506.4,2,0,0,0,0,0,0,0,0,6506.8,1,0,0,0,0,0,0,0,0
280,2017-04-17,09:32:26,400,IC1704,CCFX,6506.8,6493.6,6516.0,582,757220280,17835,18249,7173.2,5869.2,6521.2,6518.8,0.0,6505.2,0.0,0,0,2017-04-17,34346400,6506.8,3,0,0,0,0,0,0,0,0,6509.0,1,0,0,0,0,0,0,0,0
281,2017-04-17,09:32:26,900,IC1704,CCFX,6506.8,6493.6,6516.0,582,757220280,17835,18249,7173.2,5869.2,6521.2,6518.8,0.0,6505.2,0.0,0,0,2017-04-17,34346900,6507.2,2,0,0,0,0,0,0,0,0,6509.0,1,0,0,0,0,0,0,0,0
282,2017-04-17,09:32:27,400,IC1704,CCFX,6509.0,6493.6,6516.0,583,758522080,17834,18249,7173.2,5869.2,6521.2,6518.8,0.0,6505.2,0.0,0,0,2017-04-17,34347400,6507.4,2,0,0,0,0,0,0,0,0,6509.4,1,0,0,0,0,0,0,0,0
283,2017-04-17,09:32:27,900,IC1704,CCFX,6509.0,6493.6,6516.0,583,758522080,17834,18249,7173.2,5869.2,6521.2,6518.8,0.0,6505.2,0.0,0,0,2017-04-17,34347900,6507.6,2,0,0,0,0,0,0,0,0,6508.8,1,0,0,0,0,0,0,0,0
284,2017-04-17,09:32:28,400,IC1704,CCFX,6508.8,6493.6,6516.0,585,761125600,17833,18249,7173.2,5869.2,6521.2,6518.8,0.0,6505.2,0.0,0,0,2017-04-17,34348400,6508.0,1,0,0,0,0,0,0,0,0,6509.4,1,0,0,0,0,0,0,0,0
285,2017-04-17,09:32:28,900,IC1704,CCFX,6508.8,6493.6,6516.0,585,761125600,17833,18249,7173.2,5869.2,6521.2,6518.8,0.0,6505.2,0.0,0,0,2017-04-17,34348900,6508.2,1,0,0,0,0,0,0,0,0,6509.4,1,0,0,0,0,0,0,0,0
286,2017-04-17,09:32:29,400,IC1704,CCFX,6508.8,6493.6,6516.0,585,761125600,17833,18249,7173.2,5869.2,6521.2,6518.8,0.0,6505.2,0.0,0,0,2017-04-17,34349400,6508.2,1,0,0,0,0,0,0,0,0,6509.4,2,0,0,0,0,0,0,0,0
287,2017-04-17,09:32:29,900,IC1704,CCFX,6508.2,6493.6,6516.0,587,763728960,17832,18249,7173.2,5869.2,6521.2,6518.8,0.0,6505.2,0.0,0,0,2017-04-17,34349900,6508.0,1,0,0,0,0,0,0,0,0,6509.4,2,0,0,0,0,0,0,0,0
288,2017-04-17,09:32:30,400,IC1704,CCFX,6508.0,6493.6,6516.0,588,765030560,17831,18249,7173.2,5869.2,6521.2,6518.8,0.0,6505.2,0.0,0,0,2017-04-17,34350400,6507.2,1,0,0,0,0,0,0,0,0,6507.4,5,0,0,0,0,0,0,0,0
289,2017-04-17,09:32:30,900,IC1704,CCFX,6506.8,6493.6,6516.0,592,770236160,17827,18249,7173.2,5869.2,6521.2,6518.8,0.0,6505.2,0.0,0,0,2017-04-17,34350900,6506.0,1,0,0,0,0,0,0,0,0,6507.0,3,0,0,0,0,0,0,0,0
290,2017-04-17,09:32:31,400,IC1704,CCFX,6506.0,6493.6,6516.0,593,771537360,17827,18249,7173.2,5869.2,6521.2,6518.8,0.0,6505.2,0.0,0,0,2017-04-17,34351400,6503.8,1,0,0,0,0,0,0,0,0,6506.0,3,0,0,0,0,0,0,0,0
291,2017-04-17,09:32:31,900,IC1704,CCFX,6503.8,6493.6,6516.0,594,772838120,17827,18249,7173.2,5869.2,6521.2,6518.8,0.0,6505.2,0.0,0,0,2017-04-17,34351900,6503.8,1,0,0,0,0,0,0,0,0,6506.0,3,0,0,0,0,0,0,0,0
292,2017-04-17,09:32:32,400,IC1704,CCFX,6502.4,6493.6,6516.0,596,775439360,17826,18249,7173.2,5869.2,6521.2,6518.8,0.0,6505.2,0.0,0,0,2017-04-17,34352400,6501.8,1,0,0,0,0,0,0,0,0,6503.8,1,0,0,0,0,0,0,0,0
293,2017-04-17,09:32:32,900,IC1704,CCFX,6503.8,6493.6,6516.0,597,776740120,17825,18249,7173.2,5869.2,6521.2,6518.8,0.0,6505.2,0.0,0,0,2017-04-17,34352900,6502.4,1,0,0,0,0,0,0,0,0,6506.0,6,0,0,0,0,0,0,0,0
294,2017-04-17,09:32:33,400,IC1704,CCFX,6502.6,6493.6,6516.0,598,778040640,17824,18249,7173.2,5869.2,6521.2,6518.8,0.0,6505.2,0.0,0,0,2017-04-17,34353400,6502.4,1,0,0,0,0,0,0,0,0,6506.0,6,0,0,0,0,0,0,0,0
295,2017-04-17,09:32:33,900,IC1704,CCFX,6502.6,6493.6,6516.0,598,778040640,17824,18249,7173.2,5869.2,6521.2,6518.8,0.0,6505.2,0.0,0,0,2017-04-17,34353900,6502.4,1,0,0,0,0,0,0,0,0,6505.2,1,0,0,0,0,0,0,0,0
296,2017-04-17,09:32:34,400,IC1704,CCFX,6505.0,6493.6,6516.0,599,779341640,17823,18249,7173.2,5869.2,6521.2,6518.8,0.0,6505.2,0.0,0,0,2017-04-17,34354400,6502.4,1,0,0,0,0,0,0,0,0,6505.2,1,0,0,0,0,0,0,0,0
297,2017-04-17,09:32:34,900,IC1704,CCFX,6505.0,6493.6,6516.0,599,779341640,17823,18249,7173.2,5869.2,6521.2,6518.8,0.0,6505.2,0.0,0,0,2017-04-17,34354900,6502.4,1,0,0,0,0,0,0,0,0,6505.2,1,0,0,0,0,0,0,0,0
298,2017-04-17,09:32:35,400,IC1704,CCFX,6505.0,6493.6,6516.0,599,779341640,17823,18249,7173.2,5869.2,6521.2,6518.8,0.0,6505.2,0.0,0,0,2017-04-17,34355400,6502.6,1,0,0,0,0,0,0,0,0,6505.2,1,0,0,0,0,0,0,0,0
299,2017-04-17,09:32:35,900,IC1704,CCFX,6503.0,6493.6,6516.0,601,781942760,17821,18249,7173.2,5869.2,6521.2,6518.8,0.0,6505.2,0.0,0,0,2017-04-17,34355900,6502.6,1,0,0,0,0,0,0,0,0,6506.0,6,0,0,0,0,0,0,0,0
300,2017-04-17,09:32:36,400,IC1704,CCFX,6502.6,6493.6,6516.0,602,783243280,17820,18249,7173.2,5869.2,6521.2,6518.8,0.0,6505.2,0.0,0,0,2017-04-17,34356400,6502.6,1,0,0,0,0,0,0,0,0,6505.2,1,0,0,0,0,0,0,0,0
301,2017-04-17,09:32:36,900,IC1704,CCFX,6502.6,6493.6,6516.0,603,784543800,17820,18249,7173.2,5869.2,6521.2,6518.8,0.0,6505.2,0.0,0,0,2017-04-17,34356900,6502.4,2,0,0,0,0,0,0,0,0,6502.6,2,0,0,0,0,0,0,0,0
302,2017-04-17,09:32:37,400,IC1704,CCFX,6502.6,6493.6,6516.0,605,787144840,17820,18249,7173.2,5869.2,6521.2,6518.8,0.0,6505.2,0.0,0,0,2017-04-17,34357400,6502.8,3,0,0,0,0,0,0,0,0,6505.2,1,0,0,0,0,0,0,0,0
303,2017-04-17,09:32:37,900,IC1704,CCFX,6503.0,6493.6,6516.0,607,789746480,17820,18249,7173.2,5869.2,6521.2,6518.8,0.0,6505.2,0.0,0,0,2017-04-17,34357900,6502.8,2,0,0,0,0,0,0,0,0,6505.2,1,0,0,0,0,0,0,0,0
304,2017-04-17,09:32:38,400,IC1704,CCFX,6503.0,6493.6,6516.0,607,789746480,17820,18249,7173.2,5869.2,6521.2,6518.8,0.0,6505.2,0.0,0,0,2017-04-17,34358400,6502.8,2,0,0,0,0,0,0,0,0,6505.0,2,0,0,0,0,0,0,0,0
305,2017-04-17,09:32:38,900,IC1704,CCFX,6503.0,6493.6,6516.0,607,789746480,17820,18249,7173.2,5869.2,6521.2,6518.8,0.0,6505.2,0.0,0,0,2017-04-17,34358900,6502.6,1,0,0,0,0,0,0,0,0,6505.0,2,0,0,0,0,0,0,0,0
306,2017-04-17,09:32:39,400,IC1704,CCFX,6505.0,6493.6,6516.0,609,792348480,17818,18249,7173.2,5869.2,6521.2,6518.8,0.0,6505.2,0.0,0,0,2017-04-17,34359400,6504.2,1,0,0,0,0,0,0,0,0,6505.2,1,0,0,0,0,0,0,0,0
307,2017-04-17,09:32:39,900,IC1704,CCFX,6505.2,6493.6,6516.0,610,793649520,17817,18249,7173.2,5869.2,6521.2,6518.8,0.0,6505.2,0.0,0,0,2017-04-17,34359900,6504.2,1,0,0,0,0,0,0,0,0,6506.0,3,0,0,0,0,0,0,0,0
308,2017-04-17,09:32:40,400,IC1704,CCFX,6504.2,6493.6,6516.0,611,794950360,17816,18249,7173.2,5869.2,6521.2,6518.8,0.0,6505.2,0.0,0,0,2017-04-17,34360400,6504.0,1,0,0,0,0,0,0,0,0,6504.2,1,0,0,0,0,0,0,0,0
309,2017-04-17,09:32:40,900,IC1704,CCFX,6504.2,6493.6,6516.0,612,796251200,17817,18249,7173.2,5869.2,6521.2,6518.8,0.0,6505.2,0.0,0,0,2017-04-17,34360900,6504.0,1,0,0,0,0,0,0,0,0,6506.0,3,0,0,0,0,0,0,0,0
310,2017-04-17,09:32:41,400,IC1704,CCFX,6504.0,6493.6,6516.0,613,797552000,17816,18249,7173.2,5869.2,6521.2,6518.8,0.0,6505.2,0.0,0,0,2017-04-17,34361400,6505.0,1,0,0,0,0,0,0,0,0,6506.0,3,0,0,0,0,0,0,0,0
311,2017-04-17,09:32:41,900,IC1704,CCFX,6504.0,6493.6,6516.0,613,797552000,17816,18249,7173.2,5869.2,6521.2,6518.8,0.0,6505.2,0.0,0,0,2017-04-17,34361900,6505.0,2,0,0,0,0,0,0,0,0,6505.8,1,0,0,0,0,0,0,0,0
312,2017-04-17,09:32:42,400,IC1704,CCFX,6504.0,6493.6,6516.0,613,797552000,17816,18249,7173.2,5869.2,6521.2,6518.8,0.0,6505.2,0.0,0,0,2017-04-17,34362400,6505.2,1,0,0,0,0,0,0,0,0,6505.8,1,0,0,0,0,0,0,0,0
313,2017-04-17,09:32:42,900,IC1704,CCFX,6504.0,6493.6,6516.0,613,797552000,17816,18249,7173.2,5869.2,6521.2,6518.8,0.0,6505.2,0.0,0,0,2017-04-17,34362900,6505.2,2,0,0,0,0,0,0,0,0,6505.8,1,0,0,0,0,0,0,0,0
314,2017-04-17,09:32:43,400,IC1704,CCFX,6505.8,6493.6,6516.0,614,798853160,17815,18249,7173.2,5869.2,6521.2,6518.8,0.0,6505.2,0.0,0,0,2017-04-17,34363400,6505.2,2,0,0,0,0,0,0,0,0,6506.0,3,0,0,0,0,0,0,0,0
315,2017-04-17,09:32:43,900,IC1704,CCFX,6505.0,6493.6,6516.0,620,806659760,17810,18249,7173.2,5869.2,6521.2,6518.8,0.0,6505.2,0.0,0,0,2017-04-17,34363900,6505.2,1,0,0,0,0,0,0,0,0,6506.0,1,0,0,0,0,0,0,0,0
316,2017-04-17,09:32:44,400,IC1704,CCFX,6505.2,6493.6,6516.0,621,807960800,17810,18249,7173.2,5869.2,6521.2,6518.8,0.0,6505.2,0.0,0,0,2017-04-17,34364400,6505.0,1,0,0,0,0,0,0,0,0,6506.0,2,0,0,0,0,0,0,0,0
317,2017-04-17,09:32:45,400,IC1704,CCFX,6505.2,6493.6,6516.0,621,807960800,17810,18249,7173.2,5869.2,6521.2,6518.8,0.0,6505.2,0.0,0,0,2017-04-17,34365400,6505.0,1,0,0,0,0,0,0,0,0,6506.0,2,0,0,0,0,0,0,0,0
318,2017-04-17,09:32:45,900,IC1704,CCFX,6505.2,6493.6,6516.0,621,807960800,17810,18249,7173.2,5869.2,6521.2,6518.8,0.0,6505.2,0.0,0,0,2017-04-17,34365900,6505.0,2,0,0,0,0,0,0,0,0,6506.0,2,0,0,0,0,0,0,0,0
319,2017-04-17,09:32:46,400,IC1704,CCFX,6506.0,6493.6,6516.0,624,811864200,17807,18249,7173.2,5869.2,6521.2,6518.8,0.0,6505.2,0.0,0,0,2017-04-17,34366400,6506.0,4,0,0,0,0,0,0,0,0,6506.2,1,0,0,0,0,0,0,0,0
320,2017-04-17,09:32:46,900,IC1704,CCFX,6506.2,6493.6,6516.0,625,813165440,17806,18249,7173.2,5869.2,6521.2,6518.8,0.0,6505.2,0.0,0,0,2017-04-17,34366900,6506.0,4,0,0,0,0,0,0,0,0,6507.4,5,0,0,0,0,0,0,0,0
321,2017-04-17,09:32:47,400,IC1704,CCFX,6506.0,6493.6,6516.0,629,818370280,17806,18249,7173.2,5869.2,6521.2,6518.8,0.0,6505.2,0.0,0,0,2017-04-17,34367400,6506.0,1,0,0,0,0,0,0,0,0,6507.4,5,0,0,0,0,0,0,0,0
322,2017-04-17,09:32:47,900,IC1704,CCFX,6507.4,6493.6,6516.0,635,826179120,17800,18249,7173.2,5869.2,6521.2,6518.8,0.0,6505.2,0.0,0,0,2017-04-17,34367900,6506.0,1,0,0,0,0,0,0,0,0,6509.8,4,0,0,0,0,0,0,0,0
323,2017-04-17,09:32:48,400,IC1704,CCFX,6507.2,6493.6,6516.0,637,828782440,17799,18249,7173.2,5869.2,6521.2,6518.8,0.0,6505.2,0.0,0,0,2017-04-17,34368400,6506.0,1,0,0,0,0,0,0,0,0,6509.4,1,0,0,0,0,0,0,0,0
324,2017-04-17,09:32:48,900,IC1704,CCFX,6507.2,6493.6,6516.0,637,828782440,17799,18249,7173.2,5869.2,6521.2,6518.8,0.0,6505.2,0.0,0,0,2017-04-17,34368900,6506.0,1,0,0,0,0,0,0,0,0,6509.2,1,0,0,0,0,0,0,0,0
325,2017-04-17,09:32:49,400,IC1704,CCFX,6507.2,6493.6,6516.0,637,828782440,17799,18249,7173.2,5869.2,6521.2,6518.8,0.0,6505.2,0.0,0,0,2017-04-17,34369400,6506.0,1,0,0,0,0,0,0,0,0,6509.0,1,0,0,0,0,0,0,0,0
326,2017-04-17,09:32:49,900,IC1704,CCFX,6507.2,6493.6,6516.0,637,828782440,17799,18249,7173.2,5869.2,6521.2,6518.8,0.0,6505.2,0.0,0,0,2017-04-17,34369900,6506.0,1,0,0,0,0,0,0,0,0,6508.8,2,0,0,0,0,0,0,0,0
327,2017-04-17,09:32:50,400,IC1704,CCFX,6507.2,6493.6,6516.0,637,828782440,17799,18249,7173.2,5869.2,6521.2,6518.8,0.0,6505.2,0.0,0,0,2017-04-17,34370400,6506.0,1,0,0,0,0,0,0,0,0,6508.4,1,0,0,0,0,0,0,0,0
328,2017-04-17,09:32:50,900,IC1704,CCFX,6506.0,6493.6,6516.0,638,830083640,17799,18249,7173.2,5869.2,6521.2,6518.8,0.0,6505.2,0.0,0,0,2017-04-17,34370900,6505.0,1,0,0,0,0,0,0,0,0,6506.0,1,0,0,0,0,0,0,0,0
329,2017-04-17,09:32:51,400,IC1704,CCFX,6506.6,6493.6,6516.0,641,833987160,17797,18249,7173.2,5869.2,6521.2,6518.8,0.0,6505.2,0.0,0,0,2017-04-17,34371400,6503.8,1,0,0,0,0,0,0,0,0,6505.0,1,0,0,0,0,0,0,0,0
330,2017-04-17,09:32:51,900,IC1704,CCFX,6505.4,6493.6,6516.0,642,835288240,17797,18249,7173.2,5869.2,6521.2,6518.8,0.0,6505.2,0.0,0,0,2017-04-17,34371900,6504.0,1,0,0,0,0,0,0,0,0,6506.0,1,0,0,0,0,0,0,0,0
331,2017-04-17,09:32:52,400,IC1704,CCFX,6506.0,6493.6,6516.0,643,836589440,17796,18249,7173.2,5869.2,6521.2,6518.8,0.0,6505.2,0.0,0,0,2017-04-17,34372400,6506.0,1,0,0,0,0,0,0,0,0,6506.6,3,0,0,0,0,0,0,0,0
332,2017-04-17,09:32:52,900,IC1704,CCFX,6506.0,6493.6,6516.0,643,836589440,17796,18249,7173.2,5869.2,6521.2,6518.8,0.0,6505.2,0.0,0,0,2017-04-17,34372900,6506.0,1,0,0,0,0,0,0,0,0,6506.6,3,0,0,0,0,0,0,0,0
333,2017-04-17,09:32:53,400,IC1704,CCFX,6506.0,6493.6,6516.0,643,836589440,17796,18249,7173.2,5869.2,6521.2,6518.8,0.0,6505.2,0.0,0,0,2017-04-17,34373400,6506.0,2,0,0,0,0,0,0,0,0,6506.6,3,0,0,0,0,0,0,0,0
334,2017-04-17,09:32:53,900,IC1704,CCFX,6506.0,6493.6,6516.0,643,836589440,17796,18249,7173.2,5869.2,6521.2,6518.8,0.0,6505.2,0.0,0,0,2017-04-17,34373900,6506.0,2,0,0,0,0,0,0,0,0,6506.6,3,0,0,0,0,0,0,0,0
335,2017-04-17,09:32:54,900,IC1704,CCFX,6506.0,6493.6,6516.0,643,836589440,17796,18249,7173.2,5869.2,6521.2,6518.8,0.0,6505.2,0.0,0,0,2017-04-17,34374900,6506.0,2,0,0,0,0,0,0,0,0,6506.6,3,0,0,0,0,0,0,0,0
336,2017-04-17,09:32:55,400,IC1704,CCFX,6506.0,6493.6,6516.0,644,837890640,17795,18249,7173.2,5869.2,6521.2,6518.8,0.0,6505.2,0.0,0,0,2017-04-17,34375400,6506.0,1,0,0,0,0,0,0,0,0,6506.6,3,0,0,0,0,0,0,0,0
337,2017-04-17,09:32:55,900,IC1704,CCFX,6506.0,6493.6,6516.0,647,841794480,17793,18249,7173.2,5869.2,6521.2,6518.8,0.0,6505.2,0.0,0,0,2017-04-17,34375900,6506.2,1,0,0,0,0,0,0,0,0,6506.6,1,0,0,0,0,0,0,0,0
338,2017-04-17,09:32:56,400,IC1704,CCFX,6506.2,6493.6,6516.0,649,844397040,17792,18249,7173.2,5869.2,6521.2,6518.8,0.0,6505.2,0.0,0,0,2017-04-17,34376400,6505.2,1,0,0,0,0,0,0,0,0,6508.8,1,0,0,0,0,0,0,0,0
339,2017-04-17,09:32:56,900,IC1704,CCFX,6506.2,6493.6,6516.0,650,845698280,17791,18249,7173.2,5869.2,6521.2,6518.8,0.0,6505.2,0.0,0,0,2017-04-17,34376900,6505.6,1,0,0,0,0,0,0,0,0,6506.0,1,0,0,0,0,0,0,0,0
340,2017-04-17,09:32:57,400,IC1704,CCFX,6506.2,6493.6,6516.0,652,848300760,17790,18249,7173.2,5869.2,6521.2,6518.8,0.0,6505.2,0.0,0,0,2017-04-17,34377400,6505.8,1,0,0,0,0,0,0,0,0,6508.0,1,0,0,0,0,0,0,0,0
341,2017-04-17,09:32:57,900,IC1704,CCFX,6506.2,6493.6,6516.0,652,848300760,17790,18249,7173.2,5869.2,6521.2,6518.8,0.0,6505.2,0.0,0,0,2017-04-17,34377900,6505.8,1,0,0,0,0,0,0,0,0,6508.0,1,0,0,0,0,0,0,0,0
342,2017-04-17,09:32:58,900,IC1704,CCFX,6506.2,6493.6,6516.0,652,848300760,17790,18249,7173.2,5869.2,6521.2,6518.8,0.0,6505.2,0.0,0,0,2017-04-17,34378900,6505.8,1,0,0,0,0,0,0,0,0,6508.0,1,0,0,0,0,0,0,0,0
343,2017-04-17,09:32:59,400,IC1704,CCFX,6505.8,6493.6,6516.0,653,849601920,17790,18249,7173.2,5869.2,6521.2,6518.8,0.0,6505.2,0.0,0,0,2017-04-17,34379400,6505.2,1,0,0,0,0,0,0,0,0,6505.8,1,0,0,0,0,0,0,0,0
344,2017-04-17,09:32:59,900,IC1704,CCFX,6505.8,6493.6,6516.0,654,850903080,17791,18249,7173.2,5869.2,6521.2,6518.8,0.0,6505.2,0.0,0,0,2017-04-17,34379900,6505.2,1,0,0,0,0,0,0,0,0,6505.8,2,0,0,0,0,0,0,0,0
345,2017-04-17,09:33:00,400,IC1704,CCFX,6505.8,6493.6,6516.0,655,852204240,17790,18249,7173.2,5869.2,6521.2,6518.8,0.0,6505.2,0.0,0,0,2017-04-17,34380400,6505.2,1,0,0,0,0,0,0,0,0,6505.8,1,0,0,0,0,0,0,0,0
346,2017-04-17,09:33:00,900,IC1704,CCFX,6505.8,6493.6,6516.0,656,853505400,17789,18249,7173.2,5869.2,6521.2,6518.8,0.0,6505.2,0.0,0,0,2017-04-17,34380900,6505.8,1,0,0,0,0,0,0,0,0,6508.0,1,0,0,0,0,0,0,0,0
347,2017-04-17,09:33:01,400,IC1704,CCFX,6505.8,6493.6,6516.0,657,854806560,17788,18249,7173.2,5869.2,6521.2,6518.8,0.0,6505.2,0.0,0,0,2017-04-17,34381400,6505.8,1,0,0,0,0,0,0,0,0,6508.0,1,0,0,0,0,0,0,0,0
348,2017-04-17,09:33:01,900,IC1704,CCFX,6508.0,6493.6,6516.0,658,856108160,17787,18249,7173.2,5869.2,6521.2,6518.8,0.0,6505.2,0.0,0,0,2017-04-17,34381900,6505.8,1,0,0,0,0,0,0,0,0,6510.0,1,0,0,0,0,0,0,0,0
349,2017-04-17,09:33:02,400,IC1704,CCFX,6505.2,6493.6,6516.0,663,862614040,17787,18249,7173.2,5869.2,6521.2,6518.8,0.0,6505.2,0.0,0,0,2017-04-17,34382400,6505.0,1,0,0,0,0,0,0,0,0,6509.6,1,0,0,0,0,0,0,0,0
350,2017-04-17,09:33:02,900,IC1704,CCFX,6505.0,6493.6,6516.0,666,866517120,17785,18249,7173.2,5869.2,6521.2,6518.8,0.0,6505.2,0.0,0,0,2017-04-17,34382900,6503.8,1,0,0,0,0,0,0,0,0,6507.6,4,0,0,0,0,0,0,0,0
351,2017-04-17,09:33:03,400,IC1704,CCFX,6507.4,6493.6,6516.0,667,867818600,17785,18249,7173.2,5869.2,6521.2,6518.8,0.0,6505.2,0.0,0,0,2017-04-17,34383400,6504.0,1,0,0,0,0,0,0,0,0,6507.6,4,0,0,0,0,0,0,0,0
352,2017-04-17,09:33:03,900,IC1704,CCFX,6507.6,6493.6,6516.0,670,871723160,17782,18249,7173.2,5869.2,6521.2,6518.8,0.0,6505.2,0.0,0,0,2017-04-17,34383900,6504.2,2,0,0,0,0,0,0,0,0,6507.6,1,0,0,0,0,0,0,0,0
353,2017-04-17,09:33:04,400,IC1704,CCFX,6507.6,6493.6,6516.0,670,871723160,17782,18249,7173.2,5869.2,6521.2,6518.8,0.0,6505.2,0.0,0,0,2017-04-17,34384400,6504.6,1,0,0,0,0,0,0,0,0,6505.8,1,0,0,0,0,0,0,0,0
354,2017-04-17,09:33:04,900,IC1704,CCFX,6505.8,6493.6,6516.0,671,873024320,17782,18249,7173.2,5869.2,6521.2,6518.8,0.0,6505.2,0.0,0,0,2017-04-17,34384900,6504.4,1,0,0,0,0,0,0,0,0,6507.0,1,0,0,0,0,0,0,0,0
355,2017-04-17,09:33:05,400,IC1704,CCFX,6507.4,6493.6,6516.0,673,875627200,17780,18249,7173.2,5869.2,6521.2,6518.8,0.0,6505.2,0.0,0,0,2017-04-17,34385400,6504.6,1,0,0,0,0,0,0,0,0,6507.6,1,0,0,0,0,0,0,0,0
356,2017-04-17,09:33:05,900,IC1704,CCFX,6507.4,6493.6,6516.0,673,875627200,17780,18249,7173.2,5869.2,6521.2,6518.8,0.0,6505.2,0.0,0,0,2017-04-17,34385900,6505.4,1,0,0,0,0,0,0,0,0,6506.8,1,0,0,0,0,0,0,0,0
357,2017-04-17,09:33:06,400,IC1704,CCFX,6505.6,6493.6,6516.0,674,876928320,17779,18249,7173.2,5869.2,6521.2,6518.8,0.0,6505.2,0.0,0,0,2017-04-17,34386400,6505.4,1,0,0,0,0,0,0,0,0,6506.8,1,0,0,0,0,0,0,0,0
358,2017-04-17,09:33:06,900,IC1704,CCFX,6505.6,6493.6,6516.0,674,876928320,17779,18249,7173.2,5869.2,6521.2,6518.8,0.0,6505.2,0.0,0,0,2017-04-17,34386900,6505.4,1,0,0,0,0,0,0,0,0,6506.8,1,0,0,0,0,0,0,0,0
359,2017-04-17,09:33:07,400,IC1704,CCFX,6505.6,6493.6,6516.0,674,876928320,17779,18249,7173.2,5869.2,6521.2,6518.8,0.0,6505.2,0.0,0,0,2017-04-17,34387400,6505.4,1,0,0,0,0,0,0,0,0,6506.8,1,0,0,0,0,0,0,0,0
360,2017-04-17,09:33:07,900,IC1704,CCFX,6505.6,6493.6,6516.0,674,876928320,17779,18249,7173.2,5869.2,6521.2,6518.8,0.0,6505.2,0.0,0,0,2017-04-17,34387900,6505.4,1,0,0,0,0,0,0,0,0,6506.8,1,0,0,0,0,0,0,0,0
361,2017-04-17,09:33:08,400,IC1704,CCFX,6505.4,6493.6,6516.0,675,878229400,17779,18249,7173.2,5869.2,6521.2,6518.8,0.0,6505.2,0.0,0,0,2017-04-17,34388400,6505.0,1,0,0,0,0,0,0,0,0,6506.8,1,0,0,0,0,0,0,0,0
362,2017-04-17,09:33:08,900,IC1704,CCFX,6505.4,6493.6,6516.0,675,878229400,17779,18249,7173.2,5869.2,6521.2,6518.8,0.0,6505.2,0.0,0,0,2017-04-17,34388900,6505.0,1,0,0,0,0,0,0,0,0,6505.4,1,0,0,0,0,0,0,0,0
363,2017-04-17,09:33:09,400,IC1704,CCFX,6505.0,6493.6,6516.0,676,879530400,17778,18249,7173.2,5869.2,6521.2,6518.8,0.0,6505.2,0.0,0,0,2017-04-17,34389400,6504.4,1,0,0,0,0,0,0,0,0,6505.4,1,0,0,0,0,0,0,0,0
364,2017-04-17,09:33:09,900,IC1704,CCFX,6504.4,6493.6,6516.0,677,880831280,17777,18249,7173.2,5869.2,6521.2,6518.8,0.0,6505.2,0.0,0,0,2017-04-17,34389900,6503.8,1,0,0,0,0,0,0,0,0,6505.4,1,0,0,0,0,0,0,0,0
365,2017-04-17,09:33:10,400,IC1704,CCFX,6504.4,6493.6,6516.0,677,880831280,17777,18249,7173.2,5869.2,6521.2,6518.8,0.0,6505.2,0.0,0,0,2017-04-17,34390400,6503.8,1,0,0,0,0,0,0,0,0,6505.4,2,0,0,0,0,0,0,0,0
366,2017-04-17,09:33:10,900,IC1704,CCFX,6503.8,6493.6,6516.0,678,882132040,17777,18249,7173.2,5869.2,6521.2,6518.8,0.0,6505.2,0.0,0,0,2017-04-17,34390900,6503.2,6,0,0,0,0,0,0,0,0,6505.4,3,0,0,0,0,0,0,0,0
367,2017-04-17,09:33:11,400,IC1704,CCFX,6505.4,6493.6,6516.0,680,884733760,17776,18249,7173.2,5869.2,6521.2,6518.8,0.0,6505.2,0.0,0,0,2017-04-17,34391400,6504.0,1,0,0,0,0,0,0,0,0,6505.4,2,0,0,0,0,0,0,0,0
368,2017-04-17,09:33:11,900,IC1704,CCFX,6505.4,6493.6,6516.0,680,884733760,17776,18249,7173.2,5869.2,6521.2,6518.8,0.0,6505.2,0.0,0,0,2017-04-17,34391900,6504.4,1,0,0,0,0,0,0,0,0,6505.4,3,0,0,0,0,0,0,0,0
369,2017-04-17,09:33:12,400,IC1704,CCFX,6504.4,6493.6,6516.0,681,886034640,17776,18249,7173.2,5869.2,6521.2,6518.8,0.0,6505.2,0.0,0,0,2017-04-17,34392400,6504.0,1,0,0,0,0,0,0,0,0,6505.4,2,0,0,0,0,0,0,0,0
370,2017-04-17,09:33:12,900,IC1704,CCFX,6504.4,6493.6,6516.0,681,886034640,17776,18249,7173.2,5869.2,6521.2,6518.8,0.0,6505.2,0.0,0,0,2017-04-17,34392900,6504.0,1,0,0,0,0,0,0,0,0,6505.4,2,0,0,0,0,0,0,0,0
371,2017-04-17,09:33:13,400,IC1704,CCFX,6504.0,6493.6,6516.0,682,887335440,17775,18249,7173.2,5869.2,6521.2,6518.8,0.0,6505.2,0.0,0,0,2017-04-17,34393400,6504.4,1,0,0,0,0,0,0,0,0,6505.4,2,0,0,0,0,0,0,0,0
372,2017-04-17,09:33:13,900,IC1704,CCFX,6504.4,6493.6,6516.0,683,888636320,17775,18249,7173.2,5869.2,6521.2,6518.8,0.0,6505.2,0.0,0,0,2017-04-17,34393900,6503.2,5,0,0,0,0,0,0,0,0,6505.4,2,0,0,0,0,0,0,0,0
373,2017-04-17,09:33:14,400,IC1704,CCFX,6503.2,6493.6,6516.0,684,889936960,17774,18249,7173.2,5869.2,6521.2,6518.8,0.0,6505.2,0.0,0,0,2017-04-17,34394400,6503.2,4,0,0,0,0,0,0,0,0,6505.4,2,0,0,0,0,0,0,0,0
374,2017-04-17,09:33:14,900,IC1704,CCFX,6503.2,6493.6,6516.0,685,891237600,17773,18249,7173.2,5869.2,6521.2,6518.8,0.0,6505.2,0.0,0,0,2017-04-17,34394900,6503.2,3,0,0,0,0,0,0,0,0,6505.4,2,0,0,0,0,0,0,0,0
375,2017-04-17,09:33:15,400,IC1704,CCFX,6503.2,6493.6,6516.0,685,891237600,17773,18249,7173.2,5869.2,6521.2,6518.8,0.0,6505.2,0.0,0,0,2017-04-17,34395400,6503.2,3,0,0,0,0,0,0,0,0,6505.2,2,0,0,0,0,0,0,0,0
376,2017-04-17,09:33:15,900,IC1704,CCFX,6503.2,6493.6,6516.0,685,891237600,17773,18249,7173.2,5869.2,6521.2,6518.8,0.0,6505.2,0.0,0,0,2017-04-17,34395900,6503.2,2,0,0,0,0,0,0,0,0,6503.6,1,0,0,0,0,0,0,0,0
377,2017-04-17,09:33:16,400,IC1704,CCFX,6503.2,6493.6,6516.0,688,895139520,17771,18249,7173.2,5869.2,6521.2,6518.8,0.0,6505.2,0.0,0,0,2017-04-17,34396400,6501.8,1,0,0,0,0,0,0,0,0,6505.2,1,0,0,0,0,0,0,0,0
378,2017-04-17,09:33:16,900,IC1704,CCFX,6503.2,6493.6,6516.0,688,895139520,17771,18249,7173.2,5869.2,6521.2,6518.8,0.0,6505.2,0.0,0,0,2017-04-17,34396900,6502.2,1,0,0,0,0,0,0,0,0,6505.0,1,0,0,0,0,0,0,0,0
379,2017-04-17,09:33:17,400,IC1704,CCFX,6503.2,6493.6,6516.0,688,895139520,17771,18249,7173.2,5869.2,6521.2,6518.8,0.0,6505.2,0.0,0,0,2017-04-17,34397400,6502.2,1,0,0,0,0,0,0,0,0,6505.0,2,0,0,0,0,0,0,0,0
380,2017-04-17,09:33:17,900,IC1704,CCFX,6502.4,6493.6,6516.0,689,896440000,17770,18249,7173.2,5869.2,6521.2,6518.8,0.0,6505.2,0.0,0,0,2017-04-17,34397900,6502.2,1,0,0,0,0,0,0,0,0,6504.6,1,0,0,0,0,0,0,0,0
381,2017-04-17,09:33:18,400,IC1704,CCFX,6502.2,6493.6,6516.0,690,897740440,17769,18249,7173.2,5869.2,6521.2,6518.8,0.0,6505.2,0.0,0,0,2017-04-17,34398400,6501.8,1,0,0,0,0,0,0,0,0,6502.6,1,0,0,0,0,0,0,0,0
382,2017-04-17,09:33:18,900,IC1704,CCFX,6501.8,6493.6,6516.0,691,899040800,17768,18249,7173.2,5869.2,6521.2,6518.8,0.0,6505.2,0.0,0,0,2017-04-17,34398900,6501.2,1,0,0,0,0,0,0,0,0,6503.0,1,0,0,0,0,0,0,0,0
383,2017-04-17,09:33:19,400,IC1704,CCFX,6501.8,6493.6,6516.0,691,899040800,17768,18249,7173.2,5869.2,6521.2,6518.8,0.0,6505.2,0.0,0,0,2017-04-17,34399400,6502.2,1,0,0,0,0,0,0,0,0,6503.0,1,0,0,0,0,0,0,0,0
384,2017-04-17,09:33:19,900,IC1704,CCFX,6502.2,6493.6,6516.0,692,900341240,17767,18249,7173.2,5869.2,6521.2,6518.8,0.0,6505.2,0.0,0,0,2017-04-17,34399900,6501.2,1,0,0,0,0,0,0,0,0,6502.2,1,0,0,0,0,0,0,0,0
385,2017-04-17,09:33:20,400,IC1704,CCFX,6502.2,6493.6,6516.0,693,901641680,17767,18249,7173.2,5869.2,6521.2,6518.8,0.0,6505.2,0.0,0,0,2017-04-17,34400400,6501.2,1,0,0,0,0,0,0,0,0,6502.2,1,0,0,0,0,0,0,0,0
386,2017-04-17,09:33:20,900,IC1704,CCFX,6502.2,6493.6,6516.0,693,901641680,17767,18249,7173.2,5869.2,6521.2,6518.8,0.0,6505.2,0.0,0,0,2017-04-17,34400900,6501.2,1,0,0,0,0,0,0,0,0,6501.8,7,0,0,0,0,0,0,0,0
387,2017-04-17,09:33:21,400,IC1704,CCFX,6501.8,6493.6,6516.0,698,908143360,17762,18249,7173.2,5869.2,6521.2,6518.8,0.0,6505.2,0.0,0,0,2017-04-17,34401400,6500.8,3,0,0,0,0,0,0,0,0,6501.8,3,0,0,0,0,0,0,0,0
388,2017-04-17,09:33:21,900,IC1704,CCFX,6501.8,6493.6,6516.0,701,912044440,17761,18249,7173.2,5869.2,6521.2,6518.8,0.0,6505.2,0.0,0,0,2017-04-17,34401900,6500.8,3,0,0,0,0,0,0,0,0,6503.2,1,0,0,0,0,0,0,0,0
389,2017-04-17,09:33:22,400,IC1704,CCFX,6501.8,6493.6,6516.0,701,912044440,17761,18249,7173.2,5869.2,6521.2,6518.8,0.0,6505.2,0.0,0,0,2017-04-17,34402400,6502.4,1,0,0,0,0,0,0,0,0,6503.0,1,0,0,0,0,0,0,0,0
390,2017-04-17,09:33:22,900,IC1704,CCFX,6500.8,6493.6,6516.0,702,913344600,17761,18249,7173.2,5869.2,6521.2,6518.8,0.0,6505.2,0.0,0,0,2017-04-17,34402900,6500.8,2,0,0,0,0,0,0,0,0,6503.2,1,0,0,0,0,0,0,0,0
391,2017-04-17,09:33:23,400,IC1704,CCFX,6500.8,6493.6,6516.0,702,913344600,17761,18249,7173.2,5869.2,6521.2,6518.8,0.0,6505.2,0.0,0,0,2017-04-17,34403400,6501.0,1,0,0,0,0,0,0,0,0,6501.2,6,0,0,0,0,0,0,0,0
392,2017-04-17,09:33:23,900,IC1704,CCFX,6500.8,6493.6,6516.0,706,918545480,17761,18249,7173.2,5869.2,6521.2,6518.8,0.0,6505.2,0.0,0,0,2017-04-17,34403900,6500.8,1,0,0,0,0,0,0,0,0,6501.2,3,0,0,0,0,0,0,0,0
393,2017-04-17,09:33:24,400,IC1704,CCFX,6501.2,6493.6,6516.0,707,919845720,17760,18249,7173.2,5869.2,6521.2,6518.8,0.0,6505.2,0.0,0,0,2017-04-17,34404400,6500.8,1,0,0,0,0,0,0,0,0,6501.2,2,0,0,0,0,0,0,0,0
394,2017-04-17,09:33:24,900,IC1704,CCFX,6501.2,6493.6,6516.0,709,922446200,17758,18249,7173.2,5869.2,6521.2,6518.8,0.0,6505.2,0.0,0,0,2017-04-17,34404900,6501.0,2,0,0,0,0,0,0,0,0,6502.8,1,0,0,0,0,0,0,0,0
395,2017-04-17,09:33:25,400,IC1704,CCFX,6501.2,6493.6,6516.0,709,922446200,17758,18249,7173.2,5869.2,6521.2,6518.8,0.0,6505.2,0.0,0,0,2017-04-17,34405400,6501.0,2,0,0,0,0,0,0,0,0,6502.8,1,0,0,0,0,0,0,0,0
396,2017-04-17,09:33:25,900,IC1704,CCFX,6501.2,6493.6,6516.0,709,922446200,17758,18249,7173.2,5869.2,6521.2,6518.8,0.0,6505.2,0.0,0,0,2017-04-17,34405900,6501.0,1,0,0,0,0,0,0,0,0,6502.8,1,0,0,0,0,0,0,0,0
397,2017-04-17,09:33:26,400,IC1704,CCFX,6501.2,6493.6,6516.0,709,922446200,17758,18249,7173.2,5869.2,6521.2,6518.8,0.0,6505.2,0.0,0,0,2017-04-17,34406400,6501.0,1,0,0,0,0,0,0,0,0,6502.8,1,0,0,0,0,0,0,0,0
398,2017-04-17,09:33:26,900,IC1704,CCFX,6501.0,6493.6,6516.0,710,923746400,17757,18249,7173.2,5869.2,6521.2,6518.8,0.0,6505.2,0.0,0,0,2017-04-17,34406900,6500.8,1,0,0,0,0,0,0,0,0,6502.8,1,0,0,0,0,0,0,0,0
399,2017-04-17,09:33:27,400,IC1704,CCFX,6501.0,6493.6,6516.0,710,923746400,17757,18249,7173.2,5869.2,6521.2,6518.8,0.0,6505.2,0.0,0,0,2017-04-17,34407400,6500.8,1,0,0,0,0,0,0,0,0,6502.6,1,0,0,0,0,0,0,0,0
400,2017-04-17,09:33:29,900,IC1704,CCFX,6501.0,6493.6,6516.0,710,923746400,17757,18249,7173.2,5869.2,6521.2,6518.8,0.0,6505.2,0.0,0,0,2017-04-17,34409900,6501.0,1,0,0,0,0,0,0,0,0,6502.6,1,0,0,0,0,0,0,0,0
401,2017-04-17,09:33:30,400,IC1704,CCFX,6501.0,6493.6,6516.0,710,923746400,17757,18249,7173.2,5869.2,6521.2,6518.8,0.0,6505.2,0.0,0,0,2017-04-17,34410400,6501.0,1,0,0,0,0,0,0,0,0,6502.8,1,0,0,0,0,0,0,0,0
402,2017-04-17,09:33:31,400,IC1704,CCFX,6501.0,6493.6,6516.0,710,923746400,17757,18249,7173.2,5869.2,6521.2,6518.8,0.0,6505.2,0.0,0,0,2017-04-17,34411400,6501.0,1,0,0,0,0,0,0,0,0,6502.8,1,0,0,0,0,0,0,0,0
403,2017-04-17,09:33:31,900,IC1704,CCFX,6500.8,6493.6,6516.0,713,927646960,17755,18249,7173.2,5869.2,6521.2,6518.8,0.0,6505.2,0.0,0,0,2017-04-17,34411900,6500.6,1,0,0,0,0,0,0,0,0,6500.8,3,0,0,0,0,0,0,0,0
404,2017-04-17,09:33:32,400,IC1704,CCFX,6500.8,6493.6,6516.0,713,927646960,17755,18249,7173.2,5869.2,6521.2,6518.8,0.0,6505.2,0.0,0,0,2017-04-17,34412400,6500.6,2,0,0,0,0,0,0,0,0,6500.8,3,0,0,0,0,0,0,0,0
405,2017-04-17,09:33:32,900,IC1704,CCFX,6500.8,6493.6,6516.0,716,931547440,17753,18249,7173.2,5869.2,6521.2,6518.8,0.0,6505.2,0.0,0,0,2017-04-17,34412900,6500.6,2,0,0,0,0,0,0,0,0,6502.8,1,0,0,0,0,0,0,0,0
406,2017-04-17,09:33:33,400,IC1704,CCFX,6500.8,6493.6,6516.0,716,931547440,17753,18249,7173.2,5869.2,6521.2,6518.8,0.0,6505.2,0.0,0,0,2017-04-17,34413400,6500.6,1,0,0,0,0,0,0,0,0,6502.6,1,0,0,0,0,0,0,0,0
407,2017-04-17,09:33:33,900,IC1704,CCFX,6500.8,6493.6,6516.0,716,931547440,17753,18249,7173.2,5869.2,6521.2,6518.8,0.0,6505.2,0.0,0,0,2017-04-17,34413900,6501.6,1,0,0,0,0,0,0,0,0,6502.6,1,0,0,0,0,0,0,0,0
408,2017-04-17,09:33:34,400,IC1704,CCFX,6500.8,6493.6,6516.0,716,931547440,17753,18249,7173.2,5869.2,6521.2,6518.8,0.0,6505.2,0.0,0,0,2017-04-17,34414400,6501.6,1,0,0,0,0,0,0,0,0,6502.8,1,0,0,0,0,0,0,0,0
409,2017-04-17,09:33:35,400,IC1704,CCFX,6502.8,6493.6,6516.0,717,932848000,17752,18249,7173.2,5869.2,6521.2,6518.8,0.0,6505.2,0.0,0,0,2017-04-17,34415400,6502.6,1,0,0,0,0,0,0,0,0,6503.2,1,0,0,0,0,0,0,0,0
410,2017-04-17,09:33:35,900,IC1704,CCFX,6502.8,6493.6,6516.0,717,932848000,17752,18249,7173.2,5869.2,6521.2,6518.8,0.0,6505.2,0.0,0,0,2017-04-17,34415900,6502.6,1,0,0,0,0,0,0,0,0,6503.2,1,0,0,0,0,0,0,0,0
411,2017-04-17,09:33:36,900,IC1704,CCFX,6502.6,6493.6,6516.0,719,935449160,17750,18249,7173.2,5869.2,6521.2,6518.8,0.0,6505.2,0.0,0,0,2017-04-17,34416900,6503.2,1,0,0,0,0,0,0,0,0,6503.4,1,0,0,0,0,0,0,0,0
412,2017-04-17,09:33:37,400,IC1704,CCFX,6503.4,6493.6,6516.0,720,936749840,17749,18249,7173.2,5869.2,6521.2,6518.8,0.0,6505.2,0.0,0,0,2017-04-17,34417400,6503.2,1,0,0,0,0,0,0,0,0,6503.6,1,0,0,0,0,0,0,0,0
413,2017-04-17,09:33:37,900,IC1704,CCFX,6503.6,6493.6,6516.0,721,938050560,17749,18249,7173.2,5869.2,6521.2,6518.8,0.0,6505.2,0.0,0,0,2017-04-17,34417900,6503.2,1,0,0,0,0,0,0,0,0,6503.8,1,0,0,0,0,0,0,0,0
414,2017-04-17,09:33:38,400,IC1704,CCFX,6503.6,6493.6,6516.0,721,938050560,17749,18249,7173.2,5869.2,6521.2,6518.8,0.0,6505.2,0.0,0,0,2017-04-17,34418400,6503.2,1,0,0,0,0,0,0,0,0,6503.8,1,0,0,0,0,0,0,0,0
415,2017-04-17,09:33:38,900,IC1704,CCFX,6502.6,6493.6,6516.0,725,943253120,17745,18249,7173.2,5869.2,6521.2,6518.8,0.0,6505.2,0.0,0,0,2017-04-17,34418900,6501.6,1,0,0,0,0,0,0,0,0,6502.6,1,0,0,0,0,0,0,0,0
416,2017-04-17,09:33:39,400,IC1704,CCFX,6501.8,6493.6,6516.0,727,945854000,17743,18249,7173.2,5869.2,6521.2,6518.8,0.0,6505.2,0.0,0,0,2017-04-17,34419400,6501.6,1,0,0,0,0,0,0,0,0,6503.2,1,0,0,0,0,0,0,0,0
417,2017-04-17,09:33:39,900,IC1704,CCFX,6501.8,6493.6,6516.0,727,945854000,17743,18249,7173.2,5869.2,6521.2,6518.8,0.0,6505.2,0.0,0,0,2017-04-17,34419900,6501.8,1,0,0,0,0,0,0,0,0,6503.2,1,0,0,0,0,0,0,0,0
418,2017-04-17,09:33:40,400,IC1704,CCFX,6503.2,6493.6,6516.0,728,947154640,17743,18249,7173.2,5869.2,6521.2,6518.8,0.0,6505.2,0.0,0,0,2017-04-17,34420400,6501.6,1,0,0,0,0,0,0,0,0,6505.4,1,0,0,0,0,0,0,0,0
419,2017-04-17,09:33:40,900,IC1704,CCFX,6503.2,6493.6,6516.0,728,947154640,17743,18249,7173.2,5869.2,6521.2,6518.8,0.0,6505.2,0.0,0,0,2017-04-17,34420900,6501.6,1,0,0,0,0,0,0,0,0,6503.0,1,0,0,0,0,0,0,0,0
420,2017-04-17,09:33:41,400,IC1704,CCFX,6503.2,6493.6,6516.0,728,947154640,17743,18249,7173.2,5869.2,6521.2,6518.8,0.0,6505.2,0.0,0,0,2017-04-17,34421400,6501.6,1,0,0,0,0,0,0,0,0,6503.0,1,0,0,0,0,0,0,0,0
421,2017-04-17,09:33:41,900,IC1704,CCFX,6503.0,6493.6,6516.0,729,948455240,17743,18249,7173.2,5869.2,6521.2,6518.8,0.0,6505.2,0.0,0,0,2017-04-17,34421900,6501.8,1,0,0,0,0,0,0,0,0,6505.0,1,0,0,0,0,0,0,0,0
422,2017-04-17,09:33:42,400,IC1704,CCFX,6503.0,6493.6,6516.0,729,948455240,17743,18249,7173.2,5869.2,6521.2,6518.8,0.0,6505.2,0.0,0,0,2017-04-17,34422400,6501.8,1,0,0,0,0,0,0,0,0,6504.8,2,0,0,0,0,0,0,0,0
423,2017-04-17,09:33:42,900,IC1704,CCFX,6504.8,6493.6,6516.0,730,949756200,17742,18249,7173.2,5869.2,6521.2,6518.8,0.0,6505.2,0.0,0,0,2017-04-17,34422900,6502.0,1,0,0,0,0,0,0,0,0,6504.8,1,0,0,0,0,0,0,0,0
424,2017-04-17,09:33:43,400,IC1704,CCFX,6504.8,6493.6,6516.0,730,949756200,17742,18249,7173.2,5869.2,6521.2,6518.8,0.0,6505.2,0.0,0,0,2017-04-17,34423400,6502.0,1,0,0,0,0,0,0,0,0,6504.4,1,0,0,0,0,0,0,0,0
425,2017-04-17,09:33:43,900,IC1704,CCFX,6504.8,6493.6,6516.0,730,949756200,17742,18249,7173.2,5869.2,6521.2,6518.8,0.0,6505.2,0.0,0,0,2017-04-17,34423900,6502.0,1,0,0,0,0,0,0,0,0,6504.2,1,0,0,0,0,0,0,0,0
426,2017-04-17,09:33:44,400,IC1704,CCFX,6501.6,6493.6,6516.0,733,953657280,17739,18249,7173.2,5869.2,6521.2,6518.8,0.0,6505.2,0.0,0,0,2017-04-17,34424400,6501.0,2,0,0,0,0,0,0,0,0,6501.6,1,0,0,0,0,0,0,0,0
427,2017-04-17,09:33:44,900,IC1704,CCFX,6504.2,6493.6,6516.0,735,956258440,17739,18249,7173.2,5869.2,6521.2,6518.8,0.0,6505.2,0.0,0,0,2017-04-17,34424900,6501.6,1,0,0,0,0,0,0,0,0,6504.4,1,0,0,0,0,0,0,0,0
428,2017-04-17,09:33:45,400,IC1704,CCFX,6504.2,6493.6,6516.0,735,956258440,17739,18249,7173.2,5869.2,6521.2,6518.8,0.0,6505.2,0.0,0,0,2017-04-17,34425400,6501.8,2,0,0,0,0,0,0,0,0,6504.2,1,0,0,0,0,0,0,0,0
429,2017-04-17,09:33:45,900,IC1704,CCFX,6504.2,6493.6,6516.0,735,956258440,17739,18249,7173.2,5869.2,6521.2,6518.8,0.0,6505.2,0.0,0,0,2017-04-17,34425900,6501.8,2,0,0,0,0,0,0,0,0,6504.2,1,0,0,0,0,0,0,0,0
430,2017-04-17,09:33:46,400,IC1704,CCFX,6504.2,6493.6,6516.0,735,956258440,17739,18249,7173.2,5869.2,6521.2,6518.8,0.0,6505.2,0.0,0,0,2017-04-17,34426400,6501.8,2,0,0,0,0,0,0,0,0,6504.0,1,0,0,0,0,0,0,0,0
431,2017-04-17,09:33:46,900,IC1704,CCFX,6504.2,6493.6,6516.0,735,956258440,17739,18249,7173.2,5869.2,6521.2,6518.8,0.0,6505.2,0.0,0,0,2017-04-17,34426900,6502.0,1,0,0,0,0,0,0,0,0,6504.0,1,0,0,0,0,0,0,0,0
432,2017-04-17,09:33:47,400,IC1704,CCFX,6504.2,6493.6,6516.0,735,956258440,17739,18249,7173.2,5869.2,6521.2,6518.8,0.0,6505.2,0.0,0,0,2017-04-17,34427400,6502.0,1,0,0,0,0,0,0,0,0,6503.8,1,0,0,0,0,0,0,0,0
433,2017-04-17,09:33:48,900,IC1704,CCFX,6504.2,6493.6,6516.0,735,956258440,17739,18249,7173.2,5869.2,6521.2,6518.8,0.0,6505.2,0.0,0,0,2017-04-17,34428900,6502.2,1,0,0,0,0,0,0,0,0,6503.8,1,0,0,0,0,0,0,0,0
434,2017-04-17,09:33:49,400,IC1704,CCFX,6502.4,6493.6,6516.0,737,958859720,17737,18249,7173.2,5869.2,6521.2,6518.8,0.0,6505.2,0.0,0,0,2017-04-17,34429400,6502.2,1,0,0,0,0,0,0,0,0,6504.0,1,0,0,0,0,0,0,0,0
435,2017-04-17,09:33:49,900,IC1704,CCFX,6502.4,6493.6,6516.0,737,958859720,17737,18249,7173.2,5869.2,6521.2,6518.8,0.0,6505.2,0.0,0,0,2017-04-17,34429900,6502.4,1,0,0,0,0,0,0,0,0,6504.0,1,0,0,0,0,0,0,0,0
436,2017-04-17,09:33:50,400,IC1704,CCFX,6502.4,6493.6,6516.0,737,958859720,17737,18249,7173.2,5869.2,6521.2,6518.8,0.0,6505.2,0.0,0,0,2017-04-17,34430400,6502.4,1,0,0,0,0,0,0,0,0,6504.0,1,0,0,0,0,0,0,0,0
437,2017-04-17,09:33:50,900,IC1704,CCFX,6502.4,6493.6,6516.0,737,958859720,17737,18249,7173.2,5869.2,6521.2,6518.8,0.0,6505.2,0.0,0,0,2017-04-17,34430900,6502.4,3,0,0,0,0,0,0,0,0,6504.0,1,0,0,0,0,0,0,0,0
438,2017-04-17,09:33:51,400,IC1704,CCFX,6502.4,6493.6,6516.0,737,958859720,17737,18249,7173.2,5869.2,6521.2,6518.8,0.0,6505.2,0.0,0,0,2017-04-17,34431400,6502.4,11,0,0,0,0,0,0,0,0,6504.0,1,0,0,0,0,0,0,0,0
439,2017-04-17,09:33:51,900,IC1704,CCFX,6504.2,6493.6,6516.0,739,961461360,17737,18249,7173.2,5869.2,6521.2,6518.8,0.0,6505.2,0.0,0,0,2017-04-17,34431900,6502.4,11,0,0,0,0,0,0,0,0,6505.2,5,0,0,0,0,0,0,0,0
440,2017-04-17,09:33:52,400,IC1704,CCFX,6504.2,6493.6,6516.0,739,961461360,17737,18249,7173.2,5869.2,6521.2,6518.8,0.0,6505.2,0.0,0,0,2017-04-17,34432400,6502.8,1,0,0,0,0,0,0,0,0,6505.2,5,0,0,0,0,0,0,0,0
441,2017-04-17,09:33:52,900,IC1704,CCFX,6504.2,6493.6,6516.0,739,961461360,17737,18249,7173.2,5869.2,6521.2,6518.8,0.0,6505.2,0.0,0,0,2017-04-17,34432900,6503.2,1,0,0,0,0,0,0,0,0,6505.2,5,0,0,0,0,0,0,0,0
442,2017-04-17,09:33:53,400,IC1704,CCFX,6503.2,6493.6,6516.0,740,962762000,17736,18249,7173.2,5869.2,6521.2,6518.8,0.0,6505.2,0.0,0,0,2017-04-17,34433400,6503.0,2,0,0,0,0,0,0,0,0,6505.2,5,0,0,0,0,0,0,0,0
443,2017-04-17,09:33:53,900,IC1704,CCFX,6503.2,6493.6,6516.0,740,962762000,17736,18249,7173.2,5869.2,6521.2,6518.8,0.0,6505.2,0.0,0,0,2017-04-17,34433900,6503.4,1,0,0,0,0,0,0,0,0,6503.8,1,0,0,0,0,0,0,0,0
444,2017-04-17,09:33:54,400,IC1704,CCFX,6503.8,6493.6,6516.0,741,964062760,17735,18249,7173.2,5869.2,6521.2,6518.8,0.0,6505.2,0.0,0,0,2017-04-17,34434400,6504.0,1,0,0,0,0,0,0,0,0,6505.2,5,0,0,0,0,0,0,0,0
445,2017-04-17,09:33:54,900,IC1704,CCFX,6505.2,6493.6,6516.0,742,965363800,17734,18249,7173.2,5869.2,6521.2,6518.8,0.0,6505.2,0.0,0,0,2017-04-17,34434900,6504.2,1,0,0,0,0,0,0,0,0,6505.2,4,0,0,0,0,0,0,0,0
446,2017-04-17,09:33:55,400,IC1704,CCFX,6505.2,6493.6,6516.0,742,965363800,17734,18249,7173.2,5869.2,6521.2,6518.8,0.0,6505.2,0.0,0,0,2017-04-17,34435400,6504.2,1,0,0,0,0,0,0,0,0,6505.2,4,0,0,0,0,0,0,0,0
447,2017-04-17,09:33:55,900,IC1704,CCFX,6505.2,6493.6,6516.0,742,965363800,17734,18249,7173.2,5869.2,6521.2,6518.8,0.0,6505.2,0.0,0,0,2017-04-17,34435900,6504.4,1,0,0,0,0,0,0,0,0,6505.2,4,0,0,0,0,0,0,0,0
448,2017-04-17,09:33:56,400,IC1704,CCFX,6504.4,6493.6,6516.0,743,966664680,17733,18249,7173.2,5869.2,6521.2,6518.8,0.0,6505.2,0.0,0,0,2017-04-17,34436400,6504.2,2,0,0,0,0,0,0,0,0,6505.2,4,0,0,0,0,0,0,0,0
449,2017-04-17,09:33:56,900,IC1704,CCFX,6504.4,6493.6,6516.0,743,966664680,17733,18249,7173.2,5869.2,6521.2,6518.8,0.0,6505.2,0.0,0,0,2017-04-17,34436900,6505.0,1,0,0,0,0,0,0,0,0,6505.2,4,0,0,0,0,0,0,0,0
450,2017-04-17,09:33:57,400,IC1704,CCFX,6505.2,6493.6,6516.0,746,970567800,17733,18249,7173.2,5869.2,6521.2,6518.8,0.0,6505.2,0.0,0,0,2017-04-17,34437400,6505.0,1,0,0,0,0,0,0,0,0,6505.2,1,0,0,0,0,0,0,0,0
451,2017-04-17,09:33:57,900,IC1704,CCFX,6505.2,6493.6,6516.0,747,971868840,17732,18249,7173.2,5869.2,6521.2,6518.8,0.0,6505.2,0.0,0,0,2017-04-17,34437900,6505.2,1,0,0,0,0,0,0,0,0,6505.4,1,0,0,0,0,0,0,0,0
452,2017-04-17,09:33:58,400,IC1704,CCFX,6505.2,6493.6,6516.0,747,971868840,17732,18249,7173.2,5869.2,6521.2,6518.8,0.0,6505.2,0.0,0,0,2017-04-17,34438400,6505.2,4,0,0,0,0,0,0,0,0,6505.4,1,0,0,0,0,0,0,0,0
453,2017-04-17,09:33:58,900,IC1704,CCFX,6505.4,6493.6,6516.0,749,974471000,17731,18249,7173.2,5869.2,6521.2,6518.8,0.0,6505.2,0.0,0,0,2017-04-17,34438900,6505.4,1,0,0,0,0,0,0,0,0,6506.8,1,0,0,0,0,0,0,0,0
454,2017-04-17,09:33:59,400,IC1704,CCFX,6506.8,6493.6,6516.0,750,975772360,17730,18249,7173.2,5869.2,6521.2,6518.8,0.0,6505.2,0.0,0,0,2017-04-17,34439400,6505.4,1,0,0,0,0,0,0,0,0,6508.0,10,0,0,0,0,0,0,0,0
455,2017-04-17,09:33:59,900,IC1704,CCFX,6505.6,6493.6,6516.0,751,977073480,17730,18249,7173.2,5869.2,6521.2,6518.8,0.0,6505.2,0.0,0,0,2017-04-17,34439900,6505.4,1,0,0,0,0,0,0,0,0,6508.0,10,0,0,0,0,0,0,0,0
456,2017-04-17,09:34:00,400,IC1704,CCFX,6505.6,6493.6,6516.0,751,977073480,17730,18249,7173.2,5869.2,6521.2,6518.8,0.0,6505.2,0.0,0,0,2017-04-17,34440400,6505.6,1,0,0,0,0,0,0,0,0,6507.8,1,0,0,0,0,0,0,0,0
457,2017-04-17,09:34:00,900,IC1704,CCFX,6505.6,6493.6,6516.0,751,977073480,17730,18249,7173.2,5869.2,6521.2,6518.8,0.0,6505.2,0.0,0,0,2017-04-17,34440900,6505.6,1,0,0,0,0,0,0,0,0,6507.8,2,0,0,0,0,0,0,0,0
458,2017-04-17,09:34:01,400,IC1704,CCFX,6507.8,6493.6,6516.0,752,978375040,17731,18249,7173.2,5869.2,6521.2,6518.8,0.0,6505.2,0.0,0,0,2017-04-17,34441400,6505.6,1,0,0,0,0,0,0,0,0,6507.8,1,0,0,0,0,0,0,0,0
459,2017-04-17,09:34:01,900,IC1704,CCFX,6508.0,6493.6,6516.0,754,980978200,17731,18249,7173.2,5869.2,6521.2,6518.8,0.0,6505.2,0.0,0,0,2017-04-17,34441900,6505.6,1,0,0,0,0,0,0,0,0,6508.0,9,0,0,0,0,0,0,0,0
460,2017-04-17,09:34:02,400,IC1704,CCFX,6508.0,6493.6,6516.0,754,980978200,17731,18249,7173.2,5869.2,6521.2,6518.8,0.0,6505.2,0.0,0,0,2017-04-17,34442400,6505.8,1,0,0,0,0,0,0,0,0,6508.0,9,0,0,0,0,0,0,0,0
461,2017-04-17,09:34:02,900,IC1704,CCFX,6508.0,6493.6,6516.0,754,980978200,17731,18249,7173.2,5869.2,6521.2,6518.8,0.0,6505.2,0.0,0,0,2017-04-17,34442900,6507.8,1,0,0,0,0,0,0,0,0,6508.0,9,0,0,0,0,0,0,0,0
462,2017-04-17,09:34:03,400,IC1704,CCFX,6507.8,6493.6,6516.0,755,982279760,17731,18249,7173.2,5869.2,6521.2,6518.8,0.0,6505.2,0.0,0,0,2017-04-17,34443400,6505.6,1,0,0,0,0,0,0,0,0,6508.0,9,0,0,0,0,0,0,0,0
463,2017-04-17,09:34:03,900,IC1704,CCFX,6507.8,6493.6,6516.0,756,983581320,17731,18249,7173.2,5869.2,6521.2,6518.8,0.0,6505.2,0.0,0,0,2017-04-17,34443900,6507.8,2,0,0,0,0,0,0,0,0,6508.0,9,0,0,0,0,0,0,0,0
464,2017-04-17,09:34:04,400,IC1704,CCFX,6507.8,6493.6,6516.0,758,986184440,17733,18249,7173.2,5869.2,6521.2,6518.8,0.0,6505.2,0.0,0,0,2017-04-17,34444400,6505.8,1,0,0,0,0,0,0,0,0,6507.4,1,0,0,0,0,0,0,0,0
465,2017-04-17,09:34:04,900,IC1704,CCFX,6507.8,6493.6,6516.0,758,986184440,17733,18249,7173.2,5869.2,6521.2,6518.8,0.0,6505.2,0.0,0,0,2017-04-17,34444900,6507.8,1,0,0,0,0,0,0,0,0,6508.0,9,0,0,0,0,0,0,0,0
466,2017-04-17,09:34:05,400,IC1704,CCFX,6507.8,6493.6,6516.0,759,987486000,17732,18249,7173.2,5869.2,6521.2,6518.8,0.0,6505.2,0.0,0,0,2017-04-17,34445400,6505.8,1,0,0,0,0,0,0,0,0,6507.4,1,0,0,0,0,0,0,0,0
467,2017-04-17,09:34:05,900,IC1704,CCFX,6505.8,6493.6,6516.0,760,988787160,17731,18249,7173.2,5869.2,6521.2,6518.8,0.0,6505.2,0.0,0,0,2017-04-17,34445900,6504.6,1,0,0,0,0,0,0,0,0,6505.0,1,0,0,0,0,0,0,0,0
468,2017-04-17,09:34:06,400,IC1704,CCFX,6505.0,6493.6,6516.0,761,990088160,17731,18249,7173.2,5869.2,6521.2,6518.8,0.0,6505.2,0.0,0,0,2017-04-17,34446400,6505.6,1,0,0,0,0,0,0,0,0,6508.0,9,0,0,0,0,0,0,0,0
469,2017-04-17,09:34:06,900,IC1704,CCFX,6508.0,6493.6,6516.0,762,991389760,17731,18249,7173.2,5869.2,6521.2,6518.8,0.0,6505.2,0.0,0,0,2017-04-17,34446900,6504.8,1,0,0,0,0,0,0,0,0,6508.0,8,0,0,0,0,0,0,0,0
470,2017-04-17,09:34:07,400,IC1704,CCFX,6508.0,6493.6,6516.0,762,991389760,17731,18249,7173.2,5869.2,6521.2,6518.8,0.0,6505.2,0.0,0,0,2017-04-17,34447400,6504.8,1,0,0,0,0,0,0,0,0,6507.6,1,0,0,0,0,0,0,0,0
471,2017-04-17,09:34:07,900,IC1704,CCFX,6507.6,6493.6,6516.0,764,993992880,17730,18249,7173.2,5869.2,6521.2,6518.8,0.0,6505.2,0.0,0,0,2017-04-17,34447900,6505.4,1,0,0,0,0,0,0,0,0,6508.0,8,0,0,0,0,0,0,0,0
472,2017-04-17,09:34:08,400,IC1704,CCFX,6507.6,6493.6,6516.0,764,993992880,17730,18249,7173.2,5869.2,6521.2,6518.8,0.0,6505.2,0.0,0,0,2017-04-17,34448400,6505.6,1,0,0,0,0,0,0,0,0,6508.0,8,0,0,0,0,0,0,0,0
473,2017-04-17,09:34:08,900,IC1704,CCFX,6507.6,6493.6,6516.0,764,993992880,17730,18249,7173.2,5869.2,6521.2,6518.8,0.0,6505.2,0.0,0,0,2017-04-17,34448900,6506.2,1,0,0,0,0,0,0,0,0,6508.0,8,0,0,0,0,0,0,0,0
474,2017-04-17,09:34:09,400,IC1704,CCFX,6508.0,6493.6,6516.0,765,995294480,17730,18249,7173.2,5869.2,6521.2,6518.8,0.0,6505.2,0.0,0,0,2017-04-17,34449400,6506.2,1,0,0,0,0,0,0,0,0,6508.0,7,0,0,0,0,0,0,0,0
475,2017-04-17,09:34:09,900,IC1704,CCFX,6508.0,6493.6,6516.0,766,996596080,17730,18249,7173.2,5869.2,6521.2,6518.8,0.0,6505.2,0.0,0,0,2017-04-17,34449900,6506.4,1,0,0,0,0,0,0,0,0,6508.0,6,0,0,0,0,0,0,0,0
476,2017-04-17,09:34:10,400,IC1704,CCFX,6508.0,6493.6,6516.0,766,996596080,17730,18249,7173.2,5869.2,6521.2,6518.8,0.0,6505.2,0.0,0,0,2017-04-17,34450400,6506.4,2,0,0,0,0,0,0,0,0,6508.0,6,0,0,0,0,0,0,0,0
477,2017-04-17,09:34:10,900,IC1704,CCFX,6508.0,6493.6,6516.0,766,996596080,17730,18249,7173.2,5869.2,6521.2,6518.8,0.0,6505.2,0.0,0,0,2017-04-17,34450900,6506.4,2,0,0,0,0,0,0,0,0,6507.8,1,0,0,0,0,0,0,0,0
478,2017-04-17,09:34:11,900,IC1704,CCFX,6506.4,6493.6,6516.0,768,999198960,17729,18249,7173.2,5869.2,6521.2,6518.8,0.0,6505.2,0.0,0,0,2017-04-17,34451900,6506.4,1,0,0,0,0,0,0,0,0,6508.0,6,0,0,0,0,0,0,0,0
479,2017-04-17,09:34:12,400,IC1704,CCFX,6508.0,6493.6,6516.0,769,1000500560,17729,18249,7173.2,5869.2,6521.2,6518.8,0.0,6505.2,0.0,0,0,2017-04-17,34452400,6506.4,1,0,0,0,0,0,0,0,0,6508.0,8,0,0,0,0,0,0,0,0
480,2017-04-17,09:34:13,400,IC1704,CCFX,6508.0,6493.6,6516.0,770,1001802160,17729,18249,7173.2,5869.2,6521.2,6518.8,0.0,6505.2,0.0,0,0,2017-04-17,34453400,6506.4,1,0,0,0,0,0,0,0,0,6508.0,7,0,0,0,0,0,0,0,0
481,2017-04-17,09:34:13,900,IC1704,CCFX,6506.4,6493.6,6516.0,771,1003103440,17728,18249,7173.2,5869.2,6521.2,6518.8,0.0,6505.2,0.0,0,0,2017-04-17,34453900,6506.2,1,0,0,0,0,0,0,0,0,6506.4,2,0,0,0,0,0,0,0,0
482,2017-04-17,09:34:14,400,IC1704,CCFX,6506.4,6493.6,6516.0,772,1004404720,17727,18249,7173.2,5869.2,6521.2,6518.8,0.0,6505.2,0.0,0,0,2017-04-17,34454400,6506.2,1,0,0,0,0,0,0,0,0,6506.4,1,0,0,0,0,0,0,0,0
483,2017-04-17,09:34:15,400,IC1704,CCFX,6506.4,6493.6,6516.0,773,1005706000,17726,18249,7173.2,5869.2,6521.2,6518.8,0.0,6505.2,0.0,0,0,2017-04-17,34455400,6506.6,1,0,0,0,0,0,0,0,0,6507.8,1,0,0,0,0,0,0,0,0
484,2017-04-17,09:34:15,900,IC1704,CCFX,6506.4,6493.6,6516.0,774,1007007280,17725,18249,7173.2,5869.2,6521.2,6518.8,0.0,6505.2,0.0,0,0,2017-04-17,34455900,6506.6,1,0,0,0,0,0,0,0,0,6507.8,1,0,0,0,0,0,0,0,0
485,2017-04-17,09:34:16,400,IC1704,CCFX,6506.4,6493.6,6516.0,774,1007007280,17725,18249,7173.2,5869.2,6521.2,6518.8,0.0,6505.2,0.0,0,0,2017-04-17,34456400,6506.6,1,0,0,0,0,0,0,0,0,6507.8,1,0,0,0,0,0,0,0,0
486,2017-04-17,09:34:17,400,IC1704,CCFX,6506.4,6493.6,6516.0,774,1007007280,17725,18249,7173.2,5869.2,6521.2,6518.8,0.0,6505.2,0.0,0,0,2017-04-17,34457400,6506.6,1,0,0,0,0,0,0,0,0,6507.8,1,0,0,0,0,0,0,0,0
487,2017-04-17,09:34:17,900,IC1704,CCFX,6507.8,6493.6,6516.0,775,1008308840,17725,18249,7173.2,5869.2,6521.2,6518.8,0.0,6505.2,0.0,0,0,2017-04-17,34457900,6506.6,1,0,0,0,0,0,0,0,0,6508.0,7,0,0,0,0,0,0,0,0
