,dataDate,dataTime,dataMillisec,instrumentID,exchangeCD,lastPrice,lowPrice,highPrice,volume,value,openInterest,preOpenInterest,upperLimitPrice,lowerLimitPrice,preSettlementPrice,prevClosePrice,settlementPrice,openPrice,closePrice,preDelta,currDelta,clearingDay,milliSecOffset,bidPrice1,bidVolume1,bidPrice2,bidVolume2,bidPrice3,bidVolume3,bidPrice4,bidVolume4,bidPrice5,bidVolume5,askPrice1,askVolume1,askPrice2,askVolume2,askPrice3,askVolume3,askPrice4,askVolume4,askPrice5,askVolume5
0,2017-04-17,00:00:00,0,IF1704,CCFX,3477.0,0.0,0.0,0,0,27310,27310,0.0,0,3478.8,3477,0.0,0,0.0,0,0,2017-04-17,0,0.0,0,0,0,0,0,0,0,0,0,0.0,0,0,0,0,0,0,0,0,0
1,2017-04-17,07:04:09,400,IF1704,CCFX,3477.0,0.0,0.0,0,0,27310,27310,3826.6,3131,3478.8,3477,0.0,0,0.0,0,0,2017-04-17,25449400,0.0,0,0,0,0,0,0,0,0,0,0.0,0,0,0,0,0,0,0,0,0
2,2017-04-17,09:29:00,400,IF1704,CCFX,3471.0,3471.0,3471.0,68,70808400,27256,27310,3826.6,3131,3478.8,3477,0.0,3471,0.0,0,0,2017-04-17,34140400,3471.0,1,0,0,0,0,0,0,0,0,3473.0,2,0,0,0,0,0,0,0,0
3,2017-04-17,09:30:00,400,IF1704,CCFX,3470.2,3470.2,3471.0,70,72890760,27254,27310,3826.6,3131,3478.8,3477,0.0,3471,0.0,0,0,2017-04-17,34200400,3471.4,2,0,0,0,0,0,0,0,0,3472.8,1,0,0,0,0,0,0,0,0
4,2017-04-17,09:30:00,900,IF1704,CCFX,3470.4,3470.2,3476.2,98,102062100,27238,27310,3826.6,3131,3478.8,3477,0.0,3471,0.0,0,0,2017-04-17,34200900,3470.2,3,0,0,0,0,0,0,0,0,3470.4,4,0,0,0,0,0,0,0,0
5,2017-04-17,09:30:01,400,IF1704,CCFX,3470.2,3470.0,3476.2,113,117681780,27223,27310,3826.6,3131,3478.8,3477,0.0,3471,0.0,0,0,2017-04-17,34201400,3470.8,2,0,0,0,0,0,0,0,0,3471.0,4,0,0,0,0,0,0,0,0
6,2017-04-17,09:30:01,900,IF1704,CCFX,3471.0,3470.0,3476.2,118,122887680,27220,27310,3826.6,3131,3478.8,3477,0.0,3471,0.0,0,0,2017-04-17,34201900,3470.4,1,0,0,0,0,0,0,0,0,3470.8,2,0,0,0,0,0,0,0,0
7,2017-04-17,09:30:02,400,IF1704,CCFX,3470.8,3470.0,3476.2,126,131217240,27214,27310,3826.6,3131,3478.8,3477,0.0,3471,0.0,0,0,2017-04-17,34202400,3470.0,2,0,0,0,0,0,0,0,0,3471.0,4,0,0,0,0,0,0,0,0
8,2017-04-17,09:30:02,900,IF1704,CCFX,3471.0,3470.0,3476.2,133,138506340,27208,27310,3826.6,3131,3478.8,3477,0.0,3471,0.0,0,0,2017-04-17,34202900,3470.2,1,0,0,0,0,0,0,0,0,3471.0,2,0,0,0,0,0,0,0,0
9,2017-04-17,09:30:03,400,IF1704,CCFX,3471.0,3470.0,3476.2,135,140588940,27206,27310,3826.6,3131,3478.8,3477,0.0,3471,0.0,0,0,2017-04-17,34203400,3470.2,1,0,0,0,0,0,0,0,0,3470.8,3,0,0,0,0,0,0,0,0
10,2017-04-17,09:30:03,900,IF1704,CCFX,3470.0,3470.0,3476.2,138,143712480,27204,27310,3826.6,3131,3478.8,3477,0.0,3471,0.0,0,0,2017-04-17,34203900,3470.0,2,0,0,0,0,0,0,0,0,3470.6,1,0,0,0,0,0,0,0,0
11,2017-04-17,09:30:04,400,IF1704,CCFX,3470.0,3470.0,3476.2,143,148918080,27199,27310,3826.6,3131,3478.8,3477,0.0,3471,0.0,0,0,2017-04-17,34204400,3470.0,3,0,0,0,0,0,0,0,0,3470.8,2,0,0,0,0,0,0,0,0
12,2017-04-17,09:30:04,900,IF1704,CCFX,3470.0,3470.0,3476.2,148,154124040,27194,27310,3826.6,3131,3478.8,3477,0.0,3471,0.0,0,0,2017-04-17,34204900,3470.0,2,0,0,0,0,0,0,0,0,3470.2,4,0,0,0,0,0,0,0,0
13,2017-04-17,09:30:05,400,IF1704,CCFX,3470.0,3470.0,3476.2,150,156206040,27192,27310,3826.6,3131,3478.8,3477,0.0,3471,0.0,0,0,2017-04-17,34205400,3469.0,1,0,0,0,0,0,0,0,0,3469.6,1,0,0,0,0,0,0,0,0
14,2017-04-17,09:30:05,900,IF1704,CCFX,3469.2,3468.4,3476.2,157,163491480,27185,27310,3826.6,3131,3478.8,3477,0.0,3471,0.0,0,0,2017-04-17,34205900,3468.2,3,0,0,0,0,0,0,0,0,3469.2,1,0,0,0,0,0,0,0,0
15,2017-04-17,09:30:06,400,IF1704,CCFX,3469.0,3468.4,3476.2,161,167654160,27181,27310,3826.6,3131,3478.8,3477,0.0,3471,0.0,0,0,2017-04-17,34206400,3468.4,2,0,0,0,0,0,0,0,0,3469.2,2,0,0,0,0,0,0,0,0
16,2017-04-17,09:30:06,900,IF1704,CCFX,3468.6,3468.4,3476.2,165,171816660,27178,27310,3826.6,3131,3478.8,3477,0.0,3471,0.0,0,0,2017-04-17,34206900,3468.6,1,0,0,0,0,0,0,0,0,3469.2,2,0,0,0,0,0,0,0,0
17,2017-04-17,09:30:07,400,IF1704,CCFX,3468.8,3468.4,3476.2,174,181183200,27170,27310,3826.6,3131,3478.8,3477,0.0,3471,0.0,0,0,2017-04-17,34207400,3468.2,4,0,0,0,0,0,0,0,0,3470.0,1,0,0,0,0,0,0,0,0
18,2017-04-17,09:30:07,900,IF1704,CCFX,3468.4,3468.4,3476.2,177,184304760,27167,27310,3826.6,3131,3478.8,3477,0.0,3471,0.0,0,0,2017-04-17,34207900,3468.2,4,0,0,0,0,0,0,0,0,3468.4,2,0,0,0,0,0,0,0,0
19,2017-04-17,09:30:08,400,IF1704,CCFX,3468.4,3468.2,3476.2,184,191589420,27161,27310,3826.6,3131,3478.8,3477,0.0,3471,0.0,0,0,2017-04-17,34208400,3470.4,1,0,0,0,0,0,0,0,0,3471.0,5,0,0,0,0,0,0,0,0
20,2017-04-17,09:30:08,900,IF1704,CCFX,3469.6,3468.2,3476.2,186,193671420,27159,27310,3826.6,3131,3478.8,3477,0.0,3471,0.0,0,0,2017-04-17,34208900,3468.6,2,0,0,0,0,0,0,0,0,3470.4,4,0,0,0,0,0,0,0,0
21,2017-04-17,09:30:09,400,IF1704,CCFX,3469.8,3468.2,3476.2,188,195753300,27158,27310,3826.6,3131,3478.8,3477,0.0,3471,0.0,0,0,2017-04-17,34209400,3468.8,1,0,0,0,0,0,0,0,0,3469.8,1,0,0,0,0,0,0,0,0
22,2017-04-17,09:30:09,900,IF1704,CCFX,3468.6,3468.2,3476.2,190,197834520,27156,27310,3826.6,3131,3478.8,3477,0.0,3471,0.0,0,0,2017-04-17,34209900,3468.4,1,0,0,0,0,0,0,0,0,3469.6,3,0,0,0,0,0,0,0,0
23,2017-04-17,09:30:10,400,IF1704,CCFX,3469.4,3468.2,3476.2,192,199916160,27154,27310,3826.6,3131,3478.8,3477,0.0,3471,0.0,0,0,2017-04-17,34210400,3469.0,1,0,0,0,0,0,0,0,0,3469.6,4,0,0,0,0,0,0,0,0
24,2017-04-17,09:30:10,900,IF1704,CCFX,3468.4,3468.2,3476.2,196,204078840,27152,27310,3826.6,3131,3478.8,3477,0.0,3471,0.0,0,0,2017-04-17,34210900,3468.2,3,0,0,0,0,0,0,0,0,3469.6,5,0,0,0,0,0,0,0,0
25,2017-04-17,09:30:11,400,IF1704,CCFX,3468.4,3468.2,3476.2,200,208240920,27148,27310,3826.6,3131,3478.8,3477,0.0,3471,0.0,0,0,2017-04-17,34211400,3468.2,3,0,0,0,0,0,0,0,0,3468.4,1,0,0,0,0,0,0,0,0
26,2017-04-17,09:30:11,900,IF1704,CCFX,3468.2,3468.2,3476.2,206,214484160,27142,27310,3826.6,3131,3478.8,3477,0.0,3471,0.0,0,0,2017-04-17,34211900,3468.0,16,0,0,0,0,0,0,0,0,3468.2,1,0,0,0,0,0,0,0,0
27,2017-04-17,09:30:12,400,IF1704,CCFX,3468.2,3468.0,3476.2,210,218645940,27138,27310,3826.6,3131,3478.8,3477,0.0,3471,0.0,0,0,2017-04-17,34212400,3468.0,15,0,0,0,0,0,0,0,0,3468.2,2,0,0,0,0,0,0,0,0
28,2017-04-17,09:30:12,900,IF1704,CCFX,3468.2,3468.0,3476.2,217,225928980,27132,27310,3826.6,3131,3478.8,3477,0.0,3471,0.0,0,0,2017-04-17,34212900,3468.4,1,0,0,0,0,0,0,0,0,3469.6,1,0,0,0,0,0,0,0,0
29,2017-04-17,09:30:13,400,IF1704,CCFX,3468.6,3468.0,3476.2,219,228010020,27130,27310,3826.6,3131,3478.8,3477,0.0,3471,0.0,0,0,2017-04-17,34213400,3468.0,12,0,0,0,0,0,0,0,0,3468.4,6,0,0,0,0,0,0,0,0
30,2017-04-17,09:30:13,900,IF1704,CCFX,3468.0,3468.0,3476.2,230,239454420,27120,27310,3826.6,3131,3478.8,3477,0.0,3471,0.0,0,0,2017-04-17,34213900,3468.0,1,0,0,0,0,0,0,0,0,3468.2,5,0,0,0,0,0,0,0,0
31,2017-04-17,09:30:14,400,IF1704,CCFX,3468.2,3467.8,3476.2,235,244656420,27116,27310,3826.6,3131,3478.8,3477,0.0,3471,0.0,0,0,2017-04-17,34214400,3467.8,3,0,0,0,0,0,0,0,0,3468.2,5,0,0,0,0,0,0,0,0
32,2017-04-17,09:30:14,900,IF1704,CCFX,3467.6,3467.6,3476.2,239,248817720,27112,27310,3826.6,3131,3478.8,3477,0.0,3471,0.0,0,0,2017-04-17,34214900,3467.0,1,0,0,0,0,0,0,0,0,3467.8,6,0,0,0,0,0,0,0,0
33,2017-04-17,09:30:15,400,IF1704,CCFX,3467.0,3467.0,3476.2,240,249857820,27112,27310,3826.6,3131,3478.8,3477,0.0,3471,0.0,0,0,2017-04-17,34215400,3466.8,1,0,0,0,0,0,0,0,0,3467.0,1,0,0,0,0,0,0,0,0
34,2017-04-17,09:30:15,900,IF1704,CCFX,3466.8,3466.8,3476.2,244,254018040,27109,27310,3826.6,3131,3478.8,3477,0.0,3471,0.0,0,0,2017-04-17,34215900,3466.2,6,0,0,0,0,0,0,0,0,3467.2,4,0,0,0,0,0,0,0,0
35,2017-04-17,09:30:16,400,IF1704,CCFX,3467.2,3466.8,3476.2,247,257138460,27106,27310,3826.6,3131,3478.8,3477,0.0,3471,0.0,0,0,2017-04-17,34216400,3466.4,1,0,0,0,0,0,0,0,0,3467.2,2,0,0,0,0,0,0,0,0
36,2017-04-17,09:30:16,900,IF1704,CCFX,3466.6,3466.2,3476.2,256,266498100,27097,27310,3826.6,3131,3478.8,3477,0.0,3471,0.0,0,0,2017-04-17,34216900,3466.4,1,0,0,0,0,0,0,0,0,3466.6,3,0,0,0,0,0,0,0,0
37,2017-04-17,09:30:17,400,IF1704,CCFX,3466.4,3466.2,3476.2,265,275857500,27089,27310,3826.6,3131,3478.8,3477,0.0,3471,0.0,0,0,2017-04-17,34217400,3466.0,1,0,0,0,0,0,0,0,0,3466.4,3,0,0,0,0,0,0,0,0
38,2017-04-17,09:30:17,900,IF1704,CCFX,3466.4,3466.2,3476.2,268,278977260,27086,27310,3826.6,3131,3478.8,3477,0.0,3471,0.0,0,0,2017-04-17,34217900,3466.0,1,0,0,0,0,0,0,0,0,3466.2,3,0,0,0,0,0,0,0,0
39,2017-04-17,09:30:18,400,IF1704,CCFX,3466.2,3465.2,3476.2,271,282096480,27083,27310,3826.6,3131,3478.8,3477,0.0,3471,0.0,0,0,2017-04-17,34218400,3465.0,2,0,0,0,0,0,0,0,0,3466.0,2,0,0,0,0,0,0,0,0
40,2017-04-17,09:30:18,900,IF1704,CCFX,3465.4,3465.2,3476.2,275,286255680,27079,27310,3826.6,3131,3478.8,3477,0.0,3471,0.0,0,0,2017-04-17,34218900,3465.0,2,0,0,0,0,0,0,0,0,3465.8,1,0,0,0,0,0,0,0,0
41,2017-04-17,09:30:19,400,IF1704,CCFX,3466.0,3465.0,3476.2,287,298732200,27069,27310,3826.6,3131,3478.8,3477,0.0,3471,0.0,0,0,2017-04-17,34219400,3465.4,1,0,0,0,0,0,0,0,0,3466.0,7,0,0,0,0,0,0,0,0
42,2017-04-17,09:30:19,900,IF1704,CCFX,3465.4,3465.0,3476.2,290,301851420,27068,27310,3826.6,3131,3478.8,3477,0.0,3471,0.0,0,0,2017-04-17,34219900,3465.0,1,0,0,0,0,0,0,0,0,3465.8,6,0,0,0,0,0,0,0,0
43,2017-04-17,09:30:20,400,IF1704,CCFX,3465.4,3465.0,3476.2,290,301851420,27068,27310,3826.6,3131,3478.8,3477,0.0,3471,0.0,0,0,2017-04-17,34220400,3465.0,1,0,0,0,0,0,0,0,0,3465.8,6,0,0,0,0,0,0,0,0
44,2017-04-17,09:30:20,900,IF1704,CCFX,3465.8,3465.0,3476.2,298,310169340,27064,27310,3826.6,3131,3478.8,3477,0.0,3471,0.0,0,0,2017-04-17,34220900,3465.0,1,0,0,0,0,0,0,0,0,3465.6,1,0,0,0,0,0,0,0,0
45,2017-04-17,09:30:21,400,IF1704,CCFX,3466.0,3465.0,3476.2,304,316407360,27058,27310,3826.6,3131,3478.8,3477,0.0,3471,0.0,0,0,2017-04-17,34221400,3465.0,2,0,0,0,0,0,0,0,0,3465.6,1,0,0,0,0,0,0,0,0
46,2017-04-17,09:30:21,900,IF1704,CCFX,3465.4,3465.0,3476.2,307,319526220,27056,27310,3826.6,3131,3478.8,3477,0.0,3471,0.0,0,0,2017-04-17,34221900,3465.0,2,0,0,0,0,0,0,0,0,3465.4,2,0,0,0,0,0,0,0,0
47,2017-04-17,09:30:22,400,IF1704,CCFX,3465.0,3465.0,3476.2,314,326803140,27049,27310,3826.6,3131,3478.8,3477,0.0,3471,0.0,0,0,2017-04-17,34222400,3465.0,1,0,0,0,0,0,0,0,0,3465.4,1,0,0,0,0,0,0,0,0
48,2017-04-17,09:30:22,900,IF1704,CCFX,3465.2,3465.0,3476.2,316,328882200,27048,27310,3826.6,3131,3478.8,3477,0.0,3471,0.0,0,0,2017-04-17,34222900,3464.8,8,0,0,0,0,0,0,0,0,3465.2,3,0,0,0,0,0,0,0,0
49,2017-04-17,09:30:23,400,IF1704,CCFX,3465.2,3465.0,3476.2,318,330961320,27046,27310,3826.6,3131,3478.8,3477,0.0,3471,0.0,0,0,2017-04-17,34223400,3464.8,8,0,0,0,0,0,0,0,0,3465.0,2,0,0,0,0,0,0,0,0
50,2017-04-17,09:30:23,900,IF1704,CCFX,3465.2,3464.8,3476.2,325,338237820,27042,27310,3826.6,3131,3478.8,3477,0.0,3471,0.0,0,0,2017-04-17,34223900,3464.8,2,0,0,0,0,0,0,0,0,3465.2,1,0,0,0,0,0,0,0,0
51,2017-04-17,09:30:24,400,IF1704,CCFX,3465.0,3464.8,3476.2,331,344474820,27037,27310,3826.6,3131,3478.8,3477,0.0,3471,0.0,0,0,2017-04-17,34224400,3465.2,1,0,0,0,0,0,0,0,0,3465.4,1,0,0,0,0,0,0,0,0
52,2017-04-17,09:30:24,900,IF1704,CCFX,3465.2,3464.8,3476.2,333,346553940,27035,27310,3826.6,3131,3478.8,3477,0.0,3471,0.0,0,0,2017-04-17,34224900,3465.0,2,0,0,0,0,0,0,0,0,3465.2,2,0,0,0,0,0,0,0,0
53,2017-04-17,09:30:25,400,IF1704,CCFX,3465.4,3464.8,3476.2,340,353830620,27029,27310,3826.6,3131,3478.8,3477,0.0,3471,0.0,0,0,2017-04-17,34225400,3464.4,1,0,0,0,0,0,0,0,0,3466.0,9,0,0,0,0,0,0,0,0
54,2017-04-17,09:30:25,900,IF1704,CCFX,3465.8,3464.8,3476.2,344,357989580,27025,27310,3826.6,3131,3478.8,3477,0.0,3471,0.0,0,0,2017-04-17,34225900,3465.2,2,0,0,0,0,0,0,0,0,3465.8,4,0,0,0,0,0,0,0,0
55,2017-04-17,09:30:26,400,IF1704,CCFX,3465.8,3464.8,3476.2,344,357989580,27025,27310,3826.6,3131,3478.8,3477,0.0,3471,0.0,0,0,2017-04-17,34226400,3465.2,2,0,0,0,0,0,0,0,0,3465.6,1,0,0,0,0,0,0,0,0
56,2017-04-17,09:30:26,900,IF1704,CCFX,3465.4,3464.8,3476.2,351,365266860,27022,27310,3826.6,3131,3478.8,3477,0.0,3471,0.0,0,0,2017-04-17,34226900,3465.6,1,0,0,0,0,0,0,0,0,3465.8,5,0,0,0,0,0,0,0,0
57,2017-04-17,09:30:27,400,IF1704,CCFX,3465.8,3464.8,3476.2,359,373584600,27016,27310,3826.6,3131,3478.8,3477,0.0,3471,0.0,0,0,2017-04-17,34227400,3465.4,2,0,0,0,0,0,0,0,0,3465.8,1,0,0,0,0,0,0,0,0
58,2017-04-17,09:30:27,900,IF1704,CCFX,3466.0,3464.8,3476.2,367,381902580,27008,27310,3826.6,3131,3478.8,3477,0.0,3471,0.0,0,0,2017-04-17,34227900,3465.4,2,0,0,0,0,0,0,0,0,3466.0,6,0,0,0,0,0,0,0,0
59,2017-04-17,09:30:28,400,IF1704,CCFX,3466.0,3464.8,3476.2,368,382942380,27007,27310,3826.6,3131,3478.8,3477,0.0,3471,0.0,0,0,2017-04-17,34228400,3465.4,2,0,0,0,0,0,0,0,0,3465.6,3,0,0,0,0,0,0,0,0
60,2017-04-17,09:30:28,900,IF1704,CCFX,3465.4,3464.8,3476.2,376,391259820,27002,27310,3826.6,3131,3478.8,3477,0.0,3471,0.0,0,0,2017-04-17,34228900,3465.2,5,0,0,0,0,0,0,0,0,3465.4,1,0,0,0,0,0,0,0,0
61,2017-04-17,09:30:29,400,IF1704,CCFX,3466.0,3464.8,3476.2,381,396457920,26999,27310,3826.6,3131,3478.8,3477,0.0,3471,0.0,0,0,2017-04-17,34229400,3465.6,2,0,0,0,0,0,0,0,0,3466.0,3,0,0,0,0,0,0,0,0
62,2017-04-17,09:30:29,900,IF1704,CCFX,3466.0,3464.8,3476.2,381,396457920,26999,27310,3826.6,3131,3478.8,3477,0.0,3471,0.0,0,0,2017-04-17,34229900,3465.6,3,0,0,0,0,0,0,0,0,3465.8,1,0,0,0,0,0,0,0,0
63,2017-04-17,09:30:30,400,IF1704,CCFX,3466.0,3464.8,3476.2,386,401656500,27001,27310,3826.6,3131,3478.8,3477,0.0,3471,0.0,0,0,2017-04-17,34230400,3465.8,2,0,0,0,0,0,0,0,0,3466.0,2,0,0,0,0,0,0,0,0
64,2017-04-17,09:30:30,900,IF1704,CCFX,3465.8,3464.8,3476.2,391,406855200,27001,27310,3826.6,3131,3478.8,3477,0.0,3471,0.0,0,0,2017-04-17,34230900,3465.6,8,0,0,0,0,0,0,0,0,3466.0,2,0,0,0,0,0,0,0,0
65,2017-04-17,09:30:31,400,IF1704,CCFX,3465.8,3464.8,3476.2,395,411014220,27000,27310,3826.6,3131,3478.8,3477,0.0,3471,0.0,0,0,2017-04-17,34231400,3465.6,9,0,0,0,0,0,0,0,0,3465.8,2,0,0,0,0,0,0,0,0
66,2017-04-17,09:30:31,900,IF1704,CCFX,3465.8,3464.8,3476.2,401,417252480,26998,27310,3826.6,3131,3478.8,3477,0.0,3471,0.0,0,0,2017-04-17,34231900,3465.6,6,0,0,0,0,0,0,0,0,3465.8,2,0,0,0,0,0,0,0,0
67,2017-04-17,09:30:32,400,IF1704,CCFX,3465.6,3464.8,3476.2,419,435968100,26985,27310,3826.6,3131,3478.8,3477,0.0,3471,0.0,0,0,2017-04-17,34232400,3465.2,2,0,0,0,0,0,0,0,0,3466.2,17,0,0,0,0,0,0,0,0
68,2017-04-17,09:30:32,900,IF1704,CCFX,3466.0,3464.8,3476.2,422,439087260,26982,27310,3826.6,3131,3478.8,3477,0.0,3471,0.0,0,0,2017-04-17,34232900,3465.2,2,0,0,0,0,0,0,0,0,3466.0,2,0,0,0,0,0,0,0,0
69,2017-04-17,09:30:33,400,IF1704,CCFX,3465.8,3464.8,3476.2,424,441166740,26980,27310,3826.6,3131,3478.8,3477,0.0,3471,0.0,0,0,2017-04-17,34233400,3465.2,2,0,0,0,0,0,0,0,0,3465.6,1,0,0,0,0,0,0,0,0
70,2017-04-17,09:30:33,900,IF1704,CCFX,3465.6,3464.8,3476.2,427,444285900,26977,27310,3826.6,3131,3478.8,3477,0.0,3471,0.0,0,0,2017-04-17,34233900,3465.2,2,0,0,0,0,0,0,0,0,3465.4,1,0,0,0,0,0,0,0,0
71,2017-04-17,09:30:34,400,IF1704,CCFX,3465.2,3464.8,3476.2,434,451563960,26971,27310,3826.6,3131,3478.8,3477,0.0,3471,0.0,0,0,2017-04-17,34234400,3465.2,1,0,0,0,0,0,0,0,0,3465.6,3,0,0,0,0,0,0,0,0
72,2017-04-17,09:30:34,900,IF1704,CCFX,3465.2,3464.8,3476.2,435,452603520,26970,27310,3826.6,3131,3478.8,3477,0.0,3471,0.0,0,0,2017-04-17,34234900,3465.0,3,0,0,0,0,0,0,0,0,3465.4,1,0,0,0,0,0,0,0,0
73,2017-04-17,09:30:35,400,IF1704,CCFX,3466.0,3464.8,3476.2,438,455722800,26967,27310,3826.6,3131,3478.8,3477,0.0,3471,0.0,0,0,2017-04-17,34235400,3465.6,2,0,0,0,0,0,0,0,0,3466.2,15,0,0,0,0,0,0,0,0
74,2017-04-17,09:30:35,900,IF1704,CCFX,3466.2,3464.8,3476.2,439,456762660,26966,27310,3826.6,3131,3478.8,3477,0.0,3471,0.0,0,0,2017-04-17,34235900,3465.6,2,0,0,0,0,0,0,0,0,3466.2,14,0,0,0,0,0,0,0,0
75,2017-04-17,09:30:36,400,IF1704,CCFX,3466.2,3464.8,3476.2,441,458842380,26964,27310,3826.6,3131,3478.8,3477,0.0,3471,0.0,0,0,2017-04-17,34236400,3465.8,2,0,0,0,0,0,0,0,0,3466.2,12,0,0,0,0,0,0,0,0
76,2017-04-17,09:30:36,900,IF1704,CCFX,3466.4,3464.8,3476.2,455,473400540,26950,27310,3826.6,3131,3478.8,3477,0.0,3471,0.0,0,0,2017-04-17,34236900,3466.2,1,0,0,0,0,0,0,0,0,3468.0,1,0,0,0,0,0,0,0,0
77,2017-04-17,09:30:37,400,IF1704,CCFX,3466.4,3464.8,3476.2,455,473400540,26950,27310,3826.6,3131,3478.8,3477,0.0,3471,0.0,0,0,2017-04-17,34237400,3466.6,1,0,0,0,0,0,0,0,0,3467.8,4,0,0,0,0,0,0,0,0
78,2017-04-17,09:30:37,900,IF1704,CCFX,3467.8,3464.8,3476.2,456,474440880,26949,27310,3826.6,3131,3478.8,3477,0.0,3471,0.0,0,0,2017-04-17,34237900,3467.4,1,0,0,0,0,0,0,0,0,3467.8,2,0,0,0,0,0,0,0,0
79,2017-04-17,09:30:38,400,IF1704,CCFX,3468.0,3464.8,3476.2,464,482763240,26946,27310,3826.6,3131,3478.8,3477,0.0,3471,0.0,0,0,2017-04-17,34238400,3467.6,1,0,0,0,0,0,0,0,0,3468.2,1,0,0,0,0,0,0,0,0
80,2017-04-17,09:30:38,900,IF1704,CCFX,3467.6,3464.8,3476.2,470,489005160,26942,27310,3826.6,3131,3478.8,3477,0.0,3471,0.0,0,0,2017-04-17,34238900,3467.6,6,0,0,0,0,0,0,0,0,3469.2,1,0,0,0,0,0,0,0,0
81,2017-04-17,09:30:39,400,IF1704,CCFX,3467.6,3464.8,3476.2,470,489005160,26942,27310,3826.6,3131,3478.8,3477,0.0,3471,0.0,0,0,2017-04-17,34239400,3467.8,3,0,0,0,0,0,0,0,0,3469.0,3,0,0,0,0,0,0,0,0
82,2017-04-17,09:30:39,900,IF1704,CCFX,3467.6,3464.8,3476.2,472,491085720,26940,27310,3826.6,3131,3478.8,3477,0.0,3471,0.0,0,0,2017-04-17,34239900,3468.2,1,0,0,0,0,0,0,0,0,3468.6,1,0,0,0,0,0,0,0,0
83,2017-04-17,09:30:40,400,IF1704,CCFX,3468.2,3464.8,3476.2,473,492126180,26939,27310,3826.6,3131,3478.8,3477,0.0,3471,0.0,0,0,2017-04-17,34240400,3468.2,5,0,0,0,0,0,0,0,0,3468.4,1,0,0,0,0,0,0,0,0
84,2017-04-17,09:30:40,900,IF1704,CCFX,3468.4,3464.8,3476.2,475,494207220,26937,27310,3826.6,3131,3478.8,3477,0.0,3471,0.0,0,0,2017-04-17,34240900,3468.4,2,0,0,0,0,0,0,0,0,3468.6,2,0,0,0,0,0,0,0,0
85,2017-04-17,09:30:41,400,IF1704,CCFX,3472.4,3464.8,3476.2,487,506699040,26929,27310,3826.6,3131,3478.8,3477,0.0,3471,0.0,0,0,2017-04-17,34241400,3472.4,1,0,0,0,0,0,0,0,0,3472.8,2,0,0,0,0,0,0,0,0
86,2017-04-17,09:30:41,900,IF1704,CCFX,3472.0,3464.8,3476.2,504,524393280,26922,27310,3826.6,3131,3478.8,3477,0.0,3471,0.0,0,0,2017-04-17,34241900,3468.8,1,0,0,0,0,0,0,0,0,3472.0,3,0,0,0,0,0,0,0,0
87,2017-04-17,09:30:42,400,IF1704,CCFX,3468.6,3464.8,3476.2,510,530637480,26917,27310,3826.6,3131,3478.8,3477,0.0,3471,0.0,0,0,2017-04-17,34242400,3467.4,1,0,0,0,0,0,0,0,0,3471.6,3,0,0,0,0,0,0,0,0
88,2017-04-17,09:30:42,900,IF1704,CCFX,3467.6,3464.8,3476.2,512,532718100,26916,27310,3826.6,3131,3478.8,3477,0.0,3471,0.0,0,0,2017-04-17,34242900,3467.6,8,0,0,0,0,0,0,0,0,3469.6,1,0,0,0,0,0,0,0,0
89,2017-04-17,09:30:43,400,IF1704,CCFX,3469.4,3464.8,3476.2,515,535840560,26915,27310,3826.6,3131,3478.8,3477,0.0,3471,0.0,0,0,2017-04-17,34243400,3468.6,1,0,0,0,0,0,0,0,0,3469.2,1,0,0,0,0,0,0,0,0
90,2017-04-17,09:30:43,900,IF1704,CCFX,3468.6,3464.8,3476.2,517,537921720,26915,27310,3826.6,3131,3478.8,3477,0.0,3471,0.0,0,0,2017-04-17,34243900,3468.2,1,0,0,0,0,0,0,0,0,3468.8,1,0,0,0,0,0,0,0,0
91,2017-04-17,09:30:44,400,IF1704,CCFX,3468.8,3464.8,3476.2,522,543124320,26912,27310,3826.6,3131,3478.8,3477,0.0,3471,0.0,0,0,2017-04-17,34244400,3467.8,1,0,0,0,0,0,0,0,0,3468.8,5,0,0,0,0,0,0,0,0
92,2017-04-17,09:30:44,900,IF1704,CCFX,3468.8,3464.8,3476.2,522,543124320,26912,27310,3826.6,3131,3478.8,3477,0.0,3471,0.0,0,0,2017-04-17,34244900,3467.8,1,0,0,0,0,0,0,0,0,3468.6,1,0,0,0,0,0,0,0,0
93,2017-04-17,09:30:45,400,IF1704,CCFX,3468.8,3464.8,3476.2,522,543124320,26912,27310,3826.6,3131,3478.8,3477,0.0,3471,0.0,0,0,2017-04-17,34245400,3468.4,1,0,0,0,0,0,0,0,0,3468.6,2,0,0,0,0,0,0,0,0
94,2017-04-17,09:30:45,900,IF1704,CCFX,3468.6,3464.8,3476.2,524,545205420,26910,27310,3826.6,3131,3478.8,3477,0.0,3471,0.0,0,0,2017-04-17,34245900,3467.8,2,0,0,0,0,0,0,0,0,3468.6,1,0,0,0,0,0,0,0,0
95,2017-04-17,09:30:46,900,IF1704,CCFX,3468.6,3464.8,3476.2,526,547286520,26909,27310,3826.6,3131,3478.8,3477,0.0,3471,0.0,0,0,2017-04-17,34246900,3468.0,1,0,0,0,0,0,0,0,0,3468.8,5,0,0,0,0,0,0,0,0
96,2017-04-17,09:30:47,400,IF1704,CCFX,3468.6,3464.8,3476.2,530,551448420,26906,27310,3826.6,3131,3478.8,3477,0.0,3471,0.0,0,0,2017-04-17,34247400,3468.6,1,0,0,0,0,0,0,0,0,3468.8,5,0,0,0,0,0,0,0,0
97,2017-04-17,09:30:47,900,IF1704,CCFX,3468.8,3464.8,3476.2,534,555610980,26902,27310,3826.6,3131,3478.8,3477,0.0,3471,0.0,0,0,2017-04-17,34247900,3468.6,1,0,0,0,0,0,0,0,0,3468.8,1,0,0,0,0,0,0,0,0
98,2017-04-17,09:30:48,400,IF1704,CCFX,3468.8,3464.8,3476.2,535,556651620,26901,27310,3826.6,3131,3478.8,3477,0.0,3471,0.0,0,0,2017-04-17,34248400,3468.8,2,0,0,0,0,0,0,0,0,3469.0,3,0,0,0,0,0,0,0,0
99,2017-04-17,09:30:48,900,IF1704,CCFX,3469.0,3464.8,3476.2,538,559773720,26898,27310,3826.6,3131,3478.8,3477,0.0,3471,0.0,0,0,2017-04-17,34248900,3469.0,4,0,0,0,0,0,0,0,0,3470.2,2,0,0,0,0,0,0,0,0
100,2017-04-17,09:30:49,400,IF1704,CCFX,3469.0,3464.8,3476.2,538,559773720,26898,27310,3826.6,3131,3478.8,3477,0.0,3471,0.0,0,0,2017-04-17,34249400,3469.0,4,0,0,0,0,0,0,0,0,3470.2,2,0,0,0,0,0,0,0,0
101,2017-04-17,09:30:49,900,IF1704,CCFX,3469.0,3464.8,3476.2,538,559773720,26898,27310,3826.6,3131,3478.8,3477,0.0,3471,0.0,0,0,2017-04-17,34249900,3469.2,1,0,0,0,0,0,0,0,0,3470.0,1,0,0,0,0,0,0,0,0
102,2017-04-17,09:30:50,400,IF1704,CCFX,3469.0,3464.8,3476.2,538,559773720,26898,27310,3826.6,3131,3478.8,3477,0.0,3471,0.0,0,0,2017-04-17,34250400,3469.2,1,0,0,0,0,0,0,0,0,3470.0,1,0,0,0,0,0,0,0,0
103,2017-04-17,09:30:50,900,IF1704,CCFX,3469.0,3464.8,3476.2,539,560814420,26897,27310,3826.6,3131,3478.8,3477,0.0,3471,0.0,0,0,2017-04-17,34250900,3469.4,6,0,0,0,0,0,0,0,0,3470.0,1,0,0,0,0,0,0,0,0
104,2017-04-17,09:30:51,400,IF1704,CCFX,3469.0,3464.8,3476.2,539,560814420,26897,27310,3826.6,3131,3478.8,3477,0.0,3471,0.0,0,0,2017-04-17,34251400,3469.4,6,0,0,0,0,0,0,0,0,3470.2,11,0,0,0,0,0,0,0,0
105,2017-04-17,09:30:51,900,IF1704,CCFX,3469.4,3464.8,3476.2,540,561855240,26896,27310,3826.6,3131,3478.8,3477,0.0,3471,0.0,0,0,2017-04-17,34251900,3469.6,1,0,0,0,0,0,0,0,0,3470.2,11,0,0,0,0,0,0,0,0
106,2017-04-17,09:30:52,400,IF1704,CCFX,3470.2,3464.8,3476.2,542,563937300,26896,27310,3826.6,3131,3478.8,3477,0.0,3471,0.0,0,0,2017-04-17,34252400,3470.0,4,0,0,0,0,0,0,0,0,3470.2,10,0,0,0,0,0,0,0,0
107,2017-04-17,09:30:52,900,IF1704,CCFX,3470.2,3464.8,3476.2,551,573306720,26889,27310,3826.6,3131,3478.8,3477,0.0,3471,0.0,0,0,2017-04-17,34252900,3470.0,2,0,0,0,0,0,0,0,0,3470.2,3,0,0,0,0,0,0,0,0
108,2017-04-17,09:30:53,400,IF1704,CCFX,3470.2,3464.8,3476.2,555,577470960,26885,27310,3826.6,3131,3478.8,3477,0.0,3471,0.0,0,0,2017-04-17,34253400,3470.2,1,0,0,0,0,0,0,0,0,3470.6,2,0,0,0,0,0,0,0,0
109,2017-04-17,09:30:53,900,IF1704,CCFX,3470.6,3464.8,3476.2,556,578512140,26884,27310,3826.6,3131,3478.8,3477,0.0,3471,0.0,0,0,2017-04-17,34253900,3470.2,4,0,0,0,0,0,0,0,0,3470.6,1,0,0,0,0,0,0,0,0
110,2017-04-17,09:30:54,400,IF1704,CCFX,3470.6,3464.8,3476.2,557,579553320,26883,27310,3826.6,3131,3478.8,3477,0.0,3471,0.0,0,0,2017-04-17,34254400,3470.6,1,0,0,0,0,0,0,0,0,3470.8,2,0,0,0,0,0,0,0,0
111,2017-04-17,09:30:54,900,IF1704,CCFX,3470.8,3464.8,3476.2,559,581635740,26881,27310,3826.6,3131,3478.8,3477,0.0,3471,0.0,0,0,2017-04-17,34254900,3470.6,6,0,0,0,0,0,0,0,0,3470.8,1,0,0,0,0,0,0,0,0
112,2017-04-17,09:30:55,400,IF1704,CCFX,3470.8,3464.8,3476.2,561,583718220,26880,27310,3826.6,3131,3478.8,3477,0.0,3471,0.0,0,0,2017-04-17,34255400,3471.0,1,0,0,0,0,0,0,0,0,3471.6,2,0,0,0,0,0,0,0,0
113,2017-04-17,09:30:55,900,IF1704,CCFX,3471.6,3464.8,3476.2,563,585801180,26878,27310,3826.6,3131,3478.8,3477,0.0,3471,0.0,0,0,2017-04-17,34255900,3471.2,5,0,0,0,0,0,0,0,0,3472.8,2,0,0,0,0,0,0,0,0
114,2017-04-17,09:30:56,400,IF1704,CCFX,3471.4,3464.8,3476.2,564,586842600,26877,27310,3826.6,3131,3478.8,3477,0.0,3471,0.0,0,0,2017-04-17,34256400,3471.4,2,0,0,0,0,0,0,0,0,3472.6,1,0,0,0,0,0,0,0,0
115,2017-04-17,09:30:56,900,IF1704,CCFX,3472.4,3464.8,3476.2,566,588925740,26875,27310,3826.6,3131,3478.8,3477,0.0,3471,0.0,0,0,2017-04-17,34256900,3471.6,3,0,0,0,0,0,0,0,0,3472.4,1,0,0,0,0,0,0,0,0
116,2017-04-17,09:30:57,400,IF1704,CCFX,3472.2,3464.8,3476.2,569,592050600,26873,27310,3826.6,3131,3478.8,3477,0.0,3471,0.0,0,0,2017-04-17,34257400,3471.6,2,0,0,0,0,0,0,0,0,3472.8,2,0,0,0,0,0,0,0,0
117,2017-04-17,09:30:57,900,IF1704,CCFX,3472.6,3464.8,3476.2,571,594134160,26871,27310,3826.6,3131,3478.8,3477,0.0,3471,0.0,0,0,2017-04-17,34257900,3471.6,2,0,0,0,0,0,0,0,0,3472.6,3,0,0,0,0,0,0,0,0
118,2017-04-17,09:30:58,400,IF1704,CCFX,3471.6,3464.8,3476.2,573,596217120,26869,27310,3826.6,3131,3478.8,3477,0.0,3471,0.0,0,0,2017-04-17,34258400,3472.6,2,0,0,0,0,0,0,0,0,3472.8,3,0,0,0,0,0,0,0,0
119,2017-04-17,09:30:58,900,IF1704,CCFX,3472.8,3464.8,3476.2,585,608718240,26857,27310,3826.6,3131,3478.8,3477,0.0,3471,0.0,0,0,2017-04-17,34258900,3471.4,2,0,0,0,0,0,0,0,0,3472.8,5,0,0,0,0,0,0,0,0
120,2017-04-17,09:30:59,400,IF1704,CCFX,3472.6,3464.8,3476.2,589,612884760,26853,27310,3826.6,3131,3478.8,3477,0.0,3471,0.0,0,0,2017-04-17,34259400,3471.4,2,0,0,0,0,0,0,0,0,3472.4,1,0,0,0,0,0,0,0,0
121,2017-04-17,09:30:59,900,IF1704,CCFX,3472.2,3464.8,3476.2,590,613926420,26852,27310,3826.6,3131,3478.8,3477,0.0,3471,0.0,0,0,2017-04-17,34259900,3472.2,2,0,0,0,0,0,0,0,0,3472.4,2,0,0,0,0,0,0,0,0
122,2017-04-17,09:31:00,400,IF1704,CCFX,3471.4,3464.8,3476.2,594,618092640,26848,27310,3826.6,3131,3478.8,3477,0.0,3471,0.0,0,0,2017-04-17,34260400,3471.4,2,0,0,0,0,0,0,0,0,3472.2,1,0,0,0,0,0,0,0,0
123,2017-04-17,09:31:00,900,IF1704,CCFX,3471.4,3464.8,3476.2,596,620175480,26846,27310,3826.6,3131,3478.8,3477,0.0,3471,0.0,0,0,2017-04-17,34260900,3471.8,3,0,0,0,0,0,0,0,0,3472.2,2,0,0,0,0,0,0,0,0
124,2017-04-17,09:31:01,400,IF1704,CCFX,3472.2,3464.8,3476.2,598,622258800,26844,27310,3826.6,3131,3478.8,3477,0.0,3471,0.0,0,0,2017-04-17,34261400,3472.2,2,0,0,0,0,0,0,0,0,3472.4,2,0,0,0,0,0,0,0,0
125,2017-04-17,09:31:01,900,IF1704,CCFX,3472.2,3464.8,3476.2,604,628508940,26838,27310,3826.6,3131,3478.8,3477,0.0,3471,0.0,0,0,2017-04-17,34261900,3471.6,3,0,0,0,0,0,0,0,0,3472.2,1,0,0,0,0,0,0,0,0
126,2017-04-17,09:31:02,400,IF1704,CCFX,3472.2,3464.8,3476.2,604,628508940,26838,27310,3826.6,3131,3478.8,3477,0.0,3471,0.0,0,0,2017-04-17,34262400,3471.6,3,0,0,0,0,0,0,0,0,3472.2,1,0,0,0,0,0,0,0,0
127,2017-04-17,09:31:02,900,IF1704,CCFX,3472.2,3464.8,3476.2,605,629550600,26837,27310,3826.6,3131,3478.8,3477,0.0,3471,0.0,0,0,2017-04-17,34262900,3471.8,2,0,0,0,0,0,0,0,0,3472.4,1,0,0,0,0,0,0,0,0
128,2017-04-17,09:31:03,400,IF1704,CCFX,3471.8,3464.8,3476.2,607,631633680,26835,27310,3826.6,3131,3478.8,3477,0.0,3471,0.0,0,0,2017-04-17,34263400,3471.6,3,0,0,0,0,0,0,0,0,3471.8,1,0,0,0,0,0,0,0,0
129,2017-04-17,09:31:03,900,IF1704,CCFX,3471.8,3464.8,3476.2,608,632675220,26834,27310,3826.6,3131,3478.8,3477,0.0,3471,0.0,0,0,2017-04-17,34263900,3471.8,4,0,0,0,0,0,0,0,0,3472.2,3,0,0,0,0,0,0,0,0
130,2017-04-17,09:31:04,400,IF1704,CCFX,3472.4,3464.8,3476.2,612,636841920,26832,27310,3826.6,3131,3478.8,3477,0.0,3471,0.0,0,0,2017-04-17,34264400,3471.8,4,0,0,0,0,0,0,0,0,3472.4,1,0,0,0,0,0,0,0,0
131,2017-04-17,09:31:04,900,IF1704,CCFX,3472.0,3464.8,3476.2,613,637883520,26831,27310,3826.6,3131,3478.8,3477,0.0,3471,0.0,0,0,2017-04-17,34264900,3472.0,1,0,0,0,0,0,0,0,0,3472.4,1,0,0,0,0,0,0,0,0
132,2017-04-17,09:31:05,400,IF1704,CCFX,3472.0,3464.8,3476.2,613,637883520,26831,27310,3826.6,3131,3478.8,3477,0.0,3471,0.0,0,0,2017-04-17,34265400,3472.2,1,0,0,0,0,0,0,0,0,3472.4,1,0,0,0,0,0,0,0,0
133,2017-04-17,09:31:05,900,IF1704,CCFX,3472.2,3464.8,3476.2,614,638925180,26831,27310,3826.6,3131,3478.8,3477,0.0,3471,0.0,0,0,2017-04-17,34265900,3471.8,4,0,0,0,0,0,0,0,0,3472.4,2,0,0,0,0,0,0,0,0
134,2017-04-17,09:31:06,400,IF1704,CCFX,3472.2,3464.8,3476.2,614,638925180,26831,27310,3826.6,3131,3478.8,3477,0.0,3471,0.0,0,0,2017-04-17,34266400,3472.2,1,0,0,0,0,0,0,0,0,3472.4,2,0,0,0,0,0,0,0,0
135,2017-04-17,09:31:06,900,IF1704,CCFX,3472.2,3464.8,3476.2,617,642050280,26828,27310,3826.6,3131,3478.8,3477,0.0,3471,0.0,0,0,2017-04-17,34266900,3472.0,1,0,0,0,0,0,0,0,0,3472.2,1,0,0,0,0,0,0,0,0
136,2017-04-17,09:31:07,400,IF1704,CCFX,3472.2,3464.8,3476.2,618,643091940,26827,27310,3826.6,3131,3478.8,3477,0.0,3471,0.0,0,0,2017-04-17,34267400,3472.4,4,0,0,0,0,0,0,0,0,3472.6,1,0,0,0,0,0,0,0,0
137,2017-04-17,09:31:07,900,IF1704,CCFX,3472.0,3464.8,3476.2,624,649342020,26825,27310,3826.6,3131,3478.8,3477,0.0,3471,0.0,0,0,2017-04-17,34267900,3471.8,19,0,0,0,0,0,0,0,0,3472.0,2,0,0,0,0,0,0,0,0
138,2017-04-17,09:31:08,400,IF1704,CCFX,3471.8,3464.8,3476.2,630,655591380,26819,27310,3826.6,3131,3478.8,3477,0.0,3471,0.0,0,0,2017-04-17,34268400,3471.8,15,0,0,0,0,0,0,0,0,3472.6,2,0,0,0,0,0,0,0,0
139,2017-04-17,09:31:08,900,IF1704,CCFX,3471.8,3464.8,3476.2,630,655591380,26819,27310,3826.6,3131,3478.8,3477,0.0,3471,0.0,0,0,2017-04-17,34268900,3471.8,15,0,0,0,0,0,0,0,0,3472.0,1,0,0,0,0,0,0,0,0
140,2017-04-17,09:31:09,400,IF1704,CCFX,3471.8,3464.8,3476.2,637,662882160,26812,27310,3826.6,3131,3478.8,3477,0.0,3471,0.0,0,0,2017-04-17,34269400,3471.8,8,0,0,0,0,0,0,0,0,3472.0,1,0,0,0,0,0,0,0,0
141,2017-04-17,09:31:09,900,IF1704,CCFX,3471.8,3464.8,3476.2,647,673297620,26802,27310,3826.6,3131,3478.8,3477,0.0,3471,0.0,0,0,2017-04-17,34269900,3472.0,1,0,0,0,0,0,0,0,0,3472.4,1,0,0,0,0,0,0,0,0
142,2017-04-17,09:31:10,400,IF1704,CCFX,3472.0,3464.8,3476.2,651,677463960,26799,27310,3826.6,3131,3478.8,3477,0.0,3471,0.0,0,0,2017-04-17,34270400,3471.6,3,0,0,0,0,0,0,0,0,3472.0,2,0,0,0,0,0,0,0,0
143,2017-04-17,09:31:10,900,IF1704,CCFX,3471.8,3464.8,3476.2,655,681629940,26795,27310,3826.6,3131,3478.8,3477,0.0,3471,0.0,0,0,2017-04-17,34270900,3471.4,1,0,0,0,0,0,0,0,0,3471.8,1,0,0,0,0,0,0,0,0
144,2017-04-17,09:31:11,400,IF1704,CCFX,3471.0,3464.8,3476.2,659,685795260,26791,27310,3826.6,3131,3478.8,3477,0.0,3471,0.0,0,0,2017-04-17,34271400,3470.2,1,0,0,0,0,0,0,0,0,3471.0,1,0,0,0,0,0,0,0,0
145,2017-04-17,09:31:11,900,IF1704,CCFX,3470.2,3464.8,3476.2,662,688918920,26789,27310,3826.6,3131,3478.8,3477,0.0,3471,0.0,0,0,2017-04-17,34271900,3470.0,7,0,0,0,0,0,0,0,0,3471.6,2,0,0,0,0,0,0,0,0
146,2017-04-17,09:31:12,400,IF1704,CCFX,3471.4,3464.8,3476.2,665,692042820,26786,27310,3826.6,3131,3478.8,3477,0.0,3471,0.0,0,0,2017-04-17,34272400,3470.4,1,0,0,0,0,0,0,0,0,3471.4,1,0,0,0,0,0,0,0,0
147,2017-04-17,09:31:12,900,IF1704,CCFX,3470.6,3464.8,3476.2,667,694125480,26785,27310,3826.6,3131,3478.8,3477,0.0,3471,0.0,0,0,2017-04-17,34272900,3470.6,1,0,0,0,0,0,0,0,0,3471.6,1,0,0,0,0,0,0,0,0
148,2017-04-17,09:31:13,400,IF1704,CCFX,3470.2,3464.8,3476.2,670,697248840,26783,27310,3826.6,3131,3478.8,3477,0.0,3471,0.0,0,0,2017-04-17,34273400,3470.0,4,0,0,0,0,0,0,0,0,3470.2,2,0,0,0,0,0,0,0,0
149,2017-04-17,09:31:13,900,IF1704,CCFX,3470.2,3464.8,3476.2,672,699330960,26781,27310,3826.6,3131,3478.8,3477,0.0,3471,0.0,0,0,2017-04-17,34273900,3470.6,1,0,0,0,0,0,0,0,0,3471.0,2,0,0,0,0,0,0,0,0
150,2017-04-17,09:31:14,400,IF1704,CCFX,3470.6,3464.8,3476.2,673,700372140,26780,27310,3826.6,3131,3478.8,3477,0.0,3471,0.0,0,0,2017-04-17,34274400,3470.0,4,0,0,0,0,0,0,0,0,3471.0,2,0,0,0,0,0,0,0,0
151,2017-04-17,09:31:14,900,IF1704,CCFX,3471.0,3464.8,3476.2,674,701413440,26779,27310,3826.6,3131,3478.8,3477,0.0,3471,0.0,0,0,2017-04-17,34274900,3470.0,4,0,0,0,0,0,0,0,0,3471.0,1,0,0,0,0,0,0,0,0
152,2017-04-17,09:31:15,900,IF1704,CCFX,3471.0,3464.8,3476.2,674,701413440,26779,27310,3826.6,3131,3478.8,3477,0.0,3471,0.0,0,0,2017-04-17,34275900,3470.0,4,0,0,0,0,0,0,0,0,3470.2,1,0,0,0,0,0,0,0,0
153,2017-04-17,09:31:16,400,IF1704,CCFX,3470.6,3464.8,3476.2,675,702454620,26778,27310,3826.6,3131,3478.8,3477,0.0,3471,0.0,0,0,2017-04-17,34276400,3470.0,4,0,0,0,0,0,0,0,0,3471.0,2,0,0,0,0,0,0,0,0
154,2017-04-17,09:31:16,900,IF1704,CCFX,3471.0,3464.8,3476.2,677,704537160,26776,27310,3826.6,3131,3478.8,3477,0.0,3471,0.0,0,0,2017-04-17,34276900,3470.0,5,0,0,0,0,0,0,0,0,3471.0,1,0,0,0,0,0,0,0,0
155,2017-04-17,09:31:17,400,IF1704,CCFX,3471.0,3464.8,3476.2,679,706619460,26775,27310,3826.6,3131,3478.8,3477,0.0,3471,0.0,0,0,2017-04-17,34277400,3470.0,4,0,0,0,0,0,0,0,0,3471.2,1,0,0,0,0,0,0,0,0
156,2017-04-17,09:31:17,900,IF1704,CCFX,3471.0,3464.8,3476.2,679,706619460,26775,27310,3826.6,3131,3478.8,3477,0.0,3471,0.0,0,0,2017-04-17,34277900,3470.4,1,0,0,0,0,0,0,0,0,3471.2,1,0,0,0,0,0,0,0,0
157,2017-04-17,09:31:18,400,IF1704,CCFX,3471.0,3464.8,3476.2,679,706619460,26775,27310,3826.6,3131,3478.8,3477,0.0,3471,0.0,0,0,2017-04-17,34278400,3470.4,2,0,0,0,0,0,0,0,0,3471.2,1,0,0,0,0,0,0,0,0
158,2017-04-17,09:31:18,900,IF1704,CCFX,3471.0,3464.8,3476.2,679,706619460,26775,27310,3826.6,3131,3478.8,3477,0.0,3471,0.0,0,0,2017-04-17,34278900,3470.6,1,0,0,0,0,0,0,0,0,3471.2,1,0,0,0,0,0,0,0,0
159,2017-04-17,09:31:19,400,IF1704,CCFX,3471.0,3464.8,3476.2,684,711825840,26772,27310,3826.6,3131,3478.8,3477,0.0,3471,0.0,0,0,2017-04-17,34279400,3470.4,1,0,0,0,0,0,0,0,0,3471.4,3,0,0,0,0,0,0,0,0
160,2017-04-17,09:31:19,900,IF1704,CCFX,3470.4,3464.8,3476.2,685,712866960,26771,27310,3826.6,3131,3478.8,3477,0.0,3471,0.0,0,0,2017-04-17,34279900,3470.0,3,0,0,0,0,0,0,0,0,3470.6,1,0,0,0,0,0,0,0,0
161,2017-04-17,09:31:20,400,IF1704,CCFX,3470.6,3464.8,3476.2,686,713908140,26770,27310,3826.6,3131,3478.8,3477,0.0,3471,0.0,0,0,2017-04-17,34280400,3470.0,3,0,0,0,0,0,0,0,0,3471.4,3,0,0,0,0,0,0,0,0
162,2017-04-17,09:31:20,900,IF1704,CCFX,3470.6,3464.8,3476.2,686,713908140,26770,27310,3826.6,3131,3478.8,3477,0.0,3471,0.0,0,0,2017-04-17,34280900,3470.4,1,0,0,0,0,0,0,0,0,3471.2,2,0,0,0,0,0,0,0,0
163,2017-04-17,09:31:21,400,IF1704,CCFX,3470.6,3464.8,3476.2,686,713908140,26770,27310,3826.6,3131,3478.8,3477,0.0,3471,0.0,0,0,2017-04-17,34281400,3470.4,1,0,0,0,0,0,0,0,0,3471.0,2,0,0,0,0,0,0,0,0
164,2017-04-17,09:31:22,400,IF1704,CCFX,3470.4,3464.8,3476.2,687,714949260,26769,27310,3826.6,3131,3478.8,3477,0.0,3471,0.0,0,0,2017-04-17,34282400,3470.0,3,0,0,0,0,0,0,0,0,3471.0,1,0,0,0,0,0,0,0,0
165,2017-04-17,09:31:23,400,IF1704,CCFX,3470.4,3464.8,3476.2,687,714949260,26769,27310,3826.6,3131,3478.8,3477,0.0,3471,0.0,0,0,2017-04-17,34283400,3470.0,3,0,0,0,0,0,0,0,0,3470.6,1,0,0,0,0,0,0,0,0
166,2017-04-17,09:31:23,900,IF1704,CCFX,3470.6,3464.8,3476.2,688,715990440,26768,27310,3826.6,3131,3478.8,3477,0.0,3471,0.0,0,0,2017-04-17,34283900,3471.0,1,0,0,0,0,0,0,0,0,3471.2,1,0,0,0,0,0,0,0,0
167,2017-04-17,09:31:24,400,IF1704,CCFX,3470.6,3464.8,3476.2,693,721196460,26763,27310,3826.6,3131,3478.8,3477,0.0,3471,0.0,0,0,2017-04-17,34284400,3470.0,3,0,0,0,0,0,0,0,0,3471.0,2,0,0,0,0,0,0,0,0
168,2017-04-17,09:31:24,900,IF1704,CCFX,3471.0,3464.8,3476.2,696,724320000,26762,27310,3826.6,3131,3478.8,3477,0.0,3471,0.0,0,0,2017-04-17,34284900,3470.2,1,0,0,0,0,0,0,0,0,3471.0,1,0,0,0,0,0,0,0,0
169,2017-04-17,09:31:25,400,IF1704,CCFX,3471.0,3464.8,3476.2,698,726402360,26760,27310,3826.6,3131,3478.8,3477,0.0,3471,0.0,0,0,2017-04-17,34285400,3470.2,1,0,0,0,0,0,0,0,0,3471.0,2,0,0,0,0,0,0,0,0
170,2017-04-17,09:31:25,900,IF1704,CCFX,3471.0,3464.8,3476.2,698,726402360,26760,27310,3826.6,3131,3478.8,3477,0.0,3471,0.0,0,0,2017-04-17,34285900,3470.2,1,0,0,0,0,0,0,0,0,3471.0,4,0,0,0,0,0,0,0,0
171,2017-04-17,09:31:26,400,IF1704,CCFX,3470.2,3464.8,3476.2,699,727443420,26759,27310,3826.6,3131,3478.8,3477,0.0,3471,0.0,0,0,2017-04-17,34286400,3470.0,2,0,0,0,0,0,0,0,0,3470.2,3,0,0,0,0,0,0,0,0
172,2017-04-17,09:31:26,900,IF1704,CCFX,3470.2,3464.8,3476.2,702,730566600,26756,27310,3826.6,3131,3478.8,3477,0.0,3471,0.0,0,0,2017-04-17,34286900,3470.0,2,0,0,0,0,0,0,0,0,3470.2,2,0,0,0,0,0,0,0,0
173,2017-04-17,09:31:27,400,IF1704,CCFX,3470.0,3464.8,3476.2,704,732648660,26756,27310,3826.6,3131,3478.8,3477,0.0,3471,0.0,0,0,2017-04-17,34287400,3470.0,1,0,0,0,0,0,0,0,0,3470.2,1,0,0,0,0,0,0,0,0
174,2017-04-17,09:31:27,900,IF1704,CCFX,3470.2,3464.8,3476.2,707,735771780,26754,27310,3826.6,3131,3478.8,3477,0.0,3471,0.0,0,0,2017-04-17,34287900,3469.2,1,0,0,0,0,0,0,0,0,3470.2,2,0,0,0,0,0,0,0,0
175,2017-04-17,09:31:28,400,IF1704,CCFX,3470.2,3464.8,3476.2,707,735771780,26754,27310,3826.6,3131,3478.8,3477,0.0,3471,0.0,0,0,2017-04-17,34288400,3469.2,1,0,0,0,0,0,0,0,0,3470.2,2,0,0,0,0,0,0,0,0
176,2017-04-17,09:31:28,900,IF1704,CCFX,3470.2,3464.8,3476.2,707,735771780,26754,27310,3826.6,3131,3478.8,3477,0.0,3471,0.0,0,0,2017-04-17,34288900,3469.4,1,0,0,0,0,0,0,0,0,3470.0,3,0,0,0,0,0,0,0,0
177,2017-04-17,09:31:29,400,IF1704,CCFX,3470.2,3464.8,3476.2,707,735771780,26754,27310,3826.6,3131,3478.8,3477,0.0,3471,0.0,0,0,2017-04-17,34289400,3469.4,1,0,0,0,0,0,0,0,0,3470.0,3,0,0,0,0,0,0,0,0
178,2017-04-17,09:31:29,900,IF1704,CCFX,3469.0,3464.8,3476.2,708,736812480,26753,27310,3826.6,3131,3478.8,3477,0.0,3471,0.0,0,0,2017-04-17,34289900,3469.0,3,0,0,0,0,0,0,0,0,3470.0,4,0,0,0,0,0,0,0,0
179,2017-04-17,09:31:30,400,IF1704,CCFX,3469.0,3464.8,3476.2,708,736812480,26753,27310,3826.6,3131,3478.8,3477,0.0,3471,0.0,0,0,2017-04-17,34290400,3468.2,1,0,0,0,0,0,0,0,0,3469.2,1,0,0,0,0,0,0,0,0
180,2017-04-17,09:31:30,900,IF1704,CCFX,3470.0,3464.8,3476.2,709,737853480,26752,27310,3826.6,3131,3478.8,3477,0.0,3471,0.0,0,0,2017-04-17,34290900,3469.2,2,0,0,0,0,0,0,0,0,3469.8,1,0,0,0,0,0,0,0,0
181,2017-04-17,09:31:31,400,IF1704,CCFX,3469.2,3464.8,3476.2,712,740975760,26749,27310,3826.6,3131,3478.8,3477,0.0,3471,0.0,0,0,2017-04-17,34291400,3468.2,2,0,0,0,0,0,0,0,0,3469.8,1,0,0,0,0,0,0,0,0
182,2017-04-17,09:31:31,900,IF1704,CCFX,3469.2,3464.8,3476.2,712,740975760,26749,27310,3826.6,3131,3478.8,3477,0.0,3471,0.0,0,0,2017-04-17,34291900,3468.4,4,0,0,0,0,0,0,0,0,3469.6,3,0,0,0,0,0,0,0,0
183,2017-04-17,09:31:32,400,IF1704,CCFX,3468.4,3464.8,3476.2,713,742016280,26748,27310,3826.6,3131,3478.8,3477,0.0,3471,0.0,0,0,2017-04-17,34292400,3468.4,1,0,0,0,0,0,0,0,0,3469.0,1,0,0,0,0,0,0,0,0
184,2017-04-17,09:31:33,400,IF1704,CCFX,3468.4,3464.8,3476.2,714,743056800,26747,27310,3826.6,3131,3478.8,3477,0.0,3471,0.0,0,0,2017-04-17,34293400,3468.2,2,0,0,0,0,0,0,0,0,3469.6,1,0,0,0,0,0,0,0,0
185,2017-04-17,09:31:33,900,IF1704,CCFX,3468.4,3464.8,3476.2,714,743056800,26747,27310,3826.6,3131,3478.8,3477,0.0,3471,0.0,0,0,2017-04-17,34293900,3468.2,2,0,0,0,0,0,0,0,0,3469.0,1,0,0,0,0,0,0,0,0
186,2017-04-17,09:31:34,400,IF1704,CCFX,3468.4,3464.8,3476.2,714,743056800,26747,27310,3826.6,3131,3478.8,3477,0.0,3471,0.0,0,0,2017-04-17,34294400,3468.6,1,0,0,0,0,0,0,0,0,3469.0,1,0,0,0,0,0,0,0,0
187,2017-04-17,09:31:34,900,IF1704,CCFX,3468.4,3464.8,3476.2,714,743056800,26747,27310,3826.6,3131,3478.8,3477,0.0,3471,0.0,0,0,2017-04-17,34294900,3468.6,1,0,0,0,0,0,0,0,0,3469.0,2,0,0,0,0,0,0,0,0
188,2017-04-17,09:31:35,400,IF1704,CCFX,3469.0,3464.8,3476.2,716,745138200,26745,27310,3826.6,3131,3478.8,3477,0.0,3471,0.0,0,0,2017-04-17,34295400,3468.6,1,0,0,0,0,0,0,0,0,3469.4,1,0,0,0,0,0,0,0,0
189,2017-04-17,09:31:35,900,IF1704,CCFX,3468.6,3464.8,3476.2,717,746178780,26744,27310,3826.6,3131,3478.8,3477,0.0,3471,0.0,0,0,2017-04-17,34295900,3468.4,3,0,0,0,0,0,0,0,0,3469.4,1,0,0,0,0,0,0,0,0
190,2017-04-17,09:31:36,400,IF1704,CCFX,3468.6,3464.8,3476.2,717,746178780,26744,27310,3826.6,3131,3478.8,3477,0.0,3471,0.0,0,0,2017-04-17,34296400,3468.8,1,0,0,0,0,0,0,0,0,3469.4,1,0,0,0,0,0,0,0,0
191,2017-04-17,09:31:36,900,IF1704,CCFX,3469.0,3464.8,3476.2,718,747219480,26743,27310,3826.6,3131,3478.8,3477,0.0,3471,0.0,0,0,2017-04-17,34296900,3469.0,2,0,0,0,0,0,0,0,0,3469.4,2,0,0,0,0,0,0,0,0
192,2017-04-17,09:31:37,400,IF1704,CCFX,3469.0,3464.8,3476.2,719,748260180,26742,27310,3826.6,3131,3478.8,3477,0.0,3471,0.0,0,0,2017-04-17,34297400,3469.0,1,0,0,0,0,0,0,0,0,3469.4,2,0,0,0,0,0,0,0,0
193,2017-04-17,09:31:37,900,IF1704,CCFX,3469.0,3464.8,3476.2,719,748260180,26742,27310,3826.6,3131,3478.8,3477,0.0,3471,0.0,0,0,2017-04-17,34297900,3469.0,1,0,0,0,0,0,0,0,0,3469.4,2,0,0,0,0,0,0,0,0
194,2017-04-17,09:31:38,400,IF1704,CCFX,3469.0,3464.8,3476.2,720,749300880,26741,27310,3826.6,3131,3478.8,3477,0.0,3471,0.0,0,0,2017-04-17,34298400,3469.0,1,0,0,0,0,0,0,0,0,3469.4,2,0,0,0,0,0,0,0,0
195,2017-04-17,09:31:38,900,IF1704,CCFX,3469.0,3464.8,3476.2,720,749300880,26741,27310,3826.6,3131,3478.8,3477,0.0,3471,0.0,0,0,2017-04-17,34298900,3469.0,1,0,0,0,0,0,0,0,0,3469.4,2,0,0,0,0,0,0,0,0
196,2017-04-17,09:31:39,400,IF1704,CCFX,3469.0,3464.8,3476.2,720,749300880,26741,27310,3826.6,3131,3478.8,3477,0.0,3471,0.0,0,0,2017-04-17,34299400,3469.0,1,0,0,0,0,0,0,0,0,3469.4,2,0,0,0,0,0,0,0,0
197,2017-04-17,09:31:39,900,IF1704,CCFX,3469.0,3464.8,3476.2,720,749300880,26741,27310,3826.6,3131,3478.8,3477,0.0,3471,0.0,0,0,2017-04-17,34299900,3469.2,2,0,0,0,0,0,0,0,0,3469.4,3,0,0,0,0,0,0,0,0
198,2017-04-17,09:31:40,400,IF1704,CCFX,3469.2,3464.8,3476.2,722,751382460,26739,27310,3826.6,3131,3478.8,3477,0.0,3471,0.0,0,0,2017-04-17,34300400,3469.2,1,0,0,0,0,0,0,0,0,3469.4,2,0,0,0,0,0,0,0,0
199,2017-04-17,09:31:40,900,IF1704,CCFX,3469.4,3464.8,3476.2,724,753464100,26738,27310,3826.6,3131,3478.8,3477,0.0,3471,0.0,0,0,2017-04-17,34300900,3469.2,1,0,0,0,0,0,0,0,0,3469.6,5,0,0,0,0,0,0,0,0
200,2017-04-17,09:31:41,400,IF1704,CCFX,3469.4,3464.8,3476.2,724,753464100,26738,27310,3826.6,3131,3478.8,3477,0.0,3471,0.0,0,0,2017-04-17,34301400,3469.2,1,0,0,0,0,0,0,0,0,3469.6,5,0,0,0,0,0,0,0,0
201,2017-04-17,09:31:42,400,IF1704,CCFX,3469.2,3464.8,3476.2,725,754504860,26737,27310,3826.6,3131,3478.8,3477,0.0,3471,0.0,0,0,2017-04-17,34302400,3469.0,1,0,0,0,0,0,0,0,0,3469.4,1,0,0,0,0,0,0,0,0
202,2017-04-17,09:31:42,900,IF1704,CCFX,3469.2,3464.8,3476.2,725,754504860,26737,27310,3826.6,3131,3478.8,3477,0.0,3471,0.0,0,0,2017-04-17,34302900,3469.0,1,0,0,0,0,0,0,0,0,3469.4,1,0,0,0,0,0,0,0,0
203,2017-04-17,09:31:43,400,IF1704,CCFX,3469.6,3464.8,3476.2,728,757627440,26735,27310,3826.6,3131,3478.8,3477,0.0,3471,0.0,0,0,2017-04-17,34303400,3469.0,1,0,0,0,0,0,0,0,0,3469.6,5,0,0,0,0,0,0,0,0
204,2017-04-17,09:31:43,900,IF1704,CCFX,3469.6,3464.8,3476.2,729,758668320,26734,27310,3826.6,3131,3478.8,3477,0.0,3471,0.0,0,0,2017-04-17,34303900,3469.2,2,0,0,0,0,0,0,0,0,3469.6,7,0,0,0,0,0,0,0,0
205,2017-04-17,09:31:44,400,IF1704,CCFX,3469.2,3464.8,3476.2,730,759709080,26733,27310,3826.6,3131,3478.8,3477,0.0,3471,0.0,0,0,2017-04-17,34304400,3469.2,1,0,0,0,0,0,0,0,0,3469.6,7,0,0,0,0,0,0,0,0
206,2017-04-17,09:31:44,900,IF1704,CCFX,3469.2,3464.8,3476.2,731,760749840,26732,27310,3826.6,3131,3478.8,3477,0.0,3471,0.0,0,0,2017-04-17,34304900,3469.0,1,0,0,0,0,0,0,0,0,3469.2,1,0,0,0,0,0,0,0,0
207,2017-04-17,09:31:45,400,IF1704,CCFX,3469.0,3464.8,3476.2,732,761790540,26731,27310,3826.6,3131,3478.8,3477,0.0,3471,0.0,0,0,2017-04-17,34305400,3468.6,2,0,0,0,0,0,0,0,0,3469.2,2,0,0,0,0,0,0,0,0
208,2017-04-17,09:31:46,400,IF1704,CCFX,3469.6,3464.8,3476.2,735,764912940,26731,27310,3826.6,3131,3478.8,3477,0.0,3471,0.0,0,0,2017-04-17,34306400,3468.6,2,0,0,0,0,0,0,0,0,3469.6,5,0,0,0,0,0,0,0,0
209,2017-04-17,09:31:46,900,IF1704,CCFX,3469.6,3464.8,3476.2,737,766994700,26731,27310,3826.6,3131,3478.8,3477,0.0,3471,0.0,0,0,2017-04-17,34306900,3468.6,2,0,0,0,0,0,0,0,0,3469.6,3,0,0,0,0,0,0,0,0
210,2017-04-17,09:31:47,400,IF1704,CCFX,3468.6,3464.8,3476.2,738,768035280,26730,27310,3826.6,3131,3478.8,3477,0.0,3471,0.0,0,0,2017-04-17,34307400,3468.6,1,0,0,0,0,0,0,0,0,3469.6,3,0,0,0,0,0,0,0,0
211,2017-04-17,09:31:48,400,IF1704,CCFX,3469.6,3464.8,3476.2,741,771157860,26728,27310,3826.6,3131,3478.8,3477,0.0,3471,0.0,0,0,2017-04-17,34308400,3468.6,1,0,0,0,0,0,0,0,0,3469.6,2,0,0,0,0,0,0,0,0
212,2017-04-17,09:31:48,900,IF1704,CCFX,3469.6,3464.8,3476.2,742,772198740,26728,27310,3826.6,3131,3478.8,3477,0.0,3471,0.0,0,0,2017-04-17,34308900,3468.6,2,0,0,0,0,0,0,0,0,3469.6,1,0,0,0,0,0,0,0,0
213,2017-04-17,09:31:49,900,IF1704,CCFX,3469.6,3464.8,3476.2,742,772198740,26728,27310,3826.6,3131,3478.8,3477,0.0,3471,0.0,0,0,2017-04-17,34309900,3468.8,1,0,0,0,0,0,0,0,0,3469.6,1,0,0,0,0,0,0,0,0
214,2017-04-17,09:31:50,900,IF1704,CCFX,3469.6,3464.8,3476.2,743,773239620,26727,27310,3826.6,3131,3478.8,3477,0.0,3471,0.0,0,0,2017-04-17,34310900,3468.8,1,0,0,0,0,0,0,0,0,3469.8,2,0,0,0,0,0,0,0,0
215,2017-04-17,09:31:51,400,IF1704,CCFX,3469.6,3464.8,3476.2,743,773239620,26727,27310,3826.6,3131,3478.8,3477,0.0,3471,0.0,0,0,2017-04-17,34311400,3469.4,1,0,0,0,0,0,0,0,0,3469.8,2,0,0,0,0,0,0,0,0
216,2017-04-17,09:31:51,900,IF1704,CCFX,3469.4,3464.8,3476.2,744,774280440,26726,27310,3826.6,3131,3478.8,3477,0.0,3471,0.0,0,0,2017-04-17,34311900,3469.6,1,0,0,0,0,0,0,0,0,3469.8,2,0,0,0,0,0,0,0,0
217,2017-04-17,09:31:52,400,IF1704,CCFX,3469.8,3464.8,3476.2,746,776362260,26725,27310,3826.6,3131,3478.8,3477,0.0,3471,0.0,0,0,2017-04-17,34312400,3468.8,1,0,0,0,0,0,0,0,0,3469.6,1,0,0,0,0,0,0,0,0
218,2017-04-17,09:31:52,900,IF1704,CCFX,3469.8,3464.8,3476.2,746,776362260,26725,27310,3826.6,3131,3478.8,3477,0.0,3471,0.0,0,0,2017-04-17,34312900,3469.0,3,0,0,0,0,0,0,0,0,3469.6,1,0,0,0,0,0,0,0,0
219,2017-04-17,09:31:53,400,IF1704,CCFX,3469.8,3464.8,3476.2,748,778444140,26725,27310,3826.6,3131,3478.8,3477,0.0,3471,0.0,0,0,2017-04-17,34313400,3469.0,3,0,0,0,0,0,0,0,0,3469.6,1,0,0,0,0,0,0,0,0
220,2017-04-17,09:31:53,900,IF1704,CCFX,3469.8,3464.8,3476.2,748,778444140,26725,27310,3826.6,3131,3478.8,3477,0.0,3471,0.0,0,0,2017-04-17,34313900,3469.2,1,0,0,0,0,0,0,0,0,3469.6,1,0,0,0,0,0,0,0,0
221,2017-04-17,09:31:54,400,IF1704,CCFX,3469.8,3464.8,3476.2,748,778444140,26725,27310,3826.6,3131,3478.8,3477,0.0,3471,0.0,0,0,2017-04-17,34314400,3469.4,1,0,0,0,0,0,0,0,0,3469.6,1,0,0,0,0,0,0,0,0
222,2017-04-17,09:31:54,900,IF1704,CCFX,3469.8,3464.8,3476.2,748,778444140,26725,27310,3826.6,3131,3478.8,3477,0.0,3471,0.0,0,0,2017-04-17,34314900,3469.4,2,0,0,0,0,0,0,0,0,3469.6,5,0,0,0,0,0,0,0,0
223,2017-04-17,09:31:55,400,IF1704,CCFX,3469.6,3464.8,3476.2,751,781566780,26723,27310,3826.6,3131,3478.8,3477,0.0,3471,0.0,0,0,2017-04-17,34315400,3469.4,2,0,0,0,0,0,0,0,0,3469.6,2,0,0,0,0,0,0,0,0
224,2017-04-17,09:31:55,900,IF1704,CCFX,3469.6,3464.8,3476.2,753,783648540,26721,27310,3826.6,3131,3478.8,3477,0.0,3471,0.0,0,0,2017-04-17,34315900,3469.6,2,0,0,0,0,0,0,0,0,3470.0,4,0,0,0,0,0,0,0,0
225,2017-04-17,09:31:56,400,IF1704,CCFX,3469.6,3464.8,3476.2,753,783648540,26721,27310,3826.6,3131,3478.8,3477,0.0,3471,0.0,0,0,2017-04-17,34316400,3469.6,2,0,0,0,0,0,0,0,0,3470.0,4,0,0,0,0,0,0,0,0
226,2017-04-17,09:31:56,900,IF1704,CCFX,3469.4,3464.8,3476.2,755,785730240,26720,27310,3826.6,3131,3478.8,3477,0.0,3471,0.0,0,0,2017-04-17,34316900,3469.0,1,0,0,0,0,0,0,0,0,3470.0,5,0,0,0,0,0,0,0,0
227,2017-04-17,09:31:57,400,IF1704,CCFX,3469.0,3464.8,3476.2,756,786770940,26719,27310,3826.6,3131,3478.8,3477,0.0,3471,0.0,0,0,2017-04-17,34317400,3468.6,2,0,0,0,0,0,0,0,0,3469.6,1,0,0,0,0,0,0,0,0
228,2017-04-17,09:31:57,900,IF1704,CCFX,3469.6,3464.8,3476.2,757,787811820,26718,27310,3826.6,3131,3478.8,3477,0.0,3471,0.0,0,0,2017-04-17,34317900,3468.6,2,0,0,0,0,0,0,0,0,3469.6,1,0,0,0,0,0,0,0,0
229,2017-04-17,09:31:58,400,IF1704,CCFX,3469.6,3464.8,3476.2,757,787811820,26718,27310,3826.6,3131,3478.8,3477,0.0,3471,0.0,0,0,2017-04-17,34318400,3469.2,1,0,0,0,0,0,0,0,0,3469.4,1,0,0,0,0,0,0,0,0
230,2017-04-17,09:31:58,900,IF1704,CCFX,3468.6,3464.8,3476.2,759,789893160,26717,27310,3826.6,3131,3478.8,3477,0.0,3471,0.0,0,0,2017-04-17,34318900,3468.6,1,0,0,0,0,0,0,0,0,3469.4,1,0,0,0,0,0,0,0,0
231,2017-04-17,09:31:59,400,IF1704,CCFX,3468.6,3464.8,3476.2,760,790933740,26716,27310,3826.6,3131,3478.8,3477,0.0,3471,0.0,0,0,2017-04-17,34319400,3468.4,3,0,0,0,0,0,0,0,0,3469.4,1,0,0,0,0,0,0,0,0
232,2017-04-17,09:31:59,900,IF1704,CCFX,3468.6,3464.8,3476.2,760,790933740,26716,27310,3826.6,3131,3478.8,3477,0.0,3471,0.0,0,0,2017-04-17,34319900,3468.2,2,0,0,0,0,0,0,0,0,3469.2,1,0,0,0,0,0,0,0,0
233,2017-04-17,09:32:00,400,IF1704,CCFX,3468.6,3464.8,3476.2,760,790933740,26716,27310,3826.6,3131,3478.8,3477,0.0,3471,0.0,0,0,2017-04-17,34320400,3468.8,1,0,0,0,0,0,0,0,0,3469.2,1,0,0,0,0,0,0,0,0
234,2017-04-17,09:32:00,900,IF1704,CCFX,3469.6,3464.8,3476.2,762,793015440,26714,27310,3826.6,3131,3478.8,3477,0.0,3471,0.0,0,0,2017-04-17,34320900,3469.2,1,0,0,0,0,0,0,0,0,3470.0,5,0,0,0,0,0,0,0,0
235,2017-04-17,09:32:01,400,IF1704,CCFX,3469.6,3464.8,3476.2,763,794056320,26714,27310,3826.6,3131,3478.8,3477,0.0,3471,0.0,0,0,2017-04-17,34321400,3469.0,1,0,0,0,0,0,0,0,0,3469.8,1,0,0,0,0,0,0,0,0
236,2017-04-17,09:32:01,900,IF1704,CCFX,3469.6,3464.8,3476.2,765,796138140,26714,27310,3826.6,3131,3478.8,3477,0.0,3471,0.0,0,0,2017-04-17,34321900,3469.0,1,0,0,0,0,0,0,0,0,3470.0,5,0,0,0,0,0,0,0,0
237,2017-04-17,09:32:02,900,IF1704,CCFX,3469.0,3464.8,3476.2,766,797178840,26713,27310,3826.6,3131,3478.8,3477,0.0,3471,0.0,0,0,2017-04-17,34322900,3468.8,1,0,0,0,0,0,0,0,0,3469.8,1,0,0,0,0,0,0,0,0
238,2017-04-17,09:32:03,400,IF1704,CCFX,3469.0,3464.8,3476.2,766,797178840,26713,27310,3826.6,3131,3478.8,3477,0.0,3471,0.0,0,0,2017-04-17,34323400,3468.8,1,0,0,0,0,0,0,0,0,3469.6,1,0,0,0,0,0,0,0,0
239,2017-04-17,09:32:03,900,IF1704,CCFX,3469.0,3464.8,3476.2,766,797178840,26713,27310,3826.6,3131,3478.8,3477,0.0,3471,0.0,0,0,2017-04-17,34323900,3468.8,1,0,0,0,0,0,0,0,0,3469.2,1,0,0,0,0,0,0,0,0
240,2017-04-17,09:32:04,400,IF1704,CCFX,3469.0,3464.8,3476.2,766,797178840,26713,27310,3826.6,3131,3478.8,3477,0.0,3471,0.0,0,0,2017-04-17,34324400,3468.8,1,0,0,0,0,0,0,0,0,3469.0,1,0,0,0,0,0,0,0,0
241,2017-04-17,09:32:04,900,IF1704,CCFX,3469.2,3464.8,3476.2,768,799260300,26713,27310,3826.6,3131,3478.8,3477,0.0,3471,0.0,0,0,2017-04-17,34324900,3468.8,1,0,0,0,0,0,0,0,0,3469.4,5,0,0,0,0,0,0,0,0
242,2017-04-17,09:32:05,400,IF1704,CCFX,3469.2,3464.8,3476.2,768,799260300,26713,27310,3826.6,3131,3478.8,3477,0.0,3471,0.0,0,0,2017-04-17,34325400,3469.2,1,0,0,0,0,0,0,0,0,3469.4,4,0,0,0,0,0,0,0,0
243,2017-04-17,09:32:05,900,IF1704,CCFX,3469.2,3464.8,3476.2,769,800301060,26712,27310,3826.6,3131,3478.8,3477,0.0,3471,0.0,0,0,2017-04-17,34325900,3468.8,1,0,0,0,0,0,0,0,0,3469.4,4,0,0,0,0,0,0,0,0
244,2017-04-17,09:32:06,900,IF1704,CCFX,3468.8,3464.8,3476.2,770,801341700,26711,27310,3826.6,3131,3478.8,3477,0.0,3471,0.0,0,0,2017-04-17,34326900,3468.4,3,0,0,0,0,0,0,0,0,3469.2,5,0,0,0,0,0,0,0,0
245,2017-04-17,09:32:07,400,IF1704,CCFX,3469.0,3464.8,3476.2,772,803423100,26709,27310,3826.6,3131,3478.8,3477,0.0,3471,0.0,0,0,2017-04-17,34327400,3468.8,1,0,0,0,0,0,0,0,0,3469.2,5,0,0,0,0,0,0,0,0
246,2017-04-17,09:32:07,900,IF1704,CCFX,3469.2,3464.8,3476.2,775,806545260,26706,27310,3826.6,3131,3478.8,3477,0.0,3471,0.0,0,0,2017-04-17,34327900,3468.4,3,0,0,0,0,0,0,0,0,3469.2,3,0,0,0,0,0,0,0,0
247,2017-04-17,09:32:08,400,IF1704,CCFX,3469.2,3464.8,3476.2,776,807586020,26705,27310,3826.6,3131,3478.8,3477,0.0,3471,0.0,0,0,2017-04-17,34328400,3468.6,1,0,0,0,0,0,0,0,0,3469.2,2,0,0,0,0,0,0,0,0
248,2017-04-17,09:32:08,900,IF1704,CCFX,3469.2,3464.8,3476.2,777,808626780,26704,27310,3826.6,3131,3478.8,3477,0.0,3471,0.0,0,0,2017-04-17,34328900,3468.6,1,0,0,0,0,0,0,0,0,3469.2,1,0,0,0,0,0,0,0,0
249,2017-04-17,09:32:09,400,IF1704,CCFX,3469.2,3464.8,3476.2,777,808626780,26704,27310,3826.6,3131,3478.8,3477,0.0,3471,0.0,0,0,2017-04-17,34329400,3468.6,1,0,0,0,0,0,0,0,0,3469.2,5,0,0,0,0,0,0,0,0
250,2017-04-17,09:32:09,900,IF1704,CCFX,3469.2,3464.8,3476.2,777,808626780,26704,27310,3826.6,3131,3478.8,3477,0.0,3471,0.0,0,0,2017-04-17,34329900,3468.8,1,0,0,0,0,0,0,0,0,3469.2,5,0,0,0,0,0,0,0,0
251,2017-04-17,09:32:10,400,IF1704,CCFX,3468.8,3464.8,3476.2,778,809667420,26703,27310,3826.6,3131,3478.8,3477,0.0,3471,0.0,0,0,2017-04-17,34330400,3468.6,1,0,0,0,0,0,0,0,0,3469.2,1,0,0,0,0,0,0,0,0
252,2017-04-17,09:32:10,900,IF1704,CCFX,3468.8,3464.8,3476.2,778,809667420,26703,27310,3826.6,3131,3478.8,3477,0.0,3471,0.0,0,0,2017-04-17,34330900,3468.8,2,0,0,0,0,0,0,0,0,3469.2,1,0,0,0,0,0,0,0,0
253,2017-04-17,09:32:11,400,IF1704,CCFX,3469.2,3464.8,3476.2,779,810708180,26702,27310,3826.6,3131,3478.8,3477,0.0,3471,0.0,0,0,2017-04-17,34331400,3468.8,2,0,0,0,0,0,0,0,0,3469.6,2,0,0,0,0,0,0,0,0
254,2017-04-17,09:32:11,900,IF1704,CCFX,3469.2,3464.8,3476.2,779,810708180,26702,27310,3826.6,3131,3478.8,3477,0.0,3471,0.0,0,0,2017-04-17,34331900,3469.0,2,0,0,0,0,0,0,0,0,3469.6,2,0,0,0,0,0,0,0,0
255,2017-04-17,09:32:12,400,IF1704,CCFX,3469.6,3464.8,3476.2,782,813830700,26700,27310,3826.6,3131,3478.8,3477,0.0,3471,0.0,0,0,2017-04-17,34332400,3469.0,2,0,0,0,0,0,0,0,0,3469.8,4,0,0,0,0,0,0,0,0
256,2017-04-17,09:32:12,900,IF1704,CCFX,3469.2,3464.8,3476.2,785,816953160,26697,27310,3826.6,3131,3478.8,3477,0.0,3471,0.0,0,0,2017-04-17,34332900,3469.0,2,0,0,0,0,0,0,0,0,3469.6,4,0,0,0,0,0,0,0,0
257,2017-04-17,09:32:13,400,IF1704,CCFX,3469.6,3464.8,3476.2,789,821116680,26693,27310,3826.6,3131,3478.8,3477,0.0,3471,0.0,0,0,2017-04-17,34333400,3469.0,2,0,0,0,0,0,0,0,0,3469.8,3,0,0,0,0,0,0,0,0
258,2017-04-17,09:32:13,900,IF1704,CCFX,3470.0,3464.8,3476.2,795,827362500,26691,27310,3826.6,3131,3478.8,3477,0.0,3471,0.0,0,0,2017-04-17,34333900,3469.2,5,0,0,0,0,0,0,0,0,3470.0,1,0,0,0,0,0,0,0,0
259,2017-04-17,09:32:14,400,IF1704,CCFX,3470.2,3464.8,3476.2,797,829444560,26689,27310,3826.6,3131,3478.8,3477,0.0,3471,0.0,0,0,2017-04-17,34334400,3470.0,2,0,0,0,0,0,0,0,0,3470.2,2,0,0,0,0,0,0,0,0
260,2017-04-17,09:32:14,900,IF1704,CCFX,3470.2,3464.8,3476.2,800,832567740,26686,27310,3826.6,3131,3478.8,3477,0.0,3471,0.0,0,0,2017-04-17,34334900,3470.2,3,0,0,0,0,0,0,0,0,3470.4,1,0,0,0,0,0,0,0,0
261,2017-04-17,09:32:15,400,IF1704,CCFX,3470.4,3464.8,3476.2,802,834649980,26684,27310,3826.6,3131,3478.8,3477,0.0,3471,0.0,0,0,2017-04-17,34335400,3470.2,2,0,0,0,0,0,0,0,0,3470.6,1,0,0,0,0,0,0,0,0
262,2017-04-17,09:32:15,900,IF1704,CCFX,3470.6,3464.8,3476.2,803,835691160,26683,27310,3826.6,3131,3478.8,3477,0.0,3471,0.0,0,0,2017-04-17,34335900,3470.6,1,0,0,0,0,0,0,0,0,3470.8,1,0,0,0,0,0,0,0,0
263,2017-04-17,09:32:16,400,IF1704,CCFX,3470.6,3464.8,3476.2,804,836732340,26682,27310,3826.6,3131,3478.8,3477,0.0,3471,0.0,0,0,2017-04-17,34336400,3470.0,2,0,0,0,0,0,0,0,0,3470.8,1,0,0,0,0,0,0,0,0
264,2017-04-17,09:32:16,900,IF1704,CCFX,3470.6,3464.8,3476.2,804,836732340,26682,27310,3826.6,3131,3478.8,3477,0.0,3471,0.0,0,0,2017-04-17,34336900,3470.4,1,0,0,0,0,0,0,0,0,3470.8,1,0,0,0,0,0,0,0,0
265,2017-04-17,09:32:17,400,IF1704,CCFX,3470.6,3464.8,3476.2,804,836732340,26682,27310,3826.6,3131,3478.8,3477,0.0,3471,0.0,0,0,2017-04-17,34337400,3470.6,1,0,0,0,0,0,0,0,0,3470.8,1,0,0,0,0,0,0,0,0
266,2017-04-17,09:32:17,900,IF1704,CCFX,3470.6,3464.8,3476.2,806,838814760,26680,27310,3826.6,3131,3478.8,3477,0.0,3471,0.0,0,0,2017-04-17,34337900,3470.8,3,0,0,0,0,0,0,0,0,3471.8,1,0,0,0,0,0,0,0,0
267,2017-04-17,09:32:18,400,IF1704,CCFX,3470.8,3464.8,3476.2,809,841938780,26677,27310,3826.6,3131,3478.8,3477,0.0,3471,0.0,0,0,2017-04-17,34338400,3470.8,2,0,0,0,0,0,0,0,0,3471.8,1,0,0,0,0,0,0,0,0
268,2017-04-17,09:32:18,900,IF1704,CCFX,3470.8,3464.8,3476.2,811,844021260,26675,27310,3826.6,3131,3478.8,3477,0.0,3471,0.0,0,0,2017-04-17,34338900,3471.0,1,0,0,0,0,0,0,0,0,3471.6,1,0,0,0,0,0,0,0,0
269,2017-04-17,09:32:19,400,IF1704,CCFX,3471.0,3464.8,3476.2,812,845062560,26674,27310,3826.6,3131,3478.8,3477,0.0,3471,0.0,0,0,2017-04-17,34339400,3470.6,1,0,0,0,0,0,0,0,0,3471.6,1,0,0,0,0,0,0,0,0
270,2017-04-17,09:32:19,900,IF1704,CCFX,3471.0,3464.8,3476.2,812,845062560,26674,27310,3826.6,3131,3478.8,3477,0.0,3471,0.0,0,0,2017-04-17,34339900,3470.8,2,0,0,0,0,0,0,0,0,3471.0,1,0,0,0,0,0,0,0,0
271,2017-04-17,09:32:20,400,IF1704,CCFX,3470.8,3464.8,3476.2,813,846103800,26673,27310,3826.6,3131,3478.8,3477,0.0,3471,0.0,0,0,2017-04-17,34340400,3470.8,2,0,0,0,0,0,0,0,0,3471.0,1,0,0,0,0,0,0,0,0
272,2017-04-17,09:32:20,900,IF1704,CCFX,3470.8,3464.8,3476.2,813,846103800,26673,27310,3826.6,3131,3478.8,3477,0.0,3471,0.0,0,0,2017-04-17,34340900,3470.8,3,0,0,0,0,0,0,0,0,3471.0,1,0,0,0,0,0,0,0,0
273,2017-04-17,09:32:21,400,IF1704,CCFX,3472.0,3464.8,3476.2,820,853394460,26666,27310,3826.6,3131,3478.8,3477,0.0,3471,0.0,0,0,2017-04-17,34341400,3472.0,13,0,0,0,0,0,0,0,0,3472.2,5,0,0,0,0,0,0,0,0
274,2017-04-17,09:32:21,900,IF1704,CCFX,3472.0,3464.8,3476.2,832,865893660,26654,27310,3826.6,3131,3478.8,3477,0.0,3471,0.0,0,0,2017-04-17,34341900,3472.0,1,0,0,0,0,0,0,0,0,3472.2,5,0,0,0,0,0,0,0,0
275,2017-04-17,09:32:22,400,IF1704,CCFX,3472.0,3464.8,3476.2,835,869018460,26651,27310,3826.6,3131,3478.8,3477,0.0,3471,0.0,0,0,2017-04-17,34342400,3470.8,2,0,0,0,0,0,0,0,0,3471.6,2,0,0,0,0,0,0,0,0
276,2017-04-17,09:32:22,900,IF1704,CCFX,3471.6,3464.8,3476.2,838,872142780,26649,27310,3826.6,3131,3478.8,3477,0.0,3471,0.0,0,0,2017-04-17,34342900,3471.0,2,0,0,0,0,0,0,0,0,3472.0,2,0,0,0,0,0,0,0,0
277,2017-04-17,09:32:23,400,IF1704,CCFX,3471.4,3464.8,3476.2,839,873184200,26648,27310,3826.6,3131,3478.8,3477,0.0,3471,0.0,0,0,2017-04-17,34343400,3471.0,2,0,0,0,0,0,0,0,0,3472.0,2,0,0,0,0,0,0,0,0
278,2017-04-17,09:32:23,900,IF1704,CCFX,3472.0,3464.8,3476.2,840,874225800,26647,27310,3826.6,3131,3478.8,3477,0.0,3471,0.0,0,0,2017-04-17,34343900,3471.0,2,0,0,0,0,0,0,0,0,3472.0,1,0,0,0,0,0,0,0,0
279,2017-04-17,09:32:24,400,IF1704,CCFX,3472.0,3464.8,3476.2,840,874225800,26647,27310,3826.6,3131,3478.8,3477,0.0,3471,0.0,0,0,2017-04-17,34344400,3471.2,1,0,0,0,0,0,0,0,0,3472.2,5,0,0,0,0,0,0,0,0
280,2017-04-17,09:32:24,900,IF1704,CCFX,3472.0,3464.8,3476.2,840,874225800,26647,27310,3826.6,3131,3478.8,3477,0.0,3471,0.0,0,0,2017-04-17,34344900,3471.2,1,0,0,0,0,0,0,0,0,3472.2,5,0,0,0,0,0,0,0,0
281,2017-04-17,09:32:25,400,IF1704,CCFX,3472.0,3464.8,3476.2,841,875267400,26646,27310,3826.6,3131,3478.8,3477,0.0,3471,0.0,0,0,2017-04-17,34345400,3471.2,1,0,0,0,0,0,0,0,0,3472.2,5,0,0,0,0,0,0,0,0
282,2017-04-17,09:32:25,900,IF1704,CCFX,3471.2,3464.8,3476.2,843,877350360,26644,27310,3826.6,3131,3478.8,3477,0.0,3471,0.0,0,0,2017-04-17,34345900,3471.0,3,0,0,0,0,0,0,0,0,3471.2,2,0,0,0,0,0,0,0,0
283,2017-04-17,09:32:26,400,IF1704,CCFX,3471.2,3464.8,3476.2,845,879433080,26642,27310,3826.6,3131,3478.8,3477,0.0,3471,0.0,0,0,2017-04-17,34346400,3471.2,1,0,0,0,0,0,0,0,0,3471.8,1,0,0,0,0,0,0,0,0
284,2017-04-17,09:32:26,900,IF1704,CCFX,3471.8,3464.8,3476.2,846,880474620,26642,27310,3826.6,3131,3478.8,3477,0.0,3471,0.0,0,0,2017-04-17,34346900,3471.0,3,0,0,0,0,0,0,0,0,3472.2,5,0,0,0,0,0,0,0,0
285,2017-04-17,09:32:27,400,IF1704,CCFX,3471.8,3464.8,3476.2,846,880474620,26642,27310,3826.6,3131,3478.8,3477,0.0,3471,0.0,0,0,2017-04-17,34347400,3471.0,4,0,0,0,0,0,0,0,0,3471.8,1,0,0,0,0,0,0,0,0
286,2017-04-17,09:32:28,400,IF1704,CCFX,3471.8,3464.8,3476.2,846,880474620,26642,27310,3826.6,3131,3478.8,3477,0.0,3471,0.0,0,0,2017-04-17,34348400,3471.0,4,0,0,0,0,0,0,0,0,3471.8,1,0,0,0,0,0,0,0,0
287,2017-04-17,09:32:28,900,IF1704,CCFX,3471.8,3464.8,3476.2,846,880474620,26642,27310,3826.6,3131,3478.8,3477,0.0,3471,0.0,0,0,2017-04-17,34348900,3471.0,4,0,0,0,0,0,0,0,0,3471.4,2,0,0,0,0,0,0,0,0
288,2017-04-17,09:32:29,900,IF1704,CCFX,3471.8,3464.8,3476.2,846,880474620,26642,27310,3826.6,3131,3478.8,3477,0.0,3471,0.0,0,0,2017-04-17,34349900,3471.0,4,0,0,0,0,0,0,0,0,3471.4,2,0,0,0,0,0,0,0,0
289,2017-04-17,09:32:30,400,IF1704,CCFX,3471.0,3464.8,3476.2,847,881515920,26641,27310,3826.6,3131,3478.8,3477,0.0,3471,0.0,0,0,2017-04-17,34350400,3471.0,2,0,0,0,0,0,0,0,0,3471.4,2,0,0,0,0,0,0,0,0
290,2017-04-17,09:32:30,900,IF1704,CCFX,3471.0,3464.8,3476.2,852,886722360,26638,27310,3826.6,3131,3478.8,3477,0.0,3471,0.0,0,0,2017-04-17,34350900,3469.6,5,0,0,0,0,0,0,0,0,3471.2,1,0,0,0,0,0,0,0,0
291,2017-04-17,09:32:31,400,IF1704,CCFX,3471.0,3464.8,3476.2,852,886722360,26638,27310,3826.6,3131,3478.8,3477,0.0,3471,0.0,0,0,2017-04-17,34351400,3469.8,2,0,0,0,0,0,0,0,0,3471.0,2,0,0,0,0,0,0,0,0
292,2017-04-17,09:32:31,900,IF1704,CCFX,3471.0,3464.8,3476.2,852,886722360,26638,27310,3826.6,3131,3478.8,3477,0.0,3471,0.0,0,0,2017-04-17,34351900,3470.0,3,0,0,0,0,0,0,0,0,3471.0,1,0,0,0,0,0,0,0,0
293,2017-04-17,09:32:32,400,IF1704,CCFX,3471.0,3464.8,3476.2,852,886722360,26638,27310,3826.6,3131,3478.8,3477,0.0,3471,0.0,0,0,2017-04-17,34352400,3470.0,3,0,0,0,0,0,0,0,0,3471.0,2,0,0,0,0,0,0,0,0
294,2017-04-17,09:32:32,900,IF1704,CCFX,3470.2,3464.8,3476.2,855,889845420,26637,27310,3826.6,3131,3478.8,3477,0.0,3471,0.0,0,0,2017-04-17,34352900,3470.0,1,0,0,0,0,0,0,0,0,3471.0,2,0,0,0,0,0,0,0,0
295,2017-04-17,09:32:33,400,IF1704,CCFX,3470.0,3464.8,3476.2,856,890886420,26636,27310,3826.6,3131,3478.8,3477,0.0,3471,0.0,0,0,2017-04-17,34353400,3469.6,5,0,0,0,0,0,0,0,0,3470.4,1,0,0,0,0,0,0,0,0
296,2017-04-17,09:32:33,900,IF1704,CCFX,3470.6,3464.8,3476.2,857,891927600,26635,27310,3826.6,3131,3478.8,3477,0.0,3471,0.0,0,0,2017-04-17,34353900,3471.0,1,0,0,0,0,0,0,0,0,3471.2,1,0,0,0,0,0,0,0,0
297,2017-04-17,09:32:34,400,IF1704,CCFX,3471.0,3464.8,3476.2,859,894010200,26634,27310,3826.6,3131,3478.8,3477,0.0,3471,0.0,0,0,2017-04-17,34354400,3469.6,5,0,0,0,0,0,0,0,0,3470.6,4,0,0,0,0,0,0,0,0
298,2017-04-17,09:32:34,900,IF1704,CCFX,3471.0,3464.8,3476.2,859,894010200,26634,27310,3826.6,3131,3478.8,3477,0.0,3471,0.0,0,0,2017-04-17,34354900,3469.8,1,0,0,0,0,0,0,0,0,3470.6,4,0,0,0,0,0,0,0,0
299,2017-04-17,09:32:35,400,IF1704,CCFX,3471.0,3464.8,3476.2,859,894010200,26634,27310,3826.6,3131,3478.8,3477,0.0,3471,0.0,0,0,2017-04-17,34355400,3469.8,1,0,0,0,0,0,0,0,0,3471.2,1,0,0,0,0,0,0,0,0
300,2017-04-17,09:32:35,900,IF1704,CCFX,3471.2,3464.8,3476.2,860,895051560,26633,27310,3826.6,3131,3478.8,3477,0.0,3471,0.0,0,0,2017-04-17,34355900,3470.0,1,0,0,0,0,0,0,0,0,3471.0,1,0,0,0,0,0,0,0,0
301,2017-04-17,09:32:36,400,IF1704,CCFX,3470.6,3464.8,3476.2,865,900257940,26628,27310,3826.6,3131,3478.8,3477,0.0,3471,0.0,0,0,2017-04-17,34356400,3470.6,1,0,0,0,0,0,0,0,0,3471.4,1,0,0,0,0,0,0,0,0
302,2017-04-17,09:32:36,900,IF1704,CCFX,3470.6,3464.8,3476.2,865,900257940,26628,27310,3826.6,3131,3478.8,3477,0.0,3471,0.0,0,0,2017-04-17,34356900,3470.8,2,0,0,0,0,0,0,0,0,3471.2,1,0,0,0,0,0,0,0,0
303,2017-04-17,09:32:37,400,IF1704,CCFX,3471.0,3464.8,3476.2,867,902340480,26626,27310,3826.6,3131,3478.8,3477,0.0,3471,0.0,0,0,2017-04-17,34357400,3470.8,1,0,0,0,0,0,0,0,0,3471.2,2,0,0,0,0,0,0,0,0
304,2017-04-17,09:32:37,900,IF1704,CCFX,3470.8,3464.8,3476.2,868,903381720,26625,27310,3826.6,3131,3478.8,3477,0.0,3471,0.0,0,0,2017-04-17,34357900,3470.2,1,0,0,0,0,0,0,0,0,3471.2,2,0,0,0,0,0,0,0,0
305,2017-04-17,09:32:38,400,IF1704,CCFX,3471.2,3464.8,3476.2,869,904423080,26625,27310,3826.6,3131,3478.8,3477,0.0,3471,0.0,0,0,2017-04-17,34358400,3470.2,1,0,0,0,0,0,0,0,0,3471.2,1,0,0,0,0,0,0,0,0
306,2017-04-17,09:32:38,900,IF1704,CCFX,3471.2,3464.8,3476.2,869,904423080,26625,27310,3826.6,3131,3478.8,3477,0.0,3471,0.0,0,0,2017-04-17,34358900,3470.6,1,0,0,0,0,0,0,0,0,3471.0,1,0,0,0,0,0,0,0,0
307,2017-04-17,09:32:39,400,IF1704,CCFX,3471.2,3464.8,3476.2,870,905464440,26624,27310,3826.6,3131,3478.8,3477,0.0,3471,0.0,0,0,2017-04-17,34359400,3470.6,1,0,0,0,0,0,0,0,0,3471.0,2,0,0,0,0,0,0,0,0
308,2017-04-17,09:32:39,900,IF1704,CCFX,3470.2,3464.8,3476.2,872,907546680,26622,27310,3826.6,3131,3478.8,3477,0.0,3471,0.0,0,0,2017-04-17,34359900,3469.8,1,0,0,0,0,0,0,0,0,3470.2,2,0,0,0,0,0,0,0,0
309,2017-04-17,09:32:40,400,IF1704,CCFX,3470.2,3464.8,3476.2,875,910669860,26619,27310,3826.6,3131,3478.8,3477,0.0,3471,0.0,0,0,2017-04-17,34360400,3470.2,2,0,0,0,0,0,0,0,0,3470.8,1,0,0,0,0,0,0,0,0
310,2017-04-17,09:32:40,900,IF1704,CCFX,3470.8,3464.8,3476.2,876,911711100,26618,27310,3826.6,3131,3478.8,3477,0.0,3471,0.0,0,0,2017-04-17,34360900,3470.2,1,0,0,0,0,0,0,0,0,3471.0,1,0,0,0,0,0,0,0,0
311,2017-04-17,09:32:41,400,IF1704,CCFX,3470.8,3464.8,3476.2,876,911711100,26618,27310,3826.6,3131,3478.8,3477,0.0,3471,0.0,0,0,2017-04-17,34361400,3470.2,1,0,0,0,0,0,0,0,0,3470.8,1,0,0,0,0,0,0,0,0
312,2017-04-17,09:32:41,900,IF1704,CCFX,3470.8,3464.8,3476.2,878,913793400,26616,27310,3826.6,3131,3478.8,3477,0.0,3471,0.0,0,0,2017-04-17,34361900,3470.2,1,0,0,0,0,0,0,0,0,3471.0,2,0,0,0,0,0,0,0,0
313,2017-04-17,09:32:42,400,IF1704,CCFX,3470.8,3464.8,3476.2,878,913793400,26616,27310,3826.6,3131,3478.8,3477,0.0,3471,0.0,0,0,2017-04-17,34362400,3470.2,1,0,0,0,0,0,0,0,0,3471.0,2,0,0,0,0,0,0,0,0
314,2017-04-17,09:32:42,900,IF1704,CCFX,3470.2,3464.8,3476.2,879,914834460,26615,27310,3826.6,3131,3478.8,3477,0.0,3471,0.0,0,0,2017-04-17,34362900,3470.4,1,0,0,0,0,0,0,0,0,3471.0,2,0,0,0,0,0,0,0,0
315,2017-04-17,09:32:43,400,IF1704,CCFX,3470.0,3464.8,3476.2,882,917957520,26612,27310,3826.6,3131,3478.8,3477,0.0,3471,0.0,0,0,2017-04-17,34363400,3469.8,1,0,0,0,0,0,0,0,0,3470.0,1,0,0,0,0,0,0,0,0
316,2017-04-17,09:32:43,900,IF1704,CCFX,3470.0,3464.8,3476.2,883,918998520,26612,27310,3826.6,3131,3478.8,3477,0.0,3471,0.0,0,0,2017-04-17,34363900,3470.0,5,0,0,0,0,0,0,0,0,3470.8,1,0,0,0,0,0,0,0,0
317,2017-04-17,09:32:44,400,IF1704,CCFX,3470.8,3464.8,3476.2,885,921081000,26611,27310,3826.6,3131,3478.8,3477,0.0,3471,0.0,0,0,2017-04-17,34364400,3470.2,1,0,0,0,0,0,0,0,0,3470.6,1,0,0,0,0,0,0,0,0
318,2017-04-17,09:32:44,900,IF1704,CCFX,3470.4,3464.8,3476.2,886,922122120,26610,27310,3826.6,3131,3478.8,3477,0.0,3471,0.0,0,0,2017-04-17,34364900,3470.2,1,0,0,0,0,0,0,0,0,3470.6,1,0,0,0,0,0,0,0,0
319,2017-04-17,09:32:45,400,IF1704,CCFX,3470.4,3464.8,3476.2,886,922122120,26610,27310,3826.6,3131,3478.8,3477,0.0,3471,0.0,0,0,2017-04-17,34365400,3470.4,1,0,0,0,0,0,0,0,0,3470.6,1,0,0,0,0,0,0,0,0
320,2017-04-17,09:32:45,900,IF1704,CCFX,3470.6,3464.8,3476.2,887,923163300,26609,27310,3826.6,3131,3478.8,3477,0.0,3471,0.0,0,0,2017-04-17,34365900,3470.4,1,0,0,0,0,0,0,0,0,3470.6,1,0,0,0,0,0,0,0,0
321,2017-04-17,09:32:46,400,IF1704,CCFX,3470.0,3464.8,3476.2,891,927327420,26606,27310,3826.6,3131,3478.8,3477,0.0,3471,0.0,0,0,2017-04-17,34366400,3470.0,3,0,0,0,0,0,0,0,0,3470.6,1,0,0,0,0,0,0,0,0
322,2017-04-17,09:32:46,900,IF1704,CCFX,3470.6,3464.8,3476.2,892,928368600,26605,27310,3826.6,3131,3478.8,3477,0.0,3471,0.0,0,0,2017-04-17,34366900,3470.2,1,0,0,0,0,0,0,0,0,3470.8,1,0,0,0,0,0,0,0,0
323,2017-04-17,09:32:47,400,IF1704,CCFX,3470.6,3464.8,3476.2,892,928368600,26605,27310,3826.6,3131,3478.8,3477,0.0,3471,0.0,0,0,2017-04-17,34367400,3470.8,1,0,0,0,0,0,0,0,0,3471.0,3,0,0,0,0,0,0,0,0
324,2017-04-17,09:32:48,400,IF1704,CCFX,3470.6,3464.8,3476.2,893,929409780,26604,27310,3826.6,3131,3478.8,3477,0.0,3471,0.0,0,0,2017-04-17,34368400,3470.4,2,0,0,0,0,0,0,0,0,3471.0,3,0,0,0,0,0,0,0,0
325,2017-04-17,09:32:48,900,IF1704,CCFX,3470.6,3464.8,3476.2,893,929409780,26604,27310,3826.6,3131,3478.8,3477,0.0,3471,0.0,0,0,2017-04-17,34368900,3470.6,1,0,0,0,0,0,0,0,0,3471.0,3,0,0,0,0,0,0,0,0
326,2017-04-17,09:32:49,900,IF1704,CCFX,3470.6,3464.8,3476.2,893,929409780,26604,27310,3826.6,3131,3478.8,3477,0.0,3471,0.0,0,0,2017-04-17,34369900,3470.6,1,0,0,0,0,0,0,0,0,3471.0,3,0,0,0,0,0,0,0,0
327,2017-04-17,09:32:50,400,IF1704,CCFX,3470.6,3464.8,3476.2,893,929409780,26604,27310,3826.6,3131,3478.8,3477,0.0,3471,0.0,0,0,2017-04-17,34370400,3470.8,1,0,0,0,0,0,0,0,0,3471.0,3,0,0,0,0,0,0,0,0
328,2017-04-17,09:32:51,400,IF1704,CCFX,3470.6,3464.8,3476.2,893,929409780,26604,27310,3826.6,3131,3478.8,3477,0.0,3471,0.0,0,0,2017-04-17,34371400,3470.6,1,0,0,0,0,0,0,0,0,3471.0,3,0,0,0,0,0,0,0,0
329,2017-04-17,09:32:51,900,IF1704,CCFX,3470.2,3464.8,3476.2,897,933574260,26602,27310,3826.6,3131,3478.8,3477,0.0,3471,0.0,0,0,2017-04-17,34371900,3470.2,1,0,0,0,0,0,0,0,0,3471.0,3,0,0,0,0,0,0,0,0
330,2017-04-17,09:32:52,400,IF1704,CCFX,3470.2,3464.8,3476.2,899,935656620,26602,27310,3826.6,3131,3478.8,3477,0.0,3471,0.0,0,0,2017-04-17,34372400,3470.0,2,0,0,0,0,0,0,0,0,3471.0,2,0,0,0,0,0,0,0,0
331,2017-04-17,09:32:53,400,IF1704,CCFX,3470.2,3464.8,3476.2,899,935656620,26602,27310,3826.6,3131,3478.8,3477,0.0,3471,0.0,0,0,2017-04-17,34373400,3470.2,1,0,0,0,0,0,0,0,0,3471.0,2,0,0,0,0,0,0,0,0
332,2017-04-17,09:32:53,900,IF1704,CCFX,3471.0,3464.8,3476.2,900,936697920,26601,27310,3826.6,3131,3478.8,3477,0.0,3471,0.0,0,0,2017-04-17,34373900,3470.2,1,0,0,0,0,0,0,0,0,3471.0,1,0,0,0,0,0,0,0,0
333,2017-04-17,09:32:54,400,IF1704,CCFX,3471.0,3464.8,3476.2,900,936697920,26601,27310,3826.6,3131,3478.8,3477,0.0,3471,0.0,0,0,2017-04-17,34374400,3470.4,2,0,0,0,0,0,0,0,0,3471.0,1,0,0,0,0,0,0,0,0
334,2017-04-17,09:32:55,400,IF1704,CCFX,3471.0,3464.8,3476.2,901,937739220,26601,27310,3826.6,3131,3478.8,3477,0.0,3471,0.0,0,0,2017-04-17,34375400,3470.6,3,0,0,0,0,0,0,0,0,3471.2,1,0,0,0,0,0,0,0,0
335,2017-04-17,09:32:55,900,IF1704,CCFX,3471.0,3464.8,3476.2,901,937739220,26601,27310,3826.6,3131,3478.8,3477,0.0,3471,0.0,0,0,2017-04-17,34375900,3470.8,2,0,0,0,0,0,0,0,0,3471.2,1,0,0,0,0,0,0,0,0
336,2017-04-17,09:32:56,400,IF1704,CCFX,3471.0,3464.8,3476.2,901,937739220,26601,27310,3826.6,3131,3478.8,3477,0.0,3471,0.0,0,0,2017-04-17,34376400,3471.0,1,0,0,0,0,0,0,0,0,3471.2,1,0,0,0,0,0,0,0,0
337,2017-04-17,09:32:56,900,IF1704,CCFX,3471.0,3464.8,3476.2,901,937739220,26601,27310,3826.6,3131,3478.8,3477,0.0,3471,0.0,0,0,2017-04-17,34376900,3470.8,2,0,0,0,0,0,0,0,0,3471.0,1,0,0,0,0,0,0,0,0
338,2017-04-17,09:32:57,400,IF1704,CCFX,3470.8,3464.8,3476.2,903,939821760,26599,27310,3826.6,3131,3478.8,3477,0.0,3471,0.0,0,0,2017-04-17,34377400,3470.8,1,0,0,0,0,0,0,0,0,3471.2,1,0,0,0,0,0,0,0,0
339,2017-04-17,09:32:57,900,IF1704,CCFX,3470.8,3464.8,3476.2,904,940863000,26598,27310,3826.6,3131,3478.8,3477,0.0,3471,0.0,0,0,2017-04-17,34377900,3470.6,4,0,0,0,0,0,0,0,0,3471.2,1,0,0,0,0,0,0,0,0
340,2017-04-17,09:32:58,400,IF1704,CCFX,3470.8,3464.8,3476.2,904,940863000,26598,27310,3826.6,3131,3478.8,3477,0.0,3471,0.0,0,0,2017-04-17,34378400,3470.8,1,0,0,0,0,0,0,0,0,3471.2,1,0,0,0,0,0,0,0,0
341,2017-04-17,09:32:58,900,IF1704,CCFX,3470.8,3464.8,3476.2,904,940863000,26598,27310,3826.6,3131,3478.8,3477,0.0,3471,0.0,0,0,2017-04-17,34378900,3471.0,2,0,0,0,0,0,0,0,0,3471.2,1,0,0,0,0,0,0,0,0
342,2017-04-17,09:32:59,900,IF1704,CCFX,3471.0,3464.8,3476.2,905,941904300,26597,27310,3826.6,3131,3478.8,3477,0.0,3471,0.0,0,0,2017-04-17,34379900,3471.0,1,0,0,0,0,0,0,0,0,3471.2,1,0,0,0,0,0,0,0,0
343,2017-04-17,09:33:00,400,IF1704,CCFX,3471.2,3464.8,3476.2,908,945028200,26595,27310,3826.6,3131,3478.8,3477,0.0,3471,0.0,0,0,2017-04-17,34380400,3470.6,4,0,0,0,0,0,0,0,0,3471.4,1,0,0,0,0,0,0,0,0
344,2017-04-17,09:33:00,900,IF1704,CCFX,3471.2,3464.8,3476.2,908,945028200,26595,27310,3826.6,3131,3478.8,3477,0.0,3471,0.0,0,0,2017-04-17,34380900,3471.0,1,0,0,0,0,0,0,0,0,3471.4,2,0,0,0,0,0,0,0,0
345,2017-04-17,09:33:01,400,IF1704,CCFX,3471.0,3464.8,3476.2,910,947110800,26596,27310,3826.6,3131,3478.8,3477,0.0,3471,0.0,0,0,2017-04-17,34381400,3470.6,4,0,0,0,0,0,0,0,0,3471.4,1,0,0,0,0,0,0,0,0
346,2017-04-17,09:33:01,900,IF1704,CCFX,3471.0,3464.8,3476.2,910,947110800,26596,27310,3826.6,3131,3478.8,3477,0.0,3471,0.0,0,0,2017-04-17,34381900,3471.2,1,0,0,0,0,0,0,0,0,3471.4,1,0,0,0,0,0,0,0,0
347,2017-04-17,09:33:02,400,IF1704,CCFX,3471.4,3464.8,3476.2,911,948152220,26595,27310,3826.6,3131,3478.8,3477,0.0,3471,0.0,0,0,2017-04-17,34382400,3471.4,4,0,0,0,0,0,0,0,0,3471.6,2,0,0,0,0,0,0,0,0
348,2017-04-17,09:33:02,900,IF1704,CCFX,3471.4,3464.8,3476.2,916,953359380,26590,27310,3826.6,3131,3478.8,3477,0.0,3471,0.0,0,0,2017-04-17,34382900,3471.2,1,0,0,0,0,0,0,0,0,3471.6,1,0,0,0,0,0,0,0,0
349,2017-04-17,09:33:03,400,IF1704,CCFX,3470.8,3464.8,3476.2,920,957524580,26588,27310,3826.6,3131,3478.8,3477,0.0,3471,0.0,0,0,2017-04-17,34383400,3470.6,3,0,0,0,0,0,0,0,0,3470.8,2,0,0,0,0,0,0,0,0
350,2017-04-17,09:33:03,900,IF1704,CCFX,3470.8,3464.8,3476.2,921,958565820,26588,27310,3826.6,3131,3478.8,3477,0.0,3471,0.0,0,0,2017-04-17,34383900,3470.6,3,0,0,0,0,0,0,0,0,3470.8,1,0,0,0,0,0,0,0,0
351,2017-04-17,09:33:04,400,IF1704,CCFX,3470.8,3464.8,3476.2,922,959607060,26589,27310,3826.6,3131,3478.8,3477,0.0,3471,0.0,0,0,2017-04-17,34384400,3470.8,2,0,0,0,0,0,0,0,0,3471.2,1,0,0,0,0,0,0,0,0
352,2017-04-17,09:33:04,900,IF1704,CCFX,3470.8,3464.8,3476.2,922,959607060,26589,27310,3826.6,3131,3478.8,3477,0.0,3471,0.0,0,0,2017-04-17,34384900,3470.8,1,0,0,0,0,0,0,0,0,3471.2,1,0,0,0,0,0,0,0,0
353,2017-04-17,09:33:05,400,IF1704,CCFX,3470.8,3464.8,3476.2,922,959607060,26589,27310,3826.6,3131,3478.8,3477,0.0,3471,0.0,0,0,2017-04-17,34385400,3470.6,3,0,0,0,0,0,0,0,0,3471.2,1,0,0,0,0,0,0,0,0
354,2017-04-17,09:33:05,900,IF1704,CCFX,3470.8,3464.8,3476.2,922,959607060,26589,27310,3826.6,3131,3478.8,3477,0.0,3471,0.0,0,0,2017-04-17,34385900,3470.6,3,0,0,0,0,0,0,0,0,3471.2,1,0,0,0,0,0,0,0,0
355,2017-04-17,09:33:06,400,IF1704,CCFX,3470.6,3464.8,3476.2,925,962730600,26586,27310,3826.6,3131,3478.8,3477,0.0,3471,0.0,0,0,2017-04-17,34386400,3470.4,2,0,0,0,0,0,0,0,0,3470.6,7,0,0,0,0,0,0,0,0
356,2017-04-17,09:33:06,900,IF1704,CCFX,3470.6,3464.8,3476.2,925,962730600,26586,27310,3826.6,3131,3478.8,3477,0.0,3471,0.0,0,0,2017-04-17,34386900,3470.4,2,0,0,0,0,0,0,0,0,3470.6,7,0,0,0,0,0,0,0,0
357,2017-04-17,09:33:07,900,IF1704,CCFX,3470.4,3464.8,3476.2,926,963771720,26585,27310,3826.6,3131,3478.8,3477,0.0,3471,0.0,0,0,2017-04-17,34387900,3470.4,1,0,0,0,0,0,0,0,0,3470.6,7,0,0,0,0,0,0,0,0
358,2017-04-17,09:33:08,400,IF1704,CCFX,3470.4,3464.8,3476.2,927,964812840,26585,27310,3826.6,3131,3478.8,3477,0.0,3471,0.0,0,0,2017-04-17,34388400,3470.0,2,0,0,0,0,0,0,0,0,3470.4,1,0,0,0,0,0,0,0,0
359,2017-04-17,09:33:08,900,IF1704,CCFX,3470.4,3464.8,3476.2,927,964812840,26585,27310,3826.6,3131,3478.8,3477,0.0,3471,0.0,0,0,2017-04-17,34388900,3470.2,1,0,0,0,0,0,0,0,0,3470.4,3,0,0,0,0,0,0,0,0
360,2017-04-17,09:33:09,400,IF1704,CCFX,3470.2,3464.8,3476.2,928,965853900,26584,27310,3826.6,3131,3478.8,3477,0.0,3471,0.0,0,0,2017-04-17,34389400,3470.0,2,0,0,0,0,0,0,0,0,3470.2,1,0,0,0,0,0,0,0,0
361,2017-04-17,09:33:09,900,IF1704,CCFX,3470.0,3464.8,3476.2,930,967935900,26583,27310,3826.6,3131,3478.8,3477,0.0,3471,0.0,0,0,2017-04-17,34389900,3469.6,5,0,0,0,0,0,0,0,0,3470.2,1,0,0,0,0,0,0,0,0
362,2017-04-17,09:33:10,400,IF1704,CCFX,3470.0,3464.8,3476.2,930,967935900,26583,27310,3826.6,3131,3478.8,3477,0.0,3471,0.0,0,0,2017-04-17,34390400,3469.6,5,0,0,0,0,0,0,0,0,3470.0,1,0,0,0,0,0,0,0,0
363,2017-04-17,09:33:10,900,IF1704,CCFX,3469.6,3464.8,3476.2,932,970017660,26581,27310,3826.6,3131,3478.8,3477,0.0,3471,0.0,0,0,2017-04-17,34390900,3469.6,3,0,0,0,0,0,0,0,0,3470.0,1,0,0,0,0,0,0,0,0
364,2017-04-17,09:33:11,400,IF1704,CCFX,3469.6,3464.8,3476.2,932,970017660,26581,27310,3826.6,3131,3478.8,3477,0.0,3471,0.0,0,0,2017-04-17,34391400,3469.6,3,0,0,0,0,0,0,0,0,3470.0,3,0,0,0,0,0,0,0,0
365,2017-04-17,09:33:11,900,IF1704,CCFX,3469.6,3464.8,3476.2,933,971058540,26580,27310,3826.6,3131,3478.8,3477,0.0,3471,0.0,0,0,2017-04-17,34391900,3469.6,2,0,0,0,0,0,0,0,0,3470.0,3,0,0,0,0,0,0,0,0
366,2017-04-17,09:33:12,900,IF1704,CCFX,3469.6,3464.8,3476.2,935,973140300,26578,27310,3826.6,3131,3478.8,3477,0.0,3471,0.0,0,0,2017-04-17,34392900,3469.0,1,0,0,0,0,0,0,0,0,3469.6,8,0,0,0,0,0,0,0,0
367,2017-04-17,09:33:13,400,IF1704,CCFX,3469.6,3464.8,3476.2,936,974181180,26578,27310,3826.6,3131,3478.8,3477,0.0,3471,0.0,0,0,2017-04-17,34393400,3469.2,1,0,0,0,0,0,0,0,0,3469.6,7,0,0,0,0,0,0,0,0
368,2017-04-17,09:33:14,900,IF1704,CCFX,3469.2,3464.8,3476.2,937,975221940,26577,27310,3826.6,3131,3478.8,3477,0.0,3471,0.0,0,0,2017-04-17,34394900,3469.0,1,0,0,0,0,0,0,0,0,3469.2,2,0,0,0,0,0,0,0,0
369,2017-04-17,09:33:15,400,IF1704,CCFX,3469.0,3464.8,3476.2,938,976262640,26576,27310,3826.6,3131,3478.8,3477,0.0,3471,0.0,0,0,2017-04-17,34395400,3468.8,1,0,0,0,0,0,0,0,0,3469.2,2,0,0,0,0,0,0,0,0
370,2017-04-17,09:33:15,900,IF1704,CCFX,3468.8,3464.8,3476.2,939,977303280,26576,27310,3826.6,3131,3478.8,3477,0.0,3471,0.0,0,0,2017-04-17,34395900,3468.4,1,0,0,0,0,0,0,0,0,3469.0,1,0,0,0,0,0,0,0,0
371,2017-04-17,09:33:16,400,IF1704,CCFX,3469.0,3464.8,3476.2,940,978343980,26575,27310,3826.6,3131,3478.8,3477,0.0,3471,0.0,0,0,2017-04-17,34396400,3468.4,1,0,0,0,0,0,0,0,0,3469.2,2,0,0,0,0,0,0,0,0
372,2017-04-17,09:33:16,900,IF1704,CCFX,3469.0,3464.8,3476.2,940,978343980,26575,27310,3826.6,3131,3478.8,3477,0.0,3471,0.0,0,0,2017-04-17,34396900,3468.4,3,0,0,0,0,0,0,0,0,3469.2,2,0,0,0,0,0,0,0,0
373,2017-04-17,09:33:17,400,IF1704,CCFX,3469.2,3464.8,3476.2,941,979384740,26575,27310,3826.6,3131,3478.8,3477,0.0,3471,0.0,0,0,2017-04-17,34397400,3468.4,3,0,0,0,0,0,0,0,0,3469.2,1,0,0,0,0,0,0,0,0
374,2017-04-17,09:33:17,900,IF1704,CCFX,3469.2,3464.8,3476.2,941,979384740,26575,27310,3826.6,3131,3478.8,3477,0.0,3471,0.0,0,0,2017-04-17,34397900,3468.4,3,0,0,0,0,0,0,0,0,3469.0,2,0,0,0,0,0,0,0,0
375,2017-04-17,09:33:18,400,IF1704,CCFX,3469.2,3464.8,3476.2,943,981466260,26573,27310,3826.6,3131,3478.8,3477,0.0,3471,0.0,0,0,2017-04-17,34398400,3468.4,3,0,0,0,0,0,0,0,0,3469.2,1,0,0,0,0,0,0,0,0
376,2017-04-17,09:33:18,900,IF1704,CCFX,3468.4,3464.8,3476.2,946,984587820,26570,27310,3826.6,3131,3478.8,3477,0.0,3471,0.0,0,0,2017-04-17,34398900,3468.2,3,0,0,0,0,0,0,0,0,3468.4,2,0,0,0,0,0,0,0,0
377,2017-04-17,09:33:19,400,IF1704,CCFX,3468.4,3464.8,3476.2,947,985628340,26570,27310,3826.6,3131,3478.8,3477,0.0,3471,0.0,0,0,2017-04-17,34399400,3468.2,3,0,0,0,0,0,0,0,0,3468.4,1,0,0,0,0,0,0,0,0
378,2017-04-17,09:33:19,900,IF1704,CCFX,3469.0,3464.8,3476.2,949,987709560,26568,27310,3826.6,3131,3478.8,3477,0.0,3471,0.0,0,0,2017-04-17,34399900,3469.0,1,0,0,0,0,0,0,0,0,3469.2,1,0,0,0,0,0,0,0,0
379,2017-04-17,09:33:20,400,IF1704,CCFX,3468.4,3464.8,3476.2,951,989790780,26567,27310,3826.6,3131,3478.8,3477,0.0,3471,0.0,0,0,2017-04-17,34400400,3468.2,3,0,0,0,0,0,0,0,0,3468.4,3,0,0,0,0,0,0,0,0
380,2017-04-17,09:33:20,900,IF1704,CCFX,3468.4,3464.8,3476.2,952,990831300,26567,27310,3826.6,3131,3478.8,3477,0.0,3471,0.0,0,0,2017-04-17,34400900,3468.2,3,0,0,0,0,0,0,0,0,3468.4,2,0,0,0,0,0,0,0,0
381,2017-04-17,09:33:21,400,IF1704,CCFX,3468.2,3464.8,3476.2,953,991871760,26566,27310,3826.6,3131,3478.8,3477,0.0,3471,0.0,0,0,2017-04-17,34401400,3468.4,1,0,0,0,0,0,0,0,0,3469.0,2,0,0,0,0,0,0,0,0
382,2017-04-17,09:33:21,900,IF1704,CCFX,3468.2,3464.8,3476.2,953,991871760,26566,27310,3826.6,3131,3478.8,3477,0.0,3471,0.0,0,0,2017-04-17,34401900,3468.4,2,0,0,0,0,0,0,0,0,3469.0,2,0,0,0,0,0,0,0,0
383,2017-04-17,09:33:22,400,IF1704,CCFX,3468.2,3464.8,3476.2,955,993952680,26567,27310,3826.6,3131,3478.8,3477,0.0,3471,0.0,0,0,2017-04-17,34402400,3468.2,2,0,0,0,0,0,0,0,0,3468.4,1,0,0,0,0,0,0,0,0
384,2017-04-17,09:33:22,900,IF1704,CCFX,3468.4,3464.8,3476.2,956,994993200,26567,27310,3826.6,3131,3478.8,3477,0.0,3471,0.0,0,0,2017-04-17,34402900,3468.2,2,0,0,0,0,0,0,0,0,3469.0,2,0,0,0,0,0,0,0,0
385,2017-04-17,09:33:23,400,IF1704,CCFX,3469.0,3464.8,3476.2,957,996033900,26566,27310,3826.6,3131,3478.8,3477,0.0,3471,0.0,0,0,2017-04-17,34403400,3468.2,2,0,0,0,0,0,0,0,0,3469.0,4,0,0,0,0,0,0,0,0
386,2017-04-17,09:33:23,900,IF1704,CCFX,3469.0,3464.8,3476.2,957,996033900,26566,27310,3826.6,3131,3478.8,3477,0.0,3471,0.0,0,0,2017-04-17,34403900,3468.4,8,0,0,0,0,0,0,0,0,3469.0,4,0,0,0,0,0,0,0,0
387,2017-04-17,09:33:24,400,IF1704,CCFX,3468.4,3464.8,3476.2,959,998114940,26564,27310,3826.6,3131,3478.8,3477,0.0,3471,0.0,0,0,2017-04-17,34404400,3468.4,6,0,0,0,0,0,0,0,0,3469.0,4,0,0,0,0,0,0,0,0
388,2017-04-17,09:33:24,900,IF1704,CCFX,3468.4,3464.8,3476.2,959,998114940,26564,27310,3826.6,3131,3478.8,3477,0.0,3471,0.0,0,0,2017-04-17,34404900,3468.4,6,0,0,0,0,0,0,0,0,3469.0,4,0,0,0,0,0,0,0,0
389,2017-04-17,09:33:25,400,IF1704,CCFX,3469.0,3464.8,3476.2,960,999155640,26564,27310,3826.6,3131,3478.8,3477,0.0,3471,0.0,0,0,2017-04-17,34405400,3468.4,6,0,0,0,0,0,0,0,0,3469.0,3,0,0,0,0,0,0,0,0
390,2017-04-17,09:33:25,900,IF1704,CCFX,3469.0,3464.8,3476.2,961,1000196340,26563,27310,3826.6,3131,3478.8,3477,0.0,3471,0.0,0,0,2017-04-17,34405900,3468.4,6,0,0,0,0,0,0,0,0,3469.0,2,0,0,0,0,0,0,0,0
391,2017-04-17,09:33:26,400,IF1704,CCFX,3469.0,3464.8,3476.2,961,1000196340,26563,27310,3826.6,3131,3478.8,3477,0.0,3471,0.0,0,0,2017-04-17,34406400,3468.6,1,0,0,0,0,0,0,0,0,3469.0,2,0,0,0,0,0,0,0,0
392,2017-04-17,09:33:26,900,IF1704,CCFX,3469.0,3464.8,3476.2,961,1000196340,26563,27310,3826.6,3131,3478.8,3477,0.0,3471,0.0,0,0,2017-04-17,34406900,3468.6,1,0,0,0,0,0,0,0,0,3469.0,2,0,0,0,0,0,0,0,0
393,2017-04-17,09:33:28,400,IF1704,CCFX,3469.0,3464.8,3476.2,968,1007480400,26558,27310,3826.6,3131,3478.8,3477,0.0,3471,0.0,0,0,2017-04-17,34408400,3468.4,2,0,0,0,0,0,0,0,0,3469.6,7,0,0,0,0,0,0,0,0
394,2017-04-17,09:33:28,900,IF1704,CCFX,3469.0,3464.8,3476.2,968,1007480400,26558,27310,3826.6,3131,3478.8,3477,0.0,3471,0.0,0,0,2017-04-17,34408900,3469.0,1,0,0,0,0,0,0,0,0,3469.4,1,0,0,0,0,0,0,0,0
395,2017-04-17,09:33:29,400,IF1704,CCFX,3469.0,3464.8,3476.2,969,1008521100,26558,27310,3826.6,3131,3478.8,3477,0.0,3471,0.0,0,0,2017-04-17,34409400,3468.4,2,0,0,0,0,0,0,0,0,3469.0,1,0,0,0,0,0,0,0,0
396,2017-04-17,09:33:29,900,IF1704,CCFX,3469.6,3464.8,3476.2,977,1016848020,26550,27310,3826.6,3131,3478.8,3477,0.0,3471,0.0,0,0,2017-04-17,34409900,3469.6,1,0,0,0,0,0,0,0,0,3470.0,1,0,0,0,0,0,0,0,0
397,2017-04-17,09:33:30,400,IF1704,CCFX,3469.6,3464.8,3476.2,978,1017888900,26549,27310,3826.6,3131,3478.8,3477,0.0,3471,0.0,0,0,2017-04-17,34410400,3468.8,1,0,0,0,0,0,0,0,0,3469.6,2,0,0,0,0,0,0,0,0
398,2017-04-17,09:33:30,900,IF1704,CCFX,3468.6,3464.8,3476.2,981,1021010760,26546,27310,3826.6,3131,3478.8,3477,0.0,3471,0.0,0,0,2017-04-17,34410900,3468.4,2,0,0,0,0,0,0,0,0,3468.6,5,0,0,0,0,0,0,0,0
399,2017-04-17,09:33:31,400,IF1704,CCFX,3468.6,3464.8,3476.2,984,1024132500,26543,27310,3826.6,3131,3478.8,3477,0.0,3471,0.0,0,0,2017-04-17,34411400,3468.4,2,0,0,0,0,0,0,0,0,3468.6,2,0,0,0,0,0,0,0,0
400,2017-04-17,09:33:31,900,IF1704,CCFX,3469.6,3464.8,3476.2,987,1027254540,26540,27310,3826.6,3131,3478.8,3477,0.0,3471,0.0,0,0,2017-04-17,34411900,3469.0,1,0,0,0,0,0,0,0,0,3469.6,1,0,0,0,0,0,0,0,0
401,2017-04-17,09:33:32,400,IF1704,CCFX,3469.6,3464.8,3476.2,987,1027254540,26540,27310,3826.6,3131,3478.8,3477,0.0,3471,0.0,0,0,2017-04-17,34412400,3469.0,1,0,0,0,0,0,0,0,0,3469.6,1,0,0,0,0,0,0,0,0
402,2017-04-17,09:33:32,900,IF1704,CCFX,3469.6,3464.8,3476.2,992,1032457740,26540,27310,3826.6,3131,3478.8,3477,0.0,3471,0.0,0,0,2017-04-17,34412900,3469.2,2,0,0,0,0,0,0,0,0,3469.8,2,0,0,0,0,0,0,0,0
403,2017-04-17,09:33:33,400,IF1704,CCFX,3469.6,3464.8,3476.2,992,1032457740,26540,27310,3826.6,3131,3478.8,3477,0.0,3471,0.0,0,0,2017-04-17,34413400,3469.2,2,0,0,0,0,0,0,0,0,3469.6,1,0,0,0,0,0,0,0,0
404,2017-04-17,09:33:33,900,IF1704,CCFX,3469.2,3464.8,3476.2,994,1034539260,26539,27310,3826.6,3131,3478.8,3477,0.0,3471,0.0,0,0,2017-04-17,34413900,3468.2,2,0,0,0,0,0,0,0,0,3469.6,1,0,0,0,0,0,0,0,0
405,2017-04-17,09:33:34,400,IF1704,CCFX,3469.0,3464.8,3476.2,995,1035579960,26538,27310,3826.6,3131,3478.8,3477,0.0,3471,0.0,0,0,2017-04-17,34414400,3468.8,1,0,0,0,0,0,0,0,0,3469.4,1,0,0,0,0,0,0,0,0
406,2017-04-17,09:33:34,900,IF1704,CCFX,3469.0,3464.8,3476.2,995,1035579960,26538,27310,3826.6,3131,3478.8,3477,0.0,3471,0.0,0,0,2017-04-17,34414900,3468.8,1,0,0,0,0,0,0,0,0,3469.6,1,0,0,0,0,0,0,0,0
407,2017-04-17,09:33:36,400,IF1704,CCFX,3469.6,3464.8,3476.2,996,1036620840,26538,27310,3826.6,3131,3478.8,3477,0.0,3471,0.0,0,0,2017-04-17,34416400,3468.8,1,0,0,0,0,0,0,0,0,3469.6,2,0,0,0,0,0,0,0,0
408,2017-04-17,09:33:36,900,IF1704,CCFX,3469.6,3464.8,3476.2,996,1036620840,26538,27310,3826.6,3131,3478.8,3477,0.0,3471,0.0,0,0,2017-04-17,34416900,3469.4,1,0,0,0,0,0,0,0,0,3469.6,2,0,0,0,0,0,0,0,0
409,2017-04-17,09:33:37,400,IF1704,CCFX,3469.6,3464.8,3476.2,996,1036620840,26538,27310,3826.6,3131,3478.8,3477,0.0,3471,0.0,0,0,2017-04-17,34417400,3469.0,1,0,0,0,0,0,0,0,0,3469.6,2,0,0,0,0,0,0,0,0
410,2017-04-17,09:33:37,900,IF1704,CCFX,3469.6,3464.8,3476.2,996,1036620840,26538,27310,3826.6,3131,3478.8,3477,0.0,3471,0.0,0,0,2017-04-17,34417900,3469.2,1,0,0,0,0,0,0,0,0,3469.6,2,0,0,0,0,0,0,0,0
411,2017-04-17,09:33:38,400,IF1704,CCFX,3469.6,3464.8,3476.2,996,1036620840,26538,27310,3826.6,3131,3478.8,3477,0.0,3471,0.0,0,0,2017-04-17,34418400,3469.2,2,0,0,0,0,0,0,0,0,3469.6,2,0,0,0,0,0,0,0,0
412,2017-04-17,09:33:38,900,IF1704,CCFX,3469.6,3464.8,3476.2,998,1038702600,26537,27310,3826.6,3131,3478.8,3477,0.0,3471,0.0,0,0,2017-04-17,34418900,3469.2,2,0,0,0,0,0,0,0,0,3469.8,1,0,0,0,0,0,0,0,0
413,2017-04-17,09:33:39,400,IF1704,CCFX,3469.8,3464.8,3476.2,999,1039743540,26536,27310,3826.6,3131,3478.8,3477,0.0,3471,0.0,0,0,2017-04-17,34419400,3469.4,1,0,0,0,0,0,0,0,0,3470.0,1,0,0,0,0,0,0,0,0
414,2017-04-17,09:33:39,900,IF1704,CCFX,3469.8,3464.8,3476.2,999,1039743540,26536,27310,3826.6,3131,3478.8,3477,0.0,3471,0.0,0,0,2017-04-17,34419900,3469.6,9,0,0,0,0,0,0,0,0,3470.0,1,0,0,0,0,0,0,0,0
415,2017-04-17,09:33:40,400,IF1704,CCFX,3470.0,3464.8,3476.2,1002,1042866600,26534,27310,3826.6,3131,3478.8,3477,0.0,3471,0.0,0,0,2017-04-17,34420400,3470.0,1,0,0,0,0,0,0,0,0,3470.4,4,0,0,0,0,0,0,0,0
416,2017-04-17,09:33:40,900,IF1704,CCFX,3470.0,3464.8,3476.2,1003,1043907600,26534,27310,3826.6,3131,3478.8,3477,0.0,3471,0.0,0,0,2017-04-17,34420900,3469.8,1,0,0,0,0,0,0,0,0,3470.4,4,0,0,0,0,0,0,0,0
417,2017-04-17,09:33:41,400,IF1704,CCFX,3469.8,3464.8,3476.2,1004,1044948540,26533,27310,3826.6,3131,3478.8,3477,0.0,3471,0.0,0,0,2017-04-17,34421400,3469.6,9,0,0,0,0,0,0,0,0,3470.4,4,0,0,0,0,0,0,0,0
418,2017-04-17,09:33:41,900,IF1704,CCFX,3469.6,3464.8,3476.2,1005,1045989420,26532,27310,3826.6,3131,3478.8,3477,0.0,3471,0.0,0,0,2017-04-17,34421900,3470.0,1,0,0,0,0,0,0,0,0,3470.4,4,0,0,0,0,0,0,0,0
419,2017-04-17,09:33:42,400,IF1704,CCFX,3470.0,3464.8,3476.2,1007,1048071300,26531,27310,3826.6,3131,3478.8,3477,0.0,3471,0.0,0,0,2017-04-17,34422400,3469.8,1,0,0,0,0,0,0,0,0,3470.4,4,0,0,0,0,0,0,0,0
420,2017-04-17,09:33:42,900,IF1704,CCFX,3470.0,3464.8,3476.2,1007,1048071300,26531,27310,3826.6,3131,3478.8,3477,0.0,3471,0.0,0,0,2017-04-17,34422900,3469.8,1,0,0,0,0,0,0,0,0,3470.4,4,0,0,0,0,0,0,0,0
421,2017-04-17,09:33:43,400,IF1704,CCFX,3470.0,3464.8,3476.2,1007,1048071300,26531,27310,3826.6,3131,3478.8,3477,0.0,3471,0.0,0,0,2017-04-17,34423400,3470.2,1,0,0,0,0,0,0,0,0,3470.4,4,0,0,0,0,0,0,0,0
422,2017-04-17,09:33:43,900,IF1704,CCFX,3470.4,3464.8,3476.2,1008,1049112420,26530,27310,3826.6,3131,3478.8,3477,0.0,3471,0.0,0,0,2017-04-17,34423900,3470.2,1,0,0,0,0,0,0,0,0,3470.4,3,0,0,0,0,0,0,0,0
423,2017-04-17,09:33:44,400,IF1704,CCFX,3470.4,3464.8,3476.2,1009,1050153540,26529,27310,3826.6,3131,3478.8,3477,0.0,3471,0.0,0,0,2017-04-17,34424400,3470.2,1,0,0,0,0,0,0,0,0,3470.4,2,0,0,0,0,0,0,0,0
424,2017-04-17,09:33:44,900,IF1704,CCFX,3470.4,3464.8,3476.2,1011,1052235720,26527,27310,3826.6,3131,3478.8,3477,0.0,3471,0.0,0,0,2017-04-17,34424900,3470.0,1,0,0,0,0,0,0,0,0,3470.4,1,0,0,0,0,0,0,0,0
425,2017-04-17,09:33:46,400,IF1704,CCFX,3470.4,3464.8,3476.2,1011,1052235720,26527,27310,3826.6,3131,3478.8,3477,0.0,3471,0.0,0,0,2017-04-17,34426400,3470.0,1,0,0,0,0,0,0,0,0,3470.4,1,0,0,0,0,0,0,0,0
426,2017-04-17,09:33:46,900,IF1704,CCFX,3470.4,3464.8,3476.2,1011,1052235720,26527,27310,3826.6,3131,3478.8,3477,0.0,3471,0.0,0,0,2017-04-17,34426900,3470.2,2,0,0,0,0,0,0,0,0,3470.4,1,0,0,0,0,0,0,0,0
427,2017-04-17,09:33:47,400,IF1704,CCFX,3470.4,3464.8,3476.2,1012,1053276840,26527,27310,3826.6,3131,3478.8,3477,0.0,3471,0.0,0,0,2017-04-17,34427400,3470.4,1,0,0,0,0,0,0,0,0,3470.6,1,0,0,0,0,0,0,0,0
428,2017-04-17,09:33:47,900,IF1704,CCFX,3470.4,3464.8,3476.2,1014,1055359140,26526,27310,3826.6,3131,3478.8,3477,0.0,3471,0.0,0,0,2017-04-17,34427900,3470.6,7,0,0,0,0,0,0,0,0,3470.8,1,0,0,0,0,0,0,0,0
429,2017-04-17,09:33:48,400,IF1704,CCFX,3470.6,3464.8,3476.2,1017,1058482800,26523,27310,3826.6,3131,3478.8,3477,0.0,3471,0.0,0,0,2017-04-17,34428400,3470.8,1,0,0,0,0,0,0,0,0,3471.0,1,0,0,0,0,0,0,0,0
430,2017-04-17,09:33:48,900,IF1704,CCFX,3470.6,3464.8,3476.2,1017,1058482800,26523,27310,3826.6,3131,3478.8,3477,0.0,3471,0.0,0,0,2017-04-17,34428900,3470.8,1,0,0,0,0,0,0,0,0,3471.0,1,0,0,0,0,0,0,0,0
431,2017-04-17,09:33:49,400,IF1704,CCFX,3471.0,3464.8,3476.2,1018,1059524100,26522,27310,3826.6,3131,3478.8,3477,0.0,3471,0.0,0,0,2017-04-17,34429400,3470.8,1,0,0,0,0,0,0,0,0,3471.2,2,0,0,0,0,0,0,0,0
432,2017-04-17,09:33:49,900,IF1704,CCFX,3471.0,3464.8,3476.2,1018,1059524100,26522,27310,3826.6,3131,3478.8,3477,0.0,3471,0.0,0,0,2017-04-17,34429900,3471.0,1,0,0,0,0,0,0,0,0,3471.2,2,0,0,0,0,0,0,0,0
433,2017-04-17,09:33:50,400,IF1704,CCFX,3470.8,3464.8,3476.2,1020,1061606640,26520,27310,3826.6,3131,3478.8,3477,0.0,3471,0.0,0,0,2017-04-17,34430400,3470.6,6,0,0,0,0,0,0,0,0,3471.2,2,0,0,0,0,0,0,0,0
434,2017-04-17,09:33:50,900,IF1704,CCFX,3471.2,3464.8,3476.2,1021,1062648000,26519,27310,3826.6,3131,3478.8,3477,0.0,3471,0.0,0,0,2017-04-17,34430900,3470.6,6,0,0,0,0,0,0,0,0,3471.2,1,0,0,0,0,0,0,0,0
435,2017-04-17,09:33:51,400,IF1704,CCFX,3471.2,3464.8,3476.2,1021,1062648000,26519,27310,3826.6,3131,3478.8,3477,0.0,3471,0.0,0,0,2017-04-17,34431400,3470.8,1,0,0,0,0,0,0,0,0,3471.2,1,0,0,0,0,0,0,0,0
436,2017-04-17,09:33:51,900,IF1704,CCFX,3471.2,3464.8,3476.2,1022,1063689360,26518,27310,3826.6,3131,3478.8,3477,0.0,3471,0.0,0,0,2017-04-17,34431900,3471.0,2,0,0,0,0,0,0,0,0,3471.4,2,0,0,0,0,0,0,0,0
437,2017-04-17,09:33:52,400,IF1704,CCFX,3471.4,3464.8,3476.2,1024,1065772200,26518,27310,3826.6,3131,3478.8,3477,0.0,3471,0.0,0,0,2017-04-17,34432400,3471.2,1,0,0,0,0,0,0,0,0,3471.6,1,0,0,0,0,0,0,0,0
438,2017-04-17,09:33:53,400,IF1704,CCFX,3471.4,3464.8,3476.2,1024,1065772200,26518,27310,3826.6,3131,3478.8,3477,0.0,3471,0.0,0,0,2017-04-17,34433400,3471.2,2,0,0,0,0,0,0,0,0,3471.6,1,0,0,0,0,0,0,0,0
439,2017-04-17,09:33:53,900,IF1704,CCFX,3471.2,3464.8,3476.2,1026,1067855040,26516,27310,3826.6,3131,3478.8,3477,0.0,3471,0.0,0,0,2017-04-17,34433900,3471.2,1,0,0,0,0,0,0,0,0,3471.8,2,0,0,0,0,0,0,0,0
440,2017-04-17,09:33:54,400,IF1704,CCFX,3471.2,3464.8,3476.2,1026,1067855040,26516,27310,3826.6,3131,3478.8,3477,0.0,3471,0.0,0,0,2017-04-17,34434400,3471.4,1,0,0,0,0,0,0,0,0,3471.8,2,0,0,0,0,0,0,0,0
441,2017-04-17,09:33:54,900,IF1704,CCFX,3471.2,3464.8,3476.2,1027,1068896400,26515,27310,3826.6,3131,3478.8,3477,0.0,3471,0.0,0,0,2017-04-17,34434900,3471.4,2,0,0,0,0,0,0,0,0,3471.8,2,0,0,0,0,0,0,0,0
442,2017-04-17,09:33:55,400,IF1704,CCFX,3471.8,3464.8,3476.2,1029,1070979480,26514,27310,3826.6,3131,3478.8,3477,0.0,3471,0.0,0,0,2017-04-17,34435400,3471.4,2,0,0,0,0,0,0,0,0,3472.0,2,0,0,0,0,0,0,0,0
443,2017-04-17,09:33:55,900,IF1704,CCFX,3471.8,3464.8,3476.2,1029,1070979480,26514,27310,3826.6,3131,3478.8,3477,0.0,3471,0.0,0,0,2017-04-17,34435900,3471.6,6,0,0,0,0,0,0,0,0,3472.0,2,0,0,0,0,0,0,0,0
444,2017-04-17,09:33:56,400,IF1704,CCFX,3471.8,3464.8,3476.2,1029,1070979480,26514,27310,3826.6,3131,3478.8,3477,0.0,3471,0.0,0,0,2017-04-17,34436400,3471.8,2,0,0,0,0,0,0,0,0,3472.0,2,0,0,0,0,0,0,0,0
445,2017-04-17,09:33:56,900,IF1704,CCFX,3471.8,3464.8,3476.2,1031,1073062620,26512,27310,3826.6,3131,3478.8,3477,0.0,3471,0.0,0,0,2017-04-17,34436900,3472.0,1,0,0,0,0,0,0,0,0,3472.2,6,0,0,0,0,0,0,0,0
446,2017-04-17,09:33:57,400,IF1704,CCFX,3472.2,3464.8,3476.2,1033,1075145940,26510,27310,3826.6,3131,3478.8,3477,0.0,3471,0.0,0,0,2017-04-17,34437400,3472.0,1,0,0,0,0,0,0,0,0,3472.2,4,0,0,0,0,0,0,0,0
447,2017-04-17,09:33:57,900,IF1704,CCFX,3472.4,3464.8,3476.2,1039,1081396020,26506,27310,3826.6,3131,3478.8,3477,0.0,3471,0.0,0,0,2017-04-17,34437900,3472.0,1,0,0,0,0,0,0,0,0,3472.4,2,0,0,0,0,0,0,0,0
448,2017-04-17,09:33:58,400,IF1704,CCFX,3472.4,3464.8,3476.2,1042,1084521180,26503,27310,3826.6,3131,3478.8,3477,0.0,3471,0.0,0,0,2017-04-17,34438400,3472.2,1,0,0,0,0,0,0,0,0,3472.6,1,0,0,0,0,0,0,0,0
449,2017-04-17,09:33:58,900,IF1704,CCFX,3472.6,3464.8,3476.2,1043,1085562960,26502,27310,3826.6,3131,3478.8,3477,0.0,3471,0.0,0,0,2017-04-17,34438900,3472.2,2,0,0,0,0,0,0,0,0,3472.4,2,0,0,0,0,0,0,0,0
450,2017-04-17,09:33:59,400,IF1704,CCFX,3472.4,3464.8,3476.2,1045,1087646400,26500,27310,3826.6,3131,3478.8,3477,0.0,3471,0.0,0,0,2017-04-17,34439400,3472.6,1,0,0,0,0,0,0,0,0,3472.8,3,0,0,0,0,0,0,0,0
451,2017-04-17,09:33:59,900,IF1704,CCFX,3473.0,3464.8,3476.2,1049,1091813820,26497,27310,3826.6,3131,3478.8,3477,0.0,3471,0.0,0,0,2017-04-17,34439900,3472.8,2,0,0,0,0,0,0,0,0,3474.0,1,0,0,0,0,0,0,0,0
452,2017-04-17,09:34:00,400,IF1704,CCFX,3473.0,3464.8,3476.2,1051,1093897620,26496,27310,3826.6,3131,3478.8,3477,0.0,3471,0.0,0,0,2017-04-17,34440400,3473.0,4,0,0,0,0,0,0,0,0,3473.8,1,0,0,0,0,0,0,0,0
453,2017-04-17,09:34:00,900,IF1704,CCFX,3474.0,3464.8,3476.2,1052,1094939820,26495,27310,3826.6,3131,3478.8,3477,0.0,3471,0.0,0,0,2017-04-17,34440900,3474.0,1,0,0,0,0,0,0,0,0,3474.4,2,0,0,0,0,0,0,0,0
454,2017-04-17,09:34:01,400,IF1704,CCFX,3473.2,3464.8,3476.2,1054,1097023980,26493,27310,3826.6,3131,3478.8,3477,0.0,3471,0.0,0,0,2017-04-17,34441400,3473.0,3,0,0,0,0,0,0,0,0,3473.4,4,0,0,0,0,0,0,0,0
455,2017-04-17,09:34:01,900,IF1704,CCFX,3473.0,3464.8,3476.2,1061,1104318240,26494,27310,3826.6,3131,3478.8,3477,0.0,3471,0.0,0,0,2017-04-17,34441900,3473.2,1,0,0,0,0,0,0,0,0,3474.2,2,0,0,0,0,0,0,0,0
456,2017-04-17,09:34:02,400,IF1704,CCFX,3473.0,3464.8,3476.2,1061,1104318240,26494,27310,3826.6,3131,3478.8,3477,0.0,3471,0.0,0,0,2017-04-17,34442400,3473.4,1,0,0,0,0,0,0,0,0,3473.8,1,0,0,0,0,0,0,0,0
457,2017-04-17,09:34:02,900,IF1704,CCFX,3473.2,3464.8,3476.2,1063,1106402160,26492,27310,3826.6,3131,3478.8,3477,0.0,3471,0.0,0,0,2017-04-17,34442900,3473.2,1,0,0,0,0,0,0,0,0,3473.8,1,0,0,0,0,0,0,0,0
458,2017-04-17,09:34:03,400,IF1704,CCFX,3473.8,3464.8,3476.2,1064,1107444300,26491,27310,3826.6,3131,3478.8,3477,0.0,3471,0.0,0,0,2017-04-17,34443400,3473.2,1,0,0,0,0,0,0,0,0,3473.8,3,0,0,0,0,0,0,0,0
459,2017-04-17,09:34:03,900,IF1704,CCFX,3473.8,3464.8,3476.2,1064,1107444300,26491,27310,3826.6,3131,3478.8,3477,0.0,3471,0.0,0,0,2017-04-17,34443900,3473.4,6,0,0,0,0,0,0,0,0,3473.6,1,0,0,0,0,0,0,0,0
460,2017-04-17,09:34:04,400,IF1704,CCFX,3473.8,3464.8,3476.2,1068,1111612560,26488,27310,3826.6,3131,3478.8,3477,0.0,3471,0.0,0,0,2017-04-17,34444400,3473.4,4,0,0,0,0,0,0,0,0,3473.8,2,0,0,0,0,0,0,0,0
461,2017-04-17,09:34:04,900,IF1704,CCFX,3473.8,3464.8,3476.2,1069,1112654700,26487,27310,3826.6,3131,3478.8,3477,0.0,3471,0.0,0,0,2017-04-17,34444900,3473.4,4,0,0,0,0,0,0,0,0,3473.8,1,0,0,0,0,0,0,0,0
462,2017-04-17,09:34:05,400,IF1704,CCFX,3473.8,3464.8,3476.2,1070,1113696840,26486,27310,3826.6,3131,3478.8,3477,0.0,3471,0.0,0,0,2017-04-17,34445400,3473.4,4,0,0,0,0,0,0,0,0,3473.8,1,0,0,0,0,0,0,0,0
463,2017-04-17,09:34:05,900,IF1704,CCFX,3473.8,3464.8,3476.2,1071,1114738980,26485,27310,3826.6,3131,3478.8,3477,0.0,3471,0.0,0,0,2017-04-17,34445900,3473.6,1,0,0,0,0,0,0,0,0,3474.0,1,0,0,0,0,0,0,0,0
464,2017-04-17,09:34:06,400,IF1704,CCFX,3473.8,3464.8,3476.2,1071,1114738980,26485,27310,3826.6,3131,3478.8,3477,0.0,3471,0.0,0,0,2017-04-17,34446400,3473.6,1,0,0,0,0,0,0,0,0,3473.8,1,0,0,0,0,0,0,0,0
465,2017-04-17,09:34:06,900,IF1704,CCFX,3473.8,3464.8,3476.2,1074,1117865340,26482,27310,3826.6,3131,3478.8,3477,0.0,3471,0.0,0,0,2017-04-17,34446900,3473.4,4,0,0,0,0,0,0,0,0,3474.0,1,0,0,0,0,0,0,0,0
466,2017-04-17,09:34:07,400,IF1704,CCFX,3473.8,3464.8,3476.2,1075,1118907480,26481,27310,3826.6,3131,3478.8,3477,0.0,3471,0.0,0,0,2017-04-17,34447400,3473.8,1,0,0,0,0,0,0,0,0,3474.0,1,0,0,0,0,0,0,0,0
467,2017-04-17,09:34:07,900,IF1704,CCFX,3473.8,3464.8,3476.2,1075,1118907480,26481,27310,3826.6,3131,3478.8,3477,0.0,3471,0.0,0,0,2017-04-17,34447900,3473.8,1,0,0,0,0,0,0,0,0,3474.0,1,0,0,0,0,0,0,0,0
468,2017-04-17,09:34:08,400,IF1704,CCFX,3473.8,3464.8,3476.2,1075,1118907480,26481,27310,3826.6,3131,3478.8,3477,0.0,3471,0.0,0,0,2017-04-17,34448400,3473.8,2,0,0,0,0,0,0,0,0,3474.0,1,0,0,0,0,0,0,0,0
469,2017-04-17,09:34:08,900,IF1704,CCFX,3473.8,3464.8,3476.2,1075,1118907480,26481,27310,3826.6,3131,3478.8,3477,0.0,3471,0.0,0,0,2017-04-17,34448900,3473.8,2,0,0,0,0,0,0,0,0,3474.0,2,0,0,0,0,0,0,0,0
470,2017-04-17,09:34:09,400,IF1704,CCFX,3474.0,3464.8,3476.2,1077,1120991880,26479,27310,3826.6,3131,3478.8,3477,0.0,3471,0.0,0,0,2017-04-17,34449400,3473.8,3,0,0,0,0,0,0,0,0,3474.2,2,0,0,0,0,0,0,0,0
471,2017-04-17,09:34:09,900,IF1704,CCFX,3473.8,3464.8,3476.2,1080,1124118420,26477,27310,3826.6,3131,3478.8,3477,0.0,3471,0.0,0,0,2017-04-17,34449900,3473.8,1,0,0,0,0,0,0,0,0,3474.2,1,0,0,0,0,0,0,0,0
472,2017-04-17,09:34:10,400,IF1704,CCFX,3474.0,3464.8,3476.2,1082,1126202760,26475,27310,3826.6,3131,3478.8,3477,0.0,3471,0.0,0,0,2017-04-17,34450400,3473.4,5,0,0,0,0,0,0,0,0,3474.0,1,0,0,0,0,0,0,0,0
473,2017-04-17,09:34:10,900,IF1704,CCFX,3474.0,3464.8,3476.2,1085,1129329360,26473,27310,3826.6,3131,3478.8,3477,0.0,3471,0.0,0,0,2017-04-17,34450900,3473.4,5,0,0,0,0,0,0,0,0,3474.2,2,0,0,0,0,0,0,0,0
474,2017-04-17,09:34:11,400,IF1704,CCFX,3473.4,3464.8,3476.2,1087,1131413400,26471,27310,3826.6,3131,3478.8,3477,0.0,3471,0.0,0,0,2017-04-17,34451400,3473.4,3,0,0,0,0,0,0,0,0,3474.2,2,0,0,0,0,0,0,0,0
475,2017-04-17,09:34:11,900,IF1704,CCFX,3473.4,3464.8,3476.2,1087,1131413400,26471,27310,3826.6,3131,3478.8,3477,0.0,3471,0.0,0,0,2017-04-17,34451900,3473.8,1,0,0,0,0,0,0,0,0,3474.2,2,0,0,0,0,0,0,0,0
476,2017-04-17,09:34:12,400,IF1704,CCFX,3474.2,3464.8,3476.2,1088,1132455660,26470,27310,3826.6,3131,3478.8,3477,0.0,3471,0.0,0,0,2017-04-17,34452400,3473.8,1,0,0,0,0,0,0,0,0,3474.2,1,0,0,0,0,0,0,0,0
477,2017-04-17,09:34:12,900,IF1704,CCFX,3473.8,3464.8,3476.2,1089,1133497800,26469,27310,3826.6,3131,3478.8,3477,0.0,3471,0.0,0,0,2017-04-17,34452900,3473.6,3,0,0,0,0,0,0,0,0,3474.2,1,0,0,0,0,0,0,0,0
478,2017-04-17,09:34:13,400,IF1704,CCFX,3473.8,3464.8,3476.2,1089,1133497800,26469,27310,3826.6,3131,3478.8,3477,0.0,3471,0.0,0,0,2017-04-17,34453400,3474.0,1,0,0,0,0,0,0,0,0,3474.2,1,0,0,0,0,0,0,0,0
479,2017-04-17,09:34:13,900,IF1704,CCFX,3473.8,3464.8,3476.2,1089,1133497800,26469,27310,3826.6,3131,3478.8,3477,0.0,3471,0.0,0,0,2017-04-17,34453900,3474.0,1,0,0,0,0,0,0,0,0,3474.2,1,0,0,0,0,0,0,0,0
480,2017-04-17,09:34:14,900,IF1704,CCFX,3474.0,3464.8,3476.2,1090,1134540000,26469,27310,3826.6,3131,3478.8,3477,0.0,3471,0.0,0,0,2017-04-17,34454900,3473.6,3,0,0,0,0,0,0,0,0,3473.8,1,0,0,0,0,0,0,0,0
481,2017-04-17,09:34:15,400,IF1704,CCFX,3474.0,3464.8,3476.2,1090,1134540000,26469,27310,3826.6,3131,3478.8,3477,0.0,3471,0.0,0,0,2017-04-17,34455400,3473.6,3,0,0,0,0,0,0,0,0,3473.8,2,0,0,0,0,0,0,0,0
482,2017-04-17,09:34:15,900,IF1704,CCFX,3474.0,3464.8,3476.2,1092,1136624400,26467,27310,3826.6,3131,3478.8,3477,0.0,3471,0.0,0,0,2017-04-17,34455900,3473.6,3,0,0,0,0,0,0,0,0,3474.0,1,0,0,0,0,0,0,0,0
483,2017-04-17,09:34:16,400,IF1704,CCFX,3474.0,3464.8,3476.2,1092,1136624400,26467,27310,3826.6,3131,3478.8,3477,0.0,3471,0.0,0,0,2017-04-17,34456400,3473.6,3,0,0,0,0,0,0,0,0,3474.0,1,0,0,0,0,0,0,0,0
484,2017-04-17,09:34:16,900,IF1704,CCFX,3474.0,3464.8,3476.2,1092,1136624400,26467,27310,3826.6,3131,3478.8,3477,0.0,3471,0.0,0,0,2017-04-17,34456900,3473.6,4,0,0,0,0,0,0,0,0,3474.0,1,0,0,0,0,0,0,0,0
485,2017-04-17,09:34:17,400,IF1704,CCFX,3474.2,3464.8,3476.2,1095,1139751060,26465,27310,3826.6,3131,3478.8,3477,0.0,3471,0.0,0,0,2017-04-17,34457400,3474.0,1,0,0,0,0,0,0,0,0,3474.2,2,0,0,0,0,0,0,0,0
486,2017-04-17,09:34:17,900,IF1704,CCFX,3474.0,3464.8,3476.2,1101,1146003780,26465,27310,3826.6,3131,3478.8,3477,0.0,3471,0.0,0,0,2017-04-17,34457900,3473.8,3,0,0,0,0,0,0,0,0,3474.0,1,0,0,0,0,0,0,0,0
487,2017-04-17,09:34:18,400,IF1704,CCFX,3474.0,3464.8,3476.2,1106,1151214540,26464,27310,3826.6,3131,3478.8,3477,0.0,3471,0.0,0,0,2017-04-17,34458400,3473.4,1,0,0,0,0,0,0,0,0,3474.0,1,0,0,0,0,0,0,0,0
488,2017-04-17,09:34:18,900,IF1704,CCFX,3474.0,3464.8,3476.2,1107,1152256740,26463,27310,3826.6,3131,3478.8,3477,0.0,3471,0.0,0,0,2017-04-17,34458900,3473.6,1,0,0,0,0,0,0,0,0,3474.0,1,0,0,0,0,0,0,0,0
489,2017-04-17,09:34:19,400,IF1704,CCFX,3474.0,3464.8,3476.2,1111,1156425360,26462,27310,3826.6,3131,3478.8,3477,0.0,3471,0.0,0,0,2017-04-17,34459400,3473.4,1,0,0,0,0,0,0,0,0,3474.0,1,0,0,0,0,0,0,0,0
490,2017-04-17,09:34:19,900,IF1704,CCFX,3474.0,3464.8,3476.2,1111,1156425360,26462,27310,3826.6,3131,3478.8,3477,0.0,3471,0.0,0,0,2017-04-17,34459900,3473.4,1,0,0,0,0,0,0,0,0,3474.0,1,0,0,0,0,0,0,0,0
491,2017-04-17,09:34:20,400,IF1704,CCFX,3474.0,3464.8,3476.2,1112,1157467560,26461,27310,3826.6,3131,3478.8,3477,0.0,3471,0.0,0,0,2017-04-17,34460400,3473.4,1,0,0,0,0,0,0,0,0,3473.6,1,0,0,0,0,0,0,0,0
492,2017-04-17,09:34:20,900,IF1704,CCFX,3473.8,3464.8,3476.2,1113,1158509700,26461,27310,3826.6,3131,3478.8,3477,0.0,3471,0.0,0,0,2017-04-17,34460900,3473.4,1,0,0,0,0,0,0,0,0,3474.0,1,0,0,0,0,0,0,0,0
493,2017-04-17,09:34:21,400,IF1704,CCFX,3473.4,3464.8,3476.2,1114,1159551720,26460,27310,3826.6,3131,3478.8,3477,0.0,3471,0.0,0,0,2017-04-17,34461400,3473.0,1,0,0,0,0,0,0,0,0,3473.6,1,0,0,0,0,0,0,0,0
494,2017-04-17,09:34:21,900,IF1704,CCFX,3473.4,3464.8,3476.2,1114,1159551720,26460,27310,3826.6,3131,3478.8,3477,0.0,3471,0.0,0,0,2017-04-17,34461900,3472.8,2,0,0,0,0,0,0,0,0,3473.6,1,0,0,0,0,0,0,0,0
495,2017-04-17,09:34:22,400,IF1704,CCFX,3473.4,3464.8,3476.2,1114,1159551720,26460,27310,3826.6,3131,3478.8,3477,0.0,3471,0.0,0,0,2017-04-17,34462400,3472.8,2,0,0,0,0,0,0,0,0,3473.6,1,0,0,0,0,0,0,0,0
496,2017-04-17,09:34:22,900,IF1704,CCFX,3473.4,3464.8,3476.2,1114,1159551720,26460,27310,3826.6,3131,3478.8,3477,0.0,3471,0.0,0,0,2017-04-17,34462900,3473.0,2,0,0,0,0,0,0,0,0,3473.6,2,0,0,0,0,0,0,0,0
497,2017-04-17,09:34:24,900,IF1704,CCFX,3473.0,3464.8,3476.2,1115,1160593620,26460,27310,3826.6,3131,3478.8,3477,0.0,3471,0.0,0,0,2017-04-17,34464900,3473.0,2,0,0,0,0,0,0,0,0,3473.6,2,0,0,0,0,0,0,0,0
498,2017-04-17,09:34:25,400,IF1704,CCFX,3473.0,3464.8,3476.2,1115,1160593620,26460,27310,3826.6,3131,3478.8,3477,0.0,3471,0.0,0,0,2017-04-17,34465400,3473.0,2,0,0,0,0,0,0,0,0,3473.6,2,0,0,0,0,0,0,0,0
499,2017-04-17,09:34:25,900,IF1704,CCFX,3473.4,3464.8,3476.2,1116,1161635640,26459,27310,3826.6,3131,3478.8,3477,0.0,3471,0.0,0,0,2017-04-17,34465900,3473.0,2,0,0,0,0,0,0,0,0,3473.4,2,0,0,0,0,0,0,0,0
500,2017-04-17,09:34:26,400,IF1704,CCFX,3473.8,3464.8,3476.2,1121,1166845980,26455,27310,3826.6,3131,3478.8,3477,0.0,3471,0.0,0,0,2017-04-17,34466400,3473.6,1,0,0,0,0,0,0,0,0,3473.8,1,0,0,0,0,0,0,0,0
501,2017-04-17,09:34:26,900,IF1704,CCFX,3473.8,3464.8,3476.2,1122,1167888120,26454,27310,3826.6,3131,3478.8,3477,0.0,3471,0.0,0,0,2017-04-17,34466900,3473.6,1,0,0,0,0,0,0,0,0,3474.0,4,0,0,0,0,0,0,0,0
