,dataDate,dataTime,dataMillisec,instrumentID,exchangeCD,lastPrice,lowPrice,highPrice,volume,value,openInterest,preOpenInterest,upperLimitPrice,lowerLimitPrice,preSettlementPrice,prevClosePrice,settlementPrice,openPrice,closePrice,preDelta,currDelta,clearingDay,milliSecOffset,bidPrice1,bidVolume1,bidPrice2,bidVolume2,bidPrice3,bidVolume3,bidPrice4,bidVolume4,bidPrice5,bidVolume5,askPrice1,askVolume1,askPrice2,askVolume2,askPrice3,askVolume3,askPrice4,askVolume4,askPrice5,askVolume5
0,2017-04-17,00:00:00,0,IH1704,CCFX,2349.8,0.0,0.0,0,0,15690,15690,0.0,0.0,2350.8,2349.8,0.0,0.0,0.0,0,0,2017-04-17,0,0.0,0,0,0,0,0,0,0,0,0,0.0,0,0,0,0,0,0,0,0,0
1,2017-04-17,07:04:09,400,IH1704,CCFX,2349.8,0.0,0.0,0,0,15690,15690,2585.8,2115.8,2350.8,2349.8,0.0,0.0,0.0,0,0,2017-04-17,25449400,0.0,0,0,0,0,0,0,0,0,0,0.0,0,0,0,0,0,0,0,0,0
2,2017-04-17,09:29:00,400,IH1704,CCFX,2343.8,2343.8,2343.8,29,20391060,15667,15690,2585.8,2115.8,2350.8,2349.8,0.0,2343.8,0.0,0,0,2017-04-17,34140400,2343.8,1,0,0,0,0,0,0,0,0,2344.0,4,0,0,0,0,0,0,0,0
3,2017-04-17,09:30:00,400,IH1704,CCFX,2343.8,2343.8,2344.0,32,22500600,15667,15690,2585.8,2115.8,2350.8,2349.8,0.0,2343.8,0.0,0,0,2017-04-17,34200400,2342.2,1,0,0,0,0,0,0,0,0,2342.8,1,0,0,0,0,0,0,0,0
4,2017-04-17,09:30:00,900,IH1704,CCFX,2343.0,2342.8,2344.0,41,28826940,15659,15690,2585.8,2115.8,2350.8,2349.8,0.0,2343.8,0.0,0,0,2017-04-17,34200900,2342.2,1,0,0,0,0,0,0,0,0,2343.8,13,0,0,0,0,0,0,0,0
5,2017-04-17,09:30:01,400,IH1704,CCFX,2343.8,2342.8,2344.0,49,34452000,15651,15690,2585.8,2115.8,2350.8,2349.8,0.0,2343.8,0.0,0,0,2017-04-17,34201400,2343.4,1,0,0,0,0,0,0,0,0,2343.8,10,0,0,0,0,0,0,0,0
6,2017-04-17,09:30:01,900,IH1704,CCFX,2343.8,2342.8,2344.0,61,42888600,15648,15690,2585.8,2115.8,2350.8,2349.8,0.0,2343.8,0.0,0,0,2017-04-17,34201900,2342.6,1,0,0,0,0,0,0,0,0,2343.8,6,0,0,0,0,0,0,0,0
7,2017-04-17,09:30:02,400,IH1704,CCFX,2343.8,2342.8,2344.0,64,44998020,15646,15690,2585.8,2115.8,2350.8,2349.8,0.0,2343.8,0.0,0,0,2017-04-17,34202400,2342.8,4,0,0,0,0,0,0,0,0,2343.6,1,0,0,0,0,0,0,0,0
8,2017-04-17,09:30:02,900,IH1704,CCFX,2343.6,2342.8,2344.0,68,47810340,15646,15690,2585.8,2115.8,2350.8,2349.8,0.0,2343.8,0.0,0,0,2017-04-17,34202900,2343.0,3,0,0,0,0,0,0,0,0,2343.6,2,0,0,0,0,0,0,0,0
9,2017-04-17,09:30:03,400,IH1704,CCFX,2343.6,2342.8,2344.0,70,49216500,15645,15690,2585.8,2115.8,2350.8,2349.8,0.0,2343.8,0.0,0,0,2017-04-17,34203400,2343.2,4,0,0,0,0,0,0,0,0,2343.4,3,0,0,0,0,0,0,0,0
10,2017-04-17,09:30:03,900,IH1704,CCFX,2343.4,2342.8,2344.0,72,50622540,15643,15690,2585.8,2115.8,2350.8,2349.8,0.0,2343.8,0.0,0,0,2017-04-17,34203900,2343.2,3,0,0,0,0,0,0,0,0,2343.4,2,0,0,0,0,0,0,0,0
11,2017-04-17,09:30:04,400,IH1704,CCFX,2343.2,2342.8,2344.0,75,52731420,15640,15690,2585.8,2115.8,2350.8,2349.8,0.0,2343.8,0.0,0,0,2017-04-17,34204400,2343.0,3,0,0,0,0,0,0,0,0,2343.4,2,0,0,0,0,0,0,0,0
12,2017-04-17,09:30:04,900,IH1704,CCFX,2343.2,2342.8,2344.0,77,54137280,15638,15690,2585.8,2115.8,2350.8,2349.8,0.0,2343.8,0.0,0,0,2017-04-17,34204900,2343.0,1,0,0,0,0,0,0,0,0,2343.2,4,0,0,0,0,0,0,0,0
13,2017-04-17,09:30:05,400,IH1704,CCFX,2343.0,2342.8,2344.0,78,54840180,15637,15690,2585.8,2115.8,2350.8,2349.8,0.0,2343.8,0.0,0,0,2017-04-17,34205400,2342.8,2,0,0,0,0,0,0,0,0,2343.2,5,0,0,0,0,0,0,0,0
14,2017-04-17,09:30:05,900,IH1704,CCFX,2343.2,2342.8,2344.0,79,55543140,15636,15690,2585.8,2115.8,2350.8,2349.8,0.0,2343.8,0.0,0,0,2017-04-17,34205900,2342.8,2,0,0,0,0,0,0,0,0,2343.0,1,0,0,0,0,0,0,0,0
15,2017-04-17,09:30:06,400,IH1704,CCFX,2342.8,2342.8,2344.0,81,56948820,15636,15690,2585.8,2115.8,2350.8,2349.8,0.0,2343.8,0.0,0,0,2017-04-17,34206400,2342.4,1,0,0,0,0,0,0,0,0,2343.0,1,0,0,0,0,0,0,0,0
16,2017-04-17,09:30:06,900,IH1704,CCFX,2343.2,2342.8,2344.0,84,59057580,15634,15690,2585.8,2115.8,2350.8,2349.8,0.0,2343.8,0.0,0,0,2017-04-17,34206900,2342.4,1,0,0,0,0,0,0,0,0,2342.8,2,0,0,0,0,0,0,0,0
17,2017-04-17,09:30:07,400,IH1704,CCFX,2343.2,2342.8,2344.0,86,60463500,15632,15690,2585.8,2115.8,2350.8,2349.8,0.0,2343.8,0.0,0,0,2017-04-17,34207400,2342.4,1,0,0,0,0,0,0,0,0,2342.6,5,0,0,0,0,0,0,0,0
18,2017-04-17,09:30:07,900,IH1704,CCFX,2343.2,2342.8,2344.0,92,64681260,15628,15690,2585.8,2115.8,2350.8,2349.8,0.0,2343.8,0.0,0,0,2017-04-17,34207900,2342.4,1,0,0,0,0,0,0,0,0,2343.2,4,0,0,0,0,0,0,0,0
19,2017-04-17,09:30:08,400,IH1704,CCFX,2343.2,2341.2,2344.0,97,68194920,15626,15690,2585.8,2115.8,2350.8,2349.8,0.0,2343.8,0.0,0,0,2017-04-17,34208400,2341.2,1,0,0,0,0,0,0,0,0,2343.4,1,0,0,0,0,0,0,0,0
20,2017-04-17,09:30:08,900,IH1704,CCFX,2343.2,2341.2,2344.0,99,69600840,15624,15690,2585.8,2115.8,2350.8,2349.8,0.0,2343.8,0.0,0,0,2017-04-17,34208900,2341.4,2,0,0,0,0,0,0,0,0,2342.6,3,0,0,0,0,0,0,0,0
21,2017-04-17,09:30:09,400,IH1704,CCFX,2341.6,2341.2,2344.0,101,71005800,15622,15690,2585.8,2115.8,2350.8,2349.8,0.0,2343.8,0.0,0,0,2017-04-17,34209400,2341.4,2,0,0,0,0,0,0,0,0,2341.6,3,0,0,0,0,0,0,0,0
22,2017-04-17,09:30:09,900,IH1704,CCFX,2342.6,2341.2,2344.0,106,74518800,15617,15690,2585.8,2115.8,2350.8,2349.8,0.0,2343.8,0.0,0,0,2017-04-17,34209900,2341.4,2,0,0,0,0,0,0,0,0,2343.2,1,0,0,0,0,0,0,0,0
23,2017-04-17,09:30:10,400,IH1704,CCFX,2341.6,2341.2,2344.0,111,78032040,15612,15690,2585.8,2115.8,2350.8,2349.8,0.0,2343.8,0.0,0,0,2017-04-17,34210400,2341.6,1,0,0,0,0,0,0,0,0,2343.0,2,0,0,0,0,0,0,0,0
24,2017-04-17,09:30:10,900,IH1704,CCFX,2341.6,2341.2,2344.0,111,78032040,15612,15690,2585.8,2115.8,2350.8,2349.8,0.0,2343.8,0.0,0,0,2017-04-17,34210900,2341.8,1,0,0,0,0,0,0,0,0,2342.8,4,0,0,0,0,0,0,0,0
25,2017-04-17,09:30:11,400,IH1704,CCFX,2341.6,2341.2,2344.0,112,78734520,15611,15690,2585.8,2115.8,2350.8,2349.8,0.0,2343.8,0.0,0,0,2017-04-17,34211400,2341.2,1,0,0,0,0,0,0,0,0,2342.8,4,0,0,0,0,0,0,0,0
26,2017-04-17,09:30:11,900,IH1704,CCFX,2341.6,2341.2,2344.0,112,78734520,15611,15690,2585.8,2115.8,2350.8,2349.8,0.0,2343.8,0.0,0,0,2017-04-17,34211900,2341.2,1,0,0,0,0,0,0,0,0,2342.6,1,0,0,0,0,0,0,0,0
27,2017-04-17,09:30:12,400,IH1704,CCFX,2341.6,2341.2,2344.0,115,80841960,15610,15690,2585.8,2115.8,2350.8,2349.8,0.0,2343.8,0.0,0,0,2017-04-17,34212400,2341.2,1,0,0,0,0,0,0,0,0,2341.4,2,0,0,0,0,0,0,0,0
28,2017-04-17,09:30:12,900,IH1704,CCFX,2341.4,2341.2,2344.0,120,84354000,15605,15690,2585.8,2115.8,2350.8,2349.8,0.0,2343.8,0.0,0,0,2017-04-17,34212900,2341.0,1,0,0,0,0,0,0,0,0,2341.4,3,0,0,0,0,0,0,0,0
29,2017-04-17,09:30:13,400,IH1704,CCFX,2341.2,2341.2,2344.0,125,87865920,15601,15690,2585.8,2115.8,2350.8,2349.8,0.0,2343.8,0.0,0,0,2017-04-17,34213400,2340.6,2,0,0,0,0,0,0,0,0,2341.2,2,0,0,0,0,0,0,0,0
30,2017-04-17,09:30:13,900,IH1704,CCFX,2341.2,2341.2,2344.0,130,91377720,15596,15690,2585.8,2115.8,2350.8,2349.8,0.0,2343.8,0.0,0,0,2017-04-17,34213900,2340.6,2,0,0,0,0,0,0,0,0,2342.4,3,0,0,0,0,0,0,0,0
31,2017-04-17,09:30:14,400,IH1704,CCFX,2340.8,2340.8,2344.0,133,93484440,15594,15690,2585.8,2115.8,2350.8,2349.8,0.0,2343.8,0.0,0,0,2017-04-17,34214400,2340.6,2,0,0,0,0,0,0,0,0,2340.8,3,0,0,0,0,0,0,0,0
32,2017-04-17,09:30:14,900,IH1704,CCFX,2342.2,2340.6,2344.0,141,99103140,15588,15690,2585.8,2115.8,2350.8,2349.8,0.0,2343.8,0.0,0,0,2017-04-17,34214900,2341.6,2,0,0,0,0,0,0,0,0,2342.2,2,0,0,0,0,0,0,0,0
33,2017-04-17,09:30:15,400,IH1704,CCFX,2342.0,2340.6,2344.0,150,105425400,15580,15690,2585.8,2115.8,2350.8,2349.8,0.0,2343.8,0.0,0,0,2017-04-17,34215400,2341.2,1,0,0,0,0,0,0,0,0,2342.0,7,0,0,0,0,0,0,0,0
34,2017-04-17,09:30:15,900,IH1704,CCFX,2341.2,2340.6,2344.0,151,106127760,15579,15690,2585.8,2115.8,2350.8,2349.8,0.0,2343.8,0.0,0,0,2017-04-17,34215900,2341.4,1,0,0,0,0,0,0,0,0,2341.8,1,0,0,0,0,0,0,0,0
35,2017-04-17,09:30:16,400,IH1704,CCFX,2341.6,2340.6,2344.0,153,107532600,15577,15690,2585.8,2115.8,2350.8,2349.8,0.0,2343.8,0.0,0,0,2017-04-17,34216400,2340.4,1,0,0,0,0,0,0,0,0,2341.6,4,0,0,0,0,0,0,0,0
36,2017-04-17,09:30:16,900,IH1704,CCFX,2341.6,2340.6,2344.0,155,108937560,15575,15690,2585.8,2115.8,2350.8,2349.8,0.0,2343.8,0.0,0,0,2017-04-17,34216900,2340.6,1,0,0,0,0,0,0,0,0,2341.0,2,0,0,0,0,0,0,0,0
37,2017-04-17,09:30:17,400,IH1704,CCFX,2341.0,2340.6,2344.0,157,110342160,15574,15690,2585.8,2115.8,2350.8,2349.8,0.0,2343.8,0.0,0,0,2017-04-17,34217400,2340.6,1,0,0,0,0,0,0,0,0,2340.8,1,0,0,0,0,0,0,0,0
38,2017-04-17,09:30:17,900,IH1704,CCFX,2340.8,2340.6,2344.0,159,111746580,15573,15690,2585.8,2115.8,2350.8,2349.8,0.0,2343.8,0.0,0,0,2017-04-17,34217900,2340.4,1,0,0,0,0,0,0,0,0,2341.0,2,0,0,0,0,0,0,0,0
39,2017-04-17,09:30:18,400,IH1704,CCFX,2340.8,2340.6,2344.0,162,113853420,15570,15690,2585.8,2115.8,2350.8,2349.8,0.0,2343.8,0.0,0,0,2017-04-17,34218400,2341.0,1,0,0,0,0,0,0,0,0,2341.4,1,0,0,0,0,0,0,0,0
40,2017-04-17,09:30:18,900,IH1704,CCFX,2341.6,2340.6,2344.0,166,116662800,15566,15690,2585.8,2115.8,2350.8,2349.8,0.0,2343.8,0.0,0,0,2017-04-17,34218900,2341.4,2,0,0,0,0,0,0,0,0,2342.0,5,0,0,0,0,0,0,0,0
41,2017-04-17,09:30:19,400,IH1704,CCFX,2341.8,2340.6,2344.0,170,119472600,15562,15690,2585.8,2115.8,2350.8,2349.8,0.0,2343.8,0.0,0,0,2017-04-17,34219400,2340.4,1,0,0,0,0,0,0,0,0,2342.0,5,0,0,0,0,0,0,0,0
42,2017-04-17,09:30:19,900,IH1704,CCFX,2341.8,2340.6,2344.0,170,119472600,15562,15690,2585.8,2115.8,2350.8,2349.8,0.0,2343.8,0.0,0,0,2017-04-17,34219900,2340.6,4,0,0,0,0,0,0,0,0,2341.8,1,0,0,0,0,0,0,0,0
43,2017-04-17,09:30:20,400,IH1704,CCFX,2341.8,2340.6,2344.0,170,119472600,15562,15690,2585.8,2115.8,2350.8,2349.8,0.0,2343.8,0.0,0,0,2017-04-17,34220400,2340.8,1,0,0,0,0,0,0,0,0,2342.0,2,0,0,0,0,0,0,0,0
44,2017-04-17,09:30:20,900,IH1704,CCFX,2341.8,2340.6,2344.0,170,119472600,15562,15690,2585.8,2115.8,2350.8,2349.8,0.0,2343.8,0.0,0,0,2017-04-17,34220900,2341.0,1,0,0,0,0,0,0,0,0,2342.0,2,0,0,0,0,0,0,0,0
45,2017-04-17,09:30:21,400,IH1704,CCFX,2341.8,2340.6,2344.0,173,121580220,15559,15690,2585.8,2115.8,2350.8,2349.8,0.0,2343.8,0.0,0,0,2017-04-17,34221400,2341.6,2,0,0,0,0,0,0,0,0,2342.0,2,0,0,0,0,0,0,0,0
46,2017-04-17,09:30:21,900,IH1704,CCFX,2342.0,2340.6,2344.0,176,123687780,15558,15690,2585.8,2115.8,2350.8,2349.8,0.0,2343.8,0.0,0,0,2017-04-17,34221900,2341.8,1,0,0,0,0,0,0,0,0,2342.0,1,0,0,0,0,0,0,0,0
47,2017-04-17,09:30:22,400,IH1704,CCFX,2342.0,2340.6,2344.0,179,125795460,15556,15690,2585.8,2115.8,2350.8,2349.8,0.0,2343.8,0.0,0,0,2017-04-17,34222400,2342.0,3,0,0,0,0,0,0,0,0,2342.4,1,0,0,0,0,0,0,0,0
48,2017-04-17,09:30:22,900,IH1704,CCFX,2342.0,2340.6,2344.0,180,126498060,15555,15690,2585.8,2115.8,2350.8,2349.8,0.0,2343.8,0.0,0,0,2017-04-17,34222900,2342.0,1,0,0,0,0,0,0,0,0,2342.4,1,0,0,0,0,0,0,0,0
49,2017-04-17,09:30:23,400,IH1704,CCFX,2342.4,2340.6,2344.0,181,127200780,15554,15690,2585.8,2115.8,2350.8,2349.8,0.0,2343.8,0.0,0,0,2017-04-17,34223400,2342.4,1,0,0,0,0,0,0,0,0,2342.8,1,0,0,0,0,0,0,0,0
50,2017-04-17,09:30:23,900,IH1704,CCFX,2342.0,2340.6,2344.0,183,128606100,15552,15690,2585.8,2115.8,2350.8,2349.8,0.0,2343.8,0.0,0,0,2017-04-17,34223900,2341.0,1,0,0,0,0,0,0,0,0,2343.2,5,0,0,0,0,0,0,0,0
51,2017-04-17,09:30:24,400,IH1704,CCFX,2340.8,2340.4,2344.0,188,132117120,15548,15690,2585.8,2115.8,2350.8,2349.8,0.0,2343.8,0.0,0,0,2017-04-17,34224400,2340.2,5,0,0,0,0,0,0,0,0,2343.0,6,0,0,0,0,0,0,0,0
52,2017-04-17,09:30:24,900,IH1704,CCFX,2342.8,2340.4,2344.0,189,132819960,15547,15690,2585.8,2115.8,2350.8,2349.8,0.0,2343.8,0.0,0,0,2017-04-17,34224900,2341.0,1,0,0,0,0,0,0,0,0,2342.8,1,0,0,0,0,0,0,0,0
53,2017-04-17,09:30:25,400,IH1704,CCFX,2342.8,2340.4,2344.0,189,132819960,15547,15690,2585.8,2115.8,2350.8,2349.8,0.0,2343.8,0.0,0,0,2017-04-17,34225400,2341.0,1,0,0,0,0,0,0,0,0,2342.6,1,0,0,0,0,0,0,0,0
54,2017-04-17,09:30:25,900,IH1704,CCFX,2342.8,2340.4,2344.0,189,132819960,15547,15690,2585.8,2115.8,2350.8,2349.8,0.0,2343.8,0.0,0,0,2017-04-17,34225900,2341.2,2,0,0,0,0,0,0,0,0,2342.4,2,0,0,0,0,0,0,0,0
55,2017-04-17,09:30:26,400,IH1704,CCFX,2341.4,2340.4,2344.0,190,133522380,15546,15690,2585.8,2115.8,2350.8,2349.8,0.0,2343.8,0.0,0,0,2017-04-17,34226400,2341.0,1,0,0,0,0,0,0,0,0,2341.2,4,0,0,0,0,0,0,0,0
56,2017-04-17,09:30:26,900,IH1704,CCFX,2341.2,2340.4,2344.0,194,136331820,15542,15690,2585.8,2115.8,2350.8,2349.8,0.0,2343.8,0.0,0,0,2017-04-17,34226900,2341.2,2,0,0,0,0,0,0,0,0,2342.2,1,0,0,0,0,0,0,0,0
57,2017-04-17,09:30:27,400,IH1704,CCFX,2341.4,2340.4,2344.0,196,137736900,15540,15690,2585.8,2115.8,2350.8,2349.8,0.0,2343.8,0.0,0,0,2017-04-17,34227400,2341.2,4,0,0,0,0,0,0,0,0,2342.4,1,0,0,0,0,0,0,0,0
58,2017-04-17,09:30:27,900,IH1704,CCFX,2341.4,2340.4,2344.0,196,137736900,15540,15690,2585.8,2115.8,2350.8,2349.8,0.0,2343.8,0.0,0,0,2017-04-17,34227900,2341.2,4,0,0,0,0,0,0,0,0,2342.2,1,0,0,0,0,0,0,0,0
59,2017-04-17,09:30:28,400,IH1704,CCFX,2341.4,2340.4,2344.0,196,137736900,15540,15690,2585.8,2115.8,2350.8,2349.8,0.0,2343.8,0.0,0,0,2017-04-17,34228400,2341.4,1,0,0,0,0,0,0,0,0,2342.2,1,0,0,0,0,0,0,0,0
60,2017-04-17,09:30:29,400,IH1704,CCFX,2341.4,2340.4,2344.0,196,137736900,15540,15690,2585.8,2115.8,2350.8,2349.8,0.0,2343.8,0.0,0,0,2017-04-17,34229400,2341.4,1,0,0,0,0,0,0,0,0,2342.2,1,0,0,0,0,0,0,0,0
61,2017-04-17,09:30:29,900,IH1704,CCFX,2342.2,2340.4,2344.0,197,138439560,15539,15690,2585.8,2115.8,2350.8,2349.8,0.0,2343.8,0.0,0,0,2017-04-17,34229900,2342.2,1,0,0,0,0,0,0,0,0,2342.4,4,0,0,0,0,0,0,0,0
62,2017-04-17,09:30:30,400,IH1704,CCFX,2342.2,2340.4,2344.0,199,139844880,15537,15690,2585.8,2115.8,2350.8,2349.8,0.0,2343.8,0.0,0,0,2017-04-17,34230400,2341.6,1,0,0,0,0,0,0,0,0,2342.2,3,0,0,0,0,0,0,0,0
63,2017-04-17,09:30:30,900,IH1704,CCFX,2342.2,2340.4,2344.0,199,139844880,15537,15690,2585.8,2115.8,2350.8,2349.8,0.0,2343.8,0.0,0,0,2017-04-17,34230900,2341.6,1,0,0,0,0,0,0,0,0,2342.0,1,0,0,0,0,0,0,0,0
64,2017-04-17,09:30:31,400,IH1704,CCFX,2341.6,2340.4,2344.0,200,140547360,15536,15690,2585.8,2115.8,2350.8,2349.8,0.0,2343.8,0.0,0,0,2017-04-17,34231400,2341.4,1,0,0,0,0,0,0,0,0,2342.0,5,0,0,0,0,0,0,0,0
65,2017-04-17,09:30:31,900,IH1704,CCFX,2341.4,2340.4,2344.0,201,141249780,15535,15690,2585.8,2115.8,2350.8,2349.8,0.0,2343.8,0.0,0,0,2017-04-17,34231900,2341.0,2,0,0,0,0,0,0,0,0,2341.4,1,0,0,0,0,0,0,0,0
66,2017-04-17,09:30:32,400,IH1704,CCFX,2341.4,2340.4,2344.0,203,142654620,15533,15690,2585.8,2115.8,2350.8,2349.8,0.0,2343.8,0.0,0,0,2017-04-17,34232400,2341.2,1,0,0,0,0,0,0,0,0,2341.4,4,0,0,0,0,0,0,0,0
67,2017-04-17,09:30:32,900,IH1704,CCFX,2341.2,2340.4,2344.0,204,143356980,15533,15690,2585.8,2115.8,2350.8,2349.8,0.0,2343.8,0.0,0,0,2017-04-17,34232900,2341.2,2,0,0,0,0,0,0,0,0,2341.4,4,0,0,0,0,0,0,0,0
68,2017-04-17,09:30:33,400,IH1704,CCFX,2341.4,2340.4,2344.0,205,144059400,15532,15690,2585.8,2115.8,2350.8,2349.8,0.0,2343.8,0.0,0,0,2017-04-17,34233400,2341.2,2,0,0,0,0,0,0,0,0,2341.4,3,0,0,0,0,0,0,0,0
69,2017-04-17,09:30:34,900,IH1704,CCFX,2341.4,2340.4,2344.0,208,146166660,15530,15690,2585.8,2115.8,2350.8,2349.8,0.0,2343.8,0.0,0,0,2017-04-17,34234900,2341.2,2,0,0,0,0,0,0,0,0,2341.6,1,0,0,0,0,0,0,0,0
70,2017-04-17,09:30:35,400,IH1704,CCFX,2341.4,2340.4,2344.0,208,146166660,15530,15690,2585.8,2115.8,2350.8,2349.8,0.0,2343.8,0.0,0,0,2017-04-17,34235400,2341.2,2,0,0,0,0,0,0,0,0,2341.6,1,0,0,0,0,0,0,0,0
71,2017-04-17,09:30:35,900,IH1704,CCFX,2341.6,2340.4,2344.0,209,146869140,15529,15690,2585.8,2115.8,2350.8,2349.8,0.0,2343.8,0.0,0,0,2017-04-17,34235900,2341.4,1,0,0,0,0,0,0,0,0,2342.0,1,0,0,0,0,0,0,0,0
72,2017-04-17,09:30:36,400,IH1704,CCFX,2341.6,2340.4,2344.0,209,146869140,15529,15690,2585.8,2115.8,2350.8,2349.8,0.0,2343.8,0.0,0,0,2017-04-17,34236400,2341.4,1,0,0,0,0,0,0,0,0,2342.0,1,0,0,0,0,0,0,0,0
73,2017-04-17,09:30:36,900,IH1704,CCFX,2342.0,2340.4,2344.0,210,147571740,15528,15690,2585.8,2115.8,2350.8,2349.8,0.0,2343.8,0.0,0,0,2017-04-17,34236900,2341.6,1,0,0,0,0,0,0,0,0,2342.4,3,0,0,0,0,0,0,0,0
74,2017-04-17,09:30:37,400,IH1704,CCFX,2342.4,2340.4,2344.0,212,148977180,15526,15690,2585.8,2115.8,2350.8,2349.8,0.0,2343.8,0.0,0,0,2017-04-17,34237400,2341.6,6,0,0,0,0,0,0,0,0,2342.4,1,0,0,0,0,0,0,0,0
75,2017-04-17,09:30:37,900,IH1704,CCFX,2342.4,2340.4,2344.0,213,149679900,15525,15690,2585.8,2115.8,2350.8,2349.8,0.0,2343.8,0.0,0,0,2017-04-17,34237900,2342.4,1,0,0,0,0,0,0,0,0,2342.6,1,0,0,0,0,0,0,0,0
76,2017-04-17,09:30:38,400,IH1704,CCFX,2342.6,2340.4,2344.0,215,151085460,15523,15690,2585.8,2115.8,2350.8,2349.8,0.0,2343.8,0.0,0,0,2017-04-17,34238400,2342.4,1,0,0,0,0,0,0,0,0,2342.6,3,0,0,0,0,0,0,0,0
77,2017-04-17,09:30:38,900,IH1704,CCFX,2342.6,2340.4,2344.0,218,153193800,15520,15690,2585.8,2115.8,2350.8,2349.8,0.0,2343.8,0.0,0,0,2017-04-17,34238900,2342.6,1,0,0,0,0,0,0,0,0,2342.8,1,0,0,0,0,0,0,0,0
78,2017-04-17,09:30:39,400,IH1704,CCFX,2342.6,2340.4,2344.0,220,154599420,15518,15690,2585.8,2115.8,2350.8,2349.8,0.0,2343.8,0.0,0,0,2017-04-17,34239400,2342.4,1,0,0,0,0,0,0,0,0,2343.2,6,0,0,0,0,0,0,0,0
79,2017-04-17,09:30:39,900,IH1704,CCFX,2342.6,2340.4,2344.0,220,154599420,15518,15690,2585.8,2115.8,2350.8,2349.8,0.0,2343.8,0.0,0,0,2017-04-17,34239900,2342.8,2,0,0,0,0,0,0,0,0,2343.2,5,0,0,0,0,0,0,0,0
80,2017-04-17,09:30:40,400,IH1704,CCFX,2342.6,2340.4,2344.0,220,154599420,15518,15690,2585.8,2115.8,2350.8,2349.8,0.0,2343.8,0.0,0,0,2017-04-17,34240400,2342.8,2,0,0,0,0,0,0,0,0,2343.0,1,0,0,0,0,0,0,0,0
81,2017-04-17,09:30:40,900,IH1704,CCFX,2342.6,2340.4,2344.0,220,154599420,15518,15690,2585.8,2115.8,2350.8,2349.8,0.0,2343.8,0.0,0,0,2017-04-17,34240900,2342.8,2,0,0,0,0,0,0,0,0,2343.2,5,0,0,0,0,0,0,0,0
82,2017-04-17,09:30:41,400,IH1704,CCFX,2342.6,2340.4,2344.0,220,154599420,15518,15690,2585.8,2115.8,2350.8,2349.8,0.0,2343.8,0.0,0,0,2017-04-17,34241400,2343.0,1,0,0,0,0,0,0,0,0,2343.2,5,0,0,0,0,0,0,0,0
83,2017-04-17,09:30:41,900,IH1704,CCFX,2343.6,2340.4,2344.0,229,160926360,15509,15690,2585.8,2115.8,2350.8,2349.8,0.0,2343.8,0.0,0,0,2017-04-17,34241900,2343.6,1,0,0,0,0,0,0,0,0,2344.8,1,0,0,0,0,0,0,0,0
84,2017-04-17,09:30:42,400,IH1704,CCFX,2343.2,2340.4,2344.0,234,164441520,15504,15690,2585.8,2115.8,2350.8,2349.8,0.0,2343.8,0.0,0,0,2017-04-17,34242400,2343.6,2,0,0,0,0,0,0,0,0,2344.6,3,0,0,0,0,0,0,0,0
85,2017-04-17,09:30:42,900,IH1704,CCFX,2343.6,2340.4,2344.0,236,165847680,15504,15690,2585.8,2115.8,2350.8,2349.8,0.0,2343.8,0.0,0,0,2017-04-17,34242900,2343.8,1,0,0,0,0,0,0,0,0,2344.6,3,0,0,0,0,0,0,0,0
86,2017-04-17,09:30:43,400,IH1704,CCFX,2343.6,2340.4,2344.0,238,167253840,15502,15690,2585.8,2115.8,2350.8,2349.8,0.0,2343.8,0.0,0,0,2017-04-17,34243400,2343.2,4,0,0,0,0,0,0,0,0,2344.4,1,0,0,0,0,0,0,0,0
87,2017-04-17,09:30:43,900,IH1704,CCFX,2343.6,2340.4,2344.0,238,167253840,15502,15690,2585.8,2115.8,2350.8,2349.8,0.0,2343.8,0.0,0,0,2017-04-17,34243900,2343.2,4,0,0,0,0,0,0,0,0,2344.2,1,0,0,0,0,0,0,0,0
88,2017-04-17,09:30:44,400,IH1704,CCFX,2343.6,2340.4,2344.0,238,167253840,15502,15690,2585.8,2115.8,2350.8,2349.8,0.0,2343.8,0.0,0,0,2017-04-17,34244400,2343.2,4,0,0,0,0,0,0,0,0,2344.0,3,0,0,0,0,0,0,0,0
89,2017-04-17,09:30:44,900,IH1704,CCFX,2343.2,2340.4,2344.0,240,168659760,15500,15690,2585.8,2115.8,2350.8,2349.8,0.0,2343.8,0.0,0,0,2017-04-17,34244900,2343.2,2,0,0,0,0,0,0,0,0,2343.8,2,0,0,0,0,0,0,0,0
90,2017-04-17,09:30:45,400,IH1704,CCFX,2343.2,2340.4,2344.0,242,170065680,15498,15690,2585.8,2115.8,2350.8,2349.8,0.0,2343.8,0.0,0,0,2017-04-17,34245400,2343.0,1,0,0,0,0,0,0,0,0,2343.6,1,0,0,0,0,0,0,0,0
91,2017-04-17,09:30:45,900,IH1704,CCFX,2343.0,2340.4,2344.0,243,170768580,15498,15690,2585.8,2115.8,2350.8,2349.8,0.0,2343.8,0.0,0,0,2017-04-17,34245900,2341.4,3,0,0,0,0,0,0,0,0,2343.6,3,0,0,0,0,0,0,0,0
92,2017-04-17,09:30:46,400,IH1704,CCFX,2343.0,2340.4,2344.0,243,170768580,15498,15690,2585.8,2115.8,2350.8,2349.8,0.0,2343.8,0.0,0,0,2017-04-17,34246400,2341.8,1,0,0,0,0,0,0,0,0,2343.0,1,0,0,0,0,0,0,0,0
93,2017-04-17,09:30:46,900,IH1704,CCFX,2343.0,2340.4,2344.0,243,170768580,15498,15690,2585.8,2115.8,2350.8,2349.8,0.0,2343.8,0.0,0,0,2017-04-17,34246900,2342.0,1,0,0,0,0,0,0,0,0,2342.8,1,0,0,0,0,0,0,0,0
94,2017-04-17,09:30:47,400,IH1704,CCFX,2343.0,2340.4,2344.0,244,171471480,15497,15690,2585.8,2115.8,2350.8,2349.8,0.0,2343.8,0.0,0,0,2017-04-17,34247400,2342.0,1,0,0,0,0,0,0,0,0,2342.6,1,0,0,0,0,0,0,0,0
95,2017-04-17,09:30:47,900,IH1704,CCFX,2343.0,2340.4,2344.0,247,173580180,15497,15690,2585.8,2115.8,2350.8,2349.8,0.0,2343.8,0.0,0,0,2017-04-17,34247900,2341.6,1,0,0,0,0,0,0,0,0,2343.2,2,0,0,0,0,0,0,0,0
96,2017-04-17,09:30:48,400,IH1704,CCFX,2343.0,2340.4,2344.0,247,173580180,15497,15690,2585.8,2115.8,2350.8,2349.8,0.0,2343.8,0.0,0,0,2017-04-17,34248400,2341.8,3,0,0,0,0,0,0,0,0,2343.0,4,0,0,0,0,0,0,0,0
97,2017-04-17,09:30:48,900,IH1704,CCFX,2343.0,2340.4,2344.0,247,173580180,15497,15690,2585.8,2115.8,2350.8,2349.8,0.0,2343.8,0.0,0,0,2017-04-17,34248900,2341.8,2,0,0,0,0,0,0,0,0,2342.8,1,0,0,0,0,0,0,0,0
98,2017-04-17,09:30:49,400,IH1704,CCFX,2343.0,2340.4,2344.0,247,173580180,15497,15690,2585.8,2115.8,2350.8,2349.8,0.0,2343.8,0.0,0,0,2017-04-17,34249400,2342.0,1,0,0,0,0,0,0,0,0,2342.8,1,0,0,0,0,0,0,0,0
99,2017-04-17,09:30:49,900,IH1704,CCFX,2342.8,2340.4,2344.0,248,174283020,15497,15690,2585.8,2115.8,2350.8,2349.8,0.0,2343.8,0.0,0,0,2017-04-17,34249900,2341.8,2,0,0,0,0,0,0,0,0,2343.0,2,0,0,0,0,0,0,0,0
100,2017-04-17,09:30:50,400,IH1704,CCFX,2342.8,2340.4,2344.0,248,174283020,15497,15690,2585.8,2115.8,2350.8,2349.8,0.0,2343.8,0.0,0,0,2017-04-17,34250400,2342.6,2,0,0,0,0,0,0,0,0,2342.8,1,0,0,0,0,0,0,0,0
101,2017-04-17,09:30:50,900,IH1704,CCFX,2342.8,2340.4,2344.0,249,174985860,15496,15690,2585.8,2115.8,2350.8,2349.8,0.0,2343.8,0.0,0,0,2017-04-17,34250900,2342.6,2,0,0,0,0,0,0,0,0,2343.0,1,0,0,0,0,0,0,0,0
102,2017-04-17,09:30:51,400,IH1704,CCFX,2343.0,2340.4,2344.0,252,177094320,15493,15690,2585.8,2115.8,2350.8,2349.8,0.0,2343.8,0.0,0,0,2017-04-17,34251400,2343.0,3,0,0,0,0,0,0,0,0,2343.2,2,0,0,0,0,0,0,0,0
103,2017-04-17,09:30:51,900,IH1704,CCFX,2343.0,2340.4,2344.0,256,179905980,15492,15690,2585.8,2115.8,2350.8,2349.8,0.0,2343.8,0.0,0,0,2017-04-17,34251900,2342.0,3,0,0,0,0,0,0,0,0,2343.2,1,0,0,0,0,0,0,0,0
104,2017-04-17,09:30:52,400,IH1704,CCFX,2343.2,2340.4,2344.0,257,180608940,15491,15690,2585.8,2115.8,2350.8,2349.8,0.0,2343.8,0.0,0,0,2017-04-17,34252400,2342.2,9,0,0,0,0,0,0,0,0,2343.4,2,0,0,0,0,0,0,0,0
105,2017-04-17,09:30:52,900,IH1704,CCFX,2343.2,2340.4,2344.0,257,180608940,15491,15690,2585.8,2115.8,2350.8,2349.8,0.0,2343.8,0.0,0,0,2017-04-17,34252900,2342.4,2,0,0,0,0,0,0,0,0,2343.2,1,0,0,0,0,0,0,0,0
106,2017-04-17,09:30:53,400,IH1704,CCFX,2343.2,2340.4,2344.0,258,181311900,15492,15690,2585.8,2115.8,2350.8,2349.8,0.0,2343.8,0.0,0,0,2017-04-17,34253400,2342.6,2,0,0,0,0,0,0,0,0,2343.4,2,0,0,0,0,0,0,0,0
107,2017-04-17,09:30:53,900,IH1704,CCFX,2343.2,2340.4,2344.0,258,181311900,15492,15690,2585.8,2115.8,2350.8,2349.8,0.0,2343.8,0.0,0,0,2017-04-17,34253900,2342.6,3,0,0,0,0,0,0,0,0,2343.4,2,0,0,0,0,0,0,0,0
108,2017-04-17,09:30:54,400,IH1704,CCFX,2343.2,2340.4,2344.0,258,181311900,15492,15690,2585.8,2115.8,2350.8,2349.8,0.0,2343.8,0.0,0,0,2017-04-17,34254400,2342.8,1,0,0,0,0,0,0,0,0,2343.4,2,0,0,0,0,0,0,0,0
109,2017-04-17,09:30:54,900,IH1704,CCFX,2343.4,2340.4,2344.0,260,182717940,15490,15690,2585.8,2115.8,2350.8,2349.8,0.0,2343.8,0.0,0,0,2017-04-17,34254900,2343.0,1,0,0,0,0,0,0,0,0,2344.4,1,0,0,0,0,0,0,0,0
110,2017-04-17,09:30:55,400,IH1704,CCFX,2343.4,2340.4,2344.0,260,182717940,15490,15690,2585.8,2115.8,2350.8,2349.8,0.0,2343.8,0.0,0,0,2017-04-17,34255400,2343.2,2,0,0,0,0,0,0,0,0,2344.2,2,0,0,0,0,0,0,0,0
111,2017-04-17,09:30:55,900,IH1704,CCFX,2343.4,2340.4,2344.0,261,183420960,15489,15690,2585.8,2115.8,2350.8,2349.8,0.0,2343.8,0.0,0,0,2017-04-17,34255900,2343.4,3,0,0,0,0,0,0,0,0,2344.0,2,0,0,0,0,0,0,0,0
112,2017-04-17,09:30:56,400,IH1704,CCFX,2344.0,2340.4,2344.0,264,185530560,15487,15690,2585.8,2115.8,2350.8,2349.8,0.0,2343.8,0.0,0,0,2017-04-17,34256400,2343.6,1,0,0,0,0,0,0,0,0,2343.8,1,0,0,0,0,0,0,0,0
113,2017-04-17,09:30:56,900,IH1704,CCFX,2343.6,2340.4,2344.0,268,188342940,15485,15690,2585.8,2115.8,2350.8,2349.8,0.0,2343.8,0.0,0,0,2017-04-17,34256900,2343.4,2,0,0,0,0,0,0,0,0,2343.6,2,0,0,0,0,0,0,0,0
114,2017-04-17,09:30:57,400,IH1704,CCFX,2343.6,2340.4,2344.0,273,191858160,15480,15690,2585.8,2115.8,2350.8,2349.8,0.0,2343.8,0.0,0,0,2017-04-17,34257400,2342.6,3,0,0,0,0,0,0,0,0,2344.0,1,0,0,0,0,0,0,0,0
115,2017-04-17,09:30:57,900,IH1704,CCFX,2343.8,2340.4,2344.0,275,193264440,15478,15690,2585.8,2115.8,2350.8,2349.8,0.0,2343.8,0.0,0,0,2017-04-17,34257900,2342.8,3,0,0,0,0,0,0,0,0,2343.8,3,0,0,0,0,0,0,0,0
116,2017-04-17,09:30:58,400,IH1704,CCFX,2342.8,2340.4,2344.0,276,193967280,15479,15690,2585.8,2115.8,2350.8,2349.8,0.0,2343.8,0.0,0,0,2017-04-17,34258400,2342.8,2,0,0,0,0,0,0,0,0,2343.6,2,0,0,0,0,0,0,0,0
117,2017-04-17,09:30:58,900,IH1704,CCFX,2343.8,2340.4,2344.0,280,196779720,15475,15690,2585.8,2115.8,2350.8,2349.8,0.0,2343.8,0.0,0,0,2017-04-17,34258900,2342.8,2,0,0,0,0,0,0,0,0,2343.8,1,0,0,0,0,0,0,0,0
118,2017-04-17,09:30:59,400,IH1704,CCFX,2343.8,2340.4,2344.0,282,198186000,15473,15690,2585.8,2115.8,2350.8,2349.8,0.0,2343.8,0.0,0,0,2017-04-17,34259400,2342.8,2,0,0,0,0,0,0,0,0,2343.4,1,0,0,0,0,0,0,0,0
119,2017-04-17,09:30:59,900,IH1704,CCFX,2343.6,2340.4,2344.0,285,200295180,15470,15690,2585.8,2115.8,2350.8,2349.8,0.0,2343.8,0.0,0,0,2017-04-17,34259900,2342.8,1,0,0,0,0,0,0,0,0,2343.6,1,0,0,0,0,0,0,0,0
120,2017-04-17,09:31:00,400,IH1704,CCFX,2343.6,2340.4,2344.0,286,200998260,15469,15690,2585.8,2115.8,2350.8,2349.8,0.0,2343.8,0.0,0,0,2017-04-17,34260400,2343.0,3,0,0,0,0,0,0,0,0,2343.8,1,0,0,0,0,0,0,0,0
121,2017-04-17,09:31:00,900,IH1704,CCFX,2343.6,2340.4,2344.0,286,200998260,15469,15690,2585.8,2115.8,2350.8,2349.8,0.0,2343.8,0.0,0,0,2017-04-17,34260900,2343.0,3,0,0,0,0,0,0,0,0,2343.8,1,0,0,0,0,0,0,0,0
122,2017-04-17,09:31:01,400,IH1704,CCFX,2343.8,2340.4,2344.0,288,202404300,15468,15690,2585.8,2115.8,2350.8,2349.8,0.0,2343.8,0.0,0,0,2017-04-17,34261400,2343.6,1,0,0,0,0,0,0,0,0,2343.8,1,0,0,0,0,0,0,0,0
123,2017-04-17,09:31:01,900,IH1704,CCFX,2344.2,2340.4,2344.2,292,205217160,15465,15690,2585.8,2115.8,2350.8,2349.8,0.0,2343.8,0.0,0,0,2017-04-17,34261900,2344.2,1,0,0,0,0,0,0,0,0,2344.8,1,0,0,0,0,0,0,0,0
124,2017-04-17,09:31:02,400,IH1704,CCFX,2343.0,2340.4,2345.0,299,210139200,15459,15690,2585.8,2115.8,2350.8,2349.8,0.0,2343.8,0.0,0,0,2017-04-17,34262400,2342.8,1,0,0,0,0,0,0,0,0,2344.6,4,0,0,0,0,0,0,0,0
125,2017-04-17,09:31:02,900,IH1704,CCFX,2344.4,2340.4,2345.0,301,211545780,15457,15690,2585.8,2115.8,2350.8,2349.8,0.0,2343.8,0.0,0,0,2017-04-17,34262900,2343.2,1,0,0,0,0,0,0,0,0,2344.4,1,0,0,0,0,0,0,0,0
126,2017-04-17,09:31:03,400,IH1704,CCFX,2344.4,2340.4,2345.0,301,211545780,15457,15690,2585.8,2115.8,2350.8,2349.8,0.0,2343.8,0.0,0,0,2017-04-17,34263400,2343.6,4,0,0,0,0,0,0,0,0,2343.8,1,0,0,0,0,0,0,0,0
127,2017-04-17,09:31:03,900,IH1704,CCFX,2344.2,2340.4,2345.0,303,212952180,15456,15690,2585.8,2115.8,2350.8,2349.8,0.0,2343.8,0.0,0,0,2017-04-17,34263900,2343.8,1,0,0,0,0,0,0,0,0,2344.4,1,0,0,0,0,0,0,0,0
128,2017-04-17,09:31:04,400,IH1704,CCFX,2344.2,2340.4,2345.0,303,212952180,15456,15690,2585.8,2115.8,2350.8,2349.8,0.0,2343.8,0.0,0,0,2017-04-17,34264400,2343.8,1,0,0,0,0,0,0,0,0,2344.4,1,0,0,0,0,0,0,0,0
129,2017-04-17,09:31:04,900,IH1704,CCFX,2344.2,2340.4,2345.0,303,212952180,15456,15690,2585.8,2115.8,2350.8,2349.8,0.0,2343.8,0.0,0,0,2017-04-17,34264900,2343.8,1,0,0,0,0,0,0,0,0,2344.4,1,0,0,0,0,0,0,0,0
130,2017-04-17,09:31:05,400,IH1704,CCFX,2343.8,2340.4,2345.0,304,213655320,15456,15690,2585.8,2115.8,2350.8,2349.8,0.0,2343.8,0.0,0,0,2017-04-17,34265400,2343.6,4,0,0,0,0,0,0,0,0,2344.4,1,0,0,0,0,0,0,0,0
131,2017-04-17,09:31:05,900,IH1704,CCFX,2343.8,2340.4,2345.0,304,213655320,15456,15690,2585.8,2115.8,2350.8,2349.8,0.0,2343.8,0.0,0,0,2017-04-17,34265900,2343.6,4,0,0,0,0,0,0,0,0,2344.4,1,0,0,0,0,0,0,0,0
132,2017-04-17,09:31:06,400,IH1704,CCFX,2343.8,2340.4,2345.0,304,213655320,15456,15690,2585.8,2115.8,2350.8,2349.8,0.0,2343.8,0.0,0,0,2017-04-17,34266400,2343.6,4,0,0,0,0,0,0,0,0,2344.2,1,0,0,0,0,0,0,0,0
133,2017-04-17,09:31:06,900,IH1704,CCFX,2344.2,2340.4,2345.0,305,214358580,15456,15690,2585.8,2115.8,2350.8,2349.8,0.0,2343.8,0.0,0,0,2017-04-17,34266900,2343.6,4,0,0,0,0,0,0,0,0,2343.8,1,0,0,0,0,0,0,0,0
134,2017-04-17,09:31:07,400,IH1704,CCFX,2343.8,2340.4,2345.0,306,215061720,15455,15690,2585.8,2115.8,2350.8,2349.8,0.0,2343.8,0.0,0,0,2017-04-17,34267400,2343.8,1,0,0,0,0,0,0,0,0,2344.4,1,0,0,0,0,0,0,0,0
135,2017-04-17,09:31:07,900,IH1704,CCFX,2344.6,2340.4,2345.0,309,217171800,15452,15690,2585.8,2115.8,2350.8,2349.8,0.0,2343.8,0.0,0,0,2017-04-17,34267900,2344.8,1,0,0,0,0,0,0,0,0,2345.6,1,0,0,0,0,0,0,0,0
136,2017-04-17,09:31:08,400,IH1704,CCFX,2344.4,2340.4,2345.0,312,219281940,15449,15690,2585.8,2115.8,2350.8,2349.8,0.0,2343.8,0.0,0,0,2017-04-17,34268400,2344.0,1,0,0,0,0,0,0,0,0,2345.4,2,0,0,0,0,0,0,0,0
137,2017-04-17,09:31:08,900,IH1704,CCFX,2344.2,2340.4,2345.0,313,219985200,15448,15690,2585.8,2115.8,2350.8,2349.8,0.0,2343.8,0.0,0,0,2017-04-17,34268900,2344.2,1,0,0,0,0,0,0,0,0,2345.2,3,0,0,0,0,0,0,0,0
138,2017-04-17,09:31:09,400,IH1704,CCFX,2344.2,2340.4,2345.0,313,219985200,15448,15690,2585.8,2115.8,2350.8,2349.8,0.0,2343.8,0.0,0,0,2017-04-17,34269400,2344.2,1,0,0,0,0,0,0,0,0,2345.0,1,0,0,0,0,0,0,0,0
139,2017-04-17,09:31:09,900,IH1704,CCFX,2344.8,2340.4,2345.0,316,222095340,15446,15690,2585.8,2115.8,2350.8,2349.8,0.0,2343.8,0.0,0,0,2017-04-17,34269900,2343.8,1,0,0,0,0,0,0,0,0,2344.2,1,0,0,0,0,0,0,0,0
140,2017-04-17,09:31:10,400,IH1704,CCFX,2344.0,2340.4,2345.0,317,222798540,15445,15690,2585.8,2115.8,2350.8,2349.8,0.0,2343.8,0.0,0,0,2017-04-17,34270400,2344.0,1,0,0,0,0,0,0,0,0,2344.8,1,0,0,0,0,0,0,0,0
141,2017-04-17,09:31:10,900,IH1704,CCFX,2344.6,2340.4,2345.0,320,224908260,15442,15690,2585.8,2115.8,2350.8,2349.8,0.0,2343.8,0.0,0,0,2017-04-17,34270900,2344.0,1,0,0,0,0,0,0,0,0,2344.6,1,0,0,0,0,0,0,0,0
142,2017-04-17,09:31:11,400,IH1704,CCFX,2344.8,2340.4,2345.0,324,227721600,15439,15690,2585.8,2115.8,2350.8,2349.8,0.0,2343.8,0.0,0,0,2017-04-17,34271400,2345.0,1,0,0,0,0,0,0,0,0,2345.2,2,0,0,0,0,0,0,0,0
143,2017-04-17,09:31:11,900,IH1704,CCFX,2344.6,2340.4,2345.0,327,229831680,15439,15690,2585.8,2115.8,2350.8,2349.8,0.0,2343.8,0.0,0,0,2017-04-17,34271900,2344.8,1,0,0,0,0,0,0,0,0,2345.0,8,0,0,0,0,0,0,0,0
144,2017-04-17,09:31:12,400,IH1704,CCFX,2344.8,2340.4,2345.0,329,231238560,15437,15690,2585.8,2115.8,2350.8,2349.8,0.0,2343.8,0.0,0,0,2017-04-17,34272400,2343.6,4,0,0,0,0,0,0,0,0,2344.8,3,0,0,0,0,0,0,0,0
145,2017-04-17,09:31:12,900,IH1704,CCFX,2343.8,2340.4,2345.0,330,231941700,15437,15690,2585.8,2115.8,2350.8,2349.8,0.0,2343.8,0.0,0,0,2017-04-17,34272900,2343.8,6,0,0,0,0,0,0,0,0,2344.4,1,0,0,0,0,0,0,0,0
146,2017-04-17,09:31:13,400,IH1704,CCFX,2343.8,2340.4,2345.0,332,233347980,15437,15690,2585.8,2115.8,2350.8,2349.8,0.0,2343.8,0.0,0,0,2017-04-17,34273400,2343.8,3,0,0,0,0,0,0,0,0,2344.2,1,0,0,0,0,0,0,0,0
147,2017-04-17,09:31:13,900,IH1704,CCFX,2344.4,2340.4,2345.0,337,236863980,15435,15690,2585.8,2115.8,2350.8,2349.8,0.0,2343.8,0.0,0,0,2017-04-17,34273900,2344.0,1,0,0,0,0,0,0,0,0,2344.4,4,0,0,0,0,0,0,0,0
148,2017-04-17,09:31:14,400,IH1704,CCFX,2344.4,2340.4,2345.0,339,238270500,15435,15690,2585.8,2115.8,2350.8,2349.8,0.0,2343.8,0.0,0,0,2017-04-17,34274400,2343.6,4,0,0,0,0,0,0,0,0,2344.4,3,0,0,0,0,0,0,0,0
149,2017-04-17,09:31:14,900,IH1704,CCFX,2344.4,2340.4,2345.0,339,238270500,15435,15690,2585.8,2115.8,2350.8,2349.8,0.0,2343.8,0.0,0,0,2017-04-17,34274900,2343.8,1,0,0,0,0,0,0,0,0,2344.4,3,0,0,0,0,0,0,0,0
150,2017-04-17,09:31:15,400,IH1704,CCFX,2344.4,2340.4,2345.0,339,238270500,15435,15690,2585.8,2115.8,2350.8,2349.8,0.0,2343.8,0.0,0,0,2017-04-17,34275400,2343.8,1,0,0,0,0,0,0,0,0,2344.4,3,0,0,0,0,0,0,0,0
151,2017-04-17,09:31:15,900,IH1704,CCFX,2344.4,2340.4,2345.0,339,238270500,15435,15690,2585.8,2115.8,2350.8,2349.8,0.0,2343.8,0.0,0,0,2017-04-17,34275900,2344.2,2,0,0,0,0,0,0,0,0,2344.4,3,0,0,0,0,0,0,0,0
152,2017-04-17,09:31:16,400,IH1704,CCFX,2344.2,2340.4,2345.0,340,238973760,15434,15690,2585.8,2115.8,2350.8,2349.8,0.0,2343.8,0.0,0,0,2017-04-17,34276400,2344.2,1,0,0,0,0,0,0,0,0,2344.4,3,0,0,0,0,0,0,0,0
153,2017-04-17,09:31:16,900,IH1704,CCFX,2344.2,2340.4,2345.0,341,239677020,15433,15690,2585.8,2115.8,2350.8,2349.8,0.0,2343.8,0.0,0,0,2017-04-17,34276900,2344.0,1,0,0,0,0,0,0,0,0,2344.4,3,0,0,0,0,0,0,0,0
154,2017-04-17,09:31:17,400,IH1704,CCFX,2344.2,2340.4,2345.0,341,239677020,15433,15690,2585.8,2115.8,2350.8,2349.8,0.0,2343.8,0.0,0,0,2017-04-17,34277400,2344.2,1,0,0,0,0,0,0,0,0,2344.4,3,0,0,0,0,0,0,0,0
155,2017-04-17,09:31:17,900,IH1704,CCFX,2344.2,2340.4,2345.0,342,240380280,15433,15690,2585.8,2115.8,2350.8,2349.8,0.0,2343.8,0.0,0,0,2017-04-17,34277900,2344.0,1,0,0,0,0,0,0,0,0,2344.2,1,0,0,0,0,0,0,0,0
156,2017-04-17,09:31:18,400,IH1704,CCFX,2344.2,2340.4,2345.0,343,241083540,15433,15690,2585.8,2115.8,2350.8,2349.8,0.0,2343.8,0.0,0,0,2017-04-17,34278400,2344.0,1,0,0,0,0,0,0,0,0,2344.4,6,0,0,0,0,0,0,0,0
157,2017-04-17,09:31:18,900,IH1704,CCFX,2344.2,2340.4,2345.0,343,241083540,15433,15690,2585.8,2115.8,2350.8,2349.8,0.0,2343.8,0.0,0,0,2017-04-17,34278900,2344.0,1,0,0,0,0,0,0,0,0,2344.2,1,0,0,0,0,0,0,0,0
158,2017-04-17,09:31:19,400,IH1704,CCFX,2344.2,2340.4,2345.0,344,241786800,15432,15690,2585.8,2115.8,2350.8,2349.8,0.0,2343.8,0.0,0,0,2017-04-17,34279400,2344.0,1,0,0,0,0,0,0,0,0,2344.2,2,0,0,0,0,0,0,0,0
159,2017-04-17,09:31:20,900,IH1704,CCFX,2344.2,2340.4,2345.0,344,241786800,15432,15690,2585.8,2115.8,2350.8,2349.8,0.0,2343.8,0.0,0,0,2017-04-17,34280900,2344.0,1,0,0,0,0,0,0,0,0,2344.2,2,0,0,0,0,0,0,0,0
160,2017-04-17,09:31:21,900,IH1704,CCFX,2344.2,2340.4,2345.0,344,241786800,15432,15690,2585.8,2115.8,2350.8,2349.8,0.0,2343.8,0.0,0,0,2017-04-17,34281900,2344.0,2,0,0,0,0,0,0,0,0,2344.2,2,0,0,0,0,0,0,0,0
161,2017-04-17,09:31:22,400,IH1704,CCFX,2344.0,2340.4,2345.0,346,243193200,15430,15690,2585.8,2115.8,2350.8,2349.8,0.0,2343.8,0.0,0,0,2017-04-17,34282400,2343.8,4,0,0,0,0,0,0,0,0,2344.2,2,0,0,0,0,0,0,0,0
162,2017-04-17,09:31:22,900,IH1704,CCFX,2344.2,2340.4,2345.0,348,244599660,15428,15690,2585.8,2115.8,2350.8,2349.8,0.0,2343.8,0.0,0,0,2017-04-17,34282900,2343.8,4,0,0,0,0,0,0,0,0,2344.2,1,0,0,0,0,0,0,0,0
163,2017-04-17,09:31:23,900,IH1704,CCFX,2344.2,2340.4,2345.0,348,244599660,15428,15690,2585.8,2115.8,2350.8,2349.8,0.0,2343.8,0.0,0,0,2017-04-17,34283900,2343.8,4,0,0,0,0,0,0,0,0,2344.0,1,0,0,0,0,0,0,0,0
164,2017-04-17,09:31:24,400,IH1704,CCFX,2344.4,2340.4,2345.0,353,248116080,15426,15690,2585.8,2115.8,2350.8,2349.8,0.0,2343.8,0.0,0,0,2017-04-17,34284400,2343.8,4,0,0,0,0,0,0,0,0,2344.4,5,0,0,0,0,0,0,0,0
165,2017-04-17,09:31:24,900,IH1704,CCFX,2343.8,2340.4,2345.0,354,248819220,15426,15690,2585.8,2115.8,2350.8,2349.8,0.0,2343.8,0.0,0,0,2017-04-17,34284900,2343.8,3,0,0,0,0,0,0,0,0,2344.4,4,0,0,0,0,0,0,0,0
166,2017-04-17,09:31:25,400,IH1704,CCFX,2343.8,2340.4,2345.0,354,248819220,15426,15690,2585.8,2115.8,2350.8,2349.8,0.0,2343.8,0.0,0,0,2017-04-17,34285400,2343.8,3,0,0,0,0,0,0,0,0,2344.0,1,0,0,0,0,0,0,0,0
167,2017-04-17,09:31:25,900,IH1704,CCFX,2344.0,2340.4,2345.0,355,249522420,15425,15690,2585.8,2115.8,2350.8,2349.8,0.0,2343.8,0.0,0,0,2017-04-17,34285900,2343.8,3,0,0,0,0,0,0,0,0,2344.0,3,0,0,0,0,0,0,0,0
168,2017-04-17,09:31:27,400,IH1704,CCFX,2343.8,2340.4,2345.0,360,253038480,15421,15690,2585.8,2115.8,2350.8,2349.8,0.0,2343.8,0.0,0,0,2017-04-17,34287400,2343.8,3,0,0,0,0,0,0,0,0,2344.4,3,0,0,0,0,0,0,0,0
169,2017-04-17,09:31:27,900,IH1704,CCFX,2343.8,2340.4,2345.0,360,253038480,15421,15690,2585.8,2115.8,2350.8,2349.8,0.0,2343.8,0.0,0,0,2017-04-17,34287900,2344.0,1,0,0,0,0,0,0,0,0,2344.4,3,0,0,0,0,0,0,0,0
170,2017-04-17,09:31:28,400,IH1704,CCFX,2344.0,2340.4,2345.0,361,253741680,15420,15690,2585.8,2115.8,2350.8,2349.8,0.0,2343.8,0.0,0,0,2017-04-17,34288400,2343.8,3,0,0,0,0,0,0,0,0,2344.2,2,0,0,0,0,0,0,0,0
171,2017-04-17,09:31:28,900,IH1704,CCFX,2344.0,2340.4,2345.0,361,253741680,15420,15690,2585.8,2115.8,2350.8,2349.8,0.0,2343.8,0.0,0,0,2017-04-17,34288900,2343.8,3,0,0,0,0,0,0,0,0,2344.2,3,0,0,0,0,0,0,0,0
172,2017-04-17,09:31:29,400,IH1704,CCFX,2343.8,2340.4,2345.0,362,254444820,15420,15690,2585.8,2115.8,2350.8,2349.8,0.0,2343.8,0.0,0,0,2017-04-17,34289400,2343.8,2,0,0,0,0,0,0,0,0,2344.0,3,0,0,0,0,0,0,0,0
173,2017-04-17,09:31:29,900,IH1704,CCFX,2343.8,2340.4,2345.0,362,254444820,15420,15690,2585.8,2115.8,2350.8,2349.8,0.0,2343.8,0.0,0,0,2017-04-17,34289900,2343.8,2,0,0,0,0,0,0,0,0,2344.0,4,0,0,0,0,0,0,0,0
174,2017-04-17,09:31:30,400,IH1704,CCFX,2343.8,2340.4,2345.0,364,255851100,15419,15690,2585.8,2115.8,2350.8,2349.8,0.0,2343.8,0.0,0,0,2017-04-17,34290400,2343.6,4,0,0,0,0,0,0,0,0,2344.0,4,0,0,0,0,0,0,0,0
175,2017-04-17,09:31:30,900,IH1704,CCFX,2343.8,2340.4,2345.0,364,255851100,15419,15690,2585.8,2115.8,2350.8,2349.8,0.0,2343.8,0.0,0,0,2017-04-17,34290900,2343.6,4,0,0,0,0,0,0,0,0,2343.8,2,0,0,0,0,0,0,0,0
176,2017-04-17,09:31:31,400,IH1704,CCFX,2343.8,2340.4,2345.0,366,257257320,15417,15690,2585.8,2115.8,2350.8,2349.8,0.0,2343.8,0.0,0,0,2017-04-17,34291400,2343.6,3,0,0,0,0,0,0,0,0,2344.0,2,0,0,0,0,0,0,0,0
177,2017-04-17,09:31:31,900,IH1704,CCFX,2343.8,2340.4,2345.0,367,257960460,15418,15690,2585.8,2115.8,2350.8,2349.8,0.0,2343.8,0.0,0,0,2017-04-17,34291900,2343.6,3,0,0,0,0,0,0,0,0,2344.0,2,0,0,0,0,0,0,0,0
178,2017-04-17,09:31:32,400,IH1704,CCFX,2343.8,2340.4,2345.0,367,257960460,15418,15690,2585.8,2115.8,2350.8,2349.8,0.0,2343.8,0.0,0,0,2017-04-17,34292400,2343.6,3,0,0,0,0,0,0,0,0,2344.0,2,0,0,0,0,0,0,0,0
179,2017-04-17,09:31:32,900,IH1704,CCFX,2343.8,2340.4,2345.0,367,257960460,15418,15690,2585.8,2115.8,2350.8,2349.8,0.0,2343.8,0.0,0,0,2017-04-17,34292900,2343.8,1,0,0,0,0,0,0,0,0,2344.0,2,0,0,0,0,0,0,0,0
180,2017-04-17,09:31:33,400,IH1704,CCFX,2343.8,2340.4,2345.0,368,258663600,15418,15690,2585.8,2115.8,2350.8,2349.8,0.0,2343.8,0.0,0,0,2017-04-17,34293400,2343.6,3,0,0,0,0,0,0,0,0,2343.8,2,0,0,0,0,0,0,0,0
181,2017-04-17,09:31:33,900,IH1704,CCFX,2343.6,2340.4,2345.0,369,259366680,15417,15690,2585.8,2115.8,2350.8,2349.8,0.0,2343.8,0.0,0,0,2017-04-17,34293900,2343.6,2,0,0,0,0,0,0,0,0,2343.8,2,0,0,0,0,0,0,0,0
182,2017-04-17,09:31:34,400,IH1704,CCFX,2343.6,2340.4,2345.0,370,260069760,15416,15690,2585.8,2115.8,2350.8,2349.8,0.0,2343.8,0.0,0,0,2017-04-17,34294400,2343.6,1,0,0,0,0,0,0,0,0,2343.8,2,0,0,0,0,0,0,0,0
183,2017-04-17,09:31:34,900,IH1704,CCFX,2343.6,2340.4,2345.0,371,260772840,15415,15690,2585.8,2115.8,2350.8,2349.8,0.0,2343.8,0.0,0,0,2017-04-17,34294900,2343.4,1,0,0,0,0,0,0,0,0,2343.8,2,0,0,0,0,0,0,0,0
184,2017-04-17,09:31:35,400,IH1704,CCFX,2343.6,2340.4,2345.0,371,260772840,15415,15690,2585.8,2115.8,2350.8,2349.8,0.0,2343.8,0.0,0,0,2017-04-17,34295400,2343.4,1,0,0,0,0,0,0,0,0,2343.6,2,0,0,0,0,0,0,0,0
185,2017-04-17,09:31:35,900,IH1704,CCFX,2343.6,2340.4,2345.0,371,260772840,15415,15690,2585.8,2115.8,2350.8,2349.8,0.0,2343.8,0.0,0,0,2017-04-17,34295900,2343.4,1,0,0,0,0,0,0,0,0,2343.6,3,0,0,0,0,0,0,0,0
186,2017-04-17,09:31:36,400,IH1704,CCFX,2343.6,2340.4,2345.0,371,260772840,15415,15690,2585.8,2115.8,2350.8,2349.8,0.0,2343.8,0.0,0,0,2017-04-17,34296400,2343.4,1,0,0,0,0,0,0,0,0,2343.6,5,0,0,0,0,0,0,0,0
187,2017-04-17,09:31:36,900,IH1704,CCFX,2343.4,2340.4,2345.0,372,261475860,15414,15690,2585.8,2115.8,2350.8,2349.8,0.0,2343.8,0.0,0,0,2017-04-17,34296900,2343.2,1,0,0,0,0,0,0,0,0,2343.6,5,0,0,0,0,0,0,0,0
188,2017-04-17,09:31:37,400,IH1704,CCFX,2343.4,2340.4,2345.0,372,261475860,15414,15690,2585.8,2115.8,2350.8,2349.8,0.0,2343.8,0.0,0,0,2017-04-17,34297400,2343.2,1,0,0,0,0,0,0,0,0,2343.4,2,0,0,0,0,0,0,0,0
189,2017-04-17,09:31:37,900,IH1704,CCFX,2343.2,2340.4,2345.0,373,262178820,15413,15690,2585.8,2115.8,2350.8,2349.8,0.0,2343.8,0.0,0,0,2017-04-17,34297900,2343.0,1,0,0,0,0,0,0,0,0,2343.4,2,0,0,0,0,0,0,0,0
190,2017-04-17,09:31:38,400,IH1704,CCFX,2343.4,2340.4,2345.0,375,263584740,15412,15690,2585.8,2115.8,2350.8,2349.8,0.0,2343.8,0.0,0,0,2017-04-17,34298400,2342.6,1,0,0,0,0,0,0,0,0,2343.4,1,0,0,0,0,0,0,0,0
191,2017-04-17,09:31:38,900,IH1704,CCFX,2343.4,2340.4,2345.0,375,263584740,15412,15690,2585.8,2115.8,2350.8,2349.8,0.0,2343.8,0.0,0,0,2017-04-17,34298900,2342.8,1,0,0,0,0,0,0,0,0,2343.4,2,0,0,0,0,0,0,0,0
192,2017-04-17,09:31:39,400,IH1704,CCFX,2343.4,2340.4,2345.0,375,263584740,15412,15690,2585.8,2115.8,2350.8,2349.8,0.0,2343.8,0.0,0,0,2017-04-17,34299400,2343.0,1,0,0,0,0,0,0,0,0,2343.4,2,0,0,0,0,0,0,0,0
193,2017-04-17,09:31:39,900,IH1704,CCFX,2343.4,2340.4,2345.0,375,263584740,15412,15690,2585.8,2115.8,2350.8,2349.8,0.0,2343.8,0.0,0,0,2017-04-17,34299900,2343.0,1,0,0,0,0,0,0,0,0,2343.2,2,0,0,0,0,0,0,0,0
194,2017-04-17,09:31:40,400,IH1704,CCFX,2343.2,2340.4,2345.0,377,264990660,15410,15690,2585.8,2115.8,2350.8,2349.8,0.0,2343.8,0.0,0,0,2017-04-17,34300400,2342.6,1,0,0,0,0,0,0,0,0,2343.4,2,0,0,0,0,0,0,0,0
195,2017-04-17,09:31:40,900,IH1704,CCFX,2343.2,2340.4,2345.0,377,264990660,15410,15690,2585.8,2115.8,2350.8,2349.8,0.0,2343.8,0.0,0,0,2017-04-17,34300900,2342.6,1,0,0,0,0,0,0,0,0,2343.0,2,0,0,0,0,0,0,0,0
196,2017-04-17,09:31:41,400,IH1704,CCFX,2343.4,2340.4,2345.0,380,267099480,15408,15690,2585.8,2115.8,2350.8,2349.8,0.0,2343.8,0.0,0,0,2017-04-17,34301400,2342.8,1,0,0,0,0,0,0,0,0,2343.4,1,0,0,0,0,0,0,0,0
197,2017-04-17,09:31:41,900,IH1704,CCFX,2343.0,2340.4,2345.0,381,267802380,15407,15690,2585.8,2115.8,2350.8,2349.8,0.0,2343.8,0.0,0,0,2017-04-17,34301900,2342.8,1,0,0,0,0,0,0,0,0,2343.0,1,0,0,0,0,0,0,0,0
198,2017-04-17,09:31:42,400,IH1704,CCFX,2343.0,2340.4,2345.0,382,268505280,15407,15690,2585.8,2115.8,2350.8,2349.8,0.0,2343.8,0.0,0,0,2017-04-17,34302400,2343.0,1,0,0,0,0,0,0,0,0,2343.4,1,0,0,0,0,0,0,0,0
199,2017-04-17,09:31:42,900,IH1704,CCFX,2343.0,2340.4,2345.0,382,268505280,15407,15690,2585.8,2115.8,2350.8,2349.8,0.0,2343.8,0.0,0,0,2017-04-17,34302900,2343.0,1,0,0,0,0,0,0,0,0,2343.2,2,0,0,0,0,0,0,0,0
200,2017-04-17,09:31:43,400,IH1704,CCFX,2343.2,2340.4,2345.0,383,269208240,15406,15690,2585.8,2115.8,2350.8,2349.8,0.0,2343.8,0.0,0,0,2017-04-17,34303400,2343.0,1,0,0,0,0,0,0,0,0,2343.2,1,0,0,0,0,0,0,0,0
201,2017-04-17,09:31:43,900,IH1704,CCFX,2343.2,2340.4,2345.0,383,269208240,15406,15690,2585.8,2115.8,2350.8,2349.8,0.0,2343.8,0.0,0,0,2017-04-17,34303900,2343.0,1,0,0,0,0,0,0,0,0,2343.2,1,0,0,0,0,0,0,0,0
202,2017-04-17,09:31:44,400,IH1704,CCFX,2343.2,2340.4,2345.0,384,269911200,15405,15690,2585.8,2115.8,2350.8,2349.8,0.0,2343.8,0.0,0,0,2017-04-17,34304400,2343.0,1,0,0,0,0,0,0,0,0,2343.4,1,0,0,0,0,0,0,0,0
203,2017-04-17,09:31:44,900,IH1704,CCFX,2343.2,2340.4,2345.0,384,269911200,15405,15690,2585.8,2115.8,2350.8,2349.8,0.0,2343.8,0.0,0,0,2017-04-17,34304900,2343.0,1,0,0,0,0,0,0,0,0,2343.2,2,0,0,0,0,0,0,0,0
204,2017-04-17,09:31:46,900,IH1704,CCFX,2343.6,2340.4,2345.0,388,272723220,15402,15690,2585.8,2115.8,2350.8,2349.8,0.0,2343.8,0.0,0,0,2017-04-17,34306900,2343.0,1,0,0,0,0,0,0,0,0,2343.2,1,0,0,0,0,0,0,0,0
205,2017-04-17,09:31:47,400,IH1704,CCFX,2343.2,2340.4,2345.0,389,273426180,15402,15690,2585.8,2115.8,2350.8,2349.8,0.0,2343.8,0.0,0,0,2017-04-17,34307400,2343.2,1,0,0,0,0,0,0,0,0,2343.6,4,0,0,0,0,0,0,0,0
206,2017-04-17,09:31:48,400,IH1704,CCFX,2343.2,2340.4,2345.0,389,273426180,15402,15690,2585.8,2115.8,2350.8,2349.8,0.0,2343.8,0.0,0,0,2017-04-17,34308400,2343.4,1,0,0,0,0,0,0,0,0,2343.6,4,0,0,0,0,0,0,0,0
207,2017-04-17,09:31:49,900,IH1704,CCFX,2343.4,2340.4,2345.0,390,274129200,15402,15690,2585.8,2115.8,2350.8,2349.8,0.0,2343.8,0.0,0,0,2017-04-17,34309900,2343.2,1,0,0,0,0,0,0,0,0,2343.6,4,0,0,0,0,0,0,0,0
208,2017-04-17,09:31:50,400,IH1704,CCFX,2343.2,2340.4,2345.0,391,274832160,15401,15690,2585.8,2115.8,2350.8,2349.8,0.0,2343.8,0.0,0,0,2017-04-17,34310400,2343.2,1,0,0,0,0,0,0,0,0,2343.6,4,0,0,0,0,0,0,0,0
209,2017-04-17,09:31:51,400,IH1704,CCFX,2343.2,2340.4,2345.0,391,274832160,15401,15690,2585.8,2115.8,2350.8,2349.8,0.0,2343.8,0.0,0,0,2017-04-17,34311400,2343.2,1,0,0,0,0,0,0,0,0,2343.6,5,0,0,0,0,0,0,0,0
210,2017-04-17,09:31:51,900,IH1704,CCFX,2343.2,2340.4,2345.0,393,276238200,15399,15690,2585.8,2115.8,2350.8,2349.8,0.0,2343.8,0.0,0,0,2017-04-17,34311900,2343.0,1,0,0,0,0,0,0,0,0,2343.2,1,0,0,0,0,0,0,0,0
211,2017-04-17,09:31:52,400,IH1704,CCFX,2343.6,2340.4,2345.0,395,277644240,15397,15690,2585.8,2115.8,2350.8,2349.8,0.0,2343.8,0.0,0,0,2017-04-17,34312400,2343.2,1,0,0,0,0,0,0,0,0,2343.6,3,0,0,0,0,0,0,0,0
212,2017-04-17,09:31:52,900,IH1704,CCFX,2343.4,2340.4,2345.0,397,279050280,15395,15690,2585.8,2115.8,2350.8,2349.8,0.0,2343.8,0.0,0,0,2017-04-17,34312900,2343.2,1,0,0,0,0,0,0,0,0,2343.6,3,0,0,0,0,0,0,0,0
213,2017-04-17,09:31:53,400,IH1704,CCFX,2343.6,2340.4,2345.0,399,280456440,15395,15690,2585.8,2115.8,2350.8,2349.8,0.0,2343.8,0.0,0,0,2017-04-17,34313400,2343.4,1,0,0,0,0,0,0,0,0,2343.6,1,0,0,0,0,0,0,0,0
214,2017-04-17,09:31:53,900,IH1704,CCFX,2343.4,2340.4,2345.0,400,281159460,15394,15690,2585.8,2115.8,2350.8,2349.8,0.0,2343.8,0.0,0,0,2017-04-17,34313900,2343.0,1,0,0,0,0,0,0,0,0,2343.4,4,0,0,0,0,0,0,0,0
215,2017-04-17,09:31:54,400,IH1704,CCFX,2343.4,2340.4,2345.0,400,281159460,15394,15690,2585.8,2115.8,2350.8,2349.8,0.0,2343.8,0.0,0,0,2017-04-17,34314400,2343.0,1,0,0,0,0,0,0,0,0,2343.2,2,0,0,0,0,0,0,0,0
216,2017-04-17,09:31:54,900,IH1704,CCFX,2343.2,2340.4,2345.0,402,282565380,15395,15690,2585.8,2115.8,2350.8,2349.8,0.0,2343.8,0.0,0,0,2017-04-17,34314900,2343.0,1,0,0,0,0,0,0,0,0,2343.4,4,0,0,0,0,0,0,0,0
217,2017-04-17,09:31:55,900,IH1704,CCFX,2343.2,2340.4,2345.0,402,282565380,15395,15690,2585.8,2115.8,2350.8,2349.8,0.0,2343.8,0.0,0,0,2017-04-17,34315900,2343.0,1,0,0,0,0,0,0,0,0,2343.2,2,0,0,0,0,0,0,0,0
218,2017-04-17,09:31:56,400,IH1704,CCFX,2343.2,2340.4,2345.0,404,283971300,15393,15690,2585.8,2115.8,2350.8,2349.8,0.0,2343.8,0.0,0,0,2017-04-17,34316400,2343.0,1,0,0,0,0,0,0,0,0,2343.4,4,0,0,0,0,0,0,0,0
219,2017-04-17,09:31:56,900,IH1704,CCFX,2343.2,2340.4,2345.0,404,283971300,15393,15690,2585.8,2115.8,2350.8,2349.8,0.0,2343.8,0.0,0,0,2017-04-17,34316900,2343.0,1,0,0,0,0,0,0,0,0,2343.4,4,0,0,0,0,0,0,0,0
220,2017-04-17,09:31:57,400,IH1704,CCFX,2343.2,2340.4,2345.0,404,283971300,15393,15690,2585.8,2115.8,2350.8,2349.8,0.0,2343.8,0.0,0,0,2017-04-17,34317400,2343.0,1,0,0,0,0,0,0,0,0,2343.2,1,0,0,0,0,0,0,0,0
221,2017-04-17,09:31:57,900,IH1704,CCFX,2343.4,2340.4,2345.0,406,285377280,15391,15690,2585.8,2115.8,2350.8,2349.8,0.0,2343.8,0.0,0,0,2017-04-17,34317900,2343.0,1,0,0,0,0,0,0,0,0,2343.4,3,0,0,0,0,0,0,0,0
222,2017-04-17,09:31:58,900,IH1704,CCFX,2343.0,2340.4,2345.0,407,286080180,15391,15690,2585.8,2115.8,2350.8,2349.8,0.0,2343.8,0.0,0,0,2017-04-17,34318900,2343.0,1,0,0,0,0,0,0,0,0,2343.4,3,0,0,0,0,0,0,0,0
223,2017-04-17,09:31:59,400,IH1704,CCFX,2343.2,2340.4,2345.0,408,286783140,15390,15690,2585.8,2115.8,2350.8,2349.8,0.0,2343.8,0.0,0,0,2017-04-17,34319400,2343.0,1,0,0,0,0,0,0,0,0,2343.2,2,0,0,0,0,0,0,0,0
224,2017-04-17,09:32:00,400,IH1704,CCFX,2343.2,2340.4,2345.0,410,288189000,15388,15690,2585.8,2115.8,2350.8,2349.8,0.0,2343.8,0.0,0,0,2017-04-17,34320400,2342.8,1,0,0,0,0,0,0,0,0,2343.0,1,0,0,0,0,0,0,0,0
225,2017-04-17,09:32:00,900,IH1704,CCFX,2342.8,2340.4,2345.0,411,288891840,15387,15690,2585.8,2115.8,2350.8,2349.8,0.0,2343.8,0.0,0,0,2017-04-17,34320900,2342.6,1,0,0,0,0,0,0,0,0,2343.0,1,0,0,0,0,0,0,0,0
226,2017-04-17,09:32:01,400,IH1704,CCFX,2343.0,2340.4,2345.0,412,289594740,15386,15690,2585.8,2115.8,2350.8,2349.8,0.0,2343.8,0.0,0,0,2017-04-17,34321400,2343.0,1,0,0,0,0,0,0,0,0,2343.2,1,0,0,0,0,0,0,0,0
227,2017-04-17,09:32:01,900,IH1704,CCFX,2343.0,2340.4,2345.0,413,290297640,15385,15690,2585.8,2115.8,2350.8,2349.8,0.0,2343.8,0.0,0,0,2017-04-17,34321900,2342.6,1,0,0,0,0,0,0,0,0,2343.2,1,0,0,0,0,0,0,0,0
228,2017-04-17,09:32:02,400,IH1704,CCFX,2343.0,2340.4,2345.0,413,290297640,15385,15690,2585.8,2115.8,2350.8,2349.8,0.0,2343.8,0.0,0,0,2017-04-17,34322400,2342.6,1,0,0,0,0,0,0,0,0,2343.2,3,0,0,0,0,0,0,0,0
229,2017-04-17,09:32:02,900,IH1704,CCFX,2343.0,2340.4,2345.0,413,290297640,15385,15690,2585.8,2115.8,2350.8,2349.8,0.0,2343.8,0.0,0,0,2017-04-17,34322900,2342.8,1,0,0,0,0,0,0,0,0,2343.0,1,0,0,0,0,0,0,0,0
230,2017-04-17,09:32:03,400,IH1704,CCFX,2343.0,2340.4,2345.0,414,291000540,15384,15690,2585.8,2115.8,2350.8,2349.8,0.0,2343.8,0.0,0,0,2017-04-17,34323400,2342.8,2,0,0,0,0,0,0,0,0,2343.2,3,0,0,0,0,0,0,0,0
231,2017-04-17,09:32:03,900,IH1704,CCFX,2343.2,2340.4,2345.0,417,293109180,15381,15690,2585.8,2115.8,2350.8,2349.8,0.0,2343.8,0.0,0,0,2017-04-17,34323900,2342.6,1,0,0,0,0,0,0,0,0,2343.2,2,0,0,0,0,0,0,0,0
232,2017-04-17,09:32:05,400,IH1704,CCFX,2343.2,2340.4,2345.0,417,293109180,15381,15690,2585.8,2115.8,2350.8,2349.8,0.0,2343.8,0.0,0,0,2017-04-17,34325400,2342.6,1,0,0,0,0,0,0,0,0,2343.2,2,0,0,0,0,0,0,0,0
233,2017-04-17,09:32:05,900,IH1704,CCFX,2343.2,2340.4,2345.0,419,294515100,15379,15690,2585.8,2115.8,2350.8,2349.8,0.0,2343.8,0.0,0,0,2017-04-17,34325900,2343.0,1,0,0,0,0,0,0,0,0,2343.2,1,0,0,0,0,0,0,0,0
234,2017-04-17,09:32:06,400,IH1704,CCFX,2343.0,2340.4,2345.0,420,295218000,15379,15690,2585.8,2115.8,2350.8,2349.8,0.0,2343.8,0.0,0,0,2017-04-17,34326400,2342.8,2,0,0,0,0,0,0,0,0,2343.2,1,0,0,0,0,0,0,0,0
235,2017-04-17,09:32:06,900,IH1704,CCFX,2343.0,2340.4,2345.0,421,295920900,15378,15690,2585.8,2115.8,2350.8,2349.8,0.0,2343.8,0.0,0,0,2017-04-17,34326900,2342.8,2,0,0,0,0,0,0,0,0,2343.2,1,0,0,0,0,0,0,0,0
236,2017-04-17,09:32:07,400,IH1704,CCFX,2343.0,2340.4,2345.0,422,296623800,15378,15690,2585.8,2115.8,2350.8,2349.8,0.0,2343.8,0.0,0,0,2017-04-17,34327400,2342.8,2,0,0,0,0,0,0,0,0,2343.2,1,0,0,0,0,0,0,0,0
237,2017-04-17,09:32:07,900,IH1704,CCFX,2343.0,2340.4,2345.0,422,296623800,15378,15690,2585.8,2115.8,2350.8,2349.8,0.0,2343.8,0.0,0,0,2017-04-17,34327900,2342.8,2,0,0,0,0,0,0,0,0,2343.0,1,0,0,0,0,0,0,0,0
238,2017-04-17,09:32:08,400,IH1704,CCFX,2343.0,2340.4,2345.0,423,297326700,15377,15690,2585.8,2115.8,2350.8,2349.8,0.0,2343.8,0.0,0,0,2017-04-17,34328400,2342.8,3,0,0,0,0,0,0,0,0,2343.2,1,0,0,0,0,0,0,0,0
239,2017-04-17,09:32:08,900,IH1704,CCFX,2342.8,2340.4,2345.0,425,298732380,15377,15690,2585.8,2115.8,2350.8,2349.8,0.0,2343.8,0.0,0,0,2017-04-17,34328900,2342.8,1,0,0,0,0,0,0,0,0,2343.2,1,0,0,0,0,0,0,0,0
240,2017-04-17,09:32:09,900,IH1704,CCFX,2343.2,2340.4,2345.0,426,299435340,15376,15690,2585.8,2115.8,2350.8,2349.8,0.0,2343.8,0.0,0,0,2017-04-17,34329900,2342.8,1,0,0,0,0,0,0,0,0,2343.4,3,0,0,0,0,0,0,0,0
241,2017-04-17,09:32:10,400,IH1704,CCFX,2343.4,2340.4,2345.0,427,300138360,15376,15690,2585.8,2115.8,2350.8,2349.8,0.0,2343.8,0.0,0,0,2017-04-17,34330400,2342.8,1,0,0,0,0,0,0,0,0,2343.4,2,0,0,0,0,0,0,0,0
242,2017-04-17,09:32:10,900,IH1704,CCFX,2343.4,2340.4,2345.0,427,300138360,15376,15690,2585.8,2115.8,2350.8,2349.8,0.0,2343.8,0.0,0,0,2017-04-17,34330900,2342.8,1,0,0,0,0,0,0,0,0,2343.0,2,0,0,0,0,0,0,0,0
243,2017-04-17,09:32:11,400,IH1704,CCFX,2343.4,2340.4,2345.0,430,302247180,15374,15690,2585.8,2115.8,2350.8,2349.8,0.0,2343.8,0.0,0,0,2017-04-17,34331400,2342.8,1,0,0,0,0,0,0,0,0,2343.4,3,0,0,0,0,0,0,0,0
244,2017-04-17,09:32:11,900,IH1704,CCFX,2343.4,2340.4,2345.0,430,302247180,15374,15690,2585.8,2115.8,2350.8,2349.8,0.0,2343.8,0.0,0,0,2017-04-17,34331900,2343.0,1,0,0,0,0,0,0,0,0,2343.2,2,0,0,0,0,0,0,0,0
245,2017-04-17,09:32:12,400,IH1704,CCFX,2343.0,2340.4,2345.0,432,303653040,15372,15690,2585.8,2115.8,2350.8,2349.8,0.0,2343.8,0.0,0,0,2017-04-17,34332400,2342.8,1,0,0,0,0,0,0,0,0,2343.0,1,0,0,0,0,0,0,0,0
246,2017-04-17,09:32:12,900,IH1704,CCFX,2343.0,2340.4,2345.0,436,306464760,15369,15690,2585.8,2115.8,2350.8,2349.8,0.0,2343.8,0.0,0,0,2017-04-17,34332900,2342.8,1,0,0,0,0,0,0,0,0,2343.4,3,0,0,0,0,0,0,0,0
247,2017-04-17,09:32:13,400,IH1704,CCFX,2343.4,2340.4,2345.0,441,309979920,15364,15690,2585.8,2115.8,2350.8,2349.8,0.0,2343.8,0.0,0,0,2017-04-17,34333400,2342.8,1,0,0,0,0,0,0,0,0,2343.6,2,0,0,0,0,0,0,0,0
248,2017-04-17,09:32:13,900,IH1704,CCFX,2343.4,2340.4,2345.0,441,309979920,15364,15690,2585.8,2115.8,2350.8,2349.8,0.0,2343.8,0.0,0,0,2017-04-17,34333900,2343.4,1,0,0,0,0,0,0,0,0,2343.6,2,0,0,0,0,0,0,0,0
249,2017-04-17,09:32:14,400,IH1704,CCFX,2343.8,2340.4,2345.0,444,312089220,15361,15690,2585.8,2115.8,2350.8,2349.8,0.0,2343.8,0.0,0,0,2017-04-17,34334400,2343.0,1,0,0,0,0,0,0,0,0,2343.4,1,0,0,0,0,0,0,0,0
250,2017-04-17,09:32:14,900,IH1704,CCFX,2343.4,2340.4,2345.0,445,312792240,15360,15690,2585.8,2115.8,2350.8,2349.8,0.0,2343.8,0.0,0,0,2017-04-17,34334900,2343.6,1,0,0,0,0,0,0,0,0,2344.4,3,0,0,0,0,0,0,0,0
251,2017-04-17,09:32:15,400,IH1704,CCFX,2343.4,2340.4,2345.0,445,312792240,15360,15690,2585.8,2115.8,2350.8,2349.8,0.0,2343.8,0.0,0,0,2017-04-17,34335400,2343.4,1,0,0,0,0,0,0,0,0,2344.2,7,0,0,0,0,0,0,0,0
252,2017-04-17,09:32:15,900,IH1704,CCFX,2343.4,2340.4,2345.0,445,312792240,15360,15690,2585.8,2115.8,2350.8,2349.8,0.0,2343.8,0.0,0,0,2017-04-17,34335900,2343.0,2,0,0,0,0,0,0,0,0,2344.2,9,0,0,0,0,0,0,0,0
253,2017-04-17,09:32:16,400,IH1704,CCFX,2343.4,2340.4,2345.0,445,312792240,15360,15690,2585.8,2115.8,2350.8,2349.8,0.0,2343.8,0.0,0,0,2017-04-17,34336400,2343.0,2,0,0,0,0,0,0,0,0,2344.0,2,0,0,0,0,0,0,0,0
254,2017-04-17,09:32:17,400,IH1704,CCFX,2343.4,2340.4,2345.0,445,312792240,15360,15690,2585.8,2115.8,2350.8,2349.8,0.0,2343.8,0.0,0,0,2017-04-17,34337400,2343.2,1,0,0,0,0,0,0,0,0,2344.0,3,0,0,0,0,0,0,0,0
255,2017-04-17,09:32:17,900,IH1704,CCFX,2343.4,2340.4,2345.0,445,312792240,15360,15690,2585.8,2115.8,2350.8,2349.8,0.0,2343.8,0.0,0,0,2017-04-17,34337900,2343.2,1,0,0,0,0,0,0,0,0,2344.0,2,0,0,0,0,0,0,0,0
256,2017-04-17,09:32:18,400,IH1704,CCFX,2344.0,2340.4,2345.0,448,314901840,15358,15690,2585.8,2115.8,2350.8,2349.8,0.0,2343.8,0.0,0,0,2017-04-17,34338400,2343.4,1,0,0,0,0,0,0,0,0,2344.2,9,0,0,0,0,0,0,0,0
257,2017-04-17,09:32:18,900,IH1704,CCFX,2344.0,2340.4,2345.0,448,314901840,15358,15690,2585.8,2115.8,2350.8,2349.8,0.0,2343.8,0.0,0,0,2017-04-17,34338900,2343.4,1,0,0,0,0,0,0,0,0,2344.2,9,0,0,0,0,0,0,0,0
258,2017-04-17,09:32:19,400,IH1704,CCFX,2344.0,2340.4,2345.0,448,314901840,15358,15690,2585.8,2115.8,2350.8,2349.8,0.0,2343.8,0.0,0,0,2017-04-17,34339400,2343.6,1,0,0,0,0,0,0,0,0,2344.2,9,0,0,0,0,0,0,0,0
259,2017-04-17,09:32:19,900,IH1704,CCFX,2344.0,2340.4,2345.0,448,314901840,15358,15690,2585.8,2115.8,2350.8,2349.8,0.0,2343.8,0.0,0,0,2017-04-17,34339900,2343.6,1,0,0,0,0,0,0,0,0,2344.2,5,0,0,0,0,0,0,0,0
260,2017-04-17,09:32:20,400,IH1704,CCFX,2344.0,2340.4,2345.0,448,314901840,15358,15690,2585.8,2115.8,2350.8,2349.8,0.0,2343.8,0.0,0,0,2017-04-17,34340400,2343.8,1,0,0,0,0,0,0,0,0,2344.2,5,0,0,0,0,0,0,0,0
261,2017-04-17,09:32:20,900,IH1704,CCFX,2344.0,2340.4,2345.0,448,314901840,15358,15690,2585.8,2115.8,2350.8,2349.8,0.0,2343.8,0.0,0,0,2017-04-17,34340900,2343.8,2,0,0,0,0,0,0,0,0,2344.2,5,0,0,0,0,0,0,0,0
262,2017-04-17,09:32:21,900,IH1704,CCFX,2344.2,2340.4,2345.0,452,317714880,15357,15690,2585.8,2115.8,2350.8,2349.8,0.0,2343.8,0.0,0,0,2017-04-17,34341900,2343.8,2,0,0,0,0,0,0,0,0,2344.2,1,0,0,0,0,0,0,0,0
263,2017-04-17,09:32:22,400,IH1704,CCFX,2344.6,2340.4,2345.0,457,321231480,15352,15690,2585.8,2115.8,2350.8,2349.8,0.0,2343.8,0.0,0,0,2017-04-17,34342400,2344.2,1,0,0,0,0,0,0,0,0,2344.6,1,0,0,0,0,0,0,0,0
264,2017-04-17,09:32:22,900,IH1704,CCFX,2344.4,2340.4,2345.0,458,321934800,15352,15690,2585.8,2115.8,2350.8,2349.8,0.0,2343.8,0.0,0,0,2017-04-17,34342900,2344.4,4,0,0,0,0,0,0,0,0,2344.6,1,0,0,0,0,0,0,0,0
265,2017-04-17,09:32:23,400,IH1704,CCFX,2344.4,2340.4,2345.0,463,325451520,15350,15690,2585.8,2115.8,2350.8,2349.8,0.0,2343.8,0.0,0,0,2017-04-17,34343400,2344.4,1,0,0,0,0,0,0,0,0,2344.8,3,0,0,0,0,0,0,0,0
266,2017-04-17,09:32:23,900,IH1704,CCFX,2344.6,2340.4,2345.0,465,326858220,15349,15690,2585.8,2115.8,2350.8,2349.8,0.0,2343.8,0.0,0,0,2017-04-17,34343900,2344.0,1,0,0,0,0,0,0,0,0,2344.6,1,0,0,0,0,0,0,0,0
267,2017-04-17,09:32:24,400,IH1704,CCFX,2344.6,2340.4,2345.0,467,328264800,15348,15690,2585.8,2115.8,2350.8,2349.8,0.0,2343.8,0.0,0,0,2017-04-17,34344400,2343.2,1,0,0,0,0,0,0,0,0,2344.8,3,0,0,0,0,0,0,0,0
268,2017-04-17,09:32:24,900,IH1704,CCFX,2344.6,2340.4,2345.0,467,328264800,15348,15690,2585.8,2115.8,2350.8,2349.8,0.0,2343.8,0.0,0,0,2017-04-17,34344900,2343.4,6,0,0,0,0,0,0,0,0,2344.2,1,0,0,0,0,0,0,0,0
269,2017-04-17,09:32:25,400,IH1704,CCFX,2344.2,2340.4,2345.0,468,328968060,15348,15690,2585.8,2115.8,2350.8,2349.8,0.0,2343.8,0.0,0,0,2017-04-17,34345400,2343.6,2,0,0,0,0,0,0,0,0,2344.8,3,0,0,0,0,0,0,0,0
270,2017-04-17,09:32:25,900,IH1704,CCFX,2344.2,2340.4,2345.0,468,328968060,15348,15690,2585.8,2115.8,2350.8,2349.8,0.0,2343.8,0.0,0,0,2017-04-17,34345900,2344.6,1,0,0,0,0,0,0,0,0,2344.8,3,0,0,0,0,0,0,0,0
271,2017-04-17,09:32:26,400,IH1704,CCFX,2344.6,2340.4,2345.0,469,329671440,15347,15690,2585.8,2115.8,2350.8,2349.8,0.0,2343.8,0.0,0,0,2017-04-17,34346400,2343.8,1,0,0,0,0,0,0,0,0,2344.6,5,0,0,0,0,0,0,0,0
272,2017-04-17,09:32:26,900,IH1704,CCFX,2344.6,2340.4,2345.0,469,329671440,15347,15690,2585.8,2115.8,2350.8,2349.8,0.0,2343.8,0.0,0,0,2017-04-17,34346900,2344.0,2,0,0,0,0,0,0,0,0,2344.6,3,0,0,0,0,0,0,0,0
273,2017-04-17,09:32:28,400,IH1704,CCFX,2344.6,2340.4,2345.0,469,329671440,15347,15690,2585.8,2115.8,2350.8,2349.8,0.0,2343.8,0.0,0,0,2017-04-17,34348400,2344.0,2,0,0,0,0,0,0,0,0,2344.6,2,0,0,0,0,0,0,0,0
274,2017-04-17,09:32:28,900,IH1704,CCFX,2344.6,2340.4,2345.0,469,329671440,15347,15690,2585.8,2115.8,2350.8,2349.8,0.0,2343.8,0.0,0,0,2017-04-17,34348900,2344.0,2,0,0,0,0,0,0,0,0,2344.6,2,0,0,0,0,0,0,0,0
275,2017-04-17,09:32:29,400,IH1704,CCFX,2344.6,2340.4,2345.0,469,329671440,15347,15690,2585.8,2115.8,2350.8,2349.8,0.0,2343.8,0.0,0,0,2017-04-17,34349400,2344.0,2,0,0,0,0,0,0,0,0,2344.6,2,0,0,0,0,0,0,0,0
276,2017-04-17,09:32:30,400,IH1704,CCFX,2344.0,2340.4,2345.0,470,330374640,15346,15690,2585.8,2115.8,2350.8,2349.8,0.0,2343.8,0.0,0,0,2017-04-17,34350400,2344.0,1,0,0,0,0,0,0,0,0,2344.6,3,0,0,0,0,0,0,0,0
277,2017-04-17,09:32:30,900,IH1704,CCFX,2344.0,2340.4,2345.0,470,330374640,15346,15690,2585.8,2115.8,2350.8,2349.8,0.0,2343.8,0.0,0,0,2017-04-17,34350900,2344.2,1,0,0,0,0,0,0,0,0,2344.4,1,0,0,0,0,0,0,0,0
278,2017-04-17,09:32:31,400,IH1704,CCFX,2344.0,2340.4,2345.0,474,333187740,15345,15690,2585.8,2115.8,2350.8,2349.8,0.0,2343.8,0.0,0,0,2017-04-17,34351400,2343.8,1,0,0,0,0,0,0,0,0,2344.4,2,0,0,0,0,0,0,0,0
279,2017-04-17,09:32:31,900,IH1704,CCFX,2344.0,2340.4,2345.0,474,333187740,15345,15690,2585.8,2115.8,2350.8,2349.8,0.0,2343.8,0.0,0,0,2017-04-17,34351900,2343.8,1,0,0,0,0,0,0,0,0,2344.2,1,0,0,0,0,0,0,0,0
280,2017-04-17,09:32:32,400,IH1704,CCFX,2344.0,2340.4,2345.0,474,333187740,15345,15690,2585.8,2115.8,2350.8,2349.8,0.0,2343.8,0.0,0,0,2017-04-17,34352400,2343.8,1,0,0,0,0,0,0,0,0,2344.2,1,0,0,0,0,0,0,0,0
281,2017-04-17,09:32:33,400,IH1704,CCFX,2343.8,2340.4,2345.0,475,333890880,15345,15690,2585.8,2115.8,2350.8,2349.8,0.0,2343.8,0.0,0,0,2017-04-17,34353400,2343.6,1,0,0,0,0,0,0,0,0,2343.8,1,0,0,0,0,0,0,0,0
282,2017-04-17,09:32:33,900,IH1704,CCFX,2344.0,2340.4,2345.0,477,335297220,15344,15690,2585.8,2115.8,2350.8,2349.8,0.0,2343.8,0.0,0,0,2017-04-17,34353900,2343.8,1,0,0,0,0,0,0,0,0,2344.2,1,0,0,0,0,0,0,0,0
283,2017-04-17,09:32:34,400,IH1704,CCFX,2344.6,2340.4,2345.0,482,338813640,15341,15690,2585.8,2115.8,2350.8,2349.8,0.0,2343.8,0.0,0,0,2017-04-17,34354400,2343.8,2,0,0,0,0,0,0,0,0,2344.0,2,0,0,0,0,0,0,0,0
284,2017-04-17,09:32:34,900,IH1704,CCFX,2344.6,2340.4,2345.0,482,338813640,15341,15690,2585.8,2115.8,2350.8,2349.8,0.0,2343.8,0.0,0,0,2017-04-17,34354900,2343.6,1,0,0,0,0,0,0,0,0,2343.8,3,0,0,0,0,0,0,0,0
285,2017-04-17,09:32:35,400,IH1704,CCFX,2344.6,2340.4,2345.0,483,339517020,15341,15690,2585.8,2115.8,2350.8,2349.8,0.0,2343.8,0.0,0,0,2017-04-17,34355400,2343.6,1,0,0,0,0,0,0,0,0,2343.8,2,0,0,0,0,0,0,0,0
286,2017-04-17,09:32:35,900,IH1704,CCFX,2343.6,2340.4,2345.0,485,340923180,15340,15690,2585.8,2115.8,2350.8,2349.8,0.0,2343.8,0.0,0,0,2017-04-17,34355900,2343.2,1,0,0,0,0,0,0,0,0,2343.8,4,0,0,0,0,0,0,0,0
287,2017-04-17,09:32:36,400,IH1704,CCFX,2343.8,2340.4,2345.0,489,343735740,15338,15690,2585.8,2115.8,2350.8,2349.8,0.0,2343.8,0.0,0,0,2017-04-17,34356400,2343.4,1,0,0,0,0,0,0,0,0,2343.6,1,0,0,0,0,0,0,0,0
288,2017-04-17,09:32:36,900,IH1704,CCFX,2343.6,2340.4,2345.0,491,345141900,15337,15690,2585.8,2115.8,2350.8,2349.8,0.0,2343.8,0.0,0,0,2017-04-17,34356900,2343.8,3,0,0,0,0,0,0,0,0,2344.0,6,0,0,0,0,0,0,0,0
289,2017-04-17,09:32:37,400,IH1704,CCFX,2343.6,2340.4,2345.0,493,346548060,15335,15690,2585.8,2115.8,2350.8,2349.8,0.0,2343.8,0.0,0,0,2017-04-17,34357400,2343.8,1,0,0,0,0,0,0,0,0,2344.0,6,0,0,0,0,0,0,0,0
290,2017-04-17,09:32:37,900,IH1704,CCFX,2343.6,2340.4,2345.0,497,349360680,15332,15690,2585.8,2115.8,2350.8,2349.8,0.0,2343.8,0.0,0,0,2017-04-17,34357900,2343.4,3,0,0,0,0,0,0,0,0,2344.0,4,0,0,0,0,0,0,0,0
291,2017-04-17,09:32:38,400,IH1704,CCFX,2343.6,2340.4,2345.0,497,349360680,15332,15690,2585.8,2115.8,2350.8,2349.8,0.0,2343.8,0.0,0,0,2017-04-17,34358400,2343.4,3,0,0,0,0,0,0,0,0,2343.6,2,0,0,0,0,0,0,0,0
292,2017-04-17,09:32:38,900,IH1704,CCFX,2343.6,2340.4,2345.0,499,350766840,15331,15690,2585.8,2115.8,2350.8,2349.8,0.0,2343.8,0.0,0,0,2017-04-17,34358900,2343.6,3,0,0,0,0,0,0,0,0,2343.8,1,0,0,0,0,0,0,0,0
293,2017-04-17,09:32:39,400,IH1704,CCFX,2343.6,2340.4,2345.0,499,350766840,15331,15690,2585.8,2115.8,2350.8,2349.8,0.0,2343.8,0.0,0,0,2017-04-17,34359400,2343.6,1,0,0,0,0,0,0,0,0,2343.8,3,0,0,0,0,0,0,0,0
294,2017-04-17,09:32:39,900,IH1704,CCFX,2343.8,2340.4,2345.0,504,354282540,15326,15690,2585.8,2115.8,2350.8,2349.8,0.0,2343.8,0.0,0,0,2017-04-17,34359900,2343.4,4,0,0,0,0,0,0,0,0,2344.0,4,0,0,0,0,0,0,0,0
295,2017-04-17,09:32:40,400,IH1704,CCFX,2344.0,2340.4,2345.0,508,357095220,15322,15690,2585.8,2115.8,2350.8,2349.8,0.0,2343.8,0.0,0,0,2017-04-17,34360400,2343.4,4,0,0,0,0,0,0,0,0,2344.0,2,0,0,0,0,0,0,0,0
296,2017-04-17,09:32:40,900,IH1704,CCFX,2343.8,2340.4,2345.0,510,358501500,15320,15690,2585.8,2115.8,2350.8,2349.8,0.0,2343.8,0.0,0,0,2017-04-17,34360900,2343.4,2,0,0,0,0,0,0,0,0,2344.0,2,0,0,0,0,0,0,0,0
297,2017-04-17,09:32:41,400,IH1704,CCFX,2343.8,2340.4,2345.0,510,358501500,15320,15690,2585.8,2115.8,2350.8,2349.8,0.0,2343.8,0.0,0,0,2017-04-17,34361400,2343.4,2,0,0,0,0,0,0,0,0,2343.6,2,0,0,0,0,0,0,0,0
298,2017-04-17,09:32:41,900,IH1704,CCFX,2343.4,2340.4,2345.0,515,362016780,15316,15690,2585.8,2115.8,2350.8,2349.8,0.0,2343.8,0.0,0,0,2017-04-17,34361900,2343.2,1,0,0,0,0,0,0,0,0,2343.6,1,0,0,0,0,0,0,0,0
299,2017-04-17,09:32:42,900,IH1704,CCFX,2343.4,2340.4,2345.0,515,362016780,15316,15690,2585.8,2115.8,2350.8,2349.8,0.0,2343.8,0.0,0,0,2017-04-17,34362900,2343.4,1,0,0,0,0,0,0,0,0,2343.6,1,0,0,0,0,0,0,0,0
300,2017-04-17,09:32:43,400,IH1704,CCFX,2344.0,2340.4,2345.0,518,364126260,15313,15690,2585.8,2115.8,2350.8,2349.8,0.0,2343.8,0.0,0,0,2017-04-17,34363400,2344.0,1,0,0,0,0,0,0,0,0,2344.2,1,0,0,0,0,0,0,0,0
301,2017-04-17,09:32:43,900,IH1704,CCFX,2344.0,2340.4,2345.0,519,364829460,15313,15690,2585.8,2115.8,2350.8,2349.8,0.0,2343.8,0.0,0,0,2017-04-17,34363900,2343.4,1,0,0,0,0,0,0,0,0,2343.6,2,0,0,0,0,0,0,0,0
302,2017-04-17,09:32:44,400,IH1704,CCFX,2343.6,2340.4,2345.0,520,365532540,15312,15690,2585.8,2115.8,2350.8,2349.8,0.0,2343.8,0.0,0,0,2017-04-17,34364400,2343.4,1,0,0,0,0,0,0,0,0,2343.6,3,0,0,0,0,0,0,0,0
303,2017-04-17,09:32:44,900,IH1704,CCFX,2343.6,2340.4,2345.0,521,366235620,15312,15690,2585.8,2115.8,2350.8,2349.8,0.0,2343.8,0.0,0,0,2017-04-17,34364900,2343.4,1,0,0,0,0,0,0,0,0,2343.6,2,0,0,0,0,0,0,0,0
304,2017-04-17,09:32:45,400,IH1704,CCFX,2343.4,2340.4,2345.0,522,366938640,15312,15690,2585.8,2115.8,2350.8,2349.8,0.0,2343.8,0.0,0,0,2017-04-17,34365400,2343.2,1,0,0,0,0,0,0,0,0,2343.4,1,0,0,0,0,0,0,0,0
305,2017-04-17,09:32:45,900,IH1704,CCFX,2343.6,2340.4,2345.0,524,368344740,15311,15690,2585.8,2115.8,2350.8,2349.8,0.0,2343.8,0.0,0,0,2017-04-17,34365900,2343.4,1,0,0,0,0,0,0,0,0,2343.6,1,0,0,0,0,0,0,0,0
306,2017-04-17,09:32:46,400,IH1704,CCFX,2343.6,2340.4,2345.0,529,371860500,15308,15690,2585.8,2115.8,2350.8,2349.8,0.0,2343.8,0.0,0,0,2017-04-17,34366400,2343.4,1,0,0,0,0,0,0,0,0,2344.2,1,0,0,0,0,0,0,0,0
307,2017-04-17,09:32:47,400,IH1704,CCFX,2343.6,2340.4,2345.0,529,371860500,15308,15690,2585.8,2115.8,2350.8,2349.8,0.0,2343.8,0.0,0,0,2017-04-17,34367400,2343.4,1,0,0,0,0,0,0,0,0,2344.2,2,0,0,0,0,0,0,0,0
308,2017-04-17,09:32:47,900,IH1704,CCFX,2343.6,2340.4,2345.0,529,371860500,15308,15690,2585.8,2115.8,2350.8,2349.8,0.0,2343.8,0.0,0,0,2017-04-17,34367900,2343.4,1,0,0,0,0,0,0,0,0,2344.2,2,0,0,0,0,0,0,0,0
309,2017-04-17,09:32:48,400,IH1704,CCFX,2343.6,2340.4,2345.0,529,371860500,15308,15690,2585.8,2115.8,2350.8,2349.8,0.0,2343.8,0.0,0,0,2017-04-17,34368400,2343.6,1,0,0,0,0,0,0,0,0,2344.2,2,0,0,0,0,0,0,0,0
310,2017-04-17,09:32:48,900,IH1704,CCFX,2343.6,2340.4,2345.0,529,371860500,15308,15690,2585.8,2115.8,2350.8,2349.8,0.0,2343.8,0.0,0,0,2017-04-17,34368900,2343.8,1,0,0,0,0,0,0,0,0,2344.2,2,0,0,0,0,0,0,0,0
311,2017-04-17,09:32:49,400,IH1704,CCFX,2343.6,2340.4,2345.0,529,371860500,15308,15690,2585.8,2115.8,2350.8,2349.8,0.0,2343.8,0.0,0,0,2017-04-17,34369400,2343.8,1,0,0,0,0,0,0,0,0,2344.2,2,0,0,0,0,0,0,0,0
312,2017-04-17,09:32:50,400,IH1704,CCFX,2343.6,2340.4,2345.0,529,371860500,15308,15690,2585.8,2115.8,2350.8,2349.8,0.0,2343.8,0.0,0,0,2017-04-17,34370400,2343.8,1,0,0,0,0,0,0,0,0,2344.2,2,0,0,0,0,0,0,0,0
313,2017-04-17,09:32:50,900,IH1704,CCFX,2343.6,2340.4,2345.0,529,371860500,15308,15690,2585.8,2115.8,2350.8,2349.8,0.0,2343.8,0.0,0,0,2017-04-17,34370900,2343.8,1,0,0,0,0,0,0,0,0,2344.2,2,0,0,0,0,0,0,0,0
314,2017-04-17,09:32:51,400,IH1704,CCFX,2343.6,2340.4,2345.0,529,371860500,15308,15690,2585.8,2115.8,2350.8,2349.8,0.0,2343.8,0.0,0,0,2017-04-17,34371400,2343.8,1,0,0,0,0,0,0,0,0,2344.0,1,0,0,0,0,0,0,0,0
315,2017-04-17,09:32:51,900,IH1704,CCFX,2343.8,2340.4,2345.0,534,375376620,15304,15690,2585.8,2115.8,2350.8,2349.8,0.0,2343.8,0.0,0,0,2017-04-17,34371900,2343.6,2,0,0,0,0,0,0,0,0,2344.8,8,0,0,0,0,0,0,0,0
316,2017-04-17,09:32:52,400,IH1704,CCFX,2344.0,2340.4,2345.0,535,376079820,15303,15690,2585.8,2115.8,2350.8,2349.8,0.0,2343.8,0.0,0,0,2017-04-17,34372400,2343.6,2,0,0,0,0,0,0,0,0,2344.0,1,0,0,0,0,0,0,0,0
317,2017-04-17,09:32:53,900,IH1704,CCFX,2344.0,2340.4,2345.0,535,376079820,15303,15690,2585.8,2115.8,2350.8,2349.8,0.0,2343.8,0.0,0,0,2017-04-17,34373900,2343.6,2,0,0,0,0,0,0,0,0,2344.0,2,0,0,0,0,0,0,0,0
318,2017-04-17,09:32:54,400,IH1704,CCFX,2344.0,2340.4,2345.0,536,376783020,15302,15690,2585.8,2115.8,2350.8,2349.8,0.0,2343.8,0.0,0,0,2017-04-17,34374400,2343.6,2,0,0,0,0,0,0,0,0,2344.0,1,0,0,0,0,0,0,0,0
319,2017-04-17,09:32:54,900,IH1704,CCFX,2344.0,2340.4,2345.0,537,377486220,15302,15690,2585.8,2115.8,2350.8,2349.8,0.0,2343.8,0.0,0,0,2017-04-17,34374900,2343.6,2,0,0,0,0,0,0,0,0,2344.6,3,0,0,0,0,0,0,0,0
320,2017-04-17,09:32:55,900,IH1704,CCFX,2344.0,2340.4,2345.0,537,377486220,15302,15690,2585.8,2115.8,2350.8,2349.8,0.0,2343.8,0.0,0,0,2017-04-17,34375900,2343.6,2,0,0,0,0,0,0,0,0,2344.6,3,0,0,0,0,0,0,0,0
321,2017-04-17,09:32:56,400,IH1704,CCFX,2344.0,2340.4,2345.0,537,377486220,15302,15690,2585.8,2115.8,2350.8,2349.8,0.0,2343.8,0.0,0,0,2017-04-17,34376400,2343.8,1,0,0,0,0,0,0,0,0,2344.6,2,0,0,0,0,0,0,0,0
322,2017-04-17,09:32:56,900,IH1704,CCFX,2344.0,2340.4,2345.0,537,377486220,15302,15690,2585.8,2115.8,2350.8,2349.8,0.0,2343.8,0.0,0,0,2017-04-17,34376900,2343.8,1,0,0,0,0,0,0,0,0,2344.6,1,0,0,0,0,0,0,0,0
323,2017-04-17,09:32:57,400,IH1704,CCFX,2344.0,2340.4,2345.0,537,377486220,15302,15690,2585.8,2115.8,2350.8,2349.8,0.0,2343.8,0.0,0,0,2017-04-17,34377400,2343.8,1,0,0,0,0,0,0,0,0,2344.0,1,0,0,0,0,0,0,0,0
324,2017-04-17,09:32:57,900,IH1704,CCFX,2344.0,2340.4,2345.0,538,378189420,15301,15690,2585.8,2115.8,2350.8,2349.8,0.0,2343.8,0.0,0,0,2017-04-17,34377900,2343.8,1,0,0,0,0,0,0,0,0,2344.6,1,0,0,0,0,0,0,0,0
325,2017-04-17,09:32:58,400,IH1704,CCFX,2343.8,2340.4,2345.0,539,378892560,15300,15690,2585.8,2115.8,2350.8,2349.8,0.0,2343.8,0.0,0,0,2017-04-17,34378400,2343.6,2,0,0,0,0,0,0,0,0,2344.4,1,0,0,0,0,0,0,0,0
326,2017-04-17,09:32:59,900,IH1704,CCFX,2343.8,2340.4,2345.0,539,378892560,15300,15690,2585.8,2115.8,2350.8,2349.8,0.0,2343.8,0.0,0,0,2017-04-17,34379900,2343.6,2,0,0,0,0,0,0,0,0,2344.4,1,0,0,0,0,0,0,0,0
327,2017-04-17,09:33:00,400,IH1704,CCFX,2343.6,2340.4,2345.0,540,379595640,15299,15690,2585.8,2115.8,2350.8,2349.8,0.0,2343.8,0.0,0,0,2017-04-17,34380400,2343.6,1,0,0,0,0,0,0,0,0,2344.0,1,0,0,0,0,0,0,0,0
328,2017-04-17,09:33:00,900,IH1704,CCFX,2343.0,2340.4,2345.0,545,383110620,15294,15690,2585.8,2115.8,2350.8,2349.8,0.0,2343.8,0.0,0,0,2017-04-17,34380900,2342.8,2,0,0,0,0,0,0,0,0,2344.0,1,0,0,0,0,0,0,0,0
329,2017-04-17,09:33:01,400,IH1704,CCFX,2343.0,2340.4,2345.0,547,384516420,15292,15690,2585.8,2115.8,2350.8,2349.8,0.0,2343.8,0.0,0,0,2017-04-17,34381400,2343.0,2,0,0,0,0,0,0,0,0,2344.0,1,0,0,0,0,0,0,0,0
330,2017-04-17,09:33:01,900,IH1704,CCFX,2343.0,2340.4,2345.0,547,384516420,15292,15690,2585.8,2115.8,2350.8,2349.8,0.0,2343.8,0.0,0,0,2017-04-17,34381900,2343.0,2,0,0,0,0,0,0,0,0,2343.8,1,0,0,0,0,0,0,0,0
331,2017-04-17,09:33:02,400,IH1704,CCFX,2343.8,2340.4,2345.0,548,385219560,15292,15690,2585.8,2115.8,2350.8,2349.8,0.0,2343.8,0.0,0,0,2017-04-17,34382400,2343.6,1,0,0,0,0,0,0,0,0,2344.0,1,0,0,0,0,0,0,0,0
332,2017-04-17,09:33:02,900,IH1704,CCFX,2343.8,2340.4,2345.0,548,385219560,15292,15690,2585.8,2115.8,2350.8,2349.8,0.0,2343.8,0.0,0,0,2017-04-17,34382900,2343.2,4,0,0,0,0,0,0,0,0,2343.8,2,0,0,0,0,0,0,0,0
333,2017-04-17,09:33:03,400,IH1704,CCFX,2344.0,2340.4,2345.0,551,387329040,15292,15690,2585.8,2115.8,2350.8,2349.8,0.0,2343.8,0.0,0,0,2017-04-17,34383400,2344.2,1,0,0,0,0,0,0,0,0,2344.4,1,0,0,0,0,0,0,0,0
334,2017-04-17,09:33:03,900,IH1704,CCFX,2344.2,2340.4,2345.0,552,388032300,15292,15690,2585.8,2115.8,2350.8,2349.8,0.0,2343.8,0.0,0,0,2017-04-17,34383900,2343.8,1,0,0,0,0,0,0,0,0,2344.0,1,0,0,0,0,0,0,0,0
335,2017-04-17,09:33:04,400,IH1704,CCFX,2343.8,2340.4,2345.0,554,389438700,15294,15690,2585.8,2115.8,2350.8,2349.8,0.0,2343.8,0.0,0,0,2017-04-17,34384400,2343.2,4,0,0,0,0,0,0,0,0,2344.2,2,0,0,0,0,0,0,0,0
336,2017-04-17,09:33:06,400,IH1704,CCFX,2343.8,2340.4,2345.0,554,389438700,15294,15690,2585.8,2115.8,2350.8,2349.8,0.0,2343.8,0.0,0,0,2017-04-17,34386400,2343.2,4,0,0,0,0,0,0,0,0,2344.0,2,0,0,0,0,0,0,0,0
337,2017-04-17,09:33:06,900,IH1704,CCFX,2343.8,2340.4,2345.0,554,389438700,15294,15690,2585.8,2115.8,2350.8,2349.8,0.0,2343.8,0.0,0,0,2017-04-17,34386900,2343.2,2,0,0,0,0,0,0,0,0,2343.8,3,0,0,0,0,0,0,0,0
338,2017-04-17,09:33:07,400,IH1704,CCFX,2343.8,2340.4,2345.0,555,390141840,15293,15690,2585.8,2115.8,2350.8,2349.8,0.0,2343.8,0.0,0,0,2017-04-17,34387400,2343.2,2,0,0,0,0,0,0,0,0,2343.6,1,0,0,0,0,0,0,0,0
339,2017-04-17,09:33:07,900,IH1704,CCFX,2343.6,2340.4,2345.0,558,392250960,15292,15690,2585.8,2115.8,2350.8,2349.8,0.0,2343.8,0.0,0,0,2017-04-17,34387900,2343.2,1,0,0,0,0,0,0,0,0,2343.6,1,0,0,0,0,0,0,0,0
340,2017-04-17,09:33:08,400,IH1704,CCFX,2343.6,2340.4,2345.0,558,392250960,15292,15690,2585.8,2115.8,2350.8,2349.8,0.0,2343.8,0.0,0,0,2017-04-17,34388400,2343.2,1,0,0,0,0,0,0,0,0,2343.6,1,0,0,0,0,0,0,0,0
341,2017-04-17,09:33:08,900,IH1704,CCFX,2343.6,2340.4,2345.0,559,392954040,15291,15690,2585.8,2115.8,2350.8,2349.8,0.0,2343.8,0.0,0,0,2017-04-17,34388900,2343.2,1,0,0,0,0,0,0,0,0,2343.6,2,0,0,0,0,0,0,0,0
342,2017-04-17,09:33:09,400,IH1704,CCFX,2343.4,2340.4,2345.0,561,394360020,15290,15690,2585.8,2115.8,2350.8,2349.8,0.0,2343.8,0.0,0,0,2017-04-17,34389400,2343.0,2,0,0,0,0,0,0,0,0,2343.4,1,0,0,0,0,0,0,0,0
343,2017-04-17,09:33:09,900,IH1704,CCFX,2343.4,2340.4,2345.0,561,394360020,15290,15690,2585.8,2115.8,2350.8,2349.8,0.0,2343.8,0.0,0,0,2017-04-17,34389900,2343.0,3,0,0,0,0,0,0,0,0,2343.4,3,0,0,0,0,0,0,0,0
344,2017-04-17,09:33:10,400,IH1704,CCFX,2343.4,2340.4,2345.0,563,395765940,15290,15690,2585.8,2115.8,2350.8,2349.8,0.0,2343.8,0.0,0,0,2017-04-17,34390400,2343.0,2,0,0,0,0,0,0,0,0,2343.4,2,0,0,0,0,0,0,0,0
345,2017-04-17,09:33:10,900,IH1704,CCFX,2343.2,2340.4,2345.0,566,397874700,15288,15690,2585.8,2115.8,2350.8,2349.8,0.0,2343.8,0.0,0,0,2017-04-17,34390900,2342.8,2,0,0,0,0,0,0,0,0,2343.2,1,0,0,0,0,0,0,0,0
346,2017-04-17,09:33:11,400,IH1704,CCFX,2343.2,2340.4,2345.0,567,398577660,15288,15690,2585.8,2115.8,2350.8,2349.8,0.0,2343.8,0.0,0,0,2017-04-17,34391400,2342.8,2,0,0,0,0,0,0,0,0,2343.4,2,0,0,0,0,0,0,0,0
347,2017-04-17,09:33:11,900,IH1704,CCFX,2343.2,2340.4,2345.0,568,399280620,15287,15690,2585.8,2115.8,2350.8,2349.8,0.0,2343.8,0.0,0,0,2017-04-17,34391900,2342.8,2,0,0,0,0,0,0,0,0,2343.0,1,0,0,0,0,0,0,0,0
348,2017-04-17,09:33:12,400,IH1704,CCFX,2343.2,2340.4,2345.0,568,399280620,15287,15690,2585.8,2115.8,2350.8,2349.8,0.0,2343.8,0.0,0,0,2017-04-17,34392400,2342.8,2,0,0,0,0,0,0,0,0,2343.0,3,0,0,0,0,0,0,0,0
349,2017-04-17,09:33:12,900,IH1704,CCFX,2343.2,2340.4,2345.0,568,399280620,15287,15690,2585.8,2115.8,2350.8,2349.8,0.0,2343.8,0.0,0,0,2017-04-17,34392900,2342.8,2,0,0,0,0,0,0,0,0,2343.0,5,0,0,0,0,0,0,0,0
350,2017-04-17,09:33:13,400,IH1704,CCFX,2342.8,2340.4,2345.0,572,402092100,15284,15690,2585.8,2115.8,2350.8,2349.8,0.0,2343.8,0.0,0,0,2017-04-17,34393400,2342.6,2,0,0,0,0,0,0,0,0,2343.0,3,0,0,0,0,0,0,0,0
351,2017-04-17,09:33:14,400,IH1704,CCFX,2342.8,2340.4,2345.0,572,402092100,15284,15690,2585.8,2115.8,2350.8,2349.8,0.0,2343.8,0.0,0,0,2017-04-17,34394400,2342.6,2,0,0,0,0,0,0,0,0,2342.8,2,0,0,0,0,0,0,0,0
352,2017-04-17,09:33:14,900,IH1704,CCFX,2342.8,2340.4,2345.0,573,402794940,15284,15690,2585.8,2115.8,2350.8,2349.8,0.0,2343.8,0.0,0,0,2017-04-17,34394900,2342.6,2,0,0,0,0,0,0,0,0,2342.8,1,0,0,0,0,0,0,0,0
353,2017-04-17,09:33:15,400,IH1704,CCFX,2342.8,2340.4,2345.0,574,403497780,15283,15690,2585.8,2115.8,2350.8,2349.8,0.0,2343.8,0.0,0,0,2017-04-17,34395400,2342.6,2,0,0,0,0,0,0,0,0,2343.0,3,0,0,0,0,0,0,0,0
354,2017-04-17,09:33:15,900,IH1704,CCFX,2342.6,2340.4,2345.0,575,404200560,15282,15690,2585.8,2115.8,2350.8,2349.8,0.0,2343.8,0.0,0,0,2017-04-17,34395900,2342.6,1,0,0,0,0,0,0,0,0,2343.0,3,0,0,0,0,0,0,0,0
355,2017-04-17,09:33:16,400,IH1704,CCFX,2342.8,2340.4,2345.0,577,405606180,15281,15690,2585.8,2115.8,2350.8,2349.8,0.0,2343.8,0.0,0,0,2017-04-17,34396400,2342.4,2,0,0,0,0,0,0,0,0,2342.8,3,0,0,0,0,0,0,0,0
356,2017-04-17,09:33:16,900,IH1704,CCFX,2342.8,2340.4,2345.0,577,405606180,15281,15690,2585.8,2115.8,2350.8,2349.8,0.0,2343.8,0.0,0,0,2017-04-17,34396900,2342.4,2,0,0,0,0,0,0,0,0,2342.8,2,0,0,0,0,0,0,0,0
357,2017-04-17,09:33:17,400,IH1704,CCFX,2342.6,2340.4,2345.0,579,407011680,15279,15690,2585.8,2115.8,2350.8,2349.8,0.0,2343.8,0.0,0,0,2017-04-17,34397400,2342.4,1,0,0,0,0,0,0,0,0,2342.6,2,0,0,0,0,0,0,0,0
358,2017-04-17,09:33:17,900,IH1704,CCFX,2342.6,2340.4,2345.0,580,407714460,15279,15690,2585.8,2115.8,2350.8,2349.8,0.0,2343.8,0.0,0,0,2017-04-17,34397900,2342.4,1,0,0,0,0,0,0,0,0,2342.6,1,0,0,0,0,0,0,0,0
359,2017-04-17,09:33:18,400,IH1704,CCFX,2342.6,2340.4,2345.0,582,409119960,15277,15690,2585.8,2115.8,2350.8,2349.8,0.0,2343.8,0.0,0,0,2017-04-17,34398400,2342.0,3,0,0,0,0,0,0,0,0,2342.4,2,0,0,0,0,0,0,0,0
360,2017-04-17,09:33:18,900,IH1704,CCFX,2342.6,2340.4,2345.0,582,409119960,15277,15690,2585.8,2115.8,2350.8,2349.8,0.0,2343.8,0.0,0,0,2017-04-17,34398900,2342.0,3,0,0,0,0,0,0,0,0,2342.2,1,0,0,0,0,0,0,0,0
361,2017-04-17,09:33:19,400,IH1704,CCFX,2342.2,2340.4,2345.0,584,410525220,15275,15690,2585.8,2115.8,2350.8,2349.8,0.0,2343.8,0.0,0,0,2017-04-17,34399400,2342.0,2,0,0,0,0,0,0,0,0,2342.4,2,0,0,0,0,0,0,0,0
362,2017-04-17,09:33:19,900,IH1704,CCFX,2342.2,2340.4,2345.0,585,411227880,15275,15690,2585.8,2115.8,2350.8,2349.8,0.0,2343.8,0.0,0,0,2017-04-17,34399900,2342.0,2,0,0,0,0,0,0,0,0,2342.2,2,0,0,0,0,0,0,0,0
363,2017-04-17,09:33:20,400,IH1704,CCFX,2342.8,2340.4,2345.0,590,414741660,15275,15690,2585.8,2115.8,2350.8,2349.8,0.0,2343.8,0.0,0,0,2017-04-17,34400400,2342.0,2,0,0,0,0,0,0,0,0,2342.8,1,0,0,0,0,0,0,0,0
364,2017-04-17,09:33:20,900,IH1704,CCFX,2342.2,2340.4,2345.0,591,415444320,15274,15690,2585.8,2115.8,2350.8,2349.8,0.0,2343.8,0.0,0,0,2017-04-17,34400900,2342.0,2,0,0,0,0,0,0,0,0,2342.2,2,0,0,0,0,0,0,0,0
365,2017-04-17,09:33:21,400,IH1704,CCFX,2342.2,2340.4,2345.0,592,416146980,15273,15690,2585.8,2115.8,2350.8,2349.8,0.0,2343.8,0.0,0,0,2017-04-17,34401400,2342.0,2,0,0,0,0,0,0,0,0,2342.2,1,0,0,0,0,0,0,0,0
366,2017-04-17,09:33:21,900,IH1704,CCFX,2342.2,2340.4,2345.0,593,416849640,15272,15690,2585.8,2115.8,2350.8,2349.8,0.0,2343.8,0.0,0,0,2017-04-17,34401900,2342.0,2,0,0,0,0,0,0,0,0,2342.6,3,0,0,0,0,0,0,0,0
367,2017-04-17,09:33:22,400,IH1704,CCFX,2342.0,2340.4,2345.0,595,418254840,15270,15690,2585.8,2115.8,2350.8,2349.8,0.0,2343.8,0.0,0,0,2017-04-17,34402400,2342.0,1,0,0,0,0,0,0,0,0,2342.6,3,0,0,0,0,0,0,0,0
368,2017-04-17,09:33:22,900,IH1704,CCFX,2342.6,2340.4,2345.0,596,418957620,15270,15690,2585.8,2115.8,2350.8,2349.8,0.0,2343.8,0.0,0,0,2017-04-17,34402900,2342.0,2,0,0,0,0,0,0,0,0,2342.6,2,0,0,0,0,0,0,0,0
369,2017-04-17,09:33:23,400,IH1704,CCFX,2342.6,2340.4,2345.0,596,418957620,15270,15690,2585.8,2115.8,2350.8,2349.8,0.0,2343.8,0.0,0,0,2017-04-17,34403400,2342.0,3,0,0,0,0,0,0,0,0,2342.2,2,0,0,0,0,0,0,0,0
370,2017-04-17,09:33:24,400,IH1704,CCFX,2342.2,2340.4,2345.0,600,421768140,15267,15690,2585.8,2115.8,2350.8,2349.8,0.0,2343.8,0.0,0,0,2017-04-17,34404400,2342.0,1,0,0,0,0,0,0,0,0,2342.6,2,0,0,0,0,0,0,0,0
371,2017-04-17,09:33:24,900,IH1704,CCFX,2342.0,2340.4,2345.0,602,423173400,15265,15690,2585.8,2115.8,2350.8,2349.8,0.0,2343.8,0.0,0,0,2017-04-17,34404900,2341.4,2,0,0,0,0,0,0,0,0,2342.6,2,0,0,0,0,0,0,0,0
372,2017-04-17,09:33:25,400,IH1704,CCFX,2342.0,2340.4,2345.0,602,423173400,15265,15690,2585.8,2115.8,2350.8,2349.8,0.0,2343.8,0.0,0,0,2017-04-17,34405400,2341.6,1,0,0,0,0,0,0,0,0,2342.6,2,0,0,0,0,0,0,0,0
373,2017-04-17,09:33:25,900,IH1704,CCFX,2342.0,2340.4,2345.0,602,423173400,15265,15690,2585.8,2115.8,2350.8,2349.8,0.0,2343.8,0.0,0,0,2017-04-17,34405900,2341.6,2,0,0,0,0,0,0,0,0,2342.6,2,0,0,0,0,0,0,0,0
374,2017-04-17,09:33:26,400,IH1704,CCFX,2342.0,2340.4,2345.0,602,423173400,15265,15690,2585.8,2115.8,2350.8,2349.8,0.0,2343.8,0.0,0,0,2017-04-17,34406400,2342.2,1,0,0,0,0,0,0,0,0,2342.6,2,0,0,0,0,0,0,0,0
375,2017-04-17,09:33:26,900,IH1704,CCFX,2342.2,2340.4,2345.0,605,425281620,15262,15690,2585.8,2115.8,2350.8,2349.8,0.0,2343.8,0.0,0,0,2017-04-17,34406900,2341.8,1,0,0,0,0,0,0,0,0,2342.8,1,0,0,0,0,0,0,0,0
376,2017-04-17,09:33:27,400,IH1704,CCFX,2342.2,2340.4,2345.0,605,425281620,15262,15690,2585.8,2115.8,2350.8,2349.8,0.0,2343.8,0.0,0,0,2017-04-17,34407400,2341.8,1,0,0,0,0,0,0,0,0,2342.8,1,0,0,0,0,0,0,0,0
377,2017-04-17,09:33:27,900,IH1704,CCFX,2342.2,2340.4,2345.0,605,425281620,15262,15690,2585.8,2115.8,2350.8,2349.8,0.0,2343.8,0.0,0,0,2017-04-17,34407900,2342.0,1,0,0,0,0,0,0,0,0,2342.8,1,0,0,0,0,0,0,0,0
378,2017-04-17,09:33:28,900,IH1704,CCFX,2342.2,2340.4,2345.0,605,425281620,15262,15690,2585.8,2115.8,2350.8,2349.8,0.0,2343.8,0.0,0,0,2017-04-17,34408900,2342.0,1,0,0,0,0,0,0,0,0,2342.4,1,0,0,0,0,0,0,0,0
379,2017-04-17,09:33:29,400,IH1704,CCFX,2342.2,2340.4,2345.0,605,425281620,15262,15690,2585.8,2115.8,2350.8,2349.8,0.0,2343.8,0.0,0,0,2017-04-17,34409400,2342.0,1,0,0,0,0,0,0,0,0,2342.4,2,0,0,0,0,0,0,0,0
380,2017-04-17,09:33:32,400,IH1704,CCFX,2342.2,2340.4,2345.0,605,425281620,15262,15690,2585.8,2115.8,2350.8,2349.8,0.0,2343.8,0.0,0,0,2017-04-17,34412400,2342.0,1,0,0,0,0,0,0,0,0,2342.4,2,0,0,0,0,0,0,0,0
381,2017-04-17,09:33:32,900,IH1704,CCFX,2343.0,2340.4,2345.0,609,428092800,15262,15690,2585.8,2115.8,2350.8,2349.8,0.0,2343.8,0.0,0,0,2017-04-17,34412900,2342.0,1,0,0,0,0,0,0,0,0,2343.0,2,0,0,0,0,0,0,0,0
382,2017-04-17,09:33:33,400,IH1704,CCFX,2343.0,2340.4,2345.0,611,429498600,15261,15690,2585.8,2115.8,2350.8,2349.8,0.0,2343.8,0.0,0,0,2017-04-17,34413400,2343.0,2,0,0,0,0,0,0,0,0,2343.4,2,0,0,0,0,0,0,0,0
383,2017-04-17,09:33:33,900,IH1704,CCFX,2343.2,2340.4,2345.0,613,430904460,15260,15690,2585.8,2115.8,2350.8,2349.8,0.0,2343.8,0.0,0,0,2017-04-17,34413900,2342.4,1,0,0,0,0,0,0,0,0,2342.8,2,0,0,0,0,0,0,0,0
384,2017-04-17,09:33:34,400,IH1704,CCFX,2343.2,2340.4,2345.0,613,430904460,15260,15690,2585.8,2115.8,2350.8,2349.8,0.0,2343.8,0.0,0,0,2017-04-17,34414400,2342.4,1,0,0,0,0,0,0,0,0,2342.8,2,0,0,0,0,0,0,0,0
385,2017-04-17,09:33:34,900,IH1704,CCFX,2343.2,2340.4,2345.0,613,430904460,15260,15690,2585.8,2115.8,2350.8,2349.8,0.0,2343.8,0.0,0,0,2017-04-17,34414900,2342.4,1,0,0,0,0,0,0,0,0,2342.8,2,0,0,0,0,0,0,0,0
386,2017-04-17,09:33:35,400,IH1704,CCFX,2342.6,2340.4,2345.0,615,432310080,15259,15690,2585.8,2115.8,2350.8,2349.8,0.0,2343.8,0.0,0,0,2017-04-17,34415400,2342.4,1,0,0,0,0,0,0,0,0,2342.6,1,0,0,0,0,0,0,0,0
387,2017-04-17,09:33:35,900,IH1704,CCFX,2342.6,2340.4,2345.0,616,433012860,15259,15690,2585.8,2115.8,2350.8,2349.8,0.0,2343.8,0.0,0,0,2017-04-17,34415900,2342.4,1,0,0,0,0,0,0,0,0,2342.8,1,0,0,0,0,0,0,0,0
388,2017-04-17,09:33:36,400,IH1704,CCFX,2342.6,2340.4,2345.0,616,433012860,15259,15690,2585.8,2115.8,2350.8,2349.8,0.0,2343.8,0.0,0,0,2017-04-17,34416400,2342.4,1,0,0,0,0,0,0,0,0,2342.6,2,0,0,0,0,0,0,0,0
389,2017-04-17,09:33:36,900,IH1704,CCFX,2342.6,2340.4,2345.0,618,434418420,15257,15690,2585.8,2115.8,2350.8,2349.8,0.0,2343.8,0.0,0,0,2017-04-17,34416900,2342.4,2,0,0,0,0,0,0,0,0,2342.8,1,0,0,0,0,0,0,0,0
390,2017-04-17,09:33:37,400,IH1704,CCFX,2342.4,2340.4,2345.0,621,436526760,15254,15690,2585.8,2115.8,2350.8,2349.8,0.0,2343.8,0.0,0,0,2017-04-17,34417400,2342.4,1,0,0,0,0,0,0,0,0,2343.0,2,0,0,0,0,0,0,0,0
391,2017-04-17,09:33:37,900,IH1704,CCFX,2342.4,2340.4,2345.0,621,436526760,15254,15690,2585.8,2115.8,2350.8,2349.8,0.0,2343.8,0.0,0,0,2017-04-17,34417900,2342.4,1,0,0,0,0,0,0,0,0,2342.6,2,0,0,0,0,0,0,0,0
392,2017-04-17,09:33:38,400,IH1704,CCFX,2342.4,2340.4,2345.0,624,438635040,15251,15690,2585.8,2115.8,2350.8,2349.8,0.0,2343.8,0.0,0,0,2017-04-17,34418400,2341.8,1,0,0,0,0,0,0,0,0,2342.4,1,0,0,0,0,0,0,0,0
393,2017-04-17,09:33:38,900,IH1704,CCFX,2342.4,2340.4,2345.0,625,439337760,15250,15690,2585.8,2115.8,2350.8,2349.8,0.0,2343.8,0.0,0,0,2017-04-17,34418900,2342.8,1,0,0,0,0,0,0,0,0,2343.0,2,0,0,0,0,0,0,0,0
394,2017-04-17,09:33:39,400,IH1704,CCFX,2343.0,2340.4,2345.0,630,442852140,15245,15690,2585.8,2115.8,2350.8,2349.8,0.0,2343.8,0.0,0,0,2017-04-17,34419400,2342.0,5,0,0,0,0,0,0,0,0,2343.4,2,0,0,0,0,0,0,0,0
395,2017-04-17,09:33:39,900,IH1704,CCFX,2343.0,2340.4,2345.0,630,442852140,15245,15690,2585.8,2115.8,2350.8,2349.8,0.0,2343.8,0.0,0,0,2017-04-17,34419900,2342.2,1,0,0,0,0,0,0,0,0,2343.2,1,0,0,0,0,0,0,0,0
396,2017-04-17,09:33:40,400,IH1704,CCFX,2343.2,2340.4,2345.0,632,444258060,15246,15690,2585.8,2115.8,2350.8,2349.8,0.0,2343.8,0.0,0,0,2017-04-17,34420400,2343.2,1,0,0,0,0,0,0,0,0,2343.4,2,0,0,0,0,0,0,0,0
397,2017-04-17,09:33:40,900,IH1704,CCFX,2343.4,2340.4,2345.0,633,444961080,15246,15690,2585.8,2115.8,2350.8,2349.8,0.0,2343.8,0.0,0,0,2017-04-17,34420900,2343.0,1,0,0,0,0,0,0,0,0,2343.4,1,0,0,0,0,0,0,0,0
398,2017-04-17,09:33:41,400,IH1704,CCFX,2343.4,2340.4,2345.0,633,444961080,15246,15690,2585.8,2115.8,2350.8,2349.8,0.0,2343.8,0.0,0,0,2017-04-17,34421400,2343.2,1,0,0,0,0,0,0,0,0,2343.4,1,0,0,0,0,0,0,0,0
399,2017-04-17,09:33:41,900,IH1704,CCFX,2343.4,2340.4,2345.0,634,445664100,15245,15690,2585.8,2115.8,2350.8,2349.8,0.0,2343.8,0.0,0,0,2017-04-17,34421900,2343.0,1,0,0,0,0,0,0,0,0,2343.6,3,0,0,0,0,0,0,0,0
400,2017-04-17,09:33:42,400,IH1704,CCFX,2343.4,2340.4,2345.0,634,445664100,15245,15690,2585.8,2115.8,2350.8,2349.8,0.0,2343.8,0.0,0,0,2017-04-17,34422400,2343.0,1,0,0,0,0,0,0,0,0,2343.6,3,0,0,0,0,0,0,0,0
401,2017-04-17,09:33:42,900,IH1704,CCFX,2343.4,2340.4,2345.0,634,445664100,15245,15690,2585.8,2115.8,2350.8,2349.8,0.0,2343.8,0.0,0,0,2017-04-17,34422900,2343.0,4,0,0,0,0,0,0,0,0,2343.6,3,0,0,0,0,0,0,0,0
402,2017-04-17,09:33:43,400,IH1704,CCFX,2343.4,2340.4,2345.0,634,445664100,15245,15690,2585.8,2115.8,2350.8,2349.8,0.0,2343.8,0.0,0,0,2017-04-17,34423400,2343.2,1,0,0,0,0,0,0,0,0,2343.6,3,0,0,0,0,0,0,0,0
403,2017-04-17,09:33:45,900,IH1704,CCFX,2343.4,2340.4,2345.0,634,445664100,15245,15690,2585.8,2115.8,2350.8,2349.8,0.0,2343.8,0.0,0,0,2017-04-17,34425900,2343.2,1,0,0,0,0,0,0,0,0,2343.6,3,0,0,0,0,0,0,0,0
404,2017-04-17,09:33:47,400,IH1704,CCFX,2343.6,2340.4,2345.0,635,446367180,15244,15690,2585.8,2115.8,2350.8,2349.8,0.0,2343.8,0.0,0,0,2017-04-17,34427400,2343.2,1,0,0,0,0,0,0,0,0,2343.6,2,0,0,0,0,0,0,0,0
405,2017-04-17,09:33:47,900,IH1704,CCFX,2343.6,2340.4,2345.0,636,447070260,15243,15690,2585.8,2115.8,2350.8,2349.8,0.0,2343.8,0.0,0,0,2017-04-17,34427900,2343.2,1,0,0,0,0,0,0,0,0,2343.6,1,0,0,0,0,0,0,0,0
406,2017-04-17,09:33:48,400,IH1704,CCFX,2343.6,2340.4,2345.0,637,447773340,15242,15690,2585.8,2115.8,2350.8,2349.8,0.0,2343.8,0.0,0,0,2017-04-17,34428400,2343.6,1,0,0,0,0,0,0,0,0,2343.8,5,0,0,0,0,0,0,0,0
407,2017-04-17,09:33:48,900,IH1704,CCFX,2343.8,2340.4,2345.0,640,449882760,15241,15690,2585.8,2115.8,2350.8,2349.8,0.0,2343.8,0.0,0,0,2017-04-17,34428900,2343.6,1,0,0,0,0,0,0,0,0,2343.8,2,0,0,0,0,0,0,0,0
408,2017-04-17,09:33:49,400,IH1704,CCFX,2343.8,2340.4,2345.0,642,451289040,15239,15690,2585.8,2115.8,2350.8,2349.8,0.0,2343.8,0.0,0,0,2017-04-17,34429400,2343.6,1,0,0,0,0,0,0,0,0,2344.0,3,0,0,0,0,0,0,0,0
409,2017-04-17,09:33:50,400,IH1704,CCFX,2343.8,2340.4,2345.0,642,451289040,15239,15690,2585.8,2115.8,2350.8,2349.8,0.0,2343.8,0.0,0,0,2017-04-17,34430400,2343.6,2,0,0,0,0,0,0,0,0,2344.0,3,0,0,0,0,0,0,0,0
410,2017-04-17,09:33:50,900,IH1704,CCFX,2343.8,2340.4,2345.0,642,451289040,15239,15690,2585.8,2115.8,2350.8,2349.8,0.0,2343.8,0.0,0,0,2017-04-17,34430900,2343.6,2,0,0,0,0,0,0,0,0,2343.8,1,0,0,0,0,0,0,0,0
411,2017-04-17,09:33:51,400,IH1704,CCFX,2343.8,2340.4,2345.0,643,451992180,15239,15690,2585.8,2115.8,2350.8,2349.8,0.0,2343.8,0.0,0,0,2017-04-17,34431400,2343.6,2,0,0,0,0,0,0,0,0,2344.0,3,0,0,0,0,0,0,0,0
412,2017-04-17,09:33:52,900,IH1704,CCFX,2344.4,2340.4,2345.0,647,454805100,15235,15690,2585.8,2115.8,2350.8,2349.8,0.0,2343.8,0.0,0,0,2017-04-17,34432900,2343.6,2,0,0,0,0,0,0,0,0,2344.6,1,0,0,0,0,0,0,0,0
413,2017-04-17,09:33:53,400,IH1704,CCFX,2344.4,2340.4,2345.0,647,454805100,15235,15690,2585.8,2115.8,2350.8,2349.8,0.0,2343.8,0.0,0,0,2017-04-17,34433400,2343.8,2,0,0,0,0,0,0,0,0,2344.6,1,0,0,0,0,0,0,0,0
414,2017-04-17,09:33:53,900,IH1704,CCFX,2344.4,2340.4,2345.0,647,454805100,15235,15690,2585.8,2115.8,2350.8,2349.8,0.0,2343.8,0.0,0,0,2017-04-17,34433900,2343.8,2,0,0,0,0,0,0,0,0,2344.6,1,0,0,0,0,0,0,0,0
415,2017-04-17,09:33:54,400,IH1704,CCFX,2344.6,2340.4,2345.0,648,455508480,15234,15690,2585.8,2115.8,2350.8,2349.8,0.0,2343.8,0.0,0,0,2017-04-17,34434400,2344.0,1,0,0,0,0,0,0,0,0,2344.8,8,0,0,0,0,0,0,0,0
416,2017-04-17,09:33:55,900,IH1704,CCFX,2344.6,2340.4,2345.0,648,455508480,15234,15690,2585.8,2115.8,2350.8,2349.8,0.0,2343.8,0.0,0,0,2017-04-17,34435900,2344.0,1,0,0,0,0,0,0,0,0,2344.8,8,0,0,0,0,0,0,0,0
417,2017-04-17,09:33:56,400,IH1704,CCFX,2344.6,2340.4,2345.0,648,455508480,15234,15690,2585.8,2115.8,2350.8,2349.8,0.0,2343.8,0.0,0,0,2017-04-17,34436400,2344.6,1,0,0,0,0,0,0,0,0,2344.8,8,0,0,0,0,0,0,0,0
418,2017-04-17,09:33:56,900,IH1704,CCFX,2344.8,2340.4,2345.0,650,456915360,15235,15690,2585.8,2115.8,2350.8,2349.8,0.0,2343.8,0.0,0,0,2017-04-17,34436900,2344.6,1,0,0,0,0,0,0,0,0,2344.8,6,0,0,0,0,0,0,0,0
419,2017-04-17,09:33:57,400,IH1704,CCFX,2344.8,2340.4,2345.0,654,459729120,15235,15690,2585.8,2115.8,2350.8,2349.8,0.0,2343.8,0.0,0,0,2017-04-17,34437400,2344.6,1,0,0,0,0,0,0,0,0,2344.8,2,0,0,0,0,0,0,0,0
420,2017-04-17,09:33:57,900,IH1704,CCFX,2344.8,2340.4,2345.0,656,461136000,15235,15690,2585.8,2115.8,2350.8,2349.8,0.0,2343.8,0.0,0,0,2017-04-17,34437900,2344.8,5,0,0,0,0,0,0,0,0,2345.2,2,0,0,0,0,0,0,0,0
421,2017-04-17,09:33:58,400,IH1704,CCFX,2345.2,2340.4,2345.2,658,462543120,15233,15690,2585.8,2115.8,2350.8,2349.8,0.0,2343.8,0.0,0,0,2017-04-17,34438400,2345.4,2,0,0,0,0,0,0,0,0,2345.6,1,0,0,0,0,0,0,0,0
422,2017-04-17,09:33:58,900,IH1704,CCFX,2345.6,2340.4,2345.6,660,463950480,15231,15690,2585.8,2115.8,2350.8,2349.8,0.0,2343.8,0.0,0,0,2017-04-17,34438900,2344.8,5,0,0,0,0,0,0,0,0,2345.8,3,0,0,0,0,0,0,0,0
423,2017-04-17,09:33:59,400,IH1704,CCFX,2345.6,2340.4,2345.6,660,463950480,15231,15690,2585.8,2115.8,2350.8,2349.8,0.0,2343.8,0.0,0,0,2017-04-17,34439400,2345.6,2,0,0,0,0,0,0,0,0,2345.8,3,0,0,0,0,0,0,0,0
424,2017-04-17,09:33:59,900,IH1704,CCFX,2345.8,2340.4,2345.8,662,465357960,15230,15690,2585.8,2115.8,2350.8,2349.8,0.0,2343.8,0.0,0,0,2017-04-17,34439900,2345.0,1,0,0,0,0,0,0,0,0,2345.8,1,0,0,0,0,0,0,0,0
425,2017-04-17,09:34:00,400,IH1704,CCFX,2345.8,2340.4,2345.8,662,465357960,15230,15690,2585.8,2115.8,2350.8,2349.8,0.0,2343.8,0.0,0,0,2017-04-17,34440400,2345.6,1,0,0,0,0,0,0,0,0,2345.8,1,0,0,0,0,0,0,0,0
426,2017-04-17,09:34:00,900,IH1704,CCFX,2345.8,2340.4,2345.8,662,465357960,15230,15690,2585.8,2115.8,2350.8,2349.8,0.0,2343.8,0.0,0,0,2017-04-17,34440900,2345.0,2,0,0,0,0,0,0,0,0,2345.6,1,0,0,0,0,0,0,0,0
427,2017-04-17,09:34:01,400,IH1704,CCFX,2345.8,2340.4,2345.8,664,466765380,15231,15690,2585.8,2115.8,2350.8,2349.8,0.0,2343.8,0.0,0,0,2017-04-17,34441400,2346.2,3,0,0,0,0,0,0,0,0,2346.8,1,0,0,0,0,0,0,0,0
428,2017-04-17,09:34:01,900,IH1704,CCFX,2345.8,2340.4,2345.8,664,466765380,15231,15690,2585.8,2115.8,2350.8,2349.8,0.0,2343.8,0.0,0,0,2017-04-17,34441900,2346.2,3,0,0,0,0,0,0,0,0,2346.4,1,0,0,0,0,0,0,0,0
429,2017-04-17,09:34:02,400,IH1704,CCFX,2346.2,2340.4,2346.2,666,468173100,15233,15690,2585.8,2115.8,2350.8,2349.8,0.0,2343.8,0.0,0,0,2017-04-17,34442400,2345.2,2,0,0,0,0,0,0,0,0,2346.6,1,0,0,0,0,0,0,0,0
430,2017-04-17,09:34:02,900,IH1704,CCFX,2346.2,2340.4,2346.2,666,468173100,15233,15690,2585.8,2115.8,2350.8,2349.8,0.0,2343.8,0.0,0,0,2017-04-17,34442900,2345.4,3,0,0,0,0,0,0,0,0,2346.4,1,0,0,0,0,0,0,0,0
431,2017-04-17,09:34:03,400,IH1704,CCFX,2346.4,2340.4,2346.4,667,468877020,15233,15690,2585.8,2115.8,2350.8,2349.8,0.0,2343.8,0.0,0,0,2017-04-17,34443400,2345.4,3,0,0,0,0,0,0,0,0,2346.6,1,0,0,0,0,0,0,0,0
432,2017-04-17,09:34:03,900,IH1704,CCFX,2346.4,2340.4,2346.4,667,468877020,15233,15690,2585.8,2115.8,2350.8,2349.8,0.0,2343.8,0.0,0,0,2017-04-17,34443900,2345.6,2,0,0,0,0,0,0,0,0,2346.6,1,0,0,0,0,0,0,0,0
433,2017-04-17,09:34:04,900,IH1704,CCFX,2346.4,2340.4,2346.4,667,468877020,15233,15690,2585.8,2115.8,2350.8,2349.8,0.0,2343.8,0.0,0,0,2017-04-17,34444900,2345.6,2,0,0,0,0,0,0,0,0,2346.6,1,0,0,0,0,0,0,0,0
434,2017-04-17,09:34:05,400,IH1704,CCFX,2346.6,2340.4,2346.6,668,469581000,15233,15690,2585.8,2115.8,2350.8,2349.8,0.0,2343.8,0.0,0,0,2017-04-17,34445400,2345.6,2,0,0,0,0,0,0,0,0,2346.4,1,0,0,0,0,0,0,0,0
435,2017-04-17,09:34:05,900,IH1704,CCFX,2346.4,2340.4,2346.6,669,470284920,15232,15690,2585.8,2115.8,2350.8,2349.8,0.0,2343.8,0.0,0,0,2017-04-17,34445900,2346.4,5,0,0,0,0,0,0,0,0,2346.8,1,0,0,0,0,0,0,0,0
436,2017-04-17,09:34:06,400,IH1704,CCFX,2346.4,2340.4,2346.6,671,471692760,15231,15690,2585.8,2115.8,2350.8,2349.8,0.0,2343.8,0.0,0,0,2017-04-17,34446400,2346.4,3,0,0,0,0,0,0,0,0,2346.6,1,0,0,0,0,0,0,0,0
437,2017-04-17,09:34:07,400,IH1704,CCFX,2346.4,2340.4,2346.6,673,473100600,15230,15690,2585.8,2115.8,2350.8,2349.8,0.0,2343.8,0.0,0,0,2017-04-17,34447400,2346.4,2,0,0,0,0,0,0,0,0,2346.6,1,0,0,0,0,0,0,0,0
438,2017-04-17,09:34:07,900,IH1704,CCFX,2346.4,2340.4,2346.6,674,473804520,15229,15690,2585.8,2115.8,2350.8,2349.8,0.0,2343.8,0.0,0,0,2017-04-17,34447900,2346.4,1,0,0,0,0,0,0,0,0,2346.6,1,0,0,0,0,0,0,0,0
439,2017-04-17,09:34:08,400,IH1704,CCFX,2346.4,2340.4,2346.6,674,473804520,15229,15690,2585.8,2115.8,2350.8,2349.8,0.0,2343.8,0.0,0,0,2017-04-17,34448400,2346.4,1,0,0,0,0,0,0,0,0,2346.6,1,0,0,0,0,0,0,0,0
440,2017-04-17,09:34:08,900,IH1704,CCFX,2346.4,2340.4,2346.6,674,473804520,15229,15690,2585.8,2115.8,2350.8,2349.8,0.0,2343.8,0.0,0,0,2017-04-17,34448900,2346.4,1,0,0,0,0,0,0,0,0,2346.6,1,0,0,0,0,0,0,0,0
441,2017-04-17,09:34:09,900,IH1704,CCFX,2346.0,2340.4,2346.6,676,475212240,15227,15690,2585.8,2115.8,2350.8,2349.8,0.0,2343.8,0.0,0,0,2017-04-17,34449900,2345.8,1,0,0,0,0,0,0,0,0,2346.6,1,0,0,0,0,0,0,0,0
442,2017-04-17,09:34:10,400,IH1704,CCFX,2346.0,2340.4,2346.6,676,475212240,15227,15690,2585.8,2115.8,2350.8,2349.8,0.0,2343.8,0.0,0,0,2017-04-17,34450400,2345.8,1,0,0,0,0,0,0,0,0,2346.4,1,0,0,0,0,0,0,0,0
443,2017-04-17,09:34:10,900,IH1704,CCFX,2346.0,2340.4,2346.6,676,475212240,15227,15690,2585.8,2115.8,2350.8,2349.8,0.0,2343.8,0.0,0,0,2017-04-17,34450900,2345.8,1,0,0,0,0,0,0,0,0,2346.4,1,0,0,0,0,0,0,0,0
444,2017-04-17,09:34:11,400,IH1704,CCFX,2346.4,2340.4,2346.6,677,475916160,15227,15690,2585.8,2115.8,2350.8,2349.8,0.0,2343.8,0.0,0,0,2017-04-17,34451400,2345.8,1,0,0,0,0,0,0,0,0,2346.8,1,0,0,0,0,0,0,0,0
445,2017-04-17,09:34:12,400,IH1704,CCFX,2346.4,2340.4,2346.6,677,475916160,15227,15690,2585.8,2115.8,2350.8,2349.8,0.0,2343.8,0.0,0,0,2017-04-17,34452400,2346.2,1,0,0,0,0,0,0,0,0,2346.4,1,0,0,0,0,0,0,0,0
446,2017-04-17,09:34:12,900,IH1704,CCFX,2346.4,2340.4,2346.6,677,475916160,15227,15690,2585.8,2115.8,2350.8,2349.8,0.0,2343.8,0.0,0,0,2017-04-17,34452900,2346.2,1,0,0,0,0,0,0,0,0,2346.4,2,0,0,0,0,0,0,0,0
447,2017-04-17,09:34:13,400,IH1704,CCFX,2346.4,2340.4,2346.6,679,477323940,15226,15690,2585.8,2115.8,2350.8,2349.8,0.0,2343.8,0.0,0,0,2017-04-17,34453400,2345.8,1,0,0,0,0,0,0,0,0,2346.4,1,0,0,0,0,0,0,0,0
448,2017-04-17,09:34:13,900,IH1704,CCFX,2346.4,2340.4,2346.6,679,477323940,15226,15690,2585.8,2115.8,2350.8,2349.8,0.0,2343.8,0.0,0,0,2017-04-17,34453900,2345.8,1,0,0,0,0,0,0,0,0,2346.4,1,0,0,0,0,0,0,0,0
449,2017-04-17,09:34:14,400,IH1704,CCFX,2346.4,2340.4,2346.6,680,478027860,15225,15690,2585.8,2115.8,2350.8,2349.8,0.0,2343.8,0.0,0,0,2017-04-17,34454400,2345.8,2,0,0,0,0,0,0,0,0,2346.8,1,0,0,0,0,0,0,0,0
450,2017-04-17,09:34:15,400,IH1704,CCFX,2346.4,2340.4,2346.6,680,478027860,15225,15690,2585.8,2115.8,2350.8,2349.8,0.0,2343.8,0.0,0,0,2017-04-17,34455400,2345.8,2,0,0,0,0,0,0,0,0,2346.6,1,0,0,0,0,0,0,0,0
451,2017-04-17,09:34:16,400,IH1704,CCFX,2346.4,2340.4,2346.6,680,478027860,15225,15690,2585.8,2115.8,2350.8,2349.8,0.0,2343.8,0.0,0,0,2017-04-17,34456400,2346.4,1,0,0,0,0,0,0,0,0,2346.6,1,0,0,0,0,0,0,0,0
452,2017-04-17,09:34:16,900,IH1704,CCFX,2346.4,2340.4,2346.6,681,478731780,15225,15690,2585.8,2115.8,2350.8,2349.8,0.0,2343.8,0.0,0,0,2017-04-17,34456900,2345.8,1,0,0,0,0,0,0,0,0,2346.0,3,0,0,0,0,0,0,0,0
453,2017-04-17,09:34:17,400,IH1704,CCFX,2346.4,2340.4,2346.6,681,478731780,15225,15690,2585.8,2115.8,2350.8,2349.8,0.0,2343.8,0.0,0,0,2017-04-17,34457400,2345.8,1,0,0,0,0,0,0,0,0,2346.0,3,0,0,0,0,0,0,0,0
454,2017-04-17,09:34:17,900,IH1704,CCFX,2346.6,2340.4,2346.6,685,481547160,15223,15690,2585.8,2115.8,2350.8,2349.8,0.0,2343.8,0.0,0,0,2017-04-17,34457900,2346.6,3,0,0,0,0,0,0,0,0,2346.8,1,0,0,0,0,0,0,0,0
455,2017-04-17,09:34:18,400,IH1704,CCFX,2346.6,2340.4,2346.6,689,484363080,15223,15690,2585.8,2115.8,2350.8,2349.8,0.0,2343.8,0.0,0,0,2017-04-17,34458400,2345.8,1,0,0,0,0,0,0,0,0,2346.6,2,0,0,0,0,0,0,0,0
456,2017-04-17,09:34:19,400,IH1704,CCFX,2346.6,2340.4,2346.6,689,484363080,15223,15690,2585.8,2115.8,2350.8,2349.8,0.0,2343.8,0.0,0,0,2017-04-17,34459400,2345.8,1,0,0,0,0,0,0,0,0,2346.2,2,0,0,0,0,0,0,0,0
457,2017-04-17,09:34:19,900,IH1704,CCFX,2346.2,2340.4,2346.6,690,485066940,15223,15690,2585.8,2115.8,2350.8,2349.8,0.0,2343.8,0.0,0,0,2017-04-17,34459900,2345.8,1,0,0,0,0,0,0,0,0,2346.2,1,0,0,0,0,0,0,0,0
458,2017-04-17,09:34:20,400,IH1704,CCFX,2346.2,2340.4,2346.6,690,485066940,15223,15690,2585.8,2115.8,2350.8,2349.8,0.0,2343.8,0.0,0,0,2017-04-17,34460400,2346.0,1,0,0,0,0,0,0,0,0,2346.2,1,0,0,0,0,0,0,0,0
459,2017-04-17,09:34:20,900,IH1704,CCFX,2346.0,2340.4,2346.6,691,485770740,15222,15690,2585.8,2115.8,2350.8,2349.8,0.0,2343.8,0.0,0,0,2017-04-17,34460900,2345.8,1,0,0,0,0,0,0,0,0,2346.2,1,0,0,0,0,0,0,0,0
460,2017-04-17,09:34:22,400,IH1704,CCFX,2346.0,2340.4,2346.6,691,485770740,15222,15690,2585.8,2115.8,2350.8,2349.8,0.0,2343.8,0.0,0,0,2017-04-17,34462400,2345.8,1,0,0,0,0,0,0,0,0,2346.2,1,0,0,0,0,0,0,0,0
461,2017-04-17,09:34:22,900,IH1704,CCFX,2346.0,2340.4,2346.6,691,485770740,15222,15690,2585.8,2115.8,2350.8,2349.8,0.0,2343.8,0.0,0,0,2017-04-17,34462900,2345.8,1,0,0,0,0,0,0,0,0,2346.2,1,0,0,0,0,0,0,0,0
462,2017-04-17,09:34:23,900,IH1704,CCFX,2346.0,2340.4,2346.6,691,485770740,15222,15690,2585.8,2115.8,2350.8,2349.8,0.0,2343.8,0.0,0,0,2017-04-17,34463900,2345.8,1,0,0,0,0,0,0,0,0,2346.0,1,0,0,0,0,0,0,0,0
463,2017-04-17,09:34:25,900,IH1704,CCFX,2346.0,2340.4,2346.6,691,485770740,15222,15690,2585.8,2115.8,2350.8,2349.8,0.0,2343.8,0.0,0,0,2017-04-17,34465900,2345.8,1,0,0,0,0,0,0,0,0,2346.0,1,0,0,0,0,0,0,0,0
464,2017-04-17,09:34:27,400,IH1704,CCFX,2346.0,2340.4,2346.6,691,485770740,15222,15690,2585.8,2115.8,2350.8,2349.8,0.0,2343.8,0.0,0,0,2017-04-17,34467400,2345.8,1,0,0,0,0,0,0,0,0,2346.0,1,0,0,0,0,0,0,0,0
465,2017-04-17,09:34:27,900,IH1704,CCFX,2346.0,2340.4,2346.6,692,486474540,15223,15690,2585.8,2115.8,2350.8,2349.8,0.0,2343.8,0.0,0,0,2017-04-17,34467900,2346.0,2,0,0,0,0,0,0,0,0,2346.4,1,0,0,0,0,0,0,0,0
466,2017-04-17,09:34:28,400,IH1704,CCFX,2346.0,2340.4,2346.6,692,486474540,15223,15690,2585.8,2115.8,2350.8,2349.8,0.0,2343.8,0.0,0,0,2017-04-17,34468400,2346.0,2,0,0,0,0,0,0,0,0,2346.4,1,0,0,0,0,0,0,0,0
467,2017-04-17,09:34:28,900,IH1704,CCFX,2346.0,2340.4,2346.6,693,487178340,15224,15690,2585.8,2115.8,2350.8,2349.8,0.0,2343.8,0.0,0,0,2017-04-17,34468900,2346.0,1,0,0,0,0,0,0,0,0,2346.4,1,0,0,0,0,0,0,0,0
468,2017-04-17,09:34:29,900,IH1704,CCFX,2346.0,2340.4,2346.6,694,487882140,15225,15690,2585.8,2115.8,2350.8,2349.8,0.0,2343.8,0.0,0,0,2017-04-17,34469900,2345.4,1,0,0,0,0,0,0,0,0,2346.2,2,0,0,0,0,0,0,0,0
469,2017-04-17,09:34:30,900,IH1704,CCFX,2346.0,2340.4,2346.6,694,487882140,15225,15690,2585.8,2115.8,2350.8,2349.8,0.0,2343.8,0.0,0,0,2017-04-17,34470900,2345.8,1,0,0,0,0,0,0,0,0,2346.2,2,0,0,0,0,0,0,0,0
470,2017-04-17,09:34:31,400,IH1704,CCFX,2346.0,2340.4,2346.6,694,487882140,15225,15690,2585.8,2115.8,2350.8,2349.8,0.0,2343.8,0.0,0,0,2017-04-17,34471400,2345.8,1,0,0,0,0,0,0,0,0,2346.2,2,0,0,0,0,0,0,0,0
471,2017-04-17,09:34:31,900,IH1704,CCFX,2346.0,2340.4,2346.6,694,487882140,15225,15690,2585.8,2115.8,2350.8,2349.8,0.0,2343.8,0.0,0,0,2017-04-17,34471900,2345.8,1,0,0,0,0,0,0,0,0,2346.0,2,0,0,0,0,0,0,0,0
472,2017-04-17,09:34:32,900,IH1704,CCFX,2346.0,2340.4,2346.6,694,487882140,15225,15690,2585.8,2115.8,2350.8,2349.8,0.0,2343.8,0.0,0,0,2017-04-17,34472900,2345.8,1,0,0,0,0,0,0,0,0,2346.0,3,0,0,0,0,0,0,0,0
473,2017-04-17,09:34:33,400,IH1704,CCFX,2346.0,2340.4,2346.6,696,489289680,15224,15690,2585.8,2115.8,2350.8,2349.8,0.0,2343.8,0.0,0,0,2017-04-17,34473400,2345.4,1,0,0,0,0,0,0,0,0,2346.0,2,0,0,0,0,0,0,0,0
474,2017-04-17,09:34:33,900,IH1704,CCFX,2346.0,2340.4,2346.6,696,489289680,15224,15690,2585.8,2115.8,2350.8,2349.8,0.0,2343.8,0.0,0,0,2017-04-17,34473900,2345.6,2,0,0,0,0,0,0,0,0,2346.0,2,0,0,0,0,0,0,0,0
475,2017-04-17,09:34:34,400,IH1704,CCFX,2346.0,2340.4,2346.6,698,490697280,15222,15690,2585.8,2115.8,2350.8,2349.8,0.0,2343.8,0.0,0,0,2017-04-17,34474400,2345.6,2,0,0,0,0,0,0,0,0,2346.4,1,0,0,0,0,0,0,0,0
476,2017-04-17,09:34:35,400,IH1704,CCFX,2346.0,2340.4,2346.6,698,490697280,15222,15690,2585.8,2115.8,2350.8,2349.8,0.0,2343.8,0.0,0,0,2017-04-17,34475400,2345.8,1,0,0,0,0,0,0,0,0,2346.4,1,0,0,0,0,0,0,0,0
477,2017-04-17,09:34:37,400,IH1704,CCFX,2346.4,2340.4,2346.6,699,491401200,15222,15690,2585.8,2115.8,2350.8,2349.8,0.0,2343.8,0.0,0,0,2017-04-17,34477400,2345.8,1,0,0,0,0,0,0,0,0,2346.8,2,0,0,0,0,0,0,0,0
478,2017-04-17,09:34:37,900,IH1704,CCFX,2346.4,2340.4,2346.6,699,491401200,15222,15690,2585.8,2115.8,2350.8,2349.8,0.0,2343.8,0.0,0,0,2017-04-17,34477900,2345.8,1,0,0,0,0,0,0,0,0,2346.8,2,0,0,0,0,0,0,0,0
479,2017-04-17,09:34:38,900,IH1704,CCFX,2345.8,2340.4,2346.6,700,492104940,15221,15690,2585.8,2115.8,2350.8,2349.8,0.0,2343.8,0.0,0,0,2017-04-17,34478900,2345.4,1,0,0,0,0,0,0,0,0,2346.8,2,0,0,0,0,0,0,0,0
480,2017-04-17,09:34:39,400,IH1704,CCFX,2345.8,2340.4,2346.6,700,492104940,15221,15690,2585.8,2115.8,2350.8,2349.8,0.0,2343.8,0.0,0,0,2017-04-17,34479400,2346.0,2,0,0,0,0,0,0,0,0,2346.6,2,0,0,0,0,0,0,0,0
481,2017-04-17,09:34:39,900,IH1704,CCFX,2345.8,2340.4,2346.6,700,492104940,15221,15690,2585.8,2115.8,2350.8,2349.8,0.0,2343.8,0.0,0,0,2017-04-17,34479900,2346.0,2,0,0,0,0,0,0,0,0,2346.8,2,0,0,0,0,0,0,0,0
482,2017-04-17,09:34:41,400,IH1704,CCFX,2346.6,2340.4,2346.6,702,493512720,15220,15690,2585.8,2115.8,2350.8,2349.8,0.0,2343.8,0.0,0,0,2017-04-17,34481400,2346.0,1,0,0,0,0,0,0,0,0,2346.6,1,0,0,0,0,0,0,0,0
483,2017-04-17,09:34:41,900,IH1704,CCFX,2346.6,2340.4,2346.6,702,493512720,15220,15690,2585.8,2115.8,2350.8,2349.8,0.0,2343.8,0.0,0,0,2017-04-17,34481900,2346.0,1,0,0,0,0,0,0,0,0,2346.4,1,0,0,0,0,0,0,0,0
484,2017-04-17,09:34:42,900,IH1704,CCFX,2346.0,2340.4,2346.6,703,494216520,15220,15690,2585.8,2115.8,2350.8,2349.8,0.0,2343.8,0.0,0,0,2017-04-17,34482900,2345.6,2,0,0,0,0,0,0,0,0,2346.4,1,0,0,0,0,0,0,0,0
485,2017-04-17,09:34:43,400,IH1704,CCFX,2346.0,2340.4,2346.6,703,494216520,15220,15690,2585.8,2115.8,2350.8,2349.8,0.0,2343.8,0.0,0,0,2017-04-17,34483400,2345.6,2,0,0,0,0,0,0,0,0,2346.6,1,0,0,0,0,0,0,0,0
486,2017-04-17,09:34:44,400,IH1704,CCFX,2346.0,2340.4,2346.6,703,494216520,15220,15690,2585.8,2115.8,2350.8,2349.8,0.0,2343.8,0.0,0,0,2017-04-17,34484400,2345.6,1,0,0,0,0,0,0,0,0,2346.2,1,0,0,0,0,0,0,0,0
487,2017-04-17,09:34:44,900,IH1704,CCFX,2346.8,2340.4,2346.8,707,497032440,15221,15690,2585.8,2115.8,2350.8,2349.8,0.0,2343.8,0.0,0,0,2017-04-17,34484900,2346.0,1,0,0,0,0,0,0,0,0,2347.0,3,0,0,0,0,0,0,0,0
