,dataDate,dataTime,dataMillisec,instrumentID,exchangeCD,lastPrice,lowPrice,highPrice,volume,value,openInterest,preOpenInterest,upperLimitPrice,lowerLimitPrice,preSettlementPrice,prevClosePrice,settlementPrice,openPrice,closePrice,preDelta,currDelta,clearingDay,milliSecOffset,bidPrice1,bidVolume1,bidPrice2,bidVolume2,bidPrice3,bidVolume3,bidPrice4,bidVolume4,bidPrice5,bidVolume5,askPrice1,askVolume1,askPrice2,askVolume2,askPrice3,askVolume3,askPrice4,askVolume4,askPrice5,askVolume5
0,2017-04-17,09:00:00,971,j1709,XDCE,1642.5,1613.0,1655.0,81892,13395692100,181974,194760,1769.5,1477.5,1623.5,1612,0.0,1622,0,0,0,2017-04-17,32400971,1630.0,125,0,0,0,0,0,0,0,0,1637.0,5,0,0,0,0,0,0,0,0
1,2017-04-17,09:00:01,464,j1709,XDCE,1630.0,1613.0,1655.0,82050,13421477000,181958,194760,1769.5,1477.5,1623.5,1612,0.0,1622,0,0,0,2017-04-17,32401464,1630.0,97,0,0,0,0,0,0,0,0,1633.0,4,0,0,0,0,0,0,0,0
2,2017-04-17,09:00:01,954,j1709,XDCE,1632.0,1613.0,1655.0,82710,13528947600,182052,194760,1769.5,1477.5,1623.5,1612,0.0,1622,0,0,0,2017-04-17,32401954,1626.0,8,0,0,0,0,0,0,0,0,1630.0,1,0,0,0,0,0,0,0,0
3,2017-04-17,09:00:02,466,j1709,XDCE,1629.5,1613.0,1655.0,82786,13541322300,182032,194760,1769.5,1477.5,1623.5,1612,0.0,1622,0,0,0,2017-04-17,32402466,1628.0,1,0,0,0,0,0,0,0,0,1628.5,1,0,0,0,0,0,0,0,0
4,2017-04-17,09:00:02,947,j1709,XDCE,1625.5,1613.0,1655.0,82828,13548154400,182026,194760,1769.5,1477.5,1623.5,1612,0.0,1622,0,0,0,2017-04-17,32402947,1625.5,6,0,0,0,0,0,0,0,0,1627.5,4,0,0,0,0,0,0,0,0
5,2017-04-17,09:00:03,466,j1709,XDCE,1625.5,1613.0,1655.0,82994,13575132300,181984,194760,1769.5,1477.5,1623.5,1612,0.0,1622,0,0,0,2017-04-17,32403466,1625.0,8,0,0,0,0,0,0,0,0,1625.5,8,0,0,0,0,0,0,0,0
6,2017-04-17,09:00:03,927,j1709,XDCE,1625.0,1613.0,1655.0,83116,13594949100,181938,194760,1769.5,1477.5,1623.5,1612,0.0,1622,0,0,0,2017-04-17,32403927,1623.0,11,0,0,0,0,0,0,0,0,1625.0,2,0,0,0,0,0,0,0,0
7,2017-04-17,09:00:04,462,j1709,XDCE,1623.0,1613.0,1655.0,83166,13603065100,181940,194760,1769.5,1477.5,1623.5,1612,0.0,1622,0,0,0,2017-04-17,32404462,1623.0,2,0,0,0,0,0,0,0,0,1624.0,2,0,0,0,0,0,0,0,0
8,2017-04-17,09:00:04,967,j1709,XDCE,1624.0,1613.0,1655.0,83206,13609557700,181926,194760,1769.5,1477.5,1623.5,1612,0.0,1622,0,0,0,2017-04-17,32404967,1621.5,16,0,0,0,0,0,0,0,0,1624.0,5,0,0,0,0,0,0,0,0
9,2017-04-17,09:00:05,452,j1709,XDCE,1621.5,1613.0,1655.0,83236,13614425200,181932,194760,1769.5,1477.5,1623.5,1612,0.0,1622,0,0,0,2017-04-17,32405452,1622.0,3,0,0,0,0,0,0,0,0,1622.5,1,0,0,0,0,0,0,0,0
10,2017-04-17,09:00:05,950,j1709,XDCE,1621.0,1613.0,1655.0,83352,13633233400,181928,194760,1769.5,1477.5,1623.5,1612,0.0,1622,0,0,0,2017-04-17,32405950,1621.0,110,0,0,0,0,0,0,0,0,1622.0,6,0,0,0,0,0,0,0,0
11,2017-04-17,09:00:06,464,j1709,XDCE,1622.0,1613.0,1655.0,83468,13652041100,181854,194760,1769.5,1477.5,1623.5,1612,0.0,1622,0,0,0,2017-04-17,32406464,1621.0,80,0,0,0,0,0,0,0,0,1622.5,2,0,0,0,0,0,0,0,0
12,2017-04-17,09:00:06,939,j1709,XDCE,1621.0,1613.0,1655.0,83528,13661768800,181812,194760,1769.5,1477.5,1623.5,1612,0.0,1622,0,0,0,2017-04-17,32406939,1621.0,63,0,0,0,0,0,0,0,0,1623.0,6,0,0,0,0,0,0,0,0
13,2017-04-17,09:00:07,456,j1709,XDCE,1622.0,1613.0,1655.0,83582,13670523800,181800,194760,1769.5,1477.5,1623.5,1612,0.0,1622,0,0,0,2017-04-17,32407456,1621.0,45,0,0,0,0,0,0,0,0,1622.5,8,0,0,0,0,0,0,0,0
14,2017-04-17,09:00:07,911,j1709,XDCE,1621.0,1613.0,1655.0,83606,13674414600,181790,194760,1769.5,1477.5,1623.5,1612,0.0,1622,0,0,0,2017-04-17,32407911,1621.5,2,0,0,0,0,0,0,0,0,1622.0,1,0,0,0,0,0,0,0,0
15,2017-04-17,09:00:08,468,j1709,XDCE,1622.5,1613.0,1655.0,83632,13678631600,181792,194760,1769.5,1477.5,1623.5,1612,0.0,1622,0,0,0,2017-04-17,32408468,1621.5,8,0,0,0,0,0,0,0,0,1622.5,4,0,0,0,0,0,0,0,0
16,2017-04-17,09:00:08,952,j1709,XDCE,1622.0,1613.0,1655.0,83672,13685118400,181786,194760,1769.5,1477.5,1623.5,1612,0.0,1622,0,0,0,2017-04-17,32408952,1622.0,4,0,0,0,0,0,0,0,0,1623.0,9,0,0,0,0,0,0,0,0
17,2017-04-17,09:00:09,450,j1709,XDCE,1622.5,1613.0,1655.0,83690,13688038700,181784,194760,1769.5,1477.5,1623.5,1612,0.0,1622,0,0,0,2017-04-17,32409450,1622.0,1,0,0,0,0,0,0,0,0,1623.0,8,0,0,0,0,0,0,0,0
18,2017-04-17,09:00:09,938,j1709,XDCE,1621.5,1613.0,1655.0,83786,13703615100,181756,194760,1769.5,1477.5,1623.5,1612,0.0,1622,0,0,0,2017-04-17,32409938,1621.5,16,0,0,0,0,0,0,0,0,1625.0,46,0,0,0,0,0,0,0,0
19,2017-04-17,09:00:10,457,j1709,XDCE,1621.5,1613.0,1655.0,83890,13720480800,181742,194760,1769.5,1477.5,1623.5,1612,0.0,1622,0,0,0,2017-04-17,32410457,1621.0,64,0,0,0,0,0,0,0,0,1621.5,1,0,0,0,0,0,0,0,0
20,2017-04-17,09:00:10,944,j1709,XDCE,1622.0,1613.0,1655.0,83948,13729886200,181730,194760,1769.5,1477.5,1623.5,1612,0.0,1622,0,0,0,2017-04-17,32410944,1622.0,5,0,0,0,0,0,0,0,0,1623.5,2,0,0,0,0,0,0,0,0
21,2017-04-17,09:00:11,446,j1709,XDCE,1622.5,1613.0,1655.0,83986,13736051800,181704,194760,1769.5,1477.5,1623.5,1612,0.0,1622,0,0,0,2017-04-17,32411446,1622.5,1,0,0,0,0,0,0,0,0,1623.0,4,0,0,0,0,0,0,0,0
22,2017-04-17,09:00:11,955,j1709,XDCE,1622.0,1613.0,1655.0,84002,13738648000,181700,194760,1769.5,1477.5,1623.5,1612,0.0,1622,0,0,0,2017-04-17,32411955,1622.0,5,0,0,0,0,0,0,0,0,1622.5,3,0,0,0,0,0,0,0,0
23,2017-04-17,09:00:12,416,j1709,XDCE,1622.5,1613.0,1655.0,84016,13740919600,181700,194760,1769.5,1477.5,1623.5,1612,0.0,1622,0,0,0,2017-04-17,32412416,1622.5,1,0,0,0,0,0,0,0,0,1623.0,1,0,0,0,0,0,0,0,0
24,2017-04-17,09:00:12,915,j1709,XDCE,1623.5,1613.0,1655.0,84036,13744165700,181702,194760,1769.5,1477.5,1623.5,1612,0.0,1622,0,0,0,2017-04-17,32412915,1622.5,31,0,0,0,0,0,0,0,0,1624.0,2,0,0,0,0,0,0,0,0
25,2017-04-17,09:00:13,417,j1709,XDCE,1623.0,1613.0,1655.0,84092,13753252300,181666,194760,1769.5,1477.5,1623.5,1612,0.0,1622,0,0,0,2017-04-17,32413417,1623.0,2,0,0,0,0,0,0,0,0,1623.5,1,0,0,0,0,0,0,0,0
26,2017-04-17,09:00:13,969,j1709,XDCE,1622.5,1613.0,1655.0,84140,13761040600,181666,194760,1769.5,1477.5,1623.5,1612,0.0,1622,0,0,0,2017-04-17,32413969,1622.0,10,0,0,0,0,0,0,0,0,1622.5,1,0,0,0,0,0,0,0,0
27,2017-04-17,09:00:14,357,j1709,XDCE,1622.5,1613.0,1655.0,84166,13765259700,181668,194760,1769.5,1477.5,1623.5,1612,0.0,1622,0,0,0,2017-04-17,32414357,1622.5,9,0,0,0,0,0,0,0,0,1623.5,1,0,0,0,0,0,0,0,0
28,2017-04-17,09:00:14,793,j1709,XDCE,1623.0,1613.0,1655.0,84190,13769153800,181662,194760,1769.5,1477.5,1623.5,1612,0.0,1622,0,0,0,2017-04-17,32414793,1622.0,7,0,0,0,0,0,0,0,0,1623.0,5,0,0,0,0,0,0,0,0
29,2017-04-17,09:00:15,426,j1709,XDCE,1622.5,1613.0,1655.0,84206,13771750300,181652,194760,1769.5,1477.5,1623.5,1612,0.0,1622,0,0,0,2017-04-17,32415426,1622.0,6,0,0,0,0,0,0,0,0,1622.5,4,0,0,0,0,0,0,0,0
30,2017-04-17,09:00:15,898,j1709,XDCE,1622.0,1613.0,1655.0,84274,13782785100,181636,194760,1769.5,1477.5,1623.5,1612,0.0,1622,0,0,0,2017-04-17,32415898,1622.0,10,0,0,0,0,0,0,0,0,1624.5,2,0,0,0,0,0,0,0,0
31,2017-04-17,09:00:16,462,j1709,XDCE,1624.0,1613.0,1655.0,84300,13787007600,181634,194760,1769.5,1477.5,1623.5,1612,0.0,1622,0,0,0,2017-04-17,32416462,1623.0,5,0,0,0,0,0,0,0,0,1624.5,5,0,0,0,0,0,0,0,0
32,2017-04-17,09:00:16,959,j1709,XDCE,1624.5,1613.0,1655.0,84322,13790581100,181636,194760,1769.5,1477.5,1623.5,1612,0.0,1622,0,0,0,2017-04-17,32416959,1624.5,1,0,0,0,0,0,0,0,0,1625.0,48,0,0,0,0,0,0,0,0
33,2017-04-17,09:00:17,460,j1709,XDCE,1623.0,1613.0,1655.0,84346,13794476700,181624,194760,1769.5,1477.5,1623.5,1612,0.0,1622,0,0,0,2017-04-17,32417460,1623.5,2,0,0,0,0,0,0,0,0,1624.0,4,0,0,0,0,0,0,0,0
34,2017-04-17,09:00:17,953,j1709,XDCE,1622.0,1613.0,1655.0,84392,13801939900,181604,194760,1769.5,1477.5,1623.5,1612,0.0,1622,0,0,0,2017-04-17,32417953,1621.5,12,0,0,0,0,0,0,0,0,1622.0,1,0,0,0,0,0,0,0,0
35,2017-04-17,09:00:18,445,j1709,XDCE,1623.0,1613.0,1655.0,84426,13807457600,181588,194760,1769.5,1477.5,1623.5,1612,0.0,1622,0,0,0,2017-04-17,32418445,1622.5,1,0,0,0,0,0,0,0,0,1623.0,2,0,0,0,0,0,0,0,0
36,2017-04-17,09:00:18,846,j1709,XDCE,1623.0,1613.0,1655.0,84440,13809729100,181582,194760,1769.5,1477.5,1623.5,1612,0.0,1622,0,0,0,2017-04-17,32418846,1622.5,1,0,0,0,0,0,0,0,0,1623.0,1,0,0,0,0,0,0,0,0
37,2017-04-17,09:00:19,428,j1709,XDCE,1622.0,1613.0,1655.0,84458,13812649300,181572,194760,1769.5,1477.5,1623.5,1612,0.0,1622,0,0,0,2017-04-17,32419428,1622.0,47,0,0,0,0,0,0,0,0,1622.5,24,0,0,0,0,0,0,0,0
38,2017-04-17,09:00:19,956,j1709,XDCE,1622.5,1613.0,1655.0,84558,13828875000,181532,194760,1769.5,1477.5,1623.5,1612,0.0,1622,0,0,0,2017-04-17,32419956,1622.5,25,0,0,0,0,0,0,0,0,1623.5,2,0,0,0,0,0,0,0,0
39,2017-04-17,09:00:20,469,j1709,XDCE,1623.5,1613.0,1655.0,84618,13838610800,181510,194760,1769.5,1477.5,1623.5,1612,0.0,1622,0,0,0,2017-04-17,32420469,1622.5,5,0,0,0,0,0,0,0,0,1623.5,3,0,0,0,0,0,0,0,0
40,2017-04-17,09:00:20,955,j1709,XDCE,1622.5,1613.0,1655.0,84642,13842505000,181492,194760,1769.5,1477.5,1623.5,1612,0.0,1622,0,0,0,2017-04-17,32420955,1622.0,53,0,0,0,0,0,0,0,0,1622.5,10,0,0,0,0,0,0,0,0
41,2017-04-17,09:00:21,427,j1709,XDCE,1622.5,1613.0,1655.0,84688,13849968300,181468,194760,1769.5,1477.5,1623.5,1612,0.0,1622,0,0,0,2017-04-17,32421427,1622.0,47,0,0,0,0,0,0,0,0,1623.5,1,0,0,0,0,0,0,0,0
42,2017-04-17,09:00:21,907,j1709,XDCE,1622.5,1613.0,1655.0,84690,13850292800,181470,194760,1769.5,1477.5,1623.5,1612,0.0,1622,0,0,0,2017-04-17,32421907,1622.5,3,0,0,0,0,0,0,0,0,1623.5,1,0,0,0,0,0,0,0,0
43,2017-04-17,09:00:22,422,j1709,XDCE,1623.5,1613.0,1655.0,84698,13851591600,181470,194760,1769.5,1477.5,1623.5,1612,0.0,1622,0,0,0,2017-04-17,32422422,1622.5,2,0,0,0,0,0,0,0,0,1623.5,17,0,0,0,0,0,0,0,0
44,2017-04-17,09:00:22,863,j1709,XDCE,1623.0,1613.0,1655.0,84708,13853214800,181470,194760,1769.5,1477.5,1623.5,1612,0.0,1622,0,0,0,2017-04-17,32422863,1622.0,48,0,0,0,0,0,0,0,0,1623.0,1,0,0,0,0,0,0,0,0
45,2017-04-17,09:00:23,470,j1709,XDCE,1623.5,1613.0,1655.0,84740,13858407900,181456,194760,1769.5,1477.5,1623.5,1612,0.0,1622,0,0,0,2017-04-17,32423470,1623.5,2,0,0,0,0,0,0,0,0,1624.0,4,0,0,0,0,0,0,0,0
46,2017-04-17,09:00:23,896,j1709,XDCE,1624.0,1613.0,1655.0,84758,13861330800,181450,194760,1769.5,1477.5,1623.5,1612,0.0,1622,0,0,0,2017-04-17,32423896,1623.5,1,0,0,0,0,0,0,0,0,1624.0,1,0,0,0,0,0,0,0,0
47,2017-04-17,09:00:24,393,j1709,XDCE,1623.5,1613.0,1655.0,84772,13863604000,181454,194760,1769.5,1477.5,1623.5,1612,0.0,1622,0,0,0,2017-04-17,32424393,1623.5,1,0,0,0,0,0,0,0,0,1624.5,2,0,0,0,0,0,0,0,0
48,2017-04-17,09:00:24,929,j1709,XDCE,1623.5,1613.0,1655.0,84774,13863928700,181452,194760,1769.5,1477.5,1623.5,1612,0.0,1622,0,0,0,2017-04-17,32424929,1623.5,12,0,0,0,0,0,0,0,0,1624.5,4,0,0,0,0,0,0,0,0
49,2017-04-17,09:00:25,449,j1709,XDCE,1624.5,1613.0,1655.0,84858,13877577800,181416,194760,1769.5,1477.5,1623.5,1612,0.0,1622,0,0,0,2017-04-17,32425449,1624.5,15,0,0,0,0,0,0,0,0,1625.0,15,0,0,0,0,0,0,0,0
50,2017-04-17,09:00:25,952,j1709,XDCE,1625.5,1613.0,1655.0,84894,13883428000,181406,194760,1769.5,1477.5,1623.5,1612,0.0,1622,0,0,0,2017-04-17,32425952,1625.5,12,0,0,0,0,0,0,0,0,1626.0,4,0,0,0,0,0,0,0,0
51,2017-04-17,09:00:26,457,j1709,XDCE,1626.0,1613.0,1655.0,84960,13894154400,181400,194760,1769.5,1477.5,1623.5,1612,0.0,1622,0,0,0,2017-04-17,32426457,1626.0,3,0,0,0,0,0,0,0,0,1626.5,5,0,0,0,0,0,0,0,0
52,2017-04-17,09:00:26,791,j1709,XDCE,1626.0,1613.0,1655.0,84980,13897406700,181398,194760,1769.5,1477.5,1623.5,1612,0.0,1622,0,0,0,2017-04-17,32426791,1625.0,5,0,0,0,0,0,0,0,0,1626.0,1,0,0,0,0,0,0,0,0
53,2017-04-17,09:00:27,396,j1709,XDCE,1625.0,1613.0,1655.0,84984,13898056700,181398,194760,1769.5,1477.5,1623.5,1612,0.0,1622,0,0,0,2017-04-17,32427396,1625.0,1,0,0,0,0,0,0,0,0,1625.5,2,0,0,0,0,0,0,0,0
54,2017-04-17,09:00:27,873,j1709,XDCE,1625.5,1613.0,1655.0,84992,13899356900,181398,194760,1769.5,1477.5,1623.5,1612,0.0,1622,0,0,0,2017-04-17,32427873,1625.0,2,0,0,0,0,0,0,0,0,1625.5,1,0,0,0,0,0,0,0,0
55,2017-04-17,09:00:28,404,j1709,XDCE,1626.0,1613.0,1655.0,85000,13900657400,181400,194760,1769.5,1477.5,1623.5,1612,0.0,1622,0,0,0,2017-04-17,32428404,1626.0,2,0,0,0,0,0,0,0,0,1626.5,2,0,0,0,0,0,0,0,0
56,2017-04-17,09:00:28,881,j1709,XDCE,1626.5,1613.0,1655.0,85004,13901308000,181396,194760,1769.5,1477.5,1623.5,1612,0.0,1622,0,0,0,2017-04-17,32428881,1627.0,1,0,0,0,0,0,0,0,0,1627.5,5,0,0,0,0,0,0,0,0
57,2017-04-17,09:00:29,423,j1709,XDCE,1627.5,1613.0,1655.0,85022,13904237100,181396,194760,1769.5,1477.5,1623.5,1612,0.0,1622,0,0,0,2017-04-17,32429423,1627.5,26,0,0,0,0,0,0,0,0,1628.0,6,0,0,0,0,0,0,0,0
58,2017-04-17,09:00:29,903,j1709,XDCE,1627.5,1613.0,1655.0,85066,13911398100,181368,194760,1769.5,1477.5,1623.5,1612,0.0,1622,0,0,0,2017-04-17,32429903,1627.5,5,0,0,0,0,0,0,0,0,1628.0,6,0,0,0,0,0,0,0,0
59,2017-04-17,09:00:30,402,j1709,XDCE,1627.5,1613.0,1655.0,85084,13914327600,181362,194760,1769.5,1477.5,1623.5,1612,0.0,1622,0,0,0,2017-04-17,32430402,1627.0,1,0,0,0,0,0,0,0,0,1627.5,1,0,0,0,0,0,0,0,0
60,2017-04-17,09:00:30,947,j1709,XDCE,1628.0,1613.0,1655.0,85092,13915629900,181364,194760,1769.5,1477.5,1623.5,1612,0.0,1622,0,0,0,2017-04-17,32430947,1627.5,2,0,0,0,0,0,0,0,0,1628.0,4,0,0,0,0,0,0,0,0
61,2017-04-17,09:00:31,469,j1709,XDCE,1626.5,1613.0,1655.0,85108,13918233600,181354,194760,1769.5,1477.5,1623.5,1612,0.0,1622,0,0,0,2017-04-17,32431469,1626.5,10,0,0,0,0,0,0,0,0,1627.0,2,0,0,0,0,0,0,0,0
62,2017-04-17,09:00:31,821,j1709,XDCE,1628.0,1613.0,1655.0,85134,13922465800,181342,194760,1769.5,1477.5,1623.5,1612,0.0,1622,0,0,0,2017-04-17,32431821,1627.5,2,0,0,0,0,0,0,0,0,1628.0,4,0,0,0,0,0,0,0,0
63,2017-04-17,09:00:32,446,j1709,XDCE,1627.5,1613.0,1655.0,85148,13924744600,181338,194760,1769.5,1477.5,1623.5,1612,0.0,1622,0,0,0,2017-04-17,32432446,1627.0,5,0,0,0,0,0,0,0,0,1627.5,1,0,0,0,0,0,0,0,0
64,2017-04-17,09:00:32,923,j1709,XDCE,1627.0,1613.0,1655.0,85154,13925721100,181338,194760,1769.5,1477.5,1623.5,1612,0.0,1622,0,0,0,2017-04-17,32432923,1627.0,1,0,0,0,0,0,0,0,0,1628.0,1,0,0,0,0,0,0,0,0
65,2017-04-17,09:00:33,461,j1709,XDCE,1628.0,1613.0,1655.0,85162,13927023500,181340,194760,1769.5,1477.5,1623.5,1612,0.0,1622,0,0,0,2017-04-17,32433461,1627.5,1,0,0,0,0,0,0,0,0,1628.5,3,0,0,0,0,0,0,0,0
66,2017-04-17,09:00:33,951,j1709,XDCE,1627.5,1613.0,1655.0,85170,13928325700,181340,194760,1769.5,1477.5,1623.5,1612,0.0,1622,0,0,0,2017-04-17,32433951,1627.0,7,0,0,0,0,0,0,0,0,1627.5,2,0,0,0,0,0,0,0,0
67,2017-04-17,09:00:34,443,j1709,XDCE,1628.0,1613.0,1655.0,85180,13929953600,181338,194760,1769.5,1477.5,1623.5,1612,0.0,1622,0,0,0,2017-04-17,32434443,1628.0,8,0,0,0,0,0,0,0,0,1628.5,2,0,0,0,0,0,0,0,0
68,2017-04-17,09:00:34,823,j1709,XDCE,1628.5,1613.0,1655.0,85184,13930605000,181334,194760,1769.5,1477.5,1623.5,1612,0.0,1622,0,0,0,2017-04-17,32434823,1628.5,5,0,0,0,0,0,0,0,0,1629.0,17,0,0,0,0,0,0,0,0
69,2017-04-17,09:00:35,415,j1709,XDCE,1629.0,1613.0,1655.0,85210,13934838500,181330,194760,1769.5,1477.5,1623.5,1612,0.0,1622,0,0,0,2017-04-17,32435415,1628.5,1,0,0,0,0,0,0,0,0,1629.0,16,0,0,0,0,0,0,0,0
70,2017-04-17,09:00:35,971,j1709,XDCE,1629.0,1613.0,1655.0,85238,13939398100,181330,194760,1769.5,1477.5,1623.5,1612,0.0,1622,0,0,0,2017-04-17,32435971,1628.0,13,0,0,0,0,0,0,0,0,1629.0,13,0,0,0,0,0,0,0,0
71,2017-04-17,09:00:36,454,j1709,XDCE,1629.0,1613.0,1655.0,85264,13943633500,181314,194760,1769.5,1477.5,1623.5,1612,0.0,1622,0,0,0,2017-04-17,32436454,1629.0,17,0,0,0,0,0,0,0,0,1630.0,24,0,0,0,0,0,0,0,0
72,2017-04-17,09:00:36,926,j1709,XDCE,1629.0,1613.0,1655.0,85268,13944285300,181314,194760,1769.5,1477.5,1623.5,1612,0.0,1622,0,0,0,2017-04-17,32436926,1629.0,18,0,0,0,0,0,0,0,0,1630.0,23,0,0,0,0,0,0,0,0
73,2017-04-17,09:00:37,466,j1709,XDCE,1629.5,1613.0,1655.0,85278,13945915000,181308,194760,1769.5,1477.5,1623.5,1612,0.0,1622,0,0,0,2017-04-17,32437466,1629.5,19,0,0,0,0,0,0,0,0,1630.0,20,0,0,0,0,0,0,0,0
74,2017-04-17,09:00:37,909,j1709,XDCE,1630.0,1613.0,1655.0,85298,13949174800,181300,194760,1769.5,1477.5,1623.5,1612,0.0,1622,0,0,0,2017-04-17,32437909,1629.5,17,0,0,0,0,0,0,0,0,1630.0,12,0,0,0,0,0,0,0,0
75,2017-04-17,09:00:38,444,j1709,XDCE,1630.0,1613.0,1655.0,85326,13953738700,181318,194760,1769.5,1477.5,1623.5,1612,0.0,1622,0,0,0,2017-04-17,32438444,1630.5,3,0,0,0,0,0,0,0,0,1631.0,1,0,0,0,0,0,0,0,0
76,2017-04-17,09:00:38,918,j1709,XDCE,1631.5,1613.0,1655.0,85346,13957000700,181318,194760,1769.5,1477.5,1623.5,1612,0.0,1622,0,0,0,2017-04-17,32438918,1630.0,2,0,0,0,0,0,0,0,0,1631.5,3,0,0,0,0,0,0,0,0
77,2017-04-17,09:00:39,459,j1709,XDCE,1630.5,1613.0,1655.0,85348,13957326800,181320,194760,1769.5,1477.5,1623.5,1612,0.0,1622,0,0,0,2017-04-17,32439459,1630.0,9,0,0,0,0,0,0,0,0,1631.0,3,0,0,0,0,0,0,0,0
78,2017-04-17,09:00:39,955,j1709,XDCE,1630.5,1613.0,1655.0,85356,13958631400,181314,194760,1769.5,1477.5,1623.5,1612,0.0,1622,0,0,0,2017-04-17,32439955,1630.0,9,0,0,0,0,0,0,0,0,1631.0,1,0,0,0,0,0,0,0,0
79,2017-04-17,09:00:40,387,j1709,XDCE,1630.5,1613.0,1655.0,85362,13959609900,181314,194760,1769.5,1477.5,1623.5,1612,0.0,1622,0,0,0,2017-04-17,32440387,1630.5,4,0,0,0,0,0,0,0,0,1631.0,2,0,0,0,0,0,0,0,0
80,2017-04-17,09:00:40,959,j1709,XDCE,1631.0,1613.0,1655.0,85380,13962545700,181312,194760,1769.5,1477.5,1623.5,1612,0.0,1622,0,0,0,2017-04-17,32440959,1631.0,7,0,0,0,0,0,0,0,0,1631.5,3,0,0,0,0,0,0,0,0
81,2017-04-17,09:00:41,336,j1709,XDCE,1631.0,1613.0,1655.0,85392,13964503100,181304,194760,1769.5,1477.5,1623.5,1612,0.0,1622,0,0,0,2017-04-17,32441336,1631.0,11,0,0,0,0,0,0,0,0,1631.5,2,0,0,0,0,0,0,0,0
82,2017-04-17,09:00:41,956,j1709,XDCE,1631.0,1613.0,1655.0,85418,13968743600,181286,194760,1769.5,1477.5,1623.5,1612,0.0,1622,0,0,0,2017-04-17,32441956,1630.5,3,0,0,0,0,0,0,0,0,1631.0,3,0,0,0,0,0,0,0,0
83,2017-04-17,09:00:42,459,j1709,XDCE,1631.5,1613.0,1655.0,85426,13970048400,181288,194760,1769.5,1477.5,1623.5,1612,0.0,1622,0,0,0,2017-04-17,32442459,1631.5,4,0,0,0,0,0,0,0,0,1632.0,3,0,0,0,0,0,0,0,0
84,2017-04-17,09:00:42,897,j1709,XDCE,1631.0,1613.0,1655.0,85436,13971679800,181296,194760,1769.5,1477.5,1623.5,1612,0.0,1622,0,0,0,2017-04-17,32442897,1631.0,1,0,0,0,0,0,0,0,0,1632.5,1,0,0,0,0,0,0,0,0
85,2017-04-17,09:00:43,373,j1709,XDCE,1631.0,1613.0,1655.0,85468,13976897000,181302,194760,1769.5,1477.5,1623.5,1612,0.0,1622,0,0,0,2017-04-17,32443373,1631.0,1,0,0,0,0,0,0,0,0,1632.5,1,0,0,0,0,0,0,0,0
86,2017-04-17,09:00:43,950,j1709,XDCE,1631.0,1613.0,1655.0,85492,13980811400,181302,194760,1769.5,1477.5,1623.5,1612,0.0,1622,0,0,0,2017-04-17,32443950,1631.5,50,0,0,0,0,0,0,0,0,1632.0,3,0,0,0,0,0,0,0,0
87,2017-04-17,09:00:44,430,j1709,XDCE,1631.5,1613.0,1655.0,85546,13989621500,181310,194760,1769.5,1477.5,1623.5,1612,0.0,1622,0,0,0,2017-04-17,32444430,1631.5,23,0,0,0,0,0,0,0,0,1632.0,4,0,0,0,0,0,0,0,0
88,2017-04-17,09:00:44,840,j1709,XDCE,1631.5,1613.0,1655.0,85558,13991579300,181318,194760,1769.5,1477.5,1623.5,1612,0.0,1622,0,0,0,2017-04-17,32444840,1631.5,17,0,0,0,0,0,0,0,0,1632.0,4,0,0,0,0,0,0,0,0
89,2017-04-17,09:00:45,461,j1709,XDCE,1631.5,1613.0,1655.0,85578,13994843100,181322,194760,1769.5,1477.5,1623.5,1612,0.0,1622,0,0,0,2017-04-17,32445461,1631.5,13,0,0,0,0,0,0,0,0,1632.5,1,0,0,0,0,0,0,0,0
90,2017-04-17,09:00:45,964,j1709,XDCE,1632.0,1613.0,1655.0,85590,13996801300,181324,194760,1769.5,1477.5,1623.5,1612,0.0,1622,0,0,0,2017-04-17,32445964,1631.5,11,0,0,0,0,0,0,0,0,1632.0,5,0,0,0,0,0,0,0,0
91,2017-04-17,09:00:46,413,j1709,XDCE,1632.0,1613.0,1655.0,85616,14001044300,181312,194760,1769.5,1477.5,1623.5,1612,0.0,1622,0,0,0,2017-04-17,32446413,1631.5,9,0,0,0,0,0,0,0,0,1632.5,1,0,0,0,0,0,0,0,0
92,2017-04-17,09:00:46,941,j1709,XDCE,1633.0,1613.0,1655.0,85632,14003656000,181306,194760,1769.5,1477.5,1623.5,1612,0.0,1622,0,0,0,2017-04-17,32446941,1632.0,5,0,0,0,0,0,0,0,0,1633.0,25,0,0,0,0,0,0,0,0
93,2017-04-17,09:00:47,413,j1709,XDCE,1632.0,1613.0,1655.0,85646,14005941000,181302,194760,1769.5,1477.5,1623.5,1612,0.0,1622,0,0,0,2017-04-17,32447413,1632.0,8,0,0,0,0,0,0,0,0,1633.0,25,0,0,0,0,0,0,0,0
94,2017-04-17,09:00:47,925,j1709,XDCE,1632.0,1613.0,1655.0,85666,14009205300,181312,194760,1769.5,1477.5,1623.5,1612,0.0,1622,0,0,0,2017-04-17,32447925,1632.0,6,0,0,0,0,0,0,0,0,1633.0,25,0,0,0,0,0,0,0,0
95,2017-04-17,09:00:48,426,j1709,XDCE,1631.5,1613.0,1655.0,85686,14012468900,181322,194760,1769.5,1477.5,1623.5,1612,0.0,1622,0,0,0,2017-04-17,32448426,1632.0,1,0,0,0,0,0,0,0,0,1632.5,3,0,0,0,0,0,0,0,0
96,2017-04-17,09:00:48,904,j1709,XDCE,1632.5,1613.0,1655.0,85702,14015080000,181316,194760,1769.5,1477.5,1623.5,1612,0.0,1622,0,0,0,2017-04-17,32448904,1632.5,8,0,0,0,0,0,0,0,0,1633.0,25,0,0,0,0,0,0,0,0
97,2017-04-17,09:00:49,468,j1709,XDCE,1633.5,1613.0,1655.0,85758,14024225100,181312,194760,1769.5,1477.5,1623.5,1612,0.0,1622,0,0,0,2017-04-17,32449468,1633.5,1,0,0,0,0,0,0,0,0,1634.0,4,0,0,0,0,0,0,0,0
98,2017-04-17,09:00:49,888,j1709,XDCE,1633.0,1613.0,1655.0,85768,14025858200,181308,194760,1769.5,1477.5,1623.5,1612,0.0,1622,0,0,0,2017-04-17,32449888,1633.0,8,0,0,0,0,0,0,0,0,1633.5,2,0,0,0,0,0,0,0,0
99,2017-04-17,09:00:50,463,j1709,XDCE,1633.5,1613.0,1655.0,85788,14029124500,181298,194760,1769.5,1477.5,1623.5,1612,0.0,1622,0,0,0,2017-04-17,32450463,1633.5,1,0,0,0,0,0,0,0,0,1634.0,4,0,0,0,0,0,0,0,0
100,2017-04-17,09:00:50,913,j1709,XDCE,1633.0,1613.0,1655.0,85792,14029777800,181294,194760,1769.5,1477.5,1623.5,1612,0.0,1622,0,0,0,2017-04-17,32450913,1633.0,6,0,0,0,0,0,0,0,0,1634.0,3,0,0,0,0,0,0,0,0
101,2017-04-17,09:00:51,453,j1709,XDCE,1633.0,1613.0,1655.0,85824,14035003400,181272,194760,1769.5,1477.5,1623.5,1612,0.0,1622,0,0,0,2017-04-17,32451453,1633.0,2,0,0,0,0,0,0,0,0,1634.0,4,0,0,0,0,0,0,0,0
102,2017-04-17,09:00:51,957,j1709,XDCE,1633.5,1613.0,1655.0,85836,14036963400,181274,194760,1769.5,1477.5,1623.5,1612,0.0,1622,0,0,0,2017-04-17,32451957,1633.5,6,0,0,0,0,0,0,0,0,1634.0,4,0,0,0,0,0,0,0,0
103,2017-04-17,09:00:52,472,j1709,XDCE,1634.0,1613.0,1655.0,85846,14038597000,181280,194760,1769.5,1477.5,1623.5,1612,0.0,1622,0,0,0,2017-04-17,32452472,1633.5,2,0,0,0,0,0,0,0,0,1634.0,8,0,0,0,0,0,0,0,0
104,2017-04-17,09:00:52,907,j1709,XDCE,1634.0,1613.0,1655.0,85880,14044151900,181292,194760,1769.5,1477.5,1623.5,1612,0.0,1622,0,0,0,2017-04-17,32452907,1634.0,1,0,0,0,0,0,0,0,0,1635.0,14,0,0,0,0,0,0,0,0
105,2017-04-17,09:00:53,460,j1709,XDCE,1633.5,1613.0,1655.0,85886,14045132200,181294,194760,1769.5,1477.5,1623.5,1612,0.0,1622,0,0,0,2017-04-17,32453460,1634.0,1,0,0,0,0,0,0,0,0,1634.5,1,0,0,0,0,0,0,0,0
106,2017-04-17,09:00:53,971,j1709,XDCE,1633.5,1613.0,1655.0,85906,14048399200,181304,194760,1769.5,1477.5,1623.5,1612,0.0,1622,0,0,0,2017-04-17,32453971,1633.0,10,0,0,0,0,0,0,0,0,1634.0,1,0,0,0,0,0,0,0,0
107,2017-04-17,09:00:54,396,j1709,XDCE,1634.0,1613.0,1655.0,85922,14051012400,181312,194760,1769.5,1477.5,1623.5,1612,0.0,1622,0,0,0,2017-04-17,32454396,1634.0,1,0,0,0,0,0,0,0,0,1634.5,1,0,0,0,0,0,0,0,0
108,2017-04-17,09:00:54,968,j1709,XDCE,1634.0,1613.0,1655.0,85932,14052646500,181312,194760,1769.5,1477.5,1623.5,1612,0.0,1622,0,0,0,2017-04-17,32454968,1634.0,8,0,0,0,0,0,0,0,0,1635.0,18,0,0,0,0,0,0,0,0
109,2017-04-17,09:00:55,303,j1709,XDCE,1634.0,1613.0,1655.0,85950,14055587700,181302,194760,1769.5,1477.5,1623.5,1612,0.0,1622,0,0,0,2017-04-17,32455303,1633.5,1,0,0,0,0,0,0,0,0,1634.5,3,0,0,0,0,0,0,0,0
110,2017-04-17,09:00:55,939,j1709,XDCE,1634.5,1613.0,1655.0,85962,14057548900,181304,194760,1769.5,1477.5,1623.5,1612,0.0,1622,0,0,0,2017-04-17,32455939,1634.5,6,0,0,0,0,0,0,0,0,1635.0,20,0,0,0,0,0,0,0,0
111,2017-04-17,09:00:56,385,j1709,XDCE,1634.0,1613.0,1655.0,85976,14059837100,181318,194760,1769.5,1477.5,1623.5,1612,0.0,1622,0,0,0,2017-04-17,32456385,1633.5,2,0,0,0,0,0,0,0,0,1635.0,27,0,0,0,0,0,0,0,0
112,2017-04-17,09:00:56,967,j1709,XDCE,1634.5,1613.0,1655.0,85994,14062778600,181318,194760,1769.5,1477.5,1623.5,1612,0.0,1622,0,0,0,2017-04-17,32456967,1634.0,4,0,0,0,0,0,0,0,0,1634.5,5,0,0,0,0,0,0,0,0
113,2017-04-17,09:00:57,394,j1709,XDCE,1633.5,1613.0,1655.0,86016,14066373200,181322,194760,1769.5,1477.5,1623.5,1612,0.0,1622,0,0,0,2017-04-17,32457394,1633.0,4,0,0,0,0,0,0,0,0,1633.5,2,0,0,0,0,0,0,0,0
114,2017-04-17,09:00:57,934,j1709,XDCE,1633.0,1613.0,1655.0,86040,14070294200,181330,194760,1769.5,1477.5,1623.5,1612,0.0,1622,0,0,0,2017-04-17,32457934,1633.0,1,0,0,0,0,0,0,0,0,1634.5,8,0,0,0,0,0,0,0,0
115,2017-04-17,09:00:58,335,j1709,XDCE,1633.0,1613.0,1655.0,86066,14074542700,181316,194760,1769.5,1477.5,1623.5,1612,0.0,1622,0,0,0,2017-04-17,32458335,1633.0,1,0,0,0,0,0,0,0,0,1634.0,1,0,0,0,0,0,0,0,0
116,2017-04-17,09:00:58,966,j1709,XDCE,1632.5,1613.0,1655.0,86080,14076829300,181316,194760,1769.5,1477.5,1623.5,1612,0.0,1622,0,0,0,2017-04-17,32458966,1632.5,11,0,0,0,0,0,0,0,0,1633.5,16,0,0,0,0,0,0,0,0
117,2017-04-17,09:00:59,390,j1709,XDCE,1632.5,1613.0,1655.0,86110,14081726900,181296,194760,1769.5,1477.5,1623.5,1612,0.0,1622,0,0,0,2017-04-17,32459390,1632.0,24,0,0,0,0,0,0,0,0,1632.5,1,0,0,0,0,0,0,0,0
118,2017-04-17,09:00:59,954,j1709,XDCE,1633.5,1613.0,1655.0,86124,14084013000,181284,194760,1769.5,1477.5,1623.5,1612,0.0,1622,0,0,0,2017-04-17,32459954,1633.5,2,0,0,0,0,0,0,0,0,1634.0,2,0,0,0,0,0,0,0,0
119,2017-04-17,09:01:00,464,j1709,XDCE,1632.5,1613.0,1655.0,86132,14085319400,181276,194760,1769.5,1477.5,1623.5,1612,0.0,1622,0,0,0,2017-04-17,32460464,1632.5,2,0,0,0,0,0,0,0,0,1633.0,2,0,0,0,0,0,0,0,0
120,2017-04-17,09:01:00,947,j1709,XDCE,1632.0,1613.0,1655.0,86140,14086625300,181278,194760,1769.5,1477.5,1623.5,1612,0.0,1622,0,0,0,2017-04-17,32460947,1632.0,23,0,0,0,0,0,0,0,0,1632.5,8,0,0,0,0,0,0,0,0
121,2017-04-17,09:01:01,394,j1709,XDCE,1631.0,1613.0,1655.0,86238,14102616300,181266,194760,1769.5,1477.5,1623.5,1612,0.0,1622,0,0,0,2017-04-17,32461394,1630.5,13,0,0,0,0,0,0,0,0,1631.5,3,0,0,0,0,0,0,0,0
122,2017-04-17,09:01:01,963,j1709,XDCE,1631.5,1613.0,1655.0,86304,14113382800,181256,194760,1769.5,1477.5,1623.5,1612,0.0,1622,0,0,0,2017-04-17,32461963,1630.5,4,0,0,0,0,0,0,0,0,1631.5,5,0,0,0,0,0,0,0,0
123,2017-04-17,09:01:02,394,j1709,XDCE,1630.5,1613.0,1655.0,86314,14115013300,181256,194760,1769.5,1477.5,1623.5,1612,0.0,1622,0,0,0,2017-04-17,32462394,1630.0,2,0,0,0,0,0,0,0,0,1630.5,4,0,0,0,0,0,0,0,0
124,2017-04-17,09:01:02,914,j1709,XDCE,1631.0,1613.0,1655.0,86332,14117948600,181250,194760,1769.5,1477.5,1623.5,1612,0.0,1622,0,0,0,2017-04-17,32462914,1630.5,3,0,0,0,0,0,0,0,0,1631.0,1,0,0,0,0,0,0,0,0
125,2017-04-17,09:01:03,398,j1709,XDCE,1631.0,1613.0,1655.0,86346,14120232000,181248,194760,1769.5,1477.5,1623.5,1612,0.0,1622,0,0,0,2017-04-17,32463398,1630.0,4,0,0,0,0,0,0,0,0,1631.0,1,0,0,0,0,0,0,0,0
126,2017-04-17,09:01:03,923,j1709,XDCE,1630.5,1613.0,1655.0,86356,14121862700,181252,194760,1769.5,1477.5,1623.5,1612,0.0,1622,0,0,0,2017-04-17,32463923,1630.0,4,0,0,0,0,0,0,0,0,1630.5,10,0,0,0,0,0,0,0,0
127,2017-04-17,09:01:04,435,j1709,XDCE,1630.5,1613.0,1655.0,86376,14125123400,181254,194760,1769.5,1477.5,1623.5,1612,0.0,1622,0,0,0,2017-04-17,32464435,1629.5,1,0,0,0,0,0,0,0,0,1630.5,8,0,0,0,0,0,0,0,0
128,2017-04-17,09:01:04,967,j1709,XDCE,1630.0,1613.0,1655.0,86406,14130013600,181242,194760,1769.5,1477.5,1623.5,1612,0.0,1622,0,0,0,2017-04-17,32464967,1629.5,1,0,0,0,0,0,0,0,0,1630.0,1,0,0,0,0,0,0,0,0
129,2017-04-17,09:01:05,395,j1709,XDCE,1630.0,1613.0,1655.0,86406,14130013600,181242,194760,1769.5,1477.5,1623.5,1612,0.0,1622,0,0,0,2017-04-17,32465395,1629.5,4,0,0,0,0,0,0,0,0,1630.0,3,0,0,0,0,0,0,0,0
130,2017-04-17,09:01:05,947,j1709,XDCE,1629.5,1613.0,1655.0,86442,14135879800,181214,194760,1769.5,1477.5,1623.5,1612,0.0,1622,0,0,0,2017-04-17,32465947,1629.0,15,0,0,0,0,0,0,0,0,1629.5,14,0,0,0,0,0,0,0,0
131,2017-04-17,09:01:06,441,j1709,XDCE,1629.5,1613.0,1655.0,86502,14145658000,181224,194760,1769.5,1477.5,1623.5,1612,0.0,1622,0,0,0,2017-04-17,32466441,1629.0,15,0,0,0,0,0,0,0,0,1629.5,1,0,0,0,0,0,0,0,0
132,2017-04-17,09:01:06,916,j1709,XDCE,1629.0,1613.0,1655.0,86524,14149242000,181212,194760,1769.5,1477.5,1623.5,1612,0.0,1622,0,0,0,2017-04-17,32466916,1629.0,8,0,0,0,0,0,0,0,0,1629.5,2,0,0,0,0,0,0,0,0
133,2017-04-17,09:01:07,406,j1709,XDCE,1629.0,1613.0,1655.0,86540,14151848400,181208,194760,1769.5,1477.5,1623.5,1612,0.0,1622,0,0,0,2017-04-17,32467406,1628.5,50,0,0,0,0,0,0,0,0,1629.0,2,0,0,0,0,0,0,0,0
134,2017-04-17,09:01:07,875,j1709,XDCE,1628.5,1613.0,1655.0,86562,14155431100,181198,194760,1769.5,1477.5,1623.5,1612,0.0,1622,0,0,0,2017-04-17,32467875,1628.5,39,0,0,0,0,0,0,0,0,1629.0,3,0,0,0,0,0,0,0,0
135,2017-04-17,09:01:08,426,j1709,XDCE,1628.5,1613.0,1655.0,86616,14164225100,181166,194760,1769.5,1477.5,1623.5,1612,0.0,1622,0,0,0,2017-04-17,32468426,1628.5,13,0,0,0,0,0,0,0,0,1629.0,6,0,0,0,0,0,0,0,0
136,2017-04-17,09:01:08,933,j1709,XDCE,1628.0,1613.0,1655.0,86644,14168784800,181140,194760,1769.5,1477.5,1623.5,1612,0.0,1622,0,0,0,2017-04-17,32468933,1628.0,13,0,0,0,0,0,0,0,0,1628.5,10,0,0,0,0,0,0,0,0
137,2017-04-17,09:01:09,465,j1709,XDCE,1628.0,1613.0,1655.0,86674,14173669000,181154,194760,1769.5,1477.5,1623.5,1612,0.0,1622,0,0,0,2017-04-17,32469465,1627.5,12,0,0,0,0,0,0,0,0,1628.5,14,0,0,0,0,0,0,0,0
138,2017-04-17,09:01:09,942,j1709,XDCE,1627.5,1613.0,1655.0,86700,14177900700,181140,194760,1769.5,1477.5,1623.5,1612,0.0,1622,0,0,0,2017-04-17,32469942,1627.0,1,0,0,0,0,0,0,0,0,1627.5,8,0,0,0,0,0,0,0,0
139,2017-04-17,09:01:10,356,j1709,XDCE,1627.0,1613.0,1655.0,86706,14178877000,181138,194760,1769.5,1477.5,1623.5,1612,0.0,1622,0,0,0,2017-04-17,32470356,1626.5,8,0,0,0,0,0,0,0,0,1627.5,9,0,0,0,0,0,0,0,0
140,2017-04-17,09:01:10,951,j1709,XDCE,1627.0,1613.0,1655.0,86734,14183433700,181116,194760,1769.5,1477.5,1623.5,1612,0.0,1622,0,0,0,2017-04-17,32470951,1627.0,5,0,0,0,0,0,0,0,0,1628.0,9,0,0,0,0,0,0,0,0
141,2017-04-17,09:01:11,406,j1709,XDCE,1627.0,1613.0,1655.0,86756,14187013300,181130,194760,1769.5,1477.5,1623.5,1612,0.0,1622,0,0,0,2017-04-17,32471406,1626.5,8,0,0,0,0,0,0,0,0,1627.0,6,0,0,0,0,0,0,0,0
142,2017-04-17,09:01:11,952,j1709,XDCE,1626.5,1613.0,1655.0,86764,14188314500,181128,194760,1769.5,1477.5,1623.5,1612,0.0,1622,0,0,0,2017-04-17,32471952,1626.5,4,0,0,0,0,0,0,0,0,1627.0,8,0,0,0,0,0,0,0,0
143,2017-04-17,09:01:12,438,j1709,XDCE,1626.5,1613.0,1655.0,86774,14189941000,181120,194760,1769.5,1477.5,1623.5,1612,0.0,1622,0,0,0,2017-04-17,32472438,1626.0,10,0,0,0,0,0,0,0,0,1627.0,8,0,0,0,0,0,0,0,0
144,2017-04-17,09:01:12,917,j1709,XDCE,1626.0,1613.0,1655.0,86794,14193193300,181110,194760,1769.5,1477.5,1623.5,1612,0.0,1622,0,0,0,2017-04-17,32472917,1626.0,3,0,0,0,0,0,0,0,0,1627.0,8,0,0,0,0,0,0,0,0
145,2017-04-17,09:01:13,441,j1709,XDCE,1627.0,1613.0,1655.0,86800,14194169300,181110,194760,1769.5,1477.5,1623.5,1612,0.0,1622,0,0,0,2017-04-17,32473441,1626.0,2,0,0,0,0,0,0,0,0,1626.5,2,0,0,0,0,0,0,0,0
146,2017-04-17,09:01:13,931,j1709,XDCE,1626.0,1613.0,1655.0,86820,14197421100,181106,194760,1769.5,1477.5,1623.5,1612,0.0,1622,0,0,0,2017-04-17,32473931,1625.5,1,0,0,0,0,0,0,0,0,1626.0,43,0,0,0,0,0,0,0,0
147,2017-04-17,09:01:14,459,j1709,XDCE,1625.5,1613.0,1655.0,86860,14203925000,181084,194760,1769.5,1477.5,1623.5,1612,0.0,1622,0,0,0,2017-04-17,32474459,1625.0,5,0,0,0,0,0,0,0,0,1625.5,4,0,0,0,0,0,0,0,0
148,2017-04-17,09:01:14,948,j1709,XDCE,1625.5,1613.0,1655.0,86876,14206525800,181096,194760,1769.5,1477.5,1623.5,1612,0.0,1622,0,0,0,2017-04-17,32474948,1625.0,5,0,0,0,0,0,0,0,0,1625.5,2,0,0,0,0,0,0,0,0
149,2017-04-17,09:01:15,422,j1709,XDCE,1625.5,1613.0,1655.0,86880,14207176000,181100,194760,1769.5,1477.5,1623.5,1612,0.0,1622,0,0,0,2017-04-17,32475422,1625.0,9,0,0,0,0,0,0,0,0,1626.0,30,0,0,0,0,0,0,0,0
150,2017-04-17,09:01:15,944,j1709,XDCE,1625.0,1613.0,1655.0,86888,14208476100,181100,194760,1769.5,1477.5,1623.5,1612,0.0,1622,0,0,0,2017-04-17,32475944,1625.0,7,0,0,0,0,0,0,0,0,1626.0,32,0,0,0,0,0,0,0,0
151,2017-04-17,09:01:16,457,j1709,XDCE,1625.0,1613.0,1655.0,86894,14209451500,181100,194760,1769.5,1477.5,1623.5,1612,0.0,1622,0,0,0,2017-04-17,32476457,1625.0,23,0,0,0,0,0,0,0,0,1625.5,12,0,0,0,0,0,0,0,0
152,2017-04-17,09:01:16,962,j1709,XDCE,1625.0,1613.0,1655.0,86960,14220177700,181112,194760,1769.5,1477.5,1623.5,1612,0.0,1622,0,0,0,2017-04-17,32476962,1625.0,2,0,0,0,0,0,0,0,0,1625.5,3,0,0,0,0,0,0,0,0
153,2017-04-17,09:01:17,464,j1709,XDCE,1624.5,1613.0,1655.0,86986,14224401900,181098,194760,1769.5,1477.5,1623.5,1612,0.0,1622,0,0,0,2017-04-17,32477464,1624.5,1,0,0,0,0,0,0,0,0,1625.0,14,0,0,0,0,0,0,0,0
154,2017-04-17,09:01:17,972,j1709,XDCE,1624.5,1613.0,1655.0,86988,14224726800,181096,194760,1769.5,1477.5,1623.5,1612,0.0,1622,0,0,0,2017-04-17,32477972,1624.0,15,0,0,0,0,0,0,0,0,1624.5,5,0,0,0,0,0,0,0,0
155,2017-04-17,09:01:18,420,j1709,XDCE,1625.0,1613.0,1655.0,87004,14227326100,181090,194760,1769.5,1477.5,1623.5,1612,0.0,1622,0,0,0,2017-04-17,32478420,1624.0,15,0,0,0,0,0,0,0,0,1625.0,13,0,0,0,0,0,0,0,0
156,2017-04-17,09:01:18,956,j1709,XDCE,1626.0,1613.0,1655.0,87060,14236427800,181108,194760,1769.5,1477.5,1623.5,1612,0.0,1622,0,0,0,2017-04-17,32478956,1624.5,1,0,0,0,0,0,0,0,0,1625.0,12,0,0,0,0,0,0,0,0
157,2017-04-17,09:01:19,402,j1709,XDCE,1624.0,1613.0,1655.0,87082,14240001300,181108,194760,1769.5,1477.5,1623.5,1612,0.0,1622,0,0,0,2017-04-17,32479402,1624.0,5,0,0,0,0,0,0,0,0,1624.5,5,0,0,0,0,0,0,0,0
158,2017-04-17,09:01:19,944,j1709,XDCE,1624.0,1613.0,1655.0,87108,14244224100,181100,194760,1769.5,1477.5,1623.5,1612,0.0,1622,0,0,0,2017-04-17,32479944,1623.5,13,0,0,0,0,0,0,0,0,1624.5,1,0,0,0,0,0,0,0,0
159,2017-04-17,09:01:20,451,j1709,XDCE,1624.5,1613.0,1655.0,87124,14246822900,181094,194760,1769.5,1477.5,1623.5,1612,0.0,1622,0,0,0,2017-04-17,32480451,1623.5,13,0,0,0,0,0,0,0,0,1624.0,10,0,0,0,0,0,0,0,0
160,2017-04-17,09:01:20,702,j1709,XDCE,1624.0,1613.0,1655.0,87126,14247147700,181096,194760,1769.5,1477.5,1623.5,1612,0.0,1622,0,0,0,2017-04-17,32480702,1623.5,13,0,0,0,0,0,0,0,0,1624.0,15,0,0,0,0,0,0,0,0
161,2017-04-17,09:01:21,465,j1709,XDCE,1624.0,1613.0,1655.0,87140,14249421300,181102,194760,1769.5,1477.5,1623.5,1612,0.0,1622,0,0,0,2017-04-17,32481465,1623.5,13,0,0,0,0,0,0,0,0,1624.0,8,0,0,0,0,0,0,0,0
162,2017-04-17,09:01:21,928,j1709,XDCE,1624.0,1613.0,1655.0,87168,14253967200,181082,194760,1769.5,1477.5,1623.5,1612,0.0,1622,0,0,0,2017-04-17,32481928,1623.5,4,0,0,0,0,0,0,0,0,1624.0,3,0,0,0,0,0,0,0,0
163,2017-04-17,09:01:22,411,j1709,XDCE,1624.0,1613.0,1655.0,87176,14255266300,181080,194760,1769.5,1477.5,1623.5,1612,0.0,1622,0,0,0,2017-04-17,32482411,1623.5,3,0,0,0,0,0,0,0,0,1624.0,9,0,0,0,0,0,0,0,0
164,2017-04-17,09:01:22,962,j1709,XDCE,1624.0,1613.0,1655.0,87198,14258838800,181084,194760,1769.5,1477.5,1623.5,1612,0.0,1622,0,0,0,2017-04-17,32482962,1623.0,7,0,0,0,0,0,0,0,0,1624.0,3,0,0,0,0,0,0,0,0
165,2017-04-17,09:01:23,462,j1709,XDCE,1623.5,1613.0,1655.0,87200,14259163500,181084,194760,1769.5,1477.5,1623.5,1612,0.0,1622,0,0,0,2017-04-17,32483462,1623.0,9,0,0,0,0,0,0,0,0,1623.5,12,0,0,0,0,0,0,0,0
166,2017-04-17,09:01:23,937,j1709,XDCE,1623.0,1613.0,1655.0,87228,14263708200,181090,194760,1769.5,1477.5,1623.5,1612,0.0,1622,0,0,0,2017-04-17,32483937,1622.5,3,0,0,0,0,0,0,0,0,1623.0,48,0,0,0,0,0,0,0,0
167,2017-04-17,09:01:24,402,j1709,XDCE,1622.5,1613.0,1655.0,87234,14264681700,181086,194760,1769.5,1477.5,1623.5,1612,0.0,1622,0,0,0,2017-04-17,32484402,1622.0,12,0,0,0,0,0,0,0,0,1623.0,49,0,0,0,0,0,0,0,0
168,2017-04-17,09:01:24,944,j1709,XDCE,1623.0,1613.0,1655.0,87266,14269873800,181104,194760,1769.5,1477.5,1623.5,1612,0.0,1622,0,0,0,2017-04-17,32484944,1622.0,8,0,0,0,0,0,0,0,0,1623.0,45,0,0,0,0,0,0,0,0
169,2017-04-17,09:01:25,472,j1709,XDCE,1622.0,1613.0,1655.0,87286,14273118400,181104,194760,1769.5,1477.5,1623.5,1612,0.0,1622,0,0,0,2017-04-17,32485472,1622.0,1,0,0,0,0,0,0,0,0,1622.5,2,0,0,0,0,0,0,0,0
170,2017-04-17,09:01:25,926,j1709,XDCE,1622.0,1613.0,1655.0,87290,14273767200,181108,194760,1769.5,1477.5,1623.5,1612,0.0,1622,0,0,0,2017-04-17,32485926,1621.5,7,0,0,0,0,0,0,0,0,1622.0,6,0,0,0,0,0,0,0,0
171,2017-04-17,09:01:26,472,j1709,XDCE,1621.5,1613.0,1655.0,87296,14274740200,181114,194760,1769.5,1477.5,1623.5,1612,0.0,1622,0,0,0,2017-04-17,32486472,1621.5,5,0,0,0,0,0,0,0,0,1622.0,7,0,0,0,0,0,0,0,0
172,2017-04-17,09:01:26,849,j1709,XDCE,1621.5,1613.0,1655.0,87306,14276361700,181124,194760,1769.5,1477.5,1623.5,1612,0.0,1622,0,0,0,2017-04-17,32486849,1621.0,29,0,0,0,0,0,0,0,0,1621.5,10,0,0,0,0,0,0,0,0
173,2017-04-17,09:01:27,468,j1709,XDCE,1621.0,1613.0,1655.0,87326,14279603700,181112,194760,1769.5,1477.5,1623.5,1612,0.0,1622,0,0,0,2017-04-17,32487468,1621.0,23,0,0,0,0,0,0,0,0,1621.5,10,0,0,0,0,0,0,0,0
174,2017-04-17,09:01:27,962,j1709,XDCE,1621.5,1613.0,1655.0,87398,14291274700,181094,194760,1769.5,1477.5,1623.5,1612,0.0,1622,0,0,0,2017-04-17,32487962,1620.5,2,0,0,0,0,0,0,0,0,1621.0,5,0,0,0,0,0,0,0,0
175,2017-04-17,09:01:28,431,j1709,XDCE,1620.5,1613.0,1655.0,87408,14292895200,181102,194760,1769.5,1477.5,1623.5,1612,0.0,1622,0,0,0,2017-04-17,32488431,1620.0,33,0,0,0,0,0,0,0,0,1621.0,5,0,0,0,0,0,0,0,0
176,2017-04-17,09:01:28,971,j1709,XDCE,1621.0,1613.0,1655.0,87424,14295487900,181104,194760,1769.5,1477.5,1623.5,1612,0.0,1622,0,0,0,2017-04-17,32488971,1620.0,30,0,0,0,0,0,0,0,0,1622.0,8,0,0,0,0,0,0,0,0
177,2017-04-17,09:01:29,455,j1709,XDCE,1621.0,1613.0,1655.0,87440,14298081200,181104,194760,1769.5,1477.5,1623.5,1612,0.0,1622,0,0,0,2017-04-17,32489455,1620.5,15,0,0,0,0,0,0,0,0,1621.0,11,0,0,0,0,0,0,0,0
178,2017-04-17,09:01:29,880,j1709,XDCE,1620.5,1613.0,1655.0,87474,14303591100,181100,194760,1769.5,1477.5,1623.5,1612,0.0,1622,0,0,0,2017-04-17,32489880,1620.0,29,0,0,0,0,0,0,0,0,1621.0,28,0,0,0,0,0,0,0,0
179,2017-04-17,09:01:30,412,j1709,XDCE,1620.5,1613.0,1655.0,87488,14305859500,181100,194760,1769.5,1477.5,1623.5,1612,0.0,1622,0,0,0,2017-04-17,32490412,1620.5,3,0,0,0,0,0,0,0,0,1621.0,28,0,0,0,0,0,0,0,0
180,2017-04-17,09:01:30,914,j1709,XDCE,1620.5,1613.0,1655.0,87530,14312665900,181086,194760,1769.5,1477.5,1623.5,1612,0.0,1622,0,0,0,2017-04-17,32490914,1620.0,32,0,0,0,0,0,0,0,0,1620.5,2,0,0,0,0,0,0,0,0
181,2017-04-17,09:01:31,463,j1709,XDCE,1620.5,1613.0,1655.0,87566,14318500100,181080,194760,1769.5,1477.5,1623.5,1612,0.0,1622,0,0,0,2017-04-17,32491463,1620.0,29,0,0,0,0,0,0,0,0,1620.5,31,0,0,0,0,0,0,0,0
182,2017-04-17,09:01:31,861,j1709,XDCE,1620.0,1613.0,1655.0,87670,14335350100,181072,194760,1769.5,1477.5,1623.5,1612,0.0,1622,0,0,0,2017-04-17,32491861,1619.5,1,0,0,0,0,0,0,0,0,1620.0,22,0,0,0,0,0,0,0,0
183,2017-04-17,09:01:32,466,j1709,XDCE,1619.0,1613.0,1655.0,87686,14337940800,181066,194760,1769.5,1477.5,1623.5,1612,0.0,1622,0,0,0,2017-04-17,32492466,1619.0,1,0,0,0,0,0,0,0,0,1619.5,3,0,0,0,0,0,0,0,0
184,2017-04-17,09:01:32,932,j1709,XDCE,1619.0,1613.0,1655.0,87708,14341502600,181056,194760,1769.5,1477.5,1623.5,1612,0.0,1622,0,0,0,2017-04-17,32492932,1618.5,1,0,0,0,0,0,0,0,0,1619.0,1,0,0,0,0,0,0,0,0
185,2017-04-17,09:01:33,447,j1709,XDCE,1618.0,1613.0,1655.0,87716,14342797300,181058,194760,1769.5,1477.5,1623.5,1612,0.0,1622,0,0,0,2017-04-17,32493447,1618.0,15,0,0,0,0,0,0,0,0,1618.5,4,0,0,0,0,0,0,0,0
186,2017-04-17,09:01:33,969,j1709,XDCE,1618.5,1613.0,1655.0,87750,14348300200,181068,194760,1769.5,1477.5,1623.5,1612,0.0,1622,0,0,0,2017-04-17,32493969,1618.0,17,0,0,0,0,0,0,0,0,1618.5,52,0,0,0,0,0,0,0,0
187,2017-04-17,09:01:34,439,j1709,XDCE,1618.5,1613.0,1655.0,87794,14355419700,181074,194760,1769.5,1477.5,1623.5,1612,0.0,1622,0,0,0,2017-04-17,32494439,1618.0,3,0,0,0,0,0,0,0,0,1618.5,51,0,0,0,0,0,0,0,0
188,2017-04-17,09:01:34,965,j1709,XDCE,1618.5,1613.0,1655.0,87814,14358655800,181068,194760,1769.5,1477.5,1623.5,1612,0.0,1622,0,0,0,2017-04-17,32494965,1617.5,2,0,0,0,0,0,0,0,0,1618.5,51,0,0,0,0,0,0,0,0
189,2017-04-17,09:01:35,468,j1709,XDCE,1618.0,1613.0,1655.0,87848,14364156900,181082,194760,1769.5,1477.5,1623.5,1612,0.0,1622,0,0,0,2017-04-17,32495468,1617.5,1,0,0,0,0,0,0,0,0,1618.0,2,0,0,0,0,0,0,0,0
190,2017-04-17,09:01:35,962,j1709,XDCE,1617.5,1613.0,1655.0,87866,14367068900,181086,194760,1769.5,1477.5,1623.5,1612,0.0,1622,0,0,0,2017-04-17,32495962,1617.0,41,0,0,0,0,0,0,0,0,1618.0,21,0,0,0,0,0,0,0,0
191,2017-04-17,09:01:36,417,j1709,XDCE,1618.0,1613.0,1655.0,87872,14368039700,181082,194760,1769.5,1477.5,1623.5,1612,0.0,1622,0,0,0,2017-04-17,32496417,1617.0,42,0,0,0,0,0,0,0,0,1618.0,19,0,0,0,0,0,0,0,0
192,2017-04-17,09:01:36,897,j1709,XDCE,1617.0,1613.0,1655.0,87988,14386797300,181160,194760,1769.5,1477.5,1623.5,1612,0.0,1622,0,0,0,2017-04-17,32496897,1616.0,10,0,0,0,0,0,0,0,0,1617.0,30,0,0,0,0,0,0,0,0
193,2017-04-17,09:01:37,468,j1709,XDCE,1617.0,1613.0,1655.0,88018,14391648300,181174,194760,1769.5,1477.5,1623.5,1612,0.0,1622,0,0,0,2017-04-17,32497468,1616.0,26,0,0,0,0,0,0,0,0,1616.5,2,0,0,0,0,0,0,0,0
194,2017-04-17,09:01:37,949,j1709,XDCE,1617.0,1613.0,1655.0,88032,14393911800,181184,194760,1769.5,1477.5,1623.5,1612,0.0,1622,0,0,0,2017-04-17,32497949,1616.5,1,0,0,0,0,0,0,0,0,1617.0,16,0,0,0,0,0,0,0,0
195,2017-04-17,09:01:38,382,j1709,XDCE,1616.5,1613.0,1655.0,88064,14399085600,181198,194760,1769.5,1477.5,1623.5,1612,0.0,1622,0,0,0,2017-04-17,32498382,1616.0,13,0,0,0,0,0,0,0,0,1616.5,6,0,0,0,0,0,0,0,0
196,2017-04-17,09:01:38,960,j1709,XDCE,1616.5,1613.0,1655.0,88116,14407489700,181202,194760,1769.5,1477.5,1623.5,1612,0.0,1622,0,0,0,2017-04-17,32498960,1616.0,2,0,0,0,0,0,0,0,0,1616.5,4,0,0,0,0,0,0,0,0
197,2017-04-17,09:01:39,458,j1709,XDCE,1617.0,1613.0,1655.0,88132,14410076500,181204,194760,1769.5,1477.5,1623.5,1612,0.0,1622,0,0,0,2017-04-17,32499458,1616.0,2,0,0,0,0,0,0,0,0,1617.0,3,0,0,0,0,0,0,0,0
198,2017-04-17,09:01:39,887,j1709,XDCE,1617.0,1613.0,1655.0,88148,14412662800,181208,194760,1769.5,1477.5,1623.5,1612,0.0,1622,0,0,0,2017-04-17,32499887,1616.5,1,0,0,0,0,0,0,0,0,1617.0,2,0,0,0,0,0,0,0,0
199,2017-04-17,09:01:40,462,j1709,XDCE,1617.0,1613.0,1655.0,88190,14419454400,181200,194760,1769.5,1477.5,1623.5,1612,0.0,1622,0,0,0,2017-04-17,32500462,1617.0,11,0,0,0,0,0,0,0,0,1617.5,29,0,0,0,0,0,0,0,0
200,2017-04-17,09:01:40,907,j1709,XDCE,1617.0,1613.0,1655.0,88242,14427861500,181172,194760,1769.5,1477.5,1623.5,1612,0.0,1622,0,0,0,2017-04-17,32500907,1615.5,10,0,0,0,0,0,0,0,0,1616.0,4,0,0,0,0,0,0,0,0
201,2017-04-17,09:01:41,399,j1709,XDCE,1616.5,1613.0,1655.0,88256,14430124300,181182,194760,1769.5,1477.5,1623.5,1612,0.0,1622,0,0,0,2017-04-17,32501399,1616.5,4,0,0,0,0,0,0,0,0,1617.0,2,0,0,0,0,0,0,0,0
202,2017-04-17,09:01:41,966,j1709,XDCE,1617.0,1613.0,1655.0,88282,14434326700,181196,194760,1769.5,1477.5,1623.5,1612,0.0,1622,0,0,0,2017-04-17,32501966,1616.0,2,0,0,0,0,0,0,0,0,1617.0,2,0,0,0,0,0,0,0,0
203,2017-04-17,09:01:42,393,j1709,XDCE,1617.0,1613.0,1655.0,88310,14438851900,181200,194760,1769.5,1477.5,1623.5,1612,0.0,1622,0,0,0,2017-04-17,32502393,1616.0,1,0,0,0,0,0,0,0,0,1617.5,27,0,0,0,0,0,0,0,0
204,2017-04-17,09:01:42,965,j1709,XDCE,1616.5,1613.0,1655.0,88338,14443376800,181204,194760,1769.5,1477.5,1623.5,1612,0.0,1622,0,0,0,2017-04-17,32502965,1616.5,16,0,0,0,0,0,0,0,0,1617.0,1,0,0,0,0,0,0,0,0
205,2017-04-17,09:01:43,449,j1709,XDCE,1617.0,1613.0,1655.0,88480,14466324800,181210,194760,1769.5,1477.5,1623.5,1612,0.0,1622,0,0,0,2017-04-17,32503449,1617.0,13,0,0,0,0,0,0,0,0,1617.5,21,0,0,0,0,0,0,0,0
206,2017-04-17,09:01:43,961,j1709,XDCE,1617.0,1613.0,1655.0,88530,14474408800,181202,194760,1769.5,1477.5,1623.5,1612,0.0,1622,0,0,0,2017-04-17,32503961,1616.0,1,0,0,0,0,0,0,0,0,1617.0,7,0,0,0,0,0,0,0,0
207,2017-04-17,09:01:44,466,j1709,XDCE,1616.5,1613.0,1655.0,88544,14476671900,181198,194760,1769.5,1477.5,1623.5,1612,0.0,1622,0,0,0,2017-04-17,32504466,1616.0,17,0,0,0,0,0,0,0,0,1616.5,1,0,0,0,0,0,0,0,0
208,2017-04-17,09:01:44,921,j1709,XDCE,1617.5,1613.0,1655.0,88644,14492839200,181204,194760,1769.5,1477.5,1623.5,1612,0.0,1622,0,0,0,2017-04-17,32504921,1617.0,1,0,0,0,0,0,0,0,0,1617.5,1,0,0,0,0,0,0,0,0
209,2017-04-17,09:01:45,458,j1709,XDCE,1617.0,1613.0,1655.0,88664,14496072100,181208,194760,1769.5,1477.5,1623.5,1612,0.0,1622,0,0,0,2017-04-17,32505458,1616.0,1,0,0,0,0,0,0,0,0,1617.0,4,0,0,0,0,0,0,0,0
210,2017-04-17,09:01:45,970,j1709,XDCE,1616.0,1613.0,1655.0,88738,14508030900,181184,194760,1769.5,1477.5,1623.5,1612,0.0,1622,0,0,0,2017-04-17,32505970,1615.5,4,0,0,0,0,0,0,0,0,1616.0,17,0,0,0,0,0,0,0,0
211,2017-04-17,09:01:46,439,j1709,XDCE,1616.0,1613.0,1655.0,88772,14513524800,181158,194760,1769.5,1477.5,1623.5,1612,0.0,1622,0,0,0,2017-04-17,32506439,1615.0,25,0,0,0,0,0,0,0,0,1616.0,7,0,0,0,0,0,0,0,0
212,2017-04-17,09:01:46,934,j1709,XDCE,1615.5,1613.0,1655.0,88794,14517079600,181156,194760,1769.5,1477.5,1623.5,1612,0.0,1622,0,0,0,2017-04-17,32506934,1615.0,24,0,0,0,0,0,0,0,0,1616.5,3,0,0,0,0,0,0,0,0
213,2017-04-17,09:01:47,466,j1709,XDCE,1616.0,1613.0,1655.0,88802,14518372400,181154,194760,1769.5,1477.5,1623.5,1612,0.0,1622,0,0,0,2017-04-17,32507466,1615.5,1,0,0,0,0,0,0,0,0,1616.0,10,0,0,0,0,0,0,0,0
214,2017-04-17,09:01:47,862,j1709,XDCE,1615.5,1613.0,1655.0,88822,14521603200,181162,194760,1769.5,1477.5,1623.5,1612,0.0,1622,0,0,0,2017-04-17,32507862,1615.0,21,0,0,0,0,0,0,0,0,1615.5,15,0,0,0,0,0,0,0,0
215,2017-04-17,09:01:48,471,j1709,XDCE,1615.0,1613.0,1655.0,88870,14529355500,181172,194760,1769.5,1477.5,1623.5,1612,0.0,1622,0,0,0,2017-04-17,32508471,1614.5,11,0,0,0,0,0,0,0,0,1615.0,7,0,0,0,0,0,0,0,0
216,2017-04-17,09:01:48,968,j1709,XDCE,1615.5,1613.0,1655.0,88906,14535168200,181162,194760,1769.5,1477.5,1623.5,1612,0.0,1622,0,0,0,2017-04-17,32508968,1614.0,7,0,0,0,0,0,0,0,0,1614.5,2,0,0,0,0,0,0,0,0
217,2017-04-17,09:01:49,471,j1709,XDCE,1615.0,1613.0,1655.0,88938,14540336200,181154,194760,1769.5,1477.5,1623.5,1612,0.0,1622,0,0,0,2017-04-17,32509471,1614.5,4,0,0,0,0,0,0,0,0,1615.0,2,0,0,0,0,0,0,0,0
218,2017-04-17,09:01:49,927,j1709,XDCE,1615.0,1613.0,1655.0,88942,14540982100,181156,194760,1769.5,1477.5,1623.5,1612,0.0,1622,0,0,0,2017-04-17,32509927,1614.0,7,0,0,0,0,0,0,0,0,1614.5,1,0,0,0,0,0,0,0,0
219,2017-04-17,09:01:50,440,j1709,XDCE,1615.0,1613.0,1655.0,88956,14543242000,181154,194760,1769.5,1477.5,1623.5,1612,0.0,1622,0,0,0,2017-04-17,32510440,1614.0,2,0,0,0,0,0,0,0,0,1615.0,5,0,0,0,0,0,0,0,0
220,2017-04-17,09:01:50,872,j1709,XDCE,1615.0,1613.0,1655.0,88962,14544210700,181152,194760,1769.5,1477.5,1623.5,1612,0.0,1622,0,0,0,2017-04-17,32510872,1614.0,1,0,0,0,0,0,0,0,0,1615.0,23,0,0,0,0,0,0,0,0
221,2017-04-17,09:01:51,459,j1709,XDCE,1614.0,1613.0,1655.0,88966,14544856300,181150,194760,1769.5,1477.5,1623.5,1612,0.0,1622,0,0,0,2017-04-17,32511459,1613.5,14,0,0,0,0,0,0,0,0,1614.0,5,0,0,0,0,0,0,0,0
222,2017-04-17,09:01:51,961,j1709,XDCE,1613.5,1613.0,1655.0,88996,14549697200,181150,194760,1769.5,1477.5,1623.5,1612,0.0,1622,0,0,0,2017-04-17,32511961,1613.5,3,0,0,0,0,0,0,0,0,1614.0,6,0,0,0,0,0,0,0,0
223,2017-04-17,09:01:52,351,j1709,XDCE,1614.0,1613.0,1655.0,89014,14552601400,181152,194760,1769.5,1477.5,1623.5,1612,0.0,1622,0,0,0,2017-04-17,32512351,1613.0,23,0,0,0,0,0,0,0,0,1614.0,6,0,0,0,0,0,0,0,0
224,2017-04-17,09:01:52,923,j1709,XDCE,1614.0,1613.0,1655.0,89024,14554214900,181154,194760,1769.5,1477.5,1623.5,1612,0.0,1622,0,0,0,2017-04-17,32512923,1613.0,21,0,0,0,0,0,0,0,0,1614.0,7,0,0,0,0,0,0,0,0
225,2017-04-17,09:01:53,396,j1709,XDCE,1614.0,1611.5,1655.0,89176,14578723900,181100,194760,1769.5,1477.5,1623.5,1612,0.0,1622,0,0,0,2017-04-17,32513396,1611.5,40,0,0,0,0,0,0,0,0,1613.5,1,0,0,0,0,0,0,0,0
226,2017-04-17,09:01:53,971,j1709,XDCE,1613.0,1611.5,1655.0,89194,14581626800,181112,194760,1769.5,1477.5,1623.5,1612,0.0,1622,0,0,0,2017-04-17,32513971,1612.5,5,0,0,0,0,0,0,0,0,1613.0,7,0,0,0,0,0,0,0,0
227,2017-04-17,09:01:54,454,j1709,XDCE,1612.5,1611.5,1655.0,89242,14589368500,181090,194760,1769.5,1477.5,1623.5,1612,0.0,1622,0,0,0,2017-04-17,32514454,1613.0,4,0,0,0,0,0,0,0,0,1613.5,2,0,0,0,0,0,0,0,0
228,2017-04-17,09:01:54,971,j1709,XDCE,1612.0,1611.5,1655.0,89260,14592271300,181080,194760,1769.5,1477.5,1623.5,1612,0.0,1622,0,0,0,2017-04-17,32514971,1612.0,5,0,0,0,0,0,0,0,0,1613.0,4,0,0,0,0,0,0,0,0
229,2017-04-17,09:01:55,420,j1709,XDCE,1612.0,1611.5,1655.0,89302,14599044300,181090,194760,1769.5,1477.5,1623.5,1612,0.0,1622,0,0,0,2017-04-17,32515420,1612.5,1,0,0,0,0,0,0,0,0,1613.0,28,0,0,0,0,0,0,0,0
230,2017-04-17,09:01:55,792,j1709,XDCE,1612.5,1611.5,1655.0,89350,14606785000,181052,194760,1769.5,1477.5,1623.5,1612,0.0,1622,0,0,0,2017-04-17,32515792,1612.0,2,0,0,0,0,0,0,0,0,1613.0,14,0,0,0,0,0,0,0,0
231,2017-04-17,09:01:56,456,j1709,XDCE,1613.0,1611.5,1655.0,89388,14612913900,181028,194760,1769.5,1477.5,1623.5,1612,0.0,1622,0,0,0,2017-04-17,32516456,1613.0,10,0,0,0,0,0,0,0,0,1614.0,17,0,0,0,0,0,0,0,0
232,2017-04-17,09:01:56,943,j1709,XDCE,1613.0,1611.5,1655.0,89402,14615172100,181018,194760,1769.5,1477.5,1623.5,1612,0.0,1622,0,0,0,2017-04-17,32516943,1613.0,4,0,0,0,0,0,0,0,0,1614.0,17,0,0,0,0,0,0,0,0
233,2017-04-17,09:01:57,400,j1709,XDCE,1612.5,1611.5,1655.0,89432,14620011800,181000,194760,1769.5,1477.5,1623.5,1612,0.0,1622,0,0,0,2017-04-17,32517400,1613.0,1,0,0,0,0,0,0,0,0,1613.5,3,0,0,0,0,0,0,0,0
234,2017-04-17,09:01:57,874,j1709,XDCE,1612.5,1611.5,1655.0,89450,14622914500,181000,194760,1769.5,1477.5,1623.5,1612,0.0,1622,0,0,0,2017-04-17,32517874,1612.0,2,0,0,0,0,0,0,0,0,1613.0,7,0,0,0,0,0,0,0,0
235,2017-04-17,09:01:58,462,j1709,XDCE,1613.0,1611.5,1655.0,89456,14623882300,181006,194760,1769.5,1477.5,1623.5,1612,0.0,1622,0,0,0,2017-04-17,32518462,1612.5,1,0,0,0,0,0,0,0,0,1613.0,15,0,0,0,0,0,0,0,0
236,2017-04-17,09:01:58,950,j1709,XDCE,1610.0,1610.0,1655.0,89666,14657708400,181106,194760,1769.5,1477.5,1623.5,1612,0.0,1622,0,0,0,2017-04-17,32518950,1610.0,41,0,0,0,0,0,0,0,0,1613.0,13,0,0,0,0,0,0,0,0
237,2017-04-17,09:01:59,447,j1709,XDCE,1611.0,1610.0,1655.0,89776,14675443300,181138,194760,1769.5,1477.5,1623.5,1612,0.0,1622,0,0,0,2017-04-17,32519447,1611.0,1,0,0,0,0,0,0,0,0,1612.0,1,0,0,0,0,0,0,0,0
238,2017-04-17,09:01:59,942,j1709,XDCE,1611.0,1610.0,1655.0,89800,14679309700,181134,194760,1769.5,1477.5,1623.5,1612,0.0,1622,0,0,0,2017-04-17,32519942,1610.5,12,0,0,0,0,0,0,0,0,1611.0,22,0,0,0,0,0,0,0,0
239,2017-04-17,09:02:00,469,j1709,XDCE,1610.5,1610.0,1655.0,89870,14690585800,181118,194760,1769.5,1477.5,1623.5,1612,0.0,1622,0,0,0,2017-04-17,32520469,1610.0,48,0,0,0,0,0,0,0,0,1610.5,19,0,0,0,0,0,0,0,0
240,2017-04-17,09:02:00,956,j1709,XDCE,1611.5,1610.0,1655.0,89930,14700248000,181120,194760,1769.5,1477.5,1623.5,1612,0.0,1622,0,0,0,2017-04-17,32520956,1610.0,38,0,0,0,0,0,0,0,0,1611.5,2,0,0,0,0,0,0,0,0
241,2017-04-17,09:02:01,432,j1709,XDCE,1610.5,1610.0,1655.0,89964,14705722500,181136,194760,1769.5,1477.5,1623.5,1612,0.0,1622,0,0,0,2017-04-17,32521432,1610.0,25,0,0,0,0,0,0,0,0,1610.5,7,0,0,0,0,0,0,0,0
242,2017-04-17,09:02:01,928,j1709,XDCE,1610.0,1610.0,1655.0,89990,14709908600,181134,194760,1769.5,1477.5,1623.5,1612,0.0,1622,0,0,0,2017-04-17,32521928,1610.0,14,0,0,0,0,0,0,0,0,1610.5,10,0,0,0,0,0,0,0,0
243,2017-04-17,09:02:02,448,j1709,XDCE,1609.0,1609.0,1655.0,90062,14721497500,181176,194760,1769.5,1477.5,1623.5,1612,0.0,1622,0,0,0,2017-04-17,32522448,1608.5,6,0,0,0,0,0,0,0,0,1609.0,2,0,0,0,0,0,0,0,0
244,2017-04-17,09:02:02,935,j1709,XDCE,1608.5,1608.0,1655.0,90092,14726322500,181172,194760,1769.5,1477.5,1623.5,1612,0.0,1622,0,0,0,2017-04-17,32522935,1608.0,11,0,0,0,0,0,0,0,0,1608.5,14,0,0,0,0,0,0,0,0
245,2017-04-17,09:02:03,390,j1709,XDCE,1608.5,1608.0,1655.0,90136,14733399300,181148,194760,1769.5,1477.5,1623.5,1612,0.0,1622,0,0,0,2017-04-17,32523390,1608.0,5,0,0,0,0,0,0,0,0,1608.5,1,0,0,0,0,0,0,0,0
246,2017-04-17,09:02:03,970,j1709,XDCE,1610.0,1608.0,1655.0,90166,14738226000,181160,194760,1769.5,1477.5,1623.5,1612,0.0,1622,0,0,0,2017-04-17,32523970,1607.5,2,0,0,0,0,0,0,0,0,1610.0,30,0,0,0,0,0,0,0,0
247,2017-04-17,09:02:04,454,j1709,XDCE,1608.5,1608.0,1655.0,90182,14740801200,181162,194760,1769.5,1477.5,1623.5,1612,0.0,1622,0,0,0,2017-04-17,32524454,1608.5,1,0,0,0,0,0,0,0,0,1609.5,4,0,0,0,0,0,0,0,0
248,2017-04-17,09:02:04,914,j1709,XDCE,1609.0,1608.0,1655.0,90188,14741766700,181164,194760,1769.5,1477.5,1623.5,1612,0.0,1622,0,0,0,2017-04-17,32524914,1608.5,3,0,0,0,0,0,0,0,0,1609.5,1,0,0,0,0,0,0,0,0
249,2017-04-17,09:02:05,470,j1709,XDCE,1609.5,1608.0,1655.0,90210,14745306400,181152,194760,1769.5,1477.5,1623.5,1612,0.0,1622,0,0,0,2017-04-17,32525470,1608.5,7,0,0,0,0,0,0,0,0,1609.5,5,0,0,0,0,0,0,0,0
250,2017-04-17,09:02:05,942,j1709,XDCE,1608.0,1608.0,1655.0,90268,14754636500,181116,194760,1769.5,1477.5,1623.5,1612,0.0,1622,0,0,0,2017-04-17,32525942,1607.5,2,0,0,0,0,0,0,0,0,1608.0,5,0,0,0,0,0,0,0,0
251,2017-04-17,09:02:06,439,j1709,XDCE,1608.5,1608.0,1655.0,90304,14760425800,181094,194760,1769.5,1477.5,1623.5,1612,0.0,1622,0,0,0,2017-04-17,32526439,1608.0,15,0,0,0,0,0,0,0,0,1608.5,6,0,0,0,0,0,0,0,0
252,2017-04-17,09:02:06,910,j1709,XDCE,1608.5,1608.0,1655.0,90320,14762999300,181084,194760,1769.5,1477.5,1623.5,1612,0.0,1622,0,0,0,2017-04-17,32526910,1608.5,7,0,0,0,0,0,0,0,0,1609.0,1,0,0,0,0,0,0,0,0
253,2017-04-17,09:02:07,449,j1709,XDCE,1609.0,1608.0,1655.0,90352,14768147400,181082,194760,1769.5,1477.5,1623.5,1612,0.0,1622,0,0,0,2017-04-17,32527449,1609.0,5,0,0,0,0,0,0,0,0,1609.5,10,0,0,0,0,0,0,0,0
254,2017-04-17,09:02:07,951,j1709,XDCE,1609.5,1608.0,1655.0,90394,14774904900,181092,194760,1769.5,1477.5,1623.5,1612,0.0,1622,0,0,0,2017-04-17,32527951,1609.0,1,0,0,0,0,0,0,0,0,1609.5,5,0,0,0,0,0,0,0,0
255,2017-04-17,09:02:08,427,j1709,XDCE,1608.5,1608.0,1655.0,90426,14780054900,181092,194760,1769.5,1477.5,1623.5,1612,0.0,1622,0,0,0,2017-04-17,32528427,1608.0,14,0,0,0,0,0,0,0,0,1608.5,3,0,0,0,0,0,0,0,0
256,2017-04-17,09:02:08,915,j1709,XDCE,1609.0,1608.0,1655.0,90442,14782629000,181096,194760,1769.5,1477.5,1623.5,1612,0.0,1622,0,0,0,2017-04-17,32528915,1608.5,8,0,0,0,0,0,0,0,0,1609.5,1,0,0,0,0,0,0,0,0
257,2017-04-17,09:02:09,447,j1709,XDCE,1609.0,1608.0,1655.0,90452,14784238000,181104,194760,1769.5,1477.5,1623.5,1612,0.0,1622,0,0,0,2017-04-17,32529447,1608.5,8,0,0,0,0,0,0,0,0,1609.5,3,0,0,0,0,0,0,0,0
258,2017-04-17,09:02:09,971,j1709,XDCE,1609.0,1608.0,1655.0,90472,14787456100,181106,194760,1769.5,1477.5,1623.5,1612,0.0,1622,0,0,0,2017-04-17,32529971,1608.5,5,0,0,0,0,0,0,0,0,1609.0,5,0,0,0,0,0,0,0,0
259,2017-04-17,09:02:10,297,j1709,XDCE,1609.5,1608.0,1655.0,90486,14789708800,181116,194760,1769.5,1477.5,1623.5,1612,0.0,1622,0,0,0,2017-04-17,32530297,1608.5,5,0,0,0,0,0,0,0,0,1609.5,2,0,0,0,0,0,0,0,0
260,2017-04-17,09:02:10,897,j1709,XDCE,1609.5,1608.0,1655.0,90500,14791962000,181110,194760,1769.5,1477.5,1623.5,1612,0.0,1622,0,0,0,2017-04-17,32530897,1609.5,2,0,0,0,0,0,0,0,0,1610.0,42,0,0,0,0,0,0,0,0
261,2017-04-17,09:02:11,448,j1709,XDCE,1610.0,1608.0,1655.0,90528,14796468800,181104,194760,1769.5,1477.5,1623.5,1612,0.0,1622,0,0,0,2017-04-17,32531448,1609.5,3,0,0,0,0,0,0,0,0,1610.0,38,0,0,0,0,0,0,0,0
262,2017-04-17,09:02:11,929,j1709,XDCE,1609.0,1608.0,1655.0,90558,14801297300,181118,194760,1769.5,1477.5,1623.5,1612,0.0,1622,0,0,0,2017-04-17,32531929,1608.5,11,0,0,0,0,0,0,0,0,1609.5,4,0,0,0,0,0,0,0,0
263,2017-04-17,09:02:12,446,j1709,XDCE,1610.0,1608.0,1655.0,90596,14807414700,181116,194760,1769.5,1477.5,1623.5,1612,0.0,1622,0,0,0,2017-04-17,32532446,1609.5,1,0,0,0,0,0,0,0,0,1610.0,18,0,0,0,0,0,0,0,0
264,2017-04-17,09:02:12,972,j1709,XDCE,1610.5,1608.0,1655.0,90640,14814499000,181142,194760,1769.5,1477.5,1623.5,1612,0.0,1622,0,0,0,2017-04-17,32532972,1610.5,4,0,0,0,0,0,0,0,0,1611.0,22,0,0,0,0,0,0,0,0
265,2017-04-17,09:02:13,396,j1709,XDCE,1612.0,1608.0,1655.0,90722,14827715700,181094,194760,1769.5,1477.5,1623.5,1612,0.0,1622,0,0,0,2017-04-17,32533396,1612.0,32,0,0,0,0,0,0,0,0,1612.5,1,0,0,0,0,0,0,0,0
266,2017-04-17,09:02:13,933,j1709,XDCE,1612.5,1608.0,1655.0,90726,14828360700,181090,194760,1769.5,1477.5,1623.5,1612,0.0,1622,0,0,0,2017-04-17,32533933,1612.5,3,0,0,0,0,0,0,0,0,1613.0,40,0,0,0,0,0,0,0,0
267,2017-04-17,09:02:14,436,j1709,XDCE,1613.0,1608.0,1655.0,90736,14829973600,181090,194760,1769.5,1477.5,1623.5,1612,0.0,1622,0,0,0,2017-04-17,32534436,1612.5,7,0,0,0,0,0,0,0,0,1613.0,36,0,0,0,0,0,0,0,0
268,2017-04-17,09:02:14,953,j1709,XDCE,1612.5,1608.0,1655.0,90766,14834810600,181094,194760,1769.5,1477.5,1623.5,1612,0.0,1622,0,0,0,2017-04-17,32534953,1612.0,27,0,0,0,0,0,0,0,0,1612.5,5,0,0,0,0,0,0,0,0
269,2017-04-17,09:02:15,432,j1709,XDCE,1612.5,1608.0,1655.0,90836,14846094800,181068,194760,1769.5,1477.5,1623.5,1612,0.0,1622,0,0,0,2017-04-17,32535432,1611.5,1,0,0,0,0,0,0,0,0,1612.5,3,0,0,0,0,0,0,0,0
270,2017-04-17,09:02:15,929,j1709,XDCE,1612.0,1608.0,1655.0,90842,14847061900,181066,194760,1769.5,1477.5,1623.5,1612,0.0,1622,0,0,0,2017-04-17,32535929,1611.5,1,0,0,0,0,0,0,0,0,1612.5,1,0,0,0,0,0,0,0,0
271,2017-04-17,09:02:16,423,j1709,XDCE,1612.0,1608.0,1655.0,90866,14850930700,181048,194760,1769.5,1477.5,1623.5,1612,0.0,1622,0,0,0,2017-04-17,32536423,1611.0,5,0,0,0,0,0,0,0,0,1612.0,10,0,0,0,0,0,0,0,0
272,2017-04-17,09:02:16,844,j1709,XDCE,1612.0,1608.0,1655.0,90888,14854477100,181036,194760,1769.5,1477.5,1623.5,1612,0.0,1622,0,0,0,2017-04-17,32536844,1611.0,5,0,0,0,0,0,0,0,0,1612.5,5,0,0,0,0,0,0,0,0
273,2017-04-17,09:02:17,444,j1709,XDCE,1612.5,1608.0,1655.0,90900,14856411800,181038,194760,1769.5,1477.5,1623.5,1612,0.0,1622,0,0,0,2017-04-17,32537444,1611.0,5,0,0,0,0,0,0,0,0,1612.5,7,0,0,0,0,0,0,0,0
274,2017-04-17,09:02:17,958,j1709,XDCE,1612.5,1608.0,1655.0,91012,14874471800,181008,194760,1769.5,1477.5,1623.5,1612,0.0,1622,0,0,0,2017-04-17,32537958,1612.5,14,0,0,0,0,0,0,0,0,1613.0,36,0,0,0,0,0,0,0,0
275,2017-04-17,09:02:18,452,j1709,XDCE,1612.0,1608.0,1655.0,91044,14879631700,181002,194760,1769.5,1477.5,1623.5,1612,0.0,1622,0,0,0,2017-04-17,32538452,1612.0,5,0,0,0,0,0,0,0,0,1612.5,4,0,0,0,0,0,0,0,0
276,2017-04-17,09:02:18,867,j1709,XDCE,1611.5,1608.0,1655.0,91146,14896072500,181062,194760,1769.5,1477.5,1623.5,1612,0.0,1622,0,0,0,2017-04-17,32538867,1611.0,6,0,0,0,0,0,0,0,0,1611.5,70,0,0,0,0,0,0,0,0
277,2017-04-17,09:02:19,472,j1709,XDCE,1611.5,1608.0,1655.0,91280,14917665700,181116,194760,1769.5,1477.5,1623.5,1612,0.0,1622,0,0,0,2017-04-17,32539472,1610.5,2,0,0,0,0,0,0,0,0,1611.5,22,0,0,0,0,0,0,0,0
278,2017-04-17,09:02:19,936,j1709,XDCE,1612.0,1608.0,1655.0,91332,14926045900,181108,194760,1769.5,1477.5,1623.5,1612,0.0,1622,0,0,0,2017-04-17,32539936,1611.5,4,0,0,0,0,0,0,0,0,1613.0,36,0,0,0,0,0,0,0,0
279,2017-04-17,09:02:20,404,j1709,XDCE,1612.5,1608.0,1655.0,91358,14930238100,181100,194760,1769.5,1477.5,1623.5,1612,0.0,1622,0,0,0,2017-04-17,32540404,1612.5,96,0,0,0,0,0,0,0,0,1613.0,39,0,0,0,0,0,0,0,0
280,2017-04-17,09:02:20,902,j1709,XDCE,1614.0,1608.0,1655.0,91442,14943787600,181152,194760,1769.5,1477.5,1623.5,1612,0.0,1622,0,0,0,2017-04-17,32540902,1613.5,18,0,0,0,0,0,0,0,0,1614.5,2,0,0,0,0,0,0,0,0
281,2017-04-17,09:02:21,443,j1709,XDCE,1614.5,1608.0,1655.0,91474,14948951800,181144,194760,1769.5,1477.5,1623.5,1612,0.0,1622,0,0,0,2017-04-17,32541443,1614.0,12,0,0,0,0,0,0,0,0,1614.5,8,0,0,0,0,0,0,0,0
282,2017-04-17,09:02:21,972,j1709,XDCE,1614.5,1608.0,1655.0,91500,14953149100,181134,194760,1769.5,1477.5,1623.5,1612,0.0,1622,0,0,0,2017-04-17,32541972,1614.0,9,0,0,0,0,0,0,0,0,1614.5,4,0,0,0,0,0,0,0,0
283,2017-04-17,09:02:22,358,j1709,XDCE,1614.5,1608.0,1655.0,91516,14955732200,181134,194760,1769.5,1477.5,1623.5,1612,0.0,1622,0,0,0,2017-04-17,32542358,1614.5,4,0,0,0,0,0,0,0,0,1615.0,5,0,0,0,0,0,0,0,0
284,2017-04-17,09:02:22,939,j1709,XDCE,1615.0,1608.0,1655.0,91566,14963805200,181108,194760,1769.5,1477.5,1623.5,1612,0.0,1622,0,0,0,2017-04-17,32542939,1614.5,2,0,0,0,0,0,0,0,0,1615.0,18,0,0,0,0,0,0,0,0
285,2017-04-17,09:02:23,363,j1709,XDCE,1614.5,1608.0,1655.0,91578,14965742000,181106,194760,1769.5,1477.5,1623.5,1612,0.0,1622,0,0,0,2017-04-17,32543363,1613.5,2,0,0,0,0,0,0,0,0,1615.0,8,0,0,0,0,0,0,0,0
286,2017-04-17,09:02:23,900,j1709,XDCE,1614.5,1608.0,1655.0,91590,14967678900,181114,194760,1769.5,1477.5,1623.5,1612,0.0,1622,0,0,0,2017-04-17,32543900,1614.5,4,0,0,0,0,0,0,0,0,1615.0,8,0,0,0,0,0,0,0,0
287,2017-04-17,09:02:24,432,j1709,XDCE,1615.0,1608.0,1655.0,91616,14971876900,181114,194760,1769.5,1477.5,1623.5,1612,0.0,1622,0,0,0,2017-04-17,32544432,1614.0,1,0,0,0,0,0,0,0,0,1615.0,4,0,0,0,0,0,0,0,0
288,2017-04-17,09:02:24,900,j1709,XDCE,1615.0,1608.0,1655.0,91640,14975751200,181110,194760,1769.5,1477.5,1623.5,1612,0.0,1622,0,0,0,2017-04-17,32544900,1615.0,13,0,0,0,0,0,0,0,0,1615.5,33,0,0,0,0,0,0,0,0
289,2017-04-17,09:02:25,433,j1709,XDCE,1615.0,1608.0,1655.0,91690,14983826500,181102,194760,1769.5,1477.5,1623.5,1612,0.0,1622,0,0,0,2017-04-17,32545433,1615.0,3,0,0,0,0,0,0,0,0,1615.5,33,0,0,0,0,0,0,0,0
290,2017-04-17,09:02:25,952,j1709,XDCE,1615.0,1608.0,1655.0,91700,14985441600,181096,194760,1769.5,1477.5,1623.5,1612,0.0,1622,0,0,0,2017-04-17,32545952,1615.0,1,0,0,0,0,0,0,0,0,1615.5,32,0,0,0,0,0,0,0,0
291,2017-04-17,09:02:26,451,j1709,XDCE,1615.0,1608.0,1655.0,91708,14986733500,181094,194760,1769.5,1477.5,1623.5,1612,0.0,1622,0,0,0,2017-04-17,32546451,1614.5,2,0,0,0,0,0,0,0,0,1615.0,1,0,0,0,0,0,0,0,0
292,2017-04-17,09:02:26,967,j1709,XDCE,1614.5,1608.0,1655.0,91718,14988348300,181094,194760,1769.5,1477.5,1623.5,1612,0.0,1622,0,0,0,2017-04-17,32546967,1614.0,4,0,0,0,0,0,0,0,0,1615.0,7,0,0,0,0,0,0,0,0
293,2017-04-17,09:02:27,441,j1709,XDCE,1612.0,1608.0,1655.0,92056,15042871000,181056,194760,1769.5,1477.5,1623.5,1612,0.0,1622,0,0,0,2017-04-17,32547441,1612.0,2,0,0,0,0,0,0,0,0,1615.0,1,0,0,0,0,0,0,0,0
294,2017-04-17,09:02:27,948,j1709,XDCE,1613.5,1608.0,1655.0,92076,15046096800,181064,194760,1769.5,1477.5,1623.5,1612,0.0,1622,0,0,0,2017-04-17,32547948,1613.0,2,0,0,0,0,0,0,0,0,1614.0,5,0,0,0,0,0,0,0,0
295,2017-04-17,09:02:28,468,j1709,XDCE,1614.0,1608.0,1655.0,92108,15051261700,181044,194760,1769.5,1477.5,1623.5,1612,0.0,1622,0,0,0,2017-04-17,32548468,1613.0,6,0,0,0,0,0,0,0,0,1614.0,2,0,0,0,0,0,0,0,0
296,2017-04-17,09:02:28,957,j1709,XDCE,1613.5,1608.0,1655.0,92118,15052875200,181042,194760,1769.5,1477.5,1623.5,1612,0.0,1622,0,0,0,2017-04-17,32548957,1613.0,5,0,0,0,0,0,0,0,0,1613.5,4,0,0,0,0,0,0,0,0
297,2017-04-17,09:02:29,309,j1709,XDCE,1613.0,1608.0,1655.0,92142,15056747100,181048,194760,1769.5,1477.5,1623.5,1612,0.0,1622,0,0,0,2017-04-17,32549309,1613.5,1,0,0,0,0,0,0,0,0,1614.0,16,0,0,0,0,0,0,0,0
298,2017-04-17,09:02:29,943,j1709,XDCE,1614.5,1608.0,1655.0,92204,15066755400,181026,194760,1769.5,1477.5,1623.5,1612,0.0,1622,0,0,0,2017-04-17,32549943,1614.0,1,0,0,0,0,0,0,0,0,1615.0,4,0,0,0,0,0,0,0,0
299,2017-04-17,09:02:30,306,j1709,XDCE,1615.0,1608.0,1655.0,92224,15069985200,181020,194760,1769.5,1477.5,1623.5,1612,0.0,1622,0,0,0,2017-04-17,32550306,1615.0,16,0,0,0,0,0,0,0,0,1615.5,10,0,0,0,0,0,0,0,0
300,2017-04-17,09:02:30,933,j1709,XDCE,1617.0,1608.0,1655.0,92274,15078064400,181032,194760,1769.5,1477.5,1623.5,1612,0.0,1622,0,0,0,2017-04-17,32550933,1616.0,2,0,0,0,0,0,0,0,0,1616.5,5,0,0,0,0,0,0,0,0
301,2017-04-17,09:02:31,433,j1709,XDCE,1616.5,1608.0,1655.0,92282,15079357400,181032,194760,1769.5,1477.5,1623.5,1612,0.0,1622,0,0,0,2017-04-17,32551433,1615.5,1,0,0,0,0,0,0,0,0,1616.5,3,0,0,0,0,0,0,0,0
302,2017-04-17,09:02:31,948,j1709,XDCE,1615.5,1608.0,1655.0,92306,15083236400,181030,194760,1769.5,1477.5,1623.5,1612,0.0,1622,0,0,0,2017-04-17,32551948,1615.5,8,0,0,0,0,0,0,0,0,1616.0,1,0,0,0,0,0,0,0,0
303,2017-04-17,09:02:32,428,j1709,XDCE,1616.5,1608.0,1655.0,92330,15087115900,181032,194760,1769.5,1477.5,1623.5,1612,0.0,1622,0,0,0,2017-04-17,32552428,1616.0,6,0,0,0,0,0,0,0,0,1617.5,2,0,0,0,0,0,0,0,0
304,2017-04-17,09:02:32,955,j1709,XDCE,1617.0,1608.0,1655.0,92334,15087762700,181036,194760,1769.5,1477.5,1623.5,1612,0.0,1622,0,0,0,2017-04-17,32552955,1616.5,7,0,0,0,0,0,0,0,0,1617.5,10,0,0,0,0,0,0,0,0
305,2017-04-17,09:02:33,420,j1709,XDCE,1616.5,1608.0,1655.0,92370,15093585300,181032,194760,1769.5,1477.5,1623.5,1612,0.0,1622,0,0,0,2017-04-17,32553420,1617.5,5,0,0,0,0,0,0,0,0,1618.0,61,0,0,0,0,0,0,0,0
306,2017-04-17,09:02:33,933,j1709,XDCE,1617.5,1608.0,1655.0,92386,15096173200,181028,194760,1769.5,1477.5,1623.5,1612,0.0,1622,0,0,0,2017-04-17,32553933,1617.0,2,0,0,0,0,0,0,0,0,1618.0,61,0,0,0,0,0,0,0,0
307,2017-04-17,09:02:34,464,j1709,XDCE,1615.5,1608.0,1655.0,92426,15102638900,181012,194760,1769.5,1477.5,1623.5,1612,0.0,1622,0,0,0,2017-04-17,32554464,1615.0,209,0,0,0,0,0,0,0,0,1615.5,84,0,0,0,0,0,0,0,0
308,2017-04-17,09:02:34,925,j1709,XDCE,1613.5,1608.0,1655.0,92566,15125239200,180940,194760,1769.5,1477.5,1623.5,1612,0.0,1622,0,0,0,2017-04-17,32554925,1613.0,2,0,0,0,0,0,0,0,0,1613.5,28,0,0,0,0,0,0,0,0
309,2017-04-17,09:02:35,448,j1709,XDCE,1613.0,1608.0,1655.0,92598,15130402100,180922,194760,1769.5,1477.5,1623.5,1612,0.0,1622,0,0,0,2017-04-17,32555448,1612.5,9,0,0,0,0,0,0,0,0,1613.5,19,0,0,0,0,0,0,0,0
310,2017-04-17,09:02:35,891,j1709,XDCE,1615.5,1608.0,1655.0,92668,15141698700,180896,194760,1769.5,1477.5,1623.5,1612,0.0,1622,0,0,0,2017-04-17,32555891,1613.0,8,0,0,0,0,0,0,0,0,1615.5,61,0,0,0,0,0,0,0,0
311,2017-04-17,09:02:36,428,j1709,XDCE,1614.5,1608.0,1655.0,92678,15143312900,180898,194760,1769.5,1477.5,1623.5,1612,0.0,1622,0,0,0,2017-04-17,32556428,1614.0,1,0,0,0,0,0,0,0,0,1615.0,6,0,0,0,0,0,0,0,0
312,2017-04-17,09:02:36,924,j1709,XDCE,1615.0,1608.0,1655.0,92686,15144604900,180894,194760,1769.5,1477.5,1623.5,1612,0.0,1622,0,0,0,2017-04-17,32556924,1614.0,1,0,0,0,0,0,0,0,0,1615.5,61,0,0,0,0,0,0,0,0
313,2017-04-17,09:02:37,435,j1709,XDCE,1615.0,1608.0,1655.0,92688,15144927900,180894,194760,1769.5,1477.5,1623.5,1612,0.0,1622,0,0,0,2017-04-17,32557435,1614.5,1,0,0,0,0,0,0,0,0,1615.0,2,0,0,0,0,0,0,0,0
314,2017-04-17,09:02:37,904,j1709,XDCE,1614.5,1608.0,1655.0,92692,15145573800,180894,194760,1769.5,1477.5,1623.5,1612,0.0,1622,0,0,0,2017-04-17,32557904,1614.0,2,0,0,0,0,0,0,0,0,1614.5,3,0,0,0,0,0,0,0,0
315,2017-04-17,09:02:38,456,j1709,XDCE,1615.5,1608.0,1655.0,92840,15169482400,180910,194760,1769.5,1477.5,1623.5,1612,0.0,1622,0,0,0,2017-04-17,32558456,1615.5,27,0,0,0,0,0,0,0,0,1616.0,6,0,0,0,0,0,0,0,0
316,2017-04-17,09:02:38,969,j1709,XDCE,1615.5,1608.0,1655.0,92908,15180468400,180964,194760,1769.5,1477.5,1623.5,1612,0.0,1622,0,0,0,2017-04-17,32558969,1615.5,1,0,0,0,0,0,0,0,0,1616.0,1,0,0,0,0,0,0,0,0
317,2017-04-17,09:02:39,455,j1709,XDCE,1615.5,1608.0,1655.0,92932,15184345700,180964,194760,1769.5,1477.5,1623.5,1612,0.0,1622,0,0,0,2017-04-17,32559455,1615.0,7,0,0,0,0,0,0,0,0,1615.5,2,0,0,0,0,0,0,0,0
318,2017-04-17,09:02:39,849,j1709,XDCE,1615.5,1608.0,1655.0,92946,15186607600,180960,194760,1769.5,1477.5,1623.5,1612,0.0,1622,0,0,0,2017-04-17,32559849,1615.0,18,0,0,0,0,0,0,0,0,1616.5,1,0,0,0,0,0,0,0,0
319,2017-04-17,09:02:40,429,j1709,XDCE,1616.0,1608.0,1655.0,92950,15187254000,180960,194760,1769.5,1477.5,1623.5,1612,0.0,1622,0,0,0,2017-04-17,32560429,1615.5,2,0,0,0,0,0,0,0,0,1616.5,6,0,0,0,0,0,0,0,0
320,2017-04-17,09:02:40,946,j1709,XDCE,1616.0,1608.0,1655.0,92952,15187577200,180960,194760,1769.5,1477.5,1623.5,1612,0.0,1622,0,0,0,2017-04-17,32560946,1616.0,4,0,0,0,0,0,0,0,0,1616.5,6,0,0,0,0,0,0,0,0
321,2017-04-17,09:02:41,400,j1709,XDCE,1616.0,1608.0,1655.0,92962,15189193200,180950,194760,1769.5,1477.5,1623.5,1612,0.0,1622,0,0,0,2017-04-17,32561400,1616.0,11,0,0,0,0,0,0,0,0,1616.5,11,0,0,0,0,0,0,0,0
322,2017-04-17,09:02:41,924,j1709,XDCE,1616.5,1608.0,1655.0,92966,15189839700,180948,194760,1769.5,1477.5,1623.5,1612,0.0,1622,0,0,0,2017-04-17,32561924,1616.0,10,0,0,0,0,0,0,0,0,1616.5,19,0,0,0,0,0,0,0,0
323,2017-04-17,09:02:42,414,j1709,XDCE,1616.0,1608.0,1655.0,92994,15194364800,180938,194760,1769.5,1477.5,1623.5,1612,0.0,1622,0,0,0,2017-04-17,32562414,1615.5,7,0,0,0,0,0,0,0,0,1616.5,17,0,0,0,0,0,0,0,0
324,2017-04-17,09:02:42,971,j1709,XDCE,1616.5,1608.0,1655.0,93032,15200507300,180910,194760,1769.5,1477.5,1623.5,1612,0.0,1622,0,0,0,2017-04-17,32562971,1615.5,6,0,0,0,0,0,0,0,0,1617.0,11,0,0,0,0,0,0,0,0
325,2017-04-17,09:02:43,434,j1709,XDCE,1617.0,1608.0,1655.0,93054,15204063000,180904,194760,1769.5,1477.5,1623.5,1612,0.0,1622,0,0,0,2017-04-17,32563434,1616.5,3,0,0,0,0,0,0,0,0,1617.0,10,0,0,0,0,0,0,0,0
326,2017-04-17,09:02:43,942,j1709,XDCE,1616.5,1608.0,1655.0,93062,15205356300,180896,194760,1769.5,1477.5,1623.5,1612,0.0,1622,0,0,0,2017-04-17,32563942,1616.5,5,0,0,0,0,0,0,0,0,1617.0,9,0,0,0,0,0,0,0,0
327,2017-04-17,09:02:44,339,j1709,XDCE,1616.5,1608.0,1655.0,93064,15205679600,180894,194760,1769.5,1477.5,1623.5,1612,0.0,1622,0,0,0,2017-04-17,32564339,1616.5,4,0,0,0,0,0,0,0,0,1617.0,9,0,0,0,0,0,0,0,0
328,2017-04-17,09:02:44,878,j1709,XDCE,1616.5,1608.0,1655.0,93064,15205679600,180894,194760,1769.5,1477.5,1623.5,1612,0.0,1622,0,0,0,2017-04-17,32564878,1616.5,4,0,0,0,0,0,0,0,0,1617.0,14,0,0,0,0,0,0,0,0
329,2017-04-17,09:02:45,398,j1709,XDCE,1616.5,1608.0,1655.0,93066,15206002900,180894,194760,1769.5,1477.5,1623.5,1612,0.0,1622,0,0,0,2017-04-17,32565398,1616.5,3,0,0,0,0,0,0,0,0,1617.0,14,0,0,0,0,0,0,0,0
330,2017-04-17,09:02:45,947,j1709,XDCE,1617.0,1608.0,1655.0,93116,15214088700,180920,194760,1769.5,1477.5,1623.5,1612,0.0,1622,0,0,0,2017-04-17,32565947,1617.0,87,0,0,0,0,0,0,0,0,1617.5,43,0,0,0,0,0,0,0,0
331,2017-04-17,09:02:46,469,j1709,XDCE,1617.5,1608.0,1655.0,93222,15231234900,180984,194760,1769.5,1477.5,1623.5,1612,0.0,1622,0,0,0,2017-04-17,32566469,1617.5,11,0,0,0,0,0,0,0,0,1618.0,60,0,0,0,0,0,0,0,0
332,2017-04-17,09:02:46,878,j1709,XDCE,1618.0,1608.0,1655.0,93236,15233500100,180970,194760,1769.5,1477.5,1623.5,1612,0.0,1622,0,0,0,2017-04-17,32566878,1617.5,10,0,0,0,0,0,0,0,0,1618.0,53,0,0,0,0,0,0,0,0
333,2017-04-17,09:02:47,398,j1709,XDCE,1618.0,1608.0,1655.0,93242,15234470900,180966,194760,1769.5,1477.5,1623.5,1612,0.0,1622,0,0,0,2017-04-17,32567398,1617.5,20,0,0,0,0,0,0,0,0,1618.0,50,0,0,0,0,0,0,0,0
334,2017-04-17,09:02:47,943,j1709,XDCE,1618.0,1608.0,1655.0,93306,15244826100,180964,194760,1769.5,1477.5,1623.5,1612,0.0,1622,0,0,0,2017-04-17,32567943,1617.5,23,0,0,0,0,0,0,0,0,1618.0,18,0,0,0,0,0,0,0,0
335,2017-04-17,09:02:48,448,j1709,XDCE,1618.0,1608.0,1655.0,93354,15252592500,180970,194760,1769.5,1477.5,1623.5,1612,0.0,1622,0,0,0,2017-04-17,32568448,1618.5,14,0,0,0,0,0,0,0,0,1619.0,1,0,0,0,0,0,0,0,0
336,2017-04-17,09:02:48,942,j1709,XDCE,1619.0,1608.0,1655.0,93370,15255181700,180976,194760,1769.5,1477.5,1623.5,1612,0.0,1622,0,0,0,2017-04-17,32568942,1618.5,12,0,0,0,0,0,0,0,0,1619.5,12,0,0,0,0,0,0,0,0
337,2017-04-17,09:02:49,398,j1709,XDCE,1618.5,1608.0,1655.0,93374,15255829200,180974,194760,1769.5,1477.5,1623.5,1612,0.0,1622,0,0,0,2017-04-17,32569398,1618.5,11,0,0,0,0,0,0,0,0,1619.5,12,0,0,0,0,0,0,0,0
338,2017-04-17,09:02:50,465,j1709,XDCE,1619.5,1608.0,1655.0,93380,15256800900,180974,194760,1769.5,1477.5,1623.5,1612,0.0,1622,0,0,0,2017-04-17,32570465,1618.5,12,0,0,0,0,0,0,0,0,1619.5,9,0,0,0,0,0,0,0,0
339,2017-04-17,09:02:50,918,j1709,XDCE,1618.5,1608.0,1655.0,93396,15259390500,180986,194760,1769.5,1477.5,1623.5,1612,0.0,1622,0,0,0,2017-04-17,32570918,1618.5,4,0,0,0,0,0,0,0,0,1619.0,1,0,0,0,0,0,0,0,0
340,2017-04-17,09:02:51,469,j1709,XDCE,1619.0,1608.0,1655.0,93432,15265216100,180972,194760,1769.5,1477.5,1623.5,1612,0.0,1622,0,0,0,2017-04-17,32571469,1618.5,2,0,0,0,0,0,0,0,0,1619.0,23,0,0,0,0,0,0,0,0
341,2017-04-17,09:02:51,938,j1709,XDCE,1619.0,1608.0,1655.0,93488,15274283300,180962,194760,1769.5,1477.5,1623.5,1612,0.0,1622,0,0,0,2017-04-17,32571938,1618.0,14,0,0,0,0,0,0,0,0,1619.0,9,0,0,0,0,0,0,0,0
342,2017-04-17,09:02:52,420,j1709,XDCE,1619.5,1608.0,1655.0,93560,15285942800,181000,194760,1769.5,1477.5,1623.5,1612,0.0,1622,0,0,0,2017-04-17,32572420,1618.0,14,0,0,0,0,0,0,0,0,1618.5,1,0,0,0,0,0,0,0,0
343,2017-04-17,09:02:52,912,j1709,XDCE,1619.5,1608.0,1655.0,93582,15289505000,181008,194760,1769.5,1477.5,1623.5,1612,0.0,1622,0,0,0,2017-04-17,32572912,1619.5,3,0,0,0,0,0,0,0,0,1620.0,15,0,0,0,0,0,0,0,0
344,2017-04-17,09:02:53,424,j1709,XDCE,1619.5,1608.0,1655.0,93592,15291124500,181018,194760,1769.5,1477.5,1623.5,1612,0.0,1622,0,0,0,2017-04-17,32573424,1619.0,13,0,0,0,0,0,0,0,0,1619.5,1,0,0,0,0,0,0,0,0
345,2017-04-17,09:02:53,903,j1709,XDCE,1619.5,1608.0,1655.0,93600,15292420300,181024,194760,1769.5,1477.5,1623.5,1612,0.0,1622,0,0,0,2017-04-17,32573903,1619.5,10,0,0,0,0,0,0,0,0,1620.0,13,0,0,0,0,0,0,0,0
346,2017-04-17,09:02:54,398,j1709,XDCE,1620.0,1608.0,1655.0,93602,15292744300,181026,194760,1769.5,1477.5,1623.5,1612,0.0,1622,0,0,0,2017-04-17,32574398,1619.5,11,0,0,0,0,0,0,0,0,1620.0,12,0,0,0,0,0,0,0,0
347,2017-04-17,09:02:54,888,j1709,XDCE,1619.5,1608.0,1655.0,93608,15293716000,181032,194760,1769.5,1477.5,1623.5,1612,0.0,1622,0,0,0,2017-04-17,32574888,1619.5,8,0,0,0,0,0,0,0,0,1620.0,13,0,0,0,0,0,0,0,0
348,2017-04-17,09:02:55,398,j1709,XDCE,1619.5,1608.0,1655.0,93626,15296631100,181040,194760,1769.5,1477.5,1623.5,1612,0.0,1622,0,0,0,2017-04-17,32575398,1619.0,19,0,0,0,0,0,0,0,0,1619.5,2,0,0,0,0,0,0,0,0
349,2017-04-17,09:02:55,878,j1709,XDCE,1620.0,1608.0,1655.0,93658,15301815100,181064,194760,1769.5,1477.5,1623.5,1612,0.0,1622,0,0,0,2017-04-17,32575878,1620.0,85,0,0,0,0,0,0,0,0,1620.5,1,0,0,0,0,0,0,0,0
350,2017-04-17,09:02:56,934,j1709,XDCE,1620.0,1608.0,1655.0,93658,15301815100,181064,194760,1769.5,1477.5,1623.5,1612,0.0,1622,0,0,0,2017-04-17,32576934,1620.5,6,0,0,0,0,0,0,0,0,1621.0,21,0,0,0,0,0,0,0,0
351,2017-04-17,09:02:57,398,j1709,XDCE,1620.0,1608.0,1655.0,93672,15304083600,181062,194760,1769.5,1477.5,1623.5,1612,0.0,1622,0,0,0,2017-04-17,32577398,1620.0,99,0,0,0,0,0,0,0,0,1621.0,21,0,0,0,0,0,0,0,0
352,2017-04-17,09:02:57,922,j1709,XDCE,1620.5,1608.0,1655.0,93698,15308298100,181046,194760,1769.5,1477.5,1623.5,1612,0.0,1622,0,0,0,2017-04-17,32577922,1620.5,2,0,0,0,0,0,0,0,0,1621.0,8,0,0,0,0,0,0,0,0
353,2017-04-17,09:02:58,458,j1709,XDCE,1621.0,1608.0,1655.0,93716,15311215900,181056,194760,1769.5,1477.5,1623.5,1612,0.0,1622,0,0,0,2017-04-17,32578458,1621.0,4,0,0,0,0,0,0,0,0,1621.5,2,0,0,0,0,0,0,0,0
354,2017-04-17,09:02:58,878,j1709,XDCE,1621.0,1608.0,1655.0,93726,15312837100,181052,194760,1769.5,1477.5,1623.5,1612,0.0,1622,0,0,0,2017-04-17,32578878,1621.0,21,0,0,0,0,0,0,0,0,1622.0,7,0,0,0,0,0,0,0,0
355,2017-04-17,09:02:59,398,j1709,XDCE,1622.0,1608.0,1655.0,93734,15314134500,181052,194760,1769.5,1477.5,1623.5,1612,0.0,1622,0,0,0,2017-04-17,32579398,1621.5,1,0,0,0,0,0,0,0,0,1622.0,4,0,0,0,0,0,0,0,0
356,2017-04-17,09:02:59,963,j1709,XDCE,1622.0,1608.0,1655.0,93738,15314783200,181052,194760,1769.5,1477.5,1623.5,1612,0.0,1622,0,0,0,2017-04-17,32579963,1621.0,25,0,0,0,0,0,0,0,0,1622.0,3,0,0,0,0,0,0,0,0
357,2017-04-17,09:03:00,450,j1709,XDCE,1621.0,1608.0,1655.0,93746,15316080200,181056,194760,1769.5,1477.5,1623.5,1612,0.0,1622,0,0,0,2017-04-17,32580450,1621.0,29,0,0,0,0,0,0,0,0,1622.0,3,0,0,0,0,0,0,0,0
358,2017-04-17,09:03:00,953,j1709,XDCE,1622.0,1608.0,1655.0,93774,15320621100,181074,194760,1769.5,1477.5,1623.5,1612,0.0,1622,0,0,0,2017-04-17,32580953,1622.0,23,0,0,0,0,0,0,0,0,1622.5,4,0,0,0,0,0,0,0,0
359,2017-04-17,09:03:01,472,j1709,XDCE,1622.0,1608.0,1655.0,93780,15321594400,181080,194760,1769.5,1477.5,1623.5,1612,0.0,1622,0,0,0,2017-04-17,32581472,1622.0,19,0,0,0,0,0,0,0,0,1622.5,3,0,0,0,0,0,0,0,0
360,2017-04-17,09:03:01,940,j1709,XDCE,1622.0,1608.0,1655.0,93810,15326461100,181072,194760,1769.5,1477.5,1623.5,1612,0.0,1622,0,0,0,2017-04-17,32581940,1622.0,11,0,0,0,0,0,0,0,0,1622.5,7,0,0,0,0,0,0,0,0
361,2017-04-17,09:03:02,383,j1709,XDCE,1621.5,1608.0,1655.0,93834,15330353800,181090,194760,1769.5,1477.5,1623.5,1612,0.0,1622,0,0,0,2017-04-17,32582383,1621.0,28,0,0,0,0,0,0,0,0,1622.0,1,0,0,0,0,0,0,0,0
362,2017-04-17,09:03:02,962,j1709,XDCE,1622.0,1608.0,1655.0,93842,15331651100,181086,194760,1769.5,1477.5,1623.5,1612,0.0,1622,0,0,0,2017-04-17,32582962,1621.0,28,0,0,0,0,0,0,0,0,1622.0,5,0,0,0,0,0,0,0,0
363,2017-04-17,09:03:03,463,j1709,XDCE,1622.0,1608.0,1655.0,93860,15334570200,181080,194760,1769.5,1477.5,1623.5,1612,0.0,1622,0,0,0,2017-04-17,32583463,1621.0,27,0,0,0,0,0,0,0,0,1622.0,3,0,0,0,0,0,0,0,0
364,2017-04-17,09:03:03,962,j1709,XDCE,1621.5,1608.0,1655.0,93866,15335543100,181080,194760,1769.5,1477.5,1623.5,1612,0.0,1622,0,0,0,2017-04-17,32583962,1621.5,1,0,0,0,0,0,0,0,0,1622.0,12,0,0,0,0,0,0,0,0
365,2017-04-17,09:03:04,430,j1709,XDCE,1621.5,1608.0,1655.0,93874,15336840300,181084,194760,1769.5,1477.5,1623.5,1612,0.0,1622,0,0,0,2017-04-17,32584430,1621.0,26,0,0,0,0,0,0,0,0,1621.5,2,0,0,0,0,0,0,0,0
366,2017-04-17,09:03:04,880,j1709,XDCE,1621.0,1608.0,1655.0,93934,15346567100,181114,194760,1769.5,1477.5,1623.5,1612,0.0,1622,0,0,0,2017-04-17,32584880,1621.0,1,0,0,0,0,0,0,0,0,1621.5,10,0,0,0,0,0,0,0,0
367,2017-04-17,09:03:05,471,j1709,XDCE,1621.0,1608.0,1655.0,93956,15350132800,181106,194760,1769.5,1477.5,1623.5,1612,0.0,1622,0,0,0,2017-04-17,32585471,1620.5,1,0,0,0,0,0,0,0,0,1621.0,4,0,0,0,0,0,0,0,0
368,2017-04-17,09:03:05,930,j1709,XDCE,1620.0,1608.0,1655.0,93960,15350780900,181102,194760,1769.5,1477.5,1623.5,1612,0.0,1622,0,0,0,2017-04-17,32585930,1620.0,10,0,0,0,0,0,0,0,0,1620.5,1,0,0,0,0,0,0,0,0
369,2017-04-17,09:03:06,353,j1709,XDCE,1620.5,1608.0,1655.0,93984,15354669000,181096,194760,1769.5,1477.5,1623.5,1612,0.0,1622,0,0,0,2017-04-17,32586353,1620.5,1,0,0,0,0,0,0,0,0,1621.0,10,0,0,0,0,0,0,0,0
370,2017-04-17,09:03:06,934,j1709,XDCE,1620.5,1608.0,1655.0,93986,15354993100,181094,194760,1769.5,1477.5,1623.5,1612,0.0,1622,0,0,0,2017-04-17,32586934,1619.5,2,0,0,0,0,0,0,0,0,1620.5,17,0,0,0,0,0,0,0,0
371,2017-04-17,09:03:07,443,j1709,XDCE,1619.5,1608.0,1655.0,93990,15355640900,181096,194760,1769.5,1477.5,1623.5,1612,0.0,1622,0,0,0,2017-04-17,32587443,1619.5,3,0,0,0,0,0,0,0,0,1620.5,18,0,0,0,0,0,0,0,0
372,2017-04-17,09:03:07,914,j1709,XDCE,1620.0,1608.0,1655.0,94002,15357584600,181094,194760,1769.5,1477.5,1623.5,1612,0.0,1622,0,0,0,2017-04-17,32587914,1619.0,9,0,0,0,0,0,0,0,0,1620.0,5,0,0,0,0,0,0,0,0
373,2017-04-17,09:03:08,449,j1709,XDCE,1619.0,1608.0,1655.0,94006,15358232400,181096,194760,1769.5,1477.5,1623.5,1612,0.0,1622,0,0,0,2017-04-17,32588449,1619.0,11,0,0,0,0,0,0,0,0,1620.0,4,0,0,0,0,0,0,0,0
374,2017-04-17,09:03:08,932,j1709,XDCE,1620.0,1608.0,1655.0,94026,15361471400,181090,194760,1769.5,1477.5,1623.5,1612,0.0,1622,0,0,0,2017-04-17,32588932,1619.0,6,0,0,0,0,0,0,0,0,1620.0,10,0,0,0,0,0,0,0,0
375,2017-04-17,09:03:09,469,j1709,XDCE,1620.0,1608.0,1655.0,94034,15362767100,181088,194760,1769.5,1477.5,1623.5,1612,0.0,1622,0,0,0,2017-04-17,32589469,1619.0,5,0,0,0,0,0,0,0,0,1620.0,13,0,0,0,0,0,0,0,0
376,2017-04-17,09:03:09,971,j1709,XDCE,1620.0,1608.0,1655.0,94038,15363415100,181088,194760,1769.5,1477.5,1623.5,1612,0.0,1622,0,0,0,2017-04-17,32589971,1619.0,10,0,0,0,0,0,0,0,0,1620.0,12,0,0,0,0,0,0,0,0
377,2017-04-17,09:03:10,427,j1709,XDCE,1619.5,1608.0,1655.0,94048,15365034500,181084,194760,1769.5,1477.5,1623.5,1612,0.0,1622,0,0,0,2017-04-17,32590427,1619.5,2,0,0,0,0,0,0,0,0,1620.0,12,0,0,0,0,0,0,0,0
378,2017-04-17,09:03:10,952,j1709,XDCE,1620.0,1608.0,1655.0,94062,15367302200,181084,194760,1769.5,1477.5,1623.5,1612,0.0,1622,0,0,0,2017-04-17,32590952,1619.0,8,0,0,0,0,0,0,0,0,1620.0,7,0,0,0,0,0,0,0,0
379,2017-04-17,09:03:11,451,j1709,XDCE,1619.5,1608.0,1655.0,94084,15370864300,181076,194760,1769.5,1477.5,1623.5,1612,0.0,1622,0,0,0,2017-04-17,32591451,1619.5,1,0,0,0,0,0,0,0,0,1620.0,6,0,0,0,0,0,0,0,0
380,2017-04-17,09:03:11,950,j1709,XDCE,1619.0,1608.0,1655.0,94120,15376693800,181084,194760,1769.5,1477.5,1623.5,1612,0.0,1622,0,0,0,2017-04-17,32591950,1619.0,14,0,0,0,0,0,0,0,0,1620.0,1,0,0,0,0,0,0,0,0
381,2017-04-17,09:03:12,423,j1709,XDCE,1619.0,1608.0,1655.0,94122,15377017600,181084,194760,1769.5,1477.5,1623.5,1612,0.0,1622,0,0,0,2017-04-17,32592423,1619.0,13,0,0,0,0,0,0,0,0,1620.0,4,0,0,0,0,0,0,0,0
382,2017-04-17,09:03:12,841,j1709,XDCE,1619.0,1608.0,1655.0,94124,15377341400,181086,194760,1769.5,1477.5,1623.5,1612,0.0,1622,0,0,0,2017-04-17,32592841,1619.0,12,0,0,0,0,0,0,0,0,1620.0,5,0,0,0,0,0,0,0,0
383,2017-04-17,09:03:13,300,j1709,XDCE,1619.0,1608.0,1655.0,94128,15377989100,181088,194760,1769.5,1477.5,1623.5,1612,0.0,1622,0,0,0,2017-04-17,32593300,1619.0,5,0,0,0,0,0,0,0,0,1619.5,2,0,0,0,0,0,0,0,0
384,2017-04-17,09:03:13,950,j1709,XDCE,1619.5,1608.0,1655.0,94132,15378636800,181090,194760,1769.5,1477.5,1623.5,1612,0.0,1622,0,0,0,2017-04-17,32593950,1619.0,4,0,0,0,0,0,0,0,0,1619.5,5,0,0,0,0,0,0,0,0
385,2017-04-17,09:03:14,429,j1709,XDCE,1619.0,1608.0,1655.0,94134,15378960600,181090,194760,1769.5,1477.5,1623.5,1612,0.0,1622,0,0,0,2017-04-17,32594429,1619.0,4,0,0,0,0,0,0,0,0,1619.5,6,0,0,0,0,0,0,0,0
386,2017-04-17,09:03:14,934,j1709,XDCE,1619.0,1608.0,1655.0,94138,15379608200,181092,194760,1769.5,1477.5,1623.5,1612,0.0,1622,0,0,0,2017-04-17,32594934,1618.5,5,0,0,0,0,0,0,0,0,1619.5,7,0,0,0,0,0,0,0,0
387,2017-04-17,09:03:15,381,j1709,XDCE,1619.5,1608.0,1655.0,94146,15380903800,181090,194760,1769.5,1477.5,1623.5,1612,0.0,1622,0,0,0,2017-04-17,32595381,1618.5,8,0,0,0,0,0,0,0,0,1619.5,3,0,0,0,0,0,0,0,0
388,2017-04-17,09:03:15,962,j1709,XDCE,1619.0,1608.0,1655.0,94156,15382522800,181090,194760,1769.5,1477.5,1623.5,1612,0.0,1622,0,0,0,2017-04-17,32595962,1618.5,9,0,0,0,0,0,0,0,0,1619.0,15,0,0,0,0,0,0,0,0
389,2017-04-17,09:03:16,360,j1709,XDCE,1619.0,1608.0,1655.0,94186,15387379800,181116,194760,1769.5,1477.5,1623.5,1612,0.0,1622,0,0,0,2017-04-17,32596360,1619.0,2,0,0,0,0,0,0,0,0,1619.5,1,0,0,0,0,0,0,0,0
390,2017-04-17,09:03:16,816,j1709,XDCE,1619.0,1608.0,1655.0,94188,15387703600,181114,194760,1769.5,1477.5,1623.5,1612,0.0,1622,0,0,0,2017-04-17,32596816,1619.0,5,0,0,0,0,0,0,0,0,1619.5,1,0,0,0,0,0,0,0,0
391,2017-04-17,09:03:17,473,j1709,XDCE,1619.0,1608.0,1655.0,94190,15388027400,181114,194760,1769.5,1477.5,1623.5,1612,0.0,1622,0,0,0,2017-04-17,32597473,1619.0,3,0,0,0,0,0,0,0,0,1619.5,2,0,0,0,0,0,0,0,0
392,2017-04-17,09:03:17,887,j1709,XDCE,1619.0,1608.0,1655.0,94194,15388675000,181112,194760,1769.5,1477.5,1623.5,1612,0.0,1622,0,0,0,2017-04-17,32597887,1619.0,1,0,0,0,0,0,0,0,0,1619.5,2,0,0,0,0,0,0,0,0
393,2017-04-17,09:03:18,399,j1709,XDCE,1618.5,1608.0,1655.0,94198,15389322500,181110,194760,1769.5,1477.5,1623.5,1612,0.0,1622,0,0,0,2017-04-17,32598399,1618.5,4,0,0,0,0,0,0,0,0,1619.0,5,0,0,0,0,0,0,0,0
394,2017-04-17,09:03:18,927,j1709,XDCE,1618.5,1608.0,1655.0,94208,15390941000,181114,194760,1769.5,1477.5,1623.5,1612,0.0,1622,0,0,0,2017-04-17,32598927,1618.0,3,0,0,0,0,0,0,0,0,1619.0,6,0,0,0,0,0,0,0,0
395,2017-04-17,09:03:19,456,j1709,XDCE,1618.5,1608.0,1655.0,94208,15390941000,181114,194760,1769.5,1477.5,1623.5,1612,0.0,1622,0,0,0,2017-04-17,32599456,1618.0,4,0,0,0,0,0,0,0,0,1619.0,12,0,0,0,0,0,0,0,0
396,2017-04-17,09:03:19,963,j1709,XDCE,1618.5,1608.0,1655.0,94208,15390941000,181114,194760,1769.5,1477.5,1623.5,1612,0.0,1622,0,0,0,2017-04-17,32599963,1618.0,4,0,0,0,0,0,0,0,0,1619.0,14,0,0,0,0,0,0,0,0
397,2017-04-17,09:03:20,255,j1709,XDCE,1618.0,1608.0,1655.0,94214,15391911800,181120,194760,1769.5,1477.5,1623.5,1612,0.0,1622,0,0,0,2017-04-17,32600255,1618.0,1,0,0,0,0,0,0,0,0,1619.0,15,0,0,0,0,0,0,0,0
398,2017-04-17,09:03:20,919,j1709,XDCE,1618.0,1608.0,1655.0,94214,15391911800,181120,194760,1769.5,1477.5,1623.5,1612,0.0,1622,0,0,0,2017-04-17,32600919,1618.0,1,0,0,0,0,0,0,0,0,1619.0,16,0,0,0,0,0,0,0,0
399,2017-04-17,09:03:21,397,j1709,XDCE,1618.0,1608.0,1655.0,94216,15392235400,181118,194760,1769.5,1477.5,1623.5,1612,0.0,1622,0,0,0,2017-04-17,32601397,1618.0,2,0,0,0,0,0,0,0,0,1618.5,1,0,0,0,0,0,0,0,0
400,2017-04-17,09:03:21,972,j1709,XDCE,1618.0,1608.0,1655.0,94240,15396118700,181124,194760,1769.5,1477.5,1623.5,1612,0.0,1622,0,0,0,2017-04-17,32601972,1617.5,10,0,0,0,0,0,0,0,0,1618.0,1,0,0,0,0,0,0,0,0
401,2017-04-17,09:03:22,294,j1709,XDCE,1618.0,1608.0,1655.0,94244,15396765900,181124,194760,1769.5,1477.5,1623.5,1612,0.0,1622,0,0,0,2017-04-17,32602294,1618.0,5,0,0,0,0,0,0,0,0,1618.5,3,0,0,0,0,0,0,0,0
402,2017-04-17,09:03:22,870,j1709,XDCE,1618.0,1608.0,1655.0,94256,15398707500,181132,194760,1769.5,1477.5,1623.5,1612,0.0,1622,0,0,0,2017-04-17,32602870,1617.5,7,0,0,0,0,0,0,0,0,1618.0,6,0,0,0,0,0,0,0,0
403,2017-04-17,09:03:23,410,j1709,XDCE,1618.0,1608.0,1655.0,94256,15398707500,181132,194760,1769.5,1477.5,1623.5,1612,0.0,1622,0,0,0,2017-04-17,32603410,1617.5,7,0,0,0,0,0,0,0,0,1618.0,7,0,0,0,0,0,0,0,0
404,2017-04-17,09:03:23,825,j1709,XDCE,1617.5,1608.0,1655.0,94260,15399354500,181134,194760,1769.5,1477.5,1623.5,1612,0.0,1622,0,0,0,2017-04-17,32603825,1617.5,5,0,0,0,0,0,0,0,0,1618.0,15,0,0,0,0,0,0,0,0
405,2017-04-17,09:03:24,411,j1709,XDCE,1617.5,1608.0,1655.0,94264,15400001500,181136,194760,1769.5,1477.5,1623.5,1612,0.0,1622,0,0,0,2017-04-17,32604411,1617.5,3,0,0,0,0,0,0,0,0,1618.0,16,0,0,0,0,0,0,0,0
406,2017-04-17,09:03:24,924,j1709,XDCE,1617.5,1608.0,1655.0,94302,15406149400,181142,194760,1769.5,1477.5,1623.5,1612,0.0,1622,0,0,0,2017-04-17,32604924,1617.5,1,0,0,0,0,0,0,0,0,1618.0,3,0,0,0,0,0,0,0,0
407,2017-04-17,09:03:25,444,j1709,XDCE,1617.5,1608.0,1655.0,94306,15406796500,181140,194760,1769.5,1477.5,1623.5,1612,0.0,1622,0,0,0,2017-04-17,32605444,1617.5,4,0,0,0,0,0,0,0,0,1618.0,2,0,0,0,0,0,0,0,0
408,2017-04-17,09:03:25,884,j1709,XDCE,1618.0,1608.0,1655.0,94314,15408090900,181136,194760,1769.5,1477.5,1623.5,1612,0.0,1622,0,0,0,2017-04-17,32605884,1617.5,4,0,0,0,0,0,0,0,0,1618.5,4,0,0,0,0,0,0,0,0
409,2017-04-17,09:03:26,351,j1709,XDCE,1617.5,1608.0,1655.0,94320,15409061400,181140,194760,1769.5,1477.5,1623.5,1612,0.0,1622,0,0,0,2017-04-17,32606351,1617.0,92,0,0,0,0,0,0,0,0,1618.5,4,0,0,0,0,0,0,0,0
410,2017-04-17,09:03:26,878,j1709,XDCE,1618.0,1608.0,1655.0,94326,15410032200,181140,194760,1769.5,1477.5,1623.5,1612,0.0,1622,0,0,0,2017-04-17,32606878,1618.0,1,0,0,0,0,0,0,0,0,1618.5,4,0,0,0,0,0,0,0,0
411,2017-04-17,09:03:27,406,j1709,XDCE,1618.5,1608.0,1655.0,94340,15412297500,181138,194760,1769.5,1477.5,1623.5,1612,0.0,1622,0,0,0,2017-04-17,32607406,1617.5,6,0,0,0,0,0,0,0,0,1618.5,1,0,0,0,0,0,0,0,0
412,2017-04-17,09:03:28,335,j1709,XDCE,1618.0,1608.0,1655.0,94342,15412621100,181138,194760,1769.5,1477.5,1623.5,1612,0.0,1622,0,0,0,2017-04-17,32608335,1618.0,5,0,0,0,0,0,0,0,0,1618.5,3,0,0,0,0,0,0,0,0
413,2017-04-17,09:03:28,911,j1709,XDCE,1618.0,1608.0,1655.0,94350,15413915500,181138,194760,1769.5,1477.5,1623.5,1612,0.0,1622,0,0,0,2017-04-17,32608911,1618.0,1,0,0,0,0,0,0,0,0,1618.5,7,0,0,0,0,0,0,0,0
414,2017-04-17,09:03:29,367,j1709,XDCE,1618.0,1608.0,1655.0,94362,15415857100,181138,194760,1769.5,1477.5,1623.5,1612,0.0,1622,0,0,0,2017-04-17,32609367,1617.5,2,0,0,0,0,0,0,0,0,1618.0,1,0,0,0,0,0,0,0,0
415,2017-04-17,09:03:29,959,j1709,XDCE,1618.5,1608.0,1655.0,94406,15422974800,181126,194760,1769.5,1477.5,1623.5,1612,0.0,1622,0,0,0,2017-04-17,32609959,1618.5,1,0,0,0,0,0,0,0,0,1619.0,13,0,0,0,0,0,0,0,0
416,2017-04-17,09:03:30,468,j1709,XDCE,1618.5,1608.0,1655.0,94408,15423298500,181124,194760,1769.5,1477.5,1623.5,1612,0.0,1622,0,0,0,2017-04-17,32610468,1617.5,2,0,0,0,0,0,0,0,0,1618.0,2,0,0,0,0,0,0,0,0
417,2017-04-17,09:03:31,459,j1709,XDCE,1617.5,1608.0,1655.0,94410,15423622000,181124,194760,1769.5,1477.5,1623.5,1612,0.0,1622,0,0,0,2017-04-17,32611459,1617.5,1,0,0,0,0,0,0,0,0,1618.0,3,0,0,0,0,0,0,0,0
418,2017-04-17,09:03:31,954,j1709,XDCE,1618.0,1608.0,1655.0,94414,15424269100,181128,194760,1769.5,1477.5,1623.5,1612,0.0,1622,0,0,0,2017-04-17,32611954,1617.5,1,0,0,0,0,0,0,0,0,1618.0,4,0,0,0,0,0,0,0,0
419,2017-04-17,09:03:32,424,j1709,XDCE,1618.5,1608.0,1655.0,94446,15429444700,181146,194760,1769.5,1477.5,1623.5,1612,0.0,1622,0,0,0,2017-04-17,32612424,1617.5,1,0,0,0,0,0,0,0,0,1618.0,8,0,0,0,0,0,0,0,0
420,2017-04-17,09:03:32,925,j1709,XDCE,1617.5,1608.0,1655.0,94448,15429768200,181148,194760,1769.5,1477.5,1623.5,1612,0.0,1622,0,0,0,2017-04-17,32612925,1617.0,69,0,0,0,0,0,0,0,0,1618.0,7,0,0,0,0,0,0,0,0
421,2017-04-17,09:03:33,453,j1709,XDCE,1618.0,1608.0,1655.0,94450,15430091800,181150,194760,1769.5,1477.5,1623.5,1612,0.0,1622,0,0,0,2017-04-17,32613453,1617.0,69,0,0,0,0,0,0,0,0,1618.0,6,0,0,0,0,0,0,0,0
422,2017-04-17,09:03:33,970,j1709,XDCE,1618.0,1608.0,1655.0,94454,15430739000,181154,194760,1769.5,1477.5,1623.5,1612,0.0,1622,0,0,0,2017-04-17,32613970,1617.5,2,0,0,0,0,0,0,0,0,1618.0,5,0,0,0,0,0,0,0,0
423,2017-04-17,09:03:34,473,j1709,XDCE,1618.0,1608.0,1655.0,94488,15436240200,181154,194760,1769.5,1477.5,1623.5,1612,0.0,1622,0,0,0,2017-04-17,32614473,1618.0,2,0,0,0,0,0,0,0,0,1618.5,7,0,0,0,0,0,0,0,0
424,2017-04-17,09:03:34,972,j1709,XDCE,1618.0,1608.0,1655.0,94492,15436887400,181154,194760,1769.5,1477.5,1623.5,1612,0.0,1622,0,0,0,2017-04-17,32614972,1618.0,11,0,0,0,0,0,0,0,0,1618.5,9,0,0,0,0,0,0,0,0
425,2017-04-17,09:03:35,410,j1709,XDCE,1618.0,1608.0,1655.0,94514,15440447400,181148,194760,1769.5,1477.5,1623.5,1612,0.0,1622,0,0,0,2017-04-17,32615410,1618.0,14,0,0,0,0,0,0,0,0,1618.5,5,0,0,0,0,0,0,0,0
426,2017-04-17,09:03:35,863,j1709,XDCE,1618.5,1608.0,1655.0,94520,15441418500,181152,194760,1769.5,1477.5,1623.5,1612,0.0,1622,0,0,0,2017-04-17,32615863,1618.0,15,0,0,0,0,0,0,0,0,1618.5,3,0,0,0,0,0,0,0,0
427,2017-04-17,09:03:36,390,j1709,XDCE,1618.5,1608.0,1655.0,94520,15441418500,181152,194760,1769.5,1477.5,1623.5,1612,0.0,1622,0,0,0,2017-04-17,32616390,1618.0,18,0,0,0,0,0,0,0,0,1618.5,3,0,0,0,0,0,0,0,0
428,2017-04-17,09:03:36,958,j1709,XDCE,1618.0,1608.0,1655.0,94534,15443684100,181154,194760,1769.5,1477.5,1623.5,1612,0.0,1622,0,0,0,2017-04-17,32616958,1618.0,15,0,0,0,0,0,0,0,0,1619.0,13,0,0,0,0,0,0,0,0
429,2017-04-17,09:03:37,466,j1709,XDCE,1618.0,1608.0,1655.0,94534,15443684100,181154,194760,1769.5,1477.5,1623.5,1612,0.0,1622,0,0,0,2017-04-17,32617466,1618.0,16,0,0,0,0,0,0,0,0,1619.0,13,0,0,0,0,0,0,0,0
430,2017-04-17,09:03:37,952,j1709,XDCE,1618.0,1608.0,1655.0,94566,15448861900,181170,194760,1769.5,1477.5,1623.5,1612,0.0,1622,0,0,0,2017-04-17,32617952,1618.5,1,0,0,0,0,0,0,0,0,1619.0,12,0,0,0,0,0,0,0,0
431,2017-04-17,09:03:38,405,j1709,XDCE,1618.0,1608.0,1655.0,94572,15449832800,181170,194760,1769.5,1477.5,1623.5,1612,0.0,1622,0,0,0,2017-04-17,32618405,1618.0,30,0,0,0,0,0,0,0,0,1618.5,5,0,0,0,0,0,0,0,0
432,2017-04-17,09:03:38,953,j1709,XDCE,1618.0,1608.0,1655.0,94584,15451774900,181172,194760,1769.5,1477.5,1623.5,1612,0.0,1622,0,0,0,2017-04-17,32618953,1618.0,29,0,0,0,0,0,0,0,0,1618.5,1,0,0,0,0,0,0,0,0
433,2017-04-17,09:03:39,289,j1709,XDCE,1618.0,1608.0,1655.0,94594,15453392900,181182,194760,1769.5,1477.5,1623.5,1612,0.0,1622,0,0,0,2017-04-17,32619289,1618.0,24,0,0,0,0,0,0,0,0,1618.5,3,0,0,0,0,0,0,0,0
434,2017-04-17,09:03:39,961,j1709,XDCE,1618.0,1608.0,1655.0,94624,15458246900,181190,194760,1769.5,1477.5,1623.5,1612,0.0,1622,0,0,0,2017-04-17,32619961,1618.0,9,0,0,0,0,0,0,0,0,1618.5,4,0,0,0,0,0,0,0,0
435,2017-04-17,09:03:40,399,j1709,XDCE,1618.0,1608.0,1655.0,94642,15461159300,181192,194760,1769.5,1477.5,1623.5,1612,0.0,1622,0,0,0,2017-04-17,32620399,1617.5,6,0,0,0,0,0,0,0,0,1618.0,30,0,0,0,0,0,0,0,0
436,2017-04-17,09:03:40,879,j1709,XDCE,1618.0,1608.0,1655.0,94666,15465041000,181204,194760,1769.5,1477.5,1623.5,1612,0.0,1622,0,0,0,2017-04-17,32620879,1617.0,70,0,0,0,0,0,0,0,0,1618.0,20,0,0,0,0,0,0,0,0
437,2017-04-17,09:03:41,392,j1709,XDCE,1618.0,1608.0,1655.0,94686,15468277000,181196,194760,1769.5,1477.5,1623.5,1612,0.0,1622,0,0,0,2017-04-17,32621392,1617.0,70,0,0,0,0,0,0,0,0,1618.0,16,0,0,0,0,0,0,0,0
438,2017-04-17,09:03:41,790,j1709,XDCE,1617.5,1608.0,1655.0,94688,15468600500,181194,194760,1769.5,1477.5,1623.5,1612,0.0,1622,0,0,0,2017-04-17,32621790,1617.0,70,0,0,0,0,0,0,0,0,1617.5,1,0,0,0,0,0,0,0,0
439,2017-04-17,09:03:42,463,j1709,XDCE,1617.0,1608.0,1655.0,94706,15471511500,181202,194760,1769.5,1477.5,1623.5,1612,0.0,1622,0,0,0,2017-04-17,32622463,1617.0,65,0,0,0,0,0,0,0,0,1617.5,1,0,0,0,0,0,0,0,0
440,2017-04-17,09:03:42,936,j1709,XDCE,1617.0,1608.0,1655.0,94708,15471834900,181202,194760,1769.5,1477.5,1623.5,1612,0.0,1622,0,0,0,2017-04-17,32622936,1617.0,64,0,0,0,0,0,0,0,0,1617.5,4,0,0,0,0,0,0,0,0
441,2017-04-17,09:03:43,377,j1709,XDCE,1617.0,1608.0,1655.0,94710,15472158300,181202,194760,1769.5,1477.5,1623.5,1612,0.0,1622,0,0,0,2017-04-17,32623377,1617.0,63,0,0,0,0,0,0,0,0,1617.5,8,0,0,0,0,0,0,0,0
442,2017-04-17,09:03:43,937,j1709,XDCE,1617.0,1608.0,1655.0,94716,15473128500,181206,194760,1769.5,1477.5,1623.5,1612,0.0,1622,0,0,0,2017-04-17,32623937,1617.0,60,0,0,0,0,0,0,0,0,1617.5,8,0,0,0,0,0,0,0,0
443,2017-04-17,09:03:44,429,j1709,XDCE,1617.5,1608.0,1655.0,94722,15474098900,181204,194760,1769.5,1477.5,1623.5,1612,0.0,1622,0,0,0,2017-04-17,32624429,1617.0,59,0,0,0,0,0,0,0,0,1617.5,6,0,0,0,0,0,0,0,0
444,2017-04-17,09:03:44,934,j1709,XDCE,1617.5,1608.0,1655.0,94722,15474098900,181204,194760,1769.5,1477.5,1623.5,1612,0.0,1622,0,0,0,2017-04-17,32624934,1617.0,58,0,0,0,0,0,0,0,0,1617.5,6,0,0,0,0,0,0,0,0
445,2017-04-17,09:03:45,363,j1709,XDCE,1617.5,1608.0,1655.0,94736,15476363300,181192,194760,1769.5,1477.5,1623.5,1612,0.0,1622,0,0,0,2017-04-17,32625363,1617.5,4,0,0,0,0,0,0,0,0,1618.0,30,0,0,0,0,0,0,0,0
446,2017-04-17,09:03:45,827,j1709,XDCE,1617.5,1608.0,1655.0,94740,15477010300,181190,194760,1769.5,1477.5,1623.5,1612,0.0,1622,0,0,0,2017-04-17,32625827,1617.5,3,0,0,0,0,0,0,0,0,1618.0,30,0,0,0,0,0,0,0,0
447,2017-04-17,09:03:46,973,j1709,XDCE,1617.5,1608.0,1655.0,94744,15477657300,181186,194760,1769.5,1477.5,1623.5,1612,0.0,1622,0,0,0,2017-04-17,32626973,1617.5,1,0,0,0,0,0,0,0,0,1618.0,28,0,0,0,0,0,0,0,0
448,2017-04-17,09:03:47,41,j1709,XDCE,1617.5,1608.0,1655.0,94746,15477980800,181184,194760,1769.5,1477.5,1623.5,1612,0.0,1622,0,0,0,2017-04-17,32627041,1617.0,59,0,0,0,0,0,0,0,0,1618.0,28,0,0,0,0,0,0,0,0
449,2017-04-17,09:03:47,849,j1709,XDCE,1617.0,1608.0,1655.0,94748,15478304200,181186,194760,1769.5,1477.5,1623.5,1612,0.0,1622,0,0,0,2017-04-17,32627849,1617.0,58,0,0,0,0,0,0,0,0,1618.0,28,0,0,0,0,0,0,0,0
450,2017-04-17,09:03:48,454,j1709,XDCE,1617.0,1608.0,1655.0,94748,15478304200,181186,194760,1769.5,1477.5,1623.5,1612,0.0,1622,0,0,0,2017-04-17,32628454,1617.0,58,0,0,0,0,0,0,0,0,1617.5,2,0,0,0,0,0,0,0,0
451,2017-04-17,09:03:48,906,j1709,XDCE,1617.0,1608.0,1655.0,94750,15478627600,181188,194760,1769.5,1477.5,1623.5,1612,0.0,1622,0,0,0,2017-04-17,32628906,1617.0,57,0,0,0,0,0,0,0,0,1617.5,3,0,0,0,0,0,0,0,0
452,2017-04-17,09:03:49,99,j1709,XDCE,1618.0,1608.0,1655.0,94772,15482186900,181206,194760,1769.5,1477.5,1623.5,1612,0.0,1622,0,0,0,2017-04-17,32629099,1617.0,57,0,0,0,0,0,0,0,0,1618.0,21,0,0,0,0,0,0,0,0
453,2017-04-17,09:03:49,512,j1709,XDCE,1618.0,1608.0,1655.0,94772,15482186900,181206,194760,1769.5,1477.5,1623.5,1612,0.0,1622,0,0,0,2017-04-17,32629512,1617.0,57,0,0,0,0,0,0,0,0,1617.5,1,0,0,0,0,0,0,0,0
454,2017-04-17,09:03:50,882,j1709,XDCE,1617.5,1608.0,1655.0,94776,15482833900,181206,194760,1769.5,1477.5,1623.5,1612,0.0,1622,0,0,0,2017-04-17,32630882,1617.0,57,0,0,0,0,0,0,0,0,1617.5,1,0,0,0,0,0,0,0,0
455,2017-04-17,09:03:51,472,j1709,XDCE,1617.5,1608.0,1655.0,94778,15483157400,181206,194760,1769.5,1477.5,1623.5,1612,0.0,1622,0,0,0,2017-04-17,32631472,1617.0,57,0,0,0,0,0,0,0,0,1617.5,1,0,0,0,0,0,0,0,0
456,2017-04-17,09:03:51,827,j1709,XDCE,1617.5,1608.0,1655.0,94778,15483157400,181206,194760,1769.5,1477.5,1623.5,1612,0.0,1622,0,0,0,2017-04-17,32631827,1617.0,58,0,0,0,0,0,0,0,0,1617.5,1,0,0,0,0,0,0,0,0
457,2017-04-17,09:03:52,444,j1709,XDCE,1617.0,1608.0,1655.0,94800,15486714900,181228,194760,1769.5,1477.5,1623.5,1612,0.0,1622,0,0,0,2017-04-17,32632444,1617.0,48,0,0,0,0,0,0,0,0,1618.0,21,0,0,0,0,0,0,0,0
458,2017-04-17,09:03:52,761,j1709,XDCE,1618.0,1608.0,1655.0,94890,15501272100,181270,194760,1769.5,1477.5,1623.5,1612,0.0,1622,0,0,0,2017-04-17,32632761,1618.0,19,0,0,0,0,0,0,0,0,1618.5,2,0,0,0,0,0,0,0,0
459,2017-04-17,09:03:53,164,j1709,XDCE,1618.5,1608.0,1655.0,94894,15501919500,181270,194760,1769.5,1477.5,1623.5,1612,0.0,1622,0,0,0,2017-04-17,32633164,1618.0,19,0,0,0,0,0,0,0,0,1618.5,1,0,0,0,0,0,0,0,0
460,2017-04-17,09:03:53,891,j1709,XDCE,1618.0,1608.0,1655.0,94932,15508067900,181302,194760,1769.5,1477.5,1623.5,1612,0.0,1622,0,0,0,2017-04-17,32633891,1617.5,2,0,0,0,0,0,0,0,0,1618.0,14,0,0,0,0,0,0,0,0
461,2017-04-17,09:03:54,402,j1709,XDCE,1617.5,1608.0,1655.0,94938,15509038500,181302,194760,1769.5,1477.5,1623.5,1612,0.0,1622,0,0,0,2017-04-17,32634402,1617.0,24,0,0,0,0,0,0,0,0,1618.0,9,0,0,0,0,0,0,0,0
462,2017-04-17,09:03:54,823,j1709,XDCE,1617.5,1608.0,1655.0,94938,15509038500,181302,194760,1769.5,1477.5,1623.5,1612,0.0,1622,0,0,0,2017-04-17,32634823,1617.0,24,0,0,0,0,0,0,0,0,1617.5,1,0,0,0,0,0,0,0,0
463,2017-04-17,09:03:55,380,j1709,XDCE,1617.0,1608.0,1655.0,94942,15509685300,181306,194760,1769.5,1477.5,1623.5,1612,0.0,1622,0,0,0,2017-04-17,32635380,1617.0,22,0,0,0,0,0,0,0,0,1617.5,1,0,0,0,0,0,0,0,0
464,2017-04-17,09:03:55,793,j1709,XDCE,1617.0,1608.0,1655.0,94950,15510978900,181306,194760,1769.5,1477.5,1623.5,1612,0.0,1622,0,0,0,2017-04-17,32635793,1617.0,20,0,0,0,0,0,0,0,0,1617.5,1,0,0,0,0,0,0,0,0
465,2017-04-17,09:03:56,945,j1709,XDCE,1617.5,1608.0,1655.0,94956,15511949300,181306,194760,1769.5,1477.5,1623.5,1612,0.0,1622,0,0,0,2017-04-17,32636945,1617.0,19,0,0,0,0,0,0,0,0,1617.5,4,0,0,0,0,0,0,0,0
466,2017-04-17,09:03:57,459,j1709,XDCE,1617.5,1608.0,1655.0,94964,15513243300,181306,194760,1769.5,1477.5,1623.5,1612,0.0,1622,0,0,0,2017-04-17,32637459,1617.5,37,0,0,0,0,0,0,0,0,1618.0,12,0,0,0,0,0,0,0,0
467,2017-04-17,09:03:57,972,j1709,XDCE,1617.5,1608.0,1655.0,94976,15515184400,181304,194760,1769.5,1477.5,1623.5,1612,0.0,1622,0,0,0,2017-04-17,32637972,1617.5,32,0,0,0,0,0,0,0,0,1618.0,11,0,0,0,0,0,0,0,0
468,2017-04-17,09:03:58,790,j1709,XDCE,1617.5,1608.0,1655.0,95040,15525536400,181304,194760,1769.5,1477.5,1623.5,1612,0.0,1622,0,0,0,2017-04-17,32638790,1617.0,19,0,0,0,0,0,0,0,0,1617.5,11,0,0,0,0,0,0,0,0
469,2017-04-17,09:03:59,37,j1709,XDCE,1617.0,1608.0,1655.0,95042,15525859800,181306,194760,1769.5,1477.5,1623.5,1612,0.0,1622,0,0,0,2017-04-17,32639037,1617.0,18,0,0,0,0,0,0,0,0,1617.5,5,0,0,0,0,0,0,0,0
470,2017-04-17,09:03:59,853,j1709,XDCE,1617.5,1608.0,1655.0,95044,15526183300,181308,194760,1769.5,1477.5,1623.5,1612,0.0,1622,0,0,0,2017-04-17,32639853,1617.0,18,0,0,0,0,0,0,0,0,1617.5,4,0,0,0,0,0,0,0,0
471,2017-04-17,09:04:00,922,j1709,XDCE,1618.0,1608.0,1655.0,95050,15527153800,181308,194760,1769.5,1477.5,1623.5,1612,0.0,1622,0,0,0,2017-04-17,32640922,1617.0,17,0,0,0,0,0,0,0,0,1618.0,9,0,0,0,0,0,0,0,0
472,2017-04-17,09:04:01,291,j1709,XDCE,1617.0,1608.0,1655.0,95086,15532975100,181340,194760,1769.5,1477.5,1623.5,1612,0.0,1622,0,0,0,2017-04-17,32641291,1616.5,40,0,0,0,0,0,0,0,0,1617.0,13,0,0,0,0,0,0,0,0
473,2017-04-17,09:04:01,829,j1709,XDCE,1617.0,1608.0,1655.0,95088,15533298500,181340,194760,1769.5,1477.5,1623.5,1612,0.0,1622,0,0,0,2017-04-17,32641829,1616.5,40,0,0,0,0,0,0,0,0,1617.0,12,0,0,0,0,0,0,0,0
474,2017-04-17,09:04:02,443,j1709,XDCE,1616.0,1608.0,1655.0,95176,15547523300,181384,194760,1769.5,1477.5,1623.5,1612,0.0,1622,0,0,0,2017-04-17,32642443,1616.0,3,0,0,0,0,0,0,0,0,1616.5,12,0,0,0,0,0,0,0,0
475,2017-04-17,09:04:02,969,j1709,XDCE,1616.5,1608.0,1655.0,95194,15550432600,181392,194760,1769.5,1477.5,1623.5,1612,0.0,1622,0,0,0,2017-04-17,32642969,1615.5,3,0,0,0,0,0,0,0,0,1616.0,9,0,0,0,0,0,0,0,0
476,2017-04-17,09:04:03,302,j1709,XDCE,1616.0,1608.0,1655.0,95204,15552048300,181396,194760,1769.5,1477.5,1623.5,1612,0.0,1622,0,0,0,2017-04-17,32643302,1615.0,34,0,0,0,0,0,0,0,0,1615.5,2,0,0,0,0,0,0,0,0
477,2017-04-17,09:04:03,969,j1709,XDCE,1616.0,1608.0,1655.0,95210,15553017800,181396,194760,1769.5,1477.5,1623.5,1612,0.0,1622,0,0,0,2017-04-17,32643969,1615.0,34,0,0,0,0,0,0,0,0,1616.0,5,0,0,0,0,0,0,0,0
478,2017-04-17,09:04:04,846,j1709,XDCE,1615.0,1608.0,1655.0,95218,15554309800,181404,194760,1769.5,1477.5,1623.5,1612,0.0,1622,0,0,0,2017-04-17,32644846,1615.0,30,0,0,0,0,0,0,0,0,1615.5,6,0,0,0,0,0,0,0,0
479,2017-04-17,09:04:05,362,j1709,XDCE,1614.5,1608.0,1655.0,95282,15564645600,181426,194760,1769.5,1477.5,1623.5,1612,0.0,1622,0,0,0,2017-04-17,32645362,1613.5,6,0,0,0,0,0,0,0,0,1614.5,1,0,0,0,0,0,0,0,0
480,2017-04-17,09:04:05,907,j1709,XDCE,1614.0,1608.0,1655.0,95284,15564968400,181426,194760,1769.5,1477.5,1623.5,1612,0.0,1622,0,0,0,2017-04-17,32645907,1613.5,6,0,0,0,0,0,0,0,0,1614.5,1,0,0,0,0,0,0,0,0
481,2017-04-17,09:04:06,452,j1709,XDCE,1614.0,1608.0,1655.0,95286,15565291200,181426,194760,1769.5,1477.5,1623.5,1612,0.0,1622,0,0,0,2017-04-17,32646452,1613.5,7,0,0,0,0,0,0,0,0,1614.5,2,0,0,0,0,0,0,0,0
482,2017-04-17,09:04:06,540,j1709,XDCE,1615.0,1608.0,1655.0,95298,15567229000,181416,194760,1769.5,1477.5,1623.5,1612,0.0,1622,0,0,0,2017-04-17,32646540,1614.0,1,0,0,0,0,0,0,0,0,1614.5,1,0,0,0,0,0,0,0,0
483,2017-04-17,09:04:07,460,j1709,XDCE,1614.0,1608.0,1655.0,95302,15567874600,181418,194760,1769.5,1477.5,1623.5,1612,0.0,1622,0,0,0,2017-04-17,32647460,1614.0,3,0,0,0,0,0,0,0,0,1614.5,1,0,0,0,0,0,0,0,0
484,2017-04-17,09:04:07,836,j1709,XDCE,1614.0,1608.0,1655.0,95306,15568520200,181418,194760,1769.5,1477.5,1623.5,1612,0.0,1622,0,0,0,2017-04-17,32647836,1614.0,2,0,0,0,0,0,0,0,0,1614.5,1,0,0,0,0,0,0,0,0
485,2017-04-17,09:04:08,182,j1709,XDCE,1614.0,1608.0,1655.0,95308,15568843000,181418,194760,1769.5,1477.5,1623.5,1612,0.0,1622,0,0,0,2017-04-17,32648182,1614.0,1,0,0,0,0,0,0,0,0,1614.5,1,0,0,0,0,0,0,0,0
486,2017-04-17,09:04:08,743,j1709,XDCE,1614.0,1608.0,1655.0,95310,15569165800,181416,194760,1769.5,1477.5,1623.5,1612,0.0,1622,0,0,0,2017-04-17,32648743,1613.5,7,0,0,0,0,0,0,0,0,1614.0,5,0,0,0,0,0,0,0,0
487,2017-04-17,09:04:09,261,j1709,XDCE,1614.0,1608.0,1655.0,95320,15570779800,181416,194760,1769.5,1477.5,1623.5,1612,0.0,1622,0,0,0,2017-04-17,32649261,1614.0,3,0,0,0,0,0,0,0,0,1614.5,1,0,0,0,0,0,0,0,0
488,2017-04-17,09:04:10,464,j1709,XDCE,1614.0,1608.0,1655.0,95324,15571425400,181416,194760,1769.5,1477.5,1623.5,1612,0.0,1622,0,0,0,2017-04-17,32650464,1613.5,7,0,0,0,0,0,0,0,0,1614.0,14,0,0,0,0,0,0,0,0
