,dataDate,dataTime,dataMillisec,instrumentID,exchangeCD,lastPrice,lowPrice,highPrice,volume,value,openInterest,preOpenInterest,upperLimitPrice,lowerLimitPrice,preSettlementPrice,prevClosePrice,settlementPrice,openPrice,closePrice,preDelta,currDelta,clearingDay,milliSecOffset,bidPrice1,bidVolume1,bidPrice2,bidVolume2,bidPrice3,bidVolume3,bidPrice4,bidVolume4,bidPrice5,bidVolume5,askPrice1,askVolume1,askPrice2,askVolume2,askPrice3,askVolume3,askPrice4,askVolume4,askPrice5,askVolume5
0,2017-04-17,08:59:00,787,jd1709,XDCE,3879,3879,3879,238,9232020,175374,175246,4063,3677,3870,3867,0,3879,0,0,0,2017-04-17,32340787,3877,3,0,0,0,0,0,0,0,0,3879,4,0,0,0,0,0,0,0,0
1,2017-04-17,09:00:00,931,jd1709,XDCE,3879,3877,3879,260,10085140,175376,175246,4063,3677,3870,3867,0,3879,0,0,0,2017-04-17,32400931,3876,15,0,0,0,0,0,0,0,0,3879,11,0,0,0,0,0,0,0,0
2,2017-04-17,09:00:01,412,jd1709,XDCE,3876,3875,3879,386,14969520,175404,175246,4063,3677,3870,3867,0,3879,0,0,0,2017-04-17,32401412,3871,65,0,0,0,0,0,0,0,0,3876,82,0,0,0,0,0,0,0,0
3,2017-04-17,09:00:01,931,jd1709,XDCE,3876,3871,3879,492,19077020,175418,175246,4063,3677,3870,3867,0,3879,0,0,0,2017-04-17,32401931,3874,1,0,0,0,0,0,0,0,0,3875,18,0,0,0,0,0,0,0,0
4,2017-04-17,09:00:02,413,jd1709,XDCE,3876,3871,3879,658,25508900,175482,175246,4063,3677,3870,3867,0,3879,0,0,0,2017-04-17,32402413,3872,3,0,0,0,0,0,0,0,0,3876,73,0,0,0,0,0,0,0,0
5,2017-04-17,09:00:02,897,jd1709,XDCE,3874,3871,3879,686,26594020,175492,175246,4063,3677,3870,3867,0,3879,0,0,0,2017-04-17,32402897,3873,17,0,0,0,0,0,0,0,0,3875,31,0,0,0,0,0,0,0,0
6,2017-04-17,09:00:03,428,jd1709,XDCE,3873,3871,3879,704,27291260,175490,175246,4063,3677,3870,3867,0,3879,0,0,0,2017-04-17,32403428,3873,8,0,0,0,0,0,0,0,0,3874,45,0,0,0,0,0,0,0,0
7,2017-04-17,09:00:03,923,jd1709,XDCE,3872,3871,3879,804,31164200,175436,175246,4063,3677,3870,3867,0,3879,0,0,0,2017-04-17,32403923,3871,61,0,0,0,0,0,0,0,0,3872,28,0,0,0,0,0,0,0,0
8,2017-04-17,09:00:04,403,jd1709,XDCE,3872,3871,3879,894,34648380,175438,175246,4063,3677,3870,3867,0,3879,0,0,0,2017-04-17,32404403,3871,30,0,0,0,0,0,0,0,0,3872,15,0,0,0,0,0,0,0,0
9,2017-04-17,09:00:04,889,jd1709,XDCE,3873,3871,3879,964,37359020,175480,175246,4063,3677,3870,3867,0,3879,0,0,0,2017-04-17,32404889,3871,30,0,0,0,0,0,0,0,0,3872,5,0,0,0,0,0,0,0,0
10,2017-04-17,09:00:05,429,jd1709,XDCE,3872,3871,3879,972,37668780,175486,175246,4063,3677,3870,3867,0,3879,0,0,0,2017-04-17,32405429,3871,46,0,0,0,0,0,0,0,0,3872,1,0,0,0,0,0,0,0,0
11,2017-04-17,09:00:05,924,jd1709,XDCE,3872,3871,3879,1016,39372240,175502,175246,4063,3677,3870,3867,0,3879,0,0,0,2017-04-17,32405924,3871,37,0,0,0,0,0,0,0,0,3872,1,0,0,0,0,0,0,0,0
12,2017-04-17,09:00:06,414,jd1709,XDCE,3871,3871,3879,1142,44250120,175454,175246,4063,3677,3870,3867,0,3879,0,0,0,2017-04-17,32406414,3870,34,0,0,0,0,0,0,0,0,3871,32,0,0,0,0,0,0,0,0
13,2017-04-17,09:00:06,905,jd1709,XDCE,3871,3870,3879,1164,45101720,175456,175246,4063,3677,3870,3867,0,3879,0,0,0,2017-04-17,32406905,3870,32,0,0,0,0,0,0,0,0,3871,22,0,0,0,0,0,0,0,0
14,2017-04-17,09:00:07,424,jd1709,XDCE,3870,3869,3879,1266,49049000,175488,175246,4063,3677,3870,3867,0,3879,0,0,0,2017-04-17,32407424,3869,3,0,0,0,0,0,0,0,0,3870,14,0,0,0,0,0,0,0,0
15,2017-04-17,09:00:07,902,jd1709,XDCE,3869,3869,3879,1276,49435940,175486,175246,4063,3677,3870,3867,0,3879,0,0,0,2017-04-17,32407902,3869,8,0,0,0,0,0,0,0,0,3870,14,0,0,0,0,0,0,0,0
16,2017-04-17,09:00:08,417,jd1709,XDCE,3870,3869,3879,1286,49822940,175486,175246,4063,3677,3870,3867,0,3879,0,0,0,2017-04-17,32408417,3869,8,0,0,0,0,0,0,0,0,3870,10,0,0,0,0,0,0,0,0
17,2017-04-17,09:00:08,926,jd1709,XDCE,3870,3869,3879,1308,50674340,175494,175246,4063,3677,3870,3867,0,3879,0,0,0,2017-04-17,32408926,3870,2,0,0,0,0,0,0,0,0,3871,26,0,0,0,0,0,0,0,0
18,2017-04-17,09:00:09,415,jd1709,XDCE,3869,3869,3879,1364,52841340,175468,175246,4063,3677,3870,3867,0,3879,0,0,0,2017-04-17,32409415,3868,5,0,0,0,0,0,0,0,0,3869,5,0,0,0,0,0,0,0,0
19,2017-04-17,09:00:09,929,jd1709,XDCE,3869,3869,3879,1380,53460440,175458,175246,4063,3677,3870,3867,0,3879,0,0,0,2017-04-17,32409929,3869,32,0,0,0,0,0,0,0,0,3870,1,0,0,0,0,0,0,0,0
20,2017-04-17,09:00:10,386,jd1709,XDCE,3870,3869,3879,1390,53847460,175454,175246,4063,3677,3870,3867,0,3879,0,0,0,2017-04-17,32410386,3869,34,0,0,0,0,0,0,0,0,3870,7,0,0,0,0,0,0,0,0
21,2017-04-17,09:00:10,900,jd1709,XDCE,3870,3869,3879,1436,55627920,175440,175246,4063,3677,3870,3867,0,3879,0,0,0,2017-04-17,32410900,3870,45,0,0,0,0,0,0,0,0,3871,3,0,0,0,0,0,0,0,0
22,2017-04-17,09:00:11,423,jd1709,XDCE,3870,3869,3879,1450,56169760,175434,175246,4063,3677,3870,3867,0,3879,0,0,0,2017-04-17,32411423,3870,42,0,0,0,0,0,0,0,0,3871,1,0,0,0,0,0,0,0,0
23,2017-04-17,09:00:11,922,jd1709,XDCE,3871,3869,3879,1474,57098960,175422,175246,4063,3677,3870,3867,0,3879,0,0,0,2017-04-17,32411922,3871,13,0,0,0,0,0,0,0,0,3872,5,0,0,0,0,0,0,0,0
24,2017-04-17,09:00:12,387,jd1709,XDCE,3870,3869,3879,1590,61588820,175370,175246,4063,3677,3870,3867,0,3879,0,0,0,2017-04-17,32412387,3870,11,0,0,0,0,0,0,0,0,3872,16,0,0,0,0,0,0,0,0
25,2017-04-17,09:00:12,869,jd1709,XDCE,3872,3869,3879,1604,62130780,175366,175246,4063,3677,3870,3867,0,3879,0,0,0,2017-04-17,32412869,3871,2,0,0,0,0,0,0,0,0,3872,12,0,0,0,0,0,0,0,0
26,2017-04-17,09:00:13,428,jd1709,XDCE,3871,3869,3879,1608,62285620,175368,175246,4063,3677,3870,3867,0,3879,0,0,0,2017-04-17,32413428,3871,10,0,0,0,0,0,0,0,0,3872,12,0,0,0,0,0,0,0,0
27,2017-04-17,09:00:13,887,jd1709,XDCE,3872,3869,3879,1644,63679540,175354,175246,4063,3677,3870,3867,0,3879,0,0,0,2017-04-17,32413887,3872,18,0,0,0,0,0,0,0,0,3873,15,0,0,0,0,0,0,0,0
28,2017-04-17,09:00:14,387,jd1709,XDCE,3873,3869,3879,1654,64066760,175346,175246,4063,3677,3870,3867,0,3879,0,0,0,2017-04-17,32414387,3872,18,0,0,0,0,0,0,0,0,3873,9,0,0,0,0,0,0,0,0
29,2017-04-17,09:00:14,886,jd1709,XDCE,3874,3869,3879,1678,64996340,175348,175246,4063,3677,3870,3867,0,3879,0,0,0,2017-04-17,32414886,3874,35,0,0,0,0,0,0,0,0,3875,50,0,0,0,0,0,0,0,0
30,2017-04-17,09:00:15,386,jd1709,XDCE,3873,3869,3879,1756,68017980,175312,175246,4063,3677,3870,3867,0,3879,0,0,0,2017-04-17,32415386,3873,67,0,0,0,0,0,0,0,0,3875,50,0,0,0,0,0,0,0,0
31,2017-04-17,09:00:15,834,jd1709,XDCE,3875,3869,3879,1884,72977080,175354,175246,4063,3677,3870,3867,0,3879,0,0,0,2017-04-17,32415834,3874,10,0,0,0,0,0,0,0,0,3875,9,0,0,0,0,0,0,0,0
32,2017-04-17,09:00:16,389,jd1709,XDCE,3875,3869,3879,1900,73597060,175356,175246,4063,3677,3870,3867,0,3879,0,0,0,2017-04-17,32416389,3874,9,0,0,0,0,0,0,0,0,3875,7,0,0,0,0,0,0,0,0
33,2017-04-17,09:00:16,902,jd1709,XDCE,3875,3869,3879,1926,74604520,175370,175246,4063,3677,3870,3867,0,3879,0,0,0,2017-04-17,32416902,3874,12,0,0,0,0,0,0,0,0,3875,1,0,0,0,0,0,0,0,0
34,2017-04-17,09:00:17,387,jd1709,XDCE,3872,3869,3879,2090,80956040,175232,175246,4063,3677,3870,3867,0,3879,0,0,0,2017-04-17,32417387,3872,15,0,0,0,0,0,0,0,0,3873,5,0,0,0,0,0,0,0,0
35,2017-04-17,09:00:17,927,jd1709,XDCE,3873,3869,3879,2100,81343340,175242,175246,4063,3677,3870,3867,0,3879,0,0,0,2017-04-17,32417927,3872,8,0,0,0,0,0,0,0,0,3875,1,0,0,0,0,0,0,0,0
36,2017-04-17,09:00:18,410,jd1709,XDCE,3873,3869,3879,2100,81343340,175242,175246,4063,3677,3870,3867,0,3879,0,0,0,2017-04-17,32418410,3873,15,0,0,0,0,0,0,0,0,3874,3,0,0,0,0,0,0,0,0
37,2017-04-17,09:00:18,887,jd1709,XDCE,3874,3869,3879,2106,81575760,175246,175246,4063,3677,3870,3867,0,3879,0,0,0,2017-04-17,32418887,3873,48,0,0,0,0,0,0,0,0,3875,6,0,0,0,0,0,0,0,0
38,2017-04-17,09:00:19,404,jd1709,XDCE,3875,3869,3879,2122,82195740,175256,175246,4063,3677,3870,3867,0,3879,0,0,0,2017-04-17,32419404,3874,11,0,0,0,0,0,0,0,0,3876,23,0,0,0,0,0,0,0,0
39,2017-04-17,09:00:19,823,jd1709,XDCE,3874,3869,3879,2124,82273220,175258,175246,4063,3677,3870,3867,0,3879,0,0,0,2017-04-17,32419823,3874,10,0,0,0,0,0,0,0,0,3876,23,0,0,0,0,0,0,0,0
40,2017-04-17,09:00:20,411,jd1709,XDCE,3876,3869,3879,2154,83436020,175248,175246,4063,3677,3870,3867,0,3879,0,0,0,2017-04-17,32420411,3875,4,0,0,0,0,0,0,0,0,3876,8,0,0,0,0,0,0,0,0
41,2017-04-17,09:00:20,900,jd1709,XDCE,3875,3869,3879,2182,84521300,175258,175246,4063,3677,3870,3867,0,3879,0,0,0,2017-04-17,32420900,3876,1,0,0,0,0,0,0,0,0,3877,17,0,0,0,0,0,0,0,0
42,2017-04-17,09:00:21,424,jd1709,XDCE,3877,3869,3879,2266,87777760,175236,175246,4063,3677,3870,3867,0,3879,0,0,0,2017-04-17,32421424,3876,5,0,0,0,0,0,0,0,0,3877,16,0,0,0,0,0,0,0,0
43,2017-04-17,09:00:21,910,jd1709,XDCE,3875,3869,3879,2318,89793660,175236,175246,4063,3677,3870,3867,0,3879,0,0,0,2017-04-17,32421910,3875,19,0,0,0,0,0,0,0,0,3877,4,0,0,0,0,0,0,0,0
44,2017-04-17,09:00:22,367,jd1709,XDCE,3877,3869,3879,2346,90879180,175224,175246,4063,3677,3870,3867,0,3879,0,0,0,2017-04-17,32422367,3877,9,0,0,0,0,0,0,0,0,3878,17,0,0,0,0,0,0,0,0
45,2017-04-17,09:00:22,850,jd1709,XDCE,3877,3869,3879,2356,91266880,175226,175246,4063,3677,3870,3867,0,3879,0,0,0,2017-04-17,32422850,3877,4,0,0,0,0,0,0,0,0,3878,17,0,0,0,0,0,0,0,0
46,2017-04-17,09:00:23,417,jd1709,XDCE,3878,3869,3879,2362,91499520,175224,175246,4063,3677,3870,3867,0,3879,0,0,0,2017-04-17,32423417,3877,2,0,0,0,0,0,0,0,0,3878,18,0,0,0,0,0,0,0,0
47,2017-04-17,09:00:23,691,jd1709,XDCE,3878,3869,3879,2400,92973160,175252,175246,4063,3677,3870,3867,0,3879,0,0,0,2017-04-17,32423691,3878,24,0,0,0,0,0,0,0,0,3879,46,0,0,0,0,0,0,0,0
48,2017-04-17,09:00:24,431,jd1709,XDCE,3877,3869,3879,2528,97937540,175248,175246,4063,3677,3870,3867,0,3879,0,0,0,2017-04-17,32424431,3876,14,0,0,0,0,0,0,0,0,3879,16,0,0,0,0,0,0,0,0
49,2017-04-17,09:00:24,930,jd1709,XDCE,3879,3869,3879,2548,98713220,175252,175246,4063,3677,3870,3867,0,3879,0,0,0,2017-04-17,32424930,3877,27,0,0,0,0,0,0,0,0,3878,1,0,0,0,0,0,0,0,0
50,2017-04-17,09:00:25,367,jd1709,XDCE,3878,3869,3879,2550,98790780,175254,175246,4063,3677,3870,3867,0,3879,0,0,0,2017-04-17,32425367,3878,8,0,0,0,0,0,0,0,0,3879,12,0,0,0,0,0,0,0,0
51,2017-04-17,09:00:25,928,jd1709,XDCE,3879,3869,3879,2562,99256160,175248,175246,4063,3677,3870,3867,0,3879,0,0,0,2017-04-17,32425928,3878,3,0,0,0,0,0,0,0,0,3879,11,0,0,0,0,0,0,0,0
52,2017-04-17,09:00:26,395,jd1709,XDCE,3879,3869,3879,2586,100186960,175236,175246,4063,3677,3870,3867,0,3879,0,0,0,2017-04-17,32426395,3877,16,0,0,0,0,0,0,0,0,3878,1,0,0,0,0,0,0,0,0
53,2017-04-17,09:00:26,878,jd1709,XDCE,3878,3869,3879,2590,100342080,175238,175246,4063,3677,3870,3867,0,3879,0,0,0,2017-04-17,32426878,3877,16,0,0,0,0,0,0,0,0,3879,7,0,0,0,0,0,0,0,0
54,2017-04-17,09:00:27,426,jd1709,XDCE,3877,3869,3879,2608,101040020,175238,175246,4063,3677,3870,3867,0,3879,0,0,0,2017-04-17,32427426,3876,11,0,0,0,0,0,0,0,0,3877,2,0,0,0,0,0,0,0,0
55,2017-04-17,09:00:27,792,jd1709,XDCE,3877,3869,3879,2656,102901000,175278,175246,4063,3677,3870,3867,0,3879,0,0,0,2017-04-17,32427792,3877,19,0,0,0,0,0,0,0,0,3878,5,0,0,0,0,0,0,0,0
56,2017-04-17,09:00:28,405,jd1709,XDCE,3878,3869,3879,2660,103056100,175280,175246,4063,3677,3870,3867,0,3879,0,0,0,2017-04-17,32428405,3877,22,0,0,0,0,0,0,0,0,3878,1,0,0,0,0,0,0,0,0
57,2017-04-17,09:00:28,927,jd1709,XDCE,3879,3869,3879,2672,103521500,175276,175246,4063,3677,3870,3867,0,3879,0,0,0,2017-04-17,32428927,3878,8,0,0,0,0,0,0,0,0,3879,4,0,0,0,0,0,0,0,0
58,2017-04-17,09:00:29,341,jd1709,XDCE,3879,3869,3879,2682,103909320,175276,175246,4063,3677,3870,3867,0,3879,0,0,0,2017-04-17,32429341,3878,4,0,0,0,0,0,0,0,0,3879,6,0,0,0,0,0,0,0,0
59,2017-04-17,09:00:29,931,jd1709,XDCE,3877,3869,3879,2704,104762400,175296,175246,4063,3677,3870,3867,0,3879,0,0,0,2017-04-17,32429931,3877,26,0,0,0,0,0,0,0,0,3878,9,0,0,0,0,0,0,0,0
60,2017-04-17,09:00:30,383,jd1709,XDCE,3877,3869,3879,2742,106236200,175288,175246,4063,3677,3870,3867,0,3879,0,0,0,2017-04-17,32430383,3877,25,0,0,0,0,0,0,0,0,3878,1,0,0,0,0,0,0,0,0
61,2017-04-17,09:00:30,793,jd1709,XDCE,3879,3869,3879,2750,106546500,175286,175246,4063,3677,3870,3867,0,3879,0,0,0,2017-04-17,32430793,3879,47,0,0,0,0,0,0,0,0,3880,105,0,0,0,0,0,0,0,0
62,2017-04-17,09:00:31,350,jd1709,XDCE,3879,3869,3880,2754,106701680,175286,175246,4063,3677,3870,3867,0,3879,0,0,0,2017-04-17,32431350,3879,47,0,0,0,0,0,0,0,0,3880,104,0,0,0,0,0,0,0,0
63,2017-04-17,09:00:31,919,jd1709,XDCE,3879,3869,3880,2772,107400060,175286,175246,4063,3677,3870,3867,0,3879,0,0,0,2017-04-17,32431919,3879,50,0,0,0,0,0,0,0,0,3880,96,0,0,0,0,0,0,0,0
64,2017-04-17,09:00:32,410,jd1709,XDCE,3880,3869,3880,2866,111047020,175352,175246,4063,3677,3870,3867,0,3879,0,0,0,2017-04-17,32432410,3879,40,0,0,0,0,0,0,0,0,3880,61,0,0,0,0,0,0,0,0
65,2017-04-17,09:00:32,920,jd1709,XDCE,3882,3869,3882,3082,119427160,175312,175246,4063,3677,3870,3867,0,3879,0,0,0,2017-04-17,32432920,3879,17,0,0,0,0,0,0,0,0,3882,37,0,0,0,0,0,0,0,0
66,2017-04-17,09:00:33,416,jd1709,XDCE,3880,3869,3882,3126,121134980,175286,175246,4063,3677,3870,3867,0,3879,0,0,0,2017-04-17,32433416,3880,14,0,0,0,0,0,0,0,0,3882,23,0,0,0,0,0,0,0,0
67,2017-04-17,09:00:33,927,jd1709,XDCE,3882,3869,3882,3182,123308900,175258,175246,4063,3677,3870,3867,0,3879,0,0,0,2017-04-17,32433927,3882,5,0,0,0,0,0,0,0,0,3883,15,0,0,0,0,0,0,0,0
68,2017-04-17,09:00:34,430,jd1709,XDCE,3883,3869,3883,3226,125017200,175264,175246,4063,3677,3870,3867,0,3879,0,0,0,2017-04-17,32434430,3880,21,0,0,0,0,0,0,0,0,3883,7,0,0,0,0,0,0,0,0
69,2017-04-17,09:00:34,914,jd1709,XDCE,3880,3869,3884,3272,126802700,175232,175246,4063,3677,3870,3867,0,3879,0,0,0,2017-04-17,32434914,3880,5,0,0,0,0,0,0,0,0,3884,7,0,0,0,0,0,0,0,0
70,2017-04-17,09:00:35,376,jd1709,XDCE,3884,3869,3884,3318,128589180,175218,175246,4063,3677,3870,3867,0,3879,0,0,0,2017-04-17,32435376,3881,7,0,0,0,0,0,0,0,0,3884,7,0,0,0,0,0,0,0,0
71,2017-04-17,09:00:35,930,jd1709,XDCE,3883,3869,3884,3322,128744460,175218,175246,4063,3677,3870,3867,0,3879,0,0,0,2017-04-17,32435930,3881,15,0,0,0,0,0,0,0,0,3883,4,0,0,0,0,0,0,0,0
72,2017-04-17,09:00:36,430,jd1709,XDCE,3884,3869,3885,3394,131540580,175174,175246,4063,3677,3870,3867,0,3879,0,0,0,2017-04-17,32436430,3884,5,0,0,0,0,0,0,0,0,3885,162,0,0,0,0,0,0,0,0
73,2017-04-17,09:00:36,895,jd1709,XDCE,3885,3869,3885,3568,138299880,175290,175246,4063,3677,3870,3867,0,3879,0,0,0,2017-04-17,32436895,3883,9,0,0,0,0,0,0,0,0,3885,96,0,0,0,0,0,0,0,0
74,2017-04-17,09:00:37,425,jd1709,XDCE,3885,3869,3885,3612,140008500,175274,175246,4063,3677,3870,3867,0,3879,0,0,0,2017-04-17,32437425,3883,7,0,0,0,0,0,0,0,0,3885,94,0,0,0,0,0,0,0,0
75,2017-04-17,09:00:37,892,jd1709,XDCE,3883,3869,3885,3762,145833740,175306,175246,4063,3677,3870,3867,0,3879,0,0,0,2017-04-17,32437892,3881,77,0,0,0,0,0,0,0,0,3885,60,0,0,0,0,0,0,0,0
76,2017-04-17,09:00:38,402,jd1709,XDCE,3884,3869,3885,3784,146688120,175316,175246,4063,3677,3870,3867,0,3879,0,0,0,2017-04-17,32438402,3883,12,0,0,0,0,0,0,0,0,3884,1,0,0,0,0,0,0,0,0
77,2017-04-17,09:00:38,926,jd1709,XDCE,3884,3869,3885,3854,149406980,175324,175246,4063,3677,3870,3867,0,3879,0,0,0,2017-04-17,32438926,3883,9,0,0,0,0,0,0,0,0,3884,39,0,0,0,0,0,0,0,0
78,2017-04-17,09:00:39,409,jd1709,XDCE,3883,3869,3885,3950,153135580,175294,175246,4063,3677,3870,3867,0,3879,0,0,0,2017-04-17,32439409,3884,4,0,0,0,0,0,0,0,0,3885,52,0,0,0,0,0,0,0,0
79,2017-04-17,09:00:39,905,jd1709,XDCE,3884,3869,3885,3968,153834780,175290,175246,4063,3677,3870,3867,0,3879,0,0,0,2017-04-17,32439905,3883,18,0,0,0,0,0,0,0,0,3884,3,0,0,0,0,0,0,0,0
80,2017-04-17,09:00:40,429,jd1709,XDCE,3883,3869,3885,4000,155077620,175308,175246,4063,3677,3870,3867,0,3879,0,0,0,2017-04-17,32440429,3883,16,0,0,0,0,0,0,0,0,3884,25,0,0,0,0,0,0,0,0
81,2017-04-17,09:00:40,912,jd1709,XDCE,3884,3869,3885,4032,156320480,175312,175246,4063,3677,3870,3867,0,3879,0,0,0,2017-04-17,32440912,3883,12,0,0,0,0,0,0,0,0,3884,9,0,0,0,0,0,0,0,0
82,2017-04-17,09:00:41,429,jd1709,XDCE,3883,3869,3885,4072,157873880,175302,175246,4063,3677,3870,3867,0,3879,0,0,0,2017-04-17,32441429,3883,3,0,0,0,0,0,0,0,0,3884,2,0,0,0,0,0,0,0,0
83,2017-04-17,09:00:41,897,jd1709,XDCE,3884,3869,3885,4074,157951560,175304,175246,4063,3677,3870,3867,0,3879,0,0,0,2017-04-17,32441897,3883,3,0,0,0,0,0,0,0,0,3884,2,0,0,0,0,0,0,0,0
84,2017-04-17,09:00:42,426,jd1709,XDCE,3885,3869,3886,4280,165954540,175248,175246,4063,3677,3870,3867,0,3879,0,0,0,2017-04-17,32442426,3885,64,0,0,0,0,0,0,0,0,3886,39,0,0,0,0,0,0,0,0
85,2017-04-17,09:00:42,916,jd1709,XDCE,3885,3869,3886,4382,169917900,175254,175246,4063,3677,3870,3867,0,3879,0,0,0,2017-04-17,32442916,3885,46,0,0,0,0,0,0,0,0,3886,6,0,0,0,0,0,0,0,0
86,2017-04-17,09:00:43,424,jd1709,XDCE,3886,3869,3886,4428,171705160,175224,175246,4063,3677,3870,3867,0,3879,0,0,0,2017-04-17,32443424,3886,8,0,0,0,0,0,0,0,0,3887,32,0,0,0,0,0,0,0,0
87,2017-04-17,09:00:43,905,jd1709,XDCE,3888,3869,3888,4512,174970380,175240,175246,4063,3677,3870,3867,0,3879,0,0,0,2017-04-17,32443905,3887,38,0,0,0,0,0,0,0,0,3888,10,0,0,0,0,0,0,0,0
88,2017-04-17,09:00:44,393,jd1709,XDCE,3895,3869,3895,4968,192717860,174946,175246,4063,3677,3870,3867,0,3879,0,0,0,2017-04-17,32444393,3889,6,0,0,0,0,0,0,0,0,3895,7,0,0,0,0,0,0,0,0
89,2017-04-17,09:00:44,930,jd1709,XDCE,3896,3869,3898,5152,199887300,174870,175246,4063,3677,3870,3867,0,3879,0,0,0,2017-04-17,32444930,3896,19,0,0,0,0,0,0,0,0,3898,10,0,0,0,0,0,0,0,0
90,2017-04-17,09:00:45,419,jd1709,XDCE,3898,3869,3899,5362,208071680,174854,175246,4063,3677,3870,3867,0,3879,0,0,0,2017-04-17,32445419,3898,22,0,0,0,0,0,0,0,0,3899,27,0,0,0,0,0,0,0,0
91,2017-04-17,09:00:45,909,jd1709,XDCE,3898,3869,3903,5950,231002800,174500,175246,4063,3677,3870,3867,0,3879,0,0,0,2017-04-17,32445909,3899,70,0,0,0,0,0,0,0,0,3903,4,0,0,0,0,0,0,0,0
92,2017-04-17,09:00:46,427,jd1709,XDCE,3904,3869,3911,6352,246706940,174284,175246,4063,3677,3870,3867,0,3879,0,0,0,2017-04-17,32446427,3904,1,0,0,0,0,0,0,0,0,3910,1,0,0,0,0,0,0,0,0
93,2017-04-17,09:00:46,912,jd1709,XDCE,3909,3869,3911,6676,259368020,174272,175246,4063,3677,3870,3867,0,3879,0,0,0,2017-04-17,32446912,3906,44,0,0,0,0,0,0,0,0,3909,9,0,0,0,0,0,0,0,0
94,2017-04-17,09:00:47,423,jd1709,XDCE,3904,3869,3919,7384,287054720,174302,175246,4063,3677,3870,3867,0,3879,0,0,0,2017-04-17,32447423,3904,83,0,0,0,0,0,0,0,0,3906,20,0,0,0,0,0,0,0,0
95,2017-04-17,09:00:47,930,jd1709,XDCE,3904,3869,3919,7618,296194440,174338,175246,4063,3677,3870,3867,0,3879,0,0,0,2017-04-17,32447930,3904,59,0,0,0,0,0,0,0,0,3909,116,0,0,0,0,0,0,0,0
96,2017-04-17,09:00:48,429,jd1709,XDCE,3907,3869,3919,7994,310883760,174472,175246,4063,3677,3870,3867,0,3879,0,0,0,2017-04-17,32448429,3904,50,0,0,0,0,0,0,0,0,3907,4,0,0,0,0,0,0,0,0
97,2017-04-17,09:00:48,915,jd1709,XDCE,3903,3869,3919,8172,317834720,174574,175246,4063,3677,3870,3867,0,3879,0,0,0,2017-04-17,32448915,3903,21,0,0,0,0,0,0,0,0,3904,2,0,0,0,0,0,0,0,0
98,2017-04-17,09:00:49,394,jd1709,XDCE,3900,3869,3919,8222,319786100,174580,175246,4063,3677,3870,3867,0,3879,0,0,0,2017-04-17,32449394,3900,5,0,0,0,0,0,0,0,0,3903,3,0,0,0,0,0,0,0,0
99,2017-04-17,09:00:49,921,jd1709,XDCE,3900,3869,3919,8270,321658200,174578,175246,4063,3677,3870,3867,0,3879,0,0,0,2017-04-17,32449921,3900,23,0,0,0,0,0,0,0,0,3904,15,0,0,0,0,0,0,0,0
100,2017-04-17,09:00:50,417,jd1709,XDCE,3901,3869,3919,8328,323921440,174594,175246,4063,3677,3870,3867,0,3879,0,0,0,2017-04-17,32450417,3900,4,0,0,0,0,0,0,0,0,3903,6,0,0,0,0,0,0,0,0
101,2017-04-17,09:00:50,869,jd1709,XDCE,3903,3869,3919,8356,325013740,174592,175246,4063,3677,3870,3867,0,3879,0,0,0,2017-04-17,32450869,3900,12,0,0,0,0,0,0,0,0,3903,32,0,0,0,0,0,0,0,0
102,2017-04-17,09:00:51,392,jd1709,XDCE,3903,3869,3919,8458,328994760,174602,175246,4063,3677,3870,3867,0,3879,0,0,0,2017-04-17,32451392,3901,9,0,0,0,0,0,0,0,0,3903,12,0,0,0,0,0,0,0,0
103,2017-04-17,09:00:51,860,jd1709,XDCE,3903,3869,3919,8536,332039140,174622,175246,4063,3677,3870,3867,0,3879,0,0,0,2017-04-17,32451860,3903,8,0,0,0,0,0,0,0,0,3904,33,0,0,0,0,0,0,0,0
104,2017-04-17,09:00:52,426,jd1709,XDCE,3903,3869,3919,8562,333053920,174632,175246,4063,3677,3870,3867,0,3879,0,0,0,2017-04-17,32452426,3903,7,0,0,0,0,0,0,0,0,3904,39,0,0,0,0,0,0,0,0
105,2017-04-17,09:00:52,927,jd1709,XDCE,3904,3869,3919,8618,335238940,174656,175246,4063,3677,3870,3867,0,3879,0,0,0,2017-04-17,32452927,3903,1,0,0,0,0,0,0,0,0,3904,32,0,0,0,0,0,0,0,0
106,2017-04-17,09:00:53,405,jd1709,XDCE,3904,3869,3919,8722,339298580,174660,175246,4063,3677,3870,3867,0,3879,0,0,0,2017-04-17,32453405,3904,9,0,0,0,0,0,0,0,0,3905,66,0,0,0,0,0,0,0,0
107,2017-04-17,09:00:53,928,jd1709,XDCE,3901,3869,3919,8746,340235460,174668,175246,4063,3677,3870,3867,0,3879,0,0,0,2017-04-17,32453928,3901,40,0,0,0,0,0,0,0,0,3904,7,0,0,0,0,0,0,0,0
108,2017-04-17,09:00:54,354,jd1709,XDCE,3901,3869,3919,8752,340469560,174674,175246,4063,3677,3870,3867,0,3879,0,0,0,2017-04-17,32454354,3902,43,0,0,0,0,0,0,0,0,3904,7,0,0,0,0,0,0,0,0
109,2017-04-17,09:00:54,911,jd1709,XDCE,3902,3869,3919,8812,342810600,174626,175246,4063,3677,3870,3867,0,3879,0,0,0,2017-04-17,32454911,3902,31,0,0,0,0,0,0,0,0,3903,1,0,0,0,0,0,0,0,0
110,2017-04-17,09:00:55,413,jd1709,XDCE,3903,3869,3919,8840,343903240,174616,175246,4063,3677,3870,3867,0,3879,0,0,0,2017-04-17,32455413,3903,6,0,0,0,0,0,0,0,0,3904,4,0,0,0,0,0,0,0,0
111,2017-04-17,09:00:55,872,jd1709,XDCE,3902,3869,3919,8860,344683800,174604,175246,4063,3677,3870,3867,0,3879,0,0,0,2017-04-17,32455872,3902,14,0,0,0,0,0,0,0,0,3903,2,0,0,0,0,0,0,0,0
112,2017-04-17,09:00:56,424,jd1709,XDCE,3901,3869,3919,8890,345854380,174594,175246,4063,3677,3870,3867,0,3879,0,0,0,2017-04-17,32456424,3901,48,0,0,0,0,0,0,0,0,3903,8,0,0,0,0,0,0,0,0
113,2017-04-17,09:00:56,860,jd1709,XDCE,3901,3869,3919,8918,346946680,174596,175246,4063,3677,3870,3867,0,3879,0,0,0,2017-04-17,32456860,3901,35,0,0,0,0,0,0,0,0,3902,2,0,0,0,0,0,0,0,0
114,2017-04-17,09:00:57,422,jd1709,XDCE,3902,3869,3919,8948,348117260,174594,175246,4063,3677,3870,3867,0,3879,0,0,0,2017-04-17,32457422,3901,34,0,0,0,0,0,0,0,0,3902,1,0,0,0,0,0,0,0,0
115,2017-04-17,09:00:57,879,jd1709,XDCE,3903,3869,3919,8976,349209900,174610,175246,4063,3677,3870,3867,0,3879,0,0,0,2017-04-17,32457879,3901,30,0,0,0,0,0,0,0,0,3903,31,0,0,0,0,0,0,0,0
116,2017-04-17,09:00:58,420,jd1709,XDCE,3902,3869,3919,8988,349678160,174604,175246,4063,3677,3870,3867,0,3879,0,0,0,2017-04-17,32458420,3901,25,0,0,0,0,0,0,0,0,3902,22,0,0,0,0,0,0,0,0
117,2017-04-17,09:00:58,929,jd1709,XDCE,3901,3869,3919,9070,352877260,174578,175246,4063,3677,3870,3867,0,3879,0,0,0,2017-04-17,32458929,3900,14,0,0,0,0,0,0,0,0,3901,4,0,0,0,0,0,0,0,0
118,2017-04-17,09:00:59,428,jd1709,XDCE,3901,3869,3919,9094,353813540,174568,175246,4063,3677,3870,3867,0,3879,0,0,0,2017-04-17,32459428,3900,12,0,0,0,0,0,0,0,0,3902,10,0,0,0,0,0,0,0,0
119,2017-04-17,09:00:59,829,jd1709,XDCE,3900,3869,3919,9122,354905540,174554,175246,4063,3677,3870,3867,0,3879,0,0,0,2017-04-17,32459829,3899,31,0,0,0,0,0,0,0,0,3900,2,0,0,0,0,0,0,0,0
120,2017-04-17,09:01:00,347,jd1709,XDCE,3899,3869,3919,9140,355607500,174558,175246,4063,3677,3870,3867,0,3879,0,0,0,2017-04-17,32460347,3900,5,0,0,0,0,0,0,0,0,3901,18,0,0,0,0,0,0,0,0
121,2017-04-17,09:01:00,919,jd1709,XDCE,3902,3869,3919,9342,363487980,174504,175246,4063,3677,3870,3867,0,3879,0,0,0,2017-04-17,32460919,3900,77,0,0,0,0,0,0,0,0,3902,10,0,0,0,0,0,0,0,0
122,2017-04-17,09:01:01,421,jd1709,XDCE,3903,3869,3919,9446,367544740,174428,175246,4063,3677,3870,3867,0,3879,0,0,0,2017-04-17,32461421,3902,1,0,0,0,0,0,0,0,0,3903,52,0,0,0,0,0,0,0,0
123,2017-04-17,09:01:01,919,jd1709,XDCE,3903,3869,3919,9514,370197880,174376,175246,4063,3677,3870,3867,0,3879,0,0,0,2017-04-17,32461919,3900,50,0,0,0,0,0,0,0,0,3901,1,0,0,0,0,0,0,0,0
124,2017-04-17,09:01:02,360,jd1709,XDCE,3902,3869,3919,9588,373085540,174352,175246,4063,3677,3870,3867,0,3879,0,0,0,2017-04-17,32462360,3902,8,0,0,0,0,0,0,0,0,3903,35,0,0,0,0,0,0,0,0
125,2017-04-17,09:01:02,894,jd1709,XDCE,3902,3869,3919,9616,374178160,174328,175246,4063,3677,3870,3867,0,3879,0,0,0,2017-04-17,32462894,3902,1,0,0,0,0,0,0,0,0,3903,33,0,0,0,0,0,0,0,0
126,2017-04-17,09:01:03,412,jd1709,XDCE,3901,3869,3919,9658,375817120,174304,175246,4063,3677,3870,3867,0,3879,0,0,0,2017-04-17,32463412,3900,47,0,0,0,0,0,0,0,0,3901,1,0,0,0,0,0,0,0,0
127,2017-04-17,09:01:03,904,jd1709,XDCE,3901,3869,3919,9676,376519400,174300,175246,4063,3677,3870,3867,0,3879,0,0,0,2017-04-17,32463904,3900,32,0,0,0,0,0,0,0,0,3901,6,0,0,0,0,0,0,0,0
128,2017-04-17,09:01:04,430,jd1709,XDCE,3901,3869,3919,9722,378314360,174260,175246,4063,3677,3870,3867,0,3879,0,0,0,2017-04-17,32464430,3900,26,0,0,0,0,0,0,0,0,3901,1,0,0,0,0,0,0,0,0
129,2017-04-17,09:01:04,925,jd1709,XDCE,3903,3869,3919,9792,381045380,174260,175246,4063,3677,3870,3867,0,3879,0,0,0,2017-04-17,32464925,3902,5,0,0,0,0,0,0,0,0,3903,2,0,0,0,0,0,0,0,0
130,2017-04-17,09:01:05,341,jd1709,XDCE,3901,3869,3919,9798,381279420,174258,175246,4063,3677,3870,3867,0,3879,0,0,0,2017-04-17,32465341,3900,4,0,0,0,0,0,0,0,0,3901,8,0,0,0,0,0,0,0,0
131,2017-04-17,09:01:05,886,jd1709,XDCE,3901,3869,3919,9832,382605660,174248,175246,4063,3677,3870,3867,0,3879,0,0,0,2017-04-17,32465886,3899,24,0,0,0,0,0,0,0,0,3900,100,0,0,0,0,0,0,0,0
132,2017-04-17,09:01:06,380,jd1709,XDCE,3899,3869,3919,9862,383775480,174228,175246,4063,3677,3870,3867,0,3879,0,0,0,2017-04-17,32466380,3899,8,0,0,0,0,0,0,0,0,3900,102,0,0,0,0,0,0,0,0
133,2017-04-17,09:01:06,901,jd1709,XDCE,3900,3869,3919,9872,384165480,174224,175246,4063,3677,3870,3867,0,3879,0,0,0,2017-04-17,32466901,3899,8,0,0,0,0,0,0,0,0,3900,101,0,0,0,0,0,0,0,0
134,2017-04-17,09:01:07,420,jd1709,XDCE,3900,3869,3919,9882,384555480,174218,175246,4063,3677,3870,3867,0,3879,0,0,0,2017-04-17,32467420,3899,8,0,0,0,0,0,0,0,0,3900,96,0,0,0,0,0,0,0,0
135,2017-04-17,09:01:07,916,jd1709,XDCE,3899,3869,3919,9888,384789420,174212,175246,4063,3677,3870,3867,0,3879,0,0,0,2017-04-17,32467916,3899,5,0,0,0,0,0,0,0,0,3900,106,0,0,0,0,0,0,0,0
136,2017-04-17,09:01:08,389,jd1709,XDCE,3900,3869,3919,9892,384945420,174212,175246,4063,3677,3870,3867,0,3879,0,0,0,2017-04-17,32468389,3899,5,0,0,0,0,0,0,0,0,3900,110,0,0,0,0,0,0,0,0
137,2017-04-17,09:01:08,922,jd1709,XDCE,3899,3869,3919,9904,385413380,174206,175246,4063,3677,3870,3867,0,3879,0,0,0,2017-04-17,32468922,3899,8,0,0,0,0,0,0,0,0,3900,106,0,0,0,0,0,0,0,0
138,2017-04-17,09:01:09,412,jd1709,XDCE,3900,3869,3919,9964,387752840,174176,175246,4063,3677,3870,3867,0,3879,0,0,0,2017-04-17,32469412,3898,65,0,0,0,0,0,0,0,0,3900,95,0,0,0,0,0,0,0,0
139,2017-04-17,09:01:09,921,jd1709,XDCE,3899,3869,3919,10082,392354780,174172,175246,4063,3677,3870,3867,0,3879,0,0,0,2017-04-17,32469921,3899,2,0,0,0,0,0,0,0,0,3900,39,0,0,0,0,0,0,0,0
140,2017-04-17,09:01:10,413,jd1709,XDCE,3900,3869,3919,10094,392822760,174172,175246,4063,3677,3870,3867,0,3879,0,0,0,2017-04-17,32470413,3898,65,0,0,0,0,0,0,0,0,3900,34,0,0,0,0,0,0,0,0
141,2017-04-17,09:01:10,920,jd1709,XDCE,3900,3869,3919,10138,394538240,174188,175246,4063,3677,3870,3867,0,3879,0,0,0,2017-04-17,32470920,3899,15,0,0,0,0,0,0,0,0,3900,29,0,0,0,0,0,0,0,0
142,2017-04-17,09:01:11,421,jd1709,XDCE,3899,3869,3919,10158,395318100,174178,175246,4063,3677,3870,3867,0,3879,0,0,0,2017-04-17,32471421,3899,9,0,0,0,0,0,0,0,0,3900,27,0,0,0,0,0,0,0,0
143,2017-04-17,09:01:11,791,jd1709,XDCE,3900,3869,3919,10212,397424100,174168,175246,4063,3677,3870,3867,0,3879,0,0,0,2017-04-17,32471791,3900,43,0,0,0,0,0,0,0,0,3901,26,0,0,0,0,0,0,0,0
144,2017-04-17,09:01:12,415,jd1709,XDCE,3900,3869,3919,10290,400466100,174120,175246,4063,3677,3870,3867,0,3879,0,0,0,2017-04-17,32472415,3899,23,0,0,0,0,0,0,0,0,3900,24,0,0,0,0,0,0,0,0
145,2017-04-17,09:01:12,929,jd1709,XDCE,3899,3869,3919,10304,401011980,174110,175246,4063,3677,3870,3867,0,3879,0,0,0,2017-04-17,32472929,3899,17,0,0,0,0,0,0,0,0,3900,23,0,0,0,0,0,0,0,0
146,2017-04-17,09:01:13,420,jd1709,XDCE,3899,3869,3919,10328,401947780,174098,175246,4063,3677,3870,3867,0,3879,0,0,0,2017-04-17,32473420,3899,6,0,0,0,0,0,0,0,0,3900,26,0,0,0,0,0,0,0,0
147,2017-04-17,09:01:13,912,jd1709,XDCE,3901,3869,3919,10388,404287800,174140,175246,4063,3677,3870,3867,0,3879,0,0,0,2017-04-17,32473912,3899,7,0,0,0,0,0,0,0,0,3901,30,0,0,0,0,0,0,0,0
148,2017-04-17,09:01:14,410,jd1709,XDCE,3899,3869,3919,10412,405223720,174140,175246,4063,3677,3870,3867,0,3879,0,0,0,2017-04-17,32474410,3898,64,0,0,0,0,0,0,0,0,3900,7,0,0,0,0,0,0,0,0
149,2017-04-17,09:01:14,806,jd1709,XDCE,3899,3869,3919,10414,405301700,174138,175246,4063,3677,3870,3867,0,3879,0,0,0,2017-04-17,32474806,3899,5,0,0,0,0,0,0,0,0,3900,10,0,0,0,0,0,0,0,0
150,2017-04-17,09:01:15,426,jd1709,XDCE,3900,3869,3919,10528,409746580,174114,175246,4063,3677,3870,3867,0,3879,0,0,0,2017-04-17,32475426,3898,12,0,0,0,0,0,0,0,0,3900,5,0,0,0,0,0,0,0,0
151,2017-04-17,09:01:15,926,jd1709,XDCE,3898,3869,3919,10536,410058540,174106,175246,4063,3677,3870,3867,0,3879,0,0,0,2017-04-17,32475926,3898,11,0,0,0,0,0,0,0,0,3899,9,0,0,0,0,0,0,0,0
152,2017-04-17,09:01:16,351,jd1709,XDCE,3898,3869,3919,10554,410760340,174092,175246,4063,3677,3870,3867,0,3879,0,0,0,2017-04-17,32476351,3898,11,0,0,0,0,0,0,0,0,3899,3,0,0,0,0,0,0,0,0
153,2017-04-17,09:01:16,921,jd1709,XDCE,3899,3869,3919,10620,413333680,174030,175246,4063,3677,3870,3867,0,3879,0,0,0,2017-04-17,32476921,3899,30,0,0,0,0,0,0,0,0,3900,16,0,0,0,0,0,0,0,0
154,2017-04-17,09:01:17,424,jd1709,XDCE,3900,3869,3919,10716,417077000,174010,175246,4063,3677,3870,3867,0,3879,0,0,0,2017-04-17,32477424,3900,13,0,0,0,0,0,0,0,0,3901,41,0,0,0,0,0,0,0,0
155,2017-04-17,09:01:17,880,jd1709,XDCE,3898,3869,3919,10748,418324960,174006,175246,4063,3677,3870,3867,0,3879,0,0,0,2017-04-17,32477880,3898,26,0,0,0,0,0,0,0,0,3899,1,0,0,0,0,0,0,0,0
156,2017-04-17,09:01:18,405,jd1709,XDCE,3898,3869,3919,10756,418636800,174000,175246,4063,3677,3870,3867,0,3879,0,0,0,2017-04-17,32478405,3898,22,0,0,0,0,0,0,0,0,3899,2,0,0,0,0,0,0,0,0
157,2017-04-17,09:01:18,917,jd1709,XDCE,3899,3869,3919,10764,418948660,173994,175246,4063,3677,3870,3867,0,3879,0,0,0,2017-04-17,32478917,3898,17,0,0,0,0,0,0,0,0,3899,14,0,0,0,0,0,0,0,0
158,2017-04-17,09:01:19,424,jd1709,XDCE,3899,3869,3919,10796,420196200,173984,175246,4063,3677,3870,3867,0,3879,0,0,0,2017-04-17,32479424,3897,6,0,0,0,0,0,0,0,0,3899,5,0,0,0,0,0,0,0,0
159,2017-04-17,09:01:19,878,jd1709,XDCE,3897,3869,3919,10800,420352120,173980,175246,4063,3677,3870,3867,0,3879,0,0,0,2017-04-17,32479878,3897,8,0,0,0,0,0,0,0,0,3898,30,0,0,0,0,0,0,0,0
160,2017-04-17,09:01:20,412,jd1709,XDCE,3897,3869,3919,10836,421755240,173990,175246,4063,3677,3870,3867,0,3879,0,0,0,2017-04-17,32480412,3897,18,0,0,0,0,0,0,0,0,3898,33,0,0,0,0,0,0,0,0
161,2017-04-17,09:01:20,927,jd1709,XDCE,3898,3869,3919,10900,424249680,173930,175246,4063,3677,3870,3867,0,3879,0,0,0,2017-04-17,32480927,3897,5,0,0,0,0,0,0,0,0,3898,15,0,0,0,0,0,0,0,0
162,2017-04-17,09:01:21,384,jd1709,XDCE,3898,3869,3919,10906,424483520,173928,175246,4063,3677,3870,3867,0,3879,0,0,0,2017-04-17,32481384,3897,10,0,0,0,0,0,0,0,0,3898,16,0,0,0,0,0,0,0,0
163,2017-04-17,09:01:21,904,jd1709,XDCE,3897,3869,3919,10960,426588220,173934,175246,4063,3677,3870,3867,0,3879,0,0,0,2017-04-17,32481904,3896,26,0,0,0,0,0,0,0,0,3897,12,0,0,0,0,0,0,0,0
164,2017-04-17,09:01:22,424,jd1709,XDCE,3898,3869,3919,11064,430642540,173982,175246,4063,3677,3870,3867,0,3879,0,0,0,2017-04-17,32482424,3898,5,0,0,0,0,0,0,0,0,3900,47,0,0,0,0,0,0,0,0
165,2017-04-17,09:01:22,825,jd1709,XDCE,3897,3869,3919,11088,431578020,173992,175246,4063,3677,3870,3867,0,3879,0,0,0,2017-04-17,32482825,3897,4,0,0,0,0,0,0,0,0,3899,1,0,0,0,0,0,0,0,0
166,2017-04-17,09:01:23,425,jd1709,XDCE,3899,3869,3919,11092,431733940,173988,175246,4063,3677,3870,3867,0,3879,0,0,0,2017-04-17,32483425,3897,9,0,0,0,0,0,0,0,0,3898,4,0,0,0,0,0,0,0,0
167,2017-04-17,09:01:23,860,jd1709,XDCE,3899,3869,3919,11126,433059360,173980,175246,4063,3677,3870,3867,0,3879,0,0,0,2017-04-17,32483860,3898,5,0,0,0,0,0,0,0,0,3899,1,0,0,0,0,0,0,0,0
168,2017-04-17,09:01:24,306,jd1709,XDCE,3898,3869,3919,11150,433994780,173994,175246,4063,3677,3870,3867,0,3879,0,0,0,2017-04-17,32484306,3897,4,0,0,0,0,0,0,0,0,3899,8,0,0,0,0,0,0,0,0
169,2017-04-17,09:01:24,930,jd1709,XDCE,3897,3869,3919,11152,434072720,173994,175246,4063,3677,3870,3867,0,3879,0,0,0,2017-04-17,32484930,3897,11,0,0,0,0,0,0,0,0,3898,3,0,0,0,0,0,0,0,0
170,2017-04-17,09:01:25,308,jd1709,XDCE,3896,3869,3919,11180,435163800,173990,175246,4063,3677,3870,3867,0,3879,0,0,0,2017-04-17,32485308,3896,26,0,0,0,0,0,0,0,0,3897,38,0,0,0,0,0,0,0,0
171,2017-04-17,09:01:25,880,jd1709,XDCE,3896,3869,3919,11222,436800120,174020,175246,4063,3677,3870,3867,0,3879,0,0,0,2017-04-17,32485880,3895,212,0,0,0,0,0,0,0,0,3896,1,0,0,0,0,0,0,0,0
172,2017-04-17,09:01:26,404,jd1709,XDCE,3897,3869,3919,11250,437891180,174038,175246,4063,3677,3870,3867,0,3879,0,0,0,2017-04-17,32486404,3895,207,0,0,0,0,0,0,0,0,3897,37,0,0,0,0,0,0,0,0
173,2017-04-17,09:01:26,898,jd1709,XDCE,3895,3869,3919,11252,437969080,174036,175246,4063,3677,3870,3867,0,3879,0,0,0,2017-04-17,32486898,3895,207,0,0,0,0,0,0,0,0,3897,34,0,0,0,0,0,0,0,0
174,2017-04-17,09:01:27,410,jd1709,XDCE,3897,3869,3919,11288,439371820,174036,175246,4063,3677,3870,3867,0,3879,0,0,0,2017-04-17,32487410,3895,203,0,0,0,0,0,0,0,0,3897,21,0,0,0,0,0,0,0,0
175,2017-04-17,09:01:27,916,jd1709,XDCE,3896,3869,3919,11304,439995240,174032,175246,4063,3677,3870,3867,0,3879,0,0,0,2017-04-17,32487916,3896,13,0,0,0,0,0,0,0,0,3897,17,0,0,0,0,0,0,0,0
176,2017-04-17,09:01:28,404,jd1709,XDCE,3896,3869,3919,11318,440540780,174036,175246,4063,3677,3870,3867,0,3879,0,0,0,2017-04-17,32488404,3896,52,0,0,0,0,0,0,0,0,3897,12,0,0,0,0,0,0,0,0
177,2017-04-17,09:01:28,915,jd1709,XDCE,3896,3869,3919,11348,441709820,174028,175246,4063,3677,3870,3867,0,3879,0,0,0,2017-04-17,32488915,3896,49,0,0,0,0,0,0,0,0,3898,6,0,0,0,0,0,0,0,0
178,2017-04-17,09:01:29,427,jd1709,XDCE,3896,3869,3919,11442,445372060,174004,175246,4063,3677,3870,3867,0,3879,0,0,0,2017-04-17,32489427,3896,3,0,0,0,0,0,0,0,0,3898,10,0,0,0,0,0,0,0,0
179,2017-04-17,09:01:29,911,jd1709,XDCE,3896,3869,3919,11452,445761660,174008,175246,4063,3677,3870,3867,0,3879,0,0,0,2017-04-17,32489911,3896,10,0,0,0,0,0,0,0,0,3898,11,0,0,0,0,0,0,0,0
180,2017-04-17,09:01:30,416,jd1709,XDCE,3896,3869,3919,11474,446618780,174002,175246,4063,3677,3870,3867,0,3879,0,0,0,2017-04-17,32490416,3895,201,0,0,0,0,0,0,0,0,3897,1,0,0,0,0,0,0,0,0
181,2017-04-17,09:01:30,797,jd1709,XDCE,3897,3869,3919,11480,446852580,174004,175246,4063,3677,3870,3867,0,3879,0,0,0,2017-04-17,32490797,3896,15,0,0,0,0,0,0,0,0,3898,13,0,0,0,0,0,0,0,0
182,2017-04-17,09:01:31,423,jd1709,XDCE,3896,3869,3919,11486,447086340,174002,175246,4063,3677,3870,3867,0,3879,0,0,0,2017-04-17,32491423,3896,12,0,0,0,0,0,0,0,0,3898,14,0,0,0,0,0,0,0,0
183,2017-04-17,09:01:31,918,jd1709,XDCE,3896,3869,3919,11508,447943620,173994,175246,4063,3677,3870,3867,0,3879,0,0,0,2017-04-17,32491918,3896,5,0,0,0,0,0,0,0,0,3898,11,0,0,0,0,0,0,0,0
184,2017-04-17,09:01:32,407,jd1709,XDCE,3898,3869,3919,11542,449268860,173976,175246,4063,3677,3870,3867,0,3879,0,0,0,2017-04-17,32492407,3896,11,0,0,0,0,0,0,0,0,3898,3,0,0,0,0,0,0,0,0
185,2017-04-17,09:01:32,919,jd1709,XDCE,3898,3869,3919,11564,450126020,173960,175246,4063,3677,3870,3867,0,3879,0,0,0,2017-04-17,32492919,3896,4,0,0,0,0,0,0,0,0,3898,1,0,0,0,0,0,0,0,0
186,2017-04-17,09:01:33,428,jd1709,XDCE,3896,3869,3919,11568,450281860,173960,175246,4063,3677,3870,3867,0,3879,0,0,0,2017-04-17,32493428,3896,27,0,0,0,0,0,0,0,0,3898,1,0,0,0,0,0,0,0,0
187,2017-04-17,09:01:33,909,jd1709,XDCE,3898,3869,3919,11576,450593660,173956,175246,4063,3677,3870,3867,0,3879,0,0,0,2017-04-17,32493909,3898,21,0,0,0,0,0,0,0,0,3899,34,0,0,0,0,0,0,0,0
188,2017-04-17,09:01:34,308,jd1709,XDCE,3898,3869,3919,11600,451529280,173966,175246,4063,3677,3870,3867,0,3879,0,0,0,2017-04-17,32494308,3898,14,0,0,0,0,0,0,0,0,3899,32,0,0,0,0,0,0,0,0
189,2017-04-17,09:01:34,857,jd1709,XDCE,3898,3869,3919,11616,452152960,173962,175246,4063,3677,3870,3867,0,3879,0,0,0,2017-04-17,32494857,3898,6,0,0,0,0,0,0,0,0,3899,20,0,0,0,0,0,0,0,0
190,2017-04-17,09:01:35,430,jd1709,XDCE,3897,3869,3919,11646,453322220,173960,175246,4063,3677,3870,3867,0,3879,0,0,0,2017-04-17,32495430,3897,13,0,0,0,0,0,0,0,0,3899,20,0,0,0,0,0,0,0,0
191,2017-04-17,09:01:35,918,jd1709,XDCE,3898,3869,3919,11650,453478140,173956,175246,4063,3677,3870,3867,0,3879,0,0,0,2017-04-17,32495918,3897,7,0,0,0,0,0,0,0,0,3899,20,0,0,0,0,0,0,0,0
192,2017-04-17,09:01:36,291,jd1709,XDCE,3897,3869,3919,11682,454725420,173966,175246,4063,3677,3870,3867,0,3879,0,0,0,2017-04-17,32496291,3897,1,0,0,0,0,0,0,0,0,3898,2,0,0,0,0,0,0,0,0
193,2017-04-17,09:01:36,767,jd1709,XDCE,3897,3869,3919,11686,454881320,173968,175246,4063,3677,3870,3867,0,3879,0,0,0,2017-04-17,32496767,3897,4,0,0,0,0,0,0,0,0,3898,2,0,0,0,0,0,0,0,0
194,2017-04-17,09:01:37,291,jd1709,XDCE,3897,3869,3919,11688,454959260,173968,175246,4063,3677,3870,3867,0,3879,0,0,0,2017-04-17,32497291,3897,3,0,0,0,0,0,0,0,0,3898,4,0,0,0,0,0,0,0,0
195,2017-04-17,09:01:37,901,jd1709,XDCE,3897,3869,3919,11700,455426980,173974,175246,4063,3677,3870,3867,0,3879,0,0,0,2017-04-17,32497901,3897,1,0,0,0,0,0,0,0,0,3898,2,0,0,0,0,0,0,0,0
196,2017-04-17,09:01:38,380,jd1709,XDCE,3897,3869,3919,11714,455972540,173976,175246,4063,3677,3870,3867,0,3879,0,0,0,2017-04-17,32498380,3896,32,0,0,0,0,0,0,0,0,3898,4,0,0,0,0,0,0,0,0
197,2017-04-17,09:01:38,914,jd1709,XDCE,3897,3869,3919,11714,455972540,173976,175246,4063,3677,3870,3867,0,3879,0,0,0,2017-04-17,32498914,3897,1,0,0,0,0,0,0,0,0,3898,4,0,0,0,0,0,0,0,0
198,2017-04-17,09:01:39,360,jd1709,XDCE,3898,3869,3919,11722,456284360,173976,175246,4063,3677,3870,3867,0,3879,0,0,0,2017-04-17,32499360,3897,3,0,0,0,0,0,0,0,0,3898,12,0,0,0,0,0,0,0,0
199,2017-04-17,09:01:39,899,jd1709,XDCE,3897,3869,3919,11762,457843400,173952,175246,4063,3677,3870,3867,0,3879,0,0,0,2017-04-17,32499899,3896,18,0,0,0,0,0,0,0,0,3897,3,0,0,0,0,0,0,0,0
200,2017-04-17,09:01:40,344,jd1709,XDCE,3897,3869,3919,11770,458155160,173954,175246,4063,3677,3870,3867,0,3879,0,0,0,2017-04-17,32500344,3897,2,0,0,0,0,0,0,0,0,3899,28,0,0,0,0,0,0,0,0
201,2017-04-17,09:01:40,823,jd1709,XDCE,3896,3869,3919,11776,458388920,173948,175246,4063,3677,3870,3867,0,3879,0,0,0,2017-04-17,32500823,3896,10,0,0,0,0,0,0,0,0,3897,1,0,0,0,0,0,0,0,0
202,2017-04-17,09:01:41,401,jd1709,XDCE,3897,3869,3919,11784,458700680,173942,175246,4063,3677,3870,3867,0,3879,0,0,0,2017-04-17,32501401,3897,23,0,0,0,0,0,0,0,0,3899,26,0,0,0,0,0,0,0,0
203,2017-04-17,09:01:41,736,jd1709,XDCE,3897,3869,3919,11784,458700680,173942,175246,4063,3677,3870,3867,0,3879,0,0,0,2017-04-17,32501736,3897,23,0,0,0,0,0,0,0,0,3898,3,0,0,0,0,0,0,0,0
204,2017-04-17,09:01:42,420,jd1709,XDCE,3897,3869,3919,11806,459558020,173928,175246,4063,3677,3870,3867,0,3879,0,0,0,2017-04-17,32502420,3897,14,0,0,0,0,0,0,0,0,3898,6,0,0,0,0,0,0,0,0
205,2017-04-17,09:01:42,802,jd1709,XDCE,3897,3869,3919,11834,460649180,173904,175246,4063,3677,3870,3867,0,3879,0,0,0,2017-04-17,32502802,3896,10,0,0,0,0,0,0,0,0,3897,2,0,0,0,0,0,0,0,0
206,2017-04-17,09:01:43,412,jd1709,XDCE,3897,3869,3919,11834,460649180,173904,175246,4063,3677,3870,3867,0,3879,0,0,0,2017-04-17,32503412,3896,10,0,0,0,0,0,0,0,0,3897,102,0,0,0,0,0,0,0,0
207,2017-04-17,09:01:43,929,jd1709,XDCE,3895,3869,3919,11900,463220100,173866,175246,4063,3677,3870,3867,0,3879,0,0,0,2017-04-17,32503929,3895,186,0,0,0,0,0,0,0,0,3896,20,0,0,0,0,0,0,0,0
208,2017-04-17,09:01:44,420,jd1709,XDCE,3895,3869,3919,11928,464310700,173848,175246,4063,3677,3870,3867,0,3879,0,0,0,2017-04-17,32504420,3895,172,0,0,0,0,0,0,0,0,3896,44,0,0,0,0,0,0,0,0
209,2017-04-17,09:01:44,928,jd1709,XDCE,3896,3869,3919,11988,466647900,173844,175246,4063,3677,3870,3867,0,3879,0,0,0,2017-04-17,32504928,3895,152,0,0,0,0,0,0,0,0,3896,36,0,0,0,0,0,0,0,0
210,2017-04-17,09:01:45,411,jd1709,XDCE,3895,3869,3919,12024,468050100,173818,175246,4063,3677,3870,3867,0,3879,0,0,0,2017-04-17,32505411,3895,125,0,0,0,0,0,0,0,0,3896,25,0,0,0,0,0,0,0,0
211,2017-04-17,09:01:45,901,jd1709,XDCE,3895,3869,3919,12026,468128000,173816,175246,4063,3677,3870,3867,0,3879,0,0,0,2017-04-17,32505901,3895,122,0,0,0,0,0,0,0,0,3896,40,0,0,0,0,0,0,0,0
212,2017-04-17,09:01:46,413,jd1709,XDCE,3896,3869,3919,12030,468283820,173814,175246,4063,3677,3870,3867,0,3879,0,0,0,2017-04-17,32506413,3895,160,0,0,0,0,0,0,0,0,3896,39,0,0,0,0,0,0,0,0
213,2017-04-17,09:01:46,918,jd1709,XDCE,3895,3869,3919,12238,476387220,173730,175246,4063,3677,3870,3867,0,3879,0,0,0,2017-04-17,32506918,3895,146,0,0,0,0,0,0,0,0,3897,119,0,0,0,0,0,0,0,0
214,2017-04-17,09:01:47,397,jd1709,XDCE,3895,3869,3919,12248,476776720,173724,175246,4063,3677,3870,3867,0,3879,0,0,0,2017-04-17,32507397,3895,142,0,0,0,0,0,0,0,0,3896,7,0,0,0,0,0,0,0,0
215,2017-04-17,09:01:47,853,jd1709,XDCE,3895,3869,3919,12266,477477820,173708,175246,4063,3677,3870,3867,0,3879,0,0,0,2017-04-17,32507853,3895,133,0,0,0,0,0,0,0,0,3896,45,0,0,0,0,0,0,0,0
216,2017-04-17,09:01:48,342,jd1709,XDCE,3895,3869,3919,12280,478023120,173696,175246,4063,3677,3870,3867,0,3879,0,0,0,2017-04-17,32508342,3895,127,0,0,0,0,0,0,0,0,3896,45,0,0,0,0,0,0,0,0
217,2017-04-17,09:01:48,896,jd1709,XDCE,3895,3869,3919,12298,478724260,173694,175246,4063,3677,3870,3867,0,3879,0,0,0,2017-04-17,32508896,3895,120,0,0,0,0,0,0,0,0,3896,43,0,0,0,0,0,0,0,0
218,2017-04-17,09:01:49,310,jd1709,XDCE,3895,3869,3919,12300,478802160,173692,175246,4063,3677,3870,3867,0,3879,0,0,0,2017-04-17,32509310,3895,119,0,0,0,0,0,0,0,0,3896,43,0,0,0,0,0,0,0,0
219,2017-04-17,09:01:49,873,jd1709,XDCE,3896,3869,3919,12318,479503440,173682,175246,4063,3677,3870,3867,0,3879,0,0,0,2017-04-17,32509873,3895,119,0,0,0,0,0,0,0,0,3896,34,0,0,0,0,0,0,0,0
220,2017-04-17,09:01:50,364,jd1709,XDCE,3896,3869,3919,12320,479581360,173682,175246,4063,3677,3870,3867,0,3879,0,0,0,2017-04-17,32510364,3895,119,0,0,0,0,0,0,0,0,3896,33,0,0,0,0,0,0,0,0
221,2017-04-17,09:01:50,879,jd1709,XDCE,3895,3869,3919,12336,480204620,173666,175246,4063,3677,3870,3867,0,3879,0,0,0,2017-04-17,32510879,3895,114,0,0,0,0,0,0,0,0,3896,30,0,0,0,0,0,0,0,0
222,2017-04-17,09:01:51,345,jd1709,XDCE,3895,3869,3919,12340,480360420,173666,175246,4063,3677,3870,3867,0,3879,0,0,0,2017-04-17,32511345,3895,112,0,0,0,0,0,0,0,0,3896,30,0,0,0,0,0,0,0,0
223,2017-04-17,09:01:51,822,jd1709,XDCE,3895,3869,3919,12342,480438320,173664,175246,4063,3677,3870,3867,0,3879,0,0,0,2017-04-17,32511822,3895,111,0,0,0,0,0,0,0,0,3896,30,0,0,0,0,0,0,0,0
224,2017-04-17,09:01:52,393,jd1709,XDCE,3896,3869,3919,12372,481607060,173638,175246,4063,3677,3870,3867,0,3879,0,0,0,2017-04-17,32512393,3895,108,0,0,0,0,0,0,0,0,3896,18,0,0,0,0,0,0,0,0
225,2017-04-17,09:01:52,876,jd1709,XDCE,3895,3869,3919,12402,482775600,173630,175246,4063,3677,3870,3867,0,3879,0,0,0,2017-04-17,32512876,3895,95,0,0,0,0,0,0,0,0,3896,12,0,0,0,0,0,0,0,0
226,2017-04-17,09:01:53,346,jd1709,XDCE,3893,3869,3919,12622,491344220,173716,175246,4063,3677,3870,3867,0,3879,0,0,0,2017-04-17,32513346,3893,13,0,0,0,0,0,0,0,0,3894,29,0,0,0,0,0,0,0,0
227,2017-04-17,09:01:53,873,jd1709,XDCE,3892,3869,3919,12694,494147600,173700,175246,4063,3677,3870,3867,0,3879,0,0,0,2017-04-17,32513873,3892,3,0,0,0,0,0,0,0,0,3893,4,0,0,0,0,0,0,0,0
228,2017-04-17,09:01:54,398,jd1709,XDCE,3892,3869,3919,12700,494381140,173702,175246,4063,3677,3870,3867,0,3879,0,0,0,2017-04-17,32514398,3891,4,0,0,0,0,0,0,0,0,3892,18,0,0,0,0,0,0,0,0
229,2017-04-17,09:01:54,913,jd1709,XDCE,3891,3869,3919,12712,494848060,173700,175246,4063,3677,3870,3867,0,3879,0,0,0,2017-04-17,32514913,3890,27,0,0,0,0,0,0,0,0,3891,19,0,0,0,0,0,0,0,0
230,2017-04-17,09:01:55,401,jd1709,XDCE,3890,3869,3919,12738,495859460,173700,175246,4063,3677,3870,3867,0,3879,0,0,0,2017-04-17,32515401,3890,14,0,0,0,0,0,0,0,0,3891,19,0,0,0,0,0,0,0,0
231,2017-04-17,09:01:55,897,jd1709,XDCE,3888,3869,3919,12828,499359460,173762,175246,4063,3677,3870,3867,0,3879,0,0,0,2017-04-17,32515897,3888,15,0,0,0,0,0,0,0,0,3889,24,0,0,0,0,0,0,0,0
232,2017-04-17,09:01:56,423,jd1709,XDCE,3888,3869,3919,12952,504180660,173720,175246,4063,3677,3870,3867,0,3879,0,0,0,2017-04-17,32516423,3886,2,0,0,0,0,0,0,0,0,3888,8,0,0,0,0,0,0,0,0
233,2017-04-17,09:01:56,826,jd1709,XDCE,3888,3869,3919,12976,505113600,173716,175246,4063,3677,3870,3867,0,3879,0,0,0,2017-04-17,32516826,3885,4,0,0,0,0,0,0,0,0,3888,2,0,0,0,0,0,0,0,0
234,2017-04-17,09:01:57,418,jd1709,XDCE,3888,3869,3919,12978,505191360,173718,175246,4063,3677,3870,3867,0,3879,0,0,0,2017-04-17,32517418,3886,1,0,0,0,0,0,0,0,0,3887,2,0,0,0,0,0,0,0,0
235,2017-04-17,09:01:57,903,jd1709,XDCE,3888,3869,3919,12978,505191360,173718,175246,4063,3677,3870,3867,0,3879,0,0,0,2017-04-17,32517903,3886,10,0,0,0,0,0,0,0,0,3887,2,0,0,0,0,0,0,0,0
236,2017-04-17,09:01:58,419,jd1709,XDCE,3888,3869,3919,12986,505502360,173712,175246,4063,3677,3870,3867,0,3879,0,0,0,2017-04-17,32518419,3887,6,0,0,0,0,0,0,0,0,3888,1,0,0,0,0,0,0,0,0
237,2017-04-17,09:01:58,924,jd1709,XDCE,3888,3869,3919,13002,506124400,173724,175246,4063,3677,3870,3867,0,3879,0,0,0,2017-04-17,32518924,3888,4,0,0,0,0,0,0,0,0,3889,25,0,0,0,0,0,0,0,0
238,2017-04-17,09:01:59,402,jd1709,XDCE,3889,3869,3919,13026,507057660,173734,175246,4063,3677,3870,3867,0,3879,0,0,0,2017-04-17,32519402,3887,4,0,0,0,0,0,0,0,0,3889,18,0,0,0,0,0,0,0,0
239,2017-04-17,09:01:59,885,jd1709,XDCE,3887,3869,3919,13052,508068180,173736,175246,4063,3677,3870,3867,0,3879,0,0,0,2017-04-17,32519885,3886,4,0,0,0,0,0,0,0,0,3887,48,0,0,0,0,0,0,0,0
240,2017-04-17,09:02:00,400,jd1709,XDCE,3887,3869,3919,13072,508845580,173736,175246,4063,3677,3870,3867,0,3879,0,0,0,2017-04-17,32520400,3885,37,0,0,0,0,0,0,0,0,3886,30,0,0,0,0,0,0,0,0
241,2017-04-17,09:02:00,854,jd1709,XDCE,3890,3869,3919,13318,518409580,173738,175246,4063,3677,3870,3867,0,3879,0,0,0,2017-04-17,32520854,3888,13,0,0,0,0,0,0,0,0,3889,1,0,0,0,0,0,0,0,0
242,2017-04-17,09:02:01,412,jd1709,XDCE,3890,3869,3919,13346,519498460,173732,175246,4063,3677,3870,3867,0,3879,0,0,0,2017-04-17,32521412,3888,5,0,0,0,0,0,0,0,0,3890,71,0,0,0,0,0,0,0,0
243,2017-04-17,09:02:01,770,jd1709,XDCE,3890,3869,3919,13346,519498460,173732,175246,4063,3677,3870,3867,0,3879,0,0,0,2017-04-17,32521770,3888,6,0,0,0,0,0,0,0,0,3890,71,0,0,0,0,0,0,0,0
244,2017-04-17,09:02:02,423,jd1709,XDCE,3890,3869,3919,13354,519809660,173726,175246,4063,3677,3870,3867,0,3879,0,0,0,2017-04-17,32522423,3888,6,0,0,0,0,0,0,0,0,3890,67,0,0,0,0,0,0,0,0
245,2017-04-17,09:02:02,913,jd1709,XDCE,3888,3869,3919,13360,520042940,173726,175246,4063,3677,3870,3867,0,3879,0,0,0,2017-04-17,32522913,3888,4,0,0,0,0,0,0,0,0,3889,6,0,0,0,0,0,0,0,0
246,2017-04-17,09:02:03,402,jd1709,XDCE,3889,3869,3919,13364,520198500,173728,175246,4063,3677,3870,3867,0,3879,0,0,0,2017-04-17,32523402,3888,4,0,0,0,0,0,0,0,0,3889,4,0,0,0,0,0,0,0,0
247,2017-04-17,09:02:03,835,jd1709,XDCE,3887,3869,3919,13428,522686340,173734,175246,4063,3677,3870,3867,0,3879,0,0,0,2017-04-17,32523835,3887,28,0,0,0,0,0,0,0,0,3889,15,0,0,0,0,0,0,0,0
248,2017-04-17,09:02:04,419,jd1709,XDCE,3887,3869,3919,13430,522764080,173734,175246,4063,3677,3870,3867,0,3879,0,0,0,2017-04-17,32524419,3887,30,0,0,0,0,0,0,0,0,3889,18,0,0,0,0,0,0,0,0
249,2017-04-17,09:02:04,791,jd1709,XDCE,3888,3869,3919,13432,522841840,173736,175246,4063,3677,3870,3867,0,3879,0,0,0,2017-04-17,32524791,3887,32,0,0,0,0,0,0,0,0,3889,15,0,0,0,0,0,0,0,0
250,2017-04-17,09:02:05,388,jd1709,XDCE,3888,3869,3919,13442,523230560,173730,175246,4063,3677,3870,3867,0,3879,0,0,0,2017-04-17,32525388,3887,35,0,0,0,0,0,0,0,0,3888,2,0,0,0,0,0,0,0,0
251,2017-04-17,09:02:05,917,jd1709,XDCE,3887,3869,3919,13448,523463800,173726,175246,4063,3677,3870,3867,0,3879,0,0,0,2017-04-17,32525917,3887,33,0,0,0,0,0,0,0,0,3888,2,0,0,0,0,0,0,0,0
252,2017-04-17,09:02:06,427,jd1709,XDCE,3887,3869,3919,13452,523619280,173722,175246,4063,3677,3870,3867,0,3879,0,0,0,2017-04-17,32526427,3887,31,0,0,0,0,0,0,0,0,3888,2,0,0,0,0,0,0,0,0
253,2017-04-17,09:02:06,856,jd1709,XDCE,3887,3869,3919,13456,523774780,173722,175246,4063,3677,3870,3867,0,3879,0,0,0,2017-04-17,32526856,3887,31,0,0,0,0,0,0,0,0,3888,3,0,0,0,0,0,0,0,0
254,2017-04-17,09:02:07,426,jd1709,XDCE,3888,3869,3919,13462,524008060,173726,175246,4063,3677,3870,3867,0,3879,0,0,0,2017-04-17,32527426,3888,1,0,0,0,0,0,0,0,0,3889,36,0,0,0,0,0,0,0,0
255,2017-04-17,09:02:07,916,jd1709,XDCE,3888,3869,3919,13468,524241320,173730,175246,4063,3677,3870,3867,0,3879,0,0,0,2017-04-17,32527916,3887,30,0,0,0,0,0,0,0,0,3888,3,0,0,0,0,0,0,0,0
256,2017-04-17,09:02:08,176,jd1709,XDCE,3887,3869,3919,13470,524319060,173728,175246,4063,3677,3870,3867,0,3879,0,0,0,2017-04-17,32528176,3887,29,0,0,0,0,0,0,0,0,3888,3,0,0,0,0,0,0,0,0
257,2017-04-17,09:02:08,844,jd1709,XDCE,3887,3869,3919,13486,524941000,173728,175246,4063,3677,3870,3867,0,3879,0,0,0,2017-04-17,32528844,3887,22,0,0,0,0,0,0,0,0,3888,7,0,0,0,0,0,0,0,0
258,2017-04-17,09:02:09,414,jd1709,XDCE,3887,3869,3919,13504,525640760,173716,175246,4063,3677,3870,3867,0,3879,0,0,0,2017-04-17,32529414,3887,12,0,0,0,0,0,0,0,0,3888,9,0,0,0,0,0,0,0,0
259,2017-04-17,09:02:09,927,jd1709,XDCE,3888,3869,3919,13558,527739960,173708,175246,4063,3677,3870,3867,0,3879,0,0,0,2017-04-17,32529927,3886,6,0,0,0,0,0,0,0,0,3888,8,0,0,0,0,0,0,0,0
260,2017-04-17,09:02:10,425,jd1709,XDCE,3887,3869,3919,13564,527973200,173710,175246,4063,3677,3870,3867,0,3879,0,0,0,2017-04-17,32530425,3887,21,0,0,0,0,0,0,0,0,3888,8,0,0,0,0,0,0,0,0
261,2017-04-17,09:02:11,419,jd1709,XDCE,3888,3869,3919,13580,528595240,173712,175246,4063,3677,3870,3867,0,3879,0,0,0,2017-04-17,32531419,3887,19,0,0,0,0,0,0,0,0,3888,2,0,0,0,0,0,0,0,0
262,2017-04-17,09:02:11,853,jd1709,XDCE,3887,3869,3919,13584,528750720,173716,175246,4063,3677,3870,3867,0,3879,0,0,0,2017-04-17,32531853,3887,17,0,0,0,0,0,0,0,0,3888,4,0,0,0,0,0,0,0,0
263,2017-04-17,09:02:12,427,jd1709,XDCE,3886,3869,3919,13656,531549240,173776,175246,4063,3677,3870,3867,0,3879,0,0,0,2017-04-17,32532427,3886,6,0,0,0,0,0,0,0,0,3889,25,0,0,0,0,0,0,0,0
264,2017-04-17,09:02:12,929,jd1709,XDCE,3886,3869,3919,13660,531704680,173780,175246,4063,3677,3870,3867,0,3879,0,0,0,2017-04-17,32532929,3886,4,0,0,0,0,0,0,0,0,3887,56,0,0,0,0,0,0,0,0
265,2017-04-17,09:02:13,385,jd1709,XDCE,3885,3869,3919,13670,532093260,173790,175246,4063,3677,3870,3867,0,3879,0,0,0,2017-04-17,32533385,3885,13,0,0,0,0,0,0,0,0,3886,3,0,0,0,0,0,0,0,0
266,2017-04-17,09:02:13,788,jd1709,XDCE,3887,3869,3919,13694,533026000,173784,175246,4063,3677,3870,3867,0,3879,0,0,0,2017-04-17,32533788,3885,11,0,0,0,0,0,0,0,0,3887,51,0,0,0,0,0,0,0,0
267,2017-04-17,09:02:14,411,jd1709,XDCE,3887,3869,3919,13696,533103740,173784,175246,4063,3677,3870,3867,0,3879,0,0,0,2017-04-17,32534411,3885,11,0,0,0,0,0,0,0,0,3887,53,0,0,0,0,0,0,0,0
268,2017-04-17,09:02:14,880,jd1709,XDCE,3885,3869,3919,13720,534036180,173802,175246,4063,3677,3870,3867,0,3879,0,0,0,2017-04-17,32534880,3885,5,0,0,0,0,0,0,0,0,3886,15,0,0,0,0,0,0,0,0
269,2017-04-17,09:02:15,426,jd1709,XDCE,3884,3869,3919,13752,535279200,173830,175246,4063,3677,3870,3867,0,3879,0,0,0,2017-04-17,32535426,3883,3,0,0,0,0,0,0,0,0,3884,5,0,0,0,0,0,0,0,0
270,2017-04-17,09:02:15,805,jd1709,XDCE,3884,3869,3919,13776,536211340,173834,175246,4063,3677,3870,3867,0,3879,0,0,0,2017-04-17,32535805,3884,8,0,0,0,0,0,0,0,0,3885,31,0,0,0,0,0,0,0,0
271,2017-04-17,09:02:16,427,jd1709,XDCE,3884,3869,3919,13788,536677420,173824,175246,4063,3677,3870,3867,0,3879,0,0,0,2017-04-17,32536427,3884,2,0,0,0,0,0,0,0,0,3885,28,0,0,0,0,0,0,0,0
272,2017-04-17,09:02:16,880,jd1709,XDCE,3885,3869,3919,13792,536832820,173824,175246,4063,3677,3870,3867,0,3879,0,0,0,2017-04-17,32536880,3884,2,0,0,0,0,0,0,0,0,3885,26,0,0,0,0,0,0,0,0
273,2017-04-17,09:02:17,381,jd1709,XDCE,3884,3869,3919,13802,537221220,173824,175246,4063,3677,3870,3867,0,3879,0,0,0,2017-04-17,32537381,3883,4,0,0,0,0,0,0,0,0,3884,45,0,0,0,0,0,0,0,0
274,2017-04-17,09:02:17,882,jd1709,XDCE,3882,3869,3919,13812,537609500,173814,175246,4063,3677,3870,3867,0,3879,0,0,0,2017-04-17,32537882,3882,12,0,0,0,0,0,0,0,0,3883,5,0,0,0,0,0,0,0,0
275,2017-04-17,09:02:18,362,jd1709,XDCE,3884,3869,3919,13848,539007400,173788,175246,4063,3677,3870,3867,0,3879,0,0,0,2017-04-17,32538362,3883,29,0,0,0,0,0,0,0,0,3884,46,0,0,0,0,0,0,0,0
276,2017-04-17,09:02:18,760,jd1709,XDCE,3883,3869,3919,13852,539162720,173788,175246,4063,3677,3870,3867,0,3879,0,0,0,2017-04-17,32538760,3883,27,0,0,0,0,0,0,0,0,3884,47,0,0,0,0,0,0,0,0
277,2017-04-17,09:02:19,421,jd1709,XDCE,3883,3869,3919,13864,539628720,173780,175246,4063,3677,3870,3867,0,3879,0,0,0,2017-04-17,32539421,3883,23,0,0,0,0,0,0,0,0,3884,52,0,0,0,0,0,0,0,0
278,2017-04-17,09:02:19,720,jd1709,XDCE,3884,3869,3919,13868,539784060,173780,175246,4063,3677,3870,3867,0,3879,0,0,0,2017-04-17,32539720,3883,22,0,0,0,0,0,0,0,0,3884,51,0,0,0,0,0,0,0,0
279,2017-04-17,09:02:20,404,jd1709,XDCE,3883,3869,3919,13880,540250020,173770,175246,4063,3677,3870,3867,0,3879,0,0,0,2017-04-17,32540404,3883,36,0,0,0,0,0,0,0,0,3884,56,0,0,0,0,0,0,0,0
280,2017-04-17,09:02:20,912,jd1709,XDCE,3883,3869,3919,13908,541337260,173748,175246,4063,3677,3870,3867,0,3879,0,0,0,2017-04-17,32540912,3883,23,0,0,0,0,0,0,0,0,3884,56,0,0,0,0,0,0,0,0
281,2017-04-17,09:02:21,290,jd1709,XDCE,3883,3869,3919,13912,541492580,173750,175246,4063,3677,3870,3867,0,3879,0,0,0,2017-04-17,32541290,3883,21,0,0,0,0,0,0,0,0,3884,56,0,0,0,0,0,0,0,0
282,2017-04-17,09:02:21,816,jd1709,XDCE,3883,3869,3919,13920,541803220,173750,175246,4063,3677,3870,3867,0,3879,0,0,0,2017-04-17,32541816,3883,18,0,0,0,0,0,0,0,0,3884,56,0,0,0,0,0,0,0,0
283,2017-04-17,09:02:22,397,jd1709,XDCE,3883,3869,3919,13960,543356420,173782,175246,4063,3677,3870,3867,0,3879,0,0,0,2017-04-17,32542397,3882,16,0,0,0,0,0,0,0,0,3883,17,0,0,0,0,0,0,0,0
284,2017-04-17,09:02:22,908,jd1709,XDCE,3883,3869,3919,13962,543434080,173782,175246,4063,3677,3870,3867,0,3879,0,0,0,2017-04-17,32542908,3882,14,0,0,0,0,0,0,0,0,3883,22,0,0,0,0,0,0,0,0
285,2017-04-17,09:02:23,424,jd1709,XDCE,3882,3869,3919,13998,544831760,173794,175246,4063,3677,3870,3867,0,3879,0,0,0,2017-04-17,32543424,3882,8,0,0,0,0,0,0,0,0,3883,15,0,0,0,0,0,0,0,0
286,2017-04-17,09:02:23,927,jd1709,XDCE,3882,3869,3919,14004,545064700,173798,175246,4063,3677,3870,3867,0,3879,0,0,0,2017-04-17,32543927,3882,3,0,0,0,0,0,0,0,0,3883,14,0,0,0,0,0,0,0,0
287,2017-04-17,09:02:24,362,jd1709,XDCE,3882,3869,3919,14008,545220000,173800,175246,4063,3677,3870,3867,0,3879,0,0,0,2017-04-17,32544362,3882,2,0,0,0,0,0,0,0,0,3883,18,0,0,0,0,0,0,0,0
288,2017-04-17,09:02:24,791,jd1709,XDCE,3882,3869,3919,14008,545220000,173800,175246,4063,3677,3870,3867,0,3879,0,0,0,2017-04-17,32544791,3882,11,0,0,0,0,0,0,0,0,3883,21,0,0,0,0,0,0,0,0
289,2017-04-17,09:02:25,423,jd1709,XDCE,3883,3869,3919,14010,545297660,173800,175246,4063,3677,3870,3867,0,3879,0,0,0,2017-04-17,32545423,3882,18,0,0,0,0,0,0,0,0,3883,20,0,0,0,0,0,0,0,0
290,2017-04-17,09:02:25,838,jd1709,XDCE,3882,3869,3919,14018,545608240,173802,175246,4063,3677,3870,3867,0,3879,0,0,0,2017-04-17,32545838,3882,16,0,0,0,0,0,0,0,0,3883,19,0,0,0,0,0,0,0,0
291,2017-04-17,09:02:26,225,jd1709,XDCE,3882,3869,3919,14024,545841200,173804,175246,4063,3677,3870,3867,0,3879,0,0,0,2017-04-17,32546225,3882,28,0,0,0,0,0,0,0,0,3883,17,0,0,0,0,0,0,0,0
292,2017-04-17,09:02:26,917,jd1709,XDCE,3883,3869,3919,14042,546540000,173808,175246,4063,3677,3870,3867,0,3879,0,0,0,2017-04-17,32546917,3882,21,0,0,0,0,0,0,0,0,3883,17,0,0,0,0,0,0,0,0
293,2017-04-17,09:02:27,358,jd1709,XDCE,3883,3869,3919,14046,546695320,173806,175246,4063,3677,3870,3867,0,3879,0,0,0,2017-04-17,32547358,3882,22,0,0,0,0,0,0,0,0,3883,15,0,0,0,0,0,0,0,0
294,2017-04-17,09:02:27,919,jd1709,XDCE,3883,3869,3919,14048,546772980,173806,175246,4063,3677,3870,3867,0,3879,0,0,0,2017-04-17,32547919,3882,19,0,0,0,0,0,0,0,0,3883,99,0,0,0,0,0,0,0,0
295,2017-04-17,09:02:28,384,jd1709,XDCE,3883,3869,3919,14080,548015540,173818,175246,4063,3677,3870,3867,0,3879,0,0,0,2017-04-17,32548384,3882,20,0,0,0,0,0,0,0,0,3883,83,0,0,0,0,0,0,0,0
296,2017-04-17,09:02:28,889,jd1709,XDCE,3882,3869,3919,14250,554616540,173718,175246,4063,3677,3870,3867,0,3879,0,0,0,2017-04-17,32548889,3882,19,0,0,0,0,0,0,0,0,3883,3,0,0,0,0,0,0,0,0
297,2017-04-17,09:02:29,333,jd1709,XDCE,3884,3869,3919,14272,555470960,173710,175246,4063,3677,3870,3867,0,3879,0,0,0,2017-04-17,32549333,3883,24,0,0,0,0,0,0,0,0,3884,52,0,0,0,0,0,0,0,0
298,2017-04-17,09:02:29,792,jd1709,XDCE,3884,3869,3919,14288,556092400,173710,175246,4063,3677,3870,3867,0,3879,0,0,0,2017-04-17,32549792,3883,21,0,0,0,0,0,0,0,0,3884,44,0,0,0,0,0,0,0,0
299,2017-04-17,09:02:30,366,jd1709,XDCE,3884,3869,3919,14320,557335280,173704,175246,4063,3677,3870,3867,0,3879,0,0,0,2017-04-17,32550366,3883,22,0,0,0,0,0,0,0,0,3884,28,0,0,0,0,0,0,0,0
300,2017-04-17,09:02:30,901,jd1709,XDCE,3884,3869,3919,14402,560520400,173714,175246,4063,3677,3870,3867,0,3879,0,0,0,2017-04-17,32550901,3884,24,0,0,0,0,0,0,0,0,3885,23,0,0,0,0,0,0,0,0
301,2017-04-17,09:02:31,870,jd1709,XDCE,3885,3869,3919,14450,562385180,173756,175246,4063,3677,3870,3867,0,3879,0,0,0,2017-04-17,32551870,3885,17,0,0,0,0,0,0,0,0,3886,11,0,0,0,0,0,0,0,0
302,2017-04-17,09:02:32,292,jd1709,XDCE,3885,3869,3919,14456,562618280,173758,175246,4063,3677,3870,3867,0,3879,0,0,0,2017-04-17,32552292,3885,15,0,0,0,0,0,0,0,0,3886,10,0,0,0,0,0,0,0,0
303,2017-04-17,09:02:32,909,jd1709,XDCE,3886,3869,3919,14476,563395480,173738,175246,4063,3677,3870,3867,0,3879,0,0,0,2017-04-17,32552909,3885,15,0,0,0,0,0,0,0,0,3887,63,0,0,0,0,0,0,0,0
304,2017-04-17,09:02:33,795,jd1709,XDCE,3887,3869,3919,14478,563473220,173740,175246,4063,3677,3870,3867,0,3879,0,0,0,2017-04-17,32553795,3886,4,0,0,0,0,0,0,0,0,3887,62,0,0,0,0,0,0,0,0
305,2017-04-17,09:02:34,408,jd1709,XDCE,3885,3869,3919,14538,565804300,173790,175246,4063,3677,3870,3867,0,3879,0,0,0,2017-04-17,32554408,3885,18,0,0,0,0,0,0,0,0,3886,3,0,0,0,0,0,0,0,0
306,2017-04-17,09:02:34,927,jd1709,XDCE,3885,3869,3919,14558,566581560,173794,175246,4063,3677,3870,3867,0,3879,0,0,0,2017-04-17,32554927,3885,3,0,0,0,0,0,0,0,0,3887,56,0,0,0,0,0,0,0,0
307,2017-04-17,09:02:35,333,jd1709,XDCE,3885,3869,3919,14580,567436280,173814,175246,4063,3677,3870,3867,0,3879,0,0,0,2017-04-17,32555333,3885,5,0,0,0,0,0,0,0,0,3886,19,0,0,0,0,0,0,0,0
308,2017-04-17,09:02:35,885,jd1709,XDCE,3886,3869,3919,14582,567514000,173814,175246,4063,3677,3870,3867,0,3879,0,0,0,2017-04-17,32555885,3885,5,0,0,0,0,0,0,0,0,3886,19,0,0,0,0,0,0,0,0
309,2017-04-17,09:02:36,364,jd1709,XDCE,3885,3869,3919,14584,567591700,173816,175246,4063,3677,3870,3867,0,3879,0,0,0,2017-04-17,32556364,3885,4,0,0,0,0,0,0,0,0,3886,20,0,0,0,0,0,0,0,0
310,2017-04-17,09:02:36,812,jd1709,XDCE,3886,3869,3919,14666,570777500,173842,175246,4063,3677,3870,3867,0,3879,0,0,0,2017-04-17,32556812,3884,35,0,0,0,0,0,0,0,0,3885,1,0,0,0,0,0,0,0,0
311,2017-04-17,09:02:37,291,jd1709,XDCE,3886,3869,3919,14698,572021000,173814,175246,4063,3677,3870,3867,0,3879,0,0,0,2017-04-17,32557291,3885,9,0,0,0,0,0,0,0,0,3887,57,0,0,0,0,0,0,0,0
312,2017-04-17,09:02:37,851,jd1709,XDCE,3886,3869,3919,14702,572176460,173816,175246,4063,3677,3870,3867,0,3879,0,0,0,2017-04-17,32557851,3885,17,0,0,0,0,0,0,0,0,3887,56,0,0,0,0,0,0,0,0
313,2017-04-17,09:02:38,292,jd1709,XDCE,3887,3869,3919,14706,572331940,173816,175246,4063,3677,3870,3867,0,3879,0,0,0,2017-04-17,32558292,3885,13,0,0,0,0,0,0,0,0,3887,54,0,0,0,0,0,0,0,0
314,2017-04-17,09:02:38,875,jd1709,XDCE,3887,3869,3919,14706,572331940,173816,175246,4063,3677,3870,3867,0,3879,0,0,0,2017-04-17,32558875,3885,16,0,0,0,0,0,0,0,0,3886,2,0,0,0,0,0,0,0,0
315,2017-04-17,09:02:39,391,jd1709,XDCE,3884,3869,3919,14812,576449380,173898,175246,4063,3677,3870,3867,0,3879,0,0,0,2017-04-17,32559391,3884,1,0,0,0,0,0,0,0,0,3885,5,0,0,0,0,0,0,0,0
316,2017-04-17,09:02:39,914,jd1709,XDCE,3885,3869,3919,14834,577304280,173916,175246,4063,3677,3870,3867,0,3879,0,0,0,2017-04-17,32559914,3885,9,0,0,0,0,0,0,0,0,3886,33,0,0,0,0,0,0,0,0
317,2017-04-17,09:02:40,387,jd1709,XDCE,3885,3869,3919,14836,577381980,173916,175246,4063,3677,3870,3867,0,3879,0,0,0,2017-04-17,32560387,3885,4,0,0,0,0,0,0,0,0,3886,33,0,0,0,0,0,0,0,0
318,2017-04-17,09:02:40,896,jd1709,XDCE,3885,3869,3919,14846,577770480,173908,175246,4063,3677,3870,3867,0,3879,0,0,0,2017-04-17,32560896,3883,26,0,0,0,0,0,0,0,0,3885,6,0,0,0,0,0,0,0,0
319,2017-04-17,09:02:41,429,jd1709,XDCE,3885,3869,3919,14894,579634580,173950,175246,4063,3677,3870,3867,0,3879,0,0,0,2017-04-17,32561429,3884,1,0,0,0,0,0,0,0,0,3885,14,0,0,0,0,0,0,0,0
320,2017-04-17,09:02:41,881,jd1709,XDCE,3885,3869,3919,14900,579867680,173956,175246,4063,3677,3870,3867,0,3879,0,0,0,2017-04-17,32561881,3884,2,0,0,0,0,0,0,0,0,3885,18,0,0,0,0,0,0,0,0
321,2017-04-17,09:02:42,352,jd1709,XDCE,3885,3869,3919,14902,579945380,173958,175246,4063,3677,3870,3867,0,3879,0,0,0,2017-04-17,32562352,3884,2,0,0,0,0,0,0,0,0,3885,19,0,0,0,0,0,0,0,0
322,2017-04-17,09:02:42,844,jd1709,XDCE,3885,3869,3919,14904,580023080,173960,175246,4063,3677,3870,3867,0,3879,0,0,0,2017-04-17,32562844,3884,2,0,0,0,0,0,0,0,0,3885,18,0,0,0,0,0,0,0,0
323,2017-04-17,09:02:43,406,jd1709,XDCE,3884,3869,3919,14908,580178440,173962,175246,4063,3677,3870,3867,0,3879,0,0,0,2017-04-17,32563406,3884,2,0,0,0,0,0,0,0,0,3885,17,0,0,0,0,0,0,0,0
324,2017-04-17,09:02:43,848,jd1709,XDCE,3885,3869,3919,14920,580644640,173972,175246,4063,3677,3870,3867,0,3879,0,0,0,2017-04-17,32563848,3884,3,0,0,0,0,0,0,0,0,3885,3,0,0,0,0,0,0,0,0
325,2017-04-17,09:02:44,350,jd1709,XDCE,3884,3869,3919,14926,580877680,173978,175246,4063,3677,3870,3867,0,3879,0,0,0,2017-04-17,32564350,3883,11,0,0,0,0,0,0,0,0,3885,4,0,0,0,0,0,0,0,0
326,2017-04-17,09:02:45,291,jd1709,XDCE,3883,3869,3919,14930,581033000,173978,175246,4063,3677,3870,3867,0,3879,0,0,0,2017-04-17,32565291,3883,7,0,0,0,0,0,0,0,0,3885,20,0,0,0,0,0,0,0,0
327,2017-04-17,09:02:45,916,jd1709,XDCE,3883,3869,3919,14932,581110660,173978,175246,4063,3677,3870,3867,0,3879,0,0,0,2017-04-17,32565916,3883,6,0,0,0,0,0,0,0,0,3885,21,0,0,0,0,0,0,0,0
328,2017-04-17,09:02:46,427,jd1709,XDCE,3883,3869,3919,14932,581110660,173978,175246,4063,3677,3870,3867,0,3879,0,0,0,2017-04-17,32566427,3883,1,0,0,0,0,0,0,0,0,3885,21,0,0,0,0,0,0,0,0
329,2017-04-17,09:02:46,839,jd1709,XDCE,3884,3869,3919,14944,581576840,173970,175246,4063,3677,3870,3867,0,3879,0,0,0,2017-04-17,32566839,3883,1,0,0,0,0,0,0,0,0,3885,18,0,0,0,0,0,0,0,0
330,2017-04-17,09:02:47,363,jd1709,XDCE,3884,3869,3919,14944,581576840,173970,175246,4063,3677,3870,3867,0,3879,0,0,0,2017-04-17,32567363,3883,7,0,0,0,0,0,0,0,0,3885,19,0,0,0,0,0,0,0,0
331,2017-04-17,09:02:47,926,jd1709,XDCE,3883,3869,3919,14950,581809900,173970,175246,4063,3677,3870,3867,0,3879,0,0,0,2017-04-17,32567926,3883,6,0,0,0,0,0,0,0,0,3885,16,0,0,0,0,0,0,0,0
332,2017-04-17,09:02:48,428,jd1709,XDCE,3883,3869,3919,14950,581809900,173970,175246,4063,3677,3870,3867,0,3879,0,0,0,2017-04-17,32568428,3883,7,0,0,0,0,0,0,0,0,3885,16,0,0,0,0,0,0,0,0
333,2017-04-17,09:02:48,882,jd1709,XDCE,3883,3869,3919,14966,582431420,173972,175246,4063,3677,3870,3867,0,3879,0,0,0,2017-04-17,32568882,3883,12,0,0,0,0,0,0,0,0,3885,13,0,0,0,0,0,0,0,0
334,2017-04-17,09:02:49,401,jd1709,XDCE,3883,3869,3919,14986,583208020,173986,175246,4063,3677,3870,3867,0,3879,0,0,0,2017-04-17,32569401,3883,2,0,0,0,0,0,0,0,0,3885,14,0,0,0,0,0,0,0,0
335,2017-04-17,09:02:49,834,jd1709,XDCE,3883,3869,3919,15022,584605980,174002,175246,4063,3677,3870,3867,0,3879,0,0,0,2017-04-17,32569834,3882,25,0,0,0,0,0,0,0,0,3883,2,0,0,0,0,0,0,0,0
336,2017-04-17,09:02:50,290,jd1709,XDCE,3884,3869,3919,15036,585149700,174000,175246,4063,3677,3870,3867,0,3879,0,0,0,2017-04-17,32570290,3884,5,0,0,0,0,0,0,0,0,3885,13,0,0,0,0,0,0,0,0
337,2017-04-17,09:02:50,848,jd1709,XDCE,3885,3869,3919,15042,585382780,174000,175246,4063,3677,3870,3867,0,3879,0,0,0,2017-04-17,32570848,3884,4,0,0,0,0,0,0,0,0,3885,12,0,0,0,0,0,0,0,0
338,2017-04-17,09:02:51,357,jd1709,XDCE,3886,3869,3919,15082,586936860,174022,175246,4063,3677,3870,3867,0,3879,0,0,0,2017-04-17,32571357,3884,5,0,0,0,0,0,0,0,0,3885,12,0,0,0,0,0,0,0,0
339,2017-04-17,09:02:51,587,jd1709,XDCE,3885,3869,3919,15084,587014560,174020,175246,4063,3677,3870,3867,0,3879,0,0,0,2017-04-17,32571587,3884,2,0,0,0,0,0,0,0,0,3885,11,0,0,0,0,0,0,0,0
340,2017-04-17,09:02:52,394,jd1709,XDCE,3884,3869,3919,15092,587325320,174016,175246,4063,3677,3870,3867,0,3879,0,0,0,2017-04-17,32572394,3883,6,0,0,0,0,0,0,0,0,3884,9,0,0,0,0,0,0,0,0
341,2017-04-17,09:02:52,928,jd1709,XDCE,3884,3869,3919,15110,588024440,174020,175246,4063,3677,3870,3867,0,3879,0,0,0,2017-04-17,32572928,3884,6,0,0,0,0,0,0,0,0,3885,9,0,0,0,0,0,0,0,0
342,2017-04-17,09:02:53,426,jd1709,XDCE,3884,3869,3919,15150,589578260,174022,175246,4063,3677,3870,3867,0,3879,0,0,0,2017-04-17,32573426,3884,2,0,0,0,0,0,0,0,0,3886,18,0,0,0,0,0,0,0,0
343,2017-04-17,09:02:53,743,jd1709,XDCE,3884,3869,3919,15150,589578260,174022,175246,4063,3677,3870,3867,0,3879,0,0,0,2017-04-17,32573743,3885,3,0,0,0,0,0,0,0,0,3886,18,0,0,0,0,0,0,0,0
344,2017-04-17,09:02:54,408,jd1709,XDCE,3884,3869,3919,15190,591132520,174048,175246,4063,3677,3870,3867,0,3879,0,0,0,2017-04-17,32574408,3883,17,0,0,0,0,0,0,0,0,3886,55,0,0,0,0,0,0,0,0
345,2017-04-17,09:02:54,891,jd1709,XDCE,3884,3869,3919,15190,591132520,174048,175246,4063,3677,3870,3867,0,3879,0,0,0,2017-04-17,32574891,3883,12,0,0,0,0,0,0,0,0,3886,55,0,0,0,0,0,0,0,0
346,2017-04-17,09:02:55,323,jd1709,XDCE,3884,3869,3919,15190,591132520,174048,175246,4063,3677,3870,3867,0,3879,0,0,0,2017-04-17,32575323,3883,12,0,0,0,0,0,0,0,0,3885,9,0,0,0,0,0,0,0,0
347,2017-04-17,09:02:55,675,jd1709,XDCE,3884,3869,3919,15190,591132520,174048,175246,4063,3677,3870,3867,0,3879,0,0,0,2017-04-17,32575675,3883,14,0,0,0,0,0,0,0,0,3885,9,0,0,0,0,0,0,0,0
348,2017-04-17,09:02:56,415,jd1709,XDCE,3882,3869,3919,15254,593617920,174036,175246,4063,3677,3870,3867,0,3879,0,0,0,2017-04-17,32576415,3883,3,0,0,0,0,0,0,0,0,3885,3,0,0,0,0,0,0,0,0
349,2017-04-17,09:02:56,890,jd1709,XDCE,3882,3869,3919,15268,594161400,174032,175246,4063,3677,3870,3867,0,3879,0,0,0,2017-04-17,32576890,3882,12,0,0,0,0,0,0,0,0,3885,3,0,0,0,0,0,0,0,0
350,2017-04-17,09:02:57,421,jd1709,XDCE,3884,3869,3919,15272,594316760,174034,175246,4063,3677,3870,3867,0,3879,0,0,0,2017-04-17,32577421,3883,19,0,0,0,0,0,0,0,0,3885,4,0,0,0,0,0,0,0,0
351,2017-04-17,09:02:57,819,jd1709,XDCE,3885,3869,3919,15278,594549860,174034,175246,4063,3677,3870,3867,0,3879,0,0,0,2017-04-17,32577819,3884,1,0,0,0,0,0,0,0,0,3885,3,0,0,0,0,0,0,0,0
352,2017-04-17,09:02:58,426,jd1709,XDCE,3885,3869,3919,15278,594549860,174034,175246,4063,3677,3870,3867,0,3879,0,0,0,2017-04-17,32578426,3884,1,0,0,0,0,0,0,0,0,3885,14,0,0,0,0,0,0,0,0
353,2017-04-17,09:02:58,906,jd1709,XDCE,3885,3869,3919,15288,594938360,174036,175246,4063,3677,3870,3867,0,3879,0,0,0,2017-04-17,32578906,3884,1,0,0,0,0,0,0,0,0,3885,10,0,0,0,0,0,0,0,0
354,2017-04-17,09:02:59,395,jd1709,XDCE,3885,3869,3919,15312,595870560,174018,175246,4063,3677,3870,3867,0,3879,0,0,0,2017-04-17,32579395,3884,1,0,0,0,0,0,0,0,0,3885,8,0,0,0,0,0,0,0,0
355,2017-04-17,09:02:59,903,jd1709,XDCE,3884,3869,3919,15314,595948240,174018,175246,4063,3677,3870,3867,0,3879,0,0,0,2017-04-17,32579903,3883,32,0,0,0,0,0,0,0,0,3885,48,0,0,0,0,0,0,0,0
356,2017-04-17,09:03:00,105,jd1709,XDCE,3883,3869,3919,15316,596025900,174018,175246,4063,3677,3870,3867,0,3879,0,0,0,2017-04-17,32580105,3883,31,0,0,0,0,0,0,0,0,3885,48,0,0,0,0,0,0,0,0
357,2017-04-17,09:03:00,922,jd1709,XDCE,3883,3869,3919,15342,597035780,174008,175246,4063,3677,3870,3867,0,3879,0,0,0,2017-04-17,32580922,3883,34,0,0,0,0,0,0,0,0,3885,44,0,0,0,0,0,0,0,0
358,2017-04-17,09:03:01,382,jd1709,XDCE,3883,3869,3919,15442,600920560,174046,175246,4063,3677,3870,3867,0,3879,0,0,0,2017-04-17,32581382,3885,1,0,0,0,0,0,0,0,0,3886,54,0,0,0,0,0,0,0,0
359,2017-04-17,09:03:01,844,jd1709,XDCE,3884,3869,3919,15444,600998240,174046,175246,4063,3677,3870,3867,0,3879,0,0,0,2017-04-17,32581844,3883,37,0,0,0,0,0,0,0,0,3885,7,0,0,0,0,0,0,0,0
360,2017-04-17,09:03:02,407,jd1709,XDCE,3885,3869,3919,15478,602318740,174068,175246,4063,3677,3870,3867,0,3879,0,0,0,2017-04-17,32582407,3883,21,0,0,0,0,0,0,0,0,3886,62,0,0,0,0,0,0,0,0
361,2017-04-17,09:03:02,891,jd1709,XDCE,3886,3869,3919,15480,602396460,174068,175246,4063,3677,3870,3867,0,3879,0,0,0,2017-04-17,32582891,3883,24,0,0,0,0,0,0,0,0,3886,61,0,0,0,0,0,0,0,0
362,2017-04-17,09:03:03,391,jd1709,XDCE,3886,3869,3919,15482,602474180,174068,175246,4063,3677,3870,3867,0,3879,0,0,0,2017-04-17,32583391,3883,21,0,0,0,0,0,0,0,0,3885,3,0,0,0,0,0,0,0,0
363,2017-04-17,09:03:03,901,jd1709,XDCE,3883,3869,3919,15522,604027480,174054,175246,4063,3677,3870,3867,0,3879,0,0,0,2017-04-17,32583901,3883,8,0,0,0,0,0,0,0,0,3885,3,0,0,0,0,0,0,0,0
364,2017-04-17,09:03:04,426,jd1709,XDCE,3885,3869,3919,15528,604260580,174056,175246,4063,3677,3870,3867,0,3879,0,0,0,2017-04-17,32584426,3883,5,0,0,0,0,0,0,0,0,3886,61,0,0,0,0,0,0,0,0
365,2017-04-17,09:03:04,790,jd1709,XDCE,3885,3869,3919,15536,604571380,174058,175246,4063,3677,3870,3867,0,3879,0,0,0,2017-04-17,32584790,3883,14,0,0,0,0,0,0,0,0,3885,12,0,0,0,0,0,0,0,0
366,2017-04-17,09:03:05,124,jd1709,XDCE,3885,3869,3919,15538,604649080,174060,175246,4063,3677,3870,3867,0,3879,0,0,0,2017-04-17,32585124,3883,13,0,0,0,0,0,0,0,0,3885,11,0,0,0,0,0,0,0,0
367,2017-04-17,09:03:05,874,jd1709,XDCE,3885,3869,3919,15560,605503780,174074,175246,4063,3677,3870,3867,0,3879,0,0,0,2017-04-17,32585874,3885,91,0,0,0,0,0,0,0,0,3886,61,0,0,0,0,0,0,0,0
368,2017-04-17,09:03:06,405,jd1709,XDCE,3885,3869,3919,15606,607291220,174108,175246,4063,3677,3870,3867,0,3879,0,0,0,2017-04-17,32586405,3885,85,0,0,0,0,0,0,0,0,3886,44,0,0,0,0,0,0,0,0
369,2017-04-17,09:03:06,793,jd1709,XDCE,3885,3869,3919,15610,607446620,174112,175246,4063,3677,3870,3867,0,3879,0,0,0,2017-04-17,32586793,3885,93,0,0,0,0,0,0,0,0,3886,44,0,0,0,0,0,0,0,0
370,2017-04-17,09:03:07,413,jd1709,XDCE,3886,3869,3919,15640,608612420,174132,175246,4063,3677,3870,3867,0,3879,0,0,0,2017-04-17,32587413,3885,99,0,0,0,0,0,0,0,0,3886,29,0,0,0,0,0,0,0,0
371,2017-04-17,09:03:07,885,jd1709,XDCE,3885,3869,3919,15644,608767840,174134,175246,4063,3677,3870,3867,0,3879,0,0,0,2017-04-17,32587885,3885,100,0,0,0,0,0,0,0,0,3886,28,0,0,0,0,0,0,0,0
372,2017-04-17,09:03:08,365,jd1709,XDCE,3885,3869,3919,15644,608767840,174134,175246,4063,3677,3870,3867,0,3879,0,0,0,2017-04-17,32588365,3885,101,0,0,0,0,0,0,0,0,3886,30,0,0,0,0,0,0,0,0
373,2017-04-17,09:03:08,855,jd1709,XDCE,3886,3869,3919,15664,609544980,174138,175246,4063,3677,3870,3867,0,3879,0,0,0,2017-04-17,32588855,3885,99,0,0,0,0,0,0,0,0,3886,23,0,0,0,0,0,0,0,0
374,2017-04-17,09:03:09,317,jd1709,XDCE,3886,3869,3919,15672,609855860,174146,175246,4063,3677,3870,3867,0,3879,0,0,0,2017-04-17,32589317,3885,99,0,0,0,0,0,0,0,0,3886,19,0,0,0,0,0,0,0,0
375,2017-04-17,09:03:09,867,jd1709,XDCE,3885,3869,3919,15680,610166720,174148,175246,4063,3677,3870,3867,0,3879,0,0,0,2017-04-17,32589867,3885,98,0,0,0,0,0,0,0,0,3886,16,0,0,0,0,0,0,0,0
376,2017-04-17,09:03:10,406,jd1709,XDCE,3886,3869,3919,15688,610477560,174154,175246,4063,3677,3870,3867,0,3879,0,0,0,2017-04-17,32590406,3885,96,0,0,0,0,0,0,0,0,3886,14,0,0,0,0,0,0,0,0
377,2017-04-17,09:03:10,901,jd1709,XDCE,3886,3869,3919,15692,610633000,174158,175246,4063,3677,3870,3867,0,3879,0,0,0,2017-04-17,32590901,3885,97,0,0,0,0,0,0,0,0,3886,14,0,0,0,0,0,0,0,0
378,2017-04-17,09:03:11,367,jd1709,XDCE,3886,3869,3919,15694,610710720,174160,175246,4063,3677,3870,3867,0,3879,0,0,0,2017-04-17,32591367,3885,97,0,0,0,0,0,0,0,0,3886,14,0,0,0,0,0,0,0,0
379,2017-04-17,09:03:11,859,jd1709,XDCE,3885,3869,3919,15716,611565420,174180,175246,4063,3677,3870,3867,0,3879,0,0,0,2017-04-17,32591859,3885,81,0,0,0,0,0,0,0,0,3886,27,0,0,0,0,0,0,0,0
380,2017-04-17,09:03:12,926,jd1709,XDCE,3885,3869,3919,15716,611565420,174180,175246,4063,3677,3870,3867,0,3879,0,0,0,2017-04-17,32592926,3885,81,0,0,0,0,0,0,0,0,3886,28,0,0,0,0,0,0,0,0
381,2017-04-17,09:03:13,374,jd1709,XDCE,3886,3869,3919,15718,611643140,174180,175246,4063,3677,3870,3867,0,3879,0,0,0,2017-04-17,32593374,3885,81,0,0,0,0,0,0,0,0,3886,27,0,0,0,0,0,0,0,0
382,2017-04-17,09:03:13,918,jd1709,XDCE,3886,3869,3919,15718,611643140,174180,175246,4063,3677,3870,3867,0,3879,0,0,0,2017-04-17,32593918,3885,83,0,0,0,0,0,0,0,0,3886,27,0,0,0,0,0,0,0,0
383,2017-04-17,09:03:14,359,jd1709,XDCE,3885,3869,3919,15728,612031640,174190,175246,4063,3677,3870,3867,0,3879,0,0,0,2017-04-17,32594359,3885,78,0,0,0,0,0,0,0,0,3886,27,0,0,0,0,0,0,0,0
384,2017-04-17,09:03:14,823,jd1709,XDCE,3886,3869,3919,15750,612886560,174170,175246,4063,3677,3870,3867,0,3879,0,0,0,2017-04-17,32594823,3885,80,0,0,0,0,0,0,0,0,3886,16,0,0,0,0,0,0,0,0
385,2017-04-17,09:03:15,344,jd1709,XDCE,3886,3869,3919,15752,612964280,174172,175246,4063,3677,3870,3867,0,3879,0,0,0,2017-04-17,32595344,3885,86,0,0,0,0,0,0,0,0,3886,18,0,0,0,0,0,0,0,0
386,2017-04-17,09:03:15,819,jd1709,XDCE,3886,3869,3919,15756,613119720,174174,175246,4063,3677,3870,3867,0,3879,0,0,0,2017-04-17,32595819,3885,94,0,0,0,0,0,0,0,0,3886,16,0,0,0,0,0,0,0,0
387,2017-04-17,09:03:16,401,jd1709,XDCE,3886,3869,3919,15784,614207800,174194,175246,4063,3677,3870,3867,0,3879,0,0,0,2017-04-17,32596401,3885,95,0,0,0,0,0,0,0,0,3886,2,0,0,0,0,0,0,0,0
388,2017-04-17,09:03:16,790,jd1709,XDCE,3886,3869,3919,15792,614518680,174196,175246,4063,3677,3870,3867,0,3879,0,0,0,2017-04-17,32596790,3885,99,0,0,0,0,0,0,0,0,3887,71,0,0,0,0,0,0,0,0
389,2017-04-17,09:03:17,324,jd1709,XDCE,3886,3869,3919,15792,614518680,174196,175246,4063,3677,3870,3867,0,3879,0,0,0,2017-04-17,32597324,3886,2,0,0,0,0,0,0,0,0,3887,70,0,0,0,0,0,0,0,0
390,2017-04-17,09:03:17,916,jd1709,XDCE,3886,3869,3919,15798,614751860,174198,175246,4063,3677,3870,3867,0,3879,0,0,0,2017-04-17,32597916,3886,13,0,0,0,0,0,0,0,0,3887,69,0,0,0,0,0,0,0,0
391,2017-04-17,09:03:18,362,jd1709,XDCE,3886,3869,3919,15804,614985020,174198,175246,4063,3677,3870,3867,0,3879,0,0,0,2017-04-17,32598362,3886,10,0,0,0,0,0,0,0,0,3887,69,0,0,0,0,0,0,0,0
392,2017-04-17,09:03:18,836,jd1709,XDCE,3886,3869,3919,15804,614985020,174198,175246,4063,3677,3870,3867,0,3879,0,0,0,2017-04-17,32598836,3886,20,0,0,0,0,0,0,0,0,3887,69,0,0,0,0,0,0,0,0
393,2017-04-17,09:03:19,363,jd1709,XDCE,3887,3869,3919,15810,615218240,174202,175246,4063,3677,3870,3867,0,3879,0,0,0,2017-04-17,32599363,3886,20,0,0,0,0,0,0,0,0,3887,66,0,0,0,0,0,0,0,0
394,2017-04-17,09:03:19,877,jd1709,XDCE,3886,3869,3919,15814,615373680,174206,175246,4063,3677,3870,3867,0,3879,0,0,0,2017-04-17,32599877,3886,19,0,0,0,0,0,0,0,0,3887,66,0,0,0,0,0,0,0,0
395,2017-04-17,09:03:20,359,jd1709,XDCE,3887,3869,3919,15900,618716500,174278,175246,4063,3677,3870,3867,0,3879,0,0,0,2017-04-17,32600359,3886,19,0,0,0,0,0,0,0,0,3887,23,0,0,0,0,0,0,0,0
396,2017-04-17,09:03:20,872,jd1709,XDCE,3886,3869,3919,15958,620970560,174288,175246,4063,3677,3870,3867,0,3879,0,0,0,2017-04-17,32600872,3886,7,0,0,0,0,0,0,0,0,3887,16,0,0,0,0,0,0,0,0
397,2017-04-17,09:03:21,407,jd1709,XDCE,3886,3869,3919,15982,621903420,174312,175246,4063,3677,3870,3867,0,3879,0,0,0,2017-04-17,32601407,3886,16,0,0,0,0,0,0,0,0,3887,10,0,0,0,0,0,0,0,0
398,2017-04-17,09:03:21,826,jd1709,XDCE,3886,3869,3919,15992,622292100,174322,175246,4063,3677,3870,3867,0,3879,0,0,0,2017-04-17,32601826,3886,15,0,0,0,0,0,0,0,0,3887,6,0,0,0,0,0,0,0,0
399,2017-04-17,09:03:22,291,jd1709,XDCE,3887,3869,3919,16004,622758540,174334,175246,4063,3677,3870,3867,0,3879,0,0,0,2017-04-17,32602291,3887,4,0,0,0,0,0,0,0,0,3888,33,0,0,0,0,0,0,0,0
400,2017-04-17,09:03:22,919,jd1709,XDCE,3887,3869,3919,16004,622758540,174334,175246,4063,3677,3870,3867,0,3879,0,0,0,2017-04-17,32602919,3887,10,0,0,0,0,0,0,0,0,3888,33,0,0,0,0,0,0,0,0
401,2017-04-17,09:03:23,341,jd1709,XDCE,3887,3869,3919,16010,622991760,174340,175246,4063,3677,3870,3867,0,3879,0,0,0,2017-04-17,32603341,3887,8,0,0,0,0,0,0,0,0,3888,33,0,0,0,0,0,0,0,0
402,2017-04-17,09:03:23,814,jd1709,XDCE,3887,3869,3919,16020,623380480,174340,175246,4063,3677,3870,3867,0,3879,0,0,0,2017-04-17,32603814,3887,4,0,0,0,0,0,0,0,0,3888,32,0,0,0,0,0,0,0,0
403,2017-04-17,09:03:24,323,jd1709,XDCE,3887,3869,3919,16020,623380480,174340,175246,4063,3677,3870,3867,0,3879,0,0,0,2017-04-17,32604323,3887,4,0,0,0,0,0,0,0,0,3888,34,0,0,0,0,0,0,0,0
404,2017-04-17,09:03:24,800,jd1709,XDCE,3888,3869,3919,16024,623536000,174340,175246,4063,3677,3870,3867,0,3879,0,0,0,2017-04-17,32604800,3887,43,0,0,0,0,0,0,0,0,3888,30,0,0,0,0,0,0,0,0
405,2017-04-17,09:03:25,416,jd1709,XDCE,3888,3869,3919,16024,623536000,174340,175246,4063,3677,3870,3867,0,3879,0,0,0,2017-04-17,32605416,3887,44,0,0,0,0,0,0,0,0,3888,30,0,0,0,0,0,0,0,0
406,2017-04-17,09:03:25,744,jd1709,XDCE,3887,3869,3919,16046,624391140,174348,175246,4063,3677,3870,3867,0,3879,0,0,0,2017-04-17,32605744,3887,33,0,0,0,0,0,0,0,0,3888,30,0,0,0,0,0,0,0,0
407,2017-04-17,09:03:26,400,jd1709,XDCE,3887,3869,3919,16160,628822140,174360,175246,4063,3677,3870,3867,0,3879,0,0,0,2017-04-17,32606400,3886,12,0,0,0,0,0,0,0,0,3887,5,0,0,0,0,0,0,0,0
408,2017-04-17,09:03:26,911,jd1709,XDCE,3887,3869,3919,16164,628977620,174358,175246,4063,3677,3870,3867,0,3879,0,0,0,2017-04-17,32606911,3886,12,0,0,0,0,0,0,0,0,3887,9,0,0,0,0,0,0,0,0
409,2017-04-17,09:03:27,405,jd1709,XDCE,3887,3869,3919,16166,629055360,174358,175246,4063,3677,3870,3867,0,3879,0,0,0,2017-04-17,32607405,3886,12,0,0,0,0,0,0,0,0,3887,10,0,0,0,0,0,0,0,0
410,2017-04-17,09:03:27,854,jd1709,XDCE,3887,3869,3919,16190,629988240,174350,175246,4063,3677,3870,3867,0,3879,0,0,0,2017-04-17,32607854,3887,56,0,0,0,0,0,0,0,0,3888,30,0,0,0,0,0,0,0,0
411,2017-04-17,09:03:28,402,jd1709,XDCE,3887,3869,3919,16190,629988240,174350,175246,4063,3677,3870,3867,0,3879,0,0,0,2017-04-17,32608402,3887,64,0,0,0,0,0,0,0,0,3888,26,0,0,0,0,0,0,0,0
412,2017-04-17,09:03:28,633,jd1709,XDCE,3887,3869,3919,16212,630843580,174350,175246,4063,3677,3870,3867,0,3879,0,0,0,2017-04-17,32608633,3887,64,0,0,0,0,0,0,0,0,3888,24,0,0,0,0,0,0,0,0
413,2017-04-17,09:03:29,345,jd1709,XDCE,3888,3869,3919,16216,630999100,174350,175246,4063,3677,3870,3867,0,3879,0,0,0,2017-04-17,32609345,3887,78,0,0,0,0,0,0,0,0,3888,22,0,0,0,0,0,0,0,0
414,2017-04-17,09:03:30,386,jd1709,XDCE,3887,3869,3919,16218,631076840,174352,175246,4063,3677,3870,3867,0,3879,0,0,0,2017-04-17,32610386,3887,77,0,0,0,0,0,0,0,0,3888,22,0,0,0,0,0,0,0,0
415,2017-04-17,09:03:30,895,jd1709,XDCE,3887,3869,3919,16242,632009720,174352,175246,4063,3677,3870,3867,0,3879,0,0,0,2017-04-17,32610895,3887,65,0,0,0,0,0,0,0,0,3888,22,0,0,0,0,0,0,0,0
416,2017-04-17,09:03:31,152,jd1709,XDCE,3888,3869,3919,16246,632165240,174350,175246,4063,3677,3870,3867,0,3879,0,0,0,2017-04-17,32611152,3887,65,0,0,0,0,0,0,0,0,3888,20,0,0,0,0,0,0,0,0
417,2017-04-17,09:03:31,859,jd1709,XDCE,3888,3869,3919,16286,633720440,174390,175246,4063,3677,3870,3867,0,3879,0,0,0,2017-04-17,32611859,3888,10,0,0,0,0,0,0,0,0,3889,11,0,0,0,0,0,0,0,0
418,2017-04-17,09:03:32,362,jd1709,XDCE,3888,3869,3919,16286,633720440,174390,175246,4063,3677,3870,3867,0,3879,0,0,0,2017-04-17,32612362,3888,13,0,0,0,0,0,0,0,0,3889,11,0,0,0,0,0,0,0,0
419,2017-04-17,09:03:32,901,jd1709,XDCE,3888,3869,3919,16288,633798200,174392,175246,4063,3677,3870,3867,0,3879,0,0,0,2017-04-17,32612901,3888,22,0,0,0,0,0,0,0,0,3889,10,0,0,0,0,0,0,0,0
420,2017-04-17,09:03:33,290,jd1709,XDCE,3888,3869,3919,16288,633798200,174392,175246,4063,3677,3870,3867,0,3879,0,0,0,2017-04-17,32613290,3888,27,0,0,0,0,0,0,0,0,3889,10,0,0,0,0,0,0,0,0
421,2017-04-17,09:03:33,926,jd1709,XDCE,3889,3869,3919,16292,633953760,174388,175246,4063,3677,3870,3867,0,3879,0,0,0,2017-04-17,32613926,3888,35,0,0,0,0,0,0,0,0,3889,7,0,0,0,0,0,0,0,0
422,2017-04-17,09:03:34,184,jd1709,XDCE,3889,3869,3919,16292,633953760,174388,175246,4063,3677,3870,3867,0,3879,0,0,0,2017-04-17,32614184,3888,35,0,0,0,0,0,0,0,0,3889,17,0,0,0,0,0,0,0,0
423,2017-04-17,09:03:34,895,jd1709,XDCE,3889,3869,3919,16296,634109320,174390,175246,4063,3677,3870,3867,0,3879,0,0,0,2017-04-17,32614895,3888,35,0,0,0,0,0,0,0,0,3889,15,0,0,0,0,0,0,0,0
424,2017-04-17,09:03:35,354,jd1709,XDCE,3888,3869,3919,16298,634187080,174390,175246,4063,3677,3870,3867,0,3879,0,0,0,2017-04-17,32615354,3888,34,0,0,0,0,0,0,0,0,3889,15,0,0,0,0,0,0,0,0
425,2017-04-17,09:03:35,747,jd1709,XDCE,3888,3869,3919,16300,634264840,174392,175246,4063,3677,3870,3867,0,3879,0,0,0,2017-04-17,32615747,3888,34,0,0,0,0,0,0,0,0,3889,15,0,0,0,0,0,0,0,0
426,2017-04-17,09:03:36,914,jd1709,XDCE,3888,3869,3919,16300,634264840,174392,175246,4063,3677,3870,3867,0,3879,0,0,0,2017-04-17,32616914,3888,35,0,0,0,0,0,0,0,0,3889,15,0,0,0,0,0,0,0,0
427,2017-04-17,09:03:37,418,jd1709,XDCE,3889,3869,3919,16312,634731440,174394,175246,4063,3677,3870,3867,0,3879,0,0,0,2017-04-17,32617418,3888,31,0,0,0,0,0,0,0,0,3889,13,0,0,0,0,0,0,0,0
428,2017-04-17,09:03:37,865,jd1709,XDCE,3889,3869,3919,16316,634887000,174392,175246,4063,3677,3870,3867,0,3879,0,0,0,2017-04-17,32617865,3888,31,0,0,0,0,0,0,0,0,3889,13,0,0,0,0,0,0,0,0
429,2017-04-17,09:03:38,302,jd1709,XDCE,3888,3869,3919,16326,635275820,174394,175246,4063,3677,3870,3867,0,3879,0,0,0,2017-04-17,32618302,3888,27,0,0,0,0,0,0,0,0,3889,11,0,0,0,0,0,0,0,0
430,2017-04-17,09:03:38,683,jd1709,XDCE,3888,3869,3919,16326,635275820,174394,175246,4063,3677,3870,3867,0,3879,0,0,0,2017-04-17,32618683,3888,29,0,0,0,0,0,0,0,0,3889,16,0,0,0,0,0,0,0,0
431,2017-04-17,09:03:39,403,jd1709,XDCE,3888,3869,3919,16328,635353580,174394,175246,4063,3677,3870,3867,0,3879,0,0,0,2017-04-17,32619403,3888,28,0,0,0,0,0,0,0,0,3889,16,0,0,0,0,0,0,0,0
432,2017-04-17,09:03:39,777,jd1709,XDCE,3888,3869,3919,16332,635509120,174396,175246,4063,3677,3870,3867,0,3879,0,0,0,2017-04-17,32619777,3888,27,0,0,0,0,0,0,0,0,3889,24,0,0,0,0,0,0,0,0
433,2017-04-17,09:03:40,313,jd1709,XDCE,3888,3869,3919,16334,635586880,174398,175246,4063,3677,3870,3867,0,3879,0,0,0,2017-04-17,32620313,3888,31,0,0,0,0,0,0,0,0,3889,24,0,0,0,0,0,0,0,0
434,2017-04-17,09:03:40,872,jd1709,XDCE,3888,3869,3919,16338,635742420,174402,175246,4063,3677,3870,3867,0,3879,0,0,0,2017-04-17,32620872,3888,31,0,0,0,0,0,0,0,0,3889,23,0,0,0,0,0,0,0,0
435,2017-04-17,09:03:41,290,jd1709,XDCE,3888,3869,3919,16360,636597980,174420,175246,4063,3677,3870,3867,0,3879,0,0,0,2017-04-17,32621290,3888,30,0,0,0,0,0,0,0,0,3889,10,0,0,0,0,0,0,0,0
436,2017-04-17,09:03:41,929,jd1709,XDCE,3888,3869,3919,16374,637142300,174420,175246,4063,3677,3870,3867,0,3879,0,0,0,2017-04-17,32621929,3888,23,0,0,0,0,0,0,0,0,3889,11,0,0,0,0,0,0,0,0
437,2017-04-17,09:03:42,408,jd1709,XDCE,3889,3869,3919,16396,637997880,174416,175246,4063,3677,3870,3867,0,3879,0,0,0,2017-04-17,32622408,3889,39,0,0,0,0,0,0,0,0,3890,111,0,0,0,0,0,0,0,0
438,2017-04-17,09:03:42,865,jd1709,XDCE,3889,3869,3919,16398,638075660,174414,175246,4063,3677,3870,3867,0,3879,0,0,0,2017-04-17,32622865,3889,38,0,0,0,0,0,0,0,0,3890,111,0,0,0,0,0,0,0,0
439,2017-04-17,09:03:43,327,jd1709,XDCE,3890,3869,3919,16400,638153460,174412,175246,4063,3677,3870,3867,0,3879,0,0,0,2017-04-17,32623327,3889,43,0,0,0,0,0,0,0,0,3890,112,0,0,0,0,0,0,0,0
440,2017-04-17,09:03:43,900,jd1709,XDCE,3889,3869,3919,16404,638309020,174412,175246,4063,3677,3870,3867,0,3879,0,0,0,2017-04-17,32623900,3889,41,0,0,0,0,0,0,0,0,3890,112,0,0,0,0,0,0,0,0
441,2017-04-17,09:03:44,349,jd1709,XDCE,3890,3869,3919,16408,638464620,174408,175246,4063,3677,3870,3867,0,3879,0,0,0,2017-04-17,32624349,3889,41,0,0,0,0,0,0,0,0,3890,110,0,0,0,0,0,0,0,0
442,2017-04-17,09:03:44,785,jd1709,XDCE,3889,3869,3919,16410,638542400,174406,175246,4063,3677,3870,3867,0,3879,0,0,0,2017-04-17,32624785,3889,40,0,0,0,0,0,0,0,0,3890,110,0,0,0,0,0,0,0,0
443,2017-04-17,09:03:45,353,jd1709,XDCE,3889,3869,3919,16410,638542400,174406,175246,4063,3677,3870,3867,0,3879,0,0,0,2017-04-17,32625353,3889,40,0,0,0,0,0,0,0,0,3890,118,0,0,0,0,0,0,0,0
444,2017-04-17,09:03:45,867,jd1709,XDCE,3888,3869,3919,16586,645386080,174326,175246,4063,3677,3870,3867,0,3879,0,0,0,2017-04-17,32625867,3887,20,0,0,0,0,0,0,0,0,3888,1,0,0,0,0,0,0,0,0
445,2017-04-17,09:03:46,314,jd1709,XDCE,3887,3869,3919,16624,646863140,174332,175246,4063,3677,3870,3867,0,3879,0,0,0,2017-04-17,32626314,3886,22,0,0,0,0,0,0,0,0,3887,10,0,0,0,0,0,0,0,0
446,2017-04-17,09:03:46,663,jd1709,XDCE,3887,3869,3919,16624,646863140,174332,175246,4063,3677,3870,3867,0,3879,0,0,0,2017-04-17,32626663,3886,21,0,0,0,0,0,0,0,0,3887,16,0,0,0,0,0,0,0,0
447,2017-04-17,09:03:47,396,jd1709,XDCE,3887,3869,3919,16628,647018620,174336,175246,4063,3677,3870,3867,0,3879,0,0,0,2017-04-17,32627396,3886,22,0,0,0,0,0,0,0,0,3887,11,0,0,0,0,0,0,0,0
448,2017-04-17,09:03:47,930,jd1709,XDCE,3887,3869,3919,16632,647174100,174340,175246,4063,3677,3870,3867,0,3879,0,0,0,2017-04-17,32627930,3886,22,0,0,0,0,0,0,0,0,3887,8,0,0,0,0,0,0,0,0
449,2017-04-17,09:03:48,424,jd1709,XDCE,3889,3869,3919,16672,648729220,174334,175246,4063,3677,3870,3867,0,3879,0,0,0,2017-04-17,32628424,3889,36,0,0,0,0,0,0,0,0,3890,118,0,0,0,0,0,0,0,0
450,2017-04-17,09:03:48,676,jd1709,XDCE,3889,3869,3919,16674,648807000,174334,175246,4063,3677,3870,3867,0,3879,0,0,0,2017-04-17,32628676,3889,35,0,0,0,0,0,0,0,0,3890,118,0,0,0,0,0,0,0,0
451,2017-04-17,09:03:49,189,jd1709,XDCE,3889,3869,3919,16676,648884780,174334,175246,4063,3677,3870,3867,0,3879,0,0,0,2017-04-17,32629189,3889,34,0,0,0,0,0,0,0,0,3890,118,0,0,0,0,0,0,0,0
452,2017-04-17,09:03:49,809,jd1709,XDCE,3889,3869,3919,16676,648884780,174334,175246,4063,3677,3870,3867,0,3879,0,0,0,2017-04-17,32629809,3889,34,0,0,0,0,0,0,0,0,3890,119,0,0,0,0,0,0,0,0
453,2017-04-17,09:03:50,291,jd1709,XDCE,3890,3869,3919,16682,649118180,174334,175246,4063,3677,3870,3867,0,3879,0,0,0,2017-04-17,32630291,3889,34,0,0,0,0,0,0,0,0,3890,116,0,0,0,0,0,0,0,0
454,2017-04-17,09:03:50,919,jd1709,XDCE,3889,3869,3919,16684,649195960,174334,175246,4063,3677,3870,3867,0,3879,0,0,0,2017-04-17,32630919,3889,33,0,0,0,0,0,0,0,0,3890,116,0,0,0,0,0,0,0,0
455,2017-04-17,09:03:51,396,jd1709,XDCE,3890,3869,3919,16760,652152360,174322,175246,4063,3677,3870,3867,0,3879,0,0,0,2017-04-17,32631396,3889,33,0,0,0,0,0,0,0,0,3890,74,0,0,0,0,0,0,0,0
456,2017-04-17,09:03:51,823,jd1709,XDCE,3889,3869,3919,16766,652385740,174322,175246,4063,3677,3870,3867,0,3879,0,0,0,2017-04-17,32631823,3889,32,0,0,0,0,0,0,0,0,3890,72,0,0,0,0,0,0,0,0
457,2017-04-17,09:03:52,382,jd1709,XDCE,3889,3869,3919,16792,653396920,174322,175246,4063,3677,3870,3867,0,3879,0,0,0,2017-04-17,32632382,3889,21,0,0,0,0,0,0,0,0,3890,71,0,0,0,0,0,0,0,0
458,2017-04-17,09:03:52,910,jd1709,XDCE,3889,3869,3919,16800,653708040,174328,175246,4063,3677,3870,3867,0,3879,0,0,0,2017-04-17,32632910,3889,20,0,0,0,0,0,0,0,0,3890,89,0,0,0,0,0,0,0,0
459,2017-04-17,09:03:53,324,jd1709,XDCE,3889,3869,3919,16800,653708040,174328,175246,4063,3677,3870,3867,0,3879,0,0,0,2017-04-17,32633324,3889,17,0,0,0,0,0,0,0,0,3890,89,0,0,0,0,0,0,0,0
460,2017-04-17,09:03:53,812,jd1709,XDCE,3889,3869,3919,16802,653785820,174328,175246,4063,3677,3870,3867,0,3879,0,0,0,2017-04-17,32633812,3889,16,0,0,0,0,0,0,0,0,3890,89,0,0,0,0,0,0,0,0
461,2017-04-17,09:03:54,379,jd1709,XDCE,3890,3869,3919,16806,653941420,174328,175246,4063,3677,3870,3867,0,3879,0,0,0,2017-04-17,32634379,3889,16,0,0,0,0,0,0,0,0,3890,89,0,0,0,0,0,0,0,0
462,2017-04-17,09:03:54,652,jd1709,XDCE,3890,3869,3919,16808,654019220,174326,175246,4063,3677,3870,3867,0,3879,0,0,0,2017-04-17,32634652,3889,16,0,0,0,0,0,0,0,0,3890,88,0,0,0,0,0,0,0,0
463,2017-04-17,09:03:55,428,jd1709,XDCE,3889,3869,3919,16810,654097000,174328,175246,4063,3677,3870,3867,0,3879,0,0,0,2017-04-17,32635428,3889,15,0,0,0,0,0,0,0,0,3890,89,0,0,0,0,0,0,0,0
464,2017-04-17,09:03:55,916,jd1709,XDCE,3890,3869,3919,16814,654252600,174328,175246,4063,3677,3870,3867,0,3879,0,0,0,2017-04-17,32635916,3889,15,0,0,0,0,0,0,0,0,3890,87,0,0,0,0,0,0,0,0
465,2017-04-17,09:03:56,345,jd1709,XDCE,3889,3869,3919,16816,654330380,174330,175246,4063,3677,3870,3867,0,3879,0,0,0,2017-04-17,32636345,3889,14,0,0,0,0,0,0,0,0,3890,87,0,0,0,0,0,0,0,0
466,2017-04-17,09:03:56,791,jd1709,XDCE,3890,3869,3919,16842,655341740,174336,175246,4063,3677,3870,3867,0,3879,0,0,0,2017-04-17,32636791,3889,15,0,0,0,0,0,0,0,0,3890,76,0,0,0,0,0,0,0,0
467,2017-04-17,09:03:57,430,jd1709,XDCE,3889,3869,3919,16852,655730720,174338,175246,4063,3677,3870,3867,0,3879,0,0,0,2017-04-17,32637430,3889,14,0,0,0,0,0,0,0,0,3890,73,0,0,0,0,0,0,0,0
468,2017-04-17,09:03:58,916,jd1709,XDCE,3889,3869,3919,16856,655886280,174342,175246,4063,3677,3870,3867,0,3879,0,0,0,2017-04-17,32638916,3889,9,0,0,0,0,0,0,0,0,3890,73,0,0,0,0,0,0,0,0
469,2017-04-17,09:03:59,401,jd1709,XDCE,3890,3869,3919,16878,656741900,174360,175246,4063,3677,3870,3867,0,3879,0,0,0,2017-04-17,32639401,3888,86,0,0,0,0,0,0,0,0,3890,72,0,0,0,0,0,0,0,0
470,2017-04-17,09:03:59,878,jd1709,XDCE,3890,3869,3919,16878,656741900,174360,175246,4063,3677,3870,3867,0,3879,0,0,0,2017-04-17,32639878,3888,86,0,0,0,0,0,0,0,0,3889,2,0,0,0,0,0,0,0,0
471,2017-04-17,09:04:00,417,jd1709,XDCE,3890,3869,3919,16884,656975280,174366,175246,4063,3677,3870,3867,0,3879,0,0,0,2017-04-17,32640417,3889,9,0,0,0,0,0,0,0,0,3890,71,0,0,0,0,0,0,0,0
472,2017-04-17,09:04:00,808,jd1709,XDCE,3890,3869,3919,16884,656975280,174366,175246,4063,3677,3870,3867,0,3879,0,0,0,2017-04-17,32640808,3889,15,0,0,0,0,0,0,0,0,3890,72,0,0,0,0,0,0,0,0
473,2017-04-17,09:04:01,326,jd1709,XDCE,3889,3869,3919,16896,657441960,174378,175246,4063,3677,3870,3867,0,3879,0,0,0,2017-04-17,32641326,3889,25,0,0,0,0,0,0,0,0,3890,72,0,0,0,0,0,0,0,0
474,2017-04-17,09:04:01,819,jd1709,XDCE,3889,3869,3919,16896,657441960,174378,175246,4063,3677,3870,3867,0,3879,0,0,0,2017-04-17,32641819,3889,26,0,0,0,0,0,0,0,0,3890,80,0,0,0,0,0,0,0,0
475,2017-04-17,09:04:02,412,jd1709,XDCE,3889,3869,3919,16902,657675300,174384,175246,4063,3677,3870,3867,0,3879,0,0,0,2017-04-17,32642412,3889,23,0,0,0,0,0,0,0,0,3890,80,0,0,0,0,0,0,0,0
476,2017-04-17,09:04:02,920,jd1709,XDCE,3889,3869,3919,16902,657675300,174384,175246,4063,3677,3870,3867,0,3879,0,0,0,2017-04-17,32642920,3889,24,0,0,0,0,0,0,0,0,3890,80,0,0,0,0,0,0,0,0
477,2017-04-17,09:04:03,346,jd1709,XDCE,3889,3869,3919,16906,657830860,174384,175246,4063,3677,3870,3867,0,3879,0,0,0,2017-04-17,32643346,3889,22,0,0,0,0,0,0,0,0,3890,81,0,0,0,0,0,0,0,0
478,2017-04-17,09:04:03,929,jd1709,XDCE,3890,3869,3919,16908,657908660,174384,175246,4063,3677,3870,3867,0,3879,0,0,0,2017-04-17,32643929,3889,22,0,0,0,0,0,0,0,0,3890,86,0,0,0,0,0,0,0,0
479,2017-04-17,09:04:04,415,jd1709,XDCE,3889,3869,3919,16954,659697620,174404,175246,4063,3677,3870,3867,0,3879,0,0,0,2017-04-17,32644415,3888,93,0,0,0,0,0,0,0,0,3889,28,0,0,0,0,0,0,0,0
480,2017-04-17,09:04:05,809,jd1709,XDCE,3889,3869,3919,16954,659697620,174404,175246,4063,3677,3870,3867,0,3879,0,0,0,2017-04-17,32645809,3888,93,0,0,0,0,0,0,0,0,3889,36,0,0,0,0,0,0,0,0
481,2017-04-17,09:04:06,417,jd1709,XDCE,3889,3869,3919,16954,659697620,174404,175246,4063,3677,3870,3867,0,3879,0,0,0,2017-04-17,32646417,3888,89,0,0,0,0,0,0,0,0,3889,36,0,0,0,0,0,0,0,0
482,2017-04-17,09:04:07,340,jd1709,XDCE,3888,3869,3919,16956,659775380,174404,175246,4063,3677,3870,3867,0,3879,0,0,0,2017-04-17,32647340,3888,88,0,0,0,0,0,0,0,0,3889,37,0,0,0,0,0,0,0,0
483,2017-04-17,09:04:07,899,jd1709,XDCE,3889,3869,3919,16966,660164240,174400,175246,4063,3677,3870,3867,0,3879,0,0,0,2017-04-17,32647899,3888,86,0,0,0,0,0,0,0,0,3889,35,0,0,0,0,0,0,0,0
484,2017-04-17,09:04:08,277,jd1709,XDCE,3889,3869,3919,16966,660164240,174400,175246,4063,3677,3870,3867,0,3879,0,0,0,2017-04-17,32648277,3888,91,0,0,0,0,0,0,0,0,3889,35,0,0,0,0,0,0,0,0
485,2017-04-17,09:04:09,409,jd1709,XDCE,3889,3869,3919,16982,660786460,174414,175246,4063,3677,3870,3867,0,3879,0,0,0,2017-04-17,32649409,3888,93,0,0,0,0,0,0,0,0,3889,28,0,0,0,0,0,0,0,0
486,2017-04-17,09:04:09,812,jd1709,XDCE,3888,3869,3919,16984,660864220,174412,175246,4063,3677,3870,3867,0,3879,0,0,0,2017-04-17,32649812,3888,92,0,0,0,0,0,0,0,0,3889,33,0,0,0,0,0,0,0,0
487,2017-04-17,09:04:10,367,jd1709,XDCE,3888,3869,3919,16988,661019760,174412,175246,4063,3677,3870,3867,0,3879,0,0,0,2017-04-17,32650367,3888,91,0,0,0,0,0,0,0,0,3889,32,0,0,0,0,0,0,0,0
488,2017-04-17,09:04:11,400,jd1709,XDCE,3888,3869,3919,16988,661019760,174412,175246,4063,3677,3870,3867,0,3879,0,0,0,2017-04-17,32651400,3888,91,0,0,0,0,0,0,0,0,3889,33,0,0,0,0,0,0,0,0
489,2017-04-17,09:04:12,397,jd1709,XDCE,3888,3869,3919,16988,661019760,174412,175246,4063,3677,3870,3867,0,3879,0,0,0,2017-04-17,32652397,3888,91,0,0,0,0,0,0,0,0,3889,34,0,0,0,0,0,0,0,0
490,2017-04-17,09:04:12,724,jd1709,XDCE,3889,3869,3919,16992,661175320,174416,175246,4063,3677,3870,3867,0,3879,0,0,0,2017-04-17,32652724,3888,91,0,0,0,0,0,0,0,0,3889,33,0,0,0,0,0,0,0,0
491,2017-04-17,09:04:13,411,jd1709,XDCE,3888,3869,3919,16994,661253080,174416,175246,4063,3677,3870,3867,0,3879,0,0,0,2017-04-17,32653411,3888,91,0,0,0,0,0,0,0,0,3889,33,0,0,0,0,0,0,0,0
492,2017-04-17,09:04:14,387,jd1709,XDCE,3889,3869,3919,16996,661330860,174418,175246,4063,3677,3870,3867,0,3879,0,0,0,2017-04-17,32654387,3888,91,0,0,0,0,0,0,0,0,3889,32,0,0,0,0,0,0,0,0
493,2017-04-17,09:04:14,904,jd1709,XDCE,3889,3869,3919,17002,661564200,174424,175246,4063,3677,3870,3867,0,3879,0,0,0,2017-04-17,32654904,3888,91,0,0,0,0,0,0,0,0,3889,34,0,0,0,0,0,0,0,0
494,2017-04-17,09:04:15,357,jd1709,XDCE,3888,3869,3919,17052,663508200,174376,175246,4063,3677,3870,3867,0,3879,0,0,0,2017-04-17,32655357,3888,66,0,0,0,0,0,0,0,0,3889,38,0,0,0,0,0,0,0,0
495,2017-04-17,09:04:15,918,jd1709,XDCE,3888,3869,3919,17184,668640360,174392,175246,4063,3677,3870,3867,0,3879,0,0,0,2017-04-17,32655918,3887,42,0,0,0,0,0,0,0,0,3888,31,0,0,0,0,0,0,0,0
496,2017-04-17,09:04:16,41,jd1709,XDCE,3888,3869,3919,17184,668640360,174392,175246,4063,3677,3870,3867,0,3879,0,0,0,2017-04-17,32656041,3887,37,0,0,0,0,0,0,0,0,3888,42,0,0,0,0,0,0,0,0
497,2017-04-17,09:04:16,897,jd1709,XDCE,3887,3869,3919,17204,669417760,174392,175246,4063,3677,3870,3867,0,3879,0,0,0,2017-04-17,32656897,3887,31,0,0,0,0,0,0,0,0,3888,43,0,0,0,0,0,0,0,0
498,2017-04-17,09:04:17,156,jd1709,XDCE,3887,3869,3919,17204,669417760,174392,175246,4063,3677,3870,3867,0,3879,0,0,0,2017-04-17,32657156,3887,31,0,0,0,0,0,0,0,0,3888,44,0,0,0,0,0,0,0,0
499,2017-04-17,09:04:17,922,jd1709,XDCE,3888,3869,3919,17214,669806520,174394,175246,4063,3677,3870,3867,0,3879,0,0,0,2017-04-17,32657922,3887,29,0,0,0,0,0,0,0,0,3888,51,0,0,0,0,0,0,0,0
500,2017-04-17,09:04:18,884,jd1709,XDCE,3888,3869,3919,17220,670039800,174394,175246,4063,3677,3870,3867,0,3879,0,0,0,2017-04-17,32658884,3887,29,0,0,0,0,0,0,0,0,3888,49,0,0,0,0,0,0,0,0
501,2017-04-17,09:04:19,224,jd1709,XDCE,3887,3869,3919,17222,670117540,174396,175246,4063,3677,3870,3867,0,3879,0,0,0,2017-04-17,32659224,3887,28,0,0,0,0,0,0,0,0,3888,49,0,0,0,0,0,0,0,0
502,2017-04-17,09:04:19,920,jd1709,XDCE,3888,3869,3919,17226,670273060,174396,175246,4063,3677,3870,3867,0,3879,0,0,0,2017-04-17,32659920,3887,28,0,0,0,0,0,0,0,0,3888,47,0,0,0,0,0,0,0,0
503,2017-04-17,09:04:20,392,jd1709,XDCE,3888,3869,3919,17228,670350820,174394,175246,4063,3677,3870,3867,0,3879,0,0,0,2017-04-17,32660392,3887,28,0,0,0,0,0,0,0,0,3888,47,0,0,0,0,0,0,0,0
504,2017-04-17,09:04:20,916,jd1709,XDCE,3888,3869,3919,17230,670428580,174394,175246,4063,3677,3870,3867,0,3879,0,0,0,2017-04-17,32660916,3887,28,0,0,0,0,0,0,0,0,3888,48,0,0,0,0,0,0,0,0
505,2017-04-17,09:04:21,132,jd1709,XDCE,3887,3869,3919,17234,670584060,174398,175246,4063,3677,3870,3867,0,3879,0,0,0,2017-04-17,32661132,3887,26,0,0,0,0,0,0,0,0,3888,48,0,0,0,0,0,0,0,0
506,2017-04-17,09:04:21,882,jd1709,XDCE,3887,3869,3919,17236,670661800,174400,175246,4063,3677,3870,3867,0,3879,0,0,0,2017-04-17,32661882,3887,25,0,0,0,0,0,0,0,0,3888,49,0,0,0,0,0,0,0,0
507,2017-04-17,09:04:22,399,jd1709,XDCE,3887,3869,3919,17238,670739540,174400,175246,4063,3677,3870,3867,0,3879,0,0,0,2017-04-17,32662399,3887,24,0,0,0,0,0,0,0,0,3888,49,0,0,0,0,0,0,0,0
508,2017-04-17,09:04:22,778,jd1709,XDCE,3887,3869,3919,17250,671205980,174406,175246,4063,3677,3870,3867,0,3879,0,0,0,2017-04-17,32662778,3887,18,0,0,0,0,0,0,0,0,3888,50,0,0,0,0,0,0,0,0
509,2017-04-17,09:04:23,246,jd1709,XDCE,3887,3869,3919,17250,671205980,174406,175246,4063,3677,3870,3867,0,3879,0,0,0,2017-04-17,32663246,3887,18,0,0,0,0,0,0,0,0,3888,51,0,0,0,0,0,0,0,0
510,2017-04-17,09:04:23,852,jd1709,XDCE,3887,3869,3919,17284,672527560,174406,175246,4063,3677,3870,3867,0,3879,0,0,0,2017-04-17,32663852,3887,2,0,0,0,0,0,0,0,0,3888,51,0,0,0,0,0,0,0,0
511,2017-04-17,09:04:24,289,jd1709,XDCE,3887,3869,3919,17288,672683040,174408,175246,4063,3677,3870,3867,0,3879,0,0,0,2017-04-17,32664289,3886,87,0,0,0,0,0,0,0,0,3887,1,0,0,0,0,0,0,0,0
512,2017-04-17,09:04:24,910,jd1709,XDCE,3887,3869,3919,17288,672683040,174408,175246,4063,3677,3870,3867,0,3879,0,0,0,2017-04-17,32664910,3886,86,0,0,0,0,0,0,0,0,3887,13,0,0,0,0,0,0,0,0
513,2017-04-17,09:04:25,930,jd1709,XDCE,3887,3869,3919,17292,672838520,174412,175246,4063,3677,3870,3867,0,3879,0,0,0,2017-04-17,32665930,3886,86,0,0,0,0,0,0,0,0,3887,14,0,0,0,0,0,0,0,0
514,2017-04-17,09:04:26,883,jd1709,XDCE,3887,3869,3919,17292,672838520,174412,175246,4063,3677,3870,3867,0,3879,0,0,0,2017-04-17,32666883,3886,81,0,0,0,0,0,0,0,0,3887,19,0,0,0,0,0,0,0,0
515,2017-04-17,09:04:27,338,jd1709,XDCE,3886,3869,3919,17294,672916240,174414,175246,4063,3677,3870,3867,0,3879,0,0,0,2017-04-17,32667338,3886,80,0,0,0,0,0,0,0,0,3887,20,0,0,0,0,0,0,0,0
516,2017-04-17,09:04:27,922,jd1709,XDCE,3887,3869,3919,17298,673071720,174416,175246,4063,3677,3870,3867,0,3879,0,0,0,2017-04-17,32667922,3886,80,0,0,0,0,0,0,0,0,3887,18,0,0,0,0,0,0,0,0
517,2017-04-17,09:04:28,338,jd1709,XDCE,3887,3869,3919,17298,673071720,174416,175246,4063,3677,3870,3867,0,3879,0,0,0,2017-04-17,32668338,3886,81,0,0,0,0,0,0,0,0,3887,22,0,0,0,0,0,0,0,0
518,2017-04-17,09:04:29,427,jd1709,XDCE,3887,3869,3919,17300,673149460,174414,175246,4063,3677,3870,3867,0,3879,0,0,0,2017-04-17,32669427,3886,81,0,0,0,0,0,0,0,0,3887,23,0,0,0,0,0,0,0,0
519,2017-04-17,09:04:29,790,jd1709,XDCE,3887,3869,3919,17310,673538160,174404,175246,4063,3677,3870,3867,0,3879,0,0,0,2017-04-17,32669790,3886,91,0,0,0,0,0,0,0,0,3887,16,0,0,0,0,0,0,0,0
520,2017-04-17,09:04:30,413,jd1709,XDCE,3887,3869,3919,17312,673615900,174404,175246,4063,3677,3870,3867,0,3879,0,0,0,2017-04-17,32670413,3886,91,0,0,0,0,0,0,0,0,3887,16,0,0,0,0,0,0,0,0
521,2017-04-17,09:04:30,909,jd1709,XDCE,3887,3869,3919,17316,673771380,174404,175246,4063,3677,3870,3867,0,3879,0,0,0,2017-04-17,32670909,3886,91,0,0,0,0,0,0,0,0,3887,14,0,0,0,0,0,0,0,0
522,2017-04-17,09:04:31,329,jd1709,XDCE,3886,3869,3919,17326,674159980,174402,175246,4063,3677,3870,3867,0,3879,0,0,0,2017-04-17,32671329,3886,86,0,0,0,0,0,0,0,0,3887,16,0,0,0,0,0,0,0,0
523,2017-04-17,09:04:31,874,jd1709,XDCE,3886,3869,3919,17328,674237700,174404,175246,4063,3677,3870,3867,0,3879,0,0,0,2017-04-17,32671874,3886,85,0,0,0,0,0,0,0,0,3887,16,0,0,0,0,0,0,0,0
524,2017-04-17,09:04:32,254,jd1709,XDCE,3887,3869,3919,17344,674859540,174408,175246,4063,3677,3870,3867,0,3879,0,0,0,2017-04-17,32672254,3886,83,0,0,0,0,0,0,0,0,3887,20,0,0,0,0,0,0,0,0
525,2017-04-17,09:04:32,890,jd1709,XDCE,3886,3869,3919,17346,674937260,174410,175246,4063,3677,3870,3867,0,3879,0,0,0,2017-04-17,32672890,3886,82,0,0,0,0,0,0,0,0,3887,34,0,0,0,0,0,0,0,0
526,2017-04-17,09:04:33,278,jd1709,XDCE,3886,3869,3919,17352,675170460,174410,175246,4063,3677,3870,3867,0,3879,0,0,0,2017-04-17,32673278,3886,81,0,0,0,0,0,0,0,0,3887,32,0,0,0,0,0,0,0,0
527,2017-04-17,09:04:33,813,jd1709,XDCE,3887,3869,3919,17364,675636900,174404,175246,4063,3677,3870,3867,0,3879,0,0,0,2017-04-17,32673813,3886,81,0,0,0,0,0,0,0,0,3887,27,0,0,0,0,0,0,0,0
528,2017-04-17,09:04:35,374,jd1709,XDCE,3886,3869,3919,17372,675947780,174412,175246,4063,3677,3870,3867,0,3879,0,0,0,2017-04-17,32675374,3886,77,0,0,0,0,0,0,0,0,3887,27,0,0,0,0,0,0,0,0
529,2017-04-17,09:04:35,800,jd1709,XDCE,3886,3869,3919,17380,676258680,174420,175246,4063,3677,3870,3867,0,3879,0,0,0,2017-04-17,32675800,3886,74,0,0,0,0,0,0,0,0,3887,27,0,0,0,0,0,0,0,0
530,2017-04-17,09:04:36,365,jd1709,XDCE,3886,3869,3919,17380,676258680,174420,175246,4063,3677,3870,3867,0,3879,0,0,0,2017-04-17,32676365,3886,74,0,0,0,0,0,0,0,0,3887,28,0,0,0,0,0,0,0,0
531,2017-04-17,09:04:37,271,jd1709,XDCE,3886,3869,3919,17400,677035880,174440,175246,4063,3677,3870,3867,0,3879,0,0,0,2017-04-17,32677271,3886,64,0,0,0,0,0,0,0,0,3887,29,0,0,0,0,0,0,0,0
532,2017-04-17,09:04:37,808,jd1709,XDCE,3887,3869,3919,17402,677113620,174440,175246,4063,3677,3870,3867,0,3879,0,0,0,2017-04-17,32677808,3886,49,0,0,0,0,0,0,0,0,3887,38,0,0,0,0,0,0,0,0
533,2017-04-17,09:04:38,415,jd1709,XDCE,3886,3869,3919,17434,678357140,174452,175246,4063,3677,3870,3867,0,3879,0,0,0,2017-04-17,32678415,3886,33,0,0,0,0,0,0,0,0,3887,42,0,0,0,0,0,0,0,0
534,2017-04-17,09:04:38,861,jd1709,XDCE,3885,3869,3919,17528,682009700,174486,175246,4063,3677,3870,3867,0,3879,0,0,0,2017-04-17,32678861,3885,5,0,0,0,0,0,0,0,0,3886,59,0,0,0,0,0,0,0,0
535,2017-04-17,09:04:39,378,jd1709,XDCE,3886,3869,3919,17578,683952620,174534,175246,4063,3677,3870,3867,0,3879,0,0,0,2017-04-17,32679378,3885,1,0,0,0,0,0,0,0,0,3886,38,0,0,0,0,0,0,0,0
536,2017-04-17,09:04:40,867,jd1709,XDCE,3885,3869,3919,17580,684030320,174534,175246,4063,3677,3870,3867,0,3879,0,0,0,2017-04-17,32680867,3884,57,0,0,0,0,0,0,0,0,3886,39,0,0,0,0,0,0,0,0
537,2017-04-17,09:04:41,408,jd1709,XDCE,3884,3869,3919,17582,684108000,174534,175246,4063,3677,3870,3867,0,3879,0,0,0,2017-04-17,32681408,3884,61,0,0,0,0,0,0,0,0,3885,4,0,0,0,0,0,0,0,0
