,dataDate,dataTime,dataMillisec,instrumentID,exchangeCD,lastPrice,lowPrice,highPrice,volume,value,openInterest,preOpenInterest,upperLimitPrice,lowerLimitPrice,preSettlementPrice,prevClosePrice,settlementPrice,openPrice,closePrice,preDelta,currDelta,clearingDay,milliSecOffset,bidPrice1,bidVolume1,bidPrice2,bidVolume2,bidPrice3,bidVolume3,bidPrice4,bidVolume4,bidPrice5,bidVolume5,askPrice1,askVolume1,askPrice2,askVolume2,askPrice3,askVolume3,askPrice4,askVolume4,askPrice5,askVolume5
0,2017-04-17,09:00:00,971,jm1709,XDCE,1133.0,1110.0,1139.0,97936,6611447340,193572,210082,1227.5,1025.5,1126.5,1108,0,1112,0.0,0,0,2017-04-17,32400971,1120.0,59,0,0,0,0,0,0,0,0,1121.0,60,0,0,0,0,0,0,0,0
1,2017-04-17,09:00:01,464,jm1709,XDCE,1121.0,1110.0,1139.0,98070,6620453820,193636,210082,1227.5,1025.5,1126.5,1108,0,1112,0.0,0,0,2017-04-17,32401464,1120.5,27,0,0,0,0,0,0,0,0,1121.0,56,0,0,0,0,0,0,0,0
2,2017-04-17,09:00:01,941,jm1709,XDCE,1120.0,1110.0,1139.0,98200,6629193360,193700,210082,1227.5,1025.5,1126.5,1108,0,1112,0.0,0,0,2017-04-17,32401941,1119.5,2,0,0,0,0,0,0,0,0,1120.0,164,0,0,0,0,0,0,0,0
3,2017-04-17,09:00:02,471,jm1709,XDCE,1118.5,1110.0,1139.0,98676,6661180620,194090,210082,1227.5,1025.5,1126.5,1108,0,1112,0.0,0,0,2017-04-17,32402471,1118.5,4,0,0,0,0,0,0,0,0,1119.5,1,0,0,0,0,0,0,0,0
4,2017-04-17,09:00:02,954,jm1709,XDCE,1117.5,1110.0,1139.0,98930,6678222780,194014,210082,1227.5,1025.5,1126.5,1108,0,1112,0.0,0,0,2017-04-17,32402954,1117.5,3,0,0,0,0,0,0,0,0,1119.5,6,0,0,0,0,0,0,0,0
5,2017-04-17,09:00:03,467,jm1709,XDCE,1119.0,1110.0,1139.0,99038,6685470900,193984,210082,1227.5,1025.5,1126.5,1108,0,1112,0.0,0,0,2017-04-17,32403467,1117.0,9,0,0,0,0,0,0,0,0,1119.0,1,0,0,0,0,0,0,0,0
6,2017-04-17,09:00:03,926,jm1709,XDCE,1116.0,1110.0,1139.0,99104,6689896080,193978,210082,1227.5,1025.5,1126.5,1108,0,1112,0.0,0,0,2017-04-17,32403926,1116.0,40,0,0,0,0,0,0,0,0,1118.0,4,0,0,0,0,0,0,0,0
7,2017-04-17,09:00:04,460,jm1709,XDCE,1117.0,1110.0,1139.0,99318,6704248860,193862,210082,1227.5,1025.5,1126.5,1108,0,1112,0.0,0,0,2017-04-17,32404460,1116.0,63,0,0,0,0,0,0,0,0,1117.0,1,0,0,0,0,0,0,0,0
8,2017-04-17,09:00:04,930,jm1709,XDCE,1117.5,1110.0,1139.0,99334,6705321120,193860,210082,1227.5,1025.5,1126.5,1108,0,1112,0.0,0,0,2017-04-17,32404930,1116.5,2,0,0,0,0,0,0,0,0,1118.0,4,0,0,0,0,0,0,0,0
9,2017-04-17,09:00:05,426,jm1709,XDCE,1116.0,1110.0,1139.0,99472,6714562860,193840,210082,1227.5,1025.5,1126.5,1108,0,1112,0.0,0,0,2017-04-17,32405426,1116.0,8,0,0,0,0,0,0,0,0,1117.0,3,0,0,0,0,0,0,0,0
10,2017-04-17,09:00:05,924,jm1709,XDCE,1116.5,1110.0,1139.0,99626,6724891680,193842,210082,1227.5,1025.5,1126.5,1108,0,1112,0.0,0,0,2017-04-17,32405924,1115.5,11,0,0,0,0,0,0,0,0,1116.5,1,0,0,0,0,0,0,0,0
11,2017-04-17,09:00:06,441,jm1709,XDCE,1118.0,1110.0,1139.0,99682,6728643720,193804,210082,1227.5,1025.5,1126.5,1108,0,1112,0.0,0,0,2017-04-17,32406441,1116.5,3,0,0,0,0,0,0,0,0,1118.0,16,0,0,0,0,0,0,0,0
12,2017-04-17,09:00:06,948,jm1709,XDCE,1115.5,1110.0,1139.0,99698,6729715320,193802,210082,1227.5,1025.5,1126.5,1108,0,1112,0.0,0,0,2017-04-17,32406948,1115.5,16,0,0,0,0,0,0,0,0,1117.0,5,0,0,0,0,0,0,0,0
13,2017-04-17,09:00:07,468,jm1709,XDCE,1116.0,1110.0,1139.0,99732,6731992440,193792,210082,1227.5,1025.5,1126.5,1108,0,1112,0.0,0,0,2017-04-17,32407468,1116.0,3,0,0,0,0,0,0,0,0,1116.5,1,0,0,0,0,0,0,0,0
14,2017-04-17,09:00:07,926,jm1709,XDCE,1117.5,1110.0,1139.0,99762,6734002980,193762,210082,1227.5,1025.5,1126.5,1108,0,1112,0.0,0,0,2017-04-17,32407926,1116.0,1,0,0,0,0,0,0,0,0,1117.5,6,0,0,0,0,0,0,0,0
15,2017-04-17,09:00:08,427,jm1709,XDCE,1116.0,1110.0,1139.0,99782,6735342060,193752,210082,1227.5,1025.5,1126.5,1108,0,1112,0.0,0,0,2017-04-17,32408427,1116.0,3,0,0,0,0,0,0,0,0,1116.5,6,0,0,0,0,0,0,0,0
16,2017-04-17,09:00:08,938,jm1709,XDCE,1116.5,1110.0,1139.0,99800,6736547520,193740,210082,1227.5,1025.5,1126.5,1108,0,1112,0.0,0,0,2017-04-17,32408938,1116.0,1,0,0,0,0,0,0,0,0,1117.5,13,0,0,0,0,0,0,0,0
17,2017-04-17,09:00:09,425,jm1709,XDCE,1117.5,1110.0,1139.0,99814,6737485800,193734,210082,1227.5,1025.5,1126.5,1108,0,1112,0.0,0,0,2017-04-17,32409425,1116.5,1,0,0,0,0,0,0,0,0,1117.0,1,0,0,0,0,0,0,0,0
18,2017-04-17,09:00:09,927,jm1709,XDCE,1116.5,1110.0,1139.0,99834,6738825960,193732,210082,1227.5,1025.5,1126.5,1108,0,1112,0.0,0,0,2017-04-17,32409927,1116.5,7,0,0,0,0,0,0,0,0,1117.5,7,0,0,0,0,0,0,0,0
19,2017-04-17,09:00:10,426,jm1709,XDCE,1117.5,1110.0,1139.0,99838,6739094160,193732,210082,1227.5,1025.5,1126.5,1108,0,1112,0.0,0,0,2017-04-17,32410426,1116.5,9,0,0,0,0,0,0,0,0,1117.5,1,0,0,0,0,0,0,0,0
20,2017-04-17,09:00:10,913,jm1709,XDCE,1117.0,1110.0,1139.0,99864,6740836440,193718,210082,1227.5,1025.5,1126.5,1108,0,1112,0.0,0,0,2017-04-17,32410913,1116.5,6,0,0,0,0,0,0,0,0,1117.0,19,0,0,0,0,0,0,0,0
21,2017-04-17,09:00:11,431,jm1709,XDCE,1116.5,1110.0,1139.0,99888,6742444500,193702,210082,1227.5,1025.5,1126.5,1108,0,1112,0.0,0,0,2017-04-17,32411431,1116.0,4,0,0,0,0,0,0,0,0,1116.5,6,0,0,0,0,0,0,0,0
22,2017-04-17,09:00:11,941,jm1709,XDCE,1117.5,1110.0,1139.0,99952,6746733660,193672,210082,1227.5,1025.5,1126.5,1108,0,1112,0.0,0,0,2017-04-17,32411941,1117.0,3,0,0,0,0,0,0,0,0,1117.5,1,0,0,0,0,0,0,0,0
23,2017-04-17,09:00:12,393,jm1709,XDCE,1117.5,1110.0,1139.0,99956,6747001860,193668,210082,1227.5,1025.5,1126.5,1108,0,1112,0.0,0,0,2017-04-17,32412393,1117.0,3,0,0,0,0,0,0,0,0,1117.5,13,0,0,0,0,0,0,0,0
24,2017-04-17,09:00:12,913,jm1709,XDCE,1117.5,1110.0,1139.0,99964,6747538140,193668,210082,1227.5,1025.5,1126.5,1108,0,1112,0.0,0,0,2017-04-17,32412913,1117.0,5,0,0,0,0,0,0,0,0,1117.5,7,0,0,0,0,0,0,0,0
25,2017-04-17,09:00:13,448,jm1709,XDCE,1117.5,1110.0,1139.0,99964,6747538140,193668,210082,1227.5,1025.5,1126.5,1108,0,1112,0.0,0,0,2017-04-17,32413448,1117.0,6,0,0,0,0,0,0,0,0,1117.5,1,0,0,0,0,0,0,0,0
26,2017-04-17,09:00:13,913,jm1709,XDCE,1117.5,1110.0,1139.0,99966,6747672240,193668,210082,1227.5,1025.5,1126.5,1108,0,1112,0.0,0,0,2017-04-17,32413913,1117.5,4,0,0,0,0,0,0,0,0,1118.0,2,0,0,0,0,0,0,0,0
27,2017-04-17,09:00:14,393,jm1709,XDCE,1116.0,1110.0,1139.0,100022,6751424460,193632,210082,1227.5,1025.5,1126.5,1108,0,1112,0.0,0,0,2017-04-17,32414393,1115.5,10,0,0,0,0,0,0,0,0,1117.5,14,0,0,0,0,0,0,0,0
28,2017-04-17,09:00:14,944,jm1709,XDCE,1117.0,1110.0,1139.0,100040,6752630100,193626,210082,1227.5,1025.5,1126.5,1108,0,1112,0.0,0,0,2017-04-17,32414944,1115.5,16,0,0,0,0,0,0,0,0,1117.0,4,0,0,0,0,0,0,0,0
29,2017-04-17,09:00:15,425,jm1709,XDCE,1117.5,1110.0,1139.0,100064,6754238160,193624,210082,1227.5,1025.5,1126.5,1108,0,1112,0.0,0,0,2017-04-17,32415425,1116.5,1,0,0,0,0,0,0,0,0,1118.0,2,0,0,0,0,0,0,0,0
30,2017-04-17,09:00:15,946,jm1709,XDCE,1118.5,1110.0,1139.0,100152,6760141560,193638,210082,1227.5,1025.5,1126.5,1108,0,1112,0.0,0,0,2017-04-17,32415946,1118.5,55,0,0,0,0,0,0,0,0,1119.0,6,0,0,0,0,0,0,0,0
31,2017-04-17,09:00:16,411,jm1709,XDCE,1118.5,1110.0,1139.0,100264,6767658120,193672,210082,1227.5,1025.5,1126.5,1108,0,1112,0.0,0,0,2017-04-17,32416411,1118.5,13,0,0,0,0,0,0,0,0,1119.0,2,0,0,0,0,0,0,0,0
32,2017-04-17,09:00:16,793,jm1709,XDCE,1119.0,1110.0,1139.0,100288,6769268940,193678,210082,1227.5,1025.5,1126.5,1108,0,1112,0.0,0,0,2017-04-17,32416793,1119.0,1,0,0,0,0,0,0,0,0,1120.0,9,0,0,0,0,0,0,0,0
33,2017-04-17,09:00:17,394,jm1709,XDCE,1118.5,1110.0,1139.0,100292,6769537440,193676,210082,1227.5,1025.5,1126.5,1108,0,1112,0.0,0,0,2017-04-17,32417394,1118.5,5,0,0,0,0,0,0,0,0,1120.0,21,0,0,0,0,0,0,0,0
34,2017-04-17,09:00:17,942,jm1709,XDCE,1118.0,1110.0,1139.0,100312,6770879400,193680,210082,1227.5,1025.5,1126.5,1108,0,1112,0.0,0,0,2017-04-17,32417942,1118.0,49,0,0,0,0,0,0,0,0,1118.5,2,0,0,0,0,0,0,0,0
35,2017-04-17,09:00:18,433,jm1709,XDCE,1118.5,1110.0,1139.0,100324,6771684600,193670,210082,1227.5,1025.5,1126.5,1108,0,1112,0.0,0,0,2017-04-17,32418433,1118.0,50,0,0,0,0,0,0,0,0,1118.5,7,0,0,0,0,0,0,0,0
36,2017-04-17,09:00:18,926,jm1709,XDCE,1118.5,1110.0,1139.0,100328,6771953040,193666,210082,1227.5,1025.5,1126.5,1108,0,1112,0.0,0,0,2017-04-17,32418926,1118.0,51,0,0,0,0,0,0,0,0,1118.5,11,0,0,0,0,0,0,0,0
37,2017-04-17,09:00:19,471,jm1709,XDCE,1118.0,1110.0,1139.0,100352,6773562960,193662,210082,1227.5,1025.5,1126.5,1108,0,1112,0.0,0,0,2017-04-17,32419471,1118.0,45,0,0,0,0,0,0,0,0,1118.5,11,0,0,0,0,0,0,0,0
38,2017-04-17,09:00:19,873,jm1709,XDCE,1118.0,1110.0,1139.0,100376,6775173000,193658,210082,1227.5,1025.5,1126.5,1108,0,1112,0.0,0,0,2017-04-17,32419873,1118.0,37,0,0,0,0,0,0,0,0,1118.5,65,0,0,0,0,0,0,0,0
39,2017-04-17,09:00:20,367,jm1709,XDCE,1118.0,1110.0,1139.0,100394,6776380440,193652,210082,1227.5,1025.5,1126.5,1108,0,1112,0.0,0,0,2017-04-17,32420367,1118.0,28,0,0,0,0,0,0,0,0,1118.5,55,0,0,0,0,0,0,0,0
40,2017-04-17,09:00:20,883,jm1709,XDCE,1118.0,1110.0,1139.0,100404,6777051300,193642,210082,1227.5,1025.5,1126.5,1108,0,1112,0.0,0,0,2017-04-17,32420883,1118.0,27,0,0,0,0,0,0,0,0,1118.5,55,0,0,0,0,0,0,0,0
41,2017-04-17,09:00:21,393,jm1709,XDCE,1118.0,1110.0,1139.0,100440,6779466420,193614,210082,1227.5,1025.5,1126.5,1108,0,1112,0.0,0,0,2017-04-17,32421393,1118.0,14,0,0,0,0,0,0,0,0,1118.5,53,0,0,0,0,0,0,0,0
42,2017-04-17,09:00:21,946,jm1709,XDCE,1118.5,1110.0,1139.0,100538,6786042420,193592,210082,1227.5,1025.5,1126.5,1108,0,1112,0.0,0,0,2017-04-17,32421946,1118.0,1,0,0,0,0,0,0,0,0,1118.5,23,0,0,0,0,0,0,0,0
43,2017-04-17,09:00:22,393,jm1709,XDCE,1118.0,1110.0,1139.0,100574,6788457780,193584,210082,1227.5,1025.5,1126.5,1108,0,1112,0.0,0,0,2017-04-17,32422393,1118.0,3,0,0,0,0,0,0,0,0,1119.0,2,0,0,0,0,0,0,0,0
44,2017-04-17,09:00:22,862,jm1709,XDCE,1119.0,1110.0,1139.0,100596,6789934380,193584,210082,1227.5,1025.5,1126.5,1108,0,1112,0.0,0,0,2017-04-17,32422862,1119.0,7,0,0,0,0,0,0,0,0,1119.5,4,0,0,0,0,0,0,0,0
45,2017-04-17,09:00:23,376,jm1709,XDCE,1119.5,1110.0,1139.0,100668,6794768640,193550,210082,1227.5,1025.5,1126.5,1108,0,1112,0.0,0,0,2017-04-17,32423376,1118.5,52,0,0,0,0,0,0,0,0,1119.5,2,0,0,0,0,0,0,0,0
46,2017-04-17,09:00:23,958,jm1709,XDCE,1119.5,1110.0,1139.0,100688,6796112040,193532,210082,1227.5,1025.5,1126.5,1108,0,1112,0.0,0,0,2017-04-17,32423958,1119.0,2,0,0,0,0,0,0,0,0,1120.0,4,0,0,0,0,0,0,0,0
47,2017-04-17,09:00:24,455,jm1709,XDCE,1119.5,1110.0,1139.0,100704,6797186220,193520,210082,1227.5,1025.5,1126.5,1108,0,1112,0.0,0,0,2017-04-17,32424455,1118.5,56,0,0,0,0,0,0,0,0,1120.0,6,0,0,0,0,0,0,0,0
48,2017-04-17,09:00:24,848,jm1709,XDCE,1118.5,1110.0,1139.0,100710,6797588940,193520,210082,1227.5,1025.5,1126.5,1108,0,1112,0.0,0,0,2017-04-17,32424848,1119.0,8,0,0,0,0,0,0,0,0,1119.5,1,0,0,0,0,0,0,0,0
49,2017-04-17,09:00:25,460,jm1709,XDCE,1120.0,1110.0,1139.0,100732,6799067040,193506,210082,1227.5,1025.5,1126.5,1108,0,1112,0.0,0,0,2017-04-17,32425460,1119.5,6,0,0,0,0,0,0,0,0,1120.0,2,0,0,0,0,0,0,0,0
50,2017-04-17,09:00:25,809,jm1709,XDCE,1120.0,1110.0,1139.0,100740,6799604640,193508,210082,1227.5,1025.5,1126.5,1108,0,1112,0.0,0,0,2017-04-17,32425809,1120.0,1,0,0,0,0,0,0,0,0,1120.5,10,0,0,0,0,0,0,0,0
51,2017-04-17,09:00:26,398,jm1709,XDCE,1120.5,1110.0,1139.0,100752,6800411160,193504,210082,1227.5,1025.5,1126.5,1108,0,1112,0.0,0,0,2017-04-17,32426398,1120.0,13,0,0,0,0,0,0,0,0,1120.5,7,0,0,0,0,0,0,0,0
52,2017-04-17,09:00:26,944,jm1709,XDCE,1120.5,1110.0,1139.0,100780,6802293540,193510,210082,1227.5,1025.5,1126.5,1108,0,1112,0.0,0,0,2017-04-17,32426944,1120.5,40,0,0,0,0,0,0,0,0,1121.0,7,0,0,0,0,0,0,0,0
53,2017-04-17,09:00:27,294,jm1709,XDCE,1121.0,1110.0,1139.0,100784,6802562580,193514,210082,1227.5,1025.5,1126.5,1108,0,1112,0.0,0,0,2017-04-17,32427294,1120.5,40,0,0,0,0,0,0,0,0,1121.0,6,0,0,0,0,0,0,0,0
54,2017-04-17,09:00:27,929,jm1709,XDCE,1120.5,1110.0,1139.0,100808,6804176640,193506,210082,1227.5,1025.5,1126.5,1108,0,1112,0.0,0,0,2017-04-17,32427929,1121.0,2,0,0,0,0,0,0,0,0,1121.5,1,0,0,0,0,0,0,0,0
55,2017-04-17,09:00:28,394,jm1709,XDCE,1121.5,1110.0,1139.0,100830,6805656960,193496,210082,1227.5,1025.5,1126.5,1108,0,1112,0.0,0,0,2017-04-17,32428394,1121.5,22,0,0,0,0,0,0,0,0,1122.0,9,0,0,0,0,0,0,0,0
56,2017-04-17,09:00:28,909,jm1709,XDCE,1122.5,1110.0,1139.0,100854,6807272700,193492,210082,1227.5,1025.5,1126.5,1108,0,1112,0.0,0,0,2017-04-17,32428909,1122.0,2,0,0,0,0,0,0,0,0,1123.0,9,0,0,0,0,0,0,0,0
57,2017-04-17,09:00:29,334,jm1709,XDCE,1122.5,1110.0,1139.0,100858,6807542100,193492,210082,1227.5,1025.5,1126.5,1108,0,1112,0.0,0,0,2017-04-17,32429334,1122.5,6,0,0,0,0,0,0,0,0,1123.0,9,0,0,0,0,0,0,0,0
58,2017-04-17,09:00:29,958,jm1709,XDCE,1123.0,1110.0,1139.0,100888,6809563200,193494,210082,1227.5,1025.5,1126.5,1108,0,1112,0.0,0,0,2017-04-17,32429958,1123.0,19,0,0,0,0,0,0,0,0,1123.5,40,0,0,0,0,0,0,0,0
59,2017-04-17,09:00:30,446,jm1709,XDCE,1123.0,1110.0,1139.0,100894,6809967480,193488,210082,1227.5,1025.5,1126.5,1108,0,1112,0.0,0,0,2017-04-17,32430446,1123.0,16,0,0,0,0,0,0,0,0,1123.5,45,0,0,0,0,0,0,0,0
60,2017-04-17,09:00:30,961,jm1709,XDCE,1123.5,1110.0,1139.0,100950,6813742260,193482,210082,1227.5,1025.5,1126.5,1108,0,1112,0.0,0,0,2017-04-17,32430961,1122.5,1,0,0,0,0,0,0,0,0,1123.5,32,0,0,0,0,0,0,0,0
61,2017-04-17,09:00:31,420,jm1709,XDCE,1123.5,1110.0,1139.0,100950,6813742260,193482,210082,1227.5,1025.5,1126.5,1108,0,1112,0.0,0,0,2017-04-17,32431420,1122.5,1,0,0,0,0,0,0,0,0,1123.0,7,0,0,0,0,0,0,0,0
62,2017-04-17,09:00:31,967,jm1709,XDCE,1123.0,1110.0,1139.0,100988,6816302280,193462,210082,1227.5,1025.5,1126.5,1108,0,1112,0.0,0,0,2017-04-17,32431967,1122.5,2,0,0,0,0,0,0,0,0,1123.0,6,0,0,0,0,0,0,0,0
63,2017-04-17,09:00:32,454,jm1709,XDCE,1122.5,1110.0,1139.0,101000,6817110300,193458,210082,1227.5,1025.5,1126.5,1108,0,1112,0.0,0,0,2017-04-17,32432454,1122.0,5,0,0,0,0,0,0,0,0,1122.5,1,0,0,0,0,0,0,0,0
64,2017-04-17,09:00:32,955,jm1709,XDCE,1122.0,1110.0,1139.0,101014,6818052780,193468,210082,1227.5,1025.5,1126.5,1108,0,1112,0.0,0,0,2017-04-17,32432955,1122.0,5,0,0,0,0,0,0,0,0,1122.5,2,0,0,0,0,0,0,0,0
65,2017-04-17,09:00:33,376,jm1709,XDCE,1122.5,1110.0,1139.0,101018,6818322180,193468,210082,1227.5,1025.5,1126.5,1108,0,1112,0.0,0,0,2017-04-17,32433376,1122.0,4,0,0,0,0,0,0,0,0,1122.5,3,0,0,0,0,0,0,0,0
66,2017-04-17,09:00:33,943,jm1709,XDCE,1122.0,1110.0,1139.0,101054,6820747320,193454,210082,1227.5,1025.5,1126.5,1108,0,1112,0.0,0,0,2017-04-17,32433943,1122.0,1,0,0,0,0,0,0,0,0,1123.0,3,0,0,0,0,0,0,0,0
67,2017-04-17,09:00:34,455,jm1709,XDCE,1122.5,1110.0,1139.0,101058,6821016720,193450,210082,1227.5,1025.5,1126.5,1108,0,1112,0.0,0,0,2017-04-17,32434455,1122.5,6,0,0,0,0,0,0,0,0,1123.0,3,0,0,0,0,0,0,0,0
68,2017-04-17,09:00:34,919,jm1709,XDCE,1122.5,1110.0,1139.0,101064,6821420880,193448,210082,1227.5,1025.5,1126.5,1108,0,1112,0.0,0,0,2017-04-17,32434919,1122.5,14,0,0,0,0,0,0,0,0,1123.0,4,0,0,0,0,0,0,0,0
69,2017-04-17,09:00:35,438,jm1709,XDCE,1122.5,1110.0,1139.0,101086,6822902940,193428,210082,1227.5,1025.5,1126.5,1108,0,1112,0.0,0,0,2017-04-17,32435438,1122.5,13,0,0,0,0,0,0,0,0,1123.5,14,0,0,0,0,0,0,0,0
70,2017-04-17,09:00:35,948,jm1709,XDCE,1122.5,1110.0,1139.0,101096,6823576440,193418,210082,1227.5,1025.5,1126.5,1108,0,1112,0.0,0,0,2017-04-17,32435948,1122.5,9,0,0,0,0,0,0,0,0,1123.5,14,0,0,0,0,0,0,0,0
71,2017-04-17,09:00:36,439,jm1709,XDCE,1123.0,1110.0,1139.0,101102,6823980660,193412,210082,1227.5,1025.5,1126.5,1108,0,1112,0.0,0,0,2017-04-17,32436439,1122.5,10,0,0,0,0,0,0,0,0,1123.0,1,0,0,0,0,0,0,0,0
72,2017-04-17,09:00:36,874,jm1709,XDCE,1123.0,1110.0,1139.0,101104,6824115420,193412,210082,1227.5,1025.5,1126.5,1108,0,1112,0.0,0,0,2017-04-17,32436874,1123.0,3,0,0,0,0,0,0,0,0,1123.5,15,0,0,0,0,0,0,0,0
73,2017-04-17,09:00:37,394,jm1709,XDCE,1124.0,1110.0,1139.0,101136,6826272600,193410,210082,1227.5,1025.5,1126.5,1108,0,1112,0.0,0,0,2017-04-17,32437394,1124.0,1,0,0,0,0,0,0,0,0,1124.5,1,0,0,0,0,0,0,0,0
74,2017-04-17,09:00:37,874,jm1709,XDCE,1124.0,1110.0,1139.0,101140,6826542360,193408,210082,1227.5,1025.5,1126.5,1108,0,1112,0.0,0,0,2017-04-17,32437874,1124.0,2,0,0,0,0,0,0,0,0,1124.5,1,0,0,0,0,0,0,0,0
75,2017-04-17,09:00:38,394,jm1709,XDCE,1123.5,1110.0,1139.0,101146,6826946940,193406,210082,1227.5,1025.5,1126.5,1108,0,1112,0.0,0,0,2017-04-17,32438394,1123.5,2,0,0,0,0,0,0,0,0,1124.5,1,0,0,0,0,0,0,0,0
76,2017-04-17,09:00:38,894,jm1709,XDCE,1122.0,1110.0,1139.0,101246,6833681940,193420,210082,1227.5,1025.5,1126.5,1108,0,1112,0.0,0,0,2017-04-17,32438894,1123.0,1,0,0,0,0,0,0,0,0,1124.5,2,0,0,0,0,0,0,0,0
77,2017-04-17,09:00:39,414,jm1709,XDCE,1123.5,1110.0,1139.0,101258,6834490920,193408,210082,1227.5,1025.5,1126.5,1108,0,1112,0.0,0,0,2017-04-17,32439414,1123.5,2,0,0,0,0,0,0,0,0,1124.0,1,0,0,0,0,0,0,0,0
78,2017-04-17,09:00:39,797,jm1709,XDCE,1123.5,1110.0,1139.0,101266,6835030080,193402,210082,1227.5,1025.5,1126.5,1108,0,1112,0.0,0,0,2017-04-17,32439797,1123.0,2,0,0,0,0,0,0,0,0,1123.5,1,0,0,0,0,0,0,0,0
79,2017-04-17,09:00:40,352,jm1709,XDCE,1124.0,1110.0,1139.0,101272,6835434660,193400,210082,1227.5,1025.5,1126.5,1108,0,1112,0.0,0,0,2017-04-17,32440352,1124.0,1,0,0,0,0,0,0,0,0,1124.5,2,0,0,0,0,0,0,0,0
80,2017-04-17,09:00:40,952,jm1709,XDCE,1123.5,1110.0,1139.0,101282,6836108880,193396,210082,1227.5,1025.5,1126.5,1108,0,1112,0.0,0,0,2017-04-17,32440952,1123.5,10,0,0,0,0,0,0,0,0,1124.5,2,0,0,0,0,0,0,0,0
81,2017-04-17,09:00:41,298,jm1709,XDCE,1123.5,1110.0,1139.0,101282,6836108880,193396,210082,1227.5,1025.5,1126.5,1108,0,1112,0.0,0,0,2017-04-17,32441298,1123.5,12,0,0,0,0,0,0,0,0,1124.5,2,0,0,0,0,0,0,0,0
82,2017-04-17,09:00:41,919,jm1709,XDCE,1122.5,1110.0,1139.0,101332,6839478120,193384,210082,1227.5,1025.5,1126.5,1108,0,1112,0.0,0,0,2017-04-17,32441919,1122.5,4,0,0,0,0,0,0,0,0,1124.0,1,0,0,0,0,0,0,0,0
83,2017-04-17,09:00:42,443,jm1709,XDCE,1124.5,1110.0,1139.0,101444,6847034700,193390,210082,1227.5,1025.5,1126.5,1108,0,1112,0.0,0,0,2017-04-17,32442443,1124.5,53,0,0,0,0,0,0,0,0,1125.5,2,0,0,0,0,0,0,0,0
84,2017-04-17,09:00:42,896,jm1709,XDCE,1125.5,1110.0,1139.0,101484,6849733800,193394,210082,1227.5,1025.5,1126.5,1108,0,1112,0.0,0,0,2017-04-17,32442896,1125.0,1,0,0,0,0,0,0,0,0,1126.0,6,0,0,0,0,0,0,0,0
85,2017-04-17,09:00:43,394,jm1709,XDCE,1124.5,1110.0,1139.0,101516,6851893020,193396,210082,1227.5,1025.5,1126.5,1108,0,1112,0.0,0,0,2017-04-17,32443394,1124.5,23,0,0,0,0,0,0,0,0,1125.0,3,0,0,0,0,0,0,0,0
86,2017-04-17,09:00:43,952,jm1709,XDCE,1124.5,1110.0,1139.0,101522,6852297840,193398,210082,1227.5,1025.5,1126.5,1108,0,1112,0.0,0,0,2017-04-17,32443952,1124.5,20,0,0,0,0,0,0,0,0,1125.0,3,0,0,0,0,0,0,0,0
87,2017-04-17,09:00:44,317,jm1709,XDCE,1124.5,1110.0,1139.0,101524,6852432780,193398,210082,1227.5,1025.5,1126.5,1108,0,1112,0.0,0,0,2017-04-17,32444317,1124.5,19,0,0,0,0,0,0,0,0,1125.0,3,0,0,0,0,0,0,0,0
88,2017-04-17,09:00:44,849,jm1709,XDCE,1125.0,1110.0,1139.0,101542,6853647300,193412,210082,1227.5,1025.5,1126.5,1108,0,1112,0.0,0,0,2017-04-17,32444849,1124.5,11,0,0,0,0,0,0,0,0,1125.0,2,0,0,0,0,0,0,0,0
89,2017-04-17,09:00:45,424,jm1709,XDCE,1124.5,1110.0,1139.0,101550,6854187120,193412,210082,1227.5,1025.5,1126.5,1108,0,1112,0.0,0,0,2017-04-17,32445424,1124.5,8,0,0,0,0,0,0,0,0,1125.0,1,0,0,0,0,0,0,0,0
90,2017-04-17,09:00:45,828,jm1709,XDCE,1125.0,1110.0,1139.0,101560,6854862120,193402,210082,1227.5,1025.5,1126.5,1108,0,1112,0.0,0,0,2017-04-17,32445828,1125.0,8,0,0,0,0,0,0,0,0,1126.0,5,0,0,0,0,0,0,0,0
91,2017-04-17,09:00:46,434,jm1709,XDCE,1125.0,1110.0,1139.0,101566,6855267120,193400,210082,1227.5,1025.5,1126.5,1108,0,1112,0.0,0,0,2017-04-17,32446434,1125.0,6,0,0,0,0,0,0,0,0,1125.5,2,0,0,0,0,0,0,0,0
92,2017-04-17,09:00:46,809,jm1709,XDCE,1125.0,1110.0,1139.0,101588,6856752240,193378,210082,1227.5,1025.5,1126.5,1108,0,1112,0.0,0,0,2017-04-17,32446809,1124.5,8,0,0,0,0,0,0,0,0,1125.0,19,0,0,0,0,0,0,0,0
93,2017-04-17,09:00:47,416,jm1709,XDCE,1124.5,1110.0,1139.0,101614,6858506820,193374,210082,1227.5,1025.5,1126.5,1108,0,1112,0.0,0,0,2017-04-17,32447416,1124.5,5,0,0,0,0,0,0,0,0,1125.0,13,0,0,0,0,0,0,0,0
94,2017-04-17,09:00:47,903,jm1709,XDCE,1125.0,1110.0,1139.0,101624,6859181760,193374,210082,1227.5,1025.5,1126.5,1108,0,1112,0.0,0,0,2017-04-17,32447903,1124.5,4,0,0,0,0,0,0,0,0,1125.0,9,0,0,0,0,0,0,0,0
95,2017-04-17,09:00:48,440,jm1709,XDCE,1124.5,1110.0,1139.0,101650,6860936580,193374,210082,1227.5,1025.5,1126.5,1108,0,1112,0.0,0,0,2017-04-17,32448440,1125.0,2,0,0,0,0,0,0,0,0,1125.5,1,0,0,0,0,0,0,0,0
96,2017-04-17,09:00:48,933,jm1709,XDCE,1125.0,1110.0,1139.0,101654,6861206580,193378,210082,1227.5,1025.5,1126.5,1108,0,1112,0.0,0,0,2017-04-17,32448933,1125.0,12,0,0,0,0,0,0,0,0,1125.5,9,0,0,0,0,0,0,0,0
97,2017-04-17,09:00:49,295,jm1709,XDCE,1125.0,1110.0,1139.0,101666,6862016820,193372,210082,1227.5,1025.5,1126.5,1108,0,1112,0.0,0,0,2017-04-17,32449295,1125.0,10,0,0,0,0,0,0,0,0,1125.5,9,0,0,0,0,0,0,0,0
98,2017-04-17,09:00:49,940,jm1709,XDCE,1125.0,1110.0,1139.0,101732,6866472420,193330,210082,1227.5,1025.5,1126.5,1108,0,1112,0.0,0,0,2017-04-17,32449940,1124.5,12,0,0,0,0,0,0,0,0,1125.0,14,0,0,0,0,0,0,0,0
99,2017-04-17,09:00:50,434,jm1709,XDCE,1125.0,1110.0,1139.0,101762,6868497420,193332,210082,1227.5,1025.5,1126.5,1108,0,1112,0.0,0,0,2017-04-17,32450434,1125.0,21,0,0,0,0,0,0,0,0,1126.0,3,0,0,0,0,0,0,0,0
100,2017-04-17,09:00:50,955,jm1709,XDCE,1125.0,1110.0,1139.0,101782,6869847420,193352,210082,1227.5,1025.5,1126.5,1108,0,1112,0.0,0,0,2017-04-17,32450955,1125.0,11,0,0,0,0,0,0,0,0,1125.5,1,0,0,0,0,0,0,0,0
101,2017-04-17,09:00:51,338,jm1709,XDCE,1125.0,1110.0,1139.0,101796,6870792420,193364,210082,1227.5,1025.5,1126.5,1108,0,1112,0.0,0,0,2017-04-17,32451338,1125.0,4,0,0,0,0,0,0,0,0,1125.5,1,0,0,0,0,0,0,0,0
102,2017-04-17,09:00:51,794,jm1709,XDCE,1125.0,1110.0,1139.0,101798,6870927420,193366,210082,1227.5,1025.5,1126.5,1108,0,1112,0.0,0,0,2017-04-17,32451794,1125.0,3,0,0,0,0,0,0,0,0,1125.5,1,0,0,0,0,0,0,0,0
103,2017-04-17,09:00:52,442,jm1709,XDCE,1125.0,1110.0,1139.0,101802,6871197420,193364,210082,1227.5,1025.5,1126.5,1108,0,1112,0.0,0,0,2017-04-17,32452442,1125.0,39,0,0,0,0,0,0,0,0,1125.5,1,0,0,0,0,0,0,0,0
104,2017-04-17,09:00:52,959,jm1709,XDCE,1125.5,1110.0,1139.0,101816,6872142720,193364,210082,1227.5,1025.5,1126.5,1108,0,1112,0.0,0,0,2017-04-17,32452959,1125.5,7,0,0,0,0,0,0,0,0,1126.0,2,0,0,0,0,0,0,0,0
105,2017-04-17,09:00:53,454,jm1709,XDCE,1125.5,1110.0,1139.0,101818,6872277780,193364,210082,1227.5,1025.5,1126.5,1108,0,1112,0.0,0,0,2017-04-17,32453454,1125.5,7,0,0,0,0,0,0,0,0,1126.0,2,0,0,0,0,0,0,0,0
106,2017-04-17,09:00:53,957,jm1709,XDCE,1125.5,1110.0,1139.0,101820,6872412840,193366,210082,1227.5,1025.5,1126.5,1108,0,1112,0.0,0,0,2017-04-17,32453957,1125.5,7,0,0,0,0,0,0,0,0,1126.0,2,0,0,0,0,0,0,0,0
107,2017-04-17,09:00:54,453,jm1709,XDCE,1126.0,1110.0,1139.0,101874,6876061080,193328,210082,1227.5,1025.5,1126.5,1108,0,1112,0.0,0,0,2017-04-17,32454453,1126.0,20,0,0,0,0,0,0,0,0,1126.5,21,0,0,0,0,0,0,0,0
108,2017-04-17,09:00:54,818,jm1709,XDCE,1126.0,1110.0,1139.0,101904,6878087880,193328,210082,1227.5,1025.5,1126.5,1108,0,1112,0.0,0,0,2017-04-17,32454818,1126.0,5,0,0,0,0,0,0,0,0,1126.5,22,0,0,0,0,0,0,0,0
109,2017-04-17,09:00:55,403,jm1709,XDCE,1126.0,1110.0,1139.0,101914,6878763480,193338,210082,1227.5,1025.5,1126.5,1108,0,1112,0.0,0,0,2017-04-17,32455403,1125.5,26,0,0,0,0,0,0,0,0,1126.0,2,0,0,0,0,0,0,0,0
110,2017-04-17,09:00:55,953,jm1709,XDCE,1126.0,1110.0,1139.0,101920,6879168840,193336,210082,1227.5,1025.5,1126.5,1108,0,1112,0.0,0,0,2017-04-17,32455953,1125.5,26,0,0,0,0,0,0,0,0,1126.0,1,0,0,0,0,0,0,0,0
111,2017-04-17,09:00:56,439,jm1709,XDCE,1126.0,1110.0,1139.0,101926,6879574140,193334,210082,1227.5,1025.5,1126.5,1108,0,1112,0.0,0,0,2017-04-17,32456439,1125.5,25,0,0,0,0,0,0,0,0,1126.0,4,0,0,0,0,0,0,0,0
112,2017-04-17,09:00:56,967,jm1709,XDCE,1125.5,1110.0,1139.0,101934,6880114440,193334,210082,1227.5,1025.5,1126.5,1108,0,1112,0.0,0,0,2017-04-17,32456967,1125.5,22,0,0,0,0,0,0,0,0,1126.0,4,0,0,0,0,0,0,0,0
113,2017-04-17,09:00:57,294,jm1709,XDCE,1126.0,1110.0,1139.0,101946,6880925160,193334,210082,1227.5,1025.5,1126.5,1108,0,1112,0.0,0,0,2017-04-17,32457294,1126.0,4,0,0,0,0,0,0,0,0,1126.5,21,0,0,0,0,0,0,0,0
114,2017-04-17,09:00:57,969,jm1709,XDCE,1126.0,1110.0,1139.0,101954,6881465640,193342,210082,1227.5,1025.5,1126.5,1108,0,1112,0.0,0,0,2017-04-17,32457969,1125.5,22,0,0,0,0,0,0,0,0,1126.5,21,0,0,0,0,0,0,0,0
115,2017-04-17,09:00:58,394,jm1709,XDCE,1125.5,1110.0,1139.0,101968,6882411060,193330,210082,1227.5,1025.5,1126.5,1108,0,1112,0.0,0,0,2017-04-17,32458394,1125.5,15,0,0,0,0,0,0,0,0,1126.0,1,0,0,0,0,0,0,0,0
116,2017-04-17,09:00:58,881,jm1709,XDCE,1126.0,1110.0,1139.0,101972,6882681240,193328,210082,1227.5,1025.5,1126.5,1108,0,1112,0.0,0,0,2017-04-17,32458881,1126.0,6,0,0,0,0,0,0,0,0,1126.5,25,0,0,0,0,0,0,0,0
117,2017-04-17,09:00:59,417,jm1709,XDCE,1125.5,1110.0,1139.0,102014,6885518460,193318,210082,1227.5,1025.5,1126.5,1108,0,1112,0.0,0,0,2017-04-17,32459417,1125.5,9,0,0,0,0,0,0,0,0,1126.0,52,0,0,0,0,0,0,0,0
118,2017-04-17,09:00:59,874,jm1709,XDCE,1125.0,1110.0,1139.0,102042,6887409000,193308,210082,1227.5,1025.5,1126.5,1108,0,1112,0.0,0,0,2017-04-17,32459874,1125.0,9,0,0,0,0,0,0,0,0,1125.5,13,0,0,0,0,0,0,0,0
119,2017-04-17,09:01:00,425,jm1709,XDCE,1125.0,1110.0,1139.0,102060,6888624000,193298,210082,1227.5,1025.5,1126.5,1108,0,1112,0.0,0,0,2017-04-17,32460425,1124.5,19,0,0,0,0,0,0,0,0,1125.0,11,0,0,0,0,0,0,0,0
120,2017-04-17,09:01:00,969,jm1709,XDCE,1124.5,1110.0,1139.0,102114,6892267860,193312,210082,1227.5,1025.5,1126.5,1108,0,1112,0.0,0,0,2017-04-17,32460969,1124.0,9,0,0,0,0,0,0,0,0,1125.0,6,0,0,0,0,0,0,0,0
121,2017-04-17,09:01:01,394,jm1709,XDCE,1124.5,1110.0,1139.0,102124,6892942320,193302,210082,1227.5,1025.5,1126.5,1108,0,1112,0.0,0,0,2017-04-17,32461394,1124.0,5,0,0,0,0,0,0,0,0,1124.5,10,0,0,0,0,0,0,0,0
122,2017-04-17,09:01:01,868,jm1709,XDCE,1124.5,1110.0,1139.0,102142,6894156420,193300,210082,1227.5,1025.5,1126.5,1108,0,1112,0.0,0,0,2017-04-17,32461868,1123.5,2,0,0,0,0,0,0,0,0,1124.5,5,0,0,0,0,0,0,0,0
123,2017-04-17,09:01:02,457,jm1709,XDCE,1124.5,1110.0,1139.0,102158,6895235760,193300,210082,1227.5,1025.5,1126.5,1108,0,1112,0.0,0,0,2017-04-17,32462457,1123.5,5,0,0,0,0,0,0,0,0,1124.5,2,0,0,0,0,0,0,0,0
124,2017-04-17,09:01:02,811,jm1709,XDCE,1124.5,1110.0,1139.0,102188,6897258600,193278,210082,1227.5,1025.5,1126.5,1108,0,1112,0.0,0,0,2017-04-17,32462811,1123.5,2,0,0,0,0,0,0,0,0,1124.5,13,0,0,0,0,0,0,0,0
125,2017-04-17,09:01:03,339,jm1709,XDCE,1123.5,1110.0,1139.0,102192,6897528240,193274,210082,1227.5,1025.5,1126.5,1108,0,1112,0.0,0,0,2017-04-17,32463339,1123.5,2,0,0,0,0,0,0,0,0,1124.0,1,0,0,0,0,0,0,0,0
126,2017-04-17,09:01:03,965,jm1709,XDCE,1124.0,1110.0,1139.0,102208,6898606860,193266,210082,1227.5,1025.5,1126.5,1108,0,1112,0.0,0,0,2017-04-17,32463965,1123.0,7,0,0,0,0,0,0,0,0,1124.0,5,0,0,0,0,0,0,0,0
127,2017-04-17,09:01:04,438,jm1709,XDCE,1123.0,1110.0,1139.0,102240,6900762960,193252,210082,1227.5,1025.5,1126.5,1108,0,1112,0.0,0,0,2017-04-17,32464438,1123.0,2,0,0,0,0,0,0,0,0,1123.5,5,0,0,0,0,0,0,0,0
128,2017-04-17,09:01:04,969,jm1709,XDCE,1123.0,1110.0,1139.0,102246,6901167240,193250,210082,1227.5,1025.5,1126.5,1108,0,1112,0.0,0,0,2017-04-17,32464969,1122.0,3,0,0,0,0,0,0,0,0,1123.0,10,0,0,0,0,0,0,0,0
129,2017-04-17,09:01:05,295,jm1709,XDCE,1122.5,1110.0,1139.0,102252,6901571460,193250,210082,1227.5,1025.5,1126.5,1108,0,1112,0.0,0,0,2017-04-17,32465295,1122.0,2,0,0,0,0,0,0,0,0,1123.0,8,0,0,0,0,0,0,0,0
130,2017-04-17,09:01:05,875,jm1709,XDCE,1122.5,1110.0,1139.0,102252,6901571460,193250,210082,1227.5,1025.5,1126.5,1108,0,1112,0.0,0,0,2017-04-17,32465875,1122.0,2,0,0,0,0,0,0,0,0,1122.5,6,0,0,0,0,0,0,0,0
131,2017-04-17,09:01:06,449,jm1709,XDCE,1122.0,1110.0,1139.0,102256,6901840740,193250,210082,1227.5,1025.5,1126.5,1108,0,1112,0.0,0,0,2017-04-17,32466449,1121.5,27,0,0,0,0,0,0,0,0,1122.5,6,0,0,0,0,0,0,0,0
132,2017-04-17,09:01:06,885,jm1709,XDCE,1121.5,1110.0,1139.0,102264,6902379300,193244,210082,1227.5,1025.5,1126.5,1108,0,1112,0.0,0,0,2017-04-17,32466885,1122.0,3,0,0,0,0,0,0,0,0,1122.5,12,0,0,0,0,0,0,0,0
133,2017-04-17,09:01:07,460,jm1709,XDCE,1122.0,1110.0,1139.0,102272,6902917860,193238,210082,1227.5,1025.5,1126.5,1108,0,1112,0.0,0,0,2017-04-17,32467460,1121.5,26,0,0,0,0,0,0,0,0,1122.0,8,0,0,0,0,0,0,0,0
134,2017-04-17,09:01:07,875,jm1709,XDCE,1121.5,1110.0,1139.0,102304,6905071200,193210,210082,1227.5,1025.5,1126.5,1108,0,1112,0.0,0,0,2017-04-17,32467875,1121.5,11,0,0,0,0,0,0,0,0,1122.0,11,0,0,0,0,0,0,0,0
135,2017-04-17,09:01:08,395,jm1709,XDCE,1121.5,1110.0,1139.0,102326,6906551580,193220,210082,1227.5,1025.5,1126.5,1108,0,1112,0.0,0,0,2017-04-17,32468395,1121.0,3,0,0,0,0,0,0,0,0,1121.5,5,0,0,0,0,0,0,0,0
136,2017-04-17,09:01:08,954,jm1709,XDCE,1121.5,1110.0,1139.0,102338,6907358760,193210,210082,1227.5,1025.5,1126.5,1108,0,1112,0.0,0,0,2017-04-17,32468954,1121.0,1,0,0,0,0,0,0,0,0,1121.5,3,0,0,0,0,0,0,0,0
137,2017-04-17,09:01:09,467,jm1709,XDCE,1121.5,1110.0,1139.0,102340,6907493340,193210,210082,1227.5,1025.5,1126.5,1108,0,1112,0.0,0,0,2017-04-17,32469467,1121.0,1,0,0,0,0,0,0,0,0,1121.5,2,0,0,0,0,0,0,0,0
138,2017-04-17,09:01:09,908,jm1709,XDCE,1121.5,1110.0,1139.0,102344,6907762500,193210,210082,1227.5,1025.5,1126.5,1108,0,1112,0.0,0,0,2017-04-17,32469908,1121.0,2,0,0,0,0,0,0,0,0,1121.5,6,0,0,0,0,0,0,0,0
139,2017-04-17,09:01:10,395,jm1709,XDCE,1121.0,1110.0,1139.0,102348,6908031540,193208,210082,1227.5,1025.5,1126.5,1108,0,1112,0.0,0,0,2017-04-17,32470395,1120.0,2,0,0,0,0,0,0,0,0,1121.0,18,0,0,0,0,0,0,0,0
140,2017-04-17,09:01:10,966,jm1709,XDCE,1121.0,1110.0,1139.0,102350,6908166060,193206,210082,1227.5,1025.5,1126.5,1108,0,1112,0.0,0,0,2017-04-17,32470966,1120.0,2,0,0,0,0,0,0,0,0,1121.0,18,0,0,0,0,0,0,0,0
141,2017-04-17,09:01:11,395,jm1709,XDCE,1120.0,1110.0,1139.0,102354,6908434860,193206,210082,1227.5,1025.5,1126.5,1108,0,1112,0.0,0,0,2017-04-17,32471395,1119.5,3,0,0,0,0,0,0,0,0,1120.5,1,0,0,0,0,0,0,0,0
142,2017-04-17,09:01:11,875,jm1709,XDCE,1120.0,1110.0,1139.0,102356,6908569260,193206,210082,1227.5,1025.5,1126.5,1108,0,1112,0.0,0,0,2017-04-17,32471875,1120.0,3,0,0,0,0,0,0,0,0,1120.5,1,0,0,0,0,0,0,0,0
143,2017-04-17,09:01:12,466,jm1709,XDCE,1120.0,1110.0,1139.0,102356,6908569260,193206,210082,1227.5,1025.5,1126.5,1108,0,1112,0.0,0,0,2017-04-17,32472466,1120.0,2,0,0,0,0,0,0,0,0,1120.5,1,0,0,0,0,0,0,0,0
144,2017-04-17,09:01:12,942,jm1709,XDCE,1120.0,1110.0,1139.0,102358,6908703660,193206,210082,1227.5,1025.5,1126.5,1108,0,1112,0.0,0,0,2017-04-17,32472942,1120.0,1,0,0,0,0,0,0,0,0,1120.5,1,0,0,0,0,0,0,0,0
145,2017-04-17,09:01:13,395,jm1709,XDCE,1119.0,1110.0,1139.0,102368,6909375360,193208,210082,1227.5,1025.5,1126.5,1108,0,1112,0.0,0,0,2017-04-17,32473395,1119.5,3,0,0,0,0,0,0,0,0,1120.0,1,0,0,0,0,0,0,0,0
146,2017-04-17,09:01:13,946,jm1709,XDCE,1119.5,1110.0,1139.0,102376,6909912780,193200,210082,1227.5,1025.5,1126.5,1108,0,1112,0.0,0,0,2017-04-17,32473946,1119.0,10,0,0,0,0,0,0,0,0,1120.0,5,0,0,0,0,0,0,0,0
147,2017-04-17,09:01:14,446,jm1709,XDCE,1120.0,1110.0,1139.0,102426,6913273860,193208,210082,1227.5,1025.5,1126.5,1108,0,1112,0.0,0,0,2017-04-17,32474446,1120.0,16,0,0,0,0,0,0,0,0,1120.5,3,0,0,0,0,0,0,0,0
148,2017-04-17,09:01:14,903,jm1709,XDCE,1120.5,1110.0,1139.0,102432,6913677180,193202,210082,1227.5,1025.5,1126.5,1108,0,1112,0.0,0,0,2017-04-17,32474903,1120.5,9,0,0,0,0,0,0,0,0,1121.0,17,0,0,0,0,0,0,0,0
149,2017-04-17,09:01:15,417,jm1709,XDCE,1120.5,1110.0,1139.0,102448,6914752860,193188,210082,1227.5,1025.5,1126.5,1108,0,1112,0.0,0,0,2017-04-17,32475417,1120.5,1,0,0,0,0,0,0,0,0,1121.0,19,0,0,0,0,0,0,0,0
150,2017-04-17,09:01:15,921,jm1709,XDCE,1120.0,1110.0,1139.0,102456,6915290520,193184,210082,1227.5,1025.5,1126.5,1108,0,1112,0.0,0,0,2017-04-17,32475921,1120.0,12,0,0,0,0,0,0,0,0,1120.5,20,0,0,0,0,0,0,0,0
151,2017-04-17,09:01:16,418,jm1709,XDCE,1120.0,1110.0,1139.0,102456,6915290520,193184,210082,1227.5,1025.5,1126.5,1108,0,1112,0.0,0,0,2017-04-17,32476418,1120.0,12,0,0,0,0,0,0,0,0,1120.5,25,0,0,0,0,0,0,0,0
152,2017-04-17,09:01:16,903,jm1709,XDCE,1120.0,1110.0,1139.0,102470,6916231320,193170,210082,1227.5,1025.5,1126.5,1108,0,1112,0.0,0,0,2017-04-17,32476903,1120.0,6,0,0,0,0,0,0,0,0,1120.5,25,0,0,0,0,0,0,0,0
153,2017-04-17,09:01:17,346,jm1709,XDCE,1120.0,1110.0,1139.0,102488,6917440860,193162,210082,1227.5,1025.5,1126.5,1108,0,1112,0.0,0,0,2017-04-17,32477346,1120.0,1,0,0,0,0,0,0,0,0,1120.5,25,0,0,0,0,0,0,0,0
154,2017-04-17,09:01:17,793,jm1709,XDCE,1119.5,1110.0,1139.0,102496,6917978280,193156,210082,1227.5,1025.5,1126.5,1108,0,1112,0.0,0,0,2017-04-17,32477793,1119.0,10,0,0,0,0,0,0,0,0,1119.5,3,0,0,0,0,0,0,0,0
155,2017-04-17,09:01:18,57,jm1709,XDCE,1119.5,1110.0,1139.0,102496,6917978280,193156,210082,1227.5,1025.5,1126.5,1108,0,1112,0.0,0,0,2017-04-17,32478057,1119.0,10,0,0,0,0,0,0,0,0,1120.0,15,0,0,0,0,0,0,0,0
156,2017-04-17,09:01:18,793,jm1709,XDCE,1120.0,1110.0,1139.0,102504,6918515880,193154,210082,1227.5,1025.5,1126.5,1108,0,1112,0.0,0,0,2017-04-17,32478793,1119.0,10,0,0,0,0,0,0,0,0,1120.0,12,0,0,0,0,0,0,0,0
157,2017-04-17,09:01:19,395,jm1709,XDCE,1119.0,1110.0,1139.0,102506,6918650160,193152,210082,1227.5,1025.5,1126.5,1108,0,1112,0.0,0,0,2017-04-17,32479395,1119.0,9,0,0,0,0,0,0,0,0,1119.5,1,0,0,0,0,0,0,0,0
158,2017-04-17,09:01:19,832,jm1709,XDCE,1119.0,1110.0,1139.0,102506,6918650160,193152,210082,1227.5,1025.5,1126.5,1108,0,1112,0.0,0,0,2017-04-17,32479832,1119.0,9,0,0,0,0,0,0,0,0,1119.5,3,0,0,0,0,0,0,0,0
159,2017-04-17,09:01:20,461,jm1709,XDCE,1119.0,1110.0,1139.0,102510,6918918780,193152,210082,1227.5,1025.5,1126.5,1108,0,1112,0.0,0,0,2017-04-17,32480461,1119.0,8,0,0,0,0,0,0,0,0,1119.5,2,0,0,0,0,0,0,0,0
160,2017-04-17,09:01:20,948,jm1709,XDCE,1119.0,1110.0,1139.0,102532,6920396580,193154,210082,1227.5,1025.5,1126.5,1108,0,1112,0.0,0,0,2017-04-17,32480948,1119.0,4,0,0,0,0,0,0,0,0,1120.0,15,0,0,0,0,0,0,0,0
161,2017-04-17,09:01:21,413,jm1709,XDCE,1119.0,1110.0,1139.0,102534,6920530860,193154,210082,1227.5,1025.5,1126.5,1108,0,1112,0.0,0,0,2017-04-17,32481413,1119.0,3,0,0,0,0,0,0,0,0,1119.5,13,0,0,0,0,0,0,0,0
162,2017-04-17,09:01:21,875,jm1709,XDCE,1119.5,1110.0,1139.0,102540,6920933760,193156,210082,1227.5,1025.5,1126.5,1108,0,1112,0.0,0,0,2017-04-17,32481875,1118.5,1,0,0,0,0,0,0,0,0,1119.5,12,0,0,0,0,0,0,0,0
163,2017-04-17,09:01:22,414,jm1709,XDCE,1119.0,1110.0,1139.0,102542,6921068040,193158,210082,1227.5,1025.5,1126.5,1108,0,1112,0.0,0,0,2017-04-17,32482414,1118.5,1,0,0,0,0,0,0,0,0,1119.0,8,0,0,0,0,0,0,0,0
164,2017-04-17,09:01:22,875,jm1709,XDCE,1119.0,1110.0,1139.0,102542,6921068040,193158,210082,1227.5,1025.5,1126.5,1108,0,1112,0.0,0,0,2017-04-17,32482875,1118.5,2,0,0,0,0,0,0,0,0,1119.0,8,0,0,0,0,0,0,0,0
165,2017-04-17,09:01:23,875,jm1709,XDCE,1118.5,1110.0,1139.0,102550,6921605100,193162,210082,1227.5,1025.5,1126.5,1108,0,1112,0.0,0,0,2017-04-17,32483875,1118.5,1,0,0,0,0,0,0,0,0,1119.0,5,0,0,0,0,0,0,0,0
166,2017-04-17,09:01:24,395,jm1709,XDCE,1118.5,1110.0,1139.0,102560,6922276380,193158,210082,1227.5,1025.5,1126.5,1108,0,1112,0.0,0,0,2017-04-17,32484395,1118.5,4,0,0,0,0,0,0,0,0,1119.0,4,0,0,0,0,0,0,0,0
167,2017-04-17,09:01:24,969,jm1709,XDCE,1118.0,1110.0,1139.0,102562,6922410540,193158,210082,1227.5,1025.5,1126.5,1108,0,1112,0.0,0,0,2017-04-17,32484969,1118.0,41,0,0,0,0,0,0,0,0,1118.5,4,0,0,0,0,0,0,0,0
168,2017-04-17,09:01:25,429,jm1709,XDCE,1118.5,1110.0,1139.0,102608,6925498020,193136,210082,1227.5,1025.5,1126.5,1108,0,1112,0.0,0,0,2017-04-17,32485429,1118.0,40,0,0,0,0,0,0,0,0,1118.5,4,0,0,0,0,0,0,0,0
169,2017-04-17,09:01:25,792,jm1709,XDCE,1118.5,1110.0,1139.0,102624,6926571600,193120,210082,1227.5,1025.5,1126.5,1108,0,1112,0.0,0,0,2017-04-17,32485792,1118.0,37,0,0,0,0,0,0,0,0,1118.5,8,0,0,0,0,0,0,0,0
170,2017-04-17,09:01:26,450,jm1709,XDCE,1118.0,1110.0,1139.0,102632,6927108420,193112,210082,1227.5,1025.5,1126.5,1108,0,1112,0.0,0,0,2017-04-17,32486450,1118.0,36,0,0,0,0,0,0,0,0,1118.5,9,0,0,0,0,0,0,0,0
171,2017-04-17,09:01:26,916,jm1709,XDCE,1118.5,1110.0,1139.0,102634,6927242640,193110,210082,1227.5,1025.5,1126.5,1108,0,1112,0.0,0,0,2017-04-17,32486916,1118.0,36,0,0,0,0,0,0,0,0,1118.5,9,0,0,0,0,0,0,0,0
172,2017-04-17,09:01:27,468,jm1709,XDCE,1118.0,1110.0,1139.0,102706,6932072400,193048,210082,1227.5,1025.5,1126.5,1108,0,1112,0.0,0,0,2017-04-17,32487468,1117.5,4,0,0,0,0,0,0,0,0,1118.0,6,0,0,0,0,0,0,0,0
173,2017-04-17,09:01:27,954,jm1709,XDCE,1117.5,1110.0,1139.0,102716,6932742960,193044,210082,1227.5,1025.5,1126.5,1108,0,1112,0.0,0,0,2017-04-17,32487954,1117.0,15,0,0,0,0,0,0,0,0,1118.0,21,0,0,0,0,0,0,0,0
174,2017-04-17,09:01:28,463,jm1709,XDCE,1117.5,1110.0,1139.0,102716,6932742960,193044,210082,1227.5,1025.5,1126.5,1108,0,1112,0.0,0,0,2017-04-17,32488463,1117.0,16,0,0,0,0,0,0,0,0,1118.0,23,0,0,0,0,0,0,0,0
175,2017-04-17,09:01:28,951,jm1709,XDCE,1117.0,1110.0,1139.0,102736,6934083360,193036,210082,1227.5,1025.5,1126.5,1108,0,1112,0.0,0,0,2017-04-17,32488951,1117.0,6,0,0,0,0,0,0,0,0,1117.5,10,0,0,0,0,0,0,0,0
176,2017-04-17,09:01:29,253,jm1709,XDCE,1117.0,1110.0,1139.0,102736,6934083360,193036,210082,1227.5,1025.5,1126.5,1108,0,1112,0.0,0,0,2017-04-17,32489253,1117.0,9,0,0,0,0,0,0,0,0,1117.5,10,0,0,0,0,0,0,0,0
177,2017-04-17,09:01:29,780,jm1709,XDCE,1117.0,1110.0,1139.0,102748,6934887600,193038,210082,1227.5,1025.5,1126.5,1108,0,1112,0.0,0,0,2017-04-17,32489780,1117.0,3,0,0,0,0,0,0,0,0,1117.5,10,0,0,0,0,0,0,0,0
178,2017-04-17,09:01:30,343,jm1709,XDCE,1117.5,1110.0,1139.0,102756,6935423820,193030,210082,1227.5,1025.5,1126.5,1108,0,1112,0.0,0,0,2017-04-17,32490343,1116.5,2,0,0,0,0,0,0,0,0,1117.0,2,0,0,0,0,0,0,0,0
179,2017-04-17,09:01:30,909,jm1709,XDCE,1117.0,1110.0,1139.0,102772,6936496140,193020,210082,1227.5,1025.5,1126.5,1108,0,1112,0.0,0,0,2017-04-17,32490909,1116.5,2,0,0,0,0,0,0,0,0,1117.0,15,0,0,0,0,0,0,0,0
180,2017-04-17,09:01:31,463,jm1709,XDCE,1116.5,1110.0,1139.0,102782,6937166220,193016,210082,1227.5,1025.5,1126.5,1108,0,1112,0.0,0,0,2017-04-17,32491463,1116.0,32,0,0,0,0,0,0,0,0,1117.0,13,0,0,0,0,0,0,0,0
181,2017-04-17,09:01:31,958,jm1709,XDCE,1116.5,1110.0,1139.0,102812,6939175200,192996,210082,1227.5,1025.5,1126.5,1108,0,1112,0.0,0,0,2017-04-17,32491958,1116.0,20,0,0,0,0,0,0,0,0,1116.5,123,0,0,0,0,0,0,0,0
182,2017-04-17,09:01:32,341,jm1709,XDCE,1116.5,1110.0,1139.0,102848,6941586120,192980,210082,1227.5,1025.5,1126.5,1108,0,1112,0.0,0,0,2017-04-17,32492341,1116.0,8,0,0,0,0,0,0,0,0,1116.5,125,0,0,0,0,0,0,0,0
183,2017-04-17,09:01:32,935,jm1709,XDCE,1116.0,1110.0,1139.0,102866,6942791400,192978,210082,1227.5,1025.5,1126.5,1108,0,1112,0.0,0,0,2017-04-17,32492935,1115.5,5,0,0,0,0,0,0,0,0,1116.0,9,0,0,0,0,0,0,0,0
184,2017-04-17,09:01:33,464,jm1709,XDCE,1116.0,1110.0,1139.0,102866,6942791400,192978,210082,1227.5,1025.5,1126.5,1108,0,1112,0.0,0,0,2017-04-17,32493464,1115.5,5,0,0,0,0,0,0,0,0,1116.0,14,0,0,0,0,0,0,0,0
185,2017-04-17,09:01:33,876,jm1709,XDCE,1115.5,1110.0,1139.0,102878,6943594620,192988,210082,1227.5,1025.5,1126.5,1108,0,1112,0.0,0,0,2017-04-17,32493876,1115.5,1,0,0,0,0,0,0,0,0,1116.0,22,0,0,0,0,0,0,0,0
186,2017-04-17,09:01:34,441,jm1709,XDCE,1116.0,1110.0,1139.0,102936,6947478240,192988,210082,1227.5,1025.5,1126.5,1108,0,1112,0.0,0,0,2017-04-17,32494441,1115.5,3,0,0,0,0,0,0,0,0,1116.0,6,0,0,0,0,0,0,0,0
187,2017-04-17,09:01:34,940,jm1709,XDCE,1116.0,1110.0,1139.0,102948,6948281760,192982,210082,1227.5,1025.5,1126.5,1108,0,1112,0.0,0,0,2017-04-17,32494940,1116.0,1,0,0,0,0,0,0,0,0,1116.5,175,0,0,0,0,0,0,0,0
188,2017-04-17,09:01:35,448,jm1709,XDCE,1116.0,1110.0,1139.0,102954,6948683460,192982,210082,1227.5,1025.5,1126.5,1108,0,1112,0.0,0,0,2017-04-17,32495448,1115.5,1,0,0,0,0,0,0,0,0,1116.0,35,0,0,0,0,0,0,0,0
189,2017-04-17,09:01:35,843,jm1709,XDCE,1116.0,1110.0,1139.0,102962,6949219140,192980,210082,1227.5,1025.5,1126.5,1108,0,1112,0.0,0,0,2017-04-17,32495843,1115.5,1,0,0,0,0,0,0,0,0,1116.0,41,0,0,0,0,0,0,0,0
190,2017-04-17,09:01:36,409,jm1709,XDCE,1115.5,1110.0,1139.0,102968,6949620660,192976,210082,1227.5,1025.5,1126.5,1108,0,1112,0.0,0,0,2017-04-17,32496409,1115.0,135,0,0,0,0,0,0,0,0,1115.5,2,0,0,0,0,0,0,0,0
191,2017-04-17,09:01:36,853,jm1709,XDCE,1115.0,1110.0,1139.0,103038,6954303780,192998,210082,1227.5,1025.5,1126.5,1108,0,1112,0.0,0,0,2017-04-17,32496853,1115.0,103,0,0,0,0,0,0,0,0,1115.5,3,0,0,0,0,0,0,0,0
192,2017-04-17,09:01:37,368,jm1709,XDCE,1115.0,1110.0,1139.0,103164,6962734080,193046,210082,1227.5,1025.5,1126.5,1108,0,1112,0.0,0,0,2017-04-17,32497368,1115.0,55,0,0,0,0,0,0,0,0,1115.5,16,0,0,0,0,0,0,0,0
193,2017-04-17,09:01:37,891,jm1709,XDCE,1114.5,1110.0,1139.0,103278,6970360560,193060,210082,1227.5,1025.5,1126.5,1108,0,1112,0.0,0,0,2017-04-17,32497891,1114.5,17,0,0,0,0,0,0,0,0,1115.0,29,0,0,0,0,0,0,0,0
194,2017-04-17,09:01:38,420,jm1709,XDCE,1114.5,1110.0,1139.0,103288,6971029260,193060,210082,1227.5,1025.5,1126.5,1108,0,1112,0.0,0,0,2017-04-17,32498420,1114.5,12,0,0,0,0,0,0,0,0,1115.0,34,0,0,0,0,0,0,0,0
195,2017-04-17,09:01:38,950,jm1709,XDCE,1114.5,1110.0,1139.0,103320,6973169100,193072,210082,1227.5,1025.5,1126.5,1108,0,1112,0.0,0,0,2017-04-17,32498950,1114.0,17,0,0,0,0,0,0,0,0,1114.5,1,0,0,0,0,0,0,0,0
196,2017-04-17,09:01:39,456,jm1709,XDCE,1114.5,1110.0,1139.0,103338,6974372520,193074,210082,1227.5,1025.5,1126.5,1108,0,1112,0.0,0,0,2017-04-17,32499456,1114.0,12,0,0,0,0,0,0,0,0,1114.5,14,0,0,0,0,0,0,0,0
197,2017-04-17,09:01:39,960,jm1709,XDCE,1114.5,1110.0,1139.0,103344,6974773740,193078,210082,1227.5,1025.5,1126.5,1108,0,1112,0.0,0,0,2017-04-17,32499960,1114.0,12,0,0,0,0,0,0,0,0,1114.5,62,0,0,0,0,0,0,0,0
198,2017-04-17,09:01:40,378,jm1709,XDCE,1114.5,1110.0,1139.0,103372,6976645440,193100,210082,1227.5,1025.5,1126.5,1108,0,1112,0.0,0,0,2017-04-17,32500378,1113.5,13,0,0,0,0,0,0,0,0,1114.5,70,0,0,0,0,0,0,0,0
199,2017-04-17,09:01:40,846,jm1709,XDCE,1114.0,1110.0,1139.0,103376,6976912800,193104,210082,1227.5,1025.5,1126.5,1108,0,1112,0.0,0,0,2017-04-17,32500846,1113.5,15,0,0,0,0,0,0,0,0,1114.0,7,0,0,0,0,0,0,0,0
200,2017-04-17,09:01:41,462,jm1709,XDCE,1113.5,1110.0,1139.0,103384,6977447280,193104,210082,1227.5,1025.5,1126.5,1108,0,1112,0.0,0,0,2017-04-17,32501462,1113.5,11,0,0,0,0,0,0,0,0,1114.0,19,0,0,0,0,0,0,0,0
201,2017-04-17,09:01:41,895,jm1709,XDCE,1114.0,1110.0,1139.0,103392,6977982000,193100,210082,1227.5,1025.5,1126.5,1108,0,1112,0.0,0,0,2017-04-17,32501895,1113.5,11,0,0,0,0,0,0,0,0,1114.0,18,0,0,0,0,0,0,0,0
202,2017-04-17,09:01:42,363,jm1709,XDCE,1113.5,1110.0,1139.0,103398,6978382860,193102,210082,1227.5,1025.5,1126.5,1108,0,1112,0.0,0,0,2017-04-17,32502363,1113.5,11,0,0,0,0,0,0,0,0,1114.0,19,0,0,0,0,0,0,0,0
203,2017-04-17,09:01:42,879,jm1709,XDCE,1113.5,1110.0,1139.0,103434,6980788200,193090,210082,1227.5,1025.5,1126.5,1108,0,1112,0.0,0,0,2017-04-17,32502879,1113.0,13,0,0,0,0,0,0,0,0,1113.5,6,0,0,0,0,0,0,0,0
204,2017-04-17,09:01:43,451,jm1709,XDCE,1114.0,1110.0,1139.0,103452,6981990900,193088,210082,1227.5,1025.5,1126.5,1108,0,1112,0.0,0,0,2017-04-17,32503451,1113.5,8,0,0,0,0,0,0,0,0,1114.0,14,0,0,0,0,0,0,0,0
205,2017-04-17,09:01:43,971,jm1709,XDCE,1113.5,1110.0,1139.0,103496,6984930360,193052,210082,1227.5,1025.5,1126.5,1108,0,1112,0.0,0,0,2017-04-17,32503971,1113.0,10,0,0,0,0,0,0,0,0,1113.5,103,0,0,0,0,0,0,0,0
206,2017-04-17,09:01:44,382,jm1709,XDCE,1113.0,1110.0,1139.0,103502,6985331040,193056,210082,1227.5,1025.5,1126.5,1108,0,1112,0.0,0,0,2017-04-17,32504382,1113.0,8,0,0,0,0,0,0,0,0,1113.5,114,0,0,0,0,0,0,0,0
207,2017-04-17,09:01:44,952,jm1709,XDCE,1113.5,1110.0,1139.0,103558,6989072340,193012,210082,1227.5,1025.5,1126.5,1108,0,1112,0.0,0,0,2017-04-17,32504952,1113.0,7,0,0,0,0,0,0,0,0,1113.5,88,0,0,0,0,0,0,0,0
208,2017-04-17,09:01:45,453,jm1709,XDCE,1113.0,1110.0,1139.0,103588,6991076400,193002,210082,1227.5,1025.5,1126.5,1108,0,1112,0.0,0,0,2017-04-17,32505453,1113.0,6,0,0,0,0,0,0,0,0,1113.5,82,0,0,0,0,0,0,0,0
209,2017-04-17,09:01:45,936,jm1709,XDCE,1113.0,1110.0,1139.0,103600,6991877880,193002,210082,1227.5,1025.5,1126.5,1108,0,1112,0.0,0,0,2017-04-17,32505936,1113.0,4,0,0,0,0,0,0,0,0,1113.5,85,0,0,0,0,0,0,0,0
210,2017-04-17,09:01:46,469,jm1709,XDCE,1113.0,1110.0,1139.0,103604,6992145000,193004,210082,1227.5,1025.5,1126.5,1108,0,1112,0.0,0,0,2017-04-17,32506469,1113.0,2,0,0,0,0,0,0,0,0,1113.5,90,0,0,0,0,0,0,0,0
211,2017-04-17,09:01:46,903,jm1709,XDCE,1113.0,1110.0,1139.0,103638,6994416420,192976,210082,1227.5,1025.5,1126.5,1108,0,1112,0.0,0,0,2017-04-17,32506903,1113.0,3,0,0,0,0,0,0,0,0,1113.5,78,0,0,0,0,0,0,0,0
212,2017-04-17,09:01:47,435,jm1709,XDCE,1113.0,1110.0,1139.0,103646,6994950720,192980,210082,1227.5,1025.5,1126.5,1108,0,1112,0.0,0,0,2017-04-17,32507435,1113.0,1,0,0,0,0,0,0,0,0,1113.5,83,0,0,0,0,0,0,0,0
213,2017-04-17,09:01:47,871,jm1709,XDCE,1113.0,1110.0,1139.0,103650,6995217840,192980,210082,1227.5,1025.5,1126.5,1108,0,1112,0.0,0,0,2017-04-17,32507871,1112.5,10,0,0,0,0,0,0,0,0,1113.0,4,0,0,0,0,0,0,0,0
214,2017-04-17,09:01:48,391,jm1709,XDCE,1113.0,1110.0,1139.0,103656,6995618520,192980,210082,1227.5,1025.5,1126.5,1108,0,1112,0.0,0,0,2017-04-17,32508391,1112.5,11,0,0,0,0,0,0,0,0,1113.0,13,0,0,0,0,0,0,0,0
215,2017-04-17,09:01:48,966,jm1709,XDCE,1113.0,1110.0,1139.0,103684,6997487580,192980,210082,1227.5,1025.5,1126.5,1108,0,1112,0.0,0,0,2017-04-17,32508966,1112.5,1,0,0,0,0,0,0,0,0,1113.0,14,0,0,0,0,0,0,0,0
216,2017-04-17,09:01:49,970,jm1709,XDCE,1112.5,1110.0,1139.0,103702,6998689080,192964,210082,1227.5,1025.5,1126.5,1108,0,1112,0.0,0,0,2017-04-17,32509970,1112.0,61,0,0,0,0,0,0,0,0,1112.5,10,0,0,0,0,0,0,0,0
217,2017-04-17,09:01:50,388,jm1709,XDCE,1112.0,1110.0,1139.0,103760,7002561180,192950,210082,1227.5,1025.5,1126.5,1108,0,1112,0.0,0,0,2017-04-17,32510388,1112.5,6,0,0,0,0,0,0,0,0,1113.0,15,0,0,0,0,0,0,0,0
218,2017-04-17,09:01:50,962,jm1709,XDCE,1113.0,1110.0,1139.0,103808,7005766560,192920,210082,1227.5,1025.5,1126.5,1108,0,1112,0.0,0,0,2017-04-17,32510962,1113.0,1,0,0,0,0,0,0,0,0,1113.5,77,0,0,0,0,0,0,0,0
219,2017-04-17,09:01:51,334,jm1709,XDCE,1112.0,1110.0,1139.0,103828,7007101560,192906,210082,1227.5,1025.5,1126.5,1108,0,1112,0.0,0,0,2017-04-17,32511334,1112.0,57,0,0,0,0,0,0,0,0,1112.5,37,0,0,0,0,0,0,0,0
220,2017-04-17,09:01:51,943,jm1709,XDCE,1112.5,1110.0,1139.0,103876,7010305260,192878,210082,1227.5,1025.5,1126.5,1108,0,1112,0.0,0,0,2017-04-17,32511943,1112.0,55,0,0,0,0,0,0,0,0,1112.5,30,0,0,0,0,0,0,0,0
221,2017-04-17,09:01:52,412,jm1709,XDCE,1112.0,1110.0,1139.0,103896,7011639660,192874,210082,1227.5,1025.5,1126.5,1108,0,1112,0.0,0,0,2017-04-17,32512412,1112.0,46,0,0,0,0,0,0,0,0,1112.5,31,0,0,0,0,0,0,0,0
222,2017-04-17,09:01:52,946,jm1709,XDCE,1112.5,1110.0,1139.0,103972,7016712420,192884,210082,1227.5,1025.5,1126.5,1108,0,1112,0.0,0,0,2017-04-17,32512946,1112.5,5,0,0,0,0,0,0,0,0,1113.0,26,0,0,0,0,0,0,0,0
223,2017-04-17,09:01:53,444,jm1709,XDCE,1112.0,1110.0,1139.0,103992,7018047180,192892,210082,1227.5,1025.5,1126.5,1108,0,1112,0.0,0,0,2017-04-17,32513444,1112.0,38,0,0,0,0,0,0,0,0,1112.5,1,0,0,0,0,0,0,0,0
224,2017-04-17,09:01:53,955,jm1709,XDCE,1112.0,1110.0,1139.0,104002,7018714380,192884,210082,1227.5,1025.5,1126.5,1108,0,1112,0.0,0,0,2017-04-17,32513955,1112.5,2,0,0,0,0,0,0,0,0,1113.0,32,0,0,0,0,0,0,0,0
225,2017-04-17,09:01:54,355,jm1709,XDCE,1112.0,1110.0,1139.0,104024,7020182820,192882,210082,1227.5,1025.5,1126.5,1108,0,1112,0.0,0,0,2017-04-17,32514355,1112.0,39,0,0,0,0,0,0,0,0,1113.0,78,0,0,0,0,0,0,0,0
226,2017-04-17,09:01:54,941,jm1709,XDCE,1113.0,1110.0,1139.0,104030,7020583440,192878,210082,1227.5,1025.5,1126.5,1108,0,1112,0.0,0,0,2017-04-17,32514941,1112.0,39,0,0,0,0,0,0,0,0,1113.0,40,0,0,0,0,0,0,0,0
227,2017-04-17,09:01:55,424,jm1709,XDCE,1112.0,1110.0,1139.0,104036,7020983760,192874,210082,1227.5,1025.5,1126.5,1108,0,1112,0.0,0,0,2017-04-17,32515424,1112.0,43,0,0,0,0,0,0,0,0,1112.5,3,0,0,0,0,0,0,0,0
228,2017-04-17,09:01:55,911,jm1709,XDCE,1112.0,1110.0,1139.0,104056,7022318820,192868,210082,1227.5,1025.5,1126.5,1108,0,1112,0.0,0,0,2017-04-17,32515911,1112.0,47,0,0,0,0,0,0,0,0,1112.5,1,0,0,0,0,0,0,0,0
229,2017-04-17,09:01:56,466,jm1709,XDCE,1112.0,1110.0,1139.0,104078,7023786960,192852,210082,1227.5,1025.5,1126.5,1108,0,1112,0.0,0,0,2017-04-17,32516466,1112.5,1,0,0,0,0,0,0,0,0,1113.0,40,0,0,0,0,0,0,0,0
230,2017-04-17,09:01:56,859,jm1709,XDCE,1112.5,1110.0,1139.0,104082,7024053960,192852,210082,1227.5,1025.5,1126.5,1108,0,1112,0.0,0,0,2017-04-17,32516859,1112.5,1,0,0,0,0,0,0,0,0,1113.0,29,0,0,0,0,0,0,0,0
231,2017-04-17,09:01:57,416,jm1709,XDCE,1112.5,1110.0,1139.0,104094,7024854840,192852,210082,1227.5,1025.5,1126.5,1108,0,1112,0.0,0,0,2017-04-17,32517416,1112.5,11,0,0,0,0,0,0,0,0,1113.0,30,0,0,0,0,0,0,0,0
232,2017-04-17,09:01:57,917,jm1709,XDCE,1112.5,1110.0,1139.0,104122,7026723720,192872,210082,1227.5,1025.5,1126.5,1108,0,1112,0.0,0,0,2017-04-17,32517917,1112.5,5,0,0,0,0,0,0,0,0,1113.0,36,0,0,0,0,0,0,0,0
233,2017-04-17,09:01:58,416,jm1709,XDCE,1112.5,1110.0,1139.0,104148,7028459220,192886,210082,1227.5,1025.5,1126.5,1108,0,1112,0.0,0,0,2017-04-17,32518416,1112.0,37,0,0,0,0,0,0,0,0,1112.5,1,0,0,0,0,0,0,0,0
234,2017-04-17,09:01:58,906,jm1709,XDCE,1112.0,1110.0,1139.0,104156,7028992980,192892,210082,1227.5,1025.5,1126.5,1108,0,1112,0.0,0,0,2017-04-17,32518906,1112.0,33,0,0,0,0,0,0,0,0,1112.5,52,0,0,0,0,0,0,0,0
235,2017-04-17,09:01:59,421,jm1709,XDCE,1112.0,1110.0,1139.0,104240,7034597040,192956,210082,1227.5,1025.5,1126.5,1108,0,1112,0.0,0,0,2017-04-17,32519421,1111.5,18,0,0,0,0,0,0,0,0,1112.0,15,0,0,0,0,0,0,0,0
236,2017-04-17,09:01:59,911,jm1709,XDCE,1112.0,1110.0,1139.0,104292,7038065400,192958,210082,1227.5,1025.5,1126.5,1108,0,1112,0.0,0,0,2017-04-17,32519911,1111.5,1,0,0,0,0,0,0,0,0,1112.0,13,0,0,0,0,0,0,0,0
237,2017-04-17,09:02:00,456,jm1709,XDCE,1111.5,1110.0,1139.0,104312,7039398960,192950,210082,1227.5,1025.5,1126.5,1108,0,1112,0.0,0,0,2017-04-17,32520456,1111.0,23,0,0,0,0,0,0,0,0,1111.5,19,0,0,0,0,0,0,0,0
238,2017-04-17,09:02:00,951,jm1709,XDCE,1107.5,1107.5,1139.0,104822,7073330100,192806,210082,1227.5,1025.5,1126.5,1108,0,1112,0.0,0,0,2017-04-17,32520951,1108.0,4,0,0,0,0,0,0,0,0,1110.0,2,0,0,0,0,0,0,0,0
239,2017-04-17,09:02:01,467,jm1709,XDCE,1108.5,1107.5,1139.0,104898,7078386540,192794,210082,1227.5,1025.5,1126.5,1108,0,1112,0.0,0,0,2017-04-17,32521467,1108.5,4,0,0,0,0,0,0,0,0,1109.0,1,0,0,0,0,0,0,0,0
240,2017-04-17,09:02:01,921,jm1709,XDCE,1108.5,1107.5,1139.0,104926,7080249600,192786,210082,1227.5,1025.5,1126.5,1108,0,1112,0.0,0,0,2017-04-17,32521921,1109.0,1,0,0,0,0,0,0,0,0,1109.5,1,0,0,0,0,0,0,0,0
241,2017-04-17,09:02:02,472,jm1709,XDCE,1109.0,1107.5,1139.0,104952,7081979520,192782,210082,1227.5,1025.5,1126.5,1108,0,1112,0.0,0,0,2017-04-17,32522472,1108.5,7,0,0,0,0,0,0,0,0,1109.5,1,0,0,0,0,0,0,0,0
242,2017-04-17,09:02:02,857,jm1709,XDCE,1109.5,1107.5,1139.0,104968,7083044040,192782,210082,1227.5,1025.5,1126.5,1108,0,1112,0.0,0,0,2017-04-17,32522857,1108.5,2,0,0,0,0,0,0,0,0,1109.5,2,0,0,0,0,0,0,0,0
243,2017-04-17,09:02:03,451,jm1709,XDCE,1109.5,1107.5,1139.0,104968,7083044040,192782,210082,1227.5,1025.5,1126.5,1108,0,1112,0.0,0,0,2017-04-17,32523451,1108.5,2,0,0,0,0,0,0,0,0,1109.0,1,0,0,0,0,0,0,0,0
244,2017-04-17,09:02:03,829,jm1709,XDCE,1109.5,1107.5,1139.0,104992,7084641420,192788,210082,1227.5,1025.5,1126.5,1108,0,1112,0.0,0,0,2017-04-17,32523829,1108.0,4,0,0,0,0,0,0,0,0,1109.5,7,0,0,0,0,0,0,0,0
245,2017-04-17,09:02:04,451,jm1709,XDCE,1108.0,1107.5,1139.0,105006,7085572500,192788,210082,1227.5,1025.5,1126.5,1108,0,1112,0.0,0,0,2017-04-17,32524451,1108.0,5,0,0,0,0,0,0,0,0,1110.0,5,0,0,0,0,0,0,0,0
246,2017-04-17,09:02:04,921,jm1709,XDCE,1108.0,1107.5,1139.0,105034,7087435980,192774,210082,1227.5,1025.5,1126.5,1108,0,1112,0.0,0,0,2017-04-17,32524921,1108.5,2,0,0,0,0,0,0,0,0,1109.5,5,0,0,0,0,0,0,0,0
247,2017-04-17,09:02:05,405,jm1709,XDCE,1108.5,1107.5,1139.0,105046,7088234100,192764,210082,1227.5,1025.5,1126.5,1108,0,1112,0.0,0,0,2017-04-17,32525405,1108.5,1,0,0,0,0,0,0,0,0,1109.0,3,0,0,0,0,0,0,0,0
248,2017-04-17,09:02:05,810,jm1709,XDCE,1109.0,1107.5,1139.0,105064,7089431760,192758,210082,1227.5,1025.5,1126.5,1108,0,1112,0.0,0,0,2017-04-17,32525810,1108.0,7,0,0,0,0,0,0,0,0,1108.5,2,0,0,0,0,0,0,0,0
249,2017-04-17,09:02:06,461,jm1709,XDCE,1108.5,1107.5,1139.0,105112,7092624600,192756,210082,1227.5,1025.5,1126.5,1108,0,1112,0.0,0,0,2017-04-17,32526461,1109.0,2,0,0,0,0,0,0,0,0,1110.5,41,0,0,0,0,0,0,0,0
250,2017-04-17,09:02:06,867,jm1709,XDCE,1109.0,1107.5,1139.0,105130,7093822260,192758,210082,1227.5,1025.5,1126.5,1108,0,1112,0.0,0,0,2017-04-17,32526867,1108.5,5,0,0,0,0,0,0,0,0,1109.5,12,0,0,0,0,0,0,0,0
251,2017-04-17,09:02:07,446,jm1709,XDCE,1109.5,1107.5,1139.0,105180,7097147220,192740,210082,1227.5,1025.5,1126.5,1108,0,1112,0.0,0,0,2017-04-17,32527446,1108.5,3,0,0,0,0,0,0,0,0,1109.5,2,0,0,0,0,0,0,0,0
252,2017-04-17,09:02:07,963,jm1709,XDCE,1109.0,1107.5,1139.0,105216,7099541640,192732,210082,1227.5,1025.5,1126.5,1108,0,1112,0.0,0,0,2017-04-17,32527963,1108.0,5,0,0,0,0,0,0,0,0,1109.0,2,0,0,0,0,0,0,0,0
253,2017-04-17,09:02:08,472,jm1709,XDCE,1109.0,1107.5,1139.0,105240,7101138600,192718,210082,1227.5,1025.5,1126.5,1108,0,1112,0.0,0,0,2017-04-17,32528472,1109.0,13,0,0,0,0,0,0,0,0,1109.5,2,0,0,0,0,0,0,0,0
254,2017-04-17,09:02:08,908,jm1709,XDCE,1108.5,1107.5,1139.0,105282,7103932860,192684,210082,1227.5,1025.5,1126.5,1108,0,1112,0.0,0,0,2017-04-17,32528908,1108.0,3,0,0,0,0,0,0,0,0,1108.5,35,0,0,0,0,0,0,0,0
255,2017-04-17,09:02:09,446,jm1709,XDCE,1108.5,1107.5,1139.0,105296,7104863880,192678,210082,1227.5,1025.5,1126.5,1108,0,1112,0.0,0,0,2017-04-17,32529446,1108.0,1,0,0,0,0,0,0,0,0,1108.5,30,0,0,0,0,0,0,0,0
256,2017-04-17,09:02:09,903,jm1709,XDCE,1108.5,1107.5,1139.0,105326,7106858820,192664,210082,1227.5,1025.5,1126.5,1108,0,1112,0.0,0,0,2017-04-17,32529903,1108.0,28,0,0,0,0,0,0,0,0,1108.5,22,0,0,0,0,0,0,0,0
257,2017-04-17,09:02:10,356,jm1709,XDCE,1109.0,1107.5,1139.0,105388,7110982860,192610,210082,1227.5,1025.5,1126.5,1108,0,1112,0.0,0,0,2017-04-17,32530356,1109.0,2,0,0,0,0,0,0,0,0,1109.5,4,0,0,0,0,0,0,0,0
258,2017-04-17,09:02:10,843,jm1709,XDCE,1109.0,1107.5,1139.0,105390,7111115940,192608,210082,1227.5,1025.5,1126.5,1108,0,1112,0.0,0,0,2017-04-17,32530843,1109.0,20,0,0,0,0,0,0,0,0,1109.5,5,0,0,0,0,0,0,0,0
259,2017-04-17,09:02:11,358,jm1709,XDCE,1109.0,1107.5,1139.0,105414,7112713320,192598,210082,1227.5,1025.5,1126.5,1108,0,1112,0.0,0,0,2017-04-17,32531358,1108.5,40,0,0,0,0,0,0,0,0,1109.0,4,0,0,0,0,0,0,0,0
260,2017-04-17,09:02:11,932,jm1709,XDCE,1109.5,1107.5,1139.0,105442,7114577520,192576,210082,1227.5,1025.5,1126.5,1108,0,1112,0.0,0,0,2017-04-17,32531932,1109.0,7,0,0,0,0,0,0,0,0,1109.5,9,0,0,0,0,0,0,0,0
261,2017-04-17,09:02:12,463,jm1709,XDCE,1109.5,1107.5,1139.0,105464,7116041940,192562,210082,1227.5,1025.5,1126.5,1108,0,1112,0.0,0,0,2017-04-17,32532463,1109.0,8,0,0,0,0,0,0,0,0,1110.5,38,0,0,0,0,0,0,0,0
262,2017-04-17,09:02:12,948,jm1709,XDCE,1110.0,1107.5,1139.0,105478,7116973980,192550,210082,1227.5,1025.5,1126.5,1108,0,1112,0.0,0,0,2017-04-17,32532948,1110.0,1,0,0,0,0,0,0,0,0,1110.5,44,0,0,0,0,0,0,0,0
263,2017-04-17,09:02:13,410,jm1709,XDCE,1111.0,1107.5,1139.0,105560,7122437640,192476,210082,1227.5,1025.5,1126.5,1108,0,1112,0.0,0,0,2017-04-17,32533410,1110.5,40,0,0,0,0,0,0,0,0,1111.5,4,0,0,0,0,0,0,0,0
264,2017-04-17,09:02:13,877,jm1709,XDCE,1111.5,1107.5,1139.0,105570,7123104300,192476,210082,1227.5,1025.5,1126.5,1108,0,1112,0.0,0,0,2017-04-17,32533877,1111.0,4,0,0,0,0,0,0,0,0,1111.5,4,0,0,0,0,0,0,0,0
265,2017-04-17,09:02:14,395,jm1709,XDCE,1109.5,1107.5,1139.0,105606,7125502620,192476,210082,1227.5,1025.5,1126.5,1108,0,1112,0.0,0,0,2017-04-17,32534395,1109.5,1,0,0,0,0,0,0,0,0,1111.0,1,0,0,0,0,0,0,0,0
266,2017-04-17,09:02:14,952,jm1709,XDCE,1111.0,1107.5,1139.0,105610,7125769080,192472,210082,1227.5,1025.5,1126.5,1108,0,1112,0.0,0,0,2017-04-17,32534952,1110.0,1,0,0,0,0,0,0,0,0,1111.0,4,0,0,0,0,0,0,0,0
267,2017-04-17,09:02:15,470,jm1709,XDCE,1109.5,1107.5,1139.0,105638,7127633340,192458,210082,1227.5,1025.5,1126.5,1108,0,1112,0.0,0,0,2017-04-17,32535470,1109.5,5,0,0,0,0,0,0,0,0,1110.0,1,0,0,0,0,0,0,0,0
268,2017-04-17,09:02:15,945,jm1709,XDCE,1110.0,1107.5,1139.0,105658,7128964920,192442,210082,1227.5,1025.5,1126.5,1108,0,1112,0.0,0,0,2017-04-17,32535945,1109.5,24,0,0,0,0,0,0,0,0,1110.0,4,0,0,0,0,0,0,0,0
269,2017-04-17,09:02:16,440,jm1709,XDCE,1110.0,1107.5,1139.0,105672,7129897380,192446,210082,1227.5,1025.5,1126.5,1108,0,1112,0.0,0,0,2017-04-17,32536440,1110.0,4,0,0,0,0,0,0,0,0,1110.5,3,0,0,0,0,0,0,0,0
270,2017-04-17,09:02:16,953,jm1709,XDCE,1110.0,1107.5,1139.0,105694,7131362580,192436,210082,1227.5,1025.5,1126.5,1108,0,1112,0.0,0,0,2017-04-17,32536953,1109.0,28,0,0,0,0,0,0,0,0,1109.5,1,0,0,0,0,0,0,0,0
271,2017-04-17,09:02:17,436,jm1709,XDCE,1106.5,1106.0,1139.0,106244,7167920640,192066,210082,1227.5,1025.5,1126.5,1108,0,1112,0.0,0,0,2017-04-17,32537436,1106.0,18,0,0,0,0,0,0,0,0,1106.5,1,0,0,0,0,0,0,0,0
272,2017-04-17,09:02:17,933,jm1709,XDCE,1106.0,1106.0,1139.0,106332,7173762960,192038,210082,1227.5,1025.5,1126.5,1108,0,1112,0.0,0,0,2017-04-17,32537933,1106.0,15,0,0,0,0,0,0,0,0,1107.0,120,0,0,0,0,0,0,0,0
273,2017-04-17,09:02:18,433,jm1709,XDCE,1107.0,1106.0,1139.0,106446,7181330400,192010,210082,1227.5,1025.5,1126.5,1108,0,1112,0.0,0,0,2017-04-17,32538433,1105.5,28,0,0,0,0,0,0,0,0,1107.0,102,0,0,0,0,0,0,0,0
274,2017-04-17,09:02:18,843,jm1709,XDCE,1107.0,1106.0,1139.0,106472,7183056900,191988,210082,1227.5,1025.5,1126.5,1108,0,1112,0.0,0,0,2017-04-17,32538843,1106.5,3,0,0,0,0,0,0,0,0,1107.0,93,0,0,0,0,0,0,0,0
275,2017-04-17,09:02:19,441,jm1709,XDCE,1107.0,1106.0,1139.0,106494,7184517960,191988,210082,1227.5,1025.5,1126.5,1108,0,1112,0.0,0,0,2017-04-17,32539441,1106.0,50,0,0,0,0,0,0,0,0,1107.0,85,0,0,0,0,0,0,0,0
276,2017-04-17,09:02:19,856,jm1709,XDCE,1107.0,1106.0,1139.0,106502,7185049320,191980,210082,1227.5,1025.5,1126.5,1108,0,1112,0.0,0,0,2017-04-17,32539856,1106.5,2,0,0,0,0,0,0,0,0,1107.0,81,0,0,0,0,0,0,0,0
277,2017-04-17,09:02:20,296,jm1709,XDCE,1107.0,1106.0,1139.0,106642,7194342060,191958,210082,1227.5,1025.5,1126.5,1108,0,1112,0.0,0,0,2017-04-17,32540296,1106.0,9,0,0,0,0,0,0,0,0,1106.5,4,0,0,0,0,0,0,0,0
278,2017-04-17,09:02:20,959,jm1709,XDCE,1107.0,1106.0,1139.0,106722,7199655120,191918,210082,1227.5,1025.5,1126.5,1108,0,1112,0.0,0,0,2017-04-17,32540959,1106.5,14,0,0,0,0,0,0,0,0,1107.0,32,0,0,0,0,0,0,0,0
279,2017-04-17,09:02:21,397,jm1709,XDCE,1110.5,1106.0,1139.0,106820,7206169980,191838,210082,1227.5,1025.5,1126.5,1108,0,1112,0.0,0,0,2017-04-17,32541397,1109.5,1,0,0,0,0,0,0,0,0,1110.5,31,0,0,0,0,0,0,0,0
280,2017-04-17,09:02:21,899,jm1709,XDCE,1110.5,1106.0,1139.0,106924,7213088880,191778,210082,1227.5,1025.5,1126.5,1108,0,1112,0.0,0,0,2017-04-17,32541899,1109.5,7,0,0,0,0,0,0,0,0,1110.5,38,0,0,0,0,0,0,0,0
281,2017-04-17,09:02:22,397,jm1709,XDCE,1110.5,1106.0,1139.0,106928,7213355400,191778,210082,1227.5,1025.5,1126.5,1108,0,1112,0.0,0,0,2017-04-17,32542397,1109.5,11,0,0,0,0,0,0,0,0,1110.5,39,0,0,0,0,0,0,0,0
282,2017-04-17,09:02:22,951,jm1709,XDCE,1109.5,1106.0,1139.0,106934,7213754940,191776,210082,1227.5,1025.5,1126.5,1108,0,1112,0.0,0,0,2017-04-17,32542951,1109.5,9,0,0,0,0,0,0,0,0,1110.0,7,0,0,0,0,0,0,0,0
283,2017-04-17,09:02:23,454,jm1709,XDCE,1109.5,1106.0,1139.0,106956,7215219420,191762,210082,1227.5,1025.5,1126.5,1108,0,1112,0.0,0,0,2017-04-17,32543454,1108.0,4,0,0,0,0,0,0,0,0,1109.5,32,0,0,0,0,0,0,0,0
284,2017-04-17,09:02:23,923,jm1709,XDCE,1109.0,1106.0,1139.0,106964,7215751680,191760,210082,1227.5,1025.5,1126.5,1108,0,1112,0.0,0,0,2017-04-17,32543923,1108.5,1,0,0,0,0,0,0,0,0,1109.0,2,0,0,0,0,0,0,0,0
285,2017-04-17,09:02:24,429,jm1709,XDCE,1108.5,1106.0,1139.0,106974,7216416840,191752,210082,1227.5,1025.5,1126.5,1108,0,1112,0.0,0,0,2017-04-17,32544429,1108.5,1,0,0,0,0,0,0,0,0,1109.0,10,0,0,0,0,0,0,0,0
286,2017-04-17,09:02:24,932,jm1709,XDCE,1108.5,1106.0,1139.0,106990,7217481120,191744,210082,1227.5,1025.5,1126.5,1108,0,1112,0.0,0,0,2017-04-17,32544932,1108.0,2,0,0,0,0,0,0,0,0,1109.0,8,0,0,0,0,0,0,0,0
287,2017-04-17,09:02:25,351,jm1709,XDCE,1109.0,1106.0,1139.0,107016,7219210860,191720,210082,1227.5,1025.5,1126.5,1108,0,1112,0.0,0,0,2017-04-17,32545351,1109.0,12,0,0,0,0,0,0,0,0,1109.5,43,0,0,0,0,0,0,0,0
288,2017-04-17,09:02:25,877,jm1709,XDCE,1108.0,1106.0,1139.0,107056,7221872220,191686,210082,1227.5,1025.5,1126.5,1108,0,1112,0.0,0,0,2017-04-17,32545877,1108.0,8,0,0,0,0,0,0,0,0,1109.0,3,0,0,0,0,0,0,0,0
289,2017-04-17,09:02:26,379,jm1709,XDCE,1108.0,1106.0,1139.0,107056,7221872220,191686,210082,1227.5,1025.5,1126.5,1108,0,1112,0.0,0,0,2017-04-17,32546379,1108.0,6,0,0,0,0,0,0,0,0,1109.0,23,0,0,0,0,0,0,0,0
290,2017-04-17,09:02:26,961,jm1709,XDCE,1109.0,1106.0,1139.0,107116,7225863240,191656,210082,1227.5,1025.5,1126.5,1108,0,1112,0.0,0,0,2017-04-17,32546961,1107.5,3,0,0,0,0,0,0,0,0,1109.0,5,0,0,0,0,0,0,0,0
291,2017-04-17,09:02:27,397,jm1709,XDCE,1109.0,1106.0,1139.0,107128,7226661720,191664,210082,1227.5,1025.5,1126.5,1108,0,1112,0.0,0,0,2017-04-17,32547397,1108.0,1,0,0,0,0,0,0,0,0,1108.5,8,0,0,0,0,0,0,0,0
292,2017-04-17,09:02:27,914,jm1709,XDCE,1108.5,1106.0,1139.0,107150,7228124580,191656,210082,1227.5,1025.5,1126.5,1108,0,1112,0.0,0,0,2017-04-17,32547914,1107.5,2,0,0,0,0,0,0,0,0,1108.5,3,0,0,0,0,0,0,0,0
293,2017-04-17,09:02:28,277,jm1709,XDCE,1108.5,1106.0,1139.0,107156,7228523640,191656,210082,1227.5,1025.5,1126.5,1108,0,1112,0.0,0,0,2017-04-17,32548277,1108.0,10,0,0,0,0,0,0,0,0,1109.0,4,0,0,0,0,0,0,0,0
294,2017-04-17,09:02:28,857,jm1709,XDCE,1108.0,1106.0,1139.0,107158,7228656600,191658,210082,1227.5,1025.5,1126.5,1108,0,1112,0.0,0,0,2017-04-17,32548857,1108.0,14,0,0,0,0,0,0,0,0,1108.5,2,0,0,0,0,0,0,0,0
295,2017-04-17,09:02:29,329,jm1709,XDCE,1109.0,1106.0,1139.0,107166,7229188800,191650,210082,1227.5,1025.5,1126.5,1108,0,1112,0.0,0,0,2017-04-17,32549329,1108.5,5,0,0,0,0,0,0,0,0,1109.5,38,0,0,0,0,0,0,0,0
296,2017-04-17,09:02:29,877,jm1709,XDCE,1108.0,1106.0,1139.0,107182,7230252780,191656,210082,1227.5,1025.5,1126.5,1108,0,1112,0.0,0,0,2017-04-17,32549877,1108.0,11,0,0,0,0,0,0,0,0,1109.0,1,0,0,0,0,0,0,0,0
297,2017-04-17,09:02:30,351,jm1709,XDCE,1108.5,1106.0,1139.0,107194,7231050960,191656,210082,1227.5,1025.5,1126.5,1108,0,1112,0.0,0,0,2017-04-17,32550351,1108.5,1,0,0,0,0,0,0,0,0,1109.0,1,0,0,0,0,0,0,0,0
298,2017-04-17,09:02:30,877,jm1709,XDCE,1108.0,1106.0,1139.0,107206,7231849200,191654,210082,1227.5,1025.5,1126.5,1108,0,1112,0.0,0,0,2017-04-17,32550877,1108.5,10,0,0,0,0,0,0,0,0,1109.0,1,0,0,0,0,0,0,0,0
299,2017-04-17,09:02:31,467,jm1709,XDCE,1109.5,1106.0,1139.0,107222,7232914260,191638,210082,1227.5,1025.5,1126.5,1108,0,1112,0.0,0,0,2017-04-17,32551467,1109.0,17,0,0,0,0,0,0,0,0,1109.5,28,0,0,0,0,0,0,0,0
300,2017-04-17,09:02:31,967,jm1709,XDCE,1110.0,1106.0,1139.0,107288,7237308060,191650,210082,1227.5,1025.5,1126.5,1108,0,1112,0.0,0,0,2017-04-17,32551967,1109.5,8,0,0,0,0,0,0,0,0,1110.5,2,0,0,0,0,0,0,0,0
301,2017-04-17,09:02:32,470,jm1709,XDCE,1110.0,1106.0,1139.0,107302,7238240280,191656,210082,1227.5,1025.5,1126.5,1108,0,1112,0.0,0,0,2017-04-17,32552470,1109.5,5,0,0,0,0,0,0,0,0,1110.0,1,0,0,0,0,0,0,0,0
302,2017-04-17,09:02:32,973,jm1709,XDCE,1109.5,1106.0,1139.0,107310,7238772900,191662,210082,1227.5,1025.5,1126.5,1108,0,1112,0.0,0,0,2017-04-17,32552973,1109.5,5,0,0,0,0,0,0,0,0,1110.0,2,0,0,0,0,0,0,0,0
303,2017-04-17,09:02:33,425,jm1709,XDCE,1109.5,1106.0,1139.0,107322,7239571860,191662,210082,1227.5,1025.5,1126.5,1108,0,1112,0.0,0,0,2017-04-17,32553425,1110.0,4,0,0,0,0,0,0,0,0,1110.5,2,0,0,0,0,0,0,0,0
304,2017-04-17,09:02:33,892,jm1709,XDCE,1109.5,1106.0,1139.0,107336,7240504200,191656,210082,1227.5,1025.5,1126.5,1108,0,1112,0.0,0,0,2017-04-17,32553892,1109.5,4,0,0,0,0,0,0,0,0,1110.0,1,0,0,0,0,0,0,0,0
305,2017-04-17,09:02:34,400,jm1709,XDCE,1110.5,1106.0,1139.0,107348,7241303700,191648,210082,1227.5,1025.5,1126.5,1108,0,1112,0.0,0,0,2017-04-17,32554400,1110.5,6,0,0,0,0,0,0,0,0,1111.0,4,0,0,0,0,0,0,0,0
306,2017-04-17,09:02:34,873,jm1709,XDCE,1109.5,1106.0,1139.0,107374,7243035300,191632,210082,1227.5,1025.5,1126.5,1108,0,1112,0.0,0,0,2017-04-17,32554873,1109.0,11,0,0,0,0,0,0,0,0,1110.0,13,0,0,0,0,0,0,0,0
307,2017-04-17,09:02:35,434,jm1709,XDCE,1109.0,1106.0,1139.0,107402,7244898420,191630,210082,1227.5,1025.5,1126.5,1108,0,1112,0.0,0,0,2017-04-17,32555434,1108.5,8,0,0,0,0,0,0,0,0,1109.0,6,0,0,0,0,0,0,0,0
308,2017-04-17,09:02:35,916,jm1709,XDCE,1109.0,1106.0,1139.0,107422,7246229220,191634,210082,1227.5,1025.5,1126.5,1108,0,1112,0.0,0,0,2017-04-17,32555916,1108.5,13,0,0,0,0,0,0,0,0,1109.0,3,0,0,0,0,0,0,0,0
309,2017-04-17,09:02:36,443,jm1709,XDCE,1110.0,1106.0,1139.0,107452,7248226140,191618,210082,1227.5,1025.5,1126.5,1108,0,1112,0.0,0,0,2017-04-17,32556443,1109.0,14,0,0,0,0,0,0,0,0,1109.5,10,0,0,0,0,0,0,0,0
310,2017-04-17,09:02:36,856,jm1709,XDCE,1109.5,1106.0,1139.0,107476,7249823820,191612,210082,1227.5,1025.5,1126.5,1108,0,1112,0.0,0,0,2017-04-17,32556856,1109.0,11,0,0,0,0,0,0,0,0,1110.0,7,0,0,0,0,0,0,0,0
311,2017-04-17,09:02:37,462,jm1709,XDCE,1109.0,1106.0,1139.0,107478,7249956900,191612,210082,1227.5,1025.5,1126.5,1108,0,1112,0.0,0,0,2017-04-17,32557462,1109.0,10,0,0,0,0,0,0,0,0,1110.0,7,0,0,0,0,0,0,0,0
312,2017-04-17,09:02:37,881,jm1709,XDCE,1109.5,1106.0,1139.0,107490,7250755860,191600,210082,1227.5,1025.5,1126.5,1108,0,1112,0.0,0,0,2017-04-17,32557881,1109.5,1,0,0,0,0,0,0,0,0,1110.0,5,0,0,0,0,0,0,0,0
313,2017-04-17,09:02:38,392,jm1709,XDCE,1109.0,1106.0,1139.0,107498,7251288300,191604,210082,1227.5,1025.5,1126.5,1108,0,1112,0.0,0,0,2017-04-17,32558392,1109.0,7,0,0,0,0,0,0,0,0,1110.0,1,0,0,0,0,0,0,0,0
314,2017-04-17,09:02:38,855,jm1709,XDCE,1110.5,1106.0,1139.0,107508,7251954420,191604,210082,1227.5,1025.5,1126.5,1108,0,1112,0.0,0,0,2017-04-17,32558855,1110.0,7,0,0,0,0,0,0,0,0,1110.5,3,0,0,0,0,0,0,0,0
315,2017-04-17,09:02:39,389,jm1709,XDCE,1110.5,1106.0,1139.0,107520,7252753980,191594,210082,1227.5,1025.5,1126.5,1108,0,1112,0.0,0,0,2017-04-17,32559389,1110.5,1,0,0,0,0,0,0,0,0,1111.0,3,0,0,0,0,0,0,0,0
316,2017-04-17,09:02:39,913,jm1709,XDCE,1110.0,1106.0,1139.0,107532,7253553240,191596,210082,1227.5,1025.5,1126.5,1108,0,1112,0.0,0,0,2017-04-17,32559913,1110.0,2,0,0,0,0,0,0,0,0,1111.0,3,0,0,0,0,0,0,0,0
317,2017-04-17,09:02:40,439,jm1709,XDCE,1113.5,1106.0,1139.0,107598,7257957840,191640,210082,1227.5,1025.5,1126.5,1108,0,1112,0.0,0,0,2017-04-17,32560439,1111.0,22,0,0,0,0,0,0,0,0,1113.5,16,0,0,0,0,0,0,0,0
318,2017-04-17,09:02:40,942,jm1709,XDCE,1112.0,1106.0,1139.0,107604,7258358100,191638,210082,1227.5,1025.5,1126.5,1108,0,1112,0.0,0,0,2017-04-17,32560942,1111.5,9,0,0,0,0,0,0,0,0,1112.5,10,0,0,0,0,0,0,0,0
319,2017-04-17,09:02:41,468,jm1709,XDCE,1111.5,1106.0,1139.0,107608,7258624860,191634,210082,1227.5,1025.5,1126.5,1108,0,1112,0.0,0,0,2017-04-17,32561468,1111.0,23,0,0,0,0,0,0,0,0,1111.5,3,0,0,0,0,0,0,0,0
320,2017-04-17,09:02:41,972,jm1709,XDCE,1111.0,1106.0,1139.0,107624,7259691480,191634,210082,1227.5,1025.5,1126.5,1108,0,1112,0.0,0,0,2017-04-17,32561972,1111.0,17,0,0,0,0,0,0,0,0,1111.5,1,0,0,0,0,0,0,0,0
321,2017-04-17,09:02:42,442,jm1709,XDCE,1111.5,1106.0,1139.0,107632,7260225240,191626,210082,1227.5,1025.5,1126.5,1108,0,1112,0.0,0,0,2017-04-17,32562442,1111.0,17,0,0,0,0,0,0,0,0,1111.5,3,0,0,0,0,0,0,0,0
322,2017-04-17,09:02:42,883,jm1709,XDCE,1113.5,1106.0,1139.0,107676,7263163740,191640,210082,1227.5,1025.5,1126.5,1108,0,1112,0.0,0,0,2017-04-17,32562883,1111.5,20,0,0,0,0,0,0,0,0,1113.5,1,0,0,0,0,0,0,0,0
323,2017-04-17,09:02:43,432,jm1709,XDCE,1112.0,1106.0,1139.0,107680,7263430680,191640,210082,1227.5,1025.5,1126.5,1108,0,1112,0.0,0,0,2017-04-17,32563432,1112.0,4,0,0,0,0,0,0,0,0,1112.5,2,0,0,0,0,0,0,0,0
324,2017-04-17,09:02:43,969,jm1709,XDCE,1112.0,1106.0,1139.0,107680,7263430680,191640,210082,1227.5,1025.5,1126.5,1108,0,1112,0.0,0,0,2017-04-17,32563969,1112.0,1,0,0,0,0,0,0,0,0,1112.5,5,0,0,0,0,0,0,0,0
325,2017-04-17,09:02:44,450,jm1709,XDCE,1111.5,1106.0,1139.0,107692,7264231020,191630,210082,1227.5,1025.5,1126.5,1108,0,1112,0.0,0,0,2017-04-17,32564450,1111.5,35,0,0,0,0,0,0,0,0,1112.5,4,0,0,0,0,0,0,0,0
326,2017-04-17,09:02:44,956,jm1709,XDCE,1111.5,1106.0,1139.0,107692,7264231020,191630,210082,1227.5,1025.5,1126.5,1108,0,1112,0.0,0,0,2017-04-17,32564956,1111.5,36,0,0,0,0,0,0,0,0,1112.5,8,0,0,0,0,0,0,0,0
327,2017-04-17,09:02:45,444,jm1709,XDCE,1112.5,1106.0,1139.0,107694,7264364520,191630,210082,1227.5,1025.5,1126.5,1108,0,1112,0.0,0,0,2017-04-17,32565444,1111.5,20,0,0,0,0,0,0,0,0,1112.0,3,0,0,0,0,0,0,0,0
328,2017-04-17,09:02:45,878,jm1709,XDCE,1112.0,1106.0,1139.0,107698,7264631460,191628,210082,1227.5,1025.5,1126.5,1108,0,1112,0.0,0,0,2017-04-17,32565878,1112.0,3,0,0,0,0,0,0,0,0,1112.5,7,0,0,0,0,0,0,0,0
329,2017-04-17,09:02:46,465,jm1709,XDCE,1113.5,1106.0,1139.0,107744,7267704300,191610,210082,1227.5,1025.5,1126.5,1108,0,1112,0.0,0,0,2017-04-17,32566465,1112.0,2,0,0,0,0,0,0,0,0,1113.5,44,0,0,0,0,0,0,0,0
330,2017-04-17,09:02:46,962,jm1709,XDCE,1112.5,1106.0,1139.0,107748,7267971420,191608,210082,1227.5,1025.5,1126.5,1108,0,1112,0.0,0,0,2017-04-17,32566962,1112.5,2,0,0,0,0,0,0,0,0,1113.0,3,0,0,0,0,0,0,0,0
331,2017-04-17,09:02:47,449,jm1709,XDCE,1113.0,1106.0,1139.0,107780,7270107960,191588,210082,1227.5,1025.5,1126.5,1108,0,1112,0.0,0,0,2017-04-17,32567449,1113.0,56,0,0,0,0,0,0,0,0,1113.5,7,0,0,0,0,0,0,0,0
332,2017-04-17,09:02:47,962,jm1709,XDCE,1113.0,1106.0,1139.0,107886,7277186820,191594,210082,1227.5,1025.5,1126.5,1108,0,1112,0.0,0,0,2017-04-17,32567962,1113.0,6,0,0,0,0,0,0,0,0,1113.5,10,0,0,0,0,0,0,0,0
333,2017-04-17,09:02:48,461,jm1709,XDCE,1113.0,1106.0,1139.0,107912,7278923400,191594,210082,1227.5,1025.5,1126.5,1108,0,1112,0.0,0,0,2017-04-17,32568461,1113.0,4,0,0,0,0,0,0,0,0,1113.5,6,0,0,0,0,0,0,0,0
334,2017-04-17,09:02:48,928,jm1709,XDCE,1113.0,1106.0,1139.0,107916,7279190580,191592,210082,1227.5,1025.5,1126.5,1108,0,1112,0.0,0,0,2017-04-17,32568928,1113.0,3,0,0,0,0,0,0,0,0,1113.5,6,0,0,0,0,0,0,0,0
335,2017-04-17,09:02:49,398,jm1709,XDCE,1113.5,1106.0,1139.0,107918,7279324200,191592,210082,1227.5,1025.5,1126.5,1108,0,1112,0.0,0,0,2017-04-17,32569398,1113.0,3,0,0,0,0,0,0,0,0,1113.5,5,0,0,0,0,0,0,0,0
336,2017-04-17,09:02:49,878,jm1709,XDCE,1113.5,1106.0,1139.0,107924,7279724940,191596,210082,1227.5,1025.5,1126.5,1108,0,1112,0.0,0,0,2017-04-17,32569878,1113.0,1,0,0,0,0,0,0,0,0,1113.5,4,0,0,0,0,0,0,0,0
337,2017-04-17,09:02:50,959,jm1709,XDCE,1113.0,1106.0,1139.0,107926,7279858500,191596,210082,1227.5,1025.5,1126.5,1108,0,1112,0.0,0,0,2017-04-17,32570959,1113.0,8,0,0,0,0,0,0,0,0,1113.5,4,0,0,0,0,0,0,0,0
338,2017-04-17,09:02:51,398,jm1709,XDCE,1113.0,1106.0,1139.0,107936,7280526540,191592,210082,1227.5,1025.5,1126.5,1108,0,1112,0.0,0,0,2017-04-17,32571398,1113.5,32,0,0,0,0,0,0,0,0,1114.0,12,0,0,0,0,0,0,0,0
339,2017-04-17,09:02:51,878,jm1709,XDCE,1114.0,1106.0,1139.0,107942,7280927580,191592,210082,1227.5,1025.5,1126.5,1108,0,1112,0.0,0,0,2017-04-17,32571878,1113.5,33,0,0,0,0,0,0,0,0,1114.0,6,0,0,0,0,0,0,0,0
340,2017-04-17,09:02:52,438,jm1709,XDCE,1114.5,1106.0,1139.0,107976,7283200440,191578,210082,1227.5,1025.5,1126.5,1108,0,1112,0.0,0,0,2017-04-17,32572438,1114.0,12,0,0,0,0,0,0,0,0,1114.5,4,0,0,0,0,0,0,0,0
341,2017-04-17,09:02:52,936,jm1709,XDCE,1114.0,1106.0,1139.0,107986,7283868900,191572,210082,1227.5,1025.5,1126.5,1108,0,1112,0.0,0,0,2017-04-17,32572936,1114.0,6,0,0,0,0,0,0,0,0,1114.5,3,0,0,0,0,0,0,0,0
342,2017-04-17,09:02:53,398,jm1709,XDCE,1114.0,1106.0,1139.0,107988,7284002580,191572,210082,1227.5,1025.5,1126.5,1108,0,1112,0.0,0,0,2017-04-17,32573398,1114.0,5,0,0,0,0,0,0,0,0,1114.5,6,0,0,0,0,0,0,0,0
343,2017-04-17,09:02:53,939,jm1709,XDCE,1114.5,1106.0,1139.0,108010,7285472820,191552,210082,1227.5,1025.5,1126.5,1108,0,1112,0.0,0,0,2017-04-17,32573939,1114.0,8,0,0,0,0,0,0,0,0,1114.5,5,0,0,0,0,0,0,0,0
344,2017-04-17,09:02:54,436,jm1709,XDCE,1114.5,1106.0,1139.0,108010,7285472820,191552,210082,1227.5,1025.5,1126.5,1108,0,1112,0.0,0,0,2017-04-17,32574436,1114.0,12,0,0,0,0,0,0,0,0,1114.5,5,0,0,0,0,0,0,0,0
345,2017-04-17,09:02:54,964,jm1709,XDCE,1114.5,1106.0,1139.0,108044,7287746400,191554,210082,1227.5,1025.5,1126.5,1108,0,1112,0.0,0,0,2017-04-17,32574964,1114.5,35,0,0,0,0,0,0,0,0,1115.0,14,0,0,0,0,0,0,0,0
346,2017-04-17,09:02:55,398,jm1709,XDCE,1115.0,1106.0,1139.0,108072,7289619600,191576,210082,1227.5,1025.5,1126.5,1108,0,1112,0.0,0,0,2017-04-17,32575398,1114.5,36,0,0,0,0,0,0,0,0,1115.5,22,0,0,0,0,0,0,0,0
347,2017-04-17,09:02:55,930,jm1709,XDCE,1115.0,1106.0,1139.0,108072,7289619600,191576,210082,1227.5,1025.5,1126.5,1108,0,1112,0.0,0,0,2017-04-17,32575930,1115.0,7,0,0,0,0,0,0,0,0,1115.5,22,0,0,0,0,0,0,0,0
348,2017-04-17,09:02:56,398,jm1709,XDCE,1115.0,1106.0,1139.0,108086,7290556200,191578,210082,1227.5,1025.5,1126.5,1108,0,1112,0.0,0,0,2017-04-17,32576398,1114.5,37,0,0,0,0,0,0,0,0,1115.5,24,0,0,0,0,0,0,0,0
349,2017-04-17,09:02:56,951,jm1709,XDCE,1114.5,1106.0,1139.0,108090,7290823680,191578,210082,1227.5,1025.5,1126.5,1108,0,1112,0.0,0,0,2017-04-17,32576951,1114.5,36,0,0,0,0,0,0,0,0,1115.5,24,0,0,0,0,0,0,0,0
350,2017-04-17,09:02:57,398,jm1709,XDCE,1115.5,1106.0,1139.0,108096,7291225140,191574,210082,1227.5,1025.5,1126.5,1108,0,1112,0.0,0,0,2017-04-17,32577398,1114.5,37,0,0,0,0,0,0,0,0,1115.5,23,0,0,0,0,0,0,0,0
351,2017-04-17,09:02:57,912,jm1709,XDCE,1115.5,1106.0,1139.0,108104,7291760580,191574,210082,1227.5,1025.5,1126.5,1108,0,1112,0.0,0,0,2017-04-17,32577912,1114.5,37,0,0,0,0,0,0,0,0,1115.5,19,0,0,0,0,0,0,0,0
352,2017-04-17,09:02:58,464,jm1709,XDCE,1115.5,1106.0,1139.0,108116,7292563620,191582,210082,1227.5,1025.5,1126.5,1108,0,1112,0.0,0,0,2017-04-17,32578464,1115.0,13,0,0,0,0,0,0,0,0,1115.5,15,0,0,0,0,0,0,0,0
353,2017-04-17,09:02:58,967,jm1709,XDCE,1115.5,1106.0,1139.0,108170,7296177840,191588,210082,1227.5,1025.5,1126.5,1108,0,1112,0.0,0,0,2017-04-17,32578967,1115.0,17,0,0,0,0,0,0,0,0,1115.5,8,0,0,0,0,0,0,0,0
354,2017-04-17,09:02:59,473,jm1709,XDCE,1115.5,1106.0,1139.0,108186,7297248720,191574,210082,1227.5,1025.5,1126.5,1108,0,1112,0.0,0,0,2017-04-17,32579473,1115.0,17,0,0,0,0,0,0,0,0,1116.0,38,0,0,0,0,0,0,0,0
355,2017-04-17,09:02:59,900,jm1709,XDCE,1115.5,1106.0,1139.0,108190,7297516440,191570,210082,1227.5,1025.5,1126.5,1108,0,1112,0.0,0,0,2017-04-17,32579900,1115.5,1,0,0,0,0,0,0,0,0,1116.0,39,0,0,0,0,0,0,0,0
356,2017-04-17,09:03:00,437,jm1709,XDCE,1116.0,1106.0,1139.0,108242,7300997280,191576,210082,1227.5,1025.5,1126.5,1108,0,1112,0.0,0,0,2017-04-17,32580437,1115.0,17,0,0,0,0,0,0,0,0,1116.0,24,0,0,0,0,0,0,0,0
357,2017-04-17,09:03:00,966,jm1709,XDCE,1115.5,1106.0,1139.0,108248,7301398860,191578,210082,1227.5,1025.5,1126.5,1108,0,1112,0.0,0,0,2017-04-17,32580966,1115.0,17,0,0,0,0,0,0,0,0,1116.0,31,0,0,0,0,0,0,0,0
358,2017-04-17,09:03:01,470,jm1709,XDCE,1116.0,1106.0,1139.0,108250,7301532780,191578,210082,1227.5,1025.5,1126.5,1108,0,1112,0.0,0,0,2017-04-17,32581470,1115.5,1,0,0,0,0,0,0,0,0,1116.0,30,0,0,0,0,0,0,0,0
359,2017-04-17,09:03:01,911,jm1709,XDCE,1115.5,1106.0,1139.0,108280,7303541220,191572,210082,1227.5,1025.5,1126.5,1108,0,1112,0.0,0,0,2017-04-17,32581911,1115.0,17,0,0,0,0,0,0,0,0,1115.5,8,0,0,0,0,0,0,0,0
360,2017-04-17,09:03:02,460,jm1709,XDCE,1115.5,1106.0,1139.0,108304,7305147540,191566,210082,1227.5,1025.5,1126.5,1108,0,1112,0.0,0,0,2017-04-17,32582460,1115.0,17,0,0,0,0,0,0,0,0,1115.5,4,0,0,0,0,0,0,0,0
361,2017-04-17,09:03:02,840,jm1709,XDCE,1115.5,1106.0,1139.0,108306,7305281400,191568,210082,1227.5,1025.5,1126.5,1108,0,1112,0.0,0,0,2017-04-17,32582840,1115.0,11,0,0,0,0,0,0,0,0,1115.5,1,0,0,0,0,0,0,0,0
362,2017-04-17,09:03:03,466,jm1709,XDCE,1115.0,1106.0,1139.0,108308,7305415200,191566,210082,1227.5,1025.5,1126.5,1108,0,1112,0.0,0,0,2017-04-17,32583466,1115.0,17,0,0,0,0,0,0,0,0,1116.0,24,0,0,0,0,0,0,0,0
363,2017-04-17,09:03:03,928,jm1709,XDCE,1115.5,1106.0,1139.0,108318,7306084560,191570,210082,1227.5,1025.5,1126.5,1108,0,1112,0.0,0,0,2017-04-17,32583928,1115.5,2,0,0,0,0,0,0,0,0,1116.0,22,0,0,0,0,0,0,0,0
364,2017-04-17,09:03:04,398,jm1709,XDCE,1116.0,1106.0,1139.0,108324,7306486260,191572,210082,1227.5,1025.5,1126.5,1108,0,1112,0.0,0,0,2017-04-17,32584398,1115.5,4,0,0,0,0,0,0,0,0,1116.0,20,0,0,0,0,0,0,0,0
365,2017-04-17,09:03:04,905,jm1709,XDCE,1115.5,1106.0,1139.0,108332,7307021700,191568,210082,1227.5,1025.5,1126.5,1108,0,1112,0.0,0,0,2017-04-17,32584905,1115.0,16,0,0,0,0,0,0,0,0,1116.0,21,0,0,0,0,0,0,0,0
366,2017-04-17,09:03:05,473,jm1709,XDCE,1116.0,1106.0,1139.0,108334,7307155620,191570,210082,1227.5,1025.5,1126.5,1108,0,1112,0.0,0,0,2017-04-17,32585473,1115.0,15,0,0,0,0,0,0,0,0,1115.5,2,0,0,0,0,0,0,0,0
367,2017-04-17,09:03:05,950,jm1709,XDCE,1115.5,1106.0,1139.0,108338,7307423280,191570,210082,1227.5,1025.5,1126.5,1108,0,1112,0.0,0,0,2017-04-17,32585950,1115.0,14,0,0,0,0,0,0,0,0,1115.5,2,0,0,0,0,0,0,0,0
368,2017-04-17,09:03:06,328,jm1709,XDCE,1115.0,1106.0,1139.0,108352,7308360000,191568,210082,1227.5,1025.5,1126.5,1108,0,1112,0.0,0,0,2017-04-17,32586328,1115.0,11,0,0,0,0,0,0,0,0,1116.0,18,0,0,0,0,0,0,0,0
369,2017-04-17,09:03:06,936,jm1709,XDCE,1115.0,1106.0,1139.0,108360,7308895320,191560,210082,1227.5,1025.5,1126.5,1108,0,1112,0.0,0,0,2017-04-17,32586936,1115.0,10,0,0,0,0,0,0,0,0,1115.5,3,0,0,0,0,0,0,0,0
370,2017-04-17,09:03:07,370,jm1709,XDCE,1115.0,1106.0,1139.0,108360,7308895320,191560,210082,1227.5,1025.5,1126.5,1108,0,1112,0.0,0,0,2017-04-17,32587370,1115.0,9,0,0,0,0,0,0,0,0,1115.5,5,0,0,0,0,0,0,0,0
371,2017-04-17,09:03:07,945,jm1709,XDCE,1115.5,1106.0,1139.0,108382,7310367480,191566,210082,1227.5,1025.5,1126.5,1108,0,1112,0.0,0,0,2017-04-17,32587945,1115.5,47,0,0,0,0,0,0,0,0,1116.0,25,0,0,0,0,0,0,0,0
372,2017-04-17,09:03:08,452,jm1709,XDCE,1115.5,1106.0,1139.0,108388,7310769120,191570,210082,1227.5,1025.5,1126.5,1108,0,1112,0.0,0,0,2017-04-17,32588452,1115.5,55,0,0,0,0,0,0,0,0,1116.0,31,0,0,0,0,0,0,0,0
373,2017-04-17,09:03:08,966,jm1709,XDCE,1116.0,1106.0,1139.0,108410,7312241880,191566,210082,1227.5,1025.5,1126.5,1108,0,1112,0.0,0,0,2017-04-17,32588966,1115.5,60,0,0,0,0,0,0,0,0,1116.0,26,0,0,0,0,0,0,0,0
374,2017-04-17,09:03:09,451,jm1709,XDCE,1116.0,1106.0,1139.0,108414,7312509720,191562,210082,1227.5,1025.5,1126.5,1108,0,1112,0.0,0,0,2017-04-17,32589451,1115.5,62,0,0,0,0,0,0,0,0,1116.0,24,0,0,0,0,0,0,0,0
375,2017-04-17,09:03:09,852,jm1709,XDCE,1115.5,1106.0,1139.0,108450,7314919440,191584,210082,1227.5,1025.5,1126.5,1108,0,1112,0.0,0,0,2017-04-17,32589852,1115.5,48,0,0,0,0,0,0,0,0,1116.0,20,0,0,0,0,0,0,0,0
376,2017-04-17,09:03:10,943,jm1709,XDCE,1116.0,1106.0,1139.0,108456,7315321080,191586,210082,1227.5,1025.5,1126.5,1108,0,1112,0.0,0,0,2017-04-17,32590943,1115.5,46,0,0,0,0,0,0,0,0,1116.0,19,0,0,0,0,0,0,0,0
377,2017-04-17,09:03:11,450,jm1709,XDCE,1115.5,1106.0,1139.0,108462,7315722780,191590,210082,1227.5,1025.5,1126.5,1108,0,1112,0.0,0,0,2017-04-17,32591450,1115.5,46,0,0,0,0,0,0,0,0,1116.0,24,0,0,0,0,0,0,0,0
378,2017-04-17,09:03:11,953,jm1709,XDCE,1115.5,1106.0,1139.0,108494,7317864540,191602,210082,1227.5,1025.5,1126.5,1108,0,1112,0.0,0,0,2017-04-17,32591953,1115.5,31,0,0,0,0,0,0,0,0,1116.0,24,0,0,0,0,0,0,0,0
379,2017-04-17,09:03:12,326,jm1709,XDCE,1115.0,1106.0,1139.0,108568,7322817120,191546,210082,1227.5,1025.5,1126.5,1108,0,1112,0.0,0,0,2017-04-17,32592326,1114.5,37,0,0,0,0,0,0,0,0,1115.5,9,0,0,0,0,0,0,0,0
380,2017-04-17,09:03:12,791,jm1709,XDCE,1115.0,1106.0,1139.0,108572,7323084720,191542,210082,1227.5,1025.5,1126.5,1108,0,1112,0.0,0,0,2017-04-17,32592791,1114.5,37,0,0,0,0,0,0,0,0,1115.0,1,0,0,0,0,0,0,0,0
381,2017-04-17,09:03:13,305,jm1709,XDCE,1115.0,1106.0,1139.0,108574,7323218520,191542,210082,1227.5,1025.5,1126.5,1108,0,1112,0.0,0,0,2017-04-17,32593305,1114.5,38,0,0,0,0,0,0,0,0,1115.0,14,0,0,0,0,0,0,0,0
382,2017-04-17,09:03:13,952,jm1709,XDCE,1115.0,1106.0,1139.0,108578,7323486120,191540,210082,1227.5,1025.5,1126.5,1108,0,1112,0.0,0,0,2017-04-17,32593952,1114.5,38,0,0,0,0,0,0,0,0,1115.0,13,0,0,0,0,0,0,0,0
383,2017-04-17,09:03:14,333,jm1709,XDCE,1115.0,1106.0,1139.0,108604,7325225520,191520,210082,1227.5,1025.5,1126.5,1108,0,1112,0.0,0,0,2017-04-17,32594333,1115.0,3,0,0,0,0,0,0,0,0,1115.5,12,0,0,0,0,0,0,0,0
384,2017-04-17,09:03:14,889,jm1709,XDCE,1115.0,1106.0,1139.0,108624,7326563820,191512,210082,1227.5,1025.5,1126.5,1108,0,1112,0.0,0,0,2017-04-17,32594889,1115.0,20,0,0,0,0,0,0,0,0,1115.5,7,0,0,0,0,0,0,0,0
385,2017-04-17,09:03:15,396,jm1709,XDCE,1115.0,1106.0,1139.0,108624,7326563820,191512,210082,1227.5,1025.5,1126.5,1108,0,1112,0.0,0,0,2017-04-17,32595396,1115.0,21,0,0,0,0,0,0,0,0,1115.5,7,0,0,0,0,0,0,0,0
386,2017-04-17,09:03:15,726,jm1709,XDCE,1115.5,1106.0,1139.0,108628,7326831480,191510,210082,1227.5,1025.5,1126.5,1108,0,1112,0.0,0,0,2017-04-17,32595726,1115.0,21,0,0,0,0,0,0,0,0,1115.5,6,0,0,0,0,0,0,0,0
387,2017-04-17,09:03:16,430,jm1709,XDCE,1115.5,1106.0,1139.0,108636,7327366920,191518,210082,1227.5,1025.5,1126.5,1108,0,1112,0.0,0,0,2017-04-17,32596430,1115.0,22,0,0,0,0,0,0,0,0,1115.5,9,0,0,0,0,0,0,0,0
388,2017-04-17,09:03:16,919,jm1709,XDCE,1115.0,1106.0,1139.0,108648,7328169780,191520,210082,1227.5,1025.5,1126.5,1108,0,1112,0.0,0,0,2017-04-17,32596919,1115.0,17,0,0,0,0,0,0,0,0,1115.5,8,0,0,0,0,0,0,0,0
389,2017-04-17,09:03:17,469,jm1709,XDCE,1115.0,1106.0,1139.0,108656,7328704980,191518,210082,1227.5,1025.5,1126.5,1108,0,1112,0.0,0,0,2017-04-17,32597469,1115.0,13,0,0,0,0,0,0,0,0,1115.5,8,0,0,0,0,0,0,0,0
390,2017-04-17,09:03:17,967,jm1709,XDCE,1115.0,1106.0,1139.0,108682,7330444380,191500,210082,1227.5,1025.5,1126.5,1108,0,1112,0.0,0,0,2017-04-17,32597967,1114.5,38,0,0,0,0,0,0,0,0,1115.0,12,0,0,0,0,0,0,0,0
391,2017-04-17,09:03:18,447,jm1709,XDCE,1115.0,1106.0,1139.0,108682,7330444380,191500,210082,1227.5,1025.5,1126.5,1108,0,1112,0.0,0,0,2017-04-17,32598447,1114.5,38,0,0,0,0,0,0,0,0,1115.0,16,0,0,0,0,0,0,0,0
392,2017-04-17,09:03:18,854,jm1709,XDCE,1114.5,1106.0,1139.0,108690,7330979340,191500,210082,1227.5,1025.5,1126.5,1108,0,1112,0.0,0,0,2017-04-17,32598854,1114.5,34,0,0,0,0,0,0,0,0,1115.0,20,0,0,0,0,0,0,0,0
393,2017-04-17,09:03:19,458,jm1709,XDCE,1115.0,1106.0,1139.0,108714,7332584880,191512,210082,1227.5,1025.5,1126.5,1108,0,1112,0.0,0,0,2017-04-17,32599458,1114.5,33,0,0,0,0,0,0,0,0,1115.0,9,0,0,0,0,0,0,0,0
394,2017-04-17,09:03:19,570,jm1709,XDCE,1115.0,1106.0,1139.0,108716,7332718680,191510,210082,1227.5,1025.5,1126.5,1108,0,1112,0.0,0,0,2017-04-17,32599570,1114.5,33,0,0,0,0,0,0,0,0,1115.0,12,0,0,0,0,0,0,0,0
395,2017-04-17,09:03:20,310,jm1709,XDCE,1114.5,1106.0,1139.0,108784,7337265900,191558,210082,1227.5,1025.5,1126.5,1108,0,1112,0.0,0,0,2017-04-17,32600310,1114.0,14,0,0,0,0,0,0,0,0,1114.5,8,0,0,0,0,0,0,0,0
396,2017-04-17,09:03:20,791,jm1709,XDCE,1115.0,1106.0,1139.0,108798,7338202140,191564,210082,1227.5,1025.5,1126.5,1108,0,1112,0.0,0,0,2017-04-17,32600791,1114.5,1,0,0,0,0,0,0,0,0,1115.0,7,0,0,0,0,0,0,0,0
397,2017-04-17,09:03:21,293,jm1709,XDCE,1114.5,1106.0,1139.0,108800,7338335880,191564,210082,1227.5,1025.5,1126.5,1108,0,1112,0.0,0,0,2017-04-17,32601293,1114.0,14,0,0,0,0,0,0,0,0,1115.0,15,0,0,0,0,0,0,0,0
398,2017-04-17,09:03:21,792,jm1709,XDCE,1114.5,1106.0,1139.0,108804,7338603300,191564,210082,1227.5,1025.5,1126.5,1108,0,1112,0.0,0,0,2017-04-17,32601792,1114.0,13,0,0,0,0,0,0,0,0,1114.5,6,0,0,0,0,0,0,0,0
399,2017-04-17,09:03:22,455,jm1709,XDCE,1115.0,1106.0,1139.0,108806,7338737100,191566,210082,1227.5,1025.5,1126.5,1108,0,1112,0.0,0,0,2017-04-17,32602455,1114.0,13,0,0,0,0,0,0,0,0,1115.0,16,0,0,0,0,0,0,0,0
400,2017-04-17,09:03:22,792,jm1709,XDCE,1114.5,1106.0,1139.0,108810,7339004640,191566,210082,1227.5,1025.5,1126.5,1108,0,1112,0.0,0,0,2017-04-17,32602792,1114.0,13,0,0,0,0,0,0,0,0,1114.5,4,0,0,0,0,0,0,0,0
401,2017-04-17,09:03:23,242,jm1709,XDCE,1114.5,1106.0,1139.0,108810,7339004640,191566,210082,1227.5,1025.5,1126.5,1108,0,1112,0.0,0,0,2017-04-17,32603242,1114.0,13,0,0,0,0,0,0,0,0,1115.0,16,0,0,0,0,0,0,0,0
402,2017-04-17,09:03:24,322,jm1709,XDCE,1114.0,1106.0,1139.0,108852,7341811920,191538,210082,1227.5,1025.5,1126.5,1108,0,1112,0.0,0,0,2017-04-17,32604322,1114.0,1,0,0,0,0,0,0,0,0,1115.0,16,0,0,0,0,0,0,0,0
403,2017-04-17,09:03:24,796,jm1709,XDCE,1114.5,1106.0,1139.0,108854,7341945660,191538,210082,1227.5,1025.5,1126.5,1108,0,1112,0.0,0,0,2017-04-17,32604796,1114.0,1,0,0,0,0,0,0,0,0,1114.5,2,0,0,0,0,0,0,0,0
404,2017-04-17,09:03:25,454,jm1709,XDCE,1114.0,1106.0,1139.0,108872,7343148780,191544,210082,1227.5,1025.5,1126.5,1108,0,1112,0.0,0,0,2017-04-17,32605454,1113.5,29,0,0,0,0,0,0,0,0,1114.0,1,0,0,0,0,0,0,0,0
405,2017-04-17,09:03:25,807,jm1709,XDCE,1114.5,1106.0,1139.0,108876,7343416200,191544,210082,1227.5,1025.5,1126.5,1108,0,1112,0.0,0,0,2017-04-17,32605807,1113.5,29,0,0,0,0,0,0,0,0,1114.5,1,0,0,0,0,0,0,0,0
406,2017-04-17,09:03:26,179,jm1709,XDCE,1114.5,1106.0,1139.0,108876,7343416200,191544,210082,1227.5,1025.5,1126.5,1108,0,1112,0.0,0,0,2017-04-17,32606179,1113.5,29,0,0,0,0,0,0,0,0,1114.5,2,0,0,0,0,0,0,0,0
407,2017-04-17,09:03:26,873,jm1709,XDCE,1114.5,1106.0,1139.0,108892,7344485520,191550,210082,1227.5,1025.5,1126.5,1108,0,1112,0.0,0,0,2017-04-17,32606873,1114.5,5,0,0,0,0,0,0,0,0,1115.0,17,0,0,0,0,0,0,0,0
408,2017-04-17,09:03:27,414,jm1709,XDCE,1115.0,1106.0,1139.0,108932,7347160500,191562,210082,1227.5,1025.5,1126.5,1108,0,1112,0.0,0,0,2017-04-17,32607414,1113.5,24,0,0,0,0,0,0,0,0,1115.0,8,0,0,0,0,0,0,0,0
409,2017-04-17,09:03:27,801,jm1709,XDCE,1115.0,1106.0,1139.0,108934,7347294300,191562,210082,1227.5,1025.5,1126.5,1108,0,1112,0.0,0,0,2017-04-17,32607801,1114.0,2,0,0,0,0,0,0,0,0,1114.5,2,0,0,0,0,0,0,0,0
410,2017-04-17,09:03:28,298,jm1709,XDCE,1113.5,1106.0,1139.0,108938,7347561600,191564,210082,1227.5,1025.5,1126.5,1108,0,1112,0.0,0,0,2017-04-17,32608298,1114.0,2,0,0,0,0,0,0,0,0,1114.5,2,0,0,0,0,0,0,0,0
411,2017-04-17,09:03:28,971,jm1709,XDCE,1114.0,1106.0,1139.0,108940,7347695280,191564,210082,1227.5,1025.5,1126.5,1108,0,1112,0.0,0,0,2017-04-17,32608971,1114.0,1,0,0,0,0,0,0,0,0,1114.5,1,0,0,0,0,0,0,0,0
412,2017-04-17,09:03:29,470,jm1709,XDCE,1114.0,1106.0,1139.0,108940,7347695280,191564,210082,1227.5,1025.5,1126.5,1108,0,1112,0.0,0,0,2017-04-17,32609470,1113.5,23,0,0,0,0,0,0,0,0,1114.5,3,0,0,0,0,0,0,0,0
413,2017-04-17,09:03:29,903,jm1709,XDCE,1114.5,1106.0,1139.0,108942,7347829020,191564,210082,1227.5,1025.5,1126.5,1108,0,1112,0.0,0,0,2017-04-17,32609903,1113.5,23,0,0,0,0,0,0,0,0,1114.5,2,0,0,0,0,0,0,0,0
414,2017-04-17,09:03:30,301,jm1709,XDCE,1114.5,1106.0,1139.0,108942,7347829020,191564,210082,1227.5,1025.5,1126.5,1108,0,1112,0.0,0,0,2017-04-17,32610301,1113.5,23,0,0,0,0,0,0,0,0,1114.0,1,0,0,0,0,0,0,0,0
415,2017-04-17,09:03:30,654,jm1709,XDCE,1113.5,1106.0,1139.0,108944,7347962640,191564,210082,1227.5,1025.5,1126.5,1108,0,1112,0.0,0,0,2017-04-17,32610654,1113.5,22,0,0,0,0,0,0,0,0,1114.0,1,0,0,0,0,0,0,0,0
416,2017-04-17,09:03:31,295,jm1709,XDCE,1114.0,1106.0,1139.0,108946,7348096320,191562,210082,1227.5,1025.5,1126.5,1108,0,1112,0.0,0,0,2017-04-17,32611295,1113.5,22,0,0,0,0,0,0,0,0,1114.5,9,0,0,0,0,0,0,0,0
417,2017-04-17,09:03:31,935,jm1709,XDCE,1114.5,1106.0,1139.0,108956,7348764540,191564,210082,1227.5,1025.5,1126.5,1108,0,1112,0.0,0,0,2017-04-17,32611935,1113.5,18,0,0,0,0,0,0,0,0,1114.0,2,0,0,0,0,0,0,0,0
418,2017-04-17,09:03:32,409,jm1709,XDCE,1114.0,1106.0,1139.0,108996,7351438200,191530,210082,1227.5,1025.5,1126.5,1108,0,1112,0.0,0,0,2017-04-17,32612409,1113.5,9,0,0,0,0,0,0,0,0,1114.5,4,0,0,0,0,0,0,0,0
419,2017-04-17,09:03:32,592,jm1709,XDCE,1114.0,1106.0,1139.0,108996,7351438200,191530,210082,1227.5,1025.5,1126.5,1108,0,1112,0.0,0,0,2017-04-17,32612592,1113.5,9,0,0,0,0,0,0,0,0,1114.0,2,0,0,0,0,0,0,0,0
420,2017-04-17,09:03:33,201,jm1709,XDCE,1114.0,1106.0,1139.0,109002,7351839180,191530,210082,1227.5,1025.5,1126.5,1108,0,1112,0.0,0,0,2017-04-17,32613201,1114.0,8,0,0,0,0,0,0,0,0,1114.5,6,0,0,0,0,0,0,0,0
421,2017-04-17,09:03:33,937,jm1709,XDCE,1114.0,1106.0,1139.0,109002,7351839180,191530,210082,1227.5,1025.5,1126.5,1108,0,1112,0.0,0,0,2017-04-17,32613937,1114.0,8,0,0,0,0,0,0,0,0,1114.5,3,0,0,0,0,0,0,0,0
422,2017-04-17,09:03:34,70,jm1709,XDCE,1114.0,1106.0,1139.0,109002,7351839180,191530,210082,1227.5,1025.5,1126.5,1108,0,1112,0.0,0,0,2017-04-17,32614070,1114.0,8,0,0,0,0,0,0,0,0,1114.5,2,0,0,0,0,0,0,0,0
423,2017-04-17,09:03:34,665,jm1709,XDCE,1114.5,1106.0,1139.0,109006,7352106600,191530,210082,1227.5,1025.5,1126.5,1108,0,1112,0.0,0,0,2017-04-17,32614665,1114.0,8,0,0,0,0,0,0,0,0,1114.5,1,0,0,0,0,0,0,0,0
424,2017-04-17,09:03:35,448,jm1709,XDCE,1114.5,1106.0,1139.0,109006,7352106600,191530,210082,1227.5,1025.5,1126.5,1108,0,1112,0.0,0,0,2017-04-17,32615448,1114.0,8,0,0,0,0,0,0,0,0,1114.5,2,0,0,0,0,0,0,0,0
425,2017-04-17,09:03:35,778,jm1709,XDCE,1114.5,1106.0,1139.0,109006,7352106600,191530,210082,1227.5,1025.5,1126.5,1108,0,1112,0.0,0,0,2017-04-17,32615778,1114.0,7,0,0,0,0,0,0,0,0,1114.5,2,0,0,0,0,0,0,0,0
426,2017-04-17,09:03:36,598,jm1709,XDCE,1114.0,1106.0,1139.0,109008,7352240280,191532,210082,1227.5,1025.5,1126.5,1108,0,1112,0.0,0,0,2017-04-17,32616598,1114.0,6,0,0,0,0,0,0,0,0,1114.5,2,0,0,0,0,0,0,0,0
427,2017-04-17,09:03:37,190,jm1709,XDCE,1114.0,1106.0,1139.0,109020,7353042360,191532,210082,1227.5,1025.5,1126.5,1108,0,1112,0.0,0,0,2017-04-17,32617190,1113.5,8,0,0,0,0,0,0,0,0,1114.0,10,0,0,0,0,0,0,0,0
428,2017-04-17,09:03:37,836,jm1709,XDCE,1114.0,1106.0,1139.0,109072,7356517980,191484,210082,1227.5,1025.5,1126.5,1108,0,1112,0.0,0,0,2017-04-17,32617836,1113.5,8,0,0,0,0,0,0,0,0,1114.0,18,0,0,0,0,0,0,0,0
429,2017-04-17,09:03:38,411,jm1709,XDCE,1114.0,1106.0,1139.0,109110,7359057900,191474,210082,1227.5,1025.5,1126.5,1108,0,1112,0.0,0,0,2017-04-17,32618411,1113.5,8,0,0,0,0,0,0,0,0,1114.0,9,0,0,0,0,0,0,0,0
430,2017-04-17,09:03:38,893,jm1709,XDCE,1113.5,1106.0,1139.0,109112,7359191520,191474,210082,1227.5,1025.5,1126.5,1108,0,1112,0.0,0,0,2017-04-17,32618893,1113.5,6,0,0,0,0,0,0,0,0,1114.0,9,0,0,0,0,0,0,0,0
431,2017-04-17,09:03:39,368,jm1709,XDCE,1114.0,1106.0,1139.0,109126,7360127040,191472,210082,1227.5,1025.5,1126.5,1108,0,1112,0.0,0,0,2017-04-17,32619368,1113.5,2,0,0,0,0,0,0,0,0,1114.0,7,0,0,0,0,0,0,0,0
432,2017-04-17,09:03:40,293,jm1709,XDCE,1113.5,1106.0,1139.0,109136,7360795320,191472,210082,1227.5,1025.5,1126.5,1108,0,1112,0.0,0,0,2017-04-17,32620293,1113.0,9,0,0,0,0,0,0,0,0,1114.0,6,0,0,0,0,0,0,0,0
433,2017-04-17,09:03:40,829,jm1709,XDCE,1113.5,1106.0,1139.0,109136,7360795320,191472,210082,1227.5,1025.5,1126.5,1108,0,1112,0.0,0,0,2017-04-17,32620829,1113.0,9,0,0,0,0,0,0,0,0,1113.5,3,0,0,0,0,0,0,0,0
434,2017-04-17,09:03:41,816,jm1709,XDCE,1113.5,1106.0,1139.0,109140,7361062560,191470,210082,1227.5,1025.5,1126.5,1108,0,1112,0.0,0,0,2017-04-17,32621816,1113.0,9,0,0,0,0,0,0,0,0,1113.5,2,0,0,0,0,0,0,0,0
435,2017-04-17,09:03:42,452,jm1709,XDCE,1113.5,1106.0,1139.0,109144,7361329800,191472,210082,1227.5,1025.5,1126.5,1108,0,1112,0.0,0,0,2017-04-17,32622452,1113.0,7,0,0,0,0,0,0,0,0,1113.5,2,0,0,0,0,0,0,0,0
436,2017-04-17,09:03:42,865,jm1709,XDCE,1113.0,1106.0,1139.0,109152,7361864040,191474,210082,1227.5,1025.5,1126.5,1108,0,1112,0.0,0,0,2017-04-17,32622865,1113.0,3,0,0,0,0,0,0,0,0,1113.5,2,0,0,0,0,0,0,0,0
437,2017-04-17,09:03:43,833,jm1709,XDCE,1113.0,1106.0,1139.0,109154,7361997600,191472,210082,1227.5,1025.5,1126.5,1108,0,1112,0.0,0,0,2017-04-17,32623833,1113.0,2,0,0,0,0,0,0,0,0,1113.5,2,0,0,0,0,0,0,0,0
438,2017-04-17,09:03:44,292,jm1709,XDCE,1113.0,1106.0,1139.0,109158,7362264720,191472,210082,1227.5,1025.5,1126.5,1108,0,1112,0.0,0,0,2017-04-17,32624292,1112.5,63,0,0,0,0,0,0,0,0,1113.0,2,0,0,0,0,0,0,0,0
439,2017-04-17,09:03:44,854,jm1709,XDCE,1113.0,1106.0,1139.0,109162,7362531840,191472,210082,1227.5,1025.5,1126.5,1108,0,1112,0.0,0,0,2017-04-17,32624854,1112.5,63,0,0,0,0,0,0,0,0,1113.0,1,0,0,0,0,0,0,0,0
440,2017-04-17,09:03:45,333,jm1709,XDCE,1113.0,1106.0,1139.0,109164,7362665400,191470,210082,1227.5,1025.5,1126.5,1108,0,1112,0.0,0,0,2017-04-17,32625333,1112.5,63,0,0,0,0,0,0,0,0,1113.0,1,0,0,0,0,0,0,0,0
441,2017-04-17,09:03:45,953,jm1709,XDCE,1113.5,1106.0,1139.0,109170,7363066140,191470,210082,1227.5,1025.5,1126.5,1108,0,1112,0.0,0,0,2017-04-17,32625953,1112.5,63,0,0,0,0,0,0,0,0,1113.5,2,0,0,0,0,0,0,0,0
442,2017-04-17,09:03:46,777,jm1709,XDCE,1113.5,1106.0,1139.0,109170,7363066140,191470,210082,1227.5,1025.5,1126.5,1108,0,1112,0.0,0,0,2017-04-17,32626777,1113.0,1,0,0,0,0,0,0,0,0,1113.5,2,0,0,0,0,0,0,0,0
443,2017-04-17,09:03:47,404,jm1709,XDCE,1113.5,1106.0,1139.0,109192,7364534820,191472,210082,1227.5,1025.5,1126.5,1108,0,1112,0.0,0,0,2017-04-17,32627404,1113.5,1,0,0,0,0,0,0,0,0,1114.0,10,0,0,0,0,0,0,0,0
444,2017-04-17,09:03:47,905,jm1709,XDCE,1113.0,1106.0,1139.0,109196,7364802000,191470,210082,1227.5,1025.5,1126.5,1108,0,1112,0.0,0,0,2017-04-17,32627905,1112.5,53,0,0,0,0,0,0,0,0,1114.0,10,0,0,0,0,0,0,0,0
445,2017-04-17,09:03:48,312,jm1709,XDCE,1113.0,1106.0,1139.0,109196,7364802000,191470,210082,1227.5,1025.5,1126.5,1108,0,1112,0.0,0,0,2017-04-17,32628312,1113.0,1,0,0,0,0,0,0,0,0,1113.5,2,0,0,0,0,0,0,0,0
446,2017-04-17,09:03:49,305,jm1709,XDCE,1113.0,1106.0,1139.0,109196,7364802000,191470,210082,1227.5,1025.5,1126.5,1108,0,1112,0.0,0,0,2017-04-17,32629305,1113.0,1,0,0,0,0,0,0,0,0,1113.5,4,0,0,0,0,0,0,0,0
447,2017-04-17,09:03:49,805,jm1709,XDCE,1113.0,1106.0,1139.0,109198,7364935560,191470,210082,1227.5,1025.5,1126.5,1108,0,1112,0.0,0,0,2017-04-17,32629805,1112.5,55,0,0,0,0,0,0,0,0,1113.5,4,0,0,0,0,0,0,0,0
448,2017-04-17,09:03:50,824,jm1709,XDCE,1113.0,1106.0,1139.0,109198,7364935560,191470,210082,1227.5,1025.5,1126.5,1108,0,1112,0.0,0,0,2017-04-17,32630824,1112.5,55,0,0,0,0,0,0,0,0,1113.0,12,0,0,0,0,0,0,0,0
449,2017-04-17,09:03:51,352,jm1709,XDCE,1113.0,1106.0,1139.0,109212,7365870480,191464,210082,1227.5,1025.5,1126.5,1108,0,1112,0.0,0,0,2017-04-17,32631352,1112.5,55,0,0,0,0,0,0,0,0,1113.0,6,0,0,0,0,0,0,0,0
450,2017-04-17,09:03:51,790,jm1709,XDCE,1112.5,1106.0,1139.0,109216,7366137480,191464,210082,1227.5,1025.5,1126.5,1108,0,1112,0.0,0,0,2017-04-17,32631790,1112.5,53,0,0,0,0,0,0,0,0,1113.0,6,0,0,0,0,0,0,0,0
451,2017-04-17,09:03:52,326,jm1709,XDCE,1112.5,1106.0,1139.0,109216,7366137480,191464,210082,1227.5,1025.5,1126.5,1108,0,1112,0.0,0,0,2017-04-17,32632326,1112.5,53,0,0,0,0,0,0,0,0,1113.0,8,0,0,0,0,0,0,0,0
452,2017-04-17,09:03:52,792,jm1709,XDCE,1112.5,1106.0,1139.0,109216,7366137480,191464,210082,1227.5,1025.5,1126.5,1108,0,1112,0.0,0,0,2017-04-17,32632792,1112.5,53,0,0,0,0,0,0,0,0,1113.0,6,0,0,0,0,0,0,0,0
453,2017-04-17,09:03:53,404,jm1709,XDCE,1112.5,1106.0,1139.0,109226,7366805160,191464,210082,1227.5,1025.5,1126.5,1108,0,1112,0.0,0,0,2017-04-17,32633404,1112.5,51,0,0,0,0,0,0,0,0,1113.0,4,0,0,0,0,0,0,0,0
454,2017-04-17,09:03:53,826,jm1709,XDCE,1112.5,1106.0,1139.0,109226,7366805160,191464,210082,1227.5,1025.5,1126.5,1108,0,1112,0.0,0,0,2017-04-17,32633826,1112.5,51,0,0,0,0,0,0,0,0,1113.0,5,0,0,0,0,0,0,0,0
455,2017-04-17,09:03:54,318,jm1709,XDCE,1112.0,1106.0,1139.0,109338,7374280980,191432,210082,1227.5,1025.5,1126.5,1108,0,1112,0.0,0,0,2017-04-17,32634318,1112.0,3,0,0,0,0,0,0,0,0,1112.5,5,0,0,0,0,0,0,0,0
456,2017-04-17,09:03:54,933,jm1709,XDCE,1112.0,1106.0,1139.0,109344,7374681300,191428,210082,1227.5,1025.5,1126.5,1108,0,1112,0.0,0,0,2017-04-17,32634933,1111.5,17,0,0,0,0,0,0,0,0,1112.5,3,0,0,0,0,0,0,0,0
457,2017-04-17,09:03:55,466,jm1709,XDCE,1111.5,1106.0,1139.0,109346,7374814680,191426,210082,1227.5,1025.5,1126.5,1108,0,1112,0.0,0,0,2017-04-17,32635466,1111.5,16,0,0,0,0,0,0,0,0,1112.5,5,0,0,0,0,0,0,0,0
458,2017-04-17,09:03:55,942,jm1709,XDCE,1112.0,1106.0,1139.0,109350,7375081560,191422,210082,1227.5,1025.5,1126.5,1108,0,1112,0.0,0,0,2017-04-17,32635942,1111.5,16,0,0,0,0,0,0,0,0,1112.5,5,0,0,0,0,0,0,0,0
459,2017-04-17,09:03:56,439,jm1709,XDCE,1112.0,1106.0,1139.0,109350,7375081560,191422,210082,1227.5,1025.5,1126.5,1108,0,1112,0.0,0,0,2017-04-17,32636439,1111.5,17,0,0,0,0,0,0,0,0,1112.5,5,0,0,0,0,0,0,0,0
460,2017-04-17,09:03:56,903,jm1709,XDCE,1111.5,1106.0,1139.0,109352,7375214940,191422,210082,1227.5,1025.5,1126.5,1108,0,1112,0.0,0,0,2017-04-17,32636903,1111.5,16,0,0,0,0,0,0,0,0,1112.5,5,0,0,0,0,0,0,0,0
461,2017-04-17,09:03:57,342,jm1709,XDCE,1111.5,1106.0,1139.0,109352,7375214940,191422,210082,1227.5,1025.5,1126.5,1108,0,1112,0.0,0,0,2017-04-17,32637342,1111.5,16,0,0,0,0,0,0,0,0,1112.0,7,0,0,0,0,0,0,0,0
462,2017-04-17,09:03:57,861,jm1709,XDCE,1112.0,1106.0,1139.0,109372,7376549280,191408,210082,1227.5,1025.5,1126.5,1108,0,1112,0.0,0,0,2017-04-17,32637861,1112.0,7,0,0,0,0,0,0,0,0,1112.5,6,0,0,0,0,0,0,0,0
463,2017-04-17,09:03:58,457,jm1709,XDCE,1112.0,1106.0,1139.0,109392,7377883560,191406,210082,1227.5,1025.5,1126.5,1108,0,1112,0.0,0,0,2017-04-17,32638457,1111.5,34,0,0,0,0,0,0,0,0,1112.0,1,0,0,0,0,0,0,0,0
464,2017-04-17,09:03:58,883,jm1709,XDCE,1112.0,1106.0,1139.0,109392,7377883560,191406,210082,1227.5,1025.5,1126.5,1108,0,1112,0.0,0,0,2017-04-17,32638883,1111.5,33,0,0,0,0,0,0,0,0,1112.0,1,0,0,0,0,0,0,0,0
465,2017-04-17,09:03:59,327,jm1709,XDCE,1111.5,1106.0,1139.0,109400,7378417080,191406,210082,1227.5,1025.5,1126.5,1108,0,1112,0.0,0,0,2017-04-17,32639327,1111.5,9,0,0,0,0,0,0,0,0,1112.0,1,0,0,0,0,0,0,0,0
466,2017-04-17,09:03:59,971,jm1709,XDCE,1111.5,1106.0,1139.0,109400,7378417080,191406,210082,1227.5,1025.5,1126.5,1108,0,1112,0.0,0,0,2017-04-17,32639971,1111.5,11,0,0,0,0,0,0,0,0,1112.0,1,0,0,0,0,0,0,0,0
467,2017-04-17,09:04:01,301,jm1709,XDCE,1111.0,1106.0,1139.0,109444,7381351080,191392,210082,1227.5,1025.5,1126.5,1108,0,1112,0.0,0,0,2017-04-17,32641301,1111.0,9,0,0,0,0,0,0,0,0,1111.5,89,0,0,0,0,0,0,0,0
468,2017-04-17,09:04:01,792,jm1709,XDCE,1110.5,1106.0,1139.0,109492,7384549860,191372,210082,1227.5,1025.5,1126.5,1108,0,1112,0.0,0,0,2017-04-17,32641792,1110.5,10,0,0,0,0,0,0,0,0,1111.5,89,0,0,0,0,0,0,0,0
469,2017-04-17,09:04:02,388,jm1709,XDCE,1111.0,1106.0,1139.0,109502,7385216460,191366,210082,1227.5,1025.5,1126.5,1108,0,1112,0.0,0,0,2017-04-17,32642388,1110.5,1,0,0,0,0,0,0,0,0,1111.0,6,0,0,0,0,0,0,0,0
470,2017-04-17,09:04:02,947,jm1709,XDCE,1111.0,1106.0,1139.0,109506,7385483040,191364,210082,1227.5,1025.5,1126.5,1108,0,1112,0.0,0,0,2017-04-17,32642947,1110.0,21,0,0,0,0,0,0,0,0,1111.0,7,0,0,0,0,0,0,0,0
471,2017-04-17,09:04:03,432,jm1709,XDCE,1111.0,1106.0,1139.0,109508,7385616360,191364,210082,1227.5,1025.5,1126.5,1108,0,1112,0.0,0,0,2017-04-17,32643432,1110.0,21,0,0,0,0,0,0,0,0,1111.0,6,0,0,0,0,0,0,0,0
472,2017-04-17,09:04:03,773,jm1709,XDCE,1110.0,1106.0,1139.0,109516,7386149400,191360,210082,1227.5,1025.5,1126.5,1108,0,1112,0.0,0,0,2017-04-17,32643773,1110.0,19,0,0,0,0,0,0,0,0,1111.0,7,0,0,0,0,0,0,0,0
473,2017-04-17,09:04:04,459,jm1709,XDCE,1109.5,1106.0,1139.0,109556,7388813340,191396,210082,1227.5,1025.5,1126.5,1108,0,1112,0.0,0,0,2017-04-17,32644459,1109.5,6,0,0,0,0,0,0,0,0,1110.0,1,0,0,0,0,0,0,0,0
474,2017-04-17,09:04:04,815,jm1709,XDCE,1109.0,1106.0,1139.0,109570,7389745260,191398,210082,1227.5,1025.5,1126.5,1108,0,1112,0.0,0,0,2017-04-17,32644815,1109.0,12,0,0,0,0,0,0,0,0,1110.0,1,0,0,0,0,0,0,0,0
475,2017-04-17,09:04:05,322,jm1709,XDCE,1110.0,1106.0,1139.0,109572,7389878460,191400,210082,1227.5,1025.5,1126.5,1108,0,1112,0.0,0,0,2017-04-17,32645322,1109.5,1,0,0,0,0,0,0,0,0,1110.0,4,0,0,0,0,0,0,0,0
476,2017-04-17,09:04:05,915,jm1709,XDCE,1108.5,1106.0,1139.0,109582,7390543860,191400,210082,1227.5,1025.5,1126.5,1108,0,1112,0.0,0,0,2017-04-17,32645915,1109.0,1,0,0,0,0,0,0,0,0,1109.5,1,0,0,0,0,0,0,0,0
477,2017-04-17,09:04:06,414,jm1709,XDCE,1110.5,1106.0,1139.0,109622,7393208700,191402,210082,1227.5,1025.5,1126.5,1108,0,1112,0.0,0,0,2017-04-17,32646414,1109.0,1,0,0,0,0,0,0,0,0,1110.5,2,0,0,0,0,0,0,0,0
478,2017-04-17,09:04:06,971,jm1709,XDCE,1109.0,1106.0,1139.0,109644,7394673300,191392,210082,1227.5,1025.5,1126.5,1108,0,1112,0.0,0,0,2017-04-17,32646971,1108.5,11,0,0,0,0,0,0,0,0,1110.0,1,0,0,0,0,0,0,0,0
479,2017-04-17,09:04:07,368,jm1709,XDCE,1109.5,1106.0,1139.0,109664,7396004940,191382,210082,1227.5,1025.5,1126.5,1108,0,1112,0.0,0,0,2017-04-17,32647368,1109.5,1,0,0,0,0,0,0,0,0,1110.5,5,0,0,0,0,0,0,0,0
480,2017-04-17,09:04:07,858,jm1709,XDCE,1109.0,1106.0,1139.0,109674,7396670340,191386,210082,1227.5,1025.5,1126.5,1108,0,1112,0.0,0,0,2017-04-17,32647858,1109.0,24,0,0,0,0,0,0,0,0,1109.5,2,0,0,0,0,0,0,0,0
481,2017-04-17,09:04:08,429,jm1709,XDCE,1109.0,1106.0,1139.0,109684,7397335860,191390,210082,1227.5,1025.5,1126.5,1108,0,1112,0.0,0,0,2017-04-17,32648429,1109.0,5,0,0,0,0,0,0,0,0,1110.0,3,0,0,0,0,0,0,0,0
482,2017-04-17,09:04:08,827,jm1709,XDCE,1110.0,1106.0,1139.0,109692,7397868540,191390,210082,1227.5,1025.5,1126.5,1108,0,1112,0.0,0,0,2017-04-17,32648827,1110.0,24,0,0,0,0,0,0,0,0,1110.5,6,0,0,0,0,0,0,0,0
483,2017-04-17,09:04:09,456,jm1709,XDCE,1110.0,1106.0,1139.0,109746,7401464760,191402,210082,1227.5,1025.5,1126.5,1108,0,1112,0.0,0,0,2017-04-17,32649456,1109.0,1,0,0,0,0,0,0,0,0,1110.0,14,0,0,0,0,0,0,0,0
484,2017-04-17,09:04:09,955,jm1709,XDCE,1109.0,1106.0,1139.0,109748,7401597840,191402,210082,1227.5,1025.5,1126.5,1108,0,1112,0.0,0,0,2017-04-17,32649955,1108.5,12,0,0,0,0,0,0,0,0,1109.0,11,0,0,0,0,0,0,0,0
485,2017-04-17,09:04:10,293,jm1709,XDCE,1109.0,1106.0,1139.0,109770,7403061720,191398,210082,1227.5,1025.5,1126.5,1108,0,1112,0.0,0,0,2017-04-17,32650293,1109.0,8,0,0,0,0,0,0,0,0,1109.5,1,0,0,0,0,0,0,0,0
