,dataDate,dataTime,dataMillisec,instrumentID,exchangeCD,lastPrice,lowPrice,highPrice,volume,value,openInterest,preOpenInterest,upperLimitPrice,lowerLimitPrice,preSettlementPrice,prevClosePrice,settlementPrice,openPrice,closePrice,preDelta,currDelta,clearingDay,milliSecOffset,bidPrice1,bidVolume1,bidPrice2,bidVolume2,bidPrice3,bidVolume3,bidPrice4,bidVolume4,bidPrice5,bidVolume5,askPrice1,askVolume1,askPrice2,askVolume2,askPrice3,askVolume3,askPrice4,askVolume4,askPrice5,askVolume5
0,2017-04-17,08:59:00,787,l1709,XDCE,8880,8880,8880,1248,55411200,405858,406584,9335,8455,8895,8840,0,8880,0,0,0,2017-04-17,32340787,8875,8,0,0,0,0,0,0,0,0,8880,41,0,0,0,0,0,0,0,0
1,2017-04-17,09:00:00,965,l1709,XDCE,8875,8875,8880,1312,58251350,405864,406584,9335,8455,8895,8840,0,8880,0,0,0,2017-04-17,32400965,8870,26,0,0,0,0,0,0,0,0,8875,10,0,0,0,0,0,0,0,0
2,2017-04-17,09:00:01,469,l1709,XDCE,8885,8865,8885,2084,92507950,405572,406584,9335,8455,8895,8840,0,8880,0,0,0,2017-04-17,32401469,8870,20,0,0,0,0,0,0,0,0,8875,24,0,0,0,0,0,0,0,0
3,2017-04-17,09:00:01,971,l1709,XDCE,8880,8865,8885,2672,118592850,405562,406584,9335,8455,8895,8840,0,8880,0,0,0,2017-04-17,32401971,8875,14,0,0,0,0,0,0,0,0,8880,10,0,0,0,0,0,0,0,0
4,2017-04-17,09:00:02,469,l1709,XDCE,8875,8865,8885,2860,126937550,405454,406584,9335,8455,8895,8840,0,8880,0,0,0,2017-04-17,32402469,8875,24,0,0,0,0,0,0,0,0,8880,98,0,0,0,0,0,0,0,0
5,2017-04-17,09:00:02,970,l1709,XDCE,8870,8865,8885,3230,143354050,405372,406584,9335,8455,8895,8840,0,8880,0,0,0,2017-04-17,32402970,8870,19,0,0,0,0,0,0,0,0,8875,41,0,0,0,0,0,0,0,0
6,2017-04-17,09:00:03,471,l1709,XDCE,8870,8865,8885,3442,152762400,405368,406584,9335,8455,8895,8840,0,8880,0,0,0,2017-04-17,32403471,8875,40,0,0,0,0,0,0,0,0,8880,114,0,0,0,0,0,0,0,0
7,2017-04-17,09:00:03,965,l1709,XDCE,8880,8865,8885,3806,168919400,405416,406584,9335,8455,8895,8840,0,8880,0,0,0,2017-04-17,32403965,8875,4,0,0,0,0,0,0,0,0,8880,30,0,0,0,0,0,0,0,0
8,2017-04-17,09:00:04,471,l1709,XDCE,8875,8865,8885,4056,180014950,405470,406584,9335,8455,8895,8840,0,8880,0,0,0,2017-04-17,32404471,8870,71,0,0,0,0,0,0,0,0,8875,20,0,0,0,0,0,0,0,0
9,2017-04-17,09:00:04,969,l1709,XDCE,8875,8865,8885,4380,194392750,405492,406584,9335,8455,8895,8840,0,8880,0,0,0,2017-04-17,32404969,8870,61,0,0,0,0,0,0,0,0,8880,45,0,0,0,0,0,0,0,0
10,2017-04-17,09:00:05,452,l1709,XDCE,8875,8865,8885,4626,205310450,405480,406584,9335,8455,8895,8840,0,8880,0,0,0,2017-04-17,32405452,8875,12,0,0,0,0,0,0,0,0,8880,27,0,0,0,0,0,0,0,0
11,2017-04-17,09:00:05,966,l1709,XDCE,8875,8865,8885,4690,208151500,405486,406584,9335,8455,8895,8840,0,8880,0,0,0,2017-04-17,32405966,8875,56,0,0,0,0,0,0,0,0,8880,26,0,0,0,0,0,0,0,0
12,2017-04-17,09:00:06,471,l1709,XDCE,8875,8865,8885,4946,219511850,405312,406584,9335,8455,8895,8840,0,8880,0,0,0,2017-04-17,32406471,8875,3,0,0,0,0,0,0,0,0,8880,72,0,0,0,0,0,0,0,0
13,2017-04-17,09:00:06,967,l1709,XDCE,8885,8865,8885,5376,238605650,405472,406584,9335,8455,8895,8840,0,8880,0,0,0,2017-04-17,32406967,8880,2,0,0,0,0,0,0,0,0,8885,183,0,0,0,0,0,0,0,0
14,2017-04-17,09:00:07,445,l1709,XDCE,8880,8865,8885,5418,240470200,405460,406584,9335,8455,8895,8840,0,8880,0,0,0,2017-04-17,32407445,8875,46,0,0,0,0,0,0,0,0,8880,26,0,0,0,0,0,0,0,0
15,2017-04-17,09:00:07,965,l1709,XDCE,8880,8865,8885,5440,241446900,405448,406584,9335,8455,8895,8840,0,8880,0,0,0,2017-04-17,32407965,8875,34,0,0,0,0,0,0,0,0,8880,65,0,0,0,0,0,0,0,0
16,2017-04-17,09:00:08,472,l1709,XDCE,8875,8865,8885,5592,248195450,405488,406584,9335,8455,8895,8840,0,8880,0,0,0,2017-04-17,32408472,8875,41,0,0,0,0,0,0,0,0,8880,26,0,0,0,0,0,0,0,0
17,2017-04-17,09:00:08,966,l1709,XDCE,8880,8865,8885,6444,286018450,405882,406584,9335,8455,8895,8840,0,8880,0,0,0,2017-04-17,32408966,8880,17,0,0,0,0,0,0,0,0,8885,117,0,0,0,0,0,0,0,0
18,2017-04-17,09:00:09,455,l1709,XDCE,8880,8865,8885,6484,287794450,405882,406584,9335,8455,8895,8840,0,8880,0,0,0,2017-04-17,32409455,8880,20,0,0,0,0,0,0,0,0,8885,132,0,0,0,0,0,0,0,0
19,2017-04-17,09:00:09,946,l1709,XDCE,8880,8865,8885,6608,293300050,405836,406584,9335,8455,8895,8840,0,8880,0,0,0,2017-04-17,32409946,8880,4,0,0,0,0,0,0,0,0,8885,137,0,0,0,0,0,0,0,0
20,2017-04-17,09:00:10,448,l1709,XDCE,8880,8865,8885,6658,295520550,405838,406584,9335,8455,8895,8840,0,8880,0,0,0,2017-04-17,32410448,8880,19,0,0,0,0,0,0,0,0,8885,126,0,0,0,0,0,0,0,0
21,2017-04-17,09:00:10,968,l1709,XDCE,8885,8865,8885,6724,298452250,405804,406584,9335,8455,8895,8840,0,8880,0,0,0,2017-04-17,32410968,8880,70,0,0,0,0,0,0,0,0,8885,90,0,0,0,0,0,0,0,0
22,2017-04-17,09:00:11,464,l1709,XDCE,8880,8865,8885,7060,313368950,405680,406584,9335,8455,8895,8840,0,8880,0,0,0,2017-04-17,32411464,8875,51,0,0,0,0,0,0,0,0,8880,212,0,0,0,0,0,0,0,0
23,2017-04-17,09:00:11,961,l1709,XDCE,8880,8865,8890,7788,345701050,405870,406584,9335,8455,8895,8840,0,8880,0,0,0,2017-04-17,32411961,8880,25,0,0,0,0,0,0,0,0,8890,180,0,0,0,0,0,0,0,0
24,2017-04-17,09:00:12,463,l1709,XDCE,8885,8865,8890,8126,360709550,405814,406584,9335,8455,8895,8840,0,8880,0,0,0,2017-04-17,32412463,8880,36,0,0,0,0,0,0,0,0,8885,72,0,0,0,0,0,0,0,0
25,2017-04-17,09:00:12,939,l1709,XDCE,8880,8865,8890,8266,366925550,405816,406584,9335,8455,8895,8840,0,8880,0,0,0,2017-04-17,32412939,8875,71,0,0,0,0,0,0,0,0,8880,112,0,0,0,0,0,0,0,0
26,2017-04-17,09:00:13,462,l1709,XDCE,8880,8865,8890,8310,368879050,405844,406584,9335,8455,8895,8840,0,8880,0,0,0,2017-04-17,32413462,8875,52,0,0,0,0,0,0,0,0,8880,114,0,0,0,0,0,0,0,0
27,2017-04-17,09:00:13,970,l1709,XDCE,8880,8865,8890,8354,370832050,405848,406584,9335,8455,8895,8840,0,8880,0,0,0,2017-04-17,32413970,8875,43,0,0,0,0,0,0,0,0,8880,146,0,0,0,0,0,0,0,0
28,2017-04-17,09:00:14,466,l1709,XDCE,8875,8865,8890,8524,378376050,405900,406584,9335,8455,8895,8840,0,8880,0,0,0,2017-04-17,32414466,8870,137,0,0,0,0,0,0,0,0,8880,384,0,0,0,0,0,0,0,0
29,2017-04-17,09:00:14,963,l1709,XDCE,8875,8865,8890,8984,398796900,406004,406584,9335,8455,8895,8840,0,8880,0,0,0,2017-04-17,32414963,8870,144,0,0,0,0,0,0,0,0,8875,22,0,0,0,0,0,0,0,0
30,2017-04-17,09:00:15,462,l1709,XDCE,8875,8865,8890,9022,400483100,406030,406584,9335,8455,8895,8840,0,8880,0,0,0,2017-04-17,32415462,8870,145,0,0,0,0,0,0,0,0,8875,40,0,0,0,0,0,0,0,0
31,2017-04-17,09:00:15,971,l1709,XDCE,8870,8865,8890,9072,402700650,406068,406584,9335,8455,8895,8840,0,8880,0,0,0,2017-04-17,32415971,8870,117,0,0,0,0,0,0,0,0,8875,128,0,0,0,0,0,0,0,0
32,2017-04-17,09:00:16,415,l1709,XDCE,8875,8865,8890,9096,403765550,406084,406584,9335,8455,8895,8840,0,8880,0,0,0,2017-04-17,32416415,8870,124,0,0,0,0,0,0,0,0,8875,119,0,0,0,0,0,0,0,0
33,2017-04-17,09:00:16,959,l1709,XDCE,8875,8865,8890,9124,405008050,406098,406584,9335,8455,8895,8840,0,8880,0,0,0,2017-04-17,32416959,8870,125,0,0,0,0,0,0,0,0,8875,106,0,0,0,0,0,0,0,0
34,2017-04-17,09:00:17,461,l1709,XDCE,8875,8865,8890,9236,409975500,406100,406584,9335,8455,8895,8840,0,8880,0,0,0,2017-04-17,32417461,8870,86,0,0,0,0,0,0,0,0,8875,118,0,0,0,0,0,0,0,0
35,2017-04-17,09:00:17,940,l1709,XDCE,8875,8865,8890,9252,410685300,406110,406584,9335,8455,8895,8840,0,8880,0,0,0,2017-04-17,32417940,8870,72,0,0,0,0,0,0,0,0,8875,116,0,0,0,0,0,0,0,0
36,2017-04-17,09:00:18,447,l1709,XDCE,8870,8865,8890,9426,418402400,406162,406584,9335,8455,8895,8840,0,8880,0,0,0,2017-04-17,32418447,8865,113,0,0,0,0,0,0,0,0,8870,13,0,0,0,0,0,0,0,0
37,2017-04-17,09:00:18,946,l1709,XDCE,8870,8865,8890,9462,419999000,406198,406584,9335,8455,8895,8840,0,8880,0,0,0,2017-04-17,32418946,8870,3,0,0,0,0,0,0,0,0,8875,132,0,0,0,0,0,0,0,0
38,2017-04-17,09:00:19,458,l1709,XDCE,8870,8865,8890,9476,420620000,406206,406584,9335,8455,8895,8840,0,8880,0,0,0,2017-04-17,32419458,8870,5,0,0,0,0,0,0,0,0,8875,131,0,0,0,0,0,0,0,0
39,2017-04-17,09:00:19,949,l1709,XDCE,8870,8865,8890,9478,420708700,406206,406584,9335,8455,8895,8840,0,8880,0,0,0,2017-04-17,32419949,8870,12,0,0,0,0,0,0,0,0,8875,132,0,0,0,0,0,0,0,0
40,2017-04-17,09:00:20,441,l1709,XDCE,8870,8865,8890,9574,424968650,406194,406584,9335,8455,8895,8840,0,8880,0,0,0,2017-04-17,32420441,8870,90,0,0,0,0,0,0,0,0,8875,76,0,0,0,0,0,0,0,0
41,2017-04-17,09:00:20,968,l1709,XDCE,8875,8865,8890,9608,426477100,406170,406584,9335,8455,8895,8840,0,8880,0,0,0,2017-04-17,32420968,8870,88,0,0,0,0,0,0,0,0,8875,80,0,0,0,0,0,0,0,0
42,2017-04-17,09:00:21,450,l1709,XDCE,8875,8865,8890,9628,427364600,406172,406584,9335,8455,8895,8840,0,8880,0,0,0,2017-04-17,32421450,8870,92,0,0,0,0,0,0,0,0,8875,81,0,0,0,0,0,0,0,0
43,2017-04-17,09:00:21,970,l1709,XDCE,8875,8865,8890,9880,438541850,406246,406584,9335,8455,8895,8840,0,8880,0,0,0,2017-04-17,32421970,8870,21,0,0,0,0,0,0,0,0,8875,69,0,0,0,0,0,0,0,0
44,2017-04-17,09:00:22,468,l1709,XDCE,8870,8865,8890,9918,440227650,406222,406584,9335,8455,8895,8840,0,8880,0,0,0,2017-04-17,32422468,8870,19,0,0,0,0,0,0,0,0,8875,127,0,0,0,0,0,0,0,0
45,2017-04-17,09:00:22,946,l1709,XDCE,8875,8865,8890,9982,443066300,406246,406584,9335,8455,8895,8840,0,8880,0,0,0,2017-04-17,32422946,8865,138,0,0,0,0,0,0,0,0,8875,125,0,0,0,0,0,0,0,0
46,2017-04-17,09:00:23,462,l1709,XDCE,8870,8865,8890,10002,443953450,406236,406584,9335,8455,8895,8840,0,8880,0,0,0,2017-04-17,32423462,8865,142,0,0,0,0,0,0,0,0,8870,19,0,0,0,0,0,0,0,0
47,2017-04-17,09:00:23,968,l1709,XDCE,8870,8865,8890,10002,443953450,406236,406584,9335,8455,8895,8840,0,8880,0,0,0,2017-04-17,32423968,8865,141,0,0,0,0,0,0,0,0,8870,42,0,0,0,0,0,0,0,0
48,2017-04-17,09:00:24,467,l1709,XDCE,8870,8865,8890,10034,445372600,406214,406584,9335,8455,8895,8840,0,8880,0,0,0,2017-04-17,32424467,8865,136,0,0,0,0,0,0,0,0,8870,46,0,0,0,0,0,0,0,0
49,2017-04-17,09:00:24,962,l1709,XDCE,8870,8865,8890,10118,449097550,406238,406584,9335,8455,8895,8840,0,8880,0,0,0,2017-04-17,32424962,8865,131,0,0,0,0,0,0,0,0,8870,20,0,0,0,0,0,0,0,0
50,2017-04-17,09:00:25,470,l1709,XDCE,8870,8865,8890,10170,451403750,406270,406584,9335,8455,8895,8840,0,8880,0,0,0,2017-04-17,32425470,8870,56,0,0,0,0,0,0,0,0,8875,268,0,0,0,0,0,0,0,0
51,2017-04-17,09:00:25,843,l1709,XDCE,8870,8865,8890,10178,451758600,406274,406584,9335,8455,8895,8840,0,8880,0,0,0,2017-04-17,32425843,8870,55,0,0,0,0,0,0,0,0,8875,251,0,0,0,0,0,0,0,0
52,2017-04-17,09:00:26,400,l1709,XDCE,8870,8865,8890,10184,452024700,406278,406584,9335,8455,8895,8840,0,8880,0,0,0,2017-04-17,32426400,8870,52,0,0,0,0,0,0,0,0,8875,239,0,0,0,0,0,0,0,0
53,2017-04-17,09:00:26,970,l1709,XDCE,8870,8865,8890,10346,459209400,406434,406584,9335,8455,8895,8840,0,8880,0,0,0,2017-04-17,32426970,8870,1,0,0,0,0,0,0,0,0,8875,241,0,0,0,0,0,0,0,0
54,2017-04-17,09:00:27,440,l1709,XDCE,8865,8865,8890,10410,462047300,406482,406584,9335,8455,8895,8840,0,8880,0,0,0,2017-04-17,32427440,8865,114,0,0,0,0,0,0,0,0,8870,10,0,0,0,0,0,0,0,0
55,2017-04-17,09:00:27,959,l1709,XDCE,8870,8865,8890,10426,462756900,406482,406584,9335,8455,8895,8840,0,8880,0,0,0,2017-04-17,32427959,8865,118,0,0,0,0,0,0,0,0,8870,5,0,0,0,0,0,0,0,0
56,2017-04-17,09:00:28,467,l1709,XDCE,8870,8865,8890,10448,463732200,406492,406584,9335,8455,8895,8840,0,8880,0,0,0,2017-04-17,32428467,8865,110,0,0,0,0,0,0,0,0,8870,16,0,0,0,0,0,0,0,0
57,2017-04-17,09:00:28,943,l1709,XDCE,8870,8865,8890,10452,463909600,406496,406584,9335,8455,8895,8840,0,8880,0,0,0,2017-04-17,32428943,8865,110,0,0,0,0,0,0,0,0,8870,34,0,0,0,0,0,0,0,0
58,2017-04-17,09:00:29,417,l1709,XDCE,8870,8865,8890,10456,464087000,406496,406584,9335,8455,8895,8840,0,8880,0,0,0,2017-04-17,32429417,8865,102,0,0,0,0,0,0,0,0,8870,46,0,0,0,0,0,0,0,0
59,2017-04-17,09:00:29,920,l1709,XDCE,8870,8865,8890,10460,464264350,406498,406584,9335,8455,8895,8840,0,8880,0,0,0,2017-04-17,32429920,8865,98,0,0,0,0,0,0,0,0,8870,194,0,0,0,0,0,0,0,0
60,2017-04-17,09:00:30,471,l1709,XDCE,8865,8865,8890,10648,472597450,406474,406584,9335,8455,8895,8840,0,8880,0,0,0,2017-04-17,32430471,8860,109,0,0,0,0,0,0,0,0,8865,24,0,0,0,0,0,0,0,0
61,2017-04-17,09:00:30,956,l1709,XDCE,8870,8860,8890,10776,478270400,406398,406584,9335,8455,8895,8840,0,8880,0,0,0,2017-04-17,32430956,8865,16,0,0,0,0,0,0,0,0,8870,205,0,0,0,0,0,0,0,0
62,2017-04-17,09:00:31,460,l1709,XDCE,8865,8860,8890,10830,480663500,406414,406584,9335,8455,8895,8840,0,8880,0,0,0,2017-04-17,32431460,8860,123,0,0,0,0,0,0,0,0,8870,217,0,0,0,0,0,0,0,0
63,2017-04-17,09:00:31,965,l1709,XDCE,8865,8860,8890,10836,480929450,406416,406584,9335,8455,8895,8840,0,8880,0,0,0,2017-04-17,32431965,8860,133,0,0,0,0,0,0,0,0,8870,225,0,0,0,0,0,0,0,0
64,2017-04-17,09:00:32,461,l1709,XDCE,8865,8860,8890,10848,481461350,406412,406584,9335,8455,8895,8840,0,8880,0,0,0,2017-04-17,32432461,8860,139,0,0,0,0,0,0,0,0,8865,41,0,0,0,0,0,0,0,0
65,2017-04-17,09:00:32,940,l1709,XDCE,8865,8860,8890,10854,481727300,406410,406584,9335,8455,8895,8840,0,8880,0,0,0,2017-04-17,32432940,8860,139,0,0,0,0,0,0,0,0,8865,41,0,0,0,0,0,0,0,0
66,2017-04-17,09:00:33,367,l1709,XDCE,8865,8860,8890,10858,481904550,406410,406584,9335,8455,8895,8840,0,8880,0,0,0,2017-04-17,32433367,8860,135,0,0,0,0,0,0,0,0,8865,104,0,0,0,0,0,0,0,0
67,2017-04-17,09:00:33,953,l1709,XDCE,8865,8860,8890,10918,484564050,406430,406584,9335,8455,8895,8840,0,8880,0,0,0,2017-04-17,32433953,8860,141,0,0,0,0,0,0,0,0,8865,75,0,0,0,0,0,0,0,0
68,2017-04-17,09:00:34,455,l1709,XDCE,8860,8860,8890,10970,486867850,406472,406584,9335,8455,8895,8840,0,8880,0,0,0,2017-04-17,32434455,8860,117,0,0,0,0,0,0,0,0,8865,79,0,0,0,0,0,0,0,0
69,2017-04-17,09:00:34,971,l1709,XDCE,8865,8860,8890,11000,488197350,406496,406584,9335,8455,8895,8840,0,8880,0,0,0,2017-04-17,32434971,8860,106,0,0,0,0,0,0,0,0,8865,71,0,0,0,0,0,0,0,0
70,2017-04-17,09:00:35,459,l1709,XDCE,8865,8860,8890,11024,489261100,406506,406584,9335,8455,8895,8840,0,8880,0,0,0,2017-04-17,32435459,8860,142,0,0,0,0,0,0,0,0,8865,63,0,0,0,0,0,0,0,0
71,2017-04-17,09:00:35,874,l1709,XDCE,8860,8860,8890,11030,489526900,406508,406584,9335,8455,8895,8840,0,8880,0,0,0,2017-04-17,32435874,8860,168,0,0,0,0,0,0,0,0,8865,65,0,0,0,0,0,0,0,0
72,2017-04-17,09:00:36,461,l1709,XDCE,8865,8860,8890,11056,490679300,406508,406584,9335,8455,8895,8840,0,8880,0,0,0,2017-04-17,32436461,8860,164,0,0,0,0,0,0,0,0,8865,54,0,0,0,0,0,0,0,0
73,2017-04-17,09:00:36,952,l1709,XDCE,8865,8860,8890,11164,495466300,406436,406584,9335,8455,8895,8840,0,8880,0,0,0,2017-04-17,32436952,8860,171,0,0,0,0,0,0,0,0,8865,10,0,0,0,0,0,0,0,0
74,2017-04-17,09:00:37,406,l1709,XDCE,8870,8860,8890,11190,496618800,406434,406584,9335,8455,8895,8840,0,8880,0,0,0,2017-04-17,32437406,8865,71,0,0,0,0,0,0,0,0,8870,658,0,0,0,0,0,0,0,0
75,2017-04-17,09:00:37,968,l1709,XDCE,8865,8860,8890,11242,498924650,406410,406584,9335,8455,8895,8840,0,8880,0,0,0,2017-04-17,32437968,8865,100,0,0,0,0,0,0,0,0,8870,645,0,0,0,0,0,0,0,0
76,2017-04-17,09:00:38,433,l1709,XDCE,8865,8860,8890,11252,499367900,406400,406584,9335,8455,8895,8840,0,8880,0,0,0,2017-04-17,32438433,8865,110,0,0,0,0,0,0,0,0,8870,644,0,0,0,0,0,0,0,0
77,2017-04-17,09:00:38,934,l1709,XDCE,8865,8860,8890,11272,500254400,406382,406584,9335,8455,8895,8840,0,8880,0,0,0,2017-04-17,32438934,8865,164,0,0,0,0,0,0,0,0,8870,634,0,0,0,0,0,0,0,0
78,2017-04-17,09:00:39,439,l1709,XDCE,8865,8860,8890,11280,500609050,406384,406584,9335,8455,8895,8840,0,8880,0,0,0,2017-04-17,32439439,8865,177,0,0,0,0,0,0,0,0,8870,635,0,0,0,0,0,0,0,0
79,2017-04-17,09:00:39,908,l1709,XDCE,8870,8860,8890,11296,501318350,406388,406584,9335,8455,8895,8840,0,8880,0,0,0,2017-04-17,32439908,8865,186,0,0,0,0,0,0,0,0,8870,630,0,0,0,0,0,0,0,0
80,2017-04-17,09:00:40,466,l1709,XDCE,8865,8860,8890,11354,503889350,406346,406584,9335,8455,8895,8840,0,8880,0,0,0,2017-04-17,32440466,8865,161,0,0,0,0,0,0,0,0,8870,653,0,0,0,0,0,0,0,0
81,2017-04-17,09:00:40,939,l1709,XDCE,8870,8860,8890,11458,508501750,406318,406584,9335,8455,8895,8840,0,8880,0,0,0,2017-04-17,32440939,8865,152,0,0,0,0,0,0,0,0,8870,601,0,0,0,0,0,0,0,0
82,2017-04-17,09:00:41,466,l1709,XDCE,8870,8860,8890,11574,513646000,406238,406584,9335,8455,8895,8840,0,8880,0,0,0,2017-04-17,32441466,8865,154,0,0,0,0,0,0,0,0,8870,551,0,0,0,0,0,0,0,0
83,2017-04-17,09:00:41,916,l1709,XDCE,8870,8860,8890,11872,526855050,406316,406584,9335,8455,8895,8840,0,8880,0,0,0,2017-04-17,32441916,8865,10,0,0,0,0,0,0,0,0,8870,550,0,0,0,0,0,0,0,0
84,2017-04-17,09:00:42,461,l1709,XDCE,8865,8860,8890,11916,528805350,406334,406584,9335,8455,8895,8840,0,8880,0,0,0,2017-04-17,32442461,8860,177,0,0,0,0,0,0,0,0,8865,14,0,0,0,0,0,0,0,0
85,2017-04-17,09:00:42,968,l1709,XDCE,8870,8860,8890,12042,534390350,406352,406584,9335,8455,8895,8840,0,8880,0,0,0,2017-04-17,32442968,8865,21,0,0,0,0,0,0,0,0,8870,557,0,0,0,0,0,0,0,0
86,2017-04-17,09:00:43,369,l1709,XDCE,8870,8860,8890,12042,534390350,406352,406584,9335,8455,8895,8840,0,8880,0,0,0,2017-04-17,32443369,8865,31,0,0,0,0,0,0,0,0,8870,561,0,0,0,0,0,0,0,0
87,2017-04-17,09:00:43,959,l1709,XDCE,8865,8860,8890,12054,534922250,406364,406584,9335,8455,8895,8840,0,8880,0,0,0,2017-04-17,32443959,8865,69,0,0,0,0,0,0,0,0,8870,557,0,0,0,0,0,0,0,0
88,2017-04-17,09:00:44,427,l1709,XDCE,8870,8860,8890,12056,535010950,406366,406584,9335,8455,8895,8840,0,8880,0,0,0,2017-04-17,32444427,8865,70,0,0,0,0,0,0,0,0,8870,557,0,0,0,0,0,0,0,0
89,2017-04-17,09:00:44,944,l1709,XDCE,8865,8860,8890,12064,535365550,406370,406584,9335,8455,8895,8840,0,8880,0,0,0,2017-04-17,32444944,8865,67,0,0,0,0,0,0,0,0,8870,557,0,0,0,0,0,0,0,0
90,2017-04-17,09:00:45,443,l1709,XDCE,8865,8860,8890,12072,535720150,406378,406584,9335,8455,8895,8840,0,8880,0,0,0,2017-04-17,32445443,8865,74,0,0,0,0,0,0,0,0,8870,558,0,0,0,0,0,0,0,0
91,2017-04-17,09:00:45,920,l1709,XDCE,8865,8860,8890,12082,536163400,406378,406584,9335,8455,8895,8840,0,8880,0,0,0,2017-04-17,32445920,8865,133,0,0,0,0,0,0,0,0,8870,560,0,0,0,0,0,0,0,0
92,2017-04-17,09:00:46,468,l1709,XDCE,8865,8860,8890,12094,536695300,406388,406584,9335,8455,8895,8840,0,8880,0,0,0,2017-04-17,32446468,8865,134,0,0,0,0,0,0,0,0,8870,570,0,0,0,0,0,0,0,0
93,2017-04-17,09:00:46,913,l1709,XDCE,8865,8860,8890,12194,541127800,406304,406584,9335,8455,8895,8840,0,8880,0,0,0,2017-04-17,32446913,8865,118,0,0,0,0,0,0,0,0,8870,571,0,0,0,0,0,0,0,0
94,2017-04-17,09:00:47,410,l1709,XDCE,8870,8860,8890,12626,560287000,406472,406584,9335,8455,8895,8840,0,8880,0,0,0,2017-04-17,32447410,8865,142,0,0,0,0,0,0,0,0,8870,355,0,0,0,0,0,0,0,0
95,2017-04-17,09:00:47,954,l1709,XDCE,8870,8860,8890,12858,570576150,406262,406584,9335,8455,8895,8840,0,8880,0,0,0,2017-04-17,32447954,8865,145,0,0,0,0,0,0,0,0,8870,244,0,0,0,0,0,0,0,0
96,2017-04-17,09:00:48,444,l1709,XDCE,8870,8860,8890,13290,589734500,405892,406584,9335,8455,8895,8840,0,8880,0,0,0,2017-04-17,32448444,8865,130,0,0,0,0,0,0,0,0,8870,43,0,0,0,0,0,0,0,0
97,2017-04-17,09:00:48,957,l1709,XDCE,8870,8860,8890,13460,597275500,405884,406584,9335,8455,8895,8840,0,8880,0,0,0,2017-04-17,32448957,8870,116,0,0,0,0,0,0,0,0,8875,69,0,0,0,0,0,0,0,0
98,2017-04-17,09:00:49,432,l1709,XDCE,8875,8860,8890,13512,599582100,405868,406584,9335,8455,8895,8840,0,8880,0,0,0,2017-04-17,32449432,8870,113,0,0,0,0,0,0,0,0,8875,59,0,0,0,0,0,0,0,0
99,2017-04-17,09:00:49,966,l1709,XDCE,8870,8860,8890,13528,600291800,405856,406584,9335,8455,8895,8840,0,8880,0,0,0,2017-04-17,32449966,8870,118,0,0,0,0,0,0,0,0,8875,60,0,0,0,0,0,0,0,0
100,2017-04-17,09:00:50,435,l1709,XDCE,8875,8860,8890,13548,601178850,405854,406584,9335,8455,8895,8840,0,8880,0,0,0,2017-04-17,32450435,8870,119,0,0,0,0,0,0,0,0,8875,59,0,0,0,0,0,0,0,0
101,2017-04-17,09:00:50,918,l1709,XDCE,8870,8860,8890,13558,601622350,405862,406584,9335,8455,8895,8840,0,8880,0,0,0,2017-04-17,32450918,8870,116,0,0,0,0,0,0,0,0,8875,57,0,0,0,0,0,0,0,0
102,2017-04-17,09:00:51,425,l1709,XDCE,8875,8860,8890,13562,601799850,405862,406584,9335,8455,8895,8840,0,8880,0,0,0,2017-04-17,32451425,8870,116,0,0,0,0,0,0,0,0,8875,50,0,0,0,0,0,0,0,0
103,2017-04-17,09:00:51,971,l1709,XDCE,8870,8860,8890,13810,612798650,405718,406584,9335,8455,8895,8840,0,8880,0,0,0,2017-04-17,32451971,8865,151,0,0,0,0,0,0,0,0,8870,219,0,0,0,0,0,0,0,0
104,2017-04-17,09:00:52,437,l1709,XDCE,8870,8860,8890,13840,614129000,405716,406584,9335,8455,8895,8840,0,8880,0,0,0,2017-04-17,32452437,8865,150,0,0,0,0,0,0,0,0,8870,215,0,0,0,0,0,0,0,0
105,2017-04-17,09:00:52,766,l1709,XDCE,8870,8860,8890,13840,614129000,405716,406584,9335,8455,8895,8840,0,8880,0,0,0,2017-04-17,32452766,8865,147,0,0,0,0,0,0,0,0,8870,215,0,0,0,0,0,0,0,0
106,2017-04-17,09:00:53,451,l1709,XDCE,8870,8860,8890,13850,614572500,405716,406584,9335,8455,8895,8840,0,8880,0,0,0,2017-04-17,32453451,8865,154,0,0,0,0,0,0,0,0,8870,213,0,0,0,0,0,0,0,0
107,2017-04-17,09:00:53,971,l1709,XDCE,8865,8860,8890,13864,615193350,405706,406584,9335,8455,8895,8840,0,8880,0,0,0,2017-04-17,32453971,8865,153,0,0,0,0,0,0,0,0,8870,216,0,0,0,0,0,0,0,0
108,2017-04-17,09:00:54,464,l1709,XDCE,8870,8860,8890,13874,615636800,405698,406584,9335,8455,8895,8840,0,8880,0,0,0,2017-04-17,32454464,8865,153,0,0,0,0,0,0,0,0,8870,212,0,0,0,0,0,0,0,0
109,2017-04-17,09:00:54,947,l1709,XDCE,8870,8860,8890,13894,616523350,405698,406584,9335,8455,8895,8840,0,8880,0,0,0,2017-04-17,32454947,8865,148,0,0,0,0,0,0,0,0,8870,210,0,0,0,0,0,0,0,0
110,2017-04-17,09:00:55,407,l1709,XDCE,8870,8860,8890,13962,619539100,405700,406584,9335,8455,8895,8840,0,8880,0,0,0,2017-04-17,32455407,8865,147,0,0,0,0,0,0,0,0,8870,199,0,0,0,0,0,0,0,0
111,2017-04-17,09:00:55,922,l1709,XDCE,8870,8860,8890,13976,620160000,405700,406584,9335,8455,8895,8840,0,8880,0,0,0,2017-04-17,32455922,8865,148,0,0,0,0,0,0,0,0,8870,192,0,0,0,0,0,0,0,0
112,2017-04-17,09:00:56,435,l1709,XDCE,8865,8860,8890,13978,620248650,405702,406584,9335,8455,8895,8840,0,8880,0,0,0,2017-04-17,32456435,8865,137,0,0,0,0,0,0,0,0,8870,192,0,0,0,0,0,0,0,0
113,2017-04-17,09:00:56,901,l1709,XDCE,8865,8860,8890,13978,620248650,405702,406584,9335,8455,8895,8840,0,8880,0,0,0,2017-04-17,32456901,8865,136,0,0,0,0,0,0,0,0,8870,202,0,0,0,0,0,0,0,0
114,2017-04-17,09:00:57,329,l1709,XDCE,8870,8860,8890,13994,620957900,405702,406584,9335,8455,8895,8840,0,8880,0,0,0,2017-04-17,32457329,8865,132,0,0,0,0,0,0,0,0,8870,201,0,0,0,0,0,0,0,0
115,2017-04-17,09:00:57,889,l1709,XDCE,8865,8860,8890,14296,634344250,405544,406584,9335,8455,8895,8840,0,8880,0,0,0,2017-04-17,32457889,8860,233,0,0,0,0,0,0,0,0,8865,3,0,0,0,0,0,0,0,0
116,2017-04-17,09:00:58,461,l1709,XDCE,8860,8860,8890,14312,635053300,405546,406584,9335,8455,8895,8840,0,8880,0,0,0,2017-04-17,32458461,8860,257,0,0,0,0,0,0,0,0,8865,43,0,0,0,0,0,0,0,0
117,2017-04-17,09:00:58,971,l1709,XDCE,8865,8860,8890,14320,635407900,405554,406584,9335,8455,8895,8840,0,8880,0,0,0,2017-04-17,32458971,8860,244,0,0,0,0,0,0,0,0,8865,63,0,0,0,0,0,0,0,0
118,2017-04-17,09:00:59,419,l1709,XDCE,8865,8860,8890,14324,635585200,405558,406584,9335,8455,8895,8840,0,8880,0,0,0,2017-04-17,32459419,8860,243,0,0,0,0,0,0,0,0,8865,68,0,0,0,0,0,0,0,0
119,2017-04-17,09:00:59,919,l1709,XDCE,8865,8860,8890,14326,635673850,405560,406584,9335,8455,8895,8840,0,8880,0,0,0,2017-04-17,32459919,8860,242,0,0,0,0,0,0,0,0,8865,67,0,0,0,0,0,0,0,0
120,2017-04-17,09:01:00,301,l1709,XDCE,8860,8860,8890,14354,636914700,405570,406584,9335,8455,8895,8840,0,8880,0,0,0,2017-04-17,32460301,8860,237,0,0,0,0,0,0,0,0,8865,59,0,0,0,0,0,0,0,0
121,2017-04-17,09:01:00,915,l1709,XDCE,8865,8860,8890,14408,639308250,405586,406584,9335,8455,8895,8840,0,8880,0,0,0,2017-04-17,32460915,8860,249,0,0,0,0,0,0,0,0,8865,98,0,0,0,0,0,0,0,0
122,2017-04-17,09:01:01,446,l1709,XDCE,8860,8860,8890,14452,641257550,405628,406584,9335,8455,8895,8840,0,8880,0,0,0,2017-04-17,32461446,8860,229,0,0,0,0,0,0,0,0,8865,96,0,0,0,0,0,0,0,0
123,2017-04-17,09:01:01,963,l1709,XDCE,8860,8860,8890,14764,655081150,405638,406584,9335,8455,8895,8840,0,8880,0,0,0,2017-04-17,32461963,8860,105,0,0,0,0,0,0,0,0,8865,75,0,0,0,0,0,0,0,0
124,2017-04-17,09:01:02,472,l1709,XDCE,8865,8860,8890,14796,656499450,405664,406584,9335,8455,8895,8840,0,8880,0,0,0,2017-04-17,32462472,8860,104,0,0,0,0,0,0,0,0,8865,72,0,0,0,0,0,0,0,0
125,2017-04-17,09:01:02,968,l1709,XDCE,8860,8860,8890,15018,666334200,405820,406584,9335,8455,8895,8840,0,8880,0,0,0,2017-04-17,32462968,8855,196,0,0,0,0,0,0,0,0,8860,78,0,0,0,0,0,0,0,0
126,2017-04-17,09:01:03,424,l1709,XDCE,8860,8860,8890,15060,668194800,405828,406584,9335,8455,8895,8840,0,8880,0,0,0,2017-04-17,32463424,8855,214,0,0,0,0,0,0,0,0,8860,76,0,0,0,0,0,0,0,0
127,2017-04-17,09:01:03,967,l1709,XDCE,8860,8860,8890,15074,668815000,405814,406584,9335,8455,8895,8840,0,8880,0,0,0,2017-04-17,32463967,8855,213,0,0,0,0,0,0,0,0,8860,82,0,0,0,0,0,0,0,0
128,2017-04-17,09:01:04,459,l1709,XDCE,8860,8860,8890,15094,669701000,405810,406584,9335,8455,8895,8840,0,8880,0,0,0,2017-04-17,32464459,8855,213,0,0,0,0,0,0,0,0,8860,73,0,0,0,0,0,0,0,0
129,2017-04-17,09:01:04,957,l1709,XDCE,8860,8855,8890,15098,669878150,405808,406584,9335,8455,8895,8840,0,8880,0,0,0,2017-04-17,32464957,8855,213,0,0,0,0,0,0,0,0,8860,73,0,0,0,0,0,0,0,0
130,2017-04-17,09:01:05,470,l1709,XDCE,8855,8855,8890,15132,671383650,405810,406584,9335,8455,8895,8840,0,8880,0,0,0,2017-04-17,32465470,8855,189,0,0,0,0,0,0,0,0,8860,75,0,0,0,0,0,0,0,0
131,2017-04-17,09:01:05,900,l1709,XDCE,8860,8855,8890,15152,672269550,405810,406584,9335,8455,8895,8840,0,8880,0,0,0,2017-04-17,32465900,8855,178,0,0,0,0,0,0,0,0,8860,72,0,0,0,0,0,0,0,0
132,2017-04-17,09:01:06,425,l1709,XDCE,8855,8855,8890,15160,672623850,405814,406584,9335,8455,8895,8840,0,8880,0,0,0,2017-04-17,32466425,8855,176,0,0,0,0,0,0,0,0,8860,70,0,0,0,0,0,0,0,0
133,2017-04-17,09:01:06,941,l1709,XDCE,8855,8855,8890,15250,676608700,405872,406584,9335,8455,8895,8840,0,8880,0,0,0,2017-04-17,32466941,8855,133,0,0,0,0,0,0,0,0,8860,91,0,0,0,0,0,0,0,0
134,2017-04-17,09:01:07,396,l1709,XDCE,8860,8855,8890,15288,678291350,405896,406584,9335,8455,8895,8840,0,8880,0,0,0,2017-04-17,32467396,8855,114,0,0,0,0,0,0,0,0,8860,92,0,0,0,0,0,0,0,0
135,2017-04-17,09:01:07,891,l1709,XDCE,8860,8855,8890,15290,678379950,405896,406584,9335,8455,8895,8840,0,8880,0,0,0,2017-04-17,32467891,8855,124,0,0,0,0,0,0,0,0,8860,97,0,0,0,0,0,0,0,0
136,2017-04-17,09:01:08,470,l1709,XDCE,8855,8855,8890,15312,679354000,405918,406584,9335,8455,8895,8840,0,8880,0,0,0,2017-04-17,32468470,8855,115,0,0,0,0,0,0,0,0,8860,98,0,0,0,0,0,0,0,0
137,2017-04-17,09:01:08,916,l1709,XDCE,8860,8855,8890,15546,689716850,405960,406584,9335,8455,8895,8840,0,8880,0,0,0,2017-04-17,32468916,8855,48,0,0,0,0,0,0,0,0,8860,61,0,0,0,0,0,0,0,0
138,2017-04-17,09:01:09,391,l1709,XDCE,8860,8855,8890,15684,695827100,405916,406584,9335,8455,8895,8840,0,8880,0,0,0,2017-04-17,32469391,8850,238,0,0,0,0,0,0,0,0,8860,59,0,0,0,0,0,0,0,0
139,2017-04-17,09:01:09,957,l1709,XDCE,8855,8855,8890,15740,698306500,405956,406584,9335,8455,8895,8840,0,8880,0,0,0,2017-04-17,32469957,8850,257,0,0,0,0,0,0,0,0,8855,23,0,0,0,0,0,0,0,0
140,2017-04-17,09:01:10,435,l1709,XDCE,8855,8850,8890,15770,699634550,405978,406584,9335,8455,8895,8840,0,8880,0,0,0,2017-04-17,32470435,8850,262,0,0,0,0,0,0,0,0,8855,29,0,0,0,0,0,0,0,0
141,2017-04-17,09:01:10,955,l1709,XDCE,8855,8850,8890,15812,701494050,406006,406584,9335,8455,8895,8840,0,8880,0,0,0,2017-04-17,32470955,8850,252,0,0,0,0,0,0,0,0,8855,24,0,0,0,0,0,0,0,0
142,2017-04-17,09:01:11,462,l1709,XDCE,8855,8850,8890,15820,701848250,406012,406584,9335,8455,8895,8840,0,8880,0,0,0,2017-04-17,32471462,8850,253,0,0,0,0,0,0,0,0,8855,20,0,0,0,0,0,0,0,0
143,2017-04-17,09:01:11,921,l1709,XDCE,8850,8850,8890,15826,702113800,406012,406584,9335,8455,8895,8840,0,8880,0,0,0,2017-04-17,32471921,8850,260,0,0,0,0,0,0,0,0,8855,20,0,0,0,0,0,0,0,0
144,2017-04-17,09:01:12,468,l1709,XDCE,8850,8850,8890,15856,703441300,406016,406584,9335,8455,8895,8840,0,8880,0,0,0,2017-04-17,32472468,8850,249,0,0,0,0,0,0,0,0,8855,25,0,0,0,0,0,0,0,0
145,2017-04-17,09:01:12,949,l1709,XDCE,8850,8850,8890,15892,705034600,406042,406584,9335,8455,8895,8840,0,8880,0,0,0,2017-04-17,32472949,8850,238,0,0,0,0,0,0,0,0,8855,43,0,0,0,0,0,0,0,0
146,2017-04-17,09:01:13,453,l1709,XDCE,8850,8850,8890,15902,705477150,406050,406584,9335,8455,8895,8840,0,8880,0,0,0,2017-04-17,32473453,8850,235,0,0,0,0,0,0,0,0,8855,47,0,0,0,0,0,0,0,0
147,2017-04-17,09:01:13,925,l1709,XDCE,8855,8850,8890,15908,705742800,406046,406584,9335,8455,8895,8840,0,8880,0,0,0,2017-04-17,32473925,8850,232,0,0,0,0,0,0,0,0,8855,48,0,0,0,0,0,0,0,0
148,2017-04-17,09:01:14,382,l1709,XDCE,8855,8850,8890,15956,707867000,406086,406584,9335,8455,8895,8840,0,8880,0,0,0,2017-04-17,32474382,8850,208,0,0,0,0,0,0,0,0,8855,41,0,0,0,0,0,0,0,0
149,2017-04-17,09:01:14,910,l1709,XDCE,8855,8850,8890,15958,707955550,406086,406584,9335,8455,8895,8840,0,8880,0,0,0,2017-04-17,32474910,8850,203,0,0,0,0,0,0,0,0,8855,48,0,0,0,0,0,0,0,0
150,2017-04-17,09:01:15,471,l1709,XDCE,8855,8850,8890,16012,710345200,406116,406584,9335,8455,8895,8840,0,8880,0,0,0,2017-04-17,32475471,8850,178,0,0,0,0,0,0,0,0,8855,55,0,0,0,0,0,0,0,0
151,2017-04-17,09:01:15,949,l1709,XDCE,8855,8850,8890,16048,711938250,406152,406584,9335,8455,8895,8840,0,8880,0,0,0,2017-04-17,32475949,8850,157,0,0,0,0,0,0,0,0,8855,72,0,0,0,0,0,0,0,0
152,2017-04-17,09:01:16,472,l1709,XDCE,8850,8850,8890,16054,712203750,406158,406584,9335,8455,8895,8840,0,8880,0,0,0,2017-04-17,32476472,8850,154,0,0,0,0,0,0,0,0,8855,74,0,0,0,0,0,0,0,0
153,2017-04-17,09:01:16,941,l1709,XDCE,8855,8850,8890,16072,713000450,406158,406584,9335,8455,8895,8840,0,8880,0,0,0,2017-04-17,32476941,8850,149,0,0,0,0,0,0,0,0,8855,56,0,0,0,0,0,0,0,0
154,2017-04-17,09:01:17,450,l1709,XDCE,8855,8850,8890,16080,713354550,406164,406584,9335,8455,8895,8840,0,8880,0,0,0,2017-04-17,32477450,8850,166,0,0,0,0,0,0,0,0,8855,68,0,0,0,0,0,0,0,0
155,2017-04-17,09:01:17,958,l1709,XDCE,8855,8850,8890,16142,716098650,406166,406584,9335,8455,8895,8840,0,8880,0,0,0,2017-04-17,32477958,8850,148,0,0,0,0,0,0,0,0,8855,56,0,0,0,0,0,0,0,0
156,2017-04-17,09:01:18,448,l1709,XDCE,8855,8850,8890,16194,718400250,406218,406584,9335,8455,8895,8840,0,8880,0,0,0,2017-04-17,32478448,8850,195,0,0,0,0,0,0,0,0,8855,47,0,0,0,0,0,0,0,0
157,2017-04-17,09:01:18,824,l1709,XDCE,8860,8850,8890,16306,723359100,406174,406584,9335,8455,8895,8840,0,8880,0,0,0,2017-04-17,32478824,8855,31,0,0,0,0,0,0,0,0,8860,137,0,0,0,0,0,0,0,0
158,2017-04-17,09:01:19,460,l1709,XDCE,8855,8850,8890,16312,723624750,406170,406584,9335,8455,8895,8840,0,8880,0,0,0,2017-04-17,32479460,8855,28,0,0,0,0,0,0,0,0,8860,140,0,0,0,0,0,0,0,0
159,2017-04-17,09:01:19,961,l1709,XDCE,8855,8850,8890,16336,724687350,406152,406584,9335,8455,8895,8840,0,8880,0,0,0,2017-04-17,32479961,8855,134,0,0,0,0,0,0,0,0,8860,140,0,0,0,0,0,0,0,0
160,2017-04-17,09:01:20,437,l1709,XDCE,8855,8850,8890,16346,725130300,406150,406584,9335,8455,8895,8840,0,8880,0,0,0,2017-04-17,32480437,8855,137,0,0,0,0,0,0,0,0,8860,136,0,0,0,0,0,0,0,0
161,2017-04-17,09:01:20,955,l1709,XDCE,8855,8850,8890,16380,726635850,406152,406584,9335,8455,8895,8840,0,8880,0,0,0,2017-04-17,32480955,8855,124,0,0,0,0,0,0,0,0,8860,128,0,0,0,0,0,0,0,0
162,2017-04-17,09:01:21,467,l1709,XDCE,8855,8850,8890,16380,726635850,406152,406584,9335,8455,8895,8840,0,8880,0,0,0,2017-04-17,32481467,8855,124,0,0,0,0,0,0,0,0,8860,119,0,0,0,0,0,0,0,0
163,2017-04-17,09:01:21,930,l1709,XDCE,8855,8850,8890,16382,726724400,406150,406584,9335,8455,8895,8840,0,8880,0,0,0,2017-04-17,32481930,8855,124,0,0,0,0,0,0,0,0,8860,138,0,0,0,0,0,0,0,0
164,2017-04-17,09:01:22,385,l1709,XDCE,8855,8850,8890,16390,727078600,406142,406584,9335,8455,8895,8840,0,8880,0,0,0,2017-04-17,32482385,8855,131,0,0,0,0,0,0,0,0,8860,138,0,0,0,0,0,0,0,0
165,2017-04-17,09:01:22,957,l1709,XDCE,8860,8850,8890,16400,727521450,406140,406584,9335,8455,8895,8840,0,8880,0,0,0,2017-04-17,32482957,8855,150,0,0,0,0,0,0,0,0,8860,133,0,0,0,0,0,0,0,0
166,2017-04-17,09:01:23,465,l1709,XDCE,8860,8850,8890,16400,727521450,406140,406584,9335,8455,8895,8840,0,8880,0,0,0,2017-04-17,32483465,8855,155,0,0,0,0,0,0,0,0,8860,137,0,0,0,0,0,0,0,0
167,2017-04-17,09:01:23,946,l1709,XDCE,8860,8850,8890,16424,728584350,406130,406584,9335,8455,8895,8840,0,8880,0,0,0,2017-04-17,32483946,8855,149,0,0,0,0,0,0,0,0,8860,131,0,0,0,0,0,0,0,0
168,2017-04-17,09:01:24,430,l1709,XDCE,8860,8850,8890,16430,728850050,406126,406584,9335,8455,8895,8840,0,8880,0,0,0,2017-04-17,32484430,8855,147,0,0,0,0,0,0,0,0,8860,130,0,0,0,0,0,0,0,0
169,2017-04-17,09:01:24,969,l1709,XDCE,8860,8850,8890,16456,730001850,406128,406584,9335,8455,8895,8840,0,8880,0,0,0,2017-04-17,32484969,8855,102,0,0,0,0,0,0,0,0,8860,161,0,0,0,0,0,0,0,0
170,2017-04-17,09:01:25,354,l1709,XDCE,8860,8850,8890,16458,730090450,406128,406584,9335,8455,8895,8840,0,8880,0,0,0,2017-04-17,32485354,8855,109,0,0,0,0,0,0,0,0,8860,160,0,0,0,0,0,0,0,0
171,2017-04-17,09:01:25,924,l1709,XDCE,8860,8850,8890,16492,731596500,406144,406584,9335,8455,8895,8840,0,8880,0,0,0,2017-04-17,32485924,8855,107,0,0,0,0,0,0,0,0,8860,150,0,0,0,0,0,0,0,0
172,2017-04-17,09:01:26,338,l1709,XDCE,8860,8850,8890,16492,731596500,406144,406584,9335,8455,8895,8840,0,8880,0,0,0,2017-04-17,32486338,8855,119,0,0,0,0,0,0,0,0,8860,150,0,0,0,0,0,0,0,0
173,2017-04-17,09:01:26,971,l1709,XDCE,8855,8850,8890,16518,732748250,406162,406584,9335,8455,8895,8840,0,8880,0,0,0,2017-04-17,32486971,8855,120,0,0,0,0,0,0,0,0,8860,140,0,0,0,0,0,0,0,0
174,2017-04-17,09:01:27,455,l1709,XDCE,8860,8850,8890,16522,732925450,406162,406584,9335,8455,8895,8840,0,8880,0,0,0,2017-04-17,32487455,8855,121,0,0,0,0,0,0,0,0,8860,138,0,0,0,0,0,0,0,0
175,2017-04-17,09:01:27,943,l1709,XDCE,8860,8850,8890,16552,734254250,406162,406584,9335,8455,8895,8840,0,8880,0,0,0,2017-04-17,32487943,8855,123,0,0,0,0,0,0,0,0,8860,135,0,0,0,0,0,0,0,0
176,2017-04-17,09:01:28,464,l1709,XDCE,8860,8850,8890,16562,734697250,406162,406584,9335,8455,8895,8840,0,8880,0,0,0,2017-04-17,32488464,8855,127,0,0,0,0,0,0,0,0,8860,130,0,0,0,0,0,0,0,0
177,2017-04-17,09:01:28,921,l1709,XDCE,8855,8850,8890,16614,737000750,406170,406584,9335,8455,8895,8840,0,8880,0,0,0,2017-04-17,32488921,8855,126,0,0,0,0,0,0,0,0,8860,107,0,0,0,0,0,0,0,0
178,2017-04-17,09:01:29,400,l1709,XDCE,8855,8850,8890,16614,737000750,406170,406584,9335,8455,8895,8840,0,8880,0,0,0,2017-04-17,32489400,8855,151,0,0,0,0,0,0,0,0,8860,108,0,0,0,0,0,0,0,0
179,2017-04-17,09:01:29,968,l1709,XDCE,8860,8850,8890,16660,739038550,406172,406584,9335,8455,8895,8840,0,8880,0,0,0,2017-04-17,32489968,8855,163,0,0,0,0,0,0,0,0,8860,91,0,0,0,0,0,0,0,0
180,2017-04-17,09:01:30,450,l1709,XDCE,8855,8850,8890,16662,739127100,406172,406584,9335,8455,8895,8840,0,8880,0,0,0,2017-04-17,32490450,8855,163,0,0,0,0,0,0,0,0,8860,91,0,0,0,0,0,0,0,0
181,2017-04-17,09:01:30,910,l1709,XDCE,8860,8850,8890,16686,740190300,406172,406584,9335,8455,8895,8840,0,8880,0,0,0,2017-04-17,32490910,8855,165,0,0,0,0,0,0,0,0,8860,84,0,0,0,0,0,0,0,0
182,2017-04-17,09:01:31,464,l1709,XDCE,8855,8850,8890,16764,743645400,406148,406584,9335,8455,8895,8840,0,8880,0,0,0,2017-04-17,32491464,8855,161,0,0,0,0,0,0,0,0,8860,39,0,0,0,0,0,0,0,0
183,2017-04-17,09:01:31,969,l1709,XDCE,8860,8850,8890,17204,763125250,406002,406584,9335,8455,8895,8840,0,8880,0,0,0,2017-04-17,32491969,8855,6,0,0,0,0,0,0,0,0,8860,87,0,0,0,0,0,0,0,0
184,2017-04-17,09:01:32,464,l1709,XDCE,8855,8850,8890,17238,764630600,406008,406584,9335,8455,8895,8840,0,8880,0,0,0,2017-04-17,32492464,8850,224,0,0,0,0,0,0,0,0,8855,163,0,0,0,0,0,0,0,0
185,2017-04-17,09:01:32,936,l1709,XDCE,8855,8850,8890,17244,764896250,406012,406584,9335,8455,8895,8840,0,8880,0,0,0,2017-04-17,32492936,8850,232,0,0,0,0,0,0,0,0,8855,164,0,0,0,0,0,0,0,0
186,2017-04-17,09:01:33,297,l1709,XDCE,8850,8850,8890,17270,766047350,406038,406584,9335,8455,8895,8840,0,8880,0,0,0,2017-04-17,32493297,8850,231,0,0,0,0,0,0,0,0,8855,162,0,0,0,0,0,0,0,0
187,2017-04-17,09:01:33,944,l1709,XDCE,8850,8850,8890,17272,766135850,406038,406584,9335,8455,8895,8840,0,8880,0,0,0,2017-04-17,32493944,8850,218,0,0,0,0,0,0,0,0,8855,162,0,0,0,0,0,0,0,0
188,2017-04-17,09:01:34,457,l1709,XDCE,8850,8850,8890,17312,767906300,406062,406584,9335,8455,8895,8840,0,8880,0,0,0,2017-04-17,32494457,8850,197,0,0,0,0,0,0,0,0,8855,170,0,0,0,0,0,0,0,0
189,2017-04-17,09:01:34,952,l1709,XDCE,8855,8850,8890,17322,768349050,406064,406584,9335,8455,8895,8840,0,8880,0,0,0,2017-04-17,32494952,8850,197,0,0,0,0,0,0,0,0,8855,162,0,0,0,0,0,0,0,0
190,2017-04-17,09:01:35,441,l1709,XDCE,8850,8850,8890,17346,769411050,406066,406584,9335,8455,8895,8840,0,8880,0,0,0,2017-04-17,32495441,8850,191,0,0,0,0,0,0,0,0,8855,162,0,0,0,0,0,0,0,0
191,2017-04-17,09:01:35,838,l1709,XDCE,8850,8850,8890,17396,771623750,406080,406584,9335,8455,8895,8840,0,8880,0,0,0,2017-04-17,32495838,8850,165,0,0,0,0,0,0,0,0,8855,160,0,0,0,0,0,0,0,0
192,2017-04-17,09:01:36,461,l1709,XDCE,8855,8850,8890,17398,771712300,406082,406584,9335,8455,8895,8840,0,8880,0,0,0,2017-04-17,32496461,8850,168,0,0,0,0,0,0,0,0,8855,161,0,0,0,0,0,0,0,0
193,2017-04-17,09:01:36,894,l1709,XDCE,8850,8850,8890,17404,771977900,406084,406584,9335,8455,8895,8840,0,8880,0,0,0,2017-04-17,32496894,8850,166,0,0,0,0,0,0,0,0,8855,189,0,0,0,0,0,0,0,0
194,2017-04-17,09:01:37,470,l1709,XDCE,8850,8850,8890,17418,772597400,406096,406584,9335,8455,8895,8840,0,8880,0,0,0,2017-04-17,32497470,8850,164,0,0,0,0,0,0,0,0,8855,194,0,0,0,0,0,0,0,0
195,2017-04-17,09:01:37,891,l1709,XDCE,8855,8850,8890,17420,772685950,406098,406584,9335,8455,8895,8840,0,8880,0,0,0,2017-04-17,32497891,8850,162,0,0,0,0,0,0,0,0,8855,193,0,0,0,0,0,0,0,0
196,2017-04-17,09:01:38,461,l1709,XDCE,8850,8850,8890,17422,772774450,406100,406584,9335,8455,8895,8840,0,8880,0,0,0,2017-04-17,32498461,8850,161,0,0,0,0,0,0,0,0,8855,194,0,0,0,0,0,0,0,0
197,2017-04-17,09:01:38,972,l1709,XDCE,8850,8850,8890,17436,773393950,406100,406584,9335,8455,8895,8840,0,8880,0,0,0,2017-04-17,32498972,8850,161,0,0,0,0,0,0,0,0,8855,198,0,0,0,0,0,0,0,0
198,2017-04-17,09:01:39,365,l1709,XDCE,8850,8850,8890,17506,776491500,406038,406584,9335,8455,8895,8840,0,8880,0,0,0,2017-04-17,32499365,8850,241,0,0,0,0,0,0,0,0,8855,189,0,0,0,0,0,0,0,0
199,2017-04-17,09:01:39,972,l1709,XDCE,8850,8850,8890,17524,777288100,406042,406584,9335,8455,8895,8840,0,8880,0,0,0,2017-04-17,32499972,8850,234,0,0,0,0,0,0,0,0,8855,187,0,0,0,0,0,0,0,0
200,2017-04-17,09:01:40,472,l1709,XDCE,8850,8850,8890,17544,778173100,406042,406584,9335,8455,8895,8840,0,8880,0,0,0,2017-04-17,32500472,8850,119,0,0,0,0,0,0,0,0,8855,197,0,0,0,0,0,0,0,0
201,2017-04-17,09:01:40,939,l1709,XDCE,8850,8850,8890,17790,789058800,406192,406584,9335,8455,8895,8840,0,8880,0,0,0,2017-04-17,32500939,8850,4,0,0,0,0,0,0,0,0,8855,201,0,0,0,0,0,0,0,0
202,2017-04-17,09:01:41,411,l1709,XDCE,8850,8850,8890,17804,789678300,406206,406584,9335,8455,8895,8840,0,8880,0,0,0,2017-04-17,32501411,8845,239,0,0,0,0,0,0,0,0,8850,105,0,0,0,0,0,0,0,0
203,2017-04-17,09:01:41,871,l1709,XDCE,8850,8850,8890,17806,789766800,406208,406584,9335,8455,8895,8840,0,8880,0,0,0,2017-04-17,32501871,8845,236,0,0,0,0,0,0,0,0,8850,105,0,0,0,0,0,0,0,0
204,2017-04-17,09:01:42,406,l1709,XDCE,8850,8850,8890,17806,789766800,406208,406584,9335,8455,8895,8840,0,8880,0,0,0,2017-04-17,32502406,8845,236,0,0,0,0,0,0,0,0,8850,89,0,0,0,0,0,0,0,0
205,2017-04-17,09:01:42,881,l1709,XDCE,8850,8850,8890,17806,789766800,406208,406584,9335,8455,8895,8840,0,8880,0,0,0,2017-04-17,32502881,8845,233,0,0,0,0,0,0,0,0,8850,90,0,0,0,0,0,0,0,0
206,2017-04-17,09:01:43,452,l1709,XDCE,8845,8845,8890,17910,794366300,406272,406584,9335,8455,8895,8840,0,8880,0,0,0,2017-04-17,32503452,8845,200,0,0,0,0,0,0,0,0,8850,107,0,0,0,0,0,0,0,0
207,2017-04-17,09:01:43,945,l1709,XDCE,8845,8845,8890,18128,804007550,406254,406584,9335,8455,8895,8840,0,8880,0,0,0,2017-04-17,32503945,8845,81,0,0,0,0,0,0,0,0,8850,122,0,0,0,0,0,0,0,0
208,2017-04-17,09:01:44,390,l1709,XDCE,8845,8845,8890,18128,804007550,406254,406584,9335,8455,8895,8840,0,8880,0,0,0,2017-04-17,32504390,8845,78,0,0,0,0,0,0,0,0,8850,140,0,0,0,0,0,0,0,0
209,2017-04-17,09:01:44,966,l1709,XDCE,8845,8845,8890,18304,811792200,406128,406584,9335,8455,8895,8840,0,8880,0,0,0,2017-04-17,32504966,8840,364,0,0,0,0,0,0,0,0,8850,128,0,0,0,0,0,0,0,0
210,2017-04-17,09:01:45,448,l1709,XDCE,8845,8845,8890,18358,814180350,406124,406584,9335,8455,8895,8840,0,8880,0,0,0,2017-04-17,32505448,8845,62,0,0,0,0,0,0,0,0,8850,113,0,0,0,0,0,0,0,0
211,2017-04-17,09:01:45,890,l1709,XDCE,8845,8845,8890,18392,815684150,406108,406584,9335,8455,8895,8840,0,8880,0,0,0,2017-04-17,32505890,8845,72,0,0,0,0,0,0,0,0,8850,123,0,0,0,0,0,0,0,0
212,2017-04-17,09:01:46,411,l1709,XDCE,8845,8845,8890,18396,815861050,406104,406584,9335,8455,8895,8840,0,8880,0,0,0,2017-04-17,32506411,8845,139,0,0,0,0,0,0,0,0,8850,113,0,0,0,0,0,0,0,0
213,2017-04-17,09:01:46,953,l1709,XDCE,8850,8845,8890,18400,816038000,406104,406584,9335,8455,8895,8840,0,8880,0,0,0,2017-04-17,32506953,8845,143,0,0,0,0,0,0,0,0,8850,112,0,0,0,0,0,0,0,0
214,2017-04-17,09:01:47,428,l1709,XDCE,8845,8845,8890,18490,820018250,406106,406584,9335,8455,8895,8840,0,8880,0,0,0,2017-04-17,32507428,8845,74,0,0,0,0,0,0,0,0,8850,122,0,0,0,0,0,0,0,0
215,2017-04-17,09:01:47,925,l1709,XDCE,8845,8845,8890,18494,820195150,406110,406584,9335,8455,8895,8840,0,8880,0,0,0,2017-04-17,32507925,8845,74,0,0,0,0,0,0,0,0,8850,122,0,0,0,0,0,0,0,0
216,2017-04-17,09:01:48,468,l1709,XDCE,8845,8845,8890,18498,820372050,406106,406584,9335,8455,8895,8840,0,8880,0,0,0,2017-04-17,32508468,8845,80,0,0,0,0,0,0,0,0,8850,124,0,0,0,0,0,0,0,0
217,2017-04-17,09:01:48,921,l1709,XDCE,8850,8845,8890,18544,822407550,406104,406584,9335,8455,8895,8840,0,8880,0,0,0,2017-04-17,32508921,8845,111,0,0,0,0,0,0,0,0,8850,95,0,0,0,0,0,0,0,0
218,2017-04-17,09:01:49,421,l1709,XDCE,8850,8845,8890,18552,822761550,406104,406584,9335,8455,8895,8840,0,8880,0,0,0,2017-04-17,32509421,8845,116,0,0,0,0,0,0,0,0,8850,91,0,0,0,0,0,0,0,0
219,2017-04-17,09:01:49,969,l1709,XDCE,8850,8845,8890,18636,826477950,406046,406584,9335,8455,8895,8840,0,8880,0,0,0,2017-04-17,32509969,8845,106,0,0,0,0,0,0,0,0,8850,63,0,0,0,0,0,0,0,0
220,2017-04-17,09:01:50,320,l1709,XDCE,8850,8845,8890,18636,826477950,406046,406584,9335,8455,8895,8840,0,8880,0,0,0,2017-04-17,32510320,8845,130,0,0,0,0,0,0,0,0,8850,58,0,0,0,0,0,0,0,0
221,2017-04-17,09:01:50,935,l1709,XDCE,8850,8845,8890,18654,827274450,406038,406584,9335,8455,8895,8840,0,8880,0,0,0,2017-04-17,32510935,8845,134,0,0,0,0,0,0,0,0,8850,50,0,0,0,0,0,0,0,0
222,2017-04-17,09:01:51,446,l1709,XDCE,8850,8845,8890,18858,836296400,405932,406584,9335,8455,8895,8840,0,8880,0,0,0,2017-04-17,32511446,8845,41,0,0,0,0,0,0,0,0,8850,82,0,0,0,0,0,0,0,0
223,2017-04-17,09:01:51,970,l1709,XDCE,8850,8845,8890,18858,836296400,405932,406584,9335,8455,8895,8840,0,8880,0,0,0,2017-04-17,32511970,8845,52,0,0,0,0,0,0,0,0,8850,85,0,0,0,0,0,0,0,0
224,2017-04-17,09:01:52,470,l1709,XDCE,8845,8845,8890,18862,836473300,405934,406584,9335,8455,8895,8840,0,8880,0,0,0,2017-04-17,32512470,8845,50,0,0,0,0,0,0,0,0,8850,95,0,0,0,0,0,0,0,0
225,2017-04-17,09:01:52,972,l1709,XDCE,8845,8845,8890,18872,836915600,405942,406584,9335,8455,8895,8840,0,8880,0,0,0,2017-04-17,32512972,8845,45,0,0,0,0,0,0,0,0,8850,108,0,0,0,0,0,0,0,0
226,2017-04-17,09:01:53,430,l1709,XDCE,8845,8845,8890,18904,838331350,405970,406584,9335,8455,8895,8840,0,8880,0,0,0,2017-04-17,32513430,8845,40,0,0,0,0,0,0,0,0,8850,103,0,0,0,0,0,0,0,0
227,2017-04-17,09:01:53,954,l1709,XDCE,8845,8845,8890,18908,838508300,405972,406584,9335,8455,8895,8840,0,8880,0,0,0,2017-04-17,32513954,8845,39,0,0,0,0,0,0,0,0,8850,105,0,0,0,0,0,0,0,0
228,2017-04-17,09:01:54,450,l1709,XDCE,8845,8845,8890,18912,838685250,405974,406584,9335,8455,8895,8840,0,8880,0,0,0,2017-04-17,32514450,8845,39,0,0,0,0,0,0,0,0,8850,108,0,0,0,0,0,0,0,0
229,2017-04-17,09:01:54,931,l1709,XDCE,8845,8845,8890,18950,840365950,406004,406584,9335,8455,8895,8840,0,8880,0,0,0,2017-04-17,32514931,8840,461,0,0,0,0,0,0,0,0,8845,41,0,0,0,0,0,0,0,0
230,2017-04-17,09:01:55,429,l1709,XDCE,8845,8845,8890,18950,840365950,406004,406584,9335,8455,8895,8840,0,8880,0,0,0,2017-04-17,32515429,8840,443,0,0,0,0,0,0,0,0,8845,62,0,0,0,0,0,0,0,0
231,2017-04-17,09:01:55,869,l1709,XDCE,8845,8840,8890,18966,841073500,406008,406584,9335,8455,8895,8840,0,8880,0,0,0,2017-04-17,32515869,8840,430,0,0,0,0,0,0,0,0,8845,61,0,0,0,0,0,0,0,0
232,2017-04-17,09:01:56,392,l1709,XDCE,8845,8840,8890,18978,841604150,406012,406584,9335,8455,8895,8840,0,8880,0,0,0,2017-04-17,32516392,8840,428,0,0,0,0,0,0,0,0,8845,58,0,0,0,0,0,0,0,0
233,2017-04-17,09:01:56,964,l1709,XDCE,8845,8840,8890,18982,841781050,406012,406584,9335,8455,8895,8840,0,8880,0,0,0,2017-04-17,32516964,8840,428,0,0,0,0,0,0,0,0,8845,56,0,0,0,0,0,0,0,0
234,2017-04-17,09:01:57,415,l1709,XDCE,8845,8840,8890,18990,842134700,406008,406584,9335,8455,8895,8840,0,8880,0,0,0,2017-04-17,32517415,8840,427,0,0,0,0,0,0,0,0,8845,59,0,0,0,0,0,0,0,0
235,2017-04-17,09:01:57,961,l1709,XDCE,8845,8840,8890,18992,842223150,406010,406584,9335,8455,8895,8840,0,8880,0,0,0,2017-04-17,32517961,8840,427,0,0,0,0,0,0,0,0,8845,99,0,0,0,0,0,0,0,0
236,2017-04-17,09:01:58,472,l1709,XDCE,8840,8840,8890,18996,842400000,406010,406584,9335,8455,8895,8840,0,8880,0,0,0,2017-04-17,32518472,8840,427,0,0,0,0,0,0,0,0,8845,99,0,0,0,0,0,0,0,0
237,2017-04-17,09:01:58,942,l1709,XDCE,8840,8840,8890,19016,843284000,405996,406584,9335,8455,8895,8840,0,8880,0,0,0,2017-04-17,32518942,8840,407,0,0,0,0,0,0,0,0,8845,111,0,0,0,0,0,0,0,0
238,2017-04-17,09:01:59,439,l1709,XDCE,8840,8840,8890,19112,847527300,405992,406584,9335,8455,8895,8840,0,8880,0,0,0,2017-04-17,32519439,8840,363,0,0,0,0,0,0,0,0,8845,120,0,0,0,0,0,0,0,0
239,2017-04-17,09:01:59,950,l1709,XDCE,8845,8840,8890,19138,848676550,406016,406584,9335,8455,8895,8840,0,8880,0,0,0,2017-04-17,32519950,8840,351,0,0,0,0,0,0,0,0,8845,119,0,0,0,0,0,0,0,0
240,2017-04-17,09:02:00,467,l1709,XDCE,8840,8840,8890,19144,848941750,406020,406584,9335,8455,8895,8840,0,8880,0,0,0,2017-04-17,32520467,8840,373,0,0,0,0,0,0,0,0,8845,123,0,0,0,0,0,0,0,0
241,2017-04-17,09:02:00,966,l1709,XDCE,8840,8840,8890,19232,852832550,406068,406584,9335,8455,8895,8840,0,8880,0,0,0,2017-04-17,32520966,8840,359,0,0,0,0,0,0,0,0,8845,107,0,0,0,0,0,0,0,0
242,2017-04-17,09:02:01,436,l1709,XDCE,8845,8840,8890,19336,857429950,406136,406584,9335,8455,8895,8840,0,8880,0,0,0,2017-04-17,32521436,8840,324,0,0,0,0,0,0,0,0,8845,95,0,0,0,0,0,0,0,0
243,2017-04-17,09:02:01,964,l1709,XDCE,8845,8840,8890,19372,859022000,406112,406584,9335,8455,8895,8840,0,8880,0,0,0,2017-04-17,32521964,8840,317,0,0,0,0,0,0,0,0,8845,82,0,0,0,0,0,0,0,0
244,2017-04-17,09:02:02,365,l1709,XDCE,8845,8840,8890,19404,860437200,406088,406584,9335,8455,8895,8840,0,8880,0,0,0,2017-04-17,32522365,8840,328,0,0,0,0,0,0,0,0,8845,67,0,0,0,0,0,0,0,0
245,2017-04-17,09:02:02,943,l1709,XDCE,8845,8840,8890,19430,861587050,406062,406584,9335,8455,8895,8840,0,8880,0,0,0,2017-04-17,32522943,8840,324,0,0,0,0,0,0,0,0,8845,106,0,0,0,0,0,0,0,0
246,2017-04-17,09:02:03,455,l1709,XDCE,8840,8840,8890,19432,861675450,406062,406584,9335,8455,8895,8840,0,8880,0,0,0,2017-04-17,32523455,8840,323,0,0,0,0,0,0,0,0,8845,94,0,0,0,0,0,0,0,0
247,2017-04-17,09:02:03,972,l1709,XDCE,8840,8840,8890,19560,867335600,406114,406584,9335,8455,8895,8840,0,8880,0,0,0,2017-04-17,32523972,8840,319,0,0,0,0,0,0,0,0,8845,45,0,0,0,0,0,0,0,0
248,2017-04-17,09:02:04,440,l1709,XDCE,8845,8840,8890,19568,867689400,406106,406584,9335,8455,8895,8840,0,8880,0,0,0,2017-04-17,32524440,8840,320,0,0,0,0,0,0,0,0,8845,41,0,0,0,0,0,0,0,0
249,2017-04-17,09:02:04,933,l1709,XDCE,8845,8840,8890,19690,873084800,406164,406584,9335,8455,8895,8840,0,8880,0,0,0,2017-04-17,32524933,8845,62,0,0,0,0,0,0,0,0,8850,170,0,0,0,0,0,0,0,0
250,2017-04-17,09:02:05,398,l1709,XDCE,8845,8840,8890,19692,873173250,406166,406584,9335,8455,8895,8840,0,8880,0,0,0,2017-04-17,32525398,8845,68,0,0,0,0,0,0,0,0,8850,202,0,0,0,0,0,0,0,0
251,2017-04-17,09:02:05,916,l1709,XDCE,8845,8840,8890,19702,873615500,406166,406584,9335,8455,8895,8840,0,8880,0,0,0,2017-04-17,32525916,8845,115,0,0,0,0,0,0,0,0,8850,202,0,0,0,0,0,0,0,0
252,2017-04-17,09:02:06,468,l1709,XDCE,8845,8840,8890,19748,875649850,406166,406584,9335,8455,8895,8840,0,8880,0,0,0,2017-04-17,32526468,8845,108,0,0,0,0,0,0,0,0,8850,169,0,0,0,0,0,0,0,0
253,2017-04-17,09:02:06,970,l1709,XDCE,8850,8840,8890,19750,875738350,406166,406584,9335,8455,8895,8840,0,8880,0,0,0,2017-04-17,32526970,8845,113,0,0,0,0,0,0,0,0,8850,176,0,0,0,0,0,0,0,0
254,2017-04-17,09:02:07,472,l1709,XDCE,8850,8840,8890,19754,875915350,406170,406584,9335,8455,8895,8840,0,8880,0,0,0,2017-04-17,32527472,8845,129,0,0,0,0,0,0,0,0,8850,162,0,0,0,0,0,0,0,0
255,2017-04-17,09:02:07,941,l1709,XDCE,8845,8840,8890,19762,876269200,406174,406584,9335,8455,8895,8840,0,8880,0,0,0,2017-04-17,32527941,8845,113,0,0,0,0,0,0,0,0,8850,160,0,0,0,0,0,0,0,0
256,2017-04-17,09:02:08,388,l1709,XDCE,8850,8840,8890,19766,876446200,406178,406584,9335,8455,8895,8840,0,8880,0,0,0,2017-04-17,32528388,8845,141,0,0,0,0,0,0,0,0,8850,158,0,0,0,0,0,0,0,0
257,2017-04-17,09:02:08,955,l1709,XDCE,8845,8840,8890,19862,880692300,406246,406584,9335,8455,8895,8840,0,8880,0,0,0,2017-04-17,32528955,8845,95,0,0,0,0,0,0,0,0,8850,140,0,0,0,0,0,0,0,0
258,2017-04-17,09:02:09,463,l1709,XDCE,8850,8840,8890,19864,880780800,406246,406584,9335,8455,8895,8840,0,8880,0,0,0,2017-04-17,32529463,8845,84,0,0,0,0,0,0,0,0,8850,139,0,0,0,0,0,0,0,0
259,2017-04-17,09:02:09,967,l1709,XDCE,8845,8840,8890,19866,880869250,406244,406584,9335,8455,8895,8840,0,8880,0,0,0,2017-04-17,32529967,8845,122,0,0,0,0,0,0,0,0,8850,142,0,0,0,0,0,0,0,0
260,2017-04-17,09:02:10,472,l1709,XDCE,8850,8840,8890,19878,881400200,406242,406584,9335,8455,8895,8840,0,8880,0,0,0,2017-04-17,32530472,8845,124,0,0,0,0,0,0,0,0,8850,140,0,0,0,0,0,0,0,0
261,2017-04-17,09:02:10,942,l1709,XDCE,8850,8840,8890,20176,894586700,406108,406584,9335,8455,8895,8840,0,8880,0,0,0,2017-04-17,32530942,8850,76,0,0,0,0,0,0,0,0,8855,198,0,0,0,0,0,0,0,0
262,2017-04-17,09:02:11,449,l1709,XDCE,8850,8840,8890,20176,894586700,406108,406584,9335,8455,8895,8840,0,8880,0,0,0,2017-04-17,32531449,8850,87,0,0,0,0,0,0,0,0,8855,187,0,0,0,0,0,0,0,0
263,2017-04-17,09:02:11,889,l1709,XDCE,8850,8840,8890,20202,895737200,406088,406584,9335,8455,8895,8840,0,8880,0,0,0,2017-04-17,32531889,8850,88,0,0,0,0,0,0,0,0,8855,184,0,0,0,0,0,0,0,0
264,2017-04-17,09:02:12,398,l1709,XDCE,8855,8840,8890,20210,896091250,406084,406584,9335,8455,8895,8840,0,8880,0,0,0,2017-04-17,32532398,8850,46,0,0,0,0,0,0,0,0,8855,183,0,0,0,0,0,0,0,0
265,2017-04-17,09:02:12,902,l1709,XDCE,8850,8840,8890,20248,897772800,406088,406584,9335,8455,8895,8840,0,8880,0,0,0,2017-04-17,32532902,8850,28,0,0,0,0,0,0,0,0,8855,190,0,0,0,0,0,0,0,0
266,2017-04-17,09:02:13,432,l1709,XDCE,8850,8840,8890,20260,898303800,406092,406584,9335,8455,8895,8840,0,8880,0,0,0,2017-04-17,32533432,8850,28,0,0,0,0,0,0,0,0,8855,185,0,0,0,0,0,0,0,0
267,2017-04-17,09:02:13,898,l1709,XDCE,8850,8840,8890,20364,902908350,406194,406584,9335,8455,8895,8840,0,8880,0,0,0,2017-04-17,32533898,8850,46,0,0,0,0,0,0,0,0,8855,139,0,0,0,0,0,0,0,0
268,2017-04-17,09:02:14,415,l1709,XDCE,8850,8840,8890,20366,902996850,406194,406584,9335,8455,8895,8840,0,8880,0,0,0,2017-04-17,32534415,8850,46,0,0,0,0,0,0,0,0,8855,139,0,0,0,0,0,0,0,0
269,2017-04-17,09:02:14,952,l1709,XDCE,8855,8840,8890,20390,904059450,406214,406584,9335,8455,8895,8840,0,8880,0,0,0,2017-04-17,32534952,8850,49,0,0,0,0,0,0,0,0,8855,128,0,0,0,0,0,0,0,0
270,2017-04-17,09:02:15,461,l1709,XDCE,8850,8840,8890,20492,908572950,406190,406584,9335,8455,8895,8840,0,8880,0,0,0,2017-04-17,32535461,8850,24,0,0,0,0,0,0,0,0,8855,159,0,0,0,0,0,0,0,0
271,2017-04-17,09:02:15,900,l1709,XDCE,8850,8840,8890,20648,915476850,406308,406584,9335,8455,8895,8840,0,8880,0,0,0,2017-04-17,32535900,8850,18,0,0,0,0,0,0,0,0,8855,141,0,0,0,0,0,0,0,0
272,2017-04-17,09:02:16,452,l1709,XDCE,8840,8840,8890,21832,967823500,407272,406584,9335,8455,8895,8840,0,8880,0,0,0,2017-04-17,32536452,8835,143,0,0,0,0,0,0,0,0,8840,25,0,0,0,0,0,0,0,0
273,2017-04-17,09:02:16,965,l1709,XDCE,8840,8835,8890,22444,994866550,407332,406584,9335,8455,8895,8840,0,8880,0,0,0,2017-04-17,32536965,8830,442,0,0,0,0,0,0,0,0,8835,25,0,0,0,0,0,0,0,0
274,2017-04-17,09:02:17,376,l1709,XDCE,8840,8835,8890,22608,1002111900,407248,406584,9335,8455,8895,8840,0,8880,0,0,0,2017-04-17,32537376,8835,89,0,0,0,0,0,0,0,0,8840,133,0,0,0,0,0,0,0,0
275,2017-04-17,09:02:17,937,l1709,XDCE,8840,8830,8890,22914,1015628600,407324,406584,9335,8455,8895,8840,0,8880,0,0,0,2017-04-17,32537937,8835,66,0,0,0,0,0,0,0,0,8840,140,0,0,0,0,0,0,0,0
276,2017-04-17,09:02:18,452,l1709,XDCE,8835,8830,8890,22982,1018632500,407304,406584,9335,8455,8895,8840,0,8880,0,0,0,2017-04-17,32538452,8835,76,0,0,0,0,0,0,0,0,8840,142,0,0,0,0,0,0,0,0
277,2017-04-17,09:02:18,957,l1709,XDCE,8835,8830,8890,23008,1019781100,407280,406584,9335,8455,8895,8840,0,8880,0,0,0,2017-04-17,32538957,8835,83,0,0,0,0,0,0,0,0,8840,151,0,0,0,0,0,0,0,0
278,2017-04-17,09:02:19,440,l1709,XDCE,8840,8830,8890,23112,1024377850,407380,406584,9335,8455,8895,8840,0,8880,0,0,0,2017-04-17,32539440,8835,100,0,0,0,0,0,0,0,0,8840,100,0,0,0,0,0,0,0,0
279,2017-04-17,09:02:19,928,l1709,XDCE,8835,8830,8890,23332,1034096350,407494,406584,9335,8455,8895,8840,0,8880,0,0,0,2017-04-17,32539928,8830,418,0,0,0,0,0,0,0,0,8835,11,0,0,0,0,0,0,0,0
280,2017-04-17,09:02:20,436,l1709,XDCE,8835,8830,8890,23420,1037983750,407460,406584,9335,8455,8895,8840,0,8880,0,0,0,2017-04-17,32540436,8835,61,0,0,0,0,0,0,0,0,8840,72,0,0,0,0,0,0,0,0
281,2017-04-17,09:02:20,953,l1709,XDCE,8835,8830,8890,23424,1038160450,407456,406584,9335,8455,8895,8840,0,8880,0,0,0,2017-04-17,32540953,8835,59,0,0,0,0,0,0,0,0,8840,111,0,0,0,0,0,0,0,0
282,2017-04-17,09:02:21,469,l1709,XDCE,8840,8830,8890,23468,1040105250,407460,406584,9335,8455,8895,8840,0,8880,0,0,0,2017-04-17,32541469,8835,118,0,0,0,0,0,0,0,0,8840,70,0,0,0,0,0,0,0,0
283,2017-04-17,09:02:21,826,l1709,XDCE,8840,8830,8890,23578,1044967250,407494,406584,9335,8455,8895,8840,0,8880,0,0,0,2017-04-17,32541826,8840,58,0,0,0,0,0,0,0,0,8845,76,0,0,0,0,0,0,0,0
284,2017-04-17,09:02:22,421,l1709,XDCE,8840,8830,8890,23596,1045762850,407496,406584,9335,8455,8895,8840,0,8880,0,0,0,2017-04-17,32542421,8840,49,0,0,0,0,0,0,0,0,8845,75,0,0,0,0,0,0,0,0
285,2017-04-17,09:02:22,951,l1709,XDCE,8840,8830,8890,23646,1047972850,407464,406584,9335,8455,8895,8840,0,8880,0,0,0,2017-04-17,32542951,8840,79,0,0,0,0,0,0,0,0,8845,89,0,0,0,0,0,0,0,0
286,2017-04-17,09:02:23,403,l1709,XDCE,8840,8830,8890,23664,1048768450,407450,406584,9335,8455,8895,8840,0,8880,0,0,0,2017-04-17,32543403,8840,74,0,0,0,0,0,0,0,0,8845,139,0,0,0,0,0,0,0,0
287,2017-04-17,09:02:23,966,l1709,XDCE,8845,8830,8890,23686,1049740950,407436,406584,9335,8455,8895,8840,0,8880,0,0,0,2017-04-17,32543966,8840,64,0,0,0,0,0,0,0,0,8845,137,0,0,0,0,0,0,0,0
288,2017-04-17,09:02:24,445,l1709,XDCE,8840,8830,8890,23808,1055133350,407432,406584,9335,8455,8895,8840,0,8880,0,0,0,2017-04-17,32544445,8835,144,0,0,0,0,0,0,0,0,8840,57,0,0,0,0,0,0,0,0
289,2017-04-17,09:02:24,903,l1709,XDCE,8835,8830,8890,23816,1055486750,407432,406584,9335,8455,8895,8840,0,8880,0,0,0,2017-04-17,32544903,8835,83,0,0,0,0,0,0,0,0,8840,129,0,0,0,0,0,0,0,0
290,2017-04-17,09:02:25,429,l1709,XDCE,8840,8830,8890,23916,1059906750,407432,406584,9335,8455,8895,8840,0,8880,0,0,0,2017-04-17,32545429,8835,88,0,0,0,0,0,0,0,0,8840,66,0,0,0,0,0,0,0,0
291,2017-04-17,09:02:25,914,l1709,XDCE,8835,8830,8890,23926,1060348500,407442,406584,9335,8455,8895,8840,0,8880,0,0,0,2017-04-17,32545914,8835,125,0,0,0,0,0,0,0,0,8840,48,0,0,0,0,0,0,0,0
292,2017-04-17,09:02:26,459,l1709,XDCE,8840,8830,8890,23942,1061055700,407456,406584,9335,8455,8895,8840,0,8880,0,0,0,2017-04-17,32546459,8835,170,0,0,0,0,0,0,0,0,8840,40,0,0,0,0,0,0,0,0
293,2017-04-17,09:02:26,946,l1709,XDCE,8840,8830,8890,24022,1064591700,407434,406584,9335,8455,8895,8840,0,8880,0,0,0,2017-04-17,32546946,8840,27,0,0,0,0,0,0,0,0,8845,131,0,0,0,0,0,0,0,0
294,2017-04-17,09:02:27,419,l1709,XDCE,8840,8830,8890,24026,1064768500,407434,406584,9335,8455,8895,8840,0,8880,0,0,0,2017-04-17,32547419,8840,128,0,0,0,0,0,0,0,0,8845,127,0,0,0,0,0,0,0,0
295,2017-04-17,09:02:27,962,l1709,XDCE,8840,8830,8890,24034,1065122150,407432,406584,9335,8455,8895,8840,0,8880,0,0,0,2017-04-17,32547962,8840,167,0,0,0,0,0,0,0,0,8845,99,0,0,0,0,0,0,0,0
296,2017-04-17,09:02:28,399,l1709,XDCE,8845,8830,8890,24114,1068660150,407450,406584,9335,8455,8895,8840,0,8880,0,0,0,2017-04-17,32548399,8840,218,0,0,0,0,0,0,0,0,8845,58,0,0,0,0,0,0,0,0
297,2017-04-17,09:02:28,904,l1709,XDCE,8845,8830,8890,24236,1074055550,407446,406584,9335,8455,8895,8840,0,8880,0,0,0,2017-04-17,32548904,8845,46,0,0,0,0,0,0,0,0,8850,120,0,0,0,0,0,0,0,0
298,2017-04-17,09:02:29,462,l1709,XDCE,8845,8830,8890,24356,1079362550,407354,406584,9335,8455,8895,8840,0,8880,0,0,0,2017-04-17,32549462,8845,7,0,0,0,0,0,0,0,0,8850,120,0,0,0,0,0,0,0,0
299,2017-04-17,09:02:29,958,l1709,XDCE,8845,8830,8890,24416,1082016050,407388,406584,9335,8455,8895,8840,0,8880,0,0,0,2017-04-17,32549958,8840,274,0,0,0,0,0,0,0,0,8845,4,0,0,0,0,0,0,0,0
300,2017-04-17,09:02:30,470,l1709,XDCE,8845,8830,8890,24426,1082458300,407388,406584,9335,8455,8895,8840,0,8880,0,0,0,2017-04-17,32550470,8845,37,0,0,0,0,0,0,0,0,8850,123,0,0,0,0,0,0,0,0
301,2017-04-17,09:02:30,963,l1709,XDCE,8850,8830,8890,24428,1082546800,407386,406584,9335,8455,8895,8840,0,8880,0,0,0,2017-04-17,32550963,8845,55,0,0,0,0,0,0,0,0,8850,138,0,0,0,0,0,0,0,0
302,2017-04-17,09:02:31,435,l1709,XDCE,8850,8830,8890,24428,1082546800,407386,406584,9335,8455,8895,8840,0,8880,0,0,0,2017-04-17,32551435,8845,64,0,0,0,0,0,0,0,0,8850,145,0,0,0,0,0,0,0,0
303,2017-04-17,09:02:31,796,l1709,XDCE,8850,8830,8890,24428,1082546800,407386,406584,9335,8455,8895,8840,0,8880,0,0,0,2017-04-17,32551796,8845,64,0,0,0,0,0,0,0,0,8850,126,0,0,0,0,0,0,0,0
304,2017-04-17,09:02:32,397,l1709,XDCE,8845,8830,8890,24430,1082635250,407386,406584,9335,8455,8895,8840,0,8880,0,0,0,2017-04-17,32552397,8845,68,0,0,0,0,0,0,0,0,8850,101,0,0,0,0,0,0,0,0
305,2017-04-17,09:02:32,926,l1709,XDCE,8850,8830,8890,24506,1085998250,407320,406584,9335,8455,8895,8840,0,8880,0,0,0,2017-04-17,32552926,8845,82,0,0,0,0,0,0,0,0,8850,62,0,0,0,0,0,0,0,0
306,2017-04-17,09:02:33,392,l1709,XDCE,8855,8830,8890,24604,1090334800,407296,406584,9335,8455,8895,8840,0,8880,0,0,0,2017-04-17,32553392,8850,100,0,0,0,0,0,0,0,0,8855,197,0,0,0,0,0,0,0,0
307,2017-04-17,09:02:33,937,l1709,XDCE,8855,8830,8890,24606,1090423350,407296,406584,9335,8455,8895,8840,0,8880,0,0,0,2017-04-17,32553937,8850,100,0,0,0,0,0,0,0,0,8855,188,0,0,0,0,0,0,0,0
308,2017-04-17,09:02:34,440,l1709,XDCE,8850,8830,8890,24616,1090865850,407296,406584,9335,8455,8895,8840,0,8880,0,0,0,2017-04-17,32554440,8850,156,0,0,0,0,0,0,0,0,8855,178,0,0,0,0,0,0,0,0
309,2017-04-17,09:02:34,916,l1709,XDCE,8850,8830,8890,24626,1091308350,407286,406584,9335,8455,8895,8840,0,8880,0,0,0,2017-04-17,32554916,8850,151,0,0,0,0,0,0,0,0,8855,178,0,0,0,0,0,0,0,0
310,2017-04-17,09:02:35,470,l1709,XDCE,8850,8830,8890,24636,1091750850,407276,406584,9335,8455,8895,8840,0,8880,0,0,0,2017-04-17,32555470,8850,139,0,0,0,0,0,0,0,0,8855,178,0,0,0,0,0,0,0,0
311,2017-04-17,09:02:35,969,l1709,XDCE,8850,8830,8890,24854,1101397350,407336,406584,9335,8455,8895,8840,0,8880,0,0,0,2017-04-17,32555969,8845,172,0,0,0,0,0,0,0,0,8850,11,0,0,0,0,0,0,0,0
312,2017-04-17,09:02:36,323,l1709,XDCE,8850,8830,8890,24888,1102901950,407312,406584,9335,8455,8895,8840,0,8880,0,0,0,2017-04-17,32556323,8850,7,0,0,0,0,0,0,0,0,8855,191,0,0,0,0,0,0,0,0
313,2017-04-17,09:02:36,971,l1709,XDCE,8850,8830,8890,24912,1103963950,407302,406584,9335,8455,8895,8840,0,8880,0,0,0,2017-04-17,32556971,8845,192,0,0,0,0,0,0,0,0,8850,43,0,0,0,0,0,0,0,0
314,2017-04-17,09:02:37,459,l1709,XDCE,8845,8830,8890,24914,1104052400,407302,406584,9335,8455,8895,8840,0,8880,0,0,0,2017-04-17,32557459,8845,194,0,0,0,0,0,0,0,0,8850,48,0,0,0,0,0,0,0,0
315,2017-04-17,09:02:37,792,l1709,XDCE,8850,8830,8890,24952,1105733900,407334,406584,9335,8455,8895,8840,0,8880,0,0,0,2017-04-17,32557792,8845,194,0,0,0,0,0,0,0,0,8850,37,0,0,0,0,0,0,0,0
316,2017-04-17,09:02:38,444,l1709,XDCE,8850,8830,8890,24952,1105733900,407334,406584,9335,8455,8895,8840,0,8880,0,0,0,2017-04-17,32558444,8845,186,0,0,0,0,0,0,0,0,8850,40,0,0,0,0,0,0,0,0
317,2017-04-17,09:02:38,936,l1709,XDCE,8850,8830,8890,24960,1106087900,407334,406584,9335,8455,8895,8840,0,8880,0,0,0,2017-04-17,32558936,8845,157,0,0,0,0,0,0,0,0,8850,82,0,0,0,0,0,0,0,0
318,2017-04-17,09:02:39,458,l1709,XDCE,8850,8830,8890,24998,1107769400,407370,406584,9335,8455,8895,8840,0,8880,0,0,0,2017-04-17,32559458,8845,158,0,0,0,0,0,0,0,0,8850,76,0,0,0,0,0,0,0,0
319,2017-04-17,09:02:39,967,l1709,XDCE,8845,8830,8890,25008,1108211650,407360,406584,9335,8455,8895,8840,0,8880,0,0,0,2017-04-17,32559967,8845,159,0,0,0,0,0,0,0,0,8850,76,0,0,0,0,0,0,0,0
320,2017-04-17,09:02:40,447,l1709,XDCE,8850,8830,8890,25018,1108654150,407362,406584,9335,8455,8895,8840,0,8880,0,0,0,2017-04-17,32560447,8845,159,0,0,0,0,0,0,0,0,8850,73,0,0,0,0,0,0,0,0
321,2017-04-17,09:02:40,968,l1709,XDCE,8850,8830,8890,25054,1110246750,407338,406584,9335,8455,8895,8840,0,8880,0,0,0,2017-04-17,32560968,8845,146,0,0,0,0,0,0,0,0,8850,64,0,0,0,0,0,0,0,0
322,2017-04-17,09:02:41,443,l1709,XDCE,8850,8830,8890,25094,1112016700,407304,406584,9335,8455,8895,8840,0,8880,0,0,0,2017-04-17,32561443,8845,145,0,0,0,0,0,0,0,0,8850,46,0,0,0,0,0,0,0,0
323,2017-04-17,09:02:41,911,l1709,XDCE,8845,8830,8890,25100,1112282050,407298,406584,9335,8455,8895,8840,0,8880,0,0,0,2017-04-17,32561911,8845,154,0,0,0,0,0,0,0,0,8850,38,0,0,0,0,0,0,0,0
324,2017-04-17,09:02:42,460,l1709,XDCE,8850,8830,8890,25130,1113609550,407300,406584,9335,8455,8895,8840,0,8880,0,0,0,2017-04-17,32562460,8845,153,0,0,0,0,0,0,0,0,8850,23,0,0,0,0,0,0,0,0
325,2017-04-17,09:02:42,850,l1709,XDCE,8850,8830,8890,25132,1113698050,407300,406584,9335,8455,8895,8840,0,8880,0,0,0,2017-04-17,32562850,8845,154,0,0,0,0,0,0,0,0,8850,31,0,0,0,0,0,0,0,0
326,2017-04-17,09:02:43,471,l1709,XDCE,8850,8830,8890,25136,1113875000,407300,406584,9335,8455,8895,8840,0,8880,0,0,0,2017-04-17,32563471,8845,153,0,0,0,0,0,0,0,0,8850,39,0,0,0,0,0,0,0,0
327,2017-04-17,09:02:43,953,l1709,XDCE,8850,8830,8890,25136,1113875000,407300,406584,9335,8455,8895,8840,0,8880,0,0,0,2017-04-17,32563953,8845,172,0,0,0,0,0,0,0,0,8850,43,0,0,0,0,0,0,0,0
328,2017-04-17,09:02:44,395,l1709,XDCE,8850,8830,8890,25142,1114140500,407300,406584,9335,8455,8895,8840,0,8880,0,0,0,2017-04-17,32564395,8845,172,0,0,0,0,0,0,0,0,8850,32,0,0,0,0,0,0,0,0
329,2017-04-17,09:02:44,832,l1709,XDCE,8850,8830,8890,25142,1114140500,407300,406584,9335,8455,8895,8840,0,8880,0,0,0,2017-04-17,32564832,8845,172,0,0,0,0,0,0,0,0,8850,43,0,0,0,0,0,0,0,0
330,2017-04-17,09:02:45,462,l1709,XDCE,8850,8830,8890,25144,1114229000,407300,406584,9335,8455,8895,8840,0,8880,0,0,0,2017-04-17,32565462,8845,172,0,0,0,0,0,0,0,0,8850,52,0,0,0,0,0,0,0,0
331,2017-04-17,09:02:45,942,l1709,XDCE,8850,8830,8890,25152,1114583000,407302,406584,9335,8455,8895,8840,0,8880,0,0,0,2017-04-17,32565942,8845,165,0,0,0,0,0,0,0,0,8850,60,0,0,0,0,0,0,0,0
332,2017-04-17,09:02:46,449,l1709,XDCE,8850,8830,8890,25152,1114583000,407302,406584,9335,8455,8895,8840,0,8880,0,0,0,2017-04-17,32566449,8845,165,0,0,0,0,0,0,0,0,8850,70,0,0,0,0,0,0,0,0
333,2017-04-17,09:02:46,915,l1709,XDCE,8850,8830,8890,25292,1120778000,407386,406584,9335,8455,8895,8840,0,8880,0,0,0,2017-04-17,32566915,8850,705,0,0,0,0,0,0,0,0,8855,217,0,0,0,0,0,0,0,0
334,2017-04-17,09:02:47,466,l1709,XDCE,8850,8830,8890,25352,1123433000,407386,406584,9335,8455,8895,8840,0,8880,0,0,0,2017-04-17,32567466,8850,711,0,0,0,0,0,0,0,0,8855,208,0,0,0,0,0,0,0,0
335,2017-04-17,09:02:47,856,l1709,XDCE,8855,8830,8890,25364,1123964250,407386,406584,9335,8455,8895,8840,0,8880,0,0,0,2017-04-17,32567856,8850,712,0,0,0,0,0,0,0,0,8855,202,0,0,0,0,0,0,0,0
336,2017-04-17,09:02:48,469,l1709,XDCE,8850,8830,8890,25388,1125026250,407386,406584,9335,8455,8895,8840,0,8880,0,0,0,2017-04-17,32568469,8850,700,0,0,0,0,0,0,0,0,8855,200,0,0,0,0,0,0,0,0
337,2017-04-17,09:02:48,943,l1709,XDCE,8855,8830,8890,25596,1134235400,407266,406584,9335,8455,8895,8840,0,8880,0,0,0,2017-04-17,32568943,8850,709,0,0,0,0,0,0,0,0,8855,87,0,0,0,0,0,0,0,0
338,2017-04-17,09:02:49,434,l1709,XDCE,8860,8830,8890,26162,1159304750,407332,406584,9335,8455,8895,8840,0,8880,0,0,0,2017-04-17,32569434,8860,107,0,0,0,0,0,0,0,0,8865,126,0,0,0,0,0,0,0,0
339,2017-04-17,09:02:49,959,l1709,XDCE,8865,8830,8890,26192,1160634200,407314,406584,9335,8455,8895,8840,0,8880,0,0,0,2017-04-17,32569959,8860,131,0,0,0,0,0,0,0,0,8865,171,0,0,0,0,0,0,0,0
340,2017-04-17,09:02:50,406,l1709,XDCE,8865,8830,8890,26204,1161165950,407304,406584,9335,8455,8895,8840,0,8880,0,0,0,2017-04-17,32570406,8860,129,0,0,0,0,0,0,0,0,8865,168,0,0,0,0,0,0,0,0
341,2017-04-17,09:02:50,784,l1709,XDCE,8865,8830,8890,26214,1161609200,407298,406584,9335,8455,8895,8840,0,8880,0,0,0,2017-04-17,32570784,8860,131,0,0,0,0,0,0,0,0,8865,157,0,0,0,0,0,0,0,0
342,2017-04-17,09:02:51,442,l1709,XDCE,8865,8830,8890,26214,1161609200,407298,406584,9335,8455,8895,8840,0,8880,0,0,0,2017-04-17,32571442,8860,131,0,0,0,0,0,0,0,0,8865,146,0,0,0,0,0,0,0,0
343,2017-04-17,09:02:51,929,l1709,XDCE,8860,8830,8890,26246,1163027100,407286,406584,9335,8455,8895,8840,0,8880,0,0,0,2017-04-17,32571929,8860,124,0,0,0,0,0,0,0,0,8865,140,0,0,0,0,0,0,0,0
344,2017-04-17,09:02:52,442,l1709,XDCE,8860,8830,8890,26246,1163027100,407286,406584,9335,8455,8895,8840,0,8880,0,0,0,2017-04-17,32572442,8860,124,0,0,0,0,0,0,0,0,8865,185,0,0,0,0,0,0,0,0
345,2017-04-17,09:02:52,859,l1709,XDCE,8860,8830,8890,26258,1163558950,407282,406584,9335,8455,8895,8840,0,8880,0,0,0,2017-04-17,32572859,8860,123,0,0,0,0,0,0,0,0,8865,171,0,0,0,0,0,0,0,0
346,2017-04-17,09:02:53,444,l1709,XDCE,8860,8830,8890,26262,1163736150,407282,406584,9335,8455,8895,8840,0,8880,0,0,0,2017-04-17,32573444,8860,121,0,0,0,0,0,0,0,0,8865,177,0,0,0,0,0,0,0,0
347,2017-04-17,09:02:53,953,l1709,XDCE,8860,8830,8890,26274,1164267900,407276,406584,9335,8455,8895,8840,0,8880,0,0,0,2017-04-17,32573953,8860,140,0,0,0,0,0,0,0,0,8865,175,0,0,0,0,0,0,0,0
348,2017-04-17,09:02:54,440,l1709,XDCE,8860,8830,8890,26274,1164267900,407276,406584,9335,8455,8895,8840,0,8880,0,0,0,2017-04-17,32574440,8860,150,0,0,0,0,0,0,0,0,8865,175,0,0,0,0,0,0,0,0
349,2017-04-17,09:02:54,962,l1709,XDCE,8865,8830,8890,26314,1166040400,407256,406584,9335,8455,8895,8840,0,8880,0,0,0,2017-04-17,32574962,8860,137,0,0,0,0,0,0,0,0,8865,171,0,0,0,0,0,0,0,0
350,2017-04-17,09:02:55,410,l1709,XDCE,8865,8830,8890,26316,1166129050,407254,406584,9335,8455,8895,8840,0,8880,0,0,0,2017-04-17,32575410,8860,138,0,0,0,0,0,0,0,0,8865,208,0,0,0,0,0,0,0,0
351,2017-04-17,09:02:55,793,l1709,XDCE,8860,8830,8890,26326,1166572050,407254,406584,9335,8455,8895,8840,0,8880,0,0,0,2017-04-17,32575793,8860,133,0,0,0,0,0,0,0,0,8865,208,0,0,0,0,0,0,0,0
352,2017-04-17,09:02:56,470,l1709,XDCE,8865,8830,8890,26330,1166749300,407254,406584,9335,8455,8895,8840,0,8880,0,0,0,2017-04-17,32576470,8860,133,0,0,0,0,0,0,0,0,8865,214,0,0,0,0,0,0,0,0
353,2017-04-17,09:02:56,973,l1709,XDCE,8865,8830,8890,26332,1166837950,407254,406584,9335,8455,8895,8840,0,8880,0,0,0,2017-04-17,32576973,8860,133,0,0,0,0,0,0,0,0,8865,213,0,0,0,0,0,0,0,0
354,2017-04-17,09:02:57,453,l1709,XDCE,8865,8830,8890,26332,1166837950,407254,406584,9335,8455,8895,8840,0,8880,0,0,0,2017-04-17,32577453,8860,134,0,0,0,0,0,0,0,0,8865,213,0,0,0,0,0,0,0,0
355,2017-04-17,09:02:57,958,l1709,XDCE,8865,8830,8890,26360,1168079050,407250,406584,9335,8455,8895,8840,0,8880,0,0,0,2017-04-17,32577958,8860,135,0,0,0,0,0,0,0,0,8865,209,0,0,0,0,0,0,0,0
356,2017-04-17,09:02:58,471,l1709,XDCE,8865,8830,8890,26360,1168079050,407250,406584,9335,8455,8895,8840,0,8880,0,0,0,2017-04-17,32578471,8860,136,0,0,0,0,0,0,0,0,8865,211,0,0,0,0,0,0,0,0
357,2017-04-17,09:02:58,890,l1709,XDCE,8860,8830,8890,26364,1168256300,407250,406584,9335,8455,8895,8840,0,8880,0,0,0,2017-04-17,32578890,8860,135,0,0,0,0,0,0,0,0,8865,210,0,0,0,0,0,0,0,0
358,2017-04-17,09:02:59,441,l1709,XDCE,8865,8830,8890,26388,1169320100,407250,406584,9335,8455,8895,8840,0,8880,0,0,0,2017-04-17,32579441,8860,137,0,0,0,0,0,0,0,0,8865,199,0,0,0,0,0,0,0,0
359,2017-04-17,09:02:59,943,l1709,XDCE,8865,8830,8890,26488,1173752600,407258,406584,9335,8455,8895,8840,0,8880,0,0,0,2017-04-17,32579943,8860,140,0,0,0,0,0,0,0,0,8865,159,0,0,0,0,0,0,0,0
360,2017-04-17,09:03:00,461,l1709,XDCE,8865,8830,8890,26500,1174284400,407256,406584,9335,8455,8895,8840,0,8880,0,0,0,2017-04-17,32580461,8860,138,0,0,0,0,0,0,0,0,8865,160,0,0,0,0,0,0,0,0
361,2017-04-17,09:03:00,832,l1709,XDCE,8865,8830,8890,26502,1174373050,407258,406584,9335,8455,8895,8840,0,8880,0,0,0,2017-04-17,32580832,8860,138,0,0,0,0,0,0,0,0,8865,162,0,0,0,0,0,0,0,0
362,2017-04-17,09:03:01,370,l1709,XDCE,8865,8830,8890,26586,1178095050,407270,406584,9335,8455,8895,8840,0,8880,0,0,0,2017-04-17,32581370,8860,112,0,0,0,0,0,0,0,0,8865,142,0,0,0,0,0,0,0,0
363,2017-04-17,09:03:01,952,l1709,XDCE,8860,8830,8890,26634,1180222550,407268,406584,9335,8455,8895,8840,0,8880,0,0,0,2017-04-17,32581952,8860,117,0,0,0,0,0,0,0,0,8865,125,0,0,0,0,0,0,0,0
364,2017-04-17,09:03:02,466,l1709,XDCE,8860,8830,8890,26654,1181108950,407256,406584,9335,8455,8895,8840,0,8880,0,0,0,2017-04-17,32582466,8860,127,0,0,0,0,0,0,0,0,8865,120,0,0,0,0,0,0,0,0
365,2017-04-17,09:03:02,939,l1709,XDCE,8865,8830,8890,26908,1192367500,407356,406584,9335,8455,8895,8840,0,8880,0,0,0,2017-04-17,32582939,8865,91,0,0,0,0,0,0,0,0,8870,126,0,0,0,0,0,0,0,0
366,2017-04-17,09:03:03,472,l1709,XDCE,8865,8830,8890,26918,1192810800,407358,406584,9335,8455,8895,8840,0,8880,0,0,0,2017-04-17,32583472,8865,166,0,0,0,0,0,0,0,0,8870,112,0,0,0,0,0,0,0,0
367,2017-04-17,09:03:03,946,l1709,XDCE,8865,8830,8890,26920,1192899450,407358,406584,9335,8455,8895,8840,0,8880,0,0,0,2017-04-17,32583946,8865,173,0,0,0,0,0,0,0,0,8870,114,0,0,0,0,0,0,0,0
368,2017-04-17,09:03:04,471,l1709,XDCE,8870,8830,8890,27012,1196979550,407352,406584,9335,8455,8895,8840,0,8880,0,0,0,2017-04-17,32584471,8865,182,0,0,0,0,0,0,0,0,8870,64,0,0,0,0,0,0,0,0
369,2017-04-17,09:03:04,963,l1709,XDCE,8870,8830,8890,27100,1200882200,407356,406584,9335,8455,8895,8840,0,8880,0,0,0,2017-04-17,32584963,8865,178,0,0,0,0,0,0,0,0,8875,151,0,0,0,0,0,0,0,0
370,2017-04-17,09:03:05,419,l1709,XDCE,8870,8830,8890,27158,1203454950,407368,406584,9335,8455,8895,8840,0,8880,0,0,0,2017-04-17,32585419,8865,183,0,0,0,0,0,0,0,0,8870,9,0,0,0,0,0,0,0,0
371,2017-04-17,09:03:05,951,l1709,XDCE,8870,8830,8890,27184,1204607450,407370,406584,9335,8455,8895,8840,0,8880,0,0,0,2017-04-17,32585951,8865,168,0,0,0,0,0,0,0,0,8870,28,0,0,0,0,0,0,0,0
372,2017-04-17,09:03:06,463,l1709,XDCE,8870,8830,8890,27192,1204962250,407378,406584,9335,8455,8895,8840,0,8880,0,0,0,2017-04-17,32586463,8865,167,0,0,0,0,0,0,0,0,8870,35,0,0,0,0,0,0,0,0
373,2017-04-17,09:03:06,949,l1709,XDCE,8870,8830,8890,27194,1205050950,407380,406584,9335,8455,8895,8840,0,8880,0,0,0,2017-04-17,32586949,8865,167,0,0,0,0,0,0,0,0,8870,42,0,0,0,0,0,0,0,0
374,2017-04-17,09:03:07,469,l1709,XDCE,8865,8830,8890,27196,1205139600,407382,406584,9335,8455,8895,8840,0,8880,0,0,0,2017-04-17,32587469,8865,172,0,0,0,0,0,0,0,0,8870,62,0,0,0,0,0,0,0,0
375,2017-04-17,09:03:07,962,l1709,XDCE,8865,8830,8890,27200,1205316950,407386,406584,9335,8455,8895,8840,0,8880,0,0,0,2017-04-17,32587962,8865,172,0,0,0,0,0,0,0,0,8870,82,0,0,0,0,0,0,0,0
376,2017-04-17,09:03:08,423,l1709,XDCE,8870,8830,8890,27208,1205671700,407390,406584,9335,8455,8895,8840,0,8880,0,0,0,2017-04-17,32588423,8865,172,0,0,0,0,0,0,0,0,8870,89,0,0,0,0,0,0,0,0
377,2017-04-17,09:03:08,956,l1709,XDCE,8865,8830,8890,27210,1205760350,407390,406584,9335,8455,8895,8840,0,8880,0,0,0,2017-04-17,32588956,8865,183,0,0,0,0,0,0,0,0,8870,93,0,0,0,0,0,0,0,0
378,2017-04-17,09:03:09,433,l1709,XDCE,8865,8830,8890,27594,1222781150,407434,406584,9335,8455,8895,8840,0,8880,0,0,0,2017-04-17,32589433,8865,20,0,0,0,0,0,0,0,0,8870,129,0,0,0,0,0,0,0,0
379,2017-04-17,09:03:09,924,l1709,XDCE,8865,8830,8890,27646,1225086050,407382,406584,9335,8455,8895,8840,0,8880,0,0,0,2017-04-17,32589924,8860,182,0,0,0,0,0,0,0,0,8865,88,0,0,0,0,0,0,0,0
380,2017-04-17,09:03:10,466,l1709,XDCE,8865,8830,8890,27658,1225617950,407374,406584,9335,8455,8895,8840,0,8880,0,0,0,2017-04-17,32590466,8860,174,0,0,0,0,0,0,0,0,8865,85,0,0,0,0,0,0,0,0
381,2017-04-17,09:03:10,958,l1709,XDCE,8865,8830,8890,27676,1226415800,407372,406584,9335,8455,8895,8840,0,8880,0,0,0,2017-04-17,32590958,8860,174,0,0,0,0,0,0,0,0,8865,83,0,0,0,0,0,0,0,0
382,2017-04-17,09:03:11,460,l1709,XDCE,8860,8830,8890,27680,1226593050,407370,406584,9335,8455,8895,8840,0,8880,0,0,0,2017-04-17,32591460,8860,160,0,0,0,0,0,0,0,0,8865,108,0,0,0,0,0,0,0,0
383,2017-04-17,09:03:11,957,l1709,XDCE,8865,8830,8890,27694,1227213600,407358,406584,9335,8455,8895,8840,0,8880,0,0,0,2017-04-17,32591957,8860,175,0,0,0,0,0,0,0,0,8865,101,0,0,0,0,0,0,0,0
384,2017-04-17,09:03:12,434,l1709,XDCE,8860,8830,8890,27698,1227390850,407360,406584,9335,8455,8895,8840,0,8880,0,0,0,2017-04-17,32592434,8860,170,0,0,0,0,0,0,0,0,8865,102,0,0,0,0,0,0,0,0
385,2017-04-17,09:03:12,964,l1709,XDCE,8865,8830,8890,27704,1227656800,407360,406584,9335,8455,8895,8840,0,8880,0,0,0,2017-04-17,32592964,8860,172,0,0,0,0,0,0,0,0,8865,123,0,0,0,0,0,0,0,0
386,2017-04-17,09:03:13,368,l1709,XDCE,8865,8830,8890,27706,1227745450,407358,406584,9335,8455,8895,8840,0,8880,0,0,0,2017-04-17,32593368,8860,173,0,0,0,0,0,0,0,0,8865,123,0,0,0,0,0,0,0,0
387,2017-04-17,09:03:13,953,l1709,XDCE,8860,8830,8890,27708,1227834050,407358,406584,9335,8455,8895,8840,0,8880,0,0,0,2017-04-17,32593953,8860,171,0,0,0,0,0,0,0,0,8865,124,0,0,0,0,0,0,0,0
388,2017-04-17,09:03:14,299,l1709,XDCE,8860,8830,8890,27708,1227834050,407358,406584,9335,8455,8895,8840,0,8880,0,0,0,2017-04-17,32594299,8860,184,0,0,0,0,0,0,0,0,8865,125,0,0,0,0,0,0,0,0
389,2017-04-17,09:03:14,935,l1709,XDCE,8860,8830,8890,27728,1228720050,407358,406584,9335,8455,8895,8840,0,8880,0,0,0,2017-04-17,32594935,8860,174,0,0,0,0,0,0,0,0,8865,167,0,0,0,0,0,0,0,0
390,2017-04-17,09:03:15,464,l1709,XDCE,8860,8830,8890,27728,1228720050,407358,406584,9335,8455,8895,8840,0,8880,0,0,0,2017-04-17,32595464,8860,174,0,0,0,0,0,0,0,0,8865,168,0,0,0,0,0,0,0,0
391,2017-04-17,09:03:15,913,l1709,XDCE,8860,8830,8890,27732,1228897250,407358,406584,9335,8455,8895,8840,0,8880,0,0,0,2017-04-17,32595913,8860,163,0,0,0,0,0,0,0,0,8865,178,0,0,0,0,0,0,0,0
392,2017-04-17,09:03:16,324,l1709,XDCE,8865,8830,8890,27762,1230226500,407376,406584,9335,8455,8895,8840,0,8880,0,0,0,2017-04-17,32596324,8860,153,0,0,0,0,0,0,0,0,8865,174,0,0,0,0,0,0,0,0
393,2017-04-17,09:03:16,748,l1709,XDCE,8865,8830,8890,27770,1230581100,407372,406584,9335,8455,8895,8840,0,8880,0,0,0,2017-04-17,32596748,8860,153,0,0,0,0,0,0,0,0,8865,172,0,0,0,0,0,0,0,0
394,2017-04-17,09:03:17,945,l1709,XDCE,8860,8830,8890,27792,1231555800,407378,406584,9335,8455,8895,8840,0,8880,0,0,0,2017-04-17,32597945,8860,144,0,0,0,0,0,0,0,0,8865,173,0,0,0,0,0,0,0,0
395,2017-04-17,09:03:18,448,l1709,XDCE,8860,8830,8890,27806,1232176100,407374,406584,9335,8455,8895,8840,0,8880,0,0,0,2017-04-17,32598448,8860,139,0,0,0,0,0,0,0,0,8865,173,0,0,0,0,0,0,0,0
396,2017-04-17,09:03:18,935,l1709,XDCE,8860,8830,8890,27806,1232176100,407374,406584,9335,8455,8895,8840,0,8880,0,0,0,2017-04-17,32598935,8860,147,0,0,0,0,0,0,0,0,8865,176,0,0,0,0,0,0,0,0
397,2017-04-17,09:03:19,427,l1709,XDCE,8865,8830,8890,27846,1233949100,407388,406584,9335,8455,8895,8840,0,8880,0,0,0,2017-04-17,32599427,8860,148,0,0,0,0,0,0,0,0,8865,171,0,0,0,0,0,0,0,0
398,2017-04-17,09:03:19,972,l1709,XDCE,8860,8830,8890,27850,1234126300,407388,406584,9335,8455,8895,8840,0,8880,0,0,0,2017-04-17,32599972,8860,156,0,0,0,0,0,0,0,0,8865,161,0,0,0,0,0,0,0,0
399,2017-04-17,09:03:20,422,l1709,XDCE,8865,8830,8890,27870,1235012750,407404,406584,9335,8455,8895,8840,0,8880,0,0,0,2017-04-17,32600422,8860,156,0,0,0,0,0,0,0,0,8865,152,0,0,0,0,0,0,0,0
400,2017-04-17,09:03:20,969,l1709,XDCE,8865,8830,8890,27872,1235101400,407404,406584,9335,8455,8895,8840,0,8880,0,0,0,2017-04-17,32600969,8860,156,0,0,0,0,0,0,0,0,8865,152,0,0,0,0,0,0,0,0
401,2017-04-17,09:03:21,468,l1709,XDCE,8865,8830,8890,27892,1235987850,407422,406584,9335,8455,8895,8840,0,8880,0,0,0,2017-04-17,32601468,8860,145,0,0,0,0,0,0,0,0,8865,154,0,0,0,0,0,0,0,0
402,2017-04-17,09:03:21,964,l1709,XDCE,8860,8830,8890,27938,1238026700,407448,406584,9335,8455,8895,8840,0,8880,0,0,0,2017-04-17,32601964,8860,143,0,0,0,0,0,0,0,0,8865,135,0,0,0,0,0,0,0,0
403,2017-04-17,09:03:22,317,l1709,XDCE,8865,8830,8890,27960,1239001850,407448,406584,9335,8455,8895,8840,0,8880,0,0,0,2017-04-17,32602317,8860,158,0,0,0,0,0,0,0,0,8865,116,0,0,0,0,0,0,0,0
404,2017-04-17,09:03:22,963,l1709,XDCE,8865,8830,8890,27960,1239001850,407448,406584,9335,8455,8895,8840,0,8880,0,0,0,2017-04-17,32602963,8860,159,0,0,0,0,0,0,0,0,8865,117,0,0,0,0,0,0,0,0
405,2017-04-17,09:03:23,878,l1709,XDCE,8860,8830,8890,27962,1239090450,407448,406584,9335,8455,8895,8840,0,8880,0,0,0,2017-04-17,32603878,8860,158,0,0,0,0,0,0,0,0,8865,120,0,0,0,0,0,0,0,0
406,2017-04-17,09:03:24,469,l1709,XDCE,8865,8830,8890,28012,1241305950,407448,406584,9335,8455,8895,8840,0,8880,0,0,0,2017-04-17,32604469,8860,143,0,0,0,0,0,0,0,0,8865,110,0,0,0,0,0,0,0,0
407,2017-04-17,09:03:24,848,l1709,XDCE,8865,8830,8890,28022,1241749200,407444,406584,9335,8455,8895,8840,0,8880,0,0,0,2017-04-17,32604848,8860,145,0,0,0,0,0,0,0,0,8865,105,0,0,0,0,0,0,0,0
408,2017-04-17,09:03:25,52,l1709,XDCE,8865,8830,8890,28022,1241749200,407444,406584,9335,8455,8895,8840,0,8880,0,0,0,2017-04-17,32605052,8860,145,0,0,0,0,0,0,0,0,8865,106,0,0,0,0,0,0,0,0
409,2017-04-17,09:03:25,902,l1709,XDCE,8865,8830,8890,28024,1241837850,407444,406584,9335,8455,8895,8840,0,8880,0,0,0,2017-04-17,32605902,8860,146,0,0,0,0,0,0,0,0,8865,108,0,0,0,0,0,0,0,0
410,2017-04-17,09:03:26,430,l1709,XDCE,8865,8830,8890,28028,1242015150,407444,406584,9335,8455,8895,8840,0,8880,0,0,0,2017-04-17,32606430,8860,146,0,0,0,0,0,0,0,0,8865,107,0,0,0,0,0,0,0,0
411,2017-04-17,09:03:27,315,l1709,XDCE,8865,8830,8890,28032,1242192400,407444,406584,9335,8455,8895,8840,0,8880,0,0,0,2017-04-17,32607315,8860,145,0,0,0,0,0,0,0,0,8865,109,0,0,0,0,0,0,0,0
412,2017-04-17,09:03:27,961,l1709,XDCE,8865,8830,8890,28032,1242192400,407444,406584,9335,8455,8895,8840,0,8880,0,0,0,2017-04-17,32607961,8860,150,0,0,0,0,0,0,0,0,8865,110,0,0,0,0,0,0,0,0
413,2017-04-17,09:03:28,432,l1709,XDCE,8860,8830,8890,28036,1242369600,407444,406584,9335,8455,8895,8840,0,8880,0,0,0,2017-04-17,32608432,8860,140,0,0,0,0,0,0,0,0,8865,121,0,0,0,0,0,0,0,0
414,2017-04-17,09:03:28,953,l1709,XDCE,8860,8830,8890,28036,1242369600,407444,406584,9335,8455,8895,8840,0,8880,0,0,0,2017-04-17,32608953,8860,144,0,0,0,0,0,0,0,0,8865,125,0,0,0,0,0,0,0,0
415,2017-04-17,09:03:29,337,l1709,XDCE,8860,8830,8890,28036,1242369600,407444,406584,9335,8455,8895,8840,0,8880,0,0,0,2017-04-17,32609337,8860,139,0,0,0,0,0,0,0,0,8865,126,0,0,0,0,0,0,0,0
416,2017-04-17,09:03:29,908,l1709,XDCE,8860,8830,8890,28058,1243344200,407448,406584,9335,8455,8895,8840,0,8880,0,0,0,2017-04-17,32609908,8860,127,0,0,0,0,0,0,0,0,8865,130,0,0,0,0,0,0,0,0
417,2017-04-17,09:03:30,442,l1709,XDCE,8865,8830,8890,28100,1245205800,407462,406584,9335,8455,8895,8840,0,8880,0,0,0,2017-04-17,32610442,8860,127,0,0,0,0,0,0,0,0,8865,110,0,0,0,0,0,0,0,0
418,2017-04-17,09:03:30,967,l1709,XDCE,8860,8830,8890,28102,1245294400,407464,406584,9335,8455,8895,8840,0,8880,0,0,0,2017-04-17,32610967,8860,134,0,0,0,0,0,0,0,0,8865,114,0,0,0,0,0,0,0,0
419,2017-04-17,09:03:31,322,l1709,XDCE,8865,8830,8890,28104,1245383050,407466,406584,9335,8455,8895,8840,0,8880,0,0,0,2017-04-17,32611322,8860,134,0,0,0,0,0,0,0,0,8865,119,0,0,0,0,0,0,0,0
420,2017-04-17,09:03:31,969,l1709,XDCE,8865,8830,8890,28124,1246269550,407468,406584,9335,8455,8895,8840,0,8880,0,0,0,2017-04-17,32611969,8860,133,0,0,0,0,0,0,0,0,8865,112,0,0,0,0,0,0,0,0
421,2017-04-17,09:03:32,448,l1709,XDCE,8865,8830,8890,28124,1246269550,407468,406584,9335,8455,8895,8840,0,8880,0,0,0,2017-04-17,32612448,8860,136,0,0,0,0,0,0,0,0,8865,112,0,0,0,0,0,0,0,0
422,2017-04-17,09:03:33,873,l1709,XDCE,8865,8830,8890,28126,1246358200,407466,406584,9335,8455,8895,8840,0,8880,0,0,0,2017-04-17,32613873,8860,148,0,0,0,0,0,0,0,0,8865,101,0,0,0,0,0,0,0,0
423,2017-04-17,09:03:34,349,l1709,XDCE,8865,8830,8890,28126,1246358200,407466,406584,9335,8455,8895,8840,0,8880,0,0,0,2017-04-17,32614349,8860,147,0,0,0,0,0,0,0,0,8865,101,0,0,0,0,0,0,0,0
424,2017-04-17,09:03:34,952,l1709,XDCE,8860,8830,8890,28176,1248573700,407438,406584,9335,8455,8895,8840,0,8880,0,0,0,2017-04-17,32614952,8860,132,0,0,0,0,0,0,0,0,8865,94,0,0,0,0,0,0,0,0
425,2017-04-17,09:03:35,436,l1709,XDCE,8860,8830,8890,28196,1249459700,407438,406584,9335,8455,8895,8840,0,8880,0,0,0,2017-04-17,32615436,8860,122,0,0,0,0,0,0,0,0,8865,94,0,0,0,0,0,0,0,0
426,2017-04-17,09:03:35,733,l1709,XDCE,8860,8830,8890,28200,1249636900,407438,406584,9335,8455,8895,8840,0,8880,0,0,0,2017-04-17,32615733,8860,132,0,0,0,0,0,0,0,0,8865,94,0,0,0,0,0,0,0,0
427,2017-04-17,09:03:36,337,l1709,XDCE,8860,8830,8890,28200,1249636900,407438,406584,9335,8455,8895,8840,0,8880,0,0,0,2017-04-17,32616337,8860,120,0,0,0,0,0,0,0,0,8865,94,0,0,0,0,0,0,0,0
428,2017-04-17,09:03:36,938,l1709,XDCE,8865,8830,8890,28208,1249991500,407430,406584,9335,8455,8895,8840,0,8880,0,0,0,2017-04-17,32616938,8860,120,0,0,0,0,0,0,0,0,8865,92,0,0,0,0,0,0,0,0
429,2017-04-17,09:03:37,462,l1709,XDCE,8865,8830,8890,28208,1249991500,407430,406584,9335,8455,8895,8840,0,8880,0,0,0,2017-04-17,32617462,8860,121,0,0,0,0,0,0,0,0,8865,92,0,0,0,0,0,0,0,0
430,2017-04-17,09:03:37,883,l1709,XDCE,8860,8830,8890,28210,1250080100,407430,406584,9335,8455,8895,8840,0,8880,0,0,0,2017-04-17,32617883,8860,121,0,0,0,0,0,0,0,0,8865,92,0,0,0,0,0,0,0,0
431,2017-04-17,09:03:38,117,l1709,XDCE,8865,8830,8890,28212,1250168750,407430,406584,9335,8455,8895,8840,0,8880,0,0,0,2017-04-17,32618117,8860,121,0,0,0,0,0,0,0,0,8865,91,0,0,0,0,0,0,0,0
432,2017-04-17,09:03:38,843,l1709,XDCE,8865,8830,8890,28316,1254778550,407432,406584,9335,8455,8895,8840,0,8880,0,0,0,2017-04-17,32618843,8860,127,0,0,0,0,0,0,0,0,8865,40,0,0,0,0,0,0,0,0
433,2017-04-17,09:03:39,943,l1709,XDCE,8865,8830,8890,28350,1256285100,407400,406584,9335,8455,8895,8840,0,8880,0,0,0,2017-04-17,32619943,8860,117,0,0,0,0,0,0,0,0,8865,33,0,0,0,0,0,0,0,0
434,2017-04-17,09:03:40,386,l1709,XDCE,8865,8830,8890,28360,1256728150,407396,406584,9335,8455,8895,8840,0,8880,0,0,0,2017-04-17,32620386,8860,114,0,0,0,0,0,0,0,0,8865,42,0,0,0,0,0,0,0,0
435,2017-04-17,09:03:40,967,l1709,XDCE,8865,8830,8890,28370,1257171400,407386,406584,9335,8455,8895,8840,0,8880,0,0,0,2017-04-17,32620967,8860,107,0,0,0,0,0,0,0,0,8865,57,0,0,0,0,0,0,0,0
436,2017-04-17,09:03:41,467,l1709,XDCE,8865,8830,8890,28370,1257171400,407386,406584,9335,8455,8895,8840,0,8880,0,0,0,2017-04-17,32621467,8860,117,0,0,0,0,0,0,0,0,8865,57,0,0,0,0,0,0,0,0
437,2017-04-17,09:03:41,898,l1709,XDCE,8865,8830,8890,28370,1257171400,407386,406584,9335,8455,8895,8840,0,8880,0,0,0,2017-04-17,32621898,8860,119,0,0,0,0,0,0,0,0,8865,63,0,0,0,0,0,0,0,0
438,2017-04-17,09:03:42,286,l1709,XDCE,8865,8830,8890,28388,1257969250,407374,406584,9335,8455,8895,8840,0,8880,0,0,0,2017-04-17,32622286,8860,122,0,0,0,0,0,0,0,0,8865,54,0,0,0,0,0,0,0,0
439,2017-04-17,09:03:42,899,l1709,XDCE,8860,8830,8890,28392,1258146500,407376,406584,9335,8455,8895,8840,0,8880,0,0,0,2017-04-17,32622899,8860,121,0,0,0,0,0,0,0,0,8865,59,0,0,0,0,0,0,0,0
440,2017-04-17,09:03:43,415,l1709,XDCE,8865,8830,8890,28400,1258501000,407378,406584,9335,8455,8895,8840,0,8880,0,0,0,2017-04-17,32623415,8860,119,0,0,0,0,0,0,0,0,8865,57,0,0,0,0,0,0,0,0
441,2017-04-17,09:03:43,948,l1709,XDCE,8865,8830,8890,28402,1258589650,407380,406584,9335,8455,8895,8840,0,8880,0,0,0,2017-04-17,32623948,8860,120,0,0,0,0,0,0,0,0,8865,74,0,0,0,0,0,0,0,0
442,2017-04-17,09:03:44,342,l1709,XDCE,8865,8830,8890,28474,1261779550,407322,406584,9335,8455,8895,8840,0,8880,0,0,0,2017-04-17,32624342,8860,88,0,0,0,0,0,0,0,0,8865,69,0,0,0,0,0,0,0,0
443,2017-04-17,09:03:44,908,l1709,XDCE,8860,8830,8890,28480,1262045450,407320,406584,9335,8455,8895,8840,0,8880,0,0,0,2017-04-17,32624908,8860,87,0,0,0,0,0,0,0,0,8865,68,0,0,0,0,0,0,0,0
444,2017-04-17,09:03:45,431,l1709,XDCE,8865,8830,8890,28530,1264260500,407320,406584,9335,8455,8895,8840,0,8880,0,0,0,2017-04-17,32625431,8860,63,0,0,0,0,0,0,0,0,8865,72,0,0,0,0,0,0,0,0
445,2017-04-17,09:03:45,879,l1709,XDCE,8860,8830,8890,28700,1271792600,407366,406584,9335,8455,8895,8840,0,8880,0,0,0,2017-04-17,32625879,8855,122,0,0,0,0,0,0,0,0,8865,67,0,0,0,0,0,0,0,0
446,2017-04-17,09:03:46,355,l1709,XDCE,8860,8830,8890,28708,1272147000,407364,406584,9335,8455,8895,8840,0,8880,0,0,0,2017-04-17,32626355,8855,140,0,0,0,0,0,0,0,0,8860,59,0,0,0,0,0,0,0,0
447,2017-04-17,09:03:46,948,l1709,XDCE,8860,8830,8890,28710,1272235600,407364,406584,9335,8455,8895,8840,0,8880,0,0,0,2017-04-17,32626948,8855,144,0,0,0,0,0,0,0,0,8860,59,0,0,0,0,0,0,0,0
448,2017-04-17,09:03:47,435,l1709,XDCE,8860,8830,8890,28736,1273387400,407372,406584,9335,8455,8895,8840,0,8880,0,0,0,2017-04-17,32627435,8860,22,0,0,0,0,0,0,0,0,8865,87,0,0,0,0,0,0,0,0
449,2017-04-17,09:03:47,657,l1709,XDCE,8865,8830,8890,28760,1274451100,407378,406584,9335,8455,8895,8840,0,8880,0,0,0,2017-04-17,32627657,8860,26,0,0,0,0,0,0,0,0,8865,77,0,0,0,0,0,0,0,0
450,2017-04-17,09:03:48,315,l1709,XDCE,8865,8830,8890,28760,1274451100,407378,406584,9335,8455,8895,8840,0,8880,0,0,0,2017-04-17,32628315,8860,29,0,0,0,0,0,0,0,0,8865,81,0,0,0,0,0,0,0,0
451,2017-04-17,09:03:48,971,l1709,XDCE,8860,8830,8890,28788,1275691800,407360,406584,9335,8455,8895,8840,0,8880,0,0,0,2017-04-17,32628971,8860,22,0,0,0,0,0,0,0,0,8865,76,0,0,0,0,0,0,0,0
452,2017-04-17,09:03:49,464,l1709,XDCE,8865,8830,8890,28964,1283491500,407360,406584,9335,8455,8895,8840,0,8880,0,0,0,2017-04-17,32629464,8860,4,0,0,0,0,0,0,0,0,8865,49,0,0,0,0,0,0,0,0
453,2017-04-17,09:03:49,943,l1709,XDCE,8865,8830,8890,28992,1284732200,407344,406584,9335,8455,8895,8840,0,8880,0,0,0,2017-04-17,32629943,8860,88,0,0,0,0,0,0,0,0,8865,107,0,0,0,0,0,0,0,0
454,2017-04-17,09:03:50,435,l1709,XDCE,8860,8830,8890,29180,1293060600,407434,406584,9335,8455,8895,8840,0,8880,0,0,0,2017-04-17,32630435,8855,134,0,0,0,0,0,0,0,0,8860,6,0,0,0,0,0,0,0,0
455,2017-04-17,09:03:50,881,l1709,XDCE,8860,8830,8890,29184,1293237800,407434,406584,9335,8455,8895,8840,0,8880,0,0,0,2017-04-17,32630881,8855,133,0,0,0,0,0,0,0,0,8860,21,0,0,0,0,0,0,0,0
456,2017-04-17,09:03:51,474,l1709,XDCE,8855,8830,8890,29188,1293414900,407430,406584,9335,8455,8895,8840,0,8880,0,0,0,2017-04-17,32631474,8855,131,0,0,0,0,0,0,0,0,8860,54,0,0,0,0,0,0,0,0
457,2017-04-17,09:03:51,963,l1709,XDCE,8860,8830,8890,29320,1299262500,407512,406584,9335,8455,8895,8840,0,8880,0,0,0,2017-04-17,32631963,8860,75,0,0,0,0,0,0,0,0,8865,146,0,0,0,0,0,0,0,0
458,2017-04-17,09:03:52,469,l1709,XDCE,8855,8830,8890,29484,1306527550,407620,406584,9335,8455,8895,8840,0,8880,0,0,0,2017-04-17,32632469,8855,115,0,0,0,0,0,0,0,0,8860,40,0,0,0,0,0,0,0,0
459,2017-04-17,09:03:52,883,l1709,XDCE,8855,8830,8890,29484,1306527550,407620,406584,9335,8455,8895,8840,0,8880,0,0,0,2017-04-17,32632883,8855,112,0,0,0,0,0,0,0,0,8860,40,0,0,0,0,0,0,0,0
460,2017-04-17,09:03:53,431,l1709,XDCE,8855,8830,8890,29492,1306881750,407628,406584,9335,8455,8895,8840,0,8880,0,0,0,2017-04-17,32633431,8855,108,0,0,0,0,0,0,0,0,8860,40,0,0,0,0,0,0,0,0
461,2017-04-17,09:03:53,930,l1709,XDCE,8855,8830,8890,29492,1306881750,407628,406584,9335,8455,8895,8840,0,8880,0,0,0,2017-04-17,32633930,8855,109,0,0,0,0,0,0,0,0,8860,41,0,0,0,0,0,0,0,0
462,2017-04-17,09:03:54,433,l1709,XDCE,8855,8830,8890,29492,1306881750,407628,406584,9335,8455,8895,8840,0,8880,0,0,0,2017-04-17,32634433,8855,129,0,0,0,0,0,0,0,0,8860,54,0,0,0,0,0,0,0,0
463,2017-04-17,09:03:54,967,l1709,XDCE,8860,8830,8890,29524,1308299350,407650,406584,9335,8455,8895,8840,0,8880,0,0,0,2017-04-17,32634967,8855,114,0,0,0,0,0,0,0,0,8860,43,0,0,0,0,0,0,0,0
464,2017-04-17,09:03:55,383,l1709,XDCE,8860,8830,8890,29538,1308919450,407654,406584,9335,8455,8895,8840,0,8880,0,0,0,2017-04-17,32635383,8855,114,0,0,0,0,0,0,0,0,8860,46,0,0,0,0,0,0,0,0
465,2017-04-17,09:03:55,862,l1709,XDCE,8860,8830,8890,29538,1308919450,407654,406584,9335,8455,8895,8840,0,8880,0,0,0,2017-04-17,32635862,8855,112,0,0,0,0,0,0,0,0,8860,132,0,0,0,0,0,0,0,0
466,2017-04-17,09:03:56,467,l1709,XDCE,8855,8830,8890,29578,1310690450,407678,406584,9335,8455,8895,8840,0,8880,0,0,0,2017-04-17,32636467,8855,87,0,0,0,0,0,0,0,0,8860,132,0,0,0,0,0,0,0,0
467,2017-04-17,09:03:56,946,l1709,XDCE,8855,8830,8890,29578,1310690450,407678,406584,9335,8455,8895,8840,0,8880,0,0,0,2017-04-17,32636946,8855,86,0,0,0,0,0,0,0,0,8860,136,0,0,0,0,0,0,0,0
468,2017-04-17,09:03:57,450,l1709,XDCE,8855,8830,8890,29624,1312727200,407666,406584,9335,8455,8895,8840,0,8880,0,0,0,2017-04-17,32637450,8855,67,0,0,0,0,0,0,0,0,8860,137,0,0,0,0,0,0,0,0
469,2017-04-17,09:03:57,909,l1709,XDCE,8855,8830,8890,29628,1312904300,407664,406584,9335,8455,8895,8840,0,8880,0,0,0,2017-04-17,32637909,8855,64,0,0,0,0,0,0,0,0,8860,146,0,0,0,0,0,0,0,0
470,2017-04-17,09:03:58,333,l1709,XDCE,8855,8830,8890,29692,1315737900,407640,406584,9335,8455,8895,8840,0,8880,0,0,0,2017-04-17,32638333,8855,30,0,0,0,0,0,0,0,0,8860,150,0,0,0,0,0,0,0,0
471,2017-04-17,09:03:58,965,l1709,XDCE,8855,8830,8890,29758,1318660050,407648,406584,9335,8455,8895,8840,0,8880,0,0,0,2017-04-17,32638965,8850,214,0,0,0,0,0,0,0,0,8855,73,0,0,0,0,0,0,0,0
472,2017-04-17,09:03:59,308,l1709,XDCE,8850,8830,8890,29766,1319014100,407648,406584,9335,8455,8895,8840,0,8880,0,0,0,2017-04-17,32639308,8850,195,0,0,0,0,0,0,0,0,8855,72,0,0,0,0,0,0,0,0
473,2017-04-17,09:03:59,922,l1709,XDCE,8850,8830,8890,29776,1319456600,407652,406584,9335,8455,8895,8840,0,8880,0,0,0,2017-04-17,32639922,8850,187,0,0,0,0,0,0,0,0,8855,86,0,0,0,0,0,0,0,0
474,2017-04-17,09:04:00,472,l1709,XDCE,8850,8830,8890,29782,1319722200,407652,406584,9335,8455,8895,8840,0,8880,0,0,0,2017-04-17,32640472,8850,186,0,0,0,0,0,0,0,0,8855,87,0,0,0,0,0,0,0,0
475,2017-04-17,09:04:00,954,l1709,XDCE,8855,8830,8890,29800,1320519050,407658,406584,9335,8455,8895,8840,0,8880,0,0,0,2017-04-17,32640954,8850,194,0,0,0,0,0,0,0,0,8855,83,0,0,0,0,0,0,0,0
476,2017-04-17,09:04:01,349,l1709,XDCE,8855,8830,8890,29806,1320784700,407658,406584,9335,8455,8895,8840,0,8880,0,0,0,2017-04-17,32641349,8850,184,0,0,0,0,0,0,0,0,8855,80,0,0,0,0,0,0,0,0
477,2017-04-17,09:04:01,867,l1709,XDCE,8850,8830,8890,29812,1321050300,407660,406584,9335,8455,8895,8840,0,8880,0,0,0,2017-04-17,32641867,8850,185,0,0,0,0,0,0,0,0,8855,90,0,0,0,0,0,0,0,0
478,2017-04-17,09:04:02,330,l1709,XDCE,8850,8830,8890,29852,1322820300,407700,406584,9335,8455,8895,8840,0,8880,0,0,0,2017-04-17,32642330,8850,165,0,0,0,0,0,0,0,0,8855,101,0,0,0,0,0,0,0,0
479,2017-04-17,09:04:02,900,l1709,XDCE,8850,8830,8890,29852,1322820300,407700,406584,9335,8455,8895,8840,0,8880,0,0,0,2017-04-17,32642900,8850,218,0,0,0,0,0,0,0,0,8855,103,0,0,0,0,0,0,0,0
480,2017-04-17,09:04:03,403,l1709,XDCE,8850,8830,8890,29856,1322997350,407700,406584,9335,8455,8895,8840,0,8880,0,0,0,2017-04-17,32643403,8850,218,0,0,0,0,0,0,0,0,8855,104,0,0,0,0,0,0,0,0
481,2017-04-17,09:04:03,973,l1709,XDCE,8855,8830,8890,30074,1332643900,407890,406584,9335,8455,8895,8840,0,8880,0,0,0,2017-04-17,32643973,8850,111,0,0,0,0,0,0,0,0,8855,273,0,0,0,0,0,0,0,0
482,2017-04-17,09:04:04,367,l1709,XDCE,8850,8830,8890,30362,1345387900,407676,406584,9335,8455,8895,8840,0,8880,0,0,0,2017-04-17,32644367,8845,116,0,0,0,0,0,0,0,0,8850,3,0,0,0,0,0,0,0,0
483,2017-04-17,09:04:04,935,l1709,XDCE,8850,8830,8890,30372,1345830400,407686,406584,9335,8455,8895,8840,0,8880,0,0,0,2017-04-17,32644935,8845,113,0,0,0,0,0,0,0,0,8850,181,0,0,0,0,0,0,0,0
484,2017-04-17,09:04:05,462,l1709,XDCE,8850,8830,8890,30372,1345830400,407686,406584,9335,8455,8895,8840,0,8880,0,0,0,2017-04-17,32645462,8845,105,0,0,0,0,0,0,0,0,8850,271,0,0,0,0,0,0,0,0
485,2017-04-17,09:04:05,973,l1709,XDCE,8850,8830,8890,30372,1345830400,407686,406584,9335,8455,8895,8840,0,8880,0,0,0,2017-04-17,32645973,8845,105,0,0,0,0,0,0,0,0,8850,272,0,0,0,0,0,0,0,0
486,2017-04-17,09:04:06,465,l1709,XDCE,8845,8830,8890,30376,1346007300,407690,406584,9335,8455,8895,8840,0,8880,0,0,0,2017-04-17,32646465,8845,118,0,0,0,0,0,0,0,0,8850,274,0,0,0,0,0,0,0,0
487,2017-04-17,09:04:06,968,l1709,XDCE,8850,8830,8890,30394,1346803400,407694,406584,9335,8455,8895,8840,0,8880,0,0,0,2017-04-17,32646968,8845,134,0,0,0,0,0,0,0,0,8850,288,0,0,0,0,0,0,0,0
488,2017-04-17,09:04:07,448,l1709,XDCE,8845,8830,8890,30400,1347068800,407700,406584,9335,8455,8895,8840,0,8880,0,0,0,2017-04-17,32647448,8845,133,0,0,0,0,0,0,0,0,8850,283,0,0,0,0,0,0,0,0
489,2017-04-17,09:04:07,925,l1709,XDCE,8845,8830,8890,30422,1348041750,407722,406584,9335,8455,8895,8840,0,8880,0,0,0,2017-04-17,32647925,8845,140,0,0,0,0,0,0,0,0,8850,283,0,0,0,0,0,0,0,0
490,2017-04-17,09:04:08,469,l1709,XDCE,8845,8830,8890,30426,1348218650,407726,406584,9335,8455,8895,8840,0,8880,0,0,0,2017-04-17,32648469,8845,158,0,0,0,0,0,0,0,0,8850,293,0,0,0,0,0,0,0,0
491,2017-04-17,09:04:08,930,l1709,XDCE,8845,8830,8890,30448,1349191850,407738,406584,9335,8455,8895,8840,0,8880,0,0,0,2017-04-17,32648930,8845,142,0,0,0,0,0,0,0,0,8850,294,0,0,0,0,0,0,0,0
492,2017-04-17,09:04:09,384,l1709,XDCE,8850,8830,8890,30468,1350076850,407758,406584,9335,8455,8895,8840,0,8880,0,0,0,2017-04-17,32649384,8845,147,0,0,0,0,0,0,0,0,8850,284,0,0,0,0,0,0,0,0
493,2017-04-17,09:04:09,888,l1709,XDCE,8850,8830,8890,30472,1350253850,407762,406584,9335,8455,8895,8840,0,8880,0,0,0,2017-04-17,32649888,8845,147,0,0,0,0,0,0,0,0,8850,283,0,0,0,0,0,0,0,0
494,2017-04-17,09:04:10,454,l1709,XDCE,8845,8830,8890,30474,1350342300,407764,406584,9335,8455,8895,8840,0,8880,0,0,0,2017-04-17,32650454,8845,146,0,0,0,0,0,0,0,0,8850,283,0,0,0,0,0,0,0,0
495,2017-04-17,09:04:10,894,l1709,XDCE,8845,8830,8890,30474,1350342300,407764,406584,9335,8455,8895,8840,0,8880,0,0,0,2017-04-17,32650894,8845,156,0,0,0,0,0,0,0,0,8850,202,0,0,0,0,0,0,0,0
496,2017-04-17,09:04:11,842,l1709,XDCE,8850,8830,8890,30476,1350430800,407764,406584,9335,8455,8895,8840,0,8880,0,0,0,2017-04-17,32651842,8845,156,0,0,0,0,0,0,0,0,8850,220,0,0,0,0,0,0,0,0
497,2017-04-17,09:04:12,456,l1709,XDCE,8850,8830,8890,30482,1350696300,407764,406584,9335,8455,8895,8840,0,8880,0,0,0,2017-04-17,32652456,8845,160,0,0,0,0,0,0,0,0,8850,217,0,0,0,0,0,0,0,0
498,2017-04-17,09:04:12,849,l1709,XDCE,8845,8830,8890,30492,1351138550,407766,406584,9335,8455,8895,8840,0,8880,0,0,0,2017-04-17,32652849,8845,155,0,0,0,0,0,0,0,0,8850,217,0,0,0,0,0,0,0,0
499,2017-04-17,09:04:13,449,l1709,XDCE,8845,8830,8890,30496,1351315450,407768,406584,9335,8455,8895,8840,0,8880,0,0,0,2017-04-17,32653449,8845,155,0,0,0,0,0,0,0,0,8850,220,0,0,0,0,0,0,0,0
500,2017-04-17,09:04:13,971,l1709,XDCE,8845,8830,8890,30502,1351580800,407768,406584,9335,8455,8895,8840,0,8880,0,0,0,2017-04-17,32653971,8845,157,0,0,0,0,0,0,0,0,8850,221,0,0,0,0,0,0,0,0
501,2017-04-17,09:04:14,177,l1709,XDCE,8845,8830,8890,30502,1351580800,407768,406584,9335,8455,8895,8840,0,8880,0,0,0,2017-04-17,32654177,8845,148,0,0,0,0,0,0,0,0,8850,221,0,0,0,0,0,0,0,0
502,2017-04-17,09:04:14,908,l1709,XDCE,8850,8830,8890,30544,1353438300,407804,406584,9335,8455,8895,8840,0,8880,0,0,0,2017-04-17,32654908,8845,131,0,0,0,0,0,0,0,0,8850,220,0,0,0,0,0,0,0,0
503,2017-04-17,09:04:15,143,l1709,XDCE,8850,8830,8890,30544,1353438300,407804,406584,9335,8455,8895,8840,0,8880,0,0,0,2017-04-17,32655143,8845,131,0,0,0,0,0,0,0,0,8850,221,0,0,0,0,0,0,0,0
504,2017-04-17,09:04:15,967,l1709,XDCE,8850,8830,8890,30548,1353615250,407804,406584,9335,8455,8895,8840,0,8880,0,0,0,2017-04-17,32655967,8845,130,0,0,0,0,0,0,0,0,8850,220,0,0,0,0,0,0,0,0
505,2017-04-17,09:04:16,464,l1709,XDCE,8850,8830,8890,30856,1367244250,407982,406584,9335,8455,8895,8840,0,8880,0,0,0,2017-04-17,32656464,8845,141,0,0,0,0,0,0,0,0,8850,68,0,0,0,0,0,0,0,0
506,2017-04-17,09:04:16,906,l1709,XDCE,8850,8830,8890,30988,1373085250,407912,406584,9335,8455,8895,8840,0,8880,0,0,0,2017-04-17,32656906,8850,208,0,0,0,0,0,0,0,0,8855,157,0,0,0,0,0,0,0,0
507,2017-04-17,09:04:17,442,l1709,XDCE,8850,8830,8890,31160,1380700500,407858,406584,9335,8455,8895,8840,0,8880,0,0,0,2017-04-17,32657442,8850,216,0,0,0,0,0,0,0,0,8855,87,0,0,0,0,0,0,0,0
508,2017-04-17,09:04:17,973,l1709,XDCE,8860,8830,8890,31368,1389909800,407776,406584,9335,8455,8895,8840,0,8880,0,0,0,2017-04-17,32657973,8855,123,0,0,0,0,0,0,0,0,8860,147,0,0,0,0,0,0,0,0
509,2017-04-17,09:04:18,393,l1709,XDCE,8860,8830,8890,31372,1390087000,407776,406584,9335,8455,8895,8840,0,8880,0,0,0,2017-04-17,32658393,8855,132,0,0,0,0,0,0,0,0,8860,136,0,0,0,0,0,0,0,0
510,2017-04-17,09:04:18,963,l1709,XDCE,8860,8830,8890,31378,1390352700,407774,406584,9335,8455,8895,8840,0,8880,0,0,0,2017-04-17,32658963,8855,139,0,0,0,0,0,0,0,0,8860,142,0,0,0,0,0,0,0,0
511,2017-04-17,09:04:19,459,l1709,XDCE,8860,8830,8890,31378,1390352700,407774,406584,9335,8455,8895,8840,0,8880,0,0,0,2017-04-17,32659459,8855,170,0,0,0,0,0,0,0,0,8860,142,0,0,0,0,0,0,0,0
512,2017-04-17,09:04:19,889,l1709,XDCE,8860,8830,8890,31382,1390529900,407770,406584,9335,8455,8895,8840,0,8880,0,0,0,2017-04-17,32659889,8855,168,0,0,0,0,0,0,0,0,8860,138,0,0,0,0,0,0,0,0
513,2017-04-17,09:04:20,452,l1709,XDCE,8860,8830,8890,31382,1390529900,407770,406584,9335,8455,8895,8840,0,8880,0,0,0,2017-04-17,32660452,8855,168,0,0,0,0,0,0,0,0,8860,150,0,0,0,0,0,0,0,0
514,2017-04-17,09:04:20,956,l1709,XDCE,8860,8830,8890,31382,1390529900,407770,406584,9335,8455,8895,8840,0,8880,0,0,0,2017-04-17,32660956,8855,162,0,0,0,0,0,0,0,0,8860,150,0,0,0,0,0,0,0,0
515,2017-04-17,09:04:21,284,l1709,XDCE,8855,8830,8890,31384,1390618450,407768,406584,9335,8455,8895,8840,0,8880,0,0,0,2017-04-17,32661284,8855,161,0,0,0,0,0,0,0,0,8860,150,0,0,0,0,0,0,0,0
516,2017-04-17,09:04:22,388,l1709,XDCE,8860,8830,8890,31434,1392832250,407720,406584,9335,8455,8895,8840,0,8880,0,0,0,2017-04-17,32662388,8855,135,0,0,0,0,0,0,0,0,8860,153,0,0,0,0,0,0,0,0
517,2017-04-17,09:04:22,791,l1709,XDCE,8860,8830,8890,31434,1392832250,407720,406584,9335,8455,8895,8840,0,8880,0,0,0,2017-04-17,32662791,8855,136,0,0,0,0,0,0,0,0,8860,152,0,0,0,0,0,0,0,0
518,2017-04-17,09:04:23,382,l1709,XDCE,8860,8830,8890,31434,1392832250,407720,406584,9335,8455,8895,8840,0,8880,0,0,0,2017-04-17,32663382,8855,135,0,0,0,0,0,0,0,0,8860,151,0,0,0,0,0,0,0,0
519,2017-04-17,09:04:23,906,l1709,XDCE,8855,8830,8890,31722,1405583450,407510,406584,9335,8455,8895,8840,0,8880,0,0,0,2017-04-17,32663906,8850,221,0,0,0,0,0,0,0,0,8855,32,0,0,0,0,0,0,0,0
520,2017-04-17,09:04:24,278,l1709,XDCE,8855,8830,8890,31730,1405937600,407510,406584,9335,8455,8895,8840,0,8880,0,0,0,2017-04-17,32664278,8850,230,0,0,0,0,0,0,0,0,8855,9,0,0,0,0,0,0,0,0
521,2017-04-17,09:04:24,946,l1709,XDCE,8855,8830,8890,31764,1407442950,407492,406584,9335,8455,8895,8840,0,8880,0,0,0,2017-04-17,32664946,8855,22,0,0,0,0,0,0,0,0,8860,150,0,0,0,0,0,0,0,0
522,2017-04-17,09:04:25,437,l1709,XDCE,8855,8830,8890,31764,1407442950,407492,406584,9335,8455,8895,8840,0,8880,0,0,0,2017-04-17,32665437,8855,67,0,0,0,0,0,0,0,0,8860,151,0,0,0,0,0,0,0,0
523,2017-04-17,09:04:25,915,l1709,XDCE,8860,8830,8890,31808,1409392150,407448,406584,9335,8455,8895,8840,0,8880,0,0,0,2017-04-17,32665915,8855,85,0,0,0,0,0,0,0,0,8860,119,0,0,0,0,0,0,0,0
524,2017-04-17,09:04:26,215,l1709,XDCE,8860,8830,8890,31808,1409392150,407448,406584,9335,8455,8895,8840,0,8880,0,0,0,2017-04-17,32666215,8855,89,0,0,0,0,0,0,0,0,8860,119,0,0,0,0,0,0,0,0
525,2017-04-17,09:04:26,846,l1709,XDCE,8860,8830,8890,31812,1409569350,407444,406584,9335,8455,8895,8840,0,8880,0,0,0,2017-04-17,32666846,8855,91,0,0,0,0,0,0,0,0,8860,117,0,0,0,0,0,0,0,0
526,2017-04-17,09:04:27,410,l1709,XDCE,8855,8830,8890,31974,1416742900,407488,406584,9335,8455,8895,8840,0,8880,0,0,0,2017-04-17,32667410,8855,34,0,0,0,0,0,0,0,0,8860,97,0,0,0,0,0,0,0,0
527,2017-04-17,09:04:27,656,l1709,XDCE,8860,8830,8890,31976,1416831500,407486,406584,9335,8455,8895,8840,0,8880,0,0,0,2017-04-17,32667656,8855,61,0,0,0,0,0,0,0,0,8860,100,0,0,0,0,0,0,0,0
528,2017-04-17,09:04:28,312,l1709,XDCE,8855,8830,8890,31978,1416920050,407488,406584,9335,8455,8895,8840,0,8880,0,0,0,2017-04-17,32668312,8855,82,0,0,0,0,0,0,0,0,8860,101,0,0,0,0,0,0,0,0
529,2017-04-17,09:04:28,956,l1709,XDCE,8855,8830,8890,31978,1416920050,407488,406584,9335,8455,8895,8840,0,8880,0,0,0,2017-04-17,32668956,8855,86,0,0,0,0,0,0,0,0,8860,102,0,0,0,0,0,0,0,0
530,2017-04-17,09:04:29,331,l1709,XDCE,8855,8830,8890,31978,1416920050,407488,406584,9335,8455,8895,8840,0,8880,0,0,0,2017-04-17,32669331,8855,87,0,0,0,0,0,0,0,0,8860,102,0,0,0,0,0,0,0,0
531,2017-04-17,09:04:29,952,l1709,XDCE,8855,8830,8890,31978,1416920050,407488,406584,9335,8455,8895,8840,0,8880,0,0,0,2017-04-17,32669952,8855,92,0,0,0,0,0,0,0,0,8860,108,0,0,0,0,0,0,0,0
532,2017-04-17,09:04:30,284,l1709,XDCE,8860,8830,8890,31984,1417185850,407482,406584,9335,8455,8895,8840,0,8880,0,0,0,2017-04-17,32670284,8855,92,0,0,0,0,0,0,0,0,8860,105,0,0,0,0,0,0,0,0
