,dataDate,dataTime,dataMillisec,instrumentID,exchangeCD,lastPrice,lowPrice,highPrice,volume,value,openInterest,preOpenInterest,upperLimitPrice,lowerLimitPrice,preSettlementPrice,prevClosePrice,settlementPrice,openPrice,closePrice,preDelta,currDelta,clearingDay,milliSecOffset,bidPrice1,bidVolume1,bidPrice2,bidVolume2,bidPrice3,bidVolume3,bidPrice4,bidVolume4,bidPrice5,bidVolume5,askPrice1,askVolume1,askPrice2,askVolume2,askPrice3,askVolume3,askPrice4,askVolume4,askPrice5,askVolume5
0,2017-04-17,09:00:00,0,OI709,XZCE,6358,6300,6358,77990,4941590000,297168,298778,6598,5966,6282,6306,0,6310,0,0,0,2017-04-17,32400000,6354,7,0,0,0,0,0,0,0,0,6356,5,0,0,0,0,0,0,0,0
1,2017-04-17,09:00:00,0,OI709,XZCE,6356,6300,6358,78034,4944386640,297196,298778,6598,5966,6282,6306,0,6310,0,0,0,2017-04-17,32400000,6356,24,0,0,0,0,0,0,0,0,6358,40,0,0,0,0,0,0,0,0
2,2017-04-17,09:00:01,0,OI709,XZCE,6358,6300,6358,78136,4950871800,297184,298778,6598,5966,6282,6306,0,6310,0,0,0,2017-04-17,32401000,6356,19,0,0,0,0,0,0,0,0,6358,8,0,0,0,0,0,0,0,0
3,2017-04-17,09:00:01,0,OI709,XZCE,6356,6300,6358,78154,4952015880,297198,298778,6598,5966,6282,6306,0,6310,0,0,0,2017-04-17,32401000,6356,19,0,0,0,0,0,0,0,0,6358,1,0,0,0,0,0,0,0,0
4,2017-04-17,09:00:02,0,OI709,XZCE,6358,6300,6358,78180,4953668960,297222,298778,6598,5966,6282,6306,0,6310,0,0,0,2017-04-17,32402000,6356,25,0,0,0,0,0,0,0,0,6358,10,0,0,0,0,0,0,0,0
5,2017-04-17,09:00:02,0,OI709,XZCE,6358,6300,6360,78216,4955957840,297228,298778,6598,5966,6282,6306,0,6310,0,0,0,2017-04-17,32402000,6356,59,0,0,0,0,0,0,0,0,6358,12,0,0,0,0,0,0,0,0
6,2017-04-17,09:00:03,0,OI709,XZCE,6358,6300,6360,78274,4959645480,297280,298778,6598,5966,6282,6306,0,6310,0,0,0,2017-04-17,32403000,6356,47,0,0,0,0,0,0,0,0,6358,5,0,0,0,0,0,0,0,0
7,2017-04-17,09:00:03,0,OI709,XZCE,6356,6300,6360,78296,4961043800,297294,298778,6598,5966,6282,6306,0,6310,0,0,0,2017-04-17,32403000,6356,47,0,0,0,0,0,0,0,0,6358,2,0,0,0,0,0,0,0,0
8,2017-04-17,09:00:04,0,OI709,XZCE,6360,6300,6360,78310,4961934200,297292,298778,6598,5966,6282,6306,0,6310,0,0,0,2017-04-17,32404000,6358,28,0,0,0,0,0,0,0,0,6360,239,0,0,0,0,0,0,0,0
9,2017-04-17,09:00:04,0,OI709,XZCE,6358,6300,6360,78330,4963205800,297288,298778,6598,5966,6282,6306,0,6310,0,0,0,2017-04-17,32404000,6358,28,0,0,0,0,0,0,0,0,6360,231,0,0,0,0,0,0,0,0
10,2017-04-17,09:00:05,0,OI709,XZCE,6358,6300,6360,78454,4971089720,297270,298778,6598,5966,6282,6306,0,6310,0,0,0,2017-04-17,32405000,6356,13,0,0,0,0,0,0,0,0,6360,227,0,0,0,0,0,0,0,0
11,2017-04-17,09:00:05,0,OI709,XZCE,6360,6300,6360,78532,4976050520,297212,298778,6598,5966,6282,6306,0,6310,0,0,0,2017-04-17,32405000,6358,14,0,0,0,0,0,0,0,0,6360,187,0,0,0,0,0,0,0,0
12,2017-04-17,09:00:06,0,OI709,XZCE,6360,6300,6360,78622,4981774520,297262,298778,6598,5966,6282,6306,0,6310,0,0,0,2017-04-17,32406000,6358,21,0,0,0,0,0,0,0,0,6360,141,0,0,0,0,0,0,0,0
13,2017-04-17,09:00:06,0,OI709,XZCE,6358,6300,6360,78730,4988641160,297356,298778,6598,5966,6282,6306,0,6310,0,0,0,2017-04-17,32406000,6358,21,0,0,0,0,0,0,0,0,6360,88,0,0,0,0,0,0,0,0
14,2017-04-17,09:00:07,0,OI709,XZCE,6360,6300,6360,78806,4993474760,297378,298778,6598,5966,6282,6306,0,6310,0,0,0,2017-04-17,32407000,6358,25,0,0,0,0,0,0,0,0,6360,50,0,0,0,0,0,0,0,0
15,2017-04-17,09:00:07,0,OI709,XZCE,6360,6300,6360,78838,4995509960,297352,298778,6598,5966,6282,6306,0,6310,0,0,0,2017-04-17,32407000,6358,24,0,0,0,0,0,0,0,0,6360,35,0,0,0,0,0,0,0,0
16,2017-04-17,09:00:08,0,OI709,XZCE,6362,6300,6362,79084,5011160480,297304,298778,6598,5966,6282,6306,0,6310,0,0,0,2017-04-17,32408000,6362,12,0,0,0,0,0,0,0,0,6364,15,0,0,0,0,0,0,0,0
17,2017-04-17,09:00:08,0,OI709,XZCE,6364,6300,6364,79088,5011415040,297302,298778,6598,5966,6282,6306,0,6310,0,0,0,2017-04-17,32408000,6362,17,0,0,0,0,0,0,0,0,6364,13,0,0,0,0,0,0,0,0
18,2017-04-17,09:00:09,0,OI709,XZCE,6364,6300,6366,79234,5020706480,297244,298778,6598,5966,6282,6306,0,6310,0,0,0,2017-04-17,32409000,6362,14,0,0,0,0,0,0,0,0,6364,3,0,0,0,0,0,0,0,0
19,2017-04-17,09:00:09,0,OI709,XZCE,6364,6300,6366,79346,5027834160,297306,298778,6598,5966,6282,6306,0,6310,0,0,0,2017-04-17,32409000,6364,13,0,0,0,0,0,0,0,0,6366,17,0,0,0,0,0,0,0,0
20,2017-04-17,09:00:10,0,OI709,XZCE,6366,6300,6366,79354,5028343440,297302,298778,6598,5966,6282,6306,0,6310,0,0,0,2017-04-17,32410000,6364,15,0,0,0,0,0,0,0,0,6366,17,0,0,0,0,0,0,0,0
21,2017-04-17,09:00:10,0,OI709,XZCE,6366,6300,6366,79358,5028598080,297302,298778,6598,5966,6282,6306,0,6310,0,0,0,2017-04-17,32410000,6364,19,0,0,0,0,0,0,0,0,6366,10,0,0,0,0,0,0,0,0
22,2017-04-17,09:00:11,0,OI709,XZCE,6366,6300,6366,79374,5029616640,297292,298778,6598,5966,6282,6306,0,6310,0,0,0,2017-04-17,32411000,6366,33,0,0,0,0,0,0,0,0,6368,44,0,0,0,0,0,0,0,0
23,2017-04-17,09:00:11,0,OI709,XZCE,6368,6300,6368,79376,5029744000,297290,298778,6598,5966,6282,6306,0,6310,0,0,0,2017-04-17,32411000,6366,41,0,0,0,0,0,0,0,0,6368,43,0,0,0,0,0,0,0,0
24,2017-04-17,09:00:12,0,OI709,XZCE,6368,6300,6368,79382,5030126080,297290,298778,6598,5966,6282,6306,0,6310,0,0,0,2017-04-17,32412000,6366,42,0,0,0,0,0,0,0,0,6368,40,0,0,0,0,0,0,0,0
25,2017-04-17,09:00:12,0,OI709,XZCE,6366,6300,6368,79476,5036110120,297342,298778,6598,5966,6282,6306,0,6310,0,0,0,2017-04-17,32412000,6364,39,0,0,0,0,0,0,0,0,6368,40,0,0,0,0,0,0,0,0
26,2017-04-17,09:00:13,0,OI709,XZCE,6366,6300,6368,79486,5036746720,297346,298778,6598,5966,6282,6306,0,6310,0,0,0,2017-04-17,32413000,6364,39,0,0,0,0,0,0,0,0,6366,4,0,0,0,0,0,0,0,0
27,2017-04-17,09:00:13,0,OI709,XZCE,6368,6300,6368,79620,5045279840,297378,298778,6598,5966,6282,6306,0,6310,0,0,0,2017-04-17,32413000,6368,36,0,0,0,0,0,0,0,0,6370,57,0,0,0,0,0,0,0,0
28,2017-04-17,09:00:14,0,OI709,XZCE,6368,6300,6370,79638,5046426080,297382,298778,6598,5966,6282,6306,0,6310,0,0,0,2017-04-17,32414000,6368,34,0,0,0,0,0,0,0,0,6370,53,0,0,0,0,0,0,0,0
29,2017-04-17,09:00:14,0,OI709,XZCE,6370,6300,6370,79674,5048719280,297386,298778,6598,5966,6282,6306,0,6310,0,0,0,2017-04-17,32414000,6368,29,0,0,0,0,0,0,0,0,6370,40,0,0,0,0,0,0,0,0
30,2017-04-17,09:00:15,0,OI709,XZCE,6368,6300,6370,79762,5054323120,297370,298778,6598,5966,6282,6306,0,6310,0,0,0,2017-04-17,32415000,6368,55,0,0,0,0,0,0,0,0,6370,26,0,0,0,0,0,0,0,0
31,2017-04-17,09:00:15,0,OI709,XZCE,6370,6300,6370,79782,5055597120,297374,298778,6598,5966,6282,6306,0,6310,0,0,0,2017-04-17,32415000,6368,59,0,0,0,0,0,0,0,0,6370,24,0,0,0,0,0,0,0,0
32,2017-04-17,09:00:16,0,OI709,XZCE,6370,6300,6370,79796,5056488920,297376,298778,6598,5966,6282,6306,0,6310,0,0,0,2017-04-17,32416000,6368,56,0,0,0,0,0,0,0,0,6370,16,0,0,0,0,0,0,0,0
33,2017-04-17,09:00:16,0,OI709,XZCE,6370,6300,6370,79822,5058145120,297376,298778,6598,5966,6282,6306,0,6310,0,0,0,2017-04-17,32416000,6368,53,0,0,0,0,0,0,0,0,6370,25,0,0,0,0,0,0,0,0
34,2017-04-17,09:00:17,0,OI709,XZCE,6368,6300,6370,79830,5058654560,297376,298778,6598,5966,6282,6306,0,6310,0,0,0,2017-04-17,32417000,6368,50,0,0,0,0,0,0,0,0,6370,24,0,0,0,0,0,0,0,0
35,2017-04-17,09:00:17,0,OI709,XZCE,6368,6300,6370,79838,5059164000,297376,298778,6598,5966,6282,6306,0,6310,0,0,0,2017-04-17,32417000,6368,47,0,0,0,0,0,0,0,0,6370,27,0,0,0,0,0,0,0,0
36,2017-04-17,09:00:18,0,OI709,XZCE,6368,6300,6370,79848,5059800800,297376,298778,6598,5966,6282,6306,0,6310,0,0,0,2017-04-17,32418000,6368,43,0,0,0,0,0,0,0,0,6370,28,0,0,0,0,0,0,0,0
37,2017-04-17,09:00:18,0,OI709,XZCE,6368,6300,6370,79934,5065277280,297376,298778,6598,5966,6282,6306,0,6310,0,0,0,2017-04-17,32418000,6366,23,0,0,0,0,0,0,0,0,6368,36,0,0,0,0,0,0,0,0
38,2017-04-17,09:00:19,0,OI709,XZCE,6366,6300,6370,79944,5065913880,297376,298778,6598,5966,6282,6306,0,6310,0,0,0,2017-04-17,32419000,6366,13,0,0,0,0,0,0,0,0,6368,40,0,0,0,0,0,0,0,0
39,2017-04-17,09:00:19,0,OI709,XZCE,6366,6300,6370,79952,5066423160,297376,298778,6598,5966,6282,6306,0,6310,0,0,0,2017-04-17,32419000,6366,10,0,0,0,0,0,0,0,0,6368,40,0,0,0,0,0,0,0,0
40,2017-04-17,09:00:20,0,OI709,XZCE,6368,6300,6370,80000,5069479800,297376,298778,6598,5966,6282,6306,0,6310,0,0,0,2017-04-17,32420000,6364,43,0,0,0,0,0,0,0,0,6366,1,0,0,0,0,0,0,0,0
41,2017-04-17,09:00:20,0,OI709,XZCE,6366,6300,6370,80004,5069734440,297372,298778,6598,5966,6282,6306,0,6310,0,0,0,2017-04-17,32420000,6366,1,0,0,0,0,0,0,0,0,6368,44,0,0,0,0,0,0,0,0
42,2017-04-17,09:00:21,0,OI709,XZCE,6366,6300,6370,80006,5069861760,297370,298778,6598,5966,6282,6306,0,6310,0,0,0,2017-04-17,32421000,6364,43,0,0,0,0,0,0,0,0,6368,44,0,0,0,0,0,0,0,0
43,2017-04-17,09:00:21,0,OI709,XZCE,6364,6300,6370,80012,5070243600,297372,298778,6598,5966,6282,6306,0,6310,0,0,0,2017-04-17,32421000,6364,42,0,0,0,0,0,0,0,0,6368,36,0,0,0,0,0,0,0,0
44,2017-04-17,09:00:22,0,OI709,XZCE,6368,6300,6370,80016,5070498320,297376,298778,6598,5966,6282,6306,0,6310,0,0,0,2017-04-17,32422000,6366,12,0,0,0,0,0,0,0,0,6368,39,0,0,0,0,0,0,0,0
45,2017-04-17,09:00:23,0,OI709,XZCE,6368,6300,6370,80020,5070753040,297380,298778,6598,5966,6282,6306,0,6310,0,0,0,2017-04-17,32423000,6366,13,0,0,0,0,0,0,0,0,6368,37,0,0,0,0,0,0,0,0
46,2017-04-17,09:00:24,0,OI709,XZCE,6366,6300,6370,80028,5071262320,297380,298778,6598,5966,6282,6306,0,6310,0,0,0,2017-04-17,32424000,6366,109,0,0,0,0,0,0,0,0,6368,32,0,0,0,0,0,0,0,0
47,2017-04-17,09:00:25,0,OI709,XZCE,6368,6300,6370,80030,5071389680,297380,298778,6598,5966,6282,6306,0,6310,0,0,0,2017-04-17,32425000,6366,109,0,0,0,0,0,0,0,0,6368,31,0,0,0,0,0,0,0,0
48,2017-04-17,09:00:25,0,OI709,XZCE,6368,6300,6370,80032,5071517040,297382,298778,6598,5966,6282,6306,0,6310,0,0,0,2017-04-17,32425000,6366,114,0,0,0,0,0,0,0,0,6368,30,0,0,0,0,0,0,0,0
49,2017-04-17,09:00:26,0,OI709,XZCE,6366,6300,6370,80034,5071644360,297382,298778,6598,5966,6282,6306,0,6310,0,0,0,2017-04-17,32426000,6366,114,0,0,0,0,0,0,0,0,6368,31,0,0,0,0,0,0,0,0
50,2017-04-17,09:00:26,0,OI709,XZCE,6366,6300,6370,80044,5072280960,297388,298778,6598,5966,6282,6306,0,6310,0,0,0,2017-04-17,32426000,6366,114,0,0,0,0,0,0,0,0,6368,29,0,0,0,0,0,0,0,0
51,2017-04-17,09:00:27,0,OI709,XZCE,6366,6300,6370,80044,5072280960,297388,298778,6598,5966,6282,6306,0,6310,0,0,0,2017-04-17,32427000,6366,115,0,0,0,0,0,0,0,0,6368,29,0,0,0,0,0,0,0,0
52,2017-04-17,09:00:28,0,OI709,XZCE,6368,6300,6370,80058,5073172480,297398,298778,6598,5966,6282,6306,0,6310,0,0,0,2017-04-17,32428000,6366,115,0,0,0,0,0,0,0,0,6368,22,0,0,0,0,0,0,0,0
53,2017-04-17,09:00:28,0,OI709,XZCE,6368,6300,6370,80080,5074573440,297410,298778,6598,5966,6282,6306,0,6310,0,0,0,2017-04-17,32428000,6368,37,0,0,0,0,0,0,0,0,6370,43,0,0,0,0,0,0,0,0
54,2017-04-17,09:00:29,0,OI709,XZCE,6368,6300,6370,80092,5075337600,297410,298778,6598,5966,6282,6306,0,6310,0,0,0,2017-04-17,32429000,6368,37,0,0,0,0,0,0,0,0,6370,42,0,0,0,0,0,0,0,0
55,2017-04-17,09:00:29,0,OI709,XZCE,6368,6300,6370,80094,5075464960,297408,298778,6598,5966,6282,6306,0,6310,0,0,0,2017-04-17,32429000,6368,38,0,0,0,0,0,0,0,0,6370,34,0,0,0,0,0,0,0,0
56,2017-04-17,09:00:30,0,OI709,XZCE,6370,6300,6370,80098,5075719760,297412,298778,6598,5966,6282,6306,0,6310,0,0,0,2017-04-17,32430000,6368,58,0,0,0,0,0,0,0,0,6370,25,0,0,0,0,0,0,0,0
57,2017-04-17,09:00:30,0,OI709,XZCE,6370,6300,6370,80116,5076866360,297426,298778,6598,5966,6282,6306,0,6310,0,0,0,2017-04-17,32430000,6368,68,0,0,0,0,0,0,0,0,6370,18,0,0,0,0,0,0,0,0
58,2017-04-17,09:00:31,0,OI709,XZCE,6370,6300,6370,80224,5083745960,297398,298778,6598,5966,6282,6306,0,6310,0,0,0,2017-04-17,32431000,6368,41,0,0,0,0,0,0,0,0,6370,25,0,0,0,0,0,0,0,0
59,2017-04-17,09:00:31,0,OI709,XZCE,6368,6300,6370,80230,5084128040,297394,298778,6598,5966,6282,6306,0,6310,0,0,0,2017-04-17,32431000,6368,40,0,0,0,0,0,0,0,0,6370,25,0,0,0,0,0,0,0,0
60,2017-04-17,09:00:32,0,OI709,XZCE,6370,6300,6370,80292,5088077440,297398,298778,6598,5966,6282,6306,0,6310,0,0,0,2017-04-17,32432000,6368,50,0,0,0,0,0,0,0,0,6370,23,0,0,0,0,0,0,0,0
61,2017-04-17,09:00:32,0,OI709,XZCE,6370,6300,6370,80340,5091135040,297402,298778,6598,5966,6282,6306,0,6310,0,0,0,2017-04-17,32432000,6370,21,0,0,0,0,0,0,0,0,6372,57,0,0,0,0,0,0,0,0
62,2017-04-17,09:00:33,0,OI709,XZCE,6370,6300,6370,80342,5091262440,297402,298778,6598,5966,6282,6306,0,6310,0,0,0,2017-04-17,32433000,6370,23,0,0,0,0,0,0,0,0,6372,57,0,0,0,0,0,0,0,0
63,2017-04-17,09:00:33,0,OI709,XZCE,6370,6300,6370,80346,5091517240,297404,298778,6598,5966,6282,6306,0,6310,0,0,0,2017-04-17,32433000,6370,31,0,0,0,0,0,0,0,0,6372,57,0,0,0,0,0,0,0,0
64,2017-04-17,09:00:34,0,OI709,XZCE,6372,6300,6372,80356,5092154440,297404,298778,6598,5966,6282,6306,0,6310,0,0,0,2017-04-17,32434000,6370,35,0,0,0,0,0,0,0,0,6372,48,0,0,0,0,0,0,0,0
65,2017-04-17,09:00:34,0,OI709,XZCE,6372,6300,6372,80402,5095085560,297424,298778,6598,5966,6282,6306,0,6310,0,0,0,2017-04-17,32434000,6370,44,0,0,0,0,0,0,0,0,6372,20,0,0,0,0,0,0,0,0
66,2017-04-17,09:00:35,0,OI709,XZCE,6372,6300,6372,80442,5097634360,297428,298778,6598,5966,6282,6306,0,6310,0,0,0,2017-04-17,32435000,6372,1,0,0,0,0,0,0,0,0,6374,24,0,0,0,0,0,0,0,0
67,2017-04-17,09:00:35,0,OI709,XZCE,6374,6300,6374,80452,5098271760,297422,298778,6598,5966,6282,6306,0,6310,0,0,0,2017-04-17,32435000,6372,14,0,0,0,0,0,0,0,0,6374,21,0,0,0,0,0,0,0,0
68,2017-04-17,09:00:36,0,OI709,XZCE,6374,6300,6374,80464,5099036640,297418,298778,6598,5966,6282,6306,0,6310,0,0,0,2017-04-17,32436000,6372,14,0,0,0,0,0,0,0,0,6374,56,0,0,0,0,0,0,0,0
69,2017-04-17,09:00:36,0,OI709,XZCE,6374,6300,6374,80474,5099674040,297418,298778,6598,5966,6282,6306,0,6310,0,0,0,2017-04-17,32436000,6372,15,0,0,0,0,0,0,0,0,6374,71,0,0,0,0,0,0,0,0
70,2017-04-17,09:00:37,0,OI709,XZCE,6374,6300,6374,80486,5100438920,297418,298778,6598,5966,6282,6306,0,6310,0,0,0,2017-04-17,32437000,6372,21,0,0,0,0,0,0,0,0,6374,66,0,0,0,0,0,0,0,0
71,2017-04-17,09:00:37,0,OI709,XZCE,6374,6300,6374,80498,5101203800,297416,298778,6598,5966,6282,6306,0,6310,0,0,0,2017-04-17,32437000,6372,18,0,0,0,0,0,0,0,0,6374,69,0,0,0,0,0,0,0,0
72,2017-04-17,09:00:38,0,OI709,XZCE,6372,6300,6374,80504,5101586120,297420,298778,6598,5966,6282,6306,0,6310,0,0,0,2017-04-17,32438000,6372,16,0,0,0,0,0,0,0,0,6374,66,0,0,0,0,0,0,0,0
73,2017-04-17,09:00:38,0,OI709,XZCE,6374,6300,6374,80510,5101968560,297414,298778,6598,5966,6282,6306,0,6310,0,0,0,2017-04-17,32438000,6372,16,0,0,0,0,0,0,0,0,6374,63,0,0,0,0,0,0,0,0
74,2017-04-17,09:00:39,0,OI709,XZCE,6374,6300,6374,80630,5109617360,297410,298778,6598,5966,6282,6306,0,6310,0,0,0,2017-04-17,32439000,6374,19,0,0,0,0,0,0,0,0,6376,52,0,0,0,0,0,0,0,0
75,2017-04-17,09:00:39,0,OI709,XZCE,6374,6300,6374,80672,5112294440,297430,298778,6598,5966,6282,6306,0,6310,0,0,0,2017-04-17,32439000,6372,159,0,0,0,0,0,0,0,0,6374,29,0,0,0,0,0,0,0,0
76,2017-04-17,09:00:40,0,OI709,XZCE,6372,6300,6374,80700,5114078600,297426,298778,6598,5966,6282,6306,0,6310,0,0,0,2017-04-17,32440000,6372,154,0,0,0,0,0,0,0,0,6374,21,0,0,0,0,0,0,0,0
77,2017-04-17,09:00:40,0,OI709,XZCE,6374,6300,6374,80742,5116755680,297420,298778,6598,5966,6282,6306,0,6310,0,0,0,2017-04-17,32440000,6372,154,0,0,0,0,0,0,0,0,6374,3,0,0,0,0,0,0,0,0
78,2017-04-17,09:00:41,0,OI709,XZCE,6374,6300,6374,80746,5117010640,297422,298778,6598,5966,6282,6306,0,6310,0,0,0,2017-04-17,32441000,6372,155,0,0,0,0,0,0,0,0,6374,2,0,0,0,0,0,0,0,0
79,2017-04-17,09:00:41,0,OI709,XZCE,6372,6300,6376,80758,5117775280,297422,298778,6598,5966,6282,6306,0,6310,0,0,0,2017-04-17,32441000,6372,154,0,0,0,0,0,0,0,0,6376,51,0,0,0,0,0,0,0,0
80,2017-04-17,09:00:42,0,OI709,XZCE,6376,6300,6376,80778,5119050480,297434,298778,6598,5966,6282,6306,0,6310,0,0,0,2017-04-17,32442000,6374,10,0,0,0,0,0,0,0,0,6376,49,0,0,0,0,0,0,0,0
81,2017-04-17,09:00:42,0,OI709,XZCE,6376,6300,6376,80778,5119050480,297434,298778,6598,5966,6282,6306,0,6310,0,0,0,2017-04-17,32442000,6374,62,0,0,0,0,0,0,0,0,6376,44,0,0,0,0,0,0,0,0
82,2017-04-17,09:00:43,0,OI709,XZCE,6376,6300,6376,80798,5120325680,297438,298778,6598,5966,6282,6306,0,6310,0,0,0,2017-04-17,32443000,6374,68,0,0,0,0,0,0,0,0,6376,33,0,0,0,0,0,0,0,0
83,2017-04-17,09:00:43,0,OI709,XZCE,6376,6300,6376,80806,5120835760,297440,298778,6598,5966,6282,6306,0,6310,0,0,0,2017-04-17,32443000,6374,68,0,0,0,0,0,0,0,0,6376,29,0,0,0,0,0,0,0,0
84,2017-04-17,09:00:44,0,OI709,XZCE,6376,6300,6376,80810,5121090800,297440,298778,6598,5966,6282,6306,0,6310,0,0,0,2017-04-17,32444000,6374,67,0,0,0,0,0,0,0,0,6376,29,0,0,0,0,0,0,0,0
85,2017-04-17,09:00:44,0,OI709,XZCE,6376,6300,6376,80814,5121345840,297440,298778,6598,5966,6282,6306,0,6310,0,0,0,2017-04-17,32444000,6374,59,0,0,0,0,0,0,0,0,6376,27,0,0,0,0,0,0,0,0
86,2017-04-17,09:00:45,0,OI709,XZCE,6376,6300,6376,80822,5121855920,297440,298778,6598,5966,6282,6306,0,6310,0,0,0,2017-04-17,32445000,6374,60,0,0,0,0,0,0,0,0,6376,23,0,0,0,0,0,0,0,0
87,2017-04-17,09:00:45,0,OI709,XZCE,6376,6300,6376,80824,5121983440,297440,298778,6598,5966,6282,6306,0,6310,0,0,0,2017-04-17,32445000,6374,60,0,0,0,0,0,0,0,0,6376,22,0,0,0,0,0,0,0,0
88,2017-04-17,09:00:46,0,OI709,XZCE,6376,6300,6376,80824,5121983440,297440,298778,6598,5966,6282,6306,0,6310,0,0,0,2017-04-17,32446000,6374,60,0,0,0,0,0,0,0,0,6376,25,0,0,0,0,0,0,0,0
89,2017-04-17,09:00:46,0,OI709,XZCE,6376,6300,6376,80826,5122110960,297440,298778,6598,5966,6282,6306,0,6310,0,0,0,2017-04-17,32446000,6374,64,0,0,0,0,0,0,0,0,6376,24,0,0,0,0,0,0,0,0
90,2017-04-17,09:00:47,0,OI709,XZCE,6376,6300,6376,80828,5122238480,297440,298778,6598,5966,6282,6306,0,6310,0,0,0,2017-04-17,32447000,6374,64,0,0,0,0,0,0,0,0,6376,24,0,0,0,0,0,0,0,0
91,2017-04-17,09:00:47,0,OI709,XZCE,6376,6300,6376,80828,5122238480,297440,298778,6598,5966,6282,6306,0,6310,0,0,0,2017-04-17,32447000,6374,64,0,0,0,0,0,0,0,0,6376,25,0,0,0,0,0,0,0,0
92,2017-04-17,09:00:48,0,OI709,XZCE,6376,6300,6376,80838,5122876080,297444,298778,6598,5966,6282,6306,0,6310,0,0,0,2017-04-17,32448000,6374,61,0,0,0,0,0,0,0,0,6376,23,0,0,0,0,0,0,0,0
93,2017-04-17,09:00:48,0,OI709,XZCE,6374,6300,6376,80840,5123003560,297446,298778,6598,5966,6282,6306,0,6310,0,0,0,2017-04-17,32448000,6374,60,0,0,0,0,0,0,0,0,6376,23,0,0,0,0,0,0,0,0
94,2017-04-17,09:00:49,0,OI709,XZCE,6376,6300,6376,80886,5125936520,297454,298778,6598,5966,6282,6306,0,6310,0,0,0,2017-04-17,32449000,6376,60,0,0,0,0,0,0,0,0,6378,56,0,0,0,0,0,0,0,0
95,2017-04-17,09:00:49,0,OI709,XZCE,6378,6300,6378,80970,5131294040,297512,298778,6598,5966,6282,6306,0,6310,0,0,0,2017-04-17,32449000,6376,74,0,0,0,0,0,0,0,0,6378,30,0,0,0,0,0,0,0,0
96,2017-04-17,09:00:50,0,OI709,XZCE,6376,6300,6378,81016,5134227000,297496,298778,6598,5966,6282,6306,0,6310,0,0,0,2017-04-17,32450000,6376,72,0,0,0,0,0,0,0,0,6378,8,0,0,0,0,0,0,0,0
97,2017-04-17,09:00:50,0,OI709,XZCE,6380,6300,6380,81072,5137799800,297480,298778,6598,5966,6282,6306,0,6310,0,0,0,2017-04-17,32450000,6376,63,0,0,0,0,0,0,0,0,6380,185,0,0,0,0,0,0,0,0
98,2017-04-17,09:00:51,0,OI709,XZCE,6378,6300,6380,81126,5141243920,297478,298778,6598,5966,6282,6306,0,6310,0,0,0,2017-04-17,32451000,6376,46,0,0,0,0,0,0,0,0,6378,17,0,0,0,0,0,0,0,0
99,2017-04-17,09:00:51,0,OI709,XZCE,6376,6300,6380,81152,5142901680,297468,298778,6598,5966,6282,6306,0,6310,0,0,0,2017-04-17,32451000,6376,38,0,0,0,0,0,0,0,0,6378,13,0,0,0,0,0,0,0,0
100,2017-04-17,09:00:52,0,OI709,XZCE,6378,6300,6380,81180,5144687520,297446,298778,6598,5966,6282,6306,0,6310,0,0,0,2017-04-17,32452000,6378,40,0,0,0,0,0,0,0,0,6380,171,0,0,0,0,0,0,0,0
101,2017-04-17,09:00:52,0,OI709,XZCE,6380,6300,6380,81270,5150429520,297468,298778,6598,5966,6282,6306,0,6310,0,0,0,2017-04-17,32452000,6378,6,0,0,0,0,0,0,0,0,6380,127,0,0,0,0,0,0,0,0
102,2017-04-17,09:00:53,0,OI709,XZCE,6380,6300,6380,81304,5152598720,297494,298778,6598,5966,6282,6306,0,6310,0,0,0,2017-04-17,32453000,6378,42,0,0,0,0,0,0,0,0,6380,112,0,0,0,0,0,0,0,0
103,2017-04-17,09:00:53,0,OI709,XZCE,6380,6300,6380,81314,5153236720,297504,298778,6598,5966,6282,6306,0,6310,0,0,0,2017-04-17,32453000,6378,52,0,0,0,0,0,0,0,0,6380,107,0,0,0,0,0,0,0,0
104,2017-04-17,09:00:54,0,OI709,XZCE,6380,6300,6380,81342,5155023120,297482,298778,6598,5966,6282,6306,0,6310,0,0,0,2017-04-17,32454000,6378,35,0,0,0,0,0,0,0,0,6380,110,0,0,0,0,0,0,0,0
105,2017-04-17,09:00:54,0,OI709,XZCE,6378,6300,6380,81452,5162038920,297520,298778,6598,5966,6282,6306,0,6310,0,0,0,2017-04-17,32454000,6376,22,0,0,0,0,0,0,0,0,6378,51,0,0,0,0,0,0,0,0
106,2017-04-17,09:00:55,0,OI709,XZCE,6378,6300,6380,81454,5162166480,297520,298778,6598,5966,6282,6306,0,6310,0,0,0,2017-04-17,32455000,6376,24,0,0,0,0,0,0,0,0,6378,50,0,0,0,0,0,0,0,0
107,2017-04-17,09:00:55,0,OI709,XZCE,6378,6300,6380,81468,5163059400,297520,298778,6598,5966,6282,6306,0,6310,0,0,0,2017-04-17,32455000,6376,24,0,0,0,0,0,0,0,0,6378,46,0,0,0,0,0,0,0,0
108,2017-04-17,09:00:56,0,OI709,XZCE,6378,6300,6380,81472,5163314520,297520,298778,6598,5966,6282,6306,0,6310,0,0,0,2017-04-17,32456000,6376,25,0,0,0,0,0,0,0,0,6378,51,0,0,0,0,0,0,0,0
109,2017-04-17,09:00:56,0,OI709,XZCE,6376,6300,6380,81488,5164334680,297510,298778,6598,5966,6282,6306,0,6310,0,0,0,2017-04-17,32456000,6376,23,0,0,0,0,0,0,0,0,6378,53,0,0,0,0,0,0,0,0
110,2017-04-17,09:00:57,0,OI709,XZCE,6376,6300,6380,81540,5167650200,297490,298778,6598,5966,6282,6306,0,6310,0,0,0,2017-04-17,32457000,6374,21,0,0,0,0,0,0,0,0,6376,9,0,0,0,0,0,0,0,0
111,2017-04-17,09:00:57,0,OI709,XZCE,6376,6300,6380,81552,5168415320,297492,298778,6598,5966,6282,6306,0,6310,0,0,0,2017-04-17,32457000,6374,20,0,0,0,0,0,0,0,0,6376,7,0,0,0,0,0,0,0,0
112,2017-04-17,09:00:58,0,OI709,XZCE,6376,6300,6380,81552,5168415320,297492,298778,6598,5966,6282,6306,0,6310,0,0,0,2017-04-17,32458000,6374,20,0,0,0,0,0,0,0,0,6376,14,0,0,0,0,0,0,0,0
113,2017-04-17,09:00:58,0,OI709,XZCE,6374,6300,6380,81558,5168797760,297496,298778,6598,5966,6282,6306,0,6310,0,0,0,2017-04-17,32458000,6374,19,0,0,0,0,0,0,0,0,6376,12,0,0,0,0,0,0,0,0
114,2017-04-17,09:00:59,0,OI709,XZCE,6374,6300,6380,81564,5169180200,297496,298778,6598,5966,6282,6306,0,6310,0,0,0,2017-04-17,32459000,6374,16,0,0,0,0,0,0,0,0,6376,27,0,0,0,0,0,0,0,0
115,2017-04-17,09:00:59,0,OI709,XZCE,6374,6300,6380,81570,5169562640,297496,298778,6598,5966,6282,6306,0,6310,0,0,0,2017-04-17,32459000,6374,13,0,0,0,0,0,0,0,0,6376,30,0,0,0,0,0,0,0,0
116,2017-04-17,09:01:00,0,OI709,XZCE,6376,6300,6380,81608,5171985520,297522,298778,6598,5966,6282,6306,0,6310,0,0,0,2017-04-17,32460000,6374,13,0,0,0,0,0,0,0,0,6376,11,0,0,0,0,0,0,0,0
117,2017-04-17,09:01:00,0,OI709,XZCE,6374,6300,6380,81644,5174280160,297524,298778,6598,5966,6282,6306,0,6310,0,0,0,2017-04-17,32460000,6374,12,0,0,0,0,0,0,0,0,6376,76,0,0,0,0,0,0,0,0
118,2017-04-17,09:01:01,0,OI709,XZCE,6376,6300,6380,81648,5174535200,297524,298778,6598,5966,6282,6306,0,6310,0,0,0,2017-04-17,32461000,6374,12,0,0,0,0,0,0,0,0,6376,80,0,0,0,0,0,0,0,0
119,2017-04-17,09:01:01,0,OI709,XZCE,6376,6300,6380,81672,5176065440,297524,298778,6598,5966,6282,6306,0,6310,0,0,0,2017-04-17,32461000,6374,19,0,0,0,0,0,0,0,0,6376,13,0,0,0,0,0,0,0,0
120,2017-04-17,09:01:02,0,OI709,XZCE,6374,6300,6380,81726,5179507400,297520,298778,6598,5966,6282,6306,0,6310,0,0,0,2017-04-17,32462000,6374,15,0,0,0,0,0,0,0,0,6376,69,0,0,0,0,0,0,0,0
121,2017-04-17,09:01:02,0,OI709,XZCE,6374,6300,6380,81726,5179507400,297520,298778,6598,5966,6282,6306,0,6310,0,0,0,2017-04-17,32462000,6374,20,0,0,0,0,0,0,0,0,6376,70,0,0,0,0,0,0,0,0
122,2017-04-17,09:01:03,0,OI709,XZCE,6376,6300,6380,81768,5182185320,297480,298778,6598,5966,6282,6306,0,6310,0,0,0,2017-04-17,32463000,6374,29,0,0,0,0,0,0,0,0,6376,54,0,0,0,0,0,0,0,0
123,2017-04-17,09:01:03,0,OI709,XZCE,6374,6300,6380,81840,5186774600,297446,298778,6598,5966,6282,6306,0,6310,0,0,0,2017-04-17,32463000,6372,136,0,0,0,0,0,0,0,0,6374,25,0,0,0,0,0,0,0,0
124,2017-04-17,09:01:04,0,OI709,XZCE,6374,6300,6380,81840,5186774600,297446,298778,6598,5966,6282,6306,0,6310,0,0,0,2017-04-17,32464000,6372,138,0,0,0,0,0,0,0,0,6374,34,0,0,0,0,0,0,0,0
125,2017-04-17,09:01:04,0,OI709,XZCE,6376,6300,6380,82012,5197741320,297480,298778,6598,5966,6282,6306,0,6310,0,0,0,2017-04-17,32464000,6374,9,0,0,0,0,0,0,0,0,6376,18,0,0,0,0,0,0,0,0
126,2017-04-17,09:01:05,0,OI709,XZCE,6374,6300,6380,82034,5199143600,297474,298778,6598,5966,6282,6306,0,6310,0,0,0,2017-04-17,32465000,6372,148,0,0,0,0,0,0,0,0,6374,7,0,0,0,0,0,0,0,0
127,2017-04-17,09:01:05,0,OI709,XZCE,6374,6300,6380,82036,5199271080,297474,298778,6598,5966,6282,6306,0,6310,0,0,0,2017-04-17,32465000,6372,151,0,0,0,0,0,0,0,0,6374,33,0,0,0,0,0,0,0,0
128,2017-04-17,09:01:06,0,OI709,XZCE,6372,6300,6380,82078,5201947320,297474,298778,6598,5966,6282,6306,0,6310,0,0,0,2017-04-17,32466000,6372,131,0,0,0,0,0,0,0,0,6374,26,0,0,0,0,0,0,0,0
129,2017-04-17,09:01:07,0,OI709,XZCE,6370,6300,6380,82350,5219273720,297606,298778,6598,5966,6282,6306,0,6310,0,0,0,2017-04-17,32467000,6370,20,0,0,0,0,0,0,0,0,6372,66,0,0,0,0,0,0,0,0
130,2017-04-17,09:01:07,0,OI709,XZCE,6370,6300,6380,82394,5222076520,297642,298778,6598,5966,6282,6306,0,6310,0,0,0,2017-04-17,32467000,6368,47,0,0,0,0,0,0,0,0,6370,7,0,0,0,0,0,0,0,0
131,2017-04-17,09:01:07,0,OI709,XZCE,6368,6300,6380,82410,5223095400,297640,298778,6598,5966,6282,6306,0,6310,0,0,0,2017-04-17,32467000,6368,46,0,0,0,0,0,0,0,0,6372,71,0,0,0,0,0,0,0,0
132,2017-04-17,09:01:08,0,OI709,XZCE,6368,6300,6380,82422,5223859560,297640,298778,6598,5966,6282,6306,0,6310,0,0,0,2017-04-17,32468000,6368,47,0,0,0,0,0,0,0,0,6372,74,0,0,0,0,0,0,0,0
133,2017-04-17,09:01:08,0,OI709,XZCE,6368,6300,6380,82422,5223859560,297640,298778,6598,5966,6282,6306,0,6310,0,0,0,2017-04-17,32468000,6368,47,0,0,0,0,0,0,0,0,6372,124,0,0,0,0,0,0,0,0
134,2017-04-17,09:01:09,0,OI709,XZCE,6368,6300,6380,82516,5229845480,297666,298778,6598,5966,6282,6306,0,6310,0,0,0,2017-04-17,32469000,6366,28,0,0,0,0,0,0,0,0,6368,26,0,0,0,0,0,0,0,0
135,2017-04-17,09:01:09,0,OI709,XZCE,6368,6300,6380,82554,5232265320,297640,298778,6598,5966,6282,6306,0,6310,0,0,0,2017-04-17,32469000,6366,20,0,0,0,0,0,0,0,0,6368,30,0,0,0,0,0,0,0,0
136,2017-04-17,09:01:10,0,OI709,XZCE,6368,6300,6380,82556,5232392680,297640,298778,6598,5966,6282,6306,0,6310,0,0,0,2017-04-17,32470000,6366,20,0,0,0,0,0,0,0,0,6368,34,0,0,0,0,0,0,0,0
137,2017-04-17,09:01:10,0,OI709,XZCE,6368,6300,6380,82560,5232647400,297640,298778,6598,5966,6282,6306,0,6310,0,0,0,2017-04-17,32470000,6366,20,0,0,0,0,0,0,0,0,6368,34,0,0,0,0,0,0,0,0
138,2017-04-17,09:01:11,0,OI709,XZCE,6368,6300,6380,82564,5232902120,297640,298778,6598,5966,6282,6306,0,6310,0,0,0,2017-04-17,32471000,6366,22,0,0,0,0,0,0,0,0,6368,32,0,0,0,0,0,0,0,0
139,2017-04-17,09:01:11,0,OI709,XZCE,6366,6300,6380,82596,5234939240,297636,298778,6598,5966,6282,6306,0,6310,0,0,0,2017-04-17,32471000,6366,23,0,0,0,0,0,0,0,0,6368,14,0,0,0,0,0,0,0,0
140,2017-04-17,09:01:12,0,OI709,XZCE,6368,6300,6380,82630,5237104360,297610,298778,6598,5966,6282,6306,0,6310,0,0,0,2017-04-17,32472000,6366,32,0,0,0,0,0,0,0,0,6370,25,0,0,0,0,0,0,0,0
141,2017-04-17,09:01:12,0,OI709,XZCE,6368,6300,6380,82636,5237486440,297616,298778,6598,5966,6282,6306,0,6310,0,0,0,2017-04-17,32472000,6366,32,0,0,0,0,0,0,0,0,6368,25,0,0,0,0,0,0,0,0
142,2017-04-17,09:01:13,0,OI709,XZCE,6366,6300,6380,82652,5238505000,297630,298778,6598,5966,6282,6306,0,6310,0,0,0,2017-04-17,32473000,6366,17,0,0,0,0,0,0,0,0,6368,31,0,0,0,0,0,0,0,0
143,2017-04-17,09:01:13,0,OI709,XZCE,6366,6300,6380,82652,5238505000,297630,298778,6598,5966,6282,6306,0,6310,0,0,0,2017-04-17,32473000,6366,18,0,0,0,0,0,0,0,0,6368,31,0,0,0,0,0,0,0,0
144,2017-04-17,09:01:14,0,OI709,XZCE,6368,6300,6380,82672,5239778600,297630,298778,6598,5966,6282,6306,0,6310,0,0,0,2017-04-17,32474000,6366,19,0,0,0,0,0,0,0,0,6370,23,0,0,0,0,0,0,0,0
145,2017-04-17,09:01:14,0,OI709,XZCE,6366,6300,6380,82674,5239905920,297630,298778,6598,5966,6282,6306,0,6310,0,0,0,2017-04-17,32474000,6366,14,0,0,0,0,0,0,0,0,6368,22,0,0,0,0,0,0,0,0
146,2017-04-17,09:01:15,0,OI709,XZCE,6368,6300,6380,82698,5241434240,297642,298778,6598,5966,6282,6306,0,6310,0,0,0,2017-04-17,32475000,6366,20,0,0,0,0,0,0,0,0,6368,15,0,0,0,0,0,0,0,0
147,2017-04-17,09:01:15,0,OI709,XZCE,6368,6300,6380,82766,5245764480,297660,298778,6598,5966,6282,6306,0,6310,0,0,0,2017-04-17,32475000,6368,5,0,0,0,0,0,0,0,0,6370,27,0,0,0,0,0,0,0,0
148,2017-04-17,09:01:16,0,OI709,XZCE,6368,6300,6380,82802,5248056960,297664,298778,6598,5966,6282,6306,0,6310,0,0,0,2017-04-17,32476000,6366,12,0,0,0,0,0,0,0,0,6368,10,0,0,0,0,0,0,0,0
149,2017-04-17,09:01:16,0,OI709,XZCE,6368,6300,6380,82810,5248566400,297666,298778,6598,5966,6282,6306,0,6310,0,0,0,2017-04-17,32476000,6366,14,0,0,0,0,0,0,0,0,6368,14,0,0,0,0,0,0,0,0
150,2017-04-17,09:01:17,0,OI709,XZCE,6368,6300,6380,82816,5248948480,297670,298778,6598,5966,6282,6306,0,6310,0,0,0,2017-04-17,32477000,6366,15,0,0,0,0,0,0,0,0,6368,13,0,0,0,0,0,0,0,0
151,2017-04-17,09:01:17,0,OI709,XZCE,6368,6300,6380,82816,5248948480,297670,298778,6598,5966,6282,6306,0,6310,0,0,0,2017-04-17,32477000,6366,25,0,0,0,0,0,0,0,0,6368,8,0,0,0,0,0,0,0,0
152,2017-04-17,09:01:18,0,OI709,XZCE,6366,6300,6380,82836,5250221680,297664,298778,6598,5966,6282,6306,0,6310,0,0,0,2017-04-17,32478000,6366,20,0,0,0,0,0,0,0,0,6368,11,0,0,0,0,0,0,0,0
153,2017-04-17,09:01:18,0,OI709,XZCE,6368,6300,6380,82838,5250349040,297664,298778,6598,5966,6282,6306,0,6310,0,0,0,2017-04-17,32478000,6366,18,0,0,0,0,0,0,0,0,6368,10,0,0,0,0,0,0,0,0
154,2017-04-17,09:01:19,0,OI709,XZCE,6366,6300,6380,82874,5252640800,297680,298778,6598,5966,6282,6306,0,6310,0,0,0,2017-04-17,32479000,6364,40,0,0,0,0,0,0,0,0,6366,10,0,0,0,0,0,0,0,0
155,2017-04-17,09:01:20,0,OI709,XZCE,6364,6300,6380,82902,5254422720,297692,298778,6598,5966,6282,6306,0,6310,0,0,0,2017-04-17,32480000,6364,40,0,0,0,0,0,0,0,0,6366,8,0,0,0,0,0,0,0,0
156,2017-04-17,09:01:20,0,OI709,XZCE,6366,6300,6380,82906,5254677360,297688,298778,6598,5966,6282,6306,0,6310,0,0,0,2017-04-17,32480000,6364,36,0,0,0,0,0,0,0,0,6366,15,0,0,0,0,0,0,0,0
157,2017-04-17,09:01:21,0,OI709,XZCE,6366,6300,6380,82906,5254677360,297688,298778,6598,5966,6282,6306,0,6310,0,0,0,2017-04-17,32481000,6364,38,0,0,0,0,0,0,0,0,6366,21,0,0,0,0,0,0,0,0
158,2017-04-17,09:01:22,0,OI709,XZCE,6364,6300,6380,82936,5256586560,297688,298778,6598,5966,6282,6306,0,6310,0,0,0,2017-04-17,32482000,6364,26,0,0,0,0,0,0,0,0,6366,16,0,0,0,0,0,0,0,0
159,2017-04-17,09:01:22,0,OI709,XZCE,6366,6300,6380,82984,5259642240,297664,298778,6598,5966,6282,6306,0,6310,0,0,0,2017-04-17,32482000,6366,4,0,0,0,0,0,0,0,0,6368,22,0,0,0,0,0,0,0,0
160,2017-04-17,09:01:22,0,OI709,XZCE,6366,6300,6380,82990,5260024200,297668,298778,6598,5966,6282,6306,0,6310,0,0,0,2017-04-17,32482000,6366,17,0,0,0,0,0,0,0,0,6368,20,0,0,0,0,0,0,0,0
161,2017-04-17,09:01:23,0,OI709,XZCE,6366,6300,6380,82990,5260024200,297668,298778,6598,5966,6282,6306,0,6310,0,0,0,2017-04-17,32483000,6366,19,0,0,0,0,0,0,0,0,6368,17,0,0,0,0,0,0,0,0
162,2017-04-17,09:01:23,0,OI709,XZCE,6366,6300,6380,82990,5260024200,297668,298778,6598,5966,6282,6306,0,6310,0,0,0,2017-04-17,32483000,6366,28,0,0,0,0,0,0,0,0,6368,17,0,0,0,0,0,0,0,0
163,2017-04-17,09:01:24,0,OI709,XZCE,6366,6300,6380,83010,5261297400,297668,298778,6598,5966,6282,6306,0,6310,0,0,0,2017-04-17,32484000,6366,34,0,0,0,0,0,0,0,0,6368,31,0,0,0,0,0,0,0,0
164,2017-04-17,09:01:24,0,OI709,XZCE,6366,6300,6380,83012,5261424720,297668,298778,6598,5966,6282,6306,0,6310,0,0,0,2017-04-17,32484000,6366,34,0,0,0,0,0,0,0,0,6368,32,0,0,0,0,0,0,0,0
165,2017-04-17,09:01:25,0,OI709,XZCE,6368,6300,6380,83028,5262443600,297660,298778,6598,5966,6282,6306,0,6310,0,0,0,2017-04-17,32485000,6366,34,0,0,0,0,0,0,0,0,6368,24,0,0,0,0,0,0,0,0
166,2017-04-17,09:01:26,0,OI709,XZCE,6368,6300,6380,83040,5263207760,297660,298778,6598,5966,6282,6306,0,6310,0,0,0,2017-04-17,32486000,6366,33,0,0,0,0,0,0,0,0,6368,16,0,0,0,0,0,0,0,0
167,2017-04-17,09:01:26,0,OI709,XZCE,6368,6300,6380,83044,5263462480,297662,298778,6598,5966,6282,6306,0,6310,0,0,0,2017-04-17,32486000,6366,38,0,0,0,0,0,0,0,0,6368,14,0,0,0,0,0,0,0,0
168,2017-04-17,09:01:26,0,OI709,XZCE,6368,6300,6380,83096,5266773840,297614,298778,6598,5966,6282,6306,0,6310,0,0,0,2017-04-17,32486000,6366,35,0,0,0,0,0,0,0,0,6368,13,0,0,0,0,0,0,0,0
169,2017-04-17,09:01:27,0,OI709,XZCE,6368,6300,6380,83124,5268556880,297600,298778,6598,5966,6282,6306,0,6310,0,0,0,2017-04-17,32487000,6368,56,0,0,0,0,0,0,0,0,6370,14,0,0,0,0,0,0,0,0
170,2017-04-17,09:01:27,0,OI709,XZCE,6368,6300,6380,83124,5268556880,297600,298778,6598,5966,6282,6306,0,6310,0,0,0,2017-04-17,32487000,6368,59,0,0,0,0,0,0,0,0,6370,49,0,0,0,0,0,0,0,0
171,2017-04-17,09:01:28,0,OI709,XZCE,6368,6300,6380,83126,5268684240,297600,298778,6598,5966,6282,6306,0,6310,0,0,0,2017-04-17,32488000,6368,59,0,0,0,0,0,0,0,0,6370,49,0,0,0,0,0,0,0,0
172,2017-04-17,09:01:29,0,OI709,XZCE,6368,6300,6380,83146,5269957840,297594,298778,6598,5966,6282,6306,0,6310,0,0,0,2017-04-17,32489000,6368,51,0,0,0,0,0,0,0,0,6370,54,0,0,0,0,0,0,0,0
173,2017-04-17,09:01:29,0,OI709,XZCE,6368,6300,6380,83200,5273396560,297592,298778,6598,5966,6282,6306,0,6310,0,0,0,2017-04-17,32489000,6368,25,0,0,0,0,0,0,0,0,6370,53,0,0,0,0,0,0,0,0
174,2017-04-17,09:01:29,0,OI709,XZCE,6368,6300,6380,83228,5275179600,297564,298778,6598,5966,6282,6306,0,6310,0,0,0,2017-04-17,32489000,6368,11,0,0,0,0,0,0,0,0,6370,53,0,0,0,0,0,0,0,0
175,2017-04-17,09:01:30,0,OI709,XZCE,6368,6300,6380,83250,5276580560,297574,298778,6598,5966,6282,6306,0,6310,0,0,0,2017-04-17,32490000,6366,30,0,0,0,0,0,0,0,0,6368,27,0,0,0,0,0,0,0,0
176,2017-04-17,09:01:31,0,OI709,XZCE,6368,6300,6380,83294,5279382480,297594,298778,6598,5966,6282,6306,0,6310,0,0,0,2017-04-17,32491000,6366,29,0,0,0,0,0,0,0,0,6370,21,0,0,0,0,0,0,0,0
177,2017-04-17,09:01:31,0,OI709,XZCE,6366,6300,6380,83298,5279637120,297594,298778,6598,5966,6282,6306,0,6310,0,0,0,2017-04-17,32491000,6366,27,0,0,0,0,0,0,0,0,6370,22,0,0,0,0,0,0,0,0
178,2017-04-17,09:01:31,0,OI709,XZCE,6368,6300,6380,83300,5279764480,297596,298778,6598,5966,6282,6306,0,6310,0,0,0,2017-04-17,32491000,6366,27,0,0,0,0,0,0,0,0,6368,23,0,0,0,0,0,0,0,0
179,2017-04-17,09:01:32,0,OI709,XZCE,6368,6300,6380,83300,5279764480,297596,298778,6598,5966,6282,6306,0,6310,0,0,0,2017-04-17,32492000,6366,27,0,0,0,0,0,0,0,0,6368,59,0,0,0,0,0,0,0,0
180,2017-04-17,09:01:32,0,OI709,XZCE,6366,6300,6380,83302,5279891800,297598,298778,6598,5966,6282,6306,0,6310,0,0,0,2017-04-17,32492000,6366,26,0,0,0,0,0,0,0,0,6368,36,0,0,0,0,0,0,0,0
181,2017-04-17,09:01:33,0,OI709,XZCE,6366,6300,6380,83310,5280401080,297598,298778,6598,5966,6282,6306,0,6310,0,0,0,2017-04-17,32493000,6366,23,0,0,0,0,0,0,0,0,6368,38,0,0,0,0,0,0,0,0
182,2017-04-17,09:01:33,0,OI709,XZCE,6366,6300,6380,83314,5280655720,297598,298778,6598,5966,6282,6306,0,6310,0,0,0,2017-04-17,32493000,6366,21,0,0,0,0,0,0,0,0,6368,38,0,0,0,0,0,0,0,0
183,2017-04-17,09:01:34,0,OI709,XZCE,6366,6300,6380,83318,5280910360,297594,298778,6598,5966,6282,6306,0,6310,0,0,0,2017-04-17,32494000,6366,19,0,0,0,0,0,0,0,0,6368,38,0,0,0,0,0,0,0,0
184,2017-04-17,09:01:34,0,OI709,XZCE,6368,6300,6380,83322,5281165080,297594,298778,6598,5966,6282,6306,0,6310,0,0,0,2017-04-17,32494000,6366,19,0,0,0,0,0,0,0,0,6368,37,0,0,0,0,0,0,0,0
185,2017-04-17,09:01:35,0,OI709,XZCE,6368,6300,6380,83342,5282438680,297576,298778,6598,5966,6282,6306,0,6310,0,0,0,2017-04-17,32495000,6366,19,0,0,0,0,0,0,0,0,6368,27,0,0,0,0,0,0,0,0
186,2017-04-17,09:01:36,0,OI709,XZCE,6366,6300,6380,83482,5291351080,297590,298778,6598,5966,6282,6306,0,6310,0,0,0,2017-04-17,32496000,6366,1,0,0,0,0,0,0,0,0,6368,7,0,0,0,0,0,0,0,0
187,2017-04-17,09:01:36,0,OI709,XZCE,6366,6300,6380,83494,5292115000,297578,298778,6598,5966,6282,6306,0,6310,0,0,0,2017-04-17,32496000,6364,42,0,0,0,0,0,0,0,0,6366,14,0,0,0,0,0,0,0,0
188,2017-04-17,09:01:36,0,OI709,XZCE,6366,6300,6380,83526,5294152120,297566,298778,6598,5966,6282,6306,0,6310,0,0,0,2017-04-17,32496000,6366,5,0,0,0,0,0,0,0,0,6368,18,0,0,0,0,0,0,0,0
189,2017-04-17,09:01:37,0,OI709,XZCE,6366,6300,6380,83536,5294788720,297566,298778,6598,5966,6282,6306,0,6310,0,0,0,2017-04-17,32497000,6366,1,0,0,0,0,0,0,0,0,6368,18,0,0,0,0,0,0,0,0
190,2017-04-17,09:01:38,0,OI709,XZCE,6368,6300,6380,83544,5295298160,297574,298778,6598,5966,6282,6306,0,6310,0,0,0,2017-04-17,32498000,6366,1,0,0,0,0,0,0,0,0,6368,14,0,0,0,0,0,0,0,0
191,2017-04-17,09:01:38,0,OI709,XZCE,6368,6300,6380,83544,5295298160,297574,298778,6598,5966,6282,6306,0,6310,0,0,0,2017-04-17,32498000,6366,9,0,0,0,0,0,0,0,0,6368,14,0,0,0,0,0,0,0,0
192,2017-04-17,09:01:38,0,OI709,XZCE,6366,6300,6380,83546,5295425480,297574,298778,6598,5966,6282,6306,0,6310,0,0,0,2017-04-17,32498000,6366,10,0,0,0,0,0,0,0,0,6368,14,0,0,0,0,0,0,0,0
193,2017-04-17,09:01:39,0,OI709,XZCE,6366,6300,6380,83556,5296062080,297572,298778,6598,5966,6282,6306,0,6310,0,0,0,2017-04-17,32499000,6366,8,0,0,0,0,0,0,0,0,6368,16,0,0,0,0,0,0,0,0
194,2017-04-17,09:01:40,0,OI709,XZCE,6368,6300,6380,83564,5296571520,297568,298778,6598,5966,6282,6306,0,6310,0,0,0,2017-04-17,32500000,6366,8,0,0,0,0,0,0,0,0,6368,14,0,0,0,0,0,0,0,0
195,2017-04-17,09:01:40,0,OI709,XZCE,6366,6300,6380,83566,5296698840,297566,298778,6598,5966,6282,6306,0,6310,0,0,0,2017-04-17,32500000,6366,10,0,0,0,0,0,0,0,0,6368,15,0,0,0,0,0,0,0,0
196,2017-04-17,09:01:41,0,OI709,XZCE,6366,6300,6380,83576,5297335440,297560,298778,6598,5966,6282,6306,0,6310,0,0,0,2017-04-17,32501000,6366,5,0,0,0,0,0,0,0,0,6368,15,0,0,0,0,0,0,0,0
197,2017-04-17,09:01:42,0,OI709,XZCE,6366,6300,6380,83586,5297972040,297554,298778,6598,5966,6282,6306,0,6310,0,0,0,2017-04-17,32502000,6364,54,0,0,0,0,0,0,0,0,6366,37,0,0,0,0,0,0,0,0
198,2017-04-17,09:01:42,0,OI709,XZCE,6366,6300,6380,83610,5299499880,297578,298778,6598,5966,6282,6306,0,6310,0,0,0,2017-04-17,32502000,6364,43,0,0,0,0,0,0,0,0,6366,51,0,0,0,0,0,0,0,0
199,2017-04-17,09:01:43,0,OI709,XZCE,6364,6300,6380,83616,5299881720,297578,298778,6598,5966,6282,6306,0,6310,0,0,0,2017-04-17,32503000,6364,40,0,0,0,0,0,0,0,0,6366,50,0,0,0,0,0,0,0,0
200,2017-04-17,09:01:43,0,OI709,XZCE,6364,6300,6380,83616,5299881720,297578,298778,6598,5966,6282,6306,0,6310,0,0,0,2017-04-17,32503000,6364,40,0,0,0,0,0,0,0,0,6366,53,0,0,0,0,0,0,0,0
201,2017-04-17,09:01:44,0,OI709,XZCE,6364,6300,6380,83616,5299881720,297578,298778,6598,5966,6282,6306,0,6310,0,0,0,2017-04-17,32504000,6364,40,0,0,0,0,0,0,0,0,6366,57,0,0,0,0,0,0,0,0
202,2017-04-17,09:01:45,0,OI709,XZCE,6364,6300,6380,83910,5318591880,297682,298778,6598,5966,6282,6306,0,6310,0,0,0,2017-04-17,32505000,6364,10,0,0,0,0,0,0,0,0,6366,11,0,0,0,0,0,0,0,0
203,2017-04-17,09:01:45,0,OI709,XZCE,6366,6300,6380,83942,5320629000,297662,298778,6598,5966,6282,6306,0,6310,0,0,0,2017-04-17,32505000,6364,11,0,0,0,0,0,0,0,0,6366,9,0,0,0,0,0,0,0,0
204,2017-04-17,09:01:46,0,OI709,XZCE,6366,6300,6380,83948,5321010960,297662,298778,6598,5966,6282,6306,0,6310,0,0,0,2017-04-17,32506000,6364,11,0,0,0,0,0,0,0,0,6366,6,0,0,0,0,0,0,0,0
205,2017-04-17,09:01:46,0,OI709,XZCE,6366,6300,6380,83984,5323302720,297634,298778,6598,5966,6282,6306,0,6310,0,0,0,2017-04-17,32506000,6364,17,0,0,0,0,0,0,0,0,6368,10,0,0,0,0,0,0,0,0
206,2017-04-17,09:01:47,0,OI709,XZCE,6366,6300,6380,83988,5323557360,297634,298778,6598,5966,6282,6306,0,6310,0,0,0,2017-04-17,32507000,6366,25,0,0,0,0,0,0,0,0,6368,10,0,0,0,0,0,0,0,0
207,2017-04-17,09:01:47,0,OI709,XZCE,6366,6300,6380,83990,5323684680,297634,298778,6598,5966,6282,6306,0,6310,0,0,0,2017-04-17,32507000,6366,27,0,0,0,0,0,0,0,0,6368,10,0,0,0,0,0,0,0,0
208,2017-04-17,09:01:47,0,OI709,XZCE,6366,6300,6380,84006,5324703240,297630,298778,6598,5966,6282,6306,0,6310,0,0,0,2017-04-17,32507000,6366,15,0,0,0,0,0,0,0,0,6368,9,0,0,0,0,0,0,0,0
209,2017-04-17,09:01:48,0,OI709,XZCE,6366,6300,6380,84006,5324703240,297630,298778,6598,5966,6282,6306,0,6310,0,0,0,2017-04-17,32508000,6366,17,0,0,0,0,0,0,0,0,6368,9,0,0,0,0,0,0,0,0
210,2017-04-17,09:01:48,0,OI709,XZCE,6366,6300,6380,84006,5324703240,297630,298778,6598,5966,6282,6306,0,6310,0,0,0,2017-04-17,32508000,6366,18,0,0,0,0,0,0,0,0,6368,9,0,0,0,0,0,0,0,0
211,2017-04-17,09:01:49,0,OI709,XZCE,6368,6300,6380,84018,5325467400,297642,298778,6598,5966,6282,6306,0,6310,0,0,0,2017-04-17,32509000,6366,16,0,0,0,0,0,0,0,0,6368,16,0,0,0,0,0,0,0,0
212,2017-04-17,09:01:50,0,OI709,XZCE,6366,6300,6380,84042,5326995240,297636,298778,6598,5966,6282,6306,0,6310,0,0,0,2017-04-17,32510000,6366,11,0,0,0,0,0,0,0,0,6368,10,0,0,0,0,0,0,0,0
213,2017-04-17,09:01:51,0,OI709,XZCE,6366,6300,6380,84042,5326995240,297636,298778,6598,5966,6282,6306,0,6310,0,0,0,2017-04-17,32511000,6366,11,0,0,0,0,0,0,0,0,6368,11,0,0,0,0,0,0,0,0
214,2017-04-17,09:01:51,0,OI709,XZCE,6366,6300,6380,84042,5326995240,297636,298778,6598,5966,6282,6306,0,6310,0,0,0,2017-04-17,32511000,6366,12,0,0,0,0,0,0,0,0,6368,11,0,0,0,0,0,0,0,0
215,2017-04-17,09:01:51,0,OI709,XZCE,6366,6300,6380,84042,5326995240,297636,298778,6598,5966,6282,6306,0,6310,0,0,0,2017-04-17,32511000,6366,12,0,0,0,0,0,0,0,0,6368,12,0,0,0,0,0,0,0,0
216,2017-04-17,09:01:52,0,OI709,XZCE,6366,6300,6380,84058,5328013800,297636,298778,6598,5966,6282,6306,0,6310,0,0,0,2017-04-17,32512000,6366,6,0,0,0,0,0,0,0,0,6368,13,0,0,0,0,0,0,0,0
217,2017-04-17,09:01:53,0,OI709,XZCE,6366,6300,6380,84060,5328141120,297638,298778,6598,5966,6282,6306,0,6310,0,0,0,2017-04-17,32513000,6366,5,0,0,0,0,0,0,0,0,6368,18,0,0,0,0,0,0,0,0
218,2017-04-17,09:01:53,0,OI709,XZCE,6366,6300,6380,84060,5328141120,297638,298778,6598,5966,6282,6306,0,6310,0,0,0,2017-04-17,32513000,6366,5,0,0,0,0,0,0,0,0,6368,17,0,0,0,0,0,0,0,0
219,2017-04-17,09:01:54,0,OI709,XZCE,6366,6300,6380,84070,5328777720,297648,298778,6598,5966,6282,6306,0,6310,0,0,0,2017-04-17,32514000,6366,1,0,0,0,0,0,0,0,0,6368,18,0,0,0,0,0,0,0,0
220,2017-04-17,09:01:54,0,OI709,XZCE,6366,6300,6380,84072,5328905040,297648,298778,6598,5966,6282,6306,0,6310,0,0,0,2017-04-17,32514000,6364,43,0,0,0,0,0,0,0,0,6366,52,0,0,0,0,0,0,0,0
221,2017-04-17,09:01:55,0,OI709,XZCE,6366,6300,6380,84126,5332342680,297652,298778,6598,5966,6282,6306,0,6310,0,0,0,2017-04-17,32515000,6364,40,0,0,0,0,0,0,0,0,6366,27,0,0,0,0,0,0,0,0
222,2017-04-17,09:01:55,0,OI709,XZCE,6366,6300,6380,84126,5332342680,297652,298778,6598,5966,6282,6306,0,6310,0,0,0,2017-04-17,32515000,6364,40,0,0,0,0,0,0,0,0,6366,28,0,0,0,0,0,0,0,0
223,2017-04-17,09:01:56,0,OI709,XZCE,6366,6300,6380,84146,5333615880,297652,298778,6598,5966,6282,6306,0,6310,0,0,0,2017-04-17,32516000,6364,40,0,0,0,0,0,0,0,0,6366,18,0,0,0,0,0,0,0,0
224,2017-04-17,09:01:57,0,OI709,XZCE,6366,6300,6380,84146,5333615880,297652,298778,6598,5966,6282,6306,0,6310,0,0,0,2017-04-17,32517000,6364,40,0,0,0,0,0,0,0,0,6366,19,0,0,0,0,0,0,0,0
225,2017-04-17,09:01:58,0,OI709,XZCE,6366,6300,6380,84152,5333997840,297652,298778,6598,5966,6282,6306,0,6310,0,0,0,2017-04-17,32518000,6364,40,0,0,0,0,0,0,0,0,6366,16,0,0,0,0,0,0,0,0
226,2017-04-17,09:01:59,0,OI709,XZCE,6364,6300,6380,84156,5334252400,297652,298778,6598,5966,6282,6306,0,6310,0,0,0,2017-04-17,32519000,6364,39,0,0,0,0,0,0,0,0,6366,16,0,0,0,0,0,0,0,0
227,2017-04-17,09:01:59,0,OI709,XZCE,6364,6300,6380,84158,5334379680,297650,298778,6598,5966,6282,6306,0,6310,0,0,0,2017-04-17,32519000,6364,40,0,0,0,0,0,0,0,0,6366,16,0,0,0,0,0,0,0,0
228,2017-04-17,09:01:59,0,OI709,XZCE,6366,6300,6380,84190,5336416800,297630,298778,6598,5966,6282,6306,0,6310,0,0,0,2017-04-17,32519000,6366,9,0,0,0,0,0,0,0,0,6368,21,0,0,0,0,0,0,0,0
229,2017-04-17,09:02:00,0,OI709,XZCE,6368,6300,6380,84220,5338327200,297638,298778,6598,5966,6282,6306,0,6310,0,0,0,2017-04-17,32520000,6366,8,0,0,0,0,0,0,0,0,6368,9,0,0,0,0,0,0,0,0
230,2017-04-17,09:02:00,0,OI709,XZCE,6368,6300,6380,84220,5338327200,297638,298778,6598,5966,6282,6306,0,6310,0,0,0,2017-04-17,32520000,6366,13,0,0,0,0,0,0,0,0,6368,14,0,0,0,0,0,0,0,0
231,2017-04-17,09:02:01,0,OI709,XZCE,6368,6300,6380,84220,5338327200,297638,298778,6598,5966,6282,6306,0,6310,0,0,0,2017-04-17,32521000,6366,14,0,0,0,0,0,0,0,0,6368,14,0,0,0,0,0,0,0,0
232,2017-04-17,09:02:01,0,OI709,XZCE,6366,6300,6380,84240,5339600400,297630,298778,6598,5966,6282,6306,0,6310,0,0,0,2017-04-17,32521000,6366,9,0,0,0,0,0,0,0,0,6368,14,0,0,0,0,0,0,0,0
233,2017-04-17,09:02:02,0,OI709,XZCE,6368,6300,6380,84244,5339855120,297630,298778,6598,5966,6282,6306,0,6310,0,0,0,2017-04-17,32522000,6366,9,0,0,0,0,0,0,0,0,6368,12,0,0,0,0,0,0,0,0
234,2017-04-17,09:02:02,0,OI709,XZCE,6366,6300,6380,84266,5341255640,297622,298778,6598,5966,6282,6306,0,6310,0,0,0,2017-04-17,32522000,6364,63,0,0,0,0,0,0,0,0,6368,16,0,0,0,0,0,0,0,0
235,2017-04-17,09:02:03,0,OI709,XZCE,6366,6300,6380,84266,5341255640,297622,298778,6598,5966,6282,6306,0,6310,0,0,0,2017-04-17,32523000,6366,45,0,0,0,0,0,0,0,0,6368,17,0,0,0,0,0,0,0,0
236,2017-04-17,09:02:04,0,OI709,XZCE,6366,6300,6380,84270,5341510280,297622,298778,6598,5966,6282,6306,0,6310,0,0,0,2017-04-17,32524000,6366,44,0,0,0,0,0,0,0,0,6368,17,0,0,0,0,0,0,0,0
237,2017-04-17,09:02:04,0,OI709,XZCE,6368,6300,6380,84272,5341637640,297620,298778,6598,5966,6282,6306,0,6310,0,0,0,2017-04-17,32524000,6366,51,0,0,0,0,0,0,0,0,6368,26,0,0,0,0,0,0,0,0
238,2017-04-17,09:02:05,0,OI709,XZCE,6366,6300,6380,84274,5341764960,297618,298778,6598,5966,6282,6306,0,6310,0,0,0,2017-04-17,32525000,6366,50,0,0,0,0,0,0,0,0,6368,26,0,0,0,0,0,0,0,0
239,2017-04-17,09:02:06,0,OI709,XZCE,6368,6300,6380,84328,5345203680,297604,298778,6598,5966,6282,6306,0,6310,0,0,0,2017-04-17,32526000,6368,17,0,0,0,0,0,0,0,0,6370,19,0,0,0,0,0,0,0,0
240,2017-04-17,09:02:06,0,OI709,XZCE,6368,6300,6380,84330,5345331040,297604,298778,6598,5966,6282,6306,0,6310,0,0,0,2017-04-17,32526000,6368,19,0,0,0,0,0,0,0,0,6370,19,0,0,0,0,0,0,0,0
241,2017-04-17,09:02:06,0,OI709,XZCE,6368,6300,6380,84330,5345331040,297604,298778,6598,5966,6282,6306,0,6310,0,0,0,2017-04-17,32526000,6368,19,0,0,0,0,0,0,0,0,6370,24,0,0,0,0,0,0,0,0
242,2017-04-17,09:02:07,0,OI709,XZCE,6368,6300,6380,84330,5345331040,297604,298778,6598,5966,6282,6306,0,6310,0,0,0,2017-04-17,32527000,6368,21,0,0,0,0,0,0,0,0,6370,24,0,0,0,0,0,0,0,0
243,2017-04-17,09:02:08,0,OI709,XZCE,6368,6300,6380,84336,5345713120,297604,298778,6598,5966,6282,6306,0,6310,0,0,0,2017-04-17,32528000,6368,18,0,0,0,0,0,0,0,0,6370,26,0,0,0,0,0,0,0,0
244,2017-04-17,09:02:08,0,OI709,XZCE,6368,6300,6380,84338,5345840480,297604,298778,6598,5966,6282,6306,0,6310,0,0,0,2017-04-17,32528000,6368,25,0,0,0,0,0,0,0,0,6370,26,0,0,0,0,0,0,0,0
245,2017-04-17,09:02:09,0,OI709,XZCE,6368,6300,6380,84388,5349024480,297598,298778,6598,5966,6282,6306,0,6310,0,0,0,2017-04-17,32529000,6366,23,0,0,0,0,0,0,0,0,6368,26,0,0,0,0,0,0,0,0
246,2017-04-17,09:02:09,0,OI709,XZCE,6368,6300,6380,84404,5350043360,297582,298778,6598,5966,6282,6306,0,6310,0,0,0,2017-04-17,32529000,6366,24,0,0,0,0,0,0,0,0,6368,23,0,0,0,0,0,0,0,0
247,2017-04-17,09:02:10,0,OI709,XZCE,6368,6300,6380,84404,5350043360,297582,298778,6598,5966,6282,6306,0,6310,0,0,0,2017-04-17,32530000,6366,25,0,0,0,0,0,0,0,0,6368,23,0,0,0,0,0,0,0,0
248,2017-04-17,09:02:10,0,OI709,XZCE,6368,6300,6380,84424,5351316960,297580,298778,6598,5966,6282,6306,0,6310,0,0,0,2017-04-17,32530000,6366,42,0,0,0,0,0,0,0,0,6368,16,0,0,0,0,0,0,0,0
249,2017-04-17,09:02:10,0,OI709,XZCE,6368,6300,6380,84460,5353609440,297570,298778,6598,5966,6282,6306,0,6310,0,0,0,2017-04-17,32530000,6368,12,0,0,0,0,0,0,0,0,6370,27,0,0,0,0,0,0,0,0
250,2017-04-17,09:02:11,0,OI709,XZCE,6368,6300,6380,84460,5353609440,297570,298778,6598,5966,6282,6306,0,6310,0,0,0,2017-04-17,32531000,6368,13,0,0,0,0,0,0,0,0,6370,27,0,0,0,0,0,0,0,0
251,2017-04-17,09:02:11,0,OI709,XZCE,6368,6300,6380,84460,5353609440,297570,298778,6598,5966,6282,6306,0,6310,0,0,0,2017-04-17,32531000,6368,23,0,0,0,0,0,0,0,0,6370,27,0,0,0,0,0,0,0,0
252,2017-04-17,09:02:12,0,OI709,XZCE,6368,6300,6380,84484,5355137760,297560,298778,6598,5966,6282,6306,0,6310,0,0,0,2017-04-17,32532000,6368,36,0,0,0,0,0,0,0,0,6370,27,0,0,0,0,0,0,0,0
253,2017-04-17,09:02:12,0,OI709,XZCE,6368,6300,6380,84484,5355137760,297560,298778,6598,5966,6282,6306,0,6310,0,0,0,2017-04-17,32532000,6368,38,0,0,0,0,0,0,0,0,6370,25,0,0,0,0,0,0,0,0
254,2017-04-17,09:02:14,0,OI709,XZCE,6368,6300,6380,84572,5360741600,297560,298778,6598,5966,6282,6306,0,6310,0,0,0,2017-04-17,32534000,6366,36,0,0,0,0,0,0,0,0,6368,62,0,0,0,0,0,0,0,0
255,2017-04-17,09:02:14,0,OI709,XZCE,6368,6300,6380,84574,5360868960,297558,298778,6598,5966,6282,6306,0,6310,0,0,0,2017-04-17,32534000,6366,36,0,0,0,0,0,0,0,0,6368,61,0,0,0,0,0,0,0,0
256,2017-04-17,09:02:15,0,OI709,XZCE,6368,6300,6380,84578,5361123680,297554,298778,6598,5966,6282,6306,0,6310,0,0,0,2017-04-17,32535000,6366,36,0,0,0,0,0,0,0,0,6368,60,0,0,0,0,0,0,0,0
257,2017-04-17,09:02:16,0,OI709,XZCE,6366,6300,6380,84580,5361251000,297554,298778,6598,5966,6282,6306,0,6310,0,0,0,2017-04-17,32536000,6366,27,0,0,0,0,0,0,0,0,6368,61,0,0,0,0,0,0,0,0
258,2017-04-17,09:02:16,0,OI709,XZCE,6368,6300,6380,84582,5361378360,297554,298778,6598,5966,6282,6306,0,6310,0,0,0,2017-04-17,32536000,6366,26,0,0,0,0,0,0,0,0,6368,60,0,0,0,0,0,0,0,0
259,2017-04-17,09:02:17,0,OI709,XZCE,6368,6300,6380,84602,5362651960,297554,298778,6598,5966,6282,6306,0,6310,0,0,0,2017-04-17,32537000,6366,27,0,0,0,0,0,0,0,0,6368,50,0,0,0,0,0,0,0,0
260,2017-04-17,09:02:17,0,OI709,XZCE,6368,6300,6380,84624,5364052920,297552,298778,6598,5966,6282,6306,0,6310,0,0,0,2017-04-17,32537000,6366,25,0,0,0,0,0,0,0,0,6368,39,0,0,0,0,0,0,0,0
261,2017-04-17,09:02:18,0,OI709,XZCE,6366,6300,6380,84632,5364562200,297558,298778,6598,5966,6282,6306,0,6310,0,0,0,2017-04-17,32538000,6366,24,0,0,0,0,0,0,0,0,6368,39,0,0,0,0,0,0,0,0
262,2017-04-17,09:02:19,0,OI709,XZCE,6366,6300,6380,84632,5364562200,297558,298778,6598,5966,6282,6306,0,6310,0,0,0,2017-04-17,32539000,6366,30,0,0,0,0,0,0,0,0,6368,39,0,0,0,0,0,0,0,0
263,2017-04-17,09:02:19,0,OI709,XZCE,6368,6300,6380,84636,5364816920,297558,298778,6598,5966,6282,6306,0,6310,0,0,0,2017-04-17,32539000,6366,30,0,0,0,0,0,0,0,0,6368,37,0,0,0,0,0,0,0,0
264,2017-04-17,09:02:21,0,OI709,XZCE,6368,6300,6380,84638,5364944280,297556,298778,6598,5966,6282,6306,0,6310,0,0,0,2017-04-17,32541000,6366,30,0,0,0,0,0,0,0,0,6368,36,0,0,0,0,0,0,0,0
265,2017-04-17,09:02:21,0,OI709,XZCE,6368,6300,6380,84638,5364944280,297556,298778,6598,5966,6282,6306,0,6310,0,0,0,2017-04-17,32541000,6366,30,0,0,0,0,0,0,0,0,6368,37,0,0,0,0,0,0,0,0
266,2017-04-17,09:02:22,0,OI709,XZCE,6368,6300,6380,84674,5367236760,297542,298778,6598,5966,6282,6306,0,6310,0,0,0,2017-04-17,32542000,6366,13,0,0,0,0,0,0,0,0,6368,36,0,0,0,0,0,0,0,0
267,2017-04-17,09:02:22,0,OI709,XZCE,6366,6300,6380,84676,5367364080,297542,298778,6598,5966,6282,6306,0,6310,0,0,0,2017-04-17,32542000,6366,15,0,0,0,0,0,0,0,0,6368,37,0,0,0,0,0,0,0,0
268,2017-04-17,09:02:23,0,OI709,XZCE,6368,6300,6380,84696,5368637680,297562,298778,6598,5966,6282,6306,0,6310,0,0,0,2017-04-17,32543000,6366,15,0,0,0,0,0,0,0,0,6368,37,0,0,0,0,0,0,0,0
269,2017-04-17,09:02:23,0,OI709,XZCE,6368,6300,6380,84756,5372458480,297502,298778,6598,5966,6282,6306,0,6310,0,0,0,2017-04-17,32543000,6366,24,0,0,0,0,0,0,0,0,6368,7,0,0,0,0,0,0,0,0
270,2017-04-17,09:02:24,0,OI709,XZCE,6366,6300,6380,84758,5372585800,297502,298778,6598,5966,6282,6306,0,6310,0,0,0,2017-04-17,32544000,6366,23,0,0,0,0,0,0,0,0,6368,12,0,0,0,0,0,0,0,0
271,2017-04-17,09:02:24,0,OI709,XZCE,6368,6300,6380,84820,5376533960,297504,298778,6598,5966,6282,6306,0,6310,0,0,0,2017-04-17,32544000,6368,10,0,0,0,0,0,0,0,0,6370,34,0,0,0,0,0,0,0,0
272,2017-04-17,09:02:25,0,OI709,XZCE,6368,6300,6380,84828,5377043400,297496,298778,6598,5966,6282,6306,0,6310,0,0,0,2017-04-17,32545000,6368,32,0,0,0,0,0,0,0,0,6370,16,0,0,0,0,0,0,0,0
273,2017-04-17,09:02:26,0,OI709,XZCE,6368,6300,6380,84838,5377680200,297488,298778,6598,5966,6282,6306,0,6310,0,0,0,2017-04-17,32546000,6368,34,0,0,0,0,0,0,0,0,6370,16,0,0,0,0,0,0,0,0
274,2017-04-17,09:02:26,0,OI709,XZCE,6368,6300,6380,84860,5379081160,297482,298778,6598,5966,6282,6306,0,6310,0,0,0,2017-04-17,32546000,6368,26,0,0,0,0,0,0,0,0,6370,13,0,0,0,0,0,0,0,0
275,2017-04-17,09:02:27,0,OI709,XZCE,6370,6300,6380,84862,5379208560,297482,298778,6598,5966,6282,6306,0,6310,0,0,0,2017-04-17,32547000,6368,26,0,0,0,0,0,0,0,0,6370,37,0,0,0,0,0,0,0,0
276,2017-04-17,09:02:27,0,OI709,XZCE,6370,6300,6380,84864,5379335960,297482,298778,6598,5966,6282,6306,0,6310,0,0,0,2017-04-17,32547000,6368,26,0,0,0,0,0,0,0,0,6370,35,0,0,0,0,0,0,0,0
277,2017-04-17,09:02:27,0,OI709,XZCE,6368,6300,6380,84866,5379463320,297482,298778,6598,5966,6282,6306,0,6310,0,0,0,2017-04-17,32547000,6368,25,0,0,0,0,0,0,0,0,6370,35,0,0,0,0,0,0,0,0
278,2017-04-17,09:02:28,0,OI709,XZCE,6368,6300,6380,84868,5379590680,297484,298778,6598,5966,6282,6306,0,6310,0,0,0,2017-04-17,32548000,6368,24,0,0,0,0,0,0,0,0,6370,35,0,0,0,0,0,0,0,0
279,2017-04-17,09:02:29,0,OI709,XZCE,6368,6300,6380,84952,5384939800,297436,298778,6598,5966,6282,6306,0,6310,0,0,0,2017-04-17,32549000,6368,9,0,0,0,0,0,0,0,0,6370,22,0,0,0,0,0,0,0,0
280,2017-04-17,09:02:29,0,OI709,XZCE,6368,6300,6380,84952,5384939800,297436,298778,6598,5966,6282,6306,0,6310,0,0,0,2017-04-17,32549000,6368,9,0,0,0,0,0,0,0,0,6370,23,0,0,0,0,0,0,0,0
281,2017-04-17,09:02:30,0,OI709,XZCE,6370,6300,6380,84954,5385067200,297434,298778,6598,5966,6282,6306,0,6310,0,0,0,2017-04-17,32550000,6368,9,0,0,0,0,0,0,0,0,6370,22,0,0,0,0,0,0,0,0
282,2017-04-17,09:02:31,0,OI709,XZCE,6368,6300,6380,84986,5387104960,297414,298778,6598,5966,6282,6306,0,6310,0,0,0,2017-04-17,32551000,6366,16,0,0,0,0,0,0,0,0,6368,147,0,0,0,0,0,0,0,0
283,2017-04-17,09:02:31,0,OI709,XZCE,6368,6300,6380,84986,5387104960,297414,298778,6598,5966,6282,6306,0,6310,0,0,0,2017-04-17,32551000,6366,86,0,0,0,0,0,0,0,0,6368,147,0,0,0,0,0,0,0,0
284,2017-04-17,09:02:31,0,OI709,XZCE,6368,6300,6380,85008,5388505920,297394,298778,6598,5966,6282,6306,0,6310,0,0,0,2017-04-17,32551000,6366,88,0,0,0,0,0,0,0,0,6368,136,0,0,0,0,0,0,0,0
285,2017-04-17,09:02:32,0,OI709,XZCE,6368,6300,6380,85012,5388760640,297390,298778,6598,5966,6282,6306,0,6310,0,0,0,2017-04-17,32552000,6366,88,0,0,0,0,0,0,0,0,6368,137,0,0,0,0,0,0,0,0
286,2017-04-17,09:02:32,0,OI709,XZCE,6368,6300,6380,85012,5388760640,297390,298778,6598,5966,6282,6306,0,6310,0,0,0,2017-04-17,32552000,6366,98,0,0,0,0,0,0,0,0,6368,137,0,0,0,0,0,0,0,0
287,2017-04-17,09:02:33,0,OI709,XZCE,6366,6300,6380,85020,5389269920,297398,298778,6598,5966,6282,6306,0,6310,0,0,0,2017-04-17,32553000,6366,112,0,0,0,0,0,0,0,0,6368,137,0,0,0,0,0,0,0,0
288,2017-04-17,09:02:33,0,OI709,XZCE,6366,6300,6380,85020,5389269920,297398,298778,6598,5966,6282,6306,0,6310,0,0,0,2017-04-17,32553000,6366,26,0,0,0,0,0,0,0,0,6368,137,0,0,0,0,0,0,0,0
289,2017-04-17,09:02:34,0,OI709,XZCE,6366,6300,6380,85040,5390543120,297406,298778,6598,5966,6282,6306,0,6310,0,0,0,2017-04-17,32554000,6366,17,0,0,0,0,0,0,0,0,6368,137,0,0,0,0,0,0,0,0
290,2017-04-17,09:02:35,0,OI709,XZCE,6368,6300,6380,85058,5391689360,297388,298778,6598,5966,6282,6306,0,6310,0,0,0,2017-04-17,32555000,6366,16,0,0,0,0,0,0,0,0,6368,129,0,0,0,0,0,0,0,0
291,2017-04-17,09:02:35,0,OI709,XZCE,6368,6300,6380,85076,5392835600,297374,298778,6598,5966,6282,6306,0,6310,0,0,0,2017-04-17,32555000,6366,27,0,0,0,0,0,0,0,0,6368,122,0,0,0,0,0,0,0,0
292,2017-04-17,09:02:36,0,OI709,XZCE,6368,6300,6380,85082,5393217680,297372,298778,6598,5966,6282,6306,0,6310,0,0,0,2017-04-17,32556000,6366,97,0,0,0,0,0,0,0,0,6368,120,0,0,0,0,0,0,0,0
293,2017-04-17,09:02:36,0,OI709,XZCE,6368,6300,6380,85322,5408500880,297188,298778,6598,5966,6282,6306,0,6310,0,0,0,2017-04-17,32556000,6368,41,0,0,0,0,0,0,0,0,6370,24,0,0,0,0,0,0,0,0
294,2017-04-17,09:02:37,0,OI709,XZCE,6368,6300,6380,85322,5408500880,297188,298778,6598,5966,6282,6306,0,6310,0,0,0,2017-04-17,32557000,6368,63,0,0,0,0,0,0,0,0,6370,23,0,0,0,0,0,0,0,0
295,2017-04-17,09:02:38,0,OI709,XZCE,6368,6300,6380,85324,5408628240,297190,298778,6598,5966,6282,6306,0,6310,0,0,0,2017-04-17,32558000,6368,62,0,0,0,0,0,0,0,0,6370,23,0,0,0,0,0,0,0,0
296,2017-04-17,09:02:38,0,OI709,XZCE,6370,6300,6380,85370,5411558440,297174,298778,6598,5966,6282,6306,0,6310,0,0,0,2017-04-17,32558000,6370,57,0,0,0,0,0,0,0,0,6372,38,0,0,0,0,0,0,0,0
297,2017-04-17,09:02:39,0,OI709,XZCE,6370,6300,6380,85378,5412068040,297166,298778,6598,5966,6282,6306,0,6310,0,0,0,2017-04-17,32559000,6370,54,0,0,0,0,0,0,0,0,6372,38,0,0,0,0,0,0,0,0
298,2017-04-17,09:02:40,0,OI709,XZCE,6370,6300,6380,85412,5414233840,297160,298778,6598,5966,6282,6306,0,6310,0,0,0,2017-04-17,32560000,6368,49,0,0,0,0,0,0,0,0,6370,4,0,0,0,0,0,0,0,0
299,2017-04-17,09:02:40,0,OI709,XZCE,6370,6300,6380,85424,5414998240,297158,298778,6598,5966,6282,6306,0,6310,0,0,0,2017-04-17,32560000,6370,48,0,0,0,0,0,0,0,0,6372,32,0,0,0,0,0,0,0,0
300,2017-04-17,09:02:41,0,OI709,XZCE,6370,6300,6380,85438,5415890040,297154,298778,6598,5966,6282,6306,0,6310,0,0,0,2017-04-17,32561000,6370,5,0,0,0,0,0,0,0,0,6372,32,0,0,0,0,0,0,0,0
301,2017-04-17,09:02:42,0,OI709,XZCE,6370,6300,6380,85448,5416527040,297152,298778,6598,5966,6282,6306,0,6310,0,0,0,2017-04-17,32562000,6368,54,0,0,0,0,0,0,0,0,6370,7,0,0,0,0,0,0,0,0
302,2017-04-17,09:02:42,0,OI709,XZCE,6370,6300,6380,85450,5416654440,297152,298778,6598,5966,6282,6306,0,6310,0,0,0,2017-04-17,32562000,6368,52,0,0,0,0,0,0,0,0,6370,6,0,0,0,0,0,0,0,0
303,2017-04-17,09:02:43,0,OI709,XZCE,6370,6300,6380,85456,5417036640,297156,298778,6598,5966,6282,6306,0,6310,0,0,0,2017-04-17,32563000,6370,24,0,0,0,0,0,0,0,0,6372,36,0,0,0,0,0,0,0,0
304,2017-04-17,09:02:43,0,OI709,XZCE,6370,6300,6380,85456,5417036640,297156,298778,6598,5966,6282,6306,0,6310,0,0,0,2017-04-17,32563000,6370,26,0,0,0,0,0,0,0,0,6372,35,0,0,0,0,0,0,0,0
305,2017-04-17,09:02:44,0,OI709,XZCE,6370,6300,6380,85458,5417164040,297156,298778,6598,5966,6282,6306,0,6310,0,0,0,2017-04-17,32564000,6370,5,0,0,0,0,0,0,0,0,6372,35,0,0,0,0,0,0,0,0
306,2017-04-17,09:02:45,0,OI709,XZCE,6372,6300,6380,85472,5418056120,297148,298778,6598,5966,6282,6306,0,6310,0,0,0,2017-04-17,32565000,6370,7,0,0,0,0,0,0,0,0,6372,28,0,0,0,0,0,0,0,0
307,2017-04-17,09:02:46,0,OI709,XZCE,6370,6300,6380,85476,5418310920,297148,298778,6598,5966,6282,6306,0,6310,0,0,0,2017-04-17,32566000,6370,8,0,0,0,0,0,0,0,0,6372,28,0,0,0,0,0,0,0,0
308,2017-04-17,09:02:47,0,OI709,XZCE,6372,6300,6380,85492,5419330440,297140,298778,6598,5966,6282,6306,0,6310,0,0,0,2017-04-17,32567000,6370,9,0,0,0,0,0,0,0,0,6372,23,0,0,0,0,0,0,0,0
309,2017-04-17,09:02:47,0,OI709,XZCE,6370,6300,6380,85494,5419457840,297142,298778,6598,5966,6282,6306,0,6310,0,0,0,2017-04-17,32567000,6370,14,0,0,0,0,0,0,0,0,6372,29,0,0,0,0,0,0,0,0
310,2017-04-17,09:02:47,0,OI709,XZCE,6370,6300,6380,85494,5419457840,297142,298778,6598,5966,6282,6306,0,6310,0,0,0,2017-04-17,32567000,6370,14,0,0,0,0,0,0,0,0,6372,33,0,0,0,0,0,0,0,0
311,2017-04-17,09:02:48,0,OI709,XZCE,6370,6300,6380,85496,5419585240,297144,298778,6598,5966,6282,6306,0,6310,0,0,0,2017-04-17,32568000,6370,13,0,0,0,0,0,0,0,0,6372,38,0,0,0,0,0,0,0,0
312,2017-04-17,09:02:48,0,OI709,XZCE,6370,6300,6380,85502,5419967440,297144,298778,6598,5966,6282,6306,0,6310,0,0,0,2017-04-17,32568000,6370,11,0,0,0,0,0,0,0,0,6372,37,0,0,0,0,0,0,0,0
313,2017-04-17,09:02:49,0,OI709,XZCE,6370,6300,6380,85502,5419967440,297144,298778,6598,5966,6282,6306,0,6310,0,0,0,2017-04-17,32569000,6370,9,0,0,0,0,0,0,0,0,6372,38,0,0,0,0,0,0,0,0
314,2017-04-17,09:02:49,0,OI709,XZCE,6372,6300,6380,85534,5422006480,297120,298778,6598,5966,6282,6306,0,6310,0,0,0,2017-04-17,32569000,6370,16,0,0,0,0,0,0,0,0,6372,23,0,0,0,0,0,0,0,0
315,2017-04-17,09:02:50,0,OI709,XZCE,6370,6300,6380,85550,5423025680,297108,298778,6598,5966,6282,6306,0,6310,0,0,0,2017-04-17,32570000,6370,15,0,0,0,0,0,0,0,0,6372,25,0,0,0,0,0,0,0,0
316,2017-04-17,09:02:50,0,OI709,XZCE,6372,6300,6380,85556,5423408000,297108,298778,6598,5966,6282,6306,0,6310,0,0,0,2017-04-17,32570000,6370,17,0,0,0,0,0,0,0,0,6372,22,0,0,0,0,0,0,0,0
317,2017-04-17,09:02:51,0,OI709,XZCE,6372,6300,6380,85556,5423408000,297108,298778,6598,5966,6282,6306,0,6310,0,0,0,2017-04-17,32571000,6370,18,0,0,0,0,0,0,0,0,6372,27,0,0,0,0,0,0,0,0
318,2017-04-17,09:02:52,0,OI709,XZCE,6372,6300,6380,85558,5423535440,297108,298778,6598,5966,6282,6306,0,6310,0,0,0,2017-04-17,32572000,6370,19,0,0,0,0,0,0,0,0,6372,26,0,0,0,0,0,0,0,0
319,2017-04-17,09:02:52,0,OI709,XZCE,6372,6300,6380,85568,5424172640,297112,298778,6598,5966,6282,6306,0,6310,0,0,0,2017-04-17,32572000,6370,19,0,0,0,0,0,0,0,0,6372,26,0,0,0,0,0,0,0,0
320,2017-04-17,09:02:52,0,OI709,XZCE,6372,6300,6380,85618,5427358640,297084,298778,6598,5966,6282,6306,0,6310,0,0,0,2017-04-17,32572000,6372,18,0,0,0,0,0,0,0,0,6374,21,0,0,0,0,0,0,0,0
321,2017-04-17,09:02:53,0,OI709,XZCE,6372,6300,6380,85622,5427613520,297084,298778,6598,5966,6282,6306,0,6310,0,0,0,2017-04-17,32573000,6372,17,0,0,0,0,0,0,0,0,6374,21,0,0,0,0,0,0,0,0
322,2017-04-17,09:02:54,0,OI709,XZCE,6374,6300,6380,85630,5428123440,297088,298778,6598,5966,6282,6306,0,6310,0,0,0,2017-04-17,32574000,6372,7,0,0,0,0,0,0,0,0,6374,22,0,0,0,0,0,0,0,0
323,2017-04-17,09:02:54,0,OI709,XZCE,6372,6300,6380,85632,5428250880,297088,298778,6598,5966,6282,6306,0,6310,0,0,0,2017-04-17,32574000,6372,6,0,0,0,0,0,0,0,0,6374,22,0,0,0,0,0,0,0,0
324,2017-04-17,09:02:55,0,OI709,XZCE,6372,6300,6380,85654,5429652720,297094,298778,6598,5966,6282,6306,0,6310,0,0,0,2017-04-17,32575000,6370,40,0,0,0,0,0,0,0,0,6372,10,0,0,0,0,0,0,0,0
325,2017-04-17,09:02:56,0,OI709,XZCE,6372,6300,6380,85656,5429780160,297094,298778,6598,5966,6282,6306,0,6310,0,0,0,2017-04-17,32576000,6370,40,0,0,0,0,0,0,0,0,6372,9,0,0,0,0,0,0,0,0
326,2017-04-17,09:02:57,0,OI709,XZCE,6372,6300,6380,85662,5430162480,297092,298778,6598,5966,6282,6306,0,6310,0,0,0,2017-04-17,32577000,6370,36,0,0,0,0,0,0,0,0,6372,8,0,0,0,0,0,0,0,0
327,2017-04-17,09:02:58,0,OI709,XZCE,6372,6300,6380,85662,5430162480,297092,298778,6598,5966,6282,6306,0,6310,0,0,0,2017-04-17,32578000,6370,24,0,0,0,0,0,0,0,0,6372,13,0,0,0,0,0,0,0,0
328,2017-04-17,09:02:59,0,OI709,XZCE,6370,6300,6380,85664,5430289880,297092,298778,6598,5966,6282,6306,0,6310,0,0,0,2017-04-17,32579000,6370,20,0,0,0,0,0,0,0,0,6372,14,0,0,0,0,0,0,0,0
329,2017-04-17,09:02:59,0,OI709,XZCE,6372,6300,6380,85692,5432074040,297096,298778,6598,5966,6282,6306,0,6310,0,0,0,2017-04-17,32579000,6372,11,0,0,0,0,0,0,0,0,6374,24,0,0,0,0,0,0,0,0
330,2017-04-17,09:03:00,0,OI709,XZCE,6372,6300,6380,85692,5432074040,297096,298778,6598,5966,6282,6306,0,6310,0,0,0,2017-04-17,32580000,6372,13,0,0,0,0,0,0,0,0,6374,24,0,0,0,0,0,0,0,0
331,2017-04-17,09:03:00,0,OI709,XZCE,6372,6300,6380,85692,5432074040,297096,298778,6598,5966,6282,6306,0,6310,0,0,0,2017-04-17,32580000,6372,14,0,0,0,0,0,0,0,0,6374,24,0,0,0,0,0,0,0,0
332,2017-04-17,09:03:01,0,OI709,XZCE,6374,6300,6380,85706,5432966400,297098,298778,6598,5966,6282,6306,0,6310,0,0,0,2017-04-17,32581000,6372,13,0,0,0,0,0,0,0,0,6374,19,0,0,0,0,0,0,0,0
333,2017-04-17,09:03:02,0,OI709,XZCE,6374,6300,6380,85710,5433221360,297096,298778,6598,5966,6282,6306,0,6310,0,0,0,2017-04-17,32582000,6372,17,0,0,0,0,0,0,0,0,6374,17,0,0,0,0,0,0,0,0
334,2017-04-17,09:03:03,0,OI709,XZCE,6372,6300,6380,85712,5433348800,297096,298778,6598,5966,6282,6306,0,6310,0,0,0,2017-04-17,32583000,6372,16,0,0,0,0,0,0,0,0,6374,17,0,0,0,0,0,0,0,0
335,2017-04-17,09:03:03,0,OI709,XZCE,6372,6300,6380,85712,5433348800,297096,298778,6598,5966,6282,6306,0,6310,0,0,0,2017-04-17,32583000,6372,17,0,0,0,0,0,0,0,0,6374,17,0,0,0,0,0,0,0,0
336,2017-04-17,09:03:04,0,OI709,XZCE,6372,6300,6380,85716,5433603680,297096,298778,6598,5966,6282,6306,0,6310,0,0,0,2017-04-17,32584000,6372,15,0,0,0,0,0,0,0,0,6374,17,0,0,0,0,0,0,0,0
337,2017-04-17,09:03:05,0,OI709,XZCE,6372,6300,6380,85718,5433731120,297096,298778,6598,5966,6282,6306,0,6310,0,0,0,2017-04-17,32585000,6372,15,0,0,0,0,0,0,0,0,6374,17,0,0,0,0,0,0,0,0
338,2017-04-17,09:03:05,0,OI709,XZCE,6374,6300,6380,85722,5433986080,297098,298778,6598,5966,6282,6306,0,6310,0,0,0,2017-04-17,32585000,6372,15,0,0,0,0,0,0,0,0,6374,23,0,0,0,0,0,0,0,0
339,2017-04-17,09:03:06,0,OI709,XZCE,6374,6300,6380,85734,5434750960,297106,298778,6598,5966,6282,6306,0,6310,0,0,0,2017-04-17,32586000,6372,14,0,0,0,0,0,0,0,0,6374,38,0,0,0,0,0,0,0,0
340,2017-04-17,09:03:07,0,OI709,XZCE,6372,6300,6380,85736,5434878400,297104,298778,6598,5966,6282,6306,0,6310,0,0,0,2017-04-17,32587000,6372,13,0,0,0,0,0,0,0,0,6374,38,0,0,0,0,0,0,0,0
341,2017-04-17,09:03:08,0,OI709,XZCE,6372,6300,6380,85740,5435133280,297100,298778,6598,5966,6282,6306,0,6310,0,0,0,2017-04-17,32588000,6372,11,0,0,0,0,0,0,0,0,6374,38,0,0,0,0,0,0,0,0
342,2017-04-17,09:03:08,0,OI709,XZCE,6372,6300,6380,85758,5436280240,297098,298778,6598,5966,6282,6306,0,6310,0,0,0,2017-04-17,32588000,6372,2,0,0,0,0,0,0,0,0,6374,39,0,0,0,0,0,0,0,0
343,2017-04-17,09:03:09,0,OI709,XZCE,6370,6300,6380,85806,5439337840,297100,298778,6598,5966,6282,6306,0,6310,0,0,0,2017-04-17,32589000,6370,16,0,0,0,0,0,0,0,0,6372,12,0,0,0,0,0,0,0,0
344,2017-04-17,09:03:10,0,OI709,XZCE,6370,6300,6380,85808,5439465240,297100,298778,6598,5966,6282,6306,0,6310,0,0,0,2017-04-17,32590000,6370,20,0,0,0,0,0,0,0,0,6372,14,0,0,0,0,0,0,0,0
345,2017-04-17,09:03:10,0,OI709,XZCE,6370,6300,6380,85808,5439465240,297100,298778,6598,5966,6282,6306,0,6310,0,0,0,2017-04-17,32590000,6370,22,0,0,0,0,0,0,0,0,6372,114,0,0,0,0,0,0,0,0
346,2017-04-17,09:03:10,0,OI709,XZCE,6370,6300,6380,85808,5439465240,297100,298778,6598,5966,6282,6306,0,6310,0,0,0,2017-04-17,32590000,6370,38,0,0,0,0,0,0,0,0,6372,114,0,0,0,0,0,0,0,0
347,2017-04-17,09:03:11,0,OI709,XZCE,6370,6300,6380,85808,5439465240,297100,298778,6598,5966,6282,6306,0,6310,0,0,0,2017-04-17,32591000,6370,40,0,0,0,0,0,0,0,0,6372,114,0,0,0,0,0,0,0,0
348,2017-04-17,09:03:13,0,OI709,XZCE,6372,6300,6380,85936,5447621400,297102,298778,6598,5966,6282,6306,0,6310,0,0,0,2017-04-17,32593000,6370,29,0,0,0,0,0,0,0,0,6372,62,0,0,0,0,0,0,0,0
349,2017-04-17,09:03:13,0,OI709,XZCE,6372,6300,6380,85936,5447621400,297102,298778,6598,5966,6282,6306,0,6310,0,0,0,2017-04-17,32593000,6370,44,0,0,0,0,0,0,0,0,6372,62,0,0,0,0,0,0,0,0
350,2017-04-17,09:03:14,0,OI709,XZCE,6370,6300,6380,86026,5453354400,297066,298778,6598,5966,6282,6306,0,6310,0,0,0,2017-04-17,32594000,6368,89,0,0,0,0,0,0,0,0,6370,58,0,0,0,0,0,0,0,0
351,2017-04-17,09:03:15,0,OI709,XZCE,6370,6300,6380,86026,5453354400,297066,298778,6598,5966,6282,6306,0,6310,0,0,0,2017-04-17,32595000,6368,89,0,0,0,0,0,0,0,0,6370,59,0,0,0,0,0,0,0,0
352,2017-04-17,09:03:15,0,OI709,XZCE,6370,6300,6380,86026,5453354400,297066,298778,6598,5966,6282,6306,0,6310,0,0,0,2017-04-17,32595000,6368,108,0,0,0,0,0,0,0,0,6370,63,0,0,0,0,0,0,0,0
353,2017-04-17,09:03:16,0,OI709,XZCE,6370,6300,6380,86028,5453481800,297066,298778,6598,5966,6282,6306,0,6310,0,0,0,2017-04-17,32596000,6368,108,0,0,0,0,0,0,0,0,6370,62,0,0,0,0,0,0,0,0
354,2017-04-17,09:03:17,0,OI709,XZCE,6368,6300,6380,86030,5453609160,297068,298778,6598,5966,6282,6306,0,6310,0,0,0,2017-04-17,32597000,6368,106,0,0,0,0,0,0,0,0,6370,62,0,0,0,0,0,0,0,0
355,2017-04-17,09:03:18,0,OI709,XZCE,6370,6300,6380,86032,5453736560,297066,298778,6598,5966,6282,6306,0,6310,0,0,0,2017-04-17,32598000,6368,105,0,0,0,0,0,0,0,0,6370,61,0,0,0,0,0,0,0,0
356,2017-04-17,09:03:18,0,OI709,XZCE,6370,6300,6380,86032,5453736560,297066,298778,6598,5966,6282,6306,0,6310,0,0,0,2017-04-17,32598000,6368,108,0,0,0,0,0,0,0,0,6370,61,0,0,0,0,0,0,0,0
357,2017-04-17,09:03:20,0,OI709,XZCE,6370,6300,6380,86034,5453863960,297066,298778,6598,5966,6282,6306,0,6310,0,0,0,2017-04-17,32600000,6368,106,0,0,0,0,0,0,0,0,6370,60,0,0,0,0,0,0,0,0
358,2017-04-17,09:03:21,0,OI709,XZCE,6368,6300,6380,86056,5455264920,297088,298778,6598,5966,6282,6306,0,6310,0,0,0,2017-04-17,32601000,6368,95,0,0,0,0,0,0,0,0,6370,60,0,0,0,0,0,0,0,0
359,2017-04-17,09:03:21,0,OI709,XZCE,6368,6300,6380,86056,5455264920,297088,298778,6598,5966,6282,6306,0,6310,0,0,0,2017-04-17,32601000,6368,95,0,0,0,0,0,0,0,0,6370,61,0,0,0,0,0,0,0,0
360,2017-04-17,09:03:21,0,OI709,XZCE,6368,6300,6380,86056,5455264920,297088,298778,6598,5966,6282,6306,0,6310,0,0,0,2017-04-17,32601000,6368,95,0,0,0,0,0,0,0,0,6370,62,0,0,0,0,0,0,0,0
361,2017-04-17,09:03:22,0,OI709,XZCE,6368,6300,6380,86056,5455264920,297088,298778,6598,5966,6282,6306,0,6310,0,0,0,2017-04-17,32602000,6368,95,0,0,0,0,0,0,0,0,6370,63,0,0,0,0,0,0,0,0
362,2017-04-17,09:03:23,0,OI709,XZCE,6368,6300,6380,86066,5455901720,297088,298778,6598,5966,6282,6306,0,6310,0,0,0,2017-04-17,32603000,6368,90,0,0,0,0,0,0,0,0,6370,63,0,0,0,0,0,0,0,0
363,2017-04-17,09:03:23,0,OI709,XZCE,6368,6300,6380,86068,5456029080,297088,298778,6598,5966,6282,6306,0,6310,0,0,0,2017-04-17,32603000,6368,89,0,0,0,0,0,0,0,0,6370,64,0,0,0,0,0,0,0,0
364,2017-04-17,09:03:24,0,OI709,XZCE,6368,6300,6380,86076,5456538520,297090,298778,6598,5966,6282,6306,0,6310,0,0,0,2017-04-17,32604000,6368,87,0,0,0,0,0,0,0,0,6370,64,0,0,0,0,0,0,0,0
365,2017-04-17,09:03:24,0,OI709,XZCE,6368,6300,6380,86076,5456538520,297090,298778,6598,5966,6282,6306,0,6310,0,0,0,2017-04-17,32604000,6368,87,0,0,0,0,0,0,0,0,6370,84,0,0,0,0,0,0,0,0
366,2017-04-17,09:03:25,0,OI709,XZCE,6368,6300,6380,86078,5456665880,297090,298778,6598,5966,6282,6306,0,6310,0,0,0,2017-04-17,32605000,6368,82,0,0,0,0,0,0,0,0,6370,84,0,0,0,0,0,0,0,0
367,2017-04-17,09:03:25,0,OI709,XZCE,6370,6300,6380,86080,5456793280,297088,298778,6598,5966,6282,6306,0,6310,0,0,0,2017-04-17,32605000,6368,82,0,0,0,0,0,0,0,0,6370,83,0,0,0,0,0,0,0,0
368,2017-04-17,09:03:26,0,OI709,XZCE,6370,6300,6380,86080,5456793280,297088,298778,6598,5966,6282,6306,0,6310,0,0,0,2017-04-17,32606000,6368,82,0,0,0,0,0,0,0,0,6370,84,0,0,0,0,0,0,0,0
369,2017-04-17,09:03:26,0,OI709,XZCE,6370,6300,6380,86102,5458194680,297088,298778,6598,5966,6282,6306,0,6310,0,0,0,2017-04-17,32606000,6368,83,0,0,0,0,0,0,0,0,6370,73,0,0,0,0,0,0,0,0
370,2017-04-17,09:03:27,0,OI709,XZCE,6370,6300,6380,86106,5458449480,297088,298778,6598,5966,6282,6306,0,6310,0,0,0,2017-04-17,32607000,6368,87,0,0,0,0,0,0,0,0,6370,71,0,0,0,0,0,0,0,0
371,2017-04-17,09:03:28,0,OI709,XZCE,6368,6300,6380,86192,5463925960,297112,298778,6598,5966,6282,6306,0,6310,0,0,0,2017-04-17,32608000,6368,39,0,0,0,0,0,0,0,0,6370,87,0,0,0,0,0,0,0,0
372,2017-04-17,09:03:28,0,OI709,XZCE,6368,6300,6380,86270,5468893000,297152,298778,6598,5966,6282,6306,0,6310,0,0,0,2017-04-17,32608000,6366,53,0,0,0,0,0,0,0,0,6368,97,0,0,0,0,0,0,0,0
373,2017-04-17,09:03:29,0,OI709,XZCE,6368,6300,6380,86274,5469147720,297154,298778,6598,5966,6282,6306,0,6310,0,0,0,2017-04-17,32609000,6366,52,0,0,0,0,0,0,0,0,6368,96,0,0,0,0,0,0,0,0
374,2017-04-17,09:03:29,0,OI709,XZCE,6368,6300,6380,86278,5469402440,297158,298778,6598,5966,6282,6306,0,6310,0,0,0,2017-04-17,32609000,6366,52,0,0,0,0,0,0,0,0,6368,98,0,0,0,0,0,0,0,0
375,2017-04-17,09:03:31,0,OI709,XZCE,6366,6300,6380,86282,5469657080,297156,298778,6598,5966,6282,6306,0,6310,0,0,0,2017-04-17,32611000,6366,50,0,0,0,0,0,0,0,0,6368,98,0,0,0,0,0,0,0,0
376,2017-04-17,09:03:31,0,OI709,XZCE,6366,6300,6380,86560,5487354560,297128,298778,6598,5966,6282,6306,0,6310,0,0,0,2017-04-17,32611000,6364,37,0,0,0,0,0,0,0,0,6366,22,0,0,0,0,0,0,0,0
377,2017-04-17,09:03:32,0,OI709,XZCE,6364,6300,6380,86574,5488245520,297118,298778,6598,5966,6282,6306,0,6310,0,0,0,2017-04-17,32612000,6364,35,0,0,0,0,0,0,0,0,6366,19,0,0,0,0,0,0,0,0
378,2017-04-17,09:03:32,0,OI709,XZCE,6366,6300,6380,86576,5488372840,297120,298778,6598,5966,6282,6306,0,6310,0,0,0,2017-04-17,32612000,6364,35,0,0,0,0,0,0,0,0,6366,22,0,0,0,0,0,0,0,0
379,2017-04-17,09:03:33,0,OI709,XZCE,6364,6300,6380,86578,5488500120,297120,298778,6598,5966,6282,6306,0,6310,0,0,0,2017-04-17,32613000,6364,34,0,0,0,0,0,0,0,0,6366,22,0,0,0,0,0,0,0,0
380,2017-04-17,09:03:35,0,OI709,XZCE,6364,6300,6380,86588,5489136520,297118,298778,6598,5966,6282,6306,0,6310,0,0,0,2017-04-17,32615000,6364,37,0,0,0,0,0,0,0,0,6366,20,0,0,0,0,0,0,0,0
381,2017-04-17,09:03:36,0,OI709,XZCE,6364,6300,6380,86592,5489391080,297116,298778,6598,5966,6282,6306,0,6310,0,0,0,2017-04-17,32616000,6364,40,0,0,0,0,0,0,0,0,6366,19,0,0,0,0,0,0,0,0
382,2017-04-17,09:03:36,0,OI709,XZCE,6364,6300,6380,86594,5489518360,297116,298778,6598,5966,6282,6306,0,6310,0,0,0,2017-04-17,32616000,6364,40,0,0,0,0,0,0,0,0,6366,19,0,0,0,0,0,0,0,0
383,2017-04-17,09:03:37,0,OI709,XZCE,6364,6300,6380,86596,5489645640,297114,298778,6598,5966,6282,6306,0,6310,0,0,0,2017-04-17,32617000,6364,34,0,0,0,0,0,0,0,0,6366,29,0,0,0,0,0,0,0,0
384,2017-04-17,09:03:37,0,OI709,XZCE,6366,6300,6380,86626,5491555440,297126,298778,6598,5966,6282,6306,0,6310,0,0,0,2017-04-17,32617000,6364,34,0,0,0,0,0,0,0,0,6366,18,0,0,0,0,0,0,0,0
385,2017-04-17,09:03:38,0,OI709,XZCE,6366,6300,6380,86628,5491682760,297126,298778,6598,5966,6282,6306,0,6310,0,0,0,2017-04-17,32618000,6364,34,0,0,0,0,0,0,0,0,6366,17,0,0,0,0,0,0,0,0
386,2017-04-17,09:03:38,0,OI709,XZCE,6364,6300,6380,86634,5492064600,297126,298778,6598,5966,6282,6306,0,6310,0,0,0,2017-04-17,32618000,6364,36,0,0,0,0,0,0,0,0,6366,19,0,0,0,0,0,0,0,0
387,2017-04-17,09:03:39,0,OI709,XZCE,6364,6300,6380,86638,5492319160,297126,298778,6598,5966,6282,6306,0,6310,0,0,0,2017-04-17,32619000,6364,34,0,0,0,0,0,0,0,0,6366,20,0,0,0,0,0,0,0,0
388,2017-04-17,09:03:39,0,OI709,XZCE,6366,6300,6380,86660,5493719680,297128,298778,6598,5966,6282,6306,0,6310,0,0,0,2017-04-17,32619000,6364,34,0,0,0,0,0,0,0,0,6366,17,0,0,0,0,0,0,0,0
389,2017-04-17,09:03:40,0,OI709,XZCE,6366,6300,6380,86660,5493719680,297128,298778,6598,5966,6282,6306,0,6310,0,0,0,2017-04-17,32620000,6364,34,0,0,0,0,0,0,0,0,6366,21,0,0,0,0,0,0,0,0
390,2017-04-17,09:03:40,0,OI709,XZCE,6362,6300,6380,86750,5499445480,297190,298778,6598,5966,6282,6306,0,6310,0,0,0,2017-04-17,32620000,6362,18,0,0,0,0,0,0,0,0,6364,20,0,0,0,0,0,0,0,0
391,2017-04-17,09:03:41,0,OI709,XZCE,6362,6300,6380,86786,5501735800,297202,298778,6598,5966,6282,6306,0,6310,0,0,0,2017-04-17,32621000,6360,26,0,0,0,0,0,0,0,0,6362,6,0,0,0,0,0,0,0,0
392,2017-04-17,09:03:41,0,OI709,XZCE,6360,6300,6380,86796,5502371800,297208,298778,6598,5966,6282,6306,0,6310,0,0,0,2017-04-17,32621000,6360,22,0,0,0,0,0,0,0,0,6362,12,0,0,0,0,0,0,0,0
393,2017-04-17,09:03:42,0,OI709,XZCE,6360,6300,6380,86808,5503135000,297206,298778,6598,5966,6282,6306,0,6310,0,0,0,2017-04-17,32622000,6360,18,0,0,0,0,0,0,0,0,6362,11,0,0,0,0,0,0,0,0
394,2017-04-17,09:03:42,0,OI709,XZCE,6360,6300,6380,86820,5503898200,297202,298778,6598,5966,6282,6306,0,6310,0,0,0,2017-04-17,32622000,6360,12,0,0,0,0,0,0,0,0,6362,15,0,0,0,0,0,0,0,0
395,2017-04-17,09:03:43,0,OI709,XZCE,6360,6300,6380,86822,5504025400,297202,298778,6598,5966,6282,6306,0,6310,0,0,0,2017-04-17,32623000,6360,13,0,0,0,0,0,0,0,0,6362,15,0,0,0,0,0,0,0,0
396,2017-04-17,09:03:43,0,OI709,XZCE,6360,6300,6380,86842,5505297400,297202,298778,6598,5966,6282,6306,0,6310,0,0,0,2017-04-17,32623000,6360,8,0,0,0,0,0,0,0,0,6362,20,0,0,0,0,0,0,0,0
397,2017-04-17,09:03:44,0,OI709,XZCE,6358,6300,6380,86864,5506696160,297202,298778,6598,5966,6282,6306,0,6310,0,0,0,2017-04-17,32624000,6358,32,0,0,0,0,0,0,0,0,6360,10,0,0,0,0,0,0,0,0
398,2017-04-17,09:03:44,0,OI709,XZCE,6358,6300,6380,86864,5506696160,297202,298778,6598,5966,6282,6306,0,6310,0,0,0,2017-04-17,32624000,6358,32,0,0,0,0,0,0,0,0,6360,13,0,0,0,0,0,0,0,0
399,2017-04-17,09:03:45,0,OI709,XZCE,6360,6300,6380,86874,5507332160,297198,298778,6598,5966,6282,6306,0,6310,0,0,0,2017-04-17,32625000,6358,31,0,0,0,0,0,0,0,0,6360,19,0,0,0,0,0,0,0,0
400,2017-04-17,09:03:45,0,OI709,XZCE,6360,6300,6380,86874,5507332160,297198,298778,6598,5966,6282,6306,0,6310,0,0,0,2017-04-17,32625000,6358,31,0,0,0,0,0,0,0,0,6360,29,0,0,0,0,0,0,0,0
401,2017-04-17,09:03:46,0,OI709,XZCE,6360,6300,6380,86876,5507459360,297198,298778,6598,5966,6282,6306,0,6310,0,0,0,2017-04-17,32626000,6358,29,0,0,0,0,0,0,0,0,6360,31,0,0,0,0,0,0,0,0
402,2017-04-17,09:03:46,0,OI709,XZCE,6358,6300,6380,86878,5507586520,297198,298778,6598,5966,6282,6306,0,6310,0,0,0,2017-04-17,32626000,6358,28,0,0,0,0,0,0,0,0,6360,31,0,0,0,0,0,0,0,0
403,2017-04-17,09:03:48,0,OI709,XZCE,6356,6300,6380,86940,5511527240,297210,298778,6598,5966,6282,6306,0,6310,0,0,0,2017-04-17,32628000,6356,40,0,0,0,0,0,0,0,0,6358,12,0,0,0,0,0,0,0,0
404,2017-04-17,09:03:48,0,OI709,XZCE,6356,6300,6380,86974,5513688280,297192,298778,6598,5966,6282,6306,0,6310,0,0,0,2017-04-17,32628000,6356,28,0,0,0,0,0,0,0,0,6358,18,0,0,0,0,0,0,0,0
405,2017-04-17,09:03:49,0,OI709,XZCE,6356,6300,6380,87010,5515976440,297204,298778,6598,5966,6282,6306,0,6310,0,0,0,2017-04-17,32629000,6356,11,0,0,0,0,0,0,0,0,6358,17,0,0,0,0,0,0,0,0
406,2017-04-17,09:03:49,0,OI709,XZCE,6356,6300,6380,87032,5517374760,297212,298778,6598,5966,6282,6306,0,6310,0,0,0,2017-04-17,32629000,6354,14,0,0,0,0,0,0,0,0,6356,33,0,0,0,0,0,0,0,0
407,2017-04-17,09:03:50,0,OI709,XZCE,6356,6300,6380,87038,5517756120,297212,298778,6598,5966,6282,6306,0,6310,0,0,0,2017-04-17,32630000,6354,20,0,0,0,0,0,0,0,0,6356,32,0,0,0,0,0,0,0,0
408,2017-04-17,09:03:50,0,OI709,XZCE,6356,6300,6380,87052,5518645960,297222,298778,6598,5966,6282,6306,0,6310,0,0,0,2017-04-17,32630000,6354,20,0,0,0,0,0,0,0,0,6356,25,0,0,0,0,0,0,0,0
409,2017-04-17,09:03:51,0,OI709,XZCE,6354,6300,6380,87064,5519408440,297230,298778,6598,5966,6282,6306,0,6310,0,0,0,2017-04-17,32631000,6354,14,0,0,0,0,0,0,0,0,6356,55,0,0,0,0,0,0,0,0
410,2017-04-17,09:03:51,0,OI709,XZCE,6354,6300,6380,87092,5521187560,297224,298778,6598,5966,6282,6306,0,6310,0,0,0,2017-04-17,32631000,6354,9,0,0,0,0,0,0,0,0,6356,55,0,0,0,0,0,0,0,0
411,2017-04-17,09:03:52,0,OI709,XZCE,6356,6300,6380,87096,5521441800,297220,298778,6598,5966,6282,6306,0,6310,0,0,0,2017-04-17,32632000,6354,13,0,0,0,0,0,0,0,0,6356,22,0,0,0,0,0,0,0,0
412,2017-04-17,09:03:52,0,OI709,XZCE,6354,6300,6380,87188,5527287480,297188,298778,6598,5966,6282,6306,0,6310,0,0,0,2017-04-17,32632000,6354,17,0,0,0,0,0,0,0,0,6356,16,0,0,0,0,0,0,0,0
413,2017-04-17,09:03:53,0,OI709,XZCE,6354,6300,6380,87204,5528304120,297192,298778,6598,5966,6282,6306,0,6310,0,0,0,2017-04-17,32633000,6354,17,0,0,0,0,0,0,0,0,6356,11,0,0,0,0,0,0,0,0
414,2017-04-17,09:03:53,0,OI709,XZCE,6354,6300,6380,87208,5528558280,297192,298778,6598,5966,6282,6306,0,6310,0,0,0,2017-04-17,32633000,6354,17,0,0,0,0,0,0,0,0,6356,11,0,0,0,0,0,0,0,0
415,2017-04-17,09:03:54,0,OI709,XZCE,6356,6300,6380,87222,5529448120,297184,298778,6598,5966,6282,6306,0,6310,0,0,0,2017-04-17,32634000,6354,17,0,0,0,0,0,0,0,0,6358,27,0,0,0,0,0,0,0,0
416,2017-04-17,09:03:54,0,OI709,XZCE,6356,6300,6380,87240,5530592200,297176,298778,6598,5966,6282,6306,0,6310,0,0,0,2017-04-17,32634000,6356,28,0,0,0,0,0,0,0,0,6358,27,0,0,0,0,0,0,0,0
417,2017-04-17,09:03:55,0,OI709,XZCE,6354,6300,6380,87382,5539614880,297130,298778,6598,5966,6282,6306,0,6310,0,0,0,2017-04-17,32635000,6354,15,0,0,0,0,0,0,0,0,6356,5,0,0,0,0,0,0,0,0
418,2017-04-17,09:03:55,0,OI709,XZCE,6356,6300,6380,87416,5541775920,297114,298778,6598,5966,6282,6306,0,6310,0,0,0,2017-04-17,32635000,6356,1,0,0,0,0,0,0,0,0,6358,25,0,0,0,0,0,0,0,0
419,2017-04-17,09:03:56,0,OI709,XZCE,6354,6300,6380,87422,5542157160,297110,298778,6598,5966,6282,6306,0,6310,0,0,0,2017-04-17,32636000,6354,11,0,0,0,0,0,0,0,0,6358,37,0,0,0,0,0,0,0,0
420,2017-04-17,09:03:56,0,OI709,XZCE,6356,6300,6380,87424,5542284280,297112,298778,6598,5966,6282,6306,0,6310,0,0,0,2017-04-17,32636000,6354,11,0,0,0,0,0,0,0,0,6356,28,0,0,0,0,0,0,0,0
421,2017-04-17,09:03:57,0,OI709,XZCE,6356,6300,6380,87428,5542538520,297110,298778,6598,5966,6282,6306,0,6310,0,0,0,2017-04-17,32637000,6354,14,0,0,0,0,0,0,0,0,6356,27,0,0,0,0,0,0,0,0
422,2017-04-17,09:03:57,0,OI709,XZCE,6354,6300,6380,87430,5542665600,297108,298778,6598,5966,6282,6306,0,6310,0,0,0,2017-04-17,32637000,6354,17,0,0,0,0,0,0,0,0,6356,22,0,0,0,0,0,0,0,0
423,2017-04-17,09:03:58,0,OI709,XZCE,6352,6300,6380,87460,5544571200,297124,298778,6598,5966,6282,6306,0,6310,0,0,0,2017-04-17,32638000,6352,23,0,0,0,0,0,0,0,0,6356,35,0,0,0,0,0,0,0,0
424,2017-04-17,09:03:58,0,OI709,XZCE,6352,6300,6380,87460,5544571200,297124,298778,6598,5966,6282,6306,0,6310,0,0,0,2017-04-17,32638000,6352,22,0,0,0,0,0,0,0,0,6356,35,0,0,0,0,0,0,0,0
425,2017-04-17,09:03:59,0,OI709,XZCE,6352,6300,6380,87504,5547366080,297116,298778,6598,5966,6282,6306,0,6310,0,0,0,2017-04-17,32639000,6350,66,0,0,0,0,0,0,0,0,6352,29,0,0,0,0,0,0,0,0
426,2017-04-17,09:03:59,0,OI709,XZCE,6352,6300,6380,87552,5550415040,297100,298778,6598,5966,6282,6306,0,6310,0,0,0,2017-04-17,32639000,6350,68,0,0,0,0,0,0,0,0,6352,5,0,0,0,0,0,0,0,0
427,2017-04-17,09:04:00,0,OI709,XZCE,6352,6300,6380,87562,5551050240,297092,298778,6598,5966,6282,6306,0,6310,0,0,0,2017-04-17,32640000,6352,27,0,0,0,0,0,0,0,0,6354,9,0,0,0,0,0,0,0,0
428,2017-04-17,09:04:00,0,OI709,XZCE,6354,6300,6380,87568,5551431480,297088,298778,6598,5966,6282,6306,0,6310,0,0,0,2017-04-17,32640000,6352,26,0,0,0,0,0,0,0,0,6354,5,0,0,0,0,0,0,0,0
429,2017-04-17,09:04:01,0,OI709,XZCE,6352,6300,6380,87594,5553083000,297066,298778,6598,5966,6282,6306,0,6310,0,0,0,2017-04-17,32641000,6354,12,0,0,0,0,0,0,0,0,6356,24,0,0,0,0,0,0,0,0
430,2017-04-17,09:04:01,0,OI709,XZCE,6352,6300,6380,87642,5556131960,297046,298778,6598,5966,6282,6306,0,6310,0,0,0,2017-04-17,32641000,6352,18,0,0,0,0,0,0,0,0,6354,5,0,0,0,0,0,0,0,0
431,2017-04-17,09:04:02,0,OI709,XZCE,6352,6300,6380,87648,5556513080,297044,298778,6598,5966,6282,6306,0,6310,0,0,0,2017-04-17,32642000,6352,14,0,0,0,0,0,0,0,0,6354,14,0,0,0,0,0,0,0,0
432,2017-04-17,09:04:02,0,OI709,XZCE,6354,6300,6380,87656,5557021400,297046,298778,6598,5966,6282,6306,0,6310,0,0,0,2017-04-17,32642000,6352,13,0,0,0,0,0,0,0,0,6354,12,0,0,0,0,0,0,0,0
433,2017-04-17,09:04:03,0,OI709,XZCE,6354,6300,6380,87662,5557402640,297050,298778,6598,5966,6282,6306,0,6310,0,0,0,2017-04-17,32643000,6352,13,0,0,0,0,0,0,0,0,6354,49,0,0,0,0,0,0,0,0
434,2017-04-17,09:04:03,0,OI709,XZCE,6354,6300,6380,87686,5558927600,297050,298778,6598,5966,6282,6306,0,6310,0,0,0,2017-04-17,32643000,6352,8,0,0,0,0,0,0,0,0,6354,43,0,0,0,0,0,0,0,0
435,2017-04-17,09:04:04,0,OI709,XZCE,6352,6300,6380,87708,5560325040,297048,298778,6598,5966,6282,6306,0,6310,0,0,0,2017-04-17,32644000,6352,13,0,0,0,0,0,0,0,0,6354,33,0,0,0,0,0,0,0,0
436,2017-04-17,09:04:04,0,OI709,XZCE,6354,6300,6380,87714,5560706280,297052,298778,6598,5966,6282,6306,0,6310,0,0,0,2017-04-17,32644000,6352,19,0,0,0,0,0,0,0,0,6354,31,0,0,0,0,0,0,0,0
437,2017-04-17,09:04:05,0,OI709,XZCE,6354,6300,6380,87714,5560706280,297052,298778,6598,5966,6282,6306,0,6310,0,0,0,2017-04-17,32645000,6352,20,0,0,0,0,0,0,0,0,6354,32,0,0,0,0,0,0,0,0
438,2017-04-17,09:04:05,0,OI709,XZCE,6354,6300,6380,87718,5560960440,297050,298778,6598,5966,6282,6306,0,6310,0,0,0,2017-04-17,32645000,6354,4,0,0,0,0,0,0,0,0,6356,29,0,0,0,0,0,0,0,0
439,2017-04-17,09:04:06,0,OI709,XZCE,6354,6300,6380,87728,5561595840,297044,298778,6598,5966,6282,6306,0,6310,0,0,0,2017-04-17,32646000,6354,2,0,0,0,0,0,0,0,0,6356,28,0,0,0,0,0,0,0,0
440,2017-04-17,09:04:07,0,OI709,XZCE,6354,6300,6380,87728,5561595840,297044,298778,6598,5966,6282,6306,0,6310,0,0,0,2017-04-17,32647000,6354,10,0,0,0,0,0,0,0,0,6356,24,0,0,0,0,0,0,0,0
441,2017-04-17,09:04:07,0,OI709,XZCE,6354,6300,6380,87736,5562104160,297044,298778,6598,5966,6282,6306,0,6310,0,0,0,2017-04-17,32647000,6354,12,0,0,0,0,0,0,0,0,6356,23,0,0,0,0,0,0,0,0
442,2017-04-17,09:04:08,0,OI709,XZCE,6354,6300,6380,87762,5563756200,297066,298778,6598,5966,6282,6306,0,6310,0,0,0,2017-04-17,32648000,6352,26,0,0,0,0,0,0,0,0,6354,27,0,0,0,0,0,0,0,0
443,2017-04-17,09:04:08,0,OI709,XZCE,6354,6300,6380,87842,5568839400,297100,298778,6598,5966,6282,6306,0,6310,0,0,0,2017-04-17,32648000,6352,27,0,0,0,0,0,0,0,0,6354,10,0,0,0,0,0,0,0,0
444,2017-04-17,09:04:09,0,OI709,XZCE,6356,6300,6380,87890,5571890280,297086,298778,6598,5966,6282,6306,0,6310,0,0,0,2017-04-17,32649000,6354,18,0,0,0,0,0,0,0,0,6356,12,0,0,0,0,0,0,0,0
445,2017-04-17,09:04:09,0,OI709,XZCE,6354,6300,6380,87894,5572144440,297084,298778,6598,5966,6282,6306,0,6310,0,0,0,2017-04-17,32649000,6354,17,0,0,0,0,0,0,0,0,6356,12,0,0,0,0,0,0,0,0
446,2017-04-17,09:04:10,0,OI709,XZCE,6356,6300,6380,87922,5573924120,297058,298778,6598,5966,6282,6306,0,6310,0,0,0,2017-04-17,32650000,6356,28,0,0,0,0,0,0,0,0,6358,28,0,0,0,0,0,0,0,0
447,2017-04-17,09:04:10,0,OI709,XZCE,6356,6300,6380,87922,5573924120,297058,298778,6598,5966,6282,6306,0,6310,0,0,0,2017-04-17,32650000,6356,28,0,0,0,0,0,0,0,0,6358,23,0,0,0,0,0,0,0,0
448,2017-04-17,09:04:10,0,OI709,XZCE,6356,6300,6380,87932,5574559720,297052,298778,6598,5966,6282,6306,0,6310,0,0,0,2017-04-17,32650000,6356,23,0,0,0,0,0,0,0,0,6358,23,0,0,0,0,0,0,0,0
449,2017-04-17,09:04:11,0,OI709,XZCE,6358,6300,6380,87934,5574686880,297052,298778,6598,5966,6282,6306,0,6310,0,0,0,2017-04-17,32651000,6356,23,0,0,0,0,0,0,0,0,6358,22,0,0,0,0,0,0,0,0
450,2017-04-17,09:04:11,0,OI709,XZCE,6356,6300,6380,87938,5574941120,297050,298778,6598,5966,6282,6306,0,6310,0,0,0,2017-04-17,32651000,6356,21,0,0,0,0,0,0,0,0,6358,22,0,0,0,0,0,0,0,0
451,2017-04-17,09:04:12,0,OI709,XZCE,6356,6300,6380,88010,5579517440,297060,298778,6598,5966,6282,6306,0,6310,0,0,0,2017-04-17,32652000,6354,10,0,0,0,0,0,0,0,0,6356,9,0,0,0,0,0,0,0,0
452,2017-04-17,09:04:13,0,OI709,XZCE,6356,6300,6380,88012,5579644560,297060,298778,6598,5966,6282,6306,0,6310,0,0,0,2017-04-17,32653000,6354,12,0,0,0,0,0,0,0,0,6356,9,0,0,0,0,0,0,0,0
453,2017-04-17,09:04:13,0,OI709,XZCE,6354,6300,6380,88014,5579771640,297062,298778,6598,5966,6282,6306,0,6310,0,0,0,2017-04-17,32653000,6354,7,0,0,0,0,0,0,0,0,6356,12,0,0,0,0,0,0,0,0
454,2017-04-17,09:04:14,0,OI709,XZCE,6354,6300,6380,88014,5579771640,297062,298778,6598,5966,6282,6306,0,6310,0,0,0,2017-04-17,32654000,6354,11,0,0,0,0,0,0,0,0,6356,13,0,0,0,0,0,0,0,0
455,2017-04-17,09:04:14,0,OI709,XZCE,6356,6300,6380,88024,5580407240,297068,298778,6598,5966,6282,6306,0,6310,0,0,0,2017-04-17,32654000,6354,12,0,0,0,0,0,0,0,0,6356,8,0,0,0,0,0,0,0,0
456,2017-04-17,09:04:15,0,OI709,XZCE,6354,6300,6380,88026,5580534320,297070,298778,6598,5966,6282,6306,0,6310,0,0,0,2017-04-17,32655000,6354,14,0,0,0,0,0,0,0,0,6356,8,0,0,0,0,0,0,0,0
457,2017-04-17,09:04:15,0,OI709,XZCE,6356,6300,6380,88028,5580661440,297070,298778,6598,5966,6282,6306,0,6310,0,0,0,2017-04-17,32655000,6354,15,0,0,0,0,0,0,0,0,6356,7,0,0,0,0,0,0,0,0
458,2017-04-17,09:04:16,0,OI709,XZCE,6356,6300,6380,88028,5580661440,297070,298778,6598,5966,6282,6306,0,6310,0,0,0,2017-04-17,32656000,6354,16,0,0,0,0,0,0,0,0,6356,13,0,0,0,0,0,0,0,0
459,2017-04-17,09:04:16,0,OI709,XZCE,6356,6300,6380,88096,5584983520,297026,298778,6598,5966,6282,6306,0,6310,0,0,0,2017-04-17,32656000,6354,17,0,0,0,0,0,0,0,0,6356,1,0,0,0,0,0,0,0,0
460,2017-04-17,09:04:17,0,OI709,XZCE,6356,6300,6380,88098,5585110640,297024,298778,6598,5966,6282,6306,0,6310,0,0,0,2017-04-17,32657000,6356,20,0,0,0,0,0,0,0,0,6358,120,0,0,0,0,0,0,0,0
461,2017-04-17,09:04:17,0,OI709,XZCE,6356,6300,6380,88100,5585237760,297024,298778,6598,5966,6282,6306,0,6310,0,0,0,2017-04-17,32657000,6356,18,0,0,0,0,0,0,0,0,6358,120,0,0,0,0,0,0,0,0
462,2017-04-17,09:04:18,0,OI709,XZCE,6358,6300,6380,88106,5585619240,297018,298778,6598,5966,6282,6306,0,6310,0,0,0,2017-04-17,32658000,6356,30,0,0,0,0,0,0,0,0,6358,117,0,0,0,0,0,0,0,0
463,2017-04-17,09:04:19,0,OI709,XZCE,6358,6300,6380,88108,5585746400,297018,298778,6598,5966,6282,6306,0,6310,0,0,0,2017-04-17,32659000,6356,29,0,0,0,0,0,0,0,0,6358,117,0,0,0,0,0,0,0,0
464,2017-04-17,09:04:19,0,OI709,XZCE,6358,6300,6380,88108,5585746400,297018,298778,6598,5966,6282,6306,0,6310,0,0,0,2017-04-17,32659000,6356,30,0,0,0,0,0,0,0,0,6358,118,0,0,0,0,0,0,0,0
465,2017-04-17,09:04:19,0,OI709,XZCE,6358,6300,6380,88108,5585746400,297018,298778,6598,5966,6282,6306,0,6310,0,0,0,2017-04-17,32659000,6356,31,0,0,0,0,0,0,0,0,6358,118,0,0,0,0,0,0,0,0
466,2017-04-17,09:04:20,0,OI709,XZCE,6356,6300,6380,88114,5586127760,297016,298778,6598,5966,6282,6306,0,6310,0,0,0,2017-04-17,32660000,6356,33,0,0,0,0,0,0,0,0,6358,116,0,0,0,0,0,0,0,0
467,2017-04-17,09:04:21,0,OI709,XZCE,6356,6300,6380,88138,5587653200,297010,298778,6598,5966,6282,6306,0,6310,0,0,0,2017-04-17,32661000,6356,21,0,0,0,0,0,0,0,0,6358,117,0,0,0,0,0,0,0,0
468,2017-04-17,09:04:21,0,OI709,XZCE,6356,6300,6380,88142,5587907440,297010,298778,6598,5966,6282,6306,0,6310,0,0,0,2017-04-17,32661000,6356,18,0,0,0,0,0,0,0,0,6358,117,0,0,0,0,0,0,0,0
469,2017-04-17,09:04:22,0,OI709,XZCE,6356,6300,6380,88178,5590195600,297038,298778,6598,5966,6282,6306,0,6310,0,0,0,2017-04-17,32662000,6354,77,0,0,0,0,0,0,0,0,6358,117,0,0,0,0,0,0,0,0
470,2017-04-17,09:04:22,0,OI709,XZCE,6356,6300,6380,88238,5594009200,297004,298778,6598,5966,6282,6306,0,6310,0,0,0,2017-04-17,32662000,6354,55,0,0,0,0,0,0,0,0,6356,86,0,0,0,0,0,0,0,0
471,2017-04-17,09:04:23,0,OI709,XZCE,6356,6300,6380,88246,5594517680,297000,298778,6598,5966,6282,6306,0,6310,0,0,0,2017-04-17,32663000,6354,55,0,0,0,0,0,0,0,0,6356,11,0,0,0,0,0,0,0,0
472,2017-04-17,09:04:24,0,OI709,XZCE,6356,6300,6380,88248,5594644800,296998,298778,6598,5966,6282,6306,0,6310,0,0,0,2017-04-17,32664000,6354,55,0,0,0,0,0,0,0,0,6356,10,0,0,0,0,0,0,0,0
473,2017-04-17,09:04:24,0,OI709,XZCE,6354,6300,6380,88258,5595280200,296988,298778,6598,5966,6282,6306,0,6310,0,0,0,2017-04-17,32664000,6354,51,0,0,0,0,0,0,0,0,6356,10,0,0,0,0,0,0,0,0
474,2017-04-17,09:04:25,0,OI709,XZCE,6354,6300,6380,88294,5597567640,296986,298778,6598,5966,6282,6306,0,6310,0,0,0,2017-04-17,32665000,6354,64,0,0,0,0,0,0,0,0,6358,121,0,0,0,0,0,0,0,0
475,2017-04-17,09:04:25,0,OI709,XZCE,6354,6300,6380,88310,5598584280,296970,298778,6598,5966,6282,6306,0,6310,0,0,0,2017-04-17,32665000,6354,56,0,0,0,0,0,0,0,0,6358,121,0,0,0,0,0,0,0,0
476,2017-04-17,09:04:26,0,OI709,XZCE,6354,6300,6380,88314,5598838440,296966,298778,6598,5966,6282,6306,0,6310,0,0,0,2017-04-17,32666000,6356,14,0,0,0,0,0,0,0,0,6358,121,0,0,0,0,0,0,0,0
477,2017-04-17,09:04:26,0,OI709,XZCE,6354,6300,6380,88316,5598965520,296964,298778,6598,5966,6282,6306,0,6310,0,0,0,2017-04-17,32666000,6356,14,0,0,0,0,0,0,0,0,6358,121,0,0,0,0,0,0,0,0
478,2017-04-17,09:04:26,0,OI709,XZCE,6358,6300,6380,88320,5599219840,296960,298778,6598,5966,6282,6306,0,6310,0,0,0,2017-04-17,32666000,6356,14,0,0,0,0,0,0,0,0,6358,119,0,0,0,0,0,0,0,0
479,2017-04-17,09:04:28,0,OI709,XZCE,6356,6300,6380,88336,5600236800,296952,298778,6598,5966,6282,6306,0,6310,0,0,0,2017-04-17,32668000,6356,12,0,0,0,0,0,0,0,0,6358,113,0,0,0,0,0,0,0,0
480,2017-04-17,09:04:28,0,OI709,XZCE,6356,6300,6380,88362,5601889360,296956,298778,6598,5966,6282,6306,0,6310,0,0,0,2017-04-17,32668000,6354,72,0,0,0,0,0,0,0,0,6356,73,0,0,0,0,0,0,0,0
481,2017-04-17,09:04:28,0,OI709,XZCE,6356,6300,6380,88368,5602270720,296956,298778,6598,5966,6282,6306,0,6310,0,0,0,2017-04-17,32668000,6354,72,0,0,0,0,0,0,0,0,6356,70,0,0,0,0,0,0,0,0
482,2017-04-17,09:04:29,0,OI709,XZCE,6356,6300,6380,88368,5602270720,296956,298778,6598,5966,6282,6306,0,6310,0,0,0,2017-04-17,32669000,6354,72,0,0,0,0,0,0,0,0,6356,100,0,0,0,0,0,0,0,0
483,2017-04-17,09:04:29,0,OI709,XZCE,6356,6300,6380,88368,5602270720,296956,298778,6598,5966,6282,6306,0,6310,0,0,0,2017-04-17,32669000,6354,74,0,0,0,0,0,0,0,0,6356,100,0,0,0,0,0,0,0,0
484,2017-04-17,09:04:30,0,OI709,XZCE,6356,6300,6380,88374,5602652080,296956,298778,6598,5966,6282,6306,0,6310,0,0,0,2017-04-17,32670000,6354,80,0,0,0,0,0,0,0,0,6356,99,0,0,0,0,0,0,0,0
485,2017-04-17,09:04:31,0,OI709,XZCE,6356,6300,6380,88374,5602652080,296956,298778,6598,5966,6282,6306,0,6310,0,0,0,2017-04-17,32671000,6354,78,0,0,0,0,0,0,0,0,6356,99,0,0,0,0,0,0,0,0
486,2017-04-17,09:04:31,0,OI709,XZCE,6356,6300,6380,88378,5602906320,296956,298778,6598,5966,6282,6306,0,6310,0,0,0,2017-04-17,32671000,6354,78,0,0,0,0,0,0,0,0,6356,97,0,0,0,0,0,0,0,0
487,2017-04-17,09:04:32,0,OI709,XZCE,6356,6300,6380,88382,5603160560,296954,298778,6598,5966,6282,6306,0,6310,0,0,0,2017-04-17,32672000,6354,77,0,0,0,0,0,0,0,0,6356,96,0,0,0,0,0,0,0,0
488,2017-04-17,09:04:33,0,OI709,XZCE,6356,6300,6380,88382,5603160560,296954,298778,6598,5966,6282,6306,0,6310,0,0,0,2017-04-17,32673000,6354,97,0,0,0,0,0,0,0,0,6356,96,0,0,0,0,0,0,0,0
489,2017-04-17,09:04:33,0,OI709,XZCE,6356,6300,6380,88384,5603287680,296954,298778,6598,5966,6282,6306,0,6310,0,0,0,2017-04-17,32673000,6354,97,0,0,0,0,0,0,0,0,6356,95,0,0,0,0,0,0,0,0
490,2017-04-17,09:04:34,0,OI709,XZCE,6356,6300,6380,88410,5604940240,296952,298778,6598,5966,6282,6306,0,6310,0,0,0,2017-04-17,32674000,6354,85,0,0,0,0,0,0,0,0,6356,83,0,0,0,0,0,0,0,0
491,2017-04-17,09:04:34,0,OI709,XZCE,6356,6300,6380,88412,5605067360,296952,298778,6598,5966,6282,6306,0,6310,0,0,0,2017-04-17,32674000,6354,85,0,0,0,0,0,0,0,0,6356,80,0,0,0,0,0,0,0,0
492,2017-04-17,09:04:35,0,OI709,XZCE,6356,6300,6380,88446,5607228400,296948,298778,6598,5966,6282,6306,0,6310,0,0,0,2017-04-17,32675000,6354,87,0,0,0,0,0,0,0,0,6356,63,0,0,0,0,0,0,0,0
493,2017-04-17,09:04:36,0,OI709,XZCE,6356,6300,6380,88452,5607609760,296948,298778,6598,5966,6282,6306,0,6310,0,0,0,2017-04-17,32676000,6354,87,0,0,0,0,0,0,0,0,6356,61,0,0,0,0,0,0,0,0
494,2017-04-17,09:04:37,0,OI709,XZCE,6356,6300,6380,88452,5607609760,296948,298778,6598,5966,6282,6306,0,6310,0,0,0,2017-04-17,32677000,6354,88,0,0,0,0,0,0,0,0,6356,61,0,0,0,0,0,0,0,0
495,2017-04-17,09:04:38,0,OI709,XZCE,6354,6300,6380,88470,5608753480,296930,298778,6598,5966,6282,6306,0,6310,0,0,0,2017-04-17,32678000,6354,68,0,0,0,0,0,0,0,0,6356,61,0,0,0,0,0,0,0,0
496,2017-04-17,09:04:38,0,OI709,XZCE,6356,6300,6380,88472,5608880600,296928,298778,6598,5966,6282,6306,0,6310,0,0,0,2017-04-17,32678000,6354,67,0,0,0,0,0,0,0,0,6356,61,0,0,0,0,0,0,0,0
497,2017-04-17,09:04:39,0,OI709,XZCE,6354,6300,6380,88606,5617394960,296968,298778,6598,5966,6282,6306,0,6310,0,0,0,2017-04-17,32679000,6352,87,0,0,0,0,0,0,0,0,6354,13,0,0,0,0,0,0,0,0
498,2017-04-17,09:04:40,0,OI709,XZCE,6354,6300,6380,88606,5617394960,296968,298778,6598,5966,6282,6306,0,6310,0,0,0,2017-04-17,32680000,6352,24,0,0,0,0,0,0,0,0,6354,20,0,0,0,0,0,0,0,0
499,2017-04-17,09:04:40,0,OI709,XZCE,6354,6300,6380,88614,5617903280,296970,298778,6598,5966,6282,6306,0,6310,0,0,0,2017-04-17,32680000,6352,24,0,0,0,0,0,0,0,0,6354,17,0,0,0,0,0,0,0,0
500,2017-04-17,09:04:41,0,OI709,XZCE,6354,6300,6380,88616,5618030360,296972,298778,6598,5966,6282,6306,0,6310,0,0,0,2017-04-17,32681000,6352,24,0,0,0,0,0,0,0,0,6354,21,0,0,0,0,0,0,0,0
501,2017-04-17,09:04:41,0,OI709,XZCE,6354,6300,6380,88616,5618030360,296972,298778,6598,5966,6282,6306,0,6310,0,0,0,2017-04-17,32681000,6352,23,0,0,0,0,0,0,0,0,6354,22,0,0,0,0,0,0,0,0
502,2017-04-17,09:04:42,0,OI709,XZCE,6354,6300,6380,88636,5619301160,296984,298778,6598,5966,6282,6306,0,6310,0,0,0,2017-04-17,32682000,6352,34,0,0,0,0,0,0,0,0,6354,19,0,0,0,0,0,0,0,0
503,2017-04-17,09:04:43,0,OI709,XZCE,6354,6300,6380,88640,5619555320,296986,298778,6598,5966,6282,6306,0,6310,0,0,0,2017-04-17,32683000,6352,63,0,0,0,0,0,0,0,0,6354,18,0,0,0,0,0,0,0,0
504,2017-04-17,09:04:43,0,OI709,XZCE,6354,6300,6380,88640,5619555320,296986,298778,6598,5966,6282,6306,0,6310,0,0,0,2017-04-17,32683000,6352,63,0,0,0,0,0,0,0,0,6354,19,0,0,0,0,0,0,0,0
505,2017-04-17,09:04:44,0,OI709,XZCE,6354,6300,6380,88644,5619809480,296984,298778,6598,5966,6282,6306,0,6310,0,0,0,2017-04-17,32684000,6352,63,0,0,0,0,0,0,0,0,6354,18,0,0,0,0,0,0,0,0
506,2017-04-17,09:04:44,0,OI709,XZCE,6354,6300,6380,88674,5621715680,296996,298778,6598,5966,6282,6306,0,6310,0,0,0,2017-04-17,32684000,6352,63,0,0,0,0,0,0,0,0,6354,3,0,0,0,0,0,0,0,0
507,2017-04-17,09:04:45,0,OI709,XZCE,6354,6300,6380,88694,5622986480,296996,298778,6598,5966,6282,6306,0,6310,0,0,0,2017-04-17,32685000,6352,64,0,0,0,0,0,0,0,0,6354,12,0,0,0,0,0,0,0,0
508,2017-04-17,09:04:45,0,OI709,XZCE,6354,6300,6380,88696,5623113560,296994,298778,6598,5966,6282,6306,0,6310,0,0,0,2017-04-17,32685000,6352,64,0,0,0,0,0,0,0,0,6354,11,0,0,0,0,0,0,0,0
509,2017-04-17,09:04:46,0,OI709,XZCE,6354,6300,6380,88718,5624511440,296986,298778,6598,5966,6282,6306,0,6310,0,0,0,2017-04-17,32686000,6354,18,0,0,0,0,0,0,0,0,6356,87,0,0,0,0,0,0,0,0
510,2017-04-17,09:04:46,0,OI709,XZCE,6354,6300,6380,88718,5624511440,296986,298778,6598,5966,6282,6306,0,6310,0,0,0,2017-04-17,32686000,6354,29,0,0,0,0,0,0,0,0,6356,85,0,0,0,0,0,0,0,0
511,2017-04-17,09:04:48,0,OI709,XZCE,6354,6300,6380,88718,5624511440,296986,298778,6598,5966,6282,6306,0,6310,0,0,0,2017-04-17,32688000,6354,40,0,0,0,0,0,0,0,0,6356,85,0,0,0,0,0,0,0,0
512,2017-04-17,09:04:48,0,OI709,XZCE,6356,6300,6380,88720,5624638560,296984,298778,6598,5966,6282,6306,0,6310,0,0,0,2017-04-17,32688000,6354,60,0,0,0,0,0,0,0,0,6356,84,0,0,0,0,0,0,0,0
513,2017-04-17,09:04:49,0,OI709,XZCE,6356,6300,6380,88722,5624765680,296982,298778,6598,5966,6282,6306,0,6310,0,0,0,2017-04-17,32689000,6354,61,0,0,0,0,0,0,0,0,6356,83,0,0,0,0,0,0,0,0
514,2017-04-17,09:04:49,0,OI709,XZCE,6356,6300,6380,88722,5624765680,296982,298778,6598,5966,6282,6306,0,6310,0,0,0,2017-04-17,32689000,6354,62,0,0,0,0,0,0,0,0,6356,83,0,0,0,0,0,0,0,0
515,2017-04-17,09:04:49,0,OI709,XZCE,6356,6300,6380,88732,5625401280,296982,298778,6598,5966,6282,6306,0,6310,0,0,0,2017-04-17,32689000,6354,63,0,0,0,0,0,0,0,0,6356,76,0,0,0,0,0,0,0,0
516,2017-04-17,09:04:50,0,OI709,XZCE,6356,6300,6380,88768,5627689440,296966,298778,6598,5966,6282,6306,0,6310,0,0,0,2017-04-17,32690000,6354,64,0,0,0,0,0,0,0,0,6356,58,0,0,0,0,0,0,0,0
517,2017-04-17,09:04:51,0,OI709,XZCE,6356,6300,6380,88886,5635189520,296942,298778,6598,5966,6282,6306,0,6310,0,0,0,2017-04-17,32691000,6356,17,0,0,0,0,0,0,0,0,6358,130,0,0,0,0,0,0,0,0
518,2017-04-17,09:04:51,0,OI709,XZCE,6356,6300,6380,88920,5637350560,296942,298778,6598,5966,6282,6306,0,6310,0,0,0,2017-04-17,32691000,6354,45,0,0,0,0,0,0,0,0,6356,43,0,0,0,0,0,0,0,0
519,2017-04-17,09:04:52,0,OI709,XZCE,6356,6300,6380,88924,5637604800,296942,298778,6598,5966,6282,6306,0,6310,0,0,0,2017-04-17,32692000,6354,45,0,0,0,0,0,0,0,0,6356,41,0,0,0,0,0,0,0,0
520,2017-04-17,09:04:52,0,OI709,XZCE,6356,6300,6380,88924,5637604800,296942,298778,6598,5966,6282,6306,0,6310,0,0,0,2017-04-17,32692000,6354,45,0,0,0,0,0,0,0,0,6356,42,0,0,0,0,0,0,0,0
521,2017-04-17,09:04:53,0,OI709,XZCE,6356,6300,6380,88926,5637731920,296942,298778,6598,5966,6282,6306,0,6310,0,0,0,2017-04-17,32693000,6354,46,0,0,0,0,0,0,0,0,6356,41,0,0,0,0,0,0,0,0
522,2017-04-17,09:04:54,0,OI709,XZCE,6356,6300,6380,88926,5637731920,296942,298778,6598,5966,6282,6306,0,6310,0,0,0,2017-04-17,32694000,6354,46,0,0,0,0,0,0,0,0,6356,43,0,0,0,0,0,0,0,0
523,2017-04-17,09:04:54,0,OI709,XZCE,6356,6300,6380,88932,5638113280,296938,298778,6598,5966,6282,6306,0,6310,0,0,0,2017-04-17,32694000,6354,45,0,0,0,0,0,0,0,0,6356,40,0,0,0,0,0,0,0,0
524,2017-04-17,09:04:55,0,OI709,XZCE,6356,6300,6380,88932,5638113280,296938,298778,6598,5966,6282,6306,0,6310,0,0,0,2017-04-17,32695000,6354,46,0,0,0,0,0,0,0,0,6356,40,0,0,0,0,0,0,0,0
525,2017-04-17,09:04:56,0,OI709,XZCE,6356,6300,6380,88934,5638240400,296938,298778,6598,5966,6282,6306,0,6310,0,0,0,2017-04-17,32696000,6354,46,0,0,0,0,0,0,0,0,6356,39,0,0,0,0,0,0,0,0
526,2017-04-17,09:04:56,0,OI709,XZCE,6356,6300,6380,89012,5643198080,296882,298778,6598,5966,6282,6306,0,6310,0,0,0,2017-04-17,32696000,6356,112,0,0,0,0,0,0,0,0,6358,155,0,0,0,0,0,0,0,0
527,2017-04-17,09:04:57,0,OI709,XZCE,6356,6300,6380,89014,5643325200,296882,298778,6598,5966,6282,6306,0,6310,0,0,0,2017-04-17,32697000,6356,111,0,0,0,0,0,0,0,0,6358,145,0,0,0,0,0,0,0,0
528,2017-04-17,09:04:57,0,OI709,XZCE,6356,6300,6380,89018,5643579440,296878,298778,6598,5966,6282,6306,0,6310,0,0,0,2017-04-17,32697000,6356,118,0,0,0,0,0,0,0,0,6358,128,0,0,0,0,0,0,0,0
529,2017-04-17,09:04:58,0,OI709,XZCE,6358,6300,6380,89058,5646122640,296882,298778,6598,5966,6282,6306,0,6310,0,0,0,2017-04-17,32698000,6356,118,0,0,0,0,0,0,0,0,6358,108,0,0,0,0,0,0,0,0
530,2017-04-17,09:04:58,0,OI709,XZCE,6358,6300,6380,89216,5656168280,296862,298778,6598,5966,6282,6306,0,6310,0,0,0,2017-04-17,32698000,6356,94,0,0,0,0,0,0,0,0,6358,29,0,0,0,0,0,0,0,0
531,2017-04-17,09:04:59,0,OI709,XZCE,6358,6300,6380,89274,5659855920,296866,298778,6598,5966,6282,6306,0,6310,0,0,0,2017-04-17,32699000,6358,16,0,0,0,0,0,0,0,0,6360,33,0,0,0,0,0,0,0,0
532,2017-04-17,09:04:59,0,OI709,XZCE,6358,6300,6380,89276,5659983080,296868,298778,6598,5966,6282,6306,0,6310,0,0,0,2017-04-17,32699000,6358,18,0,0,0,0,0,0,0,0,6360,35,0,0,0,0,0,0,0,0
533,2017-04-17,09:04:59,0,OI709,XZCE,6358,6300,6380,89278,5660110240,296870,298778,6598,5966,6282,6306,0,6310,0,0,0,2017-04-17,32699000,6358,17,0,0,0,0,0,0,0,0,6360,36,0,0,0,0,0,0,0,0
534,2017-04-17,09:05:00,0,OI709,XZCE,6358,6300,6380,89278,5660110240,296870,298778,6598,5966,6282,6306,0,6310,0,0,0,2017-04-17,32700000,6358,18,0,0,0,0,0,0,0,0,6360,36,0,0,0,0,0,0,0,0
535,2017-04-17,09:05:01,0,OI709,XZCE,6360,6300,6380,89366,5665707040,296844,298778,6598,5966,6282,6306,0,6310,0,0,0,2017-04-17,32701000,6358,18,0,0,0,0,0,0,0,0,6360,11,0,0,0,0,0,0,0,0
536,2017-04-17,09:05:01,0,OI709,XZCE,6358,6300,6380,89368,5665834200,296846,298778,6598,5966,6282,6306,0,6310,0,0,0,2017-04-17,32701000,6358,17,0,0,0,0,0,0,0,0,6360,17,0,0,0,0,0,0,0,0
537,2017-04-17,09:05:02,0,OI709,XZCE,6360,6300,6380,89370,5665961400,296846,298778,6598,5966,6282,6306,0,6310,0,0,0,2017-04-17,32702000,6358,22,0,0,0,0,0,0,0,0,6360,16,0,0,0,0,0,0,0,0
538,2017-04-17,09:05:04,0,OI709,XZCE,6360,6300,6380,89376,5666343000,296846,298778,6598,5966,6282,6306,0,6310,0,0,0,2017-04-17,32704000,6358,23,0,0,0,0,0,0,0,0,6360,13,0,0,0,0,0,0,0,0
539,2017-04-17,09:05:05,0,OI709,XZCE,6360,6300,6380,89376,5666343000,296846,298778,6598,5966,6282,6306,0,6310,0,0,0,2017-04-17,32705000,6358,24,0,0,0,0,0,0,0,0,6360,13,0,0,0,0,0,0,0,0
540,2017-04-17,09:05:05,0,OI709,XZCE,6360,6300,6380,89378,5666470200,296846,298778,6598,5966,6282,6306,0,6310,0,0,0,2017-04-17,32705000,6358,24,0,0,0,0,0,0,0,0,6360,13,0,0,0,0,0,0,0,0
