,dataDate,dataTime,dataMillisec,instrumentID,exchangeCD,lastPrice,lowPrice,highPrice,volume,value,openInterest,preOpenInterest,upperLimitPrice,lowerLimitPrice,preSettlementPrice,prevClosePrice,settlementPrice,openPrice,closePrice,preDelta,currDelta,clearingDay,milliSecOffset,bidPrice1,bidVolume1,bidPrice2,bidVolume2,bidPrice3,bidVolume3,bidPrice4,bidVolume4,bidPrice5,bidVolume5,askPrice1,askVolume1,askPrice2,askVolume2,askPrice3,askVolume3,askPrice4,askVolume4,askPrice5,askVolume5
0,2017-04-17,09:00:00,927,p1709,XDCE,5240,5212,5244,142936,7476974000,569038,570874,5466,4946,5206,5216,0,5216,0,0,0,2017-04-17,32400927,5238,67,0,0,0,0,0,0,0,0,5240,42,0,0,0,0,0,0,0,0
1,2017-04-17,09:00:01,428,p1709,XDCE,5242,5212,5244,143162,7488815400,569090,570874,5466,4946,5206,5216,0,5216,0,0,0,2017-04-17,32401428,5238,48,0,0,0,0,0,0,0,0,5242,42,0,0,0,0,0,0,0,0
2,2017-04-17,09:00:01,926,p1709,XDCE,5244,5212,5244,143420,7502339720,569186,570874,5466,4946,5206,5216,0,5216,0,0,0,2017-04-17,32401926,5242,33,0,0,0,0,0,0,0,0,5244,124,0,0,0,0,0,0,0,0
3,2017-04-17,09:00:02,429,p1709,XDCE,5244,5212,5244,143718,7517963080,569238,570874,5466,4946,5206,5216,0,5216,0,0,0,2017-04-17,32402429,5242,2,0,0,0,0,0,0,0,0,5244,163,0,0,0,0,0,0,0,0
4,2017-04-17,09:00:02,930,p1709,XDCE,5244,5212,5244,143844,7524570000,569216,570874,5466,4946,5206,5216,0,5216,0,0,0,2017-04-17,32402930,5242,19,0,0,0,0,0,0,0,0,5244,122,0,0,0,0,0,0,0,0
5,2017-04-17,09:00:03,411,p1709,XDCE,5244,5212,5244,144008,7533169720,569174,570874,5466,4946,5206,5216,0,5216,0,0,0,2017-04-17,32403411,5242,27,0,0,0,0,0,0,0,0,5244,35,0,0,0,0,0,0,0,0
6,2017-04-17,09:00:03,911,p1709,XDCE,5244,5212,5244,144094,7537679080,569174,570874,5466,4946,5206,5216,0,5216,0,0,0,2017-04-17,32403911,5242,29,0,0,0,0,0,0,0,0,5246,183,0,0,0,0,0,0,0,0
7,2017-04-17,09:00:04,414,p1709,XDCE,5244,5212,5244,144116,7538832520,569172,570874,5466,4946,5206,5216,0,5216,0,0,0,2017-04-17,32404414,5242,34,0,0,0,0,0,0,0,0,5244,13,0,0,0,0,0,0,0,0
8,2017-04-17,09:00:04,930,p1709,XDCE,5244,5212,5244,144164,7541349240,569170,570874,5466,4946,5206,5216,0,5216,0,0,0,2017-04-17,32404930,5242,37,0,0,0,0,0,0,0,0,5244,8,0,0,0,0,0,0,0,0
9,2017-04-17,09:00:05,422,p1709,XDCE,5244,5212,5244,144322,7549634760,569086,570874,5466,4946,5206,5216,0,5216,0,0,0,2017-04-17,32405422,5242,27,0,0,0,0,0,0,0,0,5244,49,0,0,0,0,0,0,0,0
10,2017-04-17,09:00:05,928,p1709,XDCE,5246,5212,5246,144444,7556033000,569072,570874,5466,4946,5206,5216,0,5216,0,0,0,2017-04-17,32405928,5244,87,0,0,0,0,0,0,0,0,5246,170,0,0,0,0,0,0,0,0
11,2017-04-17,09:00:06,415,p1709,XDCE,5246,5212,5246,144456,7556662480,569070,570874,5466,4946,5206,5216,0,5216,0,0,0,2017-04-17,32406415,5244,106,0,0,0,0,0,0,0,0,5246,155,0,0,0,0,0,0,0,0
12,2017-04-17,09:00:06,904,p1709,XDCE,5246,5212,5246,144474,7557606760,569068,570874,5466,4946,5206,5216,0,5216,0,0,0,2017-04-17,32406904,5244,154,0,0,0,0,0,0,0,0,5246,140,0,0,0,0,0,0,0,0
13,2017-04-17,09:00:07,428,p1709,XDCE,5246,5212,5246,144532,7560648960,569050,570874,5466,4946,5206,5216,0,5216,0,0,0,2017-04-17,32407428,5244,125,0,0,0,0,0,0,0,0,5246,122,0,0,0,0,0,0,0,0
14,2017-04-17,09:00:07,927,p1709,XDCE,5246,5212,5246,144654,7567049000,569000,570874,5466,4946,5206,5216,0,5216,0,0,0,2017-04-17,32407927,5244,133,0,0,0,0,0,0,0,0,5246,94,0,0,0,0,0,0,0,0
15,2017-04-17,09:00:08,373,p1709,XDCE,5246,5212,5248,144964,7583314720,568888,570874,5466,4946,5206,5216,0,5216,0,0,0,2017-04-17,32408373,5246,44,0,0,0,0,0,0,0,0,5248,342,0,0,0,0,0,0,0,0
16,2017-04-17,09:00:08,907,p1709,XDCE,5246,5212,5248,144994,7584888760,568896,570874,5466,4946,5206,5216,0,5216,0,0,0,2017-04-17,32408907,5246,65,0,0,0,0,0,0,0,0,5248,336,0,0,0,0,0,0,0,0
17,2017-04-17,09:00:09,338,p1709,XDCE,5246,5212,5248,145036,7587092120,568898,570874,5466,4946,5206,5216,0,5216,0,0,0,2017-04-17,32409338,5246,54,0,0,0,0,0,0,0,0,5248,366,0,0,0,0,0,0,0,0
18,2017-04-17,09:00:09,919,p1709,XDCE,5248,5212,5248,145246,7598109880,568910,570874,5466,4946,5206,5216,0,5216,0,0,0,2017-04-17,32409919,5246,1,0,0,0,0,0,0,0,0,5248,338,0,0,0,0,0,0,0,0
19,2017-04-17,09:00:10,425,p1709,XDCE,5246,5212,5248,145508,7611856720,568906,570874,5466,4946,5206,5216,0,5216,0,0,0,2017-04-17,32410425,5244,244,0,0,0,0,0,0,0,0,5246,120,0,0,0,0,0,0,0,0
20,2017-04-17,09:00:10,912,p1709,XDCE,5246,5212,5248,145722,7623083120,568838,570874,5466,4946,5206,5216,0,5216,0,0,0,2017-04-17,32410912,5244,268,0,0,0,0,0,0,0,0,5246,30,0,0,0,0,0,0,0,0
21,2017-04-17,09:00:11,427,p1709,XDCE,5246,5212,5248,145824,7628434520,568884,570874,5466,4946,5206,5216,0,5216,0,0,0,2017-04-17,32411427,5246,33,0,0,0,0,0,0,0,0,5248,239,0,0,0,0,0,0,0,0
22,2017-04-17,09:00:11,927,p1709,XDCE,5246,5212,5248,145826,7628539440,568884,570874,5466,4946,5206,5216,0,5216,0,0,0,2017-04-17,32411927,5246,42,0,0,0,0,0,0,0,0,5248,239,0,0,0,0,0,0,0,0
23,2017-04-17,09:00:12,382,p1709,XDCE,5248,5212,5248,145858,7630218680,568892,570874,5466,4946,5206,5216,0,5216,0,0,0,2017-04-17,32412382,5246,42,0,0,0,0,0,0,0,0,5248,246,0,0,0,0,0,0,0,0
24,2017-04-17,09:00:12,916,p1709,XDCE,5246,5212,5248,145880,7631372800,568892,570874,5466,4946,5206,5216,0,5216,0,0,0,2017-04-17,32412916,5246,33,0,0,0,0,0,0,0,0,5248,244,0,0,0,0,0,0,0,0
25,2017-04-17,09:00:13,383,p1709,XDCE,5246,5212,5248,145918,7633366360,568882,570874,5466,4946,5206,5216,0,5216,0,0,0,2017-04-17,32413383,5246,25,0,0,0,0,0,0,0,0,5248,252,0,0,0,0,0,0,0,0
26,2017-04-17,09:00:13,931,p1709,XDCE,5246,5212,5248,145926,7633786080,568884,570874,5466,4946,5206,5216,0,5216,0,0,0,2017-04-17,32413931,5246,23,0,0,0,0,0,0,0,0,5248,251,0,0,0,0,0,0,0,0
27,2017-04-17,09:00:14,404,p1709,XDCE,5248,5212,5248,145946,7634835440,568894,570874,5466,4946,5206,5216,0,5216,0,0,0,2017-04-17,32414404,5246,20,0,0,0,0,0,0,0,0,5248,247,0,0,0,0,0,0,0,0
28,2017-04-17,09:00:14,917,p1709,XDCE,5248,5212,5248,145954,7635255160,568890,570874,5466,4946,5206,5216,0,5216,0,0,0,2017-04-17,32414917,5246,17,0,0,0,0,0,0,0,0,5248,250,0,0,0,0,0,0,0,0
29,2017-04-17,09:00:15,404,p1709,XDCE,5246,5212,5248,145970,7636094720,568890,570874,5466,4946,5206,5216,0,5216,0,0,0,2017-04-17,32415404,5246,21,0,0,0,0,0,0,0,0,5248,243,0,0,0,0,0,0,0,0
30,2017-04-17,09:00:15,904,p1709,XDCE,5248,5212,5248,145998,7637564120,568890,570874,5466,4946,5206,5216,0,5216,0,0,0,2017-04-17,32415904,5246,36,0,0,0,0,0,0,0,0,5248,231,0,0,0,0,0,0,0,0
31,2017-04-17,09:00:16,343,p1709,XDCE,5248,5212,5248,145998,7637564120,568890,570874,5466,4946,5206,5216,0,5216,0,0,0,2017-04-17,32416343,5246,54,0,0,0,0,0,0,0,0,5248,221,0,0,0,0,0,0,0,0
32,2017-04-17,09:00:16,901,p1709,XDCE,5248,5212,5248,146032,7639348400,568892,570874,5466,4946,5206,5216,0,5216,0,0,0,2017-04-17,32416901,5246,59,0,0,0,0,0,0,0,0,5248,205,0,0,0,0,0,0,0,0
33,2017-04-17,09:00:17,425,p1709,XDCE,5246,5212,5248,146060,7640817760,568892,570874,5466,4946,5206,5216,0,5216,0,0,0,2017-04-17,32417425,5246,57,0,0,0,0,0,0,0,0,5248,188,0,0,0,0,0,0,0,0
34,2017-04-17,09:00:17,893,p1709,XDCE,5248,5212,5248,146078,7641762360,568876,570874,5466,4946,5206,5216,0,5216,0,0,0,2017-04-17,32417893,5246,59,0,0,0,0,0,0,0,0,5248,180,0,0,0,0,0,0,0,0
35,2017-04-17,09:00:18,421,p1709,XDCE,5248,5212,5248,146080,7641867320,568876,570874,5466,4946,5206,5216,0,5216,0,0,0,2017-04-17,32418421,5246,61,0,0,0,0,0,0,0,0,5248,181,0,0,0,0,0,0,0,0
36,2017-04-17,09:00:18,926,p1709,XDCE,5246,5212,5248,146108,7643336280,568874,570874,5466,4946,5206,5216,0,5216,0,0,0,2017-04-17,32418926,5246,54,0,0,0,0,0,0,0,0,5248,175,0,0,0,0,0,0,0,0
37,2017-04-17,09:00:19,412,p1709,XDCE,5246,5212,5248,146134,7644700320,568866,570874,5466,4946,5206,5216,0,5216,0,0,0,2017-04-17,32419412,5246,36,0,0,0,0,0,0,0,0,5248,193,0,0,0,0,0,0,0,0
38,2017-04-17,09:00:19,851,p1709,XDCE,5246,5212,5248,146236,7650051240,568930,570874,5466,4946,5206,5216,0,5216,0,0,0,2017-04-17,32419851,5244,393,0,0,0,0,0,0,0,0,5246,21,0,0,0,0,0,0,0,0
39,2017-04-17,09:00:20,413,p1709,XDCE,5246,5212,5248,146244,7650470920,568928,570874,5466,4946,5206,5216,0,5216,0,0,0,2017-04-17,32420413,5244,393,0,0,0,0,0,0,0,0,5246,52,0,0,0,0,0,0,0,0
40,2017-04-17,09:00:20,930,p1709,XDCE,5246,5212,5248,146256,7651100440,568930,570874,5466,4946,5206,5216,0,5216,0,0,0,2017-04-17,32420930,5244,383,0,0,0,0,0,0,0,0,5246,90,0,0,0,0,0,0,0,0
41,2017-04-17,09:00:21,403,p1709,XDCE,5246,5212,5248,146286,7652674120,568952,570874,5466,4946,5206,5216,0,5216,0,0,0,2017-04-17,32421403,5244,401,0,0,0,0,0,0,0,0,5246,80,0,0,0,0,0,0,0,0
42,2017-04-17,09:00:21,840,p1709,XDCE,5246,5212,5248,146304,7653618400,568952,570874,5466,4946,5206,5216,0,5216,0,0,0,2017-04-17,32421840,5244,400,0,0,0,0,0,0,0,0,5246,74,0,0,0,0,0,0,0,0
43,2017-04-17,09:00:22,338,p1709,XDCE,5246,5212,5248,146420,7659703760,568848,570874,5466,4946,5206,5216,0,5216,0,0,0,2017-04-17,32422338,5246,47,0,0,0,0,0,0,0,0,5248,201,0,0,0,0,0,0,0,0
44,2017-04-17,09:00:22,900,p1709,XDCE,5246,5212,5248,146422,7659808680,568846,570874,5466,4946,5206,5216,0,5216,0,0,0,2017-04-17,32422900,5246,50,0,0,0,0,0,0,0,0,5248,203,0,0,0,0,0,0,0,0
45,2017-04-17,09:00:23,382,p1709,XDCE,5246,5212,5248,146422,7659808680,568846,570874,5466,4946,5206,5216,0,5216,0,0,0,2017-04-17,32423382,5246,52,0,0,0,0,0,0,0,0,5248,201,0,0,0,0,0,0,0,0
46,2017-04-17,09:00:23,922,p1709,XDCE,5246,5212,5248,146448,7661172760,568826,570874,5466,4946,5206,5216,0,5216,0,0,0,2017-04-17,32423922,5246,58,0,0,0,0,0,0,0,0,5248,193,0,0,0,0,0,0,0,0
47,2017-04-17,09:00:24,404,p1709,XDCE,5248,5212,5248,146480,7662851560,568798,570874,5466,4946,5206,5216,0,5216,0,0,0,2017-04-17,32424404,5246,49,0,0,0,0,0,0,0,0,5248,191,0,0,0,0,0,0,0,0
48,2017-04-17,09:00:24,887,p1709,XDCE,5248,5212,5248,146480,7662851560,568798,570874,5466,4946,5206,5216,0,5216,0,0,0,2017-04-17,32424887,5246,70,0,0,0,0,0,0,0,0,5248,193,0,0,0,0,0,0,0,0
49,2017-04-17,09:00:25,425,p1709,XDCE,5246,5212,5248,146492,7663481120,568794,570874,5466,4946,5206,5216,0,5216,0,0,0,2017-04-17,32425425,5246,69,0,0,0,0,0,0,0,0,5248,180,0,0,0,0,0,0,0,0
50,2017-04-17,09:00:25,927,p1709,XDCE,5246,5212,5248,146492,7663481120,568794,570874,5466,4946,5206,5216,0,5216,0,0,0,2017-04-17,32425927,5246,68,0,0,0,0,0,0,0,0,5248,179,0,0,0,0,0,0,0,0
51,2017-04-17,09:00:26,425,p1709,XDCE,5248,5212,5248,146500,7663900840,568794,570874,5466,4946,5206,5216,0,5216,0,0,0,2017-04-17,32426425,5246,69,0,0,0,0,0,0,0,0,5248,176,0,0,0,0,0,0,0,0
52,2017-04-17,09:00:26,907,p1709,XDCE,5246,5212,5248,146504,7664110680,568794,570874,5466,4946,5206,5216,0,5216,0,0,0,2017-04-17,32426907,5246,97,0,0,0,0,0,0,0,0,5248,177,0,0,0,0,0,0,0,0
53,2017-04-17,09:00:27,421,p1709,XDCE,5246,5212,5248,146522,7665054960,568810,570874,5466,4946,5206,5216,0,5216,0,0,0,2017-04-17,32427421,5246,100,0,0,0,0,0,0,0,0,5248,183,0,0,0,0,0,0,0,0
54,2017-04-17,09:00:27,837,p1709,XDCE,5248,5212,5248,146536,7665789640,568810,570874,5466,4946,5206,5216,0,5216,0,0,0,2017-04-17,32427837,5246,100,0,0,0,0,0,0,0,0,5248,177,0,0,0,0,0,0,0,0
55,2017-04-17,09:00:28,394,p1709,XDCE,5248,5212,5248,146556,7666839240,568812,570874,5466,4946,5206,5216,0,5216,0,0,0,2017-04-17,32428394,5246,102,0,0,0,0,0,0,0,0,5248,177,0,0,0,0,0,0,0,0
56,2017-04-17,09:00:28,877,p1709,XDCE,5248,5212,5248,146584,7668308200,568814,570874,5466,4946,5206,5216,0,5216,0,0,0,2017-04-17,32428877,5246,102,0,0,0,0,0,0,0,0,5248,186,0,0,0,0,0,0,0,0
57,2017-04-17,09:00:29,374,p1709,XDCE,5246,5212,5248,146610,7669672520,568802,570874,5466,4946,5206,5216,0,5216,0,0,0,2017-04-17,32429374,5246,104,0,0,0,0,0,0,0,0,5248,177,0,0,0,0,0,0,0,0
58,2017-04-17,09:00:29,927,p1709,XDCE,5248,5212,5248,146658,7672191520,568808,570874,5466,4946,5206,5216,0,5216,0,0,0,2017-04-17,32429927,5246,158,0,0,0,0,0,0,0,0,5248,148,0,0,0,0,0,0,0,0
59,2017-04-17,09:00:30,384,p1709,XDCE,5246,5212,5248,146724,7675654360,568852,570874,5466,4946,5206,5216,0,5216,0,0,0,2017-04-17,32430384,5246,123,0,0,0,0,0,0,0,0,5248,136,0,0,0,0,0,0,0,0
60,2017-04-17,09:00:30,929,p1709,XDCE,5246,5212,5248,146776,7678382360,568846,570874,5466,4946,5206,5216,0,5216,0,0,0,2017-04-17,32430929,5246,63,0,0,0,0,0,0,0,0,5248,134,0,0,0,0,0,0,0,0
61,2017-04-17,09:00:31,428,p1709,XDCE,5246,5212,5248,146866,7683105320,568922,570874,5466,4946,5206,5216,0,5216,0,0,0,2017-04-17,32431428,5246,63,0,0,0,0,0,0,0,0,5248,103,0,0,0,0,0,0,0,0
62,2017-04-17,09:00:31,841,p1709,XDCE,5248,5212,5248,146916,7685729320,568900,570874,5466,4946,5206,5216,0,5216,0,0,0,2017-04-17,32431841,5246,88,0,0,0,0,0,0,0,0,5248,69,0,0,0,0,0,0,0,0
63,2017-04-17,09:00:32,415,p1709,XDCE,5248,5212,5248,147054,7692971560,568900,570874,5466,4946,5206,5216,0,5216,0,0,0,2017-04-17,32432415,5248,66,0,0,0,0,0,0,0,0,5250,333,0,0,0,0,0,0,0,0
64,2017-04-17,09:00:32,920,p1709,XDCE,5248,5212,5248,147060,7693286440,568898,570874,5466,4946,5206,5216,0,5216,0,0,0,2017-04-17,32432920,5248,69,0,0,0,0,0,0,0,0,5250,347,0,0,0,0,0,0,0,0
65,2017-04-17,09:00:33,384,p1709,XDCE,5248,5212,5248,147068,7693706280,568898,570874,5466,4946,5206,5216,0,5216,0,0,0,2017-04-17,32433384,5248,77,0,0,0,0,0,0,0,0,5250,347,0,0,0,0,0,0,0,0
66,2017-04-17,09:00:33,875,p1709,XDCE,5250,5212,5250,147070,7693811280,568896,570874,5466,4946,5206,5216,0,5216,0,0,0,2017-04-17,32433875,5248,92,0,0,0,0,0,0,0,0,5250,345,0,0,0,0,0,0,0,0
67,2017-04-17,09:00:34,414,p1709,XDCE,5250,5212,5250,147510,7716910720,568674,570874,5466,4946,5206,5216,0,5216,0,0,0,2017-04-17,32434414,5248,77,0,0,0,0,0,0,0,0,5250,124,0,0,0,0,0,0,0,0
68,2017-04-17,09:00:34,924,p1709,XDCE,5250,5212,5250,147722,7728040640,568782,570874,5466,4946,5206,5216,0,5216,0,0,0,2017-04-17,32434924,5248,90,0,0,0,0,0,0,0,0,5250,20,0,0,0,0,0,0,0,0
69,2017-04-17,09:00:35,421,p1709,XDCE,5250,5212,5252,147788,7731506080,568788,570874,5466,4946,5206,5216,0,5216,0,0,0,2017-04-17,32435421,5250,64,0,0,0,0,0,0,0,0,5252,141,0,0,0,0,0,0,0,0
70,2017-04-17,09:00:35,920,p1709,XDCE,5252,5212,5252,147888,7736757600,568754,570874,5466,4946,5206,5216,0,5216,0,0,0,2017-04-17,32435920,5250,43,0,0,0,0,0,0,0,0,5252,124,0,0,0,0,0,0,0,0
71,2017-04-17,09:00:36,417,p1709,XDCE,5250,5212,5252,147952,7740118760,568724,570874,5466,4946,5206,5216,0,5216,0,0,0,2017-04-17,32436417,5250,143,0,0,0,0,0,0,0,0,5252,92,0,0,0,0,0,0,0,0
72,2017-04-17,09:00:36,904,p1709,XDCE,5252,5212,5252,147974,7741273920,568720,570874,5466,4946,5206,5216,0,5216,0,0,0,2017-04-17,32436904,5250,137,0,0,0,0,0,0,0,0,5252,98,0,0,0,0,0,0,0,0
73,2017-04-17,09:00:37,402,p1709,XDCE,5252,5212,5252,148012,7743269480,568730,570874,5466,4946,5206,5216,0,5216,0,0,0,2017-04-17,32437402,5250,134,0,0,0,0,0,0,0,0,5252,95,0,0,0,0,0,0,0,0
74,2017-04-17,09:00:37,890,p1709,XDCE,5252,5212,5252,148052,7745370280,568692,570874,5466,4946,5206,5216,0,5216,0,0,0,2017-04-17,32437890,5250,133,0,0,0,0,0,0,0,0,5252,92,0,0,0,0,0,0,0,0
75,2017-04-17,09:00:38,430,p1709,XDCE,5252,5212,5252,148060,7745790400,568692,570874,5466,4946,5206,5216,0,5216,0,0,0,2017-04-17,32438430,5250,135,0,0,0,0,0,0,0,0,5252,81,0,0,0,0,0,0,0,0
76,2017-04-17,09:00:38,923,p1709,XDCE,5250,5212,5252,148086,7747155880,568670,570874,5466,4946,5206,5216,0,5216,0,0,0,2017-04-17,32438923,5250,134,0,0,0,0,0,0,0,0,5252,79,0,0,0,0,0,0,0,0
77,2017-04-17,09:00:39,331,p1709,XDCE,5252,5212,5252,148098,7747785920,568670,570874,5466,4946,5206,5216,0,5216,0,0,0,2017-04-17,32439331,5250,129,0,0,0,0,0,0,0,0,5252,79,0,0,0,0,0,0,0,0
78,2017-04-17,09:00:39,928,p1709,XDCE,5252,5212,5252,148116,7748731200,568672,570874,5466,4946,5206,5216,0,5216,0,0,0,2017-04-17,32439928,5250,123,0,0,0,0,0,0,0,0,5252,73,0,0,0,0,0,0,0,0
79,2017-04-17,09:00:40,410,p1709,XDCE,5252,5212,5252,148230,7754718480,568642,570874,5466,4946,5206,5216,0,5216,0,0,0,2017-04-17,32440410,5250,135,0,0,0,0,0,0,0,0,5252,28,0,0,0,0,0,0,0,0
80,2017-04-17,09:00:40,899,p1709,XDCE,5252,5212,5254,148302,7758499960,568642,570874,5466,4946,5206,5216,0,5216,0,0,0,2017-04-17,32440899,5252,19,0,0,0,0,0,0,0,0,5254,102,0,0,0,0,0,0,0,0
81,2017-04-17,09:00:41,409,p1709,XDCE,5252,5212,5254,148344,7760706440,568642,570874,5466,4946,5206,5216,0,5216,0,0,0,2017-04-17,32441409,5252,18,0,0,0,0,0,0,0,0,5254,95,0,0,0,0,0,0,0,0
82,2017-04-17,09:00:41,923,p1709,XDCE,5252,5212,5254,148358,7761441720,568642,570874,5466,4946,5206,5216,0,5216,0,0,0,2017-04-17,32441923,5252,24,0,0,0,0,0,0,0,0,5254,101,0,0,0,0,0,0,0,0
83,2017-04-17,09:00:42,431,p1709,XDCE,5254,5212,5254,148366,7761861920,568642,570874,5466,4946,5206,5216,0,5216,0,0,0,2017-04-17,32442431,5252,28,0,0,0,0,0,0,0,0,5254,93,0,0,0,0,0,0,0,0
84,2017-04-17,09:00:42,930,p1709,XDCE,5252,5212,5254,148396,7763437880,568638,570874,5466,4946,5206,5216,0,5216,0,0,0,2017-04-17,32442930,5252,28,0,0,0,0,0,0,0,0,5254,89,0,0,0,0,0,0,0,0
85,2017-04-17,09:00:43,427,p1709,XDCE,5252,5212,5254,148406,7763963200,568632,570874,5466,4946,5206,5216,0,5216,0,0,0,2017-04-17,32443427,5252,41,0,0,0,0,0,0,0,0,5254,76,0,0,0,0,0,0,0,0
86,2017-04-17,09:00:43,897,p1709,XDCE,5254,5212,5254,148410,7764173360,568632,570874,5466,4946,5206,5216,0,5216,0,0,0,2017-04-17,32443897,5252,42,0,0,0,0,0,0,0,0,5254,74,0,0,0,0,0,0,0,0
87,2017-04-17,09:00:44,412,p1709,XDCE,5254,5212,5254,148468,7767220600,568606,570874,5466,4946,5206,5216,0,5216,0,0,0,2017-04-17,32444412,5252,40,0,0,0,0,0,0,0,0,5254,50,0,0,0,0,0,0,0,0
88,2017-04-17,09:00:44,895,p1709,XDCE,5252,5212,5254,148532,7770583120,568590,570874,5466,4946,5206,5216,0,5216,0,0,0,2017-04-17,32444895,5252,65,0,0,0,0,0,0,0,0,5254,40,0,0,0,0,0,0,0,0
89,2017-04-17,09:00:45,412,p1709,XDCE,5252,5212,5254,148542,7771108440,568590,570874,5466,4946,5206,5216,0,5216,0,0,0,2017-04-17,32445412,5252,69,0,0,0,0,0,0,0,0,5254,38,0,0,0,0,0,0,0,0
90,2017-04-17,09:00:45,926,p1709,XDCE,5252,5212,5254,148624,7775416360,568570,570874,5466,4946,5206,5216,0,5216,0,0,0,2017-04-17,32445926,5252,63,0,0,0,0,0,0,0,0,5254,59,0,0,0,0,0,0,0,0
91,2017-04-17,09:00:46,423,p1709,XDCE,5254,5212,5254,148636,7776046800,568574,570874,5466,4946,5206,5216,0,5216,0,0,0,2017-04-17,32446423,5252,66,0,0,0,0,0,0,0,0,5254,60,0,0,0,0,0,0,0,0
92,2017-04-17,09:00:46,918,p1709,XDCE,5252,5212,5254,148646,7776572160,568572,570874,5466,4946,5206,5216,0,5216,0,0,0,2017-04-17,32446918,5252,65,0,0,0,0,0,0,0,0,5254,56,0,0,0,0,0,0,0,0
93,2017-04-17,09:00:47,381,p1709,XDCE,5252,5212,5254,148704,7779619400,568564,570874,5466,4946,5206,5216,0,5216,0,0,0,2017-04-17,32447381,5252,69,0,0,0,0,0,0,0,0,5254,35,0,0,0,0,0,0,0,0
94,2017-04-17,09:00:47,901,p1709,XDCE,5252,5212,5254,148704,7779619400,568564,570874,5466,4946,5206,5216,0,5216,0,0,0,2017-04-17,32447901,5252,67,0,0,0,0,0,0,0,0,5254,87,0,0,0,0,0,0,0,0
95,2017-04-17,09:00:48,428,p1709,XDCE,5252,5212,5254,148710,7779934560,568566,570874,5466,4946,5206,5216,0,5216,0,0,0,2017-04-17,32448428,5252,175,0,0,0,0,0,0,0,0,5254,143,0,0,0,0,0,0,0,0
96,2017-04-17,09:00:48,871,p1709,XDCE,5254,5212,5254,148716,7780249720,568566,570874,5466,4946,5206,5216,0,5216,0,0,0,2017-04-17,32448871,5252,173,0,0,0,0,0,0,0,0,5254,154,0,0,0,0,0,0,0,0
97,2017-04-17,09:00:49,365,p1709,XDCE,5254,5212,5254,148762,7782666560,568568,570874,5466,4946,5206,5216,0,5216,0,0,0,2017-04-17,32449365,5252,183,0,0,0,0,0,0,0,0,5254,121,0,0,0,0,0,0,0,0
98,2017-04-17,09:00:49,910,p1709,XDCE,5252,5212,5254,148822,7785818320,568572,570874,5466,4946,5206,5216,0,5216,0,0,0,2017-04-17,32449910,5252,167,0,0,0,0,0,0,0,0,5254,109,0,0,0,0,0,0,0,0
99,2017-04-17,09:00:50,428,p1709,XDCE,5254,5212,5254,148832,7786343680,568576,570874,5466,4946,5206,5216,0,5216,0,0,0,2017-04-17,32450428,5252,171,0,0,0,0,0,0,0,0,5254,51,0,0,0,0,0,0,0,0
100,2017-04-17,09:00:50,923,p1709,XDCE,5256,5212,5256,148938,7791913000,568616,570874,5466,4946,5206,5216,0,5216,0,0,0,2017-04-17,32450923,5254,33,0,0,0,0,0,0,0,0,5256,209,0,0,0,0,0,0,0,0
101,2017-04-17,09:00:51,430,p1709,XDCE,5256,5212,5256,149004,7795381480,568606,570874,5466,4946,5206,5216,0,5216,0,0,0,2017-04-17,32451430,5254,77,0,0,0,0,0,0,0,0,5256,194,0,0,0,0,0,0,0,0
102,2017-04-17,09:00:51,926,p1709,XDCE,5256,5212,5256,149174,7804316680,568626,570874,5466,4946,5206,5216,0,5216,0,0,0,2017-04-17,32451926,5254,119,0,0,0,0,0,0,0,0,5256,99,0,0,0,0,0,0,0,0
103,2017-04-17,09:00:52,395,p1709,XDCE,5256,5212,5256,149350,7813567240,568636,570874,5466,4946,5206,5216,0,5216,0,0,0,2017-04-17,32452395,5256,18,0,0,0,0,0,0,0,0,5258,277,0,0,0,0,0,0,0,0
104,2017-04-17,09:00:52,914,p1709,XDCE,5260,5212,5260,150430,7870364320,568702,570874,5466,4946,5206,5216,0,5216,0,0,0,2017-04-17,32452914,5258,116,0,0,0,0,0,0,0,0,5260,184,0,0,0,0,0,0,0,0
105,2017-04-17,09:00:53,427,p1709,XDCE,5262,5212,5264,151496,7926454120,568594,570874,5466,4946,5206,5216,0,5216,0,0,0,2017-04-17,32453427,5262,151,0,0,0,0,0,0,0,0,5266,187,0,0,0,0,0,0,0,0
106,2017-04-17,09:00:53,928,p1709,XDCE,5266,5212,5266,151892,7947305760,568460,570874,5466,4946,5206,5216,0,5216,0,0,0,2017-04-17,32453928,5264,43,0,0,0,0,0,0,0,0,5266,63,0,0,0,0,0,0,0,0
107,2017-04-17,09:00:54,431,p1709,XDCE,5266,5212,5268,152954,8003228040,568202,570874,5466,4946,5206,5216,0,5216,0,0,0,2017-04-17,32454431,5262,20,0,0,0,0,0,0,0,0,5266,15,0,0,0,0,0,0,0,0
108,2017-04-17,09:00:54,918,p1709,XDCE,5262,5212,5268,153598,8037110480,568044,570874,5466,4946,5206,5216,0,5216,0,0,0,2017-04-17,32454918,5260,9,0,0,0,0,0,0,0,0,5262,174,0,0,0,0,0,0,0,0
109,2017-04-17,09:00:55,420,p1709,XDCE,5262,5212,5268,153654,8040056520,568038,570874,5466,4946,5206,5216,0,5216,0,0,0,2017-04-17,32455420,5258,145,0,0,0,0,0,0,0,0,5260,11,0,0,0,0,0,0,0,0
110,2017-04-17,09:00:55,920,p1709,XDCE,5260,5212,5268,153944,8055314320,568028,570874,5466,4946,5206,5216,0,5216,0,0,0,2017-04-17,32455920,5260,14,0,0,0,0,0,0,0,0,5262,111,0,0,0,0,0,0,0,0
111,2017-04-17,09:00:56,421,p1709,XDCE,5260,5212,5268,154040,8060363200,568016,570874,5466,4946,5206,5216,0,5216,0,0,0,2017-04-17,32456421,5258,126,0,0,0,0,0,0,0,0,5260,36,0,0,0,0,0,0,0,0
112,2017-04-17,09:00:56,923,p1709,XDCE,5258,5212,5268,154168,8067094080,567954,570874,5466,4946,5206,5216,0,5216,0,0,0,2017-04-17,32456923,5258,60,0,0,0,0,0,0,0,0,5260,62,0,0,0,0,0,0,0,0
113,2017-04-17,09:00:57,426,p1709,XDCE,5260,5212,5268,154346,8076453840,567978,570874,5466,4946,5206,5216,0,5216,0,0,0,2017-04-17,32457426,5258,26,0,0,0,0,0,0,0,0,5260,66,0,0,0,0,0,0,0,0
114,2017-04-17,09:00:57,875,p1709,XDCE,5260,5212,5268,154394,8078977720,567988,570874,5466,4946,5206,5216,0,5216,0,0,0,2017-04-17,32457875,5258,37,0,0,0,0,0,0,0,0,5260,98,0,0,0,0,0,0,0,0
115,2017-04-17,09:00:58,391,p1709,XDCE,5258,5212,5268,154502,8084656360,567980,570874,5466,4946,5206,5216,0,5216,0,0,0,2017-04-17,32458391,5256,105,0,0,0,0,0,0,0,0,5258,61,0,0,0,0,0,0,0,0
116,2017-04-17,09:00:58,911,p1709,XDCE,5258,5212,5268,154504,8084761520,567980,570874,5466,4946,5206,5216,0,5216,0,0,0,2017-04-17,32458911,5256,81,0,0,0,0,0,0,0,0,5258,183,0,0,0,0,0,0,0,0
117,2017-04-17,09:00:59,430,p1709,XDCE,5258,5212,5268,154548,8087074920,567974,570874,5466,4946,5206,5216,0,5216,0,0,0,2017-04-17,32459430,5256,56,0,0,0,0,0,0,0,0,5258,179,0,0,0,0,0,0,0,0
118,2017-04-17,09:00:59,925,p1709,XDCE,5258,5212,5268,154596,8089598720,567970,570874,5466,4946,5206,5216,0,5216,0,0,0,2017-04-17,32459925,5256,60,0,0,0,0,0,0,0,0,5258,150,0,0,0,0,0,0,0,0
119,2017-04-17,09:01:00,356,p1709,XDCE,5258,5212,5268,154716,8095906080,567930,570874,5466,4946,5206,5216,0,5216,0,0,0,2017-04-17,32460356,5254,171,0,0,0,0,0,0,0,0,5258,148,0,0,0,0,0,0,0,0
120,2017-04-17,09:01:00,930,p1709,XDCE,5256,5212,5268,154808,8100742200,567902,570874,5466,4946,5206,5216,0,5216,0,0,0,2017-04-17,32460930,5256,9,0,0,0,0,0,0,0,0,5258,133,0,0,0,0,0,0,0,0
121,2017-04-17,09:01:01,338,p1709,XDCE,5258,5212,5268,155042,8113045880,567992,570874,5466,4946,5206,5216,0,5216,0,0,0,2017-04-17,32461338,5256,19,0,0,0,0,0,0,0,0,5258,29,0,0,0,0,0,0,0,0
122,2017-04-17,09:01:01,909,p1709,XDCE,5258,5212,5268,155124,8117357320,567982,570874,5466,4946,5206,5216,0,5216,0,0,0,2017-04-17,32461909,5258,41,0,0,0,0,0,0,0,0,5260,91,0,0,0,0,0,0,0,0
123,2017-04-17,09:01:02,426,p1709,XDCE,5258,5212,5268,155230,8122930760,568040,570874,5466,4946,5206,5216,0,5216,0,0,0,2017-04-17,32462426,5256,108,0,0,0,0,0,0,0,0,5258,40,0,0,0,0,0,0,0,0
124,2017-04-17,09:01:02,927,p1709,XDCE,5258,5212,5268,155312,8127242320,568086,570874,5466,4946,5206,5216,0,5216,0,0,0,2017-04-17,32462927,5256,84,0,0,0,0,0,0,0,0,5258,10,0,0,0,0,0,0,0,0
125,2017-04-17,09:01:03,346,p1709,XDCE,5256,5212,5268,155338,8128609120,568092,570874,5466,4946,5206,5216,0,5216,0,0,0,2017-04-17,32463346,5256,68,0,0,0,0,0,0,0,0,5258,79,0,0,0,0,0,0,0,0
126,2017-04-17,09:01:03,929,p1709,XDCE,5256,5212,5268,155476,8135862440,568038,570874,5466,4946,5206,5216,0,5216,0,0,0,2017-04-17,32463929,5254,171,0,0,0,0,0,0,0,0,5256,153,0,0,0,0,0,0,0,0
127,2017-04-17,09:01:04,425,p1709,XDCE,5256,5212,5268,155508,8137544000,568042,570874,5466,4946,5206,5216,0,5216,0,0,0,2017-04-17,32464425,5254,168,0,0,0,0,0,0,0,0,5256,178,0,0,0,0,0,0,0,0
128,2017-04-17,09:01:04,917,p1709,XDCE,5256,5212,5268,155532,8138805120,568052,570874,5466,4946,5206,5216,0,5216,0,0,0,2017-04-17,32464917,5254,158,0,0,0,0,0,0,0,0,5256,184,0,0,0,0,0,0,0,0
129,2017-04-17,09:01:05,428,p1709,XDCE,5256,5212,5268,155542,8139330640,568050,570874,5466,4946,5206,5216,0,5216,0,0,0,2017-04-17,32465428,5254,156,0,0,0,0,0,0,0,0,5256,194,0,0,0,0,0,0,0,0
130,2017-04-17,09:01:05,931,p1709,XDCE,5254,5212,5268,155826,8154252040,568224,570874,5466,4946,5206,5216,0,5216,0,0,0,2017-04-17,32465931,5254,22,0,0,0,0,0,0,0,0,5256,227,0,0,0,0,0,0,0,0
131,2017-04-17,09:01:06,427,p1709,XDCE,5254,5212,5268,155930,8159715600,568280,570874,5466,4946,5206,5216,0,5216,0,0,0,2017-04-17,32466427,5252,53,0,0,0,0,0,0,0,0,5254,126,0,0,0,0,0,0,0,0
132,2017-04-17,09:01:06,915,p1709,XDCE,5252,5212,5268,156018,8164337360,568352,570874,5466,4946,5206,5216,0,5216,0,0,0,2017-04-17,32466915,5250,204,0,0,0,0,0,0,0,0,5252,51,0,0,0,0,0,0,0,0
133,2017-04-17,09:01:07,414,p1709,XDCE,5252,5212,5268,156024,8164652400,568354,570874,5466,4946,5206,5216,0,5216,0,0,0,2017-04-17,32467414,5250,209,0,0,0,0,0,0,0,0,5252,78,0,0,0,0,0,0,0,0
134,2017-04-17,09:01:07,927,p1709,XDCE,5252,5212,5268,156036,8165282640,568364,570874,5466,4946,5206,5216,0,5216,0,0,0,2017-04-17,32467927,5250,205,0,0,0,0,0,0,0,0,5252,96,0,0,0,0,0,0,0,0
135,2017-04-17,09:01:08,428,p1709,XDCE,5252,5212,5268,156040,8165492720,568368,570874,5466,4946,5206,5216,0,5216,0,0,0,2017-04-17,32468428,5250,206,0,0,0,0,0,0,0,0,5252,97,0,0,0,0,0,0,0,0
136,2017-04-17,09:01:08,917,p1709,XDCE,5252,5212,5268,156212,8174525720,568468,570874,5466,4946,5206,5216,0,5216,0,0,0,2017-04-17,32468917,5250,206,0,0,0,0,0,0,0,0,5252,22,0,0,0,0,0,0,0,0
137,2017-04-17,09:01:09,378,p1709,XDCE,5250,5212,5268,156776,8204138720,568228,570874,5466,4946,5206,5216,0,5216,0,0,0,2017-04-17,32469378,5248,158,0,0,0,0,0,0,0,0,5250,41,0,0,0,0,0,0,0,0
138,2017-04-17,09:01:09,916,p1709,XDCE,5250,5212,5268,156794,8205083600,568226,570874,5466,4946,5206,5216,0,5216,0,0,0,2017-04-17,32469916,5248,126,0,0,0,0,0,0,0,0,5250,77,0,0,0,0,0,0,0,0
139,2017-04-17,09:01:10,401,p1709,XDCE,5250,5212,5268,156898,8210543560,568142,570874,5466,4946,5206,5216,0,5216,0,0,0,2017-04-17,32470401,5248,130,0,0,0,0,0,0,0,0,5250,36,0,0,0,0,0,0,0,0
140,2017-04-17,09:01:10,909,p1709,XDCE,5250,5212,5268,156978,8214742680,568190,570874,5466,4946,5206,5216,0,5216,0,0,0,2017-04-17,32470909,5248,116,0,0,0,0,0,0,0,0,5250,23,0,0,0,0,0,0,0,0
141,2017-04-17,09:01:11,420,p1709,XDCE,5250,5212,5268,157004,8216107600,568192,570874,5466,4946,5206,5216,0,5216,0,0,0,2017-04-17,32471420,5248,114,0,0,0,0,0,0,0,0,5250,13,0,0,0,0,0,0,0,0
142,2017-04-17,09:01:11,873,p1709,XDCE,5250,5212,5268,157038,8217892600,568214,570874,5466,4946,5206,5216,0,5216,0,0,0,2017-04-17,32471873,5250,4,0,0,0,0,0,0,0,0,5252,109,0,0,0,0,0,0,0,0
143,2017-04-17,09:01:12,399,p1709,XDCE,5252,5212,5268,157062,8219152840,568214,570874,5466,4946,5206,5216,0,5216,0,0,0,2017-04-17,32472399,5250,38,0,0,0,0,0,0,0,0,5252,119,0,0,0,0,0,0,0,0
144,2017-04-17,09:01:12,926,p1709,XDCE,5250,5212,5268,157076,8219888000,568210,570874,5466,4946,5206,5216,0,5216,0,0,0,2017-04-17,32472926,5250,59,0,0,0,0,0,0,0,0,5252,105,0,0,0,0,0,0,0,0
145,2017-04-17,09:01:13,420,p1709,XDCE,5250,5212,5268,157120,8222198000,568180,570874,5466,4946,5206,5216,0,5216,0,0,0,2017-04-17,32473420,5250,62,0,0,0,0,0,0,0,0,5252,100,0,0,0,0,0,0,0,0
146,2017-04-17,09:01:13,926,p1709,XDCE,5252,5212,5268,157174,8225033560,568166,570874,5466,4946,5206,5216,0,5216,0,0,0,2017-04-17,32473926,5250,51,0,0,0,0,0,0,0,0,5252,86,0,0,0,0,0,0,0,0
147,2017-04-17,09:01:14,415,p1709,XDCE,5252,5212,5268,157184,8225558760,568176,570874,5466,4946,5206,5216,0,5216,0,0,0,2017-04-17,32474415,5250,56,0,0,0,0,0,0,0,0,5252,81,0,0,0,0,0,0,0,0
148,2017-04-17,09:01:14,919,p1709,XDCE,5252,5212,5268,157188,8225768840,568180,570874,5466,4946,5206,5216,0,5216,0,0,0,2017-04-17,32474919,5250,141,0,0,0,0,0,0,0,0,5252,84,0,0,0,0,0,0,0,0
149,2017-04-17,09:01:15,341,p1709,XDCE,5252,5212,5268,157190,8225873880,568182,570874,5466,4946,5206,5216,0,5216,0,0,0,2017-04-17,32475341,5250,142,0,0,0,0,0,0,0,0,5252,82,0,0,0,0,0,0,0,0
150,2017-04-17,09:01:15,919,p1709,XDCE,5252,5212,5268,157208,8226819080,568180,570874,5466,4946,5206,5216,0,5216,0,0,0,2017-04-17,32475919,5250,141,0,0,0,0,0,0,0,0,5252,85,0,0,0,0,0,0,0,0
151,2017-04-17,09:01:16,422,p1709,XDCE,5250,5212,5268,157226,8227764120,568172,570874,5466,4946,5206,5216,0,5216,0,0,0,2017-04-17,32476422,5250,140,0,0,0,0,0,0,0,0,5252,87,0,0,0,0,0,0,0,0
152,2017-04-17,09:01:16,924,p1709,XDCE,5252,5212,5268,157244,8228709280,568182,570874,5466,4946,5206,5216,0,5216,0,0,0,2017-04-17,32476924,5250,145,0,0,0,0,0,0,0,0,5252,68,0,0,0,0,0,0,0,0
153,2017-04-17,09:01:17,425,p1709,XDCE,5252,5212,5268,157246,8228814320,568184,570874,5466,4946,5206,5216,0,5216,0,0,0,2017-04-17,32477425,5250,147,0,0,0,0,0,0,0,0,5252,65,0,0,0,0,0,0,0,0
154,2017-04-17,09:01:17,927,p1709,XDCE,5252,5212,5268,157412,8237532000,568234,570874,5466,4946,5206,5216,0,5216,0,0,0,2017-04-17,32477927,5250,145,0,0,0,0,0,0,0,0,5252,46,0,0,0,0,0,0,0,0
155,2017-04-17,09:01:18,397,p1709,XDCE,5252,5212,5268,157414,8237637040,568234,570874,5466,4946,5206,5216,0,5216,0,0,0,2017-04-17,32478397,5250,149,0,0,0,0,0,0,0,0,5252,106,0,0,0,0,0,0,0,0
156,2017-04-17,09:01:18,868,p1709,XDCE,5252,5212,5268,157452,8239632680,568214,570874,5466,4946,5206,5216,0,5216,0,0,0,2017-04-17,32478868,5250,147,0,0,0,0,0,0,0,0,5252,90,0,0,0,0,0,0,0,0
157,2017-04-17,09:01:19,418,p1709,XDCE,5252,5212,5268,157456,8239842760,568214,570874,5466,4946,5206,5216,0,5216,0,0,0,2017-04-17,32479418,5250,147,0,0,0,0,0,0,0,0,5252,119,0,0,0,0,0,0,0,0
158,2017-04-17,09:01:19,905,p1709,XDCE,5250,5212,5268,157462,8240157840,568212,570874,5466,4946,5206,5216,0,5216,0,0,0,2017-04-17,32479905,5250,129,0,0,0,0,0,0,0,0,5252,157,0,0,0,0,0,0,0,0
159,2017-04-17,09:01:20,419,p1709,XDCE,5250,5212,5268,157732,8254332920,568216,570874,5466,4946,5206,5216,0,5216,0,0,0,2017-04-17,32480419,5248,229,0,0,0,0,0,0,0,0,5250,22,0,0,0,0,0,0,0,0
160,2017-04-17,09:01:20,884,p1709,XDCE,5250,5212,5268,157744,8254962920,568224,570874,5466,4946,5206,5216,0,5216,0,0,0,2017-04-17,32480884,5248,210,0,0,0,0,0,0,0,0,5250,56,0,0,0,0,0,0,0,0
161,2017-04-17,09:01:21,349,p1709,XDCE,5250,5212,5268,157748,8255172920,568228,570874,5466,4946,5206,5216,0,5216,0,0,0,2017-04-17,32481349,5248,202,0,0,0,0,0,0,0,0,5250,120,0,0,0,0,0,0,0,0
162,2017-04-17,09:01:21,891,p1709,XDCE,5250,5212,5268,157764,8256012840,568242,570874,5466,4946,5206,5216,0,5216,0,0,0,2017-04-17,32481891,5248,193,0,0,0,0,0,0,0,0,5250,114,0,0,0,0,0,0,0,0
163,2017-04-17,09:01:22,425,p1709,XDCE,5248,5212,5268,157780,8256852520,568250,570874,5466,4946,5206,5216,0,5216,0,0,0,2017-04-17,32482425,5248,185,0,0,0,0,0,0,0,0,5250,115,0,0,0,0,0,0,0,0
164,2017-04-17,09:01:22,925,p1709,XDCE,5250,5212,5268,158016,8269242160,568324,570874,5466,4946,5206,5216,0,5216,0,0,0,2017-04-17,32482925,5248,199,0,0,0,0,0,0,0,0,5252,159,0,0,0,0,0,0,0,0
165,2017-04-17,09:01:23,409,p1709,XDCE,5248,5212,5268,158018,8269347120,568326,570874,5466,4946,5206,5216,0,5216,0,0,0,2017-04-17,32483409,5250,34,0,0,0,0,0,0,0,0,5252,140,0,0,0,0,0,0,0,0
166,2017-04-17,09:01:23,930,p1709,XDCE,5250,5212,5268,158180,8277850720,568252,570874,5466,4946,5206,5216,0,5216,0,0,0,2017-04-17,32483930,5248,176,0,0,0,0,0,0,0,0,5250,1,0,0,0,0,0,0,0,0
167,2017-04-17,09:01:24,413,p1709,XDCE,5250,5212,5268,158180,8277850720,568252,570874,5466,4946,5206,5216,0,5216,0,0,0,2017-04-17,32484413,5248,163,0,0,0,0,0,0,0,0,5250,24,0,0,0,0,0,0,0,0
168,2017-04-17,09:01:24,910,p1709,XDCE,5250,5212,5268,158198,8278795720,568266,570874,5466,4946,5206,5216,0,5216,0,0,0,2017-04-17,32484910,5248,164,0,0,0,0,0,0,0,0,5250,22,0,0,0,0,0,0,0,0
169,2017-04-17,09:01:25,371,p1709,XDCE,5250,5212,5268,158216,8279740680,568258,570874,5466,4946,5206,5216,0,5216,0,0,0,2017-04-17,32485371,5248,153,0,0,0,0,0,0,0,0,5250,70,0,0,0,0,0,0,0,0
170,2017-04-17,09:01:25,878,p1709,XDCE,5250,5212,5268,158226,8280265640,568258,570874,5466,4946,5206,5216,0,5216,0,0,0,2017-04-17,32485878,5248,152,0,0,0,0,0,0,0,0,5250,75,0,0,0,0,0,0,0,0
171,2017-04-17,09:01:26,403,p1709,XDCE,5248,5212,5268,158236,8280790560,568262,570874,5466,4946,5206,5216,0,5216,0,0,0,2017-04-17,32486403,5248,140,0,0,0,0,0,0,0,0,5250,104,0,0,0,0,0,0,0,0
172,2017-04-17,09:01:26,867,p1709,XDCE,5248,5212,5268,158284,8283310520,568260,570874,5466,4946,5206,5216,0,5216,0,0,0,2017-04-17,32486867,5248,148,0,0,0,0,0,0,0,0,5250,86,0,0,0,0,0,0,0,0
173,2017-04-17,09:01:27,385,p1709,XDCE,5250,5212,5268,158286,8283415520,568260,570874,5466,4946,5206,5216,0,5216,0,0,0,2017-04-17,32487385,5248,148,0,0,0,0,0,0,0,0,5250,93,0,0,0,0,0,0,0,0
174,2017-04-17,09:01:27,923,p1709,XDCE,5248,5212,5268,158296,8283940400,568260,570874,5466,4946,5206,5216,0,5216,0,0,0,2017-04-17,32487923,5248,146,0,0,0,0,0,0,0,0,5250,97,0,0,0,0,0,0,0,0
175,2017-04-17,09:01:28,381,p1709,XDCE,5248,5212,5268,158296,8283940400,568260,570874,5466,4946,5206,5216,0,5216,0,0,0,2017-04-17,32488381,5248,146,0,0,0,0,0,0,0,0,5250,100,0,0,0,0,0,0,0,0
176,2017-04-17,09:01:28,894,p1709,XDCE,5250,5212,5268,158298,8284045400,568260,570874,5466,4946,5206,5216,0,5216,0,0,0,2017-04-17,32488894,5248,157,0,0,0,0,0,0,0,0,5250,70,0,0,0,0,0,0,0,0
177,2017-04-17,09:01:29,372,p1709,XDCE,5248,5212,5268,158440,8291497560,568280,570874,5466,4946,5206,5216,0,5216,0,0,0,2017-04-17,32489372,5248,87,0,0,0,0,0,0,0,0,5250,76,0,0,0,0,0,0,0,0
178,2017-04-17,09:01:29,903,p1709,XDCE,5250,5212,5268,158508,8295066280,568280,570874,5466,4946,5206,5216,0,5216,0,0,0,2017-04-17,32489903,5248,39,0,0,0,0,0,0,0,0,5250,86,0,0,0,0,0,0,0,0
179,2017-04-17,09:01:30,422,p1709,XDCE,5248,5212,5268,158630,8301468680,568300,570874,5466,4946,5206,5216,0,5216,0,0,0,2017-04-17,32490422,5246,98,0,0,0,0,0,0,0,0,5248,33,0,0,0,0,0,0,0,0
180,2017-04-17,09:01:30,927,p1709,XDCE,5246,5212,5268,158732,8306819600,568260,570874,5466,4946,5206,5216,0,5216,0,0,0,2017-04-17,32490927,5246,40,0,0,0,0,0,0,0,0,5248,47,0,0,0,0,0,0,0,0
181,2017-04-17,09:01:31,422,p1709,XDCE,5248,5212,5268,158746,8307554280,568268,570874,5466,4946,5206,5216,0,5216,0,0,0,2017-04-17,32491422,5246,48,0,0,0,0,0,0,0,0,5248,40,0,0,0,0,0,0,0,0
182,2017-04-17,09:01:31,911,p1709,XDCE,5246,5212,5268,158788,8309757880,568268,570874,5466,4946,5206,5216,0,5216,0,0,0,2017-04-17,32491911,5246,35,0,0,0,0,0,0,0,0,5248,43,0,0,0,0,0,0,0,0
183,2017-04-17,09:01:32,309,p1709,XDCE,5246,5212,5268,158788,8309757880,568268,570874,5466,4946,5206,5216,0,5216,0,0,0,2017-04-17,32492309,5246,99,0,0,0,0,0,0,0,0,5248,41,0,0,0,0,0,0,0,0
184,2017-04-17,09:01:32,927,p1709,XDCE,5248,5212,5268,158814,8311122160,568262,570874,5466,4946,5206,5216,0,5216,0,0,0,2017-04-17,32492927,5246,94,0,0,0,0,0,0,0,0,5248,39,0,0,0,0,0,0,0,0
185,2017-04-17,09:01:33,375,p1709,XDCE,5246,5212,5268,158842,8312591080,568238,570874,5466,4946,5206,5216,0,5216,0,0,0,2017-04-17,32493375,5246,103,0,0,0,0,0,0,0,0,5248,32,0,0,0,0,0,0,0,0
186,2017-04-17,09:01:33,882,p1709,XDCE,5246,5212,5268,158848,8312905840,568232,570874,5466,4946,5206,5216,0,5216,0,0,0,2017-04-17,32493882,5246,100,0,0,0,0,0,0,0,0,5248,32,0,0,0,0,0,0,0,0
187,2017-04-17,09:01:34,413,p1709,XDCE,5248,5212,5268,158922,8316789280,568242,570874,5466,4946,5206,5216,0,5216,0,0,0,2017-04-17,32494413,5248,8,0,0,0,0,0,0,0,0,5250,143,0,0,0,0,0,0,0,0
188,2017-04-17,09:01:34,868,p1709,XDCE,5248,5212,5268,158946,8318048720,568248,570874,5466,4946,5206,5216,0,5216,0,0,0,2017-04-17,32494868,5246,119,0,0,0,0,0,0,0,0,5248,16,0,0,0,0,0,0,0,0
189,2017-04-17,09:01:35,400,p1709,XDCE,5248,5212,5268,158980,8319832400,568264,570874,5466,4946,5206,5216,0,5216,0,0,0,2017-04-17,32495400,5246,102,0,0,0,0,0,0,0,0,5248,24,0,0,0,0,0,0,0,0
190,2017-04-17,09:01:35,901,p1709,XDCE,5248,5212,5268,159004,8321091760,568268,570874,5466,4946,5206,5216,0,5216,0,0,0,2017-04-17,32495901,5246,98,0,0,0,0,0,0,0,0,5248,17,0,0,0,0,0,0,0,0
191,2017-04-17,09:01:36,426,p1709,XDCE,5248,5212,5268,159016,8321721520,568266,570874,5466,4946,5206,5216,0,5216,0,0,0,2017-04-17,32496426,5246,103,0,0,0,0,0,0,0,0,5248,23,0,0,0,0,0,0,0,0
192,2017-04-17,09:01:36,879,p1709,XDCE,5248,5212,5268,159020,8321931400,568268,570874,5466,4946,5206,5216,0,5216,0,0,0,2017-04-17,32496879,5246,110,0,0,0,0,0,0,0,0,5248,36,0,0,0,0,0,0,0,0
193,2017-04-17,09:01:37,417,p1709,XDCE,5248,5212,5268,159028,8322351240,568276,570874,5466,4946,5206,5216,0,5216,0,0,0,2017-04-17,32497417,5246,112,0,0,0,0,0,0,0,0,5248,46,0,0,0,0,0,0,0,0
194,2017-04-17,09:01:37,904,p1709,XDCE,5248,5212,5268,159040,8322980960,568276,570874,5466,4946,5206,5216,0,5216,0,0,0,2017-04-17,32497904,5246,111,0,0,0,0,0,0,0,0,5248,56,0,0,0,0,0,0,0,0
195,2017-04-17,09:01:38,408,p1709,XDCE,5248,5212,5268,159068,8324450000,568276,570874,5466,4946,5206,5216,0,5216,0,0,0,2017-04-17,32498408,5246,93,0,0,0,0,0,0,0,0,5248,54,0,0,0,0,0,0,0,0
196,2017-04-17,09:01:38,906,p1709,XDCE,5248,5212,5268,159068,8324450000,568276,570874,5466,4946,5206,5216,0,5216,0,0,0,2017-04-17,32498906,5246,104,0,0,0,0,0,0,0,0,5248,58,0,0,0,0,0,0,0,0
197,2017-04-17,09:01:39,351,p1709,XDCE,5248,5212,5268,159070,8324554960,568276,570874,5466,4946,5206,5216,0,5216,0,0,0,2017-04-17,32499351,5246,115,0,0,0,0,0,0,0,0,5248,51,0,0,0,0,0,0,0,0
198,2017-04-17,09:01:39,911,p1709,XDCE,5246,5212,5268,159082,8325184680,568276,570874,5466,4946,5206,5216,0,5216,0,0,0,2017-04-17,32499911,5246,144,0,0,0,0,0,0,0,0,5248,44,0,0,0,0,0,0,0,0
199,2017-04-17,09:01:40,409,p1709,XDCE,5248,5212,5268,159186,8330642800,568188,570874,5466,4946,5206,5216,0,5216,0,0,0,2017-04-17,32500409,5248,29,0,0,0,0,0,0,0,0,5250,116,0,0,0,0,0,0,0,0
200,2017-04-17,09:01:40,857,p1709,XDCE,5248,5212,5268,159256,8334316520,568184,570874,5466,4946,5206,5216,0,5216,0,0,0,2017-04-17,32500857,5246,146,0,0,0,0,0,0,0,0,5248,23,0,0,0,0,0,0,0,0
201,2017-04-17,09:01:41,418,p1709,XDCE,5246,5212,5268,159348,8339143080,568168,570874,5466,4946,5206,5216,0,5216,0,0,0,2017-04-17,32501418,5246,113,0,0,0,0,0,0,0,0,5248,19,0,0,0,0,0,0,0,0
202,2017-04-17,09:01:41,925,p1709,XDCE,5248,5212,5268,159402,8341976160,568162,570874,5466,4946,5206,5216,0,5216,0,0,0,2017-04-17,32501925,5246,92,0,0,0,0,0,0,0,0,5248,23,0,0,0,0,0,0,0,0
203,2017-04-17,09:01:42,416,p1709,XDCE,5246,5212,5268,159418,8342815640,568160,570874,5466,4946,5206,5216,0,5216,0,0,0,2017-04-17,32502416,5246,70,0,0,0,0,0,0,0,0,5248,81,0,0,0,0,0,0,0,0
204,2017-04-17,09:01:42,883,p1709,XDCE,5248,5212,5268,159428,8343340440,568150,570874,5466,4946,5206,5216,0,5216,0,0,0,2017-04-17,32502883,5246,70,0,0,0,0,0,0,0,0,5248,76,0,0,0,0,0,0,0,0
205,2017-04-17,09:01:43,415,p1709,XDCE,5246,5212,5268,159454,8344704520,568148,570874,5466,4946,5206,5216,0,5216,0,0,0,2017-04-17,32503415,5246,60,0,0,0,0,0,0,0,0,5248,73,0,0,0,0,0,0,0,0
206,2017-04-17,09:01:43,914,p1709,XDCE,5246,5212,5268,159580,8351314480,568258,570874,5466,4946,5206,5216,0,5216,0,0,0,2017-04-17,32503914,5244,124,0,0,0,0,0,0,0,0,5246,43,0,0,0,0,0,0,0,0
207,2017-04-17,09:01:44,404,p1709,XDCE,5244,5212,5268,159586,8351629200,568262,570874,5466,4946,5206,5216,0,5216,0,0,0,2017-04-17,32504404,5244,98,0,0,0,0,0,0,0,0,5246,62,0,0,0,0,0,0,0,0
208,2017-04-17,09:01:44,809,p1709,XDCE,5244,5212,5268,159600,8352363400,568266,570874,5466,4946,5206,5216,0,5216,0,0,0,2017-04-17,32504809,5244,51,0,0,0,0,0,0,0,0,5246,114,0,0,0,0,0,0,0,0
209,2017-04-17,09:01:45,398,p1709,XDCE,5244,5212,5268,159622,8353517080,568262,570874,5466,4946,5206,5216,0,5216,0,0,0,2017-04-17,32505398,5244,39,0,0,0,0,0,0,0,0,5246,115,0,0,0,0,0,0,0,0
210,2017-04-17,09:01:45,855,p1709,XDCE,5244,5212,5268,159672,8356139600,568284,570874,5466,4946,5206,5216,0,5216,0,0,0,2017-04-17,32505855,5244,27,0,0,0,0,0,0,0,0,5246,103,0,0,0,0,0,0,0,0
211,2017-04-17,09:01:46,396,p1709,XDCE,5246,5212,5268,159676,8356349400,568286,570874,5466,4946,5206,5216,0,5216,0,0,0,2017-04-17,32506396,5244,46,0,0,0,0,0,0,0,0,5246,102,0,0,0,0,0,0,0,0
212,2017-04-17,09:01:46,927,p1709,XDCE,5244,5212,5268,159682,8356664040,568286,570874,5466,4946,5206,5216,0,5216,0,0,0,2017-04-17,32506927,5244,111,0,0,0,0,0,0,0,0,5246,92,0,0,0,0,0,0,0,0
213,2017-04-17,09:01:47,429,p1709,XDCE,5246,5212,5268,159688,8356978760,568292,570874,5466,4946,5206,5216,0,5216,0,0,0,2017-04-17,32507429,5244,103,0,0,0,0,0,0,0,0,5246,70,0,0,0,0,0,0,0,0
214,2017-04-17,09:01:47,897,p1709,XDCE,5244,5212,5268,159722,8358761800,568296,570874,5466,4946,5206,5216,0,5216,0,0,0,2017-04-17,32507897,5244,132,0,0,0,0,0,0,0,0,5246,69,0,0,0,0,0,0,0,0
215,2017-04-17,09:01:48,363,p1709,XDCE,5244,5212,5268,159750,8360230320,568294,570874,5466,4946,5206,5216,0,5216,0,0,0,2017-04-17,32508363,5244,130,0,0,0,0,0,0,0,0,5246,65,0,0,0,0,0,0,0,0
216,2017-04-17,09:01:48,907,p1709,XDCE,5246,5212,5268,159762,8360859640,568286,570874,5466,4946,5206,5216,0,5216,0,0,0,2017-04-17,32508907,5244,119,0,0,0,0,0,0,0,0,5246,64,0,0,0,0,0,0,0,0
217,2017-04-17,09:01:49,342,p1709,XDCE,5244,5212,5268,159778,8361698920,568294,570874,5466,4946,5206,5216,0,5216,0,0,0,2017-04-17,32509342,5244,133,0,0,0,0,0,0,0,0,5246,58,0,0,0,0,0,0,0,0
218,2017-04-17,09:01:49,881,p1709,XDCE,5246,5212,5268,159812,8363482120,568282,570874,5466,4946,5206,5216,0,5216,0,0,0,2017-04-17,32509881,5244,127,0,0,0,0,0,0,0,0,5246,52,0,0,0,0,0,0,0,0
219,2017-04-17,09:01:50,409,p1709,XDCE,5244,5212,5268,159814,8363587000,568280,570874,5466,4946,5206,5216,0,5216,0,0,0,2017-04-17,32510409,5244,115,0,0,0,0,0,0,0,0,5246,62,0,0,0,0,0,0,0,0
220,2017-04-17,09:01:50,929,p1709,XDCE,5246,5212,5268,159848,8365370600,568252,570874,5466,4946,5206,5216,0,5216,0,0,0,2017-04-17,32510929,5244,128,0,0,0,0,0,0,0,0,5246,55,0,0,0,0,0,0,0,0
221,2017-04-17,09:01:51,406,p1709,XDCE,5244,5212,5268,159850,8365475480,568252,570874,5466,4946,5206,5216,0,5216,0,0,0,2017-04-17,32511406,5244,132,0,0,0,0,0,0,0,0,5246,56,0,0,0,0,0,0,0,0
222,2017-04-17,09:01:51,783,p1709,XDCE,5246,5212,5268,159856,8365790160,568250,570874,5466,4946,5206,5216,0,5216,0,0,0,2017-04-17,32511783,5244,137,0,0,0,0,0,0,0,0,5246,55,0,0,0,0,0,0,0,0
223,2017-04-17,09:01:52,414,p1709,XDCE,5244,5212,5268,160188,8383200240,568142,570874,5466,4946,5206,5216,0,5216,0,0,0,2017-04-17,32512414,5244,16,0,0,0,0,0,0,0,0,5246,56,0,0,0,0,0,0,0,0
224,2017-04-17,09:01:52,927,p1709,XDCE,5246,5212,5268,160218,8384773480,568148,570874,5466,4946,5206,5216,0,5216,0,0,0,2017-04-17,32512927,5244,11,0,0,0,0,0,0,0,0,5246,77,0,0,0,0,0,0,0,0
225,2017-04-17,09:01:53,398,p1709,XDCE,5244,5212,5268,160258,8386871560,568108,570874,5466,4946,5206,5216,0,5216,0,0,0,2017-04-17,32513398,5244,15,0,0,0,0,0,0,0,0,5246,66,0,0,0,0,0,0,0,0
226,2017-04-17,09:01:53,906,p1709,XDCE,5244,5212,5268,160294,8388760040,568104,570874,5466,4946,5206,5216,0,5216,0,0,0,2017-04-17,32513906,5244,19,0,0,0,0,0,0,0,0,5246,73,0,0,0,0,0,0,0,0
227,2017-04-17,09:01:54,416,p1709,XDCE,5244,5212,5268,160298,8388969800,568100,570874,5466,4946,5206,5216,0,5216,0,0,0,2017-04-17,32514416,5244,17,0,0,0,0,0,0,0,0,5246,74,0,0,0,0,0,0,0,0
228,2017-04-17,09:01:54,928,p1709,XDCE,5244,5212,5268,160362,8392326040,568080,570874,5466,4946,5206,5216,0,5216,0,0,0,2017-04-17,32514928,5242,182,0,0,0,0,0,0,0,0,5246,72,0,0,0,0,0,0,0,0
229,2017-04-17,09:01:55,407,p1709,XDCE,5246,5212,5268,160370,8392745640,568084,570874,5466,4946,5206,5216,0,5216,0,0,0,2017-04-17,32515407,5244,1,0,0,0,0,0,0,0,0,5246,71,0,0,0,0,0,0,0,0
230,2017-04-17,09:01:55,896,p1709,XDCE,5244,5212,5268,160408,8394738920,568054,570874,5466,4946,5206,5216,0,5216,0,0,0,2017-04-17,32515896,5244,18,0,0,0,0,0,0,0,0,5246,57,0,0,0,0,0,0,0,0
231,2017-04-17,09:01:56,374,p1709,XDCE,5244,5212,5268,160424,8395577960,568050,570874,5466,4946,5206,5216,0,5216,0,0,0,2017-04-17,32516374,5244,19,0,0,0,0,0,0,0,0,5246,62,0,0,0,0,0,0,0,0
232,2017-04-17,09:01:56,923,p1709,XDCE,5244,5212,5268,160432,8395997520,568046,570874,5466,4946,5206,5216,0,5216,0,0,0,2017-04-17,32516923,5244,17,0,0,0,0,0,0,0,0,5246,61,0,0,0,0,0,0,0,0
233,2017-04-17,09:01:57,424,p1709,XDCE,5244,5212,5268,160444,8396626920,568044,570874,5466,4946,5206,5216,0,5216,0,0,0,2017-04-17,32517424,5244,34,0,0,0,0,0,0,0,0,5246,48,0,0,0,0,0,0,0,0
234,2017-04-17,09:01:57,865,p1709,XDCE,5246,5212,5268,160466,8397781000,568050,570874,5466,4946,5206,5216,0,5216,0,0,0,2017-04-17,32517865,5244,38,0,0,0,0,0,0,0,0,5246,43,0,0,0,0,0,0,0,0
235,2017-04-17,09:01:58,425,p1709,XDCE,5246,5212,5268,160470,8397990840,568050,570874,5466,4946,5206,5216,0,5216,0,0,0,2017-04-17,32518425,5244,44,0,0,0,0,0,0,0,0,5246,49,0,0,0,0,0,0,0,0
236,2017-04-17,09:01:58,876,p1709,XDCE,5244,5212,5268,160482,8398620120,568048,570874,5466,4946,5206,5216,0,5216,0,0,0,2017-04-17,32518876,5244,38,0,0,0,0,0,0,0,0,5246,54,0,0,0,0,0,0,0,0
237,2017-04-17,09:01:59,422,p1709,XDCE,5244,5212,5268,160498,8399459440,568052,570874,5466,4946,5206,5216,0,5216,0,0,0,2017-04-17,32519422,5244,33,0,0,0,0,0,0,0,0,5246,57,0,0,0,0,0,0,0,0
238,2017-04-17,09:01:59,896,p1709,XDCE,5244,5212,5268,160498,8399459440,568052,570874,5466,4946,5206,5216,0,5216,0,0,0,2017-04-17,32519896,5244,45,0,0,0,0,0,0,0,0,5246,57,0,0,0,0,0,0,0,0
239,2017-04-17,09:02:00,430,p1709,XDCE,5246,5212,5268,160504,8399774120,568048,570874,5466,4946,5206,5216,0,5216,0,0,0,2017-04-17,32520430,5244,43,0,0,0,0,0,0,0,0,5246,61,0,0,0,0,0,0,0,0
240,2017-04-17,09:02:00,870,p1709,XDCE,5246,5212,5268,160536,8401452840,568016,570874,5466,4946,5206,5216,0,5216,0,0,0,2017-04-17,32520870,5244,60,0,0,0,0,0,0,0,0,5246,35,0,0,0,0,0,0,0,0
241,2017-04-17,09:02:01,404,p1709,XDCE,5246,5212,5268,160624,8406068840,567988,570874,5466,4946,5206,5216,0,5216,0,0,0,2017-04-17,32521404,5244,51,0,0,0,0,0,0,0,0,5246,24,0,0,0,0,0,0,0,0
242,2017-04-17,09:02:01,928,p1709,XDCE,5246,5212,5268,160626,8406173760,567988,570874,5466,4946,5206,5216,0,5216,0,0,0,2017-04-17,32521928,5244,52,0,0,0,0,0,0,0,0,5246,26,0,0,0,0,0,0,0,0
243,2017-04-17,09:02:02,416,p1709,XDCE,5244,5212,5268,160668,8408377000,567994,570874,5466,4946,5206,5216,0,5216,0,0,0,2017-04-17,32522416,5244,41,0,0,0,0,0,0,0,0,5246,24,0,0,0,0,0,0,0,0
244,2017-04-17,09:02:02,915,p1709,XDCE,5246,5212,5268,160670,8408481920,567994,570874,5466,4946,5206,5216,0,5216,0,0,0,2017-04-17,32522915,5244,43,0,0,0,0,0,0,0,0,5246,24,0,0,0,0,0,0,0,0
245,2017-04-17,09:02:03,390,p1709,XDCE,5244,5212,5268,160680,8409006320,567994,570874,5466,4946,5206,5216,0,5216,0,0,0,2017-04-17,32523390,5244,74,0,0,0,0,0,0,0,0,5246,44,0,0,0,0,0,0,0,0
246,2017-04-17,09:02:03,917,p1709,XDCE,5246,5212,5268,160688,8409425880,567996,570874,5466,4946,5206,5216,0,5216,0,0,0,2017-04-17,32523917,5244,88,0,0,0,0,0,0,0,0,5246,43,0,0,0,0,0,0,0,0
247,2017-04-17,09:02:04,406,p1709,XDCE,5244,5212,5268,160696,8409845520,568002,570874,5466,4946,5206,5216,0,5216,0,0,0,2017-04-17,32524406,5244,88,0,0,0,0,0,0,0,0,5246,30,0,0,0,0,0,0,0,0
248,2017-04-17,09:02:04,911,p1709,XDCE,5246,5212,5268,160704,8410265160,568004,570874,5466,4946,5206,5216,0,5216,0,0,0,2017-04-17,32524911,5244,88,0,0,0,0,0,0,0,0,5246,34,0,0,0,0,0,0,0,0
249,2017-04-17,09:02:05,363,p1709,XDCE,5246,5212,5268,160704,8410265160,568004,570874,5466,4946,5206,5216,0,5216,0,0,0,2017-04-17,32525363,5244,93,0,0,0,0,0,0,0,0,5246,34,0,0,0,0,0,0,0,0
250,2017-04-17,09:02:05,927,p1709,XDCE,5246,5212,5268,160780,8414252120,568010,570874,5466,4946,5206,5216,0,5216,0,0,0,2017-04-17,32525927,5246,42,0,0,0,0,0,0,0,0,5248,121,0,0,0,0,0,0,0,0
251,2017-04-17,09:02:06,427,p1709,XDCE,5246,5212,5268,160794,8414986560,568010,570874,5466,4946,5206,5216,0,5216,0,0,0,2017-04-17,32526427,5246,79,0,0,0,0,0,0,0,0,5248,116,0,0,0,0,0,0,0,0
252,2017-04-17,09:02:06,923,p1709,XDCE,5246,5212,5268,160828,8416770200,567986,570874,5466,4946,5206,5216,0,5216,0,0,0,2017-04-17,32526923,5246,62,0,0,0,0,0,0,0,0,5248,116,0,0,0,0,0,0,0,0
253,2017-04-17,09:02:07,388,p1709,XDCE,5246,5212,5268,160830,8416875120,567986,570874,5466,4946,5206,5216,0,5216,0,0,0,2017-04-17,32527388,5246,46,0,0,0,0,0,0,0,0,5248,116,0,0,0,0,0,0,0,0
254,2017-04-17,09:02:07,926,p1709,XDCE,5246,5212,5268,160876,8419288280,568022,570874,5466,4946,5206,5216,0,5216,0,0,0,2017-04-17,32527926,5246,26,0,0,0,0,0,0,0,0,5248,141,0,0,0,0,0,0,0,0
255,2017-04-17,09:02:08,405,p1709,XDCE,5246,5212,5268,160930,8422121120,568072,570874,5466,4946,5206,5216,0,5216,0,0,0,2017-04-17,32528405,5244,153,0,0,0,0,0,0,0,0,5246,14,0,0,0,0,0,0,0,0
256,2017-04-17,09:02:08,916,p1709,XDCE,5246,5212,5268,160930,8422121120,568072,570874,5466,4946,5206,5216,0,5216,0,0,0,2017-04-17,32528916,5244,153,0,0,0,0,0,0,0,0,5246,16,0,0,0,0,0,0,0,0
257,2017-04-17,09:02:09,382,p1709,XDCE,5244,5212,5268,160948,8423065120,568074,570874,5466,4946,5206,5216,0,5216,0,0,0,2017-04-17,32529382,5244,119,0,0,0,0,0,0,0,0,5246,64,0,0,0,0,0,0,0,0
258,2017-04-17,09:02:09,893,p1709,XDCE,5244,5212,5268,160964,8423904400,568086,570874,5466,4946,5206,5216,0,5216,0,0,0,2017-04-17,32529893,5244,103,0,0,0,0,0,0,0,0,5246,79,0,0,0,0,0,0,0,0
259,2017-04-17,09:02:10,424,p1709,XDCE,5244,5212,5268,160964,8423904400,568086,570874,5466,4946,5206,5216,0,5216,0,0,0,2017-04-17,32530424,5244,104,0,0,0,0,0,0,0,0,5246,95,0,0,0,0,0,0,0,0
260,2017-04-17,09:02:10,861,p1709,XDCE,5246,5212,5268,160982,8424848680,568100,570874,5466,4946,5206,5216,0,5216,0,0,0,2017-04-17,32530861,5244,104,0,0,0,0,0,0,0,0,5246,96,0,0,0,0,0,0,0,0
261,2017-04-17,09:02:11,405,p1709,XDCE,5246,5212,5268,160984,8424953600,568100,570874,5466,4946,5206,5216,0,5216,0,0,0,2017-04-17,32531405,5244,105,0,0,0,0,0,0,0,0,5246,97,0,0,0,0,0,0,0,0
262,2017-04-17,09:02:12,386,p1709,XDCE,5246,5212,5268,160984,8424953600,568100,570874,5466,4946,5206,5216,0,5216,0,0,0,2017-04-17,32532386,5244,105,0,0,0,0,0,0,0,0,5246,102,0,0,0,0,0,0,0,0
263,2017-04-17,09:02:12,926,p1709,XDCE,5244,5212,5268,160998,8425688000,568112,570874,5466,4946,5206,5216,0,5216,0,0,0,2017-04-17,32532926,5244,143,0,0,0,0,0,0,0,0,5246,88,0,0,0,0,0,0,0,0
264,2017-04-17,09:02:13,414,p1709,XDCE,5246,5212,5268,161006,8426107680,568116,570874,5466,4946,5206,5216,0,5216,0,0,0,2017-04-17,32533414,5244,144,0,0,0,0,0,0,0,0,5246,86,0,0,0,0,0,0,0,0
265,2017-04-17,09:02:13,915,p1709,XDCE,5246,5212,5268,161024,8427051640,568104,570874,5466,4946,5206,5216,0,5216,0,0,0,2017-04-17,32533915,5244,140,0,0,0,0,0,0,0,0,5246,85,0,0,0,0,0,0,0,0
266,2017-04-17,09:02:14,427,p1709,XDCE,5244,5212,5268,161074,8429674360,568096,570874,5466,4946,5206,5216,0,5216,0,0,0,2017-04-17,32534427,5244,139,0,0,0,0,0,0,0,0,5246,67,0,0,0,0,0,0,0,0
267,2017-04-17,09:02:14,728,p1709,XDCE,5246,5212,5268,161134,8432821160,568094,570874,5466,4946,5206,5216,0,5216,0,0,0,2017-04-17,32534728,5244,119,0,0,0,0,0,0,0,0,5246,52,0,0,0,0,0,0,0,0
268,2017-04-17,09:02:15,425,p1709,XDCE,5246,5212,5268,161134,8432821160,568094,570874,5466,4946,5206,5216,0,5216,0,0,0,2017-04-17,32535425,5244,124,0,0,0,0,0,0,0,0,5246,52,0,0,0,0,0,0,0,0
269,2017-04-17,09:02:15,852,p1709,XDCE,5246,5212,5268,161152,8433765440,568078,570874,5466,4946,5206,5216,0,5216,0,0,0,2017-04-17,32535852,5244,123,0,0,0,0,0,0,0,0,5246,43,0,0,0,0,0,0,0,0
270,2017-04-17,09:02:16,395,p1709,XDCE,5246,5212,5268,161170,8434709480,568078,570874,5466,4946,5206,5216,0,5216,0,0,0,2017-04-17,32536395,5244,117,0,0,0,0,0,0,0,0,5246,40,0,0,0,0,0,0,0,0
271,2017-04-17,09:02:16,910,p1709,XDCE,5246,5212,5268,161176,8435024160,568082,570874,5466,4946,5206,5216,0,5216,0,0,0,2017-04-17,32536910,5244,116,0,0,0,0,0,0,0,0,5246,45,0,0,0,0,0,0,0,0
272,2017-04-17,09:02:17,400,p1709,XDCE,5244,5212,5268,161416,8447609840,567980,570874,5466,4946,5206,5216,0,5216,0,0,0,2017-04-17,32537400,5242,207,0,0,0,0,0,0,0,0,5244,53,0,0,0,0,0,0,0,0
273,2017-04-17,09:02:17,908,p1709,XDCE,5244,5212,5268,161420,8447819600,567980,570874,5466,4946,5206,5216,0,5216,0,0,0,2017-04-17,32537908,5242,190,0,0,0,0,0,0,0,0,5244,51,0,0,0,0,0,0,0,0
274,2017-04-17,09:02:18,395,p1709,XDCE,5244,5212,5268,161422,8447924480,567980,570874,5466,4946,5206,5216,0,5216,0,0,0,2017-04-17,32538395,5242,193,0,0,0,0,0,0,0,0,5244,61,0,0,0,0,0,0,0,0
275,2017-04-17,09:02:18,896,p1709,XDCE,5244,5212,5268,161424,8448029360,567980,570874,5466,4946,5206,5216,0,5216,0,0,0,2017-04-17,32538896,5242,193,0,0,0,0,0,0,0,0,5244,63,0,0,0,0,0,0,0,0
276,2017-04-17,09:02:19,357,p1709,XDCE,5244,5212,5268,161452,8449497640,567980,570874,5466,4946,5206,5216,0,5216,0,0,0,2017-04-17,32539357,5242,192,0,0,0,0,0,0,0,0,5244,51,0,0,0,0,0,0,0,0
277,2017-04-17,09:02:19,847,p1709,XDCE,5244,5212,5268,161452,8449497640,567980,570874,5466,4946,5206,5216,0,5216,0,0,0,2017-04-17,32539847,5242,192,0,0,0,0,0,0,0,0,5244,55,0,0,0,0,0,0,0,0
278,2017-04-17,09:02:20,408,p1709,XDCE,5242,5212,5268,161478,8450860680,567980,570874,5466,4946,5206,5216,0,5216,0,0,0,2017-04-17,32540408,5242,177,0,0,0,0,0,0,0,0,5244,72,0,0,0,0,0,0,0,0
279,2017-04-17,09:02:20,922,p1709,XDCE,5242,5212,5268,161486,8451280040,567980,570874,5466,4946,5206,5216,0,5216,0,0,0,2017-04-17,32540922,5242,159,0,0,0,0,0,0,0,0,5244,86,0,0,0,0,0,0,0,0
280,2017-04-17,09:02:21,377,p1709,XDCE,5242,5212,5268,161494,8451699480,567980,570874,5466,4946,5206,5216,0,5216,0,0,0,2017-04-17,32541377,5242,158,0,0,0,0,0,0,0,0,5244,90,0,0,0,0,0,0,0,0
281,2017-04-17,09:02:21,908,p1709,XDCE,5242,5212,5268,161498,8451909200,567980,570874,5466,4946,5206,5216,0,5216,0,0,0,2017-04-17,32541908,5242,157,0,0,0,0,0,0,0,0,5244,109,0,0,0,0,0,0,0,0
282,2017-04-17,09:02:22,247,p1709,XDCE,5244,5212,5268,161502,8452118960,567978,570874,5466,4946,5206,5216,0,5216,0,0,0,2017-04-17,32542247,5242,158,0,0,0,0,0,0,0,0,5244,107,0,0,0,0,0,0,0,0
283,2017-04-17,09:02:22,687,p1709,XDCE,5242,5212,5268,161594,8456941640,567972,570874,5466,4946,5206,5216,0,5216,0,0,0,2017-04-17,32542687,5242,116,0,0,0,0,0,0,0,0,5244,107,0,0,0,0,0,0,0,0
284,2017-04-17,09:02:23,390,p1709,XDCE,5242,5212,5268,161596,8457046480,567972,570874,5466,4946,5206,5216,0,5216,0,0,0,2017-04-17,32543390,5242,118,0,0,0,0,0,0,0,0,5244,107,0,0,0,0,0,0,0,0
285,2017-04-17,09:02:23,925,p1709,XDCE,5242,5212,5268,161608,8457675520,567970,570874,5466,4946,5206,5216,0,5216,0,0,0,2017-04-17,32543925,5242,115,0,0,0,0,0,0,0,0,5244,107,0,0,0,0,0,0,0,0
286,2017-04-17,09:02:24,358,p1709,XDCE,5242,5212,5268,161614,8457990120,567968,570874,5466,4946,5206,5216,0,5216,0,0,0,2017-04-17,32544358,5242,114,0,0,0,0,0,0,0,0,5244,105,0,0,0,0,0,0,0,0
287,2017-04-17,09:02:24,927,p1709,XDCE,5244,5212,5268,161994,8477912240,567922,570874,5466,4946,5206,5216,0,5216,0,0,0,2017-04-17,32544927,5240,74,0,0,0,0,0,0,0,0,5244,22,0,0,0,0,0,0,0,0
288,2017-04-17,09:02:25,421,p1709,XDCE,5244,5212,5268,162078,8482317160,567896,570874,5466,4946,5206,5216,0,5216,0,0,0,2017-04-17,32545421,5244,77,0,0,0,0,0,0,0,0,5246,101,0,0,0,0,0,0,0,0
289,2017-04-17,09:02:25,875,p1709,XDCE,5246,5212,5268,162080,8482422080,567894,570874,5466,4946,5206,5216,0,5216,0,0,0,2017-04-17,32545875,5244,77,0,0,0,0,0,0,0,0,5246,94,0,0,0,0,0,0,0,0
290,2017-04-17,09:02:26,430,p1709,XDCE,5246,5212,5268,162120,8484519720,567914,570874,5466,4946,5206,5216,0,5216,0,0,0,2017-04-17,32546430,5244,49,0,0,0,0,0,0,0,0,5246,103,0,0,0,0,0,0,0,0
291,2017-04-17,09:02:26,833,p1709,XDCE,5244,5212,5268,162122,8484624600,567914,570874,5466,4946,5206,5216,0,5216,0,0,0,2017-04-17,32546833,5244,54,0,0,0,0,0,0,0,0,5246,124,0,0,0,0,0,0,0,0
292,2017-04-17,09:02:27,343,p1709,XDCE,5244,5212,5268,162128,8484939240,567914,570874,5466,4946,5206,5216,0,5216,0,0,0,2017-04-17,32547343,5244,52,0,0,0,0,0,0,0,0,5246,130,0,0,0,0,0,0,0,0
293,2017-04-17,09:02:27,794,p1709,XDCE,5244,5212,5268,162134,8485253880,567918,570874,5466,4946,5206,5216,0,5216,0,0,0,2017-04-17,32547794,5244,39,0,0,0,0,0,0,0,0,5246,130,0,0,0,0,0,0,0,0
294,2017-04-17,09:02:28,296,p1709,XDCE,5244,5212,5268,162138,8485463640,567918,570874,5466,4946,5206,5216,0,5216,0,0,0,2017-04-17,32548296,5244,32,0,0,0,0,0,0,0,0,5246,130,0,0,0,0,0,0,0,0
295,2017-04-17,09:02:28,878,p1709,XDCE,5244,5212,5268,162580,8508636880,567698,570874,5466,4946,5206,5216,0,5216,0,0,0,2017-04-17,32548878,5242,47,0,0,0,0,0,0,0,0,5244,104,0,0,0,0,0,0,0,0
296,2017-04-17,09:02:29,374,p1709,XDCE,5244,5212,5268,162584,8508846640,567702,570874,5466,4946,5206,5216,0,5216,0,0,0,2017-04-17,32549374,5242,48,0,0,0,0,0,0,0,0,5244,109,0,0,0,0,0,0,0,0
297,2017-04-17,09:02:29,929,p1709,XDCE,5244,5212,5268,162634,8511468640,567680,570874,5466,4946,5206,5216,0,5216,0,0,0,2017-04-17,32549929,5242,35,0,0,0,0,0,0,0,0,5244,105,0,0,0,0,0,0,0,0
298,2017-04-17,09:02:30,430,p1709,XDCE,5244,5212,5268,162646,8512097920,567688,570874,5466,4946,5206,5216,0,5216,0,0,0,2017-04-17,32550430,5242,44,0,0,0,0,0,0,0,0,5244,106,0,0,0,0,0,0,0,0
299,2017-04-17,09:02:30,745,p1709,XDCE,5242,5212,5268,162652,8512412520,567690,570874,5466,4946,5206,5216,0,5216,0,0,0,2017-04-17,32550745,5242,45,0,0,0,0,0,0,0,0,5244,104,0,0,0,0,0,0,0,0
300,2017-04-17,09:02:31,399,p1709,XDCE,5242,5212,5268,162700,8514928960,567698,570874,5466,4946,5206,5216,0,5216,0,0,0,2017-04-17,32551399,5242,33,0,0,0,0,0,0,0,0,5244,99,0,0,0,0,0,0,0,0
301,2017-04-17,09:02:31,869,p1709,XDCE,5242,5212,5268,162700,8514928960,567698,570874,5466,4946,5206,5216,0,5216,0,0,0,2017-04-17,32551869,5242,39,0,0,0,0,0,0,0,0,5244,99,0,0,0,0,0,0,0,0
302,2017-04-17,09:02:32,266,p1709,XDCE,5244,5212,5268,162704,8515138720,567702,570874,5466,4946,5206,5216,0,5216,0,0,0,2017-04-17,32552266,5242,43,0,0,0,0,0,0,0,0,5244,133,0,0,0,0,0,0,0,0
303,2017-04-17,09:02:32,725,p1709,XDCE,5244,5212,5268,162704,8515138720,567702,570874,5466,4946,5206,5216,0,5216,0,0,0,2017-04-17,32552725,5242,44,0,0,0,0,0,0,0,0,5244,133,0,0,0,0,0,0,0,0
304,2017-04-17,09:02:33,396,p1709,XDCE,5244,5212,5268,162704,8515138720,567702,570874,5466,4946,5206,5216,0,5216,0,0,0,2017-04-17,32553396,5242,66,0,0,0,0,0,0,0,0,5244,133,0,0,0,0,0,0,0,0
305,2017-04-17,09:02:33,925,p1709,XDCE,5242,5212,5268,162716,8515767760,567700,570874,5466,4946,5206,5216,0,5216,0,0,0,2017-04-17,32553925,5242,66,0,0,0,0,0,0,0,0,5244,133,0,0,0,0,0,0,0,0
306,2017-04-17,09:02:34,384,p1709,XDCE,5244,5212,5268,162728,8516397000,567706,570874,5466,4946,5206,5216,0,5216,0,0,0,2017-04-17,32554384,5242,65,0,0,0,0,0,0,0,0,5244,128,0,0,0,0,0,0,0,0
307,2017-04-17,09:02:34,834,p1709,XDCE,5242,5212,5268,162730,8516501840,567706,570874,5466,4946,5206,5216,0,5216,0,0,0,2017-04-17,32554834,5242,64,0,0,0,0,0,0,0,0,5244,129,0,0,0,0,0,0,0,0
308,2017-04-17,09:02:35,379,p1709,XDCE,5242,5212,5268,162734,8516711520,567704,570874,5466,4946,5206,5216,0,5216,0,0,0,2017-04-17,32555379,5242,67,0,0,0,0,0,0,0,0,5244,129,0,0,0,0,0,0,0,0
309,2017-04-17,09:02:35,892,p1709,XDCE,5244,5212,5268,162742,8517131000,567702,570874,5466,4946,5206,5216,0,5216,0,0,0,2017-04-17,32555892,5242,73,0,0,0,0,0,0,0,0,5244,125,0,0,0,0,0,0,0,0
310,2017-04-17,09:02:36,427,p1709,XDCE,5244,5212,5268,162980,8529611720,567610,570874,5466,4946,5206,5216,0,5216,0,0,0,2017-04-17,32556427,5244,212,0,0,0,0,0,0,0,0,5246,97,0,0,0,0,0,0,0,0
311,2017-04-17,09:02:36,909,p1709,XDCE,5244,5212,5268,163294,8546078320,567412,570874,5466,4946,5206,5216,0,5216,0,0,0,2017-04-17,32556909,5244,65,0,0,0,0,0,0,0,0,5246,94,0,0,0,0,0,0,0,0
312,2017-04-17,09:02:37,426,p1709,XDCE,5244,5212,5268,163300,8546392960,567408,570874,5466,4946,5206,5216,0,5216,0,0,0,2017-04-17,32557426,5244,63,0,0,0,0,0,0,0,0,5246,94,0,0,0,0,0,0,0,0
313,2017-04-17,09:02:37,901,p1709,XDCE,5246,5212,5268,163304,8546602760,567408,570874,5466,4946,5206,5216,0,5216,0,0,0,2017-04-17,32557901,5244,67,0,0,0,0,0,0,0,0,5246,95,0,0,0,0,0,0,0,0
314,2017-04-17,09:02:38,332,p1709,XDCE,5246,5212,5268,163308,8546812600,567408,570874,5466,4946,5206,5216,0,5216,0,0,0,2017-04-17,32558332,5244,63,0,0,0,0,0,0,0,0,5246,104,0,0,0,0,0,0,0,0
315,2017-04-17,09:02:38,904,p1709,XDCE,5244,5212,5268,163332,8548071160,567384,570874,5466,4946,5206,5216,0,5216,0,0,0,2017-04-17,32558904,5244,67,0,0,0,0,0,0,0,0,5246,104,0,0,0,0,0,0,0,0
316,2017-04-17,09:02:39,428,p1709,XDCE,5244,5212,5268,163334,8548176040,567382,570874,5466,4946,5206,5216,0,5216,0,0,0,2017-04-17,32559428,5244,66,0,0,0,0,0,0,0,0,5246,93,0,0,0,0,0,0,0,0
317,2017-04-17,09:02:39,881,p1709,XDCE,5244,5212,5268,163354,8549224840,567362,570874,5466,4946,5206,5216,0,5216,0,0,0,2017-04-17,32559881,5244,60,0,0,0,0,0,0,0,0,5246,92,0,0,0,0,0,0,0,0
318,2017-04-17,09:02:40,416,p1709,XDCE,5246,5212,5268,163456,8554573760,567284,570874,5466,4946,5206,5216,0,5216,0,0,0,2017-04-17,32560416,5244,19,0,0,0,0,0,0,0,0,5246,102,0,0,0,0,0,0,0,0
319,2017-04-17,09:02:40,844,p1709,XDCE,5246,5212,5268,163466,8555098360,567274,570874,5466,4946,5206,5216,0,5216,0,0,0,2017-04-17,32560844,5244,24,0,0,0,0,0,0,0,0,5246,104,0,0,0,0,0,0,0,0
320,2017-04-17,09:02:41,399,p1709,XDCE,5244,5212,5268,163474,8555517960,567270,570874,5466,4946,5206,5216,0,5216,0,0,0,2017-04-17,32561399,5244,34,0,0,0,0,0,0,0,0,5246,91,0,0,0,0,0,0,0,0
321,2017-04-17,09:02:41,885,p1709,XDCE,5246,5212,5268,163484,8556042560,567270,570874,5466,4946,5206,5216,0,5216,0,0,0,2017-04-17,32561885,5244,35,0,0,0,0,0,0,0,0,5246,84,0,0,0,0,0,0,0,0
322,2017-04-17,09:02:42,385,p1709,XDCE,5246,5212,5268,163484,8556042560,567270,570874,5466,4946,5206,5216,0,5216,0,0,0,2017-04-17,32562385,5244,41,0,0,0,0,0,0,0,0,5246,84,0,0,0,0,0,0,0,0
323,2017-04-17,09:02:42,918,p1709,XDCE,5244,5212,5268,163486,8556147440,567270,570874,5466,4946,5206,5216,0,5216,0,0,0,2017-04-17,32562918,5244,40,0,0,0,0,0,0,0,0,5246,85,0,0,0,0,0,0,0,0
324,2017-04-17,09:02:43,311,p1709,XDCE,5246,5212,5268,163496,8556672040,567260,570874,5466,4946,5206,5216,0,5216,0,0,0,2017-04-17,32563311,5244,41,0,0,0,0,0,0,0,0,5246,80,0,0,0,0,0,0,0,0
325,2017-04-17,09:02:43,833,p1709,XDCE,5246,5212,5268,163656,8565065640,567306,570874,5466,4946,5206,5216,0,5216,0,0,0,2017-04-17,32563833,5246,180,0,0,0,0,0,0,0,0,5248,103,0,0,0,0,0,0,0,0
326,2017-04-17,09:02:44,370,p1709,XDCE,5246,5212,5268,163678,8566219760,567308,570874,5466,4946,5206,5216,0,5216,0,0,0,2017-04-17,32564370,5246,170,0,0,0,0,0,0,0,0,5248,115,0,0,0,0,0,0,0,0
327,2017-04-17,09:02:45,297,p1709,XDCE,5246,5212,5268,163700,8567373920,567310,570874,5466,4946,5206,5216,0,5216,0,0,0,2017-04-17,32565297,5246,160,0,0,0,0,0,0,0,0,5248,124,0,0,0,0,0,0,0,0
328,2017-04-17,09:02:45,902,p1709,XDCE,5248,5212,5268,163708,8567793760,567310,570874,5466,4946,5206,5216,0,5216,0,0,0,2017-04-17,32565902,5246,160,0,0,0,0,0,0,0,0,5248,130,0,0,0,0,0,0,0,0
329,2017-04-17,09:02:46,429,p1709,XDCE,5246,5212,5268,163714,8568108520,567310,570874,5466,4946,5206,5216,0,5216,0,0,0,2017-04-17,32566429,5246,158,0,0,0,0,0,0,0,0,5248,130,0,0,0,0,0,0,0,0
330,2017-04-17,09:02:46,879,p1709,XDCE,5246,5212,5268,163714,8568108520,567310,570874,5466,4946,5206,5216,0,5216,0,0,0,2017-04-17,32566879,5246,158,0,0,0,0,0,0,0,0,5248,109,0,0,0,0,0,0,0,0
331,2017-04-17,09:02:47,341,p1709,XDCE,5246,5212,5268,163714,8568108520,567310,570874,5466,4946,5206,5216,0,5216,0,0,0,2017-04-17,32567341,5246,158,0,0,0,0,0,0,0,0,5248,99,0,0,0,0,0,0,0,0
332,2017-04-17,09:02:47,801,p1709,XDCE,5246,5212,5268,163714,8568108520,567310,570874,5466,4946,5206,5216,0,5216,0,0,0,2017-04-17,32567801,5246,158,0,0,0,0,0,0,0,0,5248,100,0,0,0,0,0,0,0,0
333,2017-04-17,09:02:48,409,p1709,XDCE,5246,5212,5268,163716,8568213440,567310,570874,5466,4946,5206,5216,0,5216,0,0,0,2017-04-17,32568409,5246,158,0,0,0,0,0,0,0,0,5248,100,0,0,0,0,0,0,0,0
334,2017-04-17,09:02:48,929,p1709,XDCE,5248,5212,5268,163720,8568423360,567314,570874,5466,4946,5206,5216,0,5216,0,0,0,2017-04-17,32568929,5246,160,0,0,0,0,0,0,0,0,5248,126,0,0,0,0,0,0,0,0
335,2017-04-17,09:02:49,427,p1709,XDCE,5248,5212,5268,163736,8569262800,567318,570874,5466,4946,5206,5216,0,5216,0,0,0,2017-04-17,32569427,5246,154,0,0,0,0,0,0,0,0,5248,133,0,0,0,0,0,0,0,0
336,2017-04-17,09:02:49,917,p1709,XDCE,5248,5212,5268,163736,8569262800,567318,570874,5466,4946,5206,5216,0,5216,0,0,0,2017-04-17,32569917,5246,154,0,0,0,0,0,0,0,0,5248,132,0,0,0,0,0,0,0,0
337,2017-04-17,09:02:50,417,p1709,XDCE,5246,5212,5268,163874,8576502320,567322,570874,5466,4946,5206,5216,0,5216,0,0,0,2017-04-17,32570417,5246,76,0,0,0,0,0,0,0,0,5248,130,0,0,0,0,0,0,0,0
338,2017-04-17,09:02:50,850,p1709,XDCE,5246,5212,5268,164058,8586154960,567412,570874,5466,4946,5206,5216,0,5216,0,0,0,2017-04-17,32570850,5244,55,0,0,0,0,0,0,0,0,5246,113,0,0,0,0,0,0,0,0
339,2017-04-17,09:02:51,428,p1709,XDCE,5246,5212,5268,164088,8587728600,567416,570874,5466,4946,5206,5216,0,5216,0,0,0,2017-04-17,32571428,5244,55,0,0,0,0,0,0,0,0,5246,104,0,0,0,0,0,0,0,0
340,2017-04-17,09:02:51,903,p1709,XDCE,5246,5212,5268,164088,8587728600,567416,570874,5466,4946,5206,5216,0,5216,0,0,0,2017-04-17,32571903,5244,55,0,0,0,0,0,0,0,0,5246,94,0,0,0,0,0,0,0,0
341,2017-04-17,09:02:52,342,p1709,XDCE,5246,5212,5268,164092,8587938440,567420,570874,5466,4946,5206,5216,0,5216,0,0,0,2017-04-17,32572342,5244,57,0,0,0,0,0,0,0,0,5246,144,0,0,0,0,0,0,0,0
342,2017-04-17,09:02:52,872,p1709,XDCE,5246,5212,5268,164092,8587938440,567420,570874,5466,4946,5206,5216,0,5216,0,0,0,2017-04-17,32572872,5244,62,0,0,0,0,0,0,0,0,5246,144,0,0,0,0,0,0,0,0
343,2017-04-17,09:02:53,332,p1709,XDCE,5246,5212,5268,164094,8588043360,567422,570874,5466,4946,5206,5216,0,5216,0,0,0,2017-04-17,32573332,5244,100,0,0,0,0,0,0,0,0,5246,140,0,0,0,0,0,0,0,0
344,2017-04-17,09:02:53,808,p1709,XDCE,5246,5212,5268,164374,8602732160,567448,570874,5466,4946,5206,5216,0,5216,0,0,0,2017-04-17,32573808,5246,45,0,0,0,0,0,0,0,0,5248,117,0,0,0,0,0,0,0,0
345,2017-04-17,09:02:54,317,p1709,XDCE,5246,5212,5268,164384,8603256760,567438,570874,5466,4946,5206,5216,0,5216,0,0,0,2017-04-17,32574317,5246,36,0,0,0,0,0,0,0,0,5248,148,0,0,0,0,0,0,0,0
346,2017-04-17,09:02:54,870,p1709,XDCE,5246,5212,5268,164386,8603361680,567436,570874,5466,4946,5206,5216,0,5216,0,0,0,2017-04-17,32574870,5246,39,0,0,0,0,0,0,0,0,5248,158,0,0,0,0,0,0,0,0
347,2017-04-17,09:02:55,424,p1709,XDCE,5246,5212,5268,164390,8603571520,567432,570874,5466,4946,5206,5216,0,5216,0,0,0,2017-04-17,32575424,5246,24,0,0,0,0,0,0,0,0,5248,158,0,0,0,0,0,0,0,0
348,2017-04-17,09:02:55,921,p1709,XDCE,5248,5212,5268,164436,8605984840,567410,570874,5466,4946,5206,5216,0,5216,0,0,0,2017-04-17,32575921,5246,2,0,0,0,0,0,0,0,0,5248,155,0,0,0,0,0,0,0,0
349,2017-04-17,09:02:56,423,p1709,XDCE,5246,5212,5268,164442,8606299600,567410,570874,5466,4946,5206,5216,0,5216,0,0,0,2017-04-17,32576423,5244,87,0,0,0,0,0,0,0,0,5246,28,0,0,0,0,0,0,0,0
350,2017-04-17,09:02:56,885,p1709,XDCE,5246,5212,5268,164462,8607348800,567418,570874,5466,4946,5206,5216,0,5216,0,0,0,2017-04-17,32576885,5244,87,0,0,0,0,0,0,0,0,5246,31,0,0,0,0,0,0,0,0
351,2017-04-17,09:02:57,377,p1709,XDCE,5246,5212,5268,164462,8607348800,567418,570874,5466,4946,5206,5216,0,5216,0,0,0,2017-04-17,32577377,5244,85,0,0,0,0,0,0,0,0,5246,47,0,0,0,0,0,0,0,0
352,2017-04-17,09:02:57,865,p1709,XDCE,5246,5212,5268,164466,8607558640,567418,570874,5466,4946,5206,5216,0,5216,0,0,0,2017-04-17,32577865,5244,84,0,0,0,0,0,0,0,0,5246,68,0,0,0,0,0,0,0,0
353,2017-04-17,09:02:58,325,p1709,XDCE,5244,5212,5268,164644,8616892960,567366,570874,5466,4946,5206,5216,0,5216,0,0,0,2017-04-17,32578325,5242,86,0,0,0,0,0,0,0,0,5244,13,0,0,0,0,0,0,0,0
354,2017-04-17,09:02:58,896,p1709,XDCE,5246,5212,5268,164676,8618571160,567366,570874,5466,4946,5206,5216,0,5216,0,0,0,2017-04-17,32578896,5244,12,0,0,0,0,0,0,0,0,5246,80,0,0,0,0,0,0,0,0
355,2017-04-17,09:02:59,421,p1709,XDCE,5246,5212,5268,164678,8618676080,567366,570874,5466,4946,5206,5216,0,5216,0,0,0,2017-04-17,32579421,5244,19,0,0,0,0,0,0,0,0,5246,79,0,0,0,0,0,0,0,0
356,2017-04-17,09:02:59,921,p1709,XDCE,5246,5212,5268,164684,8618990840,567362,570874,5466,4946,5206,5216,0,5216,0,0,0,2017-04-17,32579921,5244,25,0,0,0,0,0,0,0,0,5246,62,0,0,0,0,0,0,0,0
357,2017-04-17,09:03:00,429,p1709,XDCE,5246,5212,5268,164764,8623187600,567336,570874,5466,4946,5206,5216,0,5216,0,0,0,2017-04-17,32580429,5244,27,0,0,0,0,0,0,0,0,5246,43,0,0,0,0,0,0,0,0
358,2017-04-17,09:03:00,930,p1709,XDCE,5246,5212,5268,164782,8624131880,567338,570874,5466,4946,5206,5216,0,5216,0,0,0,2017-04-17,32580930,5244,36,0,0,0,0,0,0,0,0,5246,34,0,0,0,0,0,0,0,0
359,2017-04-17,09:03:01,301,p1709,XDCE,5246,5212,5268,164782,8624131880,567338,570874,5466,4946,5206,5216,0,5216,0,0,0,2017-04-17,32581301,5244,37,0,0,0,0,0,0,0,0,5246,34,0,0,0,0,0,0,0,0
360,2017-04-17,09:03:01,895,p1709,XDCE,5246,5212,5268,164782,8624131880,567338,570874,5466,4946,5206,5216,0,5216,0,0,0,2017-04-17,32581895,5244,26,0,0,0,0,0,0,0,0,5246,34,0,0,0,0,0,0,0,0
361,2017-04-17,09:03:02,329,p1709,XDCE,5246,5212,5268,164782,8624131880,567338,570874,5466,4946,5206,5216,0,5216,0,0,0,2017-04-17,32582329,5244,96,0,0,0,0,0,0,0,0,5246,34,0,0,0,0,0,0,0,0
362,2017-04-17,09:03:02,892,p1709,XDCE,5246,5212,5268,164782,8624131880,567338,570874,5466,4946,5206,5216,0,5216,0,0,0,2017-04-17,32582892,5244,98,0,0,0,0,0,0,0,0,5246,52,0,0,0,0,0,0,0,0
363,2017-04-17,09:03:03,333,p1709,XDCE,5246,5212,5268,164792,8624656480,567346,570874,5466,4946,5206,5216,0,5216,0,0,0,2017-04-17,32583333,5244,102,0,0,0,0,0,0,0,0,5246,47,0,0,0,0,0,0,0,0
364,2017-04-17,09:03:03,875,p1709,XDCE,5246,5212,5268,164796,8624866280,567346,570874,5466,4946,5206,5216,0,5216,0,0,0,2017-04-17,32583875,5244,102,0,0,0,0,0,0,0,0,5246,49,0,0,0,0,0,0,0,0
365,2017-04-17,09:03:04,233,p1709,XDCE,5246,5212,5268,164798,8624971200,567346,570874,5466,4946,5206,5216,0,5216,0,0,0,2017-04-17,32584233,5244,102,0,0,0,0,0,0,0,0,5246,48,0,0,0,0,0,0,0,0
366,2017-04-17,09:03:05,398,p1709,XDCE,5246,5212,5268,164798,8624971200,567346,570874,5466,4946,5206,5216,0,5216,0,0,0,2017-04-17,32585398,5244,102,0,0,0,0,0,0,0,0,5246,49,0,0,0,0,0,0,0,0
367,2017-04-17,09:03:05,915,p1709,XDCE,5246,5212,5268,164798,8624971200,567346,570874,5466,4946,5206,5216,0,5216,0,0,0,2017-04-17,32585915,5244,104,0,0,0,0,0,0,0,0,5246,49,0,0,0,0,0,0,0,0
368,2017-04-17,09:03:06,374,p1709,XDCE,5246,5212,5268,164808,8625495800,567346,570874,5466,4946,5206,5216,0,5216,0,0,0,2017-04-17,32586374,5244,105,0,0,0,0,0,0,0,0,5246,44,0,0,0,0,0,0,0,0
369,2017-04-17,09:03:06,818,p1709,XDCE,5246,5212,5268,164812,8625705640,567344,570874,5466,4946,5206,5216,0,5216,0,0,0,2017-04-17,32586818,5244,107,0,0,0,0,0,0,0,0,5246,43,0,0,0,0,0,0,0,0
370,2017-04-17,09:03:07,421,p1709,XDCE,5246,5212,5268,164812,8625705640,567344,570874,5466,4946,5206,5216,0,5216,0,0,0,2017-04-17,32587421,5244,112,0,0,0,0,0,0,0,0,5246,43,0,0,0,0,0,0,0,0
371,2017-04-17,09:03:07,847,p1709,XDCE,5246,5212,5268,164812,8625705640,567344,570874,5466,4946,5206,5216,0,5216,0,0,0,2017-04-17,32587847,5244,110,0,0,0,0,0,0,0,0,5246,43,0,0,0,0,0,0,0,0
372,2017-04-17,09:03:08,351,p1709,XDCE,5244,5212,5268,164818,8626020280,567338,570874,5466,4946,5206,5216,0,5216,0,0,0,2017-04-17,32588351,5244,106,0,0,0,0,0,0,0,0,5246,43,0,0,0,0,0,0,0,0
373,2017-04-17,09:03:09,348,p1709,XDCE,5244,5212,5268,164838,8627069080,567328,570874,5466,4946,5206,5216,0,5216,0,0,0,2017-04-17,32589348,5244,104,0,0,0,0,0,0,0,0,5246,49,0,0,0,0,0,0,0,0
374,2017-04-17,09:03:09,843,p1709,XDCE,5244,5212,5268,164838,8627069080,567328,570874,5466,4946,5206,5216,0,5216,0,0,0,2017-04-17,32589843,5244,110,0,0,0,0,0,0,0,0,5246,62,0,0,0,0,0,0,0,0
375,2017-04-17,09:03:10,372,p1709,XDCE,5244,5212,5268,164862,8628327680,567316,570874,5466,4946,5206,5216,0,5216,0,0,0,2017-04-17,32590372,5244,100,0,0,0,0,0,0,0,0,5246,62,0,0,0,0,0,0,0,0
376,2017-04-17,09:03:10,915,p1709,XDCE,5246,5212,5268,164868,8628642440,567316,570874,5466,4946,5206,5216,0,5216,0,0,0,2017-04-17,32590915,5244,102,0,0,0,0,0,0,0,0,5246,69,0,0,0,0,0,0,0,0
377,2017-04-17,09:03:11,366,p1709,XDCE,5246,5212,5268,164894,8630006360,567304,570874,5466,4946,5206,5216,0,5216,0,0,0,2017-04-17,32591366,5244,101,0,0,0,0,0,0,0,0,5246,60,0,0,0,0,0,0,0,0
378,2017-04-17,09:03:11,896,p1709,XDCE,5246,5212,5268,164894,8630006360,567304,570874,5466,4946,5206,5216,0,5216,0,0,0,2017-04-17,32591896,5244,106,0,0,0,0,0,0,0,0,5246,109,0,0,0,0,0,0,0,0
379,2017-04-17,09:03:12,366,p1709,XDCE,5246,5212,5268,164916,8631160480,567304,570874,5466,4946,5206,5216,0,5216,0,0,0,2017-04-17,32592366,5244,106,0,0,0,0,0,0,0,0,5246,100,0,0,0,0,0,0,0,0
380,2017-04-17,09:03:12,841,p1709,XDCE,5244,5212,5268,164920,8631370240,567308,570874,5466,4946,5206,5216,0,5216,0,0,0,2017-04-17,32592841,5244,104,0,0,0,0,0,0,0,0,5246,101,0,0,0,0,0,0,0,0
381,2017-04-17,09:03:13,881,p1709,XDCE,5246,5212,5268,164924,8631580080,567308,570874,5466,4946,5206,5216,0,5216,0,0,0,2017-04-17,32593881,5244,103,0,0,0,0,0,0,0,0,5246,100,0,0,0,0,0,0,0,0
382,2017-04-17,09:03:14,429,p1709,XDCE,5246,5212,5268,164924,8631580080,567308,570874,5466,4946,5206,5216,0,5216,0,0,0,2017-04-17,32594429,5244,95,0,0,0,0,0,0,0,0,5246,101,0,0,0,0,0,0,0,0
383,2017-04-17,09:03:14,906,p1709,XDCE,5244,5212,5268,164926,8631684960,567308,570874,5466,4946,5206,5216,0,5216,0,0,0,2017-04-17,32594906,5244,92,0,0,0,0,0,0,0,0,5246,102,0,0,0,0,0,0,0,0
384,2017-04-17,09:03:15,362,p1709,XDCE,5244,5212,5268,164928,8631789840,567308,570874,5466,4946,5206,5216,0,5216,0,0,0,2017-04-17,32595362,5244,91,0,0,0,0,0,0,0,0,5246,103,0,0,0,0,0,0,0,0
385,2017-04-17,09:03:15,839,p1709,XDCE,5246,5212,5268,164930,8631894760,567306,570874,5466,4946,5206,5216,0,5216,0,0,0,2017-04-17,32595839,5244,91,0,0,0,0,0,0,0,0,5246,102,0,0,0,0,0,0,0,0
386,2017-04-17,09:03:16,374,p1709,XDCE,5246,5212,5268,164930,8631894760,567306,570874,5466,4946,5206,5216,0,5216,0,0,0,2017-04-17,32596374,5244,91,0,0,0,0,0,0,0,0,5246,103,0,0,0,0,0,0,0,0
387,2017-04-17,09:03:16,911,p1709,XDCE,5244,5212,5268,164932,8631999640,567308,570874,5466,4946,5206,5216,0,5216,0,0,0,2017-04-17,32596911,5244,90,0,0,0,0,0,0,0,0,5246,103,0,0,0,0,0,0,0,0
388,2017-04-17,09:03:17,395,p1709,XDCE,5244,5212,5268,165114,8641543720,567304,570874,5466,4946,5206,5216,0,5216,0,0,0,2017-04-17,32597395,5242,189,0,0,0,0,0,0,0,0,5244,328,0,0,0,0,0,0,0,0
389,2017-04-17,09:03:17,906,p1709,XDCE,5242,5212,5268,165118,8641753400,567308,570874,5466,4946,5206,5216,0,5216,0,0,0,2017-04-17,32597906,5242,80,0,0,0,0,0,0,0,0,5244,350,0,0,0,0,0,0,0,0
390,2017-04-17,09:03:18,404,p1709,XDCE,5242,5212,5268,165310,8651817720,567440,570874,5466,4946,5206,5216,0,5216,0,0,0,2017-04-17,32598404,5240,208,0,0,0,0,0,0,0,0,5242,13,0,0,0,0,0,0,0,0
391,2017-04-17,09:03:18,790,p1709,XDCE,5242,5212,5268,165310,8651817720,567440,570874,5466,4946,5206,5216,0,5216,0,0,0,2017-04-17,32598790,5240,206,0,0,0,0,0,0,0,0,5242,20,0,0,0,0,0,0,0,0
392,2017-04-17,09:03:19,300,p1709,XDCE,5240,5212,5268,165314,8652027320,567436,570874,5466,4946,5206,5216,0,5216,0,0,0,2017-04-17,32599300,5240,215,0,0,0,0,0,0,0,0,5242,30,0,0,0,0,0,0,0,0
393,2017-04-17,09:03:19,804,p1709,XDCE,5240,5212,5268,165360,8654437760,567448,570874,5466,4946,5206,5216,0,5216,0,0,0,2017-04-17,32599804,5240,182,0,0,0,0,0,0,0,0,5242,32,0,0,0,0,0,0,0,0
394,2017-04-17,09:03:20,407,p1709,XDCE,5240,5212,5268,165378,8655380960,567446,570874,5466,4946,5206,5216,0,5216,0,0,0,2017-04-17,32600407,5240,172,0,0,0,0,0,0,0,0,5242,59,0,0,0,0,0,0,0,0
395,2017-04-17,09:03:20,800,p1709,XDCE,5240,5212,5268,165378,8655380960,567446,570874,5466,4946,5206,5216,0,5216,0,0,0,2017-04-17,32600800,5240,164,0,0,0,0,0,0,0,0,5242,62,0,0,0,0,0,0,0,0
396,2017-04-17,09:03:21,429,p1709,XDCE,5242,5212,5268,165392,8656114840,567444,570874,5466,4946,5206,5216,0,5216,0,0,0,2017-04-17,32601429,5240,166,0,0,0,0,0,0,0,0,5242,54,0,0,0,0,0,0,0,0
397,2017-04-17,09:03:21,802,p1709,XDCE,5242,5212,5268,165400,8656534200,567444,570874,5466,4946,5206,5216,0,5216,0,0,0,2017-04-17,32601802,5240,177,0,0,0,0,0,0,0,0,5242,53,0,0,0,0,0,0,0,0
398,2017-04-17,09:03:22,427,p1709,XDCE,5242,5212,5268,165404,8656743840,567448,570874,5466,4946,5206,5216,0,5216,0,0,0,2017-04-17,32602427,5240,184,0,0,0,0,0,0,0,0,5242,52,0,0,0,0,0,0,0,0
399,2017-04-17,09:03:22,926,p1709,XDCE,5242,5212,5268,165508,8662195520,567422,570874,5466,4946,5206,5216,0,5216,0,0,0,2017-04-17,32602926,5240,153,0,0,0,0,0,0,0,0,5244,365,0,0,0,0,0,0,0,0
400,2017-04-17,09:03:23,383,p1709,XDCE,5242,5212,5268,165556,8664711680,567382,570874,5466,4946,5206,5216,0,5216,0,0,0,2017-04-17,32603383,5240,100,0,0,0,0,0,0,0,0,5244,365,0,0,0,0,0,0,0,0
401,2017-04-17,09:03:23,797,p1709,XDCE,5242,5212,5268,165564,8665131080,567376,570874,5466,4946,5206,5216,0,5216,0,0,0,2017-04-17,32603797,5242,47,0,0,0,0,0,0,0,0,5244,363,0,0,0,0,0,0,0,0
402,2017-04-17,09:03:24,420,p1709,XDCE,5242,5212,5268,165568,8665340760,567380,570874,5466,4946,5206,5216,0,5216,0,0,0,2017-04-17,32604420,5242,53,0,0,0,0,0,0,0,0,5244,360,0,0,0,0,0,0,0,0
403,2017-04-17,09:03:24,917,p1709,XDCE,5242,5212,5268,165574,8665655320,567380,570874,5466,4946,5206,5216,0,5216,0,0,0,2017-04-17,32604917,5242,57,0,0,0,0,0,0,0,0,5244,363,0,0,0,0,0,0,0,0
404,2017-04-17,09:03:25,421,p1709,XDCE,5244,5212,5268,165632,8668695760,567342,570874,5466,4946,5206,5216,0,5216,0,0,0,2017-04-17,32605421,5242,28,0,0,0,0,0,0,0,0,5244,361,0,0,0,0,0,0,0,0
405,2017-04-17,09:03:25,909,p1709,XDCE,5242,5212,5268,165676,8671002280,567332,570874,5466,4946,5206,5216,0,5216,0,0,0,2017-04-17,32605909,5240,105,0,0,0,0,0,0,0,0,5244,361,0,0,0,0,0,0,0,0
406,2017-04-17,09:03:26,401,p1709,XDCE,5240,5212,5268,165760,8675404440,567280,570874,5466,4946,5206,5216,0,5216,0,0,0,2017-04-17,32606401,5240,86,0,0,0,0,0,0,0,0,5244,360,0,0,0,0,0,0,0,0
407,2017-04-17,09:03:26,877,p1709,XDCE,5240,5212,5268,165776,8676242840,567278,570874,5466,4946,5206,5216,0,5216,0,0,0,2017-04-17,32606877,5240,88,0,0,0,0,0,0,0,0,5242,50,0,0,0,0,0,0,0,0
408,2017-04-17,09:03:27,416,p1709,XDCE,5240,5212,5268,165776,8676242840,567278,570874,5466,4946,5206,5216,0,5216,0,0,0,2017-04-17,32607416,5240,150,0,0,0,0,0,0,0,0,5242,76,0,0,0,0,0,0,0,0
409,2017-04-17,09:03:27,807,p1709,XDCE,5240,5212,5268,165780,8676452480,567282,570874,5466,4946,5206,5216,0,5216,0,0,0,2017-04-17,32607807,5240,134,0,0,0,0,0,0,0,0,5242,60,0,0,0,0,0,0,0,0
410,2017-04-17,09:03:28,415,p1709,XDCE,5242,5212,5268,165786,8676767000,567284,570874,5466,4946,5206,5216,0,5216,0,0,0,2017-04-17,32608415,5240,130,0,0,0,0,0,0,0,0,5242,60,0,0,0,0,0,0,0,0
411,2017-04-17,09:03:28,887,p1709,XDCE,5240,5212,5268,165790,8676976600,567288,570874,5466,4946,5206,5216,0,5216,0,0,0,2017-04-17,32608887,5240,96,0,0,0,0,0,0,0,0,5242,85,0,0,0,0,0,0,0,0
412,2017-04-17,09:03:29,385,p1709,XDCE,5240,5212,5268,165792,8677081400,567290,570874,5466,4946,5206,5216,0,5216,0,0,0,2017-04-17,32609385,5240,75,0,0,0,0,0,0,0,0,5242,107,0,0,0,0,0,0,0,0
413,2017-04-17,09:03:29,886,p1709,XDCE,5242,5212,5268,165800,8677500640,567296,570874,5466,4946,5206,5216,0,5216,0,0,0,2017-04-17,32609886,5240,76,0,0,0,0,0,0,0,0,5242,105,0,0,0,0,0,0,0,0
414,2017-04-17,09:03:30,370,p1709,XDCE,5240,5212,5268,165822,8678653440,567290,570874,5466,4946,5206,5216,0,5216,0,0,0,2017-04-17,32610370,5240,61,0,0,0,0,0,0,0,0,5242,105,0,0,0,0,0,0,0,0
415,2017-04-17,09:03:30,866,p1709,XDCE,5240,5212,5268,165836,8679387040,567286,570874,5466,4946,5206,5216,0,5216,0,0,0,2017-04-17,32610866,5240,55,0,0,0,0,0,0,0,0,5242,108,0,0,0,0,0,0,0,0
416,2017-04-17,09:03:31,372,p1709,XDCE,5238,5212,5268,166000,8687978760,567232,570874,5466,4946,5206,5216,0,5216,0,0,0,2017-04-17,32611372,5238,70,0,0,0,0,0,0,0,0,5240,51,0,0,0,0,0,0,0,0
417,2017-04-17,09:03:31,916,p1709,XDCE,5238,5212,5268,166104,8693426720,567188,570874,5466,4946,5206,5216,0,5216,0,0,0,2017-04-17,32611916,5238,35,0,0,0,0,0,0,0,0,5240,129,0,0,0,0,0,0,0,0
418,2017-04-17,09:03:32,406,p1709,XDCE,5236,5212,5268,166248,8700968920,567194,570874,5466,4946,5206,5216,0,5216,0,0,0,2017-04-17,32612406,5236,92,0,0,0,0,0,0,0,0,5238,34,0,0,0,0,0,0,0,0
419,2017-04-17,09:03:32,868,p1709,XDCE,5236,5212,5268,166352,8706414720,567204,570874,5466,4946,5206,5216,0,5216,0,0,0,2017-04-17,32612868,5236,55,0,0,0,0,0,0,0,0,5238,37,0,0,0,0,0,0,0,0
420,2017-04-17,09:03:33,360,p1709,XDCE,5236,5212,5268,166422,8710080040,567146,570874,5466,4946,5206,5216,0,5216,0,0,0,2017-04-17,32613360,5236,60,0,0,0,0,0,0,0,0,5238,95,0,0,0,0,0,0,0,0
421,2017-04-17,09:03:33,891,p1709,XDCE,5236,5212,5268,166672,8723168880,567104,570874,5466,4946,5206,5216,0,5216,0,0,0,2017-04-17,32613891,5236,6,0,0,0,0,0,0,0,0,5238,109,0,0,0,0,0,0,0,0
422,2017-04-17,09:03:34,398,p1709,XDCE,5236,5212,5268,166716,8725472800,567074,570874,5466,4946,5206,5216,0,5216,0,0,0,2017-04-17,32614398,5236,10,0,0,0,0,0,0,0,0,5238,107,0,0,0,0,0,0,0,0
423,2017-04-17,09:03:34,926,p1709,XDCE,5236,5212,5268,166726,8725996400,567064,570874,5466,4946,5206,5216,0,5216,0,0,0,2017-04-17,32614926,5236,12,0,0,0,0,0,0,0,0,5238,107,0,0,0,0,0,0,0,0
424,2017-04-17,09:03:35,364,p1709,XDCE,5236,5212,5268,166728,8726101120,567062,570874,5466,4946,5206,5216,0,5216,0,0,0,2017-04-17,32615364,5236,11,0,0,0,0,0,0,0,0,5238,106,0,0,0,0,0,0,0,0
425,2017-04-17,09:03:35,924,p1709,XDCE,5236,5212,5268,166732,8726310600,567062,570874,5466,4946,5206,5216,0,5216,0,0,0,2017-04-17,32615924,5236,22,0,0,0,0,0,0,0,0,5238,106,0,0,0,0,0,0,0,0
426,2017-04-17,09:03:36,404,p1709,XDCE,5236,5212,5268,166746,8727043640,567050,570874,5466,4946,5206,5216,0,5216,0,0,0,2017-04-17,32616404,5236,17,0,0,0,0,0,0,0,0,5238,105,0,0,0,0,0,0,0,0
427,2017-04-17,09:03:36,868,p1709,XDCE,5236,5212,5268,166782,8728928600,567024,570874,5466,4946,5206,5216,0,5216,0,0,0,2017-04-17,32616868,5234,158,0,0,0,0,0,0,0,0,5236,1,0,0,0,0,0,0,0,0
428,2017-04-17,09:03:37,381,p1709,XDCE,5234,5212,5268,166788,8729242720,567022,570874,5466,4946,5206,5216,0,5216,0,0,0,2017-04-17,32617381,5234,134,0,0,0,0,0,0,0,0,5236,3,0,0,0,0,0,0,0,0
429,2017-04-17,09:03:37,929,p1709,XDCE,5236,5212,5268,166898,8735001680,567054,570874,5466,4946,5206,5216,0,5216,0,0,0,2017-04-17,32617929,5236,7,0,0,0,0,0,0,0,0,5238,68,0,0,0,0,0,0,0,0
430,2017-04-17,09:03:38,392,p1709,XDCE,5234,5212,5268,166928,8736572520,567048,570874,5466,4946,5206,5216,0,5216,0,0,0,2017-04-17,32618392,5234,119,0,0,0,0,0,0,0,0,5236,6,0,0,0,0,0,0,0,0
431,2017-04-17,09:03:38,883,p1709,XDCE,5236,5212,5268,166930,8736677240,567048,570874,5466,4946,5206,5216,0,5216,0,0,0,2017-04-17,32618883,5234,119,0,0,0,0,0,0,0,0,5236,13,0,0,0,0,0,0,0,0
432,2017-04-17,09:03:39,425,p1709,XDCE,5234,5212,5268,166940,8737200680,567040,570874,5466,4946,5206,5216,0,5216,0,0,0,2017-04-17,32619425,5234,116,0,0,0,0,0,0,0,0,5236,13,0,0,0,0,0,0,0,0
433,2017-04-17,09:03:39,874,p1709,XDCE,5234,5212,5268,166956,8738038200,567032,570874,5466,4946,5206,5216,0,5216,0,0,0,2017-04-17,32619874,5234,107,0,0,0,0,0,0,0,0,5236,16,0,0,0,0,0,0,0,0
434,2017-04-17,09:03:40,402,p1709,XDCE,5234,5212,5268,167130,8747145840,566898,570874,5466,4946,5206,5216,0,5216,0,0,0,2017-04-17,32620402,5234,37,0,0,0,0,0,0,0,0,5236,18,0,0,0,0,0,0,0,0
435,2017-04-17,09:03:40,886,p1709,XDCE,5234,5212,5268,167250,8753426280,566910,570874,5466,4946,5206,5216,0,5216,0,0,0,2017-04-17,32620886,5234,4,0,0,0,0,0,0,0,0,5236,40,0,0,0,0,0,0,0,0
436,2017-04-17,09:03:41,388,p1709,XDCE,5236,5212,5268,167320,8757090960,566890,570874,5466,4946,5206,5216,0,5216,0,0,0,2017-04-17,32621388,5234,30,0,0,0,0,0,0,0,0,5236,52,0,0,0,0,0,0,0,0
437,2017-04-17,09:03:41,814,p1709,XDCE,5234,5212,5268,167406,8761593040,566884,570874,5466,4946,5206,5216,0,5216,0,0,0,2017-04-17,32621814,5234,20,0,0,0,0,0,0,0,0,5236,83,0,0,0,0,0,0,0,0
438,2017-04-17,09:03:42,423,p1709,XDCE,5234,5212,5268,167512,8767141080,566900,570874,5466,4946,5206,5216,0,5216,0,0,0,2017-04-17,32622423,5232,131,0,0,0,0,0,0,0,0,5234,12,0,0,0,0,0,0,0,0
439,2017-04-17,09:03:42,929,p1709,XDCE,5234,5212,5268,167536,8768397240,566886,570874,5466,4946,5206,5216,0,5216,0,0,0,2017-04-17,32622929,5232,136,0,0,0,0,0,0,0,0,5236,96,0,0,0,0,0,0,0,0
440,2017-04-17,09:03:43,394,p1709,XDCE,5232,5212,5268,167624,8773002800,566866,570874,5466,4946,5206,5216,0,5216,0,0,0,2017-04-17,32623394,5232,103,0,0,0,0,0,0,0,0,5234,6,0,0,0,0,0,0,0,0
441,2017-04-17,09:03:43,913,p1709,XDCE,5234,5212,5268,167658,8774781840,566856,570874,5466,4946,5206,5216,0,5216,0,0,0,2017-04-17,32623913,5232,98,0,0,0,0,0,0,0,0,5234,43,0,0,0,0,0,0,0,0
442,2017-04-17,09:03:44,429,p1709,XDCE,5232,5212,5268,167772,8780746360,566846,570874,5466,4946,5206,5216,0,5216,0,0,0,2017-04-17,32624429,5232,25,0,0,0,0,0,0,0,0,5234,68,0,0,0,0,0,0,0,0
443,2017-04-17,09:03:44,854,p1709,XDCE,5232,5212,5268,167844,8784513400,566890,570874,5466,4946,5206,5216,0,5216,0,0,0,2017-04-17,32624854,5230,163,0,0,0,0,0,0,0,0,5232,180,0,0,0,0,0,0,0,0
444,2017-04-17,09:03:45,392,p1709,XDCE,5230,5212,5268,167860,8785350280,566884,570874,5466,4946,5206,5216,0,5216,0,0,0,2017-04-17,32625392,5230,153,0,0,0,0,0,0,0,0,5232,205,0,0,0,0,0,0,0,0
445,2017-04-17,09:03:45,922,p1709,XDCE,5230,5212,5268,168016,8793509280,566782,570874,5466,4946,5206,5216,0,5216,0,0,0,2017-04-17,32625922,5230,79,0,0,0,0,0,0,0,0,5232,197,0,0,0,0,0,0,0,0
446,2017-04-17,09:03:46,402,p1709,XDCE,5230,5212,5268,168174,8801772720,566784,570874,5466,4946,5206,5216,0,5216,0,0,0,2017-04-17,32626402,5228,78,0,0,0,0,0,0,0,0,5230,12,0,0,0,0,0,0,0,0
447,2017-04-17,09:03:46,927,p1709,XDCE,5230,5212,5268,168202,8803236760,566800,570874,5466,4946,5206,5216,0,5216,0,0,0,2017-04-17,32626927,5228,92,0,0,0,0,0,0,0,0,5230,77,0,0,0,0,0,0,0,0
448,2017-04-17,09:03:47,396,p1709,XDCE,5228,5212,5268,168208,8803550520,566804,570874,5466,4946,5206,5216,0,5216,0,0,0,2017-04-17,32627396,5228,96,0,0,0,0,0,0,0,0,5230,75,0,0,0,0,0,0,0,0
449,2017-04-17,09:03:47,902,p1709,XDCE,5228,5212,5268,168372,8812124520,566758,570874,5466,4946,5206,5216,0,5216,0,0,0,2017-04-17,32627902,5228,31,0,0,0,0,0,0,0,0,5230,100,0,0,0,0,0,0,0,0
450,2017-04-17,09:03:48,422,p1709,XDCE,5228,5212,5268,168444,8815889200,566712,570874,5466,4946,5206,5216,0,5216,0,0,0,2017-04-17,32628422,5226,182,0,0,0,0,0,0,0,0,5230,93,0,0,0,0,0,0,0,0
451,2017-04-17,09:03:48,916,p1709,XDCE,5228,5212,5268,168486,8818085000,566724,570874,5466,4946,5206,5216,0,5216,0,0,0,2017-04-17,32628916,5228,20,0,0,0,0,0,0,0,0,5230,101,0,0,0,0,0,0,0,0
452,2017-04-17,09:03:49,393,p1709,XDCE,5230,5212,5268,168546,8821222000,566704,570874,5466,4946,5206,5216,0,5216,0,0,0,2017-04-17,32629393,5226,186,0,0,0,0,0,0,0,0,5230,98,0,0,0,0,0,0,0,0
453,2017-04-17,09:03:49,927,p1709,XDCE,5226,5212,5268,168586,8823313160,566690,570874,5466,4946,5206,5216,0,5216,0,0,0,2017-04-17,32629927,5228,13,0,0,0,0,0,0,0,0,5230,94,0,0,0,0,0,0,0,0
454,2017-04-17,09:03:50,425,p1709,XDCE,5228,5212,5268,168648,8826553840,566674,570874,5466,4946,5206,5216,0,5216,0,0,0,2017-04-17,32630425,5228,2,0,0,0,0,0,0,0,0,5230,105,0,0,0,0,0,0,0,0
455,2017-04-17,09:03:50,925,p1709,XDCE,5228,5212,5268,168758,8832303880,566654,570874,5466,4946,5206,5216,0,5216,0,0,0,2017-04-17,32630925,5226,249,0,0,0,0,0,0,0,0,5228,9,0,0,0,0,0,0,0,0
456,2017-04-17,09:03:51,356,p1709,XDCE,5226,5212,5268,168798,8834394960,566652,570874,5466,4946,5206,5216,0,5216,0,0,0,2017-04-17,32631356,5226,238,0,0,0,0,0,0,0,0,5228,10,0,0,0,0,0,0,0,0
457,2017-04-17,09:03:51,916,p1709,XDCE,5228,5212,5268,168838,8836486120,566616,570874,5466,4946,5206,5216,0,5216,0,0,0,2017-04-17,32631916,5228,227,0,0,0,0,0,0,0,0,5230,101,0,0,0,0,0,0,0,0
458,2017-04-17,09:03:52,422,p1709,XDCE,5230,5212,5268,169008,8845376960,566496,570874,5466,4946,5206,5216,0,5216,0,0,0,2017-04-17,32632422,5228,24,0,0,0,0,0,0,0,0,5232,222,0,0,0,0,0,0,0,0
459,2017-04-17,09:03:52,928,p1709,XDCE,5230,5212,5268,169300,8860653520,566748,570874,5466,4946,5206,5216,0,5216,0,0,0,2017-04-17,32632928,5230,38,0,0,0,0,0,0,0,0,5232,72,0,0,0,0,0,0,0,0
460,2017-04-17,09:03:53,361,p1709,XDCE,5230,5212,5268,169308,8861071920,566750,570874,5466,4946,5206,5216,0,5216,0,0,0,2017-04-17,32633361,5230,100,0,0,0,0,0,0,0,0,5232,86,0,0,0,0,0,0,0,0
461,2017-04-17,09:03:53,927,p1709,XDCE,5230,5212,5268,169318,8861594920,566760,570874,5466,4946,5206,5216,0,5216,0,0,0,2017-04-17,32633927,5230,115,0,0,0,0,0,0,0,0,5232,93,0,0,0,0,0,0,0,0
462,2017-04-17,09:03:54,395,p1709,XDCE,5232,5212,5268,169532,8872791400,566858,570874,5466,4946,5206,5216,0,5216,0,0,0,2017-04-17,32634395,5232,104,0,0,0,0,0,0,0,0,5234,47,0,0,0,0,0,0,0,0
463,2017-04-17,09:03:54,924,p1709,XDCE,5232,5212,5268,169602,8876453960,566858,570874,5466,4946,5206,5216,0,5216,0,0,0,2017-04-17,32634924,5232,173,0,0,0,0,0,0,0,0,5234,19,0,0,0,0,0,0,0,0
464,2017-04-17,09:03:55,383,p1709,XDCE,5232,5212,5268,169642,8878546760,566898,570874,5466,4946,5206,5216,0,5216,0,0,0,2017-04-17,32635383,5232,152,0,0,0,0,0,0,0,0,5234,24,0,0,0,0,0,0,0,0
465,2017-04-17,09:03:55,922,p1709,XDCE,5232,5212,5268,169654,8879174720,566898,570874,5466,4946,5206,5216,0,5216,0,0,0,2017-04-17,32635922,5232,113,0,0,0,0,0,0,0,0,5234,46,0,0,0,0,0,0,0,0
466,2017-04-17,09:03:56,383,p1709,XDCE,5232,5212,5268,169806,8887127360,566996,570874,5466,4946,5206,5216,0,5216,0,0,0,2017-04-17,32636383,5230,212,0,0,0,0,0,0,0,0,5232,19,0,0,0,0,0,0,0,0
467,2017-04-17,09:03:56,916,p1709,XDCE,5232,5212,5268,169822,8887964480,567012,570874,5466,4946,5206,5216,0,5216,0,0,0,2017-04-17,32636916,5230,182,0,0,0,0,0,0,0,0,5232,12,0,0,0,0,0,0,0,0
468,2017-04-17,09:03:57,347,p1709,XDCE,5232,5212,5268,169822,8887964480,567012,570874,5466,4946,5206,5216,0,5216,0,0,0,2017-04-17,32637347,5230,191,0,0,0,0,0,0,0,0,5232,13,0,0,0,0,0,0,0,0
469,2017-04-17,09:03:57,896,p1709,XDCE,5232,5212,5268,169836,8888696960,567026,570874,5466,4946,5206,5216,0,5216,0,0,0,2017-04-17,32637896,5230,58,0,0,0,0,0,0,0,0,5232,46,0,0,0,0,0,0,0,0
470,2017-04-17,09:03:58,420,p1709,XDCE,5232,5212,5268,169838,8888801600,567028,570874,5466,4946,5206,5216,0,5216,0,0,0,2017-04-17,32638420,5230,33,0,0,0,0,0,0,0,0,5232,67,0,0,0,0,0,0,0,0
471,2017-04-17,09:03:58,910,p1709,XDCE,5232,5212,5268,169852,8889534080,567040,570874,5466,4946,5206,5216,0,5216,0,0,0,2017-04-17,32638910,5230,39,0,0,0,0,0,0,0,0,5232,74,0,0,0,0,0,0,0,0
472,2017-04-17,09:03:59,374,p1709,XDCE,5230,5212,5268,169854,8889638680,567040,570874,5466,4946,5206,5216,0,5216,0,0,0,2017-04-17,32639374,5230,38,0,0,0,0,0,0,0,0,5232,74,0,0,0,0,0,0,0,0
473,2017-04-17,09:03:59,922,p1709,XDCE,5232,5212,5268,169880,8890998920,567058,570874,5466,4946,5206,5216,0,5216,0,0,0,2017-04-17,32639922,5230,38,0,0,0,0,0,0,0,0,5232,63,0,0,0,0,0,0,0,0
474,2017-04-17,09:04:00,373,p1709,XDCE,5230,5212,5268,169928,8893509600,567096,570874,5466,4946,5206,5216,0,5216,0,0,0,2017-04-17,32640373,5230,53,0,0,0,0,0,0,0,0,5232,56,0,0,0,0,0,0,0,0
475,2017-04-17,09:04:00,913,p1709,XDCE,5232,5212,5268,169952,8894765280,567096,570874,5466,4946,5206,5216,0,5216,0,0,0,2017-04-17,32640913,5230,199,0,0,0,0,0,0,0,0,5232,4,0,0,0,0,0,0,0,0
476,2017-04-17,09:04:01,389,p1709,XDCE,5232,5212,5268,169972,8895811680,567090,570874,5466,4946,5206,5216,0,5216,0,0,0,2017-04-17,32641389,5232,127,0,0,0,0,0,0,0,0,5234,138,0,0,0,0,0,0,0,0
477,2017-04-17,09:04:01,925,p1709,XDCE,5232,5212,5268,169972,8895811680,567090,570874,5466,4946,5206,5216,0,5216,0,0,0,2017-04-17,32641925,5232,154,0,0,0,0,0,0,0,0,5234,127,0,0,0,0,0,0,0,0
478,2017-04-17,09:04:02,383,p1709,XDCE,5232,5212,5268,169972,8895811680,567090,570874,5466,4946,5206,5216,0,5216,0,0,0,2017-04-17,32642383,5232,162,0,0,0,0,0,0,0,0,5234,130,0,0,0,0,0,0,0,0
479,2017-04-17,09:04:02,857,p1709,XDCE,5232,5212,5268,169976,8896020960,567090,570874,5466,4946,5206,5216,0,5216,0,0,0,2017-04-17,32642857,5232,150,0,0,0,0,0,0,0,0,5234,140,0,0,0,0,0,0,0,0
480,2017-04-17,09:04:03,367,p1709,XDCE,5232,5212,5268,169976,8896020960,567090,570874,5466,4946,5206,5216,0,5216,0,0,0,2017-04-17,32643367,5232,151,0,0,0,0,0,0,0,0,5234,120,0,0,0,0,0,0,0,0
481,2017-04-17,09:04:03,921,p1709,XDCE,5234,5212,5268,169980,8896230280,567090,570874,5466,4946,5206,5216,0,5216,0,0,0,2017-04-17,32643921,5232,150,0,0,0,0,0,0,0,0,5234,119,0,0,0,0,0,0,0,0
482,2017-04-17,09:04:04,419,p1709,XDCE,5234,5212,5268,169984,8896439640,567092,570874,5466,4946,5206,5216,0,5216,0,0,0,2017-04-17,32644419,5232,149,0,0,0,0,0,0,0,0,5234,117,0,0,0,0,0,0,0,0
483,2017-04-17,09:04:04,922,p1709,XDCE,5234,5212,5268,170000,8897276920,567092,570874,5466,4946,5206,5216,0,5216,0,0,0,2017-04-17,32644922,5232,150,0,0,0,0,0,0,0,0,5234,113,0,0,0,0,0,0,0,0
484,2017-04-17,09:04:05,401,p1709,XDCE,5234,5212,5268,170006,8897590880,567090,570874,5466,4946,5206,5216,0,5216,0,0,0,2017-04-17,32645401,5232,148,0,0,0,0,0,0,0,0,5234,112,0,0,0,0,0,0,0,0
485,2017-04-17,09:04:05,908,p1709,XDCE,5234,5212,5268,170006,8897590880,567090,570874,5466,4946,5206,5216,0,5216,0,0,0,2017-04-17,32645908,5232,148,0,0,0,0,0,0,0,0,5234,119,0,0,0,0,0,0,0,0
486,2017-04-17,09:04:06,375,p1709,XDCE,5234,5212,5268,170006,8897590880,567090,570874,5466,4946,5206,5216,0,5216,0,0,0,2017-04-17,32646375,5232,164,0,0,0,0,0,0,0,0,5234,109,0,0,0,0,0,0,0,0
487,2017-04-17,09:04:06,905,p1709,XDCE,5234,5212,5268,170006,8897590880,567090,570874,5466,4946,5206,5216,0,5216,0,0,0,2017-04-17,32646905,5232,164,0,0,0,0,0,0,0,0,5234,110,0,0,0,0,0,0,0,0
488,2017-04-17,09:04:07,306,p1709,XDCE,5232,5212,5268,170020,8898323400,567078,570874,5466,4946,5206,5216,0,5216,0,0,0,2017-04-17,32647306,5232,181,0,0,0,0,0,0,0,0,5234,109,0,0,0,0,0,0,0,0
489,2017-04-17,09:04:07,924,p1709,XDCE,5232,5212,5268,170020,8898323400,567078,570874,5466,4946,5206,5216,0,5216,0,0,0,2017-04-17,32647924,5232,190,0,0,0,0,0,0,0,0,5234,109,0,0,0,0,0,0,0,0
490,2017-04-17,09:04:08,422,p1709,XDCE,5234,5212,5268,170034,8899056160,567078,570874,5466,4946,5206,5216,0,5216,0,0,0,2017-04-17,32648422,5232,192,0,0,0,0,0,0,0,0,5234,102,0,0,0,0,0,0,0,0
491,2017-04-17,09:04:08,780,p1709,XDCE,5234,5212,5268,170036,8899160840,567078,570874,5466,4946,5206,5216,0,5216,0,0,0,2017-04-17,32648780,5232,192,0,0,0,0,0,0,0,0,5234,101,0,0,0,0,0,0,0,0
492,2017-04-17,09:04:09,415,p1709,XDCE,5232,5212,5268,170150,8905127360,567074,570874,5466,4946,5206,5216,0,5216,0,0,0,2017-04-17,32649415,5232,244,0,0,0,0,0,0,0,0,5234,50,0,0,0,0,0,0,0,0
493,2017-04-17,09:04:09,894,p1709,XDCE,5234,5212,5268,170250,8910361360,567000,570874,5466,4946,5206,5216,0,5216,0,0,0,2017-04-17,32649894,5234,69,0,0,0,0,0,0,0,0,5236,37,0,0,0,0,0,0,0,0
494,2017-04-17,09:04:10,418,p1709,XDCE,5236,5212,5268,170370,8916643520,566958,570874,5466,4946,5206,5216,0,5216,0,0,0,2017-04-17,32650418,5236,52,0,0,0,0,0,0,0,0,5238,106,0,0,0,0,0,0,0,0
495,2017-04-17,09:04:10,889,p1709,XDCE,5236,5212,5268,170400,8918214560,566938,570874,5466,4946,5206,5216,0,5216,0,0,0,2017-04-17,32650889,5236,47,0,0,0,0,0,0,0,0,5238,100,0,0,0,0,0,0,0,0
496,2017-04-17,09:04:11,402,p1709,XDCE,5234,5212,5268,170516,8924287920,566838,570874,5466,4946,5206,5216,0,5216,0,0,0,2017-04-17,32651402,5234,162,0,0,0,0,0,0,0,0,5236,121,0,0,0,0,0,0,0,0
497,2017-04-17,09:04:11,915,p1709,XDCE,5234,5212,5268,170520,8924497280,566834,570874,5466,4946,5206,5216,0,5216,0,0,0,2017-04-17,32651915,5234,145,0,0,0,0,0,0,0,0,5236,137,0,0,0,0,0,0,0,0
498,2017-04-17,09:04:12,378,p1709,XDCE,5234,5212,5268,170522,8924601960,566834,570874,5466,4946,5206,5216,0,5216,0,0,0,2017-04-17,32652378,5234,143,0,0,0,0,0,0,0,0,5236,139,0,0,0,0,0,0,0,0
499,2017-04-17,09:04:12,913,p1709,XDCE,5234,5212,5268,170526,8924811320,566832,570874,5466,4946,5206,5216,0,5216,0,0,0,2017-04-17,32652913,5234,140,0,0,0,0,0,0,0,0,5236,167,0,0,0,0,0,0,0,0
500,2017-04-17,09:04:13,352,p1709,XDCE,5236,5212,5268,170540,8925544360,566832,570874,5466,4946,5206,5216,0,5216,0,0,0,2017-04-17,32653352,5234,133,0,0,0,0,0,0,0,0,5236,172,0,0,0,0,0,0,0,0
501,2017-04-17,09:04:13,919,p1709,XDCE,5236,5212,5268,170550,8926067960,566832,570874,5466,4946,5206,5216,0,5216,0,0,0,2017-04-17,32653919,5234,144,0,0,0,0,0,0,0,0,5236,171,0,0,0,0,0,0,0,0
502,2017-04-17,09:04:14,333,p1709,XDCE,5234,5212,5268,170570,8927114760,566832,570874,5466,4946,5206,5216,0,5216,0,0,0,2017-04-17,32654333,5234,135,0,0,0,0,0,0,0,0,5236,172,0,0,0,0,0,0,0,0
503,2017-04-17,09:04:14,888,p1709,XDCE,5234,5212,5268,170570,8927114760,566832,570874,5466,4946,5206,5216,0,5216,0,0,0,2017-04-17,32654888,5234,136,0,0,0,0,0,0,0,0,5236,174,0,0,0,0,0,0,0,0
504,2017-04-17,09:04:15,414,p1709,XDCE,5234,5212,5268,170570,8927114760,566832,570874,5466,4946,5206,5216,0,5216,0,0,0,2017-04-17,32655414,5234,136,0,0,0,0,0,0,0,0,5236,176,0,0,0,0,0,0,0,0
505,2017-04-17,09:04:15,815,p1709,XDCE,5234,5212,5268,170570,8927114760,566832,570874,5466,4946,5206,5216,0,5216,0,0,0,2017-04-17,32655815,5234,137,0,0,0,0,0,0,0,0,5236,174,0,0,0,0,0,0,0,0
506,2017-04-17,09:04:16,427,p1709,XDCE,5234,5212,5268,170570,8927114760,566832,570874,5466,4946,5206,5216,0,5216,0,0,0,2017-04-17,32656427,5234,138,0,0,0,0,0,0,0,0,5236,175,0,0,0,0,0,0,0,0
507,2017-04-17,09:04:16,825,p1709,XDCE,5236,5212,5268,170832,8940833080,566812,570874,5466,4946,5206,5216,0,5216,0,0,0,2017-04-17,32656825,5236,88,0,0,0,0,0,0,0,0,5238,57,0,0,0,0,0,0,0,0
508,2017-04-17,09:04:17,383,p1709,XDCE,5236,5212,5268,170834,8940937800,566810,570874,5466,4946,5206,5216,0,5216,0,0,0,2017-04-17,32657383,5236,100,0,0,0,0,0,0,0,0,5238,54,0,0,0,0,0,0,0,0
509,2017-04-17,09:04:17,861,p1709,XDCE,5238,5212,5268,170852,8941880640,566792,570874,5466,4946,5206,5216,0,5216,0,0,0,2017-04-17,32657861,5236,115,0,0,0,0,0,0,0,0,5238,45,0,0,0,0,0,0,0,0
510,2017-04-17,09:04:18,416,p1709,XDCE,5238,5212,5268,170868,8942718720,566788,570874,5466,4946,5206,5216,0,5216,0,0,0,2017-04-17,32658416,5236,122,0,0,0,0,0,0,0,0,5238,38,0,0,0,0,0,0,0,0
511,2017-04-17,09:04:18,919,p1709,XDCE,5238,5212,5268,170892,8943975640,566784,570874,5466,4946,5206,5216,0,5216,0,0,0,2017-04-17,32658919,5236,100,0,0,0,0,0,0,0,0,5238,39,0,0,0,0,0,0,0,0
512,2017-04-17,09:04:19,404,p1709,XDCE,5236,5212,5268,170910,8944918400,566776,570874,5466,4946,5206,5216,0,5216,0,0,0,2017-04-17,32659404,5236,99,0,0,0,0,0,0,0,0,5238,37,0,0,0,0,0,0,0,0
513,2017-04-17,09:04:19,816,p1709,XDCE,5238,5212,5268,170912,8945023160,566778,570874,5466,4946,5206,5216,0,5216,0,0,0,2017-04-17,32659816,5236,98,0,0,0,0,0,0,0,0,5238,46,0,0,0,0,0,0,0,0
514,2017-04-17,09:04:20,296,p1709,XDCE,5238,5212,5268,170916,8945232680,566782,570874,5466,4946,5206,5216,0,5216,0,0,0,2017-04-17,32660296,5236,97,0,0,0,0,0,0,0,0,5238,49,0,0,0,0,0,0,0,0
515,2017-04-17,09:04:20,915,p1709,XDCE,5238,5212,5268,170916,8945232680,566782,570874,5466,4946,5206,5216,0,5216,0,0,0,2017-04-17,32660915,5236,120,0,0,0,0,0,0,0,0,5238,49,0,0,0,0,0,0,0,0
516,2017-04-17,09:04:21,345,p1709,XDCE,5238,5212,5268,170930,8945965800,566774,570874,5466,4946,5206,5216,0,5216,0,0,0,2017-04-17,32661345,5236,115,0,0,0,0,0,0,0,0,5238,48,0,0,0,0,0,0,0,0
517,2017-04-17,09:04:21,853,p1709,XDCE,5238,5212,5268,170932,8946070560,566776,570874,5466,4946,5206,5216,0,5216,0,0,0,2017-04-17,32661853,5236,115,0,0,0,0,0,0,0,0,5238,47,0,0,0,0,0,0,0,0
518,2017-04-17,09:04:22,307,p1709,XDCE,5238,5212,5268,170938,8946384840,566782,570874,5466,4946,5206,5216,0,5216,0,0,0,2017-04-17,32662307,5236,111,0,0,0,0,0,0,0,0,5238,91,0,0,0,0,0,0,0,0
519,2017-04-17,09:04:22,868,p1709,XDCE,5238,5212,5268,170944,8946699120,566784,570874,5466,4946,5206,5216,0,5216,0,0,0,2017-04-17,32662868,5236,106,0,0,0,0,0,0,0,0,5238,90,0,0,0,0,0,0,0,0
520,2017-04-17,09:04:23,420,p1709,XDCE,5238,5212,5268,170954,8947222920,566788,570874,5466,4946,5206,5216,0,5216,0,0,0,2017-04-17,32663420,5236,104,0,0,0,0,0,0,0,0,5238,88,0,0,0,0,0,0,0,0
521,2017-04-17,09:04:23,895,p1709,XDCE,5238,5212,5268,170956,8947327680,566786,570874,5466,4946,5206,5216,0,5216,0,0,0,2017-04-17,32663895,5236,104,0,0,0,0,0,0,0,0,5238,87,0,0,0,0,0,0,0,0
522,2017-04-17,09:04:24,929,p1709,XDCE,5236,5212,5268,170958,8947432400,566786,570874,5466,4946,5206,5216,0,5216,0,0,0,2017-04-17,32664929,5236,101,0,0,0,0,0,0,0,0,5238,87,0,0,0,0,0,0,0,0
523,2017-04-17,09:04:25,411,p1709,XDCE,5238,5212,5268,170974,8948270480,566786,570874,5466,4946,5206,5216,0,5216,0,0,0,2017-04-17,32665411,5236,100,0,0,0,0,0,0,0,0,5238,80,0,0,0,0,0,0,0,0
524,2017-04-17,09:04:25,898,p1709,XDCE,5238,5212,5268,170978,8948480000,566784,570874,5466,4946,5206,5216,0,5216,0,0,0,2017-04-17,32665898,5236,105,0,0,0,0,0,0,0,0,5238,65,0,0,0,0,0,0,0,0
525,2017-04-17,09:04:26,412,p1709,XDCE,5238,5212,5268,170984,8948794200,566788,570874,5466,4946,5206,5216,0,5216,0,0,0,2017-04-17,32666412,5236,105,0,0,0,0,0,0,0,0,5238,63,0,0,0,0,0,0,0,0
526,2017-04-17,09:04:26,909,p1709,XDCE,5236,5212,5268,170986,8948898920,566790,570874,5466,4946,5206,5216,0,5216,0,0,0,2017-04-17,32666909,5236,104,0,0,0,0,0,0,0,0,5238,63,0,0,0,0,0,0,0,0
527,2017-04-17,09:04:27,402,p1709,XDCE,5236,5212,5268,170986,8948898920,566790,570874,5466,4946,5206,5216,0,5216,0,0,0,2017-04-17,32667402,5236,101,0,0,0,0,0,0,0,0,5238,73,0,0,0,0,0,0,0,0
528,2017-04-17,09:04:27,880,p1709,XDCE,5236,5212,5268,170990,8949108360,566790,570874,5466,4946,5206,5216,0,5216,0,0,0,2017-04-17,32667880,5236,101,0,0,0,0,0,0,0,0,5238,81,0,0,0,0,0,0,0,0
529,2017-04-17,09:04:28,322,p1709,XDCE,5236,5212,5268,171200,8960103960,566750,570874,5466,4946,5206,5216,0,5216,0,0,0,2017-04-17,32668322,5234,250,0,0,0,0,0,0,0,0,5236,56,0,0,0,0,0,0,0,0
