,dataDate,dataTime,dataMillisec,instrumentID,exchangeCD,lastPrice,lowPrice,highPrice,volume,value,openInterest,preOpenInterest,upperLimitPrice,lowerLimitPrice,preSettlementPrice,prevClosePrice,settlementPrice,openPrice,closePrice,preDelta,currDelta,clearingDay,milliSecOffset,bidPrice1,bidVolume1,bidPrice2,bidVolume2,bidPrice3,bidVolume3,bidPrice4,bidVolume4,bidPrice5,bidVolume5,askPrice1,askVolume1,askPrice2,askVolume2,askPrice3,askVolume3,askPrice4,askVolume4,askPrice5,askVolume5
0,2017-04-15,01:00:00,500,pb1705,XSGE,16410,16135,16760,34194,2821456800,35288,36460,17455,15170,16315,16175,0,16170,0,0,0,2017-04-17,3600500,16410,18,0,0,0,0,0,0,0,0,16425,3,0,0,0,0,0,0,0,0
1,2017-04-17,09:00:00,500,pb1705,XSGE,16425,16135,16760,34230,2824410900,35288,36460,17455,15170,16315,16175,0,16170,0,0,0,2017-04-17,32400500,16410,3,0,0,0,0,0,0,0,0,16425,1,0,0,0,0,0,0,0,0
2,2017-04-17,09:00:01,0,pb1705,XSGE,16415,16135,16760,34234,2824739300,35286,36460,17455,15170,16315,16175,0,16170,0,0,0,2017-04-17,32401000,16410,4,0,0,0,0,0,0,0,0,16425,5,0,0,0,0,0,0,0,0
3,2017-04-17,09:00:01,500,pb1705,XSGE,16410,16135,16760,34244,2825559950,35286,36460,17455,15170,16315,16175,0,16170,0,0,0,2017-04-17,32401500,16405,5,0,0,0,0,0,0,0,0,16410,1,0,0,0,0,0,0,0,0
4,2017-04-17,09:00:02,0,pb1705,XSGE,16410,16135,16760,34246,2825724050,35288,36460,17455,15170,16315,16175,0,16170,0,0,0,2017-04-17,32402000,16405,5,0,0,0,0,0,0,0,0,16410,6,0,0,0,0,0,0,0,0
5,2017-04-17,09:00:02,500,pb1705,XSGE,16395,16135,16760,34268,2827528750,35286,36460,17455,15170,16315,16175,0,16170,0,0,0,2017-04-17,32402500,16375,1,0,0,0,0,0,0,0,0,16410,2,0,0,0,0,0,0,0,0
6,2017-04-17,09:00:03,0,pb1705,XSGE,16405,16135,16760,34270,2827692800,35286,36460,17455,15170,16315,16175,0,16170,0,0,0,2017-04-17,32403000,16380,3,0,0,0,0,0,0,0,0,16405,4,0,0,0,0,0,0,0,0
7,2017-04-17,09:00:03,500,pb1705,XSGE,16405,16135,16760,34270,2827692800,35286,36460,17455,15170,16315,16175,0,16170,0,0,0,2017-04-17,32403500,16380,1,0,0,0,0,0,0,0,0,16400,3,0,0,0,0,0,0,0,0
8,2017-04-17,09:00:04,0,pb1705,XSGE,16405,16135,16760,34270,2827692800,35286,36460,17455,15170,16315,16175,0,16170,0,0,0,2017-04-17,32404000,16380,1,0,0,0,0,0,0,0,0,16400,3,0,0,0,0,0,0,0,0
9,2017-04-17,09:00:04,500,pb1705,XSGE,16405,16135,16760,34270,2827692800,35286,36460,17455,15170,16315,16175,0,16170,0,0,0,2017-04-17,32404500,16380,1,0,0,0,0,0,0,0,0,16400,4,0,0,0,0,0,0,0,0
10,2017-04-17,09:00:05,500,pb1705,XSGE,16405,16135,16760,34270,2827692800,35286,36460,17455,15170,16315,16175,0,16170,0,0,0,2017-04-17,32405500,16380,1,0,0,0,0,0,0,0,0,16400,4,0,0,0,0,0,0,0,0
11,2017-04-17,09:00:06,0,pb1705,XSGE,16405,16135,16760,34270,2827692800,35286,36460,17455,15170,16315,16175,0,16170,0,0,0,2017-04-17,32406000,16380,1,0,0,0,0,0,0,0,0,16400,5,0,0,0,0,0,0,0,0
12,2017-04-17,09:00:06,500,pb1705,XSGE,16405,16135,16760,34270,2827692800,35286,36460,17455,15170,16315,16175,0,16170,0,0,0,2017-04-17,32406500,16380,1,0,0,0,0,0,0,0,0,16395,3,0,0,0,0,0,0,0,0
13,2017-04-17,09:00:07,0,pb1705,XSGE,16400,16135,16760,34272,2827856800,35288,36460,17455,15170,16315,16175,0,16170,0,0,0,2017-04-17,32407000,16380,2,0,0,0,0,0,0,0,0,16395,3,0,0,0,0,0,0,0,0
14,2017-04-17,09:00:07,500,pb1705,XSGE,16400,16135,16760,34272,2827856800,35288,36460,17455,15170,16315,16175,0,16170,0,0,0,2017-04-17,32407500,16380,2,0,0,0,0,0,0,0,0,16390,1,0,0,0,0,0,0,0,0
15,2017-04-17,09:00:08,0,pb1705,XSGE,16380,16135,16760,34274,2828020600,35290,36460,17455,15170,16315,16175,0,16170,0,0,0,2017-04-17,32408000,16380,1,0,0,0,0,0,0,0,0,16390,1,0,0,0,0,0,0,0,0
16,2017-04-17,09:00:08,500,pb1705,XSGE,16380,16135,16760,34274,2828020600,35290,36460,17455,15170,16315,16175,0,16170,0,0,0,2017-04-17,32408500,16380,1,0,0,0,0,0,0,0,0,16390,3,0,0,0,0,0,0,0,0
17,2017-04-17,09:00:09,0,pb1705,XSGE,16380,16135,16760,34276,2828184400,35290,36460,17455,15170,16315,16175,0,16170,0,0,0,2017-04-17,32409000,16375,2,0,0,0,0,0,0,0,0,16390,3,0,0,0,0,0,0,0,0
18,2017-04-17,09:00:09,500,pb1705,XSGE,16375,16135,16760,34282,2828675650,35286,36460,17455,15170,16315,16175,0,16170,0,0,0,2017-04-17,32409500,16360,2,0,0,0,0,0,0,0,0,16375,4,0,0,0,0,0,0,0,0
19,2017-04-17,09:00:10,0,pb1705,XSGE,16375,16135,16760,34286,2829003150,35282,36460,17455,15170,16315,16175,0,16170,0,0,0,2017-04-17,32410000,16365,4,0,0,0,0,0,0,0,0,16375,2,0,0,0,0,0,0,0,0
20,2017-04-17,09:00:10,500,pb1705,XSGE,16380,16135,16760,34298,2829985750,35270,36460,17455,15170,16315,16175,0,16170,0,0,0,2017-04-17,32410500,16365,1,0,0,0,0,0,0,0,0,16380,8,0,0,0,0,0,0,0,0
21,2017-04-17,09:00:11,0,pb1705,XSGE,16380,16135,16760,34298,2829985750,35270,36460,17455,15170,16315,16175,0,16170,0,0,0,2017-04-17,32411000,16360,2,0,0,0,0,0,0,0,0,16375,1,0,0,0,0,0,0,0,0
22,2017-04-17,09:00:11,500,pb1705,XSGE,16380,16135,16760,34298,2829985750,35270,36460,17455,15170,16315,16175,0,16170,0,0,0,2017-04-17,32411500,16365,1,0,0,0,0,0,0,0,0,16375,1,0,0,0,0,0,0,0,0
23,2017-04-17,09:00:12,0,pb1705,XSGE,16380,16135,16760,34300,2830149550,35270,36460,17455,15170,16315,16175,0,16170,0,0,0,2017-04-17,32412000,16365,1,0,0,0,0,0,0,0,0,16375,1,0,0,0,0,0,0,0,0
24,2017-04-17,09:00:13,500,pb1705,XSGE,16380,16135,16760,34300,2830149550,35270,36460,17455,15170,16315,16175,0,16170,0,0,0,2017-04-17,32413500,16370,8,0,0,0,0,0,0,0,0,16375,1,0,0,0,0,0,0,0,0
25,2017-04-17,09:00:14,0,pb1705,XSGE,16365,16135,16760,34320,2831786450,35254,36460,17455,15170,16315,16175,0,16170,0,0,0,2017-04-17,32414000,16360,2,0,0,0,0,0,0,0,0,16375,1,0,0,0,0,0,0,0,0
26,2017-04-17,09:00:14,500,pb1705,XSGE,16365,16135,16760,34326,2832277450,35256,36460,17455,15170,16315,16175,0,16170,0,0,0,2017-04-17,32414500,16365,1,0,0,0,0,0,0,0,0,16370,1,0,0,0,0,0,0,0,0
27,2017-04-17,09:00:15,0,pb1705,XSGE,16370,16135,16760,34330,2832604800,35258,36460,17455,15170,16315,16175,0,16170,0,0,0,2017-04-17,32415000,16365,7,0,0,0,0,0,0,0,0,16370,1,0,0,0,0,0,0,0,0
28,2017-04-17,09:00:15,500,pb1705,XSGE,16375,16135,16760,34334,2832932250,35260,36460,17455,15170,16315,16175,0,16170,0,0,0,2017-04-17,32415500,16370,1,0,0,0,0,0,0,0,0,16380,8,0,0,0,0,0,0,0,0
29,2017-04-17,09:00:16,0,pb1705,XSGE,16375,16135,16760,34336,2833096000,35262,36460,17455,15170,16315,16175,0,16170,0,0,0,2017-04-17,32416000,16370,2,0,0,0,0,0,0,0,0,16380,8,0,0,0,0,0,0,0,0
30,2017-04-17,09:00:16,500,pb1705,XSGE,16365,16135,16760,34368,2835715400,35238,36460,17455,15170,16315,16175,0,16170,0,0,0,2017-04-17,32416500,16360,7,0,0,0,0,0,0,0,0,16380,3,0,0,0,0,0,0,0,0
31,2017-04-17,09:00:17,0,pb1705,XSGE,16365,16135,16760,34368,2835715400,35238,36460,17455,15170,16315,16175,0,16170,0,0,0,2017-04-17,32417000,16365,8,0,0,0,0,0,0,0,0,16380,3,0,0,0,0,0,0,0,0
32,2017-04-17,09:00:17,500,pb1705,XSGE,16365,16135,16760,34368,2835715400,35238,36460,17455,15170,16315,16175,0,16170,0,0,0,2017-04-17,32417500,16370,3,0,0,0,0,0,0,0,0,16380,3,0,0,0,0,0,0,0,0
33,2017-04-17,09:00:18,0,pb1705,XSGE,16380,16135,16760,34374,2836206800,35238,36460,17455,15170,16315,16175,0,16170,0,0,0,2017-04-17,32418000,16375,3,0,0,0,0,0,0,0,0,16405,1,0,0,0,0,0,0,0,0
34,2017-04-17,09:00:18,500,pb1705,XSGE,16380,16135,16760,34374,2836206800,35238,36460,17455,15170,16315,16175,0,16170,0,0,0,2017-04-17,32418500,16375,3,0,0,0,0,0,0,0,0,16405,4,0,0,0,0,0,0,0,0
35,2017-04-17,09:00:19,0,pb1705,XSGE,16375,16135,16760,34378,2836534300,35242,36460,17455,15170,16315,16175,0,16170,0,0,0,2017-04-17,32419000,16375,1,0,0,0,0,0,0,0,0,16405,6,0,0,0,0,0,0,0,0
36,2017-04-17,09:00:19,500,pb1705,XSGE,16375,16135,16760,34378,2836534300,35242,36460,17455,15170,16315,16175,0,16170,0,0,0,2017-04-17,32419500,16375,1,0,0,0,0,0,0,0,0,16400,3,0,0,0,0,0,0,0,0
37,2017-04-17,09:00:20,0,pb1705,XSGE,16375,16135,16760,34378,2836534300,35242,36460,17455,15170,16315,16175,0,16170,0,0,0,2017-04-17,32420000,16375,1,0,0,0,0,0,0,0,0,16395,3,0,0,0,0,0,0,0,0
38,2017-04-17,09:00:20,500,pb1705,XSGE,16370,16135,16760,34382,2836861750,35240,36460,17455,15170,16315,16175,0,16170,0,0,0,2017-04-17,32420500,16365,8,0,0,0,0,0,0,0,0,16370,8,0,0,0,0,0,0,0,0
39,2017-04-17,09:00:21,0,pb1705,XSGE,16375,16135,16760,34400,2838335100,35242,36460,17455,15170,16315,16175,0,16170,0,0,0,2017-04-17,32421000,16370,3,0,0,0,0,0,0,0,0,16400,4,0,0,0,0,0,0,0,0
40,2017-04-17,09:00:21,500,pb1705,XSGE,16375,16135,16760,34400,2838335100,35242,36460,17455,15170,16315,16175,0,16170,0,0,0,2017-04-17,32421500,16375,1,0,0,0,0,0,0,0,0,16395,5,0,0,0,0,0,0,0,0
41,2017-04-17,09:00:22,0,pb1705,XSGE,16375,16135,16760,34400,2838335100,35242,36460,17455,15170,16315,16175,0,16170,0,0,0,2017-04-17,32422000,16370,2,0,0,0,0,0,0,0,0,16390,2,0,0,0,0,0,0,0,0
42,2017-04-17,09:00:22,500,pb1705,XSGE,16390,16135,16760,34402,2838499000,35242,36460,17455,15170,16315,16175,0,16170,0,0,0,2017-04-17,32422500,16370,3,0,0,0,0,0,0,0,0,16390,1,0,0,0,0,0,0,0,0
43,2017-04-17,09:00:23,0,pb1705,XSGE,16390,16135,16760,34402,2838499000,35242,36460,17455,15170,16315,16175,0,16170,0,0,0,2017-04-17,32423000,16370,4,0,0,0,0,0,0,0,0,16390,1,0,0,0,0,0,0,0,0
44,2017-04-17,09:00:24,500,pb1705,XSGE,16390,16135,16760,34404,2838662900,35240,36460,17455,15170,16315,16175,0,16170,0,0,0,2017-04-17,32424500,16390,7,0,0,0,0,0,0,0,0,16395,2,0,0,0,0,0,0,0,0
45,2017-04-17,09:00:25,0,pb1705,XSGE,16370,16135,16760,34426,2840465000,35244,36460,17455,15170,16315,16175,0,16170,0,0,0,2017-04-17,32425000,16365,2,0,0,0,0,0,0,0,0,16370,1,0,0,0,0,0,0,0,0
46,2017-04-17,09:00:25,500,pb1705,XSGE,16370,16135,16760,34432,2840956200,35250,36460,17455,15170,16315,16175,0,16170,0,0,0,2017-04-17,32425500,16370,12,0,0,0,0,0,0,0,0,16390,3,0,0,0,0,0,0,0,0
47,2017-04-17,09:00:26,0,pb1705,XSGE,16370,16135,16760,34432,2840956200,35250,36460,17455,15170,16315,16175,0,16170,0,0,0,2017-04-17,32426000,16370,17,0,0,0,0,0,0,0,0,16390,6,0,0,0,0,0,0,0,0
48,2017-04-17,09:00:26,500,pb1705,XSGE,16370,16135,16760,34432,2840956200,35250,36460,17455,15170,16315,16175,0,16170,0,0,0,2017-04-17,32426500,16370,17,0,0,0,0,0,0,0,0,16390,3,0,0,0,0,0,0,0,0
49,2017-04-17,09:00:27,0,pb1705,XSGE,16370,16135,16760,34432,2840956200,35250,36460,17455,15170,16315,16175,0,16170,0,0,0,2017-04-17,32427000,16375,2,0,0,0,0,0,0,0,0,16390,3,0,0,0,0,0,0,0,0
50,2017-04-17,09:00:27,500,pb1705,XSGE,16390,16135,16760,34436,2841284000,35250,36460,17455,15170,16315,16175,0,16170,0,0,0,2017-04-17,32427500,16375,2,0,0,0,0,0,0,0,0,16390,1,0,0,0,0,0,0,0,0
51,2017-04-17,09:00:28,0,pb1705,XSGE,16390,16135,16760,34440,2841611800,35254,36460,17455,15170,16315,16175,0,16170,0,0,0,2017-04-17,32428000,16375,2,0,0,0,0,0,0,0,0,16400,5,0,0,0,0,0,0,0,0
52,2017-04-17,09:00:28,500,pb1705,XSGE,16375,16135,16760,34442,2841775550,35254,36460,17455,15170,16315,16175,0,16170,0,0,0,2017-04-17,32428500,16375,1,0,0,0,0,0,0,0,0,16385,2,0,0,0,0,0,0,0,0
53,2017-04-17,09:00:29,0,pb1705,XSGE,16375,16135,16760,34442,2841775550,35254,36460,17455,15170,16315,16175,0,16170,0,0,0,2017-04-17,32429000,16380,2,0,0,0,0,0,0,0,0,16385,2,0,0,0,0,0,0,0,0
54,2017-04-17,09:00:29,500,pb1705,XSGE,16385,16135,16760,34446,2842103250,35252,36460,17455,15170,16315,16175,0,16170,0,0,0,2017-04-17,32429500,16385,1,0,0,0,0,0,0,0,0,16400,7,0,0,0,0,0,0,0,0
55,2017-04-17,09:00:30,0,pb1705,XSGE,16385,16135,16760,34446,2842103250,35252,36460,17455,15170,16315,16175,0,16170,0,0,0,2017-04-17,32430000,16385,2,0,0,0,0,0,0,0,0,16395,2,0,0,0,0,0,0,0,0
56,2017-04-17,09:00:30,500,pb1705,XSGE,16385,16135,16760,34446,2842103250,35252,36460,17455,15170,16315,16175,0,16170,0,0,0,2017-04-17,32430500,16385,2,0,0,0,0,0,0,0,0,16395,5,0,0,0,0,0,0,0,0
57,2017-04-17,09:00:31,0,pb1705,XSGE,16385,16135,16760,34446,2842103250,35252,36460,17455,15170,16315,16175,0,16170,0,0,0,2017-04-17,32431000,16385,2,0,0,0,0,0,0,0,0,16390,1,0,0,0,0,0,0,0,0
58,2017-04-17,09:00:31,500,pb1705,XSGE,16380,16135,16760,34454,2842758550,35248,36460,17455,15170,16315,16175,0,16170,0,0,0,2017-04-17,32431500,16370,10,0,0,0,0,0,0,0,0,16380,8,0,0,0,0,0,0,0,0
59,2017-04-17,09:00:32,0,pb1705,XSGE,16370,16135,16760,34460,2843249650,35250,36460,17455,15170,16315,16175,0,16170,0,0,0,2017-04-17,32432000,16370,7,0,0,0,0,0,0,0,0,16380,10,0,0,0,0,0,0,0,0
60,2017-04-17,09:00:32,500,pb1705,XSGE,16370,16135,16760,34468,2843904450,35258,36460,17455,15170,16315,16175,0,16170,0,0,0,2017-04-17,32432500,16370,3,0,0,0,0,0,0,0,0,16380,10,0,0,0,0,0,0,0,0
61,2017-04-17,09:00:33,0,pb1705,XSGE,16380,16135,16760,34470,2844068250,35258,36460,17455,15170,16315,16175,0,16170,0,0,0,2017-04-17,32433000,16370,3,0,0,0,0,0,0,0,0,16380,9,0,0,0,0,0,0,0,0
62,2017-04-17,09:00:35,500,pb1705,XSGE,16380,16135,16760,34470,2844068250,35258,36460,17455,15170,16315,16175,0,16170,0,0,0,2017-04-17,32435500,16370,4,0,0,0,0,0,0,0,0,16380,9,0,0,0,0,0,0,0,0
63,2017-04-17,09:00:36,0,pb1705,XSGE,16380,16135,16760,34470,2844068250,35258,36460,17455,15170,16315,16175,0,16170,0,0,0,2017-04-17,32436000,16370,4,0,0,0,0,0,0,0,0,16375,2,0,0,0,0,0,0,0,0
64,2017-04-17,09:00:36,500,pb1705,XSGE,16375,16135,16760,34486,2845378050,35250,36460,17455,15170,16315,16175,0,16170,0,0,0,2017-04-17,32436500,16365,2,0,0,0,0,0,0,0,0,16370,17,0,0,0,0,0,0,0,0
65,2017-04-17,09:00:37,0,pb1705,XSGE,16365,16135,16760,34504,2846851200,35244,36460,17455,15170,16315,16175,0,16170,0,0,0,2017-04-17,32437000,16365,4,0,0,0,0,0,0,0,0,16370,14,0,0,0,0,0,0,0,0
66,2017-04-17,09:00:37,500,pb1705,XSGE,16365,16135,16760,34526,2848651600,35248,36460,17455,15170,16315,16175,0,16170,0,0,0,2017-04-17,32437500,16360,2,0,0,0,0,0,0,0,0,16365,1,0,0,0,0,0,0,0,0
67,2017-04-17,09:00:38,0,pb1705,XSGE,16365,16135,16760,34530,2848978900,35248,36460,17455,15170,16315,16175,0,16170,0,0,0,2017-04-17,32438000,16365,13,0,0,0,0,0,0,0,0,16370,9,0,0,0,0,0,0,0,0
68,2017-04-17,09:00:38,500,pb1705,XSGE,16370,16135,16760,34536,2849470000,35248,36460,17455,15170,16315,16175,0,16170,0,0,0,2017-04-17,32438500,16365,13,0,0,0,0,0,0,0,0,16370,6,0,0,0,0,0,0,0,0
69,2017-04-17,09:00:39,0,pb1705,XSGE,16370,16135,16760,34544,2850124800,35250,36460,17455,15170,16315,16175,0,16170,0,0,0,2017-04-17,32439000,16365,10,0,0,0,0,0,0,0,0,16370,2,0,0,0,0,0,0,0,0
70,2017-04-17,09:00:39,500,pb1705,XSGE,16370,16135,16760,34548,2850452200,35254,36460,17455,15170,16315,16175,0,16170,0,0,0,2017-04-17,32439500,16365,10,0,0,0,0,0,0,0,0,16375,1,0,0,0,0,0,0,0,0
71,2017-04-17,09:00:40,0,pb1705,XSGE,16370,16135,16760,34548,2850452200,35254,36460,17455,15170,16315,16175,0,16170,0,0,0,2017-04-17,32440000,16370,1,0,0,0,0,0,0,0,0,16380,7,0,0,0,0,0,0,0,0
72,2017-04-17,09:00:40,500,pb1705,XSGE,16370,16135,16760,34548,2850452200,35254,36460,17455,15170,16315,16175,0,16170,0,0,0,2017-04-17,32440500,16370,1,0,0,0,0,0,0,0,0,16380,7,0,0,0,0,0,0,0,0
73,2017-04-17,09:00:41,500,pb1705,XSGE,16380,16135,16760,34554,2850943600,35248,36460,17455,15170,16315,16175,0,16170,0,0,0,2017-04-17,32441500,16370,1,0,0,0,0,0,0,0,0,16380,4,0,0,0,0,0,0,0,0
74,2017-04-17,09:00:42,0,pb1705,XSGE,16380,16135,16760,34562,2851598800,35240,36460,17455,15170,16315,16175,0,16170,0,0,0,2017-04-17,32442000,16380,2,0,0,0,0,0,0,0,0,16390,1,0,0,0,0,0,0,0,0
75,2017-04-17,09:00:42,500,pb1705,XSGE,16380,16135,16760,34562,2851598800,35240,36460,17455,15170,16315,16175,0,16170,0,0,0,2017-04-17,32442500,16380,3,0,0,0,0,0,0,0,0,16390,2,0,0,0,0,0,0,0,0
76,2017-04-17,09:00:44,0,pb1705,XSGE,16380,16135,16760,34562,2851598800,35240,36460,17455,15170,16315,16175,0,16170,0,0,0,2017-04-17,32444000,16380,3,0,0,0,0,0,0,0,0,16390,1,0,0,0,0,0,0,0,0
77,2017-04-17,09:00:44,500,pb1705,XSGE,16380,16135,16760,34562,2851598800,35240,36460,17455,15170,16315,16175,0,16170,0,0,0,2017-04-17,32444500,16385,1,0,0,0,0,0,0,0,0,16390,1,0,0,0,0,0,0,0,0
78,2017-04-17,09:00:45,0,pb1705,XSGE,16390,16135,16760,34564,2851762700,35242,36460,17455,15170,16315,16175,0,16170,0,0,0,2017-04-17,32445000,16385,3,0,0,0,0,0,0,0,0,16400,5,0,0,0,0,0,0,0,0
79,2017-04-17,09:00:45,500,pb1705,XSGE,16390,16135,16760,34564,2851762700,35242,36460,17455,15170,16315,16175,0,16170,0,0,0,2017-04-17,32445500,16385,2,0,0,0,0,0,0,0,0,16395,1,0,0,0,0,0,0,0,0
80,2017-04-17,09:00:46,0,pb1705,XSGE,16390,16135,16760,34564,2851762700,35242,36460,17455,15170,16315,16175,0,16170,0,0,0,2017-04-17,32446000,16385,2,0,0,0,0,0,0,0,0,16395,1,0,0,0,0,0,0,0,0
81,2017-04-17,09:00:46,500,pb1705,XSGE,16390,16135,16760,34564,2851762700,35242,36460,17455,15170,16315,16175,0,16170,0,0,0,2017-04-17,32446500,16385,2,0,0,0,0,0,0,0,0,16390,1,0,0,0,0,0,0,0,0
82,2017-04-17,09:00:47,0,pb1705,XSGE,16390,16135,16760,34566,2851926600,35244,36460,17455,15170,16315,16175,0,16170,0,0,0,2017-04-17,32447000,16390,1,0,0,0,0,0,0,0,0,16395,1,0,0,0,0,0,0,0,0
83,2017-04-17,09:00:47,500,pb1705,XSGE,16390,16135,16760,34566,2851926600,35244,36460,17455,15170,16315,16175,0,16170,0,0,0,2017-04-17,32447500,16390,3,0,0,0,0,0,0,0,0,16395,1,0,0,0,0,0,0,0,0
84,2017-04-17,09:00:48,0,pb1705,XSGE,16395,16135,16760,34568,2852090550,35242,36460,17455,15170,16315,16175,0,16170,0,0,0,2017-04-17,32448000,16395,2,0,0,0,0,0,0,0,0,16400,5,0,0,0,0,0,0,0,0
85,2017-04-17,09:00:48,500,pb1705,XSGE,16395,16135,16760,34568,2852090550,35242,36460,17455,15170,16315,16175,0,16170,0,0,0,2017-04-17,32448500,16395,4,0,0,0,0,0,0,0,0,16400,5,0,0,0,0,0,0,0,0
86,2017-04-17,09:00:49,0,pb1705,XSGE,16400,16135,16760,34574,2852582550,35240,36460,17455,15170,16315,16175,0,16170,0,0,0,2017-04-17,32449000,16395,5,0,0,0,0,0,0,0,0,16400,2,0,0,0,0,0,0,0,0
87,2017-04-17,09:00:49,500,pb1705,XSGE,16400,16135,16760,34578,2852910550,35238,36460,17455,15170,16315,16175,0,16170,0,0,0,2017-04-17,32449500,16400,2,0,0,0,0,0,0,0,0,16405,1,0,0,0,0,0,0,0,0
88,2017-04-17,09:00:50,0,pb1705,XSGE,16405,16135,16760,34580,2853074600,35238,36460,17455,15170,16315,16175,0,16170,0,0,0,2017-04-17,32450000,16400,4,0,0,0,0,0,0,0,0,16405,7,0,0,0,0,0,0,0,0
89,2017-04-17,09:00:50,500,pb1705,XSGE,16405,16135,16760,34586,2853566750,35234,36460,17455,15170,16315,16175,0,16170,0,0,0,2017-04-17,32450500,16400,4,0,0,0,0,0,0,0,0,16405,4,0,0,0,0,0,0,0,0
90,2017-04-17,09:00:51,0,pb1705,XSGE,16405,16135,16760,34586,2853566750,35234,36460,17455,15170,16315,16175,0,16170,0,0,0,2017-04-17,32451000,16400,4,0,0,0,0,0,0,0,0,16405,7,0,0,0,0,0,0,0,0
91,2017-04-17,09:00:52,0,pb1705,XSGE,16405,16135,16760,34586,2853566750,35234,36460,17455,15170,16315,16175,0,16170,0,0,0,2017-04-17,32452000,16400,6,0,0,0,0,0,0,0,0,16405,7,0,0,0,0,0,0,0,0
92,2017-04-17,09:00:52,500,pb1705,XSGE,16405,16135,16760,34586,2853566750,35234,36460,17455,15170,16315,16175,0,16170,0,0,0,2017-04-17,32452500,16400,7,0,0,0,0,0,0,0,0,16405,7,0,0,0,0,0,0,0,0
93,2017-04-17,09:00:53,0,pb1705,XSGE,16400,16135,16760,34610,2855535100,35236,36460,17455,15170,16315,16175,0,16170,0,0,0,2017-04-17,32453000,16400,6,0,0,0,0,0,0,0,0,16440,1,0,0,0,0,0,0,0,0
94,2017-04-17,09:00:53,500,pb1705,XSGE,16400,16135,16760,34610,2855535100,35236,36460,17455,15170,16315,16175,0,16170,0,0,0,2017-04-17,32453500,16400,12,0,0,0,0,0,0,0,0,16415,2,0,0,0,0,0,0,0,0
95,2017-04-17,09:00:54,0,pb1705,XSGE,16400,16135,16760,34610,2855535100,35236,36460,17455,15170,16315,16175,0,16170,0,0,0,2017-04-17,32454000,16405,2,0,0,0,0,0,0,0,0,16410,3,0,0,0,0,0,0,0,0
96,2017-04-17,09:00:54,500,pb1705,XSGE,16405,16135,16760,34624,2856683450,35234,36460,17455,15170,16315,16175,0,16170,0,0,0,2017-04-17,32454500,16405,3,0,0,0,0,0,0,0,0,16410,6,0,0,0,0,0,0,0,0
97,2017-04-17,09:00:55,0,pb1705,XSGE,16405,16135,16760,34642,2858160000,35228,36460,17455,15170,16315,16175,0,16170,0,0,0,2017-04-17,32455000,16400,7,0,0,0,0,0,0,0,0,16415,5,0,0,0,0,0,0,0,0
98,2017-04-17,09:00:55,500,pb1705,XSGE,16405,16135,16760,34642,2858160000,35228,36460,17455,15170,16315,16175,0,16170,0,0,0,2017-04-17,32455500,16400,7,0,0,0,0,0,0,0,0,16415,4,0,0,0,0,0,0,0,0
99,2017-04-17,09:00:56,0,pb1705,XSGE,16415,16135,16760,34644,2858324150,35230,36460,17455,15170,16315,16175,0,16170,0,0,0,2017-04-17,32456000,16400,7,0,0,0,0,0,0,0,0,16415,3,0,0,0,0,0,0,0,0
100,2017-04-17,09:00:56,500,pb1705,XSGE,16415,16135,16760,34644,2858324150,35230,36460,17455,15170,16315,16175,0,16170,0,0,0,2017-04-17,32456500,16405,1,0,0,0,0,0,0,0,0,16415,3,0,0,0,0,0,0,0,0
101,2017-04-17,09:00:57,0,pb1705,XSGE,16415,16135,16760,34648,2858652350,35230,36460,17455,15170,16315,16175,0,16170,0,0,0,2017-04-17,32457000,16405,1,0,0,0,0,0,0,0,0,16415,2,0,0,0,0,0,0,0,0
102,2017-04-17,09:00:57,500,pb1705,XSGE,16405,16135,16760,34650,2858816400,35228,36460,17455,15170,16315,16175,0,16170,0,0,0,2017-04-17,32457500,16405,1,0,0,0,0,0,0,0,0,16415,1,0,0,0,0,0,0,0,0
103,2017-04-17,09:00:58,0,pb1705,XSGE,16405,16135,16760,34650,2858816400,35228,36460,17455,15170,16315,16175,0,16170,0,0,0,2017-04-17,32458000,16405,1,0,0,0,0,0,0,0,0,16415,3,0,0,0,0,0,0,0,0
104,2017-04-17,09:00:58,500,pb1705,XSGE,16405,16135,16760,34652,2858980450,35230,36460,17455,15170,16315,16175,0,16170,0,0,0,2017-04-17,32458500,16400,7,0,0,0,0,0,0,0,0,16415,7,0,0,0,0,0,0,0,0
105,2017-04-17,09:01:00,0,pb1705,XSGE,16405,16135,16760,34652,2858980450,35230,36460,17455,15170,16315,16175,0,16170,0,0,0,2017-04-17,32460000,16400,7,0,0,0,0,0,0,0,0,16410,1,0,0,0,0,0,0,0,0
106,2017-04-17,09:01:00,500,pb1705,XSGE,16405,16135,16760,34654,2859144500,35230,36460,17455,15170,16315,16175,0,16170,0,0,0,2017-04-17,32460500,16400,7,0,0,0,0,0,0,0,0,16410,5,0,0,0,0,0,0,0,0
107,2017-04-17,09:01:01,0,pb1705,XSGE,16400,16135,16760,34668,2860292500,35222,36460,17455,15170,16315,16175,0,16170,0,0,0,2017-04-17,32461000,16370,1,0,0,0,0,0,0,0,0,16405,5,0,0,0,0,0,0,0,0
108,2017-04-17,09:01:01,500,pb1705,XSGE,16400,16135,16760,34670,2860456500,35222,36460,17455,15170,16315,16175,0,16170,0,0,0,2017-04-17,32461500,16380,2,0,0,0,0,0,0,0,0,16400,2,0,0,0,0,0,0,0,0
109,2017-04-17,09:01:02,0,pb1705,XSGE,16400,16135,16760,34670,2860456500,35222,36460,17455,15170,16315,16175,0,16170,0,0,0,2017-04-17,32462000,16370,1,0,0,0,0,0,0,0,0,16395,6,0,0,0,0,0,0,0,0
110,2017-04-17,09:01:02,500,pb1705,XSGE,16400,16135,16760,34674,2860784500,35226,36460,17455,15170,16315,16175,0,16170,0,0,0,2017-04-17,32462500,16375,1,0,0,0,0,0,0,0,0,16395,5,0,0,0,0,0,0,0,0
111,2017-04-17,09:01:03,0,pb1705,XSGE,16400,16135,16760,34674,2860784500,35226,36460,17455,15170,16315,16175,0,16170,0,0,0,2017-04-17,32463000,16375,1,0,0,0,0,0,0,0,0,16390,7,0,0,0,0,0,0,0,0
112,2017-04-17,09:01:03,500,pb1705,XSGE,16400,16135,16760,34674,2860784500,35226,36460,17455,15170,16315,16175,0,16170,0,0,0,2017-04-17,32463500,16375,1,0,0,0,0,0,0,0,0,16385,8,0,0,0,0,0,0,0,0
113,2017-04-17,09:01:04,0,pb1705,XSGE,16375,16135,16760,34676,2860948250,35226,36460,17455,15170,16315,16175,0,16170,0,0,0,2017-04-17,32464000,16370,1,0,0,0,0,0,0,0,0,16375,1,0,0,0,0,0,0,0,0
114,2017-04-17,09:01:04,500,pb1705,XSGE,16370,16135,16760,34682,2861439450,35224,36460,17455,15170,16315,16175,0,16170,0,0,0,2017-04-17,32464500,16360,2,0,0,0,0,0,0,0,0,16375,4,0,0,0,0,0,0,0,0
115,2017-04-17,09:01:05,0,pb1705,XSGE,16370,16135,16760,34686,2861766850,35226,36460,17455,15170,16315,16175,0,16170,0,0,0,2017-04-17,32465000,16360,2,0,0,0,0,0,0,0,0,16375,4,0,0,0,0,0,0,0,0
116,2017-04-17,09:01:05,500,pb1705,XSGE,16370,16135,16760,34688,2861930550,35226,36460,17455,15170,16315,16175,0,16170,0,0,0,2017-04-17,32465500,16360,2,0,0,0,0,0,0,0,0,16370,3,0,0,0,0,0,0,0,0
117,2017-04-17,09:01:06,0,pb1705,XSGE,16360,16135,16760,34694,2862421450,35226,36460,17455,15170,16315,16175,0,16170,0,0,0,2017-04-17,32466000,16355,4,0,0,0,0,0,0,0,0,16365,1,0,0,0,0,0,0,0,0
118,2017-04-17,09:01:06,500,pb1705,XSGE,16355,16135,16760,34712,2863894150,35226,36460,17455,15170,16315,16175,0,16170,0,0,0,2017-04-17,32466500,16355,1,0,0,0,0,0,0,0,0,16365,2,0,0,0,0,0,0,0,0
119,2017-04-17,09:01:07,0,pb1705,XSGE,16355,16135,16760,34716,2864221250,35230,36460,17455,15170,16315,16175,0,16170,0,0,0,2017-04-17,32467000,16340,2,0,0,0,0,0,0,0,0,16355,7,0,0,0,0,0,0,0,0
120,2017-04-17,09:01:07,500,pb1705,XSGE,16355,16135,16760,34716,2864221250,35230,36460,17455,15170,16315,16175,0,16170,0,0,0,2017-04-17,32467500,16345,7,0,0,0,0,0,0,0,0,16350,3,0,0,0,0,0,0,0,0
121,2017-04-17,09:01:08,0,pb1705,XSGE,16345,16135,16760,34724,2864875200,35230,36460,17455,15170,16315,16175,0,16170,0,0,0,2017-04-17,32468000,16345,2,0,0,0,0,0,0,0,0,16350,3,0,0,0,0,0,0,0,0
122,2017-04-17,09:01:08,500,pb1705,XSGE,16345,16135,16760,34728,2865202100,35230,36460,17455,15170,16315,16175,0,16170,0,0,0,2017-04-17,32468500,16340,2,0,0,0,0,0,0,0,0,16350,3,0,0,0,0,0,0,0,0
123,2017-04-17,09:01:09,0,pb1705,XSGE,16340,16135,16760,34730,2865365500,35230,36460,17455,15170,16315,16175,0,16170,0,0,0,2017-04-17,32469000,16340,1,0,0,0,0,0,0,0,0,16345,3,0,0,0,0,0,0,0,0
124,2017-04-17,09:01:09,500,pb1705,XSGE,16340,16135,16760,34734,2865692300,35230,36460,17455,15170,16315,16175,0,16170,0,0,0,2017-04-17,32469500,16325,5,0,0,0,0,0,0,0,0,16335,6,0,0,0,0,0,0,0,0
125,2017-04-17,09:01:10,0,pb1705,XSGE,16325,16135,16760,34764,2868141300,35238,36460,17455,15170,16315,16175,0,16170,0,0,0,2017-04-17,32470000,16320,2,0,0,0,0,0,0,0,0,16325,17,0,0,0,0,0,0,0,0
126,2017-04-17,09:01:10,500,pb1705,XSGE,16285,16135,16760,34846,2874831200,35264,36460,17455,15170,16315,16175,0,16170,0,0,0,2017-04-17,32470500,16275,33,0,0,0,0,0,0,0,0,16310,1,0,0,0,0,0,0,0,0
127,2017-04-17,09:01:11,0,pb1705,XSGE,16295,16135,16760,34870,2876787700,35262,36460,17455,15170,16315,16175,0,16170,0,0,0,2017-04-17,32471000,16295,6,0,0,0,0,0,0,0,0,16305,2,0,0,0,0,0,0,0,0
128,2017-04-17,09:01:11,500,pb1705,XSGE,16295,16135,16760,34906,2879721550,35278,36460,17455,15170,16315,16175,0,16170,0,0,0,2017-04-17,32471500,16290,1,0,0,0,0,0,0,0,0,16295,13,0,0,0,0,0,0,0,0
129,2017-04-17,09:01:12,0,pb1705,XSGE,16290,16135,16760,34936,2882165850,35286,36460,17455,15170,16315,16175,0,16170,0,0,0,2017-04-17,32472000,16290,4,0,0,0,0,0,0,0,0,16295,2,0,0,0,0,0,0,0,0
130,2017-04-17,09:01:12,500,pb1705,XSGE,16295,16135,16760,34946,2882980600,35290,36460,17455,15170,16315,16175,0,16170,0,0,0,2017-04-17,32472500,16295,3,0,0,0,0,0,0,0,0,16310,3,0,0,0,0,0,0,0,0
131,2017-04-17,09:01:13,0,pb1705,XSGE,16290,16135,16760,34956,2883795250,35292,36460,17455,15170,16315,16175,0,16170,0,0,0,2017-04-17,32473000,16285,2,0,0,0,0,0,0,0,0,16290,1,0,0,0,0,0,0,0,0
132,2017-04-17,09:01:13,500,pb1705,XSGE,16305,16135,16760,34960,2884121200,35292,36460,17455,15170,16315,16175,0,16170,0,0,0,2017-04-17,32473500,16290,2,0,0,0,0,0,0,0,0,16295,1,0,0,0,0,0,0,0,0
133,2017-04-17,09:01:14,0,pb1705,XSGE,16295,16135,16760,34962,2884284150,35292,36460,17455,15170,16315,16175,0,16170,0,0,0,2017-04-17,32474000,16295,1,0,0,0,0,0,0,0,0,16305,5,0,0,0,0,0,0,0,0
134,2017-04-17,09:01:14,500,pb1705,XSGE,16300,16135,16760,34966,2884610100,35292,36460,17455,15170,16315,16175,0,16170,0,0,0,2017-04-17,32474500,16300,1,0,0,0,0,0,0,0,0,16305,5,0,0,0,0,0,0,0,0
135,2017-04-17,09:01:15,0,pb1705,XSGE,16300,16135,16760,34968,2884773100,35294,36460,17455,15170,16315,16175,0,16170,0,0,0,2017-04-17,32475000,16285,4,0,0,0,0,0,0,0,0,16300,2,0,0,0,0,0,0,0,0
136,2017-04-17,09:01:15,500,pb1705,XSGE,16300,16135,16760,34970,2884936100,35292,36460,17455,15170,16315,16175,0,16170,0,0,0,2017-04-17,32475500,16290,2,0,0,0,0,0,0,0,0,16305,5,0,0,0,0,0,0,0,0
137,2017-04-17,09:01:16,0,pb1705,XSGE,16295,16135,16760,34988,2886402600,35296,36460,17455,15170,16315,16175,0,16170,0,0,0,2017-04-17,32476000,16295,9,0,0,0,0,0,0,0,0,16300,1,0,0,0,0,0,0,0,0
138,2017-04-17,09:01:16,500,pb1705,XSGE,16295,16135,16760,34992,2886728500,35292,36460,17455,15170,16315,16175,0,16170,0,0,0,2017-04-17,32476500,16295,7,0,0,0,0,0,0,0,0,16300,2,0,0,0,0,0,0,0,0
139,2017-04-17,09:01:17,0,pb1705,XSGE,16295,16135,16760,34998,2887217350,35288,36460,17455,15170,16315,16175,0,16170,0,0,0,2017-04-17,32477000,16295,4,0,0,0,0,0,0,0,0,16300,3,0,0,0,0,0,0,0,0
140,2017-04-17,09:01:17,500,pb1705,XSGE,16295,16135,16760,34998,2887217350,35288,36460,17455,15170,16315,16175,0,16170,0,0,0,2017-04-17,32477500,16295,4,0,0,0,0,0,0,0,0,16300,2,0,0,0,0,0,0,0,0
141,2017-04-17,09:01:18,0,pb1705,XSGE,16305,16135,16760,35008,2888032500,35290,36460,17455,15170,16315,16175,0,16170,0,0,0,2017-04-17,32478000,16305,14,0,0,0,0,0,0,0,0,16310,3,0,0,0,0,0,0,0,0
142,2017-04-17,09:01:18,500,pb1705,XSGE,16305,16135,16760,35012,2888358600,35286,36460,17455,15170,16315,16175,0,16170,0,0,0,2017-04-17,32478500,16305,12,0,0,0,0,0,0,0,0,16310,3,0,0,0,0,0,0,0,0
143,2017-04-17,09:01:19,0,pb1705,XSGE,16310,16135,16760,35034,2890152300,35282,36460,17455,15170,16315,16175,0,16170,0,0,0,2017-04-17,32479000,16305,4,0,0,0,0,0,0,0,0,16320,1,0,0,0,0,0,0,0,0
144,2017-04-17,09:01:19,500,pb1705,XSGE,16310,16135,16760,35034,2890152300,35282,36460,17455,15170,16315,16175,0,16170,0,0,0,2017-04-17,32479500,16305,4,0,0,0,0,0,0,0,0,16315,2,0,0,0,0,0,0,0,0
145,2017-04-17,09:01:20,0,pb1705,XSGE,16310,16135,16760,35034,2890152300,35282,36460,17455,15170,16315,16175,0,16170,0,0,0,2017-04-17,32480000,16310,1,0,0,0,0,0,0,0,0,16315,2,0,0,0,0,0,0,0,0
146,2017-04-17,09:01:20,500,pb1705,XSGE,16310,16135,16760,35038,2890478500,35280,36460,17455,15170,16315,16175,0,16170,0,0,0,2017-04-17,32480500,16305,5,0,0,0,0,0,0,0,0,16310,1,0,0,0,0,0,0,0,0
147,2017-04-17,09:01:21,0,pb1705,XSGE,16310,16135,16760,35038,2890478500,35280,36460,17455,15170,16315,16175,0,16170,0,0,0,2017-04-17,32481000,16305,6,0,0,0,0,0,0,0,0,16310,2,0,0,0,0,0,0,0,0
148,2017-04-17,09:01:21,500,pb1705,XSGE,16305,16135,16760,35040,2890641550,35278,36460,17455,15170,16315,16175,0,16170,0,0,0,2017-04-17,32481500,16305,5,0,0,0,0,0,0,0,0,16310,2,0,0,0,0,0,0,0,0
149,2017-04-17,09:01:22,500,pb1705,XSGE,16305,16135,16760,35042,2890804600,35278,36460,17455,15170,16315,16175,0,16170,0,0,0,2017-04-17,32482500,16305,4,0,0,0,0,0,0,0,0,16310,2,0,0,0,0,0,0,0,0
150,2017-04-17,09:01:23,0,pb1705,XSGE,16305,16135,16760,35042,2890804600,35278,36460,17455,15170,16315,16175,0,16170,0,0,0,2017-04-17,32483000,16305,4,0,0,0,0,0,0,0,0,16310,2,0,0,0,0,0,0,0,0
151,2017-04-17,09:01:23,500,pb1705,XSGE,16305,16135,16760,35042,2890804600,35278,36460,17455,15170,16315,16175,0,16170,0,0,0,2017-04-17,32483500,16305,5,0,0,0,0,0,0,0,0,16310,2,0,0,0,0,0,0,0,0
152,2017-04-17,09:01:24,0,pb1705,XSGE,16315,16135,16760,35048,2891293950,35276,36460,17455,15170,16315,16175,0,16170,0,0,0,2017-04-17,32484000,16310,1,0,0,0,0,0,0,0,0,16315,1,0,0,0,0,0,0,0,0
153,2017-04-17,09:01:24,500,pb1705,XSGE,16315,16135,16760,35048,2891293950,35276,36460,17455,15170,16315,16175,0,16170,0,0,0,2017-04-17,32484500,16310,2,0,0,0,0,0,0,0,0,16315,1,0,0,0,0,0,0,0,0
154,2017-04-17,09:01:25,0,pb1705,XSGE,16310,16135,16760,35052,2891620200,35276,36460,17455,15170,16315,16175,0,16170,0,0,0,2017-04-17,32485000,16310,1,0,0,0,0,0,0,0,0,16320,2,0,0,0,0,0,0,0,0
155,2017-04-17,09:01:25,500,pb1705,XSGE,16310,16135,16760,35052,2891620200,35276,36460,17455,15170,16315,16175,0,16170,0,0,0,2017-04-17,32485500,16310,2,0,0,0,0,0,0,0,0,16315,2,0,0,0,0,0,0,0,0
156,2017-04-17,09:01:26,0,pb1705,XSGE,16320,16135,16760,35058,2892109700,35274,36460,17455,15170,16315,16175,0,16170,0,0,0,2017-04-17,32486000,16310,2,0,0,0,0,0,0,0,0,16320,1,0,0,0,0,0,0,0,0
157,2017-04-17,09:01:26,500,pb1705,XSGE,16320,16135,16760,35058,2892109700,35274,36460,17455,15170,16315,16175,0,16170,0,0,0,2017-04-17,32486500,16315,2,0,0,0,0,0,0,0,0,16320,1,0,0,0,0,0,0,0,0
158,2017-04-17,09:01:27,0,pb1705,XSGE,16315,16135,16760,35064,2892599150,35274,36460,17455,15170,16315,16175,0,16170,0,0,0,2017-04-17,32487000,16310,2,0,0,0,0,0,0,0,0,16320,1,0,0,0,0,0,0,0,0
159,2017-04-17,09:01:27,500,pb1705,XSGE,16315,16135,16760,35064,2892599150,35274,36460,17455,15170,16315,16175,0,16170,0,0,0,2017-04-17,32487500,16315,1,0,0,0,0,0,0,0,0,16320,1,0,0,0,0,0,0,0,0
160,2017-04-17,09:01:28,0,pb1705,XSGE,16315,16135,16760,35066,2892762300,35274,36460,17455,15170,16315,16175,0,16170,0,0,0,2017-04-17,32488000,16310,4,0,0,0,0,0,0,0,0,16315,2,0,0,0,0,0,0,0,0
161,2017-04-17,09:01:28,500,pb1705,XSGE,16315,16135,16760,35066,2892762300,35274,36460,17455,15170,16315,16175,0,16170,0,0,0,2017-04-17,32488500,16310,4,0,0,0,0,0,0,0,0,16315,2,0,0,0,0,0,0,0,0
162,2017-04-17,09:01:29,0,pb1705,XSGE,16315,16135,16760,35066,2892762300,35274,36460,17455,15170,16315,16175,0,16170,0,0,0,2017-04-17,32489000,16310,3,0,0,0,0,0,0,0,0,16315,2,0,0,0,0,0,0,0,0
163,2017-04-17,09:01:29,500,pb1705,XSGE,16315,16135,16760,35076,2893577900,35274,36460,17455,15170,16315,16175,0,16170,0,0,0,2017-04-17,32489500,16315,104,0,0,0,0,0,0,0,0,16320,1,0,0,0,0,0,0,0,0
164,2017-04-17,09:01:30,0,pb1705,XSGE,16325,16135,16760,35084,2894230800,35268,36460,17455,15170,16315,16175,0,16170,0,0,0,2017-04-17,32490000,16325,2,0,0,0,0,0,0,0,0,16335,6,0,0,0,0,0,0,0,0
165,2017-04-17,09:01:30,500,pb1705,XSGE,16315,16135,16760,35094,2895046950,35266,36460,17455,15170,16315,16175,0,16170,0,0,0,2017-04-17,32490500,16315,103,0,0,0,0,0,0,0,0,16325,1,0,0,0,0,0,0,0,0
166,2017-04-17,09:01:31,0,pb1705,XSGE,16315,16135,16760,35094,2895046950,35266,36460,17455,15170,16315,16175,0,16170,0,0,0,2017-04-17,32491000,16320,1,0,0,0,0,0,0,0,0,16330,2,0,0,0,0,0,0,0,0
167,2017-04-17,09:01:31,500,pb1705,XSGE,16315,16135,16760,35094,2895046950,35266,36460,17455,15170,16315,16175,0,16170,0,0,0,2017-04-17,32491500,16325,1,0,0,0,0,0,0,0,0,16330,6,0,0,0,0,0,0,0,0
168,2017-04-17,09:01:32,0,pb1705,XSGE,16330,16135,16760,35106,2896026600,35264,36460,17455,15170,16315,16175,0,16170,0,0,0,2017-04-17,32492000,16325,6,0,0,0,0,0,0,0,0,16330,3,0,0,0,0,0,0,0,0
169,2017-04-17,09:01:32,500,pb1705,XSGE,16325,16135,16760,35110,2896353150,35266,36460,17455,15170,16315,16175,0,16170,0,0,0,2017-04-17,32492500,16325,5,0,0,0,0,0,0,0,0,16330,1,0,0,0,0,0,0,0,0
170,2017-04-17,09:01:33,0,pb1705,XSGE,16325,16135,16760,35110,2896353150,35266,36460,17455,15170,16315,16175,0,16170,0,0,0,2017-04-17,32493000,16325,5,0,0,0,0,0,0,0,0,16330,1,0,0,0,0,0,0,0,0
171,2017-04-17,09:01:33,500,pb1705,XSGE,16325,16135,16760,35112,2896516400,35266,36460,17455,15170,16315,16175,0,16170,0,0,0,2017-04-17,32493500,16330,1,0,0,0,0,0,0,0,0,16335,7,0,0,0,0,0,0,0,0
172,2017-04-17,09:01:34,0,pb1705,XSGE,16330,16135,16760,35124,2897496150,35268,36460,17455,15170,16315,16175,0,16170,0,0,0,2017-04-17,32494000,16325,3,0,0,0,0,0,0,0,0,16330,6,0,0,0,0,0,0,0,0
173,2017-04-17,09:01:34,500,pb1705,XSGE,16325,16135,16760,35134,2898312400,35276,36460,17455,15170,16315,16175,0,16170,0,0,0,2017-04-17,32494500,16315,1,0,0,0,0,0,0,0,0,16325,2,0,0,0,0,0,0,0,0
174,2017-04-17,09:01:35,0,pb1705,XSGE,16330,16135,16760,35152,2899781950,35266,36460,17455,15170,16315,16175,0,16170,0,0,0,2017-04-17,32495000,16330,95,0,0,0,0,0,0,0,0,16335,8,0,0,0,0,0,0,0,0
175,2017-04-17,09:01:35,500,pb1705,XSGE,16330,16135,16760,35160,2900435150,35258,36460,17455,15170,16315,16175,0,16170,0,0,0,2017-04-17,32495500,16330,91,0,0,0,0,0,0,0,0,16335,7,0,0,0,0,0,0,0,0
176,2017-04-17,09:01:36,0,pb1705,XSGE,16330,16135,16760,35162,2900598450,35258,36460,17455,15170,16315,16175,0,16170,0,0,0,2017-04-17,32496000,16330,92,0,0,0,0,0,0,0,0,16335,7,0,0,0,0,0,0,0,0
177,2017-04-17,09:01:36,500,pb1705,XSGE,16330,16135,16760,35166,2900925050,35258,36460,17455,15170,16315,16175,0,16170,0,0,0,2017-04-17,32496500,16330,90,0,0,0,0,0,0,0,0,16335,8,0,0,0,0,0,0,0,0
178,2017-04-17,09:01:37,0,pb1705,XSGE,16330,16135,16760,35190,2902884650,35250,36460,17455,15170,16315,16175,0,16170,0,0,0,2017-04-17,32497000,16330,78,0,0,0,0,0,0,0,0,16335,8,0,0,0,0,0,0,0,0
179,2017-04-17,09:01:37,500,pb1705,XSGE,16330,16135,16760,35314,2913009250,35230,36460,17455,15170,16315,16175,0,16170,0,0,0,2017-04-17,32497500,16330,16,0,0,0,0,0,0,0,0,16335,11,0,0,0,0,0,0,0,0
180,2017-04-17,09:01:38,0,pb1705,XSGE,16330,16135,16760,35346,2915622050,35228,36460,17455,15170,16315,16175,0,16170,0,0,0,2017-04-17,32498000,16325,9,0,0,0,0,0,0,0,0,16335,9,0,0,0,0,0,0,0,0
181,2017-04-17,09:01:38,500,pb1705,XSGE,16330,16135,16760,35346,2915622050,35228,36460,17455,15170,16315,16175,0,16170,0,0,0,2017-04-17,32498500,16325,8,0,0,0,0,0,0,0,0,16330,4,0,0,0,0,0,0,0,0
182,2017-04-17,09:01:39,0,pb1705,XSGE,16330,16135,16760,35354,2916275250,35220,36460,17455,15170,16315,16175,0,16170,0,0,0,2017-04-17,32499000,16330,2,0,0,0,0,0,0,0,0,16335,8,0,0,0,0,0,0,0,0
183,2017-04-17,09:01:39,500,pb1705,XSGE,16330,16135,16760,35358,2916601850,35224,36460,17455,15170,16315,16175,0,16170,0,0,0,2017-04-17,32499500,16330,1,0,0,0,0,0,0,0,0,16335,8,0,0,0,0,0,0,0,0
184,2017-04-17,09:01:40,0,pb1705,XSGE,16330,16135,16760,35364,2917091750,35222,36460,17455,15170,16315,16175,0,16170,0,0,0,2017-04-17,32500000,16320,3,0,0,0,0,0,0,0,0,16330,2,0,0,0,0,0,0,0,0
185,2017-04-17,09:01:40,500,pb1705,XSGE,16325,16135,16760,35366,2917255000,35220,36460,17455,15170,16315,16175,0,16170,0,0,0,2017-04-17,32500500,16320,4,0,0,0,0,0,0,0,0,16330,1,0,0,0,0,0,0,0,0
186,2017-04-17,09:01:41,0,pb1705,XSGE,16325,16135,16760,35366,2917255000,35220,36460,17455,15170,16315,16175,0,16170,0,0,0,2017-04-17,32501000,16320,3,0,0,0,0,0,0,0,0,16330,6,0,0,0,0,0,0,0,0
187,2017-04-17,09:01:41,500,pb1705,XSGE,16325,16135,16760,35366,2917255000,35220,36460,17455,15170,16315,16175,0,16170,0,0,0,2017-04-17,32501500,16320,2,0,0,0,0,0,0,0,0,16325,5,0,0,0,0,0,0,0,0
188,2017-04-17,09:01:42,0,pb1705,XSGE,16320,16135,16760,35368,2917418200,35220,36460,17455,15170,16315,16175,0,16170,0,0,0,2017-04-17,32502000,16310,1,0,0,0,0,0,0,0,0,16325,5,0,0,0,0,0,0,0,0
189,2017-04-17,09:01:42,500,pb1705,XSGE,16320,16135,16760,35368,2917418200,35220,36460,17455,15170,16315,16175,0,16170,0,0,0,2017-04-17,32502500,16310,3,0,0,0,0,0,0,0,0,16325,5,0,0,0,0,0,0,0,0
190,2017-04-17,09:01:43,0,pb1705,XSGE,16320,16135,16760,35368,2917418200,35220,36460,17455,15170,16315,16175,0,16170,0,0,0,2017-04-17,32503000,16315,2,0,0,0,0,0,0,0,0,16325,5,0,0,0,0,0,0,0,0
191,2017-04-17,09:01:43,500,pb1705,XSGE,16315,16135,16760,35370,2917581350,35220,36460,17455,15170,16315,16175,0,16170,0,0,0,2017-04-17,32503500,16315,2,0,0,0,0,0,0,0,0,16325,5,0,0,0,0,0,0,0,0
192,2017-04-17,09:01:44,0,pb1705,XSGE,16315,16135,16760,35370,2917581350,35220,36460,17455,15170,16315,16175,0,16170,0,0,0,2017-04-17,32504000,16315,2,0,0,0,0,0,0,0,0,16320,3,0,0,0,0,0,0,0,0
193,2017-04-17,09:01:44,500,pb1705,XSGE,16315,16135,16760,35374,2917907650,35222,36460,17455,15170,16315,16175,0,16170,0,0,0,2017-04-17,32504500,16310,1,0,0,0,0,0,0,0,0,16315,1,0,0,0,0,0,0,0,0
194,2017-04-17,09:01:45,0,pb1705,XSGE,16315,16135,16760,35374,2917907650,35222,36460,17455,15170,16315,16175,0,16170,0,0,0,2017-04-17,32505000,16310,1,0,0,0,0,0,0,0,0,16315,2,0,0,0,0,0,0,0,0
195,2017-04-17,09:01:45,500,pb1705,XSGE,16315,16135,16760,35376,2918070800,35220,36460,17455,15170,16315,16175,0,16170,0,0,0,2017-04-17,32505500,16310,1,0,0,0,0,0,0,0,0,16315,1,0,0,0,0,0,0,0,0
196,2017-04-17,09:01:46,0,pb1705,XSGE,16315,16135,16760,35376,2918070800,35220,36460,17455,15170,16315,16175,0,16170,0,0,0,2017-04-17,32506000,16310,1,0,0,0,0,0,0,0,0,16315,1,0,0,0,0,0,0,0,0
197,2017-04-17,09:01:46,500,pb1705,XSGE,16310,16135,16760,35378,2918233900,35220,36460,17455,15170,16315,16175,0,16170,0,0,0,2017-04-17,32506500,16305,3,0,0,0,0,0,0,0,0,16310,1,0,0,0,0,0,0,0,0
198,2017-04-17,09:01:47,0,pb1705,XSGE,16310,16135,16760,35380,2918397000,35220,36460,17455,15170,16315,16175,0,16170,0,0,0,2017-04-17,32507000,16310,2,0,0,0,0,0,0,0,0,16315,1,0,0,0,0,0,0,0,0
199,2017-04-17,09:01:47,500,pb1705,XSGE,16310,16135,16760,35382,2918560100,35218,36460,17455,15170,16315,16175,0,16170,0,0,0,2017-04-17,32507500,16310,1,0,0,0,0,0,0,0,0,16325,8,0,0,0,0,0,0,0,0
200,2017-04-17,09:01:48,0,pb1705,XSGE,16310,16135,16760,35382,2918560100,35218,36460,17455,15170,16315,16175,0,16170,0,0,0,2017-04-17,32508000,16310,3,0,0,0,0,0,0,0,0,16320,2,0,0,0,0,0,0,0,0
201,2017-04-17,09:01:48,500,pb1705,XSGE,16310,16135,16760,35382,2918560100,35218,36460,17455,15170,16315,16175,0,16170,0,0,0,2017-04-17,32508500,16315,2,0,0,0,0,0,0,0,0,16320,2,0,0,0,0,0,0,0,0
202,2017-04-17,09:01:49,0,pb1705,XSGE,16310,16135,16760,35382,2918560100,35218,36460,17455,15170,16315,16175,0,16170,0,0,0,2017-04-17,32509000,16315,2,0,0,0,0,0,0,0,0,16320,2,0,0,0,0,0,0,0,0
203,2017-04-17,09:01:50,0,pb1705,XSGE,16315,16135,16760,35384,2918723250,35218,36460,17455,15170,16315,16175,0,16170,0,0,0,2017-04-17,32510000,16315,1,0,0,0,0,0,0,0,0,16320,2,0,0,0,0,0,0,0,0
204,2017-04-17,09:01:50,500,pb1705,XSGE,16320,16135,16760,35388,2919049600,35218,36460,17455,15170,16315,16175,0,16170,0,0,0,2017-04-17,32510500,16310,2,0,0,0,0,0,0,0,0,16315,1,0,0,0,0,0,0,0,0
205,2017-04-17,09:01:51,0,pb1705,XSGE,16315,16135,16760,35390,2919212750,35218,36460,17455,15170,16315,16175,0,16170,0,0,0,2017-04-17,32511000,16315,1,0,0,0,0,0,0,0,0,16320,2,0,0,0,0,0,0,0,0
206,2017-04-17,09:01:51,500,pb1705,XSGE,16320,16135,16760,35394,2919539150,35216,36460,17455,15170,16315,16175,0,16170,0,0,0,2017-04-17,32511500,16315,1,0,0,0,0,0,0,0,0,16325,1,0,0,0,0,0,0,0,0
207,2017-04-17,09:01:52,0,pb1705,XSGE,16320,16135,16760,35394,2919539150,35216,36460,17455,15170,16315,16175,0,16170,0,0,0,2017-04-17,32512000,16310,2,0,0,0,0,0,0,0,0,16315,5,0,0,0,0,0,0,0,0
208,2017-04-17,09:01:52,500,pb1705,XSGE,16315,16135,16760,35404,2920354900,35212,36460,17455,15170,16315,16175,0,16170,0,0,0,2017-04-17,32512500,16320,7,0,0,0,0,0,0,0,0,16325,5,0,0,0,0,0,0,0,0
209,2017-04-17,09:01:53,0,pb1705,XSGE,16320,16135,16760,35414,2921170900,35222,36460,17455,15170,16315,16175,0,16170,0,0,0,2017-04-17,32513000,16320,2,0,0,0,0,0,0,0,0,16325,2,0,0,0,0,0,0,0,0
210,2017-04-17,09:01:53,500,pb1705,XSGE,16320,16135,16760,35414,2921170900,35222,36460,17455,15170,16315,16175,0,16170,0,0,0,2017-04-17,32513500,16320,4,0,0,0,0,0,0,0,0,16325,1,0,0,0,0,0,0,0,0
211,2017-04-17,09:01:55,0,pb1705,XSGE,16320,16135,16760,35420,2921660550,35222,36460,17455,15170,16315,16175,0,16170,0,0,0,2017-04-17,32515000,16320,2,0,0,0,0,0,0,0,0,16330,7,0,0,0,0,0,0,0,0
212,2017-04-17,09:01:55,500,pb1705,XSGE,16320,16135,16760,35422,2921823750,35224,36460,17455,15170,16315,16175,0,16170,0,0,0,2017-04-17,32515500,16320,1,0,0,0,0,0,0,0,0,16330,7,0,0,0,0,0,0,0,0
213,2017-04-17,09:01:56,0,pb1705,XSGE,16320,16135,16760,35422,2921823750,35224,36460,17455,15170,16315,16175,0,16170,0,0,0,2017-04-17,32516000,16320,1,0,0,0,0,0,0,0,0,16325,2,0,0,0,0,0,0,0,0
214,2017-04-17,09:01:56,500,pb1705,XSGE,16320,16135,16760,35422,2921823750,35224,36460,17455,15170,16315,16175,0,16170,0,0,0,2017-04-17,32516500,16320,1,0,0,0,0,0,0,0,0,16325,4,0,0,0,0,0,0,0,0
215,2017-04-17,09:01:57,0,pb1705,XSGE,16315,16135,16760,35426,2922150100,35226,36460,17455,15170,16315,16175,0,16170,0,0,0,2017-04-17,32517000,16315,8,0,0,0,0,0,0,0,0,16325,3,0,0,0,0,0,0,0,0
216,2017-04-17,09:01:57,500,pb1705,XSGE,16320,16135,16760,35428,2922313300,35226,36460,17455,15170,16315,16175,0,16170,0,0,0,2017-04-17,32517500,16320,1,0,0,0,0,0,0,0,0,16325,8,0,0,0,0,0,0,0,0
217,2017-04-17,09:01:58,0,pb1705,XSGE,16320,16135,16760,35428,2922313300,35226,36460,17455,15170,16315,16175,0,16170,0,0,0,2017-04-17,32518000,16320,1,0,0,0,0,0,0,0,0,16325,9,0,0,0,0,0,0,0,0
218,2017-04-17,09:01:59,500,pb1705,XSGE,16320,16135,16760,35430,2922476500,35224,36460,17455,15170,16315,16175,0,16170,0,0,0,2017-04-17,32519500,16315,8,0,0,0,0,0,0,0,0,16325,14,0,0,0,0,0,0,0,0
219,2017-04-17,09:02:00,500,pb1705,XSGE,16320,16135,16760,35440,2923292500,35214,36460,17455,15170,16315,16175,0,16170,0,0,0,2017-04-17,32520500,16315,8,0,0,0,0,0,0,0,0,16325,9,0,0,0,0,0,0,0,0
220,2017-04-17,09:02:01,0,pb1705,XSGE,16315,16135,16760,35442,2923455650,35214,36460,17455,15170,16315,16175,0,16170,0,0,0,2017-04-17,32521000,16315,7,0,0,0,0,0,0,0,0,16325,8,0,0,0,0,0,0,0,0
221,2017-04-17,09:02:01,500,pb1705,XSGE,16315,16135,16760,35442,2923455650,35214,36460,17455,15170,16315,16175,0,16170,0,0,0,2017-04-17,32521500,16315,7,0,0,0,0,0,0,0,0,16320,1,0,0,0,0,0,0,0,0
222,2017-04-17,09:02:02,0,pb1705,XSGE,16315,16135,16760,35442,2923455650,35214,36460,17455,15170,16315,16175,0,16170,0,0,0,2017-04-17,32522000,16315,7,0,0,0,0,0,0,0,0,16320,1,0,0,0,0,0,0,0,0
223,2017-04-17,09:02:02,500,pb1705,XSGE,16315,16135,16760,35442,2923455650,35214,36460,17455,15170,16315,16175,0,16170,0,0,0,2017-04-17,32522500,16315,8,0,0,0,0,0,0,0,0,16320,2,0,0,0,0,0,0,0,0
224,2017-04-17,09:02:03,0,pb1705,XSGE,16315,16135,16760,35458,2924761000,35208,36460,17455,15170,16315,16175,0,16170,0,0,0,2017-04-17,32523000,16315,3,0,0,0,0,0,0,0,0,16325,8,0,0,0,0,0,0,0,0
225,2017-04-17,09:02:03,500,pb1705,XSGE,16315,16135,16760,35462,2925087300,35208,36460,17455,15170,16315,16175,0,16170,0,0,0,2017-04-17,32523500,16315,2,0,0,0,0,0,0,0,0,16325,7,0,0,0,0,0,0,0,0
226,2017-04-17,09:02:04,0,pb1705,XSGE,16315,16135,16760,35462,2925087300,35208,36460,17455,15170,16315,16175,0,16170,0,0,0,2017-04-17,32524000,16315,2,0,0,0,0,0,0,0,0,16325,6,0,0,0,0,0,0,0,0
227,2017-04-17,09:02:04,500,pb1705,XSGE,16315,16135,16760,35462,2925087300,35208,36460,17455,15170,16315,16175,0,16170,0,0,0,2017-04-17,32524500,16315,3,0,0,0,0,0,0,0,0,16325,6,0,0,0,0,0,0,0,0
228,2017-04-17,09:02:05,0,pb1705,XSGE,16315,16135,16760,35462,2925087300,35208,36460,17455,15170,16315,16175,0,16170,0,0,0,2017-04-17,32525000,16320,2,0,0,0,0,0,0,0,0,16325,6,0,0,0,0,0,0,0,0
229,2017-04-17,09:02:05,500,pb1705,XSGE,16325,16135,16760,35474,2926066800,35202,36460,17455,15170,16315,16175,0,16170,0,0,0,2017-04-17,32525500,16320,2,0,0,0,0,0,0,0,0,16330,10,0,0,0,0,0,0,0,0
230,2017-04-17,09:02:06,0,pb1705,XSGE,16325,16135,16760,35474,2926066800,35202,36460,17455,15170,16315,16175,0,16170,0,0,0,2017-04-17,32526000,16320,3,0,0,0,0,0,0,0,0,16330,10,0,0,0,0,0,0,0,0
231,2017-04-17,09:02:06,500,pb1705,XSGE,16315,16135,16760,35486,2927045850,35206,36460,17455,15170,16315,16175,0,16170,0,0,0,2017-04-17,32526500,16310,1,0,0,0,0,0,0,0,0,16330,7,0,0,0,0,0,0,0,0
232,2017-04-17,09:02:07,0,pb1705,XSGE,16315,16135,16760,35488,2927209000,35204,36460,17455,15170,16315,16175,0,16170,0,0,0,2017-04-17,32527000,16310,3,0,0,0,0,0,0,0,0,16325,1,0,0,0,0,0,0,0,0
233,2017-04-17,09:02:07,500,pb1705,XSGE,16315,16135,16760,35488,2927209000,35204,36460,17455,15170,16315,16175,0,16170,0,0,0,2017-04-17,32527500,16310,3,0,0,0,0,0,0,0,0,16325,3,0,0,0,0,0,0,0,0
234,2017-04-17,09:02:08,0,pb1705,XSGE,16315,16135,16760,35488,2927209000,35204,36460,17455,15170,16315,16175,0,16170,0,0,0,2017-04-17,32528000,16310,3,0,0,0,0,0,0,0,0,16325,4,0,0,0,0,0,0,0,0
235,2017-04-17,09:02:08,500,pb1705,XSGE,16315,16135,16760,35488,2927209000,35204,36460,17455,15170,16315,16175,0,16170,0,0,0,2017-04-17,32528500,16315,1,0,0,0,0,0,0,0,0,16325,4,0,0,0,0,0,0,0,0
236,2017-04-17,09:02:09,0,pb1705,XSGE,16315,16135,16760,35488,2927209000,35204,36460,17455,15170,16315,16175,0,16170,0,0,0,2017-04-17,32529000,16310,2,0,0,0,0,0,0,0,0,16315,1,0,0,0,0,0,0,0,0
237,2017-04-17,09:02:09,500,pb1705,XSGE,16315,16135,16760,35492,2927535300,35206,36460,17455,15170,16315,16175,0,16170,0,0,0,2017-04-17,32529500,16315,2,0,0,0,0,0,0,0,0,16325,4,0,0,0,0,0,0,0,0
238,2017-04-17,09:02:10,0,pb1705,XSGE,16315,16135,16760,35494,2927698450,35204,36460,17455,15170,16315,16175,0,16170,0,0,0,2017-04-17,32530000,16315,1,0,0,0,0,0,0,0,0,16320,2,0,0,0,0,0,0,0,0
239,2017-04-17,09:02:10,500,pb1705,XSGE,16320,16135,16760,35498,2928024850,35204,36460,17455,15170,16315,16175,0,16170,0,0,0,2017-04-17,32530500,16320,1,0,0,0,0,0,0,0,0,16325,4,0,0,0,0,0,0,0,0
240,2017-04-17,09:02:11,0,pb1705,XSGE,16320,16135,16760,35498,2928024850,35204,36460,17455,15170,16315,16175,0,16170,0,0,0,2017-04-17,32531000,16320,1,0,0,0,0,0,0,0,0,16325,4,0,0,0,0,0,0,0,0
241,2017-04-17,09:02:11,500,pb1705,XSGE,16320,16135,16760,35498,2928024850,35204,36460,17455,15170,16315,16175,0,16170,0,0,0,2017-04-17,32531500,16320,2,0,0,0,0,0,0,0,0,16325,4,0,0,0,0,0,0,0,0
242,2017-04-17,09:02:12,500,pb1705,XSGE,16325,16135,16760,35508,2928841100,35204,36460,17455,15170,16315,16175,0,16170,0,0,0,2017-04-17,32532500,16325,6,0,0,0,0,0,0,0,0,16330,9,0,0,0,0,0,0,0,0
243,2017-04-17,09:02:13,0,pb1705,XSGE,16325,16135,16760,35520,2929820600,35202,36460,17455,15170,16315,16175,0,16170,0,0,0,2017-04-17,32533000,16325,8,0,0,0,0,0,0,0,0,16330,8,0,0,0,0,0,0,0,0
244,2017-04-17,09:02:13,500,pb1705,XSGE,16330,16135,16760,35524,2930147200,35206,36460,17455,15170,16315,16175,0,16170,0,0,0,2017-04-17,32533500,16325,8,0,0,0,0,0,0,0,0,16330,5,0,0,0,0,0,0,0,0
245,2017-04-17,09:02:14,0,pb1705,XSGE,16330,16135,16760,35536,2931127000,35214,36460,17455,15170,16315,16175,0,16170,0,0,0,2017-04-17,32534000,16330,1,0,0,0,0,0,0,0,0,16335,9,0,0,0,0,0,0,0,0
246,2017-04-17,09:02:14,500,pb1705,XSGE,16330,16135,16760,35540,2931453600,35212,36460,17455,15170,16315,16175,0,16170,0,0,0,2017-04-17,32534500,16330,7,0,0,0,0,0,0,0,0,16335,10,0,0,0,0,0,0,0,0
247,2017-04-17,09:02:15,0,pb1705,XSGE,16335,16135,16760,35568,2933740000,35190,36460,17455,15170,16315,16175,0,16170,0,0,0,2017-04-17,32535000,16320,4,0,0,0,0,0,0,0,0,16335,4,0,0,0,0,0,0,0,0
248,2017-04-17,09:02:15,500,pb1705,XSGE,16335,16135,16760,35570,2933903350,35192,36460,17455,15170,16315,16175,0,16170,0,0,0,2017-04-17,32535500,16325,2,0,0,0,0,0,0,0,0,16335,2,0,0,0,0,0,0,0,0
249,2017-04-17,09:02:16,0,pb1705,XSGE,16335,16135,16760,35570,2933903350,35192,36460,17455,15170,16315,16175,0,16170,0,0,0,2017-04-17,32536000,16325,4,0,0,0,0,0,0,0,0,16335,1,0,0,0,0,0,0,0,0
250,2017-04-17,09:02:17,0,pb1705,XSGE,16335,16135,16760,35570,2933903350,35192,36460,17455,15170,16315,16175,0,16170,0,0,0,2017-04-17,32537000,16325,4,0,0,0,0,0,0,0,0,16335,1,0,0,0,0,0,0,0,0
251,2017-04-17,09:02:18,500,pb1705,XSGE,16335,16135,16760,35570,2933903350,35192,36460,17455,15170,16315,16175,0,16170,0,0,0,2017-04-17,32538500,16325,5,0,0,0,0,0,0,0,0,16335,1,0,0,0,0,0,0,0,0
252,2017-04-17,09:02:19,0,pb1705,XSGE,16335,16135,16760,35570,2933903350,35192,36460,17455,15170,16315,16175,0,16170,0,0,0,2017-04-17,32539000,16330,1,0,0,0,0,0,0,0,0,16335,1,0,0,0,0,0,0,0,0
253,2017-04-17,09:02:19,500,pb1705,XSGE,16335,16135,16760,35572,2934066700,35194,36460,17455,15170,16315,16175,0,16170,0,0,0,2017-04-17,32539500,16330,2,0,0,0,0,0,0,0,0,16340,2,0,0,0,0,0,0,0,0
254,2017-04-17,09:02:20,0,pb1705,XSGE,16335,16135,16760,35572,2934066700,35194,36460,17455,15170,16315,16175,0,16170,0,0,0,2017-04-17,32540000,16330,3,0,0,0,0,0,0,0,0,16340,2,0,0,0,0,0,0,0,0
255,2017-04-17,09:02:21,0,pb1705,XSGE,16335,16135,16760,35572,2934066700,35194,36460,17455,15170,16315,16175,0,16170,0,0,0,2017-04-17,32541000,16330,3,0,0,0,0,0,0,0,0,16335,1,0,0,0,0,0,0,0,0
256,2017-04-17,09:02:21,500,pb1705,XSGE,16335,16135,16760,35580,2934720100,35188,36460,17455,15170,16315,16175,0,16170,0,0,0,2017-04-17,32541500,16330,4,0,0,0,0,0,0,0,0,16335,2,0,0,0,0,0,0,0,0
257,2017-04-17,09:02:22,0,pb1705,XSGE,16340,16135,16760,35590,2935536950,35184,36460,17455,15170,16315,16175,0,16170,0,0,0,2017-04-17,32542000,16340,108,0,0,0,0,0,0,0,0,16345,3,0,0,0,0,0,0,0,0
258,2017-04-17,09:02:22,500,pb1705,XSGE,16340,16135,16760,35620,2937988050,35214,36460,17455,15170,16315,16175,0,16170,0,0,0,2017-04-17,32542500,16340,95,0,0,0,0,0,0,0,0,16345,3,0,0,0,0,0,0,0,0
259,2017-04-17,09:02:23,0,pb1705,XSGE,16345,16135,16760,35642,2939785650,35230,36460,17455,15170,16315,16175,0,16170,0,0,0,2017-04-17,32543000,16340,89,0,0,0,0,0,0,0,0,16360,1,0,0,0,0,0,0,0,0
260,2017-04-17,09:02:23,500,pb1705,XSGE,16360,16135,16760,35644,2939949250,35228,36460,17455,15170,16315,16175,0,16170,0,0,0,2017-04-17,32543500,16345,3,0,0,0,0,0,0,0,0,16355,1,0,0,0,0,0,0,0,0
261,2017-04-17,09:02:24,0,pb1705,XSGE,16360,16135,16760,35644,2939949250,35228,36460,17455,15170,16315,16175,0,16170,0,0,0,2017-04-17,32544000,16350,1,0,0,0,0,0,0,0,0,16355,1,0,0,0,0,0,0,0,0
262,2017-04-17,09:02:24,500,pb1705,XSGE,16350,16135,16760,35646,2940112750,35226,36460,17455,15170,16315,16175,0,16170,0,0,0,2017-04-17,32544500,16345,4,0,0,0,0,0,0,0,0,16350,2,0,0,0,0,0,0,0,0
263,2017-04-17,09:02:25,0,pb1705,XSGE,16350,16135,16760,35648,2940276250,35226,36460,17455,15170,16315,16175,0,16170,0,0,0,2017-04-17,32545000,16345,6,0,0,0,0,0,0,0,0,16350,1,0,0,0,0,0,0,0,0
264,2017-04-17,09:02:25,500,pb1705,XSGE,16350,16135,16760,35650,2940439750,35224,36460,17455,15170,16315,16175,0,16170,0,0,0,2017-04-17,32545500,16350,2,0,0,0,0,0,0,0,0,16355,1,0,0,0,0,0,0,0,0
265,2017-04-17,09:02:26,0,pb1705,XSGE,16355,16135,16760,35652,2940603300,35224,36460,17455,15170,16315,16175,0,16170,0,0,0,2017-04-17,32546000,16350,2,0,0,0,0,0,0,0,0,16355,1,0,0,0,0,0,0,0,0
266,2017-04-17,09:02:26,500,pb1705,XSGE,16355,16135,16760,35654,2940766850,35226,36460,17455,15170,16315,16175,0,16170,0,0,0,2017-04-17,32546500,16350,3,0,0,0,0,0,0,0,0,16360,5,0,0,0,0,0,0,0,0
267,2017-04-17,09:02:27,0,pb1705,XSGE,16355,16135,16760,35654,2940766850,35226,36460,17455,15170,16315,16175,0,16170,0,0,0,2017-04-17,32547000,16350,4,0,0,0,0,0,0,0,0,16360,2,0,0,0,0,0,0,0,0
268,2017-04-17,09:02:27,500,pb1705,XSGE,16355,16135,16760,35654,2940766850,35226,36460,17455,15170,16315,16175,0,16170,0,0,0,2017-04-17,32547500,16350,6,0,0,0,0,0,0,0,0,16375,1,0,0,0,0,0,0,0,0
269,2017-04-17,09:02:28,0,pb1705,XSGE,16355,16135,16760,35654,2940766850,35226,36460,17455,15170,16315,16175,0,16170,0,0,0,2017-04-17,32548000,16350,6,0,0,0,0,0,0,0,0,16370,2,0,0,0,0,0,0,0,0
270,2017-04-17,09:02:28,500,pb1705,XSGE,16355,16135,16760,35654,2940766850,35226,36460,17455,15170,16315,16175,0,16170,0,0,0,2017-04-17,32548500,16350,6,0,0,0,0,0,0,0,0,16370,4,0,0,0,0,0,0,0,0
271,2017-04-17,09:02:29,0,pb1705,XSGE,16350,16135,16760,35656,2940930350,35226,36460,17455,15170,16315,16175,0,16170,0,0,0,2017-04-17,32549000,16350,5,0,0,0,0,0,0,0,0,16365,1,0,0,0,0,0,0,0,0
272,2017-04-17,09:02:29,500,pb1705,XSGE,16350,16135,16760,35656,2940930350,35226,36460,17455,15170,16315,16175,0,16170,0,0,0,2017-04-17,32549500,16355,4,0,0,0,0,0,0,0,0,16365,1,0,0,0,0,0,0,0,0
273,2017-04-17,09:02:30,0,pb1705,XSGE,16350,16135,16760,35656,2940930350,35226,36460,17455,15170,16315,16175,0,16170,0,0,0,2017-04-17,32550000,16355,5,0,0,0,0,0,0,0,0,16365,1,0,0,0,0,0,0,0,0
274,2017-04-17,09:02:30,500,pb1705,XSGE,16350,16135,16760,35656,2940930350,35226,36460,17455,15170,16315,16175,0,16170,0,0,0,2017-04-17,32550500,16360,1,0,0,0,0,0,0,0,0,16365,1,0,0,0,0,0,0,0,0
275,2017-04-17,09:02:31,0,pb1705,XSGE,16350,16135,16760,35656,2940930350,35226,36460,17455,15170,16315,16175,0,16170,0,0,0,2017-04-17,32551000,16360,3,0,0,0,0,0,0,0,0,16365,1,0,0,0,0,0,0,0,0
276,2017-04-17,09:02:32,0,pb1705,XSGE,16350,16135,16760,35656,2940930350,35226,36460,17455,15170,16315,16175,0,16170,0,0,0,2017-04-17,32552000,16360,3,0,0,0,0,0,0,0,0,16365,2,0,0,0,0,0,0,0,0
277,2017-04-17,09:02:32,500,pb1705,XSGE,16370,16135,16760,35664,2941585050,35230,36460,17455,15170,16315,16175,0,16170,0,0,0,2017-04-17,32552500,16365,1,0,0,0,0,0,0,0,0,16370,1,0,0,0,0,0,0,0,0
278,2017-04-17,09:02:33,0,pb1705,XSGE,16375,16135,16760,35668,2941912500,35228,36460,17455,15170,16315,16175,0,16170,0,0,0,2017-04-17,32553000,16375,1,0,0,0,0,0,0,0,0,16380,2,0,0,0,0,0,0,0,0
279,2017-04-17,09:02:33,500,pb1705,XSGE,16375,16135,16760,35680,2942895000,35218,36460,17455,15170,16315,16175,0,16170,0,0,0,2017-04-17,32553500,16375,4,0,0,0,0,0,0,0,0,16380,3,0,0,0,0,0,0,0,0
280,2017-04-17,09:02:34,0,pb1705,XSGE,16380,16135,16760,35692,2943877550,35218,36460,17455,15170,16315,16175,0,16170,0,0,0,2017-04-17,32554000,16375,1,0,0,0,0,0,0,0,0,16380,1,0,0,0,0,0,0,0,0
281,2017-04-17,09:02:34,500,pb1705,XSGE,16380,16135,16760,35700,2944532600,35216,36460,17455,15170,16315,16175,0,16170,0,0,0,2017-04-17,32554500,16365,1,0,0,0,0,0,0,0,0,16385,5,0,0,0,0,0,0,0,0
282,2017-04-17,09:02:35,0,pb1705,XSGE,16380,16135,16760,35700,2944532600,35216,36460,17455,15170,16315,16175,0,16170,0,0,0,2017-04-17,32555000,16370,1,0,0,0,0,0,0,0,0,16380,3,0,0,0,0,0,0,0,0
283,2017-04-17,09:02:35,500,pb1705,XSGE,16380,16135,16760,35700,2944532600,35216,36460,17455,15170,16315,16175,0,16170,0,0,0,2017-04-17,32555500,16375,1,0,0,0,0,0,0,0,0,16380,3,0,0,0,0,0,0,0,0
284,2017-04-17,09:02:36,0,pb1705,XSGE,16375,16135,16760,35702,2944696350,35216,36460,17455,15170,16315,16175,0,16170,0,0,0,2017-04-17,32556000,16370,3,0,0,0,0,0,0,0,0,16380,3,0,0,0,0,0,0,0,0
285,2017-04-17,09:02:36,500,pb1705,XSGE,16375,16135,16760,35702,2944696350,35216,36460,17455,15170,16315,16175,0,16170,0,0,0,2017-04-17,32556500,16370,3,0,0,0,0,0,0,0,0,16380,3,0,0,0,0,0,0,0,0
286,2017-04-17,09:02:37,0,pb1705,XSGE,16380,16135,16760,35706,2945023950,35218,36460,17455,15170,16315,16175,0,16170,0,0,0,2017-04-17,32557000,16370,11,0,0,0,0,0,0,0,0,16380,1,0,0,0,0,0,0,0,0
287,2017-04-17,09:02:37,500,pb1705,XSGE,16380,16135,16760,35708,2945187750,35216,36460,17455,15170,16315,16175,0,16170,0,0,0,2017-04-17,32557500,16375,2,0,0,0,0,0,0,0,0,16385,5,0,0,0,0,0,0,0,0
288,2017-04-17,09:02:38,0,pb1705,XSGE,16380,16135,16760,35712,2945515300,35214,36460,17455,15170,16315,16175,0,16170,0,0,0,2017-04-17,32558000,16375,2,0,0,0,0,0,0,0,0,16380,4,0,0,0,0,0,0,0,0
289,2017-04-17,09:02:38,500,pb1705,XSGE,16380,16135,16760,35712,2945515300,35214,36460,17455,15170,16315,16175,0,16170,0,0,0,2017-04-17,32558500,16375,1,0,0,0,0,0,0,0,0,16380,3,0,0,0,0,0,0,0,0
290,2017-04-17,09:02:39,0,pb1705,XSGE,16375,16135,16760,35714,2945679050,35212,36460,17455,15170,16315,16175,0,16170,0,0,0,2017-04-17,32559000,16370,2,0,0,0,0,0,0,0,0,16375,4,0,0,0,0,0,0,0,0
291,2017-04-17,09:02:39,500,pb1705,XSGE,16375,16135,16760,35714,2945679050,35212,36460,17455,15170,16315,16175,0,16170,0,0,0,2017-04-17,32559500,16370,9,0,0,0,0,0,0,0,0,16375,4,0,0,0,0,0,0,0,0
292,2017-04-17,09:02:40,0,pb1705,XSGE,16375,16135,16760,35722,2946334050,35204,36460,17455,15170,16315,16175,0,16170,0,0,0,2017-04-17,32560000,16375,1,0,0,0,0,0,0,0,0,16380,3,0,0,0,0,0,0,0,0
293,2017-04-17,09:02:40,500,pb1705,XSGE,16380,16135,16760,35732,2947153050,35206,36460,17455,15170,16315,16175,0,16170,0,0,0,2017-04-17,32560500,16380,1,0,0,0,0,0,0,0,0,16385,5,0,0,0,0,0,0,0,0
294,2017-04-17,09:02:41,0,pb1705,XSGE,16380,16135,16760,35740,2947808250,35206,36460,17455,15170,16315,16175,0,16170,0,0,0,2017-04-17,32561000,16380,5,0,0,0,0,0,0,0,0,16385,6,0,0,0,0,0,0,0,0
295,2017-04-17,09:02:41,500,pb1705,XSGE,16380,16135,16760,35746,2948299650,35206,36460,17455,15170,16315,16175,0,16170,0,0,0,2017-04-17,32561500,16380,2,0,0,0,0,0,0,0,0,16385,10,0,0,0,0,0,0,0,0
296,2017-04-17,09:02:42,0,pb1705,XSGE,16380,16135,16760,35750,2948627250,35204,36460,17455,15170,16315,16175,0,16170,0,0,0,2017-04-17,32562000,16370,1,0,0,0,0,0,0,0,0,16385,10,0,0,0,0,0,0,0,0
297,2017-04-17,09:02:42,500,pb1705,XSGE,16370,16135,16760,35756,2949118350,35202,36460,17455,15170,16315,16175,0,16170,0,0,0,2017-04-17,32562500,16370,1,0,0,0,0,0,0,0,0,16380,3,0,0,0,0,0,0,0,0
298,2017-04-17,09:02:43,0,pb1705,XSGE,16370,16135,16760,35756,2949118350,35202,36460,17455,15170,16315,16175,0,16170,0,0,0,2017-04-17,32563000,16370,1,0,0,0,0,0,0,0,0,16375,1,0,0,0,0,0,0,0,0
299,2017-04-17,09:02:43,500,pb1705,XSGE,16370,16135,16760,35758,2949282050,35200,36460,17455,15170,16315,16175,0,16170,0,0,0,2017-04-17,32563500,16365,1,0,0,0,0,0,0,0,0,16370,1,0,0,0,0,0,0,0,0
300,2017-04-17,09:02:44,0,pb1705,XSGE,16370,16135,16760,35760,2949445750,35198,36460,17455,15170,16315,16175,0,16170,0,0,0,2017-04-17,32564000,16370,1,0,0,0,0,0,0,0,0,16375,1,0,0,0,0,0,0,0,0
301,2017-04-17,09:02:44,500,pb1705,XSGE,16370,16135,16760,35760,2949445750,35198,36460,17455,15170,16315,16175,0,16170,0,0,0,2017-04-17,32564500,16370,9,0,0,0,0,0,0,0,0,16375,5,0,0,0,0,0,0,0,0
302,2017-04-17,09:02:45,0,pb1705,XSGE,16375,16135,16760,35764,2949773250,35196,36460,17455,15170,16315,16175,0,16170,0,0,0,2017-04-17,32565000,16370,9,0,0,0,0,0,0,0,0,16375,3,0,0,0,0,0,0,0,0
303,2017-04-17,09:02:45,500,pb1705,XSGE,16375,16135,16760,35772,2950428250,35204,36460,17455,15170,16315,16175,0,16170,0,0,0,2017-04-17,32565500,16370,9,0,0,0,0,0,0,0,0,16380,4,0,0,0,0,0,0,0,0
304,2017-04-17,09:02:46,0,pb1705,XSGE,16375,16135,16760,35772,2950428250,35204,36460,17455,15170,16315,16175,0,16170,0,0,0,2017-04-17,32566000,16370,9,0,0,0,0,0,0,0,0,16380,5,0,0,0,0,0,0,0,0
305,2017-04-17,09:02:46,500,pb1705,XSGE,16375,16135,16760,35772,2950428250,35204,36460,17455,15170,16315,16175,0,16170,0,0,0,2017-04-17,32566500,16370,9,0,0,0,0,0,0,0,0,16380,8,0,0,0,0,0,0,0,0
306,2017-04-17,09:02:47,0,pb1705,XSGE,16370,16135,16760,35782,2951246750,35194,36460,17455,15170,16315,16175,0,16170,0,0,0,2017-04-17,32567000,16370,4,0,0,0,0,0,0,0,0,16375,1,0,0,0,0,0,0,0,0
307,2017-04-17,09:02:47,500,pb1705,XSGE,16370,16135,16760,35784,2951410450,35192,36460,17455,15170,16315,16175,0,16170,0,0,0,2017-04-17,32567500,16370,3,0,0,0,0,0,0,0,0,16375,2,0,0,0,0,0,0,0,0
308,2017-04-17,09:02:48,0,pb1705,XSGE,16370,16135,16760,35784,2951410450,35192,36460,17455,15170,16315,16175,0,16170,0,0,0,2017-04-17,32568000,16370,3,0,0,0,0,0,0,0,0,16375,3,0,0,0,0,0,0,0,0
309,2017-04-17,09:02:49,0,pb1705,XSGE,16370,16135,16760,35784,2951410450,35192,36460,17455,15170,16315,16175,0,16170,0,0,0,2017-04-17,32569000,16370,3,0,0,0,0,0,0,0,0,16375,13,0,0,0,0,0,0,0,0
310,2017-04-17,09:02:49,500,pb1705,XSGE,16375,16135,16760,35792,2952065300,35184,36460,17455,15170,16315,16175,0,16170,0,0,0,2017-04-17,32569500,16365,4,0,0,0,0,0,0,0,0,16375,12,0,0,0,0,0,0,0,0
311,2017-04-17,09:02:50,0,pb1705,XSGE,16375,16135,16760,35792,2952065300,35184,36460,17455,15170,16315,16175,0,16170,0,0,0,2017-04-17,32570000,16365,12,0,0,0,0,0,0,0,0,16370,1,0,0,0,0,0,0,0,0
312,2017-04-17,09:02:50,500,pb1705,XSGE,16370,16135,16760,35794,2952229000,35184,36460,17455,15170,16315,16175,0,16170,0,0,0,2017-04-17,32570500,16370,3,0,0,0,0,0,0,0,0,16375,12,0,0,0,0,0,0,0,0
313,2017-04-17,09:02:51,0,pb1705,XSGE,16370,16135,16760,35794,2952229000,35184,36460,17455,15170,16315,16175,0,16170,0,0,0,2017-04-17,32571000,16370,6,0,0,0,0,0,0,0,0,16375,12,0,0,0,0,0,0,0,0
314,2017-04-17,09:02:51,500,pb1705,XSGE,16375,16135,16760,35806,2953211500,35194,36460,17455,15170,16315,16175,0,16170,0,0,0,2017-04-17,32571500,16370,7,0,0,0,0,0,0,0,0,16375,6,0,0,0,0,0,0,0,0
315,2017-04-17,09:02:52,0,pb1705,XSGE,16375,16135,16760,35818,2954194000,35198,36460,17455,15170,16315,16175,0,16170,0,0,0,2017-04-17,32572000,16375,4,0,0,0,0,0,0,0,0,16380,7,0,0,0,0,0,0,0,0
316,2017-04-17,09:02:52,500,pb1705,XSGE,16375,16135,16760,35818,2954194000,35198,36460,17455,15170,16315,16175,0,16170,0,0,0,2017-04-17,32572500,16375,11,0,0,0,0,0,0,0,0,16380,7,0,0,0,0,0,0,0,0
317,2017-04-17,09:02:53,0,pb1705,XSGE,16380,16135,16760,35822,2954521600,35202,36460,17455,15170,16315,16175,0,16170,0,0,0,2017-04-17,32573000,16375,11,0,0,0,0,0,0,0,0,16380,5,0,0,0,0,0,0,0,0
318,2017-04-17,09:02:53,500,pb1705,XSGE,16380,16135,16760,35830,2955176800,35208,36460,17455,15170,16315,16175,0,16170,0,0,0,2017-04-17,32573500,16375,11,0,0,0,0,0,0,0,0,16380,1,0,0,0,0,0,0,0,0
319,2017-04-17,09:02:54,0,pb1705,XSGE,16380,16135,16760,35834,2955504400,35210,36460,17455,15170,16315,16175,0,16170,0,0,0,2017-04-17,32574000,16380,1,0,0,0,0,0,0,0,0,16385,9,0,0,0,0,0,0,0,0
320,2017-04-17,09:02:54,500,pb1705,XSGE,16380,16135,16760,35838,2955832000,35208,36460,17455,15170,16315,16175,0,16170,0,0,0,2017-04-17,32574500,16380,8,0,0,0,0,0,0,0,0,16385,7,0,0,0,0,0,0,0,0
321,2017-04-17,09:02:55,0,pb1705,XSGE,16380,16135,16760,35840,2955995800,35206,36460,17455,15170,16315,16175,0,16170,0,0,0,2017-04-17,32575000,16380,7,0,0,0,0,0,0,0,0,16385,13,0,0,0,0,0,0,0,0
322,2017-04-17,09:02:55,500,pb1705,XSGE,16380,16135,16760,35856,2957306200,35192,36460,17455,15170,16315,16175,0,16170,0,0,0,2017-04-17,32575500,16380,2,0,0,0,0,0,0,0,0,16385,13,0,0,0,0,0,0,0,0
323,2017-04-17,09:02:56,0,pb1705,XSGE,16380,16135,16760,35860,2957633800,35196,36460,17455,15170,16315,16175,0,16170,0,0,0,2017-04-17,32576000,16380,2,0,0,0,0,0,0,0,0,16385,13,0,0,0,0,0,0,0,0
324,2017-04-17,09:02:56,500,pb1705,XSGE,16380,16135,16760,35860,2957633800,35196,36460,17455,15170,16315,16175,0,16170,0,0,0,2017-04-17,32576500,16380,5,0,0,0,0,0,0,0,0,16385,11,0,0,0,0,0,0,0,0
325,2017-04-17,09:02:57,0,pb1705,XSGE,16385,16135,16760,35866,2958125350,35200,36460,17455,15170,16315,16175,0,16170,0,0,0,2017-04-17,32577000,16380,4,0,0,0,0,0,0,0,0,16385,8,0,0,0,0,0,0,0,0
326,2017-04-17,09:02:57,500,pb1705,XSGE,16385,16135,16760,35892,2960255400,35198,36460,17455,15170,16315,16175,0,16170,0,0,0,2017-04-17,32577500,16380,6,0,0,0,0,0,0,0,0,16385,3,0,0,0,0,0,0,0,0
327,2017-04-17,09:02:58,0,pb1705,XSGE,16385,16135,16760,35906,2961402350,35196,36460,17455,15170,16315,16175,0,16170,0,0,0,2017-04-17,32578000,16385,5,0,0,0,0,0,0,0,0,16390,2,0,0,0,0,0,0,0,0
328,2017-04-17,09:02:58,500,pb1705,XSGE,16385,16135,16760,35916,2962221700,35196,36460,17455,15170,16315,16175,0,16170,0,0,0,2017-04-17,32578500,16380,4,0,0,0,0,0,0,0,0,16385,3,0,0,0,0,0,0,0,0
329,2017-04-17,09:02:59,0,pb1705,XSGE,16385,16135,16760,35932,2963532500,35180,36460,17455,15170,16315,16175,0,16170,0,0,0,2017-04-17,32579000,16380,5,0,0,0,0,0,0,0,0,16390,2,0,0,0,0,0,0,0,0
330,2017-04-17,09:02:59,500,pb1705,XSGE,16385,16135,16760,35932,2963532500,35180,36460,17455,15170,16315,16175,0,16170,0,0,0,2017-04-17,32579500,16380,4,0,0,0,0,0,0,0,0,16390,2,0,0,0,0,0,0,0,0
331,2017-04-17,09:03:00,0,pb1705,XSGE,16385,16135,16760,35932,2963532500,35180,36460,17455,15170,16315,16175,0,16170,0,0,0,2017-04-17,32580000,16380,4,0,0,0,0,0,0,0,0,16385,1,0,0,0,0,0,0,0,0
332,2017-04-17,09:03:00,500,pb1705,XSGE,16385,16135,16760,35932,2963532500,35180,36460,17455,15170,16315,16175,0,16170,0,0,0,2017-04-17,32580500,16380,4,0,0,0,0,0,0,0,0,16385,1,0,0,0,0,0,0,0,0
333,2017-04-17,09:03:01,0,pb1705,XSGE,16385,16135,16760,35932,2963532500,35180,36460,17455,15170,16315,16175,0,16170,0,0,0,2017-04-17,32581000,16380,4,0,0,0,0,0,0,0,0,16385,2,0,0,0,0,0,0,0,0
334,2017-04-17,09:03:01,500,pb1705,XSGE,16385,16135,16760,35932,2963532500,35180,36460,17455,15170,16315,16175,0,16170,0,0,0,2017-04-17,32581500,16380,3,0,0,0,0,0,0,0,0,16385,1,0,0,0,0,0,0,0,0
335,2017-04-17,09:03:02,0,pb1705,XSGE,16385,16135,16760,35932,2963532500,35180,36460,17455,15170,16315,16175,0,16170,0,0,0,2017-04-17,32582000,16380,4,0,0,0,0,0,0,0,0,16385,1,0,0,0,0,0,0,0,0
336,2017-04-17,09:03:02,500,pb1705,XSGE,16385,16135,16760,35932,2963532500,35180,36460,17455,15170,16315,16175,0,16170,0,0,0,2017-04-17,32582500,16380,4,0,0,0,0,0,0,0,0,16385,2,0,0,0,0,0,0,0,0
337,2017-04-17,09:03:03,0,pb1705,XSGE,16375,16135,16760,35942,2964351450,35182,36460,17455,15170,16315,16175,0,16170,0,0,0,2017-04-17,32583000,16370,4,0,0,0,0,0,0,0,0,16380,5,0,0,0,0,0,0,0,0
338,2017-04-17,09:03:03,500,pb1705,XSGE,16380,16135,16760,35946,2964679000,35180,36460,17455,15170,16315,16175,0,16170,0,0,0,2017-04-17,32583500,16375,2,0,0,0,0,0,0,0,0,16380,4,0,0,0,0,0,0,0,0
339,2017-04-17,09:03:04,0,pb1705,XSGE,16385,16135,16760,35956,2965498050,35182,36460,17455,15170,16315,16175,0,16170,0,0,0,2017-04-17,32584000,16375,4,0,0,0,0,0,0,0,0,16385,2,0,0,0,0,0,0,0,0
340,2017-04-17,09:03:04,500,pb1705,XSGE,16385,16135,16760,35960,2965825750,35182,36460,17455,15170,16315,16175,0,16170,0,0,0,2017-04-17,32584500,16375,4,0,0,0,0,0,0,0,0,16390,2,0,0,0,0,0,0,0,0
341,2017-04-17,09:03:05,0,pb1705,XSGE,16385,16135,16760,35960,2965825750,35182,36460,17455,15170,16315,16175,0,16170,0,0,0,2017-04-17,32585000,16375,5,0,0,0,0,0,0,0,0,16395,4,0,0,0,0,0,0,0,0
342,2017-04-17,09:03:05,500,pb1705,XSGE,16385,16135,16760,35960,2965825750,35182,36460,17455,15170,16315,16175,0,16170,0,0,0,2017-04-17,32585500,16380,2,0,0,0,0,0,0,0,0,16390,1,0,0,0,0,0,0,0,0
343,2017-04-17,09:03:06,0,pb1705,XSGE,16385,16135,16760,35960,2965825750,35182,36460,17455,15170,16315,16175,0,16170,0,0,0,2017-04-17,32586000,16385,1,0,0,0,0,0,0,0,0,16390,1,0,0,0,0,0,0,0,0
344,2017-04-17,09:03:06,500,pb1705,XSGE,16385,16135,16760,35960,2965825750,35182,36460,17455,15170,16315,16175,0,16170,0,0,0,2017-04-17,32586500,16385,1,0,0,0,0,0,0,0,0,16390,1,0,0,0,0,0,0,0,0
345,2017-04-17,09:03:07,0,pb1705,XSGE,16385,16135,16760,35960,2965825750,35182,36460,17455,15170,16315,16175,0,16170,0,0,0,2017-04-17,32587000,16380,3,0,0,0,0,0,0,0,0,16390,1,0,0,0,0,0,0,0,0
346,2017-04-17,09:03:08,0,pb1705,XSGE,16385,16135,16760,35960,2965825750,35182,36460,17455,15170,16315,16175,0,16170,0,0,0,2017-04-17,32588000,16380,3,0,0,0,0,0,0,0,0,16390,3,0,0,0,0,0,0,0,0
347,2017-04-17,09:03:08,500,pb1705,XSGE,16380,16135,16760,35966,2966317150,35178,36460,17455,15170,16315,16175,0,16170,0,0,0,2017-04-17,32588500,16375,7,0,0,0,0,0,0,0,0,16390,3,0,0,0,0,0,0,0,0
348,2017-04-17,09:03:09,0,pb1705,XSGE,16380,16135,16760,35966,2966317150,35178,36460,17455,15170,16315,16175,0,16170,0,0,0,2017-04-17,32589000,16375,6,0,0,0,0,0,0,0,0,16385,1,0,0,0,0,0,0,0,0
349,2017-04-17,09:03:09,500,pb1705,XSGE,16380,16135,16760,35966,2966317150,35178,36460,17455,15170,16315,16175,0,16170,0,0,0,2017-04-17,32589500,16375,7,0,0,0,0,0,0,0,0,16380,1,0,0,0,0,0,0,0,0
350,2017-04-17,09:03:10,0,pb1705,XSGE,16380,16135,16760,35968,2966480950,35178,36460,17455,15170,16315,16175,0,16170,0,0,0,2017-04-17,32590000,16375,7,0,0,0,0,0,0,0,0,16385,1,0,0,0,0,0,0,0,0
351,2017-04-17,09:03:10,500,pb1705,XSGE,16380,16135,16760,35968,2966480950,35178,36460,17455,15170,16315,16175,0,16170,0,0,0,2017-04-17,32590500,16380,1,0,0,0,0,0,0,0,0,16385,1,0,0,0,0,0,0,0,0
352,2017-04-17,09:03:11,0,pb1705,XSGE,16380,16135,16760,35968,2966480950,35178,36460,17455,15170,16315,16175,0,16170,0,0,0,2017-04-17,32591000,16380,1,0,0,0,0,0,0,0,0,16390,3,0,0,0,0,0,0,0,0
353,2017-04-17,09:03:11,500,pb1705,XSGE,16380,16135,16760,35968,2966480950,35178,36460,17455,15170,16315,16175,0,16170,0,0,0,2017-04-17,32591500,16380,2,0,0,0,0,0,0,0,0,16390,3,0,0,0,0,0,0,0,0
354,2017-04-17,09:03:12,0,pb1705,XSGE,16380,16135,16760,35968,2966480950,35178,36460,17455,15170,16315,16175,0,16170,0,0,0,2017-04-17,32592000,16380,2,0,0,0,0,0,0,0,0,16390,1,0,0,0,0,0,0,0,0
355,2017-04-17,09:03:12,500,pb1705,XSGE,16380,16135,16760,35970,2966644750,35178,36460,17455,15170,16315,16175,0,16170,0,0,0,2017-04-17,32592500,16380,2,0,0,0,0,0,0,0,0,16390,1,0,0,0,0,0,0,0,0
356,2017-04-17,09:03:14,0,pb1705,XSGE,16380,16135,16760,35970,2966644750,35178,36460,17455,15170,16315,16175,0,16170,0,0,0,2017-04-17,32594000,16380,2,0,0,0,0,0,0,0,0,16390,2,0,0,0,0,0,0,0,0
357,2017-04-17,09:03:14,500,pb1705,XSGE,16380,16135,16760,35970,2966644750,35178,36460,17455,15170,16315,16175,0,16170,0,0,0,2017-04-17,32594500,16380,1,0,0,0,0,0,0,0,0,16385,3,0,0,0,0,0,0,0,0
358,2017-04-17,09:03:15,0,pb1705,XSGE,16380,16135,16760,35970,2966644750,35178,36460,17455,15170,16315,16175,0,16170,0,0,0,2017-04-17,32595000,16380,1,0,0,0,0,0,0,0,0,16385,3,0,0,0,0,0,0,0,0
359,2017-04-17,09:03:15,500,pb1705,XSGE,16385,16135,16760,35972,2966808600,35176,36460,17455,15170,16315,16175,0,16170,0,0,0,2017-04-17,32595500,16380,1,0,0,0,0,0,0,0,0,16385,2,0,0,0,0,0,0,0,0
360,2017-04-17,09:03:16,0,pb1705,XSGE,16380,16135,16760,35974,2966972400,35174,36460,17455,15170,16315,16175,0,16170,0,0,0,2017-04-17,32596000,16375,6,0,0,0,0,0,0,0,0,16380,4,0,0,0,0,0,0,0,0
361,2017-04-17,09:03:17,500,pb1705,XSGE,16380,16135,16760,35974,2966972400,35174,36460,17455,15170,16315,16175,0,16170,0,0,0,2017-04-17,32597500,16375,6,0,0,0,0,0,0,0,0,16380,4,0,0,0,0,0,0,0,0
362,2017-04-17,09:03:18,500,pb1705,XSGE,16380,16135,16760,35978,2967300000,35174,36460,17455,15170,16315,16175,0,16170,0,0,0,2017-04-17,32598500,16375,6,0,0,0,0,0,0,0,0,16380,2,0,0,0,0,0,0,0,0
363,2017-04-17,09:03:19,0,pb1705,XSGE,16380,16135,16760,35984,2967791400,35174,36460,17455,15170,16315,16175,0,16170,0,0,0,2017-04-17,32599000,16375,6,0,0,0,0,0,0,0,0,16385,5,0,0,0,0,0,0,0,0
364,2017-04-17,09:03:19,500,pb1705,XSGE,16380,16135,16760,35984,2967791400,35174,36460,17455,15170,16315,16175,0,16170,0,0,0,2017-04-17,32599500,16375,6,0,0,0,0,0,0,0,0,16380,1,0,0,0,0,0,0,0,0
365,2017-04-17,09:03:20,0,pb1705,XSGE,16380,16135,16760,35986,2967955200,35172,36460,17455,15170,16315,16175,0,16170,0,0,0,2017-04-17,32600000,16375,6,0,0,0,0,0,0,0,0,16385,1,0,0,0,0,0,0,0,0
366,2017-04-17,09:03:20,500,pb1705,XSGE,16380,16135,16760,35986,2967955200,35172,36460,17455,15170,16315,16175,0,16170,0,0,0,2017-04-17,32600500,16375,6,0,0,0,0,0,0,0,0,16380,1,0,0,0,0,0,0,0,0
367,2017-04-17,09:03:22,500,pb1705,XSGE,16375,16135,16760,35994,2968610200,35174,36460,17455,15170,16315,16175,0,16170,0,0,0,2017-04-17,32602500,16375,2,0,0,0,0,0,0,0,0,16380,1,0,0,0,0,0,0,0,0
368,2017-04-17,09:03:23,0,pb1705,XSGE,16375,16135,16760,35994,2968610200,35174,36460,17455,15170,16315,16175,0,16170,0,0,0,2017-04-17,32603000,16375,2,0,0,0,0,0,0,0,0,16380,2,0,0,0,0,0,0,0,0
369,2017-04-17,09:03:23,500,pb1705,XSGE,16375,16135,16760,36000,2969101450,35170,36460,17455,15170,16315,16175,0,16170,0,0,0,2017-04-17,32603500,16370,6,0,0,0,0,0,0,0,0,16375,3,0,0,0,0,0,0,0,0
370,2017-04-17,09:03:24,0,pb1705,XSGE,16375,16135,16760,36006,2969592700,35170,36460,17455,15170,16315,16175,0,16170,0,0,0,2017-04-17,32604000,16370,6,0,0,0,0,0,0,0,0,16380,2,0,0,0,0,0,0,0,0
371,2017-04-17,09:03:24,500,pb1705,XSGE,16375,16135,16760,36006,2969592700,35170,36460,17455,15170,16315,16175,0,16170,0,0,0,2017-04-17,32604500,16370,7,0,0,0,0,0,0,0,0,16375,1,0,0,0,0,0,0,0,0
372,2017-04-17,09:03:25,0,pb1705,XSGE,16375,16135,16760,36006,2969592700,35170,36460,17455,15170,16315,16175,0,16170,0,0,0,2017-04-17,32605000,16370,7,0,0,0,0,0,0,0,0,16375,2,0,0,0,0,0,0,0,0
373,2017-04-17,09:03:25,500,pb1705,XSGE,16375,16135,16760,36008,2969756450,35170,36460,17455,15170,16315,16175,0,16170,0,0,0,2017-04-17,32605500,16370,7,0,0,0,0,0,0,0,0,16375,1,0,0,0,0,0,0,0,0
374,2017-04-17,09:03:26,0,pb1705,XSGE,16370,16135,16760,36016,2970411250,35162,36460,17455,15170,16315,16175,0,16170,0,0,0,2017-04-17,32606000,16370,2,0,0,0,0,0,0,0,0,16375,1,0,0,0,0,0,0,0,0
375,2017-04-17,09:03:26,500,pb1705,XSGE,16375,16135,16760,36028,2971393550,35168,36460,17455,15170,16315,16175,0,16170,0,0,0,2017-04-17,32606500,16365,13,0,0,0,0,0,0,0,0,16380,3,0,0,0,0,0,0,0,0
376,2017-04-17,09:03:27,0,pb1705,XSGE,16375,16135,16760,36028,2971393550,35168,36460,17455,15170,16315,16175,0,16170,0,0,0,2017-04-17,32607000,16370,1,0,0,0,0,0,0,0,0,16375,5,0,0,0,0,0,0,0,0
377,2017-04-17,09:03:27,500,pb1705,XSGE,16370,16135,16760,36030,2971557250,35168,36460,17455,15170,16315,16175,0,16170,0,0,0,2017-04-17,32607500,16365,13,0,0,0,0,0,0,0,0,16375,5,0,0,0,0,0,0,0,0
378,2017-04-17,09:03:29,0,pb1705,XSGE,16365,16135,16760,36046,2972866450,35172,36460,17455,15170,16315,16175,0,16170,0,0,0,2017-04-17,32609000,16365,5,0,0,0,0,0,0,0,0,16375,6,0,0,0,0,0,0,0,0
379,2017-04-17,09:03:29,500,pb1705,XSGE,16365,16135,16760,36054,2973521050,35172,36460,17455,15170,16315,16175,0,16170,0,0,0,2017-04-17,32609500,16360,4,0,0,0,0,0,0,0,0,16375,6,0,0,0,0,0,0,0,0
380,2017-04-17,09:03:30,0,pb1705,XSGE,16365,16135,16760,36054,2973521050,35172,36460,17455,15170,16315,16175,0,16170,0,0,0,2017-04-17,32610000,16360,5,0,0,0,0,0,0,0,0,16375,6,0,0,0,0,0,0,0,0
381,2017-04-17,09:03:30,500,pb1705,XSGE,16365,16135,16760,36054,2973521050,35172,36460,17455,15170,16315,16175,0,16170,0,0,0,2017-04-17,32610500,16365,3,0,0,0,0,0,0,0,0,16370,6,0,0,0,0,0,0,0,0
382,2017-04-17,09:03:31,0,pb1705,XSGE,16355,16135,16760,36068,2974666350,35176,36460,17455,15170,16315,16175,0,16170,0,0,0,2017-04-17,32611000,16340,89,0,0,0,0,0,0,0,0,16360,53,0,0,0,0,0,0,0,0
383,2017-04-17,09:03:31,500,pb1705,XSGE,16355,16135,16760,36068,2974666350,35176,36460,17455,15170,16315,16175,0,16170,0,0,0,2017-04-17,32611500,16345,6,0,0,0,0,0,0,0,0,16355,7,0,0,0,0,0,0,0,0
384,2017-04-17,09:03:32,0,pb1705,XSGE,16350,16135,16760,36082,2975810650,35182,36460,17455,15170,16315,16175,0,16170,0,0,0,2017-04-17,32612000,16350,3,0,0,0,0,0,0,0,0,16355,16,0,0,0,0,0,0,0,0
385,2017-04-17,09:03:32,500,pb1705,XSGE,16350,16135,16760,36088,2976301150,35176,36460,17455,15170,16315,16175,0,16170,0,0,0,2017-04-17,32612500,16340,89,0,0,0,0,0,0,0,0,16355,16,0,0,0,0,0,0,0,0
386,2017-04-17,09:03:33,0,pb1705,XSGE,16350,16135,16760,36088,2976301150,35176,36460,17455,15170,16315,16175,0,16170,0,0,0,2017-04-17,32613000,16345,1,0,0,0,0,0,0,0,0,16350,1,0,0,0,0,0,0,0,0
387,2017-04-17,09:03:33,500,pb1705,XSGE,16350,16135,16760,36090,2976464650,35176,36460,17455,15170,16315,16175,0,16170,0,0,0,2017-04-17,32613500,16345,1,0,0,0,0,0,0,0,0,16355,12,0,0,0,0,0,0,0,0
388,2017-04-17,09:03:34,0,pb1705,XSGE,16350,16135,16760,36090,2976464650,35176,36460,17455,15170,16315,16175,0,16170,0,0,0,2017-04-17,32614000,16345,3,0,0,0,0,0,0,0,0,16355,12,0,0,0,0,0,0,0,0
389,2017-04-17,09:03:34,500,pb1705,XSGE,16350,16135,16760,36090,2976464650,35176,36460,17455,15170,16315,16175,0,16170,0,0,0,2017-04-17,32614500,16350,1,0,0,0,0,0,0,0,0,16355,12,0,0,0,0,0,0,0,0
390,2017-04-17,09:03:35,0,pb1705,XSGE,16350,16135,16760,36090,2976464650,35176,36460,17455,15170,16315,16175,0,16170,0,0,0,2017-04-17,32615000,16350,1,0,0,0,0,0,0,0,0,16355,12,0,0,0,0,0,0,0,0
391,2017-04-17,09:03:35,500,pb1705,XSGE,16350,16135,16760,36100,2977282350,35166,36460,17455,15170,16315,16175,0,16170,0,0,0,2017-04-17,32615500,16345,2,0,0,0,0,0,0,0,0,16350,2,0,0,0,0,0,0,0,0
392,2017-04-17,09:03:36,0,pb1705,XSGE,16350,16135,16760,36100,2977282350,35166,36460,17455,15170,16315,16175,0,16170,0,0,0,2017-04-17,32616000,16345,3,0,0,0,0,0,0,0,0,16350,4,0,0,0,0,0,0,0,0
393,2017-04-17,09:03:36,500,pb1705,XSGE,16350,16135,16760,36100,2977282350,35166,36460,17455,15170,16315,16175,0,16170,0,0,0,2017-04-17,32616500,16345,3,0,0,0,0,0,0,0,0,16350,5,0,0,0,0,0,0,0,0
394,2017-04-17,09:03:37,0,pb1705,XSGE,16350,16135,16760,36100,2977282350,35166,36460,17455,15170,16315,16175,0,16170,0,0,0,2017-04-17,32617000,16345,2,0,0,0,0,0,0,0,0,16350,7,0,0,0,0,0,0,0,0
395,2017-04-17,09:03:37,500,pb1705,XSGE,16345,16135,16760,36104,2977609250,35164,36460,17455,15170,16315,16175,0,16170,0,0,0,2017-04-17,32617500,16340,90,0,0,0,0,0,0,0,0,16345,2,0,0,0,0,0,0,0,0
396,2017-04-17,09:03:38,0,pb1705,XSGE,16345,16135,16760,36108,2977936150,35160,36460,17455,15170,16315,16175,0,16170,0,0,0,2017-04-17,32618000,16340,91,0,0,0,0,0,0,0,0,16350,6,0,0,0,0,0,0,0,0
397,2017-04-17,09:03:38,500,pb1705,XSGE,16345,16135,16760,36108,2977936150,35160,36460,17455,15170,16315,16175,0,16170,0,0,0,2017-04-17,32618500,16340,91,0,0,0,0,0,0,0,0,16350,7,0,0,0,0,0,0,0,0
398,2017-04-17,09:03:39,500,pb1705,XSGE,16345,16135,16760,36108,2977936150,35160,36460,17455,15170,16315,16175,0,16170,0,0,0,2017-04-17,32619500,16340,91,0,0,0,0,0,0,0,0,16350,7,0,0,0,0,0,0,0,0
399,2017-04-17,09:03:40,0,pb1705,XSGE,16345,16135,16760,36108,2977936150,35160,36460,17455,15170,16315,16175,0,16170,0,0,0,2017-04-17,32620000,16345,1,0,0,0,0,0,0,0,0,16350,7,0,0,0,0,0,0,0,0
400,2017-04-17,09:03:40,500,pb1705,XSGE,16350,16135,16760,36114,2978426550,35154,36460,17455,15170,16315,16175,0,16170,0,0,0,2017-04-17,32620500,16340,91,0,0,0,0,0,0,0,0,16350,4,0,0,0,0,0,0,0,0
401,2017-04-17,09:03:41,0,pb1705,XSGE,16350,16135,16760,36114,2978426550,35154,36460,17455,15170,16315,16175,0,16170,0,0,0,2017-04-17,32621000,16340,91,0,0,0,0,0,0,0,0,16350,4,0,0,0,0,0,0,0,0
402,2017-04-17,09:03:42,0,pb1705,XSGE,16350,16135,16760,36114,2978426550,35154,36460,17455,15170,16315,16175,0,16170,0,0,0,2017-04-17,32622000,16345,5,0,0,0,0,0,0,0,0,16350,6,0,0,0,0,0,0,0,0
403,2017-04-17,09:03:42,500,pb1705,XSGE,16345,16135,16760,36124,2979243800,35154,36460,17455,15170,16315,16175,0,16170,0,0,0,2017-04-17,32622500,16340,91,0,0,0,0,0,0,0,0,16345,6,0,0,0,0,0,0,0,0
404,2017-04-17,09:03:43,0,pb1705,XSGE,16345,16135,16760,36126,2979407250,35152,36460,17455,15170,16315,16175,0,16170,0,0,0,2017-04-17,32623000,16340,91,0,0,0,0,0,0,0,0,16345,5,0,0,0,0,0,0,0,0
405,2017-04-17,09:03:43,500,pb1705,XSGE,16345,16135,16760,36128,2979570700,35150,36460,17455,15170,16315,16175,0,16170,0,0,0,2017-04-17,32623500,16340,91,0,0,0,0,0,0,0,0,16345,5,0,0,0,0,0,0,0,0
406,2017-04-17,09:03:44,0,pb1705,XSGE,16345,16135,16760,36128,2979570700,35150,36460,17455,15170,16315,16175,0,16170,0,0,0,2017-04-17,32624000,16340,91,0,0,0,0,0,0,0,0,16345,10,0,0,0,0,0,0,0,0
407,2017-04-17,09:03:45,500,pb1705,XSGE,16345,16135,16760,36136,2980224500,35144,36460,17455,15170,16315,16175,0,16170,0,0,0,2017-04-17,32625500,16340,91,0,0,0,0,0,0,0,0,16345,1,0,0,0,0,0,0,0,0
408,2017-04-17,09:03:46,0,pb1705,XSGE,16345,16135,16760,36136,2980224500,35144,36460,17455,15170,16315,16175,0,16170,0,0,0,2017-04-17,32626000,16340,95,0,0,0,0,0,0,0,0,16345,1,0,0,0,0,0,0,0,0
409,2017-04-17,09:03:46,500,pb1705,XSGE,16345,16135,16760,36138,2980387950,35142,36460,17455,15170,16315,16175,0,16170,0,0,0,2017-04-17,32626500,16340,95,0,0,0,0,0,0,0,0,16350,5,0,0,0,0,0,0,0,0
410,2017-04-17,09:03:47,0,pb1705,XSGE,16345,16135,16760,36138,2980387950,35142,36460,17455,15170,16315,16175,0,16170,0,0,0,2017-04-17,32627000,16340,95,0,0,0,0,0,0,0,0,16350,7,0,0,0,0,0,0,0,0
411,2017-04-17,09:03:47,500,pb1705,XSGE,16345,16135,16760,36138,2980387950,35142,36460,17455,15170,16315,16175,0,16170,0,0,0,2017-04-17,32627500,16340,95,0,0,0,0,0,0,0,0,16350,6,0,0,0,0,0,0,0,0
412,2017-04-17,09:03:48,500,pb1705,XSGE,16340,16135,16760,36140,2980551350,35144,36460,17455,15170,16315,16175,0,16170,0,0,0,2017-04-17,32628500,16340,94,0,0,0,0,0,0,0,0,16350,6,0,0,0,0,0,0,0,0
413,2017-04-17,09:03:50,500,pb1705,XSGE,16340,16135,16760,36140,2980551350,35144,36460,17455,15170,16315,16175,0,16170,0,0,0,2017-04-17,32630500,16345,2,0,0,0,0,0,0,0,0,16350,6,0,0,0,0,0,0,0,0
414,2017-04-17,09:03:51,0,pb1705,XSGE,16345,16135,16760,36144,2980878250,35144,36460,17455,15170,16315,16175,0,16170,0,0,0,2017-04-17,32631000,16340,94,0,0,0,0,0,0,0,0,16345,5,0,0,0,0,0,0,0,0
415,2017-04-17,09:03:51,500,pb1705,XSGE,16345,16135,16760,36146,2981041700,35144,36460,17455,15170,16315,16175,0,16170,0,0,0,2017-04-17,32631500,16340,94,0,0,0,0,0,0,0,0,16345,6,0,0,0,0,0,0,0,0
416,2017-04-17,09:03:52,0,pb1705,XSGE,16345,16135,16760,36148,2981205150,35146,36460,17455,15170,16315,16175,0,16170,0,0,0,2017-04-17,32632000,16340,94,0,0,0,0,0,0,0,0,16345,5,0,0,0,0,0,0,0,0
417,2017-04-17,09:03:52,500,pb1705,XSGE,16350,16135,16760,36156,2981858950,35144,36460,17455,15170,16315,16175,0,16170,0,0,0,2017-04-17,32632500,16340,93,0,0,0,0,0,0,0,0,16350,5,0,0,0,0,0,0,0,0
418,2017-04-17,09:03:53,0,pb1705,XSGE,16350,16135,16760,36156,2981858950,35144,36460,17455,15170,16315,16175,0,16170,0,0,0,2017-04-17,32633000,16340,91,0,0,0,0,0,0,0,0,16350,6,0,0,0,0,0,0,0,0
419,2017-04-17,09:03:53,500,pb1705,XSGE,16350,16135,16760,36156,2981858950,35144,36460,17455,15170,16315,16175,0,16170,0,0,0,2017-04-17,32633500,16340,89,0,0,0,0,0,0,0,0,16345,7,0,0,0,0,0,0,0,0
420,2017-04-17,09:03:54,0,pb1705,XSGE,16340,16135,16760,36172,2983166150,35150,36460,17455,15170,16315,16175,0,16170,0,0,0,2017-04-17,32634000,16340,81,0,0,0,0,0,0,0,0,16345,8,0,0,0,0,0,0,0,0
421,2017-04-17,09:03:54,500,pb1705,XSGE,16340,16135,16760,36202,2985617150,35178,36460,17455,15170,16315,16175,0,16170,0,0,0,2017-04-17,32634500,16340,66,0,0,0,0,0,0,0,0,16345,14,0,0,0,0,0,0,0,0
422,2017-04-17,09:03:55,0,pb1705,XSGE,16340,16135,16760,36214,2986597550,35190,36460,17455,15170,16315,16175,0,16170,0,0,0,2017-04-17,32635000,16340,61,0,0,0,0,0,0,0,0,16345,14,0,0,0,0,0,0,0,0
423,2017-04-17,09:03:55,500,pb1705,XSGE,16340,16135,16760,36238,2988558350,35210,36460,17455,15170,16315,16175,0,16170,0,0,0,2017-04-17,32635500,16340,49,0,0,0,0,0,0,0,0,16345,14,0,0,0,0,0,0,0,0
424,2017-04-17,09:03:56,0,pb1705,XSGE,16340,16135,16760,36238,2988558350,35210,36460,17455,15170,16315,16175,0,16170,0,0,0,2017-04-17,32636000,16340,48,0,0,0,0,0,0,0,0,16345,14,0,0,0,0,0,0,0,0
425,2017-04-17,09:03:56,500,pb1705,XSGE,16340,16135,16760,36238,2988558350,35210,36460,17455,15170,16315,16175,0,16170,0,0,0,2017-04-17,32636500,16340,48,0,0,0,0,0,0,0,0,16345,14,0,0,0,0,0,0,0,0
426,2017-04-17,09:03:57,500,pb1705,XSGE,16340,16135,16760,36252,2989702150,35212,36460,17455,15170,16315,16175,0,16170,0,0,0,2017-04-17,32637500,16340,41,0,0,0,0,0,0,0,0,16345,14,0,0,0,0,0,0,0,0
427,2017-04-17,09:03:58,0,pb1705,XSGE,16340,16135,16760,36252,2989702150,35212,36460,17455,15170,16315,16175,0,16170,0,0,0,2017-04-17,32638000,16340,41,0,0,0,0,0,0,0,0,16345,14,0,0,0,0,0,0,0,0
428,2017-04-17,09:03:58,500,pb1705,XSGE,16340,16135,16760,36252,2989702150,35212,36460,17455,15170,16315,16175,0,16170,0,0,0,2017-04-17,32638500,16340,41,0,0,0,0,0,0,0,0,16345,14,0,0,0,0,0,0,0,0
429,2017-04-17,09:03:59,0,pb1705,XSGE,16340,16135,16760,36254,2989865550,35214,36460,17455,15170,16315,16175,0,16170,0,0,0,2017-04-17,32639000,16340,40,0,0,0,0,0,0,0,0,16345,14,0,0,0,0,0,0,0,0
430,2017-04-17,09:03:59,500,pb1705,XSGE,16340,16135,16760,36254,2989865550,35214,36460,17455,15170,16315,16175,0,16170,0,0,0,2017-04-17,32639500,16340,40,0,0,0,0,0,0,0,0,16345,8,0,0,0,0,0,0,0,0
431,2017-04-17,09:04:00,0,pb1705,XSGE,16345,16135,16760,36270,2991173150,35208,36460,17455,15170,16315,16175,0,16170,0,0,0,2017-04-17,32640000,16345,2,0,0,0,0,0,0,0,0,16350,5,0,0,0,0,0,0,0,0
432,2017-04-17,09:04:00,500,pb1705,XSGE,16350,16135,16760,36280,2991990650,35198,36460,17455,15170,16315,16175,0,16170,0,0,0,2017-04-17,32640500,16345,2,0,0,0,0,0,0,0,0,16355,7,0,0,0,0,0,0,0,0
433,2017-04-17,09:04:01,0,pb1705,XSGE,16350,16135,16760,36282,2992154150,35198,36460,17455,15170,16315,16175,0,16170,0,0,0,2017-04-17,32641000,16350,1,0,0,0,0,0,0,0,0,16355,7,0,0,0,0,0,0,0,0
434,2017-04-17,09:04:01,500,pb1705,XSGE,16350,16135,16760,36284,2992317650,35200,36460,17455,15170,16315,16175,0,16170,0,0,0,2017-04-17,32641500,16345,2,0,0,0,0,0,0,0,0,16355,8,0,0,0,0,0,0,0,0
435,2017-04-17,09:04:02,0,pb1705,XSGE,16345,16135,16760,36286,2992481100,35198,36460,17455,15170,16315,16175,0,16170,0,0,0,2017-04-17,32642000,16345,5,0,0,0,0,0,0,0,0,16355,6,0,0,0,0,0,0,0,0
436,2017-04-17,09:04:02,500,pb1705,XSGE,16345,16135,16760,36286,2992481100,35198,36460,17455,15170,16315,16175,0,16170,0,0,0,2017-04-17,32642500,16345,4,0,0,0,0,0,0,0,0,16355,8,0,0,0,0,0,0,0,0
437,2017-04-17,09:04:03,0,pb1705,XSGE,16345,16135,16760,36286,2992481100,35198,36460,17455,15170,16315,16175,0,16170,0,0,0,2017-04-17,32643000,16345,5,0,0,0,0,0,0,0,0,16355,8,0,0,0,0,0,0,0,0
438,2017-04-17,09:04:06,500,pb1705,XSGE,16345,16135,16760,36288,2992644550,35198,36460,17455,15170,16315,16175,0,16170,0,0,0,2017-04-17,32646500,16345,4,0,0,0,0,0,0,0,0,16355,8,0,0,0,0,0,0,0,0
439,2017-04-17,09:04:07,0,pb1705,XSGE,16345,16135,16760,36288,2992644550,35198,36460,17455,15170,16315,16175,0,16170,0,0,0,2017-04-17,32647000,16345,4,0,0,0,0,0,0,0,0,16350,2,0,0,0,0,0,0,0,0
440,2017-04-17,09:04:07,500,pb1705,XSGE,16350,16135,16760,36292,2992971550,35194,36460,17455,15170,16315,16175,0,16170,0,0,0,2017-04-17,32647500,16345,1,0,0,0,0,0,0,0,0,16350,3,0,0,0,0,0,0,0,0
441,2017-04-17,09:04:08,0,pb1705,XSGE,16350,16135,16760,36304,2993952400,35198,36460,17455,15170,16315,16175,0,16170,0,0,0,2017-04-17,32648000,16340,40,0,0,0,0,0,0,0,0,16350,2,0,0,0,0,0,0,0,0
442,2017-04-17,09:04:08,500,pb1705,XSGE,16350,16135,16760,36308,2994279400,35198,36460,17455,15170,16315,16175,0,16170,0,0,0,2017-04-17,32648500,16340,41,0,0,0,0,0,0,0,0,16355,7,0,0,0,0,0,0,0,0
443,2017-04-17,09:04:09,0,pb1705,XSGE,16350,16135,16760,36308,2994279400,35198,36460,17455,15170,16315,16175,0,16170,0,0,0,2017-04-17,32649000,16345,1,0,0,0,0,0,0,0,0,16355,14,0,0,0,0,0,0,0,0
444,2017-04-17,09:04:09,500,pb1705,XSGE,16345,16135,16760,36310,2994442850,35196,36460,17455,15170,16315,16175,0,16170,0,0,0,2017-04-17,32649500,16345,2,0,0,0,0,0,0,0,0,16350,1,0,0,0,0,0,0,0,0
445,2017-04-17,09:04:10,0,pb1705,XSGE,16350,16135,16760,36312,2994606350,35196,36460,17455,15170,16315,16175,0,16170,0,0,0,2017-04-17,32650000,16345,2,0,0,0,0,0,0,0,0,16350,5,0,0,0,0,0,0,0,0
446,2017-04-17,09:04:10,500,pb1705,XSGE,16350,16135,16760,36314,2994769850,35194,36460,17455,15170,16315,16175,0,16170,0,0,0,2017-04-17,32650500,16345,2,0,0,0,0,0,0,0,0,16350,4,0,0,0,0,0,0,0,0
447,2017-04-17,09:04:11,0,pb1705,XSGE,16345,16135,16760,36316,2994933300,35192,36460,17455,15170,16315,16175,0,16170,0,0,0,2017-04-17,32651000,16345,1,0,0,0,0,0,0,0,0,16355,9,0,0,0,0,0,0,0,0
448,2017-04-17,09:04:11,500,pb1705,XSGE,16345,16135,16760,36316,2994933300,35192,36460,17455,15170,16315,16175,0,16170,0,0,0,2017-04-17,32651500,16345,2,0,0,0,0,0,0,0,0,16355,13,0,0,0,0,0,0,0,0
449,2017-04-17,09:04:12,0,pb1705,XSGE,16345,16135,16760,36316,2994933300,35192,36460,17455,15170,16315,16175,0,16170,0,0,0,2017-04-17,32652000,16350,1,0,0,0,0,0,0,0,0,16355,13,0,0,0,0,0,0,0,0
450,2017-04-17,09:04:12,500,pb1705,XSGE,16350,16135,16760,36318,2995096800,35192,36460,17455,15170,16315,16175,0,16170,0,0,0,2017-04-17,32652500,16340,39,0,0,0,0,0,0,0,0,16350,7,0,0,0,0,0,0,0,0
451,2017-04-17,09:04:13,0,pb1705,XSGE,16350,16135,16760,36318,2995096800,35192,36460,17455,15170,16315,16175,0,16170,0,0,0,2017-04-17,32653000,16345,1,0,0,0,0,0,0,0,0,16350,10,0,0,0,0,0,0,0,0
452,2017-04-17,09:04:13,500,pb1705,XSGE,16350,16135,16760,36318,2995096800,35192,36460,17455,15170,16315,16175,0,16170,0,0,0,2017-04-17,32653500,16345,3,0,0,0,0,0,0,0,0,16350,10,0,0,0,0,0,0,0,0
453,2017-04-17,09:04:14,0,pb1705,XSGE,16350,16135,16760,36334,2996404800,35194,36460,17455,15170,16315,16175,0,16170,0,0,0,2017-04-17,32654000,16345,4,0,0,0,0,0,0,0,0,16350,2,0,0,0,0,0,0,0,0
454,2017-04-17,09:04:14,500,pb1705,XSGE,16350,16135,16760,36342,2997058800,35194,36460,17455,15170,16315,16175,0,16170,0,0,0,2017-04-17,32654500,16350,4,0,0,0,0,0,0,0,0,16355,9,0,0,0,0,0,0,0,0
455,2017-04-17,09:04:15,0,pb1705,XSGE,16350,16135,16760,36354,2998039800,35194,36460,17455,15170,16315,16175,0,16170,0,0,0,2017-04-17,32655000,16345,5,0,0,0,0,0,0,0,0,16350,4,0,0,0,0,0,0,0,0
456,2017-04-17,09:04:15,500,pb1705,XSGE,16350,16135,16760,36364,2998857250,35192,36460,17455,15170,16315,16175,0,16170,0,0,0,2017-04-17,32655500,16350,7,0,0,0,0,0,0,0,0,16355,7,0,0,0,0,0,0,0,0
457,2017-04-17,09:04:16,0,pb1705,XSGE,16355,16135,16760,36384,3000492600,35184,36460,17455,15170,16315,16175,0,16170,0,0,0,2017-04-17,32656000,16355,1,0,0,0,0,0,0,0,0,16360,3,0,0,0,0,0,0,0,0
458,2017-04-17,09:04:16,500,pb1705,XSGE,16355,16135,16760,36390,3000983350,35188,36460,17455,15170,16315,16175,0,16170,0,0,0,2017-04-17,32656500,16355,2,0,0,0,0,0,0,0,0,16360,5,0,0,0,0,0,0,0,0
459,2017-04-17,09:04:17,0,pb1705,XSGE,16355,16135,16760,36394,3001310450,35186,36460,17455,15170,16315,16175,0,16170,0,0,0,2017-04-17,32657000,16355,1,0,0,0,0,0,0,0,0,16360,2,0,0,0,0,0,0,0,0
460,2017-04-17,09:04:17,500,pb1705,XSGE,16355,16135,16760,36396,3001474000,35186,36460,17455,15170,16315,16175,0,16170,0,0,0,2017-04-17,32657500,16355,3,0,0,0,0,0,0,0,0,16360,2,0,0,0,0,0,0,0,0
461,2017-04-17,09:04:18,0,pb1705,XSGE,16360,16135,16760,36402,3001964800,35186,36460,17455,15170,16315,16175,0,16170,0,0,0,2017-04-17,32658000,16360,3,0,0,0,0,0,0,0,0,16365,8,0,0,0,0,0,0,0,0
462,2017-04-17,09:04:18,500,pb1705,XSGE,16360,16135,16760,36402,3001964800,35186,36460,17455,15170,16315,16175,0,16170,0,0,0,2017-04-17,32658500,16355,5,0,0,0,0,0,0,0,0,16360,1,0,0,0,0,0,0,0,0
463,2017-04-17,09:04:19,0,pb1705,XSGE,16355,16135,16760,36414,3002946200,35176,36460,17455,15170,16315,16175,0,16170,0,0,0,2017-04-17,32659000,16355,1,0,0,0,0,0,0,0,0,16365,6,0,0,0,0,0,0,0,0
464,2017-04-17,09:04:19,500,pb1705,XSGE,16355,16135,16760,36414,3002946200,35176,36460,17455,15170,16315,16175,0,16170,0,0,0,2017-04-17,32659500,16355,4,0,0,0,0,0,0,0,0,16365,6,0,0,0,0,0,0,0,0
465,2017-04-17,09:04:21,500,pb1705,XSGE,16355,16135,16760,36422,3003600400,35180,36460,17455,15170,16315,16175,0,16170,0,0,0,2017-04-17,32661500,16345,3,0,0,0,0,0,0,0,0,16365,7,0,0,0,0,0,0,0,0
466,2017-04-17,09:04:22,0,pb1705,XSGE,16355,16135,16760,36422,3003600400,35180,36460,17455,15170,16315,16175,0,16170,0,0,0,2017-04-17,32662000,16350,1,0,0,0,0,0,0,0,0,16360,4,0,0,0,0,0,0,0,0
467,2017-04-17,09:04:22,500,pb1705,XSGE,16355,16135,16760,36422,3003600400,35180,36460,17455,15170,16315,16175,0,16170,0,0,0,2017-04-17,32662500,16350,1,0,0,0,0,0,0,0,0,16360,5,0,0,0,0,0,0,0,0
468,2017-04-17,09:04:23,0,pb1705,XSGE,16355,16135,16760,36422,3003600400,35180,36460,17455,15170,16315,16175,0,16170,0,0,0,2017-04-17,32663000,16350,1,0,0,0,0,0,0,0,0,16355,1,0,0,0,0,0,0,0,0
469,2017-04-17,09:04:23,500,pb1705,XSGE,16355,16135,16760,36424,3003763950,35180,36460,17455,15170,16315,16175,0,16170,0,0,0,2017-04-17,32663500,16355,6,0,0,0,0,0,0,0,0,16360,5,0,0,0,0,0,0,0,0
470,2017-04-17,09:04:24,0,pb1705,XSGE,16355,16135,16760,36436,3004745250,35180,36460,17455,15170,16315,16175,0,16170,0,0,0,2017-04-17,32664000,16350,1,0,0,0,0,0,0,0,0,16355,1,0,0,0,0,0,0,0,0
471,2017-04-17,09:04:24,500,pb1705,XSGE,16355,16135,16760,36436,3004745250,35180,36460,17455,15170,16315,16175,0,16170,0,0,0,2017-04-17,32664500,16355,1,0,0,0,0,0,0,0,0,16360,6,0,0,0,0,0,0,0,0
472,2017-04-17,09:04:25,0,pb1705,XSGE,16355,16135,16760,36438,3004908800,35178,36460,17455,15170,16315,16175,0,16170,0,0,0,2017-04-17,32665000,16350,2,0,0,0,0,0,0,0,0,16360,6,0,0,0,0,0,0,0,0
473,2017-04-17,09:04:25,500,pb1705,XSGE,16360,16135,16760,36440,3005072400,35178,36460,17455,15170,16315,16175,0,16170,0,0,0,2017-04-17,32665500,16355,3,0,0,0,0,0,0,0,0,16360,5,0,0,0,0,0,0,0,0
474,2017-04-17,09:04:27,0,pb1705,XSGE,16355,16135,16760,36442,3005235950,35178,36460,17455,15170,16315,16175,0,16170,0,0,0,2017-04-17,32667000,16355,2,0,0,0,0,0,0,0,0,16360,5,0,0,0,0,0,0,0,0
475,2017-04-17,09:04:27,500,pb1705,XSGE,16355,16135,16760,36442,3005235950,35178,36460,17455,15170,16315,16175,0,16170,0,0,0,2017-04-17,32667500,16355,2,0,0,0,0,0,0,0,0,16360,7,0,0,0,0,0,0,0,0
476,2017-04-17,09:04:29,0,pb1705,XSGE,16355,16135,16760,36442,3005235950,35178,36460,17455,15170,16315,16175,0,16170,0,0,0,2017-04-17,32669000,16355,2,0,0,0,0,0,0,0,0,16360,4,0,0,0,0,0,0,0,0
477,2017-04-17,09:04:29,500,pb1705,XSGE,16355,16135,16760,36442,3005235950,35178,36460,17455,15170,16315,16175,0,16170,0,0,0,2017-04-17,32669500,16355,2,0,0,0,0,0,0,0,0,16360,3,0,0,0,0,0,0,0,0
478,2017-04-17,09:04:30,0,pb1705,XSGE,16360,16135,16760,36448,3005726750,35178,36460,17455,15170,16315,16175,0,16170,0,0,0,2017-04-17,32670000,16360,1,0,0,0,0,0,0,0,0,16365,7,0,0,0,0,0,0,0,0
479,2017-04-17,09:04:30,500,pb1705,XSGE,16365,16135,16760,36450,3005890400,35176,36460,17455,15170,16315,16175,0,16170,0,0,0,2017-04-17,32670500,16360,1,0,0,0,0,0,0,0,0,16365,7,0,0,0,0,0,0,0,0
480,2017-04-17,09:04:31,0,pb1705,XSGE,16365,16135,16760,36458,3006545000,35182,36460,17455,15170,16315,16175,0,16170,0,0,0,2017-04-17,32671000,16360,3,0,0,0,0,0,0,0,0,16365,2,0,0,0,0,0,0,0,0
481,2017-04-17,09:04:31,500,pb1705,XSGE,16365,16135,16760,36462,3006872300,35182,36460,17455,15170,16315,16175,0,16170,0,0,0,2017-04-17,32671500,16365,8,0,0,0,0,0,0,0,0,16370,2,0,0,0,0,0,0,0,0
482,2017-04-17,09:04:32,0,pb1705,XSGE,16365,16135,16760,36464,3007035950,35184,36460,17455,15170,16315,16175,0,16170,0,0,0,2017-04-17,32672000,16365,3,0,0,0,0,0,0,0,0,16370,7,0,0,0,0,0,0,0,0
483,2017-04-17,09:04:32,500,pb1705,XSGE,16365,16135,16760,36470,3007526900,35184,36460,17455,15170,16315,16175,0,16170,0,0,0,2017-04-17,32672500,16360,2,0,0,0,0,0,0,0,0,16370,7,0,0,0,0,0,0,0,0
484,2017-04-17,09:04:33,0,pb1705,XSGE,16365,16135,16760,36470,3007526900,35184,36460,17455,15170,16315,16175,0,16170,0,0,0,2017-04-17,32673000,16365,1,0,0,0,0,0,0,0,0,16370,8,0,0,0,0,0,0,0,0
485,2017-04-17,09:04:33,500,pb1705,XSGE,16365,16135,16760,36472,3007690550,35186,36460,17455,15170,16315,16175,0,16170,0,0,0,2017-04-17,32673500,16360,2,0,0,0,0,0,0,0,0,16365,1,0,0,0,0,0,0,0,0
486,2017-04-17,09:04:34,0,pb1705,XSGE,16365,16135,16760,36474,3007854200,35188,36460,17455,15170,16315,16175,0,16170,0,0,0,2017-04-17,32674000,16360,2,0,0,0,0,0,0,0,0,16370,8,0,0,0,0,0,0,0,0
487,2017-04-17,09:04:35,500,pb1705,XSGE,16365,16135,16760,36474,3007854200,35188,36460,17455,15170,16315,16175,0,16170,0,0,0,2017-04-17,32675500,16365,3,0,0,0,0,0,0,0,0,16370,8,0,0,0,0,0,0,0,0
488,2017-04-17,09:04:36,0,pb1705,XSGE,16365,16135,16760,36476,3008017850,35186,36460,17455,15170,16315,16175,0,16170,0,0,0,2017-04-17,32676000,16365,2,0,0,0,0,0,0,0,0,16370,8,0,0,0,0,0,0,0,0
489,2017-04-17,09:04:36,500,pb1705,XSGE,16365,16135,16760,36480,3008345150,35182,36460,17455,15170,16315,16175,0,16170,0,0,0,2017-04-17,32676500,16360,2,0,0,0,0,0,0,0,0,16370,8,0,0,0,0,0,0,0,0
490,2017-04-17,09:04:37,0,pb1705,XSGE,16365,16135,16760,36480,3008345150,35182,36460,17455,15170,16315,16175,0,16170,0,0,0,2017-04-17,32677000,16360,3,0,0,0,0,0,0,0,0,16370,8,0,0,0,0,0,0,0,0
491,2017-04-17,09:04:38,0,pb1705,XSGE,16365,16135,16760,36480,3008345150,35182,36460,17455,15170,16315,16175,0,16170,0,0,0,2017-04-17,32678000,16360,2,0,0,0,0,0,0,0,0,16370,8,0,0,0,0,0,0,0,0
492,2017-04-17,09:04:38,500,pb1705,XSGE,16365,16135,16760,36480,3008345150,35182,36460,17455,15170,16315,16175,0,16170,0,0,0,2017-04-17,32678500,16360,1,0,0,0,0,0,0,0,0,16365,3,0,0,0,0,0,0,0,0
493,2017-04-17,09:04:39,0,pb1705,XSGE,16365,16135,16760,36480,3008345150,35182,36460,17455,15170,16315,16175,0,16170,0,0,0,2017-04-17,32679000,16355,2,0,0,0,0,0,0,0,0,16360,1,0,0,0,0,0,0,0,0
494,2017-04-17,09:04:39,500,pb1705,XSGE,16365,16135,16760,36480,3008345150,35182,36460,17455,15170,16315,16175,0,16170,0,0,0,2017-04-17,32679500,16355,2,0,0,0,0,0,0,0,0,16360,1,0,0,0,0,0,0,0,0
495,2017-04-17,09:04:40,0,pb1705,XSGE,16360,16135,16760,36482,3008508750,35180,36460,17455,15170,16315,16175,0,16170,0,0,0,2017-04-17,32680000,16355,2,0,0,0,0,0,0,0,0,16360,1,0,0,0,0,0,0,0,0
496,2017-04-17,09:04:40,500,pb1705,XSGE,16360,16135,16760,36484,3008672350,35180,36460,17455,15170,16315,16175,0,16170,0,0,0,2017-04-17,32680500,16355,2,0,0,0,0,0,0,0,0,16365,5,0,0,0,0,0,0,0,0
497,2017-04-17,09:04:41,0,pb1705,XSGE,16360,16135,16760,36484,3008672350,35180,36460,17455,15170,16315,16175,0,16170,0,0,0,2017-04-17,32681000,16355,2,0,0,0,0,0,0,0,0,16360,3,0,0,0,0,0,0,0,0
498,2017-04-17,09:04:42,0,pb1705,XSGE,16360,16135,16760,36484,3008672350,35180,36460,17455,15170,16315,16175,0,16170,0,0,0,2017-04-17,32682000,16355,2,0,0,0,0,0,0,0,0,16360,3,0,0,0,0,0,0,0,0
499,2017-04-17,09:04:42,500,pb1705,XSGE,16360,16135,16760,36484,3008672350,35180,36460,17455,15170,16315,16175,0,16170,0,0,0,2017-04-17,32682500,16355,2,0,0,0,0,0,0,0,0,16360,3,0,0,0,0,0,0,0,0
500,2017-04-17,09:04:43,500,pb1705,XSGE,16355,16135,16760,36486,3008835900,35178,36460,17455,15170,16315,16175,0,16170,0,0,0,2017-04-17,32683500,16355,2,0,0,0,0,0,0,0,0,16360,5,0,0,0,0,0,0,0,0
501,2017-04-17,09:04:44,0,pb1705,XSGE,16355,16135,16760,36486,3008835900,35178,36460,17455,15170,16315,16175,0,16170,0,0,0,2017-04-17,32684000,16355,2,0,0,0,0,0,0,0,0,16360,6,0,0,0,0,0,0,0,0
502,2017-04-17,09:04:44,500,pb1705,XSGE,16360,16135,16760,36490,3009163100,35178,36460,17455,15170,16315,16175,0,16170,0,0,0,2017-04-17,32684500,16355,2,0,0,0,0,0,0,0,0,16360,3,0,0,0,0,0,0,0,0
503,2017-04-17,09:04:45,500,pb1705,XSGE,16360,16135,16760,36492,3009326700,35176,36460,17455,15170,16315,16175,0,16170,0,0,0,2017-04-17,32685500,16355,2,0,0,0,0,0,0,0,0,16360,2,0,0,0,0,0,0,0,0
504,2017-04-17,09:04:46,0,pb1705,XSGE,16360,16135,16760,36492,3009326700,35176,36460,17455,15170,16315,16175,0,16170,0,0,0,2017-04-17,32686000,16355,2,0,0,0,0,0,0,0,0,16360,4,0,0,0,0,0,0,0,0
505,2017-04-17,09:04:46,500,pb1705,XSGE,16360,16135,16760,36492,3009326700,35176,36460,17455,15170,16315,16175,0,16170,0,0,0,2017-04-17,32686500,16355,2,0,0,0,0,0,0,0,0,16360,5,0,0,0,0,0,0,0,0
506,2017-04-17,09:04:47,0,pb1705,XSGE,16360,16135,16760,36494,3009490300,35176,36460,17455,15170,16315,16175,0,16170,0,0,0,2017-04-17,32687000,16355,2,0,0,0,0,0,0,0,0,16360,4,0,0,0,0,0,0,0,0
507,2017-04-17,09:04:47,500,pb1705,XSGE,16355,16135,16760,36496,3009653850,35174,36460,17455,15170,16315,16175,0,16170,0,0,0,2017-04-17,32687500,16355,1,0,0,0,0,0,0,0,0,16360,6,0,0,0,0,0,0,0,0
508,2017-04-17,09:04:48,0,pb1705,XSGE,16350,16135,16760,36500,3009980900,35174,36460,17455,15170,16315,16175,0,16170,0,0,0,2017-04-17,32688000,16350,2,0,0,0,0,0,0,0,0,16360,6,0,0,0,0,0,0,0,0
509,2017-04-17,09:04:49,0,pb1705,XSGE,16350,16135,16760,36500,3009980900,35174,36460,17455,15170,16315,16175,0,16170,0,0,0,2017-04-17,32689000,16350,4,0,0,0,0,0,0,0,0,16360,7,0,0,0,0,0,0,0,0
510,2017-04-17,09:04:49,500,pb1705,XSGE,16350,16135,16760,36500,3009980900,35174,36460,17455,15170,16315,16175,0,16170,0,0,0,2017-04-17,32689500,16355,2,0,0,0,0,0,0,0,0,16360,5,0,0,0,0,0,0,0,0
511,2017-04-17,09:04:50,0,pb1705,XSGE,16350,16135,16760,36500,3009980900,35174,36460,17455,15170,16315,16175,0,16170,0,0,0,2017-04-17,32690000,16355,4,0,0,0,0,0,0,0,0,16360,3,0,0,0,0,0,0,0,0
512,2017-04-17,09:04:50,500,pb1705,XSGE,16360,16135,16760,36506,3010471700,35168,36460,17455,15170,16315,16175,0,16170,0,0,0,2017-04-17,32690500,16360,2,0,0,0,0,0,0,0,0,16365,4,0,0,0,0,0,0,0,0
513,2017-04-17,09:04:51,0,pb1705,XSGE,16360,16135,16760,36508,3010635300,35166,36460,17455,15170,16315,16175,0,16170,0,0,0,2017-04-17,32691000,16355,4,0,0,0,0,0,0,0,0,16365,7,0,0,0,0,0,0,0,0
514,2017-04-17,09:04:55,0,pb1705,XSGE,16360,16135,16760,36508,3010635300,35166,36460,17455,15170,16315,16175,0,16170,0,0,0,2017-04-17,32695000,16355,4,0,0,0,0,0,0,0,0,16360,1,0,0,0,0,0,0,0,0
515,2017-04-17,09:04:55,500,pb1705,XSGE,16360,16135,16760,36508,3010635300,35166,36460,17455,15170,16315,16175,0,16170,0,0,0,2017-04-17,32695500,16355,4,0,0,0,0,0,0,0,0,16360,4,0,0,0,0,0,0,0,0
516,2017-04-17,09:04:56,0,pb1705,XSGE,16360,16135,16760,36508,3010635300,35166,36460,17455,15170,16315,16175,0,16170,0,0,0,2017-04-17,32696000,16355,4,0,0,0,0,0,0,0,0,16360,5,0,0,0,0,0,0,0,0
517,2017-04-17,09:04:58,0,pb1705,XSGE,16360,16135,16760,36508,3010635300,35166,36460,17455,15170,16315,16175,0,16170,0,0,0,2017-04-17,32698000,16355,5,0,0,0,0,0,0,0,0,16360,4,0,0,0,0,0,0,0,0
