,dataDate,dataTime,dataMillisec,instrumentID,exchangeCD,lastPrice,lowPrice,highPrice,volume,value,openInterest,preOpenInterest,upperLimitPrice,lowerLimitPrice,preSettlementPrice,prevClosePrice,settlementPrice,openPrice,closePrice,preDelta,currDelta,clearingDay,milliSecOffset,bidPrice1,bidVolume1,bidPrice2,bidVolume2,bidPrice3,bidVolume3,bidPrice4,bidVolume4,bidPrice5,bidVolume5,askPrice1,askVolume1,askPrice2,askVolume2,askPrice3,askVolume3,askPrice4,askVolume4,askPrice5,askVolume5
0,2017-04-17,08:59:00,787,pp1709,XDCE,7789,7789,7789,1648,64181360,509436,510168,8193,7413,7803,7739,0,7789,0,0,0,2017-04-17,32340787,7788,5,0,0,0,0,0,0,0,0,7790,4,0,0,0,0,0,0,0,0
1,2017-04-17,09:00:00,960,pp1709,XDCE,7788,7781,7790,1762,68620360,509494,510168,8193,7413,7803,7739,0,7789,0,0,0,2017-04-17,32400960,7785,1,0,0,0,0,0,0,0,0,7786,50,0,0,0,0,0,0,0,0
2,2017-04-17,09:00:01,469,pp1709,XDCE,7788,7781,7790,2098,81701300,509510,510168,8193,7413,7803,7739,0,7789,0,0,0,2017-04-17,32401469,7787,63,0,0,0,0,0,0,0,0,7788,33,0,0,0,0,0,0,0,0
3,2017-04-17,09:00:01,972,pp1709,XDCE,7788,7781,7798,2808,109353260,509214,510168,8193,7413,7803,7739,0,7789,0,0,0,2017-04-17,32401972,7791,4,0,0,0,0,0,0,0,0,7798,103,0,0,0,0,0,0,0,0
4,2017-04-17,09:00:02,463,pp1709,XDCE,7798,7781,7798,3174,123620740,508948,510168,8193,7413,7803,7739,0,7789,0,0,0,2017-04-17,32402463,7792,8,0,0,0,0,0,0,0,0,7797,5,0,0,0,0,0,0,0,0
5,2017-04-17,09:00:02,962,pp1709,XDCE,7792,7781,7800,3496,136173660,508762,510168,8193,7413,7803,7739,0,7789,0,0,0,2017-04-17,32402962,7792,33,0,0,0,0,0,0,0,0,7800,30,0,0,0,0,0,0,0,0
6,2017-04-17,09:00:03,471,pp1709,XDCE,7795,7781,7805,3942,153569430,508794,510168,8193,7413,7803,7739,0,7789,0,0,0,2017-04-17,32403471,7797,4,0,0,0,0,0,0,0,0,7799,3,0,0,0,0,0,0,0,0
7,2017-04-17,09:00:03,963,pp1709,XDCE,7806,7781,7806,4288,167062020,508810,510168,8193,7413,7803,7739,0,7789,0,0,0,2017-04-17,32403963,7801,15,0,0,0,0,0,0,0,0,7804,2,0,0,0,0,0,0,0,0
8,2017-04-17,09:00:04,471,pp1709,XDCE,7818,7781,7818,4590,178852510,508636,510168,8193,7413,7803,7739,0,7789,0,0,0,2017-04-17,32404471,7804,5,0,0,0,0,0,0,0,0,7818,56,0,0,0,0,0,0,0,0
9,2017-04-17,09:00:04,956,pp1709,XDCE,7811,7781,7820,5222,203548530,508234,510168,8193,7413,7803,7739,0,7789,0,0,0,2017-04-17,32404956,7811,2,0,0,0,0,0,0,0,0,7818,11,0,0,0,0,0,0,0,0
10,2017-04-17,09:00:05,459,pp1709,XDCE,7808,7781,7821,5514,214957230,508076,510168,8193,7413,7803,7739,0,7789,0,0,0,2017-04-17,32405459,7808,1,0,0,0,0,0,0,0,0,7812,6,0,0,0,0,0,0,0,0
11,2017-04-17,09:00:05,938,pp1709,XDCE,7811,7781,7821,5628,219409490,508046,510168,8193,7413,7803,7739,0,7789,0,0,0,2017-04-17,32405938,7812,3,0,0,0,0,0,0,0,0,7816,4,0,0,0,0,0,0,0,0
12,2017-04-17,09:00:06,443,pp1709,XDCE,7810,7781,7821,5976,233002550,507994,510168,8193,7413,7803,7739,0,7789,0,0,0,2017-04-17,32406443,7810,59,0,0,0,0,0,0,0,0,7812,9,0,0,0,0,0,0,0,0
13,2017-04-17,09:00:06,948,pp1709,XDCE,7812,7781,7821,6080,237065240,508002,510168,8193,7413,7803,7739,0,7789,0,0,0,2017-04-17,32406948,7812,27,0,0,0,0,0,0,0,0,7816,1,0,0,0,0,0,0,0,0
14,2017-04-17,09:00:07,461,pp1709,XDCE,7812,7781,7821,6240,243316110,507910,510168,8193,7413,7803,7739,0,7789,0,0,0,2017-04-17,32407461,7811,10,0,0,0,0,0,0,0,0,7814,3,0,0,0,0,0,0,0,0
15,2017-04-17,09:00:07,967,pp1709,XDCE,7816,7781,7826,6552,255515380,507712,510168,8193,7413,7803,7739,0,7789,0,0,0,2017-04-17,32407967,7816,4,0,0,0,0,0,0,0,0,7826,1,0,0,0,0,0,0,0,0
16,2017-04-17,09:00:08,448,pp1709,XDCE,7820,7781,7827,6862,267641140,507476,510168,8193,7413,7803,7739,0,7789,0,0,0,2017-04-17,32408448,7820,2,0,0,0,0,0,0,0,0,7824,6,0,0,0,0,0,0,0,0
17,2017-04-17,09:00:08,972,pp1709,XDCE,7825,7781,7827,6944,270848030,507428,510168,8193,7413,7803,7739,0,7789,0,0,0,2017-04-17,32408972,7821,4,0,0,0,0,0,0,0,0,7825,8,0,0,0,0,0,0,0,0
18,2017-04-17,09:00:09,456,pp1709,XDCE,7821,7781,7827,7094,276715000,507324,510168,8193,7413,7803,7739,0,7789,0,0,0,2017-04-17,32409456,7818,6,0,0,0,0,0,0,0,0,7819,4,0,0,0,0,0,0,0,0
19,2017-04-17,09:00:09,957,pp1709,XDCE,7824,7781,7827,7178,279999320,507284,510168,8193,7413,7803,7739,0,7789,0,0,0,2017-04-17,32409957,7821,16,0,0,0,0,0,0,0,0,7824,5,0,0,0,0,0,0,0,0
20,2017-04-17,09:00:10,464,pp1709,XDCE,7824,7781,7828,7322,285632640,507194,510168,8193,7413,7803,7739,0,7789,0,0,0,2017-04-17,32410464,7824,8,0,0,0,0,0,0,0,0,7827,4,0,0,0,0,0,0,0,0
21,2017-04-17,09:00:10,958,pp1709,XDCE,7820,7781,7828,7406,288918170,507164,510168,8193,7413,7803,7739,0,7789,0,0,0,2017-04-17,32410958,7820,22,0,0,0,0,0,0,0,0,7824,9,0,0,0,0,0,0,0,0
22,2017-04-17,09:00:11,460,pp1709,XDCE,7824,7781,7828,7524,293532270,507124,510168,8193,7413,7803,7739,0,7789,0,0,0,2017-04-17,32411460,7824,1,0,0,0,0,0,0,0,0,7826,32,0,0,0,0,0,0,0,0
23,2017-04-17,09:00:11,927,pp1709,XDCE,7825,7781,7828,7806,304564130,506922,510168,8193,7413,7803,7739,0,7789,0,0,0,2017-04-17,32411927,7824,66,0,0,0,0,0,0,0,0,7825,1,0,0,0,0,0,0,0,0
24,2017-04-17,09:00:12,472,pp1709,XDCE,7820,7781,7828,8150,318010580,506696,510168,8193,7413,7803,7739,0,7789,0,0,0,2017-04-17,32412472,7812,133,0,0,0,0,0,0,0,0,7820,13,0,0,0,0,0,0,0,0
25,2017-04-17,09:00:12,960,pp1709,XDCE,7817,7781,7828,8164,318557890,506686,510168,8193,7413,7803,7739,0,7789,0,0,0,2017-04-17,32412960,7815,6,0,0,0,0,0,0,0,0,7817,1,0,0,0,0,0,0,0,0
26,2017-04-17,09:00:13,469,pp1709,XDCE,7817,7781,7828,8230,321137430,506684,510168,8193,7413,7803,7739,0,7789,0,0,0,2017-04-17,32413469,7815,5,0,0,0,0,0,0,0,0,7820,202,0,0,0,0,0,0,0,0
27,2017-04-17,09:00:13,964,pp1709,XDCE,7817,7781,7828,8298,323795610,506636,510168,8193,7413,7803,7739,0,7789,0,0,0,2017-04-17,32413964,7816,6,0,0,0,0,0,0,0,0,7818,11,0,0,0,0,0,0,0,0
28,2017-04-17,09:00:14,460,pp1709,XDCE,7815,7781,7828,8368,326531290,506614,510168,8193,7413,7803,7739,0,7789,0,0,0,2017-04-17,32414460,7814,1,0,0,0,0,0,0,0,0,7815,2,0,0,0,0,0,0,0,0
29,2017-04-17,09:00:14,966,pp1709,XDCE,7813,7781,7828,8450,329735540,506572,510168,8193,7413,7803,7739,0,7789,0,0,0,2017-04-17,32414966,7813,5,0,0,0,0,0,0,0,0,7814,1,0,0,0,0,0,0,0,0
30,2017-04-17,09:00:15,471,pp1709,XDCE,7810,7781,7828,8558,333953690,506580,510168,8193,7413,7803,7739,0,7789,0,0,0,2017-04-17,32415471,7810,17,0,0,0,0,0,0,0,0,7812,53,0,0,0,0,0,0,0,0
31,2017-04-17,09:00:15,959,pp1709,XDCE,7810,7781,7828,8602,335672160,506580,510168,8193,7413,7803,7739,0,7789,0,0,0,2017-04-17,32415959,7810,11,0,0,0,0,0,0,0,0,7812,48,0,0,0,0,0,0,0,0
32,2017-04-17,09:00:16,456,pp1709,XDCE,7812,7781,7828,8714,340046320,506602,510168,8193,7413,7803,7739,0,7789,0,0,0,2017-04-17,32416456,7809,5,0,0,0,0,0,0,0,0,7811,7,0,0,0,0,0,0,0,0
33,2017-04-17,09:00:16,932,pp1709,XDCE,7810,7781,7828,8766,342076410,506598,510168,8193,7413,7803,7739,0,7789,0,0,0,2017-04-17,32416932,7810,10,0,0,0,0,0,0,0,0,7811,11,0,0,0,0,0,0,0,0
34,2017-04-17,09:00:17,452,pp1709,XDCE,7810,7781,7828,8798,343326020,506570,510168,8193,7413,7803,7739,0,7789,0,0,0,2017-04-17,32417452,7807,10,0,0,0,0,0,0,0,0,7810,29,0,0,0,0,0,0,0,0
35,2017-04-17,09:00:17,961,pp1709,XDCE,7810,7781,7828,8802,343482220,506570,510168,8193,7413,7803,7739,0,7789,0,0,0,2017-04-17,32417961,7805,12,0,0,0,0,0,0,0,0,7810,36,0,0,0,0,0,0,0,0
36,2017-04-17,09:00:18,463,pp1709,XDCE,7805,7781,7828,8816,344028710,506562,510168,8193,7413,7803,7739,0,7789,0,0,0,2017-04-17,32418463,7806,2,0,0,0,0,0,0,0,0,7809,21,0,0,0,0,0,0,0,0
37,2017-04-17,09:00:18,972,pp1709,XDCE,7809,7781,7828,8858,345668400,506558,510168,8193,7413,7803,7739,0,7789,0,0,0,2017-04-17,32418972,7807,4,0,0,0,0,0,0,0,0,7809,6,0,0,0,0,0,0,0,0
38,2017-04-17,09:00:19,427,pp1709,XDCE,7805,7781,7828,8970,350039610,506492,510168,8193,7413,7803,7739,0,7789,0,0,0,2017-04-17,32419427,7805,15,0,0,0,0,0,0,0,0,7806,1,0,0,0,0,0,0,0,0
39,2017-04-17,09:00:19,955,pp1709,XDCE,7809,7781,7828,9028,352303420,506466,510168,8193,7413,7803,7739,0,7789,0,0,0,2017-04-17,32419955,7806,4,0,0,0,0,0,0,0,0,7809,2,0,0,0,0,0,0,0,0
40,2017-04-17,09:00:20,375,pp1709,XDCE,7807,7781,7828,9102,355192530,506414,510168,8193,7413,7803,7739,0,7789,0,0,0,2017-04-17,32420375,7806,10,0,0,0,0,0,0,0,0,7809,4,0,0,0,0,0,0,0,0
41,2017-04-17,09:00:20,913,pp1709,XDCE,7807,7781,7828,9116,355739010,506404,510168,8193,7413,7803,7739,0,7789,0,0,0,2017-04-17,32420913,7807,1,0,0,0,0,0,0,0,0,7809,2,0,0,0,0,0,0,0,0
42,2017-04-17,09:00:21,462,pp1709,XDCE,7809,7781,7828,9150,357066230,506374,510168,8193,7413,7803,7739,0,7789,0,0,0,2017-04-17,32421462,7806,3,0,0,0,0,0,0,0,0,7809,1,0,0,0,0,0,0,0,0
43,2017-04-17,09:00:21,963,pp1709,XDCE,7806,7781,7828,9226,360033220,506320,510168,8193,7413,7803,7739,0,7789,0,0,0,2017-04-17,32421963,7806,5,0,0,0,0,0,0,0,0,7809,2,0,0,0,0,0,0,0,0
44,2017-04-17,09:00:22,431,pp1709,XDCE,7807,7781,7828,9268,361672660,506312,510168,8193,7413,7803,7739,0,7789,0,0,0,2017-04-17,32422431,7807,12,0,0,0,0,0,0,0,0,7809,6,0,0,0,0,0,0,0,0
45,2017-04-17,09:00:22,952,pp1709,XDCE,7810,7781,7828,9324,363858810,506270,510168,8193,7413,7803,7739,0,7789,0,0,0,2017-04-17,32422952,7806,5,0,0,0,0,0,0,0,0,7808,3,0,0,0,0,0,0,0,0
46,2017-04-17,09:00:23,469,pp1709,XDCE,7806,7781,7828,9392,366512820,506232,510168,8193,7413,7803,7739,0,7789,0,0,0,2017-04-17,32423469,7802,3,0,0,0,0,0,0,0,0,7806,15,0,0,0,0,0,0,0,0
47,2017-04-17,09:00:23,942,pp1709,XDCE,7806,7781,7828,9410,367215360,506230,510168,8193,7413,7803,7739,0,7789,0,0,0,2017-04-17,32423942,7804,15,0,0,0,0,0,0,0,0,7805,19,0,0,0,0,0,0,0,0
48,2017-04-17,09:00:24,470,pp1709,XDCE,7805,7781,7828,9472,369634750,506202,510168,8193,7413,7803,7739,0,7789,0,0,0,2017-04-17,32424470,7804,1,0,0,0,0,0,0,0,0,7806,45,0,0,0,0,0,0,0,0
49,2017-04-17,09:00:24,969,pp1709,XDCE,7801,7781,7828,9668,377280160,506006,510168,8193,7413,7803,7739,0,7789,0,0,0,2017-04-17,32424969,7800,20,0,0,0,0,0,0,0,0,7804,5,0,0,0,0,0,0,0,0
50,2017-04-17,09:00:25,461,pp1709,XDCE,7804,7781,7828,9698,378450760,505980,510168,8193,7413,7803,7739,0,7789,0,0,0,2017-04-17,32425461,7801,4,0,0,0,0,0,0,0,0,7803,7,0,0,0,0,0,0,0,0
51,2017-04-17,09:00:25,968,pp1709,XDCE,7801,7781,7828,9770,381259590,505924,510168,8193,7413,7803,7739,0,7789,0,0,0,2017-04-17,32425968,7800,16,0,0,0,0,0,0,0,0,7801,2,0,0,0,0,0,0,0,0
52,2017-04-17,09:00:26,449,pp1709,XDCE,7801,7781,7828,9828,383521730,505900,510168,8193,7413,7803,7739,0,7789,0,0,0,2017-04-17,32426449,7801,10,0,0,0,0,0,0,0,0,7802,1,0,0,0,0,0,0,0,0
53,2017-04-17,09:00:26,964,pp1709,XDCE,7803,7781,7828,9874,385315990,505906,510168,8193,7413,7803,7739,0,7789,0,0,0,2017-04-17,32426964,7799,15,0,0,0,0,0,0,0,0,7801,5,0,0,0,0,0,0,0,0
54,2017-04-17,09:00:27,436,pp1709,XDCE,7800,7781,7828,9882,385628080,505900,510168,8193,7413,7803,7739,0,7789,0,0,0,2017-04-17,32427436,7799,15,0,0,0,0,0,0,0,0,7801,3,0,0,0,0,0,0,0,0
55,2017-04-17,09:00:27,885,pp1709,XDCE,7801,7781,7828,9926,387344000,505868,510168,8193,7413,7803,7739,0,7789,0,0,0,2017-04-17,32427885,7798,10,0,0,0,0,0,0,0,0,7799,1,0,0,0,0,0,0,0,0
56,2017-04-17,09:00:28,442,pp1709,XDCE,7798,7781,7828,9946,388123840,505868,510168,8193,7413,7803,7739,0,7789,0,0,0,2017-04-17,32428442,7798,3,0,0,0,0,0,0,0,0,7799,2,0,0,0,0,0,0,0,0
57,2017-04-17,09:00:28,914,pp1709,XDCE,7796,7781,7828,9970,389059560,505856,510168,8193,7413,7803,7739,0,7789,0,0,0,2017-04-17,32428914,7796,6,0,0,0,0,0,0,0,0,7797,1,0,0,0,0,0,0,0,0
58,2017-04-17,09:00:29,461,pp1709,XDCE,7796,7781,7828,10004,390384820,505844,510168,8193,7413,7803,7739,0,7789,0,0,0,2017-04-17,32429461,7792,1,0,0,0,0,0,0,0,0,7796,28,0,0,0,0,0,0,0,0
59,2017-04-17,09:00:29,965,pp1709,XDCE,7792,7781,7828,10008,390540700,505844,510168,8193,7413,7803,7739,0,7789,0,0,0,2017-04-17,32429965,7792,2,0,0,0,0,0,0,0,0,7794,2,0,0,0,0,0,0,0,0
60,2017-04-17,09:00:30,464,pp1709,XDCE,7794,7781,7828,10094,393891290,505764,510168,8193,7413,7803,7739,0,7789,0,0,0,2017-04-17,32430464,7794,47,0,0,0,0,0,0,0,0,7795,8,0,0,0,0,0,0,0,0
61,2017-04-17,09:00:30,965,pp1709,XDCE,7792,7781,7828,10202,398100030,505660,510168,8193,7413,7803,7739,0,7789,0,0,0,2017-04-17,32430965,7791,8,0,0,0,0,0,0,0,0,7794,24,0,0,0,0,0,0,0,0
62,2017-04-17,09:00:31,462,pp1709,XDCE,7798,7781,7828,10302,401997710,505580,510168,8193,7413,7803,7739,0,7789,0,0,0,2017-04-17,32431462,7791,10,0,0,0,0,0,0,0,0,7793,7,0,0,0,0,0,0,0,0
63,2017-04-17,09:00:31,917,pp1709,XDCE,7792,7781,7828,10354,404024200,505576,510168,8193,7413,7803,7739,0,7789,0,0,0,2017-04-17,32431917,7791,5,0,0,0,0,0,0,0,0,7794,3,0,0,0,0,0,0,0,0
64,2017-04-17,09:00:32,460,pp1709,XDCE,7792,7781,7828,10358,404180040,505574,510168,8193,7413,7803,7739,0,7789,0,0,0,2017-04-17,32432460,7792,10,0,0,0,0,0,0,0,0,7794,3,0,0,0,0,0,0,0,0
65,2017-04-17,09:00:32,914,pp1709,XDCE,7794,7781,7828,10428,406907920,505518,510168,8193,7413,7803,7739,0,7789,0,0,0,2017-04-17,32432914,7795,3,0,0,0,0,0,0,0,0,7796,8,0,0,0,0,0,0,0,0
66,2017-04-17,09:00:33,465,pp1709,XDCE,7794,7781,7828,10544,411429690,505434,510168,8193,7413,7803,7739,0,7789,0,0,0,2017-04-17,32433465,7794,12,0,0,0,0,0,0,0,0,7797,52,0,0,0,0,0,0,0,0
67,2017-04-17,09:00:33,914,pp1709,XDCE,7795,7781,7828,10648,415482580,505414,510168,8193,7413,7803,7739,0,7789,0,0,0,2017-04-17,32433914,7791,2,0,0,0,0,0,0,0,0,7794,1,0,0,0,0,0,0,0,0
68,2017-04-17,09:00:34,454,pp1709,XDCE,7794,7781,7828,10654,415716380,505414,510168,8193,7413,7803,7739,0,7789,0,0,0,2017-04-17,32434454,7794,1,0,0,0,0,0,0,0,0,7795,7,0,0,0,0,0,0,0,0
69,2017-04-17,09:00:34,941,pp1709,XDCE,7792,7781,7828,10664,416106000,505408,510168,8193,7413,7803,7739,0,7789,0,0,0,2017-04-17,32434941,7792,18,0,0,0,0,0,0,0,0,7794,1,0,0,0,0,0,0,0,0
70,2017-04-17,09:00:35,434,pp1709,XDCE,7790,7781,7828,10710,417898220,505412,510168,8193,7413,7803,7739,0,7789,0,0,0,2017-04-17,32435434,7790,9,0,0,0,0,0,0,0,0,7793,29,0,0,0,0,0,0,0,0
71,2017-04-17,09:00:35,966,pp1709,XDCE,7793,7781,7828,10784,420781480,505422,510168,8193,7413,7803,7739,0,7789,0,0,0,2017-04-17,32435966,7790,4,0,0,0,0,0,0,0,0,7794,1,0,0,0,0,0,0,0,0
72,2017-04-17,09:00:36,471,pp1709,XDCE,7789,7781,7828,10886,424754580,505380,510168,8193,7413,7803,7739,0,7789,0,0,0,2017-04-17,32436471,7789,2,0,0,0,0,0,0,0,0,7791,12,0,0,0,0,0,0,0,0
73,2017-04-17,09:00:36,956,pp1709,XDCE,7790,7781,7828,10952,427325860,505350,510168,8193,7413,7803,7739,0,7789,0,0,0,2017-04-17,32436956,7791,2,0,0,0,0,0,0,0,0,7792,1,0,0,0,0,0,0,0,0
74,2017-04-17,09:00:37,394,pp1709,XDCE,7791,7781,7828,11002,429273780,505306,510168,8193,7413,7803,7739,0,7789,0,0,0,2017-04-17,32437394,7791,55,0,0,0,0,0,0,0,0,7792,2,0,0,0,0,0,0,0,0
75,2017-04-17,09:00:37,959,pp1709,XDCE,7790,7781,7828,11130,434261530,505204,510168,8193,7413,7803,7739,0,7789,0,0,0,2017-04-17,32437959,7790,11,0,0,0,0,0,0,0,0,7797,8,0,0,0,0,0,0,0,0
76,2017-04-17,09:00:38,463,pp1709,XDCE,7792,7781,7828,11148,434962910,505204,510168,8193,7413,7803,7739,0,7789,0,0,0,2017-04-17,32438463,7792,59,0,0,0,0,0,0,0,0,7796,6,0,0,0,0,0,0,0,0
77,2017-04-17,09:00:38,957,pp1709,XDCE,7790,7781,7828,11360,443221580,505220,510168,8193,7413,7803,7739,0,7789,0,0,0,2017-04-17,32438957,7790,29,0,0,0,0,0,0,0,0,7791,16,0,0,0,0,0,0,0,0
78,2017-04-17,09:00:39,465,pp1709,XDCE,7790,7781,7828,11568,451323240,505208,510168,8193,7413,7803,7739,0,7789,0,0,0,2017-04-17,32439465,7788,21,0,0,0,0,0,0,0,0,7790,28,0,0,0,0,0,0,0,0
79,2017-04-17,09:00:39,970,pp1709,XDCE,7789,7781,7828,11642,454205480,505200,510168,8193,7413,7803,7739,0,7789,0,0,0,2017-04-17,32439970,7789,11,0,0,0,0,0,0,0,0,7790,15,0,0,0,0,0,0,0,0
80,2017-04-17,09:00:40,464,pp1709,XDCE,7790,7781,7828,11666,455140280,505222,510168,8193,7413,7803,7739,0,7789,0,0,0,2017-04-17,32440464,7789,11,0,0,0,0,0,0,0,0,7790,3,0,0,0,0,0,0,0,0
81,2017-04-17,09:00:40,960,pp1709,XDCE,7789,7781,7828,11808,460670310,505242,510168,8193,7413,7803,7739,0,7789,0,0,0,2017-04-17,32440960,7786,14,0,0,0,0,0,0,0,0,7789,78,0,0,0,0,0,0,0,0
82,2017-04-17,09:00:41,454,pp1709,XDCE,7789,7781,7828,11814,460903980,505240,510168,8193,7413,7803,7739,0,7789,0,0,0,2017-04-17,32441454,7786,14,0,0,0,0,0,0,0,0,7788,1,0,0,0,0,0,0,0,0
83,2017-04-17,09:00:41,971,pp1709,XDCE,7791,7781,7828,11998,468069930,505366,510168,8193,7413,7803,7739,0,7789,0,0,0,2017-04-17,32441971,7790,16,0,0,0,0,0,0,0,0,7791,4,0,0,0,0,0,0,0,0
84,2017-04-17,09:00:42,435,pp1709,XDCE,7789,7781,7828,12064,470640420,505332,510168,8193,7413,7803,7739,0,7789,0,0,0,2017-04-17,32442435,7788,6,0,0,0,0,0,0,0,0,7789,10,0,0,0,0,0,0,0,0
85,2017-04-17,09:00:42,934,pp1709,XDCE,7788,7781,7828,12070,470874080,505330,510168,8193,7413,7803,7739,0,7789,0,0,0,2017-04-17,32442934,7788,1,0,0,0,0,0,0,0,0,7789,10,0,0,0,0,0,0,0,0
86,2017-04-17,09:00:43,382,pp1709,XDCE,7788,7781,7828,12076,471107740,505326,510168,8193,7413,7803,7739,0,7789,0,0,0,2017-04-17,32443382,7786,14,0,0,0,0,0,0,0,0,7788,3,0,0,0,0,0,0,0,0
87,2017-04-17,09:00:43,936,pp1709,XDCE,7788,7781,7828,12098,471964240,505312,510168,8193,7413,7803,7739,0,7789,0,0,0,2017-04-17,32443936,7786,9,0,0,0,0,0,0,0,0,7788,6,0,0,0,0,0,0,0,0
88,2017-04-17,09:00:44,396,pp1709,XDCE,7788,7781,7828,12110,472431500,505318,510168,8193,7413,7803,7739,0,7789,0,0,0,2017-04-17,32444396,7786,8,0,0,0,0,0,0,0,0,7788,11,0,0,0,0,0,0,0,0
89,2017-04-17,09:00:44,955,pp1709,XDCE,7788,7781,7828,12220,476713880,505292,510168,8193,7413,7803,7739,0,7789,0,0,0,2017-04-17,32444955,7784,86,0,0,0,0,0,0,0,0,7786,2,0,0,0,0,0,0,0,0
90,2017-04-17,09:00:45,447,pp1709,XDCE,7787,7781,7828,12232,477181140,505288,510168,8193,7413,7803,7739,0,7789,0,0,0,2017-04-17,32445447,7786,15,0,0,0,0,0,0,0,0,7787,2,0,0,0,0,0,0,0,0
91,2017-04-17,09:00:45,930,pp1709,XDCE,7786,7781,7828,12272,478738440,505280,510168,8193,7413,7803,7739,0,7789,0,0,0,2017-04-17,32445930,7786,12,0,0,0,0,0,0,0,0,7788,7,0,0,0,0,0,0,0,0
92,2017-04-17,09:00:46,471,pp1709,XDCE,7786,7781,7828,12294,479594980,505274,510168,8193,7413,7803,7739,0,7789,0,0,0,2017-04-17,32446471,7786,7,0,0,0,0,0,0,0,0,7788,8,0,0,0,0,0,0,0,0
93,2017-04-17,09:00:46,940,pp1709,XDCE,7785,7781,7828,12334,481152330,505262,510168,8193,7413,7803,7739,0,7789,0,0,0,2017-04-17,32446940,7785,14,0,0,0,0,0,0,0,0,7789,8,0,0,0,0,0,0,0,0
94,2017-04-17,09:00:47,394,pp1709,XDCE,7786,7781,7828,12348,481697290,505250,510168,8193,7413,7803,7739,0,7789,0,0,0,2017-04-17,32447394,7786,42,0,0,0,0,0,0,0,0,7789,8,0,0,0,0,0,0,0,0
95,2017-04-17,09:00:47,838,pp1709,XDCE,7786,7781,7828,12376,482787450,505240,510168,8193,7413,7803,7739,0,7789,0,0,0,2017-04-17,32447838,7786,15,0,0,0,0,0,0,0,0,7789,4,0,0,0,0,0,0,0,0
96,2017-04-17,09:00:48,470,pp1709,XDCE,7786,7781,7828,12388,483254610,505230,510168,8193,7413,7803,7739,0,7789,0,0,0,2017-04-17,32448470,7786,10,0,0,0,0,0,0,0,0,7788,8,0,0,0,0,0,0,0,0
97,2017-04-17,09:00:48,951,pp1709,XDCE,7786,7781,7828,12450,485669170,505196,510168,8193,7413,7803,7739,0,7789,0,0,0,2017-04-17,32448951,7786,16,0,0,0,0,0,0,0,0,7790,12,0,0,0,0,0,0,0,0
98,2017-04-17,09:00:49,451,pp1709,XDCE,7790,7781,7828,12488,487148990,505196,510168,8193,7413,7803,7739,0,7789,0,0,0,2017-04-17,32449451,7788,83,0,0,0,0,0,0,0,0,7790,11,0,0,0,0,0,0,0,0
99,2017-04-17,09:00:49,934,pp1709,XDCE,7790,7781,7828,12512,488083790,505196,510168,8193,7413,7803,7739,0,7789,0,0,0,2017-04-17,32449934,7789,1,0,0,0,0,0,0,0,0,7791,1,0,0,0,0,0,0,0,0
100,2017-04-17,09:00:50,434,pp1709,XDCE,7791,7781,7828,12546,489407780,505170,510168,8193,7413,7803,7739,0,7789,0,0,0,2017-04-17,32450434,7791,28,0,0,0,0,0,0,0,0,7792,27,0,0,0,0,0,0,0,0
101,2017-04-17,09:00:50,934,pp1709,XDCE,7792,7781,7828,12624,492446550,505096,510168,8193,7413,7803,7739,0,7789,0,0,0,2017-04-17,32450934,7791,17,0,0,0,0,0,0,0,0,7793,1,0,0,0,0,0,0,0,0
102,2017-04-17,09:00:51,415,pp1709,XDCE,7792,7781,7828,12642,493147830,505088,510168,8193,7413,7803,7739,0,7789,0,0,0,2017-04-17,32451415,7792,3,0,0,0,0,0,0,0,0,7795,7,0,0,0,0,0,0,0,0
103,2017-04-17,09:00:51,899,pp1709,XDCE,7795,7781,7828,12664,494005260,505084,510168,8193,7413,7803,7739,0,7789,0,0,0,2017-04-17,32451899,7795,41,0,0,0,0,0,0,0,0,7796,1,0,0,0,0,0,0,0,0
104,2017-04-17,09:00:52,424,pp1709,XDCE,7791,7781,7828,12854,501408390,504974,510168,8193,7413,7803,7739,0,7789,0,0,0,2017-04-17,32452424,7790,19,0,0,0,0,0,0,0,0,7791,29,0,0,0,0,0,0,0,0
105,2017-04-17,09:00:52,957,pp1709,XDCE,7790,7781,7828,12880,502421140,504966,510168,8193,7413,7803,7739,0,7789,0,0,0,2017-04-17,32452957,7790,11,0,0,0,0,0,0,0,0,7791,24,0,0,0,0,0,0,0,0
106,2017-04-17,09:00:53,416,pp1709,XDCE,7792,7781,7828,12966,505771020,504942,510168,8193,7413,7803,7739,0,7789,0,0,0,2017-04-17,32453416,7789,11,0,0,0,0,0,0,0,0,7792,224,0,0,0,0,0,0,0,0
107,2017-04-17,09:00:53,934,pp1709,XDCE,7789,7781,7828,13096,510835490,504844,510168,8193,7413,7803,7739,0,7789,0,0,0,2017-04-17,32453934,7789,5,0,0,0,0,0,0,0,0,7791,7,0,0,0,0,0,0,0,0
108,2017-04-17,09:00:54,456,pp1709,XDCE,7791,7781,7828,13110,511380800,504838,510168,8193,7413,7803,7739,0,7789,0,0,0,2017-04-17,32454456,7789,4,0,0,0,0,0,0,0,0,7790,12,0,0,0,0,0,0,0,0
109,2017-04-17,09:00:54,946,pp1709,XDCE,7789,7781,7828,13120,511770280,504832,510168,8193,7413,7803,7739,0,7789,0,0,0,2017-04-17,32454946,7789,2,0,0,0,0,0,0,0,0,7790,25,0,0,0,0,0,0,0,0
110,2017-04-17,09:00:55,394,pp1709,XDCE,7789,7781,7828,13128,512081850,504836,510168,8193,7413,7803,7739,0,7789,0,0,0,2017-04-17,32455394,7788,2,0,0,0,0,0,0,0,0,7789,7,0,0,0,0,0,0,0,0
111,2017-04-17,09:00:55,940,pp1709,XDCE,7787,7781,7828,13142,512627040,504844,510168,8193,7413,7803,7739,0,7789,0,0,0,2017-04-17,32455940,7786,6,0,0,0,0,0,0,0,0,7788,5,0,0,0,0,0,0,0,0
112,2017-04-17,09:00:56,394,pp1709,XDCE,7785,7781,7828,13156,513172050,504844,510168,8193,7413,7803,7739,0,7789,0,0,0,2017-04-17,32456394,7785,7,0,0,0,0,0,0,0,0,7788,8,0,0,0,0,0,0,0,0
113,2017-04-17,09:00:56,934,pp1709,XDCE,7788,7781,7828,13162,513405690,504844,510168,8193,7413,7803,7739,0,7789,0,0,0,2017-04-17,32456934,7785,7,0,0,0,0,0,0,0,0,7788,5,0,0,0,0,0,0,0,0
114,2017-04-17,09:00:57,455,pp1709,XDCE,7785,7781,7828,13178,514028490,504836,510168,8193,7413,7803,7739,0,7789,0,0,0,2017-04-17,32457455,7784,14,0,0,0,0,0,0,0,0,7787,16,0,0,0,0,0,0,0,0
115,2017-04-17,09:00:57,950,pp1709,XDCE,7784,7781,7828,13208,515196100,504818,510168,8193,7413,7803,7739,0,7789,0,0,0,2017-04-17,32457950,7783,12,0,0,0,0,0,0,0,0,7784,168,0,0,0,0,0,0,0,0
116,2017-04-17,09:00:58,394,pp1709,XDCE,7781,7781,7828,13324,519710270,504804,510168,8193,7413,7803,7739,0,7789,0,0,0,2017-04-17,32458394,7780,56,0,0,0,0,0,0,0,0,7781,6,0,0,0,0,0,0,0,0
117,2017-04-17,09:00:58,953,pp1709,XDCE,7781,7781,7828,13338,520254940,504802,510168,8193,7413,7803,7739,0,7789,0,0,0,2017-04-17,32458953,7781,1,0,0,0,0,0,0,0,0,7783,7,0,0,0,0,0,0,0,0
118,2017-04-17,09:00:59,411,pp1709,XDCE,7784,7780,7828,13390,522278350,504800,510168,8193,7413,7803,7739,0,7789,0,0,0,2017-04-17,32459411,7780,49,0,0,0,0,0,0,0,0,7784,138,0,0,0,0,0,0,0,0
119,2017-04-17,09:00:59,968,pp1709,XDCE,7784,7780,7828,13470,525390720,504808,510168,8193,7413,7803,7739,0,7789,0,0,0,2017-04-17,32459968,7780,39,0,0,0,0,0,0,0,0,7784,137,0,0,0,0,0,0,0,0
120,2017-04-17,09:01:00,420,pp1709,XDCE,7783,7780,7828,13496,526402620,504788,510168,8193,7413,7803,7739,0,7789,0,0,0,2017-04-17,32460420,7781,2,0,0,0,0,0,0,0,0,7783,39,0,0,0,0,0,0,0,0
121,2017-04-17,09:01:00,965,pp1709,XDCE,7784,7780,7828,13796,538075690,504862,510168,8193,7413,7803,7739,0,7789,0,0,0,2017-04-17,32460965,7780,32,0,0,0,0,0,0,0,0,7784,164,0,0,0,0,0,0,0,0
122,2017-04-17,09:01:01,395,pp1709,XDCE,7780,7780,7828,13848,540098760,504860,510168,8193,7413,7803,7739,0,7789,0,0,0,2017-04-17,32461395,7779,5,0,0,0,0,0,0,0,0,7783,13,0,0,0,0,0,0,0,0
123,2017-04-17,09:01:01,950,pp1709,XDCE,7780,7780,7828,13876,541188110,504864,510168,8193,7413,7803,7739,0,7789,0,0,0,2017-04-17,32461950,7781,141,0,0,0,0,0,0,0,0,7782,6,0,0,0,0,0,0,0,0
124,2017-04-17,09:01:02,440,pp1709,XDCE,7783,7780,7828,14080,549125100,504854,510168,8193,7413,7803,7739,0,7789,0,0,0,2017-04-17,32462440,7781,63,0,0,0,0,0,0,0,0,7783,12,0,0,0,0,0,0,0,0
125,2017-04-17,09:01:02,915,pp1709,XDCE,7781,7780,7828,14134,551226130,504864,510168,8193,7413,7803,7739,0,7789,0,0,0,2017-04-17,32462915,7781,48,0,0,0,0,0,0,0,0,7782,3,0,0,0,0,0,0,0,0
126,2017-04-17,09:01:03,398,pp1709,XDCE,7781,7780,7828,14266,556361470,504836,510168,8193,7413,7803,7739,0,7789,0,0,0,2017-04-17,32463398,7780,33,0,0,0,0,0,0,0,0,7781,12,0,0,0,0,0,0,0,0
127,2017-04-17,09:01:03,921,pp1709,XDCE,7780,7780,7828,14334,559006670,504836,510168,8193,7413,7803,7739,0,7789,0,0,0,2017-04-17,32463921,7779,3,0,0,0,0,0,0,0,0,7780,75,0,0,0,0,0,0,0,0
128,2017-04-17,09:01:04,420,pp1709,XDCE,7780,7778,7828,14378,560718150,504836,510168,8193,7413,7803,7739,0,7789,0,0,0,2017-04-17,32464420,7778,28,0,0,0,0,0,0,0,0,7779,12,0,0,0,0,0,0,0,0
129,2017-04-17,09:01:04,960,pp1709,XDCE,7779,7778,7828,14428,562662790,504810,510168,8193,7413,7803,7739,0,7789,0,0,0,2017-04-17,32464960,7778,17,0,0,0,0,0,0,0,0,7780,63,0,0,0,0,0,0,0,0
130,2017-04-17,09:01:05,450,pp1709,XDCE,7777,7777,7828,14482,564762750,504762,510168,8193,7413,7803,7739,0,7789,0,0,0,2017-04-17,32465450,7775,11,0,0,0,0,0,0,0,0,7777,1,0,0,0,0,0,0,0,0
131,2017-04-17,09:01:05,941,pp1709,XDCE,7777,7771,7828,14538,566939880,504730,510168,8193,7413,7803,7739,0,7789,0,0,0,2017-04-17,32465941,7771,4,0,0,0,0,0,0,0,0,7777,2,0,0,0,0,0,0,0,0
132,2017-04-17,09:01:06,466,pp1709,XDCE,7777,7771,7828,14540,567017650,504730,510168,8193,7413,7803,7739,0,7789,0,0,0,2017-04-17,32466466,7773,17,0,0,0,0,0,0,0,0,7776,9,0,0,0,0,0,0,0,0
133,2017-04-17,09:01:06,943,pp1709,XDCE,7777,7771,7828,14588,568883470,504690,510168,8193,7413,7803,7739,0,7789,0,0,0,2017-04-17,32466943,7776,10,0,0,0,0,0,0,0,0,7777,8,0,0,0,0,0,0,0,0
134,2017-04-17,09:01:07,431,pp1709,XDCE,7776,7771,7828,14598,569272300,504690,510168,8193,7413,7803,7739,0,7789,0,0,0,2017-04-17,32467431,7776,8,0,0,0,0,0,0,0,0,7777,5,0,0,0,0,0,0,0,0
135,2017-04-17,09:01:07,903,pp1709,XDCE,7776,7771,7828,14616,569972140,504680,510168,8193,7413,7803,7739,0,7789,0,0,0,2017-04-17,32467903,7774,1,0,0,0,0,0,0,0,0,7777,5,0,0,0,0,0,0,0,0
136,2017-04-17,09:01:08,457,pp1709,XDCE,7776,7771,7828,14616,569972140,504680,510168,8193,7413,7803,7739,0,7789,0,0,0,2017-04-17,32468457,7774,1,0,0,0,0,0,0,0,0,7776,32,0,0,0,0,0,0,0,0
137,2017-04-17,09:01:08,915,pp1709,XDCE,7775,7771,7828,14634,570671790,504664,510168,8193,7413,7803,7739,0,7789,0,0,0,2017-04-17,32468915,7771,4,0,0,0,0,0,0,0,0,7774,1,0,0,0,0,0,0,0,0
138,2017-04-17,09:01:09,395,pp1709,XDCE,7771,7771,7828,14666,571915210,504656,510168,8193,7413,7803,7739,0,7789,0,0,0,2017-04-17,32469395,7770,18,0,0,0,0,0,0,0,0,7773,16,0,0,0,0,0,0,0,0
139,2017-04-17,09:01:09,971,pp1709,XDCE,7770,7770,7828,14792,576810890,504584,510168,8193,7413,7803,7739,0,7789,0,0,0,2017-04-17,32469971,7769,4,0,0,0,0,0,0,0,0,7770,2,0,0,0,0,0,0,0,0
140,2017-04-17,09:01:10,443,pp1709,XDCE,7772,7767,7828,14840,578675680,504586,510168,8193,7413,7803,7739,0,7789,0,0,0,2017-04-17,32470443,7767,14,0,0,0,0,0,0,0,0,7772,2,0,0,0,0,0,0,0,0
141,2017-04-17,09:01:10,947,pp1709,XDCE,7769,7767,7828,14842,578753370,504586,510168,8193,7413,7803,7739,0,7789,0,0,0,2017-04-17,32470947,7770,6,0,0,0,0,0,0,0,0,7771,8,0,0,0,0,0,0,0,0
142,2017-04-17,09:01:11,468,pp1709,XDCE,7770,7767,7828,14874,579996540,504560,510168,8193,7413,7803,7739,0,7789,0,0,0,2017-04-17,32471468,7766,17,0,0,0,0,0,0,0,0,7769,3,0,0,0,0,0,0,0,0
143,2017-04-17,09:01:11,905,pp1709,XDCE,7767,7766,7828,14886,580462630,504550,510168,8193,7413,7803,7739,0,7789,0,0,0,2017-04-17,32471905,7766,18,0,0,0,0,0,0,0,0,7767,1,0,0,0,0,0,0,0,0
144,2017-04-17,09:01:12,472,pp1709,XDCE,7767,7766,7828,14910,581394920,504538,510168,8193,7413,7803,7739,0,7789,0,0,0,2017-04-17,32472472,7767,19,0,0,0,0,0,0,0,0,7770,4,0,0,0,0,0,0,0,0
145,2017-04-17,09:01:12,945,pp1709,XDCE,7767,7766,7828,14942,582637760,504542,510168,8193,7413,7803,7739,0,7789,0,0,0,2017-04-17,32472945,7767,8,0,0,0,0,0,0,0,0,7770,2,0,0,0,0,0,0,0,0
146,2017-04-17,09:01:13,462,pp1709,XDCE,7767,7766,7828,14954,583103780,504540,510168,8193,7413,7803,7739,0,7789,0,0,0,2017-04-17,32473462,7766,19,0,0,0,0,0,0,0,0,7769,6,0,0,0,0,0,0,0,0
147,2017-04-17,09:01:13,966,pp1709,XDCE,7766,7766,7828,14966,583569780,504542,510168,8193,7413,7803,7739,0,7789,0,0,0,2017-04-17,32473966,7766,18,0,0,0,0,0,0,0,0,7767,2,0,0,0,0,0,0,0,0
148,2017-04-17,09:01:14,450,pp1709,XDCE,7765,7765,7828,15018,585589000,504532,510168,8193,7413,7803,7739,0,7789,0,0,0,2017-04-17,32474450,7765,2,0,0,0,0,0,0,0,0,7767,6,0,0,0,0,0,0,0,0
149,2017-04-17,09:01:14,913,pp1709,XDCE,7766,7763,7828,15056,587064270,504506,510168,8193,7413,7803,7739,0,7789,0,0,0,2017-04-17,32474913,7765,2,0,0,0,0,0,0,0,0,7766,44,0,0,0,0,0,0,0,0
150,2017-04-17,09:01:15,472,pp1709,XDCE,7766,7763,7828,15122,589627010,504466,510168,8193,7413,7803,7739,0,7789,0,0,0,2017-04-17,32475472,7763,10,0,0,0,0,0,0,0,0,7765,15,0,0,0,0,0,0,0,0
151,2017-04-17,09:01:15,925,pp1709,XDCE,7768,7763,7828,15250,594596910,504446,510168,8193,7413,7803,7739,0,7789,0,0,0,2017-04-17,32475925,7765,1,0,0,0,0,0,0,0,0,7768,3,0,0,0,0,0,0,0,0
152,2017-04-17,09:01:16,417,pp1709,XDCE,7762,7762,7828,15280,595761400,504462,510168,8193,7413,7803,7739,0,7789,0,0,0,2017-04-17,32476417,7763,1,0,0,0,0,0,0,0,0,7766,14,0,0,0,0,0,0,0,0
153,2017-04-17,09:01:16,945,pp1709,XDCE,7764,7762,7828,15282,595839040,504464,510168,8193,7413,7803,7739,0,7789,0,0,0,2017-04-17,32476945,7763,1,0,0,0,0,0,0,0,0,7765,21,0,0,0,0,0,0,0,0
154,2017-04-17,09:01:17,459,pp1709,XDCE,7765,7762,7828,15300,596537870,504460,510168,8193,7413,7803,7739,0,7789,0,0,0,2017-04-17,32477459,7762,14,0,0,0,0,0,0,0,0,7765,14,0,0,0,0,0,0,0,0
155,2017-04-17,09:01:17,965,pp1709,XDCE,7774,7762,7828,15658,610443810,504438,510168,8193,7413,7803,7739,0,7789,0,0,0,2017-04-17,32477965,7764,5,0,0,0,0,0,0,0,0,7765,3,0,0,0,0,0,0,0,0
156,2017-04-17,09:01:18,452,pp1709,XDCE,7767,7762,7828,15680,611298000,504434,510168,8193,7413,7803,7739,0,7789,0,0,0,2017-04-17,32478452,7766,3,0,0,0,0,0,0,0,0,7774,5,0,0,0,0,0,0,0,0
157,2017-04-17,09:01:18,967,pp1709,XDCE,7768,7762,7828,15686,611531080,504430,510168,8193,7413,7803,7739,0,7789,0,0,0,2017-04-17,32478967,7768,22,0,0,0,0,0,0,0,0,7771,6,0,0,0,0,0,0,0,0
158,2017-04-17,09:01:19,419,pp1709,XDCE,7768,7762,7828,15766,614639100,504384,510168,8193,7413,7803,7739,0,7789,0,0,0,2017-04-17,32479419,7768,11,0,0,0,0,0,0,0,0,7772,1,0,0,0,0,0,0,0,0
159,2017-04-17,09:01:19,949,pp1709,XDCE,7771,7762,7828,15792,615648970,504404,510168,8193,7413,7803,7739,0,7789,0,0,0,2017-04-17,32479949,7769,12,0,0,0,0,0,0,0,0,7771,8,0,0,0,0,0,0,0,0
160,2017-04-17,09:01:20,395,pp1709,XDCE,7769,7762,7828,15822,616814590,504384,510168,8193,7413,7803,7739,0,7789,0,0,0,2017-04-17,32480395,7770,1,0,0,0,0,0,0,0,0,7771,2,0,0,0,0,0,0,0,0
161,2017-04-17,09:01:20,945,pp1709,XDCE,7769,7762,7828,15842,617591540,504386,510168,8193,7413,7803,7739,0,7789,0,0,0,2017-04-17,32480945,7771,1,0,0,0,0,0,0,0,0,7772,1,0,0,0,0,0,0,0,0
162,2017-04-17,09:01:21,470,pp1709,XDCE,7772,7762,7828,15866,618524170,504362,510168,8193,7413,7803,7739,0,7789,0,0,0,2017-04-17,32481470,7772,11,0,0,0,0,0,0,0,0,7773,6,0,0,0,0,0,0,0,0
163,2017-04-17,09:01:21,912,pp1709,XDCE,7767,7762,7828,15918,620544540,504402,510168,8193,7413,7803,7739,0,7789,0,0,0,2017-04-17,32481912,7768,10,0,0,0,0,0,0,0,0,7772,14,0,0,0,0,0,0,0,0
164,2017-04-17,09:01:22,398,pp1709,XDCE,7767,7762,7828,15918,620544540,504402,510168,8193,7413,7803,7739,0,7789,0,0,0,2017-04-17,32482398,7771,29,0,0,0,0,0,0,0,0,7772,5,0,0,0,0,0,0,0,0
165,2017-04-17,09:01:22,933,pp1709,XDCE,7771,7762,7828,15960,622176520,504396,510168,8193,7413,7803,7739,0,7789,0,0,0,2017-04-17,32482933,7771,15,0,0,0,0,0,0,0,0,7773,5,0,0,0,0,0,0,0,0
166,2017-04-17,09:01:23,466,pp1709,XDCE,7772,7762,7828,16028,624819640,504386,510168,8193,7413,7803,7739,0,7789,0,0,0,2017-04-17,32483466,7772,6,0,0,0,0,0,0,0,0,7775,10,0,0,0,0,0,0,0,0
167,2017-04-17,09:01:23,967,pp1709,XDCE,7771,7762,7828,16064,626218570,504404,510168,8193,7413,7803,7739,0,7789,0,0,0,2017-04-17,32483967,7771,13,0,0,0,0,0,0,0,0,7774,8,0,0,0,0,0,0,0,0
168,2017-04-17,09:01:24,408,pp1709,XDCE,7774,7762,7828,16092,627306620,504376,510168,8193,7413,7803,7739,0,7789,0,0,0,2017-04-17,32484408,7772,22,0,0,0,0,0,0,0,0,7774,5,0,0,0,0,0,0,0,0
169,2017-04-17,09:01:24,901,pp1709,XDCE,7774,7762,7828,16098,627539840,504370,510168,8193,7413,7803,7739,0,7789,0,0,0,2017-04-17,32484901,7772,24,0,0,0,0,0,0,0,0,7774,6,0,0,0,0,0,0,0,0
170,2017-04-17,09:01:25,380,pp1709,XDCE,7772,7762,7828,16176,630571870,504386,510168,8193,7413,7803,7739,0,7789,0,0,0,2017-04-17,32485380,7772,14,0,0,0,0,0,0,0,0,7776,35,0,0,0,0,0,0,0,0
171,2017-04-17,09:01:25,948,pp1709,XDCE,7771,7762,7828,16208,631815450,504396,510168,8193,7413,7803,7739,0,7789,0,0,0,2017-04-17,32485948,7773,2,0,0,0,0,0,0,0,0,7775,26,0,0,0,0,0,0,0,0
172,2017-04-17,09:01:26,399,pp1709,XDCE,7774,7762,7828,16220,632281850,504392,510168,8193,7413,7803,7739,0,7789,0,0,0,2017-04-17,32486399,7772,7,0,0,0,0,0,0,0,0,7775,26,0,0,0,0,0,0,0,0
173,2017-04-17,09:01:26,959,pp1709,XDCE,7771,7762,7828,16238,632981350,504392,510168,8193,7413,7803,7739,0,7789,0,0,0,2017-04-17,32486959,7771,6,0,0,0,0,0,0,0,0,7775,30,0,0,0,0,0,0,0,0
174,2017-04-17,09:01:27,441,pp1709,XDCE,7775,7762,7828,16282,634691850,504388,510168,8193,7413,7803,7739,0,7789,0,0,0,2017-04-17,32487441,7772,3,0,0,0,0,0,0,0,0,7774,2,0,0,0,0,0,0,0,0
175,2017-04-17,09:01:27,938,pp1709,XDCE,7773,7762,7828,16306,635624620,504390,510168,8193,7413,7803,7739,0,7789,0,0,0,2017-04-17,32487938,7771,7,0,0,0,0,0,0,0,0,7773,8,0,0,0,0,0,0,0,0
176,2017-04-17,09:01:28,427,pp1709,XDCE,7775,7762,7828,16328,636479650,504406,510168,8193,7413,7803,7739,0,7789,0,0,0,2017-04-17,32488427,7773,42,0,0,0,0,0,0,0,0,7775,4,0,0,0,0,0,0,0,0
177,2017-04-17,09:01:28,972,pp1709,XDCE,7773,7762,7828,16342,637023760,504418,510168,8193,7413,7803,7739,0,7789,0,0,0,2017-04-17,32488972,7773,38,0,0,0,0,0,0,0,0,7775,4,0,0,0,0,0,0,0,0
178,2017-04-17,09:01:29,412,pp1709,XDCE,7774,7762,7828,16344,637101500,504420,510168,8193,7413,7803,7739,0,7789,0,0,0,2017-04-17,32489412,7774,1,0,0,0,0,0,0,0,0,7775,4,0,0,0,0,0,0,0,0
179,2017-04-17,09:01:29,836,pp1709,XDCE,7774,7762,7828,16346,637179240,504420,510168,8193,7413,7803,7739,0,7789,0,0,0,2017-04-17,32489836,7773,49,0,0,0,0,0,0,0,0,7774,1,0,0,0,0,0,0,0,0
180,2017-04-17,09:01:30,373,pp1709,XDCE,7774,7762,7828,16350,637334720,504418,510168,8193,7413,7803,7739,0,7789,0,0,0,2017-04-17,32490373,7774,1,0,0,0,0,0,0,0,0,7775,4,0,0,0,0,0,0,0,0
181,2017-04-17,09:01:30,970,pp1709,XDCE,7773,7762,7828,16470,641998520,504406,510168,8193,7413,7803,7739,0,7789,0,0,0,2017-04-17,32490970,7771,5,0,0,0,0,0,0,0,0,7772,10,0,0,0,0,0,0,0,0
182,2017-04-17,09:01:31,458,pp1709,XDCE,7773,7762,7828,16508,643475210,504374,510168,8193,7413,7803,7739,0,7789,0,0,0,2017-04-17,32491458,7773,21,0,0,0,0,0,0,0,0,7774,9,0,0,0,0,0,0,0,0
183,2017-04-17,09:01:31,915,pp1709,XDCE,7774,7762,7828,16578,646195970,504396,510168,8193,7413,7803,7739,0,7789,0,0,0,2017-04-17,32491915,7774,8,0,0,0,0,0,0,0,0,7775,9,0,0,0,0,0,0,0,0
184,2017-04-17,09:01:32,463,pp1709,XDCE,7775,7762,7828,16582,646351470,504394,510168,8193,7413,7803,7739,0,7789,0,0,0,2017-04-17,32492463,7774,8,0,0,0,0,0,0,0,0,7775,5,0,0,0,0,0,0,0,0
185,2017-04-17,09:01:32,915,pp1709,XDCE,7772,7762,7828,16610,647439740,504394,510168,8193,7413,7803,7739,0,7789,0,0,0,2017-04-17,32492915,7772,16,0,0,0,0,0,0,0,0,7773,21,0,0,0,0,0,0,0,0
186,2017-04-17,09:01:33,395,pp1709,XDCE,7771,7762,7828,16686,650393160,504374,510168,8193,7413,7803,7739,0,7789,0,0,0,2017-04-17,32493395,7770,12,0,0,0,0,0,0,0,0,7772,2,0,0,0,0,0,0,0,0
187,2017-04-17,09:01:33,970,pp1709,XDCE,7771,7762,7828,16708,651247990,504388,510168,8193,7413,7803,7739,0,7789,0,0,0,2017-04-17,32493970,7770,11,0,0,0,0,0,0,0,0,7771,9,0,0,0,0,0,0,0,0
188,2017-04-17,09:01:34,464,pp1709,XDCE,7772,7762,7828,16748,652802300,504404,510168,8193,7413,7803,7739,0,7789,0,0,0,2017-04-17,32494464,7770,11,0,0,0,0,0,0,0,0,7772,9,0,0,0,0,0,0,0,0
189,2017-04-17,09:01:34,914,pp1709,XDCE,7771,7762,7828,16776,653890160,504394,510168,8193,7413,7803,7739,0,7789,0,0,0,2017-04-17,32494914,7768,3,0,0,0,0,0,0,0,0,7772,9,0,0,0,0,0,0,0,0
190,2017-04-17,09:01:35,416,pp1709,XDCE,7770,7762,7828,16800,654822760,504394,510168,8193,7413,7803,7739,0,7789,0,0,0,2017-04-17,32495416,7769,3,0,0,0,0,0,0,0,0,7772,7,0,0,0,0,0,0,0,0
191,2017-04-17,09:01:35,955,pp1709,XDCE,7770,7762,7828,16800,654822760,504394,510168,8193,7413,7803,7739,0,7789,0,0,0,2017-04-17,32495955,7770,3,0,0,0,0,0,0,0,0,7771,6,0,0,0,0,0,0,0,0
192,2017-04-17,09:01:36,310,pp1709,XDCE,7770,7762,7828,16802,654900460,504394,510168,8193,7413,7803,7739,0,7789,0,0,0,2017-04-17,32496310,7770,4,0,0,0,0,0,0,0,0,7771,6,0,0,0,0,0,0,0,0
193,2017-04-17,09:01:36,895,pp1709,XDCE,7771,7762,7828,16814,655366720,504394,510168,8193,7413,7803,7739,0,7789,0,0,0,2017-04-17,32496895,7771,4,0,0,0,0,0,0,0,0,7772,22,0,0,0,0,0,0,0,0
194,2017-04-17,09:01:37,467,pp1709,XDCE,7771,7762,7828,16832,656066120,504394,510168,8193,7413,7803,7739,0,7789,0,0,0,2017-04-17,32497467,7770,2,0,0,0,0,0,0,0,0,7771,1,0,0,0,0,0,0,0,0
195,2017-04-17,09:01:37,928,pp1709,XDCE,7771,7762,7828,16858,657076410,504392,510168,8193,7413,7803,7739,0,7789,0,0,0,2017-04-17,32497928,7771,1,0,0,0,0,0,0,0,0,7772,13,0,0,0,0,0,0,0,0
196,2017-04-17,09:01:38,363,pp1709,XDCE,7771,7762,7828,16858,657076410,504392,510168,8193,7413,7803,7739,0,7789,0,0,0,2017-04-17,32498363,7771,2,0,0,0,0,0,0,0,0,7772,23,0,0,0,0,0,0,0,0
197,2017-04-17,09:01:38,951,pp1709,XDCE,7770,7762,7828,16868,657464970,504388,510168,8193,7413,7803,7739,0,7789,0,0,0,2017-04-17,32498951,7769,3,0,0,0,0,0,0,0,0,7772,22,0,0,0,0,0,0,0,0
198,2017-04-17,09:01:39,461,pp1709,XDCE,7770,7762,7828,16868,657464970,504388,510168,8193,7413,7803,7739,0,7789,0,0,0,2017-04-17,32499461,7769,3,0,0,0,0,0,0,0,0,7771,21,0,0,0,0,0,0,0,0
199,2017-04-17,09:01:39,921,pp1709,XDCE,7770,7762,7828,16878,657853440,504392,510168,8193,7413,7803,7739,0,7789,0,0,0,2017-04-17,32499921,7768,7,0,0,0,0,0,0,0,0,7770,13,0,0,0,0,0,0,0,0
200,2017-04-17,09:01:40,890,pp1709,XDCE,7770,7762,7828,16882,658008840,504396,510168,8193,7413,7803,7739,0,7789,0,0,0,2017-04-17,32500890,7768,12,0,0,0,0,0,0,0,0,7769,2,0,0,0,0,0,0,0,0
201,2017-04-17,09:01:41,435,pp1709,XDCE,7768,7762,7828,16886,658164200,504394,510168,8193,7413,7803,7739,0,7789,0,0,0,2017-04-17,32501435,7768,10,0,0,0,0,0,0,0,0,7769,4,0,0,0,0,0,0,0,0
202,2017-04-17,09:01:41,950,pp1709,XDCE,7771,7762,7828,16954,660806090,504402,510168,8193,7413,7803,7739,0,7789,0,0,0,2017-04-17,32501950,7771,14,0,0,0,0,0,0,0,0,7772,34,0,0,0,0,0,0,0,0
203,2017-04-17,09:01:42,376,pp1709,XDCE,7771,7762,7828,16992,662282580,504414,510168,8193,7413,7803,7739,0,7789,0,0,0,2017-04-17,32502376,7768,5,0,0,0,0,0,0,0,0,7771,15,0,0,0,0,0,0,0,0
204,2017-04-17,09:01:42,918,pp1709,XDCE,7770,7762,7828,16998,662515660,504412,510168,8193,7413,7803,7739,0,7789,0,0,0,2017-04-17,32502918,7768,4,0,0,0,0,0,0,0,0,7770,4,0,0,0,0,0,0,0,0
205,2017-04-17,09:01:43,440,pp1709,XDCE,7770,7762,7828,16998,662515660,504412,510168,8193,7413,7803,7739,0,7789,0,0,0,2017-04-17,32503440,7769,1,0,0,0,0,0,0,0,0,7770,4,0,0,0,0,0,0,0,0
206,2017-04-17,09:01:43,955,pp1709,XDCE,7768,7762,7828,17010,662981810,504402,510168,8193,7413,7803,7739,0,7789,0,0,0,2017-04-17,32503955,7768,7,0,0,0,0,0,0,0,0,7770,1,0,0,0,0,0,0,0,0
207,2017-04-17,09:01:44,912,pp1709,XDCE,7768,7762,7828,17080,665701070,504338,510168,8193,7413,7803,7739,0,7789,0,0,0,2017-04-17,32504912,7768,5,0,0,0,0,0,0,0,0,7770,8,0,0,0,0,0,0,0,0
208,2017-04-17,09:01:45,463,pp1709,XDCE,7770,7762,7828,17108,666788650,504326,510168,8193,7413,7803,7739,0,7789,0,0,0,2017-04-17,32505463,7767,3,0,0,0,0,0,0,0,0,7768,49,0,0,0,0,0,0,0,0
209,2017-04-17,09:01:45,963,pp1709,XDCE,7768,7762,7828,17208,670672660,504328,510168,8193,7413,7803,7739,0,7789,0,0,0,2017-04-17,32505963,7767,4,0,0,0,0,0,0,0,0,7770,6,0,0,0,0,0,0,0,0
210,2017-04-17,09:01:46,361,pp1709,XDCE,7769,7762,7828,17212,670828040,504326,510168,8193,7413,7803,7739,0,7789,0,0,0,2017-04-17,32506361,7768,1,0,0,0,0,0,0,0,0,7770,6,0,0,0,0,0,0,0,0
211,2017-04-17,09:01:46,870,pp1709,XDCE,7770,7762,7828,17218,671061140,504326,510168,8193,7413,7803,7739,0,7789,0,0,0,2017-04-17,32506870,7768,15,0,0,0,0,0,0,0,0,7770,3,0,0,0,0,0,0,0,0
212,2017-04-17,09:01:47,446,pp1709,XDCE,7768,7762,7828,17220,671138820,504328,510168,8193,7413,7803,7739,0,7789,0,0,0,2017-04-17,32507446,7768,14,0,0,0,0,0,0,0,0,7770,3,0,0,0,0,0,0,0,0
213,2017-04-17,09:01:47,898,pp1709,XDCE,7770,7762,7828,17258,672615240,504320,510168,8193,7413,7803,7739,0,7789,0,0,0,2017-04-17,32507898,7768,19,0,0,0,0,0,0,0,0,7769,5,0,0,0,0,0,0,0,0
214,2017-04-17,09:01:48,366,pp1709,XDCE,7768,7762,7828,17280,673469760,504324,510168,8193,7413,7803,7739,0,7789,0,0,0,2017-04-17,32508366,7768,12,0,0,0,0,0,0,0,0,7769,2,0,0,0,0,0,0,0,0
215,2017-04-17,09:01:48,860,pp1709,XDCE,7768,7762,7828,17308,674557280,504314,510168,8193,7413,7803,7739,0,7789,0,0,0,2017-04-17,32508860,7767,2,0,0,0,0,0,0,0,0,7768,1,0,0,0,0,0,0,0,0
216,2017-04-17,09:01:49,383,pp1709,XDCE,7768,7762,7828,17330,675411760,504334,510168,8193,7413,7803,7739,0,7789,0,0,0,2017-04-17,32509383,7768,1,0,0,0,0,0,0,0,0,7770,2,0,0,0,0,0,0,0,0
217,2017-04-17,09:01:49,949,pp1709,XDCE,7770,7762,7828,17372,677043380,504332,510168,8193,7413,7803,7739,0,7789,0,0,0,2017-04-17,32509949,7770,2,0,0,0,0,0,0,0,0,7771,6,0,0,0,0,0,0,0,0
218,2017-04-17,09:01:50,325,pp1709,XDCE,7769,7762,7828,17378,677276470,504332,510168,8193,7413,7803,7739,0,7789,0,0,0,2017-04-17,32510325,7769,14,0,0,0,0,0,0,0,0,7771,6,0,0,0,0,0,0,0,0
219,2017-04-17,09:01:50,823,pp1709,XDCE,7770,7762,7828,17384,677509570,504328,510168,8193,7413,7803,7739,0,7789,0,0,0,2017-04-17,32510823,7769,14,0,0,0,0,0,0,0,0,7770,8,0,0,0,0,0,0,0,0
220,2017-04-17,09:01:51,461,pp1709,XDCE,7770,7762,7828,17402,678208870,504312,510168,8193,7413,7803,7739,0,7789,0,0,0,2017-04-17,32511461,7770,1,0,0,0,0,0,0,0,0,7771,6,0,0,0,0,0,0,0,0
221,2017-04-17,09:01:51,906,pp1709,XDCE,7767,7762,7828,17458,680384100,504268,510168,8193,7413,7803,7739,0,7789,0,0,0,2017-04-17,32511906,7766,7,0,0,0,0,0,0,0,0,7768,3,0,0,0,0,0,0,0,0
222,2017-04-17,09:01:52,339,pp1709,XDCE,7768,7762,7828,17460,680461780,504266,510168,8193,7413,7803,7739,0,7789,0,0,0,2017-04-17,32512339,7766,7,0,0,0,0,0,0,0,0,7768,2,0,0,0,0,0,0,0,0
223,2017-04-17,09:01:52,881,pp1709,XDCE,7769,7762,7828,17478,681160970,504266,510168,8193,7413,7803,7739,0,7789,0,0,0,2017-04-17,32512881,7766,7,0,0,0,0,0,0,0,0,7769,81,0,0,0,0,0,0,0,0
224,2017-04-17,09:01:53,409,pp1709,XDCE,7766,7762,7828,17482,681316290,504264,510168,8193,7413,7803,7739,0,7789,0,0,0,2017-04-17,32513409,7766,5,0,0,0,0,0,0,0,0,7768,4,0,0,0,0,0,0,0,0
225,2017-04-17,09:01:53,926,pp1709,XDCE,7764,7762,7828,17532,683257610,504248,510168,8193,7413,7803,7739,0,7789,0,0,0,2017-04-17,32513926,7763,1,0,0,0,0,0,0,0,0,7766,92,0,0,0,0,0,0,0,0
226,2017-04-17,09:01:54,452,pp1709,XDCE,7766,7762,7828,17564,684500170,504250,510168,8193,7413,7803,7739,0,7789,0,0,0,2017-04-17,32514452,7763,3,0,0,0,0,0,0,0,0,7765,6,0,0,0,0,0,0,0,0
227,2017-04-17,09:01:54,890,pp1709,XDCE,7763,7762,7828,17566,684577800,504250,510168,8193,7413,7803,7739,0,7789,0,0,0,2017-04-17,32514890,7762,5,0,0,0,0,0,0,0,0,7763,19,0,0,0,0,0,0,0,0
228,2017-04-17,09:01:55,429,pp1709,XDCE,7762,7762,7828,17578,685043520,504256,510168,8193,7413,7803,7739,0,7789,0,0,0,2017-04-17,32515429,7761,13,0,0,0,0,0,0,0,0,7762,14,0,0,0,0,0,0,0,0
229,2017-04-17,09:01:55,935,pp1709,XDCE,7762,7761,7828,17656,688070690,504232,510168,8193,7413,7803,7739,0,7789,0,0,0,2017-04-17,32515935,7761,12,0,0,0,0,0,0,0,0,7763,19,0,0,0,0,0,0,0,0
230,2017-04-17,09:01:56,466,pp1709,XDCE,7763,7761,7828,17676,688846880,504228,510168,8193,7413,7803,7739,0,7789,0,0,0,2017-04-17,32516466,7761,8,0,0,0,0,0,0,0,0,7763,16,0,0,0,0,0,0,0,0
231,2017-04-17,09:01:56,969,pp1709,XDCE,7761,7761,7828,17682,689079710,504228,510168,8193,7413,7803,7739,0,7789,0,0,0,2017-04-17,32516969,7762,2,0,0,0,0,0,0,0,0,7763,17,0,0,0,0,0,0,0,0
232,2017-04-17,09:01:57,436,pp1709,XDCE,7763,7761,7828,17736,691175520,504228,510168,8193,7413,7803,7739,0,7789,0,0,0,2017-04-17,32517436,7761,5,0,0,0,0,0,0,0,0,7763,10,0,0,0,0,0,0,0,0
233,2017-04-17,09:01:57,846,pp1709,XDCE,7762,7761,7828,17756,691951630,504228,510168,8193,7413,7803,7739,0,7789,0,0,0,2017-04-17,32517846,7761,9,0,0,0,0,0,0,0,0,7762,99,0,0,0,0,0,0,0,0
234,2017-04-17,09:01:58,465,pp1709,XDCE,7762,7761,7828,17800,693659190,504226,510168,8193,7413,7803,7739,0,7789,0,0,0,2017-04-17,32518465,7760,37,0,0,0,0,0,0,0,0,7762,85,0,0,0,0,0,0,0,0
235,2017-04-17,09:01:58,949,pp1709,XDCE,7761,7760,7828,17820,694435240,504228,510168,8193,7413,7803,7739,0,7789,0,0,0,2017-04-17,32518949,7760,42,0,0,0,0,0,0,0,0,7761,19,0,0,0,0,0,0,0,0
236,2017-04-17,09:01:59,439,pp1709,XDCE,7760,7760,7828,17840,695211320,504248,510168,8193,7413,7803,7739,0,7789,0,0,0,2017-04-17,32519439,7760,43,0,0,0,0,0,0,0,0,7761,11,0,0,0,0,0,0,0,0
237,2017-04-17,09:01:59,902,pp1709,XDCE,7759,7759,7828,17932,698780900,504306,510168,8193,7413,7803,7739,0,7789,0,0,0,2017-04-17,32519902,7759,31,0,0,0,0,0,0,0,0,7760,14,0,0,0,0,0,0,0,0
238,2017-04-17,09:02:00,471,pp1709,XDCE,7758,7755,7828,18014,701962020,504294,510168,8193,7413,7803,7739,0,7789,0,0,0,2017-04-17,32520471,7755,15,0,0,0,0,0,0,0,0,7759,5,0,0,0,0,0,0,0,0
239,2017-04-17,09:02:00,961,pp1709,XDCE,7761,7755,7828,18046,703203600,504284,510168,8193,7413,7803,7739,0,7789,0,0,0,2017-04-17,32520961,7756,6,0,0,0,0,0,0,0,0,7761,24,0,0,0,0,0,0,0,0
240,2017-04-17,09:02:01,395,pp1709,XDCE,7760,7755,7828,18106,705531500,504262,510168,8193,7413,7803,7739,0,7789,0,0,0,2017-04-17,32521395,7757,5,0,0,0,0,0,0,0,0,7760,2,0,0,0,0,0,0,0,0
241,2017-04-17,09:02:01,916,pp1709,XDCE,7756,7755,7828,18150,707237860,504258,510168,8193,7413,7803,7739,0,7789,0,0,0,2017-04-17,32521916,7756,30,0,0,0,0,0,0,0,0,7760,10,0,0,0,0,0,0,0,0
242,2017-04-17,09:02:02,440,pp1709,XDCE,7757,7755,7828,18204,709332050,504224,510168,8193,7413,7803,7739,0,7789,0,0,0,2017-04-17,32522440,7756,8,0,0,0,0,0,0,0,0,7757,1,0,0,0,0,0,0,0,0
243,2017-04-17,09:02:02,923,pp1709,XDCE,7756,7755,7828,18256,711348500,504258,510168,8193,7413,7803,7739,0,7789,0,0,0,2017-04-17,32522923,7754,6,0,0,0,0,0,0,0,0,7756,9,0,0,0,0,0,0,0,0
244,2017-04-17,09:02:03,401,pp1709,XDCE,7754,7754,7828,18326,714062400,504222,510168,8193,7413,7803,7739,0,7789,0,0,0,2017-04-17,32523401,7753,8,0,0,0,0,0,0,0,0,7754,52,0,0,0,0,0,0,0,0
245,2017-04-17,09:02:03,916,pp1709,XDCE,7754,7754,7828,18444,718637280,504158,510168,8193,7413,7803,7739,0,7789,0,0,0,2017-04-17,32523916,7755,6,0,0,0,0,0,0,0,0,7756,34,0,0,0,0,0,0,0,0
246,2017-04-17,09:02:04,461,pp1709,XDCE,7758,7754,7828,18514,721351900,504174,510168,8193,7413,7803,7739,0,7789,0,0,0,2017-04-17,32524461,7756,7,0,0,0,0,0,0,0,0,7758,5,0,0,0,0,0,0,0,0
247,2017-04-17,09:02:04,960,pp1709,XDCE,7754,7754,7828,18546,722592760,504188,510168,8193,7413,7803,7739,0,7789,0,0,0,2017-04-17,32524960,7754,3,0,0,0,0,0,0,0,0,7758,4,0,0,0,0,0,0,0,0
248,2017-04-17,09:02:05,440,pp1709,XDCE,7755,7754,7828,18574,723678820,504162,510168,8193,7413,7803,7739,0,7789,0,0,0,2017-04-17,32525440,7755,4,0,0,0,0,0,0,0,0,7759,2,0,0,0,0,0,0,0,0
249,2017-04-17,09:02:05,948,pp1709,XDCE,7759,7754,7828,18596,724532110,504152,510168,8193,7413,7803,7739,0,7789,0,0,0,2017-04-17,32525948,7759,3,0,0,0,0,0,0,0,0,7760,13,0,0,0,0,0,0,0,0
250,2017-04-17,09:02:06,464,pp1709,XDCE,7759,7754,7828,18616,725308030,504152,510168,8193,7413,7803,7739,0,7789,0,0,0,2017-04-17,32526464,7758,48,0,0,0,0,0,0,0,0,7759,23,0,0,0,0,0,0,0,0
251,2017-04-17,09:02:06,968,pp1709,XDCE,7760,7754,7828,18700,728566900,504132,510168,8193,7413,7803,7739,0,7789,0,0,0,2017-04-17,32526968,7760,7,0,0,0,0,0,0,0,0,7761,5,0,0,0,0,0,0,0,0
252,2017-04-17,09:02:07,459,pp1709,XDCE,7762,7754,7828,18732,729808770,504122,510168,8193,7413,7803,7739,0,7789,0,0,0,2017-04-17,32527459,7762,3,0,0,0,0,0,0,0,0,7763,11,0,0,0,0,0,0,0,0
253,2017-04-17,09:02:07,894,pp1709,XDCE,7763,7754,7828,18830,733612360,504116,510168,8193,7413,7803,7739,0,7789,0,0,0,2017-04-17,32527894,7763,21,0,0,0,0,0,0,0,0,7764,1,0,0,0,0,0,0,0,0
254,2017-04-17,09:02:08,470,pp1709,XDCE,7763,7754,7828,18848,734311140,504116,510168,8193,7413,7803,7739,0,7789,0,0,0,2017-04-17,32528470,7764,3,0,0,0,0,0,0,0,0,7767,1,0,0,0,0,0,0,0,0
255,2017-04-17,09:02:08,866,pp1709,XDCE,7764,7754,7828,18952,738348420,504152,510168,8193,7413,7803,7739,0,7789,0,0,0,2017-04-17,32528866,7761,5,0,0,0,0,0,0,0,0,7763,2,0,0,0,0,0,0,0,0
256,2017-04-17,09:02:09,397,pp1709,XDCE,7763,7754,7828,18960,738658970,504144,510168,8193,7413,7803,7739,0,7789,0,0,0,2017-04-17,32529397,7764,2,0,0,0,0,0,0,0,0,7766,4,0,0,0,0,0,0,0,0
257,2017-04-17,09:02:09,947,pp1709,XDCE,7763,7754,7828,18986,739668220,504122,510168,8193,7413,7803,7739,0,7789,0,0,0,2017-04-17,32529947,7763,36,0,0,0,0,0,0,0,0,7764,30,0,0,0,0,0,0,0,0
258,2017-04-17,09:02:10,437,pp1709,XDCE,7763,7754,7828,19060,742540530,504066,510168,8193,7413,7803,7739,0,7789,0,0,0,2017-04-17,32530437,7761,1,0,0,0,0,0,0,0,0,7762,1,0,0,0,0,0,0,0,0
259,2017-04-17,09:02:10,952,pp1709,XDCE,7764,7754,7828,19220,748750940,504050,510168,8193,7413,7803,7739,0,7789,0,0,0,2017-04-17,32530952,7763,3,0,0,0,0,0,0,0,0,7764,21,0,0,0,0,0,0,0,0
260,2017-04-17,09:02:11,421,pp1709,XDCE,7762,7754,7828,19324,752787870,504050,510168,8193,7413,7803,7739,0,7789,0,0,0,2017-04-17,32531421,7762,20,0,0,0,0,0,0,0,0,7767,4,0,0,0,0,0,0,0,0
261,2017-04-17,09:02:11,889,pp1709,XDCE,7762,7754,7828,19380,754961440,504048,510168,8193,7413,7803,7739,0,7789,0,0,0,2017-04-17,32531889,7762,3,0,0,0,0,0,0,0,0,7766,5,0,0,0,0,0,0,0,0
262,2017-04-17,09:02:12,465,pp1709,XDCE,7760,7754,7828,19422,756591190,504048,510168,8193,7413,7803,7739,0,7789,0,0,0,2017-04-17,32532465,7761,1,0,0,0,0,0,0,0,0,7764,6,0,0,0,0,0,0,0,0
263,2017-04-17,09:02:12,888,pp1709,XDCE,7762,7754,7828,19444,757445020,504048,510168,8193,7413,7803,7739,0,7789,0,0,0,2017-04-17,32532888,7761,1,0,0,0,0,0,0,0,0,7762,21,0,0,0,0,0,0,0,0
264,2017-04-17,09:02:13,430,pp1709,XDCE,7762,7754,7828,19494,759385500,504042,510168,8193,7413,7803,7739,0,7789,0,0,0,2017-04-17,32533430,7761,28,0,0,0,0,0,0,0,0,7762,4,0,0,0,0,0,0,0,0
265,2017-04-17,09:02:13,797,pp1709,XDCE,7762,7754,7828,19526,760627420,504030,510168,8193,7413,7803,7739,0,7789,0,0,0,2017-04-17,32533797,7761,28,0,0,0,0,0,0,0,0,7763,21,0,0,0,0,0,0,0,0
266,2017-04-17,09:02:14,328,pp1709,XDCE,7761,7754,7828,19582,762800500,504070,510168,8193,7413,7803,7739,0,7789,0,0,0,2017-04-17,32534328,7760,5,0,0,0,0,0,0,0,0,7761,102,0,0,0,0,0,0,0,0
267,2017-04-17,09:02:14,813,pp1709,XDCE,7759,7754,7828,19628,764585190,504036,510168,8193,7413,7803,7739,0,7789,0,0,0,2017-04-17,32534813,7759,14,0,0,0,0,0,0,0,0,7760,7,0,0,0,0,0,0,0,0
268,2017-04-17,09:02:15,439,pp1709,XDCE,7759,7754,7828,19692,767067830,504010,510168,8193,7413,7803,7739,0,7789,0,0,0,2017-04-17,32535439,7758,1,0,0,0,0,0,0,0,0,7759,41,0,0,0,0,0,0,0,0
269,2017-04-17,09:02:15,967,pp1709,XDCE,7757,7754,7828,19746,769162590,503974,510168,8193,7413,7803,7739,0,7789,0,0,0,2017-04-17,32535967,7757,31,0,0,0,0,0,0,0,0,7759,59,0,0,0,0,0,0,0,0
270,2017-04-17,09:02:16,348,pp1709,XDCE,7757,7754,7828,19746,769162590,503974,510168,8193,7413,7803,7739,0,7789,0,0,0,2017-04-17,32536348,7757,29,0,0,0,0,0,0,0,0,7759,59,0,0,0,0,0,0,0,0
271,2017-04-17,09:02:16,963,pp1709,XDCE,7755,7754,7828,19888,774669560,503900,510168,8193,7413,7803,7739,0,7789,0,0,0,2017-04-17,32536963,7754,9,0,0,0,0,0,0,0,0,7755,44,0,0,0,0,0,0,0,0
272,2017-04-17,09:02:17,397,pp1709,XDCE,7753,7752,7828,20000,779011250,503856,510168,8193,7413,7803,7739,0,7789,0,0,0,2017-04-17,32537397,7752,21,0,0,0,0,0,0,0,0,7754,7,0,0,0,0,0,0,0,0
273,2017-04-17,09:02:17,951,pp1709,XDCE,7752,7750,7828,20138,784359720,503780,510168,8193,7413,7803,7739,0,7789,0,0,0,2017-04-17,32537951,7751,10,0,0,0,0,0,0,0,0,7752,28,0,0,0,0,0,0,0,0
274,2017-04-17,09:02:18,438,pp1709,XDCE,7755,7750,7828,20258,789011790,503826,510168,8193,7413,7803,7739,0,7789,0,0,0,2017-04-17,32538438,7751,10,0,0,0,0,0,0,0,0,7752,2,0,0,0,0,0,0,0,0
275,2017-04-17,09:02:18,912,pp1709,XDCE,7754,7750,7828,20264,789244370,503822,510168,8193,7413,7803,7739,0,7789,0,0,0,2017-04-17,32538912,7752,5,0,0,0,0,0,0,0,0,7754,9,0,0,0,0,0,0,0,0
276,2017-04-17,09:02:19,460,pp1709,XDCE,7752,7750,7828,20276,789709490,503820,510168,8193,7413,7803,7739,0,7789,0,0,0,2017-04-17,32539460,7753,7,0,0,0,0,0,0,0,0,7755,9,0,0,0,0,0,0,0,0
277,2017-04-17,09:02:19,934,pp1709,XDCE,7755,7750,7828,20338,792112870,503780,510168,8193,7413,7803,7739,0,7789,0,0,0,2017-04-17,32539934,7751,3,0,0,0,0,0,0,0,0,7755,5,0,0,0,0,0,0,0,0
278,2017-04-17,09:02:20,449,pp1709,XDCE,7751,7750,7828,20408,794826440,503746,510168,8193,7413,7803,7739,0,7789,0,0,0,2017-04-17,32540449,7750,20,0,0,0,0,0,0,0,0,7751,24,0,0,0,0,0,0,0,0
279,2017-04-17,09:02:20,904,pp1709,XDCE,7754,7750,7828,20476,797462100,503740,510168,8193,7413,7803,7739,0,7789,0,0,0,2017-04-17,32540904,7752,27,0,0,0,0,0,0,0,0,7757,25,0,0,0,0,0,0,0,0
280,2017-04-17,09:02:21,397,pp1709,XDCE,7753,7750,7828,20480,797617160,503742,510168,8193,7413,7803,7739,0,7789,0,0,0,2017-04-17,32541397,7753,7,0,0,0,0,0,0,0,0,7756,7,0,0,0,0,0,0,0,0
281,2017-04-17,09:02:21,928,pp1709,XDCE,7756,7750,7828,20484,797772280,503738,510168,8193,7413,7803,7739,0,7789,0,0,0,2017-04-17,32541928,7756,4,0,0,0,0,0,0,0,0,7757,25,0,0,0,0,0,0,0,0
282,2017-04-17,09:02:22,397,pp1709,XDCE,7753,7750,7828,20544,800098330,503738,510168,8193,7413,7803,7739,0,7789,0,0,0,2017-04-17,32542397,7753,46,0,0,0,0,0,0,0,0,7757,6,0,0,0,0,0,0,0,0
283,2017-04-17,09:02:22,877,pp1709,XDCE,7756,7750,7828,20650,804208920,503732,510168,8193,7413,7803,7739,0,7789,0,0,0,2017-04-17,32542877,7754,5,0,0,0,0,0,0,0,0,7756,1,0,0,0,0,0,0,0,0
284,2017-04-17,09:02:23,403,pp1709,XDCE,7752,7750,7828,20684,805527290,503712,510168,8193,7413,7803,7739,0,7789,0,0,0,2017-04-17,32543403,7752,23,0,0,0,0,0,0,0,0,7758,9,0,0,0,0,0,0,0,0
285,2017-04-17,09:02:23,971,pp1709,XDCE,7756,7750,7828,20696,805992630,503704,510168,8193,7413,7803,7739,0,7789,0,0,0,2017-04-17,32543971,7755,20,0,0,0,0,0,0,0,0,7757,8,0,0,0,0,0,0,0,0
286,2017-04-17,09:02:24,457,pp1709,XDCE,7752,7750,7828,20850,811962290,503712,510168,8193,7413,7803,7739,0,7789,0,0,0,2017-04-17,32544457,7750,26,0,0,0,0,0,0,0,0,7752,5,0,0,0,0,0,0,0,0
287,2017-04-17,09:02:24,903,pp1709,XDCE,7751,7750,7828,20880,813125170,503730,510168,8193,7413,7803,7739,0,7789,0,0,0,2017-04-17,32544903,7750,26,0,0,0,0,0,0,0,0,7753,5,0,0,0,0,0,0,0,0
288,2017-04-17,09:02:25,460,pp1709,XDCE,7753,7750,7828,20906,814132940,503726,510168,8193,7413,7803,7739,0,7789,0,0,0,2017-04-17,32545460,7753,5,0,0,0,0,0,0,0,0,7754,4,0,0,0,0,0,0,0,0
289,2017-04-17,09:02:25,915,pp1709,XDCE,7754,7750,7828,20920,814675720,503724,510168,8193,7413,7803,7739,0,7789,0,0,0,2017-04-17,32545915,7754,3,0,0,0,0,0,0,0,0,7755,30,0,0,0,0,0,0,0,0
290,2017-04-17,09:02:26,443,pp1709,XDCE,7751,7750,7828,20966,816458790,503698,510168,8193,7413,7803,7739,0,7789,0,0,0,2017-04-17,32546443,7751,2,0,0,0,0,0,0,0,0,7753,1,0,0,0,0,0,0,0,0
291,2017-04-17,09:02:26,917,pp1709,XDCE,7752,7750,7828,21178,824681100,503892,510168,8193,7413,7803,7739,0,7789,0,0,0,2017-04-17,32546917,7753,9,0,0,0,0,0,0,0,0,7755,6,0,0,0,0,0,0,0,0
292,2017-04-17,09:02:27,397,pp1709,XDCE,7755,7750,7828,21192,825223950,503880,510168,8193,7413,7803,7739,0,7789,0,0,0,2017-04-17,32547397,7755,16,0,0,0,0,0,0,0,0,7758,1,0,0,0,0,0,0,0,0
293,2017-04-17,09:02:27,935,pp1709,XDCE,7753,7750,7828,21252,827550400,503886,510168,8193,7413,7803,7739,0,7789,0,0,0,2017-04-17,32547935,7754,3,0,0,0,0,0,0,0,0,7758,1,0,0,0,0,0,0,0,0
294,2017-04-17,09:02:28,397,pp1709,XDCE,7753,7750,7828,21252,827550400,503886,510168,8193,7413,7803,7739,0,7789,0,0,0,2017-04-17,32548397,7755,1,0,0,0,0,0,0,0,0,7757,6,0,0,0,0,0,0,0,0
295,2017-04-17,09:02:28,918,pp1709,XDCE,7757,7750,7828,21268,828170900,503874,510168,8193,7413,7803,7739,0,7789,0,0,0,2017-04-17,32548918,7755,5,0,0,0,0,0,0,0,0,7758,1,0,0,0,0,0,0,0,0
296,2017-04-17,09:02:29,407,pp1709,XDCE,7757,7750,7828,21268,828170900,503874,510168,8193,7413,7803,7739,0,7789,0,0,0,2017-04-17,32549407,7755,2,0,0,0,0,0,0,0,0,7758,3,0,0,0,0,0,0,0,0
297,2017-04-17,09:02:29,946,pp1709,XDCE,7754,7750,7828,21318,830110260,503838,510168,8193,7413,7803,7739,0,7789,0,0,0,2017-04-17,32549946,7754,4,0,0,0,0,0,0,0,0,7758,17,0,0,0,0,0,0,0,0
298,2017-04-17,09:02:30,434,pp1709,XDCE,7754,7750,7828,21318,830110260,503838,510168,8193,7413,7803,7739,0,7789,0,0,0,2017-04-17,32550434,7755,12,0,0,0,0,0,0,0,0,7757,1,0,0,0,0,0,0,0,0
299,2017-04-17,09:02:30,969,pp1709,XDCE,7758,7750,7828,21324,830342990,503834,510168,8193,7413,7803,7739,0,7789,0,0,0,2017-04-17,32550969,7758,9,0,0,0,0,0,0,0,0,7759,25,0,0,0,0,0,0,0,0
300,2017-04-17,09:02:31,435,pp1709,XDCE,7759,7750,7828,21330,830575760,503832,510168,8193,7413,7803,7739,0,7789,0,0,0,2017-04-17,32551435,7758,9,0,0,0,0,0,0,0,0,7759,22,0,0,0,0,0,0,0,0
301,2017-04-17,09:02:31,941,pp1709,XDCE,7761,7750,7828,21408,833602030,503776,510168,8193,7413,7803,7739,0,7789,0,0,0,2017-04-17,32551941,7760,1,0,0,0,0,0,0,0,0,7763,8,0,0,0,0,0,0,0,0
302,2017-04-17,09:02:32,412,pp1709,XDCE,7763,7750,7828,21424,834223070,503772,510168,8193,7413,7803,7739,0,7789,0,0,0,2017-04-17,32552412,7760,6,0,0,0,0,0,0,0,0,7763,2,0,0,0,0,0,0,0,0
303,2017-04-17,09:02:32,899,pp1709,XDCE,7760,7750,7828,21426,834300670,503770,510168,8193,7413,7803,7739,0,7789,0,0,0,2017-04-17,32552899,7760,4,0,0,0,0,0,0,0,0,7762,1,0,0,0,0,0,0,0,0
304,2017-04-17,09:02:33,407,pp1709,XDCE,7762,7750,7828,21454,835387090,503762,510168,8193,7413,7803,7739,0,7789,0,0,0,2017-04-17,32553407,7762,8,0,0,0,0,0,0,0,0,7763,4,0,0,0,0,0,0,0,0
305,2017-04-17,09:02:33,877,pp1709,XDCE,7764,7750,7828,21512,837638410,503792,510168,8193,7413,7803,7739,0,7789,0,0,0,2017-04-17,32553877,7764,10,0,0,0,0,0,0,0,0,7765,3,0,0,0,0,0,0,0,0
306,2017-04-17,09:02:34,419,pp1709,XDCE,7765,7750,7828,21522,838026660,503794,510168,8193,7413,7803,7739,0,7789,0,0,0,2017-04-17,32554419,7765,6,0,0,0,0,0,0,0,0,7766,10,0,0,0,0,0,0,0,0
307,2017-04-17,09:02:34,961,pp1709,XDCE,7763,7750,7828,21548,839035990,503800,510168,8193,7413,7803,7739,0,7789,0,0,0,2017-04-17,32554961,7763,31,0,0,0,0,0,0,0,0,7765,15,0,0,0,0,0,0,0,0
308,2017-04-17,09:02:35,463,pp1709,XDCE,7763,7750,7828,21618,841753050,503798,510168,8193,7413,7803,7739,0,7789,0,0,0,2017-04-17,32555463,7759,19,0,0,0,0,0,0,0,0,7761,1,0,0,0,0,0,0,0,0
309,2017-04-17,09:02:35,867,pp1709,XDCE,7764,7750,7828,21624,841985940,503796,510168,8193,7413,7803,7739,0,7789,0,0,0,2017-04-17,32555867,7760,7,0,0,0,0,0,0,0,0,7762,2,0,0,0,0,0,0,0,0
310,2017-04-17,09:02:36,397,pp1709,XDCE,7765,7750,7828,21634,842374150,503786,510168,8193,7413,7803,7739,0,7789,0,0,0,2017-04-17,32556397,7762,4,0,0,0,0,0,0,0,0,7763,6,0,0,0,0,0,0,0,0
311,2017-04-17,09:02:36,825,pp1709,XDCE,7765,7750,7828,21640,842607100,503780,510168,8193,7413,7803,7739,0,7789,0,0,0,2017-04-17,32556825,7762,4,0,0,0,0,0,0,0,0,7763,4,0,0,0,0,0,0,0,0
312,2017-04-17,09:02:37,402,pp1709,XDCE,7762,7750,7828,21644,842762340,503780,510168,8193,7413,7803,7739,0,7789,0,0,0,2017-04-17,32557402,7762,3,0,0,0,0,0,0,0,0,7765,4,0,0,0,0,0,0,0,0
313,2017-04-17,09:02:37,858,pp1709,XDCE,7763,7750,7828,21652,843072870,503778,510168,8193,7413,7803,7739,0,7789,0,0,0,2017-04-17,32557858,7762,13,0,0,0,0,0,0,0,0,7764,5,0,0,0,0,0,0,0,0
314,2017-04-17,09:02:38,305,pp1709,XDCE,7766,7750,7828,21720,845712570,503794,510168,8193,7413,7803,7739,0,7789,0,0,0,2017-04-17,32558305,7761,6,0,0,0,0,0,0,0,0,7769,169,0,0,0,0,0,0,0,0
315,2017-04-17,09:02:38,929,pp1709,XDCE,7766,7750,7828,21722,845790230,503792,510168,8193,7413,7803,7739,0,7789,0,0,0,2017-04-17,32558929,7764,5,0,0,0,0,0,0,0,0,7766,3,0,0,0,0,0,0,0,0
316,2017-04-17,09:02:39,410,pp1709,XDCE,7764,7750,7828,21728,846023170,503796,510168,8193,7413,7803,7739,0,7789,0,0,0,2017-04-17,32559410,7764,3,0,0,0,0,0,0,0,0,7765,2,0,0,0,0,0,0,0,0
317,2017-04-17,09:02:39,948,pp1709,XDCE,7764,7750,7828,21740,846489020,503804,510168,8193,7413,7803,7739,0,7789,0,0,0,2017-04-17,32559948,7763,3,0,0,0,0,0,0,0,0,7764,36,0,0,0,0,0,0,0,0
318,2017-04-17,09:02:40,353,pp1709,XDCE,7762,7750,7828,21752,846954780,503800,510168,8193,7413,7803,7739,0,7789,0,0,0,2017-04-17,32560353,7761,6,0,0,0,0,0,0,0,0,7762,4,0,0,0,0,0,0,0,0
319,2017-04-17,09:02:40,963,pp1709,XDCE,7762,7750,7828,21760,847265260,503792,510168,8193,7413,7803,7739,0,7789,0,0,0,2017-04-17,32560963,7762,1,0,0,0,0,0,0,0,0,7763,19,0,0,0,0,0,0,0,0
320,2017-04-17,09:02:41,465,pp1709,XDCE,7763,7750,7828,21786,848274450,503818,510168,8193,7413,7803,7739,0,7789,0,0,0,2017-04-17,32561465,7762,6,0,0,0,0,0,0,0,0,7763,6,0,0,0,0,0,0,0,0
321,2017-04-17,09:02:41,964,pp1709,XDCE,7762,7750,7828,21810,849205970,503814,510168,8193,7413,7803,7739,0,7789,0,0,0,2017-04-17,32561964,7763,5,0,0,0,0,0,0,0,0,7764,38,0,0,0,0,0,0,0,0
322,2017-04-17,09:02:42,414,pp1709,XDCE,7762,7750,7828,21810,849205970,503814,510168,8193,7413,7803,7739,0,7789,0,0,0,2017-04-17,32562414,7763,5,0,0,0,0,0,0,0,0,7764,39,0,0,0,0,0,0,0,0
323,2017-04-17,09:02:42,917,pp1709,XDCE,7764,7750,7828,21814,849361250,503814,510168,8193,7413,7803,7739,0,7789,0,0,0,2017-04-17,32562917,7763,5,0,0,0,0,0,0,0,0,7764,37,0,0,0,0,0,0,0,0
324,2017-04-17,09:02:43,445,pp1709,XDCE,7764,7750,7828,21872,851612810,503816,510168,8193,7413,7803,7739,0,7789,0,0,0,2017-04-17,32563445,7763,5,0,0,0,0,0,0,0,0,7764,8,0,0,0,0,0,0,0,0
325,2017-04-17,09:02:43,955,pp1709,XDCE,7764,7750,7828,21888,852233930,503810,510168,8193,7413,7803,7739,0,7789,0,0,0,2017-04-17,32563955,7765,4,0,0,0,0,0,0,0,0,7766,2,0,0,0,0,0,0,0,0
326,2017-04-17,09:02:44,397,pp1709,XDCE,7764,7750,7828,21930,853864560,503812,510168,8193,7413,7803,7739,0,7789,0,0,0,2017-04-17,32564397,7764,6,0,0,0,0,0,0,0,0,7767,2,0,0,0,0,0,0,0,0
327,2017-04-17,09:02:44,893,pp1709,XDCE,7764,7750,7828,21942,854330400,503812,510168,8193,7413,7803,7739,0,7789,0,0,0,2017-04-17,32564893,7763,10,0,0,0,0,0,0,0,0,7764,19,0,0,0,0,0,0,0,0
328,2017-04-17,09:02:45,437,pp1709,XDCE,7764,7750,7828,21980,855805560,503814,510168,8193,7413,7803,7739,0,7789,0,0,0,2017-04-17,32565437,7764,1,0,0,0,0,0,0,0,0,7765,1,0,0,0,0,0,0,0,0
329,2017-04-17,09:02:45,918,pp1709,XDCE,7765,7750,7828,21982,855883210,503812,510168,8193,7413,7803,7739,0,7789,0,0,0,2017-04-17,32565918,7764,1,0,0,0,0,0,0,0,0,7766,30,0,0,0,0,0,0,0,0
330,2017-04-17,09:02:46,878,pp1709,XDCE,7765,7750,7828,21982,855883210,503812,510168,8193,7413,7803,7739,0,7789,0,0,0,2017-04-17,32566878,7765,2,0,0,0,0,0,0,0,0,7766,30,0,0,0,0,0,0,0,0
331,2017-04-17,09:02:47,398,pp1709,XDCE,7766,7750,7828,22042,858213010,503752,510168,8193,7413,7803,7739,0,7789,0,0,0,2017-04-17,32567398,7765,22,0,0,0,0,0,0,0,0,7767,4,0,0,0,0,0,0,0,0
332,2017-04-17,09:02:47,955,pp1709,XDCE,7767,7750,7828,22050,858523690,503744,510168,8193,7413,7803,7739,0,7789,0,0,0,2017-04-17,32567955,7766,12,0,0,0,0,0,0,0,0,7768,2,0,0,0,0,0,0,0,0
333,2017-04-17,09:02:48,473,pp1709,XDCE,7768,7750,7828,22184,863728850,503630,510168,8193,7413,7803,7739,0,7789,0,0,0,2017-04-17,32568473,7768,18,0,0,0,0,0,0,0,0,7769,109,0,0,0,0,0,0,0,0
334,2017-04-17,09:02:48,878,pp1709,XDCE,7769,7750,7828,22338,869710800,503518,510168,8193,7413,7803,7739,0,7789,0,0,0,2017-04-17,32568878,7768,8,0,0,0,0,0,0,0,0,7769,50,0,0,0,0,0,0,0,0
335,2017-04-17,09:02:49,420,pp1709,XDCE,7768,7750,7828,22542,877634120,503548,510168,8193,7413,7803,7739,0,7789,0,0,0,2017-04-17,32569420,7767,10,0,0,0,0,0,0,0,0,7768,8,0,0,0,0,0,0,0,0
336,2017-04-17,09:02:49,950,pp1709,XDCE,7770,7750,7828,22668,882528590,503444,510168,8193,7413,7803,7739,0,7789,0,0,0,2017-04-17,32569950,7770,56,0,0,0,0,0,0,0,0,7771,3,0,0,0,0,0,0,0,0
337,2017-04-17,09:02:50,319,pp1709,XDCE,7770,7750,7828,22714,884315810,503418,510168,8193,7413,7803,7739,0,7789,0,0,0,2017-04-17,32570319,7771,5,0,0,0,0,0,0,0,0,7772,14,0,0,0,0,0,0,0,0
338,2017-04-17,09:02:50,878,pp1709,XDCE,7772,7750,7828,22742,885403890,503434,510168,8193,7413,7803,7739,0,7789,0,0,0,2017-04-17,32570878,7772,18,0,0,0,0,0,0,0,0,7773,10,0,0,0,0,0,0,0,0
339,2017-04-17,09:02:51,434,pp1709,XDCE,7772,7750,7828,22748,885637070,503436,510168,8193,7413,7803,7739,0,7789,0,0,0,2017-04-17,32571434,7772,29,0,0,0,0,0,0,0,0,7773,1,0,0,0,0,0,0,0,0
340,2017-04-17,09:02:51,798,pp1709,XDCE,7772,7750,7828,22766,886336560,503452,510168,8193,7413,7803,7739,0,7789,0,0,0,2017-04-17,32571798,7773,1,0,0,0,0,0,0,0,0,7774,5,0,0,0,0,0,0,0,0
341,2017-04-17,09:02:52,276,pp1709,XDCE,7773,7750,7828,22802,887735540,503474,510168,8193,7413,7803,7739,0,7789,0,0,0,2017-04-17,32572276,7772,103,0,0,0,0,0,0,0,0,7774,4,0,0,0,0,0,0,0,0
342,2017-04-17,09:02:52,955,pp1709,XDCE,7774,7750,7828,22806,887891020,503472,510168,8193,7413,7803,7739,0,7789,0,0,0,2017-04-17,32572955,7772,105,0,0,0,0,0,0,0,0,7774,2,0,0,0,0,0,0,0,0
343,2017-04-17,09:02:53,440,pp1709,XDCE,7773,7750,7828,22810,888046480,503472,510168,8193,7413,7803,7739,0,7789,0,0,0,2017-04-17,32573440,7772,104,0,0,0,0,0,0,0,0,7774,2,0,0,0,0,0,0,0,0
344,2017-04-17,09:02:53,899,pp1709,XDCE,7774,7750,7828,22814,888201940,503474,510168,8193,7413,7803,7739,0,7789,0,0,0,2017-04-17,32573899,7773,8,0,0,0,0,0,0,0,0,7774,2,0,0,0,0,0,0,0,0
345,2017-04-17,09:02:54,470,pp1709,XDCE,7773,7750,7828,22822,888512890,503470,510168,8193,7413,7803,7739,0,7789,0,0,0,2017-04-17,32574470,7773,13,0,0,0,0,0,0,0,0,7775,5,0,0,0,0,0,0,0,0
346,2017-04-17,09:02:54,951,pp1709,XDCE,7774,7750,7828,22824,888590630,503470,510168,8193,7413,7803,7739,0,7789,0,0,0,2017-04-17,32574951,7773,20,0,0,0,0,0,0,0,0,7774,14,0,0,0,0,0,0,0,0
347,2017-04-17,09:02:55,389,pp1709,XDCE,7774,7750,7828,22852,889678990,503482,510168,8193,7413,7803,7739,0,7789,0,0,0,2017-04-17,32575389,7774,3,0,0,0,0,0,0,0,0,7775,2,0,0,0,0,0,0,0,0
348,2017-04-17,09:02:55,953,pp1709,XDCE,7774,7750,7828,22860,889989980,503484,510168,8193,7413,7803,7739,0,7789,0,0,0,2017-04-17,32575953,7774,2,0,0,0,0,0,0,0,0,7775,1,0,0,0,0,0,0,0,0
349,2017-04-17,09:02:56,350,pp1709,XDCE,7775,7750,7828,22878,890689710,503470,510168,8193,7413,7803,7739,0,7789,0,0,0,2017-04-17,32576350,7773,6,0,0,0,0,0,0,0,0,7775,17,0,0,0,0,0,0,0,0
350,2017-04-17,09:02:56,903,pp1709,XDCE,7773,7750,7828,22882,890845190,503466,510168,8193,7413,7803,7739,0,7789,0,0,0,2017-04-17,32576903,7773,8,0,0,0,0,0,0,0,0,7775,8,0,0,0,0,0,0,0,0
351,2017-04-17,09:02:57,404,pp1709,XDCE,7772,7750,7828,22922,892399670,503500,510168,8193,7413,7803,7739,0,7789,0,0,0,2017-04-17,32577404,7772,92,0,0,0,0,0,0,0,0,7775,8,0,0,0,0,0,0,0,0
352,2017-04-17,09:02:57,914,pp1709,XDCE,7772,7750,7828,22922,892399670,503500,510168,8193,7413,7803,7739,0,7789,0,0,0,2017-04-17,32577914,7772,92,0,0,0,0,0,0,0,0,7773,2,0,0,0,0,0,0,0,0
353,2017-04-17,09:02:58,454,pp1709,XDCE,7773,7750,7828,22936,892943770,503504,510168,8193,7413,7803,7739,0,7789,0,0,0,2017-04-17,32578454,7772,90,0,0,0,0,0,0,0,0,7773,4,0,0,0,0,0,0,0,0
354,2017-04-17,09:02:58,902,pp1709,XDCE,7773,7750,7828,22944,893254690,503496,510168,8193,7413,7803,7739,0,7789,0,0,0,2017-04-17,32578902,7773,10,0,0,0,0,0,0,0,0,7774,21,0,0,0,0,0,0,0,0
355,2017-04-17,09:02:59,453,pp1709,XDCE,7774,7750,7828,22964,894032000,503482,510168,8193,7413,7803,7739,0,7789,0,0,0,2017-04-17,32579453,7773,1,0,0,0,0,0,0,0,0,7774,20,0,0,0,0,0,0,0,0
356,2017-04-17,09:02:59,857,pp1709,XDCE,7774,7750,7828,22984,894809400,503474,510168,8193,7413,7803,7739,0,7789,0,0,0,2017-04-17,32579857,7773,1,0,0,0,0,0,0,0,0,7774,10,0,0,0,0,0,0,0,0
357,2017-04-17,09:03:00,450,pp1709,XDCE,7774,7750,7828,23006,895664540,503454,510168,8193,7413,7803,7739,0,7789,0,0,0,2017-04-17,32580450,7774,8,0,0,0,0,0,0,0,0,7775,6,0,0,0,0,0,0,0,0
358,2017-04-17,09:03:00,880,pp1709,XDCE,7776,7750,7828,23024,896364300,503442,510168,8193,7413,7803,7739,0,7789,0,0,0,2017-04-17,32580880,7775,17,0,0,0,0,0,0,0,0,7776,51,0,0,0,0,0,0,0,0
359,2017-04-17,09:03:01,458,pp1709,XDCE,7776,7750,7828,23076,898386060,503448,510168,8193,7413,7803,7739,0,7789,0,0,0,2017-04-17,32581458,7775,32,0,0,0,0,0,0,0,0,7776,25,0,0,0,0,0,0,0,0
360,2017-04-17,09:03:01,936,pp1709,XDCE,7775,7750,7828,23218,903907070,503376,510168,8193,7413,7803,7739,0,7789,0,0,0,2017-04-17,32581936,7776,2,0,0,0,0,0,0,0,0,7778,2,0,0,0,0,0,0,0,0
361,2017-04-17,09:03:02,456,pp1709,XDCE,7779,7750,7828,23252,905229020,503396,510168,8193,7413,7803,7739,0,7789,0,0,0,2017-04-17,32582456,7776,2,0,0,0,0,0,0,0,0,7779,5,0,0,0,0,0,0,0,0
362,2017-04-17,09:03:02,939,pp1709,XDCE,7780,7750,7828,23284,906473530,503396,510168,8193,7413,7803,7739,0,7789,0,0,0,2017-04-17,32582939,7777,5,0,0,0,0,0,0,0,0,7780,45,0,0,0,0,0,0,0,0
363,2017-04-17,09:03:03,373,pp1709,XDCE,7778,7750,7828,23288,906629110,503394,510168,8193,7413,7803,7739,0,7789,0,0,0,2017-04-17,32583373,7778,29,0,0,0,0,0,0,0,0,7780,45,0,0,0,0,0,0,0,0
364,2017-04-17,09:03:03,969,pp1709,XDCE,7780,7750,7828,23296,906940310,503396,510168,8193,7413,7803,7739,0,7789,0,0,0,2017-04-17,32583969,7778,30,0,0,0,0,0,0,0,0,7780,41,0,0,0,0,0,0,0,0
365,2017-04-17,09:03:04,462,pp1709,XDCE,7780,7750,7828,23320,907873910,503396,510168,8193,7413,7803,7739,0,7789,0,0,0,2017-04-17,32584462,7779,4,0,0,0,0,0,0,0,0,7780,29,0,0,0,0,0,0,0,0
366,2017-04-17,09:03:04,963,pp1709,XDCE,7780,7750,7828,23342,908729710,503388,510168,8193,7413,7803,7739,0,7789,0,0,0,2017-04-17,32584963,7779,17,0,0,0,0,0,0,0,0,7780,18,0,0,0,0,0,0,0,0
367,2017-04-17,09:03:05,450,pp1709,XDCE,7780,7750,7828,23378,910130110,503394,510168,8193,7413,7803,7739,0,7789,0,0,0,2017-04-17,32585450,7780,21,0,0,0,0,0,0,0,0,7781,2,0,0,0,0,0,0,0,0
368,2017-04-17,09:03:05,817,pp1709,XDCE,7780,7750,7828,23408,911297140,503390,510168,8193,7413,7803,7739,0,7789,0,0,0,2017-04-17,32585817,7780,61,0,0,0,0,0,0,0,0,7782,4,0,0,0,0,0,0,0,0
369,2017-04-17,09:03:06,433,pp1709,XDCE,7784,7750,7828,23432,912231100,503368,510168,8193,7413,7803,7739,0,7789,0,0,0,2017-04-17,32586433,7782,2,0,0,0,0,0,0,0,0,7783,8,0,0,0,0,0,0,0,0
370,2017-04-17,09:03:06,941,pp1709,XDCE,7784,7750,7828,23456,913165100,503370,510168,8193,7413,7803,7739,0,7789,0,0,0,2017-04-17,32586941,7782,1,0,0,0,0,0,0,0,0,7784,33,0,0,0,0,0,0,0,0
371,2017-04-17,09:03:07,383,pp1709,XDCE,7784,7750,7828,23460,913320760,503366,510168,8193,7413,7803,7739,0,7789,0,0,0,2017-04-17,32587383,7782,10,0,0,0,0,0,0,0,0,7784,32,0,0,0,0,0,0,0,0
372,2017-04-17,09:03:07,963,pp1709,XDCE,7780,7750,7828,23564,917366620,503366,510168,8193,7413,7803,7739,0,7789,0,0,0,2017-04-17,32587963,7780,28,0,0,0,0,0,0,0,0,7783,3,0,0,0,0,0,0,0,0
373,2017-04-17,09:03:08,462,pp1709,XDCE,7775,7750,7828,23752,924678290,503414,510168,8193,7413,7803,7739,0,7789,0,0,0,2017-04-17,32588462,7774,433,0,0,0,0,0,0,0,0,7775,7,0,0,0,0,0,0,0,0
374,2017-04-17,09:03:08,947,pp1709,XDCE,7781,7750,7828,24012,934794020,503368,510168,8193,7413,7803,7739,0,7789,0,0,0,2017-04-17,32588947,7781,8,0,0,0,0,0,0,0,0,7782,6,0,0,0,0,0,0,0,0
375,2017-04-17,09:03:09,419,pp1709,XDCE,7782,7750,7828,24038,935805580,503344,510168,8193,7413,7803,7739,0,7789,0,0,0,2017-04-17,32589419,7782,1,0,0,0,0,0,0,0,0,7784,32,0,0,0,0,0,0,0,0
376,2017-04-17,09:03:09,921,pp1709,XDCE,7783,7750,7828,24056,936505980,503342,510168,8193,7413,7803,7739,0,7789,0,0,0,2017-04-17,32589921,7780,1,0,0,0,0,0,0,0,0,7781,2,0,0,0,0,0,0,0,0
377,2017-04-17,09:03:10,393,pp1709,XDCE,7778,7750,7828,24066,936894930,503332,510168,8193,7413,7803,7739,0,7789,0,0,0,2017-04-17,32590393,7778,10,0,0,0,0,0,0,0,0,7779,1,0,0,0,0,0,0,0,0
378,2017-04-17,09:03:10,917,pp1709,XDCE,7779,7750,7828,24076,937283870,503328,510168,8193,7413,7803,7739,0,7789,0,0,0,2017-04-17,32590917,7779,2,0,0,0,0,0,0,0,0,7780,5,0,0,0,0,0,0,0,0
379,2017-04-17,09:03:11,464,pp1709,XDCE,7779,7750,7828,24098,938139560,503308,510168,8193,7413,7803,7739,0,7789,0,0,0,2017-04-17,32591464,7777,4,0,0,0,0,0,0,0,0,7779,13,0,0,0,0,0,0,0,0
380,2017-04-17,09:03:11,953,pp1709,XDCE,7778,7750,7828,24124,939150780,503286,510168,8193,7413,7803,7739,0,7789,0,0,0,2017-04-17,32591953,7778,19,0,0,0,0,0,0,0,0,7779,1,0,0,0,0,0,0,0,0
381,2017-04-17,09:03:12,398,pp1709,XDCE,7779,7750,7828,24126,939228570,503284,510168,8193,7413,7803,7739,0,7789,0,0,0,2017-04-17,32592398,7778,2,0,0,0,0,0,0,0,0,7779,13,0,0,0,0,0,0,0,0
382,2017-04-17,09:03:12,957,pp1709,XDCE,7779,7750,7828,24136,939617520,503274,510168,8193,7413,7803,7739,0,7789,0,0,0,2017-04-17,32592957,7778,4,0,0,0,0,0,0,0,0,7779,7,0,0,0,0,0,0,0,0
383,2017-04-17,09:03:13,415,pp1709,XDCE,7779,7750,7828,24160,940551000,503260,510168,8193,7413,7803,7739,0,7789,0,0,0,2017-04-17,32593415,7779,9,0,0,0,0,0,0,0,0,7780,17,0,0,0,0,0,0,0,0
384,2017-04-17,09:03:13,903,pp1709,XDCE,7779,7750,7828,24180,941328900,503244,510168,8193,7413,7803,7739,0,7789,0,0,0,2017-04-17,32593903,7779,49,0,0,0,0,0,0,0,0,7780,17,0,0,0,0,0,0,0,0
385,2017-04-17,09:03:14,460,pp1709,XDCE,7781,7750,7828,24216,942729310,503236,510168,8193,7413,7803,7739,0,7789,0,0,0,2017-04-17,32594460,7779,59,0,0,0,0,0,0,0,0,7781,2,0,0,0,0,0,0,0,0
386,2017-04-17,09:03:14,879,pp1709,XDCE,7781,7750,7828,24216,942729310,503236,510168,8193,7413,7803,7739,0,7789,0,0,0,2017-04-17,32594879,7780,1,0,0,0,0,0,0,0,0,7781,2,0,0,0,0,0,0,0,0
387,2017-04-17,09:03:15,454,pp1709,XDCE,7779,7750,7828,24260,944440700,503240,510168,8193,7413,7803,7739,0,7789,0,0,0,2017-04-17,32595454,7779,43,0,0,0,0,0,0,0,0,7781,3,0,0,0,0,0,0,0,0
388,2017-04-17,09:03:15,906,pp1709,XDCE,7780,7750,7828,24262,944518500,503238,510168,8193,7413,7803,7739,0,7789,0,0,0,2017-04-17,32595906,7779,46,0,0,0,0,0,0,0,0,7781,3,0,0,0,0,0,0,0,0
389,2017-04-17,09:03:16,451,pp1709,XDCE,7779,7750,7828,24268,944751890,503240,510168,8193,7413,7803,7739,0,7789,0,0,0,2017-04-17,32596451,7780,1,0,0,0,0,0,0,0,0,7781,3,0,0,0,0,0,0,0,0
390,2017-04-17,09:03:16,854,pp1709,XDCE,7780,7750,7828,24274,944985300,503236,510168,8193,7413,7803,7739,0,7789,0,0,0,2017-04-17,32596854,7779,44,0,0,0,0,0,0,0,0,7780,10,0,0,0,0,0,0,0,0
391,2017-04-17,09:03:17,440,pp1709,XDCE,7779,7750,7828,24280,945218690,503238,510168,8193,7413,7803,7739,0,7789,0,0,0,2017-04-17,32597440,7779,43,0,0,0,0,0,0,0,0,7780,8,0,0,0,0,0,0,0,0
392,2017-04-17,09:03:17,919,pp1709,XDCE,7780,7750,7828,24296,945841090,503252,510168,8193,7413,7803,7739,0,7789,0,0,0,2017-04-17,32597919,7780,1,0,0,0,0,0,0,0,0,7781,3,0,0,0,0,0,0,0,0
393,2017-04-17,09:03:18,399,pp1709,XDCE,7780,7750,7828,24308,946307850,503252,510168,8193,7413,7803,7739,0,7789,0,0,0,2017-04-17,32598399,7779,39,0,0,0,0,0,0,0,0,7780,2,0,0,0,0,0,0,0,0
394,2017-04-17,09:03:18,938,pp1709,XDCE,7780,7750,7828,24338,947474850,503254,510168,8193,7413,7803,7739,0,7789,0,0,0,2017-04-17,32598938,7780,5,0,0,0,0,0,0,0,0,7781,15,0,0,0,0,0,0,0,0
395,2017-04-17,09:03:19,469,pp1709,XDCE,7780,7750,7828,24348,947863850,503254,510168,8193,7413,7803,7739,0,7789,0,0,0,2017-04-17,32599469,7780,16,0,0,0,0,0,0,0,0,7781,15,0,0,0,0,0,0,0,0
396,2017-04-17,09:03:19,891,pp1709,XDCE,7780,7750,7828,24348,947863850,503254,510168,8193,7413,7803,7739,0,7789,0,0,0,2017-04-17,32599891,7780,17,0,0,0,0,0,0,0,0,7781,15,0,0,0,0,0,0,0,0
397,2017-04-17,09:03:20,423,pp1709,XDCE,7781,7750,7828,24398,949809100,503258,510168,8193,7413,7803,7739,0,7789,0,0,0,2017-04-17,32600423,7781,62,0,0,0,0,0,0,0,0,7782,52,0,0,0,0,0,0,0,0
398,2017-04-17,09:03:20,860,pp1709,XDCE,7781,7750,7828,24406,950120360,503264,510168,8193,7413,7803,7739,0,7789,0,0,0,2017-04-17,32600860,7781,61,0,0,0,0,0,0,0,0,7782,50,0,0,0,0,0,0,0,0
399,2017-04-17,09:03:21,310,pp1709,XDCE,7781,7750,7828,24406,950120360,503264,510168,8193,7413,7803,7739,0,7789,0,0,0,2017-04-17,32601310,7781,64,0,0,0,0,0,0,0,0,7782,50,0,0,0,0,0,0,0,0
400,2017-04-17,09:03:21,950,pp1709,XDCE,7782,7750,7828,24452,951910200,503260,510168,8193,7413,7803,7739,0,7789,0,0,0,2017-04-17,32601950,7781,94,0,0,0,0,0,0,0,0,7782,29,0,0,0,0,0,0,0,0
401,2017-04-17,09:03:22,388,pp1709,XDCE,7782,7750,7828,24510,954166980,503202,510168,8193,7413,7803,7739,0,7789,0,0,0,2017-04-17,32602388,7782,1,0,0,0,0,0,0,0,0,7783,2,0,0,0,0,0,0,0,0
402,2017-04-17,09:03:23,268,pp1709,XDCE,7782,7750,7828,24510,954166980,503202,510168,8193,7413,7803,7739,0,7789,0,0,0,2017-04-17,32603268,7782,11,0,0,0,0,0,0,0,0,7783,2,0,0,0,0,0,0,0,0
403,2017-04-17,09:03:23,956,pp1709,XDCE,7783,7750,7828,24512,954244810,503200,510168,8193,7413,7803,7739,0,7789,0,0,0,2017-04-17,32603956,7782,24,0,0,0,0,0,0,0,0,7783,1,0,0,0,0,0,0,0,0
404,2017-04-17,09:03:24,375,pp1709,XDCE,7783,7750,7828,24514,954322640,503198,510168,8193,7413,7803,7739,0,7789,0,0,0,2017-04-17,32604375,7782,24,0,0,0,0,0,0,0,0,7783,1,0,0,0,0,0,0,0,0
405,2017-04-17,09:03:24,909,pp1709,XDCE,7783,7750,7828,24518,954478290,503198,510168,8193,7413,7803,7739,0,7789,0,0,0,2017-04-17,32604909,7783,8,0,0,0,0,0,0,0,0,7784,34,0,0,0,0,0,0,0,0
406,2017-04-17,09:03:25,413,pp1709,XDCE,7783,7750,7828,24518,954478290,503198,510168,8193,7413,7803,7739,0,7789,0,0,0,2017-04-17,32605413,7783,11,0,0,0,0,0,0,0,0,7784,34,0,0,0,0,0,0,0,0
407,2017-04-17,09:03:25,933,pp1709,XDCE,7783,7750,7828,24564,956268550,503156,510168,8193,7413,7803,7739,0,7789,0,0,0,2017-04-17,32605933,7783,8,0,0,0,0,0,0,0,0,7784,17,0,0,0,0,0,0,0,0
408,2017-04-17,09:03:26,328,pp1709,XDCE,7782,7750,7828,24614,958214150,503140,510168,8193,7413,7803,7739,0,7789,0,0,0,2017-04-17,32606328,7782,8,0,0,0,0,0,0,0,0,7784,22,0,0,0,0,0,0,0,0
409,2017-04-17,09:03:26,947,pp1709,XDCE,7783,7750,7828,24616,958291980,503140,510168,8193,7413,7803,7739,0,7789,0,0,0,2017-04-17,32606947,7782,10,0,0,0,0,0,0,0,0,7783,4,0,0,0,0,0,0,0,0
410,2017-04-17,09:03:27,273,pp1709,XDCE,7782,7750,7828,24624,958603260,503142,510168,8193,7413,7803,7739,0,7789,0,0,0,2017-04-17,32607273,7782,6,0,0,0,0,0,0,0,0,7783,5,0,0,0,0,0,0,0,0
411,2017-04-17,09:03:27,973,pp1709,XDCE,7783,7750,7828,24642,959303630,503138,510168,8193,7413,7803,7739,0,7789,0,0,0,2017-04-17,32607973,7781,92,0,0,0,0,0,0,0,0,7783,6,0,0,0,0,0,0,0,0
412,2017-04-17,09:03:28,356,pp1709,XDCE,7783,7750,7828,24656,959848420,503132,510168,8193,7413,7803,7739,0,7789,0,0,0,2017-04-17,32608356,7783,1,0,0,0,0,0,0,0,0,7784,22,0,0,0,0,0,0,0,0
413,2017-04-17,09:03:28,955,pp1709,XDCE,7782,7750,7828,24660,960004070,503130,510168,8193,7413,7803,7739,0,7789,0,0,0,2017-04-17,32608955,7781,91,0,0,0,0,0,0,0,0,7782,22,0,0,0,0,0,0,0,0
414,2017-04-17,09:03:29,434,pp1709,XDCE,7779,7750,7828,24896,969185300,503124,510168,8193,7413,7803,7739,0,7789,0,0,0,2017-04-17,32609434,7778,32,0,0,0,0,0,0,0,0,7780,61,0,0,0,0,0,0,0,0
415,2017-04-17,09:03:29,879,pp1709,XDCE,7780,7750,7828,25014,973774680,503050,510168,8193,7413,7803,7739,0,7789,0,0,0,2017-04-17,32609879,7777,2,0,0,0,0,0,0,0,0,7780,35,0,0,0,0,0,0,0,0
416,2017-04-17,09:03:30,461,pp1709,XDCE,7777,7750,7828,25042,974863480,503042,510168,8193,7413,7803,7739,0,7789,0,0,0,2017-04-17,32610461,7776,1,0,0,0,0,0,0,0,0,7779,1,0,0,0,0,0,0,0,0
417,2017-04-17,09:03:30,963,pp1709,XDCE,7776,7750,7828,25048,975096820,503038,510168,8193,7413,7803,7739,0,7789,0,0,0,2017-04-17,32610963,7775,20,0,0,0,0,0,0,0,0,7776,1,0,0,0,0,0,0,0,0
418,2017-04-17,09:03:31,450,pp1709,XDCE,7776,7750,7828,25064,975719080,503034,510168,8193,7413,7803,7739,0,7789,0,0,0,2017-04-17,32611450,7777,5,0,0,0,0,0,0,0,0,7779,7,0,0,0,0,0,0,0,0
419,2017-04-17,09:03:31,968,pp1709,XDCE,7776,7750,7828,25064,975719080,503034,510168,8193,7413,7803,7739,0,7789,0,0,0,2017-04-17,32611968,7776,7,0,0,0,0,0,0,0,0,7777,2,0,0,0,0,0,0,0,0
420,2017-04-17,09:03:32,434,pp1709,XDCE,7777,7750,7828,25070,975952390,503028,510168,8193,7413,7803,7739,0,7789,0,0,0,2017-04-17,32612434,7777,4,0,0,0,0,0,0,0,0,7779,5,0,0,0,0,0,0,0,0
421,2017-04-17,09:03:33,406,pp1709,XDCE,7777,7750,7828,25070,975952390,503028,510168,8193,7413,7803,7739,0,7789,0,0,0,2017-04-17,32613406,7777,5,0,0,0,0,0,0,0,0,7779,5,0,0,0,0,0,0,0,0
422,2017-04-17,09:03:33,799,pp1709,XDCE,7779,7750,7828,25072,976030180,503026,510168,8193,7413,7803,7739,0,7789,0,0,0,2017-04-17,32613799,7777,5,0,0,0,0,0,0,0,0,7779,4,0,0,0,0,0,0,0,0
423,2017-04-17,09:03:34,329,pp1709,XDCE,7779,7750,7828,25074,976107970,503024,510168,8193,7413,7803,7739,0,7789,0,0,0,2017-04-17,32614329,7777,5,0,0,0,0,0,0,0,0,7779,3,0,0,0,0,0,0,0,0
424,2017-04-17,09:03:34,920,pp1709,XDCE,7779,7750,7828,25102,977196800,503024,510168,8193,7413,7803,7739,0,7789,0,0,0,2017-04-17,32614920,7779,1,0,0,0,0,0,0,0,0,7780,11,0,0,0,0,0,0,0,0
425,2017-04-17,09:03:35,467,pp1709,XDCE,7780,7750,7828,25156,979296670,503018,510168,8193,7413,7803,7739,0,7789,0,0,0,2017-04-17,32615467,7777,1,0,0,0,0,0,0,0,0,7779,1,0,0,0,0,0,0,0,0
426,2017-04-17,09:03:35,856,pp1709,XDCE,7780,7750,7828,25166,979685600,503010,510168,8193,7413,7803,7739,0,7789,0,0,0,2017-04-17,32615856,7778,1,0,0,0,0,0,0,0,0,7780,6,0,0,0,0,0,0,0,0
427,2017-04-17,09:03:36,339,pp1709,XDCE,7780,7750,7828,25168,979763400,503008,510168,8193,7413,7803,7739,0,7789,0,0,0,2017-04-17,32616339,7778,1,0,0,0,0,0,0,0,0,7780,5,0,0,0,0,0,0,0,0
428,2017-04-17,09:03:36,929,pp1709,XDCE,7780,7750,7828,25202,981085460,502974,510168,8193,7413,7803,7739,0,7789,0,0,0,2017-04-17,32616929,7776,6,0,0,0,0,0,0,0,0,7780,3,0,0,0,0,0,0,0,0
429,2017-04-17,09:03:37,319,pp1709,XDCE,7780,7750,7828,25206,981241060,502974,510168,8193,7413,7803,7739,0,7789,0,0,0,2017-04-17,32617319,7777,3,0,0,0,0,0,0,0,0,7780,30,0,0,0,0,0,0,0,0
430,2017-04-17,09:03:37,905,pp1709,XDCE,7777,7750,7828,25210,981396600,502974,510168,8193,7413,7803,7739,0,7789,0,0,0,2017-04-17,32617905,7777,2,0,0,0,0,0,0,0,0,7780,33,0,0,0,0,0,0,0,0
431,2017-04-17,09:03:38,242,pp1709,XDCE,7780,7750,7828,25216,981629940,502970,510168,8193,7413,7803,7739,0,7789,0,0,0,2017-04-17,32618242,7777,2,0,0,0,0,0,0,0,0,7780,34,0,0,0,0,0,0,0,0
432,2017-04-17,09:03:38,925,pp1709,XDCE,7780,7750,7828,25230,982174490,502976,510168,8193,7413,7803,7739,0,7789,0,0,0,2017-04-17,32618925,7777,2,0,0,0,0,0,0,0,0,7780,30,0,0,0,0,0,0,0,0
433,2017-04-17,09:03:39,390,pp1709,XDCE,7780,7750,7828,25230,982174490,502976,510168,8193,7413,7803,7739,0,7789,0,0,0,2017-04-17,32619390,7777,3,0,0,0,0,0,0,0,0,7779,8,0,0,0,0,0,0,0,0
434,2017-04-17,09:03:39,952,pp1709,XDCE,7779,7750,7828,25244,982718960,502974,510168,8193,7413,7803,7739,0,7789,0,0,0,2017-04-17,32619952,7776,11,0,0,0,0,0,0,0,0,7777,3,0,0,0,0,0,0,0,0
435,2017-04-17,09:03:40,297,pp1709,XDCE,7775,7750,7828,25350,986839940,502974,510168,8193,7413,7803,7739,0,7789,0,0,0,2017-04-17,32620297,7774,332,0,0,0,0,0,0,0,0,7779,7,0,0,0,0,0,0,0,0
436,2017-04-17,09:03:40,929,pp1709,XDCE,7775,7750,7828,25352,986917690,502974,510168,8193,7413,7803,7739,0,7789,0,0,0,2017-04-17,32620929,7775,5,0,0,0,0,0,0,0,0,7778,11,0,0,0,0,0,0,0,0
437,2017-04-17,09:03:41,349,pp1709,XDCE,7777,7750,7828,25354,986995460,502974,510168,8193,7413,7803,7739,0,7789,0,0,0,2017-04-17,32621349,7775,6,0,0,0,0,0,0,0,0,7777,3,0,0,0,0,0,0,0,0
438,2017-04-17,09:03:41,950,pp1709,XDCE,7775,7750,7828,25356,987073210,502974,510168,8193,7413,7803,7739,0,7789,0,0,0,2017-04-17,32621950,7775,3,0,0,0,0,0,0,0,0,7777,6,0,0,0,0,0,0,0,0
439,2017-04-17,09:03:42,331,pp1709,XDCE,7777,7750,7828,25382,988084010,502966,510168,8193,7413,7803,7739,0,7789,0,0,0,2017-04-17,32622331,7774,327,0,0,0,0,0,0,0,0,7777,1,0,0,0,0,0,0,0,0
440,2017-04-17,09:03:42,929,pp1709,XDCE,7777,7750,7828,25382,988084010,502966,510168,8193,7413,7803,7739,0,7789,0,0,0,2017-04-17,32622929,7774,329,0,0,0,0,0,0,0,0,7777,1,0,0,0,0,0,0,0,0
441,2017-04-17,09:03:43,462,pp1709,XDCE,7777,7750,7828,25384,988161780,502966,510168,8193,7413,7803,7739,0,7789,0,0,0,2017-04-17,32623462,7774,329,0,0,0,0,0,0,0,0,7776,1,0,0,0,0,0,0,0,0
442,2017-04-17,09:03:43,931,pp1709,XDCE,7776,7750,7828,25386,988239540,502966,510168,8193,7413,7803,7739,0,7789,0,0,0,2017-04-17,32623931,7774,329,0,0,0,0,0,0,0,0,7777,1,0,0,0,0,0,0,0,0
443,2017-04-17,09:03:44,435,pp1709,XDCE,7776,7750,7828,25386,988239540,502966,510168,8193,7413,7803,7739,0,7789,0,0,0,2017-04-17,32624435,7774,329,0,0,0,0,0,0,0,0,7777,3,0,0,0,0,0,0,0,0
444,2017-04-17,09:03:44,973,pp1709,XDCE,7774,7750,7828,25402,988861500,502958,510168,8193,7413,7803,7739,0,7789,0,0,0,2017-04-17,32624973,7774,325,0,0,0,0,0,0,0,0,7777,4,0,0,0,0,0,0,0,0
445,2017-04-17,09:03:45,399,pp1709,XDCE,7774,7750,7828,25406,989016980,502962,510168,8193,7413,7803,7739,0,7789,0,0,0,2017-04-17,32625399,7774,323,0,0,0,0,0,0,0,0,7777,4,0,0,0,0,0,0,0,0
446,2017-04-17,09:03:45,924,pp1709,XDCE,7775,7750,7828,25408,989094730,502960,510168,8193,7413,7803,7739,0,7789,0,0,0,2017-04-17,32625924,7774,323,0,0,0,0,0,0,0,0,7775,6,0,0,0,0,0,0,0,0
447,2017-04-17,09:03:46,399,pp1709,XDCE,7774,7750,7828,25458,991038240,502960,510168,8193,7413,7803,7739,0,7789,0,0,0,2017-04-17,32626399,7774,299,0,0,0,0,0,0,0,0,7775,25,0,0,0,0,0,0,0,0
448,2017-04-17,09:03:46,849,pp1709,XDCE,7771,7750,7828,26064,1014593380,502952,510168,8193,7413,7803,7739,0,7789,0,0,0,2017-04-17,32626849,7771,2,0,0,0,0,0,0,0,0,7772,2,0,0,0,0,0,0,0,0
449,2017-04-17,09:03:47,469,pp1709,XDCE,7771,7750,7828,26106,1016225250,502944,510168,8193,7413,7803,7739,0,7789,0,0,0,2017-04-17,32627469,7770,1,0,0,0,0,0,0,0,0,7771,2,0,0,0,0,0,0,0,0
450,2017-04-17,09:03:47,917,pp1709,XDCE,7772,7750,7828,26134,1017313250,502928,510168,8193,7413,7803,7739,0,7789,0,0,0,2017-04-17,32627917,7773,5,0,0,0,0,0,0,0,0,7774,30,0,0,0,0,0,0,0,0
451,2017-04-17,09:03:48,405,pp1709,XDCE,7769,7750,7828,26156,1018168080,502918,510168,8193,7413,7803,7739,0,7789,0,0,0,2017-04-17,32628405,7769,3,0,0,0,0,0,0,0,0,7772,4,0,0,0,0,0,0,0,0
452,2017-04-17,09:03:48,914,pp1709,XDCE,7773,7750,7828,26204,1020032820,502882,510168,8193,7413,7803,7739,0,7789,0,0,0,2017-04-17,32628914,7770,7,0,0,0,0,0,0,0,0,7773,22,0,0,0,0,0,0,0,0
453,2017-04-17,09:03:49,464,pp1709,XDCE,7772,7750,7828,26206,1020110540,502880,510168,8193,7413,7803,7739,0,7789,0,0,0,2017-04-17,32629464,7771,1,0,0,0,0,0,0,0,0,7772,25,0,0,0,0,0,0,0,0
454,2017-04-17,09:03:49,952,pp1709,XDCE,7772,7750,7828,26232,1021120890,502858,510168,8193,7413,7803,7739,0,7789,0,0,0,2017-04-17,32629952,7771,1,0,0,0,0,0,0,0,0,7772,14,0,0,0,0,0,0,0,0
455,2017-04-17,09:03:50,390,pp1709,XDCE,7771,7750,7828,26236,1021276310,502854,510168,8193,7413,7803,7739,0,7789,0,0,0,2017-04-17,32630390,7770,2,0,0,0,0,0,0,0,0,7771,44,0,0,0,0,0,0,0,0
456,2017-04-17,09:03:50,960,pp1709,XDCE,7769,7750,7828,26244,1021587100,502848,510168,8193,7413,7803,7739,0,7789,0,0,0,2017-04-17,32630960,7768,1,0,0,0,0,0,0,0,0,7769,4,0,0,0,0,0,0,0,0
457,2017-04-17,09:03:51,373,pp1709,XDCE,7770,7750,7828,26250,1021820190,502848,510168,8193,7413,7803,7739,0,7789,0,0,0,2017-04-17,32631373,7768,1,0,0,0,0,0,0,0,0,7770,18,0,0,0,0,0,0,0,0
458,2017-04-17,09:03:51,968,pp1709,XDCE,7769,7750,7828,26272,1022674860,502836,510168,8193,7413,7803,7739,0,7789,0,0,0,2017-04-17,32631968,7769,1,0,0,0,0,0,0,0,0,7770,10,0,0,0,0,0,0,0,0
459,2017-04-17,09:03:52,301,pp1709,XDCE,7769,7750,7828,26296,1023607240,502814,510168,8193,7413,7803,7739,0,7789,0,0,0,2017-04-17,32632301,7769,2,0,0,0,0,0,0,0,0,7770,1,0,0,0,0,0,0,0,0
460,2017-04-17,09:03:52,862,pp1709,XDCE,7769,7750,7828,26300,1023762620,502816,510168,8193,7413,7803,7739,0,7789,0,0,0,2017-04-17,32632862,7768,4,0,0,0,0,0,0,0,0,7770,7,0,0,0,0,0,0,0,0
461,2017-04-17,09:03:53,419,pp1709,XDCE,7770,7750,7828,26306,1023995700,502812,510168,8193,7413,7803,7739,0,7789,0,0,0,2017-04-17,32633419,7768,3,0,0,0,0,0,0,0,0,7770,11,0,0,0,0,0,0,0,0
462,2017-04-17,09:03:53,774,pp1709,XDCE,7768,7750,7828,26308,1024073380,502812,510168,8193,7413,7803,7739,0,7789,0,0,0,2017-04-17,32633774,7768,2,0,0,0,0,0,0,0,0,7770,11,0,0,0,0,0,0,0,0
463,2017-04-17,09:03:54,386,pp1709,XDCE,7768,7750,7828,26312,1024228740,502812,510168,8193,7413,7803,7739,0,7789,0,0,0,2017-04-17,32634386,7767,4,0,0,0,0,0,0,0,0,7768,1,0,0,0,0,0,0,0,0
464,2017-04-17,09:03:54,853,pp1709,XDCE,7767,7750,7828,26320,1024539420,502810,510168,8193,7413,7803,7739,0,7789,0,0,0,2017-04-17,32634853,7766,4,0,0,0,0,0,0,0,0,7768,5,0,0,0,0,0,0,0,0
465,2017-04-17,09:03:55,469,pp1709,XDCE,7767,7750,7828,26330,1024927730,502810,510168,8193,7413,7803,7739,0,7789,0,0,0,2017-04-17,32635469,7765,22,0,0,0,0,0,0,0,0,7766,1,0,0,0,0,0,0,0,0
466,2017-04-17,09:03:55,941,pp1709,XDCE,7764,7750,7828,26386,1027101870,502782,510168,8193,7413,7803,7739,0,7789,0,0,0,2017-04-17,32635941,7763,6,0,0,0,0,0,0,0,0,7765,10,0,0,0,0,0,0,0,0
467,2017-04-17,09:03:56,409,pp1709,XDCE,7762,7750,7828,26430,1028809720,502806,510168,8193,7413,7803,7739,0,7789,0,0,0,2017-04-17,32636409,7761,5,0,0,0,0,0,0,0,0,7764,5,0,0,0,0,0,0,0,0
468,2017-04-17,09:03:56,937,pp1709,XDCE,7762,7750,7828,26430,1028809720,502806,510168,8193,7413,7803,7739,0,7789,0,0,0,2017-04-17,32636937,7762,10,0,0,0,0,0,0,0,0,7763,8,0,0,0,0,0,0,0,0
469,2017-04-17,09:03:57,459,pp1709,XDCE,7762,7750,7828,26440,1029197850,502802,510168,8193,7413,7803,7739,0,7789,0,0,0,2017-04-17,32637459,7761,9,0,0,0,0,0,0,0,0,7763,5,0,0,0,0,0,0,0,0
470,2017-04-17,09:03:57,964,pp1709,XDCE,7762,7750,7828,26440,1029197850,502802,510168,8193,7413,7803,7739,0,7789,0,0,0,2017-04-17,32637964,7762,8,0,0,0,0,0,0,0,0,7763,4,0,0,0,0,0,0,0,0
471,2017-04-17,09:03:58,317,pp1709,XDCE,7762,7750,7828,26448,1029508340,502808,510168,8193,7413,7803,7739,0,7789,0,0,0,2017-04-17,32638317,7761,10,0,0,0,0,0,0,0,0,7763,3,0,0,0,0,0,0,0,0
472,2017-04-17,09:03:58,888,pp1709,XDCE,7761,7750,7828,26464,1030129320,502796,510168,8193,7413,7803,7739,0,7789,0,0,0,2017-04-17,32638888,7761,12,0,0,0,0,0,0,0,0,7762,3,0,0,0,0,0,0,0,0
473,2017-04-17,09:03:59,468,pp1709,XDCE,7762,7750,7828,26500,1031526310,502772,510168,8193,7413,7803,7739,0,7789,0,0,0,2017-04-17,32639468,7760,8,0,0,0,0,0,0,0,0,7761,7,0,0,0,0,0,0,0,0
474,2017-04-17,09:03:59,957,pp1709,XDCE,7762,7750,7828,26542,1033156190,502788,510168,8193,7413,7803,7739,0,7789,0,0,0,2017-04-17,32639957,7760,7,0,0,0,0,0,0,0,0,7762,17,0,0,0,0,0,0,0,0
475,2017-04-17,09:04:00,357,pp1709,XDCE,7761,7750,7828,26544,1033233800,502786,510168,8193,7413,7803,7739,0,7789,0,0,0,2017-04-17,32640357,7761,3,0,0,0,0,0,0,0,0,7762,17,0,0,0,0,0,0,0,0
476,2017-04-17,09:04:00,907,pp1709,XDCE,7760,7750,7828,26574,1034397840,502806,510168,8193,7413,7803,7739,0,7789,0,0,0,2017-04-17,32640907,7758,5,0,0,0,0,0,0,0,0,7760,44,0,0,0,0,0,0,0,0
477,2017-04-17,09:04:01,418,pp1709,XDCE,7758,7750,7828,26604,1035561740,502812,510168,8193,7413,7803,7739,0,7789,0,0,0,2017-04-17,32641418,7757,11,0,0,0,0,0,0,0,0,7758,2,0,0,0,0,0,0,0,0
478,2017-04-17,09:04:01,953,pp1709,XDCE,7758,7750,7828,26622,1036259950,502798,510168,8193,7413,7803,7739,0,7789,0,0,0,2017-04-17,32641953,7757,10,0,0,0,0,0,0,0,0,7759,2,0,0,0,0,0,0,0,0
479,2017-04-17,09:04:02,399,pp1709,XDCE,7757,7750,7828,26634,1036725370,502800,510168,8193,7413,7803,7739,0,7789,0,0,0,2017-04-17,32642399,7757,4,0,0,0,0,0,0,0,0,7758,2,0,0,0,0,0,0,0,0
480,2017-04-17,09:04:02,886,pp1709,XDCE,7757,7750,7828,26648,1037268380,502808,510168,8193,7413,7803,7739,0,7789,0,0,0,2017-04-17,32642886,7755,8,0,0,0,0,0,0,0,0,7757,64,0,0,0,0,0,0,0,0
481,2017-04-17,09:04:03,400,pp1709,XDCE,7756,7750,7828,26658,1037656180,502800,510168,8193,7413,7803,7739,0,7789,0,0,0,2017-04-17,32643400,7756,37,0,0,0,0,0,0,0,0,7757,65,0,0,0,0,0,0,0,0
482,2017-04-17,09:04:03,821,pp1709,XDCE,7758,7750,7828,26820,1043939470,502742,510168,8193,7413,7803,7739,0,7789,0,0,0,2017-04-17,32643821,7758,16,0,0,0,0,0,0,0,0,7759,1,0,0,0,0,0,0,0,0
483,2017-04-17,09:04:04,453,pp1709,XDCE,7759,7750,7828,26946,1048827900,502700,510168,8193,7413,7803,7739,0,7789,0,0,0,2017-04-17,32644453,7759,186,0,0,0,0,0,0,0,0,7760,16,0,0,0,0,0,0,0,0
484,2017-04-17,09:04:04,876,pp1709,XDCE,7760,7750,7828,27066,1053483920,502600,510168,8193,7413,7803,7739,0,7789,0,0,0,2017-04-17,32644876,7760,171,0,0,0,0,0,0,0,0,7761,18,0,0,0,0,0,0,0,0
485,2017-04-17,09:04:05,302,pp1709,XDCE,7761,7750,7828,27202,1058761040,502478,510168,8193,7413,7803,7739,0,7789,0,0,0,2017-04-17,32645302,7760,111,0,0,0,0,0,0,0,0,7761,52,0,0,0,0,0,0,0,0
486,2017-04-17,09:04:05,931,pp1709,XDCE,7757,7750,7828,27434,1067762590,502250,510168,8193,7413,7803,7739,0,7789,0,0,0,2017-04-17,32645931,7758,5,0,0,0,0,0,0,0,0,7759,1,0,0,0,0,0,0,0,0
487,2017-04-17,09:04:06,461,pp1709,XDCE,7758,7750,7828,27454,1068538350,502242,510168,8193,7413,7803,7739,0,7789,0,0,0,2017-04-17,32646461,7756,1,0,0,0,0,0,0,0,0,7760,2,0,0,0,0,0,0,0,0
488,2017-04-17,09:04:06,931,pp1709,XDCE,7756,7750,7828,27456,1068615910,502244,510168,8193,7413,7803,7739,0,7789,0,0,0,2017-04-17,32646931,7755,8,0,0,0,0,0,0,0,0,7760,2,0,0,0,0,0,0,0,0
489,2017-04-17,09:04:07,428,pp1709,XDCE,7759,7750,7828,27468,1069081500,502246,510168,8193,7413,7803,7739,0,7789,0,0,0,2017-04-17,32647428,7757,1,0,0,0,0,0,0,0,0,7759,1,0,0,0,0,0,0,0,0
490,2017-04-17,09:04:07,901,pp1709,XDCE,7760,7750,7828,27478,1069469420,502242,510168,8193,7413,7803,7739,0,7789,0,0,0,2017-04-17,32647901,7756,2,0,0,0,0,0,0,0,0,7758,4,0,0,0,0,0,0,0,0
491,2017-04-17,09:04:08,415,pp1709,XDCE,7760,7750,7828,27478,1069469420,502242,510168,8193,7413,7803,7739,0,7789,0,0,0,2017-04-17,32648415,7756,2,0,0,0,0,0,0,0,0,7758,5,0,0,0,0,0,0,0,0
492,2017-04-17,09:04:08,903,pp1709,XDCE,7758,7750,7828,27486,1069779730,502246,510168,8193,7413,7803,7739,0,7789,0,0,0,2017-04-17,32648903,7756,2,0,0,0,0,0,0,0,0,7758,3,0,0,0,0,0,0,0,0
493,2017-04-17,09:04:09,419,pp1709,XDCE,7759,7750,7828,27506,1070555600,502238,510168,8193,7413,7803,7739,0,7789,0,0,0,2017-04-17,32649419,7756,9,0,0,0,0,0,0,0,0,7760,11,0,0,0,0,0,0,0,0
494,2017-04-17,09:04:09,905,pp1709,XDCE,7758,7750,7828,27512,1070788340,502238,510168,8193,7413,7803,7739,0,7789,0,0,0,2017-04-17,32649905,7758,37,0,0,0,0,0,0,0,0,7760,11,0,0,0,0,0,0,0,0
495,2017-04-17,09:04:10,328,pp1709,XDCE,7758,7750,7828,27588,1073736390,502312,510168,8193,7413,7803,7739,0,7789,0,0,0,2017-04-17,32650328,7756,9,0,0,0,0,0,0,0,0,7757,23,0,0,0,0,0,0,0,0
496,2017-04-17,09:04:10,932,pp1709,XDCE,7757,7750,7828,27636,1075598070,502310,510168,8193,7413,7803,7739,0,7789,0,0,0,2017-04-17,32650932,7758,2,0,0,0,0,0,0,0,0,7759,2,0,0,0,0,0,0,0,0
497,2017-04-17,09:04:11,366,pp1709,XDCE,7759,7750,7828,27638,1075675660,502308,510168,8193,7413,7803,7739,0,7789,0,0,0,2017-04-17,32651366,7758,25,0,0,0,0,0,0,0,0,7759,1,0,0,0,0,0,0,0,0
498,2017-04-17,09:04:11,945,pp1709,XDCE,7760,7750,7828,27660,1076529070,502308,510168,8193,7413,7803,7739,0,7789,0,0,0,2017-04-17,32651945,7758,16,0,0,0,0,0,0,0,0,7760,14,0,0,0,0,0,0,0,0
499,2017-04-17,09:04:12,411,pp1709,XDCE,7760,7750,7828,27660,1076529070,502308,510168,8193,7413,7803,7739,0,7789,0,0,0,2017-04-17,32652411,7758,19,0,0,0,0,0,0,0,0,7760,16,0,0,0,0,0,0,0,0
500,2017-04-17,09:04:12,897,pp1709,XDCE,7758,7750,7828,27662,1076606650,502308,510168,8193,7413,7803,7739,0,7789,0,0,0,2017-04-17,32652897,7759,20,0,0,0,0,0,0,0,0,7760,16,0,0,0,0,0,0,0,0
501,2017-04-17,09:04:13,443,pp1709,XDCE,7760,7750,7828,27706,1078313790,502320,510168,8193,7413,7803,7739,0,7789,0,0,0,2017-04-17,32653443,7760,85,0,0,0,0,0,0,0,0,7761,4,0,0,0,0,0,0,0,0
502,2017-04-17,09:04:13,911,pp1709,XDCE,7759,7750,7828,27912,1086306450,502462,510168,8193,7413,7803,7739,0,7789,0,0,0,2017-04-17,32653911,7758,18,0,0,0,0,0,0,0,0,7759,8,0,0,0,0,0,0,0,0
503,2017-04-17,09:04:14,309,pp1709,XDCE,7758,7750,7828,27914,1086384030,502462,510168,8193,7413,7803,7739,0,7789,0,0,0,2017-04-17,32654309,7758,20,0,0,0,0,0,0,0,0,7759,9,0,0,0,0,0,0,0,0
504,2017-04-17,09:04:14,839,pp1709,XDCE,7758,7750,7828,27918,1086539210,502462,510168,8193,7413,7803,7739,0,7789,0,0,0,2017-04-17,32654839,7758,20,0,0,0,0,0,0,0,0,7759,9,0,0,0,0,0,0,0,0
505,2017-04-17,09:04:15,352,pp1709,XDCE,7759,7750,7828,27922,1086694380,502464,510168,8193,7413,7803,7739,0,7789,0,0,0,2017-04-17,32655352,7758,19,0,0,0,0,0,0,0,0,7759,17,0,0,0,0,0,0,0,0
506,2017-04-17,09:04:15,916,pp1709,XDCE,7758,7750,7828,28064,1092202020,502502,510168,8193,7413,7803,7739,0,7789,0,0,0,2017-04-17,32655916,7759,1,0,0,0,0,0,0,0,0,7760,127,0,0,0,0,0,0,0,0
507,2017-04-17,09:04:16,385,pp1709,XDCE,7759,7750,7828,28072,1092512360,502496,510168,8193,7413,7803,7739,0,7789,0,0,0,2017-04-17,32656385,7757,5,0,0,0,0,0,0,0,0,7759,4,0,0,0,0,0,0,0,0
508,2017-04-17,09:04:16,880,pp1709,XDCE,7760,7750,7828,28412,1105704650,502462,510168,8193,7413,7803,7739,0,7789,0,0,0,2017-04-17,32656880,7760,62,0,0,0,0,0,0,0,0,7762,331,0,0,0,0,0,0,0,0
509,2017-04-17,09:04:17,391,pp1709,XDCE,7763,7750,7828,29086,1131862630,501790,510168,8193,7413,7803,7739,0,7789,0,0,0,2017-04-17,32657391,7762,9,0,0,0,0,0,0,0,0,7767,1,0,0,0,0,0,0,0,0
510,2017-04-17,09:04:17,923,pp1709,XDCE,7767,7750,7828,29098,1132328610,501786,510168,8193,7413,7803,7739,0,7789,0,0,0,2017-04-17,32657923,7767,3,0,0,0,0,0,0,0,0,7768,2,0,0,0,0,0,0,0,0
511,2017-04-17,09:04:18,423,pp1709,XDCE,7771,7750,7828,29132,1133649500,501762,510168,8193,7413,7803,7739,0,7789,0,0,0,2017-04-17,32658423,7772,1,0,0,0,0,0,0,0,0,7773,2,0,0,0,0,0,0,0,0
512,2017-04-17,09:04:18,968,pp1709,XDCE,7773,7750,7828,29156,1134582040,501740,510168,8193,7413,7803,7739,0,7789,0,0,0,2017-04-17,32658968,7768,21,0,0,0,0,0,0,0,0,7772,1,0,0,0,0,0,0,0,0
513,2017-04-17,09:04:19,400,pp1709,XDCE,7773,7750,7828,29194,1136058920,501730,510168,8193,7413,7803,7739,0,7789,0,0,0,2017-04-17,32659400,7772,17,0,0,0,0,0,0,0,0,7773,15,0,0,0,0,0,0,0,0
514,2017-04-17,09:04:19,933,pp1709,XDCE,7772,7750,7828,29248,1138157360,501730,510168,8193,7413,7803,7739,0,7789,0,0,0,2017-04-17,32659933,7769,2,0,0,0,0,0,0,0,0,7772,25,0,0,0,0,0,0,0,0
515,2017-04-17,09:04:20,360,pp1709,XDCE,7772,7750,7828,29252,1138312800,501728,510168,8193,7413,7803,7739,0,7789,0,0,0,2017-04-17,32660360,7769,7,0,0,0,0,0,0,0,0,7772,7,0,0,0,0,0,0,0,0
516,2017-04-17,09:04:20,970,pp1709,XDCE,7772,7750,7828,29252,1138312800,501728,510168,8193,7413,7803,7739,0,7789,0,0,0,2017-04-17,32660970,7770,4,0,0,0,0,0,0,0,0,7772,8,0,0,0,0,0,0,0,0
517,2017-04-17,09:04:21,468,pp1709,XDCE,7772,7750,7828,29282,1139478540,501736,510168,8193,7413,7803,7739,0,7789,0,0,0,2017-04-17,32661468,7772,15,0,0,0,0,0,0,0,0,7773,9,0,0,0,0,0,0,0,0
518,2017-04-17,09:04:21,945,pp1709,XDCE,7773,7750,7828,29326,1141188420,501732,510168,8193,7413,7803,7739,0,7789,0,0,0,2017-04-17,32661945,7771,6,0,0,0,0,0,0,0,0,7772,8,0,0,0,0,0,0,0,0
519,2017-04-17,09:04:22,453,pp1709,XDCE,7771,7750,7828,29384,1143442310,501726,510168,8193,7413,7803,7739,0,7789,0,0,0,2017-04-17,32662453,7770,2,0,0,0,0,0,0,0,0,7771,9,0,0,0,0,0,0,0,0
520,2017-04-17,09:04:22,852,pp1709,XDCE,7772,7750,7828,29432,1145307400,501730,510168,8193,7413,7803,7739,0,7789,0,0,0,2017-04-17,32662852,7769,5,0,0,0,0,0,0,0,0,7770,33,0,0,0,0,0,0,0,0
521,2017-04-17,09:04:23,429,pp1709,XDCE,7770,7750,7828,29498,1147871500,501730,510168,8193,7413,7803,7739,0,7789,0,0,0,2017-04-17,32663429,7770,12,0,0,0,0,0,0,0,0,7773,20,0,0,0,0,0,0,0,0
522,2017-04-17,09:04:23,862,pp1709,XDCE,7771,7750,7828,29510,1148337750,501720,510168,8193,7413,7803,7739,0,7789,0,0,0,2017-04-17,32663862,7770,12,0,0,0,0,0,0,0,0,7771,1,0,0,0,0,0,0,0,0
523,2017-04-17,09:04:24,465,pp1709,XDCE,7770,7750,7828,29538,1149425550,501696,510168,8193,7413,7803,7739,0,7789,0,0,0,2017-04-17,32664465,7769,1,0,0,0,0,0,0,0,0,7770,1,0,0,0,0,0,0,0,0
524,2017-04-17,09:04:24,932,pp1709,XDCE,7771,7750,7828,29560,1150280270,501682,510168,8193,7413,7803,7739,0,7789,0,0,0,2017-04-17,32664932,7769,26,0,0,0,0,0,0,0,0,7771,3,0,0,0,0,0,0,0,0
525,2017-04-17,09:04:25,401,pp1709,XDCE,7769,7750,7828,29610,1152222680,501682,510168,8193,7413,7803,7739,0,7789,0,0,0,2017-04-17,32665401,7769,17,0,0,0,0,0,0,0,0,7771,3,0,0,0,0,0,0,0,0
526,2017-04-17,09:04:25,879,pp1709,XDCE,7769,7750,7828,29632,1153077270,501680,510168,8193,7413,7803,7739,0,7789,0,0,0,2017-04-17,32665879,7769,39,0,0,0,0,0,0,0,0,7771,6,0,0,0,0,0,0,0,0
527,2017-04-17,09:04:26,401,pp1709,XDCE,7771,7750,7828,29652,1153854310,501664,510168,8193,7413,7803,7739,0,7789,0,0,0,2017-04-17,32666401,7771,4,0,0,0,0,0,0,0,0,7772,4,0,0,0,0,0,0,0,0
528,2017-04-17,09:04:26,973,pp1709,XDCE,7770,7750,7828,29662,1154242850,501656,510168,8193,7413,7803,7739,0,7789,0,0,0,2017-04-17,32666973,7770,4,0,0,0,0,0,0,0,0,7771,1,0,0,0,0,0,0,0,0
529,2017-04-17,09:04:27,401,pp1709,XDCE,7771,7750,7828,29664,1154320560,501656,510168,8193,7413,7803,7739,0,7789,0,0,0,2017-04-17,32667401,7770,8,0,0,0,0,0,0,0,0,7772,5,0,0,0,0,0,0,0,0
530,2017-04-17,09:04:27,910,pp1709,XDCE,7771,7750,7828,29664,1154320560,501656,510168,8193,7413,7803,7739,0,7789,0,0,0,2017-04-17,32667910,7770,25,0,0,0,0,0,0,0,0,7772,5,0,0,0,0,0,0,0,0
531,2017-04-17,09:04:28,402,pp1709,XDCE,7771,7750,7828,29664,1154320560,501656,510168,8193,7413,7803,7739,0,7789,0,0,0,2017-04-17,32668402,7771,3,0,0,0,0,0,0,0,0,7772,4,0,0,0,0,0,0,0,0
532,2017-04-17,09:04:28,938,pp1709,XDCE,7771,7750,7828,29674,1154709150,501646,510168,8193,7413,7803,7739,0,7789,0,0,0,2017-04-17,32668938,7772,5,0,0,0,0,0,0,0,0,7773,15,0,0,0,0,0,0,0,0
533,2017-04-17,09:04:29,401,pp1709,XDCE,7769,7750,7828,29766,1158283620,501682,510168,8193,7413,7803,7739,0,7789,0,0,0,2017-04-17,32669401,7770,12,0,0,0,0,0,0,0,0,7772,3,0,0,0,0,0,0,0,0
534,2017-04-17,09:04:29,967,pp1709,XDCE,7772,7750,7828,29768,1158361340,501684,510168,8193,7413,7803,7739,0,7789,0,0,0,2017-04-17,32669967,7770,12,0,0,0,0,0,0,0,0,7772,3,0,0,0,0,0,0,0,0
535,2017-04-17,09:04:30,473,pp1709,XDCE,7772,7750,7828,29770,1158439060,501684,510168,8193,7413,7803,7739,0,7789,0,0,0,2017-04-17,32670473,7770,13,0,0,0,0,0,0,0,0,7771,1,0,0,0,0,0,0,0,0
536,2017-04-17,09:04:30,942,pp1709,XDCE,7772,7750,7828,29776,1158672210,501682,510168,8193,7413,7803,7739,0,7789,0,0,0,2017-04-17,32670942,7771,10,0,0,0,0,0,0,0,0,7772,1,0,0,0,0,0,0,0,0
537,2017-04-17,09:04:31,401,pp1709,XDCE,7772,7750,7828,29780,1158827650,501682,510168,8193,7413,7803,7739,0,7789,0,0,0,2017-04-17,32671401,7771,10,0,0,0,0,0,0,0,0,7773,10,0,0,0,0,0,0,0,0
