,dataDate,dataTime,dataMillisec,instrumentID,exchangeCD,lastPrice,lowPrice,highPrice,volume,value,openInterest,preOpenInterest,upperLimitPrice,lowerLimitPrice,preSettlementPrice,prevClosePrice,settlementPrice,openPrice,closePrice,preDelta,currDelta,clearingDay,milliSecOffset,bidPrice1,bidVolume1,bidPrice2,bidVolume2,bidPrice3,bidVolume3,bidPrice4,bidVolume4,bidPrice5,bidVolume5,askPrice1,askVolume1,askPrice2,askVolume2,askPrice3,askVolume3,askPrice4,askVolume4,askPrice5,askVolume5
0,2017-04-17,08:59:00,0,SF705,XZCE,5192,5192,5192,22,571120,15062,15050,5414,4898,5156,5150,0,5192,0,0,0,2017-04-17,32340000,5176,2,0,0,0,0,0,0,0,0,5192,6,0,0,0,0,0,0,0,0
1,2017-04-17,09:00:00,0,SF705,XZCE,5192,5192,5192,22,571120,15062,15050,5414,4898,5156,5150,0,5192,0,0,0,2017-04-17,32400000,5176,2,0,0,0,0,0,0,0,0,5192,8,0,0,0,0,0,0,0,0
2,2017-04-17,09:00:00,0,SF705,XZCE,5192,5192,5192,26,674960,15062,15050,5414,4898,5156,5150,0,5192,0,0,0,2017-04-17,32400000,5176,2,0,0,0,0,0,0,0,0,5180,1,0,0,0,0,0,0,0,0
3,2017-04-17,09:00:01,0,SF705,XZCE,5176,5176,5192,28,726720,15064,15050,5414,4898,5156,5150,0,5192,0,0,0,2017-04-17,32401000,5176,1,0,0,0,0,0,0,0,0,5180,1,0,0,0,0,0,0,0,0
4,2017-04-17,09:00:02,0,SF705,XZCE,5180,5176,5192,30,778520,15062,15050,5414,4898,5156,5150,0,5192,0,0,0,2017-04-17,32402000,5176,1,0,0,0,0,0,0,0,0,5190,2,0,0,0,0,0,0,0,0
5,2017-04-17,09:00:02,0,SF705,XZCE,5180,5176,5192,30,778520,15062,15050,5414,4898,5156,5150,0,5192,0,0,0,2017-04-17,32402000,5180,2,0,0,0,0,0,0,0,0,5190,2,0,0,0,0,0,0,0,0
6,2017-04-17,09:00:03,0,SF705,XZCE,5182,5176,5192,36,933980,15058,15050,5414,4898,5156,5150,0,5192,0,0,0,2017-04-17,32403000,5182,4,0,0,0,0,0,0,0,0,5190,2,0,0,0,0,0,0,0,0
7,2017-04-17,09:00:03,0,SF705,XZCE,5190,5176,5192,40,1037780,15058,15050,5414,4898,5156,5150,0,5192,0,0,0,2017-04-17,32403000,5182,4,0,0,0,0,0,0,0,0,5192,9,0,0,0,0,0,0,0,0
8,2017-04-17,09:00:04,0,SF705,XZCE,5192,5176,5192,48,1245460,15056,15050,5414,4898,5156,5150,0,5192,0,0,0,2017-04-17,32404000,5184,1,0,0,0,0,0,0,0,0,5192,5,0,0,0,0,0,0,0,0
9,2017-04-17,09:00:04,0,SF705,XZCE,5182,5176,5192,54,1400920,15054,15050,5414,4898,5156,5150,0,5192,0,0,0,2017-04-17,32404000,5182,3,0,0,0,0,0,0,0,0,5190,5,0,0,0,0,0,0,0,0
10,2017-04-17,09:00:05,0,SF705,XZCE,5182,5176,5192,56,1452740,15054,15050,5414,4898,5156,5150,0,5192,0,0,0,2017-04-17,32405000,5182,3,0,0,0,0,0,0,0,0,5188,1,0,0,0,0,0,0,0,0
11,2017-04-17,09:00:05,0,SF705,XZCE,5182,5176,5192,56,1452740,15054,15050,5414,4898,5156,5150,0,5192,0,0,0,2017-04-17,32405000,5182,3,0,0,0,0,0,0,0,0,5190,3,0,0,0,0,0,0,0,0
12,2017-04-17,09:00:06,0,SF705,XZCE,5190,5176,5192,58,1504640,15056,15050,5414,4898,5156,5150,0,5192,0,0,0,2017-04-17,32406000,5186,1,0,0,0,0,0,0,0,0,5190,2,0,0,0,0,0,0,0,0
13,2017-04-17,09:00:06,0,SF705,XZCE,5186,5176,5192,60,1556500,15054,15050,5414,4898,5156,5150,0,5192,0,0,0,2017-04-17,32406000,5182,3,0,0,0,0,0,0,0,0,5186,4,0,0,0,0,0,0,0,0
14,2017-04-17,09:00:07,0,SF705,XZCE,5182,5176,5192,64,1660140,15050,15050,5414,4898,5156,5150,0,5192,0,0,0,2017-04-17,32407000,5182,3,0,0,0,0,0,0,0,0,5184,5,0,0,0,0,0,0,0,0
15,2017-04-17,09:00:07,0,SF705,XZCE,5182,5176,5192,70,1815600,15052,15050,5414,4898,5156,5150,0,5192,0,0,0,2017-04-17,32407000,5176,3,0,0,0,0,0,0,0,0,5184,5,0,0,0,0,0,0,0,0
16,2017-04-17,09:00:07,0,SF705,XZCE,5182,5176,5192,70,1815600,15052,15050,5414,4898,5156,5150,0,5192,0,0,0,2017-04-17,32407000,5176,3,0,0,0,0,0,0,0,0,5182,2,0,0,0,0,0,0,0,0
17,2017-04-17,09:00:08,0,SF705,XZCE,5182,5176,5192,70,1815600,15052,15050,5414,4898,5156,5150,0,5192,0,0,0,2017-04-17,32408000,5176,3,0,0,0,0,0,0,0,0,5182,1,0,0,0,0,0,0,0,0
18,2017-04-17,09:00:09,0,SF705,XZCE,5182,5176,5192,70,1815600,15052,15050,5414,4898,5156,5150,0,5192,0,0,0,2017-04-17,32409000,5176,3,0,0,0,0,0,0,0,0,5180,2,0,0,0,0,0,0,0,0
19,2017-04-17,09:00:10,0,SF705,XZCE,5182,5176,5192,78,2022880,15050,15050,5414,4898,5156,5150,0,5192,0,0,0,2017-04-17,32410000,5178,1,0,0,0,0,0,0,0,0,5184,5,0,0,0,0,0,0,0,0
20,2017-04-17,09:00:11,0,SF705,XZCE,5182,5176,5192,78,2022880,15050,15050,5414,4898,5156,5150,0,5192,0,0,0,2017-04-17,32411000,5182,1,0,0,0,0,0,0,0,0,5184,5,0,0,0,0,0,0,0,0
21,2017-04-17,09:00:13,0,SF705,XZCE,5184,5176,5192,80,2074720,15048,15050,5414,4898,5156,5150,0,5192,0,0,0,2017-04-17,32413000,5182,1,0,0,0,0,0,0,0,0,5184,4,0,0,0,0,0,0,0,0
22,2017-04-17,09:00:13,0,SF705,XZCE,5184,5176,5192,88,2282080,15050,15050,5414,4898,5156,5150,0,5192,0,0,0,2017-04-17,32413000,5176,2,0,0,0,0,0,0,0,0,5184,3,0,0,0,0,0,0,0,0
23,2017-04-17,09:00:14,0,SF705,XZCE,5184,5176,5192,88,2282080,15050,15050,5414,4898,5156,5150,0,5192,0,0,0,2017-04-17,32414000,5176,2,0,0,0,0,0,0,0,0,5182,9,0,0,0,0,0,0,0,0
24,2017-04-17,09:00:14,0,SF705,XZCE,5176,5176,5192,92,2385600,15050,15050,5414,4898,5156,5150,0,5192,0,0,0,2017-04-17,32414000,5170,1,0,0,0,0,0,0,0,0,5182,9,0,0,0,0,0,0,0,0
25,2017-04-17,09:00:15,0,SF705,XZCE,5170,5170,5192,94,2437300,15050,15050,5414,4898,5156,5150,0,5192,0,0,0,2017-04-17,32415000,5166,2,0,0,0,0,0,0,0,0,5182,16,0,0,0,0,0,0,0,0
26,2017-04-17,09:00:15,0,SF705,XZCE,5170,5170,5192,94,2437300,15050,15050,5414,4898,5156,5150,0,5192,0,0,0,2017-04-17,32415000,5166,2,0,0,0,0,0,0,0,0,5176,1,0,0,0,0,0,0,0,0
27,2017-04-17,09:00:16,0,SF705,XZCE,5170,5170,5192,94,2437300,15050,15050,5414,4898,5156,5150,0,5192,0,0,0,2017-04-17,32416000,5166,2,0,0,0,0,0,0,0,0,5170,1,0,0,0,0,0,0,0,0
28,2017-04-17,09:00:17,0,SF705,XZCE,5170,5170,5192,96,2489000,15052,15050,5414,4898,5156,5150,0,5192,0,0,0,2017-04-17,32417000,5166,2,0,0,0,0,0,0,0,0,5176,2,0,0,0,0,0,0,0,0
29,2017-04-17,09:00:18,0,SF705,XZCE,5170,5170,5192,96,2489000,15052,15050,5414,4898,5156,5150,0,5192,0,0,0,2017-04-17,32418000,5168,1,0,0,0,0,0,0,0,0,5176,2,0,0,0,0,0,0,0,0
30,2017-04-17,09:00:18,0,SF705,XZCE,5176,5170,5192,98,2540760,15054,15050,5414,4898,5156,5150,0,5192,0,0,0,2017-04-17,32418000,5170,1,0,0,0,0,0,0,0,0,5176,1,0,0,0,0,0,0,0,0
31,2017-04-17,09:00:19,0,SF705,XZCE,5182,5170,5192,100,2592580,15054,15050,5414,4898,5156,5150,0,5192,0,0,0,2017-04-17,32419000,5170,1,0,0,0,0,0,0,0,0,5182,15,0,0,0,0,0,0,0,0
32,2017-04-17,09:00:19,0,SF705,XZCE,5182,5170,5192,102,2644400,15056,15050,5414,4898,5156,5150,0,5192,0,0,0,2017-04-17,32419000,5174,1,0,0,0,0,0,0,0,0,5182,14,0,0,0,0,0,0,0,0
33,2017-04-17,09:00:19,0,SF705,XZCE,5182,5170,5192,102,2644400,15056,15050,5414,4898,5156,5150,0,5192,0,0,0,2017-04-17,32419000,5170,1,0,0,0,0,0,0,0,0,5182,14,0,0,0,0,0,0,0,0
34,2017-04-17,09:00:20,0,SF705,XZCE,5182,5170,5192,102,2644400,15056,15050,5414,4898,5156,5150,0,5192,0,0,0,2017-04-17,32420000,5170,1,0,0,0,0,0,0,0,0,5176,1,0,0,0,0,0,0,0,0
35,2017-04-17,09:00:21,0,SF705,XZCE,5182,5170,5192,102,2644400,15056,15050,5414,4898,5156,5150,0,5192,0,0,0,2017-04-17,32421000,5172,1,0,0,0,0,0,0,0,0,5176,1,0,0,0,0,0,0,0,0
36,2017-04-17,09:00:22,0,SF705,XZCE,5176,5170,5192,104,2696160,15056,15050,5414,4898,5156,5150,0,5192,0,0,0,2017-04-17,32422000,5172,1,0,0,0,0,0,0,0,0,5178,1,0,0,0,0,0,0,0,0
37,2017-04-17,09:00:23,0,SF705,XZCE,5170,5170,5192,108,2799560,15056,15050,5414,4898,5156,5150,0,5192,0,0,0,2017-04-17,32423000,5166,2,0,0,0,0,0,0,0,0,5170,8,0,0,0,0,0,0,0,0
38,2017-04-17,09:00:25,0,SF705,XZCE,5166,5166,5192,112,2902880,15056,15050,5414,4898,5156,5150,0,5192,0,0,0,2017-04-17,32425000,5162,4,0,0,0,0,0,0,0,0,5166,2,0,0,0,0,0,0,0,0
39,2017-04-17,09:00:26,0,SF705,XZCE,5166,5166,5192,116,3006200,15060,15050,5414,4898,5156,5150,0,5192,0,0,0,2017-04-17,32426000,5162,4,0,0,0,0,0,0,0,0,5168,1,0,0,0,0,0,0,0,0
40,2017-04-17,09:00:27,0,SF705,XZCE,5170,5166,5192,122,3161300,15066,15050,5414,4898,5156,5150,0,5192,0,0,0,2017-04-17,32427000,5164,1,0,0,0,0,0,0,0,0,5170,6,0,0,0,0,0,0,0,0
41,2017-04-17,09:00:27,0,SF705,XZCE,5170,5166,5192,130,3368100,15074,15050,5414,4898,5156,5150,0,5192,0,0,0,2017-04-17,32427000,5166,9,0,0,0,0,0,0,0,0,5170,3,0,0,0,0,0,0,0,0
42,2017-04-17,09:00:28,0,SF705,XZCE,5170,5166,5192,132,3419800,15076,15050,5414,4898,5156,5150,0,5192,0,0,0,2017-04-17,32428000,5166,10,0,0,0,0,0,0,0,0,5170,2,0,0,0,0,0,0,0,0
43,2017-04-17,09:00:30,0,SF705,XZCE,5170,5166,5192,132,3419800,15076,15050,5414,4898,5156,5150,0,5192,0,0,0,2017-04-17,32430000,5166,1,0,0,0,0,0,0,0,0,5170,2,0,0,0,0,0,0,0,0
44,2017-04-17,09:00:31,0,SF705,XZCE,5164,5164,5192,136,3523080,15076,15050,5414,4898,5156,5150,0,5192,0,0,0,2017-04-17,32431000,5164,7,0,0,0,0,0,0,0,0,5170,2,0,0,0,0,0,0,0,0
45,2017-04-17,09:00:33,0,SF705,XZCE,5164,5164,5192,136,3523080,15076,15050,5414,4898,5156,5150,0,5192,0,0,0,2017-04-17,32433000,5162,5,0,0,0,0,0,0,0,0,5170,2,0,0,0,0,0,0,0,0
46,2017-04-17,09:00:34,0,SF705,XZCE,5164,5164,5192,136,3523080,15076,15050,5414,4898,5156,5150,0,5192,0,0,0,2017-04-17,32434000,5162,5,0,0,0,0,0,0,0,0,5164,3,0,0,0,0,0,0,0,0
47,2017-04-17,09:00:34,0,SF705,XZCE,5164,5164,5192,136,3523080,15076,15050,5414,4898,5156,5150,0,5192,0,0,0,2017-04-17,32434000,5162,5,0,0,0,0,0,0,0,0,5164,4,0,0,0,0,0,0,0,0
48,2017-04-17,09:00:39,0,SF705,XZCE,5164,5164,5192,138,3574720,15074,15050,5414,4898,5156,5150,0,5192,0,0,0,2017-04-17,32439000,5162,5,0,0,0,0,0,0,0,0,5164,3,0,0,0,0,0,0,0,0
49,2017-04-17,09:00:40,0,SF705,XZCE,5162,5162,5192,140,3626340,15072,15050,5414,4898,5156,5150,0,5192,0,0,0,2017-04-17,32440000,5158,2,0,0,0,0,0,0,0,0,5164,3,0,0,0,0,0,0,0,0
50,2017-04-17,09:00:41,0,SF705,XZCE,5164,5162,5192,142,3677980,15072,15050,5414,4898,5156,5150,0,5192,0,0,0,2017-04-17,32441000,5158,2,0,0,0,0,0,0,0,0,5164,2,0,0,0,0,0,0,0,0
51,2017-04-17,09:00:43,0,SF705,XZCE,5164,5162,5192,142,3677980,15072,15050,5414,4898,5156,5150,0,5192,0,0,0,2017-04-17,32443000,5158,2,0,0,0,0,0,0,0,0,5162,2,0,0,0,0,0,0,0,0
52,2017-04-17,09:00:44,0,SF705,XZCE,5164,5162,5192,154,3987820,15078,15050,5414,4898,5156,5150,0,5192,0,0,0,2017-04-17,32444000,5164,2,0,0,0,0,0,0,0,0,5166,2,0,0,0,0,0,0,0,0
53,2017-04-17,09:00:44,0,SF705,XZCE,5164,5162,5192,156,4039460,15080,15050,5414,4898,5156,5150,0,5192,0,0,0,2017-04-17,32444000,5164,1,0,0,0,0,0,0,0,0,5166,2,0,0,0,0,0,0,0,0
54,2017-04-17,09:00:45,0,SF705,XZCE,5158,5158,5192,166,4297360,15090,15050,5414,4898,5156,5150,0,5192,0,0,0,2017-04-17,32445000,5150,7,0,0,0,0,0,0,0,0,5158,15,0,0,0,0,0,0,0,0
55,2017-04-17,09:00:45,0,SF705,XZCE,5158,5158,5192,166,4297360,15090,15050,5414,4898,5156,5150,0,5192,0,0,0,2017-04-17,32445000,5150,7,0,0,0,0,0,0,0,0,5154,1,0,0,0,0,0,0,0,0
56,2017-04-17,09:00:46,0,SF705,XZCE,5158,5150,5192,170,4400520,15090,15050,5414,4898,5156,5150,0,5192,0,0,0,2017-04-17,32446000,5150,6,0,0,0,0,0,0,0,0,5158,18,0,0,0,0,0,0,0,0
57,2017-04-17,09:00:46,0,SF705,XZCE,5158,5150,5192,170,4400520,15090,15050,5414,4898,5156,5150,0,5192,0,0,0,2017-04-17,32446000,5152,2,0,0,0,0,0,0,0,0,5158,18,0,0,0,0,0,0,0,0
58,2017-04-17,09:00:47,0,SF705,XZCE,5158,5150,5192,170,4400520,15090,15050,5414,4898,5156,5150,0,5192,0,0,0,2017-04-17,32447000,5152,1,0,0,0,0,0,0,0,0,5158,18,0,0,0,0,0,0,0,0
59,2017-04-17,09:00:48,0,SF705,XZCE,5152,5150,5192,172,4452040,15092,15050,5414,4898,5156,5150,0,5192,0,0,0,2017-04-17,32448000,5150,6,0,0,0,0,0,0,0,0,5158,18,0,0,0,0,0,0,0,0
60,2017-04-17,09:00:48,0,SF705,XZCE,5152,5150,5192,172,4452040,15092,15050,5414,4898,5156,5150,0,5192,0,0,0,2017-04-17,32448000,5150,6,0,0,0,0,0,0,0,0,5156,1,0,0,0,0,0,0,0,0
61,2017-04-17,09:00:49,0,SF705,XZCE,5150,5150,5192,180,4658040,15088,15050,5414,4898,5156,5150,0,5192,0,0,0,2017-04-17,32449000,5150,2,0,0,0,0,0,0,0,0,5152,1,0,0,0,0,0,0,0,0
62,2017-04-17,09:00:50,0,SF705,XZCE,5152,5150,5192,184,4761080,15088,15050,5414,4898,5156,5150,0,5192,0,0,0,2017-04-17,32450000,5152,3,0,0,0,0,0,0,0,0,5154,1,0,0,0,0,0,0,0,0
63,2017-04-17,09:00:51,0,SF705,XZCE,5152,5150,5192,192,4967160,15088,15050,5414,4898,5156,5150,0,5192,0,0,0,2017-04-17,32451000,5150,2,0,0,0,0,0,0,0,0,5152,17,0,0,0,0,0,0,0,0
64,2017-04-17,09:00:51,0,SF705,XZCE,5152,5150,5192,194,5018680,15090,15050,5414,4898,5156,5150,0,5192,0,0,0,2017-04-17,32451000,5150,2,0,0,0,0,0,0,0,0,5152,16,0,0,0,0,0,0,0,0
65,2017-04-17,09:00:52,0,SF705,XZCE,5150,5150,5192,196,5070180,15092,15050,5414,4898,5156,5150,0,5192,0,0,0,2017-04-17,32452000,5150,1,0,0,0,0,0,0,0,0,5152,16,0,0,0,0,0,0,0,0
66,2017-04-17,09:00:53,0,SF705,XZCE,5152,5150,5192,198,5121700,15094,15050,5414,4898,5156,5150,0,5192,0,0,0,2017-04-17,32453000,5150,1,0,0,0,0,0,0,0,0,5152,15,0,0,0,0,0,0,0,0
67,2017-04-17,09:00:54,0,SF705,XZCE,5152,5150,5192,200,5173220,15096,15050,5414,4898,5156,5150,0,5192,0,0,0,2017-04-17,32454000,5150,1,0,0,0,0,0,0,0,0,5152,14,0,0,0,0,0,0,0,0
68,2017-04-17,09:00:55,0,SF705,XZCE,5152,5150,5192,212,5482340,15106,15050,5414,4898,5156,5150,0,5192,0,0,0,2017-04-17,32455000,5150,1,0,0,0,0,0,0,0,0,5152,8,0,0,0,0,0,0,0,0
69,2017-04-17,09:00:55,0,SF705,XZCE,5152,5150,5192,220,5688420,15108,15050,5414,4898,5156,5150,0,5192,0,0,0,2017-04-17,32455000,5150,2,0,0,0,0,0,0,0,0,5152,4,0,0,0,0,0,0,0,0
70,2017-04-17,09:00:56,0,SF705,XZCE,5152,5150,5192,224,5791460,15110,15050,5414,4898,5156,5150,0,5192,0,0,0,2017-04-17,32456000,5150,2,0,0,0,0,0,0,0,0,5152,2,0,0,0,0,0,0,0,0
71,2017-04-17,09:00:56,0,SF705,XZCE,5152,5150,5192,226,5842980,15112,15050,5414,4898,5156,5150,0,5192,0,0,0,2017-04-17,32456000,5150,2,0,0,0,0,0,0,0,0,5152,1,0,0,0,0,0,0,0,0
72,2017-04-17,09:00:57,0,SF705,XZCE,5152,5150,5192,228,5894500,15114,15050,5414,4898,5156,5150,0,5192,0,0,0,2017-04-17,32457000,5150,2,0,0,0,0,0,0,0,0,5158,15,0,0,0,0,0,0,0,0
73,2017-04-17,09:00:57,0,SF705,XZCE,5152,5150,5192,228,5894500,15114,15050,5414,4898,5156,5150,0,5192,0,0,0,2017-04-17,32457000,5152,2,0,0,0,0,0,0,0,0,5158,15,0,0,0,0,0,0,0,0
74,2017-04-17,09:00:58,0,SF705,XZCE,5152,5150,5192,228,5894500,15114,15050,5414,4898,5156,5150,0,5192,0,0,0,2017-04-17,32458000,5152,1,0,0,0,0,0,0,0,0,5158,14,0,0,0,0,0,0,0,0
75,2017-04-17,09:01:01,0,SF705,XZCE,5158,5150,5192,230,5946080,15116,15050,5414,4898,5156,5150,0,5192,0,0,0,2017-04-17,32461000,5152,1,0,0,0,0,0,0,0,0,5158,13,0,0,0,0,0,0,0,0
76,2017-04-17,09:01:02,0,SF705,XZCE,5158,5150,5192,230,5946080,15116,15050,5414,4898,5156,5150,0,5192,0,0,0,2017-04-17,32462000,5154,1,0,0,0,0,0,0,0,0,5158,13,0,0,0,0,0,0,0,0
77,2017-04-17,09:01:02,0,SF705,XZCE,5154,5150,5192,232,5997620,15116,15050,5414,4898,5156,5150,0,5192,0,0,0,2017-04-17,32462000,5152,2,0,0,0,0,0,0,0,0,5158,13,0,0,0,0,0,0,0,0
78,2017-04-17,09:01:03,0,SF705,XZCE,5152,5150,5192,234,6049140,15118,15050,5414,4898,5156,5150,0,5192,0,0,0,2017-04-17,32463000,5152,1,0,0,0,0,0,0,0,0,5158,13,0,0,0,0,0,0,0,0
79,2017-04-17,09:01:03,0,SF705,XZCE,5152,5150,5192,234,6049140,15118,15050,5414,4898,5156,5150,0,5192,0,0,0,2017-04-17,32463000,5152,1,0,0,0,0,0,0,0,0,5156,1,0,0,0,0,0,0,0,0
80,2017-04-17,09:01:04,0,SF705,XZCE,5152,5150,5192,236,6100660,15120,15050,5414,4898,5156,5150,0,5192,0,0,0,2017-04-17,32464000,5150,1,0,0,0,0,0,0,0,0,5152,3,0,0,0,0,0,0,0,0
81,2017-04-17,09:01:06,0,SF705,XZCE,5152,5150,5192,238,6152180,15122,15050,5414,4898,5156,5150,0,5192,0,0,0,2017-04-17,32466000,5150,1,0,0,0,0,0,0,0,0,5152,2,0,0,0,0,0,0,0,0
82,2017-04-17,09:01:06,0,SF705,XZCE,5150,5150,5192,240,6203680,15124,15050,5414,4898,5156,5150,0,5192,0,0,0,2017-04-17,32466000,5148,1,0,0,0,0,0,0,0,0,5152,2,0,0,0,0,0,0,0,0
83,2017-04-17,09:01:07,0,SF705,XZCE,5150,5150,5192,242,6255180,15124,15050,5414,4898,5156,5150,0,5192,0,0,0,2017-04-17,32467000,5148,1,0,0,0,0,0,0,0,0,5152,2,0,0,0,0,0,0,0,0
84,2017-04-17,09:01:08,0,SF705,XZCE,5150,5150,5192,244,6306680,15122,15050,5414,4898,5156,5150,0,5192,0,0,0,2017-04-17,32468000,5148,1,0,0,0,0,0,0,0,0,5150,1,0,0,0,0,0,0,0,0
85,2017-04-17,09:01:13,0,SF705,XZCE,5148,5148,5192,246,6358160,15124,15050,5414,4898,5156,5150,0,5192,0,0,0,2017-04-17,32473000,5146,11,0,0,0,0,0,0,0,0,5150,1,0,0,0,0,0,0,0,0
86,2017-04-17,09:01:15,0,SF705,XZCE,5148,5148,5192,246,6358160,15124,15050,5414,4898,5156,5150,0,5192,0,0,0,2017-04-17,32475000,5148,1,0,0,0,0,0,0,0,0,5150,1,0,0,0,0,0,0,0,0
87,2017-04-17,09:01:15,0,SF705,XZCE,5146,5146,5192,252,6512540,15124,15050,5414,4898,5156,5150,0,5192,0,0,0,2017-04-17,32475000,5146,9,0,0,0,0,0,0,0,0,5148,2,0,0,0,0,0,0,0,0
88,2017-04-17,09:01:16,0,SF705,XZCE,5146,5146,5192,254,6564000,15126,15050,5414,4898,5156,5150,0,5192,0,0,0,2017-04-17,32476000,5146,8,0,0,0,0,0,0,0,0,5148,2,0,0,0,0,0,0,0,0
89,2017-04-17,09:01:17,0,SF705,XZCE,5146,5146,5192,258,6666920,15130,15050,5414,4898,5156,5150,0,5192,0,0,0,2017-04-17,32477000,5146,6,0,0,0,0,0,0,0,0,5150,1,0,0,0,0,0,0,0,0
90,2017-04-17,09:01:18,0,SF705,XZCE,5150,5146,5192,266,6872920,15122,15050,5414,4898,5156,5150,0,5192,0,0,0,2017-04-17,32478000,5146,6,0,0,0,0,0,0,0,0,5150,1,0,0,0,0,0,0,0,0
91,2017-04-17,09:01:19,0,SF705,XZCE,5150,5146,5192,266,6872920,15122,15050,5414,4898,5156,5150,0,5192,0,0,0,2017-04-17,32479000,5148,1,0,0,0,0,0,0,0,0,5150,1,0,0,0,0,0,0,0,0
92,2017-04-17,09:01:23,0,SF705,XZCE,5150,5146,5192,266,6872920,15122,15050,5414,4898,5156,5150,0,5192,0,0,0,2017-04-17,32483000,5148,1,0,0,0,0,0,0,0,0,5152,2,0,0,0,0,0,0,0,0
93,2017-04-17,09:01:24,0,SF705,XZCE,5148,5146,5192,268,6924400,15124,15050,5414,4898,5156,5150,0,5192,0,0,0,2017-04-17,32484000,5146,7,0,0,0,0,0,0,0,0,5148,19,0,0,0,0,0,0,0,0
94,2017-04-17,09:01:24,0,SF705,XZCE,5146,5146,5192,270,6975860,15124,15050,5414,4898,5156,5150,0,5192,0,0,0,2017-04-17,32484000,5146,6,0,0,0,0,0,0,0,0,5148,19,0,0,0,0,0,0,0,0
95,2017-04-17,09:01:28,0,SF705,XZCE,5148,5146,5192,272,7027340,15126,15050,5414,4898,5156,5150,0,5192,0,0,0,2017-04-17,32488000,5146,6,0,0,0,0,0,0,0,0,5148,18,0,0,0,0,0,0,0,0
96,2017-04-17,09:01:29,0,SF705,XZCE,5148,5146,5192,274,7078820,15128,15050,5414,4898,5156,5150,0,5192,0,0,0,2017-04-17,32489000,5146,6,0,0,0,0,0,0,0,0,5148,17,0,0,0,0,0,0,0,0
97,2017-04-17,09:01:29,0,SF705,XZCE,5148,5146,5192,308,7953980,15162,15050,5414,4898,5156,5150,0,5192,0,0,0,2017-04-17,32489000,5148,1,0,0,0,0,0,0,0,0,5154,1,0,0,0,0,0,0,0,0
98,2017-04-17,09:01:30,0,SF705,XZCE,5148,5146,5192,310,8005460,15162,15050,5414,4898,5156,5150,0,5192,0,0,0,2017-04-17,32490000,5148,1,0,0,0,0,0,0,0,0,5154,1,0,0,0,0,0,0,0,0
99,2017-04-17,09:01:33,0,SF705,XZCE,5154,5146,5192,312,8057000,15164,15050,5414,4898,5156,5150,0,5192,0,0,0,2017-04-17,32493000,5148,1,0,0,0,0,0,0,0,0,5156,1,0,0,0,0,0,0,0,0
100,2017-04-17,09:01:33,0,SF705,XZCE,5150,5146,5192,314,8108500,15166,15050,5414,4898,5156,5150,0,5192,0,0,0,2017-04-17,32493000,5148,1,0,0,0,0,0,0,0,0,5154,2,0,0,0,0,0,0,0,0
101,2017-04-17,09:01:34,0,SF705,XZCE,5150,5146,5192,314,8108500,15166,15050,5414,4898,5156,5150,0,5192,0,0,0,2017-04-17,32494000,5148,1,0,0,0,0,0,0,0,0,5152,1,0,0,0,0,0,0,0,0
102,2017-04-17,09:01:35,0,SF705,XZCE,5148,5146,5192,316,8159980,15168,15050,5414,4898,5156,5150,0,5192,0,0,0,2017-04-17,32495000,5148,1,0,0,0,0,0,0,0,0,5152,1,0,0,0,0,0,0,0,0
103,2017-04-17,09:01:36,0,SF705,XZCE,5148,5146,5192,316,8159980,15168,15050,5414,4898,5156,5150,0,5192,0,0,0,2017-04-17,32496000,5148,1,0,0,0,0,0,0,0,0,5152,3,0,0,0,0,0,0,0,0
104,2017-04-17,09:01:36,0,SF705,XZCE,5148,5146,5192,316,8159980,15168,15050,5414,4898,5156,5150,0,5192,0,0,0,2017-04-17,32496000,5150,1,0,0,0,0,0,0,0,0,5152,3,0,0,0,0,0,0,0,0
105,2017-04-17,09:01:44,0,SF705,XZCE,5148,5146,5192,316,8159980,15168,15050,5414,4898,5156,5150,0,5192,0,0,0,2017-04-17,32504000,5150,1,0,0,0,0,0,0,0,0,5152,2,0,0,0,0,0,0,0,0
106,2017-04-17,09:01:48,0,SF705,XZCE,5154,5146,5192,322,8314600,15166,15050,5414,4898,5156,5150,0,5192,0,0,0,2017-04-17,32508000,5154,1,0,0,0,0,0,0,0,0,5156,1,0,0,0,0,0,0,0,0
107,2017-04-17,09:01:48,0,SF705,XZCE,5162,5146,5192,326,8417840,15166,15050,5414,4898,5156,5150,0,5192,0,0,0,2017-04-17,32508000,5156,1,0,0,0,0,0,0,0,0,5162,4,0,0,0,0,0,0,0,0
108,2017-04-17,09:01:49,0,SF705,XZCE,5162,5146,5192,326,8417840,15166,15050,5414,4898,5156,5150,0,5192,0,0,0,2017-04-17,32509000,5156,2,0,0,0,0,0,0,0,0,5162,4,0,0,0,0,0,0,0,0
109,2017-04-17,09:01:50,0,SF705,XZCE,5162,5146,5192,326,8417840,15166,15050,5414,4898,5156,5150,0,5192,0,0,0,2017-04-17,32510000,5156,1,0,0,0,0,0,0,0,0,5160,2,0,0,0,0,0,0,0,0
110,2017-04-17,09:01:52,0,SF705,XZCE,5162,5146,5192,328,8469460,15164,15050,5414,4898,5156,5150,0,5192,0,0,0,2017-04-17,32512000,5156,1,0,0,0,0,0,0,0,0,5160,1,0,0,0,0,0,0,0,0
111,2017-04-17,09:01:54,0,SF705,XZCE,5162,5146,5192,330,8521080,15166,15050,5414,4898,5156,5150,0,5192,0,0,0,2017-04-17,32514000,5156,3,0,0,0,0,0,0,0,0,5162,4,0,0,0,0,0,0,0,0
112,2017-04-17,09:01:54,0,SF705,XZCE,5162,5146,5192,330,8521080,15166,15050,5414,4898,5156,5150,0,5192,0,0,0,2017-04-17,32514000,5156,3,0,0,0,0,0,0,0,0,5160,1,0,0,0,0,0,0,0,0
113,2017-04-17,09:01:55,0,SF705,XZCE,5156,5146,5192,336,8675760,15168,15050,5414,4898,5156,5150,0,5192,0,0,0,2017-04-17,32515000,5150,3,0,0,0,0,0,0,0,0,5156,10,0,0,0,0,0,0,0,0
114,2017-04-17,09:01:56,0,SF705,XZCE,5152,5146,5192,338,8727280,15166,15050,5414,4898,5156,5150,0,5192,0,0,0,2017-04-17,32516000,5150,3,0,0,0,0,0,0,0,0,5156,10,0,0,0,0,0,0,0,0
115,2017-04-17,09:01:57,0,SF705,XZCE,5154,5146,5192,340,8778820,15168,15050,5414,4898,5156,5150,0,5192,0,0,0,2017-04-17,32517000,5150,1,0,0,0,0,0,0,0,0,5154,3,0,0,0,0,0,0,0,0
116,2017-04-17,09:01:57,0,SF705,XZCE,5154,5146,5192,342,8830360,15170,15050,5414,4898,5156,5150,0,5192,0,0,0,2017-04-17,32517000,5150,1,0,0,0,0,0,0,0,0,5152,1,0,0,0,0,0,0,0,0
117,2017-04-17,09:02:02,0,SF705,XZCE,5150,5146,5192,344,8881860,15172,15050,5414,4898,5156,5150,0,5192,0,0,0,2017-04-17,32522000,5148,3,0,0,0,0,0,0,0,0,5152,1,0,0,0,0,0,0,0,0
118,2017-04-17,09:02:13,0,SF705,XZCE,5148,5146,5192,346,8933340,15172,15050,5414,4898,5156,5150,0,5192,0,0,0,2017-04-17,32533000,5148,2,0,0,0,0,0,0,0,0,5152,1,0,0,0,0,0,0,0,0
119,2017-04-17,09:02:19,0,SF705,XZCE,5148,5146,5192,346,8933340,15172,15050,5414,4898,5156,5150,0,5192,0,0,0,2017-04-17,32539000,5148,4,0,0,0,0,0,0,0,0,5156,10,0,0,0,0,0,0,0,0
120,2017-04-17,09:02:19,0,SF705,XZCE,5148,5146,5192,346,8933340,15172,15050,5414,4898,5156,5150,0,5192,0,0,0,2017-04-17,32539000,5150,1,0,0,0,0,0,0,0,0,5156,10,0,0,0,0,0,0,0,0
121,2017-04-17,09:02:25,0,SF705,XZCE,5148,5146,5192,346,8933340,15172,15050,5414,4898,5156,5150,0,5192,0,0,0,2017-04-17,32545000,5150,1,0,0,0,0,0,0,0,0,5154,1,0,0,0,0,0,0,0,0
122,2017-04-17,09:02:33,0,SF705,XZCE,5150,5146,5192,350,9036340,15170,15050,5414,4898,5156,5150,0,5192,0,0,0,2017-04-17,32553000,5150,2,0,0,0,0,0,0,0,0,5154,2,0,0,0,0,0,0,0,0
123,2017-04-17,09:02:36,0,SF705,XZCE,5156,5146,5192,356,9191020,15168,15050,5414,4898,5156,5150,0,5192,0,0,0,2017-04-17,32556000,5150,2,0,0,0,0,0,0,0,0,5156,9,0,0,0,0,0,0,0,0
124,2017-04-17,09:02:36,0,SF705,XZCE,5156,5146,5192,356,9191020,15168,15050,5414,4898,5156,5150,0,5192,0,0,0,2017-04-17,32556000,5148,4,0,0,0,0,0,0,0,0,5156,9,0,0,0,0,0,0,0,0
125,2017-04-17,09:02:36,0,SF705,XZCE,5156,5146,5192,356,9191020,15168,15050,5414,4898,5156,5150,0,5192,0,0,0,2017-04-17,32556000,5148,4,0,0,0,0,0,0,0,0,5154,1,0,0,0,0,0,0,0,0
126,2017-04-17,09:02:37,0,SF705,XZCE,5156,5146,5192,356,9191020,15168,15050,5414,4898,5156,5150,0,5192,0,0,0,2017-04-17,32557000,5148,4,0,0,0,0,0,0,0,0,5152,2,0,0,0,0,0,0,0,0
127,2017-04-17,09:02:39,0,SF705,XZCE,5156,5146,5192,356,9191020,15168,15050,5414,4898,5156,5150,0,5192,0,0,0,2017-04-17,32559000,5148,2,0,0,0,0,0,0,0,0,5154,1,0,0,0,0,0,0,0,0
128,2017-04-17,09:02:40,0,SF705,XZCE,5156,5146,5192,356,9191020,15168,15050,5414,4898,5156,5150,0,5192,0,0,0,2017-04-17,32560000,5148,2,0,0,0,0,0,0,0,0,5152,2,0,0,0,0,0,0,0,0
129,2017-04-17,09:02:40,0,SF705,XZCE,5156,5146,5192,356,9191020,15168,15050,5414,4898,5156,5150,0,5192,0,0,0,2017-04-17,32560000,5150,5,0,0,0,0,0,0,0,0,5152,2,0,0,0,0,0,0,0,0
130,2017-04-17,09:02:41,0,SF705,XZCE,5152,5146,5192,360,9294060,15164,15050,5414,4898,5156,5150,0,5192,0,0,0,2017-04-17,32561000,5150,6,0,0,0,0,0,0,0,0,5154,1,0,0,0,0,0,0,0,0
131,2017-04-17,09:02:43,0,SF705,XZCE,5152,5146,5192,360,9294060,15164,15050,5414,4898,5156,5150,0,5192,0,0,0,2017-04-17,32563000,5152,1,0,0,0,0,0,0,0,0,5154,1,0,0,0,0,0,0,0,0
132,2017-04-17,09:02:43,0,SF705,XZCE,5152,5146,5192,360,9294060,15164,15050,5414,4898,5156,5150,0,5192,0,0,0,2017-04-17,32563000,5152,2,0,0,0,0,0,0,0,0,5156,9,0,0,0,0,0,0,0,0
133,2017-04-17,09:02:44,0,SF705,XZCE,5152,5146,5192,364,9397100,15166,15050,5414,4898,5156,5150,0,5192,0,0,0,2017-04-17,32564000,5150,6,0,0,0,0,0,0,0,0,5152,8,0,0,0,0,0,0,0,0
134,2017-04-17,09:02:45,0,SF705,XZCE,5152,5146,5192,380,9809260,15172,15050,5414,4898,5156,5150,0,5192,0,0,0,2017-04-17,32565000,5152,5,0,0,0,0,0,0,0,0,5156,9,0,0,0,0,0,0,0,0
135,2017-04-17,09:02:46,0,SF705,XZCE,5152,5146,5192,380,9809260,15172,15050,5414,4898,5156,5150,0,5192,0,0,0,2017-04-17,32566000,5154,2,0,0,0,0,0,0,0,0,5156,9,0,0,0,0,0,0,0,0
136,2017-04-17,09:02:48,0,SF705,XZCE,5152,5146,5192,384,9912300,15172,15050,5414,4898,5156,5150,0,5192,0,0,0,2017-04-17,32568000,5152,1,0,0,0,0,0,0,0,0,5156,9,0,0,0,0,0,0,0,0
137,2017-04-17,09:02:50,0,SF705,XZCE,5152,5146,5192,384,9912300,15172,15050,5414,4898,5156,5150,0,5192,0,0,0,2017-04-17,32570000,5152,2,0,0,0,0,0,0,0,0,5156,9,0,0,0,0,0,0,0,0
138,2017-04-17,09:02:50,0,SF705,XZCE,5156,5146,5192,386,9963860,15172,15050,5414,4898,5156,5150,0,5192,0,0,0,2017-04-17,32570000,5152,4,0,0,0,0,0,0,0,0,5156,8,0,0,0,0,0,0,0,0
139,2017-04-17,09:02:51,0,SF705,XZCE,5156,5146,5192,402,10376340,15182,15050,5414,4898,5156,5150,0,5192,0,0,0,2017-04-17,32571000,5154,2,0,0,0,0,0,0,0,0,5160,1,0,0,0,0,0,0,0,0
140,2017-04-17,09:02:51,0,SF705,XZCE,5156,5146,5192,402,10376340,15182,15050,5414,4898,5156,5150,0,5192,0,0,0,2017-04-17,32571000,5154,3,0,0,0,0,0,0,0,0,5160,1,0,0,0,0,0,0,0,0
141,2017-04-17,09:02:52,0,SF705,XZCE,5156,5146,5192,402,10376340,15182,15050,5414,4898,5156,5150,0,5192,0,0,0,2017-04-17,32572000,5154,3,0,0,0,0,0,0,0,0,5156,30,0,0,0,0,0,0,0,0
142,2017-04-17,09:02:53,0,SF705,XZCE,5156,5146,5192,402,10376340,15182,15050,5414,4898,5156,5150,0,5192,0,0,0,2017-04-17,32573000,5154,2,0,0,0,0,0,0,0,0,5156,30,0,0,0,0,0,0,0,0
143,2017-04-17,09:02:54,0,SF705,XZCE,5156,5146,5192,404,10427900,15184,15050,5414,4898,5156,5150,0,5192,0,0,0,2017-04-17,32574000,5154,2,0,0,0,0,0,0,0,0,5156,29,0,0,0,0,0,0,0,0
144,2017-04-17,09:02:56,0,SF705,XZCE,5156,5146,5192,404,10427900,15184,15050,5414,4898,5156,5150,0,5192,0,0,0,2017-04-17,32576000,5154,2,0,0,0,0,0,0,0,0,5156,30,0,0,0,0,0,0,0,0
145,2017-04-17,09:02:57,0,SF705,XZCE,5156,5146,5192,406,10479460,15186,15050,5414,4898,5156,5150,0,5192,0,0,0,2017-04-17,32577000,5152,4,0,0,0,0,0,0,0,0,5156,29,0,0,0,0,0,0,0,0
146,2017-04-17,09:02:57,0,SF705,XZCE,5156,5146,5192,406,10479460,15186,15050,5414,4898,5156,5150,0,5192,0,0,0,2017-04-17,32577000,5152,5,0,0,0,0,0,0,0,0,5156,29,0,0,0,0,0,0,0,0
147,2017-04-17,09:02:58,0,SF705,XZCE,5156,5146,5192,406,10479460,15186,15050,5414,4898,5156,5150,0,5192,0,0,0,2017-04-17,32578000,5154,1,0,0,0,0,0,0,0,0,5156,29,0,0,0,0,0,0,0,0
148,2017-04-17,09:02:59,0,SF705,XZCE,5156,5146,5192,408,10531020,15186,15050,5414,4898,5156,5150,0,5192,0,0,0,2017-04-17,32579000,5152,4,0,0,0,0,0,0,0,0,5156,28,0,0,0,0,0,0,0,0
149,2017-04-17,09:03:00,0,SF705,XZCE,5156,5146,5192,408,10531020,15186,15050,5414,4898,5156,5150,0,5192,0,0,0,2017-04-17,32580000,5154,2,0,0,0,0,0,0,0,0,5156,28,0,0,0,0,0,0,0,0
150,2017-04-17,09:03:05,0,SF705,XZCE,5154,5146,5192,410,10582560,15188,15050,5414,4898,5156,5150,0,5192,0,0,0,2017-04-17,32585000,5154,1,0,0,0,0,0,0,0,0,5156,28,0,0,0,0,0,0,0,0
151,2017-04-17,09:03:07,0,SF705,XZCE,5154,5146,5192,412,10634100,15190,15050,5414,4898,5156,5150,0,5192,0,0,0,2017-04-17,32587000,5152,3,0,0,0,0,0,0,0,0,5154,1,0,0,0,0,0,0,0,0
152,2017-04-17,09:03:09,0,SF705,XZCE,5150,5146,5192,420,10840100,15192,15050,5414,4898,5156,5150,0,5192,0,0,0,2017-04-17,32589000,5146,6,0,0,0,0,0,0,0,0,5152,9,0,0,0,0,0,0,0,0
153,2017-04-17,09:03:09,0,SF705,XZCE,5150,5146,5192,420,10840100,15192,15050,5414,4898,5156,5150,0,5192,0,0,0,2017-04-17,32589000,5146,6,0,0,0,0,0,0,0,0,5152,10,0,0,0,0,0,0,0,0
154,2017-04-17,09:03:11,0,SF705,XZCE,5150,5146,5192,420,10840100,15192,15050,5414,4898,5156,5150,0,5192,0,0,0,2017-04-17,32591000,5146,4,0,0,0,0,0,0,0,0,5152,6,0,0,0,0,0,0,0,0
155,2017-04-17,09:03:13,0,SF705,XZCE,5150,5146,5192,420,10840100,15192,15050,5414,4898,5156,5150,0,5192,0,0,0,2017-04-17,32593000,5148,5,0,0,0,0,0,0,0,0,5152,6,0,0,0,0,0,0,0,0
156,2017-04-17,09:03:16,0,SF705,XZCE,5152,5146,5192,422,10891620,15192,15050,5414,4898,5156,5150,0,5192,0,0,0,2017-04-17,32596000,5148,6,0,0,0,0,0,0,0,0,5152,5,0,0,0,0,0,0,0,0
157,2017-04-17,09:03:17,0,SF705,XZCE,5148,5146,5192,424,10943100,15192,15050,5414,4898,5156,5150,0,5192,0,0,0,2017-04-17,32597000,5148,5,0,0,0,0,0,0,0,0,5152,5,0,0,0,0,0,0,0,0
158,2017-04-17,09:03:17,0,SF705,XZCE,5148,5146,5192,426,10994580,15194,15050,5414,4898,5156,5150,0,5192,0,0,0,2017-04-17,32597000,5148,4,0,0,0,0,0,0,0,0,5152,5,0,0,0,0,0,0,0,0
159,2017-04-17,09:03:19,0,SF705,XZCE,5146,5146,5192,442,11406260,15200,15050,5414,4898,5156,5150,0,5192,0,0,0,2017-04-17,32599000,5140,1,0,0,0,0,0,0,0,0,5148,28,0,0,0,0,0,0,0,0
160,2017-04-17,09:03:20,0,SF705,XZCE,5146,5146,5192,442,11406260,15200,15050,5414,4898,5156,5150,0,5192,0,0,0,2017-04-17,32600000,5140,1,0,0,0,0,0,0,0,0,5146,5,0,0,0,0,0,0,0,0
161,2017-04-17,09:03:20,0,SF705,XZCE,5146,5146,5192,442,11406260,15200,15050,5414,4898,5156,5150,0,5192,0,0,0,2017-04-17,32600000,5140,6,0,0,0,0,0,0,0,0,5146,5,0,0,0,0,0,0,0,0
162,2017-04-17,09:03:20,0,SF705,XZCE,5146,5146,5192,442,11406260,15200,15050,5414,4898,5156,5150,0,5192,0,0,0,2017-04-17,32600000,5140,6,0,0,0,0,0,0,0,0,5148,29,0,0,0,0,0,0,0,0
163,2017-04-17,09:03:26,0,SF705,XZCE,5140,5140,5192,446,11509060,15202,15050,5414,4898,5156,5150,0,5192,0,0,0,2017-04-17,32606000,5140,4,0,0,0,0,0,0,0,0,5148,29,0,0,0,0,0,0,0,0
164,2017-04-17,09:03:31,0,SF705,XZCE,5148,5140,5192,448,11560540,15204,15050,5414,4898,5156,5150,0,5192,0,0,0,2017-04-17,32611000,5140,4,0,0,0,0,0,0,0,0,5148,28,0,0,0,0,0,0,0,0
165,2017-04-17,09:03:35,0,SF705,XZCE,5148,5140,5192,448,11560540,15204,15050,5414,4898,5156,5150,0,5192,0,0,0,2017-04-17,32615000,5140,4,0,0,0,0,0,0,0,0,5146,3,0,0,0,0,0,0,0,0
166,2017-04-17,09:03:38,0,SF705,XZCE,5126,5126,5192,458,11816840,15210,15050,5414,4898,5156,5150,0,5192,0,0,0,2017-04-17,32618000,5120,3,0,0,0,0,0,0,0,0,5126,3,0,0,0,0,0,0,0,0
167,2017-04-17,09:03:38,0,SF705,XZCE,5120,5120,5192,464,11970440,15210,15050,5414,4898,5156,5150,0,5192,0,0,0,2017-04-17,32618000,5120,2,0,0,0,0,0,0,0,0,5124,6,0,0,0,0,0,0,0,0
168,2017-04-17,09:03:39,0,SF705,XZCE,5116,5116,5192,512,13198280,15176,15050,5414,4898,5156,5150,0,5192,0,0,0,2017-04-17,32619000,5116,3,0,0,0,0,0,0,0,0,5124,6,0,0,0,0,0,0,0,0
169,2017-04-17,09:03:39,0,SF705,XZCE,5122,5116,5192,514,13249500,15178,15050,5414,4898,5156,5150,0,5192,0,0,0,2017-04-17,32619000,5118,1,0,0,0,0,0,0,0,0,5122,1,0,0,0,0,0,0,0,0
170,2017-04-17,09:03:39,0,SF705,XZCE,5118,5116,5192,516,13300680,15176,15050,5414,4898,5156,5150,0,5192,0,0,0,2017-04-17,32619000,5116,3,0,0,0,0,0,0,0,0,5122,1,0,0,0,0,0,0,0,0
171,2017-04-17,09:03:41,0,SF705,XZCE,5122,5116,5192,518,13351900,15178,15050,5414,4898,5156,5150,0,5192,0,0,0,2017-04-17,32621000,5118,1,0,0,0,0,0,0,0,0,5124,6,0,0,0,0,0,0,0,0
172,2017-04-17,09:03:41,0,SF705,XZCE,5124,5116,5192,520,13403140,15176,15050,5414,4898,5156,5150,0,5192,0,0,0,2017-04-17,32621000,5118,1,0,0,0,0,0,0,0,0,5124,5,0,0,0,0,0,0,0,0
173,2017-04-17,09:03:42,0,SF705,XZCE,5116,5116,5192,540,13914740,15184,15050,5414,4898,5156,5150,0,5192,0,0,0,2017-04-17,32622000,5114,10,0,0,0,0,0,0,0,0,5116,11,0,0,0,0,0,0,0,0
174,2017-04-17,09:03:43,0,SF705,XZCE,5116,5116,5192,546,14068220,15184,15050,5414,4898,5156,5150,0,5192,0,0,0,2017-04-17,32623000,5114,10,0,0,0,0,0,0,0,0,5116,8,0,0,0,0,0,0,0,0
175,2017-04-17,09:03:44,0,SF705,XZCE,5116,5116,5192,562,14477500,15198,15050,5414,4898,5156,5150,0,5192,0,0,0,2017-04-17,32624000,5116,3,0,0,0,0,0,0,0,0,5138,7,0,0,0,0,0,0,0,0
176,2017-04-17,09:03:44,0,SF705,XZCE,5116,5116,5192,562,14477500,15198,15050,5414,4898,5156,5150,0,5192,0,0,0,2017-04-17,32624000,5122,1,0,0,0,0,0,0,0,0,5138,7,0,0,0,0,0,0,0,0
177,2017-04-17,09:03:45,0,SF705,XZCE,5116,5116,5192,562,14477500,15198,15050,5414,4898,5156,5150,0,5192,0,0,0,2017-04-17,32625000,5120,1,0,0,0,0,0,0,0,0,5138,7,0,0,0,0,0,0,0,0
178,2017-04-17,09:03:47,0,SF705,XZCE,5138,5116,5192,564,14528880,15198,15050,5414,4898,5156,5150,0,5192,0,0,0,2017-04-17,32627000,5120,1,0,0,0,0,0,0,0,0,5138,6,0,0,0,0,0,0,0,0
179,2017-04-17,09:03:48,0,SF705,XZCE,5120,5116,5192,566,14580080,15198,15050,5414,4898,5156,5150,0,5192,0,0,0,2017-04-17,32628000,5116,1,0,0,0,0,0,0,0,0,5134,6,0,0,0,0,0,0,0,0
180,2017-04-17,09:03:48,0,SF705,XZCE,5120,5116,5192,566,14580080,15198,15050,5414,4898,5156,5150,0,5192,0,0,0,2017-04-17,32628000,5116,1,0,0,0,0,0,0,0,0,5130,5,0,0,0,0,0,0,0,0
181,2017-04-17,09:03:49,0,SF705,XZCE,5120,5116,5192,566,14580080,15198,15050,5414,4898,5156,5150,0,5192,0,0,0,2017-04-17,32629000,5116,1,0,0,0,0,0,0,0,0,5130,6,0,0,0,0,0,0,0,0
182,2017-04-17,09:03:50,0,SF705,XZCE,5120,5116,5192,566,14580080,15198,15050,5414,4898,5156,5150,0,5192,0,0,0,2017-04-17,32630000,5116,2,0,0,0,0,0,0,0,0,5128,6,0,0,0,0,0,0,0,0
183,2017-04-17,09:03:50,0,SF705,XZCE,5120,5116,5192,566,14580080,15198,15050,5414,4898,5156,5150,0,5192,0,0,0,2017-04-17,32630000,5116,2,0,0,0,0,0,0,0,0,5128,7,0,0,0,0,0,0,0,0
184,2017-04-17,09:03:51,0,SF705,XZCE,5128,5116,5192,568,14631360,15196,15050,5414,4898,5156,5150,0,5192,0,0,0,2017-04-17,32631000,5116,3,0,0,0,0,0,0,0,0,5126,2,0,0,0,0,0,0,0,0
185,2017-04-17,09:03:51,0,SF705,XZCE,5128,5116,5192,568,14631360,15196,15050,5414,4898,5156,5150,0,5192,0,0,0,2017-04-17,32631000,5116,3,0,0,0,0,0,0,0,0,5126,3,0,0,0,0,0,0,0,0
186,2017-04-17,09:03:53,0,SF705,XZCE,5128,5116,5192,572,14733920,15198,15050,5414,4898,5156,5150,0,5192,0,0,0,2017-04-17,32633000,5116,3,0,0,0,0,0,0,0,0,5126,6,0,0,0,0,0,0,0,0
187,2017-04-17,09:03:53,0,SF705,XZCE,5128,5116,5192,572,14733920,15198,15050,5414,4898,5156,5150,0,5192,0,0,0,2017-04-17,32633000,5116,3,0,0,0,0,0,0,0,0,5124,6,0,0,0,0,0,0,0,0
188,2017-04-17,09:03:55,0,SF705,XZCE,5128,5116,5192,572,14733920,15198,15050,5414,4898,5156,5150,0,5192,0,0,0,2017-04-17,32635000,5120,10,0,0,0,0,0,0,0,0,5124,6,0,0,0,0,0,0,0,0
189,2017-04-17,09:03:57,0,SF705,XZCE,5120,5116,5192,578,14887520,15204,15050,5414,4898,5156,5150,0,5192,0,0,0,2017-04-17,32637000,5120,7,0,0,0,0,0,0,0,0,5124,6,0,0,0,0,0,0,0,0
190,2017-04-17,09:04:01,0,SF705,XZCE,5124,5116,5192,590,15194960,15192,15050,5414,4898,5156,5150,0,5192,0,0,0,2017-04-17,32641000,5124,16,0,0,0,0,0,0,0,0,5136,1,0,0,0,0,0,0,0,0
191,2017-04-17,09:04:01,0,SF705,XZCE,5124,5116,5192,592,15246200,15194,15050,5414,4898,5156,5150,0,5192,0,0,0,2017-04-17,32641000,5124,17,0,0,0,0,0,0,0,0,5136,1,0,0,0,0,0,0,0,0
192,2017-04-17,09:04:02,0,SF705,XZCE,5124,5116,5192,594,15297440,15194,15050,5414,4898,5156,5150,0,5192,0,0,0,2017-04-17,32642000,5124,16,0,0,0,0,0,0,0,0,5132,1,0,0,0,0,0,0,0,0
193,2017-04-17,09:04:05,0,SF705,XZCE,5132,5116,5192,596,15348760,15194,15050,5414,4898,5156,5150,0,5192,0,0,0,2017-04-17,32645000,5124,16,0,0,0,0,0,0,0,0,5136,1,0,0,0,0,0,0,0,0
194,2017-04-17,09:04:05,0,SF705,XZCE,5128,5116,5192,598,15400040,15196,15050,5414,4898,5156,5150,0,5192,0,0,0,2017-04-17,32645000,5124,16,0,0,0,0,0,0,0,0,5132,1,0,0,0,0,0,0,0,0
195,2017-04-17,09:04:05,0,SF705,XZCE,5128,5116,5192,598,15400040,15196,15050,5414,4898,5156,5150,0,5192,0,0,0,2017-04-17,32645000,5124,16,0,0,0,0,0,0,0,0,5132,6,0,0,0,0,0,0,0,0
196,2017-04-17,09:04:14,0,SF705,XZCE,5128,5116,5192,598,15400040,15196,15050,5414,4898,5156,5150,0,5192,0,0,0,2017-04-17,32654000,5124,16,0,0,0,0,0,0,0,0,5132,7,0,0,0,0,0,0,0,0
197,2017-04-17,09:04:17,0,SF705,XZCE,5124,5116,5192,600,15451280,15196,15050,5414,4898,5156,5150,0,5192,0,0,0,2017-04-17,32657000,5124,15,0,0,0,0,0,0,0,0,5132,7,0,0,0,0,0,0,0,0
198,2017-04-17,09:04:18,0,SF705,XZCE,5124,5116,5192,602,15502520,15196,15050,5414,4898,5156,5150,0,5192,0,0,0,2017-04-17,32658000,5124,14,0,0,0,0,0,0,0,0,5132,7,0,0,0,0,0,0,0,0
199,2017-04-17,09:04:18,0,SF705,XZCE,5132,5116,5192,604,15553840,15194,15050,5414,4898,5156,5150,0,5192,0,0,0,2017-04-17,32658000,5124,14,0,0,0,0,0,0,0,0,5132,6,0,0,0,0,0,0,0,0
200,2017-04-17,09:04:19,0,SF705,XZCE,5124,5116,5192,606,15605080,15194,15050,5414,4898,5156,5150,0,5192,0,0,0,2017-04-17,32659000,5124,13,0,0,0,0,0,0,0,0,5132,6,0,0,0,0,0,0,0,0
201,2017-04-17,09:04:19,0,SF705,XZCE,5124,5116,5192,606,15605080,15194,15050,5414,4898,5156,5150,0,5192,0,0,0,2017-04-17,32659000,5124,13,0,0,0,0,0,0,0,0,5130,1,0,0,0,0,0,0,0,0
202,2017-04-17,09:04:20,0,SF705,XZCE,5124,5116,5192,608,15656320,15194,15050,5414,4898,5156,5150,0,5192,0,0,0,2017-04-17,32660000,5124,12,0,0,0,0,0,0,0,0,5130,1,0,0,0,0,0,0,0,0
203,2017-04-17,09:04:22,0,SF705,XZCE,5124,5116,5192,610,15707560,15194,15050,5414,4898,5156,5150,0,5192,0,0,0,2017-04-17,32662000,5124,11,0,0,0,0,0,0,0,0,5130,1,0,0,0,0,0,0,0,0
204,2017-04-17,09:04:23,0,SF705,XZCE,5124,5116,5192,616,15861280,15194,15050,5414,4898,5156,5150,0,5192,0,0,0,2017-04-17,32663000,5124,8,0,0,0,0,0,0,0,0,5130,1,0,0,0,0,0,0,0,0
205,2017-04-17,09:04:23,0,SF705,XZCE,5124,5116,5192,618,15912520,15194,15050,5414,4898,5156,5150,0,5192,0,0,0,2017-04-17,32663000,5124,7,0,0,0,0,0,0,0,0,5130,1,0,0,0,0,0,0,0,0
206,2017-04-17,09:04:24,0,SF705,XZCE,5124,5116,5192,628,16168720,15184,15050,5414,4898,5156,5150,0,5192,0,0,0,2017-04-17,32664000,5124,2,0,0,0,0,0,0,0,0,5130,6,0,0,0,0,0,0,0,0
207,2017-04-17,09:04:27,0,SF705,XZCE,5130,5116,5192,636,16373920,15184,15050,5414,4898,5156,5150,0,5192,0,0,0,2017-04-17,32667000,5124,5,0,0,0,0,0,0,0,0,5130,2,0,0,0,0,0,0,0,0
208,2017-04-17,09:04:28,0,SF705,XZCE,5124,5116,5192,642,16527640,15180,15050,5414,4898,5156,5150,0,5192,0,0,0,2017-04-17,32668000,5124,2,0,0,0,0,0,0,0,0,5128,1,0,0,0,0,0,0,0,0
209,2017-04-17,09:04:32,0,SF705,XZCE,5124,5116,5192,642,16527640,15180,15050,5414,4898,5156,5150,0,5192,0,0,0,2017-04-17,32672000,5124,3,0,0,0,0,0,0,0,0,5128,1,0,0,0,0,0,0,0,0
210,2017-04-17,09:04:32,0,SF705,XZCE,5124,5116,5192,644,16578880,15178,15050,5414,4898,5156,5150,0,5192,0,0,0,2017-04-17,32672000,5124,2,0,0,0,0,0,0,0,0,5128,1,0,0,0,0,0,0,0,0
211,2017-04-17,09:04:36,0,SF705,XZCE,5128,5116,5192,646,16630160,15178,15050,5414,4898,5156,5150,0,5192,0,0,0,2017-04-17,32676000,5124,2,0,0,0,0,0,0,0,0,5130,3,0,0,0,0,0,0,0,0
212,2017-04-17,09:04:37,0,SF705,XZCE,5124,5116,5192,648,16681400,15178,15050,5414,4898,5156,5150,0,5192,0,0,0,2017-04-17,32677000,5124,6,0,0,0,0,0,0,0,0,5130,3,0,0,0,0,0,0,0,0
213,2017-04-17,09:04:40,0,SF705,XZCE,5124,5116,5192,648,16681400,15178,15050,5414,4898,5156,5150,0,5192,0,0,0,2017-04-17,32680000,5126,1,0,0,0,0,0,0,0,0,5132,1,0,0,0,0,0,0,0,0
214,2017-04-17,09:04:40,0,SF705,XZCE,5124,5116,5192,648,16681400,15178,15050,5414,4898,5156,5150,0,5192,0,0,0,2017-04-17,32680000,5126,2,0,0,0,0,0,0,0,0,5132,1,0,0,0,0,0,0,0,0
215,2017-04-17,09:04:41,0,SF705,XZCE,5130,5116,5192,650,16732700,15178,15050,5414,4898,5156,5150,0,5192,0,0,0,2017-04-17,32681000,5126,2,0,0,0,0,0,0,0,0,5132,1,0,0,0,0,0,0,0,0
216,2017-04-17,09:04:43,0,SF705,XZCE,5132,5116,5192,652,16784020,15180,15050,5414,4898,5156,5150,0,5192,0,0,0,2017-04-17,32683000,5126,2,0,0,0,0,0,0,0,0,5134,1,0,0,0,0,0,0,0,0
217,2017-04-17,09:04:44,0,SF705,XZCE,5132,5116,5192,652,16784020,15180,15050,5414,4898,5156,5150,0,5192,0,0,0,2017-04-17,32684000,5130,1,0,0,0,0,0,0,0,0,5134,1,0,0,0,0,0,0,0,0
218,2017-04-17,09:04:44,0,SF705,XZCE,5130,5116,5192,654,16835320,15180,15050,5414,4898,5156,5150,0,5192,0,0,0,2017-04-17,32684000,5126,1,0,0,0,0,0,0,0,0,5130,9,0,0,0,0,0,0,0,0
219,2017-04-17,09:04:44,0,SF705,XZCE,5130,5116,5192,654,16835320,15180,15050,5414,4898,5156,5150,0,5192,0,0,0,2017-04-17,32684000,5126,3,0,0,0,0,0,0,0,0,5130,9,0,0,0,0,0,0,0,0
220,2017-04-17,09:04:46,0,SF705,XZCE,5132,5116,5192,656,16886640,15182,15050,5414,4898,5156,5150,0,5192,0,0,0,2017-04-17,32686000,5126,1,0,0,0,0,0,0,0,0,5132,27,0,0,0,0,0,0,0,0
221,2017-04-17,09:04:49,0,SF705,XZCE,5126,5116,5192,658,16937900,15182,15050,5414,4898,5156,5150,0,5192,0,0,0,2017-04-17,32689000,5124,9,0,0,0,0,0,0,0,0,5132,27,0,0,0,0,0,0,0,0
222,2017-04-17,09:04:50,0,SF705,XZCE,5126,5116,5192,658,16937900,15182,15050,5414,4898,5156,5150,0,5192,0,0,0,2017-04-17,32690000,5124,9,0,0,0,0,0,0,0,0,5130,5,0,0,0,0,0,0,0,0
223,2017-04-17,09:04:54,0,SF705,XZCE,5128,5116,5192,662,17040460,15182,15050,5414,4898,5156,5150,0,5192,0,0,0,2017-04-17,32694000,5126,5,0,0,0,0,0,0,0,0,5128,5,0,0,0,0,0,0,0,0
224,2017-04-17,09:04:54,0,SF705,XZCE,5128,5116,5192,668,17194300,15188,15050,5414,4898,5156,5150,0,5192,0,0,0,2017-04-17,32694000,5126,4,0,0,0,0,0,0,0,0,5128,3,0,0,0,0,0,0,0,0
225,2017-04-17,09:04:55,0,SF705,XZCE,5128,5116,5192,670,17245580,15190,15050,5414,4898,5156,5150,0,5192,0,0,0,2017-04-17,32695000,5126,4,0,0,0,0,0,0,0,0,5128,2,0,0,0,0,0,0,0,0
226,2017-04-17,09:04:57,0,SF705,XZCE,5128,5116,5192,670,17245580,15190,15050,5414,4898,5156,5150,0,5192,0,0,0,2017-04-17,32697000,5126,4,0,0,0,0,0,0,0,0,5132,26,0,0,0,0,0,0,0,0
227,2017-04-17,09:05:00,0,SF705,XZCE,5128,5116,5192,670,17245580,15190,15050,5414,4898,5156,5150,0,5192,0,0,0,2017-04-17,32700000,5126,4,0,0,0,0,0,0,0,0,5130,1,0,0,0,0,0,0,0,0
228,2017-04-17,09:05:00,0,SF705,XZCE,5126,5116,5192,672,17296840,15192,15050,5414,4898,5156,5150,0,5192,0,0,0,2017-04-17,32700000,5126,3,0,0,0,0,0,0,0,0,5130,3,0,0,0,0,0,0,0,0
229,2017-04-17,09:05:01,0,SF705,XZCE,5130,5116,5192,674,17348140,15194,15050,5414,4898,5156,5150,0,5192,0,0,0,2017-04-17,32701000,5126,3,0,0,0,0,0,0,0,0,5132,26,0,0,0,0,0,0,0,0
230,2017-04-17,09:05:08,0,SF705,XZCE,5126,5116,5192,680,17501920,15200,15050,5414,4898,5156,5150,0,5192,0,0,0,2017-04-17,32708000,5126,1,0,0,0,0,0,0,0,0,5130,1,0,0,0,0,0,0,0,0
231,2017-04-17,09:05:09,0,SF705,XZCE,5130,5116,5192,682,17553220,15202,15050,5414,4898,5156,5150,0,5192,0,0,0,2017-04-17,32709000,5126,1,0,0,0,0,0,0,0,0,5132,28,0,0,0,0,0,0,0,0
232,2017-04-17,09:05:12,0,SF705,XZCE,5130,5116,5192,684,17604520,15202,15050,5414,4898,5156,5150,0,5192,0,0,0,2017-04-17,32712000,5126,1,0,0,0,0,0,0,0,0,5130,4,0,0,0,0,0,0,0,0
233,2017-04-17,09:05:14,0,SF705,XZCE,5130,5116,5192,684,17604520,15202,15050,5414,4898,5156,5150,0,5192,0,0,0,2017-04-17,32714000,5126,1,0,0,0,0,0,0,0,0,5132,28,0,0,0,0,0,0,0,0
234,2017-04-17,09:05:15,0,SF705,XZCE,5128,5116,5192,686,17655800,15200,15050,5414,4898,5156,5150,0,5192,0,0,0,2017-04-17,32715000,5126,1,0,0,0,0,0,0,0,0,5128,1,0,0,0,0,0,0,0,0
235,2017-04-17,09:05:15,0,SF705,XZCE,5128,5116,5192,686,17655800,15200,15050,5414,4898,5156,5150,0,5192,0,0,0,2017-04-17,32715000,5126,2,0,0,0,0,0,0,0,0,5128,1,0,0,0,0,0,0,0,0
236,2017-04-17,09:05:16,0,SF705,XZCE,5126,5116,5192,690,17758320,15200,15050,5414,4898,5156,5150,0,5192,0,0,0,2017-04-17,32716000,5124,3,0,0,0,0,0,0,0,0,5126,1,0,0,0,0,0,0,0,0
237,2017-04-17,09:05:17,0,SF705,XZCE,5124,5116,5192,692,17809560,15198,15050,5414,4898,5156,5150,0,5192,0,0,0,2017-04-17,32717000,5124,2,0,0,0,0,0,0,0,0,5126,1,0,0,0,0,0,0,0,0
238,2017-04-17,09:05:18,0,SF705,XZCE,5124,5116,5192,692,17809560,15198,15050,5414,4898,5156,5150,0,5192,0,0,0,2017-04-17,32718000,5124,2,0,0,0,0,0,0,0,0,5128,1,0,0,0,0,0,0,0,0
239,2017-04-17,09:05:18,0,SF705,XZCE,5124,5116,5192,692,17809560,15198,15050,5414,4898,5156,5150,0,5192,0,0,0,2017-04-17,32718000,5124,2,0,0,0,0,0,0,0,0,5128,2,0,0,0,0,0,0,0,0
240,2017-04-17,09:05:20,0,SF705,XZCE,5124,5116,5192,694,17860800,15198,15050,5414,4898,5156,5150,0,5192,0,0,0,2017-04-17,32720000,5124,1,0,0,0,0,0,0,0,0,5126,5,0,0,0,0,0,0,0,0
241,2017-04-17,09:05:21,0,SF705,XZCE,5126,5116,5192,696,17912060,15198,15050,5414,4898,5156,5150,0,5192,0,0,0,2017-04-17,32721000,5124,1,0,0,0,0,0,0,0,0,5126,4,0,0,0,0,0,0,0,0
242,2017-04-17,09:05:23,0,SF705,XZCE,5126,5116,5192,696,17912060,15198,15050,5414,4898,5156,5150,0,5192,0,0,0,2017-04-17,32723000,5124,1,0,0,0,0,0,0,0,0,5126,7,0,0,0,0,0,0,0,0
243,2017-04-17,09:05:25,0,SF705,XZCE,5124,5116,5192,698,17963300,15198,15050,5414,4898,5156,5150,0,5192,0,0,0,2017-04-17,32725000,5122,1,0,0,0,0,0,0,0,0,5126,7,0,0,0,0,0,0,0,0
244,2017-04-17,09:05:26,0,SF705,XZCE,5122,5116,5192,700,18014520,15198,15050,5414,4898,5156,5150,0,5192,0,0,0,2017-04-17,32726000,5120,13,0,0,0,0,0,0,0,0,5124,30,0,0,0,0,0,0,0,0
245,2017-04-17,09:05:26,0,SF705,XZCE,5122,5116,5192,700,18014520,15198,15050,5414,4898,5156,5150,0,5192,0,0,0,2017-04-17,32726000,5120,13,0,0,0,0,0,0,0,0,5122,1,0,0,0,0,0,0,0,0
246,2017-04-17,09:05:27,0,SF705,XZCE,5120,5116,5192,702,18065720,15200,15050,5414,4898,5156,5150,0,5192,0,0,0,2017-04-17,32727000,5120,12,0,0,0,0,0,0,0,0,5122,1,0,0,0,0,0,0,0,0
247,2017-04-17,09:05:27,0,SF705,XZCE,5120,5116,5192,726,18680120,15200,15050,5414,4898,5156,5150,0,5192,0,0,0,2017-04-17,32727000,5118,5,0,0,0,0,0,0,0,0,5120,3,0,0,0,0,0,0,0,0
248,2017-04-17,09:05:28,0,SF705,XZCE,5120,5116,5192,726,18680120,15200,15050,5414,4898,5156,5150,0,5192,0,0,0,2017-04-17,32728000,5118,5,0,0,0,0,0,0,0,0,5120,6,0,0,0,0,0,0,0,0
249,2017-04-17,09:05:29,0,SF705,XZCE,5118,5116,5192,728,18731300,15198,15050,5414,4898,5156,5150,0,5192,0,0,0,2017-04-17,32729000,5118,4,0,0,0,0,0,0,0,0,5120,6,0,0,0,0,0,0,0,0
250,2017-04-17,09:05:30,0,SF705,XZCE,5118,5116,5192,730,18782480,15196,15050,5414,4898,5156,5150,0,5192,0,0,0,2017-04-17,32730000,5118,3,0,0,0,0,0,0,0,0,5120,6,0,0,0,0,0,0,0,0
251,2017-04-17,09:05:30,0,SF705,XZCE,5118,5116,5192,736,18936020,15196,15050,5414,4898,5156,5150,0,5192,0,0,0,2017-04-17,32730000,5116,2,0,0,0,0,0,0,0,0,5118,3,0,0,0,0,0,0,0,0
252,2017-04-17,09:05:33,0,SF705,XZCE,5116,5116,5192,738,18987180,15198,15050,5414,4898,5156,5150,0,5192,0,0,0,2017-04-17,32733000,5116,1,0,0,0,0,0,0,0,0,5118,3,0,0,0,0,0,0,0,0
253,2017-04-17,09:05:34,0,SF705,XZCE,5116,5116,5192,740,19038340,15198,15050,5414,4898,5156,5150,0,5192,0,0,0,2017-04-17,32734000,5114,10,0,0,0,0,0,0,0,0,5118,3,0,0,0,0,0,0,0,0
254,2017-04-17,09:05:36,0,SF705,XZCE,5116,5116,5192,740,19038340,15198,15050,5414,4898,5156,5150,0,5192,0,0,0,2017-04-17,32736000,5116,1,0,0,0,0,0,0,0,0,5118,3,0,0,0,0,0,0,0,0
255,2017-04-17,09:05:37,0,SF705,XZCE,5116,5116,5192,740,19038340,15198,15050,5414,4898,5156,5150,0,5192,0,0,0,2017-04-17,32737000,5116,1,0,0,0,0,0,0,0,0,5120,4,0,0,0,0,0,0,0,0
256,2017-04-17,09:05:39,0,SF705,XZCE,5114,5114,5192,752,19345180,15188,15050,5414,4898,5156,5150,0,5192,0,0,0,2017-04-17,32739000,5114,5,0,0,0,0,0,0,0,0,5120,4,0,0,0,0,0,0,0,0
257,2017-04-17,09:05:39,0,SF705,XZCE,5120,5114,5192,756,19447580,15184,15050,5414,4898,5156,5150,0,5192,0,0,0,2017-04-17,32739000,5114,5,0,0,0,0,0,0,0,0,5120,2,0,0,0,0,0,0,0,0
258,2017-04-17,09:05:40,0,SF705,XZCE,5114,5114,5192,758,19498720,15182,15050,5414,4898,5156,5150,0,5192,0,0,0,2017-04-17,32740000,5114,4,0,0,0,0,0,0,0,0,5120,2,0,0,0,0,0,0,0,0
259,2017-04-17,09:05:41,0,SF705,XZCE,5114,5114,5192,760,19549860,15182,15050,5414,4898,5156,5150,0,5192,0,0,0,2017-04-17,32741000,5114,3,0,0,0,0,0,0,0,0,5116,3,0,0,0,0,0,0,0,0
260,2017-04-17,09:05:41,0,SF705,XZCE,5114,5114,5192,764,19652140,15182,15050,5414,4898,5156,5150,0,5192,0,0,0,2017-04-17,32741000,5114,1,0,0,0,0,0,0,0,0,5116,3,0,0,0,0,0,0,0,0
261,2017-04-17,09:05:42,0,SF705,XZCE,5114,5114,5192,768,19754420,15180,15050,5414,4898,5156,5150,0,5192,0,0,0,2017-04-17,32742000,5110,10,0,0,0,0,0,0,0,0,5116,3,0,0,0,0,0,0,0,0
262,2017-04-17,09:05:42,0,SF705,XZCE,5114,5114,5192,768,19754420,15180,15050,5414,4898,5156,5150,0,5192,0,0,0,2017-04-17,32742000,5110,10,0,0,0,0,0,0,0,0,5114,5,0,0,0,0,0,0,0,0
263,2017-04-17,09:05:43,0,SF705,XZCE,5114,5114,5192,770,19805560,15178,15050,5414,4898,5156,5150,0,5192,0,0,0,2017-04-17,32743000,5110,10,0,0,0,0,0,0,0,0,5114,4,0,0,0,0,0,0,0,0
264,2017-04-17,09:05:44,0,SF705,XZCE,5114,5114,5192,778,20010120,15178,15050,5414,4898,5156,5150,0,5192,0,0,0,2017-04-17,32744000,5114,1,0,0,0,0,0,0,0,0,5116,3,0,0,0,0,0,0,0,0
265,2017-04-17,09:05:44,0,SF705,XZCE,5114,5114,5192,778,20010120,15178,15050,5414,4898,5156,5150,0,5192,0,0,0,2017-04-17,32744000,5114,2,0,0,0,0,0,0,0,0,5116,3,0,0,0,0,0,0,0,0
266,2017-04-17,09:05:45,0,SF705,XZCE,5114,5114,5192,778,20010120,15178,15050,5414,4898,5156,5150,0,5192,0,0,0,2017-04-17,32745000,5114,2,0,0,0,0,0,0,0,0,5120,2,0,0,0,0,0,0,0,0
267,2017-04-17,09:05:47,0,SF705,XZCE,5114,5114,5192,782,20112400,15178,15050,5414,4898,5156,5150,0,5192,0,0,0,2017-04-17,32747000,5110,10,0,0,0,0,0,0,0,0,5114,3,0,0,0,0,0,0,0,0
268,2017-04-17,09:05:48,0,SF705,XZCE,5114,5114,5192,782,20112400,15178,15050,5414,4898,5156,5150,0,5192,0,0,0,2017-04-17,32748000,5110,10,0,0,0,0,0,0,0,0,5114,30,0,0,0,0,0,0,0,0
269,2017-04-17,09:05:49,0,SF705,XZCE,5114,5114,5192,784,20163540,15176,15050,5414,4898,5156,5150,0,5192,0,0,0,2017-04-17,32749000,5110,10,0,0,0,0,0,0,0,0,5114,29,0,0,0,0,0,0,0,0
270,2017-04-17,09:05:50,0,SF705,XZCE,5114,5114,5192,784,20163540,15176,15050,5414,4898,5156,5150,0,5192,0,0,0,2017-04-17,32750000,5110,10,0,0,0,0,0,0,0,0,5112,1,0,0,0,0,0,0,0,0
271,2017-04-17,09:05:50,0,SF705,XZCE,5110,5110,5192,790,20316840,15176,15050,5414,4898,5156,5150,0,5192,0,0,0,2017-04-17,32750000,5110,7,0,0,0,0,0,0,0,0,5112,1,0,0,0,0,0,0,0,0
272,2017-04-17,09:05:51,0,SF705,XZCE,5110,5110,5192,804,20674540,15176,15050,5414,4898,5156,5150,0,5192,0,0,0,2017-04-17,32751000,5108,1,0,0,0,0,0,0,0,0,5110,1,0,0,0,0,0,0,0,0
273,2017-04-17,09:05:52,0,SF705,XZCE,5108,5108,5192,806,20725620,15176,15050,5414,4898,5156,5150,0,5192,0,0,0,2017-04-17,32752000,5106,7,0,0,0,0,0,0,0,0,5110,1,0,0,0,0,0,0,0,0
274,2017-04-17,09:05:52,0,SF705,XZCE,5106,5106,5192,810,20827740,15180,15050,5414,4898,5156,5150,0,5192,0,0,0,2017-04-17,32752000,5106,6,0,0,0,0,0,0,0,0,5110,1,0,0,0,0,0,0,0,0
275,2017-04-17,09:05:53,0,SF705,XZCE,5106,5106,5192,818,21031980,15188,15050,5414,4898,5156,5150,0,5192,0,0,0,2017-04-17,32753000,5106,2,0,0,0,0,0,0,0,0,5110,1,0,0,0,0,0,0,0,0
276,2017-04-17,09:05:54,0,SF705,XZCE,5106,5106,5192,820,21083040,15188,15050,5414,4898,5156,5150,0,5192,0,0,0,2017-04-17,32754000,5106,1,0,0,0,0,0,0,0,0,5110,1,0,0,0,0,0,0,0,0
277,2017-04-17,09:05:55,0,SF705,XZCE,5106,5106,5192,822,21134100,15188,15050,5414,4898,5156,5150,0,5192,0,0,0,2017-04-17,32755000,5104,2,0,0,0,0,0,0,0,0,5110,6,0,0,0,0,0,0,0,0
278,2017-04-17,09:05:56,0,SF705,XZCE,5106,5106,5192,822,21134100,15188,15050,5414,4898,5156,5150,0,5192,0,0,0,2017-04-17,32756000,5104,2,0,0,0,0,0,0,0,0,5106,5,0,0,0,0,0,0,0,0
279,2017-04-17,09:05:57,0,SF705,XZCE,5104,5104,5192,826,21236180,15188,15050,5414,4898,5156,5150,0,5192,0,0,0,2017-04-17,32757000,5102,1,0,0,0,0,0,0,0,0,5106,5,0,0,0,0,0,0,0,0
280,2017-04-17,09:05:57,0,SF705,XZCE,5106,5102,5192,838,21542540,15190,15050,5414,4898,5156,5150,0,5192,0,0,0,2017-04-17,32757000,5100,23,0,0,0,0,0,0,0,0,5110,6,0,0,0,0,0,0,0,0
281,2017-04-17,09:05:58,0,SF705,XZCE,5106,5102,5192,838,21542540,15190,15050,5414,4898,5156,5150,0,5192,0,0,0,2017-04-17,32758000,5102,1,0,0,0,0,0,0,0,0,5110,6,0,0,0,0,0,0,0,0
282,2017-04-17,09:05:59,0,SF705,XZCE,5110,5102,5192,846,21746940,15188,15050,5414,4898,5156,5150,0,5192,0,0,0,2017-04-17,32759000,5102,4,0,0,0,0,0,0,0,0,5110,2,0,0,0,0,0,0,0,0
283,2017-04-17,09:05:59,0,SF705,XZCE,5110,5102,5192,846,21746940,15188,15050,5414,4898,5156,5150,0,5192,0,0,0,2017-04-17,32759000,5106,1,0,0,0,0,0,0,0,0,5110,2,0,0,0,0,0,0,0,0
284,2017-04-17,09:06:00,0,SF705,XZCE,5106,5102,5192,848,21798000,15190,15050,5414,4898,5156,5150,0,5192,0,0,0,2017-04-17,32760000,5106,4,0,0,0,0,0,0,0,0,5110,1,0,0,0,0,0,0,0,0
285,2017-04-17,09:06:01,0,SF705,XZCE,5106,5102,5192,856,22002240,15182,15050,5414,4898,5156,5150,0,5192,0,0,0,2017-04-17,32761000,5102,1,0,0,0,0,0,0,0,0,5106,3,0,0,0,0,0,0,0,0
286,2017-04-17,09:06:02,0,SF705,XZCE,5102,5102,5192,858,22053260,15182,15050,5414,4898,5156,5150,0,5192,0,0,0,2017-04-17,32762000,5100,23,0,0,0,0,0,0,0,0,5102,4,0,0,0,0,0,0,0,0
287,2017-04-17,09:06:04,0,SF705,XZCE,5102,5102,5192,860,22104280,15182,15050,5414,4898,5156,5150,0,5192,0,0,0,2017-04-17,32764000,5100,23,0,0,0,0,0,0,0,0,5102,3,0,0,0,0,0,0,0,0
288,2017-04-17,09:06:05,0,SF705,XZCE,5102,5102,5192,860,22104280,15182,15050,5414,4898,5156,5150,0,5192,0,0,0,2017-04-17,32765000,5100,23,0,0,0,0,0,0,0,0,5102,4,0,0,0,0,0,0,0,0
289,2017-04-17,09:06:05,0,SF705,XZCE,5100,5100,5192,866,22257280,15188,15050,5414,4898,5156,5150,0,5192,0,0,0,2017-04-17,32765000,5100,20,0,0,0,0,0,0,0,0,5102,4,0,0,0,0,0,0,0,0
290,2017-04-17,09:06:06,0,SF705,XZCE,5100,5100,5192,892,22920280,15188,15050,5414,4898,5156,5150,0,5192,0,0,0,2017-04-17,32766000,5100,8,0,0,0,0,0,0,0,0,5102,4,0,0,0,0,0,0,0,0
291,2017-04-17,09:06:06,0,SF705,XZCE,5100,5100,5192,902,23175280,15188,15050,5414,4898,5156,5150,0,5192,0,0,0,2017-04-17,32766000,5100,3,0,0,0,0,0,0,0,0,5102,4,0,0,0,0,0,0,0,0
292,2017-04-17,09:06:08,0,SF705,XZCE,5100,5100,5192,908,23328280,15192,15050,5414,4898,5156,5150,0,5192,0,0,0,2017-04-17,32768000,5098,1,0,0,0,0,0,0,0,0,5102,4,0,0,0,0,0,0,0,0
293,2017-04-17,09:06:09,0,SF705,XZCE,5100,5100,5192,908,23328280,15192,15050,5414,4898,5156,5150,0,5192,0,0,0,2017-04-17,32769000,5100,1,0,0,0,0,0,0,0,0,5102,4,0,0,0,0,0,0,0,0
294,2017-04-17,09:06:10,0,SF705,XZCE,5100,5100,5192,910,23379280,15194,15050,5414,4898,5156,5150,0,5192,0,0,0,2017-04-17,32770000,5098,1,0,0,0,0,0,0,0,0,5100,1,0,0,0,0,0,0,0,0
295,2017-04-17,09:06:10,0,SF705,XZCE,5100,5100,5192,912,23430280,15194,15050,5414,4898,5156,5150,0,5192,0,0,0,2017-04-17,32770000,5100,4,0,0,0,0,0,0,0,0,5102,5,0,0,0,0,0,0,0,0
296,2017-04-17,09:06:11,0,SF705,XZCE,5100,5100,5192,912,23430280,15194,15050,5414,4898,5156,5150,0,5192,0,0,0,2017-04-17,32771000,5100,5,0,0,0,0,0,0,0,0,5102,5,0,0,0,0,0,0,0,0
297,2017-04-17,09:06:12,0,SF705,XZCE,5102,5100,5192,914,23481300,15194,15050,5414,4898,5156,5150,0,5192,0,0,0,2017-04-17,32772000,5100,5,0,0,0,0,0,0,0,0,5102,4,0,0,0,0,0,0,0,0
298,2017-04-17,09:06:12,0,SF705,XZCE,5100,5100,5192,924,23736300,15194,15050,5414,4898,5156,5150,0,5192,0,0,0,2017-04-17,32772000,5098,1,0,0,0,0,0,0,0,0,5100,34,0,0,0,0,0,0,0,0
299,2017-04-17,09:06:13,0,SF705,XZCE,5100,5100,5192,930,23889300,15194,15050,5414,4898,5156,5150,0,5192,0,0,0,2017-04-17,32773000,5098,1,0,0,0,0,0,0,0,0,5100,31,0,0,0,0,0,0,0,0
300,2017-04-17,09:06:14,0,SF705,XZCE,5100,5100,5192,930,23889300,15194,15050,5414,4898,5156,5150,0,5192,0,0,0,2017-04-17,32774000,5098,1,0,0,0,0,0,0,0,0,5100,32,0,0,0,0,0,0,0,0
301,2017-04-17,09:06:14,0,SF705,XZCE,5100,5100,5192,930,23889300,15194,15050,5414,4898,5156,5150,0,5192,0,0,0,2017-04-17,32774000,5098,1,0,0,0,0,0,0,0,0,5100,33,0,0,0,0,0,0,0,0
302,2017-04-17,09:06:15,0,SF705,XZCE,5100,5100,5192,930,23889300,15194,15050,5414,4898,5156,5150,0,5192,0,0,0,2017-04-17,32775000,5098,1,0,0,0,0,0,0,0,0,5100,34,0,0,0,0,0,0,0,0
303,2017-04-17,09:06:16,0,SF705,XZCE,5098,5098,5192,932,23940280,15194,15050,5414,4898,5156,5150,0,5192,0,0,0,2017-04-17,32776000,5096,1,0,0,0,0,0,0,0,0,5100,35,0,0,0,0,0,0,0,0
304,2017-04-17,09:06:19,0,SF705,XZCE,5098,5098,5192,932,23940280,15194,15050,5414,4898,5156,5150,0,5192,0,0,0,2017-04-17,32779000,5096,1,0,0,0,0,0,0,0,0,5100,36,0,0,0,0,0,0,0,0
305,2017-04-17,09:06:19,0,SF705,XZCE,5098,5098,5192,932,23940280,15194,15050,5414,4898,5156,5150,0,5192,0,0,0,2017-04-17,32779000,5096,1,0,0,0,0,0,0,0,0,5100,35,0,0,0,0,0,0,0,0
306,2017-04-17,09:06:20,0,SF705,XZCE,5098,5098,5192,932,23940280,15194,15050,5414,4898,5156,5150,0,5192,0,0,0,2017-04-17,32780000,5098,5,0,0,0,0,0,0,0,0,5100,35,0,0,0,0,0,0,0,0
307,2017-04-17,09:06:21,0,SF705,XZCE,5098,5098,5192,942,24195180,15204,15050,5414,4898,5156,5150,0,5192,0,0,0,2017-04-17,32781000,5094,2,0,0,0,0,0,0,0,0,5096,7,0,0,0,0,0,0,0,0
308,2017-04-17,09:06:21,0,SF705,XZCE,5096,5096,5192,944,24246140,15204,15050,5414,4898,5156,5150,0,5192,0,0,0,2017-04-17,32781000,5094,2,0,0,0,0,0,0,0,0,5096,6,0,0,0,0,0,0,0,0
309,2017-04-17,09:06:23,0,SF705,XZCE,5096,5096,5192,946,24297100,15206,15050,5414,4898,5156,5150,0,5192,0,0,0,2017-04-17,32783000,5094,2,0,0,0,0,0,0,0,0,5096,5,0,0,0,0,0,0,0,0
310,2017-04-17,09:06:27,0,SF705,XZCE,5096,5096,5192,948,24348060,15206,15050,5414,4898,5156,5150,0,5192,0,0,0,2017-04-17,32787000,5094,2,0,0,0,0,0,0,0,0,5096,4,0,0,0,0,0,0,0,0
311,2017-04-17,09:06:28,0,SF705,XZCE,5094,5094,5192,952,24449940,15208,15050,5414,4898,5156,5150,0,5192,0,0,0,2017-04-17,32788000,5092,6,0,0,0,0,0,0,0,0,5094,4,0,0,0,0,0,0,0,0
312,2017-04-17,09:06:29,0,SF705,XZCE,5094,5094,5192,954,24500880,15210,15050,5414,4898,5156,5150,0,5192,0,0,0,2017-04-17,32789000,5092,6,0,0,0,0,0,0,0,0,5094,3,0,0,0,0,0,0,0,0
313,2017-04-17,09:06:29,0,SF705,XZCE,5094,5094,5192,954,24500880,15210,15050,5414,4898,5156,5150,0,5192,0,0,0,2017-04-17,32789000,5092,6,0,0,0,0,0,0,0,0,5094,4,0,0,0,0,0,0,0,0
314,2017-04-17,09:06:29,0,SF705,XZCE,5094,5094,5192,956,24551820,15212,15050,5414,4898,5156,5150,0,5192,0,0,0,2017-04-17,32789000,5092,6,0,0,0,0,0,0,0,0,5094,3,0,0,0,0,0,0,0,0
315,2017-04-17,09:06:30,0,SF705,XZCE,5094,5094,5192,958,24602760,15214,15050,5414,4898,5156,5150,0,5192,0,0,0,2017-04-17,32790000,5092,6,0,0,0,0,0,0,0,0,5094,2,0,0,0,0,0,0,0,0
316,2017-04-17,09:06:30,0,SF705,XZCE,5096,5094,5192,968,24857560,15220,15050,5414,4898,5156,5150,0,5192,0,0,0,2017-04-17,32790000,5092,6,0,0,0,0,0,0,0,0,5096,1,0,0,0,0,0,0,0,0
317,2017-04-17,09:06:31,0,SF705,XZCE,5096,5094,5192,968,24857560,15220,15050,5414,4898,5156,5150,0,5192,0,0,0,2017-04-17,32791000,5092,6,0,0,0,0,0,0,0,0,5094,1,0,0,0,0,0,0,0,0
318,2017-04-17,09:06:32,0,SF705,XZCE,5094,5092,5192,972,24959440,15222,15050,5414,4898,5156,5150,0,5192,0,0,0,2017-04-17,32792000,5092,5,0,0,0,0,0,0,0,0,5096,1,0,0,0,0,0,0,0,0
319,2017-04-17,09:06:32,0,SF705,XZCE,5092,5092,5192,982,25214040,15232,15050,5414,4898,5156,5150,0,5192,0,0,0,2017-04-17,32792000,5090,2,0,0,0,0,0,0,0,0,5092,1,0,0,0,0,0,0,0,0
320,2017-04-17,09:06:33,0,SF705,XZCE,5092,5092,5192,982,25214040,15232,15050,5414,4898,5156,5150,0,5192,0,0,0,2017-04-17,32793000,5090,2,0,0,0,0,0,0,0,0,5092,2,0,0,0,0,0,0,0,0
321,2017-04-17,09:06:33,0,SF705,XZCE,5090,5090,5192,984,25264940,15234,15050,5414,4898,5156,5150,0,5192,0,0,0,2017-04-17,32793000,5090,1,0,0,0,0,0,0,0,0,5092,2,0,0,0,0,0,0,0,0
322,2017-04-17,09:06:34,0,SF705,XZCE,5090,5090,5192,988,25366740,15234,15050,5414,4898,5156,5150,0,5192,0,0,0,2017-04-17,32794000,5080,2,0,0,0,0,0,0,0,0,5090,5,0,0,0,0,0,0,0,0
323,2017-04-17,09:06:35,0,SF705,XZCE,5080,5080,5192,992,25468340,15236,15050,5414,4898,5156,5150,0,5192,0,0,0,2017-04-17,32795000,5084,6,0,0,0,0,0,0,0,0,5090,5,0,0,0,0,0,0,0,0
324,2017-04-17,09:06:35,0,SF705,XZCE,5084,5080,5192,1002,25722540,15238,15050,5414,4898,5156,5150,0,5192,0,0,0,2017-04-17,32795000,5084,1,0,0,0,0,0,0,0,0,5090,23,0,0,0,0,0,0,0,0
325,2017-04-17,09:06:36,0,SF705,XZCE,5084,5080,5192,1002,25722540,15238,15050,5414,4898,5156,5150,0,5192,0,0,0,2017-04-17,32796000,5084,1,0,0,0,0,0,0,0,0,5090,24,0,0,0,0,0,0,0,0
326,2017-04-17,09:06:37,0,SF705,XZCE,5084,5080,5192,1004,25773380,15240,15050,5414,4898,5156,5150,0,5192,0,0,0,2017-04-17,32797000,5080,1,0,0,0,0,0,0,0,0,5090,24,0,0,0,0,0,0,0,0
327,2017-04-17,09:06:38,0,SF705,XZCE,5084,5080,5192,1004,25773380,15240,15050,5414,4898,5156,5150,0,5192,0,0,0,2017-04-17,32798000,5080,1,0,0,0,0,0,0,0,0,5088,7,0,0,0,0,0,0,0,0
328,2017-04-17,09:06:38,0,SF705,XZCE,5084,5080,5192,1004,25773380,15240,15050,5414,4898,5156,5150,0,5192,0,0,0,2017-04-17,32798000,5084,1,0,0,0,0,0,0,0,0,5088,6,0,0,0,0,0,0,0,0
329,2017-04-17,09:06:38,0,SF705,XZCE,5084,5080,5192,1006,25824220,15242,15050,5414,4898,5156,5150,0,5192,0,0,0,2017-04-17,32798000,5080,1,0,0,0,0,0,0,0,0,5088,6,0,0,0,0,0,0,0,0
330,2017-04-17,09:06:39,0,SF705,XZCE,5084,5080,5192,1006,25824220,15242,15050,5414,4898,5156,5150,0,5192,0,0,0,2017-04-17,32799000,5080,1,0,0,0,0,0,0,0,0,5086,6,0,0,0,0,0,0,0,0
331,2017-04-17,09:06:40,0,SF705,XZCE,5080,5080,5192,1010,25925820,15244,15050,5414,4898,5156,5150,0,5192,0,0,0,2017-04-17,32800000,5078,2,0,0,0,0,0,0,0,0,5080,8,0,0,0,0,0,0,0,0
332,2017-04-17,09:06:40,0,SF705,XZCE,5080,5080,5192,1010,25925820,15244,15050,5414,4898,5156,5150,0,5192,0,0,0,2017-04-17,32800000,5078,2,0,0,0,0,0,0,0,0,5080,9,0,0,0,0,0,0,0,0
333,2017-04-17,09:06:41,0,SF705,XZCE,5080,5080,5192,1012,25976620,15246,15050,5414,4898,5156,5150,0,5192,0,0,0,2017-04-17,32801000,5078,2,0,0,0,0,0,0,0,0,5080,8,0,0,0,0,0,0,0,0
334,2017-04-17,09:06:41,0,SF705,XZCE,5080,5078,5192,1016,26078220,15246,15050,5414,4898,5156,5150,0,5192,0,0,0,2017-04-17,32801000,5078,1,0,0,0,0,0,0,0,0,5080,7,0,0,0,0,0,0,0,0
335,2017-04-17,09:06:42,0,SF705,XZCE,5080,5078,5192,1016,26078220,15246,15050,5414,4898,5156,5150,0,5192,0,0,0,2017-04-17,32802000,5078,2,0,0,0,0,0,0,0,0,5080,12,0,0,0,0,0,0,0,0
336,2017-04-17,09:06:43,0,SF705,XZCE,5080,5078,5192,1020,26179820,15248,15050,5414,4898,5156,5150,0,5192,0,0,0,2017-04-17,32803000,5078,1,0,0,0,0,0,0,0,0,5080,11,0,0,0,0,0,0,0,0
337,2017-04-17,09:06:44,0,SF705,XZCE,5074,5070,5192,1030,26433520,15248,15050,5414,4898,5156,5150,0,5192,0,0,0,2017-04-17,32804000,5068,1,0,0,0,0,0,0,0,0,5074,2,0,0,0,0,0,0,0,0
338,2017-04-17,09:06:44,0,SF705,XZCE,5074,5070,5192,1034,26535000,15252,15050,5414,4898,5156,5150,0,5192,0,0,0,2017-04-17,32804000,5068,1,0,0,0,0,0,0,0,0,5076,6,0,0,0,0,0,0,0,0
339,2017-04-17,09:06:45,0,SF705,XZCE,5076,5070,5192,1036,26585760,15252,15050,5414,4898,5156,5150,0,5192,0,0,0,2017-04-17,32805000,5072,1,0,0,0,0,0,0,0,0,5076,5,0,0,0,0,0,0,0,0
340,2017-04-17,09:06:47,0,SF705,XZCE,5076,5070,5192,1044,26788800,15244,15050,5414,4898,5156,5150,0,5192,0,0,0,2017-04-17,32807000,5072,1,0,0,0,0,0,0,0,0,5076,1,0,0,0,0,0,0,0,0
341,2017-04-17,09:06:47,0,SF705,XZCE,5076,5070,5192,1044,26788800,15244,15050,5414,4898,5156,5150,0,5192,0,0,0,2017-04-17,32807000,5072,5,0,0,0,0,0,0,0,0,5078,38,0,0,0,0,0,0,0,0
342,2017-04-17,09:06:48,0,SF705,XZCE,5072,5070,5192,1050,26940960,15248,15050,5414,4898,5156,5150,0,5192,0,0,0,2017-04-17,32808000,5072,2,0,0,0,0,0,0,0,0,5078,38,0,0,0,0,0,0,0,0
343,2017-04-17,09:06:49,0,SF705,XZCE,5072,5070,5192,1050,26940960,15248,15050,5414,4898,5156,5150,0,5192,0,0,0,2017-04-17,32809000,5072,2,0,0,0,0,0,0,0,0,5076,1,0,0,0,0,0,0,0,0
344,2017-04-17,09:06:50,0,SF705,XZCE,5072,5070,5192,1052,26991680,15250,15050,5414,4898,5156,5150,0,5192,0,0,0,2017-04-17,32810000,5072,1,0,0,0,0,0,0,0,0,5076,1,0,0,0,0,0,0,0,0
345,2017-04-17,09:06:51,0,SF705,XZCE,5072,5070,5192,1052,26991680,15250,15050,5414,4898,5156,5150,0,5192,0,0,0,2017-04-17,32811000,5072,1,0,0,0,0,0,0,0,0,5078,37,0,0,0,0,0,0,0,0
346,2017-04-17,09:06:51,0,SF705,XZCE,5072,5070,5192,1054,27042400,15252,15050,5414,4898,5156,5150,0,5192,0,0,0,2017-04-17,32811000,5068,1,0,0,0,0,0,0,0,0,5072,4,0,0,0,0,0,0,0,0
347,2017-04-17,09:06:53,0,SF705,XZCE,5072,5070,5192,1056,27093120,15254,15050,5414,4898,5156,5150,0,5192,0,0,0,2017-04-17,32813000,5068,1,0,0,0,0,0,0,0,0,5070,1,0,0,0,0,0,0,0,0
348,2017-04-17,09:06:53,0,SF705,XZCE,5072,5070,5192,1056,27093120,15254,15050,5414,4898,5156,5150,0,5192,0,0,0,2017-04-17,32813000,5068,1,0,0,0,0,0,0,0,0,5072,3,0,0,0,0,0,0,0,0
349,2017-04-17,09:06:54,0,SF705,XZCE,5078,5070,5192,1066,27347020,15264,15050,5414,4898,5156,5150,0,5192,0,0,0,2017-04-17,32814000,5068,1,0,0,0,0,0,0,0,0,5078,5,0,0,0,0,0,0,0,0
350,2017-04-17,09:06:54,0,SF705,XZCE,5078,5070,5192,1066,27347020,15264,15050,5414,4898,5156,5150,0,5192,0,0,0,2017-04-17,32814000,5070,1,0,0,0,0,0,0,0,0,5074,5,0,0,0,0,0,0,0,0
351,2017-04-17,09:06:55,0,SF705,XZCE,5074,5070,5192,1072,27499240,15258,15050,5414,4898,5156,5150,0,5192,0,0,0,2017-04-17,32815000,5072,1,0,0,0,0,0,0,0,0,5074,2,0,0,0,0,0,0,0,0
352,2017-04-17,09:06:55,0,SF705,XZCE,5074,5070,5192,1074,27549980,15258,15050,5414,4898,5156,5150,0,5192,0,0,0,2017-04-17,32815000,5072,1,0,0,0,0,0,0,0,0,5074,1,0,0,0,0,0,0,0,0
353,2017-04-17,09:06:55,0,SF705,XZCE,5072,5070,5192,1080,27702140,15258,15050,5414,4898,5156,5150,0,5192,0,0,0,2017-04-17,32815000,5070,4,0,0,0,0,0,0,0,0,5078,4,0,0,0,0,0,0,0,0
354,2017-04-17,09:06:56,0,SF705,XZCE,5072,5070,5192,1080,27702140,15258,15050,5414,4898,5156,5150,0,5192,0,0,0,2017-04-17,32816000,5074,1,0,0,0,0,0,0,0,0,5078,4,0,0,0,0,0,0,0,0
355,2017-04-17,09:06:56,0,SF705,XZCE,5078,5070,5192,1082,27752920,15258,15050,5414,4898,5156,5150,0,5192,0,0,0,2017-04-17,32816000,5074,1,0,0,0,0,0,0,0,0,5078,3,0,0,0,0,0,0,0,0
356,2017-04-17,09:06:57,0,SF705,XZCE,5074,5070,5192,1084,27803660,15258,15050,5414,4898,5156,5150,0,5192,0,0,0,2017-04-17,32817000,5070,2,0,0,0,0,0,0,0,0,5078,3,0,0,0,0,0,0,0,0
357,2017-04-17,09:06:58,0,SF705,XZCE,5074,5070,5192,1084,27803660,15258,15050,5414,4898,5156,5150,0,5192,0,0,0,2017-04-17,32818000,5070,2,0,0,0,0,0,0,0,0,5076,1,0,0,0,0,0,0,0,0
358,2017-04-17,09:07:00,0,SF705,XZCE,5074,5070,5192,1084,27803660,15258,15050,5414,4898,5156,5150,0,5192,0,0,0,2017-04-17,32820000,5070,2,0,0,0,0,0,0,0,0,5072,1,0,0,0,0,0,0,0,0
359,2017-04-17,09:07:00,0,SF705,XZCE,5072,5070,5192,1086,27854380,15258,15050,5414,4898,5156,5150,0,5192,0,0,0,2017-04-17,32820000,5072,2,0,0,0,0,0,0,0,0,5078,3,0,0,0,0,0,0,0,0
360,2017-04-17,09:07:01,0,SF705,XZCE,5072,5070,5192,1086,27854380,15258,15050,5414,4898,5156,5150,0,5192,0,0,0,2017-04-17,32821000,5072,3,0,0,0,0,0,0,0,0,5074,1,0,0,0,0,0,0,0,0
361,2017-04-17,09:07:01,0,SF705,XZCE,5072,5070,5192,1086,27854380,15258,15050,5414,4898,5156,5150,0,5192,0,0,0,2017-04-17,32821000,5072,3,0,0,0,0,0,0,0,0,5078,8,0,0,0,0,0,0,0,0
362,2017-04-17,09:07:02,0,SF705,XZCE,5072,5070,5192,1086,27854380,15258,15050,5414,4898,5156,5150,0,5192,0,0,0,2017-04-17,32822000,5070,3,0,0,0,0,0,0,0,0,5078,8,0,0,0,0,0,0,0,0
363,2017-04-17,09:07:02,0,SF705,XZCE,5072,5070,5192,1088,27905100,15256,15050,5414,4898,5156,5150,0,5192,0,0,0,2017-04-17,32822000,5072,1,0,0,0,0,0,0,0,0,5076,1,0,0,0,0,0,0,0,0
364,2017-04-17,09:07:03,0,SF705,XZCE,5072,5070,5192,1088,27905100,15256,15050,5414,4898,5156,5150,0,5192,0,0,0,2017-04-17,32823000,5072,11,0,0,0,0,0,0,0,0,5076,1,0,0,0,0,0,0,0,0
365,2017-04-17,09:07:04,0,SF705,XZCE,5072,5070,5192,1088,27905100,15256,15050,5414,4898,5156,5150,0,5192,0,0,0,2017-04-17,32824000,5074,1,0,0,0,0,0,0,0,0,5076,1,0,0,0,0,0,0,0,0
366,2017-04-17,09:07:04,0,SF705,XZCE,5072,5070,5192,1088,27905100,15256,15050,5414,4898,5156,5150,0,5192,0,0,0,2017-04-17,32824000,5074,1,0,0,0,0,0,0,0,0,5078,9,0,0,0,0,0,0,0,0
367,2017-04-17,09:07:05,0,SF705,XZCE,5078,5070,5192,1090,27955880,15258,15050,5414,4898,5156,5150,0,5192,0,0,0,2017-04-17,32825000,5074,1,0,0,0,0,0,0,0,0,5078,8,0,0,0,0,0,0,0,0
368,2017-04-17,09:07:06,0,SF705,XZCE,5078,5070,5192,1090,27955880,15258,15050,5414,4898,5156,5150,0,5192,0,0,0,2017-04-17,32826000,5074,2,0,0,0,0,0,0,0,0,5078,9,0,0,0,0,0,0,0,0
369,2017-04-17,09:07:08,0,SF705,XZCE,5078,5070,5192,1114,28565240,15244,15050,5414,4898,5156,5150,0,5192,0,0,0,2017-04-17,32828000,5078,8,0,0,0,0,0,0,0,0,5080,15,0,0,0,0,0,0,0,0
370,2017-04-17,09:07:08,0,SF705,XZCE,5078,5070,5192,1128,28920700,15248,15050,5414,4898,5156,5150,0,5192,0,0,0,2017-04-17,32828000,5078,4,0,0,0,0,0,0,0,0,5080,12,0,0,0,0,0,0,0,0
371,2017-04-17,09:07:09,0,SF705,XZCE,5080,5070,5192,1152,29530300,15262,15050,5414,4898,5156,5150,0,5192,0,0,0,2017-04-17,32829000,5078,24,0,0,0,0,0,0,0,0,5082,4,0,0,0,0,0,0,0,0
372,2017-04-17,09:07:09,0,SF705,XZCE,5080,5070,5192,1152,29530300,15262,15050,5414,4898,5156,5150,0,5192,0,0,0,2017-04-17,32829000,5078,24,0,0,0,0,0,0,0,0,5082,3,0,0,0,0,0,0,0,0
373,2017-04-17,09:07:10,0,SF705,XZCE,5082,5070,5192,1154,29581120,15260,15050,5414,4898,5156,5150,0,5192,0,0,0,2017-04-17,32830000,5078,24,0,0,0,0,0,0,0,0,5082,2,0,0,0,0,0,0,0,0
374,2017-04-17,09:07:11,0,SF705,XZCE,5082,5070,5192,1158,29682760,15256,15050,5414,4898,5156,5150,0,5192,0,0,0,2017-04-17,32831000,5084,2,0,0,0,0,0,0,0,0,5090,4,0,0,0,0,0,0,0,0
375,2017-04-17,09:07:15,0,SF705,XZCE,5084,5070,5192,1160,29733600,15256,15050,5414,4898,5156,5150,0,5192,0,0,0,2017-04-17,32835000,5084,1,0,0,0,0,0,0,0,0,5090,4,0,0,0,0,0,0,0,0
376,2017-04-17,09:07:15,0,SF705,XZCE,5090,5070,5192,1164,29835400,15252,15050,5414,4898,5156,5150,0,5192,0,0,0,2017-04-17,32835000,5084,1,0,0,0,0,0,0,0,0,5090,2,0,0,0,0,0,0,0,0
377,2017-04-17,09:07:17,0,SF705,XZCE,5090,5070,5192,1164,29835400,15252,15050,5414,4898,5156,5150,0,5192,0,0,0,2017-04-17,32837000,5088,2,0,0,0,0,0,0,0,0,5090,2,0,0,0,0,0,0,0,0
378,2017-04-17,09:07:18,0,SF705,XZCE,5090,5070,5192,1172,30039000,15248,15050,5414,4898,5156,5150,0,5192,0,0,0,2017-04-17,32838000,5084,5,0,0,0,0,0,0,0,0,5096,6,0,0,0,0,0,0,0,0
379,2017-04-17,09:07:20,0,SF705,XZCE,5084,5070,5192,1176,30140680,15248,15050,5414,4898,5156,5150,0,5192,0,0,0,2017-04-17,32840000,5084,3,0,0,0,0,0,0,0,0,5096,6,0,0,0,0,0,0,0,0
380,2017-04-17,09:07:20,0,SF705,XZCE,5096,5070,5192,1178,30191640,15248,15050,5414,4898,5156,5150,0,5192,0,0,0,2017-04-17,32840000,5084,3,0,0,0,0,0,0,0,0,5096,5,0,0,0,0,0,0,0,0
381,2017-04-17,09:07:21,0,SF705,XZCE,5096,5070,5192,1178,30191640,15248,15050,5414,4898,5156,5150,0,5192,0,0,0,2017-04-17,32841000,5084,3,0,0,0,0,0,0,0,0,5090,3,0,0,0,0,0,0,0,0
382,2017-04-17,09:07:22,0,SF705,XZCE,5090,5070,5192,1182,30293440,15246,15050,5414,4898,5156,5150,0,5192,0,0,0,2017-04-17,32842000,5084,3,0,0,0,0,0,0,0,0,5090,1,0,0,0,0,0,0,0,0
383,2017-04-17,09:07:22,0,SF705,XZCE,5090,5070,5192,1182,30293440,15246,15050,5414,4898,5156,5150,0,5192,0,0,0,2017-04-17,32842000,5084,4,0,0,0,0,0,0,0,0,5090,2,0,0,0,0,0,0,0,0
384,2017-04-17,09:07:23,0,SF705,XZCE,5096,5070,5192,1198,30701120,15242,15050,5414,4898,5156,5150,0,5192,0,0,0,2017-04-17,32843000,5082,2,0,0,0,0,0,0,0,0,5090,1,0,0,0,0,0,0,0,0
385,2017-04-17,09:07:24,0,SF705,XZCE,5082,5070,5192,1202,30802760,15240,15050,5414,4898,5156,5150,0,5192,0,0,0,2017-04-17,32844000,5080,1,0,0,0,0,0,0,0,0,5088,2,0,0,0,0,0,0,0,0
386,2017-04-17,09:07:24,0,SF705,XZCE,5082,5070,5192,1202,30802760,15240,15050,5414,4898,5156,5150,0,5192,0,0,0,2017-04-17,32844000,5080,1,0,0,0,0,0,0,0,0,5088,1,0,0,0,0,0,0,0,0
387,2017-04-17,09:07:25,0,SF705,XZCE,5082,5070,5192,1202,30802760,15240,15050,5414,4898,5156,5150,0,5192,0,0,0,2017-04-17,32845000,5080,1,0,0,0,0,0,0,0,0,5088,3,0,0,0,0,0,0,0,0
388,2017-04-17,09:07:29,0,SF705,XZCE,5080,5070,5192,1206,30904360,15238,15050,5414,4898,5156,5150,0,5192,0,0,0,2017-04-17,32849000,5082,1,0,0,0,0,0,0,0,0,5088,3,0,0,0,0,0,0,0,0
389,2017-04-17,09:07:30,0,SF705,XZCE,5080,5070,5192,1208,30955160,15238,15050,5414,4898,5156,5150,0,5192,0,0,0,2017-04-17,32850000,5078,24,0,0,0,0,0,0,0,0,5088,3,0,0,0,0,0,0,0,0
390,2017-04-17,09:07:31,0,SF705,XZCE,5080,5070,5192,1208,30955160,15238,15050,5414,4898,5156,5150,0,5192,0,0,0,2017-04-17,32851000,5078,24,0,0,0,0,0,0,0,0,5086,5,0,0,0,0,0,0,0,0
391,2017-04-17,09:07:33,0,SF705,XZCE,5080,5070,5192,1210,31005960,15236,15050,5414,4898,5156,5150,0,5192,0,0,0,2017-04-17,32853000,5080,6,0,0,0,0,0,0,0,0,5086,5,0,0,0,0,0,0,0,0
392,2017-04-17,09:07:34,0,SF705,XZCE,5080,5070,5192,1210,31005960,15236,15050,5414,4898,5156,5150,0,5192,0,0,0,2017-04-17,32854000,5080,5,0,0,0,0,0,0,0,0,5088,3,0,0,0,0,0,0,0,0
393,2017-04-17,09:07:34,0,SF705,XZCE,5080,5070,5192,1216,31158360,15242,15050,5414,4898,5156,5150,0,5192,0,0,0,2017-04-17,32854000,5080,2,0,0,0,0,0,0,0,0,5086,1,0,0,0,0,0,0,0,0
394,2017-04-17,09:07:35,0,SF705,XZCE,5086,5070,5192,1218,31209220,15244,15050,5414,4898,5156,5150,0,5192,0,0,0,2017-04-17,32855000,5080,2,0,0,0,0,0,0,0,0,5088,3,0,0,0,0,0,0,0,0
395,2017-04-17,09:07:36,0,SF705,XZCE,5080,5070,5192,1228,31463220,15244,15050,5414,4898,5156,5150,0,5192,0,0,0,2017-04-17,32856000,5078,26,0,0,0,0,0,0,0,0,5080,1,0,0,0,0,0,0,0,0
396,2017-04-17,09:07:37,0,SF705,XZCE,5080,5070,5192,1232,31564820,15240,15050,5414,4898,5156,5150,0,5192,0,0,0,2017-04-17,32857000,5080,9,0,0,0,0,0,0,0,0,5086,6,0,0,0,0,0,0,0,0
397,2017-04-17,09:07:38,0,SF705,XZCE,5080,5070,5192,1236,31666420,15240,15050,5414,4898,5156,5150,0,5192,0,0,0,2017-04-17,32858000,5078,26,0,0,0,0,0,0,0,0,5086,6,0,0,0,0,0,0,0,0
398,2017-04-17,09:07:39,0,SF705,XZCE,5080,5070,5192,1236,31666420,15240,15050,5414,4898,5156,5150,0,5192,0,0,0,2017-04-17,32859000,5078,26,0,0,0,0,0,0,0,0,5084,5,0,0,0,0,0,0,0,0
399,2017-04-17,09:07:39,0,SF705,XZCE,5080,5070,5192,1236,31666420,15240,15050,5414,4898,5156,5150,0,5192,0,0,0,2017-04-17,32859000,5080,1,0,0,0,0,0,0,0,0,5084,5,0,0,0,0,0,0,0,0
400,2017-04-17,09:07:40,0,SF705,XZCE,5080,5070,5192,1236,31666420,15240,15050,5414,4898,5156,5150,0,5192,0,0,0,2017-04-17,32860000,5082,1,0,0,0,0,0,0,0,0,5084,5,0,0,0,0,0,0,0,0
401,2017-04-17,09:07:41,0,SF705,XZCE,5084,5070,5192,1238,31717260,15238,15050,5414,4898,5156,5150,0,5192,0,0,0,2017-04-17,32861000,5082,1,0,0,0,0,0,0,0,0,5086,1,0,0,0,0,0,0,0,0
402,2017-04-17,09:07:41,0,SF705,XZCE,5088,5070,5192,1242,31819020,15238,15050,5414,4898,5156,5150,0,5192,0,0,0,2017-04-17,32861000,5082,2,0,0,0,0,0,0,0,0,5088,6,0,0,0,0,0,0,0,0
403,2017-04-17,09:07:42,0,SF705,XZCE,5088,5070,5192,1242,31819020,15238,15050,5414,4898,5156,5150,0,5192,0,0,0,2017-04-17,32862000,5082,2,0,0,0,0,0,0,0,0,5084,2,0,0,0,0,0,0,0,0
404,2017-04-17,09:07:42,0,SF705,XZCE,5084,5070,5192,1244,31869860,15236,15050,5414,4898,5156,5150,0,5192,0,0,0,2017-04-17,32862000,5082,2,0,0,0,0,0,0,0,0,5084,1,0,0,0,0,0,0,0,0
405,2017-04-17,09:07:46,0,SF705,XZCE,5082,5070,5192,1248,31971500,15232,15050,5414,4898,5156,5150,0,5192,0,0,0,2017-04-17,32866000,5080,1,0,0,0,0,0,0,0,0,5084,1,0,0,0,0,0,0,0,0
406,2017-04-17,09:07:46,0,SF705,XZCE,5084,5070,5192,1250,32022340,15232,15050,5414,4898,5156,5150,0,5192,0,0,0,2017-04-17,32866000,5080,1,0,0,0,0,0,0,0,0,5086,5,0,0,0,0,0,0,0,0
407,2017-04-17,09:07:47,0,SF705,XZCE,5082,5070,5192,1252,32073160,15232,15050,5414,4898,5156,5150,0,5192,0,0,0,2017-04-17,32867000,5080,1,0,0,0,0,0,0,0,0,5082,1,0,0,0,0,0,0,0,0
408,2017-04-17,09:07:49,0,SF705,XZCE,5080,5070,5192,1254,32123960,15230,15050,5414,4898,5156,5150,0,5192,0,0,0,2017-04-17,32869000,5078,31,0,0,0,0,0,0,0,0,5080,1,0,0,0,0,0,0,0,0
409,2017-04-17,09:07:50,0,SF705,XZCE,5080,5070,5192,1256,32174760,15230,15050,5414,4898,5156,5150,0,5192,0,0,0,2017-04-17,32870000,5080,5,0,0,0,0,0,0,0,0,5082,1,0,0,0,0,0,0,0,0
410,2017-04-17,09:07:51,0,SF705,XZCE,5080,5070,5192,1256,32174760,15230,15050,5414,4898,5156,5150,0,5192,0,0,0,2017-04-17,32871000,5080,1,0,0,0,0,0,0,0,0,5082,2,0,0,0,0,0,0,0,0
411,2017-04-17,09:07:53,0,SF705,XZCE,5082,5070,5192,1258,32225580,15228,15050,5414,4898,5156,5150,0,5192,0,0,0,2017-04-17,32873000,5084,2,0,0,0,0,0,0,0,0,5086,5,0,0,0,0,0,0,0,0
412,2017-04-17,09:07:54,0,SF705,XZCE,5082,5070,5192,1258,32225580,15228,15050,5414,4898,5156,5150,0,5192,0,0,0,2017-04-17,32874000,5084,2,0,0,0,0,0,0,0,0,5088,2,0,0,0,0,0,0,0,0
413,2017-04-17,09:07:54,0,SF705,XZCE,5082,5070,5192,1258,32225580,15228,15050,5414,4898,5156,5150,0,5192,0,0,0,2017-04-17,32874000,5080,11,0,0,0,0,0,0,0,0,5088,6,0,0,0,0,0,0,0,0
414,2017-04-17,09:07:55,0,SF705,XZCE,5080,5070,5192,1264,32377980,15228,15050,5414,4898,5156,5150,0,5192,0,0,0,2017-04-17,32875000,5080,9,0,0,0,0,0,0,0,0,5086,5,0,0,0,0,0,0,0,0
415,2017-04-17,09:07:55,0,SF705,XZCE,5080,5070,5192,1264,32377980,15228,15050,5414,4898,5156,5150,0,5192,0,0,0,2017-04-17,32875000,5082,6,0,0,0,0,0,0,0,0,5086,5,0,0,0,0,0,0,0,0
416,2017-04-17,09:07:57,0,SF705,XZCE,5082,5070,5192,1284,32886180,15222,15050,5414,4898,5156,5150,0,5192,0,0,0,2017-04-17,32877000,5082,1,0,0,0,0,0,0,0,0,5086,5,0,0,0,0,0,0,0,0
417,2017-04-17,09:08:01,0,SF705,XZCE,5082,5070,5192,1284,32886180,15222,15050,5414,4898,5156,5150,0,5192,0,0,0,2017-04-17,32881000,5082,1,0,0,0,0,0,0,0,0,5086,6,0,0,0,0,0,0,0,0
418,2017-04-17,09:08:03,0,SF705,XZCE,5086,5070,5192,1288,32987900,15224,15050,5414,4898,5156,5150,0,5192,0,0,0,2017-04-17,32883000,5082,1,0,0,0,0,0,0,0,0,5086,4,0,0,0,0,0,0,0,0
419,2017-04-17,09:08:03,0,SF705,XZCE,5088,5070,5192,1300,33293180,15220,15050,5414,4898,5156,5150,0,5192,0,0,0,2017-04-17,32883000,5086,26,0,0,0,0,0,0,0,0,5090,2,0,0,0,0,0,0,0,0
420,2017-04-17,09:08:03,0,SF705,XZCE,5090,5070,5192,1304,33394980,15218,15050,5414,4898,5156,5150,0,5192,0,0,0,2017-04-17,32883000,5088,1,0,0,0,0,0,0,0,0,5092,6,0,0,0,0,0,0,0,0
421,2017-04-17,09:08:04,0,SF705,XZCE,5092,5070,5192,1310,33547740,15212,15050,5414,4898,5156,5150,0,5192,0,0,0,2017-04-17,32884000,5086,26,0,0,0,0,0,0,0,0,5092,3,0,0,0,0,0,0,0,0
422,2017-04-17,09:08:05,0,SF705,XZCE,5092,5070,5192,1314,33649580,15208,15050,5414,4898,5156,5150,0,5192,0,0,0,2017-04-17,32885000,5086,26,0,0,0,0,0,0,0,0,5094,1,0,0,0,0,0,0,0,0
423,2017-04-17,09:08:05,0,SF705,XZCE,5092,5070,5192,1314,33649580,15208,15050,5414,4898,5156,5150,0,5192,0,0,0,2017-04-17,32885000,5088,1,0,0,0,0,0,0,0,0,5094,6,0,0,0,0,0,0,0,0
424,2017-04-17,09:08:06,0,SF705,XZCE,5092,5070,5192,1314,33649580,15208,15050,5414,4898,5156,5150,0,5192,0,0,0,2017-04-17,32886000,5090,2,0,0,0,0,0,0,0,0,5094,1,0,0,0,0,0,0,0,0
425,2017-04-17,09:08:09,0,SF705,XZCE,5090,5070,5192,1320,33802280,15208,15050,5414,4898,5156,5150,0,5192,0,0,0,2017-04-17,32889000,5088,1,0,0,0,0,0,0,0,0,5094,6,0,0,0,0,0,0,0,0
426,2017-04-17,09:08:10,0,SF705,XZCE,5090,5070,5192,1320,33802280,15208,15050,5414,4898,5156,5150,0,5192,0,0,0,2017-04-17,32890000,5088,1,0,0,0,0,0,0,0,0,5092,1,0,0,0,0,0,0,0,0
427,2017-04-17,09:08:11,0,SF705,XZCE,5090,5070,5192,1320,33802280,15208,15050,5414,4898,5156,5150,0,5192,0,0,0,2017-04-17,32891000,5088,1,0,0,0,0,0,0,0,0,5092,6,0,0,0,0,0,0,0,0
428,2017-04-17,09:08:12,0,SF705,XZCE,5090,5070,5192,1324,33904080,15210,15050,5414,4898,5156,5150,0,5192,0,0,0,2017-04-17,32892000,5088,1,0,0,0,0,0,0,0,0,5092,6,0,0,0,0,0,0,0,0
429,2017-04-17,09:08:13,0,SF705,XZCE,5088,5070,5192,1326,33954960,15212,15050,5414,4898,5156,5150,0,5192,0,0,0,2017-04-17,32893000,5086,26,0,0,0,0,0,0,0,0,5088,1,0,0,0,0,0,0,0,0
430,2017-04-17,09:08:14,0,SF705,XZCE,5088,5070,5192,1326,33954960,15212,15050,5414,4898,5156,5150,0,5192,0,0,0,2017-04-17,32894000,5086,26,0,0,0,0,0,0,0,0,5090,4,0,0,0,0,0,0,0,0
431,2017-04-17,09:08:14,0,SF705,XZCE,5088,5070,5192,1328,34005840,15210,15050,5414,4898,5156,5150,0,5192,0,0,0,2017-04-17,32894000,5086,26,0,0,0,0,0,0,0,0,5090,5,0,0,0,0,0,0,0,0
432,2017-04-17,09:08:18,0,SF705,XZCE,5088,5070,5192,1332,34107600,15208,15050,5414,4898,5156,5150,0,5192,0,0,0,2017-04-17,32898000,5086,26,0,0,0,0,0,0,0,0,5088,1,0,0,0,0,0,0,0,0
433,2017-04-17,09:08:18,0,SF705,XZCE,5088,5070,5192,1332,34107600,15208,15050,5414,4898,5156,5150,0,5192,0,0,0,2017-04-17,32898000,5086,26,0,0,0,0,0,0,0,0,5088,2,0,0,0,0,0,0,0,0
434,2017-04-17,09:08:19,0,SF705,XZCE,5086,5070,5192,1334,34158460,15208,15050,5414,4898,5156,5150,0,5192,0,0,0,2017-04-17,32899000,5086,25,0,0,0,0,0,0,0,0,5088,2,0,0,0,0,0,0,0,0
435,2017-04-17,09:08:19,0,SF705,XZCE,5086,5070,5192,1348,34514480,15208,15050,5414,4898,5156,5150,0,5192,0,0,0,2017-04-17,32899000,5086,19,0,0,0,0,0,0,0,0,5088,1,0,0,0,0,0,0,0,0
436,2017-04-17,09:08:20,0,SF705,XZCE,5086,5070,5192,1386,35480820,15200,15050,5414,4898,5156,5150,0,5192,0,0,0,2017-04-17,32900000,5080,11,0,0,0,0,0,0,0,0,5086,10,0,0,0,0,0,0,0,0
437,2017-04-17,09:08:21,0,SF705,XZCE,5086,5070,5192,1386,35480820,15200,15050,5414,4898,5156,5150,0,5192,0,0,0,2017-04-17,32901000,5080,11,0,0,0,0,0,0,0,0,5082,1,0,0,0,0,0,0,0,0
438,2017-04-17,09:08:21,0,SF705,XZCE,5080,5070,5192,1392,35633220,15204,15050,5414,4898,5156,5150,0,5192,0,0,0,2017-04-17,32901000,5080,8,0,0,0,0,0,0,0,0,5082,1,0,0,0,0,0,0,0,0
439,2017-04-17,09:08:22,0,SF705,XZCE,5080,5070,5192,1404,35938020,15214,15050,5414,4898,5156,5150,0,5192,0,0,0,2017-04-17,32902000,5080,2,0,0,0,0,0,0,0,0,5082,1,0,0,0,0,0,0,0,0
440,2017-04-17,09:08:22,0,SF705,XZCE,5080,5070,5192,1404,35938020,15214,15050,5414,4898,5156,5150,0,5192,0,0,0,2017-04-17,32902000,5080,2,0,0,0,0,0,0,0,0,5090,1,0,0,0,0,0,0,0,0
441,2017-04-17,09:08:23,0,SF705,XZCE,5080,5070,5192,1410,36090420,15212,15050,5414,4898,5156,5150,0,5192,0,0,0,2017-04-17,32903000,5078,27,0,0,0,0,0,0,0,0,5080,4,0,0,0,0,0,0,0,0
442,2017-04-17,09:08:23,0,SF705,XZCE,5080,5070,5192,1412,36141220,15210,15050,5414,4898,5156,5150,0,5192,0,0,0,2017-04-17,32903000,5082,1,0,0,0,0,0,0,0,0,5090,1,0,0,0,0,0,0,0,0
443,2017-04-17,09:08:24,0,SF705,XZCE,5080,5070,5192,1412,36141220,15210,15050,5414,4898,5156,5150,0,5192,0,0,0,2017-04-17,32904000,5082,3,0,0,0,0,0,0,0,0,5090,6,0,0,0,0,0,0,0,0
444,2017-04-17,09:08:24,0,SF705,XZCE,5080,5070,5192,1412,36141220,15210,15050,5414,4898,5156,5150,0,5192,0,0,0,2017-04-17,32904000,5082,4,0,0,0,0,0,0,0,0,5090,26,0,0,0,0,0,0,0,0
445,2017-04-17,09:08:25,0,SF705,XZCE,5080,5070,5192,1412,36141220,15210,15050,5414,4898,5156,5150,0,5192,0,0,0,2017-04-17,32905000,5082,44,0,0,0,0,0,0,0,0,5090,26,0,0,0,0,0,0,0,0
446,2017-04-17,09:08:25,0,SF705,XZCE,5080,5070,5192,1412,36141220,15210,15050,5414,4898,5156,5150,0,5192,0,0,0,2017-04-17,32905000,5084,5,0,0,0,0,0,0,0,0,5090,5,0,0,0,0,0,0,0,0
447,2017-04-17,09:08:26,0,SF705,XZCE,5080,5070,5192,1412,36141220,15210,15050,5414,4898,5156,5150,0,5192,0,0,0,2017-04-17,32906000,5084,5,0,0,0,0,0,0,0,0,5090,11,0,0,0,0,0,0,0,0
448,2017-04-17,09:08:26,0,SF705,XZCE,5080,5070,5192,1412,36141220,15210,15050,5414,4898,5156,5150,0,5192,0,0,0,2017-04-17,32906000,5084,8,0,0,0,0,0,0,0,0,5090,10,0,0,0,0,0,0,0,0
449,2017-04-17,09:08:27,0,SF705,XZCE,5080,5070,5192,1412,36141220,15210,15050,5414,4898,5156,5150,0,5192,0,0,0,2017-04-17,32907000,5084,5,0,0,0,0,0,0,0,0,5090,10,0,0,0,0,0,0,0,0
450,2017-04-17,09:08:27,0,SF705,XZCE,5080,5070,5192,1412,36141220,15210,15050,5414,4898,5156,5150,0,5192,0,0,0,2017-04-17,32907000,5084,5,0,0,0,0,0,0,0,0,5088,4,0,0,0,0,0,0,0,0
451,2017-04-17,09:08:28,0,SF705,XZCE,5084,5070,5192,1432,36649620,15220,15050,5414,4898,5156,5150,0,5192,0,0,0,2017-04-17,32908000,5082,44,0,0,0,0,0,0,0,0,5084,3,0,0,0,0,0,0,0,0
452,2017-04-17,09:08:28,0,SF705,XZCE,5084,5070,5192,1436,36751300,15220,15050,5414,4898,5156,5150,0,5192,0,0,0,2017-04-17,32908000,5082,44,0,0,0,0,0,0,0,0,5084,1,0,0,0,0,0,0,0,0
453,2017-04-17,09:08:30,0,SF705,XZCE,5084,5070,5192,1438,36802140,15222,15050,5414,4898,5156,5150,0,5192,0,0,0,2017-04-17,32910000,5082,44,0,0,0,0,0,0,0,0,5088,11,0,0,0,0,0,0,0,0
454,2017-04-17,09:08:31,0,SF705,XZCE,5084,5070,5192,1438,36802140,15222,15050,5414,4898,5156,5150,0,5192,0,0,0,2017-04-17,32911000,5082,43,0,0,0,0,0,0,0,0,5088,9,0,0,0,0,0,0,0,0
455,2017-04-17,09:08:32,0,SF705,XZCE,5082,5070,5192,1450,37107060,15214,15050,5414,4898,5156,5150,0,5192,0,0,0,2017-04-17,32912000,5082,37,0,0,0,0,0,0,0,0,5086,1,0,0,0,0,0,0,0,0
456,2017-04-17,09:08:33,0,SF705,XZCE,5082,5070,5192,1450,37107060,15214,15050,5414,4898,5156,5150,0,5192,0,0,0,2017-04-17,32913000,5082,37,0,0,0,0,0,0,0,0,5086,3,0,0,0,0,0,0,0,0
457,2017-04-17,09:08:35,0,SF705,XZCE,5082,5070,5192,1450,37107060,15214,15050,5414,4898,5156,5150,0,5192,0,0,0,2017-04-17,32915000,5082,37,0,0,0,0,0,0,0,0,5086,4,0,0,0,0,0,0,0,0
458,2017-04-17,09:08:39,0,SF705,XZCE,5082,5070,5192,1450,37107060,15214,15050,5414,4898,5156,5150,0,5192,0,0,0,2017-04-17,32919000,5082,37,0,0,0,0,0,0,0,0,5086,3,0,0,0,0,0,0,0,0
459,2017-04-17,09:08:39,0,SF705,XZCE,5082,5070,5192,1452,37157880,15212,15050,5414,4898,5156,5150,0,5192,0,0,0,2017-04-17,32919000,5082,76,0,0,0,0,0,0,0,0,5086,3,0,0,0,0,0,0,0,0
460,2017-04-17,09:08:43,0,SF705,XZCE,5082,5070,5192,1452,37157880,15212,15050,5414,4898,5156,5150,0,5192,0,0,0,2017-04-17,32923000,5082,76,0,0,0,0,0,0,0,0,5086,1,0,0,0,0,0,0,0,0
461,2017-04-17,09:08:43,0,SF705,XZCE,5086,5070,5192,1454,37208740,15212,15050,5414,4898,5156,5150,0,5192,0,0,0,2017-04-17,32923000,5082,76,0,0,0,0,0,0,0,0,5088,8,0,0,0,0,0,0,0,0
462,2017-04-17,09:08:44,0,SF705,XZCE,5086,5070,5192,1454,37208740,15212,15050,5414,4898,5156,5150,0,5192,0,0,0,2017-04-17,32924000,5084,3,0,0,0,0,0,0,0,0,5088,9,0,0,0,0,0,0,0,0
463,2017-04-17,09:08:45,0,SF705,XZCE,5086,5070,5192,1454,37208740,15212,15050,5414,4898,5156,5150,0,5192,0,0,0,2017-04-17,32925000,5084,3,0,0,0,0,0,0,0,0,5086,1,0,0,0,0,0,0,0,0
464,2017-04-17,09:08:46,0,SF705,XZCE,5088,5070,5192,1458,37310500,15212,15050,5414,4898,5156,5150,0,5192,0,0,0,2017-04-17,32926000,5086,5,0,0,0,0,0,0,0,0,5088,8,0,0,0,0,0,0,0,0
465,2017-04-17,09:08:46,0,SF705,XZCE,5088,5070,5192,1466,37514020,15204,15050,5414,4898,5156,5150,0,5192,0,0,0,2017-04-17,32926000,5086,5,0,0,0,0,0,0,0,0,5088,4,0,0,0,0,0,0,0,0
466,2017-04-17,09:08:47,0,SF705,XZCE,5086,5070,5192,1468,37564880,15204,15050,5414,4898,5156,5150,0,5192,0,0,0,2017-04-17,32927000,5086,4,0,0,0,0,0,0,0,0,5088,4,0,0,0,0,0,0,0,0
467,2017-04-17,09:08:48,0,SF705,XZCE,5086,5070,5192,1468,37564880,15204,15050,5414,4898,5156,5150,0,5192,0,0,0,2017-04-17,32928000,5086,1,0,0,0,0,0,0,0,0,5088,4,0,0,0,0,0,0,0,0
468,2017-04-17,09:08:50,0,SF705,XZCE,5088,5070,5192,1470,37615760,15206,15050,5414,4898,5156,5150,0,5192,0,0,0,2017-04-17,32930000,5086,1,0,0,0,0,0,0,0,0,5088,4,0,0,0,0,0,0,0,0
469,2017-04-17,09:08:50,0,SF705,XZCE,5088,5070,5192,1470,37615760,15206,15050,5414,4898,5156,5150,0,5192,0,0,0,2017-04-17,32930000,5086,1,0,0,0,0,0,0,0,0,5088,5,0,0,0,0,0,0,0,0
470,2017-04-17,09:08:51,0,SF705,XZCE,5088,5070,5192,1472,37666640,15208,15050,5414,4898,5156,5150,0,5192,0,0,0,2017-04-17,32931000,5086,1,0,0,0,0,0,0,0,0,5088,4,0,0,0,0,0,0,0,0
471,2017-04-17,09:08:53,0,SF705,XZCE,5088,5070,5192,1478,37819280,15210,15050,5414,4898,5156,5150,0,5192,0,0,0,2017-04-17,32933000,5086,1,0,0,0,0,0,0,0,0,5088,1,0,0,0,0,0,0,0,0
472,2017-04-17,09:08:54,0,SF705,XZCE,5090,5070,5192,1484,37971980,15214,15050,5414,4898,5156,5150,0,5192,0,0,0,2017-04-17,32934000,5088,14,0,0,0,0,0,0,0,0,5092,1,0,0,0,0,0,0,0,0
473,2017-04-17,09:08:55,0,SF705,XZCE,5090,5070,5192,1484,37971980,15214,15050,5414,4898,5156,5150,0,5192,0,0,0,2017-04-17,32935000,5086,3,0,0,0,0,0,0,0,0,5092,5,0,0,0,0,0,0,0,0
474,2017-04-17,09:08:57,0,SF705,XZCE,5090,5070,5192,1484,37971980,15214,15050,5414,4898,5156,5150,0,5192,0,0,0,2017-04-17,32937000,5086,3,0,0,0,0,0,0,0,0,5092,4,0,0,0,0,0,0,0,0
475,2017-04-17,09:09:01,0,SF705,XZCE,5090,5070,5192,1484,37971980,15214,15050,5414,4898,5156,5150,0,5192,0,0,0,2017-04-17,32941000,5086,3,0,0,0,0,0,0,0,0,5090,1,0,0,0,0,0,0,0,0
476,2017-04-17,09:09:04,0,SF705,XZCE,5086,5070,5192,1486,38022840,15216,15050,5414,4898,5156,5150,0,5192,0,0,0,2017-04-17,32944000,5086,2,0,0,0,0,0,0,0,0,5090,1,0,0,0,0,0,0,0,0
477,2017-04-17,09:09:06,0,SF705,XZCE,5086,5070,5192,1486,38022840,15216,15050,5414,4898,5156,5150,0,5192,0,0,0,2017-04-17,32946000,5086,2,0,0,0,0,0,0,0,0,5090,11,0,0,0,0,0,0,0,0
478,2017-04-17,09:09:08,0,SF705,XZCE,5086,5070,5192,1486,38022840,15216,15050,5414,4898,5156,5150,0,5192,0,0,0,2017-04-17,32948000,5086,2,0,0,0,0,0,0,0,0,5090,12,0,0,0,0,0,0,0,0
479,2017-04-17,09:09:15,0,SF705,XZCE,5086,5070,5192,1486,38022840,15216,15050,5414,4898,5156,5150,0,5192,0,0,0,2017-04-17,32955000,5084,3,0,0,0,0,0,0,0,0,5088,2,0,0,0,0,0,0,0,0
480,2017-04-17,09:09:21,0,SF705,XZCE,5086,5070,5192,1486,38022840,15216,15050,5414,4898,5156,5150,0,5192,0,0,0,2017-04-17,32961000,5084,3,0,0,0,0,0,0,0,0,5086,1,0,0,0,0,0,0,0,0
481,2017-04-17,09:09:24,0,SF705,XZCE,5086,5070,5192,1486,38022840,15216,15050,5414,4898,5156,5150,0,5192,0,0,0,2017-04-17,32964000,5084,4,0,0,0,0,0,0,0,0,5086,1,0,0,0,0,0,0,0,0
482,2017-04-17,09:09:25,0,SF705,XZCE,5084,5070,5192,1494,38226200,15210,15050,5414,4898,5156,5150,0,5192,0,0,0,2017-04-17,32965000,5082,77,0,0,0,0,0,0,0,0,5084,4,0,0,0,0,0,0,0,0
483,2017-04-17,09:09:26,0,SF705,XZCE,5084,5070,5192,1502,38429560,15202,15050,5414,4898,5156,5150,0,5192,0,0,0,2017-04-17,32966000,5084,1,0,0,0,0,0,0,0,0,5086,1,0,0,0,0,0,0,0,0
484,2017-04-17,09:09:27,0,SF705,XZCE,5084,5070,5192,1504,38480400,15200,15050,5414,4898,5156,5150,0,5192,0,0,0,2017-04-17,32967000,5082,41,0,0,0,0,0,0,0,0,5086,1,0,0,0,0,0,0,0,0
485,2017-04-17,09:09:29,0,SF705,XZCE,5082,5070,5192,1506,38531220,15200,15050,5414,4898,5156,5150,0,5192,0,0,0,2017-04-17,32969000,5082,40,0,0,0,0,0,0,0,0,5086,1,0,0,0,0,0,0,0,0
486,2017-04-17,09:09:34,0,SF705,XZCE,5084,5070,5192,1508,38582060,15200,15050,5414,4898,5156,5150,0,5192,0,0,0,2017-04-17,32974000,5082,40,0,0,0,0,0,0,0,0,5086,1,0,0,0,0,0,0,0,0
487,2017-04-17,09:09:36,0,SF705,XZCE,5084,5070,5192,1508,38582060,15200,15050,5414,4898,5156,5150,0,5192,0,0,0,2017-04-17,32976000,5084,1,0,0,0,0,0,0,0,0,5086,1,0,0,0,0,0,0,0,0
488,2017-04-17,09:09:37,0,SF705,XZCE,5084,5070,5192,1508,38582060,15200,15050,5414,4898,5156,5150,0,5192,0,0,0,2017-04-17,32977000,5084,6,0,0,0,0,0,0,0,0,5086,1,0,0,0,0,0,0,0,0
489,2017-04-17,09:09:37,0,SF705,XZCE,5084,5070,5192,1510,38632900,15200,15050,5414,4898,5156,5150,0,5192,0,0,0,2017-04-17,32977000,5084,5,0,0,0,0,0,0,0,0,5086,1,0,0,0,0,0,0,0,0
490,2017-04-17,09:09:43,0,SF705,XZCE,5084,5070,5192,1510,38632900,15200,15050,5414,4898,5156,5150,0,5192,0,0,0,2017-04-17,32983000,5082,40,0,0,0,0,0,0,0,0,5086,3,0,0,0,0,0,0,0,0
491,2017-04-17,09:09:44,0,SF705,XZCE,5084,5070,5192,1510,38632900,15200,15050,5414,4898,5156,5150,0,5192,0,0,0,2017-04-17,32984000,5082,40,0,0,0,0,0,0,0,0,5084,1,0,0,0,0,0,0,0,0
492,2017-04-17,09:09:45,0,SF705,XZCE,5082,5070,5192,1514,38734540,15200,15050,5414,4898,5156,5150,0,5192,0,0,0,2017-04-17,32985000,5082,38,0,0,0,0,0,0,0,0,5084,1,0,0,0,0,0,0,0,0
493,2017-04-17,09:09:45,0,SF705,XZCE,5082,5070,5192,1514,38734540,15200,15050,5414,4898,5156,5150,0,5192,0,0,0,2017-04-17,32985000,5082,38,0,0,0,0,0,0,0,0,5084,2,0,0,0,0,0,0,0,0
494,2017-04-17,09:09:46,0,SF705,XZCE,5082,5070,5192,1518,38836180,15200,15050,5414,4898,5156,5150,0,5192,0,0,0,2017-04-17,32986000,5082,36,0,0,0,0,0,0,0,0,5084,2,0,0,0,0,0,0,0,0
495,2017-04-17,09:09:46,0,SF705,XZCE,5082,5070,5192,1520,38887000,15200,15050,5414,4898,5156,5150,0,5192,0,0,0,2017-04-17,32986000,5082,35,0,0,0,0,0,0,0,0,5084,2,0,0,0,0,0,0,0,0
496,2017-04-17,09:09:47,0,SF705,XZCE,5084,5070,5192,1524,38988680,15200,15050,5414,4898,5156,5150,0,5192,0,0,0,2017-04-17,32987000,5084,34,0,0,0,0,0,0,0,0,5086,3,0,0,0,0,0,0,0,0
497,2017-04-17,09:09:49,0,SF705,XZCE,5084,5070,5192,1530,39141200,15196,15050,5414,4898,5156,5150,0,5192,0,0,0,2017-04-17,32989000,5084,34,0,0,0,0,0,0,0,0,5088,2,0,0,0,0,0,0,0,0
498,2017-04-17,09:09:51,0,SF705,XZCE,5088,5070,5192,1532,39192080,15198,15050,5414,4898,5156,5150,0,5192,0,0,0,2017-04-17,32991000,5086,1,0,0,0,0,0,0,0,0,5094,3,0,0,0,0,0,0,0,0
499,2017-04-17,09:09:52,0,SF705,XZCE,5088,5070,5192,1532,39192080,15198,15050,5414,4898,5156,5150,0,5192,0,0,0,2017-04-17,32992000,5088,2,0,0,0,0,0,0,0,0,5094,6,0,0,0,0,0,0,0,0
500,2017-04-17,09:09:54,0,SF705,XZCE,5088,5070,5192,1532,39192080,15198,15050,5414,4898,5156,5150,0,5192,0,0,0,2017-04-17,32994000,5088,2,0,0,0,0,0,0,0,0,5092,1,0,0,0,0,0,0,0,0
501,2017-04-17,09:09:54,0,SF705,XZCE,5088,5070,5192,1534,39242960,15198,15050,5414,4898,5156,5150,0,5192,0,0,0,2017-04-17,32994000,5086,2,0,0,0,0,0,0,0,0,5090,1,0,0,0,0,0,0,0,0
502,2017-04-17,09:09:55,0,SF705,XZCE,5088,5070,5192,1534,39242960,15198,15050,5414,4898,5156,5150,0,5192,0,0,0,2017-04-17,32995000,5086,2,0,0,0,0,0,0,0,0,5088,2,0,0,0,0,0,0,0,0
503,2017-04-17,09:09:56,0,SF705,XZCE,5088,5070,5192,1534,39242960,15198,15050,5414,4898,5156,5150,0,5192,0,0,0,2017-04-17,32996000,5086,1,0,0,0,0,0,0,0,0,5088,2,0,0,0,0,0,0,0,0
504,2017-04-17,09:09:56,0,SF705,XZCE,5088,5070,5192,1534,39242960,15198,15050,5414,4898,5156,5150,0,5192,0,0,0,2017-04-17,32996000,5084,34,0,0,0,0,0,0,0,0,5088,3,0,0,0,0,0,0,0,0
505,2017-04-17,09:09:57,0,SF705,XZCE,5088,5070,5192,1534,39242960,15198,15050,5414,4898,5156,5150,0,5192,0,0,0,2017-04-17,32997000,5084,34,0,0,0,0,0,0,0,0,5088,6,0,0,0,0,0,0,0,0
506,2017-04-17,09:09:57,0,SF705,XZCE,5088,5070,5192,1534,39242960,15198,15050,5414,4898,5156,5150,0,5192,0,0,0,2017-04-17,32997000,5084,33,0,0,0,0,0,0,0,0,5088,6,0,0,0,0,0,0,0,0
507,2017-04-17,09:09:59,0,SF705,XZCE,5088,5070,5192,1534,39242960,15198,15050,5414,4898,5156,5150,0,5192,0,0,0,2017-04-17,32999000,5084,33,0,0,0,0,0,0,0,0,5088,7,0,0,0,0,0,0,0,0
508,2017-04-17,09:10:00,0,SF705,XZCE,5088,5070,5192,1536,39293840,15196,15050,5414,4898,5156,5150,0,5192,0,0,0,2017-04-17,33000000,5084,33,0,0,0,0,0,0,0,0,5088,6,0,0,0,0,0,0,0,0
509,2017-04-17,09:10:01,0,SF705,XZCE,5088,5070,5192,1536,39293840,15196,15050,5414,4898,5156,5150,0,5192,0,0,0,2017-04-17,33001000,5086,1,0,0,0,0,0,0,0,0,5090,1,0,0,0,0,0,0,0,0
510,2017-04-17,09:10:01,0,SF705,XZCE,5088,5070,5192,1536,39293840,15196,15050,5414,4898,5156,5150,0,5192,0,0,0,2017-04-17,33001000,5086,1,0,0,0,0,0,0,0,0,5090,2,0,0,0,0,0,0,0,0
511,2017-04-17,09:10:02,0,SF705,XZCE,5088,5070,5192,1536,39293840,15196,15050,5414,4898,5156,5150,0,5192,0,0,0,2017-04-17,33002000,5086,1,0,0,0,0,0,0,0,0,5088,10,0,0,0,0,0,0,0,0
512,2017-04-17,09:10:05,0,SF705,XZCE,5086,5070,5192,1538,39344700,15196,15050,5414,4898,5156,5150,0,5192,0,0,0,2017-04-17,33005000,5084,33,0,0,0,0,0,0,0,0,5088,10,0,0,0,0,0,0,0,0
513,2017-04-17,09:10:06,0,SF705,XZCE,5086,5070,5192,1538,39344700,15196,15050,5414,4898,5156,5150,0,5192,0,0,0,2017-04-17,33006000,5086,1,0,0,0,0,0,0,0,0,5088,10,0,0,0,0,0,0,0,0
514,2017-04-17,09:10:08,0,SF705,XZCE,5088,5070,5192,1558,39853500,15196,15050,5414,4898,5156,5150,0,5192,0,0,0,2017-04-17,33008000,5088,4,0,0,0,0,0,0,0,0,5092,2,0,0,0,0,0,0,0,0
515,2017-04-17,09:10:11,0,SF705,XZCE,5088,5070,5192,1558,39853500,15196,15050,5414,4898,5156,5150,0,5192,0,0,0,2017-04-17,33011000,5088,4,0,0,0,0,0,0,0,0,5092,11,0,0,0,0,0,0,0,0
516,2017-04-17,09:10:15,0,SF705,XZCE,5092,5070,5192,1564,40006260,15194,15050,5414,4898,5156,5150,0,5192,0,0,0,2017-04-17,33015000,5088,5,0,0,0,0,0,0,0,0,5092,8,0,0,0,0,0,0,0,0
517,2017-04-17,09:10:17,0,SF705,XZCE,5092,5070,5192,1566,40057180,15194,15050,5414,4898,5156,5150,0,5192,0,0,0,2017-04-17,33017000,5088,5,0,0,0,0,0,0,0,0,5092,7,0,0,0,0,0,0,0,0
518,2017-04-17,09:10:17,0,SF705,XZCE,5092,5070,5192,1566,40057180,15194,15050,5414,4898,5156,5150,0,5192,0,0,0,2017-04-17,33017000,5088,5,0,0,0,0,0,0,0,0,5092,10,0,0,0,0,0,0,0,0
519,2017-04-17,09:10:19,0,SF705,XZCE,5092,5070,5192,1566,40057180,15194,15050,5414,4898,5156,5150,0,5192,0,0,0,2017-04-17,33019000,5088,10,0,0,0,0,0,0,0,0,5092,10,0,0,0,0,0,0,0,0
520,2017-04-17,09:10:21,0,SF705,XZCE,5092,5070,5192,1566,40057180,15194,15050,5414,4898,5156,5150,0,5192,0,0,0,2017-04-17,33021000,5090,6,0,0,0,0,0,0,0,0,5092,10,0,0,0,0,0,0,0,0
521,2017-04-17,09:10:23,0,SF705,XZCE,5092,5070,5192,1566,40057180,15194,15050,5414,4898,5156,5150,0,5192,0,0,0,2017-04-17,33023000,5090,6,0,0,0,0,0,0,0,0,5092,8,0,0,0,0,0,0,0,0
522,2017-04-17,09:10:24,0,SF705,XZCE,5092,5070,5192,1566,40057180,15194,15050,5414,4898,5156,5150,0,5192,0,0,0,2017-04-17,33024000,5090,11,0,0,0,0,0,0,0,0,5092,8,0,0,0,0,0,0,0,0
523,2017-04-17,09:10:24,0,SF705,XZCE,5092,5070,5192,1572,40209940,15194,15050,5414,4898,5156,5150,0,5192,0,0,0,2017-04-17,33024000,5090,5,0,0,0,0,0,0,0,0,5092,5,0,0,0,0,0,0,0,0
524,2017-04-17,09:10:25,0,SF705,XZCE,5092,5070,5192,1574,40260860,15194,15050,5414,4898,5156,5150,0,5192,0,0,0,2017-04-17,33025000,5090,5,0,0,0,0,0,0,0,0,5092,6,0,0,0,0,0,0,0,0
525,2017-04-17,09:10:25,0,SF705,XZCE,5092,5070,5192,1586,40566380,15200,15050,5414,4898,5156,5150,0,5192,0,0,0,2017-04-17,33025000,5092,2,0,0,0,0,0,0,0,0,5094,3,0,0,0,0,0,0,0,0
526,2017-04-17,09:10:26,0,SF705,XZCE,5094,5070,5192,1592,40719200,15198,15050,5414,4898,5156,5150,0,5192,0,0,0,2017-04-17,33026000,5094,2,0,0,0,0,0,0,0,0,5098,1,0,0,0,0,0,0,0,0
527,2017-04-17,09:10:26,0,SF705,XZCE,5094,5070,5192,1594,40770140,15198,15050,5414,4898,5156,5150,0,5192,0,0,0,2017-04-17,33026000,5094,1,0,0,0,0,0,0,0,0,5098,1,0,0,0,0,0,0,0,0
528,2017-04-17,09:10:30,0,SF705,XZCE,5094,5070,5192,1594,40770140,15198,15050,5414,4898,5156,5150,0,5192,0,0,0,2017-04-17,33030000,5096,3,0,0,0,0,0,0,0,0,5098,1,0,0,0,0,0,0,0,0
529,2017-04-17,09:10:31,0,SF705,XZCE,5094,5070,5192,1594,40770140,15198,15050,5414,4898,5156,5150,0,5192,0,0,0,2017-04-17,33031000,5096,3,0,0,0,0,0,0,0,0,5098,3,0,0,0,0,0,0,0,0
530,2017-04-17,09:10:33,0,SF705,XZCE,5098,5070,5192,1604,41025040,15192,15050,5414,4898,5156,5150,0,5192,0,0,0,2017-04-17,33033000,5098,7,0,0,0,0,0,0,0,0,5100,2,0,0,0,0,0,0,0,0
531,2017-04-17,09:10:33,0,SF705,XZCE,5098,5070,5192,1610,41177980,15192,15050,5414,4898,5156,5150,0,5192,0,0,0,2017-04-17,33033000,5098,4,0,0,0,0,0,0,0,0,5100,2,0,0,0,0,0,0,0,0
532,2017-04-17,09:10:35,0,SF705,XZCE,5098,5070,5192,1614,41279940,15188,15050,5414,4898,5156,5150,0,5192,0,0,0,2017-04-17,33035000,5098,2,0,0,0,0,0,0,0,0,5100,2,0,0,0,0,0,0,0,0
533,2017-04-17,09:10:35,0,SF705,XZCE,5098,5070,5192,1618,41381900,15184,15050,5414,4898,5156,5150,0,5192,0,0,0,2017-04-17,33035000,5096,3,0,0,0,0,0,0,0,0,5098,2,0,0,0,0,0,0,0,0
534,2017-04-17,09:10:36,0,SF705,XZCE,5098,5070,5192,1618,41381900,15184,15050,5414,4898,5156,5150,0,5192,0,0,0,2017-04-17,33036000,5096,3,0,0,0,0,0,0,0,0,5100,2,0,0,0,0,0,0,0,0
535,2017-04-17,09:10:39,0,SF705,XZCE,5098,5070,5192,1618,41381900,15184,15050,5414,4898,5156,5150,0,5192,0,0,0,2017-04-17,33039000,5096,3,0,0,0,0,0,0,0,0,5098,2,0,0,0,0,0,0,0,0
536,2017-04-17,09:10:39,0,SF705,XZCE,5098,5070,5192,1618,41381900,15184,15050,5414,4898,5156,5150,0,5192,0,0,0,2017-04-17,33039000,5096,4,0,0,0,0,0,0,0,0,5098,2,0,0,0,0,0,0,0,0
537,2017-04-17,09:10:49,0,SF705,XZCE,5094,5070,5192,1628,41636600,15182,15050,5414,4898,5156,5150,0,5192,0,0,0,2017-04-17,33049000,5090,1,0,0,0,0,0,0,0,0,5096,6,0,0,0,0,0,0,0,0
538,2017-04-17,09:10:49,0,SF705,XZCE,5094,5070,5192,1628,41636600,15182,15050,5414,4898,5156,5150,0,5192,0,0,0,2017-04-17,33049000,5090,1,0,0,0,0,0,0,0,0,5096,7,0,0,0,0,0,0,0,0
539,2017-04-17,09:10:57,0,SF705,XZCE,5094,5070,5192,1628,41636600,15182,15050,5414,4898,5156,5150,0,5192,0,0,0,2017-04-17,33057000,5090,1,0,0,0,0,0,0,0,0,5096,8,0,0,0,0,0,0,0,0
540,2017-04-17,09:10:58,0,SF705,XZCE,5094,5070,5192,1628,41636600,15182,15050,5414,4898,5156,5150,0,5192,0,0,0,2017-04-17,33058000,5090,1,0,0,0,0,0,0,0,0,5096,7,0,0,0,0,0,0,0,0
541,2017-04-17,09:10:58,0,SF705,XZCE,5094,5070,5192,1628,41636600,15182,15050,5414,4898,5156,5150,0,5192,0,0,0,2017-04-17,33058000,5090,1,0,0,0,0,0,0,0,0,5096,8,0,0,0,0,0,0,0,0
542,2017-04-17,09:11:09,0,SF705,XZCE,5094,5070,5192,1628,41636600,15182,15050,5414,4898,5156,5150,0,5192,0,0,0,2017-04-17,33069000,5094,2,0,0,0,0,0,0,0,0,5096,3,0,0,0,0,0,0,0,0
543,2017-04-17,09:11:10,0,SF705,XZCE,5094,5070,5192,1628,41636600,15182,15050,5414,4898,5156,5150,0,5192,0,0,0,2017-04-17,33070000,5094,2,0,0,0,0,0,0,0,0,5096,2,0,0,0,0,0,0,0,0
544,2017-04-17,09:11:11,0,SF705,XZCE,5094,5070,5192,1628,41636600,15182,15050,5414,4898,5156,5150,0,5192,0,0,0,2017-04-17,33071000,5092,2,0,0,0,0,0,0,0,0,5096,7,0,0,0,0,0,0,0,0
545,2017-04-17,09:11:11,0,SF705,XZCE,5094,5070,5192,1628,41636600,15182,15050,5414,4898,5156,5150,0,5192,0,0,0,2017-04-17,33071000,5092,2,0,0,0,0,0,0,0,0,5094,3,0,0,0,0,0,0,0,0
546,2017-04-17,09:11:12,0,SF705,XZCE,5092,5070,5192,1632,41738440,15182,15050,5414,4898,5156,5150,0,5192,0,0,0,2017-04-17,33072000,5090,6,0,0,0,0,0,0,0,0,5092,2,0,0,0,0,0,0,0,0
547,2017-04-17,09:11:13,0,SF705,XZCE,5090,5070,5192,1634,41789340,15182,15050,5414,4898,5156,5150,0,5192,0,0,0,2017-04-17,33073000,5088,1,0,0,0,0,0,0,0,0,5092,2,0,0,0,0,0,0,0,0
548,2017-04-17,09:11:15,0,SF705,XZCE,5090,5070,5192,1634,41789340,15182,15050,5414,4898,5156,5150,0,5192,0,0,0,2017-04-17,33075000,5088,1,0,0,0,0,0,0,0,0,5094,7,0,0,0,0,0,0,0,0
549,2017-04-17,09:11:15,0,SF705,XZCE,5090,5070,5192,1634,41789340,15182,15050,5414,4898,5156,5150,0,5192,0,0,0,2017-04-17,33075000,5088,6,0,0,0,0,0,0,0,0,5094,7,0,0,0,0,0,0,0,0
550,2017-04-17,09:11:19,0,SF705,XZCE,5090,5070,5192,1634,41789340,15182,15050,5414,4898,5156,5150,0,5192,0,0,0,2017-04-17,33079000,5088,6,0,0,0,0,0,0,0,0,5094,4,0,0,0,0,0,0,0,0
551,2017-04-17,09:11:20,0,SF705,XZCE,5090,5070,5192,1634,41789340,15182,15050,5414,4898,5156,5150,0,5192,0,0,0,2017-04-17,33080000,5088,6,0,0,0,0,0,0,0,0,5092,3,0,0,0,0,0,0,0,0
552,2017-04-17,09:11:27,0,SF705,XZCE,5090,5070,5192,1634,41789340,15182,15050,5414,4898,5156,5150,0,5192,0,0,0,2017-04-17,33087000,5088,11,0,0,0,0,0,0,0,0,5092,3,0,0,0,0,0,0,0,0
553,2017-04-17,09:11:28,0,SF705,XZCE,5090,5070,5192,1634,41789340,15182,15050,5414,4898,5156,5150,0,5192,0,0,0,2017-04-17,33088000,5090,1,0,0,0,0,0,0,0,0,5092,3,0,0,0,0,0,0,0,0
554,2017-04-17,09:11:29,0,SF705,XZCE,5092,5070,5192,1640,41942100,15188,15050,5414,4898,5156,5150,0,5192,0,0,0,2017-04-17,33089000,5092,2,0,0,0,0,0,0,0,0,5094,4,0,0,0,0,0,0,0,0
555,2017-04-17,09:11:31,0,SF705,XZCE,5094,5070,5192,1644,42043980,15192,15050,5414,4898,5156,5150,0,5192,0,0,0,2017-04-17,33091000,5092,2,0,0,0,0,0,0,0,0,5094,2,0,0,0,0,0,0,0,0
556,2017-04-17,09:11:32,0,SF705,XZCE,5094,5070,5192,1648,42145860,15196,15050,5414,4898,5156,5150,0,5192,0,0,0,2017-04-17,33092000,5094,2,0,0,0,0,0,0,0,0,5096,3,0,0,0,0,0,0,0,0
557,2017-04-17,09:11:32,0,SF705,XZCE,5094,5070,5192,1650,42196800,15194,15050,5414,4898,5156,5150,0,5192,0,0,0,2017-04-17,33092000,5094,1,0,0,0,0,0,0,0,0,5096,3,0,0,0,0,0,0,0,0
558,2017-04-17,09:11:33,0,SF705,XZCE,5094,5070,5192,1652,42247740,15194,15050,5414,4898,5156,5150,0,5192,0,0,0,2017-04-17,33093000,5090,6,0,0,0,0,0,0,0,0,5096,2,0,0,0,0,0,0,0,0
559,2017-04-17,09:11:35,0,SF705,XZCE,5090,5070,5192,1654,42298640,15196,15050,5414,4898,5156,5150,0,5192,0,0,0,2017-04-17,33095000,5090,5,0,0,0,0,0,0,0,0,5096,1,0,0,0,0,0,0,0,0
560,2017-04-17,09:11:35,0,SF705,XZCE,5090,5070,5192,1654,42298640,15196,15050,5414,4898,5156,5150,0,5192,0,0,0,2017-04-17,33095000,5088,10,0,0,0,0,0,0,0,0,5096,6,0,0,0,0,0,0,0,0
561,2017-04-17,09:11:36,0,SF705,XZCE,5090,5070,5192,1654,42298640,15196,15050,5414,4898,5156,5150,0,5192,0,0,0,2017-04-17,33096000,5088,10,0,0,0,0,0,0,0,0,5094,1,0,0,0,0,0,0,0,0
562,2017-04-17,09:11:37,0,SF705,XZCE,5090,5070,5192,1654,42298640,15196,15050,5414,4898,5156,5150,0,5192,0,0,0,2017-04-17,33097000,5088,10,0,0,0,0,0,0,0,0,5094,2,0,0,0,0,0,0,0,0
563,2017-04-17,09:11:38,0,SF705,XZCE,5090,5070,5192,1654,42298640,15196,15050,5414,4898,5156,5150,0,5192,0,0,0,2017-04-17,33098000,5092,1,0,0,0,0,0,0,0,0,5094,2,0,0,0,0,0,0,0,0
