,dataDate,dataTime,dataMillisec,instrumentID,exchangeCD,lastPrice,lowPrice,highPrice,volume,value,openInterest,preOpenInterest,upperLimitPrice,lowerLimitPrice,preSettlementPrice,prevClosePrice,settlementPrice,openPrice,closePrice,preDelta,currDelta,clearingDay,milliSecOffset,bidPrice1,bidVolume1,bidPrice2,bidVolume2,bidPrice3,bidVolume3,bidPrice4,bidVolume4,bidPrice5,bidVolume5,askPrice1,askVolume1,askPrice2,askVolume2,askPrice3,askVolume3,askPrice4,askVolume4,askPrice5,askVolume5
0,2017-04-17,08:59:00,0,SM705,XZCE,5848,5848,5848,130,3801200,39216,39216,6306,5590,5948,5808,0,5848,0,0,0,2017-04-17,32340000,5848,26,0,0,0,0,0,0,0,0,5850,1,0,0,0,0,0,0,0,0
1,2017-04-17,09:00:00,0,SM705,XZCE,5858,5848,5858,138,4035520,39218,39216,6306,5590,5948,5808,0,5848,0,0,0,2017-04-17,32400000,5856,14,0,0,0,0,0,0,0,0,5858,2,0,0,0,0,0,0,0,0
2,2017-04-17,09:00:00,0,SM705,XZCE,5852,5848,5868,432,12637960,39148,39216,6306,5590,5948,5808,0,5848,0,0,0,2017-04-17,32400000,5852,16,0,0,0,0,0,0,0,0,5864,5,0,0,0,0,0,0,0,0
3,2017-04-17,09:00:01,0,SM705,XZCE,5860,5848,5868,524,15333560,39144,39216,6306,5590,5948,5808,0,5848,0,0,0,2017-04-17,32401000,5860,2,0,0,0,0,0,0,0,0,5866,5,0,0,0,0,0,0,0,0
4,2017-04-17,09:00:01,0,SM705,XZCE,5866,5848,5868,532,15568200,39142,39216,6306,5590,5948,5808,0,5848,0,0,0,2017-04-17,32401000,5862,2,0,0,0,0,0,0,0,0,5866,2,0,0,0,0,0,0,0,0
5,2017-04-17,09:00:02,0,SM705,XZCE,5858,5848,5868,706,20664660,39108,39216,6306,5590,5948,5808,0,5848,0,0,0,2017-04-17,32402000,5858,1,0,0,0,0,0,0,0,0,5862,11,0,0,0,0,0,0,0,0
6,2017-04-17,09:00:02,0,SM705,XZCE,5864,5848,5868,756,22130660,39122,39216,6306,5590,5948,5808,0,5848,0,0,0,2017-04-17,32402000,5858,4,0,0,0,0,0,0,0,0,5864,6,0,0,0,0,0,0,0,0
7,2017-04-17,09:00:03,0,SM705,XZCE,5866,5848,5868,896,26236860,39050,39216,6306,5590,5948,5808,0,5848,0,0,0,2017-04-17,32403000,5854,2,0,0,0,0,0,0,0,0,5866,3,0,0,0,0,0,0,0,0
8,2017-04-17,09:00:03,0,SM705,XZCE,5856,5848,5868,918,26881020,39040,39216,6306,5590,5948,5808,0,5848,0,0,0,2017-04-17,32403000,5854,2,0,0,0,0,0,0,0,0,5858,2,0,0,0,0,0,0,0,0
9,2017-04-17,09:00:04,0,SM705,XZCE,5852,5848,5868,942,27583260,39032,39216,6306,5590,5948,5808,0,5848,0,0,0,2017-04-17,32404000,5852,2,0,0,0,0,0,0,0,0,5854,1,0,0,0,0,0,0,0,0
10,2017-04-17,09:00:04,0,SM705,XZCE,5852,5848,5868,1052,30801860,39066,39216,6306,5590,5948,5808,0,5848,0,0,0,2017-04-17,32404000,5850,5,0,0,0,0,0,0,0,0,5854,7,0,0,0,0,0,0,0,0
11,2017-04-17,09:00:05,0,SM705,XZCE,5856,5848,5868,1110,32500100,39062,39216,6306,5590,5948,5808,0,5848,0,0,0,2017-04-17,32405000,5852,1,0,0,0,0,0,0,0,0,5856,3,0,0,0,0,0,0,0,0
12,2017-04-17,09:00:05,0,SM705,XZCE,5848,5848,5868,1186,34722340,39074,39216,6306,5590,5948,5808,0,5848,0,0,0,2017-04-17,32405000,5846,12,0,0,0,0,0,0,0,0,5848,14,0,0,0,0,0,0,0,0
13,2017-04-17,09:00:06,0,SM705,XZCE,5842,5842,5868,1230,36007580,39060,39216,6306,5590,5948,5808,0,5848,0,0,0,2017-04-17,32406000,5842,4,0,0,0,0,0,0,0,0,5848,21,0,0,0,0,0,0,0,0
14,2017-04-17,09:00:06,0,SM705,XZCE,5840,5840,5868,1284,37584380,39050,39216,6306,5590,5948,5808,0,5848,0,0,0,2017-04-17,32406000,5840,18,0,0,0,0,0,0,0,0,5842,1,0,0,0,0,0,0,0,0
15,2017-04-17,09:00:07,0,SM705,XZCE,5842,5840,5868,1320,38635940,39054,39216,6306,5590,5948,5808,0,5848,0,0,0,2017-04-17,32407000,5840,12,0,0,0,0,0,0,0,0,5842,1,0,0,0,0,0,0,0,0
16,2017-04-17,09:00:07,0,SM705,XZCE,5836,5836,5868,1366,39978220,39058,39216,6306,5590,5948,5808,0,5848,0,0,0,2017-04-17,32407000,5834,10,0,0,0,0,0,0,0,0,5838,1,0,0,0,0,0,0,0,0
17,2017-04-17,09:00:08,0,SM705,XZCE,5840,5834,5868,1398,40912620,39050,39216,6306,5590,5948,5808,0,5848,0,0,0,2017-04-17,32408000,5832,6,0,0,0,0,0,0,0,0,5840,13,0,0,0,0,0,0,0,0
18,2017-04-17,09:00:08,0,SM705,XZCE,5830,5830,5868,1450,42428420,39034,39216,6306,5590,5948,5808,0,5848,0,0,0,2017-04-17,32408000,5830,39,0,0,0,0,0,0,0,0,5840,12,0,0,0,0,0,0,0,0
19,2017-04-17,09:00:09,0,SM705,XZCE,5836,5830,5868,1490,43595620,39046,39216,6306,5590,5948,5808,0,5848,0,0,0,2017-04-17,32409000,5832,5,0,0,0,0,0,0,0,0,5840,29,0,0,0,0,0,0,0,0
20,2017-04-17,09:00:09,0,SM705,XZCE,5832,5830,5868,1540,45053620,39052,39216,6306,5590,5948,5808,0,5848,0,0,0,2017-04-17,32409000,5830,20,0,0,0,0,0,0,0,0,5832,13,0,0,0,0,0,0,0,0
21,2017-04-17,09:00:10,0,SM705,XZCE,5830,5830,5868,1602,46860920,39060,39216,6306,5590,5948,5808,0,5848,0,0,0,2017-04-17,32410000,5828,11,0,0,0,0,0,0,0,0,5830,3,0,0,0,0,0,0,0,0
22,2017-04-17,09:00:10,0,SM705,XZCE,5824,5824,5868,1654,48375160,39070,39216,6306,5590,5948,5808,0,5848,0,0,0,2017-04-17,32410000,5824,5,0,0,0,0,0,0,0,0,5826,16,0,0,0,0,0,0,0,0
23,2017-04-17,09:00:11,0,SM705,XZCE,5824,5822,5868,1684,49248760,39074,39216,6306,5590,5948,5808,0,5848,0,0,0,2017-04-17,32411000,5820,22,0,0,0,0,0,0,0,0,5824,1,0,0,0,0,0,0,0,0
24,2017-04-17,09:00:11,0,SM705,XZCE,5822,5820,5868,1710,50005620,39076,39216,6306,5590,5948,5808,0,5848,0,0,0,2017-04-17,32411000,5820,12,0,0,0,0,0,0,0,0,5826,17,0,0,0,0,0,0,0,0
25,2017-04-17,09:00:12,0,SM705,XZCE,5826,5820,5868,1756,51345600,39054,39216,6306,5590,5948,5808,0,5848,0,0,0,2017-04-17,32412000,5820,3,0,0,0,0,0,0,0,0,5826,4,0,0,0,0,0,0,0,0
26,2017-04-17,09:00:12,0,SM705,XZCE,5830,5820,5868,1812,52978000,39042,39216,6306,5590,5948,5808,0,5848,0,0,0,2017-04-17,32412000,5830,1,0,0,0,0,0,0,0,0,5834,27,0,0,0,0,0,0,0,0
27,2017-04-17,09:00:13,0,SM705,XZCE,5830,5818,5868,1852,54144000,39032,39216,6306,5590,5948,5808,0,5848,0,0,0,2017-04-17,32413000,5820,2,0,0,0,0,0,0,0,0,5830,4,0,0,0,0,0,0,0,0
28,2017-04-17,09:00:13,0,SM705,XZCE,5828,5818,5868,1864,54493680,39030,39216,6306,5590,5948,5808,0,5848,0,0,0,2017-04-17,32413000,5824,1,0,0,0,0,0,0,0,0,5828,2,0,0,0,0,0,0,0,0
29,2017-04-17,09:00:14,0,SM705,XZCE,5830,5818,5868,1878,54901780,39032,39216,6306,5590,5948,5808,0,5848,0,0,0,2017-04-17,32414000,5828,3,0,0,0,0,0,0,0,0,5830,3,0,0,0,0,0,0,0,0
30,2017-04-17,09:00:14,0,SM705,XZCE,5820,5818,5868,1908,55774780,39046,39216,6306,5590,5948,5808,0,5848,0,0,0,2017-04-17,32414000,5820,8,0,0,0,0,0,0,0,0,5828,3,0,0,0,0,0,0,0,0
31,2017-04-17,09:00:15,0,SM705,XZCE,5826,5818,5868,1914,55949560,39044,39216,6306,5590,5948,5808,0,5848,0,0,0,2017-04-17,32415000,5822,3,0,0,0,0,0,0,0,0,5826,1,0,0,0,0,0,0,0,0
32,2017-04-17,09:00:15,0,SM705,XZCE,5830,5818,5868,2004,58573060,39040,39216,6306,5590,5948,5808,0,5848,0,0,0,2017-04-17,32415000,5824,4,0,0,0,0,0,0,0,0,5830,15,0,0,0,0,0,0,0,0
33,2017-04-17,09:00:16,0,SM705,XZCE,5822,5818,5868,2028,59271700,39040,39216,6306,5590,5948,5808,0,5848,0,0,0,2017-04-17,32416000,5820,9,0,0,0,0,0,0,0,0,5824,11,0,0,0,0,0,0,0,0
34,2017-04-17,09:00:16,0,SM705,XZCE,5822,5818,5868,2038,59562800,39036,39216,6306,5590,5948,5808,0,5848,0,0,0,2017-04-17,32416000,5820,10,0,0,0,0,0,0,0,0,5822,14,0,0,0,0,0,0,0,0
35,2017-04-17,09:00:17,0,SM705,XZCE,5822,5818,5868,2050,59912120,39042,39216,6306,5590,5948,5808,0,5848,0,0,0,2017-04-17,32417000,5820,11,0,0,0,0,0,0,0,0,5822,8,0,0,0,0,0,0,0,0
36,2017-04-17,09:00:17,0,SM705,XZCE,5822,5818,5868,2066,60377880,39052,39216,6306,5590,5948,5808,0,5848,0,0,0,2017-04-17,32417000,5820,10,0,0,0,0,0,0,0,0,5822,2,0,0,0,0,0,0,0,0
37,2017-04-17,09:00:18,0,SM705,XZCE,5820,5818,5868,2076,60668880,39056,39216,6306,5590,5948,5808,0,5848,0,0,0,2017-04-17,32418000,5820,6,0,0,0,0,0,0,0,0,5822,1,0,0,0,0,0,0,0,0
38,2017-04-17,09:00:18,0,SM705,XZCE,5824,5818,5868,2080,60785360,39058,39216,6306,5590,5948,5808,0,5848,0,0,0,2017-04-17,32418000,5820,7,0,0,0,0,0,0,0,0,5824,12,0,0,0,0,0,0,0,0
39,2017-04-17,09:00:19,0,SM705,XZCE,5820,5818,5868,2098,61309160,39064,39216,6306,5590,5948,5808,0,5848,0,0,0,2017-04-17,32419000,5822,5,0,0,0,0,0,0,0,0,5824,9,0,0,0,0,0,0,0,0
40,2017-04-17,09:00:19,0,SM705,XZCE,5824,5818,5868,2116,61833320,39052,39216,6306,5590,5948,5808,0,5848,0,0,0,2017-04-17,32419000,5824,7,0,0,0,0,0,0,0,0,5826,1,0,0,0,0,0,0,0,0
41,2017-04-17,09:00:20,0,SM705,XZCE,5828,5818,5868,2122,62008160,39054,39216,6306,5590,5948,5808,0,5848,0,0,0,2017-04-17,32420000,5828,9,0,0,0,0,0,0,0,0,5832,8,0,0,0,0,0,0,0,0
42,2017-04-17,09:00:20,0,SM705,XZCE,5828,5818,5868,2122,62008160,39054,39216,6306,5590,5948,5808,0,5848,0,0,0,2017-04-17,32420000,5828,11,0,0,0,0,0,0,0,0,5832,10,0,0,0,0,0,0,0,0
43,2017-04-17,09:00:21,0,SM705,XZCE,5832,5818,5868,2142,62591360,39062,39216,6306,5590,5948,5808,0,5848,0,0,0,2017-04-17,32421000,5828,12,0,0,0,0,0,0,0,0,5832,4,0,0,0,0,0,0,0,0
44,2017-04-17,09:00:21,0,SM705,XZCE,5832,5818,5868,2142,62591360,39062,39216,6306,5590,5948,5808,0,5848,0,0,0,2017-04-17,32421000,5828,7,0,0,0,0,0,0,0,0,5832,4,0,0,0,0,0,0,0,0
45,2017-04-17,09:00:22,0,SM705,XZCE,5828,5818,5868,2146,62707920,39058,39216,6306,5590,5948,5808,0,5848,0,0,0,2017-04-17,32422000,5828,6,0,0,0,0,0,0,0,0,5832,4,0,0,0,0,0,0,0,0
46,2017-04-17,09:00:22,0,SM705,XZCE,5830,5818,5868,2168,63349220,39074,39216,6306,5590,5948,5808,0,5848,0,0,0,2017-04-17,32422000,5830,3,0,0,0,0,0,0,0,0,5834,12,0,0,0,0,0,0,0,0
47,2017-04-17,09:00:23,0,SM705,XZCE,5834,5818,5868,2174,63524240,39078,39216,6306,5590,5948,5808,0,5848,0,0,0,2017-04-17,32423000,5832,2,0,0,0,0,0,0,0,0,5834,8,0,0,0,0,0,0,0,0
48,2017-04-17,09:00:23,0,SM705,XZCE,5834,5818,5868,2198,64224320,39096,39216,6306,5590,5948,5808,0,5848,0,0,0,2017-04-17,32423000,5832,2,0,0,0,0,0,0,0,0,5836,1,0,0,0,0,0,0,0,0
49,2017-04-17,09:00:24,0,SM705,XZCE,5834,5818,5868,2198,64224320,39096,39216,6306,5590,5948,5808,0,5848,0,0,0,2017-04-17,32424000,5832,4,0,0,0,0,0,0,0,0,5838,1,0,0,0,0,0,0,0,0
50,2017-04-17,09:00:24,0,SM705,XZCE,5832,5818,5868,2200,64282640,39094,39216,6306,5590,5948,5808,0,5848,0,0,0,2017-04-17,32424000,5834,1,0,0,0,0,0,0,0,0,5838,1,0,0,0,0,0,0,0,0
51,2017-04-17,09:00:25,0,SM705,XZCE,5832,5818,5868,2200,64282640,39094,39216,6306,5590,5948,5808,0,5848,0,0,0,2017-04-17,32425000,5834,2,0,0,0,0,0,0,0,0,5838,1,0,0,0,0,0,0,0,0
52,2017-04-17,09:00:25,0,SM705,XZCE,5834,5818,5868,2204,64399320,39094,39216,6306,5590,5948,5808,0,5848,0,0,0,2017-04-17,32425000,5832,6,0,0,0,0,0,0,0,0,5834,3,0,0,0,0,0,0,0,0
53,2017-04-17,09:00:26,0,SM705,XZCE,5832,5818,5868,2208,64515960,39096,39216,6306,5590,5948,5808,0,5848,0,0,0,2017-04-17,32426000,5832,5,0,0,0,0,0,0,0,0,5834,3,0,0,0,0,0,0,0,0
54,2017-04-17,09:00:26,0,SM705,XZCE,5834,5818,5868,2218,64807660,39086,39216,6306,5590,5948,5808,0,5848,0,0,0,2017-04-17,32426000,5832,6,0,0,0,0,0,0,0,0,5838,1,0,0,0,0,0,0,0,0
55,2017-04-17,09:00:27,0,SM705,XZCE,5838,5818,5868,2234,65274700,39082,39216,6306,5590,5948,5808,0,5848,0,0,0,2017-04-17,32427000,5838,15,0,0,0,0,0,0,0,0,5840,31,0,0,0,0,0,0,0,0
56,2017-04-17,09:00:28,0,SM705,XZCE,5838,5818,5868,2316,67668280,39120,39216,6306,5590,5948,5808,0,5848,0,0,0,2017-04-17,32428000,5832,2,0,0,0,0,0,0,0,0,5836,3,0,0,0,0,0,0,0,0
57,2017-04-17,09:00:28,0,SM705,XZCE,5832,5818,5868,2318,67726600,39122,39216,6306,5590,5948,5808,0,5848,0,0,0,2017-04-17,32428000,5830,5,0,0,0,0,0,0,0,0,5836,4,0,0,0,0,0,0,0,0
58,2017-04-17,09:00:29,0,SM705,XZCE,5830,5818,5868,2322,67843200,39118,39216,6306,5590,5948,5808,0,5848,0,0,0,2017-04-17,32429000,5830,3,0,0,0,0,0,0,0,0,5832,10,0,0,0,0,0,0,0,0
59,2017-04-17,09:00:29,0,SM705,XZCE,5830,5818,5868,2328,68018100,39112,39216,6306,5590,5948,5808,0,5848,0,0,0,2017-04-17,32429000,5828,3,0,0,0,0,0,0,0,0,5832,22,0,0,0,0,0,0,0,0
60,2017-04-17,09:00:30,0,SM705,XZCE,5832,5818,5868,2346,68542980,39124,39216,6306,5590,5948,5808,0,5848,0,0,0,2017-04-17,32430000,5830,6,0,0,0,0,0,0,0,0,5832,12,0,0,0,0,0,0,0,0
61,2017-04-17,09:00:30,0,SM705,XZCE,5832,5818,5868,2378,69476100,39140,39216,6306,5590,5948,5808,0,5848,0,0,0,2017-04-17,32430000,5830,1,0,0,0,0,0,0,0,0,5832,7,0,0,0,0,0,0,0,0
62,2017-04-17,09:00:31,0,SM705,XZCE,5830,5818,5868,2380,69534400,39142,39216,6306,5590,5948,5808,0,5848,0,0,0,2017-04-17,32431000,5828,5,0,0,0,0,0,0,0,0,5832,8,0,0,0,0,0,0,0,0
63,2017-04-17,09:00:31,0,SM705,XZCE,5832,5818,5868,2386,69709360,39148,39216,6306,5590,5948,5808,0,5848,0,0,0,2017-04-17,32431000,5828,6,0,0,0,0,0,0,0,0,5832,5,0,0,0,0,0,0,0,0
64,2017-04-17,09:00:32,0,SM705,XZCE,5832,5818,5868,2390,69826000,39152,39216,6306,5590,5948,5808,0,5848,0,0,0,2017-04-17,32432000,5828,6,0,0,0,0,0,0,0,0,5832,3,0,0,0,0,0,0,0,0
65,2017-04-17,09:00:32,0,SM705,XZCE,5832,5818,5868,2390,69826000,39152,39216,6306,5590,5948,5808,0,5848,0,0,0,2017-04-17,32432000,5830,7,0,0,0,0,0,0,0,0,5832,3,0,0,0,0,0,0,0,0
66,2017-04-17,09:00:33,0,SM705,XZCE,5828,5818,5868,2420,70700200,39156,39216,6306,5590,5948,5808,0,5848,0,0,0,2017-04-17,32433000,5824,12,0,0,0,0,0,0,0,0,5828,35,0,0,0,0,0,0,0,0
67,2017-04-17,09:00:33,0,SM705,XZCE,5828,5818,5868,2420,70700200,39156,39216,6306,5590,5948,5808,0,5848,0,0,0,2017-04-17,32433000,5824,13,0,0,0,0,0,0,0,0,5828,36,0,0,0,0,0,0,0,0
68,2017-04-17,09:00:34,0,SM705,XZCE,5828,5818,5868,2422,70758480,39156,39216,6306,5590,5948,5808,0,5848,0,0,0,2017-04-17,32434000,5824,13,0,0,0,0,0,0,0,0,5828,37,0,0,0,0,0,0,0,0
69,2017-04-17,09:00:34,0,SM705,XZCE,5828,5818,5868,2442,71341280,39156,39216,6306,5590,5948,5808,0,5848,0,0,0,2017-04-17,32434000,5824,13,0,0,0,0,0,0,0,0,5828,27,0,0,0,0,0,0,0,0
70,2017-04-17,09:00:35,0,SM705,XZCE,5830,5818,5868,2524,73731580,39104,39216,6306,5590,5948,5808,0,5848,0,0,0,2017-04-17,32435000,5824,8,0,0,0,0,0,0,0,0,5830,10,0,0,0,0,0,0,0,0
71,2017-04-17,09:00:35,0,SM705,XZCE,5830,5818,5868,2524,73731580,39104,39216,6306,5590,5948,5808,0,5848,0,0,0,2017-04-17,32435000,5826,2,0,0,0,0,0,0,0,0,5830,10,0,0,0,0,0,0,0,0
72,2017-04-17,09:00:36,0,SM705,XZCE,5822,5818,5868,2572,75128860,39106,39216,6306,5590,5948,5808,0,5848,0,0,0,2017-04-17,32436000,5822,3,0,0,0,0,0,0,0,0,5824,54,0,0,0,0,0,0,0,0
73,2017-04-17,09:00:36,0,SM705,XZCE,5820,5818,5868,2590,75652660,39112,39216,6306,5590,5948,5808,0,5848,0,0,0,2017-04-17,32436000,5820,1,0,0,0,0,0,0,0,0,5822,1,0,0,0,0,0,0,0,0
74,2017-04-17,09:00:37,0,SM705,XZCE,5820,5818,5868,2592,75710860,39114,39216,6306,5590,5948,5808,0,5848,0,0,0,2017-04-17,32437000,5818,10,0,0,0,0,0,0,0,0,5822,1,0,0,0,0,0,0,0,0
75,2017-04-17,09:00:38,0,SM705,XZCE,5820,5818,5868,2592,75710860,39114,39216,6306,5590,5948,5808,0,5848,0,0,0,2017-04-17,32438000,5820,1,0,0,0,0,0,0,0,0,5822,1,0,0,0,0,0,0,0,0
76,2017-04-17,09:00:39,0,SM705,XZCE,5820,5818,5868,2598,75885460,39120,39216,6306,5590,5948,5808,0,5848,0,0,0,2017-04-17,32439000,5818,11,0,0,0,0,0,0,0,0,5820,8,0,0,0,0,0,0,0,0
77,2017-04-17,09:00:39,0,SM705,XZCE,5814,5814,5868,2640,77106400,39154,39216,6306,5590,5948,5808,0,5848,0,0,0,2017-04-17,32439000,5814,5,0,0,0,0,0,0,0,0,5820,9,0,0,0,0,0,0,0,0
78,2017-04-17,09:00:40,0,SM705,XZCE,5814,5814,5868,2640,77106400,39154,39216,6306,5590,5948,5808,0,5848,0,0,0,2017-04-17,32440000,5814,5,0,0,0,0,0,0,0,0,5816,10,0,0,0,0,0,0,0,0
79,2017-04-17,09:00:40,0,SM705,XZCE,5816,5814,5868,2662,77746160,39154,39216,6306,5590,5948,5808,0,5848,0,0,0,2017-04-17,32440000,5814,6,0,0,0,0,0,0,0,0,5818,2,0,0,0,0,0,0,0,0
80,2017-04-17,09:00:41,0,SM705,XZCE,5816,5814,5868,2664,77804320,39154,39216,6306,5590,5948,5808,0,5848,0,0,0,2017-04-17,32441000,5814,6,0,0,0,0,0,0,0,0,5816,1,0,0,0,0,0,0,0,0
81,2017-04-17,09:00:41,0,SM705,XZCE,5816,5814,5868,2666,77862480,39156,39216,6306,5590,5948,5808,0,5848,0,0,0,2017-04-17,32441000,5814,6,0,0,0,0,0,0,0,0,5818,14,0,0,0,0,0,0,0,0
82,2017-04-17,09:00:42,0,SM705,XZCE,5816,5814,5868,2668,77920640,39158,39216,6306,5590,5948,5808,0,5848,0,0,0,2017-04-17,32442000,5814,6,0,0,0,0,0,0,0,0,5816,9,0,0,0,0,0,0,0,0
83,2017-04-17,09:00:42,0,SM705,XZCE,5816,5814,5868,2670,77978800,39160,39216,6306,5590,5948,5808,0,5848,0,0,0,2017-04-17,32442000,5814,9,0,0,0,0,0,0,0,0,5816,9,0,0,0,0,0,0,0,0
84,2017-04-17,09:00:43,0,SM705,XZCE,5816,5814,5868,2692,78618560,39178,39216,6306,5590,5948,5808,0,5848,0,0,0,2017-04-17,32443000,5814,6,0,0,0,0,0,0,0,0,5818,16,0,0,0,0,0,0,0,0
85,2017-04-17,09:00:43,0,SM705,XZCE,5818,5814,5868,2716,79316720,39164,39216,6306,5590,5948,5808,0,5848,0,0,0,2017-04-17,32443000,5814,7,0,0,0,0,0,0,0,0,5818,4,0,0,0,0,0,0,0,0
86,2017-04-17,09:00:44,0,SM705,XZCE,5814,5814,5868,2742,80072540,39162,39216,6306,5590,5948,5808,0,5848,0,0,0,2017-04-17,32444000,5812,23,0,0,0,0,0,0,0,0,5814,49,0,0,0,0,0,0,0,0
87,2017-04-17,09:00:44,0,SM705,XZCE,5814,5814,5868,2766,80770220,39142,39216,6306,5590,5948,5808,0,5848,0,0,0,2017-04-17,32444000,5812,24,0,0,0,0,0,0,0,0,5814,38,0,0,0,0,0,0,0,0
88,2017-04-17,09:00:45,0,SM705,XZCE,5812,5812,5868,2782,81235180,39148,39216,6306,5590,5948,5808,0,5848,0,0,0,2017-04-17,32445000,5812,21,0,0,0,0,0,0,0,0,5814,33,0,0,0,0,0,0,0,0
89,2017-04-17,09:00:45,0,SM705,XZCE,5812,5812,5868,2788,81409540,39150,39216,6306,5590,5948,5808,0,5848,0,0,0,2017-04-17,32445000,5812,21,0,0,0,0,0,0,0,0,5814,32,0,0,0,0,0,0,0,0
90,2017-04-17,09:00:46,0,SM705,XZCE,5812,5812,5868,2820,82339460,39182,39216,6306,5590,5948,5808,0,5848,0,0,0,2017-04-17,32446000,5812,5,0,0,0,0,0,0,0,0,5814,40,0,0,0,0,0,0,0,0
91,2017-04-17,09:00:46,0,SM705,XZCE,5812,5810,5868,2872,83850580,39192,39216,6306,5590,5948,5808,0,5848,0,0,0,2017-04-17,32446000,5810,22,0,0,0,0,0,0,0,0,5812,2,0,0,0,0,0,0,0,0
92,2017-04-17,09:00:47,0,SM705,XZCE,5814,5810,5868,2914,85071520,39184,39216,6306,5590,5948,5808,0,5848,0,0,0,2017-04-17,32447000,5810,23,0,0,0,0,0,0,0,0,5814,32,0,0,0,0,0,0,0,0
93,2017-04-17,09:00:47,0,SM705,XZCE,5814,5810,5868,2916,85129660,39184,39216,6306,5590,5948,5808,0,5848,0,0,0,2017-04-17,32447000,5810,23,0,0,0,0,0,0,0,0,5814,31,0,0,0,0,0,0,0,0
94,2017-04-17,09:00:48,0,SM705,XZCE,5812,5810,5868,2922,85304020,39186,39216,6306,5590,5948,5808,0,5848,0,0,0,2017-04-17,32448000,5810,22,0,0,0,0,0,0,0,0,5814,32,0,0,0,0,0,0,0,0
95,2017-04-17,09:00:48,0,SM705,XZCE,5812,5806,5868,3016,88035660,39184,39216,6306,5590,5948,5808,0,5848,0,0,0,2017-04-17,32448000,5808,3,0,0,0,0,0,0,0,0,5812,5,0,0,0,0,0,0,0,0
96,2017-04-17,09:00:49,0,SM705,XZCE,5812,5806,5868,3016,88035660,39184,39216,6306,5590,5948,5808,0,5848,0,0,0,2017-04-17,32449000,5808,3,0,0,0,0,0,0,0,0,5812,4,0,0,0,0,0,0,0,0
97,2017-04-17,09:00:49,0,SM705,XZCE,5812,5806,5868,3026,88326260,39184,39216,6306,5590,5948,5808,0,5848,0,0,0,2017-04-17,32449000,5810,1,0,0,0,0,0,0,0,0,5812,2,0,0,0,0,0,0,0,0
98,2017-04-17,09:00:50,0,SM705,XZCE,5812,5806,5868,3030,88442500,39184,39216,6306,5590,5948,5808,0,5848,0,0,0,2017-04-17,32450000,5810,1,0,0,0,0,0,0,0,0,5814,32,0,0,0,0,0,0,0,0
99,2017-04-17,09:00:50,0,SM705,XZCE,5812,5806,5868,3040,88733100,39182,39216,6306,5590,5948,5808,0,5848,0,0,0,2017-04-17,32450000,5808,2,0,0,0,0,0,0,0,0,5814,32,0,0,0,0,0,0,0,0
100,2017-04-17,09:00:51,0,SM705,XZCE,5812,5806,5868,3044,88849340,39186,39216,6306,5590,5948,5808,0,5848,0,0,0,2017-04-17,32451000,5808,2,0,0,0,0,0,0,0,0,5810,4,0,0,0,0,0,0,0,0
101,2017-04-17,09:00:51,0,SM705,XZCE,5812,5806,5868,3092,90244220,39188,39216,6306,5590,5948,5808,0,5848,0,0,0,2017-04-17,32451000,5812,99,0,0,0,0,0,0,0,0,5814,13,0,0,0,0,0,0,0,0
102,2017-04-17,09:00:52,0,SM705,XZCE,5814,5806,5868,3098,90418640,39190,39216,6306,5590,5948,5808,0,5848,0,0,0,2017-04-17,32452000,5812,99,0,0,0,0,0,0,0,0,5814,11,0,0,0,0,0,0,0,0
103,2017-04-17,09:00:52,0,SM705,XZCE,5814,5806,5868,3122,91116320,39190,39216,6306,5590,5948,5808,0,5848,0,0,0,2017-04-17,32452000,5814,1,0,0,0,0,0,0,0,0,5816,10,0,0,0,0,0,0,0,0
104,2017-04-17,09:00:53,0,SM705,XZCE,5816,5806,5868,3138,91581600,39192,39216,6306,5590,5948,5808,0,5848,0,0,0,2017-04-17,32453000,5814,1,0,0,0,0,0,0,0,0,5816,3,0,0,0,0,0,0,0,0
105,2017-04-17,09:00:53,0,SM705,XZCE,5814,5806,5868,3160,92221140,39204,39216,6306,5590,5948,5808,0,5848,0,0,0,2017-04-17,32453000,5816,6,0,0,0,0,0,0,0,0,5820,9,0,0,0,0,0,0,0,0
106,2017-04-17,09:00:54,0,SM705,XZCE,5814,5806,5868,3160,92221140,39204,39216,6306,5590,5948,5808,0,5848,0,0,0,2017-04-17,32454000,5818,1,0,0,0,0,0,0,0,0,5820,9,0,0,0,0,0,0,0,0
107,2017-04-17,09:00:54,0,SM705,XZCE,5818,5806,5868,3162,92279320,39204,39216,6306,5590,5948,5808,0,5848,0,0,0,2017-04-17,32454000,5816,9,0,0,0,0,0,0,0,0,5820,9,0,0,0,0,0,0,0,0
108,2017-04-17,09:00:55,0,SM705,XZCE,5822,5806,5868,3192,93152620,39208,39216,6306,5590,5948,5808,0,5848,0,0,0,2017-04-17,32455000,5820,6,0,0,0,0,0,0,0,0,5822,19,0,0,0,0,0,0,0,0
109,2017-04-17,09:00:56,0,SM705,XZCE,5820,5806,5868,3202,93443620,39210,39216,6306,5590,5948,5808,0,5848,0,0,0,2017-04-17,32456000,5820,3,0,0,0,0,0,0,0,0,5822,18,0,0,0,0,0,0,0,0
110,2017-04-17,09:00:56,0,SM705,XZCE,5822,5806,5868,3240,94549800,39248,39216,6306,5590,5948,5808,0,5848,0,0,0,2017-04-17,32456000,5822,2,0,0,0,0,0,0,0,0,5824,85,0,0,0,0,0,0,0,0
111,2017-04-17,09:00:57,0,SM705,XZCE,5822,5806,5868,3260,95132000,39248,39216,6306,5590,5948,5808,0,5848,0,0,0,2017-04-17,32457000,5822,2,0,0,0,0,0,0,0,0,5824,80,0,0,0,0,0,0,0,0
112,2017-04-17,09:00:57,0,SM705,XZCE,5822,5806,5868,3262,95190220,39248,39216,6306,5590,5948,5808,0,5848,0,0,0,2017-04-17,32457000,5822,1,0,0,0,0,0,0,0,0,5824,80,0,0,0,0,0,0,0,0
113,2017-04-17,09:00:58,0,SM705,XZCE,5824,5806,5868,3264,95248460,39248,39216,6306,5590,5948,5808,0,5848,0,0,0,2017-04-17,32458000,5822,21,0,0,0,0,0,0,0,0,5824,79,0,0,0,0,0,0,0,0
114,2017-04-17,09:00:59,0,SM705,XZCE,5824,5806,5868,3402,99267020,39226,39216,6306,5590,5948,5808,0,5848,0,0,0,2017-04-17,32459000,5822,21,0,0,0,0,0,0,0,0,5824,10,0,0,0,0,0,0,0,0
115,2017-04-17,09:00:59,0,SM705,XZCE,5828,5806,5868,3424,99908100,39236,39216,6306,5590,5948,5808,0,5848,0,0,0,2017-04-17,32459000,5824,3,0,0,0,0,0,0,0,0,5830,8,0,0,0,0,0,0,0,0
116,2017-04-17,09:01:00,0,SM705,XZCE,5824,5806,5868,3426,99966340,39234,39216,6306,5590,5948,5808,0,5848,0,0,0,2017-04-17,32460000,5824,14,0,0,0,0,0,0,0,0,5830,8,0,0,0,0,0,0,0,0
117,2017-04-17,09:01:00,0,SM705,XZCE,5830,5806,5868,3428,100024640,39236,39216,6306,5590,5948,5808,0,5848,0,0,0,2017-04-17,32460000,5824,17,0,0,0,0,0,0,0,0,5828,3,0,0,0,0,0,0,0,0
118,2017-04-17,09:01:01,0,SM705,XZCE,5830,5806,5868,3464,101074040,39256,39216,6306,5590,5948,5808,0,5848,0,0,0,2017-04-17,32461000,5830,2,0,0,0,0,0,0,0,0,5832,13,0,0,0,0,0,0,0,0
119,2017-04-17,09:01:01,0,SM705,XZCE,5832,5806,5868,3466,101132360,39258,39216,6306,5590,5948,5808,0,5848,0,0,0,2017-04-17,32461000,5830,3,0,0,0,0,0,0,0,0,5832,12,0,0,0,0,0,0,0,0
120,2017-04-17,09:01:02,0,SM705,XZCE,5830,5806,5868,3500,102123460,39254,39216,6306,5590,5948,5808,0,5848,0,0,0,2017-04-17,32462000,5834,2,0,0,0,0,0,0,0,0,5836,1,0,0,0,0,0,0,0,0
121,2017-04-17,09:01:02,0,SM705,XZCE,5838,5806,5868,3510,102415360,39258,39216,6306,5590,5948,5808,0,5848,0,0,0,2017-04-17,32462000,5836,1,0,0,0,0,0,0,0,0,5838,1,0,0,0,0,0,0,0,0
122,2017-04-17,09:01:03,0,SM705,XZCE,5838,5806,5868,3510,102415360,39258,39216,6306,5590,5948,5808,0,5848,0,0,0,2017-04-17,32463000,5832,11,0,0,0,0,0,0,0,0,5834,3,0,0,0,0,0,0,0,0
123,2017-04-17,09:01:03,0,SM705,XZCE,5830,5806,5868,3536,103173260,39256,39216,6306,5590,5948,5808,0,5848,0,0,0,2017-04-17,32463000,5830,10,0,0,0,0,0,0,0,0,5832,4,0,0,0,0,0,0,0,0
124,2017-04-17,09:01:04,0,SM705,XZCE,5832,5806,5868,3546,103464860,39256,39216,6306,5590,5948,5808,0,5848,0,0,0,2017-04-17,32464000,5832,8,0,0,0,0,0,0,0,0,5834,2,0,0,0,0,0,0,0,0
125,2017-04-17,09:01:04,0,SM705,XZCE,5830,5806,5868,3574,104281060,39278,39216,6306,5590,5948,5808,0,5848,0,0,0,2017-04-17,32464000,5830,7,0,0,0,0,0,0,0,0,5836,3,0,0,0,0,0,0,0,0
126,2017-04-17,09:01:05,0,SM705,XZCE,5832,5806,5868,3592,104805940,39278,39216,6306,5590,5948,5808,0,5848,0,0,0,2017-04-17,32465000,5830,6,0,0,0,0,0,0,0,0,5832,4,0,0,0,0,0,0,0,0
127,2017-04-17,09:01:05,0,SM705,XZCE,5832,5806,5868,3594,104864260,39280,39216,6306,5590,5948,5808,0,5848,0,0,0,2017-04-17,32465000,5830,6,0,0,0,0,0,0,0,0,5832,6,0,0,0,0,0,0,0,0
128,2017-04-17,09:01:06,0,SM705,XZCE,5830,5806,5868,3606,105214060,39286,39216,6306,5590,5948,5808,0,5848,0,0,0,2017-04-17,32466000,5828,16,0,0,0,0,0,0,0,0,5832,6,0,0,0,0,0,0,0,0
129,2017-04-17,09:01:06,0,SM705,XZCE,5830,5806,5868,3606,105214060,39286,39216,6306,5590,5948,5808,0,5848,0,0,0,2017-04-17,32466000,5828,16,0,0,0,0,0,0,0,0,5832,8,0,0,0,0,0,0,0,0
130,2017-04-17,09:01:07,0,SM705,XZCE,5832,5806,5868,3610,105330700,39286,39216,6306,5590,5948,5808,0,5848,0,0,0,2017-04-17,32467000,5828,16,0,0,0,0,0,0,0,0,5832,22,0,0,0,0,0,0,0,0
131,2017-04-17,09:01:07,0,SM705,XZCE,5832,5806,5868,3650,106497100,39258,39216,6306,5590,5948,5808,0,5848,0,0,0,2017-04-17,32467000,5828,16,0,0,0,0,0,0,0,0,5832,7,0,0,0,0,0,0,0,0
132,2017-04-17,09:01:08,0,SM705,XZCE,5832,5806,5868,3650,106497100,39258,39216,6306,5590,5948,5808,0,5848,0,0,0,2017-04-17,32468000,5828,16,0,0,0,0,0,0,0,0,5832,8,0,0,0,0,0,0,0,0
133,2017-04-17,09:01:08,0,SM705,XZCE,5832,5806,5868,3652,106555420,39258,39216,6306,5590,5948,5808,0,5848,0,0,0,2017-04-17,32468000,5828,16,0,0,0,0,0,0,0,0,5832,7,0,0,0,0,0,0,0,0
134,2017-04-17,09:01:09,0,SM705,XZCE,5832,5806,5868,3654,106613740,39256,39216,6306,5590,5948,5808,0,5848,0,0,0,2017-04-17,32469000,5828,16,0,0,0,0,0,0,0,0,5832,7,0,0,0,0,0,0,0,0
135,2017-04-17,09:01:09,0,SM705,XZCE,5832,5806,5868,3694,107780140,39284,39216,6306,5590,5948,5808,0,5848,0,0,0,2017-04-17,32469000,5828,16,0,0,0,0,0,0,0,0,5832,1,0,0,0,0,0,0,0,0
136,2017-04-17,09:01:10,0,SM705,XZCE,5832,5806,5868,3698,107896780,39284,39216,6306,5590,5948,5808,0,5848,0,0,0,2017-04-17,32470000,5832,5,0,0,0,0,0,0,0,0,5834,17,0,0,0,0,0,0,0,0
137,2017-04-17,09:01:10,0,SM705,XZCE,5830,5806,5868,3718,108479780,39272,39216,6306,5590,5948,5808,0,5848,0,0,0,2017-04-17,32470000,5826,2,0,0,0,0,0,0,0,0,5832,13,0,0,0,0,0,0,0,0
138,2017-04-17,09:01:11,0,SM705,XZCE,5832,5806,5868,3726,108713060,39272,39216,6306,5590,5948,5808,0,5848,0,0,0,2017-04-17,32471000,5826,3,0,0,0,0,0,0,0,0,5832,11,0,0,0,0,0,0,0,0
139,2017-04-17,09:01:11,0,SM705,XZCE,5832,5806,5868,3726,108713060,39272,39216,6306,5590,5948,5808,0,5848,0,0,0,2017-04-17,32471000,5826,3,0,0,0,0,0,0,0,0,5828,1,0,0,0,0,0,0,0,0
140,2017-04-17,09:01:12,0,SM705,XZCE,5826,5806,5868,3728,108771320,39270,39216,6306,5590,5948,5808,0,5848,0,0,0,2017-04-17,32472000,5826,1,0,0,0,0,0,0,0,0,5828,1,0,0,0,0,0,0,0,0
141,2017-04-17,09:01:12,0,SM705,XZCE,5832,5806,5868,3754,109529480,39276,39216,6306,5590,5948,5808,0,5848,0,0,0,2017-04-17,32472000,5828,2,0,0,0,0,0,0,0,0,5832,3,0,0,0,0,0,0,0,0
142,2017-04-17,09:01:13,0,SM705,XZCE,5826,5806,5868,3764,109820780,39274,39216,6306,5590,5948,5808,0,5848,0,0,0,2017-04-17,32473000,5824,2,0,0,0,0,0,0,0,0,5826,2,0,0,0,0,0,0,0,0
143,2017-04-17,09:01:13,0,SM705,XZCE,5826,5806,5868,3764,109820780,39274,39216,6306,5590,5948,5808,0,5848,0,0,0,2017-04-17,32473000,5824,2,0,0,0,0,0,0,0,0,5826,3,0,0,0,0,0,0,0,0
144,2017-04-17,09:01:14,0,SM705,XZCE,5826,5806,5868,3766,109879040,39276,39216,6306,5590,5948,5808,0,5848,0,0,0,2017-04-17,32474000,5824,3,0,0,0,0,0,0,0,0,5826,2,0,0,0,0,0,0,0,0
145,2017-04-17,09:01:14,0,SM705,XZCE,5826,5806,5868,3770,109995560,39280,39216,6306,5590,5948,5808,0,5848,0,0,0,2017-04-17,32474000,5826,3,0,0,0,0,0,0,0,0,5828,5,0,0,0,0,0,0,0,0
146,2017-04-17,09:01:16,0,SM705,XZCE,5822,5806,5868,3792,110635980,39300,39216,6306,5590,5948,5808,0,5848,0,0,0,2017-04-17,32476000,5822,1,0,0,0,0,0,0,0,0,5828,5,0,0,0,0,0,0,0,0
147,2017-04-17,09:01:17,0,SM705,XZCE,5830,5806,5868,3804,110985780,39290,39216,6306,5590,5948,5808,0,5848,0,0,0,2017-04-17,32477000,5824,3,0,0,0,0,0,0,0,0,5830,4,0,0,0,0,0,0,0,0
148,2017-04-17,09:01:17,0,SM705,XZCE,5830,5806,5868,3806,111044080,39290,39216,6306,5590,5948,5808,0,5848,0,0,0,2017-04-17,32477000,5826,10,0,0,0,0,0,0,0,0,5828,1,0,0,0,0,0,0,0,0
149,2017-04-17,09:01:18,0,SM705,XZCE,5830,5806,5868,3810,111160680,39292,39216,6306,5590,5948,5808,0,5848,0,0,0,2017-04-17,32478000,5826,11,0,0,0,0,0,0,0,0,5828,1,0,0,0,0,0,0,0,0
150,2017-04-17,09:01:18,0,SM705,XZCE,5830,5806,5868,3810,111160680,39292,39216,6306,5590,5948,5808,0,5848,0,0,0,2017-04-17,32478000,5826,11,0,0,0,0,0,0,0,0,5828,8,0,0,0,0,0,0,0,0
151,2017-04-17,09:01:19,0,SM705,XZCE,5826,5806,5868,3818,111393720,39300,39216,6306,5590,5948,5808,0,5848,0,0,0,2017-04-17,32479000,5826,7,0,0,0,0,0,0,0,0,5828,8,0,0,0,0,0,0,0,0
152,2017-04-17,09:01:19,0,SM705,XZCE,5828,5806,5868,3822,111510280,39304,39216,6306,5590,5948,5808,0,5848,0,0,0,2017-04-17,32479000,5826,7,0,0,0,0,0,0,0,0,5828,7,0,0,0,0,0,0,0,0
153,2017-04-17,09:01:20,0,SM705,XZCE,5828,5806,5868,3822,111510280,39304,39216,6306,5590,5948,5808,0,5848,0,0,0,2017-04-17,32480000,5826,7,0,0,0,0,0,0,0,0,5828,8,0,0,0,0,0,0,0,0
154,2017-04-17,09:01:21,0,SM705,XZCE,5828,5806,5868,3822,111510280,39304,39216,6306,5590,5948,5808,0,5848,0,0,0,2017-04-17,32481000,5826,5,0,0,0,0,0,0,0,0,5828,8,0,0,0,0,0,0,0,0
155,2017-04-17,09:01:22,0,SM705,XZCE,5826,5806,5868,3836,111918100,39314,39216,6306,5590,5948,5808,0,5848,0,0,0,2017-04-17,32482000,5824,7,0,0,0,0,0,0,0,0,5826,10,0,0,0,0,0,0,0,0
156,2017-04-17,09:01:23,0,SM705,XZCE,5824,5806,5868,3838,111976340,39314,39216,6306,5590,5948,5808,0,5848,0,0,0,2017-04-17,32483000,5824,4,0,0,0,0,0,0,0,0,5826,10,0,0,0,0,0,0,0,0
157,2017-04-17,09:01:23,0,SM705,XZCE,5820,5806,5868,3856,112500140,39310,39216,6306,5590,5948,5808,0,5848,0,0,0,2017-04-17,32483000,5820,3,0,0,0,0,0,0,0,0,5822,12,0,0,0,0,0,0,0,0
158,2017-04-17,09:01:23,0,SM705,XZCE,5816,5806,5868,3866,112790940,39304,39216,6306,5590,5948,5808,0,5848,0,0,0,2017-04-17,32483000,5816,2,0,0,0,0,0,0,0,0,5818,6,0,0,0,0,0,0,0,0
159,2017-04-17,09:01:24,0,SM705,XZCE,5824,5806,5868,3890,113489820,39304,39216,6306,5590,5948,5808,0,5848,0,0,0,2017-04-17,32484000,5818,3,0,0,0,0,0,0,0,0,5824,6,0,0,0,0,0,0,0,0
160,2017-04-17,09:01:24,0,SM705,XZCE,5824,5806,5868,3890,113489820,39304,39216,6306,5590,5948,5808,0,5848,0,0,0,2017-04-17,32484000,5818,6,0,0,0,0,0,0,0,0,5824,6,0,0,0,0,0,0,0,0
161,2017-04-17,09:01:25,0,SM705,XZCE,5824,5806,5868,3892,113548060,39304,39216,6306,5590,5948,5808,0,5848,0,0,0,2017-04-17,32485000,5818,6,0,0,0,0,0,0,0,0,5824,5,0,0,0,0,0,0,0,0
162,2017-04-17,09:01:25,0,SM705,XZCE,5824,5806,5868,3892,113548060,39304,39216,6306,5590,5948,5808,0,5848,0,0,0,2017-04-17,32485000,5818,7,0,0,0,0,0,0,0,0,5824,5,0,0,0,0,0,0,0,0
163,2017-04-17,09:01:26,0,SM705,XZCE,5818,5806,5868,3894,113606240,39306,39216,6306,5590,5948,5808,0,5848,0,0,0,2017-04-17,32486000,5818,7,0,0,0,0,0,0,0,0,5824,10,0,0,0,0,0,0,0,0
164,2017-04-17,09:01:26,0,SM705,XZCE,5818,5806,5868,3896,113664420,39308,39216,6306,5590,5948,5808,0,5848,0,0,0,2017-04-17,32486000,5818,6,0,0,0,0,0,0,0,0,5822,1,0,0,0,0,0,0,0,0
165,2017-04-17,09:01:27,0,SM705,XZCE,5818,5806,5868,3896,113664420,39308,39216,6306,5590,5948,5808,0,5848,0,0,0,2017-04-17,32487000,5818,7,0,0,0,0,0,0,0,0,5822,1,0,0,0,0,0,0,0,0
166,2017-04-17,09:01:27,0,SM705,XZCE,5818,5806,5868,3896,113664420,39308,39216,6306,5590,5948,5808,0,5848,0,0,0,2017-04-17,32487000,5818,6,0,0,0,0,0,0,0,0,5822,2,0,0,0,0,0,0,0,0
167,2017-04-17,09:01:28,0,SM705,XZCE,5818,5806,5868,3896,113664420,39308,39216,6306,5590,5948,5808,0,5848,0,0,0,2017-04-17,32488000,5818,6,0,0,0,0,0,0,0,0,5822,3,0,0,0,0,0,0,0,0
168,2017-04-17,09:01:29,0,SM705,XZCE,5818,5806,5868,3900,113780780,39312,39216,6306,5590,5948,5808,0,5848,0,0,0,2017-04-17,32489000,5818,4,0,0,0,0,0,0,0,0,5822,5,0,0,0,0,0,0,0,0
169,2017-04-17,09:01:29,0,SM705,XZCE,5814,5806,5868,3916,114245900,39316,39216,6306,5590,5948,5808,0,5848,0,0,0,2017-04-17,32489000,5814,2,0,0,0,0,0,0,0,0,5816,3,0,0,0,0,0,0,0,0
170,2017-04-17,09:01:30,0,SM705,XZCE,5814,5806,5868,3920,114362180,39316,39216,6306,5590,5948,5808,0,5848,0,0,0,2017-04-17,32490000,5812,101,0,0,0,0,0,0,0,0,5816,3,0,0,0,0,0,0,0,0
171,2017-04-17,09:01:30,0,SM705,XZCE,5814,5806,5868,3920,114362180,39316,39216,6306,5590,5948,5808,0,5848,0,0,0,2017-04-17,32490000,5814,1,0,0,0,0,0,0,0,0,5816,3,0,0,0,0,0,0,0,0
172,2017-04-17,09:01:31,0,SM705,XZCE,5814,5806,5868,3920,114362180,39316,39216,6306,5590,5948,5808,0,5848,0,0,0,2017-04-17,32491000,5814,2,0,0,0,0,0,0,0,0,5816,3,0,0,0,0,0,0,0,0
173,2017-04-17,09:01:31,0,SM705,XZCE,5818,5806,5868,3936,114827620,39330,39216,6306,5590,5948,5808,0,5848,0,0,0,2017-04-17,32491000,5816,1,0,0,0,0,0,0,0,0,5818,9,0,0,0,0,0,0,0,0
174,2017-04-17,09:01:32,0,SM705,XZCE,5818,5806,5868,3944,115060340,39330,39216,6306,5590,5948,5808,0,5848,0,0,0,2017-04-17,32492000,5816,1,0,0,0,0,0,0,0,0,5818,5,0,0,0,0,0,0,0,0
175,2017-04-17,09:01:33,0,SM705,XZCE,5818,5806,5868,3956,115409420,39340,39216,6306,5590,5948,5808,0,5848,0,0,0,2017-04-17,32493000,5818,25,0,0,0,0,0,0,0,0,5820,1,0,0,0,0,0,0,0,0
176,2017-04-17,09:01:33,0,SM705,XZCE,5818,5806,5868,3956,115409420,39340,39216,6306,5590,5948,5808,0,5848,0,0,0,2017-04-17,32493000,5818,26,0,0,0,0,0,0,0,0,5820,1,0,0,0,0,0,0,0,0
177,2017-04-17,09:01:34,0,SM705,XZCE,5822,5806,5868,3962,115584080,39336,39216,6306,5590,5948,5808,0,5848,0,0,0,2017-04-17,32494000,5818,29,0,0,0,0,0,0,0,0,5822,7,0,0,0,0,0,0,0,0
178,2017-04-17,09:01:35,0,SM705,XZCE,5818,5806,5868,3966,115700440,39336,39216,6306,5590,5948,5808,0,5848,0,0,0,2017-04-17,32495000,5818,30,0,0,0,0,0,0,0,0,5822,9,0,0,0,0,0,0,0,0
179,2017-04-17,09:01:35,0,SM705,XZCE,5818,5806,5868,3966,115700440,39336,39216,6306,5590,5948,5808,0,5848,0,0,0,2017-04-17,32495000,5818,30,0,0,0,0,0,0,0,0,5822,10,0,0,0,0,0,0,0,0
180,2017-04-17,09:01:35,0,SM705,XZCE,5818,5806,5868,3974,115933160,39338,39216,6306,5590,5948,5808,0,5848,0,0,0,2017-04-17,32495000,5820,3,0,0,0,0,0,0,0,0,5822,9,0,0,0,0,0,0,0,0
181,2017-04-17,09:01:36,0,SM705,XZCE,5818,5806,5868,4000,116689500,39360,39216,6306,5590,5948,5808,0,5848,0,0,0,2017-04-17,32496000,5818,20,0,0,0,0,0,0,0,0,5824,6,0,0,0,0,0,0,0,0
182,2017-04-17,09:01:36,0,SM705,XZCE,5818,5806,5868,4000,116689500,39360,39216,6306,5590,5948,5808,0,5848,0,0,0,2017-04-17,32496000,5818,20,0,0,0,0,0,0,0,0,5820,4,0,0,0,0,0,0,0,0
183,2017-04-17,09:01:37,0,SM705,XZCE,5820,5806,5868,4010,116980500,39368,39216,6306,5590,5948,5808,0,5848,0,0,0,2017-04-17,32497000,5818,16,0,0,0,0,0,0,0,0,5820,3,0,0,0,0,0,0,0,0
184,2017-04-17,09:01:37,0,SM705,XZCE,5820,5806,5868,4018,117213300,39362,39216,6306,5590,5948,5808,0,5848,0,0,0,2017-04-17,32497000,5820,11,0,0,0,0,0,0,0,0,5824,6,0,0,0,0,0,0,0,0
185,2017-04-17,09:01:38,0,SM705,XZCE,5822,5806,5868,4020,117271520,39362,39216,6306,5590,5948,5808,0,5848,0,0,0,2017-04-17,32498000,5822,1,0,0,0,0,0,0,0,0,5824,6,0,0,0,0,0,0,0,0
186,2017-04-17,09:01:38,0,SM705,XZCE,5824,5806,5868,4036,117737440,39352,39216,6306,5590,5948,5808,0,5848,0,0,0,2017-04-17,32498000,5824,5,0,0,0,0,0,0,0,0,5826,15,0,0,0,0,0,0,0,0
187,2017-04-17,09:01:39,0,SM705,XZCE,5824,5806,5868,4042,117912160,39350,39216,6306,5590,5948,5808,0,5848,0,0,0,2017-04-17,32499000,5824,2,0,0,0,0,0,0,0,0,5826,15,0,0,0,0,0,0,0,0
188,2017-04-17,09:01:39,0,SM705,XZCE,5824,5806,5868,4048,118086880,39350,39216,6306,5590,5948,5808,0,5848,0,0,0,2017-04-17,32499000,5820,14,0,0,0,0,0,0,0,0,5824,3,0,0,0,0,0,0,0,0
189,2017-04-17,09:01:40,0,SM705,XZCE,5824,5806,5868,4048,118086880,39350,39216,6306,5590,5948,5808,0,5848,0,0,0,2017-04-17,32500000,5820,15,0,0,0,0,0,0,0,0,5824,3,0,0,0,0,0,0,0,0
190,2017-04-17,09:01:41,0,SM705,XZCE,5824,5806,5868,4050,118145120,39350,39216,6306,5590,5948,5808,0,5848,0,0,0,2017-04-17,32501000,5820,15,0,0,0,0,0,0,0,0,5824,3,0,0,0,0,0,0,0,0
191,2017-04-17,09:01:42,0,SM705,XZCE,5824,5806,5868,4050,118145120,39350,39216,6306,5590,5948,5808,0,5848,0,0,0,2017-04-17,32502000,5820,15,0,0,0,0,0,0,0,0,5822,5,0,0,0,0,0,0,0,0
192,2017-04-17,09:01:43,0,SM705,XZCE,5824,5806,5868,4052,118203360,39350,39216,6306,5590,5948,5808,0,5848,0,0,0,2017-04-17,32503000,5820,15,0,0,0,0,0,0,0,0,5822,4,0,0,0,0,0,0,0,0
193,2017-04-17,09:01:43,0,SM705,XZCE,5820,5806,5868,4068,118668960,39366,39216,6306,5590,5948,5808,0,5848,0,0,0,2017-04-17,32503000,5820,7,0,0,0,0,0,0,0,0,5822,4,0,0,0,0,0,0,0,0
194,2017-04-17,09:01:44,0,SM705,XZCE,5822,5806,5868,4084,119134720,39368,39216,6306,5590,5948,5808,0,5848,0,0,0,2017-04-17,32504000,5818,17,0,0,0,0,0,0,0,0,5822,3,0,0,0,0,0,0,0,0
195,2017-04-17,09:01:44,0,SM705,XZCE,5822,5806,5868,4084,119134720,39368,39216,6306,5590,5948,5808,0,5848,0,0,0,2017-04-17,32504000,5818,17,0,0,0,0,0,0,0,0,5820,10,0,0,0,0,0,0,0,0
196,2017-04-17,09:01:46,0,SM705,XZCE,5818,5806,5868,4118,120123780,39392,39216,6306,5590,5948,5808,0,5848,0,0,0,2017-04-17,32506000,5818,2,0,0,0,0,0,0,0,0,5820,8,0,0,0,0,0,0,0,0
197,2017-04-17,09:01:46,0,SM705,XZCE,5818,5806,5868,4122,120240140,39396,39216,6306,5590,5948,5808,0,5848,0,0,0,2017-04-17,32506000,5816,11,0,0,0,0,0,0,0,0,5818,4,0,0,0,0,0,0,0,0
198,2017-04-17,09:01:47,0,SM705,XZCE,5818,5806,5868,4122,120240140,39396,39216,6306,5590,5948,5808,0,5848,0,0,0,2017-04-17,32507000,5816,11,0,0,0,0,0,0,0,0,5818,5,0,0,0,0,0,0,0,0
199,2017-04-17,09:01:47,0,SM705,XZCE,5818,5806,5868,4124,120298320,39398,39216,6306,5590,5948,5808,0,5848,0,0,0,2017-04-17,32507000,5816,11,0,0,0,0,0,0,0,0,5818,4,0,0,0,0,0,0,0,0
200,2017-04-17,09:01:48,0,SM705,XZCE,5818,5806,5868,4126,120356500,39398,39216,6306,5590,5948,5808,0,5848,0,0,0,2017-04-17,32508000,5816,11,0,0,0,0,0,0,0,0,5818,5,0,0,0,0,0,0,0,0
201,2017-04-17,09:01:48,0,SM705,XZCE,5818,5806,5868,4126,120356500,39398,39216,6306,5590,5948,5808,0,5848,0,0,0,2017-04-17,32508000,5816,11,0,0,0,0,0,0,0,0,5818,6,0,0,0,0,0,0,0,0
202,2017-04-17,09:01:49,0,SM705,XZCE,5816,5806,5868,4156,121228900,39428,39216,6306,5590,5948,5808,0,5848,0,0,0,2017-04-17,32509000,5814,4,0,0,0,0,0,0,0,0,5818,29,0,0,0,0,0,0,0,0
203,2017-04-17,09:01:49,0,SM705,XZCE,5812,5806,5868,4176,121810100,39448,39216,6306,5590,5948,5808,0,5848,0,0,0,2017-04-17,32509000,5812,105,0,0,0,0,0,0,0,0,5816,1,0,0,0,0,0,0,0,0
204,2017-04-17,09:01:50,0,SM705,XZCE,5812,5806,5868,4176,121810100,39448,39216,6306,5590,5948,5808,0,5848,0,0,0,2017-04-17,32510000,5812,105,0,0,0,0,0,0,0,0,5814,6,0,0,0,0,0,0,0,0
205,2017-04-17,09:01:51,0,SM705,XZCE,5812,5806,5868,4196,122391300,39468,39216,6306,5590,5948,5808,0,5848,0,0,0,2017-04-17,32511000,5812,96,0,0,0,0,0,0,0,0,5814,6,0,0,0,0,0,0,0,0
206,2017-04-17,09:01:51,0,SM705,XZCE,5814,5806,5868,4200,122507580,39472,39216,6306,5590,5948,5808,0,5848,0,0,0,2017-04-17,32511000,5812,96,0,0,0,0,0,0,0,0,5814,4,0,0,0,0,0,0,0,0
207,2017-04-17,09:01:52,0,SM705,XZCE,5812,5806,5868,4202,122565700,39472,39216,6306,5590,5948,5808,0,5848,0,0,0,2017-04-17,32512000,5812,95,0,0,0,0,0,0,0,0,5814,4,0,0,0,0,0,0,0,0
208,2017-04-17,09:01:52,0,SM705,XZCE,5812,5806,5868,4212,122856300,39476,39216,6306,5590,5948,5808,0,5848,0,0,0,2017-04-17,32512000,5812,91,0,0,0,0,0,0,0,0,5814,3,0,0,0,0,0,0,0,0
209,2017-04-17,09:01:53,0,SM705,XZCE,5812,5806,5868,4216,122972540,39480,39216,6306,5590,5948,5808,0,5848,0,0,0,2017-04-17,32513000,5812,89,0,0,0,0,0,0,0,0,5814,3,0,0,0,0,0,0,0,0
210,2017-04-17,09:01:53,0,SM705,XZCE,5814,5806,5868,4218,123030680,39482,39216,6306,5590,5948,5808,0,5848,0,0,0,2017-04-17,32513000,5812,89,0,0,0,0,0,0,0,0,5814,2,0,0,0,0,0,0,0,0
211,2017-04-17,09:01:54,0,SM705,XZCE,5812,5806,5868,4228,123321280,39492,39216,6306,5590,5948,5808,0,5848,0,0,0,2017-04-17,32514000,5812,85,0,0,0,0,0,0,0,0,5814,2,0,0,0,0,0,0,0,0
212,2017-04-17,09:01:54,0,SM705,XZCE,5812,5806,5868,4228,123321280,39492,39216,6306,5590,5948,5808,0,5848,0,0,0,2017-04-17,32514000,5812,84,0,0,0,0,0,0,0,0,5814,2,0,0,0,0,0,0,0,0
213,2017-04-17,09:01:55,0,SM705,XZCE,5812,5806,5868,4230,123379400,39494,39216,6306,5590,5948,5808,0,5848,0,0,0,2017-04-17,32515000,5812,82,0,0,0,0,0,0,0,0,5814,2,0,0,0,0,0,0,0,0
214,2017-04-17,09:01:55,0,SM705,XZCE,5814,5806,5868,4280,124832900,39544,39216,6306,5590,5948,5808,0,5848,0,0,0,2017-04-17,32515000,5812,58,0,0,0,0,0,0,0,0,5814,1,0,0,0,0,0,0,0,0
215,2017-04-17,09:01:57,0,SM705,XZCE,5812,5806,5868,4290,125123500,39544,39216,6306,5590,5948,5808,0,5848,0,0,0,2017-04-17,32517000,5812,54,0,0,0,0,0,0,0,0,5814,2,0,0,0,0,0,0,0,0
216,2017-04-17,09:01:57,0,SM705,XZCE,5812,5806,5868,4296,125297860,39544,39216,6306,5590,5948,5808,0,5848,0,0,0,2017-04-17,32517000,5812,51,0,0,0,0,0,0,0,0,5814,2,0,0,0,0,0,0,0,0
217,2017-04-17,09:01:58,0,SM705,XZCE,5814,5806,5868,4312,125762980,39556,39216,6306,5590,5948,5808,0,5848,0,0,0,2017-04-17,32518000,5812,45,0,0,0,0,0,0,0,0,5816,4,0,0,0,0,0,0,0,0
218,2017-04-17,09:01:58,0,SM705,XZCE,5812,5806,5868,4324,126111700,39568,39216,6306,5590,5948,5808,0,5848,0,0,0,2017-04-17,32518000,5812,40,0,0,0,0,0,0,0,0,5814,6,0,0,0,0,0,0,0,0
219,2017-04-17,09:01:58,0,SM705,XZCE,5812,5806,5868,4326,126169820,39570,39216,6306,5590,5948,5808,0,5848,0,0,0,2017-04-17,32518000,5812,41,0,0,0,0,0,0,0,0,5814,6,0,0,0,0,0,0,0,0
220,2017-04-17,09:01:59,0,SM705,XZCE,5814,5806,5868,4328,126227960,39572,39216,6306,5590,5948,5808,0,5848,0,0,0,2017-04-17,32519000,5812,41,0,0,0,0,0,0,0,0,5814,5,0,0,0,0,0,0,0,0
221,2017-04-17,09:02:00,0,SM705,XZCE,5814,5806,5868,4330,126286100,39572,39216,6306,5590,5948,5808,0,5848,0,0,0,2017-04-17,32520000,5812,41,0,0,0,0,0,0,0,0,5814,4,0,0,0,0,0,0,0,0
222,2017-04-17,09:02:01,0,SM705,XZCE,5814,5806,5868,4342,126634940,39574,39216,6306,5590,5948,5808,0,5848,0,0,0,2017-04-17,32521000,5812,42,0,0,0,0,0,0,0,0,5816,4,0,0,0,0,0,0,0,0
223,2017-04-17,09:02:01,0,SM705,XZCE,5812,5806,5868,4344,126693060,39576,39216,6306,5590,5948,5808,0,5848,0,0,0,2017-04-17,32521000,5812,41,0,0,0,0,0,0,0,0,5816,4,0,0,0,0,0,0,0,0
224,2017-04-17,09:02:01,0,SM705,XZCE,5814,5806,5868,4348,126809340,39576,39216,6306,5590,5948,5808,0,5848,0,0,0,2017-04-17,32521000,5812,41,0,0,0,0,0,0,0,0,5814,4,0,0,0,0,0,0,0,0
225,2017-04-17,09:02:02,0,SM705,XZCE,5814,5806,5868,4352,126925620,39580,39216,6306,5590,5948,5808,0,5848,0,0,0,2017-04-17,32522000,5812,41,0,0,0,0,0,0,0,0,5816,4,0,0,0,0,0,0,0,0
226,2017-04-17,09:02:02,0,SM705,XZCE,5816,5806,5868,4354,126983780,39578,39216,6306,5590,5948,5808,0,5848,0,0,0,2017-04-17,32522000,5814,5,0,0,0,0,0,0,0,0,5816,3,0,0,0,0,0,0,0,0
227,2017-04-17,09:02:03,0,SM705,XZCE,5816,5806,5868,4354,126983780,39578,39216,6306,5590,5948,5808,0,5848,0,0,0,2017-04-17,32523000,5814,5,0,0,0,0,0,0,0,0,5816,4,0,0,0,0,0,0,0,0
228,2017-04-17,09:02:04,0,SM705,XZCE,5814,5806,5868,4358,127100060,39582,39216,6306,5590,5948,5808,0,5848,0,0,0,2017-04-17,32524000,5814,3,0,0,0,0,0,0,0,0,5816,4,0,0,0,0,0,0,0,0
229,2017-04-17,09:02:04,0,SM705,XZCE,5814,5806,5868,4366,127332620,39584,39216,6306,5590,5948,5808,0,5848,0,0,0,2017-04-17,32524000,5812,42,0,0,0,0,0,0,0,0,5816,4,0,0,0,0,0,0,0,0
230,2017-04-17,09:02:05,0,SM705,XZCE,5814,5806,5868,4366,127332620,39584,39216,6306,5590,5948,5808,0,5848,0,0,0,2017-04-17,32525000,5812,42,0,0,0,0,0,0,0,0,5814,1,0,0,0,0,0,0,0,0
231,2017-04-17,09:02:06,0,SM705,XZCE,5814,5806,5868,4366,127332620,39584,39216,6306,5590,5948,5808,0,5848,0,0,0,2017-04-17,32526000,5812,42,0,0,0,0,0,0,0,0,5814,2,0,0,0,0,0,0,0,0
232,2017-04-17,09:02:07,0,SM705,XZCE,5814,5806,5868,4368,127390760,39586,39216,6306,5590,5948,5808,0,5848,0,0,0,2017-04-17,32527000,5812,42,0,0,0,0,0,0,0,0,5814,1,0,0,0,0,0,0,0,0
233,2017-04-17,09:02:07,0,SM705,XZCE,5814,5806,5868,4370,127448900,39588,39216,6306,5590,5948,5808,0,5848,0,0,0,2017-04-17,32527000,5812,42,0,0,0,0,0,0,0,0,5816,5,0,0,0,0,0,0,0,0
234,2017-04-17,09:02:07,0,SM705,XZCE,5812,5806,5868,4414,128727540,39588,39216,6306,5590,5948,5808,0,5848,0,0,0,2017-04-17,32527000,5814,5,0,0,0,0,0,0,0,0,5816,5,0,0,0,0,0,0,0,0
235,2017-04-17,09:02:08,0,SM705,XZCE,5816,5806,5868,4430,129192820,39596,39216,6306,5590,5948,5808,0,5848,0,0,0,2017-04-17,32528000,5814,2,0,0,0,0,0,0,0,0,5818,4,0,0,0,0,0,0,0,0
236,2017-04-17,09:02:09,0,SM705,XZCE,5816,5806,5868,4430,129192820,39596,39216,6306,5590,5948,5808,0,5848,0,0,0,2017-04-17,32529000,5816,2,0,0,0,0,0,0,0,0,5818,4,0,0,0,0,0,0,0,0
237,2017-04-17,09:02:09,0,SM705,XZCE,5816,5806,5868,4462,130123380,39590,39216,6306,5590,5948,5808,0,5848,0,0,0,2017-04-17,32529000,5816,1,0,0,0,0,0,0,0,0,5820,2,0,0,0,0,0,0,0,0
238,2017-04-17,09:02:11,0,SM705,XZCE,5816,5806,5868,4464,130181540,39590,39216,6306,5590,5948,5808,0,5848,0,0,0,2017-04-17,32531000,5816,1,0,0,0,0,0,0,0,0,5818,1,0,0,0,0,0,0,0,0
239,2017-04-17,09:02:11,0,SM705,XZCE,5820,5806,5868,4470,130356140,39594,39216,6306,5590,5948,5808,0,5848,0,0,0,2017-04-17,32531000,5820,1,0,0,0,0,0,0,0,0,5822,3,0,0,0,0,0,0,0,0
240,2017-04-17,09:02:12,0,SM705,XZCE,5820,5806,5868,4470,130356140,39594,39216,6306,5590,5948,5808,0,5848,0,0,0,2017-04-17,32532000,5820,6,0,0,0,0,0,0,0,0,5822,3,0,0,0,0,0,0,0,0
241,2017-04-17,09:02:13,0,SM705,XZCE,5822,5806,5868,4480,130647240,39604,39216,6306,5590,5948,5808,0,5848,0,0,0,2017-04-17,32533000,5822,2,0,0,0,0,0,0,0,0,5824,3,0,0,0,0,0,0,0,0
242,2017-04-17,09:02:13,0,SM705,XZCE,5822,5806,5868,4482,130705460,39604,39216,6306,5590,5948,5808,0,5848,0,0,0,2017-04-17,32533000,5822,2,0,0,0,0,0,0,0,0,5824,3,0,0,0,0,0,0,0,0
243,2017-04-17,09:02:14,0,SM705,XZCE,5824,5806,5868,4484,130763700,39602,39216,6306,5590,5948,5808,0,5848,0,0,0,2017-04-17,32534000,5822,3,0,0,0,0,0,0,0,0,5824,2,0,0,0,0,0,0,0,0
244,2017-04-17,09:02:15,0,SM705,XZCE,5824,5806,5868,4488,130880180,39604,39216,6306,5590,5948,5808,0,5848,0,0,0,2017-04-17,32535000,5824,4,0,0,0,0,0,0,0,0,5826,16,0,0,0,0,0,0,0,0
245,2017-04-17,09:02:15,0,SM705,XZCE,5824,5806,5868,4494,131054900,39604,39216,6306,5590,5948,5808,0,5848,0,0,0,2017-04-17,32535000,5824,1,0,0,0,0,0,0,0,0,5826,16,0,0,0,0,0,0,0,0
246,2017-04-17,09:02:16,0,SM705,XZCE,5826,5806,5868,4506,131404460,39616,39216,6306,5590,5948,5808,0,5848,0,0,0,2017-04-17,32536000,5824,2,0,0,0,0,0,0,0,0,5826,10,0,0,0,0,0,0,0,0
247,2017-04-17,09:02:18,0,SM705,XZCE,5828,5806,5868,4534,132220380,39626,39216,6306,5590,5948,5808,0,5848,0,0,0,2017-04-17,32538000,5826,5,0,0,0,0,0,0,0,0,5828,13,0,0,0,0,0,0,0,0
248,2017-04-17,09:02:18,0,SM705,XZCE,5828,5806,5868,4540,132395220,39622,39216,6306,5590,5948,5808,0,5848,0,0,0,2017-04-17,32538000,5826,5,0,0,0,0,0,0,0,0,5828,10,0,0,0,0,0,0,0,0
249,2017-04-17,09:02:19,0,SM705,XZCE,5830,5806,5868,4568,133211420,39626,39216,6306,5590,5948,5808,0,5848,0,0,0,2017-04-17,32539000,5828,55,0,0,0,0,0,0,0,0,5830,4,0,0,0,0,0,0,0,0
250,2017-04-17,09:02:20,0,SM705,XZCE,5832,5806,5868,4582,133619660,39628,39216,6306,5590,5948,5808,0,5848,0,0,0,2017-04-17,32540000,5830,2,0,0,0,0,0,0,0,0,5832,6,0,0,0,0,0,0,0,0
251,2017-04-17,09:02:21,0,SM705,XZCE,5832,5806,5868,4594,133969580,39616,39216,6306,5590,5948,5808,0,5848,0,0,0,2017-04-17,32541000,5830,2,0,0,0,0,0,0,0,0,5834,6,0,0,0,0,0,0,0,0
252,2017-04-17,09:02:21,0,SM705,XZCE,5834,5806,5868,4604,134261280,39618,39216,6306,5590,5948,5808,0,5848,0,0,0,2017-04-17,32541000,5830,2,0,0,0,0,0,0,0,0,5834,1,0,0,0,0,0,0,0,0
253,2017-04-17,09:02:22,0,SM705,XZCE,5834,5806,5868,4608,134377960,39614,39216,6306,5590,5948,5808,0,5848,0,0,0,2017-04-17,32542000,5832,11,0,0,0,0,0,0,0,0,5836,9,0,0,0,0,0,0,0,0
254,2017-04-17,09:02:22,0,SM705,XZCE,5832,5806,5868,4610,134436280,39614,39216,6306,5590,5948,5808,0,5848,0,0,0,2017-04-17,32542000,5832,11,0,0,0,0,0,0,0,0,5836,7,0,0,0,0,0,0,0,0
255,2017-04-17,09:02:22,0,SM705,XZCE,5834,5806,5868,4622,134786320,39614,39216,6306,5590,5948,5808,0,5848,0,0,0,2017-04-17,32542000,5834,6,0,0,0,0,0,0,0,0,5836,6,0,0,0,0,0,0,0,0
256,2017-04-17,09:02:23,0,SM705,XZCE,5830,5806,5868,4668,136127220,39584,39216,6306,5590,5948,5808,0,5848,0,0,0,2017-04-17,32543000,5830,4,0,0,0,0,0,0,0,0,5838,7,0,0,0,0,0,0,0,0
257,2017-04-17,09:02:24,0,SM705,XZCE,5830,5806,5868,4668,136127220,39584,39216,6306,5590,5948,5808,0,5848,0,0,0,2017-04-17,32544000,5834,1,0,0,0,0,0,0,0,0,5836,4,0,0,0,0,0,0,0,0
258,2017-04-17,09:02:24,0,SM705,XZCE,5830,5806,5868,4674,136302120,39588,39216,6306,5590,5948,5808,0,5848,0,0,0,2017-04-17,32544000,5832,1,0,0,0,0,0,0,0,0,5836,4,0,0,0,0,0,0,0,0
259,2017-04-17,09:02:25,0,SM705,XZCE,5836,5806,5868,4676,136360480,39586,39216,6306,5590,5948,5808,0,5848,0,0,0,2017-04-17,32545000,5832,1,0,0,0,0,0,0,0,0,5836,19,0,0,0,0,0,0,0,0
260,2017-04-17,09:02:25,0,SM705,XZCE,5832,5806,5868,4680,136477120,39584,39216,6306,5590,5948,5808,0,5848,0,0,0,2017-04-17,32545000,5830,4,0,0,0,0,0,0,0,0,5834,3,0,0,0,0,0,0,0,0
261,2017-04-17,09:02:26,0,SM705,XZCE,5832,5806,5868,4694,136885360,39586,39216,6306,5590,5948,5808,0,5848,0,0,0,2017-04-17,32546000,5830,4,0,0,0,0,0,0,0,0,5832,1,0,0,0,0,0,0,0,0
262,2017-04-17,09:02:26,0,SM705,XZCE,5836,5806,5868,4736,138110920,39584,39216,6306,5590,5948,5808,0,5848,0,0,0,2017-04-17,32546000,5830,1,0,0,0,0,0,0,0,0,5832,1,0,0,0,0,0,0,0,0
263,2017-04-17,09:02:27,0,SM705,XZCE,5830,5806,5868,4748,138460720,39578,39216,6306,5590,5948,5808,0,5848,0,0,0,2017-04-17,32547000,5830,3,0,0,0,0,0,0,0,0,5832,6,0,0,0,0,0,0,0,0
264,2017-04-17,09:02:27,0,SM705,XZCE,5832,5806,5868,4756,138694000,39584,39216,6306,5590,5948,5808,0,5848,0,0,0,2017-04-17,32547000,5828,57,0,0,0,0,0,0,0,0,5832,10,0,0,0,0,0,0,0,0
265,2017-04-17,09:02:28,0,SM705,XZCE,5832,5806,5868,4756,138694000,39584,39216,6306,5590,5948,5808,0,5848,0,0,0,2017-04-17,32548000,5828,58,0,0,0,0,0,0,0,0,5832,10,0,0,0,0,0,0,0,0
266,2017-04-17,09:02:28,0,SM705,XZCE,5832,5806,5868,4768,139043920,39594,39216,6306,5590,5948,5808,0,5848,0,0,0,2017-04-17,32548000,5828,58,0,0,0,0,0,0,0,0,5832,4,0,0,0,0,0,0,0,0
267,2017-04-17,09:02:29,0,SM705,XZCE,5828,5806,5868,4770,139102200,39594,39216,6306,5590,5948,5808,0,5848,0,0,0,2017-04-17,32549000,5828,57,0,0,0,0,0,0,0,0,5832,4,0,0,0,0,0,0,0,0
268,2017-04-17,09:02:29,0,SM705,XZCE,5832,5806,5868,4778,139335480,39594,39216,6306,5590,5948,5808,0,5848,0,0,0,2017-04-17,32549000,5832,1,0,0,0,0,0,0,0,0,5834,3,0,0,0,0,0,0,0,0
269,2017-04-17,09:02:30,0,SM705,XZCE,5832,5806,5868,4782,139452120,39592,39216,6306,5590,5948,5808,0,5848,0,0,0,2017-04-17,32550000,5828,56,0,0,0,0,0,0,0,0,5832,1,0,0,0,0,0,0,0,0
270,2017-04-17,09:02:31,0,SM705,XZCE,5830,5806,5868,4786,139568720,39588,39216,6306,5590,5948,5808,0,5848,0,0,0,2017-04-17,32551000,5830,6,0,0,0,0,0,0,0,0,5832,5,0,0,0,0,0,0,0,0
271,2017-04-17,09:02:31,0,SM705,XZCE,5834,5806,5868,4804,140093780,39588,39216,6306,5590,5948,5808,0,5848,0,0,0,2017-04-17,32551000,5832,3,0,0,0,0,0,0,0,0,5834,6,0,0,0,0,0,0,0,0
272,2017-04-17,09:02:31,0,SM705,XZCE,5832,5806,5868,4808,140210420,39584,39216,6306,5590,5948,5808,0,5848,0,0,0,2017-04-17,32551000,5832,1,0,0,0,0,0,0,0,0,5834,3,0,0,0,0,0,0,0,0
273,2017-04-17,09:02:32,0,SM705,XZCE,5832,5806,5868,4822,140618660,39582,39216,6306,5590,5948,5808,0,5848,0,0,0,2017-04-17,32552000,5830,13,0,0,0,0,0,0,0,0,5832,6,0,0,0,0,0,0,0,0
274,2017-04-17,09:02:33,0,SM705,XZCE,5834,5806,5868,4838,141085380,39568,39216,6306,5590,5948,5808,0,5848,0,0,0,2017-04-17,32553000,5834,1,0,0,0,0,0,0,0,0,5836,4,0,0,0,0,0,0,0,0
275,2017-04-17,09:02:33,0,SM705,XZCE,5832,5806,5868,4842,141202020,39566,39216,6306,5590,5948,5808,0,5848,0,0,0,2017-04-17,32553000,5832,3,0,0,0,0,0,0,0,0,5834,1,0,0,0,0,0,0,0,0
276,2017-04-17,09:02:33,0,SM705,XZCE,5832,5806,5868,4850,141435300,39564,39216,6306,5590,5948,5808,0,5848,0,0,0,2017-04-17,32553000,5830,51,0,0,0,0,0,0,0,0,5834,1,0,0,0,0,0,0,0,0
277,2017-04-17,09:02:35,0,SM705,XZCE,5832,5806,5868,4850,141435300,39564,39216,6306,5590,5948,5808,0,5848,0,0,0,2017-04-17,32555000,5834,10,0,0,0,0,0,0,0,0,5836,14,0,0,0,0,0,0,0,0
278,2017-04-17,09:02:36,0,SM705,XZCE,5834,5806,5868,4868,141960360,39554,39216,6306,5590,5948,5808,0,5848,0,0,0,2017-04-17,32556000,5834,7,0,0,0,0,0,0,0,0,5836,8,0,0,0,0,0,0,0,0
279,2017-04-17,09:02:36,0,SM705,XZCE,5836,5806,5868,4884,142427240,39564,39216,6306,5590,5948,5808,0,5848,0,0,0,2017-04-17,32556000,5834,4,0,0,0,0,0,0,0,0,5836,5,0,0,0,0,0,0,0,0
280,2017-04-17,09:02:36,0,SM705,XZCE,5834,5806,5868,4886,142485580,39566,39216,6306,5590,5948,5808,0,5848,0,0,0,2017-04-17,32556000,5834,22,0,0,0,0,0,0,0,0,5836,5,0,0,0,0,0,0,0,0
281,2017-04-17,09:02:37,0,SM705,XZCE,5834,5806,5868,4904,143010640,39554,39216,6306,5590,5948,5808,0,5848,0,0,0,2017-04-17,32557000,5836,3,0,0,0,0,0,0,0,0,5838,14,0,0,0,0,0,0,0,0
282,2017-04-17,09:02:38,0,SM705,XZCE,5838,5806,5868,4914,143302540,39554,39216,6306,5590,5948,5808,0,5848,0,0,0,2017-04-17,32558000,5836,5,0,0,0,0,0,0,0,0,5838,9,0,0,0,0,0,0,0,0
283,2017-04-17,09:02:38,0,SM705,XZCE,5836,5806,5868,4924,143594340,39552,39216,6306,5590,5948,5808,0,5848,0,0,0,2017-04-17,32558000,5836,1,0,0,0,0,0,0,0,0,5838,8,0,0,0,0,0,0,0,0
284,2017-04-17,09:02:38,0,SM705,XZCE,5836,5806,5868,4926,143652700,39552,39216,6306,5590,5948,5808,0,5848,0,0,0,2017-04-17,32558000,5834,22,0,0,0,0,0,0,0,0,5838,7,0,0,0,0,0,0,0,0
285,2017-04-17,09:02:39,0,SM705,XZCE,5838,5806,5868,4928,143711080,39550,39216,6306,5590,5948,5808,0,5848,0,0,0,2017-04-17,32559000,5834,22,0,0,0,0,0,0,0,0,5838,6,0,0,0,0,0,0,0,0
286,2017-04-17,09:02:39,0,SM705,XZCE,5838,5806,5868,4938,144002980,39550,39216,6306,5590,5948,5808,0,5848,0,0,0,2017-04-17,32559000,5834,22,0,0,0,0,0,0,0,0,5838,12,0,0,0,0,0,0,0,0
287,2017-04-17,09:02:41,0,SM705,XZCE,5840,5806,5868,4976,145112580,39540,39216,6306,5590,5948,5808,0,5848,0,0,0,2017-04-17,32561000,5840,2,0,0,0,0,0,0,0,0,5842,11,0,0,0,0,0,0,0,0
288,2017-04-17,09:02:41,0,SM705,XZCE,5848,5806,5868,5028,146633060,39498,39216,6306,5590,5948,5808,0,5848,0,0,0,2017-04-17,32561000,5840,2,0,0,0,0,0,0,0,0,5848,12,0,0,0,0,0,0,0,0
289,2017-04-17,09:02:42,0,SM705,XZCE,5848,5806,5868,5056,147451780,39488,39216,6306,5590,5948,5808,0,5848,0,0,0,2017-04-17,32562000,5846,1,0,0,0,0,0,0,0,0,5850,26,0,0,0,0,0,0,0,0
290,2017-04-17,09:02:42,0,SM705,XZCE,5848,5806,5868,5056,147451780,39488,39216,6306,5590,5948,5808,0,5848,0,0,0,2017-04-17,32562000,5846,3,0,0,0,0,0,0,0,0,5850,26,0,0,0,0,0,0,0,0
291,2017-04-17,09:02:43,0,SM705,XZCE,5846,5806,5868,5062,147627160,39486,39216,6306,5590,5948,5808,0,5848,0,0,0,2017-04-17,32563000,5844,7,0,0,0,0,0,0,0,0,5846,3,0,0,0,0,0,0,0,0
292,2017-04-17,09:02:43,0,SM705,XZCE,5846,5806,5868,5076,148036380,39482,39216,6306,5590,5948,5808,0,5848,0,0,0,2017-04-17,32563000,5846,5,0,0,0,0,0,0,0,0,5850,24,0,0,0,0,0,0,0,0
293,2017-04-17,09:02:44,0,SM705,XZCE,5846,5806,5868,5078,148094840,39482,39216,6306,5590,5948,5808,0,5848,0,0,0,2017-04-17,32564000,5848,1,0,0,0,0,0,0,0,0,5850,24,0,0,0,0,0,0,0,0
294,2017-04-17,09:02:44,0,SM705,XZCE,5846,5806,5868,5118,149264040,39450,39216,6306,5590,5948,5808,0,5848,0,0,0,2017-04-17,32564000,5846,4,0,0,0,0,0,0,0,0,5850,8,0,0,0,0,0,0,0,0
295,2017-04-17,09:02:45,0,SM705,XZCE,5850,5806,5868,5124,149439540,39450,39216,6306,5590,5948,5808,0,5848,0,0,0,2017-04-17,32565000,5844,5,0,0,0,0,0,0,0,0,5850,5,0,0,0,0,0,0,0,0
296,2017-04-17,09:02:45,0,SM705,XZCE,5844,5806,5868,5136,149790180,39438,39216,6306,5590,5948,5808,0,5848,0,0,0,2017-04-17,32565000,5842,3,0,0,0,0,0,0,0,0,5848,4,0,0,0,0,0,0,0,0
297,2017-04-17,09:02:46,0,SM705,XZCE,5844,5806,5868,5140,149907060,39438,39216,6306,5590,5948,5808,0,5848,0,0,0,2017-04-17,32566000,5842,3,0,0,0,0,0,0,0,0,5844,18,0,0,0,0,0,0,0,0
298,2017-04-17,09:02:46,0,SM705,XZCE,5844,5806,5868,5142,149965500,39438,39216,6306,5590,5948,5808,0,5848,0,0,0,2017-04-17,32566000,5842,3,0,0,0,0,0,0,0,0,5844,17,0,0,0,0,0,0,0,0
299,2017-04-17,09:02:47,0,SM705,XZCE,5846,5806,5868,5186,151251620,39406,39216,6306,5590,5948,5808,0,5848,0,0,0,2017-04-17,32567000,5844,7,0,0,0,0,0,0,0,0,5846,9,0,0,0,0,0,0,0,0
300,2017-04-17,09:02:47,0,SM705,XZCE,5844,5806,5868,5194,151485380,39398,39216,6306,5590,5948,5808,0,5848,0,0,0,2017-04-17,32567000,5844,3,0,0,0,0,0,0,0,0,5846,9,0,0,0,0,0,0,0,0
301,2017-04-17,09:02:49,0,SM705,XZCE,5850,5806,5868,5220,152245880,39416,39216,6306,5590,5948,5808,0,5848,0,0,0,2017-04-17,32569000,5848,9,0,0,0,0,0,0,0,0,5850,12,0,0,0,0,0,0,0,0
302,2017-04-17,09:02:49,0,SM705,XZCE,5850,5806,5868,5244,152947880,39416,39216,6306,5590,5948,5808,0,5848,0,0,0,2017-04-17,32569000,5850,4,0,0,0,0,0,0,0,0,5854,3,0,0,0,0,0,0,0,0
303,2017-04-17,09:02:50,0,SM705,XZCE,5850,5806,5868,5250,153123380,39422,39216,6306,5590,5948,5808,0,5848,0,0,0,2017-04-17,32570000,5850,12,0,0,0,0,0,0,0,0,5854,3,0,0,0,0,0,0,0,0
304,2017-04-17,09:02:50,0,SM705,XZCE,5854,5806,5868,5258,153357540,39430,39216,6306,5590,5948,5808,0,5848,0,0,0,2017-04-17,32570000,5852,8,0,0,0,0,0,0,0,0,5854,2,0,0,0,0,0,0,0,0
305,2017-04-17,09:02:51,0,SM705,XZCE,5856,5806,5868,5288,154235940,39420,39216,6306,5590,5948,5808,0,5848,0,0,0,2017-04-17,32571000,5854,3,0,0,0,0,0,0,0,0,5856,30,0,0,0,0,0,0,0,0
306,2017-04-17,09:02:51,0,SM705,XZCE,5858,5806,5868,5306,154763160,39422,39216,6306,5590,5948,5808,0,5848,0,0,0,2017-04-17,32571000,5856,2,0,0,0,0,0,0,0,0,5860,18,0,0,0,0,0,0,0,0
307,2017-04-17,09:02:52,0,SM705,XZCE,5854,5806,5868,5320,155172940,39416,39216,6306,5590,5948,5808,0,5848,0,0,0,2017-04-17,32572000,5852,2,0,0,0,0,0,0,0,0,5860,16,0,0,0,0,0,0,0,0
308,2017-04-17,09:02:52,0,SM705,XZCE,5860,5806,5868,5348,155993340,39416,39216,6306,5590,5948,5808,0,5848,0,0,0,2017-04-17,32572000,5854,14,0,0,0,0,0,0,0,0,5860,15,0,0,0,0,0,0,0,0
309,2017-04-17,09:02:53,0,SM705,XZCE,5860,5806,5868,5382,156989540,39402,39216,6306,5590,5948,5808,0,5848,0,0,0,2017-04-17,32573000,5856,44,0,0,0,0,0,0,0,0,5858,1,0,0,0,0,0,0,0,0
310,2017-04-17,09:02:53,0,SM705,XZCE,5858,5806,5868,5384,157048120,39404,39216,6306,5590,5948,5808,0,5848,0,0,0,2017-04-17,32573000,5858,6,0,0,0,0,0,0,0,0,5860,5,0,0,0,0,0,0,0,0
311,2017-04-17,09:02:54,0,SM705,XZCE,5858,5806,5868,5412,157868240,39390,39216,6306,5590,5948,5808,0,5848,0,0,0,2017-04-17,32574000,5858,6,0,0,0,0,0,0,0,0,5862,14,0,0,0,0,0,0,0,0
312,2017-04-17,09:02:54,0,SM705,XZCE,5860,5806,5868,5438,158630040,39388,39216,6306,5590,5948,5808,0,5848,0,0,0,2017-04-17,32574000,5858,4,0,0,0,0,0,0,0,0,5862,5,0,0,0,0,0,0,0,0
313,2017-04-17,09:02:55,0,SM705,XZCE,5860,5806,5868,5438,158630040,39388,39216,6306,5590,5948,5808,0,5848,0,0,0,2017-04-17,32575000,5858,4,0,0,0,0,0,0,0,0,5862,6,0,0,0,0,0,0,0,0
314,2017-04-17,09:02:55,0,SM705,XZCE,5856,5806,5868,5480,159859800,39378,39216,6306,5590,5948,5808,0,5848,0,0,0,2017-04-17,32575000,5856,44,0,0,0,0,0,0,0,0,5862,6,0,0,0,0,0,0,0,0
315,2017-04-17,09:02:55,0,SM705,XZCE,5862,5806,5868,5484,159977040,39382,39216,6306,5590,5948,5808,0,5848,0,0,0,2017-04-17,32575000,5856,44,0,0,0,0,0,0,0,0,5862,6,0,0,0,0,0,0,0,0
316,2017-04-17,09:02:56,0,SM705,XZCE,5862,5806,5868,5498,160387380,39386,39216,6306,5590,5948,5808,0,5848,0,0,0,2017-04-17,32576000,5858,5,0,0,0,0,0,0,0,0,5862,1,0,0,0,0,0,0,0,0
317,2017-04-17,09:02:57,0,SM705,XZCE,5862,5806,5868,5498,160387380,39386,39216,6306,5590,5948,5808,0,5848,0,0,0,2017-04-17,32577000,5858,5,0,0,0,0,0,0,0,0,5862,8,0,0,0,0,0,0,0,0
318,2017-04-17,09:02:57,0,SM705,XZCE,5862,5806,5868,5510,160739100,39386,39216,6306,5590,5948,5808,0,5848,0,0,0,2017-04-17,32577000,5860,2,0,0,0,0,0,0,0,0,5862,4,0,0,0,0,0,0,0,0
319,2017-04-17,09:02:57,0,SM705,XZCE,5864,5806,5868,5520,161032300,39384,39216,6306,5590,5948,5808,0,5848,0,0,0,2017-04-17,32577000,5862,15,0,0,0,0,0,0,0,0,5866,11,0,0,0,0,0,0,0,0
320,2017-04-17,09:02:58,0,SM705,XZCE,5866,5806,5868,5534,161442920,39382,39216,6306,5590,5948,5808,0,5848,0,0,0,2017-04-17,32578000,5864,1,0,0,0,0,0,0,0,0,5866,5,0,0,0,0,0,0,0,0
321,2017-04-17,09:02:59,0,SM705,XZCE,5864,5806,5868,5546,161794760,39384,39216,6306,5590,5948,5808,0,5848,0,0,0,2017-04-17,32579000,5864,14,0,0,0,0,0,0,0,0,5866,3,0,0,0,0,0,0,0,0
322,2017-04-17,09:02:59,0,SM705,XZCE,5866,5806,5868,5554,162029400,39384,39216,6306,5590,5948,5808,0,5848,0,0,0,2017-04-17,32579000,5866,1,0,0,0,0,0,0,0,0,5868,3,0,0,0,0,0,0,0,0
323,2017-04-17,09:03:00,0,SM705,XZCE,5868,5806,5868,5566,162381480,39384,39216,6306,5590,5948,5808,0,5848,0,0,0,2017-04-17,32580000,5864,14,0,0,0,0,0,0,0,0,5866,10,0,0,0,0,0,0,0,0
324,2017-04-17,09:03:00,0,SM705,XZCE,5866,5806,5868,5598,163320040,39372,39216,6306,5590,5948,5808,0,5848,0,0,0,2017-04-17,32580000,5864,8,0,0,0,0,0,0,0,0,5868,2,0,0,0,0,0,0,0,0
325,2017-04-17,09:03:01,0,SM705,XZCE,5866,5806,5868,5612,163730660,39372,39216,6306,5590,5948,5808,0,5848,0,0,0,2017-04-17,32581000,5864,3,0,0,0,0,0,0,0,0,5868,2,0,0,0,0,0,0,0,0
326,2017-04-17,09:03:01,0,SM705,XZCE,5866,5806,5868,5620,163965300,39372,39216,6306,5590,5948,5808,0,5848,0,0,0,2017-04-17,32581000,5862,26,0,0,0,0,0,0,0,0,5866,4,0,0,0,0,0,0,0,0
327,2017-04-17,09:03:02,0,SM705,XZCE,5866,5806,5868,5630,164258600,39362,39216,6306,5590,5948,5808,0,5848,0,0,0,2017-04-17,32582000,5862,25,0,0,0,0,0,0,0,0,5864,3,0,0,0,0,0,0,0,0
328,2017-04-17,09:03:02,0,SM705,XZCE,5862,5806,5868,5650,164844800,39342,39216,6306,5590,5948,5808,0,5848,0,0,0,2017-04-17,32582000,5862,15,0,0,0,0,0,0,0,0,5864,7,0,0,0,0,0,0,0,0
329,2017-04-17,09:03:03,0,SM705,XZCE,5868,5806,5868,5736,167368040,39346,39216,6306,5590,5948,5808,0,5848,0,0,0,2017-04-17,32583000,5864,67,0,0,0,0,0,0,0,0,5868,9,0,0,0,0,0,0,0,0
330,2017-04-17,09:03:03,0,SM705,XZCE,5866,5806,5868,5740,167485360,39346,39216,6306,5590,5948,5808,0,5848,0,0,0,2017-04-17,32583000,5864,66,0,0,0,0,0,0,0,0,5866,17,0,0,0,0,0,0,0,0
331,2017-04-17,09:03:04,0,SM705,XZCE,5864,5806,5868,5744,167602640,39350,39216,6306,5590,5948,5808,0,5848,0,0,0,2017-04-17,32584000,5864,66,0,0,0,0,0,0,0,0,5866,16,0,0,0,0,0,0,0,0
332,2017-04-17,09:03:04,0,SM705,XZCE,5866,5806,5868,5772,168423880,39362,39216,6306,5590,5948,5808,0,5848,0,0,0,2017-04-17,32584000,5864,63,0,0,0,0,0,0,0,0,5866,7,0,0,0,0,0,0,0,0
333,2017-04-17,09:03:05,0,SM705,XZCE,5864,5806,5868,5786,168834360,39362,39216,6306,5590,5948,5808,0,5848,0,0,0,2017-04-17,32585000,5864,65,0,0,0,0,0,0,0,0,5866,7,0,0,0,0,0,0,0,0
334,2017-04-17,09:03:05,0,SM705,XZCE,5866,5806,5868,5818,169772920,39360,39216,6306,5590,5948,5808,0,5848,0,0,0,2017-04-17,32585000,5864,54,0,0,0,0,0,0,0,0,5866,3,0,0,0,0,0,0,0,0
335,2017-04-17,09:03:06,0,SM705,XZCE,5864,5806,5868,5882,171649400,39388,39216,6306,5590,5948,5808,0,5848,0,0,0,2017-04-17,32586000,5864,23,0,0,0,0,0,0,0,0,5866,7,0,0,0,0,0,0,0,0
336,2017-04-17,09:03:06,0,SM705,XZCE,5860,5806,5868,5960,173934800,39446,39216,6306,5590,5948,5808,0,5848,0,0,0,2017-04-17,32586000,5860,2,0,0,0,0,0,0,0,0,5862,4,0,0,0,0,0,0,0,0
337,2017-04-17,09:03:07,0,SM705,XZCE,5860,5806,5868,5964,174052000,39448,39216,6306,5590,5948,5808,0,5848,0,0,0,2017-04-17,32587000,5858,7,0,0,0,0,0,0,0,0,5860,9,0,0,0,0,0,0,0,0
338,2017-04-17,09:03:07,0,SM705,XZCE,5856,5806,5868,5992,174871840,39438,39216,6306,5590,5948,5808,0,5848,0,0,0,2017-04-17,32587000,5856,3,0,0,0,0,0,0,0,0,5860,8,0,0,0,0,0,0,0,0
339,2017-04-17,09:03:08,0,SM705,XZCE,5856,5806,5868,5992,174871840,39438,39216,6306,5590,5948,5808,0,5848,0,0,0,2017-04-17,32588000,5856,4,0,0,0,0,0,0,0,0,5860,25,0,0,0,0,0,0,0,0
340,2017-04-17,09:03:08,0,SM705,XZCE,5858,5806,5868,6028,175926280,39426,39216,6306,5590,5948,5808,0,5848,0,0,0,2017-04-17,32588000,5852,2,0,0,0,0,0,0,0,0,5858,29,0,0,0,0,0,0,0,0
341,2017-04-17,09:03:09,0,SM705,XZCE,5850,5806,5868,6068,177096280,39404,39216,6306,5590,5948,5808,0,5848,0,0,0,2017-04-17,32589000,5846,363,0,0,0,0,0,0,0,0,5852,4,0,0,0,0,0,0,0,0
342,2017-04-17,09:03:09,0,SM705,XZCE,5842,5806,5868,6086,177622060,39406,39216,6306,5590,5948,5808,0,5848,0,0,0,2017-04-17,32589000,5842,2,0,0,0,0,0,0,0,0,5846,5,0,0,0,0,0,0,0,0
343,2017-04-17,09:03:10,0,SM705,XZCE,5842,5806,5868,6094,177855740,39400,39216,6306,5590,5948,5808,0,5848,0,0,0,2017-04-17,32590000,5838,9,0,0,0,0,0,0,0,0,5842,2,0,0,0,0,0,0,0,0
344,2017-04-17,09:03:10,0,SM705,XZCE,5842,5806,5868,6098,177972580,39396,39216,6306,5590,5948,5808,0,5848,0,0,0,2017-04-17,32590000,5842,1,0,0,0,0,0,0,0,0,5846,4,0,0,0,0,0,0,0,0
345,2017-04-17,09:03:11,0,SM705,XZCE,5842,5806,5868,6098,177972580,39396,39216,6306,5590,5948,5808,0,5848,0,0,0,2017-04-17,32591000,5842,1,0,0,0,0,0,0,0,0,5844,1,0,0,0,0,0,0,0,0
346,2017-04-17,09:03:11,0,SM705,XZCE,5842,5806,5868,6114,178439940,39394,39216,6306,5590,5948,5808,0,5848,0,0,0,2017-04-17,32591000,5840,4,0,0,0,0,0,0,0,0,5842,2,0,0,0,0,0,0,0,0
347,2017-04-17,09:03:12,0,SM705,XZCE,5842,5806,5868,6114,178439940,39394,39216,6306,5590,5948,5808,0,5848,0,0,0,2017-04-17,32592000,5840,3,0,0,0,0,0,0,0,0,5842,2,0,0,0,0,0,0,0,0
348,2017-04-17,09:03:12,0,SM705,XZCE,5842,5806,5868,6126,178790460,39382,39216,6306,5590,5948,5808,0,5848,0,0,0,2017-04-17,32592000,5838,9,0,0,0,0,0,0,0,0,5842,7,0,0,0,0,0,0,0,0
349,2017-04-17,09:03:13,0,SM705,XZCE,5840,5806,5868,6128,178848860,39382,39216,6306,5590,5948,5808,0,5848,0,0,0,2017-04-17,32593000,5838,9,0,0,0,0,0,0,0,0,5840,6,0,0,0,0,0,0,0,0
350,2017-04-17,09:03:13,0,SM705,XZCE,5834,5806,5868,6154,179607280,39382,39216,6306,5590,5948,5808,0,5848,0,0,0,2017-04-17,32593000,5834,1,0,0,0,0,0,0,0,0,5838,2,0,0,0,0,0,0,0,0
351,2017-04-17,09:03:14,0,SM705,XZCE,5834,5806,5868,6154,179607280,39382,39216,6306,5590,5948,5808,0,5848,0,0,0,2017-04-17,32594000,5834,1,0,0,0,0,0,0,0,0,5840,3,0,0,0,0,0,0,0,0
352,2017-04-17,09:03:14,0,SM705,XZCE,5838,5806,5868,6160,179782420,39378,39216,6306,5590,5948,5808,0,5848,0,0,0,2017-04-17,32594000,5834,6,0,0,0,0,0,0,0,0,5836,1,0,0,0,0,0,0,0,0
353,2017-04-17,09:03:15,0,SM705,XZCE,5834,5806,5868,6182,180424160,39366,39216,6306,5590,5948,5808,0,5848,0,0,0,2017-04-17,32595000,5830,5,0,0,0,0,0,0,0,0,5834,1,0,0,0,0,0,0,0,0
354,2017-04-17,09:03:15,0,SM705,XZCE,5838,5806,5868,6194,180774440,39364,39216,6306,5590,5948,5808,0,5848,0,0,0,2017-04-17,32595000,5830,5,0,0,0,0,0,0,0,0,5834,1,0,0,0,0,0,0,0,0
355,2017-04-17,09:03:16,0,SM705,XZCE,5830,5806,5868,6208,181182540,39362,39216,6306,5590,5948,5808,0,5848,0,0,0,2017-04-17,32596000,5830,1,0,0,0,0,0,0,0,0,5836,4,0,0,0,0,0,0,0,0
356,2017-04-17,09:03:16,0,SM705,XZCE,5836,5806,5868,6228,181766140,39352,39216,6306,5590,5948,5808,0,5848,0,0,0,2017-04-17,32596000,5830,2,0,0,0,0,0,0,0,0,5836,5,0,0,0,0,0,0,0,0
357,2017-04-17,09:03:17,0,SM705,XZCE,5830,5806,5868,6232,181882740,39356,39216,6306,5590,5948,5808,0,5848,0,0,0,2017-04-17,32597000,5828,7,0,0,0,0,0,0,0,0,5830,2,0,0,0,0,0,0,0,0
358,2017-04-17,09:03:17,0,SM705,XZCE,5830,5806,5868,6232,181882740,39356,39216,6306,5590,5948,5808,0,5848,0,0,0,2017-04-17,32597000,5828,7,0,0,0,0,0,0,0,0,5830,11,0,0,0,0,0,0,0,0
359,2017-04-17,09:03:18,0,SM705,XZCE,5830,5806,5868,6234,181941040,39358,39216,6306,5590,5948,5808,0,5848,0,0,0,2017-04-17,32598000,5828,7,0,0,0,0,0,0,0,0,5830,10,0,0,0,0,0,0,0,0
360,2017-04-17,09:03:18,0,SM705,XZCE,5830,5806,5868,6240,182115940,39360,39216,6306,5590,5948,5808,0,5848,0,0,0,2017-04-17,32598000,5828,7,0,0,0,0,0,0,0,0,5830,17,0,0,0,0,0,0,0,0
361,2017-04-17,09:03:19,0,SM705,XZCE,5830,5806,5868,6260,182698940,39352,39216,6306,5590,5948,5808,0,5848,0,0,0,2017-04-17,32599000,5828,7,0,0,0,0,0,0,0,0,5830,7,0,0,0,0,0,0,0,0
362,2017-04-17,09:03:20,0,SM705,XZCE,5830,5806,5868,6264,182815540,39348,39216,6306,5590,5948,5808,0,5848,0,0,0,2017-04-17,32600000,5828,7,0,0,0,0,0,0,0,0,5830,14,0,0,0,0,0,0,0,0
363,2017-04-17,09:03:20,0,SM705,XZCE,5838,5806,5868,6310,184158280,39332,39216,6306,5590,5948,5808,0,5848,0,0,0,2017-04-17,32600000,5832,3,0,0,0,0,0,0,0,0,5838,1,0,0,0,0,0,0,0,0
364,2017-04-17,09:03:21,0,SM705,XZCE,5832,5806,5868,6344,185149720,39340,39216,6306,5590,5948,5808,0,5848,0,0,0,2017-04-17,32601000,5832,1,0,0,0,0,0,0,0,0,5836,2,0,0,0,0,0,0,0,0
365,2017-04-17,09:03:21,0,SM705,XZCE,5832,5806,5868,6344,185149720,39340,39216,6306,5590,5948,5808,0,5848,0,0,0,2017-04-17,32601000,5834,6,0,0,0,0,0,0,0,0,5836,2,0,0,0,0,0,0,0,0
366,2017-04-17,09:03:22,0,SM705,XZCE,5836,5806,5868,6348,185266440,39340,39216,6306,5590,5948,5808,0,5848,0,0,0,2017-04-17,32602000,5834,10,0,0,0,0,0,0,0,0,5840,1,0,0,0,0,0,0,0,0
367,2017-04-17,09:03:23,0,SM705,XZCE,5836,5806,5868,6348,185266440,39340,39216,6306,5590,5948,5808,0,5848,0,0,0,2017-04-17,32603000,5834,15,0,0,0,0,0,0,0,0,5840,1,0,0,0,0,0,0,0,0
368,2017-04-17,09:03:23,0,SM705,XZCE,5836,5806,5868,6348,185266440,39340,39216,6306,5590,5948,5808,0,5848,0,0,0,2017-04-17,32603000,5834,11,0,0,0,0,0,0,0,0,5840,1,0,0,0,0,0,0,0,0
369,2017-04-17,09:03:24,0,SM705,XZCE,5836,5806,5868,6348,185266440,39340,39216,6306,5590,5948,5808,0,5848,0,0,0,2017-04-17,32604000,5834,7,0,0,0,0,0,0,0,0,5840,9,0,0,0,0,0,0,0,0
370,2017-04-17,09:03:24,0,SM705,XZCE,5840,5806,5868,6350,185324840,39340,39216,6306,5590,5948,5808,0,5848,0,0,0,2017-04-17,32604000,5834,2,0,0,0,0,0,0,0,0,5840,4,0,0,0,0,0,0,0,0
371,2017-04-17,09:03:25,0,SM705,XZCE,5834,5806,5868,6362,185674880,39332,39216,6306,5590,5948,5808,0,5848,0,0,0,2017-04-17,32605000,5832,3,0,0,0,0,0,0,0,0,5838,2,0,0,0,0,0,0,0,0
372,2017-04-17,09:03:26,0,SM705,XZCE,5834,5806,5868,6374,186024920,39344,39216,6306,5590,5948,5808,0,5848,0,0,0,2017-04-17,32606000,5834,1,0,0,0,0,0,0,0,0,5838,1,0,0,0,0,0,0,0,0
373,2017-04-17,09:03:27,0,SM705,XZCE,5834,5806,5868,6374,186024920,39344,39216,6306,5590,5948,5808,0,5848,0,0,0,2017-04-17,32607000,5836,2,0,0,0,0,0,0,0,0,5838,1,0,0,0,0,0,0,0,0
374,2017-04-17,09:03:27,0,SM705,XZCE,5834,5806,5868,6374,186024920,39344,39216,6306,5590,5948,5808,0,5848,0,0,0,2017-04-17,32607000,5836,3,0,0,0,0,0,0,0,0,5838,1,0,0,0,0,0,0,0,0
375,2017-04-17,09:03:28,0,SM705,XZCE,5836,5806,5868,6378,186141640,39346,39216,6306,5590,5948,5808,0,5848,0,0,0,2017-04-17,32608000,5836,2,0,0,0,0,0,0,0,0,5840,4,0,0,0,0,0,0,0,0
376,2017-04-17,09:03:28,0,SM705,XZCE,5838,5806,5868,6388,186433540,39352,39216,6306,5590,5948,5808,0,5848,0,0,0,2017-04-17,32608000,5838,11,0,0,0,0,0,0,0,0,5840,2,0,0,0,0,0,0,0,0
377,2017-04-17,09:03:29,0,SM705,XZCE,5844,5806,5868,6396,186667300,39352,39216,6306,5590,5948,5808,0,5848,0,0,0,2017-04-17,32609000,5840,4,0,0,0,0,0,0,0,0,5846,8,0,0,0,0,0,0,0,0
378,2017-04-17,09:03:29,0,SM705,XZCE,5840,5806,5868,6406,186959300,39358,39216,6306,5590,5948,5808,0,5848,0,0,0,2017-04-17,32609000,5838,11,0,0,0,0,0,0,0,0,5844,2,0,0,0,0,0,0,0,0
379,2017-04-17,09:03:30,0,SM705,XZCE,5844,5806,5868,6416,187251500,39348,39216,6306,5590,5948,5808,0,5848,0,0,0,2017-04-17,32610000,5838,11,0,0,0,0,0,0,0,0,5844,4,0,0,0,0,0,0,0,0
380,2017-04-17,09:03:31,0,SM705,XZCE,5844,5806,5868,6418,187309940,39346,39216,6306,5590,5948,5808,0,5848,0,0,0,2017-04-17,32611000,5838,11,0,0,0,0,0,0,0,0,5844,4,0,0,0,0,0,0,0,0
381,2017-04-17,09:03:32,0,SM705,XZCE,5844,5806,5868,6428,187602140,39352,39216,6306,5590,5948,5808,0,5848,0,0,0,2017-04-17,32612000,5840,2,0,0,0,0,0,0,0,0,5846,4,0,0,0,0,0,0,0,0
382,2017-04-17,09:03:33,0,SM705,XZCE,5844,5806,5868,6428,187602140,39352,39216,6306,5590,5948,5808,0,5848,0,0,0,2017-04-17,32613000,5840,4,0,0,0,0,0,0,0,0,5844,3,0,0,0,0,0,0,0,0
383,2017-04-17,09:03:33,0,SM705,XZCE,5840,5806,5868,6430,187660540,39352,39216,6306,5590,5948,5808,0,5848,0,0,0,2017-04-17,32613000,5840,3,0,0,0,0,0,0,0,0,5844,3,0,0,0,0,0,0,0,0
384,2017-04-17,09:03:35,0,SM705,XZCE,5840,5806,5868,6432,187718940,39352,39216,6306,5590,5948,5808,0,5848,0,0,0,2017-04-17,32615000,5840,2,0,0,0,0,0,0,0,0,5844,1,0,0,0,0,0,0,0,0
385,2017-04-17,09:03:36,0,SM705,XZCE,5844,5806,5868,6438,187894260,39352,39216,6306,5590,5948,5808,0,5848,0,0,0,2017-04-17,32616000,5844,5,0,0,0,0,0,0,0,0,5846,3,0,0,0,0,0,0,0,0
386,2017-04-17,09:03:37,0,SM705,XZCE,5844,5806,5868,6452,188303340,39348,39216,6306,5590,5948,5808,0,5848,0,0,0,2017-04-17,32617000,5842,2,0,0,0,0,0,0,0,0,5844,1,0,0,0,0,0,0,0,0
387,2017-04-17,09:03:38,0,SM705,XZCE,5844,5806,5868,6464,188653980,39344,39216,6306,5590,5948,5808,0,5848,0,0,0,2017-04-17,32618000,5840,2,0,0,0,0,0,0,0,0,5844,4,0,0,0,0,0,0,0,0
388,2017-04-17,09:03:38,0,SM705,XZCE,5844,5806,5868,6464,188653980,39344,39216,6306,5590,5948,5808,0,5848,0,0,0,2017-04-17,32618000,5840,2,0,0,0,0,0,0,0,0,5844,8,0,0,0,0,0,0,0,0
389,2017-04-17,09:03:39,0,SM705,XZCE,5840,5806,5868,6466,188712380,39344,39216,6306,5590,5948,5808,0,5848,0,0,0,2017-04-17,32619000,5840,2,0,0,0,0,0,0,0,0,5844,7,0,0,0,0,0,0,0,0
390,2017-04-17,09:03:40,0,SM705,XZCE,5840,5806,5868,6466,188712380,39344,39216,6306,5590,5948,5808,0,5848,0,0,0,2017-04-17,32620000,5840,2,0,0,0,0,0,0,0,0,5844,6,0,0,0,0,0,0,0,0
391,2017-04-17,09:03:40,0,SM705,XZCE,5840,5806,5868,6470,188829180,39344,39216,6306,5590,5948,5808,0,5848,0,0,0,2017-04-17,32620000,5838,11,0,0,0,0,0,0,0,0,5840,6,0,0,0,0,0,0,0,0
392,2017-04-17,09:03:41,0,SM705,XZCE,5840,5806,5868,6478,189062780,39344,39216,6306,5590,5948,5808,0,5848,0,0,0,2017-04-17,32621000,5838,9,0,0,0,0,0,0,0,0,5840,6,0,0,0,0,0,0,0,0
393,2017-04-17,09:03:41,0,SM705,XZCE,5838,5806,5868,6496,189588200,39352,39216,6306,5590,5948,5808,0,5848,0,0,0,2017-04-17,32621000,5836,4,0,0,0,0,0,0,0,0,5838,1,0,0,0,0,0,0,0,0
394,2017-04-17,09:03:42,0,SM705,XZCE,5838,5806,5868,6496,189588200,39352,39216,6306,5590,5948,5808,0,5848,0,0,0,2017-04-17,32622000,5836,4,0,0,0,0,0,0,0,0,5838,5,0,0,0,0,0,0,0,0
395,2017-04-17,09:03:42,0,SM705,XZCE,5836,5806,5868,6504,189821640,39354,39216,6306,5590,5948,5808,0,5848,0,0,0,2017-04-17,32622000,5834,2,0,0,0,0,0,0,0,0,5836,2,0,0,0,0,0,0,0,0
396,2017-04-17,09:03:43,0,SM705,XZCE,5836,5806,5868,6590,192331120,39410,39216,6306,5590,5948,5808,0,5848,0,0,0,2017-04-17,32623000,5836,1,0,0,0,0,0,0,0,0,5840,3,0,0,0,0,0,0,0,0
397,2017-04-17,09:03:43,0,SM705,XZCE,5834,5806,5868,6620,193206220,39402,39216,6306,5590,5948,5808,0,5848,0,0,0,2017-04-17,32623000,5832,4,0,0,0,0,0,0,0,0,5834,4,0,0,0,0,0,0,0,0
398,2017-04-17,09:03:44,0,SM705,XZCE,5834,5806,5868,6620,193206220,39402,39216,6306,5590,5948,5808,0,5848,0,0,0,2017-04-17,32624000,5832,5,0,0,0,0,0,0,0,0,5834,4,0,0,0,0,0,0,0,0
399,2017-04-17,09:03:45,0,SM705,XZCE,5832,5806,5868,6626,193381180,39402,39216,6306,5590,5948,5808,0,5848,0,0,0,2017-04-17,32625000,5832,2,0,0,0,0,0,0,0,0,5834,4,0,0,0,0,0,0,0,0
400,2017-04-17,09:03:45,0,SM705,XZCE,5834,5806,5868,6634,193614540,39400,39216,6306,5590,5948,5808,0,5848,0,0,0,2017-04-17,32625000,5830,15,0,0,0,0,0,0,0,0,5836,10,0,0,0,0,0,0,0,0
401,2017-04-17,09:03:46,0,SM705,XZCE,5834,5806,5868,6644,193906240,39406,39216,6306,5590,5948,5808,0,5848,0,0,0,2017-04-17,32626000,5830,15,0,0,0,0,0,0,0,0,5836,10,0,0,0,0,0,0,0,0
402,2017-04-17,09:03:46,0,SM705,XZCE,5834,5806,5868,6644,193906240,39406,39216,6306,5590,5948,5808,0,5848,0,0,0,2017-04-17,32626000,5834,1,0,0,0,0,0,0,0,0,5836,10,0,0,0,0,0,0,0,0
403,2017-04-17,09:03:46,0,SM705,XZCE,5834,5806,5868,6646,193964580,39406,39216,6306,5590,5948,5808,0,5848,0,0,0,2017-04-17,32626000,5830,15,0,0,0,0,0,0,0,0,5836,10,0,0,0,0,0,0,0,0
404,2017-04-17,09:03:48,0,SM705,XZCE,5834,5806,5868,6646,193964580,39406,39216,6306,5590,5948,5808,0,5848,0,0,0,2017-04-17,32628000,5830,15,0,0,0,0,0,0,0,0,5836,15,0,0,0,0,0,0,0,0
405,2017-04-17,09:03:49,0,SM705,XZCE,5830,5806,5868,6648,194022880,39406,39216,6306,5590,5948,5808,0,5848,0,0,0,2017-04-17,32629000,5830,14,0,0,0,0,0,0,0,0,5834,5,0,0,0,0,0,0,0,0
406,2017-04-17,09:03:49,0,SM705,XZCE,5834,5806,5868,6650,194081220,39406,39216,6306,5590,5948,5808,0,5848,0,0,0,2017-04-17,32629000,5830,14,0,0,0,0,0,0,0,0,5834,4,0,0,0,0,0,0,0,0
407,2017-04-17,09:03:50,0,SM705,XZCE,5830,5806,5868,6654,194197820,39406,39216,6306,5590,5948,5808,0,5848,0,0,0,2017-04-17,32630000,5830,13,0,0,0,0,0,0,0,0,5832,3,0,0,0,0,0,0,0,0
408,2017-04-17,09:03:51,0,SM705,XZCE,5830,5806,5868,6660,194372720,39406,39216,6306,5590,5948,5808,0,5848,0,0,0,2017-04-17,32631000,5830,10,0,0,0,0,0,0,0,0,5832,3,0,0,0,0,0,0,0,0
409,2017-04-17,09:03:52,0,SM705,XZCE,5830,5806,5868,6660,194372720,39406,39216,6306,5590,5948,5808,0,5848,0,0,0,2017-04-17,32632000,5830,10,0,0,0,0,0,0,0,0,5832,5,0,0,0,0,0,0,0,0
410,2017-04-17,09:03:52,0,SM705,XZCE,5830,5806,5868,6664,194489320,39410,39216,6306,5590,5948,5808,0,5848,0,0,0,2017-04-17,32632000,5830,8,0,0,0,0,0,0,0,0,5832,5,0,0,0,0,0,0,0,0
411,2017-04-17,09:03:52,0,SM705,XZCE,5830,5806,5868,6680,194955720,39416,39216,6306,5590,5948,5808,0,5848,0,0,0,2017-04-17,32632000,5828,7,0,0,0,0,0,0,0,0,5830,1,0,0,0,0,0,0,0,0
412,2017-04-17,09:03:53,0,SM705,XZCE,5830,5806,5868,6680,194955720,39416,39216,6306,5590,5948,5808,0,5848,0,0,0,2017-04-17,32633000,5828,7,0,0,0,0,0,0,0,0,5830,2,0,0,0,0,0,0,0,0
413,2017-04-17,09:03:54,0,SM705,XZCE,5828,5806,5868,6696,195421960,39432,39216,6306,5590,5948,5808,0,5848,0,0,0,2017-04-17,32634000,5826,4,0,0,0,0,0,0,0,0,5830,7,0,0,0,0,0,0,0,0
414,2017-04-17,09:03:55,0,SM705,XZCE,5826,5806,5868,6700,195538480,39430,39216,6306,5590,5948,5808,0,5848,0,0,0,2017-04-17,32635000,5824,1,0,0,0,0,0,0,0,0,5828,5,0,0,0,0,0,0,0,0
415,2017-04-17,09:03:55,0,SM705,XZCE,5826,5806,5868,6700,195538480,39430,39216,6306,5590,5948,5808,0,5848,0,0,0,2017-04-17,32635000,5824,1,0,0,0,0,0,0,0,0,5828,6,0,0,0,0,0,0,0,0
416,2017-04-17,09:03:56,0,SM705,XZCE,5826,5806,5868,6700,195538480,39430,39216,6306,5590,5948,5808,0,5848,0,0,0,2017-04-17,32636000,5824,1,0,0,0,0,0,0,0,0,5826,5,0,0,0,0,0,0,0,0
417,2017-04-17,09:03:56,0,SM705,XZCE,5824,5806,5868,6730,196412080,39444,39216,6306,5590,5948,5808,0,5848,0,0,0,2017-04-17,32636000,5820,4,0,0,0,0,0,0,0,0,5824,30,0,0,0,0,0,0,0,0
418,2017-04-17,09:03:57,0,SM705,XZCE,5822,5806,5868,6734,196528520,39440,39216,6306,5590,5948,5808,0,5848,0,0,0,2017-04-17,32637000,5820,4,0,0,0,0,0,0,0,0,5824,15,0,0,0,0,0,0,0,0
419,2017-04-17,09:03:57,0,SM705,XZCE,5820,5806,5868,6742,196761320,39438,39216,6306,5590,5948,5808,0,5848,0,0,0,2017-04-17,32637000,5818,5,0,0,0,0,0,0,0,0,5820,4,0,0,0,0,0,0,0,0
420,2017-04-17,09:03:58,0,SM705,XZCE,5812,5806,5868,6788,198098080,39432,39216,6306,5590,5948,5808,0,5848,0,0,0,2017-04-17,32638000,5814,5,0,0,0,0,0,0,0,0,5820,15,0,0,0,0,0,0,0,0
421,2017-04-17,09:03:58,0,SM705,XZCE,5812,5806,5868,6810,198737400,39424,39216,6306,5590,5948,5808,0,5848,0,0,0,2017-04-17,32638000,5812,1,0,0,0,0,0,0,0,0,5816,2,0,0,0,0,0,0,0,0
422,2017-04-17,09:03:59,0,SM705,XZCE,5814,5806,5868,6816,198911820,39424,39216,6306,5590,5948,5808,0,5848,0,0,0,2017-04-17,32639000,5810,14,0,0,0,0,0,0,0,0,5812,1,0,0,0,0,0,0,0,0
423,2017-04-17,09:03:59,0,SM705,XZCE,5814,5806,5868,6826,199202520,39424,39216,6306,5590,5948,5808,0,5848,0,0,0,2017-04-17,32639000,5810,138,0,0,0,0,0,0,0,0,5812,29,0,0,0,0,0,0,0,0
424,2017-04-17,09:04:00,0,SM705,XZCE,5814,5806,5868,6882,200830440,39418,39216,6306,5590,5948,5808,0,5848,0,0,0,2017-04-17,32640000,5812,2,0,0,0,0,0,0,0,0,5818,11,0,0,0,0,0,0,0,0
425,2017-04-17,09:04:00,0,SM705,XZCE,5810,5806,5868,6918,201876240,39416,39216,6306,5590,5948,5808,0,5848,0,0,0,2017-04-17,32640000,5810,114,0,0,0,0,0,0,0,0,5816,4,0,0,0,0,0,0,0,0
426,2017-04-17,09:04:01,0,SM705,XZCE,5812,5806,5868,6920,201934360,39416,39216,6306,5590,5948,5808,0,5848,0,0,0,2017-04-17,32641000,5812,1,0,0,0,0,0,0,0,0,5816,4,0,0,0,0,0,0,0,0
427,2017-04-17,09:04:01,0,SM705,XZCE,5812,5806,5868,6922,201992480,39418,39216,6306,5590,5948,5808,0,5848,0,0,0,2017-04-17,32641000,5812,2,0,0,0,0,0,0,0,0,5816,4,0,0,0,0,0,0,0,0
428,2017-04-17,09:04:02,0,SM705,XZCE,5814,5806,5868,6938,202457600,39424,39216,6306,5590,5948,5808,0,5848,0,0,0,2017-04-17,32642000,5812,2,0,0,0,0,0,0,0,0,5814,14,0,0,0,0,0,0,0,0
429,2017-04-17,09:04:02,0,SM705,XZCE,5810,5806,5868,6998,204200600,39438,39216,6306,5590,5948,5808,0,5848,0,0,0,2017-04-17,32642000,5810,99,0,0,0,0,0,0,0,0,5814,1,0,0,0,0,0,0,0,0
430,2017-04-17,09:04:03,0,SM705,XZCE,5812,5806,5868,7004,204374960,39444,39216,6306,5590,5948,5808,0,5848,0,0,0,2017-04-17,32643000,5810,101,0,0,0,0,0,0,0,0,5812,3,0,0,0,0,0,0,0,0
431,2017-04-17,09:04:03,0,SM705,XZCE,5812,5806,5868,7024,204956160,39454,39216,6306,5590,5948,5808,0,5848,0,0,0,2017-04-17,32643000,5810,101,0,0,0,0,0,0,0,0,5814,3,0,0,0,0,0,0,0,0
432,2017-04-17,09:04:04,0,SM705,XZCE,5810,5806,5868,7048,205653360,39478,39216,6306,5590,5948,5808,0,5848,0,0,0,2017-04-17,32644000,5810,89,0,0,0,0,0,0,0,0,5812,10,0,0,0,0,0,0,0,0
433,2017-04-17,09:04:04,0,SM705,XZCE,5810,5806,5868,7086,206757260,39488,39216,6306,5590,5948,5808,0,5848,0,0,0,2017-04-17,32644000,5810,81,0,0,0,0,0,0,0,0,5812,24,0,0,0,0,0,0,0,0
434,2017-04-17,09:04:05,0,SM705,XZCE,5810,5806,5868,7268,212044360,39566,39216,6306,5590,5948,5808,0,5848,0,0,0,2017-04-17,32645000,5804,8,0,0,0,0,0,0,0,0,5808,5,0,0,0,0,0,0,0,0
435,2017-04-17,09:04:05,0,SM705,XZCE,5802,5802,5868,7304,213088720,39580,39216,6306,5590,5948,5808,0,5848,0,0,0,2017-04-17,32645000,5804,1,0,0,0,0,0,0,0,0,5806,2,0,0,0,0,0,0,0,0
436,2017-04-17,09:04:06,0,SM705,XZCE,5806,5802,5868,7316,213437080,39580,39216,6306,5590,5948,5808,0,5848,0,0,0,2017-04-17,32646000,5804,1,0,0,0,0,0,0,0,0,5808,5,0,0,0,0,0,0,0,0
437,2017-04-17,09:04:06,0,SM705,XZCE,5806,5802,5868,7342,214191860,39592,39216,6306,5590,5948,5808,0,5848,0,0,0,2017-04-17,32646000,5802,9,0,0,0,0,0,0,0,0,5810,7,0,0,0,0,0,0,0,0
438,2017-04-17,09:04:07,0,SM705,XZCE,5806,5802,5868,7360,214714400,39608,39216,6306,5590,5948,5808,0,5848,0,0,0,2017-04-17,32647000,5804,2,0,0,0,0,0,0,0,0,5808,7,0,0,0,0,0,0,0,0
439,2017-04-17,09:04:07,0,SM705,XZCE,5808,5802,5868,7380,215295200,39600,39216,6306,5590,5948,5808,0,5848,0,0,0,2017-04-17,32647000,5804,2,0,0,0,0,0,0,0,0,5808,1,0,0,0,0,0,0,0,0
440,2017-04-17,09:04:08,0,SM705,XZCE,5808,5802,5868,7382,215353280,39600,39216,6306,5590,5948,5808,0,5848,0,0,0,2017-04-17,32648000,5806,18,0,0,0,0,0,0,0,0,5810,8,0,0,0,0,0,0,0,0
441,2017-04-17,09:04:08,0,SM705,XZCE,5806,5802,5868,7388,215527460,39604,39216,6306,5590,5948,5808,0,5848,0,0,0,2017-04-17,32648000,5806,15,0,0,0,0,0,0,0,0,5810,5,0,0,0,0,0,0,0,0
442,2017-04-17,09:04:09,0,SM705,XZCE,5810,5802,5868,7394,215701760,39606,39216,6306,5590,5948,5808,0,5848,0,0,0,2017-04-17,32649000,5808,3,0,0,0,0,0,0,0,0,5810,3,0,0,0,0,0,0,0,0
443,2017-04-17,09:04:09,0,SM705,XZCE,5808,5802,5868,7400,215876000,39606,39216,6306,5590,5948,5808,0,5848,0,0,0,2017-04-17,32649000,5808,3,0,0,0,0,0,0,0,0,5810,1,0,0,0,0,0,0,0,0
444,2017-04-17,09:04:10,0,SM705,XZCE,5806,5802,5868,7412,216224360,39608,39216,6306,5590,5948,5808,0,5848,0,0,0,2017-04-17,32650000,5808,6,0,0,0,0,0,0,0,0,5810,1,0,0,0,0,0,0,0,0
445,2017-04-17,09:04:10,0,SM705,XZCE,5808,5802,5868,7416,216340520,39608,39216,6306,5590,5948,5808,0,5848,0,0,0,2017-04-17,32650000,5808,5,0,0,0,0,0,0,0,0,5812,14,0,0,0,0,0,0,0,0
446,2017-04-17,09:04:11,0,SM705,XZCE,5806,5802,5868,7440,217037240,39620,39216,6306,5590,5948,5808,0,5848,0,0,0,2017-04-17,32651000,5806,6,0,0,0,0,0,0,0,0,5812,13,0,0,0,0,0,0,0,0
447,2017-04-17,09:04:12,0,SM705,XZCE,5806,5802,5868,7446,217211420,39614,39216,6306,5590,5948,5808,0,5848,0,0,0,2017-04-17,32652000,5810,22,0,0,0,0,0,0,0,0,5812,13,0,0,0,0,0,0,0,0
448,2017-04-17,09:04:12,0,SM705,XZCE,5806,5802,5868,7456,217501720,39614,39216,6306,5590,5948,5808,0,5848,0,0,0,2017-04-17,32652000,5810,17,0,0,0,0,0,0,0,0,5812,13,0,0,0,0,0,0,0,0
449,2017-04-17,09:04:13,0,SM705,XZCE,5812,5802,5868,7470,217908560,39628,39216,6306,5590,5948,5808,0,5848,0,0,0,2017-04-17,32653000,5810,17,0,0,0,0,0,0,0,0,5812,6,0,0,0,0,0,0,0,0
450,2017-04-17,09:04:14,0,SM705,XZCE,5812,5802,5868,7474,218024800,39632,39216,6306,5590,5948,5808,0,5848,0,0,0,2017-04-17,32654000,5810,16,0,0,0,0,0,0,0,0,5812,8,0,0,0,0,0,0,0,0
451,2017-04-17,09:04:14,0,SM705,XZCE,5812,5802,5868,7474,218024800,39632,39216,6306,5590,5948,5808,0,5848,0,0,0,2017-04-17,32654000,5810,16,0,0,0,0,0,0,0,0,5812,7,0,0,0,0,0,0,0,0
452,2017-04-17,09:04:15,0,SM705,XZCE,5812,5802,5868,7486,218373520,39620,39216,6306,5590,5948,5808,0,5848,0,0,0,2017-04-17,32655000,5812,6,0,0,0,0,0,0,0,0,5814,4,0,0,0,0,0,0,0,0
453,2017-04-17,09:04:15,0,SM705,XZCE,5812,5802,5868,7494,218606000,39620,39216,6306,5590,5948,5808,0,5848,0,0,0,2017-04-17,32655000,5812,2,0,0,0,0,0,0,0,0,5814,7,0,0,0,0,0,0,0,0
454,2017-04-17,09:04:16,0,SM705,XZCE,5814,5802,5868,7506,218954840,39620,39216,6306,5590,5948,5808,0,5848,0,0,0,2017-04-17,32656000,5812,3,0,0,0,0,0,0,0,0,5816,1,0,0,0,0,0,0,0,0
455,2017-04-17,09:04:16,0,SM705,XZCE,5810,5802,5868,7514,219187240,39622,39216,6306,5590,5948,5808,0,5848,0,0,0,2017-04-17,32656000,5810,19,0,0,0,0,0,0,0,0,5816,4,0,0,0,0,0,0,0,0
456,2017-04-17,09:04:17,0,SM705,XZCE,5818,5802,5868,7536,219827220,39616,39216,6306,5590,5948,5808,0,5848,0,0,0,2017-04-17,32657000,5812,20,0,0,0,0,0,0,0,0,5818,8,0,0,0,0,0,0,0,0
457,2017-04-17,09:04:17,0,SM705,XZCE,5814,5802,5868,7538,219885360,39618,39216,6306,5590,5948,5808,0,5848,0,0,0,2017-04-17,32657000,5812,24,0,0,0,0,0,0,0,0,5818,1,0,0,0,0,0,0,0,0
458,2017-04-17,09:04:18,0,SM705,XZCE,5818,5802,5868,7566,220699880,39632,39216,6306,5590,5948,5808,0,5848,0,0,0,2017-04-17,32658000,5818,3,0,0,0,0,0,0,0,0,5820,12,0,0,0,0,0,0,0,0
459,2017-04-17,09:04:18,0,SM705,XZCE,5820,5802,5868,7570,220816280,39636,39216,6306,5590,5948,5808,0,5848,0,0,0,2017-04-17,32658000,5818,3,0,0,0,0,0,0,0,0,5820,10,0,0,0,0,0,0,0,0
460,2017-04-17,09:04:19,0,SM705,XZCE,5820,5802,5868,7570,220816280,39636,39216,6306,5590,5948,5808,0,5848,0,0,0,2017-04-17,32659000,5818,5,0,0,0,0,0,0,0,0,5820,10,0,0,0,0,0,0,0,0
461,2017-04-17,09:04:19,0,SM705,XZCE,5812,5802,5868,7600,221688080,39664,39216,6306,5590,5948,5808,0,5848,0,0,0,2017-04-17,32659000,5812,14,0,0,0,0,0,0,0,0,5818,2,0,0,0,0,0,0,0,0
462,2017-04-17,09:04:20,0,SM705,XZCE,5812,5802,5868,7600,221688080,39664,39216,6306,5590,5948,5808,0,5848,0,0,0,2017-04-17,32660000,5812,14,0,0,0,0,0,0,0,0,5818,4,0,0,0,0,0,0,0,0
463,2017-04-17,09:04:20,0,SM705,XZCE,5818,5802,5868,7604,221804440,39664,39216,6306,5590,5948,5808,0,5848,0,0,0,2017-04-17,32660000,5812,14,0,0,0,0,0,0,0,0,5818,5,0,0,0,0,0,0,0,0
464,2017-04-17,09:04:21,0,SM705,XZCE,5818,5802,5868,7606,221862620,39664,39216,6306,5590,5948,5808,0,5848,0,0,0,2017-04-17,32661000,5812,14,0,0,0,0,0,0,0,0,5818,4,0,0,0,0,0,0,0,0
465,2017-04-17,09:04:21,0,SM705,XZCE,5818,5802,5868,7606,221862620,39664,39216,6306,5590,5948,5808,0,5848,0,0,0,2017-04-17,32661000,5812,15,0,0,0,0,0,0,0,0,5818,14,0,0,0,0,0,0,0,0
466,2017-04-17,09:04:22,0,SM705,XZCE,5818,5802,5868,7606,221862620,39664,39216,6306,5590,5948,5808,0,5848,0,0,0,2017-04-17,32662000,5812,15,0,0,0,0,0,0,0,0,5818,15,0,0,0,0,0,0,0,0
467,2017-04-17,09:04:22,0,SM705,XZCE,5812,5802,5868,7608,221920740,39664,39216,6306,5590,5948,5808,0,5848,0,0,0,2017-04-17,32662000,5812,14,0,0,0,0,0,0,0,0,5816,4,0,0,0,0,0,0,0,0
468,2017-04-17,09:04:22,0,SM705,XZCE,5812,5802,5868,7632,222618180,39660,39216,6306,5590,5948,5808,0,5848,0,0,0,2017-04-17,32662000,5812,12,0,0,0,0,0,0,0,0,5816,4,0,0,0,0,0,0,0,0
469,2017-04-17,09:04:23,0,SM705,XZCE,5816,5802,5868,7634,222676340,39660,39216,6306,5590,5948,5808,0,5848,0,0,0,2017-04-17,32663000,5812,12,0,0,0,0,0,0,0,0,5816,3,0,0,0,0,0,0,0,0
470,2017-04-17,09:04:24,0,SM705,XZCE,5816,5802,5868,7634,222676340,39660,39216,6306,5590,5948,5808,0,5848,0,0,0,2017-04-17,32664000,5812,12,0,0,0,0,0,0,0,0,5816,4,0,0,0,0,0,0,0,0
471,2017-04-17,09:04:24,0,SM705,XZCE,5816,5802,5868,7634,222676340,39660,39216,6306,5590,5948,5808,0,5848,0,0,0,2017-04-17,32664000,5812,12,0,0,0,0,0,0,0,0,5816,5,0,0,0,0,0,0,0,0
472,2017-04-17,09:04:24,0,SM705,XZCE,5816,5802,5868,7636,222734500,39660,39216,6306,5590,5948,5808,0,5848,0,0,0,2017-04-17,32664000,5812,12,0,0,0,0,0,0,0,0,5816,3,0,0,0,0,0,0,0,0
473,2017-04-17,09:04:25,0,SM705,XZCE,5816,5802,5868,7636,222734500,39660,39216,6306,5590,5948,5808,0,5848,0,0,0,2017-04-17,32665000,5812,12,0,0,0,0,0,0,0,0,5816,4,0,0,0,0,0,0,0,0
474,2017-04-17,09:04:26,0,SM705,XZCE,5816,5802,5868,7658,223374260,39668,39216,6306,5590,5948,5808,0,5848,0,0,0,2017-04-17,32666000,5812,11,0,0,0,0,0,0,0,0,5816,6,0,0,0,0,0,0,0,0
475,2017-04-17,09:04:26,0,SM705,XZCE,5816,5802,5868,7658,223374260,39668,39216,6306,5590,5948,5808,0,5848,0,0,0,2017-04-17,32666000,5814,1,0,0,0,0,0,0,0,0,5816,6,0,0,0,0,0,0,0,0
476,2017-04-17,09:04:27,0,SM705,XZCE,5814,5802,5868,7662,223490540,39666,39216,6306,5590,5948,5808,0,5848,0,0,0,2017-04-17,32667000,5814,1,0,0,0,0,0,0,0,0,5816,5,0,0,0,0,0,0,0,0
477,2017-04-17,09:04:28,0,SM705,XZCE,5812,5802,5868,7672,223781140,39676,39216,6306,5590,5948,5808,0,5848,0,0,0,2017-04-17,32668000,5812,8,0,0,0,0,0,0,0,0,5816,5,0,0,0,0,0,0,0,0
478,2017-04-17,09:04:28,0,SM705,XZCE,5816,5802,5868,7674,223839300,39676,39216,6306,5590,5948,5808,0,5848,0,0,0,2017-04-17,32668000,5812,8,0,0,0,0,0,0,0,0,5816,5,0,0,0,0,0,0,0,0
479,2017-04-17,09:04:29,0,SM705,XZCE,5816,5802,5868,7674,223839300,39676,39216,6306,5590,5948,5808,0,5848,0,0,0,2017-04-17,32669000,5814,1,0,0,0,0,0,0,0,0,5816,5,0,0,0,0,0,0,0,0
480,2017-04-17,09:04:30,0,SM705,XZCE,5816,5802,5868,7680,224013780,39676,39216,6306,5590,5948,5808,0,5848,0,0,0,2017-04-17,32670000,5814,2,0,0,0,0,0,0,0,0,5816,2,0,0,0,0,0,0,0,0
481,2017-04-17,09:04:30,0,SM705,XZCE,5814,5802,5868,7682,224071920,39676,39216,6306,5590,5948,5808,0,5848,0,0,0,2017-04-17,32670000,5814,1,0,0,0,0,0,0,0,0,5816,11,0,0,0,0,0,0,0,0
482,2017-04-17,09:04:31,0,SM705,XZCE,5816,5802,5868,7684,224130080,39678,39216,6306,5590,5948,5808,0,5848,0,0,0,2017-04-17,32671000,5814,2,0,0,0,0,0,0,0,0,5816,10,0,0,0,0,0,0,0,0
483,2017-04-17,09:04:31,0,SM705,XZCE,5816,5802,5868,7686,224188240,39678,39216,6306,5590,5948,5808,0,5848,0,0,0,2017-04-17,32671000,5814,2,0,0,0,0,0,0,0,0,5816,5,0,0,0,0,0,0,0,0
484,2017-04-17,09:04:32,0,SM705,XZCE,5816,5802,5868,7698,224537200,39688,39216,6306,5590,5948,5808,0,5848,0,0,0,2017-04-17,32672000,5814,2,0,0,0,0,0,0,0,0,5816,4,0,0,0,0,0,0,0,0
485,2017-04-17,09:04:32,0,SM705,XZCE,5814,5802,5868,7700,224595340,39688,39216,6306,5590,5948,5808,0,5848,0,0,0,2017-04-17,32672000,5814,1,0,0,0,0,0,0,0,0,5816,4,0,0,0,0,0,0,0,0
486,2017-04-17,09:04:33,0,SM705,XZCE,5816,5802,5868,7708,224827980,39688,39216,6306,5590,5948,5808,0,5848,0,0,0,2017-04-17,32673000,5816,1,0,0,0,0,0,0,0,0,5818,8,0,0,0,0,0,0,0,0
487,2017-04-17,09:04:34,0,SM705,XZCE,5814,5802,5868,7724,225293100,39700,39216,6306,5590,5948,5808,0,5848,0,0,0,2017-04-17,32674000,5812,8,0,0,0,0,0,0,0,0,5814,17,0,0,0,0,0,0,0,0
488,2017-04-17,09:04:34,0,SM705,XZCE,5814,5802,5868,7746,225932640,39712,39216,6306,5590,5948,5808,0,5848,0,0,0,2017-04-17,32674000,5812,8,0,0,0,0,0,0,0,0,5814,6,0,0,0,0,0,0,0,0
489,2017-04-17,09:04:34,0,SM705,XZCE,5814,5802,5868,7746,225932640,39712,39216,6306,5590,5948,5808,0,5848,0,0,0,2017-04-17,32674000,5812,11,0,0,0,0,0,0,0,0,5814,6,0,0,0,0,0,0,0,0
490,2017-04-17,09:04:35,0,SM705,XZCE,5814,5802,5868,7748,225990780,39712,39216,6306,5590,5948,5808,0,5848,0,0,0,2017-04-17,32675000,5812,11,0,0,0,0,0,0,0,0,5814,5,0,0,0,0,0,0,0,0
491,2017-04-17,09:04:37,0,SM705,XZCE,5816,5802,5868,7768,226572380,39724,39216,6306,5590,5948,5808,0,5848,0,0,0,2017-04-17,32677000,5812,11,0,0,0,0,0,0,0,0,5816,6,0,0,0,0,0,0,0,0
492,2017-04-17,09:04:37,0,SM705,XZCE,5816,5802,5868,7768,226572380,39724,39216,6306,5590,5948,5808,0,5848,0,0,0,2017-04-17,32677000,5812,11,0,0,0,0,0,0,0,0,5814,1,0,0,0,0,0,0,0,0
493,2017-04-17,09:04:38,0,SM705,XZCE,5812,5802,5868,7772,226688620,39724,39216,6306,5590,5948,5808,0,5848,0,0,0,2017-04-17,32678000,5812,9,0,0,0,0,0,0,0,0,5814,1,0,0,0,0,0,0,0,0
494,2017-04-17,09:04:38,0,SM705,XZCE,5814,5802,5868,7776,226804900,39724,39216,6306,5590,5948,5808,0,5848,0,0,0,2017-04-17,32678000,5814,1,0,0,0,0,0,0,0,0,5816,6,0,0,0,0,0,0,0,0
495,2017-04-17,09:04:40,0,SM705,XZCE,5810,5802,5868,7816,227966900,39714,39216,6306,5590,5948,5808,0,5848,0,0,0,2017-04-17,32680000,5810,6,0,0,0,0,0,0,0,0,5812,2,0,0,0,0,0,0,0,0
496,2017-04-17,09:04:41,0,SM705,XZCE,5810,5802,5868,7840,228664100,39730,39216,6306,5590,5948,5808,0,5848,0,0,0,2017-04-17,32681000,5808,10,0,0,0,0,0,0,0,0,5812,1,0,0,0,0,0,0,0,0
497,2017-04-17,09:04:41,0,SM705,XZCE,5810,5802,5868,7844,228780300,39734,39216,6306,5590,5948,5808,0,5848,0,0,0,2017-04-17,32681000,5808,9,0,0,0,0,0,0,0,0,5812,1,0,0,0,0,0,0,0,0
498,2017-04-17,09:04:43,0,SM705,XZCE,5810,5802,5868,7844,228780300,39734,39216,6306,5590,5948,5808,0,5848,0,0,0,2017-04-17,32683000,5808,9,0,0,0,0,0,0,0,0,5812,3,0,0,0,0,0,0,0,0
499,2017-04-17,09:04:44,0,SM705,XZCE,5810,5802,5868,7844,228780300,39734,39216,6306,5590,5948,5808,0,5848,0,0,0,2017-04-17,32684000,5808,9,0,0,0,0,0,0,0,0,5812,8,0,0,0,0,0,0,0,0
500,2017-04-17,09:04:44,0,SM705,XZCE,5808,5802,5868,7864,229361100,39752,39216,6306,5590,5948,5808,0,5848,0,0,0,2017-04-17,32684000,5806,9,0,0,0,0,0,0,0,0,5810,4,0,0,0,0,0,0,0,0
501,2017-04-17,09:04:45,0,SM705,XZCE,5804,5802,5868,7886,229999540,39768,39216,6306,5590,5948,5808,0,5848,0,0,0,2017-04-17,32685000,5802,10,0,0,0,0,0,0,0,0,5808,2,0,0,0,0,0,0,0,0
502,2017-04-17,09:04:45,0,SM705,XZCE,5804,5802,5868,7886,229999540,39768,39216,6306,5590,5948,5808,0,5848,0,0,0,2017-04-17,32685000,5802,10,0,0,0,0,0,0,0,0,5806,1,0,0,0,0,0,0,0,0
503,2017-04-17,09:04:46,0,SM705,XZCE,5802,5802,5868,7906,230579740,39776,39216,6306,5590,5948,5808,0,5848,0,0,0,2017-04-17,32686000,5802,3,0,0,0,0,0,0,0,0,5804,1,0,0,0,0,0,0,0,0
504,2017-04-17,09:04:46,0,SM705,XZCE,5802,5802,5868,7914,230811820,39784,39216,6306,5590,5948,5808,0,5848,0,0,0,2017-04-17,32686000,5800,131,0,0,0,0,0,0,0,0,5804,1,0,0,0,0,0,0,0,0
505,2017-04-17,09:04:47,0,SM705,XZCE,5804,5800,5868,7918,230927900,39786,39216,6306,5590,5948,5808,0,5848,0,0,0,2017-04-17,32687000,5800,128,0,0,0,0,0,0,0,0,5806,3,0,0,0,0,0,0,0,0
506,2017-04-17,09:04:47,0,SM705,XZCE,5804,5800,5868,7920,230985940,39786,39216,6306,5590,5948,5808,0,5848,0,0,0,2017-04-17,32687000,5800,128,0,0,0,0,0,0,0,0,5802,1,0,0,0,0,0,0,0,0
507,2017-04-17,09:04:48,0,SM705,XZCE,5804,5800,5868,7950,231856540,39758,39216,6306,5590,5948,5808,0,5848,0,0,0,2017-04-17,32688000,5802,1,0,0,0,0,0,0,0,0,5804,11,0,0,0,0,0,0,0,0
508,2017-04-17,09:04:48,0,SM705,XZCE,5800,5800,5868,7978,232668540,39762,39216,6306,5590,5948,5808,0,5848,0,0,0,2017-04-17,32688000,5800,114,0,0,0,0,0,0,0,0,5804,12,0,0,0,0,0,0,0,0
509,2017-04-17,09:04:49,0,SM705,XZCE,5800,5800,5868,7980,232726540,39762,39216,6306,5590,5948,5808,0,5848,0,0,0,2017-04-17,32689000,5800,113,0,0,0,0,0,0,0,0,5804,12,0,0,0,0,0,0,0,0
510,2017-04-17,09:04:49,0,SM705,XZCE,5800,5800,5868,8000,233306540,39750,39216,6306,5590,5948,5808,0,5848,0,0,0,2017-04-17,32689000,5800,109,0,0,0,0,0,0,0,0,5802,1,0,0,0,0,0,0,0,0
511,2017-04-17,09:04:50,0,SM705,XZCE,5800,5800,5868,8016,233770540,39766,39216,6306,5590,5948,5808,0,5848,0,0,0,2017-04-17,32690000,5800,101,0,0,0,0,0,0,0,0,5802,1,0,0,0,0,0,0,0,0
512,2017-04-17,09:04:50,0,SM705,XZCE,5800,5800,5868,8024,234002540,39774,39216,6306,5590,5948,5808,0,5848,0,0,0,2017-04-17,32690000,5800,97,0,0,0,0,0,0,0,0,5802,1,0,0,0,0,0,0,0,0
513,2017-04-17,09:04:51,0,SM705,XZCE,5800,5800,5868,8028,234118540,39778,39216,6306,5590,5948,5808,0,5848,0,0,0,2017-04-17,32691000,5800,95,0,0,0,0,0,0,0,0,5802,1,0,0,0,0,0,0,0,0
514,2017-04-17,09:04:51,0,SM705,XZCE,5800,5800,5868,8062,235104540,39780,39216,6306,5590,5948,5808,0,5848,0,0,0,2017-04-17,32691000,5800,89,0,0,0,0,0,0,0,0,5802,5,0,0,0,0,0,0,0,0
515,2017-04-17,09:04:52,0,SM705,XZCE,5800,5800,5868,8080,235626540,39786,39216,6306,5590,5948,5808,0,5848,0,0,0,2017-04-17,32692000,5800,80,0,0,0,0,0,0,0,0,5802,10,0,0,0,0,0,0,0,0
516,2017-04-17,09:04:52,0,SM705,XZCE,5800,5800,5868,8122,236844540,39826,39216,6306,5590,5948,5808,0,5848,0,0,0,2017-04-17,32692000,5800,59,0,0,0,0,0,0,0,0,5802,10,0,0,0,0,0,0,0,0
517,2017-04-17,09:04:53,0,SM705,XZCE,5800,5800,5868,8146,237540540,39840,39216,6306,5590,5948,5808,0,5848,0,0,0,2017-04-17,32693000,5800,48,0,0,0,0,0,0,0,0,5802,9,0,0,0,0,0,0,0,0
518,2017-04-17,09:04:53,0,SM705,XZCE,5800,5800,5868,8156,237830540,39848,39216,6306,5590,5948,5808,0,5848,0,0,0,2017-04-17,32693000,5800,44,0,0,0,0,0,0,0,0,5802,11,0,0,0,0,0,0,0,0
519,2017-04-17,09:04:54,0,SM705,XZCE,5794,5794,5868,8304,242118100,39920,39216,6306,5590,5948,5808,0,5848,0,0,0,2017-04-17,32694000,5794,12,0,0,0,0,0,0,0,0,5796,22,0,0,0,0,0,0,0,0
520,2017-04-17,09:04:54,0,SM705,XZCE,5792,5792,5868,8364,243855700,39934,39216,6306,5590,5948,5808,0,5848,0,0,0,2017-04-17,32694000,5790,24,0,0,0,0,0,0,0,0,5792,3,0,0,0,0,0,0,0,0
521,2017-04-17,09:04:55,0,SM705,XZCE,5798,5792,5868,8394,244725400,39926,39216,6306,5590,5948,5808,0,5848,0,0,0,2017-04-17,32695000,5794,8,0,0,0,0,0,0,0,0,5798,10,0,0,0,0,0,0,0,0
522,2017-04-17,09:04:55,0,SM705,XZCE,5798,5792,5868,8416,245363180,39930,39216,6306,5590,5948,5808,0,5848,0,0,0,2017-04-17,32695000,5798,12,0,0,0,0,0,0,0,0,5800,6,0,0,0,0,0,0,0,0
523,2017-04-17,09:04:56,0,SM705,XZCE,5798,5792,5868,8446,246232880,39934,39216,6306,5590,5948,5808,0,5848,0,0,0,2017-04-17,32696000,5796,4,0,0,0,0,0,0,0,0,5800,4,0,0,0,0,0,0,0,0
524,2017-04-17,09:04:56,0,SM705,XZCE,5798,5792,5868,8466,246812680,39948,39216,6306,5590,5948,5808,0,5848,0,0,0,2017-04-17,32696000,5798,7,0,0,0,0,0,0,0,0,5800,2,0,0,0,0,0,0,0,0
525,2017-04-17,09:04:57,0,SM705,XZCE,5800,5792,5868,8476,247102680,39948,39216,6306,5590,5948,5808,0,5848,0,0,0,2017-04-17,32697000,5800,2,0,0,0,0,0,0,0,0,5802,7,0,0,0,0,0,0,0,0
526,2017-04-17,09:04:57,0,SM705,XZCE,5800,5792,5868,8486,247392680,39950,39216,6306,5590,5948,5808,0,5848,0,0,0,2017-04-17,32697000,5798,5,0,0,0,0,0,0,0,0,5802,7,0,0,0,0,0,0,0,0
527,2017-04-17,09:04:57,0,SM705,XZCE,5798,5792,5868,8500,247798540,39950,39216,6306,5590,5948,5808,0,5848,0,0,0,2017-04-17,32697000,5794,8,0,0,0,0,0,0,0,0,5800,4,0,0,0,0,0,0,0,0
528,2017-04-17,09:04:58,0,SM705,XZCE,5798,5792,5868,8500,247798540,39950,39216,6306,5590,5948,5808,0,5848,0,0,0,2017-04-17,32698000,5794,8,0,0,0,0,0,0,0,0,5798,5,0,0,0,0,0,0,0,0
529,2017-04-17,09:04:59,0,SM705,XZCE,5798,5792,5868,8506,247972480,39952,39216,6306,5590,5948,5808,0,5848,0,0,0,2017-04-17,32699000,5796,6,0,0,0,0,0,0,0,0,5798,3,0,0,0,0,0,0,0,0
530,2017-04-17,09:04:59,0,SM705,XZCE,5798,5792,5868,8506,247972480,39952,39216,6306,5590,5948,5808,0,5848,0,0,0,2017-04-17,32699000,5794,8,0,0,0,0,0,0,0,0,5798,5,0,0,0,0,0,0,0,0
531,2017-04-17,09:05:00,0,SM705,XZCE,5798,5792,5868,8512,248146420,39956,39216,6306,5590,5948,5808,0,5848,0,0,0,2017-04-17,32700000,5794,6,0,0,0,0,0,0,0,0,5798,4,0,0,0,0,0,0,0,0
532,2017-04-17,09:05:00,0,SM705,XZCE,5790,5790,5868,8626,251446720,39970,39216,6306,5590,5948,5808,0,5848,0,0,0,2017-04-17,32700000,5790,25,0,0,0,0,0,0,0,0,5792,104,0,0,0,0,0,0,0,0
533,2017-04-17,09:05:01,0,SM705,XZCE,5790,5790,5868,8716,254052220,39908,39216,6306,5590,5948,5808,0,5848,0,0,0,2017-04-17,32701000,5790,23,0,0,0,0,0,0,0,0,5792,62,0,0,0,0,0,0,0,0
534,2017-04-17,09:05:01,0,SM705,XZCE,5790,5790,5868,8764,255441820,39944,39216,6306,5590,5948,5808,0,5848,0,0,0,2017-04-17,32701000,5790,2,0,0,0,0,0,0,0,0,5792,62,0,0,0,0,0,0,0,0
535,2017-04-17,09:05:02,0,SM705,XZCE,5792,5788,5868,8780,255905180,39942,39216,6306,5590,5948,5808,0,5848,0,0,0,2017-04-17,32702000,5788,18,0,0,0,0,0,0,0,0,5792,59,0,0,0,0,0,0,0,0
536,2017-04-17,09:05:02,0,SM705,XZCE,5788,5788,5868,8836,257525820,39954,39216,6306,5590,5948,5808,0,5848,0,0,0,2017-04-17,32702000,5788,12,0,0,0,0,0,0,0,0,5792,38,0,0,0,0,0,0,0,0
537,2017-04-17,09:05:03,0,SM705,XZCE,5790,5788,5868,8842,257699520,39950,39216,6306,5590,5948,5808,0,5848,0,0,0,2017-04-17,32703000,5790,1,0,0,0,0,0,0,0,0,5792,37,0,0,0,0,0,0,0,0
538,2017-04-17,09:05:03,0,SM705,XZCE,5792,5788,5868,8880,258800000,39930,39216,6306,5590,5948,5808,0,5848,0,0,0,2017-04-17,32703000,5790,2,0,0,0,0,0,0,0,0,5792,21,0,0,0,0,0,0,0,0
539,2017-04-17,09:05:04,0,SM705,XZCE,5790,5788,5868,8886,258973700,39930,39216,6306,5590,5948,5808,0,5848,0,0,0,2017-04-17,32704000,5788,8,0,0,0,0,0,0,0,0,5790,10,0,0,0,0,0,0,0,0
540,2017-04-17,09:05:04,0,SM705,XZCE,5792,5788,5868,8918,259900420,39914,39216,6306,5590,5948,5808,0,5848,0,0,0,2017-04-17,32704000,5790,29,0,0,0,0,0,0,0,0,5792,45,0,0,0,0,0,0,0,0
541,2017-04-17,09:05:05,0,SM705,XZCE,5790,5788,5868,8934,260363620,39914,39216,6306,5590,5948,5808,0,5848,0,0,0,2017-04-17,32705000,5790,21,0,0,0,0,0,0,0,0,5792,45,0,0,0,0,0,0,0,0
542,2017-04-17,09:05:05,0,SM705,XZCE,5792,5788,5868,8990,261985380,39912,39216,6306,5590,5948,5808,0,5848,0,0,0,2017-04-17,32705000,5788,5,0,0,0,0,0,0,0,0,5792,21,0,0,0,0,0,0,0,0
543,2017-04-17,09:05:06,0,SM705,XZCE,5792,5788,5868,8996,262159140,39906,39216,6306,5590,5948,5808,0,5848,0,0,0,2017-04-17,32706000,5790,10,0,0,0,0,0,0,0,0,5792,18,0,0,0,0,0,0,0,0
544,2017-04-17,09:05:06,0,SM705,XZCE,5790,5788,5868,9018,262796040,39912,39216,6306,5590,5948,5808,0,5848,0,0,0,2017-04-17,32706000,5790,1,0,0,0,0,0,0,0,0,5792,18,0,0,0,0,0,0,0,0
545,2017-04-17,09:05:07,0,SM705,XZCE,5792,5786,5868,9124,265865800,39872,39216,6306,5590,5948,5808,0,5848,0,0,0,2017-04-17,32707000,5786,7,0,0,0,0,0,0,0,0,5788,1,0,0,0,0,0,0,0,0
546,2017-04-17,09:05:07,0,SM705,XZCE,5790,5786,5868,9150,266618500,39850,39216,6306,5590,5948,5808,0,5848,0,0,0,2017-04-17,32707000,5788,1,0,0,0,0,0,0,0,0,5790,1,0,0,0,0,0,0,0,0
547,2017-04-17,09:05:08,0,SM705,XZCE,5790,5786,5868,9170,267197500,39860,39216,6306,5590,5948,5808,0,5848,0,0,0,2017-04-17,32708000,5786,3,0,0,0,0,0,0,0,0,5788,23,0,0,0,0,0,0,0,0
548,2017-04-17,09:05:08,0,SM705,XZCE,5790,5786,5868,9260,269803000,39850,39216,6306,5590,5948,5808,0,5848,0,0,0,2017-04-17,32708000,5788,2,0,0,0,0,0,0,0,0,5790,1,0,0,0,0,0,0,0,0
549,2017-04-17,09:05:08,0,SM705,XZCE,5790,5786,5868,9260,269803000,39850,39216,6306,5590,5948,5808,0,5848,0,0,0,2017-04-17,32708000,5788,2,0,0,0,0,0,0,0,0,5790,2,0,0,0,0,0,0,0,0
550,2017-04-17,09:05:09,0,SM705,XZCE,5788,5786,5868,9276,270266040,39858,39216,6306,5590,5948,5808,0,5848,0,0,0,2017-04-17,32709000,5786,3,0,0,0,0,0,0,0,0,5788,5,0,0,0,0,0,0,0,0
551,2017-04-17,09:05:10,0,SM705,XZCE,5786,5786,5868,9280,270381760,39860,39216,6306,5590,5948,5808,0,5848,0,0,0,2017-04-17,32710000,5786,14,0,0,0,0,0,0,0,0,5788,4,0,0,0,0,0,0,0,0
552,2017-04-17,09:05:10,0,SM705,XZCE,5786,5780,5868,9380,273274760,39918,39216,6306,5590,5948,5808,0,5848,0,0,0,2017-04-17,32710000,5782,11,0,0,0,0,0,0,0,0,5786,5,0,0,0,0,0,0,0,0
553,2017-04-17,09:05:10,0,SM705,XZCE,5786,5780,5868,9382,273332620,39920,39216,6306,5590,5948,5808,0,5848,0,0,0,2017-04-17,32710000,5782,12,0,0,0,0,0,0,0,0,5786,5,0,0,0,0,0,0,0,0
554,2017-04-17,09:05:11,0,SM705,XZCE,5782,5780,5868,9422,274489020,39932,39216,6306,5590,5948,5808,0,5848,0,0,0,2017-04-17,32711000,5782,1,0,0,0,0,0,0,0,0,5786,2,0,0,0,0,0,0,0,0
555,2017-04-17,09:05:12,0,SM705,XZCE,5780,5780,5868,9440,275009220,39934,39216,6306,5590,5948,5808,0,5848,0,0,0,2017-04-17,32712000,5780,52,0,0,0,0,0,0,0,0,5782,10,0,0,0,0,0,0,0,0
556,2017-04-17,09:05:12,0,SM705,XZCE,5782,5780,5868,9464,275703060,39944,39216,6306,5590,5948,5808,0,5848,0,0,0,2017-04-17,32712000,5780,50,0,0,0,0,0,0,0,0,5782,8,0,0,0,0,0,0,0,0
557,2017-04-17,09:05:13,0,SM705,XZCE,5782,5780,5868,9480,276165620,39952,39216,6306,5590,5948,5808,0,5848,0,0,0,2017-04-17,32713000,5780,48,0,0,0,0,0,0,0,0,5782,3,0,0,0,0,0,0,0,0
