,dataDate,dataTime,dataMillisec,instrumentID,exchangeCD,lastPrice,lowPrice,highPrice,volume,value,openInterest,preOpenInterest,upperLimitPrice,lowerLimitPrice,preSettlementPrice,prevClosePrice,settlementPrice,openPrice,closePrice,preDelta,currDelta,clearingDay,milliSecOffset,bidPrice1,bidVolume1,bidPrice2,bidVolume2,bidPrice3,bidVolume3,bidPrice4,bidVolume4,bidPrice5,bidVolume5,askPrice1,askVolume1,askPrice2,askVolume2,askPrice3,askVolume3,askPrice4,askVolume4,askPrice5,askVolume5
0,2017-04-17,09:00:00,0,SR709,XZCE,6750,6720,6760,136588,9175880000,617672,614746,7009,6469,6739,6724,0,6729,0,0,0,2017-04-17,32400000,6749,42,0,0,0,0,0,0,0,0,6750,57,0,0,0,0,0,0,0,0
1,2017-04-17,09:00:00,0,SR709,XZCE,6741,6720,6760,137402,9230751740,617346,614746,7009,6469,6739,6724,0,6729,0,0,0,2017-04-17,32400000,6738,6,0,0,0,0,0,0,0,0,6740,23,0,0,0,0,0,0,0,0
2,2017-04-17,09:00:01,0,SR709,XZCE,6740,6720,6760,137770,9255554940,617098,614746,7009,6469,6739,6724,0,6729,0,0,0,2017-04-17,32401000,6739,16,0,0,0,0,0,0,0,0,6740,2,0,0,0,0,0,0,0,0
3,2017-04-17,09:00:01,0,SR709,XZCE,6741,6720,6760,137996,9270789600,616968,614746,7009,6469,6739,6724,0,6729,0,0,0,2017-04-17,32401000,6738,12,0,0,0,0,0,0,0,0,6741,33,0,0,0,0,0,0,0,0
4,2017-04-17,09:00:02,0,SR709,XZCE,6741,6720,6760,138100,9277800240,616960,614746,7009,6469,6739,6724,0,6729,0,0,0,2017-04-17,32402000,6738,4,0,0,0,0,0,0,0,0,6740,5,0,0,0,0,0,0,0,0
5,2017-04-17,09:00:02,0,SR709,XZCE,6741,6720,6760,138182,9283327860,616950,614746,7009,6469,6739,6724,0,6729,0,0,0,2017-04-17,32402000,6739,9,0,0,0,0,0,0,0,0,6741,2,0,0,0,0,0,0,0,0
6,2017-04-17,09:00:03,0,SR709,XZCE,6741,6720,6760,138612,9312314160,617104,614746,7009,6469,6739,6724,0,6729,0,0,0,2017-04-17,32403000,6741,56,0,0,0,0,0,0,0,0,6742,62,0,0,0,0,0,0,0,0
7,2017-04-17,09:00:03,0,SR709,XZCE,6742,6720,6760,138796,9324719440,617238,614746,7009,6469,6739,6724,0,6729,0,0,0,2017-04-17,32403000,6741,111,0,0,0,0,0,0,0,0,6742,77,0,0,0,0,0,0,0,0
8,2017-04-17,09:00:04,0,SR709,XZCE,6742,6720,6760,138814,9325933000,617232,614746,7009,6469,6739,6724,0,6729,0,0,0,2017-04-17,32404000,6741,130,0,0,0,0,0,0,0,0,6742,68,0,0,0,0,0,0,0,0
9,2017-04-17,09:00:04,0,SR709,XZCE,6741,6720,6760,138826,9326741920,617238,614746,7009,6469,6739,6724,0,6729,0,0,0,2017-04-17,32404000,6741,130,0,0,0,0,0,0,0,0,6742,69,0,0,0,0,0,0,0,0
10,2017-04-17,09:00:05,0,SR709,XZCE,6741,6720,6760,138862,9329168680,617238,614746,7009,6469,6739,6724,0,6729,0,0,0,2017-04-17,32405000,6741,128,0,0,0,0,0,0,0,0,6742,54,0,0,0,0,0,0,0,0
11,2017-04-17,09:00:05,0,SR709,XZCE,6742,6720,6760,138872,9329842880,617234,614746,7009,6469,6739,6724,0,6729,0,0,0,2017-04-17,32405000,6741,128,0,0,0,0,0,0,0,0,6742,50,0,0,0,0,0,0,0,0
12,2017-04-17,09:00:06,0,SR709,XZCE,6742,6720,6760,138972,9336584880,617246,614746,7009,6469,6739,6724,0,6729,0,0,0,2017-04-17,32406000,6741,128,0,0,0,0,0,0,0,0,6742,4,0,0,0,0,0,0,0,0
13,2017-04-17,09:00:06,0,SR709,XZCE,6742,6720,6760,139016,9339551360,617236,614746,7009,6469,6739,6724,0,6729,0,0,0,2017-04-17,32406000,6741,118,0,0,0,0,0,0,0,0,6743,114,0,0,0,0,0,0,0,0
14,2017-04-17,09:00:07,0,SR709,XZCE,6743,6720,6760,139028,9340360520,617236,614746,7009,6469,6739,6724,0,6729,0,0,0,2017-04-17,32407000,6741,113,0,0,0,0,0,0,0,0,6743,109,0,0,0,0,0,0,0,0
15,2017-04-17,09:00:07,0,SR709,XZCE,6741,6720,6760,139090,9344539940,617234,614746,7009,6469,6739,6724,0,6729,0,0,0,2017-04-17,32407000,6741,108,0,0,0,0,0,0,0,0,6742,1,0,0,0,0,0,0,0,0
16,2017-04-17,09:00:08,0,SR709,XZCE,6742,6720,6760,139152,9348719980,617276,614746,7009,6469,6739,6724,0,6729,0,0,0,2017-04-17,32408000,6742,1,0,0,0,0,0,0,0,0,6743,99,0,0,0,0,0,0,0,0
17,2017-04-17,09:00:08,0,SR709,XZCE,6742,6720,6760,139194,9351551620,617264,614746,7009,6469,6739,6724,0,6729,0,0,0,2017-04-17,32408000,6742,9,0,0,0,0,0,0,0,0,6743,80,0,0,0,0,0,0,0,0
18,2017-04-17,09:00:09,0,SR709,XZCE,6742,6720,6760,139348,9361934300,617294,614746,7009,6469,6739,6724,0,6729,0,0,0,2017-04-17,32409000,6742,11,0,0,0,0,0,0,0,0,6743,28,0,0,0,0,0,0,0,0
19,2017-04-17,09:00:09,0,SR709,XZCE,6741,6720,6760,139622,9380404640,617474,614746,7009,6469,6739,6724,0,6729,0,0,0,2017-04-17,32409000,6741,51,0,0,0,0,0,0,0,0,6743,4,0,0,0,0,0,0,0,0
20,2017-04-17,09:00:10,0,SR709,XZCE,6741,6720,6760,139796,9392133980,617478,614746,7009,6469,6739,6724,0,6729,0,0,0,2017-04-17,32410000,6740,154,0,0,0,0,0,0,0,0,6741,34,0,0,0,0,0,0,0,0
21,2017-04-17,09:00:10,0,SR709,XZCE,6741,6720,6760,139952,9402649940,617362,614746,7009,6469,6739,6724,0,6729,0,0,0,2017-04-17,32410000,6741,9,0,0,0,0,0,0,0,0,6742,15,0,0,0,0,0,0,0,0
22,2017-04-17,09:00:11,0,SR709,XZCE,6742,6720,6760,140016,9406964820,617396,614746,7009,6469,6739,6724,0,6729,0,0,0,2017-04-17,32411000,6741,25,0,0,0,0,0,0,0,0,6743,45,0,0,0,0,0,0,0,0
23,2017-04-17,09:00:11,0,SR709,XZCE,6743,6720,6760,140044,9408852860,617408,614746,7009,6469,6739,6724,0,6729,0,0,0,2017-04-17,32411000,6742,1,0,0,0,0,0,0,0,0,6743,34,0,0,0,0,0,0,0,0
24,2017-04-17,09:00:12,0,SR709,XZCE,6744,6720,6760,140140,9415327100,617454,614746,7009,6469,6739,6724,0,6729,0,0,0,2017-04-17,32412000,6742,9,0,0,0,0,0,0,0,0,6744,100,0,0,0,0,0,0,0,0
25,2017-04-17,09:00:12,0,SR709,XZCE,6741,6720,6760,140242,9422202920,617500,614746,7009,6469,6739,6724,0,6729,0,0,0,2017-04-17,32412000,6740,167,0,0,0,0,0,0,0,0,6741,62,0,0,0,0,0,0,0,0
26,2017-04-17,09:00:13,0,SR709,XZCE,6741,6720,6760,140264,9423685940,617512,614746,7009,6469,6739,6724,0,6729,0,0,0,2017-04-17,32413000,6740,167,0,0,0,0,0,0,0,0,6741,51,0,0,0,0,0,0,0,0
27,2017-04-17,09:00:13,0,SR709,XZCE,6741,6720,6760,140368,9430696580,617584,614746,7009,6469,6739,6724,0,6729,0,0,0,2017-04-17,32413000,6741,44,0,0,0,0,0,0,0,0,6742,14,0,0,0,0,0,0,0,0
28,2017-04-17,09:00:14,0,SR709,XZCE,6742,6720,6760,140388,9432044980,617586,614746,7009,6469,6739,6724,0,6729,0,0,0,2017-04-17,32414000,6742,4,0,0,0,0,0,0,0,0,6743,20,0,0,0,0,0,0,0,0
29,2017-04-17,09:00:14,0,SR709,XZCE,6742,6720,6760,140432,9435011460,617610,614746,7009,6469,6739,6724,0,6729,0,0,0,2017-04-17,32414000,6741,41,0,0,0,0,0,0,0,0,6743,16,0,0,0,0,0,0,0,0
30,2017-04-17,09:00:15,0,SR709,XZCE,6742,6720,6760,140448,9436090180,617610,614746,7009,6469,6739,6724,0,6729,0,0,0,2017-04-17,32415000,6742,1,0,0,0,0,0,0,0,0,6743,15,0,0,0,0,0,0,0,0
31,2017-04-17,09:00:15,0,SR709,XZCE,6742,6720,6760,140462,9437034060,617608,614746,7009,6469,6739,6724,0,6729,0,0,0,2017-04-17,32415000,6742,13,0,0,0,0,0,0,0,0,6743,18,0,0,0,0,0,0,0,0
32,2017-04-17,09:00:16,0,SR709,XZCE,6742,6720,6760,140494,9439191500,617630,614746,7009,6469,6739,6724,0,6729,0,0,0,2017-04-17,32416000,6742,2,0,0,0,0,0,0,0,0,6743,17,0,0,0,0,0,0,0,0
33,2017-04-17,09:00:16,0,SR709,XZCE,6742,6720,6760,140508,9440135380,617634,614746,7009,6469,6739,6724,0,6729,0,0,0,2017-04-17,32416000,6741,43,0,0,0,0,0,0,0,0,6743,17,0,0,0,0,0,0,0,0
34,2017-04-17,09:00:17,0,SR709,XZCE,6742,6720,6760,140520,9440944420,617640,614746,7009,6469,6739,6724,0,6729,0,0,0,2017-04-17,32417000,6741,41,0,0,0,0,0,0,0,0,6742,1,0,0,0,0,0,0,0,0
35,2017-04-17,09:00:17,0,SR709,XZCE,6743,6720,6760,140526,9441349000,617640,614746,7009,6469,6739,6724,0,6729,0,0,0,2017-04-17,32417000,6741,41,0,0,0,0,0,0,0,0,6743,15,0,0,0,0,0,0,0,0
36,2017-04-17,09:00:18,0,SR709,XZCE,6742,6720,6760,140532,9441753520,617640,614746,7009,6469,6739,6724,0,6729,0,0,0,2017-04-17,32418000,6741,42,0,0,0,0,0,0,0,0,6743,17,0,0,0,0,0,0,0,0
37,2017-04-17,09:00:18,0,SR709,XZCE,6742,6720,6760,140536,9442023200,617640,614746,7009,6469,6739,6724,0,6729,0,0,0,2017-04-17,32418000,6741,39,0,0,0,0,0,0,0,0,6742,2,0,0,0,0,0,0,0,0
38,2017-04-17,09:00:19,0,SR709,XZCE,6742,6720,6760,140538,9442158040,617640,614746,7009,6469,6739,6724,0,6729,0,0,0,2017-04-17,32419000,6741,46,0,0,0,0,0,0,0,0,6742,1,0,0,0,0,0,0,0,0
39,2017-04-17,09:00:19,0,SR709,XZCE,6740,6720,6760,140762,9457255640,617636,614746,7009,6469,6739,6724,0,6729,0,0,0,2017-04-17,32419000,6740,109,0,0,0,0,0,0,0,0,6742,17,0,0,0,0,0,0,0,0
40,2017-04-17,09:00:20,0,SR709,XZCE,6741,6720,6760,140774,9458064560,617646,614746,7009,6469,6739,6724,0,6729,0,0,0,2017-04-17,32420000,6740,115,0,0,0,0,0,0,0,0,6741,36,0,0,0,0,0,0,0,0
41,2017-04-17,09:00:20,0,SR709,XZCE,6740,6720,6760,140798,9459682160,617650,614746,7009,6469,6739,6724,0,6729,0,0,0,2017-04-17,32420000,6740,114,0,0,0,0,0,0,0,0,6741,31,0,0,0,0,0,0,0,0
42,2017-04-17,09:00:21,0,SR709,XZCE,6740,6720,6760,140816,9460895360,617652,614746,7009,6469,6739,6724,0,6729,0,0,0,2017-04-17,32421000,6740,108,0,0,0,0,0,0,0,0,6741,30,0,0,0,0,0,0,0,0
43,2017-04-17,09:00:21,0,SR709,XZCE,6740,6720,6760,140820,9461164960,617656,614746,7009,6469,6739,6724,0,6729,0,0,0,2017-04-17,32421000,6740,107,0,0,0,0,0,0,0,0,6741,32,0,0,0,0,0,0,0,0
44,2017-04-17,09:00:22,0,SR709,XZCE,6740,6720,6760,140824,9461434560,617658,614746,7009,6469,6739,6724,0,6729,0,0,0,2017-04-17,32422000,6740,105,0,0,0,0,0,0,0,0,6741,32,0,0,0,0,0,0,0,0
45,2017-04-17,09:00:22,0,SR709,XZCE,6741,6720,6760,140922,9468040740,617734,614746,7009,6469,6739,6724,0,6729,0,0,0,2017-04-17,32422000,6740,58,0,0,0,0,0,0,0,0,6741,31,0,0,0,0,0,0,0,0
46,2017-04-17,09:00:23,0,SR709,XZCE,6740,6720,6760,141090,9479363940,617726,614746,7009,6469,6739,6724,0,6729,0,0,0,2017-04-17,32423000,6740,65,0,0,0,0,0,0,0,0,6741,31,0,0,0,0,0,0,0,0
47,2017-04-17,09:00:23,0,SR709,XZCE,6739,6720,6760,141280,9492168040,617842,614746,7009,6469,6739,6724,0,6729,0,0,0,2017-04-17,32423000,6738,29,0,0,0,0,0,0,0,0,6740,13,0,0,0,0,0,0,0,0
48,2017-04-17,09:00:24,0,SR709,XZCE,6739,6720,6760,141284,9492437600,617838,614746,7009,6469,6739,6724,0,6729,0,0,0,2017-04-17,32424000,6738,37,0,0,0,0,0,0,0,0,6740,14,0,0,0,0,0,0,0,0
49,2017-04-17,09:00:24,0,SR709,XZCE,6741,6720,6760,141318,9494729540,617820,614746,7009,6469,6739,6724,0,6729,0,0,0,2017-04-17,32424000,6739,9,0,0,0,0,0,0,0,0,6741,33,0,0,0,0,0,0,0,0
50,2017-04-17,09:00:25,0,SR709,XZCE,6739,6720,6760,141336,9495942560,617822,614746,7009,6469,6739,6724,0,6729,0,0,0,2017-04-17,32425000,6739,12,0,0,0,0,0,0,0,0,6741,31,0,0,0,0,0,0,0,0
51,2017-04-17,09:00:25,0,SR709,XZCE,6739,6720,6760,141344,9496481680,617826,614746,7009,6469,6739,6724,0,6729,0,0,0,2017-04-17,32425000,6739,20,0,0,0,0,0,0,0,0,6741,29,0,0,0,0,0,0,0,0
52,2017-04-17,09:00:26,0,SR709,XZCE,6740,6720,6760,141388,9499447280,617788,614746,7009,6469,6739,6724,0,6729,0,0,0,2017-04-17,32426000,6739,5,0,0,0,0,0,0,0,0,6740,10,0,0,0,0,0,0,0,0
53,2017-04-17,09:00:26,0,SR709,XZCE,6740,6720,6760,141408,9500795280,617770,614746,7009,6469,6739,6724,0,6729,0,0,0,2017-04-17,32426000,6739,19,0,0,0,0,0,0,0,0,6740,1,0,0,0,0,0,0,0,0
54,2017-04-17,09:00:27,0,SR709,XZCE,6740,6720,6760,141436,9502682480,617780,614746,7009,6469,6739,6724,0,6729,0,0,0,2017-04-17,32427000,6739,24,0,0,0,0,0,0,0,0,6741,49,0,0,0,0,0,0,0,0
55,2017-04-17,09:00:27,0,SR709,XZCE,6741,6720,6760,141438,9502817300,617782,614746,7009,6469,6739,6724,0,6729,0,0,0,2017-04-17,32427000,6739,40,0,0,0,0,0,0,0,0,6741,48,0,0,0,0,0,0,0,0
56,2017-04-17,09:00:28,0,SR709,XZCE,6741,6720,6760,141442,9503086940,617786,614746,7009,6469,6739,6724,0,6729,0,0,0,2017-04-17,32428000,6739,40,0,0,0,0,0,0,0,0,6741,46,0,0,0,0,0,0,0,0
57,2017-04-17,09:00:28,0,SR709,XZCE,6739,6720,6760,141456,9504030400,617794,614746,7009,6469,6739,6724,0,6729,0,0,0,2017-04-17,32428000,6740,1,0,0,0,0,0,0,0,0,6741,41,0,0,0,0,0,0,0,0
58,2017-04-17,09:00:29,0,SR709,XZCE,6741,6720,6760,141488,9506187520,617780,614746,7009,6469,6739,6724,0,6729,0,0,0,2017-04-17,32429000,6740,1,0,0,0,0,0,0,0,0,6741,25,0,0,0,0,0,0,0,0
59,2017-04-17,09:00:29,0,SR709,XZCE,6739,6720,6760,141494,9506591860,617784,614746,7009,6469,6739,6724,0,6729,0,0,0,2017-04-17,32429000,6739,36,0,0,0,0,0,0,0,0,6741,35,0,0,0,0,0,0,0,0
60,2017-04-17,09:00:30,0,SR709,XZCE,6739,6720,6760,141512,9507804880,617784,614746,7009,6469,6739,6724,0,6729,0,0,0,2017-04-17,32430000,6739,34,0,0,0,0,0,0,0,0,6740,4,0,0,0,0,0,0,0,0
61,2017-04-17,09:00:30,0,SR709,XZCE,6739,6720,6760,141514,9507939660,617784,614746,7009,6469,6739,6724,0,6729,0,0,0,2017-04-17,32430000,6739,34,0,0,0,0,0,0,0,0,6740,4,0,0,0,0,0,0,0,0
62,2017-04-17,09:00:31,0,SR709,XZCE,6739,6720,6760,141520,9508344000,617780,614746,7009,6469,6739,6724,0,6729,0,0,0,2017-04-17,32431000,6739,39,0,0,0,0,0,0,0,0,6740,4,0,0,0,0,0,0,0,0
63,2017-04-17,09:00:31,0,SR709,XZCE,6739,6720,6760,141522,9508478780,617778,614746,7009,6469,6739,6724,0,6729,0,0,0,2017-04-17,32431000,6739,38,0,0,0,0,0,0,0,0,6740,4,0,0,0,0,0,0,0,0
64,2017-04-17,09:00:32,0,SR709,XZCE,6741,6720,6760,141738,9523039340,617952,614746,7009,6469,6739,6724,0,6729,0,0,0,2017-04-17,32432000,6741,1,0,0,0,0,0,0,0,0,6742,126,0,0,0,0,0,0,0,0
65,2017-04-17,09:00:32,0,SR709,XZCE,6740,6720,6760,141750,9523848140,617962,614746,7009,6469,6739,6724,0,6729,0,0,0,2017-04-17,32432000,6740,170,0,0,0,0,0,0,0,0,6741,3,0,0,0,0,0,0,0,0
66,2017-04-17,09:00:33,0,SR709,XZCE,6740,6720,6760,141756,9524252540,617968,614746,7009,6469,6739,6724,0,6729,0,0,0,2017-04-17,32433000,6740,167,0,0,0,0,0,0,0,0,6741,5,0,0,0,0,0,0,0,0
67,2017-04-17,09:00:33,0,SR709,XZCE,6740,6720,6760,141774,9525465740,617968,614746,7009,6469,6739,6724,0,6729,0,0,0,2017-04-17,32433000,6740,159,0,0,0,0,0,0,0,0,6741,12,0,0,0,0,0,0,0,0
68,2017-04-17,09:00:34,0,SR709,XZCE,6742,6720,6760,141814,9528162540,618004,614746,7009,6469,6739,6724,0,6729,0,0,0,2017-04-17,32434000,6741,9,0,0,0,0,0,0,0,0,6742,117,0,0,0,0,0,0,0,0
69,2017-04-17,09:00:34,0,SR709,XZCE,6742,6720,6760,141814,9528162540,618004,614746,7009,6469,6739,6724,0,6729,0,0,0,2017-04-17,32434000,6741,11,0,0,0,0,0,0,0,0,6742,117,0,0,0,0,0,0,0,0
70,2017-04-17,09:00:35,0,SR709,XZCE,6741,6720,6760,141818,9528432180,618002,614746,7009,6469,6739,6724,0,6729,0,0,0,2017-04-17,32435000,6741,18,0,0,0,0,0,0,0,0,6742,118,0,0,0,0,0,0,0,0
71,2017-04-17,09:00:35,0,SR709,XZCE,6741,6720,6760,141898,9533824980,617988,614746,7009,6469,6739,6724,0,6729,0,0,0,2017-04-17,32435000,6741,3,0,0,0,0,0,0,0,0,6742,119,0,0,0,0,0,0,0,0
72,2017-04-17,09:00:36,0,SR709,XZCE,6740,6720,6760,141918,9535172980,617998,614746,7009,6469,6739,6724,0,6729,0,0,0,2017-04-17,32436000,6740,149,0,0,0,0,0,0,0,0,6741,18,0,0,0,0,0,0,0,0
73,2017-04-17,09:00:36,0,SR709,XZCE,6740,6720,6760,141922,9535442580,618000,614746,7009,6469,6739,6724,0,6729,0,0,0,2017-04-17,32436000,6740,148,0,0,0,0,0,0,0,0,6741,29,0,0,0,0,0,0,0,0
74,2017-04-17,09:00:37,0,SR709,XZCE,6741,6720,6760,141930,9535981860,618000,614746,7009,6469,6739,6724,0,6729,0,0,0,2017-04-17,32437000,6740,148,0,0,0,0,0,0,0,0,6741,28,0,0,0,0,0,0,0,0
75,2017-04-17,09:00:37,0,SR709,XZCE,6740,6720,6760,141938,9536521060,618006,614746,7009,6469,6739,6724,0,6729,0,0,0,2017-04-17,32437000,6740,146,0,0,0,0,0,0,0,0,6741,21,0,0,0,0,0,0,0,0
76,2017-04-17,09:00:38,0,SR709,XZCE,6741,6720,6760,141950,9537329980,618014,614746,7009,6469,6739,6724,0,6729,0,0,0,2017-04-17,32438000,6740,142,0,0,0,0,0,0,0,0,6741,22,0,0,0,0,0,0,0,0
77,2017-04-17,09:00:38,0,SR709,XZCE,6741,6720,6760,141976,9539082640,618036,614746,7009,6469,6739,6724,0,6729,0,0,0,2017-04-17,32438000,6740,132,0,0,0,0,0,0,0,0,6741,21,0,0,0,0,0,0,0,0
78,2017-04-17,09:00:39,0,SR709,XZCE,6741,6720,6760,141996,9540430840,618022,614746,7009,6469,6739,6724,0,6729,0,0,0,2017-04-17,32439000,6740,132,0,0,0,0,0,0,0,0,6741,32,0,0,0,0,0,0,0,0
79,2017-04-17,09:00:39,0,SR709,XZCE,6741,6720,6760,142004,9540970120,618026,614746,7009,6469,6739,6724,0,6729,0,0,0,2017-04-17,32439000,6740,130,0,0,0,0,0,0,0,0,6741,28,0,0,0,0,0,0,0,0
80,2017-04-17,09:00:40,0,SR709,XZCE,6741,6720,6760,142012,9541509400,618034,614746,7009,6469,6739,6724,0,6729,0,0,0,2017-04-17,32440000,6740,128,0,0,0,0,0,0,0,0,6741,33,0,0,0,0,0,0,0,0
81,2017-04-17,09:00:40,0,SR709,XZCE,6741,6720,6760,142082,9546228100,618016,614746,7009,6469,6739,6724,0,6729,0,0,0,2017-04-17,32440000,6741,19,0,0,0,0,0,0,0,0,6742,122,0,0,0,0,0,0,0,0
82,2017-04-17,09:00:41,0,SR709,XZCE,6742,6720,6760,142134,9549733940,618062,614746,7009,6469,6739,6724,0,6729,0,0,0,2017-04-17,32441000,6741,14,0,0,0,0,0,0,0,0,6742,109,0,0,0,0,0,0,0,0
83,2017-04-17,09:00:41,0,SR709,XZCE,6742,6720,6760,142136,9549868780,618064,614746,7009,6469,6739,6724,0,6729,0,0,0,2017-04-17,32441000,6741,18,0,0,0,0,0,0,0,0,6742,109,0,0,0,0,0,0,0,0
84,2017-04-17,09:00:42,0,SR709,XZCE,6741,6720,6760,142158,9551351800,618082,614746,7009,6469,6739,6724,0,6729,0,0,0,2017-04-17,32442000,6741,18,0,0,0,0,0,0,0,0,6742,109,0,0,0,0,0,0,0,0
85,2017-04-17,09:00:42,0,SR709,XZCE,6741,6720,6760,142158,9551351800,618082,614746,7009,6469,6739,6724,0,6729,0,0,0,2017-04-17,32442000,6741,19,0,0,0,0,0,0,0,0,6742,109,0,0,0,0,0,0,0,0
86,2017-04-17,09:00:43,0,SR709,XZCE,6741,6720,6760,142166,9551891080,618088,614746,7009,6469,6739,6724,0,6729,0,0,0,2017-04-17,32443000,6741,15,0,0,0,0,0,0,0,0,6742,109,0,0,0,0,0,0,0,0
87,2017-04-17,09:00:44,0,SR709,XZCE,6742,6720,6760,142168,9552025920,618090,614746,7009,6469,6739,6724,0,6729,0,0,0,2017-04-17,32444000,6741,16,0,0,0,0,0,0,0,0,6742,109,0,0,0,0,0,0,0,0
88,2017-04-17,09:00:44,0,SR709,XZCE,6741,6720,6760,142178,9552700020,618094,614746,7009,6469,6739,6724,0,6729,0,0,0,2017-04-17,32444000,6741,11,0,0,0,0,0,0,0,0,6742,110,0,0,0,0,0,0,0,0
89,2017-04-17,09:00:45,0,SR709,XZCE,6742,6720,6760,142404,9567936940,618238,614746,7009,6469,6739,6724,0,6729,0,0,0,2017-04-17,32445000,6742,30,0,0,0,0,0,0,0,0,6743,197,0,0,0,0,0,0,0,0
90,2017-04-17,09:00:45,0,SR709,XZCE,6742,6720,6760,142408,9568206620,618242,614746,7009,6469,6739,6724,0,6729,0,0,0,2017-04-17,32445000,6742,30,0,0,0,0,0,0,0,0,6743,193,0,0,0,0,0,0,0,0
91,2017-04-17,09:00:46,0,SR709,XZCE,6743,6720,6760,142422,9569150640,618256,614746,7009,6469,6739,6724,0,6729,0,0,0,2017-04-17,32446000,6742,30,0,0,0,0,0,0,0,0,6743,192,0,0,0,0,0,0,0,0
92,2017-04-17,09:00:46,0,SR709,XZCE,6743,6720,6760,142464,9571982700,618294,614746,7009,6469,6739,6724,0,6729,0,0,0,2017-04-17,32446000,6742,31,0,0,0,0,0,0,0,0,6743,191,0,0,0,0,0,0,0,0
93,2017-04-17,09:00:47,0,SR709,XZCE,6742,6720,6760,142466,9572117540,618294,614746,7009,6469,6739,6724,0,6729,0,0,0,2017-04-17,32447000,6742,30,0,0,0,0,0,0,0,0,6743,187,0,0,0,0,0,0,0,0
94,2017-04-17,09:00:47,0,SR709,XZCE,6743,6720,6760,142522,9575893620,618302,614746,7009,6469,6739,6724,0,6729,0,0,0,2017-04-17,32447000,6742,29,0,0,0,0,0,0,0,0,6743,160,0,0,0,0,0,0,0,0
95,2017-04-17,09:00:48,0,SR709,XZCE,6742,6720,6760,142548,9577646540,618306,614746,7009,6469,6739,6724,0,6729,0,0,0,2017-04-17,32448000,6742,17,0,0,0,0,0,0,0,0,6743,160,0,0,0,0,0,0,0,0
96,2017-04-17,09:00:48,0,SR709,XZCE,6742,6720,6760,142558,9578320740,618312,614746,7009,6469,6739,6724,0,6729,0,0,0,2017-04-17,32448000,6742,19,0,0,0,0,0,0,0,0,6743,159,0,0,0,0,0,0,0,0
97,2017-04-17,09:00:49,0,SR709,XZCE,6743,6720,6760,142618,9582366540,618252,614746,7009,6469,6739,6724,0,6729,0,0,0,2017-04-17,32449000,6742,19,0,0,0,0,0,0,0,0,6743,133,0,0,0,0,0,0,0,0
98,2017-04-17,09:00:49,0,SR709,XZCE,6742,6720,6760,142626,9582905900,618258,614746,7009,6469,6739,6724,0,6729,0,0,0,2017-04-17,32449000,6742,20,0,0,0,0,0,0,0,0,6743,133,0,0,0,0,0,0,0,0
99,2017-04-17,09:00:50,0,SR709,XZCE,6742,6720,6760,142666,9585602700,618274,614746,7009,6469,6739,6724,0,6729,0,0,0,2017-04-17,32450000,6741,61,0,0,0,0,0,0,0,0,6742,46,0,0,0,0,0,0,0,0
100,2017-04-17,09:00:50,0,SR709,XZCE,6742,6720,6760,142670,9585872380,618278,614746,7009,6469,6739,6724,0,6729,0,0,0,2017-04-17,32450000,6741,61,0,0,0,0,0,0,0,0,6742,53,0,0,0,0,0,0,0,0
101,2017-04-17,09:00:51,0,SR709,XZCE,6741,6720,6760,142674,9586142020,618278,614746,7009,6469,6739,6724,0,6729,0,0,0,2017-04-17,32451000,6741,60,0,0,0,0,0,0,0,0,6742,49,0,0,0,0,0,0,0,0
102,2017-04-17,09:00:51,0,SR709,XZCE,6741,6720,6760,142696,9587625040,618290,614746,7009,6469,6739,6724,0,6729,0,0,0,2017-04-17,32451000,6741,49,0,0,0,0,0,0,0,0,6742,49,0,0,0,0,0,0,0,0
103,2017-04-17,09:00:52,0,SR709,XZCE,6742,6720,6760,142702,9588029560,618294,614746,7009,6469,6739,6724,0,6729,0,0,0,2017-04-17,32452000,6741,49,0,0,0,0,0,0,0,0,6742,46,0,0,0,0,0,0,0,0
104,2017-04-17,09:00:52,0,SR709,XZCE,6742,6720,6760,142744,9590861200,618334,614746,7009,6469,6739,6724,0,6729,0,0,0,2017-04-17,32452000,6741,49,0,0,0,0,0,0,0,0,6742,25,0,0,0,0,0,0,0,0
105,2017-04-17,09:00:53,0,SR709,XZCE,6742,6720,6760,142754,9591535400,618340,614746,7009,6469,6739,6724,0,6729,0,0,0,2017-04-17,32453000,6741,49,0,0,0,0,0,0,0,0,6742,20,0,0,0,0,0,0,0,0
106,2017-04-17,09:00:53,0,SR709,XZCE,6741,6720,6760,142776,9593018420,618350,614746,7009,6469,6739,6724,0,6729,0,0,0,2017-04-17,32453000,6741,43,0,0,0,0,0,0,0,0,6742,21,0,0,0,0,0,0,0,0
107,2017-04-17,09:00:54,0,SR709,XZCE,6742,6720,6760,142784,9593557780,618350,614746,7009,6469,6739,6724,0,6729,0,0,0,2017-04-17,32454000,6741,43,0,0,0,0,0,0,0,0,6742,18,0,0,0,0,0,0,0,0
108,2017-04-17,09:00:54,0,SR709,XZCE,6742,6720,6760,142784,9593557780,618350,614746,7009,6469,6739,6724,0,6729,0,0,0,2017-04-17,32454000,6741,43,0,0,0,0,0,0,0,0,6742,23,0,0,0,0,0,0,0,0
109,2017-04-17,09:00:55,0,SR709,XZCE,6742,6720,6760,142792,9594097140,618350,614746,7009,6469,6739,6724,0,6729,0,0,0,2017-04-17,32455000,6741,43,0,0,0,0,0,0,0,0,6742,24,0,0,0,0,0,0,0,0
110,2017-04-17,09:00:55,0,SR709,XZCE,6742,6720,6760,142794,9594231980,618350,614746,7009,6469,6739,6724,0,6729,0,0,0,2017-04-17,32455000,6741,43,0,0,0,0,0,0,0,0,6742,23,0,0,0,0,0,0,0,0
111,2017-04-17,09:00:56,0,SR709,XZCE,6741,6720,6760,142796,9594366800,618352,614746,7009,6469,6739,6724,0,6729,0,0,0,2017-04-17,32456000,6741,42,0,0,0,0,0,0,0,0,6742,23,0,0,0,0,0,0,0,0
112,2017-04-17,09:00:56,0,SR709,XZCE,6741,6720,6760,143000,9608118440,618334,614746,7009,6469,6739,6724,0,6729,0,0,0,2017-04-17,32456000,6740,102,0,0,0,0,0,0,0,0,6741,1,0,0,0,0,0,0,0,0
113,2017-04-17,09:00:57,0,SR709,XZCE,6741,6720,6760,143000,9608118440,618334,614746,7009,6469,6739,6724,0,6729,0,0,0,2017-04-17,32457000,6740,102,0,0,0,0,0,0,0,0,6741,9,0,0,0,0,0,0,0,0
114,2017-04-17,09:00:57,0,SR709,XZCE,6741,6720,6760,143046,9611219300,618354,614746,7009,6469,6739,6724,0,6729,0,0,0,2017-04-17,32457000,6741,1,0,0,0,0,0,0,0,0,6742,36,0,0,0,0,0,0,0,0
115,2017-04-17,09:00:58,0,SR709,XZCE,6741,6720,6760,143050,9611488940,618358,614746,7009,6469,6739,6724,0,6729,0,0,0,2017-04-17,32458000,6740,99,0,0,0,0,0,0,0,0,6742,35,0,0,0,0,0,0,0,0
116,2017-04-17,09:00:58,0,SR709,XZCE,6740,6720,6760,143160,9618902940,618368,614746,7009,6469,6739,6724,0,6729,0,0,0,2017-04-17,32458000,6740,47,0,0,0,0,0,0,0,0,6741,2,0,0,0,0,0,0,0,0
117,2017-04-17,09:00:59,0,SR709,XZCE,6740,6720,6760,143166,9619307340,618370,614746,7009,6469,6739,6724,0,6729,0,0,0,2017-04-17,32459000,6740,45,0,0,0,0,0,0,0,0,6741,13,0,0,0,0,0,0,0,0
118,2017-04-17,09:00:59,0,SR709,XZCE,6740,6720,6760,143170,9619576940,618370,614746,7009,6469,6739,6724,0,6729,0,0,0,2017-04-17,32459000,6740,43,0,0,0,0,0,0,0,0,6741,13,0,0,0,0,0,0,0,0
119,2017-04-17,09:01:00,0,SR709,XZCE,6739,6720,6760,143358,9632246260,618426,614746,7009,6469,6739,6724,0,6729,0,0,0,2017-04-17,32460000,6738,97,0,0,0,0,0,0,0,0,6739,16,0,0,0,0,0,0,0,0
120,2017-04-17,09:01:00,0,SR709,XZCE,6739,6720,6760,143366,9632785380,618434,614746,7009,6469,6739,6724,0,6729,0,0,0,2017-04-17,32460000,6738,95,0,0,0,0,0,0,0,0,6739,14,0,0,0,0,0,0,0,0
121,2017-04-17,09:01:01,0,SR709,XZCE,6739,6720,6760,143372,9633189720,618430,614746,7009,6469,6739,6724,0,6729,0,0,0,2017-04-17,32461000,6738,95,0,0,0,0,0,0,0,0,6739,14,0,0,0,0,0,0,0,0
122,2017-04-17,09:01:01,0,SR709,XZCE,6740,6720,6760,143406,9635481320,618416,614746,7009,6469,6739,6724,0,6729,0,0,0,2017-04-17,32461000,6739,7,0,0,0,0,0,0,0,0,6740,60,0,0,0,0,0,0,0,0
123,2017-04-17,09:01:02,0,SR709,XZCE,6740,6720,6760,143414,9636020520,618416,614746,7009,6469,6739,6724,0,6729,0,0,0,2017-04-17,32462000,6739,8,0,0,0,0,0,0,0,0,6740,56,0,0,0,0,0,0,0,0
124,2017-04-17,09:01:02,0,SR709,XZCE,6739,6720,6760,143478,9640333480,618376,614746,7009,6469,6739,6724,0,6729,0,0,0,2017-04-17,32462000,6739,2,0,0,0,0,0,0,0,0,6740,42,0,0,0,0,0,0,0,0
125,2017-04-17,09:01:03,0,SR709,XZCE,6740,6720,6760,143516,9642894680,618404,614746,7009,6469,6739,6724,0,6729,0,0,0,2017-04-17,32463000,6738,91,0,0,0,0,0,0,0,0,6740,29,0,0,0,0,0,0,0,0
126,2017-04-17,09:01:03,0,SR709,XZCE,6740,6720,6760,143518,9643029480,618406,614746,7009,6469,6739,6724,0,6729,0,0,0,2017-04-17,32463000,6738,91,0,0,0,0,0,0,0,0,6740,28,0,0,0,0,0,0,0,0
127,2017-04-17,09:01:04,0,SR709,XZCE,6740,6720,6760,143542,9644647080,618416,614746,7009,6469,6739,6724,0,6729,0,0,0,2017-04-17,32464000,6738,91,0,0,0,0,0,0,0,0,6739,10,0,0,0,0,0,0,0,0
128,2017-04-17,09:01:04,0,SR709,XZCE,6740,6720,6760,143544,9644781880,618418,614746,7009,6469,6739,6724,0,6729,0,0,0,2017-04-17,32464000,6738,91,0,0,0,0,0,0,0,0,6739,11,0,0,0,0,0,0,0,0
129,2017-04-17,09:01:05,0,SR709,XZCE,6738,6720,6760,143566,9646264240,618408,614746,7009,6469,6739,6724,0,6729,0,0,0,2017-04-17,32465000,6738,80,0,0,0,0,0,0,0,0,6739,11,0,0,0,0,0,0,0,0
130,2017-04-17,09:01:05,0,SR709,XZCE,6739,6720,6760,143578,9647072920,618412,614746,7009,6469,6739,6724,0,6729,0,0,0,2017-04-17,32465000,6738,80,0,0,0,0,0,0,0,0,6739,7,0,0,0,0,0,0,0,0
131,2017-04-17,09:01:06,0,SR709,XZCE,6738,6720,6760,143602,9648690040,618426,614746,7009,6469,6739,6724,0,6729,0,0,0,2017-04-17,32466000,6738,72,0,0,0,0,0,0,0,0,6739,3,0,0,0,0,0,0,0,0
132,2017-04-17,09:01:06,0,SR709,XZCE,6738,6720,6760,143604,9648824800,618426,614746,7009,6469,6739,6724,0,6729,0,0,0,2017-04-17,32466000,6738,71,0,0,0,0,0,0,0,0,6739,4,0,0,0,0,0,0,0,0
133,2017-04-17,09:01:07,0,SR709,XZCE,6736,6720,6760,143816,9663105120,618428,614746,7009,6469,6739,6724,0,6729,0,0,0,2017-04-17,32467000,6736,132,0,0,0,0,0,0,0,0,6738,77,0,0,0,0,0,0,0,0
134,2017-04-17,09:01:07,0,SR709,XZCE,6737,6720,6760,143834,9664317780,618418,614746,7009,6469,6739,6724,0,6729,0,0,0,2017-04-17,32467000,6736,125,0,0,0,0,0,0,0,0,6737,5,0,0,0,0,0,0,0,0
135,2017-04-17,09:01:08,0,SR709,XZCE,6736,6720,6760,143852,9665530260,618416,614746,7009,6469,6739,6724,0,6729,0,0,0,2017-04-17,32468000,6736,130,0,0,0,0,0,0,0,0,6737,1,0,0,0,0,0,0,0,0
136,2017-04-17,09:01:08,0,SR709,XZCE,6736,6720,6760,143858,9665934420,618414,614746,7009,6469,6739,6724,0,6729,0,0,0,2017-04-17,32468000,6736,128,0,0,0,0,0,0,0,0,6737,1,0,0,0,0,0,0,0,0
137,2017-04-17,09:01:09,0,SR709,XZCE,6737,6720,6760,143882,9667551300,618410,614746,7009,6469,6739,6724,0,6729,0,0,0,2017-04-17,32469000,6736,129,0,0,0,0,0,0,0,0,6737,10,0,0,0,0,0,0,0,0
138,2017-04-17,09:01:09,0,SR709,XZCE,6737,6720,6760,143932,9670919800,618372,614746,7009,6469,6739,6724,0,6729,0,0,0,2017-04-17,32469000,6736,129,0,0,0,0,0,0,0,0,6737,10,0,0,0,0,0,0,0,0
139,2017-04-17,09:01:10,0,SR709,XZCE,6737,6720,6760,144032,9677656800,618288,614746,7009,6469,6739,6724,0,6729,0,0,0,2017-04-17,32470000,6736,117,0,0,0,0,0,0,0,0,6737,46,0,0,0,0,0,0,0,0
140,2017-04-17,09:01:10,0,SR709,XZCE,6737,6720,6760,144034,9677791540,618286,614746,7009,6469,6739,6724,0,6729,0,0,0,2017-04-17,32470000,6736,117,0,0,0,0,0,0,0,0,6737,45,0,0,0,0,0,0,0,0
141,2017-04-17,09:01:11,0,SR709,XZCE,6737,6720,6760,144052,9679004200,618284,614746,7009,6469,6739,6724,0,6729,0,0,0,2017-04-17,32471000,6736,121,0,0,0,0,0,0,0,0,6737,43,0,0,0,0,0,0,0,0
142,2017-04-17,09:01:11,0,SR709,XZCE,6737,6720,6760,144056,9679273680,618282,614746,7009,6469,6739,6724,0,6729,0,0,0,2017-04-17,32471000,6736,121,0,0,0,0,0,0,0,0,6737,42,0,0,0,0,0,0,0,0
143,2017-04-17,09:01:12,0,SR709,XZCE,6736,6720,6760,144358,9699616400,618100,614746,7009,6469,6739,6724,0,6729,0,0,0,2017-04-17,32472000,6735,121,0,0,0,0,0,0,0,0,6736,9,0,0,0,0,0,0,0,0
144,2017-04-17,09:01:12,0,SR709,XZCE,6736,6720,6760,144404,9702714960,618104,614746,7009,6469,6739,6724,0,6729,0,0,0,2017-04-17,32472000,6735,121,0,0,0,0,0,0,0,0,6736,91,0,0,0,0,0,0,0,0
145,2017-04-17,09:01:13,0,SR709,XZCE,6736,6720,6760,144416,9703523280,618102,614746,7009,6469,6739,6724,0,6729,0,0,0,2017-04-17,32473000,6735,124,0,0,0,0,0,0,0,0,6736,85,0,0,0,0,0,0,0,0
146,2017-04-17,09:01:14,0,SR709,XZCE,6736,6720,6760,144524,9710798160,618036,614746,7009,6469,6739,6724,0,6729,0,0,0,2017-04-17,32474000,6735,77,0,0,0,0,0,0,0,0,6736,82,0,0,0,0,0,0,0,0
147,2017-04-17,09:01:14,0,SR709,XZCE,6735,6720,6760,144580,9714569760,618048,614746,7009,6469,6739,6724,0,6729,0,0,0,2017-04-17,32474000,6735,50,0,0,0,0,0,0,0,0,6736,82,0,0,0,0,0,0,0,0
148,2017-04-17,09:01:15,0,SR709,XZCE,6735,6720,6760,144620,9717263760,618046,614746,7009,6469,6739,6724,0,6729,0,0,0,2017-04-17,32475000,6735,46,0,0,0,0,0,0,0,0,6736,81,0,0,0,0,0,0,0,0
149,2017-04-17,09:01:15,0,SR709,XZCE,6735,6720,6760,144754,9726288660,618120,614746,7009,6469,6739,6724,0,6729,0,0,0,2017-04-17,32475000,6735,5,0,0,0,0,0,0,0,0,6736,75,0,0,0,0,0,0,0,0
150,2017-04-17,09:01:16,0,SR709,XZCE,6734,6720,6760,144796,9729116940,618132,614746,7009,6469,6739,6724,0,6729,0,0,0,2017-04-17,32476000,6734,251,0,0,0,0,0,0,0,0,6735,34,0,0,0,0,0,0,0,0
151,2017-04-17,09:01:16,0,SR709,XZCE,6734,6720,6760,144818,9730598420,618148,614746,7009,6469,6739,6724,0,6729,0,0,0,2017-04-17,32476000,6734,244,0,0,0,0,0,0,0,0,6735,34,0,0,0,0,0,0,0,0
152,2017-04-17,09:01:17,0,SR709,XZCE,6734,6720,6760,144856,9733157340,618170,614746,7009,6469,6739,6724,0,6729,0,0,0,2017-04-17,32477000,6734,229,0,0,0,0,0,0,0,0,6735,84,0,0,0,0,0,0,0,0
153,2017-04-17,09:01:17,0,SR709,XZCE,6734,6720,6760,144894,9735716260,618190,614746,7009,6469,6739,6724,0,6729,0,0,0,2017-04-17,32477000,6734,214,0,0,0,0,0,0,0,0,6735,80,0,0,0,0,0,0,0,0
154,2017-04-17,09:01:18,0,SR709,XZCE,6734,6720,6760,145244,9759285260,618196,614746,7009,6469,6739,6724,0,6729,0,0,0,2017-04-17,32478000,6734,42,0,0,0,0,0,0,0,0,6735,77,0,0,0,0,0,0,0,0
155,2017-04-17,09:01:18,0,SR709,XZCE,6734,6720,6760,145768,9794571420,617884,614746,7009,6469,6739,6724,0,6729,0,0,0,2017-04-17,32478000,6732,63,0,0,0,0,0,0,0,0,6734,12,0,0,0,0,0,0,0,0
156,2017-04-17,09:01:19,0,SR709,XZCE,6729,6720,6760,146576,9848941740,617294,614746,7009,6469,6739,6724,0,6729,0,0,0,2017-04-17,32479000,6729,60,0,0,0,0,0,0,0,0,6733,11,0,0,0,0,0,0,0,0
157,2017-04-17,09:01:20,0,SR709,XZCE,6729,6720,6760,146706,9857689440,617254,614746,7009,6469,6739,6724,0,6729,0,0,0,2017-04-17,32480000,6730,1,0,0,0,0,0,0,0,0,6731,9,0,0,0,0,0,0,0,0
158,2017-04-17,09:01:20,0,SR709,XZCE,6730,6720,6760,146802,9864150240,617218,614746,7009,6469,6739,6724,0,6729,0,0,0,2017-04-17,32480000,6729,19,0,0,0,0,0,0,0,0,6731,6,0,0,0,0,0,0,0,0
159,2017-04-17,09:01:20,0,SR709,XZCE,6730,6720,6760,146878,9869265040,617234,614746,7009,6469,6739,6724,0,6729,0,0,0,2017-04-17,32480000,6729,18,0,0,0,0,0,0,0,0,6730,38,0,0,0,0,0,0,0,0
160,2017-04-17,09:01:21,0,SR709,XZCE,6730,6720,6760,146960,9874783640,617190,614746,7009,6469,6739,6724,0,6729,0,0,0,2017-04-17,32481000,6729,15,0,0,0,0,0,0,0,0,6730,37,0,0,0,0,0,0,0,0
161,2017-04-17,09:01:21,0,SR709,XZCE,6730,6720,6760,147146,9887301440,617094,614746,7009,6469,6739,6724,0,6729,0,0,0,2017-04-17,32481000,6730,7,0,0,0,0,0,0,0,0,6732,32,0,0,0,0,0,0,0,0
162,2017-04-17,09:01:22,0,SR709,XZCE,6729,6720,6760,147206,9891338840,617060,614746,7009,6469,6739,6724,0,6729,0,0,0,2017-04-17,32482000,6730,3,0,0,0,0,0,0,0,0,6731,6,0,0,0,0,0,0,0,0
163,2017-04-17,09:01:23,0,SR709,XZCE,6732,6720,6760,147212,9891742760,617060,614746,7009,6469,6739,6724,0,6729,0,0,0,2017-04-17,32483000,6731,17,0,0,0,0,0,0,0,0,6732,30,0,0,0,0,0,0,0,0
164,2017-04-17,09:01:23,0,SR709,XZCE,6731,6720,6760,147236,9893358200,617058,614746,7009,6469,6739,6724,0,6729,0,0,0,2017-04-17,32483000,6731,19,0,0,0,0,0,0,0,0,6732,19,0,0,0,0,0,0,0,0
165,2017-04-17,09:01:23,0,SR709,XZCE,6731,6720,6760,147244,9893896680,617060,614746,7009,6469,6739,6724,0,6729,0,0,0,2017-04-17,32483000,6731,18,0,0,0,0,0,0,0,0,6732,19,0,0,0,0,0,0,0,0
166,2017-04-17,09:01:24,0,SR709,XZCE,6732,6720,6760,147314,9898609080,617040,614746,7009,6469,6739,6724,0,6729,0,0,0,2017-04-17,32484000,6731,6,0,0,0,0,0,0,0,0,6732,9,0,0,0,0,0,0,0,0
167,2017-04-17,09:01:25,0,SR709,XZCE,6732,6720,6760,147340,9900359400,617040,614746,7009,6469,6739,6724,0,6729,0,0,0,2017-04-17,32485000,6731,4,0,0,0,0,0,0,0,0,6732,10,0,0,0,0,0,0,0,0
168,2017-04-17,09:01:25,0,SR709,XZCE,6731,6720,6760,147388,9903590280,617044,614746,7009,6469,6739,6724,0,6729,0,0,0,2017-04-17,32485000,6730,43,0,0,0,0,0,0,0,0,6731,26,0,0,0,0,0,0,0,0
169,2017-04-17,09:01:25,0,SR709,XZCE,6731,6720,6760,147448,9907628880,617054,614746,7009,6469,6739,6724,0,6729,0,0,0,2017-04-17,32485000,6731,9,0,0,0,0,0,0,0,0,6732,10,0,0,0,0,0,0,0,0
170,2017-04-17,09:01:26,0,SR709,XZCE,6732,6720,6760,147470,9909109920,617058,614746,7009,6469,6739,6724,0,6729,0,0,0,2017-04-17,32486000,6732,41,0,0,0,0,0,0,0,0,6733,50,0,0,0,0,0,0,0,0
171,2017-04-17,09:01:27,0,SR709,XZCE,6733,6720,6760,147542,9913957680,617058,614746,7009,6469,6739,6724,0,6729,0,0,0,2017-04-17,32487000,6732,41,0,0,0,0,0,0,0,0,6733,8,0,0,0,0,0,0,0,0
172,2017-04-17,09:01:27,0,SR709,XZCE,6733,6720,6760,147572,9915977580,617042,614746,7009,6469,6739,6724,0,6729,0,0,0,2017-04-17,32487000,6733,13,0,0,0,0,0,0,0,0,6734,28,0,0,0,0,0,0,0,0
173,2017-04-17,09:01:27,0,SR709,XZCE,6733,6720,6760,147574,9916112240,617042,614746,7009,6469,6739,6724,0,6729,0,0,0,2017-04-17,32487000,6733,12,0,0,0,0,0,0,0,0,6734,28,0,0,0,0,0,0,0,0
174,2017-04-17,09:01:28,0,SR709,XZCE,6734,6720,6760,147584,9916785640,617036,614746,7009,6469,6739,6724,0,6729,0,0,0,2017-04-17,32488000,6733,15,0,0,0,0,0,0,0,0,6734,23,0,0,0,0,0,0,0,0
175,2017-04-17,09:01:28,0,SR709,XZCE,6733,6720,6760,147592,9917324280,617036,614746,7009,6469,6739,6724,0,6729,0,0,0,2017-04-17,32488000,6733,37,0,0,0,0,0,0,0,0,6734,25,0,0,0,0,0,0,0,0
176,2017-04-17,09:01:29,0,SR709,XZCE,6733,6720,6760,147606,9918266900,617028,614746,7009,6469,6739,6724,0,6729,0,0,0,2017-04-17,32489000,6733,32,0,0,0,0,0,0,0,0,6734,25,0,0,0,0,0,0,0,0
177,2017-04-17,09:01:30,0,SR709,XZCE,6734,6720,6760,147634,9920152420,617032,614746,7009,6469,6739,6724,0,6729,0,0,0,2017-04-17,32490000,6733,24,0,0,0,0,0,0,0,0,6734,19,0,0,0,0,0,0,0,0
178,2017-04-17,09:01:30,0,SR709,XZCE,6733,6720,6760,147648,9921095040,617042,614746,7009,6469,6739,6724,0,6729,0,0,0,2017-04-17,32490000,6733,25,0,0,0,0,0,0,0,0,6734,21,0,0,0,0,0,0,0,0
179,2017-04-17,09:01:30,0,SR709,XZCE,6734,6720,6760,147656,9921633760,617046,614746,7009,6469,6739,6724,0,6729,0,0,0,2017-04-17,32490000,6733,27,0,0,0,0,0,0,0,0,6734,19,0,0,0,0,0,0,0,0
180,2017-04-17,09:01:31,0,SR709,XZCE,6734,6720,6760,147656,9921633760,617046,614746,7009,6469,6739,6724,0,6729,0,0,0,2017-04-17,32491000,6733,28,0,0,0,0,0,0,0,0,6734,19,0,0,0,0,0,0,0,0
181,2017-04-17,09:01:31,0,SR709,XZCE,6733,6720,6760,147686,9923653660,617070,614746,7009,6469,6739,6724,0,6729,0,0,0,2017-04-17,32491000,6733,18,0,0,0,0,0,0,0,0,6734,15,0,0,0,0,0,0,0,0
182,2017-04-17,09:01:32,0,SR709,XZCE,6733,6720,6760,147728,9926481520,617102,614746,7009,6469,6739,6724,0,6729,0,0,0,2017-04-17,32492000,6733,9,0,0,0,0,0,0,0,0,6734,6,0,0,0,0,0,0,0,0
183,2017-04-17,09:01:32,0,SR709,XZCE,6733,6720,6760,147730,9926616180,617102,614746,7009,6469,6739,6724,0,6729,0,0,0,2017-04-17,32492000,6733,13,0,0,0,0,0,0,0,0,6734,7,0,0,0,0,0,0,0,0
184,2017-04-17,09:01:33,0,SR709,XZCE,6733,6720,6760,147732,9926750840,617102,614746,7009,6469,6739,6724,0,6729,0,0,0,2017-04-17,32493000,6733,13,0,0,0,0,0,0,0,0,6734,7,0,0,0,0,0,0,0,0
185,2017-04-17,09:01:33,0,SR709,XZCE,6733,6720,6760,147744,9927558800,617106,614746,7009,6469,6739,6724,0,6729,0,0,0,2017-04-17,32493000,6733,7,0,0,0,0,0,0,0,0,6734,23,0,0,0,0,0,0,0,0
186,2017-04-17,09:01:34,0,SR709,XZCE,6734,6720,6760,147822,9932811320,617090,614746,7009,6469,6739,6724,0,6729,0,0,0,2017-04-17,32494000,6734,25,0,0,0,0,0,0,0,0,6735,74,0,0,0,0,0,0,0,0
187,2017-04-17,09:01:35,0,SR709,XZCE,6734,6720,6760,147842,9934158120,617090,614746,7009,6469,6739,6724,0,6729,0,0,0,2017-04-17,32495000,6734,16,0,0,0,0,0,0,0,0,6735,74,0,0,0,0,0,0,0,0
188,2017-04-17,09:01:35,0,SR709,XZCE,6735,6720,6760,147912,9938872620,617122,614746,7009,6469,6739,6724,0,6729,0,0,0,2017-04-17,32495000,6734,8,0,0,0,0,0,0,0,0,6735,48,0,0,0,0,0,0,0,0
189,2017-04-17,09:01:36,0,SR709,XZCE,6734,6720,6760,147924,9939680700,617118,614746,7009,6469,6739,6724,0,6729,0,0,0,2017-04-17,32496000,6734,20,0,0,0,0,0,0,0,0,6735,44,0,0,0,0,0,0,0,0
190,2017-04-17,09:01:36,0,SR709,XZCE,6734,6720,6760,147928,9939950060,617118,614746,7009,6469,6739,6724,0,6729,0,0,0,2017-04-17,32496000,6734,18,0,0,0,0,0,0,0,0,6735,44,0,0,0,0,0,0,0,0
191,2017-04-17,09:01:36,0,SR709,XZCE,6735,6720,6760,148192,9957730460,617182,614746,7009,6469,6739,6724,0,6729,0,0,0,2017-04-17,32496000,6735,34,0,0,0,0,0,0,0,0,6736,48,0,0,0,0,0,0,0,0
192,2017-04-17,09:01:37,0,SR709,XZCE,6735,6720,6760,148196,9957999860,617182,614746,7009,6469,6739,6724,0,6729,0,0,0,2017-04-17,32497000,6735,35,0,0,0,0,0,0,0,0,6736,48,0,0,0,0,0,0,0,0
193,2017-04-17,09:01:38,0,SR709,XZCE,6736,6720,6760,148234,9960559540,617154,614746,7009,6469,6739,6724,0,6729,0,0,0,2017-04-17,32498000,6735,36,0,0,0,0,0,0,0,0,6736,33,0,0,0,0,0,0,0,0
194,2017-04-17,09:01:38,0,SR709,XZCE,6735,6720,6760,148306,9965408740,617172,614746,7009,6469,6739,6724,0,6729,0,0,0,2017-04-17,32498000,6735,21,0,0,0,0,0,0,0,0,6736,2,0,0,0,0,0,0,0,0
195,2017-04-17,09:01:38,0,SR709,XZCE,6736,6720,6760,148324,9966621220,617156,614746,7009,6469,6739,6724,0,6729,0,0,0,2017-04-17,32498000,6736,14,0,0,0,0,0,0,0,0,6737,17,0,0,0,0,0,0,0,0
196,2017-04-17,09:01:39,0,SR709,XZCE,6736,6720,6760,148324,9966621220,617156,614746,7009,6469,6739,6724,0,6729,0,0,0,2017-04-17,32499000,6736,15,0,0,0,0,0,0,0,0,6737,17,0,0,0,0,0,0,0,0
197,2017-04-17,09:01:40,0,SR709,XZCE,6736,6720,6760,148330,9967025380,617156,614746,7009,6469,6739,6724,0,6729,0,0,0,2017-04-17,32500000,6736,22,0,0,0,0,0,0,0,0,6737,17,0,0,0,0,0,0,0,0
198,2017-04-17,09:01:40,0,SR709,XZCE,6737,6720,6760,148342,9967833820,617164,614746,7009,6469,6739,6724,0,6729,0,0,0,2017-04-17,32500000,6736,22,0,0,0,0,0,0,0,0,6737,13,0,0,0,0,0,0,0,0
199,2017-04-17,09:01:40,0,SR709,XZCE,6736,6720,6760,148390,9971067100,617162,614746,7009,6469,6739,6724,0,6729,0,0,0,2017-04-17,32500000,6735,16,0,0,0,0,0,0,0,0,6736,4,0,0,0,0,0,0,0,0
200,2017-04-17,09:01:41,0,SR709,XZCE,6736,6720,6760,148390,9971067100,617162,614746,7009,6469,6739,6724,0,6729,0,0,0,2017-04-17,32501000,6735,17,0,0,0,0,0,0,0,0,6736,4,0,0,0,0,0,0,0,0
201,2017-04-17,09:01:42,0,SR709,XZCE,6736,6720,6760,148398,9971605980,617162,614746,7009,6469,6739,6724,0,6729,0,0,0,2017-04-17,32502000,6736,1,0,0,0,0,0,0,0,0,6737,24,0,0,0,0,0,0,0,0
202,2017-04-17,09:01:42,0,SR709,XZCE,6736,6720,6760,148434,9974030940,617136,614746,7009,6469,6739,6724,0,6729,0,0,0,2017-04-17,32502000,6735,10,0,0,0,0,0,0,0,0,6736,18,0,0,0,0,0,0,0,0
203,2017-04-17,09:01:42,0,SR709,XZCE,6735,6720,6760,148438,9974300340,617134,614746,7009,6469,6739,6724,0,6729,0,0,0,2017-04-17,32502000,6735,8,0,0,0,0,0,0,0,0,6736,25,0,0,0,0,0,0,0,0
204,2017-04-17,09:01:43,0,SR709,XZCE,6735,6720,6760,148450,9975108540,617130,614746,7009,6469,6739,6724,0,6729,0,0,0,2017-04-17,32503000,6735,10,0,0,0,0,0,0,0,0,6736,29,0,0,0,0,0,0,0,0
205,2017-04-17,09:01:44,0,SR709,XZCE,6736,6720,6760,148454,9975377980,617130,614746,7009,6469,6739,6724,0,6729,0,0,0,2017-04-17,32504000,6735,12,0,0,0,0,0,0,0,0,6736,30,0,0,0,0,0,0,0,0
206,2017-04-17,09:01:44,0,SR709,XZCE,6736,6720,6760,148466,9976186300,617142,614746,7009,6469,6739,6724,0,6729,0,0,0,2017-04-17,32504000,6735,13,0,0,0,0,0,0,0,0,6736,24,0,0,0,0,0,0,0,0
207,2017-04-17,09:01:45,0,SR709,XZCE,6735,6720,6760,148470,9976455700,617144,614746,7009,6469,6739,6724,0,6729,0,0,0,2017-04-17,32505000,6735,69,0,0,0,0,0,0,0,0,6736,18,0,0,0,0,0,0,0,0
208,2017-04-17,09:01:45,0,SR709,XZCE,6736,6720,6760,148484,9977398740,617158,614746,7009,6469,6739,6724,0,6729,0,0,0,2017-04-17,32505000,6735,69,0,0,0,0,0,0,0,0,6736,12,0,0,0,0,0,0,0,0
209,2017-04-17,09:01:46,0,SR709,XZCE,6736,6720,6760,148540,9981170900,617136,614746,7009,6469,6739,6724,0,6729,0,0,0,2017-04-17,32506000,6735,89,0,0,0,0,0,0,0,0,6736,1,0,0,0,0,0,0,0,0
210,2017-04-17,09:01:46,0,SR709,XZCE,6736,6720,6760,148558,9982383380,617126,614746,7009,6469,6739,6724,0,6729,0,0,0,2017-04-17,32506000,6736,15,0,0,0,0,0,0,0,0,6737,35,0,0,0,0,0,0,0,0
211,2017-04-17,09:01:47,0,SR709,XZCE,6737,6720,6760,148572,9983326560,617136,614746,7009,6469,6739,6724,0,6729,0,0,0,2017-04-17,32507000,6736,23,0,0,0,0,0,0,0,0,6737,23,0,0,0,0,0,0,0,0
212,2017-04-17,09:01:47,0,SR709,XZCE,6736,6720,6760,148582,9984000160,617136,614746,7009,6469,6739,6724,0,6729,0,0,0,2017-04-17,32507000,6736,19,0,0,0,0,0,0,0,0,6737,23,0,0,0,0,0,0,0,0
213,2017-04-17,09:01:48,0,SR709,XZCE,6736,6720,6760,148584,9984134880,617136,614746,7009,6469,6739,6724,0,6729,0,0,0,2017-04-17,32508000,6736,14,0,0,0,0,0,0,0,0,6737,21,0,0,0,0,0,0,0,0
214,2017-04-17,09:01:48,0,SR709,XZCE,6736,6720,6760,148592,9984673760,617132,614746,7009,6469,6739,6724,0,6729,0,0,0,2017-04-17,32508000,6736,9,0,0,0,0,0,0,0,0,6737,28,0,0,0,0,0,0,0,0
215,2017-04-17,09:01:49,0,SR709,XZCE,6736,6720,6760,148596,9984943200,617134,614746,7009,6469,6739,6724,0,6729,0,0,0,2017-04-17,32509000,6736,19,0,0,0,0,0,0,0,0,6737,28,0,0,0,0,0,0,0,0
216,2017-04-17,09:01:49,0,SR709,XZCE,6736,6720,6760,148606,9985616800,617144,614746,7009,6469,6739,6724,0,6729,0,0,0,2017-04-17,32509000,6736,20,0,0,0,0,0,0,0,0,6737,26,0,0,0,0,0,0,0,0
217,2017-04-17,09:01:49,0,SR709,XZCE,6736,6720,6760,148610,9985886240,617144,614746,7009,6469,6739,6724,0,6729,0,0,0,2017-04-17,32509000,6736,26,0,0,0,0,0,0,0,0,6737,26,0,0,0,0,0,0,0,0
218,2017-04-17,09:01:50,0,SR709,XZCE,6737,6720,6760,148636,9987637860,617170,614746,7009,6469,6739,6724,0,6729,0,0,0,2017-04-17,32510000,6736,26,0,0,0,0,0,0,0,0,6737,13,0,0,0,0,0,0,0,0
219,2017-04-17,09:01:51,0,SR709,XZCE,6736,6720,6760,148664,9989523940,617148,614746,7009,6469,6739,6724,0,6729,0,0,0,2017-04-17,32511000,6736,12,0,0,0,0,0,0,0,0,6737,14,0,0,0,0,0,0,0,0
220,2017-04-17,09:01:51,0,SR709,XZCE,6737,6720,6760,148706,9992353480,617144,614746,7009,6469,6739,6724,0,6729,0,0,0,2017-04-17,32511000,6736,113,0,0,0,0,0,0,0,0,6737,2,0,0,0,0,0,0,0,0
221,2017-04-17,09:01:52,0,SR709,XZCE,6737,6720,6760,148712,9992757700,617138,614746,7009,6469,6739,6724,0,6729,0,0,0,2017-04-17,32512000,6737,16,0,0,0,0,0,0,0,0,6738,25,0,0,0,0,0,0,0,0
222,2017-04-17,09:01:52,0,SR709,XZCE,6737,6720,6760,148746,9995048280,617138,614746,7009,6469,6739,6724,0,6729,0,0,0,2017-04-17,32512000,6736,113,0,0,0,0,0,0,0,0,6737,9,0,0,0,0,0,0,0,0
223,2017-04-17,09:01:53,0,SR709,XZCE,6737,6720,6760,148746,9995048280,617138,614746,7009,6469,6739,6724,0,6729,0,0,0,2017-04-17,32513000,6736,113,0,0,0,0,0,0,0,0,6737,10,0,0,0,0,0,0,0,0
224,2017-04-17,09:01:53,0,SR709,XZCE,6736,6720,6760,148770,9996664920,617142,614746,7009,6469,6739,6724,0,6729,0,0,0,2017-04-17,32513000,6736,102,0,0,0,0,0,0,0,0,6737,53,0,0,0,0,0,0,0,0
225,2017-04-17,09:01:53,0,SR709,XZCE,6736,6720,6760,148770,9996664920,617142,614746,7009,6469,6739,6724,0,6729,0,0,0,2017-04-17,32513000,6736,100,0,0,0,0,0,0,0,0,6737,53,0,0,0,0,0,0,0,0
226,2017-04-17,09:01:54,0,SR709,XZCE,6737,6720,6760,148776,9997069140,617146,614746,7009,6469,6739,6724,0,6729,0,0,0,2017-04-17,32514000,6736,98,0,0,0,0,0,0,0,0,6737,68,0,0,0,0,0,0,0,0
227,2017-04-17,09:01:55,0,SR709,XZCE,6736,6720,6760,148800,9998685780,617148,614746,7009,6469,6739,6724,0,6729,0,0,0,2017-04-17,32515000,6736,86,0,0,0,0,0,0,0,0,6737,74,0,0,0,0,0,0,0,0
228,2017-04-17,09:01:55,0,SR709,XZCE,6737,6720,6760,148900,10005422780,617228,614746,7009,6469,6739,6724,0,6729,0,0,0,2017-04-17,32515000,6736,61,0,0,0,0,0,0,0,0,6737,52,0,0,0,0,0,0,0,0
229,2017-04-17,09:01:55,0,SR709,XZCE,6737,6720,6760,148980,10010812380,617308,614746,7009,6469,6739,6724,0,6729,0,0,0,2017-04-17,32515000,6736,61,0,0,0,0,0,0,0,0,6737,12,0,0,0,0,0,0,0,0
230,2017-04-17,09:01:56,0,SR709,XZCE,6736,6720,6760,148986,10011216540,617308,614746,7009,6469,6739,6724,0,6729,0,0,0,2017-04-17,32516000,6736,58,0,0,0,0,0,0,0,0,6737,16,0,0,0,0,0,0,0,0
231,2017-04-17,09:01:57,0,SR709,XZCE,6736,6720,6760,149078,10017413660,617340,614746,7009,6469,6739,6724,0,6729,0,0,0,2017-04-17,32517000,6736,12,0,0,0,0,0,0,0,0,6737,21,0,0,0,0,0,0,0,0
232,2017-04-17,09:01:57,0,SR709,XZCE,6737,6720,6760,149084,10017817880,617340,614746,7009,6469,6739,6724,0,6729,0,0,0,2017-04-17,32517000,6736,21,0,0,0,0,0,0,0,0,6737,18,0,0,0,0,0,0,0,0
233,2017-04-17,09:01:57,0,SR709,XZCE,6737,6720,6760,149088,10018087360,617340,614746,7009,6469,6739,6724,0,6729,0,0,0,2017-04-17,32517000,6736,22,0,0,0,0,0,0,0,0,6737,27,0,0,0,0,0,0,0,0
234,2017-04-17,09:01:58,0,SR709,XZCE,6736,6720,6760,149110,10019569280,617346,614746,7009,6469,6739,6724,0,6729,0,0,0,2017-04-17,32518000,6736,15,0,0,0,0,0,0,0,0,6737,24,0,0,0,0,0,0,0,0
235,2017-04-17,09:01:58,0,SR709,XZCE,6736,6720,6760,149114,10019838720,617350,614746,7009,6469,6739,6724,0,6729,0,0,0,2017-04-17,32518000,6736,6,0,0,0,0,0,0,0,0,6737,35,0,0,0,0,0,0,0,0
236,2017-04-17,09:01:59,0,SR709,XZCE,6736,6720,6760,149128,10020781760,617360,614746,7009,6469,6739,6724,0,6729,0,0,0,2017-04-17,32519000,6735,94,0,0,0,0,0,0,0,0,6737,36,0,0,0,0,0,0,0,0
237,2017-04-17,09:01:59,0,SR709,XZCE,6736,6720,6760,149142,10021724800,617360,614746,7009,6469,6739,6724,0,6729,0,0,0,2017-04-17,32519000,6735,93,0,0,0,0,0,0,0,0,6737,37,0,0,0,0,0,0,0,0
238,2017-04-17,09:02:00,0,SR709,XZCE,6736,6720,6760,149198,10025496960,617416,614746,7009,6469,6739,6724,0,6729,0,0,0,2017-04-17,32520000,6736,27,0,0,0,0,0,0,0,0,6737,32,0,0,0,0,0,0,0,0
239,2017-04-17,09:02:00,0,SR709,XZCE,6736,6720,6760,149204,10025901120,617422,614746,7009,6469,6739,6724,0,6729,0,0,0,2017-04-17,32520000,6736,24,0,0,0,0,0,0,0,0,6737,33,0,0,0,0,0,0,0,0
240,2017-04-17,09:02:01,0,SR709,XZCE,6737,6720,6760,149312,10033177080,617466,614746,7009,6469,6739,6724,0,6729,0,0,0,2017-04-17,32521000,6737,9,0,0,0,0,0,0,0,0,6738,48,0,0,0,0,0,0,0,0
241,2017-04-17,09:02:01,0,SR709,XZCE,6737,6720,6760,149342,10035198180,617492,614746,7009,6469,6739,6724,0,6729,0,0,0,2017-04-17,32521000,6736,30,0,0,0,0,0,0,0,0,6737,10,0,0,0,0,0,0,0,0
242,2017-04-17,09:02:02,0,SR709,XZCE,6737,6720,6760,149342,10035198180,617492,614746,7009,6469,6739,6724,0,6729,0,0,0,2017-04-17,32522000,6736,31,0,0,0,0,0,0,0,0,6737,12,0,0,0,0,0,0,0,0
243,2017-04-17,09:02:02,0,SR709,XZCE,6736,6720,6760,149344,10035332900,617492,614746,7009,6469,6739,6724,0,6729,0,0,0,2017-04-17,32522000,6736,30,0,0,0,0,0,0,0,0,6737,13,0,0,0,0,0,0,0,0
244,2017-04-17,09:02:03,0,SR709,XZCE,6736,6720,6760,149344,10035332900,617492,614746,7009,6469,6739,6724,0,6729,0,0,0,2017-04-17,32523000,6736,30,0,0,0,0,0,0,0,0,6737,4,0,0,0,0,0,0,0,0
245,2017-04-17,09:02:04,0,SR709,XZCE,6737,6720,6760,149408,10039644580,617480,614746,7009,6469,6739,6724,0,6729,0,0,0,2017-04-17,32524000,6736,10,0,0,0,0,0,0,0,0,6737,7,0,0,0,0,0,0,0,0
246,2017-04-17,09:02:04,0,SR709,XZCE,6737,6720,6760,149414,10040048800,617478,614746,7009,6469,6739,6724,0,6729,0,0,0,2017-04-17,32524000,6736,10,0,0,0,0,0,0,0,0,6737,8,0,0,0,0,0,0,0,0
247,2017-04-17,09:02:05,0,SR709,XZCE,6737,6720,6760,149440,10041800420,617472,614746,7009,6469,6739,6724,0,6729,0,0,0,2017-04-17,32525000,6736,4,0,0,0,0,0,0,0,0,6737,7,0,0,0,0,0,0,0,0
248,2017-04-17,09:02:05,0,SR709,XZCE,6737,6720,6760,149440,10041800420,617472,614746,7009,6469,6739,6724,0,6729,0,0,0,2017-04-17,32525000,6736,11,0,0,0,0,0,0,0,0,6737,11,0,0,0,0,0,0,0,0
249,2017-04-17,09:02:05,0,SR709,XZCE,6736,6720,6760,149444,10042069860,617472,614746,7009,6469,6739,6724,0,6729,0,0,0,2017-04-17,32525000,6736,18,0,0,0,0,0,0,0,0,6737,13,0,0,0,0,0,0,0,0
250,2017-04-17,09:02:06,0,SR709,XZCE,6736,6720,6760,149446,10042204580,617474,614746,7009,6469,6739,6724,0,6729,0,0,0,2017-04-17,32526000,6736,28,0,0,0,0,0,0,0,0,6737,13,0,0,0,0,0,0,0,0
251,2017-04-17,09:02:07,0,SR709,XZCE,6738,6720,6760,149478,10044360740,617470,614746,7009,6469,6739,6724,0,6729,0,0,0,2017-04-17,32527000,6737,31,0,0,0,0,0,0,0,0,6738,47,0,0,0,0,0,0,0,0
252,2017-04-17,09:02:07,0,SR709,XZCE,6738,6720,6760,149490,10045169300,617466,614746,7009,6469,6739,6724,0,6729,0,0,0,2017-04-17,32527000,6737,40,0,0,0,0,0,0,0,0,6738,42,0,0,0,0,0,0,0,0
253,2017-04-17,09:02:08,0,SR709,XZCE,6738,6720,6760,149500,10045843100,617466,614746,7009,6469,6739,6724,0,6729,0,0,0,2017-04-17,32528000,6737,40,0,0,0,0,0,0,0,0,6738,25,0,0,0,0,0,0,0,0
254,2017-04-17,09:02:09,0,SR709,XZCE,6738,6720,6760,149514,10046786420,617478,614746,7009,6469,6739,6724,0,6729,0,0,0,2017-04-17,32529000,6737,39,0,0,0,0,0,0,0,0,6738,20,0,0,0,0,0,0,0,0
255,2017-04-17,09:02:09,0,SR709,XZCE,6738,6720,6760,149514,10046786420,617478,614746,7009,6469,6739,6724,0,6729,0,0,0,2017-04-17,32529000,6737,39,0,0,0,0,0,0,0,0,6738,19,0,0,0,0,0,0,0,0
256,2017-04-17,09:02:10,0,SR709,XZCE,6738,6720,6760,149514,10046786420,617478,614746,7009,6469,6739,6724,0,6729,0,0,0,2017-04-17,32530000,6737,39,0,0,0,0,0,0,0,0,6738,20,0,0,0,0,0,0,0,0
257,2017-04-17,09:02:10,0,SR709,XZCE,6739,6720,6760,149558,10049751580,617462,614746,7009,6469,6739,6724,0,6729,0,0,0,2017-04-17,32530000,6738,38,0,0,0,0,0,0,0,0,6739,22,0,0,0,0,0,0,0,0
258,2017-04-17,09:02:11,0,SR709,XZCE,6738,6720,6760,149566,10050290620,617462,614746,7009,6469,6739,6724,0,6729,0,0,0,2017-04-17,32531000,6738,40,0,0,0,0,0,0,0,0,6739,19,0,0,0,0,0,0,0,0
259,2017-04-17,09:02:11,0,SR709,XZCE,6739,6720,6760,149576,10050964520,617460,614746,7009,6469,6739,6724,0,6729,0,0,0,2017-04-17,32531000,6738,41,0,0,0,0,0,0,0,0,6739,18,0,0,0,0,0,0,0,0
260,2017-04-17,09:02:11,0,SR709,XZCE,6738,6720,6760,149600,10052581640,617452,614746,7009,6469,6739,6724,0,6729,0,0,0,2017-04-17,32531000,6738,33,0,0,0,0,0,0,0,0,6739,18,0,0,0,0,0,0,0,0
261,2017-04-17,09:02:12,0,SR709,XZCE,6738,6720,6760,149600,10052581640,617452,614746,7009,6469,6739,6724,0,6729,0,0,0,2017-04-17,32532000,6738,37,0,0,0,0,0,0,0,0,6739,18,0,0,0,0,0,0,0,0
262,2017-04-17,09:02:12,0,SR709,XZCE,6739,6720,6760,149610,10053255540,617450,614746,7009,6469,6739,6724,0,6729,0,0,0,2017-04-17,32532000,6738,36,0,0,0,0,0,0,0,0,6739,14,0,0,0,0,0,0,0,0
263,2017-04-17,09:02:13,0,SR709,XZCE,6739,6720,6760,149694,10058916300,617504,614746,7009,6469,6739,6724,0,6729,0,0,0,2017-04-17,32533000,6738,16,0,0,0,0,0,0,0,0,6739,31,0,0,0,0,0,0,0,0
264,2017-04-17,09:02:13,0,SR709,XZCE,6739,6720,6760,149694,10058916300,617504,614746,7009,6469,6739,6724,0,6729,0,0,0,2017-04-17,32533000,6738,16,0,0,0,0,0,0,0,0,6739,30,0,0,0,0,0,0,0,0
265,2017-04-17,09:02:14,0,SR709,XZCE,6739,6720,6760,149754,10062959700,617556,614746,7009,6469,6739,6724,0,6729,0,0,0,2017-04-17,32534000,6739,20,0,0,0,0,0,0,0,0,6740,207,0,0,0,0,0,0,0,0
266,2017-04-17,09:02:14,0,SR709,XZCE,6739,6720,6760,149794,10065655300,617570,614746,7009,6469,6739,6724,0,6729,0,0,0,2017-04-17,32534000,6738,14,0,0,0,0,0,0,0,0,6739,19,0,0,0,0,0,0,0,0
267,2017-04-17,09:02:15,0,SR709,XZCE,6738,6720,6760,149802,10066194340,617574,614746,7009,6469,6739,6724,0,6729,0,0,0,2017-04-17,32535000,6738,14,0,0,0,0,0,0,0,0,6739,17,0,0,0,0,0,0,0,0
268,2017-04-17,09:02:15,0,SR709,XZCE,6738,6720,6760,149804,10066329100,617576,614746,7009,6469,6739,6724,0,6729,0,0,0,2017-04-17,32535000,6738,17,0,0,0,0,0,0,0,0,6739,22,0,0,0,0,0,0,0,0
269,2017-04-17,09:02:17,0,SR709,XZCE,6739,6720,6760,149818,10067272560,617590,614746,7009,6469,6739,6724,0,6729,0,0,0,2017-04-17,32537000,6738,16,0,0,0,0,0,0,0,0,6739,16,0,0,0,0,0,0,0,0
270,2017-04-17,09:02:17,0,SR709,XZCE,6739,6720,6760,149818,10067272560,617590,614746,7009,6469,6739,6724,0,6729,0,0,0,2017-04-17,32537000,6738,17,0,0,0,0,0,0,0,0,6739,17,0,0,0,0,0,0,0,0
271,2017-04-17,09:02:18,0,SR709,XZCE,6739,6720,6760,149896,10072528980,617588,614746,7009,6469,6739,6724,0,6729,0,0,0,2017-04-17,32538000,6738,1,0,0,0,0,0,0,0,0,6739,8,0,0,0,0,0,0,0,0
272,2017-04-17,09:02:18,0,SR709,XZCE,6738,6720,6760,149898,10072663740,617590,614746,7009,6469,6739,6724,0,6729,0,0,0,2017-04-17,32538000,6738,8,0,0,0,0,0,0,0,0,6739,9,0,0,0,0,0,0,0,0
273,2017-04-17,09:02:19,0,SR709,XZCE,6739,6720,6760,149900,10072798520,617592,614746,7009,6469,6739,6724,0,6729,0,0,0,2017-04-17,32539000,6738,8,0,0,0,0,0,0,0,0,6739,8,0,0,0,0,0,0,0,0
274,2017-04-17,09:02:19,0,SR709,XZCE,6738,6720,6760,149902,10072933280,617594,614746,7009,6469,6739,6724,0,6729,0,0,0,2017-04-17,32539000,6738,22,0,0,0,0,0,0,0,0,6739,11,0,0,0,0,0,0,0,0
275,2017-04-17,09:02:19,0,SR709,XZCE,6738,6720,6760,149902,10072933280,617594,614746,7009,6469,6739,6724,0,6729,0,0,0,2017-04-17,32539000,6738,23,0,0,0,0,0,0,0,0,6739,11,0,0,0,0,0,0,0,0
276,2017-04-17,09:02:21,0,SR709,XZCE,6740,6720,6760,149968,10077381680,617622,614746,7009,6469,6739,6724,0,6729,0,0,0,2017-04-17,32541000,6739,23,0,0,0,0,0,0,0,0,6740,172,0,0,0,0,0,0,0,0
277,2017-04-17,09:02:22,0,SR709,XZCE,6739,6720,6760,149986,10078594700,617624,614746,7009,6469,6739,6724,0,6729,0,0,0,2017-04-17,32542000,6739,18,0,0,0,0,0,0,0,0,6740,171,0,0,0,0,0,0,0,0
278,2017-04-17,09:02:22,0,SR709,XZCE,6739,6720,6760,149996,10079268600,617626,614746,7009,6469,6739,6724,0,6729,0,0,0,2017-04-17,32542000,6739,14,0,0,0,0,0,0,0,0,6740,171,0,0,0,0,0,0,0,0
279,2017-04-17,09:02:22,0,SR709,XZCE,6739,6720,6760,150026,10081290300,617630,614746,7009,6469,6739,6724,0,6729,0,0,0,2017-04-17,32542000,6738,29,0,0,0,0,0,0,0,0,6739,5,0,0,0,0,0,0,0,0
280,2017-04-17,09:02:23,0,SR709,XZCE,6738,6720,6760,150040,10082233620,617634,614746,7009,6469,6739,6724,0,6729,0,0,0,2017-04-17,32543000,6738,26,0,0,0,0,0,0,0,0,6739,2,0,0,0,0,0,0,0,0
281,2017-04-17,09:02:23,0,SR709,XZCE,6739,6720,6760,150058,10083446640,617628,614746,7009,6469,6739,6724,0,6729,0,0,0,2017-04-17,32543000,6738,46,0,0,0,0,0,0,0,0,6739,14,0,0,0,0,0,0,0,0
282,2017-04-17,09:02:24,0,SR709,XZCE,6739,6720,6760,150094,10085872680,617616,614746,7009,6469,6739,6724,0,6729,0,0,0,2017-04-17,32544000,6739,10,0,0,0,0,0,0,0,0,6740,171,0,0,0,0,0,0,0,0
283,2017-04-17,09:02:25,0,SR709,XZCE,6738,6720,6760,150118,10087489800,617614,614746,7009,6469,6739,6724,0,6729,0,0,0,2017-04-17,32545000,6738,44,0,0,0,0,0,0,0,0,6739,11,0,0,0,0,0,0,0,0
284,2017-04-17,09:02:25,0,SR709,XZCE,6739,6720,6760,150124,10087894140,617614,614746,7009,6469,6739,6724,0,6729,0,0,0,2017-04-17,32545000,6738,44,0,0,0,0,0,0,0,0,6739,9,0,0,0,0,0,0,0,0
285,2017-04-17,09:02:26,0,SR709,XZCE,6738,6720,6760,150184,10091936940,617566,614746,7009,6469,6739,6724,0,6729,0,0,0,2017-04-17,32546000,6738,14,0,0,0,0,0,0,0,0,6739,10,0,0,0,0,0,0,0,0
286,2017-04-17,09:02:26,0,SR709,XZCE,6739,6720,6760,150186,10092071720,617566,614746,7009,6469,6739,6724,0,6729,0,0,0,2017-04-17,32546000,6738,16,0,0,0,0,0,0,0,0,6739,18,0,0,0,0,0,0,0,0
287,2017-04-17,09:02:26,0,SR709,XZCE,6738,6720,6760,150226,10094766920,617568,614746,7009,6469,6739,6724,0,6729,0,0,0,2017-04-17,32546000,6737,37,0,0,0,0,0,0,0,0,6738,49,0,0,0,0,0,0,0,0
288,2017-04-17,09:02:27,0,SR709,XZCE,6738,6720,6760,150230,10095036440,617572,614746,7009,6469,6739,6724,0,6729,0,0,0,2017-04-17,32547000,6737,38,0,0,0,0,0,0,0,0,6738,47,0,0,0,0,0,0,0,0
289,2017-04-17,09:02:27,0,SR709,XZCE,6738,6720,6760,150232,10095171200,617574,614746,7009,6469,6739,6724,0,6729,0,0,0,2017-04-17,32547000,6737,38,0,0,0,0,0,0,0,0,6738,46,0,0,0,0,0,0,0,0
290,2017-04-17,09:02:28,0,SR709,XZCE,6738,6720,6760,150232,10095171200,617574,614746,7009,6469,6739,6724,0,6729,0,0,0,2017-04-17,32548000,6737,39,0,0,0,0,0,0,0,0,6738,47,0,0,0,0,0,0,0,0
291,2017-04-17,09:02:28,0,SR709,XZCE,6738,6720,6760,150236,10095440720,617576,614746,7009,6469,6739,6724,0,6729,0,0,0,2017-04-17,32548000,6737,29,0,0,0,0,0,0,0,0,6738,45,0,0,0,0,0,0,0,0
292,2017-04-17,09:02:29,0,SR709,XZCE,6738,6720,6760,150252,10096518800,617590,614746,7009,6469,6739,6724,0,6729,0,0,0,2017-04-17,32549000,6737,30,0,0,0,0,0,0,0,0,6738,37,0,0,0,0,0,0,0,0
293,2017-04-17,09:02:29,0,SR709,XZCE,6738,6720,6760,150330,10101774440,617660,614746,7009,6469,6739,6724,0,6729,0,0,0,2017-04-17,32549000,6738,13,0,0,0,0,0,0,0,0,6739,28,0,0,0,0,0,0,0,0
294,2017-04-17,09:02:30,0,SR709,XZCE,6739,6720,6760,150332,10101909220,617660,614746,7009,6469,6739,6724,0,6729,0,0,0,2017-04-17,32550000,6738,14,0,0,0,0,0,0,0,0,6739,27,0,0,0,0,0,0,0,0
295,2017-04-17,09:02:31,0,SR709,XZCE,6739,6720,6760,150332,10101909220,617660,614746,7009,6469,6739,6724,0,6729,0,0,0,2017-04-17,32551000,6738,27,0,0,0,0,0,0,0,0,6739,24,0,0,0,0,0,0,0,0
296,2017-04-17,09:02:31,0,SR709,XZCE,6739,6720,6760,150342,10102583120,617654,614746,7009,6469,6739,6724,0,6729,0,0,0,2017-04-17,32551000,6738,29,0,0,0,0,0,0,0,0,6739,19,0,0,0,0,0,0,0,0
297,2017-04-17,09:02:32,0,SR709,XZCE,6739,6720,6760,150342,10102583120,617654,614746,7009,6469,6739,6724,0,6729,0,0,0,2017-04-17,32552000,6738,30,0,0,0,0,0,0,0,0,6739,22,0,0,0,0,0,0,0,0
298,2017-04-17,09:02:32,0,SR709,XZCE,6739,6720,6760,150388,10105683060,617698,614746,7009,6469,6739,6724,0,6729,0,0,0,2017-04-17,32552000,6738,70,0,0,0,0,0,0,0,0,6740,183,0,0,0,0,0,0,0,0
299,2017-04-17,09:02:32,0,SR709,XZCE,6739,6720,6760,150388,10105683060,617698,614746,7009,6469,6739,6724,0,6729,0,0,0,2017-04-17,32552000,6738,70,0,0,0,0,0,0,0,0,6739,1,0,0,0,0,0,0,0,0
300,2017-04-17,09:02:33,0,SR709,XZCE,6739,6720,6760,150712,10127517420,617708,614746,7009,6469,6739,6724,0,6729,0,0,0,2017-04-17,32553000,6739,14,0,0,0,0,0,0,0,0,6740,21,0,0,0,0,0,0,0,0
301,2017-04-17,09:02:33,0,SR709,XZCE,6740,6720,6760,150714,10127652220,617706,614746,7009,6469,6739,6724,0,6729,0,0,0,2017-04-17,32553000,6739,24,0,0,0,0,0,0,0,0,6740,21,0,0,0,0,0,0,0,0
302,2017-04-17,09:02:34,0,SR709,XZCE,6740,6720,6760,150714,10127652220,617706,614746,7009,6469,6739,6724,0,6729,0,0,0,2017-04-17,32554000,6739,26,0,0,0,0,0,0,0,0,6740,21,0,0,0,0,0,0,0,0
303,2017-04-17,09:02:35,0,SR709,XZCE,6740,6720,6760,150720,10128056620,617706,614746,7009,6469,6739,6724,0,6729,0,0,0,2017-04-17,32555000,6739,28,0,0,0,0,0,0,0,0,6740,20,0,0,0,0,0,0,0,0
304,2017-04-17,09:02:35,0,SR709,XZCE,6739,6720,6760,150746,10129808760,617704,614746,7009,6469,6739,6724,0,6729,0,0,0,2017-04-17,32555000,6739,23,0,0,0,0,0,0,0,0,6740,16,0,0,0,0,0,0,0,0
305,2017-04-17,09:02:36,0,SR709,XZCE,6739,6720,6760,150746,10129808760,617704,614746,7009,6469,6739,6724,0,6729,0,0,0,2017-04-17,32556000,6739,24,0,0,0,0,0,0,0,0,6740,34,0,0,0,0,0,0,0,0
306,2017-04-17,09:02:37,0,SR709,XZCE,6739,6720,6760,150756,10130482660,617704,614746,7009,6469,6739,6724,0,6729,0,0,0,2017-04-17,32557000,6739,25,0,0,0,0,0,0,0,0,6740,35,0,0,0,0,0,0,0,0
307,2017-04-17,09:02:38,0,SR709,XZCE,6739,6720,6760,150758,10130617440,617704,614746,7009,6469,6739,6724,0,6729,0,0,0,2017-04-17,32558000,6739,29,0,0,0,0,0,0,0,0,6740,36,0,0,0,0,0,0,0,0
308,2017-04-17,09:02:38,0,SR709,XZCE,6739,6720,6760,150758,10130617440,617704,614746,7009,6469,6739,6724,0,6729,0,0,0,2017-04-17,32558000,6739,34,0,0,0,0,0,0,0,0,6740,37,0,0,0,0,0,0,0,0
309,2017-04-17,09:02:39,0,SR709,XZCE,6739,6720,6760,150758,10130617440,617704,614746,7009,6469,6739,6724,0,6729,0,0,0,2017-04-17,32559000,6739,36,0,0,0,0,0,0,0,0,6740,37,0,0,0,0,0,0,0,0
310,2017-04-17,09:02:39,0,SR709,XZCE,6739,6720,6760,150758,10130617440,617704,614746,7009,6469,6739,6724,0,6729,0,0,0,2017-04-17,32559000,6739,37,0,0,0,0,0,0,0,0,6740,88,0,0,0,0,0,0,0,0
311,2017-04-17,09:02:39,0,SR709,XZCE,6740,6720,6760,150760,10130752240,617704,614746,7009,6469,6739,6724,0,6729,0,0,0,2017-04-17,32559000,6739,37,0,0,0,0,0,0,0,0,6740,87,0,0,0,0,0,0,0,0
312,2017-04-17,09:02:40,0,SR709,XZCE,6740,6720,6760,150798,10133313440,617720,614746,7009,6469,6739,6724,0,6729,0,0,0,2017-04-17,32560000,6739,27,0,0,0,0,0,0,0,0,6740,74,0,0,0,0,0,0,0,0
313,2017-04-17,09:02:41,0,SR709,XZCE,6740,6720,6760,150818,10134661440,617720,614746,7009,6469,6739,6724,0,6729,0,0,0,2017-04-17,32561000,6739,24,0,0,0,0,0,0,0,0,6740,66,0,0,0,0,0,0,0,0
314,2017-04-17,09:02:41,0,SR709,XZCE,6740,6720,6760,150818,10134661440,617720,614746,7009,6469,6739,6724,0,6729,0,0,0,2017-04-17,32561000,6739,24,0,0,0,0,0,0,0,0,6740,67,0,0,0,0,0,0,0,0
315,2017-04-17,09:02:42,0,SR709,XZCE,6739,6720,6760,150840,10136144020,617724,614746,7009,6469,6739,6724,0,6729,0,0,0,2017-04-17,32562000,6739,14,0,0,0,0,0,0,0,0,6740,79,0,0,0,0,0,0,0,0
316,2017-04-17,09:02:42,0,SR709,XZCE,6740,6720,6760,150900,10140188020,617724,614746,7009,6469,6739,6724,0,6729,0,0,0,2017-04-17,32562000,6739,5,0,0,0,0,0,0,0,0,6740,58,0,0,0,0,0,0,0,0
317,2017-04-17,09:02:43,0,SR709,XZCE,6740,6720,6760,150900,10140188020,617724,614746,7009,6469,6739,6724,0,6729,0,0,0,2017-04-17,32563000,6739,18,0,0,0,0,0,0,0,0,6740,64,0,0,0,0,0,0,0,0
318,2017-04-17,09:02:44,0,SR709,XZCE,6740,6720,6760,150900,10140188020,617724,614746,7009,6469,6739,6724,0,6729,0,0,0,2017-04-17,32564000,6739,19,0,0,0,0,0,0,0,0,6740,64,0,0,0,0,0,0,0,0
319,2017-04-17,09:02:45,0,SR709,XZCE,6739,6720,6760,150920,10141535820,617740,614746,7009,6469,6739,6724,0,6729,0,0,0,2017-04-17,32565000,6739,17,0,0,0,0,0,0,0,0,6740,58,0,0,0,0,0,0,0,0
320,2017-04-17,09:02:45,0,SR709,XZCE,6739,6720,6760,150928,10142074940,617738,614746,7009,6469,6739,6724,0,6729,0,0,0,2017-04-17,32565000,6739,23,0,0,0,0,0,0,0,0,6740,58,0,0,0,0,0,0,0,0
321,2017-04-17,09:02:46,0,SR709,XZCE,6739,6720,6760,150974,10145174880,617740,614746,7009,6469,6739,6724,0,6729,0,0,0,2017-04-17,32566000,6738,71,0,0,0,0,0,0,0,0,6739,48,0,0,0,0,0,0,0,0
322,2017-04-17,09:02:47,0,SR709,XZCE,6739,6720,6760,150974,10145174880,617740,614746,7009,6469,6739,6724,0,6729,0,0,0,2017-04-17,32567000,6738,69,0,0,0,0,0,0,0,0,6739,48,0,0,0,0,0,0,0,0
323,2017-04-17,09:02:47,0,SR709,XZCE,6738,6720,6760,150982,10145713920,617748,614746,7009,6469,6739,6724,0,6729,0,0,0,2017-04-17,32567000,6738,65,0,0,0,0,0,0,0,0,6739,48,0,0,0,0,0,0,0,0
324,2017-04-17,09:02:48,0,SR709,XZCE,6738,6720,6760,150984,10145848680,617750,614746,7009,6469,6739,6724,0,6729,0,0,0,2017-04-17,32568000,6738,64,0,0,0,0,0,0,0,0,6739,49,0,0,0,0,0,0,0,0
325,2017-04-17,09:02:49,0,SR709,XZCE,6739,6720,6760,150988,10146118240,617750,614746,7009,6469,6739,6724,0,6729,0,0,0,2017-04-17,32569000,6738,64,0,0,0,0,0,0,0,0,6739,58,0,0,0,0,0,0,0,0
326,2017-04-17,09:02:49,0,SR709,XZCE,6739,6720,6760,151104,10153935480,617728,614746,7009,6469,6739,6724,0,6729,0,0,0,2017-04-17,32569000,6739,242,0,0,0,0,0,0,0,0,6740,71,0,0,0,0,0,0,0,0
327,2017-04-17,09:02:49,0,SR709,XZCE,6739,6720,6760,151108,10154205040,617726,614746,7009,6469,6739,6724,0,6729,0,0,0,2017-04-17,32569000,6739,240,0,0,0,0,0,0,0,0,6740,66,0,0,0,0,0,0,0,0
328,2017-04-17,09:02:50,0,SR709,XZCE,6740,6720,6760,151120,10155013840,617738,614746,7009,6469,6739,6724,0,6729,0,0,0,2017-04-17,32570000,6739,242,0,0,0,0,0,0,0,0,6740,60,0,0,0,0,0,0,0,0
329,2017-04-17,09:02:50,0,SR709,XZCE,6740,6720,6760,151132,10155822640,617740,614746,7009,6469,6739,6724,0,6729,0,0,0,2017-04-17,32570000,6739,242,0,0,0,0,0,0,0,0,6740,54,0,0,0,0,0,0,0,0
330,2017-04-17,09:02:51,0,SR709,XZCE,6740,6720,6760,151134,10155957440,617740,614746,7009,6469,6739,6724,0,6729,0,0,0,2017-04-17,32571000,6739,247,0,0,0,0,0,0,0,0,6740,53,0,0,0,0,0,0,0,0
331,2017-04-17,09:02:52,0,SR709,XZCE,6739,6720,6760,151148,10156900900,617740,614746,7009,6469,6739,6724,0,6729,0,0,0,2017-04-17,32572000,6739,245,0,0,0,0,0,0,0,0,6740,49,0,0,0,0,0,0,0,0
332,2017-04-17,09:02:52,0,SR709,XZCE,6739,6720,6760,151228,10162292100,617728,614746,7009,6469,6739,6724,0,6729,0,0,0,2017-04-17,32572000,6739,205,0,0,0,0,0,0,0,0,6740,49,0,0,0,0,0,0,0,0
333,2017-04-17,09:02:52,0,SR709,XZCE,6740,6720,6760,151238,10162966100,617730,614746,7009,6469,6739,6724,0,6729,0,0,0,2017-04-17,32572000,6739,202,0,0,0,0,0,0,0,0,6740,47,0,0,0,0,0,0,0,0
334,2017-04-17,09:02:53,0,SR709,XZCE,6739,6720,6760,151246,10163505220,617724,614746,7009,6469,6739,6724,0,6729,0,0,0,2017-04-17,32573000,6739,199,0,0,0,0,0,0,0,0,6740,46,0,0,0,0,0,0,0,0
335,2017-04-17,09:02:54,0,SR709,XZCE,6740,6720,6760,151248,10163640020,617726,614746,7009,6469,6739,6724,0,6729,0,0,0,2017-04-17,32574000,6739,199,0,0,0,0,0,0,0,0,6740,48,0,0,0,0,0,0,0,0
336,2017-04-17,09:02:54,0,SR709,XZCE,6740,6720,6760,151288,10166336020,617718,614746,7009,6469,6739,6724,0,6729,0,0,0,2017-04-17,32574000,6739,199,0,0,0,0,0,0,0,0,6740,29,0,0,0,0,0,0,0,0
337,2017-04-17,09:02:54,0,SR709,XZCE,6740,6720,6760,151288,10166336020,617718,614746,7009,6469,6739,6724,0,6729,0,0,0,2017-04-17,32574000,6739,199,0,0,0,0,0,0,0,0,6740,31,0,0,0,0,0,0,0,0
338,2017-04-17,09:02:55,0,SR709,XZCE,6740,6720,6760,151292,10166605620,617716,614746,7009,6469,6739,6724,0,6729,0,0,0,2017-04-17,32575000,6739,199,0,0,0,0,0,0,0,0,6740,29,0,0,0,0,0,0,0,0
339,2017-04-17,09:02:56,0,SR709,XZCE,6740,6720,6760,151352,10170649620,617670,614746,7009,6469,6739,6724,0,6729,0,0,0,2017-04-17,32576000,6740,10,0,0,0,0,0,0,0,0,6741,142,0,0,0,0,0,0,0,0
340,2017-04-17,09:02:57,0,SR709,XZCE,6739,6720,6760,151504,10180892900,617548,614746,7009,6469,6739,6724,0,6729,0,0,0,2017-04-17,32577000,6739,148,0,0,0,0,0,0,0,0,6741,163,0,0,0,0,0,0,0,0
341,2017-04-17,09:02:57,0,SR709,XZCE,6740,6720,6760,151644,10190328900,617560,614746,7009,6469,6739,6724,0,6729,0,0,0,2017-04-17,32577000,6739,128,0,0,0,0,0,0,0,0,6740,6,0,0,0,0,0,0,0,0
342,2017-04-17,09:02:57,0,SR709,XZCE,6740,6720,6760,151644,10190328900,617560,614746,7009,6469,6739,6724,0,6729,0,0,0,2017-04-17,32577000,6739,131,0,0,0,0,0,0,0,0,6740,6,0,0,0,0,0,0,0,0
343,2017-04-17,09:02:58,0,SR709,XZCE,6740,6720,6760,151656,10191137700,617548,614746,7009,6469,6739,6724,0,6729,0,0,0,2017-04-17,32578000,6739,129,0,0,0,0,0,0,0,0,6740,2,0,0,0,0,0,0,0,0
344,2017-04-17,09:02:59,0,SR709,XZCE,6739,6720,6760,151672,10192215940,617548,614746,7009,6469,6739,6724,0,6729,0,0,0,2017-04-17,32579000,6739,122,0,0,0,0,0,0,0,0,6740,8,0,0,0,0,0,0,0,0
345,2017-04-17,09:02:59,0,SR709,XZCE,6739,6720,6760,151672,10192215940,617548,614746,7009,6469,6739,6724,0,6729,0,0,0,2017-04-17,32579000,6739,123,0,0,0,0,0,0,0,0,6740,8,0,0,0,0,0,0,0,0
346,2017-04-17,09:02:59,0,SR709,XZCE,6740,6720,6760,151674,10192350740,617546,614746,7009,6469,6739,6724,0,6729,0,0,0,2017-04-17,32579000,6739,123,0,0,0,0,0,0,0,0,6740,5,0,0,0,0,0,0,0,0
347,2017-04-17,09:03:00,0,SR709,XZCE,6740,6720,6760,151684,10193024740,617536,614746,7009,6469,6739,6724,0,6729,0,0,0,2017-04-17,32580000,6740,95,0,0,0,0,0,0,0,0,6741,153,0,0,0,0,0,0,0,0
348,2017-04-17,09:03:01,0,SR709,XZCE,6741,6720,6760,151732,10196260420,617554,614746,7009,6469,6739,6724,0,6729,0,0,0,2017-04-17,32581000,6740,103,0,0,0,0,0,0,0,0,6741,132,0,0,0,0,0,0,0,0
349,2017-04-17,09:03:01,0,SR709,XZCE,6740,6720,6760,151738,10196664820,617552,614746,7009,6469,6739,6724,0,6729,0,0,0,2017-04-17,32581000,6740,111,0,0,0,0,0,0,0,0,6741,131,0,0,0,0,0,0,0,0
350,2017-04-17,09:03:02,0,SR709,XZCE,6741,6720,6760,151810,10201518340,617552,614746,7009,6469,6739,6724,0,6729,0,0,0,2017-04-17,32582000,6740,113,0,0,0,0,0,0,0,0,6741,95,0,0,0,0,0,0,0,0
351,2017-04-17,09:03:02,0,SR709,XZCE,6741,6720,6760,151816,10201922800,617548,614746,7009,6469,6739,6724,0,6729,0,0,0,2017-04-17,32582000,6740,114,0,0,0,0,0,0,0,0,6741,92,0,0,0,0,0,0,0,0
352,2017-04-17,09:03:03,0,SR709,XZCE,6741,6720,6760,151846,10203945100,617526,614746,7009,6469,6739,6724,0,6729,0,0,0,2017-04-17,32583000,6740,105,0,0,0,0,0,0,0,0,6741,88,0,0,0,0,0,0,0,0
353,2017-04-17,09:03:03,0,SR709,XZCE,6741,6720,6760,151886,10206641500,617526,614746,7009,6469,6739,6724,0,6729,0,0,0,2017-04-17,32583000,6740,105,0,0,0,0,0,0,0,0,6741,68,0,0,0,0,0,0,0,0
354,2017-04-17,09:03:03,0,SR709,XZCE,6741,6720,6760,151888,10206776320,617524,614746,7009,6469,6739,6724,0,6729,0,0,0,2017-04-17,32583000,6740,105,0,0,0,0,0,0,0,0,6741,67,0,0,0,0,0,0,0,0
355,2017-04-17,09:03:04,0,SR709,XZCE,6741,6720,6760,151888,10206776320,617524,614746,7009,6469,6739,6724,0,6729,0,0,0,2017-04-17,32584000,6740,105,0,0,0,0,0,0,0,0,6741,71,0,0,0,0,0,0,0,0
356,2017-04-17,09:03:05,0,SR709,XZCE,6740,6720,6760,151950,10210955120,617534,614746,7009,6469,6739,6724,0,6729,0,0,0,2017-04-17,32585000,6740,101,0,0,0,0,0,0,0,0,6741,45,0,0,0,0,0,0,0,0
357,2017-04-17,09:03:05,0,SR709,XZCE,6740,6720,6760,151958,10211494320,617528,614746,7009,6469,6739,6724,0,6729,0,0,0,2017-04-17,32585000,6740,98,0,0,0,0,0,0,0,0,6741,44,0,0,0,0,0,0,0,0
358,2017-04-17,09:03:06,0,SR709,XZCE,6741,6720,6760,151978,10212842520,617546,614746,7009,6469,6739,6724,0,6729,0,0,0,2017-04-17,32586000,6740,101,0,0,0,0,0,0,0,0,6741,41,0,0,0,0,0,0,0,0
359,2017-04-17,09:03:07,0,SR709,XZCE,6741,6720,6760,151990,10213651440,617540,614746,7009,6469,6739,6724,0,6729,0,0,0,2017-04-17,32587000,6740,95,0,0,0,0,0,0,0,0,6741,38,0,0,0,0,0,0,0,0
360,2017-04-17,09:03:07,0,SR709,XZCE,6741,6720,6760,151996,10214055900,617544,614746,7009,6469,6739,6724,0,6729,0,0,0,2017-04-17,32587000,6740,95,0,0,0,0,0,0,0,0,6741,35,0,0,0,0,0,0,0,0
361,2017-04-17,09:03:08,0,SR709,XZCE,6741,6720,6760,152008,10214864820,617544,614746,7009,6469,6739,6724,0,6729,0,0,0,2017-04-17,32588000,6740,95,0,0,0,0,0,0,0,0,6741,28,0,0,0,0,0,0,0,0
362,2017-04-17,09:03:08,0,SR709,XZCE,6741,6720,6760,152008,10214864820,617544,614746,7009,6469,6739,6724,0,6729,0,0,0,2017-04-17,32588000,6740,95,0,0,0,0,0,0,0,0,6741,80,0,0,0,0,0,0,0,0
363,2017-04-17,09:03:10,0,SR709,XZCE,6741,6720,6760,152008,10214864820,617544,614746,7009,6469,6739,6724,0,6729,0,0,0,2017-04-17,32590000,6740,94,0,0,0,0,0,0,0,0,6741,80,0,0,0,0,0,0,0,0
364,2017-04-17,09:03:10,0,SR709,XZCE,6741,6720,6760,152032,10216482660,617522,614746,7009,6469,6739,6724,0,6729,0,0,0,2017-04-17,32590000,6740,94,0,0,0,0,0,0,0,0,6741,70,0,0,0,0,0,0,0,0
365,2017-04-17,09:03:11,0,SR709,XZCE,6741,6720,6760,152074,10219313880,617536,614746,7009,6469,6739,6724,0,6729,0,0,0,2017-04-17,32591000,6740,94,0,0,0,0,0,0,0,0,6741,52,0,0,0,0,0,0,0,0
366,2017-04-17,09:03:11,0,SR709,XZCE,6741,6720,6760,152074,10219313880,617536,614746,7009,6469,6739,6724,0,6729,0,0,0,2017-04-17,32591000,6740,98,0,0,0,0,0,0,0,0,6741,54,0,0,0,0,0,0,0,0
367,2017-04-17,09:03:12,0,SR709,XZCE,6741,6720,6760,152078,10219583520,617536,614746,7009,6469,6739,6724,0,6729,0,0,0,2017-04-17,32592000,6740,94,0,0,0,0,0,0,0,0,6741,54,0,0,0,0,0,0,0,0
368,2017-04-17,09:03:12,0,SR709,XZCE,6741,6720,6760,152126,10222819200,617536,614746,7009,6469,6739,6724,0,6729,0,0,0,2017-04-17,32592000,6740,72,0,0,0,0,0,0,0,0,6741,52,0,0,0,0,0,0,0,0
369,2017-04-17,09:03:13,0,SR709,XZCE,6741,6720,6760,152128,10222954020,617538,614746,7009,6469,6739,6724,0,6729,0,0,0,2017-04-17,32593000,6740,72,0,0,0,0,0,0,0,0,6741,51,0,0,0,0,0,0,0,0
370,2017-04-17,09:03:13,0,SR709,XZCE,6741,6720,6760,152138,10223628120,617546,614746,7009,6469,6739,6724,0,6729,0,0,0,2017-04-17,32593000,6740,67,0,0,0,0,0,0,0,0,6741,47,0,0,0,0,0,0,0,0
371,2017-04-17,09:03:14,0,SR709,XZCE,6741,6720,6760,152144,10224032580,617552,614746,7009,6469,6739,6724,0,6729,0,0,0,2017-04-17,32594000,6740,67,0,0,0,0,0,0,0,0,6741,45,0,0,0,0,0,0,0,0
372,2017-04-17,09:03:14,0,SR709,XZCE,6740,6720,6760,152262,10231985780,617550,614746,7009,6469,6739,6724,0,6729,0,0,0,2017-04-17,32594000,6740,10,0,0,0,0,0,0,0,0,6741,48,0,0,0,0,0,0,0,0
373,2017-04-17,09:03:15,0,SR709,XZCE,6741,6720,6760,152264,10232120600,617552,614746,7009,6469,6739,6724,0,6729,0,0,0,2017-04-17,32595000,6740,12,0,0,0,0,0,0,0,0,6741,49,0,0,0,0,0,0,0,0
374,2017-04-17,09:03:15,0,SR709,XZCE,6740,6720,6760,152266,10232255400,617554,614746,7009,6469,6739,6724,0,6729,0,0,0,2017-04-17,32595000,6740,11,0,0,0,0,0,0,0,0,6741,49,0,0,0,0,0,0,0,0
375,2017-04-17,09:03:16,0,SR709,XZCE,6741,6720,6760,152280,10233199140,617566,614746,7009,6469,6739,6724,0,6729,0,0,0,2017-04-17,32596000,6740,11,0,0,0,0,0,0,0,0,6741,40,0,0,0,0,0,0,0,0
376,2017-04-17,09:03:17,0,SR709,XZCE,6740,6720,6760,152294,10234142740,617566,614746,7009,6469,6739,6724,0,6729,0,0,0,2017-04-17,32597000,6740,9,0,0,0,0,0,0,0,0,6741,35,0,0,0,0,0,0,0,0
377,2017-04-17,09:03:18,0,SR709,XZCE,6740,6720,6760,152296,10234277540,617564,614746,7009,6469,6739,6724,0,6729,0,0,0,2017-04-17,32598000,6740,8,0,0,0,0,0,0,0,0,6741,43,0,0,0,0,0,0,0,0
378,2017-04-17,09:03:18,0,SR709,XZCE,6741,6720,6760,152344,10237513220,617580,614746,7009,6469,6739,6724,0,6729,0,0,0,2017-04-17,32598000,6739,153,0,0,0,0,0,0,0,0,6741,42,0,0,0,0,0,0,0,0
379,2017-04-17,09:03:19,0,SR709,XZCE,6741,6720,6760,152344,10237513220,617580,614746,7009,6469,6739,6724,0,6729,0,0,0,2017-04-17,32599000,6739,154,0,0,0,0,0,0,0,0,6740,10,0,0,0,0,0,0,0,0
380,2017-04-17,09:03:19,0,SR709,XZCE,6740,6720,6760,152364,10238861220,617590,614746,7009,6469,6739,6724,0,6729,0,0,0,2017-04-17,32599000,6739,154,0,0,0,0,0,0,0,0,6741,42,0,0,0,0,0,0,0,0
381,2017-04-17,09:03:20,0,SR709,XZCE,6741,6720,6760,152454,10244928120,617656,614746,7009,6469,6739,6724,0,6729,0,0,0,2017-04-17,32600000,6741,456,0,0,0,0,0,0,0,0,6742,152,0,0,0,0,0,0,0,0
382,2017-04-17,09:03:20,0,SR709,XZCE,6741,6720,6760,152456,10245062940,617658,614746,7009,6469,6739,6724,0,6729,0,0,0,2017-04-17,32600000,6741,480,0,0,0,0,0,0,0,0,6742,162,0,0,0,0,0,0,0,0
383,2017-04-17,09:03:21,0,SR709,XZCE,6741,6720,6760,152456,10245062940,617658,614746,7009,6469,6739,6724,0,6729,0,0,0,2017-04-17,32601000,6741,486,0,0,0,0,0,0,0,0,6742,162,0,0,0,0,0,0,0,0
384,2017-04-17,09:03:21,0,SR709,XZCE,6742,6720,6760,152536,10250456540,617606,614746,7009,6469,6739,6724,0,6729,0,0,0,2017-04-17,32601000,6741,486,0,0,0,0,0,0,0,0,6742,123,0,0,0,0,0,0,0,0
385,2017-04-17,09:03:22,0,SR709,XZCE,6742,6720,6760,152554,10251670100,617588,614746,7009,6469,6739,6724,0,6729,0,0,0,2017-04-17,32602000,6741,491,0,0,0,0,0,0,0,0,6742,114,0,0,0,0,0,0,0,0
386,2017-04-17,09:03:22,0,SR709,XZCE,6741,6720,6760,152576,10253153120,617586,614746,7009,6469,6739,6724,0,6729,0,0,0,2017-04-17,32602000,6741,481,0,0,0,0,0,0,0,0,6742,122,0,0,0,0,0,0,0,0
387,2017-04-17,09:03:22,0,SR709,XZCE,6741,6720,6760,152578,10253287940,617588,614746,7009,6469,6739,6724,0,6729,0,0,0,2017-04-17,32602000,6741,480,0,0,0,0,0,0,0,0,6742,123,0,0,0,0,0,0,0,0
388,2017-04-17,09:03:23,0,SR709,XZCE,6741,6720,6760,152582,10253557580,617588,614746,7009,6469,6739,6724,0,6729,0,0,0,2017-04-17,32603000,6741,478,0,0,0,0,0,0,0,0,6742,123,0,0,0,0,0,0,0,0
389,2017-04-17,09:03:23,0,SR709,XZCE,6741,6720,6760,152584,10253692400,617590,614746,7009,6469,6739,6724,0,6729,0,0,0,2017-04-17,32603000,6741,477,0,0,0,0,0,0,0,0,6742,123,0,0,0,0,0,0,0,0
390,2017-04-17,09:03:24,0,SR709,XZCE,6742,6720,6760,152604,10255040800,617570,614746,7009,6469,6739,6724,0,6729,0,0,0,2017-04-17,32604000,6741,477,0,0,0,0,0,0,0,0,6742,113,0,0,0,0,0,0,0,0
391,2017-04-17,09:03:25,0,SR709,XZCE,6742,6720,6760,152624,10256389200,617550,614746,7009,6469,6739,6724,0,6729,0,0,0,2017-04-17,32605000,6741,467,0,0,0,0,0,0,0,0,6742,103,0,0,0,0,0,0,0,0
392,2017-04-17,09:03:25,0,SR709,XZCE,6742,6720,6760,152776,10266637040,617584,614746,7009,6469,6739,6724,0,6729,0,0,0,2017-04-17,32605000,6741,469,0,0,0,0,0,0,0,0,6742,27,0,0,0,0,0,0,0,0
393,2017-04-17,09:03:26,0,SR709,XZCE,6742,6720,6760,152832,10270412560,617540,614746,7009,6469,6739,6724,0,6729,0,0,0,2017-04-17,32606000,6742,44,0,0,0,0,0,0,0,0,6743,353,0,0,0,0,0,0,0,0
394,2017-04-17,09:03:26,0,SR709,XZCE,6742,6720,6760,152832,10270412560,617540,614746,7009,6469,6739,6724,0,6729,0,0,0,2017-04-17,32606000,6742,66,0,0,0,0,0,0,0,0,6743,362,0,0,0,0,0,0,0,0
395,2017-04-17,09:03:27,0,SR709,XZCE,6742,6720,6760,152846,10271356440,617532,614746,7009,6469,6739,6724,0,6729,0,0,0,2017-04-17,32607000,6742,65,0,0,0,0,0,0,0,0,6743,356,0,0,0,0,0,0,0,0
396,2017-04-17,09:03:27,0,SR709,XZCE,6743,6720,6760,152890,10274323360,617522,614746,7009,6469,6739,6724,0,6729,0,0,0,2017-04-17,32607000,6742,66,0,0,0,0,0,0,0,0,6743,336,0,0,0,0,0,0,0,0
397,2017-04-17,09:03:27,0,SR709,XZCE,6742,6720,6760,152894,10274593040,617520,614746,7009,6469,6739,6724,0,6729,0,0,0,2017-04-17,32607000,6742,64,0,0,0,0,0,0,0,0,6743,336,0,0,0,0,0,0,0,0
398,2017-04-17,09:03:28,0,SR709,XZCE,6742,6720,6760,152896,10274727880,617520,614746,7009,6469,6739,6724,0,6729,0,0,0,2017-04-17,32608000,6742,63,0,0,0,0,0,0,0,0,6743,336,0,0,0,0,0,0,0,0
399,2017-04-17,09:03:28,0,SR709,XZCE,6743,6720,6760,152926,10276750780,617520,614746,7009,6469,6739,6724,0,6729,0,0,0,2017-04-17,32608000,6742,110,0,0,0,0,0,0,0,0,6743,321,0,0,0,0,0,0,0,0
400,2017-04-17,09:03:29,0,SR709,XZCE,6743,6720,6760,152928,10276885640,617522,614746,7009,6469,6739,6724,0,6729,0,0,0,2017-04-17,32609000,6742,110,0,0,0,0,0,0,0,0,6743,320,0,0,0,0,0,0,0,0
401,2017-04-17,09:03:30,0,SR709,XZCE,6742,6720,6760,152974,10279986960,617564,614746,7009,6469,6739,6724,0,6729,0,0,0,2017-04-17,32610000,6742,114,0,0,0,0,0,0,0,0,6743,299,0,0,0,0,0,0,0,0
402,2017-04-17,09:03:30,0,SR709,XZCE,6742,6720,6760,152974,10279986960,617564,614746,7009,6469,6739,6724,0,6729,0,0,0,2017-04-17,32610000,6742,114,0,0,0,0,0,0,0,0,6743,300,0,0,0,0,0,0,0,0
403,2017-04-17,09:03:31,0,SR709,XZCE,6742,6720,6760,152974,10279986960,617564,614746,7009,6469,6739,6724,0,6729,0,0,0,2017-04-17,32611000,6742,105,0,0,0,0,0,0,0,0,6743,300,0,0,0,0,0,0,0,0
404,2017-04-17,09:03:32,0,SR709,XZCE,6742,6720,6760,152976,10280121800,617564,614746,7009,6469,6739,6724,0,6729,0,0,0,2017-04-17,32612000,6742,104,0,0,0,0,0,0,0,0,6743,302,0,0,0,0,0,0,0,0
405,2017-04-17,09:03:32,0,SR709,XZCE,6743,6720,6760,152980,10280391520,617568,614746,7009,6469,6739,6724,0,6729,0,0,0,2017-04-17,32612000,6742,104,0,0,0,0,0,0,0,0,6743,301,0,0,0,0,0,0,0,0
406,2017-04-17,09:03:33,0,SR709,XZCE,6743,6720,6760,153000,10281740120,617588,614746,7009,6469,6739,6724,0,6729,0,0,0,2017-04-17,32613000,6742,105,0,0,0,0,0,0,0,0,6743,291,0,0,0,0,0,0,0,0
407,2017-04-17,09:03:33,0,SR709,XZCE,6743,6720,6760,153582,10320984380,617140,614746,7009,6469,6739,6724,0,6729,0,0,0,2017-04-17,32613000,6743,23,0,0,0,0,0,0,0,0,6744,347,0,0,0,0,0,0,0,0
408,2017-04-17,09:03:34,0,SR709,XZCE,6743,6720,6760,153624,10323816440,617180,614746,7009,6469,6739,6724,0,6729,0,0,0,2017-04-17,32614000,6743,23,0,0,0,0,0,0,0,0,6744,352,0,0,0,0,0,0,0,0
409,2017-04-17,09:03:34,0,SR709,XZCE,6744,6720,6760,153658,10326109400,617150,614746,7009,6469,6739,6724,0,6729,0,0,0,2017-04-17,32614000,6743,27,0,0,0,0,0,0,0,0,6744,337,0,0,0,0,0,0,0,0
410,2017-04-17,09:03:35,0,SR709,XZCE,6744,6720,6760,153664,10326514040,617146,614746,7009,6469,6739,6724,0,6729,0,0,0,2017-04-17,32615000,6743,27,0,0,0,0,0,0,0,0,6744,334,0,0,0,0,0,0,0,0
411,2017-04-17,09:03:35,0,SR709,XZCE,6744,6720,6760,153702,10329076760,617136,614746,7009,6469,6739,6724,0,6729,0,0,0,2017-04-17,32615000,6743,44,0,0,0,0,0,0,0,0,6744,315,0,0,0,0,0,0,0,0
412,2017-04-17,09:03:36,0,SR709,XZCE,6744,6720,6760,153712,10329751160,617126,614746,7009,6469,6739,6724,0,6729,0,0,0,2017-04-17,32616000,6743,44,0,0,0,0,0,0,0,0,6744,310,0,0,0,0,0,0,0,0
413,2017-04-17,09:03:36,0,SR709,XZCE,6744,6720,6760,153714,10329886040,617126,614746,7009,6469,6739,6724,0,6729,0,0,0,2017-04-17,32616000,6743,45,0,0,0,0,0,0,0,0,6744,309,0,0,0,0,0,0,0,0
414,2017-04-17,09:03:37,0,SR709,XZCE,6744,6720,6760,153796,10335416120,617130,614746,7009,6469,6739,6724,0,6729,0,0,0,2017-04-17,32617000,6743,45,0,0,0,0,0,0,0,0,6744,269,0,0,0,0,0,0,0,0
415,2017-04-17,09:03:37,0,SR709,XZCE,6743,6720,6760,153800,10335685840,617126,614746,7009,6469,6739,6724,0,6729,0,0,0,2017-04-17,32617000,6743,43,0,0,0,0,0,0,0,0,6744,269,0,0,0,0,0,0,0,0
416,2017-04-17,09:03:38,0,SR709,XZCE,6744,6720,6760,153918,10343643760,617228,614746,7009,6469,6739,6724,0,6729,0,0,0,2017-04-17,32618000,6743,85,0,0,0,0,0,0,0,0,6744,210,0,0,0,0,0,0,0,0
417,2017-04-17,09:03:38,0,SR709,XZCE,6743,6720,6760,153976,10347554700,617212,614746,7009,6469,6739,6724,0,6729,0,0,0,2017-04-17,32618000,6743,64,0,0,0,0,0,0,0,0,6744,202,0,0,0,0,0,0,0,0
418,2017-04-17,09:03:39,0,SR709,XZCE,6744,6720,6760,154128,10357805580,617196,614746,7009,6469,6739,6724,0,6729,0,0,0,2017-04-17,32619000,6743,64,0,0,0,0,0,0,0,0,6744,126,0,0,0,0,0,0,0,0
419,2017-04-17,09:03:39,0,SR709,XZCE,6744,6720,6760,154128,10357805580,617196,614746,7009,6469,6739,6724,0,6729,0,0,0,2017-04-17,32619000,6743,114,0,0,0,0,0,0,0,0,6744,126,0,0,0,0,0,0,0,0
420,2017-04-17,09:03:40,0,SR709,XZCE,6744,6720,6760,154132,10358075340,617192,614746,7009,6469,6739,6724,0,6729,0,0,0,2017-04-17,32620000,6743,114,0,0,0,0,0,0,0,0,6744,124,0,0,0,0,0,0,0,0
421,2017-04-17,09:03:40,0,SR709,XZCE,6744,6720,6760,154222,10364144940,617192,614746,7009,6469,6739,6724,0,6729,0,0,0,2017-04-17,32620000,6743,67,0,0,0,0,0,0,0,0,6744,79,0,0,0,0,0,0,0,0
422,2017-04-17,09:03:41,0,SR709,XZCE,6744,6720,6760,154300,10369405260,617194,614746,7009,6469,6739,6724,0,6729,0,0,0,2017-04-17,32621000,6743,66,0,0,0,0,0,0,0,0,6744,47,0,0,0,0,0,0,0,0
423,2017-04-17,09:03:41,0,SR709,XZCE,6744,6720,6760,154346,10372507500,617152,614746,7009,6469,6739,6724,0,6729,0,0,0,2017-04-17,32621000,6743,44,0,0,0,0,0,0,0,0,6744,52,0,0,0,0,0,0,0,0
424,2017-04-17,09:03:42,0,SR709,XZCE,6744,6720,6760,154346,10372507500,617152,614746,7009,6469,6739,6724,0,6729,0,0,0,2017-04-17,32622000,6743,44,0,0,0,0,0,0,0,0,6744,64,0,0,0,0,0,0,0,0
425,2017-04-17,09:03:42,0,SR709,XZCE,6743,6720,6760,154358,10373316660,617154,614746,7009,6469,6739,6724,0,6729,0,0,0,2017-04-17,32622000,6743,44,0,0,0,0,0,0,0,0,6744,61,0,0,0,0,0,0,0,0
426,2017-04-17,09:03:43,0,SR709,XZCE,6743,6720,6760,154422,10377632180,617214,614746,7009,6469,6739,6724,0,6729,0,0,0,2017-04-17,32623000,6743,14,0,0,0,0,0,0,0,0,6744,60,0,0,0,0,0,0,0,0
427,2017-04-17,09:03:43,0,SR709,XZCE,6742,6720,6760,154462,10380328980,617244,614746,7009,6469,6739,6724,0,6729,0,0,0,2017-04-17,32623000,6742,88,0,0,0,0,0,0,0,0,6743,26,0,0,0,0,0,0,0,0
428,2017-04-17,09:03:44,0,SR709,XZCE,6743,6720,6760,154518,10384105060,617296,614746,7009,6469,6739,6724,0,6729,0,0,0,2017-04-17,32624000,6743,42,0,0,0,0,0,0,0,0,6744,59,0,0,0,0,0,0,0,0
429,2017-04-17,09:03:44,0,SR709,XZCE,6743,6720,6760,154602,10389769180,617300,614746,7009,6469,6739,6724,0,6729,0,0,0,2017-04-17,32624000,6742,82,0,0,0,0,0,0,0,0,6744,64,0,0,0,0,0,0,0,0
430,2017-04-17,09:03:44,0,SR709,XZCE,6744,6720,6760,154652,10393141180,617340,614746,7009,6469,6739,6724,0,6729,0,0,0,2017-04-17,32624000,6742,82,0,0,0,0,0,0,0,0,6744,43,0,0,0,0,0,0,0,0
431,2017-04-17,09:03:45,0,SR709,XZCE,6744,6720,6760,154656,10393410940,617336,614746,7009,6469,6739,6724,0,6729,0,0,0,2017-04-17,32625000,6743,5,0,0,0,0,0,0,0,0,6744,41,0,0,0,0,0,0,0,0
432,2017-04-17,09:03:46,0,SR709,XZCE,6744,6720,6760,154750,10399750300,617366,614746,7009,6469,6739,6724,0,6729,0,0,0,2017-04-17,32626000,6744,28,0,0,0,0,0,0,0,0,6745,347,0,0,0,0,0,0,0,0
433,2017-04-17,09:03:47,0,SR709,XZCE,6745,6720,6760,154770,10401099300,617382,614746,7009,6469,6739,6724,0,6729,0,0,0,2017-04-17,32627000,6744,22,0,0,0,0,0,0,0,0,6745,346,0,0,0,0,0,0,0,0
434,2017-04-17,09:03:48,0,SR709,XZCE,6744,6720,6760,154772,10401234180,617382,614746,7009,6469,6739,6724,0,6729,0,0,0,2017-04-17,32628000,6744,21,0,0,0,0,0,0,0,0,6745,346,0,0,0,0,0,0,0,0
435,2017-04-17,09:03:48,0,SR709,XZCE,6744,6720,6760,154774,10401369060,617384,614746,7009,6469,6739,6724,0,6729,0,0,0,2017-04-17,32628000,6744,20,0,0,0,0,0,0,0,0,6745,346,0,0,0,0,0,0,0,0
436,2017-04-17,09:03:48,0,SR709,XZCE,6744,6720,6760,154780,10401773700,617388,614746,7009,6469,6739,6724,0,6729,0,0,0,2017-04-17,32628000,6744,18,0,0,0,0,0,0,0,0,6745,345,0,0,0,0,0,0,0,0
437,2017-04-17,09:03:49,0,SR709,XZCE,6744,6720,6760,154816,10404201540,617414,614746,7009,6469,6739,6724,0,6729,0,0,0,2017-04-17,32629000,6743,20,0,0,0,0,0,0,0,0,6744,19,0,0,0,0,0,0,0,0
438,2017-04-17,09:03:50,0,SR709,XZCE,6744,6720,6760,154818,10404336420,617416,614746,7009,6469,6739,6724,0,6729,0,0,0,2017-04-17,32630000,6743,30,0,0,0,0,0,0,0,0,6744,20,0,0,0,0,0,0,0,0
439,2017-04-17,09:03:50,0,SR709,XZCE,6744,6720,6760,154822,10404606180,617420,614746,7009,6469,6739,6724,0,6729,0,0,0,2017-04-17,32630000,6743,30,0,0,0,0,0,0,0,0,6744,24,0,0,0,0,0,0,0,0
440,2017-04-17,09:03:51,0,SR709,XZCE,6744,6720,6760,154822,10404606180,617420,614746,7009,6469,6739,6724,0,6729,0,0,0,2017-04-17,32631000,6743,30,0,0,0,0,0,0,0,0,6744,12,0,0,0,0,0,0,0,0
441,2017-04-17,09:03:51,0,SR709,XZCE,6744,6720,6760,154828,10405010820,617422,614746,7009,6469,6739,6724,0,6729,0,0,0,2017-04-17,32631000,6743,22,0,0,0,0,0,0,0,0,6744,40,0,0,0,0,0,0,0,0
442,2017-04-17,09:03:52,0,SR709,XZCE,6744,6720,6760,154828,10405010820,617422,614746,7009,6469,6739,6724,0,6729,0,0,0,2017-04-17,32632000,6743,20,0,0,0,0,0,0,0,0,6744,45,0,0,0,0,0,0,0,0
443,2017-04-17,09:03:52,0,SR709,XZCE,6743,6720,6760,154830,10405145680,617422,614746,7009,6469,6739,6724,0,6729,0,0,0,2017-04-17,32632000,6743,19,0,0,0,0,0,0,0,0,6744,49,0,0,0,0,0,0,0,0
444,2017-04-17,09:03:53,0,SR709,XZCE,6743,6720,6760,154870,10407842880,617458,614746,7009,6469,6739,6724,0,6729,0,0,0,2017-04-17,32633000,6742,67,0,0,0,0,0,0,0,0,6743,2,0,0,0,0,0,0,0,0
445,2017-04-17,09:03:53,0,SR709,XZCE,6743,6720,6760,154870,10407842880,617458,614746,7009,6469,6739,6724,0,6729,0,0,0,2017-04-17,32633000,6742,72,0,0,0,0,0,0,0,0,6743,44,0,0,0,0,0,0,0,0
446,2017-04-17,09:03:54,0,SR709,XZCE,6743,6720,6760,154876,10408247460,617462,614746,7009,6469,6739,6724,0,6729,0,0,0,2017-04-17,32634000,6742,72,0,0,0,0,0,0,0,0,6743,53,0,0,0,0,0,0,0,0
447,2017-04-17,09:03:54,0,SR709,XZCE,6743,6720,6760,154878,10408382320,617464,614746,7009,6469,6739,6724,0,6729,0,0,0,2017-04-17,32634000,6742,70,0,0,0,0,0,0,0,0,6743,53,0,0,0,0,0,0,0,0
448,2017-04-17,09:03:55,0,SR709,XZCE,6742,6720,6760,154898,10409730720,617484,614746,7009,6469,6739,6724,0,6729,0,0,0,2017-04-17,32635000,6742,60,0,0,0,0,0,0,0,0,6743,54,0,0,0,0,0,0,0,0
449,2017-04-17,09:03:55,0,SR709,XZCE,6742,6720,6760,154918,10411079120,617484,614746,7009,6469,6739,6724,0,6729,0,0,0,2017-04-17,32635000,6742,50,0,0,0,0,0,0,0,0,6743,54,0,0,0,0,0,0,0,0
450,2017-04-17,09:03:56,0,SR709,XZCE,6742,6720,6760,154920,10411213960,617486,614746,7009,6469,6739,6724,0,6729,0,0,0,2017-04-17,32636000,6742,49,0,0,0,0,0,0,0,0,6743,54,0,0,0,0,0,0,0,0
451,2017-04-17,09:03:56,0,SR709,XZCE,6742,6720,6760,154922,10411348800,617486,614746,7009,6469,6739,6724,0,6729,0,0,0,2017-04-17,32636000,6742,48,0,0,0,0,0,0,0,0,6743,55,0,0,0,0,0,0,0,0
452,2017-04-17,09:03:57,0,SR709,XZCE,6743,6720,6760,154932,10412023100,617496,614746,7009,6469,6739,6724,0,6729,0,0,0,2017-04-17,32637000,6742,44,0,0,0,0,0,0,0,0,6743,60,0,0,0,0,0,0,0,0
453,2017-04-17,09:03:58,0,SR709,XZCE,6742,6720,6760,154934,10412157940,617498,614746,7009,6469,6739,6724,0,6729,0,0,0,2017-04-17,32638000,6742,43,0,0,0,0,0,0,0,0,6743,60,0,0,0,0,0,0,0,0
454,2017-04-17,09:03:58,0,SR709,XZCE,6742,6720,6760,154936,10412292780,617500,614746,7009,6469,6739,6724,0,6729,0,0,0,2017-04-17,32638000,6742,42,0,0,0,0,0,0,0,0,6743,60,0,0,0,0,0,0,0,0
455,2017-04-17,09:03:59,0,SR709,XZCE,6742,6720,6760,154940,10412562460,617500,614746,7009,6469,6739,6724,0,6729,0,0,0,2017-04-17,32639000,6742,40,0,0,0,0,0,0,0,0,6743,83,0,0,0,0,0,0,0,0
456,2017-04-17,09:03:59,0,SR709,XZCE,6743,6720,6760,154954,10413506480,617510,614746,7009,6469,6739,6724,0,6729,0,0,0,2017-04-17,32639000,6742,34,0,0,0,0,0,0,0,0,6743,83,0,0,0,0,0,0,0,0
457,2017-04-17,09:04:00,0,SR709,XZCE,6742,6720,6760,154958,10413776160,617514,614746,7009,6469,6739,6724,0,6729,0,0,0,2017-04-17,32640000,6742,42,0,0,0,0,0,0,0,0,6743,84,0,0,0,0,0,0,0,0
458,2017-04-17,09:04:01,0,SR709,XZCE,6742,6720,6760,154960,10413911000,617514,614746,7009,6469,6739,6724,0,6729,0,0,0,2017-04-17,32641000,6742,40,0,0,0,0,0,0,0,0,6743,82,0,0,0,0,0,0,0,0
459,2017-04-17,09:04:01,0,SR709,XZCE,6742,6720,6760,154960,10413911000,617514,614746,7009,6469,6739,6724,0,6729,0,0,0,2017-04-17,32641000,6742,50,0,0,0,0,0,0,0,0,6743,82,0,0,0,0,0,0,0,0
460,2017-04-17,09:04:02,0,SR709,XZCE,6742,6720,6760,154960,10413911000,617514,614746,7009,6469,6739,6724,0,6729,0,0,0,2017-04-17,32642000,6742,50,0,0,0,0,0,0,0,0,6743,81,0,0,0,0,0,0,0,0
461,2017-04-17,09:04:02,0,SR709,XZCE,6742,6720,6760,154960,10413911000,617514,614746,7009,6469,6739,6724,0,6729,0,0,0,2017-04-17,32642000,6742,50,0,0,0,0,0,0,0,0,6743,83,0,0,0,0,0,0,0,0
462,2017-04-17,09:04:03,0,SR709,XZCE,6742,6720,6760,154980,10415259400,617530,614746,7009,6469,6739,6724,0,6729,0,0,0,2017-04-17,32643000,6742,41,0,0,0,0,0,0,0,0,6743,83,0,0,0,0,0,0,0,0
463,2017-04-17,09:04:04,0,SR709,XZCE,6742,6720,6760,155032,10418765240,617546,614746,7009,6469,6739,6724,0,6729,0,0,0,2017-04-17,32644000,6742,15,0,0,0,0,0,0,0,0,6743,83,0,0,0,0,0,0,0,0
464,2017-04-17,09:04:04,0,SR709,XZCE,6742,6720,6760,155064,10420922680,617576,614746,7009,6469,6739,6724,0,6729,0,0,0,2017-04-17,32644000,6741,485,0,0,0,0,0,0,0,0,6742,30,0,0,0,0,0,0,0,0
465,2017-04-17,09:04:04,0,SR709,XZCE,6742,6720,6760,155110,10424024000,617586,614746,7009,6469,6739,6724,0,6729,0,0,0,2017-04-17,32644000,6741,480,0,0,0,0,0,0,0,0,6742,12,0,0,0,0,0,0,0,0
466,2017-04-17,09:04:05,0,SR709,XZCE,6742,6720,6760,155114,10424293680,617586,614746,7009,6469,6739,6724,0,6729,0,0,0,2017-04-17,32645000,6741,480,0,0,0,0,0,0,0,0,6742,16,0,0,0,0,0,0,0,0
467,2017-04-17,09:04:06,0,SR709,XZCE,6742,6720,6760,155128,10425237560,617596,614746,7009,6469,6739,6724,0,6729,0,0,0,2017-04-17,32646000,6741,478,0,0,0,0,0,0,0,0,6742,37,0,0,0,0,0,0,0,0
468,2017-04-17,09:04:06,0,SR709,XZCE,6742,6720,6760,155128,10425237560,617596,614746,7009,6469,6739,6724,0,6729,0,0,0,2017-04-17,32646000,6741,478,0,0,0,0,0,0,0,0,6742,38,0,0,0,0,0,0,0,0
469,2017-04-17,09:04:07,0,SR709,XZCE,6742,6720,6760,155130,10425372400,617598,614746,7009,6469,6739,6724,0,6729,0,0,0,2017-04-17,32647000,6741,478,0,0,0,0,0,0,0,0,6742,37,0,0,0,0,0,0,0,0
470,2017-04-17,09:04:07,0,SR709,XZCE,6742,6720,6760,155204,10430361480,617546,614746,7009,6469,6739,6724,0,6729,0,0,0,2017-04-17,32647000,6742,20,0,0,0,0,0,0,0,0,6743,130,0,0,0,0,0,0,0,0
471,2017-04-17,09:04:08,0,SR709,XZCE,6742,6720,6760,155212,10430900840,617546,614746,7009,6469,6739,6724,0,6729,0,0,0,2017-04-17,32648000,6742,52,0,0,0,0,0,0,0,0,6743,96,0,0,0,0,0,0,0,0
472,2017-04-17,09:04:08,0,SR709,XZCE,6742,6720,6760,155212,10430900840,617546,614746,7009,6469,6739,6724,0,6729,0,0,0,2017-04-17,32648000,6742,55,0,0,0,0,0,0,0,0,6743,96,0,0,0,0,0,0,0,0
473,2017-04-17,09:04:09,0,SR709,XZCE,6742,6720,6760,155236,10432518920,617526,614746,7009,6469,6739,6724,0,6729,0,0,0,2017-04-17,32649000,6742,44,0,0,0,0,0,0,0,0,6743,86,0,0,0,0,0,0,0,0
474,2017-04-17,09:04:09,0,SR709,XZCE,6742,6720,6760,155278,10435350560,617520,614746,7009,6469,6739,6724,0,6729,0,0,0,2017-04-17,32649000,6742,23,0,0,0,0,0,0,0,0,6743,86,0,0,0,0,0,0,0,0
475,2017-04-17,09:04:10,0,SR709,XZCE,6742,6720,6760,155278,10435350560,617520,614746,7009,6469,6739,6724,0,6729,0,0,0,2017-04-17,32650000,6742,28,0,0,0,0,0,0,0,0,6743,86,0,0,0,0,0,0,0,0
476,2017-04-17,09:04:11,0,SR709,XZCE,6742,6720,6760,155290,10436159600,617520,614746,7009,6469,6739,6724,0,6729,0,0,0,2017-04-17,32651000,6742,22,0,0,0,0,0,0,0,0,6743,87,0,0,0,0,0,0,0,0
477,2017-04-17,09:04:11,0,SR709,XZCE,6742,6720,6760,155290,10436159600,617520,614746,7009,6469,6739,6724,0,6729,0,0,0,2017-04-17,32651000,6742,32,0,0,0,0,0,0,0,0,6743,87,0,0,0,0,0,0,0,0
478,2017-04-17,09:04:12,0,SR709,XZCE,6743,6720,6760,155304,10437103620,617524,614746,7009,6469,6739,6724,0,6729,0,0,0,2017-04-17,32652000,6742,35,0,0,0,0,0,0,0,0,6743,84,0,0,0,0,0,0,0,0
479,2017-04-17,09:04:12,0,SR709,XZCE,6743,6720,6760,155320,10438182500,617524,614746,7009,6469,6739,6724,0,6729,0,0,0,2017-04-17,32652000,6742,35,0,0,0,0,0,0,0,0,6743,77,0,0,0,0,0,0,0,0
480,2017-04-17,09:04:12,0,SR709,XZCE,6743,6720,6760,155320,10438182500,617524,614746,7009,6469,6739,6724,0,6729,0,0,0,2017-04-17,32652000,6742,36,0,0,0,0,0,0,0,0,6743,77,0,0,0,0,0,0,0,0
481,2017-04-17,09:04:14,0,SR709,XZCE,6743,6720,6760,155332,10438991660,617524,614746,7009,6469,6739,6724,0,6729,0,0,0,2017-04-17,32654000,6742,42,0,0,0,0,0,0,0,0,6743,72,0,0,0,0,0,0,0,0
482,2017-04-17,09:04:15,0,SR709,XZCE,6743,6720,6760,155336,10439261380,617524,614746,7009,6469,6739,6724,0,6729,0,0,0,2017-04-17,32655000,6742,92,0,0,0,0,0,0,0,0,6743,70,0,0,0,0,0,0,0,0
483,2017-04-17,09:04:16,0,SR709,XZCE,6743,6720,6760,155480,10448971300,617498,614746,7009,6469,6739,6724,0,6729,0,0,0,2017-04-17,32656000,6743,75,0,0,0,0,0,0,0,0,6744,59,0,0,0,0,0,0,0,0
484,2017-04-17,09:04:16,0,SR709,XZCE,6743,6720,6760,155480,10448971300,617498,614746,7009,6469,6739,6724,0,6729,0,0,0,2017-04-17,32656000,6743,92,0,0,0,0,0,0,0,0,6744,56,0,0,0,0,0,0,0,0
485,2017-04-17,09:04:17,0,SR709,XZCE,6744,6720,6760,155554,10453961860,617524,614746,7009,6469,6739,6724,0,6729,0,0,0,2017-04-17,32657000,6743,100,0,0,0,0,0,0,0,0,6744,25,0,0,0,0,0,0,0,0
486,2017-04-17,09:04:17,0,SR709,XZCE,6744,6720,6760,155604,10457333860,617496,614746,7009,6469,6739,6724,0,6729,0,0,0,2017-04-17,32657000,6744,39,0,0,0,0,0,0,0,0,6745,239,0,0,0,0,0,0,0,0
487,2017-04-17,09:04:18,0,SR709,XZCE,6744,6720,6760,155612,10457873380,617494,614746,7009,6469,6739,6724,0,6729,0,0,0,2017-04-17,32658000,6744,48,0,0,0,0,0,0,0,0,6745,239,0,0,0,0,0,0,0,0
488,2017-04-17,09:04:18,0,SR709,XZCE,6744,6720,6760,155614,10458008260,617494,614746,7009,6469,6739,6724,0,6729,0,0,0,2017-04-17,32658000,6744,47,0,0,0,0,0,0,0,0,6745,239,0,0,0,0,0,0,0,0
489,2017-04-17,09:04:18,0,SR709,XZCE,6744,6720,6760,155616,10458143140,617494,614746,7009,6469,6739,6724,0,6729,0,0,0,2017-04-17,32658000,6744,46,0,0,0,0,0,0,0,0,6745,239,0,0,0,0,0,0,0,0
490,2017-04-17,09:04:19,0,SR709,XZCE,6744,6720,6760,155708,10464347620,617468,614746,7009,6469,6739,6724,0,6729,0,0,0,2017-04-17,32659000,6743,17,0,0,0,0,0,0,0,0,6745,293,0,0,0,0,0,0,0,0
491,2017-04-17,09:04:20,0,SR709,XZCE,6743,6720,6760,155714,10464752200,617468,614746,7009,6469,6739,6724,0,6729,0,0,0,2017-04-17,32660000,6743,13,0,0,0,0,0,0,0,0,6745,292,0,0,0,0,0,0,0,0
492,2017-04-17,09:04:20,0,SR709,XZCE,6743,6720,6760,155714,10464752200,617468,614746,7009,6469,6739,6724,0,6729,0,0,0,2017-04-17,32660000,6743,13,0,0,0,0,0,0,0,0,6745,289,0,0,0,0,0,0,0,0
493,2017-04-17,09:04:21,0,SR709,XZCE,6745,6720,6760,155718,10465022000,617468,614746,7009,6469,6739,6724,0,6729,0,0,0,2017-04-17,32661000,6743,13,0,0,0,0,0,0,0,0,6745,287,0,0,0,0,0,0,0,0
494,2017-04-17,09:04:21,0,SR709,XZCE,6745,6720,6760,155724,10465426700,617468,614746,7009,6469,6739,6724,0,6729,0,0,0,2017-04-17,32661000,6743,19,0,0,0,0,0,0,0,0,6745,287,0,0,0,0,0,0,0,0
495,2017-04-17,09:04:22,0,SR709,XZCE,6745,6720,6760,155724,10465426700,617468,614746,7009,6469,6739,6724,0,6729,0,0,0,2017-04-17,32662000,6743,20,0,0,0,0,0,0,0,0,6744,9,0,0,0,0,0,0,0,0
496,2017-04-17,09:04:22,0,SR709,XZCE,6743,6720,6760,155730,10465831280,617462,614746,7009,6469,6739,6724,0,6729,0,0,0,2017-04-17,32662000,6743,20,0,0,0,0,0,0,0,0,6744,11,0,0,0,0,0,0,0,0
497,2017-04-17,09:04:23,0,SR709,XZCE,6743,6720,6760,155730,10465831280,617462,614746,7009,6469,6739,6724,0,6729,0,0,0,2017-04-17,32663000,6743,21,0,0,0,0,0,0,0,0,6744,12,0,0,0,0,0,0,0,0
498,2017-04-17,09:04:23,0,SR709,XZCE,6744,6720,6760,155732,10465966160,617460,614746,7009,6469,6739,6724,0,6729,0,0,0,2017-04-17,32663000,6743,21,0,0,0,0,0,0,0,0,6744,13,0,0,0,0,0,0,0,0
499,2017-04-17,09:04:24,0,SR709,XZCE,6742,6720,6760,155792,10470011360,617420,614746,7009,6469,6739,6724,0,6729,0,0,0,2017-04-17,32664000,6742,21,0,0,0,0,0,0,0,0,6744,12,0,0,0,0,0,0,0,0
500,2017-04-17,09:04:24,0,SR709,XZCE,6743,6720,6760,155794,10470146220,617420,614746,7009,6469,6739,6724,0,6729,0,0,0,2017-04-17,32664000,6742,22,0,0,0,0,0,0,0,0,6744,19,0,0,0,0,0,0,0,0
501,2017-04-17,09:04:25,0,SR709,XZCE,6743,6720,6760,155794,10470146220,617420,614746,7009,6469,6739,6724,0,6729,0,0,0,2017-04-17,32665000,6742,22,0,0,0,0,0,0,0,0,6744,27,0,0,0,0,0,0,0,0
502,2017-04-17,09:04:26,0,SR709,XZCE,6743,6720,6760,155794,10470146220,617420,614746,7009,6469,6739,6724,0,6729,0,0,0,2017-04-17,32666000,6742,28,0,0,0,0,0,0,0,0,6744,37,0,0,0,0,0,0,0,0
503,2017-04-17,09:04:26,0,SR709,XZCE,6744,6720,6760,155796,10470281100,617418,614746,7009,6469,6739,6724,0,6729,0,0,0,2017-04-17,32666000,6742,28,0,0,0,0,0,0,0,0,6744,36,0,0,0,0,0,0,0,0
504,2017-04-17,09:04:27,0,SR709,XZCE,6744,6720,6760,155796,10470281100,617418,614746,7009,6469,6739,6724,0,6729,0,0,0,2017-04-17,32667000,6742,34,0,0,0,0,0,0,0,0,6744,41,0,0,0,0,0,0,0,0
505,2017-04-17,09:04:27,0,SR709,XZCE,6744,6720,6760,155806,10470955500,617422,614746,7009,6469,6739,6724,0,6729,0,0,0,2017-04-17,32667000,6742,34,0,0,0,0,0,0,0,0,6744,36,0,0,0,0,0,0,0,0
506,2017-04-17,09:04:28,0,SR709,XZCE,6744,6720,6760,155806,10470955500,617422,614746,7009,6469,6739,6724,0,6729,0,0,0,2017-04-17,32668000,6742,33,0,0,0,0,0,0,0,0,6744,69,0,0,0,0,0,0,0,0
507,2017-04-17,09:04:29,0,SR709,XZCE,6744,6720,6760,155816,10471629900,617432,614746,7009,6469,6739,6724,0,6729,0,0,0,2017-04-17,32669000,6742,33,0,0,0,0,0,0,0,0,6744,64,0,0,0,0,0,0,0,0
508,2017-04-17,09:04:29,0,SR709,XZCE,6744,6720,6760,155816,10471629900,617432,614746,7009,6469,6739,6724,0,6729,0,0,0,2017-04-17,32669000,6742,28,0,0,0,0,0,0,0,0,6743,1,0,0,0,0,0,0,0,0
509,2017-04-17,09:04:30,0,SR709,XZCE,6742,6720,6760,155820,10471899580,617432,614746,7009,6469,6739,6724,0,6729,0,0,0,2017-04-17,32670000,6742,26,0,0,0,0,0,0,0,0,6743,5,0,0,0,0,0,0,0,0
510,2017-04-17,09:04:30,0,SR709,XZCE,6743,6720,6760,155824,10472169300,617430,614746,7009,6469,6739,6724,0,6729,0,0,0,2017-04-17,32670000,6742,29,0,0,0,0,0,0,0,0,6743,6,0,0,0,0,0,0,0,0
511,2017-04-17,09:04:31,0,SR709,XZCE,6743,6720,6760,155824,10472169300,617430,614746,7009,6469,6739,6724,0,6729,0,0,0,2017-04-17,32671000,6742,29,0,0,0,0,0,0,0,0,6743,16,0,0,0,0,0,0,0,0
512,2017-04-17,09:04:31,0,SR709,XZCE,6743,6720,6760,155824,10472169300,617430,614746,7009,6469,6739,6724,0,6729,0,0,0,2017-04-17,32671000,6742,39,0,0,0,0,0,0,0,0,6743,16,0,0,0,0,0,0,0,0
513,2017-04-17,09:04:32,0,SR709,XZCE,6742,6720,6760,155844,10473517700,617426,614746,7009,6469,6739,6724,0,6729,0,0,0,2017-04-17,32672000,6742,31,0,0,0,0,0,0,0,0,6743,15,0,0,0,0,0,0,0,0
514,2017-04-17,09:04:32,0,SR709,XZCE,6743,6720,6760,155848,10473787420,617426,614746,7009,6469,6739,6724,0,6729,0,0,0,2017-04-17,32672000,6742,32,0,0,0,0,0,0,0,0,6743,13,0,0,0,0,0,0,0,0
515,2017-04-17,09:04:33,0,SR709,XZCE,6743,6720,6760,155850,10473922280,617426,614746,7009,6469,6739,6724,0,6729,0,0,0,2017-04-17,32673000,6742,33,0,0,0,0,0,0,0,0,6743,12,0,0,0,0,0,0,0,0
516,2017-04-17,09:04:33,0,SR709,XZCE,6742,6720,6760,155860,10474596480,617420,614746,7009,6469,6739,6724,0,6729,0,0,0,2017-04-17,32673000,6742,34,0,0,0,0,0,0,0,0,6743,22,0,0,0,0,0,0,0,0
517,2017-04-17,09:04:33,0,SR709,XZCE,6742,6720,6760,155860,10474596480,617420,614746,7009,6469,6739,6724,0,6729,0,0,0,2017-04-17,32673000,6742,35,0,0,0,0,0,0,0,0,6743,24,0,0,0,0,0,0,0,0
518,2017-04-17,09:04:35,0,SR709,XZCE,6742,6720,6760,155860,10474596480,617420,614746,7009,6469,6739,6724,0,6729,0,0,0,2017-04-17,32675000,6742,35,0,0,0,0,0,0,0,0,6743,25,0,0,0,0,0,0,0,0
519,2017-04-17,09:04:35,0,SR709,XZCE,6743,6720,6760,155870,10475270780,617426,614746,7009,6469,6739,6724,0,6729,0,0,0,2017-04-17,32675000,6742,34,0,0,0,0,0,0,0,0,6743,21,0,0,0,0,0,0,0,0
520,2017-04-17,09:04:35,0,SR709,XZCE,6743,6720,6760,155870,10475270780,617426,614746,7009,6469,6739,6724,0,6729,0,0,0,2017-04-17,32675000,6742,34,0,0,0,0,0,0,0,0,6743,22,0,0,0,0,0,0,0,0
521,2017-04-17,09:04:37,0,SR709,XZCE,6742,6720,6760,155910,10477967580,617446,614746,7009,6469,6739,6724,0,6729,0,0,0,2017-04-17,32677000,6742,14,0,0,0,0,0,0,0,0,6743,39,0,0,0,0,0,0,0,0
522,2017-04-17,09:04:37,0,SR709,XZCE,6743,6720,6760,155912,10478102440,617448,614746,7009,6469,6739,6724,0,6729,0,0,0,2017-04-17,32677000,6742,15,0,0,0,0,0,0,0,0,6743,38,0,0,0,0,0,0,0,0
523,2017-04-17,09:04:38,0,SR709,XZCE,6742,6720,6760,155920,10478641800,617446,614746,7009,6469,6739,6724,0,6729,0,0,0,2017-04-17,32678000,6742,13,0,0,0,0,0,0,0,0,6743,41,0,0,0,0,0,0,0,0
524,2017-04-17,09:04:38,0,SR709,XZCE,6742,6720,6760,155920,10478641800,617446,614746,7009,6469,6739,6724,0,6729,0,0,0,2017-04-17,32678000,6742,15,0,0,0,0,0,0,0,0,6743,41,0,0,0,0,0,0,0,0
525,2017-04-17,09:04:39,0,SR709,XZCE,6742,6720,6760,155928,10479181160,617450,614746,7009,6469,6739,6724,0,6729,0,0,0,2017-04-17,32679000,6742,14,0,0,0,0,0,0,0,0,6743,38,0,0,0,0,0,0,0,0
526,2017-04-17,09:04:39,0,SR709,XZCE,6743,6720,6760,155932,10479450880,617450,614746,7009,6469,6739,6724,0,6729,0,0,0,2017-04-17,32679000,6742,20,0,0,0,0,0,0,0,0,6743,37,0,0,0,0,0,0,0,0
527,2017-04-17,09:04:40,0,SR709,XZCE,6743,6720,6760,155942,10480125180,617450,614746,7009,6469,6739,6724,0,6729,0,0,0,2017-04-17,32680000,6742,22,0,0,0,0,0,0,0,0,6743,32,0,0,0,0,0,0,0,0
528,2017-04-17,09:04:40,0,SR709,XZCE,6742,6720,6760,155956,10481069060,617454,614746,7009,6469,6739,6724,0,6729,0,0,0,2017-04-17,32680000,6742,17,0,0,0,0,0,0,0,0,6743,30,0,0,0,0,0,0,0,0
529,2017-04-17,09:04:41,0,SR709,XZCE,6742,6720,6760,155990,10483361340,617454,614746,7009,6469,6739,6724,0,6729,0,0,0,2017-04-17,32681000,6741,446,0,0,0,0,0,0,0,0,6742,12,0,0,0,0,0,0,0,0
530,2017-04-17,09:04:41,0,SR709,XZCE,6742,6720,6760,155992,10483496180,617454,614746,7009,6469,6739,6724,0,6729,0,0,0,2017-04-17,32681000,6741,446,0,0,0,0,0,0,0,0,6742,11,0,0,0,0,0,0,0,0
531,2017-04-17,09:04:42,0,SR709,XZCE,6742,6720,6760,155994,10483631020,617454,614746,7009,6469,6739,6724,0,6729,0,0,0,2017-04-17,32682000,6741,446,0,0,0,0,0,0,0,0,6742,10,0,0,0,0,0,0,0,0
532,2017-04-17,09:04:42,0,SR709,XZCE,6742,6720,6760,156002,10484170380,617460,614746,7009,6469,6739,6724,0,6729,0,0,0,2017-04-17,32682000,6741,446,0,0,0,0,0,0,0,0,6742,16,0,0,0,0,0,0,0,0
533,2017-04-17,09:04:43,0,SR709,XZCE,6742,6720,6760,156012,10484844580,617460,614746,7009,6469,6739,6724,0,6729,0,0,0,2017-04-17,32683000,6741,447,0,0,0,0,0,0,0,0,6742,11,0,0,0,0,0,0,0,0
534,2017-04-17,09:04:43,0,SR709,XZCE,6744,6720,6760,156406,10511415940,617624,614746,7009,6469,6739,6724,0,6729,0,0,0,2017-04-17,32683000,6743,12,0,0,0,0,0,0,0,0,6744,14,0,0,0,0,0,0,0,0
535,2017-04-17,09:04:44,0,SR709,XZCE,6743,6720,6760,156416,10512090240,617630,614746,7009,6469,6739,6724,0,6729,0,0,0,2017-04-17,32684000,6743,8,0,0,0,0,0,0,0,0,6744,15,0,0,0,0,0,0,0,0
