,dataDate,dataTime,dataMillisec,instrumentID,exchangeCD,lastPrice,lowPrice,highPrice,volume,value,openInterest,preOpenInterest,upperLimitPrice,lowerLimitPrice,preSettlementPrice,prevClosePrice,settlementPrice,openPrice,closePrice,preDelta,currDelta,clearingDay,milliSecOffset,bidPrice1,bidVolume1,bidPrice2,bidVolume2,bidPrice3,bidVolume3,bidPrice4,bidVolume4,bidPrice5,bidVolume5,askPrice1,askVolume1,askPrice2,askVolume2,askPrice3,askVolume3,askPrice4,askVolume4,askPrice5,askVolume5
0,2017-04-17,00:00:00,0,TF1706,CCFX,98.815,0.0,0.0,0,0,19550,19550,0.0,0.0,98.865,98.815,0.0,0.0,0.0,0,0,2017-04-17,0,0.0,0,0,0,0,0,0,0,0,0,0.0,0,0,0,0,0,0,0,0,0
1,2017-04-17,07:04:09,400,TF1706,CCFX,98.815,0.0,0.0,0,0,19550,19550,100.05,97.68,98.865,98.815,0.0,0.0,0.0,0,0,2017-04-17,25449400,0.0,0,0,0,0,0,0,0,0,0,0.0,0,0,0,0,0,0,0,0,0
2,2017-04-17,09:14:00,400,TF1706,CCFX,98.755,98.755,98.755,19,18763450,19533,19550,100.05,97.68,98.865,98.815,0.0,98.755,0.0,0,0,2017-04-17,33240400,98.75,3,0,0,0,0,0,0,0,0,98.755,6,0,0,0,0,0,0,0,0
3,2017-04-17,09:15:00,400,TF1706,CCFX,98.75,98.75,98.755,23,22713450,19535,19550,100.05,97.68,98.865,98.815,0.0,98.755,0.0,0,0,2017-04-17,33300400,98.715,1,0,0,0,0,0,0,0,0,98.735,11,0,0,0,0,0,0,0,0
4,2017-04-17,09:15:00,900,TF1706,CCFX,98.715,98.715,98.755,37,36536100,19541,19550,100.05,97.68,98.865,98.815,0.0,98.755,0.0,0,0,2017-04-17,33300900,98.715,6,0,0,0,0,0,0,0,0,98.73,1,0,0,0,0,0,0,0,0
5,2017-04-17,09:15:01,400,TF1706,CCFX,98.715,98.715,98.755,41,40485050,19542,19550,100.05,97.68,98.865,98.815,0.0,98.755,0.0,0,0,2017-04-17,33301400,98.715,1,0,0,0,0,0,0,0,0,98.74,12,0,0,0,0,0,0,0,0
6,2017-04-17,09:15:01,900,TF1706,CCFX,98.71,98.71,98.755,45,44433600,19544,19550,100.05,97.68,98.865,98.815,0.0,98.755,0.0,0,0,2017-04-17,33301900,98.705,3,0,0,0,0,0,0,0,0,98.71,1,0,0,0,0,0,0,0,0
7,2017-04-17,09:15:02,400,TF1706,CCFX,98.705,98.705,98.755,52,51343300,19543,19550,100.05,97.68,98.865,98.815,0.0,98.755,0.0,0,0,2017-04-17,33302400,98.705,4,0,0,0,0,0,0,0,0,98.71,5,0,0,0,0,0,0,0,0
8,2017-04-17,09:15:02,900,TF1706,CCFX,98.705,98.705,98.755,53,52330350,19542,19550,100.05,97.68,98.865,98.815,0.0,98.755,0.0,0,0,2017-04-17,33302900,98.705,3,0,0,0,0,0,0,0,0,98.71,5,0,0,0,0,0,0,0,0
9,2017-04-17,09:15:03,400,TF1706,CCFX,98.705,98.705,98.755,53,52330350,19542,19550,100.05,97.68,98.865,98.815,0.0,98.755,0.0,0,0,2017-04-17,33303400,98.7,2,0,0,0,0,0,0,0,0,98.705,1,0,0,0,0,0,0,0,0
10,2017-04-17,09:15:03,900,TF1706,CCFX,98.71,98.705,98.755,58,57265700,19538,19550,100.05,97.68,98.865,98.815,0.0,98.755,0.0,0,0,2017-04-17,33303900,98.705,4,0,0,0,0,0,0,0,0,98.71,1,0,0,0,0,0,0,0,0
11,2017-04-17,09:15:04,400,TF1706,CCFX,98.71,98.705,98.755,59,58252800,19539,19550,100.05,97.68,98.865,98.815,0.0,98.755,0.0,0,0,2017-04-17,33304400,98.705,4,0,0,0,0,0,0,0,0,98.71,1,0,0,0,0,0,0,0,0
12,2017-04-17,09:15:04,900,TF1706,CCFX,98.71,98.705,98.755,65,64175300,19536,19550,100.05,97.68,98.865,98.815,0.0,98.755,0.0,0,0,2017-04-17,33304900,98.705,5,0,0,0,0,0,0,0,0,98.71,3,0,0,0,0,0,0,0,0
13,2017-04-17,09:15:05,400,TF1706,CCFX,98.7,98.7,98.755,72,71084550,19536,19550,100.05,97.68,98.865,98.815,0.0,98.755,0.0,0,0,2017-04-17,33305400,98.675,17,0,0,0,0,0,0,0,0,98.715,1,0,0,0,0,0,0,0,0
14,2017-04-17,09:15:05,900,TF1706,CCFX,98.68,98.68,98.755,73,72071350,19536,19550,100.05,97.68,98.865,98.815,0.0,98.755,0.0,0,0,2017-04-17,33305900,98.68,2,0,0,0,0,0,0,0,0,98.71,5,0,0,0,0,0,0,0,0
15,2017-04-17,09:15:06,400,TF1706,CCFX,98.68,98.68,98.755,73,72071350,19536,19550,100.05,97.68,98.865,98.815,0.0,98.755,0.0,0,0,2017-04-17,33306400,98.68,9,0,0,0,0,0,0,0,0,98.685,1,0,0,0,0,0,0,0,0
16,2017-04-17,09:15:06,900,TF1706,CCFX,98.685,98.68,98.755,74,73058200,19536,19550,100.05,97.68,98.865,98.815,0.0,98.755,0.0,0,0,2017-04-17,33306900,98.685,12,0,0,0,0,0,0,0,0,98.705,2,0,0,0,0,0,0,0,0
17,2017-04-17,09:15:07,400,TF1706,CCFX,98.7,98.68,98.755,82,80953300,19532,19550,100.05,97.68,98.865,98.815,0.0,98.755,0.0,0,0,2017-04-17,33307400,98.685,3,0,0,0,0,0,0,0,0,98.7,5,0,0,0,0,0,0,0,0
18,2017-04-17,09:15:07,900,TF1706,CCFX,98.7,98.68,98.755,82,80953300,19532,19550,100.05,97.68,98.865,98.815,0.0,98.755,0.0,0,0,2017-04-17,33307900,98.685,3,0,0,0,0,0,0,0,0,98.695,2,0,0,0,0,0,0,0,0
19,2017-04-17,09:15:08,400,TF1706,CCFX,98.68,98.68,98.755,89,87861050,19534,19550,100.05,97.68,98.865,98.815,0.0,98.755,0.0,0,0,2017-04-17,33308400,98.68,5,0,0,0,0,0,0,0,0,98.69,5,0,0,0,0,0,0,0,0
20,2017-04-17,09:15:08,900,TF1706,CCFX,98.68,98.68,98.755,95,93781850,19532,19550,100.05,97.68,98.865,98.815,0.0,98.755,0.0,0,0,2017-04-17,33308900,98.675,15,0,0,0,0,0,0,0,0,98.68,3,0,0,0,0,0,0,0,0
21,2017-04-17,09:15:09,400,TF1706,CCFX,98.68,98.68,98.755,96,94768650,19531,19550,100.05,97.68,98.865,98.815,0.0,98.755,0.0,0,0,2017-04-17,33309400,98.675,15,0,0,0,0,0,0,0,0,98.68,2,0,0,0,0,0,0,0,0
22,2017-04-17,09:15:09,900,TF1706,CCFX,98.68,98.68,98.755,99,97729050,19530,19550,100.05,97.68,98.865,98.815,0.0,98.755,0.0,0,0,2017-04-17,33309900,98.675,15,0,0,0,0,0,0,0,0,98.685,4,0,0,0,0,0,0,0,0
23,2017-04-17,09:15:10,900,TF1706,CCFX,98.68,98.68,98.755,100,98715850,19531,19550,100.05,97.68,98.865,98.815,0.0,98.755,0.0,0,0,2017-04-17,33310900,98.675,15,0,0,0,0,0,0,0,0,98.685,4,0,0,0,0,0,0,0,0
24,2017-04-17,09:15:11,400,TF1706,CCFX,98.675,98.675,98.755,102,100689350,19529,19550,100.05,97.68,98.865,98.815,0.0,98.755,0.0,0,0,2017-04-17,33311400,98.675,13,0,0,0,0,0,0,0,0,98.685,4,0,0,0,0,0,0,0,0
25,2017-04-17,09:15:11,900,TF1706,CCFX,98.675,98.675,98.755,103,101676100,19528,19550,100.05,97.68,98.865,98.815,0.0,98.755,0.0,0,0,2017-04-17,33311900,98.675,12,0,0,0,0,0,0,0,0,98.685,5,0,0,0,0,0,0,0,0
26,2017-04-17,09:15:12,400,TF1706,CCFX,98.675,98.675,98.755,104,102662850,19527,19550,100.05,97.68,98.865,98.815,0.0,98.755,0.0,0,0,2017-04-17,33312400,98.675,11,0,0,0,0,0,0,0,0,98.68,1,0,0,0,0,0,0,0,0
27,2017-04-17,09:15:12,900,TF1706,CCFX,98.675,98.675,98.755,104,102662850,19527,19550,100.05,97.68,98.865,98.815,0.0,98.755,0.0,0,0,2017-04-17,33312900,98.675,11,0,0,0,0,0,0,0,0,98.68,4,0,0,0,0,0,0,0,0
28,2017-04-17,09:15:13,400,TF1706,CCFX,98.67,98.67,98.755,116,114503800,19517,19550,100.05,97.68,98.865,98.815,0.0,98.755,0.0,0,0,2017-04-17,33313400,98.66,1,0,0,0,0,0,0,0,0,98.675,10,0,0,0,0,0,0,0,0
29,2017-04-17,09:15:13,900,TF1706,CCFX,98.66,98.66,98.755,117,115490400,19518,19550,100.05,97.68,98.865,98.815,0.0,98.755,0.0,0,0,2017-04-17,33313900,98.655,1,0,0,0,0,0,0,0,0,98.67,2,0,0,0,0,0,0,0,0
30,2017-04-17,09:15:14,400,TF1706,CCFX,98.66,98.66,98.755,119,117463700,19519,19550,100.05,97.68,98.865,98.815,0.0,98.755,0.0,0,0,2017-04-17,33314400,98.655,3,0,0,0,0,0,0,0,0,98.66,2,0,0,0,0,0,0,0,0
31,2017-04-17,09:15:14,900,TF1706,CCFX,98.66,98.66,98.755,127,125356600,19515,19550,100.05,97.68,98.865,98.815,0.0,98.755,0.0,0,0,2017-04-17,33314900,98.66,5,0,0,0,0,0,0,0,0,98.67,2,0,0,0,0,0,0,0,0
32,2017-04-17,09:15:15,400,TF1706,CCFX,98.67,98.66,98.755,129,127330000,19516,19550,100.05,97.68,98.865,98.815,0.0,98.755,0.0,0,0,2017-04-17,33315400,98.67,2,0,0,0,0,0,0,0,0,98.675,4,0,0,0,0,0,0,0,0
33,2017-04-17,09:15:15,900,TF1706,CCFX,98.67,98.66,98.755,130,128316700,19517,19550,100.05,97.68,98.865,98.815,0.0,98.755,0.0,0,0,2017-04-17,33315900,98.67,2,0,0,0,0,0,0,0,0,98.68,1,0,0,0,0,0,0,0,0
34,2017-04-17,09:15:16,400,TF1706,CCFX,98.66,98.66,98.755,141,139170600,19520,19550,100.05,97.68,98.865,98.815,0.0,98.755,0.0,0,0,2017-04-17,33316400,98.675,2,0,0,0,0,0,0,0,0,98.685,1,0,0,0,0,0,0,0,0
35,2017-04-17,09:15:16,900,TF1706,CCFX,98.685,98.66,98.755,142,140157450,19520,19550,100.05,97.68,98.865,98.815,0.0,98.755,0.0,0,0,2017-04-17,33316900,98.68,1,0,0,0,0,0,0,0,0,98.695,3,0,0,0,0,0,0,0,0
36,2017-04-17,09:15:17,400,TF1706,CCFX,98.685,98.66,98.755,142,140157450,19520,19550,100.05,97.68,98.865,98.815,0.0,98.755,0.0,0,0,2017-04-17,33317400,98.68,1,0,0,0,0,0,0,0,0,98.695,3,0,0,0,0,0,0,0,0
37,2017-04-17,09:15:17,900,TF1706,CCFX,98.685,98.66,98.755,142,140157450,19520,19550,100.05,97.68,98.865,98.815,0.0,98.755,0.0,0,0,2017-04-17,33317900,98.68,5,0,0,0,0,0,0,0,0,98.695,3,0,0,0,0,0,0,0,0
38,2017-04-17,09:15:18,400,TF1706,CCFX,98.685,98.66,98.755,142,140157450,19520,19550,100.05,97.68,98.865,98.815,0.0,98.755,0.0,0,0,2017-04-17,33318400,98.685,1,0,0,0,0,0,0,0,0,98.695,3,0,0,0,0,0,0,0,0
39,2017-04-17,09:15:18,900,TF1706,CCFX,98.685,98.66,98.755,143,141144300,19521,19550,100.05,97.68,98.865,98.815,0.0,98.755,0.0,0,0,2017-04-17,33318900,98.685,1,0,0,0,0,0,0,0,0,98.695,1,0,0,0,0,0,0,0,0
40,2017-04-17,09:15:19,400,TF1706,CCFX,98.685,98.66,98.755,145,143118100,19522,19550,100.05,97.68,98.865,98.815,0.0,98.755,0.0,0,0,2017-04-17,33319400,98.685,1,0,0,0,0,0,0,0,0,98.7,4,0,0,0,0,0,0,0,0
41,2017-04-17,09:15:19,900,TF1706,CCFX,98.7,98.66,98.755,146,144105100,19521,19550,100.05,97.68,98.865,98.815,0.0,98.755,0.0,0,0,2017-04-17,33319900,98.695,1,0,0,0,0,0,0,0,0,98.705,1,0,0,0,0,0,0,0,0
42,2017-04-17,09:15:20,400,TF1706,CCFX,98.705,98.66,98.755,147,145092150,19520,19550,100.05,97.68,98.865,98.815,0.0,98.755,0.0,0,0,2017-04-17,33320400,98.695,2,0,0,0,0,0,0,0,0,98.71,3,0,0,0,0,0,0,0,0
43,2017-04-17,09:15:20,900,TF1706,CCFX,98.705,98.66,98.755,147,145092150,19520,19550,100.05,97.68,98.865,98.815,0.0,98.755,0.0,0,0,2017-04-17,33320900,98.695,2,0,0,0,0,0,0,0,0,98.71,8,0,0,0,0,0,0,0,0
44,2017-04-17,09:15:21,400,TF1706,CCFX,98.71,98.66,98.755,156,153976050,19523,19550,100.05,97.68,98.865,98.815,0.0,98.755,0.0,0,0,2017-04-17,33321400,98.695,3,0,0,0,0,0,0,0,0,98.72,6,0,0,0,0,0,0,0,0
45,2017-04-17,09:15:21,900,TF1706,CCFX,98.71,98.66,98.755,157,154963150,19523,19550,100.05,97.68,98.865,98.815,0.0,98.755,0.0,0,0,2017-04-17,33321900,98.7,8,0,0,0,0,0,0,0,0,98.72,6,0,0,0,0,0,0,0,0
46,2017-04-17,09:15:22,400,TF1706,CCFX,98.71,98.66,98.755,157,154963150,19523,19550,100.05,97.68,98.865,98.815,0.0,98.755,0.0,0,0,2017-04-17,33322400,98.7,1,0,0,0,0,0,0,0,0,98.72,6,0,0,0,0,0,0,0,0
47,2017-04-17,09:15:22,900,TF1706,CCFX,98.71,98.66,98.755,157,154963150,19523,19550,100.05,97.68,98.865,98.815,0.0,98.755,0.0,0,0,2017-04-17,33322900,98.705,1,0,0,0,0,0,0,0,0,98.72,6,0,0,0,0,0,0,0,0
48,2017-04-17,09:15:23,400,TF1706,CCFX,98.71,98.66,98.755,157,154963150,19523,19550,100.05,97.68,98.865,98.815,0.0,98.755,0.0,0,0,2017-04-17,33323400,98.705,1,0,0,0,0,0,0,0,0,98.72,6,0,0,0,0,0,0,0,0
49,2017-04-17,09:15:23,900,TF1706,CCFX,98.71,98.66,98.755,157,154963150,19523,19550,100.05,97.68,98.865,98.815,0.0,98.755,0.0,0,0,2017-04-17,33323900,98.7,2,0,0,0,0,0,0,0,0,98.72,6,0,0,0,0,0,0,0,0
50,2017-04-17,09:15:24,400,TF1706,CCFX,98.715,98.66,98.755,158,155950300,19522,19550,100.05,97.68,98.865,98.815,0.0,98.755,0.0,0,0,2017-04-17,33324400,98.7,2,0,0,0,0,0,0,0,0,98.72,6,0,0,0,0,0,0,0,0
51,2017-04-17,09:15:24,900,TF1706,CCFX,98.715,98.66,98.755,158,155950300,19522,19550,100.05,97.68,98.865,98.815,0.0,98.755,0.0,0,0,2017-04-17,33324900,98.7,2,0,0,0,0,0,0,0,0,98.72,6,0,0,0,0,0,0,0,0
52,2017-04-17,09:15:25,400,TF1706,CCFX,98.715,98.66,98.755,158,155950300,19522,19550,100.05,97.68,98.865,98.815,0.0,98.755,0.0,0,0,2017-04-17,33325400,98.7,1,0,0,0,0,0,0,0,0,98.72,7,0,0,0,0,0,0,0,0
53,2017-04-17,09:15:25,900,TF1706,CCFX,98.715,98.66,98.755,158,155950300,19522,19550,100.05,97.68,98.865,98.815,0.0,98.755,0.0,0,0,2017-04-17,33325900,98.7,2,0,0,0,0,0,0,0,0,98.72,6,0,0,0,0,0,0,0,0
54,2017-04-17,09:15:26,400,TF1706,CCFX,98.715,98.66,98.755,158,155950300,19522,19550,100.05,97.68,98.865,98.815,0.0,98.755,0.0,0,0,2017-04-17,33326400,98.705,1,0,0,0,0,0,0,0,0,98.72,6,0,0,0,0,0,0,0,0
55,2017-04-17,09:15:26,900,TF1706,CCFX,98.715,98.66,98.755,158,155950300,19522,19550,100.05,97.68,98.865,98.815,0.0,98.755,0.0,0,0,2017-04-17,33326900,98.705,1,0,0,0,0,0,0,0,0,98.72,6,0,0,0,0,0,0,0,0
56,2017-04-17,09:15:27,400,TF1706,CCFX,98.715,98.66,98.755,158,155950300,19522,19550,100.05,97.68,98.865,98.815,0.0,98.755,0.0,0,0,2017-04-17,33327400,98.705,2,0,0,0,0,0,0,0,0,98.72,6,0,0,0,0,0,0,0,0
57,2017-04-17,09:15:27,900,TF1706,CCFX,98.715,98.66,98.755,158,155950300,19522,19550,100.05,97.68,98.865,98.815,0.0,98.755,0.0,0,0,2017-04-17,33327900,98.705,6,0,0,0,0,0,0,0,0,98.72,6,0,0,0,0,0,0,0,0
58,2017-04-17,09:15:28,400,TF1706,CCFX,98.715,98.66,98.755,158,155950300,19522,19550,100.05,97.68,98.865,98.815,0.0,98.755,0.0,0,0,2017-04-17,33328400,98.71,1,0,0,0,0,0,0,0,0,98.715,1,0,0,0,0,0,0,0,0
59,2017-04-17,09:15:28,900,TF1706,CCFX,98.715,98.66,98.755,159,156937450,19522,19550,100.05,97.68,98.865,98.815,0.0,98.755,0.0,0,0,2017-04-17,33328900,98.715,1,0,0,0,0,0,0,0,0,98.72,6,0,0,0,0,0,0,0,0
60,2017-04-17,09:15:29,400,TF1706,CCFX,98.71,98.66,98.755,160,157924550,19522,19550,100.05,97.68,98.865,98.815,0.0,98.755,0.0,0,0,2017-04-17,33329400,98.705,13,0,0,0,0,0,0,0,0,98.72,6,0,0,0,0,0,0,0,0
61,2017-04-17,09:15:29,900,TF1706,CCFX,98.71,98.66,98.755,160,157924550,19522,19550,100.05,97.68,98.865,98.815,0.0,98.755,0.0,0,0,2017-04-17,33329900,98.705,15,0,0,0,0,0,0,0,0,98.72,6,0,0,0,0,0,0,0,0
62,2017-04-17,09:15:30,400,TF1706,CCFX,98.71,98.66,98.755,160,157924550,19522,19550,100.05,97.68,98.865,98.815,0.0,98.755,0.0,0,0,2017-04-17,33330400,98.705,13,0,0,0,0,0,0,0,0,98.72,6,0,0,0,0,0,0,0,0
63,2017-04-17,09:15:30,900,TF1706,CCFX,98.71,98.66,98.755,160,157924550,19522,19550,100.05,97.68,98.865,98.815,0.0,98.755,0.0,0,0,2017-04-17,33330900,98.705,15,0,0,0,0,0,0,0,0,98.715,1,0,0,0,0,0,0,0,0
64,2017-04-17,09:15:31,400,TF1706,CCFX,98.715,98.66,98.755,161,158911700,19522,19550,100.05,97.68,98.865,98.815,0.0,98.755,0.0,0,0,2017-04-17,33331400,98.715,2,0,0,0,0,0,0,0,0,98.72,6,0,0,0,0,0,0,0,0
65,2017-04-17,09:15:31,900,TF1706,CCFX,98.72,98.66,98.755,163,160886100,19520,19550,100.05,97.68,98.865,98.815,0.0,98.755,0.0,0,0,2017-04-17,33331900,98.715,2,0,0,0,0,0,0,0,0,98.72,4,0,0,0,0,0,0,0,0
66,2017-04-17,09:15:32,400,TF1706,CCFX,98.72,98.66,98.755,165,162860500,19520,19550,100.05,97.68,98.865,98.815,0.0,98.755,0.0,0,0,2017-04-17,33332400,98.715,2,0,0,0,0,0,0,0,0,98.72,2,0,0,0,0,0,0,0,0
67,2017-04-17,09:15:32,900,TF1706,CCFX,98.72,98.66,98.755,167,164834900,19519,19550,100.05,97.68,98.865,98.815,0.0,98.755,0.0,0,0,2017-04-17,33332900,98.715,2,0,0,0,0,0,0,0,0,98.75,3,0,0,0,0,0,0,0,0
68,2017-04-17,09:15:33,400,TF1706,CCFX,98.715,98.66,98.755,173,170758250,19523,19550,100.05,97.68,98.865,98.815,0.0,98.755,0.0,0,0,2017-04-17,33333400,98.71,1,0,0,0,0,0,0,0,0,98.715,7,0,0,0,0,0,0,0,0
69,2017-04-17,09:15:33,900,TF1706,CCFX,98.715,98.66,98.755,174,171745400,19524,19550,100.05,97.68,98.865,98.815,0.0,98.755,0.0,0,0,2017-04-17,33333900,98.71,1,0,0,0,0,0,0,0,0,98.715,6,0,0,0,0,0,0,0,0
70,2017-04-17,09:15:34,400,TF1706,CCFX,98.715,98.66,98.755,177,174706850,19524,19550,100.05,97.68,98.865,98.815,0.0,98.755,0.0,0,0,2017-04-17,33334400,98.71,1,0,0,0,0,0,0,0,0,98.715,3,0,0,0,0,0,0,0,0
71,2017-04-17,09:15:34,900,TF1706,CCFX,98.715,98.66,98.755,180,177668300,19526,19550,100.05,97.68,98.865,98.815,0.0,98.755,0.0,0,0,2017-04-17,33334900,98.715,2,0,0,0,0,0,0,0,0,98.73,1,0,0,0,0,0,0,0,0
72,2017-04-17,09:15:35,400,TF1706,CCFX,98.725,98.66,98.755,181,178655550,19526,19550,100.05,97.68,98.865,98.815,0.0,98.755,0.0,0,0,2017-04-17,33335400,98.715,2,0,0,0,0,0,0,0,0,98.73,2,0,0,0,0,0,0,0,0
73,2017-04-17,09:15:35,900,TF1706,CCFX,98.725,98.66,98.755,181,178655550,19526,19550,100.05,97.68,98.865,98.815,0.0,98.755,0.0,0,0,2017-04-17,33335900,98.715,2,0,0,0,0,0,0,0,0,98.73,3,0,0,0,0,0,0,0,0
74,2017-04-17,09:15:36,400,TF1706,CCFX,98.725,98.66,98.755,181,178655550,19526,19550,100.05,97.68,98.865,98.815,0.0,98.755,0.0,0,0,2017-04-17,33336400,98.715,2,0,0,0,0,0,0,0,0,98.73,3,0,0,0,0,0,0,0,0
75,2017-04-17,09:15:36,900,TF1706,CCFX,98.725,98.66,98.755,181,178655550,19526,19550,100.05,97.68,98.865,98.815,0.0,98.755,0.0,0,0,2017-04-17,33336900,98.715,2,0,0,0,0,0,0,0,0,98.73,4,0,0,0,0,0,0,0,0
76,2017-04-17,09:15:37,400,TF1706,CCFX,98.715,98.66,98.755,183,180629850,19524,19550,100.05,97.68,98.865,98.815,0.0,98.755,0.0,0,0,2017-04-17,33337400,98.71,1,0,0,0,0,0,0,0,0,98.73,6,0,0,0,0,0,0,0,0
77,2017-04-17,09:15:38,400,TF1706,CCFX,98.715,98.66,98.755,183,180629850,19524,19550,100.05,97.68,98.865,98.815,0.0,98.755,0.0,0,0,2017-04-17,33338400,98.71,1,0,0,0,0,0,0,0,0,98.715,4,0,0,0,0,0,0,0,0
78,2017-04-17,09:15:38,900,TF1706,CCFX,98.71,98.66,98.755,184,181616950,19524,19550,100.05,97.68,98.865,98.815,0.0,98.755,0.0,0,0,2017-04-17,33338900,98.705,10,0,0,0,0,0,0,0,0,98.71,1,0,0,0,0,0,0,0,0
79,2017-04-17,09:15:39,400,TF1706,CCFX,98.71,98.66,98.755,185,182604050,19524,19550,100.05,97.68,98.865,98.815,0.0,98.755,0.0,0,0,2017-04-17,33339400,98.705,10,0,0,0,0,0,0,0,0,98.715,4,0,0,0,0,0,0,0,0
80,2017-04-17,09:15:39,900,TF1706,CCFX,98.71,98.66,98.755,185,182604050,19524,19550,100.05,97.68,98.865,98.815,0.0,98.755,0.0,0,0,2017-04-17,33339900,98.705,10,0,0,0,0,0,0,0,0,98.715,4,0,0,0,0,0,0,0,0
81,2017-04-17,09:15:40,400,TF1706,CCFX,98.71,98.66,98.755,185,182604050,19524,19550,100.05,97.68,98.865,98.815,0.0,98.755,0.0,0,0,2017-04-17,33340400,98.705,10,0,0,0,0,0,0,0,0,98.715,4,0,0,0,0,0,0,0,0
82,2017-04-17,09:15:40,900,TF1706,CCFX,98.705,98.66,98.755,188,185565200,19523,19550,100.05,97.68,98.865,98.815,0.0,98.755,0.0,0,0,2017-04-17,33340900,98.705,3,0,0,0,0,0,0,0,0,98.715,4,0,0,0,0,0,0,0,0
83,2017-04-17,09:15:41,400,TF1706,CCFX,98.705,98.66,98.755,191,188526350,19520,19550,100.05,97.68,98.865,98.815,0.0,98.755,0.0,0,0,2017-04-17,33341400,98.695,2,0,0,0,0,0,0,0,0,98.715,4,0,0,0,0,0,0,0,0
84,2017-04-17,09:15:41,900,TF1706,CCFX,98.705,98.66,98.755,191,188526350,19520,19550,100.05,97.68,98.865,98.815,0.0,98.755,0.0,0,0,2017-04-17,33341900,98.695,2,0,0,0,0,0,0,0,0,98.71,1,0,0,0,0,0,0,0,0
85,2017-04-17,09:15:42,400,TF1706,CCFX,98.705,98.66,98.755,191,188526350,19520,19550,100.05,97.68,98.865,98.815,0.0,98.755,0.0,0,0,2017-04-17,33342400,98.695,2,0,0,0,0,0,0,0,0,98.71,1,0,0,0,0,0,0,0,0
86,2017-04-17,09:15:42,900,TF1706,CCFX,98.705,98.66,98.755,191,188526350,19520,19550,100.05,97.68,98.865,98.815,0.0,98.755,0.0,0,0,2017-04-17,33342900,98.695,2,0,0,0,0,0,0,0,0,98.71,2,0,0,0,0,0,0,0,0
87,2017-04-17,09:15:43,400,TF1706,CCFX,98.705,98.66,98.755,191,188526350,19520,19550,100.05,97.68,98.865,98.815,0.0,98.755,0.0,0,0,2017-04-17,33343400,98.695,2,0,0,0,0,0,0,0,0,98.705,1,0,0,0,0,0,0,0,0
88,2017-04-17,09:15:43,900,TF1706,CCFX,98.705,98.66,98.755,191,188526350,19520,19550,100.05,97.68,98.865,98.815,0.0,98.755,0.0,0,0,2017-04-17,33343900,98.695,2,0,0,0,0,0,0,0,0,98.705,2,0,0,0,0,0,0,0,0
89,2017-04-17,09:15:44,400,TF1706,CCFX,98.705,98.66,98.755,191,188526350,19520,19550,100.05,97.68,98.865,98.815,0.0,98.755,0.0,0,0,2017-04-17,33344400,98.695,2,0,0,0,0,0,0,0,0,98.705,3,0,0,0,0,0,0,0,0
90,2017-04-17,09:15:44,900,TF1706,CCFX,98.705,98.66,98.755,191,188526350,19520,19550,100.05,97.68,98.865,98.815,0.0,98.755,0.0,0,0,2017-04-17,33344900,98.695,2,0,0,0,0,0,0,0,0,98.705,3,0,0,0,0,0,0,0,0
91,2017-04-17,09:15:45,400,TF1706,CCFX,98.705,98.66,98.755,191,188526350,19520,19550,100.05,97.68,98.865,98.815,0.0,98.755,0.0,0,0,2017-04-17,33345400,98.695,2,0,0,0,0,0,0,0,0,98.705,3,0,0,0,0,0,0,0,0
92,2017-04-17,09:15:45,900,TF1706,CCFX,98.695,98.66,98.755,193,190500250,19520,19550,100.05,97.68,98.865,98.815,0.0,98.755,0.0,0,0,2017-04-17,33345900,98.69,2,0,0,0,0,0,0,0,0,98.705,3,0,0,0,0,0,0,0,0
93,2017-04-17,09:15:46,400,TF1706,CCFX,98.695,98.66,98.755,193,190500250,19520,19550,100.05,97.68,98.865,98.815,0.0,98.755,0.0,0,0,2017-04-17,33346400,98.69,2,0,0,0,0,0,0,0,0,98.705,3,0,0,0,0,0,0,0,0
94,2017-04-17,09:15:46,900,TF1706,CCFX,98.695,98.66,98.755,193,190500250,19520,19550,100.05,97.68,98.865,98.815,0.0,98.755,0.0,0,0,2017-04-17,33346900,98.69,2,0,0,0,0,0,0,0,0,98.7,1,0,0,0,0,0,0,0,0
95,2017-04-17,09:15:47,400,TF1706,CCFX,98.695,98.66,98.755,193,190500250,19520,19550,100.05,97.68,98.865,98.815,0.0,98.755,0.0,0,0,2017-04-17,33347400,98.69,2,0,0,0,0,0,0,0,0,98.7,2,0,0,0,0,0,0,0,0
96,2017-04-17,09:15:47,900,TF1706,CCFX,98.7,98.66,98.755,195,192474250,19521,19550,100.05,97.68,98.865,98.815,0.0,98.755,0.0,0,0,2017-04-17,33347900,98.7,4,0,0,0,0,0,0,0,0,98.705,3,0,0,0,0,0,0,0,0
97,2017-04-17,09:15:48,400,TF1706,CCFX,98.7,98.66,98.755,199,196422250,19522,19550,100.05,97.68,98.865,98.815,0.0,98.755,0.0,0,0,2017-04-17,33348400,98.69,5,0,0,0,0,0,0,0,0,98.695,1,0,0,0,0,0,0,0,0
98,2017-04-17,09:15:48,900,TF1706,CCFX,98.695,98.66,98.755,201,198396150,19521,19550,100.05,97.68,98.865,98.815,0.0,98.755,0.0,0,0,2017-04-17,33348900,98.695,2,0,0,0,0,0,0,0,0,98.705,2,0,0,0,0,0,0,0,0
99,2017-04-17,09:15:49,400,TF1706,CCFX,98.695,98.66,98.755,201,198396150,19521,19550,100.05,97.68,98.865,98.815,0.0,98.755,0.0,0,0,2017-04-17,33349400,98.69,12,0,0,0,0,0,0,0,0,98.705,2,0,0,0,0,0,0,0,0
100,2017-04-17,09:15:49,900,TF1706,CCFX,98.7,98.66,98.755,202,199383150,19520,19550,100.05,97.68,98.865,98.815,0.0,98.755,0.0,0,0,2017-04-17,33349900,98.69,5,0,0,0,0,0,0,0,0,98.705,3,0,0,0,0,0,0,0,0
101,2017-04-17,09:15:50,400,TF1706,CCFX,98.7,98.66,98.755,202,199383150,19520,19550,100.05,97.68,98.865,98.815,0.0,98.755,0.0,0,0,2017-04-17,33350400,98.685,5,0,0,0,0,0,0,0,0,98.7,1,0,0,0,0,0,0,0,0
102,2017-04-17,09:15:50,900,TF1706,CCFX,98.7,98.66,98.755,202,199383150,19520,19550,100.05,97.68,98.865,98.815,0.0,98.755,0.0,0,0,2017-04-17,33350900,98.685,9,0,0,0,0,0,0,0,0,98.7,1,0,0,0,0,0,0,0,0
103,2017-04-17,09:15:51,400,TF1706,CCFX,98.7,98.66,98.755,202,199383150,19520,19550,100.05,97.68,98.865,98.815,0.0,98.755,0.0,0,0,2017-04-17,33351400,98.685,5,0,0,0,0,0,0,0,0,98.7,2,0,0,0,0,0,0,0,0
104,2017-04-17,09:15:52,400,TF1706,CCFX,98.7,98.66,98.755,202,199383150,19520,19550,100.05,97.68,98.865,98.815,0.0,98.755,0.0,0,0,2017-04-17,33352400,98.695,1,0,0,0,0,0,0,0,0,98.7,2,0,0,0,0,0,0,0,0
105,2017-04-17,09:15:52,900,TF1706,CCFX,98.7,98.66,98.755,202,199383150,19520,19550,100.05,97.68,98.865,98.815,0.0,98.755,0.0,0,0,2017-04-17,33352900,98.695,1,0,0,0,0,0,0,0,0,98.7,2,0,0,0,0,0,0,0,0
106,2017-04-17,09:15:54,400,TF1706,CCFX,98.7,98.66,98.755,202,199383150,19520,19550,100.05,97.68,98.865,98.815,0.0,98.755,0.0,0,0,2017-04-17,33354400,98.695,1,0,0,0,0,0,0,0,0,98.7,2,0,0,0,0,0,0,0,0
107,2017-04-17,09:15:54,900,TF1706,CCFX,98.7,98.66,98.755,202,199383150,19520,19550,100.05,97.68,98.865,98.815,0.0,98.755,0.0,0,0,2017-04-17,33354900,98.695,1,0,0,0,0,0,0,0,0,98.7,1,0,0,0,0,0,0,0,0
108,2017-04-17,09:15:55,400,TF1706,CCFX,98.7,98.66,98.755,202,199383150,19520,19550,100.05,97.68,98.865,98.815,0.0,98.755,0.0,0,0,2017-04-17,33355400,98.695,1,0,0,0,0,0,0,0,0,98.7,1,0,0,0,0,0,0,0,0
109,2017-04-17,09:15:55,900,TF1706,CCFX,98.7,98.66,98.755,202,199383150,19520,19550,100.05,97.68,98.865,98.815,0.0,98.755,0.0,0,0,2017-04-17,33355900,98.695,1,0,0,0,0,0,0,0,0,98.7,1,0,0,0,0,0,0,0,0
110,2017-04-17,09:15:56,900,TF1706,CCFX,98.7,98.66,98.755,202,199383150,19520,19550,100.05,97.68,98.865,98.815,0.0,98.755,0.0,0,0,2017-04-17,33356900,98.695,1,0,0,0,0,0,0,0,0,98.7,1,0,0,0,0,0,0,0,0
111,2017-04-17,09:15:57,400,TF1706,CCFX,98.7,98.66,98.755,202,199383150,19520,19550,100.05,97.68,98.865,98.815,0.0,98.755,0.0,0,0,2017-04-17,33357400,98.695,1,0,0,0,0,0,0,0,0,98.7,1,0,0,0,0,0,0,0,0
112,2017-04-17,09:15:57,900,TF1706,CCFX,98.7,98.66,98.755,203,200370150,19520,19550,100.05,97.68,98.865,98.815,0.0,98.755,0.0,0,0,2017-04-17,33357900,98.695,1,0,0,0,0,0,0,0,0,98.705,1,0,0,0,0,0,0,0,0
113,2017-04-17,09:15:58,400,TF1706,CCFX,98.7,98.66,98.755,203,200370150,19520,19550,100.05,97.68,98.865,98.815,0.0,98.755,0.0,0,0,2017-04-17,33358400,98.695,1,0,0,0,0,0,0,0,0,98.715,14,0,0,0,0,0,0,0,0
114,2017-04-17,09:15:58,900,TF1706,CCFX,98.7,98.66,98.755,203,200370150,19520,19550,100.05,97.68,98.865,98.815,0.0,98.755,0.0,0,0,2017-04-17,33358900,98.695,1,0,0,0,0,0,0,0,0,98.705,1,0,0,0,0,0,0,0,0
115,2017-04-17,09:15:59,400,TF1706,CCFX,98.7,98.66,98.755,203,200370150,19520,19550,100.05,97.68,98.865,98.815,0.0,98.755,0.0,0,0,2017-04-17,33359400,98.695,1,0,0,0,0,0,0,0,0,98.7,1,0,0,0,0,0,0,0,0
116,2017-04-17,09:15:59,900,TF1706,CCFX,98.695,98.66,98.755,204,201357100,19520,19550,100.05,97.68,98.865,98.815,0.0,98.755,0.0,0,0,2017-04-17,33359900,98.69,4,0,0,0,0,0,0,0,0,98.7,1,0,0,0,0,0,0,0,0
117,2017-04-17,09:16:00,400,TF1706,CCFX,98.695,98.66,98.755,204,201357100,19520,19550,100.05,97.68,98.865,98.815,0.0,98.755,0.0,0,0,2017-04-17,33360400,98.69,4,0,0,0,0,0,0,0,0,98.7,1,0,0,0,0,0,0,0,0
118,2017-04-17,09:16:02,900,TF1706,CCFX,98.69,98.66,98.755,206,203331000,19520,19550,100.05,97.68,98.865,98.815,0.0,98.755,0.0,0,0,2017-04-17,33362900,98.69,3,0,0,0,0,0,0,0,0,98.71,1,0,0,0,0,0,0,0,0
119,2017-04-17,09:16:03,400,TF1706,CCFX,98.69,98.66,98.755,207,204317900,19520,19550,100.05,97.68,98.865,98.815,0.0,98.755,0.0,0,0,2017-04-17,33363400,98.69,10,0,0,0,0,0,0,0,0,98.715,15,0,0,0,0,0,0,0,0
120,2017-04-17,09:16:03,900,TF1706,CCFX,98.69,98.66,98.755,208,205304800,19521,19550,100.05,97.68,98.865,98.815,0.0,98.755,0.0,0,0,2017-04-17,33363900,98.69,9,0,0,0,0,0,0,0,0,98.71,1,0,0,0,0,0,0,0,0
121,2017-04-17,09:16:04,400,TF1706,CCFX,98.69,98.66,98.755,210,207278600,19521,19550,100.05,97.68,98.865,98.815,0.0,98.755,0.0,0,0,2017-04-17,33364400,98.69,5,0,0,0,0,0,0,0,0,98.71,2,0,0,0,0,0,0,0,0
122,2017-04-17,09:16:04,900,TF1706,CCFX,98.69,98.66,98.755,210,207278600,19521,19550,100.05,97.68,98.865,98.815,0.0,98.755,0.0,0,0,2017-04-17,33364900,98.69,5,0,0,0,0,0,0,0,0,98.705,1,0,0,0,0,0,0,0,0
123,2017-04-17,09:16:05,400,TF1706,CCFX,98.69,98.66,98.755,210,207278600,19521,19550,100.05,97.68,98.865,98.815,0.0,98.755,0.0,0,0,2017-04-17,33365400,98.685,5,0,0,0,0,0,0,0,0,98.705,1,0,0,0,0,0,0,0,0
124,2017-04-17,09:16:05,900,TF1706,CCFX,98.685,98.66,98.755,211,208265450,19521,19550,100.05,97.68,98.865,98.815,0.0,98.755,0.0,0,0,2017-04-17,33365900,98.685,4,0,0,0,0,0,0,0,0,98.7,1,0,0,0,0,0,0,0,0
125,2017-04-17,09:16:06,400,TF1706,CCFX,98.685,98.66,98.755,211,208265450,19521,19550,100.05,97.68,98.865,98.815,0.0,98.755,0.0,0,0,2017-04-17,33366400,98.69,5,0,0,0,0,0,0,0,0,98.7,1,0,0,0,0,0,0,0,0
126,2017-04-17,09:16:06,900,TF1706,CCFX,98.7,98.66,98.755,212,209252450,19520,19550,100.05,97.68,98.865,98.815,0.0,98.755,0.0,0,0,2017-04-17,33366900,98.685,8,0,0,0,0,0,0,0,0,98.705,2,0,0,0,0,0,0,0,0
127,2017-04-17,09:16:07,400,TF1706,CCFX,98.7,98.66,98.755,212,209252450,19520,19550,100.05,97.68,98.865,98.815,0.0,98.755,0.0,0,0,2017-04-17,33367400,98.7,1,0,0,0,0,0,0,0,0,98.705,2,0,0,0,0,0,0,0,0
128,2017-04-17,09:16:07,900,TF1706,CCFX,98.7,98.66,98.755,212,209252450,19520,19550,100.05,97.68,98.865,98.815,0.0,98.755,0.0,0,0,2017-04-17,33367900,98.7,1,0,0,0,0,0,0,0,0,98.705,2,0,0,0,0,0,0,0,0
129,2017-04-17,09:16:08,400,TF1706,CCFX,98.7,98.66,98.755,213,210239450,19520,19550,100.05,97.68,98.865,98.815,0.0,98.755,0.0,0,0,2017-04-17,33368400,98.69,3,0,0,0,0,0,0,0,0,98.7,2,0,0,0,0,0,0,0,0
130,2017-04-17,09:16:08,900,TF1706,CCFX,98.705,98.66,98.755,217,214187500,19520,19550,100.05,97.68,98.865,98.815,0.0,98.755,0.0,0,0,2017-04-17,33368900,98.705,2,0,0,0,0,0,0,0,0,98.71,1,0,0,0,0,0,0,0,0
131,2017-04-17,09:16:09,400,TF1706,CCFX,98.705,98.66,98.755,219,216161600,19520,19550,100.05,97.68,98.865,98.815,0.0,98.755,0.0,0,0,2017-04-17,33369400,98.685,4,0,0,0,0,0,0,0,0,98.705,5,0,0,0,0,0,0,0,0
132,2017-04-17,09:16:09,900,TF1706,CCFX,98.705,98.66,98.755,219,216161600,19520,19550,100.05,97.68,98.865,98.815,0.0,98.755,0.0,0,0,2017-04-17,33369900,98.69,9,0,0,0,0,0,0,0,0,98.705,7,0,0,0,0,0,0,0,0
133,2017-04-17,09:16:10,400,TF1706,CCFX,98.705,98.66,98.755,219,216161600,19520,19550,100.05,97.68,98.865,98.815,0.0,98.755,0.0,0,0,2017-04-17,33370400,98.7,2,0,0,0,0,0,0,0,0,98.705,7,0,0,0,0,0,0,0,0
134,2017-04-17,09:16:10,900,TF1706,CCFX,98.705,98.66,98.755,224,221096850,19518,19550,100.05,97.68,98.865,98.815,0.0,98.755,0.0,0,0,2017-04-17,33370900,98.7,10,0,0,0,0,0,0,0,0,98.705,2,0,0,0,0,0,0,0,0
135,2017-04-17,09:16:11,400,TF1706,CCFX,98.705,98.66,98.755,226,223070950,19517,19550,100.05,97.68,98.865,98.815,0.0,98.755,0.0,0,0,2017-04-17,33371400,98.705,1,0,0,0,0,0,0,0,0,98.71,1,0,0,0,0,0,0,0,0
136,2017-04-17,09:16:11,900,TF1706,CCFX,98.7,98.66,98.755,227,224057950,19517,19550,100.05,97.68,98.865,98.815,0.0,98.755,0.0,0,0,2017-04-17,33371900,98.7,10,0,0,0,0,0,0,0,0,98.71,2,0,0,0,0,0,0,0,0
137,2017-04-17,09:16:12,400,TF1706,CCFX,98.71,98.66,98.755,228,225045050,19517,19550,100.05,97.68,98.865,98.815,0.0,98.755,0.0,0,0,2017-04-17,33372400,98.7,10,0,0,0,0,0,0,0,0,98.705,1,0,0,0,0,0,0,0,0
138,2017-04-17,09:16:12,900,TF1706,CCFX,98.715,98.66,98.755,230,227019250,19516,19550,100.05,97.68,98.865,98.815,0.0,98.755,0.0,0,0,2017-04-17,33372900,98.705,3,0,0,0,0,0,0,0,0,98.715,14,0,0,0,0,0,0,0,0
139,2017-04-17,09:16:13,400,TF1706,CCFX,98.71,98.66,98.755,232,228993500,19516,19550,100.05,97.68,98.865,98.815,0.0,98.755,0.0,0,0,2017-04-17,33373400,98.705,3,0,0,0,0,0,0,0,0,98.715,13,0,0,0,0,0,0,0,0
140,2017-04-17,09:16:13,900,TF1706,CCFX,98.71,98.66,98.755,232,228993500,19516,19550,100.05,97.68,98.865,98.815,0.0,98.755,0.0,0,0,2017-04-17,33373900,98.705,3,0,0,0,0,0,0,0,0,98.715,13,0,0,0,0,0,0,0,0
141,2017-04-17,09:16:14,400,TF1706,CCFX,98.71,98.66,98.755,232,228993500,19516,19550,100.05,97.68,98.865,98.815,0.0,98.755,0.0,0,0,2017-04-17,33374400,98.705,2,0,0,0,0,0,0,0,0,98.715,13,0,0,0,0,0,0,0,0
142,2017-04-17,09:16:14,900,TF1706,CCFX,98.71,98.66,98.755,232,228993500,19516,19550,100.05,97.68,98.865,98.815,0.0,98.755,0.0,0,0,2017-04-17,33374900,98.7,12,0,0,0,0,0,0,0,0,98.715,13,0,0,0,0,0,0,0,0
143,2017-04-17,09:16:15,400,TF1706,CCFX,98.71,98.66,98.755,233,229980600,19516,19550,100.05,97.68,98.865,98.815,0.0,98.755,0.0,0,0,2017-04-17,33375400,98.71,1,0,0,0,0,0,0,0,0,98.715,14,0,0,0,0,0,0,0,0
144,2017-04-17,09:16:15,900,TF1706,CCFX,98.71,98.66,98.755,233,229980600,19516,19550,100.05,97.68,98.865,98.815,0.0,98.755,0.0,0,0,2017-04-17,33375900,98.71,1,0,0,0,0,0,0,0,0,98.715,14,0,0,0,0,0,0,0,0
145,2017-04-17,09:16:16,900,TF1706,CCFX,98.715,98.66,98.755,234,230967750,19516,19550,100.05,97.68,98.865,98.815,0.0,98.755,0.0,0,0,2017-04-17,33376900,98.705,4,0,0,0,0,0,0,0,0,98.715,12,0,0,0,0,0,0,0,0
146,2017-04-17,09:16:17,400,TF1706,CCFX,98.715,98.66,98.755,234,230967750,19516,19550,100.05,97.68,98.865,98.815,0.0,98.755,0.0,0,0,2017-04-17,33377400,98.71,8,0,0,0,0,0,0,0,0,98.715,13,0,0,0,0,0,0,0,0
147,2017-04-17,09:16:17,900,TF1706,CCFX,98.715,98.66,98.755,234,230967750,19516,19550,100.05,97.68,98.865,98.815,0.0,98.755,0.0,0,0,2017-04-17,33377900,98.71,9,0,0,0,0,0,0,0,0,98.715,13,0,0,0,0,0,0,0,0
148,2017-04-17,09:16:19,400,TF1706,CCFX,98.715,98.66,98.755,236,232942050,19517,19550,100.05,97.68,98.865,98.815,0.0,98.755,0.0,0,0,2017-04-17,33379400,98.71,8,0,0,0,0,0,0,0,0,98.715,10,0,0,0,0,0,0,0,0
149,2017-04-17,09:16:19,900,TF1706,CCFX,98.715,98.66,98.755,238,234916350,19519,19550,100.05,97.68,98.865,98.815,0.0,98.755,0.0,0,0,2017-04-17,33379900,98.71,8,0,0,0,0,0,0,0,0,98.715,8,0,0,0,0,0,0,0,0
150,2017-04-17,09:16:21,400,TF1706,CCFX,98.715,98.66,98.755,244,240839250,19523,19550,100.05,97.68,98.865,98.815,0.0,98.755,0.0,0,0,2017-04-17,33381400,98.71,8,0,0,0,0,0,0,0,0,98.715,2,0,0,0,0,0,0,0,0
151,2017-04-17,09:16:21,900,TF1706,CCFX,98.71,98.66,98.755,258,254659100,19524,19550,100.05,97.68,98.865,98.815,0.0,98.755,0.0,0,0,2017-04-17,33381900,98.715,1,0,0,0,0,0,0,0,0,98.73,2,0,0,0,0,0,0,0,0
152,2017-04-17,09:16:22,400,TF1706,CCFX,98.71,98.66,98.755,258,254659100,19524,19550,100.05,97.68,98.865,98.815,0.0,98.755,0.0,0,0,2017-04-17,33382400,98.715,1,0,0,0,0,0,0,0,0,98.73,2,0,0,0,0,0,0,0,0
153,2017-04-17,09:16:22,900,TF1706,CCFX,98.71,98.66,98.755,258,254659100,19524,19550,100.05,97.68,98.865,98.815,0.0,98.755,0.0,0,0,2017-04-17,33382900,98.715,1,0,0,0,0,0,0,0,0,98.73,3,0,0,0,0,0,0,0,0
154,2017-04-17,09:16:23,400,TF1706,CCFX,98.71,98.66,98.755,258,254659100,19524,19550,100.05,97.68,98.865,98.815,0.0,98.755,0.0,0,0,2017-04-17,33383400,98.715,1,0,0,0,0,0,0,0,0,98.725,1,0,0,0,0,0,0,0,0
155,2017-04-17,09:16:23,900,TF1706,CCFX,98.71,98.66,98.755,258,254659100,19524,19550,100.05,97.68,98.865,98.815,0.0,98.755,0.0,0,0,2017-04-17,33383900,98.715,1,0,0,0,0,0,0,0,0,98.72,1,0,0,0,0,0,0,0,0
156,2017-04-17,09:16:24,400,TF1706,CCFX,98.71,98.66,98.755,258,254659100,19524,19550,100.05,97.68,98.865,98.815,0.0,98.755,0.0,0,0,2017-04-17,33384400,98.715,1,0,0,0,0,0,0,0,0,98.72,2,0,0,0,0,0,0,0,0
157,2017-04-17,09:16:24,900,TF1706,CCFX,98.72,98.66,98.755,259,255646300,19524,19550,100.05,97.68,98.865,98.815,0.0,98.755,0.0,0,0,2017-04-17,33384900,98.715,1,0,0,0,0,0,0,0,0,98.72,1,0,0,0,0,0,0,0,0
158,2017-04-17,09:16:25,400,TF1706,CCFX,98.72,98.66,98.755,262,258607850,19524,19550,100.05,97.68,98.865,98.815,0.0,98.755,0.0,0,0,2017-04-17,33385400,98.72,1,0,0,0,0,0,0,0,0,98.725,4,0,0,0,0,0,0,0,0
159,2017-04-17,09:16:25,900,TF1706,CCFX,98.72,98.66,98.755,263,259595050,19524,19550,100.05,97.68,98.865,98.815,0.0,98.755,0.0,0,0,2017-04-17,33385900,98.71,10,0,0,0,0,0,0,0,0,98.72,18,0,0,0,0,0,0,0,0
160,2017-04-17,09:16:26,400,TF1706,CCFX,98.71,98.66,98.755,266,262556350,19521,19550,100.05,97.68,98.865,98.815,0.0,98.755,0.0,0,0,2017-04-17,33386400,98.71,7,0,0,0,0,0,0,0,0,98.72,10,0,0,0,0,0,0,0,0
161,2017-04-17,09:16:26,900,TF1706,CCFX,98.72,98.66,98.755,267,263543550,19521,19550,100.05,97.68,98.865,98.815,0.0,98.755,0.0,0,0,2017-04-17,33386900,98.715,1,0,0,0,0,0,0,0,0,98.72,6,0,0,0,0,0,0,0,0
162,2017-04-17,09:16:27,400,TF1706,CCFX,98.72,98.66,98.755,267,263543550,19521,19550,100.05,97.68,98.865,98.815,0.0,98.755,0.0,0,0,2017-04-17,33387400,98.715,1,0,0,0,0,0,0,0,0,98.72,4,0,0,0,0,0,0,0,0
163,2017-04-17,09:16:27,900,TF1706,CCFX,98.72,98.66,98.755,267,263543550,19521,19550,100.05,97.68,98.865,98.815,0.0,98.755,0.0,0,0,2017-04-17,33387900,98.715,2,0,0,0,0,0,0,0,0,98.72,2,0,0,0,0,0,0,0,0
164,2017-04-17,09:16:29,400,TF1706,CCFX,98.72,98.66,98.755,267,263543550,19521,19550,100.05,97.68,98.865,98.815,0.0,98.755,0.0,0,0,2017-04-17,33389400,98.715,2,0,0,0,0,0,0,0,0,98.72,2,0,0,0,0,0,0,0,0
165,2017-04-17,09:16:30,400,TF1706,CCFX,98.72,98.66,98.755,267,263543550,19521,19550,100.05,97.68,98.865,98.815,0.0,98.755,0.0,0,0,2017-04-17,33390400,98.715,2,0,0,0,0,0,0,0,0,98.72,2,0,0,0,0,0,0,0,0
166,2017-04-17,09:16:30,900,TF1706,CCFX,98.72,98.66,98.755,267,263543550,19521,19550,100.05,97.68,98.865,98.815,0.0,98.755,0.0,0,0,2017-04-17,33390900,98.715,2,0,0,0,0,0,0,0,0,98.72,2,0,0,0,0,0,0,0,0
167,2017-04-17,09:16:31,400,TF1706,CCFX,98.715,98.66,98.755,268,264530700,19521,19550,100.05,97.68,98.865,98.815,0.0,98.755,0.0,0,0,2017-04-17,33391400,98.715,1,0,0,0,0,0,0,0,0,98.72,2,0,0,0,0,0,0,0,0
168,2017-04-17,09:16:31,900,TF1706,CCFX,98.715,98.66,98.755,268,264530700,19521,19550,100.05,97.68,98.865,98.815,0.0,98.755,0.0,0,0,2017-04-17,33391900,98.715,1,0,0,0,0,0,0,0,0,98.72,2,0,0,0,0,0,0,0,0
169,2017-04-17,09:16:32,400,TF1706,CCFX,98.715,98.66,98.755,268,264530700,19521,19550,100.05,97.68,98.865,98.815,0.0,98.755,0.0,0,0,2017-04-17,33392400,98.715,1,0,0,0,0,0,0,0,0,98.72,2,0,0,0,0,0,0,0,0
170,2017-04-17,09:16:34,400,TF1706,CCFX,98.715,98.66,98.755,269,265517850,19521,19550,100.05,97.68,98.865,98.815,0.0,98.755,0.0,0,0,2017-04-17,33394400,98.71,7,0,0,0,0,0,0,0,0,98.72,2,0,0,0,0,0,0,0,0
171,2017-04-17,09:16:34,900,TF1706,CCFX,98.72,98.66,98.755,270,266505050,19522,19550,100.05,97.68,98.865,98.815,0.0,98.755,0.0,0,0,2017-04-17,33394900,98.715,1,0,0,0,0,0,0,0,0,98.72,1,0,0,0,0,0,0,0,0
172,2017-04-17,09:16:35,400,TF1706,CCFX,98.72,98.66,98.755,270,266505050,19522,19550,100.05,97.68,98.865,98.815,0.0,98.755,0.0,0,0,2017-04-17,33395400,98.715,1,0,0,0,0,0,0,0,0,98.72,1,0,0,0,0,0,0,0,0
173,2017-04-17,09:16:35,900,TF1706,CCFX,98.715,98.66,98.755,271,267492200,19521,19550,100.05,97.68,98.865,98.815,0.0,98.755,0.0,0,0,2017-04-17,33395900,98.71,7,0,0,0,0,0,0,0,0,98.72,1,0,0,0,0,0,0,0,0
174,2017-04-17,09:16:36,400,TF1706,CCFX,98.71,98.66,98.755,272,268479300,19521,19550,100.05,97.68,98.865,98.815,0.0,98.755,0.0,0,0,2017-04-17,33396400,98.71,6,0,0,0,0,0,0,0,0,98.715,1,0,0,0,0,0,0,0,0
175,2017-04-17,09:16:36,900,TF1706,CCFX,98.72,98.66,98.755,274,270453650,19520,19550,100.05,97.68,98.865,98.815,0.0,98.755,0.0,0,0,2017-04-17,33396900,98.715,1,0,0,0,0,0,0,0,0,98.725,3,0,0,0,0,0,0,0,0
176,2017-04-17,09:16:37,400,TF1706,CCFX,98.72,98.66,98.755,274,270453650,19520,19550,100.05,97.68,98.865,98.815,0.0,98.755,0.0,0,0,2017-04-17,33397400,98.71,9,0,0,0,0,0,0,0,0,98.725,4,0,0,0,0,0,0,0,0
177,2017-04-17,09:16:37,900,TF1706,CCFX,98.725,98.66,98.755,275,271440900,19520,19550,100.05,97.68,98.865,98.815,0.0,98.755,0.0,0,0,2017-04-17,33397900,98.71,6,0,0,0,0,0,0,0,0,98.725,3,0,0,0,0,0,0,0,0
178,2017-04-17,09:16:38,400,TF1706,CCFX,98.725,98.66,98.755,275,271440900,19520,19550,100.05,97.68,98.865,98.815,0.0,98.755,0.0,0,0,2017-04-17,33398400,98.71,9,0,0,0,0,0,0,0,0,98.715,1,0,0,0,0,0,0,0,0
179,2017-04-17,09:16:38,900,TF1706,CCFX,98.715,98.66,98.755,276,272428050,19519,19550,100.05,97.68,98.865,98.815,0.0,98.755,0.0,0,0,2017-04-17,33398900,98.715,4,0,0,0,0,0,0,0,0,98.72,4,0,0,0,0,0,0,0,0
180,2017-04-17,09:16:39,400,TF1706,CCFX,98.72,98.66,98.755,277,273415250,19519,19550,100.05,97.68,98.865,98.815,0.0,98.755,0.0,0,0,2017-04-17,33399400,98.715,4,0,0,0,0,0,0,0,0,98.72,3,0,0,0,0,0,0,0,0
181,2017-04-17,09:16:39,900,TF1706,CCFX,98.72,98.66,98.755,277,273415250,19519,19550,100.05,97.68,98.865,98.815,0.0,98.755,0.0,0,0,2017-04-17,33399900,98.715,4,0,0,0,0,0,0,0,0,98.72,3,0,0,0,0,0,0,0,0
182,2017-04-17,09:16:40,400,TF1706,CCFX,98.715,98.66,98.755,278,274402400,19518,19550,100.05,97.68,98.865,98.815,0.0,98.755,0.0,0,0,2017-04-17,33400400,98.715,3,0,0,0,0,0,0,0,0,98.72,3,0,0,0,0,0,0,0,0
183,2017-04-17,09:16:40,900,TF1706,CCFX,98.715,98.66,98.755,278,274402400,19518,19550,100.05,97.68,98.865,98.815,0.0,98.755,0.0,0,0,2017-04-17,33400900,98.715,3,0,0,0,0,0,0,0,0,98.72,3,0,0,0,0,0,0,0,0
184,2017-04-17,09:16:41,900,TF1706,CCFX,98.715,98.66,98.755,278,274402400,19518,19550,100.05,97.68,98.865,98.815,0.0,98.755,0.0,0,0,2017-04-17,33401900,98.715,3,0,0,0,0,0,0,0,0,98.72,3,0,0,0,0,0,0,0,0
185,2017-04-17,09:16:42,400,TF1706,CCFX,98.715,98.66,98.755,278,274402400,19518,19550,100.05,97.68,98.865,98.815,0.0,98.755,0.0,0,0,2017-04-17,33402400,98.715,3,0,0,0,0,0,0,0,0,98.72,3,0,0,0,0,0,0,0,0
186,2017-04-17,09:16:42,900,TF1706,CCFX,98.72,98.66,98.755,279,275389600,19518,19550,100.05,97.68,98.865,98.815,0.0,98.755,0.0,0,0,2017-04-17,33402900,98.715,3,0,0,0,0,0,0,0,0,98.72,2,0,0,0,0,0,0,0,0
187,2017-04-17,09:16:43,400,TF1706,CCFX,98.72,98.66,98.755,281,277364000,19517,19550,100.05,97.68,98.865,98.815,0.0,98.755,0.0,0,0,2017-04-17,33403400,98.715,3,0,0,0,0,0,0,0,0,98.725,4,0,0,0,0,0,0,0,0
188,2017-04-17,09:16:44,400,TF1706,CCFX,98.72,98.66,98.755,281,277364000,19517,19550,100.05,97.68,98.865,98.815,0.0,98.755,0.0,0,0,2017-04-17,33404400,98.715,3,0,0,0,0,0,0,0,0,98.725,3,0,0,0,0,0,0,0,0
189,2017-04-17,09:16:44,900,TF1706,CCFX,98.72,98.66,98.755,281,277364000,19517,19550,100.05,97.68,98.865,98.815,0.0,98.755,0.0,0,0,2017-04-17,33404900,98.715,42,0,0,0,0,0,0,0,0,98.72,1,0,0,0,0,0,0,0,0
190,2017-04-17,09:16:45,400,TF1706,CCFX,98.72,98.66,98.755,282,278351200,19516,19550,100.05,97.68,98.865,98.815,0.0,98.755,0.0,0,0,2017-04-17,33405400,98.72,1,0,0,0,0,0,0,0,0,98.725,3,0,0,0,0,0,0,0,0
191,2017-04-17,09:16:45,900,TF1706,CCFX,98.725,98.66,98.755,283,279338450,19515,19550,100.05,97.68,98.865,98.815,0.0,98.755,0.0,0,0,2017-04-17,33405900,98.72,1,0,0,0,0,0,0,0,0,98.725,2,0,0,0,0,0,0,0,0
192,2017-04-17,09:16:46,400,TF1706,CCFX,98.72,98.66,98.755,285,281312900,19514,19550,100.05,97.68,98.865,98.815,0.0,98.755,0.0,0,0,2017-04-17,33406400,98.715,3,0,0,0,0,0,0,0,0,98.725,1,0,0,0,0,0,0,0,0
193,2017-04-17,09:16:46,900,TF1706,CCFX,98.72,98.66,98.755,285,281312900,19514,19550,100.05,97.68,98.865,98.815,0.0,98.755,0.0,0,0,2017-04-17,33406900,98.715,4,0,0,0,0,0,0,0,0,98.725,1,0,0,0,0,0,0,0,0
194,2017-04-17,09:16:47,400,TF1706,CCFX,98.72,98.66,98.755,285,281312900,19514,19550,100.05,97.68,98.865,98.815,0.0,98.755,0.0,0,0,2017-04-17,33407400,98.715,3,0,0,0,0,0,0,0,0,98.725,1,0,0,0,0,0,0,0,0
195,2017-04-17,09:16:48,400,TF1706,CCFX,98.72,98.66,98.755,285,281312900,19514,19550,100.05,97.68,98.865,98.815,0.0,98.755,0.0,0,0,2017-04-17,33408400,98.715,3,0,0,0,0,0,0,0,0,98.725,1,0,0,0,0,0,0,0,0
196,2017-04-17,09:16:48,900,TF1706,CCFX,98.72,98.66,98.755,285,281312900,19514,19550,100.05,97.68,98.865,98.815,0.0,98.755,0.0,0,0,2017-04-17,33408900,98.715,1,0,0,0,0,0,0,0,0,98.725,2,0,0,0,0,0,0,0,0
197,2017-04-17,09:16:49,400,TF1706,CCFX,98.72,98.66,98.755,285,281312900,19514,19550,100.05,97.68,98.865,98.815,0.0,98.755,0.0,0,0,2017-04-17,33409400,98.715,1,0,0,0,0,0,0,0,0,98.725,2,0,0,0,0,0,0,0,0
198,2017-04-17,09:16:49,900,TF1706,CCFX,98.72,98.66,98.755,285,281312900,19514,19550,100.05,97.68,98.865,98.815,0.0,98.755,0.0,0,0,2017-04-17,33409900,98.72,2,0,0,0,0,0,0,0,0,98.725,2,0,0,0,0,0,0,0,0
199,2017-04-17,09:16:50,400,TF1706,CCFX,98.73,98.66,98.755,289,285262000,19512,19550,100.05,97.68,98.865,98.815,0.0,98.755,0.0,0,0,2017-04-17,33410400,98.73,5,0,0,0,0,0,0,0,0,98.735,3,0,0,0,0,0,0,0,0
200,2017-04-17,09:16:50,900,TF1706,CCFX,98.735,98.66,98.755,293,289211400,19515,19550,100.05,97.68,98.865,98.815,0.0,98.755,0.0,0,0,2017-04-17,33410900,98.73,4,0,0,0,0,0,0,0,0,98.745,1,0,0,0,0,0,0,0,0
201,2017-04-17,09:16:51,400,TF1706,CCFX,98.745,98.66,98.755,294,290198850,19516,19550,100.05,97.68,98.865,98.815,0.0,98.755,0.0,0,0,2017-04-17,33411400,98.735,1,0,0,0,0,0,0,0,0,98.75,3,0,0,0,0,0,0,0,0
202,2017-04-17,09:16:51,900,TF1706,CCFX,98.745,98.66,98.755,295,291186300,19516,19550,100.05,97.68,98.865,98.815,0.0,98.755,0.0,0,0,2017-04-17,33411900,98.735,1,0,0,0,0,0,0,0,0,98.75,3,0,0,0,0,0,0,0,0
203,2017-04-17,09:16:52,400,TF1706,CCFX,98.745,98.66,98.755,295,291186300,19516,19550,100.05,97.68,98.865,98.815,0.0,98.755,0.0,0,0,2017-04-17,33412400,98.735,5,0,0,0,0,0,0,0,0,98.745,2,0,0,0,0,0,0,0,0
204,2017-04-17,09:16:52,900,TF1706,CCFX,98.735,98.66,98.755,296,292173650,19516,19550,100.05,97.68,98.865,98.815,0.0,98.755,0.0,0,0,2017-04-17,33412900,98.735,4,0,0,0,0,0,0,0,0,98.745,3,0,0,0,0,0,0,0,0
205,2017-04-17,09:16:53,400,TF1706,CCFX,98.735,98.66,98.755,299,295135700,19515,19550,100.05,97.68,98.865,98.815,0.0,98.755,0.0,0,0,2017-04-17,33413400,98.74,1,0,0,0,0,0,0,0,0,98.745,4,0,0,0,0,0,0,0,0
206,2017-04-17,09:16:53,900,TF1706,CCFX,98.74,98.66,98.755,300,296123100,19514,19550,100.05,97.68,98.865,98.815,0.0,98.755,0.0,0,0,2017-04-17,33413900,98.725,2,0,0,0,0,0,0,0,0,98.74,10,0,0,0,0,0,0,0,0
207,2017-04-17,09:16:54,400,TF1706,CCFX,98.74,98.66,98.755,301,297110500,19514,19550,100.05,97.68,98.865,98.815,0.0,98.755,0.0,0,0,2017-04-17,33414400,98.73,3,0,0,0,0,0,0,0,0,98.74,3,0,0,0,0,0,0,0,0
208,2017-04-17,09:16:54,900,TF1706,CCFX,98.74,98.66,98.755,301,297110500,19514,19550,100.05,97.68,98.865,98.815,0.0,98.755,0.0,0,0,2017-04-17,33414900,98.735,1,0,0,0,0,0,0,0,0,98.74,3,0,0,0,0,0,0,0,0
209,2017-04-17,09:16:55,400,TF1706,CCFX,98.74,98.66,98.755,301,297110500,19514,19550,100.05,97.68,98.865,98.815,0.0,98.755,0.0,0,0,2017-04-17,33415400,98.735,1,0,0,0,0,0,0,0,0,98.74,3,0,0,0,0,0,0,0,0
210,2017-04-17,09:16:55,900,TF1706,CCFX,98.74,98.66,98.755,301,297110500,19514,19550,100.05,97.68,98.865,98.815,0.0,98.755,0.0,0,0,2017-04-17,33415900,98.735,4,0,0,0,0,0,0,0,0,98.74,1,0,0,0,0,0,0,0,0
211,2017-04-17,09:16:56,400,TF1706,CCFX,98.74,98.66,98.755,301,297110500,19514,19550,100.05,97.68,98.865,98.815,0.0,98.755,0.0,0,0,2017-04-17,33416400,98.735,4,0,0,0,0,0,0,0,0,98.74,1,0,0,0,0,0,0,0,0
212,2017-04-17,09:16:56,900,TF1706,CCFX,98.74,98.66,98.755,301,297110500,19514,19550,100.05,97.68,98.865,98.815,0.0,98.755,0.0,0,0,2017-04-17,33416900,98.735,4,0,0,0,0,0,0,0,0,98.74,1,0,0,0,0,0,0,0,0
213,2017-04-17,09:16:57,400,TF1706,CCFX,98.74,98.66,98.755,301,297110500,19514,19550,100.05,97.68,98.865,98.815,0.0,98.755,0.0,0,0,2017-04-17,33417400,98.735,4,0,0,0,0,0,0,0,0,98.74,1,0,0,0,0,0,0,0,0
214,2017-04-17,09:16:57,900,TF1706,CCFX,98.74,98.66,98.755,301,297110500,19514,19550,100.05,97.68,98.865,98.815,0.0,98.755,0.0,0,0,2017-04-17,33417900,98.735,3,0,0,0,0,0,0,0,0,98.74,1,0,0,0,0,0,0,0,0
215,2017-04-17,09:16:58,400,TF1706,CCFX,98.74,98.66,98.755,301,297110500,19514,19550,100.05,97.68,98.865,98.815,0.0,98.755,0.0,0,0,2017-04-17,33418400,98.735,3,0,0,0,0,0,0,0,0,98.74,2,0,0,0,0,0,0,0,0
216,2017-04-17,09:16:58,900,TF1706,CCFX,98.73,98.66,98.755,306,302047150,19519,19550,100.05,97.68,98.865,98.815,0.0,98.755,0.0,0,0,2017-04-17,33418900,98.73,1,0,0,0,0,0,0,0,0,98.74,2,0,0,0,0,0,0,0,0
217,2017-04-17,09:16:59,400,TF1706,CCFX,98.73,98.66,98.755,306,302047150,19519,19550,100.05,97.68,98.865,98.815,0.0,98.755,0.0,0,0,2017-04-17,33419400,98.73,1,0,0,0,0,0,0,0,0,98.74,2,0,0,0,0,0,0,0,0
218,2017-04-17,09:16:59,900,TF1706,CCFX,98.73,98.66,98.755,306,302047150,19519,19550,100.05,97.68,98.865,98.815,0.0,98.755,0.0,0,0,2017-04-17,33419900,98.73,2,0,0,0,0,0,0,0,0,98.74,2,0,0,0,0,0,0,0,0
219,2017-04-17,09:17:00,400,TF1706,CCFX,98.73,98.66,98.755,306,302047150,19519,19550,100.05,97.68,98.865,98.815,0.0,98.755,0.0,0,0,2017-04-17,33420400,98.73,1,0,0,0,0,0,0,0,0,98.74,2,0,0,0,0,0,0,0,0
220,2017-04-17,09:17:00,900,TF1706,CCFX,98.73,98.66,98.755,306,302047150,19519,19550,100.05,97.68,98.865,98.815,0.0,98.755,0.0,0,0,2017-04-17,33420900,98.73,1,0,0,0,0,0,0,0,0,98.735,2,0,0,0,0,0,0,0,0
221,2017-04-17,09:17:01,400,TF1706,CCFX,98.725,98.66,98.755,311,306983450,19523,19550,100.05,97.68,98.865,98.815,0.0,98.755,0.0,0,0,2017-04-17,33421400,98.715,6,0,0,0,0,0,0,0,0,98.74,1,0,0,0,0,0,0,0,0
222,2017-04-17,09:17:01,900,TF1706,CCFX,98.725,98.66,98.755,311,306983450,19523,19550,100.05,97.68,98.865,98.815,0.0,98.755,0.0,0,0,2017-04-17,33421900,98.735,1,0,0,0,0,0,0,0,0,98.74,1,0,0,0,0,0,0,0,0
223,2017-04-17,09:17:02,400,TF1706,CCFX,98.735,98.66,98.755,312,307970800,19522,19550,100.05,97.68,98.865,98.815,0.0,98.755,0.0,0,0,2017-04-17,33422400,98.72,1,0,0,0,0,0,0,0,0,98.73,2,0,0,0,0,0,0,0,0
224,2017-04-17,09:17:02,900,TF1706,CCFX,98.735,98.66,98.755,312,307970800,19522,19550,100.05,97.68,98.865,98.815,0.0,98.755,0.0,0,0,2017-04-17,33422900,98.72,1,0,0,0,0,0,0,0,0,98.73,1,0,0,0,0,0,0,0,0
225,2017-04-17,09:17:03,400,TF1706,CCFX,98.735,98.66,98.755,312,307970800,19522,19550,100.05,97.68,98.865,98.815,0.0,98.755,0.0,0,0,2017-04-17,33423400,98.725,6,0,0,0,0,0,0,0,0,98.73,1,0,0,0,0,0,0,0,0
226,2017-04-17,09:17:03,900,TF1706,CCFX,98.735,98.66,98.755,312,307970800,19522,19550,100.05,97.68,98.865,98.815,0.0,98.755,0.0,0,0,2017-04-17,33423900,98.725,2,0,0,0,0,0,0,0,0,98.73,1,0,0,0,0,0,0,0,0
227,2017-04-17,09:17:04,400,TF1706,CCFX,98.735,98.66,98.755,312,307970800,19522,19550,100.05,97.68,98.865,98.815,0.0,98.755,0.0,0,0,2017-04-17,33424400,98.725,2,0,0,0,0,0,0,0,0,98.73,1,0,0,0,0,0,0,0,0
228,2017-04-17,09:17:04,900,TF1706,CCFX,98.735,98.66,98.755,312,307970800,19522,19550,100.05,97.68,98.865,98.815,0.0,98.755,0.0,0,0,2017-04-17,33424900,98.725,2,0,0,0,0,0,0,0,0,98.73,4,0,0,0,0,0,0,0,0
229,2017-04-17,09:17:05,400,TF1706,CCFX,98.735,98.66,98.755,312,307970800,19522,19550,100.05,97.68,98.865,98.815,0.0,98.755,0.0,0,0,2017-04-17,33425400,98.725,2,0,0,0,0,0,0,0,0,98.73,7,0,0,0,0,0,0,0,0
230,2017-04-17,09:17:05,900,TF1706,CCFX,98.725,98.66,98.755,314,309945300,19521,19550,100.05,97.68,98.865,98.815,0.0,98.755,0.0,0,0,2017-04-17,33425900,98.72,4,0,0,0,0,0,0,0,0,98.725,8,0,0,0,0,0,0,0,0
231,2017-04-17,09:17:06,400,TF1706,CCFX,98.725,98.66,98.755,314,309945300,19521,19550,100.05,97.68,98.865,98.815,0.0,98.755,0.0,0,0,2017-04-17,33426400,98.72,3,0,0,0,0,0,0,0,0,98.725,6,0,0,0,0,0,0,0,0
232,2017-04-17,09:17:06,900,TF1706,CCFX,98.725,98.66,98.755,316,311919800,19520,19550,100.05,97.68,98.865,98.815,0.0,98.755,0.0,0,0,2017-04-17,33426900,98.72,3,0,0,0,0,0,0,0,0,98.725,3,0,0,0,0,0,0,0,0
233,2017-04-17,09:17:07,400,TF1706,CCFX,98.725,98.66,98.755,320,315868800,19519,19550,100.05,97.68,98.865,98.815,0.0,98.755,0.0,0,0,2017-04-17,33427400,98.725,6,0,0,0,0,0,0,0,0,98.73,8,0,0,0,0,0,0,0,0
234,2017-04-17,09:17:08,400,TF1706,CCFX,98.725,98.66,98.755,320,315868800,19519,19550,100.05,97.68,98.865,98.815,0.0,98.755,0.0,0,0,2017-04-17,33428400,98.725,6,0,0,0,0,0,0,0,0,98.73,8,0,0,0,0,0,0,0,0
235,2017-04-17,09:17:08,900,TF1706,CCFX,98.725,98.66,98.755,320,315868800,19519,19550,100.05,97.68,98.865,98.815,0.0,98.755,0.0,0,0,2017-04-17,33428900,98.725,6,0,0,0,0,0,0,0,0,98.73,8,0,0,0,0,0,0,0,0
236,2017-04-17,09:17:09,400,TF1706,CCFX,98.725,98.66,98.755,320,315868800,19519,19550,100.05,97.68,98.865,98.815,0.0,98.755,0.0,0,0,2017-04-17,33429400,98.725,6,0,0,0,0,0,0,0,0,98.73,8,0,0,0,0,0,0,0,0
237,2017-04-17,09:17:09,900,TF1706,CCFX,98.725,98.66,98.755,320,315868800,19519,19550,100.05,97.68,98.865,98.815,0.0,98.755,0.0,0,0,2017-04-17,33429900,98.725,6,0,0,0,0,0,0,0,0,98.73,7,0,0,0,0,0,0,0,0
238,2017-04-17,09:17:11,900,TF1706,CCFX,98.725,98.66,98.755,320,315868800,19519,19550,100.05,97.68,98.865,98.815,0.0,98.755,0.0,0,0,2017-04-17,33431900,98.725,6,0,0,0,0,0,0,0,0,98.73,7,0,0,0,0,0,0,0,0
239,2017-04-17,09:17:12,400,TF1706,CCFX,98.725,98.66,98.755,320,315868800,19519,19550,100.05,97.68,98.865,98.815,0.0,98.755,0.0,0,0,2017-04-17,33432400,98.725,6,0,0,0,0,0,0,0,0,98.73,7,0,0,0,0,0,0,0,0
240,2017-04-17,09:17:12,900,TF1706,CCFX,98.73,98.66,98.755,321,316856100,19518,19550,100.05,97.68,98.865,98.815,0.0,98.755,0.0,0,0,2017-04-17,33432900,98.725,6,0,0,0,0,0,0,0,0,98.73,6,0,0,0,0,0,0,0,0
241,2017-04-17,09:17:15,400,TF1706,CCFX,98.73,98.66,98.755,321,316856100,19518,19550,100.05,97.68,98.865,98.815,0.0,98.755,0.0,0,0,2017-04-17,33435400,98.725,6,0,0,0,0,0,0,0,0,98.73,7,0,0,0,0,0,0,0,0
242,2017-04-17,09:17:15,900,TF1706,CCFX,98.725,98.66,98.755,327,322779600,19515,19550,100.05,97.68,98.865,98.815,0.0,98.755,0.0,0,0,2017-04-17,33435900,98.715,1,0,0,0,0,0,0,0,0,98.725,1,0,0,0,0,0,0,0,0
243,2017-04-17,09:17:16,400,TF1706,CCFX,98.725,98.66,98.755,327,322779600,19515,19550,100.05,97.68,98.865,98.815,0.0,98.755,0.0,0,0,2017-04-17,33436400,98.715,6,0,0,0,0,0,0,0,0,98.725,1,0,0,0,0,0,0,0,0
244,2017-04-17,09:17:16,900,TF1706,CCFX,98.73,98.66,98.755,330,325741450,19513,19550,100.05,97.68,98.865,98.815,0.0,98.755,0.0,0,0,2017-04-17,33436900,98.72,4,0,0,0,0,0,0,0,0,98.73,5,0,0,0,0,0,0,0,0
245,2017-04-17,09:17:17,400,TF1706,CCFX,98.72,98.66,98.755,331,326728650,19512,19550,100.05,97.68,98.865,98.815,0.0,98.755,0.0,0,0,2017-04-17,33437400,98.72,1,0,0,0,0,0,0,0,0,98.73,4,0,0,0,0,0,0,0,0
246,2017-04-17,09:17:17,900,TF1706,CCFX,98.72,98.66,98.755,331,326728650,19512,19550,100.05,97.68,98.865,98.815,0.0,98.755,0.0,0,0,2017-04-17,33437900,98.72,4,0,0,0,0,0,0,0,0,98.73,4,0,0,0,0,0,0,0,0
247,2017-04-17,09:17:18,400,TF1706,CCFX,98.72,98.66,98.755,331,326728650,19512,19550,100.05,97.68,98.865,98.815,0.0,98.755,0.0,0,0,2017-04-17,33438400,98.725,2,0,0,0,0,0,0,0,0,98.73,4,0,0,0,0,0,0,0,0
248,2017-04-17,09:17:18,900,TF1706,CCFX,98.72,98.66,98.755,331,326728650,19512,19550,100.05,97.68,98.865,98.815,0.0,98.755,0.0,0,0,2017-04-17,33438900,98.725,2,0,0,0,0,0,0,0,0,98.73,4,0,0,0,0,0,0,0,0
249,2017-04-17,09:17:19,400,TF1706,CCFX,98.72,98.66,98.755,331,326728650,19512,19550,100.05,97.68,98.865,98.815,0.0,98.755,0.0,0,0,2017-04-17,33439400,98.725,2,0,0,0,0,0,0,0,0,98.73,4,0,0,0,0,0,0,0,0
250,2017-04-17,09:17:19,900,TF1706,CCFX,98.73,98.66,98.755,335,330677850,19510,19550,100.05,97.68,98.865,98.815,0.0,98.755,0.0,0,0,2017-04-17,33439900,98.725,7,0,0,0,0,0,0,0,0,98.73,1,0,0,0,0,0,0,0,0
251,2017-04-17,09:17:20,400,TF1706,CCFX,98.725,98.66,98.755,337,332652400,19509,19550,100.05,97.68,98.865,98.815,0.0,98.755,0.0,0,0,2017-04-17,33440400,98.73,2,0,0,0,0,0,0,0,0,98.74,3,0,0,0,0,0,0,0,0
252,2017-04-17,09:17:20,900,TF1706,CCFX,98.73,98.66,98.755,339,334627000,19508,19550,100.05,97.68,98.865,98.815,0.0,98.755,0.0,0,0,2017-04-17,33440900,98.725,1,0,0,0,0,0,0,0,0,98.73,6,0,0,0,0,0,0,0,0
253,2017-04-17,09:17:21,400,TF1706,CCFX,98.725,98.66,98.755,340,335614250,19507,19550,100.05,97.68,98.865,98.815,0.0,98.755,0.0,0,0,2017-04-17,33441400,98.72,2,0,0,0,0,0,0,0,0,98.73,1,0,0,0,0,0,0,0,0
254,2017-04-17,09:17:21,900,TF1706,CCFX,98.725,98.66,98.755,340,335614250,19507,19550,100.05,97.68,98.865,98.815,0.0,98.755,0.0,0,0,2017-04-17,33441900,98.72,2,0,0,0,0,0,0,0,0,98.73,1,0,0,0,0,0,0,0,0
255,2017-04-17,09:17:23,900,TF1706,CCFX,98.725,98.66,98.755,340,335614250,19507,19550,100.05,97.68,98.865,98.815,0.0,98.755,0.0,0,0,2017-04-17,33443900,98.72,12,0,0,0,0,0,0,0,0,98.73,1,0,0,0,0,0,0,0,0
256,2017-04-17,09:17:24,400,TF1706,CCFX,98.725,98.66,98.755,340,335614250,19507,19550,100.05,97.68,98.865,98.815,0.0,98.755,0.0,0,0,2017-04-17,33444400,98.72,10,0,0,0,0,0,0,0,0,98.73,1,0,0,0,0,0,0,0,0
257,2017-04-17,09:17:25,400,TF1706,CCFX,98.725,98.66,98.755,340,335614250,19507,19550,100.05,97.68,98.865,98.815,0.0,98.755,0.0,0,0,2017-04-17,33445400,98.725,1,0,0,0,0,0,0,0,0,98.73,1,0,0,0,0,0,0,0,0
258,2017-04-17,09:17:26,400,TF1706,CCFX,98.725,98.66,98.755,340,335614250,19507,19550,100.05,97.68,98.865,98.815,0.0,98.755,0.0,0,0,2017-04-17,33446400,98.725,1,0,0,0,0,0,0,0,0,98.73,1,0,0,0,0,0,0,0,0
259,2017-04-17,09:17:26,900,TF1706,CCFX,98.725,98.66,98.755,340,335614250,19507,19550,100.05,97.68,98.865,98.815,0.0,98.755,0.0,0,0,2017-04-17,33446900,98.73,2,0,0,0,0,0,0,0,0,98.735,1,0,0,0,0,0,0,0,0
260,2017-04-17,09:17:27,400,TF1706,CCFX,98.725,98.66,98.755,340,335614250,19507,19550,100.05,97.68,98.865,98.815,0.0,98.755,0.0,0,0,2017-04-17,33447400,98.73,1,0,0,0,0,0,0,0,0,98.735,1,0,0,0,0,0,0,0,0
261,2017-04-17,09:17:27,900,TF1706,CCFX,98.73,98.66,98.755,342,337588850,19508,19550,100.05,97.68,98.865,98.815,0.0,98.755,0.0,0,0,2017-04-17,33447900,98.725,1,0,0,0,0,0,0,0,0,98.73,2,0,0,0,0,0,0,0,0
262,2017-04-17,09:17:28,400,TF1706,CCFX,98.73,98.66,98.755,342,337588850,19508,19550,100.05,97.68,98.865,98.815,0.0,98.755,0.0,0,0,2017-04-17,33448400,98.725,1,0,0,0,0,0,0,0,0,98.735,2,0,0,0,0,0,0,0,0
263,2017-04-17,09:17:28,900,TF1706,CCFX,98.73,98.66,98.755,342,337588850,19508,19550,100.05,97.68,98.865,98.815,0.0,98.755,0.0,0,0,2017-04-17,33448900,98.725,1,0,0,0,0,0,0,0,0,98.735,2,0,0,0,0,0,0,0,0
264,2017-04-17,09:17:29,400,TF1706,CCFX,98.73,98.66,98.755,342,337588850,19508,19550,100.05,97.68,98.865,98.815,0.0,98.755,0.0,0,0,2017-04-17,33449400,98.725,1,0,0,0,0,0,0,0,0,98.735,3,0,0,0,0,0,0,0,0
265,2017-04-17,09:17:29,900,TF1706,CCFX,98.735,98.66,98.755,343,338576200,19509,19550,100.05,97.68,98.865,98.815,0.0,98.755,0.0,0,0,2017-04-17,33449900,98.725,1,0,0,0,0,0,0,0,0,98.735,2,0,0,0,0,0,0,0,0
266,2017-04-17,09:17:30,400,TF1706,CCFX,98.735,98.66,98.755,343,338576200,19509,19550,100.05,97.68,98.865,98.815,0.0,98.755,0.0,0,0,2017-04-17,33450400,98.725,1,0,0,0,0,0,0,0,0,98.735,2,0,0,0,0,0,0,0,0
267,2017-04-17,09:17:31,400,TF1706,CCFX,98.735,98.66,98.755,343,338576200,19509,19550,100.05,97.68,98.865,98.815,0.0,98.755,0.0,0,0,2017-04-17,33451400,98.725,1,0,0,0,0,0,0,0,0,98.735,2,0,0,0,0,0,0,0,0
268,2017-04-17,09:17:31,900,TF1706,CCFX,98.735,98.66,98.755,343,338576200,19509,19550,100.05,97.68,98.865,98.815,0.0,98.755,0.0,0,0,2017-04-17,33451900,98.725,1,0,0,0,0,0,0,0,0,98.73,2,0,0,0,0,0,0,0,0
269,2017-04-17,09:17:32,400,TF1706,CCFX,98.735,98.66,98.755,343,338576200,19509,19550,100.05,97.68,98.865,98.815,0.0,98.755,0.0,0,0,2017-04-17,33452400,98.725,1,0,0,0,0,0,0,0,0,98.73,1,0,0,0,0,0,0,0,0
270,2017-04-17,09:17:32,900,TF1706,CCFX,98.735,98.66,98.755,343,338576200,19509,19550,100.05,97.68,98.865,98.815,0.0,98.755,0.0,0,0,2017-04-17,33452900,98.725,1,0,0,0,0,0,0,0,0,98.73,1,0,0,0,0,0,0,0,0
271,2017-04-17,09:17:33,400,TF1706,CCFX,98.735,98.66,98.755,343,338576200,19509,19550,100.05,97.68,98.865,98.815,0.0,98.755,0.0,0,0,2017-04-17,33453400,98.72,1,0,0,0,0,0,0,0,0,98.73,1,0,0,0,0,0,0,0,0
272,2017-04-17,09:17:33,900,TF1706,CCFX,98.735,98.66,98.755,343,338576200,19509,19550,100.05,97.68,98.865,98.815,0.0,98.755,0.0,0,0,2017-04-17,33453900,98.72,1,0,0,0,0,0,0,0,0,98.73,1,0,0,0,0,0,0,0,0
273,2017-04-17,09:17:34,400,TF1706,CCFX,98.735,98.66,98.755,343,338576200,19509,19550,100.05,97.68,98.865,98.815,0.0,98.755,0.0,0,0,2017-04-17,33454400,98.72,1,0,0,0,0,0,0,0,0,98.73,1,0,0,0,0,0,0,0,0
274,2017-04-17,09:17:37,400,TF1706,CCFX,98.73,98.66,98.755,344,339563500,19510,19550,100.05,97.68,98.865,98.815,0.0,98.755,0.0,0,0,2017-04-17,33457400,98.72,1,0,0,0,0,0,0,0,0,98.735,2,0,0,0,0,0,0,0,0
275,2017-04-17,09:17:37,900,TF1706,CCFX,98.73,98.66,98.755,344,339563500,19510,19550,100.05,97.68,98.865,98.815,0.0,98.755,0.0,0,0,2017-04-17,33457900,98.72,10,0,0,0,0,0,0,0,0,98.735,2,0,0,0,0,0,0,0,0
276,2017-04-17,09:17:38,400,TF1706,CCFX,98.73,98.66,98.755,344,339563500,19510,19550,100.05,97.68,98.865,98.815,0.0,98.755,0.0,0,0,2017-04-17,33458400,98.73,2,0,0,0,0,0,0,0,0,98.735,2,0,0,0,0,0,0,0,0
277,2017-04-17,09:17:38,900,TF1706,CCFX,98.735,98.66,98.755,345,340550850,19510,19550,100.05,97.68,98.865,98.815,0.0,98.755,0.0,0,0,2017-04-17,33458900,98.725,1,0,0,0,0,0,0,0,0,98.735,1,0,0,0,0,0,0,0,0
278,2017-04-17,09:17:39,400,TF1706,CCFX,98.735,98.66,98.755,345,340550850,19510,19550,100.05,97.68,98.865,98.815,0.0,98.755,0.0,0,0,2017-04-17,33459400,98.725,1,0,0,0,0,0,0,0,0,98.735,1,0,0,0,0,0,0,0,0
279,2017-04-17,09:17:39,900,TF1706,CCFX,98.735,98.66,98.755,345,340550850,19510,19550,100.05,97.68,98.865,98.815,0.0,98.755,0.0,0,0,2017-04-17,33459900,98.725,2,0,0,0,0,0,0,0,0,98.735,1,0,0,0,0,0,0,0,0
280,2017-04-17,09:17:42,900,TF1706,CCFX,98.735,98.66,98.755,345,340550850,19510,19550,100.05,97.68,98.865,98.815,0.0,98.755,0.0,0,0,2017-04-17,33462900,98.725,2,0,0,0,0,0,0,0,0,98.735,1,0,0,0,0,0,0,0,0
281,2017-04-17,09:17:43,400,TF1706,CCFX,98.735,98.66,98.755,345,340550850,19510,19550,100.05,97.68,98.865,98.815,0.0,98.755,0.0,0,0,2017-04-17,33463400,98.725,2,0,0,0,0,0,0,0,0,98.735,6,0,0,0,0,0,0,0,0
282,2017-04-17,09:17:43,900,TF1706,CCFX,98.735,98.66,98.755,346,341538200,19510,19550,100.05,97.68,98.865,98.815,0.0,98.755,0.0,0,0,2017-04-17,33463900,98.725,1,0,0,0,0,0,0,0,0,98.735,5,0,0,0,0,0,0,0,0
283,2017-04-17,09:17:44,400,TF1706,CCFX,98.735,98.66,98.755,346,341538200,19510,19550,100.05,97.68,98.865,98.815,0.0,98.755,0.0,0,0,2017-04-17,33464400,98.725,1,0,0,0,0,0,0,0,0,98.73,2,0,0,0,0,0,0,0,0
284,2017-04-17,09:17:44,900,TF1706,CCFX,98.735,98.66,98.755,346,341538200,19510,19550,100.05,97.68,98.865,98.815,0.0,98.755,0.0,0,0,2017-04-17,33464900,98.725,1,0,0,0,0,0,0,0,0,98.735,5,0,0,0,0,0,0,0,0
285,2017-04-17,09:17:45,400,TF1706,CCFX,98.735,98.66,98.755,346,341538200,19510,19550,100.05,97.68,98.865,98.815,0.0,98.755,0.0,0,0,2017-04-17,33465400,98.725,1,0,0,0,0,0,0,0,0,98.73,2,0,0,0,0,0,0,0,0
286,2017-04-17,09:17:45,900,TF1706,CCFX,98.735,98.66,98.755,346,341538200,19510,19550,100.05,97.68,98.865,98.815,0.0,98.755,0.0,0,0,2017-04-17,33465900,98.725,1,0,0,0,0,0,0,0,0,98.735,5,0,0,0,0,0,0,0,0
287,2017-04-17,09:17:46,400,TF1706,CCFX,98.735,98.66,98.755,346,341538200,19510,19550,100.05,97.68,98.865,98.815,0.0,98.755,0.0,0,0,2017-04-17,33466400,98.725,1,0,0,0,0,0,0,0,0,98.73,3,0,0,0,0,0,0,0,0
288,2017-04-17,09:17:46,900,TF1706,CCFX,98.735,98.66,98.755,346,341538200,19510,19550,100.05,97.68,98.865,98.815,0.0,98.755,0.0,0,0,2017-04-17,33466900,98.725,1,0,0,0,0,0,0,0,0,98.73,1,0,0,0,0,0,0,0,0
289,2017-04-17,09:17:47,400,TF1706,CCFX,98.725,98.66,98.755,347,342525450,19509,19550,100.05,97.68,98.865,98.815,0.0,98.755,0.0,0,0,2017-04-17,33467400,98.72,2,0,0,0,0,0,0,0,0,98.73,1,0,0,0,0,0,0,0,0
290,2017-04-17,09:17:47,900,TF1706,CCFX,98.725,98.66,98.755,347,342525450,19509,19550,100.05,97.68,98.865,98.815,0.0,98.755,0.0,0,0,2017-04-17,33467900,98.72,2,0,0,0,0,0,0,0,0,98.73,1,0,0,0,0,0,0,0,0
291,2017-04-17,09:17:48,400,TF1706,CCFX,98.725,98.66,98.755,347,342525450,19509,19550,100.05,97.68,98.865,98.815,0.0,98.755,0.0,0,0,2017-04-17,33468400,98.725,2,0,0,0,0,0,0,0,0,98.73,2,0,0,0,0,0,0,0,0
292,2017-04-17,09:17:48,900,TF1706,CCFX,98.73,98.66,98.755,349,344500050,19508,19550,100.05,97.68,98.865,98.815,0.0,98.755,0.0,0,0,2017-04-17,33468900,98.73,4,0,0,0,0,0,0,0,0,98.735,6,0,0,0,0,0,0,0,0
293,2017-04-17,09:17:49,400,TF1706,CCFX,98.73,98.66,98.755,349,344500050,19508,19550,100.05,97.68,98.865,98.815,0.0,98.755,0.0,0,0,2017-04-17,33469400,98.73,1,0,0,0,0,0,0,0,0,98.735,6,0,0,0,0,0,0,0,0
294,2017-04-17,09:17:49,900,TF1706,CCFX,98.73,98.66,98.755,350,345487350,19507,19550,100.05,97.68,98.865,98.815,0.0,98.755,0.0,0,0,2017-04-17,33469900,98.72,2,0,0,0,0,0,0,0,0,98.735,5,0,0,0,0,0,0,0,0
295,2017-04-17,09:17:50,400,TF1706,CCFX,98.73,98.66,98.755,350,345487350,19507,19550,100.05,97.68,98.865,98.815,0.0,98.755,0.0,0,0,2017-04-17,33470400,98.72,10,0,0,0,0,0,0,0,0,98.735,5,0,0,0,0,0,0,0,0
296,2017-04-17,09:17:50,900,TF1706,CCFX,98.735,98.66,98.755,355,350424100,19508,19550,100.05,97.68,98.865,98.815,0.0,98.755,0.0,0,0,2017-04-17,33470900,98.73,4,0,0,0,0,0,0,0,0,98.74,3,0,0,0,0,0,0,0,0
297,2017-04-17,09:17:51,400,TF1706,CCFX,98.735,98.66,98.755,355,350424100,19508,19550,100.05,97.68,98.865,98.815,0.0,98.755,0.0,0,0,2017-04-17,33471400,98.73,1,0,0,0,0,0,0,0,0,98.74,3,0,0,0,0,0,0,0,0
298,2017-04-17,09:17:52,400,TF1706,CCFX,98.735,98.66,98.755,355,350424100,19508,19550,100.05,97.68,98.865,98.815,0.0,98.755,0.0,0,0,2017-04-17,33472400,98.73,1,0,0,0,0,0,0,0,0,98.74,3,0,0,0,0,0,0,0,0
299,2017-04-17,09:17:52,900,TF1706,CCFX,98.735,98.66,98.755,355,350424100,19508,19550,100.05,97.68,98.865,98.815,0.0,98.755,0.0,0,0,2017-04-17,33472900,98.73,1,0,0,0,0,0,0,0,0,98.735,2,0,0,0,0,0,0,0,0
300,2017-04-17,09:17:53,400,TF1706,CCFX,98.735,98.66,98.755,355,350424100,19508,19550,100.05,97.68,98.865,98.815,0.0,98.755,0.0,0,0,2017-04-17,33473400,98.735,2,0,0,0,0,0,0,0,0,98.74,3,0,0,0,0,0,0,0,0
301,2017-04-17,09:17:53,900,TF1706,CCFX,98.735,98.66,98.755,357,352398800,19509,19550,100.05,97.68,98.865,98.815,0.0,98.755,0.0,0,0,2017-04-17,33473900,98.73,1,0,0,0,0,0,0,0,0,98.74,3,0,0,0,0,0,0,0,0
302,2017-04-17,09:17:54,400,TF1706,CCFX,98.735,98.66,98.755,357,352398800,19509,19550,100.05,97.68,98.865,98.815,0.0,98.755,0.0,0,0,2017-04-17,33474400,98.73,1,0,0,0,0,0,0,0,0,98.74,3,0,0,0,0,0,0,0,0
303,2017-04-17,09:17:54,900,TF1706,CCFX,98.735,98.66,98.755,357,352398800,19509,19550,100.05,97.68,98.865,98.815,0.0,98.755,0.0,0,0,2017-04-17,33474900,98.73,1,0,0,0,0,0,0,0,0,98.74,3,0,0,0,0,0,0,0,0
304,2017-04-17,09:17:55,400,TF1706,CCFX,98.735,98.66,98.755,357,352398800,19509,19550,100.05,97.68,98.865,98.815,0.0,98.755,0.0,0,0,2017-04-17,33475400,98.73,10,0,0,0,0,0,0,0,0,98.74,3,0,0,0,0,0,0,0,0
305,2017-04-17,09:17:55,900,TF1706,CCFX,98.74,98.66,98.755,360,355361000,19508,19550,100.05,97.68,98.865,98.815,0.0,98.755,0.0,0,0,2017-04-17,33475900,98.74,1,0,0,0,0,0,0,0,0,98.745,6,0,0,0,0,0,0,0,0
306,2017-04-17,09:17:56,400,TF1706,CCFX,98.745,98.66,98.755,361,356348450,19507,19550,100.05,97.68,98.865,98.815,0.0,98.755,0.0,0,0,2017-04-17,33476400,98.735,1,0,0,0,0,0,0,0,0,98.745,5,0,0,0,0,0,0,0,0
307,2017-04-17,09:17:56,900,TF1706,CCFX,98.745,98.66,98.755,361,356348450,19507,19550,100.05,97.68,98.865,98.815,0.0,98.755,0.0,0,0,2017-04-17,33476900,98.74,5,0,0,0,0,0,0,0,0,98.745,4,0,0,0,0,0,0,0,0
308,2017-04-17,09:17:57,400,TF1706,CCFX,98.75,98.66,98.755,366,361285750,19505,19550,100.05,97.68,98.865,98.815,0.0,98.755,0.0,0,0,2017-04-17,33477400,98.745,10,0,0,0,0,0,0,0,0,98.75,5,0,0,0,0,0,0,0,0
309,2017-04-17,09:17:57,900,TF1706,CCFX,98.75,98.66,98.755,369,364248250,19507,19550,100.05,97.68,98.865,98.815,0.0,98.755,0.0,0,0,2017-04-17,33477900,98.745,1,0,0,0,0,0,0,0,0,98.75,1,0,0,0,0,0,0,0,0
310,2017-04-17,09:17:58,400,TF1706,CCFX,98.75,98.66,98.755,370,365235750,19508,19550,100.05,97.68,98.865,98.815,0.0,98.755,0.0,0,0,2017-04-17,33478400,98.75,4,0,0,0,0,0,0,0,0,98.765,1,0,0,0,0,0,0,0,0
311,2017-04-17,09:17:58,900,TF1706,CCFX,98.75,98.66,98.755,370,365235750,19508,19550,100.05,97.68,98.865,98.815,0.0,98.755,0.0,0,0,2017-04-17,33478900,98.75,2,0,0,0,0,0,0,0,0,98.76,1,0,0,0,0,0,0,0,0
312,2017-04-17,09:17:59,400,TF1706,CCFX,98.76,98.66,98.76,371,366223350,19508,19550,100.05,97.68,98.865,98.815,0.0,98.755,0.0,0,0,2017-04-17,33479400,98.755,1,0,0,0,0,0,0,0,0,98.78,2,0,0,0,0,0,0,0,0
313,2017-04-17,09:17:59,900,TF1706,CCFX,98.79,98.66,98.79,375,370174650,19507,19550,100.05,97.68,98.865,98.815,0.0,98.755,0.0,0,0,2017-04-17,33479900,98.785,6,0,0,0,0,0,0,0,0,98.795,1,0,0,0,0,0,0,0,0
314,2017-04-17,09:18:00,400,TF1706,CCFX,98.785,98.66,98.79,391,385980250,19501,19550,100.05,97.68,98.865,98.815,0.0,98.755,0.0,0,0,2017-04-17,33480400,98.77,1,0,0,0,0,0,0,0,0,98.78,2,0,0,0,0,0,0,0,0
315,2017-04-17,09:18:00,900,TF1706,CCFX,98.785,98.66,98.79,399,393882900,19498,19550,100.05,97.68,98.865,98.815,0.0,98.755,0.0,0,0,2017-04-17,33480900,98.775,2,0,0,0,0,0,0,0,0,98.785,1,0,0,0,0,0,0,0,0
316,2017-04-17,09:18:01,400,TF1706,CCFX,98.785,98.66,98.79,399,393882900,19498,19550,100.05,97.68,98.865,98.815,0.0,98.755,0.0,0,0,2017-04-17,33481400,98.775,3,0,0,0,0,0,0,0,0,98.79,2,0,0,0,0,0,0,0,0
317,2017-04-17,09:18:01,900,TF1706,CCFX,98.775,98.66,98.79,400,394870650,19497,19550,100.05,97.68,98.865,98.815,0.0,98.755,0.0,0,0,2017-04-17,33481900,98.775,2,0,0,0,0,0,0,0,0,98.79,2,0,0,0,0,0,0,0,0
318,2017-04-17,09:18:02,400,TF1706,CCFX,98.79,98.66,98.79,402,396846300,19497,19550,100.05,97.68,98.865,98.815,0.0,98.755,0.0,0,0,2017-04-17,33482400,98.775,1,0,0,0,0,0,0,0,0,98.79,1,0,0,0,0,0,0,0,0
319,2017-04-17,09:18:02,900,TF1706,CCFX,98.79,98.66,98.79,402,396846300,19497,19550,100.05,97.68,98.865,98.815,0.0,98.755,0.0,0,0,2017-04-17,33482900,98.775,1,0,0,0,0,0,0,0,0,98.785,1,0,0,0,0,0,0,0,0
320,2017-04-17,09:18:03,400,TF1706,CCFX,98.79,98.66,98.79,402,396846300,19497,19550,100.05,97.68,98.865,98.815,0.0,98.755,0.0,0,0,2017-04-17,33483400,98.78,1,0,0,0,0,0,0,0,0,98.785,1,0,0,0,0,0,0,0,0
321,2017-04-17,09:18:03,900,TF1706,CCFX,98.79,98.66,98.79,402,396846300,19497,19550,100.05,97.68,98.865,98.815,0.0,98.755,0.0,0,0,2017-04-17,33483900,98.78,1,0,0,0,0,0,0,0,0,98.785,1,0,0,0,0,0,0,0,0
322,2017-04-17,09:18:04,400,TF1706,CCFX,98.79,98.66,98.79,402,396846300,19497,19550,100.05,97.68,98.865,98.815,0.0,98.755,0.0,0,0,2017-04-17,33484400,98.78,2,0,0,0,0,0,0,0,0,98.785,1,0,0,0,0,0,0,0,0
323,2017-04-17,09:18:04,900,TF1706,CCFX,98.78,98.66,98.79,404,398821900,19498,19550,100.05,97.68,98.865,98.815,0.0,98.755,0.0,0,0,2017-04-17,33484900,98.775,1,0,0,0,0,0,0,0,0,98.78,1,0,0,0,0,0,0,0,0
324,2017-04-17,09:18:05,400,TF1706,CCFX,98.78,98.66,98.79,404,398821900,19498,19550,100.05,97.68,98.865,98.815,0.0,98.755,0.0,0,0,2017-04-17,33485400,98.775,1,0,0,0,0,0,0,0,0,98.78,2,0,0,0,0,0,0,0,0
325,2017-04-17,09:18:05,900,TF1706,CCFX,98.775,98.66,98.79,405,399809650,19498,19550,100.05,97.68,98.865,98.815,0.0,98.755,0.0,0,0,2017-04-17,33485900,98.765,3,0,0,0,0,0,0,0,0,98.78,2,0,0,0,0,0,0,0,0
326,2017-04-17,09:18:06,400,TF1706,CCFX,98.775,98.66,98.79,409,403760650,19498,19550,100.05,97.68,98.865,98.815,0.0,98.755,0.0,0,0,2017-04-17,33486400,98.755,1,0,0,0,0,0,0,0,0,98.775,1,0,0,0,0,0,0,0,0
327,2017-04-17,09:18:06,900,TF1706,CCFX,98.785,98.66,98.79,412,406724050,19496,19550,100.05,97.68,98.865,98.815,0.0,98.755,0.0,0,0,2017-04-17,33486900,98.765,4,0,0,0,0,0,0,0,0,98.79,1,0,0,0,0,0,0,0,0
328,2017-04-17,09:18:07,400,TF1706,CCFX,98.785,98.66,98.79,412,406724050,19496,19550,100.05,97.68,98.865,98.815,0.0,98.755,0.0,0,0,2017-04-17,33487400,98.77,1,0,0,0,0,0,0,0,0,98.785,9,0,0,0,0,0,0,0,0
329,2017-04-17,09:18:07,900,TF1706,CCFX,98.785,98.66,98.79,412,406724050,19496,19550,100.05,97.68,98.865,98.815,0.0,98.755,0.0,0,0,2017-04-17,33487900,98.765,1,0,0,0,0,0,0,0,0,98.785,3,0,0,0,0,0,0,0,0
330,2017-04-17,09:18:08,400,TF1706,CCFX,98.785,98.66,98.79,412,406724050,19496,19550,100.05,97.68,98.865,98.815,0.0,98.755,0.0,0,0,2017-04-17,33488400,98.765,1,0,0,0,0,0,0,0,0,98.785,3,0,0,0,0,0,0,0,0
331,2017-04-17,09:18:08,900,TF1706,CCFX,98.785,98.66,98.79,412,406724050,19496,19550,100.05,97.68,98.865,98.815,0.0,98.755,0.0,0,0,2017-04-17,33488900,98.765,2,0,0,0,0,0,0,0,0,98.78,1,0,0,0,0,0,0,0,0
332,2017-04-17,09:18:09,400,TF1706,CCFX,98.785,98.66,98.79,412,406724050,19496,19550,100.05,97.68,98.865,98.815,0.0,98.755,0.0,0,0,2017-04-17,33489400,98.765,2,0,0,0,0,0,0,0,0,98.78,2,0,0,0,0,0,0,0,0
333,2017-04-17,09:18:10,400,TF1706,CCFX,98.785,98.66,98.79,412,406724050,19496,19550,100.05,97.68,98.865,98.815,0.0,98.755,0.0,0,0,2017-04-17,33490400,98.765,2,0,0,0,0,0,0,0,0,98.78,2,0,0,0,0,0,0,0,0
334,2017-04-17,09:18:10,900,TF1706,CCFX,98.785,98.66,98.79,412,406724050,19496,19550,100.05,97.68,98.865,98.815,0.0,98.755,0.0,0,0,2017-04-17,33490900,98.765,2,0,0,0,0,0,0,0,0,98.78,2,0,0,0,0,0,0,0,0
335,2017-04-17,09:18:12,400,TF1706,CCFX,98.785,98.66,98.79,412,406724050,19496,19550,100.05,97.68,98.865,98.815,0.0,98.755,0.0,0,0,2017-04-17,33492400,98.765,2,0,0,0,0,0,0,0,0,98.78,1,0,0,0,0,0,0,0,0
336,2017-04-17,09:18:12,900,TF1706,CCFX,98.785,98.66,98.79,412,406724050,19496,19550,100.05,97.68,98.865,98.815,0.0,98.755,0.0,0,0,2017-04-17,33492900,98.765,2,0,0,0,0,0,0,0,0,98.78,1,0,0,0,0,0,0,0,0
337,2017-04-17,09:18:13,400,TF1706,CCFX,98.785,98.66,98.79,412,406724050,19496,19550,100.05,97.68,98.865,98.815,0.0,98.755,0.0,0,0,2017-04-17,33493400,98.765,2,0,0,0,0,0,0,0,0,98.78,2,0,0,0,0,0,0,0,0
338,2017-04-17,09:18:13,900,TF1706,CCFX,98.785,98.66,98.79,412,406724050,19496,19550,100.05,97.68,98.865,98.815,0.0,98.755,0.0,0,0,2017-04-17,33493900,98.765,2,0,0,0,0,0,0,0,0,98.78,2,0,0,0,0,0,0,0,0
339,2017-04-17,09:18:14,400,TF1706,CCFX,98.785,98.66,98.79,412,406724050,19496,19550,100.05,97.68,98.865,98.815,0.0,98.755,0.0,0,0,2017-04-17,33494400,98.765,3,0,0,0,0,0,0,0,0,98.775,2,0,0,0,0,0,0,0,0
340,2017-04-17,09:18:15,400,TF1706,CCFX,98.785,98.66,98.79,412,406724050,19496,19550,100.05,97.68,98.865,98.815,0.0,98.755,0.0,0,0,2017-04-17,33495400,98.765,2,0,0,0,0,0,0,0,0,98.775,2,0,0,0,0,0,0,0,0
341,2017-04-17,09:18:15,900,TF1706,CCFX,98.785,98.66,98.79,412,406724050,19496,19550,100.05,97.68,98.865,98.815,0.0,98.755,0.0,0,0,2017-04-17,33495900,98.765,2,0,0,0,0,0,0,0,0,98.775,3,0,0,0,0,0,0,0,0
342,2017-04-17,09:18:16,400,TF1706,CCFX,98.785,98.66,98.79,412,406724050,19496,19550,100.05,97.68,98.865,98.815,0.0,98.755,0.0,0,0,2017-04-17,33496400,98.765,2,0,0,0,0,0,0,0,0,98.77,3,0,0,0,0,0,0,0,0
343,2017-04-17,09:18:16,900,TF1706,CCFX,98.785,98.66,98.79,412,406724050,19496,19550,100.05,97.68,98.865,98.815,0.0,98.755,0.0,0,0,2017-04-17,33496900,98.765,2,0,0,0,0,0,0,0,0,98.77,3,0,0,0,0,0,0,0,0
344,2017-04-17,09:18:17,900,TF1706,CCFX,98.785,98.66,98.79,412,406724050,19496,19550,100.05,97.68,98.865,98.815,0.0,98.755,0.0,0,0,2017-04-17,33497900,98.765,2,0,0,0,0,0,0,0,0,98.77,3,0,0,0,0,0,0,0,0
345,2017-04-17,09:18:18,400,TF1706,CCFX,98.765,98.66,98.79,413,407711700,19496,19550,100.05,97.68,98.865,98.815,0.0,98.755,0.0,0,0,2017-04-17,33498400,98.765,1,0,0,0,0,0,0,0,0,98.77,3,0,0,0,0,0,0,0,0
346,2017-04-17,09:18:18,900,TF1706,CCFX,98.765,98.66,98.79,414,408699350,19496,19550,100.05,97.68,98.865,98.815,0.0,98.755,0.0,0,0,2017-04-17,33498900,98.755,1,0,0,0,0,0,0,0,0,98.765,1,0,0,0,0,0,0,0,0
347,2017-04-17,09:18:19,400,TF1706,CCFX,98.765,98.66,98.79,414,408699350,19496,19550,100.05,97.68,98.865,98.815,0.0,98.755,0.0,0,0,2017-04-17,33499400,98.76,4,0,0,0,0,0,0,0,0,98.77,3,0,0,0,0,0,0,0,0
348,2017-04-17,09:18:19,900,TF1706,CCFX,98.765,98.66,98.79,414,408699350,19496,19550,100.05,97.68,98.865,98.815,0.0,98.755,0.0,0,0,2017-04-17,33499900,98.755,1,0,0,0,0,0,0,0,0,98.77,3,0,0,0,0,0,0,0,0
349,2017-04-17,09:18:20,900,TF1706,CCFX,98.77,98.66,98.79,415,409687050,19496,19550,100.05,97.68,98.865,98.815,0.0,98.755,0.0,0,0,2017-04-17,33500900,98.755,2,0,0,0,0,0,0,0,0,98.77,2,0,0,0,0,0,0,0,0
350,2017-04-17,09:18:21,900,TF1706,CCFX,98.77,98.66,98.79,415,409687050,19496,19550,100.05,97.68,98.865,98.815,0.0,98.755,0.0,0,0,2017-04-17,33501900,98.755,2,0,0,0,0,0,0,0,0,98.765,1,0,0,0,0,0,0,0,0
351,2017-04-17,09:18:22,400,TF1706,CCFX,98.765,98.66,98.79,416,410674700,19496,19550,100.05,97.68,98.865,98.815,0.0,98.755,0.0,0,0,2017-04-17,33502400,98.765,5,0,0,0,0,0,0,0,0,98.77,2,0,0,0,0,0,0,0,0
352,2017-04-17,09:18:22,900,TF1706,CCFX,98.765,98.66,98.79,417,411662350,19496,19550,100.05,97.68,98.865,98.815,0.0,98.755,0.0,0,0,2017-04-17,33502900,98.76,1,0,0,0,0,0,0,0,0,98.77,2,0,0,0,0,0,0,0,0
353,2017-04-17,09:18:23,400,TF1706,CCFX,98.76,98.66,98.79,418,412649950,19496,19550,100.05,97.68,98.865,98.815,0.0,98.755,0.0,0,0,2017-04-17,33503400,98.755,2,0,0,0,0,0,0,0,0,98.76,1,0,0,0,0,0,0,0,0
354,2017-04-17,09:18:23,900,TF1706,CCFX,98.755,98.66,98.79,419,413637500,19497,19550,100.05,97.68,98.865,98.815,0.0,98.755,0.0,0,0,2017-04-17,33503900,98.755,1,0,0,0,0,0,0,0,0,98.76,1,0,0,0,0,0,0,0,0
355,2017-04-17,09:18:24,400,TF1706,CCFX,98.755,98.66,98.79,420,414625050,19497,19550,100.05,97.68,98.865,98.815,0.0,98.755,0.0,0,0,2017-04-17,33504400,98.75,1,0,0,0,0,0,0,0,0,98.755,1,0,0,0,0,0,0,0,0
356,2017-04-17,09:18:24,900,TF1706,CCFX,98.755,98.66,98.79,420,414625050,19497,19550,100.05,97.68,98.865,98.815,0.0,98.755,0.0,0,0,2017-04-17,33504900,98.75,1,0,0,0,0,0,0,0,0,98.755,1,0,0,0,0,0,0,0,0
357,2017-04-17,09:18:25,400,TF1706,CCFX,98.755,98.66,98.79,420,414625050,19497,19550,100.05,97.68,98.865,98.815,0.0,98.755,0.0,0,0,2017-04-17,33505400,98.75,1,0,0,0,0,0,0,0,0,98.755,1,0,0,0,0,0,0,0,0
358,2017-04-17,09:18:25,900,TF1706,CCFX,98.755,98.66,98.79,420,414625050,19497,19550,100.05,97.68,98.865,98.815,0.0,98.755,0.0,0,0,2017-04-17,33505900,98.75,1,0,0,0,0,0,0,0,0,98.755,2,0,0,0,0,0,0,0,0
359,2017-04-17,09:18:26,400,TF1706,CCFX,98.755,98.66,98.79,420,414625050,19497,19550,100.05,97.68,98.865,98.815,0.0,98.755,0.0,0,0,2017-04-17,33506400,98.75,1,0,0,0,0,0,0,0,0,98.755,2,0,0,0,0,0,0,0,0
360,2017-04-17,09:18:27,400,TF1706,CCFX,98.755,98.66,98.79,420,414625050,19497,19550,100.05,97.68,98.865,98.815,0.0,98.755,0.0,0,0,2017-04-17,33507400,98.75,1,0,0,0,0,0,0,0,0,98.755,2,0,0,0,0,0,0,0,0
361,2017-04-17,09:18:28,400,TF1706,CCFX,98.755,98.66,98.79,420,414625050,19497,19550,100.05,97.68,98.865,98.815,0.0,98.755,0.0,0,0,2017-04-17,33508400,98.75,1,0,0,0,0,0,0,0,0,98.755,2,0,0,0,0,0,0,0,0
362,2017-04-17,09:18:29,900,TF1706,CCFX,98.75,98.66,98.79,421,415612550,19498,19550,100.05,97.68,98.865,98.815,0.0,98.755,0.0,0,0,2017-04-17,33509900,98.745,2,0,0,0,0,0,0,0,0,98.755,2,0,0,0,0,0,0,0,0
363,2017-04-17,09:18:30,400,TF1706,CCFX,98.75,98.66,98.79,421,415612550,19498,19550,100.05,97.68,98.865,98.815,0.0,98.755,0.0,0,0,2017-04-17,33510400,98.745,3,0,0,0,0,0,0,0,0,98.755,2,0,0,0,0,0,0,0,0
364,2017-04-17,09:18:30,900,TF1706,CCFX,98.745,98.66,98.79,424,418574900,19497,19550,100.05,97.68,98.865,98.815,0.0,98.755,0.0,0,0,2017-04-17,33510900,98.74,1,0,0,0,0,0,0,0,0,98.755,2,0,0,0,0,0,0,0,0
365,2017-04-17,09:18:31,400,TF1706,CCFX,98.745,98.66,98.79,424,418574900,19497,19550,100.05,97.68,98.865,98.815,0.0,98.755,0.0,0,0,2017-04-17,33511400,98.74,1,0,0,0,0,0,0,0,0,98.755,3,0,0,0,0,0,0,0,0
366,2017-04-17,09:18:33,400,TF1706,CCFX,98.745,98.66,98.79,424,418574900,19497,19550,100.05,97.68,98.865,98.815,0.0,98.755,0.0,0,0,2017-04-17,33513400,98.74,1,0,0,0,0,0,0,0,0,98.755,3,0,0,0,0,0,0,0,0
367,2017-04-17,09:18:34,400,TF1706,CCFX,98.745,98.66,98.79,424,418574900,19497,19550,100.05,97.68,98.865,98.815,0.0,98.755,0.0,0,0,2017-04-17,33514400,98.74,1,0,0,0,0,0,0,0,0,98.755,2,0,0,0,0,0,0,0,0
368,2017-04-17,09:18:35,400,TF1706,CCFX,98.745,98.66,98.79,424,418574900,19497,19550,100.05,97.68,98.865,98.815,0.0,98.755,0.0,0,0,2017-04-17,33515400,98.74,1,0,0,0,0,0,0,0,0,98.75,1,0,0,0,0,0,0,0,0
369,2017-04-17,09:18:35,900,TF1706,CCFX,98.745,98.66,98.79,424,418574900,19497,19550,100.05,97.68,98.865,98.815,0.0,98.755,0.0,0,0,2017-04-17,33515900,98.74,1,0,0,0,0,0,0,0,0,98.75,3,0,0,0,0,0,0,0,0
370,2017-04-17,09:18:36,400,TF1706,CCFX,98.745,98.66,98.79,424,418574900,19497,19550,100.05,97.68,98.865,98.815,0.0,98.755,0.0,0,0,2017-04-17,33516400,98.74,1,0,0,0,0,0,0,0,0,98.745,1,0,0,0,0,0,0,0,0
371,2017-04-17,09:18:36,900,TF1706,CCFX,98.745,98.66,98.79,426,420549800,19496,19550,100.05,97.68,98.865,98.815,0.0,98.755,0.0,0,0,2017-04-17,33516900,98.745,3,0,0,0,0,0,0,0,0,98.75,3,0,0,0,0,0,0,0,0
372,2017-04-17,09:18:37,400,TF1706,CCFX,98.745,98.66,98.79,426,420549800,19496,19550,100.05,97.68,98.865,98.815,0.0,98.755,0.0,0,0,2017-04-17,33517400,98.74,1,0,0,0,0,0,0,0,0,98.75,3,0,0,0,0,0,0,0,0
373,2017-04-17,09:18:37,900,TF1706,CCFX,98.745,98.66,98.79,426,420549800,19496,19550,100.05,97.68,98.865,98.815,0.0,98.755,0.0,0,0,2017-04-17,33517900,98.745,1,0,0,0,0,0,0,0,0,98.75,2,0,0,0,0,0,0,0,0
374,2017-04-17,09:18:38,400,TF1706,CCFX,98.745,98.66,98.79,426,420549800,19496,19550,100.05,97.68,98.865,98.815,0.0,98.755,0.0,0,0,2017-04-17,33518400,98.74,1,0,0,0,0,0,0,0,0,98.75,2,0,0,0,0,0,0,0,0
375,2017-04-17,09:18:39,900,TF1706,CCFX,98.745,98.66,98.79,426,420549800,19496,19550,100.05,97.68,98.865,98.815,0.0,98.755,0.0,0,0,2017-04-17,33519900,98.74,1,0,0,0,0,0,0,0,0,98.75,2,0,0,0,0,0,0,0,0
376,2017-04-17,09:18:40,400,TF1706,CCFX,98.745,98.66,98.79,426,420549800,19496,19550,100.05,97.68,98.865,98.815,0.0,98.755,0.0,0,0,2017-04-17,33520400,98.74,2,0,0,0,0,0,0,0,0,98.745,1,0,0,0,0,0,0,0,0
377,2017-04-17,09:18:40,900,TF1706,CCFX,98.74,98.66,98.79,427,421537200,19496,19550,100.05,97.68,98.865,98.815,0.0,98.755,0.0,0,0,2017-04-17,33520900,98.74,1,0,0,0,0,0,0,0,0,98.745,1,0,0,0,0,0,0,0,0
378,2017-04-17,09:18:41,400,TF1706,CCFX,98.74,98.66,98.79,428,422524600,19495,19550,100.05,97.68,98.865,98.815,0.0,98.755,0.0,0,0,2017-04-17,33521400,98.73,11,0,0,0,0,0,0,0,0,98.745,1,0,0,0,0,0,0,0,0
379,2017-04-17,09:18:41,900,TF1706,CCFX,98.74,98.66,98.79,428,422524600,19495,19550,100.05,97.68,98.865,98.815,0.0,98.755,0.0,0,0,2017-04-17,33521900,98.74,4,0,0,0,0,0,0,0,0,98.745,1,0,0,0,0,0,0,0,0
380,2017-04-17,09:18:42,400,TF1706,CCFX,98.74,98.66,98.79,431,425486900,19492,19550,100.05,97.68,98.865,98.815,0.0,98.755,0.0,0,0,2017-04-17,33522400,98.74,1,0,0,0,0,0,0,0,0,98.75,2,0,0,0,0,0,0,0,0
381,2017-04-17,09:18:42,900,TF1706,CCFX,98.74,98.66,98.79,431,425486900,19492,19550,100.05,97.68,98.865,98.815,0.0,98.755,0.0,0,0,2017-04-17,33522900,98.74,1,0,0,0,0,0,0,0,0,98.745,1,0,0,0,0,0,0,0,0
382,2017-04-17,09:18:43,400,TF1706,CCFX,98.74,98.66,98.79,431,425486900,19492,19550,100.05,97.68,98.865,98.815,0.0,98.755,0.0,0,0,2017-04-17,33523400,98.74,1,0,0,0,0,0,0,0,0,98.745,2,0,0,0,0,0,0,0,0
383,2017-04-17,09:18:43,900,TF1706,CCFX,98.74,98.66,98.79,432,426474300,19491,19550,100.05,97.68,98.865,98.815,0.0,98.755,0.0,0,0,2017-04-17,33523900,98.74,2,0,0,0,0,0,0,0,0,98.745,2,0,0,0,0,0,0,0,0
384,2017-04-17,09:18:44,400,TF1706,CCFX,98.745,98.66,98.79,433,427461750,19491,19550,100.05,97.68,98.865,98.815,0.0,98.755,0.0,0,0,2017-04-17,33524400,98.74,2,0,0,0,0,0,0,0,0,98.745,1,0,0,0,0,0,0,0,0
385,2017-04-17,09:18:45,400,TF1706,CCFX,98.74,98.66,98.79,434,428449150,19490,19550,100.05,97.68,98.865,98.815,0.0,98.755,0.0,0,0,2017-04-17,33525400,98.74,1,0,0,0,0,0,0,0,0,98.745,1,0,0,0,0,0,0,0,0
386,2017-04-17,09:18:45,900,TF1706,CCFX,98.74,98.66,98.79,435,429436550,19489,19550,100.05,97.68,98.865,98.815,0.0,98.755,0.0,0,0,2017-04-17,33525900,98.73,11,0,0,0,0,0,0,0,0,98.74,1,0,0,0,0,0,0,0,0
387,2017-04-17,09:18:46,400,TF1706,CCFX,98.735,98.66,98.79,438,432398700,19487,19550,100.05,97.68,98.865,98.815,0.0,98.755,0.0,0,0,2017-04-17,33526400,98.735,3,0,0,0,0,0,0,0,0,98.745,1,0,0,0,0,0,0,0,0
388,2017-04-17,09:18:46,900,TF1706,CCFX,98.735,98.66,98.79,438,432398700,19487,19550,100.05,97.68,98.865,98.815,0.0,98.755,0.0,0,0,2017-04-17,33526900,98.73,11,0,0,0,0,0,0,0,0,98.745,1,0,0,0,0,0,0,0,0
389,2017-04-17,09:18:47,900,TF1706,CCFX,98.735,98.66,98.79,438,432398700,19487,19550,100.05,97.68,98.865,98.815,0.0,98.755,0.0,0,0,2017-04-17,33527900,98.735,2,0,0,0,0,0,0,0,0,98.745,1,0,0,0,0,0,0,0,0
390,2017-04-17,09:18:49,900,TF1706,CCFX,98.735,98.66,98.79,438,432398700,19487,19550,100.05,97.68,98.865,98.815,0.0,98.755,0.0,0,0,2017-04-17,33529900,98.73,11,0,0,0,0,0,0,0,0,98.745,2,0,0,0,0,0,0,0,0
391,2017-04-17,09:18:50,400,TF1706,CCFX,98.745,98.66,98.79,439,433386150,19488,19550,100.05,97.68,98.865,98.815,0.0,98.755,0.0,0,0,2017-04-17,33530400,98.73,11,0,0,0,0,0,0,0,0,98.74,1,0,0,0,0,0,0,0,0
392,2017-04-17,09:18:50,900,TF1706,CCFX,98.745,98.66,98.79,439,433386150,19488,19550,100.05,97.68,98.865,98.815,0.0,98.755,0.0,0,0,2017-04-17,33530900,98.73,11,0,0,0,0,0,0,0,0,98.735,1,0,0,0,0,0,0,0,0
393,2017-04-17,09:18:51,400,TF1706,CCFX,98.735,98.66,98.79,442,436348200,19485,19550,100.05,97.68,98.865,98.815,0.0,98.755,0.0,0,0,2017-04-17,33531400,98.73,11,0,0,0,0,0,0,0,0,98.74,1,0,0,0,0,0,0,0,0
394,2017-04-17,09:18:51,900,TF1706,CCFX,98.735,98.66,98.79,442,436348200,19485,19550,100.05,97.68,98.865,98.815,0.0,98.755,0.0,0,0,2017-04-17,33531900,98.73,11,0,0,0,0,0,0,0,0,98.735,2,0,0,0,0,0,0,0,0
395,2017-04-17,09:18:52,400,TF1706,CCFX,98.735,98.66,98.79,444,438322900,19484,19550,100.05,97.68,98.865,98.815,0.0,98.755,0.0,0,0,2017-04-17,33532400,98.73,11,0,0,0,0,0,0,0,0,98.74,1,0,0,0,0,0,0,0,0
396,2017-04-17,09:18:53,900,TF1706,CCFX,98.735,98.66,98.79,444,438322900,19484,19550,100.05,97.68,98.865,98.815,0.0,98.755,0.0,0,0,2017-04-17,33533900,98.73,11,0,0,0,0,0,0,0,0,98.74,1,0,0,0,0,0,0,0,0
397,2017-04-17,09:18:54,400,TF1706,CCFX,98.735,98.66,98.79,444,438322900,19484,19550,100.05,97.68,98.865,98.815,0.0,98.755,0.0,0,0,2017-04-17,33534400,98.735,2,0,0,0,0,0,0,0,0,98.74,2,0,0,0,0,0,0,0,0
398,2017-04-17,09:18:55,900,TF1706,CCFX,98.74,98.66,98.79,446,440297700,19485,19550,100.05,97.68,98.865,98.815,0.0,98.755,0.0,0,0,2017-04-17,33535900,98.735,2,0,0,0,0,0,0,0,0,98.745,1,0,0,0,0,0,0,0,0
399,2017-04-17,09:18:56,400,TF1706,CCFX,98.74,98.66,98.79,446,440297700,19485,19550,100.05,97.68,98.865,98.815,0.0,98.755,0.0,0,0,2017-04-17,33536400,98.735,2,0,0,0,0,0,0,0,0,98.745,1,0,0,0,0,0,0,0,0
400,2017-04-17,09:18:56,900,TF1706,CCFX,98.74,98.66,98.79,446,440297700,19485,19550,100.05,97.68,98.865,98.815,0.0,98.755,0.0,0,0,2017-04-17,33536900,98.735,2,0,0,0,0,0,0,0,0,98.745,1,0,0,0,0,0,0,0,0
401,2017-04-17,09:18:57,400,TF1706,CCFX,98.74,98.66,98.79,446,440297700,19485,19550,100.05,97.68,98.865,98.815,0.0,98.755,0.0,0,0,2017-04-17,33537400,98.74,3,0,0,0,0,0,0,0,0,98.745,1,0,0,0,0,0,0,0,0
402,2017-04-17,09:18:57,900,TF1706,CCFX,98.75,98.66,98.79,450,444247650,19484,19550,100.05,97.68,98.865,98.815,0.0,98.755,0.0,0,0,2017-04-17,33537900,98.735,3,0,0,0,0,0,0,0,0,98.755,3,0,0,0,0,0,0,0,0
403,2017-04-17,09:18:58,400,TF1706,CCFX,98.75,98.66,98.79,450,444247650,19484,19550,100.05,97.68,98.865,98.815,0.0,98.755,0.0,0,0,2017-04-17,33538400,98.74,2,0,0,0,0,0,0,0,0,98.745,4,0,0,0,0,0,0,0,0
404,2017-04-17,09:18:58,900,TF1706,CCFX,98.75,98.66,98.79,450,444247650,19484,19550,100.05,97.68,98.865,98.815,0.0,98.755,0.0,0,0,2017-04-17,33538900,98.74,2,0,0,0,0,0,0,0,0,98.745,4,0,0,0,0,0,0,0,0
405,2017-04-17,09:18:59,400,TF1706,CCFX,98.75,98.66,98.79,450,444247650,19484,19550,100.05,97.68,98.865,98.815,0.0,98.755,0.0,0,0,2017-04-17,33539400,98.74,1,0,0,0,0,0,0,0,0,98.745,4,0,0,0,0,0,0,0,0
406,2017-04-17,09:18:59,900,TF1706,CCFX,98.74,98.66,98.79,451,445235050,19483,19550,100.05,97.68,98.865,98.815,0.0,98.755,0.0,0,0,2017-04-17,33539900,98.735,4,0,0,0,0,0,0,0,0,98.74,2,0,0,0,0,0,0,0,0
407,2017-04-17,09:19:00,400,TF1706,CCFX,98.74,98.66,98.79,451,445235050,19483,19550,100.05,97.68,98.865,98.815,0.0,98.755,0.0,0,0,2017-04-17,33540400,98.735,3,0,0,0,0,0,0,0,0,98.74,2,0,0,0,0,0,0,0,0
408,2017-04-17,09:19:00,900,TF1706,CCFX,98.735,98.66,98.79,452,446222400,19483,19550,100.05,97.68,98.865,98.815,0.0,98.755,0.0,0,0,2017-04-17,33540900,98.735,2,0,0,0,0,0,0,0,0,98.74,2,0,0,0,0,0,0,0,0
409,2017-04-17,09:19:01,400,TF1706,CCFX,98.735,98.66,98.79,454,448197100,19482,19550,100.05,97.68,98.865,98.815,0.0,98.755,0.0,0,0,2017-04-17,33541400,98.73,11,0,0,0,0,0,0,0,0,98.735,2,0,0,0,0,0,0,0,0
410,2017-04-17,09:19:01,900,TF1706,CCFX,98.735,98.66,98.79,457,451159150,19482,19550,100.05,97.68,98.865,98.815,0.0,98.755,0.0,0,0,2017-04-17,33541900,98.735,1,0,0,0,0,0,0,0,0,98.74,2,0,0,0,0,0,0,0,0
411,2017-04-17,09:19:02,400,TF1706,CCFX,98.73,98.66,98.79,459,453133800,19481,19550,100.05,97.68,98.865,98.815,0.0,98.755,0.0,0,0,2017-04-17,33542400,98.73,10,0,0,0,0,0,0,0,0,98.74,3,0,0,0,0,0,0,0,0
412,2017-04-17,09:19:03,400,TF1706,CCFX,98.73,98.66,98.79,459,453133800,19481,19550,100.05,97.68,98.865,98.815,0.0,98.755,0.0,0,0,2017-04-17,33543400,98.73,10,0,0,0,0,0,0,0,0,98.74,4,0,0,0,0,0,0,0,0
413,2017-04-17,09:19:03,900,TF1706,CCFX,98.73,98.66,98.79,459,453133800,19481,19550,100.05,97.68,98.865,98.815,0.0,98.755,0.0,0,0,2017-04-17,33543900,98.73,1,0,0,0,0,0,0,0,0,98.74,4,0,0,0,0,0,0,0,0
414,2017-04-17,09:19:04,400,TF1706,CCFX,98.73,98.66,98.79,459,453133800,19481,19550,100.05,97.68,98.865,98.815,0.0,98.755,0.0,0,0,2017-04-17,33544400,98.73,1,0,0,0,0,0,0,0,0,98.74,3,0,0,0,0,0,0,0,0
415,2017-04-17,09:19:04,900,TF1706,CCFX,98.73,98.66,98.79,459,453133800,19481,19550,100.05,97.68,98.865,98.815,0.0,98.755,0.0,0,0,2017-04-17,33544900,98.735,2,0,0,0,0,0,0,0,0,98.74,2,0,0,0,0,0,0,0,0
416,2017-04-17,09:19:05,400,TF1706,CCFX,98.735,98.66,98.79,461,455108500,19483,19550,100.05,97.68,98.865,98.815,0.0,98.755,0.0,0,0,2017-04-17,33545400,98.73,2,0,0,0,0,0,0,0,0,98.74,4,0,0,0,0,0,0,0,0
417,2017-04-17,09:19:05,900,TF1706,CCFX,98.735,98.66,98.79,461,455108500,19483,19550,100.05,97.68,98.865,98.815,0.0,98.755,0.0,0,0,2017-04-17,33545900,98.73,10,0,0,0,0,0,0,0,0,98.74,1,0,0,0,0,0,0,0,0
418,2017-04-17,09:19:06,400,TF1706,CCFX,98.735,98.66,98.79,461,455108500,19483,19550,100.05,97.68,98.865,98.815,0.0,98.755,0.0,0,0,2017-04-17,33546400,98.73,10,0,0,0,0,0,0,0,0,98.74,1,0,0,0,0,0,0,0,0
419,2017-04-17,09:19:06,900,TF1706,CCFX,98.735,98.66,98.79,461,455108500,19483,19550,100.05,97.68,98.865,98.815,0.0,98.755,0.0,0,0,2017-04-17,33546900,98.73,10,0,0,0,0,0,0,0,0,98.735,1,0,0,0,0,0,0,0,0
420,2017-04-17,09:19:07,400,TF1706,CCFX,98.74,98.66,98.79,463,457083250,19484,19550,100.05,97.68,98.865,98.815,0.0,98.755,0.0,0,0,2017-04-17,33547400,98.735,5,0,0,0,0,0,0,0,0,98.745,5,0,0,0,0,0,0,0,0
421,2017-04-17,09:19:07,900,TF1706,CCFX,98.735,98.66,98.79,464,458070600,19483,19550,100.05,97.68,98.865,98.815,0.0,98.755,0.0,0,0,2017-04-17,33547900,98.735,1,0,0,0,0,0,0,0,0,98.74,8,0,0,0,0,0,0,0,0
422,2017-04-17,09:19:08,400,TF1706,CCFX,98.735,98.66,98.79,465,459057950,19483,19550,100.05,97.68,98.865,98.815,0.0,98.755,0.0,0,0,2017-04-17,33548400,98.73,13,0,0,0,0,0,0,0,0,98.74,1,0,0,0,0,0,0,0,0
423,2017-04-17,09:19:08,900,TF1706,CCFX,98.74,98.66,98.79,466,460045350,19484,19550,100.05,97.68,98.865,98.815,0.0,98.755,0.0,0,0,2017-04-17,33548900,98.73,13,0,0,0,0,0,0,0,0,98.745,5,0,0,0,0,0,0,0,0
424,2017-04-17,09:19:09,400,TF1706,CCFX,98.74,98.66,98.79,466,460045350,19484,19550,100.05,97.68,98.865,98.815,0.0,98.755,0.0,0,0,2017-04-17,33549400,98.73,13,0,0,0,0,0,0,0,0,98.745,5,0,0,0,0,0,0,0,0
425,2017-04-17,09:19:10,400,TF1706,CCFX,98.74,98.66,98.79,466,460045350,19484,19550,100.05,97.68,98.865,98.815,0.0,98.755,0.0,0,0,2017-04-17,33550400,98.73,13,0,0,0,0,0,0,0,0,98.745,5,0,0,0,0,0,0,0,0
426,2017-04-17,09:19:10,900,TF1706,CCFX,98.74,98.66,98.79,466,460045350,19484,19550,100.05,97.68,98.865,98.815,0.0,98.755,0.0,0,0,2017-04-17,33550900,98.73,13,0,0,0,0,0,0,0,0,98.74,1,0,0,0,0,0,0,0,0
427,2017-04-17,09:19:11,400,TF1706,CCFX,98.74,98.66,98.79,467,461032750,19484,19550,100.05,97.68,98.865,98.815,0.0,98.755,0.0,0,0,2017-04-17,33551400,98.73,13,0,0,0,0,0,0,0,0,98.74,1,0,0,0,0,0,0,0,0
428,2017-04-17,09:19:11,900,TF1706,CCFX,98.74,98.66,98.79,467,461032750,19484,19550,100.05,97.68,98.865,98.815,0.0,98.755,0.0,0,0,2017-04-17,33551900,98.73,14,0,0,0,0,0,0,0,0,98.735,1,0,0,0,0,0,0,0,0
429,2017-04-17,09:19:12,400,TF1706,CCFX,98.735,98.66,98.79,468,462020100,19484,19550,100.05,97.68,98.865,98.815,0.0,98.755,0.0,0,0,2017-04-17,33552400,98.735,1,0,0,0,0,0,0,0,0,98.74,2,0,0,0,0,0,0,0,0
430,2017-04-17,09:19:12,900,TF1706,CCFX,98.735,98.66,98.79,469,463007450,19483,19550,100.05,97.68,98.865,98.815,0.0,98.755,0.0,0,0,2017-04-17,33552900,98.73,14,0,0,0,0,0,0,0,0,98.74,2,0,0,0,0,0,0,0,0
431,2017-04-17,09:19:13,400,TF1706,CCFX,98.735,98.66,98.79,469,463007450,19483,19550,100.05,97.68,98.865,98.815,0.0,98.755,0.0,0,0,2017-04-17,33553400,98.73,14,0,0,0,0,0,0,0,0,98.74,2,0,0,0,0,0,0,0,0
432,2017-04-17,09:19:15,900,TF1706,CCFX,98.735,98.66,98.79,469,463007450,19483,19550,100.05,97.68,98.865,98.815,0.0,98.755,0.0,0,0,2017-04-17,33555900,98.73,14,0,0,0,0,0,0,0,0,98.735,1,0,0,0,0,0,0,0,0
433,2017-04-17,09:19:16,400,TF1706,CCFX,98.73,98.66,98.79,473,466956700,19480,19550,100.05,97.68,98.865,98.815,0.0,98.755,0.0,0,0,2017-04-17,33556400,98.73,10,0,0,0,0,0,0,0,0,98.74,2,0,0,0,0,0,0,0,0
434,2017-04-17,09:19:16,900,TF1706,CCFX,98.73,98.66,98.79,474,467944000,19479,19550,100.05,97.68,98.865,98.815,0.0,98.755,0.0,0,0,2017-04-17,33556900,98.73,9,0,0,0,0,0,0,0,0,98.74,2,0,0,0,0,0,0,0,0
435,2017-04-17,09:19:17,400,TF1706,CCFX,98.73,98.66,98.79,475,468931300,19478,19550,100.05,97.68,98.865,98.815,0.0,98.755,0.0,0,0,2017-04-17,33557400,98.73,8,0,0,0,0,0,0,0,0,98.74,2,0,0,0,0,0,0,0,0
436,2017-04-17,09:19:18,900,TF1706,CCFX,98.73,98.66,98.79,475,468931300,19478,19550,100.05,97.68,98.865,98.815,0.0,98.755,0.0,0,0,2017-04-17,33558900,98.73,1,0,0,0,0,0,0,0,0,98.735,1,0,0,0,0,0,0,0,0
437,2017-04-17,09:19:19,400,TF1706,CCFX,98.73,98.66,98.79,476,469918600,19479,19550,100.05,97.68,98.865,98.815,0.0,98.755,0.0,0,0,2017-04-17,33559400,98.72,9,0,0,0,0,0,0,0,0,98.73,1,0,0,0,0,0,0,0,0
438,2017-04-17,09:19:19,900,TF1706,CCFX,98.73,98.66,98.79,477,470905900,19479,19550,100.05,97.68,98.865,98.815,0.0,98.755,0.0,0,0,2017-04-17,33559900,98.73,1,0,0,0,0,0,0,0,0,98.735,2,0,0,0,0,0,0,0,0
439,2017-04-17,09:19:20,400,TF1706,CCFX,98.73,98.66,98.79,477,470905900,19479,19550,100.05,97.68,98.865,98.815,0.0,98.755,0.0,0,0,2017-04-17,33560400,98.73,1,0,0,0,0,0,0,0,0,98.735,3,0,0,0,0,0,0,0,0
440,2017-04-17,09:19:22,400,TF1706,CCFX,98.73,98.66,98.79,478,471893200,19478,19550,100.05,97.68,98.865,98.815,0.0,98.755,0.0,0,0,2017-04-17,33562400,98.72,15,0,0,0,0,0,0,0,0,98.735,3,0,0,0,0,0,0,0,0
441,2017-04-17,09:19:22,900,TF1706,CCFX,98.73,98.66,98.79,479,472880500,19477,19550,100.05,97.68,98.865,98.815,0.0,98.755,0.0,0,0,2017-04-17,33562900,98.73,3,0,0,0,0,0,0,0,0,98.735,3,0,0,0,0,0,0,0,0
442,2017-04-17,09:19:23,400,TF1706,CCFX,98.73,98.66,98.79,479,472880500,19477,19550,100.05,97.68,98.865,98.815,0.0,98.755,0.0,0,0,2017-04-17,33563400,98.725,2,0,0,0,0,0,0,0,0,98.73,2,0,0,0,0,0,0,0,0
443,2017-04-17,09:19:23,900,TF1706,CCFX,98.73,98.66,98.79,481,474855100,19477,19550,100.05,97.68,98.865,98.815,0.0,98.755,0.0,0,0,2017-04-17,33563900,98.73,2,0,0,0,0,0,0,0,0,98.735,3,0,0,0,0,0,0,0,0
444,2017-04-17,09:19:24,400,TF1706,CCFX,98.73,98.66,98.79,481,474855100,19477,19550,100.05,97.68,98.865,98.815,0.0,98.755,0.0,0,0,2017-04-17,33564400,98.725,3,0,0,0,0,0,0,0,0,98.735,3,0,0,0,0,0,0,0,0
445,2017-04-17,09:19:25,400,TF1706,CCFX,98.73,98.66,98.79,481,474855100,19477,19550,100.05,97.68,98.865,98.815,0.0,98.755,0.0,0,0,2017-04-17,33565400,98.725,1,0,0,0,0,0,0,0,0,98.735,3,0,0,0,0,0,0,0,0
446,2017-04-17,09:19:25,900,TF1706,CCFX,98.73,98.66,98.79,481,474855100,19477,19550,100.05,97.68,98.865,98.815,0.0,98.755,0.0,0,0,2017-04-17,33565900,98.725,1,0,0,0,0,0,0,0,0,98.735,3,0,0,0,0,0,0,0,0
447,2017-04-17,09:19:26,400,TF1706,CCFX,98.73,98.66,98.79,481,474855100,19477,19550,100.05,97.68,98.865,98.815,0.0,98.755,0.0,0,0,2017-04-17,33566400,98.725,3,0,0,0,0,0,0,0,0,98.735,3,0,0,0,0,0,0,0,0
448,2017-04-17,09:19:27,400,TF1706,CCFX,98.735,98.66,98.79,482,475842450,19477,19550,100.05,97.68,98.865,98.815,0.0,98.755,0.0,0,0,2017-04-17,33567400,98.725,3,0,0,0,0,0,0,0,0,98.735,2,0,0,0,0,0,0,0,0
449,2017-04-17,09:19:28,400,TF1706,CCFX,98.735,98.66,98.79,482,475842450,19477,19550,100.05,97.68,98.865,98.815,0.0,98.755,0.0,0,0,2017-04-17,33568400,98.725,3,0,0,0,0,0,0,0,0,98.73,1,0,0,0,0,0,0,0,0
450,2017-04-17,09:19:28,900,TF1706,CCFX,98.725,98.66,98.79,484,477817000,19476,19550,100.05,97.68,98.865,98.815,0.0,98.755,0.0,0,0,2017-04-17,33568900,98.725,2,0,0,0,0,0,0,0,0,98.735,2,0,0,0,0,0,0,0,0
451,2017-04-17,09:19:29,400,TF1706,CCFX,98.735,98.66,98.79,485,478804350,19476,19550,100.05,97.68,98.865,98.815,0.0,98.755,0.0,0,0,2017-04-17,33569400,98.725,2,0,0,0,0,0,0,0,0,98.735,1,0,0,0,0,0,0,0,0
452,2017-04-17,09:19:30,400,TF1706,CCFX,98.735,98.66,98.79,485,478804350,19476,19550,100.05,97.68,98.865,98.815,0.0,98.755,0.0,0,0,2017-04-17,33570400,98.73,1,0,0,0,0,0,0,0,0,98.735,1,0,0,0,0,0,0,0,0
453,2017-04-17,09:19:30,900,TF1706,CCFX,98.73,98.66,98.79,486,479791650,19475,19550,100.05,97.68,98.865,98.815,0.0,98.755,0.0,0,0,2017-04-17,33570900,98.72,15,0,0,0,0,0,0,0,0,98.735,1,0,0,0,0,0,0,0,0
454,2017-04-17,09:19:31,400,TF1706,CCFX,98.73,98.66,98.79,487,480778950,19475,19550,100.05,97.68,98.865,98.815,0.0,98.755,0.0,0,0,2017-04-17,33571400,98.73,2,0,0,0,0,0,0,0,0,98.735,1,0,0,0,0,0,0,0,0
455,2017-04-17,09:19:31,900,TF1706,CCFX,98.73,98.66,98.79,489,482753550,19475,19550,100.05,97.68,98.865,98.815,0.0,98.755,0.0,0,0,2017-04-17,33571900,98.72,13,0,0,0,0,0,0,0,0,98.73,3,0,0,0,0,0,0,0,0
456,2017-04-17,09:19:32,400,TF1706,CCFX,98.73,98.66,98.79,491,484728150,19476,19550,100.05,97.68,98.865,98.815,0.0,98.755,0.0,0,0,2017-04-17,33572400,98.72,15,0,0,0,0,0,0,0,0,98.735,3,0,0,0,0,0,0,0,0
457,2017-04-17,09:19:34,400,TF1706,CCFX,98.73,98.66,98.79,491,484728150,19476,19550,100.05,97.68,98.865,98.815,0.0,98.755,0.0,0,0,2017-04-17,33574400,98.72,15,0,0,0,0,0,0,0,0,98.735,3,0,0,0,0,0,0,0,0
458,2017-04-17,09:19:34,900,TF1706,CCFX,98.73,98.66,98.79,491,484728150,19476,19550,100.05,97.68,98.865,98.815,0.0,98.755,0.0,0,0,2017-04-17,33574900,98.72,11,0,0,0,0,0,0,0,0,98.735,3,0,0,0,0,0,0,0,0
459,2017-04-17,09:19:35,400,TF1706,CCFX,98.73,98.66,98.79,491,484728150,19476,19550,100.05,97.68,98.865,98.815,0.0,98.755,0.0,0,0,2017-04-17,33575400,98.72,9,0,0,0,0,0,0,0,0,98.735,3,0,0,0,0,0,0,0,0
460,2017-04-17,09:19:35,900,TF1706,CCFX,98.73,98.66,98.79,491,484728150,19476,19550,100.05,97.68,98.865,98.815,0.0,98.755,0.0,0,0,2017-04-17,33575900,98.72,9,0,0,0,0,0,0,0,0,98.725,4,0,0,0,0,0,0,0,0
461,2017-04-17,09:19:36,400,TF1706,CCFX,98.72,98.66,98.79,493,486702600,19475,19550,100.05,97.68,98.865,98.815,0.0,98.755,0.0,0,0,2017-04-17,33576400,98.72,8,0,0,0,0,0,0,0,0,98.73,1,0,0,0,0,0,0,0,0
462,2017-04-17,09:19:36,900,TF1706,CCFX,98.725,98.66,98.79,494,487689850,19475,19550,100.05,97.68,98.865,98.815,0.0,98.755,0.0,0,0,2017-04-17,33576900,98.725,2,0,0,0,0,0,0,0,0,98.73,1,0,0,0,0,0,0,0,0
463,2017-04-17,09:19:37,400,TF1706,CCFX,98.725,98.66,98.79,496,489664350,19476,19550,100.05,97.68,98.865,98.815,0.0,98.755,0.0,0,0,2017-04-17,33577400,98.72,9,0,0,0,0,0,0,0,0,98.725,1,0,0,0,0,0,0,0,0
464,2017-04-17,09:19:37,900,TF1706,CCFX,98.725,98.66,98.79,496,489664350,19476,19550,100.05,97.68,98.865,98.815,0.0,98.755,0.0,0,0,2017-04-17,33577900,98.72,9,0,0,0,0,0,0,0,0,98.73,2,0,0,0,0,0,0,0,0
465,2017-04-17,09:19:39,400,TF1706,CCFX,98.725,98.66,98.79,496,489664350,19476,19550,100.05,97.68,98.865,98.815,0.0,98.755,0.0,0,0,2017-04-17,33579400,98.72,6,0,0,0,0,0,0,0,0,98.73,2,0,0,0,0,0,0,0,0
466,2017-04-17,09:19:39,900,TF1706,CCFX,98.72,98.66,98.79,499,492625950,19473,19550,100.05,97.68,98.865,98.815,0.0,98.755,0.0,0,0,2017-04-17,33579900,98.72,2,0,0,0,0,0,0,0,0,98.725,12,0,0,0,0,0,0,0,0
467,2017-04-17,09:19:40,400,TF1706,CCFX,98.72,98.66,98.79,501,494600350,19474,19550,100.05,97.68,98.865,98.815,0.0,98.755,0.0,0,0,2017-04-17,33580400,98.715,1,0,0,0,0,0,0,0,0,98.72,10,0,0,0,0,0,0,0,0
468,2017-04-17,09:19:40,900,TF1706,CCFX,98.72,98.66,98.79,506,499536300,19473,19550,100.05,97.68,98.865,98.815,0.0,98.755,0.0,0,0,2017-04-17,33580900,98.72,1,0,0,0,0,0,0,0,0,98.725,1,0,0,0,0,0,0,0,0
469,2017-04-17,09:19:41,400,TF1706,CCFX,98.725,98.66,98.79,508,501510750,19474,19550,100.05,97.68,98.865,98.815,0.0,98.755,0.0,0,0,2017-04-17,33581400,98.715,1,0,0,0,0,0,0,0,0,98.725,1,0,0,0,0,0,0,0,0
470,2017-04-17,09:19:41,900,TF1706,CCFX,98.725,98.66,98.79,508,501510750,19474,19550,100.05,97.68,98.865,98.815,0.0,98.755,0.0,0,0,2017-04-17,33581900,98.715,1,0,0,0,0,0,0,0,0,98.72,1,0,0,0,0,0,0,0,0
471,2017-04-17,09:19:42,400,TF1706,CCFX,98.72,98.66,98.79,511,504472400,19474,19550,100.05,97.68,98.865,98.815,0.0,98.755,0.0,0,0,2017-04-17,33582400,98.72,4,0,0,0,0,0,0,0,0,98.73,2,0,0,0,0,0,0,0,0
472,2017-04-17,09:19:42,900,TF1706,CCFX,98.72,98.66,98.79,511,504472400,19474,19550,100.05,97.68,98.865,98.815,0.0,98.755,0.0,0,0,2017-04-17,33582900,98.72,2,0,0,0,0,0,0,0,0,98.725,1,0,0,0,0,0,0,0,0
473,2017-04-17,09:19:43,400,TF1706,CCFX,98.72,98.66,98.79,511,504472400,19474,19550,100.05,97.68,98.865,98.815,0.0,98.755,0.0,0,0,2017-04-17,33583400,98.72,2,0,0,0,0,0,0,0,0,98.73,2,0,0,0,0,0,0,0,0
474,2017-04-17,09:19:44,900,TF1706,CCFX,98.72,98.66,98.79,511,504472400,19474,19550,100.05,97.68,98.865,98.815,0.0,98.755,0.0,0,0,2017-04-17,33584900,98.72,2,0,0,0,0,0,0,0,0,98.73,2,0,0,0,0,0,0,0,0
475,2017-04-17,09:19:45,900,TF1706,CCFX,98.72,98.66,98.79,511,504472400,19474,19550,100.05,97.68,98.865,98.815,0.0,98.755,0.0,0,0,2017-04-17,33585900,98.72,2,0,0,0,0,0,0,0,0,98.73,1,0,0,0,0,0,0,0,0
476,2017-04-17,09:19:46,400,TF1706,CCFX,98.72,98.66,98.79,511,504472400,19474,19550,100.05,97.68,98.865,98.815,0.0,98.755,0.0,0,0,2017-04-17,33586400,98.72,2,0,0,0,0,0,0,0,0,98.725,1,0,0,0,0,0,0,0,0
477,2017-04-17,09:19:46,900,TF1706,CCFX,98.72,98.66,98.79,511,504472400,19474,19550,100.05,97.68,98.865,98.815,0.0,98.755,0.0,0,0,2017-04-17,33586900,98.725,1,0,0,0,0,0,0,0,0,98.73,1,0,0,0,0,0,0,0,0
478,2017-04-17,09:19:47,400,TF1706,CCFX,98.725,98.66,98.79,512,505459650,19474,19550,100.05,97.68,98.865,98.815,0.0,98.755,0.0,0,0,2017-04-17,33587400,98.72,2,0,0,0,0,0,0,0,0,98.725,13,0,0,0,0,0,0,0,0
479,2017-04-17,09:19:47,900,TF1706,CCFX,98.725,98.66,98.79,512,505459650,19474,19550,100.05,97.68,98.865,98.815,0.0,98.755,0.0,0,0,2017-04-17,33587900,98.72,2,0,0,0,0,0,0,0,0,98.725,7,0,0,0,0,0,0,0,0
480,2017-04-17,09:19:48,400,TF1706,CCFX,98.725,98.66,98.79,512,505459650,19474,19550,100.05,97.68,98.865,98.815,0.0,98.755,0.0,0,0,2017-04-17,33588400,98.72,2,0,0,0,0,0,0,0,0,98.725,5,0,0,0,0,0,0,0,0
481,2017-04-17,09:19:49,400,TF1706,CCFX,98.725,98.66,98.79,512,505459650,19474,19550,100.05,97.68,98.865,98.815,0.0,98.755,0.0,0,0,2017-04-17,33589400,98.72,2,0,0,0,0,0,0,0,0,98.725,5,0,0,0,0,0,0,0,0
482,2017-04-17,09:19:49,900,TF1706,CCFX,98.725,98.66,98.79,512,505459650,19474,19550,100.05,97.68,98.865,98.815,0.0,98.755,0.0,0,0,2017-04-17,33589900,98.72,2,0,0,0,0,0,0,0,0,98.725,4,0,0,0,0,0,0,0,0
483,2017-04-17,09:19:50,400,TF1706,CCFX,98.725,98.66,98.79,512,505459650,19474,19550,100.05,97.68,98.865,98.815,0.0,98.755,0.0,0,0,2017-04-17,33590400,98.72,2,0,0,0,0,0,0,0,0,98.725,5,0,0,0,0,0,0,0,0
484,2017-04-17,09:19:50,900,TF1706,CCFX,98.725,98.66,98.79,513,506446900,19475,19550,100.05,97.68,98.865,98.815,0.0,98.755,0.0,0,0,2017-04-17,33590900,98.72,2,0,0,0,0,0,0,0,0,98.725,4,0,0,0,0,0,0,0,0
485,2017-04-17,09:19:51,400,TF1706,CCFX,98.72,98.66,98.79,514,507434100,19474,19550,100.05,97.68,98.865,98.815,0.0,98.755,0.0,0,0,2017-04-17,33591400,98.72,1,0,0,0,0,0,0,0,0,98.725,2,0,0,0,0,0,0,0,0
486,2017-04-17,09:19:51,900,TF1706,CCFX,98.72,98.66,98.79,514,507434100,19474,19550,100.05,97.68,98.865,98.815,0.0,98.755,0.0,0,0,2017-04-17,33591900,98.72,1,0,0,0,0,0,0,0,0,98.725,2,0,0,0,0,0,0,0,0
487,2017-04-17,09:19:52,400,TF1706,CCFX,98.72,98.66,98.79,514,507434100,19474,19550,100.05,97.68,98.865,98.815,0.0,98.755,0.0,0,0,2017-04-17,33592400,98.72,1,0,0,0,0,0,0,0,0,98.725,2,0,0,0,0,0,0,0,0
488,2017-04-17,09:19:54,400,TF1706,CCFX,98.72,98.66,98.79,514,507434100,19474,19550,100.05,97.68,98.865,98.815,0.0,98.755,0.0,0,0,2017-04-17,33594400,98.72,1,0,0,0,0,0,0,0,0,98.725,2,0,0,0,0,0,0,0,0
489,2017-04-17,09:19:54,900,TF1706,CCFX,98.72,98.66,98.79,515,508421300,19473,19550,100.05,97.68,98.865,98.815,0.0,98.755,0.0,0,0,2017-04-17,33594900,98.715,3,0,0,0,0,0,0,0,0,98.725,2,0,0,0,0,0,0,0,0
490,2017-04-17,09:19:55,400,TF1706,CCFX,98.72,98.66,98.79,515,508421300,19473,19550,100.05,97.68,98.865,98.815,0.0,98.755,0.0,0,0,2017-04-17,33595400,98.715,4,0,0,0,0,0,0,0,0,98.725,2,0,0,0,0,0,0,0,0
491,2017-04-17,09:19:55,900,TF1706,CCFX,98.72,98.66,98.79,515,508421300,19473,19550,100.05,97.68,98.865,98.815,0.0,98.755,0.0,0,0,2017-04-17,33595900,98.715,4,0,0,0,0,0,0,0,0,98.725,3,0,0,0,0,0,0,0,0
492,2017-04-17,09:19:56,400,TF1706,CCFX,98.72,98.66,98.79,515,508421300,19473,19550,100.05,97.68,98.865,98.815,0.0,98.755,0.0,0,0,2017-04-17,33596400,98.715,3,0,0,0,0,0,0,0,0,98.725,3,0,0,0,0,0,0,0,0
493,2017-04-17,09:19:56,900,TF1706,CCFX,98.715,98.66,98.79,518,511382750,19473,19550,100.05,97.68,98.865,98.815,0.0,98.755,0.0,0,0,2017-04-17,33596900,98.71,8,0,0,0,0,0,0,0,0,98.715,2,0,0,0,0,0,0,0,0
494,2017-04-17,09:19:57,400,TF1706,CCFX,98.715,98.66,98.79,520,513357050,19474,19550,100.05,97.68,98.865,98.815,0.0,98.755,0.0,0,0,2017-04-17,33597400,98.715,2,0,0,0,0,0,0,0,0,98.725,2,0,0,0,0,0,0,0,0
495,2017-04-17,09:19:57,900,TF1706,CCFX,98.72,98.66,98.79,521,514344250,19475,19550,100.05,97.68,98.865,98.815,0.0,98.755,0.0,0,0,2017-04-17,33597900,98.71,8,0,0,0,0,0,0,0,0,98.72,1,0,0,0,0,0,0,0,0
496,2017-04-17,09:19:58,400,TF1706,CCFX,98.72,98.66,98.79,521,514344250,19475,19550,100.05,97.68,98.865,98.815,0.0,98.755,0.0,0,0,2017-04-17,33598400,98.71,8,0,0,0,0,0,0,0,0,98.715,3,0,0,0,0,0,0,0,0
497,2017-04-17,09:19:58,900,TF1706,CCFX,98.715,98.66,98.79,524,517305700,19474,19550,100.05,97.68,98.865,98.815,0.0,98.755,0.0,0,0,2017-04-17,33598900,98.715,1,0,0,0,0,0,0,0,0,98.72,1,0,0,0,0,0,0,0,0
