,dataDate,dataTime,dataMillisec,instrumentID,exchangeCD,lastPrice,lowPrice,highPrice,volume,value,openInterest,preOpenInterest,upperLimitPrice,lowerLimitPrice,preSettlementPrice,prevClosePrice,settlementPrice,openPrice,closePrice,preDelta,currDelta,clearingDay,milliSecOffset,bidPrice1,bidVolume1,bidPrice2,bidVolume2,bidPrice3,bidVolume3,bidPrice4,bidVolume4,bidPrice5,bidVolume5,askPrice1,askVolume1,askPrice2,askVolume2,askPrice3,askVolume3,askPrice4,askVolume4,askPrice5,askVolume5
0,2017-04-17,08:59:00,787,v1709,XDCE,5700,5700,5700,592,16872000,153644,153966,5985,5415,5700,5665,0,5700,0,0,0,2017-04-17,32340787,5700,19,0,0,0,0,0,0,0,0,5705,111,0,0,0,0,0,0,0,0
1,2017-04-17,09:00:00,957,v1709,XDCE,5700,5700,5705,802,22857550,153820,153966,5985,5415,5700,5665,0,5700,0,0,0,2017-04-17,32400957,5695,5,0,0,0,0,0,0,0,0,5700,21,0,0,0,0,0,0,0,0
2,2017-04-17,09:00:01,469,v1709,XDCE,5695,5690,5705,878,25022500,153850,153966,5985,5415,5700,5665,0,5700,0,0,0,2017-04-17,32401469,5690,6,0,0,0,0,0,0,0,0,5695,3,0,0,0,0,0,0,0,0
3,2017-04-17,09:00:01,960,v1709,XDCE,5700,5690,5705,916,26104650,153858,153966,5985,5415,5700,5665,0,5700,0,0,0,2017-04-17,32401960,5695,1,0,0,0,0,0,0,0,0,5700,68,0,0,0,0,0,0,0,0
4,2017-04-17,09:00:02,469,v1709,XDCE,5695,5690,5705,1026,29238800,153864,153966,5985,5415,5700,5665,0,5700,0,0,0,2017-04-17,32402469,5690,23,0,0,0,0,0,0,0,0,5695,9,0,0,0,0,0,0,0,0
5,2017-04-17,09:00:02,965,v1709,XDCE,5705,5690,5705,1172,33397050,153856,153966,5985,5415,5700,5665,0,5700,0,0,0,2017-04-17,32402965,5690,8,0,0,0,0,0,0,0,0,5705,216,0,0,0,0,0,0,0,0
6,2017-04-17,09:00:03,468,v1709,XDCE,5700,5690,5705,1248,35563350,153848,153966,5985,5415,5700,5665,0,5700,0,0,0,2017-04-17,32403468,5700,10,0,0,0,0,0,0,0,0,5705,231,0,0,0,0,0,0,0,0
7,2017-04-17,09:00:03,965,v1709,XDCE,5700,5690,5705,1360,38756100,153852,153966,5985,5415,5700,5665,0,5700,0,0,0,2017-04-17,32403965,5695,37,0,0,0,0,0,0,0,0,5700,28,0,0,0,0,0,0,0,0
8,2017-04-17,09:00:04,471,v1709,XDCE,5695,5690,5705,1372,39098000,153856,153966,5985,5415,5700,5665,0,5700,0,0,0,2017-04-17,32404471,5695,31,0,0,0,0,0,0,0,0,5700,29,0,0,0,0,0,0,0,0
9,2017-04-17,09:00:04,964,v1709,XDCE,5695,5690,5705,1402,39952950,153882,153966,5985,5415,5700,5665,0,5700,0,0,0,2017-04-17,32404964,5695,42,0,0,0,0,0,0,0,0,5700,27,0,0,0,0,0,0,0,0
10,2017-04-17,09:00:05,452,v1709,XDCE,5700,5690,5705,1406,40066950,153886,153966,5985,5415,5700,5665,0,5700,0,0,0,2017-04-17,32405452,5695,43,0,0,0,0,0,0,0,0,5700,86,0,0,0,0,0,0,0,0
11,2017-04-17,09:00:05,923,v1709,XDCE,5695,5690,5705,1446,41206900,153888,153966,5985,5415,5700,5665,0,5700,0,0,0,2017-04-17,32405923,5695,53,0,0,0,0,0,0,0,0,5700,68,0,0,0,0,0,0,0,0
12,2017-04-17,09:00:06,471,v1709,XDCE,5695,5690,5705,1506,42915900,153868,153966,5985,5415,5700,5665,0,5700,0,0,0,2017-04-17,32406471,5695,44,0,0,0,0,0,0,0,0,5700,58,0,0,0,0,0,0,0,0
13,2017-04-17,09:00:06,868,v1709,XDCE,5695,5690,5705,1518,43257650,153874,153966,5985,5415,5700,5665,0,5700,0,0,0,2017-04-17,32406868,5695,39,0,0,0,0,0,0,0,0,5700,66,0,0,0,0,0,0,0,0
14,2017-04-17,09:00:07,444,v1709,XDCE,5695,5690,5705,1520,43314600,153876,153966,5985,5415,5700,5665,0,5700,0,0,0,2017-04-17,32407444,5695,46,0,0,0,0,0,0,0,0,5700,77,0,0,0,0,0,0,0,0
15,2017-04-17,09:00:07,965,v1709,XDCE,5695,5690,5705,1564,44567500,153890,153966,5985,5415,5700,5665,0,5700,0,0,0,2017-04-17,32407965,5695,27,0,0,0,0,0,0,0,0,5700,81,0,0,0,0,0,0,0,0
16,2017-04-17,09:00:08,472,v1709,XDCE,5695,5690,5705,1646,46902450,153910,153966,5985,5415,5700,5665,0,5700,0,0,0,2017-04-17,32408472,5695,12,0,0,0,0,0,0,0,0,5700,92,0,0,0,0,0,0,0,0
17,2017-04-17,09:00:08,966,v1709,XDCE,5700,5690,5705,1678,47813750,153930,153966,5985,5415,5700,5665,0,5700,0,0,0,2017-04-17,32408966,5690,150,0,0,0,0,0,0,0,0,5700,81,0,0,0,0,0,0,0,0
18,2017-04-17,09:00:09,471,v1709,XDCE,5690,5690,5705,1714,48838600,153948,153966,5985,5415,5700,5665,0,5700,0,0,0,2017-04-17,32409471,5690,145,0,0,0,0,0,0,0,0,5695,33,0,0,0,0,0,0,0,0
19,2017-04-17,09:00:09,946,v1709,XDCE,5695,5690,5705,1720,49009450,153948,153966,5985,5415,5700,5665,0,5700,0,0,0,2017-04-17,32409946,5690,152,0,0,0,0,0,0,0,0,5695,40,0,0,0,0,0,0,0,0
20,2017-04-17,09:00:10,443,v1709,XDCE,5695,5690,5705,1762,50205400,153930,153966,5985,5415,5700,5665,0,5700,0,0,0,2017-04-17,32410443,5690,153,0,0,0,0,0,0,0,0,5695,19,0,0,0,0,0,0,0,0
21,2017-04-17,09:00:10,869,v1709,XDCE,5695,5690,5705,1822,51914100,153924,153966,5985,5415,5700,5665,0,5700,0,0,0,2017-04-17,32410869,5695,1,0,0,0,0,0,0,0,0,5700,83,0,0,0,0,0,0,0,0
22,2017-04-17,09:00:11,464,v1709,XDCE,5700,5690,5705,1836,52312800,153920,153966,5985,5415,5700,5665,0,5700,0,0,0,2017-04-17,32411464,5695,5,0,0,0,0,0,0,0,0,5700,94,0,0,0,0,0,0,0,0
23,2017-04-17,09:00:11,944,v1709,XDCE,5700,5690,5705,1918,54649300,153940,153966,5985,5415,5700,5665,0,5700,0,0,0,2017-04-17,32411944,5690,162,0,0,0,0,0,0,0,0,5700,63,0,0,0,0,0,0,0,0
24,2017-04-17,09:00:12,463,v1709,XDCE,5695,5690,5705,1926,54877100,153946,153966,5985,5415,5700,5665,0,5700,0,0,0,2017-04-17,32412463,5690,163,0,0,0,0,0,0,0,0,5695,11,0,0,0,0,0,0,0,0
25,2017-04-17,09:00:12,956,v1709,XDCE,5695,5690,5705,1934,55104900,153948,153966,5985,5415,5700,5665,0,5700,0,0,0,2017-04-17,32412956,5690,157,0,0,0,0,0,0,0,0,5695,11,0,0,0,0,0,0,0,0
26,2017-04-17,09:00:13,462,v1709,XDCE,5695,5690,5705,1940,55275700,153950,153966,5985,5415,5700,5665,0,5700,0,0,0,2017-04-17,32413462,5690,158,0,0,0,0,0,0,0,0,5695,13,0,0,0,0,0,0,0,0
27,2017-04-17,09:00:13,969,v1709,XDCE,5695,5690,5705,1942,55332650,153950,153966,5985,5415,5700,5665,0,5700,0,0,0,2017-04-17,32413969,5690,156,0,0,0,0,0,0,0,0,5695,14,0,0,0,0,0,0,0,0
28,2017-04-17,09:00:14,466,v1709,XDCE,5690,5690,5705,1950,55560250,153948,153966,5985,5415,5700,5665,0,5700,0,0,0,2017-04-17,32414466,5690,152,0,0,0,0,0,0,0,0,5695,15,0,0,0,0,0,0,0,0
29,2017-04-17,09:00:14,963,v1709,XDCE,5695,5690,5705,1954,55674100,153950,153966,5985,5415,5700,5665,0,5700,0,0,0,2017-04-17,32414963,5690,149,0,0,0,0,0,0,0,0,5695,21,0,0,0,0,0,0,0,0
30,2017-04-17,09:00:15,435,v1709,XDCE,5695,5690,5705,1980,56414450,153968,153966,5985,5415,5700,5665,0,5700,0,0,0,2017-04-17,32415435,5690,151,0,0,0,0,0,0,0,0,5695,12,0,0,0,0,0,0,0,0
31,2017-04-17,09:00:15,971,v1709,XDCE,5690,5690,5705,1992,56756100,153964,153966,5985,5415,5700,5665,0,5700,0,0,0,2017-04-17,32415971,5690,151,0,0,0,0,0,0,0,0,5695,7,0,0,0,0,0,0,0,0
32,2017-04-17,09:00:16,410,v1709,XDCE,5695,5690,5705,1994,56813050,153964,153966,5985,5415,5700,5665,0,5700,0,0,0,2017-04-17,32416410,5690,155,0,0,0,0,0,0,0,0,5695,6,0,0,0,0,0,0,0,0
33,2017-04-17,09:00:16,870,v1709,XDCE,5695,5690,5705,2010,57268500,153962,153966,5985,5415,5700,5665,0,5700,0,0,0,2017-04-17,32416870,5690,156,0,0,0,0,0,0,0,0,5695,23,0,0,0,0,0,0,0,0
34,2017-04-17,09:00:17,435,v1709,XDCE,5695,5690,5705,2022,57609950,153968,153966,5985,5415,5700,5665,0,5700,0,0,0,2017-04-17,32417435,5690,152,0,0,0,0,0,0,0,0,5695,23,0,0,0,0,0,0,0,0
35,2017-04-17,09:00:17,940,v1709,XDCE,5690,5690,5705,2026,57723750,153972,153966,5985,5415,5700,5665,0,5700,0,0,0,2017-04-17,32417940,5690,150,0,0,0,0,0,0,0,0,5695,28,0,0,0,0,0,0,0,0
36,2017-04-17,09:00:18,447,v1709,XDCE,5695,5690,5705,2060,58691100,154004,153966,5985,5415,5700,5665,0,5700,0,0,0,2017-04-17,32418447,5690,135,0,0,0,0,0,0,0,0,5695,29,0,0,0,0,0,0,0,0
37,2017-04-17,09:00:18,946,v1709,XDCE,5690,5690,5705,2316,65974300,154096,153966,5985,5415,5700,5665,0,5700,0,0,0,2017-04-17,32418946,5690,5,0,0,0,0,0,0,0,0,5695,57,0,0,0,0,0,0,0,0
38,2017-04-17,09:00:19,458,v1709,XDCE,5690,5690,5705,2336,66543300,154100,153966,5985,5415,5700,5665,0,5700,0,0,0,2017-04-17,32419458,5685,43,0,0,0,0,0,0,0,0,5690,42,0,0,0,0,0,0,0,0
39,2017-04-17,09:00:19,949,v1709,XDCE,5690,5685,5705,2384,67908150,154098,153966,5985,5415,5700,5665,0,5700,0,0,0,2017-04-17,32419949,5685,21,0,0,0,0,0,0,0,0,5690,38,0,0,0,0,0,0,0,0
40,2017-04-17,09:00:20,426,v1709,XDCE,5690,5685,5705,2384,67908150,154098,153966,5985,5415,5700,5665,0,5700,0,0,0,2017-04-17,32420426,5685,20,0,0,0,0,0,0,0,0,5690,42,0,0,0,0,0,0,0,0
41,2017-04-17,09:00:20,968,v1709,XDCE,5685,5685,5705,2386,67965000,154100,153966,5985,5415,5700,5665,0,5700,0,0,0,2017-04-17,32420968,5685,31,0,0,0,0,0,0,0,0,5690,46,0,0,0,0,0,0,0,0
42,2017-04-17,09:00:21,450,v1709,XDCE,5685,5685,5705,2386,67965000,154100,153966,5985,5415,5700,5665,0,5700,0,0,0,2017-04-17,32421450,5685,31,0,0,0,0,0,0,0,0,5690,35,0,0,0,0,0,0,0,0
43,2017-04-17,09:00:21,963,v1709,XDCE,5690,5685,5705,2410,68647250,154116,153966,5985,5415,5700,5665,0,5700,0,0,0,2017-04-17,32421963,5685,25,0,0,0,0,0,0,0,0,5690,35,0,0,0,0,0,0,0,0
44,2017-04-17,09:00:22,468,v1709,XDCE,5690,5685,5705,2412,68704150,154116,153966,5985,5415,5700,5665,0,5700,0,0,0,2017-04-17,32422468,5685,25,0,0,0,0,0,0,0,0,5690,35,0,0,0,0,0,0,0,0
45,2017-04-17,09:00:22,942,v1709,XDCE,5685,5685,5705,2422,68988400,154118,153966,5985,5415,5700,5665,0,5700,0,0,0,2017-04-17,32422942,5685,19,0,0,0,0,0,0,0,0,5690,35,0,0,0,0,0,0,0,0
46,2017-04-17,09:00:23,968,v1709,XDCE,5685,5685,5705,2422,68988400,154118,153966,5985,5415,5700,5665,0,5700,0,0,0,2017-04-17,32423968,5685,40,0,0,0,0,0,0,0,0,5690,40,0,0,0,0,0,0,0,0
47,2017-04-17,09:00:24,467,v1709,XDCE,5690,5685,5705,2426,69102150,154116,153966,5985,5415,5700,5665,0,5700,0,0,0,2017-04-17,32424467,5685,39,0,0,0,0,0,0,0,0,5690,44,0,0,0,0,0,0,0,0
48,2017-04-17,09:00:24,962,v1709,XDCE,5685,5685,5705,2434,69329550,154118,153966,5985,5415,5700,5665,0,5700,0,0,0,2017-04-17,32424962,5685,35,0,0,0,0,0,0,0,0,5690,63,0,0,0,0,0,0,0,0
49,2017-04-17,09:00:25,470,v1709,XDCE,5685,5685,5705,2458,70011750,154118,153966,5985,5415,5700,5665,0,5700,0,0,0,2017-04-17,32425470,5685,27,0,0,0,0,0,0,0,0,5690,63,0,0,0,0,0,0,0,0
50,2017-04-17,09:00:25,837,v1709,XDCE,5685,5685,5705,2468,70296100,154118,153966,5985,5415,5700,5665,0,5700,0,0,0,2017-04-17,32425837,5685,25,0,0,0,0,0,0,0,0,5690,58,0,0,0,0,0,0,0,0
51,2017-04-17,09:00:26,339,v1709,XDCE,5685,5685,5705,2470,70352950,154120,153966,5985,5415,5700,5665,0,5700,0,0,0,2017-04-17,32426339,5685,23,0,0,0,0,0,0,0,0,5690,61,0,0,0,0,0,0,0,0
52,2017-04-17,09:00:26,969,v1709,XDCE,5685,5685,5705,2474,70466650,154124,153966,5985,5415,5700,5665,0,5700,0,0,0,2017-04-17,32426969,5685,21,0,0,0,0,0,0,0,0,5690,81,0,0,0,0,0,0,0,0
53,2017-04-17,09:00:27,440,v1709,XDCE,5685,5685,5705,2474,70466650,154124,153966,5985,5415,5700,5665,0,5700,0,0,0,2017-04-17,32427440,5685,20,0,0,0,0,0,0,0,0,5690,81,0,0,0,0,0,0,0,0
54,2017-04-17,09:00:27,959,v1709,XDCE,5685,5685,5705,2484,70750900,154132,153966,5985,5415,5700,5665,0,5700,0,0,0,2017-04-17,32427959,5685,15,0,0,0,0,0,0,0,0,5690,81,0,0,0,0,0,0,0,0
55,2017-04-17,09:00:28,428,v1709,XDCE,5685,5685,5705,2494,71035200,154142,153966,5985,5415,5700,5665,0,5700,0,0,0,2017-04-17,32428428,5685,13,0,0,0,0,0,0,0,0,5690,80,0,0,0,0,0,0,0,0
56,2017-04-17,09:00:28,934,v1709,XDCE,5685,5685,5705,2522,71831150,154166,153966,5985,5415,5700,5665,0,5700,0,0,0,2017-04-17,32428934,5680,237,0,0,0,0,0,0,0,0,5685,3,0,0,0,0,0,0,0,0
57,2017-04-17,09:00:29,417,v1709,XDCE,5690,5685,5705,2532,72115450,154174,153966,5985,5415,5700,5665,0,5700,0,0,0,2017-04-17,32429417,5685,14,0,0,0,0,0,0,0,0,5690,124,0,0,0,0,0,0,0,0
58,2017-04-17,09:00:29,914,v1709,XDCE,5685,5685,5705,2544,72456550,154182,153966,5985,5415,5700,5665,0,5700,0,0,0,2017-04-17,32429914,5680,233,0,0,0,0,0,0,0,0,5685,21,0,0,0,0,0,0,0,0
59,2017-04-17,09:00:30,466,v1709,XDCE,5685,5685,5705,2580,73479850,154190,153966,5985,5415,5700,5665,0,5700,0,0,0,2017-04-17,32430466,5685,15,0,0,0,0,0,0,0,0,5690,125,0,0,0,0,0,0,0,0
60,2017-04-17,09:00:30,939,v1709,XDCE,5685,5685,5705,2592,73820950,154196,153966,5985,5415,5700,5665,0,5700,0,0,0,2017-04-17,32430939,5685,18,0,0,0,0,0,0,0,0,5690,129,0,0,0,0,0,0,0,0
61,2017-04-17,09:00:31,460,v1709,XDCE,5685,5685,5705,2630,74901400,154218,153966,5985,5415,5700,5665,0,5700,0,0,0,2017-04-17,32431460,5685,8,0,0,0,0,0,0,0,0,5690,123,0,0,0,0,0,0,0,0
62,2017-04-17,09:00:31,965,v1709,XDCE,5685,5685,5705,2630,74901400,154218,153966,5985,5415,5700,5665,0,5700,0,0,0,2017-04-17,32431965,5685,8,0,0,0,0,0,0,0,0,5690,124,0,0,0,0,0,0,0,0
63,2017-04-17,09:00:32,457,v1709,XDCE,5680,5680,5705,2668,75981100,154236,153966,5985,5415,5700,5665,0,5700,0,0,0,2017-04-17,32432457,5680,226,0,0,0,0,0,0,0,0,5685,15,0,0,0,0,0,0,0,0
64,2017-04-17,09:00:32,940,v1709,XDCE,5680,5680,5705,2670,76037900,154238,153966,5985,5415,5700,5665,0,5700,0,0,0,2017-04-17,32432940,5680,215,0,0,0,0,0,0,0,0,5685,20,0,0,0,0,0,0,0,0
65,2017-04-17,09:00:33,370,v1709,XDCE,5685,5680,5705,2672,76094750,154238,153966,5985,5415,5700,5665,0,5700,0,0,0,2017-04-17,32433370,5680,219,0,0,0,0,0,0,0,0,5685,22,0,0,0,0,0,0,0,0
66,2017-04-17,09:00:33,953,v1709,XDCE,5680,5680,5705,2716,77345350,154250,153966,5985,5415,5700,5665,0,5700,0,0,0,2017-04-17,32433953,5680,217,0,0,0,0,0,0,0,0,5685,19,0,0,0,0,0,0,0,0
67,2017-04-17,09:00:34,470,v1709,XDCE,5685,5680,5705,2738,77970700,154252,153966,5985,5415,5700,5665,0,5700,0,0,0,2017-04-17,32434470,5680,217,0,0,0,0,0,0,0,0,5685,13,0,0,0,0,0,0,0,0
68,2017-04-17,09:00:34,939,v1709,XDCE,5685,5680,5705,2764,78709750,154260,153966,5985,5415,5700,5665,0,5700,0,0,0,2017-04-17,32434939,5685,12,0,0,0,0,0,0,0,0,5690,124,0,0,0,0,0,0,0,0
69,2017-04-17,09:00:35,459,v1709,XDCE,5685,5680,5705,2768,78823450,154260,153966,5985,5415,5700,5665,0,5700,0,0,0,2017-04-17,32435459,5685,16,0,0,0,0,0,0,0,0,5690,124,0,0,0,0,0,0,0,0
70,2017-04-17,09:00:35,874,v1709,XDCE,5685,5680,5705,2788,79391950,154276,153966,5985,5415,5700,5665,0,5700,0,0,0,2017-04-17,32435874,5685,13,0,0,0,0,0,0,0,0,5690,124,0,0,0,0,0,0,0,0
71,2017-04-17,09:00:36,461,v1709,XDCE,5685,5680,5705,2788,79391950,154276,153966,5985,5415,5700,5665,0,5700,0,0,0,2017-04-17,32436461,5685,20,0,0,0,0,0,0,0,0,5690,124,0,0,0,0,0,0,0,0
72,2017-04-17,09:00:36,952,v1709,XDCE,5685,5680,5705,2790,79448800,154274,153966,5985,5415,5700,5665,0,5700,0,0,0,2017-04-17,32436952,5685,20,0,0,0,0,0,0,0,0,5690,124,0,0,0,0,0,0,0,0
73,2017-04-17,09:00:37,406,v1709,XDCE,5685,5680,5705,2790,79448800,154274,153966,5985,5415,5700,5665,0,5700,0,0,0,2017-04-17,32437406,5685,22,0,0,0,0,0,0,0,0,5690,124,0,0,0,0,0,0,0,0
74,2017-04-17,09:00:37,959,v1709,XDCE,5690,5680,5705,2814,80131050,154294,153966,5985,5415,5700,5665,0,5700,0,0,0,2017-04-17,32437959,5685,16,0,0,0,0,0,0,0,0,5690,123,0,0,0,0,0,0,0,0
75,2017-04-17,09:00:38,433,v1709,XDCE,5690,5680,5705,2818,80244850,154292,153966,5985,5415,5700,5665,0,5700,0,0,0,2017-04-17,32438433,5685,18,0,0,0,0,0,0,0,0,5690,117,0,0,0,0,0,0,0,0
76,2017-04-17,09:00:38,934,v1709,XDCE,5685,5680,5705,2824,80415400,154292,153966,5985,5415,5700,5665,0,5700,0,0,0,2017-04-17,32438934,5685,65,0,0,0,0,0,0,0,0,5690,116,0,0,0,0,0,0,0,0
77,2017-04-17,09:00:39,439,v1709,XDCE,5685,5680,5705,2878,81950350,154286,153966,5985,5415,5700,5665,0,5700,0,0,0,2017-04-17,32439439,5685,49,0,0,0,0,0,0,0,0,5690,118,0,0,0,0,0,0,0,0
78,2017-04-17,09:00:39,908,v1709,XDCE,5690,5680,5705,2886,82177900,154294,153966,5985,5415,5700,5665,0,5700,0,0,0,2017-04-17,32439908,5685,67,0,0,0,0,0,0,0,0,5690,115,0,0,0,0,0,0,0,0
79,2017-04-17,09:00:40,468,v1709,XDCE,5690,5680,5705,2886,82177900,154294,153966,5985,5415,5700,5665,0,5700,0,0,0,2017-04-17,32440468,5685,76,0,0,0,0,0,0,0,0,5690,115,0,0,0,0,0,0,0,0
80,2017-04-17,09:00:40,939,v1709,XDCE,5690,5680,5705,2886,82177900,154294,153966,5985,5415,5700,5665,0,5700,0,0,0,2017-04-17,32440939,5685,79,0,0,0,0,0,0,0,0,5690,119,0,0,0,0,0,0,0,0
81,2017-04-17,09:00:41,466,v1709,XDCE,5685,5680,5705,2890,82291600,154294,153966,5985,5415,5700,5665,0,5700,0,0,0,2017-04-17,32441466,5685,80,0,0,0,0,0,0,0,0,5690,119,0,0,0,0,0,0,0,0
82,2017-04-17,09:00:41,916,v1709,XDCE,5685,5680,5705,2896,82462150,154300,153966,5985,5415,5700,5665,0,5700,0,0,0,2017-04-17,32441916,5685,77,0,0,0,0,0,0,0,0,5690,119,0,0,0,0,0,0,0,0
83,2017-04-17,09:00:42,461,v1709,XDCE,5685,5680,5705,2926,83314900,154322,153966,5985,5415,5700,5665,0,5700,0,0,0,2017-04-17,32442461,5685,92,0,0,0,0,0,0,0,0,5690,119,0,0,0,0,0,0,0,0
84,2017-04-17,09:00:42,859,v1709,XDCE,5690,5680,5705,2928,83371800,154324,153966,5985,5415,5700,5665,0,5700,0,0,0,2017-04-17,32442859,5685,97,0,0,0,0,0,0,0,0,5690,119,0,0,0,0,0,0,0,0
85,2017-04-17,09:00:43,393,v1709,XDCE,5690,5680,5705,2932,83485600,154326,153966,5985,5415,5700,5665,0,5700,0,0,0,2017-04-17,32443393,5685,101,0,0,0,0,0,0,0,0,5690,120,0,0,0,0,0,0,0,0
86,2017-04-17,09:00:43,940,v1709,XDCE,5690,5680,5705,2944,83827000,154326,153966,5985,5415,5700,5665,0,5700,0,0,0,2017-04-17,32443940,5685,106,0,0,0,0,0,0,0,0,5690,113,0,0,0,0,0,0,0,0
87,2017-04-17,09:00:44,427,v1709,XDCE,5690,5680,5705,2944,83827000,154326,153966,5985,5415,5700,5665,0,5700,0,0,0,2017-04-17,32444427,5685,98,0,0,0,0,0,0,0,0,5690,113,0,0,0,0,0,0,0,0
88,2017-04-17,09:00:44,921,v1709,XDCE,5690,5680,5705,2966,84452850,154332,153966,5985,5415,5700,5665,0,5700,0,0,0,2017-04-17,32444921,5685,96,0,0,0,0,0,0,0,0,5690,104,0,0,0,0,0,0,0,0
89,2017-04-17,09:00:45,443,v1709,XDCE,5690,5680,5705,2966,84452850,154332,153966,5985,5415,5700,5665,0,5700,0,0,0,2017-04-17,32445443,5685,96,0,0,0,0,0,0,0,0,5690,105,0,0,0,0,0,0,0,0
90,2017-04-17,09:00:45,920,v1709,XDCE,5690,5680,5705,3044,86670450,154406,153966,5985,5415,5700,5665,0,5700,0,0,0,2017-04-17,32445920,5685,66,0,0,0,0,0,0,0,0,5690,99,0,0,0,0,0,0,0,0
91,2017-04-17,09:00:46,468,v1709,XDCE,5690,5680,5705,3044,86670450,154406,153966,5985,5415,5700,5665,0,5700,0,0,0,2017-04-17,32446468,5685,66,0,0,0,0,0,0,0,0,5690,110,0,0,0,0,0,0,0,0
92,2017-04-17,09:00:46,913,v1709,XDCE,5690,5680,5705,3068,87353150,154394,153966,5985,5415,5700,5665,0,5700,0,0,0,2017-04-17,32446913,5685,64,0,0,0,0,0,0,0,0,5690,110,0,0,0,0,0,0,0,0
93,2017-04-17,09:00:47,954,v1709,XDCE,5690,5680,5705,3068,87353150,154394,153966,5985,5415,5700,5665,0,5700,0,0,0,2017-04-17,32447954,5685,64,0,0,0,0,0,0,0,0,5690,114,0,0,0,0,0,0,0,0
94,2017-04-17,09:00:48,444,v1709,XDCE,5685,5680,5705,3090,87978500,154402,153966,5985,5415,5700,5665,0,5700,0,0,0,2017-04-17,32448444,5685,54,0,0,0,0,0,0,0,0,5690,119,0,0,0,0,0,0,0,0
95,2017-04-17,09:00:48,804,v1709,XDCE,5685,5680,5705,3096,88149150,154402,153966,5985,5415,5700,5665,0,5700,0,0,0,2017-04-17,32448804,5685,55,0,0,0,0,0,0,0,0,5690,116,0,0,0,0,0,0,0,0
96,2017-04-17,09:00:49,467,v1709,XDCE,5690,5680,5705,3098,88206050,154404,153966,5985,5415,5700,5665,0,5700,0,0,0,2017-04-17,32449467,5685,55,0,0,0,0,0,0,0,0,5690,115,0,0,0,0,0,0,0,0
97,2017-04-17,09:00:49,939,v1709,XDCE,5685,5680,5705,3100,88262900,154404,153966,5985,5415,5700,5665,0,5700,0,0,0,2017-04-17,32449939,5685,69,0,0,0,0,0,0,0,0,5690,115,0,0,0,0,0,0,0,0
98,2017-04-17,09:00:50,435,v1709,XDCE,5685,5680,5705,3104,88376650,154406,153966,5985,5415,5700,5665,0,5700,0,0,0,2017-04-17,32450435,5685,69,0,0,0,0,0,0,0,0,5690,121,0,0,0,0,0,0,0,0
99,2017-04-17,09:00:50,878,v1709,XDCE,5685,5680,5705,3104,88376650,154406,153966,5985,5415,5700,5665,0,5700,0,0,0,2017-04-17,32450878,5685,59,0,0,0,0,0,0,0,0,5690,182,0,0,0,0,0,0,0,0
100,2017-04-17,09:00:51,359,v1709,XDCE,5685,5680,5705,3106,88433500,154406,153966,5985,5415,5700,5665,0,5700,0,0,0,2017-04-17,32451359,5685,75,0,0,0,0,0,0,0,0,5690,188,0,0,0,0,0,0,0,0
101,2017-04-17,09:00:51,967,v1709,XDCE,5695,5680,5705,3516,100098900,154618,153966,5985,5415,5700,5665,0,5700,0,0,0,2017-04-17,32451967,5690,10,0,0,0,0,0,0,0,0,5695,71,0,0,0,0,0,0,0,0
102,2017-04-17,09:00:52,437,v1709,XDCE,5685,5680,5705,3944,112261250,154620,153966,5985,5415,5700,5665,0,5700,0,0,0,2017-04-17,32452437,5680,114,0,0,0,0,0,0,0,0,5685,126,0,0,0,0,0,0,0,0
103,2017-04-17,09:00:52,766,v1709,XDCE,5680,5680,5705,3954,112545250,154630,153966,5985,5415,5700,5665,0,5700,0,0,0,2017-04-17,32452766,5680,108,0,0,0,0,0,0,0,0,5685,150,0,0,0,0,0,0,0,0
104,2017-04-17,09:00:53,451,v1709,XDCE,5680,5680,5705,3982,113340450,154658,153966,5985,5415,5700,5665,0,5700,0,0,0,2017-04-17,32453451,5680,94,0,0,0,0,0,0,0,0,5685,166,0,0,0,0,0,0,0,0
105,2017-04-17,09:00:53,971,v1709,XDCE,5680,5680,5705,4154,118225350,154768,153966,5985,5415,5700,5665,0,5700,0,0,0,2017-04-17,32453971,5675,72,0,0,0,0,0,0,0,0,5680,14,0,0,0,0,0,0,0,0
106,2017-04-17,09:00:54,464,v1709,XDCE,5675,5675,5705,4190,119246850,154782,153966,5985,5415,5700,5665,0,5700,0,0,0,2017-04-17,32454464,5675,63,0,0,0,0,0,0,0,0,5680,57,0,0,0,0,0,0,0,0
107,2017-04-17,09:00:54,947,v1709,XDCE,5675,5675,5705,4332,123276100,154844,153966,5985,5415,5700,5665,0,5700,0,0,0,2017-04-17,32454947,5670,75,0,0,0,0,0,0,0,0,5675,31,0,0,0,0,0,0,0,0
108,2017-04-17,09:00:55,431,v1709,XDCE,5675,5675,5705,4408,125432650,154842,153966,5985,5415,5700,5665,0,5700,0,0,0,2017-04-17,32455431,5675,7,0,0,0,0,0,0,0,0,5680,71,0,0,0,0,0,0,0,0
109,2017-04-17,09:00:55,948,v1709,XDCE,5680,5675,5705,4418,125716450,154836,153966,5985,5415,5700,5665,0,5700,0,0,0,2017-04-17,32455948,5675,15,0,0,0,0,0,0,0,0,5680,72,0,0,0,0,0,0,0,0
110,2017-04-17,09:00:56,435,v1709,XDCE,5680,5675,5705,4424,125886850,154836,153966,5985,5415,5700,5665,0,5700,0,0,0,2017-04-17,32456435,5675,34,0,0,0,0,0,0,0,0,5680,69,0,0,0,0,0,0,0,0
111,2017-04-17,09:00:56,878,v1709,XDCE,5680,5675,5705,4426,125943650,154838,153966,5985,5415,5700,5665,0,5700,0,0,0,2017-04-17,32456878,5675,42,0,0,0,0,0,0,0,0,5680,68,0,0,0,0,0,0,0,0
112,2017-04-17,09:00:57,329,v1709,XDCE,5675,5675,5705,4476,127362500,154848,153966,5985,5415,5700,5665,0,5700,0,0,0,2017-04-17,32457329,5675,25,0,0,0,0,0,0,0,0,5680,56,0,0,0,0,0,0,0,0
113,2017-04-17,09:00:57,883,v1709,XDCE,5675,5675,5705,4480,127476000,154844,153966,5985,5415,5700,5665,0,5700,0,0,0,2017-04-17,32457883,5675,24,0,0,0,0,0,0,0,0,5680,56,0,0,0,0,0,0,0,0
114,2017-04-17,09:00:58,371,v1709,XDCE,5675,5675,5705,4524,128724500,154802,153966,5985,5415,5700,5665,0,5700,0,0,0,2017-04-17,32458371,5670,85,0,0,0,0,0,0,0,0,5675,102,0,0,0,0,0,0,0,0
115,2017-04-17,09:00:58,971,v1709,XDCE,5675,5675,5705,4528,128838000,154798,153966,5985,5415,5700,5665,0,5700,0,0,0,2017-04-17,32458971,5670,87,0,0,0,0,0,0,0,0,5675,108,0,0,0,0,0,0,0,0
116,2017-04-17,09:00:59,451,v1709,XDCE,5675,5675,5705,4530,128894750,154798,153966,5985,5415,5700,5665,0,5700,0,0,0,2017-04-17,32459451,5670,87,0,0,0,0,0,0,0,0,5675,107,0,0,0,0,0,0,0,0
117,2017-04-17,09:00:59,919,v1709,XDCE,5670,5670,5705,4546,129348450,154798,153966,5985,5415,5700,5665,0,5700,0,0,0,2017-04-17,32459919,5670,81,0,0,0,0,0,0,0,0,5675,113,0,0,0,0,0,0,0,0
118,2017-04-17,09:01:00,301,v1709,XDCE,5675,5670,5705,4562,129802450,154798,153966,5985,5415,5700,5665,0,5700,0,0,0,2017-04-17,32460301,5670,67,0,0,0,0,0,0,0,0,5675,116,0,0,0,0,0,0,0,0
119,2017-04-17,09:01:00,921,v1709,XDCE,5670,5670,5705,4684,133261200,154892,153966,5985,5415,5700,5665,0,5700,0,0,0,2017-04-17,32460921,5665,11,0,0,0,0,0,0,0,0,5675,118,0,0,0,0,0,0,0,0
120,2017-04-17,09:01:01,446,v1709,XDCE,5670,5670,5705,4710,133998350,154888,153966,5985,5415,5700,5665,0,5700,0,0,0,2017-04-17,32461446,5665,40,0,0,0,0,0,0,0,0,5670,3,0,0,0,0,0,0,0,0
121,2017-04-17,09:01:01,963,v1709,XDCE,5665,5665,5705,4752,135188250,154902,153966,5985,5415,5700,5665,0,5700,0,0,0,2017-04-17,32461963,5665,22,0,0,0,0,0,0,0,0,5670,23,0,0,0,0,0,0,0,0
122,2017-04-17,09:01:02,463,v1709,XDCE,5670,5665,5705,4814,136944500,154906,153966,5985,5415,5700,5665,0,5700,0,0,0,2017-04-17,32462463,5665,5,0,0,0,0,0,0,0,0,5670,53,0,0,0,0,0,0,0,0
123,2017-04-17,09:01:02,942,v1709,XDCE,5670,5665,5705,4816,137001200,154904,153966,5985,5415,5700,5665,0,5700,0,0,0,2017-04-17,32462942,5665,9,0,0,0,0,0,0,0,0,5670,53,0,0,0,0,0,0,0,0
124,2017-04-17,09:01:03,461,v1709,XDCE,5665,5665,5705,4866,138417800,154938,153966,5985,5415,5700,5665,0,5700,0,0,0,2017-04-17,32463461,5660,36,0,0,0,0,0,0,0,0,5665,7,0,0,0,0,0,0,0,0
125,2017-04-17,09:01:03,966,v1709,XDCE,5660,5660,5705,4954,140908600,154946,153966,5985,5415,5700,5665,0,5700,0,0,0,2017-04-17,32463966,5655,69,0,0,0,0,0,0,0,0,5660,53,0,0,0,0,0,0,0,0
126,2017-04-17,09:01:04,459,v1709,XDCE,5660,5655,5705,4976,141531050,154946,153966,5985,5415,5700,5665,0,5700,0,0,0,2017-04-17,32464459,5655,65,0,0,0,0,0,0,0,0,5660,47,0,0,0,0,0,0,0,0
127,2017-04-17,09:01:04,900,v1709,XDCE,5655,5655,5705,4984,141757300,154952,153966,5985,5415,5700,5665,0,5700,0,0,0,2017-04-17,32464900,5655,66,0,0,0,0,0,0,0,0,5660,46,0,0,0,0,0,0,0,0
128,2017-04-17,09:01:05,471,v1709,XDCE,5670,5655,5705,5260,149575300,155064,153966,5985,5415,5700,5665,0,5700,0,0,0,2017-04-17,32465471,5670,65,0,0,0,0,0,0,0,0,5675,47,0,0,0,0,0,0,0,0
129,2017-04-17,09:01:05,928,v1709,XDCE,5675,5655,5705,5442,154739500,155098,153966,5985,5415,5700,5665,0,5700,0,0,0,2017-04-17,32465928,5675,35,0,0,0,0,0,0,0,0,5680,51,0,0,0,0,0,0,0,0
130,2017-04-17,09:01:06,425,v1709,XDCE,5675,5655,5705,5486,155988200,155124,153966,5985,5415,5700,5665,0,5700,0,0,0,2017-04-17,32466425,5675,50,0,0,0,0,0,0,0,0,5680,51,0,0,0,0,0,0,0,0
131,2017-04-17,09:01:06,941,v1709,XDCE,5680,5655,5705,5490,156101750,155126,153966,5985,5415,5700,5665,0,5700,0,0,0,2017-04-17,32466941,5675,51,0,0,0,0,0,0,0,0,5680,49,0,0,0,0,0,0,0,0
132,2017-04-17,09:01:07,396,v1709,XDCE,5680,5655,5705,5492,156158550,155126,153966,5985,5415,5700,5665,0,5700,0,0,0,2017-04-17,32467396,5675,55,0,0,0,0,0,0,0,0,5680,48,0,0,0,0,0,0,0,0
133,2017-04-17,09:01:07,963,v1709,XDCE,5675,5655,5705,5496,156272100,155128,153966,5985,5415,5700,5665,0,5700,0,0,0,2017-04-17,32467963,5675,54,0,0,0,0,0,0,0,0,5680,42,0,0,0,0,0,0,0,0
134,2017-04-17,09:01:08,470,v1709,XDCE,5675,5655,5705,5504,156499250,155136,153966,5985,5415,5700,5665,0,5700,0,0,0,2017-04-17,32468470,5675,54,0,0,0,0,0,0,0,0,5680,36,0,0,0,0,0,0,0,0
135,2017-04-17,09:01:08,912,v1709,XDCE,5675,5655,5705,5506,156556000,155138,153966,5985,5415,5700,5665,0,5700,0,0,0,2017-04-17,32468912,5675,53,0,0,0,0,0,0,0,0,5680,38,0,0,0,0,0,0,0,0
136,2017-04-17,09:01:09,391,v1709,XDCE,5675,5655,5705,5554,157918050,155184,153966,5985,5415,5700,5665,0,5700,0,0,0,2017-04-17,32469391,5675,30,0,0,0,0,0,0,0,0,5680,37,0,0,0,0,0,0,0,0
137,2017-04-17,09:01:09,955,v1709,XDCE,5675,5655,5705,5556,157974800,155186,153966,5985,5415,5700,5665,0,5700,0,0,0,2017-04-17,32469955,5675,32,0,0,0,0,0,0,0,0,5680,39,0,0,0,0,0,0,0,0
138,2017-04-17,09:01:10,443,v1709,XDCE,5675,5655,5705,5556,157974800,155186,153966,5985,5415,5700,5665,0,5700,0,0,0,2017-04-17,32470443,5675,33,0,0,0,0,0,0,0,0,5680,39,0,0,0,0,0,0,0,0
139,2017-04-17,09:01:10,955,v1709,XDCE,5675,5655,5705,5564,158201950,155190,153966,5985,5415,5700,5665,0,5700,0,0,0,2017-04-17,32470955,5675,32,0,0,0,0,0,0,0,0,5680,36,0,0,0,0,0,0,0,0
140,2017-04-17,09:01:11,462,v1709,XDCE,5680,5655,5705,5566,158258750,155190,153966,5985,5415,5700,5665,0,5700,0,0,0,2017-04-17,32471462,5675,245,0,0,0,0,0,0,0,0,5680,35,0,0,0,0,0,0,0,0
141,2017-04-17,09:01:11,921,v1709,XDCE,5680,5655,5705,5618,159735550,155184,153966,5985,5415,5700,5665,0,5700,0,0,0,2017-04-17,32471921,5680,20,0,0,0,0,0,0,0,0,5685,49,0,0,0,0,0,0,0,0
142,2017-04-17,09:01:12,468,v1709,XDCE,5685,5655,5705,5630,160076600,155178,153966,5985,5415,5700,5665,0,5700,0,0,0,2017-04-17,32472468,5680,26,0,0,0,0,0,0,0,0,5685,43,0,0,0,0,0,0,0,0
143,2017-04-17,09:01:12,956,v1709,XDCE,5685,5655,5705,5632,160133450,155180,153966,5985,5415,5700,5665,0,5700,0,0,0,2017-04-17,32472956,5680,35,0,0,0,0,0,0,0,0,5685,43,0,0,0,0,0,0,0,0
144,2017-04-17,09:01:13,453,v1709,XDCE,5685,5655,5705,5634,160190300,155180,153966,5985,5415,5700,5665,0,5700,0,0,0,2017-04-17,32473453,5680,40,0,0,0,0,0,0,0,0,5685,42,0,0,0,0,0,0,0,0
145,2017-04-17,09:01:13,936,v1709,XDCE,5680,5655,5705,5636,160247100,155178,153966,5985,5415,5700,5665,0,5700,0,0,0,2017-04-17,32473936,5680,42,0,0,0,0,0,0,0,0,5685,41,0,0,0,0,0,0,0,0
146,2017-04-17,09:01:14,422,v1709,XDCE,5685,5655,5705,5760,163771750,155106,153966,5985,5415,5700,5665,0,5700,0,0,0,2017-04-17,32474422,5685,40,0,0,0,0,0,0,0,0,5690,35,0,0,0,0,0,0,0,0
147,2017-04-17,09:01:14,939,v1709,XDCE,5685,5655,5705,5780,164340250,155096,153966,5985,5415,5700,5665,0,5700,0,0,0,2017-04-17,32474939,5685,34,0,0,0,0,0,0,0,0,5690,40,0,0,0,0,0,0,0,0
148,2017-04-17,09:01:15,471,v1709,XDCE,5685,5655,5705,5890,167467000,155090,153966,5985,5415,5700,5665,0,5700,0,0,0,2017-04-17,32475471,5680,70,0,0,0,0,0,0,0,0,5685,14,0,0,0,0,0,0,0,0
149,2017-04-17,09:01:15,922,v1709,XDCE,5685,5655,5705,5894,167580650,155088,153966,5985,5415,5700,5665,0,5700,0,0,0,2017-04-17,32475922,5680,69,0,0,0,0,0,0,0,0,5685,28,0,0,0,0,0,0,0,0
150,2017-04-17,09:01:16,345,v1709,XDCE,5685,5655,5705,5954,169286150,155144,153966,5985,5415,5700,5665,0,5700,0,0,0,2017-04-17,32476345,5685,180,0,0,0,0,0,0,0,0,5690,31,0,0,0,0,0,0,0,0
151,2017-04-17,09:01:16,941,v1709,XDCE,5690,5655,5705,5964,169570650,155148,153966,5985,5415,5700,5665,0,5700,0,0,0,2017-04-17,32476941,5685,192,0,0,0,0,0,0,0,0,5690,25,0,0,0,0,0,0,0,0
152,2017-04-17,09:01:17,454,v1709,XDCE,5690,5655,5705,5996,170480750,155160,153966,5985,5415,5700,5665,0,5700,0,0,0,2017-04-17,32477454,5685,188,0,0,0,0,0,0,0,0,5690,16,0,0,0,0,0,0,0,0
153,2017-04-17,09:01:17,877,v1709,XDCE,5685,5655,5705,5998,170537600,155160,153966,5985,5415,5700,5665,0,5700,0,0,0,2017-04-17,32477877,5685,188,0,0,0,0,0,0,0,0,5690,23,0,0,0,0,0,0,0,0
154,2017-04-17,09:01:18,414,v1709,XDCE,5690,5655,5705,6002,170651400,155162,153966,5985,5415,5700,5665,0,5700,0,0,0,2017-04-17,32478414,5685,398,0,0,0,0,0,0,0,0,5690,21,0,0,0,0,0,0,0,0
155,2017-04-17,09:01:18,953,v1709,XDCE,5690,5655,5705,6046,171903200,155140,153966,5985,5415,5700,5665,0,5700,0,0,0,2017-04-17,32478953,5690,29,0,0,0,0,0,0,0,0,5695,94,0,0,0,0,0,0,0,0
156,2017-04-17,09:01:19,460,v1709,XDCE,5690,5655,5705,6052,172073900,155144,153966,5985,5415,5700,5665,0,5700,0,0,0,2017-04-17,32479460,5690,32,0,0,0,0,0,0,0,0,5695,88,0,0,0,0,0,0,0,0
157,2017-04-17,09:01:19,961,v1709,XDCE,5690,5655,5705,6058,172244600,155146,153966,5985,5415,5700,5665,0,5700,0,0,0,2017-04-17,32479961,5690,39,0,0,0,0,0,0,0,0,5695,88,0,0,0,0,0,0,0,0
158,2017-04-17,09:01:20,459,v1709,XDCE,5690,5655,5705,6058,172244600,155146,153966,5985,5415,5700,5665,0,5700,0,0,0,2017-04-17,32480459,5690,40,0,0,0,0,0,0,0,0,5695,88,0,0,0,0,0,0,0,0
159,2017-04-17,09:01:20,955,v1709,XDCE,5690,5655,5705,6060,172301500,155144,153966,5985,5415,5700,5665,0,5700,0,0,0,2017-04-17,32480955,5690,40,0,0,0,0,0,0,0,0,5695,112,0,0,0,0,0,0,0,0
160,2017-04-17,09:01:21,379,v1709,XDCE,5690,5655,5705,6060,172301500,155144,153966,5985,5415,5700,5665,0,5700,0,0,0,2017-04-17,32481379,5690,33,0,0,0,0,0,0,0,0,5695,112,0,0,0,0,0,0,0,0
161,2017-04-17,09:01:21,930,v1709,XDCE,5685,5655,5705,6134,174406700,155160,153966,5985,5415,5700,5665,0,5700,0,0,0,2017-04-17,32481930,5685,410,0,0,0,0,0,0,0,0,5690,18,0,0,0,0,0,0,0,0
162,2017-04-17,09:01:22,448,v1709,XDCE,5690,5655,5705,6140,174577400,155160,153966,5985,5415,5700,5665,0,5700,0,0,0,2017-04-17,32482448,5685,412,0,0,0,0,0,0,0,0,5690,17,0,0,0,0,0,0,0,0
163,2017-04-17,09:01:22,957,v1709,XDCE,5690,5655,5705,6148,174805000,155160,153966,5985,5415,5700,5665,0,5700,0,0,0,2017-04-17,32482957,5685,412,0,0,0,0,0,0,0,0,5690,13,0,0,0,0,0,0,0,0
164,2017-04-17,09:01:23,465,v1709,XDCE,5695,5655,5705,6392,181752250,155288,153966,5985,5415,5700,5665,0,5700,0,0,0,2017-04-17,32483465,5695,79,0,0,0,0,0,0,0,0,5700,319,0,0,0,0,0,0,0,0
165,2017-04-17,09:01:23,968,v1709,XDCE,5700,5655,5705,6408,182207900,155300,153966,5985,5415,5700,5665,0,5700,0,0,0,2017-04-17,32483968,5695,82,0,0,0,0,0,0,0,0,5700,322,0,0,0,0,0,0,0,0
166,2017-04-17,09:01:24,430,v1709,XDCE,5700,5655,5705,6440,183119750,155308,153966,5985,5415,5700,5665,0,5700,0,0,0,2017-04-17,32484430,5695,80,0,0,0,0,0,0,0,0,5700,309,0,0,0,0,0,0,0,0
167,2017-04-17,09:01:24,969,v1709,XDCE,5695,5655,5705,6442,183176700,155308,153966,5985,5415,5700,5665,0,5700,0,0,0,2017-04-17,32484969,5695,87,0,0,0,0,0,0,0,0,5700,309,0,0,0,0,0,0,0,0
168,2017-04-17,09:01:25,435,v1709,XDCE,5700,5655,5705,6448,183347650,155314,153966,5985,5415,5700,5665,0,5700,0,0,0,2017-04-17,32485435,5695,87,0,0,0,0,0,0,0,0,5700,308,0,0,0,0,0,0,0,0
169,2017-04-17,09:01:25,940,v1709,XDCE,5695,5655,5705,6452,183461550,155318,153966,5985,5415,5700,5665,0,5700,0,0,0,2017-04-17,32485940,5695,85,0,0,0,0,0,0,0,0,5700,308,0,0,0,0,0,0,0,0
170,2017-04-17,09:01:26,409,v1709,XDCE,5700,5655,5705,6554,186366050,155352,153966,5985,5415,5700,5665,0,5700,0,0,0,2017-04-17,32486409,5695,35,0,0,0,0,0,0,0,0,5700,304,0,0,0,0,0,0,0,0
171,2017-04-17,09:01:26,964,v1709,XDCE,5700,5655,5705,6572,186879000,155356,153966,5985,5415,5700,5665,0,5700,0,0,0,2017-04-17,32486964,5695,35,0,0,0,0,0,0,0,0,5700,294,0,0,0,0,0,0,0,0
172,2017-04-17,09:01:27,417,v1709,XDCE,5700,5655,5705,6580,187107000,155348,153966,5985,5415,5700,5665,0,5700,0,0,0,2017-04-17,32487417,5695,245,0,0,0,0,0,0,0,0,5700,290,0,0,0,0,0,0,0,0
173,2017-04-17,09:01:27,943,v1709,XDCE,5695,5655,5705,6626,188416900,155372,153966,5985,5415,5700,5665,0,5700,0,0,0,2017-04-17,32487943,5695,233,0,0,0,0,0,0,0,0,5700,289,0,0,0,0,0,0,0,0
174,2017-04-17,09:01:28,291,v1709,XDCE,5700,5655,5705,6712,190867750,155372,153966,5985,5415,5700,5665,0,5700,0,0,0,2017-04-17,32488291,5695,220,0,0,0,0,0,0,0,0,5700,251,0,0,0,0,0,0,0,0
175,2017-04-17,09:01:28,921,v1709,XDCE,5695,5655,5705,6736,191551500,155384,153966,5985,5415,5700,5665,0,5700,0,0,0,2017-04-17,32488921,5695,211,0,0,0,0,0,0,0,0,5700,242,0,0,0,0,0,0,0,0
176,2017-04-17,09:01:29,349,v1709,XDCE,5695,5655,5705,6736,191551500,155384,153966,5985,5415,5700,5665,0,5700,0,0,0,2017-04-17,32489349,5695,217,0,0,0,0,0,0,0,0,5700,243,0,0,0,0,0,0,0,0
177,2017-04-17,09:01:29,880,v1709,XDCE,5695,5655,5705,6788,193033200,155398,153966,5985,5415,5700,5665,0,5700,0,0,0,2017-04-17,32489880,5695,213,0,0,0,0,0,0,0,0,5700,220,0,0,0,0,0,0,0,0
178,2017-04-17,09:01:30,450,v1709,XDCE,5695,5655,5705,6812,193716600,155404,153966,5985,5415,5700,5665,0,5700,0,0,0,2017-04-17,32490450,5695,211,0,0,0,0,0,0,0,0,5700,220,0,0,0,0,0,0,0,0
179,2017-04-17,09:01:30,932,v1709,XDCE,5700,5655,5705,6814,193773600,155406,153966,5985,5415,5700,5665,0,5700,0,0,0,2017-04-17,32490932,5695,218,0,0,0,0,0,0,0,0,5700,219,0,0,0,0,0,0,0,0
180,2017-04-17,09:01:31,464,v1709,XDCE,5700,5655,5705,6824,194058600,155416,153966,5985,5415,5700,5665,0,5700,0,0,0,2017-04-17,32491464,5695,219,0,0,0,0,0,0,0,0,5700,215,0,0,0,0,0,0,0,0
181,2017-04-17,09:01:31,969,v1709,XDCE,5700,5655,5705,6842,194571350,155424,153966,5985,5415,5700,5665,0,5700,0,0,0,2017-04-17,32491969,5695,221,0,0,0,0,0,0,0,0,5700,206,0,0,0,0,0,0,0,0
182,2017-04-17,09:01:32,456,v1709,XDCE,5700,5655,5705,6844,194628350,155424,153966,5985,5415,5700,5665,0,5700,0,0,0,2017-04-17,32492456,5695,221,0,0,0,0,0,0,0,0,5700,207,0,0,0,0,0,0,0,0
183,2017-04-17,09:01:32,828,v1709,XDCE,5700,5655,5705,6854,194913150,155434,153966,5985,5415,5700,5665,0,5700,0,0,0,2017-04-17,32492828,5695,207,0,0,0,0,0,0,0,0,5700,206,0,0,0,0,0,0,0,0
184,2017-04-17,09:01:33,313,v1709,XDCE,5700,5655,5705,6854,194913150,155434,153966,5985,5415,5700,5665,0,5700,0,0,0,2017-04-17,32493313,5695,207,0,0,0,0,0,0,0,0,5700,211,0,0,0,0,0,0,0,0
185,2017-04-17,09:01:33,944,v1709,XDCE,5695,5655,5705,6902,196280000,155480,153966,5985,5415,5700,5665,0,5700,0,0,0,2017-04-17,32493944,5695,187,0,0,0,0,0,0,0,0,5700,211,0,0,0,0,0,0,0,0
186,2017-04-17,09:01:34,471,v1709,XDCE,5695,5655,5705,6904,196336950,155482,153966,5985,5415,5700,5665,0,5700,0,0,0,2017-04-17,32494471,5695,186,0,0,0,0,0,0,0,0,5700,211,0,0,0,0,0,0,0,0
187,2017-04-17,09:01:34,952,v1709,XDCE,5700,5655,5705,6912,196564900,155486,153966,5985,5415,5700,5665,0,5700,0,0,0,2017-04-17,32494952,5695,185,0,0,0,0,0,0,0,0,5700,211,0,0,0,0,0,0,0,0
188,2017-04-17,09:01:35,441,v1709,XDCE,5700,5655,5705,7400,210472650,155852,153966,5985,5415,5700,5665,0,5700,0,0,0,2017-04-17,32495441,5700,6,0,0,0,0,0,0,0,0,5705,348,0,0,0,0,0,0,0,0
189,2017-04-17,09:01:35,838,v1709,XDCE,5700,5655,5705,7424,211156650,155848,153966,5985,5415,5700,5665,0,5700,0,0,0,2017-04-17,32495838,5695,196,0,0,0,0,0,0,0,0,5700,3,0,0,0,0,0,0,0,0
190,2017-04-17,09:01:36,410,v1709,XDCE,5700,5655,5705,7440,211612650,155844,153966,5985,5415,5700,5665,0,5700,0,0,0,2017-04-17,32496410,5695,195,0,0,0,0,0,0,0,0,5700,5,0,0,0,0,0,0,0,0
191,2017-04-17,09:01:36,861,v1709,XDCE,5695,5655,5705,7452,211954600,155838,153966,5985,5415,5700,5665,0,5700,0,0,0,2017-04-17,32496861,5700,1,0,0,0,0,0,0,0,0,5705,351,0,0,0,0,0,0,0,0
192,2017-04-17,09:01:37,470,v1709,XDCE,5700,5655,5705,7466,212353600,155832,153966,5985,5415,5700,5665,0,5700,0,0,0,2017-04-17,32497470,5700,3,0,0,0,0,0,0,0,0,5705,350,0,0,0,0,0,0,0,0
193,2017-04-17,09:01:37,891,v1709,XDCE,5700,5655,5705,7474,212581600,155834,153966,5985,5415,5700,5665,0,5700,0,0,0,2017-04-17,32497891,5700,1,0,0,0,0,0,0,0,0,5705,350,0,0,0,0,0,0,0,0
194,2017-04-17,09:01:38,461,v1709,XDCE,5700,5655,5705,7474,212581600,155834,153966,5985,5415,5700,5665,0,5700,0,0,0,2017-04-17,32498461,5695,197,0,0,0,0,0,0,0,0,5700,8,0,0,0,0,0,0,0,0
195,2017-04-17,09:01:38,972,v1709,XDCE,5700,5655,5705,7478,212695600,155834,153966,5985,5415,5700,5665,0,5700,0,0,0,2017-04-17,32498972,5695,189,0,0,0,0,0,0,0,0,5700,90,0,0,0,0,0,0,0,0
196,2017-04-17,09:01:39,294,v1709,XDCE,5700,5655,5705,7658,217825600,156006,153966,5985,5415,5700,5665,0,5700,0,0,0,2017-04-17,32499294,5700,117,0,0,0,0,0,0,0,0,5705,351,0,0,0,0,0,0,0,0
197,2017-04-17,09:01:39,972,v1709,XDCE,5700,5655,5705,7722,219649600,156070,153966,5985,5415,5700,5665,0,5700,0,0,0,2017-04-17,32499972,5700,94,0,0,0,0,0,0,0,0,5705,350,0,0,0,0,0,0,0,0
198,2017-04-17,09:01:40,472,v1709,XDCE,5700,5655,5705,7916,225178550,156066,153966,5985,5415,5700,5665,0,5700,0,0,0,2017-04-17,32500472,5695,190,0,0,0,0,0,0,0,0,5700,13,0,0,0,0,0,0,0,0
199,2017-04-17,09:01:40,939,v1709,XDCE,5700,5655,5705,7922,225349550,156066,153966,5985,5415,5700,5665,0,5700,0,0,0,2017-04-17,32500939,5695,189,0,0,0,0,0,0,0,0,5700,24,0,0,0,0,0,0,0,0
200,2017-04-17,09:01:41,460,v1709,XDCE,5700,5655,5705,7922,225349550,156066,153966,5985,5415,5700,5665,0,5700,0,0,0,2017-04-17,32501460,5695,190,0,0,0,0,0,0,0,0,5700,46,0,0,0,0,0,0,0,0
201,2017-04-17,09:01:41,768,v1709,XDCE,5700,5655,5705,7924,225406550,156064,153966,5985,5415,5700,5665,0,5700,0,0,0,2017-04-17,32501768,5695,190,0,0,0,0,0,0,0,0,5700,50,0,0,0,0,0,0,0,0
202,2017-04-17,09:01:42,406,v1709,XDCE,5700,5655,5705,7928,225520550,156064,153966,5985,5415,5700,5665,0,5700,0,0,0,2017-04-17,32502406,5695,190,0,0,0,0,0,0,0,0,5700,53,0,0,0,0,0,0,0,0
203,2017-04-17,09:01:42,811,v1709,XDCE,5700,5655,5705,7928,225520550,156064,153966,5985,5415,5700,5665,0,5700,0,0,0,2017-04-17,32502811,5695,192,0,0,0,0,0,0,0,0,5700,58,0,0,0,0,0,0,0,0
204,2017-04-17,09:01:43,452,v1709,XDCE,5700,5655,5705,7928,225520550,156064,153966,5985,5415,5700,5665,0,5700,0,0,0,2017-04-17,32503452,5695,192,0,0,0,0,0,0,0,0,5700,59,0,0,0,0,0,0,0,0
205,2017-04-17,09:01:43,940,v1709,XDCE,5700,5655,5705,7928,225520550,156064,153966,5985,5415,5700,5665,0,5700,0,0,0,2017-04-17,32503940,5695,196,0,0,0,0,0,0,0,0,5700,60,0,0,0,0,0,0,0,0
206,2017-04-17,09:01:44,390,v1709,XDCE,5695,5655,5705,7936,225748350,156072,153966,5985,5415,5700,5665,0,5700,0,0,0,2017-04-17,32504390,5695,192,0,0,0,0,0,0,0,0,5700,60,0,0,0,0,0,0,0,0
207,2017-04-17,09:01:44,966,v1709,XDCE,5695,5655,5705,7940,225862300,156074,153966,5985,5415,5700,5665,0,5700,0,0,0,2017-04-17,32504966,5695,190,0,0,0,0,0,0,0,0,5700,64,0,0,0,0,0,0,0,0
208,2017-04-17,09:01:45,448,v1709,XDCE,5700,5655,5705,7948,226090150,156080,153966,5985,5415,5700,5665,0,5700,0,0,0,2017-04-17,32505448,5695,187,0,0,0,0,0,0,0,0,5700,60,0,0,0,0,0,0,0,0
209,2017-04-17,09:01:45,852,v1709,XDCE,5700,5655,5705,7952,226204150,156076,153966,5985,5415,5700,5665,0,5700,0,0,0,2017-04-17,32505852,5695,187,0,0,0,0,0,0,0,0,5700,60,0,0,0,0,0,0,0,0
210,2017-04-17,09:01:46,409,v1709,XDCE,5700,5655,5705,7952,226204150,156076,153966,5985,5415,5700,5665,0,5700,0,0,0,2017-04-17,32506409,5695,187,0,0,0,0,0,0,0,0,5700,61,0,0,0,0,0,0,0,0
211,2017-04-17,09:01:46,953,v1709,XDCE,5700,5655,5705,7952,226204150,156076,153966,5985,5415,5700,5665,0,5700,0,0,0,2017-04-17,32506953,5695,188,0,0,0,0,0,0,0,0,5700,60,0,0,0,0,0,0,0,0
212,2017-04-17,09:01:47,428,v1709,XDCE,5700,5655,5705,7996,227457900,156104,153966,5985,5415,5700,5665,0,5700,0,0,0,2017-04-17,32507428,5695,182,0,0,0,0,0,0,0,0,5700,46,0,0,0,0,0,0,0,0
213,2017-04-17,09:01:47,922,v1709,XDCE,5695,5655,5705,8002,227628750,156108,153966,5985,5415,5700,5665,0,5700,0,0,0,2017-04-17,32507922,5695,182,0,0,0,0,0,0,0,0,5700,72,0,0,0,0,0,0,0,0
214,2017-04-17,09:01:48,468,v1709,XDCE,5695,5655,5705,8002,227628750,156108,153966,5985,5415,5700,5665,0,5700,0,0,0,2017-04-17,32508468,5695,182,0,0,0,0,0,0,0,0,5700,76,0,0,0,0,0,0,0,0
215,2017-04-17,09:01:48,921,v1709,XDCE,5700,5655,5705,8022,228198750,156128,153966,5985,5415,5700,5665,0,5700,0,0,0,2017-04-17,32508921,5695,172,0,0,0,0,0,0,0,0,5700,118,0,0,0,0,0,0,0,0
216,2017-04-17,09:01:49,421,v1709,XDCE,5700,5655,5705,8022,228198750,156128,153966,5985,5415,5700,5665,0,5700,0,0,0,2017-04-17,32509421,5695,171,0,0,0,0,0,0,0,0,5700,121,0,0,0,0,0,0,0,0
217,2017-04-17,09:01:49,969,v1709,XDCE,5695,5655,5705,8082,229907250,156128,153966,5985,5415,5700,5665,0,5700,0,0,0,2017-04-17,32509969,5695,141,0,0,0,0,0,0,0,0,5700,125,0,0,0,0,0,0,0,0
218,2017-04-17,09:01:50,278,v1709,XDCE,5695,5655,5705,8082,229907250,156128,153966,5985,5415,5700,5665,0,5700,0,0,0,2017-04-17,32510278,5695,141,0,0,0,0,0,0,0,0,5700,126,0,0,0,0,0,0,0,0
219,2017-04-17,09:01:50,906,v1709,XDCE,5700,5655,5705,8088,230078250,156128,153966,5985,5415,5700,5665,0,5700,0,0,0,2017-04-17,32510906,5695,140,0,0,0,0,0,0,0,0,5700,118,0,0,0,0,0,0,0,0
220,2017-04-17,09:01:51,402,v1709,XDCE,5695,5655,5705,8094,230249150,156128,153966,5985,5415,5700,5665,0,5700,0,0,0,2017-04-17,32511402,5695,152,0,0,0,0,0,0,0,0,5700,117,0,0,0,0,0,0,0,0
221,2017-04-17,09:01:51,970,v1709,XDCE,5695,5655,5705,8094,230249150,156128,153966,5985,5415,5700,5665,0,5700,0,0,0,2017-04-17,32511970,5695,151,0,0,0,0,0,0,0,0,5700,118,0,0,0,0,0,0,0,0
222,2017-04-17,09:01:52,470,v1709,XDCE,5695,5655,5705,8102,230476950,156128,153966,5985,5415,5700,5665,0,5700,0,0,0,2017-04-17,32512470,5695,137,0,0,0,0,0,0,0,0,5700,114,0,0,0,0,0,0,0,0
223,2017-04-17,09:01:52,972,v1709,XDCE,5695,5655,5705,8112,230761700,156128,153966,5985,5415,5700,5665,0,5700,0,0,0,2017-04-17,32512972,5695,132,0,0,0,0,0,0,0,0,5700,115,0,0,0,0,0,0,0,0
224,2017-04-17,09:01:53,430,v1709,XDCE,5695,5655,5705,8128,231217300,156144,153966,5985,5415,5700,5665,0,5700,0,0,0,2017-04-17,32513430,5695,124,0,0,0,0,0,0,0,0,5700,115,0,0,0,0,0,0,0,0
225,2017-04-17,09:01:54,450,v1709,XDCE,5695,5655,5705,8376,238279100,156356,153966,5985,5415,5700,5665,0,5700,0,0,0,2017-04-17,32514450,5690,170,0,0,0,0,0,0,0,0,5695,45,0,0,0,0,0,0,0,0
226,2017-04-17,09:01:54,931,v1709,XDCE,5695,5655,5705,8378,238336050,156358,153966,5985,5415,5700,5665,0,5700,0,0,0,2017-04-17,32514931,5690,169,0,0,0,0,0,0,0,0,5695,40,0,0,0,0,0,0,0,0
227,2017-04-17,09:01:55,429,v1709,XDCE,5695,5655,5705,8380,238393000,156360,153966,5985,5415,5700,5665,0,5700,0,0,0,2017-04-17,32515429,5690,169,0,0,0,0,0,0,0,0,5695,58,0,0,0,0,0,0,0,0
228,2017-04-17,09:01:55,869,v1709,XDCE,5695,5655,5705,8386,238563850,156360,153966,5985,5415,5700,5665,0,5700,0,0,0,2017-04-17,32515869,5690,169,0,0,0,0,0,0,0,0,5695,50,0,0,0,0,0,0,0,0
229,2017-04-17,09:01:56,369,v1709,XDCE,5690,5655,5705,8408,239189800,156382,153966,5985,5415,5700,5665,0,5700,0,0,0,2017-04-17,32516369,5690,159,0,0,0,0,0,0,0,0,5695,51,0,0,0,0,0,0,0,0
230,2017-04-17,09:01:56,963,v1709,XDCE,5690,5655,5705,8408,239189800,156382,153966,5985,5415,5700,5665,0,5700,0,0,0,2017-04-17,32516963,5690,160,0,0,0,0,0,0,0,0,5695,52,0,0,0,0,0,0,0,0
231,2017-04-17,09:01:57,415,v1709,XDCE,5690,5655,5705,8446,240270950,156420,153966,5985,5415,5700,5665,0,5700,0,0,0,2017-04-17,32517415,5690,152,0,0,0,0,0,0,0,0,5695,55,0,0,0,0,0,0,0,0
232,2017-04-17,09:01:57,933,v1709,XDCE,5690,5655,5705,8446,240270950,156420,153966,5985,5415,5700,5665,0,5700,0,0,0,2017-04-17,32517933,5690,154,0,0,0,0,0,0,0,0,5695,55,0,0,0,0,0,0,0,0
233,2017-04-17,09:01:58,460,v1709,XDCE,5690,5655,5705,8446,240270950,156420,153966,5985,5415,5700,5665,0,5700,0,0,0,2017-04-17,32518460,5690,154,0,0,0,0,0,0,0,0,5695,61,0,0,0,0,0,0,0,0
234,2017-04-17,09:01:58,958,v1709,XDCE,5695,5655,5705,8448,240327900,156422,153966,5985,5415,5700,5665,0,5700,0,0,0,2017-04-17,32518958,5690,154,0,0,0,0,0,0,0,0,5695,64,0,0,0,0,0,0,0,0
235,2017-04-17,09:01:59,457,v1709,XDCE,5695,5655,5705,8450,240384850,156424,153966,5985,5415,5700,5665,0,5700,0,0,0,2017-04-17,32519457,5690,154,0,0,0,0,0,0,0,0,5695,63,0,0,0,0,0,0,0,0
236,2017-04-17,09:01:59,950,v1709,XDCE,5695,5655,5705,8454,240498750,156428,153966,5985,5415,5700,5665,0,5700,0,0,0,2017-04-17,32519950,5690,154,0,0,0,0,0,0,0,0,5695,63,0,0,0,0,0,0,0,0
237,2017-04-17,09:02:00,966,v1709,XDCE,5695,5655,5705,8456,240555700,156430,153966,5985,5415,5700,5665,0,5700,0,0,0,2017-04-17,32520966,5690,154,0,0,0,0,0,0,0,0,5695,65,0,0,0,0,0,0,0,0
238,2017-04-17,09:02:01,436,v1709,XDCE,5695,5655,5705,8466,240840450,156440,153966,5985,5415,5700,5665,0,5700,0,0,0,2017-04-17,32521436,5690,154,0,0,0,0,0,0,0,0,5695,61,0,0,0,0,0,0,0,0
239,2017-04-17,09:02:01,956,v1709,XDCE,5690,5655,5705,8474,241068100,156446,153966,5985,5415,5700,5665,0,5700,0,0,0,2017-04-17,32521956,5690,151,0,0,0,0,0,0,0,0,5695,75,0,0,0,0,0,0,0,0
240,2017-04-17,09:02:02,352,v1709,XDCE,5695,5655,5705,8476,241125050,156448,153966,5985,5415,5700,5665,0,5700,0,0,0,2017-04-17,32522352,5690,151,0,0,0,0,0,0,0,0,5695,85,0,0,0,0,0,0,0,0
241,2017-04-17,09:02:02,813,v1709,XDCE,5695,5655,5705,8476,241125050,156448,153966,5985,5415,5700,5665,0,5700,0,0,0,2017-04-17,32522813,5690,153,0,0,0,0,0,0,0,0,5695,86,0,0,0,0,0,0,0,0
242,2017-04-17,09:02:03,445,v1709,XDCE,5695,5655,5705,8478,241182000,156450,153966,5985,5415,5700,5665,0,5700,0,0,0,2017-04-17,32523445,5690,143,0,0,0,0,0,0,0,0,5695,85,0,0,0,0,0,0,0,0
243,2017-04-17,09:02:03,972,v1709,XDCE,5695,5655,5705,8478,241182000,156450,153966,5985,5415,5700,5665,0,5700,0,0,0,2017-04-17,32523972,5690,146,0,0,0,0,0,0,0,0,5695,90,0,0,0,0,0,0,0,0
244,2017-04-17,09:02:04,355,v1709,XDCE,5695,5655,5705,8482,241295900,156454,153966,5985,5415,5700,5665,0,5700,0,0,0,2017-04-17,32524355,5690,156,0,0,0,0,0,0,0,0,5695,88,0,0,0,0,0,0,0,0
245,2017-04-17,09:02:04,933,v1709,XDCE,5695,5655,5705,8496,241694550,156462,153966,5985,5415,5700,5665,0,5700,0,0,0,2017-04-17,32524933,5690,159,0,0,0,0,0,0,0,0,5695,82,0,0,0,0,0,0,0,0
246,2017-04-17,09:02:05,398,v1709,XDCE,5695,5655,5705,8496,241694550,156462,153966,5985,5415,5700,5665,0,5700,0,0,0,2017-04-17,32525398,5690,158,0,0,0,0,0,0,0,0,5695,83,0,0,0,0,0,0,0,0
247,2017-04-17,09:02:05,916,v1709,XDCE,5695,5655,5705,8496,241694550,156462,153966,5985,5415,5700,5665,0,5700,0,0,0,2017-04-17,32525916,5690,159,0,0,0,0,0,0,0,0,5695,83,0,0,0,0,0,0,0,0
248,2017-04-17,09:02:06,468,v1709,XDCE,5690,5655,5705,8696,247384550,156548,153966,5985,5415,5700,5665,0,5700,0,0,0,2017-04-17,32526468,5690,56,0,0,0,0,0,0,0,0,5695,92,0,0,0,0,0,0,0,0
249,2017-04-17,09:02:06,970,v1709,XDCE,5690,5655,5705,8700,247498350,156546,153966,5985,5415,5700,5665,0,5700,0,0,0,2017-04-17,32526970,5690,54,0,0,0,0,0,0,0,0,5695,93,0,0,0,0,0,0,0,0
250,2017-04-17,09:02:07,472,v1709,XDCE,5690,5655,5705,8724,248181150,156546,153966,5985,5415,5700,5665,0,5700,0,0,0,2017-04-17,32527472,5690,50,0,0,0,0,0,0,0,0,5695,94,0,0,0,0,0,0,0,0
251,2017-04-17,09:02:07,927,v1709,XDCE,5690,5655,5705,8738,248579450,156544,153966,5985,5415,5700,5665,0,5700,0,0,0,2017-04-17,32527927,5690,43,0,0,0,0,0,0,0,0,5695,94,0,0,0,0,0,0,0,0
252,2017-04-17,09:02:08,388,v1709,XDCE,5690,5655,5705,8742,248693250,156540,153966,5985,5415,5700,5665,0,5700,0,0,0,2017-04-17,32528388,5690,41,0,0,0,0,0,0,0,0,5695,95,0,0,0,0,0,0,0,0
253,2017-04-17,09:02:08,955,v1709,XDCE,5690,5655,5705,8744,248750150,156540,153966,5985,5415,5700,5665,0,5700,0,0,0,2017-04-17,32528955,5690,40,0,0,0,0,0,0,0,0,5695,97,0,0,0,0,0,0,0,0
254,2017-04-17,09:02:09,463,v1709,XDCE,5690,5655,5705,8748,248863950,156538,153966,5985,5415,5700,5665,0,5700,0,0,0,2017-04-17,32529463,5690,60,0,0,0,0,0,0,0,0,5695,94,0,0,0,0,0,0,0,0
255,2017-04-17,09:02:09,967,v1709,XDCE,5690,5655,5705,8758,249148450,156532,153966,5985,5415,5700,5665,0,5700,0,0,0,2017-04-17,32529967,5690,55,0,0,0,0,0,0,0,0,5695,96,0,0,0,0,0,0,0,0
256,2017-04-17,09:02:10,472,v1709,XDCE,5690,5655,5705,8760,249205350,156532,153966,5985,5415,5700,5665,0,5700,0,0,0,2017-04-17,32530472,5690,54,0,0,0,0,0,0,0,0,5695,96,0,0,0,0,0,0,0,0
257,2017-04-17,09:02:10,895,v1709,XDCE,5690,5655,5705,8778,249717700,156544,153966,5985,5415,5700,5665,0,5700,0,0,0,2017-04-17,32530895,5690,53,0,0,0,0,0,0,0,0,5695,94,0,0,0,0,0,0,0,0
258,2017-04-17,09:02:11,449,v1709,XDCE,5690,5655,5705,8778,249717700,156544,153966,5985,5415,5700,5665,0,5700,0,0,0,2017-04-17,32531449,5690,57,0,0,0,0,0,0,0,0,5695,99,0,0,0,0,0,0,0,0
259,2017-04-17,09:02:11,938,v1709,XDCE,5690,5655,5705,8778,249717700,156544,153966,5985,5415,5700,5665,0,5700,0,0,0,2017-04-17,32531938,5690,63,0,0,0,0,0,0,0,0,5695,98,0,0,0,0,0,0,0,0
260,2017-04-17,09:02:12,376,v1709,XDCE,5690,5655,5705,8788,250002200,156548,153966,5985,5415,5700,5665,0,5700,0,0,0,2017-04-17,32532376,5690,52,0,0,0,0,0,0,0,0,5695,98,0,0,0,0,0,0,0,0
261,2017-04-17,09:02:12,902,v1709,XDCE,5690,5655,5705,8804,250457400,156558,153966,5985,5415,5700,5665,0,5700,0,0,0,2017-04-17,32532902,5690,51,0,0,0,0,0,0,0,0,5695,99,0,0,0,0,0,0,0,0
262,2017-04-17,09:02:14,415,v1709,XDCE,5690,5655,5705,8814,250741900,156566,153966,5985,5415,5700,5665,0,5700,0,0,0,2017-04-17,32534415,5690,46,0,0,0,0,0,0,0,0,5695,106,0,0,0,0,0,0,0,0
263,2017-04-17,09:02:14,905,v1709,XDCE,5690,5655,5705,8814,250741900,156566,153966,5985,5415,5700,5665,0,5700,0,0,0,2017-04-17,32534905,5690,46,0,0,0,0,0,0,0,0,5695,103,0,0,0,0,0,0,0,0
264,2017-04-17,09:02:15,461,v1709,XDCE,5690,5655,5705,8856,251936800,156548,153966,5985,5415,5700,5665,0,5700,0,0,0,2017-04-17,32535461,5690,25,0,0,0,0,0,0,0,0,5695,103,0,0,0,0,0,0,0,0
265,2017-04-17,09:02:15,843,v1709,XDCE,5690,5655,5705,8856,251936800,156548,153966,5985,5415,5700,5665,0,5700,0,0,0,2017-04-17,32535843,5690,22,0,0,0,0,0,0,0,0,5695,99,0,0,0,0,0,0,0,0
266,2017-04-17,09:02:16,421,v1709,XDCE,5690,5655,5705,8874,252448950,156530,153966,5985,5415,5700,5665,0,5700,0,0,0,2017-04-17,32536421,5690,20,0,0,0,0,0,0,0,0,5695,122,0,0,0,0,0,0,0,0
267,2017-04-17,09:02:16,941,v1709,XDCE,5690,5655,5705,8906,253359350,156542,153966,5985,5415,5700,5665,0,5700,0,0,0,2017-04-17,32536941,5685,417,0,0,0,0,0,0,0,0,5690,29,0,0,0,0,0,0,0,0
268,2017-04-17,09:02:17,376,v1709,XDCE,5690,5655,5705,8906,253359350,156542,153966,5985,5415,5700,5665,0,5700,0,0,0,2017-04-17,32537376,5685,426,0,0,0,0,0,0,0,0,5690,67,0,0,0,0,0,0,0,0
269,2017-04-17,09:02:17,937,v1709,XDCE,5690,5655,5705,8918,253700700,156542,153966,5985,5415,5700,5665,0,5700,0,0,0,2017-04-17,32537937,5685,428,0,0,0,0,0,0,0,0,5690,63,0,0,0,0,0,0,0,0
270,2017-04-17,09:02:18,452,v1709,XDCE,5685,5655,5705,8920,253757550,156544,153966,5985,5415,5700,5665,0,5700,0,0,0,2017-04-17,32538452,5685,427,0,0,0,0,0,0,0,0,5690,67,0,0,0,0,0,0,0,0
271,2017-04-17,09:02:18,957,v1709,XDCE,5685,5655,5705,8920,253757550,156544,153966,5985,5415,5700,5665,0,5700,0,0,0,2017-04-17,32538957,5685,431,0,0,0,0,0,0,0,0,5690,73,0,0,0,0,0,0,0,0
272,2017-04-17,09:02:19,928,v1709,XDCE,5690,5655,5705,8922,253814450,156542,153966,5985,5415,5700,5665,0,5700,0,0,0,2017-04-17,32539928,5685,431,0,0,0,0,0,0,0,0,5690,83,0,0,0,0,0,0,0,0
273,2017-04-17,09:02:20,436,v1709,XDCE,5690,5655,5705,8922,253814450,156542,153966,5985,5415,5700,5665,0,5700,0,0,0,2017-04-17,32540436,5685,432,0,0,0,0,0,0,0,0,5690,72,0,0,0,0,0,0,0,0
274,2017-04-17,09:02:20,940,v1709,XDCE,5690,5655,5705,8922,253814450,156542,153966,5985,5415,5700,5665,0,5700,0,0,0,2017-04-17,32540940,5685,431,0,0,0,0,0,0,0,0,5690,77,0,0,0,0,0,0,0,0
275,2017-04-17,09:02:21,469,v1709,XDCE,5685,5655,5705,8932,254098850,156544,153966,5985,5415,5700,5665,0,5700,0,0,0,2017-04-17,32541469,5685,451,0,0,0,0,0,0,0,0,5690,74,0,0,0,0,0,0,0,0
276,2017-04-17,09:02:21,798,v1709,XDCE,5690,5655,5705,9080,258309450,156570,153966,5985,5415,5700,5665,0,5700,0,0,0,2017-04-17,32541798,5690,49,0,0,0,0,0,0,0,0,5695,119,0,0,0,0,0,0,0,0
277,2017-04-17,09:02:22,421,v1709,XDCE,5690,5655,5705,9084,258423250,156568,153966,5985,5415,5700,5665,0,5700,0,0,0,2017-04-17,32542421,5690,54,0,0,0,0,0,0,0,0,5695,115,0,0,0,0,0,0,0,0
278,2017-04-17,09:02:22,964,v1709,XDCE,5690,5655,5705,9098,258821550,156560,153966,5985,5415,5700,5665,0,5700,0,0,0,2017-04-17,32542964,5690,70,0,0,0,0,0,0,0,0,5695,115,0,0,0,0,0,0,0,0
279,2017-04-17,09:02:23,966,v1709,XDCE,5690,5655,5705,9128,259675050,156530,153966,5985,5415,5700,5665,0,5700,0,0,0,2017-04-17,32543966,5690,55,0,0,0,0,0,0,0,0,5695,114,0,0,0,0,0,0,0,0
280,2017-04-17,09:02:24,450,v1709,XDCE,5690,5655,5705,9146,260187150,156528,153966,5985,5415,5700,5665,0,5700,0,0,0,2017-04-17,32544450,5690,47,0,0,0,0,0,0,0,0,5695,148,0,0,0,0,0,0,0,0
281,2017-04-17,09:02:24,903,v1709,XDCE,5690,5655,5705,9268,263658050,156458,153966,5985,5415,5700,5665,0,5700,0,0,0,2017-04-17,32544903,5685,444,0,0,0,0,0,0,0,0,5695,220,0,0,0,0,0,0,0,0
282,2017-04-17,09:02:25,429,v1709,XDCE,5690,5655,5705,9268,263658050,156458,153966,5985,5415,5700,5665,0,5700,0,0,0,2017-04-17,32545429,5685,431,0,0,0,0,0,0,0,0,5690,5,0,0,0,0,0,0,0,0
283,2017-04-17,09:02:25,965,v1709,XDCE,5690,5655,5705,9288,264227000,156458,153966,5985,5415,5700,5665,0,5700,0,0,0,2017-04-17,32545965,5690,2,0,0,0,0,0,0,0,0,5695,146,0,0,0,0,0,0,0,0
284,2017-04-17,09:02:26,459,v1709,XDCE,5690,5655,5705,9288,264227000,156458,153966,5985,5415,5700,5665,0,5700,0,0,0,2017-04-17,32546459,5690,45,0,0,0,0,0,0,0,0,5695,146,0,0,0,0,0,0,0,0
285,2017-04-17,09:02:26,946,v1709,XDCE,5690,5655,5705,9292,264340800,156456,153966,5985,5415,5700,5665,0,5700,0,0,0,2017-04-17,32546946,5690,43,0,0,0,0,0,0,0,0,5695,100,0,0,0,0,0,0,0,0
286,2017-04-17,09:02:27,407,v1709,XDCE,5690,5655,5705,9302,264625300,156458,153966,5985,5415,5700,5665,0,5700,0,0,0,2017-04-17,32547407,5690,46,0,0,0,0,0,0,0,0,5695,84,0,0,0,0,0,0,0,0
287,2017-04-17,09:02:27,964,v1709,XDCE,5690,5655,5705,9306,264739100,156456,153966,5985,5415,5700,5665,0,5700,0,0,0,2017-04-17,32547964,5690,66,0,0,0,0,0,0,0,0,5695,82,0,0,0,0,0,0,0,0
288,2017-04-17,09:02:28,429,v1709,XDCE,5690,5655,5705,9528,271055000,156372,153966,5985,5415,5700,5665,0,5700,0,0,0,2017-04-17,32548429,5690,40,0,0,0,0,0,0,0,0,5695,92,0,0,0,0,0,0,0,0
289,2017-04-17,09:02:28,942,v1709,XDCE,5690,5655,5705,9540,271396400,156372,153966,5985,5415,5700,5665,0,5700,0,0,0,2017-04-17,32548942,5690,50,0,0,0,0,0,0,0,0,5695,94,0,0,0,0,0,0,0,0
290,2017-04-17,09:02:29,462,v1709,XDCE,5690,5655,5705,9540,271396400,156372,153966,5985,5415,5700,5665,0,5700,0,0,0,2017-04-17,32549462,5690,74,0,0,0,0,0,0,0,0,5695,85,0,0,0,0,0,0,0,0
291,2017-04-17,09:02:29,863,v1709,XDCE,5690,5655,5705,9550,271680900,156362,153966,5985,5415,5700,5665,0,5700,0,0,0,2017-04-17,32549863,5690,69,0,0,0,0,0,0,0,0,5695,85,0,0,0,0,0,0,0,0
292,2017-04-17,09:02:30,453,v1709,XDCE,5690,5655,5705,9556,271851600,156356,153966,5985,5415,5700,5665,0,5700,0,0,0,2017-04-17,32550453,5690,68,0,0,0,0,0,0,0,0,5695,85,0,0,0,0,0,0,0,0
293,2017-04-17,09:02:30,963,v1709,XDCE,5690,5655,5705,9558,271908500,156358,153966,5985,5415,5700,5665,0,5700,0,0,0,2017-04-17,32550963,5690,69,0,0,0,0,0,0,0,0,5695,86,0,0,0,0,0,0,0,0
294,2017-04-17,09:02:31,403,v1709,XDCE,5690,5655,5705,9558,271908500,156358,153966,5985,5415,5700,5665,0,5700,0,0,0,2017-04-17,32551403,5690,66,0,0,0,0,0,0,0,0,5695,86,0,0,0,0,0,0,0,0
295,2017-04-17,09:02:31,938,v1709,XDCE,5690,5655,5705,9558,271908500,156358,153966,5985,5415,5700,5665,0,5700,0,0,0,2017-04-17,32551938,5690,71,0,0,0,0,0,0,0,0,5695,84,0,0,0,0,0,0,0,0
296,2017-04-17,09:02:32,293,v1709,XDCE,5690,5655,5705,9558,271908500,156358,153966,5985,5415,5700,5665,0,5700,0,0,0,2017-04-17,32552293,5690,74,0,0,0,0,0,0,0,0,5695,84,0,0,0,0,0,0,0,0
297,2017-04-17,09:02:32,877,v1709,XDCE,5690,5655,5705,9558,271908500,156358,153966,5985,5415,5700,5665,0,5700,0,0,0,2017-04-17,32552877,5690,75,0,0,0,0,0,0,0,0,5695,84,0,0,0,0,0,0,0,0
298,2017-04-17,09:02:33,313,v1709,XDCE,5690,5655,5705,9568,272193000,156368,153966,5985,5415,5700,5665,0,5700,0,0,0,2017-04-17,32553313,5690,78,0,0,0,0,0,0,0,0,5695,85,0,0,0,0,0,0,0,0
299,2017-04-17,09:02:35,347,v1709,XDCE,5690,5655,5705,9568,272193000,156368,153966,5985,5415,5700,5665,0,5700,0,0,0,2017-04-17,32555347,5690,79,0,0,0,0,0,0,0,0,5695,85,0,0,0,0,0,0,0,0
300,2017-04-17,09:02:35,969,v1709,XDCE,5695,5655,5705,9572,272306900,156368,153966,5985,5415,5700,5665,0,5700,0,0,0,2017-04-17,32555969,5690,79,0,0,0,0,0,0,0,0,5695,82,0,0,0,0,0,0,0,0
301,2017-04-17,09:02:36,323,v1709,XDCE,5695,5655,5705,9572,272306900,156368,153966,5985,5415,5700,5665,0,5700,0,0,0,2017-04-17,32556323,5690,80,0,0,0,0,0,0,0,0,5695,92,0,0,0,0,0,0,0,0
302,2017-04-17,09:02:36,937,v1709,XDCE,5690,5655,5705,9580,272534500,156376,153966,5985,5415,5700,5665,0,5700,0,0,0,2017-04-17,32556937,5690,76,0,0,0,0,0,0,0,0,5695,92,0,0,0,0,0,0,0,0
303,2017-04-17,09:02:37,459,v1709,XDCE,5690,5655,5705,9582,272591400,156376,153966,5985,5415,5700,5665,0,5700,0,0,0,2017-04-17,32557459,5690,75,0,0,0,0,0,0,0,0,5695,92,0,0,0,0,0,0,0,0
304,2017-04-17,09:02:37,855,v1709,XDCE,5695,5655,5705,9584,272648350,156378,153966,5985,5415,5700,5665,0,5700,0,0,0,2017-04-17,32557855,5690,75,0,0,0,0,0,0,0,0,5695,91,0,0,0,0,0,0,0,0
305,2017-04-17,09:02:38,408,v1709,XDCE,5695,5655,5705,9588,272762250,156378,153966,5985,5415,5700,5665,0,5700,0,0,0,2017-04-17,32558408,5690,75,0,0,0,0,0,0,0,0,5695,89,0,0,0,0,0,0,0,0
306,2017-04-17,09:02:40,447,v1709,XDCE,5695,5655,5705,9588,272762250,156378,153966,5985,5415,5700,5665,0,5700,0,0,0,2017-04-17,32560447,5690,83,0,0,0,0,0,0,0,0,5695,88,0,0,0,0,0,0,0,0
307,2017-04-17,09:02:40,878,v1709,XDCE,5695,5655,5705,9592,272876150,156378,153966,5985,5415,5700,5665,0,5700,0,0,0,2017-04-17,32560878,5690,80,0,0,0,0,0,0,0,0,5695,86,0,0,0,0,0,0,0,0
308,2017-04-17,09:02:41,427,v1709,XDCE,5690,5655,5705,9594,272933050,156378,153966,5985,5415,5700,5665,0,5700,0,0,0,2017-04-17,32561427,5690,97,0,0,0,0,0,0,0,0,5695,79,0,0,0,0,0,0,0,0
309,2017-04-17,09:02:41,906,v1709,XDCE,5690,5655,5705,9594,272933050,156378,153966,5985,5415,5700,5665,0,5700,0,0,0,2017-04-17,32561906,5690,104,0,0,0,0,0,0,0,0,5695,85,0,0,0,0,0,0,0,0
310,2017-04-17,09:02:42,850,v1709,XDCE,5695,5655,5705,9600,273103900,156378,153966,5985,5415,5700,5665,0,5700,0,0,0,2017-04-17,32562850,5690,104,0,0,0,0,0,0,0,0,5695,82,0,0,0,0,0,0,0,0
311,2017-04-17,09:02:43,452,v1709,XDCE,5695,5655,5705,9602,273160850,156378,153966,5985,5415,5700,5665,0,5700,0,0,0,2017-04-17,32563452,5690,104,0,0,0,0,0,0,0,0,5695,81,0,0,0,0,0,0,0,0
312,2017-04-17,09:02:43,953,v1709,XDCE,5695,5655,5705,9602,273160850,156378,153966,5985,5415,5700,5665,0,5700,0,0,0,2017-04-17,32563953,5690,104,0,0,0,0,0,0,0,0,5695,79,0,0,0,0,0,0,0,0
313,2017-04-17,09:02:44,311,v1709,XDCE,5695,5655,5705,9602,273160850,156378,153966,5985,5415,5700,5665,0,5700,0,0,0,2017-04-17,32564311,5690,104,0,0,0,0,0,0,0,0,5695,78,0,0,0,0,0,0,0,0
314,2017-04-17,09:02:44,799,v1709,XDCE,5695,5655,5705,9602,273160850,156378,153966,5985,5415,5700,5665,0,5700,0,0,0,2017-04-17,32564799,5690,104,0,0,0,0,0,0,0,0,5695,77,0,0,0,0,0,0,0,0
315,2017-04-17,09:02:45,942,v1709,XDCE,5695,5655,5705,9608,273331700,156380,153966,5985,5415,5700,5665,0,5700,0,0,0,2017-04-17,32565942,5690,104,0,0,0,0,0,0,0,0,5695,75,0,0,0,0,0,0,0,0
316,2017-04-17,09:02:46,910,v1709,XDCE,5695,5655,5705,9608,273331700,156380,153966,5985,5415,5700,5665,0,5700,0,0,0,2017-04-17,32566910,5690,107,0,0,0,0,0,0,0,0,5695,75,0,0,0,0,0,0,0,0
317,2017-04-17,09:02:47,369,v1709,XDCE,5690,5655,5705,9628,273900700,156396,153966,5985,5415,5700,5665,0,5700,0,0,0,2017-04-17,32567369,5690,97,0,0,0,0,0,0,0,0,5695,75,0,0,0,0,0,0,0,0
318,2017-04-17,09:02:47,856,v1709,XDCE,5690,5655,5705,9642,274299000,156410,153966,5985,5415,5700,5665,0,5700,0,0,0,2017-04-17,32567856,5690,94,0,0,0,0,0,0,0,0,5695,75,0,0,0,0,0,0,0,0
319,2017-04-17,09:02:48,423,v1709,XDCE,5695,5655,5705,9736,276973400,156388,153966,5985,5415,5700,5665,0,5700,0,0,0,2017-04-17,32568423,5690,49,0,0,0,0,0,0,0,0,5695,84,0,0,0,0,0,0,0,0
320,2017-04-17,09:02:48,943,v1709,XDCE,5695,5655,5705,9736,276973400,156388,153966,5985,5415,5700,5665,0,5700,0,0,0,2017-04-17,32568943,5690,56,0,0,0,0,0,0,0,0,5695,84,0,0,0,0,0,0,0,0
321,2017-04-17,09:02:49,339,v1709,XDCE,5695,5655,5705,9742,277144250,156386,153966,5985,5415,5700,5665,0,5700,0,0,0,2017-04-17,32569339,5690,65,0,0,0,0,0,0,0,0,5695,71,0,0,0,0,0,0,0,0
322,2017-04-17,09:02:49,959,v1709,XDCE,5695,5655,5705,9744,277201200,156384,153966,5985,5415,5700,5665,0,5700,0,0,0,2017-04-17,32569959,5690,66,0,0,0,0,0,0,0,0,5695,66,0,0,0,0,0,0,0,0
323,2017-04-17,09:02:50,357,v1709,XDCE,5695,5655,5705,9888,281301600,156364,153966,5985,5415,5700,5665,0,5700,0,0,0,2017-04-17,32570357,5695,14,0,0,0,0,0,0,0,0,5700,426,0,0,0,0,0,0,0,0
324,2017-04-17,09:02:50,969,v1709,XDCE,5695,5655,5705,9892,281415500,156362,153966,5985,5415,5700,5665,0,5700,0,0,0,2017-04-17,32570969,5695,22,0,0,0,0,0,0,0,0,5700,433,0,0,0,0,0,0,0,0
325,2017-04-17,09:02:51,442,v1709,XDCE,5695,5655,5705,9894,281472450,156362,153966,5985,5415,5700,5665,0,5700,0,0,0,2017-04-17,32571442,5695,25,0,0,0,0,0,0,0,0,5700,426,0,0,0,0,0,0,0,0
326,2017-04-17,09:02:51,940,v1709,XDCE,5695,5655,5705,9894,281472450,156362,153966,5985,5415,5700,5665,0,5700,0,0,0,2017-04-17,32571940,5695,35,0,0,0,0,0,0,0,0,5700,427,0,0,0,0,0,0,0,0
327,2017-04-17,09:02:52,425,v1709,XDCE,5700,5655,5705,9896,281529450,156362,153966,5985,5415,5700,5665,0,5700,0,0,0,2017-04-17,32572425,5695,35,0,0,0,0,0,0,0,0,5700,426,0,0,0,0,0,0,0,0
328,2017-04-17,09:02:52,859,v1709,XDCE,5700,5655,5705,9896,281529450,156362,153966,5985,5415,5700,5665,0,5700,0,0,0,2017-04-17,32572859,5695,37,0,0,0,0,0,0,0,0,5700,426,0,0,0,0,0,0,0,0
329,2017-04-17,09:02:53,951,v1709,XDCE,5695,5655,5705,9898,281586400,156362,153966,5985,5415,5700,5665,0,5700,0,0,0,2017-04-17,32573951,5695,37,0,0,0,0,0,0,0,0,5700,426,0,0,0,0,0,0,0,0
330,2017-04-17,09:02:54,420,v1709,XDCE,5700,5655,5705,9908,281871400,156358,153966,5985,5415,5700,5665,0,5700,0,0,0,2017-04-17,32574420,5695,37,0,0,0,0,0,0,0,0,5700,421,0,0,0,0,0,0,0,0
331,2017-04-17,09:02:55,432,v1709,XDCE,5695,5655,5705,9920,282213100,156346,153966,5985,5415,5700,5665,0,5700,0,0,0,2017-04-17,32575432,5695,31,0,0,0,0,0,0,0,0,5700,421,0,0,0,0,0,0,0,0
332,2017-04-17,09:02:55,587,v1709,XDCE,5695,5655,5705,9922,282270050,156344,153966,5985,5415,5700,5665,0,5700,0,0,0,2017-04-17,32575587,5695,30,0,0,0,0,0,0,0,0,5700,421,0,0,0,0,0,0,0,0
333,2017-04-17,09:02:56,468,v1709,XDCE,5695,5655,5705,9984,284035550,156324,153966,5985,5415,5700,5665,0,5700,0,0,0,2017-04-17,32576468,5690,75,0,0,0,0,0,0,0,0,5695,10,0,0,0,0,0,0,0,0
334,2017-04-17,09:02:56,957,v1709,XDCE,5690,5655,5705,9988,284149400,156326,153966,5985,5415,5700,5665,0,5700,0,0,0,2017-04-17,32576957,5690,71,0,0,0,0,0,0,0,0,5695,17,0,0,0,0,0,0,0,0
335,2017-04-17,09:02:57,439,v1709,XDCE,5695,5655,5705,9990,284206350,156324,153966,5985,5415,5700,5665,0,5700,0,0,0,2017-04-17,32577439,5690,71,0,0,0,0,0,0,0,0,5695,28,0,0,0,0,0,0,0,0
336,2017-04-17,09:02:57,859,v1709,XDCE,5690,5655,5705,9992,284263250,156324,153966,5985,5415,5700,5665,0,5700,0,0,0,2017-04-17,32577859,5690,69,0,0,0,0,0,0,0,0,5695,47,0,0,0,0,0,0,0,0
337,2017-04-17,09:02:58,471,v1709,XDCE,5695,5655,5705,9996,284377150,156324,153966,5985,5415,5700,5665,0,5700,0,0,0,2017-04-17,32578471,5690,69,0,0,0,0,0,0,0,0,5695,45,0,0,0,0,0,0,0,0
338,2017-04-17,09:02:58,890,v1709,XDCE,5695,5655,5705,9996,284377150,156324,153966,5985,5415,5700,5665,0,5700,0,0,0,2017-04-17,32578890,5690,69,0,0,0,0,0,0,0,0,5695,49,0,0,0,0,0,0,0,0
339,2017-04-17,09:02:59,357,v1709,XDCE,5695,5655,5705,10056,286085650,156334,153966,5985,5415,5700,5665,0,5700,0,0,0,2017-04-17,32579357,5690,69,0,0,0,0,0,0,0,0,5695,19,0,0,0,0,0,0,0,0
340,2017-04-17,09:02:59,943,v1709,XDCE,5690,5655,5705,10080,286769000,156334,153966,5985,5415,5700,5665,0,5700,0,0,0,2017-04-17,32579943,5690,68,0,0,0,0,0,0,0,0,5695,8,0,0,0,0,0,0,0,0
341,2017-04-17,09:03:00,461,v1709,XDCE,5695,5655,5705,10082,286825950,156336,153966,5985,5415,5700,5665,0,5700,0,0,0,2017-04-17,32580461,5690,69,0,0,0,0,0,0,0,0,5695,10,0,0,0,0,0,0,0,0
342,2017-04-17,09:03:00,832,v1709,XDCE,5695,5655,5705,10084,286882900,156336,153966,5985,5415,5700,5665,0,5700,0,0,0,2017-04-17,32580832,5690,69,0,0,0,0,0,0,0,0,5695,16,0,0,0,0,0,0,0,0
343,2017-04-17,09:03:01,370,v1709,XDCE,5695,5655,5705,10118,287851050,156344,153966,5985,5415,5700,5665,0,5700,0,0,0,2017-04-17,32581370,5695,19,0,0,0,0,0,0,0,0,5700,419,0,0,0,0,0,0,0,0
344,2017-04-17,09:03:01,952,v1709,XDCE,5695,5655,5705,10132,288249700,156358,153966,5985,5415,5700,5665,0,5700,0,0,0,2017-04-17,32581952,5695,37,0,0,0,0,0,0,0,0,5700,418,0,0,0,0,0,0,0,0
345,2017-04-17,09:03:02,466,v1709,XDCE,5695,5655,5705,10132,288249700,156358,153966,5985,5415,5700,5665,0,5700,0,0,0,2017-04-17,32582466,5695,37,0,0,0,0,0,0,0,0,5700,429,0,0,0,0,0,0,0,0
346,2017-04-17,09:03:02,896,v1709,XDCE,5700,5655,5705,10134,288306700,156358,153966,5985,5415,5700,5665,0,5700,0,0,0,2017-04-17,32582896,5695,45,0,0,0,0,0,0,0,0,5700,429,0,0,0,0,0,0,0,0
347,2017-04-17,09:03:03,472,v1709,XDCE,5700,5655,5705,10144,288591700,156350,153966,5985,5415,5700,5665,0,5700,0,0,0,2017-04-17,32583472,5695,45,0,0,0,0,0,0,0,0,5700,424,0,0,0,0,0,0,0,0
348,2017-04-17,09:03:03,938,v1709,XDCE,5700,5655,5705,10144,288591700,156350,153966,5985,5415,5700,5665,0,5700,0,0,0,2017-04-17,32583938,5695,48,0,0,0,0,0,0,0,0,5700,423,0,0,0,0,0,0,0,0
349,2017-04-17,09:03:04,471,v1709,XDCE,5700,5655,5705,10144,288591700,156350,153966,5985,5415,5700,5665,0,5700,0,0,0,2017-04-17,32584471,5695,49,0,0,0,0,0,0,0,0,5700,423,0,0,0,0,0,0,0,0
350,2017-04-17,09:03:04,965,v1709,XDCE,5700,5655,5705,10154,288876700,156340,153966,5985,5415,5700,5665,0,5700,0,0,0,2017-04-17,32584965,5695,44,0,0,0,0,0,0,0,0,5700,418,0,0,0,0,0,0,0,0
351,2017-04-17,09:03:05,951,v1709,XDCE,5700,5655,5705,10158,288990700,156342,153966,5985,5415,5700,5665,0,5700,0,0,0,2017-04-17,32585951,5695,44,0,0,0,0,0,0,0,0,5700,417,0,0,0,0,0,0,0,0
352,2017-04-17,09:03:06,949,v1709,XDCE,5700,5655,5705,10160,289047700,156342,153966,5985,5415,5700,5665,0,5700,0,0,0,2017-04-17,32586949,5695,44,0,0,0,0,0,0,0,0,5700,416,0,0,0,0,0,0,0,0
353,2017-04-17,09:03:07,354,v1709,XDCE,5695,5655,5705,10162,289104650,156344,153966,5985,5415,5700,5665,0,5700,0,0,0,2017-04-17,32587354,5695,55,0,0,0,0,0,0,0,0,5700,416,0,0,0,0,0,0,0,0
354,2017-04-17,09:03:07,953,v1709,XDCE,5695,5655,5705,10164,289161600,156344,153966,5985,5415,5700,5665,0,5700,0,0,0,2017-04-17,32587953,5695,55,0,0,0,0,0,0,0,0,5700,416,0,0,0,0,0,0,0,0
355,2017-04-17,09:03:08,373,v1709,XDCE,5700,5655,5705,10166,289218600,156342,153966,5985,5415,5700,5665,0,5700,0,0,0,2017-04-17,32588373,5695,56,0,0,0,0,0,0,0,0,5700,415,0,0,0,0,0,0,0,0
356,2017-04-17,09:03:08,956,v1709,XDCE,5695,5655,5705,10170,289332500,156342,153966,5985,5415,5700,5665,0,5700,0,0,0,2017-04-17,32588956,5695,58,0,0,0,0,0,0,0,0,5700,415,0,0,0,0,0,0,0,0
357,2017-04-17,09:03:09,433,v1709,XDCE,5695,5655,5705,10174,289446400,156342,153966,5985,5415,5700,5665,0,5700,0,0,0,2017-04-17,32589433,5695,58,0,0,0,0,0,0,0,0,5700,425,0,0,0,0,0,0,0,0
358,2017-04-17,09:03:09,854,v1709,XDCE,5695,5655,5705,10256,291781400,156370,153966,5985,5415,5700,5665,0,5700,0,0,0,2017-04-17,32589854,5695,18,0,0,0,0,0,0,0,0,5700,429,0,0,0,0,0,0,0,0
359,2017-04-17,09:03:10,311,v1709,XDCE,5695,5655,5705,10292,292806500,156366,153966,5985,5415,5700,5665,0,5700,0,0,0,2017-04-17,32590311,5690,81,0,0,0,0,0,0,0,0,5695,20,0,0,0,0,0,0,0,0
360,2017-04-17,09:03:10,958,v1709,XDCE,5695,5655,5705,10296,292920400,156366,153966,5985,5415,5700,5665,0,5700,0,0,0,2017-04-17,32590958,5690,77,0,0,0,0,0,0,0,0,5695,24,0,0,0,0,0,0,0,0
361,2017-04-17,09:03:11,460,v1709,XDCE,5695,5655,5705,10348,294401100,156402,153966,5985,5415,5700,5665,0,5700,0,0,0,2017-04-17,32591460,5690,78,0,0,0,0,0,0,0,0,5695,1,0,0,0,0,0,0,0,0
362,2017-04-17,09:03:11,886,v1709,XDCE,5695,5655,5705,10376,295198700,156398,153966,5985,5415,5700,5665,0,5700,0,0,0,2017-04-17,32591886,5695,4,0,0,0,0,0,0,0,0,5700,421,0,0,0,0,0,0,0,0
363,2017-04-17,09:03:12,434,v1709,XDCE,5700,5655,5705,10380,295312700,156396,153966,5985,5415,5700,5665,0,5700,0,0,0,2017-04-17,32592434,5695,14,0,0,0,0,0,0,0,0,5700,419,0,0,0,0,0,0,0,0
364,2017-04-17,09:03:12,926,v1709,XDCE,5700,5655,5705,10382,295369700,156396,153966,5985,5415,5700,5665,0,5700,0,0,0,2017-04-17,32592926,5695,14,0,0,0,0,0,0,0,0,5700,418,0,0,0,0,0,0,0,0
365,2017-04-17,09:03:13,428,v1709,XDCE,5700,5655,5705,10382,295369700,156396,153966,5985,5415,5700,5665,0,5700,0,0,0,2017-04-17,32593428,5695,22,0,0,0,0,0,0,0,0,5700,418,0,0,0,0,0,0,0,0
366,2017-04-17,09:03:13,953,v1709,XDCE,5700,5655,5705,10384,295426700,156396,153966,5985,5415,5700,5665,0,5700,0,0,0,2017-04-17,32593953,5695,22,0,0,0,0,0,0,0,0,5700,417,0,0,0,0,0,0,0,0
367,2017-04-17,09:03:14,299,v1709,XDCE,5700,5655,5705,10384,295426700,156396,153966,5985,5415,5700,5665,0,5700,0,0,0,2017-04-17,32594299,5695,25,0,0,0,0,0,0,0,0,5700,417,0,0,0,0,0,0,0,0
368,2017-04-17,09:03:15,421,v1709,XDCE,5700,5655,5705,10384,295426700,156396,153966,5985,5415,5700,5665,0,5700,0,0,0,2017-04-17,32595421,5695,25,0,0,0,0,0,0,0,0,5700,422,0,0,0,0,0,0,0,0
369,2017-04-17,09:03:16,791,v1709,XDCE,5695,5655,5705,10388,295540600,156396,153966,5985,5415,5700,5665,0,5700,0,0,0,2017-04-17,32596791,5695,23,0,0,0,0,0,0,0,0,5700,424,0,0,0,0,0,0,0,0
370,2017-04-17,09:03:17,945,v1709,XDCE,5695,5655,5705,10390,295597550,156394,153966,5985,5415,5700,5665,0,5700,0,0,0,2017-04-17,32597945,5695,23,0,0,0,0,0,0,0,0,5700,424,0,0,0,0,0,0,0,0
371,2017-04-17,09:03:18,466,v1709,XDCE,5700,5655,5705,10394,295711550,156394,153966,5985,5415,5700,5665,0,5700,0,0,0,2017-04-17,32598466,5695,23,0,0,0,0,0,0,0,0,5700,422,0,0,0,0,0,0,0,0
372,2017-04-17,09:03:18,788,v1709,XDCE,5700,5655,5705,10394,295711550,156394,153966,5985,5415,5700,5665,0,5700,0,0,0,2017-04-17,32598788,5695,28,0,0,0,0,0,0,0,0,5700,422,0,0,0,0,0,0,0,0
373,2017-04-17,09:03:19,807,v1709,XDCE,5700,5655,5705,10394,295711550,156394,153966,5985,5415,5700,5665,0,5700,0,0,0,2017-04-17,32599807,5695,28,0,0,0,0,0,0,0,0,5700,421,0,0,0,0,0,0,0,0
374,2017-04-17,09:03:20,446,v1709,XDCE,5700,5655,5705,10398,295825550,156394,153966,5985,5415,5700,5665,0,5700,0,0,0,2017-04-17,32600446,5695,28,0,0,0,0,0,0,0,0,5700,419,0,0,0,0,0,0,0,0
375,2017-04-17,09:03:20,943,v1709,XDCE,5695,5655,5705,10400,295882500,156394,153966,5985,5415,5700,5665,0,5700,0,0,0,2017-04-17,32600943,5695,27,0,0,0,0,0,0,0,0,5700,419,0,0,0,0,0,0,0,0
376,2017-04-17,09:03:21,468,v1709,XDCE,5695,5655,5705,10404,295996400,156396,153966,5985,5415,5700,5665,0,5700,0,0,0,2017-04-17,32601468,5695,26,0,0,0,0,0,0,0,0,5700,419,0,0,0,0,0,0,0,0
377,2017-04-17,09:03:21,964,v1709,XDCE,5700,5655,5705,10408,296110350,156396,153966,5985,5415,5700,5665,0,5700,0,0,0,2017-04-17,32601964,5695,55,0,0,0,0,0,0,0,0,5700,418,0,0,0,0,0,0,0,0
378,2017-04-17,09:03:22,317,v1709,XDCE,5700,5655,5705,10432,296794350,156372,153966,5985,5415,5700,5665,0,5700,0,0,0,2017-04-17,32602317,5695,55,0,0,0,0,0,0,0,0,5700,406,0,0,0,0,0,0,0,0
379,2017-04-17,09:03:22,963,v1709,XDCE,5700,5655,5705,10434,296851350,156372,153966,5985,5415,5700,5665,0,5700,0,0,0,2017-04-17,32602963,5695,63,0,0,0,0,0,0,0,0,5700,405,0,0,0,0,0,0,0,0
380,2017-04-17,09:03:23,407,v1709,XDCE,5700,5655,5705,10448,297250350,156364,153966,5985,5415,5700,5665,0,5700,0,0,0,2017-04-17,32603407,5695,59,0,0,0,0,0,0,0,0,5700,398,0,0,0,0,0,0,0,0
381,2017-04-17,09:03:23,886,v1709,XDCE,5695,5655,5705,10452,297364300,156366,153966,5985,5415,5700,5665,0,5700,0,0,0,2017-04-17,32603886,5695,58,0,0,0,0,0,0,0,0,5700,398,0,0,0,0,0,0,0,0
382,2017-04-17,09:03:24,469,v1709,XDCE,5700,5655,5705,10460,297592300,156362,153966,5985,5415,5700,5665,0,5700,0,0,0,2017-04-17,32604469,5695,58,0,0,0,0,0,0,0,0,5700,394,0,0,0,0,0,0,0,0
383,2017-04-17,09:03:26,430,v1709,XDCE,5700,5655,5705,10460,297592300,156362,153966,5985,5415,5700,5665,0,5700,0,0,0,2017-04-17,32606430,5695,64,0,0,0,0,0,0,0,0,5700,389,0,0,0,0,0,0,0,0
384,2017-04-17,09:03:26,669,v1709,XDCE,5700,5655,5705,10460,297592300,156362,153966,5985,5415,5700,5665,0,5700,0,0,0,2017-04-17,32606669,5695,65,0,0,0,0,0,0,0,0,5700,389,0,0,0,0,0,0,0,0
385,2017-04-17,09:03:27,961,v1709,XDCE,5695,5655,5705,10462,297649250,156364,153966,5985,5415,5700,5665,0,5700,0,0,0,2017-04-17,32607961,5695,64,0,0,0,0,0,0,0,0,5700,389,0,0,0,0,0,0,0,0
386,2017-04-17,09:03:28,361,v1709,XDCE,5700,5655,5705,10464,297706250,156362,153966,5985,5415,5700,5665,0,5700,0,0,0,2017-04-17,32608361,5695,64,0,0,0,0,0,0,0,0,5700,388,0,0,0,0,0,0,0,0
387,2017-04-17,09:03:28,932,v1709,XDCE,5700,5655,5705,10514,299131150,156392,153966,5985,5415,5700,5665,0,5700,0,0,0,2017-04-17,32608932,5695,62,0,0,0,0,0,0,0,0,5700,365,0,0,0,0,0,0,0,0
388,2017-04-17,09:03:29,253,v1709,XDCE,5700,5655,5705,10520,299302050,156396,153966,5985,5415,5700,5665,0,5700,0,0,0,2017-04-17,32609253,5695,60,0,0,0,0,0,0,0,0,5700,364,0,0,0,0,0,0,0,0
389,2017-04-17,09:03:31,969,v1709,XDCE,5700,5655,5705,10522,299359050,156398,153966,5985,5415,5700,5665,0,5700,0,0,0,2017-04-17,32611969,5695,60,0,0,0,0,0,0,0,0,5700,364,0,0,0,0,0,0,0,0
390,2017-04-17,09:03:32,448,v1709,XDCE,5700,5655,5705,10526,299473050,156398,153966,5985,5415,5700,5665,0,5700,0,0,0,2017-04-17,32612448,5695,29,0,0,0,0,0,0,0,0,5700,362,0,0,0,0,0,0,0,0
391,2017-04-17,09:03:32,881,v1709,XDCE,5700,5655,5705,10586,301183050,156378,153966,5985,5415,5700,5665,0,5700,0,0,0,2017-04-17,32612881,5695,32,0,0,0,0,0,0,0,0,5700,332,0,0,0,0,0,0,0,0
392,2017-04-17,09:03:33,792,v1709,XDCE,5700,5655,5705,10588,301240050,156380,153966,5985,5415,5700,5665,0,5700,0,0,0,2017-04-17,32613792,5695,32,0,0,0,0,0,0,0,0,5700,331,0,0,0,0,0,0,0,0
393,2017-04-17,09:03:34,922,v1709,XDCE,5695,5655,5705,10600,301581750,156372,153966,5985,5415,5700,5665,0,5700,0,0,0,2017-04-17,32614922,5695,28,0,0,0,0,0,0,0,0,5700,331,0,0,0,0,0,0,0,0
394,2017-04-17,09:03:35,432,v1709,XDCE,5700,5655,5705,10620,302151750,156392,153966,5985,5415,5700,5665,0,5700,0,0,0,2017-04-17,32615432,5695,28,0,0,0,0,0,0,0,0,5700,321,0,0,0,0,0,0,0,0
395,2017-04-17,09:03:35,747,v1709,XDCE,5700,5655,5705,10662,303348750,156392,153966,5985,5415,5700,5665,0,5700,0,0,0,2017-04-17,32615747,5695,28,0,0,0,0,0,0,0,0,5700,300,0,0,0,0,0,0,0,0
396,2017-04-17,09:03:36,272,v1709,XDCE,5700,5655,5705,10664,303405750,156394,153966,5985,5415,5700,5665,0,5700,0,0,0,2017-04-17,32616272,5695,31,0,0,0,0,0,0,0,0,5700,300,0,0,0,0,0,0,0,0
397,2017-04-17,09:03:36,932,v1709,XDCE,5700,5655,5705,10666,303462750,156394,153966,5985,5415,5700,5665,0,5700,0,0,0,2017-04-17,32616932,5695,31,0,0,0,0,0,0,0,0,5700,299,0,0,0,0,0,0,0,0
398,2017-04-17,09:03:37,943,v1709,XDCE,5700,5655,5705,10666,303462750,156394,153966,5985,5415,5700,5665,0,5700,0,0,0,2017-04-17,32617943,5695,71,0,0,0,0,0,0,0,0,5700,299,0,0,0,0,0,0,0,0
399,2017-04-17,09:03:38,956,v1709,XDCE,5700,5655,5705,10666,303462750,156394,153966,5985,5415,5700,5665,0,5700,0,0,0,2017-04-17,32618956,5695,72,0,0,0,0,0,0,0,0,5700,299,0,0,0,0,0,0,0,0
400,2017-04-17,09:03:39,213,v1709,XDCE,5700,5655,5705,10666,303462750,156394,153966,5985,5415,5700,5665,0,5700,0,0,0,2017-04-17,32619213,5695,82,0,0,0,0,0,0,0,0,5700,299,0,0,0,0,0,0,0,0
401,2017-04-17,09:03:39,943,v1709,XDCE,5700,5655,5705,10666,303462750,156394,153966,5985,5415,5700,5665,0,5700,0,0,0,2017-04-17,32619943,5695,83,0,0,0,0,0,0,0,0,5700,299,0,0,0,0,0,0,0,0
402,2017-04-17,09:03:40,297,v1709,XDCE,5700,5655,5705,10666,303462750,156394,153966,5985,5415,5700,5665,0,5700,0,0,0,2017-04-17,32620297,5695,83,0,0,0,0,0,0,0,0,5700,301,0,0,0,0,0,0,0,0
403,2017-04-17,09:03:40,967,v1709,XDCE,5700,5655,5705,10672,303633700,156394,153966,5985,5415,5700,5665,0,5700,0,0,0,2017-04-17,32620967,5695,82,0,0,0,0,0,0,0,0,5700,299,0,0,0,0,0,0,0,0
404,2017-04-17,09:03:42,899,v1709,XDCE,5700,5655,5705,10702,304488700,156394,153966,5985,5415,5700,5665,0,5700,0,0,0,2017-04-17,32622899,5695,64,0,0,0,0,0,0,0,0,5700,284,0,0,0,0,0,0,0,0
405,2017-04-17,09:03:43,415,v1709,XDCE,5700,5655,5705,10702,304488700,156394,153966,5985,5415,5700,5665,0,5700,0,0,0,2017-04-17,32623415,5695,63,0,0,0,0,0,0,0,0,5700,284,0,0,0,0,0,0,0,0
406,2017-04-17,09:03:43,965,v1709,XDCE,5695,5655,5705,10706,304602600,156394,153966,5985,5415,5700,5665,0,5700,0,0,0,2017-04-17,32623965,5695,61,0,0,0,0,0,0,0,0,5700,289,0,0,0,0,0,0,0,0
407,2017-04-17,09:03:44,389,v1709,XDCE,5695,5655,5705,10708,304659550,156394,153966,5985,5415,5700,5665,0,5700,0,0,0,2017-04-17,32624389,5695,83,0,0,0,0,0,0,0,0,5700,289,0,0,0,0,0,0,0,0
408,2017-04-17,09:03:44,908,v1709,XDCE,5700,5655,5705,10710,304716550,156396,153966,5985,5415,5700,5665,0,5700,0,0,0,2017-04-17,32624908,5695,84,0,0,0,0,0,0,0,0,5700,285,0,0,0,0,0,0,0,0
409,2017-04-17,09:03:45,431,v1709,XDCE,5700,5655,5705,10712,304773550,156396,153966,5985,5415,5700,5665,0,5700,0,0,0,2017-04-17,32625431,5695,84,0,0,0,0,0,0,0,0,5700,283,0,0,0,0,0,0,0,0
410,2017-04-17,09:03:45,835,v1709,XDCE,5700,5655,5705,10724,305115300,156404,153966,5985,5415,5700,5665,0,5700,0,0,0,2017-04-17,32625835,5695,77,0,0,0,0,0,0,0,0,5700,277,0,0,0,0,0,0,0,0
411,2017-04-17,09:03:46,355,v1709,XDCE,5695,5655,5705,10726,305172250,156406,153966,5985,5415,5700,5665,0,5700,0,0,0,2017-04-17,32626355,5695,82,0,0,0,0,0,0,0,0,5700,277,0,0,0,0,0,0,0,0
412,2017-04-17,09:03:46,858,v1709,XDCE,5700,5655,5705,10768,306369200,156446,153966,5985,5415,5700,5665,0,5700,0,0,0,2017-04-17,32626858,5695,79,0,0,0,0,0,0,0,0,5700,257,0,0,0,0,0,0,0,0
413,2017-04-17,09:03:47,435,v1709,XDCE,5695,5655,5705,10926,310868250,156520,153966,5985,5415,5700,5665,0,5700,0,0,0,2017-04-17,32627435,5690,136,0,0,0,0,0,0,0,0,5700,257,0,0,0,0,0,0,0,0
414,2017-04-17,09:03:47,621,v1709,XDCE,5695,5655,5705,10926,310868250,156520,153966,5985,5415,5700,5665,0,5700,0,0,0,2017-04-17,32627621,5690,135,0,0,0,0,0,0,0,0,5700,257,0,0,0,0,0,0,0,0
415,2017-04-17,09:03:48,315,v1709,XDCE,5695,5655,5705,10926,310868250,156520,153966,5985,5415,5700,5665,0,5700,0,0,0,2017-04-17,32628315,5690,155,0,0,0,0,0,0,0,0,5700,258,0,0,0,0,0,0,0,0
416,2017-04-17,09:03:48,950,v1709,XDCE,5695,5655,5705,10926,310868250,156520,153966,5985,5415,5700,5665,0,5700,0,0,0,2017-04-17,32628950,5690,155,0,0,0,0,0,0,0,0,5700,259,0,0,0,0,0,0,0,0
417,2017-04-17,09:03:49,464,v1709,XDCE,5695,5655,5705,10944,311380800,156502,153966,5985,5415,5700,5665,0,5700,0,0,0,2017-04-17,32629464,5690,158,0,0,0,0,0,0,0,0,5695,9,0,0,0,0,0,0,0,0
418,2017-04-17,09:03:49,943,v1709,XDCE,5695,5655,5705,10970,312121150,156506,153966,5985,5415,5700,5665,0,5700,0,0,0,2017-04-17,32629943,5695,90,0,0,0,0,0,0,0,0,5700,250,0,0,0,0,0,0,0,0
419,2017-04-17,09:03:50,435,v1709,XDCE,5695,5655,5705,10970,312121150,156506,153966,5985,5415,5700,5665,0,5700,0,0,0,2017-04-17,32630435,5695,94,0,0,0,0,0,0,0,0,5700,259,0,0,0,0,0,0,0,0
420,2017-04-17,09:03:50,881,v1709,XDCE,5695,5655,5705,10970,312121150,156506,153966,5985,5415,5700,5665,0,5700,0,0,0,2017-04-17,32630881,5695,79,0,0,0,0,0,0,0,0,5700,259,0,0,0,0,0,0,0,0
421,2017-04-17,09:03:51,963,v1709,XDCE,5695,5655,5705,10976,312292000,156512,153966,5985,5415,5700,5665,0,5700,0,0,0,2017-04-17,32631963,5695,67,0,0,0,0,0,0,0,0,5700,259,0,0,0,0,0,0,0,0
422,2017-04-17,09:03:53,431,v1709,XDCE,5695,5655,5705,10976,312292000,156512,153966,5985,5415,5700,5665,0,5700,0,0,0,2017-04-17,32633431,5695,69,0,0,0,0,0,0,0,0,5700,259,0,0,0,0,0,0,0,0
423,2017-04-17,09:03:53,930,v1709,XDCE,5695,5655,5705,10976,312292000,156512,153966,5985,5415,5700,5665,0,5700,0,0,0,2017-04-17,32633930,5695,69,0,0,0,0,0,0,0,0,5700,261,0,0,0,0,0,0,0,0
424,2017-04-17,09:03:54,951,v1709,XDCE,5695,5655,5705,10978,312348950,156514,153966,5985,5415,5700,5665,0,5700,0,0,0,2017-04-17,32634951,5695,68,0,0,0,0,0,0,0,0,5700,262,0,0,0,0,0,0,0,0
425,2017-04-17,09:03:55,383,v1709,XDCE,5695,5655,5705,10978,312348950,156514,153966,5985,5415,5700,5665,0,5700,0,0,0,2017-04-17,32635383,5695,70,0,0,0,0,0,0,0,0,5700,262,0,0,0,0,0,0,0,0
426,2017-04-17,09:03:55,874,v1709,XDCE,5695,5655,5705,10978,312348950,156514,153966,5985,5415,5700,5665,0,5700,0,0,0,2017-04-17,32635874,5695,77,0,0,0,0,0,0,0,0,5700,262,0,0,0,0,0,0,0,0
427,2017-04-17,09:03:56,467,v1709,XDCE,5700,5655,5705,10992,312747950,156524,153966,5985,5415,5700,5665,0,5700,0,0,0,2017-04-17,32636467,5695,77,0,0,0,0,0,0,0,0,5700,260,0,0,0,0,0,0,0,0
428,2017-04-17,09:03:56,946,v1709,XDCE,5695,5655,5705,11006,313146600,156524,153966,5985,5415,5700,5665,0,5700,0,0,0,2017-04-17,32636946,5695,70,0,0,0,0,0,0,0,0,5700,260,0,0,0,0,0,0,0,0
429,2017-04-17,09:03:57,450,v1709,XDCE,5695,5655,5705,11016,313431350,156526,153966,5985,5415,5700,5665,0,5700,0,0,0,2017-04-17,32637450,5695,65,0,0,0,0,0,0,0,0,5700,260,0,0,0,0,0,0,0,0
430,2017-04-17,09:03:57,820,v1709,XDCE,5695,5655,5705,11016,313431350,156526,153966,5985,5415,5700,5665,0,5700,0,0,0,2017-04-17,32637820,5695,63,0,0,0,0,0,0,0,0,5700,260,0,0,0,0,0,0,0,0
431,2017-04-17,09:03:58,962,v1709,XDCE,5695,5655,5705,11044,314228650,156542,153966,5985,5415,5700,5665,0,5700,0,0,0,2017-04-17,32638962,5695,49,0,0,0,0,0,0,0,0,5700,270,0,0,0,0,0,0,0,0
432,2017-04-17,09:03:59,308,v1709,XDCE,5695,5655,5705,11142,317019200,156596,153966,5985,5415,5700,5665,0,5700,0,0,0,2017-04-17,32639308,5690,175,0,0,0,0,0,0,0,0,5700,267,0,0,0,0,0,0,0,0
433,2017-04-17,09:03:59,959,v1709,XDCE,5695,5655,5705,11142,317019200,156596,153966,5985,5415,5700,5665,0,5700,0,0,0,2017-04-17,32639959,5690,174,0,0,0,0,0,0,0,0,5695,11,0,0,0,0,0,0,0,0
434,2017-04-17,09:04:00,377,v1709,XDCE,5695,5655,5705,11142,317019200,156596,153966,5985,5415,5700,5665,0,5700,0,0,0,2017-04-17,32640377,5690,174,0,0,0,0,0,0,0,0,5695,40,0,0,0,0,0,0,0,0
435,2017-04-17,09:04:00,954,v1709,XDCE,5695,5655,5705,11142,317019200,156596,153966,5985,5415,5700,5665,0,5700,0,0,0,2017-04-17,32640954,5690,174,0,0,0,0,0,0,0,0,5695,44,0,0,0,0,0,0,0,0
436,2017-04-17,09:04:01,321,v1709,XDCE,5695,5655,5705,11142,317019200,156596,153966,5985,5415,5700,5665,0,5700,0,0,0,2017-04-17,32641321,5690,174,0,0,0,0,0,0,0,0,5695,46,0,0,0,0,0,0,0,0
437,2017-04-17,09:04:01,913,v1709,XDCE,5695,5655,5705,11142,317019200,156596,153966,5985,5415,5700,5665,0,5700,0,0,0,2017-04-17,32641913,5690,170,0,0,0,0,0,0,0,0,5695,56,0,0,0,0,0,0,0,0
438,2017-04-17,09:04:02,116,v1709,XDCE,5695,5655,5705,11144,317076150,156596,153966,5985,5415,5700,5665,0,5700,0,0,0,2017-04-17,32642116,5690,170,0,0,0,0,0,0,0,0,5695,65,0,0,0,0,0,0,0,0
439,2017-04-17,09:04:02,900,v1709,XDCE,5695,5655,5705,11146,317133100,156596,153966,5985,5415,5700,5665,0,5700,0,0,0,2017-04-17,32642900,5690,170,0,0,0,0,0,0,0,0,5695,64,0,0,0,0,0,0,0,0
440,2017-04-17,09:04:03,403,v1709,XDCE,5690,5655,5705,11148,317190000,156598,153966,5985,5415,5700,5665,0,5700,0,0,0,2017-04-17,32643403,5690,168,0,0,0,0,0,0,0,0,5695,65,0,0,0,0,0,0,0,0
441,2017-04-17,09:04:03,973,v1709,XDCE,5690,5655,5705,11148,317190000,156598,153966,5985,5415,5700,5665,0,5700,0,0,0,2017-04-17,32643973,5690,168,0,0,0,0,0,0,0,0,5695,72,0,0,0,0,0,0,0,0
442,2017-04-17,09:04:04,372,v1709,XDCE,5695,5655,5705,11180,318101200,156600,153966,5985,5415,5700,5665,0,5700,0,0,0,2017-04-17,32644372,5690,168,0,0,0,0,0,0,0,0,5695,49,0,0,0,0,0,0,0,0
443,2017-04-17,09:04:04,945,v1709,XDCE,5695,5655,5705,11180,318101200,156600,153966,5985,5415,5700,5665,0,5700,0,0,0,2017-04-17,32644945,5690,167,0,0,0,0,0,0,0,0,5695,49,0,0,0,0,0,0,0,0
444,2017-04-17,09:04:05,462,v1709,XDCE,5690,5655,5705,11182,318158100,156602,153966,5985,5415,5700,5665,0,5700,0,0,0,2017-04-17,32645462,5690,169,0,0,0,0,0,0,0,0,5695,45,0,0,0,0,0,0,0,0
445,2017-04-17,09:04:05,973,v1709,XDCE,5695,5655,5705,11192,318442850,156602,153966,5985,5415,5700,5665,0,5700,0,0,0,2017-04-17,32645973,5690,169,0,0,0,0,0,0,0,0,5695,40,0,0,0,0,0,0,0,0
446,2017-04-17,09:04:06,465,v1709,XDCE,5690,5655,5705,11196,318556650,156602,153966,5985,5415,5700,5665,0,5700,0,0,0,2017-04-17,32646465,5690,167,0,0,0,0,0,0,0,0,5695,40,0,0,0,0,0,0,0,0
447,2017-04-17,09:04:06,917,v1709,XDCE,5690,5655,5705,11196,318556650,156602,153966,5985,5415,5700,5665,0,5700,0,0,0,2017-04-17,32646917,5690,167,0,0,0,0,0,0,0,0,5695,43,0,0,0,0,0,0,0,0
448,2017-04-17,09:04:07,448,v1709,XDCE,5690,5655,5705,11196,318556650,156602,153966,5985,5415,5700,5665,0,5700,0,0,0,2017-04-17,32647448,5690,167,0,0,0,0,0,0,0,0,5695,48,0,0,0,0,0,0,0,0
449,2017-04-17,09:04:07,925,v1709,XDCE,5690,5655,5705,11200,318670450,156602,153966,5985,5415,5700,5665,0,5700,0,0,0,2017-04-17,32647925,5690,165,0,0,0,0,0,0,0,0,5695,78,0,0,0,0,0,0,0,0
450,2017-04-17,09:04:08,456,v1709,XDCE,5690,5655,5705,11200,318670450,156602,153966,5985,5415,5700,5665,0,5700,0,0,0,2017-04-17,32648456,5690,165,0,0,0,0,0,0,0,0,5695,80,0,0,0,0,0,0,0,0
451,2017-04-17,09:04:08,930,v1709,XDCE,5695,5655,5705,11206,318841300,156596,153966,5985,5415,5700,5665,0,5700,0,0,0,2017-04-17,32648930,5690,165,0,0,0,0,0,0,0,0,5695,78,0,0,0,0,0,0,0,0
452,2017-04-17,09:04:09,888,v1709,XDCE,5695,5655,5705,11206,318841300,156596,153966,5985,5415,5700,5665,0,5700,0,0,0,2017-04-17,32649888,5690,165,0,0,0,0,0,0,0,0,5695,92,0,0,0,0,0,0,0,0
453,2017-04-17,09:04:10,181,v1709,XDCE,5690,5655,5705,11208,318898200,156594,153966,5985,5415,5700,5665,0,5700,0,0,0,2017-04-17,32650181,5690,164,0,0,0,0,0,0,0,0,5695,94,0,0,0,0,0,0,0,0
454,2017-04-17,09:04:10,712,v1709,XDCE,5695,5655,5705,11210,318955150,156596,153966,5985,5415,5700,5665,0,5700,0,0,0,2017-04-17,32650712,5690,164,0,0,0,0,0,0,0,0,5695,93,0,0,0,0,0,0,0,0
455,2017-04-17,09:04:11,272,v1709,XDCE,5695,5655,5705,11212,319012100,156596,153966,5985,5415,5700,5665,0,5700,0,0,0,2017-04-17,32651272,5690,164,0,0,0,0,0,0,0,0,5695,94,0,0,0,0,0,0,0,0
456,2017-04-17,09:04:11,922,v1709,XDCE,5695,5655,5705,11212,319012100,156596,153966,5985,5415,5700,5665,0,5700,0,0,0,2017-04-17,32651922,5690,163,0,0,0,0,0,0,0,0,5695,94,0,0,0,0,0,0,0,0
457,2017-04-17,09:04:12,456,v1709,XDCE,5695,5655,5705,11212,319012100,156596,153966,5985,5415,5700,5665,0,5700,0,0,0,2017-04-17,32652456,5690,168,0,0,0,0,0,0,0,0,5695,94,0,0,0,0,0,0,0,0
458,2017-04-17,09:04:12,849,v1709,XDCE,5695,5655,5705,11212,319012100,156596,153966,5985,5415,5700,5665,0,5700,0,0,0,2017-04-17,32652849,5690,167,0,0,0,0,0,0,0,0,5695,94,0,0,0,0,0,0,0,0
459,2017-04-17,09:04:13,449,v1709,XDCE,5695,5655,5705,11212,319012100,156596,153966,5985,5415,5700,5665,0,5700,0,0,0,2017-04-17,32653449,5690,167,0,0,0,0,0,0,0,0,5695,95,0,0,0,0,0,0,0,0
460,2017-04-17,09:04:13,971,v1709,XDCE,5695,5655,5705,11214,319069050,156596,153966,5985,5415,5700,5665,0,5700,0,0,0,2017-04-17,32653971,5690,173,0,0,0,0,0,0,0,0,5695,94,0,0,0,0,0,0,0,0
461,2017-04-17,09:04:14,170,v1709,XDCE,5690,5655,5705,11216,319125950,156596,153966,5985,5415,5700,5665,0,5700,0,0,0,2017-04-17,32654170,5690,172,0,0,0,0,0,0,0,0,5695,94,0,0,0,0,0,0,0,0
462,2017-04-17,09:04:14,731,v1709,XDCE,5690,5655,5705,11216,319125950,156596,153966,5985,5415,5700,5665,0,5700,0,0,0,2017-04-17,32654731,5690,172,0,0,0,0,0,0,0,0,5695,95,0,0,0,0,0,0,0,0
463,2017-04-17,09:04:15,442,v1709,XDCE,5695,5655,5705,11218,319182900,156596,153966,5985,5415,5700,5665,0,5700,0,0,0,2017-04-17,32655442,5690,172,0,0,0,0,0,0,0,0,5695,94,0,0,0,0,0,0,0,0
464,2017-04-17,09:04:15,967,v1709,XDCE,5690,5655,5705,11220,319239800,156594,153966,5985,5415,5700,5665,0,5700,0,0,0,2017-04-17,32655967,5690,171,0,0,0,0,0,0,0,0,5695,95,0,0,0,0,0,0,0,0
465,2017-04-17,09:04:16,918,v1709,XDCE,5695,5655,5705,11400,324365300,156576,153966,5985,5415,5700,5665,0,5700,0,0,0,2017-04-17,32656918,5695,55,0,0,0,0,0,0,0,0,5700,296,0,0,0,0,0,0,0,0
466,2017-04-17,09:04:17,442,v1709,XDCE,5695,5655,5705,11400,324365300,156576,153966,5985,5415,5700,5665,0,5700,0,0,0,2017-04-17,32657442,5695,62,0,0,0,0,0,0,0,0,5700,295,0,0,0,0,0,0,0,0
467,2017-04-17,09:04:17,973,v1709,XDCE,5700,5655,5705,11410,324650200,156576,153966,5985,5415,5700,5665,0,5700,0,0,0,2017-04-17,32657973,5695,69,0,0,0,0,0,0,0,0,5700,282,0,0,0,0,0,0,0,0
468,2017-04-17,09:04:18,393,v1709,XDCE,5700,5655,5705,11410,324650200,156576,153966,5985,5415,5700,5665,0,5700,0,0,0,2017-04-17,32658393,5695,78,0,0,0,0,0,0,0,0,5700,282,0,0,0,0,0,0,0,0
469,2017-04-17,09:04:18,963,v1709,XDCE,5695,5655,5705,11412,324707150,156576,153966,5985,5415,5700,5665,0,5700,0,0,0,2017-04-17,32658963,5695,77,0,0,0,0,0,0,0,0,5700,282,0,0,0,0,0,0,0,0
470,2017-04-17,09:04:19,459,v1709,XDCE,5695,5655,5705,11412,324707150,156576,153966,5985,5415,5700,5665,0,5700,0,0,0,2017-04-17,32659459,5695,78,0,0,0,0,0,0,0,0,5700,282,0,0,0,0,0,0,0,0
471,2017-04-17,09:04:19,889,v1709,XDCE,5695,5655,5705,11412,324707150,156576,153966,5985,5415,5700,5665,0,5700,0,0,0,2017-04-17,32659889,5695,78,0,0,0,0,0,0,0,0,5700,292,0,0,0,0,0,0,0,0
472,2017-04-17,09:04:20,452,v1709,XDCE,5695,5655,5705,11414,324764100,156574,153966,5985,5415,5700,5665,0,5700,0,0,0,2017-04-17,32660452,5695,74,0,0,0,0,0,0,0,0,5700,292,0,0,0,0,0,0,0,0
473,2017-04-17,09:04:20,773,v1709,XDCE,5695,5655,5705,11416,324821050,156574,153966,5985,5415,5700,5665,0,5700,0,0,0,2017-04-17,32660773,5695,73,0,0,0,0,0,0,0,0,5700,292,0,0,0,0,0,0,0,0
474,2017-04-17,09:04:21,956,v1709,XDCE,5695,5655,5705,11416,324821050,156574,153966,5985,5415,5700,5665,0,5700,0,0,0,2017-04-17,32661956,5695,79,0,0,0,0,0,0,0,0,5700,290,0,0,0,0,0,0,0,0
475,2017-04-17,09:04:22,388,v1709,XDCE,5695,5655,5705,11416,324821050,156574,153966,5985,5415,5700,5665,0,5700,0,0,0,2017-04-17,32662388,5695,80,0,0,0,0,0,0,0,0,5700,290,0,0,0,0,0,0,0,0
476,2017-04-17,09:04:23,230,v1709,XDCE,5700,5655,5705,11430,325220050,156588,153966,5985,5415,5700,5665,0,5700,0,0,0,2017-04-17,32663230,5695,80,0,0,0,0,0,0,0,0,5700,288,0,0,0,0,0,0,0,0
477,2017-04-17,09:04:23,843,v1709,XDCE,5700,5655,5705,11470,326360050,156588,153966,5985,5415,5700,5665,0,5700,0,0,0,2017-04-17,32663843,5695,80,0,0,0,0,0,0,0,0,5700,268,0,0,0,0,0,0,0,0
478,2017-04-17,09:04:24,278,v1709,XDCE,5700,5655,5705,11470,326360050,156588,153966,5985,5415,5700,5665,0,5700,0,0,0,2017-04-17,32664278,5695,80,0,0,0,0,0,0,0,0,5700,267,0,0,0,0,0,0,0,0
479,2017-04-17,09:04:24,917,v1709,XDCE,5700,5655,5705,11470,326360050,156588,153966,5985,5415,5700,5665,0,5700,0,0,0,2017-04-17,32664917,5695,80,0,0,0,0,0,0,0,0,5700,266,0,0,0,0,0,0,0,0
480,2017-04-17,09:04:25,915,v1709,XDCE,5700,5655,5705,11472,326417050,156590,153966,5985,5415,5700,5665,0,5700,0,0,0,2017-04-17,32665915,5695,80,0,0,0,0,0,0,0,0,5700,266,0,0,0,0,0,0,0,0
481,2017-04-17,09:04:26,958,v1709,XDCE,5700,5655,5705,11474,326474050,156592,153966,5985,5415,5700,5665,0,5700,0,0,0,2017-04-17,32666958,5695,80,0,0,0,0,0,0,0,0,5700,265,0,0,0,0,0,0,0,0
482,2017-04-17,09:04:28,359,v1709,XDCE,5695,5655,5705,11476,326531000,156592,153966,5985,5415,5700,5665,0,5700,0,0,0,2017-04-17,32668359,5695,104,0,0,0,0,0,0,0,0,5700,265,0,0,0,0,0,0,0,0
483,2017-04-17,09:04:28,956,v1709,XDCE,5695,5655,5705,11478,326587950,156592,153966,5985,5415,5700,5665,0,5700,0,0,0,2017-04-17,32668956,5695,103,0,0,0,0,0,0,0,0,5700,265,0,0,0,0,0,0,0,0
484,2017-04-17,09:04:29,444,v1709,XDCE,5695,5655,5705,11478,326587950,156592,153966,5985,5415,5700,5665,0,5700,0,0,0,2017-04-17,32669444,5695,115,0,0,0,0,0,0,0,0,5700,265,0,0,0,0,0,0,0,0
485,2017-04-17,09:04:29,952,v1709,XDCE,5700,5655,5705,11480,326644950,156594,153966,5985,5415,5700,5665,0,5700,0,0,0,2017-04-17,32669952,5695,115,0,0,0,0,0,0,0,0,5700,264,0,0,0,0,0,0,0,0
486,2017-04-17,09:04:30,425,v1709,XDCE,5695,5655,5705,11482,326701900,156594,153966,5985,5415,5700,5665,0,5700,0,0,0,2017-04-17,32670425,5695,114,0,0,0,0,0,0,0,0,5700,264,0,0,0,0,0,0,0,0
487,2017-04-17,09:04:30,947,v1709,XDCE,5695,5655,5705,11486,326815850,156594,153966,5985,5415,5700,5665,0,5700,0,0,0,2017-04-17,32670947,5695,115,0,0,0,0,0,0,0,0,5700,263,0,0,0,0,0,0,0,0
488,2017-04-17,09:04:32,254,v1709,XDCE,5700,5655,5705,11488,326872850,156596,153966,5985,5415,5700,5665,0,5700,0,0,0,2017-04-17,32672254,5695,115,0,0,0,0,0,0,0,0,5700,264,0,0,0,0,0,0,0,0
489,2017-04-17,09:04:33,933,v1709,XDCE,5695,5655,5705,11518,327727100,156586,153966,5985,5415,5700,5665,0,5700,0,0,0,2017-04-17,32673933,5695,100,0,0,0,0,0,0,0,0,5700,263,0,0,0,0,0,0,0,0
490,2017-04-17,09:04:34,469,v1709,XDCE,5695,5655,5705,11518,327727100,156586,153966,5985,5415,5700,5665,0,5700,0,0,0,2017-04-17,32674469,5695,97,0,0,0,0,0,0,0,0,5700,263,0,0,0,0,0,0,0,0
491,2017-04-17,09:04:34,973,v1709,XDCE,5700,5655,5705,11524,327898100,156586,153966,5985,5415,5700,5665,0,5700,0,0,0,2017-04-17,32674973,5695,95,0,0,0,0,0,0,0,0,5700,261,0,0,0,0,0,0,0,0
492,2017-04-17,09:04:35,473,v1709,XDCE,5695,5655,5705,11526,327955050,156584,153966,5985,5415,5700,5665,0,5700,0,0,0,2017-04-17,32675473,5695,95,0,0,0,0,0,0,0,0,5700,260,0,0,0,0,0,0,0,0
493,2017-04-17,09:04:35,924,v1709,XDCE,5695,5655,5705,11528,328012000,156582,153966,5985,5415,5700,5665,0,5700,0,0,0,2017-04-17,32675924,5695,94,0,0,0,0,0,0,0,0,5700,261,0,0,0,0,0,0,0,0
494,2017-04-17,09:04:36,920,v1709,XDCE,5700,5655,5705,11530,328069000,156584,153966,5985,5415,5700,5665,0,5700,0,0,0,2017-04-17,32676920,5695,94,0,0,0,0,0,0,0,0,5700,260,0,0,0,0,0,0,0,0
495,2017-04-17,09:04:37,950,v1709,XDCE,5695,5655,5705,11734,333877900,156660,153966,5985,5415,5700,5665,0,5700,0,0,0,2017-04-17,32677950,5690,180,0,0,0,0,0,0,0,0,5695,123,0,0,0,0,0,0,0,0
496,2017-04-17,09:04:38,402,v1709,XDCE,5690,5655,5705,11764,334731400,156668,153966,5985,5415,5700,5665,0,5700,0,0,0,2017-04-17,32678402,5690,163,0,0,0,0,0,0,0,0,5695,111,0,0,0,0,0,0,0,0
497,2017-04-17,09:04:38,562,v1709,XDCE,5690,5655,5705,11764,334731400,156668,153966,5985,5415,5700,5665,0,5700,0,0,0,2017-04-17,32678562,5690,164,0,0,0,0,0,0,0,0,5695,112,0,0,0,0,0,0,0,0
498,2017-04-17,09:04:39,300,v1709,XDCE,5695,5655,5705,11774,335016150,156658,153966,5985,5415,5700,5665,0,5700,0,0,0,2017-04-17,32679300,5690,164,0,0,0,0,0,0,0,0,5695,97,0,0,0,0,0,0,0,0
499,2017-04-17,09:04:39,855,v1709,XDCE,5695,5655,5705,11774,335016150,156658,153966,5985,5415,5700,5665,0,5700,0,0,0,2017-04-17,32679855,5690,163,0,0,0,0,0,0,0,0,5695,97,0,0,0,0,0,0,0,0
500,2017-04-17,09:04:40,453,v1709,XDCE,5695,5655,5705,11774,335016150,156658,153966,5985,5415,5700,5665,0,5700,0,0,0,2017-04-17,32680453,5690,162,0,0,0,0,0,0,0,0,5695,99,0,0,0,0,0,0,0,0
501,2017-04-17,09:04:40,789,v1709,XDCE,5695,5655,5705,11776,335073100,156656,153966,5985,5415,5700,5665,0,5700,0,0,0,2017-04-17,32680789,5690,157,0,0,0,0,0,0,0,0,5695,98,0,0,0,0,0,0,0,0
502,2017-04-17,09:04:41,367,v1709,XDCE,5695,5655,5705,11788,335414800,156654,153966,5985,5415,5700,5665,0,5700,0,0,0,2017-04-17,32681367,5690,153,0,0,0,0,0,0,0,0,5695,92,0,0,0,0,0,0,0,0
503,2017-04-17,09:04:43,446,v1709,XDCE,5695,5655,5705,11792,335528700,156654,153966,5985,5415,5700,5665,0,5700,0,0,0,2017-04-17,32683446,5690,154,0,0,0,0,0,0,0,0,5695,90,0,0,0,0,0,0,0,0
504,2017-04-17,09:04:43,917,v1709,XDCE,5695,5655,5705,11792,335528700,156654,153966,5985,5415,5700,5665,0,5700,0,0,0,2017-04-17,32683917,5690,155,0,0,0,0,0,0,0,0,5695,90,0,0,0,0,0,0,0,0
505,2017-04-17,09:04:44,928,v1709,XDCE,5695,5655,5705,11792,335528700,156654,153966,5985,5415,5700,5665,0,5700,0,0,0,2017-04-17,32684928,5690,155,0,0,0,0,0,0,0,0,5695,200,0,0,0,0,0,0,0,0
506,2017-04-17,09:04:45,474,v1709,XDCE,5695,5655,5705,11794,335585650,156652,153966,5985,5415,5700,5665,0,5700,0,0,0,2017-04-17,32685474,5690,155,0,0,0,0,0,0,0,0,5695,199,0,0,0,0,0,0,0,0
507,2017-04-17,09:04:45,858,v1709,XDCE,5690,5655,5705,11822,336382300,156674,153966,5985,5415,5700,5665,0,5700,0,0,0,2017-04-17,32685858,5690,142,0,0,0,0,0,0,0,0,5695,199,0,0,0,0,0,0,0,0
508,2017-04-17,09:04:46,460,v1709,XDCE,5690,5655,5705,11902,338658300,156690,153966,5985,5415,5700,5665,0,5700,0,0,0,2017-04-17,32686460,5690,102,0,0,0,0,0,0,0,0,5695,199,0,0,0,0,0,0,0,0
509,2017-04-17,09:04:46,970,v1709,XDCE,5685,5655,5705,12230,347986950,156800,153966,5985,5415,5700,5665,0,5700,0,0,0,2017-04-17,32686970,5685,19,0,0,0,0,0,0,0,0,5690,139,0,0,0,0,0,0,0,0
510,2017-04-17,09:04:47,436,v1709,XDCE,5685,5655,5705,12272,349180850,156826,153966,5985,5415,5700,5665,0,5700,0,0,0,2017-04-17,32687436,5680,70,0,0,0,0,0,0,0,0,5685,36,0,0,0,0,0,0,0,0
511,2017-04-17,09:04:47,950,v1709,XDCE,5685,5655,5705,12272,349180850,156826,153966,5985,5415,5700,5665,0,5700,0,0,0,2017-04-17,32687950,5680,79,0,0,0,0,0,0,0,0,5685,56,0,0,0,0,0,0,0,0
512,2017-04-17,09:04:48,436,v1709,XDCE,5685,5655,5705,12272,349180850,156826,153966,5985,5415,5700,5665,0,5700,0,0,0,2017-04-17,32688436,5680,78,0,0,0,0,0,0,0,0,5685,57,0,0,0,0,0,0,0,0
513,2017-04-17,09:04:48,973,v1709,XDCE,5685,5655,5705,12272,349180850,156826,153966,5985,5415,5700,5665,0,5700,0,0,0,2017-04-17,32688973,5680,77,0,0,0,0,0,0,0,0,5685,69,0,0,0,0,0,0,0,0
514,2017-04-17,09:04:49,325,v1709,XDCE,5685,5655,5705,12272,349180850,156826,153966,5985,5415,5700,5665,0,5700,0,0,0,2017-04-17,32689325,5680,78,0,0,0,0,0,0,0,0,5685,71,0,0,0,0,0,0,0,0
515,2017-04-17,09:04:49,951,v1709,XDCE,5685,5655,5705,12272,349180850,156826,153966,5985,5415,5700,5665,0,5700,0,0,0,2017-04-17,32689951,5680,78,0,0,0,0,0,0,0,0,5685,70,0,0,0,0,0,0,0,0
516,2017-04-17,09:04:50,459,v1709,XDCE,5680,5655,5705,12274,349237650,156826,153966,5985,5415,5700,5665,0,5700,0,0,0,2017-04-17,32690459,5680,78,0,0,0,0,0,0,0,0,5685,71,0,0,0,0,0,0,0,0
517,2017-04-17,09:04:50,954,v1709,XDCE,5685,5655,5705,12348,351340750,156870,153966,5985,5415,5700,5665,0,5700,0,0,0,2017-04-17,32690954,5680,72,0,0,0,0,0,0,0,0,5685,41,0,0,0,0,0,0,0,0
518,2017-04-17,09:04:51,473,v1709,XDCE,5685,5655,5705,12436,353842050,156872,153966,5985,5415,5700,5665,0,5700,0,0,0,2017-04-17,32691473,5685,8,0,0,0,0,0,0,0,0,5690,109,0,0,0,0,0,0,0,0
519,2017-04-17,09:04:51,920,v1709,XDCE,5690,5655,5705,12452,354297000,156866,153966,5985,5415,5700,5665,0,5700,0,0,0,2017-04-17,32691920,5685,11,0,0,0,0,0,0,0,0,5690,105,0,0,0,0,0,0,0,0
520,2017-04-17,09:04:52,370,v1709,XDCE,5685,5655,5705,12454,354353850,156866,153966,5985,5415,5700,5665,0,5700,0,0,0,2017-04-17,32692370,5685,10,0,0,0,0,0,0,0,0,5690,105,0,0,0,0,0,0,0,0
521,2017-04-17,09:04:52,910,v1709,XDCE,5685,5655,5705,12454,354353850,156866,153966,5985,5415,5700,5665,0,5700,0,0,0,2017-04-17,32692910,5685,7,0,0,0,0,0,0,0,0,5690,113,0,0,0,0,0,0,0,0
522,2017-04-17,09:04:53,297,v1709,XDCE,5685,5655,5705,12468,354751800,156866,153966,5985,5415,5700,5665,0,5700,0,0,0,2017-04-17,32693297,5680,77,0,0,0,0,0,0,0,0,5685,23,0,0,0,0,0,0,0,0
523,2017-04-17,09:04:53,919,v1709,XDCE,5685,5655,5705,12468,354751800,156866,153966,5985,5415,5700,5665,0,5700,0,0,0,2017-04-17,32693919,5680,73,0,0,0,0,0,0,0,0,5685,76,0,0,0,0,0,0,0,0
524,2017-04-17,09:04:54,471,v1709,XDCE,5685,5655,5705,12468,354751800,156866,153966,5985,5415,5700,5665,0,5700,0,0,0,2017-04-17,32694471,5680,72,0,0,0,0,0,0,0,0,5685,80,0,0,0,0,0,0,0,0
525,2017-04-17,09:04:54,874,v1709,XDCE,5685,5655,5705,12468,354751800,156866,153966,5985,5415,5700,5665,0,5700,0,0,0,2017-04-17,32694874,5680,63,0,0,0,0,0,0,0,0,5685,110,0,0,0,0,0,0,0,0
526,2017-04-17,09:04:55,431,v1709,XDCE,5680,5655,5705,12472,354865450,156862,153966,5985,5415,5700,5665,0,5700,0,0,0,2017-04-17,32695431,5680,62,0,0,0,0,0,0,0,0,5685,109,0,0,0,0,0,0,0,0
527,2017-04-17,09:04:55,904,v1709,XDCE,5680,5655,5705,12472,354865450,156862,153966,5985,5415,5700,5665,0,5700,0,0,0,2017-04-17,32695904,5680,63,0,0,0,0,0,0,0,0,5685,109,0,0,0,0,0,0,0,0
528,2017-04-17,09:04:56,334,v1709,XDCE,5680,5655,5705,12482,355149450,156868,153966,5985,5415,5700,5665,0,5700,0,0,0,2017-04-17,32696334,5680,58,0,0,0,0,0,0,0,0,5685,109,0,0,0,0,0,0,0,0
529,2017-04-17,09:04:56,894,v1709,XDCE,5680,5655,5705,12488,355319850,156864,153966,5985,5415,5700,5665,0,5700,0,0,0,2017-04-17,32696894,5680,63,0,0,0,0,0,0,0,0,5685,104,0,0,0,0,0,0,0,0
530,2017-04-17,09:04:57,421,v1709,XDCE,5680,5655,5705,12488,355319850,156864,153966,5985,5415,5700,5665,0,5700,0,0,0,2017-04-17,32697421,5680,62,0,0,0,0,0,0,0,0,5685,104,0,0,0,0,0,0,0,0
531,2017-04-17,09:04:57,956,v1709,XDCE,5685,5655,5705,12492,355433550,156864,153966,5985,5415,5700,5665,0,5700,0,0,0,2017-04-17,32697956,5680,60,0,0,0,0,0,0,0,0,5685,102,0,0,0,0,0,0,0,0
532,2017-04-17,09:04:58,445,v1709,XDCE,5685,5655,5705,12492,355433550,156864,153966,5985,5415,5700,5665,0,5700,0,0,0,2017-04-17,32698445,5680,61,0,0,0,0,0,0,0,0,5685,102,0,0,0,0,0,0,0,0
533,2017-04-17,09:04:59,971,v1709,XDCE,5685,5655,5705,12492,355433550,156864,153966,5985,5415,5700,5665,0,5700,0,0,0,2017-04-17,32699971,5680,62,0,0,0,0,0,0,0,0,5685,102,0,0,0,0,0,0,0,0
534,2017-04-17,09:05:01,959,v1709,XDCE,5685,5655,5705,12496,355547250,156864,153966,5985,5415,5700,5665,0,5700,0,0,0,2017-04-17,32701959,5680,61,0,0,0,0,0,0,0,0,5685,100,0,0,0,0,0,0,0,0
535,2017-04-17,09:05:02,455,v1709,XDCE,5685,5655,5705,12496,355547250,156864,153966,5985,5415,5700,5665,0,5700,0,0,0,2017-04-17,32702455,5680,63,0,0,0,0,0,0,0,0,5685,101,0,0,0,0,0,0,0,0
536,2017-04-17,09:05:02,792,v1709,XDCE,5680,5655,5705,12498,355604050,156864,153966,5985,5415,5700,5665,0,5700,0,0,0,2017-04-17,32702792,5680,71,0,0,0,0,0,0,0,0,5685,103,0,0,0,0,0,0,0,0
537,2017-04-17,09:05:03,287,v1709,XDCE,5680,5655,5705,12500,355660850,156864,153966,5985,5415,5700,5665,0,5700,0,0,0,2017-04-17,32703287,5680,70,0,0,0,0,0,0,0,0,5685,103,0,0,0,0,0,0,0,0
