,dataDate,dataTime,dataMillisec,instrumentID,exchangeCD,lastPrice,lowPrice,highPrice,volume,value,openInterest,preOpenInterest,upperLimitPrice,lowerLimitPrice,preSettlementPrice,prevClosePrice,settlementPrice,openPrice,closePrice,preDelta,currDelta,clearingDay,milliSecOffset,bidPrice1,bidVolume1,bidPrice2,bidVolume2,bidPrice3,bidVolume3,bidPrice4,bidVolume4,bidPrice5,bidVolume5,askPrice1,askVolume1,askPrice2,askVolume2,askPrice3,askVolume3,askPrice4,askVolume4,askPrice5,askVolume5
0,2017-04-17,08:59:00,0,WH705,XZCE,3199,3199,3199,42,2687160,14964,14980,3343,3023,3183,3200,0,3199,0,0,0,2017-04-17,32340000,3198,5,0,0,0,0,0,0,0,0,3199,6,0,0,0,0,0,0,0,0
1,2017-04-17,09:00:00,0,WH705,XZCE,3198,3198,3199,44,2815080,14964,14980,3343,3023,3183,3200,0,3199,0,0,0,2017-04-17,32400000,3198,4,0,0,0,0,0,0,0,0,3199,6,0,0,0,0,0,0,0,0
2,2017-04-17,09:00:00,0,WH705,XZCE,3198,3198,3199,48,3070920,14964,14980,3343,3023,3183,3200,0,3199,0,0,0,2017-04-17,32400000,3198,3,0,0,0,0,0,0,0,0,3199,6,0,0,0,0,0,0,0,0
3,2017-04-17,09:00:01,0,WH705,XZCE,3198,3196,3199,66,4222200,14960,14980,3343,3023,3183,3200,0,3199,0,0,0,2017-04-17,32401000,3192,6,0,0,0,0,0,0,0,0,3198,2,0,0,0,0,0,0,0,0
4,2017-04-17,09:00:01,0,WH705,XZCE,3198,3196,3199,70,4478040,14964,14980,3343,3023,3183,3200,0,3199,0,0,0,2017-04-17,32401000,3192,6,0,0,0,0,0,0,0,0,3198,1,0,0,0,0,0,0,0,0
5,2017-04-17,09:00:02,0,WH705,XZCE,3198,3196,3199,70,4478040,14964,14980,3343,3023,3183,3200,0,3199,0,0,0,2017-04-17,32402000,3192,6,0,0,0,0,0,0,0,0,3197,1,0,0,0,0,0,0,0,0
6,2017-04-17,09:00:02,0,WH705,XZCE,3198,3196,3199,72,4605960,14964,14980,3343,3023,3183,3200,0,3199,0,0,0,2017-04-17,32402000,3192,6,0,0,0,0,0,0,0,0,3198,4,0,0,0,0,0,0,0,0
7,2017-04-17,09:00:03,0,WH705,XZCE,3198,3196,3199,74,4733880,14966,14980,3343,3023,3183,3200,0,3199,0,0,0,2017-04-17,32403000,3192,6,0,0,0,0,0,0,0,0,3198,5,0,0,0,0,0,0,0,0
8,2017-04-17,09:00:03,0,WH705,XZCE,3192,3192,3199,84,5372280,14966,14980,3343,3023,3183,3200,0,3199,0,0,0,2017-04-17,32403000,3194,2,0,0,0,0,0,0,0,0,3198,2,0,0,0,0,0,0,0,0
9,2017-04-17,09:00:04,0,WH705,XZCE,3192,3192,3199,94,6010680,14962,14980,3343,3023,3183,3200,0,3199,0,0,0,2017-04-17,32404000,3192,2,0,0,0,0,0,0,0,0,3198,3,0,0,0,0,0,0,0,0
10,2017-04-17,09:00:04,0,WH705,XZCE,3198,3192,3199,96,6138600,14962,14980,3343,3023,3183,3200,0,3199,0,0,0,2017-04-17,32404000,3193,1,0,0,0,0,0,0,0,0,3198,4,0,0,0,0,0,0,0,0
11,2017-04-17,09:00:05,0,WH705,XZCE,3198,3192,3199,98,6266520,14962,14980,3343,3023,3183,3200,0,3199,0,0,0,2017-04-17,32405000,3193,1,0,0,0,0,0,0,0,0,3197,2,0,0,0,0,0,0,0,0
12,2017-04-17,09:00:05,0,WH705,XZCE,3198,3192,3199,98,6266520,14962,14980,3343,3023,3183,3200,0,3199,0,0,0,2017-04-17,32405000,3193,1,0,0,0,0,0,0,0,0,3194,1,0,0,0,0,0,0,0,0
13,2017-04-17,09:00:06,0,WH705,XZCE,3197,3192,3199,104,6650160,14958,14980,3343,3023,3183,3200,0,3199,0,0,0,2017-04-17,32406000,3197,3,0,0,0,0,0,0,0,0,3198,3,0,0,0,0,0,0,0,0
14,2017-04-17,09:00:07,0,WH705,XZCE,3197,3192,3199,108,6905920,14958,14980,3343,3023,3183,3200,0,3199,0,0,0,2017-04-17,32407000,3197,1,0,0,0,0,0,0,0,0,3198,6,0,0,0,0,0,0,0,0
15,2017-04-17,09:00:07,0,WH705,XZCE,3197,3192,3199,110,7033800,14958,14980,3343,3023,3183,3200,0,3199,0,0,0,2017-04-17,32407000,3193,2,0,0,0,0,0,0,0,0,3198,6,0,0,0,0,0,0,0,0
16,2017-04-17,09:00:08,0,WH705,XZCE,3193,3192,3199,112,7161520,14960,14980,3343,3023,3183,3200,0,3199,0,0,0,2017-04-17,32408000,3193,1,0,0,0,0,0,0,0,0,3198,9,0,0,0,0,0,0,0,0
17,2017-04-17,09:00:08,0,WH705,XZCE,3198,3192,3199,116,7417360,14960,14980,3343,3023,3183,3200,0,3199,0,0,0,2017-04-17,32408000,3194,2,0,0,0,0,0,0,0,0,3198,7,0,0,0,0,0,0,0,0
18,2017-04-17,09:00:09,0,WH705,XZCE,3198,3192,3199,116,7417360,14960,14980,3343,3023,3183,3200,0,3199,0,0,0,2017-04-17,32409000,3194,3,0,0,0,0,0,0,0,0,3196,1,0,0,0,0,0,0,0,0
19,2017-04-17,09:00:09,0,WH705,XZCE,3198,3192,3199,116,7417360,14960,14980,3343,3023,3183,3200,0,3199,0,0,0,2017-04-17,32409000,3194,9,0,0,0,0,0,0,0,0,3196,1,0,0,0,0,0,0,0,0
20,2017-04-17,09:00:10,0,WH705,XZCE,3198,3192,3199,116,7417360,14960,14980,3343,3023,3183,3200,0,3199,0,0,0,2017-04-17,32410000,3194,8,0,0,0,0,0,0,0,0,3197,4,0,0,0,0,0,0,0,0
21,2017-04-17,09:00:11,0,WH705,XZCE,3195,3192,3199,118,7545160,14960,14980,3343,3023,3183,3200,0,3199,0,0,0,2017-04-17,32411000,3196,1,0,0,0,0,0,0,0,0,3197,5,0,0,0,0,0,0,0,0
22,2017-04-17,09:00:12,0,WH705,XZCE,3196,3192,3199,120,7673000,14958,14980,3343,3023,3183,3200,0,3199,0,0,0,2017-04-17,32412000,3195,2,0,0,0,0,0,0,0,0,3197,5,0,0,0,0,0,0,0,0
23,2017-04-17,09:00:14,0,WH705,XZCE,3195,3192,3199,122,7800800,14960,14980,3343,3023,3183,3200,0,3199,0,0,0,2017-04-17,32414000,3195,1,0,0,0,0,0,0,0,0,3197,5,0,0,0,0,0,0,0,0
24,2017-04-17,09:00:15,0,WH705,XZCE,3197,3192,3199,124,7928680,14962,14980,3343,3023,3183,3200,0,3199,0,0,0,2017-04-17,32415000,3195,1,0,0,0,0,0,0,0,0,3197,5,0,0,0,0,0,0,0,0
25,2017-04-17,09:00:16,0,WH705,XZCE,3197,3192,3199,124,7928680,14962,14980,3343,3023,3183,3200,0,3199,0,0,0,2017-04-17,32416000,3195,1,0,0,0,0,0,0,0,0,3197,8,0,0,0,0,0,0,0,0
26,2017-04-17,09:00:17,0,WH705,XZCE,3197,3192,3199,124,7928680,14962,14980,3343,3023,3183,3200,0,3199,0,0,0,2017-04-17,32417000,3195,10,0,0,0,0,0,0,0,0,3197,9,0,0,0,0,0,0,0,0
27,2017-04-17,09:00:17,0,WH705,XZCE,3197,3192,3199,124,7928680,14962,14980,3343,3023,3183,3200,0,3199,0,0,0,2017-04-17,32417000,3195,10,0,0,0,0,0,0,0,0,3197,11,0,0,0,0,0,0,0,0
28,2017-04-17,09:00:18,0,WH705,XZCE,3197,3192,3199,124,7928680,14962,14980,3343,3023,3183,3200,0,3199,0,0,0,2017-04-17,32418000,3195,9,0,0,0,0,0,0,0,0,3196,1,0,0,0,0,0,0,0,0
29,2017-04-17,09:00:19,0,WH705,XZCE,3195,3192,3199,126,8056480,14960,14980,3343,3023,3183,3200,0,3199,0,0,0,2017-04-17,32419000,3195,8,0,0,0,0,0,0,0,0,3196,1,0,0,0,0,0,0,0,0
30,2017-04-17,09:00:20,0,WH705,XZCE,3196,3192,3199,128,8184320,14960,14980,3343,3023,3183,3200,0,3199,0,0,0,2017-04-17,32420000,3195,8,0,0,0,0,0,0,0,0,3197,11,0,0,0,0,0,0,0,0
31,2017-04-17,09:00:20,0,WH705,XZCE,3196,3192,3199,128,8184320,14960,14980,3343,3023,3183,3200,0,3199,0,0,0,2017-04-17,32420000,3195,8,0,0,0,0,0,0,0,0,3197,14,0,0,0,0,0,0,0,0
32,2017-04-17,09:00:21,0,WH705,XZCE,3195,3192,3199,134,8567720,14960,14980,3343,3023,3183,3200,0,3199,0,0,0,2017-04-17,32421000,3195,6,0,0,0,0,0,0,0,0,3197,14,0,0,0,0,0,0,0,0
33,2017-04-17,09:00:24,0,WH705,XZCE,3195,3192,3199,134,8567720,14960,14980,3343,3023,3183,3200,0,3199,0,0,0,2017-04-17,32424000,3195,6,0,0,0,0,0,0,0,0,3196,1,0,0,0,0,0,0,0,0
34,2017-04-17,09:00:26,0,WH705,XZCE,3195,3192,3199,140,8951120,14960,14980,3343,3023,3183,3200,0,3199,0,0,0,2017-04-17,32426000,3195,3,0,0,0,0,0,0,0,0,3196,1,0,0,0,0,0,0,0,0
35,2017-04-17,09:00:26,0,WH705,XZCE,3195,3192,3199,140,8951120,14960,14980,3343,3023,3183,3200,0,3199,0,0,0,2017-04-17,32426000,3195,3,0,0,0,0,0,0,0,0,3196,3,0,0,0,0,0,0,0,0
36,2017-04-17,09:00:27,0,WH705,XZCE,3195,3192,3199,142,9078920,14960,14980,3343,3023,3183,3200,0,3199,0,0,0,2017-04-17,32427000,3195,2,0,0,0,0,0,0,0,0,3196,4,0,0,0,0,0,0,0,0
37,2017-04-17,09:00:28,0,WH705,XZCE,3196,3192,3199,146,9334600,14960,14980,3343,3023,3183,3200,0,3199,0,0,0,2017-04-17,32428000,3195,1,0,0,0,0,0,0,0,0,3196,3,0,0,0,0,0,0,0,0
38,2017-04-17,09:00:28,0,WH705,XZCE,3195,3192,3199,150,9590200,14958,14980,3343,3023,3183,3200,0,3199,0,0,0,2017-04-17,32428000,3194,1,0,0,0,0,0,0,0,0,3195,2,0,0,0,0,0,0,0,0
39,2017-04-17,09:00:29,0,WH705,XZCE,3195,3192,3199,152,9718000,14956,14980,3343,3023,3183,3200,0,3199,0,0,0,2017-04-17,32429000,3194,1,0,0,0,0,0,0,0,0,3195,1,0,0,0,0,0,0,0,0
40,2017-04-17,09:00:30,0,WH705,XZCE,3195,3192,3199,154,9845800,14954,14980,3343,3023,3183,3200,0,3199,0,0,0,2017-04-17,32430000,3194,2,0,0,0,0,0,0,0,0,3197,13,0,0,0,0,0,0,0,0
41,2017-04-17,09:00:31,0,WH705,XZCE,3195,3192,3199,154,9845800,14954,14980,3343,3023,3183,3200,0,3199,0,0,0,2017-04-17,32431000,3194,2,0,0,0,0,0,0,0,0,3197,14,0,0,0,0,0,0,0,0
42,2017-04-17,09:00:32,0,WH705,XZCE,3195,3192,3199,154,9845800,14954,14980,3343,3023,3183,3200,0,3199,0,0,0,2017-04-17,32432000,3194,2,0,0,0,0,0,0,0,0,3196,1,0,0,0,0,0,0,0,0
43,2017-04-17,09:00:35,0,WH705,XZCE,3196,3192,3199,156,9973640,14952,14980,3343,3023,3183,3200,0,3199,0,0,0,2017-04-17,32435000,3194,2,0,0,0,0,0,0,0,0,3197,11,0,0,0,0,0,0,0,0
44,2017-04-17,09:00:36,0,WH705,XZCE,3196,3192,3199,156,9973640,14952,14980,3343,3023,3183,3200,0,3199,0,0,0,2017-04-17,32436000,3194,2,0,0,0,0,0,0,0,0,3197,13,0,0,0,0,0,0,0,0
45,2017-04-17,09:00:36,0,WH705,XZCE,3196,3192,3199,156,9973640,14952,14980,3343,3023,3183,3200,0,3199,0,0,0,2017-04-17,32436000,3194,2,0,0,0,0,0,0,0,0,3196,1,0,0,0,0,0,0,0,0
46,2017-04-17,09:00:39,0,WH705,XZCE,3196,3192,3199,156,9973640,14952,14980,3343,3023,3183,3200,0,3199,0,0,0,2017-04-17,32439000,3195,3,0,0,0,0,0,0,0,0,3196,3,0,0,0,0,0,0,0,0
47,2017-04-17,09:00:40,0,WH705,XZCE,3196,3192,3199,156,9973640,14952,14980,3343,3023,3183,3200,0,3199,0,0,0,2017-04-17,32440000,3195,3,0,0,0,0,0,0,0,0,3196,4,0,0,0,0,0,0,0,0
48,2017-04-17,09:00:42,0,WH705,XZCE,3196,3192,3199,162,10357160,14948,14980,3343,3023,3183,3200,0,3199,0,0,0,2017-04-17,32442000,3195,2,0,0,0,0,0,0,0,0,3196,18,0,0,0,0,0,0,0,0
49,2017-04-17,09:00:42,0,WH705,XZCE,3196,3192,3199,166,10612840,14946,14980,3343,3023,3183,3200,0,3199,0,0,0,2017-04-17,32442000,3195,1,0,0,0,0,0,0,0,0,3196,17,0,0,0,0,0,0,0,0
50,2017-04-17,09:00:43,0,WH705,XZCE,3195,3192,3199,168,10740640,14946,14980,3343,3023,3183,3200,0,3199,0,0,0,2017-04-17,32443000,3194,1,0,0,0,0,0,0,0,0,3195,2,0,0,0,0,0,0,0,0
51,2017-04-17,09:00:43,0,WH705,XZCE,3195,3192,3199,168,10740640,14946,14980,3343,3023,3183,3200,0,3199,0,0,0,2017-04-17,32443000,3194,1,0,0,0,0,0,0,0,0,3195,3,0,0,0,0,0,0,0,0
52,2017-04-17,09:00:44,0,WH705,XZCE,3194,3192,3199,170,10868400,14948,14980,3343,3023,3183,3200,0,3199,0,0,0,2017-04-17,32444000,3192,2,0,0,0,0,0,0,0,0,3195,2,0,0,0,0,0,0,0,0
53,2017-04-17,09:00:45,0,WH705,XZCE,3194,3192,3199,170,10868400,14948,14980,3343,3023,3183,3200,0,3199,0,0,0,2017-04-17,32445000,3192,2,0,0,0,0,0,0,0,0,3195,3,0,0,0,0,0,0,0,0
54,2017-04-17,09:00:46,0,WH705,XZCE,3194,3192,3199,170,10868400,14948,14980,3343,3023,3183,3200,0,3199,0,0,0,2017-04-17,32446000,3194,1,0,0,0,0,0,0,0,0,3195,3,0,0,0,0,0,0,0,0
55,2017-04-17,09:00:48,0,WH705,XZCE,3194,3192,3199,172,10996160,14948,14980,3343,3023,3183,3200,0,3199,0,0,0,2017-04-17,32448000,3192,2,0,0,0,0,0,0,0,0,3195,3,0,0,0,0,0,0,0,0
56,2017-04-17,09:00:49,0,WH705,XZCE,3194,3192,3199,172,10996160,14948,14980,3343,3023,3183,3200,0,3199,0,0,0,2017-04-17,32449000,3193,3,0,0,0,0,0,0,0,0,3195,3,0,0,0,0,0,0,0,0
57,2017-04-17,09:00:50,0,WH705,XZCE,3193,3192,3199,174,11123880,14948,14980,3343,3023,3183,3200,0,3199,0,0,0,2017-04-17,32450000,3193,2,0,0,0,0,0,0,0,0,3195,3,0,0,0,0,0,0,0,0
58,2017-04-17,09:00:52,0,WH705,XZCE,3195,3192,3199,184,11762880,14942,14980,3343,3023,3183,3200,0,3199,0,0,0,2017-04-17,32452000,3193,2,0,0,0,0,0,0,0,0,3195,4,0,0,0,0,0,0,0,0
59,2017-04-17,09:00:52,0,WH705,XZCE,3193,3192,3199,186,11890600,14942,14980,3343,3023,3183,3200,0,3199,0,0,0,2017-04-17,32452000,3193,2,0,0,0,0,0,0,0,0,3195,4,0,0,0,0,0,0,0,0
60,2017-04-17,09:00:53,0,WH705,XZCE,3193,3192,3199,190,12146040,14944,14980,3343,3023,3183,3200,0,3199,0,0,0,2017-04-17,32453000,3192,2,0,0,0,0,0,0,0,0,3195,4,0,0,0,0,0,0,0,0
61,2017-04-17,09:00:54,0,WH705,XZCE,3193,3192,3199,190,12146040,14944,14980,3343,3023,3183,3200,0,3199,0,0,0,2017-04-17,32454000,3193,1,0,0,0,0,0,0,0,0,3195,4,0,0,0,0,0,0,0,0
62,2017-04-17,09:00:58,0,WH705,XZCE,3193,3192,3199,190,12146040,14944,14980,3343,3023,3183,3200,0,3199,0,0,0,2017-04-17,32458000,3193,1,0,0,0,0,0,0,0,0,3194,1,0,0,0,0,0,0,0,0
63,2017-04-17,09:00:59,0,WH705,XZCE,3193,3192,3199,190,12146040,14944,14980,3343,3023,3183,3200,0,3199,0,0,0,2017-04-17,32459000,3193,3,0,0,0,0,0,0,0,0,3194,1,0,0,0,0,0,0,0,0
64,2017-04-17,09:00:59,0,WH705,XZCE,3194,3192,3199,192,12273800,14944,14980,3343,3023,3183,3200,0,3199,0,0,0,2017-04-17,32459000,3193,4,0,0,0,0,0,0,0,0,3195,5,0,0,0,0,0,0,0,0
65,2017-04-17,09:01:00,0,WH705,XZCE,3194,3192,3199,192,12273800,14944,14980,3343,3023,3183,3200,0,3199,0,0,0,2017-04-17,32460000,3194,1,0,0,0,0,0,0,0,0,3195,5,0,0,0,0,0,0,0,0
66,2017-04-17,09:01:00,0,WH705,XZCE,3194,3192,3199,194,12401560,14944,14980,3343,3023,3183,3200,0,3199,0,0,0,2017-04-17,32460000,3193,4,0,0,0,0,0,0,0,0,3195,5,0,0,0,0,0,0,0,0
67,2017-04-17,09:01:02,0,WH705,XZCE,3194,3192,3199,194,12401560,14944,14980,3343,3023,3183,3200,0,3199,0,0,0,2017-04-17,32462000,3193,2,0,0,0,0,0,0,0,0,3195,5,0,0,0,0,0,0,0,0
68,2017-04-17,09:01:02,0,WH705,XZCE,3195,3192,3199,198,12657160,14944,14980,3343,3023,3183,3200,0,3199,0,0,0,2017-04-17,32462000,3193,2,0,0,0,0,0,0,0,0,3195,3,0,0,0,0,0,0,0,0
69,2017-04-17,09:01:03,0,WH705,XZCE,3195,3192,3199,198,12657160,14944,14980,3343,3023,3183,3200,0,3199,0,0,0,2017-04-17,32463000,3193,2,0,0,0,0,0,0,0,0,3194,1,0,0,0,0,0,0,0,0
70,2017-04-17,09:01:04,0,WH705,XZCE,3195,3192,3199,198,12657160,14944,14980,3343,3023,3183,3200,0,3199,0,0,0,2017-04-17,32464000,3193,1,0,0,0,0,0,0,0,0,3194,1,0,0,0,0,0,0,0,0
71,2017-04-17,09:01:04,0,WH705,XZCE,3194,3192,3199,200,12784920,14944,14980,3343,3023,3183,3200,0,3199,0,0,0,2017-04-17,32464000,3191,6,0,0,0,0,0,0,0,0,3195,3,0,0,0,0,0,0,0,0
72,2017-04-17,09:01:06,0,WH705,XZCE,3194,3192,3199,200,12784920,14944,14980,3343,3023,3183,3200,0,3199,0,0,0,2017-04-17,32466000,3192,1,0,0,0,0,0,0,0,0,3195,3,0,0,0,0,0,0,0,0
73,2017-04-17,09:01:07,0,WH705,XZCE,3194,3192,3199,200,12784920,14944,14980,3343,3023,3183,3200,0,3199,0,0,0,2017-04-17,32467000,3192,2,0,0,0,0,0,0,0,0,3195,3,0,0,0,0,0,0,0,0
74,2017-04-17,09:01:07,0,WH705,XZCE,3194,3192,3199,200,12784920,14944,14980,3343,3023,3183,3200,0,3199,0,0,0,2017-04-17,32467000,3192,2,0,0,0,0,0,0,0,0,3195,4,0,0,0,0,0,0,0,0
75,2017-04-17,09:01:09,0,WH705,XZCE,3194,3192,3199,200,12784920,14944,14980,3343,3023,3183,3200,0,3199,0,0,0,2017-04-17,32469000,3192,2,0,0,0,0,0,0,0,0,3194,1,0,0,0,0,0,0,0,0
76,2017-04-17,09:01:10,0,WH705,XZCE,3192,3192,3199,204,13040280,14944,14980,3343,3023,3183,3200,0,3199,0,0,0,2017-04-17,32470000,3192,1,0,0,0,0,0,0,0,0,3194,1,0,0,0,0,0,0,0,0
77,2017-04-17,09:01:11,0,WH705,XZCE,3192,3192,3199,204,13040280,14944,14980,3343,3023,3183,3200,0,3199,0,0,0,2017-04-17,32471000,3192,1,0,0,0,0,0,0,0,0,3194,2,0,0,0,0,0,0,0,0
78,2017-04-17,09:01:12,0,WH705,XZCE,3192,3192,3199,206,13167960,14944,14980,3343,3023,3183,3200,0,3199,0,0,0,2017-04-17,32472000,3191,7,0,0,0,0,0,0,0,0,3194,2,0,0,0,0,0,0,0,0
79,2017-04-17,09:01:14,0,WH705,XZCE,3194,3192,3199,210,13423480,14944,14980,3343,3023,3183,3200,0,3199,0,0,0,2017-04-17,32474000,3191,7,0,0,0,0,0,0,0,0,3193,1,0,0,0,0,0,0,0,0
80,2017-04-17,09:01:14,0,WH705,XZCE,3194,3192,3199,210,13423480,14944,14980,3343,3023,3183,3200,0,3199,0,0,0,2017-04-17,32474000,3191,7,0,0,0,0,0,0,0,0,3195,4,0,0,0,0,0,0,0,0
81,2017-04-17,09:01:15,0,WH705,XZCE,3191,3191,3199,212,13551120,14944,14980,3343,3023,3183,3200,0,3199,0,0,0,2017-04-17,32475000,3191,6,0,0,0,0,0,0,0,0,3195,4,0,0,0,0,0,0,0,0
82,2017-04-17,09:01:15,0,WH705,XZCE,3191,3191,3199,212,13551120,14944,14980,3343,3023,3183,3200,0,3199,0,0,0,2017-04-17,32475000,3192,1,0,0,0,0,0,0,0,0,3195,4,0,0,0,0,0,0,0,0
83,2017-04-17,09:01:16,0,WH705,XZCE,3191,3191,3199,212,13551120,14944,14980,3343,3023,3183,3200,0,3199,0,0,0,2017-04-17,32476000,3192,1,0,0,0,0,0,0,0,0,3194,2,0,0,0,0,0,0,0,0
84,2017-04-17,09:01:16,0,WH705,XZCE,3191,3191,3199,216,13806400,14946,14980,3343,3023,3183,3200,0,3199,0,0,0,2017-04-17,32476000,3191,6,0,0,0,0,0,0,0,0,3194,2,0,0,0,0,0,0,0,0
85,2017-04-17,09:01:17,0,WH705,XZCE,3191,3191,3199,216,13806400,14946,14980,3343,3023,3183,3200,0,3199,0,0,0,2017-04-17,32477000,3191,6,0,0,0,0,0,0,0,0,3194,3,0,0,0,0,0,0,0,0
86,2017-04-17,09:01:17,0,WH705,XZCE,3191,3191,3199,216,13806400,14946,14980,3343,3023,3183,3200,0,3199,0,0,0,2017-04-17,32477000,3191,6,0,0,0,0,0,0,0,0,3193,2,0,0,0,0,0,0,0,0
87,2017-04-17,09:01:19,0,WH705,XZCE,3191,3191,3199,216,13806400,14946,14980,3343,3023,3183,3200,0,3199,0,0,0,2017-04-17,32479000,3191,7,0,0,0,0,0,0,0,0,3193,3,0,0,0,0,0,0,0,0
88,2017-04-17,09:01:21,0,WH705,XZCE,3193,3191,3199,218,13934120,14946,14980,3343,3023,3183,3200,0,3199,0,0,0,2017-04-17,32481000,3191,7,0,0,0,0,0,0,0,0,3193,2,0,0,0,0,0,0,0,0
89,2017-04-17,09:01:21,0,WH705,XZCE,3193,3191,3199,220,14061840,14944,14980,3343,3023,3183,3200,0,3199,0,0,0,2017-04-17,32481000,3191,7,0,0,0,0,0,0,0,0,3193,1,0,0,0,0,0,0,0,0
90,2017-04-17,09:01:22,0,WH705,XZCE,3193,3191,3199,220,14061840,14944,14980,3343,3023,3183,3200,0,3199,0,0,0,2017-04-17,32482000,3192,1,0,0,0,0,0,0,0,0,3193,1,0,0,0,0,0,0,0,0
91,2017-04-17,09:01:23,0,WH705,XZCE,3193,3191,3199,220,14061840,14944,14980,3343,3023,3183,3200,0,3199,0,0,0,2017-04-17,32483000,3192,2,0,0,0,0,0,0,0,0,3193,1,0,0,0,0,0,0,0,0
92,2017-04-17,09:01:24,0,WH705,XZCE,3193,3191,3199,220,14061840,14944,14980,3343,3023,3183,3200,0,3199,0,0,0,2017-04-17,32484000,3192,3,0,0,0,0,0,0,0,0,3193,1,0,0,0,0,0,0,0,0
93,2017-04-17,09:01:25,0,WH705,XZCE,3193,3191,3199,222,14189560,14942,14980,3343,3023,3183,3200,0,3199,0,0,0,2017-04-17,32485000,3193,1,0,0,0,0,0,0,0,0,3194,1,0,0,0,0,0,0,0,0
94,2017-04-17,09:01:25,0,WH705,XZCE,3192,3191,3199,230,14700280,14936,14980,3343,3023,3183,3200,0,3199,0,0,0,2017-04-17,32485000,3191,7,0,0,0,0,0,0,0,0,3192,21,0,0,0,0,0,0,0,0
95,2017-04-17,09:01:26,0,WH705,XZCE,3192,3191,3199,242,15466360,14924,14980,3343,3023,3183,3200,0,3199,0,0,0,2017-04-17,32486000,3191,7,0,0,0,0,0,0,0,0,3192,15,0,0,0,0,0,0,0,0
96,2017-04-17,09:01:26,0,WH705,XZCE,3191,3191,3199,246,15721640,14924,14980,3343,3023,3183,3200,0,3199,0,0,0,2017-04-17,32486000,3191,5,0,0,0,0,0,0,0,0,3192,15,0,0,0,0,0,0,0,0
97,2017-04-17,09:01:27,0,WH705,XZCE,3191,3191,3199,250,15976920,14924,14980,3343,3023,3183,3200,0,3199,0,0,0,2017-04-17,32487000,3191,3,0,0,0,0,0,0,0,0,3192,15,0,0,0,0,0,0,0,0
98,2017-04-17,09:01:29,0,WH705,XZCE,3191,3191,3199,256,16359840,14924,14980,3343,3023,3183,3200,0,3199,0,0,0,2017-04-17,32489000,3189,4,0,0,0,0,0,0,0,0,3191,47,0,0,0,0,0,0,0,0
99,2017-04-17,09:01:30,0,WH705,XZCE,3191,3191,3199,256,16359840,14924,14980,3343,3023,3183,3200,0,3199,0,0,0,2017-04-17,32490000,3189,4,0,0,0,0,0,0,0,0,3190,1,0,0,0,0,0,0,0,0
100,2017-04-17,09:01:30,0,WH705,XZCE,3192,3190,3199,262,16742880,14922,14980,3343,3023,3183,3200,0,3199,0,0,0,2017-04-17,32490000,3189,4,0,0,0,0,0,0,0,0,3192,14,0,0,0,0,0,0,0,0
101,2017-04-17,09:01:31,0,WH705,XZCE,3192,3190,3199,264,16870560,14922,14980,3343,3023,3183,3200,0,3199,0,0,0,2017-04-17,32491000,3191,1,0,0,0,0,0,0,0,0,3192,14,0,0,0,0,0,0,0,0
102,2017-04-17,09:01:32,0,WH705,XZCE,3191,3190,3199,266,16998200,14924,14980,3343,3023,3183,3200,0,3199,0,0,0,2017-04-17,32492000,3191,2,0,0,0,0,0,0,0,0,3192,14,0,0,0,0,0,0,0,0
103,2017-04-17,09:01:35,0,WH705,XZCE,3191,3190,3199,270,17253480,14920,14980,3343,3023,3183,3200,0,3199,0,0,0,2017-04-17,32495000,3189,4,0,0,0,0,0,0,0,0,3191,1,0,0,0,0,0,0,0,0
104,2017-04-17,09:01:36,0,WH705,XZCE,3191,3190,3199,272,17381120,14918,14980,3343,3023,3183,3200,0,3199,0,0,0,2017-04-17,32496000,3191,1,0,0,0,0,0,0,0,0,3192,14,0,0,0,0,0,0,0,0
105,2017-04-17,09:01:37,0,WH705,XZCE,3191,3190,3199,274,17508760,14918,14980,3343,3023,3183,3200,0,3199,0,0,0,2017-04-17,32497000,3189,4,0,0,0,0,0,0,0,0,3192,14,0,0,0,0,0,0,0,0
106,2017-04-17,09:01:37,0,WH705,XZCE,3190,3190,3199,276,17636360,14918,14980,3343,3023,3183,3200,0,3199,0,0,0,2017-04-17,32497000,3190,1,0,0,0,0,0,0,0,0,3192,14,0,0,0,0,0,0,0,0
107,2017-04-17,09:01:38,0,WH705,XZCE,3190,3190,3199,276,17636360,14918,14980,3343,3023,3183,3200,0,3199,0,0,0,2017-04-17,32498000,3191,1,0,0,0,0,0,0,0,0,3192,14,0,0,0,0,0,0,0,0
108,2017-04-17,09:01:39,0,WH705,XZCE,3191,3190,3199,278,17764000,14918,14980,3343,3023,3183,3200,0,3199,0,0,0,2017-04-17,32499000,3190,1,0,0,0,0,0,0,0,0,3192,36,0,0,0,0,0,0,0,0
109,2017-04-17,09:01:39,0,WH705,XZCE,3191,3190,3199,278,17764000,14918,14980,3343,3023,3183,3200,0,3199,0,0,0,2017-04-17,32499000,3190,2,0,0,0,0,0,0,0,0,3192,36,0,0,0,0,0,0,0,0
110,2017-04-17,09:01:40,0,WH705,XZCE,3191,3190,3199,278,17764000,14918,14980,3343,3023,3183,3200,0,3199,0,0,0,2017-04-17,32500000,3190,3,0,0,0,0,0,0,0,0,3192,14,0,0,0,0,0,0,0,0
111,2017-04-17,09:01:41,0,WH705,XZCE,3190,3190,3199,284,18146800,14920,14980,3343,3023,3183,3200,0,3199,0,0,0,2017-04-17,32501000,3189,4,0,0,0,0,0,0,0,0,3190,2,0,0,0,0,0,0,0,0
112,2017-04-17,09:01:42,0,WH705,XZCE,3190,3190,3199,288,18402000,14920,14980,3343,3023,3183,3200,0,3199,0,0,0,2017-04-17,32502000,3189,4,0,0,0,0,0,0,0,0,3192,14,0,0,0,0,0,0,0,0
113,2017-04-17,09:01:43,0,WH705,XZCE,3189,3189,3199,290,18529560,14920,14980,3343,3023,3183,3200,0,3199,0,0,0,2017-04-17,32503000,3189,3,0,0,0,0,0,0,0,0,3191,1,0,0,0,0,0,0,0,0
114,2017-04-17,09:01:43,0,WH705,XZCE,3189,3189,3199,290,18529560,14920,14980,3343,3023,3183,3200,0,3199,0,0,0,2017-04-17,32503000,3189,3,0,0,0,0,0,0,0,0,3191,2,0,0,0,0,0,0,0,0
115,2017-04-17,09:01:45,0,WH705,XZCE,3189,3189,3199,290,18529560,14920,14980,3343,3023,3183,3200,0,3199,0,0,0,2017-04-17,32505000,3190,1,0,0,0,0,0,0,0,0,3191,3,0,0,0,0,0,0,0,0
116,2017-04-17,09:01:47,0,WH705,XZCE,3190,3189,3199,294,18784760,14916,14980,3343,3023,3183,3200,0,3199,0,0,0,2017-04-17,32507000,3189,3,0,0,0,0,0,0,0,0,3190,8,0,0,0,0,0,0,0,0
117,2017-04-17,09:01:48,0,WH705,XZCE,3189,3189,3199,296,18912320,14916,14980,3343,3023,3183,3200,0,3199,0,0,0,2017-04-17,32508000,3189,2,0,0,0,0,0,0,0,0,3190,8,0,0,0,0,0,0,0,0
118,2017-04-17,09:01:48,0,WH705,XZCE,3190,3189,3199,300,19167520,14912,14980,3343,3023,3183,3200,0,3199,0,0,0,2017-04-17,32508000,3189,2,0,0,0,0,0,0,0,0,3190,6,0,0,0,0,0,0,0,0
119,2017-04-17,09:01:49,0,WH705,XZCE,3189,3189,3199,302,19295080,14912,14980,3343,3023,3183,3200,0,3199,0,0,0,2017-04-17,32509000,3189,1,0,0,0,0,0,0,0,0,3190,6,0,0,0,0,0,0,0,0
120,2017-04-17,09:01:50,0,WH705,XZCE,3189,3189,3199,304,19422640,14912,14980,3343,3023,3183,3200,0,3199,0,0,0,2017-04-17,32510000,3188,1,0,0,0,0,0,0,0,0,3189,21,0,0,0,0,0,0,0,0
121,2017-04-17,09:01:51,0,WH705,XZCE,3189,3189,3199,304,19422640,14912,14980,3343,3023,3183,3200,0,3199,0,0,0,2017-04-17,32511000,3188,1,0,0,0,0,0,0,0,0,3189,22,0,0,0,0,0,0,0,0
122,2017-04-17,09:01:52,0,WH705,XZCE,3189,3189,3199,304,19422640,14912,14980,3343,3023,3183,3200,0,3199,0,0,0,2017-04-17,32512000,3188,1,0,0,0,0,0,0,0,0,3190,7,0,0,0,0,0,0,0,0
123,2017-04-17,09:01:53,0,WH705,XZCE,3189,3189,3199,304,19422640,14912,14980,3343,3023,3183,3200,0,3199,0,0,0,2017-04-17,32513000,3188,1,0,0,0,0,0,0,0,0,3190,29,0,0,0,0,0,0,0,0
124,2017-04-17,09:01:54,0,WH705,XZCE,3189,3189,3199,304,19422640,14912,14980,3343,3023,3183,3200,0,3199,0,0,0,2017-04-17,32514000,3189,1,0,0,0,0,0,0,0,0,3190,7,0,0,0,0,0,0,0,0
125,2017-04-17,09:01:54,0,WH705,XZCE,3188,3188,3199,308,19677680,14912,14980,3343,3023,3183,3200,0,3199,0,0,0,2017-04-17,32514000,3187,2,0,0,0,0,0,0,0,0,3188,6,0,0,0,0,0,0,0,0
126,2017-04-17,09:01:55,0,WH705,XZCE,3188,3188,3199,310,19805200,14912,14980,3343,3023,3183,3200,0,3199,0,0,0,2017-04-17,32515000,3187,2,0,0,0,0,0,0,0,0,3188,5,0,0,0,0,0,0,0,0
127,2017-04-17,09:01:56,0,WH705,XZCE,3187,3187,3199,312,19932680,14912,14980,3343,3023,3183,3200,0,3199,0,0,0,2017-04-17,32516000,3187,1,0,0,0,0,0,0,0,0,3188,5,0,0,0,0,0,0,0,0
128,2017-04-17,09:01:57,0,WH705,XZCE,3187,3187,3199,312,19932680,14912,14980,3343,3023,3183,3200,0,3199,0,0,0,2017-04-17,32517000,3187,1,0,0,0,0,0,0,0,0,3188,16,0,0,0,0,0,0,0,0
129,2017-04-17,09:01:58,0,WH705,XZCE,3187,3187,3199,314,20060160,14912,14980,3343,3023,3183,3200,0,3199,0,0,0,2017-04-17,32518000,3186,3,0,0,0,0,0,0,0,0,3187,1,0,0,0,0,0,0,0,0
130,2017-04-17,09:01:58,0,WH705,XZCE,3187,3187,3199,314,20060160,14912,14980,3343,3023,3183,3200,0,3199,0,0,0,2017-04-17,32518000,3186,3,0,0,0,0,0,0,0,0,3187,12,0,0,0,0,0,0,0,0
131,2017-04-17,09:01:58,0,WH705,XZCE,3187,3187,3199,314,20060160,14912,14980,3343,3023,3183,3200,0,3199,0,0,0,2017-04-17,32518000,3186,3,0,0,0,0,0,0,0,0,3187,23,0,0,0,0,0,0,0,0
132,2017-04-17,09:01:59,0,WH705,XZCE,3187,3187,3199,314,20060160,14912,14980,3343,3023,3183,3200,0,3199,0,0,0,2017-04-17,32519000,3186,3,0,0,0,0,0,0,0,0,3187,1,0,0,0,0,0,0,0,0
133,2017-04-17,09:02:01,0,WH705,XZCE,3187,3186,3199,318,20315120,14914,14980,3343,3023,3183,3200,0,3199,0,0,0,2017-04-17,32521000,3187,1,0,0,0,0,0,0,0,0,3188,5,0,0,0,0,0,0,0,0
134,2017-04-17,09:02:01,0,WH705,XZCE,3188,3186,3199,320,20442640,14914,14980,3343,3023,3183,3200,0,3199,0,0,0,2017-04-17,32521000,3187,1,0,0,0,0,0,0,0,0,3188,4,0,0,0,0,0,0,0,0
135,2017-04-17,09:02:01,0,WH705,XZCE,3186,3186,3199,326,20824960,14910,14980,3343,3023,3183,3200,0,3199,0,0,0,2017-04-17,32521000,3186,1,0,0,0,0,0,0,0,0,3188,4,0,0,0,0,0,0,0,0
136,2017-04-17,09:02:02,0,WH705,XZCE,3186,3186,3199,328,20952400,14912,14980,3343,3023,3183,3200,0,3199,0,0,0,2017-04-17,32522000,3184,5,0,0,0,0,0,0,0,0,3188,4,0,0,0,0,0,0,0,0
137,2017-04-17,09:02:03,0,WH705,XZCE,3186,3186,3199,328,20952400,14912,14980,3343,3023,3183,3200,0,3199,0,0,0,2017-04-17,32523000,3184,5,0,0,0,0,0,0,0,0,3187,20,0,0,0,0,0,0,0,0
138,2017-04-17,09:02:04,0,WH705,XZCE,3186,3186,3199,328,20952400,14912,14980,3343,3023,3183,3200,0,3199,0,0,0,2017-04-17,32524000,3184,5,0,0,0,0,0,0,0,0,3186,3,0,0,0,0,0,0,0,0
139,2017-04-17,09:02:06,0,WH705,XZCE,3184,3184,3199,338,21589200,14902,14980,3343,3023,3183,3200,0,3199,0,0,0,2017-04-17,32526000,3183,2,0,0,0,0,0,0,0,0,3184,9,0,0,0,0,0,0,0,0
140,2017-04-17,09:02:06,0,WH705,XZCE,3184,3184,3199,340,21716560,14900,14980,3343,3023,3183,3200,0,3199,0,0,0,2017-04-17,32526000,3183,2,0,0,0,0,0,0,0,0,3184,8,0,0,0,0,0,0,0,0
141,2017-04-17,09:02:07,0,WH705,XZCE,3183,3183,3199,346,22098520,14896,14980,3343,3023,3183,3200,0,3199,0,0,0,2017-04-17,32527000,3182,5,0,0,0,0,0,0,0,0,3183,4,0,0,0,0,0,0,0,0
142,2017-04-17,09:02:08,0,WH705,XZCE,3183,3183,3199,350,22353160,14892,14980,3343,3023,3183,3200,0,3199,0,0,0,2017-04-17,32528000,3182,5,0,0,0,0,0,0,0,0,3183,2,0,0,0,0,0,0,0,0
143,2017-04-17,09:02:08,0,WH705,XZCE,3184,3182,3199,360,22989960,14884,14980,3343,3023,3183,3200,0,3199,0,0,0,2017-04-17,32528000,3182,4,0,0,0,0,0,0,0,0,3184,6,0,0,0,0,0,0,0,0
144,2017-04-17,09:02:08,0,WH705,XZCE,3182,3182,3199,362,23117240,14884,14980,3343,3023,3183,3200,0,3199,0,0,0,2017-04-17,32528000,3183,3,0,0,0,0,0,0,0,0,3184,6,0,0,0,0,0,0,0,0
145,2017-04-17,09:02:09,0,WH705,XZCE,3184,3182,3199,364,23244600,14884,14980,3343,3023,3183,3200,0,3199,0,0,0,2017-04-17,32529000,3183,3,0,0,0,0,0,0,0,0,3184,25,0,0,0,0,0,0,0,0
146,2017-04-17,09:02:09,0,WH705,XZCE,3184,3182,3199,364,23244600,14884,14980,3343,3023,3183,3200,0,3199,0,0,0,2017-04-17,32529000,3183,3,0,0,0,0,0,0,0,0,3184,5,0,0,0,0,0,0,0,0
147,2017-04-17,09:02:10,0,WH705,XZCE,3184,3182,3199,372,23754040,14876,14980,3343,3023,3183,3200,0,3199,0,0,0,2017-04-17,32530000,3183,3,0,0,0,0,0,0,0,0,3184,1,0,0,0,0,0,0,0,0
148,2017-04-17,09:02:11,0,WH705,XZCE,3183,3182,3199,374,23881360,14876,14980,3343,3023,3183,3200,0,3199,0,0,0,2017-04-17,32531000,3183,3,0,0,0,0,0,0,0,0,3184,1,0,0,0,0,0,0,0,0
149,2017-04-17,09:02:12,0,WH705,XZCE,3183,3182,3199,380,24263320,14870,14980,3343,3023,3183,3200,0,3199,0,0,0,2017-04-17,32532000,3182,4,0,0,0,0,0,0,0,0,3184,1,0,0,0,0,0,0,0,0
150,2017-04-17,09:02:12,0,WH705,XZCE,3183,3182,3199,380,24263320,14870,14980,3343,3023,3183,3200,0,3199,0,0,0,2017-04-17,32532000,3183,1,0,0,0,0,0,0,0,0,3184,1,0,0,0,0,0,0,0,0
151,2017-04-17,09:02:12,0,WH705,XZCE,3184,3182,3199,382,24390680,14870,14980,3343,3023,3183,3200,0,3199,0,0,0,2017-04-17,32532000,3183,1,0,0,0,0,0,0,0,0,3186,4,0,0,0,0,0,0,0,0
152,2017-04-17,09:02:14,0,WH705,XZCE,3184,3182,3199,382,24390680,14870,14980,3343,3023,3183,3200,0,3199,0,0,0,2017-04-17,32534000,3183,3,0,0,0,0,0,0,0,0,3185,1,0,0,0,0,0,0,0,0
153,2017-04-17,09:02:14,0,WH705,XZCE,3183,3182,3199,386,24645320,14872,14980,3343,3023,3183,3200,0,3199,0,0,0,2017-04-17,32534000,3183,2,0,0,0,0,0,0,0,0,3185,1,0,0,0,0,0,0,0,0
154,2017-04-17,09:02:14,0,WH705,XZCE,3183,3182,3199,386,24645320,14872,14980,3343,3023,3183,3200,0,3199,0,0,0,2017-04-17,32534000,3183,2,0,0,0,0,0,0,0,0,3186,4,0,0,0,0,0,0,0,0
155,2017-04-17,09:02:15,0,WH705,XZCE,3183,3182,3199,386,24645320,14872,14980,3343,3023,3183,3200,0,3199,0,0,0,2017-04-17,32535000,3183,3,0,0,0,0,0,0,0,0,3186,4,0,0,0,0,0,0,0,0
156,2017-04-17,09:02:16,0,WH705,XZCE,3183,3182,3199,390,24899960,14874,14980,3343,3023,3183,3200,0,3199,0,0,0,2017-04-17,32536000,3183,1,0,0,0,0,0,0,0,0,3186,5,0,0,0,0,0,0,0,0
157,2017-04-17,09:02:17,0,WH705,XZCE,3183,3182,3199,390,24899960,14874,14980,3343,3023,3183,3200,0,3199,0,0,0,2017-04-17,32537000,3183,3,0,0,0,0,0,0,0,0,3186,5,0,0,0,0,0,0,0,0
158,2017-04-17,09:02:18,0,WH705,XZCE,3183,3182,3199,390,24899960,14874,14980,3343,3023,3183,3200,0,3199,0,0,0,2017-04-17,32538000,3184,2,0,0,0,0,0,0,0,0,3186,5,0,0,0,0,0,0,0,0
159,2017-04-17,09:02:19,0,WH705,XZCE,3183,3182,3199,390,24899960,14874,14980,3343,3023,3183,3200,0,3199,0,0,0,2017-04-17,32539000,3184,33,0,0,0,0,0,0,0,0,3186,5,0,0,0,0,0,0,0,0
160,2017-04-17,09:02:20,0,WH705,XZCE,3186,3182,3199,400,25537160,14880,14980,3343,3023,3183,3200,0,3199,0,0,0,2017-04-17,32540000,3186,1,0,0,0,0,0,0,0,0,3188,4,0,0,0,0,0,0,0,0
161,2017-04-17,09:02:21,0,WH705,XZCE,3186,3182,3199,400,25537160,14880,14980,3343,3023,3183,3200,0,3199,0,0,0,2017-04-17,32541000,3186,2,0,0,0,0,0,0,0,0,3188,4,0,0,0,0,0,0,0,0
162,2017-04-17,09:02:21,0,WH705,XZCE,3188,3182,3199,406,25919720,14884,14980,3343,3023,3183,3200,0,3199,0,0,0,2017-04-17,32541000,3186,1,0,0,0,0,0,0,0,0,3188,3,0,0,0,0,0,0,0,0
163,2017-04-17,09:02:22,0,WH705,XZCE,3188,3182,3199,406,25919720,14884,14980,3343,3023,3183,3200,0,3199,0,0,0,2017-04-17,32542000,3187,1,0,0,0,0,0,0,0,0,3188,4,0,0,0,0,0,0,0,0
164,2017-04-17,09:02:24,0,WH705,XZCE,3187,3182,3199,408,26047200,14884,14980,3343,3023,3183,3200,0,3199,0,0,0,2017-04-17,32544000,3186,1,0,0,0,0,0,0,0,0,3188,4,0,0,0,0,0,0,0,0
165,2017-04-17,09:02:25,0,WH705,XZCE,3187,3182,3199,410,26174680,14886,14980,3343,3023,3183,3200,0,3199,0,0,0,2017-04-17,32545000,3187,19,0,0,0,0,0,0,0,0,3188,4,0,0,0,0,0,0,0,0
166,2017-04-17,09:02:25,0,WH705,XZCE,3187,3182,3199,410,26174680,14886,14980,3343,3023,3183,3200,0,3199,0,0,0,2017-04-17,32545000,3186,1,0,0,0,0,0,0,0,0,3188,4,0,0,0,0,0,0,0,0
167,2017-04-17,09:02:25,0,WH705,XZCE,3188,3182,3199,414,26429720,14886,14980,3343,3023,3183,3200,0,3199,0,0,0,2017-04-17,32545000,3186,21,0,0,0,0,0,0,0,0,3188,2,0,0,0,0,0,0,0,0
168,2017-04-17,09:02:26,0,WH705,XZCE,3186,3182,3199,420,26812040,14888,14980,3343,3023,3183,3200,0,3199,0,0,0,2017-04-17,32546000,3186,39,0,0,0,0,0,0,0,0,3188,1,0,0,0,0,0,0,0,0
169,2017-04-17,09:02:27,0,WH705,XZCE,3186,3182,3199,420,26812040,14888,14980,3343,3023,3183,3200,0,3199,0,0,0,2017-04-17,32547000,3187,1,0,0,0,0,0,0,0,0,3188,1,0,0,0,0,0,0,0,0
170,2017-04-17,09:02:27,0,WH705,XZCE,3188,3182,3199,424,27067080,14888,14980,3343,3023,3183,3200,0,3199,0,0,0,2017-04-17,32547000,3188,1,0,0,0,0,0,0,0,0,3190,1,0,0,0,0,0,0,0,0
171,2017-04-17,09:02:27,0,WH705,XZCE,3188,3182,3199,424,27067080,14888,14980,3343,3023,3183,3200,0,3199,0,0,0,2017-04-17,32547000,3188,1,0,0,0,0,0,0,0,0,3190,2,0,0,0,0,0,0,0,0
172,2017-04-17,09:02:28,0,WH705,XZCE,3188,3182,3199,424,27067080,14888,14980,3343,3023,3183,3200,0,3199,0,0,0,2017-04-17,32548000,3188,1,0,0,0,0,0,0,0,0,3189,2,0,0,0,0,0,0,0,0
173,2017-04-17,09:02:29,0,WH705,XZCE,3188,3182,3199,426,27194600,14888,14980,3343,3023,3183,3200,0,3199,0,0,0,2017-04-17,32549000,3187,1,0,0,0,0,0,0,0,0,3189,2,0,0,0,0,0,0,0,0
174,2017-04-17,09:02:29,0,WH705,XZCE,3188,3182,3199,426,27194600,14888,14980,3343,3023,3183,3200,0,3199,0,0,0,2017-04-17,32549000,3187,1,0,0,0,0,0,0,0,0,3189,3,0,0,0,0,0,0,0,0
175,2017-04-17,09:02:30,0,WH705,XZCE,3187,3182,3199,428,27322080,14886,14980,3343,3023,3183,3200,0,3199,0,0,0,2017-04-17,32550000,3185,1,0,0,0,0,0,0,0,0,3187,1,0,0,0,0,0,0,0,0
176,2017-04-17,09:02:31,0,WH705,XZCE,3187,3182,3199,428,27322080,14886,14980,3343,3023,3183,3200,0,3199,0,0,0,2017-04-17,32551000,3186,1,0,0,0,0,0,0,0,0,3189,1,0,0,0,0,0,0,0,0
177,2017-04-17,09:02:32,0,WH705,XZCE,3187,3182,3199,428,27322080,14886,14980,3343,3023,3183,3200,0,3199,0,0,0,2017-04-17,32552000,3186,1,0,0,0,0,0,0,0,0,3188,3,0,0,0,0,0,0,0,0
178,2017-04-17,09:02:33,0,WH705,XZCE,3187,3182,3199,428,27322080,14886,14980,3343,3023,3183,3200,0,3199,0,0,0,2017-04-17,32553000,3186,34,0,0,0,0,0,0,0,0,3188,3,0,0,0,0,0,0,0,0
179,2017-04-17,09:02:35,0,WH705,XZCE,3187,3182,3199,428,27322080,14886,14980,3343,3023,3183,3200,0,3199,0,0,0,2017-04-17,32555000,3186,1,0,0,0,0,0,0,0,0,3188,3,0,0,0,0,0,0,0,0
180,2017-04-17,09:02:36,0,WH705,XZCE,3188,3182,3199,432,27577120,14882,14980,3343,3023,3183,3200,0,3199,0,0,0,2017-04-17,32556000,3186,1,0,0,0,0,0,0,0,0,3188,1,0,0,0,0,0,0,0,0
181,2017-04-17,09:02:38,0,WH705,XZCE,3186,3182,3199,434,27704560,14882,14980,3343,3023,3183,3200,0,3199,0,0,0,2017-04-17,32558000,3185,2,0,0,0,0,0,0,0,0,3188,1,0,0,0,0,0,0,0,0
182,2017-04-17,09:02:38,0,WH705,XZCE,3186,3182,3199,434,27704560,14882,14980,3343,3023,3183,3200,0,3199,0,0,0,2017-04-17,32558000,3187,1,0,0,0,0,0,0,0,0,3188,1,0,0,0,0,0,0,0,0
183,2017-04-17,09:02:39,0,WH705,XZCE,3188,3182,3199,436,27832080,14880,14980,3343,3023,3183,3200,0,3199,0,0,0,2017-04-17,32559000,3188,8,0,0,0,0,0,0,0,0,3190,2,0,0,0,0,0,0,0,0
184,2017-04-17,09:02:41,0,WH705,XZCE,3188,3182,3199,436,27832080,14880,14980,3343,3023,3183,3200,0,3199,0,0,0,2017-04-17,32561000,3189,1,0,0,0,0,0,0,0,0,3190,2,0,0,0,0,0,0,0,0
185,2017-04-17,09:02:41,0,WH705,XZCE,3190,3182,3199,438,27959680,14878,14980,3343,3023,3183,3200,0,3199,0,0,0,2017-04-17,32561000,3190,1,0,0,0,0,0,0,0,0,3191,1,0,0,0,0,0,0,0,0
186,2017-04-17,09:02:41,0,WH705,XZCE,3191,3182,3199,440,28087320,14878,14980,3343,3023,3183,3200,0,3199,0,0,0,2017-04-17,32561000,3190,2,0,0,0,0,0,0,0,0,3192,2,0,0,0,0,0,0,0,0
187,2017-04-17,09:02:42,0,WH705,XZCE,3191,3182,3199,440,28087320,14878,14980,3343,3023,3183,3200,0,3199,0,0,0,2017-04-17,32562000,3190,3,0,0,0,0,0,0,0,0,3192,2,0,0,0,0,0,0,0,0
188,2017-04-17,09:02:42,0,WH705,XZCE,3191,3182,3199,440,28087320,14878,14980,3343,3023,3183,3200,0,3199,0,0,0,2017-04-17,32562000,3191,1,0,0,0,0,0,0,0,0,3192,2,0,0,0,0,0,0,0,0
189,2017-04-17,09:02:44,0,WH705,XZCE,3191,3182,3199,440,28087320,14878,14980,3343,3023,3183,3200,0,3199,0,0,0,2017-04-17,32564000,3191,1,0,0,0,0,0,0,0,0,3192,1,0,0,0,0,0,0,0,0
190,2017-04-17,09:02:46,0,WH705,XZCE,3192,3182,3199,442,28215000,14876,14980,3343,3023,3183,3200,0,3199,0,0,0,2017-04-17,32566000,3192,1,0,0,0,0,0,0,0,0,3193,3,0,0,0,0,0,0,0,0
191,2017-04-17,09:02:46,0,WH705,XZCE,3192,3182,3199,444,28342680,14876,14980,3343,3023,3183,3200,0,3199,0,0,0,2017-04-17,32566000,3191,1,0,0,0,0,0,0,0,0,3192,4,0,0,0,0,0,0,0,0
192,2017-04-17,09:02:47,0,WH705,XZCE,3192,3182,3199,444,28342680,14876,14980,3343,3023,3183,3200,0,3199,0,0,0,2017-04-17,32567000,3191,1,0,0,0,0,0,0,0,0,3192,5,0,0,0,0,0,0,0,0
193,2017-04-17,09:02:47,0,WH705,XZCE,3191,3182,3199,446,28470320,14878,14980,3343,3023,3183,3200,0,3199,0,0,0,2017-04-17,32567000,3190,3,0,0,0,0,0,0,0,0,3192,5,0,0,0,0,0,0,0,0
194,2017-04-17,09:02:47,0,WH705,XZCE,3191,3182,3199,446,28470320,14878,14980,3343,3023,3183,3200,0,3199,0,0,0,2017-04-17,32567000,3190,2,0,0,0,0,0,0,0,0,3192,5,0,0,0,0,0,0,0,0
195,2017-04-17,09:02:48,0,WH705,XZCE,3192,3182,3199,448,28598000,14878,14980,3343,3023,3183,3200,0,3199,0,0,0,2017-04-17,32568000,3190,2,0,0,0,0,0,0,0,0,3192,4,0,0,0,0,0,0,0,0
196,2017-04-17,09:02:49,0,WH705,XZCE,3192,3182,3199,450,28725680,14876,14980,3343,3023,3183,3200,0,3199,0,0,0,2017-04-17,32569000,3190,2,0,0,0,0,0,0,0,0,3192,4,0,0,0,0,0,0,0,0
197,2017-04-17,09:02:49,0,WH705,XZCE,3192,3182,3199,450,28725680,14876,14980,3343,3023,3183,3200,0,3199,0,0,0,2017-04-17,32569000,3190,2,0,0,0,0,0,0,0,0,3192,5,0,0,0,0,0,0,0,0
198,2017-04-17,09:02:52,0,WH705,XZCE,3190,3182,3199,452,28853280,14876,14980,3343,3023,3183,3200,0,3199,0,0,0,2017-04-17,32572000,3190,1,0,0,0,0,0,0,0,0,3191,1,0,0,0,0,0,0,0,0
199,2017-04-17,09:02:53,0,WH705,XZCE,3191,3182,3199,454,28980920,14874,14980,3343,3023,3183,3200,0,3199,0,0,0,2017-04-17,32573000,3190,1,0,0,0,0,0,0,0,0,3192,5,0,0,0,0,0,0,0,0
200,2017-04-17,09:02:54,0,WH705,XZCE,3191,3182,3199,454,28980920,14874,14980,3343,3023,3183,3200,0,3199,0,0,0,2017-04-17,32574000,3190,1,0,0,0,0,0,0,0,0,3192,6,0,0,0,0,0,0,0,0
201,2017-04-17,09:03:00,0,WH705,XZCE,3191,3182,3199,454,28980920,14874,14980,3343,3023,3183,3200,0,3199,0,0,0,2017-04-17,32580000,3190,1,0,0,0,0,0,0,0,0,3192,7,0,0,0,0,0,0,0,0
202,2017-04-17,09:03:06,0,WH705,XZCE,3191,3182,3199,454,28980920,14874,14980,3343,3023,3183,3200,0,3199,0,0,0,2017-04-17,32586000,3191,1,0,0,0,0,0,0,0,0,3192,7,0,0,0,0,0,0,0,0
203,2017-04-17,09:03:07,0,WH705,XZCE,3190,3182,3199,458,29236120,14872,14980,3343,3023,3183,3200,0,3199,0,0,0,2017-04-17,32587000,3188,8,0,0,0,0,0,0,0,0,3189,2,0,0,0,0,0,0,0,0
204,2017-04-17,09:03:07,0,WH705,XZCE,3188,3182,3199,460,29363640,14870,14980,3343,3023,3183,3200,0,3199,0,0,0,2017-04-17,32587000,3188,7,0,0,0,0,0,0,0,0,3189,2,0,0,0,0,0,0,0,0
205,2017-04-17,09:03:19,0,WH705,XZCE,3188,3182,3199,470,30001240,14870,14980,3343,3023,3183,3200,0,3199,0,0,0,2017-04-17,32599000,3188,2,0,0,0,0,0,0,0,0,3189,2,0,0,0,0,0,0,0,0
206,2017-04-17,09:03:20,0,WH705,XZCE,3188,3182,3199,472,30128760,14870,14980,3343,3023,3183,3200,0,3199,0,0,0,2017-04-17,32600000,3188,1,0,0,0,0,0,0,0,0,3189,2,0,0,0,0,0,0,0,0
207,2017-04-17,09:03:20,0,WH705,XZCE,3188,3182,3199,474,30256280,14868,14980,3343,3023,3183,3200,0,3199,0,0,0,2017-04-17,32600000,3187,2,0,0,0,0,0,0,0,0,3189,2,0,0,0,0,0,0,0,0
208,2017-04-17,09:03:24,0,WH705,XZCE,3188,3182,3199,474,30256280,14868,14980,3343,3023,3183,3200,0,3199,0,0,0,2017-04-17,32604000,3187,2,0,0,0,0,0,0,0,0,3188,1,0,0,0,0,0,0,0,0
209,2017-04-17,09:03:26,0,WH705,XZCE,3188,3182,3199,474,30256280,14868,14980,3343,3023,3183,3200,0,3199,0,0,0,2017-04-17,32606000,3187,2,0,0,0,0,0,0,0,0,3188,2,0,0,0,0,0,0,0,0
210,2017-04-17,09:03:30,0,WH705,XZCE,3187,3182,3199,476,30383760,14868,14980,3343,3023,3183,3200,0,3199,0,0,0,2017-04-17,32610000,3187,1,0,0,0,0,0,0,0,0,3188,2,0,0,0,0,0,0,0,0
211,2017-04-17,09:03:32,0,WH705,XZCE,3187,3182,3199,478,30511240,14868,14980,3343,3023,3183,3200,0,3199,0,0,0,2017-04-17,32612000,3185,3,0,0,0,0,0,0,0,0,3188,2,0,0,0,0,0,0,0,0
212,2017-04-17,09:03:35,0,WH705,XZCE,3187,3182,3199,478,30511240,14868,14980,3343,3023,3183,3200,0,3199,0,0,0,2017-04-17,32615000,3186,2,0,0,0,0,0,0,0,0,3188,2,0,0,0,0,0,0,0,0
213,2017-04-17,09:03:35,0,WH705,XZCE,3187,3182,3199,478,30511240,14868,14980,3343,3023,3183,3200,0,3199,0,0,0,2017-04-17,32615000,3186,3,0,0,0,0,0,0,0,0,3188,2,0,0,0,0,0,0,0,0
214,2017-04-17,09:03:40,0,WH705,XZCE,3187,3182,3199,478,30511240,14868,14980,3343,3023,3183,3200,0,3199,0,0,0,2017-04-17,32620000,3187,1,0,0,0,0,0,0,0,0,3188,2,0,0,0,0,0,0,0,0
215,2017-04-17,09:03:40,0,WH705,XZCE,3187,3182,3199,480,30638720,14868,14980,3343,3023,3183,3200,0,3199,0,0,0,2017-04-17,32620000,3186,3,0,0,0,0,0,0,0,0,3188,2,0,0,0,0,0,0,0,0
216,2017-04-17,09:03:45,0,WH705,XZCE,3187,3182,3199,480,30638720,14868,14980,3343,3023,3183,3200,0,3199,0,0,0,2017-04-17,32625000,3186,3,0,0,0,0,0,0,0,0,3188,3,0,0,0,0,0,0,0,0
217,2017-04-17,09:03:46,0,WH705,XZCE,3186,3182,3199,482,30766160,14870,14980,3343,3023,3183,3200,0,3199,0,0,0,2017-04-17,32626000,3186,2,0,0,0,0,0,0,0,0,3188,3,0,0,0,0,0,0,0,0
218,2017-04-17,09:03:47,0,WH705,XZCE,3186,3182,3199,484,30893600,14872,14980,3343,3023,3183,3200,0,3199,0,0,0,2017-04-17,32627000,3186,1,0,0,0,0,0,0,0,0,3188,3,0,0,0,0,0,0,0,0
219,2017-04-17,09:03:48,0,WH705,XZCE,3186,3182,3199,486,31021040,14874,14980,3343,3023,3183,3200,0,3199,0,0,0,2017-04-17,32628000,3185,2,0,0,0,0,0,0,0,0,3188,3,0,0,0,0,0,0,0,0
220,2017-04-17,09:03:50,0,WH705,XZCE,3186,3182,3199,486,31021040,14874,14980,3343,3023,3183,3200,0,3199,0,0,0,2017-04-17,32630000,3186,1,0,0,0,0,0,0,0,0,3187,1,0,0,0,0,0,0,0,0
221,2017-04-17,09:03:51,0,WH705,XZCE,3186,3182,3199,488,31148480,14876,14980,3343,3023,3183,3200,0,3199,0,0,0,2017-04-17,32631000,3185,2,0,0,0,0,0,0,0,0,3186,1,0,0,0,0,0,0,0,0
222,2017-04-17,09:03:57,0,WH705,XZCE,3186,3182,3199,488,31148480,14876,14980,3343,3023,3183,3200,0,3199,0,0,0,2017-04-17,32637000,3185,2,0,0,0,0,0,0,0,0,3186,2,0,0,0,0,0,0,0,0
223,2017-04-17,09:04:02,0,WH705,XZCE,3186,3182,3199,488,31148480,14876,14980,3343,3023,3183,3200,0,3199,0,0,0,2017-04-17,32642000,3185,2,0,0,0,0,0,0,0,0,3186,3,0,0,0,0,0,0,0,0
224,2017-04-17,09:04:04,0,WH705,XZCE,3185,3182,3199,490,31275880,14878,14980,3343,3023,3183,3200,0,3199,0,0,0,2017-04-17,32644000,3185,1,0,0,0,0,0,0,0,0,3186,3,0,0,0,0,0,0,0,0
225,2017-04-17,09:04:05,0,WH705,XZCE,3185,3182,3199,490,31275880,14878,14980,3343,3023,3183,3200,0,3199,0,0,0,2017-04-17,32645000,3185,3,0,0,0,0,0,0,0,0,3186,3,0,0,0,0,0,0,0,0
226,2017-04-17,09:04:05,0,WH705,XZCE,3186,3182,3199,492,31403320,14878,14980,3343,3023,3183,3200,0,3199,0,0,0,2017-04-17,32645000,3185,3,0,0,0,0,0,0,0,0,3186,2,0,0,0,0,0,0,0,0
227,2017-04-17,09:04:08,0,WH705,XZCE,3186,3182,3199,496,31658200,14876,14980,3343,3023,3183,3200,0,3199,0,0,0,2017-04-17,32648000,3186,3,0,0,0,0,0,0,0,0,3187,1,0,0,0,0,0,0,0,0
228,2017-04-17,09:04:12,0,WH705,XZCE,3186,3182,3199,496,31658200,14876,14980,3343,3023,3183,3200,0,3199,0,0,0,2017-04-17,32652000,3186,3,0,0,0,0,0,0,0,0,3187,2,0,0,0,0,0,0,0,0
229,2017-04-17,09:04:12,0,WH705,XZCE,3186,3182,3199,496,31658200,14876,14980,3343,3023,3183,3200,0,3199,0,0,0,2017-04-17,32652000,3186,3,0,0,0,0,0,0,0,0,3187,5,0,0,0,0,0,0,0,0
230,2017-04-17,09:04:13,0,WH705,XZCE,3186,3182,3199,496,31658200,14876,14980,3343,3023,3183,3200,0,3199,0,0,0,2017-04-17,32653000,3186,4,0,0,0,0,0,0,0,0,3187,5,0,0,0,0,0,0,0,0
231,2017-04-17,09:04:16,0,WH705,XZCE,3186,3182,3199,496,31658200,14876,14980,3343,3023,3183,3200,0,3199,0,0,0,2017-04-17,32656000,3186,1,0,0,0,0,0,0,0,0,3187,5,0,0,0,0,0,0,0,0
232,2017-04-17,09:04:18,0,WH705,XZCE,3186,3182,3199,498,31785640,14876,14980,3343,3023,3183,3200,0,3199,0,0,0,2017-04-17,32658000,3185,3,0,0,0,0,0,0,0,0,3187,5,0,0,0,0,0,0,0,0
233,2017-04-17,09:04:19,0,WH705,XZCE,3187,3182,3199,500,31913120,14878,14980,3343,3023,3183,3200,0,3199,0,0,0,2017-04-17,32659000,3185,3,0,0,0,0,0,0,0,0,3187,4,0,0,0,0,0,0,0,0
234,2017-04-17,09:04:20,0,WH705,XZCE,3187,3182,3199,500,31913120,14878,14980,3343,3023,3183,3200,0,3199,0,0,0,2017-04-17,32660000,3185,3,0,0,0,0,0,0,0,0,3187,3,0,0,0,0,0,0,0,0
235,2017-04-17,09:04:21,0,WH705,XZCE,3187,3182,3199,500,31913120,14878,14980,3343,3023,3183,3200,0,3199,0,0,0,2017-04-17,32661000,3185,3,0,0,0,0,0,0,0,0,3186,1,0,0,0,0,0,0,0,0
236,2017-04-17,09:04:22,0,WH705,XZCE,3187,3182,3199,508,32423040,14876,14980,3343,3023,3183,3200,0,3199,0,0,0,2017-04-17,32662000,3187,4,0,0,0,0,0,0,0,0,3188,1,0,0,0,0,0,0,0,0
237,2017-04-17,09:04:27,0,WH705,XZCE,3188,3182,3199,510,32550560,14878,14980,3343,3023,3183,3200,0,3199,0,0,0,2017-04-17,32667000,3187,4,0,0,0,0,0,0,0,0,3189,2,0,0,0,0,0,0,0,0
238,2017-04-17,09:04:28,0,WH705,XZCE,3188,3182,3199,510,32550560,14878,14980,3343,3023,3183,3200,0,3199,0,0,0,2017-04-17,32668000,3187,4,0,0,0,0,0,0,0,0,3191,2,0,0,0,0,0,0,0,0
239,2017-04-17,09:04:29,0,WH705,XZCE,3188,3182,3199,510,32550560,14878,14980,3343,3023,3183,3200,0,3199,0,0,0,2017-04-17,32669000,3188,1,0,0,0,0,0,0,0,0,3191,2,0,0,0,0,0,0,0,0
240,2017-04-17,09:04:30,0,WH705,XZCE,3188,3182,3199,510,32550560,14878,14980,3343,3023,3183,3200,0,3199,0,0,0,2017-04-17,32670000,3188,1,0,0,0,0,0,0,0,0,3190,1,0,0,0,0,0,0,0,0
241,2017-04-17,09:04:30,0,WH705,XZCE,3188,3182,3199,510,32550560,14878,14980,3343,3023,3183,3200,0,3199,0,0,0,2017-04-17,32670000,3188,1,0,0,0,0,0,0,0,0,3190,2,0,0,0,0,0,0,0,0
242,2017-04-17,09:04:31,0,WH705,XZCE,3188,3182,3199,510,32550560,14878,14980,3343,3023,3183,3200,0,3199,0,0,0,2017-04-17,32671000,3188,1,0,0,0,0,0,0,0,0,3190,1,0,0,0,0,0,0,0,0
243,2017-04-17,09:04:32,0,WH705,XZCE,3188,3182,3199,510,32550560,14878,14980,3343,3023,3183,3200,0,3199,0,0,0,2017-04-17,32672000,3187,4,0,0,0,0,0,0,0,0,3190,1,0,0,0,0,0,0,0,0
244,2017-04-17,09:04:34,0,WH705,XZCE,3188,3182,3199,510,32550560,14878,14980,3343,3023,3183,3200,0,3199,0,0,0,2017-04-17,32674000,3188,1,0,0,0,0,0,0,0,0,3190,1,0,0,0,0,0,0,0,0
245,2017-04-17,09:04:36,0,WH705,XZCE,3188,3182,3199,512,32678080,14878,14980,3343,3023,3183,3200,0,3199,0,0,0,2017-04-17,32676000,3187,4,0,0,0,0,0,0,0,0,3190,1,0,0,0,0,0,0,0,0
246,2017-04-17,09:04:37,0,WH705,XZCE,3188,3182,3199,512,32678080,14878,14980,3343,3023,3183,3200,0,3199,0,0,0,2017-04-17,32677000,3187,4,0,0,0,0,0,0,0,0,3189,2,0,0,0,0,0,0,0,0
247,2017-04-17,09:04:41,0,WH705,XZCE,3188,3182,3199,512,32678080,14878,14980,3343,3023,3183,3200,0,3199,0,0,0,2017-04-17,32681000,3187,15,0,0,0,0,0,0,0,0,3189,2,0,0,0,0,0,0,0,0
248,2017-04-17,09:04:41,0,WH705,XZCE,3188,3182,3199,512,32678080,14878,14980,3343,3023,3183,3200,0,3199,0,0,0,2017-04-17,32681000,3187,15,0,0,0,0,0,0,0,0,3189,8,0,0,0,0,0,0,0,0
249,2017-04-17,09:04:42,0,WH705,XZCE,3188,3182,3199,512,32678080,14878,14980,3343,3023,3183,3200,0,3199,0,0,0,2017-04-17,32682000,3187,15,0,0,0,0,0,0,0,0,3189,10,0,0,0,0,0,0,0,0
250,2017-04-17,09:04:43,0,WH705,XZCE,3188,3182,3199,512,32678080,14878,14980,3343,3023,3183,3200,0,3199,0,0,0,2017-04-17,32683000,3187,16,0,0,0,0,0,0,0,0,3189,10,0,0,0,0,0,0,0,0
251,2017-04-17,09:04:44,0,WH705,XZCE,3188,3182,3199,512,32678080,14878,14980,3343,3023,3183,3200,0,3199,0,0,0,2017-04-17,32684000,3187,16,0,0,0,0,0,0,0,0,3188,5,0,0,0,0,0,0,0,0
252,2017-04-17,09:04:45,0,WH705,XZCE,3188,3182,3199,512,32678080,14878,14980,3343,3023,3183,3200,0,3199,0,0,0,2017-04-17,32685000,3187,16,0,0,0,0,0,0,0,0,3188,13,0,0,0,0,0,0,0,0
253,2017-04-17,09:04:47,0,WH705,XZCE,3188,3182,3199,512,32678080,14878,14980,3343,3023,3183,3200,0,3199,0,0,0,2017-04-17,32687000,3187,15,0,0,0,0,0,0,0,0,3188,13,0,0,0,0,0,0,0,0
254,2017-04-17,09:04:52,0,WH705,XZCE,3188,3182,3199,512,32678080,14878,14980,3343,3023,3183,3200,0,3199,0,0,0,2017-04-17,32692000,3187,16,0,0,0,0,0,0,0,0,3188,13,0,0,0,0,0,0,0,0
255,2017-04-17,09:05:08,0,WH705,XZCE,3187,3182,3199,514,32805560,14878,14980,3343,3023,3183,3200,0,3199,0,0,0,2017-04-17,32708000,3187,15,0,0,0,0,0,0,0,0,3188,13,0,0,0,0,0,0,0,0
256,2017-04-17,09:05:09,0,WH705,XZCE,3187,3182,3199,514,32805560,14878,14980,3343,3023,3183,3200,0,3199,0,0,0,2017-04-17,32709000,3187,15,0,0,0,0,0,0,0,0,3188,14,0,0,0,0,0,0,0,0
257,2017-04-17,09:05:11,0,WH705,XZCE,3188,3182,3199,520,33188120,14878,14980,3343,3023,3183,3200,0,3199,0,0,0,2017-04-17,32711000,3187,15,0,0,0,0,0,0,0,0,3188,11,0,0,0,0,0,0,0,0
258,2017-04-17,09:05:14,0,WH705,XZCE,3187,3182,3199,524,33443080,14878,14980,3343,3023,3183,3200,0,3199,0,0,0,2017-04-17,32714000,3187,13,0,0,0,0,0,0,0,0,3188,11,0,0,0,0,0,0,0,0
259,2017-04-17,09:05:15,0,WH705,XZCE,3188,3182,3199,526,33570600,14880,14980,3343,3023,3183,3200,0,3199,0,0,0,2017-04-17,32715000,3187,13,0,0,0,0,0,0,0,0,3188,10,0,0,0,0,0,0,0,0
260,2017-04-17,09:05:19,0,WH705,XZCE,3188,3182,3199,528,33698120,14880,14980,3343,3023,3183,3200,0,3199,0,0,0,2017-04-17,32719000,3187,13,0,0,0,0,0,0,0,0,3188,9,0,0,0,0,0,0,0,0
261,2017-04-17,09:05:21,0,WH705,XZCE,3188,3182,3199,528,33698120,14880,14980,3343,3023,3183,3200,0,3199,0,0,0,2017-04-17,32721000,3187,13,0,0,0,0,0,0,0,0,3188,10,0,0,0,0,0,0,0,0
262,2017-04-17,09:05:27,0,WH705,XZCE,3188,3182,3199,542,34590760,14866,14980,3343,3023,3183,3200,0,3199,0,0,0,2017-04-17,32727000,3187,13,0,0,0,0,0,0,0,0,3188,3,0,0,0,0,0,0,0,0
263,2017-04-17,09:05:27,0,WH705,XZCE,3188,3182,3199,548,34973320,14864,14980,3343,3023,3183,3200,0,3199,0,0,0,2017-04-17,32727000,3187,13,0,0,0,0,0,0,0,0,3189,2,0,0,0,0,0,0,0,0
264,2017-04-17,09:05:28,0,WH705,XZCE,3188,3182,3199,548,34973320,14864,14980,3343,3023,3183,3200,0,3199,0,0,0,2017-04-17,32728000,3187,13,0,0,0,0,0,0,0,0,3189,1,0,0,0,0,0,0,0,0
265,2017-04-17,09:05:29,0,WH705,XZCE,3188,3182,3199,548,34973320,14864,14980,3343,3023,3183,3200,0,3199,0,0,0,2017-04-17,32729000,3187,13,0,0,0,0,0,0,0,0,3188,1,0,0,0,0,0,0,0,0
266,2017-04-17,09:05:29,0,WH705,XZCE,3188,3182,3199,550,35100840,14866,14980,3343,3023,3183,3200,0,3199,0,0,0,2017-04-17,32729000,3187,13,0,0,0,0,0,0,0,0,3190,3,0,0,0,0,0,0,0,0
267,2017-04-17,09:05:30,0,WH705,XZCE,3188,3182,3199,550,35100840,14866,14980,3343,3023,3183,3200,0,3199,0,0,0,2017-04-17,32730000,3188,1,0,0,0,0,0,0,0,0,3190,3,0,0,0,0,0,0,0,0
268,2017-04-17,09:05:31,0,WH705,XZCE,3188,3182,3199,550,35100840,14866,14980,3343,3023,3183,3200,0,3199,0,0,0,2017-04-17,32731000,3188,2,0,0,0,0,0,0,0,0,3190,3,0,0,0,0,0,0,0,0
269,2017-04-17,09:05:32,0,WH705,XZCE,3190,3182,3199,554,35356040,14870,14980,3343,3023,3183,3200,0,3199,0,0,0,2017-04-17,32732000,3188,2,0,0,0,0,0,0,0,0,3190,1,0,0,0,0,0,0,0,0
270,2017-04-17,09:05:34,0,WH705,XZCE,3190,3182,3199,554,35356040,14870,14980,3343,3023,3183,3200,0,3199,0,0,0,2017-04-17,32734000,3188,2,0,0,0,0,0,0,0,0,3190,2,0,0,0,0,0,0,0,0
271,2017-04-17,09:05:36,0,WH705,XZCE,3190,3182,3199,554,35356040,14870,14980,3343,3023,3183,3200,0,3199,0,0,0,2017-04-17,32736000,3188,2,0,0,0,0,0,0,0,0,3190,3,0,0,0,0,0,0,0,0
272,2017-04-17,09:05:39,0,WH705,XZCE,3190,3182,3199,554,35356040,14870,14980,3343,3023,3183,3200,0,3199,0,0,0,2017-04-17,32739000,3188,1,0,0,0,0,0,0,0,0,3190,3,0,0,0,0,0,0,0,0
273,2017-04-17,09:05:40,0,WH705,XZCE,3190,3182,3199,554,35356040,14870,14980,3343,3023,3183,3200,0,3199,0,0,0,2017-04-17,32740000,3188,1,0,0,0,0,0,0,0,0,3189,1,0,0,0,0,0,0,0,0
274,2017-04-17,09:05:42,0,WH705,XZCE,3187,3182,3199,558,35611000,14868,14980,3343,3023,3183,3200,0,3199,0,0,0,2017-04-17,32742000,3187,13,0,0,0,0,0,0,0,0,3190,4,0,0,0,0,0,0,0,0
275,2017-04-17,09:05:43,0,WH705,XZCE,3187,3182,3199,558,35611000,14868,14980,3343,3023,3183,3200,0,3199,0,0,0,2017-04-17,32743000,3187,13,0,0,0,0,0,0,0,0,3189,3,0,0,0,0,0,0,0,0
276,2017-04-17,09:05:44,0,WH705,XZCE,3189,3182,3199,568,36248800,14858,14980,3343,3023,3183,3200,0,3199,0,0,0,2017-04-17,32744000,3189,7,0,0,0,0,0,0,0,0,3190,4,0,0,0,0,0,0,0,0
277,2017-04-17,09:05:46,0,WH705,XZCE,3189,3182,3199,568,36248800,14858,14980,3343,3023,3183,3200,0,3199,0,0,0,2017-04-17,32746000,3189,7,0,0,0,0,0,0,0,0,3190,3,0,0,0,0,0,0,0,0
278,2017-04-17,09:05:48,0,WH705,XZCE,3190,3182,3199,574,36631600,14862,14980,3343,3023,3183,3200,0,3199,0,0,0,2017-04-17,32748000,3189,7,0,0,0,0,0,0,0,0,3191,2,0,0,0,0,0,0,0,0
279,2017-04-17,09:05:48,0,WH705,XZCE,3190,3182,3199,576,36759200,14864,14980,3343,3023,3183,3200,0,3199,0,0,0,2017-04-17,32748000,3189,7,0,0,0,0,0,0,0,0,3191,2,0,0,0,0,0,0,0,0
280,2017-04-17,09:05:49,0,WH705,XZCE,3190,3182,3199,576,36759200,14864,14980,3343,3023,3183,3200,0,3199,0,0,0,2017-04-17,32749000,3189,7,0,0,0,0,0,0,0,0,3191,4,0,0,0,0,0,0,0,0
281,2017-04-17,09:05:51,0,WH705,XZCE,3190,3182,3199,576,36759200,14864,14980,3343,3023,3183,3200,0,3199,0,0,0,2017-04-17,32751000,3189,7,0,0,0,0,0,0,0,0,3191,2,0,0,0,0,0,0,0,0
282,2017-04-17,09:05:53,0,WH705,XZCE,3190,3182,3199,576,36759200,14864,14980,3343,3023,3183,3200,0,3199,0,0,0,2017-04-17,32753000,3189,7,0,0,0,0,0,0,0,0,3190,1,0,0,0,0,0,0,0,0
283,2017-04-17,09:05:56,0,WH705,XZCE,3190,3182,3199,576,36759200,14864,14980,3343,3023,3183,3200,0,3199,0,0,0,2017-04-17,32756000,3189,7,0,0,0,0,0,0,0,0,3190,4,0,0,0,0,0,0,0,0
284,2017-04-17,09:05:59,0,WH705,XZCE,3190,3182,3199,576,36759200,14864,14980,3343,3023,3183,3200,0,3199,0,0,0,2017-04-17,32759000,3189,27,0,0,0,0,0,0,0,0,3190,4,0,0,0,0,0,0,0,0
285,2017-04-17,09:06:01,0,WH705,XZCE,3190,3182,3199,584,37269600,14858,14980,3343,3023,3183,3200,0,3199,0,0,0,2017-04-17,32761000,3189,27,0,0,0,0,0,0,0,0,3191,4,0,0,0,0,0,0,0,0
286,2017-04-17,09:06:03,0,WH705,XZCE,3190,3182,3199,584,37269600,14858,14980,3343,3023,3183,3200,0,3199,0,0,0,2017-04-17,32763000,3189,7,0,0,0,0,0,0,0,0,3191,4,0,0,0,0,0,0,0,0
287,2017-04-17,09:06:04,0,WH705,XZCE,3189,3182,3199,586,37397160,14858,14980,3343,3023,3183,3200,0,3199,0,0,0,2017-04-17,32764000,3189,6,0,0,0,0,0,0,0,0,3191,4,0,0,0,0,0,0,0,0
288,2017-04-17,09:06:06,0,WH705,XZCE,3189,3182,3199,586,37397160,14858,14980,3343,3023,3183,3200,0,3199,0,0,0,2017-04-17,32766000,3189,6,0,0,0,0,0,0,0,0,3190,2,0,0,0,0,0,0,0,0
289,2017-04-17,09:06:13,0,WH705,XZCE,3189,3182,3199,596,38034960,14858,14980,3343,3023,3183,3200,0,3199,0,0,0,2017-04-17,32773000,3189,1,0,0,0,0,0,0,0,0,3190,2,0,0,0,0,0,0,0,0
290,2017-04-17,09:06:13,0,WH705,XZCE,3187,3182,3199,606,38672360,14866,14980,3343,3023,3183,3200,0,3199,0,0,0,2017-04-17,32773000,3187,11,0,0,0,0,0,0,0,0,3190,3,0,0,0,0,0,0,0,0
291,2017-04-17,09:06:13,0,WH705,XZCE,3187,3182,3199,606,38672360,14866,14980,3343,3023,3183,3200,0,3199,0,0,0,2017-04-17,32773000,3187,11,0,0,0,0,0,0,0,0,3189,3,0,0,0,0,0,0,0,0
292,2017-04-17,09:06:14,0,WH705,XZCE,3187,3182,3199,616,39309760,14876,14980,3343,3023,3183,3200,0,3199,0,0,0,2017-04-17,32774000,3187,6,0,0,0,0,0,0,0,0,3189,3,0,0,0,0,0,0,0,0
293,2017-04-17,09:06:15,0,WH705,XZCE,3187,3182,3199,616,39309760,14876,14980,3343,3023,3183,3200,0,3199,0,0,0,2017-04-17,32775000,3187,6,0,0,0,0,0,0,0,0,3189,2,0,0,0,0,0,0,0,0
294,2017-04-17,09:06:16,0,WH705,XZCE,3187,3182,3199,616,39309760,14876,14980,3343,3023,3183,3200,0,3199,0,0,0,2017-04-17,32776000,3187,6,0,0,0,0,0,0,0,0,3190,1,0,0,0,0,0,0,0,0
295,2017-04-17,09:06:17,0,WH705,XZCE,3190,3182,3199,618,39437360,14876,14980,3343,3023,3183,3200,0,3199,0,0,0,2017-04-17,32777000,3190,1,0,0,0,0,0,0,0,0,3191,4,0,0,0,0,0,0,0,0
296,2017-04-17,09:06:19,0,WH705,XZCE,3187,3182,3199,632,40329720,14880,14980,3343,3023,3183,3200,0,3199,0,0,0,2017-04-17,32779000,3187,2,0,0,0,0,0,0,0,0,3191,4,0,0,0,0,0,0,0,0
297,2017-04-17,09:06:20,0,WH705,XZCE,3187,3182,3199,632,40329720,14880,14980,3343,3023,3183,3200,0,3199,0,0,0,2017-04-17,32780000,3187,2,0,0,0,0,0,0,0,0,3190,1,0,0,0,0,0,0,0,0
298,2017-04-17,09:06:21,0,WH705,XZCE,3187,3182,3199,632,40329720,14880,14980,3343,3023,3183,3200,0,3199,0,0,0,2017-04-17,32781000,3187,2,0,0,0,0,0,0,0,0,3190,2,0,0,0,0,0,0,0,0
299,2017-04-17,09:06:23,0,WH705,XZCE,3187,3182,3199,632,40329720,14880,14980,3343,3023,3183,3200,0,3199,0,0,0,2017-04-17,32783000,3187,2,0,0,0,0,0,0,0,0,3190,3,0,0,0,0,0,0,0,0
300,2017-04-17,09:06:27,0,WH705,XZCE,3187,3182,3199,632,40329720,14880,14980,3343,3023,3183,3200,0,3199,0,0,0,2017-04-17,32787000,3187,2,0,0,0,0,0,0,0,0,3190,4,0,0,0,0,0,0,0,0
301,2017-04-17,09:06:28,0,WH705,XZCE,3187,3182,3199,632,40329720,14880,14980,3343,3023,3183,3200,0,3199,0,0,0,2017-04-17,32788000,3188,2,0,0,0,0,0,0,0,0,3190,4,0,0,0,0,0,0,0,0
302,2017-04-17,09:06:31,0,WH705,XZCE,3187,3182,3199,634,40457200,14880,14980,3343,3023,3183,3200,0,3199,0,0,0,2017-04-17,32791000,3188,1,0,0,0,0,0,0,0,0,3190,4,0,0,0,0,0,0,0,0
303,2017-04-17,09:06:31,0,WH705,XZCE,3187,3182,3199,636,40584680,14880,14980,3343,3023,3183,3200,0,3199,0,0,0,2017-04-17,32791000,3187,1,0,0,0,0,0,0,0,0,3190,4,0,0,0,0,0,0,0,0
304,2017-04-17,09:06:33,0,WH705,XZCE,3187,3182,3199,636,40584680,14880,14980,3343,3023,3183,3200,0,3199,0,0,0,2017-04-17,32793000,3187,1,0,0,0,0,0,0,0,0,3189,1,0,0,0,0,0,0,0,0
305,2017-04-17,09:06:34,0,WH705,XZCE,3187,3182,3199,636,40584680,14880,14980,3343,3023,3183,3200,0,3199,0,0,0,2017-04-17,32794000,3187,1,0,0,0,0,0,0,0,0,3189,2,0,0,0,0,0,0,0,0
306,2017-04-17,09:06:36,0,WH705,XZCE,3187,3182,3199,636,40584680,14880,14980,3343,3023,3183,3200,0,3199,0,0,0,2017-04-17,32796000,3188,1,0,0,0,0,0,0,0,0,3189,2,0,0,0,0,0,0,0,0
307,2017-04-17,09:06:37,0,WH705,XZCE,3188,3182,3199,638,40712200,14878,14980,3343,3023,3183,3200,0,3199,0,0,0,2017-04-17,32797000,3187,1,0,0,0,0,0,0,0,0,3189,2,0,0,0,0,0,0,0,0
308,2017-04-17,09:06:38,0,WH705,XZCE,3188,3182,3199,638,40712200,14878,14980,3343,3023,3183,3200,0,3199,0,0,0,2017-04-17,32798000,3187,1,0,0,0,0,0,0,0,0,3189,1,0,0,0,0,0,0,0,0
309,2017-04-17,09:06:42,0,WH705,XZCE,3188,3182,3199,638,40712200,14878,14980,3343,3023,3183,3200,0,3199,0,0,0,2017-04-17,32802000,3187,1,0,0,0,0,0,0,0,0,3188,2,0,0,0,0,0,0,0,0
310,2017-04-17,09:06:43,0,WH705,XZCE,3187,3182,3199,640,40839680,14878,14980,3343,3023,3183,3200,0,3199,0,0,0,2017-04-17,32803000,3186,2,0,0,0,0,0,0,0,0,3188,2,0,0,0,0,0,0,0,0
311,2017-04-17,09:06:45,0,WH705,XZCE,3188,3182,3199,642,40967200,14878,14980,3343,3023,3183,3200,0,3199,0,0,0,2017-04-17,32805000,3186,2,0,0,0,0,0,0,0,0,3188,1,0,0,0,0,0,0,0,0
312,2017-04-17,09:06:46,0,WH705,XZCE,3188,3182,3199,642,40967200,14878,14980,3343,3023,3183,3200,0,3199,0,0,0,2017-04-17,32806000,3186,2,0,0,0,0,0,0,0,0,3188,2,0,0,0,0,0,0,0,0
313,2017-04-17,09:06:49,0,WH705,XZCE,3186,3182,3199,644,41094640,14878,14980,3343,3023,3183,3200,0,3199,0,0,0,2017-04-17,32809000,3186,27,0,0,0,0,0,0,0,0,3188,2,0,0,0,0,0,0,0,0
314,2017-04-17,09:06:49,0,WH705,XZCE,3188,3182,3199,646,41222160,14880,14980,3343,3023,3183,3200,0,3199,0,0,0,2017-04-17,32809000,3186,27,0,0,0,0,0,0,0,0,3188,1,0,0,0,0,0,0,0,0
315,2017-04-17,09:06:51,0,WH705,XZCE,3188,3182,3199,646,41222160,14880,14980,3343,3023,3183,3200,0,3199,0,0,0,2017-04-17,32811000,3187,1,0,0,0,0,0,0,0,0,3188,1,0,0,0,0,0,0,0,0
316,2017-04-17,09:06:54,0,WH705,XZCE,3188,3182,3199,648,41349680,14882,14980,3343,3023,3183,3200,0,3199,0,0,0,2017-04-17,32814000,3187,1,0,0,0,0,0,0,0,0,3189,1,0,0,0,0,0,0,0,0
317,2017-04-17,09:06:55,0,WH705,XZCE,3188,3182,3199,648,41349680,14882,14980,3343,3023,3183,3200,0,3199,0,0,0,2017-04-17,32815000,3187,1,0,0,0,0,0,0,0,0,3188,3,0,0,0,0,0,0,0,0
318,2017-04-17,09:06:59,0,WH705,XZCE,3188,3182,3199,654,41732240,14888,14980,3343,3023,3183,3200,0,3199,0,0,0,2017-04-17,32819000,3187,1,0,0,0,0,0,0,0,0,3189,1,0,0,0,0,0,0,0,0
319,2017-04-17,09:07:06,0,WH705,XZCE,3188,3182,3199,654,41732240,14888,14980,3343,3023,3183,3200,0,3199,0,0,0,2017-04-17,32826000,3187,2,0,0,0,0,0,0,0,0,3189,1,0,0,0,0,0,0,0,0
320,2017-04-17,09:07:10,0,WH705,XZCE,3188,3182,3199,654,41732240,14888,14980,3343,3023,3183,3200,0,3199,0,0,0,2017-04-17,32830000,3187,2,0,0,0,0,0,0,0,0,3189,16,0,0,0,0,0,0,0,0
321,2017-04-17,09:07:11,0,WH705,XZCE,3188,3182,3199,654,41732240,14888,14980,3343,3023,3183,3200,0,3199,0,0,0,2017-04-17,32831000,3187,2,0,0,0,0,0,0,0,0,3188,1,0,0,0,0,0,0,0,0
322,2017-04-17,09:07:12,0,WH705,XZCE,3188,3182,3199,654,41732240,14888,14980,3343,3023,3183,3200,0,3199,0,0,0,2017-04-17,32832000,3187,2,0,0,0,0,0,0,0,0,3188,2,0,0,0,0,0,0,0,0
323,2017-04-17,09:07:12,0,WH705,XZCE,3188,3182,3199,656,41859760,14886,14980,3343,3023,3183,3200,0,3199,0,0,0,2017-04-17,32832000,3187,2,0,0,0,0,0,0,0,0,3188,1,0,0,0,0,0,0,0,0
324,2017-04-17,09:07:15,0,WH705,XZCE,3188,3182,3199,658,41987280,14884,14980,3343,3023,3183,3200,0,3199,0,0,0,2017-04-17,32835000,3187,2,0,0,0,0,0,0,0,0,3189,16,0,0,0,0,0,0,0,0
325,2017-04-17,09:07:25,0,WH705,XZCE,3188,3182,3199,658,41987280,14884,14980,3343,3023,3183,3200,0,3199,0,0,0,2017-04-17,32845000,3187,5,0,0,0,0,0,0,0,0,3189,16,0,0,0,0,0,0,0,0
326,2017-04-17,09:07:27,0,WH705,XZCE,3188,3182,3199,658,41987280,14884,14980,3343,3023,3183,3200,0,3199,0,0,0,2017-04-17,32847000,3187,5,0,0,0,0,0,0,0,0,3188,3,0,0,0,0,0,0,0,0
327,2017-04-17,09:07:30,0,WH705,XZCE,3188,3182,3199,660,42114800,14882,14980,3343,3023,3183,3200,0,3199,0,0,0,2017-04-17,32850000,3187,5,0,0,0,0,0,0,0,0,3188,2,0,0,0,0,0,0,0,0
328,2017-04-17,09:07:33,0,WH705,XZCE,3188,3182,3199,660,42114800,14882,14980,3343,3023,3183,3200,0,3199,0,0,0,2017-04-17,32853000,3187,5,0,0,0,0,0,0,0,0,3188,3,0,0,0,0,0,0,0,0
329,2017-04-17,09:07:34,0,WH705,XZCE,3188,3182,3199,666,42497360,14884,14980,3343,3023,3183,3200,0,3199,0,0,0,2017-04-17,32854000,3187,6,0,0,0,0,0,0,0,0,3189,16,0,0,0,0,0,0,0,0
330,2017-04-17,09:07:37,0,WH705,XZCE,3188,3182,3199,666,42497360,14884,14980,3343,3023,3183,3200,0,3199,0,0,0,2017-04-17,32857000,3188,7,0,0,0,0,0,0,0,0,3189,16,0,0,0,0,0,0,0,0
331,2017-04-17,09:07:41,0,WH705,XZCE,3188,3182,3199,668,42624880,14884,14980,3343,3023,3183,3200,0,3199,0,0,0,2017-04-17,32861000,3188,6,0,0,0,0,0,0,0,0,3189,16,0,0,0,0,0,0,0,0
332,2017-04-17,09:07:42,0,WH705,XZCE,3189,3182,3199,692,44155600,14894,14980,3343,3023,3183,3200,0,3199,0,0,0,2017-04-17,32862000,3188,6,0,0,0,0,0,0,0,0,3189,4,0,0,0,0,0,0,0,0
333,2017-04-17,09:07:42,0,WH705,XZCE,3189,3182,3199,700,44665840,14902,14980,3343,3023,3183,3200,0,3199,0,0,0,2017-04-17,32862000,3188,6,0,0,0,0,0,0,0,0,3190,3,0,0,0,0,0,0,0,0
334,2017-04-17,09:07:45,0,WH705,XZCE,3189,3182,3199,700,44665840,14902,14980,3343,3023,3183,3200,0,3199,0,0,0,2017-04-17,32865000,3188,6,0,0,0,0,0,0,0,0,3190,4,0,0,0,0,0,0,0,0
335,2017-04-17,09:07:50,0,WH705,XZCE,3189,3182,3199,700,44665840,14902,14980,3343,3023,3183,3200,0,3199,0,0,0,2017-04-17,32870000,3189,1,0,0,0,0,0,0,0,0,3190,4,0,0,0,0,0,0,0,0
336,2017-04-17,09:07:51,0,WH705,XZCE,3190,3182,3199,702,44793440,14904,14980,3343,3023,3183,3200,0,3199,0,0,0,2017-04-17,32871000,3189,1,0,0,0,0,0,0,0,0,3190,3,0,0,0,0,0,0,0,0
337,2017-04-17,09:07:57,0,WH705,XZCE,3190,3182,3199,702,44793440,14904,14980,3343,3023,3183,3200,0,3199,0,0,0,2017-04-17,32877000,3189,3,0,0,0,0,0,0,0,0,3190,3,0,0,0,0,0,0,0,0
338,2017-04-17,09:07:57,0,WH705,XZCE,3190,3182,3199,708,45176240,14900,14980,3343,3023,3183,3200,0,3199,0,0,0,2017-04-17,32877000,3189,3,0,0,0,0,0,0,0,0,3191,3,0,0,0,0,0,0,0,0
339,2017-04-17,09:08:04,0,WH705,XZCE,3190,3182,3199,708,45176240,14900,14980,3343,3023,3183,3200,0,3199,0,0,0,2017-04-17,32884000,3190,12,0,0,0,0,0,0,0,0,3191,3,0,0,0,0,0,0,0,0
340,2017-04-17,09:08:07,0,WH705,XZCE,3190,3182,3199,708,45176240,14900,14980,3343,3023,3183,3200,0,3199,0,0,0,2017-04-17,32887000,3190,12,0,0,0,0,0,0,0,0,3191,1,0,0,0,0,0,0,0,0
341,2017-04-17,09:08:08,0,WH705,XZCE,3191,3182,3199,710,45303880,14902,14980,3343,3023,3183,3200,0,3199,0,0,0,2017-04-17,32888000,3190,12,0,0,0,0,0,0,0,0,3192,5,0,0,0,0,0,0,0,0
342,2017-04-17,09:08:08,0,WH705,XZCE,3191,3182,3199,710,45303880,14902,14980,3343,3023,3183,3200,0,3199,0,0,0,2017-04-17,32888000,3191,1,0,0,0,0,0,0,0,0,3192,5,0,0,0,0,0,0,0,0
343,2017-04-17,09:08:09,0,WH705,XZCE,3191,3182,3199,710,45303880,14902,14980,3343,3023,3183,3200,0,3199,0,0,0,2017-04-17,32889000,3191,2,0,0,0,0,0,0,0,0,3192,5,0,0,0,0,0,0,0,0
344,2017-04-17,09:08:10,0,WH705,XZCE,3191,3182,3199,710,45303880,14902,14980,3343,3023,3183,3200,0,3199,0,0,0,2017-04-17,32890000,3191,1,0,0,0,0,0,0,0,0,3192,5,0,0,0,0,0,0,0,0
345,2017-04-17,09:08:11,0,WH705,XZCE,3191,3182,3199,710,45303880,14902,14980,3343,3023,3183,3200,0,3199,0,0,0,2017-04-17,32891000,3189,3,0,0,0,0,0,0,0,0,3192,5,0,0,0,0,0,0,0,0
346,2017-04-17,09:08:13,0,WH705,XZCE,3191,3182,3199,710,45303880,14902,14980,3343,3023,3183,3200,0,3199,0,0,0,2017-04-17,32893000,3189,3,0,0,0,0,0,0,0,0,3191,2,0,0,0,0,0,0,0,0
347,2017-04-17,09:08:20,0,WH705,XZCE,3191,3182,3199,710,45303880,14902,14980,3343,3023,3183,3200,0,3199,0,0,0,2017-04-17,32900000,3190,1,0,0,0,0,0,0,0,0,3191,2,0,0,0,0,0,0,0,0
348,2017-04-17,09:08:23,0,WH705,XZCE,3190,3182,3199,712,45431480,14900,14980,3343,3023,3183,3200,0,3199,0,0,0,2017-04-17,32903000,3189,3,0,0,0,0,0,0,0,0,3191,2,0,0,0,0,0,0,0,0
349,2017-04-17,09:08:32,0,WH705,XZCE,3190,3182,3199,712,45431480,14900,14980,3343,3023,3183,3200,0,3199,0,0,0,2017-04-17,32912000,3190,1,0,0,0,0,0,0,0,0,3191,2,0,0,0,0,0,0,0,0
350,2017-04-17,09:08:34,0,WH705,XZCE,3190,3182,3199,714,45559080,14900,14980,3343,3023,3183,3200,0,3199,0,0,0,2017-04-17,32914000,3189,3,0,0,0,0,0,0,0,0,3191,2,0,0,0,0,0,0,0,0
351,2017-04-17,09:08:36,0,WH705,XZCE,3191,3182,3199,716,45686720,14900,14980,3343,3023,3183,3200,0,3199,0,0,0,2017-04-17,32916000,3189,3,0,0,0,0,0,0,0,0,3191,1,0,0,0,0,0,0,0,0
352,2017-04-17,09:08:41,0,WH705,XZCE,3189,3182,3199,718,45814280,14898,14980,3343,3023,3183,3200,0,3199,0,0,0,2017-04-17,32921000,3189,2,0,0,0,0,0,0,0,0,3191,1,0,0,0,0,0,0,0,0
353,2017-04-17,09:09:02,0,WH705,XZCE,3189,3182,3199,720,45941840,14900,14980,3343,3023,3183,3200,0,3199,0,0,0,2017-04-17,32942000,3189,1,0,0,0,0,0,0,0,0,3191,1,0,0,0,0,0,0,0,0
354,2017-04-17,09:09:03,0,WH705,XZCE,3189,3182,3199,720,45941840,14900,14980,3343,3023,3183,3200,0,3199,0,0,0,2017-04-17,32943000,3189,1,0,0,0,0,0,0,0,0,3190,1,0,0,0,0,0,0,0,0
355,2017-04-17,09:09:07,0,WH705,XZCE,3189,3182,3199,720,45941840,14900,14980,3343,3023,3183,3200,0,3199,0,0,0,2017-04-17,32947000,3189,1,0,0,0,0,0,0,0,0,3190,3,0,0,0,0,0,0,0,0
356,2017-04-17,09:09:08,0,WH705,XZCE,3189,3182,3199,720,45941840,14900,14980,3343,3023,3183,3200,0,3199,0,0,0,2017-04-17,32948000,3189,2,0,0,0,0,0,0,0,0,3190,3,0,0,0,0,0,0,0,0
357,2017-04-17,09:09:13,0,WH705,XZCE,3189,3182,3199,720,45941840,14900,14980,3343,3023,3183,3200,0,3199,0,0,0,2017-04-17,32953000,3189,2,0,0,0,0,0,0,0,0,3190,1,0,0,0,0,0,0,0,0
358,2017-04-17,09:09:17,0,WH705,XZCE,3189,3182,3199,724,46196960,14902,14980,3343,3023,3183,3200,0,3199,0,0,0,2017-04-17,32957000,3188,1,0,0,0,0,0,0,0,0,3190,1,0,0,0,0,0,0,0,0
359,2017-04-17,09:09:21,0,WH705,XZCE,3189,3182,3199,724,46196960,14902,14980,3343,3023,3183,3200,0,3199,0,0,0,2017-04-17,32961000,3188,1,0,0,0,0,0,0,0,0,3189,1,0,0,0,0,0,0,0,0
360,2017-04-17,09:09:22,0,WH705,XZCE,3188,3182,3199,726,46324480,14904,14980,3343,3023,3183,3200,0,3199,0,0,0,2017-04-17,32962000,3187,5,0,0,0,0,0,0,0,0,3189,1,0,0,0,0,0,0,0,0
361,2017-04-17,09:09:22,0,WH705,XZCE,3188,3182,3199,726,46324480,14904,14980,3343,3023,3183,3200,0,3199,0,0,0,2017-04-17,32962000,3187,5,0,0,0,0,0,0,0,0,3189,6,0,0,0,0,0,0,0,0
362,2017-04-17,09:09:23,0,WH705,XZCE,3188,3182,3199,726,46324480,14904,14980,3343,3023,3183,3200,0,3199,0,0,0,2017-04-17,32963000,3187,5,0,0,0,0,0,0,0,0,3189,10,0,0,0,0,0,0,0,0
363,2017-04-17,09:09:31,0,WH705,XZCE,3188,3182,3199,728,46452000,14902,14980,3343,3023,3183,3200,0,3199,0,0,0,2017-04-17,32971000,3187,5,0,0,0,0,0,0,0,0,3189,9,0,0,0,0,0,0,0,0
364,2017-04-17,09:09:31,0,WH705,XZCE,3188,3182,3199,728,46452000,14902,14980,3343,3023,3183,3200,0,3199,0,0,0,2017-04-17,32971000,3187,5,0,0,0,0,0,0,0,0,3189,10,0,0,0,0,0,0,0,0
365,2017-04-17,09:09:34,0,WH705,XZCE,3188,3182,3199,728,46452000,14902,14980,3343,3023,3183,3200,0,3199,0,0,0,2017-04-17,32974000,3187,6,0,0,0,0,0,0,0,0,3189,10,0,0,0,0,0,0,0,0
366,2017-04-17,09:09:43,0,WH705,XZCE,3187,3182,3199,730,46579480,14902,14980,3343,3023,3183,3200,0,3199,0,0,0,2017-04-17,32983000,3187,5,0,0,0,0,0,0,0,0,3189,10,0,0,0,0,0,0,0,0
367,2017-04-17,09:09:47,0,WH705,XZCE,3187,3182,3199,730,46579480,14902,14980,3343,3023,3183,3200,0,3199,0,0,0,2017-04-17,32987000,3187,6,0,0,0,0,0,0,0,0,3189,10,0,0,0,0,0,0,0,0
368,2017-04-17,09:09:50,0,WH705,XZCE,3187,3182,3199,730,46579480,14902,14980,3343,3023,3183,3200,0,3199,0,0,0,2017-04-17,32990000,3187,6,0,0,0,0,0,0,0,0,3189,9,0,0,0,0,0,0,0,0
369,2017-04-17,09:09:51,0,WH705,XZCE,3187,3182,3199,730,46579480,14902,14980,3343,3023,3183,3200,0,3199,0,0,0,2017-04-17,32991000,3187,6,0,0,0,0,0,0,0,0,3188,1,0,0,0,0,0,0,0,0
370,2017-04-17,09:09:51,0,WH705,XZCE,3187,3182,3199,730,46579480,14902,14980,3343,3023,3183,3200,0,3199,0,0,0,2017-04-17,32991000,3187,6,0,0,0,0,0,0,0,0,3188,10,0,0,0,0,0,0,0,0
371,2017-04-17,09:09:56,0,WH705,XZCE,3187,3182,3199,732,46706960,14904,14980,3343,3023,3183,3200,0,3199,0,0,0,2017-04-17,32996000,3187,5,0,0,0,0,0,0,0,0,3188,10,0,0,0,0,0,0,0,0
372,2017-04-17,09:09:59,0,WH705,XZCE,3187,3182,3199,736,46961920,14902,14980,3343,3023,3183,3200,0,3199,0,0,0,2017-04-17,32999000,3187,3,0,0,0,0,0,0,0,0,3188,10,0,0,0,0,0,0,0,0
373,2017-04-17,09:10:00,0,WH705,XZCE,3188,3182,3199,742,47344480,14904,14980,3343,3023,3183,3200,0,3199,0,0,0,2017-04-17,33000000,3187,3,0,0,0,0,0,0,0,0,3188,7,0,0,0,0,0,0,0,0
374,2017-04-17,09:10:00,0,WH705,XZCE,3187,3182,3199,746,47599440,14902,14980,3343,3023,3183,3200,0,3199,0,0,0,2017-04-17,33000000,3187,1,0,0,0,0,0,0,0,0,3188,7,0,0,0,0,0,0,0,0
375,2017-04-17,09:10:06,0,WH705,XZCE,3188,3182,3199,752,47982000,14902,14980,3343,3023,3183,3200,0,3199,0,0,0,2017-04-17,33006000,3187,1,0,0,0,0,0,0,0,0,3188,5,0,0,0,0,0,0,0,0
376,2017-04-17,09:10:07,0,WH705,XZCE,3188,3182,3199,752,47982000,14902,14980,3343,3023,3183,3200,0,3199,0,0,0,2017-04-17,33007000,3187,1,0,0,0,0,0,0,0,0,3188,7,0,0,0,0,0,0,0,0
377,2017-04-17,09:10:07,0,WH705,XZCE,3188,3182,3199,752,47982000,14902,14980,3343,3023,3183,3200,0,3199,0,0,0,2017-04-17,33007000,3187,2,0,0,0,0,0,0,0,0,3188,7,0,0,0,0,0,0,0,0
378,2017-04-17,09:10:11,0,WH705,XZCE,3187,3182,3199,754,48109480,14902,14980,3343,3023,3183,3200,0,3199,0,0,0,2017-04-17,33011000,3187,1,0,0,0,0,0,0,0,0,3188,7,0,0,0,0,0,0,0,0
379,2017-04-17,09:10:15,0,WH705,XZCE,3188,3182,3199,758,48364520,14904,14980,3343,3023,3183,3200,0,3199,0,0,0,2017-04-17,33015000,3186,27,0,0,0,0,0,0,0,0,3188,7,0,0,0,0,0,0,0,0
380,2017-04-17,09:10:16,0,WH705,XZCE,3186,3182,3199,760,48491960,14904,14980,3343,3023,3183,3200,0,3199,0,0,0,2017-04-17,33016000,3186,26,0,0,0,0,0,0,0,0,3188,7,0,0,0,0,0,0,0,0
381,2017-04-17,09:10:18,0,WH705,XZCE,3186,3182,3199,774,49384040,14904,14980,3343,3023,3183,3200,0,3199,0,0,0,2017-04-17,33018000,3186,19,0,0,0,0,0,0,0,0,3188,7,0,0,0,0,0,0,0,0
382,2017-04-17,09:10:23,0,WH705,XZCE,3186,3182,3199,774,49384040,14904,14980,3343,3023,3183,3200,0,3199,0,0,0,2017-04-17,33023000,3185,8,0,0,0,0,0,0,0,0,3188,7,0,0,0,0,0,0,0,0
383,2017-04-17,09:10:23,0,WH705,XZCE,3186,3182,3199,774,49384040,14904,14980,3343,3023,3183,3200,0,3199,0,0,0,2017-04-17,33023000,3185,8,0,0,0,0,0,0,0,0,3188,8,0,0,0,0,0,0,0,0
384,2017-04-17,09:10:24,0,WH705,XZCE,3186,3182,3199,774,49384040,14904,14980,3343,3023,3183,3200,0,3199,0,0,0,2017-04-17,33024000,3185,8,0,0,0,0,0,0,0,0,3187,1,0,0,0,0,0,0,0,0
385,2017-04-17,09:10:25,0,WH705,XZCE,3186,3182,3199,774,49384040,14904,14980,3343,3023,3183,3200,0,3199,0,0,0,2017-04-17,33025000,3185,8,0,0,0,0,0,0,0,0,3187,6,0,0,0,0,0,0,0,0
386,2017-04-17,09:10:25,0,WH705,XZCE,3186,3182,3199,774,49384040,14904,14980,3343,3023,3183,3200,0,3199,0,0,0,2017-04-17,33025000,3185,8,0,0,0,0,0,0,0,0,3187,8,0,0,0,0,0,0,0,0
387,2017-04-17,09:10:27,0,WH705,XZCE,3186,3182,3199,774,49384040,14904,14980,3343,3023,3183,3200,0,3199,0,0,0,2017-04-17,33027000,3185,9,0,0,0,0,0,0,0,0,3187,8,0,0,0,0,0,0,0,0
388,2017-04-17,09:10:37,0,WH705,XZCE,3186,3182,3199,774,49384040,14904,14980,3343,3023,3183,3200,0,3199,0,0,0,2017-04-17,33037000,3185,9,0,0,0,0,0,0,0,0,3186,1,0,0,0,0,0,0,0,0
389,2017-04-17,09:10:37,0,WH705,XZCE,3186,3182,3199,774,49384040,14904,14980,3343,3023,3183,3200,0,3199,0,0,0,2017-04-17,33037000,3185,9,0,0,0,0,0,0,0,0,3186,6,0,0,0,0,0,0,0,0
390,2017-04-17,09:10:38,0,WH705,XZCE,3186,3182,3199,774,49384040,14904,14980,3343,3023,3183,3200,0,3199,0,0,0,2017-04-17,33038000,3185,9,0,0,0,0,0,0,0,0,3186,8,0,0,0,0,0,0,0,0
391,2017-04-17,09:10:40,0,WH705,XZCE,3186,3182,3199,790,50403560,14890,14980,3343,3023,3183,3200,0,3199,0,0,0,2017-04-17,33040000,3186,11,0,0,0,0,0,0,0,0,3187,1,0,0,0,0,0,0,0,0
392,2017-04-17,09:10:40,0,WH705,XZCE,3186,3182,3199,792,50531000,14888,14980,3343,3023,3183,3200,0,3199,0,0,0,2017-04-17,33040000,3186,10,0,0,0,0,0,0,0,0,3188,1,0,0,0,0,0,0,0,0
393,2017-04-17,09:10:43,0,WH705,XZCE,3186,3182,3199,792,50531000,14888,14980,3343,3023,3183,3200,0,3199,0,0,0,2017-04-17,33043000,3187,1,0,0,0,0,0,0,0,0,3188,1,0,0,0,0,0,0,0,0
394,2017-04-17,09:10:49,0,WH705,XZCE,3186,3182,3199,792,50531000,14888,14980,3343,3023,3183,3200,0,3199,0,0,0,2017-04-17,33049000,3187,2,0,0,0,0,0,0,0,0,3188,1,0,0,0,0,0,0,0,0
395,2017-04-17,09:10:49,0,WH705,XZCE,3187,3182,3199,794,50658480,14890,14980,3343,3023,3183,3200,0,3199,0,0,0,2017-04-17,33049000,3187,1,0,0,0,0,0,0,0,0,3188,1,0,0,0,0,0,0,0,0
396,2017-04-17,09:10:50,0,WH705,XZCE,3188,3182,3199,796,50786000,14890,14980,3343,3023,3183,3200,0,3199,0,0,0,2017-04-17,33050000,3187,2,0,0,0,0,0,0,0,0,3189,1,0,0,0,0,0,0,0,0
397,2017-04-17,09:10:52,0,WH705,XZCE,3188,3182,3199,796,50786000,14890,14980,3343,3023,3183,3200,0,3199,0,0,0,2017-04-17,33052000,3187,1,0,0,0,0,0,0,0,0,3188,1,0,0,0,0,0,0,0,0
398,2017-04-17,09:10:53,0,WH705,XZCE,3187,3182,3199,798,50913480,14892,14980,3343,3023,3183,3200,0,3199,0,0,0,2017-04-17,33053000,3186,10,0,0,0,0,0,0,0,0,3187,1,0,0,0,0,0,0,0,0
399,2017-04-17,09:10:54,0,WH705,XZCE,3187,3182,3199,800,51040960,14894,14980,3343,3023,3183,3200,0,3199,0,0,0,2017-04-17,33054000,3186,10,0,0,0,0,0,0,0,0,3188,1,0,0,0,0,0,0,0,0
400,2017-04-17,09:10:59,0,WH705,XZCE,3187,3182,3199,800,51040960,14894,14980,3343,3023,3183,3200,0,3199,0,0,0,2017-04-17,33059000,3186,10,0,0,0,0,0,0,0,0,3187,3,0,0,0,0,0,0,0,0
401,2017-04-17,09:11:01,0,WH705,XZCE,3187,3182,3199,800,51040960,14894,14980,3343,3023,3183,3200,0,3199,0,0,0,2017-04-17,33061000,3186,10,0,0,0,0,0,0,0,0,3187,4,0,0,0,0,0,0,0,0
402,2017-04-17,09:11:06,0,WH705,XZCE,3186,3182,3199,802,51168400,14894,14980,3343,3023,3183,3200,0,3199,0,0,0,2017-04-17,33066000,3186,9,0,0,0,0,0,0,0,0,3187,4,0,0,0,0,0,0,0,0
403,2017-04-17,09:11:22,0,WH705,XZCE,3186,3182,3199,802,51168400,14894,14980,3343,3023,3183,3200,0,3199,0,0,0,2017-04-17,33082000,3186,11,0,0,0,0,0,0,0,0,3187,4,0,0,0,0,0,0,0,0
404,2017-04-17,09:11:25,0,WH705,XZCE,3187,3182,3199,804,51295880,14892,14980,3343,3023,3183,3200,0,3199,0,0,0,2017-04-17,33085000,3186,11,0,0,0,0,0,0,0,0,3187,3,0,0,0,0,0,0,0,0
405,2017-04-17,09:11:26,0,WH705,XZCE,3187,3182,3199,808,51550840,14892,14980,3343,3023,3183,3200,0,3199,0,0,0,2017-04-17,33086000,3186,11,0,0,0,0,0,0,0,0,3187,1,0,0,0,0,0,0,0,0
406,2017-04-17,09:11:32,0,WH705,XZCE,3187,3182,3199,810,51678320,14894,14980,3343,3023,3183,3200,0,3199,0,0,0,2017-04-17,33092000,3186,11,0,0,0,0,0,0,0,0,3188,1,0,0,0,0,0,0,0,0
407,2017-04-17,09:11:34,0,WH705,XZCE,3188,3182,3199,812,51805840,14896,14980,3343,3023,3183,3200,0,3199,0,0,0,2017-04-17,33094000,3186,11,0,0,0,0,0,0,0,0,3190,2,0,0,0,0,0,0,0,0
408,2017-04-17,09:11:37,0,WH705,XZCE,3188,3182,3199,812,51805840,14896,14980,3343,3023,3183,3200,0,3199,0,0,0,2017-04-17,33097000,3187,2,0,0,0,0,0,0,0,0,3190,4,0,0,0,0,0,0,0,0
409,2017-04-17,09:11:38,0,WH705,XZCE,3187,3182,3199,814,51933320,14898,14980,3343,3023,3183,3200,0,3199,0,0,0,2017-04-17,33098000,3187,2,0,0,0,0,0,0,0,0,3190,4,0,0,0,0,0,0,0,0
410,2017-04-17,09:11:39,0,WH705,XZCE,3187,3182,3199,814,51933320,14898,14980,3343,3023,3183,3200,0,3199,0,0,0,2017-04-17,33099000,3187,2,0,0,0,0,0,0,0,0,3189,1,0,0,0,0,0,0,0,0
411,2017-04-17,09:11:42,0,WH705,XZCE,3187,3182,3199,814,51933320,14898,14980,3343,3023,3183,3200,0,3199,0,0,0,2017-04-17,33102000,3187,1,0,0,0,0,0,0,0,0,3188,1,0,0,0,0,0,0,0,0
412,2017-04-17,09:11:43,0,WH705,XZCE,3187,3182,3199,814,51933320,14898,14980,3343,3023,3183,3200,0,3199,0,0,0,2017-04-17,33103000,3187,2,0,0,0,0,0,0,0,0,3188,1,0,0,0,0,0,0,0,0
413,2017-04-17,09:11:46,0,WH705,XZCE,3187,3182,3199,822,52443240,14902,14980,3343,3023,3183,3200,0,3199,0,0,0,2017-04-17,33106000,3186,10,0,0,0,0,0,0,0,0,3187,2,0,0,0,0,0,0,0,0
414,2017-04-17,09:11:46,0,WH705,XZCE,3187,3182,3199,822,52443240,14902,14980,3343,3023,3183,3200,0,3199,0,0,0,2017-04-17,33106000,3186,11,0,0,0,0,0,0,0,0,3187,2,0,0,0,0,0,0,0,0
415,2017-04-17,09:11:48,0,WH705,XZCE,3187,3182,3199,826,52698200,14906,14980,3343,3023,3183,3200,0,3199,0,0,0,2017-04-17,33108000,3187,1,0,0,0,0,0,0,0,0,3189,1,0,0,0,0,0,0,0,0
416,2017-04-17,09:11:50,0,WH705,XZCE,3187,3182,3199,826,52698200,14906,14980,3343,3023,3183,3200,0,3199,0,0,0,2017-04-17,33110000,3187,3,0,0,0,0,0,0,0,0,3189,1,0,0,0,0,0,0,0,0
417,2017-04-17,09:11:51,0,WH705,XZCE,3187,3182,3199,826,52698200,14906,14980,3343,3023,3183,3200,0,3199,0,0,0,2017-04-17,33111000,3187,3,0,0,0,0,0,0,0,0,3189,3,0,0,0,0,0,0,0,0
418,2017-04-17,09:11:52,0,WH705,XZCE,3187,3182,3199,828,52825680,14908,14980,3343,3023,3183,3200,0,3199,0,0,0,2017-04-17,33112000,3187,3,0,0,0,0,0,0,0,0,3189,3,0,0,0,0,0,0,0,0
419,2017-04-17,09:11:52,0,WH705,XZCE,3187,3182,3199,828,52825680,14908,14980,3343,3023,3183,3200,0,3199,0,0,0,2017-04-17,33112000,3188,1,0,0,0,0,0,0,0,0,3189,3,0,0,0,0,0,0,0,0
420,2017-04-17,09:11:55,0,WH705,XZCE,3187,3182,3199,828,52825680,14908,14980,3343,3023,3183,3200,0,3199,0,0,0,2017-04-17,33115000,3188,1,0,0,0,0,0,0,0,0,3189,1,0,0,0,0,0,0,0,0
421,2017-04-17,09:11:56,0,WH705,XZCE,3187,3182,3199,828,52825680,14908,14980,3343,3023,3183,3200,0,3199,0,0,0,2017-04-17,33116000,3188,2,0,0,0,0,0,0,0,0,3189,1,0,0,0,0,0,0,0,0
422,2017-04-17,09:11:58,0,WH705,XZCE,3187,3182,3199,828,52825680,14908,14980,3343,3023,3183,3200,0,3199,0,0,0,2017-04-17,33118000,3188,1,0,0,0,0,0,0,0,0,3189,1,0,0,0,0,0,0,0,0
423,2017-04-17,09:12:03,0,WH705,XZCE,3188,3182,3199,830,52953200,14910,14980,3343,3023,3183,3200,0,3199,0,0,0,2017-04-17,33123000,3187,4,0,0,0,0,0,0,0,0,3189,1,0,0,0,0,0,0,0,0
424,2017-04-17,09:12:07,0,WH705,XZCE,3187,3182,3199,832,53080680,14912,14980,3343,3023,3183,3200,0,3199,0,0,0,2017-04-17,33127000,3187,4,0,0,0,0,0,0,0,0,3189,1,0,0,0,0,0,0,0,0
425,2017-04-17,09:12:07,0,WH705,XZCE,3187,3182,3199,832,53080680,14912,14980,3343,3023,3183,3200,0,3199,0,0,0,2017-04-17,33127000,3187,4,0,0,0,0,0,0,0,0,3188,3,0,0,0,0,0,0,0,0
426,2017-04-17,09:12:09,0,WH705,XZCE,3187,3182,3199,832,53080680,14912,14980,3343,3023,3183,3200,0,3199,0,0,0,2017-04-17,33129000,3187,3,0,0,0,0,0,0,0,0,3188,3,0,0,0,0,0,0,0,0
427,2017-04-17,09:12:13,0,WH705,XZCE,3188,3182,3199,838,53463240,14912,14980,3343,3023,3183,3200,0,3199,0,0,0,2017-04-17,33133000,3187,3,0,0,0,0,0,0,0,0,3189,2,0,0,0,0,0,0,0,0
428,2017-04-17,09:12:22,0,WH705,XZCE,3188,3182,3199,838,53463240,14912,14980,3343,3023,3183,3200,0,3199,0,0,0,2017-04-17,33142000,3187,3,0,0,0,0,0,0,0,0,3188,3,0,0,0,0,0,0,0,0
429,2017-04-17,09:12:25,0,WH705,XZCE,3188,3182,3199,844,53845800,14912,14980,3343,3023,3183,3200,0,3199,0,0,0,2017-04-17,33145000,3187,3,0,0,0,0,0,0,0,0,3189,3,0,0,0,0,0,0,0,0
430,2017-04-17,09:12:25,0,WH705,XZCE,3188,3182,3199,844,53845800,14912,14980,3343,3023,3183,3200,0,3199,0,0,0,2017-04-17,33145000,3187,3,0,0,0,0,0,0,0,0,3189,4,0,0,0,0,0,0,0,0
431,2017-04-17,09:12:42,0,WH705,XZCE,3188,3182,3199,844,53845800,14912,14980,3343,3023,3183,3200,0,3199,0,0,0,2017-04-17,33162000,3187,3,0,0,0,0,0,0,0,0,3188,3,0,0,0,0,0,0,0,0
432,2017-04-17,09:12:45,0,WH705,XZCE,3188,3182,3199,850,54228360,14912,14980,3343,3023,3183,3200,0,3199,0,0,0,2017-04-17,33165000,3187,3,0,0,0,0,0,0,0,0,3189,4,0,0,0,0,0,0,0,0
433,2017-04-17,09:12:47,0,WH705,XZCE,3187,3182,3199,852,54355840,14912,14980,3343,3023,3183,3200,0,3199,0,0,0,2017-04-17,33167000,3187,2,0,0,0,0,0,0,0,0,3189,4,0,0,0,0,0,0,0,0
434,2017-04-17,09:12:50,0,WH705,XZCE,3187,3182,3199,852,54355840,14912,14980,3343,3023,3183,3200,0,3199,0,0,0,2017-04-17,33170000,3187,2,0,0,0,0,0,0,0,0,3188,1,0,0,0,0,0,0,0,0
435,2017-04-17,09:12:51,0,WH705,XZCE,3188,3182,3199,854,54483360,14910,14980,3343,3023,3183,3200,0,3199,0,0,0,2017-04-17,33171000,3188,1,0,0,0,0,0,0,0,0,3189,4,0,0,0,0,0,0,0,0
436,2017-04-17,09:12:54,0,WH705,XZCE,3189,3182,3199,862,54993600,14908,14980,3343,3023,3183,3200,0,3199,0,0,0,2017-04-17,33174000,3187,22,0,0,0,0,0,0,0,0,3189,2,0,0,0,0,0,0,0,0
437,2017-04-17,09:13:10,0,WH705,XZCE,3189,3182,3199,862,54993600,14908,14980,3343,3023,3183,3200,0,3199,0,0,0,2017-04-17,33190000,3188,1,0,0,0,0,0,0,0,0,3189,2,0,0,0,0,0,0,0,0
438,2017-04-17,09:13:12,0,WH705,XZCE,3189,3182,3199,862,54993600,14908,14980,3343,3023,3183,3200,0,3199,0,0,0,2017-04-17,33192000,3188,2,0,0,0,0,0,0,0,0,3189,2,0,0,0,0,0,0,0,0
439,2017-04-17,09:13:15,0,WH705,XZCE,3188,3182,3199,866,55248640,14910,14980,3343,3023,3183,3200,0,3199,0,0,0,2017-04-17,33195000,3187,21,0,0,0,0,0,0,0,0,3188,13,0,0,0,0,0,0,0,0
440,2017-04-17,09:13:20,0,WH705,XZCE,3188,3182,3199,866,55248640,14910,14980,3343,3023,3183,3200,0,3199,0,0,0,2017-04-17,33200000,3187,22,0,0,0,0,0,0,0,0,3188,13,0,0,0,0,0,0,0,0
441,2017-04-17,09:13:21,0,WH705,XZCE,3188,3182,3199,866,55248640,14910,14980,3343,3023,3183,3200,0,3199,0,0,0,2017-04-17,33201000,3187,23,0,0,0,0,0,0,0,0,3188,13,0,0,0,0,0,0,0,0
442,2017-04-17,09:13:26,0,WH705,XZCE,3188,3182,3199,866,55248640,14910,14980,3343,3023,3183,3200,0,3199,0,0,0,2017-04-17,33206000,3187,24,0,0,0,0,0,0,0,0,3188,13,0,0,0,0,0,0,0,0
443,2017-04-17,09:13:36,0,WH705,XZCE,3188,3182,3199,870,55503680,14910,14980,3343,3023,3183,3200,0,3199,0,0,0,2017-04-17,33216000,3187,23,0,0,0,0,0,0,0,0,3188,12,0,0,0,0,0,0,0,0
444,2017-04-17,09:13:45,0,WH705,XZCE,3187,3182,3199,878,56013600,14910,14980,3343,3023,3183,3200,0,3199,0,0,0,2017-04-17,33225000,3187,19,0,0,0,0,0,0,0,0,3188,12,0,0,0,0,0,0,0,0
445,2017-04-17,09:13:46,0,WH705,XZCE,3187,3182,3199,878,56013600,14910,14980,3343,3023,3183,3200,0,3199,0,0,0,2017-04-17,33226000,3187,19,0,0,0,0,0,0,0,0,3188,13,0,0,0,0,0,0,0,0
446,2017-04-17,09:14:03,0,WH705,XZCE,3188,3182,3199,880,56141120,14910,14980,3343,3023,3183,3200,0,3199,0,0,0,2017-04-17,33243000,3187,19,0,0,0,0,0,0,0,0,3188,12,0,0,0,0,0,0,0,0
447,2017-04-17,09:14:03,0,WH705,XZCE,3188,3182,3199,880,56141120,14910,14980,3343,3023,3183,3200,0,3199,0,0,0,2017-04-17,33243000,3187,19,0,0,0,0,0,0,0,0,3188,18,0,0,0,0,0,0,0,0
448,2017-04-17,09:14:04,0,WH705,XZCE,3188,3182,3199,890,56778720,14910,14980,3343,3023,3183,3200,0,3199,0,0,0,2017-04-17,33244000,3187,19,0,0,0,0,0,0,0,0,3188,15,0,0,0,0,0,0,0,0
449,2017-04-17,09:14:11,0,WH705,XZCE,3187,3182,3199,906,57798560,14910,14980,3343,3023,3183,3200,0,3199,0,0,0,2017-04-17,33251000,3187,11,0,0,0,0,0,0,0,0,3188,16,0,0,0,0,0,0,0,0
450,2017-04-17,09:14:29,0,WH705,XZCE,3188,3182,3199,908,57926080,14910,14980,3343,3023,3183,3200,0,3199,0,0,0,2017-04-17,33269000,3187,11,0,0,0,0,0,0,0,0,3188,15,0,0,0,0,0,0,0,0
451,2017-04-17,09:14:35,0,WH705,XZCE,3187,3182,3199,910,58053560,14908,14980,3343,3023,3183,3200,0,3199,0,0,0,2017-04-17,33275000,3187,10,0,0,0,0,0,0,0,0,3188,15,0,0,0,0,0,0,0,0
452,2017-04-17,09:14:37,0,WH705,XZCE,3187,3182,3199,912,58181040,14906,14980,3343,3023,3183,3200,0,3199,0,0,0,2017-04-17,33277000,3187,9,0,0,0,0,0,0,0,0,3188,15,0,0,0,0,0,0,0,0
453,2017-04-17,09:14:39,0,WH705,XZCE,3187,3182,3199,914,58308520,14904,14980,3343,3023,3183,3200,0,3199,0,0,0,2017-04-17,33279000,3187,8,0,0,0,0,0,0,0,0,3188,15,0,0,0,0,0,0,0,0
454,2017-04-17,09:14:41,0,WH705,XZCE,3188,3182,3199,916,58436040,14904,14980,3343,3023,3183,3200,0,3199,0,0,0,2017-04-17,33281000,3187,8,0,0,0,0,0,0,0,0,3188,14,0,0,0,0,0,0,0,0
455,2017-04-17,09:14:42,0,WH705,XZCE,3187,3182,3199,918,58563520,14902,14980,3343,3023,3183,3200,0,3199,0,0,0,2017-04-17,33282000,3187,7,0,0,0,0,0,0,0,0,3188,14,0,0,0,0,0,0,0,0
456,2017-04-17,09:14:44,0,WH705,XZCE,3187,3182,3199,920,58691000,14900,14980,3343,3023,3183,3200,0,3199,0,0,0,2017-04-17,33284000,3187,6,0,0,0,0,0,0,0,0,3188,14,0,0,0,0,0,0,0,0
457,2017-04-17,09:14:46,0,WH705,XZCE,3187,3182,3199,926,59073440,14894,14980,3343,3023,3183,3200,0,3199,0,0,0,2017-04-17,33286000,3187,3,0,0,0,0,0,0,0,0,3188,14,0,0,0,0,0,0,0,0
458,2017-04-17,09:14:46,0,WH705,XZCE,3187,3182,3199,928,59200920,14894,14980,3343,3023,3183,3200,0,3199,0,0,0,2017-04-17,33286000,3187,2,0,0,0,0,0,0,0,0,3188,14,0,0,0,0,0,0,0,0
459,2017-04-17,09:14:47,0,WH705,XZCE,3187,3182,3199,930,59328400,14892,14980,3343,3023,3183,3200,0,3199,0,0,0,2017-04-17,33287000,3187,1,0,0,0,0,0,0,0,0,3188,14,0,0,0,0,0,0,0,0
460,2017-04-17,09:14:49,0,WH705,XZCE,3187,3182,3199,932,59455880,14890,14980,3343,3023,3183,3200,0,3199,0,0,0,2017-04-17,33289000,3186,11,0,0,0,0,0,0,0,0,3188,14,0,0,0,0,0,0,0,0
461,2017-04-17,09:14:52,0,WH705,XZCE,3187,3182,3199,932,59455880,14890,14980,3343,3023,3183,3200,0,3199,0,0,0,2017-04-17,33292000,3186,11,0,0,0,0,0,0,0,0,3187,2,0,0,0,0,0,0,0,0
462,2017-04-17,09:14:53,0,WH705,XZCE,3187,3182,3199,932,59455880,14890,14980,3343,3023,3183,3200,0,3199,0,0,0,2017-04-17,33293000,3186,11,0,0,0,0,0,0,0,0,3187,11,0,0,0,0,0,0,0,0
463,2017-04-17,09:14:56,0,WH705,XZCE,3186,3182,3199,934,59583320,14890,14980,3343,3023,3183,3200,0,3199,0,0,0,2017-04-17,33296000,3186,10,0,0,0,0,0,0,0,0,3187,11,0,0,0,0,0,0,0,0
464,2017-04-17,09:15:02,0,WH705,XZCE,3186,3182,3199,936,59710760,14890,14980,3343,3023,3183,3200,0,3199,0,0,0,2017-04-17,33302000,3186,10,0,0,0,0,0,0,0,0,3187,11,0,0,0,0,0,0,0,0
465,2017-04-17,09:15:02,0,WH705,XZCE,3186,3182,3199,936,59710760,14890,14980,3343,3023,3183,3200,0,3199,0,0,0,2017-04-17,33302000,3186,11,0,0,0,0,0,0,0,0,3187,11,0,0,0,0,0,0,0,0
466,2017-04-17,09:15:02,0,WH705,XZCE,3186,3182,3199,936,59710760,14890,14980,3343,3023,3183,3200,0,3199,0,0,0,2017-04-17,33302000,3186,12,0,0,0,0,0,0,0,0,3187,11,0,0,0,0,0,0,0,0
467,2017-04-17,09:15:03,0,WH705,XZCE,3186,3182,3199,938,59838200,14888,14980,3343,3023,3183,3200,0,3199,0,0,0,2017-04-17,33303000,3186,11,0,0,0,0,0,0,0,0,3187,11,0,0,0,0,0,0,0,0
468,2017-04-17,09:15:03,0,WH705,XZCE,3186,3182,3199,952,60730280,14874,14980,3343,3023,3183,3200,0,3199,0,0,0,2017-04-17,33303000,3186,4,0,0,0,0,0,0,0,0,3187,11,0,0,0,0,0,0,0,0
469,2017-04-17,09:15:05,0,WH705,XZCE,3186,3182,3199,952,60730280,14874,14980,3343,3023,3183,3200,0,3199,0,0,0,2017-04-17,33305000,3186,14,0,0,0,0,0,0,0,0,3187,11,0,0,0,0,0,0,0,0
470,2017-04-17,09:15:05,0,WH705,XZCE,3186,3182,3199,952,60730280,14874,14980,3343,3023,3183,3200,0,3199,0,0,0,2017-04-17,33305000,3186,14,0,0,0,0,0,0,0,0,3187,9,0,0,0,0,0,0,0,0
471,2017-04-17,09:15:06,0,WH705,XZCE,3186,3182,3199,956,60985160,14872,14980,3343,3023,3183,3200,0,3199,0,0,0,2017-04-17,33306000,3186,12,0,0,0,0,0,0,0,0,3187,9,0,0,0,0,0,0,0,0
472,2017-04-17,09:15:08,0,WH705,XZCE,3186,3182,3199,958,61112600,14872,14980,3343,3023,3183,3200,0,3199,0,0,0,2017-04-17,33308000,3186,11,0,0,0,0,0,0,0,0,3187,9,0,0,0,0,0,0,0,0
473,2017-04-17,09:15:09,0,WH705,XZCE,3187,3182,3199,960,61240080,14870,14980,3343,3023,3183,3200,0,3199,0,0,0,2017-04-17,33309000,3186,11,0,0,0,0,0,0,0,0,3187,8,0,0,0,0,0,0,0,0
474,2017-04-17,09:15:09,0,WH705,XZCE,3186,3182,3199,962,61367520,14870,14980,3343,3023,3183,3200,0,3199,0,0,0,2017-04-17,33309000,3186,10,0,0,0,0,0,0,0,0,3187,8,0,0,0,0,0,0,0,0
475,2017-04-17,09:15:10,0,WH705,XZCE,3187,3182,3199,968,61749960,14870,14980,3343,3023,3183,3200,0,3199,0,0,0,2017-04-17,33310000,3186,10,0,0,0,0,0,0,0,0,3187,5,0,0,0,0,0,0,0,0
476,2017-04-17,09:15:10,0,WH705,XZCE,3187,3182,3199,970,61877440,14868,14980,3343,3023,3183,3200,0,3199,0,0,0,2017-04-17,33310000,3186,10,0,0,0,0,0,0,0,0,3187,4,0,0,0,0,0,0,0,0
477,2017-04-17,09:15:11,0,WH705,XZCE,3187,3182,3199,970,61877440,14868,14980,3343,3023,3183,3200,0,3199,0,0,0,2017-04-17,33311000,3186,10,0,0,0,0,0,0,0,0,3187,5,0,0,0,0,0,0,0,0
478,2017-04-17,09:15:12,0,WH705,XZCE,3187,3182,3199,972,62004920,14866,14980,3343,3023,3183,3200,0,3199,0,0,0,2017-04-17,33312000,3186,10,0,0,0,0,0,0,0,0,3187,3,0,0,0,0,0,0,0,0
479,2017-04-17,09:15:13,0,WH705,XZCE,3187,3182,3199,974,62132400,14866,14980,3343,3023,3183,3200,0,3199,0,0,0,2017-04-17,33313000,3186,10,0,0,0,0,0,0,0,0,3187,2,0,0,0,0,0,0,0,0
480,2017-04-17,09:15:14,0,WH705,XZCE,3187,3182,3199,976,62259880,14866,14980,3343,3023,3183,3200,0,3199,0,0,0,2017-04-17,33314000,3186,10,0,0,0,0,0,0,0,0,3187,1,0,0,0,0,0,0,0,0
481,2017-04-17,09:15:15,0,WH705,XZCE,3187,3182,3199,978,62387360,14868,14980,3343,3023,3183,3200,0,3199,0,0,0,2017-04-17,33315000,3186,10,0,0,0,0,0,0,0,0,3188,5,0,0,0,0,0,0,0,0
482,2017-04-17,09:15:23,0,WH705,XZCE,3187,3182,3199,978,62387360,14868,14980,3343,3023,3183,3200,0,3199,0,0,0,2017-04-17,33323000,3186,10,0,0,0,0,0,0,0,0,3187,1,0,0,0,0,0,0,0,0
483,2017-04-17,09:15:33,0,WH705,XZCE,3187,3182,3199,980,62514840,14866,14980,3343,3023,3183,3200,0,3199,0,0,0,2017-04-17,33333000,3186,10,0,0,0,0,0,0,0,0,3188,5,0,0,0,0,0,0,0,0
484,2017-04-17,09:15:36,0,WH705,XZCE,3187,3182,3199,980,62514840,14866,14980,3343,3023,3183,3200,0,3199,0,0,0,2017-04-17,33336000,3186,21,0,0,0,0,0,0,0,0,3188,5,0,0,0,0,0,0,0,0
485,2017-04-17,09:15:37,0,WH705,XZCE,3187,3182,3199,980,62514840,14866,14980,3343,3023,3183,3200,0,3199,0,0,0,2017-04-17,33337000,3186,10,0,0,0,0,0,0,0,0,3188,5,0,0,0,0,0,0,0,0
486,2017-04-17,09:15:38,0,WH705,XZCE,3187,3182,3199,980,62514840,14866,14980,3343,3023,3183,3200,0,3199,0,0,0,2017-04-17,33338000,3186,11,0,0,0,0,0,0,0,0,3188,5,0,0,0,0,0,0,0,0
487,2017-04-17,09:15:51,0,WH705,XZCE,3187,3182,3199,980,62514840,14866,14980,3343,3023,3183,3200,0,3199,0,0,0,2017-04-17,33351000,3186,11,0,0,0,0,0,0,0,0,3187,1,0,0,0,0,0,0,0,0
488,2017-04-17,09:15:54,0,WH705,XZCE,3187,3182,3199,982,62642320,14866,14980,3343,3023,3183,3200,0,3199,0,0,0,2017-04-17,33354000,3186,11,0,0,0,0,0,0,0,0,3188,5,0,0,0,0,0,0,0,0
489,2017-04-17,09:15:55,0,WH705,XZCE,3187,3182,3199,984,62769800,14866,14980,3343,3023,3183,3200,0,3199,0,0,0,2017-04-17,33355000,3186,11,0,0,0,0,0,0,0,0,3188,5,0,0,0,0,0,0,0,0
490,2017-04-17,09:16:08,0,WH705,XZCE,3187,3182,3199,984,62769800,14866,14980,3343,3023,3183,3200,0,3199,0,0,0,2017-04-17,33368000,3186,12,0,0,0,0,0,0,0,0,3187,2,0,0,0,0,0,0,0,0
491,2017-04-17,09:16:09,0,WH705,XZCE,3187,3182,3199,986,62897280,14866,14980,3343,3023,3183,3200,0,3199,0,0,0,2017-04-17,33369000,3186,12,0,0,0,0,0,0,0,0,3187,1,0,0,0,0,0,0,0,0
492,2017-04-17,09:16:15,0,WH705,XZCE,3187,3182,3199,988,63024760,14864,14980,3343,3023,3183,3200,0,3199,0,0,0,2017-04-17,33375000,3187,2,0,0,0,0,0,0,0,0,3188,5,0,0,0,0,0,0,0,0
493,2017-04-17,09:16:26,0,WH705,XZCE,3187,3182,3199,988,63024760,14864,14980,3343,3023,3183,3200,0,3199,0,0,0,2017-04-17,33386000,3186,11,0,0,0,0,0,0,0,0,3188,5,0,0,0,0,0,0,0,0
494,2017-04-17,09:16:26,0,WH705,XZCE,3187,3182,3199,988,63024760,14864,14980,3343,3023,3183,3200,0,3199,0,0,0,2017-04-17,33386000,3186,12,0,0,0,0,0,0,0,0,3188,5,0,0,0,0,0,0,0,0
495,2017-04-17,09:16:27,0,WH705,XZCE,3188,3182,3199,990,63152280,14866,14980,3343,3023,3183,3200,0,3199,0,0,0,2017-04-17,33387000,3186,12,0,0,0,0,0,0,0,0,3187,1,0,0,0,0,0,0,0,0
496,2017-04-17,09:16:31,0,WH705,XZCE,3187,3182,3199,992,63279760,14866,14980,3343,3023,3183,3200,0,3199,0,0,0,2017-04-17,33391000,3186,12,0,0,0,0,0,0,0,0,3188,4,0,0,0,0,0,0,0,0
497,2017-04-17,09:16:32,0,WH705,XZCE,3187,3182,3199,992,63279760,14866,14980,3343,3023,3183,3200,0,3199,0,0,0,2017-04-17,33392000,3186,13,0,0,0,0,0,0,0,0,3188,4,0,0,0,0,0,0,0,0
498,2017-04-17,09:16:42,0,WH705,XZCE,3188,3182,3199,994,63407280,14868,14980,3343,3023,3183,3200,0,3199,0,0,0,2017-04-17,33402000,3186,13,0,0,0,0,0,0,0,0,3188,3,0,0,0,0,0,0,0,0
499,2017-04-17,09:16:54,0,WH705,XZCE,3188,3182,3199,998,63662320,14868,14980,3343,3023,3183,3200,0,3199,0,0,0,2017-04-17,33414000,3186,13,0,0,0,0,0,0,0,0,3188,1,0,0,0,0,0,0,0,0
500,2017-04-17,09:16:55,0,WH705,XZCE,3187,3182,3199,1000,63789800,14870,14980,3343,3023,3183,3200,0,3199,0,0,0,2017-04-17,33415000,3187,1,0,0,0,0,0,0,0,0,3188,1,0,0,0,0,0,0,0,0
501,2017-04-17,09:16:59,0,WH705,XZCE,3187,3182,3199,1000,63789800,14870,14980,3343,3023,3183,3200,0,3199,0,0,0,2017-04-17,33419000,3187,3,0,0,0,0,0,0,0,0,3188,1,0,0,0,0,0,0,0,0
502,2017-04-17,09:16:59,0,WH705,XZCE,3187,3182,3199,1000,63789800,14870,14980,3343,3023,3183,3200,0,3199,0,0,0,2017-04-17,33419000,3187,2,0,0,0,0,0,0,0,0,3188,1,0,0,0,0,0,0,0,0
503,2017-04-17,09:17:00,0,WH705,XZCE,3187,3182,3199,1000,63789800,14870,14980,3343,3023,3183,3200,0,3199,0,0,0,2017-04-17,33420000,3187,3,0,0,0,0,0,0,0,0,3188,1,0,0,0,0,0,0,0,0
504,2017-04-17,09:17:03,0,WH705,XZCE,3188,3182,3199,1002,63917320,14870,14980,3343,3023,3183,3200,0,3199,0,0,0,2017-04-17,33423000,3188,1,0,0,0,0,0,0,0,0,3189,1,0,0,0,0,0,0,0,0
505,2017-04-17,09:17:03,0,WH705,XZCE,3188,3182,3199,1002,63917320,14870,14980,3343,3023,3183,3200,0,3199,0,0,0,2017-04-17,33423000,3188,2,0,0,0,0,0,0,0,0,3189,1,0,0,0,0,0,0,0,0
506,2017-04-17,09:17:04,0,WH705,XZCE,3188,3182,3199,1002,63917320,14870,14980,3343,3023,3183,3200,0,3199,0,0,0,2017-04-17,33424000,3188,3,0,0,0,0,0,0,0,0,3189,1,0,0,0,0,0,0,0,0
507,2017-04-17,09:17:05,0,WH705,XZCE,3188,3182,3199,1002,63917320,14870,14980,3343,3023,3183,3200,0,3199,0,0,0,2017-04-17,33425000,3188,33,0,0,0,0,0,0,0,0,3189,1,0,0,0,0,0,0,0,0
508,2017-04-17,09:17:05,0,WH705,XZCE,3188,3182,3199,1002,63917320,14870,14980,3343,3023,3183,3200,0,3199,0,0,0,2017-04-17,33425000,3188,33,0,0,0,0,0,0,0,0,3190,1,0,0,0,0,0,0,0,0
509,2017-04-17,09:17:07,0,WH705,XZCE,3188,3182,3199,1002,63917320,14870,14980,3343,3023,3183,3200,0,3199,0,0,0,2017-04-17,33427000,3189,30,0,0,0,0,0,0,0,0,3191,1,0,0,0,0,0,0,0,0
510,2017-04-17,09:17:08,0,WH705,XZCE,3188,3182,3199,1002,63917320,14870,14980,3343,3023,3183,3200,0,3199,0,0,0,2017-04-17,33428000,3189,1,0,0,0,0,0,0,0,0,3191,2,0,0,0,0,0,0,0,0
511,2017-04-17,09:17:08,0,WH705,XZCE,3188,3182,3199,1002,63917320,14870,14980,3343,3023,3183,3200,0,3199,0,0,0,2017-04-17,33428000,3188,2,0,0,0,0,0,0,0,0,3191,2,0,0,0,0,0,0,0,0
512,2017-04-17,09:17:09,0,WH705,XZCE,3188,3182,3199,1002,63917320,14870,14980,3343,3023,3183,3200,0,3199,0,0,0,2017-04-17,33429000,3188,3,0,0,0,0,0,0,0,0,3191,4,0,0,0,0,0,0,0,0
513,2017-04-17,09:17:09,0,WH705,XZCE,3188,3182,3199,1002,63917320,14870,14980,3343,3023,3183,3200,0,3199,0,0,0,2017-04-17,33429000,3188,4,0,0,0,0,0,0,0,0,3191,4,0,0,0,0,0,0,0,0
514,2017-04-17,09:17:09,0,WH705,XZCE,3188,3182,3199,1002,63917320,14870,14980,3343,3023,3183,3200,0,3199,0,0,0,2017-04-17,33429000,3188,3,0,0,0,0,0,0,0,0,3190,1,0,0,0,0,0,0,0,0
515,2017-04-17,09:17:11,0,WH705,XZCE,3188,3182,3199,1002,63917320,14870,14980,3343,3023,3183,3200,0,3199,0,0,0,2017-04-17,33431000,3188,53,0,0,0,0,0,0,0,0,3190,1,0,0,0,0,0,0,0,0
516,2017-04-17,09:17:12,0,WH705,XZCE,3190,3182,3199,1004,64044920,14868,14980,3343,3023,3183,3200,0,3199,0,0,0,2017-04-17,33432000,3188,52,0,0,0,0,0,0,0,0,3191,4,0,0,0,0,0,0,0,0
517,2017-04-17,09:17:13,0,WH705,XZCE,3190,3182,3199,1004,64044920,14868,14980,3343,3023,3183,3200,0,3199,0,0,0,2017-04-17,33433000,3189,3,0,0,0,0,0,0,0,0,3191,4,0,0,0,0,0,0,0,0
518,2017-04-17,09:17:15,0,WH705,XZCE,3190,3182,3199,1004,64044920,14868,14980,3343,3023,3183,3200,0,3199,0,0,0,2017-04-17,33435000,3190,12,0,0,0,0,0,0,0,0,3191,3,0,0,0,0,0,0,0,0
519,2017-04-17,09:17:16,0,WH705,XZCE,3189,3182,3199,1030,65703200,14874,14980,3343,3023,3183,3200,0,3199,0,0,0,2017-04-17,33436000,3187,4,0,0,0,0,0,0,0,0,3191,2,0,0,0,0,0,0,0,0
520,2017-04-17,09:17:17,0,WH705,XZCE,3189,3182,3199,1030,65703200,14874,14980,3343,3023,3183,3200,0,3199,0,0,0,2017-04-17,33437000,3190,20,0,0,0,0,0,0,0,0,3191,1,0,0,0,0,0,0,0,0
521,2017-04-17,09:17:17,0,WH705,XZCE,3189,3182,3199,1030,65703200,14874,14980,3343,3023,3183,3200,0,3199,0,0,0,2017-04-17,33437000,3187,4,0,0,0,0,0,0,0,0,3191,2,0,0,0,0,0,0,0,0
522,2017-04-17,09:17:18,0,WH705,XZCE,3189,3182,3199,1030,65703200,14874,14980,3343,3023,3183,3200,0,3199,0,0,0,2017-04-17,33438000,3188,1,0,0,0,0,0,0,0,0,3189,3,0,0,0,0,0,0,0,0
523,2017-04-17,09:17:20,0,WH705,XZCE,3189,3182,3199,1032,65830760,14872,14980,3343,3023,3183,3200,0,3199,0,0,0,2017-04-17,33440000,3188,1,0,0,0,0,0,0,0,0,3189,2,0,0,0,0,0,0,0,0
524,2017-04-17,09:17:23,0,WH705,XZCE,3189,3182,3199,1032,65830760,14872,14980,3343,3023,3183,3200,0,3199,0,0,0,2017-04-17,33443000,3188,2,0,0,0,0,0,0,0,0,3189,2,0,0,0,0,0,0,0,0
525,2017-04-17,09:17:24,0,WH705,XZCE,3189,3182,3199,1034,65958320,14870,14980,3343,3023,3183,3200,0,3199,0,0,0,2017-04-17,33444000,3188,2,0,0,0,0,0,0,0,0,3189,1,0,0,0,0,0,0,0,0
526,2017-04-17,09:17:26,0,WH705,XZCE,3189,3182,3199,1036,66085880,14868,14980,3343,3023,3183,3200,0,3199,0,0,0,2017-04-17,33446000,3188,2,0,0,0,0,0,0,0,0,3190,9,0,0,0,0,0,0,0,0
527,2017-04-17,09:17:27,0,WH705,XZCE,3189,3182,3199,1036,66085880,14868,14980,3343,3023,3183,3200,0,3199,0,0,0,2017-04-17,33447000,3188,1,0,0,0,0,0,0,0,0,3189,1,0,0,0,0,0,0,0,0
528,2017-04-17,09:17:31,0,WH705,XZCE,3189,3182,3199,1038,66213440,14866,14980,3343,3023,3183,3200,0,3199,0,0,0,2017-04-17,33451000,3188,1,0,0,0,0,0,0,0,0,3190,9,0,0,0,0,0,0,0,0
529,2017-04-17,09:17:31,0,WH705,XZCE,3188,3182,3199,1040,66340960,14866,14980,3343,3023,3183,3200,0,3199,0,0,0,2017-04-17,33451000,3187,5,0,0,0,0,0,0,0,0,3190,9,0,0,0,0,0,0,0,0
530,2017-04-17,09:17:32,0,WH705,XZCE,3188,3182,3199,1040,66340960,14866,14980,3343,3023,3183,3200,0,3199,0,0,0,2017-04-17,33452000,3187,4,0,0,0,0,0,0,0,0,3189,2,0,0,0,0,0,0,0,0
531,2017-04-17,09:17:36,0,WH705,XZCE,3188,3182,3199,1040,66340960,14866,14980,3343,3023,3183,3200,0,3199,0,0,0,2017-04-17,33456000,3188,1,0,0,0,0,0,0,0,0,3189,2,0,0,0,0,0,0,0,0
532,2017-04-17,09:17:41,0,WH705,XZCE,3188,3182,3199,1040,66340960,14866,14980,3343,3023,3183,3200,0,3199,0,0,0,2017-04-17,33461000,3188,21,0,0,0,0,0,0,0,0,3189,2,0,0,0,0,0,0,0,0
533,2017-04-17,09:17:43,0,WH705,XZCE,3188,3182,3199,1040,66340960,14866,14980,3343,3023,3183,3200,0,3199,0,0,0,2017-04-17,33463000,3188,1,0,0,0,0,0,0,0,0,3189,2,0,0,0,0,0,0,0,0
534,2017-04-17,09:17:49,0,WH705,XZCE,3188,3182,3199,1042,66468480,14866,14980,3343,3023,3183,3200,0,3199,0,0,0,2017-04-17,33469000,3187,3,0,0,0,0,0,0,0,0,3189,2,0,0,0,0,0,0,0,0
535,2017-04-17,09:17:49,0,WH705,XZCE,3188,3182,3199,1042,66468480,14866,14980,3343,3023,3183,3200,0,3199,0,0,0,2017-04-17,33469000,3187,3,0,0,0,0,0,0,0,0,3189,1,0,0,0,0,0,0,0,0
536,2017-04-17,09:17:52,0,WH705,XZCE,3189,3182,3199,1044,66596040,14864,14980,3343,3023,3183,3200,0,3199,0,0,0,2017-04-17,33472000,3187,3,0,0,0,0,0,0,0,0,3190,9,0,0,0,0,0,0,0,0
537,2017-04-17,09:17:53,0,WH705,XZCE,3189,3182,3199,1044,66596040,14864,14980,3343,3023,3183,3200,0,3199,0,0,0,2017-04-17,33473000,3187,4,0,0,0,0,0,0,0,0,3188,1,0,0,0,0,0,0,0,0
538,2017-04-17,09:17:53,0,WH705,XZCE,3189,3182,3199,1044,66596040,14864,14980,3343,3023,3183,3200,0,3199,0,0,0,2017-04-17,33473000,3187,3,0,0,0,0,0,0,0,0,3188,1,0,0,0,0,0,0,0,0
539,2017-04-17,09:17:57,0,WH705,XZCE,3189,3182,3199,1044,66596040,14864,14980,3343,3023,3183,3200,0,3199,0,0,0,2017-04-17,33477000,3187,2,0,0,0,0,0,0,0,0,3188,1,0,0,0,0,0,0,0,0
540,2017-04-17,09:18:00,0,WH705,XZCE,3189,3182,3199,1044,66596040,14864,14980,3343,3023,3183,3200,0,3199,0,0,0,2017-04-17,33480000,3187,2,0,0,0,0,0,0,0,0,3188,7,0,0,0,0,0,0,0,0
541,2017-04-17,09:18:01,0,WH705,XZCE,3187,3182,3199,1048,66851000,14864,14980,3343,3023,3183,3200,0,3199,0,0,0,2017-04-17,33481000,3186,11,0,0,0,0,0,0,0,0,3188,6,0,0,0,0,0,0,0,0
542,2017-04-17,09:18:06,0,WH705,XZCE,3187,3182,3199,1048,66851000,14864,14980,3343,3023,3183,3200,0,3199,0,0,0,2017-04-17,33486000,3186,11,0,0,0,0,0,0,0,0,3189,2,0,0,0,0,0,0,0,0
543,2017-04-17,09:18:06,0,WH705,XZCE,3187,3182,3199,1050,66978480,14862,14980,3343,3023,3183,3200,0,3199,0,0,0,2017-04-17,33486000,3186,11,0,0,0,0,0,0,0,0,3187,1,0,0,0,0,0,0,0,0
544,2017-04-17,09:18:08,0,WH705,XZCE,3187,3182,3199,1052,67105960,14862,14980,3343,3023,3183,3200,0,3199,0,0,0,2017-04-17,33488000,3186,11,0,0,0,0,0,0,0,0,3189,4,0,0,0,0,0,0,0,0
545,2017-04-17,09:18:12,0,WH705,XZCE,3187,3182,3199,1052,67105960,14862,14980,3343,3023,3183,3200,0,3199,0,0,0,2017-04-17,33492000,3187,1,0,0,0,0,0,0,0,0,3189,4,0,0,0,0,0,0,0,0
546,2017-04-17,09:18:12,0,WH705,XZCE,3187,3182,3199,1052,67105960,14862,14980,3343,3023,3183,3200,0,3199,0,0,0,2017-04-17,33492000,3187,1,0,0,0,0,0,0,0,0,3189,3,0,0,0,0,0,0,0,0
547,2017-04-17,09:18:16,0,WH705,XZCE,3187,3182,3199,1054,67233440,14864,14980,3343,3023,3183,3200,0,3199,0,0,0,2017-04-17,33496000,3186,11,0,0,0,0,0,0,0,0,3188,1,0,0,0,0,0,0,0,0
548,2017-04-17,09:18:19,0,WH705,XZCE,3187,3182,3199,1054,67233440,14864,14980,3343,3023,3183,3200,0,3199,0,0,0,2017-04-17,33499000,3186,11,0,0,0,0,0,0,0,0,3188,2,0,0,0,0,0,0,0,0
549,2017-04-17,09:18:27,0,WH705,XZCE,3187,3182,3199,1054,67233440,14864,14980,3343,3023,3183,3200,0,3199,0,0,0,2017-04-17,33507000,3186,11,0,0,0,0,0,0,0,0,3188,3,0,0,0,0,0,0,0,0
550,2017-04-17,09:18:35,0,WH705,XZCE,3187,3182,3199,1054,67233440,14864,14980,3343,3023,3183,3200,0,3199,0,0,0,2017-04-17,33515000,3187,1,0,0,0,0,0,0,0,0,3188,3,0,0,0,0,0,0,0,0
551,2017-04-17,09:18:37,0,WH705,XZCE,3188,3182,3199,1056,67360960,14864,14980,3343,3023,3183,3200,0,3199,0,0,0,2017-04-17,33517000,3187,1,0,0,0,0,0,0,0,0,3188,2,0,0,0,0,0,0,0,0
552,2017-04-17,09:18:41,0,WH705,XZCE,3188,3182,3199,1058,67488480,14864,14980,3343,3023,3183,3200,0,3199,0,0,0,2017-04-17,33521000,3187,2,0,0,0,0,0,0,0,0,3188,1,0,0,0,0,0,0,0,0
553,2017-04-17,09:18:46,0,WH705,XZCE,3188,3182,3199,1060,67616000,14866,14980,3343,3023,3183,3200,0,3199,0,0,0,2017-04-17,33526000,3187,2,0,0,0,0,0,0,0,0,3189,3,0,0,0,0,0,0,0,0
554,2017-04-17,09:18:46,0,WH705,XZCE,3188,3182,3199,1060,67616000,14866,14980,3343,3023,3183,3200,0,3199,0,0,0,2017-04-17,33526000,3187,2,0,0,0,0,0,0,0,0,3189,11,0,0,0,0,0,0,0,0
555,2017-04-17,09:18:47,0,WH705,XZCE,3188,3182,3199,1060,67616000,14866,14980,3343,3023,3183,3200,0,3199,0,0,0,2017-04-17,33527000,3187,2,0,0,0,0,0,0,0,0,3188,1,0,0,0,0,0,0,0,0
556,2017-04-17,09:18:48,0,WH705,XZCE,3188,3182,3199,1060,67616000,14866,14980,3343,3023,3183,3200,0,3199,0,0,0,2017-04-17,33528000,3187,2,0,0,0,0,0,0,0,0,3188,9,0,0,0,0,0,0,0,0
557,2017-04-17,09:18:48,0,WH705,XZCE,3188,3182,3199,1060,67616000,14866,14980,3343,3023,3183,3200,0,3199,0,0,0,2017-04-17,33528000,3187,3,0,0,0,0,0,0,0,0,3188,9,0,0,0,0,0,0,0,0
558,2017-04-17,09:19:01,0,WH705,XZCE,3188,3182,3199,1062,67743520,14864,14980,3343,3023,3183,3200,0,3199,0,0,0,2017-04-17,33541000,3187,3,0,0,0,0,0,0,0,0,3188,8,0,0,0,0,0,0,0,0
559,2017-04-17,09:19:06,0,WH705,XZCE,3188,3182,3199,1062,67743520,14864,14980,3343,3023,3183,3200,0,3199,0,0,0,2017-04-17,33546000,3187,2,0,0,0,0,0,0,0,0,3188,8,0,0,0,0,0,0,0,0
560,2017-04-17,09:19:07,0,WH705,XZCE,3188,3182,3199,1064,67871040,14862,14980,3343,3023,3183,3200,0,3199,0,0,0,2017-04-17,33547000,3187,2,0,0,0,0,0,0,0,0,3188,7,0,0,0,0,0,0,0,0
561,2017-04-17,09:19:35,0,WH705,XZCE,3188,3182,3199,1064,67871040,14862,14980,3343,3023,3183,3200,0,3199,0,0,0,2017-04-17,33575000,3187,2,0,0,0,0,0,0,0,0,3188,10,0,0,0,0,0,0,0,0
562,2017-04-17,09:19:39,0,WH705,XZCE,3187,3182,3199,1066,67998520,14862,14980,3343,3023,3183,3200,0,3199,0,0,0,2017-04-17,33579000,3187,1,0,0,0,0,0,0,0,0,3188,10,0,0,0,0,0,0,0,0
563,2017-04-17,09:19:42,0,WH705,XZCE,3188,3182,3199,1072,68381080,14862,14980,3343,3023,3183,3200,0,3199,0,0,0,2017-04-17,33582000,3187,1,0,0,0,0,0,0,0,0,3188,7,0,0,0,0,0,0,0,0
