,dataDate,dataTime,dataMillisec,instrumentID,exchangeCD,lastPrice,lowPrice,highPrice,volume,value,openInterest,preOpenInterest,upperLimitPrice,lowerLimitPrice,preSettlementPrice,prevClosePrice,settlementPrice,openPrice,closePrice,preDelta,currDelta,clearingDay,milliSecOffset,bidPrice1,bidVolume1,bidPrice2,bidVolume2,bidPrice3,bidVolume3,bidPrice4,bidVolume4,bidPrice5,bidVolume5,askPrice1,askVolume1,askPrice2,askVolume2,askPrice3,askVolume3,askPrice4,askVolume4,askPrice5,askVolume5
0,2017-04-17,09:00:00,931,y1709,XDCE,5990,5942,5992,173308,10350494920,870838,872344,6242,5650,5946,5944,0,5946,0,0,0,2017-04-17,32400931,5982,13,0,0,0,0,0,0,0,0,5990,222,0,0,0,0,0,0,0,0
1,2017-04-17,09:00:01,431,y1709,XDCE,5988,5942,5992,173640,10370375080,870850,872344,6242,5650,5946,5944,0,5946,0,0,0,2017-04-17,32401431,5986,335,0,0,0,0,0,0,0,0,5990,216,0,0,0,0,0,0,0,0
2,2017-04-17,09:00:01,922,y1709,XDCE,5988,5942,5992,173988,10391210640,870914,872344,6242,5650,5946,5944,0,5946,0,0,0,2017-04-17,32401922,5988,38,0,0,0,0,0,0,0,0,5990,236,0,0,0,0,0,0,0,0
3,2017-04-17,09:00:02,407,y1709,XDCE,5990,5942,5992,174144,10400554040,870828,872344,6242,5650,5946,5944,0,5946,0,0,0,2017-04-17,32402407,5988,13,0,0,0,0,0,0,0,0,5990,197,0,0,0,0,0,0,0,0
4,2017-04-17,09:00:02,930,y1709,XDCE,5990,5942,5992,174230,10405704080,870824,872344,6242,5650,5946,5944,0,5946,0,0,0,2017-04-17,32402930,5986,249,0,0,0,0,0,0,0,0,5990,186,0,0,0,0,0,0,0,0
5,2017-04-17,09:00:03,418,y1709,XDCE,5990,5942,5992,174324,10411334240,870788,872344,6242,5650,5946,5944,0,5946,0,0,0,2017-04-17,32403418,5986,252,0,0,0,0,0,0,0,0,5990,146,0,0,0,0,0,0,0,0
6,2017-04-17,09:00:03,911,y1709,XDCE,5988,5942,5992,174382,10414808040,870794,872344,6242,5650,5946,5944,0,5946,0,0,0,2017-04-17,32403911,5988,32,0,0,0,0,0,0,0,0,5990,117,0,0,0,0,0,0,0,0
7,2017-04-17,09:00:04,405,y1709,XDCE,5988,5942,5992,174684,10432897920,870880,872344,6242,5650,5946,5944,0,5946,0,0,0,2017-04-17,32404405,5988,45,0,0,0,0,0,0,0,0,5990,4,0,0,0,0,0,0,0,0
8,2017-04-17,09:00:04,930,y1709,XDCE,5992,5942,5992,174740,10436252200,870860,872344,6242,5650,5946,5944,0,5946,0,0,0,2017-04-17,32404930,5990,1,0,0,0,0,0,0,0,0,5992,246,0,0,0,0,0,0,0,0
9,2017-04-17,09:00:05,422,y1709,XDCE,5990,5942,5992,174848,10442720880,870928,872344,6242,5650,5946,5944,0,5946,0,0,0,2017-04-17,32405422,5988,72,0,0,0,0,0,0,0,0,5990,2,0,0,0,0,0,0,0,0
10,2017-04-17,09:00:05,928,y1709,XDCE,5992,5942,5994,175476,10480352600,870426,872344,6242,5650,5946,5944,0,5946,0,0,0,2017-04-17,32405928,5990,36,0,0,0,0,0,0,0,0,5992,3,0,0,0,0,0,0,0,0
11,2017-04-17,09:00:06,418,y1709,XDCE,5992,5942,5994,175638,10490059040,870408,872344,6242,5650,5946,5944,0,5946,0,0,0,2017-04-17,32406418,5992,10,0,0,0,0,0,0,0,0,5994,69,0,0,0,0,0,0,0,0
12,2017-04-17,09:00:06,904,y1709,XDCE,5994,5942,5996,175890,10505164280,870486,872344,6242,5650,5946,5944,0,5946,0,0,0,2017-04-17,32406904,5994,38,0,0,0,0,0,0,0,0,5996,160,0,0,0,0,0,0,0,0
13,2017-04-17,09:00:07,406,y1709,XDCE,5994,5942,5996,175990,10511158200,870544,872344,6242,5650,5946,5944,0,5946,0,0,0,2017-04-17,32407406,5992,66,0,0,0,0,0,0,0,0,5994,28,0,0,0,0,0,0,0,0
14,2017-04-17,09:00:07,927,y1709,XDCE,5996,5942,5996,176108,10518231640,870542,872344,6242,5650,5946,5944,0,5946,0,0,0,2017-04-17,32407927,5994,38,0,0,0,0,0,0,0,0,5996,155,0,0,0,0,0,0,0,0
15,2017-04-17,09:00:08,373,y1709,XDCE,5994,5942,5996,176322,10531062560,870426,872344,6242,5650,5946,5944,0,5946,0,0,0,2017-04-17,32408373,5994,51,0,0,0,0,0,0,0,0,5996,27,0,0,0,0,0,0,0,0
16,2017-04-17,09:00:08,907,y1709,XDCE,5996,5942,5996,176338,10532021800,870426,872344,6242,5650,5946,5944,0,5946,0,0,0,2017-04-17,32408907,5994,49,0,0,0,0,0,0,0,0,5996,20,0,0,0,0,0,0,0,0
17,2017-04-17,09:00:09,400,y1709,XDCE,5996,5942,5996,176358,10533221000,870430,872344,6242,5650,5946,5944,0,5946,0,0,0,2017-04-17,32409400,5994,64,0,0,0,0,0,0,0,0,5996,43,0,0,0,0,0,0,0,0
18,2017-04-17,09:00:09,919,y1709,XDCE,5994,5942,5996,176408,10536218560,870458,872344,6242,5650,5946,5944,0,5946,0,0,0,2017-04-17,32409919,5994,56,0,0,0,0,0,0,0,0,5996,29,0,0,0,0,0,0,0,0
19,2017-04-17,09:00:10,425,y1709,XDCE,5994,5942,5996,176424,10537177680,870462,872344,6242,5650,5946,5944,0,5946,0,0,0,2017-04-17,32410425,5994,61,0,0,0,0,0,0,0,0,5996,44,0,0,0,0,0,0,0,0
20,2017-04-17,09:00:10,912,y1709,XDCE,5996,5942,5996,176526,10543293600,870488,872344,6242,5650,5946,5944,0,5946,0,0,0,2017-04-17,32410912,5996,130,0,0,0,0,0,0,0,0,5998,218,0,0,0,0,0,0,0,0
21,2017-04-17,09:00:11,427,y1709,XDCE,5996,5942,5998,176624,10549169800,870498,872344,6242,5650,5946,5944,0,5946,0,0,0,2017-04-17,32411427,5996,149,0,0,0,0,0,0,0,0,5998,200,0,0,0,0,0,0,0,0
22,2017-04-17,09:00:11,893,y1709,XDCE,5996,5942,5998,176932,10567637920,870390,872344,6242,5650,5946,5944,0,5946,0,0,0,2017-04-17,32411893,5996,12,0,0,0,0,0,0,0,0,5998,187,0,0,0,0,0,0,0,0
23,2017-04-17,09:00:12,382,y1709,XDCE,5996,5942,5998,177010,10572314760,870436,872344,6242,5650,5946,5944,0,5946,0,0,0,2017-04-17,32412382,5996,5,0,0,0,0,0,0,0,0,5998,199,0,0,0,0,0,0,0,0
24,2017-04-17,09:00:12,926,y1709,XDCE,5998,5942,5998,177050,10574713240,870446,872344,6242,5650,5946,5944,0,5946,0,0,0,2017-04-17,32412926,5994,55,0,0,0,0,0,0,0,0,5998,196,0,0,0,0,0,0,0,0
25,2017-04-17,09:00:13,383,y1709,XDCE,5998,5942,5998,177092,10577231760,870450,872344,6242,5650,5946,5944,0,5946,0,0,0,2017-04-17,32413383,5996,2,0,0,0,0,0,0,0,0,5998,185,0,0,0,0,0,0,0,0
26,2017-04-17,09:00:13,931,y1709,XDCE,5996,5942,5998,177116,10578670840,870454,872344,6242,5650,5946,5944,0,5946,0,0,0,2017-04-17,32413931,5994,63,0,0,0,0,0,0,0,0,5996,10,0,0,0,0,0,0,0,0
27,2017-04-17,09:00:14,404,y1709,XDCE,5996,5942,5998,177132,10579630160,870448,872344,6242,5650,5946,5944,0,5946,0,0,0,2017-04-17,32414404,5994,62,0,0,0,0,0,0,0,0,5996,6,0,0,0,0,0,0,0,0
28,2017-04-17,09:00:14,917,y1709,XDCE,5998,5942,5998,177218,10584786320,870432,872344,6242,5650,5946,5944,0,5946,0,0,0,2017-04-17,32414917,5994,58,0,0,0,0,0,0,0,0,5998,175,0,0,0,0,0,0,0,0
29,2017-04-17,09:00:15,424,y1709,XDCE,5994,5942,5998,177282,10588623600,870412,872344,6242,5650,5946,5944,0,5946,0,0,0,2017-04-17,32415424,5994,32,0,0,0,0,0,0,0,0,5996,6,0,0,0,0,0,0,0,0
30,2017-04-17,09:00:15,904,y1709,XDCE,5996,5942,5998,177322,10591022200,870418,872344,6242,5650,5946,5944,0,5946,0,0,0,2017-04-17,32415904,5996,26,0,0,0,0,0,0,0,0,5998,162,0,0,0,0,0,0,0,0
31,2017-04-17,09:00:16,341,y1709,XDCE,5996,5942,5998,177336,10591861760,870408,872344,6242,5650,5946,5944,0,5946,0,0,0,2017-04-17,32416341,5996,79,0,0,0,0,0,0,0,0,5998,156,0,0,0,0,0,0,0,0
32,2017-04-17,09:00:16,893,y1709,XDCE,5996,5942,5998,177346,10592461480,870398,872344,6242,5650,5946,5944,0,5946,0,0,0,2017-04-17,32416893,5996,89,0,0,0,0,0,0,0,0,5998,154,0,0,0,0,0,0,0,0
33,2017-04-17,09:00:17,424,y1709,XDCE,5996,5942,5998,177396,10595459680,870350,872344,6242,5650,5946,5944,0,5946,0,0,0,2017-04-17,32417424,5996,84,0,0,0,0,0,0,0,0,5998,149,0,0,0,0,0,0,0,0
34,2017-04-17,09:00:17,872,y1709,XDCE,5998,5942,5998,177424,10597138760,870344,872344,6242,5650,5946,5944,0,5946,0,0,0,2017-04-17,32417872,5996,76,0,0,0,0,0,0,0,0,5998,150,0,0,0,0,0,0,0,0
35,2017-04-17,09:00:18,429,y1709,XDCE,5996,5942,5998,177538,10603975000,870332,872344,6242,5650,5946,5944,0,5946,0,0,0,2017-04-17,32418429,5996,29,0,0,0,0,0,0,0,0,5998,167,0,0,0,0,0,0,0,0
36,2017-04-17,09:00:18,926,y1709,XDCE,5994,5942,5998,177612,10608412080,870320,872344,6242,5650,5946,5944,0,5946,0,0,0,2017-04-17,32418926,5994,195,0,0,0,0,0,0,0,0,5996,39,0,0,0,0,0,0,0,0
37,2017-04-17,09:00:19,412,y1709,XDCE,5994,5942,5998,177638,10609970720,870314,872344,6242,5650,5946,5944,0,5946,0,0,0,2017-04-17,32419412,5994,189,0,0,0,0,0,0,0,0,5996,64,0,0,0,0,0,0,0,0
38,2017-04-17,09:00:19,919,y1709,XDCE,5996,5942,5998,177648,10610570320,870316,872344,6242,5650,5946,5944,0,5946,0,0,0,2017-04-17,32419919,5994,168,0,0,0,0,0,0,0,0,5996,89,0,0,0,0,0,0,0,0
39,2017-04-17,09:00:20,426,y1709,XDCE,5996,5942,5998,177696,10613447840,870304,872344,6242,5650,5946,5944,0,5946,0,0,0,2017-04-17,32420426,5994,154,0,0,0,0,0,0,0,0,5996,84,0,0,0,0,0,0,0,0
40,2017-04-17,09:00:20,930,y1709,XDCE,5996,5942,5998,177704,10613927480,870308,872344,6242,5650,5946,5944,0,5946,0,0,0,2017-04-17,32420930,5994,160,0,0,0,0,0,0,0,0,5996,92,0,0,0,0,0,0,0,0
41,2017-04-17,09:00:21,408,y1709,XDCE,5994,5942,5998,177742,10616205240,870272,872344,6242,5650,5946,5944,0,5946,0,0,0,2017-04-17,32421408,5994,142,0,0,0,0,0,0,0,0,5996,96,0,0,0,0,0,0,0,0
42,2017-04-17,09:00:21,880,y1709,XDCE,5994,5942,5998,177942,10628197040,870202,872344,6242,5650,5946,5944,0,5946,0,0,0,2017-04-17,32421880,5994,145,0,0,0,0,0,0,0,0,5996,15,0,0,0,0,0,0,0,0
43,2017-04-17,09:00:22,401,y1709,XDCE,5996,5942,5998,178082,10636592800,870242,872344,6242,5650,5946,5944,0,5946,0,0,0,2017-04-17,32422401,5994,173,0,0,0,0,0,0,0,0,5996,2,0,0,0,0,0,0,0,0
44,2017-04-17,09:00:22,912,y1709,XDCE,5994,5942,5998,178108,10638151760,870240,872344,6242,5650,5946,5944,0,5946,0,0,0,2017-04-17,32422912,5994,161,0,0,0,0,0,0,0,0,5998,162,0,0,0,0,0,0,0,0
45,2017-04-17,09:00:23,382,y1709,XDCE,5996,5942,5998,178172,10641988440,870222,872344,6242,5650,5946,5944,0,5946,0,0,0,2017-04-17,32423382,5996,20,0,0,0,0,0,0,0,0,5998,191,0,0,0,0,0,0,0,0
46,2017-04-17,09:00:23,922,y1709,XDCE,5996,5942,5998,178192,10643187640,870222,872344,6242,5650,5946,5944,0,5946,0,0,0,2017-04-17,32423922,5996,12,0,0,0,0,0,0,0,0,5998,189,0,0,0,0,0,0,0,0
47,2017-04-17,09:00:24,427,y1709,XDCE,5998,5942,5998,178222,10644987000,870196,872344,6242,5650,5946,5944,0,5946,0,0,0,2017-04-17,32424427,5996,19,0,0,0,0,0,0,0,0,5998,175,0,0,0,0,0,0,0,0
48,2017-04-17,09:00:24,887,y1709,XDCE,5996,5942,5998,178294,10649303680,870170,872344,6242,5650,5946,5944,0,5946,0,0,0,2017-04-17,32424887,5994,143,0,0,0,0,0,0,0,0,5996,3,0,0,0,0,0,0,0,0
49,2017-04-17,09:00:25,425,y1709,XDCE,5996,5942,5998,178330,10651462280,870166,872344,6242,5650,5946,5944,0,5946,0,0,0,2017-04-17,32425425,5996,3,0,0,0,0,0,0,0,0,5998,172,0,0,0,0,0,0,0,0
50,2017-04-17,09:00:25,927,y1709,XDCE,5998,5942,5998,178346,10652421720,870164,872344,6242,5650,5946,5944,0,5946,0,0,0,2017-04-17,32425927,5996,304,0,0,0,0,0,0,0,0,5998,155,0,0,0,0,0,0,0,0
51,2017-04-17,09:00:26,425,y1709,XDCE,5996,5942,5998,178402,10655779640,870124,872344,6242,5650,5946,5944,0,5946,0,0,0,2017-04-17,32426425,5996,282,0,0,0,0,0,0,0,0,5998,125,0,0,0,0,0,0,0,0
52,2017-04-17,09:00:26,815,y1709,XDCE,5998,5942,5998,178428,10657338720,870110,872344,6242,5650,5946,5944,0,5946,0,0,0,2017-04-17,32426815,5996,273,0,0,0,0,0,0,0,0,5998,123,0,0,0,0,0,0,0,0
53,2017-04-17,09:00:27,421,y1709,XDCE,5998,5942,5998,178488,10660937520,870134,872344,6242,5650,5946,5944,0,5946,0,0,0,2017-04-17,32427421,5996,275,0,0,0,0,0,0,0,0,5998,93,0,0,0,0,0,0,0,0
54,2017-04-17,09:00:27,896,y1709,XDCE,5996,5942,5998,178518,10662736880,870142,872344,6242,5650,5946,5944,0,5946,0,0,0,2017-04-17,32427896,5996,274,0,0,0,0,0,0,0,0,5998,80,0,0,0,0,0,0,0,0
55,2017-04-17,09:00:28,403,y1709,XDCE,5998,5942,5998,178632,10669574560,870148,872344,6242,5650,5946,5944,0,5946,0,0,0,2017-04-17,32428403,5996,263,0,0,0,0,0,0,0,0,6000,1025,0,0,0,0,0,0,0,0
56,2017-04-17,09:00:28,877,y1709,XDCE,5996,5942,5998,178652,10670773760,870128,872344,6242,5650,5946,5944,0,5946,0,0,0,2017-04-17,32428877,5996,253,0,0,0,0,0,0,0,0,5998,35,0,0,0,0,0,0,0,0
57,2017-04-17,09:00:29,374,y1709,XDCE,5998,5942,5998,178684,10672692840,870134,872344,6242,5650,5946,5944,0,5946,0,0,0,2017-04-17,32429374,5996,247,0,0,0,0,0,0,0,0,5998,38,0,0,0,0,0,0,0,0
58,2017-04-17,09:00:29,927,y1709,XDCE,5998,5942,5998,178866,10683609120,870178,872344,6242,5650,5946,5944,0,5946,0,0,0,2017-04-17,32429927,5998,61,0,0,0,0,0,0,0,0,6000,1095,0,0,0,0,0,0,0,0
59,2017-04-17,09:00:30,384,y1709,XDCE,6000,5942,6000,178932,10687567880,870196,872344,6242,5650,5946,5944,0,5946,0,0,0,2017-04-17,32430384,5998,34,0,0,0,0,0,0,0,0,6000,1098,0,0,0,0,0,0,0,0
60,2017-04-17,09:00:30,929,y1709,XDCE,6000,5942,6000,180036,10753759200,870450,872344,6242,5650,5946,5944,0,5946,0,0,0,2017-04-17,32430929,5992,123,0,0,0,0,0,0,0,0,6000,1067,0,0,0,0,0,0,0,0
61,2017-04-17,09:00:31,428,y1709,XDCE,5998,5942,6000,180166,10761555840,870500,872344,6242,5650,5946,5944,0,5946,0,0,0,2017-04-17,32431428,5996,6,0,0,0,0,0,0,0,0,5998,81,0,0,0,0,0,0,0,0
62,2017-04-17,09:00:31,921,y1709,XDCE,5998,5942,6000,180310,10770192800,870528,872344,6242,5650,5946,5944,0,5946,0,0,0,2017-04-17,32431921,5996,68,0,0,0,0,0,0,0,0,6000,1077,0,0,0,0,0,0,0,0
63,2017-04-17,09:00:32,415,y1709,XDCE,5998,5942,6000,180428,10777269240,870538,872344,6242,5650,5946,5944,0,5946,0,0,0,2017-04-17,32432415,5996,32,0,0,0,0,0,0,0,0,5998,18,0,0,0,0,0,0,0,0
64,2017-04-17,09:00:32,929,y1709,XDCE,5998,5942,6000,180442,10778108920,870542,872344,6242,5650,5946,5944,0,5946,0,0,0,2017-04-17,32432929,5996,49,0,0,0,0,0,0,0,0,5998,29,0,0,0,0,0,0,0,0
65,2017-04-17,09:00:33,426,y1709,XDCE,5998,5942,6000,180506,10781947440,870570,872344,6242,5650,5946,5944,0,5946,0,0,0,2017-04-17,32433426,5996,84,0,0,0,0,0,0,0,0,5998,70,0,0,0,0,0,0,0,0
66,2017-04-17,09:00:33,876,y1709,XDCE,5998,5942,6000,180968,10809664120,870514,872344,6242,5650,5946,5944,0,5946,0,0,0,2017-04-17,32433876,5996,88,0,0,0,0,0,0,0,0,5998,6,0,0,0,0,0,0,0,0
67,2017-04-17,09:00:34,414,y1709,XDCE,5998,5942,6000,181002,10811703320,870510,872344,6242,5650,5946,5944,0,5946,0,0,0,2017-04-17,32434414,5998,3,0,0,0,0,0,0,0,0,6000,863,0,0,0,0,0,0,0,0
68,2017-04-17,09:00:34,924,y1709,XDCE,5998,5942,6000,181044,10814222520,870480,872344,6242,5650,5946,5944,0,5946,0,0,0,2017-04-17,32434924,5998,11,0,0,0,0,0,0,0,0,6000,857,0,0,0,0,0,0,0,0
69,2017-04-17,09:00:35,421,y1709,XDCE,5998,5942,6000,181078,10816261840,870466,872344,6242,5650,5946,5944,0,5946,0,0,0,2017-04-17,32435421,5996,152,0,0,0,0,0,0,0,0,6000,843,0,0,0,0,0,0,0,0
70,2017-04-17,09:00:35,920,y1709,XDCE,6000,5942,6000,181170,10821781760,870530,872344,6242,5650,5946,5944,0,5946,0,0,0,2017-04-17,32435920,5998,21,0,0,0,0,0,0,0,0,6000,810,0,0,0,0,0,0,0,0
71,2017-04-17,09:00:36,417,y1709,XDCE,6000,5942,6000,181190,10822981640,870540,872344,6242,5650,5946,5944,0,5946,0,0,0,2017-04-17,32436417,5998,31,0,0,0,0,0,0,0,0,6000,803,0,0,0,0,0,0,0,0
72,2017-04-17,09:00:36,908,y1709,XDCE,6000,5942,6000,181220,10824781640,870570,872344,6242,5650,5946,5944,0,5946,0,0,0,2017-04-17,32436908,5998,117,0,0,0,0,0,0,0,0,6000,789,0,0,0,0,0,0,0,0
73,2017-04-17,09:00:37,428,y1709,XDCE,5998,5942,6000,181240,10825981520,870574,872344,6242,5650,5946,5944,0,5946,0,0,0,2017-04-17,32437428,5998,132,0,0,0,0,0,0,0,0,6000,780,0,0,0,0,0,0,0,0
74,2017-04-17,09:00:37,890,y1709,XDCE,5998,5942,6000,181590,10846981120,870908,872344,6242,5650,5946,5944,0,5946,0,0,0,2017-04-17,32437890,5998,123,0,0,0,0,0,0,0,0,6000,616,0,0,0,0,0,0,0,0
75,2017-04-17,09:00:38,430,y1709,XDCE,5998,5942,6000,181754,10856821040,871028,872344,6242,5650,5946,5944,0,5946,0,0,0,2017-04-17,32438430,5998,120,0,0,0,0,0,0,0,0,6000,536,0,0,0,0,0,0,0,0
76,2017-04-17,09:00:38,923,y1709,XDCE,6000,5942,6000,181930,10867380720,871002,872344,6242,5650,5946,5944,0,5946,0,0,0,2017-04-17,32438923,5998,151,0,0,0,0,0,0,0,0,6000,466,0,0,0,0,0,0,0,0
77,2017-04-17,09:00:39,331,y1709,XDCE,5998,5942,6000,181966,10869540560,870986,872344,6242,5650,5946,5944,0,5946,0,0,0,2017-04-17,32439331,5998,162,0,0,0,0,0,0,0,0,6000,452,0,0,0,0,0,0,0,0
78,2017-04-17,09:00:39,928,y1709,XDCE,6000,5942,6000,182548,10904460480,871092,872344,6242,5650,5946,5944,0,5946,0,0,0,2017-04-17,32439928,5998,373,0,0,0,0,0,0,0,0,6000,187,0,0,0,0,0,0,0,0
79,2017-04-17,09:00:40,367,y1709,XDCE,6000,5942,6000,182746,10916340440,871054,872344,6242,5650,5946,5944,0,5946,0,0,0,2017-04-17,32440367,5998,355,0,0,0,0,0,0,0,0,6000,89,0,0,0,0,0,0,0,0
80,2017-04-17,09:00:40,899,y1709,XDCE,6000,5942,6000,182922,10926900320,871038,872344,6242,5650,5946,5944,0,5946,0,0,0,2017-04-17,32440899,5998,371,0,0,0,0,0,0,0,0,6002,70,0,0,0,0,0,0,0,0
81,2017-04-17,09:00:41,409,y1709,XDCE,6000,5942,6002,183004,10931820600,871018,872344,6242,5650,5946,5944,0,5946,0,0,0,2017-04-17,32441409,6000,6,0,0,0,0,0,0,0,0,6002,75,0,0,0,0,0,0,0,0
82,2017-04-17,09:00:41,923,y1709,XDCE,6000,5942,6002,183160,10941183600,870936,872344,6242,5650,5946,5944,0,5946,0,0,0,2017-04-17,32441923,6000,58,0,0,0,0,0,0,0,0,6002,10,0,0,0,0,0,0,0,0
83,2017-04-17,09:00:42,431,y1709,XDCE,6002,5942,6002,183176,10942143840,870940,872344,6242,5650,5946,5944,0,5946,0,0,0,2017-04-17,32442431,6000,45,0,0,0,0,0,0,0,0,6002,50,0,0,0,0,0,0,0,0
84,2017-04-17,09:00:42,930,y1709,XDCE,6004,5942,6004,183734,10975633840,871188,872344,6242,5650,5946,5944,0,5946,0,0,0,2017-04-17,32442930,6000,39,0,0,0,0,0,0,0,0,6004,171,0,0,0,0,0,0,0,0
85,2017-04-17,09:00:43,428,y1709,XDCE,6004,5942,6004,183862,10983318680,871128,872344,6242,5650,5946,5944,0,5946,0,0,0,2017-04-17,32443428,6002,99,0,0,0,0,0,0,0,0,6004,102,0,0,0,0,0,0,0,0
86,2017-04-17,09:00:43,899,y1709,XDCE,6004,5942,6004,183938,10987881280,871120,872344,6242,5650,5946,5944,0,5946,0,0,0,2017-04-17,32443899,6002,132,0,0,0,0,0,0,0,0,6004,75,0,0,0,0,0,0,0,0
87,2017-04-17,09:00:44,409,y1709,XDCE,6002,5942,6004,184106,10997967400,871208,872344,6242,5650,5946,5944,0,5946,0,0,0,2017-04-17,32444409,6002,61,0,0,0,0,0,0,0,0,6004,50,0,0,0,0,0,0,0,0
88,2017-04-17,09:00:44,895,y1709,XDCE,6004,5942,6004,184130,10999408280,871206,872344,6242,5650,5946,5944,0,5946,0,0,0,2017-04-17,32444895,6002,69,0,0,0,0,0,0,0,0,6004,57,0,0,0,0,0,0,0,0
89,2017-04-17,09:00:45,412,y1709,XDCE,6002,5942,6004,184142,11000128560,871202,872344,6242,5650,5946,5944,0,5946,0,0,0,2017-04-17,32445412,6002,66,0,0,0,0,0,0,0,0,6004,99,0,0,0,0,0,0,0,0
90,2017-04-17,09:00:45,926,y1709,XDCE,6004,5942,6004,184148,11000488800,871202,872344,6242,5650,5946,5944,0,5946,0,0,0,2017-04-17,32445926,6002,66,0,0,0,0,0,0,0,0,6004,100,0,0,0,0,0,0,0,0
91,2017-04-17,09:00:46,423,y1709,XDCE,6004,5942,6004,184192,11003130440,871204,872344,6242,5650,5946,5944,0,5946,0,0,0,2017-04-17,32446423,6002,47,0,0,0,0,0,0,0,0,6004,91,0,0,0,0,0,0,0,0
92,2017-04-17,09:00:46,921,y1709,XDCE,6002,5942,6004,184248,11006491600,871208,872344,6242,5650,5946,5944,0,5946,0,0,0,2017-04-17,32446921,6002,31,0,0,0,0,0,0,0,0,6004,91,0,0,0,0,0,0,0,0
93,2017-04-17,09:00:47,381,y1709,XDCE,6004,5942,6004,184290,11009013080,871244,872344,6242,5650,5946,5944,0,5946,0,0,0,2017-04-17,32447381,6002,28,0,0,0,0,0,0,0,0,6004,79,0,0,0,0,0,0,0,0
94,2017-04-17,09:00:47,926,y1709,XDCE,6004,5942,6004,184300,11009613440,871252,872344,6242,5650,5946,5944,0,5946,0,0,0,2017-04-17,32447926,6002,35,0,0,0,0,0,0,0,0,6004,78,0,0,0,0,0,0,0,0
95,2017-04-17,09:00:48,428,y1709,XDCE,6002,5942,6004,184302,11009733480,871252,872344,6242,5650,5946,5944,0,5946,0,0,0,2017-04-17,32448428,6002,65,0,0,0,0,0,0,0,0,6004,78,0,0,0,0,0,0,0,0
96,2017-04-17,09:00:48,871,y1709,XDCE,6004,5942,6004,184318,11010693920,871250,872344,6242,5650,5946,5944,0,5946,0,0,0,2017-04-17,32448871,6002,83,0,0,0,0,0,0,0,0,6004,95,0,0,0,0,0,0,0,0
97,2017-04-17,09:00:49,371,y1709,XDCE,6004,5942,6004,184380,11014415240,871238,872344,6242,5650,5946,5944,0,5946,0,0,0,2017-04-17,32449371,6002,36,0,0,0,0,0,0,0,0,6004,104,0,0,0,0,0,0,0,0
98,2017-04-17,09:00:49,910,y1709,XDCE,6004,5942,6004,184386,11014775480,871236,872344,6242,5650,5946,5944,0,5946,0,0,0,2017-04-17,32449910,6002,64,0,0,0,0,0,0,0,0,6004,93,0,0,0,0,0,0,0,0
99,2017-04-17,09:00:50,389,y1709,XDCE,6004,5942,6004,184428,11017296800,871246,872344,6242,5650,5946,5944,0,5946,0,0,0,2017-04-17,32450389,6002,76,0,0,0,0,0,0,0,0,6004,84,0,0,0,0,0,0,0,0
100,2017-04-17,09:00:50,903,y1709,XDCE,6004,5942,6004,184442,11018137320,871246,872344,6242,5650,5946,5944,0,5946,0,0,0,2017-04-17,32450903,6002,75,0,0,0,0,0,0,0,0,6004,78,0,0,0,0,0,0,0,0
101,2017-04-17,09:00:51,430,y1709,XDCE,6002,5942,6004,184456,11018977640,871246,872344,6242,5650,5946,5944,0,5946,0,0,0,2017-04-17,32451430,6002,71,0,0,0,0,0,0,0,0,6004,99,0,0,0,0,0,0,0,0
102,2017-04-17,09:00:51,926,y1709,XDCE,6004,5942,6004,184478,11020298440,871246,872344,6242,5650,5946,5944,0,5946,0,0,0,2017-04-17,32451926,6002,90,0,0,0,0,0,0,0,0,6004,102,0,0,0,0,0,0,0,0
103,2017-04-17,09:00:52,395,y1709,XDCE,6004,5942,6004,184602,11027743320,871258,872344,6242,5650,5946,5944,0,5946,0,0,0,2017-04-17,32452395,6002,117,0,0,0,0,0,0,0,0,6004,27,0,0,0,0,0,0,0,0
104,2017-04-17,09:00:52,914,y1709,XDCE,6004,5942,6004,184676,11032186280,871272,872344,6242,5650,5946,5944,0,5946,0,0,0,2017-04-17,32452914,6004,77,0,0,0,0,0,0,0,0,6006,163,0,0,0,0,0,0,0,0
105,2017-04-17,09:00:53,421,y1709,XDCE,6006,5942,6006,184904,11045879800,871198,872344,6242,5650,5946,5944,0,5946,0,0,0,2017-04-17,32453421,6004,87,0,0,0,0,0,0,0,0,6006,45,0,0,0,0,0,0,0,0
106,2017-04-17,09:00:53,928,y1709,XDCE,6004,5942,6006,184986,11050803920,871204,872344,6242,5650,5946,5944,0,5946,0,0,0,2017-04-17,32453928,6004,96,0,0,0,0,0,0,0,0,6006,25,0,0,0,0,0,0,0,0
107,2017-04-17,09:00:54,427,y1709,XDCE,6006,5942,6006,185042,11054167240,871220,872344,6242,5650,5946,5944,0,5946,0,0,0,2017-04-17,32454427,6006,28,0,0,0,0,0,0,0,0,6008,177,0,0,0,0,0,0,0,0
108,2017-04-17,09:00:54,927,y1709,XDCE,6004,5942,6006,185216,11064617040,871234,872344,6242,5650,5946,5944,0,5946,0,0,0,2017-04-17,32454927,6004,59,0,0,0,0,0,0,0,0,6006,48,0,0,0,0,0,0,0,0
109,2017-04-17,09:00:55,400,y1709,XDCE,6006,5942,6006,185352,11072784440,871292,872344,6242,5650,5946,5944,0,5946,0,0,0,2017-04-17,32455400,6004,72,0,0,0,0,0,0,0,0,6006,17,0,0,0,0,0,0,0,0
110,2017-04-17,09:00:55,926,y1709,XDCE,6006,5942,6006,185362,11073384880,871286,872344,6242,5650,5946,5944,0,5946,0,0,0,2017-04-17,32455926,6004,41,0,0,0,0,0,0,0,0,6006,78,0,0,0,0,0,0,0,0
111,2017-04-17,09:00:56,416,y1709,XDCE,6006,5942,6006,185400,11075666680,871280,872344,6242,5650,5946,5944,0,5946,0,0,0,2017-04-17,32456416,6004,39,0,0,0,0,0,0,0,0,6006,94,0,0,0,0,0,0,0,0
112,2017-04-17,09:00:56,923,y1709,XDCE,6004,5942,6006,185466,11079629320,871248,872344,6242,5650,5946,5944,0,5946,0,0,0,2017-04-17,32456923,6002,112,0,0,0,0,0,0,0,0,6004,4,0,0,0,0,0,0,0,0
113,2017-04-17,09:00:57,426,y1709,XDCE,6004,5942,6006,185480,11080469920,871248,872344,6242,5650,5946,5944,0,5946,0,0,0,2017-04-17,32457426,6002,104,0,0,0,0,0,0,0,0,6004,114,0,0,0,0,0,0,0,0
114,2017-04-17,09:00:57,901,y1709,XDCE,6004,5942,6006,185488,11080950240,871248,872344,6242,5650,5946,5944,0,5946,0,0,0,2017-04-17,32457901,6002,95,0,0,0,0,0,0,0,0,6004,128,0,0,0,0,0,0,0,0
115,2017-04-17,09:00:58,396,y1709,XDCE,6002,5942,6006,185568,11085752200,871196,872344,6242,5650,5946,5944,0,5946,0,0,0,2017-04-17,32458396,6002,64,0,0,0,0,0,0,0,0,6004,136,0,0,0,0,0,0,0,0
116,2017-04-17,09:00:58,925,y1709,XDCE,6002,5942,6006,185628,11089354320,871196,872344,6242,5650,5946,5944,0,5946,0,0,0,2017-04-17,32458925,6002,23,0,0,0,0,0,0,0,0,6004,129,0,0,0,0,0,0,0,0
117,2017-04-17,09:00:59,430,y1709,XDCE,6002,5942,6006,185692,11093195680,871206,872344,6242,5650,5946,5944,0,5946,0,0,0,2017-04-17,32459430,6000,103,0,0,0,0,0,0,0,0,6002,1,0,0,0,0,0,0,0,0
118,2017-04-17,09:00:59,925,y1709,XDCE,6004,5942,6006,185810,11100280160,871216,872344,6242,5650,5946,5944,0,5946,0,0,0,2017-04-17,32459925,6002,26,0,0,0,0,0,0,0,0,6004,135,0,0,0,0,0,0,0,0
119,2017-04-17,09:01:00,430,y1709,XDCE,6002,5942,6006,185838,11101960760,871218,872344,6242,5650,5946,5944,0,5946,0,0,0,2017-04-17,32460430,6002,84,0,0,0,0,0,0,0,0,6004,156,0,0,0,0,0,0,0,0
120,2017-04-17,09:01:00,913,y1709,XDCE,6002,5942,6006,185990,11111085760,871226,872344,6242,5650,5946,5944,0,5946,0,0,0,2017-04-17,32460913,6002,51,0,0,0,0,0,0,0,0,6004,110,0,0,0,0,0,0,0,0
121,2017-04-17,09:01:01,389,y1709,XDCE,6002,5942,6006,185998,11111565920,871218,872344,6242,5650,5946,5944,0,5946,0,0,0,2017-04-17,32461389,6002,60,0,0,0,0,0,0,0,0,6004,121,0,0,0,0,0,0,0,0
122,2017-04-17,09:01:01,926,y1709,XDCE,6002,5942,6006,186220,11124892640,871076,872344,6242,5650,5946,5944,0,5946,0,0,0,2017-04-17,32461926,6002,61,0,0,0,0,0,0,0,0,6004,83,0,0,0,0,0,0,0,0
123,2017-04-17,09:01:02,422,y1709,XDCE,6002,5942,6006,186228,11125372880,871074,872344,6242,5650,5946,5944,0,5946,0,0,0,2017-04-17,32462422,6002,56,0,0,0,0,0,0,0,0,6004,101,0,0,0,0,0,0,0,0
124,2017-04-17,09:01:02,927,y1709,XDCE,6002,5942,6006,186258,11127173960,871048,872344,6242,5650,5946,5944,0,5946,0,0,0,2017-04-17,32462927,6002,104,0,0,0,0,0,0,0,0,6004,91,0,0,0,0,0,0,0,0
125,2017-04-17,09:01:03,406,y1709,XDCE,6004,5942,6006,186272,11128014320,871042,872344,6242,5650,5946,5944,0,5946,0,0,0,2017-04-17,32463406,6002,110,0,0,0,0,0,0,0,0,6004,79,0,0,0,0,0,0,0,0
126,2017-04-17,09:01:03,893,y1709,XDCE,6002,5942,6006,186498,11141578960,870956,872344,6242,5650,5946,5944,0,5946,0,0,0,2017-04-17,32463893,6000,132,0,0,0,0,0,0,0,0,6004,121,0,0,0,0,0,0,0,0
127,2017-04-17,09:01:04,425,y1709,XDCE,6002,5942,6006,186660,11151302000,871040,872344,6242,5650,5946,5944,0,5946,0,0,0,2017-04-17,32464425,6000,111,0,0,0,0,0,0,0,0,6002,5,0,0,0,0,0,0,0,0
128,2017-04-17,09:01:04,908,y1709,XDCE,6002,5942,6006,186676,11152262320,871038,872344,6242,5650,5946,5944,0,5946,0,0,0,2017-04-17,32464908,6000,125,0,0,0,0,0,0,0,0,6002,37,0,0,0,0,0,0,0,0
129,2017-04-17,09:01:05,417,y1709,XDCE,6002,5942,6006,186686,11152862520,871038,872344,6242,5650,5946,5944,0,5946,0,0,0,2017-04-17,32465417,6000,129,0,0,0,0,0,0,0,0,6002,51,0,0,0,0,0,0,0,0
130,2017-04-17,09:01:05,931,y1709,XDCE,6000,5942,6006,186704,11153942720,871032,872344,6242,5650,5946,5944,0,5946,0,0,0,2017-04-17,32465931,6000,122,0,0,0,0,0,0,0,0,6002,195,0,0,0,0,0,0,0,0
131,2017-04-17,09:01:06,398,y1709,XDCE,6000,5942,6006,186862,11163422760,871098,872344,6242,5650,5946,5944,0,5946,0,0,0,2017-04-17,32466398,5998,344,0,0,0,0,0,0,0,0,6000,113,0,0,0,0,0,0,0,0
132,2017-04-17,09:01:06,927,y1709,XDCE,6000,5942,6006,186864,11163542760,871096,872344,6242,5650,5946,5944,0,5946,0,0,0,2017-04-17,32466927,5998,326,0,0,0,0,0,0,0,0,6000,158,0,0,0,0,0,0,0,0
133,2017-04-17,09:01:07,414,y1709,XDCE,5998,5942,6006,186876,11164262680,871100,872344,6242,5650,5946,5944,0,5946,0,0,0,2017-04-17,32467414,5998,310,0,0,0,0,0,0,0,0,6000,231,0,0,0,0,0,0,0,0
134,2017-04-17,09:01:07,917,y1709,XDCE,6000,5942,6006,186880,11164502640,871102,872344,6242,5650,5946,5944,0,5946,0,0,0,2017-04-17,32467917,5998,303,0,0,0,0,0,0,0,0,6000,287,0,0,0,0,0,0,0,0
135,2017-04-17,09:01:08,374,y1709,XDCE,5998,5942,6006,186884,11164742600,871102,872344,6242,5650,5946,5944,0,5946,0,0,0,2017-04-17,32468374,5998,303,0,0,0,0,0,0,0,0,6000,294,0,0,0,0,0,0,0,0
136,2017-04-17,09:01:08,930,y1709,XDCE,5998,5942,6006,186948,11168581320,871160,872344,6242,5650,5946,5944,0,5946,0,0,0,2017-04-17,32468930,5998,274,0,0,0,0,0,0,0,0,6000,289,0,0,0,0,0,0,0,0
137,2017-04-17,09:01:09,430,y1709,XDCE,5998,5942,6006,186988,11170980560,871154,872344,6242,5650,5946,5944,0,5946,0,0,0,2017-04-17,32469430,5998,269,0,0,0,0,0,0,0,0,6000,310,0,0,0,0,0,0,0,0
138,2017-04-17,09:01:09,931,y1709,XDCE,5996,5942,6006,187546,11204449040,870914,872344,6242,5650,5946,5944,0,5946,0,0,0,2017-04-17,32469931,5996,63,0,0,0,0,0,0,0,0,5998,160,0,0,0,0,0,0,0,0
139,2017-04-17,09:01:10,375,y1709,XDCE,5998,5942,6006,187578,11206367840,870932,872344,6242,5650,5946,5944,0,5946,0,0,0,2017-04-17,32470375,5996,41,0,0,0,0,0,0,0,0,5998,108,0,0,0,0,0,0,0,0
140,2017-04-17,09:01:10,926,y1709,XDCE,5998,5942,6006,187692,11213203600,870918,872344,6242,5650,5946,5944,0,5946,0,0,0,2017-04-17,32470926,5996,9,0,0,0,0,0,0,0,0,5998,61,0,0,0,0,0,0,0,0
141,2017-04-17,09:01:11,373,y1709,XDCE,5996,5942,6006,187716,11214642720,870916,872344,6242,5650,5946,5944,0,5946,0,0,0,2017-04-17,32471373,5996,3,0,0,0,0,0,0,0,0,5998,70,0,0,0,0,0,0,0,0
142,2017-04-17,09:01:11,917,y1709,XDCE,5996,5942,6006,187716,11214642720,870916,872344,6242,5650,5946,5944,0,5946,0,0,0,2017-04-17,32471917,5996,23,0,0,0,0,0,0,0,0,5998,92,0,0,0,0,0,0,0,0
143,2017-04-17,09:01:12,399,y1709,XDCE,5996,5942,6006,187716,11214642720,870916,872344,6242,5650,5946,5944,0,5946,0,0,0,2017-04-17,32472399,5996,76,0,0,0,0,0,0,0,0,5998,92,0,0,0,0,0,0,0,0
144,2017-04-17,09:01:12,930,y1709,XDCE,5998,5942,6006,187778,11218360720,870926,872344,6242,5650,5946,5944,0,5946,0,0,0,2017-04-17,32472930,5996,59,0,0,0,0,0,0,0,0,5998,104,0,0,0,0,0,0,0,0
145,2017-04-17,09:01:13,420,y1709,XDCE,5996,5942,6006,187790,11219080320,870932,872344,6242,5650,5946,5944,0,5946,0,0,0,2017-04-17,32473420,5996,64,0,0,0,0,0,0,0,0,5998,218,0,0,0,0,0,0,0,0
146,2017-04-17,09:01:13,926,y1709,XDCE,5998,5942,6006,187798,11219560160,870938,872344,6242,5650,5946,5944,0,5946,0,0,0,2017-04-17,32473926,5996,54,0,0,0,0,0,0,0,0,5998,217,0,0,0,0,0,0,0,0
147,2017-04-17,09:01:14,364,y1709,XDCE,5996,5942,6006,187802,11219800040,870940,872344,6242,5650,5946,5944,0,5946,0,0,0,2017-04-17,32474364,5996,54,0,0,0,0,0,0,0,0,5998,218,0,0,0,0,0,0,0,0
148,2017-04-17,09:01:14,919,y1709,XDCE,5998,5942,6006,187820,11220879520,870942,872344,6242,5650,5946,5944,0,5946,0,0,0,2017-04-17,32474919,5996,52,0,0,0,0,0,0,0,0,5998,214,0,0,0,0,0,0,0,0
149,2017-04-17,09:01:15,311,y1709,XDCE,5998,5942,6006,187868,11223758520,870974,872344,6242,5650,5946,5944,0,5946,0,0,0,2017-04-17,32475311,5996,56,0,0,0,0,0,0,0,0,5998,201,0,0,0,0,0,0,0,0
150,2017-04-17,09:01:15,919,y1709,XDCE,5996,5942,6006,187916,11226636600,870930,872344,6242,5650,5946,5944,0,5946,0,0,0,2017-04-17,32475919,5996,33,0,0,0,0,0,0,0,0,5998,202,0,0,0,0,0,0,0,0
151,2017-04-17,09:01:16,427,y1709,XDCE,5998,5942,6006,187924,11227116440,870932,872344,6242,5650,5946,5944,0,5946,0,0,0,2017-04-17,32476427,5996,36,0,0,0,0,0,0,0,0,5998,203,0,0,0,0,0,0,0,0
152,2017-04-17,09:01:16,882,y1709,XDCE,5996,5942,6006,187964,11229514840,870918,872344,6242,5650,5946,5944,0,5946,0,0,0,2017-04-17,32476882,5996,18,0,0,0,0,0,0,0,0,5998,203,0,0,0,0,0,0,0,0
153,2017-04-17,09:01:17,425,y1709,XDCE,5996,5942,6006,187976,11230234440,870916,872344,6242,5650,5946,5944,0,5946,0,0,0,2017-04-17,32477425,5996,18,0,0,0,0,0,0,0,0,5998,209,0,0,0,0,0,0,0,0
154,2017-04-17,09:01:17,909,y1709,XDCE,5998,5942,6006,188034,11233712160,870908,872344,6242,5650,5946,5944,0,5946,0,0,0,2017-04-17,32477909,5996,42,0,0,0,0,0,0,0,0,5998,214,0,0,0,0,0,0,0,0
155,2017-04-17,09:01:18,360,y1709,XDCE,5998,5942,6006,188058,11235151680,870926,872344,6242,5650,5946,5944,0,5946,0,0,0,2017-04-17,32478360,5996,44,0,0,0,0,0,0,0,0,5998,205,0,0,0,0,0,0,0,0
156,2017-04-17,09:01:18,868,y1709,XDCE,5996,5942,6006,188156,11241028440,870920,872344,6242,5650,5946,5944,0,5946,0,0,0,2017-04-17,32478868,5996,12,0,0,0,0,0,0,0,0,5998,168,0,0,0,0,0,0,0,0
157,2017-04-17,09:01:19,418,y1709,XDCE,5996,5942,6006,188162,11241388200,870920,872344,6242,5650,5946,5944,0,5946,0,0,0,2017-04-17,32479418,5996,26,0,0,0,0,0,0,0,0,5998,175,0,0,0,0,0,0,0,0
158,2017-04-17,09:01:19,905,y1709,XDCE,5996,5942,6006,188240,11246065080,870932,872344,6242,5650,5946,5944,0,5946,0,0,0,2017-04-17,32479905,5994,138,0,0,0,0,0,0,0,0,5996,118,0,0,0,0,0,0,0,0
159,2017-04-17,09:01:20,406,y1709,XDCE,5994,5942,6006,188260,11247263920,870934,872344,6242,5650,5946,5944,0,5946,0,0,0,2017-04-17,32480406,5994,77,0,0,0,0,0,0,0,0,5996,118,0,0,0,0,0,0,0,0
160,2017-04-17,09:01:20,884,y1709,XDCE,5996,5942,6006,188300,11249662280,870964,872344,6242,5650,5946,5944,0,5946,0,0,0,2017-04-17,32480884,5994,60,0,0,0,0,0,0,0,0,5996,132,0,0,0,0,0,0,0,0
161,2017-04-17,09:01:21,384,y1709,XDCE,5996,5942,6006,188302,11249782200,870966,872344,6242,5650,5946,5944,0,5946,0,0,0,2017-04-17,32481384,5994,60,0,0,0,0,0,0,0,0,5996,139,0,0,0,0,0,0,0,0
162,2017-04-17,09:01:21,891,y1709,XDCE,5996,5942,6006,188326,11251221160,870976,872344,6242,5650,5946,5944,0,5946,0,0,0,2017-04-17,32481891,5994,59,0,0,0,0,0,0,0,0,5996,131,0,0,0,0,0,0,0,0
163,2017-04-17,09:01:22,425,y1709,XDCE,5994,5942,6006,188328,11251341040,870978,872344,6242,5650,5946,5944,0,5946,0,0,0,2017-04-17,32482425,5994,80,0,0,0,0,0,0,0,0,5996,145,0,0,0,0,0,0,0,0
164,2017-04-17,09:01:22,925,y1709,XDCE,5994,5942,6006,188514,11262493560,871130,872344,6242,5650,5946,5944,0,5946,0,0,0,2017-04-17,32482925,5994,108,0,0,0,0,0,0,0,0,5996,33,0,0,0,0,0,0,0,0
165,2017-04-17,09:01:23,369,y1709,XDCE,5996,5942,6006,188610,11268249720,871076,872344,6242,5650,5946,5944,0,5946,0,0,0,2017-04-17,32483369,5996,9,0,0,0,0,0,0,0,0,5998,184,0,0,0,0,0,0,0,0
166,2017-04-17,09:01:23,930,y1709,XDCE,5996,5942,6006,188616,11268609520,871080,872344,6242,5650,5946,5944,0,5946,0,0,0,2017-04-17,32483930,5996,31,0,0,0,0,0,0,0,0,5998,192,0,0,0,0,0,0,0,0
167,2017-04-17,09:01:24,413,y1709,XDCE,5996,5942,6006,188656,11271007880,871104,872344,6242,5650,5946,5944,0,5946,0,0,0,2017-04-17,32484413,5994,127,0,0,0,0,0,0,0,0,5996,24,0,0,0,0,0,0,0,0
168,2017-04-17,09:01:24,914,y1709,XDCE,5996,5942,6006,188660,11271247720,871108,872344,6242,5650,5946,5944,0,5946,0,0,0,2017-04-17,32484914,5994,112,0,0,0,0,0,0,0,0,5996,57,0,0,0,0,0,0,0,0
169,2017-04-17,09:01:25,371,y1709,XDCE,5996,5942,6006,188664,11271487520,871110,872344,6242,5650,5946,5944,0,5946,0,0,0,2017-04-17,32485371,5994,111,0,0,0,0,0,0,0,0,5996,69,0,0,0,0,0,0,0,0
170,2017-04-17,09:01:25,878,y1709,XDCE,5994,5942,6006,188684,11272686680,871110,872344,6242,5650,5946,5944,0,5946,0,0,0,2017-04-17,32485878,5994,110,0,0,0,0,0,0,0,0,5996,63,0,0,0,0,0,0,0,0
171,2017-04-17,09:01:26,403,y1709,XDCE,5996,5942,6006,188716,11274604840,871120,872344,6242,5650,5946,5944,0,5946,0,0,0,2017-04-17,32486403,5994,106,0,0,0,0,0,0,0,0,5996,61,0,0,0,0,0,0,0,0
172,2017-04-17,09:01:26,830,y1709,XDCE,5996,5942,6006,188718,11274724760,871120,872344,6242,5650,5946,5944,0,5946,0,0,0,2017-04-17,32486830,5994,106,0,0,0,0,0,0,0,0,5996,55,0,0,0,0,0,0,0,0
173,2017-04-17,09:01:27,423,y1709,XDCE,5994,5942,6006,188728,11275324240,871118,872344,6242,5650,5946,5944,0,5946,0,0,0,2017-04-17,32487423,5994,103,0,0,0,0,0,0,0,0,5996,55,0,0,0,0,0,0,0,0
174,2017-04-17,09:01:27,923,y1709,XDCE,5994,5942,6006,188736,11275803840,871114,872344,6242,5650,5946,5944,0,5946,0,0,0,2017-04-17,32487923,5994,109,0,0,0,0,0,0,0,0,5996,56,0,0,0,0,0,0,0,0
175,2017-04-17,09:01:28,381,y1709,XDCE,5996,5942,6006,188746,11276403320,871118,872344,6242,5650,5946,5944,0,5946,0,0,0,2017-04-17,32488381,5994,106,0,0,0,0,0,0,0,0,5996,54,0,0,0,0,0,0,0,0
176,2017-04-17,09:01:28,912,y1709,XDCE,5996,5942,6006,188752,11276763040,871120,872344,6242,5650,5946,5944,0,5946,0,0,0,2017-04-17,32488912,5994,205,0,0,0,0,0,0,0,0,5996,57,0,0,0,0,0,0,0,0
177,2017-04-17,09:01:29,397,y1709,XDCE,5994,5942,6006,189832,11341485200,871796,872344,6242,5650,5946,5944,0,5946,0,0,0,2017-04-17,32489397,5994,15,0,0,0,0,0,0,0,0,5996,68,0,0,0,0,0,0,0,0
178,2017-04-17,09:01:29,903,y1709,XDCE,5994,5942,6006,189916,11346520200,871798,872344,6242,5650,5946,5944,0,5946,0,0,0,2017-04-17,32489903,5994,20,0,0,0,0,0,0,0,0,5996,101,0,0,0,0,0,0,0,0
179,2017-04-17,09:01:30,422,y1709,XDCE,5994,5942,6006,189956,11348917880,871826,872344,6242,5650,5946,5944,0,5946,0,0,0,2017-04-17,32490422,5992,122,0,0,0,0,0,0,0,0,5994,34,0,0,0,0,0,0,0,0
180,2017-04-17,09:01:30,927,y1709,XDCE,5992,5942,6006,190086,11356709480,871774,872344,6242,5650,5946,5944,0,5946,0,0,0,2017-04-17,32490927,5992,100,0,0,0,0,0,0,0,0,5996,112,0,0,0,0,0,0,0,0
181,2017-04-17,09:01:31,422,y1709,XDCE,5994,5942,6006,190110,11358147960,871770,872344,6242,5650,5946,5944,0,5946,0,0,0,2017-04-17,32491422,5992,117,0,0,0,0,0,0,0,0,5994,20,0,0,0,0,0,0,0,0
182,2017-04-17,09:01:31,855,y1709,XDCE,5994,5942,6006,190110,11358147960,871770,872344,6242,5650,5946,5944,0,5946,0,0,0,2017-04-17,32491855,5992,108,0,0,0,0,0,0,0,0,5994,30,0,0,0,0,0,0,0,0
183,2017-04-17,09:01:32,309,y1709,XDCE,5994,5942,6006,190166,11361504560,871820,872344,6242,5650,5946,5944,0,5946,0,0,0,2017-04-17,32492309,5992,107,0,0,0,0,0,0,0,0,5994,31,0,0,0,0,0,0,0,0
184,2017-04-17,09:01:32,901,y1709,XDCE,5992,5942,6006,190168,11361624400,871820,872344,6242,5650,5946,5944,0,5946,0,0,0,2017-04-17,32492901,5992,108,0,0,0,0,0,0,0,0,5994,31,0,0,0,0,0,0,0,0
185,2017-04-17,09:01:33,882,y1709,XDCE,5994,5942,6006,190206,11363901600,871816,872344,6242,5650,5946,5944,0,5946,0,0,0,2017-04-17,32493882,5992,96,0,0,0,0,0,0,0,0,5994,34,0,0,0,0,0,0,0,0
186,2017-04-17,09:01:34,381,y1709,XDCE,5992,5942,6006,190214,11364381000,871810,872344,6242,5650,5946,5944,0,5946,0,0,0,2017-04-17,32494381,5992,108,0,0,0,0,0,0,0,0,5994,26,0,0,0,0,0,0,0,0
187,2017-04-17,09:01:34,868,y1709,XDCE,5994,5942,6006,190224,11364980400,871810,872344,6242,5650,5946,5944,0,5946,0,0,0,2017-04-17,32494868,5992,111,0,0,0,0,0,0,0,0,5994,39,0,0,0,0,0,0,0,0
188,2017-04-17,09:01:35,400,y1709,XDCE,5992,5942,6006,190232,11365459760,871802,872344,6242,5650,5946,5944,0,5946,0,0,0,2017-04-17,32495400,5992,110,0,0,0,0,0,0,0,0,5994,52,0,0,0,0,0,0,0,0
189,2017-04-17,09:01:35,901,y1709,XDCE,5992,5942,6006,190400,11375528040,871688,872344,6242,5650,5946,5944,0,5946,0,0,0,2017-04-17,32495901,5992,86,0,0,0,0,0,0,0,0,5994,9,0,0,0,0,0,0,0,0
190,2017-04-17,09:01:36,426,y1709,XDCE,5994,5942,6006,190430,11377325880,871658,872344,6242,5650,5946,5944,0,5946,0,0,0,2017-04-17,32496426,5992,105,0,0,0,0,0,0,0,0,5994,28,0,0,0,0,0,0,0,0
191,2017-04-17,09:01:36,930,y1709,XDCE,5992,5942,6006,190434,11377565560,871654,872344,6242,5650,5946,5944,0,5946,0,0,0,2017-04-17,32496930,5992,101,0,0,0,0,0,0,0,0,5994,32,0,0,0,0,0,0,0,0
192,2017-04-17,09:01:37,402,y1709,XDCE,5992,5942,6006,190436,11377685400,871654,872344,6242,5650,5946,5944,0,5946,0,0,0,2017-04-17,32497402,5992,102,0,0,0,0,0,0,0,0,5994,32,0,0,0,0,0,0,0,0
193,2017-04-17,09:01:37,927,y1709,XDCE,5992,5942,6006,190438,11377805240,871654,872344,6242,5650,5946,5944,0,5946,0,0,0,2017-04-17,32497927,5992,112,0,0,0,0,0,0,0,0,5994,34,0,0,0,0,0,0,0,0
194,2017-04-17,09:01:38,419,y1709,XDCE,5992,5942,6006,190480,11380321880,871626,872344,6242,5650,5946,5944,0,5946,0,0,0,2017-04-17,32498419,5992,92,0,0,0,0,0,0,0,0,5994,39,0,0,0,0,0,0,0,0
195,2017-04-17,09:01:38,846,y1709,XDCE,5994,5942,6006,190484,11380561600,871626,872344,6242,5650,5946,5944,0,5946,0,0,0,2017-04-17,32498846,5992,108,0,0,0,0,0,0,0,0,5994,40,0,0,0,0,0,0,0,0
196,2017-04-17,09:01:39,403,y1709,XDCE,5994,5942,6006,190484,11380561600,871626,872344,6242,5650,5946,5944,0,5946,0,0,0,2017-04-17,32499403,5992,110,0,0,0,0,0,0,0,0,5994,44,0,0,0,0,0,0,0,0
197,2017-04-17,09:01:39,927,y1709,XDCE,5992,5942,6006,190496,11381280680,871616,872344,6242,5650,5946,5944,0,5946,0,0,0,2017-04-17,32499927,5992,105,0,0,0,0,0,0,0,0,5994,42,0,0,0,0,0,0,0,0
198,2017-04-17,09:01:40,409,y1709,XDCE,5992,5942,6006,190508,11381999720,871610,872344,6242,5650,5946,5944,0,5946,0,0,0,2017-04-17,32500409,5992,147,0,0,0,0,0,0,0,0,5994,54,0,0,0,0,0,0,0,0
199,2017-04-17,09:01:40,904,y1709,XDCE,5994,5942,6006,190520,11382719000,871610,872344,6242,5650,5946,5944,0,5946,0,0,0,2017-04-17,32500904,5992,148,0,0,0,0,0,0,0,0,5994,58,0,0,0,0,0,0,0,0
200,2017-04-17,09:01:41,385,y1709,XDCE,5992,5942,6006,190532,11383438040,871598,872344,6242,5650,5946,5944,0,5946,0,0,0,2017-04-17,32501385,5992,142,0,0,0,0,0,0,0,0,5994,59,0,0,0,0,0,0,0,0
201,2017-04-17,09:01:41,871,y1709,XDCE,5992,5942,6006,190568,11385595320,871586,872344,6242,5650,5946,5944,0,5946,0,0,0,2017-04-17,32501871,5992,130,0,0,0,0,0,0,0,0,5994,60,0,0,0,0,0,0,0,0
202,2017-04-17,09:01:42,416,y1709,XDCE,5994,5942,6006,190612,11388232640,871614,872344,6242,5650,5946,5944,0,5946,0,0,0,2017-04-17,32502416,5992,128,0,0,0,0,0,0,0,0,5994,39,0,0,0,0,0,0,0,0
203,2017-04-17,09:01:42,891,y1709,XDCE,5992,5942,6006,190876,11404051520,871818,872344,6242,5650,5946,5944,0,5946,0,0,0,2017-04-17,32502891,5990,864,0,0,0,0,0,0,0,0,5992,40,0,0,0,0,0,0,0,0
204,2017-04-17,09:01:43,393,y1709,XDCE,5992,5942,6006,190998,11411361760,871886,872344,6242,5650,5946,5944,0,5946,0,0,0,2017-04-17,32503393,5992,8,0,0,0,0,0,0,0,0,5994,45,0,0,0,0,0,0,0,0
205,2017-04-17,09:01:43,904,y1709,XDCE,5992,5942,6006,191002,11411601480,871884,872344,6242,5650,5946,5944,0,5946,0,0,0,2017-04-17,32503904,5992,46,0,0,0,0,0,0,0,0,5994,144,0,0,0,0,0,0,0,0
206,2017-04-17,09:01:44,404,y1709,XDCE,5992,5942,6006,191080,11416275240,871874,872344,6242,5650,5946,5944,0,5946,0,0,0,2017-04-17,32504404,5992,21,0,0,0,0,0,0,0,0,5994,163,0,0,0,0,0,0,0,0
207,2017-04-17,09:01:44,841,y1709,XDCE,5992,5942,6006,191130,11419271240,871882,872344,6242,5650,5946,5944,0,5946,0,0,0,2017-04-17,32504841,5990,870,0,0,0,0,0,0,0,0,5992,77,0,0,0,0,0,0,0,0
208,2017-04-17,09:01:45,398,y1709,XDCE,5992,5942,6006,191130,11419271240,871882,872344,6242,5650,5946,5944,0,5946,0,0,0,2017-04-17,32505398,5990,870,0,0,0,0,0,0,0,0,5992,78,0,0,0,0,0,0,0,0
209,2017-04-17,09:01:45,855,y1709,XDCE,5992,5942,6006,191196,11423225960,871864,872344,6242,5650,5946,5944,0,5946,0,0,0,2017-04-17,32505855,5990,866,0,0,0,0,0,0,0,0,5992,60,0,0,0,0,0,0,0,0
210,2017-04-17,09:01:46,396,y1709,XDCE,5990,5942,6006,191426,11437009640,871902,872344,6242,5650,5946,5944,0,5946,0,0,0,2017-04-17,32506396,5990,866,0,0,0,0,0,0,0,0,5992,1,0,0,0,0,0,0,0,0
211,2017-04-17,09:01:46,917,y1709,XDCE,5994,5942,6006,191446,11438208360,871918,872344,6242,5650,5946,5944,0,5946,0,0,0,2017-04-17,32506917,5992,45,0,0,0,0,0,0,0,0,5994,117,0,0,0,0,0,0,0,0
212,2017-04-17,09:01:47,429,y1709,XDCE,5992,5942,6006,191546,11444200360,871942,872344,6242,5650,5946,5944,0,5946,0,0,0,2017-04-17,32507429,5992,28,0,0,0,0,0,0,0,0,5994,105,0,0,0,0,0,0,0,0
213,2017-04-17,09:01:47,892,y1709,XDCE,5994,5942,6006,191586,11446597960,871962,872344,6242,5650,5946,5944,0,5946,0,0,0,2017-04-17,32507892,5992,69,0,0,0,0,0,0,0,0,5994,85,0,0,0,0,0,0,0,0
214,2017-04-17,09:01:48,363,y1709,XDCE,5994,5942,6006,191586,11446597960,871962,872344,6242,5650,5946,5944,0,5946,0,0,0,2017-04-17,32508363,5992,74,0,0,0,0,0,0,0,0,5994,99,0,0,0,0,0,0,0,0
215,2017-04-17,09:01:48,921,y1709,XDCE,5994,5942,6006,191610,11448036080,871982,872344,6242,5650,5946,5944,0,5946,0,0,0,2017-04-17,32508921,5992,60,0,0,0,0,0,0,0,0,5994,106,0,0,0,0,0,0,0,0
216,2017-04-17,09:01:49,288,y1709,XDCE,5992,5942,6006,191632,11449354320,872000,872344,6242,5650,5946,5944,0,5946,0,0,0,2017-04-17,32509288,5992,82,0,0,0,0,0,0,0,0,5994,108,0,0,0,0,0,0,0,0
217,2017-04-17,09:01:49,869,y1709,XDCE,5992,5942,6006,191656,11450792800,872004,872344,6242,5650,5946,5944,0,5946,0,0,0,2017-04-17,32509869,5992,81,0,0,0,0,0,0,0,0,5994,91,0,0,0,0,0,0,0,0
218,2017-04-17,09:01:50,421,y1709,XDCE,5992,5942,6006,191704,11453669000,871994,872344,6242,5650,5946,5944,0,5946,0,0,0,2017-04-17,32510421,5992,58,0,0,0,0,0,0,0,0,5994,100,0,0,0,0,0,0,0,0
219,2017-04-17,09:01:50,929,y1709,XDCE,5994,5942,6006,191764,11457265280,871944,872344,6242,5650,5946,5944,0,5946,0,0,0,2017-04-17,32510929,5992,70,0,0,0,0,0,0,0,0,5994,82,0,0,0,0,0,0,0,0
220,2017-04-17,09:01:51,422,y1709,XDCE,5992,5942,6006,191776,11457984520,871942,872344,6242,5650,5946,5944,0,5946,0,0,0,2017-04-17,32511422,5992,80,0,0,0,0,0,0,0,0,5994,77,0,0,0,0,0,0,0,0
221,2017-04-17,09:01:51,783,y1709,XDCE,5992,5942,6006,191776,11457984520,871942,872344,6242,5650,5946,5944,0,5946,0,0,0,2017-04-17,32511783,5992,85,0,0,0,0,0,0,0,0,5994,85,0,0,0,0,0,0,0,0
222,2017-04-17,09:01:52,382,y1709,XDCE,5992,5942,6006,191956,11468770120,872066,872344,6242,5650,5946,5944,0,5946,0,0,0,2017-04-17,32512382,5992,22,0,0,0,0,0,0,0,0,5994,64,0,0,0,0,0,0,0,0
223,2017-04-17,09:01:52,927,y1709,XDCE,5992,5942,6006,192022,11472724920,872110,872344,6242,5650,5946,5944,0,5946,0,0,0,2017-04-17,32512927,5992,18,0,0,0,0,0,0,0,0,5994,105,0,0,0,0,0,0,0,0
224,2017-04-17,09:01:53,398,y1709,XDCE,5992,5942,6006,192034,11473443960,872118,872344,6242,5650,5946,5944,0,5946,0,0,0,2017-04-17,32513398,5992,8,0,0,0,0,0,0,0,0,5994,138,0,0,0,0,0,0,0,0
225,2017-04-17,09:01:53,906,y1709,XDCE,5994,5942,6006,192050,11474402720,872114,872344,6242,5650,5946,5944,0,5946,0,0,0,2017-04-17,32513906,5992,1,0,0,0,0,0,0,0,0,5994,160,0,0,0,0,0,0,0,0
226,2017-04-17,09:01:54,416,y1709,XDCE,5992,5942,6006,192058,11474882120,872114,872344,6242,5650,5946,5944,0,5946,0,0,0,2017-04-17,32514416,5992,4,0,0,0,0,0,0,0,0,5994,149,0,0,0,0,0,0,0,0
227,2017-04-17,09:01:54,928,y1709,XDCE,5992,5942,6006,192066,11475361480,872114,872344,6242,5650,5946,5944,0,5946,0,0,0,2017-04-17,32514928,5990,896,0,0,0,0,0,0,0,0,5992,16,0,0,0,0,0,0,0,0
228,2017-04-17,09:01:55,407,y1709,XDCE,5992,5942,6006,192070,11475601160,872110,872344,6242,5650,5946,5944,0,5946,0,0,0,2017-04-17,32515407,5990,887,0,0,0,0,0,0,0,0,5992,73,0,0,0,0,0,0,0,0
229,2017-04-17,09:01:55,928,y1709,XDCE,5992,5942,6006,192192,11482911400,872136,872344,6242,5650,5946,5944,0,5946,0,0,0,2017-04-17,32515928,5990,932,0,0,0,0,0,0,0,0,5992,45,0,0,0,0,0,0,0,0
230,2017-04-17,09:01:56,376,y1709,XDCE,5992,5942,6006,192256,11486746280,872150,872344,6242,5650,5946,5944,0,5946,0,0,0,2017-04-17,32516376,5990,932,0,0,0,0,0,0,0,0,5992,28,0,0,0,0,0,0,0,0
231,2017-04-17,09:01:56,923,y1709,XDCE,5992,5942,6006,192322,11490701000,872118,872344,6242,5650,5946,5944,0,5946,0,0,0,2017-04-17,32516923,5992,73,0,0,0,0,0,0,0,0,5994,106,0,0,0,0,0,0,0,0
232,2017-04-17,09:01:57,424,y1709,XDCE,5992,5942,6006,192354,11492618680,872094,872344,6242,5650,5946,5944,0,5946,0,0,0,2017-04-17,32517424,5992,73,0,0,0,0,0,0,0,0,5994,89,0,0,0,0,0,0,0,0
233,2017-04-17,09:01:57,865,y1709,XDCE,5992,5942,6006,192354,11492618680,872094,872344,6242,5650,5946,5944,0,5946,0,0,0,2017-04-17,32517865,5992,91,0,0,0,0,0,0,0,0,5994,86,0,0,0,0,0,0,0,0
234,2017-04-17,09:01:58,425,y1709,XDCE,5992,5942,6006,192384,11494416280,872078,872344,6242,5650,5946,5944,0,5946,0,0,0,2017-04-17,32518425,5992,89,0,0,0,0,0,0,0,0,5994,93,0,0,0,0,0,0,0,0
235,2017-04-17,09:01:58,898,y1709,XDCE,5992,5942,6006,192390,11494775840,872082,872344,6242,5650,5946,5944,0,5946,0,0,0,2017-04-17,32518898,5992,90,0,0,0,0,0,0,0,0,5994,86,0,0,0,0,0,0,0,0
236,2017-04-17,09:01:59,422,y1709,XDCE,5994,5942,6006,192516,11502328280,872140,872344,6242,5650,5946,5944,0,5946,0,0,0,2017-04-17,32519422,5992,116,0,0,0,0,0,0,0,0,5994,37,0,0,0,0,0,0,0,0
237,2017-04-17,09:01:59,896,y1709,XDCE,5992,5942,6006,192536,11503526680,872122,872344,6242,5650,5946,5944,0,5946,0,0,0,2017-04-17,32519896,5992,138,0,0,0,0,0,0,0,0,5994,56,0,0,0,0,0,0,0,0
238,2017-04-17,09:02:00,430,y1709,XDCE,5994,5942,6006,192542,11503886240,872120,872344,6242,5650,5946,5944,0,5946,0,0,0,2017-04-17,32520430,5992,133,0,0,0,0,0,0,0,0,5994,59,0,0,0,0,0,0,0,0
239,2017-04-17,09:02:00,870,y1709,XDCE,5994,5942,6006,192638,11509640080,872112,872344,6242,5650,5946,5944,0,5946,0,0,0,2017-04-17,32520870,5992,125,0,0,0,0,0,0,0,0,5994,31,0,0,0,0,0,0,0,0
240,2017-04-17,09:02:01,404,y1709,XDCE,5992,5942,6006,192640,11509759920,872112,872344,6242,5650,5946,5944,0,5946,0,0,0,2017-04-17,32521404,5992,140,0,0,0,0,0,0,0,0,5994,31,0,0,0,0,0,0,0,0
241,2017-04-17,09:02:01,916,y1709,XDCE,5994,5942,6006,192648,11510239360,872112,872344,6242,5650,5946,5944,0,5946,0,0,0,2017-04-17,32521916,5992,134,0,0,0,0,0,0,0,0,5994,32,0,0,0,0,0,0,0,0
242,2017-04-17,09:02:02,416,y1709,XDCE,5994,5942,6006,192670,11511558040,872128,872344,6242,5650,5946,5944,0,5946,0,0,0,2017-04-17,32522416,5992,149,0,0,0,0,0,0,0,0,5994,31,0,0,0,0,0,0,0,0
243,2017-04-17,09:02:02,915,y1709,XDCE,5994,5942,6006,192672,11511677920,872126,872344,6242,5650,5946,5944,0,5946,0,0,0,2017-04-17,32522915,5992,172,0,0,0,0,0,0,0,0,5994,31,0,0,0,0,0,0,0,0
244,2017-04-17,09:02:03,390,y1709,XDCE,5992,5942,6006,192674,11511797760,872126,872344,6242,5650,5946,5944,0,5946,0,0,0,2017-04-17,32523390,5992,204,0,0,0,0,0,0,0,0,5994,32,0,0,0,0,0,0,0,0
245,2017-04-17,09:02:03,798,y1709,XDCE,5992,5942,6006,192696,11513116000,872112,872344,6242,5650,5946,5944,0,5946,0,0,0,2017-04-17,32523798,5992,188,0,0,0,0,0,0,0,0,5994,39,0,0,0,0,0,0,0,0
246,2017-04-17,09:02:04,394,y1709,XDCE,5992,5942,6006,192696,11513116000,872112,872344,6242,5650,5946,5944,0,5946,0,0,0,2017-04-17,32524394,5992,188,0,0,0,0,0,0,0,0,5994,41,0,0,0,0,0,0,0,0
247,2017-04-17,09:02:04,911,y1709,XDCE,5992,5942,6006,192732,11515273640,872086,872344,6242,5650,5946,5944,0,5946,0,0,0,2017-04-17,32524911,5992,193,0,0,0,0,0,0,0,0,5994,55,0,0,0,0,0,0,0,0
248,2017-04-17,09:02:05,363,y1709,XDCE,5994,5942,6006,192838,11521627120,872092,872344,6242,5650,5946,5944,0,5946,0,0,0,2017-04-17,32525363,5994,1,0,0,0,0,0,0,0,0,5996,165,0,0,0,0,0,0,0,0
249,2017-04-17,09:02:05,928,y1709,XDCE,5994,5942,6006,192852,11522466280,872084,872344,6242,5650,5946,5944,0,5946,0,0,0,2017-04-17,32525928,5994,182,0,0,0,0,0,0,0,0,5996,102,0,0,0,0,0,0,0,0
250,2017-04-17,09:02:06,411,y1709,XDCE,5996,5942,6006,192872,11523665120,872070,872344,6242,5650,5946,5944,0,5946,0,0,0,2017-04-17,32526411,5994,187,0,0,0,0,0,0,0,0,5996,98,0,0,0,0,0,0,0,0
251,2017-04-17,09:02:06,923,y1709,XDCE,5994,5942,6006,192884,11524384400,872062,872344,6242,5650,5946,5944,0,5946,0,0,0,2017-04-17,32526923,5994,179,0,0,0,0,0,0,0,0,5996,91,0,0,0,0,0,0,0,0
252,2017-04-17,09:02:07,390,y1709,XDCE,5994,5942,6006,193022,11532656120,871988,872344,6242,5650,5946,5944,0,5946,0,0,0,2017-04-17,32527390,5994,104,0,0,0,0,0,0,0,0,5996,102,0,0,0,0,0,0,0,0
253,2017-04-17,09:02:07,926,y1709,XDCE,5994,5942,6006,193044,11533974800,871990,872344,6242,5650,5946,5944,0,5946,0,0,0,2017-04-17,32527926,5994,78,0,0,0,0,0,0,0,0,5996,103,0,0,0,0,0,0,0,0
254,2017-04-17,09:02:08,405,y1709,XDCE,5994,5942,6006,193050,11534334440,871992,872344,6242,5650,5946,5944,0,5946,0,0,0,2017-04-17,32528405,5994,75,0,0,0,0,0,0,0,0,5996,119,0,0,0,0,0,0,0,0
255,2017-04-17,09:02:08,875,y1709,XDCE,5994,5942,6006,193058,11534813960,871994,872344,6242,5650,5946,5944,0,5946,0,0,0,2017-04-17,32528875,5994,71,0,0,0,0,0,0,0,0,5996,124,0,0,0,0,0,0,0,0
256,2017-04-17,09:02:09,381,y1709,XDCE,5994,5942,6006,193210,11543924880,871938,872344,6242,5650,5946,5944,0,5946,0,0,0,2017-04-17,32529381,5992,236,0,0,0,0,0,0,0,0,5994,105,0,0,0,0,0,0,0,0
257,2017-04-17,09:02:09,843,y1709,XDCE,5992,5942,6006,193226,11544883880,871938,872344,6242,5650,5946,5944,0,5946,0,0,0,2017-04-17,32529843,5992,222,0,0,0,0,0,0,0,0,5994,105,0,0,0,0,0,0,0,0
258,2017-04-17,09:02:10,424,y1709,XDCE,5992,5942,6006,193226,11544883880,871938,872344,6242,5650,5946,5944,0,5946,0,0,0,2017-04-17,32530424,5992,221,0,0,0,0,0,0,0,0,5994,108,0,0,0,0,0,0,0,0
259,2017-04-17,09:02:10,861,y1709,XDCE,5994,5942,6006,193240,11545723040,871952,872344,6242,5650,5946,5944,0,5946,0,0,0,2017-04-17,32530861,5992,221,0,0,0,0,0,0,0,0,5994,94,0,0,0,0,0,0,0,0
260,2017-04-17,09:02:11,405,y1709,XDCE,5992,5942,6006,193308,11549798320,871988,872344,6242,5650,5946,5944,0,5946,0,0,0,2017-04-17,32531405,5992,209,0,0,0,0,0,0,0,0,5994,91,0,0,0,0,0,0,0,0
261,2017-04-17,09:02:11,925,y1709,XDCE,5994,5942,6006,193336,11551476640,872014,872344,6242,5650,5946,5944,0,5946,0,0,0,2017-04-17,32531925,5992,214,0,0,0,0,0,0,0,0,5994,77,0,0,0,0,0,0,0,0
262,2017-04-17,09:02:12,385,y1709,XDCE,5992,5942,6006,193436,11557468680,872006,872344,6242,5650,5946,5944,0,5946,0,0,0,2017-04-17,32532385,5992,175,0,0,0,0,0,0,0,0,5994,81,0,0,0,0,0,0,0,0
263,2017-04-17,09:02:12,926,y1709,XDCE,5994,5942,6006,193620,11568497640,872112,872344,6242,5650,5946,5944,0,5946,0,0,0,2017-04-17,32532926,5994,44,0,0,0,0,0,0,0,0,5996,146,0,0,0,0,0,0,0,0
264,2017-04-17,09:02:13,414,y1709,XDCE,5994,5942,6006,193634,11569336800,872112,872344,6242,5650,5946,5944,0,5946,0,0,0,2017-04-17,32533414,5994,37,0,0,0,0,0,0,0,0,5996,140,0,0,0,0,0,0,0,0
265,2017-04-17,09:02:13,915,y1709,XDCE,5994,5942,6006,193636,11569456680,872112,872344,6242,5650,5946,5944,0,5946,0,0,0,2017-04-17,32533915,5994,46,0,0,0,0,0,0,0,0,5996,239,0,0,0,0,0,0,0,0
266,2017-04-17,09:02:14,427,y1709,XDCE,5994,5942,6006,193636,11569456680,872112,872344,6242,5650,5946,5944,0,5946,0,0,0,2017-04-17,32534427,5994,52,0,0,0,0,0,0,0,0,5996,240,0,0,0,0,0,0,0,0
267,2017-04-17,09:02:15,425,y1709,XDCE,5994,5942,6006,193644,11569936200,872114,872344,6242,5650,5946,5944,0,5946,0,0,0,2017-04-17,32535425,5994,48,0,0,0,0,0,0,0,0,5996,240,0,0,0,0,0,0,0,0
268,2017-04-17,09:02:15,852,y1709,XDCE,5994,5942,6006,193650,11570295920,872110,872344,6242,5650,5946,5944,0,5946,0,0,0,2017-04-17,32535852,5994,57,0,0,0,0,0,0,0,0,5996,238,0,0,0,0,0,0,0,0
269,2017-04-17,09:02:16,395,y1709,XDCE,5994,5942,6006,193652,11570415800,872110,872344,6242,5650,5946,5944,0,5946,0,0,0,2017-04-17,32536395,5994,56,0,0,0,0,0,0,0,0,5996,238,0,0,0,0,0,0,0,0
270,2017-04-17,09:02:16,910,y1709,XDCE,5994,5942,6006,193672,11571614600,872110,872344,6242,5650,5946,5944,0,5946,0,0,0,2017-04-17,32536910,5994,43,0,0,0,0,0,0,0,0,5996,239,0,0,0,0,0,0,0,0
271,2017-04-17,09:02:17,400,y1709,XDCE,5994,5942,6006,193742,11575810400,872098,872344,6242,5650,5946,5944,0,5946,0,0,0,2017-04-17,32537400,5994,9,0,0,0,0,0,0,0,0,5996,260,0,0,0,0,0,0,0,0
272,2017-04-17,09:02:17,920,y1709,XDCE,5994,5942,6006,193770,11577488720,872092,872344,6242,5650,5946,5944,0,5946,0,0,0,2017-04-17,32537920,5992,192,0,0,0,0,0,0,0,0,5994,98,0,0,0,0,0,0,0,0
273,2017-04-17,09:02:18,347,y1709,XDCE,5994,5942,6006,193770,11577488720,872092,872344,6242,5650,5946,5944,0,5946,0,0,0,2017-04-17,32538347,5992,230,0,0,0,0,0,0,0,0,5994,149,0,0,0,0,0,0,0,0
274,2017-04-17,09:02:18,921,y1709,XDCE,5992,5942,6006,193798,11579166840,872088,872344,6242,5650,5946,5944,0,5946,0,0,0,2017-04-17,32538921,5992,234,0,0,0,0,0,0,0,0,5994,145,0,0,0,0,0,0,0,0
275,2017-04-17,09:02:19,847,y1709,XDCE,5994,5942,6006,194260,11606849920,871988,872344,6242,5650,5946,5944,0,5946,0,0,0,2017-04-17,32539847,5990,938,0,0,0,0,0,0,0,0,5994,184,0,0,0,0,0,0,0,0
276,2017-04-17,09:02:20,408,y1709,XDCE,5994,5942,6006,194464,11619077640,871938,872344,6242,5650,5946,5944,0,5946,0,0,0,2017-04-17,32540408,5992,23,0,0,0,0,0,0,0,0,5994,112,0,0,0,0,0,0,0,0
277,2017-04-17,09:02:20,922,y1709,XDCE,5994,5942,6006,194466,11619197520,871938,872344,6242,5650,5946,5944,0,5946,0,0,0,2017-04-17,32540922,5992,97,0,0,0,0,0,0,0,0,5994,77,0,0,0,0,0,0,0,0
278,2017-04-17,09:02:21,303,y1709,XDCE,5992,5942,6006,194478,11619916600,871934,872344,6242,5650,5946,5944,0,5946,0,0,0,2017-04-17,32541303,5992,93,0,0,0,0,0,0,0,0,5994,76,0,0,0,0,0,0,0,0
279,2017-04-17,09:02:21,908,y1709,XDCE,5992,5942,6006,194518,11622313480,871900,872344,6242,5650,5946,5944,0,5946,0,0,0,2017-04-17,32541908,5992,116,0,0,0,0,0,0,0,0,5994,80,0,0,0,0,0,0,0,0
280,2017-04-17,09:02:22,384,y1709,XDCE,5994,5942,6006,194522,11622553200,871898,872344,6242,5650,5946,5944,0,5946,0,0,0,2017-04-17,32542384,5992,121,0,0,0,0,0,0,0,0,5994,69,0,0,0,0,0,0,0,0
281,2017-04-17,09:02:22,876,y1709,XDCE,5992,5942,6006,194524,11622673040,871896,872344,6242,5650,5946,5944,0,5946,0,0,0,2017-04-17,32542876,5992,120,0,0,0,0,0,0,0,0,5994,70,0,0,0,0,0,0,0,0
282,2017-04-17,09:02:23,389,y1709,XDCE,5994,5942,6006,194526,11622792920,871894,872344,6242,5650,5946,5944,0,5946,0,0,0,2017-04-17,32543389,5992,117,0,0,0,0,0,0,0,0,5994,101,0,0,0,0,0,0,0,0
283,2017-04-17,09:02:23,925,y1709,XDCE,5994,5942,6006,194576,11625789720,871850,872344,6242,5650,5946,5944,0,5946,0,0,0,2017-04-17,32543925,5992,110,0,0,0,0,0,0,0,0,5994,111,0,0,0,0,0,0,0,0
284,2017-04-17,09:02:24,375,y1709,XDCE,5992,5942,6006,194578,11625909560,871848,872344,6242,5650,5946,5944,0,5946,0,0,0,2017-04-17,32544375,5992,115,0,0,0,0,0,0,0,0,5994,118,0,0,0,0,0,0,0,0
285,2017-04-17,09:02:24,928,y1709,XDCE,5996,5942,6006,195472,11679507840,871156,872344,6242,5650,5946,5944,0,5946,0,0,0,2017-04-17,32544928,5996,560,0,0,0,0,0,0,0,0,5998,280,0,0,0,0,0,0,0,0
286,2017-04-17,09:02:25,421,y1709,XDCE,5998,5942,6006,195534,11683226040,871108,872344,6242,5650,5946,5944,0,5946,0,0,0,2017-04-17,32545421,5996,585,0,0,0,0,0,0,0,0,5998,196,0,0,0,0,0,0,0,0
287,2017-04-17,09:02:25,840,y1709,XDCE,5998,5942,6006,195538,11683465960,871104,872344,6242,5650,5946,5944,0,5946,0,0,0,2017-04-17,32545840,5996,591,0,0,0,0,0,0,0,0,5998,194,0,0,0,0,0,0,0,0
288,2017-04-17,09:02:26,430,y1709,XDCE,5996,5942,6006,195540,11683585880,871102,872344,6242,5650,5946,5944,0,5946,0,0,0,2017-04-17,32546430,5996,600,0,0,0,0,0,0,0,0,5998,225,0,0,0,0,0,0,0,0
289,2017-04-17,09:02:26,833,y1709,XDCE,5996,5942,6006,195548,11684065560,871094,872344,6242,5650,5946,5944,0,5946,0,0,0,2017-04-17,32546833,5996,616,0,0,0,0,0,0,0,0,5998,225,0,0,0,0,0,0,0,0
290,2017-04-17,09:02:27,337,y1709,XDCE,5996,5942,6006,195560,11684785080,871082,872344,6242,5650,5946,5944,0,5946,0,0,0,2017-04-17,32547337,5996,608,0,0,0,0,0,0,0,0,5998,225,0,0,0,0,0,0,0,0
291,2017-04-17,09:02:27,794,y1709,XDCE,5998,5942,6006,195562,11684905040,871082,872344,6242,5650,5946,5944,0,5946,0,0,0,2017-04-17,32547794,5996,607,0,0,0,0,0,0,0,0,5998,224,0,0,0,0,0,0,0,0
292,2017-04-17,09:02:28,306,y1709,XDCE,5998,5942,6006,195562,11684905040,871082,872344,6242,5650,5946,5944,0,5946,0,0,0,2017-04-17,32548306,5996,600,0,0,0,0,0,0,0,0,5998,224,0,0,0,0,0,0,0,0
293,2017-04-17,09:02:28,906,y1709,XDCE,5998,5942,6006,195920,11706377000,870758,872344,6242,5650,5946,5944,0,5946,0,0,0,2017-04-17,32548906,5996,547,0,0,0,0,0,0,0,0,5998,129,0,0,0,0,0,0,0,0
294,2017-04-17,09:02:29,364,y1709,XDCE,5996,5942,6006,195944,11707816040,870738,872344,6242,5650,5946,5944,0,5946,0,0,0,2017-04-17,32549364,5996,535,0,0,0,0,0,0,0,0,5998,129,0,0,0,0,0,0,0,0
295,2017-04-17,09:02:29,929,y1709,XDCE,5996,5942,6006,195988,11710455120,870704,872344,6242,5650,5946,5944,0,5946,0,0,0,2017-04-17,32549929,5996,538,0,0,0,0,0,0,0,0,5998,202,0,0,0,0,0,0,0,0
296,2017-04-17,09:02:30,430,y1709,XDCE,5996,5942,6006,195990,11710575040,870702,872344,6242,5650,5946,5944,0,5946,0,0,0,2017-04-17,32550430,5996,525,0,0,0,0,0,0,0,0,5998,202,0,0,0,0,0,0,0,0
297,2017-04-17,09:02:30,845,y1709,XDCE,5998,5942,6006,196004,11711414720,870700,872344,6242,5650,5946,5944,0,5946,0,0,0,2017-04-17,32550845,5996,525,0,0,0,0,0,0,0,0,5998,191,0,0,0,0,0,0,0,0
298,2017-04-17,09:02:31,399,y1709,XDCE,5998,5942,6006,196004,11711414720,870700,872344,6242,5650,5946,5944,0,5946,0,0,0,2017-04-17,32551399,5996,525,0,0,0,0,0,0,0,0,5998,164,0,0,0,0,0,0,0,0
299,2017-04-17,09:02:31,869,y1709,XDCE,5998,5942,6006,196008,11711654640,870700,872344,6242,5650,5946,5944,0,5946,0,0,0,2017-04-17,32551869,5996,525,0,0,0,0,0,0,0,0,5998,167,0,0,0,0,0,0,0,0
300,2017-04-17,09:02:32,730,y1709,XDCE,5998,5942,6006,196016,11712134480,870700,872344,6242,5650,5946,5944,0,5946,0,0,0,2017-04-17,32552730,5996,525,0,0,0,0,0,0,0,0,5998,163,0,0,0,0,0,0,0,0
301,2017-04-17,09:02:33,326,y1709,XDCE,5998,5942,6006,196022,11712494360,870696,872344,6242,5650,5946,5944,0,5946,0,0,0,2017-04-17,32553326,5996,525,0,0,0,0,0,0,0,0,5998,170,0,0,0,0,0,0,0,0
302,2017-04-17,09:02:33,925,y1709,XDCE,5998,5942,6006,196026,11712734280,870696,872344,6242,5650,5946,5944,0,5946,0,0,0,2017-04-17,32553925,5996,525,0,0,0,0,0,0,0,0,5998,167,0,0,0,0,0,0,0,0
303,2017-04-17,09:02:34,384,y1709,XDCE,5998,5942,6006,196028,11712854240,870696,872344,6242,5650,5946,5944,0,5946,0,0,0,2017-04-17,32554384,5996,525,0,0,0,0,0,0,0,0,5998,166,0,0,0,0,0,0,0,0
304,2017-04-17,09:02:34,834,y1709,XDCE,5998,5942,6006,196036,11713334080,870694,872344,6242,5650,5946,5944,0,5946,0,0,0,2017-04-17,32554834,5996,525,0,0,0,0,0,0,0,0,5998,163,0,0,0,0,0,0,0,0
305,2017-04-17,09:02:35,379,y1709,XDCE,5998,5942,6006,196036,11713334080,870694,872344,6242,5650,5946,5944,0,5946,0,0,0,2017-04-17,32555379,5996,525,0,0,0,0,0,0,0,0,5998,164,0,0,0,0,0,0,0,0
306,2017-04-17,09:02:35,892,y1709,XDCE,5998,5942,6006,196250,11726169800,870684,872344,6242,5650,5946,5944,0,5946,0,0,0,2017-04-17,32555892,5996,535,0,0,0,0,0,0,0,0,5998,58,0,0,0,0,0,0,0,0
307,2017-04-17,09:02:36,425,y1709,XDCE,5998,5942,6006,196762,11756871560,870302,872344,6242,5650,5946,5944,0,5946,0,0,0,2017-04-17,32556425,5998,97,0,0,0,0,0,0,0,0,6000,219,0,0,0,0,0,0,0,0
308,2017-04-17,09:02:36,909,y1709,XDCE,5998,5942,6006,196834,11761191480,870314,872344,6242,5650,5946,5944,0,5946,0,0,0,2017-04-17,32556909,5998,167,0,0,0,0,0,0,0,0,6000,175,0,0,0,0,0,0,0,0
309,2017-04-17,09:02:37,426,y1709,XDCE,5998,5942,6006,196840,11761551400,870314,872344,6242,5650,5946,5944,0,5946,0,0,0,2017-04-17,32557426,5998,143,0,0,0,0,0,0,0,0,6000,174,0,0,0,0,0,0,0,0
310,2017-04-17,09:02:37,865,y1709,XDCE,5998,5942,6006,196850,11762151200,870304,872344,6242,5650,5946,5944,0,5946,0,0,0,2017-04-17,32557865,5998,127,0,0,0,0,0,0,0,0,6000,174,0,0,0,0,0,0,0,0
311,2017-04-17,09:02:38,424,y1709,XDCE,5998,5942,6006,196850,11762151200,870304,872344,6242,5650,5946,5944,0,5946,0,0,0,2017-04-17,32558424,5998,133,0,0,0,0,0,0,0,0,6000,175,0,0,0,0,0,0,0,0
312,2017-04-17,09:02:38,904,y1709,XDCE,6000,5942,6006,196866,11763111000,870300,872344,6242,5650,5946,5944,0,5946,0,0,0,2017-04-17,32558904,5998,278,0,0,0,0,0,0,0,0,6000,160,0,0,0,0,0,0,0,0
313,2017-04-17,09:02:39,428,y1709,XDCE,5998,5942,6006,196870,11763350920,870298,872344,6242,5650,5946,5944,0,5946,0,0,0,2017-04-17,32559428,5998,288,0,0,0,0,0,0,0,0,6000,171,0,0,0,0,0,0,0,0
314,2017-04-17,09:02:39,881,y1709,XDCE,5998,5942,6006,196870,11763350920,870298,872344,6242,5650,5946,5944,0,5946,0,0,0,2017-04-17,32559881,5998,288,0,0,0,0,0,0,0,0,6000,172,0,0,0,0,0,0,0,0
315,2017-04-17,09:02:40,310,y1709,XDCE,5998,5942,6006,196922,11766469880,870246,872344,6242,5650,5946,5944,0,5946,0,0,0,2017-04-17,32560310,5998,261,0,0,0,0,0,0,0,0,6000,185,0,0,0,0,0,0,0,0
316,2017-04-17,09:02:40,796,y1709,XDCE,6000,5942,6006,196950,11768149840,870228,872344,6242,5650,5946,5944,0,5946,0,0,0,2017-04-17,32560796,5998,263,0,0,0,0,0,0,0,0,6000,172,0,0,0,0,0,0,0,0
317,2017-04-17,09:02:41,418,y1709,XDCE,6000,5942,6006,196952,11768269840,870226,872344,6242,5650,5946,5944,0,5946,0,0,0,2017-04-17,32561418,5998,270,0,0,0,0,0,0,0,0,6000,170,0,0,0,0,0,0,0,0
318,2017-04-17,09:02:41,913,y1709,XDCE,6000,5942,6006,196956,11768509840,870222,872344,6242,5650,5946,5944,0,5946,0,0,0,2017-04-17,32561913,5998,270,0,0,0,0,0,0,0,0,6000,168,0,0,0,0,0,0,0,0
319,2017-04-17,09:02:42,385,y1709,XDCE,5998,5942,6006,196976,11769709640,870218,872344,6242,5650,5946,5944,0,5946,0,0,0,2017-04-17,32562385,5998,266,0,0,0,0,0,0,0,0,6000,154,0,0,0,0,0,0,0,0
320,2017-04-17,09:02:42,918,y1709,XDCE,5998,5942,6006,197000,11771149200,870218,872344,6242,5650,5946,5944,0,5946,0,0,0,2017-04-17,32562918,5998,257,0,0,0,0,0,0,0,0,6000,164,0,0,0,0,0,0,0,0
321,2017-04-17,09:02:43,266,y1709,XDCE,6000,5942,6006,197022,11772469200,870240,872344,6242,5650,5946,5944,0,5946,0,0,0,2017-04-17,32563266,5998,257,0,0,0,0,0,0,0,0,6000,153,0,0,0,0,0,0,0,0
322,2017-04-17,09:02:43,887,y1709,XDCE,6000,5942,6006,197328,11790829200,870078,872344,6242,5650,5946,5944,0,5946,0,0,0,2017-04-17,32563887,6000,63,0,0,0,0,0,0,0,0,6002,245,0,0,0,0,0,0,0,0
323,2017-04-17,09:02:44,400,y1709,XDCE,6000,5942,6006,197512,11801869200,870038,872344,6242,5650,5946,5944,0,5946,0,0,0,2017-04-17,32564400,5998,252,0,0,0,0,0,0,0,0,6000,47,0,0,0,0,0,0,0,0
324,2017-04-17,09:02:44,917,y1709,XDCE,5998,5942,6006,197560,11804748920,869992,872344,6242,5650,5946,5944,0,5946,0,0,0,2017-04-17,32564917,5998,229,0,0,0,0,0,0,0,0,6000,32,0,0,0,0,0,0,0,0
325,2017-04-17,09:02:45,411,y1709,XDCE,5998,5942,6006,197560,11804748920,869992,872344,6242,5650,5946,5944,0,5946,0,0,0,2017-04-17,32565411,5998,247,0,0,0,0,0,0,0,0,6000,37,0,0,0,0,0,0,0,0
326,2017-04-17,09:02:45,919,y1709,XDCE,5998,5942,6006,197606,11807508320,869962,872344,6242,5650,5946,5944,0,5946,0,0,0,2017-04-17,32565919,5998,248,0,0,0,0,0,0,0,0,6000,45,0,0,0,0,0,0,0,0
327,2017-04-17,09:02:46,429,y1709,XDCE,5998,5942,6006,197606,11807508320,869962,872344,6242,5650,5946,5944,0,5946,0,0,0,2017-04-17,32566429,5998,249,0,0,0,0,0,0,0,0,6000,45,0,0,0,0,0,0,0,0
328,2017-04-17,09:02:46,879,y1709,XDCE,6000,5942,6006,197696,11812908320,869960,872344,6242,5650,5946,5944,0,5946,0,0,0,2017-04-17,32566879,6000,75,0,0,0,0,0,0,0,0,6002,249,0,0,0,0,0,0,0,0
329,2017-04-17,09:02:47,341,y1709,XDCE,6000,5942,6006,197698,11813028320,869960,872344,6242,5650,5946,5944,0,5946,0,0,0,2017-04-17,32567341,6000,77,0,0,0,0,0,0,0,0,6002,234,0,0,0,0,0,0,0,0
330,2017-04-17,09:02:47,913,y1709,XDCE,6000,5942,6006,197726,11814708320,869980,872344,6242,5650,5946,5944,0,5946,0,0,0,2017-04-17,32567913,6000,63,0,0,0,0,0,0,0,0,6002,235,0,0,0,0,0,0,0,0
331,2017-04-17,09:02:48,387,y1709,XDCE,6000,5942,6006,197902,11825268320,870012,872344,6242,5650,5946,5944,0,5946,0,0,0,2017-04-17,32568387,6000,21,0,0,0,0,0,0,0,0,6002,241,0,0,0,0,0,0,0,0
332,2017-04-17,09:02:48,917,y1709,XDCE,6000,5942,6006,197966,11829108320,870052,872344,6242,5650,5946,5944,0,5946,0,0,0,2017-04-17,32568917,5998,105,0,0,0,0,0,0,0,0,6000,17,0,0,0,0,0,0,0,0
333,2017-04-17,09:02:49,427,y1709,XDCE,5998,5942,6006,197972,11829468280,870052,872344,6242,5650,5946,5944,0,5946,0,0,0,2017-04-17,32569427,5998,93,0,0,0,0,0,0,0,0,6000,133,0,0,0,0,0,0,0,0
334,2017-04-17,09:02:49,919,y1709,XDCE,6000,5942,6006,197976,11829708280,870052,872344,6242,5650,5946,5944,0,5946,0,0,0,2017-04-17,32569919,5998,84,0,0,0,0,0,0,0,0,6000,159,0,0,0,0,0,0,0,0
335,2017-04-17,09:02:50,378,y1709,XDCE,6000,5942,6006,197998,11831028240,870068,872344,6242,5650,5946,5944,0,5946,0,0,0,2017-04-17,32570378,5998,62,0,0,0,0,0,0,0,0,6000,151,0,0,0,0,0,0,0,0
336,2017-04-17,09:02:50,850,y1709,XDCE,6000,5942,6006,198014,11831988240,870068,872344,6242,5650,5946,5944,0,5946,0,0,0,2017-04-17,32570850,5998,38,0,0,0,0,0,0,0,0,6000,164,0,0,0,0,0,0,0,0
337,2017-04-17,09:02:51,428,y1709,XDCE,6000,5942,6006,198018,11832228240,870068,872344,6242,5650,5946,5944,0,5946,0,0,0,2017-04-17,32571428,5998,42,0,0,0,0,0,0,0,0,6000,163,0,0,0,0,0,0,0,0
338,2017-04-17,09:02:51,903,y1709,XDCE,5998,5942,6006,198022,11832468160,870066,872344,6242,5650,5946,5944,0,5946,0,0,0,2017-04-17,32571903,5998,40,0,0,0,0,0,0,0,0,6000,166,0,0,0,0,0,0,0,0
339,2017-04-17,09:02:52,342,y1709,XDCE,6000,5942,6006,198026,11832708160,870064,872344,6242,5650,5946,5944,0,5946,0,0,0,2017-04-17,32572342,5998,34,0,0,0,0,0,0,0,0,6000,166,0,0,0,0,0,0,0,0
340,2017-04-17,09:02:52,880,y1709,XDCE,6000,5942,6006,198360,11852748160,869792,872344,6242,5650,5946,5944,0,5946,0,0,0,2017-04-17,32572880,5998,123,0,0,0,0,0,0,0,0,6000,6,0,0,0,0,0,0,0,0
341,2017-04-17,09:02:53,414,y1709,XDCE,6000,5942,6006,198400,11855148160,869772,872344,6242,5650,5946,5944,0,5946,0,0,0,2017-04-17,32573414,6000,19,0,0,0,0,0,0,0,0,6002,340,0,0,0,0,0,0,0,0
342,2017-04-17,09:02:53,869,y1709,XDCE,6000,5942,6006,198468,11859228160,869758,872344,6242,5650,5946,5944,0,5946,0,0,0,2017-04-17,32573869,6000,32,0,0,0,0,0,0,0,0,6002,255,0,0,0,0,0,0,0,0
343,2017-04-17,09:02:54,317,y1709,XDCE,6000,5942,6006,198540,11863548160,869710,872344,6242,5650,5946,5944,0,5946,0,0,0,2017-04-17,32574317,5998,190,0,0,0,0,0,0,0,0,6000,106,0,0,0,0,0,0,0,0
344,2017-04-17,09:02:54,870,y1709,XDCE,6000,5942,6006,198564,11864988160,869708,872344,6242,5650,5946,5944,0,5946,0,0,0,2017-04-17,32574870,5998,170,0,0,0,0,0,0,0,0,6000,94,0,0,0,0,0,0,0,0
345,2017-04-17,09:02:55,377,y1709,XDCE,6000,5942,6006,198648,11870028160,869704,872344,6242,5650,5946,5944,0,5946,0,0,0,2017-04-17,32575377,5998,154,0,0,0,0,0,0,0,0,6000,198,0,0,0,0,0,0,0,0
346,2017-04-17,09:02:55,921,y1709,XDCE,6000,5942,6006,198662,11870867960,869694,872344,6242,5650,5946,5944,0,5946,0,0,0,2017-04-17,32575921,5998,127,0,0,0,0,0,0,0,0,6000,147,0,0,0,0,0,0,0,0
347,2017-04-17,09:02:56,423,y1709,XDCE,6000,5942,6006,198664,11870987960,869694,872344,6242,5650,5946,5944,0,5946,0,0,0,2017-04-17,32576423,5998,110,0,0,0,0,0,0,0,0,6000,176,0,0,0,0,0,0,0,0
348,2017-04-17,09:02:56,885,y1709,XDCE,6000,5942,6006,198664,11870987960,869694,872344,6242,5650,5946,5944,0,5946,0,0,0,2017-04-17,32576885,5998,88,0,0,0,0,0,0,0,0,6000,176,0,0,0,0,0,0,0,0
349,2017-04-17,09:02:57,377,y1709,XDCE,5998,5942,6006,198798,11879025400,869612,872344,6242,5650,5946,5944,0,5946,0,0,0,2017-04-17,32577377,5998,27,0,0,0,0,0,0,0,0,6000,184,0,0,0,0,0,0,0,0
350,2017-04-17,09:02:57,865,y1709,XDCE,6000,5942,6006,198826,11880705280,869588,872344,6242,5650,5946,5944,0,5946,0,0,0,2017-04-17,32577865,5998,32,0,0,0,0,0,0,0,0,6000,174,0,0,0,0,0,0,0,0
351,2017-04-17,09:02:58,391,y1709,XDCE,5998,5942,6006,198894,11884783920,869562,872344,6242,5650,5946,5944,0,5946,0,0,0,2017-04-17,32578391,5996,374,0,0,0,0,0,0,0,0,5998,18,0,0,0,0,0,0,0,0
352,2017-04-17,09:02:58,903,y1709,XDCE,5998,5942,6006,198998,11891021840,869556,872344,6242,5650,5946,5944,0,5946,0,0,0,2017-04-17,32578903,5998,31,0,0,0,0,0,0,0,0,6000,194,0,0,0,0,0,0,0,0
353,2017-04-17,09:02:59,421,y1709,XDCE,6000,5942,6006,199094,11896781840,869556,872344,6242,5650,5946,5944,0,5946,0,0,0,2017-04-17,32579421,5998,62,0,0,0,0,0,0,0,0,6000,130,0,0,0,0,0,0,0,0
354,2017-04-17,09:02:59,921,y1709,XDCE,5998,5942,6006,199098,11897021760,869556,872344,6242,5650,5946,5944,0,5946,0,0,0,2017-04-17,32579921,5998,88,0,0,0,0,0,0,0,0,6000,110,0,0,0,0,0,0,0,0
355,2017-04-17,09:03:00,429,y1709,XDCE,5998,5942,6006,199108,11897621720,869554,872344,6242,5650,5946,5944,0,5946,0,0,0,2017-04-17,32580429,5998,101,0,0,0,0,0,0,0,0,6000,111,0,0,0,0,0,0,0,0
356,2017-04-17,09:03:00,775,y1709,XDCE,6000,5942,6006,199116,11898101680,869548,872344,6242,5650,5946,5944,0,5946,0,0,0,2017-04-17,32580775,5998,99,0,0,0,0,0,0,0,0,6000,108,0,0,0,0,0,0,0,0
357,2017-04-17,09:03:01,308,y1709,XDCE,6000,5942,6006,199116,11898101680,869548,872344,6242,5650,5946,5944,0,5946,0,0,0,2017-04-17,32581308,5998,102,0,0,0,0,0,0,0,0,6000,108,0,0,0,0,0,0,0,0
358,2017-04-17,09:03:01,880,y1709,XDCE,5998,5942,6006,199126,11898701480,869550,872344,6242,5650,5946,5944,0,5946,0,0,0,2017-04-17,32581880,5998,107,0,0,0,0,0,0,0,0,6000,109,0,0,0,0,0,0,0,0
359,2017-04-17,09:03:02,318,y1709,XDCE,6000,5942,6006,199130,11898941480,869550,872344,6242,5650,5946,5944,0,5946,0,0,0,2017-04-17,32582318,5998,107,0,0,0,0,0,0,0,0,6000,108,0,0,0,0,0,0,0,0
360,2017-04-17,09:03:02,921,y1709,XDCE,6000,5942,6006,199132,11899061480,869550,872344,6242,5650,5946,5944,0,5946,0,0,0,2017-04-17,32582921,5998,113,0,0,0,0,0,0,0,0,6000,107,0,0,0,0,0,0,0,0
361,2017-04-17,09:03:03,335,y1709,XDCE,5998,5942,6006,199134,11899181440,869550,872344,6242,5650,5946,5944,0,5946,0,0,0,2017-04-17,32583335,5998,112,0,0,0,0,0,0,0,0,6000,116,0,0,0,0,0,0,0,0
362,2017-04-17,09:03:03,875,y1709,XDCE,5998,5942,6006,199134,11899181440,869550,872344,6242,5650,5946,5944,0,5946,0,0,0,2017-04-17,32583875,5998,114,0,0,0,0,0,0,0,0,6000,118,0,0,0,0,0,0,0,0
363,2017-04-17,09:03:04,298,y1709,XDCE,5998,5942,6006,199134,11899181440,869550,872344,6242,5650,5946,5944,0,5946,0,0,0,2017-04-17,32584298,5998,113,0,0,0,0,0,0,0,0,6000,119,0,0,0,0,0,0,0,0
364,2017-04-17,09:03:04,920,y1709,XDCE,6000,5942,6006,199144,11899781440,869550,872344,6242,5650,5946,5944,0,5946,0,0,0,2017-04-17,32584920,5998,113,0,0,0,0,0,0,0,0,6000,114,0,0,0,0,0,0,0,0
365,2017-04-17,09:03:05,398,y1709,XDCE,6000,5942,6006,199144,11899781440,869550,872344,6242,5650,5946,5944,0,5946,0,0,0,2017-04-17,32585398,5998,115,0,0,0,0,0,0,0,0,6000,122,0,0,0,0,0,0,0,0
366,2017-04-17,09:03:05,926,y1709,XDCE,6000,5942,6006,199150,11900141360,869550,872344,6242,5650,5946,5944,0,5946,0,0,0,2017-04-17,32585926,5998,116,0,0,0,0,0,0,0,0,6000,122,0,0,0,0,0,0,0,0
367,2017-04-17,09:03:06,333,y1709,XDCE,6000,5942,6006,199150,11900141360,869550,872344,6242,5650,5946,5944,0,5946,0,0,0,2017-04-17,32586333,5998,116,0,0,0,0,0,0,0,0,6000,127,0,0,0,0,0,0,0,0
368,2017-04-17,09:03:06,918,y1709,XDCE,5998,5942,6006,199162,11900861120,869550,872344,6242,5650,5946,5944,0,5946,0,0,0,2017-04-17,32586918,5998,115,0,0,0,0,0,0,0,0,6000,138,0,0,0,0,0,0,0,0
369,2017-04-17,09:03:07,421,y1709,XDCE,6000,5942,6006,199226,11904700280,869488,872344,6242,5650,5946,5944,0,5946,0,0,0,2017-04-17,32587421,5998,85,0,0,0,0,0,0,0,0,6000,127,0,0,0,0,0,0,0,0
370,2017-04-17,09:03:07,847,y1709,XDCE,6000,5942,6006,199226,11904700280,869488,872344,6242,5650,5946,5944,0,5946,0,0,0,2017-04-17,32587847,5998,99,0,0,0,0,0,0,0,0,6000,127,0,0,0,0,0,0,0,0
371,2017-04-17,09:03:08,300,y1709,XDCE,5998,5942,6006,199234,11905180160,869482,872344,6242,5650,5946,5944,0,5946,0,0,0,2017-04-17,32588300,5998,96,0,0,0,0,0,0,0,0,6000,129,0,0,0,0,0,0,0,0
372,2017-04-17,09:03:08,876,y1709,XDCE,6000,5942,6006,199238,11905420160,869482,872344,6242,5650,5946,5944,0,5946,0,0,0,2017-04-17,32588876,5998,97,0,0,0,0,0,0,0,0,6000,128,0,0,0,0,0,0,0,0
373,2017-04-17,09:03:09,348,y1709,XDCE,5998,5942,6006,199308,11909618760,869468,872344,6242,5650,5946,5944,0,5946,0,0,0,2017-04-17,32589348,5998,72,0,0,0,0,0,0,0,0,6000,129,0,0,0,0,0,0,0,0
374,2017-04-17,09:03:09,844,y1709,XDCE,6000,5942,6006,199364,11912978720,869414,872344,6242,5650,5946,5944,0,5946,0,0,0,2017-04-17,32589844,5998,67,0,0,0,0,0,0,0,0,6000,113,0,0,0,0,0,0,0,0
375,2017-04-17,09:03:10,414,y1709,XDCE,6000,5942,6006,199364,11912978720,869414,872344,6242,5650,5946,5944,0,5946,0,0,0,2017-04-17,32590414,5998,65,0,0,0,0,0,0,0,0,6000,135,0,0,0,0,0,0,0,0
376,2017-04-17,09:03:10,915,y1709,XDCE,6000,5942,6006,199364,11912978720,869414,872344,6242,5650,5946,5944,0,5946,0,0,0,2017-04-17,32590915,5998,69,0,0,0,0,0,0,0,0,6000,140,0,0,0,0,0,0,0,0
377,2017-04-17,09:03:11,366,y1709,XDCE,5998,5942,6006,199448,11918018640,869344,872344,6242,5650,5946,5944,0,5946,0,0,0,2017-04-17,32591366,5998,85,0,0,0,0,0,0,0,0,6000,100,0,0,0,0,0,0,0,0
378,2017-04-17,09:03:11,849,y1709,XDCE,6000,5942,6006,199450,11918138640,869344,872344,6242,5650,5946,5944,0,5946,0,0,0,2017-04-17,32591849,5998,79,0,0,0,0,0,0,0,0,6000,99,0,0,0,0,0,0,0,0
379,2017-04-17,09:03:12,366,y1709,XDCE,6000,5942,6006,199460,11918738520,869346,872344,6242,5650,5946,5944,0,5946,0,0,0,2017-04-17,32592366,5998,83,0,0,0,0,0,0,0,0,6000,98,0,0,0,0,0,0,0,0
380,2017-04-17,09:03:12,897,y1709,XDCE,6000,5942,6006,199466,11919098520,869346,872344,6242,5650,5946,5944,0,5946,0,0,0,2017-04-17,32592897,5998,83,0,0,0,0,0,0,0,0,6000,95,0,0,0,0,0,0,0,0
381,2017-04-17,09:03:13,333,y1709,XDCE,6000,5942,6006,199472,11919458520,869346,872344,6242,5650,5946,5944,0,5946,0,0,0,2017-04-17,32593333,5998,89,0,0,0,0,0,0,0,0,6000,103,0,0,0,0,0,0,0,0
382,2017-04-17,09:03:13,927,y1709,XDCE,5998,5942,6006,199480,11919938360,869350,872344,6242,5650,5946,5944,0,5946,0,0,0,2017-04-17,32593927,5998,85,0,0,0,0,0,0,0,0,6000,103,0,0,0,0,0,0,0,0
383,2017-04-17,09:03:14,429,y1709,XDCE,5998,5942,6006,199480,11919938360,869350,872344,6242,5650,5946,5944,0,5946,0,0,0,2017-04-17,32594429,5998,83,0,0,0,0,0,0,0,0,6000,104,0,0,0,0,0,0,0,0
384,2017-04-17,09:03:14,860,y1709,XDCE,5998,5942,6006,199480,11919938360,869350,872344,6242,5650,5946,5944,0,5946,0,0,0,2017-04-17,32594860,5998,78,0,0,0,0,0,0,0,0,6000,137,0,0,0,0,0,0,0,0
385,2017-04-17,09:03:15,411,y1709,XDCE,5998,5942,6006,199484,11920178280,869350,872344,6242,5650,5946,5944,0,5946,0,0,0,2017-04-17,32595411,5998,65,0,0,0,0,0,0,0,0,6000,150,0,0,0,0,0,0,0,0
386,2017-04-17,09:03:15,885,y1709,XDCE,6000,5942,6006,199500,11921138040,869340,872344,6242,5650,5946,5944,0,5946,0,0,0,2017-04-17,32595885,5998,59,0,0,0,0,0,0,0,0,6000,149,0,0,0,0,0,0,0,0
387,2017-04-17,09:03:16,346,y1709,XDCE,6000,5942,6006,199500,11921138040,869340,872344,6242,5650,5946,5944,0,5946,0,0,0,2017-04-17,32596346,5998,65,0,0,0,0,0,0,0,0,6000,148,0,0,0,0,0,0,0,0
388,2017-04-17,09:03:16,911,y1709,XDCE,6000,5942,6006,199526,11922697960,869344,872344,6242,5650,5946,5944,0,5946,0,0,0,2017-04-17,32596911,5998,67,0,0,0,0,0,0,0,0,6000,137,0,0,0,0,0,0,0,0
389,2017-04-17,09:03:17,383,y1709,XDCE,6000,5942,6006,199544,11923777960,869360,872344,6242,5650,5946,5944,0,5946,0,0,0,2017-04-17,32597383,5998,83,0,0,0,0,0,0,0,0,6000,236,0,0,0,0,0,0,0,0
390,2017-04-17,09:03:17,863,y1709,XDCE,5998,5942,6006,199690,11932535040,869462,872344,6242,5650,5946,5944,0,5946,0,0,0,2017-04-17,32597863,5996,1168,0,0,0,0,0,0,0,0,5998,107,0,0,0,0,0,0,0,0
391,2017-04-17,09:03:18,404,y1709,XDCE,5996,5942,6006,199698,11933014840,869468,872344,6242,5650,5946,5944,0,5946,0,0,0,2017-04-17,32598404,5996,1188,0,0,0,0,0,0,0,0,5998,171,0,0,0,0,0,0,0,0
392,2017-04-17,09:03:18,790,y1709,XDCE,5998,5942,6006,199720,11934334400,869490,872344,6242,5650,5946,5944,0,5946,0,0,0,2017-04-17,32598790,5996,1192,0,0,0,0,0,0,0,0,5998,173,0,0,0,0,0,0,0,0
393,2017-04-17,09:03:19,367,y1709,XDCE,5998,5942,6006,199780,11937933200,869522,872344,6242,5650,5946,5944,0,5946,0,0,0,2017-04-17,32599367,5996,1192,0,0,0,0,0,0,0,0,5998,114,0,0,0,0,0,0,0,0
394,2017-04-17,09:03:19,804,y1709,XDCE,5998,5942,6006,199782,11938053160,869522,872344,6242,5650,5946,5944,0,5946,0,0,0,2017-04-17,32599804,5996,1192,0,0,0,0,0,0,0,0,5998,114,0,0,0,0,0,0,0,0
395,2017-04-17,09:03:20,407,y1709,XDCE,5996,5942,6006,199786,11938293040,869520,872344,6242,5650,5946,5944,0,5946,0,0,0,2017-04-17,32600407,5996,1191,0,0,0,0,0,0,0,0,5998,133,0,0,0,0,0,0,0,0
396,2017-04-17,09:03:20,848,y1709,XDCE,5996,5942,6006,199786,11938293040,869520,872344,6242,5650,5946,5944,0,5946,0,0,0,2017-04-17,32600848,5996,1189,0,0,0,0,0,0,0,0,5998,136,0,0,0,0,0,0,0,0
397,2017-04-17,09:03:21,429,y1709,XDCE,5996,5942,6006,199806,11939492440,869526,872344,6242,5650,5946,5944,0,5946,0,0,0,2017-04-17,32601429,5996,1204,0,0,0,0,0,0,0,0,5998,124,0,0,0,0,0,0,0,0
398,2017-04-17,09:03:21,802,y1709,XDCE,5996,5942,6006,199838,11941411160,869524,872344,6242,5650,5946,5944,0,5946,0,0,0,2017-04-17,32601802,5996,1188,0,0,0,0,0,0,0,0,5998,159,0,0,0,0,0,0,0,0
399,2017-04-17,09:03:22,427,y1709,XDCE,5998,5942,6006,199840,11941531120,869526,872344,6242,5650,5946,5944,0,5946,0,0,0,2017-04-17,32602427,5996,1170,0,0,0,0,0,0,0,0,5998,240,0,0,0,0,0,0,0,0
400,2017-04-17,09:03:22,908,y1709,XDCE,6000,5942,6006,200284,11968162920,869252,872344,6242,5650,5946,5944,0,5946,0,0,0,2017-04-17,32602908,5996,1170,0,0,0,0,0,0,0,0,6000,240,0,0,0,0,0,0,0,0
401,2017-04-17,09:03:23,383,y1709,XDCE,5998,5942,6006,200306,11969482480,869248,872344,6242,5650,5946,5944,0,5946,0,0,0,2017-04-17,32603383,5998,44,0,0,0,0,0,0,0,0,6000,224,0,0,0,0,0,0,0,0
402,2017-04-17,09:03:23,797,y1709,XDCE,5998,5942,6006,200986,12010268880,869282,872344,6242,5650,5946,5944,0,5946,0,0,0,2017-04-17,32603797,5998,43,0,0,0,0,0,0,0,0,6000,196,0,0,0,0,0,0,0,0
403,2017-04-17,09:03:24,420,y1709,XDCE,5998,5942,6006,200986,12010268880,869282,872344,6242,5650,5946,5944,0,5946,0,0,0,2017-04-17,32604420,5998,49,0,0,0,0,0,0,0,0,6000,205,0,0,0,0,0,0,0,0
404,2017-04-17,09:03:24,793,y1709,XDCE,5998,5942,6006,200986,12010268880,869282,872344,6242,5650,5946,5944,0,5946,0,0,0,2017-04-17,32604793,5998,49,0,0,0,0,0,0,0,0,6000,206,0,0,0,0,0,0,0,0
405,2017-04-17,09:03:25,421,y1709,XDCE,5998,5942,6006,201050,12014108000,869290,872344,6242,5650,5946,5944,0,5946,0,0,0,2017-04-17,32605421,5998,27,0,0,0,0,0,0,0,0,6000,180,0,0,0,0,0,0,0,0
406,2017-04-17,09:03:25,909,y1709,XDCE,5998,5942,6006,201104,12017347200,869280,872344,6242,5650,5946,5944,0,5946,0,0,0,2017-04-17,32605909,5998,8,0,0,0,0,0,0,0,0,6000,163,0,0,0,0,0,0,0,0
407,2017-04-17,09:03:26,401,y1709,XDCE,5998,5942,6006,201140,12019506480,869266,872344,6242,5650,5946,5944,0,5946,0,0,0,2017-04-17,32606401,5998,13,0,0,0,0,0,0,0,0,6000,154,0,0,0,0,0,0,0,0
408,2017-04-17,09:03:26,914,y1709,XDCE,6000,5942,6006,201386,12034265560,869096,872344,6242,5650,5946,5944,0,5946,0,0,0,2017-04-17,32606914,5998,4,0,0,0,0,0,0,0,0,6000,120,0,0,0,0,0,0,0,0
409,2017-04-17,09:03:27,416,y1709,XDCE,6000,5942,6006,201412,12035825480,869096,872344,6242,5650,5946,5944,0,5946,0,0,0,2017-04-17,32607416,5998,52,0,0,0,0,0,0,0,0,6000,155,0,0,0,0,0,0,0,0
410,2017-04-17,09:03:27,852,y1709,XDCE,5998,5942,6006,201416,12036065400,869094,872344,6242,5650,5946,5944,0,5946,0,0,0,2017-04-17,32607852,5998,39,0,0,0,0,0,0,0,0,6000,243,0,0,0,0,0,0,0,0
411,2017-04-17,09:03:28,405,y1709,XDCE,6000,5942,6006,201442,12037625080,869078,872344,6242,5650,5946,5944,0,5946,0,0,0,2017-04-17,32608405,5998,35,0,0,0,0,0,0,0,0,6000,241,0,0,0,0,0,0,0,0
412,2017-04-17,09:03:28,887,y1709,XDCE,5998,5942,6006,201542,12043623080,869058,872344,6242,5650,5946,5944,0,5946,0,0,0,2017-04-17,32608887,5996,1184,0,0,0,0,0,0,0,0,5998,39,0,0,0,0,0,0,0,0
413,2017-04-17,09:03:29,360,y1709,XDCE,5998,5942,6006,201560,12044702720,869052,872344,6242,5650,5946,5944,0,5946,0,0,0,2017-04-17,32609360,5996,1181,0,0,0,0,0,0,0,0,5998,64,0,0,0,0,0,0,0,0
414,2017-04-17,09:03:29,870,y1709,XDCE,5998,5942,6006,201562,12044822680,869050,872344,6242,5650,5946,5944,0,5946,0,0,0,2017-04-17,32609870,5996,895,0,0,0,0,0,0,0,0,5998,81,0,0,0,0,0,0,0,0
415,2017-04-17,09:03:30,393,y1709,XDCE,5998,5942,6006,201564,12044942640,869050,872344,6242,5650,5946,5944,0,5946,0,0,0,2017-04-17,32610393,5996,895,0,0,0,0,0,0,0,0,5998,105,0,0,0,0,0,0,0,0
416,2017-04-17,09:03:30,898,y1709,XDCE,5996,5942,6006,201642,12049619720,869058,872344,6242,5650,5946,5944,0,5946,0,0,0,2017-04-17,32610898,5996,67,0,0,0,0,0,0,0,0,5998,193,0,0,0,0,0,0,0,0
417,2017-04-17,09:03:31,416,y1709,XDCE,5994,5942,6006,201872,12063407920,869178,872344,6242,5650,5946,5944,0,5946,0,0,0,2017-04-17,32611416,5992,95,0,0,0,0,0,0,0,0,5994,15,0,0,0,0,0,0,0,0
418,2017-04-17,09:03:31,916,y1709,XDCE,5994,5942,6006,201872,12063407920,869178,872344,6242,5650,5946,5944,0,5946,0,0,0,2017-04-17,32611916,5992,145,0,0,0,0,0,0,0,0,5994,28,0,0,0,0,0,0,0,0
419,2017-04-17,09:03:32,378,y1709,XDCE,5994,5942,6006,201876,12063647680,869182,872344,6242,5650,5946,5944,0,5946,0,0,0,2017-04-17,32612378,5992,157,0,0,0,0,0,0,0,0,5994,50,0,0,0,0,0,0,0,0
420,2017-04-17,09:03:32,868,y1709,XDCE,5992,5942,6006,201920,12066285000,869206,872344,6242,5650,5946,5944,0,5946,0,0,0,2017-04-17,32612868,5992,155,0,0,0,0,0,0,0,0,5994,32,0,0,0,0,0,0,0,0
421,2017-04-17,09:03:33,375,y1709,XDCE,5994,5942,6006,201936,12067243920,869214,872344,6242,5650,5946,5944,0,5946,0,0,0,2017-04-17,32613375,5992,154,0,0,0,0,0,0,0,0,5994,50,0,0,0,0,0,0,0,0
422,2017-04-17,09:03:33,887,y1709,XDCE,5994,5942,6006,201950,12068083000,869224,872344,6242,5650,5946,5944,0,5946,0,0,0,2017-04-17,32613887,5992,130,0,0,0,0,0,0,0,0,5994,77,0,0,0,0,0,0,0,0
423,2017-04-17,09:03:34,411,y1709,XDCE,5992,5942,6006,201960,12068682200,869234,872344,6242,5650,5946,5944,0,5946,0,0,0,2017-04-17,32614411,5992,123,0,0,0,0,0,0,0,0,5994,78,0,0,0,0,0,0,0,0
424,2017-04-17,09:03:34,926,y1709,XDCE,5992,5942,6006,201978,12069760920,869240,872344,6242,5650,5946,5944,0,5946,0,0,0,2017-04-17,32614926,5992,118,0,0,0,0,0,0,0,0,5994,74,0,0,0,0,0,0,0,0
425,2017-04-17,09:03:35,421,y1709,XDCE,5992,5942,6006,202010,12071678360,869236,872344,6242,5650,5946,5944,0,5946,0,0,0,2017-04-17,32615421,5992,107,0,0,0,0,0,0,0,0,5994,74,0,0,0,0,0,0,0,0
426,2017-04-17,09:03:35,842,y1709,XDCE,5994,5942,6006,202014,12071918120,869236,872344,6242,5650,5946,5944,0,5946,0,0,0,2017-04-17,32615842,5992,117,0,0,0,0,0,0,0,0,5994,81,0,0,0,0,0,0,0,0
427,2017-04-17,09:03:36,410,y1709,XDCE,5994,5942,6006,202014,12071918120,869236,872344,6242,5650,5946,5944,0,5946,0,0,0,2017-04-17,32616410,5992,118,0,0,0,0,0,0,0,0,5994,129,0,0,0,0,0,0,0,0
428,2017-04-17,09:03:36,868,y1709,XDCE,5992,5942,6006,202066,12075033960,869186,872344,6242,5650,5946,5944,0,5946,0,0,0,2017-04-17,32616868,5992,54,0,0,0,0,0,0,0,0,5994,140,0,0,0,0,0,0,0,0
429,2017-04-17,09:03:37,380,y1709,XDCE,5992,5942,6006,202116,12078029960,869222,872344,6242,5650,5946,5944,0,5946,0,0,0,2017-04-17,32617380,5992,29,0,0,0,0,0,0,0,0,5994,147,0,0,0,0,0,0,0,0
430,2017-04-17,09:03:37,929,y1709,XDCE,5992,5942,6006,202124,12078509400,869226,872344,6242,5650,5946,5944,0,5946,0,0,0,2017-04-17,32617929,5992,32,0,0,0,0,0,0,0,0,5994,145,0,0,0,0,0,0,0,0
431,2017-04-17,09:03:38,412,y1709,XDCE,5992,5942,6006,202152,12080187160,869222,872344,6242,5650,5946,5944,0,5946,0,0,0,2017-04-17,32618412,5992,19,0,0,0,0,0,0,0,0,5994,154,0,0,0,0,0,0,0,0
432,2017-04-17,09:03:38,883,y1709,XDCE,5992,5942,6006,202210,12083662520,869226,872344,6242,5650,5946,5944,0,5946,0,0,0,2017-04-17,32618883,5990,185,0,0,0,0,0,0,0,0,5992,14,0,0,0,0,0,0,0,0
433,2017-04-17,09:03:39,425,y1709,XDCE,5992,5942,6006,202254,12086299040,869238,872344,6242,5650,5946,5944,0,5946,0,0,0,2017-04-17,32619425,5990,180,0,0,0,0,0,0,0,0,5992,3,0,0,0,0,0,0,0,0
434,2017-04-17,09:03:39,874,y1709,XDCE,5992,5942,6006,202274,12087497440,869224,872344,6242,5650,5946,5944,0,5946,0,0,0,2017-04-17,32619874,5990,185,0,0,0,0,0,0,0,0,5992,7,0,0,0,0,0,0,0,0
435,2017-04-17,09:03:40,402,y1709,XDCE,5992,5942,6006,202284,12088096600,869222,872344,6242,5650,5946,5944,0,5946,0,0,0,2017-04-17,32620402,5990,179,0,0,0,0,0,0,0,0,5992,38,0,0,0,0,0,0,0,0
436,2017-04-17,09:03:40,886,y1709,XDCE,5992,5942,6006,202306,12089414600,869212,872344,6242,5650,5946,5944,0,5946,0,0,0,2017-04-17,32620886,5990,138,0,0,0,0,0,0,0,0,5992,122,0,0,0,0,0,0,0,0
437,2017-04-17,09:03:41,388,y1709,XDCE,5992,5942,6006,202306,12089414600,869212,872344,6242,5650,5946,5944,0,5946,0,0,0,2017-04-17,32621388,5990,115,0,0,0,0,0,0,0,0,5992,161,0,0,0,0,0,0,0,0
438,2017-04-17,09:03:41,918,y1709,XDCE,5990,5942,6006,202576,12105587280,869446,872344,6242,5650,5946,5944,0,5946,0,0,0,2017-04-17,32621918,5988,151,0,0,0,0,0,0,0,0,5990,439,0,0,0,0,0,0,0,0
439,2017-04-17,09:03:42,423,y1709,XDCE,5988,5942,6006,202730,12114809600,869590,872344,6242,5650,5946,5944,0,5946,0,0,0,2017-04-17,32622423,5988,74,0,0,0,0,0,0,0,0,5990,401,0,0,0,0,0,0,0,0
440,2017-04-17,09:03:42,929,y1709,XDCE,5988,5942,6006,202738,12115288720,869592,872344,6242,5650,5946,5944,0,5946,0,0,0,2017-04-17,32622929,5988,72,0,0,0,0,0,0,0,0,5990,399,0,0,0,0,0,0,0,0
441,2017-04-17,09:03:43,426,y1709,XDCE,5988,5942,6006,202922,12126307440,869614,872344,6242,5650,5946,5944,0,5946,0,0,0,2017-04-17,32623426,5986,124,0,0,0,0,0,0,0,0,5988,1,0,0,0,0,0,0,0,0
442,2017-04-17,09:03:43,825,y1709,XDCE,5988,5942,6006,202932,12126906200,869620,872344,6242,5650,5946,5944,0,5946,0,0,0,2017-04-17,32623825,5988,2,0,0,0,0,0,0,0,0,5990,402,0,0,0,0,0,0,0,0
443,2017-04-17,09:03:44,429,y1709,XDCE,5988,5942,6006,203002,12131098840,869666,872344,6242,5650,5946,5944,0,5946,0,0,0,2017-04-17,32624429,5986,156,0,0,0,0,0,0,0,0,5988,18,0,0,0,0,0,0,0,0
444,2017-04-17,09:03:44,895,y1709,XDCE,5986,5942,6006,203012,12131697520,869672,872344,6242,5650,5946,5944,0,5946,0,0,0,2017-04-17,32624895,5986,101,0,0,0,0,0,0,0,0,5988,88,0,0,0,0,0,0,0,0
445,2017-04-17,09:03:45,392,y1709,XDCE,5984,5942,6006,203084,12136007440,869678,872344,6242,5650,5946,5944,0,5946,0,0,0,2017-04-17,32625392,5984,129,0,0,0,0,0,0,0,0,5986,7,0,0,0,0,0,0,0,0
446,2017-04-17,09:03:45,922,y1709,XDCE,5986,5942,6006,203242,12145465560,869734,872344,6242,5650,5946,5944,0,5946,0,0,0,2017-04-17,32625922,5986,2,0,0,0,0,0,0,0,0,5988,141,0,0,0,0,0,0,0,0
447,2017-04-17,09:03:46,402,y1709,XDCE,5984,5942,6006,203280,12147740280,869732,872344,6242,5650,5946,5944,0,5946,0,0,0,2017-04-17,32626402,5984,129,0,0,0,0,0,0,0,0,5986,32,0,0,0,0,0,0,0,0
448,2017-04-17,09:03:46,927,y1709,XDCE,5984,5942,6006,203320,12150133880,869772,872344,6242,5650,5946,5944,0,5946,0,0,0,2017-04-17,32626927,5984,95,0,0,0,0,0,0,0,0,5986,102,0,0,0,0,0,0,0,0
449,2017-04-17,09:03:47,396,y1709,XDCE,5986,5942,6006,203326,12150492960,869770,872344,6242,5650,5946,5944,0,5946,0,0,0,2017-04-17,32627396,5984,77,0,0,0,0,0,0,0,0,5986,110,0,0,0,0,0,0,0,0
450,2017-04-17,09:03:47,902,y1709,XDCE,5984,5942,6006,203340,12151330760,869770,872344,6242,5650,5946,5944,0,5946,0,0,0,2017-04-17,32627902,5984,72,0,0,0,0,0,0,0,0,5986,109,0,0,0,0,0,0,0,0
451,2017-04-17,09:03:48,422,y1709,XDCE,5984,5942,6006,203352,12152049000,869772,872344,6242,5650,5946,5944,0,5946,0,0,0,2017-04-17,32628422,5984,70,0,0,0,0,0,0,0,0,5986,97,0,0,0,0,0,0,0,0
452,2017-04-17,09:03:48,916,y1709,XDCE,5986,5942,6006,203360,12152527800,869770,872344,6242,5650,5946,5944,0,5946,0,0,0,2017-04-17,32628916,5984,135,0,0,0,0,0,0,0,0,5986,63,0,0,0,0,0,0,0,0
453,2017-04-17,09:03:49,393,y1709,XDCE,5986,5942,6006,203398,12154802280,869794,872344,6242,5650,5946,5944,0,5946,0,0,0,2017-04-17,32629393,5984,133,0,0,0,0,0,0,0,0,5986,45,0,0,0,0,0,0,0,0
454,2017-04-17,09:03:49,927,y1709,XDCE,5986,5942,6006,203420,12156118840,869800,872344,6242,5650,5946,5944,0,5946,0,0,0,2017-04-17,32629927,5984,126,0,0,0,0,0,0,0,0,5986,45,0,0,0,0,0,0,0,0
455,2017-04-17,09:03:50,425,y1709,XDCE,5986,5942,6006,203462,12158632800,869776,872344,6242,5650,5946,5944,0,5946,0,0,0,2017-04-17,32630425,5984,123,0,0,0,0,0,0,0,0,5986,32,0,0,0,0,0,0,0,0
456,2017-04-17,09:03:50,925,y1709,XDCE,5986,5942,6006,203546,12163659480,869744,872344,6242,5650,5946,5944,0,5946,0,0,0,2017-04-17,32630925,5984,85,0,0,0,0,0,0,0,0,5986,100,0,0,0,0,0,0,0,0
457,2017-04-17,09:03:51,360,y1709,XDCE,5986,5942,6006,203550,12163898920,869744,872344,6242,5650,5946,5944,0,5946,0,0,0,2017-04-17,32631360,5984,78,0,0,0,0,0,0,0,0,5986,130,0,0,0,0,0,0,0,0
458,2017-04-17,09:03:51,916,y1709,XDCE,5988,5942,6006,204022,12192155640,869594,872344,6242,5650,5946,5944,0,5946,0,0,0,2017-04-17,32631916,5986,895,0,0,0,0,0,0,0,0,5990,34,0,0,0,0,0,0,0,0
459,2017-04-17,09:03:52,422,y1709,XDCE,5990,5942,6006,204196,12202574720,869468,872344,6242,5650,5946,5944,0,5946,0,0,0,2017-04-17,32632422,5988,64,0,0,0,0,0,0,0,0,5990,213,0,0,0,0,0,0,0,0
460,2017-04-17,09:03:52,928,y1709,XDCE,5990,5942,6006,204350,12211796280,869540,872344,6242,5650,5946,5944,0,5946,0,0,0,2017-04-17,32632928,5988,12,0,0,0,0,0,0,0,0,5990,157,0,0,0,0,0,0,0,0
461,2017-04-17,09:03:53,357,y1709,XDCE,5990,5942,6006,204356,12212155600,869536,872344,6242,5650,5946,5944,0,5946,0,0,0,2017-04-17,32633357,5988,42,0,0,0,0,0,0,0,0,5990,158,0,0,0,0,0,0,0,0
462,2017-04-17,09:03:53,927,y1709,XDCE,5990,5942,6006,204362,12212514920,869534,872344,6242,5650,5946,5944,0,5946,0,0,0,2017-04-17,32633927,5988,50,0,0,0,0,0,0,0,0,5990,164,0,0,0,0,0,0,0,0
463,2017-04-17,09:03:54,395,y1709,XDCE,5990,5942,6006,204362,12212514920,869534,872344,6242,5650,5946,5944,0,5946,0,0,0,2017-04-17,32634395,5988,160,0,0,0,0,0,0,0,0,5990,37,0,0,0,0,0,0,0,0
464,2017-04-17,09:03:54,924,y1709,XDCE,5990,5942,6006,204436,12216947520,869514,872344,6242,5650,5946,5944,0,5946,0,0,0,2017-04-17,32634924,5990,81,0,0,0,0,0,0,0,0,5992,85,0,0,0,0,0,0,0,0
465,2017-04-17,09:03:55,397,y1709,XDCE,5990,5942,6006,204464,12218624800,869536,872344,6242,5650,5946,5944,0,5946,0,0,0,2017-04-17,32635397,5990,72,0,0,0,0,0,0,0,0,5992,64,0,0,0,0,0,0,0,0
466,2017-04-17,09:03:55,907,y1709,XDCE,5992,5942,6006,204482,12219703040,869540,872344,6242,5650,5946,5944,0,5946,0,0,0,2017-04-17,32635907,5990,40,0,0,0,0,0,0,0,0,5992,120,0,0,0,0,0,0,0,0
467,2017-04-17,09:03:56,428,y1709,XDCE,5990,5942,6006,204534,12222817840,869556,872344,6242,5650,5946,5944,0,5946,0,0,0,2017-04-17,32636428,5988,234,0,0,0,0,0,0,0,0,5990,44,0,0,0,0,0,0,0,0
468,2017-04-17,09:03:56,916,y1709,XDCE,5990,5942,6006,204536,12222937640,869556,872344,6242,5650,5946,5944,0,5946,0,0,0,2017-04-17,32636916,5988,195,0,0,0,0,0,0,0,0,5990,49,0,0,0,0,0,0,0,0
469,2017-04-17,09:03:57,370,y1709,XDCE,5990,5942,6006,204554,12224015840,869556,872344,6242,5650,5946,5944,0,5946,0,0,0,2017-04-17,32637370,5988,195,0,0,0,0,0,0,0,0,5990,62,0,0,0,0,0,0,0,0
470,2017-04-17,09:03:57,860,y1709,XDCE,5986,5942,6006,204960,12248327200,869798,872344,6242,5650,5946,5944,0,5946,0,0,0,2017-04-17,32637860,5986,952,0,0,0,0,0,0,0,0,5988,110,0,0,0,0,0,0,0,0
471,2017-04-17,09:03:58,398,y1709,XDCE,5986,5942,6006,204992,12250242840,869802,872344,6242,5650,5946,5944,0,5946,0,0,0,2017-04-17,32638398,5986,889,0,0,0,0,0,0,0,0,5988,107,0,0,0,0,0,0,0,0
472,2017-04-17,09:03:58,910,y1709,XDCE,5988,5942,6006,205028,12252398520,869838,872344,6242,5650,5946,5944,0,5946,0,0,0,2017-04-17,32638910,5986,888,0,0,0,0,0,0,0,0,5988,89,0,0,0,0,0,0,0,0
473,2017-04-17,09:03:59,412,y1709,XDCE,5988,5942,6006,205032,12252638040,869840,872344,6242,5650,5946,5944,0,5946,0,0,0,2017-04-17,32639412,5986,890,0,0,0,0,0,0,0,0,5988,87,0,0,0,0,0,0,0,0
474,2017-04-17,09:03:59,896,y1709,XDCE,5986,5942,6006,205050,12253715520,869822,872344,6242,5650,5946,5944,0,5946,0,0,0,2017-04-17,32639896,5986,882,0,0,0,0,0,0,0,0,5988,90,0,0,0,0,0,0,0,0
475,2017-04-17,09:04:00,383,y1709,XDCE,5988,5942,6006,205068,12254793360,869838,872344,6242,5650,5946,5944,0,5946,0,0,0,2017-04-17,32640383,5986,888,0,0,0,0,0,0,0,0,5988,85,0,0,0,0,0,0,0,0
476,2017-04-17,09:04:00,913,y1709,XDCE,5988,5942,6006,205238,12264972960,869962,872344,6242,5650,5946,5944,0,5946,0,0,0,2017-04-17,32640913,5988,139,0,0,0,0,0,0,0,0,5990,149,0,0,0,0,0,0,0,0
477,2017-04-17,09:04:01,369,y1709,XDCE,5990,5942,6006,205240,12265092760,869964,872344,6242,5650,5946,5944,0,5946,0,0,0,2017-04-17,32641369,5988,149,0,0,0,0,0,0,0,0,5990,103,0,0,0,0,0,0,0,0
478,2017-04-17,09:04:01,823,y1709,XDCE,5990,5942,6006,205240,12265092760,869964,872344,6242,5650,5946,5944,0,5946,0,0,0,2017-04-17,32641823,5988,163,0,0,0,0,0,0,0,0,5990,103,0,0,0,0,0,0,0,0
479,2017-04-17,09:04:02,411,y1709,XDCE,5990,5942,6006,205246,12265452080,869962,872344,6242,5650,5946,5944,0,5946,0,0,0,2017-04-17,32642411,5988,168,0,0,0,0,0,0,0,0,5990,100,0,0,0,0,0,0,0,0
480,2017-04-17,09:04:02,857,y1709,XDCE,5988,5942,6006,205254,12265931120,869954,872344,6242,5650,5946,5944,0,5946,0,0,0,2017-04-17,32642857,5988,164,0,0,0,0,0,0,0,0,5990,101,0,0,0,0,0,0,0,0
481,2017-04-17,09:04:03,407,y1709,XDCE,5988,5942,6006,205302,12268805400,869962,872344,6242,5650,5946,5944,0,5946,0,0,0,2017-04-17,32643407,5988,119,0,0,0,0,0,0,0,0,5990,112,0,0,0,0,0,0,0,0
482,2017-04-17,09:04:03,909,y1709,XDCE,5988,5942,6006,205314,12269523960,869950,872344,6242,5650,5946,5944,0,5946,0,0,0,2017-04-17,32643909,5988,114,0,0,0,0,0,0,0,0,5990,122,0,0,0,0,0,0,0,0
483,2017-04-17,09:04:04,402,y1709,XDCE,5988,5942,6006,205316,12269643720,869948,872344,6242,5650,5946,5944,0,5946,0,0,0,2017-04-17,32644402,5988,120,0,0,0,0,0,0,0,0,5990,122,0,0,0,0,0,0,0,0
484,2017-04-17,09:04:05,401,y1709,XDCE,5990,5942,6006,205320,12269883320,869952,872344,6242,5650,5946,5944,0,5946,0,0,0,2017-04-17,32645401,5988,122,0,0,0,0,0,0,0,0,5990,122,0,0,0,0,0,0,0,0
485,2017-04-17,09:04:05,879,y1709,XDCE,5990,5942,6006,205320,12269883320,869952,872344,6242,5650,5946,5944,0,5946,0,0,0,2017-04-17,32645879,5988,129,0,0,0,0,0,0,0,0,5990,112,0,0,0,0,0,0,0,0
486,2017-04-17,09:04:06,394,y1709,XDCE,5990,5942,6006,205334,12270721920,869940,872344,6242,5650,5946,5944,0,5946,0,0,0,2017-04-17,32646394,5988,129,0,0,0,0,0,0,0,0,5990,106,0,0,0,0,0,0,0,0
487,2017-04-17,09:04:06,905,y1709,XDCE,5990,5942,6006,205334,12270721920,869940,872344,6242,5650,5946,5944,0,5946,0,0,0,2017-04-17,32646905,5988,129,0,0,0,0,0,0,0,0,5990,135,0,0,0,0,0,0,0,0
488,2017-04-17,09:04:07,350,y1709,XDCE,5988,5942,6006,205348,12271560320,869928,872344,6242,5650,5946,5944,0,5946,0,0,0,2017-04-17,32647350,5988,124,0,0,0,0,0,0,0,0,5990,143,0,0,0,0,0,0,0,0
489,2017-04-17,09:04:07,893,y1709,XDCE,5990,5942,6006,205486,12279826520,869930,872344,6242,5650,5946,5944,0,5946,0,0,0,2017-04-17,32647893,5988,128,0,0,0,0,0,0,0,0,5990,74,0,0,0,0,0,0,0,0
490,2017-04-17,09:04:08,422,y1709,XDCE,5990,5942,6006,205534,12282701720,869930,872344,6242,5650,5946,5944,0,5946,0,0,0,2017-04-17,32648422,5988,133,0,0,0,0,0,0,0,0,5990,50,0,0,0,0,0,0,0,0
491,2017-04-17,09:04:08,780,y1709,XDCE,5988,5942,6006,205548,12283540280,869916,872344,6242,5650,5946,5944,0,5946,0,0,0,2017-04-17,32648780,5988,135,0,0,0,0,0,0,0,0,5990,37,0,0,0,0,0,0,0,0
492,2017-04-17,09:04:09,415,y1709,XDCE,5990,5942,6006,205556,12284019400,869910,872344,6242,5650,5946,5944,0,5946,0,0,0,2017-04-17,32649415,5988,143,0,0,0,0,0,0,0,0,5990,41,0,0,0,0,0,0,0,0
493,2017-04-17,09:04:09,894,y1709,XDCE,5992,5942,6006,205642,12289170880,869900,872344,6242,5650,5946,5944,0,5946,0,0,0,2017-04-17,32649894,5990,67,0,0,0,0,0,0,0,0,5992,158,0,0,0,0,0,0,0,0
494,2017-04-17,09:04:10,418,y1709,XDCE,5992,5942,6006,205646,12289410560,869902,872344,6242,5650,5946,5944,0,5946,0,0,0,2017-04-17,32650418,5990,190,0,0,0,0,0,0,0,0,5992,88,0,0,0,0,0,0,0,0
495,2017-04-17,09:04:10,889,y1709,XDCE,5990,5942,6006,205686,12291806560,869868,872344,6242,5650,5946,5944,0,5946,0,0,0,2017-04-17,32650889,5990,182,0,0,0,0,0,0,0,0,5992,63,0,0,0,0,0,0,0,0
496,2017-04-17,09:04:11,418,y1709,XDCE,5990,5942,6006,205788,12297916360,869794,872344,6242,5650,5946,5944,0,5946,0,0,0,2017-04-17,32651418,5990,101,0,0,0,0,0,0,0,0,5992,113,0,0,0,0,0,0,0,0
497,2017-04-17,09:04:11,915,y1709,XDCE,5990,5942,6006,205814,12299473760,869796,872344,6242,5650,5946,5944,0,5946,0,0,0,2017-04-17,32651915,5990,85,0,0,0,0,0,0,0,0,5992,113,0,0,0,0,0,0,0,0
498,2017-04-17,09:04:12,412,y1709,XDCE,5992,5942,6006,205818,12299713440,869800,872344,6242,5650,5946,5944,0,5946,0,0,0,2017-04-17,32652412,5990,85,0,0,0,0,0,0,0,0,5992,121,0,0,0,0,0,0,0,0
499,2017-04-17,09:04:12,913,y1709,XDCE,5990,5942,6006,205990,12310016240,869806,872344,6242,5650,5946,5944,0,5946,0,0,0,2017-04-17,32652913,5988,149,0,0,0,0,0,0,0,0,5990,25,0,0,0,0,0,0,0,0
500,2017-04-17,09:04:13,367,y1709,XDCE,5990,5942,6006,205994,12310255840,869806,872344,6242,5650,5946,5944,0,5946,0,0,0,2017-04-17,32653367,5988,130,0,0,0,0,0,0,0,0,5990,72,0,0,0,0,0,0,0,0
501,2017-04-17,09:04:13,853,y1709,XDCE,5990,5942,6006,205994,12310255840,869806,872344,6242,5650,5946,5944,0,5946,0,0,0,2017-04-17,32653853,5988,126,0,0,0,0,0,0,0,0,5990,106,0,0,0,0,0,0,0,0
502,2017-04-17,09:04:14,333,y1709,XDCE,5988,5942,6006,206034,12312651080,869818,872344,6242,5650,5946,5944,0,5946,0,0,0,2017-04-17,32654333,5988,89,0,0,0,0,0,0,0,0,5990,106,0,0,0,0,0,0,0,0
503,2017-04-17,09:04:14,839,y1709,XDCE,5990,5942,6006,206044,12313250000,869822,872344,6242,5650,5946,5944,0,5946,0,0,0,2017-04-17,32654839,5988,78,0,0,0,0,0,0,0,0,5990,103,0,0,0,0,0,0,0,0
504,2017-04-17,09:04:15,317,y1709,XDCE,5990,5942,6006,206046,12313369800,869822,872344,6242,5650,5946,5944,0,5946,0,0,0,2017-04-17,32655317,5988,81,0,0,0,0,0,0,0,0,5990,106,0,0,0,0,0,0,0,0
505,2017-04-17,09:04:15,883,y1709,XDCE,5990,5942,6006,206094,12316245000,869832,872344,6242,5650,5946,5944,0,5946,0,0,0,2017-04-17,32655883,5988,83,0,0,0,0,0,0,0,0,5990,134,0,0,0,0,0,0,0,0
506,2017-04-17,09:04:16,427,y1709,XDCE,5990,5942,6006,206136,12318760200,869832,872344,6242,5650,5946,5944,0,5946,0,0,0,2017-04-17,32656427,5988,68,0,0,0,0,0,0,0,0,5990,129,0,0,0,0,0,0,0,0
507,2017-04-17,09:04:16,894,y1709,XDCE,5994,5942,6006,206724,12353988200,869406,872344,6242,5650,5946,5944,0,5946,0,0,0,2017-04-17,32656894,5992,632,0,0,0,0,0,0,0,0,5994,47,0,0,0,0,0,0,0,0
508,2017-04-17,09:04:17,390,y1709,XDCE,5992,5942,6006,206734,12354587520,869412,872344,6242,5650,5946,5944,0,5946,0,0,0,2017-04-17,32657390,5992,630,0,0,0,0,0,0,0,0,5994,55,0,0,0,0,0,0,0,0
509,2017-04-17,09:04:17,861,y1709,XDCE,5994,5942,6006,206736,12354707400,869412,872344,6242,5650,5946,5944,0,5946,0,0,0,2017-04-17,32657861,5992,632,0,0,0,0,0,0,0,0,5994,63,0,0,0,0,0,0,0,0
510,2017-04-17,09:04:18,331,y1709,XDCE,5992,5942,6006,206738,12354827240,869410,872344,6242,5650,5946,5944,0,5946,0,0,0,2017-04-17,32658331,5992,631,0,0,0,0,0,0,0,0,5994,69,0,0,0,0,0,0,0,0
511,2017-04-17,09:04:18,919,y1709,XDCE,5992,5942,6006,206778,12357224040,869410,872344,6242,5650,5946,5944,0,5946,0,0,0,2017-04-17,32658919,5992,600,0,0,0,0,0,0,0,0,5994,141,0,0,0,0,0,0,0,0
512,2017-04-17,09:04:19,397,y1709,XDCE,5992,5942,6006,206784,12357583600,869406,872344,6242,5650,5946,5944,0,5946,0,0,0,2017-04-17,32659397,5992,598,0,0,0,0,0,0,0,0,5994,143,0,0,0,0,0,0,0,0
513,2017-04-17,09:04:19,862,y1709,XDCE,5992,5942,6006,206786,12357703440,869404,872344,6242,5650,5946,5944,0,5946,0,0,0,2017-04-17,32659862,5992,569,0,0,0,0,0,0,0,0,5994,212,0,0,0,0,0,0,0,0
514,2017-04-17,09:04:20,406,y1709,XDCE,5992,5942,6006,206820,12359740720,869370,872344,6242,5650,5946,5944,0,5946,0,0,0,2017-04-17,32660406,5992,553,0,0,0,0,0,0,0,0,5994,212,0,0,0,0,0,0,0,0
515,2017-04-17,09:04:20,906,y1709,XDCE,5994,5942,6006,206822,12359860600,869370,872344,6242,5650,5946,5944,0,5946,0,0,0,2017-04-17,32660906,5992,552,0,0,0,0,0,0,0,0,5994,224,0,0,0,0,0,0,0,0
516,2017-04-17,09:04:21,345,y1709,XDCE,5994,5942,6006,206822,12359860600,869370,872344,6242,5650,5946,5944,0,5946,0,0,0,2017-04-17,32661345,5992,552,0,0,0,0,0,0,0,0,5994,230,0,0,0,0,0,0,0,0
517,2017-04-17,09:04:21,920,y1709,XDCE,5994,5942,6006,206822,12359860600,869370,872344,6242,5650,5946,5944,0,5946,0,0,0,2017-04-17,32661920,5992,553,0,0,0,0,0,0,0,0,5994,230,0,0,0,0,0,0,0,0
518,2017-04-17,09:04:22,914,y1709,XDCE,5994,5942,6006,206890,12363935360,869348,872344,6242,5650,5946,5944,0,5946,0,0,0,2017-04-17,32662914,5992,524,0,0,0,0,0,0,0,0,5994,246,0,0,0,0,0,0,0,0
519,2017-04-17,09:04:23,420,y1709,XDCE,5994,5942,6006,206892,12364055240,869348,872344,6242,5650,5946,5944,0,5946,0,0,0,2017-04-17,32663420,5992,525,0,0,0,0,0,0,0,0,5994,250,0,0,0,0,0,0,0,0
520,2017-04-17,09:04:23,895,y1709,XDCE,5994,5942,6006,206904,12364774520,869350,872344,6242,5650,5946,5944,0,5946,0,0,0,2017-04-17,32663895,5992,525,0,0,0,0,0,0,0,0,5994,249,0,0,0,0,0,0,0,0
521,2017-04-17,09:04:24,300,y1709,XDCE,5994,5942,6006,206904,12364774520,869350,872344,6242,5650,5946,5944,0,5946,0,0,0,2017-04-17,32664300,5992,526,0,0,0,0,0,0,0,0,5994,247,0,0,0,0,0,0,0,0
522,2017-04-17,09:04:24,929,y1709,XDCE,5994,5942,6006,206906,12364894400,869350,872344,6242,5650,5946,5944,0,5946,0,0,0,2017-04-17,32664929,5992,527,0,0,0,0,0,0,0,0,5994,246,0,0,0,0,0,0,0,0
523,2017-04-17,09:04:25,411,y1709,XDCE,5992,5942,6006,206920,12365733280,869346,872344,6242,5650,5946,5944,0,5946,0,0,0,2017-04-17,32665411,5992,547,0,0,0,0,0,0,0,0,5994,214,0,0,0,0,0,0,0,0
524,2017-04-17,09:04:25,888,y1709,XDCE,5992,5942,6006,206926,12366092800,869340,872344,6242,5650,5946,5944,0,5946,0,0,0,2017-04-17,32665888,5992,544,0,0,0,0,0,0,0,0,5994,215,0,0,0,0,0,0,0,0
525,2017-04-17,09:04:26,412,y1709,XDCE,5992,5942,6006,206944,12367171360,869322,872344,6242,5650,5946,5944,0,5946,0,0,0,2017-04-17,32666412,5992,536,0,0,0,0,0,0,0,0,5994,206,0,0,0,0,0,0,0,0
