,dataDate,dataTime,dataMillisec,instrumentID,exchangeCD,lastPrice,lowPrice,highPrice,volume,value,openInterest,preOpenInterest,upperLimitPrice,lowerLimitPrice,preSettlementPrice,prevClosePrice,settlementPrice,openPrice,closePrice,preDelta,currDelta,clearingDay,milliSecOffset,bidPrice1,bidVolume1,bidPrice2,bidVolume2,bidPrice3,bidVolume3,bidPrice4,bidVolume4,bidPrice5,bidVolume5,askPrice1,askVolume1,askPrice2,askVolume2,askPrice3,askVolume3,askPrice4,askVolume4,askPrice5,askVolume5
0,2017-04-17,09:00:00,0,ZC705,XZCE,627.6,621,627.8,48652,3040940000.0,242570,246278,657.2,582.8,620,620.8,0.0,621,0.0,0,0,2017-04-17,32400000,627.4,3,0,0,0,0,0,0,0,0,627.6,103,0,0,0,0,0,0,0,0
1,2017-04-17,09:00:00,0,ZC705,XZCE,627.0,621,627.8,48894,3056113400.0,242526,246278,657.2,582.8,620,620.8,0.0,621,0.0,0,0,2017-04-17,32400000,626.4,11,0,0,0,0,0,0,0,0,626.8,43,0,0,0,0,0,0,0,0
2,2017-04-17,09:00:01,0,ZC705,XZCE,626.0,621,627.8,48934,3058617400.0,242528,246278,657.2,582.8,620,620.8,0.0,621,0.0,0,0,2017-04-17,32401000,625.8,6,0,0,0,0,0,0,0,0,626.0,5,0,0,0,0,0,0,0,0
3,2017-04-17,09:00:01,0,ZC705,XZCE,625.8,621,627.8,48982,3061621240.0,242550,246278,657.2,582.8,620,620.8,0.0,621,0.0,0,0,2017-04-17,32401000,625.6,15,0,0,0,0,0,0,0,0,625.8,11,0,0,0,0,0,0,0,0
4,2017-04-17,09:00:02,0,ZC705,XZCE,625.2,621,627.8,49362,3085378840.0,242326,246278,657.2,582.8,620,620.8,0.0,621,0.0,0,0,2017-04-17,32402000,624.6,6,0,0,0,0,0,0,0,0,625.0,37,0,0,0,0,0,0,0,0
5,2017-04-17,09:00:02,0,ZC705,XZCE,624.8,621,627.8,49410,3088377880.0,242312,246278,657.2,582.8,620,620.8,0.0,621,0.0,0,0,2017-04-17,32402000,624.8,2,0,0,0,0,0,0,0,0,625.0,14,0,0,0,0,0,0,0,0
6,2017-04-17,09:00:03,0,ZC705,XZCE,625.0,621,627.8,49430,3089627880.0,242292,246278,657.2,582.8,620,620.8,0.0,621,0.0,0,0,2017-04-17,32403000,624.6,5,0,0,0,0,0,0,0,0,625.0,7,0,0,0,0,0,0,0,0
7,2017-04-17,09:00:03,0,ZC705,XZCE,625.2,621,627.8,49892,3118512120.0,241910,246278,657.2,582.8,620,620.8,0.0,621,0.0,0,0,2017-04-17,32403000,625.8,11,0,0,0,0,0,0,0,0,626.4,2,0,0,0,0,0,0,0,0
8,2017-04-17,09:00:04,0,ZC705,XZCE,626.0,621,627.8,49964,3123019320.0,241910,246278,657.2,582.8,620,620.8,0.0,621,0.0,0,0,2017-04-17,32404000,625.0,24,0,0,0,0,0,0,0,0,625.8,6,0,0,0,0,0,0,0,0
9,2017-04-17,09:00:04,0,ZC705,XZCE,625.2,621,627.8,49976,3123769560.0,241912,246278,657.2,582.8,620,620.8,0.0,621,0.0,0,0,2017-04-17,32404000,625.2,10,0,0,0,0,0,0,0,0,625.6,1,0,0,0,0,0,0,0,0
10,2017-04-17,09:00:05,0,ZC705,XZCE,625.4,621,627.8,50020,3126521320.0,241914,246278,657.2,582.8,620,620.8,0.0,621,0.0,0,0,2017-04-17,32405000,625.4,5,0,0,0,0,0,0,0,0,626.2,3,0,0,0,0,0,0,0,0
11,2017-04-17,09:00:05,0,ZC705,XZCE,625.4,621,627.8,50026,3126896560.0,241914,246278,657.2,582.8,620,620.8,0.0,621,0.0,0,0,2017-04-17,32405000,625.4,34,0,0,0,0,0,0,0,0,626.2,3,0,0,0,0,0,0,0,0
12,2017-04-17,09:00:06,0,ZC705,XZCE,625.6,621,627.8,50088,3130775280.0,241930,246278,657.2,582.8,620,620.8,0.0,621,0.0,0,0,2017-04-17,32406000,625.4,30,0,0,0,0,0,0,0,0,626.2,2,0,0,0,0,0,0,0,0
13,2017-04-17,09:00:06,0,ZC705,XZCE,625.6,621,627.8,50088,3130775280.0,241930,246278,657.2,582.8,620,620.8,0.0,621,0.0,0,0,2017-04-17,32406000,625.6,8,0,0,0,0,0,0,0,0,625.8,1,0,0,0,0,0,0,0,0
14,2017-04-17,09:00:07,0,ZC705,XZCE,626.4,621,627.8,50100,3131526960.0,241936,246278,657.2,582.8,620,620.8,0.0,621,0.0,0,0,2017-04-17,32407000,625.8,9,0,0,0,0,0,0,0,0,626.4,16,0,0,0,0,0,0,0,0
15,2017-04-17,09:00:07,0,ZC705,XZCE,625.8,621,627.8,50122,3132903720.0,241940,246278,657.2,582.8,620,620.8,0.0,621,0.0,0,0,2017-04-17,32407000,626.0,4,0,0,0,0,0,0,0,0,626.4,12,0,0,0,0,0,0,0,0
16,2017-04-17,09:00:08,0,ZC705,XZCE,626.2,621,627.8,50124,3133028960.0,241942,246278,657.2,582.8,620,620.8,0.0,621,0.0,0,0,2017-04-17,32408000,626.0,4,0,0,0,0,0,0,0,0,626.2,7,0,0,0,0,0,0,0,0
17,2017-04-17,09:00:08,0,ZC705,XZCE,626.2,621,627.8,50134,3133655160.0,241946,246278,657.2,582.8,620,620.8,0.0,621,0.0,0,0,2017-04-17,32408000,625.8,36,0,0,0,0,0,0,0,0,626.2,4,0,0,0,0,0,0,0,0
18,2017-04-17,09:00:09,0,ZC705,XZCE,625.8,621,627.8,50140,3134030640.0,241942,246278,657.2,582.8,620,620.8,0.0,621,0.0,0,0,2017-04-17,32409000,626.0,33,0,0,0,0,0,0,0,0,626.2,2,0,0,0,0,0,0,0,0
19,2017-04-17,09:00:09,0,ZC705,XZCE,626.2,621,627.8,50142,3134155880.0,241944,246278,657.2,582.8,620,620.8,0.0,621,0.0,0,0,2017-04-17,32409000,626.0,33,0,0,0,0,0,0,0,0,626.2,1,0,0,0,0,0,0,0,0
20,2017-04-17,09:00:10,0,ZC705,XZCE,626.0,621,627.8,50172,3136033880.0,241916,246278,657.2,582.8,620,620.8,0.0,621,0.0,0,0,2017-04-17,32410000,626.0,18,0,0,0,0,0,0,0,0,626.2,1,0,0,0,0,0,0,0,0
21,2017-04-17,09:00:10,0,ZC705,XZCE,626.0,621,627.8,50172,3136033880.0,241916,246278,657.2,582.8,620,620.8,0.0,621,0.0,0,0,2017-04-17,32410000,626.0,23,0,0,0,0,0,0,0,0,626.2,1,0,0,0,0,0,0,0,0
22,2017-04-17,09:00:11,0,ZC705,XZCE,626.4,621,627.8,50184,3136785560.0,241928,246278,657.2,582.8,620,620.8,0.0,621,0.0,0,0,2017-04-17,32411000,626.0,23,0,0,0,0,0,0,0,0,626.4,8,0,0,0,0,0,0,0,0
23,2017-04-17,09:00:11,0,ZC705,XZCE,626.4,621,627.8,50184,3136785560.0,241928,246278,657.2,582.8,620,620.8,0.0,621,0.0,0,0,2017-04-17,32411000,626.2,15,0,0,0,0,0,0,0,0,626.4,8,0,0,0,0,0,0,0,0
24,2017-04-17,09:00:12,0,ZC705,XZCE,626.2,621,627.8,50186,3136910800.0,241928,246278,657.2,582.8,620,620.8,0.0,621,0.0,0,0,2017-04-17,32412000,626.2,14,0,0,0,0,0,0,0,0,626.4,8,0,0,0,0,0,0,0,0
25,2017-04-17,09:00:13,0,ZC705,XZCE,626.2,621,627.8,50192,3137286520.0,241926,246278,657.2,582.8,620,620.8,0.0,621,0.0,0,0,2017-04-17,32413000,626.2,12,0,0,0,0,0,0,0,0,626.4,13,0,0,0,0,0,0,0,0
26,2017-04-17,09:00:13,0,ZC705,XZCE,626.2,621,627.8,50194,3137411760.0,241926,246278,657.2,582.8,620,620.8,0.0,621,0.0,0,0,2017-04-17,32413000,626.2,11,0,0,0,0,0,0,0,0,626.4,15,0,0,0,0,0,0,0,0
27,2017-04-17,09:00:14,0,ZC705,XZCE,626.2,621,627.8,50224,3139290360.0,241926,246278,657.2,582.8,620,620.8,0.0,621,0.0,0,0,2017-04-17,32414000,626.0,24,0,0,0,0,0,0,0,0,626.2,35,0,0,0,0,0,0,0,0
28,2017-04-17,09:00:14,0,ZC705,XZCE,625.8,621,627.8,50292,3143545800.0,241902,246278,657.2,582.8,620,620.8,0.0,621,0.0,0,0,2017-04-17,32414000,625.8,24,0,0,0,0,0,0,0,0,626.0,12,0,0,0,0,0,0,0,0
29,2017-04-17,09:00:15,0,ZC705,XZCE,626.0,621,627.8,50344,3146801000.0,241878,246278,657.2,582.8,620,620.8,0.0,621,0.0,0,0,2017-04-17,32415000,625.8,11,0,0,0,0,0,0,0,0,626.0,7,0,0,0,0,0,0,0,0
30,2017-04-17,09:00:15,0,ZC705,XZCE,626.0,621,627.8,50346,3146926200.0,241876,246278,657.2,582.8,620,620.8,0.0,621,0.0,0,0,2017-04-17,32415000,625.8,12,0,0,0,0,0,0,0,0,626.0,6,0,0,0,0,0,0,0,0
31,2017-04-17,09:00:16,0,ZC705,XZCE,626.0,621,627.8,50348,3147051400.0,241874,246278,657.2,582.8,620,620.8,0.0,621,0.0,0,0,2017-04-17,32416000,625.8,13,0,0,0,0,0,0,0,0,626.0,5,0,0,0,0,0,0,0,0
32,2017-04-17,09:00:16,0,ZC705,XZCE,625.8,621,627.8,50350,3147176560.0,241874,246278,657.2,582.8,620,620.8,0.0,621,0.0,0,0,2017-04-17,32416000,625.8,13,0,0,0,0,0,0,0,0,626.0,5,0,0,0,0,0,0,0,0
33,2017-04-17,09:00:17,0,ZC705,XZCE,626.0,621,627.8,50372,3148553760.0,241870,246278,657.2,582.8,620,620.8,0.0,621,0.0,0,0,2017-04-17,32417000,625.8,14,0,0,0,0,0,0,0,0,626.0,4,0,0,0,0,0,0,0,0
34,2017-04-17,09:00:18,0,ZC705,XZCE,626.0,621,627.8,50374,3148678960.0,241870,246278,657.2,582.8,620,620.8,0.0,621,0.0,0,0,2017-04-17,32418000,625.8,14,0,0,0,0,0,0,0,0,626.0,3,0,0,0,0,0,0,0,0
35,2017-04-17,09:00:19,0,ZC705,XZCE,626.0,621,627.8,50380,3149054560.0,241876,246278,657.2,582.8,620,620.8,0.0,621,0.0,0,0,2017-04-17,32419000,625.8,44,0,0,0,0,0,0,0,0,626.2,33,0,0,0,0,0,0,0,0
36,2017-04-17,09:00:19,0,ZC705,XZCE,626.0,621,627.8,50382,3149179760.0,241876,246278,657.2,582.8,620,620.8,0.0,621,0.0,0,0,2017-04-17,32419000,625.8,46,0,0,0,0,0,0,0,0,626.2,33,0,0,0,0,0,0,0,0
37,2017-04-17,09:00:20,0,ZC705,XZCE,626.0,621,627.8,50386,3149430160.0,241876,246278,657.2,582.8,620,620.8,0.0,621,0.0,0,0,2017-04-17,32420000,626.0,58,0,0,0,0,0,0,0,0,626.2,33,0,0,0,0,0,0,0,0
38,2017-04-17,09:00:20,0,ZC705,XZCE,626.0,621,627.8,50386,3149430160.0,241876,246278,657.2,582.8,620,620.8,0.0,621,0.0,0,0,2017-04-17,32420000,626.0,62,0,0,0,0,0,0,0,0,626.2,33,0,0,0,0,0,0,0,0
39,2017-04-17,09:00:21,0,ZC705,XZCE,626.2,621,627.8,50452,3153563080.0,241876,246278,657.2,582.8,620,620.8,0.0,621,0.0,0,0,2017-04-17,32421000,626.0,62,0,0,0,0,0,0,0,0,626.4,1,0,0,0,0,0,0,0,0
40,2017-04-17,09:00:21,0,ZC705,XZCE,626.2,621,627.8,50458,3153938800.0,241882,246278,657.2,582.8,620,620.8,0.0,621,0.0,0,0,2017-04-17,32421000,626.2,15,0,0,0,0,0,0,0,0,626.6,1,0,0,0,0,0,0,0,0
41,2017-04-17,09:00:22,0,ZC705,XZCE,626.2,621,627.8,50458,3153938800.0,241882,246278,657.2,582.8,620,620.8,0.0,621,0.0,0,0,2017-04-17,32422000,626.2,17,0,0,0,0,0,0,0,0,626.6,1,0,0,0,0,0,0,0,0
42,2017-04-17,09:00:22,0,ZC705,XZCE,626.0,621,627.8,50518,3157694800.0,241850,246278,657.2,582.8,620,620.8,0.0,621,0.0,0,0,2017-04-17,32422000,626.2,1,0,0,0,0,0,0,0,0,626.6,1,0,0,0,0,0,0,0,0
43,2017-04-17,09:00:23,0,ZC705,XZCE,626.0,621,627.8,50522,3157945200.0,241848,246278,657.2,582.8,620,620.8,0.0,621,0.0,0,0,2017-04-17,32423000,626.0,50,0,0,0,0,0,0,0,0,626.6,1,0,0,0,0,0,0,0,0
44,2017-04-17,09:00:23,0,ZC705,XZCE,626.0,621,627.8,50530,3158446000.0,241848,246278,657.2,582.8,620,620.8,0.0,621,0.0,0,0,2017-04-17,32423000,626.0,47,0,0,0,0,0,0,0,0,626.6,1,0,0,0,0,0,0,0,0
45,2017-04-17,09:00:24,0,ZC705,XZCE,626.0,621,627.8,50530,3158446000.0,241848,246278,657.2,582.8,620,620.8,0.0,621,0.0,0,0,2017-04-17,32424000,626.0,48,0,0,0,0,0,0,0,0,626.6,1,0,0,0,0,0,0,0,0
46,2017-04-17,09:00:24,0,ZC705,XZCE,626.0,621,627.8,50532,3158571200.0,241846,246278,657.2,582.8,620,620.8,0.0,621,0.0,0,0,2017-04-17,32424000,626.0,47,0,0,0,0,0,0,0,0,626.6,6,0,0,0,0,0,0,0,0
47,2017-04-17,09:00:25,0,ZC705,XZCE,626.6,621,627.8,50536,3158821840.0,241844,246278,657.2,582.8,620,620.8,0.0,621,0.0,0,0,2017-04-17,32425000,626.0,47,0,0,0,0,0,0,0,0,626.6,9,0,0,0,0,0,0,0,0
48,2017-04-17,09:00:26,0,ZC705,XZCE,626.2,621,627.8,50552,3159823760.0,241842,246278,657.2,582.8,620,620.8,0.0,621,0.0,0,0,2017-04-17,32426000,626.0,47,0,0,0,0,0,0,0,0,626.6,9,0,0,0,0,0,0,0,0
49,2017-04-17,09:00:26,0,ZC705,XZCE,626.6,621,627.8,50562,3160450360.0,241844,246278,657.2,582.8,620,620.8,0.0,621,0.0,0,0,2017-04-17,32426000,626.0,47,0,0,0,0,0,0,0,0,626.6,4,0,0,0,0,0,0,0,0
50,2017-04-17,09:00:27,0,ZC705,XZCE,626.0,621,627.8,50564,3160575560.0,241844,246278,657.2,582.8,620,620.8,0.0,621,0.0,0,0,2017-04-17,32427000,626.0,46,0,0,0,0,0,0,0,0,626.6,4,0,0,0,0,0,0,0,0
51,2017-04-17,09:00:27,0,ZC705,XZCE,626.0,621,627.8,50580,3161577160.0,241844,246278,657.2,582.8,620,620.8,0.0,621,0.0,0,0,2017-04-17,32427000,626.0,38,0,0,0,0,0,0,0,0,626.6,4,0,0,0,0,0,0,0,0
52,2017-04-17,09:00:28,0,ZC705,XZCE,626.0,621,627.8,50584,3161827560.0,241844,246278,657.2,582.8,620,620.8,0.0,621,0.0,0,0,2017-04-17,32428000,626.0,36,0,0,0,0,0,0,0,0,626.6,5,0,0,0,0,0,0,0,0
53,2017-04-17,09:00:28,0,ZC705,XZCE,626.0,621,627.8,50594,3162453560.0,241838,246278,657.2,582.8,620,620.8,0.0,621,0.0,0,0,2017-04-17,32428000,626.0,31,0,0,0,0,0,0,0,0,626.6,5,0,0,0,0,0,0,0,0
54,2017-04-17,09:00:29,0,ZC705,XZCE,626.0,621,627.8,50596,3162578760.0,241836,246278,657.2,582.8,620,620.8,0.0,621,0.0,0,0,2017-04-17,32429000,626.0,30,0,0,0,0,0,0,0,0,626.6,5,0,0,0,0,0,0,0,0
55,2017-04-17,09:00:29,0,ZC705,XZCE,626.6,621,627.8,50598,3162704080.0,241836,246278,657.2,582.8,620,620.8,0.0,621,0.0,0,0,2017-04-17,32429000,626.0,30,0,0,0,0,0,0,0,0,626.6,9,0,0,0,0,0,0,0,0
56,2017-04-17,09:00:30,0,ZC705,XZCE,626.2,621,627.8,50614,3163706000.0,241832,246278,657.2,582.8,620,620.8,0.0,621,0.0,0,0,2017-04-17,32430000,626.0,30,0,0,0,0,0,0,0,0,626.6,9,0,0,0,0,0,0,0,0
57,2017-04-17,09:00:30,0,ZC705,XZCE,626.6,621,627.8,50620,3164081960.0,241832,246278,657.2,582.8,620,620.8,0.0,621,0.0,0,0,2017-04-17,32430000,626.0,35,0,0,0,0,0,0,0,0,626.6,6,0,0,0,0,0,0,0,0
58,2017-04-17,09:00:31,0,ZC705,XZCE,626.6,621,627.8,50620,3164081960.0,241832,246278,657.2,582.8,620,620.8,0.0,621,0.0,0,0,2017-04-17,32431000,626.0,35,0,0,0,0,0,0,0,0,626.6,9,0,0,0,0,0,0,0,0
59,2017-04-17,09:00:31,0,ZC705,XZCE,626.0,621,627.8,50636,3165083560.0,241816,246278,657.2,582.8,620,620.8,0.0,621,0.0,0,0,2017-04-17,32431000,626.0,28,0,0,0,0,0,0,0,0,626.6,9,0,0,0,0,0,0,0,0
60,2017-04-17,09:00:32,0,ZC705,XZCE,626.2,621,627.8,50638,3165208800.0,241816,246278,657.2,582.8,620,620.8,0.0,621,0.0,0,0,2017-04-17,32432000,626.2,6,0,0,0,0,0,0,0,0,626.6,9,0,0,0,0,0,0,0,0
61,2017-04-17,09:00:32,0,ZC705,XZCE,626.2,621,627.8,50642,3165459280.0,241814,246278,657.2,582.8,620,620.8,0.0,621,0.0,0,0,2017-04-17,32432000,626.2,5,0,0,0,0,0,0,0,0,626.4,6,0,0,0,0,0,0,0,0
62,2017-04-17,09:00:33,0,ZC705,XZCE,626.4,621,627.8,50648,3165835120.0,241814,246278,657.2,582.8,620,620.8,0.0,621,0.0,0,0,2017-04-17,32433000,626.2,6,0,0,0,0,0,0,0,0,626.6,11,0,0,0,0,0,0,0,0
63,2017-04-17,09:00:33,0,ZC705,XZCE,626.6,621,627.8,50662,3166712360.0,241808,246278,657.2,582.8,620,620.8,0.0,621,0.0,0,0,2017-04-17,32433000,626.6,2,0,0,0,0,0,0,0,0,626.8,7,0,0,0,0,0,0,0,0
64,2017-04-17,09:00:34,0,ZC705,XZCE,626.2,621,627.8,50672,3167338560.0,241798,246278,657.2,582.8,620,620.8,0.0,621,0.0,0,0,2017-04-17,32434000,626.0,26,0,0,0,0,0,0,0,0,626.6,3,0,0,0,0,0,0,0,0
65,2017-04-17,09:00:34,0,ZC705,XZCE,626.2,621,627.8,50678,3167714280.0,241794,246278,657.2,582.8,620,620.8,0.0,621,0.0,0,0,2017-04-17,32434000,626.2,23,0,0,0,0,0,0,0,0,626.6,1,0,0,0,0,0,0,0,0
66,2017-04-17,09:00:35,0,ZC705,XZCE,626.4,621,627.8,50680,3167839560.0,241796,246278,657.2,582.8,620,620.8,0.0,621,0.0,0,0,2017-04-17,32435000,626.4,2,0,0,0,0,0,0,0,0,626.6,1,0,0,0,0,0,0,0,0
67,2017-04-17,09:00:35,0,ZC705,XZCE,626.8,621,627.8,50690,3168466360.0,241806,246278,657.2,582.8,620,620.8,0.0,621,0.0,0,0,2017-04-17,32435000,626.6,5,0,0,0,0,0,0,0,0,626.8,1,0,0,0,0,0,0,0,0
68,2017-04-17,09:00:36,0,ZC705,XZCE,626.6,621,627.8,50700,3169092960.0,241804,246278,657.2,582.8,620,620.8,0.0,621,0.0,0,0,2017-04-17,32436000,626.2,5,0,0,0,0,0,0,0,0,626.6,2,0,0,0,0,0,0,0,0
69,2017-04-17,09:00:36,0,ZC705,XZCE,626.6,621,627.8,50700,3169092960.0,241804,246278,657.2,582.8,620,620.8,0.0,621,0.0,0,0,2017-04-17,32436000,626.2,5,0,0,0,0,0,0,0,0,626.6,3,0,0,0,0,0,0,0,0
70,2017-04-17,09:00:37,0,ZC705,XZCE,626.2,621,627.8,50702,3169218200.0,241806,246278,657.2,582.8,620,620.8,0.0,621,0.0,0,0,2017-04-17,32437000,626.2,4,0,0,0,0,0,0,0,0,626.6,3,0,0,0,0,0,0,0,0
71,2017-04-17,09:00:37,0,ZC705,XZCE,626.2,621,627.8,50706,3169468680.0,241810,246278,657.2,582.8,620,620.8,0.0,621,0.0,0,0,2017-04-17,32437000,626.2,2,0,0,0,0,0,0,0,0,626.6,14,0,0,0,0,0,0,0,0
72,2017-04-17,09:00:38,0,ZC705,XZCE,626.2,621,627.8,50706,3169468680.0,241810,246278,657.2,582.8,620,620.8,0.0,621,0.0,0,0,2017-04-17,32438000,626.2,2,0,0,0,0,0,0,0,0,626.6,19,0,0,0,0,0,0,0,0
73,2017-04-17,09:00:38,0,ZC705,XZCE,626.2,621,627.8,50712,3169844400.0,241812,246278,657.2,582.8,620,620.8,0.0,621,0.0,0,0,2017-04-17,32438000,626.2,13,0,0,0,0,0,0,0,0,626.4,1,0,0,0,0,0,0,0,0
74,2017-04-17,09:00:39,0,ZC705,XZCE,626.2,621,627.8,50714,3169969640.0,241812,246278,657.2,582.8,620,620.8,0.0,621,0.0,0,0,2017-04-17,32439000,626.2,12,0,0,0,0,0,0,0,0,626.4,7,0,0,0,0,0,0,0,0
75,2017-04-17,09:00:39,0,ZC705,XZCE,626.2,621,627.8,50716,3170094880.0,241810,246278,657.2,582.8,620,620.8,0.0,621,0.0,0,0,2017-04-17,32439000,626.2,11,0,0,0,0,0,0,0,0,626.4,7,0,0,0,0,0,0,0,0
76,2017-04-17,09:00:40,0,ZC705,XZCE,626.4,621,627.8,50732,3171097120.0,241818,246278,657.2,582.8,620,620.8,0.0,621,0.0,0,0,2017-04-17,32440000,626.2,18,0,0,0,0,0,0,0,0,626.6,14,0,0,0,0,0,0,0,0
77,2017-04-17,09:00:40,0,ZC705,XZCE,626.2,621,627.8,50734,3171222360.0,241820,246278,657.2,582.8,620,620.8,0.0,621,0.0,0,0,2017-04-17,32440000,626.2,9,0,0,0,0,0,0,0,0,626.6,14,0,0,0,0,0,0,0,0
78,2017-04-17,09:00:41,0,ZC705,XZCE,626.2,621,627.8,50752,3172349520.0,241802,246278,657.2,582.8,620,620.8,0.0,621,0.0,0,0,2017-04-17,32441000,626.2,1,0,0,0,0,0,0,0,0,626.6,14,0,0,0,0,0,0,0,0
79,2017-04-17,09:00:41,0,ZC705,XZCE,626.0,621,627.8,50802,3175479520.0,241752,246278,657.2,582.8,620,620.8,0.0,621,0.0,0,0,2017-04-17,32441000,626.2,2,0,0,0,0,0,0,0,0,626.4,1,0,0,0,0,0,0,0,0
80,2017-04-17,09:00:42,0,ZC705,XZCE,626.4,621,627.8,50812,3176105920.0,241744,246278,657.2,582.8,620,620.8,0.0,621,0.0,0,0,2017-04-17,32442000,626.2,1,0,0,0,0,0,0,0,0,626.6,15,0,0,0,0,0,0,0,0
81,2017-04-17,09:00:42,0,ZC705,XZCE,626.0,621,627.8,50828,3177107520.0,241738,246278,657.2,582.8,620,620.8,0.0,621,0.0,0,0,2017-04-17,32442000,626.0,16,0,0,0,0,0,0,0,0,626.6,17,0,0,0,0,0,0,0,0
82,2017-04-17,09:00:43,0,ZC705,XZCE,626.0,621,627.8,50836,3177608320.0,241732,246278,657.2,582.8,620,620.8,0.0,621,0.0,0,0,2017-04-17,32443000,626.0,12,0,0,0,0,0,0,0,0,626.4,5,0,0,0,0,0,0,0,0
83,2017-04-17,09:00:43,0,ZC705,XZCE,626.2,621,627.8,50840,3177858800.0,241730,246278,657.2,582.8,620,620.8,0.0,621,0.0,0,0,2017-04-17,32443000,626.0,11,0,0,0,0,0,0,0,0,626.4,5,0,0,0,0,0,0,0,0
84,2017-04-17,09:00:44,0,ZC705,XZCE,625.8,621,627.8,50880,3180362000.0,241752,246278,657.2,582.8,620,620.8,0.0,621,0.0,0,0,2017-04-17,32444000,625.8,33,0,0,0,0,0,0,0,0,626.4,5,0,0,0,0,0,0,0,0
85,2017-04-17,09:00:44,0,ZC705,XZCE,626.0,621,627.8,50882,3180487200.0,241750,246278,657.2,582.8,620,620.8,0.0,621,0.0,0,0,2017-04-17,32444000,626.0,11,0,0,0,0,0,0,0,0,626.4,5,0,0,0,0,0,0,0,0
86,2017-04-17,09:00:45,0,ZC705,XZCE,626.0,621,627.8,50882,3180487200.0,241750,246278,657.2,582.8,620,620.8,0.0,621,0.0,0,0,2017-04-17,32445000,626.0,11,0,0,0,0,0,0,0,0,626.2,10,0,0,0,0,0,0,0,0
87,2017-04-17,09:00:45,0,ZC705,XZCE,626.0,621,627.8,50896,3181363600.0,241736,246278,657.2,582.8,620,620.8,0.0,621,0.0,0,0,2017-04-17,32445000,626.0,4,0,0,0,0,0,0,0,0,626.2,10,0,0,0,0,0,0,0,0
88,2017-04-17,09:00:46,0,ZC705,XZCE,626.0,621,627.8,50914,3182490400.0,241718,246278,657.2,582.8,620,620.8,0.0,621,0.0,0,0,2017-04-17,32446000,625.8,33,0,0,0,0,0,0,0,0,626.2,2,0,0,0,0,0,0,0,0
89,2017-04-17,09:00:46,0,ZC705,XZCE,626.2,621,627.8,50936,3183868040.0,241728,246278,657.2,582.8,620,620.8,0.0,621,0.0,0,0,2017-04-17,32446000,626.0,32,0,0,0,0,0,0,0,0,626.2,1,0,0,0,0,0,0,0,0
90,2017-04-17,09:00:47,0,ZC705,XZCE,626.2,621,627.8,50944,3184369000.0,241728,246278,657.2,582.8,620,620.8,0.0,621,0.0,0,0,2017-04-17,32447000,626.2,2,0,0,0,0,0,0,0,0,626.4,5,0,0,0,0,0,0,0,0
91,2017-04-17,09:00:48,0,ZC705,XZCE,626.2,621,627.8,50948,3184619480.0,241728,246278,657.2,582.8,620,620.8,0.0,621,0.0,0,0,2017-04-17,32448000,626.2,1,0,0,0,0,0,0,0,0,626.4,5,0,0,0,0,0,0,0,0
92,2017-04-17,09:00:48,0,ZC705,XZCE,626.4,621,627.8,50954,3184995320.0,241724,246278,657.2,582.8,620,620.8,0.0,621,0.0,0,0,2017-04-17,32448000,626.0,32,0,0,0,0,0,0,0,0,626.4,3,0,0,0,0,0,0,0,0
93,2017-04-17,09:00:49,0,ZC705,XZCE,626.4,621,627.8,50956,3185120600.0,241722,246278,657.2,582.8,620,620.8,0.0,621,0.0,0,0,2017-04-17,32449000,626.0,32,0,0,0,0,0,0,0,0,626.4,2,0,0,0,0,0,0,0,0
94,2017-04-17,09:00:49,0,ZC705,XZCE,625.0,621,627.8,51140,3196620600.0,241612,246278,657.2,582.8,620,620.8,0.0,621,0.0,0,0,2017-04-17,32449000,625.6,4,0,0,0,0,0,0,0,0,626.0,4,0,0,0,0,0,0,0,0
95,2017-04-17,09:00:50,0,ZC705,XZCE,625.0,621,627.8,51140,3196620600.0,241612,246278,657.2,582.8,620,620.8,0.0,621,0.0,0,0,2017-04-17,32450000,625.6,1,0,0,0,0,0,0,0,0,626.2,1,0,0,0,0,0,0,0,0
96,2017-04-17,09:00:50,0,ZC705,XZCE,625.0,621,627.8,51140,3196620600.0,241612,246278,657.2,582.8,620,620.8,0.0,621,0.0,0,0,2017-04-17,32450000,625.8,1,0,0,0,0,0,0,0,0,626.0,8,0,0,0,0,0,0,0,0
97,2017-04-17,09:00:51,0,ZC705,XZCE,626.4,621,627.8,51162,3197998680.0,241606,246278,657.2,582.8,620,620.8,0.0,621,0.0,0,0,2017-04-17,32451000,625.8,1,0,0,0,0,0,0,0,0,626.4,10,0,0,0,0,0,0,0,0
98,2017-04-17,09:00:51,0,ZC705,XZCE,626.4,621,627.8,51166,3198249240.0,241604,246278,657.2,582.8,620,620.8,0.0,621,0.0,0,0,2017-04-17,32451000,625.6,1,0,0,0,0,0,0,0,0,626.2,1,0,0,0,0,0,0,0,0
99,2017-04-17,09:00:52,0,ZC705,XZCE,626.4,621,627.8,51168,3198374520.0,241604,246278,657.2,582.8,620,620.8,0.0,621,0.0,0,0,2017-04-17,32452000,625.6,1,0,0,0,0,0,0,0,0,626.2,1,0,0,0,0,0,0,0,0
100,2017-04-17,09:00:53,0,ZC705,XZCE,626.4,621,627.8,51168,3198374520.0,241604,246278,657.2,582.8,620,620.8,0.0,621,0.0,0,0,2017-04-17,32453000,625.4,6,0,0,0,0,0,0,0,0,626.4,8,0,0,0,0,0,0,0,0
101,2017-04-17,09:00:53,0,ZC705,XZCE,626.4,621,627.8,51168,3198374520.0,241604,246278,657.2,582.8,620,620.8,0.0,621,0.0,0,0,2017-04-17,32453000,625.4,6,0,0,0,0,0,0,0,0,626.2,10,0,0,0,0,0,0,0,0
102,2017-04-17,09:00:54,0,ZC705,XZCE,625.4,621,627.8,51172,3198624680.0,241604,246278,657.2,582.8,620,620.8,0.0,621,0.0,0,0,2017-04-17,32454000,625.4,5,0,0,0,0,0,0,0,0,626.2,13,0,0,0,0,0,0,0,0
103,2017-04-17,09:00:54,0,ZC705,XZCE,625.6,621,627.8,51188,3199625640.0,241596,246278,657.2,582.8,620,620.8,0.0,621,0.0,0,0,2017-04-17,32454000,625.6,20,0,0,0,0,0,0,0,0,626.0,1,0,0,0,0,0,0,0,0
104,2017-04-17,09:00:55,0,ZC705,XZCE,626.0,621,627.8,51190,3199750840.0,241596,246278,657.2,582.8,620,620.8,0.0,621,0.0,0,0,2017-04-17,32455000,625.6,7,0,0,0,0,0,0,0,0,626.2,13,0,0,0,0,0,0,0,0
105,2017-04-17,09:00:55,0,ZC705,XZCE,626.0,621,627.8,51190,3199750840.0,241596,246278,657.2,582.8,620,620.8,0.0,621,0.0,0,0,2017-04-17,32455000,625.6,3,0,0,0,0,0,0,0,0,626.0,1,0,0,0,0,0,0,0,0
106,2017-04-17,09:00:56,0,ZC705,XZCE,625.6,621,627.8,51196,3200126200.0,241592,246278,657.2,582.8,620,620.8,0.0,621,0.0,0,0,2017-04-17,32456000,625.4,5,0,0,0,0,0,0,0,0,626.0,1,0,0,0,0,0,0,0,0
107,2017-04-17,09:00:56,0,ZC705,XZCE,626.4,621,627.8,51218,3201504280.0,241588,246278,657.2,582.8,620,620.8,0.0,621,0.0,0,0,2017-04-17,32456000,625.6,1,0,0,0,0,0,0,0,0,626.2,1,0,0,0,0,0,0,0,0
108,2017-04-17,09:00:57,0,ZC705,XZCE,625.6,621,627.8,51220,3201629400.0,241590,246278,657.2,582.8,620,620.8,0.0,621,0.0,0,0,2017-04-17,32457000,625.4,4,0,0,0,0,0,0,0,0,626.2,2,0,0,0,0,0,0,0,0
109,2017-04-17,09:00:58,0,ZC705,XZCE,626.0,621,627.8,51226,3202005000.0,241596,246278,657.2,582.8,620,620.8,0.0,621,0.0,0,0,2017-04-17,32458000,625.4,4,0,0,0,0,0,0,0,0,626.0,6,0,0,0,0,0,0,0,0
110,2017-04-17,09:00:59,0,ZC705,XZCE,625.4,621,627.8,51228,3202130080.0,241598,246278,657.2,582.8,620,620.8,0.0,621,0.0,0,0,2017-04-17,32459000,625.6,1,0,0,0,0,0,0,0,0,626.0,6,0,0,0,0,0,0,0,0
111,2017-04-17,09:00:59,0,ZC705,XZCE,626.0,621,627.8,51230,3202255280.0,241598,246278,657.2,582.8,620,620.8,0.0,621,0.0,0,0,2017-04-17,32459000,625.6,4,0,0,0,0,0,0,0,0,626.0,8,0,0,0,0,0,0,0,0
112,2017-04-17,09:01:00,0,ZC705,XZCE,626.0,621,627.8,51230,3202255280.0,241598,246278,657.2,582.8,620,620.8,0.0,621,0.0,0,0,2017-04-17,32460000,625.6,7,0,0,0,0,0,0,0,0,626.0,8,0,0,0,0,0,0,0,0
113,2017-04-17,09:01:00,0,ZC705,XZCE,625.6,621,627.8,51232,3202380400.0,241600,246278,657.2,582.8,620,620.8,0.0,621,0.0,0,0,2017-04-17,32460000,625.6,10,0,0,0,0,0,0,0,0,625.8,8,0,0,0,0,0,0,0,0
114,2017-04-17,09:01:01,0,ZC705,XZCE,625.6,621,627.8,51252,3203631600.0,241612,246278,657.2,582.8,620,620.8,0.0,621,0.0,0,0,2017-04-17,32461000,625.4,2,0,0,0,0,0,0,0,0,625.8,10,0,0,0,0,0,0,0,0
115,2017-04-17,09:01:01,0,ZC705,XZCE,625.6,621,627.8,51262,3204257200.0,241612,246278,657.2,582.8,620,620.8,0.0,621,0.0,0,0,2017-04-17,32461000,625.4,5,0,0,0,0,0,0,0,0,625.8,12,0,0,0,0,0,0,0,0
116,2017-04-17,09:01:02,0,ZC705,XZCE,625.6,621,627.8,51262,3204257200.0,241612,246278,657.2,582.8,620,620.8,0.0,621,0.0,0,0,2017-04-17,32462000,625.4,9,0,0,0,0,0,0,0,0,625.8,12,0,0,0,0,0,0,0,0
117,2017-04-17,09:01:02,0,ZC705,XZCE,625.6,621,627.8,51278,3205258160.0,241610,246278,657.2,582.8,620,620.8,0.0,621,0.0,0,0,2017-04-17,32462000,625.6,11,0,0,0,0,0,0,0,0,625.8,11,0,0,0,0,0,0,0,0
118,2017-04-17,09:01:03,0,ZC705,XZCE,625.6,621,627.8,51280,3205383280.0,241608,246278,657.2,582.8,620,620.8,0.0,621,0.0,0,0,2017-04-17,32463000,625.6,13,0,0,0,0,0,0,0,0,625.8,11,0,0,0,0,0,0,0,0
119,2017-04-17,09:01:04,0,ZC705,XZCE,625.6,621,627.8,51290,3206008880.0,241598,246278,657.2,582.8,620,620.8,0.0,621,0.0,0,0,2017-04-17,32464000,625.6,11,0,0,0,0,0,0,0,0,625.8,11,0,0,0,0,0,0,0,0
120,2017-04-17,09:01:04,0,ZC705,XZCE,625.6,621,627.8,51336,3208886640.0,241592,246278,657.2,582.8,620,620.8,0.0,621,0.0,0,0,2017-04-17,32464000,625.6,2,0,0,0,0,0,0,0,0,625.8,1,0,0,0,0,0,0,0,0
121,2017-04-17,09:01:05,0,ZC705,XZCE,625.8,621,627.8,51352,3209887920.0,241600,246278,657.2,582.8,620,620.8,0.0,621,0.0,0,0,2017-04-17,32465000,625.6,6,0,0,0,0,0,0,0,0,625.8,12,0,0,0,0,0,0,0,0
122,2017-04-17,09:01:05,0,ZC705,XZCE,624.8,621,627.8,51538,3221509200.0,241476,246278,657.2,582.8,620,620.8,0.0,621,0.0,0,0,2017-04-17,32465000,625.0,2,0,0,0,0,0,0,0,0,625.2,2,0,0,0,0,0,0,0,0
123,2017-04-17,09:01:06,0,ZC705,XZCE,624.8,621,627.8,51548,3222134000.0,241474,246278,657.2,582.8,620,620.8,0.0,621,0.0,0,0,2017-04-17,32466000,624.8,1,0,0,0,0,0,0,0,0,625.2,4,0,0,0,0,0,0,0,0
124,2017-04-17,09:01:06,0,ZC705,XZCE,625.4,621,627.8,51562,3223009560.0,241466,246278,657.2,582.8,620,620.8,0.0,621,0.0,0,0,2017-04-17,32466000,624.8,16,0,0,0,0,0,0,0,0,625.4,14,0,0,0,0,0,0,0,0
125,2017-04-17,09:01:07,0,ZC705,XZCE,625.4,621,627.8,51568,3223384800.0,241466,246278,657.2,582.8,620,620.8,0.0,621,0.0,0,0,2017-04-17,32467000,625.2,2,0,0,0,0,0,0,0,0,625.4,7,0,0,0,0,0,0,0,0
126,2017-04-17,09:01:08,0,ZC705,XZCE,625.4,621,627.8,51602,3225511160.0,241448,246278,657.2,582.8,620,620.8,0.0,621,0.0,0,0,2017-04-17,32468000,625.0,5,0,0,0,0,0,0,0,0,625.4,2,0,0,0,0,0,0,0,0
127,2017-04-17,09:01:08,0,ZC705,XZCE,625.4,621,627.8,51606,3225761320.0,241448,246278,657.2,582.8,620,620.8,0.0,621,0.0,0,0,2017-04-17,32468000,625.0,28,0,0,0,0,0,0,0,0,625.4,8,0,0,0,0,0,0,0,0
128,2017-04-17,09:01:08,0,ZC705,XZCE,625.0,621,627.8,51620,3226636320.0,241438,246278,657.2,582.8,620,620.8,0.0,621,0.0,0,0,2017-04-17,32468000,625.0,21,0,0,0,0,0,0,0,0,625.4,8,0,0,0,0,0,0,0,0
129,2017-04-17,09:01:09,0,ZC705,XZCE,625.2,621,627.8,51626,3227011440.0,241444,246278,657.2,582.8,620,620.8,0.0,621,0.0,0,0,2017-04-17,32469000,625.0,21,0,0,0,0,0,0,0,0,625.4,8,0,0,0,0,0,0,0,0
130,2017-04-17,09:01:09,0,ZC705,XZCE,625.2,621,627.8,51632,3227386560.0,241450,246278,657.2,582.8,620,620.8,0.0,621,0.0,0,0,2017-04-17,32469000,625.0,21,0,0,0,0,0,0,0,0,625.4,8,0,0,0,0,0,0,0,0
131,2017-04-17,09:01:10,0,ZC705,XZCE,625.2,621,627.8,51632,3227386560.0,241450,246278,657.2,582.8,620,620.8,0.0,621,0.0,0,0,2017-04-17,32470000,625.2,3,0,0,0,0,0,0,0,0,625.4,8,0,0,0,0,0,0,0,0
132,2017-04-17,09:01:10,0,ZC705,XZCE,625.2,621,627.8,51644,3228136800.0,241458,246278,657.2,582.8,620,620.8,0.0,621,0.0,0,0,2017-04-17,32470000,625.0,21,0,0,0,0,0,0,0,0,625.2,2,0,0,0,0,0,0,0,0
133,2017-04-17,09:01:11,0,ZC705,XZCE,625.2,621,627.8,51650,3228511920.0,241464,246278,657.2,582.8,620,620.8,0.0,621,0.0,0,0,2017-04-17,32471000,625.2,5,0,0,0,0,0,0,0,0,625.4,8,0,0,0,0,0,0,0,0
134,2017-04-17,09:01:11,0,ZC705,XZCE,625.4,621,627.8,51676,3230137960.0,241460,246278,657.2,582.8,620,620.8,0.0,621,0.0,0,0,2017-04-17,32471000,625.4,11,0,0,0,0,0,0,0,0,625.6,10,0,0,0,0,0,0,0,0
135,2017-04-17,09:01:12,0,ZC705,XZCE,625.4,621,627.8,51678,3230263040.0,241458,246278,657.2,582.8,620,620.8,0.0,621,0.0,0,0,2017-04-17,32472000,625.4,11,0,0,0,0,0,0,0,0,625.6,10,0,0,0,0,0,0,0,0
136,2017-04-17,09:01:12,0,ZC705,XZCE,625.4,621,627.8,51680,3230388120.0,241458,246278,657.2,582.8,620,620.8,0.0,621,0.0,0,0,2017-04-17,32472000,625.4,11,0,0,0,0,0,0,0,0,625.6,10,0,0,0,0,0,0,0,0
137,2017-04-17,09:01:13,0,ZC705,XZCE,625.4,621,627.8,51682,3230513200.0,241458,246278,657.2,582.8,620,620.8,0.0,621,0.0,0,0,2017-04-17,32473000,625.4,10,0,0,0,0,0,0,0,0,625.6,10,0,0,0,0,0,0,0,0
138,2017-04-17,09:01:13,0,ZC705,XZCE,625.4,621,627.8,51702,3231764000.0,241460,246278,657.2,582.8,620,620.8,0.0,621,0.0,0,0,2017-04-17,32473000,625.2,3,0,0,0,0,0,0,0,0,625.4,2,0,0,0,0,0,0,0,0
139,2017-04-17,09:01:14,0,ZC705,XZCE,625.2,621,627.8,51704,3231889040.0,241462,246278,657.2,582.8,620,620.8,0.0,621,0.0,0,0,2017-04-17,32474000,625.2,2,0,0,0,0,0,0,0,0,625.4,12,0,0,0,0,0,0,0,0
140,2017-04-17,09:01:14,0,ZC705,XZCE,625.6,621,627.8,51780,3236643600.0,241428,246278,657.2,582.8,620,620.8,0.0,621,0.0,0,0,2017-04-17,32474000,625.6,14,0,0,0,0,0,0,0,0,625.8,17,0,0,0,0,0,0,0,0
141,2017-04-17,09:01:15,0,ZC705,XZCE,625.8,621,627.8,51828,3239647440.0,241394,246278,657.2,582.8,620,620.8,0.0,621,0.0,0,0,2017-04-17,32475000,625.0,11,0,0,0,0,0,0,0,0,625.8,13,0,0,0,0,0,0,0,0
142,2017-04-17,09:01:15,0,ZC705,XZCE,625.0,621,627.8,51830,3239772440.0,241394,246278,657.2,582.8,620,620.8,0.0,621,0.0,0,0,2017-04-17,32475000,625.0,10,0,0,0,0,0,0,0,0,625.6,12,0,0,0,0,0,0,0,0
143,2017-04-17,09:01:16,0,ZC705,XZCE,625.6,621,627.8,51832,3239897560.0,241394,246278,657.2,582.8,620,620.8,0.0,621,0.0,0,0,2017-04-17,32476000,625.2,1,0,0,0,0,0,0,0,0,625.6,11,0,0,0,0,0,0,0,0
144,2017-04-17,09:01:16,0,ZC705,XZCE,625.6,621,627.8,51856,3241399000.0,241392,246278,657.2,582.8,620,620.8,0.0,621,0.0,0,0,2017-04-17,32476000,625.6,12,0,0,0,0,0,0,0,0,625.8,13,0,0,0,0,0,0,0,0
145,2017-04-17,09:01:17,0,ZC705,XZCE,625.6,621,627.8,51880,3242900440.0,241392,246278,657.2,582.8,620,620.8,0.0,621,0.0,0,0,2017-04-17,32477000,625.2,10,0,0,0,0,0,0,0,0,625.8,13,0,0,0,0,0,0,0,0
146,2017-04-17,09:01:18,0,ZC705,XZCE,625.8,621,627.8,51886,3243275920.0,241392,246278,657.2,582.8,620,620.8,0.0,621,0.0,0,0,2017-04-17,32478000,625.2,11,0,0,0,0,0,0,0,0,625.8,10,0,0,0,0,0,0,0,0
147,2017-04-17,09:01:18,0,ZC705,XZCE,625.8,621,627.8,51888,3243401080.0,241392,246278,657.2,582.8,620,620.8,0.0,621,0.0,0,0,2017-04-17,32478000,625.2,11,0,0,0,0,0,0,0,0,625.8,9,0,0,0,0,0,0,0,0
148,2017-04-17,09:01:19,0,ZC705,XZCE,625.8,621,627.8,51888,3243401080.0,241392,246278,657.2,582.8,620,620.8,0.0,621,0.0,0,0,2017-04-17,32479000,625.4,5,0,0,0,0,0,0,0,0,625.8,9,0,0,0,0,0,0,0,0
149,2017-04-17,09:01:19,0,ZC705,XZCE,625.4,621,627.8,51898,3244026480.0,241392,246278,657.2,582.8,620,620.8,0.0,621,0.0,0,0,2017-04-17,32479000,625.2,11,0,0,0,0,0,0,0,0,625.6,4,0,0,0,0,0,0,0,0
150,2017-04-17,09:01:20,0,ZC705,XZCE,625.2,621,627.8,51924,3245652000.0,241392,246278,657.2,582.8,620,620.8,0.0,621,0.0,0,0,2017-04-17,32480000,625.2,1,0,0,0,0,0,0,0,0,625.6,1,0,0,0,0,0,0,0,0
151,2017-04-17,09:01:20,0,ZC705,XZCE,625.2,621,627.8,51956,3247652640.0,241394,246278,657.2,582.8,620,620.8,0.0,621,0.0,0,0,2017-04-17,32480000,625.4,4,0,0,0,0,0,0,0,0,625.8,1,0,0,0,0,0,0,0,0
152,2017-04-17,09:01:21,0,ZC705,XZCE,625.2,621,627.8,51956,3247652640.0,241394,246278,657.2,582.8,620,620.8,0.0,621,0.0,0,0,2017-04-17,32481000,625.4,4,0,0,0,0,0,0,0,0,625.8,2,0,0,0,0,0,0,0,0
153,2017-04-17,09:01:21,0,ZC705,XZCE,625.8,621,627.8,51964,3248153280.0,241392,246278,657.2,582.8,620,620.8,0.0,621,0.0,0,0,2017-04-17,32481000,625.4,2,0,0,0,0,0,0,0,0,626.0,27,0,0,0,0,0,0,0,0
154,2017-04-17,09:01:22,0,ZC705,XZCE,625.4,621,627.8,51988,3249654240.0,241370,246278,657.2,582.8,620,620.8,0.0,621,0.0,0,0,2017-04-17,32482000,625.4,14,0,0,0,0,0,0,0,0,626.0,27,0,0,0,0,0,0,0,0
155,2017-04-17,09:01:24,0,ZC705,XZCE,626.0,621,627.8,51990,3249779440.0,241368,246278,657.2,582.8,620,620.8,0.0,621,0.0,0,0,2017-04-17,32484000,625.4,14,0,0,0,0,0,0,0,0,626.0,26,0,0,0,0,0,0,0,0
156,2017-04-17,09:01:24,0,ZC705,XZCE,625.8,621,627.8,51992,3249904599.99,241366,246278,657.2,582.8,620,620.8,0.0,621,0.0,0,0,2017-04-17,32484000,625.4,14,0,0,0,0,0,0,0,0,625.8,9,0,0,0,0,0,0,0,0
157,2017-04-17,09:01:24,0,ZC705,XZCE,625.4,621,627.8,52024,3251905879.99,241350,246278,657.2,582.8,620,620.8,0.0,621,0.0,0,0,2017-04-17,32484000,625.4,13,0,0,0,0,0,0,0,0,625.8,20,0,0,0,0,0,0,0,0
158,2017-04-17,09:01:25,0,ZC705,XZCE,625.6,621,627.8,52032,3252406359.99,241342,246278,657.2,582.8,620,620.8,0.0,621,0.0,0,0,2017-04-17,32485000,625.6,8,0,0,0,0,0,0,0,0,625.8,20,0,0,0,0,0,0,0,0
159,2017-04-17,09:01:26,0,ZC705,XZCE,625.6,621,627.8,52054,3253782679.99,241342,246278,657.2,582.8,620,620.8,0.0,621,0.0,0,0,2017-04-17,32486000,625.6,9,0,0,0,0,0,0,0,0,625.8,10,0,0,0,0,0,0,0,0
160,2017-04-17,09:01:26,0,ZC705,XZCE,625.6,621,627.8,52056,3253907799.99,241340,246278,657.2,582.8,620,620.8,0.0,621,0.0,0,0,2017-04-17,32486000,625.6,8,0,0,0,0,0,0,0,0,625.8,10,0,0,0,0,0,0,0,0
161,2017-04-17,09:01:26,0,ZC705,XZCE,625.8,621,627.8,52078,3255284559.99,241338,246278,657.2,582.8,620,620.8,0.0,621,0.0,0,0,2017-04-17,32486000,625.8,13,0,0,0,0,0,0,0,0,626.0,27,0,0,0,0,0,0,0,0
162,2017-04-17,09:01:27,0,ZC705,XZCE,625.8,621,627.8,52080,3255409719.99,241338,246278,657.2,582.8,620,620.8,0.0,621,0.0,0,0,2017-04-17,32487000,625.8,14,0,0,0,0,0,0,0,0,626.0,27,0,0,0,0,0,0,0,0
163,2017-04-17,09:01:27,0,ZC705,XZCE,625.8,621,627.8,52090,3256035519.99,241328,246278,657.2,582.8,620,620.8,0.0,621,0.0,0,0,2017-04-17,32487000,625.8,9,0,0,0,0,0,0,0,0,626.0,27,0,0,0,0,0,0,0,0
164,2017-04-17,09:01:28,0,ZC705,XZCE,625.8,621,627.8,52106,3257036799.99,241320,246278,657.2,582.8,620,620.8,0.0,621,0.0,0,0,2017-04-17,32488000,625.8,6,0,0,0,0,0,0,0,0,626.0,22,0,0,0,0,0,0,0,0
165,2017-04-17,09:01:28,0,ZC705,XZCE,625.8,621,627.8,52108,3257161959.99,241320,246278,657.2,582.8,620,620.8,0.0,621,0.0,0,0,2017-04-17,32488000,625.8,5,0,0,0,0,0,0,0,0,626.0,22,0,0,0,0,0,0,0,0
166,2017-04-17,09:01:30,0,ZC705,XZCE,625.8,621,627.8,52110,3257287119.99,241318,246278,657.2,582.8,620,620.8,0.0,621,0.0,0,0,2017-04-17,32490000,625.8,4,0,0,0,0,0,0,0,0,626.0,22,0,0,0,0,0,0,0,0
167,2017-04-17,09:01:31,0,ZC705,XZCE,625.8,621,627.8,52114,3257537439.99,241318,246278,657.2,582.8,620,620.8,0.0,621,0.0,0,0,2017-04-17,32491000,625.8,8,0,0,0,0,0,0,0,0,626.0,22,0,0,0,0,0,0,0,0
168,2017-04-17,09:01:31,0,ZC705,XZCE,625.8,621,627.8,52114,3257537439.99,241318,246278,657.2,582.8,620,620.8,0.0,621,0.0,0,0,2017-04-17,32491000,625.8,10,0,0,0,0,0,0,0,0,626.0,23,0,0,0,0,0,0,0,0
169,2017-04-17,09:01:32,0,ZC705,XZCE,625.8,621,627.8,52120,3257912919.99,241316,246278,657.2,582.8,620,620.8,0.0,621,0.0,0,0,2017-04-17,32492000,625.8,7,0,0,0,0,0,0,0,0,626.0,23,0,0,0,0,0,0,0,0
170,2017-04-17,09:01:32,0,ZC705,XZCE,625.8,621,627.8,52122,3258038079.99,241314,246278,657.2,582.8,620,620.8,0.0,621,0.0,0,0,2017-04-17,32492000,625.8,6,0,0,0,0,0,0,0,0,626.0,26,0,0,0,0,0,0,0,0
171,2017-04-17,09:01:32,0,ZC705,XZCE,625.8,621,627.8,52134,3258789039.99,241308,246278,657.2,582.8,620,620.8,0.0,621,0.0,0,0,2017-04-17,32492000,625.6,7,0,0,0,0,0,0,0,0,625.8,2,0,0,0,0,0,0,0,0
172,2017-04-17,09:01:33,0,ZC705,XZCE,625.6,621,627.8,52136,3258914159.99,241308,246278,657.2,582.8,620,620.8,0.0,621,0.0,0,0,2017-04-17,32493000,625.6,6,0,0,0,0,0,0,0,0,625.8,7,0,0,0,0,0,0,0,0
173,2017-04-17,09:01:33,0,ZC705,XZCE,625.6,621,627.8,52136,3258914159.99,241308,246278,657.2,582.8,620,620.8,0.0,621,0.0,0,0,2017-04-17,32493000,625.6,6,0,0,0,0,0,0,0,0,625.8,8,0,0,0,0,0,0,0,0
174,2017-04-17,09:01:34,0,ZC705,XZCE,625.6,621,627.8,52136,3258914159.99,241308,246278,657.2,582.8,620,620.8,0.0,621,0.0,0,0,2017-04-17,32494000,625.6,6,0,0,0,0,0,0,0,0,625.8,10,0,0,0,0,0,0,0,0
175,2017-04-17,09:01:35,0,ZC705,XZCE,625.8,621,627.8,52146,3259539959.99,241302,246278,657.2,582.8,620,620.8,0.0,621,0.0,0,0,2017-04-17,32495000,625.6,6,0,0,0,0,0,0,0,0,625.8,5,0,0,0,0,0,0,0,0
176,2017-04-17,09:01:35,0,ZC705,XZCE,625.6,621,627.8,52150,3259790199.99,241302,246278,657.2,582.8,620,620.8,0.0,621,0.0,0,0,2017-04-17,32495000,625.6,6,0,0,0,0,0,0,0,0,625.8,5,0,0,0,0,0,0,0,0
177,2017-04-17,09:01:36,0,ZC705,XZCE,625.8,621,627.8,52160,3260415999.99,241300,246278,657.2,582.8,620,620.8,0.0,621,0.0,0,0,2017-04-17,32496000,625.8,25,0,0,0,0,0,0,0,0,626.0,26,0,0,0,0,0,0,0,0
178,2017-04-17,09:01:36,0,ZC705,XZCE,625.8,621,627.8,52164,3260666319.99,241298,246278,657.2,582.8,620,620.8,0.0,621,0.0,0,0,2017-04-17,32496000,625.8,25,0,0,0,0,0,0,0,0,626.0,25,0,0,0,0,0,0,0,0
179,2017-04-17,09:01:37,0,ZC705,XZCE,625.8,621,627.8,52166,3260791479.99,241296,246278,657.2,582.8,620,620.8,0.0,621,0.0,0,0,2017-04-17,32497000,625.8,24,0,0,0,0,0,0,0,0,626.0,26,0,0,0,0,0,0,0,0
180,2017-04-17,09:01:37,0,ZC705,XZCE,625.8,621,627.8,52166,3260791479.99,241296,246278,657.2,582.8,620,620.8,0.0,621,0.0,0,0,2017-04-17,32497000,625.8,24,0,0,0,0,0,0,0,0,626.0,31,0,0,0,0,0,0,0,0
181,2017-04-17,09:01:38,0,ZC705,XZCE,626.0,621,627.8,52172,3261167079.99,241294,246278,657.2,582.8,620,620.8,0.0,621,0.0,0,0,2017-04-17,32498000,625.8,23,0,0,0,0,0,0,0,0,626.0,29,0,0,0,0,0,0,0,0
182,2017-04-17,09:01:38,0,ZC705,XZCE,625.6,621,627.8,52264,3266922599.99,241204,246278,657.2,582.8,620,620.8,0.0,621,0.0,0,0,2017-04-17,32498000,625.6,31,0,0,0,0,0,0,0,0,625.8,1,0,0,0,0,0,0,0,0
183,2017-04-17,09:01:39,0,ZC705,XZCE,625.8,621,627.8,52270,3267298079.99,241202,246278,657.2,582.8,620,620.8,0.0,621,0.0,0,0,2017-04-17,32499000,625.6,31,0,0,0,0,0,0,0,0,625.8,14,0,0,0,0,0,0,0,0
184,2017-04-17,09:01:39,0,ZC705,XZCE,625.6,621,627.8,52274,3267548319.99,241202,246278,657.2,582.8,620,620.8,0.0,621,0.0,0,0,2017-04-17,32499000,625.6,30,0,0,0,0,0,0,0,0,625.8,13,0,0,0,0,0,0,0,0
185,2017-04-17,09:01:40,0,ZC705,XZCE,625.8,621,627.8,52288,3268424439.99,241200,246278,657.2,582.8,620,620.8,0.0,621,0.0,0,0,2017-04-17,32500000,625.6,29,0,0,0,0,0,0,0,0,625.8,14,0,0,0,0,0,0,0,0
186,2017-04-17,09:01:40,0,ZC705,XZCE,625.8,621,627.8,52290,3268549599.98,241202,246278,657.2,582.8,620,620.8,0.0,621,0.0,0,0,2017-04-17,32500000,625.6,29,0,0,0,0,0,0,0,0,625.8,13,0,0,0,0,0,0,0,0
187,2017-04-17,09:01:42,0,ZC705,XZCE,625.6,621,627.8,52302,3269300319.98,241202,246278,657.2,582.8,620,620.8,0.0,621,0.0,0,0,2017-04-17,32502000,625.6,23,0,0,0,0,0,0,0,0,625.8,13,0,0,0,0,0,0,0,0
188,2017-04-17,09:01:42,0,ZC705,XZCE,625.6,621,627.8,52312,3269925919.98,241202,246278,657.2,582.8,620,620.8,0.0,621,0.0,0,0,2017-04-17,32502000,625.6,18,0,0,0,0,0,0,0,0,625.8,13,0,0,0,0,0,0,0,0
189,2017-04-17,09:01:43,0,ZC705,XZCE,625.8,621,627.8,52314,3270051079.98,241202,246278,657.2,582.8,620,620.8,0.0,621,0.0,0,0,2017-04-17,32503000,625.6,18,0,0,0,0,0,0,0,0,625.8,12,0,0,0,0,0,0,0,0
190,2017-04-17,09:01:44,0,ZC705,XZCE,625.8,621,627.8,52318,3270301399.98,241204,246278,657.2,582.8,620,620.8,0.0,621,0.0,0,0,2017-04-17,32504000,625.6,20,0,0,0,0,0,0,0,0,625.8,10,0,0,0,0,0,0,0,0
191,2017-04-17,09:01:45,0,ZC705,XZCE,625.6,621,627.8,52362,3273054039.98,241170,246278,657.2,582.8,620,620.8,0.0,621,0.0,0,0,2017-04-17,32505000,625.6,3,0,0,0,0,0,0,0,0,625.8,6,0,0,0,0,0,0,0,0
192,2017-04-17,09:01:46,0,ZC705,XZCE,626.0,621,627.8,52382,3274306039.98,241154,246278,657.2,582.8,620,620.8,0.0,621,0.0,0,0,2017-04-17,32506000,625.8,1,0,0,0,0,0,0,0,0,626.0,39,0,0,0,0,0,0,0,0
193,2017-04-17,09:01:46,0,ZC705,XZCE,625.6,621,627.8,52390,3274806519.98,241162,246278,657.2,582.8,620,620.8,0.0,621,0.0,0,0,2017-04-17,32506000,625.4,21,0,0,0,0,0,0,0,0,625.6,1,0,0,0,0,0,0,0,0
194,2017-04-17,09:01:47,0,ZC705,XZCE,625.6,621,627.8,52390,3274806519.98,241162,246278,657.2,582.8,620,620.8,0.0,621,0.0,0,0,2017-04-17,32507000,625.4,21,0,0,0,0,0,0,0,0,625.6,2,0,0,0,0,0,0,0,0
195,2017-04-17,09:01:47,0,ZC705,XZCE,625.6,621,627.8,52390,3274806519.98,241162,246278,657.2,582.8,620,620.8,0.0,621,0.0,0,0,2017-04-17,32507000,625.4,24,0,0,0,0,0,0,0,0,625.6,3,0,0,0,0,0,0,0,0
196,2017-04-17,09:01:48,0,ZC705,XZCE,625.6,621,627.8,52390,3274806519.98,241162,246278,657.2,582.8,620,620.8,0.0,621,0.0,0,0,2017-04-17,32508000,625.4,24,0,0,0,0,0,0,0,0,625.6,6,0,0,0,0,0,0,0,0
197,2017-04-17,09:01:48,0,ZC705,XZCE,625.6,621,627.8,52394,3275056759.98,241162,246278,657.2,582.8,620,620.8,0.0,621,0.0,0,0,2017-04-17,32508000,625.4,23,0,0,0,0,0,0,0,0,625.6,5,0,0,0,0,0,0,0,0
198,2017-04-17,09:01:49,0,ZC705,XZCE,625.6,621,627.8,52396,3275181879.98,241162,246278,657.2,582.8,620,620.8,0.0,621,0.0,0,0,2017-04-17,32509000,625.4,23,0,0,0,0,0,0,0,0,625.6,4,0,0,0,0,0,0,0,0
199,2017-04-17,09:01:50,0,ZC705,XZCE,625.6,621,627.8,52396,3275181879.98,241162,246278,657.2,582.8,620,620.8,0.0,621,0.0,0,0,2017-04-17,32510000,625.4,23,0,0,0,0,0,0,0,0,625.6,14,0,0,0,0,0,0,0,0
200,2017-04-17,09:01:50,0,ZC705,XZCE,625.6,621,627.8,52450,3278560119.98,241160,246278,657.2,582.8,620,620.8,0.0,621,0.0,0,0,2017-04-17,32510000,625.4,8,0,0,0,0,0,0,0,0,625.6,9,0,0,0,0,0,0,0,0
201,2017-04-17,09:01:50,0,ZC705,XZCE,625.4,621,627.8,52466,3279560759.98,241158,246278,657.2,582.8,620,620.8,0.0,621,0.0,0,0,2017-04-17,32510000,625.2,6,0,0,0,0,0,0,0,0,625.4,1,0,0,0,0,0,0,0,0
202,2017-04-17,09:01:51,0,ZC705,XZCE,625.4,621,627.8,52466,3279560759.98,241158,246278,657.2,582.8,620,620.8,0.0,621,0.0,0,0,2017-04-17,32511000,625.2,6,0,0,0,0,0,0,0,0,625.4,11,0,0,0,0,0,0,0,0
203,2017-04-17,09:01:52,0,ZC705,XZCE,625.2,621,627.8,52470,3279810839.98,241156,246278,657.2,582.8,620,620.8,0.0,621,0.0,0,0,2017-04-17,32512000,625.2,4,0,0,0,0,0,0,0,0,625.4,11,0,0,0,0,0,0,0,0
204,2017-04-17,09:01:53,0,ZC705,XZCE,625.4,621,627.8,52476,3280186079.98,241156,246278,657.2,582.8,620,620.8,0.0,621,0.0,0,0,2017-04-17,32513000,625.2,4,0,0,0,0,0,0,0,0,625.4,8,0,0,0,0,0,0,0,0
205,2017-04-17,09:01:53,0,ZC705,XZCE,625.4,621,627.8,52476,3280186079.98,241156,246278,657.2,582.8,620,620.8,0.0,621,0.0,0,0,2017-04-17,32513000,625.2,16,0,0,0,0,0,0,0,0,625.4,8,0,0,0,0,0,0,0,0
206,2017-04-17,09:01:54,0,ZC705,XZCE,625.0,621,627.8,52592,3287436079.98,241068,246278,657.2,582.8,620,620.8,0.0,621,0.0,0,0,2017-04-17,32514000,625.0,132,0,0,0,0,0,0,0,0,625.6,17,0,0,0,0,0,0,0,0
207,2017-04-17,09:01:55,0,ZC705,XZCE,625.6,621,627.8,52604,3288186799.98,241056,246278,657.2,582.8,620,620.8,0.0,621,0.0,0,0,2017-04-17,32515000,625.0,132,0,0,0,0,0,0,0,0,625.6,11,0,0,0,0,0,0,0,0
208,2017-04-17,09:01:55,0,ZC705,XZCE,625.2,621,627.8,52608,3288436879.98,241056,246278,657.2,582.8,620,620.8,0.0,621,0.0,0,0,2017-04-17,32515000,625.4,15,0,0,0,0,0,0,0,0,625.6,11,0,0,0,0,0,0,0,0
209,2017-04-17,09:01:56,0,ZC705,XZCE,625.2,621,627.8,52610,3288561919.98,241056,246278,657.2,582.8,620,620.8,0.0,621,0.0,0,0,2017-04-17,32516000,625.4,14,0,0,0,0,0,0,0,0,625.6,11,0,0,0,0,0,0,0,0
210,2017-04-17,09:01:56,0,ZC705,XZCE,625.2,621,627.8,52616,3288937039.98,241050,246278,657.2,582.8,620,620.8,0.0,621,0.0,0,0,2017-04-17,32516000,625.4,11,0,0,0,0,0,0,0,0,625.6,11,0,0,0,0,0,0,0,0
211,2017-04-17,09:01:57,0,ZC705,XZCE,625.2,621,627.8,52636,3290187439.98,241058,246278,657.2,582.8,620,620.8,0.0,621,0.0,0,0,2017-04-17,32517000,625.4,1,0,0,0,0,0,0,0,0,625.6,11,0,0,0,0,0,0,0,0
212,2017-04-17,09:01:57,0,ZC705,XZCE,625.4,621,627.8,52638,3290312519.98,241060,246278,657.2,582.8,620,620.8,0.0,621,0.0,0,0,2017-04-17,32517000,625.2,36,0,0,0,0,0,0,0,0,625.6,11,0,0,0,0,0,0,0,0
213,2017-04-17,09:01:58,0,ZC705,XZCE,625.4,621,627.8,52638,3290312519.98,241060,246278,657.2,582.8,620,620.8,0.0,621,0.0,0,0,2017-04-17,32518000,625.2,36,0,0,0,0,0,0,0,0,625.4,1,0,0,0,0,0,0,0,0
214,2017-04-17,09:01:59,0,ZC705,XZCE,625.4,621,627.8,52638,3290312519.98,241060,246278,657.2,582.8,620,620.8,0.0,621,0.0,0,0,2017-04-17,32519000,625.2,37,0,0,0,0,0,0,0,0,625.4,1,0,0,0,0,0,0,0,0
215,2017-04-17,09:01:59,0,ZC705,XZCE,625.2,621,627.8,52648,3290937719.98,241060,246278,657.2,582.8,620,620.8,0.0,621,0.0,0,0,2017-04-17,32519000,625.2,32,0,0,0,0,0,0,0,0,625.4,1,0,0,0,0,0,0,0,0
216,2017-04-17,09:02:00,0,ZC705,XZCE,625.2,621,627.8,52654,3291312839.98,241062,246278,657.2,582.8,620,620.8,0.0,621,0.0,0,0,2017-04-17,32520000,625.2,31,0,0,0,0,0,0,0,0,625.6,11,0,0,0,0,0,0,0,0
217,2017-04-17,09:02:01,0,ZC705,XZCE,625.6,621,627.8,52666,3292063559.98,241050,246278,657.2,582.8,620,620.8,0.0,621,0.0,0,0,2017-04-17,32521000,625.2,42,0,0,0,0,0,0,0,0,625.6,5,0,0,0,0,0,0,0,0
218,2017-04-17,09:02:01,0,ZC705,XZCE,625.6,621,627.8,52666,3292063559.98,241050,246278,657.2,582.8,620,620.8,0.0,621,0.0,0,0,2017-04-17,32521000,625.4,15,0,0,0,0,0,0,0,0,625.6,5,0,0,0,0,0,0,0,0
219,2017-04-17,09:02:01,0,ZC705,XZCE,625.4,621,627.8,52676,3292688959.98,241040,246278,657.2,582.8,620,620.8,0.0,621,0.0,0,0,2017-04-17,32521000,625.4,10,0,0,0,0,0,0,0,0,625.6,5,0,0,0,0,0,0,0,0
220,2017-04-17,09:02:02,0,ZC705,XZCE,625.4,621,627.8,52682,3293064199.98,241038,246278,657.2,582.8,620,620.8,0.0,621,0.0,0,0,2017-04-17,32522000,625.4,10,0,0,0,0,0,0,0,0,625.6,4,0,0,0,0,0,0,0,0
221,2017-04-17,09:02:03,0,ZC705,XZCE,625.4,621,627.8,52710,3294815319.98,241048,246278,657.2,582.8,620,620.8,0.0,621,0.0,0,0,2017-04-17,32523000,625.4,4,0,0,0,0,0,0,0,0,625.8,2,0,0,0,0,0,0,0,0
222,2017-04-17,09:02:03,0,ZC705,XZCE,625.4,621,627.8,52714,3295065479.98,241048,246278,657.2,582.8,620,620.8,0.0,621,0.0,0,0,2017-04-17,32523000,625.4,5,0,0,0,0,0,0,0,0,625.6,7,0,0,0,0,0,0,0,0
223,2017-04-17,09:02:04,0,ZC705,XZCE,625.4,621,627.8,52718,3295315639.98,241048,246278,657.2,582.8,620,620.8,0.0,621,0.0,0,0,2017-04-17,32524000,625.4,5,0,0,0,0,0,0,0,0,625.6,7,0,0,0,0,0,0,0,0
224,2017-04-17,09:02:04,0,ZC705,XZCE,625.2,621,627.8,52742,3296816119.98,241046,246278,657.2,582.8,620,620.8,0.0,621,0.0,0,0,2017-04-17,32524000,625.2,50,0,0,0,0,0,0,0,0,625.6,3,0,0,0,0,0,0,0,0
225,2017-04-17,09:02:05,0,ZC705,XZCE,625.4,621,627.8,52750,3297316439.98,241040,246278,657.2,582.8,620,620.8,0.0,621,0.0,0,0,2017-04-17,32525000,625.4,10,0,0,0,0,0,0,0,0,625.6,3,0,0,0,0,0,0,0,0
226,2017-04-17,09:02:05,0,ZC705,XZCE,625.6,621,627.8,52756,3297691799.98,241044,246278,657.2,582.8,620,620.8,0.0,621,0.0,0,0,2017-04-17,32525000,625.6,2,0,0,0,0,0,0,0,0,625.8,2,0,0,0,0,0,0,0,0
227,2017-04-17,09:02:06,0,ZC705,XZCE,625.6,621,627.8,52758,3297816919.98,241046,246278,657.2,582.8,620,620.8,0.0,621,0.0,0,0,2017-04-17,32526000,625.6,1,0,0,0,0,0,0,0,0,625.8,2,0,0,0,0,0,0,0,0
228,2017-04-17,09:02:07,0,ZC705,XZCE,625.4,621,627.8,52762,3298067079.98,241044,246278,657.2,582.8,620,620.8,0.0,621,0.0,0,0,2017-04-17,32527000,625.4,12,0,0,0,0,0,0,0,0,625.6,12,0,0,0,0,0,0,0,0
229,2017-04-17,09:02:07,0,ZC705,XZCE,625.4,621,627.8,52762,3298067079.98,241044,246278,657.2,582.8,620,620.8,0.0,621,0.0,0,0,2017-04-17,32527000,625.4,12,0,0,0,0,0,0,0,0,625.6,13,0,0,0,0,0,0,0,0
230,2017-04-17,09:02:08,0,ZC705,XZCE,625.4,621,627.8,52762,3298067079.98,241044,246278,657.2,582.8,620,620.8,0.0,621,0.0,0,0,2017-04-17,32528000,625.4,13,0,0,0,0,0,0,0,0,625.6,13,0,0,0,0,0,0,0,0
231,2017-04-17,09:02:09,0,ZC705,XZCE,625.4,621,627.8,52766,3298317239.98,241042,246278,657.2,582.8,620,620.8,0.0,621,0.0,0,0,2017-04-17,32529000,625.4,11,0,0,0,0,0,0,0,0,625.6,14,0,0,0,0,0,0,0,0
232,2017-04-17,09:02:10,0,ZC705,XZCE,625.6,621,627.8,52776,3298942839.98,241042,246278,657.2,582.8,620,620.8,0.0,621,0.0,0,0,2017-04-17,32530000,625.4,12,0,0,0,0,0,0,0,0,625.6,9,0,0,0,0,0,0,0,0
233,2017-04-17,09:02:10,0,ZC705,XZCE,625.6,621,627.8,52796,3300194039.98,241040,246278,657.2,582.8,620,620.8,0.0,621,0.0,0,0,2017-04-17,32530000,625.6,2,0,0,0,0,0,0,0,0,625.8,8,0,0,0,0,0,0,0,0
234,2017-04-17,09:02:11,0,ZC705,XZCE,625.6,621,627.8,52798,3300319159.98,241040,246278,657.2,582.8,620,620.8,0.0,621,0.0,0,0,2017-04-17,32531000,625.6,2,0,0,0,0,0,0,0,0,625.8,8,0,0,0,0,0,0,0,0
235,2017-04-17,09:02:11,0,ZC705,XZCE,625.8,621,627.8,52808,3300944959.98,241038,246278,657.2,582.8,620,620.8,0.0,621,0.0,0,0,2017-04-17,32531000,625.6,2,0,0,0,0,0,0,0,0,625.8,4,0,0,0,0,0,0,0,0
236,2017-04-17,09:02:11,0,ZC705,XZCE,625.6,621,627.8,52812,3301195199.98,241036,246278,657.2,582.8,620,620.8,0.0,621,0.0,0,0,2017-04-17,32531000,625.6,1,0,0,0,0,0,0,0,0,625.8,4,0,0,0,0,0,0,0,0
237,2017-04-17,09:02:12,0,ZC705,XZCE,625.6,621,627.8,52814,3301320319.98,241034,246278,657.2,582.8,620,620.8,0.0,621,0.0,0,0,2017-04-17,32532000,625.6,10,0,0,0,0,0,0,0,0,625.8,5,0,0,0,0,0,0,0,0
238,2017-04-17,09:02:12,0,ZC705,XZCE,625.6,621,627.8,52820,3301695679.98,241040,246278,657.2,582.8,620,620.8,0.0,621,0.0,0,0,2017-04-17,32532000,625.6,8,0,0,0,0,0,0,0,0,625.8,5,0,0,0,0,0,0,0,0
239,2017-04-17,09:02:13,0,ZC705,XZCE,625.8,621,627.8,52822,3301820839.98,241038,246278,657.2,582.8,620,620.8,0.0,621,0.0,0,0,2017-04-17,32533000,625.6,8,0,0,0,0,0,0,0,0,625.8,4,0,0,0,0,0,0,0,0
240,2017-04-17,09:02:13,0,ZC705,XZCE,625.6,621,627.8,52834,3302571559.98,241042,246278,657.2,582.8,620,620.8,0.0,621,0.0,0,0,2017-04-17,32533000,625.6,6,0,0,0,0,0,0,0,0,626.0,47,0,0,0,0,0,0,0,0
241,2017-04-17,09:02:15,0,ZC705,XZCE,625.6,621,627.8,52836,3302696679.98,241042,246278,657.2,582.8,620,620.8,0.0,621,0.0,0,0,2017-04-17,32535000,625.6,4,0,0,0,0,0,0,0,0,626.0,62,0,0,0,0,0,0,0,0
242,2017-04-17,09:02:15,0,ZC705,XZCE,625.6,621,627.8,52836,3302696679.98,241042,246278,657.2,582.8,620,620.8,0.0,621,0.0,0,0,2017-04-17,32535000,625.8,23,0,0,0,0,0,0,0,0,626.0,62,0,0,0,0,0,0,0,0
243,2017-04-17,09:02:16,0,ZC705,XZCE,625.8,621,627.8,52838,3302821839.98,241042,246278,657.2,582.8,620,620.8,0.0,621,0.0,0,0,2017-04-17,32536000,625.8,25,0,0,0,0,0,0,0,0,626.0,62,0,0,0,0,0,0,0,0
244,2017-04-17,09:02:16,0,ZC705,XZCE,625.8,621,627.8,52840,3302946999.98,241042,246278,657.2,582.8,620,620.8,0.0,621,0.0,0,0,2017-04-17,32536000,625.8,25,0,0,0,0,0,0,0,0,626.0,61,0,0,0,0,0,0,0,0
245,2017-04-17,09:02:17,0,ZC705,XZCE,625.8,621,627.8,52842,3303072159.98,241042,246278,657.2,582.8,620,620.8,0.0,621,0.0,0,0,2017-04-17,32537000,625.8,34,0,0,0,0,0,0,0,0,626.0,62,0,0,0,0,0,0,0,0
246,2017-04-17,09:02:17,0,ZC705,XZCE,625.8,621,627.8,52842,3303072159.98,241042,246278,657.2,582.8,620,620.8,0.0,621,0.0,0,0,2017-04-17,32537000,625.8,35,0,0,0,0,0,0,0,0,626.0,62,0,0,0,0,0,0,0,0
247,2017-04-17,09:02:18,0,ZC705,XZCE,625.8,621,627.8,52846,3303322479.98,241042,246278,657.2,582.8,620,620.8,0.0,621,0.0,0,0,2017-04-17,32538000,625.8,34,0,0,0,0,0,0,0,0,626.0,62,0,0,0,0,0,0,0,0
248,2017-04-17,09:02:18,0,ZC705,XZCE,625.8,621,627.8,52848,3303447639.98,241042,246278,657.2,582.8,620,620.8,0.0,621,0.0,0,0,2017-04-17,32538000,625.8,33,0,0,0,0,0,0,0,0,626.0,62,0,0,0,0,0,0,0,0
249,2017-04-17,09:02:19,0,ZC705,XZCE,625.8,621,627.8,52850,3303572799.98,241042,246278,657.2,582.8,620,620.8,0.0,621,0.0,0,0,2017-04-17,32539000,625.8,32,0,0,0,0,0,0,0,0,626.0,62,0,0,0,0,0,0,0,0
250,2017-04-17,09:02:20,0,ZC705,XZCE,626.0,621,627.8,52852,3303697999.98,241040,246278,657.2,582.8,620,620.8,0.0,621,0.0,0,0,2017-04-17,32540000,625.8,32,0,0,0,0,0,0,0,0,626.0,61,0,0,0,0,0,0,0,0
251,2017-04-17,09:02:20,0,ZC705,XZCE,626.0,621,627.8,52852,3303697999.98,241040,246278,657.2,582.8,620,620.8,0.0,621,0.0,0,0,2017-04-17,32540000,625.8,33,0,0,0,0,0,0,0,0,626.0,61,0,0,0,0,0,0,0,0
252,2017-04-17,09:02:21,0,ZC705,XZCE,626.0,621,627.8,52856,3303948399.98,241038,246278,657.2,582.8,620,620.8,0.0,621,0.0,0,0,2017-04-17,32541000,625.8,33,0,0,0,0,0,0,0,0,626.0,59,0,0,0,0,0,0,0,0
253,2017-04-17,09:02:22,0,ZC705,XZCE,626.0,621,627.8,52862,3304323999.98,241032,246278,657.2,582.8,620,620.8,0.0,621,0.0,0,0,2017-04-17,32542000,625.8,33,0,0,0,0,0,0,0,0,626.0,56,0,0,0,0,0,0,0,0
254,2017-04-17,09:02:22,0,ZC705,XZCE,626.0,621,627.8,52882,3305575999.98,241028,246278,657.2,582.8,620,620.8,0.0,621,0.0,0,0,2017-04-17,32542000,625.8,33,0,0,0,0,0,0,0,0,626.0,46,0,0,0,0,0,0,0,0
255,2017-04-17,09:02:23,0,ZC705,XZCE,626.0,621,627.8,52890,3306076799.98,241026,246278,657.2,582.8,620,620.8,0.0,621,0.0,0,0,2017-04-17,32543000,625.8,32,0,0,0,0,0,0,0,0,626.0,44,0,0,0,0,0,0,0,0
256,2017-04-17,09:02:24,0,ZC705,XZCE,626.0,621,627.8,52890,3306076799.98,241026,246278,657.2,582.8,620,620.8,0.0,621,0.0,0,0,2017-04-17,32544000,625.8,33,0,0,0,0,0,0,0,0,626.0,44,0,0,0,0,0,0,0,0
257,2017-04-17,09:02:24,0,ZC705,XZCE,625.8,621,627.8,52892,3306201959.97,241026,246278,657.2,582.8,620,620.8,0.0,621,0.0,0,0,2017-04-17,32544000,625.8,33,0,0,0,0,0,0,0,0,626.0,44,0,0,0,0,0,0,0,0
258,2017-04-17,09:02:25,0,ZC705,XZCE,626.0,621,627.8,52980,3311710759.97,241010,246278,657.2,582.8,620,620.8,0.0,621,0.0,0,0,2017-04-17,32545000,626.0,6,0,0,0,0,0,0,0,0,626.2,34,0,0,0,0,0,0,0,0
259,2017-04-17,09:02:26,0,ZC705,XZCE,626.2,621,627.8,52998,3312837919.97,241000,246278,657.2,582.8,620,620.8,0.0,621,0.0,0,0,2017-04-17,32546000,626.0,35,0,0,0,0,0,0,0,0,626.2,33,0,0,0,0,0,0,0,0
260,2017-04-17,09:02:26,0,ZC705,XZCE,626.0,621,627.8,53002,3313088319.97,241004,246278,657.2,582.8,620,620.8,0.0,621,0.0,0,0,2017-04-17,32546000,626.0,34,0,0,0,0,0,0,0,0,626.2,32,0,0,0,0,0,0,0,0
261,2017-04-17,09:02:26,0,ZC705,XZCE,626.0,621,627.8,53002,3313088319.97,241004,246278,657.2,582.8,620,620.8,0.0,621,0.0,0,0,2017-04-17,32546000,626.0,44,0,0,0,0,0,0,0,0,626.2,32,0,0,0,0,0,0,0,0
262,2017-04-17,09:02:28,0,ZC705,XZCE,626.2,621,627.8,53044,3315718359.97,241046,246278,657.2,582.8,620,620.8,0.0,621,0.0,0,0,2017-04-17,32548000,626.0,15,0,0,0,0,0,0,0,0,626.2,31,0,0,0,0,0,0,0,0
263,2017-04-17,09:02:28,0,ZC705,XZCE,626.2,621,627.8,53044,3315718359.97,241046,246278,657.2,582.8,620,620.8,0.0,621,0.0,0,0,2017-04-17,32548000,626.0,17,0,0,0,0,0,0,0,0,626.2,31,0,0,0,0,0,0,0,0
264,2017-04-17,09:02:29,0,ZC705,XZCE,626.0,621,627.8,53046,3315843559.97,241046,246278,657.2,582.8,620,620.8,0.0,621,0.0,0,0,2017-04-17,32549000,626.0,16,0,0,0,0,0,0,0,0,626.2,31,0,0,0,0,0,0,0,0
265,2017-04-17,09:02:30,0,ZC705,XZCE,626.2,621,627.8,53060,3316720239.97,241046,246278,657.2,582.8,620,620.8,0.0,621,0.0,0,0,2017-04-17,32550000,626.0,16,0,0,0,0,0,0,0,0,626.2,24,0,0,0,0,0,0,0,0
266,2017-04-17,09:02:31,0,ZC705,XZCE,626.2,621,627.8,53108,3319725999.97,241084,246278,657.2,582.8,620,620.8,0.0,621,0.0,0,0,2017-04-17,32551000,626.2,19,0,0,0,0,0,0,0,0,626.4,34,0,0,0,0,0,0,0,0
267,2017-04-17,09:02:31,0,ZC705,XZCE,626.2,621,627.8,53114,3320101719.97,241086,246278,657.2,582.8,620,620.8,0.0,621,0.0,0,0,2017-04-17,32551000,626.2,22,0,0,0,0,0,0,0,0,626.4,34,0,0,0,0,0,0,0,0
268,2017-04-17,09:02:32,0,ZC705,XZCE,626.4,621,627.8,53182,3324361239.97,241134,246278,657.2,582.8,620,620.8,0.0,621,0.0,0,0,2017-04-17,32552000,626.2,22,0,0,0,0,0,0,0,0,626.6,35,0,0,0,0,0,0,0,0
269,2017-04-17,09:02:32,0,ZC705,XZCE,626.4,621,627.8,53278,3330374679.97,241156,246278,657.2,582.8,620,620.8,0.0,621,0.0,0,0,2017-04-17,32552000,626.4,15,0,0,0,0,0,0,0,0,626.8,5,0,0,0,0,0,0,0,0
270,2017-04-17,09:02:32,0,ZC705,XZCE,626.4,621,627.8,53278,3330374679.97,241156,246278,657.2,582.8,620,620.8,0.0,621,0.0,0,0,2017-04-17,32552000,626.4,20,0,0,0,0,0,0,0,0,626.8,5,0,0,0,0,0,0,0,0
271,2017-04-17,09:02:33,0,ZC705,XZCE,626.8,621,627.8,53282,3330625399.97,241152,246278,657.2,582.8,620,620.8,0.0,621,0.0,0,0,2017-04-17,32553000,626.4,20,0,0,0,0,0,0,0,0,626.8,3,0,0,0,0,0,0,0,0
272,2017-04-17,09:02:33,0,ZC705,XZCE,626.8,621,627.8,53282,3330625399.97,241152,246278,657.2,582.8,620,620.8,0.0,621,0.0,0,0,2017-04-17,32553000,626.4,20,0,0,0,0,0,0,0,0,626.8,8,0,0,0,0,0,0,0,0
273,2017-04-17,09:02:34,0,ZC705,XZCE,626.8,621,627.8,53290,3331126839.97,241152,246278,657.2,582.8,620,620.8,0.0,621,0.0,0,0,2017-04-17,32554000,626.4,19,0,0,0,0,0,0,0,0,626.6,1,0,0,0,0,0,0,0,0
274,2017-04-17,09:02:34,0,ZC705,XZCE,626.8,621,627.8,53296,3331502919.97,241148,246278,657.2,582.8,620,620.8,0.0,621,0.0,0,0,2017-04-17,32554000,626.6,49,0,0,0,0,0,0,0,0,626.8,5,0,0,0,0,0,0,0,0
275,2017-04-17,09:02:35,0,ZC705,XZCE,627.0,621,627.8,53322,3333133119.97,241142,246278,657.2,582.8,620,620.8,0.0,621,0.0,0,0,2017-04-17,32555000,626.8,6,0,0,0,0,0,0,0,0,627.0,12,0,0,0,0,0,0,0,0
276,2017-04-17,09:02:35,0,ZC705,XZCE,626.8,621,627.8,53326,3333383839.97,241140,246278,657.2,582.8,620,620.8,0.0,621,0.0,0,0,2017-04-17,32555000,626.8,10,0,0,0,0,0,0,0,0,627.0,12,0,0,0,0,0,0,0,0
277,2017-04-17,09:02:37,0,ZC705,XZCE,626.8,621,627.8,53328,3333509199.97,241140,246278,657.2,582.8,620,620.8,0.0,621,0.0,0,0,2017-04-17,32557000,626.8,9,0,0,0,0,0,0,0,0,627.0,12,0,0,0,0,0,0,0,0
278,2017-04-17,09:02:37,0,ZC705,XZCE,626.8,621,627.8,53330,3333634559.97,241140,246278,657.2,582.8,620,620.8,0.0,621,0.0,0,0,2017-04-17,32557000,626.8,8,0,0,0,0,0,0,0,0,627.0,12,0,0,0,0,0,0,0,0
279,2017-04-17,09:02:37,0,ZC705,XZCE,626.8,621,627.8,53338,3334135999.97,241140,246278,657.2,582.8,620,620.8,0.0,621,0.0,0,0,2017-04-17,32557000,626.8,5,0,0,0,0,0,0,0,0,627.0,11,0,0,0,0,0,0,0,0
280,2017-04-17,09:02:38,0,ZC705,XZCE,626.8,621,627.8,53338,3334135999.97,241140,246278,657.2,582.8,620,620.8,0.0,621,0.0,0,0,2017-04-17,32558000,626.8,5,0,0,0,0,0,0,0,0,627.0,13,0,0,0,0,0,0,0,0
281,2017-04-17,09:02:39,0,ZC705,XZCE,627.0,621,627.8,53352,3335013799.97,241134,246278,657.2,582.8,620,620.8,0.0,621,0.0,0,0,2017-04-17,32559000,626.8,5,0,0,0,0,0,0,0,0,627.0,6,0,0,0,0,0,0,0,0
282,2017-04-17,09:02:39,0,ZC705,XZCE,627.0,621,627.8,53358,3335389999.97,241136,246278,657.2,582.8,620,620.8,0.0,621,0.0,0,0,2017-04-17,32559000,626.8,5,0,0,0,0,0,0,0,0,627.0,3,0,0,0,0,0,0,0,0
283,2017-04-17,09:02:40,0,ZC705,XZCE,626.8,621,627.8,53366,3335891439.97,241134,246278,657.2,582.8,620,620.8,0.0,621,0.0,0,0,2017-04-17,32560000,626.8,1,0,0,0,0,0,0,0,0,627.0,3,0,0,0,0,0,0,0,0
284,2017-04-17,09:02:40,0,ZC705,XZCE,627.0,621,627.8,53386,3337145439.97,241122,246278,657.2,582.8,620,620.8,0.0,621,0.0,0,0,2017-04-17,32560000,627.0,41,0,0,0,0,0,0,0,0,627.2,6,0,0,0,0,0,0,0,0
285,2017-04-17,09:02:41,0,ZC705,XZCE,626.8,621,627.8,53482,3343162719.97,241134,246278,657.2,582.8,620,620.8,0.0,621,0.0,0,0,2017-04-17,32561000,626.6,2,0,0,0,0,0,0,0,0,626.8,10,0,0,0,0,0,0,0,0
286,2017-04-17,09:02:41,0,ZC705,XZCE,626.8,621,627.8,53492,3343789519.97,241142,246278,657.2,582.8,620,620.8,0.0,621,0.0,0,0,2017-04-17,32561000,626.6,3,0,0,0,0,0,0,0,0,626.8,5,0,0,0,0,0,0,0,0
287,2017-04-17,09:02:42,0,ZC705,XZCE,626.8,621,627.8,53492,3343789519.97,241142,246278,657.2,582.8,620,620.8,0.0,621,0.0,0,0,2017-04-17,32562000,626.6,3,0,0,0,0,0,0,0,0,626.8,2,0,0,0,0,0,0,0,0
288,2017-04-17,09:02:42,0,ZC705,XZCE,626.6,621,627.8,53494,3343914839.97,241142,246278,657.2,582.8,620,620.8,0.0,621,0.0,0,0,2017-04-17,32562000,626.6,2,0,0,0,0,0,0,0,0,626.8,4,0,0,0,0,0,0,0,0
289,2017-04-17,09:02:42,0,ZC705,XZCE,626.8,621,627.8,53498,3344165559.97,241142,246278,657.2,582.8,620,620.8,0.0,621,0.0,0,0,2017-04-17,32562000,626.6,3,0,0,0,0,0,0,0,0,626.8,2,0,0,0,0,0,0,0,0
290,2017-04-17,09:02:43,0,ZC705,XZCE,626.8,621,627.8,53498,3344165559.97,241142,246278,657.2,582.8,620,620.8,0.0,621,0.0,0,0,2017-04-17,32563000,626.6,3,0,0,0,0,0,0,0,0,626.8,3,0,0,0,0,0,0,0,0
291,2017-04-17,09:02:44,0,ZC705,XZCE,626.8,621,627.8,53506,3344666999.97,241148,246278,657.2,582.8,620,620.8,0.0,621,0.0,0,0,2017-04-17,32564000,626.8,7,0,0,0,0,0,0,0,0,627.0,44,0,0,0,0,0,0,0,0
292,2017-04-17,09:02:45,0,ZC705,XZCE,626.8,621,627.8,53506,3344666999.97,241148,246278,657.2,582.8,620,620.8,0.0,621,0.0,0,0,2017-04-17,32565000,626.8,7,0,0,0,0,0,0,0,0,627.0,45,0,0,0,0,0,0,0,0
293,2017-04-17,09:02:45,0,ZC705,XZCE,626.8,621,627.8,53546,3347174199.97,241154,246278,657.2,582.8,620,620.8,0.0,621,0.0,0,0,2017-04-17,32565000,626.8,4,0,0,0,0,0,0,0,0,627.0,31,0,0,0,0,0,0,0,0
294,2017-04-17,09:02:45,0,ZC705,XZCE,627.0,621,627.8,53556,3347801199.97,241154,246278,657.2,582.8,620,620.8,0.0,621,0.0,0,0,2017-04-17,32565000,626.8,4,0,0,0,0,0,0,0,0,627.0,27,0,0,0,0,0,0,0,0
295,2017-04-17,09:02:46,0,ZC705,XZCE,627.0,621,627.8,53556,3347801199.97,241154,246278,657.2,582.8,620,620.8,0.0,621,0.0,0,0,2017-04-17,32566000,626.8,6,0,0,0,0,0,0,0,0,627.0,27,0,0,0,0,0,0,0,0
296,2017-04-17,09:02:47,0,ZC705,XZCE,627.0,621,627.8,53574,3348929799.97,241170,246278,657.2,582.8,620,620.8,0.0,621,0.0,0,0,2017-04-17,32567000,626.8,8,0,0,0,0,0,0,0,0,627.0,19,0,0,0,0,0,0,0,0
297,2017-04-17,09:02:48,0,ZC705,XZCE,627.0,621,627.8,53576,3349055199.97,241168,246278,657.2,582.8,620,620.8,0.0,621,0.0,0,0,2017-04-17,32568000,626.8,8,0,0,0,0,0,0,0,0,627.0,20,0,0,0,0,0,0,0,0
298,2017-04-17,09:02:48,0,ZC705,XZCE,626.8,621,627.8,53582,3349431279.97,241174,246278,657.2,582.8,620,620.8,0.0,621,0.0,0,0,2017-04-17,32568000,626.8,6,0,0,0,0,0,0,0,0,627.0,20,0,0,0,0,0,0,0,0
299,2017-04-17,09:02:49,0,ZC705,XZCE,626.8,621,627.8,53584,3349556639.96,241176,246278,657.2,582.8,620,620.8,0.0,621,0.0,0,0,2017-04-17,32569000,626.8,5,0,0,0,0,0,0,0,0,627.0,20,0,0,0,0,0,0,0,0
300,2017-04-17,09:02:49,0,ZC705,XZCE,626.8,621,627.8,53588,3349807359.96,241180,246278,657.2,582.8,620,620.8,0.0,621,0.0,0,0,2017-04-17,32569000,626.8,3,0,0,0,0,0,0,0,0,627.0,20,0,0,0,0,0,0,0,0
301,2017-04-17,09:02:50,0,ZC705,XZCE,627.0,621,627.8,53604,3350810559.96,241164,246278,657.2,582.8,620,620.8,0.0,621,0.0,0,0,2017-04-17,32570000,626.8,4,0,0,0,0,0,0,0,0,627.0,12,0,0,0,0,0,0,0,0
302,2017-04-17,09:02:51,0,ZC705,XZCE,627.0,621,627.8,53624,3352064559.96,241178,246278,657.2,582.8,620,620.8,0.0,621,0.0,0,0,2017-04-17,32571000,626.8,14,0,0,0,0,0,0,0,0,627.0,2,0,0,0,0,0,0,0,0
303,2017-04-17,09:02:51,0,ZC705,XZCE,627.0,621,627.8,53628,3352315359.96,241178,246278,657.2,582.8,620,620.8,0.0,621,0.0,0,0,2017-04-17,32571000,627.0,16,0,0,0,0,0,0,0,0,627.2,11,0,0,0,0,0,0,0,0
304,2017-04-17,09:02:51,0,ZC705,XZCE,627.0,621,627.8,53636,3352816959.96,241178,246278,657.2,582.8,620,620.8,0.0,621,0.0,0,0,2017-04-17,32571000,627.0,13,0,0,0,0,0,0,0,0,627.2,11,0,0,0,0,0,0,0,0
305,2017-04-17,09:02:52,0,ZC705,XZCE,627.0,621,627.8,53642,3353193159.96,241178,246278,657.2,582.8,620,620.8,0.0,621,0.0,0,0,2017-04-17,32572000,627.0,10,0,0,0,0,0,0,0,0,627.2,11,0,0,0,0,0,0,0,0
306,2017-04-17,09:02:53,0,ZC705,XZCE,627.2,621,627.8,53644,3353318599.96,241178,246278,657.2,582.8,620,620.8,0.0,621,0.0,0,0,2017-04-17,32573000,627.0,10,0,0,0,0,0,0,0,0,627.2,10,0,0,0,0,0,0,0,0
307,2017-04-17,09:02:54,0,ZC705,XZCE,627.2,621,627.8,53652,3353820359.96,241170,246278,657.2,582.8,620,620.8,0.0,621,0.0,0,0,2017-04-17,32574000,627.0,10,0,0,0,0,0,0,0,0,627.2,7,0,0,0,0,0,0,0,0
308,2017-04-17,09:02:54,0,ZC705,XZCE,627.2,621,627.8,53658,3354196679.96,241170,246278,657.2,582.8,620,620.8,0.0,621,0.0,0,0,2017-04-17,32574000,627.0,9,0,0,0,0,0,0,0,0,627.2,5,0,0,0,0,0,0,0,0
309,2017-04-17,09:02:55,0,ZC705,XZCE,627.2,621,627.8,53678,3355451079.96,241190,246278,657.2,582.8,620,620.8,0.0,621,0.0,0,0,2017-04-17,32575000,627.0,10,0,0,0,0,0,0,0,0,627.2,7,0,0,0,0,0,0,0,0
310,2017-04-17,09:02:56,0,ZC705,XZCE,627.0,621,627.8,53682,3355701879.96,241192,246278,657.2,582.8,620,620.8,0.0,621,0.0,0,0,2017-04-17,32576000,627.0,9,0,0,0,0,0,0,0,0,627.2,9,0,0,0,0,0,0,0,0
311,2017-04-17,09:02:58,0,ZC705,XZCE,627.2,621,627.8,53686,3355952759.96,241196,246278,657.2,582.8,620,620.8,0.0,621,0.0,0,0,2017-04-17,32578000,627.0,10,0,0,0,0,0,0,0,0,627.2,8,0,0,0,0,0,0,0,0
312,2017-04-17,09:02:58,0,ZC705,XZCE,627.2,621,627.8,53686,3355952759.96,241196,246278,657.2,582.8,620,620.8,0.0,621,0.0,0,0,2017-04-17,32578000,627.0,21,0,0,0,0,0,0,0,0,627.2,8,0,0,0,0,0,0,0,0
313,2017-04-17,09:02:59,0,ZC705,XZCE,627.2,621,627.8,53690,3356203639.96,241196,246278,657.2,582.8,620,620.8,0.0,621,0.0,0,0,2017-04-17,32579000,627.0,34,0,0,0,0,0,0,0,0,627.2,7,0,0,0,0,0,0,0,0
314,2017-04-17,09:02:59,0,ZC705,XZCE,627.0,621,627.8,53698,3356705239.96,241200,246278,657.2,582.8,620,620.8,0.0,621,0.0,0,0,2017-04-17,32579000,627.0,33,0,0,0,0,0,0,0,0,627.2,4,0,0,0,0,0,0,0,0
315,2017-04-17,09:03:00,0,ZC705,XZCE,627.2,621,627.8,53700,3356830679.96,241200,246278,657.2,582.8,620,620.8,0.0,621,0.0,0,0,2017-04-17,32580000,627.0,34,0,0,0,0,0,0,0,0,627.2,3,0,0,0,0,0,0,0,0
316,2017-04-17,09:03:00,0,ZC705,XZCE,627.2,621,627.8,53700,3356830679.96,241200,246278,657.2,582.8,620,620.8,0.0,621,0.0,0,0,2017-04-17,32580000,627.0,42,0,0,0,0,0,0,0,0,627.2,3,0,0,0,0,0,0,0,0
317,2017-04-17,09:03:01,0,ZC705,XZCE,627.2,621,627.8,53702,3356956119.96,241200,246278,657.2,582.8,620,620.8,0.0,621,0.0,0,0,2017-04-17,32581000,627.0,42,0,0,0,0,0,0,0,0,627.2,4,0,0,0,0,0,0,0,0
318,2017-04-17,09:03:01,0,ZC705,XZCE,627.2,621,627.8,53706,3357206999.96,241202,246278,657.2,582.8,620,620.8,0.0,621,0.0,0,0,2017-04-17,32581000,627.0,42,0,0,0,0,0,0,0,0,627.2,3,0,0,0,0,0,0,0,0
319,2017-04-17,09:03:02,0,ZC705,XZCE,627.2,621,627.8,53708,3357332439.96,241202,246278,657.2,582.8,620,620.8,0.0,621,0.0,0,0,2017-04-17,32582000,627.0,42,0,0,0,0,0,0,0,0,627.2,2,0,0,0,0,0,0,0,0
320,2017-04-17,09:03:02,0,ZC705,XZCE,627.2,621,627.8,53712,3357583319.96,241202,246278,657.2,582.8,620,620.8,0.0,621,0.0,0,0,2017-04-17,32582000,627.2,3,0,0,0,0,0,0,0,0,627.4,62,0,0,0,0,0,0,0,0
321,2017-04-17,09:03:02,0,ZC705,XZCE,627.2,621,627.8,53714,3357708759.96,241204,246278,657.2,582.8,620,620.8,0.0,621,0.0,0,0,2017-04-17,32582000,627.2,4,0,0,0,0,0,0,0,0,627.4,62,0,0,0,0,0,0,0,0
322,2017-04-17,09:03:03,0,ZC705,XZCE,627.2,621,627.8,53720,3358085079.96,241206,246278,657.2,582.8,620,620.8,0.0,621,0.0,0,0,2017-04-17,32583000,627.2,2,0,0,0,0,0,0,0,0,627.4,62,0,0,0,0,0,0,0,0
323,2017-04-17,09:03:03,0,ZC705,XZCE,627.2,621,627.8,53722,3358210519.96,241206,246278,657.2,582.8,620,620.8,0.0,621,0.0,0,0,2017-04-17,32583000,627.2,3,0,0,0,0,0,0,0,0,627.4,62,0,0,0,0,0,0,0,0
324,2017-04-17,09:03:04,0,ZC705,XZCE,627.2,621,627.8,53724,3358335959.96,241208,246278,657.2,582.8,620,620.8,0.0,621,0.0,0,0,2017-04-17,32584000,627.2,2,0,0,0,0,0,0,0,0,627.4,62,0,0,0,0,0,0,0,0
325,2017-04-17,09:03:05,0,ZC705,XZCE,627.2,621,627.8,53730,3358712279.96,241210,246278,657.2,582.8,620,620.8,0.0,621,0.0,0,0,2017-04-17,32585000,627.0,42,0,0,0,0,0,0,0,0,627.2,1,0,0,0,0,0,0,0,0
326,2017-04-17,09:03:05,0,ZC705,XZCE,627.2,621,627.8,53730,3358712279.96,241210,246278,657.2,582.8,620,620.8,0.0,621,0.0,0,0,2017-04-17,32585000,627.0,42,0,0,0,0,0,0,0,0,627.2,2,0,0,0,0,0,0,0,0
327,2017-04-17,09:03:06,0,ZC705,XZCE,627.4,621,627.8,53754,3360218039.96,241192,246278,657.2,582.8,620,620.8,0.0,621,0.0,0,0,2017-04-17,32586000,627.0,45,0,0,0,0,0,0,0,0,627.2,3,0,0,0,0,0,0,0,0
328,2017-04-17,09:03:06,0,ZC705,XZCE,627.4,621,627.8,53766,3360970919.96,241194,246278,657.2,582.8,620,620.8,0.0,621,0.0,0,0,2017-04-17,32586000,627.2,1,0,0,0,0,0,0,0,0,627.4,49,0,0,0,0,0,0,0,0
329,2017-04-17,09:03:07,0,ZC705,XZCE,627.2,621,627.8,53834,3365235879.96,241256,246278,657.2,582.8,620,620.8,0.0,621,0.0,0,0,2017-04-17,32587000,627.0,46,0,0,0,0,0,0,0,0,627.2,14,0,0,0,0,0,0,0,0
330,2017-04-17,09:03:08,0,ZC705,XZCE,627.2,621,627.8,53840,3365612199.96,241262,246278,657.2,582.8,620,620.8,0.0,621,0.0,0,0,2017-04-17,32588000,627.0,46,0,0,0,0,0,0,0,0,627.2,12,0,0,0,0,0,0,0,0
331,2017-04-17,09:03:08,0,ZC705,XZCE,627.2,621,627.8,53840,3365612199.96,241262,246278,657.2,582.8,620,620.8,0.0,621,0.0,0,0,2017-04-17,32588000,627.0,46,0,0,0,0,0,0,0,0,627.2,14,0,0,0,0,0,0,0,0
332,2017-04-17,09:03:09,0,ZC705,XZCE,627.2,621,627.8,53860,3366866599.96,241282,246278,657.2,582.8,620,620.8,0.0,621,0.0,0,0,2017-04-17,32589000,627.0,44,0,0,0,0,0,0,0,0,627.2,4,0,0,0,0,0,0,0,0
333,2017-04-17,09:03:10,0,ZC705,XZCE,627.2,621,627.8,53862,3366992039.96,241282,246278,657.2,582.8,620,620.8,0.0,621,0.0,0,0,2017-04-17,32590000,627.0,44,0,0,0,0,0,0,0,0,627.2,3,0,0,0,0,0,0,0,0
334,2017-04-17,09:03:11,0,ZC705,XZCE,627.0,621,627.8,53874,3367744439.96,241282,246278,657.2,582.8,620,620.8,0.0,621,0.0,0,0,2017-04-17,32591000,627.0,43,0,0,0,0,0,0,0,0,627.4,14,0,0,0,0,0,0,0,0
335,2017-04-17,09:03:11,0,ZC705,XZCE,627.4,621,627.8,53876,3367869919.96,241282,246278,657.2,582.8,620,620.8,0.0,621,0.0,0,0,2017-04-17,32591000,627.0,43,0,0,0,0,0,0,0,0,627.4,13,0,0,0,0,0,0,0,0
336,2017-04-17,09:03:12,0,ZC705,XZCE,627.4,621,627.8,53876,3367869919.96,241282,246278,657.2,582.8,620,620.8,0.0,621,0.0,0,0,2017-04-17,32592000,627.2,2,0,0,0,0,0,0,0,0,627.4,13,0,0,0,0,0,0,0,0
337,2017-04-17,09:03:12,0,ZC705,XZCE,627.4,621,627.8,53876,3367869919.96,241282,246278,657.2,582.8,620,620.8,0.0,621,0.0,0,0,2017-04-17,32592000,627.2,3,0,0,0,0,0,0,0,0,627.4,14,0,0,0,0,0,0,0,0
338,2017-04-17,09:03:13,0,ZC705,XZCE,627.4,621,627.8,53878,3367995399.96,241284,246278,657.2,582.8,620,620.8,0.0,621,0.0,0,0,2017-04-17,32593000,627.2,14,0,0,0,0,0,0,0,0,627.4,13,0,0,0,0,0,0,0,0
339,2017-04-17,09:03:13,0,ZC705,XZCE,627.4,621,627.8,53884,3368371839.96,241286,246278,657.2,582.8,620,620.8,0.0,621,0.0,0,0,2017-04-17,32593000,627.2,15,0,0,0,0,0,0,0,0,627.4,12,0,0,0,0,0,0,0,0
340,2017-04-17,09:03:14,0,ZC705,XZCE,627.4,621,627.8,53884,3368371839.96,241286,246278,657.2,582.8,620,620.8,0.0,621,0.0,0,0,2017-04-17,32594000,627.2,16,0,0,0,0,0,0,0,0,627.4,12,0,0,0,0,0,0,0,0
341,2017-04-17,09:03:15,0,ZC705,XZCE,627.4,621,627.8,53884,3368371839.96,241286,246278,657.2,582.8,620,620.8,0.0,621,0.0,0,0,2017-04-17,32595000,627.2,18,0,0,0,0,0,0,0,0,627.4,13,0,0,0,0,0,0,0,0
342,2017-04-17,09:03:15,0,ZC705,XZCE,627.4,621,627.8,53912,3370128559.96,241284,246278,657.2,582.8,620,620.8,0.0,621,0.0,0,0,2017-04-17,32595000,627.2,19,0,0,0,0,0,0,0,0,627.6,70,0,0,0,0,0,0,0,0
343,2017-04-17,09:03:16,0,ZC705,XZCE,627.4,621,627.8,53918,3370504999.96,241284,246278,657.2,582.8,620,620.8,0.0,621,0.0,0,0,2017-04-17,32596000,627.2,19,0,0,0,0,0,0,0,0,627.4,2,0,0,0,0,0,0,0,0
344,2017-04-17,09:03:16,0,ZC705,XZCE,627.6,621,627.8,53984,3374647159.96,241322,246278,657.2,582.8,620,620.8,0.0,621,0.0,0,0,2017-04-17,32596000,627.2,19,0,0,0,0,0,0,0,0,627.6,39,0,0,0,0,0,0,0,0
345,2017-04-17,09:03:17,0,ZC705,XZCE,627.8,621,627.8,54312,3395238999.96,241224,246278,657.2,582.8,620,620.8,0.0,621,0.0,0,0,2017-04-17,32597000,627.6,11,0,0,0,0,0,0,0,0,627.8,68,0,0,0,0,0,0,0,0
346,2017-04-17,09:03:17,0,ZC705,XZCE,627.8,621,627.8,54428,3402521479.96,241210,246278,657.2,582.8,620,620.8,0.0,621,0.0,0,0,2017-04-17,32597000,627.6,35,0,0,0,0,0,0,0,0,627.8,13,0,0,0,0,0,0,0,0
347,2017-04-17,09:03:18,0,ZC705,XZCE,628.0,621,628.0,54488,3406289479.96,241238,246278,657.2,582.8,620,620.8,0.0,621,0.0,0,0,2017-04-17,32598000,627.6,34,0,0,0,0,0,0,0,0,628.0,514,0,0,0,0,0,0,0,0
348,2017-04-17,09:03:18,0,ZC705,XZCE,628.0,621,628.0,54778,3424501479.96,241124,246278,657.2,582.8,620,620.8,0.0,621,0.0,0,0,2017-04-17,32598000,627.8,3,0,0,0,0,0,0,0,0,628.0,376,0,0,0,0,0,0,0,0
349,2017-04-17,09:03:19,0,ZC705,XZCE,628.0,621,628.0,54864,3429902279.96,241050,246278,657.2,582.8,620,620.8,0.0,621,0.0,0,0,2017-04-17,32599000,627.8,2,0,0,0,0,0,0,0,0,628.0,334,0,0,0,0,0,0,0,0
350,2017-04-17,09:03:19,0,ZC705,XZCE,628.0,621,628.0,54936,3434423879.96,240998,246278,657.2,582.8,620,620.8,0.0,621,0.0,0,0,2017-04-17,32599000,627.6,29,0,0,0,0,0,0,0,0,628.0,302,0,0,0,0,0,0,0,0
351,2017-04-17,09:03:20,0,ZC705,XZCE,628.0,621,628.0,54968,3436433479.96,240968,246278,657.2,582.8,620,620.8,0.0,621,0.0,0,0,2017-04-17,32600000,627.6,30,0,0,0,0,0,0,0,0,628.0,286,0,0,0,0,0,0,0,0
352,2017-04-17,09:03:20,0,ZC705,XZCE,628.0,621,628.0,54972,3436684679.96,240968,246278,657.2,582.8,620,620.8,0.0,621,0.0,0,0,2017-04-17,32600000,627.6,30,0,0,0,0,0,0,0,0,628.0,284,0,0,0,0,0,0,0,0
353,2017-04-17,09:03:20,0,ZC705,XZCE,628.0,621,628.0,54974,3436810279.96,240966,246278,657.2,582.8,620,620.8,0.0,621,0.0,0,0,2017-04-17,32600000,627.6,30,0,0,0,0,0,0,0,0,628.0,283,0,0,0,0,0,0,0,0
354,2017-04-17,09:03:21,0,ZC705,XZCE,628.0,621,628.0,54988,3437689479.96,240952,246278,657.2,582.8,620,620.8,0.0,621,0.0,0,0,2017-04-17,32601000,627.6,30,0,0,0,0,0,0,0,0,628.0,276,0,0,0,0,0,0,0,0
355,2017-04-17,09:03:22,0,ZC705,XZCE,627.6,621,628.0,55036,3440701959.96,240920,246278,657.2,582.8,620,620.8,0.0,621,0.0,0,0,2017-04-17,32602000,627.6,24,0,0,0,0,0,0,0,0,628.0,259,0,0,0,0,0,0,0,0
356,2017-04-17,09:03:22,0,ZC705,XZCE,628.0,621,628.0,55046,3441329959.96,240910,246278,657.2,582.8,620,620.8,0.0,621,0.0,0,0,2017-04-17,32602000,627.6,24,0,0,0,0,0,0,0,0,628.0,255,0,0,0,0,0,0,0,0
357,2017-04-17,09:03:23,0,ZC705,XZCE,628.0,621,628.0,55048,3441455559.96,240910,246278,657.2,582.8,620,620.8,0.0,621,0.0,0,0,2017-04-17,32603000,627.6,25,0,0,0,0,0,0,0,0,628.0,258,0,0,0,0,0,0,0,0
358,2017-04-17,09:03:23,0,ZC705,XZCE,628.0,621,628.0,55054,3441832359.96,240906,246278,657.2,582.8,620,620.8,0.0,621,0.0,0,0,2017-04-17,32603000,627.6,25,0,0,0,0,0,0,0,0,628.0,255,0,0,0,0,0,0,0,0
359,2017-04-17,09:03:24,0,ZC705,XZCE,628.0,621,628.0,55058,3442083559.96,240902,246278,657.2,582.8,620,620.8,0.0,621,0.0,0,0,2017-04-17,32604000,627.6,25,0,0,0,0,0,0,0,0,627.8,5,0,0,0,0,0,0,0,0
360,2017-04-17,09:03:24,0,ZC705,XZCE,628.0,621,628.0,55066,3442585959.96,240894,246278,657.2,582.8,620,620.8,0.0,621,0.0,0,0,2017-04-17,32604000,627.6,25,0,0,0,0,0,0,0,0,627.8,1,0,0,0,0,0,0,0,0
361,2017-04-17,09:03:24,0,ZC705,XZCE,628.0,621,628.0,55068,3442711559.96,240894,246278,657.2,582.8,620,620.8,0.0,621,0.0,0,0,2017-04-17,32604000,627.6,25,0,0,0,0,0,0,0,0,628.0,254,0,0,0,0,0,0,0,0
362,2017-04-17,09:03:25,0,ZC705,XZCE,628.0,621,628.0,55068,3442711559.96,240894,246278,657.2,582.8,620,620.8,0.0,621,0.0,0,0,2017-04-17,32605000,627.8,22,0,0,0,0,0,0,0,0,628.0,259,0,0,0,0,0,0,0,0
363,2017-04-17,09:03:26,0,ZC705,XZCE,627.8,621,628.0,55080,3443464919.96,240892,246278,657.2,582.8,620,620.8,0.0,621,0.0,0,0,2017-04-17,32606000,627.8,22,0,0,0,0,0,0,0,0,628.0,258,0,0,0,0,0,0,0,0
364,2017-04-17,09:03:26,0,ZC705,XZCE,628.0,621,628.0,55082,3443590519.96,240892,246278,657.2,582.8,620,620.8,0.0,621,0.0,0,0,2017-04-17,32606000,627.8,22,0,0,0,0,0,0,0,0,628.0,263,0,0,0,0,0,0,0,0
365,2017-04-17,09:03:27,0,ZC705,XZCE,627.8,621,628.0,55116,3445725039.96,240868,246278,657.2,582.8,620,620.8,0.0,621,0.0,0,0,2017-04-17,32607000,627.8,21,0,0,0,0,0,0,0,0,628.0,247,0,0,0,0,0,0,0,0
366,2017-04-17,09:03:28,0,ZC705,XZCE,627.8,621,628.0,55158,3448361799.96,240826,246278,657.2,582.8,620,620.8,0.0,621,0.0,0,0,2017-04-17,32608000,627.6,21,0,0,0,0,0,0,0,0,627.8,40,0,0,0,0,0,0,0,0
367,2017-04-17,09:03:29,0,ZC705,XZCE,627.8,621,628.0,55204,3451249679.96,240826,246278,657.2,582.8,620,620.8,0.0,621,0.0,0,0,2017-04-17,32609000,627.6,21,0,0,0,0,0,0,0,0,627.8,17,0,0,0,0,0,0,0,0
368,2017-04-17,09:03:29,0,ZC705,XZCE,627.8,621,628.0,55204,3451249679.96,240826,246278,657.2,582.8,620,620.8,0.0,621,0.0,0,0,2017-04-17,32609000,627.6,21,0,0,0,0,0,0,0,0,627.8,19,0,0,0,0,0,0,0,0
369,2017-04-17,09:03:30,0,ZC705,XZCE,628.0,621,628.0,55484,3468833679.96,240718,246278,657.2,582.8,620,620.8,0.0,621,0.0,0,0,2017-04-17,32610000,627.6,21,0,0,0,0,0,0,0,0,628.0,141,0,0,0,0,0,0,0,0
370,2017-04-17,09:03:30,0,ZC705,XZCE,628.0,621,628.0,55484,3468833679.96,240718,246278,657.2,582.8,620,620.8,0.0,621,0.0,0,0,2017-04-17,32610000,627.8,2,0,0,0,0,0,0,0,0,628.0,141,0,0,0,0,0,0,0,0
371,2017-04-17,09:03:30,0,ZC705,XZCE,627.8,621,628.0,55490,3469210359.96,240720,246278,657.2,582.8,620,620.8,0.0,621,0.0,0,0,2017-04-17,32610000,627.8,1,0,0,0,0,0,0,0,0,628.0,139,0,0,0,0,0,0,0,0
372,2017-04-17,09:03:31,0,ZC705,XZCE,627.8,621,628.0,55512,3470591519.96,240732,246278,657.2,582.8,620,620.8,0.0,621,0.0,0,0,2017-04-17,32611000,627.6,18,0,0,0,0,0,0,0,0,628.0,136,0,0,0,0,0,0,0,0
373,2017-04-17,09:03:32,0,ZC705,XZCE,627.8,621,628.0,55512,3470591519.96,240732,246278,657.2,582.8,620,620.8,0.0,621,0.0,0,0,2017-04-17,32612000,627.6,18,0,0,0,0,0,0,0,0,628.0,137,0,0,0,0,0,0,0,0
374,2017-04-17,09:03:32,0,ZC705,XZCE,628.0,621,628.0,55514,3470717119.96,240734,246278,657.2,582.8,620,620.8,0.0,621,0.0,0,0,2017-04-17,32612000,627.8,1,0,0,0,0,0,0,0,0,628.0,137,0,0,0,0,0,0,0,0
375,2017-04-17,09:03:33,0,ZC705,XZCE,628.0,621,628.0,55518,3470968319.96,240736,246278,657.2,582.8,620,620.8,0.0,621,0.0,0,0,2017-04-17,32613000,627.6,19,0,0,0,0,0,0,0,0,628.0,136,0,0,0,0,0,0,0,0
376,2017-04-17,09:03:33,0,ZC705,XZCE,628.0,621,628.0,55592,3475615519.96,240714,246278,657.2,582.8,620,620.8,0.0,621,0.0,0,0,2017-04-17,32613000,627.6,17,0,0,0,0,0,0,0,0,628.0,106,0,0,0,0,0,0,0,0
377,2017-04-17,09:03:34,0,ZC705,XZCE,628.0,621,628.0,55592,3475615519.96,240714,246278,657.2,582.8,620,620.8,0.0,621,0.0,0,0,2017-04-17,32614000,627.6,20,0,0,0,0,0,0,0,0,628.0,106,0,0,0,0,0,0,0,0
378,2017-04-17,09:03:34,0,ZC705,XZCE,628.0,621,628.0,55606,3476494719.96,240706,246278,657.2,582.8,620,620.8,0.0,621,0.0,0,0,2017-04-17,32614000,627.8,1,0,0,0,0,0,0,0,0,628.0,102,0,0,0,0,0,0,0,0
379,2017-04-17,09:03:34,0,ZC705,XZCE,628.0,621,628.0,55608,3476620319.96,240706,246278,657.2,582.8,620,620.8,0.0,621,0.0,0,0,2017-04-17,32614000,627.8,1,0,0,0,0,0,0,0,0,628.0,101,0,0,0,0,0,0,0,0
380,2017-04-17,09:03:35,0,ZC705,XZCE,628.0,621,628.0,55690,3481769919.96,240684,246278,657.2,582.8,620,620.8,0.0,621,0.0,0,0,2017-04-17,32615000,627.8,1,0,0,0,0,0,0,0,0,628.0,61,0,0,0,0,0,0,0,0
381,2017-04-17,09:03:36,0,ZC705,XZCE,628.0,621,628.0,55690,3481769919.96,240684,246278,657.2,582.8,620,620.8,0.0,621,0.0,0,0,2017-04-17,32616000,627.8,1,0,0,0,0,0,0,0,0,628.0,62,0,0,0,0,0,0,0,0
382,2017-04-17,09:03:36,0,ZC705,XZCE,628.0,621,628.0,55706,3482774719.96,240690,246278,657.2,582.8,620,620.8,0.0,621,0.0,0,0,2017-04-17,32616000,627.8,1,0,0,0,0,0,0,0,0,628.0,55,0,0,0,0,0,0,0,0
383,2017-04-17,09:03:37,0,ZC705,XZCE,628.0,621,628.0,55714,3483277119.96,240690,246278,657.2,582.8,620,620.8,0.0,621,0.0,0,0,2017-04-17,32617000,627.8,1,0,0,0,0,0,0,0,0,628.0,51,0,0,0,0,0,0,0,0
384,2017-04-17,09:03:37,0,ZC705,XZCE,627.8,621,628.0,55716,3483402679.96,240690,246278,657.2,582.8,620,620.8,0.0,621,0.0,0,0,2017-04-17,32617000,627.6,21,0,0,0,0,0,0,0,0,628.0,51,0,0,0,0,0,0,0,0
385,2017-04-17,09:03:37,0,ZC705,XZCE,628.0,621,628.0,55718,3483528279.96,240690,246278,657.2,582.8,620,620.8,0.0,621,0.0,0,0,2017-04-17,32617000,627.6,21,0,0,0,0,0,0,0,0,628.0,50,0,0,0,0,0,0,0,0
386,2017-04-17,09:03:38,0,ZC705,XZCE,628.0,621,628.0,55718,3483528279.96,240690,246278,657.2,582.8,620,620.8,0.0,621,0.0,0,0,2017-04-17,32618000,627.8,10,0,0,0,0,0,0,0,0,628.0,50,0,0,0,0,0,0,0,0
387,2017-04-17,09:03:39,0,ZC705,XZCE,628.0,621,628.0,55722,3483779479.96,240690,246278,657.2,582.8,620,620.8,0.0,621,0.0,0,0,2017-04-17,32619000,627.8,10,0,0,0,0,0,0,0,0,628.0,48,0,0,0,0,0,0,0,0
388,2017-04-17,09:03:39,0,ZC705,XZCE,628.0,621,628.0,55754,3485789079.96,240720,246278,657.2,582.8,620,620.8,0.0,621,0.0,0,0,2017-04-17,32619000,627.8,4,0,0,0,0,0,0,0,0,628.0,39,0,0,0,0,0,0,0,0
389,2017-04-17,09:03:39,0,ZC705,XZCE,628.0,621,628.0,55754,3485789079.96,240720,246278,657.2,582.8,620,620.8,0.0,621,0.0,0,0,2017-04-17,32619000,627.8,4,0,0,0,0,0,0,0,0,628.0,42,0,0,0,0,0,0,0,0
390,2017-04-17,09:03:40,0,ZC705,XZCE,628.0,621,628.0,55842,3491315479.96,240696,246278,657.2,582.8,620,620.8,0.0,621,0.0,0,0,2017-04-17,32620000,628.0,31,0,0,0,0,0,0,0,0,628.2,124,0,0,0,0,0,0,0,0
391,2017-04-17,09:03:41,0,ZC705,XZCE,628.2,621,628.2,55852,3491943679.96,240694,246278,657.2,582.8,620,620.8,0.0,621,0.0,0,0,2017-04-17,32621000,628.0,59,0,0,0,0,0,0,0,0,628.2,119,0,0,0,0,0,0,0,0
392,2017-04-17,09:03:41,0,ZC705,XZCE,628.2,621,628.2,55916,3495964159.96,240694,246278,657.2,582.8,620,620.8,0.0,621,0.0,0,0,2017-04-17,32621000,628.0,62,0,0,0,0,0,0,0,0,628.2,90,0,0,0,0,0,0,0,0
393,2017-04-17,09:03:42,0,ZC705,XZCE,628.0,621,628.2,55934,3497094559.96,240694,246278,657.2,582.8,620,620.8,0.0,621,0.0,0,0,2017-04-17,32622000,628.0,58,0,0,0,0,0,0,0,0,628.2,92,0,0,0,0,0,0,0,0
394,2017-04-17,09:03:42,0,ZC705,XZCE,628.2,621,628.2,55940,3497471479.96,240700,246278,657.2,582.8,620,620.8,0.0,621,0.0,0,0,2017-04-17,32622000,628.0,58,0,0,0,0,0,0,0,0,628.2,94,0,0,0,0,0,0,0,0
395,2017-04-17,09:03:43,0,ZC705,XZCE,628.0,621,628.2,55966,3499104279.96,240690,246278,657.2,582.8,620,620.8,0.0,621,0.0,0,0,2017-04-17,32623000,628.0,45,0,0,0,0,0,0,0,0,628.2,97,0,0,0,0,0,0,0,0
396,2017-04-17,09:03:43,0,ZC705,XZCE,628.0,621,628.2,56082,3506389079.96,240762,246278,657.2,582.8,620,620.8,0.0,621,0.0,0,0,2017-04-17,32623000,627.8,8,0,0,0,0,0,0,0,0,628.0,13,0,0,0,0,0,0,0,0
397,2017-04-17,09:03:43,0,ZC705,XZCE,628.0,621,628.2,56084,3506514679.96,240762,246278,657.2,582.8,620,620.8,0.0,621,0.0,0,0,2017-04-17,32623000,627.8,8,0,0,0,0,0,0,0,0,628.0,13,0,0,0,0,0,0,0,0
398,2017-04-17,09:03:44,0,ZC705,XZCE,628.0,621,628.2,56086,3506640279.96,240762,246278,657.2,582.8,620,620.8,0.0,621,0.0,0,0,2017-04-17,32624000,627.8,8,0,0,0,0,0,0,0,0,628.0,12,0,0,0,0,0,0,0,0
399,2017-04-17,09:03:45,0,ZC705,XZCE,628.0,621,628.2,56094,3507142679.96,240762,246278,657.2,582.8,620,620.8,0.0,621,0.0,0,0,2017-04-17,32625000,627.8,8,0,0,0,0,0,0,0,0,628.0,15,0,0,0,0,0,0,0,0
400,2017-04-17,09:03:45,0,ZC705,XZCE,628.0,621,628.2,56110,3508147479.96,240762,246278,657.2,582.8,620,620.8,0.0,621,0.0,0,0,2017-04-17,32625000,627.8,10,0,0,0,0,0,0,0,0,628.0,8,0,0,0,0,0,0,0,0
401,2017-04-17,09:03:46,0,ZC705,XZCE,627.8,621,628.2,56118,3508649719.96,240766,246278,657.2,582.8,620,620.8,0.0,621,0.0,0,0,2017-04-17,32626000,627.8,9,0,0,0,0,0,0,0,0,628.0,5,0,0,0,0,0,0,0,0
402,2017-04-17,09:03:47,0,ZC705,XZCE,628.0,621,628.2,56120,3508775319.96,240766,246278,657.2,582.8,620,620.8,0.0,621,0.0,0,0,2017-04-17,32627000,627.8,9,0,0,0,0,0,0,0,0,628.0,7,0,0,0,0,0,0,0,0
403,2017-04-17,09:03:47,0,ZC705,XZCE,628.0,621,628.2,56120,3508775319.96,240766,246278,657.2,582.8,620,620.8,0.0,621,0.0,0,0,2017-04-17,32627000,627.8,9,0,0,0,0,0,0,0,0,628.0,8,0,0,0,0,0,0,0,0
404,2017-04-17,09:03:48,0,ZC705,XZCE,628.0,621,628.2,56124,3509026519.96,240762,246278,657.2,582.8,620,620.8,0.0,621,0.0,0,0,2017-04-17,32628000,627.8,9,0,0,0,0,0,0,0,0,628.0,6,0,0,0,0,0,0,0,0
405,2017-04-17,09:03:48,0,ZC705,XZCE,628.0,621,628.2,56128,3509277719.96,240764,246278,657.2,582.8,620,620.8,0.0,621,0.0,0,0,2017-04-17,32628000,627.8,10,0,0,0,0,0,0,0,0,628.0,19,0,0,0,0,0,0,0,0
406,2017-04-17,09:03:49,0,ZC705,XZCE,628.0,621,628.2,56138,3509905719.96,240772,246278,657.2,582.8,620,620.8,0.0,621,0.0,0,0,2017-04-17,32629000,627.8,10,0,0,0,0,0,0,0,0,628.0,14,0,0,0,0,0,0,0,0
407,2017-04-17,09:03:49,0,ZC705,XZCE,627.8,621,628.2,56160,3511286879.96,240792,246278,657.2,582.8,620,620.8,0.0,621,0.0,0,0,2017-04-17,32629000,627.6,11,0,0,0,0,0,0,0,0,628.0,17,0,0,0,0,0,0,0,0
408,2017-04-17,09:03:49,0,ZC705,XZCE,627.8,621,628.2,56162,3511412439.96,240792,246278,657.2,582.8,620,620.8,0.0,621,0.0,0,0,2017-04-17,32629000,627.6,11,0,0,0,0,0,0,0,0,627.8,4,0,0,0,0,0,0,0,0
409,2017-04-17,09:03:50,0,ZC705,XZCE,627.8,621,628.2,56166,3511663559.96,240794,246278,657.2,582.8,620,620.8,0.0,621,0.0,0,0,2017-04-17,32630000,627.6,11,0,0,0,0,0,0,0,0,627.8,2,0,0,0,0,0,0,0,0
410,2017-04-17,09:03:51,0,ZC705,XZCE,627.8,621,628.2,56168,3511789119.96,240796,246278,657.2,582.8,620,620.8,0.0,621,0.0,0,0,2017-04-17,32631000,627.6,11,0,0,0,0,0,0,0,0,627.8,1,0,0,0,0,0,0,0,0
411,2017-04-17,09:03:51,0,ZC705,XZCE,627.8,621,628.2,56172,3512040239.96,240800,246278,657.2,582.8,620,620.8,0.0,621,0.0,0,0,2017-04-17,32631000,627.6,12,0,0,0,0,0,0,0,0,627.8,10,0,0,0,0,0,0,0,0
412,2017-04-17,09:03:53,0,ZC705,XZCE,627.8,621,628.2,56174,3512165799.95,240798,246278,657.2,582.8,620,620.8,0.0,621,0.0,0,0,2017-04-17,32633000,627.6,13,0,0,0,0,0,0,0,0,627.8,10,0,0,0,0,0,0,0,0
413,2017-04-17,09:03:53,0,ZC705,XZCE,627.8,621,628.2,56178,3512416919.95,240798,246278,657.2,582.8,620,620.8,0.0,621,0.0,0,0,2017-04-17,32633000,627.6,13,0,0,0,0,0,0,0,0,627.8,8,0,0,0,0,0,0,0,0
414,2017-04-17,09:03:54,0,ZC705,XZCE,627.8,621,628.2,56190,3513170279.95,240786,246278,657.2,582.8,620,620.8,0.0,621,0.0,0,0,2017-04-17,32634000,627.6,13,0,0,0,0,0,0,0,0,627.8,2,0,0,0,0,0,0,0,0
415,2017-04-17,09:03:54,0,ZC705,XZCE,627.8,621,628.2,56210,3514425879.95,240802,246278,657.2,582.8,620,620.8,0.0,621,0.0,0,0,2017-04-17,32634000,627.6,14,0,0,0,0,0,0,0,0,628.0,25,0,0,0,0,0,0,0,0
416,2017-04-17,09:03:56,0,ZC705,XZCE,627.8,621,628.2,56218,3514928119.95,240794,246278,657.2,582.8,620,620.8,0.0,621,0.0,0,0,2017-04-17,32636000,627.6,14,0,0,0,0,0,0,0,0,627.8,11,0,0,0,0,0,0,0,0
417,2017-04-17,09:03:56,0,ZC705,XZCE,627.6,621,628.2,56222,3515179159.95,240798,246278,657.2,582.8,620,620.8,0.0,621,0.0,0,0,2017-04-17,32636000,627.6,12,0,0,0,0,0,0,0,0,627.8,12,0,0,0,0,0,0,0,0
418,2017-04-17,09:03:57,0,ZC705,XZCE,627.6,621,628.2,56238,3516183319.95,240814,246278,657.2,582.8,620,620.8,0.0,621,0.0,0,0,2017-04-17,32637000,627.6,4,0,0,0,0,0,0,0,0,627.8,32,0,0,0,0,0,0,0,0
419,2017-04-17,09:03:57,0,ZC705,XZCE,627.4,621,628.2,56254,3517187159.95,240822,246278,657.2,582.8,620,620.8,0.0,621,0.0,0,0,2017-04-17,32637000,627.2,6,0,0,0,0,0,0,0,0,627.6,5,0,0,0,0,0,0,0,0
420,2017-04-17,09:03:58,0,ZC705,XZCE,627.6,621,628.2,56256,3517312679.95,240822,246278,657.2,582.8,620,620.8,0.0,621,0.0,0,0,2017-04-17,32638000,627.2,6,0,0,0,0,0,0,0,0,627.6,10,0,0,0,0,0,0,0,0
421,2017-04-17,09:03:58,0,ZC705,XZCE,627.6,621,628.2,56258,3517438199.95,240824,246278,657.2,582.8,620,620.8,0.0,621,0.0,0,0,2017-04-17,32638000,627.2,6,0,0,0,0,0,0,0,0,627.6,9,0,0,0,0,0,0,0,0
422,2017-04-17,09:03:59,0,ZC705,XZCE,627.2,621,628.2,56270,3518190839.95,240836,246278,657.2,582.8,620,620.8,0.0,621,0.0,0,0,2017-04-17,32639000,627.2,13,0,0,0,0,0,0,0,0,627.6,37,0,0,0,0,0,0,0,0
423,2017-04-17,09:03:59,0,ZC705,XZCE,627.6,621,628.2,56272,3518316359.95,240838,246278,657.2,582.8,620,620.8,0.0,621,0.0,0,0,2017-04-17,32639000,627.2,13,0,0,0,0,0,0,0,0,627.6,36,0,0,0,0,0,0,0,0
424,2017-04-17,09:04:00,0,ZC705,XZCE,627.2,621,628.2,56276,3518567239.95,240840,246278,657.2,582.8,620,620.8,0.0,621,0.0,0,0,2017-04-17,32640000,627.4,3,0,0,0,0,0,0,0,0,627.6,36,0,0,0,0,0,0,0,0
425,2017-04-17,09:04:00,0,ZC705,XZCE,627.6,621,628.2,56282,3518943799.95,240842,246278,657.2,582.8,620,620.8,0.0,621,0.0,0,0,2017-04-17,32640000,627.4,8,0,0,0,0,0,0,0,0,627.6,34,0,0,0,0,0,0,0,0
426,2017-04-17,09:04:01,0,ZC705,XZCE,627.4,621,628.2,56290,3519445719.95,240848,246278,657.2,582.8,620,620.8,0.0,621,0.0,0,0,2017-04-17,32641000,627.4,8,0,0,0,0,0,0,0,0,627.6,32,0,0,0,0,0,0,0,0
427,2017-04-17,09:04:01,0,ZC705,XZCE,627.4,621,628.2,56290,3519445719.95,240848,246278,657.2,582.8,620,620.8,0.0,621,0.0,0,0,2017-04-17,32641000,627.4,8,0,0,0,0,0,0,0,0,627.6,33,0,0,0,0,0,0,0,0
428,2017-04-17,09:04:02,0,ZC705,XZCE,627.4,621,628.2,56306,3520449559.95,240864,246278,657.2,582.8,620,620.8,0.0,621,0.0,0,0,2017-04-17,32642000,627.2,15,0,0,0,0,0,0,0,0,627.6,33,0,0,0,0,0,0,0,0
429,2017-04-17,09:04:02,0,ZC705,XZCE,627.4,621,628.2,56306,3520449559.95,240864,246278,657.2,582.8,620,620.8,0.0,621,0.0,0,0,2017-04-17,32642000,627.2,15,0,0,0,0,0,0,0,0,627.4,1,0,0,0,0,0,0,0,0
430,2017-04-17,09:04:03,0,ZC705,XZCE,627.2,621,628.2,56310,3520700439.95,240868,246278,657.2,582.8,620,620.8,0.0,621,0.0,0,0,2017-04-17,32643000,627.2,12,0,0,0,0,0,0,0,0,627.4,1,0,0,0,0,0,0,0,0
431,2017-04-17,09:04:03,0,ZC705,XZCE,627.2,621,628.2,56310,3520700439.95,240868,246278,657.2,582.8,620,620.8,0.0,621,0.0,0,0,2017-04-17,32643000,627.2,12,0,0,0,0,0,0,0,0,627.4,7,0,0,0,0,0,0,0,0
432,2017-04-17,09:04:03,0,ZC705,XZCE,627.2,621,628.2,56310,3520700439.95,240868,246278,657.2,582.8,620,620.8,0.0,621,0.0,0,0,2017-04-17,32643000,627.2,12,0,0,0,0,0,0,0,0,627.4,8,0,0,0,0,0,0,0,0
433,2017-04-17,09:04:04,0,ZC705,XZCE,627.2,621,628.2,56334,3522205719.95,240870,246278,657.2,582.8,620,620.8,0.0,621,0.0,0,0,2017-04-17,32644000,627.0,27,0,0,0,0,0,0,0,0,627.2,10,0,0,0,0,0,0,0,0
434,2017-04-17,09:04:04,0,ZC705,XZCE,627.2,621,628.2,56334,3522205719.95,240870,246278,657.2,582.8,620,620.8,0.0,621,0.0,0,0,2017-04-17,32644000,627.0,27,0,0,0,0,0,0,0,0,627.2,15,0,0,0,0,0,0,0,0
435,2017-04-17,09:04:05,0,ZC705,XZCE,627.0,621,628.2,56388,3525591519.95,240888,246278,657.2,582.8,620,620.8,0.0,621,0.0,0,0,2017-04-17,32645000,626.8,11,0,0,0,0,0,0,0,0,627.2,15,0,0,0,0,0,0,0,0
436,2017-04-17,09:04:06,0,ZC705,XZCE,627.0,621,628.2,56390,3525716919.95,240888,246278,657.2,582.8,620,620.8,0.0,621,0.0,0,0,2017-04-17,32646000,627.0,11,0,0,0,0,0,0,0,0,627.2,5,0,0,0,0,0,0,0,0
437,2017-04-17,09:04:06,0,ZC705,XZCE,627.0,621,628.2,56412,3527096319.95,240866,246278,657.2,582.8,620,620.8,0.0,621,0.0,0,0,2017-04-17,32646000,626.8,12,0,0,0,0,0,0,0,0,627.0,4,0,0,0,0,0,0,0,0
438,2017-04-17,09:04:06,0,ZC705,XZCE,627.2,621,628.2,56436,3528601599.95,240858,246278,657.2,582.8,620,620.8,0.0,621,0.0,0,0,2017-04-17,32646000,627.0,5,0,0,0,0,0,0,0,0,627.4,19,0,0,0,0,0,0,0,0
439,2017-04-17,09:04:07,0,ZC705,XZCE,627.0,621,628.2,56448,3529353999.95,240860,246278,657.2,582.8,620,620.8,0.0,621,0.0,0,0,2017-04-17,32647000,626.8,12,0,0,0,0,0,0,0,0,627.2,101,0,0,0,0,0,0,0,0
440,2017-04-17,09:04:08,0,ZC705,XZCE,626.8,621,628.2,56468,3530607599.95,240868,246278,657.2,582.8,620,620.8,0.0,621,0.0,0,0,2017-04-17,32648000,626.8,2,0,0,0,0,0,0,0,0,627.2,101,0,0,0,0,0,0,0,0
441,2017-04-17,09:04:09,0,ZC705,XZCE,626.8,621,628.2,56470,3530732959.95,240870,246278,657.2,582.8,620,620.8,0.0,621,0.0,0,0,2017-04-17,32649000,626.8,6,0,0,0,0,0,0,0,0,627.0,6,0,0,0,0,0,0,0,0
442,2017-04-17,09:04:10,0,ZC705,XZCE,626.8,621,628.2,56482,3531485119.95,240882,246278,657.2,582.8,620,620.8,0.0,621,0.0,0,0,2017-04-17,32650000,626.4,1,0,0,0,0,0,0,0,0,627.0,6,0,0,0,0,0,0,0,0
443,2017-04-17,09:04:10,0,ZC705,XZCE,626.8,621,628.2,56484,3531610479.95,240882,246278,657.2,582.8,620,620.8,0.0,621,0.0,0,0,2017-04-17,32650000,626.8,6,0,0,0,0,0,0,0,0,627.0,6,0,0,0,0,0,0,0,0
444,2017-04-17,09:04:11,0,ZC705,XZCE,626.8,621,628.2,56484,3531610479.95,240882,246278,657.2,582.8,620,620.8,0.0,621,0.0,0,0,2017-04-17,32651000,626.8,8,0,0,0,0,0,0,0,0,627.0,11,0,0,0,0,0,0,0,0
445,2017-04-17,09:04:11,0,ZC705,XZCE,626.8,621,628.2,56500,3532613359.95,240882,246278,657.2,582.8,620,620.8,0.0,621,0.0,0,0,2017-04-17,32651000,626.6,10,0,0,0,0,0,0,0,0,626.8,22,0,0,0,0,0,0,0,0
446,2017-04-17,09:04:12,0,ZC705,XZCE,626.8,621,628.2,56556,3536123439.95,240894,246278,657.2,582.8,620,620.8,0.0,621,0.0,0,0,2017-04-17,32652000,626.6,4,0,0,0,0,0,0,0,0,627.0,13,0,0,0,0,0,0,0,0
447,2017-04-17,09:04:12,0,ZC705,XZCE,627.0,621,628.2,56560,3536374239.95,240894,246278,657.2,582.8,620,620.8,0.0,621,0.0,0,0,2017-04-17,32652000,626.6,5,0,0,0,0,0,0,0,0,626.8,14,0,0,0,0,0,0,0,0
448,2017-04-17,09:04:14,0,ZC705,XZCE,626.6,621,628.2,56572,3537126159.95,240894,246278,657.2,582.8,620,620.8,0.0,621,0.0,0,0,2017-04-17,32654000,626.6,6,0,0,0,0,0,0,0,0,626.8,10,0,0,0,0,0,0,0,0
449,2017-04-17,09:04:14,0,ZC705,XZCE,626.6,621,628.2,56574,3537251479.95,240894,246278,657.2,582.8,620,620.8,0.0,621,0.0,0,0,2017-04-17,32654000,626.6,9,0,0,0,0,0,0,0,0,626.8,10,0,0,0,0,0,0,0,0
450,2017-04-17,09:04:15,0,ZC705,XZCE,626.8,621,628.2,56576,3537376839.95,240894,246278,657.2,582.8,620,620.8,0.0,621,0.0,0,0,2017-04-17,32655000,626.6,11,0,0,0,0,0,0,0,0,626.8,9,0,0,0,0,0,0,0,0
451,2017-04-17,09:04:15,0,ZC705,XZCE,626.8,621,628.2,56588,3538128999.95,240886,246278,657.2,582.8,620,620.8,0.0,621,0.0,0,0,2017-04-17,32655000,626.6,12,0,0,0,0,0,0,0,0,626.8,4,0,0,0,0,0,0,0,0
452,2017-04-17,09:04:16,0,ZC705,XZCE,626.8,621,628.2,56598,3538755799.95,240890,246278,657.2,582.8,620,620.8,0.0,621,0.0,0,0,2017-04-17,32656000,626.8,14,0,0,0,0,0,0,0,0,627.0,13,0,0,0,0,0,0,0,0
453,2017-04-17,09:04:16,0,ZC705,XZCE,626.8,621,628.2,56598,3538755799.95,240890,246278,657.2,582.8,620,620.8,0.0,621,0.0,0,0,2017-04-17,32656000,626.8,19,0,0,0,0,0,0,0,0,627.0,13,0,0,0,0,0,0,0,0
454,2017-04-17,09:04:17,0,ZC705,XZCE,626.8,621,628.2,56600,3538881159.95,240892,246278,657.2,582.8,620,620.8,0.0,621,0.0,0,0,2017-04-17,32657000,626.8,22,0,0,0,0,0,0,0,0,627.0,16,0,0,0,0,0,0,0,0
455,2017-04-17,09:04:18,0,ZC705,XZCE,626.8,621,628.2,56600,3538881159.95,240892,246278,657.2,582.8,620,620.8,0.0,621,0.0,0,0,2017-04-17,32658000,626.8,23,0,0,0,0,0,0,0,0,627.0,16,0,0,0,0,0,0,0,0
456,2017-04-17,09:04:18,0,ZC705,XZCE,626.8,621,628.2,56606,3539257239.95,240898,246278,657.2,582.8,620,620.8,0.0,621,0.0,0,0,2017-04-17,32658000,626.8,21,0,0,0,0,0,0,0,0,627.0,16,0,0,0,0,0,0,0,0
457,2017-04-17,09:04:19,0,ZC705,XZCE,626.8,621,628.2,56618,3540009399.95,240900,246278,657.2,582.8,620,620.8,0.0,621,0.0,0,0,2017-04-17,32659000,626.8,15,0,0,0,0,0,0,0,0,627.0,16,0,0,0,0,0,0,0,0
458,2017-04-17,09:04:19,0,ZC705,XZCE,626.8,621,628.2,56618,3540009399.95,240900,246278,657.2,582.8,620,620.8,0.0,621,0.0,0,0,2017-04-17,32659000,626.8,11,0,0,0,0,0,0,0,0,627.0,18,0,0,0,0,0,0,0,0
459,2017-04-17,09:04:20,0,ZC705,XZCE,626.8,621,628.2,56628,3540636199.95,240900,246278,657.2,582.8,620,620.8,0.0,621,0.0,0,0,2017-04-17,32660000,626.8,8,0,0,0,0,0,0,0,0,627.0,17,0,0,0,0,0,0,0,0
460,2017-04-17,09:04:20,0,ZC705,XZCE,627.0,621,628.2,56632,3540886999.95,240900,246278,657.2,582.8,620,620.8,0.0,621,0.0,0,0,2017-04-17,32660000,626.8,7,0,0,0,0,0,0,0,0,627.0,16,0,0,0,0,0,0,0,0
461,2017-04-17,09:04:21,0,ZC705,XZCE,626.8,621,628.2,56646,3541764519.95,240904,246278,657.2,582.8,620,620.8,0.0,621,0.0,0,0,2017-04-17,32661000,626.8,1,0,0,0,0,0,0,0,0,627.0,21,0,0,0,0,0,0,0,0
462,2017-04-17,09:04:21,0,ZC705,XZCE,626.8,621,628.2,56648,3541889879.94,240906,246278,657.2,582.8,620,620.8,0.0,621,0.0,0,0,2017-04-17,32661000,626.6,11,0,0,0,0,0,0,0,0,627.0,21,0,0,0,0,0,0,0,0
463,2017-04-17,09:04:21,0,ZC705,XZCE,626.8,621,628.2,56648,3541889879.94,240906,246278,657.2,582.8,620,620.8,0.0,621,0.0,0,0,2017-04-17,32661000,626.6,9,0,0,0,0,0,0,0,0,626.8,1,0,0,0,0,0,0,0,0
464,2017-04-17,09:04:23,0,ZC705,XZCE,627.0,621,628.2,56652,3542140679.94,240910,246278,657.2,582.8,620,620.8,0.0,621,0.0,0,0,2017-04-17,32663000,626.6,10,0,0,0,0,0,0,0,0,627.0,25,0,0,0,0,0,0,0,0
465,2017-04-17,09:04:24,0,ZC705,XZCE,627.0,621,628.2,56652,3542140679.94,240910,246278,657.2,582.8,620,620.8,0.0,621,0.0,0,0,2017-04-17,32664000,626.6,10,0,0,0,0,0,0,0,0,627.0,32,0,0,0,0,0,0,0,0
466,2017-04-17,09:04:24,0,ZC705,XZCE,626.6,621,628.2,56654,3542265999.94,240912,246278,657.2,582.8,620,620.8,0.0,621,0.0,0,0,2017-04-17,32664000,626.6,9,0,0,0,0,0,0,0,0,626.8,1,0,0,0,0,0,0,0,0
467,2017-04-17,09:04:25,0,ZC705,XZCE,626.8,621,628.2,56656,3542391359.94,240914,246278,657.2,582.8,620,620.8,0.0,621,0.0,0,0,2017-04-17,32665000,626.8,1,0,0,0,0,0,0,0,0,627.0,32,0,0,0,0,0,0,0,0
468,2017-04-17,09:04:25,0,ZC705,XZCE,626.8,621,628.2,56668,3543143519.94,240914,246278,657.2,582.8,620,620.8,0.0,621,0.0,0,0,2017-04-17,32665000,626.6,9,0,0,0,0,0,0,0,0,627.0,27,0,0,0,0,0,0,0,0
469,2017-04-17,09:04:26,0,ZC705,XZCE,626.6,621,628.2,56686,3544271399.94,240928,246278,657.2,582.8,620,620.8,0.0,621,0.0,0,0,2017-04-17,32666000,626.6,5,0,0,0,0,0,0,0,0,626.8,3,0,0,0,0,0,0,0,0
470,2017-04-17,09:04:26,0,ZC705,XZCE,626.6,621,628.2,56686,3544271399.94,240928,246278,657.2,582.8,620,620.8,0.0,621,0.0,0,0,2017-04-17,32666000,626.6,7,0,0,0,0,0,0,0,0,626.8,4,0,0,0,0,0,0,0,0
471,2017-04-17,09:04:27,0,ZC705,XZCE,626.6,621,628.2,56688,3544396719.94,240930,246278,657.2,582.8,620,620.8,0.0,621,0.0,0,0,2017-04-17,32667000,626.6,7,0,0,0,0,0,0,0,0,626.8,5,0,0,0,0,0,0,0,0
472,2017-04-17,09:04:28,0,ZC705,XZCE,626.6,621,628.2,56692,3544647359.94,240930,246278,657.2,582.8,620,620.8,0.0,621,0.0,0,0,2017-04-17,32668000,626.6,5,0,0,0,0,0,0,0,0,626.8,5,0,0,0,0,0,0,0,0
473,2017-04-17,09:04:29,0,ZC705,XZCE,626.6,621,628.2,56702,3545273959.94,240930,246278,657.2,582.8,620,620.8,0.0,621,0.0,0,0,2017-04-17,32669000,626.4,1,0,0,0,0,0,0,0,0,626.6,13,0,0,0,0,0,0,0,0
474,2017-04-17,09:04:29,0,ZC705,XZCE,626.6,621,628.2,56728,3546903119.94,240930,246278,657.2,582.8,620,620.8,0.0,621,0.0,0,0,2017-04-17,32669000,626.6,31,0,0,0,0,0,0,0,0,626.8,5,0,0,0,0,0,0,0,0
475,2017-04-17,09:04:30,0,ZC705,XZCE,626.8,621,628.2,56740,3547655279.94,240936,246278,657.2,582.8,620,620.8,0.0,621,0.0,0,0,2017-04-17,32670000,626.8,26,0,0,0,0,0,0,0,0,627.0,28,0,0,0,0,0,0,0,0
476,2017-04-17,09:04:30,0,ZC705,XZCE,626.8,621,628.2,56742,3547780639.94,240936,246278,657.2,582.8,620,620.8,0.0,621,0.0,0,0,2017-04-17,32670000,626.8,28,0,0,0,0,0,0,0,0,627.0,29,0,0,0,0,0,0,0,0
477,2017-04-17,09:04:31,0,ZC705,XZCE,627.0,621,628.2,56750,3548282239.94,240936,246278,657.2,582.8,620,620.8,0.0,621,0.0,0,0,2017-04-17,32671000,626.8,26,0,0,0,0,0,0,0,0,627.0,27,0,0,0,0,0,0,0,0
478,2017-04-17,09:04:32,0,ZC705,XZCE,627.0,621,628.2,56750,3548282239.94,240936,246278,657.2,582.8,620,620.8,0.0,621,0.0,0,0,2017-04-17,32672000,626.8,28,0,0,0,0,0,0,0,0,627.0,25,0,0,0,0,0,0,0,0
479,2017-04-17,09:04:33,0,ZC705,XZCE,627.0,621,628.2,56800,3551417239.94,240976,246278,657.2,582.8,620,620.8,0.0,621,0.0,0,0,2017-04-17,32673000,627.0,1,0,0,0,0,0,0,0,0,627.2,108,0,0,0,0,0,0,0,0
480,2017-04-17,09:04:33,0,ZC705,XZCE,626.8,621,628.2,56816,3552420119.94,240978,246278,657.2,582.8,620,620.8,0.0,621,0.0,0,0,2017-04-17,32673000,627.0,18,0,0,0,0,0,0,0,0,627.2,108,0,0,0,0,0,0,0,0
481,2017-04-17,09:04:34,0,ZC705,XZCE,627.0,621,628.2,56844,3554175719.94,241002,246278,657.2,582.8,620,620.8,0.0,621,0.0,0,0,2017-04-17,32674000,627.0,16,0,0,0,0,0,0,0,0,627.2,98,0,0,0,0,0,0,0,0
482,2017-04-17,09:04:34,0,ZC705,XZCE,627.0,621,628.2,56846,3554301119.94,241000,246278,657.2,582.8,620,620.8,0.0,621,0.0,0,0,2017-04-17,32674000,627.0,17,0,0,0,0,0,0,0,0,627.2,99,0,0,0,0,0,0,0,0
483,2017-04-17,09:04:35,0,ZC705,XZCE,627.0,621,628.2,56852,3554677319.94,241000,246278,657.2,582.8,620,620.8,0.0,621,0.0,0,0,2017-04-17,32675000,627.0,14,0,0,0,0,0,0,0,0,627.2,99,0,0,0,0,0,0,0,0
484,2017-04-17,09:04:35,0,ZC705,XZCE,627.0,621,628.2,56908,3558188519.94,241000,246278,657.2,582.8,620,620.8,0.0,621,0.0,0,0,2017-04-17,32675000,627.0,12,0,0,0,0,0,0,0,0,627.2,74,0,0,0,0,0,0,0,0
485,2017-04-17,09:04:36,0,ZC705,XZCE,627.0,621,628.2,56940,3560194919.94,241006,246278,657.2,582.8,620,620.8,0.0,621,0.0,0,0,2017-04-17,32676000,627.0,18,0,0,0,0,0,0,0,0,627.2,73,0,0,0,0,0,0,0,0
486,2017-04-17,09:04:37,0,ZC705,XZCE,627.0,621,628.2,56964,3561699719.94,241028,246278,657.2,582.8,620,620.8,0.0,621,0.0,0,0,2017-04-17,32677000,627.0,6,0,0,0,0,0,0,0,0,627.2,73,0,0,0,0,0,0,0,0
487,2017-04-17,09:04:37,0,ZC705,XZCE,627.0,621,628.2,56974,3562326719.94,241038,246278,657.2,582.8,620,620.8,0.0,621,0.0,0,0,2017-04-17,32677000,627.0,1,0,0,0,0,0,0,0,0,627.2,73,0,0,0,0,0,0,0,0
488,2017-04-17,09:04:38,0,ZC705,XZCE,627.0,621,628.2,56976,3562452119.94,241040,246278,657.2,582.8,620,620.8,0.0,621,0.0,0,0,2017-04-17,32678000,626.8,6,0,0,0,0,0,0,0,0,627.0,6,0,0,0,0,0,0,0,0
489,2017-04-17,09:04:38,0,ZC705,XZCE,626.8,621,628.2,56996,3563705719.94,241034,246278,657.2,582.8,620,620.8,0.0,621,0.0,0,0,2017-04-17,32678000,626.8,2,0,0,0,0,0,0,0,0,627.0,7,0,0,0,0,0,0,0,0
490,2017-04-17,09:04:39,0,ZC705,XZCE,627.0,621,628.2,57002,3564081919.94,241032,246278,657.2,582.8,620,620.8,0.0,621,0.0,0,0,2017-04-17,32679000,626.8,2,0,0,0,0,0,0,0,0,627.0,6,0,0,0,0,0,0,0,0
491,2017-04-17,09:04:40,0,ZC705,XZCE,627.0,621,628.2,57004,3564207319.94,241030,246278,657.2,582.8,620,620.8,0.0,621,0.0,0,0,2017-04-17,32680000,626.8,2,0,0,0,0,0,0,0,0,627.0,6,0,0,0,0,0,0,0,0
492,2017-04-17,09:04:40,0,ZC705,XZCE,627.0,621,628.2,57016,3564959719.94,241042,246278,657.2,582.8,620,620.8,0.0,621,0.0,0,0,2017-04-17,32680000,627.0,6,0,0,0,0,0,0,0,0,627.2,79,0,0,0,0,0,0,0,0
493,2017-04-17,09:04:41,0,ZC705,XZCE,626.8,621,628.2,57038,3566338679.94,241060,246278,657.2,582.8,620,620.8,0.0,621,0.0,0,0,2017-04-17,32681000,626.8,2,0,0,0,0,0,0,0,0,627.0,12,0,0,0,0,0,0,0,0
494,2017-04-17,09:04:41,0,ZC705,XZCE,627.0,621,628.2,57040,3566464079.94,241062,246278,657.2,582.8,620,620.8,0.0,621,0.0,0,0,2017-04-17,32681000,626.8,2,0,0,0,0,0,0,0,0,627.0,11,0,0,0,0,0,0,0,0
495,2017-04-17,09:04:41,0,ZC705,XZCE,627.0,621,628.2,57040,3566464079.94,241062,246278,657.2,582.8,620,620.8,0.0,621,0.0,0,0,2017-04-17,32681000,626.8,2,0,0,0,0,0,0,0,0,627.0,12,0,0,0,0,0,0,0,0
496,2017-04-17,09:04:43,0,ZC705,XZCE,627.0,621,628.2,57050,3567091079.94,241062,246278,657.2,582.8,620,620.8,0.0,621,0.0,0,0,2017-04-17,32683000,626.8,2,0,0,0,0,0,0,0,0,627.0,7,0,0,0,0,0,0,0,0
497,2017-04-17,09:04:44,0,ZC705,XZCE,626.8,621,628.2,57056,3567467159.94,241068,246278,657.2,582.8,620,620.8,0.0,621,0.0,0,0,2017-04-17,32684000,626.8,3,0,0,0,0,0,0,0,0,627.0,5,0,0,0,0,0,0,0,0
498,2017-04-17,09:04:44,0,ZC705,XZCE,626.8,621,628.2,57062,3567843239.94,241068,246278,657.2,582.8,620,620.8,0.0,621,0.0,0,0,2017-04-17,32684000,626.6,12,0,0,0,0,0,0,0,0,626.8,11,0,0,0,0,0,0,0,0
499,2017-04-17,09:04:44,0,ZC705,XZCE,626.8,621,628.2,57064,3567968599.94,241066,246278,657.2,582.8,620,620.8,0.0,621,0.0,0,0,2017-04-17,32684000,626.6,12,0,0,0,0,0,0,0,0,626.8,10,0,0,0,0,0,0,0,0
500,2017-04-17,09:04:45,0,ZC705,XZCE,626.8,621,628.2,57086,3569347559.94,241050,246278,657.2,582.8,620,620.8,0.0,621,0.0,0,0,2017-04-17,32685000,626.8,7,0,0,0,0,0,0,0,0,627.0,5,0,0,0,0,0,0,0,0
501,2017-04-17,09:04:46,0,ZC705,XZCE,626.8,621,628.2,57110,3570851879.94,241032,246278,657.2,582.8,620,620.8,0.0,621,0.0,0,0,2017-04-17,32686000,626.6,12,0,0,0,0,0,0,0,0,626.8,43,0,0,0,0,0,0,0,0
502,2017-04-17,09:04:46,0,ZC705,XZCE,626.8,621,628.2,57112,3570977239.94,241030,246278,657.2,582.8,620,620.8,0.0,621,0.0,0,0,2017-04-17,32686000,626.6,12,0,0,0,0,0,0,0,0,626.8,42,0,0,0,0,0,0,0,0
503,2017-04-17,09:04:47,0,ZC705,XZCE,626.8,621,628.2,57114,3571102599.94,241028,246278,657.2,582.8,620,620.8,0.0,621,0.0,0,0,2017-04-17,32687000,626.6,13,0,0,0,0,0,0,0,0,626.8,42,0,0,0,0,0,0,0,0
504,2017-04-17,09:04:47,0,ZC705,XZCE,626.6,621,628.2,57116,3571227919.94,241028,246278,657.2,582.8,620,620.8,0.0,621,0.0,0,0,2017-04-17,32687000,626.6,12,0,0,0,0,0,0,0,0,626.8,42,0,0,0,0,0,0,0,0
505,2017-04-17,09:04:47,0,ZC705,XZCE,626.8,621,628.2,57118,3571353279.94,241026,246278,657.2,582.8,620,620.8,0.0,621,0.0,0,0,2017-04-17,32687000,626.6,12,0,0,0,0,0,0,0,0,626.8,41,0,0,0,0,0,0,0,0
506,2017-04-17,09:04:49,0,ZC705,XZCE,626.8,621,628.2,57132,3572230799.94,241022,246278,657.2,582.8,620,620.8,0.0,621,0.0,0,0,2017-04-17,32689000,626.6,12,0,0,0,0,0,0,0,0,626.8,34,0,0,0,0,0,0,0,0
507,2017-04-17,09:04:49,0,ZC705,XZCE,626.6,621,628.2,57134,3572356119.94,241020,246278,657.2,582.8,620,620.8,0.0,621,0.0,0,0,2017-04-17,32689000,626.6,11,0,0,0,0,0,0,0,0,626.8,34,0,0,0,0,0,0,0,0
508,2017-04-17,09:04:50,0,ZC705,XZCE,626.6,621,628.2,57138,3572606759.94,241024,246278,657.2,582.8,620,620.8,0.0,621,0.0,0,0,2017-04-17,32690000,626.6,9,0,0,0,0,0,0,0,0,626.8,36,0,0,0,0,0,0,0,0
509,2017-04-17,09:04:50,0,ZC705,XZCE,626.8,621,628.2,57164,3574236439.94,240998,246278,657.2,582.8,620,620.8,0.0,621,0.0,0,0,2017-04-17,32690000,626.6,15,0,0,0,0,0,0,0,0,626.8,23,0,0,0,0,0,0,0,0
510,2017-04-17,09:04:51,0,ZC705,XZCE,626.8,621,628.2,57164,3574236439.94,240998,246278,657.2,582.8,620,620.8,0.0,621,0.0,0,0,2017-04-17,32691000,626.6,13,0,0,0,0,0,0,0,0,626.8,23,0,0,0,0,0,0,0,0
511,2017-04-17,09:04:51,0,ZC705,XZCE,626.6,621,628.2,57172,3574737719.94,241006,246278,657.2,582.8,620,620.8,0.0,621,0.0,0,0,2017-04-17,32691000,626.6,8,0,0,0,0,0,0,0,0,626.8,24,0,0,0,0,0,0,0,0
512,2017-04-17,09:04:52,0,ZC705,XZCE,626.8,621,628.2,57180,3575239159.94,240998,246278,657.2,582.8,620,620.8,0.0,621,0.0,0,0,2017-04-17,32692000,626.6,8,0,0,0,0,0,0,0,0,626.8,25,0,0,0,0,0,0,0,0
