,dataDate,dataTime,dataMillisec,instrumentID,exchangeCD,lastPrice,lowPrice,highPrice,volume,value,openInterest,preOpenInterest,upperLimitPrice,lowerLimitPrice,preSettlementPrice,prevClosePrice,settlementPrice,openPrice,closePrice,preDelta,currDelta,clearingDay,milliSecOffset,bidPrice1,bidVolume1,bidPrice2,bidVolume2,bidPrice3,bidVolume3,bidPrice4,bidVolume4,bidPrice5,bidVolume5,askPrice1,askVolume1,askPrice2,askVolume2,askPrice3,askVolume3,askPrice4,askVolume4,askPrice5,askVolume5
0,2017-04-13,08:59:00,95,cs1709,XDCE,1981,1981,1981,580,11489800,826258,826306,2083,1885,1984,1978,0,1981,0,0,0,2017-04-13,32340095,1980,215,0,0,0,0,0,0,0,0,1981,16,0,0,0,0,0,0,0,0
1,2017-04-13,09:00:00,376,cs1709,XDCE,1982,1981,1982,698,13827720,826268,826306,2083,1885,1984,1978,0,1981,0,0,0,2017-04-13,32400376,1982,20,0,0,0,0,0,0,0,0,1983,51,0,0,0,0,0,0,0,0
2,2017-04-13,09:00:00,870,cs1709,XDCE,1981,1981,1983,990,19615920,826350,826306,2083,1885,1984,1978,0,1981,0,0,0,2017-04-13,32400870,1981,1449,0,0,0,0,0,0,0,0,1982,56,0,0,0,0,0,0,0,0
3,2017-04-13,09:00:01,376,cs1709,XDCE,1983,1981,1983,1602,31748440,826910,826306,2083,1885,1984,1978,0,1981,0,0,0,2017-04-13,32401376,1983,61,0,0,0,0,0,0,0,0,1984,140,0,0,0,0,0,0,0,0
4,2017-04-13,09:00:01,868,cs1709,XDCE,1983,1981,1984,1660,32898600,826950,826306,2083,1885,1984,1978,0,1981,0,0,0,2017-04-13,32401868,1983,50,0,0,0,0,0,0,0,0,1984,146,0,0,0,0,0,0,0,0
5,2017-04-13,09:00:02,373,cs1709,XDCE,1983,1981,1984,1854,36745660,826946,826306,2083,1885,1984,1978,0,1981,0,0,0,2017-04-13,32402373,1983,4,0,0,0,0,0,0,0,0,1984,148,0,0,0,0,0,0,0,0
6,2017-04-13,09:00:02,875,cs1709,XDCE,1982,1981,1984,1910,37855780,826984,826306,2083,1885,1984,1978,0,1981,0,0,0,2017-04-13,32402875,1982,223,0,0,0,0,0,0,0,0,1984,151,0,0,0,0,0,0,0,0
7,2017-04-13,09:00:03,371,cs1709,XDCE,1984,1981,1984,1952,38688500,826982,826306,2083,1885,1984,1978,0,1981,0,0,0,2017-04-13,32403371,1983,2,0,0,0,0,0,0,0,0,1984,148,0,0,0,0,0,0,0,0
8,2017-04-13,09:00:03,863,cs1709,XDCE,1984,1981,1984,1970,39045540,826980,826306,2083,1885,1984,1978,0,1981,0,0,0,2017-04-13,32403863,1983,1,0,0,0,0,0,0,0,0,1984,143,0,0,0,0,0,0,0,0
9,2017-04-13,09:00:04,359,cs1709,XDCE,1984,1981,1984,2000,39640500,826982,826306,2083,1885,1984,1978,0,1981,0,0,0,2017-04-13,32404359,1983,1,0,0,0,0,0,0,0,0,1984,138,0,0,0,0,0,0,0,0
10,2017-04-13,09:00:04,869,cs1709,XDCE,1984,1981,1984,2020,40037240,826976,826306,2083,1885,1984,1978,0,1981,0,0,0,2017-04-13,32404869,1983,2,0,0,0,0,0,0,0,0,1984,159,0,0,0,0,0,0,0,0
11,2017-04-13,09:00:05,376,cs1709,XDCE,1984,1981,1984,2068,40989500,826996,826306,2083,1885,1984,1978,0,1981,0,0,0,2017-04-13,32405376,1982,193,0,0,0,0,0,0,0,0,1983,1,0,0,0,0,0,0,0,0
12,2017-04-13,09:00:05,875,cs1709,XDCE,1982,1981,1984,2202,43647220,827036,826306,2083,1885,1984,1978,0,1981,0,0,0,2017-04-13,32405875,1983,1,0,0,0,0,0,0,0,0,1984,105,0,0,0,0,0,0,0,0
13,2017-04-13,09:00:06,356,cs1709,XDCE,1982,1981,1984,2430,48166220,827148,826306,2083,1885,1984,1978,0,1981,0,0,0,2017-04-13,32406356,1982,67,0,0,0,0,0,0,0,0,1983,16,0,0,0,0,0,0,0,0
14,2017-04-13,09:00:06,874,cs1709,XDCE,1983,1981,1984,2442,48404180,827148,826306,2083,1885,1984,1978,0,1981,0,0,0,2017-04-13,32406874,1982,54,0,0,0,0,0,0,0,0,1983,51,0,0,0,0,0,0,0,0
15,2017-04-13,09:00:07,343,cs1709,XDCE,1982,1981,1984,2448,48523120,827146,826306,2083,1885,1984,1978,0,1981,0,0,0,2017-04-13,32407343,1982,54,0,0,0,0,0,0,0,0,1983,149,0,0,0,0,0,0,0,0
16,2017-04-13,09:00:07,875,cs1709,XDCE,1981,1981,1984,2602,51574480,827262,826306,2083,1885,1984,1978,0,1981,0,0,0,2017-04-13,32407875,1981,1357,0,0,0,0,0,0,0,0,1983,155,0,0,0,0,0,0,0,0
17,2017-04-13,09:00:08,368,cs1709,XDCE,1982,1981,1984,2608,51693420,827260,826306,2083,1885,1984,1978,0,1981,0,0,0,2017-04-13,32408368,1982,84,0,0,0,0,0,0,0,0,1983,207,0,0,0,0,0,0,0,0
18,2017-04-13,09:00:08,864,cs1709,XDCE,1983,1981,1984,2614,51812360,827254,826306,2083,1885,1984,1978,0,1981,0,0,0,2017-04-13,32408864,1982,79,0,0,0,0,0,0,0,0,1983,208,0,0,0,0,0,0,0,0
19,2017-04-13,09:00:09,371,cs1709,XDCE,1983,1981,1984,2668,52883100,827240,826306,2083,1885,1984,1978,0,1981,0,0,0,2017-04-13,32409371,1982,99,0,0,0,0,0,0,0,0,1983,155,0,0,0,0,0,0,0,0
20,2017-04-13,09:00:09,876,cs1709,XDCE,1982,1981,1984,2692,53358780,827260,826306,2083,1885,1984,1978,0,1981,0,0,0,2017-04-13,32409876,1982,92,0,0,0,0,0,0,0,0,1983,163,0,0,0,0,0,0,0,0
21,2017-04-13,09:00:10,365,cs1709,XDCE,1983,1981,1984,2942,58316280,827202,826306,2083,1885,1984,1978,0,1981,0,0,0,2017-04-13,32410365,1983,41,0,0,0,0,0,0,0,0,1984,123,0,0,0,0,0,0,0,0
22,2017-04-13,09:00:10,867,cs1709,XDCE,1984,1981,1984,3106,61570020,827244,826306,2083,1885,1984,1978,0,1981,0,0,0,2017-04-13,32410867,1983,91,0,0,0,0,0,0,0,0,1984,4,0,0,0,0,0,0,0,0
23,2017-04-13,09:00:11,363,cs1709,XDCE,1984,1981,1984,3202,63474400,827190,826306,2083,1885,1984,1978,0,1981,0,0,0,2017-04-13,32411363,1983,42,0,0,0,0,0,0,0,0,1985,147,0,0,0,0,0,0,0,0
24,2017-04-13,09:00:11,858,cs1709,XDCE,1985,1981,1985,3204,63514100,827188,826306,2083,1885,1984,1978,0,1981,0,0,0,2017-04-13,32411858,1984,15,0,0,0,0,0,0,0,0,1985,146,0,0,0,0,0,0,0,0
25,2017-04-13,09:00:12,329,cs1709,XDCE,1985,1981,1985,3222,63871360,827176,826306,2083,1885,1984,1978,0,1981,0,0,0,2017-04-13,32412329,1984,13,0,0,0,0,0,0,0,0,1985,140,0,0,0,0,0,0,0,0
26,2017-04-13,09:00:12,846,cs1709,XDCE,1984,1981,1985,3248,64387200,827176,826306,2083,1885,1984,1978,0,1981,0,0,0,2017-04-13,32412846,1984,7,0,0,0,0,0,0,0,0,1985,140,0,0,0,0,0,0,0,0
27,2017-04-13,09:00:13,360,cs1709,XDCE,1985,1981,1985,3260,64625380,827184,826306,2083,1885,1984,1978,0,1981,0,0,0,2017-04-13,32413360,1984,32,0,0,0,0,0,0,0,0,1985,137,0,0,0,0,0,0,0,0
28,2017-04-13,09:00:13,869,cs1709,XDCE,1985,1981,1985,3260,64625380,827184,826306,2083,1885,1984,1978,0,1981,0,0,0,2017-04-13,32413869,1984,39,0,0,0,0,0,0,0,0,1985,137,0,0,0,0,0,0,0,0
29,2017-04-13,09:00:14,846,cs1709,XDCE,1985,1981,1985,3278,64982540,827170,826306,2083,1885,1984,1978,0,1981,0,0,0,2017-04-13,32414846,1984,27,0,0,0,0,0,0,0,0,1985,135,0,0,0,0,0,0,0,0
30,2017-04-13,09:00:15,365,cs1709,XDCE,1985,1981,1985,3296,65339820,827176,826306,2083,1885,1984,1978,0,1981,0,0,0,2017-04-13,32415365,1984,26,0,0,0,0,0,0,0,0,1985,128,0,0,0,0,0,0,0,0
31,2017-04-13,09:00:15,856,cs1709,XDCE,1984,1981,1985,3336,66133560,827166,826306,2083,1885,1984,1978,0,1981,0,0,0,2017-04-13,32415856,1984,13,0,0,0,0,0,0,0,0,1985,122,0,0,0,0,0,0,0,0
32,2017-04-13,09:00:16,329,cs1709,XDCE,1984,1981,1985,3368,66768480,827146,826306,2083,1885,1984,1978,0,1981,0,0,0,2017-04-13,32416329,1983,73,0,0,0,0,0,0,0,0,1985,120,0,0,0,0,0,0,0,0
33,2017-04-13,09:00:16,828,cs1709,XDCE,1985,1981,1985,3372,66847880,827150,826306,2083,1885,1984,1978,0,1981,0,0,0,2017-04-13,32416828,1984,97,0,0,0,0,0,0,0,0,1985,122,0,0,0,0,0,0,0,0
34,2017-04-13,09:00:17,352,cs1709,XDCE,1984,1981,1985,3374,66887560,827150,826306,2083,1885,1984,1978,0,1981,0,0,0,2017-04-13,32417352,1984,96,0,0,0,0,0,0,0,0,1985,122,0,0,0,0,0,0,0,0
35,2017-04-13,09:00:17,840,cs1709,XDCE,1984,1981,1985,3388,67165320,827164,826306,2083,1885,1984,1978,0,1981,0,0,0,2017-04-13,32417840,1984,390,0,0,0,0,0,0,0,0,1985,121,0,0,0,0,0,0,0,0
36,2017-04-13,09:00:18,376,cs1709,XDCE,1985,1981,1985,3642,72207020,827272,826306,2083,1885,1984,1978,0,1981,0,0,0,2017-04-13,32418376,1985,55,0,0,0,0,0,0,0,0,1986,126,0,0,0,0,0,0,0,0
37,2017-04-13,09:00:18,845,cs1709,XDCE,1985,1981,1985,3656,72484920,827286,826306,2083,1885,1984,1978,0,1981,0,0,0,2017-04-13,32418845,1985,83,0,0,0,0,0,0,0,0,1986,116,0,0,0,0,0,0,0,0
38,2017-04-13,09:00:19,361,cs1709,XDCE,1986,1981,1986,3686,73080520,827276,826306,2083,1885,1984,1978,0,1981,0,0,0,2017-04-13,32419361,1985,114,0,0,0,0,0,0,0,0,1986,110,0,0,0,0,0,0,0,0
39,2017-04-13,09:00:19,872,cs1709,XDCE,1986,1981,1986,3696,73279120,827270,826306,2083,1885,1984,1978,0,1981,0,0,0,2017-04-13,32419872,1985,128,0,0,0,0,0,0,0,0,1986,122,0,0,0,0,0,0,0,0
40,2017-04-13,09:00:20,371,cs1709,XDCE,1986,1981,1986,3784,75026800,827230,826306,2083,1885,1984,1978,0,1981,0,0,0,2017-04-13,32420371,1985,138,0,0,0,0,0,0,0,0,1986,88,0,0,0,0,0,0,0,0
41,2017-04-13,09:00:20,842,cs1709,XDCE,1986,1981,1986,3792,75185680,827230,826306,2083,1885,1984,1978,0,1981,0,0,0,2017-04-13,32420842,1985,136,0,0,0,0,0,0,0,0,1986,89,0,0,0,0,0,0,0,0
42,2017-04-13,09:00:21,356,cs1709,XDCE,1986,1981,1986,3868,76694740,827290,826306,2083,1885,1984,1978,0,1981,0,0,0,2017-04-13,32421356,1985,121,0,0,0,0,0,0,0,0,1986,66,0,0,0,0,0,0,0,0
43,2017-04-13,09:00:21,822,cs1709,XDCE,1986,1981,1986,3892,77171260,827312,826306,2083,1885,1984,1978,0,1981,0,0,0,2017-04-13,32421822,1985,115,0,0,0,0,0,0,0,0,1986,64,0,0,0,0,0,0,0,0
44,2017-04-13,09:00:22,367,cs1709,XDCE,1986,1981,1986,3894,77210980,827312,826306,2083,1885,1984,1978,0,1981,0,0,0,2017-04-13,32422367,1985,93,0,0,0,0,0,0,0,0,1986,63,0,0,0,0,0,0,0,0
45,2017-04-13,09:00:22,831,cs1709,XDCE,1985,1981,1986,3994,79196120,827290,826306,2083,1885,1984,1978,0,1981,0,0,0,2017-04-13,32422831,1985,50,0,0,0,0,0,0,0,0,1986,58,0,0,0,0,0,0,0,0
46,2017-04-13,09:00:23,326,cs1709,XDCE,1985,1981,1986,4030,79910720,827298,826306,2083,1885,1984,1978,0,1981,0,0,0,2017-04-13,32423326,1985,31,0,0,0,0,0,0,0,0,1986,60,0,0,0,0,0,0,0,0
47,2017-04-13,09:00:23,826,cs1709,XDCE,1985,1981,1986,4030,79910720,827298,826306,2083,1885,1984,1978,0,1981,0,0,0,2017-04-13,32423826,1985,31,0,0,0,0,0,0,0,0,1986,102,0,0,0,0,0,0,0,0
48,2017-04-13,09:00:24,329,cs1709,XDCE,1985,1981,1986,4034,79990120,827296,826306,2083,1885,1984,1978,0,1981,0,0,0,2017-04-13,32424329,1985,29,0,0,0,0,0,0,0,0,1986,135,0,0,0,0,0,0,0,0
49,2017-04-13,09:00:24,829,cs1709,XDCE,1986,1981,1986,4128,81856140,827310,826306,2083,1885,1984,1978,0,1981,0,0,0,2017-04-13,32424829,1985,1,0,0,0,0,0,0,0,0,1986,290,0,0,0,0,0,0,0,0
50,2017-04-13,09:00:25,373,cs1709,XDCE,1985,1981,1986,4154,82372220,827334,826306,2083,1885,1984,1978,0,1981,0,0,0,2017-04-13,32425373,1984,392,0,0,0,0,0,0,0,0,1985,49,0,0,0,0,0,0,0,0
51,2017-04-13,09:00:25,846,cs1709,XDCE,1986,1981,1986,4256,84396920,827384,826306,2083,1885,1984,1978,0,1981,0,0,0,2017-04-13,32425846,1984,390,0,0,0,0,0,0,0,0,1986,322,0,0,0,0,0,0,0,0
52,2017-04-13,09:00:26,359,cs1709,XDCE,1985,1981,1986,4270,84674820,827378,826306,2083,1885,1984,1978,0,1981,0,0,0,2017-04-13,32426359,1984,390,0,0,0,0,0,0,0,0,1985,7,0,0,0,0,0,0,0,0
53,2017-04-13,09:00:26,859,cs1709,XDCE,1985,1981,1986,4286,84992420,827378,826306,2083,1885,1984,1978,0,1981,0,0,0,2017-04-13,32426859,1984,390,0,0,0,0,0,0,0,0,1985,1,0,0,0,0,0,0,0,0
54,2017-04-13,09:00:27,329,cs1709,XDCE,1985,1981,1986,4288,85032120,827378,826306,2083,1885,1984,1978,0,1981,0,0,0,2017-04-13,32427329,1984,390,0,0,0,0,0,0,0,0,1986,324,0,0,0,0,0,0,0,0
55,2017-04-13,09:00:27,790,cs1709,XDCE,1986,1981,1986,4292,85111560,827376,826306,2083,1885,1984,1978,0,1981,0,0,0,2017-04-13,32427790,1985,6,0,0,0,0,0,0,0,0,1986,322,0,0,0,0,0,0,0,0
56,2017-04-13,09:00:28,353,cs1709,XDCE,1986,1981,1986,4294,85151280,827376,826306,2083,1885,1984,1978,0,1981,0,0,0,2017-04-13,32428353,1985,9,0,0,0,0,0,0,0,0,1986,321,0,0,0,0,0,0,0,0
57,2017-04-13,09:00:28,863,cs1709,XDCE,1985,1981,1986,4296,85190980,827376,826306,2083,1885,1984,1978,0,1981,0,0,0,2017-04-13,32428863,1985,10,0,0,0,0,0,0,0,0,1986,322,0,0,0,0,0,0,0,0
58,2017-04-13,09:00:29,372,cs1709,XDCE,1985,1981,1986,4328,85826180,827374,826306,2083,1885,1984,1978,0,1981,0,0,0,2017-04-13,32429372,1984,396,0,0,0,0,0,0,0,0,1985,18,0,0,0,0,0,0,0,0
59,2017-04-13,09:00:29,871,cs1709,XDCE,1985,1981,1986,4336,85984960,827374,826306,2083,1885,1984,1978,0,1981,0,0,0,2017-04-13,32429871,1984,395,0,0,0,0,0,0,0,0,1985,75,0,0,0,0,0,0,0,0
60,2017-04-13,09:00:30,376,cs1709,XDCE,1985,1981,1986,4346,86183460,827378,826306,2083,1885,1984,1978,0,1981,0,0,0,2017-04-13,32430376,1984,395,0,0,0,0,0,0,0,0,1985,76,0,0,0,0,0,0,0,0
61,2017-04-13,09:00:30,867,cs1709,XDCE,1984,1981,1986,4370,86659620,827396,826306,2083,1885,1984,1978,0,1981,0,0,0,2017-04-13,32430867,1984,383,0,0,0,0,0,0,0,0,1985,77,0,0,0,0,0,0,0,0
62,2017-04-13,09:00:31,369,cs1709,XDCE,1985,1981,1986,4474,88723980,827496,826306,2083,1885,1984,1978,0,1981,0,0,0,2017-04-13,32431369,1984,388,0,0,0,0,0,0,0,0,1985,27,0,0,0,0,0,0,0,0
63,2017-04-13,09:00:31,872,cs1709,XDCE,1985,1981,1986,4570,90629580,827450,826306,2083,1885,1984,1978,0,1981,0,0,0,2017-04-13,32431872,1985,22,0,0,0,0,0,0,0,0,1986,215,0,0,0,0,0,0,0,0
64,2017-04-13,09:00:32,329,cs1709,XDCE,1985,1981,1986,4574,90708980,827446,826306,2083,1885,1984,1978,0,1981,0,0,0,2017-04-13,32432329,1985,22,0,0,0,0,0,0,0,0,1986,225,0,0,0,0,0,0,0,0
65,2017-04-13,09:00:32,866,cs1709,XDCE,1984,1981,1986,4872,96622080,827588,826306,2083,1885,1984,1978,0,1981,0,0,0,2017-04-13,32432866,1983,84,0,0,0,0,0,0,0,0,1984,53,0,0,0,0,0,0,0,0
66,2017-04-13,09:00:33,353,cs1709,XDCE,1985,1981,1986,5016,99479420,827694,826306,2083,1885,1984,1978,0,1981,0,0,0,2017-04-13,32433353,1984,1,0,0,0,0,0,0,0,0,1985,64,0,0,0,0,0,0,0,0
67,2017-04-13,09:00:33,840,cs1709,XDCE,1985,1981,1986,5018,99519120,827694,826306,2083,1885,1984,1978,0,1981,0,0,0,2017-04-13,32433840,1984,12,0,0,0,0,0,0,0,0,1985,61,0,0,0,0,0,0,0,0
68,2017-04-13,09:00:34,367,cs1709,XDCE,1984,1981,1986,5042,99995360,827674,826306,2083,1885,1984,1978,0,1981,0,0,0,2017-04-13,32434367,1984,15,0,0,0,0,0,0,0,0,1985,90,0,0,0,0,0,0,0,0
69,2017-04-13,09:00:34,872,cs1709,XDCE,1985,1981,1986,5046,100074740,827674,826306,2083,1885,1984,1978,0,1981,0,0,0,2017-04-13,32434872,1984,25,0,0,0,0,0,0,0,0,1985,92,0,0,0,0,0,0,0,0
70,2017-04-13,09:00:35,340,cs1709,XDCE,1985,1981,1986,5046,100074740,827674,826306,2083,1885,1984,1978,0,1981,0,0,0,2017-04-13,32435340,1984,25,0,0,0,0,0,0,0,0,1985,63,0,0,0,0,0,0,0,0
71,2017-04-13,09:00:35,863,cs1709,XDCE,1985,1981,1986,5050,100154140,827678,826306,2083,1885,1984,1978,0,1981,0,0,0,2017-04-13,32435863,1984,27,0,0,0,0,0,0,0,0,1985,66,0,0,0,0,0,0,0,0
72,2017-04-13,09:00:36,370,cs1709,XDCE,1985,1981,1986,5056,100273200,827680,826306,2083,1885,1984,1978,0,1981,0,0,0,2017-04-13,32436370,1984,29,0,0,0,0,0,0,0,0,1985,66,0,0,0,0,0,0,0,0
73,2017-04-13,09:00:36,842,cs1709,XDCE,1985,1981,1986,5056,100273200,827680,826306,2083,1885,1984,1978,0,1981,0,0,0,2017-04-13,32436842,1984,30,0,0,0,0,0,0,0,0,1985,68,0,0,0,0,0,0,0,0
74,2017-04-13,09:00:37,338,cs1709,XDCE,1985,1981,1986,5056,100273200,827680,826306,2083,1885,1984,1978,0,1981,0,0,0,2017-04-13,32437338,1984,45,0,0,0,0,0,0,0,0,1985,63,0,0,0,0,0,0,0,0
75,2017-04-13,09:00:37,867,cs1709,XDCE,1985,1981,1986,5062,100392300,827676,826306,2083,1885,1984,1978,0,1981,0,0,0,2017-04-13,32437867,1984,50,0,0,0,0,0,0,0,0,1985,56,0,0,0,0,0,0,0,0
76,2017-04-13,09:00:38,319,cs1709,XDCE,1984,1981,1986,5106,101265260,827670,826306,2083,1885,1984,1978,0,1981,0,0,0,2017-04-13,32438319,1984,31,0,0,0,0,0,0,0,0,1985,29,0,0,0,0,0,0,0,0
77,2017-04-13,09:00:38,864,cs1709,XDCE,1984,1981,1986,5112,101384340,827672,826306,2083,1885,1984,1978,0,1981,0,0,0,2017-04-13,32438864,1984,55,0,0,0,0,0,0,0,0,1985,47,0,0,0,0,0,0,0,0
78,2017-04-13,09:00:39,371,cs1709,XDCE,1985,1981,1986,5142,101979800,827684,826306,2083,1885,1984,1978,0,1981,0,0,0,2017-04-13,32439371,1984,53,0,0,0,0,0,0,0,0,1985,46,0,0,0,0,0,0,0,0
79,2017-04-13,09:00:39,824,cs1709,XDCE,1985,1981,1986,5142,101979800,827684,826306,2083,1885,1984,1978,0,1981,0,0,0,2017-04-13,32439824,1984,53,0,0,0,0,0,0,0,0,1985,83,0,0,0,0,0,0,0,0
80,2017-04-13,09:00:40,313,cs1709,XDCE,1985,1981,1986,5144,102019500,827686,826306,2083,1885,1984,1978,0,1981,0,0,0,2017-04-13,32440313,1984,55,0,0,0,0,0,0,0,0,1985,84,0,0,0,0,0,0,0,0
81,2017-04-13,09:00:40,841,cs1709,XDCE,1985,1981,1986,5146,102059200,827688,826306,2083,1885,1984,1978,0,1981,0,0,0,2017-04-13,32440841,1984,65,0,0,0,0,0,0,0,0,1985,100,0,0,0,0,0,0,0,0
82,2017-04-13,09:00:41,326,cs1709,XDCE,1985,1981,1986,5146,102059200,827688,826306,2083,1885,1984,1978,0,1981,0,0,0,2017-04-13,32441326,1984,49,0,0,0,0,0,0,0,0,1985,80,0,0,0,0,0,0,0,0
83,2017-04-13,09:00:41,853,cs1709,XDCE,1985,1981,1986,5160,102337060,827694,826306,2083,1885,1984,1978,0,1981,0,0,0,2017-04-13,32441853,1984,48,0,0,0,0,0,0,0,0,1985,75,0,0,0,0,0,0,0,0
84,2017-04-13,09:00:42,258,cs1709,XDCE,1984,1981,1986,5180,102733860,827712,826306,2083,1885,1984,1978,0,1981,0,0,0,2017-04-13,32442258,1984,39,0,0,0,0,0,0,0,0,1985,80,0,0,0,0,0,0,0,0
85,2017-04-13,09:00:42,841,cs1709,XDCE,1985,1981,1986,5186,102852960,827712,826306,2083,1885,1984,1978,0,1981,0,0,0,2017-04-13,32442841,1984,39,0,0,0,0,0,0,0,0,1985,80,0,0,0,0,0,0,0,0
86,2017-04-13,09:00:43,291,cs1709,XDCE,1984,1981,1986,5188,102892640,827714,826306,2083,1885,1984,1978,0,1981,0,0,0,2017-04-13,32443291,1984,40,0,0,0,0,0,0,0,0,1985,82,0,0,0,0,0,0,0,0
87,2017-04-13,09:00:44,340,cs1709,XDCE,1985,1981,1986,5206,103249940,827710,826306,2083,1885,1984,1978,0,1981,0,0,0,2017-04-13,32444340,1984,83,0,0,0,0,0,0,0,0,1985,72,0,0,0,0,0,0,0,0
88,2017-04-13,09:00:44,860,cs1709,XDCE,1985,1981,1986,5212,103369040,827714,826306,2083,1885,1984,1978,0,1981,0,0,0,2017-04-13,32444860,1984,85,0,0,0,0,0,0,0,0,1985,65,0,0,0,0,0,0,0,0
89,2017-04-13,09:00:45,371,cs1709,XDCE,1985,1981,1986,5230,103726340,827714,826306,2083,1885,1984,1978,0,1981,0,0,0,2017-04-13,32445371,1984,100,0,0,0,0,0,0,0,0,1985,56,0,0,0,0,0,0,0,0
90,2017-04-13,09:00:45,851,cs1709,XDCE,1985,1981,1986,5356,106227440,827782,826306,2083,1885,1984,1978,0,1981,0,0,0,2017-04-13,32445851,1985,20,0,0,0,0,0,0,0,0,1986,221,0,0,0,0,0,0,0,0
91,2017-04-13,09:00:46,372,cs1709,XDCE,1986,1981,1986,5360,106306860,827782,826306,2083,1885,1984,1978,0,1981,0,0,0,2017-04-13,32446372,1985,18,0,0,0,0,0,0,0,0,1986,207,0,0,0,0,0,0,0,0
92,2017-04-13,09:00:46,860,cs1709,XDCE,1985,1981,1986,5396,107021500,827780,826306,2083,1885,1984,1978,0,1981,0,0,0,2017-04-13,32446860,1985,14,0,0,0,0,0,0,0,0,1986,205,0,0,0,0,0,0,0,0
93,2017-04-13,09:00:47,365,cs1709,XDCE,1985,1981,1986,5442,107934620,827804,826306,2083,1885,1984,1978,0,1981,0,0,0,2017-04-13,32447365,1984,120,0,0,0,0,0,0,0,0,1985,50,0,0,0,0,0,0,0,0
94,2017-04-13,09:00:47,866,cs1709,XDCE,1985,1981,1986,5452,108133100,827804,826306,2083,1885,1984,1978,0,1981,0,0,0,2017-04-13,32447866,1984,131,0,0,0,0,0,0,0,0,1985,48,0,0,0,0,0,0,0,0
95,2017-04-13,09:00:48,374,cs1709,XDCE,1985,1981,1986,5482,108728600,827806,826306,2083,1885,1984,1978,0,1981,0,0,0,2017-04-13,32448374,1984,131,0,0,0,0,0,0,0,0,1985,8,0,0,0,0,0,0,0,0
96,2017-04-13,09:00:48,866,cs1709,XDCE,1985,1981,1986,5498,109046200,827820,826306,2083,1885,1984,1978,0,1981,0,0,0,2017-04-13,32448866,1985,4,0,0,0,0,0,0,0,0,1986,205,0,0,0,0,0,0,0,0
97,2017-04-13,09:00:49,347,cs1709,XDCE,1985,1981,1986,5506,109205000,827820,826306,2083,1885,1984,1978,0,1981,0,0,0,2017-04-13,32449347,1984,131,0,0,0,0,0,0,0,0,1985,16,0,0,0,0,0,0,0,0
98,2017-04-13,09:00:49,875,cs1709,XDCE,1985,1981,1986,5530,109681400,827806,826306,2083,1885,1984,1978,0,1981,0,0,0,2017-04-13,32449875,1984,131,0,0,0,0,0,0,0,0,1985,4,0,0,0,0,0,0,0,0
99,2017-04-13,09:00:50,363,cs1709,XDCE,1985,1981,1986,5538,109840200,827806,826306,2083,1885,1984,1978,0,1981,0,0,0,2017-04-13,32450363,1985,29,0,0,0,0,0,0,0,0,1986,206,0,0,0,0,0,0,0,0
100,2017-04-13,09:00:50,829,cs1709,XDCE,1985,1981,1986,5538,109840200,827806,826306,2083,1885,1984,1978,0,1981,0,0,0,2017-04-13,32450829,1985,237,0,0,0,0,0,0,0,0,1986,176,0,0,0,0,0,0,0,0
101,2017-04-13,09:00:51,368,cs1709,XDCE,1986,1981,1986,5578,110634600,827806,826306,2083,1885,1984,1978,0,1981,0,0,0,2017-04-13,32451368,1985,226,0,0,0,0,0,0,0,0,1986,152,0,0,0,0,0,0,0,0
102,2017-04-13,09:00:51,872,cs1709,XDCE,1986,1981,1986,5618,111429000,827808,826306,2083,1885,1984,1978,0,1981,0,0,0,2017-04-13,32451872,1985,288,0,0,0,0,0,0,0,0,1986,139,0,0,0,0,0,0,0,0
103,2017-04-13,09:00:52,350,cs1709,XDCE,1986,1981,1986,5684,112739740,827804,826306,2083,1885,1984,1978,0,1981,0,0,0,2017-04-13,32452350,1985,289,0,0,0,0,0,0,0,0,1986,107,0,0,0,0,0,0,0,0
104,2017-04-13,09:00:52,872,cs1709,XDCE,1986,1981,1986,5714,113335440,827804,826306,2083,1885,1984,1978,0,1981,0,0,0,2017-04-13,32452872,1985,290,0,0,0,0,0,0,0,0,1986,97,0,0,0,0,0,0,0,0
105,2017-04-13,09:00:53,327,cs1709,XDCE,1986,1981,1986,5766,114368120,827804,826306,2083,1885,1984,1978,0,1981,0,0,0,2017-04-13,32453327,1985,291,0,0,0,0,0,0,0,0,1986,73,0,0,0,0,0,0,0,0
106,2017-04-13,09:00:53,842,cs1709,XDCE,1985,1981,1986,5768,114407820,827804,826306,2083,1885,1984,1978,0,1981,0,0,0,2017-04-13,32453842,1985,290,0,0,0,0,0,0,0,0,1986,73,0,0,0,0,0,0,0,0
107,2017-04-13,09:00:54,317,cs1709,XDCE,1985,1981,1986,5778,114606340,827804,826306,2083,1885,1984,1978,0,1981,0,0,0,2017-04-13,32454317,1985,286,0,0,0,0,0,0,0,0,1986,83,0,0,0,0,0,0,0,0
108,2017-04-13,09:00:54,870,cs1709,XDCE,1986,1981,1986,5804,115122700,827798,826306,2083,1885,1984,1978,0,1981,0,0,0,2017-04-13,32454870,1985,300,0,0,0,0,0,0,0,0,1986,70,0,0,0,0,0,0,0,0
109,2017-04-13,09:00:55,374,cs1709,XDCE,1986,1981,1986,5838,115797700,827818,826306,2083,1885,1984,1978,0,1981,0,0,0,2017-04-13,32455374,1985,288,0,0,0,0,0,0,0,0,1986,71,0,0,0,0,0,0,0,0
110,2017-04-13,09:00:55,808,cs1709,XDCE,1985,1981,1986,5840,115837400,827818,826306,2083,1885,1984,1978,0,1981,0,0,0,2017-04-13,32455808,1985,288,0,0,0,0,0,0,0,0,1986,65,0,0,0,0,0,0,0,0
111,2017-04-13,09:00:56,376,cs1709,XDCE,1986,1981,1986,5856,116155160,827810,826306,2083,1885,1984,1978,0,1981,0,0,0,2017-04-13,32456376,1985,238,0,0,0,0,0,0,0,0,1986,58,0,0,0,0,0,0,0,0
112,2017-04-13,09:00:56,856,cs1709,XDCE,1986,1981,1986,5858,116194880,827810,826306,2083,1885,1984,1978,0,1981,0,0,0,2017-04-13,32456856,1985,238,0,0,0,0,0,0,0,0,1986,67,0,0,0,0,0,0,0,0
113,2017-04-13,09:00:57,345,cs1709,XDCE,1986,1981,1986,5864,116314040,827808,826306,2083,1885,1984,1978,0,1981,0,0,0,2017-04-13,32457345,1985,238,0,0,0,0,0,0,0,0,1986,66,0,0,0,0,0,0,0,0
114,2017-04-13,09:00:57,872,cs1709,XDCE,1986,1981,1986,5868,116393480,827808,826306,2083,1885,1984,1978,0,1981,0,0,0,2017-04-13,32457872,1985,243,0,0,0,0,0,0,0,0,1986,76,0,0,0,0,0,0,0,0
115,2017-04-13,09:00:58,376,cs1709,XDCE,1985,1981,1986,5872,116472880,827808,826306,2083,1885,1984,1978,0,1981,0,0,0,2017-04-13,32458376,1985,242,0,0,0,0,0,0,0,0,1986,97,0,0,0,0,0,0,0,0
116,2017-04-13,09:00:58,833,cs1709,XDCE,1985,1981,1986,6136,121713340,828068,826306,2083,1885,1984,1978,0,1981,0,0,0,2017-04-13,32458833,1985,114,0,0,0,0,0,0,0,0,1986,151,0,0,0,0,0,0,0,0
117,2017-04-13,09:00:59,361,cs1709,XDCE,1986,1981,1986,6178,122547080,828070,826306,2083,1885,1984,1978,0,1981,0,0,0,2017-04-13,32459361,1985,97,0,0,0,0,0,0,0,0,1986,161,0,0,0,0,0,0,0,0
118,2017-04-13,09:00:59,873,cs1709,XDCE,1984,1981,1986,6374,126437660,828264,826306,2083,1885,1984,1978,0,1981,0,0,0,2017-04-13,32459873,1984,113,0,0,0,0,0,0,0,0,1985,199,0,0,0,0,0,0,0,0
119,2017-04-13,09:01:00,240,cs1709,XDCE,1984,1981,1986,6374,126437660,828264,826306,2083,1885,1984,1978,0,1981,0,0,0,2017-04-13,32460240,1984,99,0,0,0,0,0,0,0,0,1985,205,0,0,0,0,0,0,0,0
120,2017-04-13,09:01:00,871,cs1709,XDCE,1985,1981,1986,6414,127231660,828304,826306,2083,1885,1984,1978,0,1981,0,0,0,2017-04-13,32460871,1984,49,0,0,0,0,0,0,0,0,1985,215,0,0,0,0,0,0,0,0
121,2017-04-13,09:01:01,874,cs1709,XDCE,1985,1981,1986,6418,127311040,828308,826306,2083,1885,1984,1978,0,1981,0,0,0,2017-04-13,32461874,1984,48,0,0,0,0,0,0,0,0,1985,224,0,0,0,0,0,0,0,0
122,2017-04-13,09:01:02,323,cs1709,XDCE,1985,1981,1986,6434,127628540,828324,826306,2083,1885,1984,1978,0,1981,0,0,0,2017-04-13,32462323,1984,47,0,0,0,0,0,0,0,0,1985,202,0,0,0,0,0,0,0,0
123,2017-04-13,09:01:02,866,cs1709,XDCE,1984,1981,1986,6446,127866640,828332,826306,2083,1885,1984,1978,0,1981,0,0,0,2017-04-13,32462866,1984,43,0,0,0,0,0,0,0,0,1985,201,0,0,0,0,0,0,0,0
124,2017-04-13,09:01:03,351,cs1709,XDCE,1985,1981,1986,6448,127906340,828334,826306,2083,1885,1984,1978,0,1981,0,0,0,2017-04-13,32463351,1984,44,0,0,0,0,0,0,0,0,1985,200,0,0,0,0,0,0,0,0
125,2017-04-13,09:01:03,860,cs1709,XDCE,1985,1981,1986,6460,128144480,828342,826306,2083,1885,1984,1978,0,1981,0,0,0,2017-04-13,32463860,1984,42,0,0,0,0,0,0,0,0,1985,197,0,0,0,0,0,0,0,0
126,2017-04-13,09:01:04,363,cs1709,XDCE,1984,1981,1986,6484,128620680,828366,826306,2083,1885,1984,1978,0,1981,0,0,0,2017-04-13,32464363,1984,34,0,0,0,0,0,0,0,0,1985,196,0,0,0,0,0,0,0,0
127,2017-04-13,09:01:05,354,cs1709,XDCE,1985,1981,1986,6486,128660380,828368,826306,2083,1885,1984,1978,0,1981,0,0,0,2017-04-13,32465354,1984,34,0,0,0,0,0,0,0,0,1985,195,0,0,0,0,0,0,0,0
128,2017-04-13,09:01:05,829,cs1709,XDCE,1984,1981,1986,6522,129374620,828404,826306,2083,1885,1984,1978,0,1981,0,0,0,2017-04-13,32465829,1984,16,0,0,0,0,0,0,0,0,1985,195,0,0,0,0,0,0,0,0
129,2017-04-13,09:01:06,358,cs1709,XDCE,1984,1981,1986,6572,130366620,828388,826306,2083,1885,1984,1978,0,1981,0,0,0,2017-04-13,32466358,1983,257,0,0,0,0,0,0,0,0,1984,47,0,0,0,0,0,0,0,0
130,2017-04-13,09:01:06,841,cs1709,XDCE,1984,1981,1986,6602,130961600,828408,826306,2083,1885,1984,1978,0,1981,0,0,0,2017-04-13,32466841,1983,241,0,0,0,0,0,0,0,0,1984,46,0,0,0,0,0,0,0,0
131,2017-04-13,09:01:07,372,cs1709,XDCE,1984,1981,1986,6628,131477440,828400,826306,2083,1885,1984,1978,0,1981,0,0,0,2017-04-13,32467372,1983,241,0,0,0,0,0,0,0,0,1984,130,0,0,0,0,0,0,0,0
132,2017-04-13,09:01:07,864,cs1709,XDCE,1984,1981,1986,6646,131834560,828400,826306,2083,1885,1984,1978,0,1981,0,0,0,2017-04-13,32467864,1983,245,0,0,0,0,0,0,0,0,1984,125,0,0,0,0,0,0,0,0
133,2017-04-13,09:01:08,345,cs1709,XDCE,1984,1981,1986,6666,132231360,828390,826306,2083,1885,1984,1978,0,1981,0,0,0,2017-04-13,32468345,1983,177,0,0,0,0,0,0,0,0,1984,165,0,0,0,0,0,0,0,0
134,2017-04-13,09:01:08,863,cs1709,XDCE,1983,1981,1986,7010,139052880,828646,826306,2083,1885,1984,1978,0,1981,0,0,0,2017-04-13,32468863,1982,126,0,0,0,0,0,0,0,0,1983,12,0,0,0,0,0,0,0,0
135,2017-04-13,09:01:09,330,cs1709,XDCE,1983,1981,1986,7024,139330400,828644,826306,2083,1885,1984,1978,0,1981,0,0,0,2017-04-13,32469330,1982,58,0,0,0,0,0,0,0,0,1983,101,0,0,0,0,0,0,0,0
136,2017-04-13,09:01:09,847,cs1709,XDCE,1983,1981,1986,7150,141827920,828622,826306,2083,1885,1984,1978,0,1981,0,0,0,2017-04-13,32469847,1981,537,0,0,0,0,0,0,0,0,1983,125,0,0,0,0,0,0,0,0
137,2017-04-13,09:01:10,354,cs1709,XDCE,1981,1981,1986,7182,142462280,828612,826306,2083,1885,1984,1978,0,1981,0,0,0,2017-04-13,32470354,1981,523,0,0,0,0,0,0,0,0,1982,24,0,0,0,0,0,0,0,0
138,2017-04-13,09:01:10,844,cs1709,XDCE,1982,1981,1986,7194,142700100,828620,826306,2083,1885,1984,1978,0,1981,0,0,0,2017-04-13,32470844,1981,522,0,0,0,0,0,0,0,0,1982,18,0,0,0,0,0,0,0,0
139,2017-04-13,09:01:11,355,cs1709,XDCE,1982,1981,1986,7220,143215400,828626,826306,2083,1885,1984,1978,0,1981,0,0,0,2017-04-13,32471355,1981,521,0,0,0,0,0,0,0,0,1982,34,0,0,0,0,0,0,0,0
140,2017-04-13,09:01:11,868,cs1709,XDCE,1982,1981,1986,7290,144602800,828622,826306,2083,1885,1984,1978,0,1981,0,0,0,2017-04-13,32471868,1982,55,0,0,0,0,0,0,0,0,1983,211,0,0,0,0,0,0,0,0
141,2017-04-13,09:01:12,375,cs1709,XDCE,1982,1981,1986,7300,144801000,828622,826306,2083,1885,1984,1978,0,1981,0,0,0,2017-04-13,32472375,1982,60,0,0,0,0,0,0,0,0,1983,186,0,0,0,0,0,0,0,0
142,2017-04-13,09:01:12,871,cs1709,XDCE,1982,1981,1986,7300,144801000,828622,826306,2083,1885,1984,1978,0,1981,0,0,0,2017-04-13,32472871,1982,109,0,0,0,0,0,0,0,0,1983,197,0,0,0,0,0,0,0,0
143,2017-04-13,09:01:13,328,cs1709,XDCE,1982,1981,1986,7306,144919920,828622,826306,2083,1885,1984,1978,0,1981,0,0,0,2017-04-13,32473328,1982,106,0,0,0,0,0,0,0,0,1983,188,0,0,0,0,0,0,0,0
144,2017-04-13,09:01:13,855,cs1709,XDCE,1983,1981,1986,7308,144959580,828622,826306,2083,1885,1984,1978,0,1981,0,0,0,2017-04-13,32473855,1982,107,0,0,0,0,0,0,0,0,1983,187,0,0,0,0,0,0,0,0
145,2017-04-13,09:01:14,358,cs1709,XDCE,1982,1981,1986,7316,145118180,828622,826306,2083,1885,1984,1978,0,1981,0,0,0,2017-04-13,32474358,1982,111,0,0,0,0,0,0,0,0,1983,186,0,0,0,0,0,0,0,0
146,2017-04-13,09:01:14,855,cs1709,XDCE,1982,1981,1986,7400,146783080,828612,826306,2083,1885,1984,1978,0,1981,0,0,0,2017-04-13,32474855,1982,72,0,0,0,0,0,0,0,0,1983,195,0,0,0,0,0,0,0,0
147,2017-04-13,09:01:15,368,cs1709,XDCE,1983,1981,1986,7404,146862400,828610,826306,2083,1885,1984,1978,0,1981,0,0,0,2017-04-13,32475368,1982,122,0,0,0,0,0,0,0,0,1983,196,0,0,0,0,0,0,0,0
148,2017-04-13,09:01:15,842,cs1709,XDCE,1983,1981,1986,7406,146902060,828610,826306,2083,1885,1984,1978,0,1981,0,0,0,2017-04-13,32475842,1982,123,0,0,0,0,0,0,0,0,1983,192,0,0,0,0,0,0,0,0
149,2017-04-13,09:01:16,356,cs1709,XDCE,1982,1981,1986,7410,146981360,828606,826306,2083,1885,1984,1978,0,1981,0,0,0,2017-04-13,32476356,1982,123,0,0,0,0,0,0,0,0,1983,186,0,0,0,0,0,0,0,0
150,2017-04-13,09:01:16,869,cs1709,XDCE,1983,1981,1986,7440,147576200,828608,826306,2083,1885,1984,1978,0,1981,0,0,0,2017-04-13,32476869,1982,122,0,0,0,0,0,0,0,0,1983,164,0,0,0,0,0,0,0,0
151,2017-04-13,09:01:17,375,cs1709,XDCE,1982,1981,1986,7446,147695120,828608,826306,2083,1885,1984,1978,0,1981,0,0,0,2017-04-13,32477375,1982,123,0,0,0,0,0,0,0,0,1983,164,0,0,0,0,0,0,0,0
152,2017-04-13,09:01:17,875,cs1709,XDCE,1983,1981,1986,7454,147853760,828608,826306,2083,1885,1984,1978,0,1981,0,0,0,2017-04-13,32477875,1982,123,0,0,0,0,0,0,0,0,1983,160,0,0,0,0,0,0,0,0
153,2017-04-13,09:01:18,339,cs1709,XDCE,1983,1981,1986,7456,147893420,828608,826306,2083,1885,1984,1978,0,1981,0,0,0,2017-04-13,32478339,1982,126,0,0,0,0,0,0,0,0,1983,159,0,0,0,0,0,0,0,0
154,2017-04-13,09:01:18,867,cs1709,XDCE,1983,1981,1986,7456,147893420,828608,826306,2083,1885,1984,1978,0,1981,0,0,0,2017-04-13,32478867,1982,127,0,0,0,0,0,0,0,0,1983,162,0,0,0,0,0,0,0,0
155,2017-04-13,09:01:19,370,cs1709,XDCE,1982,1981,1986,7526,149280820,828552,826306,2083,1885,1984,1978,0,1981,0,0,0,2017-04-13,32479370,1982,94,0,0,0,0,0,0,0,0,1983,162,0,0,0,0,0,0,0,0
156,2017-04-13,09:01:19,864,cs1709,XDCE,1982,1981,1986,7532,149399740,828556,826306,2083,1885,1984,1978,0,1981,0,0,0,2017-04-13,32479864,1982,92,0,0,0,0,0,0,0,0,1983,167,0,0,0,0,0,0,0,0
157,2017-04-13,09:01:20,345,cs1709,XDCE,1982,1981,1986,7542,149598000,828552,826306,2083,1885,1984,1978,0,1981,0,0,0,2017-04-13,32480345,1982,93,0,0,0,0,0,0,0,0,1983,164,0,0,0,0,0,0,0,0
158,2017-04-13,09:01:20,849,cs1709,XDCE,1982,1981,1986,7568,150113560,828552,826306,2083,1885,1984,1978,0,1981,0,0,0,2017-04-13,32480849,1982,94,0,0,0,0,0,0,0,0,1983,152,0,0,0,0,0,0,0,0
159,2017-04-13,09:01:21,360,cs1709,XDCE,1982,1981,1986,7568,150113560,828552,826306,2083,1885,1984,1978,0,1981,0,0,0,2017-04-13,32481360,1982,97,0,0,0,0,0,0,0,0,1983,154,0,0,0,0,0,0,0,0
160,2017-04-13,09:01:21,850,cs1709,XDCE,1983,1981,1986,7574,150232540,828558,826306,2083,1885,1984,1978,0,1981,0,0,0,2017-04-13,32481850,1982,80,0,0,0,0,0,0,0,0,1983,151,0,0,0,0,0,0,0,0
161,2017-04-13,09:01:22,357,cs1709,XDCE,1982,1981,1986,7586,150470400,828566,826306,2083,1885,1984,1978,0,1981,0,0,0,2017-04-13,32482357,1982,95,0,0,0,0,0,0,0,0,1983,160,0,0,0,0,0,0,0,0
162,2017-04-13,09:01:22,865,cs1709,XDCE,1983,1981,1986,7598,150708340,828564,826306,2083,1885,1984,1978,0,1981,0,0,0,2017-04-13,32482865,1982,101,0,0,0,0,0,0,0,0,1983,132,0,0,0,0,0,0,0,0
163,2017-04-13,09:01:23,344,cs1709,XDCE,1982,1981,1986,7608,150906560,828564,826306,2083,1885,1984,1978,0,1981,0,0,0,2017-04-13,32483344,1982,97,0,0,0,0,0,0,0,0,1983,122,0,0,0,0,0,0,0,0
164,2017-04-13,09:01:23,827,cs1709,XDCE,1983,1981,1986,7636,151461800,828580,826306,2083,1885,1984,1978,0,1981,0,0,0,2017-04-13,32483827,1982,99,0,0,0,0,0,0,0,0,1983,107,0,0,0,0,0,0,0,0
165,2017-04-13,09:01:24,330,cs1709,XDCE,1983,1981,1986,7638,151501460,828582,826306,2083,1885,1984,1978,0,1981,0,0,0,2017-04-13,32484330,1982,117,0,0,0,0,0,0,0,0,1983,103,0,0,0,0,0,0,0,0
166,2017-04-13,09:01:24,852,cs1709,XDCE,1982,1981,1986,7650,151739300,828582,826306,2083,1885,1984,1978,0,1981,0,0,0,2017-04-13,32484852,1982,171,0,0,0,0,0,0,0,0,1983,99,0,0,0,0,0,0,0,0
167,2017-04-13,09:01:25,348,cs1709,XDCE,1983,1981,1986,7664,152016880,828582,826306,2083,1885,1984,1978,0,1981,0,0,0,2017-04-13,32485348,1982,172,0,0,0,0,0,0,0,0,1983,94,0,0,0,0,0,0,0,0
168,2017-04-13,09:01:25,866,cs1709,XDCE,1983,1981,1986,7854,155784560,828746,826306,2083,1885,1984,1978,0,1981,0,0,0,2017-04-13,32485866,1983,6,0,0,0,0,0,0,0,0,1984,222,0,0,0,0,0,0,0,0
169,2017-04-13,09:01:26,361,cs1709,XDCE,1983,1981,1986,7872,156141500,828758,826306,2083,1885,1984,1978,0,1981,0,0,0,2017-04-13,32486361,1982,191,0,0,0,0,0,0,0,0,1983,48,0,0,0,0,0,0,0,0
170,2017-04-13,09:01:26,863,cs1709,XDCE,1983,1981,1986,7874,156181160,828760,826306,2083,1885,1984,1978,0,1981,0,0,0,2017-04-13,32486863,1982,191,0,0,0,0,0,0,0,0,1983,49,0,0,0,0,0,0,0,0
171,2017-04-13,09:01:27,804,cs1709,XDCE,1983,1981,1986,7874,156181160,828760,826306,2083,1885,1984,1978,0,1981,0,0,0,2017-04-13,32487804,1982,193,0,0,0,0,0,0,0,0,1983,49,0,0,0,0,0,0,0,0
172,2017-04-13,09:01:28,843,cs1709,XDCE,1983,1981,1986,7876,156220820,828760,826306,2083,1885,1984,1978,0,1981,0,0,0,2017-04-13,32488843,1982,193,0,0,0,0,0,0,0,0,1983,49,0,0,0,0,0,0,0,0
173,2017-04-13,09:01:29,375,cs1709,XDCE,1983,1981,1986,7880,156300120,828760,826306,2083,1885,1984,1978,0,1981,0,0,0,2017-04-13,32489375,1982,192,0,0,0,0,0,0,0,0,1983,52,0,0,0,0,0,0,0,0
174,2017-04-13,09:01:29,828,cs1709,XDCE,1983,1981,1986,7880,156300120,828760,826306,2083,1885,1984,1978,0,1981,0,0,0,2017-04-13,32489828,1982,192,0,0,0,0,0,0,0,0,1983,61,0,0,0,0,0,0,0,0
175,2017-04-13,09:01:30,371,cs1709,XDCE,1983,1981,1986,7882,156339780,828762,826306,2083,1885,1984,1978,0,1981,0,0,0,2017-04-13,32490371,1982,203,0,0,0,0,0,0,0,0,1983,65,0,0,0,0,0,0,0,0
176,2017-04-13,09:01:30,875,cs1709,XDCE,1982,1981,1986,8378,166171500,829026,826306,2083,1885,1984,1978,0,1981,0,0,0,2017-04-13,32490875,1981,528,0,0,0,0,0,0,0,0,1983,91,0,0,0,0,0,0,0,0
177,2017-04-13,09:01:31,362,cs1709,XDCE,1983,1981,1986,8380,166211160,829026,826306,2083,1885,1984,1978,0,1981,0,0,0,2017-04-13,32491362,1981,528,0,0,0,0,0,0,0,0,1983,113,0,0,0,0,0,0,0,0
178,2017-04-13,09:01:31,856,cs1709,XDCE,1982,1981,1986,8386,166330080,829030,826306,2083,1885,1984,1978,0,1981,0,0,0,2017-04-13,32491856,1981,536,0,0,0,0,0,0,0,0,1982,41,0,0,0,0,0,0,0,0
179,2017-04-13,09:01:32,372,cs1709,XDCE,1982,1981,1986,8390,166409360,829034,826306,2083,1885,1984,1978,0,1981,0,0,0,2017-04-13,32492372,1981,541,0,0,0,0,0,0,0,0,1982,52,0,0,0,0,0,0,0,0
180,2017-04-13,09:01:32,875,cs1709,XDCE,1981,1981,1986,8392,166448980,829036,826306,2083,1885,1984,1978,0,1981,0,0,0,2017-04-13,32492875,1981,535,0,0,0,0,0,0,0,0,1982,72,0,0,0,0,0,0,0,0
181,2017-04-13,09:01:33,352,cs1709,XDCE,1981,1981,1986,8392,166448980,829036,826306,2083,1885,1984,1978,0,1981,0,0,0,2017-04-13,32493352,1981,534,0,0,0,0,0,0,0,0,1982,74,0,0,0,0,0,0,0,0
182,2017-04-13,09:01:33,831,cs1709,XDCE,1982,1981,1986,8394,166488620,829038,826306,2083,1885,1984,1978,0,1981,0,0,0,2017-04-13,32493831,1981,534,0,0,0,0,0,0,0,0,1982,68,0,0,0,0,0,0,0,0
183,2017-04-13,09:01:34,363,cs1709,XDCE,1982,1981,1986,8394,166488620,829038,826306,2083,1885,1984,1978,0,1981,0,0,0,2017-04-13,32494363,1981,533,0,0,0,0,0,0,0,0,1982,68,0,0,0,0,0,0,0,0
184,2017-04-13,09:01:34,811,cs1709,XDCE,1982,1981,1986,8394,166488620,829038,826306,2083,1885,1984,1978,0,1981,0,0,0,2017-04-13,32494811,1981,533,0,0,0,0,0,0,0,0,1982,69,0,0,0,0,0,0,0,0
185,2017-04-13,09:01:35,314,cs1709,XDCE,1981,1981,1986,8408,166766080,829046,826306,2083,1885,1984,1978,0,1981,0,0,0,2017-04-13,32495314,1981,532,0,0,0,0,0,0,0,0,1982,68,0,0,0,0,0,0,0,0
186,2017-04-13,09:01:35,806,cs1709,XDCE,1981,1981,1986,8410,166805700,829046,826306,2083,1885,1984,1978,0,1981,0,0,0,2017-04-13,32495806,1981,531,0,0,0,0,0,0,0,0,1982,63,0,0,0,0,0,0,0,0
187,2017-04-13,09:01:36,262,cs1709,XDCE,1981,1981,1986,8410,166805700,829046,826306,2083,1885,1984,1978,0,1981,0,0,0,2017-04-13,32496262,1981,530,0,0,0,0,0,0,0,0,1982,64,0,0,0,0,0,0,0,0
188,2017-04-13,09:01:36,873,cs1709,XDCE,1981,1981,1986,8430,167202060,829062,826306,2083,1885,1984,1978,0,1981,0,0,0,2017-04-13,32496873,1981,529,0,0,0,0,0,0,0,0,1982,56,0,0,0,0,0,0,0,0
189,2017-04-13,09:01:37,376,cs1709,XDCE,1982,1981,1986,8432,167241700,829062,826306,2083,1885,1984,1978,0,1981,0,0,0,2017-04-13,32497376,1981,529,0,0,0,0,0,0,0,0,1982,55,0,0,0,0,0,0,0,0
190,2017-04-13,09:01:37,787,cs1709,XDCE,1982,1981,1986,8434,167281340,829064,826306,2083,1885,1984,1978,0,1981,0,0,0,2017-04-13,32497787,1981,529,0,0,0,0,0,0,0,0,1982,60,0,0,0,0,0,0,0,0
191,2017-04-13,09:01:38,318,cs1709,XDCE,1981,1981,1986,8438,167360580,829068,826306,2083,1885,1984,1978,0,1981,0,0,0,2017-04-13,32498318,1981,527,0,0,0,0,0,0,0,0,1982,60,0,0,0,0,0,0,0,0
192,2017-04-13,09:01:38,871,cs1709,XDCE,1981,1981,1986,8440,167400200,829070,826306,2083,1885,1984,1978,0,1981,0,0,0,2017-04-13,32498871,1981,525,0,0,0,0,0,0,0,0,1982,60,0,0,0,0,0,0,0,0
193,2017-04-13,09:01:39,759,cs1709,XDCE,1981,1981,1986,8440,167400200,829070,826306,2083,1885,1984,1978,0,1981,0,0,0,2017-04-13,32499759,1981,525,0,0,0,0,0,0,0,0,1982,61,0,0,0,0,0,0,0,0
194,2017-04-13,09:01:40,360,cs1709,XDCE,1982,1981,1986,8446,167519120,829070,826306,2083,1885,1984,1978,0,1981,0,0,0,2017-04-13,32500360,1981,525,0,0,0,0,0,0,0,0,1982,50,0,0,0,0,0,0,0,0
195,2017-04-13,09:01:40,839,cs1709,XDCE,1982,1981,1986,8726,173068720,828838,826306,2083,1885,1984,1978,0,1981,0,0,0,2017-04-13,32500839,1981,525,0,0,0,0,0,0,0,0,1982,150,0,0,0,0,0,0,0,0
196,2017-04-13,09:01:41,331,cs1709,XDCE,1982,1981,1986,8726,173068720,828838,826306,2083,1885,1984,1978,0,1981,0,0,0,2017-04-13,32501331,1981,515,0,0,0,0,0,0,0,0,1982,150,0,0,0,0,0,0,0,0
197,2017-04-13,09:01:41,855,cs1709,XDCE,1981,1981,1986,8728,173108340,828838,826306,2083,1885,1984,1978,0,1981,0,0,0,2017-04-13,32501855,1981,514,0,0,0,0,0,0,0,0,1982,151,0,0,0,0,0,0,0,0
198,2017-04-13,09:01:42,376,cs1709,XDCE,1981,1981,1986,8828,175089340,828822,826306,2083,1885,1984,1978,0,1981,0,0,0,2017-04-13,32502376,1981,466,0,0,0,0,0,0,0,0,1982,161,0,0,0,0,0,0,0,0
199,2017-04-13,09:01:42,840,cs1709,XDCE,1981,1981,1986,9756,193473020,829358,826306,2083,1885,1984,1978,0,1981,0,0,0,2017-04-13,32502840,1980,252,0,0,0,0,0,0,0,0,1981,160,0,0,0,0,0,0,0,0
200,2017-04-13,09:01:43,362,cs1709,XDCE,1981,1980,1986,9850,195334300,829432,826306,2083,1885,1984,1978,0,1981,0,0,0,2017-04-13,32503362,1980,198,0,0,0,0,0,0,0,0,1981,51,0,0,0,0,0,0,0,0
201,2017-04-13,09:01:43,845,cs1709,XDCE,1981,1980,1986,9862,195572020,829436,826306,2083,1885,1984,1978,0,1981,0,0,0,2017-04-13,32503845,1980,198,0,0,0,0,0,0,0,0,1981,62,0,0,0,0,0,0,0,0
202,2017-04-13,09:01:44,359,cs1709,XDCE,1981,1980,1986,9886,196047440,829458,826306,2083,1885,1984,1978,0,1981,0,0,0,2017-04-13,32504359,1980,218,0,0,0,0,0,0,0,0,1981,60,0,0,0,0,0,0,0,0
203,2017-04-13,09:01:44,876,cs1709,XDCE,1981,1980,1986,9908,196483260,829476,826306,2083,1885,1984,1978,0,1981,0,0,0,2017-04-13,32504876,1980,218,0,0,0,0,0,0,0,0,1981,50,0,0,0,0,0,0,0,0
204,2017-04-13,09:01:45,375,cs1709,XDCE,1980,1980,1986,9944,197196240,829480,826306,2083,1885,1984,1978,0,1981,0,0,0,2017-04-13,32505375,1980,209,0,0,0,0,0,0,0,0,1981,45,0,0,0,0,0,0,0,0
205,2017-04-13,09:01:45,855,cs1709,XDCE,1981,1980,1986,10048,199256480,829468,826306,2083,1885,1984,1978,0,1981,0,0,0,2017-04-13,32505855,1981,47,0,0,0,0,0,0,0,0,1982,252,0,0,0,0,0,0,0,0
206,2017-04-13,09:01:46,341,cs1709,XDCE,1981,1980,1986,10052,199335720,829464,826306,2083,1885,1984,1978,0,1981,0,0,0,2017-04-13,32506341,1981,89,0,0,0,0,0,0,0,0,1982,251,0,0,0,0,0,0,0,0
207,2017-04-13,09:01:46,828,cs1709,XDCE,1981,1980,1986,10060,199494240,829466,826306,2083,1885,1984,1978,0,1981,0,0,0,2017-04-13,32506828,1981,87,0,0,0,0,0,0,0,0,1982,260,0,0,0,0,0,0,0,0
208,2017-04-13,09:01:47,341,cs1709,XDCE,1981,1980,1986,10062,199533860,829466,826306,2083,1885,1984,1978,0,1981,0,0,0,2017-04-13,32507341,1981,87,0,0,0,0,0,0,0,0,1982,260,0,0,0,0,0,0,0,0
209,2017-04-13,09:01:47,856,cs1709,XDCE,1981,1980,1986,10062,199533860,829466,826306,2083,1885,1984,1978,0,1981,0,0,0,2017-04-13,32507856,1981,97,0,0,0,0,0,0,0,0,1982,260,0,0,0,0,0,0,0,0
210,2017-04-13,09:01:48,333,cs1709,XDCE,1982,1980,1986,10064,199573500,829464,826306,2083,1885,1984,1978,0,1981,0,0,0,2017-04-13,32508333,1981,60,0,0,0,0,0,0,0,0,1982,259,0,0,0,0,0,0,0,0
211,2017-04-13,09:01:48,866,cs1709,XDCE,1981,1980,1986,10184,201950700,829504,826306,2083,1885,1984,1978,0,1981,0,0,0,2017-04-13,32508866,1980,192,0,0,0,0,0,0,0,0,1981,26,0,0,0,0,0,0,0,0
212,2017-04-13,09:01:49,361,cs1709,XDCE,1981,1980,1986,10192,202109180,829512,826306,2083,1885,1984,1978,0,1981,0,0,0,2017-04-13,32509361,1980,212,0,0,0,0,0,0,0,0,1981,31,0,0,0,0,0,0,0,0
213,2017-04-13,09:01:49,862,cs1709,XDCE,1981,1980,1986,10260,203456260,829574,826306,2083,1885,1984,1978,0,1981,0,0,0,2017-04-13,32509862,1981,27,0,0,0,0,0,0,0,0,1982,260,0,0,0,0,0,0,0,0
214,2017-04-13,09:01:50,329,cs1709,XDCE,1982,1980,1986,10284,203931720,829574,826306,2083,1885,1984,1978,0,1981,0,0,0,2017-04-13,32510329,1981,25,0,0,0,0,0,0,0,0,1982,244,0,0,0,0,0,0,0,0
215,2017-04-13,09:01:50,853,cs1709,XDCE,1982,1980,1986,10284,203931720,829574,826306,2083,1885,1984,1978,0,1981,0,0,0,2017-04-13,32510853,1981,85,0,0,0,0,0,0,0,0,1982,230,0,0,0,0,0,0,0,0
216,2017-04-13,09:01:51,336,cs1709,XDCE,1981,1980,1986,10288,204010980,829572,826306,2083,1885,1984,1978,0,1981,0,0,0,2017-04-13,32511336,1981,146,0,0,0,0,0,0,0,0,1982,238,0,0,0,0,0,0,0,0
217,2017-04-13,09:01:51,845,cs1709,XDCE,1981,1980,1986,10292,204090220,829568,826306,2083,1885,1984,1978,0,1981,0,0,0,2017-04-13,32511845,1981,136,0,0,0,0,0,0,0,0,1982,239,0,0,0,0,0,0,0,0
218,2017-04-13,09:01:52,346,cs1709,XDCE,1981,1980,1986,10292,204090220,829568,826306,2083,1885,1984,1978,0,1981,0,0,0,2017-04-13,32512346,1981,148,0,0,0,0,0,0,0,0,1982,239,0,0,0,0,0,0,0,0
219,2017-04-13,09:01:52,851,cs1709,XDCE,1981,1980,1986,10292,204090220,829568,826306,2083,1885,1984,1978,0,1981,0,0,0,2017-04-13,32512851,1981,336,0,0,0,0,0,0,0,0,1982,217,0,0,0,0,0,0,0,0
220,2017-04-13,09:01:53,357,cs1709,XDCE,1981,1980,1986,10292,204090220,829568,826306,2083,1885,1984,1978,0,1981,0,0,0,2017-04-13,32513357,1981,334,0,0,0,0,0,0,0,0,1982,213,0,0,0,0,0,0,0,0
221,2017-04-13,09:01:53,872,cs1709,XDCE,1981,1980,1986,10292,204090220,829568,826306,2083,1885,1984,1978,0,1981,0,0,0,2017-04-13,32513872,1981,346,0,0,0,0,0,0,0,0,1982,215,0,0,0,0,0,0,0,0
222,2017-04-13,09:01:54,357,cs1709,XDCE,1982,1980,1986,10298,204209100,829568,826306,2083,1885,1984,1978,0,1981,0,0,0,2017-04-13,32514357,1981,337,0,0,0,0,0,0,0,0,1982,215,0,0,0,0,0,0,0,0
223,2017-04-13,09:01:54,827,cs1709,XDCE,1982,1980,1986,10302,204288380,829568,826306,2083,1885,1984,1978,0,1981,0,0,0,2017-04-13,32514827,1981,340,0,0,0,0,0,0,0,0,1982,214,0,0,0,0,0,0,0,0
224,2017-04-13,09:01:55,262,cs1709,XDCE,1982,1980,1986,10302,204288380,829568,826306,2083,1885,1984,1978,0,1981,0,0,0,2017-04-13,32515262,1981,330,0,0,0,0,0,0,0,0,1982,214,0,0,0,0,0,0,0,0
225,2017-04-13,09:01:55,849,cs1709,XDCE,1981,1980,1986,10404,206309000,829660,826306,2083,1885,1984,1978,0,1981,0,0,0,2017-04-13,32515849,1981,375,0,0,0,0,0,0,0,0,1982,215,0,0,0,0,0,0,0,0
226,2017-04-13,09:01:56,327,cs1709,XDCE,1982,1980,1986,10406,206348640,829660,826306,2083,1885,1984,1978,0,1981,0,0,0,2017-04-13,32516327,1981,398,0,0,0,0,0,0,0,0,1982,184,0,0,0,0,0,0,0,0
227,2017-04-13,09:01:56,855,cs1709,XDCE,1982,1980,1986,10496,208132420,829648,826306,2083,1885,1984,1978,0,1981,0,0,0,2017-04-13,32516855,1981,353,0,0,0,0,0,0,0,0,1983,120,0,0,0,0,0,0,0,0
228,2017-04-13,09:01:57,376,cs1709,XDCE,1982,1980,1986,10772,213602740,829908,826306,2083,1885,1984,1978,0,1981,0,0,0,2017-04-13,32517376,1982,254,0,0,0,0,0,0,0,0,1983,123,0,0,0,0,0,0,0,0
229,2017-04-13,09:01:57,835,cs1709,XDCE,1982,1980,1986,10772,213602740,829908,826306,2083,1885,1984,1978,0,1981,0,0,0,2017-04-13,32517835,1982,261,0,0,0,0,0,0,0,0,1983,100,0,0,0,0,0,0,0,0
230,2017-04-13,09:01:58,369,cs1709,XDCE,1982,1980,1986,10772,213602740,829908,826306,2083,1885,1984,1978,0,1981,0,0,0,2017-04-13,32518369,1982,273,0,0,0,0,0,0,0,0,1983,106,0,0,0,0,0,0,0,0
231,2017-04-13,09:01:58,875,cs1709,XDCE,1982,1980,1986,10774,213642380,829910,826306,2083,1885,1984,1978,0,1981,0,0,0,2017-04-13,32518875,1982,280,0,0,0,0,0,0,0,0,1983,106,0,0,0,0,0,0,0,0
232,2017-04-13,09:01:59,373,cs1709,XDCE,1982,1980,1986,10774,213642380,829910,826306,2083,1885,1984,1978,0,1981,0,0,0,2017-04-13,32519373,1982,280,0,0,0,0,0,0,0,0,1983,130,0,0,0,0,0,0,0,0
233,2017-04-13,09:01:59,846,cs1709,XDCE,1982,1980,1986,10774,213642380,829910,826306,2083,1885,1984,1978,0,1981,0,0,0,2017-04-13,32519846,1982,280,0,0,0,0,0,0,0,0,1983,119,0,0,0,0,0,0,0,0
234,2017-04-13,09:02:00,341,cs1709,XDCE,1982,1980,1986,10774,213642380,829910,826306,2083,1885,1984,1978,0,1981,0,0,0,2017-04-13,32520341,1982,274,0,0,0,0,0,0,0,0,1983,119,0,0,0,0,0,0,0,0
235,2017-04-13,09:02:00,874,cs1709,XDCE,1983,1980,1986,10776,213682040,829910,826306,2083,1885,1984,1978,0,1981,0,0,0,2017-04-13,32520874,1982,276,0,0,0,0,0,0,0,0,1983,119,0,0,0,0,0,0,0,0
236,2017-04-13,09:02:01,317,cs1709,XDCE,1982,1980,1986,10778,213721680,829910,826306,2083,1885,1984,1978,0,1981,0,0,0,2017-04-13,32521317,1982,275,0,0,0,0,0,0,0,0,1983,120,0,0,0,0,0,0,0,0
237,2017-04-13,09:02:01,827,cs1709,XDCE,1982,1980,1986,10780,213761320,829912,826306,2083,1885,1984,1978,0,1981,0,0,0,2017-04-13,32521827,1982,284,0,0,0,0,0,0,0,0,1983,121,0,0,0,0,0,0,0,0
238,2017-04-13,09:02:02,363,cs1709,XDCE,1983,1980,1986,10868,215506360,829962,826306,2083,1885,1984,1978,0,1981,0,0,0,2017-04-13,32522363,1982,290,0,0,0,0,0,0,0,0,1983,65,0,0,0,0,0,0,0,0
239,2017-04-13,09:02:02,868,cs1709,XDCE,1984,1980,1986,11002,218163600,830022,826306,2083,1885,1984,1978,0,1981,0,0,0,2017-04-13,32522868,1983,52,0,0,0,0,0,0,0,0,1984,199,0,0,0,0,0,0,0,0
240,2017-04-13,09:02:03,329,cs1709,XDCE,1983,1980,1986,11150,221098500,829990,826306,2083,1885,1984,1978,0,1981,0,0,0,2017-04-13,32523329,1983,162,0,0,0,0,0,0,0,0,1984,189,0,0,0,0,0,0,0,0
241,2017-04-13,09:02:03,833,cs1709,XDCE,1984,1980,1986,11152,221138180,829988,826306,2083,1885,1984,1978,0,1981,0,0,0,2017-04-13,32523833,1983,181,0,0,0,0,0,0,0,0,1984,178,0,0,0,0,0,0,0,0
242,2017-04-13,09:02:04,372,cs1709,XDCE,1984,1980,1986,11156,221217540,829990,826306,2083,1885,1984,1978,0,1981,0,0,0,2017-04-13,32524372,1983,211,0,0,0,0,0,0,0,0,1984,58,0,0,0,0,0,0,0,0
243,2017-04-13,09:02:04,816,cs1709,XDCE,1983,1980,1986,11166,221415880,829992,826306,2083,1885,1984,1978,0,1981,0,0,0,2017-04-13,32524816,1983,208,0,0,0,0,0,0,0,0,1984,51,0,0,0,0,0,0,0,0
244,2017-04-13,09:02:05,304,cs1709,XDCE,1984,1980,1986,11170,221495240,829990,826306,2083,1885,1984,1978,0,1981,0,0,0,2017-04-13,32525304,1983,209,0,0,0,0,0,0,0,0,1984,49,0,0,0,0,0,0,0,0
245,2017-04-13,09:02:05,861,cs1709,XDCE,1984,1980,1986,11272,223517920,829988,826306,2083,1885,1984,1978,0,1981,0,0,0,2017-04-13,32525861,1983,178,0,0,0,0,0,0,0,0,1984,146,0,0,0,0,0,0,0,0
246,2017-04-13,09:02:06,364,cs1709,XDCE,1984,1980,1986,11274,223557600,829988,826306,2083,1885,1984,1978,0,1981,0,0,0,2017-04-13,32526364,1983,179,0,0,0,0,0,0,0,0,1984,156,0,0,0,0,0,0,0,0
247,2017-04-13,09:02:06,829,cs1709,XDCE,1984,1980,1986,11276,223597280,829988,826306,2083,1885,1984,1978,0,1981,0,0,0,2017-04-13,32526829,1983,141,0,0,0,0,0,0,0,0,1984,244,0,0,0,0,0,0,0,0
248,2017-04-13,09:02:07,359,cs1709,XDCE,1984,1980,1986,11276,223597280,829988,826306,2083,1885,1984,1978,0,1981,0,0,0,2017-04-13,32527359,1983,143,0,0,0,0,0,0,0,0,1984,249,0,0,0,0,0,0,0,0
249,2017-04-13,09:02:07,827,cs1709,XDCE,1984,1980,1986,11282,223716320,829988,826306,2083,1885,1984,1978,0,1981,0,0,0,2017-04-13,32527827,1983,144,0,0,0,0,0,0,0,0,1984,236,0,0,0,0,0,0,0,0
250,2017-04-13,09:02:08,361,cs1709,XDCE,1984,1980,1986,11328,224628960,829994,826306,2083,1885,1984,1978,0,1981,0,0,0,2017-04-13,32528361,1983,163,0,0,0,0,0,0,0,0,1984,214,0,0,0,0,0,0,0,0
251,2017-04-13,09:02:08,866,cs1709,XDCE,1984,1980,1986,11348,225025760,829974,826306,2083,1885,1984,1978,0,1981,0,0,0,2017-04-13,32528866,1983,163,0,0,0,0,0,0,0,0,1984,205,0,0,0,0,0,0,0,0
252,2017-04-13,09:02:09,352,cs1709,XDCE,1984,1980,1986,11352,225105120,829974,826306,2083,1885,1984,1978,0,1981,0,0,0,2017-04-13,32529352,1983,164,0,0,0,0,0,0,0,0,1984,203,0,0,0,0,0,0,0,0
253,2017-04-13,09:02:09,831,cs1709,XDCE,1984,1980,1986,11394,225938180,829964,826306,2083,1885,1984,1978,0,1981,0,0,0,2017-04-13,32529831,1983,174,0,0,0,0,0,0,0,0,1984,193,0,0,0,0,0,0,0,0
254,2017-04-13,09:02:10,334,cs1709,XDCE,1984,1980,1986,11780,233596420,830130,826306,2083,1885,1984,1978,0,1981,0,0,0,2017-04-13,32530334,1984,29,0,0,0,0,0,0,0,0,1985,270,0,0,0,0,0,0,0,0
255,2017-04-13,09:02:10,810,cs1709,XDCE,1984,1980,1986,11820,234390020,830126,826306,2083,1885,1984,1978,0,1981,0,0,0,2017-04-13,32530810,1984,10,0,0,0,0,0,0,0,0,1985,293,0,0,0,0,0,0,0,0
256,2017-04-13,09:02:11,375,cs1709,XDCE,1984,1980,1986,11822,234429700,830126,826306,2083,1885,1984,1978,0,1981,0,0,0,2017-04-13,32531375,1984,10,0,0,0,0,0,0,0,0,1985,294,0,0,0,0,0,0,0,0
257,2017-04-13,09:02:11,859,cs1709,XDCE,1984,1980,1986,11864,235263000,830098,826306,2083,1885,1984,1978,0,1981,0,0,0,2017-04-13,32531859,1983,112,0,0,0,0,0,0,0,0,1984,46,0,0,0,0,0,0,0,0
258,2017-04-13,09:02:12,363,cs1709,XDCE,1984,1980,1986,11864,235263000,830098,826306,2083,1885,1984,1978,0,1981,0,0,0,2017-04-13,32532363,1983,135,0,0,0,0,0,0,0,0,1984,49,0,0,0,0,0,0,0,0
259,2017-04-13,09:02:12,842,cs1709,XDCE,1984,1980,1986,11870,235382040,830096,826306,2083,1885,1984,1978,0,1981,0,0,0,2017-04-13,32532842,1983,135,0,0,0,0,0,0,0,0,1984,97,0,0,0,0,0,0,0,0
260,2017-04-13,09:02:13,352,cs1709,XDCE,1983,1980,1986,11872,235421700,830096,826306,2083,1885,1984,1978,0,1981,0,0,0,2017-04-13,32533352,1983,103,0,0,0,0,0,0,0,0,1984,97,0,0,0,0,0,0,0,0
261,2017-04-13,09:02:13,800,cs1709,XDCE,1983,1980,1986,11872,235421700,830096,826306,2083,1885,1984,1978,0,1981,0,0,0,2017-04-13,32533800,1983,149,0,0,0,0,0,0,0,0,1984,109,0,0,0,0,0,0,0,0
262,2017-04-13,09:02:14,305,cs1709,XDCE,1984,1980,1986,11912,236215300,830096,826306,2083,1885,1984,1978,0,1981,0,0,0,2017-04-13,32534305,1983,149,0,0,0,0,0,0,0,0,1984,90,0,0,0,0,0,0,0,0
263,2017-04-13,09:02:14,757,cs1709,XDCE,1984,1980,1986,11914,236254980,830096,826306,2083,1885,1984,1978,0,1981,0,0,0,2017-04-13,32534757,1983,149,0,0,0,0,0,0,0,0,1984,91,0,0,0,0,0,0,0,0
264,2017-04-13,09:02:15,373,cs1709,XDCE,1984,1980,1986,11934,236651780,830076,826306,2083,1885,1984,1978,0,1981,0,0,0,2017-04-13,32535373,1983,130,0,0,0,0,0,0,0,0,1984,131,0,0,0,0,0,0,0,0
265,2017-04-13,09:02:15,834,cs1709,XDCE,1984,1980,1986,11934,236651780,830076,826306,2083,1885,1984,1978,0,1981,0,0,0,2017-04-13,32535834,1983,140,0,0,0,0,0,0,0,0,1984,132,0,0,0,0,0,0,0,0
266,2017-04-13,09:02:16,343,cs1709,XDCE,1984,1980,1986,11940,236770820,830076,826306,2083,1885,1984,1978,0,1981,0,0,0,2017-04-13,32536343,1983,141,0,0,0,0,0,0,0,0,1984,169,0,0,0,0,0,0,0,0
267,2017-04-13,09:02:16,858,cs1709,XDCE,1984,1980,1986,11946,236889860,830076,826306,2083,1885,1984,1978,0,1981,0,0,0,2017-04-13,32536858,1983,145,0,0,0,0,0,0,0,0,1984,172,0,0,0,0,0,0,0,0
268,2017-04-13,09:02:17,830,cs1709,XDCE,1984,1980,1986,11946,236889860,830076,826306,2083,1885,1984,1978,0,1981,0,0,0,2017-04-13,32537830,1983,195,0,0,0,0,0,0,0,0,1984,174,0,0,0,0,0,0,0,0
269,2017-04-13,09:02:18,875,cs1709,XDCE,1983,1980,1986,11950,236969180,830076,826306,2083,1885,1984,1978,0,1981,0,0,0,2017-04-13,32538875,1983,193,0,0,0,0,0,0,0,0,1984,175,0,0,0,0,0,0,0,0
270,2017-04-13,09:02:19,337,cs1709,XDCE,1983,1980,1986,11950,236969180,830076,826306,2083,1885,1984,1978,0,1981,0,0,0,2017-04-13,32539337,1983,195,0,0,0,0,0,0,0,0,1984,175,0,0,0,0,0,0,0,0
271,2017-04-13,09:02:19,819,cs1709,XDCE,1983,1980,1986,11972,237405440,830076,826306,2083,1885,1984,1978,0,1981,0,0,0,2017-04-13,32539819,1983,184,0,0,0,0,0,0,0,0,1984,175,0,0,0,0,0,0,0,0
272,2017-04-13,09:02:20,286,cs1709,XDCE,1984,1980,1986,11978,237524480,830076,826306,2083,1885,1984,1978,0,1981,0,0,0,2017-04-13,32540286,1983,209,0,0,0,0,0,0,0,0,1984,172,0,0,0,0,0,0,0,0
273,2017-04-13,09:02:20,833,cs1709,XDCE,1984,1980,1986,11978,237524480,830076,826306,2083,1885,1984,1978,0,1981,0,0,0,2017-04-13,32540833,1983,209,0,0,0,0,0,0,0,0,1984,173,0,0,0,0,0,0,0,0
274,2017-04-13,09:02:21,373,cs1709,XDCE,1984,1980,1986,11978,237524480,830076,826306,2083,1885,1984,1978,0,1981,0,0,0,2017-04-13,32541373,1983,235,0,0,0,0,0,0,0,0,1984,175,0,0,0,0,0,0,0,0
275,2017-04-13,09:02:21,753,cs1709,XDCE,1984,1980,1986,11978,237524480,830076,826306,2083,1885,1984,1978,0,1981,0,0,0,2017-04-13,32541753,1983,235,0,0,0,0,0,0,0,0,1984,176,0,0,0,0,0,0,0,0
276,2017-04-13,09:02:22,828,cs1709,XDCE,1984,1980,1986,11978,237524480,830076,826306,2083,1885,1984,1978,0,1981,0,0,0,2017-04-13,32542828,1983,265,0,0,0,0,0,0,0,0,1984,126,0,0,0,0,0,0,0,0
277,2017-04-13,09:02:23,339,cs1709,XDCE,1984,1980,1986,11978,237524480,830076,826306,2083,1885,1984,1978,0,1981,0,0,0,2017-04-13,32543339,1983,290,0,0,0,0,0,0,0,0,1984,126,0,0,0,0,0,0,0,0
278,2017-04-13,09:02:23,855,cs1709,XDCE,1984,1980,1986,11980,237564160,830076,826306,2083,1885,1984,1978,0,1981,0,0,0,2017-04-13,32543855,1983,315,0,0,0,0,0,0,0,0,1984,125,0,0,0,0,0,0,0,0
279,2017-04-13,09:02:24,204,cs1709,XDCE,1984,1980,1986,11980,237564160,830076,826306,2083,1885,1984,1978,0,1981,0,0,0,2017-04-13,32544204,1983,336,0,0,0,0,0,0,0,0,1984,125,0,0,0,0,0,0,0,0
280,2017-04-13,09:02:24,858,cs1709,XDCE,1984,1980,1986,11982,237603840,830076,826306,2083,1885,1984,1978,0,1981,0,0,0,2017-04-13,32544858,1983,336,0,0,0,0,0,0,0,0,1984,119,0,0,0,0,0,0,0,0
281,2017-04-13,09:02:25,249,cs1709,XDCE,1984,1980,1986,11984,237643520,830076,826306,2083,1885,1984,1978,0,1981,0,0,0,2017-04-13,32545249,1983,336,0,0,0,0,0,0,0,0,1984,118,0,0,0,0,0,0,0,0
282,2017-04-13,09:02:25,847,cs1709,XDCE,1983,1980,1986,11986,237683180,830078,826306,2083,1885,1984,1978,0,1981,0,0,0,2017-04-13,32545847,1983,336,0,0,0,0,0,0,0,0,1984,119,0,0,0,0,0,0,0,0
283,2017-04-13,09:02:26,278,cs1709,XDCE,1984,1980,1986,11998,237921260,830084,826306,2083,1885,1984,1978,0,1981,0,0,0,2017-04-13,32546278,1983,336,0,0,0,0,0,0,0,0,1984,113,0,0,0,0,0,0,0,0
284,2017-04-13,09:02:27,232,cs1709,XDCE,1984,1980,1986,12014,238238700,830076,826306,2083,1885,1984,1978,0,1981,0,0,0,2017-04-13,32547232,1983,336,0,0,0,0,0,0,0,0,1984,105,0,0,0,0,0,0,0,0
285,2017-04-13,09:02:28,334,cs1709,XDCE,1984,1980,1986,12016,238278380,830074,826306,2083,1885,1984,1978,0,1981,0,0,0,2017-04-13,32548334,1983,336,0,0,0,0,0,0,0,0,1984,114,0,0,0,0,0,0,0,0
286,2017-04-13,09:02:28,864,cs1709,XDCE,1983,1980,1986,12022,238397400,830074,826306,2083,1885,1984,1978,0,1981,0,0,0,2017-04-13,32548864,1983,335,0,0,0,0,0,0,0,0,1984,114,0,0,0,0,0,0,0,0
287,2017-04-13,09:02:29,363,cs1709,XDCE,1983,1980,1986,12110,240142520,830074,826306,2083,1885,1984,1978,0,1981,0,0,0,2017-04-13,32549363,1983,297,0,0,0,0,0,0,0,0,1984,112,0,0,0,0,0,0,0,0
288,2017-04-13,09:02:29,639,cs1709,XDCE,1983,1980,1986,12110,240142520,830074,826306,2083,1885,1984,1978,0,1981,0,0,0,2017-04-13,32549639,1983,297,0,0,0,0,0,0,0,0,1984,113,0,0,0,0,0,0,0,0
289,2017-04-13,09:02:30,330,cs1709,XDCE,1984,1980,1986,12114,240221860,830072,826306,2083,1885,1984,1978,0,1981,0,0,0,2017-04-13,32550330,1983,297,0,0,0,0,0,0,0,0,1984,112,0,0,0,0,0,0,0,0
290,2017-04-13,09:02:30,846,cs1709,XDCE,1984,1980,1986,12114,240221860,830072,826306,2083,1885,1984,1978,0,1981,0,0,0,2017-04-13,32550846,1983,298,0,0,0,0,0,0,0,0,1984,113,0,0,0,0,0,0,0,0
291,2017-04-13,09:02:31,372,cs1709,XDCE,1984,1980,1986,12156,241055140,830032,826306,2083,1885,1984,1978,0,1981,0,0,0,2017-04-13,32551372,1983,298,0,0,0,0,0,0,0,0,1984,93,0,0,0,0,0,0,0,0
292,2017-04-13,09:02:31,812,cs1709,XDCE,1984,1980,1986,12158,241094820,830030,826306,2083,1885,1984,1978,0,1981,0,0,0,2017-04-13,32551812,1983,298,0,0,0,0,0,0,0,0,1984,95,0,0,0,0,0,0,0,0
293,2017-04-13,09:02:32,330,cs1709,XDCE,1984,1980,1986,12158,241094820,830030,826306,2083,1885,1984,1978,0,1981,0,0,0,2017-04-13,32552330,1983,299,0,0,0,0,0,0,0,0,1984,95,0,0,0,0,0,0,0,0
294,2017-04-13,09:02:32,831,cs1709,XDCE,1984,1980,1986,12160,241134500,830030,826306,2083,1885,1984,1978,0,1981,0,0,0,2017-04-13,32552831,1983,299,0,0,0,0,0,0,0,0,1984,95,0,0,0,0,0,0,0,0
295,2017-04-13,09:02:33,107,cs1709,XDCE,1984,1980,1986,12168,241293220,830022,826306,2083,1885,1984,1978,0,1981,0,0,0,2017-04-13,32553107,1983,299,0,0,0,0,0,0,0,0,1984,91,0,0,0,0,0,0,0,0
296,2017-04-13,09:02:33,870,cs1709,XDCE,1984,1980,1986,12172,241372580,830022,826306,2083,1885,1984,1978,0,1981,0,0,0,2017-04-13,32553870,1983,299,0,0,0,0,0,0,0,0,1984,89,0,0,0,0,0,0,0,0
297,2017-04-13,09:02:34,869,cs1709,XDCE,1984,1980,1986,12172,241372580,830022,826306,2083,1885,1984,1978,0,1981,0,0,0,2017-04-13,32554869,1983,299,0,0,0,0,0,0,0,0,1984,90,0,0,0,0,0,0,0,0
298,2017-04-13,09:02:35,364,cs1709,XDCE,1984,1980,1986,12180,241531300,830022,826306,2083,1885,1984,1978,0,1981,0,0,0,2017-04-13,32555364,1983,299,0,0,0,0,0,0,0,0,1984,86,0,0,0,0,0,0,0,0
299,2017-04-13,09:02:35,851,cs1709,XDCE,1984,1980,1986,12180,241531300,830022,826306,2083,1885,1984,1978,0,1981,0,0,0,2017-04-13,32555851,1983,299,0,0,0,0,0,0,0,0,1984,101,0,0,0,0,0,0,0,0
300,2017-04-13,09:02:36,367,cs1709,XDCE,1984,1980,1986,12180,241531300,830022,826306,2083,1885,1984,1978,0,1981,0,0,0,2017-04-13,32556367,1983,299,0,0,0,0,0,0,0,0,1984,102,0,0,0,0,0,0,0,0
301,2017-04-13,09:02:36,857,cs1709,XDCE,1984,1980,1986,12180,241531300,830022,826306,2083,1885,1984,1978,0,1981,0,0,0,2017-04-13,32556857,1983,299,0,0,0,0,0,0,0,0,1984,104,0,0,0,0,0,0,0,0
302,2017-04-13,09:02:37,345,cs1709,XDCE,1984,1980,1986,12182,241570980,830022,826306,2083,1885,1984,1978,0,1981,0,0,0,2017-04-13,32557345,1983,299,0,0,0,0,0,0,0,0,1984,113,0,0,0,0,0,0,0,0
303,2017-04-13,09:02:37,869,cs1709,XDCE,1984,1980,1986,12482,247522180,829922,826306,2083,1885,1984,1978,0,1981,0,0,0,2017-04-13,32557869,1983,232,0,0,0,0,0,0,0,0,1984,4,0,0,0,0,0,0,0,0
304,2017-04-13,09:02:38,350,cs1709,XDCE,1984,1980,1986,12482,247522180,829922,826306,2083,1885,1984,1978,0,1981,0,0,0,2017-04-13,32558350,1983,262,0,0,0,0,0,0,0,0,1984,4,0,0,0,0,0,0,0,0
305,2017-04-13,09:02:38,855,cs1709,XDCE,1983,1980,1986,12484,247561840,829922,826306,2083,1885,1984,1978,0,1981,0,0,0,2017-04-13,32558855,1983,274,0,0,0,0,0,0,0,0,1984,4,0,0,0,0,0,0,0,0
306,2017-04-13,09:02:39,855,cs1709,XDCE,1984,1980,1986,12492,247720560,829926,826306,2083,1885,1984,1978,0,1981,0,0,0,2017-04-13,32559855,1983,244,0,0,0,0,0,0,0,0,1984,2,0,0,0,0,0,0,0,0
307,2017-04-13,09:02:40,366,cs1709,XDCE,1984,1980,1986,12492,247720560,829926,826306,2083,1885,1984,1978,0,1981,0,0,0,2017-04-13,32560366,1983,273,0,0,0,0,0,0,0,0,1984,8,0,0,0,0,0,0,0,0
308,2017-04-13,09:02:40,851,cs1709,XDCE,1984,1980,1986,12494,247760240,829926,826306,2083,1885,1984,1978,0,1981,0,0,0,2017-04-13,32560851,1983,273,0,0,0,0,0,0,0,0,1984,7,0,0,0,0,0,0,0,0
309,2017-04-13,09:02:41,338,cs1709,XDCE,1984,1980,1986,12510,248077680,829936,826306,2083,1885,1984,1978,0,1981,0,0,0,2017-04-13,32561338,1984,50,0,0,0,0,0,0,0,0,1985,338,0,0,0,0,0,0,0,0
310,2017-04-13,09:02:41,849,cs1709,XDCE,1984,1980,1986,12510,248077680,829936,826306,2083,1885,1984,1978,0,1981,0,0,0,2017-04-13,32561849,1984,232,0,0,0,0,0,0,0,0,1985,264,0,0,0,0,0,0,0,0
311,2017-04-13,09:02:42,333,cs1709,XDCE,1984,1980,1986,12520,248276100,829938,826306,2083,1885,1984,1978,0,1981,0,0,0,2017-04-13,32562333,1984,240,0,0,0,0,0,0,0,0,1985,263,0,0,0,0,0,0,0,0
312,2017-04-13,09:02:42,798,cs1709,XDCE,1984,1980,1986,12520,248276100,829938,826306,2083,1885,1984,1978,0,1981,0,0,0,2017-04-13,32562798,1984,243,0,0,0,0,0,0,0,0,1985,274,0,0,0,0,0,0,0,0
313,2017-04-13,09:02:43,330,cs1709,XDCE,1984,1980,1986,12520,248276100,829938,826306,2083,1885,1984,1978,0,1981,0,0,0,2017-04-13,32563330,1984,243,0,0,0,0,0,0,0,0,1985,269,0,0,0,0,0,0,0,0
314,2017-04-13,09:02:43,830,cs1709,XDCE,1984,1980,1986,12520,248276100,829938,826306,2083,1885,1984,1978,0,1981,0,0,0,2017-04-13,32563830,1984,244,0,0,0,0,0,0,0,0,1985,270,0,0,0,0,0,0,0,0
315,2017-04-13,09:02:44,272,cs1709,XDCE,1984,1980,1986,12522,248315780,829938,826306,2083,1885,1984,1978,0,1981,0,0,0,2017-04-13,32564272,1984,244,0,0,0,0,0,0,0,0,1985,270,0,0,0,0,0,0,0,0
316,2017-04-13,09:02:44,833,cs1709,XDCE,1984,1980,1986,12524,248355460,829938,826306,2083,1885,1984,1978,0,1981,0,0,0,2017-04-13,32564833,1984,253,0,0,0,0,0,0,0,0,1985,270,0,0,0,0,0,0,0,0
317,2017-04-13,09:02:45,855,cs1709,XDCE,1985,1980,1986,12724,252325460,829896,826306,2083,1885,1984,1978,0,1981,0,0,0,2017-04-13,32565855,1984,204,0,0,0,0,0,0,0,0,1985,141,0,0,0,0,0,0,0,0
318,2017-04-13,09:02:46,319,cs1709,XDCE,1985,1980,1986,13010,258002560,829956,826306,2083,1885,1984,1978,0,1981,0,0,0,2017-04-13,32566319,1985,32,0,0,0,0,0,0,0,0,1986,288,0,0,0,0,0,0,0,0
319,2017-04-13,09:02:46,773,cs1709,XDCE,1985,1980,1986,13050,258796560,829956,826306,2083,1885,1984,1978,0,1981,0,0,0,2017-04-13,32566773,1985,53,0,0,0,0,0,0,0,0,1986,284,0,0,0,0,0,0,0,0
320,2017-04-13,09:02:47,331,cs1709,XDCE,1986,1980,1986,13054,258876000,829960,826306,2083,1885,1984,1978,0,1981,0,0,0,2017-04-13,32567331,1985,76,0,0,0,0,0,0,0,0,1986,282,0,0,0,0,0,0,0,0
321,2017-04-13,09:02:47,830,cs1709,XDCE,1985,1980,1986,13066,259114240,829966,826306,2083,1885,1984,1978,0,1981,0,0,0,2017-04-13,32567830,1985,70,0,0,0,0,0,0,0,0,1986,282,0,0,0,0,0,0,0,0
322,2017-04-13,09:02:48,868,cs1709,XDCE,1986,1980,1986,13184,261457720,829878,826306,2083,1885,1984,1978,0,1981,0,0,0,2017-04-13,32568868,1985,104,0,0,0,0,0,0,0,0,1986,222,0,0,0,0,0,0,0,0
323,2017-04-13,09:02:49,268,cs1709,XDCE,1986,1980,1986,13194,261656300,829880,826306,2083,1885,1984,1978,0,1981,0,0,0,2017-04-13,32569268,1985,103,0,0,0,0,0,0,0,0,1986,218,0,0,0,0,0,0,0,0
324,2017-04-13,09:02:49,830,cs1709,XDCE,1986,1980,1986,13200,261775460,829876,826306,2083,1885,1984,1978,0,1981,0,0,0,2017-04-13,32569830,1985,103,0,0,0,0,0,0,0,0,1986,210,0,0,0,0,0,0,0,0
325,2017-04-13,09:02:50,359,cs1709,XDCE,1986,1980,1986,13202,261815180,829876,826306,2083,1885,1984,1978,0,1981,0,0,0,2017-04-13,32570359,1985,105,0,0,0,0,0,0,0,0,1986,208,0,0,0,0,0,0,0,0
326,2017-04-13,09:02:50,683,cs1709,XDCE,1986,1980,1986,13206,261894620,829876,826306,2083,1885,1984,1978,0,1981,0,0,0,2017-04-13,32570683,1985,105,0,0,0,0,0,0,0,0,1986,207,0,0,0,0,0,0,0,0
327,2017-04-13,09:02:51,351,cs1709,XDCE,1985,1980,1986,13214,262053480,829872,826306,2083,1885,1984,1978,0,1981,0,0,0,2017-04-13,32571351,1985,104,0,0,0,0,0,0,0,0,1986,204,0,0,0,0,0,0,0,0
328,2017-04-13,09:02:51,861,cs1709,XDCE,1986,1980,1986,13224,262252080,829862,826306,2083,1885,1984,1978,0,1981,0,0,0,2017-04-13,32571861,1985,104,0,0,0,0,0,0,0,0,1986,198,0,0,0,0,0,0,0,0
329,2017-04-13,09:02:52,330,cs1709,XDCE,1986,1980,1986,13236,262490400,829860,826306,2083,1885,1984,1978,0,1981,0,0,0,2017-04-13,32572330,1985,109,0,0,0,0,0,0,0,0,1986,184,0,0,0,0,0,0,0,0
330,2017-04-13,09:02:52,862,cs1709,XDCE,1986,1980,1986,13264,263046480,829836,826306,2083,1885,1984,1978,0,1981,0,0,0,2017-04-13,32572862,1985,111,0,0,0,0,0,0,0,0,1986,170,0,0,0,0,0,0,0,0
331,2017-04-13,09:02:53,353,cs1709,XDCE,1986,1980,1986,13264,263046480,829836,826306,2083,1885,1984,1978,0,1981,0,0,0,2017-04-13,32573353,1985,112,0,0,0,0,0,0,0,0,1986,170,0,0,0,0,0,0,0,0
332,2017-04-13,09:02:53,873,cs1709,XDCE,1986,1980,1986,13294,263642280,829836,826306,2083,1885,1984,1978,0,1981,0,0,0,2017-04-13,32573873,1985,112,0,0,0,0,0,0,0,0,1986,156,0,0,0,0,0,0,0,0
333,2017-04-13,09:02:54,352,cs1709,XDCE,1986,1980,1986,13336,264476400,829836,826306,2083,1885,1984,1978,0,1981,0,0,0,2017-04-13,32574352,1985,113,0,0,0,0,0,0,0,0,1986,238,0,0,0,0,0,0,0,0
334,2017-04-13,09:02:54,853,cs1709,XDCE,1986,1980,1986,13344,264635280,829832,826306,2083,1885,1984,1978,0,1981,0,0,0,2017-04-13,32574853,1985,113,0,0,0,0,0,0,0,0,1986,234,0,0,0,0,0,0,0,0
335,2017-04-13,09:02:55,369,cs1709,XDCE,1986,1980,1986,13754,272777880,830112,826306,2083,1885,1984,1978,0,1981,0,0,0,2017-04-13,32575369,1985,135,0,0,0,0,0,0,0,0,1986,30,0,0,0,0,0,0,0,0
336,2017-04-13,09:02:55,869,cs1709,XDCE,1986,1980,1986,13826,274207800,830124,826306,2083,1885,1984,1978,0,1981,0,0,0,2017-04-13,32575869,1985,106,0,0,0,0,0,0,0,0,1986,1,0,0,0,0,0,0,0,0
337,2017-04-13,09:02:56,357,cs1709,XDCE,1986,1980,1987,13874,275161480,830118,826306,2083,1885,1984,1978,0,1981,0,0,0,2017-04-13,32576357,1986,22,0,0,0,0,0,0,0,0,1987,349,0,0,0,0,0,0,0,0
338,2017-04-13,09:02:56,872,cs1709,XDCE,1986,1980,1987,14040,278458240,830078,826306,2083,1885,1984,1978,0,1981,0,0,0,2017-04-13,32576872,1985,111,0,0,0,0,0,0,0,0,1986,14,0,0,0,0,0,0,0,0
339,2017-04-13,09:02:57,334,cs1709,XDCE,1986,1980,1987,14090,279451240,830060,826306,2083,1885,1984,1978,0,1981,0,0,0,2017-04-13,32577334,1985,150,0,0,0,0,0,0,0,0,1987,339,0,0,0,0,0,0,0,0
340,2017-04-13,09:02:57,841,cs1709,XDCE,1986,1980,1987,14098,279610100,830058,826306,2083,1885,1984,1978,0,1981,0,0,0,2017-04-13,32577841,1985,149,0,0,0,0,0,0,0,0,1986,24,0,0,0,0,0,0,0,0
341,2017-04-13,09:02:58,307,cs1709,XDCE,1986,1980,1987,14102,279689540,830056,826306,2083,1885,1984,1978,0,1981,0,0,0,2017-04-13,32578307,1985,150,0,0,0,0,0,0,0,0,1986,22,0,0,0,0,0,0,0,0
342,2017-04-13,09:02:58,806,cs1709,XDCE,1986,1980,1987,14104,279729260,830056,826306,2083,1885,1984,1978,0,1981,0,0,0,2017-04-13,32578806,1985,150,0,0,0,0,0,0,0,0,1986,22,0,0,0,0,0,0,0,0
343,2017-04-13,09:02:59,347,cs1709,XDCE,1986,1980,1987,14108,279808700,830056,826306,2083,1885,1984,1978,0,1981,0,0,0,2017-04-13,32579347,1985,150,0,0,0,0,0,0,0,0,1986,21,0,0,0,0,0,0,0,0
344,2017-04-13,09:02:59,866,cs1709,XDCE,1986,1980,1987,14120,280047020,830050,826306,2083,1885,1984,1978,0,1981,0,0,0,2017-04-13,32579866,1985,154,0,0,0,0,0,0,0,0,1986,15,0,0,0,0,0,0,0,0
345,2017-04-13,09:03:00,331,cs1709,XDCE,1985,1980,1987,14152,280682520,830024,826306,2083,1885,1984,1978,0,1981,0,0,0,2017-04-13,32580331,1985,203,0,0,0,0,0,0,0,0,1986,1,0,0,0,0,0,0,0,0
346,2017-04-13,09:03:00,836,cs1709,XDCE,1986,1980,1987,14166,280960560,830026,826306,2083,1885,1984,1978,0,1981,0,0,0,2017-04-13,32580836,1986,77,0,0,0,0,0,0,0,0,1987,453,0,0,0,0,0,0,0,0
347,2017-04-13,09:03:01,355,cs1709,XDCE,1986,1980,1987,14264,282906840,830030,826306,2083,1885,1984,1978,0,1981,0,0,0,2017-04-13,32581355,1985,212,0,0,0,0,0,0,0,0,1986,50,0,0,0,0,0,0,0,0
348,2017-04-13,09:03:01,872,cs1709,XDCE,1986,1980,1987,14272,283065720,830032,826306,2083,1885,1984,1978,0,1981,0,0,0,2017-04-13,32581872,1985,215,0,0,0,0,0,0,0,0,1986,47,0,0,0,0,0,0,0,0
349,2017-04-13,09:03:02,372,cs1709,XDCE,1986,1980,1987,14294,283502620,830052,826306,2083,1885,1984,1978,0,1981,0,0,0,2017-04-13,32582372,1985,220,0,0,0,0,0,0,0,0,1986,38,0,0,0,0,0,0,0,0
350,2017-04-13,09:03:02,737,cs1709,XDCE,1986,1980,1987,14298,283582040,830054,826306,2083,1885,1984,1978,0,1981,0,0,0,2017-04-13,32582737,1985,216,0,0,0,0,0,0,0,0,1986,42,0,0,0,0,0,0,0,0
351,2017-04-13,09:03:03,324,cs1709,XDCE,1986,1980,1987,14318,283979240,830074,826306,2083,1885,1984,1978,0,1981,0,0,0,2017-04-13,32583324,1985,216,0,0,0,0,0,0,0,0,1986,55,0,0,0,0,0,0,0,0
352,2017-04-13,09:03:03,873,cs1709,XDCE,1986,1980,1987,14330,284217560,830086,826306,2083,1885,1984,1978,0,1981,0,0,0,2017-04-13,32583873,1985,216,0,0,0,0,0,0,0,0,1986,151,0,0,0,0,0,0,0,0
353,2017-04-13,09:03:04,368,cs1709,XDCE,1986,1980,1987,14332,284257280,830088,826306,2083,1885,1984,1978,0,1981,0,0,0,2017-04-13,32584368,1985,170,0,0,0,0,0,0,0,0,1986,172,0,0,0,0,0,0,0,0
354,2017-04-13,09:03:04,869,cs1709,XDCE,1986,1980,1987,14354,284694180,830110,826306,2083,1885,1984,1978,0,1981,0,0,0,2017-04-13,32584869,1985,170,0,0,0,0,0,0,0,0,1986,167,0,0,0,0,0,0,0,0
355,2017-04-13,09:03:05,365,cs1709,XDCE,1986,1980,1987,14434,286282980,830118,826306,2083,1885,1984,1978,0,1981,0,0,0,2017-04-13,32585365,1985,170,0,0,0,0,0,0,0,0,1986,176,0,0,0,0,0,0,0,0
356,2017-04-13,09:03:05,873,cs1709,XDCE,1986,1980,1987,14448,286561020,830132,826306,2083,1885,1984,1978,0,1981,0,0,0,2017-04-13,32585873,1985,171,0,0,0,0,0,0,0,0,1986,169,0,0,0,0,0,0,0,0
357,2017-04-13,09:03:06,348,cs1709,XDCE,1986,1980,1987,14630,290175540,830312,826306,2083,1885,1984,1978,0,1981,0,0,0,2017-04-13,32586348,1985,211,0,0,0,0,0,0,0,0,1986,86,0,0,0,0,0,0,0,0
358,2017-04-13,09:03:06,834,cs1709,XDCE,1986,1980,1987,14632,290215260,830314,826306,2083,1885,1984,1978,0,1981,0,0,0,2017-04-13,32586834,1985,200,0,0,0,0,0,0,0,0,1986,86,0,0,0,0,0,0,0,0
359,2017-04-13,09:03:07,288,cs1709,XDCE,1986,1980,1987,14634,290254980,830316,826306,2083,1885,1984,1978,0,1981,0,0,0,2017-04-13,32587288,1985,200,0,0,0,0,0,0,0,0,1986,73,0,0,0,0,0,0,0,0
360,2017-04-13,09:03:07,736,cs1709,XDCE,1986,1980,1987,14642,290413860,830316,826306,2083,1885,1984,1978,0,1981,0,0,0,2017-04-13,32587736,1985,200,0,0,0,0,0,0,0,0,1986,63,0,0,0,0,0,0,0,0
361,2017-04-13,09:03:08,371,cs1709,XDCE,1986,1980,1987,14652,290612460,830316,826306,2083,1885,1984,1978,0,1981,0,0,0,2017-04-13,32588371,1985,200,0,0,0,0,0,0,0,0,1986,52,0,0,0,0,0,0,0,0
362,2017-04-13,09:03:08,872,cs1709,XDCE,1986,1980,1987,14658,290731620,830316,826306,2083,1885,1984,1978,0,1981,0,0,0,2017-04-13,32588872,1985,200,0,0,0,0,0,0,0,0,1986,51,0,0,0,0,0,0,0,0
363,2017-04-13,09:03:09,365,cs1709,XDCE,1986,1980,1987,14668,290930220,830316,826306,2083,1885,1984,1978,0,1981,0,0,0,2017-04-13,32589365,1985,202,0,0,0,0,0,0,0,0,1986,47,0,0,0,0,0,0,0,0
364,2017-04-13,09:03:09,847,cs1709,XDCE,1986,1980,1987,14862,294781240,830238,826306,2083,1885,1984,1978,0,1981,0,0,0,2017-04-13,32589847,1985,111,0,0,0,0,0,0,0,0,1986,54,0,0,0,0,0,0,0,0
365,2017-04-13,09:03:10,300,cs1709,XDCE,1986,1980,1987,14872,294979840,830242,826306,2083,1885,1984,1978,0,1981,0,0,0,2017-04-13,32590300,1985,113,0,0,0,0,0,0,0,0,1986,50,0,0,0,0,0,0,0,0
366,2017-04-13,09:03:10,733,cs1709,XDCE,1986,1980,1987,14876,295059280,830244,826306,2083,1885,1984,1978,0,1981,0,0,0,2017-04-13,32590733,1985,113,0,0,0,0,0,0,0,0,1986,50,0,0,0,0,0,0,0,0
367,2017-04-13,09:03:11,361,cs1709,XDCE,1986,1980,1987,14876,295059280,830244,826306,2083,1885,1984,1978,0,1981,0,0,0,2017-04-13,32591361,1985,113,0,0,0,0,0,0,0,0,1986,57,0,0,0,0,0,0,0,0
368,2017-04-13,09:03:11,849,cs1709,XDCE,1986,1980,1987,14982,297164440,830184,826306,2083,1885,1984,1978,0,1981,0,0,0,2017-04-13,32591849,1985,138,0,0,0,0,0,0,0,0,1986,13,0,0,0,0,0,0,0,0
369,2017-04-13,09:03:12,365,cs1709,XDCE,1986,1980,1987,15002,297561640,830192,826306,2083,1885,1984,1978,0,1981,0,0,0,2017-04-13,32592365,1985,138,0,0,0,0,0,0,0,0,1986,4,0,0,0,0,0,0,0,0
370,2017-04-13,09:03:12,844,cs1709,XDCE,1986,1980,1987,15024,297998460,830188,826306,2083,1885,1984,1978,0,1981,0,0,0,2017-04-13,32592844,1985,133,0,0,0,0,0,0,0,0,1986,30,0,0,0,0,0,0,0,0
371,2017-04-13,09:03:13,349,cs1709,XDCE,1986,1980,1987,15024,297998460,830188,826306,2083,1885,1984,1978,0,1981,0,0,0,2017-04-13,32593349,1985,133,0,0,0,0,0,0,0,0,1986,8,0,0,0,0,0,0,0,0
372,2017-04-13,09:03:13,795,cs1709,XDCE,1985,1980,1987,15026,298038160,830186,826306,2083,1885,1984,1978,0,1981,0,0,0,2017-04-13,32593795,1985,132,0,0,0,0,0,0,0,0,1986,8,0,0,0,0,0,0,0,0
373,2017-04-13,09:03:14,296,cs1709,XDCE,1985,1980,1987,15026,298038160,830186,826306,2083,1885,1984,1978,0,1981,0,0,0,2017-04-13,32594296,1985,133,0,0,0,0,0,0,0,0,1986,9,0,0,0,0,0,0,0,0
374,2017-04-13,09:03:14,859,cs1709,XDCE,1986,1980,1987,15030,298117600,830184,826306,2083,1885,1984,1978,0,1981,0,0,0,2017-04-13,32594859,1985,153,0,0,0,0,0,0,0,0,1986,8,0,0,0,0,0,0,0,0
375,2017-04-13,09:03:15,340,cs1709,XDCE,1986,1980,1987,15042,298355900,830186,826306,2083,1885,1984,1978,0,1981,0,0,0,2017-04-13,32595340,1985,152,0,0,0,0,0,0,0,0,1986,3,0,0,0,0,0,0,0,0
376,2017-04-13,09:03:15,862,cs1709,XDCE,1986,1980,1987,15070,298911980,830200,826306,2083,1885,1984,1978,0,1981,0,0,0,2017-04-13,32595862,1985,155,0,0,0,0,0,0,0,0,1987,458,0,0,0,0,0,0,0,0
377,2017-04-13,09:03:16,366,cs1709,XDCE,1986,1980,1987,15070,298911980,830200,826306,2083,1885,1984,1978,0,1981,0,0,0,2017-04-13,32596366,1985,156,0,0,0,0,0,0,0,0,1986,1,0,0,0,0,0,0,0,0
378,2017-04-13,09:03:16,857,cs1709,XDCE,1985,1980,1987,15080,299110540,830194,826306,2083,1885,1984,1978,0,1981,0,0,0,2017-04-13,32596857,1985,114,0,0,0,0,0,0,0,0,1986,1,0,0,0,0,0,0,0,0
379,2017-04-13,09:03:17,356,cs1709,XDCE,1985,1980,1987,15094,299388560,830192,826306,2083,1885,1984,1978,0,1981,0,0,0,2017-04-13,32597356,1985,124,0,0,0,0,0,0,0,0,1986,1,0,0,0,0,0,0,0,0
380,2017-04-13,09:03:17,831,cs1709,XDCE,1985,1980,1987,15094,299388560,830192,826306,2083,1885,1984,1978,0,1981,0,0,0,2017-04-13,32597831,1985,155,0,0,0,0,0,0,0,0,1986,2,0,0,0,0,0,0,0,0
381,2017-04-13,09:03:18,353,cs1709,XDCE,1986,1980,1987,15096,299428280,830194,826306,2083,1885,1984,1978,0,1981,0,0,0,2017-04-13,32598353,1985,156,0,0,0,0,0,0,0,0,1986,4,0,0,0,0,0,0,0,0
382,2017-04-13,09:03:18,839,cs1709,XDCE,1985,1980,1987,15098,299467980,830194,826306,2083,1885,1984,1978,0,1981,0,0,0,2017-04-13,32598839,1985,145,0,0,0,0,0,0,0,0,1986,4,0,0,0,0,0,0,0,0
383,2017-04-13,09:03:19,372,cs1709,XDCE,1986,1980,1987,15100,299507700,830196,826306,2083,1885,1984,1978,0,1981,0,0,0,2017-04-13,32599372,1985,147,0,0,0,0,0,0,0,0,1986,3,0,0,0,0,0,0,0,0
384,2017-04-13,09:03:19,835,cs1709,XDCE,1986,1980,1987,15108,299666580,830202,826306,2083,1885,1984,1978,0,1981,0,0,0,2017-04-13,32599835,1985,147,0,0,0,0,0,0,0,0,1986,41,0,0,0,0,0,0,0,0
385,2017-04-13,09:03:20,355,cs1709,XDCE,1985,1980,1987,15114,299785700,830198,826306,2083,1885,1984,1978,0,1981,0,0,0,2017-04-13,32600355,1985,146,0,0,0,0,0,0,0,0,1986,23,0,0,0,0,0,0,0,0
386,2017-04-13,09:03:20,846,cs1709,XDCE,1985,1980,1987,15114,299785700,830198,826306,2083,1885,1984,1978,0,1981,0,0,0,2017-04-13,32600846,1985,146,0,0,0,0,0,0,0,0,1986,24,0,0,0,0,0,0,0,0
387,2017-04-13,09:03:21,344,cs1709,XDCE,1986,1980,1987,15116,299825420,830198,826306,2083,1885,1984,1978,0,1981,0,0,0,2017-04-13,32601344,1985,136,0,0,0,0,0,0,0,0,1986,87,0,0,0,0,0,0,0,0
388,2017-04-13,09:03:21,870,cs1709,XDCE,1985,1980,1987,15130,300103360,830186,826306,2083,1885,1984,1978,0,1981,0,0,0,2017-04-13,32601870,1985,131,0,0,0,0,0,0,0,0,1986,114,0,0,0,0,0,0,0,0
389,2017-04-13,09:03:22,300,cs1709,XDCE,1986,1980,1987,15132,300143080,830186,826306,2083,1885,1984,1978,0,1981,0,0,0,2017-04-13,32602300,1985,131,0,0,0,0,0,0,0,0,1986,113,0,0,0,0,0,0,0,0
390,2017-04-13,09:03:22,849,cs1709,XDCE,1986,1980,1987,15132,300143080,830186,826306,2083,1885,1984,1978,0,1981,0,0,0,2017-04-13,32602849,1985,131,0,0,0,0,0,0,0,0,1986,133,0,0,0,0,0,0,0,0
391,2017-04-13,09:03:23,356,cs1709,XDCE,1985,1980,1987,15136,300222480,830182,826306,2083,1885,1984,1978,0,1981,0,0,0,2017-04-13,32603356,1985,129,0,0,0,0,0,0,0,0,1986,137,0,0,0,0,0,0,0,0
392,2017-04-13,09:03:23,854,cs1709,XDCE,1985,1980,1987,15136,300222480,830182,826306,2083,1885,1984,1978,0,1981,0,0,0,2017-04-13,32603854,1985,129,0,0,0,0,0,0,0,0,1986,143,0,0,0,0,0,0,0,0
393,2017-04-13,09:03:24,346,cs1709,XDCE,1985,1980,1987,15140,300301880,830178,826306,2083,1885,1984,1978,0,1981,0,0,0,2017-04-13,32604346,1985,93,0,0,0,0,0,0,0,0,1986,144,0,0,0,0,0,0,0,0
394,2017-04-13,09:03:24,862,cs1709,XDCE,1985,1980,1987,15142,300341580,830176,826306,2083,1885,1984,1978,0,1981,0,0,0,2017-04-13,32604862,1985,91,0,0,0,0,0,0,0,0,1986,145,0,0,0,0,0,0,0,0
395,2017-04-13,09:03:25,276,cs1709,XDCE,1986,1980,1987,15152,300540180,830174,826306,2083,1885,1984,1978,0,1981,0,0,0,2017-04-13,32605276,1985,91,0,0,0,0,0,0,0,0,1986,140,0,0,0,0,0,0,0,0
396,2017-04-13,09:03:25,790,cs1709,XDCE,1986,1980,1987,15152,300540180,830174,826306,2083,1885,1984,1978,0,1981,0,0,0,2017-04-13,32605790,1985,93,0,0,0,0,0,0,0,0,1986,148,0,0,0,0,0,0,0,0
397,2017-04-13,09:03:26,353,cs1709,XDCE,1985,1980,1987,15174,300976900,830154,826306,2083,1885,1984,1978,0,1981,0,0,0,2017-04-13,32606353,1985,83,0,0,0,0,0,0,0,0,1986,148,0,0,0,0,0,0,0,0
398,2017-04-13,09:03:26,818,cs1709,XDCE,1986,1980,1987,15178,301056340,830154,826306,2083,1885,1984,1978,0,1981,0,0,0,2017-04-13,32606818,1985,83,0,0,0,0,0,0,0,0,1986,160,0,0,0,0,0,0,0,0
399,2017-04-13,09:03:27,363,cs1709,XDCE,1985,1980,1987,15180,301096040,830152,826306,2083,1885,1984,1978,0,1981,0,0,0,2017-04-13,32607363,1985,83,0,0,0,0,0,0,0,0,1986,160,0,0,0,0,0,0,0,0
400,2017-04-13,09:03:27,737,cs1709,XDCE,1985,1980,1987,15182,301135740,830150,826306,2083,1885,1984,1978,0,1981,0,0,0,2017-04-13,32607737,1985,82,0,0,0,0,0,0,0,0,1986,161,0,0,0,0,0,0,0,0
401,2017-04-13,09:03:28,340,cs1709,XDCE,1985,1980,1987,15192,301334320,830150,826306,2083,1885,1984,1978,0,1981,0,0,0,2017-04-13,32608340,1985,82,0,0,0,0,0,0,0,0,1986,243,0,0,0,0,0,0,0,0
402,2017-04-13,09:03:28,848,cs1709,XDCE,1986,1980,1987,15198,301453480,830152,826306,2083,1885,1984,1978,0,1981,0,0,0,2017-04-13,32608848,1985,102,0,0,0,0,0,0,0,0,1986,240,0,0,0,0,0,0,0,0
403,2017-04-13,09:03:29,347,cs1709,XDCE,1986,1980,1987,15200,301493200,830154,826306,2083,1885,1984,1978,0,1981,0,0,0,2017-04-13,32609347,1985,102,0,0,0,0,0,0,0,0,1986,240,0,0,0,0,0,0,0,0
404,2017-04-13,09:03:29,836,cs1709,XDCE,1986,1980,1987,15200,301493200,830154,826306,2083,1885,1984,1978,0,1981,0,0,0,2017-04-13,32609836,1985,102,0,0,0,0,0,0,0,0,1986,367,0,0,0,0,0,0,0,0
405,2017-04-13,09:03:30,354,cs1709,XDCE,1985,1980,1987,15406,305582300,830254,826306,2083,1885,1984,1978,0,1981,0,0,0,2017-04-13,32610354,1984,138,0,0,0,0,0,0,0,0,1985,280,0,0,0,0,0,0,0,0
406,2017-04-13,09:03:30,846,cs1709,XDCE,1985,1980,1987,15406,305582300,830254,826306,2083,1885,1984,1978,0,1981,0,0,0,2017-04-13,32610846,1984,128,0,0,0,0,0,0,0,0,1985,290,0,0,0,0,0,0,0,0
407,2017-04-13,09:03:31,365,cs1709,XDCE,1985,1980,1987,15406,305582300,830254,826306,2083,1885,1984,1978,0,1981,0,0,0,2017-04-13,32611365,1984,128,0,0,0,0,0,0,0,0,1985,291,0,0,0,0,0,0,0,0
408,2017-04-13,09:03:31,875,cs1709,XDCE,1985,1980,1987,15406,305582300,830254,826306,2083,1885,1984,1978,0,1981,0,0,0,2017-04-13,32611875,1984,128,0,0,0,0,0,0,0,0,1985,293,0,0,0,0,0,0,0,0
409,2017-04-13,09:03:32,334,cs1709,XDCE,1984,1980,1987,15574,308915420,830248,826306,2083,1885,1984,1978,0,1981,0,0,0,2017-04-13,32612334,1983,193,0,0,0,0,0,0,0,0,1984,268,0,0,0,0,0,0,0,0
410,2017-04-13,09:03:32,796,cs1709,XDCE,1984,1980,1987,15576,308955100,830250,826306,2083,1885,1984,1978,0,1981,0,0,0,2017-04-13,32612796,1983,183,0,0,0,0,0,0,0,0,1984,278,0,0,0,0,0,0,0,0
411,2017-04-13,09:03:33,337,cs1709,XDCE,1984,1980,1987,15576,308955100,830250,826306,2083,1885,1984,1978,0,1981,0,0,0,2017-04-13,32613337,1983,183,0,0,0,0,0,0,0,0,1984,308,0,0,0,0,0,0,0,0
412,2017-04-13,09:03:33,842,cs1709,XDCE,1983,1980,1987,15582,309074080,830254,826306,2083,1885,1984,1978,0,1981,0,0,0,2017-04-13,32613842,1983,181,0,0,0,0,0,0,0,0,1984,308,0,0,0,0,0,0,0,0
413,2017-04-13,09:03:34,333,cs1709,XDCE,1984,1980,1987,15586,309153440,830258,826306,2083,1885,1984,1978,0,1981,0,0,0,2017-04-13,32614333,1983,281,0,0,0,0,0,0,0,0,1984,306,0,0,0,0,0,0,0,0
414,2017-04-13,09:03:34,854,cs1709,XDCE,1984,1980,1987,15592,309272480,830260,826306,2083,1885,1984,1978,0,1981,0,0,0,2017-04-13,32614854,1983,182,0,0,0,0,0,0,0,0,1984,306,0,0,0,0,0,0,0,0
415,2017-04-13,09:03:35,370,cs1709,XDCE,1984,1980,1987,15592,309272480,830260,826306,2083,1885,1984,1978,0,1981,0,0,0,2017-04-13,32615370,1983,153,0,0,0,0,0,0,0,0,1984,310,0,0,0,0,0,0,0,0
416,2017-04-13,09:03:35,874,cs1709,XDCE,1984,1980,1987,15602,309470880,830260,826306,2083,1885,1984,1978,0,1981,0,0,0,2017-04-13,32615874,1983,154,0,0,0,0,0,0,0,0,1984,295,0,0,0,0,0,0,0,0
417,2017-04-13,09:03:36,332,cs1709,XDCE,1983,1980,1987,15616,309748540,830264,826306,2083,1885,1984,1978,0,1981,0,0,0,2017-04-13,32616332,1983,249,0,0,0,0,0,0,0,0,1984,293,0,0,0,0,0,0,0,0
418,2017-04-13,09:03:36,866,cs1709,XDCE,1984,1980,1987,15618,309788220,830264,826306,2083,1885,1984,1978,0,1981,0,0,0,2017-04-13,32616866,1983,279,0,0,0,0,0,0,0,0,1984,293,0,0,0,0,0,0,0,0
419,2017-04-13,09:03:37,279,cs1709,XDCE,1983,1980,1987,15622,309867560,830266,826306,2083,1885,1984,1978,0,1981,0,0,0,2017-04-13,32617279,1983,278,0,0,0,0,0,0,0,0,1984,292,0,0,0,0,0,0,0,0
420,2017-04-13,09:03:37,739,cs1709,XDCE,1984,1980,1987,15624,309907240,830264,826306,2083,1885,1984,1978,0,1981,0,0,0,2017-04-13,32617739,1983,277,0,0,0,0,0,0,0,0,1984,291,0,0,0,0,0,0,0,0
421,2017-04-13,09:03:38,846,cs1709,XDCE,1983,1980,1987,15626,309946900,830264,826306,2083,1885,1984,1978,0,1981,0,0,0,2017-04-13,32618846,1983,277,0,0,0,0,0,0,0,0,1984,292,0,0,0,0,0,0,0,0
422,2017-04-13,09:03:39,368,cs1709,XDCE,1983,1980,1987,15628,309986560,830264,826306,2083,1885,1984,1978,0,1981,0,0,0,2017-04-13,32619368,1983,276,0,0,0,0,0,0,0,0,1984,292,0,0,0,0,0,0,0,0
423,2017-04-13,09:03:39,840,cs1709,XDCE,1984,1980,1987,15632,310065920,830264,826306,2083,1885,1984,1978,0,1981,0,0,0,2017-04-13,32619840,1983,279,0,0,0,0,0,0,0,0,1984,290,0,0,0,0,0,0,0,0
424,2017-04-13,09:03:40,351,cs1709,XDCE,1984,1980,1987,15670,310819840,830264,826306,2083,1885,1984,1978,0,1981,0,0,0,2017-04-13,32620351,1983,229,0,0,0,0,0,0,0,0,1984,271,0,0,0,0,0,0,0,0
425,2017-04-13,09:03:40,865,cs1709,XDCE,1984,1980,1987,15670,310819840,830264,826306,2083,1885,1984,1978,0,1981,0,0,0,2017-04-13,32620865,1983,229,0,0,0,0,0,0,0,0,1984,251,0,0,0,0,0,0,0,0
426,2017-04-13,09:03:41,197,cs1709,XDCE,1984,1980,1987,15672,310859520,830264,826306,2083,1885,1984,1978,0,1981,0,0,0,2017-04-13,32621197,1983,229,0,0,0,0,0,0,0,0,1984,251,0,0,0,0,0,0,0,0
427,2017-04-13,09:03:41,799,cs1709,XDCE,1984,1980,1987,15672,310859520,830264,826306,2083,1885,1984,1978,0,1981,0,0,0,2017-04-13,32621799,1983,230,0,0,0,0,0,0,0,0,1984,252,0,0,0,0,0,0,0,0
428,2017-04-13,09:03:42,370,cs1709,XDCE,1983,1980,1987,15680,311018220,830266,826306,2083,1885,1984,1978,0,1981,0,0,0,2017-04-13,32622370,1983,229,0,0,0,0,0,0,0,0,1984,249,0,0,0,0,0,0,0,0
429,2017-04-13,09:03:42,862,cs1709,XDCE,1983,1980,1987,15692,311256180,830266,826306,2083,1885,1984,1978,0,1981,0,0,0,2017-04-13,32622862,1983,224,0,0,0,0,0,0,0,0,1984,249,0,0,0,0,0,0,0,0
430,2017-04-13,09:03:43,313,cs1709,XDCE,1983,1980,1987,15692,311256180,830266,826306,2083,1885,1984,1978,0,1981,0,0,0,2017-04-13,32623313,1983,225,0,0,0,0,0,0,0,0,1984,249,0,0,0,0,0,0,0,0
431,2017-04-13,09:03:43,866,cs1709,XDCE,1984,1980,1987,15698,311375220,830266,826306,2083,1885,1984,1978,0,1981,0,0,0,2017-04-13,32623866,1983,225,0,0,0,0,0,0,0,0,1984,246,0,0,0,0,0,0,0,0
432,2017-04-13,09:03:44,338,cs1709,XDCE,1983,1980,1987,15702,311454560,830266,826306,2083,1885,1984,1978,0,1981,0,0,0,2017-04-13,32624338,1983,225,0,0,0,0,0,0,0,0,1984,245,0,0,0,0,0,0,0,0
433,2017-04-13,09:03:44,846,cs1709,XDCE,1983,1980,1987,15716,311732220,830262,826306,2083,1885,1984,1978,0,1981,0,0,0,2017-04-13,32624846,1983,220,0,0,0,0,0,0,0,0,1984,243,0,0,0,0,0,0,0,0
434,2017-04-13,09:03:45,739,cs1709,XDCE,1983,1980,1987,15728,311970180,830274,826306,2083,1885,1984,1978,0,1981,0,0,0,2017-04-13,32625739,1983,214,0,0,0,0,0,0,0,0,1984,246,0,0,0,0,0,0,0,0
435,2017-04-13,09:03:46,340,cs1709,XDCE,1983,1980,1987,15738,312168480,830284,826306,2083,1885,1984,1978,0,1981,0,0,0,2017-04-13,32626340,1983,81,0,0,0,0,0,0,0,0,1984,246,0,0,0,0,0,0,0,0
436,2017-04-13,09:03:46,834,cs1709,XDCE,1983,1980,1987,15902,315420620,830350,826306,2083,1885,1984,1978,0,1981,0,0,0,2017-04-13,32626834,1982,224,0,0,0,0,0,0,0,0,1983,205,0,0,0,0,0,0,0,0
437,2017-04-13,09:03:47,336,cs1709,XDCE,1982,1980,1987,15908,315539560,830346,826306,2083,1885,1984,1978,0,1981,0,0,0,2017-04-13,32627336,1982,208,0,0,0,0,0,0,0,0,1983,243,0,0,0,0,0,0,0,0
438,2017-04-13,09:03:47,841,cs1709,XDCE,1982,1980,1987,15926,315896360,830332,826306,2083,1885,1984,1978,0,1981,0,0,0,2017-04-13,32627841,1982,202,0,0,0,0,0,0,0,0,1983,245,0,0,0,0,0,0,0,0
439,2017-04-13,09:03:48,80,cs1709,XDCE,1982,1980,1987,15926,315896360,830332,826306,2083,1885,1984,1978,0,1981,0,0,0,2017-04-13,32628080,1982,204,0,0,0,0,0,0,0,0,1983,245,0,0,0,0,0,0,0,0
440,2017-04-13,09:03:48,866,cs1709,XDCE,1983,1980,1987,15928,315936020,830330,826306,2083,1885,1984,1978,0,1981,0,0,0,2017-04-13,32628866,1982,195,0,0,0,0,0,0,0,0,1983,216,0,0,0,0,0,0,0,0
441,2017-04-13,09:03:49,334,cs1709,XDCE,1983,1980,1987,15968,316729220,830290,826306,2083,1885,1984,1978,0,1981,0,0,0,2017-04-13,32629334,1982,195,0,0,0,0,0,0,0,0,1983,196,0,0,0,0,0,0,0,0
442,2017-04-13,09:03:49,828,cs1709,XDCE,1982,1980,1987,15992,317204900,830266,826306,2083,1885,1984,1978,0,1981,0,0,0,2017-04-13,32629828,1982,183,0,0,0,0,0,0,0,0,1983,196,0,0,0,0,0,0,0,0
443,2017-04-13,09:03:51,243,cs1709,XDCE,1983,1980,1987,15998,317323880,830266,826306,2083,1885,1984,1978,0,1981,0,0,0,2017-04-13,32631243,1982,183,0,0,0,0,0,0,0,0,1983,193,0,0,0,0,0,0,0,0
444,2017-04-13,09:03:51,873,cs1709,XDCE,1982,1980,1987,16012,317601380,830254,826306,2083,1885,1984,1978,0,1981,0,0,0,2017-04-13,32631873,1982,178,0,0,0,0,0,0,0,0,1983,192,0,0,0,0,0,0,0,0
445,2017-04-13,09:03:52,365,cs1709,XDCE,1983,1980,1987,16016,317680700,830254,826306,2083,1885,1984,1978,0,1981,0,0,0,2017-04-13,32632365,1982,178,0,0,0,0,0,0,0,0,1983,193,0,0,0,0,0,0,0,0
446,2017-04-13,09:03:52,860,cs1709,XDCE,1983,1980,1987,16016,317680700,830254,826306,2083,1885,1984,1978,0,1981,0,0,0,2017-04-13,32632860,1982,178,0,0,0,0,0,0,0,0,1983,194,0,0,0,0,0,0,0,0
447,2017-04-13,09:03:53,332,cs1709,XDCE,1982,1980,1987,16042,318196020,830274,826306,2083,1885,1984,1978,0,1981,0,0,0,2017-04-13,32633332,1982,172,0,0,0,0,0,0,0,0,1983,195,0,0,0,0,0,0,0,0
448,2017-04-13,09:03:53,780,cs1709,XDCE,1983,1980,1987,16044,318235680,830274,826306,2083,1885,1984,1978,0,1981,0,0,0,2017-04-13,32633780,1982,173,0,0,0,0,0,0,0,0,1983,208,0,0,0,0,0,0,0,0
449,2017-04-13,09:03:54,331,cs1709,XDCE,1983,1980,1987,16462,326524620,830108,826306,2083,1885,1984,1978,0,1981,0,0,0,2017-04-13,32634331,1983,19,0,0,0,0,0,0,0,0,1984,152,0,0,0,0,0,0,0,0
450,2017-04-13,09:03:54,842,cs1709,XDCE,1983,1980,1987,16464,326564280,830108,826306,2083,1885,1984,1978,0,1981,0,0,0,2017-04-13,32634842,1983,117,0,0,0,0,0,0,0,0,1984,152,0,0,0,0,0,0,0,0
451,2017-04-13,09:03:55,360,cs1709,XDCE,1983,1980,1987,16464,326564280,830108,826306,2083,1885,1984,1978,0,1981,0,0,0,2017-04-13,32635360,1983,157,0,0,0,0,0,0,0,0,1984,152,0,0,0,0,0,0,0,0
452,2017-04-13,09:03:55,853,cs1709,XDCE,1983,1980,1987,16464,326564280,830108,826306,2083,1885,1984,1978,0,1981,0,0,0,2017-04-13,32635853,1983,157,0,0,0,0,0,0,0,0,1984,153,0,0,0,0,0,0,0,0
453,2017-04-13,09:03:56,364,cs1709,XDCE,1983,1980,1987,16468,326643600,830108,826306,2083,1885,1984,1978,0,1981,0,0,0,2017-04-13,32636364,1983,146,0,0,0,0,0,0,0,0,1984,62,0,0,0,0,0,0,0,0
454,2017-04-13,09:03:56,817,cs1709,XDCE,1983,1980,1987,16468,326643600,830108,826306,2083,1885,1984,1978,0,1981,0,0,0,2017-04-13,32636817,1983,136,0,0,0,0,0,0,0,0,1984,62,0,0,0,0,0,0,0,0
455,2017-04-13,09:03:57,365,cs1709,XDCE,1983,1980,1987,16468,326643600,830108,826306,2083,1885,1984,1978,0,1981,0,0,0,2017-04-13,32637365,1983,137,0,0,0,0,0,0,0,0,1984,62,0,0,0,0,0,0,0,0
456,2017-04-13,09:03:57,787,cs1709,XDCE,1983,1980,1987,16468,326643600,830108,826306,2083,1885,1984,1978,0,1981,0,0,0,2017-04-13,32637787,1983,138,0,0,0,0,0,0,0,0,1984,62,0,0,0,0,0,0,0,0
457,2017-04-13,09:03:58,325,cs1709,XDCE,1984,1980,1987,16484,326961040,830108,826306,2083,1885,1984,1978,0,1981,0,0,0,2017-04-13,32638325,1983,138,0,0,0,0,0,0,0,0,1984,54,0,0,0,0,0,0,0,0
458,2017-04-13,09:03:58,820,cs1709,XDCE,1984,1980,1987,16486,327000720,830108,826306,2083,1885,1984,1978,0,1981,0,0,0,2017-04-13,32638820,1983,138,0,0,0,0,0,0,0,0,1984,53,0,0,0,0,0,0,0,0
459,2017-04-13,09:03:59,302,cs1709,XDCE,1983,1980,1987,16500,327278360,830098,826306,2083,1885,1984,1978,0,1981,0,0,0,2017-04-13,32639302,1983,132,0,0,0,0,0,0,0,0,1984,52,0,0,0,0,0,0,0,0
460,2017-04-13,09:03:59,848,cs1709,XDCE,1984,1980,1987,16504,327357720,830100,826306,2083,1885,1984,1978,0,1981,0,0,0,2017-04-13,32639848,1983,162,0,0,0,0,0,0,0,0,1984,51,0,0,0,0,0,0,0,0
461,2017-04-13,09:04:00,266,cs1709,XDCE,1984,1980,1987,16504,327357720,830100,826306,2083,1885,1984,1978,0,1981,0,0,0,2017-04-13,32640266,1983,163,0,0,0,0,0,0,0,0,1984,59,0,0,0,0,0,0,0,0
462,2017-04-13,09:04:00,824,cs1709,XDCE,1983,1980,1987,16506,327397380,830098,826306,2083,1885,1984,1978,0,1981,0,0,0,2017-04-13,32640824,1983,163,0,0,0,0,0,0,0,0,1984,59,0,0,0,0,0,0,0,0
463,2017-04-13,09:04:01,315,cs1709,XDCE,1983,1980,1987,16506,327397380,830098,826306,2083,1885,1984,1978,0,1981,0,0,0,2017-04-13,32641315,1983,164,0,0,0,0,0,0,0,0,1984,59,0,0,0,0,0,0,0,0
464,2017-04-13,09:04:01,836,cs1709,XDCE,1984,1980,1987,16508,327437060,830100,826306,2083,1885,1984,1978,0,1981,0,0,0,2017-04-13,32641836,1983,165,0,0,0,0,0,0,0,0,1984,58,0,0,0,0,0,0,0,0
465,2017-04-13,09:04:02,349,cs1709,XDCE,1983,1980,1987,16510,327476720,830100,826306,2083,1885,1984,1978,0,1981,0,0,0,2017-04-13,32642349,1983,164,0,0,0,0,0,0,0,0,1984,58,0,0,0,0,0,0,0,0
466,2017-04-13,09:04:02,861,cs1709,XDCE,1983,1980,1987,16510,327476720,830100,826306,2083,1885,1984,1978,0,1981,0,0,0,2017-04-13,32642861,1983,124,0,0,0,0,0,0,0,0,1984,74,0,0,0,0,0,0,0,0
467,2017-04-13,09:04:03,839,cs1709,XDCE,1983,1980,1987,16510,327476720,830100,826306,2083,1885,1984,1978,0,1981,0,0,0,2017-04-13,32643839,1983,125,0,0,0,0,0,0,0,0,1984,74,0,0,0,0,0,0,0,0
468,2017-04-13,09:04:04,359,cs1709,XDCE,1984,1980,1987,16512,327516400,830100,826306,2083,1885,1984,1978,0,1981,0,0,0,2017-04-13,32644359,1983,130,0,0,0,0,0,0,0,0,1984,73,0,0,0,0,0,0,0,0
469,2017-04-13,09:04:04,848,cs1709,XDCE,1984,1980,1987,16512,327516400,830100,826306,2083,1885,1984,1978,0,1981,0,0,0,2017-04-13,32644848,1983,130,0,0,0,0,0,0,0,0,1984,75,0,0,0,0,0,0,0,0
470,2017-04-13,09:04:05,271,cs1709,XDCE,1984,1980,1987,16514,327556080,830100,826306,2083,1885,1984,1978,0,1981,0,0,0,2017-04-13,32645271,1983,131,0,0,0,0,0,0,0,0,1984,74,0,0,0,0,0,0,0,0
471,2017-04-13,09:04:05,716,cs1709,XDCE,1984,1980,1987,16514,327556080,830100,826306,2083,1885,1984,1978,0,1981,0,0,0,2017-04-13,32645716,1983,132,0,0,0,0,0,0,0,0,1984,74,0,0,0,0,0,0,0,0
472,2017-04-13,09:04:06,282,cs1709,XDCE,1984,1980,1987,16520,327675120,830104,826306,2083,1885,1984,1978,0,1981,0,0,0,2017-04-13,32646282,1983,133,0,0,0,0,0,0,0,0,1984,72,0,0,0,0,0,0,0,0
473,2017-04-13,09:04:06,849,cs1709,XDCE,1984,1980,1987,16522,327714800,830104,826306,2083,1885,1984,1978,0,1981,0,0,0,2017-04-13,32646849,1983,133,0,0,0,0,0,0,0,0,1984,72,0,0,0,0,0,0,0,0
474,2017-04-13,09:04:07,336,cs1709,XDCE,1984,1980,1987,16524,327754480,830106,826306,2083,1885,1984,1978,0,1981,0,0,0,2017-04-13,32647336,1983,133,0,0,0,0,0,0,0,0,1984,72,0,0,0,0,0,0,0,0
475,2017-04-13,09:04:07,864,cs1709,XDCE,1984,1980,1987,16528,327833840,830110,826306,2083,1885,1984,1978,0,1981,0,0,0,2017-04-13,32647864,1983,133,0,0,0,0,0,0,0,0,1984,71,0,0,0,0,0,0,0,0
476,2017-04-13,09:04:08,374,cs1709,XDCE,1983,1980,1987,16556,328389100,830086,826306,2083,1885,1984,1978,0,1981,0,0,0,2017-04-13,32648374,1983,83,0,0,0,0,0,0,0,0,1984,149,0,0,0,0,0,0,0,0
477,2017-04-13,09:04:08,830,cs1709,XDCE,1983,1980,1987,16556,328389100,830086,826306,2083,1885,1984,1978,0,1981,0,0,0,2017-04-13,32648830,1983,80,0,0,0,0,0,0,0,0,1984,149,0,0,0,0,0,0,0,0
478,2017-04-13,09:04:09,862,cs1709,XDCE,1983,1980,1987,16556,328389100,830086,826306,2083,1885,1984,1978,0,1981,0,0,0,2017-04-13,32649862,1983,81,0,0,0,0,0,0,0,0,1984,200,0,0,0,0,0,0,0,0
479,2017-04-13,09:04:10,788,cs1709,XDCE,1983,1980,1987,16560,328468420,830082,826306,2083,1885,1984,1978,0,1981,0,0,0,2017-04-13,32650788,1983,79,0,0,0,0,0,0,0,0,1984,201,0,0,0,0,0,0,0,0
480,2017-04-13,09:04:11,359,cs1709,XDCE,1983,1980,1987,16560,328468420,830082,826306,2083,1885,1984,1978,0,1981,0,0,0,2017-04-13,32651359,1983,79,0,0,0,0,0,0,0,0,1984,200,0,0,0,0,0,0,0,0
481,2017-04-13,09:04:11,832,cs1709,XDCE,1984,1980,1987,16562,328508100,830084,826306,2083,1885,1984,1978,0,1981,0,0,0,2017-04-13,32651832,1983,152,0,0,0,0,0,0,0,0,1984,200,0,0,0,0,0,0,0,0
482,2017-04-13,09:04:12,343,cs1709,XDCE,1983,1980,1987,16572,328706400,830084,826306,2083,1885,1984,1978,0,1981,0,0,0,2017-04-13,32652343,1983,197,0,0,0,0,0,0,0,0,1984,201,0,0,0,0,0,0,0,0
483,2017-04-13,09:04:12,847,cs1709,XDCE,1983,1980,1987,16572,328706400,830084,826306,2083,1885,1984,1978,0,1981,0,0,0,2017-04-13,32652847,1983,197,0,0,0,0,0,0,0,0,1984,213,0,0,0,0,0,0,0,0
484,2017-04-13,09:04:13,327,cs1709,XDCE,1983,1980,1987,16572,328706400,830084,826306,2083,1885,1984,1978,0,1981,0,0,0,2017-04-13,32653327,1983,197,0,0,0,0,0,0,0,0,1984,163,0,0,0,0,0,0,0,0
485,2017-04-13,09:04:13,765,cs1709,XDCE,1983,1980,1987,16572,328706400,830084,826306,2083,1885,1984,1978,0,1981,0,0,0,2017-04-13,32653765,1983,198,0,0,0,0,0,0,0,0,1984,164,0,0,0,0,0,0,0,0
486,2017-04-13,09:04:14,242,cs1709,XDCE,1984,1980,1987,16574,328746080,830086,826306,2083,1885,1984,1978,0,1981,0,0,0,2017-04-13,32654242,1983,200,0,0,0,0,0,0,0,0,1984,164,0,0,0,0,0,0,0,0
487,2017-04-13,09:04:14,840,cs1709,XDCE,1983,1980,1987,16650,330253160,830130,826306,2083,1885,1984,1978,0,1981,0,0,0,2017-04-13,32654840,1982,343,0,0,0,0,0,0,0,0,1983,170,0,0,0,0,0,0,0,0
488,2017-04-13,09:04:15,330,cs1709,XDCE,1983,1980,1987,16910,335407360,830278,826306,2083,1885,1984,1978,0,1981,0,0,0,2017-04-13,32655330,1982,193,0,0,0,0,0,0,0,0,1983,1,0,0,0,0,0,0,0,0
489,2017-04-13,09:04:15,849,cs1709,XDCE,1982,1980,1987,16912,335447000,830280,826306,2083,1885,1984,1978,0,1981,0,0,0,2017-04-13,32655849,1982,192,0,0,0,0,0,0,0,0,1983,39,0,0,0,0,0,0,0,0
490,2017-04-13,09:04:16,338,cs1709,XDCE,1982,1980,1987,16912,335447000,830280,826306,2083,1885,1984,1978,0,1981,0,0,0,2017-04-13,32656338,1982,193,0,0,0,0,0,0,0,0,1983,110,0,0,0,0,0,0,0,0
491,2017-04-13,09:04:16,862,cs1709,XDCE,1982,1980,1987,17074,338657860,830334,826306,2083,1885,1984,1978,0,1981,0,0,0,2017-04-13,32656862,1982,113,0,0,0,0,0,0,0,0,1983,110,0,0,0,0,0,0,0,0
492,2017-04-13,09:04:17,350,cs1709,XDCE,1982,1980,1987,17080,338776800,830340,826306,2083,1885,1984,1978,0,1981,0,0,0,2017-04-13,32657350,1982,31,0,0,0,0,0,0,0,0,1983,121,0,0,0,0,0,0,0,0
493,2017-04-13,09:04:17,851,cs1709,XDCE,1982,1980,1987,17404,345200100,830554,826306,2083,1885,1984,1978,0,1981,0,0,0,2017-04-13,32657851,1982,18,0,0,0,0,0,0,0,0,1983,53,0,0,0,0,0,0,0,0
494,2017-04-13,09:04:18,347,cs1709,XDCE,1982,1980,1987,17428,345675800,830560,826306,2083,1885,1984,1978,0,1981,0,0,0,2017-04-13,32658347,1982,22,0,0,0,0,0,0,0,0,1983,39,0,0,0,0,0,0,0,0
495,2017-04-13,09:04:18,852,cs1709,XDCE,1982,1980,1987,17430,345715440,830562,826306,2083,1885,1984,1978,0,1981,0,0,0,2017-04-13,32658852,1982,71,0,0,0,0,0,0,0,0,1983,31,0,0,0,0,0,0,0,0
496,2017-04-13,09:04:19,348,cs1709,XDCE,1983,1980,1987,17432,345755100,830564,826306,2083,1885,1984,1978,0,1981,0,0,0,2017-04-13,32659348,1982,84,0,0,0,0,0,0,0,0,1983,32,0,0,0,0,0,0,0,0
497,2017-04-13,09:04:19,835,cs1709,XDCE,1982,1980,1987,17438,345874020,830570,826306,2083,1885,1984,1978,0,1981,0,0,0,2017-04-13,32659835,1982,81,0,0,0,0,0,0,0,0,1983,32,0,0,0,0,0,0,0,0
498,2017-04-13,09:04:20,367,cs1709,XDCE,1982,1980,1987,17440,345913660,830572,826306,2083,1885,1984,1978,0,1981,0,0,0,2017-04-13,32660367,1982,85,0,0,0,0,0,0,0,0,1983,35,0,0,0,0,0,0,0,0
499,2017-04-13,09:04:20,797,cs1709,XDCE,1982,1980,1987,17440,345913660,830572,826306,2083,1885,1984,1978,0,1981,0,0,0,2017-04-13,32660797,1982,88,0,0,0,0,0,0,0,0,1983,41,0,0,0,0,0,0,0,0
500,2017-04-13,09:04:21,351,cs1709,XDCE,1983,1980,1987,17442,345953320,830574,826306,2083,1885,1984,1978,0,1981,0,0,0,2017-04-13,32661351,1982,91,0,0,0,0,0,0,0,0,1983,42,0,0,0,0,0,0,0,0
501,2017-04-13,09:04:21,829,cs1709,XDCE,1983,1980,1987,17484,346786180,830606,826306,2083,1885,1984,1978,0,1981,0,0,0,2017-04-13,32661829,1982,96,0,0,0,0,0,0,0,0,1983,22,0,0,0,0,0,0,0,0
502,2017-04-13,09:04:22,360,cs1709,XDCE,1983,1980,1987,17486,346825840,830608,826306,2083,1885,1984,1978,0,1981,0,0,0,2017-04-13,32662360,1982,96,0,0,0,0,0,0,0,0,1983,21,0,0,0,0,0,0,0,0
503,2017-04-13,09:04:22,766,cs1709,XDCE,1983,1980,1987,17486,346825840,830608,826306,2083,1885,1984,1978,0,1981,0,0,0,2017-04-13,32662766,1982,97,0,0,0,0,0,0,0,0,1983,17,0,0,0,0,0,0,0,0
504,2017-04-13,09:04:23,299,cs1709,XDCE,1983,1980,1987,17486,346825840,830608,826306,2083,1885,1984,1978,0,1981,0,0,0,2017-04-13,32663299,1982,101,0,0,0,0,0,0,0,0,1983,17,0,0,0,0,0,0,0,0
505,2017-04-13,09:04:23,772,cs1709,XDCE,1983,1980,1987,17490,346905160,830612,826306,2083,1885,1984,1978,0,1981,0,0,0,2017-04-13,32663772,1982,101,0,0,0,0,0,0,0,0,1983,16,0,0,0,0,0,0,0,0
506,2017-04-13,09:04:24,361,cs1709,XDCE,1983,1980,1987,17490,346905160,830612,826306,2083,1885,1984,1978,0,1981,0,0,0,2017-04-13,32664361,1982,101,0,0,0,0,0,0,0,0,1983,30,0,0,0,0,0,0,0,0
507,2017-04-13,09:04:24,868,cs1709,XDCE,1983,1980,1987,17614,349364080,830722,826306,2083,1885,1984,1978,0,1981,0,0,0,2017-04-13,32664868,1983,49,0,0,0,0,0,0,0,0,1984,159,0,0,0,0,0,0,0,0
508,2017-04-13,09:04:25,370,cs1709,XDCE,1984,1980,1987,17710,351268720,830696,826306,2083,1885,1984,1978,0,1981,0,0,0,2017-04-13,32665370,1983,91,0,0,0,0,0,0,0,0,1984,121,0,0,0,0,0,0,0,0
509,2017-04-13,09:04:25,838,cs1709,XDCE,1984,1980,1987,17952,356070000,830480,826306,2083,1885,1984,1978,0,1981,0,0,0,2017-04-13,32665838,1984,109,0,0,0,0,0,0,0,0,1985,167,0,0,0,0,0,0,0,0
510,2017-04-13,09:04:26,355,cs1709,XDCE,1984,1980,1987,17952,356070000,830480,826306,2083,1885,1984,1978,0,1981,0,0,0,2017-04-13,32666355,1984,152,0,0,0,0,0,0,0,0,1985,127,0,0,0,0,0,0,0,0
511,2017-04-13,09:04:26,867,cs1709,XDCE,1984,1980,1987,17988,356784240,830448,826306,2083,1885,1984,1978,0,1981,0,0,0,2017-04-13,32666867,1984,134,0,0,0,0,0,0,0,0,1985,128,0,0,0,0,0,0,0,0
512,2017-04-13,09:04:27,325,cs1709,XDCE,1984,1980,1987,17994,356903280,830448,826306,2083,1885,1984,1978,0,1981,0,0,0,2017-04-13,32667325,1984,111,0,0,0,0,0,0,0,0,1985,128,0,0,0,0,0,0,0,0
513,2017-04-13,09:04:27,768,cs1709,XDCE,1984,1980,1987,17998,356982640,830448,826306,2083,1885,1984,1978,0,1981,0,0,0,2017-04-13,32667768,1984,109,0,0,0,0,0,0,0,0,1985,128,0,0,0,0,0,0,0,0
514,2017-04-13,09:04:28,324,cs1709,XDCE,1984,1980,1987,18018,357379460,830440,826306,2083,1885,1984,1978,0,1981,0,0,0,2017-04-13,32668324,1984,100,0,0,0,0,0,0,0,0,1985,127,0,0,0,0,0,0,0,0
515,2017-04-13,09:04:28,717,cs1709,XDCE,1984,1980,1987,18018,357379460,830440,826306,2083,1885,1984,1978,0,1981,0,0,0,2017-04-13,32668717,1984,100,0,0,0,0,0,0,0,0,1985,117,0,0,0,0,0,0,0,0
516,2017-04-13,09:04:29,351,cs1709,XDCE,1984,1980,1987,18022,357458820,830440,826306,2083,1885,1984,1978,0,1981,0,0,0,2017-04-13,32669351,1984,98,0,0,0,0,0,0,0,0,1985,117,0,0,0,0,0,0,0,0
517,2017-04-13,09:04:29,829,cs1709,XDCE,1984,1980,1987,18022,357458820,830440,826306,2083,1885,1984,1978,0,1981,0,0,0,2017-04-13,32669829,1984,98,0,0,0,0,0,0,0,0,1985,118,0,0,0,0,0,0,0,0
518,2017-04-13,09:04:30,238,cs1709,XDCE,1984,1980,1987,18022,357458820,830440,826306,2083,1885,1984,1978,0,1981,0,0,0,2017-04-13,32670238,1984,108,0,0,0,0,0,0,0,0,1985,138,0,0,0,0,0,0,0,0
519,2017-04-13,09:04:30,831,cs1709,XDCE,1985,1980,1987,18026,357538220,830440,826306,2083,1885,1984,1978,0,1981,0,0,0,2017-04-13,32670831,1984,110,0,0,0,0,0,0,0,0,1985,137,0,0,0,0,0,0,0,0
520,2017-04-13,09:04:31,330,cs1709,XDCE,1985,1980,1987,18038,357776420,830442,826306,2083,1885,1984,1978,0,1981,0,0,0,2017-04-13,32671330,1984,112,0,0,0,0,0,0,0,0,1985,133,0,0,0,0,0,0,0,0
521,2017-04-13,09:04:31,829,cs1709,XDCE,1984,1980,1987,18040,357816100,830440,826306,2083,1885,1984,1978,0,1981,0,0,0,2017-04-13,32671829,1984,111,0,0,0,0,0,0,0,0,1985,133,0,0,0,0,0,0,0,0
522,2017-04-13,09:04:32,329,cs1709,XDCE,1985,1980,1987,18056,358133700,830446,826306,2083,1885,1984,1978,0,1981,0,0,0,2017-04-13,32672329,1984,118,0,0,0,0,0,0,0,0,1985,125,0,0,0,0,0,0,0,0
523,2017-04-13,09:04:32,840,cs1709,XDCE,1984,1980,1987,18058,358173380,830444,826306,2083,1885,1984,1978,0,1981,0,0,0,2017-04-13,32672840,1984,117,0,0,0,0,0,0,0,0,1985,126,0,0,0,0,0,0,0,0
524,2017-04-13,09:04:33,369,cs1709,XDCE,1984,1980,1987,18060,358213060,830444,826306,2083,1885,1984,1978,0,1981,0,0,0,2017-04-13,32673369,1984,126,0,0,0,0,0,0,0,0,1985,126,0,0,0,0,0,0,0,0
525,2017-04-13,09:04:33,828,cs1709,XDCE,1984,1980,1987,18060,358213060,830444,826306,2083,1885,1984,1978,0,1981,0,0,0,2017-04-13,32673828,1984,126,0,0,0,0,0,0,0,0,1985,128,0,0,0,0,0,0,0,0
526,2017-04-13,09:04:34,318,cs1709,XDCE,1985,1980,1987,18062,358252760,830444,826306,2083,1885,1984,1978,0,1981,0,0,0,2017-04-13,32674318,1984,126,0,0,0,0,0,0,0,0,1985,128,0,0,0,0,0,0,0,0
527,2017-04-13,09:04:34,874,cs1709,XDCE,1985,1980,1987,18076,358530560,830444,826306,2083,1885,1984,1978,0,1981,0,0,0,2017-04-13,32674874,1984,121,0,0,0,0,0,0,0,0,1985,126,0,0,0,0,0,0,0,0
528,2017-04-13,09:04:35,335,cs1709,XDCE,1984,1980,1987,18078,358570240,830444,826306,2083,1885,1984,1978,0,1981,0,0,0,2017-04-13,32675335,1984,120,0,0,0,0,0,0,0,0,1985,126,0,0,0,0,0,0,0,0
529,2017-04-13,09:04:35,838,cs1709,XDCE,1984,1980,1987,18078,358570240,830444,826306,2083,1885,1984,1978,0,1981,0,0,0,2017-04-13,32675838,1984,113,0,0,0,0,0,0,0,0,1985,222,0,0,0,0,0,0,0,0
530,2017-04-13,09:04:36,330,cs1709,XDCE,1984,1980,1987,18304,363054080,830512,826306,2083,1885,1984,1978,0,1981,0,0,0,2017-04-13,32676330,1983,117,0,0,0,0,0,0,0,0,1984,68,0,0,0,0,0,0,0,0
531,2017-04-13,09:04:36,747,cs1709,XDCE,1984,1980,1987,18304,363054080,830512,826306,2083,1885,1984,1978,0,1981,0,0,0,2017-04-13,32676747,1983,116,0,0,0,0,0,0,0,0,1984,69,0,0,0,0,0,0,0,0
532,2017-04-13,09:04:37,360,cs1709,XDCE,1984,1980,1987,18320,363371520,830528,826306,2083,1885,1984,1978,0,1981,0,0,0,2017-04-13,32677360,1983,110,0,0,0,0,0,0,0,0,1984,62,0,0,0,0,0,0,0,0
