,dataDate,dataTime,dataMillisec,instrumentID,exchangeCD,lastPrice,lowPrice,highPrice,volume,value,openInterest,preOpenInterest,upperLimitPrice,lowerLimitPrice,preSettlementPrice,prevClosePrice,settlementPrice,openPrice,closePrice,preDelta,currDelta,clearingDay,milliSecOffset,bidPrice1,bidVolume1,bidPrice2,bidVolume2,bidPrice3,bidVolume3,bidPrice4,bidVolume4,bidPrice5,bidVolume5,askPrice1,askVolume1,askPrice2,askVolume2,askPrice3,askVolume3,askPrice4,askVolume4,askPrice5,askVolume5
0,2017-04-13,00:00:00,0,IC1704,CCFX,6555.8,0.0,0.0,0,0,19170,19170,0,0,6571,6555.8,0.0,0.0,0,0,0,2017-04-13,0,0.0,0,0,0,0,0,0,0,0,0,0.0,0,0,0,0,0,0,0,0,0
1,2017-04-13,07:03:39,200,IC1704,CCFX,6555.8,0.0,0.0,0,0,19170,19170,7228,5914,6571,6555.8,0.0,0.0,0,0,0,2017-04-13,25419200,0.0,0,0,0,0,0,0,0,0,0,0.0,0,0,0,0,0,0,0,0,0
2,2017-04-13,09:29:00,200,IC1704,CCFX,6550.2,6550.2,6550.2,30,39301200,19147,19170,7228,5914,6571,6555.8,0.0,6550.2,0,0,0,2017-04-13,34140200,6550.2,1,0,0,0,0,0,0,0,0,6555.0,5,0,0,0,0,0,0,0,0
3,2017-04-13,09:30:00,200,IC1704,CCFX,6550.2,6550.2,6550.2,31,40611240,19147,19170,7228,5914,6571,6555.8,0.0,6550.2,0,0,0,2017-04-13,34200200,6550.4,1,0,0,0,0,0,0,0,0,6555.0,5,0,0,0,0,0,0,0,0
4,2017-04-13,09:30:00,700,IC1704,CCFX,6555.0,6550.2,6555.0,40,52408880,19138,19170,7228,5914,6571,6555.8,0.0,6550.2,0,0,0,2017-04-13,34200700,6555.4,7,0,0,0,0,0,0,0,0,6555.8,1,0,0,0,0,0,0,0,0
5,2017-04-13,09:30:01,200,IC1704,CCFX,6555.0,6550.2,6555.0,44,57652880,19134,19170,7228,5914,6571,6555.8,0.0,6550.2,0,0,0,2017-04-13,34201200,6555.4,3,0,0,0,0,0,0,0,0,6556.0,1,0,0,0,0,0,0,0,0
6,2017-04-13,09:30:01,700,IC1704,CCFX,6556.0,6550.2,6556.0,46,60275280,19133,19170,7228,5914,6571,6555.8,0.0,6550.2,0,0,0,2017-04-13,34201700,6555.4,3,0,0,0,0,0,0,0,0,6558.2,5,0,0,0,0,0,0,0,0
7,2017-04-13,09:30:02,200,IC1704,CCFX,6555.8,6550.2,6556.0,47,61586440,19132,19170,7228,5914,6571,6555.8,0.0,6550.2,0,0,0,2017-04-13,34202200,6555.4,3,0,0,0,0,0,0,0,0,6556.8,1,0,0,0,0,0,0,0,0
8,2017-04-13,09:30:02,700,IC1704,CCFX,6555.8,6550.2,6556.0,47,61586440,19132,19170,7228,5914,6571,6555.8,0.0,6550.2,0,0,0,2017-04-13,34202700,6555.4,3,0,0,0,0,0,0,0,0,6556.6,2,0,0,0,0,0,0,0,0
9,2017-04-13,09:30:03,200,IC1704,CCFX,6555.0,6550.2,6556.0,57,74696920,19137,19170,7228,5914,6571,6555.8,0.0,6550.2,0,0,0,2017-04-13,34203200,6555.0,3,0,0,0,0,0,0,0,0,6556.4,1,0,0,0,0,0,0,0,0
10,2017-04-13,09:30:03,700,IC1704,CCFX,6555.0,6550.2,6556.0,58,76007920,19136,19170,7228,5914,6571,6555.8,0.0,6550.2,0,0,0,2017-04-13,34203700,6555.0,2,0,0,0,0,0,0,0,0,6556.4,1,0,0,0,0,0,0,0,0
11,2017-04-13,09:30:04,200,IC1704,CCFX,6556.4,6550.2,6556.4,63,82562560,19133,19170,7228,5914,6571,6555.8,0.0,6550.2,0,0,0,2017-04-13,34204200,6556.4,1,0,0,0,0,0,0,0,0,6556.6,1,0,0,0,0,0,0,0,0
12,2017-04-13,09:30:04,700,IC1704,CCFX,6556.4,6550.2,6556.4,64,83873840,19132,19170,7228,5914,6571,6555.8,0.0,6550.2,0,0,0,2017-04-13,34204700,6551.4,1,0,0,0,0,0,0,0,0,6554.4,3,0,0,0,0,0,0,0,0
13,2017-04-13,09:30:05,200,IC1704,CCFX,6554.6,6550.2,6556.4,65,85184760,19131,19170,7228,5914,6571,6555.8,0.0,6550.2,0,0,0,2017-04-13,34205200,6551.6,1,0,0,0,0,0,0,0,0,6554.4,2,0,0,0,0,0,0,0,0
14,2017-04-13,09:30:05,700,IC1704,CCFX,6554.2,6550.2,6556.4,67,87805960,19129,19170,7228,5914,6571,6555.8,0.0,6550.2,0,0,0,2017-04-13,34205700,6551.8,2,0,0,0,0,0,0,0,0,6554.0,1,0,0,0,0,0,0,0,0
15,2017-04-13,09:30:06,200,IC1704,CCFX,6554.2,6550.2,6556.4,67,87805960,19129,19170,7228,5914,6571,6555.8,0.0,6550.2,0,0,0,2017-04-13,34206200,6552.0,2,0,0,0,0,0,0,0,0,6553.6,1,0,0,0,0,0,0,0,0
16,2017-04-13,09:30:06,700,IC1704,CCFX,6554.2,6550.2,6556.4,67,87805960,19129,19170,7228,5914,6571,6555.8,0.0,6550.2,0,0,0,2017-04-13,34206700,6552.0,2,0,0,0,0,0,0,0,0,6553.6,1,0,0,0,0,0,0,0,0
17,2017-04-13,09:30:07,200,IC1704,CCFX,6553.6,6550.2,6556.4,68,89116680,19128,19170,7228,5914,6571,6555.8,0.0,6550.2,0,0,0,2017-04-13,34207200,6552.0,1,0,0,0,0,0,0,0,0,6553.4,1,0,0,0,0,0,0,0,0
18,2017-04-13,09:30:07,700,IC1704,CCFX,6553.6,6550.2,6556.4,70,91738120,19128,19170,7228,5914,6571,6555.8,0.0,6550.2,0,0,0,2017-04-13,34207700,6553.6,3,0,0,0,0,0,0,0,0,6554.0,1,0,0,0,0,0,0,0,0
19,2017-04-13,09:30:08,200,IC1704,CCFX,6553.6,6550.2,6556.4,74,96981000,19128,19170,7228,5914,6571,6555.8,0.0,6550.2,0,0,0,2017-04-13,34208200,6551.0,2,0,0,0,0,0,0,0,0,6554.0,4,0,0,0,0,0,0,0,0
20,2017-04-13,09:30:08,700,IC1704,CCFX,6554.0,6550.2,6556.4,78,102224160,19126,19170,7228,5914,6571,6555.8,0.0,6550.2,0,0,0,2017-04-13,34208700,6553.6,1,0,0,0,0,0,0,0,0,6554.0,1,0,0,0,0,0,0,0,0
21,2017-04-13,09:30:09,200,IC1704,CCFX,6553.6,6550.2,6556.4,79,103534880,19125,19170,7228,5914,6571,6555.8,0.0,6550.2,0,0,0,2017-04-13,34209200,6552.0,1,0,0,0,0,0,0,0,0,6553.8,1,0,0,0,0,0,0,0,0
22,2017-04-13,09:30:09,700,IC1704,CCFX,6554.0,6550.2,6556.4,81,106156440,19124,19170,7228,5914,6571,6555.8,0.0,6550.2,0,0,0,2017-04-13,34209700,6552.0,1,0,0,0,0,0,0,0,0,6554.4,1,0,0,0,0,0,0,0,0
23,2017-04-13,09:30:10,200,IC1704,CCFX,6554.0,6550.2,6556.4,81,106156440,19124,19170,7228,5914,6571,6555.8,0.0,6550.2,0,0,0,2017-04-13,34210200,6552.2,1,0,0,0,0,0,0,0,0,6554.2,1,0,0,0,0,0,0,0,0
24,2017-04-13,09:30:10,700,IC1704,CCFX,6554.0,6550.2,6556.4,81,106156440,19124,19170,7228,5914,6571,6555.8,0.0,6550.2,0,0,0,2017-04-13,34210700,6552.2,1,0,0,0,0,0,0,0,0,6554.2,1,0,0,0,0,0,0,0,0
25,2017-04-13,09:30:11,200,IC1704,CCFX,6554.2,6550.2,6556.4,84,110088560,19121,19170,7228,5914,6571,6555.8,0.0,6550.2,0,0,0,2017-04-13,34211200,6552.0,1,0,0,0,0,0,0,0,0,6552.2,2,0,0,0,0,0,0,0,0
26,2017-04-13,09:30:11,700,IC1704,CCFX,6552.2,6550.2,6556.4,86,112709440,19119,19170,7228,5914,6571,6555.8,0.0,6550.2,0,0,0,2017-04-13,34211700,6552.2,1,0,0,0,0,0,0,0,0,6554.4,1,0,0,0,0,0,0,0,0
27,2017-04-13,09:30:12,200,IC1704,CCFX,6554.4,6550.2,6556.4,87,114020320,19119,19170,7228,5914,6571,6555.8,0.0,6550.2,0,0,0,2017-04-13,34212200,6552.0,1,0,0,0,0,0,0,0,0,6554.4,2,0,0,0,0,0,0,0,0
28,2017-04-13,09:30:12,700,IC1704,CCFX,6554.4,6550.2,6556.4,87,114020320,19119,19170,7228,5914,6571,6555.8,0.0,6550.2,0,0,0,2017-04-13,34212700,6552.0,1,0,0,0,0,0,0,0,0,6554.2,1,0,0,0,0,0,0,0,0
29,2017-04-13,09:30:13,200,IC1704,CCFX,6554.4,6550.2,6556.4,87,114020320,19119,19170,7228,5914,6571,6555.8,0.0,6550.2,0,0,0,2017-04-13,34213200,6552.0,1,0,0,0,0,0,0,0,0,6554.2,1,0,0,0,0,0,0,0,0
30,2017-04-13,09:30:13,700,IC1704,CCFX,6554.2,6550.2,6556.4,89,116642000,19117,19170,7228,5914,6571,6555.8,0.0,6550.2,0,0,0,2017-04-13,34213700,6552.0,1,0,0,0,0,0,0,0,0,6553.6,4,0,0,0,0,0,0,0,0
31,2017-04-13,09:30:14,200,IC1704,CCFX,6552.2,6550.2,6556.4,92,120573520,19114,19170,7228,5914,6571,6555.8,0.0,6550.2,0,0,0,2017-04-13,34214200,6551.2,1,0,0,0,0,0,0,0,0,6553.6,4,0,0,0,0,0,0,0,0
32,2017-04-13,09:30:14,700,IC1704,CCFX,6552.2,6550.2,6556.4,92,120573520,19114,19170,7228,5914,6571,6555.8,0.0,6550.2,0,0,0,2017-04-13,34214700,6551.4,1,0,0,0,0,0,0,0,0,6553.6,4,0,0,0,0,0,0,0,0
33,2017-04-13,09:30:15,700,IC1704,CCFX,6552.2,6550.2,6556.4,92,120573520,19114,19170,7228,5914,6571,6555.8,0.0,6550.2,0,0,0,2017-04-13,34215700,6551.4,1,0,0,0,0,0,0,0,0,6553.6,4,0,0,0,0,0,0,0,0
34,2017-04-13,09:30:16,200,IC1704,CCFX,6553.6,6550.2,6556.4,94,123194920,19113,19170,7228,5914,6571,6555.8,0.0,6550.2,0,0,0,2017-04-13,34216200,6551.4,1,0,0,0,0,0,0,0,0,6553.2,1,0,0,0,0,0,0,0,0
35,2017-04-13,09:30:16,700,IC1704,CCFX,6553.2,6550.2,6556.4,96,125816200,19111,19170,7228,5914,6571,6555.8,0.0,6550.2,0,0,0,2017-04-13,34216700,6551.4,2,0,0,0,0,0,0,0,0,6553.6,3,0,0,0,0,0,0,0,0
36,2017-04-13,09:30:17,200,IC1704,CCFX,6553.6,6550.2,6556.4,97,127126920,19110,19170,7228,5914,6571,6555.8,0.0,6550.2,0,0,0,2017-04-13,34217200,6551.4,2,0,0,0,0,0,0,0,0,6553.6,2,0,0,0,0,0,0,0,0
37,2017-04-13,09:30:17,700,IC1704,CCFX,6553.6,6550.2,6556.4,98,128437640,19109,19170,7228,5914,6571,6555.8,0.0,6550.2,0,0,0,2017-04-13,34217700,6551.4,2,0,0,0,0,0,0,0,0,6553.6,1,0,0,0,0,0,0,0,0
38,2017-04-13,09:30:18,200,IC1704,CCFX,6553.6,6550.2,6556.4,99,129748360,19108,19170,7228,5914,6571,6555.8,0.0,6550.2,0,0,0,2017-04-13,34218200,6552.0,1,0,0,0,0,0,0,0,0,6555.0,1,0,0,0,0,0,0,0,0
39,2017-04-13,09:30:18,700,IC1704,CCFX,6553.6,6550.2,6556.4,99,129748360,19108,19170,7228,5914,6571,6555.8,0.0,6550.2,0,0,0,2017-04-13,34218700,6553.8,1,0,0,0,0,0,0,0,0,6554.6,1,0,0,0,0,0,0,0,0
40,2017-04-13,09:30:19,200,IC1704,CCFX,6553.6,6550.2,6556.4,99,129748360,19108,19170,7228,5914,6571,6555.8,0.0,6550.2,0,0,0,2017-04-13,34219200,6554.6,2,0,0,0,0,0,0,0,0,6555.0,1,0,0,0,0,0,0,0,0
41,2017-04-13,09:30:19,700,IC1704,CCFX,6553.6,6550.2,6556.4,99,129748360,19108,19170,7228,5914,6571,6555.8,0.0,6550.2,0,0,0,2017-04-13,34219700,6554.6,2,0,0,0,0,0,0,0,0,6555.0,1,0,0,0,0,0,0,0,0
42,2017-04-13,09:30:20,200,IC1704,CCFX,6554.6,6550.2,6556.4,100,131059280,19107,19170,7228,5914,6571,6555.8,0.0,6550.2,0,0,0,2017-04-13,34220200,6554.6,1,0,0,0,0,0,0,0,0,6555.0,1,0,0,0,0,0,0,0,0
43,2017-04-13,09:30:21,200,IC1704,CCFX,6554.6,6550.2,6556.4,100,131059280,19107,19170,7228,5914,6571,6555.8,0.0,6550.2,0,0,0,2017-04-13,34221200,6554.6,1,0,0,0,0,0,0,0,0,6555.0,1,0,0,0,0,0,0,0,0
44,2017-04-13,09:30:21,700,IC1704,CCFX,6555.0,6550.2,6556.4,103,134992160,19106,19170,7228,5914,6571,6555.8,0.0,6550.2,0,0,0,2017-04-13,34221700,6555.0,1,0,0,0,0,0,0,0,0,6555.4,16,0,0,0,0,0,0,0,0
45,2017-04-13,09:30:22,200,IC1704,CCFX,6555.0,6550.2,6556.4,105,137614160,19105,19170,7228,5914,6571,6555.8,0.0,6550.2,0,0,0,2017-04-13,34222200,6553.8,1,0,0,0,0,0,0,0,0,6555.4,16,0,0,0,0,0,0,0,0
46,2017-04-13,09:30:22,700,IC1704,CCFX,6555.0,6550.2,6556.4,105,137614160,19105,19170,7228,5914,6571,6555.8,0.0,6550.2,0,0,0,2017-04-13,34222700,6553.8,1,0,0,0,0,0,0,0,0,6554.6,1,0,0,0,0,0,0,0,0
47,2017-04-13,09:30:23,200,IC1704,CCFX,6554.6,6550.2,6556.4,106,138925080,19104,19170,7228,5914,6571,6555.8,0.0,6550.2,0,0,0,2017-04-13,34223200,6555.0,1,0,0,0,0,0,0,0,0,6555.4,16,0,0,0,0,0,0,0,0
48,2017-04-13,09:30:23,700,IC1704,CCFX,6555.0,6550.2,6556.4,108,141547160,19102,19170,7228,5914,6571,6555.8,0.0,6550.2,0,0,0,2017-04-13,34223700,6553.8,1,0,0,0,0,0,0,0,0,6555.4,15,0,0,0,0,0,0,0,0
49,2017-04-13,09:30:24,200,IC1704,CCFX,6555.4,6550.2,6556.4,110,144169320,19100,19170,7228,5914,6571,6555.8,0.0,6550.2,0,0,0,2017-04-13,34224200,6553.8,1,0,0,0,0,0,0,0,0,6555.0,3,0,0,0,0,0,0,0,0
50,2017-04-13,09:30:25,200,IC1704,CCFX,6555.4,6550.2,6556.4,110,144169320,19100,19170,7228,5914,6571,6555.8,0.0,6550.2,0,0,0,2017-04-13,34225200,6553.8,1,0,0,0,0,0,0,0,0,6555.0,3,0,0,0,0,0,0,0,0
51,2017-04-13,09:30:25,700,IC1704,CCFX,6555.4,6550.2,6556.4,110,144169320,19100,19170,7228,5914,6571,6555.8,0.0,6550.2,0,0,0,2017-04-13,34225700,6553.8,1,0,0,0,0,0,0,0,0,6555.0,3,0,0,0,0,0,0,0,0
52,2017-04-13,09:30:26,200,IC1704,CCFX,6555.4,6550.2,6556.4,110,144169320,19100,19170,7228,5914,6571,6555.8,0.0,6550.2,0,0,0,2017-04-13,34226200,6553.8,1,0,0,0,0,0,0,0,0,6555.0,3,0,0,0,0,0,0,0,0
53,2017-04-13,09:30:26,700,IC1704,CCFX,6555.0,6550.2,6556.4,112,146791320,19098,19170,7228,5914,6571,6555.8,0.0,6550.2,0,0,0,2017-04-13,34226700,6554.2,1,0,0,0,0,0,0,0,0,6555.0,1,0,0,0,0,0,0,0,0
54,2017-04-13,09:30:27,200,IC1704,CCFX,6555.0,6550.2,6556.4,113,148102320,19097,19170,7228,5914,6571,6555.8,0.0,6550.2,0,0,0,2017-04-13,34227200,6554.2,1,0,0,0,0,0,0,0,0,6555.4,13,0,0,0,0,0,0,0,0
55,2017-04-13,09:30:28,200,IC1704,CCFX,6554.2,6550.2,6556.4,114,149413160,19097,19170,7228,5914,6571,6555.8,0.0,6550.2,0,0,0,2017-04-13,34228200,6553.8,1,0,0,0,0,0,0,0,0,6555.4,13,0,0,0,0,0,0,0,0
56,2017-04-13,09:30:28,700,IC1704,CCFX,6555.4,6550.2,6556.4,115,150724240,19097,19170,7228,5914,6571,6555.8,0.0,6550.2,0,0,0,2017-04-13,34228700,6553.8,1,0,0,0,0,0,0,0,0,6555.2,1,0,0,0,0,0,0,0,0
57,2017-04-13,09:30:29,200,IC1704,CCFX,6555.4,6550.2,6556.4,115,150724240,19097,19170,7228,5914,6571,6555.8,0.0,6550.2,0,0,0,2017-04-13,34229200,6554.6,1,0,0,0,0,0,0,0,0,6555.2,1,0,0,0,0,0,0,0,0
58,2017-04-13,09:30:29,700,IC1704,CCFX,6555.4,6550.2,6556.4,115,150724240,19097,19170,7228,5914,6571,6555.8,0.0,6550.2,0,0,0,2017-04-13,34229700,6554.6,1,0,0,0,0,0,0,0,0,6555.0,1,0,0,0,0,0,0,0,0
59,2017-04-13,09:30:31,700,IC1704,CCFX,6554.6,6550.2,6556.4,116,152035160,19096,19170,7228,5914,6571,6555.8,0.0,6550.2,0,0,0,2017-04-13,34231700,6553.8,1,0,0,0,0,0,0,0,0,6555.0,1,0,0,0,0,0,0,0,0
60,2017-04-13,09:30:32,200,IC1704,CCFX,6555.0,6550.2,6556.4,118,154656920,19095,19170,7228,5914,6571,6555.8,0.0,6550.2,0,0,0,2017-04-13,34232200,6552.4,1,0,0,0,0,0,0,0,0,6555.2,1,0,0,0,0,0,0,0,0
61,2017-04-13,09:30:32,700,IC1704,CCFX,6555.0,6550.2,6556.4,118,154656920,19095,19170,7228,5914,6571,6555.8,0.0,6550.2,0,0,0,2017-04-13,34232700,6552.6,1,0,0,0,0,0,0,0,0,6554.8,1,0,0,0,0,0,0,0,0
62,2017-04-13,09:30:33,200,IC1704,CCFX,6555.0,6550.2,6556.4,118,154656920,19095,19170,7228,5914,6571,6555.8,0.0,6550.2,0,0,0,2017-04-13,34233200,6552.8,1,0,0,0,0,0,0,0,0,6554.8,3,0,0,0,0,0,0,0,0
63,2017-04-13,09:30:33,700,IC1704,CCFX,6555.0,6550.2,6556.4,118,154656920,19095,19170,7228,5914,6571,6555.8,0.0,6550.2,0,0,0,2017-04-13,34233700,6552.8,1,0,0,0,0,0,0,0,0,6554.8,3,0,0,0,0,0,0,0,0
64,2017-04-13,09:30:34,200,IC1704,CCFX,6555.0,6550.2,6556.4,119,155967920,19095,19170,7228,5914,6571,6555.8,0.0,6550.2,0,0,0,2017-04-13,34234200,6553.0,1,0,0,0,0,0,0,0,0,6554.8,2,0,0,0,0,0,0,0,0
65,2017-04-13,09:30:34,700,IC1704,CCFX,6553.2,6550.2,6556.4,120,157278560,19094,19170,7228,5914,6571,6555.8,0.0,6550.2,0,0,0,2017-04-13,34234700,6553.0,1,0,0,0,0,0,0,0,0,6554.8,2,0,0,0,0,0,0,0,0
66,2017-04-13,09:30:35,700,IC1704,CCFX,6553.2,6550.2,6556.4,120,157278560,19094,19170,7228,5914,6571,6555.8,0.0,6550.2,0,0,0,2017-04-13,34235700,6554.0,1,0,0,0,0,0,0,0,0,6554.8,2,0,0,0,0,0,0,0,0
67,2017-04-13,09:30:36,200,IC1704,CCFX,6554.0,6550.2,6556.4,121,158589360,19093,19170,7228,5914,6571,6555.8,0.0,6550.2,0,0,0,2017-04-13,34236200,6553.0,1,0,0,0,0,0,0,0,0,6554.8,2,0,0,0,0,0,0,0,0
68,2017-04-13,09:30:36,700,IC1704,CCFX,6554.0,6550.2,6556.4,121,158589360,19093,19170,7228,5914,6571,6555.8,0.0,6550.2,0,0,0,2017-04-13,34236700,6553.0,1,0,0,0,0,0,0,0,0,6554.8,2,0,0,0,0,0,0,0,0
69,2017-04-13,09:30:37,200,IC1704,CCFX,6554.8,6550.2,6556.4,123,161211280,19093,19170,7228,5914,6571,6555.8,0.0,6550.2,0,0,0,2017-04-13,34237200,6553.0,1,0,0,0,0,0,0,0,0,6555.2,1,0,0,0,0,0,0,0,0
70,2017-04-13,09:30:37,700,IC1704,CCFX,6554.8,6550.2,6556.4,123,161211280,19093,19170,7228,5914,6571,6555.8,0.0,6550.2,0,0,0,2017-04-13,34237700,6553.2,1,0,0,0,0,0,0,0,0,6555.2,1,0,0,0,0,0,0,0,0
71,2017-04-13,09:30:38,200,IC1704,CCFX,6554.8,6550.2,6556.4,123,161211280,19093,19170,7228,5914,6571,6555.8,0.0,6550.2,0,0,0,2017-04-13,34238200,6553.2,1,0,0,0,0,0,0,0,0,6554.4,1,0,0,0,0,0,0,0,0
72,2017-04-13,09:30:38,700,IC1704,CCFX,6554.8,6550.2,6556.4,123,161211280,19093,19170,7228,5914,6571,6555.8,0.0,6550.2,0,0,0,2017-04-13,34238700,6553.2,1,0,0,0,0,0,0,0,0,6554.4,1,0,0,0,0,0,0,0,0
73,2017-04-13,09:30:40,200,IC1704,CCFX,6554.8,6550.2,6556.4,123,161211280,19093,19170,7228,5914,6571,6555.8,0.0,6550.2,0,0,0,2017-04-13,34240200,6553.4,1,0,0,0,0,0,0,0,0,6554.4,1,0,0,0,0,0,0,0,0
74,2017-04-13,09:30:40,700,IC1704,CCFX,6554.8,6550.2,6556.4,123,161211280,19093,19170,7228,5914,6571,6555.8,0.0,6550.2,0,0,0,2017-04-13,34240700,6553.4,2,0,0,0,0,0,0,0,0,6554.4,1,0,0,0,0,0,0,0,0
75,2017-04-13,09:30:41,200,IC1704,CCFX,6554.6,6550.2,6556.4,124,162522200,19093,19170,7228,5914,6571,6555.8,0.0,6550.2,0,0,0,2017-04-13,34241200,6553.4,2,0,0,0,0,0,0,0,0,6555.4,12,0,0,0,0,0,0,0,0
76,2017-04-13,09:30:42,700,IC1704,CCFX,6554.6,6550.2,6556.4,124,162522200,19093,19170,7228,5914,6571,6555.8,0.0,6550.2,0,0,0,2017-04-13,34242700,6553.6,1,0,0,0,0,0,0,0,0,6555.4,12,0,0,0,0,0,0,0,0
77,2017-04-13,09:30:43,200,IC1704,CCFX,6554.6,6550.2,6556.4,124,162522200,19093,19170,7228,5914,6571,6555.8,0.0,6550.2,0,0,0,2017-04-13,34243200,6554.0,1,0,0,0,0,0,0,0,0,6555.4,12,0,0,0,0,0,0,0,0
78,2017-04-13,09:30:43,700,IC1704,CCFX,6554.6,6550.2,6556.4,124,162522200,19093,19170,7228,5914,6571,6555.8,0.0,6550.2,0,0,0,2017-04-13,34243700,6554.0,2,0,0,0,0,0,0,0,0,6555.4,12,0,0,0,0,0,0,0,0
79,2017-04-13,09:30:44,200,IC1704,CCFX,6554.0,6550.2,6556.4,126,165144080,19091,19170,7228,5914,6571,6555.8,0.0,6550.2,0,0,0,2017-04-13,34244200,6554.0,1,0,0,0,0,0,0,0,0,6555.4,11,0,0,0,0,0,0,0,0
80,2017-04-13,09:30:44,700,IC1704,CCFX,6554.0,6550.2,6556.4,126,165144080,19091,19170,7228,5914,6571,6555.8,0.0,6550.2,0,0,0,2017-04-13,34244700,6554.0,1,0,0,0,0,0,0,0,0,6555.0,3,0,0,0,0,0,0,0,0
81,2017-04-13,09:30:45,200,IC1704,CCFX,6554.0,6550.2,6556.4,126,165144080,19091,19170,7228,5914,6571,6555.8,0.0,6550.2,0,0,0,2017-04-13,34245200,6554.0,1,0,0,0,0,0,0,0,0,6555.0,3,0,0,0,0,0,0,0,0
82,2017-04-13,09:30:45,700,IC1704,CCFX,6554.0,6550.2,6556.4,126,165144080,19091,19170,7228,5914,6571,6555.8,0.0,6550.2,0,0,0,2017-04-13,34245700,6554.0,1,0,0,0,0,0,0,0,0,6555.0,4,0,0,0,0,0,0,0,0
83,2017-04-13,09:30:46,200,IC1704,CCFX,6554.0,6550.2,6556.4,126,165144080,19091,19170,7228,5914,6571,6555.8,0.0,6550.2,0,0,0,2017-04-13,34246200,6554.0,1,0,0,0,0,0,0,0,0,6555.0,4,0,0,0,0,0,0,0,0
84,2017-04-13,09:30:46,700,IC1704,CCFX,6554.0,6550.2,6556.4,127,166454880,19090,19170,7228,5914,6571,6555.8,0.0,6550.2,0,0,0,2017-04-13,34246700,6553.8,1,0,0,0,0,0,0,0,0,6555.0,4,0,0,0,0,0,0,0,0
85,2017-04-13,09:30:47,700,IC1704,CCFX,6554.0,6550.2,6556.4,127,166454880,19090,19170,7228,5914,6571,6555.8,0.0,6550.2,0,0,0,2017-04-13,34247700,6553.8,1,0,0,0,0,0,0,0,0,6554.8,1,0,0,0,0,0,0,0,0
86,2017-04-13,09:30:48,200,IC1704,CCFX,6554.0,6550.2,6556.4,127,166454880,19090,19170,7228,5914,6571,6555.8,0.0,6550.2,0,0,0,2017-04-13,34248200,6553.8,1,0,0,0,0,0,0,0,0,6555.0,4,0,0,0,0,0,0,0,0
87,2017-04-13,09:30:48,700,IC1704,CCFX,6554.0,6550.2,6556.4,127,166454880,19090,19170,7228,5914,6571,6555.8,0.0,6550.2,0,0,0,2017-04-13,34248700,6553.8,1,0,0,0,0,0,0,0,0,6554.8,1,0,0,0,0,0,0,0,0
88,2017-04-13,09:30:49,200,IC1704,CCFX,6554.0,6550.2,6556.4,127,166454880,19090,19170,7228,5914,6571,6555.8,0.0,6550.2,0,0,0,2017-04-13,34249200,6554.0,1,0,0,0,0,0,0,0,0,6555.0,4,0,0,0,0,0,0,0,0
89,2017-04-13,09:30:49,700,IC1704,CCFX,6554.0,6550.2,6556.4,127,166454880,19090,19170,7228,5914,6571,6555.8,0.0,6550.2,0,0,0,2017-04-13,34249700,6554.0,1,0,0,0,0,0,0,0,0,6554.8,1,0,0,0,0,0,0,0,0
90,2017-04-13,09:30:50,200,IC1704,CCFX,6554.0,6550.2,6556.4,127,166454880,19090,19170,7228,5914,6571,6555.8,0.0,6550.2,0,0,0,2017-04-13,34250200,6554.0,4,0,0,0,0,0,0,0,0,6554.8,1,0,0,0,0,0,0,0,0
91,2017-04-13,09:30:50,700,IC1704,CCFX,6555.0,6550.2,6556.4,130,170387840,19087,19170,7228,5914,6571,6555.8,0.0,6550.2,0,0,0,2017-04-13,34250700,6554.0,4,0,0,0,0,0,0,0,0,6555.0,2,0,0,0,0,0,0,0,0
92,2017-04-13,09:30:51,200,IC1704,CCFX,6554.2,6550.2,6556.4,132,173009680,19085,19170,7228,5914,6571,6555.8,0.0,6550.2,0,0,0,2017-04-13,34251200,6554.2,1,0,0,0,0,0,0,0,0,6555.0,1,0,0,0,0,0,0,0,0
93,2017-04-13,09:30:51,700,IC1704,CCFX,6555.0,6550.2,6556.4,133,174320680,19084,19170,7228,5914,6571,6555.8,0.0,6550.2,0,0,0,2017-04-13,34251700,6554.4,3,0,0,0,0,0,0,0,0,6555.4,11,0,0,0,0,0,0,0,0
94,2017-04-13,09:30:52,200,IC1704,CCFX,6554.6,6550.2,6556.4,134,175631600,19083,19170,7228,5914,6571,6555.8,0.0,6550.2,0,0,0,2017-04-13,34252200,6554.8,1,0,0,0,0,0,0,0,0,6555.4,11,0,0,0,0,0,0,0,0
95,2017-04-13,09:30:52,700,IC1704,CCFX,6554.6,6550.2,6556.4,135,176942520,19083,19170,7228,5914,6571,6555.8,0.0,6550.2,0,0,0,2017-04-13,34252700,6555.0,1,0,0,0,0,0,0,0,0,6555.4,11,0,0,0,0,0,0,0,0
96,2017-04-13,09:30:53,200,IC1704,CCFX,6555.4,6550.2,6556.4,137,179564600,19081,19170,7228,5914,6571,6555.8,0.0,6550.2,0,0,0,2017-04-13,34253200,6554.2,2,0,0,0,0,0,0,0,0,6555.4,10,0,0,0,0,0,0,0,0
97,2017-04-13,09:30:53,700,IC1704,CCFX,6555.4,6550.2,6556.4,137,179564600,19081,19170,7228,5914,6571,6555.8,0.0,6550.2,0,0,0,2017-04-13,34253700,6555.0,1,0,0,0,0,0,0,0,0,6555.4,10,0,0,0,0,0,0,0,0
98,2017-04-13,09:30:54,200,IC1704,CCFX,6555.4,6550.2,6556.4,137,179564600,19081,19170,7228,5914,6571,6555.8,0.0,6550.2,0,0,0,2017-04-13,34254200,6554.2,2,0,0,0,0,0,0,0,0,6555.4,10,0,0,0,0,0,0,0,0
99,2017-04-13,09:30:54,700,IC1704,CCFX,6555.4,6550.2,6556.4,137,179564600,19081,19170,7228,5914,6571,6555.8,0.0,6550.2,0,0,0,2017-04-13,34254700,6554.8,1,0,0,0,0,0,0,0,0,6555.4,10,0,0,0,0,0,0,0,0
100,2017-04-13,09:30:55,200,IC1704,CCFX,6555.4,6550.2,6556.4,137,179564600,19081,19170,7228,5914,6571,6555.8,0.0,6550.2,0,0,0,2017-04-13,34255200,6554.8,1,0,0,0,0,0,0,0,0,6555.4,10,0,0,0,0,0,0,0,0
101,2017-04-13,09:30:55,700,IC1704,CCFX,6554.8,6550.2,6556.4,138,180875560,19080,19170,7228,5914,6571,6555.8,0.0,6550.2,0,0,0,2017-04-13,34255700,6554.4,1,0,0,0,0,0,0,0,0,6555.4,10,0,0,0,0,0,0,0,0
102,2017-04-13,09:30:56,200,IC1704,CCFX,6554.8,6550.2,6556.4,138,180875560,19080,19170,7228,5914,6571,6555.8,0.0,6550.2,0,0,0,2017-04-13,34256200,6554.4,1,0,0,0,0,0,0,0,0,6555.4,10,0,0,0,0,0,0,0,0
103,2017-04-13,09:30:56,700,IC1704,CCFX,6554.8,6550.2,6556.4,138,180875560,19080,19170,7228,5914,6571,6555.8,0.0,6550.2,0,0,0,2017-04-13,34256700,6554.4,1,0,0,0,0,0,0,0,0,6555.4,10,0,0,0,0,0,0,0,0
104,2017-04-13,09:30:58,200,IC1704,CCFX,6554.8,6550.2,6556.4,138,180875560,19080,19170,7228,5914,6571,6555.8,0.0,6550.2,0,0,0,2017-04-13,34258200,6554.4,2,0,0,0,0,0,0,0,0,6555.4,10,0,0,0,0,0,0,0,0
105,2017-04-13,09:30:58,700,IC1704,CCFX,6555.4,6550.2,6556.4,141,184808800,19077,19170,7228,5914,6571,6555.8,0.0,6550.2,0,0,0,2017-04-13,34258700,6554.8,1,0,0,0,0,0,0,0,0,6555.4,7,0,0,0,0,0,0,0,0
106,2017-04-13,09:30:59,200,IC1704,CCFX,6555.4,6550.2,6556.4,144,188742040,19074,19170,7228,5914,6571,6555.8,0.0,6550.2,0,0,0,2017-04-13,34259200,6554.8,1,0,0,0,0,0,0,0,0,6555.4,4,0,0,0,0,0,0,0,0
107,2017-04-13,09:30:59,700,IC1704,CCFX,6555.4,6550.2,6556.4,150,196608280,19071,19170,7228,5914,6571,6555.8,0.0,6550.2,0,0,0,2017-04-13,34259700,6554.8,1,0,0,0,0,0,0,0,0,6555.4,1,0,0,0,0,0,0,0,0
108,2017-04-13,09:31:00,200,IC1704,CCFX,6555.4,6550.2,6556.4,152,199230440,19069,19170,7228,5914,6571,6555.8,0.0,6550.2,0,0,0,2017-04-13,34260200,6555.4,2,0,0,0,0,0,0,0,0,6558.0,1,0,0,0,0,0,0,0,0
109,2017-04-13,09:31:00,700,IC1704,CCFX,6555.4,6550.2,6556.4,152,199230440,19069,19170,7228,5914,6571,6555.8,0.0,6550.2,0,0,0,2017-04-13,34260700,6555.6,1,0,0,0,0,0,0,0,0,6557.8,1,0,0,0,0,0,0,0,0
110,2017-04-13,09:31:01,200,IC1704,CCFX,6555.4,6550.2,6556.4,154,201852600,19068,19170,7228,5914,6571,6555.8,0.0,6550.2,0,0,0,2017-04-13,34261200,6555.4,1,0,0,0,0,0,0,0,0,6557.6,1,0,0,0,0,0,0,0,0
111,2017-04-13,09:31:01,700,IC1704,CCFX,6555.4,6550.2,6556.4,154,201852600,19068,19170,7228,5914,6571,6555.8,0.0,6550.2,0,0,0,2017-04-13,34261700,6555.4,1,0,0,0,0,0,0,0,0,6557.0,1,0,0,0,0,0,0,0,0
112,2017-04-13,09:31:02,200,IC1704,CCFX,6555.4,6550.2,6556.4,154,201852600,19068,19170,7228,5914,6571,6555.8,0.0,6550.2,0,0,0,2017-04-13,34262200,6555.4,1,0,0,0,0,0,0,0,0,6557.0,1,0,0,0,0,0,0,0,0
113,2017-04-13,09:31:02,700,IC1704,CCFX,6555.4,6550.2,6556.4,154,201852600,19068,19170,7228,5914,6571,6555.8,0.0,6550.2,0,0,0,2017-04-13,34262700,6555.4,1,0,0,0,0,0,0,0,0,6557.0,1,0,0,0,0,0,0,0,0
114,2017-04-13,09:31:03,200,IC1704,CCFX,6555.4,6550.2,6556.4,154,201852600,19068,19170,7228,5914,6571,6555.8,0.0,6550.2,0,0,0,2017-04-13,34263200,6555.4,1,0,0,0,0,0,0,0,0,6557.0,1,0,0,0,0,0,0,0,0
115,2017-04-13,09:31:03,700,IC1704,CCFX,6555.4,6550.2,6556.4,154,201852600,19068,19170,7228,5914,6571,6555.8,0.0,6550.2,0,0,0,2017-04-13,34263700,6555.4,1,0,0,0,0,0,0,0,0,6556.0,2,0,0,0,0,0,0,0,0
116,2017-04-13,09:31:04,700,IC1704,CCFX,6555.4,6550.2,6556.4,155,203163680,19068,19170,7228,5914,6571,6555.8,0.0,6550.2,0,0,0,2017-04-13,34264700,6554.8,1,0,0,0,0,0,0,0,0,6556.0,2,0,0,0,0,0,0,0,0
117,2017-04-13,09:31:05,200,IC1704,CCFX,6555.4,6550.2,6556.4,155,203163680,19068,19170,7228,5914,6571,6555.8,0.0,6550.2,0,0,0,2017-04-13,34265200,6554.8,1,0,0,0,0,0,0,0,0,6556.0,2,0,0,0,0,0,0,0,0
118,2017-04-13,09:31:06,200,IC1704,CCFX,6555.4,6550.2,6556.4,155,203163680,19068,19170,7228,5914,6571,6555.8,0.0,6550.2,0,0,0,2017-04-13,34266200,6554.8,4,0,0,0,0,0,0,0,0,6556.0,2,0,0,0,0,0,0,0,0
119,2017-04-13,09:31:06,700,IC1704,CCFX,6555.4,6550.2,6556.4,155,203163680,19068,19170,7228,5914,6571,6555.8,0.0,6550.2,0,0,0,2017-04-13,34266700,6554.8,4,0,0,0,0,0,0,0,0,6556.0,2,0,0,0,0,0,0,0,0
120,2017-04-13,09:31:07,200,IC1704,CCFX,6556.0,6550.2,6556.4,157,205786080,19066,19170,7228,5914,6571,6555.8,0.0,6550.2,0,0,0,2017-04-13,34267200,6556.0,1,0,0,0,0,0,0,0,0,6557.0,1,0,0,0,0,0,0,0,0
121,2017-04-13,09:31:07,700,IC1704,CCFX,6556.0,6550.2,6556.4,157,205786080,19066,19170,7228,5914,6571,6555.8,0.0,6550.2,0,0,0,2017-04-13,34267700,6556.0,1,0,0,0,0,0,0,0,0,6556.6,1,0,0,0,0,0,0,0,0
122,2017-04-13,09:31:08,200,IC1704,CCFX,6556.0,6550.2,6556.4,158,207097280,19066,19170,7228,5914,6571,6555.8,0.0,6550.2,0,0,0,2017-04-13,34268200,6554.8,4,0,0,0,0,0,0,0,0,6556.6,1,0,0,0,0,0,0,0,0
123,2017-04-13,09:31:09,200,IC1704,CCFX,6556.6,6550.2,6556.6,159,208408600,19067,19170,7228,5914,6571,6555.8,0.0,6550.2,0,0,0,2017-04-13,34269200,6556.6,2,0,0,0,0,0,0,0,0,6557.0,1,0,0,0,0,0,0,0,0
124,2017-04-13,09:31:09,700,IC1704,CCFX,6556.6,6550.2,6556.6,160,209719920,19067,19170,7228,5914,6571,6555.8,0.0,6550.2,0,0,0,2017-04-13,34269700,6556.6,1,0,0,0,0,0,0,0,0,6557.0,1,0,0,0,0,0,0,0,0
125,2017-04-13,09:31:10,200,IC1704,CCFX,6555.0,6550.2,6556.6,162,212342240,19068,19170,7228,5914,6571,6555.8,0.0,6550.2,0,0,0,2017-04-13,34270200,6554.8,4,0,0,0,0,0,0,0,0,6555.0,1,0,0,0,0,0,0,0,0
126,2017-04-13,09:31:10,700,IC1704,CCFX,6555.0,6550.2,6556.6,164,214964240,19067,19170,7228,5914,6571,6555.8,0.0,6550.2,0,0,0,2017-04-13,34270700,6555.2,1,0,0,0,0,0,0,0,0,6556.6,2,0,0,0,0,0,0,0,0
127,2017-04-13,09:31:11,200,IC1704,CCFX,6555.0,6550.2,6556.6,165,216275240,19066,19170,7228,5914,6571,6555.8,0.0,6550.2,0,0,0,2017-04-13,34271200,6554.8,4,0,0,0,0,0,0,0,0,6555.4,1,0,0,0,0,0,0,0,0
128,2017-04-13,09:31:11,700,IC1704,CCFX,6555.0,6550.2,6556.6,165,216275240,19066,19170,7228,5914,6571,6555.8,0.0,6550.2,0,0,0,2017-04-13,34271700,6554.8,4,0,0,0,0,0,0,0,0,6555.4,1,0,0,0,0,0,0,0,0
129,2017-04-13,09:31:12,200,IC1704,CCFX,6555.4,6550.2,6556.6,166,217586320,19066,19170,7228,5914,6571,6555.8,0.0,6550.2,0,0,0,2017-04-13,34272200,6555.6,1,0,0,0,0,0,0,0,0,6556.6,2,0,0,0,0,0,0,0,0
130,2017-04-13,09:31:12,700,IC1704,CCFX,6555.4,6550.2,6556.6,166,217586320,19066,19170,7228,5914,6571,6555.8,0.0,6550.2,0,0,0,2017-04-13,34272700,6555.6,1,0,0,0,0,0,0,0,0,6556.4,1,0,0,0,0,0,0,0,0
131,2017-04-13,09:31:13,200,IC1704,CCFX,6555.4,6550.2,6556.6,166,217586320,19066,19170,7228,5914,6571,6555.8,0.0,6550.2,0,0,0,2017-04-13,34273200,6555.6,1,0,0,0,0,0,0,0,0,6556.2,1,0,0,0,0,0,0,0,0
132,2017-04-13,09:31:13,700,IC1704,CCFX,6555.4,6550.2,6556.6,168,220208480,19066,19170,7228,5914,6571,6555.8,0.0,6550.2,0,0,0,2017-04-13,34273700,6554.8,4,0,0,0,0,0,0,0,0,6555.0,1,0,0,0,0,0,0,0,0
133,2017-04-13,09:31:14,200,IC1704,CCFX,6555.4,6550.2,6556.6,168,220208480,19066,19170,7228,5914,6571,6555.8,0.0,6550.2,0,0,0,2017-04-13,34274200,6554.8,3,0,0,0,0,0,0,0,0,6555.0,1,0,0,0,0,0,0,0,0
134,2017-04-13,09:31:14,700,IC1704,CCFX,6555.0,6550.2,6556.6,169,221519480,19066,19170,7228,5914,6571,6555.8,0.0,6550.2,0,0,0,2017-04-13,34274700,6554.8,3,0,0,0,0,0,0,0,0,6555.8,2,0,0,0,0,0,0,0,0
135,2017-04-13,09:31:15,200,IC1704,CCFX,6554.8,6550.2,6556.6,170,222830440,19066,19170,7228,5914,6571,6555.8,0.0,6550.2,0,0,0,2017-04-13,34275200,6554.8,2,0,0,0,0,0,0,0,0,6555.8,2,0,0,0,0,0,0,0,0
136,2017-04-13,09:31:15,700,IC1704,CCFX,6554.8,6550.2,6556.6,170,222830440,19066,19170,7228,5914,6571,6555.8,0.0,6550.2,0,0,0,2017-04-13,34275700,6555.2,1,0,0,0,0,0,0,0,0,6555.8,2,0,0,0,0,0,0,0,0
137,2017-04-13,09:31:16,200,IC1704,CCFX,6554.8,6550.2,6556.6,173,226763320,19068,19170,7228,5914,6571,6555.8,0.0,6550.2,0,0,0,2017-04-13,34276200,6554.4,1,0,0,0,0,0,0,0,0,6555.8,2,0,0,0,0,0,0,0,0
138,2017-04-13,09:31:16,700,IC1704,CCFX,6554.8,6550.2,6556.6,173,226763320,19068,19170,7228,5914,6571,6555.8,0.0,6550.2,0,0,0,2017-04-13,34276700,6554.4,1,0,0,0,0,0,0,0,0,6555.6,1,0,0,0,0,0,0,0,0
139,2017-04-13,09:31:17,200,IC1704,CCFX,6554.8,6550.2,6556.6,173,226763320,19068,19170,7228,5914,6571,6555.8,0.0,6550.2,0,0,0,2017-04-13,34277200,6554.4,1,0,0,0,0,0,0,0,0,6554.8,2,0,0,0,0,0,0,0,0
140,2017-04-13,09:31:17,700,IC1704,CCFX,6554.4,6550.2,6556.6,175,229385160,19066,19170,7228,5914,6571,6555.8,0.0,6550.2,0,0,0,2017-04-13,34277700,6554.2,1,0,0,0,0,0,0,0,0,6554.8,1,0,0,0,0,0,0,0,0
141,2017-04-13,09:31:18,200,IC1704,CCFX,6554.4,6550.2,6556.6,175,229385160,19066,19170,7228,5914,6571,6555.8,0.0,6550.2,0,0,0,2017-04-13,34278200,6554.2,1,0,0,0,0,0,0,0,0,6554.8,1,0,0,0,0,0,0,0,0
142,2017-04-13,09:31:18,700,IC1704,CCFX,6554.2,6550.2,6556.6,176,230696000,19065,19170,7228,5914,6571,6555.8,0.0,6550.2,0,0,0,2017-04-13,34278700,6554.0,4,0,0,0,0,0,0,0,0,6554.8,1,0,0,0,0,0,0,0,0
143,2017-04-13,09:31:20,200,IC1704,CCFX,6554.0,6550.2,6556.6,177,232006800,19065,19170,7228,5914,6571,6555.8,0.0,6550.2,0,0,0,2017-04-13,34280200,6554.0,3,0,0,0,0,0,0,0,0,6554.4,1,0,0,0,0,0,0,0,0
144,2017-04-13,09:31:20,700,IC1704,CCFX,6554.0,6550.2,6556.6,178,233317600,19065,19170,7228,5914,6571,6555.8,0.0,6550.2,0,0,0,2017-04-13,34280700,6554.0,2,0,0,0,0,0,0,0,0,6554.4,1,0,0,0,0,0,0,0,0
145,2017-04-13,09:31:21,200,IC1704,CCFX,6554.0,6550.2,6556.6,180,235939200,19064,19170,7228,5914,6571,6555.8,0.0,6550.2,0,0,0,2017-04-13,34281200,6554.0,3,0,0,0,0,0,0,0,0,6554.2,1,0,0,0,0,0,0,0,0
146,2017-04-13,09:31:21,700,IC1704,CCFX,6554.4,6550.2,6556.6,182,238560920,19064,19170,7228,5914,6571,6555.8,0.0,6550.2,0,0,0,2017-04-13,34281700,6554.0,3,0,0,0,0,0,0,0,0,6557.0,2,0,0,0,0,0,0,0,0
147,2017-04-13,09:31:22,200,IC1704,CCFX,6554.4,6550.2,6556.6,182,238560920,19064,19170,7228,5914,6571,6555.8,0.0,6550.2,0,0,0,2017-04-13,34282200,6554.2,1,0,0,0,0,0,0,0,0,6556.6,1,0,0,0,0,0,0,0,0
148,2017-04-13,09:31:22,700,IC1704,CCFX,6554.4,6550.2,6556.6,182,238560920,19064,19170,7228,5914,6571,6555.8,0.0,6550.2,0,0,0,2017-04-13,34282700,6554.2,1,0,0,0,0,0,0,0,0,6556.4,1,0,0,0,0,0,0,0,0
149,2017-04-13,09:31:23,200,IC1704,CCFX,6554.4,6550.2,6556.6,182,238560920,19064,19170,7228,5914,6571,6555.8,0.0,6550.2,0,0,0,2017-04-13,34283200,6554.0,3,0,0,0,0,0,0,0,0,6556.2,1,0,0,0,0,0,0,0,0
150,2017-04-13,09:31:23,700,IC1704,CCFX,6554.4,6550.2,6556.6,182,238560920,19064,19170,7228,5914,6571,6555.8,0.0,6550.2,0,0,0,2017-04-13,34283700,6554.0,3,0,0,0,0,0,0,0,0,6556.0,1,0,0,0,0,0,0,0,0
151,2017-04-13,09:31:24,200,IC1704,CCFX,6554.4,6550.2,6556.6,182,238560920,19064,19170,7228,5914,6571,6555.8,0.0,6550.2,0,0,0,2017-04-13,34284200,6554.0,3,0,0,0,0,0,0,0,0,6555.8,2,0,0,0,0,0,0,0,0
152,2017-04-13,09:31:24,700,IC1704,CCFX,6554.4,6550.2,6556.6,182,238560920,19064,19170,7228,5914,6571,6555.8,0.0,6550.2,0,0,0,2017-04-13,34284700,6554.0,3,0,0,0,0,0,0,0,0,6555.6,1,0,0,0,0,0,0,0,0
153,2017-04-13,09:31:25,200,IC1704,CCFX,6554.4,6550.2,6556.6,182,238560920,19064,19170,7228,5914,6571,6555.8,0.0,6550.2,0,0,0,2017-04-13,34285200,6554.0,3,0,0,0,0,0,0,0,0,6555.4,1,0,0,0,0,0,0,0,0
154,2017-04-13,09:31:25,700,IC1704,CCFX,6554.4,6550.2,6556.6,182,238560920,19064,19170,7228,5914,6571,6555.8,0.0,6550.2,0,0,0,2017-04-13,34285700,6554.0,3,0,0,0,0,0,0,0,0,6555.2,1,0,0,0,0,0,0,0,0
155,2017-04-13,09:31:26,200,IC1704,CCFX,6554.4,6550.2,6556.6,182,238560920,19064,19170,7228,5914,6571,6555.8,0.0,6550.2,0,0,0,2017-04-13,34286200,6554.0,3,0,0,0,0,0,0,0,0,6554.8,1,0,0,0,0,0,0,0,0
156,2017-04-13,09:31:27,700,IC1704,CCFX,6554.4,6550.2,6556.6,182,238560920,19064,19170,7228,5914,6571,6555.8,0.0,6550.2,0,0,0,2017-04-13,34287700,6554.2,1,0,0,0,0,0,0,0,0,6554.8,1,0,0,0,0,0,0,0,0
157,2017-04-13,09:31:28,700,IC1704,CCFX,6554.4,6550.2,6556.6,182,238560920,19064,19170,7228,5914,6571,6555.8,0.0,6550.2,0,0,0,2017-04-13,34288700,6554.2,1,0,0,0,0,0,0,0,0,6555.0,1,0,0,0,0,0,0,0,0
158,2017-04-13,09:31:29,200,IC1704,CCFX,6554.4,6550.2,6556.6,182,238560920,19064,19170,7228,5914,6571,6555.8,0.0,6550.2,0,0,0,2017-04-13,34289200,6554.2,1,0,0,0,0,0,0,0,0,6555.0,1,0,0,0,0,0,0,0,0
159,2017-04-13,09:31:29,700,IC1704,CCFX,6554.4,6550.2,6556.6,182,238560920,19064,19170,7228,5914,6571,6555.8,0.0,6550.2,0,0,0,2017-04-13,34289700,6554.8,1,0,0,0,0,0,0,0,0,6555.0,1,0,0,0,0,0,0,0,0
160,2017-04-13,09:31:30,200,IC1704,CCFX,6554.8,6550.2,6556.6,186,243804840,19061,19170,7228,5914,6571,6555.8,0.0,6550.2,0,0,0,2017-04-13,34290200,6554.2,1,0,0,0,0,0,0,0,0,6557.0,2,0,0,0,0,0,0,0,0
161,2017-04-13,09:31:30,700,IC1704,CCFX,6554.6,6550.2,6556.6,187,245115760,19060,19170,7228,5914,6571,6555.8,0.0,6550.2,0,0,0,2017-04-13,34290700,6554.2,1,0,0,0,0,0,0,0,0,6556.8,1,0,0,0,0,0,0,0,0
162,2017-04-13,09:31:31,200,IC1704,CCFX,6554.6,6550.2,6556.6,187,245115760,19060,19170,7228,5914,6571,6555.8,0.0,6550.2,0,0,0,2017-04-13,34291200,6554.4,1,0,0,0,0,0,0,0,0,6556.6,1,0,0,0,0,0,0,0,0
163,2017-04-13,09:31:31,700,IC1704,CCFX,6554.6,6550.2,6556.6,187,245115760,19060,19170,7228,5914,6571,6555.8,0.0,6550.2,0,0,0,2017-04-13,34291700,6554.4,1,0,0,0,0,0,0,0,0,6556.8,1,0,0,0,0,0,0,0,0
164,2017-04-13,09:31:32,200,IC1704,CCFX,6554.6,6550.2,6556.6,187,245115760,19060,19170,7228,5914,6571,6555.8,0.0,6550.2,0,0,0,2017-04-13,34292200,6554.4,4,0,0,0,0,0,0,0,0,6556.4,3,0,0,0,0,0,0,0,0
165,2017-04-13,09:31:32,700,IC1704,CCFX,6556.2,6550.2,6556.6,188,246427000,19059,19170,7228,5914,6571,6555.8,0.0,6550.2,0,0,0,2017-04-13,34292700,6554.4,4,0,0,0,0,0,0,0,0,6556.4,3,0,0,0,0,0,0,0,0
166,2017-04-13,09:31:33,700,IC1704,CCFX,6556.2,6550.2,6556.6,188,246427000,19059,19170,7228,5914,6571,6555.8,0.0,6550.2,0,0,0,2017-04-13,34293700,6554.8,1,0,0,0,0,0,0,0,0,6556.4,3,0,0,0,0,0,0,0,0
167,2017-04-13,09:31:34,200,IC1704,CCFX,6556.2,6550.2,6556.6,188,246427000,19059,19170,7228,5914,6571,6555.8,0.0,6550.2,0,0,0,2017-04-13,34294200,6555.0,1,0,0,0,0,0,0,0,0,6556.4,3,0,0,0,0,0,0,0,0
168,2017-04-13,09:31:35,200,IC1704,CCFX,6556.2,6550.2,6556.6,188,246427000,19059,19170,7228,5914,6571,6555.8,0.0,6550.2,0,0,0,2017-04-13,34295200,6555.0,2,0,0,0,0,0,0,0,0,6556.4,2,0,0,0,0,0,0,0,0
169,2017-04-13,09:31:35,700,IC1704,CCFX,6556.2,6550.2,6556.6,188,246427000,19059,19170,7228,5914,6571,6555.8,0.0,6550.2,0,0,0,2017-04-13,34295700,6555.2,1,0,0,0,0,0,0,0,0,6556.4,2,0,0,0,0,0,0,0,0
170,2017-04-13,09:31:36,700,IC1704,CCFX,6556.4,6550.2,6556.6,190,249049560,19057,19170,7228,5914,6571,6555.8,0.0,6550.2,0,0,0,2017-04-13,34296700,6555.4,1,0,0,0,0,0,0,0,0,6557.0,2,0,0,0,0,0,0,0,0
171,2017-04-13,09:31:37,200,IC1704,CCFX,6556.4,6550.2,6556.6,190,249049560,19057,19170,7228,5914,6571,6555.8,0.0,6550.2,0,0,0,2017-04-13,34297200,6556.4,1,0,0,0,0,0,0,0,0,6557.0,2,0,0,0,0,0,0,0,0
172,2017-04-13,09:31:37,700,IC1704,CCFX,6556.4,6550.2,6556.6,190,249049560,19057,19170,7228,5914,6571,6555.8,0.0,6550.2,0,0,0,2017-04-13,34297700,6556.4,1,0,0,0,0,0,0,0,0,6557.0,2,0,0,0,0,0,0,0,0
173,2017-04-13,09:31:39,200,IC1704,CCFX,6556.4,6550.2,6556.6,191,250360840,19056,19170,7228,5914,6571,6555.8,0.0,6550.2,0,0,0,2017-04-13,34299200,6555.4,1,0,0,0,0,0,0,0,0,6557.0,2,0,0,0,0,0,0,0,0
174,2017-04-13,09:31:41,200,IC1704,CCFX,6557.0,6550.2,6557.0,192,251672240,19055,19170,7228,5914,6571,6555.8,0.0,6550.2,0,0,0,2017-04-13,34301200,6555.4,1,0,0,0,0,0,0,0,0,6557.0,1,0,0,0,0,0,0,0,0
175,2017-04-13,09:31:41,700,IC1704,CCFX,6557.0,6550.2,6557.0,193,252983640,19054,19170,7228,5914,6571,6555.8,0.0,6550.2,0,0,0,2017-04-13,34301700,6555.6,1,0,0,0,0,0,0,0,0,6558.0,1,0,0,0,0,0,0,0,0
176,2017-04-13,09:31:42,200,IC1704,CCFX,6555.6,6550.2,6557.0,194,254294760,19053,19170,7228,5914,6571,6555.8,0.0,6550.2,0,0,0,2017-04-13,34302200,6555.4,1,0,0,0,0,0,0,0,0,6557.8,1,0,0,0,0,0,0,0,0
177,2017-04-13,09:31:42,700,IC1704,CCFX,6555.6,6550.2,6557.0,194,254294760,19053,19170,7228,5914,6571,6555.8,0.0,6550.2,0,0,0,2017-04-13,34302700,6556.4,1,0,0,0,0,0,0,0,0,6557.8,1,0,0,0,0,0,0,0,0
178,2017-04-13,09:31:43,200,IC1704,CCFX,6555.6,6550.2,6557.0,194,254294760,19053,19170,7228,5914,6571,6555.8,0.0,6550.2,0,0,0,2017-04-13,34303200,6556.4,1,0,0,0,0,0,0,0,0,6558.0,1,0,0,0,0,0,0,0,0
179,2017-04-13,09:31:43,700,IC1704,CCFX,6555.6,6550.2,6557.0,194,254294760,19053,19170,7228,5914,6571,6555.8,0.0,6550.2,0,0,0,2017-04-13,34303700,6556.6,1,0,0,0,0,0,0,0,0,6557.6,1,0,0,0,0,0,0,0,0
180,2017-04-13,09:31:44,200,IC1704,CCFX,6555.6,6550.2,6557.0,194,254294760,19053,19170,7228,5914,6571,6555.8,0.0,6550.2,0,0,0,2017-04-13,34304200,6556.0,1,0,0,0,0,0,0,0,0,6557.6,1,0,0,0,0,0,0,0,0
181,2017-04-13,09:31:44,700,IC1704,CCFX,6555.6,6550.2,6557.0,194,254294760,19053,19170,7228,5914,6571,6555.8,0.0,6550.2,0,0,0,2017-04-13,34304700,6556.2,1,0,0,0,0,0,0,0,0,6557.6,1,0,0,0,0,0,0,0,0
182,2017-04-13,09:31:45,200,IC1704,CCFX,6556.4,6550.2,6557.0,196,256917320,19051,19170,7228,5914,6571,6555.8,0.0,6550.2,0,0,0,2017-04-13,34305200,6556.0,1,0,0,0,0,0,0,0,0,6557.6,1,0,0,0,0,0,0,0,0
183,2017-04-13,09:31:45,700,IC1704,CCFX,6556.4,6550.2,6557.0,196,256917320,19051,19170,7228,5914,6571,6555.8,0.0,6550.2,0,0,0,2017-04-13,34305700,6555.8,1,0,0,0,0,0,0,0,0,6557.6,1,0,0,0,0,0,0,0,0
184,2017-04-13,09:31:46,200,IC1704,CCFX,6556.4,6550.2,6557.0,196,256917320,19051,19170,7228,5914,6571,6555.8,0.0,6550.2,0,0,0,2017-04-13,34306200,6555.8,1,0,0,0,0,0,0,0,0,6557.6,1,0,0,0,0,0,0,0,0
185,2017-04-13,09:31:46,700,IC1704,CCFX,6557.6,6550.2,6557.6,198,259540000,19049,19170,7228,5914,6571,6555.8,0.0,6550.2,0,0,0,2017-04-13,34306700,6555.0,2,0,0,0,0,0,0,0,0,6558.0,1,0,0,0,0,0,0,0,0
186,2017-04-13,09:31:47,200,IC1704,CCFX,6557.6,6550.2,6557.6,199,260851520,19048,19170,7228,5914,6571,6555.8,0.0,6550.2,0,0,0,2017-04-13,34307200,6555.2,1,0,0,0,0,0,0,0,0,6557.8,1,0,0,0,0,0,0,0,0
187,2017-04-13,09:31:47,700,IC1704,CCFX,6558.0,6550.2,6558.0,200,262163120,19047,19170,7228,5914,6571,6555.8,0.0,6550.2,0,0,0,2017-04-13,34307700,6556.4,1,0,0,0,0,0,0,0,0,6557.6,1,0,0,0,0,0,0,0,0
188,2017-04-13,09:31:48,200,IC1704,CCFX,6558.0,6550.2,6558.0,200,262163120,19047,19170,7228,5914,6571,6555.8,0.0,6550.2,0,0,0,2017-04-13,34308200,6556.4,1,0,0,0,0,0,0,0,0,6557.6,1,0,0,0,0,0,0,0,0
189,2017-04-13,09:31:48,700,IC1704,CCFX,6557.6,6550.2,6558.0,202,264785920,19046,19170,7228,5914,6571,6555.8,0.0,6550.2,0,0,0,2017-04-13,34308700,6555.2,1,0,0,0,0,0,0,0,0,6558.2,7,0,0,0,0,0,0,0,0
190,2017-04-13,09:31:49,200,IC1704,CCFX,6557.6,6550.2,6558.0,202,264785920,19046,19170,7228,5914,6571,6555.8,0.0,6550.2,0,0,0,2017-04-13,34309200,6557.8,1,0,0,0,0,0,0,0,0,6558.0,1,0,0,0,0,0,0,0,0
191,2017-04-13,09:31:49,700,IC1704,CCFX,6557.8,6550.2,6558.0,203,266097480,19045,19170,7228,5914,6571,6555.8,0.0,6550.2,0,0,0,2017-04-13,34309700,6556.8,1,0,0,0,0,0,0,0,0,6558.2,7,0,0,0,0,0,0,0,0
192,2017-04-13,09:31:50,700,IC1704,CCFX,6557.8,6550.2,6558.0,203,266097480,19045,19170,7228,5914,6571,6555.8,0.0,6550.2,0,0,0,2017-04-13,34310700,6556.8,1,0,0,0,0,0,0,0,0,6558.0,1,0,0,0,0,0,0,0,0
193,2017-04-13,09:31:51,200,IC1704,CCFX,6557.8,6550.2,6558.0,203,266097480,19045,19170,7228,5914,6571,6555.8,0.0,6550.2,0,0,0,2017-04-13,34311200,6556.8,1,0,0,0,0,0,0,0,0,6558.0,1,0,0,0,0,0,0,0,0
194,2017-04-13,09:31:51,700,IC1704,CCFX,6558.0,6550.2,6558.0,204,267409080,19044,19170,7228,5914,6571,6555.8,0.0,6550.2,0,0,0,2017-04-13,34311700,6556.8,1,0,0,0,0,0,0,0,0,6557.4,1,0,0,0,0,0,0,0,0
195,2017-04-13,09:31:52,700,IC1704,CCFX,6556.8,6550.2,6558.0,205,268720440,19043,19170,7228,5914,6571,6555.8,0.0,6550.2,0,0,0,2017-04-13,34312700,6556.8,3,0,0,0,0,0,0,0,0,6557.4,1,0,0,0,0,0,0,0,0
196,2017-04-13,09:31:53,200,IC1704,CCFX,6556.8,6550.2,6558.0,205,268720440,19043,19170,7228,5914,6571,6555.8,0.0,6550.2,0,0,0,2017-04-13,34313200,6556.8,3,0,0,0,0,0,0,0,0,6557.4,1,0,0,0,0,0,0,0,0
197,2017-04-13,09:31:54,200,IC1704,CCFX,6556.8,6550.2,6558.0,205,268720440,19043,19170,7228,5914,6571,6555.8,0.0,6550.2,0,0,0,2017-04-13,34314200,6556.8,3,0,0,0,0,0,0,0,0,6557.4,1,0,0,0,0,0,0,0,0
198,2017-04-13,09:31:55,200,IC1704,CCFX,6556.8,6550.2,6558.0,207,271343280,19041,19170,7228,5914,6571,6555.8,0.0,6550.2,0,0,0,2017-04-13,34315200,6556.8,2,0,0,0,0,0,0,0,0,6558.2,7,0,0,0,0,0,0,0,0
199,2017-04-13,09:31:55,700,IC1704,CCFX,6556.8,6550.2,6558.0,207,271343280,19041,19170,7228,5914,6571,6555.8,0.0,6550.2,0,0,0,2017-04-13,34315700,6556.8,2,0,0,0,0,0,0,0,0,6558.0,1,0,0,0,0,0,0,0,0
200,2017-04-13,09:31:56,700,IC1704,CCFX,6556.8,6550.2,6558.0,209,273966000,19043,19170,7228,5914,6571,6555.8,0.0,6550.2,0,0,0,2017-04-13,34316700,6556.6,1,0,0,0,0,0,0,0,0,6558.0,1,0,0,0,0,0,0,0,0
201,2017-04-13,09:31:57,200,IC1704,CCFX,6556.8,6550.2,6558.0,209,273966000,19043,19170,7228,5914,6571,6555.8,0.0,6550.2,0,0,0,2017-04-13,34317200,6556.6,1,0,0,0,0,0,0,0,0,6558.0,2,0,0,0,0,0,0,0,0
202,2017-04-13,09:31:57,700,IC1704,CCFX,6556.8,6550.2,6558.0,209,273966000,19043,19170,7228,5914,6571,6555.8,0.0,6550.2,0,0,0,2017-04-13,34317700,6556.6,1,0,0,0,0,0,0,0,0,6558.0,2,0,0,0,0,0,0,0,0
203,2017-04-13,09:31:58,200,IC1704,CCFX,6556.8,6550.2,6558.0,209,273966000,19043,19170,7228,5914,6571,6555.8,0.0,6550.2,0,0,0,2017-04-13,34318200,6556.6,1,0,0,0,0,0,0,0,0,6558.0,2,0,0,0,0,0,0,0,0
204,2017-04-13,09:31:58,700,IC1704,CCFX,6556.8,6550.2,6558.0,209,273966000,19043,19170,7228,5914,6571,6555.8,0.0,6550.2,0,0,0,2017-04-13,34318700,6556.6,1,0,0,0,0,0,0,0,0,6558.0,2,0,0,0,0,0,0,0,0
205,2017-04-13,09:31:59,200,IC1704,CCFX,6556.8,6550.2,6558.0,209,273966000,19043,19170,7228,5914,6571,6555.8,0.0,6550.2,0,0,0,2017-04-13,34319200,6556.6,1,0,0,0,0,0,0,0,0,6558.0,2,0,0,0,0,0,0,0,0
206,2017-04-13,09:32:00,700,IC1704,CCFX,6556.6,6550.2,6558.0,210,275277320,19042,19170,7228,5914,6571,6555.8,0.0,6550.2,0,0,0,2017-04-13,34320700,6555.6,2,0,0,0,0,0,0,0,0,6558.0,2,0,0,0,0,0,0,0,0
207,2017-04-13,09:32:01,200,IC1704,CCFX,6557.8,6550.2,6558.0,211,276588880,19041,19170,7228,5914,6571,6555.8,0.0,6550.2,0,0,0,2017-04-13,34321200,6555.8,1,0,0,0,0,0,0,0,0,6557.6,1,0,0,0,0,0,0,0,0
208,2017-04-13,09:32:01,700,IC1704,CCFX,6557.8,6550.2,6558.0,211,276588880,19041,19170,7228,5914,6571,6555.8,0.0,6550.2,0,0,0,2017-04-13,34321700,6555.8,1,0,0,0,0,0,0,0,0,6557.6,1,0,0,0,0,0,0,0,0
209,2017-04-13,09:32:04,200,IC1704,CCFX,6557.8,6550.2,6558.0,211,276588880,19041,19170,7228,5914,6571,6555.8,0.0,6550.2,0,0,0,2017-04-13,34324200,6555.8,1,0,0,0,0,0,0,0,0,6557.6,1,0,0,0,0,0,0,0,0
210,2017-04-13,09:32:04,700,IC1704,CCFX,6557.8,6550.2,6558.0,211,276588880,19041,19170,7228,5914,6571,6555.8,0.0,6550.2,0,0,0,2017-04-13,34324700,6555.8,1,0,0,0,0,0,0,0,0,6557.6,1,0,0,0,0,0,0,0,0
211,2017-04-13,09:32:05,200,IC1704,CCFX,6557.8,6550.2,6558.0,211,276588880,19041,19170,7228,5914,6571,6555.8,0.0,6550.2,0,0,0,2017-04-13,34325200,6555.8,1,0,0,0,0,0,0,0,0,6557.6,1,0,0,0,0,0,0,0,0
212,2017-04-13,09:32:05,700,IC1704,CCFX,6557.8,6550.2,6558.0,211,276588880,19041,19170,7228,5914,6571,6555.8,0.0,6550.2,0,0,0,2017-04-13,34325700,6556.0,1,0,0,0,0,0,0,0,0,6557.6,1,0,0,0,0,0,0,0,0
213,2017-04-13,09:32:06,200,IC1704,CCFX,6557.6,6550.2,6558.0,212,277900400,19040,19170,7228,5914,6571,6555.8,0.0,6550.2,0,0,0,2017-04-13,34326200,6556.2,1,0,0,0,0,0,0,0,0,6558.0,1,0,0,0,0,0,0,0,0
214,2017-04-13,09:32:06,700,IC1704,CCFX,6557.6,6550.2,6558.0,212,277900400,19040,19170,7228,5914,6571,6555.8,0.0,6550.2,0,0,0,2017-04-13,34326700,6556.4,1,0,0,0,0,0,0,0,0,6558.0,1,0,0,0,0,0,0,0,0
215,2017-04-13,09:32:07,200,IC1704,CCFX,6556.2,6550.2,6558.0,214,280522920,19040,19170,7228,5914,6571,6555.8,0.0,6550.2,0,0,0,2017-04-13,34327200,6555.8,3,0,0,0,0,0,0,0,0,6558.2,7,0,0,0,0,0,0,0,0
216,2017-04-13,09:32:07,700,IC1704,CCFX,6556.2,6550.2,6558.0,214,280522920,19040,19170,7228,5914,6571,6555.8,0.0,6550.2,0,0,0,2017-04-13,34327700,6555.8,3,0,0,0,0,0,0,0,0,6556.2,1,0,0,0,0,0,0,0,0
217,2017-04-13,09:32:08,200,IC1704,CCFX,6556.2,6550.2,6558.0,214,280522920,19040,19170,7228,5914,6571,6555.8,0.0,6550.2,0,0,0,2017-04-13,34328200,6555.8,3,0,0,0,0,0,0,0,0,6557.8,2,0,0,0,0,0,0,0,0
218,2017-04-13,09:32:08,700,IC1704,CCFX,6556.2,6550.2,6558.0,214,280522920,19040,19170,7228,5914,6571,6555.8,0.0,6550.2,0,0,0,2017-04-13,34328700,6555.8,3,0,0,0,0,0,0,0,0,6556.2,1,0,0,0,0,0,0,0,0
219,2017-04-13,09:32:09,200,IC1704,CCFX,6556.2,6550.2,6558.0,214,280522920,19040,19170,7228,5914,6571,6555.8,0.0,6550.2,0,0,0,2017-04-13,34329200,6555.8,3,0,0,0,0,0,0,0,0,6557.6,1,0,0,0,0,0,0,0,0
220,2017-04-13,09:32:09,700,IC1704,CCFX,6556.2,6550.2,6558.0,214,280522920,19040,19170,7228,5914,6571,6555.8,0.0,6550.2,0,0,0,2017-04-13,34329700,6555.8,3,0,0,0,0,0,0,0,0,6557.6,1,0,0,0,0,0,0,0,0
221,2017-04-13,09:32:10,200,IC1704,CCFX,6556.2,6550.2,6558.0,214,280522920,19040,19170,7228,5914,6571,6555.8,0.0,6550.2,0,0,0,2017-04-13,34330200,6555.8,3,0,0,0,0,0,0,0,0,6557.8,2,0,0,0,0,0,0,0,0
222,2017-04-13,09:32:10,700,IC1704,CCFX,6556.2,6550.2,6558.0,214,280522920,19040,19170,7228,5914,6571,6555.8,0.0,6550.2,0,0,0,2017-04-13,34330700,6556.0,1,0,0,0,0,0,0,0,0,6557.8,2,0,0,0,0,0,0,0,0
223,2017-04-13,09:32:11,200,IC1704,CCFX,6556.2,6550.2,6558.0,214,280522920,19040,19170,7228,5914,6571,6555.8,0.0,6550.2,0,0,0,2017-04-13,34331200,6556.0,1,0,0,0,0,0,0,0,0,6557.8,2,0,0,0,0,0,0,0,0
224,2017-04-13,09:32:12,200,IC1704,CCFX,6556.2,6550.2,6558.0,214,280522920,19040,19170,7228,5914,6571,6555.8,0.0,6550.2,0,0,0,2017-04-13,34332200,6556.0,1,0,0,0,0,0,0,0,0,6557.8,2,0,0,0,0,0,0,0,0
225,2017-04-13,09:32:12,700,IC1704,CCFX,6556.2,6550.2,6558.0,214,280522920,19040,19170,7228,5914,6571,6555.8,0.0,6550.2,0,0,0,2017-04-13,34332700,6556.0,3,0,0,0,0,0,0,0,0,6557.8,2,0,0,0,0,0,0,0,0
226,2017-04-13,09:32:13,200,IC1704,CCFX,6557.8,6550.2,6558.0,215,281834480,19039,19170,7228,5914,6571,6555.8,0.0,6550.2,0,0,0,2017-04-13,34333200,6556.0,3,0,0,0,0,0,0,0,0,6557.8,1,0,0,0,0,0,0,0,0
227,2017-04-13,09:32:13,700,IC1704,CCFX,6557.8,6550.2,6558.0,215,281834480,19039,19170,7228,5914,6571,6555.8,0.0,6550.2,0,0,0,2017-04-13,34333700,6556.0,3,0,0,0,0,0,0,0,0,6557.6,1,0,0,0,0,0,0,0,0
228,2017-04-13,09:32:14,200,IC1704,CCFX,6557.6,6550.2,6558.0,216,283146000,19038,19170,7228,5914,6571,6555.8,0.0,6550.2,0,0,0,2017-04-13,34334200,6557.6,1,0,0,0,0,0,0,0,0,6557.8,1,0,0,0,0,0,0,0,0
229,2017-04-13,09:32:14,700,IC1704,CCFX,6557.8,6550.2,6558.0,217,284457560,19037,19170,7228,5914,6571,6555.8,0.0,6550.2,0,0,0,2017-04-13,34334700,6557.6,1,0,0,0,0,0,0,0,0,6558.2,7,0,0,0,0,0,0,0,0
230,2017-04-13,09:32:15,200,IC1704,CCFX,6557.6,6550.2,6558.2,221,289703840,19033,19170,7228,5914,6571,6555.8,0.0,6550.2,0,0,0,2017-04-13,34335200,6556.0,2,0,0,0,0,0,0,0,0,6556.8,2,0,0,0,0,0,0,0,0
231,2017-04-13,09:32:15,700,IC1704,CCFX,6556.8,6550.2,6558.2,223,292326560,19031,19170,7228,5914,6571,6555.8,0.0,6550.2,0,0,0,2017-04-13,34335700,6556.8,3,0,0,0,0,0,0,0,0,6558.2,7,0,0,0,0,0,0,0,0
232,2017-04-13,09:32:16,200,IC1704,CCFX,6558.2,6550.2,6558.2,224,293638200,19030,19170,7228,5914,6571,6555.8,0.0,6550.2,0,0,0,2017-04-13,34336200,6556.8,3,0,0,0,0,0,0,0,0,6558.2,6,0,0,0,0,0,0,0,0
233,2017-04-13,09:32:16,700,IC1704,CCFX,6558.2,6550.2,6558.2,224,293638200,19030,19170,7228,5914,6571,6555.8,0.0,6550.2,0,0,0,2017-04-13,34336700,6556.8,3,0,0,0,0,0,0,0,0,6557.6,1,0,0,0,0,0,0,0,0
234,2017-04-13,09:32:17,700,IC1704,CCFX,6557.6,6550.2,6558.2,225,294949720,19030,19170,7228,5914,6571,6555.8,0.0,6550.2,0,0,0,2017-04-13,34337700,6557.0,1,0,0,0,0,0,0,0,0,6558.2,6,0,0,0,0,0,0,0,0
235,2017-04-13,09:32:18,200,IC1704,CCFX,6557.6,6550.2,6558.2,225,294949720,19030,19170,7228,5914,6571,6555.8,0.0,6550.2,0,0,0,2017-04-13,34338200,6557.0,1,0,0,0,0,0,0,0,0,6558.2,6,0,0,0,0,0,0,0,0
236,2017-04-13,09:32:19,200,IC1704,CCFX,6557.0,6550.2,6558.2,226,296261120,19030,19170,7228,5914,6571,6555.8,0.0,6550.2,0,0,0,2017-04-13,34339200,6556.8,1,0,0,0,0,0,0,0,0,6558.2,6,0,0,0,0,0,0,0,0
237,2017-04-13,09:32:19,700,IC1704,CCFX,6557.0,6550.2,6558.2,226,296261120,19030,19170,7228,5914,6571,6555.8,0.0,6550.2,0,0,0,2017-04-13,34339700,6556.0,2,0,0,0,0,0,0,0,0,6558.2,6,0,0,0,0,0,0,0,0
238,2017-04-13,09:32:21,200,IC1704,CCFX,6558.2,6550.2,6558.2,232,304130960,19024,19170,7228,5914,6571,6555.8,0.0,6550.2,0,0,0,2017-04-13,34341200,6558.2,6,0,0,0,0,0,0,0,0,6559.6,14,0,0,0,0,0,0,0,0
239,2017-04-13,09:32:21,700,IC1704,CCFX,6558.2,6550.2,6558.2,232,304130960,19024,19170,7228,5914,6571,6555.8,0.0,6550.2,0,0,0,2017-04-13,34341700,6558.2,6,0,0,0,0,0,0,0,0,6559.6,14,0,0,0,0,0,0,0,0
240,2017-04-13,09:32:22,200,IC1704,CCFX,6559.6,6550.2,6559.6,240,314626320,19016,19170,7228,5914,6571,6555.8,0.0,6550.2,0,0,0,2017-04-13,34342200,6556.2,4,0,0,0,0,0,0,0,0,6559.6,6,0,0,0,0,0,0,0,0
241,2017-04-13,09:32:22,700,IC1704,CCFX,6559.2,6550.2,6559.6,241,315938160,19016,19170,7228,5914,6571,6555.8,0.0,6550.2,0,0,0,2017-04-13,34342700,6556.4,4,0,0,0,0,0,0,0,0,6559.4,1,0,0,0,0,0,0,0,0
242,2017-04-13,09:32:23,200,IC1704,CCFX,6559.6,6550.2,6559.6,243,318561960,19014,19170,7228,5914,6571,6555.8,0.0,6550.2,0,0,0,2017-04-13,34343200,6556.4,3,0,0,0,0,0,0,0,0,6559.6,5,0,0,0,0,0,0,0,0
243,2017-04-13,09:32:23,700,IC1704,CCFX,6559.6,6550.2,6559.6,244,319873880,19013,19170,7228,5914,6571,6555.8,0.0,6550.2,0,0,0,2017-04-13,34343700,6557.6,1,0,0,0,0,0,0,0,0,6559.6,4,0,0,0,0,0,0,0,0
244,2017-04-13,09:32:24,200,IC1704,CCFX,6559.6,6550.2,6559.6,244,319873880,19013,19170,7228,5914,6571,6555.8,0.0,6550.2,0,0,0,2017-04-13,34344200,6557.8,1,0,0,0,0,0,0,0,0,6559.6,4,0,0,0,0,0,0,0,0
245,2017-04-13,09:32:24,700,IC1704,CCFX,6559.6,6550.2,6559.6,245,321185800,19013,19170,7228,5914,6571,6555.8,0.0,6550.2,0,0,0,2017-04-13,34344700,6557.8,1,0,0,0,0,0,0,0,0,6559.6,3,0,0,0,0,0,0,0,0
246,2017-04-13,09:32:25,200,IC1704,CCFX,6559.6,6550.2,6559.6,246,322497720,19012,19170,7228,5914,6571,6555.8,0.0,6550.2,0,0,0,2017-04-13,34345200,6557.8,1,0,0,0,0,0,0,0,0,6559.6,2,0,0,0,0,0,0,0,0
247,2017-04-13,09:32:26,200,IC1704,CCFX,6559.6,6550.2,6559.6,246,322497720,19012,19170,7228,5914,6571,6555.8,0.0,6550.2,0,0,0,2017-04-13,34346200,6558.0,1,0,0,0,0,0,0,0,0,6559.6,2,0,0,0,0,0,0,0,0
248,2017-04-13,09:32:26,700,IC1704,CCFX,6559.6,6550.2,6559.6,248,325121560,19010,19170,7228,5914,6571,6555.8,0.0,6550.2,0,0,0,2017-04-13,34346700,6558.2,1,0,0,0,0,0,0,0,0,6559.6,1,0,0,0,0,0,0,0,0
249,2017-04-13,09:32:27,200,IC1704,CCFX,6559.6,6550.2,6559.6,248,325121560,19010,19170,7228,5914,6571,6555.8,0.0,6550.2,0,0,0,2017-04-13,34347200,6558.2,1,0,0,0,0,0,0,0,0,6559.6,1,0,0,0,0,0,0,0,0
250,2017-04-13,09:32:27,700,IC1704,CCFX,6559.6,6550.2,6559.6,248,325121560,19010,19170,7228,5914,6571,6555.8,0.0,6550.2,0,0,0,2017-04-13,34347700,6558.4,1,0,0,0,0,0,0,0,0,6559.6,2,0,0,0,0,0,0,0,0
251,2017-04-13,09:32:28,200,IC1704,CCFX,6559.6,6550.2,6559.6,249,326433480,19009,19170,7228,5914,6571,6555.8,0.0,6550.2,0,0,0,2017-04-13,34348200,6558.4,1,0,0,0,0,0,0,0,0,6559.6,1,0,0,0,0,0,0,0,0
252,2017-04-13,09:32:28,700,IC1704,CCFX,6559.6,6550.2,6559.6,250,327745400,19008,19170,7228,5914,6571,6555.8,0.0,6550.2,0,0,0,2017-04-13,34348700,6558.4,1,0,0,0,0,0,0,0,0,6562.8,4,0,0,0,0,0,0,0,0
253,2017-04-13,09:32:29,200,IC1704,CCFX,6559.6,6550.2,6559.6,250,327745400,19008,19170,7228,5914,6571,6555.8,0.0,6550.2,0,0,0,2017-04-13,34349200,6558.8,1,0,0,0,0,0,0,0,0,6562.2,1,0,0,0,0,0,0,0,0
254,2017-04-13,09:32:29,700,IC1704,CCFX,6559.6,6550.2,6559.6,250,327745400,19008,19170,7228,5914,6571,6555.8,0.0,6550.2,0,0,0,2017-04-13,34349700,6559.0,1,0,0,0,0,0,0,0,0,6562.0,1,0,0,0,0,0,0,0,0
255,2017-04-13,09:32:30,200,IC1704,CCFX,6559.6,6550.2,6559.6,250,327745400,19008,19170,7228,5914,6571,6555.8,0.0,6550.2,0,0,0,2017-04-13,34350200,6559.0,1,0,0,0,0,0,0,0,0,6562.0,1,0,0,0,0,0,0,0,0
256,2017-04-13,09:32:30,700,IC1704,CCFX,6559.6,6550.2,6559.6,250,327745400,19008,19170,7228,5914,6571,6555.8,0.0,6550.2,0,0,0,2017-04-13,34350700,6559.0,1,0,0,0,0,0,0,0,0,6562.0,1,0,0,0,0,0,0,0,0
257,2017-04-13,09:32:31,700,IC1704,CCFX,6559.6,6550.2,6559.6,250,327745400,19008,19170,7228,5914,6571,6555.8,0.0,6550.2,0,0,0,2017-04-13,34351700,6559.0,1,0,0,0,0,0,0,0,0,6562.0,1,0,0,0,0,0,0,0,0
258,2017-04-13,09:32:32,200,IC1704,CCFX,6561.6,6550.2,6561.6,251,329057720,19008,19170,7228,5914,6571,6555.8,0.0,6550.2,0,0,0,2017-04-13,34352200,6559.4,1,0,0,0,0,0,0,0,0,6562.0,1,0,0,0,0,0,0,0,0
259,2017-04-13,09:32:32,700,IC1704,CCFX,6561.6,6550.2,6561.6,251,329057720,19008,19170,7228,5914,6571,6555.8,0.0,6550.2,0,0,0,2017-04-13,34352700,6559.4,1,0,0,0,0,0,0,0,0,6562.0,1,0,0,0,0,0,0,0,0
260,2017-04-13,09:32:33,200,IC1704,CCFX,6559.4,6550.2,6561.6,252,330369600,19007,19170,7228,5914,6571,6555.8,0.0,6550.2,0,0,0,2017-04-13,34353200,6559.4,2,0,0,0,0,0,0,0,0,6562.0,1,0,0,0,0,0,0,0,0
261,2017-04-13,09:32:33,700,IC1704,CCFX,6562.0,6550.2,6562.0,253,331682000,19006,19170,7228,5914,6571,6555.8,0.0,6550.2,0,0,0,2017-04-13,34353700,6559.6,1,0,0,0,0,0,0,0,0,6562.8,4,0,0,0,0,0,0,0,0
262,2017-04-13,09:32:34,200,IC1704,CCFX,6559.8,6550.2,6562.0,255,334305920,19004,19170,7228,5914,6571,6555.8,0.0,6550.2,0,0,0,2017-04-13,34354200,6559.4,2,0,0,0,0,0,0,0,0,6562.4,1,0,0,0,0,0,0,0,0
263,2017-04-13,09:32:34,700,IC1704,CCFX,6561.8,6550.2,6562.0,256,335618280,19003,19170,7228,5914,6571,6555.8,0.0,6550.2,0,0,0,2017-04-13,34354700,6560.4,1,0,0,0,0,0,0,0,0,6562.2,2,0,0,0,0,0,0,0,0
264,2017-04-13,09:32:35,200,IC1704,CCFX,6561.8,6550.2,6562.0,256,335618280,19003,19170,7228,5914,6571,6555.8,0.0,6550.2,0,0,0,2017-04-13,34355200,6562.0,1,0,0,0,0,0,0,0,0,6562.4,1,0,0,0,0,0,0,0,0
265,2017-04-13,09:32:35,700,IC1704,CCFX,6561.8,6550.2,6562.0,257,336930640,19002,19170,7228,5914,6571,6555.8,0.0,6550.2,0,0,0,2017-04-13,34355700,6559.8,6,0,0,0,0,0,0,0,0,6562.2,1,0,0,0,0,0,0,0,0
266,2017-04-13,09:32:36,700,IC1704,CCFX,6561.8,6550.2,6562.0,257,336930640,19002,19170,7228,5914,6571,6555.8,0.0,6550.2,0,0,0,2017-04-13,34356700,6559.8,7,0,0,0,0,0,0,0,0,6561.4,1,0,0,0,0,0,0,0,0
267,2017-04-13,09:32:37,200,IC1704,CCFX,6561.8,6550.2,6562.0,257,336930640,19002,19170,7228,5914,6571,6555.8,0.0,6550.2,0,0,0,2017-04-13,34357200,6559.8,7,0,0,0,0,0,0,0,0,6561.4,1,0,0,0,0,0,0,0,0
268,2017-04-13,09:32:37,700,IC1704,CCFX,6561.8,6550.2,6562.0,257,336930640,19002,19170,7228,5914,6571,6555.8,0.0,6550.2,0,0,0,2017-04-13,34357700,6559.8,8,0,0,0,0,0,0,0,0,6561.4,1,0,0,0,0,0,0,0,0
269,2017-04-13,09:32:38,200,IC1704,CCFX,6561.8,6550.2,6562.0,257,336930640,19002,19170,7228,5914,6571,6555.8,0.0,6550.2,0,0,0,2017-04-13,34358200,6559.8,10,0,0,0,0,0,0,0,0,6561.2,1,0,0,0,0,0,0,0,0
270,2017-04-13,09:32:38,700,IC1704,CCFX,6561.8,6550.2,6562.0,258,338243000,19001,19170,7228,5914,6571,6555.8,0.0,6550.2,0,0,0,2017-04-13,34358700,6559.8,10,0,0,0,0,0,0,0,0,6561.4,1,0,0,0,0,0,0,0,0
271,2017-04-13,09:32:40,200,IC1704,CCFX,6561.8,6550.2,6562.0,258,338243000,19001,19170,7228,5914,6571,6555.8,0.0,6550.2,0,0,0,2017-04-13,34360200,6559.8,10,0,0,0,0,0,0,0,0,6561.4,1,0,0,0,0,0,0,0,0
272,2017-04-13,09:32:40,700,IC1704,CCFX,6561.8,6550.2,6562.0,258,338243000,19001,19170,7228,5914,6571,6555.8,0.0,6550.2,0,0,0,2017-04-13,34360700,6559.8,11,0,0,0,0,0,0,0,0,6561.4,1,0,0,0,0,0,0,0,0
273,2017-04-13,09:32:41,200,IC1704,CCFX,6561.8,6550.2,6562.0,258,338243000,19001,19170,7228,5914,6571,6555.8,0.0,6550.2,0,0,0,2017-04-13,34361200,6561.2,1,0,0,0,0,0,0,0,0,6561.4,1,0,0,0,0,0,0,0,0
274,2017-04-13,09:32:41,700,IC1704,CCFX,6561.2,6550.2,6562.0,259,339555240,19000,19170,7228,5914,6571,6555.8,0.0,6550.2,0,0,0,2017-04-13,34361700,6561.2,2,0,0,0,0,0,0,0,0,6561.4,1,0,0,0,0,0,0,0,0
275,2017-04-13,09:32:42,200,IC1704,CCFX,6561.2,6550.2,6562.0,260,340867480,18999,19170,7228,5914,6571,6555.8,0.0,6550.2,0,0,0,2017-04-13,34362200,6561.2,4,0,0,0,0,0,0,0,0,6561.4,1,0,0,0,0,0,0,0,0
276,2017-04-13,09:32:43,700,IC1704,CCFX,6561.2,6550.2,6562.0,260,340867480,18999,19170,7228,5914,6571,6555.8,0.0,6550.2,0,0,0,2017-04-13,34363700,6561.2,6,0,0,0,0,0,0,0,0,6561.4,1,0,0,0,0,0,0,0,0
277,2017-04-13,09:32:44,200,IC1704,CCFX,6561.4,6550.2,6562.0,261,342179760,18998,19170,7228,5914,6571,6555.8,0.0,6550.2,0,0,0,2017-04-13,34364200,6561.4,1,0,0,0,0,0,0,0,0,6561.6,1,0,0,0,0,0,0,0,0
278,2017-04-13,09:32:44,700,IC1704,CCFX,6561.2,6550.2,6562.0,266,348741080,18994,19170,7228,5914,6571,6555.8,0.0,6550.2,0,0,0,2017-04-13,34364700,6559.8,6,0,0,0,0,0,0,0,0,6561.2,1,0,0,0,0,0,0,0,0
279,2017-04-13,09:32:45,200,IC1704,CCFX,6561.2,6550.2,6562.0,267,350053320,18993,19170,7228,5914,6571,6555.8,0.0,6550.2,0,0,0,2017-04-13,34365200,6561.4,1,0,0,0,0,0,0,0,0,6562.0,1,0,0,0,0,0,0,0,0
280,2017-04-13,09:32:45,700,IC1704,CCFX,6562.0,6550.2,6562.0,268,351365720,18992,19170,7228,5914,6571,6555.8,0.0,6550.2,0,0,0,2017-04-13,34365700,6562.0,1,0,0,0,0,0,0,0,0,6562.8,4,0,0,0,0,0,0,0,0
281,2017-04-13,09:32:46,200,IC1704,CCFX,6562.0,6550.2,6562.8,271,355303080,18989,19170,7228,5914,6571,6555.8,0.0,6550.2,0,0,0,2017-04-13,34366200,6561.4,1,0,0,0,0,0,0,0,0,6562.8,3,0,0,0,0,0,0,0,0
282,2017-04-13,09:32:46,700,IC1704,CCFX,6561.4,6550.2,6562.8,273,357927920,18988,19170,7228,5914,6571,6555.8,0.0,6550.2,0,0,0,2017-04-13,34366700,6561.4,3,0,0,0,0,0,0,0,0,6562.8,2,0,0,0,0,0,0,0,0
283,2017-04-13,09:32:47,200,IC1704,CCFX,6561.4,6550.2,6562.8,274,359240200,18988,19170,7228,5914,6571,6555.8,0.0,6550.2,0,0,0,2017-04-13,34367200,6561.4,3,0,0,0,0,0,0,0,0,6562.8,2,0,0,0,0,0,0,0,0
284,2017-04-13,09:32:48,200,IC1704,CCFX,6561.4,6550.2,6562.8,274,359240200,18988,19170,7228,5914,6571,6555.8,0.0,6550.2,0,0,0,2017-04-13,34368200,6561.4,3,0,0,0,0,0,0,0,0,6562.8,2,0,0,0,0,0,0,0,0
285,2017-04-13,09:32:49,700,IC1704,CCFX,6561.4,6550.2,6562.8,274,359240200,18988,19170,7228,5914,6571,6555.8,0.0,6550.2,0,0,0,2017-04-13,34369700,6561.8,1,0,0,0,0,0,0,0,0,6562.8,2,0,0,0,0,0,0,0,0
286,2017-04-13,09:32:50,700,IC1704,CCFX,6562.8,6550.2,6562.8,275,360552760,18987,19170,7228,5914,6571,6555.8,0.0,6550.2,0,0,0,2017-04-13,34370700,6561.8,1,0,0,0,0,0,0,0,0,6562.8,1,0,0,0,0,0,0,0,0
287,2017-04-13,09:32:51,200,IC1704,CCFX,6562.8,6550.2,6562.8,276,361865320,18986,19170,7228,5914,6571,6555.8,0.0,6550.2,0,0,0,2017-04-13,34371200,6561.8,1,0,0,0,0,0,0,0,0,6564.0,1,0,0,0,0,0,0,0,0
288,2017-04-13,09:32:51,700,IC1704,CCFX,6561.8,6550.2,6562.8,277,363177680,18985,19170,7228,5914,6571,6555.8,0.0,6550.2,0,0,0,2017-04-13,34371700,6561.4,3,0,0,0,0,0,0,0,0,6563.8,1,0,0,0,0,0,0,0,0
289,2017-04-13,09:32:54,200,IC1704,CCFX,6561.4,6550.2,6562.8,278,364489960,18985,19170,7228,5914,6571,6555.8,0.0,6550.2,0,0,0,2017-04-13,34374200,6561.4,2,0,0,0,0,0,0,0,0,6563.6,1,0,0,0,0,0,0,0,0
290,2017-04-13,09:32:54,700,IC1704,CCFX,6561.4,6550.2,6562.8,278,364489960,18985,19170,7228,5914,6571,6555.8,0.0,6550.2,0,0,0,2017-04-13,34374700,6561.4,2,0,0,0,0,0,0,0,0,6563.4,1,0,0,0,0,0,0,0,0
291,2017-04-13,09:32:55,200,IC1704,CCFX,6561.4,6550.2,6562.8,278,364489960,18985,19170,7228,5914,6571,6555.8,0.0,6550.2,0,0,0,2017-04-13,34375200,6561.4,2,0,0,0,0,0,0,0,0,6563.2,1,0,0,0,0,0,0,0,0
292,2017-04-13,09:32:55,700,IC1704,CCFX,6561.4,6550.2,6562.8,278,364489960,18985,19170,7228,5914,6571,6555.8,0.0,6550.2,0,0,0,2017-04-13,34375700,6561.4,2,0,0,0,0,0,0,0,0,6562.8,1,0,0,0,0,0,0,0,0
293,2017-04-13,09:32:56,200,IC1704,CCFX,6561.4,6550.2,6562.8,279,365802240,18985,19170,7228,5914,6571,6555.8,0.0,6550.2,0,0,0,2017-04-13,34376200,6561.4,1,0,0,0,0,0,0,0,0,6562.8,1,0,0,0,0,0,0,0,0
294,2017-04-13,09:32:56,700,IC1704,CCFX,6561.4,6550.2,6562.8,280,367114520,18984,19170,7228,5914,6571,6555.8,0.0,6550.2,0,0,0,2017-04-13,34376700,6559.8,1,0,0,0,0,0,0,0,0,6562.6,1,0,0,0,0,0,0,0,0
295,2017-04-13,09:32:57,200,IC1704,CCFX,6561.4,6550.2,6562.8,280,367114520,18984,19170,7228,5914,6571,6555.8,0.0,6550.2,0,0,0,2017-04-13,34377200,6559.8,1,0,0,0,0,0,0,0,0,6562.2,1,0,0,0,0,0,0,0,0
296,2017-04-13,09:32:57,700,IC1704,CCFX,6561.4,6550.2,6562.8,280,367114520,18984,19170,7228,5914,6571,6555.8,0.0,6550.2,0,0,0,2017-04-13,34377700,6556.8,2,0,0,0,0,0,0,0,0,6561.4,1,0,0,0,0,0,0,0,0
297,2017-04-13,09:32:58,200,IC1704,CCFX,6561.4,6550.2,6562.8,281,368426800,18983,19170,7228,5914,6571,6555.8,0.0,6550.2,0,0,0,2017-04-13,34378200,6560.0,1,0,0,0,0,0,0,0,0,6561.0,1,0,0,0,0,0,0,0,0
298,2017-04-13,09:32:58,700,IC1704,CCFX,6561.4,6550.2,6562.8,283,371051360,18981,19170,7228,5914,6571,6555.8,0.0,6550.2,0,0,0,2017-04-13,34378700,6560.0,1,0,0,0,0,0,0,0,0,6561.4,1,0,0,0,0,0,0,0,0
299,2017-04-13,09:32:59,200,IC1704,CCFX,6561.4,6550.2,6562.8,285,373675920,18979,19170,7228,5914,6571,6555.8,0.0,6550.2,0,0,0,2017-04-13,34379200,6560.0,2,0,0,0,0,0,0,0,0,6561.2,1,0,0,0,0,0,0,0,0
300,2017-04-13,09:32:59,700,IC1704,CCFX,6561.4,6550.2,6562.8,285,373675920,18979,19170,7228,5914,6571,6555.8,0.0,6550.2,0,0,0,2017-04-13,34379700,6560.0,2,0,0,0,0,0,0,0,0,6561.2,1,0,0,0,0,0,0,0,0
301,2017-04-13,09:33:00,200,IC1704,CCFX,6561.4,6550.2,6562.8,285,373675920,18979,19170,7228,5914,6571,6555.8,0.0,6550.2,0,0,0,2017-04-13,34380200,6561.4,2,0,0,0,0,0,0,0,0,6562.0,1,0,0,0,0,0,0,0,0
302,2017-04-13,09:33:00,700,IC1704,CCFX,6560.0,6550.2,6562.8,289,378924760,18975,19170,7228,5914,6571,6555.8,0.0,6550.2,0,0,0,2017-04-13,34380700,6561.6,1,0,0,0,0,0,0,0,0,6562.0,1,0,0,0,0,0,0,0,0
303,2017-04-13,09:33:01,200,IC1704,CCFX,6561.4,6550.2,6562.8,292,382861760,18972,19170,7228,5914,6571,6555.8,0.0,6550.2,0,0,0,2017-04-13,34381200,6561.8,1,0,0,0,0,0,0,0,0,6562.4,1,0,0,0,0,0,0,0,0
304,2017-04-13,09:33:01,700,IC1704,CCFX,6561.4,6550.2,6562.8,292,382861760,18972,19170,7228,5914,6571,6555.8,0.0,6550.2,0,0,0,2017-04-13,34381700,6562.0,1,0,0,0,0,0,0,0,0,6564.0,1,0,0,0,0,0,0,0,0
305,2017-04-13,09:33:02,200,IC1704,CCFX,6561.8,6550.2,6562.8,294,385486520,18970,19170,7228,5914,6571,6555.8,0.0,6550.2,0,0,0,2017-04-13,34382200,6560.0,1,0,0,0,0,0,0,0,0,6564.0,1,0,0,0,0,0,0,0,0
306,2017-04-13,09:33:02,700,IC1704,CCFX,6561.8,6550.2,6562.8,294,385486520,18970,19170,7228,5914,6571,6555.8,0.0,6550.2,0,0,0,2017-04-13,34382700,6560.4,1,0,0,0,0,0,0,0,0,6562.0,1,0,0,0,0,0,0,0,0
307,2017-04-13,09:33:03,200,IC1704,CCFX,6562.0,6550.2,6562.8,295,386798920,18970,19170,7228,5914,6571,6555.8,0.0,6550.2,0,0,0,2017-04-13,34383200,6560.6,2,0,0,0,0,0,0,0,0,6563.6,1,0,0,0,0,0,0,0,0
308,2017-04-13,09:33:03,700,IC1704,CCFX,6562.0,6550.2,6562.8,295,386798920,18970,19170,7228,5914,6571,6555.8,0.0,6550.2,0,0,0,2017-04-13,34383700,6560.8,1,0,0,0,0,0,0,0,0,6561.8,1,0,0,0,0,0,0,0,0
309,2017-04-13,09:33:04,200,IC1704,CCFX,6562.0,6550.2,6562.8,295,386798920,18970,19170,7228,5914,6571,6555.8,0.0,6550.2,0,0,0,2017-04-13,34384200,6560.6,2,0,0,0,0,0,0,0,0,6561.8,1,0,0,0,0,0,0,0,0
310,2017-04-13,09:33:05,700,IC1704,CCFX,6562.0,6550.2,6562.8,295,386798920,18970,19170,7228,5914,6571,6555.8,0.0,6550.2,0,0,0,2017-04-13,34385700,6560.6,2,0,0,0,0,0,0,0,0,6561.8,1,0,0,0,0,0,0,0,0
311,2017-04-13,09:33:06,200,IC1704,CCFX,6562.0,6550.2,6562.8,295,386798920,18970,19170,7228,5914,6571,6555.8,0.0,6550.2,0,0,0,2017-04-13,34386200,6560.6,2,0,0,0,0,0,0,0,0,6561.8,1,0,0,0,0,0,0,0,0
312,2017-04-13,09:33:06,700,IC1704,CCFX,6562.0,6550.2,6562.8,295,386798920,18970,19170,7228,5914,6571,6555.8,0.0,6550.2,0,0,0,2017-04-13,34386700,6560.6,2,0,0,0,0,0,0,0,0,6561.8,1,0,0,0,0,0,0,0,0
313,2017-04-13,09:33:07,200,IC1704,CCFX,6562.0,6550.2,6562.8,295,386798920,18970,19170,7228,5914,6571,6555.8,0.0,6550.2,0,0,0,2017-04-13,34387200,6560.6,2,0,0,0,0,0,0,0,0,6561.8,1,0,0,0,0,0,0,0,0
314,2017-04-13,09:33:07,700,IC1704,CCFX,6561.8,6550.2,6562.8,296,388111280,18969,19170,7228,5914,6571,6555.8,0.0,6550.2,0,0,0,2017-04-13,34387700,6560.6,5,0,0,0,0,0,0,0,0,6563.6,1,0,0,0,0,0,0,0,0
315,2017-04-13,09:33:08,200,IC1704,CCFX,6561.8,6550.2,6562.8,296,388111280,18969,19170,7228,5914,6571,6555.8,0.0,6550.2,0,0,0,2017-04-13,34388200,6561.0,1,0,0,0,0,0,0,0,0,6563.4,1,0,0,0,0,0,0,0,0
316,2017-04-13,09:33:08,700,IC1704,CCFX,6561.8,6550.2,6562.8,296,388111280,18969,19170,7228,5914,6571,6555.8,0.0,6550.2,0,0,0,2017-04-13,34388700,6562.8,1,0,0,0,0,0,0,0,0,6563.2,1,0,0,0,0,0,0,0,0
317,2017-04-13,09:33:09,200,IC1704,CCFX,6562.8,6550.2,6562.8,297,389423840,18968,19170,7228,5914,6571,6555.8,0.0,6550.2,0,0,0,2017-04-13,34389200,6561.2,1,0,0,0,0,0,0,0,0,6562.6,1,0,0,0,0,0,0,0,0
318,2017-04-13,09:33:09,700,IC1704,CCFX,6562.8,6550.2,6562.8,297,389423840,18968,19170,7228,5914,6571,6555.8,0.0,6550.2,0,0,0,2017-04-13,34389700,6561.2,1,0,0,0,0,0,0,0,0,6562.4,1,0,0,0,0,0,0,0,0
319,2017-04-13,09:33:10,200,IC1704,CCFX,6562.8,6550.2,6562.8,297,389423840,18968,19170,7228,5914,6571,6555.8,0.0,6550.2,0,0,0,2017-04-13,34390200,6561.2,1,0,0,0,0,0,0,0,0,6562.4,1,0,0,0,0,0,0,0,0
320,2017-04-13,09:33:11,200,IC1704,CCFX,6562.8,6550.2,6562.8,299,392048960,18967,19170,7228,5914,6571,6555.8,0.0,6550.2,0,0,0,2017-04-13,34391200,6561.2,1,0,0,0,0,0,0,0,0,6563.2,1,0,0,0,0,0,0,0,0
321,2017-04-13,09:33:12,200,IC1704,CCFX,6562.8,6550.2,6562.8,299,392048960,18967,19170,7228,5914,6571,6555.8,0.0,6550.2,0,0,0,2017-04-13,34392200,6561.2,1,0,0,0,0,0,0,0,0,6562.8,1,0,0,0,0,0,0,0,0
322,2017-04-13,09:33:12,700,IC1704,CCFX,6562.8,6550.2,6562.8,299,392048960,18967,19170,7228,5914,6571,6555.8,0.0,6550.2,0,0,0,2017-04-13,34392700,6561.2,2,0,0,0,0,0,0,0,0,6562.8,1,0,0,0,0,0,0,0,0
323,2017-04-13,09:33:13,200,IC1704,CCFX,6562.8,6550.2,6562.8,300,393361520,18967,19170,7228,5914,6571,6555.8,0.0,6550.2,0,0,0,2017-04-13,34393200,6562.8,3,0,0,0,0,0,0,0,0,6563.2,1,0,0,0,0,0,0,0,0
324,2017-04-13,09:33:13,700,IC1704,CCFX,6562.8,6550.2,6562.8,303,397299200,18965,19170,7228,5914,6571,6555.8,0.0,6550.2,0,0,0,2017-04-13,34393700,6561.2,2,0,0,0,0,0,0,0,0,6563.2,1,0,0,0,0,0,0,0,0
325,2017-04-13,09:33:14,200,IC1704,CCFX,6562.8,6550.2,6562.8,303,397299200,18965,19170,7228,5914,6571,6555.8,0.0,6550.2,0,0,0,2017-04-13,34394200,6561.4,1,0,0,0,0,0,0,0,0,6563.2,1,0,0,0,0,0,0,0,0
326,2017-04-13,09:33:14,700,IC1704,CCFX,6562.8,6550.2,6562.8,303,397299200,18965,19170,7228,5914,6571,6555.8,0.0,6550.2,0,0,0,2017-04-13,34394700,6561.6,1,0,0,0,0,0,0,0,0,6562.8,1,0,0,0,0,0,0,0,0
327,2017-04-13,09:33:16,700,IC1704,CCFX,6562.8,6550.2,6562.8,304,398611760,18964,19170,7228,5914,6571,6555.8,0.0,6550.2,0,0,0,2017-04-13,34396700,6562.8,3,0,0,0,0,0,0,0,0,6563.2,1,0,0,0,0,0,0,0,0
328,2017-04-13,09:33:17,200,IC1704,CCFX,6562.8,6550.2,6562.8,307,402549440,18961,19170,7228,5914,6571,6555.8,0.0,6550.2,0,0,0,2017-04-13,34397200,6561.6,1,0,0,0,0,0,0,0,0,6563.2,1,0,0,0,0,0,0,0,0
329,2017-04-13,09:33:17,700,IC1704,CCFX,6562.8,6550.2,6562.8,307,402549440,18961,19170,7228,5914,6571,6555.8,0.0,6550.2,0,0,0,2017-04-13,34397700,6561.6,1,0,0,0,0,0,0,0,0,6563.2,1,0,0,0,0,0,0,0,0
330,2017-04-13,09:33:18,200,IC1704,CCFX,6562.8,6550.2,6562.8,307,402549440,18961,19170,7228,5914,6571,6555.8,0.0,6550.2,0,0,0,2017-04-13,34398200,6561.6,1,0,0,0,0,0,0,0,0,6563.0,1,0,0,0,0,0,0,0,0
331,2017-04-13,09:33:18,700,IC1704,CCFX,6562.8,6550.2,6562.8,308,403862000,18960,19170,7228,5914,6571,6555.8,0.0,6550.2,0,0,0,2017-04-13,34398700,6561.6,1,0,0,0,0,0,0,0,0,6563.0,1,0,0,0,0,0,0,0,0
332,2017-04-13,09:33:19,200,IC1704,CCFX,6562.8,6550.2,6562.8,308,403862000,18960,19170,7228,5914,6571,6555.8,0.0,6550.2,0,0,0,2017-04-13,34399200,6561.6,2,0,0,0,0,0,0,0,0,6562.8,1,0,0,0,0,0,0,0,0
333,2017-04-13,09:33:20,200,IC1704,CCFX,6562.8,6550.2,6562.8,308,403862000,18960,19170,7228,5914,6571,6555.8,0.0,6550.2,0,0,0,2017-04-13,34400200,6561.6,2,0,0,0,0,0,0,0,0,6562.8,1,0,0,0,0,0,0,0,0
334,2017-04-13,09:33:21,700,IC1704,CCFX,6562.8,6550.2,6562.8,308,403862000,18960,19170,7228,5914,6571,6555.8,0.0,6550.2,0,0,0,2017-04-13,34401700,6561.6,2,0,0,0,0,0,0,0,0,6562.8,1,0,0,0,0,0,0,0,0
335,2017-04-13,09:33:23,700,IC1704,CCFX,6562.8,6550.2,6562.8,308,403862000,18960,19170,7228,5914,6571,6555.8,0.0,6550.2,0,0,0,2017-04-13,34403700,6561.6,2,0,0,0,0,0,0,0,0,6562.6,1,0,0,0,0,0,0,0,0
336,2017-04-13,09:33:25,700,IC1704,CCFX,6562.8,6550.2,6562.8,308,403862000,18960,19170,7228,5914,6571,6555.8,0.0,6550.2,0,0,0,2017-04-13,34405700,6561.6,2,0,0,0,0,0,0,0,0,6562.6,1,0,0,0,0,0,0,0,0
337,2017-04-13,09:33:26,200,IC1704,CCFX,6562.8,6550.2,6562.8,308,403862000,18960,19170,7228,5914,6571,6555.8,0.0,6550.2,0,0,0,2017-04-13,34406200,6561.6,2,0,0,0,0,0,0,0,0,6562.6,1,0,0,0,0,0,0,0,0
338,2017-04-13,09:33:31,700,IC1704,CCFX,6562.8,6550.2,6562.8,308,403862000,18960,19170,7228,5914,6571,6555.8,0.0,6550.2,0,0,0,2017-04-13,34411700,6561.6,5,0,0,0,0,0,0,0,0,6562.6,1,0,0,0,0,0,0,0,0
339,2017-04-13,09:33:32,200,IC1704,CCFX,6562.8,6550.2,6562.8,308,403862000,18960,19170,7228,5914,6571,6555.8,0.0,6550.2,0,0,0,2017-04-13,34412200,6561.8,1,0,0,0,0,0,0,0,0,6562.6,1,0,0,0,0,0,0,0,0
340,2017-04-13,09:33:32,700,IC1704,CCFX,6562.8,6550.2,6562.8,308,403862000,18960,19170,7228,5914,6571,6555.8,0.0,6550.2,0,0,0,2017-04-13,34412700,6561.8,1,0,0,0,0,0,0,0,0,6562.6,1,0,0,0,0,0,0,0,0
341,2017-04-13,09:33:33,200,IC1704,CCFX,6561.8,6550.2,6562.8,309,405174360,18959,19170,7228,5914,6571,6555.8,0.0,6550.2,0,0,0,2017-04-13,34413200,6561.6,5,0,0,0,0,0,0,0,0,6562.6,1,0,0,0,0,0,0,0,0
342,2017-04-13,09:33:33,700,IC1704,CCFX,6561.8,6550.2,6562.8,309,405174360,18959,19170,7228,5914,6571,6555.8,0.0,6550.2,0,0,0,2017-04-13,34413700,6561.8,1,0,0,0,0,0,0,0,0,6562.6,1,0,0,0,0,0,0,0,0
343,2017-04-13,09:33:34,200,IC1704,CCFX,6561.8,6550.2,6562.8,310,406486720,18958,19170,7228,5914,6571,6555.8,0.0,6550.2,0,0,0,2017-04-13,34414200,6561.6,7,0,0,0,0,0,0,0,0,6562.6,1,0,0,0,0,0,0,0,0
344,2017-04-13,09:33:34,700,IC1704,CCFX,6561.8,6550.2,6562.8,310,406486720,18958,19170,7228,5914,6571,6555.8,0.0,6550.2,0,0,0,2017-04-13,34414700,6561.8,1,0,0,0,0,0,0,0,0,6562.6,1,0,0,0,0,0,0,0,0
345,2017-04-13,09:33:35,700,IC1704,CCFX,6562.6,6550.2,6562.8,311,407799240,18957,19170,7228,5914,6571,6555.8,0.0,6550.2,0,0,0,2017-04-13,34415700,6561.8,1,0,0,0,0,0,0,0,0,6563.0,1,0,0,0,0,0,0,0,0
346,2017-04-13,09:33:36,200,IC1704,CCFX,6562.6,6550.2,6562.8,311,407799240,18957,19170,7228,5914,6571,6555.8,0.0,6550.2,0,0,0,2017-04-13,34416200,6562.0,1,0,0,0,0,0,0,0,0,6563.0,1,0,0,0,0,0,0,0,0
347,2017-04-13,09:33:36,700,IC1704,CCFX,6562.6,6550.2,6562.8,311,407799240,18957,19170,7228,5914,6571,6555.8,0.0,6550.2,0,0,0,2017-04-13,34416700,6562.0,1,0,0,0,0,0,0,0,0,6563.0,1,0,0,0,0,0,0,0,0
348,2017-04-13,09:33:38,700,IC1704,CCFX,6563.0,6550.2,6563.0,312,409111840,18956,19170,7228,5914,6571,6555.8,0.0,6550.2,0,0,0,2017-04-13,34418700,6562.0,3,0,0,0,0,0,0,0,0,6563.6,1,0,0,0,0,0,0,0,0
349,2017-04-13,09:33:39,700,IC1704,CCFX,6562.0,6550.2,6563.6,315,413049360,18955,19170,7228,5914,6571,6555.8,0.0,6550.2,0,0,0,2017-04-13,34419700,6562.0,1,0,0,0,0,0,0,0,0,6564.0,1,0,0,0,0,0,0,0,0
350,2017-04-13,09:33:40,200,IC1704,CCFX,6562.0,6550.2,6563.6,315,413049360,18955,19170,7228,5914,6571,6555.8,0.0,6550.2,0,0,0,2017-04-13,34420200,6562.0,1,0,0,0,0,0,0,0,0,6563.8,1,0,0,0,0,0,0,0,0
351,2017-04-13,09:33:41,700,IC1704,CCFX,6562.0,6550.2,6563.6,315,413049360,18955,19170,7228,5914,6571,6555.8,0.0,6550.2,0,0,0,2017-04-13,34421700,6562.0,4,0,0,0,0,0,0,0,0,6563.8,1,0,0,0,0,0,0,0,0
352,2017-04-13,09:33:42,200,IC1704,CCFX,6562.0,6550.2,6563.6,317,415674160,18955,19170,7228,5914,6571,6555.8,0.0,6550.2,0,0,0,2017-04-13,34422200,6562.0,2,0,0,0,0,0,0,0,0,6564.0,1,0,0,0,0,0,0,0,0
353,2017-04-13,09:33:42,700,IC1704,CCFX,6562.0,6550.2,6563.6,318,416986560,18955,19170,7228,5914,6571,6555.8,0.0,6550.2,0,0,0,2017-04-13,34422700,6562.0,1,0,0,0,0,0,0,0,0,6564.0,1,0,0,0,0,0,0,0,0
354,2017-04-13,09:33:43,200,IC1704,CCFX,6562.6,6550.2,6563.6,320,419611480,18953,19170,7228,5914,6571,6555.8,0.0,6550.2,0,0,0,2017-04-13,34423200,6562.2,1,0,0,0,0,0,0,0,0,6562.6,1,0,0,0,0,0,0,0,0
355,2017-04-13,09:33:43,700,IC1704,CCFX,6562.2,6550.2,6563.6,321,420923920,18952,19170,7228,5914,6571,6555.8,0.0,6550.2,0,0,0,2017-04-13,34423700,6561.2,1,0,0,0,0,0,0,0,0,6563.6,1,0,0,0,0,0,0,0,0
356,2017-04-13,09:33:44,200,IC1704,CCFX,6562.2,6550.2,6563.6,321,420923920,18952,19170,7228,5914,6571,6555.8,0.0,6550.2,0,0,0,2017-04-13,34424200,6561.2,1,0,0,0,0,0,0,0,0,6563.4,2,0,0,0,0,0,0,0,0
357,2017-04-13,09:33:44,700,IC1704,CCFX,6562.2,6550.2,6563.6,321,420923920,18952,19170,7228,5914,6571,6555.8,0.0,6550.2,0,0,0,2017-04-13,34424700,6561.2,1,0,0,0,0,0,0,0,0,6563.2,2,0,0,0,0,0,0,0,0
358,2017-04-13,09:33:45,200,IC1704,CCFX,6562.2,6550.2,6563.6,321,420923920,18952,19170,7228,5914,6571,6555.8,0.0,6550.2,0,0,0,2017-04-13,34425200,6561.2,1,0,0,0,0,0,0,0,0,6563.2,3,0,0,0,0,0,0,0,0
359,2017-04-13,09:33:45,700,IC1704,CCFX,6562.2,6550.2,6563.6,321,420923920,18952,19170,7228,5914,6571,6555.8,0.0,6550.2,0,0,0,2017-04-13,34425700,6561.2,1,0,0,0,0,0,0,0,0,6563.2,2,0,0,0,0,0,0,0,0
360,2017-04-13,09:33:46,700,IC1704,CCFX,6562.2,6550.2,6563.6,321,420923920,18952,19170,7228,5914,6571,6555.8,0.0,6550.2,0,0,0,2017-04-13,34426700,6561.2,1,0,0,0,0,0,0,0,0,6563.2,3,0,0,0,0,0,0,0,0
361,2017-04-13,09:33:47,700,IC1704,CCFX,6562.2,6550.2,6563.6,321,420923920,18952,19170,7228,5914,6571,6555.8,0.0,6550.2,0,0,0,2017-04-13,34427700,6561.4,1,0,0,0,0,0,0,0,0,6563.2,3,0,0,0,0,0,0,0,0
362,2017-04-13,09:33:48,200,IC1704,CCFX,6562.2,6550.2,6563.6,321,420923920,18952,19170,7228,5914,6571,6555.8,0.0,6550.2,0,0,0,2017-04-13,34428200,6561.4,1,0,0,0,0,0,0,0,0,6563.0,1,0,0,0,0,0,0,0,0
363,2017-04-13,09:33:48,700,IC1704,CCFX,6562.2,6550.2,6563.6,321,420923920,18952,19170,7228,5914,6571,6555.8,0.0,6550.2,0,0,0,2017-04-13,34428700,6561.4,1,0,0,0,0,0,0,0,0,6562.8,1,0,0,0,0,0,0,0,0
364,2017-04-13,09:33:49,200,IC1704,CCFX,6562.2,6550.2,6563.6,321,420923920,18952,19170,7228,5914,6571,6555.8,0.0,6550.2,0,0,0,2017-04-13,34429200,6561.4,1,0,0,0,0,0,0,0,0,6562.8,1,0,0,0,0,0,0,0,0
365,2017-04-13,09:33:49,700,IC1704,CCFX,6562.2,6550.2,6563.6,321,420923920,18952,19170,7228,5914,6571,6555.8,0.0,6550.2,0,0,0,2017-04-13,34429700,6561.4,1,0,0,0,0,0,0,0,0,6562.0,2,0,0,0,0,0,0,0,0
366,2017-04-13,09:33:50,700,IC1704,CCFX,6562.0,6550.2,6563.6,323,423548720,18952,19170,7228,5914,6571,6555.8,0.0,6550.2,0,0,0,2017-04-13,34430700,6561.4,1,0,0,0,0,0,0,0,0,6562.8,1,0,0,0,0,0,0,0,0
367,2017-04-13,09:33:51,200,IC1704,CCFX,6562.0,6550.2,6563.6,323,423548720,18952,19170,7228,5914,6571,6555.8,0.0,6550.2,0,0,0,2017-04-13,34431200,6561.4,1,0,0,0,0,0,0,0,0,6563.0,2,0,0,0,0,0,0,0,0
368,2017-04-13,09:33:51,700,IC1704,CCFX,6563.0,6550.2,6563.6,326,427486480,18949,19170,7228,5914,6571,6555.8,0.0,6550.2,0,0,0,2017-04-13,34431700,6563.0,1,0,0,0,0,0,0,0,0,6563.2,2,0,0,0,0,0,0,0,0
369,2017-04-13,09:33:52,200,IC1704,CCFX,6563.0,6550.2,6563.6,326,427486480,18949,19170,7228,5914,6571,6555.8,0.0,6550.2,0,0,0,2017-04-13,34432200,6563.0,1,0,0,0,0,0,0,0,0,6563.2,2,0,0,0,0,0,0,0,0
370,2017-04-13,09:33:52,700,IC1704,CCFX,6563.0,6550.2,6563.6,327,428799080,18948,19170,7228,5914,6571,6555.8,0.0,6550.2,0,0,0,2017-04-13,34432700,6561.4,1,0,0,0,0,0,0,0,0,6563.2,1,0,0,0,0,0,0,0,0
371,2017-04-13,09:33:53,200,IC1704,CCFX,6561.4,6550.2,6563.6,328,430111360,18947,19170,7228,5914,6571,6555.8,0.0,6550.2,0,0,0,2017-04-13,34433200,6561.2,1,0,0,0,0,0,0,0,0,6563.2,1,0,0,0,0,0,0,0,0
372,2017-04-13,09:33:53,700,IC1704,CCFX,6561.4,6550.2,6563.6,328,430111360,18947,19170,7228,5914,6571,6555.8,0.0,6550.2,0,0,0,2017-04-13,34433700,6561.2,1,0,0,0,0,0,0,0,0,6563.0,1,0,0,0,0,0,0,0,0
373,2017-04-13,09:33:54,200,IC1704,CCFX,6561.4,6550.2,6563.6,328,430111360,18947,19170,7228,5914,6571,6555.8,0.0,6550.2,0,0,0,2017-04-13,34434200,6561.2,1,0,0,0,0,0,0,0,0,6563.0,2,0,0,0,0,0,0,0,0
374,2017-04-13,09:33:54,700,IC1704,CCFX,6561.4,6550.2,6563.6,328,430111360,18947,19170,7228,5914,6571,6555.8,0.0,6550.2,0,0,0,2017-04-13,34434700,6560.8,1,0,0,0,0,0,0,0,0,6563.0,2,0,0,0,0,0,0,0,0
375,2017-04-13,09:33:55,200,IC1704,CCFX,6561.4,6550.2,6563.6,328,430111360,18947,19170,7228,5914,6571,6555.8,0.0,6550.2,0,0,0,2017-04-13,34435200,6560.8,1,0,0,0,0,0,0,0,0,6562.8,2,0,0,0,0,0,0,0,0
376,2017-04-13,09:33:55,700,IC1704,CCFX,6561.4,6550.2,6563.6,328,430111360,18947,19170,7228,5914,6571,6555.8,0.0,6550.2,0,0,0,2017-04-13,34435700,6560.8,1,0,0,0,0,0,0,0,0,6562.6,1,0,0,0,0,0,0,0,0
377,2017-04-13,09:33:56,200,IC1704,CCFX,6561.4,6550.2,6563.6,328,430111360,18947,19170,7228,5914,6571,6555.8,0.0,6550.2,0,0,0,2017-04-13,34436200,6560.8,1,0,0,0,0,0,0,0,0,6562.4,1,0,0,0,0,0,0,0,0
378,2017-04-13,09:33:56,700,IC1704,CCFX,6562.4,6550.2,6563.6,329,431423840,18946,19170,7228,5914,6571,6555.8,0.0,6550.2,0,0,0,2017-04-13,34436700,6561.0,1,0,0,0,0,0,0,0,0,6562.6,1,0,0,0,0,0,0,0,0
379,2017-04-13,09:33:57,200,IC1704,CCFX,6562.4,6550.2,6563.6,329,431423840,18946,19170,7228,5914,6571,6555.8,0.0,6550.2,0,0,0,2017-04-13,34437200,6561.0,1,0,0,0,0,0,0,0,0,6563.0,2,0,0,0,0,0,0,0,0
380,2017-04-13,09:33:57,700,IC1704,CCFX,6562.4,6550.2,6563.6,329,431423840,18946,19170,7228,5914,6571,6555.8,0.0,6550.2,0,0,0,2017-04-13,34437700,6561.0,1,0,0,0,0,0,0,0,0,6563.0,2,0,0,0,0,0,0,0,0
381,2017-04-13,09:33:59,200,IC1704,CCFX,6562.4,6550.2,6563.6,329,431423840,18946,19170,7228,5914,6571,6555.8,0.0,6550.2,0,0,0,2017-04-13,34439200,6561.2,1,0,0,0,0,0,0,0,0,6563.0,2,0,0,0,0,0,0,0,0
382,2017-04-13,09:33:59,700,IC1704,CCFX,6562.4,6550.2,6563.6,329,431423840,18946,19170,7228,5914,6571,6555.8,0.0,6550.2,0,0,0,2017-04-13,34439700,6561.4,1,0,0,0,0,0,0,0,0,6563.0,2,0,0,0,0,0,0,0,0
383,2017-04-13,09:34:00,200,IC1704,CCFX,6563.0,6550.2,6563.6,330,432736440,18945,19170,7228,5914,6571,6555.8,0.0,6550.2,0,0,0,2017-04-13,34440200,6561.4,1,0,0,0,0,0,0,0,0,6562.0,3,0,0,0,0,0,0,0,0
384,2017-04-13,09:34:00,700,IC1704,CCFX,6562.0,6550.2,6563.6,333,436673720,18945,19170,7228,5914,6571,6555.8,0.0,6550.2,0,0,0,2017-04-13,34440700,6562.6,1,0,0,0,0,0,0,0,0,6563.0,1,0,0,0,0,0,0,0,0
385,2017-04-13,09:34:01,200,IC1704,CCFX,6563.2,6550.2,6563.6,335,439298960,18943,19170,7228,5914,6571,6555.8,0.0,6550.2,0,0,0,2017-04-13,34441200,6562.0,2,0,0,0,0,0,0,0,0,6564.0,1,0,0,0,0,0,0,0,0
386,2017-04-13,09:34:01,700,IC1704,CCFX,6562.2,6550.2,6563.6,336,440611400,18942,19170,7228,5914,6571,6555.8,0.0,6550.2,0,0,0,2017-04-13,34441700,6562.0,2,0,0,0,0,0,0,0,0,6564.0,1,0,0,0,0,0,0,0,0
387,2017-04-13,09:34:02,200,IC1704,CCFX,6562.2,6550.2,6563.6,336,440611400,18942,19170,7228,5914,6571,6555.8,0.0,6550.2,0,0,0,2017-04-13,34442200,6562.2,1,0,0,0,0,0,0,0,0,6564.0,1,0,0,0,0,0,0,0,0
388,2017-04-13,09:34:03,700,IC1704,CCFX,6564.0,6550.2,6564.0,337,441924200,18941,19170,7228,5914,6571,6555.8,0.0,6550.2,0,0,0,2017-04-13,34443700,6562.2,1,0,0,0,0,0,0,0,0,6564.2,1,0,0,0,0,0,0,0,0
389,2017-04-13,09:34:04,200,IC1704,CCFX,6563.8,6550.2,6564.0,338,443236960,18940,19170,7228,5914,6571,6555.8,0.0,6550.2,0,0,0,2017-04-13,34444200,6562.2,1,0,0,0,0,0,0,0,0,6564.2,1,0,0,0,0,0,0,0,0
390,2017-04-13,09:34:04,700,IC1704,CCFX,6563.8,6550.2,6564.0,338,443236960,18940,19170,7228,5914,6571,6555.8,0.0,6550.2,0,0,0,2017-04-13,34444700,6563.8,1,0,0,0,0,0,0,0,0,6564.2,1,0,0,0,0,0,0,0,0
391,2017-04-13,09:34:05,200,IC1704,CCFX,6563.8,6550.2,6564.0,339,444549720,18939,19170,7228,5914,6571,6555.8,0.0,6550.2,0,0,0,2017-04-13,34445200,6562.2,1,0,0,0,0,0,0,0,0,6564.2,1,0,0,0,0,0,0,0,0
392,2017-04-13,09:34:06,200,IC1704,CCFX,6563.8,6550.2,6564.0,339,444549720,18939,19170,7228,5914,6571,6555.8,0.0,6550.2,0,0,0,2017-04-13,34446200,6562.2,1,0,0,0,0,0,0,0,0,6564.2,1,0,0,0,0,0,0,0,0
393,2017-04-13,09:34:07,200,IC1704,CCFX,6563.8,6550.2,6564.0,339,444549720,18939,19170,7228,5914,6571,6555.8,0.0,6550.2,0,0,0,2017-04-13,34447200,6562.2,1,0,0,0,0,0,0,0,0,6564.2,1,0,0,0,0,0,0,0,0
394,2017-04-13,09:34:08,700,IC1704,CCFX,6563.8,6550.2,6564.0,339,444549720,18939,19170,7228,5914,6571,6555.8,0.0,6550.2,0,0,0,2017-04-13,34448700,6561.2,3,0,0,0,0,0,0,0,0,6564.2,1,0,0,0,0,0,0,0,0
395,2017-04-13,09:34:09,200,IC1704,CCFX,6563.8,6550.2,6564.0,340,445862480,18938,19170,7228,5914,6571,6555.8,0.0,6550.2,0,0,0,2017-04-13,34449200,6563.0,1,0,0,0,0,0,0,0,0,6564.0,2,0,0,0,0,0,0,0,0
396,2017-04-13,09:34:09,700,IC1704,CCFX,6564.2,6550.2,6564.2,341,447175320,18937,19170,7228,5914,6571,6555.8,0.0,6550.2,0,0,0,2017-04-13,34449700,6561.4,1,0,0,0,0,0,0,0,0,6564.4,5,0,0,0,0,0,0,0,0
397,2017-04-13,09:34:10,200,IC1704,CCFX,6564.2,6550.2,6564.2,341,447175320,18937,19170,7228,5914,6571,6555.8,0.0,6550.2,0,0,0,2017-04-13,34450200,6562.0,1,0,0,0,0,0,0,0,0,6564.2,1,0,0,0,0,0,0,0,0
398,2017-04-13,09:34:10,700,IC1704,CCFX,6564.2,6550.2,6564.2,341,447175320,18937,19170,7228,5914,6571,6555.8,0.0,6550.2,0,0,0,2017-04-13,34450700,6562.8,1,0,0,0,0,0,0,0,0,6564.0,1,0,0,0,0,0,0,0,0
399,2017-04-13,09:34:11,200,IC1704,CCFX,6564.2,6550.2,6564.2,341,447175320,18937,19170,7228,5914,6571,6555.8,0.0,6550.2,0,0,0,2017-04-13,34451200,6562.8,1,0,0,0,0,0,0,0,0,6564.0,1,0,0,0,0,0,0,0,0
400,2017-04-13,09:34:11,700,IC1704,CCFX,6562.8,6550.2,6564.2,342,448487880,18936,19170,7228,5914,6571,6555.8,0.0,6550.2,0,0,0,2017-04-13,34451700,6562.2,1,0,0,0,0,0,0,0,0,6564.0,1,0,0,0,0,0,0,0,0
401,2017-04-13,09:34:12,200,IC1704,CCFX,6562.8,6550.2,6564.2,342,448487880,18936,19170,7228,5914,6571,6555.8,0.0,6550.2,0,0,0,2017-04-13,34452200,6562.2,1,0,0,0,0,0,0,0,0,6563.8,1,0,0,0,0,0,0,0,0
402,2017-04-13,09:34:13,200,IC1704,CCFX,6563.8,6550.2,6564.2,343,449800640,18935,19170,7228,5914,6571,6555.8,0.0,6550.2,0,0,0,2017-04-13,34453200,6562.2,1,0,0,0,0,0,0,0,0,6564.0,1,0,0,0,0,0,0,0,0
403,2017-04-13,09:34:13,700,IC1704,CCFX,6562.2,6550.2,6564.2,344,451113080,18934,19170,7228,5914,6571,6555.8,0.0,6550.2,0,0,0,2017-04-13,34453700,6562.0,1,0,0,0,0,0,0,0,0,6562.2,1,0,0,0,0,0,0,0,0
404,2017-04-13,09:34:14,200,IC1704,CCFX,6562.2,6550.2,6564.2,345,452425520,18933,19170,7228,5914,6571,6555.8,0.0,6550.2,0,0,0,2017-04-13,34454200,6562.4,2,0,0,0,0,0,0,0,0,6564.0,1,0,0,0,0,0,0,0,0
405,2017-04-13,09:34:14,700,IC1704,CCFX,6562.2,6550.2,6564.2,345,452425520,18933,19170,7228,5914,6571,6555.8,0.0,6550.2,0,0,0,2017-04-13,34454700,6562.6,1,0,0,0,0,0,0,0,0,6564.0,1,0,0,0,0,0,0,0,0
406,2017-04-13,09:34:15,200,IC1704,CCFX,6562.2,6550.2,6564.2,345,452425520,18933,19170,7228,5914,6571,6555.8,0.0,6550.2,0,0,0,2017-04-13,34455200,6562.6,1,0,0,0,0,0,0,0,0,6564.0,1,0,0,0,0,0,0,0,0
407,2017-04-13,09:34:16,200,IC1704,CCFX,6562.2,6550.2,6564.2,345,452425520,18933,19170,7228,5914,6571,6555.8,0.0,6550.2,0,0,0,2017-04-13,34456200,6562.6,1,0,0,0,0,0,0,0,0,6564.0,1,0,0,0,0,0,0,0,0
408,2017-04-13,09:34:17,200,IC1704,CCFX,6564.0,6550.2,6564.2,348,456363360,18930,19170,7228,5914,6571,6555.8,0.0,6550.2,0,0,0,2017-04-13,34457200,6562.6,2,0,0,0,0,0,0,0,0,6564.4,5,0,0,0,0,0,0,0,0
409,2017-04-13,09:34:18,700,IC1704,CCFX,6564.4,6550.2,6564.4,349,457676240,18929,19170,7228,5914,6571,6555.8,0.0,6550.2,0,0,0,2017-04-13,34458700,6562.6,2,0,0,0,0,0,0,0,0,6564.4,4,0,0,0,0,0,0,0,0
410,2017-04-13,09:34:19,200,IC1704,CCFX,6564.4,6550.2,6564.4,349,457676240,18929,19170,7228,5914,6571,6555.8,0.0,6550.2,0,0,0,2017-04-13,34459200,6562.6,2,0,0,0,0,0,0,0,0,6564.4,4,0,0,0,0,0,0,0,0
411,2017-04-13,09:34:19,700,IC1704,CCFX,6564.4,6550.2,6564.4,350,458989120,18928,19170,7228,5914,6571,6555.8,0.0,6550.2,0,0,0,2017-04-13,34459700,6562.6,2,0,0,0,0,0,0,0,0,6564.4,3,0,0,0,0,0,0,0,0
412,2017-04-13,09:34:20,200,IC1704,CCFX,6564.4,6550.2,6564.4,350,458989120,18928,19170,7228,5914,6571,6555.8,0.0,6550.2,0,0,0,2017-04-13,34460200,6562.6,4,0,0,0,0,0,0,0,0,6564.4,3,0,0,0,0,0,0,0,0
413,2017-04-13,09:34:21,200,IC1704,CCFX,6564.4,6550.2,6564.4,350,458989120,18928,19170,7228,5914,6571,6555.8,0.0,6550.2,0,0,0,2017-04-13,34461200,6562.6,6,0,0,0,0,0,0,0,0,6564.4,3,0,0,0,0,0,0,0,0
414,2017-04-13,09:34:21,700,IC1704,CCFX,6564.4,6550.2,6564.4,350,458989120,18928,19170,7228,5914,6571,6555.8,0.0,6550.2,0,0,0,2017-04-13,34461700,6562.8,1,0,0,0,0,0,0,0,0,6564.4,3,0,0,0,0,0,0,0,0
415,2017-04-13,09:34:22,200,IC1704,CCFX,6564.4,6550.2,6564.4,350,458989120,18928,19170,7228,5914,6571,6555.8,0.0,6550.2,0,0,0,2017-04-13,34462200,6562.8,1,0,0,0,0,0,0,0,0,6564.4,3,0,0,0,0,0,0,0,0
416,2017-04-13,09:34:23,200,IC1704,CCFX,6564.4,6550.2,6564.4,350,458989120,18928,19170,7228,5914,6571,6555.8,0.0,6550.2,0,0,0,2017-04-13,34463200,6562.8,3,0,0,0,0,0,0,0,0,6564.4,3,0,0,0,0,0,0,0,0
417,2017-04-13,09:34:24,200,IC1704,CCFX,6564.4,6550.2,6564.4,351,460302000,18927,19170,7228,5914,6571,6555.8,0.0,6550.2,0,0,0,2017-04-13,34464200,6562.8,7,0,0,0,0,0,0,0,0,6564.4,2,0,0,0,0,0,0,0,0
418,2017-04-13,09:34:24,700,IC1704,CCFX,6564.4,6550.2,6564.4,351,460302000,18927,19170,7228,5914,6571,6555.8,0.0,6550.2,0,0,0,2017-04-13,34464700,6562.8,7,0,0,0,0,0,0,0,0,6564.4,2,0,0,0,0,0,0,0,0
419,2017-04-13,09:34:25,700,IC1704,CCFX,6564.4,6550.2,6564.4,351,460302000,18927,19170,7228,5914,6571,6555.8,0.0,6550.2,0,0,0,2017-04-13,34465700,6562.8,7,0,0,0,0,0,0,0,0,6564.4,2,0,0,0,0,0,0,0,0
420,2017-04-13,09:34:27,200,IC1704,CCFX,6564.4,6550.2,6564.4,351,460302000,18927,19170,7228,5914,6571,6555.8,0.0,6550.2,0,0,0,2017-04-13,34467200,6562.8,8,0,0,0,0,0,0,0,0,6564.4,2,0,0,0,0,0,0,0,0
421,2017-04-13,09:34:27,700,IC1704,CCFX,6564.4,6550.2,6564.4,351,460302000,18927,19170,7228,5914,6571,6555.8,0.0,6550.2,0,0,0,2017-04-13,34467700,6562.8,9,0,0,0,0,0,0,0,0,6564.4,2,0,0,0,0,0,0,0,0
422,2017-04-13,09:34:28,700,IC1704,CCFX,6564.4,6550.2,6564.4,351,460302000,18927,19170,7228,5914,6571,6555.8,0.0,6550.2,0,0,0,2017-04-13,34468700,6563.0,1,0,0,0,0,0,0,0,0,6564.4,2,0,0,0,0,0,0,0,0
423,2017-04-13,09:34:29,200,IC1704,CCFX,6564.4,6550.2,6564.4,351,460302000,18927,19170,7228,5914,6571,6555.8,0.0,6550.2,0,0,0,2017-04-13,34469200,6563.0,2,0,0,0,0,0,0,0,0,6564.4,2,0,0,0,0,0,0,0,0
424,2017-04-13,09:34:29,700,IC1704,CCFX,6564.4,6550.2,6564.4,351,460302000,18927,19170,7228,5914,6571,6555.8,0.0,6550.2,0,0,0,2017-04-13,34469700,6563.0,3,0,0,0,0,0,0,0,0,6564.4,2,0,0,0,0,0,0,0,0
425,2017-04-13,09:34:30,200,IC1704,CCFX,6564.4,6550.2,6564.4,351,460302000,18927,19170,7228,5914,6571,6555.8,0.0,6550.2,0,0,0,2017-04-13,34470200,6563.0,3,0,0,0,0,0,0,0,0,6564.4,2,0,0,0,0,0,0,0,0
426,2017-04-13,09:34:30,700,IC1704,CCFX,6564.4,6550.2,6564.4,351,460302000,18927,19170,7228,5914,6571,6555.8,0.0,6550.2,0,0,0,2017-04-13,34470700,6563.0,5,0,0,0,0,0,0,0,0,6564.4,2,0,0,0,0,0,0,0,0
427,2017-04-13,09:34:32,200,IC1704,CCFX,6564.4,6550.2,6564.4,351,460302000,18927,19170,7228,5914,6571,6555.8,0.0,6550.2,0,0,0,2017-04-13,34472200,6563.0,5,0,0,0,0,0,0,0,0,6564.4,2,0,0,0,0,0,0,0,0
428,2017-04-13,09:34:32,700,IC1704,CCFX,6564.4,6550.2,6564.4,351,460302000,18927,19170,7228,5914,6571,6555.8,0.0,6550.2,0,0,0,2017-04-13,34472700,6563.6,2,0,0,0,0,0,0,0,0,6564.4,2,0,0,0,0,0,0,0,0
429,2017-04-13,09:34:33,200,IC1704,CCFX,6563.6,6550.2,6564.4,352,461614720,18926,19170,7228,5914,6571,6555.8,0.0,6550.2,0,0,0,2017-04-13,34473200,6563.6,2,0,0,0,0,0,0,0,0,6564.4,2,0,0,0,0,0,0,0,0
430,2017-04-13,09:34:33,700,IC1704,CCFX,6563.6,6550.2,6564.4,352,461614720,18926,19170,7228,5914,6571,6555.8,0.0,6550.2,0,0,0,2017-04-13,34473700,6563.8,1,0,0,0,0,0,0,0,0,6564.4,2,0,0,0,0,0,0,0,0
431,2017-04-13,09:34:34,200,IC1704,CCFX,6563.6,6550.2,6564.4,352,461614720,18926,19170,7228,5914,6571,6555.8,0.0,6550.2,0,0,0,2017-04-13,34474200,6563.8,1,0,0,0,0,0,0,0,0,6564.4,2,0,0,0,0,0,0,0,0
432,2017-04-13,09:34:34,700,IC1704,CCFX,6563.6,6550.2,6564.4,352,461614720,18926,19170,7228,5914,6571,6555.8,0.0,6550.2,0,0,0,2017-04-13,34474700,6563.8,3,0,0,0,0,0,0,0,0,6564.4,2,0,0,0,0,0,0,0,0
433,2017-04-13,09:34:35,200,IC1704,CCFX,6564.4,6550.2,6564.4,353,462927600,18925,19170,7228,5914,6571,6555.8,0.0,6550.2,0,0,0,2017-04-13,34475200,6563.8,5,0,0,0,0,0,0,0,0,6564.4,1,0,0,0,0,0,0,0,0
434,2017-04-13,09:34:35,700,IC1704,CCFX,6564.4,6550.2,6564.4,354,464240480,18925,19170,7228,5914,6571,6555.8,0.0,6550.2,0,0,0,2017-04-13,34475700,6563.8,5,0,0,0,0,0,0,0,0,6564.2,1,0,0,0,0,0,0,0,0
435,2017-04-13,09:34:36,200,IC1704,CCFX,6564.4,6550.2,6564.4,355,465553360,18924,19170,7228,5914,6571,6555.8,0.0,6550.2,0,0,0,2017-04-13,34476200,6563.8,5,0,0,0,0,0,0,0,0,6564.6,8,0,0,0,0,0,0,0,0
436,2017-04-13,09:34:36,700,IC1704,CCFX,6564.4,6550.2,6564.4,355,465553360,18924,19170,7228,5914,6571,6555.8,0.0,6550.2,0,0,0,2017-04-13,34476700,6563.8,7,0,0,0,0,0,0,0,0,6564.6,8,0,0,0,0,0,0,0,0
437,2017-04-13,09:34:37,200,IC1704,CCFX,6564.4,6550.2,6564.4,355,465553360,18924,19170,7228,5914,6571,6555.8,0.0,6550.2,0,0,0,2017-04-13,34477200,6563.8,7,0,0,0,0,0,0,0,0,6564.6,9,0,0,0,0,0,0,0,0
438,2017-04-13,09:34:37,700,IC1704,CCFX,6564.6,6550.2,6564.6,358,469492120,18922,19170,7228,5914,6571,6555.8,0.0,6550.2,0,0,0,2017-04-13,34477700,6563.8,7,0,0,0,0,0,0,0,0,6564.6,6,0,0,0,0,0,0,0,0
439,2017-04-13,09:34:38,200,IC1704,CCFX,6564.6,6550.2,6564.6,358,469492120,18922,19170,7228,5914,6571,6555.8,0.0,6550.2,0,0,0,2017-04-13,34478200,6563.8,7,0,0,0,0,0,0,0,0,6564.6,6,0,0,0,0,0,0,0,0
440,2017-04-13,09:34:38,700,IC1704,CCFX,6564.6,6550.2,6564.6,359,470805040,18921,19170,7228,5914,6571,6555.8,0.0,6550.2,0,0,0,2017-04-13,34478700,6563.8,7,0,0,0,0,0,0,0,0,6564.6,5,0,0,0,0,0,0,0,0
441,2017-04-13,09:34:39,200,IC1704,CCFX,6564.6,6550.2,6564.6,359,470805040,18921,19170,7228,5914,6571,6555.8,0.0,6550.2,0,0,0,2017-04-13,34479200,6563.8,6,0,0,0,0,0,0,0,0,6564.6,5,0,0,0,0,0,0,0,0
442,2017-04-13,09:34:39,700,IC1704,CCFX,6564.6,6550.2,6564.6,362,474743800,18919,19170,7228,5914,6571,6555.8,0.0,6550.2,0,0,0,2017-04-13,34479700,6563.8,5,0,0,0,0,0,0,0,0,6564.6,2,0,0,0,0,0,0,0,0
443,2017-04-13,09:34:40,700,IC1704,CCFX,6564.6,6550.2,6564.6,363,476056720,18918,19170,7228,5914,6571,6555.8,0.0,6550.2,0,0,0,2017-04-13,34480700,6564.4,1,0,0,0,0,0,0,0,0,6564.6,1,0,0,0,0,0,0,0,0
444,2017-04-13,09:34:41,200,IC1704,CCFX,6564.6,6550.2,6564.6,364,477369640,18917,19170,7228,5914,6571,6555.8,0.0,6550.2,0,0,0,2017-04-13,34481200,6564.4,1,0,0,0,0,0,0,0,0,6565.0,6,0,0,0,0,0,0,0,0
445,2017-04-13,09:34:42,200,IC1704,CCFX,6564.4,6550.2,6564.6,365,478682520,18916,19170,7228,5914,6571,6555.8,0.0,6550.2,0,0,0,2017-04-13,34482200,6563.8,5,0,0,0,0,0,0,0,0,6565.0,6,0,0,0,0,0,0,0,0
446,2017-04-13,09:34:42,700,IC1704,CCFX,6564.4,6550.2,6564.6,365,478682520,18916,19170,7228,5914,6571,6555.8,0.0,6550.2,0,0,0,2017-04-13,34482700,6564.4,3,0,0,0,0,0,0,0,0,6565.0,6,0,0,0,0,0,0,0,0
447,2017-04-13,09:34:43,200,IC1704,CCFX,6564.4,6550.2,6564.6,365,478682520,18916,19170,7228,5914,6571,6555.8,0.0,6550.2,0,0,0,2017-04-13,34483200,6564.4,3,0,0,0,0,0,0,0,0,6565.0,6,0,0,0,0,0,0,0,0
448,2017-04-13,09:34:43,700,IC1704,CCFX,6565.0,6550.2,6565.0,366,479995520,18915,19170,7228,5914,6571,6555.8,0.0,6550.2,0,0,0,2017-04-13,34483700,6564.4,3,0,0,0,0,0,0,0,0,6565.0,5,0,0,0,0,0,0,0,0
449,2017-04-13,09:34:44,200,IC1704,CCFX,6565.0,6550.2,6565.0,366,479995520,18915,19170,7228,5914,6571,6555.8,0.0,6550.2,0,0,0,2017-04-13,34484200,6564.6,1,0,0,0,0,0,0,0,0,6565.0,5,0,0,0,0,0,0,0,0
450,2017-04-13,09:34:44,700,IC1704,CCFX,6565.0,6550.2,6565.0,367,481308520,18914,19170,7228,5914,6571,6555.8,0.0,6550.2,0,0,0,2017-04-13,34484700,6564.6,1,0,0,0,0,0,0,0,0,6565.0,4,0,0,0,0,0,0,0,0
451,2017-04-13,09:34:45,200,IC1704,CCFX,6565.0,6550.2,6565.0,368,482621520,18913,19170,7228,5914,6571,6555.8,0.0,6550.2,0,0,0,2017-04-13,34485200,6564.6,1,0,0,0,0,0,0,0,0,6565.0,3,0,0,0,0,0,0,0,0
452,2017-04-13,09:34:45,700,IC1704,CCFX,6565.2,6550.2,6565.2,372,487873560,18911,19170,7228,5914,6571,6555.8,0.0,6550.2,0,0,0,2017-04-13,34485700,6564.6,1,0,0,0,0,0,0,0,0,6566.0,6,0,0,0,0,0,0,0,0
453,2017-04-13,09:34:46,200,IC1704,CCFX,6566.0,6550.2,6566.0,377,494439560,18906,19170,7228,5914,6571,6555.8,0.0,6550.2,0,0,0,2017-04-13,34486200,6564.6,1,0,0,0,0,0,0,0,0,6566.0,1,0,0,0,0,0,0,0,0
454,2017-04-13,09:34:46,700,IC1704,CCFX,6567.0,6550.2,6567.0,380,498379560,18903,19170,7228,5914,6571,6555.8,0.0,6550.2,0,0,0,2017-04-13,34486700,6566.0,3,0,0,0,0,0,0,0,0,6567.0,3,0,0,0,0,0,0,0,0
455,2017-04-13,09:34:47,200,IC1704,CCFX,6567.0,6550.2,6567.0,383,502319760,18900,19170,7228,5914,6571,6555.8,0.0,6550.2,0,0,0,2017-04-13,34487200,6567.0,3,0,0,0,0,0,0,0,0,6568.0,5,0,0,0,0,0,0,0,0
456,2017-04-13,09:34:47,700,IC1704,CCFX,6567.0,6550.2,6567.0,383,502319760,18900,19170,7228,5914,6571,6555.8,0.0,6550.2,0,0,0,2017-04-13,34487700,6567.0,3,0,0,0,0,0,0,0,0,6568.0,5,0,0,0,0,0,0,0,0
457,2017-04-13,09:34:48,700,IC1704,CCFX,6567.0,6550.2,6567.0,384,503633160,18899,19170,7228,5914,6571,6555.8,0.0,6550.2,0,0,0,2017-04-13,34488700,6567.0,2,0,0,0,0,0,0,0,0,6568.0,5,0,0,0,0,0,0,0,0
458,2017-04-13,09:34:49,200,IC1704,CCFX,6567.0,6550.2,6567.0,384,503633160,18899,19170,7228,5914,6571,6555.8,0.0,6550.2,0,0,0,2017-04-13,34489200,6567.2,1,0,0,0,0,0,0,0,0,6568.0,5,0,0,0,0,0,0,0,0
459,2017-04-13,09:34:49,700,IC1704,CCFX,6567.0,6550.2,6567.0,384,503633160,18899,19170,7228,5914,6571,6555.8,0.0,6550.2,0,0,0,2017-04-13,34489700,6567.4,1,0,0,0,0,0,0,0,0,6568.0,5,0,0,0,0,0,0,0,0
460,2017-04-13,09:34:50,200,IC1704,CCFX,6567.0,6550.2,6567.0,384,503633160,18899,19170,7228,5914,6571,6555.8,0.0,6550.2,0,0,0,2017-04-13,34490200,6567.2,1,0,0,0,0,0,0,0,0,6568.0,5,0,0,0,0,0,0,0,0
461,2017-04-13,09:34:50,700,IC1704,CCFX,6567.0,6550.2,6567.0,384,503633160,18899,19170,7228,5914,6571,6555.8,0.0,6550.2,0,0,0,2017-04-13,34490700,6567.4,1,0,0,0,0,0,0,0,0,6568.0,5,0,0,0,0,0,0,0,0
462,2017-04-13,09:34:51,200,IC1704,CCFX,6567.0,6550.2,6567.0,384,503633160,18899,19170,7228,5914,6571,6555.8,0.0,6550.2,0,0,0,2017-04-13,34491200,6567.4,1,0,0,0,0,0,0,0,0,6568.0,5,0,0,0,0,0,0,0,0
463,2017-04-13,09:34:51,700,IC1704,CCFX,6568.0,6550.2,6568.0,386,506260240,18898,19170,7228,5914,6571,6555.8,0.0,6550.2,0,0,0,2017-04-13,34491700,6567.0,2,0,0,0,0,0,0,0,0,6568.0,4,0,0,0,0,0,0,0,0
464,2017-04-13,09:34:52,200,IC1704,CCFX,6568.0,6550.2,6568.0,388,508887240,18896,19170,7228,5914,6571,6555.8,0.0,6550.2,0,0,0,2017-04-13,34492200,6567.0,1,0,0,0,0,0,0,0,0,6568.0,3,0,0,0,0,0,0,0,0
465,2017-04-13,09:34:52,700,IC1704,CCFX,6568.0,6550.2,6568.0,388,508887240,18896,19170,7228,5914,6571,6555.8,0.0,6550.2,0,0,0,2017-04-13,34492700,6567.0,1,0,0,0,0,0,0,0,0,6568.0,3,0,0,0,0,0,0,0,0
466,2017-04-13,09:34:53,200,IC1704,CCFX,6568.0,6550.2,6568.0,389,510200840,18895,19170,7228,5914,6571,6555.8,0.0,6550.2,0,0,0,2017-04-13,34493200,6567.0,1,0,0,0,0,0,0,0,0,6567.8,1,0,0,0,0,0,0,0,0
467,2017-04-13,09:34:53,700,IC1704,CCFX,6568.0,6550.2,6568.0,389,510200840,18895,19170,7228,5914,6571,6555.8,0.0,6550.2,0,0,0,2017-04-13,34493700,6567.2,1,0,0,0,0,0,0,0,0,6567.8,1,0,0,0,0,0,0,0,0
468,2017-04-13,09:34:55,200,IC1704,CCFX,6568.0,6550.2,6568.0,389,510200840,18895,19170,7228,5914,6571,6555.8,0.0,6550.2,0,0,0,2017-04-13,34495200,6567.2,1,0,0,0,0,0,0,0,0,6567.8,1,0,0,0,0,0,0,0,0
469,2017-04-13,09:34:57,200,IC1704,CCFX,6568.0,6550.2,6568.0,389,510200840,18895,19170,7228,5914,6571,6555.8,0.0,6550.2,0,0,0,2017-04-13,34497200,6567.2,1,0,0,0,0,0,0,0,0,6568.0,2,0,0,0,0,0,0,0,0
470,2017-04-13,09:34:57,700,IC1704,CCFX,6568.0,6550.2,6568.0,391,512828040,18893,19170,7228,5914,6571,6555.8,0.0,6550.2,0,0,0,2017-04-13,34497700,6567.2,1,0,0,0,0,0,0,0,0,6568.4,6,0,0,0,0,0,0,0,0
471,2017-04-13,09:34:58,200,IC1704,CCFX,6568.0,6550.2,6568.0,391,512828040,18893,19170,7228,5914,6571,6555.8,0.0,6550.2,0,0,0,2017-04-13,34498200,6567.2,1,0,0,0,0,0,0,0,0,6568.4,6,0,0,0,0,0,0,0,0
472,2017-04-13,09:34:59,200,IC1704,CCFX,6568.0,6550.2,6568.0,391,512828040,18893,19170,7228,5914,6571,6555.8,0.0,6550.2,0,0,0,2017-04-13,34499200,6567.2,3,0,0,0,0,0,0,0,0,6568.4,6,0,0,0,0,0,0,0,0
473,2017-04-13,09:35:00,200,IC1704,CCFX,6568.0,6550.2,6568.0,391,512828040,18893,19170,7228,5914,6571,6555.8,0.0,6550.2,0,0,0,2017-04-13,34500200,6567.4,2,0,0,0,0,0,0,0,0,6568.4,6,0,0,0,0,0,0,0,0
474,2017-04-13,09:35:00,700,IC1704,CCFX,6568.4,6550.2,6568.4,392,514141720,18892,19170,7228,5914,6571,6555.8,0.0,6550.2,0,0,0,2017-04-13,34500700,6567.6,1,0,0,0,0,0,0,0,0,6568.4,5,0,0,0,0,0,0,0,0
475,2017-04-13,09:35:01,200,IC1704,CCFX,6570.8,6550.2,6570.8,407,533849200,18880,19170,7228,5914,6571,6555.8,0.0,6550.2,0,0,0,2017-04-13,34501200,6568.4,1,0,0,0,0,0,0,0,0,6571.0,1,0,0,0,0,0,0,0,0
476,2017-04-13,09:35:01,700,IC1704,CCFX,6570.8,6550.2,6570.8,408,535163360,18879,19170,7228,5914,6571,6555.8,0.0,6550.2,0,0,0,2017-04-13,34501700,6570.4,2,0,0,0,0,0,0,0,0,6571.0,1,0,0,0,0,0,0,0,0
477,2017-04-13,09:35:02,200,IC1704,CCFX,6572.2,6550.2,6572.2,412,540420880,18875,19170,7228,5914,6571,6555.8,0.0,6550.2,0,0,0,2017-04-13,34502200,6570.6,1,0,0,0,0,0,0,0,0,6572.4,6,0,0,0,0,0,0,0,0
478,2017-04-13,09:35:02,700,IC1704,CCFX,6572.2,6550.2,6572.2,413,541735320,18874,19170,7228,5914,6571,6555.8,0.0,6550.2,0,0,0,2017-04-13,34502700,6570.6,1,0,0,0,0,0,0,0,0,6572.4,6,0,0,0,0,0,0,0,0
479,2017-04-13,09:35:03,200,IC1704,CCFX,6572.2,6550.2,6572.2,413,541735320,18874,19170,7228,5914,6571,6555.8,0.0,6550.2,0,0,0,2017-04-13,34503200,6570.6,2,0,0,0,0,0,0,0,0,6571.0,1,0,0,0,0,0,0,0,0
480,2017-04-13,09:35:03,700,IC1704,CCFX,6572.2,6550.2,6572.2,413,541735320,18874,19170,7228,5914,6571,6555.8,0.0,6550.2,0,0,0,2017-04-13,34503700,6571.0,1,0,0,0,0,0,0,0,0,6572.4,6,0,0,0,0,0,0,0,0
481,2017-04-13,09:35:04,200,IC1704,CCFX,6572.2,6550.2,6572.2,413,541735320,18874,19170,7228,5914,6571,6555.8,0.0,6550.2,0,0,0,2017-04-13,34504200,6571.0,1,0,0,0,0,0,0,0,0,6571.2,1,0,0,0,0,0,0,0,0
482,2017-04-13,09:35:04,700,IC1704,CCFX,6571.0,6550.2,6572.2,415,544363800,18873,19170,7228,5914,6571,6555.8,0.0,6550.2,0,0,0,2017-04-13,34504700,6571.2,1,0,0,0,0,0,0,0,0,6572.4,6,0,0,0,0,0,0,0,0
483,2017-04-13,09:35:05,200,IC1704,CCFX,6572.4,6550.2,6572.4,417,546992760,18872,19170,7228,5914,6571,6555.8,0.0,6550.2,0,0,0,2017-04-13,34505200,6571.2,1,0,0,0,0,0,0,0,0,6572.4,4,0,0,0,0,0,0,0,0
484,2017-04-13,09:35:05,700,IC1704,CCFX,6572.4,6550.2,6572.4,418,548307240,18871,19170,7228,5914,6571,6555.8,0.0,6550.2,0,0,0,2017-04-13,34505700,6571.4,1,0,0,0,0,0,0,0,0,6572.2,1,0,0,0,0,0,0,0,0
485,2017-04-13,09:35:06,200,IC1704,CCFX,6572.2,6550.2,6572.4,419,549621680,18870,19170,7228,5914,6571,6555.8,0.0,6550.2,0,0,0,2017-04-13,34506200,6571.6,1,0,0,0,0,0,0,0,0,6572.0,1,0,0,0,0,0,0,0,0
486,2017-04-13,09:35:06,700,IC1704,CCFX,6572.2,6550.2,6572.4,419,549621680,18870,19170,7228,5914,6571,6555.8,0.0,6550.2,0,0,0,2017-04-13,34506700,6571.6,1,0,0,0,0,0,0,0,0,6572.0,1,0,0,0,0,0,0,0,0
487,2017-04-13,09:35:07,200,IC1704,CCFX,6571.6,6550.2,6572.4,420,550936000,18869,19170,7228,5914,6571,6555.8,0.0,6550.2,0,0,0,2017-04-13,34507200,6571.8,1,0,0,0,0,0,0,0,0,6572.0,1,0,0,0,0,0,0,0,0
488,2017-04-13,09:35:07,700,IC1704,CCFX,6572.0,6550.2,6572.4,421,552250400,18868,19170,7228,5914,6571,6555.8,0.0,6550.2,0,0,0,2017-04-13,34507700,6571.8,1,0,0,0,0,0,0,0,0,6572.4,3,0,0,0,0,0,0,0,0
489,2017-04-13,09:35:08,200,IC1704,CCFX,6572.4,6550.2,6572.4,422,553564880,18867,19170,7228,5914,6571,6555.8,0.0,6550.2,0,0,0,2017-04-13,34508200,6571.8,2,0,0,0,0,0,0,0,0,6572.4,2,0,0,0,0,0,0,0,0
490,2017-04-13,09:35:08,700,IC1704,CCFX,6572.4,6550.2,6572.4,424,556193840,18866,19170,7228,5914,6571,6555.8,0.0,6550.2,0,0,0,2017-04-13,34508700,6572.0,2,0,0,0,0,0,0,0,0,6573.0,2,0,0,0,0,0,0,0,0
491,2017-04-13,09:35:09,200,IC1704,CCFX,6573.0,6550.2,6573.0,425,557508440,18865,19170,7228,5914,6571,6555.8,0.0,6550.2,0,0,0,2017-04-13,34509200,6572.0,2,0,0,0,0,0,0,0,0,6573.0,1,0,0,0,0,0,0,0,0
492,2017-04-13,09:35:09,700,IC1704,CCFX,6573.0,6550.2,6573.0,426,558823040,18864,19170,7228,5914,6571,6555.8,0.0,6550.2,0,0,0,2017-04-13,34509700,6573.0,13,0,0,0,0,0,0,0,0,6573.2,5,0,0,0,0,0,0,0,0
493,2017-04-13,09:35:10,200,IC1704,CCFX,6573.2,6550.2,6573.2,430,564081600,18860,19170,7228,5914,6571,6555.8,0.0,6550.2,0,0,0,2017-04-13,34510200,6573.0,13,0,0,0,0,0,0,0,0,6573.2,1,0,0,0,0,0,0,0,0
494,2017-04-13,09:35:10,700,IC1704,CCFX,6573.6,6550.2,6573.6,434,569340360,18858,19170,7228,5914,6571,6555.8,0.0,6550.2,0,0,0,2017-04-13,34510700,6573.2,5,0,0,0,0,0,0,0,0,6574.0,1,0,0,0,0,0,0,0,0
495,2017-04-13,09:35:11,200,IC1704,CCFX,6574.2,6550.2,6574.4,437,573284880,18857,19170,7228,5914,6571,6555.8,0.0,6550.2,0,0,0,2017-04-13,34511200,6573.2,5,0,0,0,0,0,0,0,0,6574.4,5,0,0,0,0,0,0,0,0
496,2017-04-13,09:35:11,700,IC1704,CCFX,6573.2,6550.2,6574.4,440,577229280,18856,19170,7228,5914,6571,6555.8,0.0,6550.2,0,0,0,2017-04-13,34511700,6574.2,1,0,0,0,0,0,0,0,0,6574.4,3,0,0,0,0,0,0,0,0
497,2017-04-13,09:35:12,200,IC1704,CCFX,6574.4,6550.2,6574.4,442,579859040,18857,19170,7228,5914,6571,6555.8,0.0,6550.2,0,0,0,2017-04-13,34512200,6574.2,1,0,0,0,0,0,0,0,0,6574.4,1,0,0,0,0,0,0,0,0
498,2017-04-13,09:35:12,700,IC1704,CCFX,6574.4,6550.2,6574.4,443,581173920,18856,19170,7228,5914,6571,6555.8,0.0,6550.2,0,0,0,2017-04-13,34512700,6573.4,1,0,0,0,0,0,0,0,0,6574.4,1,0,0,0,0,0,0,0,0
499,2017-04-13,09:35:13,200,IC1704,CCFX,6574.4,6550.2,6574.4,443,581173920,18856,19170,7228,5914,6571,6555.8,0.0,6550.2,0,0,0,2017-04-13,34513200,6574.2,3,0,0,0,0,0,0,0,0,6574.4,1,0,0,0,0,0,0,0,0
500,2017-04-13,09:35:13,700,IC1704,CCFX,6574.2,6550.2,6574.4,446,585118440,18855,19170,7228,5914,6571,6555.8,0.0,6550.2,0,0,0,2017-04-13,34513700,6573.6,1,0,0,0,0,0,0,0,0,6574.2,2,0,0,0,0,0,0,0,0
501,2017-04-13,09:35:14,200,IC1704,CCFX,6574.2,6550.2,6574.4,448,587748120,18853,19170,7228,5914,6571,6555.8,0.0,6550.2,0,0,0,2017-04-13,34514200,6573.6,1,0,0,0,0,0,0,0,0,6574.4,1,0,0,0,0,0,0,0,0
502,2017-04-13,09:35:14,700,IC1704,CCFX,6574.2,6550.2,6574.4,448,587748120,18853,19170,7228,5914,6571,6555.8,0.0,6550.2,0,0,0,2017-04-13,34514700,6573.8,1,0,0,0,0,0,0,0,0,6574.0,1,0,0,0,0,0,0,0,0
503,2017-04-13,09:35:15,200,IC1704,CCFX,6573.8,6550.2,6574.4,451,591692360,18852,19170,7228,5914,6571,6555.8,0.0,6550.2,0,0,0,2017-04-13,34515200,6573.6,1,0,0,0,0,0,0,0,0,6574.0,1,0,0,0,0,0,0,0,0
504,2017-04-13,09:35:15,700,IC1704,CCFX,6574.0,6550.2,6574.4,454,595636640,18851,19170,7228,5914,6571,6555.8,0.0,6550.2,0,0,0,2017-04-13,34515700,6573.2,5,0,0,0,0,0,0,0,0,6575.0,3,0,0,0,0,0,0,0,0
505,2017-04-13,09:35:16,200,IC1704,CCFX,6574.8,6550.2,6574.8,456,598266440,18850,19170,7228,5914,6571,6555.8,0.0,6550.2,0,0,0,2017-04-13,34516200,6573.4,1,0,0,0,0,0,0,0,0,6575.0,3,0,0,0,0,0,0,0,0
506,2017-04-13,09:35:16,700,IC1704,CCFX,6573.6,6550.2,6574.8,457,599581160,18849,19170,7228,5914,6571,6555.8,0.0,6550.2,0,0,0,2017-04-13,34516700,6573.4,1,0,0,0,0,0,0,0,0,6574.4,1,0,0,0,0,0,0,0,0
507,2017-04-13,09:35:17,200,IC1704,CCFX,6574.4,6550.2,6574.8,459,602210720,18848,19170,7228,5914,6571,6555.8,0.0,6550.2,0,0,0,2017-04-13,34517200,6573.2,5,0,0,0,0,0,0,0,0,6575.0,3,0,0,0,0,0,0,0,0
