,dataDate,dataTime,dataMillisec,instrumentID,exchangeCD,lastPrice,lowPrice,highPrice,volume,value,openInterest,preOpenInterest,upperLimitPrice,lowerLimitPrice,preSettlementPrice,prevClosePrice,settlementPrice,openPrice,closePrice,preDelta,currDelta,clearingDay,milliSecOffset,bidPrice1,bidVolume1,bidPrice2,bidVolume2,bidPrice3,bidVolume3,bidPrice4,bidVolume4,bidPrice5,bidVolume5,askPrice1,askVolume1,askPrice2,askVolume2,askPrice3,askVolume3,askPrice4,askVolume4,askPrice5,askVolume5
0,2017-04-13,00:00:00,0,IF1704,CCFX,3496.0,0.0,0.0,0,0,29036,29036,0.0,0.0,3497.8,3496,0.0,0.0,0.0,0,0,2017-04-13,0,0.0,0,0,0,0,0,0,0,0,0,0.0,0,0,0,0,0,0,0,0,0
1,2017-04-13,07:03:39,200,IF1704,CCFX,3496.0,0.0,0.0,0,0,29036,29036,3847.4,3148.2,3497.8,3496,0.0,0.0,0.0,0,0,2017-04-13,25419200,0.0,0,0,0,0,0,0,0,0,0,0.0,0,0,0,0,0,0,0,0,0
2,2017-04-13,09:29:00,200,IF1704,CCFX,3495.6,3495.6,3495.6,33,34606440,29004,29036,3847.4,3148.2,3497.8,3496,0.0,3495.6,0.0,0,0,2017-04-13,34140200,3495.4,2,0,0,0,0,0,0,0,0,3495.6,1,0,0,0,0,0,0,0,0
3,2017-04-13,09:30:00,200,IF1704,CCFX,3495.0,3495.0,3495.8,40,41946840,28998,29036,3847.4,3148.2,3497.8,3496,0.0,3495.6,0.0,0,0,2017-04-13,34200200,3494.4,1,0,0,0,0,0,0,0,0,3495.4,2,0,0,0,0,0,0,0,0
4,2017-04-13,09:30:00,700,IF1704,CCFX,3495.2,3494.0,3495.8,49,51383400,28991,29036,3847.4,3148.2,3497.8,3496,0.0,3495.6,0.0,0,0,2017-04-13,34200700,3494.0,1,0,0,0,0,0,0,0,0,3495.8,1,0,0,0,0,0,0,0,0
5,2017-04-13,09:30:01,200,IF1704,CCFX,3495.0,3494.0,3495.8,55,57673620,28990,29036,3847.4,3148.2,3497.8,3496,0.0,3495.6,0.0,0,0,2017-04-13,34201200,3494.2,2,0,0,0,0,0,0,0,0,3495.0,2,0,0,0,0,0,0,0,0
6,2017-04-13,09:30:01,700,IF1704,CCFX,3494.8,3494.0,3495.8,58,60818940,28987,29036,3847.4,3148.2,3497.8,3496,0.0,3495.6,0.0,0,0,2017-04-13,34201700,3494.2,1,0,0,0,0,0,0,0,0,3495.0,2,0,0,0,0,0,0,0,0
7,2017-04-13,09:30:02,200,IF1704,CCFX,3494.8,3494.0,3495.8,58,60818940,28987,29036,3847.4,3148.2,3497.8,3496,0.0,3495.6,0.0,0,0,2017-04-13,34202200,3494.2,1,0,0,0,0,0,0,0,0,3495.0,4,0,0,0,0,0,0,0,0
8,2017-04-13,09:30:02,700,IF1704,CCFX,3494.8,3494.0,3495.8,58,60818940,28987,29036,3847.4,3148.2,3497.8,3496,0.0,3495.6,0.0,0,0,2017-04-13,34202700,3494.2,1,0,0,0,0,0,0,0,0,3495.0,5,0,0,0,0,0,0,0,0
9,2017-04-13,09:30:03,200,IF1704,CCFX,3494.8,3494.0,3495.8,58,60818940,28987,29036,3847.4,3148.2,3497.8,3496,0.0,3495.6,0.0,0,0,2017-04-13,34203200,3494.2,1,0,0,0,0,0,0,0,0,3494.4,2,0,0,0,0,0,0,0,0
10,2017-04-13,09:30:03,700,IF1704,CCFX,3494.4,3494.0,3495.8,60,62915520,28986,29036,3847.4,3148.2,3497.8,3496,0.0,3495.6,0.0,0,0,2017-04-13,34203700,3494.0,1,0,0,0,0,0,0,0,0,3494.2,1,0,0,0,0,0,0,0,0
11,2017-04-13,09:30:04,200,IF1704,CCFX,3493.4,3493.4,3495.8,63,66060000,28984,29036,3847.4,3148.2,3497.8,3496,0.0,3495.6,0.0,0,0,2017-04-13,34204200,3493.0,2,0,0,0,0,0,0,0,0,3494.4,1,0,0,0,0,0,0,0,0
12,2017-04-13,09:30:04,700,IF1704,CCFX,3493.4,3493.4,3495.8,63,66060000,28984,29036,3847.4,3148.2,3497.8,3496,0.0,3495.6,0.0,0,0,2017-04-13,34204700,3493.0,2,0,0,0,0,0,0,0,0,3494.2,1,0,0,0,0,0,0,0,0
13,2017-04-13,09:30:05,200,IF1704,CCFX,3495.0,3493.4,3495.8,66,69205080,28983,29036,3847.4,3148.2,3497.8,3496,0.0,3495.6,0.0,0,0,2017-04-13,34205200,3493.2,2,0,0,0,0,0,0,0,0,3495.0,5,0,0,0,0,0,0,0,0
14,2017-04-13,09:30:05,700,IF1704,CCFX,3493.4,3493.4,3495.8,67,70253100,28982,29036,3847.4,3148.2,3497.8,3496,0.0,3495.6,0.0,0,0,2017-04-13,34205700,3493.2,2,0,0,0,0,0,0,0,0,3494.2,2,0,0,0,0,0,0,0,0
15,2017-04-13,09:30:06,200,IF1704,CCFX,3495.0,3493.2,3495.8,74,77591400,28975,29036,3847.4,3148.2,3497.8,3496,0.0,3495.6,0.0,0,0,2017-04-13,34206200,3494.4,1,0,0,0,0,0,0,0,0,3495.0,4,0,0,0,0,0,0,0,0
16,2017-04-13,09:30:06,700,IF1704,CCFX,3494.4,3493.2,3495.8,75,78639720,28974,29036,3847.4,3148.2,3497.8,3496,0.0,3495.6,0.0,0,0,2017-04-13,34206700,3494.2,1,0,0,0,0,0,0,0,0,3495.0,4,0,0,0,0,0,0,0,0
17,2017-04-13,09:30:07,200,IF1704,CCFX,3493.2,3493.2,3495.8,80,83880120,28972,29036,3847.4,3148.2,3497.8,3496,0.0,3495.6,0.0,0,0,2017-04-13,34207200,3493.0,2,0,0,0,0,0,0,0,0,3495.0,4,0,0,0,0,0,0,0,0
18,2017-04-13,09:30:07,700,IF1704,CCFX,3493.2,3493.2,3495.8,81,84928080,28972,29036,3847.4,3148.2,3497.8,3496,0.0,3495.6,0.0,0,0,2017-04-13,34207700,3493.2,1,0,0,0,0,0,0,0,0,3494.8,7,0,0,0,0,0,0,0,0
19,2017-04-13,09:30:08,200,IF1704,CCFX,3493.2,3493.2,3495.8,83,87024000,28970,29036,3847.4,3148.2,3497.8,3496,0.0,3495.6,0.0,0,0,2017-04-13,34208200,3494.0,1,0,0,0,0,0,0,0,0,3494.8,7,0,0,0,0,0,0,0,0
20,2017-04-13,09:30:08,700,IF1704,CCFX,3493.2,3493.2,3495.8,83,87024000,28970,29036,3847.4,3148.2,3497.8,3496,0.0,3495.6,0.0,0,0,2017-04-13,34208700,3494.0,3,0,0,0,0,0,0,0,0,3494.6,2,0,0,0,0,0,0,0,0
21,2017-04-13,09:30:09,200,IF1704,CCFX,3494.0,3493.2,3495.8,87,91217220,28966,29036,3847.4,3148.2,3497.8,3496,0.0,3495.6,0.0,0,0,2017-04-13,34209200,3494.0,2,0,0,0,0,0,0,0,0,3494.2,1,0,0,0,0,0,0,0,0
22,2017-04-13,09:30:09,700,IF1704,CCFX,3494.0,3493.2,3495.8,90,94361820,28966,29036,3847.4,3148.2,3497.8,3496,0.0,3495.6,0.0,0,0,2017-04-13,34209700,3493.0,2,0,0,0,0,0,0,0,0,3494.0,1,0,0,0,0,0,0,0,0
23,2017-04-13,09:30:10,200,IF1704,CCFX,3493.2,3493.2,3495.8,91,95409780,28965,29036,3847.4,3148.2,3497.8,3496,0.0,3495.6,0.0,0,0,2017-04-13,34210200,3494.2,1,0,0,0,0,0,0,0,0,3494.4,1,0,0,0,0,0,0,0,0
24,2017-04-13,09:30:10,700,IF1704,CCFX,3493.8,3493.2,3495.8,93,97506180,28964,29036,3847.4,3148.2,3497.8,3496,0.0,3495.6,0.0,0,0,2017-04-13,34210700,3493.8,3,0,0,0,0,0,0,0,0,3494.2,2,0,0,0,0,0,0,0,0
25,2017-04-13,09:30:11,200,IF1704,CCFX,3493.8,3493.2,3495.8,95,99602460,28964,29036,3847.4,3148.2,3497.8,3496,0.0,3495.6,0.0,0,0,2017-04-13,34211200,3493.8,1,0,0,0,0,0,0,0,0,3494.2,1,0,0,0,0,0,0,0,0
26,2017-04-13,09:30:11,700,IF1704,CCFX,3494.2,3493.2,3495.8,97,101698860,28963,29036,3847.4,3148.2,3497.8,3496,0.0,3495.6,0.0,0,0,2017-04-13,34211700,3493.0,2,0,0,0,0,0,0,0,0,3494.4,1,0,0,0,0,0,0,0,0
27,2017-04-13,09:30:12,200,IF1704,CCFX,3494.2,3493.2,3495.8,98,102747120,28962,29036,3847.4,3148.2,3497.8,3496,0.0,3495.6,0.0,0,0,2017-04-13,34212200,3493.2,2,0,0,0,0,0,0,0,0,3494.2,4,0,0,0,0,0,0,0,0
28,2017-04-13,09:30:12,700,IF1704,CCFX,3493.2,3493.2,3495.8,99,103795080,28961,29036,3847.4,3148.2,3497.8,3496,0.0,3495.6,0.0,0,0,2017-04-13,34212700,3493.2,1,0,0,0,0,0,0,0,0,3494.0,1,0,0,0,0,0,0,0,0
29,2017-04-13,09:30:13,200,IF1704,CCFX,3493.2,3493.2,3495.8,101,105891000,28959,29036,3847.4,3148.2,3497.8,3496,0.0,3495.6,0.0,0,0,2017-04-13,34213200,3493.0,2,0,0,0,0,0,0,0,0,3493.2,1,0,0,0,0,0,0,0,0
30,2017-04-13,09:30:13,700,IF1704,CCFX,3493.2,3493.0,3495.8,103,107986860,28958,29036,3847.4,3148.2,3497.8,3496,0.0,3495.6,0.0,0,0,2017-04-13,34213700,3493.0,1,0,0,0,0,0,0,0,0,3493.8,11,0,0,0,0,0,0,0,0
31,2017-04-13,09:30:14,200,IF1704,CCFX,3492.8,3492.8,3495.8,105,110082600,28956,29036,3847.4,3148.2,3497.8,3496,0.0,3495.6,0.0,0,0,2017-04-13,34214200,3492.4,1,0,0,0,0,0,0,0,0,3492.8,2,0,0,0,0,0,0,0,0
32,2017-04-13,09:30:14,700,IF1704,CCFX,3492.4,3492.4,3495.8,106,111130320,28956,29036,3847.4,3148.2,3497.8,3496,0.0,3495.6,0.0,0,0,2017-04-13,34214700,3492.0,1,0,0,0,0,0,0,0,0,3492.2,2,0,0,0,0,0,0,0,0
33,2017-04-13,09:30:15,200,IF1704,CCFX,3492.2,3492.0,3495.8,109,114273240,28955,29036,3847.4,3148.2,3497.8,3496,0.0,3495.6,0.0,0,0,2017-04-13,34215200,3491.8,2,0,0,0,0,0,0,0,0,3492.2,2,0,0,0,0,0,0,0,0
34,2017-04-13,09:30:15,700,IF1704,CCFX,3491.8,3491.8,3495.8,114,119511060,28953,29036,3847.4,3148.2,3497.8,3496,0.0,3495.6,0.0,0,0,2017-04-13,34215700,3491.4,1,0,0,0,0,0,0,0,0,3491.8,3,0,0,0,0,0,0,0,0
35,2017-04-13,09:30:16,200,IF1704,CCFX,3491.8,3491.8,3495.8,117,122653680,28950,29036,3847.4,3148.2,3497.8,3496,0.0,3495.6,0.0,0,0,2017-04-13,34216200,3492.0,1,0,0,0,0,0,0,0,0,3492.2,1,0,0,0,0,0,0,0,0
36,2017-04-13,09:30:16,700,IF1704,CCFX,3492.2,3491.8,3495.8,118,123701340,28950,29036,3847.4,3148.2,3497.8,3496,0.0,3495.6,0.0,0,0,2017-04-13,34216700,3492.0,1,0,0,0,0,0,0,0,0,3492.4,1,0,0,0,0,0,0,0,0
37,2017-04-13,09:30:17,200,IF1704,CCFX,3492.4,3491.8,3495.8,119,124749060,28950,29036,3847.4,3148.2,3497.8,3496,0.0,3495.6,0.0,0,0,2017-04-13,34217200,3492.2,4,0,0,0,0,0,0,0,0,3492.8,2,0,0,0,0,0,0,0,0
38,2017-04-13,09:30:17,700,IF1704,CCFX,3492.2,3491.8,3495.8,122,127892400,28949,29036,3847.4,3148.2,3497.8,3496,0.0,3495.6,0.0,0,0,2017-04-13,34217700,3492.2,3,0,0,0,0,0,0,0,0,3493.2,1,0,0,0,0,0,0,0,0
39,2017-04-13,09:30:18,200,IF1704,CCFX,3493.2,3491.8,3495.8,123,128940360,28948,29036,3847.4,3148.2,3497.8,3496,0.0,3495.6,0.0,0,0,2017-04-13,34218200,3492.2,4,0,0,0,0,0,0,0,0,3493.8,13,0,0,0,0,0,0,0,0
40,2017-04-13,09:30:18,700,IF1704,CCFX,3493.2,3491.8,3495.8,123,128940360,28948,29036,3847.4,3148.2,3497.8,3496,0.0,3495.6,0.0,0,0,2017-04-13,34218700,3492.4,1,0,0,0,0,0,0,0,0,3493.0,1,0,0,0,0,0,0,0,0
41,2017-04-13,09:30:19,200,IF1704,CCFX,3493.2,3491.8,3495.8,123,128940360,28948,29036,3847.4,3148.2,3497.8,3496,0.0,3495.6,0.0,0,0,2017-04-13,34219200,3492.6,1,0,0,0,0,0,0,0,0,3493.0,1,0,0,0,0,0,0,0,0
42,2017-04-13,09:30:19,700,IF1704,CCFX,3492.6,3491.8,3495.8,124,129988140,28947,29036,3847.4,3148.2,3497.8,3496,0.0,3495.6,0.0,0,0,2017-04-13,34219700,3492.4,1,0,0,0,0,0,0,0,0,3493.0,1,0,0,0,0,0,0,0,0
43,2017-04-13,09:30:20,200,IF1704,CCFX,3492.6,3491.8,3495.8,124,129988140,28947,29036,3847.4,3148.2,3497.8,3496,0.0,3495.6,0.0,0,0,2017-04-13,34220200,3492.6,1,0,0,0,0,0,0,0,0,3493.0,1,0,0,0,0,0,0,0,0
44,2017-04-13,09:30:20,700,IF1704,CCFX,3492.6,3491.8,3495.8,125,131035920,28946,29036,3847.4,3148.2,3497.8,3496,0.0,3495.6,0.0,0,0,2017-04-13,34220700,3492.4,1,0,0,0,0,0,0,0,0,3492.6,1,0,0,0,0,0,0,0,0
45,2017-04-13,09:30:21,200,IF1704,CCFX,3492.6,3491.8,3495.8,127,133131480,28945,29036,3847.4,3148.2,3497.8,3496,0.0,3495.6,0.0,0,0,2017-04-13,34221200,3492.4,1,0,0,0,0,0,0,0,0,3492.6,2,0,0,0,0,0,0,0,0
46,2017-04-13,09:30:21,700,IF1704,CCFX,3492.4,3491.8,3495.8,130,136274700,28942,29036,3847.4,3148.2,3497.8,3496,0.0,3495.6,0.0,0,0,2017-04-13,34221700,3492.2,3,0,0,0,0,0,0,0,0,3492.6,1,0,0,0,0,0,0,0,0
47,2017-04-13,09:30:22,200,IF1704,CCFX,3492.6,3491.8,3495.8,133,139418040,28939,29036,3847.4,3148.2,3497.8,3496,0.0,3495.6,0.0,0,0,2017-04-13,34222200,3492.6,1,0,0,0,0,0,0,0,0,3493.0,1,0,0,0,0,0,0,0,0
48,2017-04-13,09:30:22,700,IF1704,CCFX,3492.6,3491.8,3495.8,133,139418040,28939,29036,3847.4,3148.2,3497.8,3496,0.0,3495.6,0.0,0,0,2017-04-13,34222700,3492.6,1,0,0,0,0,0,0,0,0,3493.0,1,0,0,0,0,0,0,0,0
49,2017-04-13,09:30:23,200,IF1704,CCFX,3493.0,3491.8,3495.8,135,141513720,28937,29036,3847.4,3148.2,3497.8,3496,0.0,3495.6,0.0,0,0,2017-04-13,34223200,3493.0,1,0,0,0,0,0,0,0,0,3493.6,2,0,0,0,0,0,0,0,0
50,2017-04-13,09:30:23,700,IF1704,CCFX,3493.0,3491.8,3495.8,136,142561620,28936,29036,3847.4,3148.2,3497.8,3496,0.0,3495.6,0.0,0,0,2017-04-13,34223700,3493.0,1,0,0,0,0,0,0,0,0,3493.8,10,0,0,0,0,0,0,0,0
51,2017-04-13,09:30:24,200,IF1704,CCFX,3493.6,3491.8,3495.8,137,143609700,28935,29036,3847.4,3148.2,3497.8,3496,0.0,3495.6,0.0,0,0,2017-04-13,34224200,3493.0,1,0,0,0,0,0,0,0,0,3493.6,1,0,0,0,0,0,0,0,0
52,2017-04-13,09:30:24,700,IF1704,CCFX,3493.0,3491.8,3495.8,138,144657600,28934,29036,3847.4,3148.2,3497.8,3496,0.0,3495.6,0.0,0,0,2017-04-13,34224700,3492.8,1,0,0,0,0,0,0,0,0,3493.6,1,0,0,0,0,0,0,0,0
53,2017-04-13,09:30:25,200,IF1704,CCFX,3492.6,3491.8,3495.8,142,148848780,28933,29036,3847.4,3148.2,3497.8,3496,0.0,3495.6,0.0,0,0,2017-04-13,34225200,3492.4,2,0,0,0,0,0,0,0,0,3492.6,7,0,0,0,0,0,0,0,0
54,2017-04-13,09:30:25,700,IF1704,CCFX,3492.4,3491.8,3495.8,145,151992000,28933,29036,3847.4,3148.2,3497.8,3496,0.0,3495.6,0.0,0,0,2017-04-13,34225700,3492.2,3,0,0,0,0,0,0,0,0,3492.6,6,0,0,0,0,0,0,0,0
55,2017-04-13,09:30:26,200,IF1704,CCFX,3492.2,3491.8,3495.8,148,155135040,28930,29036,3847.4,3148.2,3497.8,3496,0.0,3495.6,0.0,0,0,2017-04-13,34226200,3492.2,1,0,0,0,0,0,0,0,0,3492.6,6,0,0,0,0,0,0,0,0
56,2017-04-13,09:30:26,700,IF1704,CCFX,3492.2,3491.8,3495.8,149,156182700,28929,29036,3847.4,3148.2,3497.8,3496,0.0,3495.6,0.0,0,0,2017-04-13,34226700,3492.0,2,0,0,0,0,0,0,0,0,3492.6,6,0,0,0,0,0,0,0,0
57,2017-04-13,09:30:27,200,IF1704,CCFX,3492.2,3491.8,3495.8,149,156182700,28929,29036,3847.4,3148.2,3497.8,3496,0.0,3495.6,0.0,0,0,2017-04-13,34227200,3492.0,2,0,0,0,0,0,0,0,0,3492.6,6,0,0,0,0,0,0,0,0
58,2017-04-13,09:30:27,700,IF1704,CCFX,3492.2,3491.8,3495.8,149,156182700,28929,29036,3847.4,3148.2,3497.8,3496,0.0,3495.6,0.0,0,0,2017-04-13,34227700,3492.0,2,0,0,0,0,0,0,0,0,3492.6,6,0,0,0,0,0,0,0,0
59,2017-04-13,09:30:28,200,IF1704,CCFX,3492.2,3491.8,3495.8,149,156182700,28929,29036,3847.4,3148.2,3497.8,3496,0.0,3495.6,0.0,0,0,2017-04-13,34228200,3492.0,2,0,0,0,0,0,0,0,0,3492.6,6,0,0,0,0,0,0,0,0
60,2017-04-13,09:30:29,200,IF1704,CCFX,3492.2,3491.8,3495.8,149,156182700,28929,29036,3847.4,3148.2,3497.8,3496,0.0,3495.6,0.0,0,0,2017-04-13,34229200,3492.0,2,0,0,0,0,0,0,0,0,3492.6,6,0,0,0,0,0,0,0,0
61,2017-04-13,09:30:29,700,IF1704,CCFX,3492.0,3491.8,3495.8,151,158278080,28928,29036,3847.4,3148.2,3497.8,3496,0.0,3495.6,0.0,0,0,2017-04-13,34229700,3492.0,1,0,0,0,0,0,0,0,0,3492.6,5,0,0,0,0,0,0,0,0
62,2017-04-13,09:30:30,200,IF1704,CCFX,3492.6,3491.8,3495.8,153,160373460,28927,29036,3847.4,3148.2,3497.8,3496,0.0,3495.6,0.0,0,0,2017-04-13,34230200,3491.8,2,0,0,0,0,0,0,0,0,3492.6,4,0,0,0,0,0,0,0,0
63,2017-04-13,09:30:30,700,IF1704,CCFX,3492.6,3491.8,3495.8,153,160373460,28927,29036,3847.4,3148.2,3497.8,3496,0.0,3495.6,0.0,0,0,2017-04-13,34230700,3491.8,2,0,0,0,0,0,0,0,0,3492.6,4,0,0,0,0,0,0,0,0
64,2017-04-13,09:30:31,200,IF1704,CCFX,3491.8,3491.8,3495.8,154,161421000,28926,29036,3847.4,3148.2,3497.8,3496,0.0,3495.6,0.0,0,0,2017-04-13,34231200,3492.0,2,0,0,0,0,0,0,0,0,3492.6,4,0,0,0,0,0,0,0,0
65,2017-04-13,09:30:31,700,IF1704,CCFX,3491.8,3491.8,3495.8,154,161421000,28926,29036,3847.4,3148.2,3497.8,3496,0.0,3495.6,0.0,0,0,2017-04-13,34231700,3492.0,2,0,0,0,0,0,0,0,0,3492.6,4,0,0,0,0,0,0,0,0
66,2017-04-13,09:30:32,200,IF1704,CCFX,3491.8,3491.8,3495.8,156,163516080,28926,29036,3847.4,3148.2,3497.8,3496,0.0,3495.6,0.0,0,0,2017-04-13,34232200,3492.2,2,0,0,0,0,0,0,0,0,3492.6,4,0,0,0,0,0,0,0,0
67,2017-04-13,09:30:32,700,IF1704,CCFX,3492.6,3491.8,3495.8,159,166659000,28926,29036,3847.4,3148.2,3497.8,3496,0.0,3495.6,0.0,0,0,2017-04-13,34232700,3491.4,1,0,0,0,0,0,0,0,0,3492.0,3,0,0,0,0,0,0,0,0
68,2017-04-13,09:30:33,200,IF1704,CCFX,3492.6,3491.8,3495.8,159,166659000,28926,29036,3847.4,3148.2,3497.8,3496,0.0,3495.6,0.0,0,0,2017-04-13,34233200,3491.4,1,0,0,0,0,0,0,0,0,3492.0,3,0,0,0,0,0,0,0,0
69,2017-04-13,09:30:33,700,IF1704,CCFX,3492.6,3491.8,3495.8,159,166659000,28926,29036,3847.4,3148.2,3497.8,3496,0.0,3495.6,0.0,0,0,2017-04-13,34233700,3491.4,1,0,0,0,0,0,0,0,0,3492.0,3,0,0,0,0,0,0,0,0
70,2017-04-13,09:30:34,200,IF1704,CCFX,3491.6,3491.6,3495.8,160,167706480,28925,29036,3847.4,3148.2,3497.8,3496,0.0,3495.6,0.0,0,0,2017-04-13,34234200,3491.4,1,0,0,0,0,0,0,0,0,3492.0,4,0,0,0,0,0,0,0,0
71,2017-04-13,09:30:34,700,IF1704,CCFX,3491.6,3491.6,3495.8,160,167706480,28925,29036,3847.4,3148.2,3497.8,3496,0.0,3495.6,0.0,0,0,2017-04-13,34234700,3491.4,1,0,0,0,0,0,0,0,0,3492.0,4,0,0,0,0,0,0,0,0
72,2017-04-13,09:30:35,200,IF1704,CCFX,3492.0,3491.4,3495.8,162,169801500,28924,29036,3847.4,3148.2,3497.8,3496,0.0,3495.6,0.0,0,0,2017-04-13,34235200,3491.2,4,0,0,0,0,0,0,0,0,3492.0,3,0,0,0,0,0,0,0,0
73,2017-04-13,09:30:35,700,IF1704,CCFX,3492.0,3491.4,3495.8,162,169801500,28924,29036,3847.4,3148.2,3497.8,3496,0.0,3495.6,0.0,0,0,2017-04-13,34235700,3491.2,4,0,0,0,0,0,0,0,0,3492.0,3,0,0,0,0,0,0,0,0
74,2017-04-13,09:30:36,200,IF1704,CCFX,3492.0,3491.4,3495.8,164,171896700,28922,29036,3847.4,3148.2,3497.8,3496,0.0,3495.6,0.0,0,0,2017-04-13,34236200,3491.4,1,0,0,0,0,0,0,0,0,3492.0,1,0,0,0,0,0,0,0,0
75,2017-04-13,09:30:36,700,IF1704,CCFX,3492.0,3491.4,3495.8,164,171896700,28922,29036,3847.4,3148.2,3497.8,3496,0.0,3495.6,0.0,0,0,2017-04-13,34236700,3491.6,2,0,0,0,0,0,0,0,0,3492.0,1,0,0,0,0,0,0,0,0
76,2017-04-13,09:30:37,200,IF1704,CCFX,3492.0,3491.4,3495.8,165,172944300,28921,29036,3847.4,3148.2,3497.8,3496,0.0,3495.6,0.0,0,0,2017-04-13,34237200,3492.0,1,0,0,0,0,0,0,0,0,3492.2,1,0,0,0,0,0,0,0,0
77,2017-04-13,09:30:37,700,IF1704,CCFX,3492.2,3491.4,3495.8,167,175039620,28919,29036,3847.4,3148.2,3497.8,3496,0.0,3495.6,0.0,0,0,2017-04-13,34237700,3492.0,1,0,0,0,0,0,0,0,0,3492.6,3,0,0,0,0,0,0,0,0
78,2017-04-13,09:30:38,200,IF1704,CCFX,3492.0,3491.4,3495.8,168,176087220,28918,29036,3847.4,3148.2,3497.8,3496,0.0,3495.6,0.0,0,0,2017-04-13,34238200,3491.8,1,0,0,0,0,0,0,0,0,3492.6,3,0,0,0,0,0,0,0,0
79,2017-04-13,09:30:38,700,IF1704,CCFX,3492.0,3491.4,3495.8,168,176087220,28918,29036,3847.4,3148.2,3497.8,3496,0.0,3495.6,0.0,0,0,2017-04-13,34238700,3491.8,1,0,0,0,0,0,0,0,0,3492.6,3,0,0,0,0,0,0,0,0
80,2017-04-13,09:30:39,200,IF1704,CCFX,3492.0,3491.4,3495.8,168,176087220,28918,29036,3847.4,3148.2,3497.8,3496,0.0,3495.6,0.0,0,0,2017-04-13,34239200,3492.0,1,0,0,0,0,0,0,0,0,3492.6,3,0,0,0,0,0,0,0,0
81,2017-04-13,09:30:40,200,IF1704,CCFX,3492.0,3491.4,3495.8,168,176087220,28918,29036,3847.4,3148.2,3497.8,3496,0.0,3495.6,0.0,0,0,2017-04-13,34240200,3492.0,1,0,0,0,0,0,0,0,0,3492.4,1,0,0,0,0,0,0,0,0
82,2017-04-13,09:30:40,700,IF1704,CCFX,3492.0,3491.4,3495.8,168,176087220,28918,29036,3847.4,3148.2,3497.8,3496,0.0,3495.6,0.0,0,0,2017-04-13,34240700,3492.0,1,0,0,0,0,0,0,0,0,3492.4,2,0,0,0,0,0,0,0,0
83,2017-04-13,09:30:41,200,IF1704,CCFX,3492.0,3491.4,3495.8,168,176087220,28918,29036,3847.4,3148.2,3497.8,3496,0.0,3495.6,0.0,0,0,2017-04-13,34241200,3492.0,1,0,0,0,0,0,0,0,0,3492.4,2,0,0,0,0,0,0,0,0
84,2017-04-13,09:30:41,700,IF1704,CCFX,3492.4,3491.4,3495.8,169,177134940,28917,29036,3847.4,3148.2,3497.8,3496,0.0,3495.6,0.0,0,0,2017-04-13,34241700,3492.0,1,0,0,0,0,0,0,0,0,3492.4,1,0,0,0,0,0,0,0,0
85,2017-04-13,09:30:42,200,IF1704,CCFX,3492.4,3491.4,3495.8,170,178182660,28916,29036,3847.4,3148.2,3497.8,3496,0.0,3495.6,0.0,0,0,2017-04-13,34242200,3492.4,1,0,0,0,0,0,0,0,0,3492.6,3,0,0,0,0,0,0,0,0
86,2017-04-13,09:30:43,200,IF1704,CCFX,3492.4,3491.4,3495.8,172,180278160,28915,29036,3847.4,3148.2,3497.8,3496,0.0,3495.6,0.0,0,0,2017-04-13,34243200,3492.0,1,0,0,0,0,0,0,0,0,3492.6,2,0,0,0,0,0,0,0,0
87,2017-04-13,09:30:43,700,IF1704,CCFX,3492.0,3491.4,3495.8,173,181325760,28914,29036,3847.4,3148.2,3497.8,3496,0.0,3495.6,0.0,0,0,2017-04-13,34243700,3492.2,1,0,0,0,0,0,0,0,0,3492.6,3,0,0,0,0,0,0,0,0
88,2017-04-13,09:30:44,200,IF1704,CCFX,3492.0,3491.4,3495.8,174,182373360,28913,29036,3847.4,3148.2,3497.8,3496,0.0,3495.6,0.0,0,0,2017-04-13,34244200,3492.0,5,0,0,0,0,0,0,0,0,3492.6,3,0,0,0,0,0,0,0,0
89,2017-04-13,09:30:44,700,IF1704,CCFX,3492.0,3491.4,3495.8,174,182373360,28913,29036,3847.4,3148.2,3497.8,3496,0.0,3495.6,0.0,0,0,2017-04-13,34244700,3492.0,6,0,0,0,0,0,0,0,0,3492.4,1,0,0,0,0,0,0,0,0
90,2017-04-13,09:30:45,200,IF1704,CCFX,3492.0,3491.4,3495.8,174,182373360,28913,29036,3847.4,3148.2,3497.8,3496,0.0,3495.6,0.0,0,0,2017-04-13,34245200,3492.0,6,0,0,0,0,0,0,0,0,3492.4,2,0,0,0,0,0,0,0,0
91,2017-04-13,09:30:45,700,IF1704,CCFX,3492.4,3491.4,3495.8,176,184468680,28911,29036,3847.4,3148.2,3497.8,3496,0.0,3495.6,0.0,0,0,2017-04-13,34245700,3492.0,5,0,0,0,0,0,0,0,0,3492.4,1,0,0,0,0,0,0,0,0
92,2017-04-13,09:30:46,200,IF1704,CCFX,3492.6,3491.4,3495.8,180,188659560,28909,29036,3847.4,3148.2,3497.8,3496,0.0,3495.6,0.0,0,0,2017-04-13,34246200,3492.6,1,0,0,0,0,0,0,0,0,3493.6,1,0,0,0,0,0,0,0,0
93,2017-04-13,09:30:46,700,IF1704,CCFX,3492.6,3491.4,3495.8,181,189707340,28908,29036,3847.4,3148.2,3497.8,3496,0.0,3495.6,0.0,0,0,2017-04-13,34246700,3492.0,4,0,0,0,0,0,0,0,0,3493.6,1,0,0,0,0,0,0,0,0
94,2017-04-13,09:30:47,200,IF1704,CCFX,3492.2,3491.4,3495.8,182,190755000,28907,29036,3847.4,3148.2,3497.8,3496,0.0,3495.6,0.0,0,0,2017-04-13,34247200,3492.2,5,0,0,0,0,0,0,0,0,3493.4,5,0,0,0,0,0,0,0,0
95,2017-04-13,09:30:47,700,IF1704,CCFX,3492.2,3491.4,3495.8,183,191802660,28906,29036,3847.4,3148.2,3497.8,3496,0.0,3495.6,0.0,0,0,2017-04-13,34247700,3492.2,4,0,0,0,0,0,0,0,0,3493.4,5,0,0,0,0,0,0,0,0
96,2017-04-13,09:30:48,200,IF1704,CCFX,3492.2,3491.4,3495.8,183,191802660,28906,29036,3847.4,3148.2,3497.8,3496,0.0,3495.6,0.0,0,0,2017-04-13,34248200,3492.4,1,0,0,0,0,0,0,0,0,3493.4,5,0,0,0,0,0,0,0,0
97,2017-04-13,09:30:48,700,IF1704,CCFX,3492.2,3491.4,3495.8,183,191802660,28906,29036,3847.4,3148.2,3497.8,3496,0.0,3495.6,0.0,0,0,2017-04-13,34248700,3492.6,5,0,0,0,0,0,0,0,0,3493.4,5,0,0,0,0,0,0,0,0
98,2017-04-13,09:30:49,200,IF1704,CCFX,3492.2,3491.4,3495.8,183,191802660,28906,29036,3847.4,3148.2,3497.8,3496,0.0,3495.6,0.0,0,0,2017-04-13,34249200,3492.6,5,0,0,0,0,0,0,0,0,3493.2,1,0,0,0,0,0,0,0,0
99,2017-04-13,09:30:49,700,IF1704,CCFX,3492.2,3491.4,3495.8,183,191802660,28906,29036,3847.4,3148.2,3497.8,3496,0.0,3495.6,0.0,0,0,2017-04-13,34249700,3492.6,5,0,0,0,0,0,0,0,0,3493.2,1,0,0,0,0,0,0,0,0
100,2017-04-13,09:30:50,200,IF1704,CCFX,3492.2,3491.4,3495.8,183,191802660,28906,29036,3847.4,3148.2,3497.8,3496,0.0,3495.6,0.0,0,0,2017-04-13,34250200,3492.6,5,0,0,0,0,0,0,0,0,3493.2,1,0,0,0,0,0,0,0,0
101,2017-04-13,09:30:50,700,IF1704,CCFX,3492.2,3491.4,3495.8,183,191802660,28906,29036,3847.4,3148.2,3497.8,3496,0.0,3495.6,0.0,0,0,2017-04-13,34250700,3492.6,5,0,0,0,0,0,0,0,0,3493.2,1,0,0,0,0,0,0,0,0
102,2017-04-13,09:30:51,200,IF1704,CCFX,3492.6,3491.4,3495.8,184,192850440,28905,29036,3847.4,3148.2,3497.8,3496,0.0,3495.6,0.0,0,0,2017-04-13,34251200,3492.6,4,0,0,0,0,0,0,0,0,3493.2,1,0,0,0,0,0,0,0,0
103,2017-04-13,09:30:51,700,IF1704,CCFX,3492.6,3491.4,3495.8,187,195993780,28902,29036,3847.4,3148.2,3497.8,3496,0.0,3495.6,0.0,0,0,2017-04-13,34251700,3492.6,2,0,0,0,0,0,0,0,0,3493.2,1,0,0,0,0,0,0,0,0
104,2017-04-13,09:30:52,200,IF1704,CCFX,3492.6,3491.4,3495.8,187,195993780,28902,29036,3847.4,3148.2,3497.8,3496,0.0,3495.6,0.0,0,0,2017-04-13,34252200,3492.6,2,0,0,0,0,0,0,0,0,3493.2,1,0,0,0,0,0,0,0,0
105,2017-04-13,09:30:52,700,IF1704,CCFX,3492.6,3491.4,3495.8,190,199137300,28900,29036,3847.4,3148.2,3497.8,3496,0.0,3495.6,0.0,0,0,2017-04-13,34252700,3492.4,4,0,0,0,0,0,0,0,0,3493.4,3,0,0,0,0,0,0,0,0
106,2017-04-13,09:30:53,200,IF1704,CCFX,3492.6,3491.4,3495.8,190,199137300,28900,29036,3847.4,3148.2,3497.8,3496,0.0,3495.6,0.0,0,0,2017-04-13,34253200,3492.4,4,0,0,0,0,0,0,0,0,3493.4,3,0,0,0,0,0,0,0,0
107,2017-04-13,09:30:54,200,IF1704,CCFX,3492.6,3491.4,3495.8,190,199137300,28900,29036,3847.4,3148.2,3497.8,3496,0.0,3495.6,0.0,0,0,2017-04-13,34254200,3492.6,1,0,0,0,0,0,0,0,0,3493.4,3,0,0,0,0,0,0,0,0
108,2017-04-13,09:30:54,700,IF1704,CCFX,3492.6,3491.4,3495.8,190,199137300,28900,29036,3847.4,3148.2,3497.8,3496,0.0,3495.6,0.0,0,0,2017-04-13,34254700,3493.2,4,0,0,0,0,0,0,0,0,3493.4,3,0,0,0,0,0,0,0,0
109,2017-04-13,09:30:55,200,IF1704,CCFX,3493.2,3491.4,3495.8,193,202281240,28897,29036,3847.4,3148.2,3497.8,3496,0.0,3495.6,0.0,0,0,2017-04-13,34255200,3493.2,2,0,0,0,0,0,0,0,0,3493.4,1,0,0,0,0,0,0,0,0
110,2017-04-13,09:30:55,700,IF1704,CCFX,3493.4,3491.4,3495.8,194,203329260,28896,29036,3847.4,3148.2,3497.8,3496,0.0,3495.6,0.0,0,0,2017-04-13,34255700,3493.2,2,0,0,0,0,0,0,0,0,3493.6,2,0,0,0,0,0,0,0,0
111,2017-04-13,09:30:56,200,IF1704,CCFX,3493.2,3491.4,3495.8,195,204377220,28895,29036,3847.4,3148.2,3497.8,3496,0.0,3495.6,0.0,0,0,2017-04-13,34256200,3493.2,1,0,0,0,0,0,0,0,0,3493.4,1,0,0,0,0,0,0,0,0
112,2017-04-13,09:30:56,700,IF1704,CCFX,3493.2,3491.4,3495.8,195,204377220,28895,29036,3847.4,3148.2,3497.8,3496,0.0,3495.6,0.0,0,0,2017-04-13,34256700,3493.2,1,0,0,0,0,0,0,0,0,3493.4,1,0,0,0,0,0,0,0,0
113,2017-04-13,09:30:57,200,IF1704,CCFX,3493.2,3491.4,3495.8,196,205425180,28894,29036,3847.4,3148.2,3497.8,3496,0.0,3495.6,0.0,0,0,2017-04-13,34257200,3492.6,2,0,0,0,0,0,0,0,0,3493.2,1,0,0,0,0,0,0,0,0
114,2017-04-13,09:30:58,200,IF1704,CCFX,3493.4,3491.4,3495.8,198,207521160,28892,29036,3847.4,3148.2,3497.8,3496,0.0,3495.6,0.0,0,0,2017-04-13,34258200,3493.4,1,0,0,0,0,0,0,0,0,3493.6,2,0,0,0,0,0,0,0,0
115,2017-04-13,09:30:58,700,IF1704,CCFX,3492.6,3491.4,3495.8,200,209616960,28890,29036,3847.4,3148.2,3497.8,3496,0.0,3495.6,0.0,0,0,2017-04-13,34258700,3492.8,1,0,0,0,0,0,0,0,0,3493.4,3,0,0,0,0,0,0,0,0
116,2017-04-13,09:30:59,200,IF1704,CCFX,3492.6,3491.4,3495.8,200,209616960,28890,29036,3847.4,3148.2,3497.8,3496,0.0,3495.6,0.0,0,0,2017-04-13,34259200,3492.8,1,0,0,0,0,0,0,0,0,3493.4,3,0,0,0,0,0,0,0,0
117,2017-04-13,09:30:59,700,IF1704,CCFX,3492.6,3491.4,3495.8,200,209616960,28890,29036,3847.4,3148.2,3497.8,3496,0.0,3495.6,0.0,0,0,2017-04-13,34259700,3492.8,1,0,0,0,0,0,0,0,0,3493.4,2,0,0,0,0,0,0,0,0
118,2017-04-13,09:31:00,200,IF1704,CCFX,3493.4,3491.4,3495.8,202,211712940,28888,29036,3847.4,3148.2,3497.8,3496,0.0,3495.6,0.0,0,0,2017-04-13,34260200,3493.0,1,0,0,0,0,0,0,0,0,3493.4,1,0,0,0,0,0,0,0,0
119,2017-04-13,09:31:00,700,IF1704,CCFX,3493.4,3491.4,3495.8,203,212760960,28887,29036,3847.4,3148.2,3497.8,3496,0.0,3495.6,0.0,0,0,2017-04-13,34260700,3493.0,1,0,0,0,0,0,0,0,0,3493.4,2,0,0,0,0,0,0,0,0
120,2017-04-13,09:31:01,200,IF1704,CCFX,3493.4,3491.4,3495.8,205,214857000,28885,29036,3847.4,3148.2,3497.8,3496,0.0,3495.6,0.0,0,0,2017-04-13,34261200,3493.0,1,0,0,0,0,0,0,0,0,3493.2,1,0,0,0,0,0,0,0,0
121,2017-04-13,09:31:01,700,IF1704,CCFX,3493.0,3491.4,3495.8,207,216952860,28884,29036,3847.4,3148.2,3497.8,3496,0.0,3495.6,0.0,0,0,2017-04-13,34261700,3493.2,1,0,0,0,0,0,0,0,0,3493.6,2,0,0,0,0,0,0,0,0
122,2017-04-13,09:31:02,200,IF1704,CCFX,3493.2,3491.4,3495.8,208,218000820,28883,29036,3847.4,3148.2,3497.8,3496,0.0,3495.6,0.0,0,0,2017-04-13,34262200,3493.2,1,0,0,0,0,0,0,0,0,3493.6,2,0,0,0,0,0,0,0,0
123,2017-04-13,09:31:02,700,IF1704,CCFX,3493.2,3491.4,3495.8,208,218000820,28883,29036,3847.4,3148.2,3497.8,3496,0.0,3495.6,0.0,0,0,2017-04-13,34262700,3493.2,1,0,0,0,0,0,0,0,0,3493.4,3,0,0,0,0,0,0,0,0
124,2017-04-13,09:31:03,200,IF1704,CCFX,3493.2,3491.4,3495.8,209,219048780,28882,29036,3847.4,3148.2,3497.8,3496,0.0,3495.6,0.0,0,0,2017-04-13,34263200,3492.8,2,0,0,0,0,0,0,0,0,3493.4,3,0,0,0,0,0,0,0,0
125,2017-04-13,09:31:03,700,IF1704,CCFX,3493.2,3491.4,3495.8,209,219048780,28882,29036,3847.4,3148.2,3497.8,3496,0.0,3495.6,0.0,0,0,2017-04-13,34263700,3493.0,1,0,0,0,0,0,0,0,0,3493.4,3,0,0,0,0,0,0,0,0
126,2017-04-13,09:31:04,200,IF1704,CCFX,3493.4,3491.4,3495.8,213,223240740,28879,29036,3847.4,3148.2,3497.8,3496,0.0,3495.6,0.0,0,0,2017-04-13,34264200,3493.4,2,0,0,0,0,0,0,0,0,3493.6,3,0,0,0,0,0,0,0,0
127,2017-04-13,09:31:04,700,IF1704,CCFX,3493.6,3491.4,3495.8,215,225336840,28877,29036,3847.4,3148.2,3497.8,3496,0.0,3495.6,0.0,0,0,2017-04-13,34264700,3493.4,3,0,0,0,0,0,0,0,0,3493.6,2,0,0,0,0,0,0,0,0
128,2017-04-13,09:31:05,200,IF1704,CCFX,3493.6,3491.4,3495.8,215,225336840,28877,29036,3847.4,3148.2,3497.8,3496,0.0,3495.6,0.0,0,0,2017-04-13,34265200,3493.4,3,0,0,0,0,0,0,0,0,3493.6,2,0,0,0,0,0,0,0,0
129,2017-04-13,09:31:05,700,IF1704,CCFX,3493.6,3491.4,3495.8,216,226384920,28876,29036,3847.4,3148.2,3497.8,3496,0.0,3495.6,0.0,0,0,2017-04-13,34265700,3493.4,3,0,0,0,0,0,0,0,0,3493.6,1,0,0,0,0,0,0,0,0
130,2017-04-13,09:31:06,200,IF1704,CCFX,3493.6,3491.4,3495.8,217,227433000,28875,29036,3847.4,3148.2,3497.8,3496,0.0,3495.6,0.0,0,0,2017-04-13,34266200,3493.4,3,0,0,0,0,0,0,0,0,3493.8,10,0,0,0,0,0,0,0,0
131,2017-04-13,09:31:06,700,IF1704,CCFX,3493.6,3491.4,3495.8,217,227433000,28875,29036,3847.4,3148.2,3497.8,3496,0.0,3495.6,0.0,0,0,2017-04-13,34266700,3493.6,4,0,0,0,0,0,0,0,0,3493.8,10,0,0,0,0,0,0,0,0
132,2017-04-13,09:31:07,200,IF1704,CCFX,3493.6,3491.4,3495.8,221,231625320,28871,29036,3847.4,3148.2,3497.8,3496,0.0,3495.6,0.0,0,0,2017-04-13,34267200,3493.4,3,0,0,0,0,0,0,0,0,3493.6,1,0,0,0,0,0,0,0,0
133,2017-04-13,09:31:07,700,IF1704,CCFX,3493.6,3491.4,3495.8,222,232673400,28870,29036,3847.4,3148.2,3497.8,3496,0.0,3495.6,0.0,0,0,2017-04-13,34267700,3493.4,3,0,0,0,0,0,0,0,0,3493.8,10,0,0,0,0,0,0,0,0
134,2017-04-13,09:31:08,200,IF1704,CCFX,3493.6,3491.4,3495.8,222,232673400,28870,29036,3847.4,3148.2,3497.8,3496,0.0,3495.6,0.0,0,0,2017-04-13,34268200,3493.4,4,0,0,0,0,0,0,0,0,3493.8,10,0,0,0,0,0,0,0,0
135,2017-04-13,09:31:08,700,IF1704,CCFX,3493.6,3491.4,3495.8,222,232673400,28870,29036,3847.4,3148.2,3497.8,3496,0.0,3495.6,0.0,0,0,2017-04-13,34268700,3493.4,4,0,0,0,0,0,0,0,0,3493.8,10,0,0,0,0,0,0,0,0
136,2017-04-13,09:31:09,700,IF1704,CCFX,3493.6,3491.4,3495.8,222,232673400,28870,29036,3847.4,3148.2,3497.8,3496,0.0,3495.6,0.0,0,0,2017-04-13,34269700,3493.4,5,0,0,0,0,0,0,0,0,3493.8,10,0,0,0,0,0,0,0,0
137,2017-04-13,09:31:10,200,IF1704,CCFX,3493.8,3491.4,3495.8,223,233721540,28870,29036,3847.4,3148.2,3497.8,3496,0.0,3495.6,0.0,0,0,2017-04-13,34270200,3493.4,5,0,0,0,0,0,0,0,0,3493.8,9,0,0,0,0,0,0,0,0
138,2017-04-13,09:31:10,700,IF1704,CCFX,3493.8,3491.4,3495.8,226,236865720,28868,29036,3847.4,3148.2,3497.8,3496,0.0,3495.6,0.0,0,0,2017-04-13,34270700,3493.6,1,0,0,0,0,0,0,0,0,3493.8,8,0,0,0,0,0,0,0,0
139,2017-04-13,09:31:11,200,IF1704,CCFX,3493.8,3491.4,3495.8,226,236865720,28868,29036,3847.4,3148.2,3497.8,3496,0.0,3495.6,0.0,0,0,2017-04-13,34271200,3493.6,1,0,0,0,0,0,0,0,0,3493.8,8,0,0,0,0,0,0,0,0
140,2017-04-13,09:31:11,700,IF1704,CCFX,3493.6,3491.4,3495.8,228,238961940,28867,29036,3847.4,3148.2,3497.8,3496,0.0,3495.6,0.0,0,0,2017-04-13,34271700,3493.4,3,0,0,0,0,0,0,0,0,3493.8,7,0,0,0,0,0,0,0,0
141,2017-04-13,09:31:12,200,IF1704,CCFX,3493.8,3491.4,3495.8,235,246298920,28867,29036,3847.4,3148.2,3497.8,3496,0.0,3495.6,0.0,0,0,2017-04-13,34272200,3493.8,3,0,0,0,0,0,0,0,0,3494.0,1,0,0,0,0,0,0,0,0
142,2017-04-13,09:31:12,700,IF1704,CCFX,3494.0,3491.4,3495.8,236,247347120,28866,29036,3847.4,3148.2,3497.8,3496,0.0,3495.6,0.0,0,0,2017-04-13,34272700,3493.8,3,0,0,0,0,0,0,0,0,3494.2,1,0,0,0,0,0,0,0,0
143,2017-04-13,09:31:13,200,IF1704,CCFX,3494.0,3491.4,3495.8,236,247347120,28866,29036,3847.4,3148.2,3497.8,3496,0.0,3495.6,0.0,0,0,2017-04-13,34273200,3493.8,4,0,0,0,0,0,0,0,0,3494.2,2,0,0,0,0,0,0,0,0
144,2017-04-13,09:31:13,700,IF1704,CCFX,3493.8,3491.4,3495.8,238,249443400,28864,29036,3847.4,3148.2,3497.8,3496,0.0,3495.6,0.0,0,0,2017-04-13,34273700,3493.8,2,0,0,0,0,0,0,0,0,3494.2,1,0,0,0,0,0,0,0,0
145,2017-04-13,09:31:14,200,IF1704,CCFX,3493.8,3491.4,3495.8,238,249443400,28864,29036,3847.4,3148.2,3497.8,3496,0.0,3495.6,0.0,0,0,2017-04-13,34274200,3493.8,2,0,0,0,0,0,0,0,0,3494.2,1,0,0,0,0,0,0,0,0
146,2017-04-13,09:31:14,700,IF1704,CCFX,3494.2,3491.4,3495.8,239,250491660,28864,29036,3847.4,3148.2,3497.8,3496,0.0,3495.6,0.0,0,0,2017-04-13,34274700,3493.8,2,0,0,0,0,0,0,0,0,3494.4,1,0,0,0,0,0,0,0,0
147,2017-04-13,09:31:15,200,IF1704,CCFX,3494.4,3491.4,3495.8,240,251539980,28864,29036,3847.4,3148.2,3497.8,3496,0.0,3495.6,0.0,0,0,2017-04-13,34275200,3493.8,4,0,0,0,0,0,0,0,0,3494.6,1,0,0,0,0,0,0,0,0
148,2017-04-13,09:31:15,700,IF1704,CCFX,3494.4,3491.4,3495.8,241,252588300,28863,29036,3847.4,3148.2,3497.8,3496,0.0,3495.6,0.0,0,0,2017-04-13,34275700,3494.4,3,0,0,0,0,0,0,0,0,3494.6,1,0,0,0,0,0,0,0,0
149,2017-04-13,09:31:16,200,IF1704,CCFX,3494.4,3491.4,3495.8,243,254684940,28861,29036,3847.4,3148.2,3497.8,3496,0.0,3495.6,0.0,0,0,2017-04-13,34276200,3494.4,1,0,0,0,0,0,0,0,0,3494.6,1,0,0,0,0,0,0,0,0
150,2017-04-13,09:31:16,700,IF1704,CCFX,3494.4,3491.4,3495.8,244,255733260,28860,29036,3847.4,3148.2,3497.8,3496,0.0,3495.6,0.0,0,0,2017-04-13,34276700,3494.2,1,0,0,0,0,0,0,0,0,3494.6,1,0,0,0,0,0,0,0,0
151,2017-04-13,09:31:17,200,IF1704,CCFX,3494.6,3491.4,3495.8,246,257829900,28858,29036,3847.4,3148.2,3497.8,3496,0.0,3495.6,0.0,0,0,2017-04-13,34277200,3493.8,4,0,0,0,0,0,0,0,0,3494.2,1,0,0,0,0,0,0,0,0
152,2017-04-13,09:31:17,700,IF1704,CCFX,3494.6,3491.4,3495.8,246,257829900,28858,29036,3847.4,3148.2,3497.8,3496,0.0,3495.6,0.0,0,0,2017-04-13,34277700,3493.8,3,0,0,0,0,0,0,0,0,3494.2,1,0,0,0,0,0,0,0,0
153,2017-04-13,09:31:18,200,IF1704,CCFX,3494.2,3491.4,3495.8,247,258878160,28857,29036,3847.4,3148.2,3497.8,3496,0.0,3495.6,0.0,0,0,2017-04-13,34278200,3493.8,3,0,0,0,0,0,0,0,0,3494.4,1,0,0,0,0,0,0,0,0
154,2017-04-13,09:31:18,700,IF1704,CCFX,3494.2,3491.4,3495.8,247,258878160,28857,29036,3847.4,3148.2,3497.8,3496,0.0,3495.6,0.0,0,0,2017-04-13,34278700,3493.8,3,0,0,0,0,0,0,0,0,3494.4,1,0,0,0,0,0,0,0,0
155,2017-04-13,09:31:19,200,IF1704,CCFX,3494.2,3491.4,3495.8,247,258878160,28857,29036,3847.4,3148.2,3497.8,3496,0.0,3495.6,0.0,0,0,2017-04-13,34279200,3493.8,3,0,0,0,0,0,0,0,0,3494.4,2,0,0,0,0,0,0,0,0
156,2017-04-13,09:31:19,700,IF1704,CCFX,3494.2,3491.4,3495.8,247,258878160,28857,29036,3847.4,3148.2,3497.8,3496,0.0,3495.6,0.0,0,0,2017-04-13,34279700,3493.8,3,0,0,0,0,0,0,0,0,3494.2,1,0,0,0,0,0,0,0,0
157,2017-04-13,09:31:20,700,IF1704,CCFX,3494.2,3491.4,3495.8,247,258878160,28857,29036,3847.4,3148.2,3497.8,3496,0.0,3495.6,0.0,0,0,2017-04-13,34280700,3493.8,3,0,0,0,0,0,0,0,0,3494.2,1,0,0,0,0,0,0,0,0
158,2017-04-13,09:31:21,200,IF1704,CCFX,3494.2,3491.4,3495.8,247,258878160,28857,29036,3847.4,3148.2,3497.8,3496,0.0,3495.6,0.0,0,0,2017-04-13,34281200,3493.8,5,0,0,0,0,0,0,0,0,3494.2,1,0,0,0,0,0,0,0,0
159,2017-04-13,09:31:21,700,IF1704,CCFX,3494.2,3491.4,3495.8,249,260974560,28856,29036,3847.4,3148.2,3497.8,3496,0.0,3495.6,0.0,0,0,2017-04-13,34281700,3494.0,3,0,0,0,0,0,0,0,0,3494.4,2,0,0,0,0,0,0,0,0
160,2017-04-13,09:31:23,200,IF1704,CCFX,3494.2,3491.4,3495.8,249,260974560,28856,29036,3847.4,3148.2,3497.8,3496,0.0,3495.6,0.0,0,0,2017-04-13,34283200,3494.0,3,0,0,0,0,0,0,0,0,3494.4,3,0,0,0,0,0,0,0,0
161,2017-04-13,09:31:23,700,IF1704,CCFX,3494.2,3491.4,3495.8,249,260974560,28856,29036,3847.4,3148.2,3497.8,3496,0.0,3495.6,0.0,0,0,2017-04-13,34283700,3494.0,3,0,0,0,0,0,0,0,0,3494.4,3,0,0,0,0,0,0,0,0
162,2017-04-13,09:31:24,200,IF1704,CCFX,3494.2,3491.4,3495.8,249,260974560,28856,29036,3847.4,3148.2,3497.8,3496,0.0,3495.6,0.0,0,0,2017-04-13,34284200,3494.0,3,0,0,0,0,0,0,0,0,3494.4,4,0,0,0,0,0,0,0,0
163,2017-04-13,09:31:25,200,IF1704,CCFX,3494.2,3491.4,3495.8,249,260974560,28856,29036,3847.4,3148.2,3497.8,3496,0.0,3495.6,0.0,0,0,2017-04-13,34285200,3494.0,3,0,0,0,0,0,0,0,0,3494.2,1,0,0,0,0,0,0,0,0
164,2017-04-13,09:31:25,700,IF1704,CCFX,3494.2,3491.4,3495.8,249,260974560,28856,29036,3847.4,3148.2,3497.8,3496,0.0,3495.6,0.0,0,0,2017-04-13,34285700,3494.0,5,0,0,0,0,0,0,0,0,3494.2,1,0,0,0,0,0,0,0,0
165,2017-04-13,09:31:26,200,IF1704,CCFX,3494.2,3491.4,3495.8,250,262022820,28855,29036,3847.4,3148.2,3497.8,3496,0.0,3495.6,0.0,0,0,2017-04-13,34286200,3494.0,5,0,0,0,0,0,0,0,0,3494.4,4,0,0,0,0,0,0,0,0
166,2017-04-13,09:31:26,700,IF1704,CCFX,3494.2,3491.4,3495.8,250,262022820,28855,29036,3847.4,3148.2,3497.8,3496,0.0,3495.6,0.0,0,0,2017-04-13,34286700,3494.0,6,0,0,0,0,0,0,0,0,3494.4,4,0,0,0,0,0,0,0,0
167,2017-04-13,09:31:27,200,IF1704,CCFX,3494.2,3491.4,3495.8,250,262022820,28855,29036,3847.4,3148.2,3497.8,3496,0.0,3495.6,0.0,0,0,2017-04-13,34287200,3494.2,1,0,0,0,0,0,0,0,0,3494.4,4,0,0,0,0,0,0,0,0
168,2017-04-13,09:31:27,700,IF1704,CCFX,3494.2,3491.4,3495.8,251,263071080,28855,29036,3847.4,3148.2,3497.8,3496,0.0,3495.6,0.0,0,0,2017-04-13,34287700,3494.0,6,0,0,0,0,0,0,0,0,3494.4,4,0,0,0,0,0,0,0,0
169,2017-04-13,09:31:28,200,IF1704,CCFX,3494.0,3491.4,3495.8,252,264119280,28854,29036,3847.4,3148.2,3497.8,3496,0.0,3495.6,0.0,0,0,2017-04-13,34288200,3494.2,1,0,0,0,0,0,0,0,0,3494.4,4,0,0,0,0,0,0,0,0
170,2017-04-13,09:31:28,700,IF1704,CCFX,3494.0,3491.4,3495.8,252,264119280,28854,29036,3847.4,3148.2,3497.8,3496,0.0,3495.6,0.0,0,0,2017-04-13,34288700,3494.2,1,0,0,0,0,0,0,0,0,3494.4,4,0,0,0,0,0,0,0,0
171,2017-04-13,09:31:29,700,IF1704,CCFX,3494.4,3491.4,3495.8,254,266215920,28854,29036,3847.4,3148.2,3497.8,3496,0.0,3495.6,0.0,0,0,2017-04-13,34289700,3494.2,1,0,0,0,0,0,0,0,0,3494.4,2,0,0,0,0,0,0,0,0
172,2017-04-13,09:31:30,200,IF1704,CCFX,3494.4,3491.4,3495.8,255,267264240,28854,29036,3847.4,3148.2,3497.8,3496,0.0,3495.6,0.0,0,0,2017-04-13,34290200,3494.2,2,0,0,0,0,0,0,0,0,3494.4,1,0,0,0,0,0,0,0,0
173,2017-04-13,09:31:30,700,IF1704,CCFX,3494.4,3491.4,3495.8,258,270409200,28852,29036,3847.4,3148.2,3497.8,3496,0.0,3495.6,0.0,0,0,2017-04-13,34290700,3494.2,4,0,0,0,0,0,0,0,0,3494.8,1,0,0,0,0,0,0,0,0
174,2017-04-13,09:31:31,200,IF1704,CCFX,3494.8,3491.4,3495.8,260,272505960,28850,29036,3847.4,3148.2,3497.8,3496,0.0,3495.6,0.0,0,0,2017-04-13,34291200,3494.2,4,0,0,0,0,0,0,0,0,3495.0,3,0,0,0,0,0,0,0,0
175,2017-04-13,09:31:31,700,IF1704,CCFX,3494.8,3491.4,3495.8,260,272505960,28850,29036,3847.4,3148.2,3497.8,3496,0.0,3495.6,0.0,0,0,2017-04-13,34291700,3494.4,1,0,0,0,0,0,0,0,0,3495.0,3,0,0,0,0,0,0,0,0
176,2017-04-13,09:31:32,200,IF1704,CCFX,3494.8,3491.4,3495.8,260,272505960,28850,29036,3847.4,3148.2,3497.8,3496,0.0,3495.6,0.0,0,0,2017-04-13,34292200,3494.4,1,0,0,0,0,0,0,0,0,3495.0,3,0,0,0,0,0,0,0,0
177,2017-04-13,09:31:32,700,IF1704,CCFX,3494.8,3491.4,3495.8,261,273554400,28849,29036,3847.4,3148.2,3497.8,3496,0.0,3495.6,0.0,0,0,2017-04-13,34292700,3494.4,3,0,0,0,0,0,0,0,0,3495.0,3,0,0,0,0,0,0,0,0
178,2017-04-13,09:31:33,700,IF1704,CCFX,3495.0,3491.4,3495.8,262,274602900,28849,29036,3847.4,3148.2,3497.8,3496,0.0,3495.6,0.0,0,0,2017-04-13,34293700,3494.4,4,0,0,0,0,0,0,0,0,3495.0,2,0,0,0,0,0,0,0,0
179,2017-04-13,09:31:35,200,IF1704,CCFX,3495.0,3491.4,3495.8,262,274602900,28849,29036,3847.4,3148.2,3497.8,3496,0.0,3495.6,0.0,0,0,2017-04-13,34295200,3494.6,1,0,0,0,0,0,0,0,0,3495.0,2,0,0,0,0,0,0,0,0
180,2017-04-13,09:31:35,700,IF1704,CCFX,3495.0,3491.4,3495.8,264,276699900,28848,29036,3847.4,3148.2,3497.8,3496,0.0,3495.6,0.0,0,0,2017-04-13,34295700,3494.6,1,0,0,0,0,0,0,0,0,3495.2,6,0,0,0,0,0,0,0,0
181,2017-04-13,09:31:36,200,IF1704,CCFX,3495.0,3491.4,3495.8,264,276699900,28848,29036,3847.4,3148.2,3497.8,3496,0.0,3495.6,0.0,0,0,2017-04-13,34296200,3494.6,2,0,0,0,0,0,0,0,0,3495.2,6,0,0,0,0,0,0,0,0
182,2017-04-13,09:31:36,700,IF1704,CCFX,3495.2,3491.4,3495.8,265,277748460,28847,29036,3847.4,3148.2,3497.8,3496,0.0,3495.6,0.0,0,0,2017-04-13,34296700,3494.6,2,0,0,0,0,0,0,0,0,3495.2,5,0,0,0,0,0,0,0,0
183,2017-04-13,09:31:37,200,IF1704,CCFX,3495.2,3491.4,3495.8,266,278797020,28846,29036,3847.4,3148.2,3497.8,3496,0.0,3495.6,0.0,0,0,2017-04-13,34297200,3495.0,2,0,0,0,0,0,0,0,0,3495.2,4,0,0,0,0,0,0,0,0
184,2017-04-13,09:31:37,700,IF1704,CCFX,3495.0,3491.4,3495.8,269,281942580,28843,29036,3847.4,3148.2,3497.8,3496,0.0,3495.6,0.0,0,0,2017-04-13,34297700,3494.6,2,0,0,0,0,0,0,0,0,3495.2,3,0,0,0,0,0,0,0,0
185,2017-04-13,09:31:38,200,IF1704,CCFX,3495.0,3491.4,3495.8,269,281942580,28843,29036,3847.4,3148.2,3497.8,3496,0.0,3495.6,0.0,0,0,2017-04-13,34298200,3495.0,1,0,0,0,0,0,0,0,0,3495.2,3,0,0,0,0,0,0,0,0
186,2017-04-13,09:31:38,700,IF1704,CCFX,3495.2,3491.4,3495.8,271,284039700,28841,29036,3847.4,3148.2,3497.8,3496,0.0,3495.6,0.0,0,0,2017-04-13,34298700,3495.0,3,0,0,0,0,0,0,0,0,3495.2,1,0,0,0,0,0,0,0,0
187,2017-04-13,09:31:39,200,IF1704,CCFX,3495.4,3491.4,3495.8,273,286136880,28840,29036,3847.4,3148.2,3497.8,3496,0.0,3495.6,0.0,0,0,2017-04-13,34299200,3495.2,4,0,0,0,0,0,0,0,0,3496.0,1,0,0,0,0,0,0,0,0
188,2017-04-13,09:31:39,700,IF1704,CCFX,3495.4,3491.4,3495.8,273,286136880,28840,29036,3847.4,3148.2,3497.8,3496,0.0,3495.6,0.0,0,0,2017-04-13,34299700,3495.4,1,0,0,0,0,0,0,0,0,3496.0,1,0,0,0,0,0,0,0,0
189,2017-04-13,09:31:40,200,IF1704,CCFX,3495.4,3491.4,3495.8,273,286136880,28840,29036,3847.4,3148.2,3497.8,3496,0.0,3495.6,0.0,0,0,2017-04-13,34300200,3495.6,2,0,0,0,0,0,0,0,0,3496.0,1,0,0,0,0,0,0,0,0
190,2017-04-13,09:31:40,700,IF1704,CCFX,3496.0,3491.4,3496.0,274,287185680,28839,29036,3847.4,3148.2,3497.8,3496,0.0,3495.6,0.0,0,0,2017-04-13,34300700,3495.8,2,0,0,0,0,0,0,0,0,3496.2,1,0,0,0,0,0,0,0,0
191,2017-04-13,09:31:41,200,IF1704,CCFX,3496.2,3491.4,3496.2,275,288234540,28838,29036,3847.4,3148.2,3497.8,3496,0.0,3495.6,0.0,0,0,2017-04-13,34301200,3496.2,1,0,0,0,0,0,0,0,0,3496.6,1,0,0,0,0,0,0,0,0
192,2017-04-13,09:31:41,700,IF1704,CCFX,3496.2,3491.4,3496.2,276,289283400,28838,29036,3847.4,3148.2,3497.8,3496,0.0,3495.6,0.0,0,0,2017-04-13,34301700,3496.0,2,0,0,0,0,0,0,0,0,3496.6,3,0,0,0,0,0,0,0,0
193,2017-04-13,09:31:42,200,IF1704,CCFX,3496.2,3491.4,3496.2,276,289283400,28838,29036,3847.4,3148.2,3497.8,3496,0.0,3495.6,0.0,0,0,2017-04-13,34302200,3496.0,2,0,0,0,0,0,0,0,0,3496.6,2,0,0,0,0,0,0,0,0
194,2017-04-13,09:31:42,700,IF1704,CCFX,3496.2,3491.4,3496.2,276,289283400,28838,29036,3847.4,3148.2,3497.8,3496,0.0,3495.6,0.0,0,0,2017-04-13,34302700,3496.0,2,0,0,0,0,0,0,0,0,3496.6,2,0,0,0,0,0,0,0,0
195,2017-04-13,09:31:43,200,IF1704,CCFX,3496.2,3491.4,3496.2,276,289283400,28838,29036,3847.4,3148.2,3497.8,3496,0.0,3495.6,0.0,0,0,2017-04-13,34303200,3496.0,2,0,0,0,0,0,0,0,0,3496.6,2,0,0,0,0,0,0,0,0
196,2017-04-13,09:31:43,700,IF1704,CCFX,3496.0,3491.4,3496.2,277,290332200,28838,29036,3847.4,3148.2,3497.8,3496,0.0,3495.6,0.0,0,0,2017-04-13,34303700,3496.0,2,0,0,0,0,0,0,0,0,3496.6,3,0,0,0,0,0,0,0,0
197,2017-04-13,09:31:44,200,IF1704,CCFX,3496.0,3491.4,3496.2,277,290332200,28838,29036,3847.4,3148.2,3497.8,3496,0.0,3495.6,0.0,0,0,2017-04-13,34304200,3496.2,1,0,0,0,0,0,0,0,0,3496.6,3,0,0,0,0,0,0,0,0
198,2017-04-13,09:31:44,700,IF1704,CCFX,3496.2,3491.4,3496.2,278,291381060,28837,29036,3847.4,3148.2,3497.8,3496,0.0,3495.6,0.0,0,0,2017-04-13,34304700,3496.0,2,0,0,0,0,0,0,0,0,3496.6,3,0,0,0,0,0,0,0,0
199,2017-04-13,09:31:45,200,IF1704,CCFX,3496.0,3491.4,3496.2,280,293478660,28835,29036,3847.4,3148.2,3497.8,3496,0.0,3495.6,0.0,0,0,2017-04-13,34305200,3495.8,3,0,0,0,0,0,0,0,0,3496.6,3,0,0,0,0,0,0,0,0
200,2017-04-13,09:31:45,700,IF1704,CCFX,3496.0,3491.4,3496.2,284,297673740,28832,29036,3847.4,3148.2,3497.8,3496,0.0,3495.6,0.0,0,0,2017-04-13,34305700,3495.8,1,0,0,0,0,0,0,0,0,3496.4,4,0,0,0,0,0,0,0,0
201,2017-04-13,09:31:46,200,IF1704,CCFX,3496.4,3491.4,3496.4,291,305015700,28825,29036,3847.4,3148.2,3497.8,3496,0.0,3495.6,0.0,0,0,2017-04-13,34306200,3495.6,1,0,0,0,0,0,0,0,0,3496.0,1,0,0,0,0,0,0,0,0
202,2017-04-13,09:31:46,700,IF1704,CCFX,3495.6,3491.4,3496.4,292,306064380,28824,29036,3847.4,3148.2,3497.8,3496,0.0,3495.6,0.0,0,0,2017-04-13,34306700,3495.2,1,0,0,0,0,0,0,0,0,3496.0,1,0,0,0,0,0,0,0,0
203,2017-04-13,09:31:47,200,IF1704,CCFX,3495.2,3491.4,3496.4,293,307112940,28823,29036,3847.4,3148.2,3497.8,3496,0.0,3495.6,0.0,0,0,2017-04-13,34307200,3495.0,1,0,0,0,0,0,0,0,0,3496.0,1,0,0,0,0,0,0,0,0
204,2017-04-13,09:31:47,700,IF1704,CCFX,3495.8,3491.4,3496.4,294,308161680,28822,29036,3847.4,3148.2,3497.8,3496,0.0,3495.6,0.0,0,0,2017-04-13,34307700,3495.2,3,0,0,0,0,0,0,0,0,3495.6,1,0,0,0,0,0,0,0,0
205,2017-04-13,09:31:48,200,IF1704,CCFX,3495.8,3491.4,3496.4,294,308161680,28822,29036,3847.4,3148.2,3497.8,3496,0.0,3495.6,0.0,0,0,2017-04-13,34308200,3495.2,3,0,0,0,0,0,0,0,0,3495.6,1,0,0,0,0,0,0,0,0
206,2017-04-13,09:31:48,700,IF1704,CCFX,3495.2,3491.4,3496.4,296,310258920,28821,29036,3847.4,3148.2,3497.8,3496,0.0,3495.6,0.0,0,0,2017-04-13,34308700,3495.2,2,0,0,0,0,0,0,0,0,3496.0,1,0,0,0,0,0,0,0,0
207,2017-04-13,09:31:49,200,IF1704,CCFX,3495.2,3491.4,3496.4,297,311307480,28821,29036,3847.4,3148.2,3497.8,3496,0.0,3495.6,0.0,0,0,2017-04-13,34309200,3495.2,2,0,0,0,0,0,0,0,0,3496.0,1,0,0,0,0,0,0,0,0
208,2017-04-13,09:31:49,700,IF1704,CCFX,3495.2,3491.4,3496.4,300,314453400,28818,29036,3847.4,3148.2,3497.8,3496,0.0,3495.6,0.0,0,0,2017-04-13,34309700,3495.0,6,0,0,0,0,0,0,0,0,3496.2,2,0,0,0,0,0,0,0,0
209,2017-04-13,09:31:50,200,IF1704,CCFX,3495.2,3491.4,3496.4,300,314453400,28818,29036,3847.4,3148.2,3497.8,3496,0.0,3495.6,0.0,0,0,2017-04-13,34310200,3495.2,2,0,0,0,0,0,0,0,0,3496.0,1,0,0,0,0,0,0,0,0
210,2017-04-13,09:31:50,700,IF1704,CCFX,3495.2,3491.4,3496.4,300,314453400,28818,29036,3847.4,3148.2,3497.8,3496,0.0,3495.6,0.0,0,0,2017-04-13,34310700,3495.2,1,0,0,0,0,0,0,0,0,3496.2,2,0,0,0,0,0,0,0,0
211,2017-04-13,09:31:51,200,IF1704,CCFX,3495.2,3491.4,3496.4,300,314453400,28818,29036,3847.4,3148.2,3497.8,3496,0.0,3495.6,0.0,0,0,2017-04-13,34311200,3495.4,1,0,0,0,0,0,0,0,0,3496.0,2,0,0,0,0,0,0,0,0
212,2017-04-13,09:31:51,700,IF1704,CCFX,3495.2,3491.4,3496.4,300,314453400,28818,29036,3847.4,3148.2,3497.8,3496,0.0,3495.6,0.0,0,0,2017-04-13,34311700,3495.2,2,0,0,0,0,0,0,0,0,3496.0,1,0,0,0,0,0,0,0,0
213,2017-04-13,09:31:52,200,IF1704,CCFX,3496.0,3491.4,3496.4,301,315502200,28817,29036,3847.4,3148.2,3497.8,3496,0.0,3495.6,0.0,0,0,2017-04-13,34312200,3495.4,1,0,0,0,0,0,0,0,0,3496.0,1,0,0,0,0,0,0,0,0
214,2017-04-13,09:31:52,700,IF1704,CCFX,3496.0,3491.4,3496.4,302,316551000,28816,29036,3847.4,3148.2,3497.8,3496,0.0,3495.6,0.0,0,0,2017-04-13,34312700,3495.4,1,0,0,0,0,0,0,0,0,3496.2,1,0,0,0,0,0,0,0,0
215,2017-04-13,09:31:53,200,IF1704,CCFX,3495.4,3491.4,3496.4,303,317599620,28816,29036,3847.4,3148.2,3497.8,3496,0.0,3495.6,0.0,0,0,2017-04-13,34313200,3495.2,2,0,0,0,0,0,0,0,0,3496.2,1,0,0,0,0,0,0,0,0
216,2017-04-13,09:31:53,700,IF1704,CCFX,3495.4,3491.4,3496.4,303,317599620,28816,29036,3847.4,3148.2,3497.8,3496,0.0,3495.6,0.0,0,0,2017-04-13,34313700,3495.4,1,0,0,0,0,0,0,0,0,3496.0,1,0,0,0,0,0,0,0,0
217,2017-04-13,09:31:54,200,IF1704,CCFX,3495.4,3491.4,3496.4,303,317599620,28816,29036,3847.4,3148.2,3497.8,3496,0.0,3495.6,0.0,0,0,2017-04-13,34314200,3495.2,2,0,0,0,0,0,0,0,0,3496.2,1,0,0,0,0,0,0,0,0
218,2017-04-13,09:31:54,700,IF1704,CCFX,3495.4,3491.4,3496.4,303,317599620,28816,29036,3847.4,3148.2,3497.8,3496,0.0,3495.6,0.0,0,0,2017-04-13,34314700,3495.4,1,0,0,0,0,0,0,0,0,3496.0,2,0,0,0,0,0,0,0,0
219,2017-04-13,09:31:55,200,IF1704,CCFX,3495.4,3491.4,3496.4,303,317599620,28816,29036,3847.4,3148.2,3497.8,3496,0.0,3495.6,0.0,0,0,2017-04-13,34315200,3495.2,2,0,0,0,0,0,0,0,0,3495.4,1,0,0,0,0,0,0,0,0
220,2017-04-13,09:31:55,700,IF1704,CCFX,3496.0,3491.4,3496.4,306,320745660,28813,29036,3847.4,3148.2,3497.8,3496,0.0,3495.6,0.0,0,0,2017-04-13,34315700,3495.2,2,0,0,0,0,0,0,0,0,3496.2,1,0,0,0,0,0,0,0,0
221,2017-04-13,09:31:56,200,IF1704,CCFX,3495.4,3491.4,3496.4,307,321794280,28812,29036,3847.4,3148.2,3497.8,3496,0.0,3495.6,0.0,0,0,2017-04-13,34316200,3495.2,2,0,0,0,0,0,0,0,0,3496.0,3,0,0,0,0,0,0,0,0
222,2017-04-13,09:31:56,700,IF1704,CCFX,3495.4,3491.4,3496.4,308,322842900,28811,29036,3847.4,3148.2,3497.8,3496,0.0,3495.6,0.0,0,0,2017-04-13,34316700,3495.2,2,0,0,0,0,0,0,0,0,3496.0,3,0,0,0,0,0,0,0,0
223,2017-04-13,09:31:57,200,IF1704,CCFX,3495.2,3491.4,3496.4,309,323891460,28810,29036,3847.4,3148.2,3497.8,3496,0.0,3495.6,0.0,0,0,2017-04-13,34317200,3495.2,1,0,0,0,0,0,0,0,0,3495.8,1,0,0,0,0,0,0,0,0
224,2017-04-13,09:31:57,700,IF1704,CCFX,3495.2,3491.4,3496.4,309,323891460,28810,29036,3847.4,3148.2,3497.8,3496,0.0,3495.6,0.0,0,0,2017-04-13,34317700,3495.2,1,0,0,0,0,0,0,0,0,3495.4,1,0,0,0,0,0,0,0,0
225,2017-04-13,09:31:58,200,IF1704,CCFX,3495.4,3491.4,3496.4,311,325988640,28808,29036,3847.4,3148.2,3497.8,3496,0.0,3495.6,0.0,0,0,2017-04-13,34318200,3495.0,6,0,0,0,0,0,0,0,0,3495.8,1,0,0,0,0,0,0,0,0
226,2017-04-13,09:31:58,700,IF1704,CCFX,3495.4,3491.4,3496.4,311,325988640,28808,29036,3847.4,3148.2,3497.8,3496,0.0,3495.6,0.0,0,0,2017-04-13,34318700,3495.0,6,0,0,0,0,0,0,0,0,3495.6,1,0,0,0,0,0,0,0,0
227,2017-04-13,09:31:59,200,IF1704,CCFX,3495.4,3491.4,3496.4,311,325988640,28808,29036,3847.4,3148.2,3497.8,3496,0.0,3495.6,0.0,0,0,2017-04-13,34319200,3495.0,6,0,0,0,0,0,0,0,0,3495.6,1,0,0,0,0,0,0,0,0
228,2017-04-13,09:31:59,700,IF1704,CCFX,3495.4,3491.4,3496.4,311,325988640,28808,29036,3847.4,3148.2,3497.8,3496,0.0,3495.6,0.0,0,0,2017-04-13,34319700,3495.4,1,0,0,0,0,0,0,0,0,3495.6,2,0,0,0,0,0,0,0,0
229,2017-04-13,09:32:00,200,IF1704,CCFX,3495.4,3491.4,3496.4,312,327037260,28807,29036,3847.4,3148.2,3497.8,3496,0.0,3495.6,0.0,0,0,2017-04-13,34320200,3495.0,6,0,0,0,0,0,0,0,0,3495.6,2,0,0,0,0,0,0,0,0
230,2017-04-13,09:32:00,700,IF1704,CCFX,3495.4,3491.4,3496.4,313,328085880,28806,29036,3847.4,3148.2,3497.8,3496,0.0,3495.6,0.0,0,0,2017-04-13,34320700,3495.0,6,0,0,0,0,0,0,0,0,3495.6,3,0,0,0,0,0,0,0,0
231,2017-04-13,09:32:01,200,IF1704,CCFX,3495.0,3491.4,3496.4,316,331231500,28803,29036,3847.4,3148.2,3497.8,3496,0.0,3495.6,0.0,0,0,2017-04-13,34321200,3495.0,4,0,0,0,0,0,0,0,0,3495.6,2,0,0,0,0,0,0,0,0
232,2017-04-13,09:32:01,700,IF1704,CCFX,3495.0,3491.4,3496.4,316,331231500,28803,29036,3847.4,3148.2,3497.8,3496,0.0,3495.6,0.0,0,0,2017-04-13,34321700,3495.0,4,0,0,0,0,0,0,0,0,3495.6,2,0,0,0,0,0,0,0,0
233,2017-04-13,09:32:02,200,IF1704,CCFX,3495.0,3491.4,3496.4,319,334377000,28800,29036,3847.4,3148.2,3497.8,3496,0.0,3495.6,0.0,0,0,2017-04-13,34322200,3495.0,1,0,0,0,0,0,0,0,0,3495.6,2,0,0,0,0,0,0,0,0
234,2017-04-13,09:32:02,700,IF1704,CCFX,3495.4,3491.4,3496.4,321,336474120,28799,29036,3847.4,3148.2,3497.8,3496,0.0,3495.6,0.0,0,0,2017-04-13,34322700,3495.0,2,0,0,0,0,0,0,0,0,3495.6,2,0,0,0,0,0,0,0,0
235,2017-04-13,09:32:03,200,IF1704,CCFX,3495.0,3491.4,3496.4,322,337522620,28799,29036,3847.4,3148.2,3497.8,3496,0.0,3495.6,0.0,0,0,2017-04-13,34323200,3495.0,1,0,0,0,0,0,0,0,0,3495.6,2,0,0,0,0,0,0,0,0
236,2017-04-13,09:32:03,700,IF1704,CCFX,3495.0,3491.4,3496.4,322,337522620,28799,29036,3847.4,3148.2,3497.8,3496,0.0,3495.6,0.0,0,0,2017-04-13,34323700,3495.0,1,0,0,0,0,0,0,0,0,3495.6,2,0,0,0,0,0,0,0,0
237,2017-04-13,09:32:05,200,IF1704,CCFX,3495.0,3491.4,3496.4,322,337522620,28799,29036,3847.4,3148.2,3497.8,3496,0.0,3495.6,0.0,0,0,2017-04-13,34325200,3495.0,1,0,0,0,0,0,0,0,0,3495.6,5,0,0,0,0,0,0,0,0
238,2017-04-13,09:32:05,700,IF1704,CCFX,3495.0,3491.4,3496.4,323,338571120,28798,29036,3847.4,3148.2,3497.8,3496,0.0,3495.6,0.0,0,0,2017-04-13,34325700,3494.6,2,0,0,0,0,0,0,0,0,3495.6,5,0,0,0,0,0,0,0,0
239,2017-04-13,09:32:06,200,IF1704,CCFX,3495.0,3491.4,3496.4,323,338571120,28798,29036,3847.4,3148.2,3497.8,3496,0.0,3495.6,0.0,0,0,2017-04-13,34326200,3494.6,2,0,0,0,0,0,0,0,0,3495.4,1,0,0,0,0,0,0,0,0
240,2017-04-13,09:32:06,700,IF1704,CCFX,3495.0,3491.4,3496.4,323,338571120,28798,29036,3847.4,3148.2,3497.8,3496,0.0,3495.6,0.0,0,0,2017-04-13,34326700,3494.6,2,0,0,0,0,0,0,0,0,3495.4,1,0,0,0,0,0,0,0,0
241,2017-04-13,09:32:07,200,IF1704,CCFX,3494.6,3491.4,3496.4,324,339619500,28798,29036,3847.4,3148.2,3497.8,3496,0.0,3495.6,0.0,0,0,2017-04-13,34327200,3494.6,1,0,0,0,0,0,0,0,0,3495.4,2,0,0,0,0,0,0,0,0
242,2017-04-13,09:32:07,700,IF1704,CCFX,3494.6,3491.4,3496.4,325,340667880,28798,29036,3847.4,3148.2,3497.8,3496,0.0,3495.6,0.0,0,0,2017-04-13,34327700,3494.4,3,0,0,0,0,0,0,0,0,3494.6,1,0,0,0,0,0,0,0,0
243,2017-04-13,09:32:08,200,IF1704,CCFX,3494.6,3491.4,3496.4,326,341716260,28798,29036,3847.4,3148.2,3497.8,3496,0.0,3495.6,0.0,0,0,2017-04-13,34328200,3494.6,4,0,0,0,0,0,0,0,0,3495.4,2,0,0,0,0,0,0,0,0
244,2017-04-13,09:32:08,700,IF1704,CCFX,3494.6,3491.4,3496.4,326,341716260,28798,29036,3847.4,3148.2,3497.8,3496,0.0,3495.6,0.0,0,0,2017-04-13,34328700,3494.6,4,0,0,0,0,0,0,0,0,3495.4,2,0,0,0,0,0,0,0,0
245,2017-04-13,09:32:09,200,IF1704,CCFX,3494.6,3491.4,3496.4,326,341716260,28798,29036,3847.4,3148.2,3497.8,3496,0.0,3495.6,0.0,0,0,2017-04-13,34329200,3494.8,1,0,0,0,0,0,0,0,0,3495.4,2,0,0,0,0,0,0,0,0
246,2017-04-13,09:32:09,700,IF1704,CCFX,3494.6,3491.4,3496.4,326,341716260,28798,29036,3847.4,3148.2,3497.8,3496,0.0,3495.6,0.0,0,0,2017-04-13,34329700,3494.8,1,0,0,0,0,0,0,0,0,3495.4,4,0,0,0,0,0,0,0,0
247,2017-04-13,09:32:10,200,IF1704,CCFX,3494.6,3491.4,3496.4,326,341716260,28798,29036,3847.4,3148.2,3497.8,3496,0.0,3495.6,0.0,0,0,2017-04-13,34330200,3494.8,1,0,0,0,0,0,0,0,0,3495.4,3,0,0,0,0,0,0,0,0
248,2017-04-13,09:32:10,700,IF1704,CCFX,3494.6,3491.4,3496.4,326,341716260,28798,29036,3847.4,3148.2,3497.8,3496,0.0,3495.6,0.0,0,0,2017-04-13,34330700,3494.8,1,0,0,0,0,0,0,0,0,3495.0,1,0,0,0,0,0,0,0,0
249,2017-04-13,09:32:11,200,IF1704,CCFX,3495.0,3491.4,3496.4,327,342764760,28797,29036,3847.4,3148.2,3497.8,3496,0.0,3495.6,0.0,0,0,2017-04-13,34331200,3494.8,1,0,0,0,0,0,0,0,0,3495.4,3,0,0,0,0,0,0,0,0
250,2017-04-13,09:32:11,700,IF1704,CCFX,3495.0,3491.4,3496.4,327,342764760,28797,29036,3847.4,3148.2,3497.8,3496,0.0,3495.6,0.0,0,0,2017-04-13,34331700,3495.0,1,0,0,0,0,0,0,0,0,3495.4,3,0,0,0,0,0,0,0,0
251,2017-04-13,09:32:12,700,IF1704,CCFX,3495.0,3491.4,3496.4,327,342764760,28797,29036,3847.4,3148.2,3497.8,3496,0.0,3495.6,0.0,0,0,2017-04-13,34332700,3495.0,2,0,0,0,0,0,0,0,0,3495.4,3,0,0,0,0,0,0,0,0
252,2017-04-13,09:32:13,200,IF1704,CCFX,3495.4,3491.4,3496.4,329,344862000,28797,29036,3847.4,3148.2,3497.8,3496,0.0,3495.6,0.0,0,0,2017-04-13,34333200,3495.0,2,0,0,0,0,0,0,0,0,3495.4,1,0,0,0,0,0,0,0,0
253,2017-04-13,09:32:13,700,IF1704,CCFX,3495.4,3491.4,3496.4,330,345910620,28796,29036,3847.4,3148.2,3497.8,3496,0.0,3495.6,0.0,0,0,2017-04-13,34333700,3495.4,3,0,0,0,0,0,0,0,0,3496.0,4,0,0,0,0,0,0,0,0
254,2017-04-13,09:32:14,200,IF1704,CCFX,3495.6,3491.4,3496.4,333,349056900,28794,29036,3847.4,3148.2,3497.8,3496,0.0,3495.6,0.0,0,0,2017-04-13,34334200,3495.6,4,0,0,0,0,0,0,0,0,3496.0,2,0,0,0,0,0,0,0,0
255,2017-04-13,09:32:14,700,IF1704,CCFX,3496.0,3491.4,3496.4,335,351154500,28792,29036,3847.4,3148.2,3497.8,3496,0.0,3495.6,0.0,0,0,2017-04-13,34334700,3496.0,2,0,0,0,0,0,0,0,0,3496.2,1,0,0,0,0,0,0,0,0
256,2017-04-13,09:32:15,200,IF1704,CCFX,3495.6,3491.4,3496.4,342,358495980,28786,29036,3847.4,3148.2,3497.8,3496,0.0,3495.6,0.0,0,0,2017-04-13,34335200,3495.6,4,0,0,0,0,0,0,0,0,3496.6,1,0,0,0,0,0,0,0,0
257,2017-04-13,09:32:15,700,IF1704,CCFX,3495.6,3491.4,3496.4,342,358495980,28786,29036,3847.4,3148.2,3497.8,3496,0.0,3495.6,0.0,0,0,2017-04-13,34335700,3495.8,1,0,0,0,0,0,0,0,0,3496.4,1,0,0,0,0,0,0,0,0
258,2017-04-13,09:32:16,200,IF1704,CCFX,3496.4,3491.4,3496.4,343,359544900,28785,29036,3847.4,3148.2,3497.8,3496,0.0,3495.6,0.0,0,0,2017-04-13,34336200,3496.0,2,0,0,0,0,0,0,0,0,3496.6,2,0,0,0,0,0,0,0,0
259,2017-04-13,09:32:16,700,IF1704,CCFX,3496.6,3491.4,3496.6,344,360593880,28784,29036,3847.4,3148.2,3497.8,3496,0.0,3495.6,0.0,0,0,2017-04-13,34336700,3496.2,1,0,0,0,0,0,0,0,0,3496.6,1,0,0,0,0,0,0,0,0
260,2017-04-13,09:32:17,200,IF1704,CCFX,3496.6,3491.4,3496.6,345,361642860,28783,29036,3847.4,3148.2,3497.8,3496,0.0,3495.6,0.0,0,0,2017-04-13,34337200,3496.6,1,0,0,0,0,0,0,0,0,3497.2,1,0,0,0,0,0,0,0,0
261,2017-04-13,09:32:17,700,IF1704,CCFX,3496.6,3491.4,3496.6,345,361642860,28783,29036,3847.4,3148.2,3497.8,3496,0.0,3495.6,0.0,0,0,2017-04-13,34337700,3496.6,1,0,0,0,0,0,0,0,0,3497.2,1,0,0,0,0,0,0,0,0
262,2017-04-13,09:32:18,200,IF1704,CCFX,3497.2,3491.4,3497.2,346,362692020,28783,29036,3847.4,3148.2,3497.8,3496,0.0,3495.6,0.0,0,0,2017-04-13,34338200,3497.2,1,0,0,0,0,0,0,0,0,3497.4,3,0,0,0,0,0,0,0,0
263,2017-04-13,09:32:18,700,IF1704,CCFX,3496.8,3491.4,3497.4,349,365839440,28780,29036,3847.4,3148.2,3497.8,3496,0.0,3495.6,0.0,0,0,2017-04-13,34338700,3496.6,3,0,0,0,0,0,0,0,0,3497.0,3,0,0,0,0,0,0,0,0
264,2017-04-13,09:32:19,200,IF1704,CCFX,3497.0,3491.4,3497.4,352,368986740,28777,29036,3847.4,3148.2,3497.8,3496,0.0,3495.6,0.0,0,0,2017-04-13,34339200,3497.0,1,0,0,0,0,0,0,0,0,3497.4,2,0,0,0,0,0,0,0,0
265,2017-04-13,09:32:19,700,IF1704,CCFX,3497.0,3491.4,3497.4,353,370035840,28776,29036,3847.4,3148.2,3497.8,3496,0.0,3495.6,0.0,0,0,2017-04-13,34339700,3496.6,3,0,0,0,0,0,0,0,0,3497.2,1,0,0,0,0,0,0,0,0
266,2017-04-13,09:32:20,200,IF1704,CCFX,3497.0,3491.4,3497.4,354,371084940,28775,29036,3847.4,3148.2,3497.8,3496,0.0,3495.6,0.0,0,0,2017-04-13,34340200,3496.6,3,0,0,0,0,0,0,0,0,3497.2,1,0,0,0,0,0,0,0,0
267,2017-04-13,09:32:20,700,IF1704,CCFX,3497.0,3491.4,3497.4,354,371084940,28775,29036,3847.4,3148.2,3497.8,3496,0.0,3495.6,0.0,0,0,2017-04-13,34340700,3496.8,1,0,0,0,0,0,0,0,0,3497.2,2,0,0,0,0,0,0,0,0
268,2017-04-13,09:32:21,200,IF1704,CCFX,3497.2,3491.4,3497.4,356,373183260,28773,29036,3847.4,3148.2,3497.8,3496,0.0,3495.6,0.0,0,0,2017-04-13,34341200,3497.2,2,0,0,0,0,0,0,0,0,3497.4,2,0,0,0,0,0,0,0,0
269,2017-04-13,09:32:21,700,IF1704,CCFX,3497.2,3491.4,3497.4,359,376330860,28770,29036,3847.4,3148.2,3497.8,3496,0.0,3495.6,0.0,0,0,2017-04-13,34341700,3497.2,1,0,0,0,0,0,0,0,0,3497.6,1,0,0,0,0,0,0,0,0
270,2017-04-13,09:32:22,200,IF1704,CCFX,3497.6,3491.4,3497.6,360,377380140,28769,29036,3847.4,3148.2,3497.8,3496,0.0,3495.6,0.0,0,0,2017-04-13,34342200,3497.4,1,0,0,0,0,0,0,0,0,3497.8,2,0,0,0,0,0,0,0,0
271,2017-04-13,09:32:22,700,IF1704,CCFX,3497.4,3491.4,3497.6,361,378429360,28768,29036,3847.4,3148.2,3497.8,3496,0.0,3495.6,0.0,0,0,2017-04-13,34342700,3497.2,1,0,0,0,0,0,0,0,0,3497.8,2,0,0,0,0,0,0,0,0
272,2017-04-13,09:32:23,200,IF1704,CCFX,3497.8,3491.4,3497.8,362,379478700,28767,29036,3847.4,3148.2,3497.8,3496,0.0,3495.6,0.0,0,0,2017-04-13,34343200,3497.4,1,0,0,0,0,0,0,0,0,3497.8,1,0,0,0,0,0,0,0,0
273,2017-04-13,09:32:23,700,IF1704,CCFX,3497.8,3491.4,3497.8,363,380528040,28766,29036,3847.4,3148.2,3497.8,3496,0.0,3495.6,0.0,0,0,2017-04-13,34343700,3497.4,1,0,0,0,0,0,0,0,0,3498.8,1,0,0,0,0,0,0,0,0
274,2017-04-13,09:32:24,200,IF1704,CCFX,3497.6,3491.4,3497.8,364,381577320,28765,29036,3847.4,3148.2,3497.8,3496,0.0,3495.6,0.0,0,0,2017-04-13,34344200,3497.6,5,0,0,0,0,0,0,0,0,3498.6,5,0,0,0,0,0,0,0,0
275,2017-04-13,09:32:24,700,IF1704,CCFX,3497.6,3491.4,3497.8,364,381577320,28765,29036,3847.4,3148.2,3497.8,3496,0.0,3495.6,0.0,0,0,2017-04-13,34344700,3497.6,5,0,0,0,0,0,0,0,0,3498.2,1,0,0,0,0,0,0,0,0
276,2017-04-13,09:32:25,200,IF1704,CCFX,3498.0,3491.4,3498.0,366,383676000,28763,29036,3847.4,3148.2,3497.8,3496,0.0,3495.6,0.0,0,0,2017-04-13,34345200,3497.6,4,0,0,0,0,0,0,0,0,3498.0,1,0,0,0,0,0,0,0,0
277,2017-04-13,09:32:25,700,IF1704,CCFX,3498.0,3491.4,3498.0,367,384725400,28762,29036,3847.4,3148.2,3497.8,3496,0.0,3495.6,0.0,0,0,2017-04-13,34345700,3498.0,1,0,0,0,0,0,0,0,0,3498.2,1,0,0,0,0,0,0,0,0
278,2017-04-13,09:32:26,200,IF1704,CCFX,3498.8,3491.4,3498.8,369,386824500,28760,29036,3847.4,3148.2,3497.8,3496,0.0,3495.6,0.0,0,0,2017-04-13,34346200,3498.2,1,0,0,0,0,0,0,0,0,3499.0,3,0,0,0,0,0,0,0,0
279,2017-04-13,09:32:26,700,IF1704,CCFX,3498.8,3491.4,3498.8,369,386824500,28760,29036,3847.4,3148.2,3497.8,3496,0.0,3495.6,0.0,0,0,2017-04-13,34346700,3498.2,1,0,0,0,0,0,0,0,0,3498.4,2,0,0,0,0,0,0,0,0
280,2017-04-13,09:32:27,200,IF1704,CCFX,3498.4,3491.4,3498.8,371,388923480,28759,29036,3847.4,3148.2,3497.8,3496,0.0,3495.6,0.0,0,0,2017-04-13,34347200,3498.4,1,0,0,0,0,0,0,0,0,3499.0,3,0,0,0,0,0,0,0,0
281,2017-04-13,09:32:27,700,IF1704,CCFX,3498.4,3491.4,3498.8,371,388923480,28759,29036,3847.4,3148.2,3497.8,3496,0.0,3495.6,0.0,0,0,2017-04-13,34347700,3498.4,1,0,0,0,0,0,0,0,0,3498.6,1,0,0,0,0,0,0,0,0
282,2017-04-13,09:32:28,200,IF1704,CCFX,3498.4,3491.4,3498.8,373,391022520,28759,29036,3847.4,3148.2,3497.8,3496,0.0,3495.6,0.0,0,0,2017-04-13,34348200,3498.2,1,0,0,0,0,0,0,0,0,3498.4,1,0,0,0,0,0,0,0,0
283,2017-04-13,09:32:28,700,IF1704,CCFX,3498.4,3491.4,3498.8,375,393121500,28758,29036,3847.4,3148.2,3497.8,3496,0.0,3495.6,0.0,0,0,2017-04-13,34348700,3498.0,2,0,0,0,0,0,0,0,0,3498.8,1,0,0,0,0,0,0,0,0
284,2017-04-13,09:32:29,200,IF1704,CCFX,3498.4,3491.4,3498.8,375,393121500,28758,29036,3847.4,3148.2,3497.8,3496,0.0,3495.6,0.0,0,0,2017-04-13,34349200,3498.0,2,0,0,0,0,0,0,0,0,3498.2,1,0,0,0,0,0,0,0,0
285,2017-04-13,09:32:29,700,IF1704,CCFX,3498.2,3491.4,3498.8,377,395220360,28756,29036,3847.4,3148.2,3497.8,3496,0.0,3495.6,0.0,0,0,2017-04-13,34349700,3498.4,1,0,0,0,0,0,0,0,0,3498.6,1,0,0,0,0,0,0,0,0
286,2017-04-13,09:32:30,200,IF1704,CCFX,3498.4,3491.4,3498.8,378,396269880,28756,29036,3847.4,3148.2,3497.8,3496,0.0,3495.6,0.0,0,0,2017-04-13,34350200,3498.4,1,0,0,0,0,0,0,0,0,3498.6,1,0,0,0,0,0,0,0,0
287,2017-04-13,09:32:30,700,IF1704,CCFX,3498.6,3491.4,3498.8,379,397319460,28755,29036,3847.4,3148.2,3497.8,3496,0.0,3495.6,0.0,0,0,2017-04-13,34350700,3498.4,1,0,0,0,0,0,0,0,0,3498.8,1,0,0,0,0,0,0,0,0
288,2017-04-13,09:32:31,700,IF1704,CCFX,3498.6,3491.4,3498.8,379,397319460,28755,29036,3847.4,3148.2,3497.8,3496,0.0,3495.6,0.0,0,0,2017-04-13,34351700,3498.4,1,0,0,0,0,0,0,0,0,3499.0,3,0,0,0,0,0,0,0,0
289,2017-04-13,09:32:32,200,IF1704,CCFX,3498.0,3491.4,3498.8,381,399418380,28756,29036,3847.4,3148.2,3497.8,3496,0.0,3495.6,0.0,0,0,2017-04-13,34352200,3497.6,4,0,0,0,0,0,0,0,0,3498.8,1,0,0,0,0,0,0,0,0
290,2017-04-13,09:32:32,700,IF1704,CCFX,3498.8,3491.4,3498.8,383,401517420,28754,29036,3847.4,3148.2,3497.8,3496,0.0,3495.6,0.0,0,0,2017-04-13,34352700,3498.2,2,0,0,0,0,0,0,0,0,3499.0,3,0,0,0,0,0,0,0,0
291,2017-04-13,09:32:33,200,IF1704,CCFX,3499.0,3491.4,3499.0,384,402567120,28753,29036,3847.4,3148.2,3497.8,3496,0.0,3495.6,0.0,0,0,2017-04-13,34353200,3498.2,1,0,0,0,0,0,0,0,0,3499.0,2,0,0,0,0,0,0,0,0
292,2017-04-13,09:32:33,700,IF1704,CCFX,3498.8,3491.4,3499.0,385,403616760,28752,29036,3847.4,3148.2,3497.8,3496,0.0,3495.6,0.0,0,0,2017-04-13,34353700,3498.8,1,0,0,0,0,0,0,0,0,3499.0,2,0,0,0,0,0,0,0,0
293,2017-04-13,09:32:34,200,IF1704,CCFX,3498.6,3491.4,3499.0,390,408864840,28748,29036,3847.4,3148.2,3497.8,3496,0.0,3495.6,0.0,0,0,2017-04-13,34354200,3498.6,1,0,0,0,0,0,0,0,0,3499.0,2,0,0,0,0,0,0,0,0
294,2017-04-13,09:32:34,700,IF1704,CCFX,3498.6,3491.4,3499.0,391,409914420,28748,29036,3847.4,3148.2,3497.8,3496,0.0,3495.6,0.0,0,0,2017-04-13,34354700,3498.2,1,0,0,0,0,0,0,0,0,3499.0,2,0,0,0,0,0,0,0,0
295,2017-04-13,09:32:35,200,IF1704,CCFX,3498.6,3491.4,3499.0,391,409914420,28748,29036,3847.4,3148.2,3497.8,3496,0.0,3495.6,0.0,0,0,2017-04-13,34355200,3498.2,1,0,0,0,0,0,0,0,0,3499.0,2,0,0,0,0,0,0,0,0
296,2017-04-13,09:32:35,700,IF1704,CCFX,3498.6,3491.4,3499.0,391,409914420,28748,29036,3847.4,3148.2,3497.8,3496,0.0,3495.6,0.0,0,0,2017-04-13,34355700,3498.8,1,0,0,0,0,0,0,0,0,3499.0,2,0,0,0,0,0,0,0,0
297,2017-04-13,09:32:36,200,IF1704,CCFX,3498.6,3491.4,3499.0,391,409914420,28748,29036,3847.4,3148.2,3497.8,3496,0.0,3495.6,0.0,0,0,2017-04-13,34356200,3498.2,1,0,0,0,0,0,0,0,0,3498.8,2,0,0,0,0,0,0,0,0
298,2017-04-13,09:32:36,700,IF1704,CCFX,3498.2,3491.4,3499.0,392,410963880,28747,29036,3847.4,3148.2,3497.8,3496,0.0,3495.6,0.0,0,0,2017-04-13,34356700,3498.0,1,0,0,0,0,0,0,0,0,3498.4,1,0,0,0,0,0,0,0,0
299,2017-04-13,09:32:37,200,IF1704,CCFX,3498.4,3491.4,3499.0,394,413062860,28748,29036,3847.4,3148.2,3497.8,3496,0.0,3495.6,0.0,0,0,2017-04-13,34357200,3497.6,1,0,0,0,0,0,0,0,0,3498.4,2,0,0,0,0,0,0,0,0
300,2017-04-13,09:32:37,700,IF1704,CCFX,3498.4,3491.4,3499.0,394,413062860,28748,29036,3847.4,3148.2,3497.8,3496,0.0,3495.6,0.0,0,0,2017-04-13,34357700,3497.8,1,0,0,0,0,0,0,0,0,3498.4,2,0,0,0,0,0,0,0,0
301,2017-04-13,09:32:38,200,IF1704,CCFX,3498.4,3491.4,3499.0,395,414112380,28747,29036,3847.4,3148.2,3497.8,3496,0.0,3495.6,0.0,0,0,2017-04-13,34358200,3497.8,1,0,0,0,0,0,0,0,0,3498.4,1,0,0,0,0,0,0,0,0
302,2017-04-13,09:32:38,700,IF1704,CCFX,3498.4,3491.4,3499.0,395,414112380,28747,29036,3847.4,3148.2,3497.8,3496,0.0,3495.6,0.0,0,0,2017-04-13,34358700,3497.8,1,0,0,0,0,0,0,0,0,3498.2,1,0,0,0,0,0,0,0,0
303,2017-04-13,09:32:39,700,IF1704,CCFX,3498.4,3491.4,3499.0,395,414112380,28747,29036,3847.4,3148.2,3497.8,3496,0.0,3495.6,0.0,0,0,2017-04-13,34359700,3497.8,1,0,0,0,0,0,0,0,0,3498.2,2,0,0,0,0,0,0,0,0
304,2017-04-13,09:32:40,200,IF1704,CCFX,3498.4,3491.4,3499.0,395,414112380,28747,29036,3847.4,3148.2,3497.8,3496,0.0,3495.6,0.0,0,0,2017-04-13,34360200,3497.8,1,0,0,0,0,0,0,0,0,3498.2,2,0,0,0,0,0,0,0,0
305,2017-04-13,09:32:40,700,IF1704,CCFX,3497.8,3491.4,3499.0,396,415161720,28747,29036,3847.4,3148.2,3497.8,3496,0.0,3495.6,0.0,0,0,2017-04-13,34360700,3497.8,2,0,0,0,0,0,0,0,0,3498.2,2,0,0,0,0,0,0,0,0
306,2017-04-13,09:32:41,200,IF1704,CCFX,3497.8,3491.4,3499.0,396,415161720,28747,29036,3847.4,3148.2,3497.8,3496,0.0,3495.6,0.0,0,0,2017-04-13,34361200,3497.8,3,0,0,0,0,0,0,0,0,3498.2,3,0,0,0,0,0,0,0,0
307,2017-04-13,09:32:41,700,IF1704,CCFX,3498.2,3491.4,3499.0,397,416211180,28746,29036,3847.4,3148.2,3497.8,3496,0.0,3495.6,0.0,0,0,2017-04-13,34361700,3498.0,1,0,0,0,0,0,0,0,0,3498.2,2,0,0,0,0,0,0,0,0
308,2017-04-13,09:32:42,200,IF1704,CCFX,3498.2,3491.4,3499.0,397,416211180,28746,29036,3847.4,3148.2,3497.8,3496,0.0,3495.6,0.0,0,0,2017-04-13,34362200,3498.0,1,0,0,0,0,0,0,0,0,3498.2,2,0,0,0,0,0,0,0,0
309,2017-04-13,09:32:42,700,IF1704,CCFX,3498.2,3491.4,3499.0,399,418310040,28744,29036,3847.4,3148.2,3497.8,3496,0.0,3495.6,0.0,0,0,2017-04-13,34362700,3498.0,2,0,0,0,0,0,0,0,0,3498.2,1,0,0,0,0,0,0,0,0
310,2017-04-13,09:32:43,200,IF1704,CCFX,3498.2,3491.4,3499.0,400,419359500,28743,29036,3847.4,3148.2,3497.8,3496,0.0,3495.6,0.0,0,0,2017-04-13,34363200,3498.0,2,0,0,0,0,0,0,0,0,3498.8,3,0,0,0,0,0,0,0,0
311,2017-04-13,09:32:43,700,IF1704,CCFX,3498.2,3491.4,3499.0,400,419359500,28743,29036,3847.4,3148.2,3497.8,3496,0.0,3495.6,0.0,0,0,2017-04-13,34363700,3498.2,2,0,0,0,0,0,0,0,0,3498.6,1,0,0,0,0,0,0,0,0
312,2017-04-13,09:32:44,200,IF1704,CCFX,3498.6,3491.4,3499.0,401,420409080,28742,29036,3847.4,3148.2,3497.8,3496,0.0,3495.6,0.0,0,0,2017-04-13,34364200,3498.6,1,0,0,0,0,0,0,0,0,3498.8,3,0,0,0,0,0,0,0,0
313,2017-04-13,09:32:44,700,IF1704,CCFX,3498.2,3491.4,3499.0,404,423557640,28739,29036,3847.4,3148.2,3497.8,3496,0.0,3495.6,0.0,0,0,2017-04-13,34364700,3497.8,2,0,0,0,0,0,0,0,0,3498.2,1,0,0,0,0,0,0,0,0
314,2017-04-13,09:32:45,200,IF1704,CCFX,3498.8,3491.4,3499.0,408,427756020,28735,29036,3847.4,3148.2,3497.8,3496,0.0,3495.6,0.0,0,0,2017-04-13,34365200,3498.8,1,0,0,0,0,0,0,0,0,3499.0,2,0,0,0,0,0,0,0,0
315,2017-04-13,09:32:45,700,IF1704,CCFX,3498.8,3491.4,3499.0,409,428805660,28734,29036,3847.4,3148.2,3497.8,3496,0.0,3495.6,0.0,0,0,2017-04-13,34365700,3498.8,1,0,0,0,0,0,0,0,0,3499.0,2,0,0,0,0,0,0,0,0
316,2017-04-13,09:32:46,200,IF1704,CCFX,3498.8,3491.4,3499.0,410,429855300,28733,29036,3847.4,3148.2,3497.8,3496,0.0,3495.6,0.0,0,0,2017-04-13,34366200,3498.2,1,0,0,0,0,0,0,0,0,3499.0,2,0,0,0,0,0,0,0,0
317,2017-04-13,09:32:46,700,IF1704,CCFX,3499.0,3491.4,3499.0,412,431954700,28731,29036,3847.4,3148.2,3497.8,3496,0.0,3495.6,0.0,0,0,2017-04-13,34366700,3498.2,1,0,0,0,0,0,0,0,0,3499.6,1,0,0,0,0,0,0,0,0
318,2017-04-13,09:32:47,200,IF1704,CCFX,3499.0,3491.4,3499.0,412,431954700,28731,29036,3847.4,3148.2,3497.8,3496,0.0,3495.6,0.0,0,0,2017-04-13,34367200,3498.4,4,0,0,0,0,0,0,0,0,3499.4,2,0,0,0,0,0,0,0,0
319,2017-04-13,09:32:47,700,IF1704,CCFX,3499.0,3491.4,3499.0,412,431954700,28731,29036,3847.4,3148.2,3497.8,3496,0.0,3495.6,0.0,0,0,2017-04-13,34367700,3498.6,1,0,0,0,0,0,0,0,0,3499.6,1,0,0,0,0,0,0,0,0
320,2017-04-13,09:32:48,200,IF1704,CCFX,3498.6,3491.4,3499.0,413,433004280,28730,29036,3847.4,3148.2,3497.8,3496,0.0,3495.6,0.0,0,0,2017-04-13,34368200,3498.4,1,0,0,0,0,0,0,0,0,3498.6,2,0,0,0,0,0,0,0,0
321,2017-04-13,09:32:48,700,IF1704,CCFX,3498.6,3491.4,3499.0,415,435103440,28728,29036,3847.4,3148.2,3497.8,3496,0.0,3495.6,0.0,0,0,2017-04-13,34368700,3499.0,1,0,0,0,0,0,0,0,0,3499.6,1,0,0,0,0,0,0,0,0
322,2017-04-13,09:32:49,200,IF1704,CCFX,3499.6,3491.4,3499.6,416,436153320,28728,29036,3847.4,3148.2,3497.8,3496,0.0,3495.6,0.0,0,0,2017-04-13,34369200,3499.0,1,0,0,0,0,0,0,0,0,3499.8,1,0,0,0,0,0,0,0,0
323,2017-04-13,09:32:49,700,IF1704,CCFX,3499.6,3491.4,3499.6,417,437203200,28727,29036,3847.4,3148.2,3497.8,3496,0.0,3495.6,0.0,0,0,2017-04-13,34369700,3499.6,1,0,0,0,0,0,0,0,0,3500.0,2,0,0,0,0,0,0,0,0
324,2017-04-13,09:32:50,200,IF1704,CCFX,3499.6,3491.4,3499.6,418,438253080,28727,29036,3847.4,3148.2,3497.8,3496,0.0,3495.6,0.0,0,0,2017-04-13,34370200,3499.0,1,0,0,0,0,0,0,0,0,3499.8,1,0,0,0,0,0,0,0,0
325,2017-04-13,09:32:50,700,IF1704,CCFX,3499.2,3491.4,3499.6,420,440352600,28727,29036,3847.4,3148.2,3497.8,3496,0.0,3495.6,0.0,0,0,2017-04-13,34370700,3499.2,1,0,0,0,0,0,0,0,0,3500.0,2,0,0,0,0,0,0,0,0
326,2017-04-13,09:32:51,200,IF1704,CCFX,3500.2,3491.4,3500.2,424,444552420,28723,29036,3847.4,3148.2,3497.8,3496,0.0,3495.6,0.0,0,0,2017-04-13,34371200,3500.0,4,0,0,0,0,0,0,0,0,3500.4,1,0,0,0,0,0,0,0,0
327,2017-04-13,09:32:51,700,IF1704,CCFX,3501.4,3491.4,3501.4,434,455053860,28714,29036,3847.4,3148.2,3497.8,3496,0.0,3495.6,0.0,0,0,2017-04-13,34371700,3499.0,1,0,0,0,0,0,0,0,0,3500.0,1,0,0,0,0,0,0,0,0
328,2017-04-13,09:32:52,200,IF1704,CCFX,3501.8,3491.4,3501.8,437,458205240,28712,29036,3847.4,3148.2,3497.8,3496,0.0,3495.6,0.0,0,0,2017-04-13,34372200,3500.4,1,0,0,0,0,0,0,0,0,3501.8,3,0,0,0,0,0,0,0,0
329,2017-04-13,09:32:52,700,IF1704,CCFX,3501.6,3491.4,3501.8,442,463456380,28709,29036,3847.4,3148.2,3497.8,3496,0.0,3495.6,0.0,0,0,2017-04-13,34372700,3499.2,3,0,0,0,0,0,0,0,0,3501.6,9,0,0,0,0,0,0,0,0
330,2017-04-13,09:32:53,200,IF1704,CCFX,3501.6,3491.4,3501.8,442,463456380,28709,29036,3847.4,3148.2,3497.8,3496,0.0,3495.6,0.0,0,0,2017-04-13,34373200,3500.0,1,0,0,0,0,0,0,0,0,3500.2,1,0,0,0,0,0,0,0,0
331,2017-04-13,09:32:53,700,IF1704,CCFX,3499.2,3491.4,3501.8,450,471855720,28703,29036,3847.4,3148.2,3497.8,3496,0.0,3495.6,0.0,0,0,2017-04-13,34373700,3499.2,1,0,0,0,0,0,0,0,0,3500.8,5,0,0,0,0,0,0,0,0
332,2017-04-13,09:32:54,200,IF1704,CCFX,3500.0,3491.4,3501.8,451,472905720,28703,29036,3847.4,3148.2,3497.8,3496,0.0,3495.6,0.0,0,0,2017-04-13,34374200,3499.4,2,0,0,0,0,0,0,0,0,3500.6,8,0,0,0,0,0,0,0,0
333,2017-04-13,09:32:54,700,IF1704,CCFX,3500.4,3491.4,3501.8,455,477105600,28700,29036,3847.4,3148.2,3497.8,3496,0.0,3495.6,0.0,0,0,2017-04-13,34374700,3499.4,1,0,0,0,0,0,0,0,0,3500.4,4,0,0,0,0,0,0,0,0
334,2017-04-13,09:32:55,200,IF1704,CCFX,3500.2,3491.4,3501.8,457,479205480,28698,29036,3847.4,3148.2,3497.8,3496,0.0,3495.6,0.0,0,0,2017-04-13,34375200,3499.6,1,0,0,0,0,0,0,0,0,3500.2,2,0,0,0,0,0,0,0,0
335,2017-04-13,09:32:55,700,IF1704,CCFX,3499.8,3491.4,3501.8,461,483405300,28694,29036,3847.4,3148.2,3497.8,3496,0.0,3495.6,0.0,0,0,2017-04-13,34375700,3499.0,2,0,0,0,0,0,0,0,0,3500.0,4,0,0,0,0,0,0,0,0
336,2017-04-13,09:32:56,200,IF1704,CCFX,3499.0,3491.4,3501.8,463,485504700,28692,29036,3847.4,3148.2,3497.8,3496,0.0,3495.6,0.0,0,0,2017-04-13,34376200,3498.4,2,0,0,0,0,0,0,0,0,3499.8,4,0,0,0,0,0,0,0,0
337,2017-04-13,09:32:56,700,IF1704,CCFX,3499.0,3491.4,3501.8,463,485504700,28692,29036,3847.4,3148.2,3497.8,3496,0.0,3495.6,0.0,0,0,2017-04-13,34376700,3498.4,2,0,0,0,0,0,0,0,0,3499.0,1,0,0,0,0,0,0,0,0
338,2017-04-13,09:32:57,200,IF1704,CCFX,3498.4,3491.4,3501.8,464,486554220,28691,29036,3847.4,3148.2,3497.8,3496,0.0,3495.6,0.0,0,0,2017-04-13,34377200,3498.4,2,0,0,0,0,0,0,0,0,3499.6,3,0,0,0,0,0,0,0,0
339,2017-04-13,09:32:57,700,IF1704,CCFX,3498.4,3491.4,3501.8,464,486554220,28691,29036,3847.4,3148.2,3497.8,3496,0.0,3495.6,0.0,0,0,2017-04-13,34377700,3498.4,2,0,0,0,0,0,0,0,0,3499.4,1,0,0,0,0,0,0,0,0
340,2017-04-13,09:32:58,200,IF1704,CCFX,3499.4,3491.4,3501.8,467,489703620,28690,29036,3847.4,3148.2,3497.8,3496,0.0,3495.6,0.0,0,0,2017-04-13,34378200,3499.0,1,0,0,0,0,0,0,0,0,3499.4,4,0,0,0,0,0,0,0,0
341,2017-04-13,09:32:58,700,IF1704,CCFX,3499.0,3491.4,3501.8,470,492852720,28688,29036,3847.4,3148.2,3497.8,3496,0.0,3495.6,0.0,0,0,2017-04-13,34378700,3498.4,1,0,0,0,0,0,0,0,0,3499.0,1,0,0,0,0,0,0,0,0
342,2017-04-13,09:32:59,200,IF1704,CCFX,3499.0,3491.4,3501.8,471,493902420,28687,29036,3847.4,3148.2,3497.8,3496,0.0,3495.6,0.0,0,0,2017-04-13,34379200,3498.4,2,0,0,0,0,0,0,0,0,3499.4,4,0,0,0,0,0,0,0,0
343,2017-04-13,09:32:59,700,IF1704,CCFX,3499.0,3491.4,3501.8,471,493902420,28687,29036,3847.4,3148.2,3497.8,3496,0.0,3495.6,0.0,0,0,2017-04-13,34379700,3499.0,3,0,0,0,0,0,0,0,0,3499.2,1,0,0,0,0,0,0,0,0
344,2017-04-13,09:33:00,200,IF1704,CCFX,3499.2,3491.4,3501.8,473,496001880,28686,29036,3847.4,3148.2,3497.8,3496,0.0,3495.6,0.0,0,0,2017-04-13,34380200,3499.0,3,0,0,0,0,0,0,0,0,3499.4,4,0,0,0,0,0,0,0,0
345,2017-04-13,09:33:00,700,IF1704,CCFX,3499.4,3491.4,3501.8,477,500201160,28682,29036,3847.4,3148.2,3497.8,3496,0.0,3495.6,0.0,0,0,2017-04-13,34380700,3499.4,1,0,0,0,0,0,0,0,0,3499.6,2,0,0,0,0,0,0,0,0
346,2017-04-13,09:33:01,200,IF1704,CCFX,3499.6,3491.4,3501.8,479,502300920,28681,29036,3847.4,3148.2,3497.8,3496,0.0,3495.6,0.0,0,0,2017-04-13,34381200,3499.4,1,0,0,0,0,0,0,0,0,3500.0,1,0,0,0,0,0,0,0,0
347,2017-04-13,09:33:01,700,IF1704,CCFX,3499.6,3491.4,3501.8,479,502300920,28681,29036,3847.4,3148.2,3497.8,3496,0.0,3495.6,0.0,0,0,2017-04-13,34381700,3499.4,1,0,0,0,0,0,0,0,0,3500.0,1,0,0,0,0,0,0,0,0
348,2017-04-13,09:33:02,200,IF1704,CCFX,3500.2,3491.4,3501.8,480,503350980,28681,29036,3847.4,3148.2,3497.8,3496,0.0,3495.6,0.0,0,0,2017-04-13,34382200,3499.6,2,0,0,0,0,0,0,0,0,3500.4,1,0,0,0,0,0,0,0,0
349,2017-04-13,09:33:02,700,IF1704,CCFX,3500.6,3491.4,3501.8,485,508601520,28676,29036,3847.4,3148.2,3497.8,3496,0.0,3495.6,0.0,0,0,2017-04-13,34382700,3500.6,2,0,0,0,0,0,0,0,0,3500.8,5,0,0,0,0,0,0,0,0
350,2017-04-13,09:33:03,200,IF1704,CCFX,3500.6,3491.4,3501.8,489,512802240,28674,29036,3847.4,3148.2,3497.8,3496,0.0,3495.6,0.0,0,0,2017-04-13,34383200,3499.6,1,0,0,0,0,0,0,0,0,3500.4,2,0,0,0,0,0,0,0,0
351,2017-04-13,09:33:03,700,IF1704,CCFX,3499.8,3491.4,3501.8,493,517001940,28670,29036,3847.4,3148.2,3497.8,3496,0.0,3495.6,0.0,0,0,2017-04-13,34383700,3499.4,1,0,0,0,0,0,0,0,0,3499.6,4,0,0,0,0,0,0,0,0
352,2017-04-13,09:33:04,200,IF1704,CCFX,3499.2,3491.4,3501.8,494,518051700,28669,29036,3847.4,3148.2,3497.8,3496,0.0,3495.6,0.0,0,0,2017-04-13,34384200,3499.0,4,0,0,0,0,0,0,0,0,3499.6,5,0,0,0,0,0,0,0,0
353,2017-04-13,09:33:04,700,IF1704,CCFX,3499.6,3491.4,3501.8,500,524350860,28663,29036,3847.4,3148.2,3497.8,3496,0.0,3495.6,0.0,0,0,2017-04-13,34384700,3499.0,4,0,0,0,0,0,0,0,0,3499.8,2,0,0,0,0,0,0,0,0
354,2017-04-13,09:33:05,200,IF1704,CCFX,3499.6,3491.4,3501.8,500,524350860,28663,29036,3847.4,3148.2,3497.8,3496,0.0,3495.6,0.0,0,0,2017-04-13,34385200,3499.0,3,0,0,0,0,0,0,0,0,3499.8,2,0,0,0,0,0,0,0,0
355,2017-04-13,09:33:05,700,IF1704,CCFX,3499.6,3491.4,3501.8,501,525400740,28662,29036,3847.4,3148.2,3497.8,3496,0.0,3495.6,0.0,0,0,2017-04-13,34385700,3499.6,1,0,0,0,0,0,0,0,0,3499.8,2,0,0,0,0,0,0,0,0
356,2017-04-13,09:33:06,200,IF1704,CCFX,3499.6,3491.4,3501.8,501,525400740,28662,29036,3847.4,3148.2,3497.8,3496,0.0,3495.6,0.0,0,0,2017-04-13,34386200,3499.6,1,0,0,0,0,0,0,0,0,3499.8,3,0,0,0,0,0,0,0,0
357,2017-04-13,09:33:06,700,IF1704,CCFX,3499.6,3491.4,3501.8,503,527500500,28661,29036,3847.4,3148.2,3497.8,3496,0.0,3495.6,0.0,0,0,2017-04-13,34386700,3499.4,1,0,0,0,0,0,0,0,0,3499.8,3,0,0,0,0,0,0,0,0
358,2017-04-13,09:33:07,200,IF1704,CCFX,3499.6,3491.4,3501.8,504,528550380,28660,29036,3847.4,3148.2,3497.8,3496,0.0,3495.6,0.0,0,0,2017-04-13,34387200,3499.4,1,0,0,0,0,0,0,0,0,3499.8,3,0,0,0,0,0,0,0,0
359,2017-04-13,09:33:07,700,IF1704,CCFX,3499.6,3491.4,3501.8,504,528550380,28660,29036,3847.4,3148.2,3497.8,3496,0.0,3495.6,0.0,0,0,2017-04-13,34387700,3499.6,2,0,0,0,0,0,0,0,0,3499.8,3,0,0,0,0,0,0,0,0
360,2017-04-13,09:33:09,200,IF1704,CCFX,3499.8,3491.4,3501.8,505,529600320,28660,29036,3847.4,3148.2,3497.8,3496,0.0,3495.6,0.0,0,0,2017-04-13,34389200,3499.6,3,0,0,0,0,0,0,0,0,3499.8,2,0,0,0,0,0,0,0,0
361,2017-04-13,09:33:09,700,IF1704,CCFX,3499.6,3491.4,3501.8,510,534849840,28655,29036,3847.4,3148.2,3497.8,3496,0.0,3495.6,0.0,0,0,2017-04-13,34389700,3499.4,1,0,0,0,0,0,0,0,0,3499.8,1,0,0,0,0,0,0,0,0
362,2017-04-13,09:33:10,200,IF1704,CCFX,3499.8,3491.4,3501.8,511,535899780,28654,29036,3847.4,3148.2,3497.8,3496,0.0,3495.6,0.0,0,0,2017-04-13,34390200,3499.8,9,0,0,0,0,0,0,0,0,3500.0,2,0,0,0,0,0,0,0,0
363,2017-04-13,09:33:11,200,IF1704,CCFX,3499.8,3491.4,3501.8,512,536949720,28653,29036,3847.4,3148.2,3497.8,3496,0.0,3495.6,0.0,0,0,2017-04-13,34391200,3499.8,8,0,0,0,0,0,0,0,0,3500.0,3,0,0,0,0,0,0,0,0
364,2017-04-13,09:33:11,700,IF1704,CCFX,3499.8,3491.4,3501.8,514,539049600,28651,29036,3847.4,3148.2,3497.8,3496,0.0,3495.6,0.0,0,0,2017-04-13,34391700,3499.8,6,0,0,0,0,0,0,0,0,3500.0,3,0,0,0,0,0,0,0,0
365,2017-04-13,09:33:12,200,IF1704,CCFX,3499.8,3491.4,3501.8,517,542199480,28649,29036,3847.4,3148.2,3497.8,3496,0.0,3495.6,0.0,0,0,2017-04-13,34392200,3499.8,4,0,0,0,0,0,0,0,0,3500.0,2,0,0,0,0,0,0,0,0
366,2017-04-13,09:33:12,700,IF1704,CCFX,3499.8,3491.4,3501.8,519,544299360,28647,29036,3847.4,3148.2,3497.8,3496,0.0,3495.6,0.0,0,0,2017-04-13,34392700,3499.8,2,0,0,0,0,0,0,0,0,3500.0,2,0,0,0,0,0,0,0,0
367,2017-04-13,09:33:13,200,IF1704,CCFX,3500.0,3491.4,3501.8,522,547449240,28644,29036,3847.4,3148.2,3497.8,3496,0.0,3495.6,0.0,0,0,2017-04-13,34393200,3499.6,2,0,0,0,0,0,0,0,0,3500.0,1,0,0,0,0,0,0,0,0
368,2017-04-13,09:33:13,700,IF1704,CCFX,3500.0,3491.4,3501.8,522,547449240,28644,29036,3847.4,3148.2,3497.8,3496,0.0,3495.6,0.0,0,0,2017-04-13,34393700,3499.6,2,0,0,0,0,0,0,0,0,3499.8,2,0,0,0,0,0,0,0,0
369,2017-04-13,09:33:14,200,IF1704,CCFX,3499.6,3491.4,3501.8,526,551648760,28641,29036,3847.4,3148.2,3497.8,3496,0.0,3495.6,0.0,0,0,2017-04-13,34394200,3499.0,3,0,0,0,0,0,0,0,0,3499.8,2,0,0,0,0,0,0,0,0
370,2017-04-13,09:33:14,700,IF1704,CCFX,3499.6,3491.4,3501.8,526,551648760,28641,29036,3847.4,3148.2,3497.8,3496,0.0,3495.6,0.0,0,0,2017-04-13,34394700,3499.6,1,0,0,0,0,0,0,0,0,3499.8,2,0,0,0,0,0,0,0,0
371,2017-04-13,09:33:15,200,IF1704,CCFX,3499.6,3491.4,3501.8,526,551648760,28641,29036,3847.4,3148.2,3497.8,3496,0.0,3495.6,0.0,0,0,2017-04-13,34395200,3499.6,1,0,0,0,0,0,0,0,0,3499.8,3,0,0,0,0,0,0,0,0
372,2017-04-13,09:33:15,700,IF1704,CCFX,3499.8,3491.4,3501.8,532,557948160,28636,29036,3847.4,3148.2,3497.8,3496,0.0,3495.6,0.0,0,0,2017-04-13,34395700,3499.8,1,0,0,0,0,0,0,0,0,3500.0,7,0,0,0,0,0,0,0,0
373,2017-04-13,09:33:16,200,IF1704,CCFX,3499.8,3491.4,3501.8,533,558998100,28635,29036,3847.4,3148.2,3497.8,3496,0.0,3495.6,0.0,0,0,2017-04-13,34396200,3499.0,3,0,0,0,0,0,0,0,0,3499.8,2,0,0,0,0,0,0,0,0
374,2017-04-13,09:33:16,700,IF1704,CCFX,3499.8,3491.4,3501.8,533,558998100,28635,29036,3847.4,3148.2,3497.8,3496,0.0,3495.6,0.0,0,0,2017-04-13,34396700,3499.0,3,0,0,0,0,0,0,0,0,3499.8,2,0,0,0,0,0,0,0,0
375,2017-04-13,09:33:17,200,IF1704,CCFX,3499.8,3491.4,3501.8,533,558998100,28635,29036,3847.4,3148.2,3497.8,3496,0.0,3495.6,0.0,0,0,2017-04-13,34397200,3499.0,3,0,0,0,0,0,0,0,0,3499.8,2,0,0,0,0,0,0,0,0
376,2017-04-13,09:33:17,700,IF1704,CCFX,3499.8,3491.4,3501.8,533,558998100,28635,29036,3847.4,3148.2,3497.8,3496,0.0,3495.6,0.0,0,0,2017-04-13,34397700,3499.0,3,0,0,0,0,0,0,0,0,3499.6,1,0,0,0,0,0,0,0,0
377,2017-04-13,09:33:18,200,IF1704,CCFX,3499.8,3491.4,3501.8,533,558998100,28635,29036,3847.4,3148.2,3497.8,3496,0.0,3495.6,0.0,0,0,2017-04-13,34398200,3499.0,3,0,0,0,0,0,0,0,0,3499.6,1,0,0,0,0,0,0,0,0
378,2017-04-13,09:33:18,700,IF1704,CCFX,3499.8,3491.4,3501.8,533,558998100,28635,29036,3847.4,3148.2,3497.8,3496,0.0,3495.6,0.0,0,0,2017-04-13,34398700,3499.0,3,0,0,0,0,0,0,0,0,3499.6,2,0,0,0,0,0,0,0,0
379,2017-04-13,09:33:19,200,IF1704,CCFX,3499.6,3491.4,3501.8,535,561097860,28633,29036,3847.4,3148.2,3497.8,3496,0.0,3495.6,0.0,0,0,2017-04-13,34399200,3499.6,1,0,0,0,0,0,0,0,0,3499.8,1,0,0,0,0,0,0,0,0
380,2017-04-13,09:33:19,700,IF1704,CCFX,3499.6,3491.4,3501.8,537,563197620,28631,29036,3847.4,3148.2,3497.8,3496,0.0,3495.6,0.0,0,0,2017-04-13,34399700,3499.0,3,0,0,0,0,0,0,0,0,3499.8,1,0,0,0,0,0,0,0,0
381,2017-04-13,09:33:20,200,IF1704,CCFX,3499.0,3491.4,3501.8,538,564247320,28630,29036,3847.4,3148.2,3497.8,3496,0.0,3495.6,0.0,0,0,2017-04-13,34400200,3499.0,2,0,0,0,0,0,0,0,0,3499.6,1,0,0,0,0,0,0,0,0
382,2017-04-13,09:33:20,700,IF1704,CCFX,3499.0,3491.4,3501.8,538,564247320,28630,29036,3847.4,3148.2,3497.8,3496,0.0,3495.6,0.0,0,0,2017-04-13,34400700,3499.0,5,0,0,0,0,0,0,0,0,3499.6,1,0,0,0,0,0,0,0,0
383,2017-04-13,09:33:21,200,IF1704,CCFX,3499.6,3491.4,3501.8,539,565297200,28629,29036,3847.4,3148.2,3497.8,3496,0.0,3495.6,0.0,0,0,2017-04-13,34401200,3499.0,5,0,0,0,0,0,0,0,0,3499.6,1,0,0,0,0,0,0,0,0
384,2017-04-13,09:33:22,200,IF1704,CCFX,3499.6,3491.4,3501.8,539,565297200,28629,29036,3847.4,3148.2,3497.8,3496,0.0,3495.6,0.0,0,0,2017-04-13,34402200,3499.0,5,0,0,0,0,0,0,0,0,3499.6,1,0,0,0,0,0,0,0,0
385,2017-04-13,09:33:22,700,IF1704,CCFX,3499.2,3491.4,3501.8,540,566346960,28628,29036,3847.4,3148.2,3497.8,3496,0.0,3495.6,0.0,0,0,2017-04-13,34402700,3499.0,4,0,0,0,0,0,0,0,0,3499.6,1,0,0,0,0,0,0,0,0
386,2017-04-13,09:33:23,200,IF1704,CCFX,3499.2,3491.4,3501.8,540,566346960,28628,29036,3847.4,3148.2,3497.8,3496,0.0,3495.6,0.0,0,0,2017-04-13,34403200,3499.0,4,0,0,0,0,0,0,0,0,3499.6,1,0,0,0,0,0,0,0,0
387,2017-04-13,09:33:24,200,IF1704,CCFX,3499.2,3491.4,3501.8,540,566346960,28628,29036,3847.4,3148.2,3497.8,3496,0.0,3495.6,0.0,0,0,2017-04-13,34404200,3499.0,4,0,0,0,0,0,0,0,0,3499.6,1,0,0,0,0,0,0,0,0
388,2017-04-13,09:33:25,200,IF1704,CCFX,3499.0,3491.4,3501.8,541,567396660,28627,29036,3847.4,3148.2,3497.8,3496,0.0,3495.6,0.0,0,0,2017-04-13,34405200,3499.0,3,0,0,0,0,0,0,0,0,3499.6,2,0,0,0,0,0,0,0,0
389,2017-04-13,09:33:25,700,IF1704,CCFX,3499.0,3491.4,3501.8,544,570545760,28624,29036,3847.4,3148.2,3497.8,3496,0.0,3495.6,0.0,0,0,2017-04-13,34405700,3498.0,2,0,0,0,0,0,0,0,0,3499.6,2,0,0,0,0,0,0,0,0
390,2017-04-13,09:33:26,200,IF1704,CCFX,3499.4,3491.4,3501.8,545,571595580,28623,29036,3847.4,3148.2,3497.8,3496,0.0,3495.6,0.0,0,0,2017-04-13,34406200,3498.2,5,0,0,0,0,0,0,0,0,3499.4,5,0,0,0,0,0,0,0,0
391,2017-04-13,09:33:26,700,IF1704,CCFX,3499.4,3491.4,3501.8,545,571595580,28623,29036,3847.4,3148.2,3497.8,3496,0.0,3495.6,0.0,0,0,2017-04-13,34406700,3498.6,1,0,0,0,0,0,0,0,0,3499.2,1,0,0,0,0,0,0,0,0
392,2017-04-13,09:33:27,200,IF1704,CCFX,3499.4,3491.4,3501.8,548,574745040,28623,29036,3847.4,3148.2,3497.8,3496,0.0,3495.6,0.0,0,0,2017-04-13,34407200,3498.8,2,0,0,0,0,0,0,0,0,3499.4,1,0,0,0,0,0,0,0,0
393,2017-04-13,09:33:27,700,IF1704,CCFX,3499.4,3491.4,3501.8,548,574745040,28623,29036,3847.4,3148.2,3497.8,3496,0.0,3495.6,0.0,0,0,2017-04-13,34407700,3498.8,2,0,0,0,0,0,0,0,0,3499.4,1,0,0,0,0,0,0,0,0
394,2017-04-13,09:33:28,200,IF1704,CCFX,3499.4,3491.4,3501.8,548,574745040,28623,29036,3847.4,3148.2,3497.8,3496,0.0,3495.6,0.0,0,0,2017-04-13,34408200,3498.8,2,0,0,0,0,0,0,0,0,3499.4,2,0,0,0,0,0,0,0,0
395,2017-04-13,09:33:29,200,IF1704,CCFX,3499.4,3491.4,3501.8,550,576844680,28621,29036,3847.4,3148.2,3497.8,3496,0.0,3495.6,0.0,0,0,2017-04-13,34409200,3498.8,2,0,0,0,0,0,0,0,0,3499.6,2,0,0,0,0,0,0,0,0
396,2017-04-13,09:33:29,700,IF1704,CCFX,3499.4,3491.4,3501.8,550,576844680,28621,29036,3847.4,3148.2,3497.8,3496,0.0,3495.6,0.0,0,0,2017-04-13,34409700,3499.0,2,0,0,0,0,0,0,0,0,3499.6,2,0,0,0,0,0,0,0,0
397,2017-04-13,09:33:30,200,IF1704,CCFX,3499.2,3491.4,3501.8,551,577894440,28621,29036,3847.4,3148.2,3497.8,3496,0.0,3495.6,0.0,0,0,2017-04-13,34410200,3499.0,2,0,0,0,0,0,0,0,0,3499.6,2,0,0,0,0,0,0,0,0
398,2017-04-13,09:33:30,700,IF1704,CCFX,3499.2,3491.4,3501.8,551,577894440,28621,29036,3847.4,3148.2,3497.8,3496,0.0,3495.6,0.0,0,0,2017-04-13,34410700,3499.2,2,0,0,0,0,0,0,0,0,3499.6,2,0,0,0,0,0,0,0,0
399,2017-04-13,09:33:31,700,IF1704,CCFX,3499.2,3491.4,3501.8,551,577894440,28621,29036,3847.4,3148.2,3497.8,3496,0.0,3495.6,0.0,0,0,2017-04-13,34411700,3499.2,2,0,0,0,0,0,0,0,0,3499.6,2,0,0,0,0,0,0,0,0
400,2017-04-13,09:33:32,200,IF1704,CCFX,3499.2,3491.4,3501.8,551,577894440,28621,29036,3847.4,3148.2,3497.8,3496,0.0,3495.6,0.0,0,0,2017-04-13,34412200,3499.2,2,0,0,0,0,0,0,0,0,3499.6,2,0,0,0,0,0,0,0,0
401,2017-04-13,09:33:32,700,IF1704,CCFX,3499.2,3491.4,3501.8,552,578944200,28620,29036,3847.4,3148.2,3497.8,3496,0.0,3495.6,0.0,0,0,2017-04-13,34412700,3499.4,2,0,0,0,0,0,0,0,0,3499.6,2,0,0,0,0,0,0,0,0
402,2017-04-13,09:33:33,200,IF1704,CCFX,3499.6,3491.4,3501.8,553,579994080,28620,29036,3847.4,3148.2,3497.8,3496,0.0,3495.6,0.0,0,0,2017-04-13,34413200,3499.4,2,0,0,0,0,0,0,0,0,3499.6,1,0,0,0,0,0,0,0,0
403,2017-04-13,09:33:33,700,IF1704,CCFX,3499.6,3491.4,3501.8,553,579994080,28620,29036,3847.4,3148.2,3497.8,3496,0.0,3495.6,0.0,0,0,2017-04-13,34413700,3499.4,2,0,0,0,0,0,0,0,0,3499.6,1,0,0,0,0,0,0,0,0
404,2017-04-13,09:33:36,200,IF1704,CCFX,3499.6,3491.4,3501.8,553,579994080,28620,29036,3847.4,3148.2,3497.8,3496,0.0,3495.6,0.0,0,0,2017-04-13,34416200,3499.4,2,0,0,0,0,0,0,0,0,3499.6,1,0,0,0,0,0,0,0,0
405,2017-04-13,09:33:36,700,IF1704,CCFX,3499.6,3491.4,3501.8,553,579994080,28620,29036,3847.4,3148.2,3497.8,3496,0.0,3495.6,0.0,0,0,2017-04-13,34416700,3499.4,2,0,0,0,0,0,0,0,0,3499.6,1,0,0,0,0,0,0,0,0
406,2017-04-13,09:33:37,200,IF1704,CCFX,3499.4,3491.4,3501.8,554,581043900,28619,29036,3847.4,3148.2,3497.8,3496,0.0,3495.6,0.0,0,0,2017-04-13,34417200,3499.4,1,0,0,0,0,0,0,0,0,3499.6,2,0,0,0,0,0,0,0,0
407,2017-04-13,09:33:37,700,IF1704,CCFX,3499.4,3491.4,3501.8,554,581043900,28619,29036,3847.4,3148.2,3497.8,3496,0.0,3495.6,0.0,0,0,2017-04-13,34417700,3499.4,1,0,0,0,0,0,0,0,0,3499.6,2,0,0,0,0,0,0,0,0
408,2017-04-13,09:33:38,200,IF1704,CCFX,3499.4,3491.4,3501.8,555,582093720,28618,29036,3847.4,3148.2,3497.8,3496,0.0,3495.6,0.0,0,0,2017-04-13,34418200,3498.6,1,0,0,0,0,0,0,0,0,3499.0,1,0,0,0,0,0,0,0,0
409,2017-04-13,09:33:38,700,IF1704,CCFX,3499.0,3491.4,3501.8,556,583143420,28617,29036,3847.4,3148.2,3497.8,3496,0.0,3495.6,0.0,0,0,2017-04-13,34418700,3499.0,2,0,0,0,0,0,0,0,0,3499.6,2,0,0,0,0,0,0,0,0
410,2017-04-13,09:33:39,200,IF1704,CCFX,3499.0,3491.4,3501.8,556,583143420,28617,29036,3847.4,3148.2,3497.8,3496,0.0,3495.6,0.0,0,0,2017-04-13,34419200,3499.2,1,0,0,0,0,0,0,0,0,3499.6,2,0,0,0,0,0,0,0,0
411,2017-04-13,09:33:39,700,IF1704,CCFX,3499.6,3491.4,3501.8,557,584193300,28616,29036,3847.4,3148.2,3497.8,3496,0.0,3495.6,0.0,0,0,2017-04-13,34419700,3499.2,1,0,0,0,0,0,0,0,0,3499.6,1,0,0,0,0,0,0,0,0
412,2017-04-13,09:33:40,200,IF1704,CCFX,3499.6,3491.4,3501.8,557,584193300,28616,29036,3847.4,3148.2,3497.8,3496,0.0,3495.6,0.0,0,0,2017-04-13,34420200,3499.2,1,0,0,0,0,0,0,0,0,3499.4,1,0,0,0,0,0,0,0,0
413,2017-04-13,09:33:40,700,IF1704,CCFX,3499.2,3491.4,3501.8,558,585243060,28615,29036,3847.4,3148.2,3497.8,3496,0.0,3495.6,0.0,0,0,2017-04-13,34420700,3499.0,1,0,0,0,0,0,0,0,0,3499.4,1,0,0,0,0,0,0,0,0
414,2017-04-13,09:33:41,200,IF1704,CCFX,3499.2,3491.4,3501.8,558,585243060,28615,29036,3847.4,3148.2,3497.8,3496,0.0,3495.6,0.0,0,0,2017-04-13,34421200,3499.0,1,0,0,0,0,0,0,0,0,3499.2,1,0,0,0,0,0,0,0,0
415,2017-04-13,09:33:41,700,IF1704,CCFX,3499.2,3491.4,3501.8,558,585243060,28615,29036,3847.4,3148.2,3497.8,3496,0.0,3495.6,0.0,0,0,2017-04-13,34421700,3499.0,1,0,0,0,0,0,0,0,0,3499.2,1,0,0,0,0,0,0,0,0
416,2017-04-13,09:33:42,700,IF1704,CCFX,3499.2,3491.4,3501.8,558,585243060,28615,29036,3847.4,3148.2,3497.8,3496,0.0,3495.6,0.0,0,0,2017-04-13,34422700,3499.0,1,0,0,0,0,0,0,0,0,3499.2,1,0,0,0,0,0,0,0,0
417,2017-04-13,09:33:43,200,IF1704,CCFX,3499.0,3491.4,3501.8,559,586292760,28615,29036,3847.4,3148.2,3497.8,3496,0.0,3495.6,0.0,0,0,2017-04-13,34423200,3498.6,1,0,0,0,0,0,0,0,0,3499.2,1,0,0,0,0,0,0,0,0
418,2017-04-13,09:33:43,700,IF1704,CCFX,3499.0,3491.4,3501.8,559,586292760,28615,29036,3847.4,3148.2,3497.8,3496,0.0,3495.6,0.0,0,0,2017-04-13,34423700,3498.8,1,0,0,0,0,0,0,0,0,3499.2,1,0,0,0,0,0,0,0,0
419,2017-04-13,09:33:44,200,IF1704,CCFX,3499.0,3491.4,3501.8,559,586292760,28615,29036,3847.4,3148.2,3497.8,3496,0.0,3495.6,0.0,0,0,2017-04-13,34424200,3498.8,1,0,0,0,0,0,0,0,0,3499.0,1,0,0,0,0,0,0,0,0
420,2017-04-13,09:33:44,700,IF1704,CCFX,3499.0,3491.4,3501.8,561,588392160,28613,29036,3847.4,3148.2,3497.8,3496,0.0,3495.6,0.0,0,0,2017-04-13,34424700,3498.8,2,0,0,0,0,0,0,0,0,3499.2,1,0,0,0,0,0,0,0,0
421,2017-04-13,09:33:45,200,IF1704,CCFX,3499.0,3491.4,3501.8,562,589441860,28612,29036,3847.4,3148.2,3497.8,3496,0.0,3495.6,0.0,0,0,2017-04-13,34425200,3498.8,2,0,0,0,0,0,0,0,0,3499.2,1,0,0,0,0,0,0,0,0
422,2017-04-13,09:33:45,700,IF1704,CCFX,3499.0,3491.4,3501.8,562,589441860,28612,29036,3847.4,3148.2,3497.8,3496,0.0,3495.6,0.0,0,0,2017-04-13,34425700,3498.8,3,0,0,0,0,0,0,0,0,3499.2,1,0,0,0,0,0,0,0,0
423,2017-04-13,09:33:46,200,IF1704,CCFX,3499.2,3491.4,3501.8,564,591541320,28611,29036,3847.4,3148.2,3497.8,3496,0.0,3495.6,0.0,0,0,2017-04-13,34426200,3498.8,3,0,0,0,0,0,0,0,0,3499.6,7,0,0,0,0,0,0,0,0
424,2017-04-13,09:33:46,700,IF1704,CCFX,3499.2,3491.4,3501.8,564,591541320,28611,29036,3847.4,3148.2,3497.8,3496,0.0,3495.6,0.0,0,0,2017-04-13,34426700,3498.8,3,0,0,0,0,0,0,0,0,3499.4,1,0,0,0,0,0,0,0,0
425,2017-04-13,09:33:47,700,IF1704,CCFX,3499.2,3491.4,3501.8,564,591541320,28611,29036,3847.4,3148.2,3497.8,3496,0.0,3495.6,0.0,0,0,2017-04-13,34427700,3498.8,3,0,0,0,0,0,0,0,0,3499.4,1,0,0,0,0,0,0,0,0
426,2017-04-13,09:33:48,200,IF1704,CCFX,3498.8,3491.4,3501.8,565,592590960,28611,29036,3847.4,3148.2,3497.8,3496,0.0,3495.6,0.0,0,0,2017-04-13,34428200,3498.8,2,0,0,0,0,0,0,0,0,3499.4,1,0,0,0,0,0,0,0,0
427,2017-04-13,09:33:49,200,IF1704,CCFX,3498.8,3491.4,3501.8,565,592590960,28611,29036,3847.4,3148.2,3497.8,3496,0.0,3495.6,0.0,0,0,2017-04-13,34429200,3498.8,2,0,0,0,0,0,0,0,0,3499.4,1,0,0,0,0,0,0,0,0
428,2017-04-13,09:33:49,700,IF1704,CCFX,3498.8,3491.4,3501.8,565,592590960,28611,29036,3847.4,3148.2,3497.8,3496,0.0,3495.6,0.0,0,0,2017-04-13,34429700,3498.8,2,0,0,0,0,0,0,0,0,3499.4,6,0,0,0,0,0,0,0,0
429,2017-04-13,09:33:50,200,IF1704,CCFX,3498.8,3491.4,3501.8,565,592590960,28611,29036,3847.4,3148.2,3497.8,3496,0.0,3495.6,0.0,0,0,2017-04-13,34430200,3499.0,1,0,0,0,0,0,0,0,0,3499.4,6,0,0,0,0,0,0,0,0
430,2017-04-13,09:33:51,200,IF1704,CCFX,3499.4,3491.4,3501.8,566,593640780,28611,29036,3847.4,3148.2,3497.8,3496,0.0,3495.6,0.0,0,0,2017-04-13,34431200,3499.0,1,0,0,0,0,0,0,0,0,3499.4,5,0,0,0,0,0,0,0,0
431,2017-04-13,09:33:51,700,IF1704,CCFX,3499.4,3491.4,3501.8,570,597839700,28607,29036,3847.4,3148.2,3497.8,3496,0.0,3495.6,0.0,0,0,2017-04-13,34431700,3498.8,2,0,0,0,0,0,0,0,0,3499.4,4,0,0,0,0,0,0,0,0
432,2017-04-13,09:33:52,200,IF1704,CCFX,3499.4,3491.4,3501.8,570,597839700,28607,29036,3847.4,3148.2,3497.8,3496,0.0,3495.6,0.0,0,0,2017-04-13,34432200,3499.0,1,0,0,0,0,0,0,0,0,3499.4,4,0,0,0,0,0,0,0,0
433,2017-04-13,09:33:52,700,IF1704,CCFX,3499.4,3491.4,3501.8,571,598889520,28606,29036,3847.4,3148.2,3497.8,3496,0.0,3495.6,0.0,0,0,2017-04-13,34432700,3499.0,1,0,0,0,0,0,0,0,0,3499.4,3,0,0,0,0,0,0,0,0
434,2017-04-13,09:33:53,700,IF1704,CCFX,3499.0,3491.4,3501.8,572,599939220,28605,29036,3847.4,3148.2,3497.8,3496,0.0,3495.6,0.0,0,0,2017-04-13,34433700,3498.8,1,0,0,0,0,0,0,0,0,3499.4,3,0,0,0,0,0,0,0,0
435,2017-04-13,09:33:54,200,IF1704,CCFX,3499.0,3491.4,3501.8,572,599939220,28605,29036,3847.4,3148.2,3497.8,3496,0.0,3495.6,0.0,0,0,2017-04-13,34434200,3498.8,2,0,0,0,0,0,0,0,0,3499.4,3,0,0,0,0,0,0,0,0
436,2017-04-13,09:33:54,700,IF1704,CCFX,3499.4,3491.4,3501.8,573,600989040,28605,29036,3847.4,3148.2,3497.8,3496,0.0,3495.6,0.0,0,0,2017-04-13,34434700,3498.8,1,0,0,0,0,0,0,0,0,3499.4,2,0,0,0,0,0,0,0,0
437,2017-04-13,09:33:55,200,IF1704,CCFX,3499.4,3491.4,3501.8,573,600989040,28605,29036,3847.4,3148.2,3497.8,3496,0.0,3495.6,0.0,0,0,2017-04-13,34435200,3499.0,1,0,0,0,0,0,0,0,0,3499.4,2,0,0,0,0,0,0,0,0
438,2017-04-13,09:33:56,200,IF1704,CCFX,3499.4,3491.4,3501.8,573,600989040,28605,29036,3847.4,3148.2,3497.8,3496,0.0,3495.6,0.0,0,0,2017-04-13,34436200,3499.0,1,0,0,0,0,0,0,0,0,3499.4,2,0,0,0,0,0,0,0,0
439,2017-04-13,09:33:56,700,IF1704,CCFX,3499.0,3491.4,3501.8,574,602038740,28605,29036,3847.4,3148.2,3497.8,3496,0.0,3495.6,0.0,0,0,2017-04-13,34436700,3499.2,1,0,0,0,0,0,0,0,0,3499.4,2,0,0,0,0,0,0,0,0
440,2017-04-13,09:33:57,200,IF1704,CCFX,3499.0,3491.4,3501.8,574,602038740,28605,29036,3847.4,3148.2,3497.8,3496,0.0,3495.6,0.0,0,0,2017-04-13,34437200,3499.2,1,0,0,0,0,0,0,0,0,3499.4,2,0,0,0,0,0,0,0,0
441,2017-04-13,09:33:58,700,IF1704,CCFX,3499.4,3491.4,3501.8,575,603088560,28604,29036,3847.4,3148.2,3497.8,3496,0.0,3495.6,0.0,0,0,2017-04-13,34438700,3499.2,2,0,0,0,0,0,0,0,0,3499.4,1,0,0,0,0,0,0,0,0
442,2017-04-13,09:33:59,200,IF1704,CCFX,3499.4,3491.4,3501.8,576,604138380,28603,29036,3847.4,3148.2,3497.8,3496,0.0,3495.6,0.0,0,0,2017-04-13,34439200,3499.2,2,0,0,0,0,0,0,0,0,3499.6,8,0,0,0,0,0,0,0,0
443,2017-04-13,09:33:59,700,IF1704,CCFX,3499.4,3491.4,3501.8,576,604138380,28603,29036,3847.4,3148.2,3497.8,3496,0.0,3495.6,0.0,0,0,2017-04-13,34439700,3499.4,1,0,0,0,0,0,0,0,0,3499.6,8,0,0,0,0,0,0,0,0
444,2017-04-13,09:34:00,200,IF1704,CCFX,3499.4,3491.4,3501.8,576,604138380,28603,29036,3847.4,3148.2,3497.8,3496,0.0,3495.6,0.0,0,0,2017-04-13,34440200,3499.4,1,0,0,0,0,0,0,0,0,3499.6,8,0,0,0,0,0,0,0,0
445,2017-04-13,09:34:00,700,IF1704,CCFX,3499.4,3491.4,3501.8,576,604138380,28603,29036,3847.4,3148.2,3497.8,3496,0.0,3495.6,0.0,0,0,2017-04-13,34440700,3499.4,1,0,0,0,0,0,0,0,0,3499.6,8,0,0,0,0,0,0,0,0
446,2017-04-13,09:34:01,200,IF1704,CCFX,3499.6,3491.4,3501.8,579,607288020,28602,29036,3847.4,3148.2,3497.8,3496,0.0,3495.6,0.0,0,0,2017-04-13,34441200,3499.4,1,0,0,0,0,0,0,0,0,3499.6,5,0,0,0,0,0,0,0,0
447,2017-04-13,09:34:01,700,IF1704,CCFX,3499.8,3491.4,3501.8,588,616737060,28594,29036,3847.4,3148.2,3497.8,3496,0.0,3495.6,0.0,0,0,2017-04-13,34441700,3499.2,3,0,0,0,0,0,0,0,0,3500.0,4,0,0,0,0,0,0,0,0
448,2017-04-13,09:34:02,200,IF1704,CCFX,3499.8,3491.4,3501.8,590,618837000,28592,29036,3847.4,3148.2,3497.8,3496,0.0,3495.6,0.0,0,0,2017-04-13,34442200,3499.6,1,0,0,0,0,0,0,0,0,3500.0,3,0,0,0,0,0,0,0,0
449,2017-04-13,09:34:02,700,IF1704,CCFX,3499.8,3491.4,3501.8,590,618837000,28592,29036,3847.4,3148.2,3497.8,3496,0.0,3495.6,0.0,0,0,2017-04-13,34442700,3499.8,2,0,0,0,0,0,0,0,0,3500.0,3,0,0,0,0,0,0,0,0
450,2017-04-13,09:34:03,200,IF1704,CCFX,3500.0,3491.4,3501.8,593,621987000,28592,29036,3847.4,3148.2,3497.8,3496,0.0,3495.6,0.0,0,0,2017-04-13,34443200,3499.8,2,0,0,0,0,0,0,0,0,3500.6,3,0,0,0,0,0,0,0,0
451,2017-04-13,09:34:03,700,IF1704,CCFX,3499.8,3491.4,3501.8,594,623036940,28591,29036,3847.4,3148.2,3497.8,3496,0.0,3495.6,0.0,0,0,2017-04-13,34443700,3500.0,1,0,0,0,0,0,0,0,0,3500.6,3,0,0,0,0,0,0,0,0
452,2017-04-13,09:34:04,200,IF1704,CCFX,3499.8,3491.4,3501.8,594,623036940,28591,29036,3847.4,3148.2,3497.8,3496,0.0,3495.6,0.0,0,0,2017-04-13,34444200,3500.0,1,0,0,0,0,0,0,0,0,3500.6,3,0,0,0,0,0,0,0,0
453,2017-04-13,09:34:04,700,IF1704,CCFX,3499.8,3491.4,3501.8,594,623036940,28591,29036,3847.4,3148.2,3497.8,3496,0.0,3495.6,0.0,0,0,2017-04-13,34444700,3500.0,1,0,0,0,0,0,0,0,0,3500.6,3,0,0,0,0,0,0,0,0
454,2017-04-13,09:34:05,700,IF1704,CCFX,3500.4,3491.4,3501.8,595,624087060,28590,29036,3847.4,3148.2,3497.8,3496,0.0,3495.6,0.0,0,0,2017-04-13,34445700,3500.0,1,0,0,0,0,0,0,0,0,3500.6,3,0,0,0,0,0,0,0,0
455,2017-04-13,09:34:06,200,IF1704,CCFX,3500.4,3491.4,3501.8,595,624087060,28590,29036,3847.4,3148.2,3497.8,3496,0.0,3495.6,0.0,0,0,2017-04-13,34446200,3500.0,2,0,0,0,0,0,0,0,0,3500.6,3,0,0,0,0,0,0,0,0
456,2017-04-13,09:34:06,700,IF1704,CCFX,3500.4,3491.4,3501.8,595,624087060,28590,29036,3847.4,3148.2,3497.8,3496,0.0,3495.6,0.0,0,0,2017-04-13,34446700,3500.0,2,0,0,0,0,0,0,0,0,3500.6,3,0,0,0,0,0,0,0,0
457,2017-04-13,09:34:08,700,IF1704,CCFX,3500.0,3491.4,3501.8,596,625137060,28589,29036,3847.4,3148.2,3497.8,3496,0.0,3495.6,0.0,0,0,2017-04-13,34448700,3500.0,1,0,0,0,0,0,0,0,0,3500.6,3,0,0,0,0,0,0,0,0
458,2017-04-13,09:34:09,200,IF1704,CCFX,3500.0,3491.4,3501.8,597,626187060,28588,29036,3847.4,3148.2,3497.8,3496,0.0,3495.6,0.0,0,0,2017-04-13,34449200,3499.6,1,0,0,0,0,0,0,0,0,3500.4,1,0,0,0,0,0,0,0,0
459,2017-04-13,09:34:09,700,IF1704,CCFX,3499.6,3491.4,3501.8,598,627236940,28587,29036,3847.4,3148.2,3497.8,3496,0.0,3495.6,0.0,0,0,2017-04-13,34449700,3499.4,1,0,0,0,0,0,0,0,0,3500.4,1,0,0,0,0,0,0,0,0
460,2017-04-13,09:34:10,200,IF1704,CCFX,3500.4,3491.4,3501.8,600,629337120,28585,29036,3847.4,3148.2,3497.8,3496,0.0,3495.6,0.0,0,0,2017-04-13,34450200,3499.8,1,0,0,0,0,0,0,0,0,3500.4,1,0,0,0,0,0,0,0,0
461,2017-04-13,09:34:10,700,IF1704,CCFX,3500.4,3491.4,3501.8,600,629337120,28585,29036,3847.4,3148.2,3497.8,3496,0.0,3495.6,0.0,0,0,2017-04-13,34450700,3499.8,1,0,0,0,0,0,0,0,0,3500.2,1,0,0,0,0,0,0,0,0
462,2017-04-13,09:34:11,200,IF1704,CCFX,3500.4,3491.4,3501.8,600,629337120,28585,29036,3847.4,3148.2,3497.8,3496,0.0,3495.6,0.0,0,0,2017-04-13,34451200,3499.8,3,0,0,0,0,0,0,0,0,3500.2,2,0,0,0,0,0,0,0,0
463,2017-04-13,09:34:12,700,IF1704,CCFX,3500.4,3491.4,3501.8,600,629337120,28585,29036,3847.4,3148.2,3497.8,3496,0.0,3495.6,0.0,0,0,2017-04-13,34452700,3499.8,3,0,0,0,0,0,0,0,0,3500.0,1,0,0,0,0,0,0,0,0
464,2017-04-13,09:34:13,200,IF1704,CCFX,3500.0,3491.4,3501.8,601,630387120,28585,29036,3847.4,3148.2,3497.8,3496,0.0,3495.6,0.0,0,0,2017-04-13,34453200,3499.8,3,0,0,0,0,0,0,0,0,3500.2,2,0,0,0,0,0,0,0,0
465,2017-04-13,09:34:13,700,IF1704,CCFX,3500.0,3491.4,3501.8,601,630387120,28585,29036,3847.4,3148.2,3497.8,3496,0.0,3495.6,0.0,0,0,2017-04-13,34453700,3500.0,1,0,0,0,0,0,0,0,0,3500.2,2,0,0,0,0,0,0,0,0
466,2017-04-13,09:34:14,200,IF1704,CCFX,3500.0,3491.4,3501.8,601,630387120,28585,29036,3847.4,3148.2,3497.8,3496,0.0,3495.6,0.0,0,0,2017-04-13,34454200,3500.0,1,0,0,0,0,0,0,0,0,3500.2,2,0,0,0,0,0,0,0,0
467,2017-04-13,09:34:14,700,IF1704,CCFX,3500.0,3491.4,3501.8,601,630387120,28585,29036,3847.4,3148.2,3497.8,3496,0.0,3495.6,0.0,0,0,2017-04-13,34454700,3500.0,1,0,0,0,0,0,0,0,0,3500.2,2,0,0,0,0,0,0,0,0
468,2017-04-13,09:34:15,200,IF1704,CCFX,3500.0,3491.4,3501.8,602,631437120,28584,29036,3847.4,3148.2,3497.8,3496,0.0,3495.6,0.0,0,0,2017-04-13,34455200,3499.8,4,0,0,0,0,0,0,0,0,3500.2,2,0,0,0,0,0,0,0,0
469,2017-04-13,09:34:15,700,IF1704,CCFX,3500.2,3491.4,3501.8,605,634587060,28581,29036,3847.4,3148.2,3497.8,3496,0.0,3495.6,0.0,0,0,2017-04-13,34455700,3500.2,1,0,0,0,0,0,0,0,0,3500.4,1,0,0,0,0,0,0,0,0
470,2017-04-13,09:34:16,200,IF1704,CCFX,3500.2,3491.4,3501.8,606,635637120,28581,29036,3847.4,3148.2,3497.8,3496,0.0,3495.6,0.0,0,0,2017-04-13,34456200,3499.8,2,0,0,0,0,0,0,0,0,3500.0,1,0,0,0,0,0,0,0,0
471,2017-04-13,09:34:16,700,IF1704,CCFX,3500.0,3491.4,3501.8,607,636687120,28581,29036,3847.4,3148.2,3497.8,3496,0.0,3495.6,0.0,0,0,2017-04-13,34456700,3499.8,2,0,0,0,0,0,0,0,0,3500.4,2,0,0,0,0,0,0,0,0
472,2017-04-13,09:34:17,200,IF1704,CCFX,3500.0,3491.4,3501.8,607,636687120,28581,29036,3847.4,3148.2,3497.8,3496,0.0,3495.6,0.0,0,0,2017-04-13,34457200,3499.8,3,0,0,0,0,0,0,0,0,3500.4,1,0,0,0,0,0,0,0,0
473,2017-04-13,09:34:18,200,IF1704,CCFX,3499.8,3491.4,3501.8,608,637737060,28580,29036,3847.4,3148.2,3497.8,3496,0.0,3495.6,0.0,0,0,2017-04-13,34458200,3499.8,2,0,0,0,0,0,0,0,0,3500.4,1,0,0,0,0,0,0,0,0
474,2017-04-13,09:34:18,700,IF1704,CCFX,3499.8,3491.4,3501.8,608,637737060,28580,29036,3847.4,3148.2,3497.8,3496,0.0,3495.6,0.0,0,0,2017-04-13,34458700,3499.8,2,0,0,0,0,0,0,0,0,3500.4,3,0,0,0,0,0,0,0,0
475,2017-04-13,09:34:19,200,IF1704,CCFX,3499.8,3491.4,3501.8,608,637737060,28580,29036,3847.4,3148.2,3497.8,3496,0.0,3495.6,0.0,0,0,2017-04-13,34459200,3499.8,2,0,0,0,0,0,0,0,0,3500.4,3,0,0,0,0,0,0,0,0
476,2017-04-13,09:34:19,700,IF1704,CCFX,3499.8,3491.4,3501.8,609,638787000,28579,29036,3847.4,3148.2,3497.8,3496,0.0,3495.6,0.0,0,0,2017-04-13,34459700,3499.8,1,0,0,0,0,0,0,0,0,3500.4,3,0,0,0,0,0,0,0,0
477,2017-04-13,09:34:20,200,IF1704,CCFX,3499.8,3491.4,3501.8,610,639836940,28578,29036,3847.4,3148.2,3497.8,3496,0.0,3495.6,0.0,0,0,2017-04-13,34460200,3499.8,1,0,0,0,0,0,0,0,0,3500.4,2,0,0,0,0,0,0,0,0
478,2017-04-13,09:34:20,700,IF1704,CCFX,3499.8,3491.4,3501.8,611,640886880,28577,29036,3847.4,3148.2,3497.8,3496,0.0,3495.6,0.0,0,0,2017-04-13,34460700,3499.2,2,0,0,0,0,0,0,0,0,3500.4,3,0,0,0,0,0,0,0,0
479,2017-04-13,09:34:21,200,IF1704,CCFX,3499.2,3491.4,3501.8,612,641936640,28576,29036,3847.4,3148.2,3497.8,3496,0.0,3495.6,0.0,0,0,2017-04-13,34461200,3499.2,1,0,0,0,0,0,0,0,0,3500.2,1,0,0,0,0,0,0,0,0
480,2017-04-13,09:34:21,700,IF1704,CCFX,3499.2,3491.4,3501.8,613,642986400,28575,29036,3847.4,3148.2,3497.8,3496,0.0,3495.6,0.0,0,0,2017-04-13,34461700,3499.0,1,0,0,0,0,0,0,0,0,3500.0,1,0,0,0,0,0,0,0,0
481,2017-04-13,09:34:22,200,IF1704,CCFX,3499.2,3491.4,3501.8,613,642986400,28575,29036,3847.4,3148.2,3497.8,3496,0.0,3495.6,0.0,0,0,2017-04-13,34462200,3499.0,1,0,0,0,0,0,0,0,0,3500.0,2,0,0,0,0,0,0,0,0
482,2017-04-13,09:34:22,700,IF1704,CCFX,3499.2,3491.4,3501.8,613,642986400,28575,29036,3847.4,3148.2,3497.8,3496,0.0,3495.6,0.0,0,0,2017-04-13,34462700,3499.0,1,0,0,0,0,0,0,0,0,3500.0,3,0,0,0,0,0,0,0,0
483,2017-04-13,09:34:23,200,IF1704,CCFX,3499.2,3491.4,3501.8,613,642986400,28575,29036,3847.4,3148.2,3497.8,3496,0.0,3495.6,0.0,0,0,2017-04-13,34463200,3499.0,1,0,0,0,0,0,0,0,0,3500.0,5,0,0,0,0,0,0,0,0
484,2017-04-13,09:34:23,700,IF1704,CCFX,3500.0,3491.4,3501.8,617,647186400,28571,29036,3847.4,3148.2,3497.8,3496,0.0,3495.6,0.0,0,0,2017-04-13,34463700,3499.2,1,0,0,0,0,0,0,0,0,3500.0,1,0,0,0,0,0,0,0,0
485,2017-04-13,09:34:24,200,IF1704,CCFX,3500.0,3491.4,3501.8,618,648236400,28571,29036,3847.4,3148.2,3497.8,3496,0.0,3495.6,0.0,0,0,2017-04-13,34464200,3499.8,4,0,0,0,0,0,0,0,0,3500.4,1,0,0,0,0,0,0,0,0
486,2017-04-13,09:34:24,700,IF1704,CCFX,3500.4,3491.4,3501.8,619,649286520,28570,29036,3847.4,3148.2,3497.8,3496,0.0,3495.6,0.0,0,0,2017-04-13,34464700,3500.2,2,0,0,0,0,0,0,0,0,3500.6,3,0,0,0,0,0,0,0,0
487,2017-04-13,09:34:25,200,IF1704,CCFX,3499.4,3491.4,3501.8,620,650336340,28569,29036,3847.4,3148.2,3497.8,3496,0.0,3495.6,0.0,0,0,2017-04-13,34465200,3499.2,2,0,0,0,0,0,0,0,0,3500.6,4,0,0,0,0,0,0,0,0
488,2017-04-13,09:34:25,700,IF1704,CCFX,3499.4,3491.4,3501.8,620,650336340,28569,29036,3847.4,3148.2,3497.8,3496,0.0,3495.6,0.0,0,0,2017-04-13,34465700,3499.4,3,0,0,0,0,0,0,0,0,3500.4,4,0,0,0,0,0,0,0,0
489,2017-04-13,09:34:26,200,IF1704,CCFX,3499.4,3491.4,3501.8,621,651386160,28568,29036,3847.4,3148.2,3497.8,3496,0.0,3495.6,0.0,0,0,2017-04-13,34466200,3499.4,2,0,0,0,0,0,0,0,0,3500.4,3,0,0,0,0,0,0,0,0
490,2017-04-13,09:34:26,700,IF1704,CCFX,3499.4,3491.4,3501.8,621,651386160,28568,29036,3847.4,3148.2,3497.8,3496,0.0,3495.6,0.0,0,0,2017-04-13,34466700,3499.4,1,0,0,0,0,0,0,0,0,3500.4,4,0,0,0,0,0,0,0,0
491,2017-04-13,09:34:27,200,IF1704,CCFX,3499.4,3491.4,3501.8,622,652435980,28567,29036,3847.4,3148.2,3497.8,3496,0.0,3495.6,0.0,0,0,2017-04-13,34467200,3499.8,1,0,0,0,0,0,0,0,0,3500.4,4,0,0,0,0,0,0,0,0
492,2017-04-13,09:34:27,700,IF1704,CCFX,3499.8,3491.4,3501.8,623,653485920,28567,29036,3847.4,3148.2,3497.8,3496,0.0,3495.6,0.0,0,0,2017-04-13,34467700,3499.6,1,0,0,0,0,0,0,0,0,3500.2,1,0,0,0,0,0,0,0,0
