,dataDate,dataTime,dataMillisec,instrumentID,exchangeCD,lastPrice,lowPrice,highPrice,volume,value,openInterest,preOpenInterest,upperLimitPrice,lowerLimitPrice,preSettlementPrice,prevClosePrice,settlementPrice,openPrice,closePrice,preDelta,currDelta,clearingDay,milliSecOffset,bidPrice1,bidVolume1,bidPrice2,bidVolume2,bidPrice3,bidVolume3,bidPrice4,bidVolume4,bidPrice5,bidVolume5,askPrice1,askVolume1,askPrice2,askVolume2,askPrice3,askVolume3,askPrice4,askVolume4,askPrice5,askVolume5
0,2017-04-13,00:00:00,0,IH1704,CCFX,2369.6,0.0,0.0,0,0,16796,16796,0.0,0.0,2368.4,2369.6,0,0.0,0.0,0,0,2017-04-13,0,0.0,0,0,0,0,0,0,0,0,0,0.0,0,0,0,0,0,0,0,0,0
1,2017-04-13,07:03:39,200,IH1704,CCFX,2369.6,0.0,0.0,0,0,16796,16796,2605.2,2131.6,2368.4,2369.6,0,0.0,0.0,0,0,2017-04-13,25419200,0.0,0,0,0,0,0,0,0,0,0,0.0,0,0,0,0,0,0,0,0,0
2,2017-04-13,09:29:00,200,IH1704,CCFX,2367.4,2367.4,2367.4,38,26988360,16762,16796,2605.2,2131.6,2368.4,2369.6,0,2367.4,0.0,0,0,2017-04-13,34140200,2367.2,2,0,0,0,0,0,0,0,0,2367.6,1,0,0,0,0,0,0,0,0
3,2017-04-13,09:30:00,200,IH1704,CCFX,2367.4,2367.4,2367.4,38,26988360,16762,16796,2605.2,2131.6,2368.4,2369.6,0,2367.4,0.0,0,0,2017-04-13,34200200,2367.2,2,0,0,0,0,0,0,0,0,2367.6,2,0,0,0,0,0,0,0,0
4,2017-04-13,09:30:00,700,IH1704,CCFX,2367.2,2367.2,2367.4,40,28408740,16760,16796,2605.2,2131.6,2368.4,2369.6,0,2367.4,0.0,0,0,2017-04-13,34200700,2367.0,1,0,0,0,0,0,0,0,0,2367.6,2,0,0,0,0,0,0,0,0
5,2017-04-13,09:30:01,200,IH1704,CCFX,2367.2,2367.2,2367.4,41,29118900,16759,16796,2605.2,2131.6,2368.4,2369.6,0,2367.4,0.0,0,0,2017-04-13,34201200,2367.0,1,0,0,0,0,0,0,0,0,2367.6,2,0,0,0,0,0,0,0,0
6,2017-04-13,09:30:01,700,IH1704,CCFX,2367.2,2367.2,2367.4,41,29118900,16759,16796,2605.2,2131.6,2368.4,2369.6,0,2367.4,0.0,0,0,2017-04-13,34201700,2367.4,1,0,0,0,0,0,0,0,0,2367.6,2,0,0,0,0,0,0,0,0
7,2017-04-13,09:30:02,200,IH1704,CCFX,2367.2,2367.2,2367.4,41,29118900,16759,16796,2605.2,2131.6,2368.4,2369.6,0,2367.4,0.0,0,0,2017-04-13,34202200,2367.4,1,0,0,0,0,0,0,0,0,2367.6,2,0,0,0,0,0,0,0,0
8,2017-04-13,09:30:02,700,IH1704,CCFX,2367.6,2367.2,2367.6,43,30539400,16758,16796,2605.2,2131.6,2368.4,2369.6,0,2367.4,0.0,0,0,2017-04-13,34202700,2367.0,1,0,0,0,0,0,0,0,0,2367.6,1,0,0,0,0,0,0,0,0
9,2017-04-13,09:30:04,200,IH1704,CCFX,2367.6,2367.2,2367.6,43,30539400,16758,16796,2605.2,2131.6,2368.4,2369.6,0,2367.4,0.0,0,0,2017-04-13,34204200,2367.4,6,0,0,0,0,0,0,0,0,2367.6,1,0,0,0,0,0,0,0,0
10,2017-04-13,09:30:04,700,IH1704,CCFX,2367.4,2367.2,2367.6,44,31249620,16757,16796,2605.2,2131.6,2368.4,2369.6,0,2367.4,0.0,0,0,2017-04-13,34204700,2367.4,5,0,0,0,0,0,0,0,0,2367.6,1,0,0,0,0,0,0,0,0
11,2017-04-13,09:30:05,200,IH1704,CCFX,2367.4,2367.2,2367.6,47,33380340,16754,16796,2605.2,2131.6,2368.4,2369.6,0,2367.4,0.0,0,0,2017-04-13,34205200,2367.4,4,0,0,0,0,0,0,0,0,2368.0,2,0,0,0,0,0,0,0,0
12,2017-04-13,09:30:05,700,IH1704,CCFX,2367.4,2367.2,2368.0,51,36221580,16750,16796,2605.2,2131.6,2368.4,2369.6,0,2367.4,0.0,0,0,2017-04-13,34205700,2367.4,2,0,0,0,0,0,0,0,0,2368.6,4,0,0,0,0,0,0,0,0
13,2017-04-13,09:30:06,200,IH1704,CCFX,2367.4,2367.2,2368.0,51,36221580,16750,16796,2605.2,2131.6,2368.4,2369.6,0,2367.4,0.0,0,0,2017-04-13,34206200,2367.6,1,0,0,0,0,0,0,0,0,2368.4,1,0,0,0,0,0,0,0,0
14,2017-04-13,09:30:06,700,IH1704,CCFX,2367.4,2367.2,2368.0,51,36221580,16750,16796,2605.2,2131.6,2368.4,2369.6,0,2367.4,0.0,0,0,2017-04-13,34206700,2367.6,1,0,0,0,0,0,0,0,0,2368.6,4,0,0,0,0,0,0,0,0
15,2017-04-13,09:30:07,700,IH1704,CCFX,2367.4,2367.2,2368.0,51,36221580,16750,16796,2605.2,2131.6,2368.4,2369.6,0,2367.4,0.0,0,0,2017-04-13,34207700,2368.0,2,0,0,0,0,0,0,0,0,2368.4,1,0,0,0,0,0,0,0,0
16,2017-04-13,09:30:08,200,IH1704,CCFX,2367.4,2367.2,2368.0,51,36221580,16750,16796,2605.2,2131.6,2368.4,2369.6,0,2367.4,0.0,0,0,2017-04-13,34208200,2368.0,2,0,0,0,0,0,0,0,0,2368.4,1,0,0,0,0,0,0,0,0
17,2017-04-13,09:30:08,700,IH1704,CCFX,2367.4,2367.2,2368.0,51,36221580,16750,16796,2605.2,2131.6,2368.4,2369.6,0,2367.4,0.0,0,0,2017-04-13,34208700,2368.0,2,0,0,0,0,0,0,0,0,2368.2,2,0,0,0,0,0,0,0,0
18,2017-04-13,09:30:09,200,IH1704,CCFX,2368.0,2367.2,2368.0,53,37642380,16750,16796,2605.2,2131.6,2368.4,2369.6,0,2367.4,0.0,0,0,2017-04-13,34209200,2367.4,2,0,0,0,0,0,0,0,0,2368.2,2,0,0,0,0,0,0,0,0
19,2017-04-13,09:30:10,200,IH1704,CCFX,2368.2,2367.2,2368.2,55,39063300,16752,16796,2605.2,2131.6,2368.4,2369.6,0,2367.4,0.0,0,0,2017-04-13,34210200,2367.4,2,0,0,0,0,0,0,0,0,2368.4,1,0,0,0,0,0,0,0,0
20,2017-04-13,09:30:11,200,IH1704,CCFX,2368.2,2367.2,2368.2,55,39063300,16752,16796,2605.2,2131.6,2368.4,2369.6,0,2367.4,0.0,0,0,2017-04-13,34211200,2367.6,3,0,0,0,0,0,0,0,0,2368.4,1,0,0,0,0,0,0,0,0
21,2017-04-13,09:30:11,700,IH1704,CCFX,2368.2,2367.2,2368.2,55,39063300,16752,16796,2605.2,2131.6,2368.4,2369.6,0,2367.4,0.0,0,0,2017-04-13,34211700,2367.6,3,0,0,0,0,0,0,0,0,2367.8,1,0,0,0,0,0,0,0,0
22,2017-04-13,09:30:12,200,IH1704,CCFX,2367.8,2367.2,2368.2,59,41904480,16748,16796,2605.2,2131.6,2368.4,2369.6,0,2367.4,0.0,0,0,2017-04-13,34212200,2367.4,2,0,0,0,0,0,0,0,0,2368.4,1,0,0,0,0,0,0,0,0
23,2017-04-13,09:30:12,700,IH1704,CCFX,2367.8,2367.2,2368.2,59,41904480,16748,16796,2605.2,2131.6,2368.4,2369.6,0,2367.4,0.0,0,0,2017-04-13,34212700,2367.6,1,0,0,0,0,0,0,0,0,2368.2,2,0,0,0,0,0,0,0,0
24,2017-04-13,09:30:13,200,IH1704,CCFX,2367.6,2367.2,2368.2,60,42614760,16747,16796,2605.2,2131.6,2368.4,2369.6,0,2367.4,0.0,0,0,2017-04-13,34213200,2367.4,2,0,0,0,0,0,0,0,0,2368.2,2,0,0,0,0,0,0,0,0
25,2017-04-13,09:30:13,700,IH1704,CCFX,2367.6,2367.2,2368.2,60,42614760,16747,16796,2605.2,2131.6,2368.4,2369.6,0,2367.4,0.0,0,0,2017-04-13,34213700,2367.4,2,0,0,0,0,0,0,0,0,2368.0,1,0,0,0,0,0,0,0,0
26,2017-04-13,09:30:14,200,IH1704,CCFX,2367.4,2367.2,2368.2,62,44035200,16745,16796,2605.2,2131.6,2368.4,2369.6,0,2367.4,0.0,0,0,2017-04-13,34214200,2367.0,1,0,0,0,0,0,0,0,0,2367.8,1,0,0,0,0,0,0,0,0
27,2017-04-13,09:30:15,200,IH1704,CCFX,2367.4,2367.2,2368.2,62,44035200,16745,16796,2605.2,2131.6,2368.4,2369.6,0,2367.4,0.0,0,0,2017-04-13,34215200,2367.0,1,0,0,0,0,0,0,0,0,2367.6,1,0,0,0,0,0,0,0,0
28,2017-04-13,09:30:15,700,IH1704,CCFX,2367.4,2367.2,2368.2,62,44035200,16745,16796,2605.2,2131.6,2368.4,2369.6,0,2367.4,0.0,0,0,2017-04-13,34215700,2367.0,1,0,0,0,0,0,0,0,0,2367.4,1,0,0,0,0,0,0,0,0
29,2017-04-13,09:30:16,200,IH1704,CCFX,2367.2,2367.2,2368.2,63,44745360,16745,16796,2605.2,2131.6,2368.4,2369.6,0,2367.4,0.0,0,0,2017-04-13,34216200,2367.0,1,0,0,0,0,0,0,0,0,2367.4,1,0,0,0,0,0,0,0,0
30,2017-04-13,09:30:16,700,IH1704,CCFX,2367.2,2367.2,2368.2,63,44745360,16745,16796,2605.2,2131.6,2368.4,2369.6,0,2367.4,0.0,0,0,2017-04-13,34216700,2367.0,1,0,0,0,0,0,0,0,0,2367.2,5,0,0,0,0,0,0,0,0
31,2017-04-13,09:30:17,200,IH1704,CCFX,2367.0,2367.0,2368.2,64,45455460,16744,16796,2605.2,2131.6,2368.4,2369.6,0,2367.4,0.0,0,0,2017-04-13,34217200,2366.8,1,0,0,0,0,0,0,0,0,2367.2,5,0,0,0,0,0,0,0,0
32,2017-04-13,09:30:17,700,IH1704,CCFX,2366.8,2366.8,2368.2,65,46165500,16743,16796,2605.2,2131.6,2368.4,2369.6,0,2367.4,0.0,0,0,2017-04-13,34217700,2366.6,2,0,0,0,0,0,0,0,0,2367.0,1,0,0,0,0,0,0,0,0
33,2017-04-13,09:30:18,200,IH1704,CCFX,2366.8,2366.8,2368.2,65,46165500,16743,16796,2605.2,2131.6,2368.4,2369.6,0,2367.4,0.0,0,0,2017-04-13,34218200,2366.8,1,0,0,0,0,0,0,0,0,2367.0,1,0,0,0,0,0,0,0,0
34,2017-04-13,09:30:18,700,IH1704,CCFX,2367.0,2366.8,2368.2,66,46875600,16742,16796,2605.2,2131.6,2368.4,2369.6,0,2367.4,0.0,0,0,2017-04-13,34218700,2366.8,1,0,0,0,0,0,0,0,0,2367.2,5,0,0,0,0,0,0,0,0
35,2017-04-13,09:30:19,200,IH1704,CCFX,2367.0,2366.8,2368.2,66,46875600,16742,16796,2605.2,2131.6,2368.4,2369.6,0,2367.4,0.0,0,0,2017-04-13,34219200,2367.0,1,0,0,0,0,0,0,0,0,2367.2,6,0,0,0,0,0,0,0,0
36,2017-04-13,09:30:19,700,IH1704,CCFX,2367.0,2366.8,2368.2,66,46875600,16742,16796,2605.2,2131.6,2368.4,2369.6,0,2367.4,0.0,0,0,2017-04-13,34219700,2367.0,2,0,0,0,0,0,0,0,0,2367.2,6,0,0,0,0,0,0,0,0
37,2017-04-13,09:30:20,200,IH1704,CCFX,2367.0,2366.8,2368.2,68,48295860,16740,16796,2605.2,2131.6,2368.4,2369.6,0,2367.4,0.0,0,0,2017-04-13,34220200,2367.0,1,0,0,0,0,0,0,0,0,2367.2,5,0,0,0,0,0,0,0,0
38,2017-04-13,09:30:20,700,IH1704,CCFX,2367.0,2366.8,2368.2,69,49005960,16739,16796,2605.2,2131.6,2368.4,2369.6,0,2367.4,0.0,0,0,2017-04-13,34220700,2366.8,1,0,0,0,0,0,0,0,0,2367.2,5,0,0,0,0,0,0,0,0
39,2017-04-13,09:30:22,200,IH1704,CCFX,2367.2,2366.8,2368.2,70,49716120,16738,16796,2605.2,2131.6,2368.4,2369.6,0,2367.4,0.0,0,0,2017-04-13,34222200,2366.8,1,0,0,0,0,0,0,0,0,2367.2,3,0,0,0,0,0,0,0,0
40,2017-04-13,09:30:22,700,IH1704,CCFX,2367.2,2366.8,2368.2,73,51846600,16735,16796,2605.2,2131.6,2368.4,2369.6,0,2367.4,0.0,0,0,2017-04-13,34222700,2366.8,1,0,0,0,0,0,0,0,0,2368.6,4,0,0,0,0,0,0,0,0
41,2017-04-13,09:30:23,200,IH1704,CCFX,2367.2,2366.8,2368.2,74,52556760,16734,16796,2605.2,2131.6,2368.4,2369.6,0,2367.4,0.0,0,0,2017-04-13,34223200,2367.0,2,0,0,0,0,0,0,0,0,2368.4,16,0,0,0,0,0,0,0,0
42,2017-04-13,09:30:23,700,IH1704,CCFX,2367.2,2366.8,2368.2,74,52556760,16734,16796,2605.2,2131.6,2368.4,2369.6,0,2367.4,0.0,0,0,2017-04-13,34223700,2367.0,2,0,0,0,0,0,0,0,0,2368.2,1,0,0,0,0,0,0,0,0
43,2017-04-13,09:30:24,200,IH1704,CCFX,2367.2,2366.8,2368.2,74,52556760,16734,16796,2605.2,2131.6,2368.4,2369.6,0,2367.4,0.0,0,0,2017-04-13,34224200,2367.0,2,0,0,0,0,0,0,0,0,2368.0,2,0,0,0,0,0,0,0,0
44,2017-04-13,09:30:24,700,IH1704,CCFX,2368.0,2366.8,2368.2,75,53267160,16733,16796,2605.2,2131.6,2368.4,2369.6,0,2367.4,0.0,0,0,2017-04-13,34224700,2367.2,1,0,0,0,0,0,0,0,0,2367.8,3,0,0,0,0,0,0,0,0
45,2017-04-13,09:30:25,200,IH1704,CCFX,2368.0,2366.8,2368.2,75,53267160,16733,16796,2605.2,2131.6,2368.4,2369.6,0,2367.4,0.0,0,0,2017-04-13,34225200,2366.8,1,0,0,0,0,0,0,0,0,2367.8,3,0,0,0,0,0,0,0,0
46,2017-04-13,09:30:25,700,IH1704,CCFX,2368.0,2366.8,2368.2,75,53267160,16733,16796,2605.2,2131.6,2368.4,2369.6,0,2367.4,0.0,0,0,2017-04-13,34225700,2367.0,1,0,0,0,0,0,0,0,0,2367.6,1,0,0,0,0,0,0,0,0
47,2017-04-13,09:30:26,200,IH1704,CCFX,2368.0,2366.8,2368.2,75,53267160,16733,16796,2605.2,2131.6,2368.4,2369.6,0,2367.4,0.0,0,0,2017-04-13,34226200,2367.0,1,0,0,0,0,0,0,0,0,2367.4,1,0,0,0,0,0,0,0,0
48,2017-04-13,09:30:26,700,IH1704,CCFX,2368.0,2366.8,2368.2,75,53267160,16733,16796,2605.2,2131.6,2368.4,2369.6,0,2367.4,0.0,0,0,2017-04-13,34226700,2367.0,2,0,0,0,0,0,0,0,0,2367.4,1,0,0,0,0,0,0,0,0
49,2017-04-13,09:30:27,200,IH1704,CCFX,2368.0,2366.8,2368.2,75,53267160,16733,16796,2605.2,2131.6,2368.4,2369.6,0,2367.4,0.0,0,0,2017-04-13,34227200,2367.0,2,0,0,0,0,0,0,0,0,2367.8,3,0,0,0,0,0,0,0,0
50,2017-04-13,09:30:27,700,IH1704,CCFX,2368.0,2366.8,2368.2,75,53267160,16733,16796,2605.2,2131.6,2368.4,2369.6,0,2367.4,0.0,0,0,2017-04-13,34227700,2367.2,1,0,0,0,0,0,0,0,0,2367.6,1,0,0,0,0,0,0,0,0
51,2017-04-13,09:30:28,200,IH1704,CCFX,2368.0,2366.8,2368.2,75,53267160,16733,16796,2605.2,2131.6,2368.4,2369.6,0,2367.4,0.0,0,0,2017-04-13,34228200,2367.2,1,0,0,0,0,0,0,0,0,2367.4,1,0,0,0,0,0,0,0,0
52,2017-04-13,09:30:28,700,IH1704,CCFX,2368.0,2366.8,2368.2,75,53267160,16733,16796,2605.2,2131.6,2368.4,2369.6,0,2367.4,0.0,0,0,2017-04-13,34228700,2367.0,2,0,0,0,0,0,0,0,0,2367.4,1,0,0,0,0,0,0,0,0
53,2017-04-13,09:30:29,200,IH1704,CCFX,2368.0,2366.8,2368.2,75,53267160,16733,16796,2605.2,2131.6,2368.4,2369.6,0,2367.4,0.0,0,0,2017-04-13,34229200,2367.0,2,0,0,0,0,0,0,0,0,2367.2,1,0,0,0,0,0,0,0,0
54,2017-04-13,09:30:29,700,IH1704,CCFX,2367.0,2366.8,2368.2,78,55397520,16732,16796,2605.2,2131.6,2368.4,2369.6,0,2367.4,0.0,0,0,2017-04-13,34229700,2366.8,1,0,0,0,0,0,0,0,0,2367.2,2,0,0,0,0,0,0,0,0
55,2017-04-13,09:30:31,200,IH1704,CCFX,2367.0,2366.8,2368.2,78,55397520,16732,16796,2605.2,2131.6,2368.4,2369.6,0,2367.4,0.0,0,0,2017-04-13,34231200,2366.8,1,0,0,0,0,0,0,0,0,2367.0,1,0,0,0,0,0,0,0,0
56,2017-04-13,09:30:31,700,IH1704,CCFX,2366.8,2366.8,2368.2,80,56817660,16731,16796,2605.2,2131.6,2368.4,2369.6,0,2367.4,0.0,0,0,2017-04-13,34231700,2366.0,2,0,0,0,0,0,0,0,0,2367.2,2,0,0,0,0,0,0,0,0
57,2017-04-13,09:30:32,200,IH1704,CCFX,2366.8,2366.8,2368.2,80,56817660,16731,16796,2605.2,2131.6,2368.4,2369.6,0,2367.4,0.0,0,0,2017-04-13,34232200,2366.2,3,0,0,0,0,0,0,0,0,2367.0,2,0,0,0,0,0,0,0,0
58,2017-04-13,09:30:32,700,IH1704,CCFX,2366.8,2366.8,2368.2,80,56817660,16731,16796,2605.2,2131.6,2368.4,2369.6,0,2367.4,0.0,0,0,2017-04-13,34232700,2366.2,4,0,0,0,0,0,0,0,0,2367.0,3,0,0,0,0,0,0,0,0
59,2017-04-13,09:30:33,200,IH1704,CCFX,2366.8,2366.8,2368.2,80,56817660,16731,16796,2605.2,2131.6,2368.4,2369.6,0,2367.4,0.0,0,0,2017-04-13,34233200,2366.2,3,0,0,0,0,0,0,0,0,2367.0,2,0,0,0,0,0,0,0,0
60,2017-04-13,09:30:34,200,IH1704,CCFX,2367.0,2366.8,2368.2,82,58237860,16729,16796,2605.2,2131.6,2368.4,2369.6,0,2367.4,0.0,0,0,2017-04-13,34234200,2367.0,1,0,0,0,0,0,0,0,0,2367.2,2,0,0,0,0,0,0,0,0
61,2017-04-13,09:30:34,700,IH1704,CCFX,2367.2,2366.8,2368.2,84,59658120,16727,16796,2605.2,2131.6,2368.4,2369.6,0,2367.4,0.0,0,0,2017-04-13,34234700,2367.0,3,0,0,0,0,0,0,0,0,2367.2,1,0,0,0,0,0,0,0,0
62,2017-04-13,09:30:35,200,IH1704,CCFX,2367.2,2366.8,2368.2,85,60368280,16726,16796,2605.2,2131.6,2368.4,2369.6,0,2367.4,0.0,0,0,2017-04-13,34235200,2367.0,3,0,0,0,0,0,0,0,0,2367.8,2,0,0,0,0,0,0,0,0
63,2017-04-13,09:30:35,700,IH1704,CCFX,2367.8,2366.8,2368.2,86,61078620,16725,16796,2605.2,2131.6,2368.4,2369.6,0,2367.4,0.0,0,0,2017-04-13,34235700,2367.0,3,0,0,0,0,0,0,0,0,2367.8,1,0,0,0,0,0,0,0,0
64,2017-04-13,09:30:36,200,IH1704,CCFX,2367.8,2366.8,2368.2,86,61078620,16725,16796,2605.2,2131.6,2368.4,2369.6,0,2367.4,0.0,0,0,2017-04-13,34236200,2367.0,3,0,0,0,0,0,0,0,0,2367.6,1,0,0,0,0,0,0,0,0
65,2017-04-13,09:30:37,700,IH1704,CCFX,2367.8,2366.8,2368.2,86,61078620,16725,16796,2605.2,2131.6,2368.4,2369.6,0,2367.4,0.0,0,0,2017-04-13,34237700,2367.4,1,0,0,0,0,0,0,0,0,2367.6,1,0,0,0,0,0,0,0,0
66,2017-04-13,09:30:38,200,IH1704,CCFX,2367.6,2366.8,2368.2,87,61788900,16724,16796,2605.2,2131.6,2368.4,2369.6,0,2367.4,0.0,0,0,2017-04-13,34238200,2367.4,1,0,0,0,0,0,0,0,0,2367.8,2,0,0,0,0,0,0,0,0
67,2017-04-13,09:30:39,200,IH1704,CCFX,2367.6,2366.8,2368.2,87,61788900,16724,16796,2605.2,2131.6,2368.4,2369.6,0,2367.4,0.0,0,0,2017-04-13,34239200,2367.4,1,0,0,0,0,0,0,0,0,2367.8,2,0,0,0,0,0,0,0,0
68,2017-04-13,09:30:39,700,IH1704,CCFX,2367.4,2366.8,2368.2,88,62499120,16723,16796,2605.2,2131.6,2368.4,2369.6,0,2367.4,0.0,0,0,2017-04-13,34239700,2367.2,2,0,0,0,0,0,0,0,0,2367.8,2,0,0,0,0,0,0,0,0
69,2017-04-13,09:30:40,200,IH1704,CCFX,2367.4,2366.8,2368.2,88,62499120,16723,16796,2605.2,2131.6,2368.4,2369.6,0,2367.4,0.0,0,0,2017-04-13,34240200,2367.2,2,0,0,0,0,0,0,0,0,2367.8,2,0,0,0,0,0,0,0,0
70,2017-04-13,09:30:40,700,IH1704,CCFX,2367.4,2366.8,2368.2,88,62499120,16723,16796,2605.2,2131.6,2368.4,2369.6,0,2367.4,0.0,0,0,2017-04-13,34240700,2367.4,1,0,0,0,0,0,0,0,0,2367.6,1,0,0,0,0,0,0,0,0
71,2017-04-13,09:30:42,200,IH1704,CCFX,2367.4,2366.8,2368.2,89,63209340,16722,16796,2605.2,2131.6,2368.4,2369.6,0,2367.4,0.0,0,0,2017-04-13,34242200,2367.2,3,0,0,0,0,0,0,0,0,2367.6,1,0,0,0,0,0,0,0,0
72,2017-04-13,09:30:43,200,IH1704,CCFX,2367.2,2366.8,2368.2,90,63919500,16721,16796,2605.2,2131.6,2368.4,2369.6,0,2367.4,0.0,0,0,2017-04-13,34243200,2367.2,2,0,0,0,0,0,0,0,0,2367.6,1,0,0,0,0,0,0,0,0
73,2017-04-13,09:30:44,200,IH1704,CCFX,2367.2,2366.8,2368.2,90,63919500,16721,16796,2605.2,2131.6,2368.4,2369.6,0,2367.4,0.0,0,0,2017-04-13,34244200,2367.4,1,0,0,0,0,0,0,0,0,2367.6,1,0,0,0,0,0,0,0,0
74,2017-04-13,09:30:45,200,IH1704,CCFX,2367.4,2366.8,2368.2,91,64629720,16720,16796,2605.2,2131.6,2368.4,2369.6,0,2367.4,0.0,0,0,2017-04-13,34245200,2367.4,1,0,0,0,0,0,0,0,0,2367.6,1,0,0,0,0,0,0,0,0
75,2017-04-13,09:30:45,700,IH1704,CCFX,2367.4,2366.8,2368.2,91,64629720,16720,16796,2605.2,2131.6,2368.4,2369.6,0,2367.4,0.0,0,0,2017-04-13,34245700,2367.4,1,0,0,0,0,0,0,0,0,2367.6,1,0,0,0,0,0,0,0,0
76,2017-04-13,09:30:46,200,IH1704,CCFX,2367.6,2366.8,2368.2,92,65340000,16719,16796,2605.2,2131.6,2368.4,2369.6,0,2367.4,0.0,0,0,2017-04-13,34246200,2367.4,1,0,0,0,0,0,0,0,0,2367.8,2,0,0,0,0,0,0,0,0
77,2017-04-13,09:30:46,700,IH1704,CCFX,2367.6,2366.8,2368.2,92,65340000,16719,16796,2605.2,2131.6,2368.4,2369.6,0,2367.4,0.0,0,0,2017-04-13,34246700,2367.6,10,0,0,0,0,0,0,0,0,2367.8,2,0,0,0,0,0,0,0,0
78,2017-04-13,09:30:47,200,IH1704,CCFX,2367.6,2366.8,2368.2,95,67470960,16716,16796,2605.2,2131.6,2368.4,2369.6,0,2367.4,0.0,0,0,2017-04-13,34247200,2367.6,10,0,0,0,0,0,0,0,0,2368.0,1,0,0,0,0,0,0,0,0
79,2017-04-13,09:30:47,700,IH1704,CCFX,2367.6,2366.8,2368.2,95,67470960,16716,16796,2605.2,2131.6,2368.4,2369.6,0,2367.4,0.0,0,0,2017-04-13,34247700,2367.8,1,0,0,0,0,0,0,0,0,2368.0,1,0,0,0,0,0,0,0,0
80,2017-04-13,09:30:48,200,IH1704,CCFX,2368.0,2366.8,2368.2,96,68181360,16716,16796,2605.2,2131.6,2368.4,2369.6,0,2367.4,0.0,0,0,2017-04-13,34248200,2367.8,1,0,0,0,0,0,0,0,0,2368.2,1,0,0,0,0,0,0,0,0
81,2017-04-13,09:30:48,700,IH1704,CCFX,2368.0,2366.8,2368.2,96,68181360,16716,16796,2605.2,2131.6,2368.4,2369.6,0,2367.4,0.0,0,0,2017-04-13,34248700,2368.0,1,0,0,0,0,0,0,0,0,2368.2,1,0,0,0,0,0,0,0,0
82,2017-04-13,09:30:49,200,IH1704,CCFX,2368.0,2366.8,2368.2,97,68891760,16715,16796,2605.2,2131.6,2368.4,2369.6,0,2367.4,0.0,0,0,2017-04-13,34249200,2367.8,1,0,0,0,0,0,0,0,0,2368.2,1,0,0,0,0,0,0,0,0
83,2017-04-13,09:30:49,700,IH1704,CCFX,2368.0,2366.8,2368.2,97,68891760,16715,16796,2605.2,2131.6,2368.4,2369.6,0,2367.4,0.0,0,0,2017-04-13,34249700,2367.8,1,0,0,0,0,0,0,0,0,2368.2,1,0,0,0,0,0,0,0,0
84,2017-04-13,09:30:50,200,IH1704,CCFX,2368.0,2366.8,2368.2,97,68891760,16715,16796,2605.2,2131.6,2368.4,2369.6,0,2367.4,0.0,0,0,2017-04-13,34250200,2368.0,1,0,0,0,0,0,0,0,0,2368.2,1,0,0,0,0,0,0,0,0
85,2017-04-13,09:30:50,700,IH1704,CCFX,2368.0,2366.8,2368.2,97,68891760,16715,16796,2605.2,2131.6,2368.4,2369.6,0,2367.4,0.0,0,0,2017-04-13,34250700,2368.0,1,0,0,0,0,0,0,0,0,2368.2,1,0,0,0,0,0,0,0,0
86,2017-04-13,09:30:51,200,IH1704,CCFX,2368.2,2366.8,2368.2,98,69602220,16714,16796,2605.2,2131.6,2368.4,2369.6,0,2367.4,0.0,0,0,2017-04-13,34251200,2367.8,1,0,0,0,0,0,0,0,0,2368.4,1,0,0,0,0,0,0,0,0
87,2017-04-13,09:30:51,700,IH1704,CCFX,2367.8,2366.8,2368.2,99,70312560,16713,16796,2605.2,2131.6,2368.4,2369.6,0,2367.4,0.0,0,0,2017-04-13,34251700,2367.6,9,0,0,0,0,0,0,0,0,2367.8,2,0,0,0,0,0,0,0,0
88,2017-04-13,09:30:52,200,IH1704,CCFX,2367.8,2366.8,2368.2,101,71733240,16711,16796,2605.2,2131.6,2368.4,2369.6,0,2367.4,0.0,0,0,2017-04-13,34252200,2367.6,10,0,0,0,0,0,0,0,0,2368.0,1,0,0,0,0,0,0,0,0
89,2017-04-13,09:30:53,700,IH1704,CCFX,2367.8,2366.8,2368.2,101,71733240,16711,16796,2605.2,2131.6,2368.4,2369.6,0,2367.4,0.0,0,0,2017-04-13,34253700,2367.6,10,0,0,0,0,0,0,0,0,2368.0,3,0,0,0,0,0,0,0,0
90,2017-04-13,09:30:54,200,IH1704,CCFX,2367.8,2366.8,2368.2,101,71733240,16711,16796,2605.2,2131.6,2368.4,2369.6,0,2367.4,0.0,0,0,2017-04-13,34254200,2367.6,10,0,0,0,0,0,0,0,0,2368.0,3,0,0,0,0,0,0,0,0
91,2017-04-13,09:30:55,200,IH1704,CCFX,2367.8,2366.8,2368.2,101,71733240,16711,16796,2605.2,2131.6,2368.4,2369.6,0,2367.4,0.0,0,0,2017-04-13,34255200,2367.6,10,0,0,0,0,0,0,0,0,2368.0,3,0,0,0,0,0,0,0,0
92,2017-04-13,09:30:55,700,IH1704,CCFX,2367.8,2366.8,2368.2,101,71733240,16711,16796,2605.2,2131.6,2368.4,2369.6,0,2367.4,0.0,0,0,2017-04-13,34255700,2367.8,1,0,0,0,0,0,0,0,0,2368.0,3,0,0,0,0,0,0,0,0
93,2017-04-13,09:30:56,200,IH1704,CCFX,2368.0,2366.8,2368.2,102,72443640,16710,16796,2605.2,2131.6,2368.4,2369.6,0,2367.4,0.0,0,0,2017-04-13,34256200,2367.8,1,0,0,0,0,0,0,0,0,2368.0,2,0,0,0,0,0,0,0,0
94,2017-04-13,09:30:56,700,IH1704,CCFX,2368.0,2366.8,2368.2,102,72443640,16710,16796,2605.2,2131.6,2368.4,2369.6,0,2367.4,0.0,0,0,2017-04-13,34256700,2367.6,10,0,0,0,0,0,0,0,0,2368.0,2,0,0,0,0,0,0,0,0
95,2017-04-13,09:30:57,200,IH1704,CCFX,2368.0,2366.8,2368.2,102,72443640,16710,16796,2605.2,2131.6,2368.4,2369.6,0,2367.4,0.0,0,0,2017-04-13,34257200,2367.8,1,0,0,0,0,0,0,0,0,2368.0,2,0,0,0,0,0,0,0,0
96,2017-04-13,09:30:58,200,IH1704,CCFX,2368.0,2366.8,2368.2,102,72443640,16710,16796,2605.2,2131.6,2368.4,2369.6,0,2367.4,0.0,0,0,2017-04-13,34258200,2367.6,9,0,0,0,0,0,0,0,0,2368.0,2,0,0,0,0,0,0,0,0
97,2017-04-13,09:30:58,700,IH1704,CCFX,2368.0,2366.8,2368.2,102,72443640,16710,16796,2605.2,2131.6,2368.4,2369.6,0,2367.4,0.0,0,0,2017-04-13,34258700,2367.8,1,0,0,0,0,0,0,0,0,2368.0,2,0,0,0,0,0,0,0,0
98,2017-04-13,09:31:00,200,IH1704,CCFX,2368.0,2366.8,2368.2,102,72443640,16710,16796,2605.2,2131.6,2368.4,2369.6,0,2367.4,0.0,0,0,2017-04-13,34260200,2367.8,1,0,0,0,0,0,0,0,0,2368.0,2,0,0,0,0,0,0,0,0
99,2017-04-13,09:31:00,700,IH1704,CCFX,2368.0,2366.8,2368.2,104,73864440,16708,16796,2605.2,2131.6,2368.4,2369.6,0,2367.4,0.0,0,0,2017-04-13,34260700,2368.0,1,0,0,0,0,0,0,0,0,2368.6,5,0,0,0,0,0,0,0,0
100,2017-04-13,09:31:01,200,IH1704,CCFX,2368.0,2366.8,2368.2,104,73864440,16708,16796,2605.2,2131.6,2368.4,2369.6,0,2367.4,0.0,0,0,2017-04-13,34261200,2368.0,5,0,0,0,0,0,0,0,0,2368.4,1,0,0,0,0,0,0,0,0
101,2017-04-13,09:31:01,700,IH1704,CCFX,2368.0,2366.8,2368.2,104,73864440,16708,16796,2605.2,2131.6,2368.4,2369.6,0,2367.4,0.0,0,0,2017-04-13,34261700,2368.2,1,0,0,0,0,0,0,0,0,2368.4,1,0,0,0,0,0,0,0,0
102,2017-04-13,09:31:02,700,IH1704,CCFX,2368.4,2366.8,2368.4,105,74574960,16707,16796,2605.2,2131.6,2368.4,2369.6,0,2367.4,0.0,0,0,2017-04-13,34262700,2368.2,1,0,0,0,0,0,0,0,0,2368.6,5,0,0,0,0,0,0,0,0
103,2017-04-13,09:31:03,200,IH1704,CCFX,2368.4,2366.8,2368.4,105,74574960,16707,16796,2605.2,2131.6,2368.4,2369.6,0,2367.4,0.0,0,0,2017-04-13,34263200,2368.4,1,0,0,0,0,0,0,0,0,2368.6,5,0,0,0,0,0,0,0,0
104,2017-04-13,09:31:03,700,IH1704,CCFX,2368.4,2366.8,2368.4,105,74574960,16707,16796,2605.2,2131.6,2368.4,2369.6,0,2367.4,0.0,0,0,2017-04-13,34263700,2368.4,1,0,0,0,0,0,0,0,0,2368.6,5,0,0,0,0,0,0,0,0
105,2017-04-13,09:31:04,700,IH1704,CCFX,2368.4,2366.8,2368.4,105,74574960,16707,16796,2605.2,2131.6,2368.4,2369.6,0,2367.4,0.0,0,0,2017-04-13,34264700,2368.0,5,0,0,0,0,0,0,0,0,2368.6,5,0,0,0,0,0,0,0,0
106,2017-04-13,09:31:05,200,IH1704,CCFX,2368.4,2366.8,2368.4,105,74574960,16707,16796,2605.2,2131.6,2368.4,2369.6,0,2367.4,0.0,0,0,2017-04-13,34265200,2368.0,6,0,0,0,0,0,0,0,0,2368.6,5,0,0,0,0,0,0,0,0
107,2017-04-13,09:31:05,700,IH1704,CCFX,2368.4,2366.8,2368.4,105,74574960,16707,16796,2605.2,2131.6,2368.4,2369.6,0,2367.4,0.0,0,0,2017-04-13,34265700,2368.2,1,0,0,0,0,0,0,0,0,2368.6,6,0,0,0,0,0,0,0,0
108,2017-04-13,09:31:06,200,IH1704,CCFX,2368.4,2366.8,2368.4,105,74574960,16707,16796,2605.2,2131.6,2368.4,2369.6,0,2367.4,0.0,0,0,2017-04-13,34266200,2368.4,1,0,0,0,0,0,0,0,0,2368.6,6,0,0,0,0,0,0,0,0
109,2017-04-13,09:31:06,700,IH1704,CCFX,2368.4,2366.8,2368.4,105,74574960,16707,16796,2605.2,2131.6,2368.4,2369.6,0,2367.4,0.0,0,0,2017-04-13,34266700,2368.4,2,0,0,0,0,0,0,0,0,2368.6,6,0,0,0,0,0,0,0,0
110,2017-04-13,09:31:07,700,IH1704,CCFX,2368.4,2366.8,2368.4,107,75996000,16706,16796,2605.2,2131.6,2368.4,2369.6,0,2367.4,0.0,0,0,2017-04-13,34267700,2368.0,6,0,0,0,0,0,0,0,0,2368.4,1,0,0,0,0,0,0,0,0
111,2017-04-13,09:31:08,200,IH1704,CCFX,2368.4,2366.8,2368.4,107,75996000,16706,16796,2605.2,2131.6,2368.4,2369.6,0,2367.4,0.0,0,0,2017-04-13,34268200,2368.0,6,0,0,0,0,0,0,0,0,2368.4,1,0,0,0,0,0,0,0,0
112,2017-04-13,09:31:09,200,IH1704,CCFX,2368.4,2366.8,2368.4,107,75996000,16706,16796,2605.2,2131.6,2368.4,2369.6,0,2367.4,0.0,0,0,2017-04-13,34269200,2368.0,7,0,0,0,0,0,0,0,0,2368.4,1,0,0,0,0,0,0,0,0
113,2017-04-13,09:31:10,200,IH1704,CCFX,2368.2,2366.8,2368.4,108,76706460,16706,16796,2605.2,2131.6,2368.4,2369.6,0,2367.4,0.0,0,0,2017-04-13,34270200,2368.0,7,0,0,0,0,0,0,0,0,2368.4,1,0,0,0,0,0,0,0,0
114,2017-04-13,09:31:10,700,IH1704,CCFX,2368.2,2366.8,2368.4,108,76706460,16706,16796,2605.2,2131.6,2368.4,2369.6,0,2367.4,0.0,0,0,2017-04-13,34270700,2368.0,7,0,0,0,0,0,0,0,0,2368.4,1,0,0,0,0,0,0,0,0
115,2017-04-13,09:31:12,700,IH1704,CCFX,2368.2,2366.8,2368.4,108,76706460,16706,16796,2605.2,2131.6,2368.4,2369.6,0,2367.4,0.0,0,0,2017-04-13,34272700,2368.2,1,0,0,0,0,0,0,0,0,2368.4,1,0,0,0,0,0,0,0,0
116,2017-04-13,09:31:13,200,IH1704,CCFX,2368.6,2366.8,2368.6,110,78127560,16706,16796,2605.2,2131.6,2368.4,2369.6,0,2367.4,0.0,0,0,2017-04-13,34273200,2368.4,5,0,0,0,0,0,0,0,0,2368.6,5,0,0,0,0,0,0,0,0
117,2017-04-13,09:31:13,700,IH1704,CCFX,2368.6,2366.8,2368.6,114,80969880,16703,16796,2605.2,2131.6,2368.4,2369.6,0,2367.4,0.0,0,0,2017-04-13,34273700,2368.4,5,0,0,0,0,0,0,0,0,2368.6,1,0,0,0,0,0,0,0,0
118,2017-04-13,09:31:14,200,IH1704,CCFX,2368.6,2366.8,2368.6,115,81680460,16702,16796,2605.2,2131.6,2368.4,2369.6,0,2367.4,0.0,0,0,2017-04-13,34274200,2368.6,1,0,0,0,0,0,0,0,0,2368.8,1,0,0,0,0,0,0,0,0
119,2017-04-13,09:31:14,700,IH1704,CCFX,2368.8,2366.8,2368.8,116,82391100,16701,16796,2605.2,2131.6,2368.4,2369.6,0,2367.4,0.0,0,0,2017-04-13,34274700,2368.6,1,0,0,0,0,0,0,0,0,2369.6,1,0,0,0,0,0,0,0,0
120,2017-04-13,09:31:15,200,IH1704,CCFX,2368.8,2366.8,2368.8,116,82391100,16701,16796,2605.2,2131.6,2368.4,2369.6,0,2367.4,0.0,0,0,2017-04-13,34275200,2369.2,4,0,0,0,0,0,0,0,0,2369.4,1,0,0,0,0,0,0,0,0
121,2017-04-13,09:31:15,700,IH1704,CCFX,2369.2,2366.8,2369.2,120,85234140,16698,16796,2605.2,2131.6,2368.4,2369.6,0,2367.4,0.0,0,0,2017-04-13,34275700,2368.4,6,0,0,0,0,0,0,0,0,2369.4,2,0,0,0,0,0,0,0,0
122,2017-04-13,09:31:16,200,IH1704,CCFX,2369.2,2366.8,2369.2,120,85234140,16698,16796,2605.2,2131.6,2368.4,2369.6,0,2367.4,0.0,0,0,2017-04-13,34276200,2368.6,3,0,0,0,0,0,0,0,0,2369.4,2,0,0,0,0,0,0,0,0
123,2017-04-13,09:31:17,200,IH1704,CCFX,2369.2,2366.8,2369.2,120,85234140,16698,16796,2605.2,2131.6,2368.4,2369.6,0,2367.4,0.0,0,0,2017-04-13,34277200,2368.8,1,0,0,0,0,0,0,0,0,2369.4,2,0,0,0,0,0,0,0,0
124,2017-04-13,09:31:17,700,IH1704,CCFX,2369.2,2366.8,2369.2,121,85944900,16697,16796,2605.2,2131.6,2368.4,2369.6,0,2367.4,0.0,0,0,2017-04-13,34277700,2368.8,1,0,0,0,0,0,0,0,0,2369.4,2,0,0,0,0,0,0,0,0
125,2017-04-13,09:31:18,200,IH1704,CCFX,2369.2,2366.8,2369.2,121,85944900,16697,16796,2605.2,2131.6,2368.4,2369.6,0,2367.4,0.0,0,0,2017-04-13,34278200,2368.8,1,0,0,0,0,0,0,0,0,2369.4,2,0,0,0,0,0,0,0,0
126,2017-04-13,09:31:19,700,IH1704,CCFX,2369.2,2366.8,2369.2,121,85944900,16697,16796,2605.2,2131.6,2368.4,2369.6,0,2367.4,0.0,0,0,2017-04-13,34279700,2368.8,1,0,0,0,0,0,0,0,0,2369.4,2,0,0,0,0,0,0,0,0
127,2017-04-13,09:31:20,700,IH1704,CCFX,2368.8,2366.8,2369.2,122,86655540,16696,16796,2605.2,2131.6,2368.4,2369.6,0,2367.4,0.0,0,0,2017-04-13,34280700,2368.6,2,0,0,0,0,0,0,0,0,2369.4,2,0,0,0,0,0,0,0,0
128,2017-04-13,09:31:21,200,IH1704,CCFX,2368.8,2366.8,2369.2,122,86655540,16696,16796,2605.2,2131.6,2368.4,2369.6,0,2367.4,0.0,0,0,2017-04-13,34281200,2368.4,7,0,0,0,0,0,0,0,0,2369.2,2,0,0,0,0,0,0,0,0
129,2017-04-13,09:31:21,700,IH1704,CCFX,2368.8,2366.8,2369.2,122,86655540,16696,16796,2605.2,2131.6,2368.4,2369.6,0,2367.4,0.0,0,0,2017-04-13,34281700,2368.4,7,0,0,0,0,0,0,0,0,2369.2,2,0,0,0,0,0,0,0,0
130,2017-04-13,09:31:23,200,IH1704,CCFX,2368.8,2366.8,2369.2,122,86655540,16696,16796,2605.2,2131.6,2368.4,2369.6,0,2367.4,0.0,0,0,2017-04-13,34283200,2369.0,1,0,0,0,0,0,0,0,0,2369.2,2,0,0,0,0,0,0,0,0
131,2017-04-13,09:31:23,700,IH1704,CCFX,2369.0,2366.8,2369.2,123,87366240,16695,16796,2605.2,2131.6,2368.4,2369.6,0,2367.4,0.0,0,0,2017-04-13,34283700,2368.4,7,0,0,0,0,0,0,0,0,2369.0,1,0,0,0,0,0,0,0,0
132,2017-04-13,09:31:24,200,IH1704,CCFX,2369.0,2366.8,2369.2,123,87366240,16695,16796,2605.2,2131.6,2368.4,2369.6,0,2367.4,0.0,0,0,2017-04-13,34284200,2368.4,7,0,0,0,0,0,0,0,0,2369.0,1,0,0,0,0,0,0,0,0
133,2017-04-13,09:31:24,700,IH1704,CCFX,2369.0,2366.8,2369.2,123,87366240,16695,16796,2605.2,2131.6,2368.4,2369.6,0,2367.4,0.0,0,0,2017-04-13,34284700,2368.6,1,0,0,0,0,0,0,0,0,2369.0,3,0,0,0,0,0,0,0,0
134,2017-04-13,09:31:25,200,IH1704,CCFX,2369.0,2366.8,2369.2,123,87366240,16695,16796,2605.2,2131.6,2368.4,2369.6,0,2367.4,0.0,0,0,2017-04-13,34285200,2368.6,2,0,0,0,0,0,0,0,0,2369.0,3,0,0,0,0,0,0,0,0
135,2017-04-13,09:31:25,700,IH1704,CCFX,2369.0,2366.8,2369.2,123,87366240,16695,16796,2605.2,2131.6,2368.4,2369.6,0,2367.4,0.0,0,0,2017-04-13,34285700,2368.6,3,0,0,0,0,0,0,0,0,2369.0,3,0,0,0,0,0,0,0,0
136,2017-04-13,09:31:26,700,IH1704,CCFX,2369.0,2366.8,2369.2,123,87366240,16695,16796,2605.2,2131.6,2368.4,2369.6,0,2367.4,0.0,0,0,2017-04-13,34286700,2368.6,2,0,0,0,0,0,0,0,0,2369.0,3,0,0,0,0,0,0,0,0
137,2017-04-13,09:31:27,700,IH1704,CCFX,2368.6,2366.8,2369.2,124,88076820,16694,16796,2605.2,2131.6,2368.4,2369.6,0,2367.4,0.0,0,0,2017-04-13,34287700,2368.6,1,0,0,0,0,0,0,0,0,2369.0,3,0,0,0,0,0,0,0,0
138,2017-04-13,09:31:28,200,IH1704,CCFX,2368.6,2366.8,2369.2,124,88076820,16694,16796,2605.2,2131.6,2368.4,2369.6,0,2367.4,0.0,0,0,2017-04-13,34288200,2368.6,1,0,0,0,0,0,0,0,0,2369.0,3,0,0,0,0,0,0,0,0
139,2017-04-13,09:31:28,700,IH1704,CCFX,2369.0,2366.8,2369.2,125,88787520,16693,16796,2605.2,2131.6,2368.4,2369.6,0,2367.4,0.0,0,0,2017-04-13,34288700,2368.6,1,0,0,0,0,0,0,0,0,2369.0,2,0,0,0,0,0,0,0,0
140,2017-04-13,09:31:29,200,IH1704,CCFX,2369.0,2366.8,2369.2,125,88787520,16693,16796,2605.2,2131.6,2368.4,2369.6,0,2367.4,0.0,0,0,2017-04-13,34289200,2368.6,1,0,0,0,0,0,0,0,0,2369.0,2,0,0,0,0,0,0,0,0
141,2017-04-13,09:31:29,700,IH1704,CCFX,2369.0,2366.8,2369.2,126,89498220,16692,16796,2605.2,2131.6,2368.4,2369.6,0,2367.4,0.0,0,0,2017-04-13,34289700,2368.6,1,0,0,0,0,0,0,0,0,2369.0,1,0,0,0,0,0,0,0,0
142,2017-04-13,09:31:30,200,IH1704,CCFX,2368.6,2366.8,2369.2,128,90919500,16691,16796,2605.2,2131.6,2368.4,2369.6,0,2367.4,0.0,0,0,2017-04-13,34290200,2369.0,1,0,0,0,0,0,0,0,0,2369.2,1,0,0,0,0,0,0,0,0
143,2017-04-13,09:31:30,700,IH1704,CCFX,2369.0,2366.8,2369.2,129,91630200,16691,16796,2605.2,2131.6,2368.4,2369.6,0,2367.4,0.0,0,0,2017-04-13,34290700,2368.4,7,0,0,0,0,0,0,0,0,2369.2,1,0,0,0,0,0,0,0,0
144,2017-04-13,09:31:31,200,IH1704,CCFX,2369.0,2366.8,2369.2,129,91630200,16691,16796,2605.2,2131.6,2368.4,2369.6,0,2367.4,0.0,0,0,2017-04-13,34291200,2369.0,4,0,0,0,0,0,0,0,0,2369.2,1,0,0,0,0,0,0,0,0
145,2017-04-13,09:31:31,700,IH1704,CCFX,2369.0,2366.8,2369.2,129,91630200,16691,16796,2605.2,2131.6,2368.4,2369.6,0,2367.4,0.0,0,0,2017-04-13,34291700,2369.0,4,0,0,0,0,0,0,0,0,2369.2,1,0,0,0,0,0,0,0,0
146,2017-04-13,09:31:32,200,IH1704,CCFX,2369.0,2366.8,2369.2,129,91630200,16691,16796,2605.2,2131.6,2368.4,2369.6,0,2367.4,0.0,0,0,2017-04-13,34292200,2369.0,4,0,0,0,0,0,0,0,0,2369.2,1,0,0,0,0,0,0,0,0
147,2017-04-13,09:31:32,700,IH1704,CCFX,2369.2,2366.8,2369.2,130,92340960,16690,16796,2605.2,2131.6,2368.4,2369.6,0,2367.4,0.0,0,0,2017-04-13,34292700,2369.0,4,0,0,0,0,0,0,0,0,2369.4,2,0,0,0,0,0,0,0,0
148,2017-04-13,09:31:33,200,IH1704,CCFX,2369.0,2366.8,2369.2,132,93762360,16688,16796,2605.2,2131.6,2368.4,2369.6,0,2367.4,0.0,0,0,2017-04-13,34293200,2369.0,2,0,0,0,0,0,0,0,0,2369.4,3,0,0,0,0,0,0,0,0
149,2017-04-13,09:31:33,700,IH1704,CCFX,2369.0,2366.8,2369.2,132,93762360,16688,16796,2605.2,2131.6,2368.4,2369.6,0,2367.4,0.0,0,0,2017-04-13,34293700,2369.0,2,0,0,0,0,0,0,0,0,2369.4,3,0,0,0,0,0,0,0,0
150,2017-04-13,09:31:36,200,IH1704,CCFX,2369.0,2366.8,2369.2,132,93762360,16688,16796,2605.2,2131.6,2368.4,2369.6,0,2367.4,0.0,0,0,2017-04-13,34296200,2369.2,3,0,0,0,0,0,0,0,0,2369.4,2,0,0,0,0,0,0,0,0
151,2017-04-13,09:31:36,700,IH1704,CCFX,2369.4,2366.8,2369.4,133,94473180,16687,16796,2605.2,2131.6,2368.4,2369.6,0,2367.4,0.0,0,0,2017-04-13,34296700,2369.2,3,0,0,0,0,0,0,0,0,2369.4,1,0,0,0,0,0,0,0,0
152,2017-04-13,09:31:37,200,IH1704,CCFX,2369.4,2366.8,2369.4,136,96605640,16684,16796,2605.2,2131.6,2368.4,2369.6,0,2367.4,0.0,0,0,2017-04-13,34297200,2369.2,3,0,0,0,0,0,0,0,0,2369.6,3,0,0,0,0,0,0,0,0
153,2017-04-13,09:31:37,700,IH1704,CCFX,2369.6,2366.8,2369.6,139,98738280,16681,16796,2605.2,2131.6,2368.4,2369.6,0,2367.4,0.0,0,0,2017-04-13,34297700,2369.2,3,0,0,0,0,0,0,0,0,2369.8,2,0,0,0,0,0,0,0,0
154,2017-04-13,09:31:38,200,IH1704,CCFX,2369.6,2366.8,2369.6,139,98738280,16681,16796,2605.2,2131.6,2368.4,2369.6,0,2367.4,0.0,0,0,2017-04-13,34298200,2369.4,1,0,0,0,0,0,0,0,0,2369.6,1,0,0,0,0,0,0,0,0
155,2017-04-13,09:31:38,700,IH1704,CCFX,2369.6,2366.8,2369.6,140,99449160,16680,16796,2605.2,2131.6,2368.4,2369.6,0,2367.4,0.0,0,0,2017-04-13,34298700,2369.6,2,0,0,0,0,0,0,0,0,2369.8,2,0,0,0,0,0,0,0,0
156,2017-04-13,09:31:39,200,IH1704,CCFX,2369.6,2366.8,2369.6,140,99449160,16680,16796,2605.2,2131.6,2368.4,2369.6,0,2367.4,0.0,0,0,2017-04-13,34299200,2369.6,2,0,0,0,0,0,0,0,0,2369.8,2,0,0,0,0,0,0,0,0
157,2017-04-13,09:31:39,700,IH1704,CCFX,2369.8,2366.8,2369.8,142,100871040,16678,16796,2605.2,2131.6,2368.4,2369.6,0,2367.4,0.0,0,0,2017-04-13,34299700,2369.6,2,0,0,0,0,0,0,0,0,2370.0,3,0,0,0,0,0,0,0,0
158,2017-04-13,09:31:40,200,IH1704,CCFX,2370.0,2366.8,2370.0,143,101582040,16679,16796,2605.2,2131.6,2368.4,2369.6,0,2367.4,0.0,0,0,2017-04-13,34300200,2369.8,2,0,0,0,0,0,0,0,0,2370.0,2,0,0,0,0,0,0,0,0
159,2017-04-13,09:31:41,700,IH1704,CCFX,2370.0,2366.8,2370.0,144,102293040,16679,16796,2605.2,2131.6,2368.4,2369.6,0,2367.4,0.0,0,0,2017-04-13,34301700,2369.8,1,0,0,0,0,0,0,0,0,2370.0,1,0,0,0,0,0,0,0,0
160,2017-04-13,09:31:42,700,IH1704,CCFX,2370.0,2366.8,2370.0,144,102293040,16679,16796,2605.2,2131.6,2368.4,2369.6,0,2367.4,0.0,0,0,2017-04-13,34302700,2369.6,2,0,0,0,0,0,0,0,0,2370.0,1,0,0,0,0,0,0,0,0
161,2017-04-13,09:31:43,200,IH1704,CCFX,2370.0,2366.8,2370.0,145,103004040,16679,16796,2605.2,2131.6,2368.4,2369.6,0,2367.4,0.0,0,0,2017-04-13,34303200,2369.8,1,0,0,0,0,0,0,0,0,2370.0,1,0,0,0,0,0,0,0,0
162,2017-04-13,09:31:44,200,IH1704,CCFX,2370.0,2366.8,2370.0,145,103004040,16679,16796,2605.2,2131.6,2368.4,2369.6,0,2367.4,0.0,0,0,2017-04-13,34304200,2369.8,1,0,0,0,0,0,0,0,0,2370.0,1,0,0,0,0,0,0,0,0
163,2017-04-13,09:31:44,700,IH1704,CCFX,2370.0,2366.8,2370.0,145,103004040,16679,16796,2605.2,2131.6,2368.4,2369.6,0,2367.4,0.0,0,0,2017-04-13,34304700,2369.8,1,0,0,0,0,0,0,0,0,2370.0,1,0,0,0,0,0,0,0,0
164,2017-04-13,09:31:45,700,IH1704,CCFX,2370.0,2366.8,2370.0,145,103004040,16679,16796,2605.2,2131.6,2368.4,2369.6,0,2367.4,0.0,0,0,2017-04-13,34305700,2369.8,1,0,0,0,0,0,0,0,0,2370.0,1,0,0,0,0,0,0,0,0
165,2017-04-13,09:31:46,200,IH1704,CCFX,2369.8,2366.8,2370.0,146,103714980,16679,16796,2605.2,2131.6,2368.4,2369.6,0,2367.4,0.0,0,0,2017-04-13,34306200,2369.6,2,0,0,0,0,0,0,0,0,2369.8,1,0,0,0,0,0,0,0,0
166,2017-04-13,09:31:47,200,IH1704,CCFX,2369.8,2366.8,2370.0,148,105136800,16677,16796,2605.2,2131.6,2368.4,2369.6,0,2367.4,0.0,0,0,2017-04-13,34307200,2369.6,1,0,0,0,0,0,0,0,0,2370.0,1,0,0,0,0,0,0,0,0
167,2017-04-13,09:31:48,200,IH1704,CCFX,2369.8,2366.8,2370.0,148,105136800,16677,16796,2605.2,2131.6,2368.4,2369.6,0,2367.4,0.0,0,0,2017-04-13,34308200,2369.6,1,0,0,0,0,0,0,0,0,2370.0,1,0,0,0,0,0,0,0,0
168,2017-04-13,09:31:48,700,IH1704,CCFX,2369.8,2366.8,2370.0,148,105136800,16677,16796,2605.2,2131.6,2368.4,2369.6,0,2367.4,0.0,0,0,2017-04-13,34308700,2369.6,1,0,0,0,0,0,0,0,0,2370.0,1,0,0,0,0,0,0,0,0
169,2017-04-13,09:31:49,200,IH1704,CCFX,2370.0,2366.8,2370.0,149,105847800,16676,16796,2605.2,2131.6,2368.4,2369.6,0,2367.4,0.0,0,0,2017-04-13,34309200,2369.6,1,0,0,0,0,0,0,0,0,2370.0,1,0,0,0,0,0,0,0,0
170,2017-04-13,09:31:49,700,IH1704,CCFX,2370.0,2366.8,2370.0,149,105847800,16676,16796,2605.2,2131.6,2368.4,2369.6,0,2367.4,0.0,0,0,2017-04-13,34309700,2369.6,1,0,0,0,0,0,0,0,0,2370.0,1,0,0,0,0,0,0,0,0
171,2017-04-13,09:31:50,200,IH1704,CCFX,2370.0,2366.8,2370.0,149,105847800,16676,16796,2605.2,2131.6,2368.4,2369.6,0,2367.4,0.0,0,0,2017-04-13,34310200,2369.6,1,0,0,0,0,0,0,0,0,2370.0,1,0,0,0,0,0,0,0,0
172,2017-04-13,09:31:50,700,IH1704,CCFX,2370.0,2366.8,2370.0,149,105847800,16676,16796,2605.2,2131.6,2368.4,2369.6,0,2367.4,0.0,0,0,2017-04-13,34310700,2369.6,2,0,0,0,0,0,0,0,0,2370.0,1,0,0,0,0,0,0,0,0
173,2017-04-13,09:31:51,200,IH1704,CCFX,2370.0,2366.8,2370.0,149,105847800,16676,16796,2605.2,2131.6,2368.4,2369.6,0,2367.4,0.0,0,0,2017-04-13,34311200,2369.6,2,0,0,0,0,0,0,0,0,2369.8,1,0,0,0,0,0,0,0,0
174,2017-04-13,09:31:51,700,IH1704,CCFX,2369.8,2366.8,2370.0,150,106558740,16675,16796,2605.2,2131.6,2368.4,2369.6,0,2367.4,0.0,0,0,2017-04-13,34311700,2369.6,2,0,0,0,0,0,0,0,0,2370.0,1,0,0,0,0,0,0,0,0
175,2017-04-13,09:31:52,700,IH1704,CCFX,2369.8,2366.8,2370.0,150,106558740,16675,16796,2605.2,2131.6,2368.4,2369.6,0,2367.4,0.0,0,0,2017-04-13,34312700,2369.6,2,0,0,0,0,0,0,0,0,2370.0,2,0,0,0,0,0,0,0,0
176,2017-04-13,09:31:55,700,IH1704,CCFX,2370.0,2366.8,2370.0,153,108691740,16673,16796,2605.2,2131.6,2368.4,2369.6,0,2367.4,0.0,0,0,2017-04-13,34315700,2369.6,2,0,0,0,0,0,0,0,0,2370.8,1,0,0,0,0,0,0,0,0
177,2017-04-13,09:31:56,200,IH1704,CCFX,2370.0,2366.8,2370.0,153,108691740,16673,16796,2605.2,2131.6,2368.4,2369.6,0,2367.4,0.0,0,0,2017-04-13,34316200,2370.2,2,0,0,0,0,0,0,0,0,2370.6,4,0,0,0,0,0,0,0,0
178,2017-04-13,09:31:56,700,IH1704,CCFX,2370.4,2366.8,2370.4,155,110113920,16671,16796,2605.2,2131.6,2368.4,2369.6,0,2367.4,0.0,0,0,2017-04-13,34316700,2370.2,1,0,0,0,0,0,0,0,0,2370.4,4,0,0,0,0,0,0,0,0
179,2017-04-13,09:31:57,200,IH1704,CCFX,2370.0,2366.8,2370.4,158,112246980,16668,16796,2605.2,2131.6,2368.4,2369.6,0,2367.4,0.0,0,0,2017-04-13,34317200,2369.8,1,0,0,0,0,0,0,0,0,2370.2,2,0,0,0,0,0,0,0,0
180,2017-04-13,09:31:57,700,IH1704,CCFX,2369.8,2366.8,2370.4,159,112957920,16667,16796,2605.2,2131.6,2368.4,2369.6,0,2367.4,0.0,0,0,2017-04-13,34317700,2369.6,1,0,0,0,0,0,0,0,0,2370.2,3,0,0,0,0,0,0,0,0
181,2017-04-13,09:31:58,200,IH1704,CCFX,2369.8,2366.8,2370.4,159,112957920,16667,16796,2605.2,2131.6,2368.4,2369.6,0,2367.4,0.0,0,0,2017-04-13,34318200,2370.0,1,0,0,0,0,0,0,0,0,2370.2,2,0,0,0,0,0,0,0,0
182,2017-04-13,09:31:58,700,IH1704,CCFX,2370.0,2366.8,2370.4,160,113668920,16666,16796,2605.2,2131.6,2368.4,2369.6,0,2367.4,0.0,0,0,2017-04-13,34318700,2369.6,1,0,0,0,0,0,0,0,0,2370.0,2,0,0,0,0,0,0,0,0
183,2017-04-13,09:31:59,200,IH1704,CCFX,2370.0,2366.8,2370.4,160,113668920,16666,16796,2605.2,2131.6,2368.4,2369.6,0,2367.4,0.0,0,0,2017-04-13,34319200,2369.6,1,0,0,0,0,0,0,0,0,2369.8,1,0,0,0,0,0,0,0,0
184,2017-04-13,09:31:59,700,IH1704,CCFX,2369.6,2366.8,2370.4,161,114379800,16665,16796,2605.2,2131.6,2368.4,2369.6,0,2367.4,0.0,0,0,2017-04-13,34319700,2369.0,1,0,0,0,0,0,0,0,0,2369.8,2,0,0,0,0,0,0,0,0
185,2017-04-13,09:32:00,200,IH1704,CCFX,2369.6,2366.8,2370.4,161,114379800,16665,16796,2605.2,2131.6,2368.4,2369.6,0,2367.4,0.0,0,0,2017-04-13,34320200,2369.0,2,0,0,0,0,0,0,0,0,2369.2,1,0,0,0,0,0,0,0,0
186,2017-04-13,09:32:00,700,IH1704,CCFX,2369.8,2366.8,2370.4,163,115801500,16663,16796,2605.2,2131.6,2368.4,2369.6,0,2367.4,0.0,0,0,2017-04-13,34320700,2369.2,5,0,0,0,0,0,0,0,0,2369.8,1,0,0,0,0,0,0,0,0
187,2017-04-13,09:32:01,700,IH1704,CCFX,2369.8,2366.8,2370.4,164,116512440,16662,16796,2605.2,2131.6,2368.4,2369.6,0,2367.4,0.0,0,0,2017-04-13,34321700,2369.2,5,0,0,0,0,0,0,0,0,2369.8,1,0,0,0,0,0,0,0,0
188,2017-04-13,09:32:02,700,IH1704,CCFX,2369.8,2366.8,2370.4,164,116512440,16662,16796,2605.2,2131.6,2368.4,2369.6,0,2367.4,0.0,0,0,2017-04-13,34322700,2369.2,5,0,0,0,0,0,0,0,0,2369.8,1,0,0,0,0,0,0,0,0
189,2017-04-13,09:32:03,200,IH1704,CCFX,2369.8,2366.8,2370.4,165,117223380,16661,16796,2605.2,2131.6,2368.4,2369.6,0,2367.4,0.0,0,0,2017-04-13,34323200,2369.2,5,0,0,0,0,0,0,0,0,2369.8,1,0,0,0,0,0,0,0,0
190,2017-04-13,09:32:04,200,IH1704,CCFX,2369.8,2366.8,2370.4,165,117223380,16661,16796,2605.2,2131.6,2368.4,2369.6,0,2367.4,0.0,0,0,2017-04-13,34324200,2369.2,5,0,0,0,0,0,0,0,0,2369.8,1,0,0,0,0,0,0,0,0
191,2017-04-13,09:32:04,700,IH1704,CCFX,2369.8,2366.8,2370.4,165,117223380,16661,16796,2605.2,2131.6,2368.4,2369.6,0,2367.4,0.0,0,0,2017-04-13,34324700,2369.2,5,0,0,0,0,0,0,0,0,2369.8,1,0,0,0,0,0,0,0,0
192,2017-04-13,09:32:05,200,IH1704,CCFX,2369.2,2366.8,2370.4,166,117934140,16660,16796,2605.2,2131.6,2368.4,2369.6,0,2367.4,0.0,0,0,2017-04-13,34325200,2369.2,4,0,0,0,0,0,0,0,0,2369.8,1,0,0,0,0,0,0,0,0
193,2017-04-13,09:32:06,200,IH1704,CCFX,2369.2,2366.8,2370.4,166,117934140,16660,16796,2605.2,2131.6,2368.4,2369.6,0,2367.4,0.0,0,0,2017-04-13,34326200,2369.2,4,0,0,0,0,0,0,0,0,2369.6,1,0,0,0,0,0,0,0,0
194,2017-04-13,09:32:06,700,IH1704,CCFX,2369.2,2366.8,2370.4,166,117934140,16660,16796,2605.2,2131.6,2368.4,2369.6,0,2367.4,0.0,0,0,2017-04-13,34326700,2369.2,4,0,0,0,0,0,0,0,0,2369.6,1,0,0,0,0,0,0,0,0
195,2017-04-13,09:32:07,200,IH1704,CCFX,2369.4,2366.8,2370.4,167,118644960,16659,16796,2605.2,2131.6,2368.4,2369.6,0,2367.4,0.0,0,0,2017-04-13,34327200,2369.2,3,0,0,0,0,0,0,0,0,2369.6,1,0,0,0,0,0,0,0,0
196,2017-04-13,09:32:07,700,IH1704,CCFX,2369.2,2366.8,2370.4,168,119355720,16658,16796,2605.2,2131.6,2368.4,2369.6,0,2367.4,0.0,0,0,2017-04-13,34327700,2369.2,2,0,0,0,0,0,0,0,0,2369.4,1,0,0,0,0,0,0,0,0
197,2017-04-13,09:32:08,200,IH1704,CCFX,2369.4,2366.8,2370.4,172,122198880,16655,16796,2605.2,2131.6,2368.4,2369.6,0,2367.4,0.0,0,0,2017-04-13,34328200,2368.4,6,0,0,0,0,0,0,0,0,2369.2,1,0,0,0,0,0,0,0,0
198,2017-04-13,09:32:08,700,IH1704,CCFX,2369.4,2366.8,2370.4,172,122198880,16655,16796,2605.2,2131.6,2368.4,2369.6,0,2367.4,0.0,0,0,2017-04-13,34328700,2368.6,6,0,0,0,0,0,0,0,0,2369.2,1,0,0,0,0,0,0,0,0
199,2017-04-13,09:32:09,200,IH1704,CCFX,2369.4,2366.8,2370.4,172,122198880,16655,16796,2605.2,2131.6,2368.4,2369.6,0,2367.4,0.0,0,0,2017-04-13,34329200,2368.8,2,0,0,0,0,0,0,0,0,2369.2,2,0,0,0,0,0,0,0,0
200,2017-04-13,09:32:09,700,IH1704,CCFX,2369.6,2366.8,2370.4,177,125753040,16652,16796,2605.2,2131.6,2368.4,2369.6,0,2367.4,0.0,0,0,2017-04-13,34329700,2369.6,6,0,0,0,0,0,0,0,0,2369.8,1,0,0,0,0,0,0,0,0
201,2017-04-13,09:32:10,200,IH1704,CCFX,2369.6,2366.8,2370.4,180,127885680,16649,16796,2605.2,2131.6,2368.4,2369.6,0,2367.4,0.0,0,0,2017-04-13,34330200,2369.6,8,0,0,0,0,0,0,0,0,2369.8,1,0,0,0,0,0,0,0,0
202,2017-04-13,09:32:10,700,IH1704,CCFX,2369.8,2366.8,2370.4,181,128596620,16649,16796,2605.2,2131.6,2368.4,2369.6,0,2367.4,0.0,0,0,2017-04-13,34330700,2369.6,8,0,0,0,0,0,0,0,0,2370.2,5,0,0,0,0,0,0,0,0
203,2017-04-13,09:32:11,700,IH1704,CCFX,2369.6,2366.8,2370.4,183,130018380,16647,16796,2605.2,2131.6,2368.4,2369.6,0,2367.4,0.0,0,0,2017-04-13,34331700,2369.6,6,0,0,0,0,0,0,0,0,2370.2,5,0,0,0,0,0,0,0,0
204,2017-04-13,09:32:12,200,IH1704,CCFX,2369.6,2366.8,2370.4,183,130018380,16647,16796,2605.2,2131.6,2368.4,2369.6,0,2367.4,0.0,0,0,2017-04-13,34332200,2369.8,2,0,0,0,0,0,0,0,0,2370.2,5,0,0,0,0,0,0,0,0
205,2017-04-13,09:32:12,700,IH1704,CCFX,2369.6,2366.8,2370.4,183,130018380,16647,16796,2605.2,2131.6,2368.4,2369.6,0,2367.4,0.0,0,0,2017-04-13,34332700,2369.8,2,0,0,0,0,0,0,0,0,2370.2,5,0,0,0,0,0,0,0,0
206,2017-04-13,09:32:13,200,IH1704,CCFX,2369.8,2366.8,2370.4,184,130729320,16647,16796,2605.2,2131.6,2368.4,2369.6,0,2367.4,0.0,0,0,2017-04-13,34333200,2369.8,1,0,0,0,0,0,0,0,0,2370.2,5,0,0,0,0,0,0,0,0
207,2017-04-13,09:32:13,700,IH1704,CCFX,2369.8,2366.8,2370.4,185,131440260,16647,16796,2605.2,2131.6,2368.4,2369.6,0,2367.4,0.0,0,0,2017-04-13,34333700,2369.6,6,0,0,0,0,0,0,0,0,2370.0,1,0,0,0,0,0,0,0,0
208,2017-04-13,09:32:14,200,IH1704,CCFX,2369.6,2366.8,2370.4,187,132862140,16646,16796,2605.2,2131.6,2368.4,2369.6,0,2367.4,0.0,0,0,2017-04-13,34334200,2369.6,5,0,0,0,0,0,0,0,0,2370.2,5,0,0,0,0,0,0,0,0
209,2017-04-13,09:32:14,700,IH1704,CCFX,2369.6,2366.8,2370.4,187,132862140,16646,16796,2605.2,2131.6,2368.4,2369.6,0,2367.4,0.0,0,0,2017-04-13,34334700,2369.8,3,0,0,0,0,0,0,0,0,2370.2,5,0,0,0,0,0,0,0,0
210,2017-04-13,09:32:15,200,IH1704,CCFX,2370.2,2366.8,2370.4,193,137128320,16645,16796,2605.2,2131.6,2368.4,2369.6,0,2367.4,0.0,0,0,2017-04-13,34335200,2369.8,2,0,0,0,0,0,0,0,0,2370.2,1,0,0,0,0,0,0,0,0
211,2017-04-13,09:32:15,700,IH1704,CCFX,2370.2,2366.8,2370.4,194,137839380,16645,16796,2605.2,2131.6,2368.4,2369.6,0,2367.4,0.0,0,0,2017-04-13,34335700,2369.8,2,0,0,0,0,0,0,0,0,2370.0,1,0,0,0,0,0,0,0,0
212,2017-04-13,09:32:16,200,IH1704,CCFX,2370.0,2366.8,2370.4,196,139261380,16646,16796,2605.2,2131.6,2368.4,2369.6,0,2367.4,0.0,0,0,2017-04-13,34336200,2370.2,1,0,0,0,0,0,0,0,0,2370.6,1,0,0,0,0,0,0,0,0
213,2017-04-13,09:32:16,700,IH1704,CCFX,2370.0,2366.8,2370.4,196,139261380,16646,16796,2605.2,2131.6,2368.4,2369.6,0,2367.4,0.0,0,0,2017-04-13,34336700,2370.4,6,0,0,0,0,0,0,0,0,2370.6,1,0,0,0,0,0,0,0,0
214,2017-04-13,09:32:17,200,IH1704,CCFX,2370.6,2366.8,2370.6,198,140683680,16645,16796,2605.2,2131.6,2368.4,2369.6,0,2367.4,0.0,0,0,2017-04-13,34337200,2370.4,5,0,0,0,0,0,0,0,0,2370.8,1,0,0,0,0,0,0,0,0
215,2017-04-13,09:32:17,700,IH1704,CCFX,2370.6,2366.8,2370.6,198,140683680,16645,16796,2605.2,2131.6,2368.4,2369.6,0,2367.4,0.0,0,0,2017-04-13,34337700,2370.4,5,0,0,0,0,0,0,0,0,2370.6,1,0,0,0,0,0,0,0,0
216,2017-04-13,09:32:18,200,IH1704,CCFX,2370.6,2366.8,2370.6,199,141394860,16644,16796,2605.2,2131.6,2368.4,2369.6,0,2367.4,0.0,0,0,2017-04-13,34338200,2370.6,1,0,0,0,0,0,0,0,0,2370.8,1,0,0,0,0,0,0,0,0
217,2017-04-13,09:32:18,700,IH1704,CCFX,2370.8,2366.8,2370.8,200,142106100,16643,16796,2605.2,2131.6,2368.4,2369.6,0,2367.4,0.0,0,0,2017-04-13,34338700,2370.8,1,0,0,0,0,0,0,0,0,2371.2,3,0,0,0,0,0,0,0,0
218,2017-04-13,09:32:19,200,IH1704,CCFX,2370.8,2366.8,2370.8,200,142106100,16643,16796,2605.2,2131.6,2368.4,2369.6,0,2367.4,0.0,0,0,2017-04-13,34339200,2370.6,1,0,0,0,0,0,0,0,0,2370.8,1,0,0,0,0,0,0,0,0
219,2017-04-13,09:32:19,700,IH1704,CCFX,2370.8,2366.8,2370.8,200,142106100,16643,16796,2605.2,2131.6,2368.4,2369.6,0,2367.4,0.0,0,0,2017-04-13,34339700,2370.6,1,0,0,0,0,0,0,0,0,2370.8,1,0,0,0,0,0,0,0,0
220,2017-04-13,09:32:20,200,IH1704,CCFX,2370.6,2366.8,2370.8,201,142817280,16642,16796,2605.2,2131.6,2368.4,2369.6,0,2367.4,0.0,0,0,2017-04-13,34340200,2370.4,5,0,0,0,0,0,0,0,0,2370.6,1,0,0,0,0,0,0,0,0
221,2017-04-13,09:32:21,200,IH1704,CCFX,2370.6,2366.8,2370.8,201,142817280,16642,16796,2605.2,2131.6,2368.4,2369.6,0,2367.4,0.0,0,0,2017-04-13,34341200,2370.4,5,0,0,0,0,0,0,0,0,2370.6,1,0,0,0,0,0,0,0,0
222,2017-04-13,09:32:21,700,IH1704,CCFX,2370.4,2366.8,2370.8,204,144950760,16639,16796,2605.2,2131.6,2368.4,2369.6,0,2367.4,0.0,0,0,2017-04-13,34341700,2370.4,4,0,0,0,0,0,0,0,0,2370.8,1,0,0,0,0,0,0,0,0
223,2017-04-13,09:32:22,200,IH1704,CCFX,2370.4,2366.8,2370.8,204,144950760,16639,16796,2605.2,2131.6,2368.4,2369.6,0,2367.4,0.0,0,0,2017-04-13,34342200,2370.6,1,0,0,0,0,0,0,0,0,2370.8,1,0,0,0,0,0,0,0,0
224,2017-04-13,09:32:23,700,IH1704,CCFX,2370.8,2366.8,2370.8,205,145662000,16638,16796,2605.2,2131.6,2368.4,2369.6,0,2367.4,0.0,0,0,2017-04-13,34343700,2370.6,1,0,0,0,0,0,0,0,0,2371.0,5,0,0,0,0,0,0,0,0
225,2017-04-13,09:32:24,200,IH1704,CCFX,2370.8,2366.8,2370.8,205,145662000,16638,16796,2605.2,2131.6,2368.4,2369.6,0,2367.4,0.0,0,0,2017-04-13,34344200,2370.8,1,0,0,0,0,0,0,0,0,2371.0,5,0,0,0,0,0,0,0,0
226,2017-04-13,09:32:24,700,IH1704,CCFX,2371.0,2366.8,2371.0,210,149218500,16638,16796,2605.2,2131.6,2368.4,2369.6,0,2367.4,0.0,0,0,2017-04-13,34344700,2370.8,1,0,0,0,0,0,0,0,0,2371.2,3,0,0,0,0,0,0,0,0
227,2017-04-13,09:32:25,700,IH1704,CCFX,2370.6,2366.8,2371.0,211,149929680,16637,16796,2605.2,2131.6,2368.4,2369.6,0,2367.4,0.0,0,0,2017-04-13,34345700,2371.0,1,0,0,0,0,0,0,0,0,2371.2,3,0,0,0,0,0,0,0,0
228,2017-04-13,09:32:26,700,IH1704,CCFX,2371.0,2366.8,2371.0,212,150640980,16636,16796,2605.2,2131.6,2368.4,2369.6,0,2367.4,0.0,0,0,2017-04-13,34346700,2370.4,4,0,0,0,0,0,0,0,0,2371.0,2,0,0,0,0,0,0,0,0
229,2017-04-13,09:32:27,200,IH1704,CCFX,2371.0,2366.8,2371.0,214,152063580,16634,16796,2605.2,2131.6,2368.4,2369.6,0,2367.4,0.0,0,0,2017-04-13,34347200,2370.6,2,0,0,0,0,0,0,0,0,2371.4,3,0,0,0,0,0,0,0,0
230,2017-04-13,09:32:27,700,IH1704,CCFX,2371.2,2366.8,2371.2,215,152774940,16633,16796,2605.2,2131.6,2368.4,2369.6,0,2367.4,0.0,0,0,2017-04-13,34347700,2371.2,3,0,0,0,0,0,0,0,0,2371.4,3,0,0,0,0,0,0,0,0
231,2017-04-13,09:32:28,200,IH1704,CCFX,2371.4,2366.8,2371.4,218,154909140,16633,16796,2605.2,2131.6,2368.4,2369.6,0,2367.4,0.0,0,0,2017-04-13,34348200,2371.2,4,0,0,0,0,0,0,0,0,2371.4,1,0,0,0,0,0,0,0,0
232,2017-04-13,09:32:28,700,IH1704,CCFX,2371.4,2366.8,2371.4,219,155620560,16633,16796,2605.2,2131.6,2368.4,2369.6,0,2367.4,0.0,0,0,2017-04-13,34348700,2371.2,4,0,0,0,0,0,0,0,0,2371.6,4,0,0,0,0,0,0,0,0
233,2017-04-13,09:32:29,200,IH1704,CCFX,2371.4,2366.8,2371.4,219,155620560,16633,16796,2605.2,2131.6,2368.4,2369.6,0,2367.4,0.0,0,0,2017-04-13,34349200,2371.4,1,0,0,0,0,0,0,0,0,2371.6,4,0,0,0,0,0,0,0,0
234,2017-04-13,09:32:29,700,IH1704,CCFX,2371.4,2366.8,2371.4,220,156331980,16633,16796,2605.2,2131.6,2368.4,2369.6,0,2367.4,0.0,0,0,2017-04-13,34349700,2371.2,4,0,0,0,0,0,0,0,0,2371.6,4,0,0,0,0,0,0,0,0
235,2017-04-13,09:32:30,200,IH1704,CCFX,2371.4,2366.8,2371.4,220,156331980,16633,16796,2605.2,2131.6,2368.4,2369.6,0,2367.4,0.0,0,0,2017-04-13,34350200,2371.4,1,0,0,0,0,0,0,0,0,2371.6,4,0,0,0,0,0,0,0,0
236,2017-04-13,09:32:30,700,IH1704,CCFX,2371.6,2366.8,2371.6,221,157043460,16632,16796,2605.2,2131.6,2368.4,2369.6,0,2367.4,0.0,0,0,2017-04-13,34350700,2371.4,1,0,0,0,0,0,0,0,0,2371.6,3,0,0,0,0,0,0,0,0
237,2017-04-13,09:32:31,200,IH1704,CCFX,2371.6,2366.8,2371.6,224,159177900,16632,16796,2605.2,2131.6,2368.4,2369.6,0,2367.4,0.0,0,0,2017-04-13,34351200,2371.4,1,0,0,0,0,0,0,0,0,2371.8,2,0,0,0,0,0,0,0,0
238,2017-04-13,09:32:31,700,IH1704,CCFX,2371.6,2366.8,2371.6,224,159177900,16632,16796,2605.2,2131.6,2368.4,2369.6,0,2367.4,0.0,0,0,2017-04-13,34351700,2371.6,1,0,0,0,0,0,0,0,0,2371.8,2,0,0,0,0,0,0,0,0
239,2017-04-13,09:32:32,200,IH1704,CCFX,2371.6,2366.8,2371.6,224,159177900,16632,16796,2605.2,2131.6,2368.4,2369.6,0,2367.4,0.0,0,0,2017-04-13,34352200,2371.6,1,0,0,0,0,0,0,0,0,2371.8,2,0,0,0,0,0,0,0,0
240,2017-04-13,09:32:32,700,IH1704,CCFX,2371.6,2366.8,2371.6,225,159889380,16632,16796,2605.2,2131.6,2368.4,2369.6,0,2367.4,0.0,0,0,2017-04-13,34352700,2371.4,2,0,0,0,0,0,0,0,0,2371.8,2,0,0,0,0,0,0,0,0
241,2017-04-13,09:32:33,700,IH1704,CCFX,2371.4,2366.8,2371.6,226,160600800,16631,16796,2605.2,2131.6,2368.4,2369.6,0,2367.4,0.0,0,0,2017-04-13,34353700,2371.4,1,0,0,0,0,0,0,0,0,2371.6,2,0,0,0,0,0,0,0,0
242,2017-04-13,09:32:34,200,IH1704,CCFX,2371.6,2366.8,2371.6,229,162735240,16630,16796,2605.2,2131.6,2368.4,2369.6,0,2367.4,0.0,0,0,2017-04-13,34354200,2371.4,1,0,0,0,0,0,0,0,0,2371.6,1,0,0,0,0,0,0,0,0
243,2017-04-13,09:32:36,200,IH1704,CCFX,2371.8,2366.8,2371.8,231,164158260,16628,16796,2605.2,2131.6,2368.4,2369.6,0,2367.4,0.0,0,0,2017-04-13,34356200,2371.6,1,0,0,0,0,0,0,0,0,2371.8,1,0,0,0,0,0,0,0,0
244,2017-04-13,09:32:36,700,IH1704,CCFX,2371.8,2366.8,2371.8,231,164158260,16628,16796,2605.2,2131.6,2368.4,2369.6,0,2367.4,0.0,0,0,2017-04-13,34356700,2371.6,1,0,0,0,0,0,0,0,0,2371.8,1,0,0,0,0,0,0,0,0
245,2017-04-13,09:32:37,200,IH1704,CCFX,2371.4,2366.8,2372.0,235,167004300,16626,16796,2605.2,2131.6,2368.4,2369.6,0,2367.4,0.0,0,0,2017-04-13,34357200,2371.4,1,0,0,0,0,0,0,0,0,2372.2,3,0,0,0,0,0,0,0,0
246,2017-04-13,09:32:37,700,IH1704,CCFX,2372.0,2366.8,2372.0,237,168427500,16625,16796,2605.2,2131.6,2368.4,2369.6,0,2367.4,0.0,0,0,2017-04-13,34357700,2371.4,1,0,0,0,0,0,0,0,0,2372.0,2,0,0,0,0,0,0,0,0
247,2017-04-13,09:32:38,200,IH1704,CCFX,2372.0,2366.8,2372.0,239,169850700,16625,16796,2605.2,2131.6,2368.4,2369.6,0,2367.4,0.0,0,0,2017-04-13,34358200,2371.4,1,0,0,0,0,0,0,0,0,2372.2,3,0,0,0,0,0,0,0,0
248,2017-04-13,09:32:38,700,IH1704,CCFX,2372.0,2366.8,2372.0,239,169850700,16625,16796,2605.2,2131.6,2368.4,2369.6,0,2367.4,0.0,0,0,2017-04-13,34358700,2371.6,1,0,0,0,0,0,0,0,0,2371.8,1,0,0,0,0,0,0,0,0
249,2017-04-13,09:32:39,200,IH1704,CCFX,2371.6,2366.8,2372.0,240,170562180,16625,16796,2605.2,2131.6,2368.4,2369.6,0,2367.4,0.0,0,0,2017-04-13,34359200,2371.4,1,0,0,0,0,0,0,0,0,2371.6,1,0,0,0,0,0,0,0,0
250,2017-04-13,09:32:39,700,IH1704,CCFX,2371.4,2366.8,2372.0,241,171273600,16625,16796,2605.2,2131.6,2368.4,2369.6,0,2367.4,0.0,0,0,2017-04-13,34359700,2371.2,2,0,0,0,0,0,0,0,0,2371.6,1,0,0,0,0,0,0,0,0
251,2017-04-13,09:32:40,200,IH1704,CCFX,2371.4,2366.8,2372.0,241,171273600,16625,16796,2605.2,2131.6,2368.4,2369.6,0,2367.4,0.0,0,0,2017-04-13,34360200,2371.2,2,0,0,0,0,0,0,0,0,2371.8,3,0,0,0,0,0,0,0,0
252,2017-04-13,09:32:40,700,IH1704,CCFX,2371.2,2366.8,2372.0,242,171984960,16624,16796,2605.2,2131.6,2368.4,2369.6,0,2367.4,0.0,0,0,2017-04-13,34360700,2371.2,1,0,0,0,0,0,0,0,0,2371.8,3,0,0,0,0,0,0,0,0
253,2017-04-13,09:32:41,700,IH1704,CCFX,2371.6,2366.8,2372.0,243,172696440,16623,16796,2605.2,2131.6,2368.4,2369.6,0,2367.4,0.0,0,0,2017-04-13,34361700,2371.4,1,0,0,0,0,0,0,0,0,2371.8,3,0,0,0,0,0,0,0,0
254,2017-04-13,09:32:42,200,IH1704,CCFX,2371.6,2366.8,2372.0,243,172696440,16623,16796,2605.2,2131.6,2368.4,2369.6,0,2367.4,0.0,0,0,2017-04-13,34362200,2371.4,1,0,0,0,0,0,0,0,0,2371.8,3,0,0,0,0,0,0,0,0
255,2017-04-13,09:32:42,700,IH1704,CCFX,2371.8,2366.8,2372.0,245,174119520,16621,16796,2605.2,2131.6,2368.4,2369.6,0,2367.4,0.0,0,0,2017-04-13,34362700,2371.4,1,0,0,0,0,0,0,0,0,2371.8,1,0,0,0,0,0,0,0,0
256,2017-04-13,09:32:43,200,IH1704,CCFX,2371.8,2366.8,2372.0,245,174119520,16621,16796,2605.2,2131.6,2368.4,2369.6,0,2367.4,0.0,0,0,2017-04-13,34363200,2371.6,2,0,0,0,0,0,0,0,0,2371.8,2,0,0,0,0,0,0,0,0
257,2017-04-13,09:32:46,200,IH1704,CCFX,2371.8,2366.8,2372.0,246,174831060,16620,16796,2605.2,2131.6,2368.4,2369.6,0,2367.4,0.0,0,0,2017-04-13,34366200,2371.6,2,0,0,0,0,0,0,0,0,2372.0,1,0,0,0,0,0,0,0,0
258,2017-04-13,09:32:46,700,IH1704,CCFX,2371.8,2366.8,2372.0,246,174831060,16620,16796,2605.2,2131.6,2368.4,2369.6,0,2367.4,0.0,0,0,2017-04-13,34366700,2371.8,1,0,0,0,0,0,0,0,0,2372.0,1,0,0,0,0,0,0,0,0
259,2017-04-13,09:32:47,200,IH1704,CCFX,2371.8,2366.8,2372.0,246,174831060,16620,16796,2605.2,2131.6,2368.4,2369.6,0,2367.4,0.0,0,0,2017-04-13,34367200,2371.8,1,0,0,0,0,0,0,0,0,2372.0,1,0,0,0,0,0,0,0,0
260,2017-04-13,09:32:47,700,IH1704,CCFX,2371.8,2366.8,2372.0,246,174831060,16620,16796,2605.2,2131.6,2368.4,2369.6,0,2367.4,0.0,0,0,2017-04-13,34367700,2371.8,1,0,0,0,0,0,0,0,0,2372.0,1,0,0,0,0,0,0,0,0
261,2017-04-13,09:32:48,200,IH1704,CCFX,2371.8,2366.8,2372.0,246,174831060,16620,16796,2605.2,2131.6,2368.4,2369.6,0,2367.4,0.0,0,0,2017-04-13,34368200,2371.8,1,0,0,0,0,0,0,0,0,2372.0,2,0,0,0,0,0,0,0,0
262,2017-04-13,09:32:49,200,IH1704,CCFX,2371.8,2366.8,2372.0,246,174831060,16620,16796,2605.2,2131.6,2368.4,2369.6,0,2367.4,0.0,0,0,2017-04-13,34369200,2371.8,1,0,0,0,0,0,0,0,0,2372.0,2,0,0,0,0,0,0,0,0
263,2017-04-13,09:32:49,700,IH1704,CCFX,2372.0,2366.8,2372.0,248,176254260,16618,16796,2605.2,2131.6,2368.4,2369.6,0,2367.4,0.0,0,0,2017-04-13,34369700,2371.8,1,0,0,0,0,0,0,0,0,2372.2,3,0,0,0,0,0,0,0,0
264,2017-04-13,09:32:50,700,IH1704,CCFX,2372.2,2366.8,2372.2,249,176965920,16618,16796,2605.2,2131.6,2368.4,2369.6,0,2367.4,0.0,0,0,2017-04-13,34370700,2371.8,1,0,0,0,0,0,0,0,0,2372.2,2,0,0,0,0,0,0,0,0
265,2017-04-13,09:32:51,200,IH1704,CCFX,2372.2,2366.8,2372.2,250,177677580,16619,16796,2605.2,2131.6,2368.4,2369.6,0,2367.4,0.0,0,0,2017-04-13,34371200,2371.8,1,0,0,0,0,0,0,0,0,2372.2,1,0,0,0,0,0,0,0,0
266,2017-04-13,09:32:51,700,IH1704,CCFX,2372.4,2366.8,2372.4,253,179812680,16621,16796,2605.2,2131.6,2368.4,2369.6,0,2367.4,0.0,0,0,2017-04-13,34371700,2372.0,5,0,0,0,0,0,0,0,0,2372.4,2,0,0,0,0,0,0,0,0
267,2017-04-13,09:32:52,200,IH1704,CCFX,2372.0,2366.8,2372.4,257,182659320,16620,16796,2605.2,2131.6,2368.4,2369.6,0,2367.4,0.0,0,0,2017-04-13,34372200,2372.2,1,0,0,0,0,0,0,0,0,2372.6,3,0,0,0,0,0,0,0,0
268,2017-04-13,09:32:52,700,IH1704,CCFX,2372.0,2366.8,2372.4,257,182659320,16620,16796,2605.2,2131.6,2368.4,2369.6,0,2367.4,0.0,0,0,2017-04-13,34372700,2372.4,1,0,0,0,0,0,0,0,0,2372.6,3,0,0,0,0,0,0,0,0
269,2017-04-13,09:32:53,200,IH1704,CCFX,2372.4,2366.8,2372.4,258,183371040,16619,16796,2605.2,2131.6,2368.4,2369.6,0,2367.4,0.0,0,0,2017-04-13,34373200,2372.2,1,0,0,0,0,0,0,0,0,2372.4,1,0,0,0,0,0,0,0,0
270,2017-04-13,09:32:54,200,IH1704,CCFX,2372.0,2366.8,2372.4,260,184794300,16619,16796,2605.2,2131.6,2368.4,2369.6,0,2367.4,0.0,0,0,2017-04-13,34374200,2372.0,2,0,0,0,0,0,0,0,0,2372.4,1,0,0,0,0,0,0,0,0
271,2017-04-13,09:32:54,700,IH1704,CCFX,2372.0,2366.8,2372.4,260,184794300,16619,16796,2605.2,2131.6,2368.4,2369.6,0,2367.4,0.0,0,0,2017-04-13,34374700,2372.0,2,0,0,0,0,0,0,0,0,2372.4,2,0,0,0,0,0,0,0,0
272,2017-04-13,09:32:55,200,IH1704,CCFX,2372.2,2366.8,2372.4,262,186217560,16618,16796,2605.2,2131.6,2368.4,2369.6,0,2367.4,0.0,0,0,2017-04-13,34375200,2372.0,1,0,0,0,0,0,0,0,0,2372.2,1,0,0,0,0,0,0,0,0
273,2017-04-13,09:32:55,700,IH1704,CCFX,2372.0,2366.8,2372.4,263,186929160,16617,16796,2605.2,2131.6,2368.4,2369.6,0,2367.4,0.0,0,0,2017-04-13,34375700,2371.8,1,0,0,0,0,0,0,0,0,2372.2,3,0,0,0,0,0,0,0,0
274,2017-04-13,09:32:56,200,IH1704,CCFX,2372.2,2366.8,2372.4,266,189064020,16615,16796,2605.2,2131.6,2368.4,2369.6,0,2367.4,0.0,0,0,2017-04-13,34376200,2371.6,1,0,0,0,0,0,0,0,0,2372.0,1,0,0,0,0,0,0,0,0
275,2017-04-13,09:32:57,200,IH1704,CCFX,2372.2,2366.8,2372.4,266,189064020,16615,16796,2605.2,2131.6,2368.4,2369.6,0,2367.4,0.0,0,0,2017-04-13,34377200,2371.6,1,0,0,0,0,0,0,0,0,2372.0,2,0,0,0,0,0,0,0,0
276,2017-04-13,09:32:57,700,IH1704,CCFX,2372.2,2366.8,2372.4,266,189064020,16615,16796,2605.2,2131.6,2368.4,2369.6,0,2367.4,0.0,0,0,2017-04-13,34377700,2371.6,1,0,0,0,0,0,0,0,0,2371.8,1,0,0,0,0,0,0,0,0
277,2017-04-13,09:32:58,200,IH1704,CCFX,2371.6,2366.8,2372.4,267,189775500,16615,16796,2605.2,2131.6,2368.4,2369.6,0,2367.4,0.0,0,0,2017-04-13,34378200,2371.4,1,0,0,0,0,0,0,0,0,2371.6,3,0,0,0,0,0,0,0,0
278,2017-04-13,09:32:58,700,IH1704,CCFX,2371.4,2366.8,2372.4,268,190486920,16615,16796,2605.2,2131.6,2368.4,2369.6,0,2367.4,0.0,0,0,2017-04-13,34378700,2371.2,2,0,0,0,0,0,0,0,0,2371.6,2,0,0,0,0,0,0,0,0
279,2017-04-13,09:32:59,200,IH1704,CCFX,2371.4,2366.8,2372.4,268,190486920,16615,16796,2605.2,2131.6,2368.4,2369.6,0,2367.4,0.0,0,0,2017-04-13,34379200,2371.2,2,0,0,0,0,0,0,0,0,2371.6,2,0,0,0,0,0,0,0,0
280,2017-04-13,09:32:59,700,IH1704,CCFX,2371.4,2366.8,2372.4,268,190486920,16615,16796,2605.2,2131.6,2368.4,2369.6,0,2367.4,0.0,0,0,2017-04-13,34379700,2371.2,2,0,0,0,0,0,0,0,0,2371.6,1,0,0,0,0,0,0,0,0
281,2017-04-13,09:33:00,200,IH1704,CCFX,2371.4,2366.8,2372.4,268,190486920,16615,16796,2605.2,2131.6,2368.4,2369.6,0,2367.4,0.0,0,0,2017-04-13,34380200,2371.2,2,0,0,0,0,0,0,0,0,2371.6,1,0,0,0,0,0,0,0,0
282,2017-04-13,09:33:00,700,IH1704,CCFX,2371.4,2366.8,2372.4,268,190486920,16615,16796,2605.2,2131.6,2368.4,2369.6,0,2367.4,0.0,0,0,2017-04-13,34380700,2371.2,2,0,0,0,0,0,0,0,0,2371.6,1,0,0,0,0,0,0,0,0
283,2017-04-13,09:33:01,200,IH1704,CCFX,2371.6,2366.8,2372.4,269,191198400,16615,16796,2605.2,2131.6,2368.4,2369.6,0,2367.4,0.0,0,0,2017-04-13,34381200,2371.2,2,0,0,0,0,0,0,0,0,2371.8,2,0,0,0,0,0,0,0,0
284,2017-04-13,09:33:01,700,IH1704,CCFX,2371.8,2366.8,2372.4,270,191909940,16615,16796,2605.2,2131.6,2368.4,2369.6,0,2367.4,0.0,0,0,2017-04-13,34381700,2371.4,3,0,0,0,0,0,0,0,0,2371.8,1,0,0,0,0,0,0,0,0
285,2017-04-13,09:33:02,200,IH1704,CCFX,2372.0,2366.8,2372.4,273,194044680,16614,16796,2605.2,2131.6,2368.4,2369.6,0,2367.4,0.0,0,0,2017-04-13,34382200,2371.4,3,0,0,0,0,0,0,0,0,2371.8,1,0,0,0,0,0,0,0,0
286,2017-04-13,09:33:02,700,IH1704,CCFX,2371.8,2366.8,2372.4,274,194756220,16613,16796,2605.2,2131.6,2368.4,2369.6,0,2367.4,0.0,0,0,2017-04-13,34382700,2371.8,2,0,0,0,0,0,0,0,0,2372.2,1,0,0,0,0,0,0,0,0
287,2017-04-13,09:33:03,200,IH1704,CCFX,2371.8,2366.8,2372.4,274,194756220,16613,16796,2605.2,2131.6,2368.4,2369.6,0,2367.4,0.0,0,0,2017-04-13,34383200,2372.0,1,0,0,0,0,0,0,0,0,2372.2,1,0,0,0,0,0,0,0,0
288,2017-04-13,09:33:03,700,IH1704,CCFX,2371.8,2366.8,2372.4,278,197602680,16611,16796,2605.2,2131.6,2368.4,2369.6,0,2367.4,0.0,0,0,2017-04-13,34383700,2371.4,3,0,0,0,0,0,0,0,0,2372.6,3,0,0,0,0,0,0,0,0
289,2017-04-13,09:33:04,200,IH1704,CCFX,2371.8,2366.8,2372.4,278,197602680,16611,16796,2605.2,2131.6,2368.4,2369.6,0,2367.4,0.0,0,0,2017-04-13,34384200,2372.0,2,0,0,0,0,0,0,0,0,2372.4,1,0,0,0,0,0,0,0,0
290,2017-04-13,09:33:04,700,IH1704,CCFX,2372.0,2366.8,2372.4,280,199025880,16609,16796,2605.2,2131.6,2368.4,2369.6,0,2367.4,0.0,0,0,2017-04-13,34384700,2371.6,1,0,0,0,0,0,0,0,0,2372.2,2,0,0,0,0,0,0,0,0
291,2017-04-13,09:33:05,700,IH1704,CCFX,2372.0,2366.8,2372.4,280,199025880,16609,16796,2605.2,2131.6,2368.4,2369.6,0,2367.4,0.0,0,0,2017-04-13,34385700,2371.6,1,0,0,0,0,0,0,0,0,2372.2,2,0,0,0,0,0,0,0,0
292,2017-04-13,09:33:06,200,IH1704,CCFX,2372.0,2366.8,2372.4,280,199025880,16609,16796,2605.2,2131.6,2368.4,2369.6,0,2367.4,0.0,0,0,2017-04-13,34386200,2371.6,1,0,0,0,0,0,0,0,0,2372.2,1,0,0,0,0,0,0,0,0
293,2017-04-13,09:33:06,700,IH1704,CCFX,2372.0,2366.8,2372.4,280,199025880,16609,16796,2605.2,2131.6,2368.4,2369.6,0,2367.4,0.0,0,0,2017-04-13,34386700,2371.6,1,0,0,0,0,0,0,0,0,2372.0,2,0,0,0,0,0,0,0,0
294,2017-04-13,09:33:07,200,IH1704,CCFX,2372.0,2366.8,2372.4,280,199025880,16609,16796,2605.2,2131.6,2368.4,2369.6,0,2367.4,0.0,0,0,2017-04-13,34387200,2371.2,3,0,0,0,0,0,0,0,0,2372.0,2,0,0,0,0,0,0,0,0
295,2017-04-13,09:33:08,700,IH1704,CCFX,2372.0,2366.8,2372.4,280,199025880,16609,16796,2605.2,2131.6,2368.4,2369.6,0,2367.4,0.0,0,0,2017-04-13,34388700,2371.4,1,0,0,0,0,0,0,0,0,2372.0,2,0,0,0,0,0,0,0,0
296,2017-04-13,09:33:09,200,IH1704,CCFX,2372.0,2366.8,2372.4,280,199025880,16609,16796,2605.2,2131.6,2368.4,2369.6,0,2367.4,0.0,0,0,2017-04-13,34389200,2371.6,2,0,0,0,0,0,0,0,0,2372.0,3,0,0,0,0,0,0,0,0
297,2017-04-13,09:33:09,700,IH1704,CCFX,2372.0,2366.8,2372.4,280,199025880,16609,16796,2605.2,2131.6,2368.4,2369.6,0,2367.4,0.0,0,0,2017-04-13,34389700,2371.6,2,0,0,0,0,0,0,0,0,2371.8,1,0,0,0,0,0,0,0,0
298,2017-04-13,09:33:10,200,IH1704,CCFX,2371.6,2366.8,2372.4,281,199737360,16608,16796,2605.2,2131.6,2368.4,2369.6,0,2367.4,0.0,0,0,2017-04-13,34390200,2371.6,1,0,0,0,0,0,0,0,0,2371.8,1,0,0,0,0,0,0,0,0
299,2017-04-13,09:33:10,700,IH1704,CCFX,2371.6,2366.8,2372.4,281,199737360,16608,16796,2605.2,2131.6,2368.4,2369.6,0,2367.4,0.0,0,0,2017-04-13,34390700,2371.6,1,0,0,0,0,0,0,0,0,2371.8,1,0,0,0,0,0,0,0,0
300,2017-04-13,09:33:11,700,IH1704,CCFX,2371.6,2366.8,2372.4,281,199737360,16608,16796,2605.2,2131.6,2368.4,2369.6,0,2367.4,0.0,0,0,2017-04-13,34391700,2371.6,1,0,0,0,0,0,0,0,0,2371.8,1,0,0,0,0,0,0,0,0
301,2017-04-13,09:33:13,700,IH1704,CCFX,2371.6,2366.8,2372.4,281,199737360,16608,16796,2605.2,2131.6,2368.4,2369.6,0,2367.4,0.0,0,0,2017-04-13,34393700,2371.6,1,0,0,0,0,0,0,0,0,2371.8,1,0,0,0,0,0,0,0,0
302,2017-04-13,09:33:14,200,IH1704,CCFX,2371.6,2366.8,2372.4,282,200448840,16607,16796,2605.2,2131.6,2368.4,2369.6,0,2367.4,0.0,0,0,2017-04-13,34394200,2371.2,4,0,0,0,0,0,0,0,0,2371.8,1,0,0,0,0,0,0,0,0
303,2017-04-13,09:33:14,700,IH1704,CCFX,2371.2,2366.8,2372.4,283,201160200,16606,16796,2605.2,2131.6,2368.4,2369.6,0,2367.4,0.0,0,0,2017-04-13,34394700,2371.2,3,0,0,0,0,0,0,0,0,2371.8,1,0,0,0,0,0,0,0,0
304,2017-04-13,09:33:15,200,IH1704,CCFX,2371.2,2366.8,2372.4,283,201160200,16606,16796,2605.2,2131.6,2368.4,2369.6,0,2367.4,0.0,0,0,2017-04-13,34395200,2371.2,3,0,0,0,0,0,0,0,0,2371.6,1,0,0,0,0,0,0,0,0
305,2017-04-13,09:33:15,700,IH1704,CCFX,2371.2,2366.8,2372.4,283,201160200,16606,16796,2605.2,2131.6,2368.4,2369.6,0,2367.4,0.0,0,0,2017-04-13,34395700,2371.2,3,0,0,0,0,0,0,0,0,2371.4,1,0,0,0,0,0,0,0,0
306,2017-04-13,09:33:16,200,IH1704,CCFX,2371.4,2366.8,2372.4,284,201871620,16605,16796,2605.2,2131.6,2368.4,2369.6,0,2367.4,0.0,0,0,2017-04-13,34396200,2371.2,3,0,0,0,0,0,0,0,0,2371.4,2,0,0,0,0,0,0,0,0
307,2017-04-13,09:33:16,700,IH1704,CCFX,2371.2,2366.8,2372.4,286,203294340,16603,16796,2605.2,2131.6,2368.4,2369.6,0,2367.4,0.0,0,0,2017-04-13,34396700,2371.2,1,0,0,0,0,0,0,0,0,2371.4,2,0,0,0,0,0,0,0,0
308,2017-04-13,09:33:17,200,IH1704,CCFX,2371.2,2366.8,2372.4,287,204005700,16602,16796,2605.2,2131.6,2368.4,2369.6,0,2367.4,0.0,0,0,2017-04-13,34397200,2371.0,2,0,0,0,0,0,0,0,0,2371.4,2,0,0,0,0,0,0,0,0
309,2017-04-13,09:33:17,700,IH1704,CCFX,2371.4,2366.8,2372.4,288,204717120,16601,16796,2605.2,2131.6,2368.4,2369.6,0,2367.4,0.0,0,0,2017-04-13,34397700,2371.0,2,0,0,0,0,0,0,0,0,2371.4,1,0,0,0,0,0,0,0,0
310,2017-04-13,09:33:18,200,IH1704,CCFX,2371.4,2366.8,2372.4,288,204717120,16601,16796,2605.2,2131.6,2368.4,2369.6,0,2367.4,0.0,0,0,2017-04-13,34398200,2371.0,2,0,0,0,0,0,0,0,0,2371.2,1,0,0,0,0,0,0,0,0
311,2017-04-13,09:33:18,700,IH1704,CCFX,2371.4,2366.8,2372.4,288,204717120,16601,16796,2605.2,2131.6,2368.4,2369.6,0,2367.4,0.0,0,0,2017-04-13,34398700,2371.0,2,0,0,0,0,0,0,0,0,2371.2,1,0,0,0,0,0,0,0,0
312,2017-04-13,09:33:19,200,IH1704,CCFX,2371.2,2366.8,2372.4,289,205428480,16601,16796,2605.2,2131.6,2368.4,2369.6,0,2367.4,0.0,0,0,2017-04-13,34399200,2371.0,2,0,0,0,0,0,0,0,0,2371.4,1,0,0,0,0,0,0,0,0
313,2017-04-13,09:33:19,700,IH1704,CCFX,2371.0,2366.8,2372.4,291,206851080,16600,16796,2605.2,2131.6,2368.4,2369.6,0,2367.4,0.0,0,0,2017-04-13,34399700,2370.8,1,0,0,0,0,0,0,0,0,2371.4,1,0,0,0,0,0,0,0,0
314,2017-04-13,09:33:20,200,IH1704,CCFX,2371.0,2366.8,2372.4,291,206851080,16600,16796,2605.2,2131.6,2368.4,2369.6,0,2367.4,0.0,0,0,2017-04-13,34400200,2371.2,2,0,0,0,0,0,0,0,0,2371.4,1,0,0,0,0,0,0,0,0
315,2017-04-13,09:33:20,700,IH1704,CCFX,2371.4,2366.8,2372.4,292,207562500,16599,16796,2605.2,2131.6,2368.4,2369.6,0,2367.4,0.0,0,0,2017-04-13,34400700,2371.2,2,0,0,0,0,0,0,0,0,2371.6,1,0,0,0,0,0,0,0,0
316,2017-04-13,09:33:21,700,IH1704,CCFX,2371.4,2366.8,2372.4,292,207562500,16599,16796,2605.2,2131.6,2368.4,2369.6,0,2367.4,0.0,0,0,2017-04-13,34401700,2371.2,2,0,0,0,0,0,0,0,0,2371.6,1,0,0,0,0,0,0,0,0
317,2017-04-13,09:33:22,700,IH1704,CCFX,2371.2,2366.8,2372.4,293,208273860,16598,16796,2605.2,2131.6,2368.4,2369.6,0,2367.4,0.0,0,0,2017-04-13,34402700,2371.2,1,0,0,0,0,0,0,0,0,2371.6,1,0,0,0,0,0,0,0,0
318,2017-04-13,09:33:23,200,IH1704,CCFX,2371.2,2366.8,2372.4,293,208273860,16598,16796,2605.2,2131.6,2368.4,2369.6,0,2367.4,0.0,0,0,2017-04-13,34403200,2371.2,1,0,0,0,0,0,0,0,0,2371.4,1,0,0,0,0,0,0,0,0
319,2017-04-13,09:33:23,700,IH1704,CCFX,2371.2,2366.8,2372.4,293,208273860,16598,16796,2605.2,2131.6,2368.4,2369.6,0,2367.4,0.0,0,0,2017-04-13,34403700,2371.2,1,0,0,0,0,0,0,0,0,2371.4,1,0,0,0,0,0,0,0,0
320,2017-04-13,09:33:27,200,IH1704,CCFX,2371.2,2366.8,2372.4,293,208273860,16598,16796,2605.2,2131.6,2368.4,2369.6,0,2367.4,0.0,0,0,2017-04-13,34407200,2371.2,1,0,0,0,0,0,0,0,0,2371.4,2,0,0,0,0,0,0,0,0
321,2017-04-13,09:33:28,200,IH1704,CCFX,2371.4,2366.8,2372.4,294,208985280,16597,16796,2605.2,2131.6,2368.4,2369.6,0,2367.4,0.0,0,0,2017-04-13,34408200,2371.2,1,0,0,0,0,0,0,0,0,2371.4,1,0,0,0,0,0,0,0,0
322,2017-04-13,09:33:29,200,IH1704,CCFX,2371.4,2366.8,2372.4,294,208985280,16597,16796,2605.2,2131.6,2368.4,2369.6,0,2367.4,0.0,0,0,2017-04-13,34409200,2371.2,1,0,0,0,0,0,0,0,0,2371.4,1,0,0,0,0,0,0,0,0
323,2017-04-13,09:33:30,200,IH1704,CCFX,2371.4,2366.8,2372.4,295,209696700,16596,16796,2605.2,2131.6,2368.4,2369.6,0,2367.4,0.0,0,0,2017-04-13,34410200,2371.2,1,0,0,0,0,0,0,0,0,2371.6,2,0,0,0,0,0,0,0,0
324,2017-04-13,09:33:30,700,IH1704,CCFX,2371.4,2366.8,2372.4,295,209696700,16596,16796,2605.2,2131.6,2368.4,2369.6,0,2367.4,0.0,0,0,2017-04-13,34410700,2371.2,1,0,0,0,0,0,0,0,0,2371.4,2,0,0,0,0,0,0,0,0
325,2017-04-13,09:33:31,200,IH1704,CCFX,2371.4,2366.8,2372.4,295,209696700,16596,16796,2605.2,2131.6,2368.4,2369.6,0,2367.4,0.0,0,0,2017-04-13,34411200,2371.2,1,0,0,0,0,0,0,0,0,2371.4,2,0,0,0,0,0,0,0,0
326,2017-04-13,09:33:32,700,IH1704,CCFX,2371.4,2366.8,2372.4,295,209696700,16596,16796,2605.2,2131.6,2368.4,2369.6,0,2367.4,0.0,0,0,2017-04-13,34412700,2371.2,1,0,0,0,0,0,0,0,0,2371.4,2,0,0,0,0,0,0,0,0
327,2017-04-13,09:33:33,700,IH1704,CCFX,2371.4,2366.8,2372.4,295,209696700,16596,16796,2605.2,2131.6,2368.4,2369.6,0,2367.4,0.0,0,0,2017-04-13,34413700,2371.2,1,0,0,0,0,0,0,0,0,2371.4,2,0,0,0,0,0,0,0,0
328,2017-04-13,09:33:34,200,IH1704,CCFX,2371.4,2366.8,2372.4,296,210408120,16595,16796,2605.2,2131.6,2368.4,2369.6,0,2367.4,0.0,0,0,2017-04-13,34414200,2371.2,1,0,0,0,0,0,0,0,0,2371.4,1,0,0,0,0,0,0,0,0
329,2017-04-13,09:33:38,200,IH1704,CCFX,2371.4,2366.8,2372.4,296,210408120,16595,16796,2605.2,2131.6,2368.4,2369.6,0,2367.4,0.0,0,0,2017-04-13,34418200,2371.2,1,0,0,0,0,0,0,0,0,2371.4,1,0,0,0,0,0,0,0,0
330,2017-04-13,09:33:38,700,IH1704,CCFX,2371.2,2366.8,2372.4,297,211119480,16594,16796,2605.2,2131.6,2368.4,2369.6,0,2367.4,0.0,0,0,2017-04-13,34418700,2370.8,1,0,0,0,0,0,0,0,0,2371.2,1,0,0,0,0,0,0,0,0
331,2017-04-13,09:33:39,200,IH1704,CCFX,2371.0,2366.8,2372.4,298,211830780,16593,16796,2605.2,2131.6,2368.4,2369.6,0,2367.4,0.0,0,0,2017-04-13,34419200,2370.8,1,0,0,0,0,0,0,0,0,2371.0,1,0,0,0,0,0,0,0,0
332,2017-04-13,09:33:39,700,IH1704,CCFX,2371.0,2366.8,2372.4,299,212542080,16592,16796,2605.2,2131.6,2368.4,2369.6,0,2367.4,0.0,0,0,2017-04-13,34419700,2371.0,1,0,0,0,0,0,0,0,0,2371.2,2,0,0,0,0,0,0,0,0
333,2017-04-13,09:33:40,200,IH1704,CCFX,2371.0,2366.8,2372.4,300,213253380,16591,16796,2605.2,2131.6,2368.4,2369.6,0,2367.4,0.0,0,0,2017-04-13,34420200,2371.0,1,0,0,0,0,0,0,0,0,2371.2,3,0,0,0,0,0,0,0,0
334,2017-04-13,09:33:40,700,IH1704,CCFX,2371.2,2366.8,2372.4,301,213964740,16592,16796,2605.2,2131.6,2368.4,2369.6,0,2367.4,0.0,0,0,2017-04-13,34420700,2371.0,1,0,0,0,0,0,0,0,0,2371.2,2,0,0,0,0,0,0,0,0
335,2017-04-13,09:33:41,700,IH1704,CCFX,2371.2,2366.8,2372.4,301,213964740,16592,16796,2605.2,2131.6,2368.4,2369.6,0,2367.4,0.0,0,0,2017-04-13,34421700,2371.0,2,0,0,0,0,0,0,0,0,2371.2,2,0,0,0,0,0,0,0,0
336,2017-04-13,09:33:42,700,IH1704,CCFX,2371.2,2366.8,2372.4,303,215387460,16592,16796,2605.2,2131.6,2368.4,2369.6,0,2367.4,0.0,0,0,2017-04-13,34422700,2371.2,1,0,0,0,0,0,0,0,0,2371.4,1,0,0,0,0,0,0,0,0
337,2017-04-13,09:33:43,200,IH1704,CCFX,2371.2,2366.8,2372.4,304,216098820,16591,16796,2605.2,2131.6,2368.4,2369.6,0,2367.4,0.0,0,0,2017-04-13,34423200,2371.0,2,0,0,0,0,0,0,0,0,2371.4,1,0,0,0,0,0,0,0,0
338,2017-04-13,09:33:43,700,IH1704,CCFX,2371.0,2366.8,2372.4,306,217521420,16590,16796,2605.2,2131.6,2368.4,2369.6,0,2367.4,0.0,0,0,2017-04-13,34423700,2370.8,1,0,0,0,0,0,0,0,0,2371.0,1,0,0,0,0,0,0,0,0
339,2017-04-13,09:33:44,700,IH1704,CCFX,2371.0,2366.8,2372.4,307,218232720,16589,16796,2605.2,2131.6,2368.4,2369.6,0,2367.4,0.0,0,0,2017-04-13,34424700,2370.8,1,0,0,0,0,0,0,0,0,2371.4,1,0,0,0,0,0,0,0,0
340,2017-04-13,09:33:45,200,IH1704,CCFX,2371.0,2366.8,2372.4,307,218232720,16589,16796,2605.2,2131.6,2368.4,2369.6,0,2367.4,0.0,0,0,2017-04-13,34425200,2371.2,2,0,0,0,0,0,0,0,0,2371.4,1,0,0,0,0,0,0,0,0
341,2017-04-13,09:33:45,700,IH1704,CCFX,2371.2,2366.8,2372.4,309,219655440,16589,16796,2605.2,2131.6,2368.4,2369.6,0,2367.4,0.0,0,0,2017-04-13,34425700,2370.8,1,0,0,0,0,0,0,0,0,2371.4,1,0,0,0,0,0,0,0,0
342,2017-04-13,09:33:46,700,IH1704,CCFX,2371.2,2366.8,2372.4,309,219655440,16589,16796,2605.2,2131.6,2368.4,2369.6,0,2367.4,0.0,0,0,2017-04-13,34426700,2371.0,1,0,0,0,0,0,0,0,0,2371.4,1,0,0,0,0,0,0,0,0
343,2017-04-13,09:33:47,700,IH1704,CCFX,2371.2,2366.8,2372.4,309,219655440,16589,16796,2605.2,2131.6,2368.4,2369.6,0,2367.4,0.0,0,0,2017-04-13,34427700,2371.0,3,0,0,0,0,0,0,0,0,2371.4,1,0,0,0,0,0,0,0,0
344,2017-04-13,09:33:48,200,IH1704,CCFX,2371.2,2366.8,2372.4,309,219655440,16589,16796,2605.2,2131.6,2368.4,2369.6,0,2367.4,0.0,0,0,2017-04-13,34428200,2371.0,3,0,0,0,0,0,0,0,0,2371.4,1,0,0,0,0,0,0,0,0
345,2017-04-13,09:33:50,200,IH1704,CCFX,2371.2,2366.8,2372.4,309,219655440,16589,16796,2605.2,2131.6,2368.4,2369.6,0,2367.4,0.0,0,0,2017-04-13,34430200,2371.0,3,0,0,0,0,0,0,0,0,2371.2,2,0,0,0,0,0,0,0,0
346,2017-04-13,09:33:50,700,IH1704,CCFX,2371.2,2366.8,2372.4,309,219655440,16589,16796,2605.2,2131.6,2368.4,2369.6,0,2367.4,0.0,0,0,2017-04-13,34430700,2371.0,2,0,0,0,0,0,0,0,0,2371.2,2,0,0,0,0,0,0,0,0
347,2017-04-13,09:33:51,200,IH1704,CCFX,2371.2,2366.8,2372.4,311,221078160,16589,16796,2605.2,2131.6,2368.4,2369.6,0,2367.4,0.0,0,0,2017-04-13,34431200,2371.0,2,0,0,0,0,0,0,0,0,2371.4,1,0,0,0,0,0,0,0,0
348,2017-04-13,09:33:52,200,IH1704,CCFX,2371.2,2366.8,2372.4,311,221078160,16589,16796,2605.2,2131.6,2368.4,2369.6,0,2367.4,0.0,0,0,2017-04-13,34432200,2371.0,3,0,0,0,0,0,0,0,0,2371.4,1,0,0,0,0,0,0,0,0
349,2017-04-13,09:33:52,700,IH1704,CCFX,2371.4,2366.8,2372.4,312,221789580,16588,16796,2605.2,2131.6,2368.4,2369.6,0,2367.4,0.0,0,0,2017-04-13,34432700,2371.0,3,0,0,0,0,0,0,0,0,2371.8,2,0,0,0,0,0,0,0,0
350,2017-04-13,09:33:53,200,IH1704,CCFX,2371.4,2366.8,2372.4,312,221789580,16588,16796,2605.2,2131.6,2368.4,2369.6,0,2367.4,0.0,0,0,2017-04-13,34433200,2371.0,3,0,0,0,0,0,0,0,0,2371.8,3,0,0,0,0,0,0,0,0
351,2017-04-13,09:33:54,200,IH1704,CCFX,2371.4,2366.8,2372.4,312,221789580,16588,16796,2605.2,2131.6,2368.4,2369.6,0,2367.4,0.0,0,0,2017-04-13,34434200,2371.0,3,0,0,0,0,0,0,0,0,2371.8,3,0,0,0,0,0,0,0,0
352,2017-04-13,09:33:54,700,IH1704,CCFX,2371.4,2366.8,2372.4,312,221789580,16588,16796,2605.2,2131.6,2368.4,2369.6,0,2367.4,0.0,0,0,2017-04-13,34434700,2371.6,2,0,0,0,0,0,0,0,0,2371.8,3,0,0,0,0,0,0,0,0
353,2017-04-13,09:33:55,200,IH1704,CCFX,2371.8,2366.8,2372.4,315,223924080,16586,16796,2605.2,2131.6,2368.4,2369.6,0,2367.4,0.0,0,0,2017-04-13,34435200,2371.2,1,0,0,0,0,0,0,0,0,2371.8,2,0,0,0,0,0,0,0,0
354,2017-04-13,09:33:56,200,IH1704,CCFX,2371.8,2366.8,2372.4,315,223924080,16586,16796,2605.2,2131.6,2368.4,2369.6,0,2367.4,0.0,0,0,2017-04-13,34436200,2371.2,2,0,0,0,0,0,0,0,0,2371.8,3,0,0,0,0,0,0,0,0
355,2017-04-13,09:33:56,700,IH1704,CCFX,2371.8,2366.8,2372.4,315,223924080,16586,16796,2605.2,2131.6,2368.4,2369.6,0,2367.4,0.0,0,0,2017-04-13,34436700,2371.2,2,0,0,0,0,0,0,0,0,2371.8,4,0,0,0,0,0,0,0,0
356,2017-04-13,09:33:57,200,IH1704,CCFX,2371.2,2366.8,2372.4,316,224635440,16585,16796,2605.2,2131.6,2368.4,2369.6,0,2367.4,0.0,0,0,2017-04-13,34437200,2371.2,1,0,0,0,0,0,0,0,0,2371.8,4,0,0,0,0,0,0,0,0
357,2017-04-13,09:33:57,700,IH1704,CCFX,2371.2,2366.8,2372.4,316,224635440,16585,16796,2605.2,2131.6,2368.4,2369.6,0,2367.4,0.0,0,0,2017-04-13,34437700,2371.2,1,0,0,0,0,0,0,0,0,2371.6,7,0,0,0,0,0,0,0,0
358,2017-04-13,09:33:59,700,IH1704,CCFX,2371.2,2366.8,2372.4,316,224635440,16585,16796,2605.2,2131.6,2368.4,2369.6,0,2367.4,0.0,0,0,2017-04-13,34439700,2371.2,1,0,0,0,0,0,0,0,0,2371.6,7,0,0,0,0,0,0,0,0
359,2017-04-13,09:34:00,700,IH1704,CCFX,2371.2,2366.8,2372.4,316,224635440,16585,16796,2605.2,2131.6,2368.4,2369.6,0,2367.4,0.0,0,0,2017-04-13,34440700,2371.2,1,0,0,0,0,0,0,0,0,2371.6,7,0,0,0,0,0,0,0,0
360,2017-04-13,09:34:03,200,IH1704,CCFX,2371.2,2366.8,2372.4,320,227481240,16585,16796,2605.2,2131.6,2368.4,2369.6,0,2367.4,0.0,0,0,2017-04-13,34443200,2371.0,3,0,0,0,0,0,0,0,0,2371.2,1,0,0,0,0,0,0,0,0
361,2017-04-13,09:34:03,700,IH1704,CCFX,2371.2,2366.8,2372.4,321,228192600,16584,16796,2605.2,2131.6,2368.4,2369.6,0,2367.4,0.0,0,0,2017-04-13,34443700,2371.4,2,0,0,0,0,0,0,0,0,2371.6,4,0,0,0,0,0,0,0,0
362,2017-04-13,09:34:04,200,IH1704,CCFX,2371.6,2366.8,2372.4,323,229615560,16584,16796,2605.2,2131.6,2368.4,2369.6,0,2367.4,0.0,0,0,2017-04-13,34444200,2371.2,1,0,0,0,0,0,0,0,0,2371.6,2,0,0,0,0,0,0,0,0
363,2017-04-13,09:34:04,700,IH1704,CCFX,2371.6,2366.8,2372.4,324,230327040,16584,16796,2605.2,2131.6,2368.4,2369.6,0,2367.4,0.0,0,0,2017-04-13,34444700,2371.4,1,0,0,0,0,0,0,0,0,2371.6,1,0,0,0,0,0,0,0,0
364,2017-04-13,09:34:05,200,IH1704,CCFX,2371.4,2366.8,2372.4,325,231038460,16583,16796,2605.2,2131.6,2368.4,2369.6,0,2367.4,0.0,0,0,2017-04-13,34445200,2371.2,1,0,0,0,0,0,0,0,0,2371.6,1,0,0,0,0,0,0,0,0
365,2017-04-13,09:34:06,200,IH1704,CCFX,2371.2,2366.8,2372.4,326,231749820,16582,16796,2605.2,2131.6,2368.4,2369.6,0,2367.4,0.0,0,0,2017-04-13,34446200,2371.0,3,0,0,0,0,0,0,0,0,2371.6,1,0,0,0,0,0,0,0,0
366,2017-04-13,09:34:06,700,IH1704,CCFX,2371.6,2366.8,2372.4,327,232461300,16582,16796,2605.2,2131.6,2368.4,2369.6,0,2367.4,0.0,0,0,2017-04-13,34446700,2371.6,3,0,0,0,0,0,0,0,0,2371.8,4,0,0,0,0,0,0,0,0
367,2017-04-13,09:34:08,200,IH1704,CCFX,2371.6,2366.8,2372.4,327,232461300,16582,16796,2605.2,2131.6,2368.4,2369.6,0,2367.4,0.0,0,0,2017-04-13,34448200,2371.6,3,0,0,0,0,0,0,0,0,2371.8,4,0,0,0,0,0,0,0,0
368,2017-04-13,09:34:08,700,IH1704,CCFX,2371.8,2366.8,2372.4,328,233172840,16581,16796,2605.2,2131.6,2368.4,2369.6,0,2367.4,0.0,0,0,2017-04-13,34448700,2371.6,3,0,0,0,0,0,0,0,0,2371.8,3,0,0,0,0,0,0,0,0
369,2017-04-13,09:34:09,200,IH1704,CCFX,2371.8,2366.8,2372.4,329,233884380,16581,16796,2605.2,2131.6,2368.4,2369.6,0,2367.4,0.0,0,0,2017-04-13,34449200,2371.6,3,0,0,0,0,0,0,0,0,2371.8,2,0,0,0,0,0,0,0,0
370,2017-04-13,09:34:09,700,IH1704,CCFX,2371.8,2366.8,2372.4,329,233884380,16581,16796,2605.2,2131.6,2368.4,2369.6,0,2367.4,0.0,0,0,2017-04-13,34449700,2371.6,3,0,0,0,0,0,0,0,0,2371.8,2,0,0,0,0,0,0,0,0
371,2017-04-13,09:34:10,200,IH1704,CCFX,2371.8,2366.8,2372.4,330,234595920,16580,16796,2605.2,2131.6,2368.4,2369.6,0,2367.4,0.0,0,0,2017-04-13,34450200,2371.6,3,0,0,0,0,0,0,0,0,2371.8,1,0,0,0,0,0,0,0,0
372,2017-04-13,09:34:10,700,IH1704,CCFX,2371.8,2366.8,2372.4,331,235307460,16579,16796,2605.2,2131.6,2368.4,2369.6,0,2367.4,0.0,0,0,2017-04-13,34450700,2371.8,2,0,0,0,0,0,0,0,0,2372.0,4,0,0,0,0,0,0,0,0
373,2017-04-13,09:34:11,200,IH1704,CCFX,2372.0,2366.8,2372.4,334,237442200,16576,16796,2605.2,2131.6,2368.4,2369.6,0,2367.4,0.0,0,0,2017-04-13,34451200,2371.8,1,0,0,0,0,0,0,0,0,2372.0,2,0,0,0,0,0,0,0,0
374,2017-04-13,09:34:11,700,IH1704,CCFX,2372.0,2366.8,2372.4,336,238865400,16574,16796,2605.2,2131.6,2368.4,2369.6,0,2367.4,0.0,0,0,2017-04-13,34451700,2371.8,1,0,0,0,0,0,0,0,0,2372.6,1,0,0,0,0,0,0,0,0
375,2017-04-13,09:34:13,200,IH1704,CCFX,2372.0,2366.8,2372.4,336,238865400,16574,16796,2605.2,2131.6,2368.4,2369.6,0,2367.4,0.0,0,0,2017-04-13,34453200,2371.8,1,0,0,0,0,0,0,0,0,2372.6,1,0,0,0,0,0,0,0,0
376,2017-04-13,09:34:13,700,IH1704,CCFX,2372.0,2366.8,2372.4,336,238865400,16574,16796,2605.2,2131.6,2368.4,2369.6,0,2367.4,0.0,0,0,2017-04-13,34453700,2371.8,1,0,0,0,0,0,0,0,0,2372.4,1,0,0,0,0,0,0,0,0
377,2017-04-13,09:34:14,700,IH1704,CCFX,2372.4,2366.8,2372.4,337,239577120,16574,16796,2605.2,2131.6,2368.4,2369.6,0,2367.4,0.0,0,0,2017-04-13,34454700,2371.8,1,0,0,0,0,0,0,0,0,2372.6,1,0,0,0,0,0,0,0,0
378,2017-04-13,09:34:15,200,IH1704,CCFX,2372.4,2366.8,2372.4,337,239577120,16574,16796,2605.2,2131.6,2368.4,2369.6,0,2367.4,0.0,0,0,2017-04-13,34455200,2371.8,1,0,0,0,0,0,0,0,0,2372.6,1,0,0,0,0,0,0,0,0
379,2017-04-13,09:34:16,700,IH1704,CCFX,2372.4,2366.8,2372.4,337,239577120,16574,16796,2605.2,2131.6,2368.4,2369.6,0,2367.4,0.0,0,0,2017-04-13,34456700,2372.0,1,0,0,0,0,0,0,0,0,2372.4,1,0,0,0,0,0,0,0,0
380,2017-04-13,09:34:17,200,IH1704,CCFX,2372.4,2366.8,2372.4,337,239577120,16574,16796,2605.2,2131.6,2368.4,2369.6,0,2367.4,0.0,0,0,2017-04-13,34457200,2372.0,1,0,0,0,0,0,0,0,0,2372.2,1,0,0,0,0,0,0,0,0
381,2017-04-13,09:34:18,200,IH1704,CCFX,2372.4,2366.8,2372.4,337,239577120,16574,16796,2605.2,2131.6,2368.4,2369.6,0,2367.4,0.0,0,0,2017-04-13,34458200,2371.8,1,0,0,0,0,0,0,0,0,2372.2,1,0,0,0,0,0,0,0,0
382,2017-04-13,09:34:19,200,IH1704,CCFX,2372.4,2366.8,2372.4,337,239577120,16574,16796,2605.2,2131.6,2368.4,2369.6,0,2367.4,0.0,0,0,2017-04-13,34459200,2372.0,1,0,0,0,0,0,0,0,0,2372.2,1,0,0,0,0,0,0,0,0
383,2017-04-13,09:34:20,200,IH1704,CCFX,2372.4,2366.8,2372.4,337,239577120,16574,16796,2605.2,2131.6,2368.4,2369.6,0,2367.4,0.0,0,0,2017-04-13,34460200,2372.0,1,0,0,0,0,0,0,0,0,2372.2,1,0,0,0,0,0,0,0,0
384,2017-04-13,09:34:23,200,IH1704,CCFX,2372.0,2366.8,2372.4,338,240288720,16574,16796,2605.2,2131.6,2368.4,2369.6,0,2367.4,0.0,0,0,2017-04-13,34463200,2371.8,2,0,0,0,0,0,0,0,0,2372.2,1,0,0,0,0,0,0,0,0
385,2017-04-13,09:34:23,700,IH1704,CCFX,2372.0,2366.8,2372.4,339,241000320,16573,16796,2605.2,2131.6,2368.4,2369.6,0,2367.4,0.0,0,0,2017-04-13,34463700,2372.0,1,0,0,0,0,0,0,0,0,2372.2,1,0,0,0,0,0,0,0,0
386,2017-04-13,09:34:25,200,IH1704,CCFX,2372.2,2366.8,2372.4,340,241711980,16572,16796,2605.2,2131.6,2368.4,2369.6,0,2367.4,0.0,0,0,2017-04-13,34465200,2372.0,1,0,0,0,0,0,0,0,0,2372.4,1,0,0,0,0,0,0,0,0
387,2017-04-13,09:34:27,200,IH1704,CCFX,2372.2,2366.8,2372.4,340,241711980,16572,16796,2605.2,2131.6,2368.4,2369.6,0,2367.4,0.0,0,0,2017-04-13,34467200,2372.0,1,0,0,0,0,0,0,0,0,2372.4,1,0,0,0,0,0,0,0,0
388,2017-04-13,09:34:30,200,IH1704,CCFX,2372.2,2366.8,2372.4,340,241711980,16572,16796,2605.2,2131.6,2368.4,2369.6,0,2367.4,0.0,0,0,2017-04-13,34470200,2372.0,1,0,0,0,0,0,0,0,0,2372.4,1,0,0,0,0,0,0,0,0
389,2017-04-13,09:34:30,700,IH1704,CCFX,2372.2,2366.8,2372.4,340,241711980,16572,16796,2605.2,2131.6,2368.4,2369.6,0,2367.4,0.0,0,0,2017-04-13,34470700,2372.0,1,0,0,0,0,0,0,0,0,2372.4,1,0,0,0,0,0,0,0,0
390,2017-04-13,09:34:31,700,IH1704,CCFX,2372.0,2366.8,2372.4,341,242423580,16571,16796,2605.2,2131.6,2368.4,2369.6,0,2367.4,0.0,0,0,2017-04-13,34471700,2371.8,2,0,0,0,0,0,0,0,0,2372.0,1,0,0,0,0,0,0,0,0
391,2017-04-13,09:34:32,200,IH1704,CCFX,2372.0,2366.8,2372.4,342,243135180,16570,16796,2605.2,2131.6,2368.4,2369.6,0,2367.4,0.0,0,0,2017-04-13,34472200,2371.8,2,0,0,0,0,0,0,0,0,2372.2,1,0,0,0,0,0,0,0,0
392,2017-04-13,09:34:32,700,IH1704,CCFX,2372.0,2366.8,2372.4,342,243135180,16570,16796,2605.2,2131.6,2368.4,2369.6,0,2367.4,0.0,0,0,2017-04-13,34472700,2372.0,1,0,0,0,0,0,0,0,0,2372.2,1,0,0,0,0,0,0,0,0
393,2017-04-13,09:34:35,700,IH1704,CCFX,2372.0,2366.8,2372.4,342,243135180,16570,16796,2605.2,2131.6,2368.4,2369.6,0,2367.4,0.0,0,0,2017-04-13,34475700,2372.0,1,0,0,0,0,0,0,0,0,2372.2,1,0,0,0,0,0,0,0,0
394,2017-04-13,09:34:36,200,IH1704,CCFX,2372.0,2366.8,2372.4,342,243135180,16570,16796,2605.2,2131.6,2368.4,2369.6,0,2367.4,0.0,0,0,2017-04-13,34476200,2371.8,2,0,0,0,0,0,0,0,0,2372.2,1,0,0,0,0,0,0,0,0
395,2017-04-13,09:34:37,200,IH1704,CCFX,2372.0,2366.8,2372.4,342,243135180,16570,16796,2605.2,2131.6,2368.4,2369.6,0,2367.4,0.0,0,0,2017-04-13,34477200,2372.0,1,0,0,0,0,0,0,0,0,2372.2,1,0,0,0,0,0,0,0,0
396,2017-04-13,09:34:37,700,IH1704,CCFX,2372.0,2366.8,2372.4,342,243135180,16570,16796,2605.2,2131.6,2368.4,2369.6,0,2367.4,0.0,0,0,2017-04-13,34477700,2371.8,2,0,0,0,0,0,0,0,0,2372.2,1,0,0,0,0,0,0,0,0
397,2017-04-13,09:34:38,700,IH1704,CCFX,2372.2,2366.8,2372.4,343,243846840,16569,16796,2605.2,2131.6,2368.4,2369.6,0,2367.4,0.0,0,0,2017-04-13,34478700,2371.8,2,0,0,0,0,0,0,0,0,2372.4,2,0,0,0,0,0,0,0,0
398,2017-04-13,09:34:39,200,IH1704,CCFX,2372.2,2366.8,2372.4,343,243846840,16569,16796,2605.2,2131.6,2368.4,2369.6,0,2367.4,0.0,0,0,2017-04-13,34479200,2371.8,2,0,0,0,0,0,0,0,0,2372.4,2,0,0,0,0,0,0,0,0
399,2017-04-13,09:34:39,700,IH1704,CCFX,2372.2,2366.8,2372.4,343,243846840,16569,16796,2605.2,2131.6,2368.4,2369.6,0,2367.4,0.0,0,0,2017-04-13,34479700,2371.8,2,0,0,0,0,0,0,0,0,2372.0,2,0,0,0,0,0,0,0,0
400,2017-04-13,09:34:44,200,IH1704,CCFX,2372.0,2366.8,2372.4,344,244558440,16568,16796,2605.2,2131.6,2368.4,2369.6,0,2367.4,0.0,0,0,2017-04-13,34484200,2371.8,2,0,0,0,0,0,0,0,0,2372.0,1,0,0,0,0,0,0,0,0
401,2017-04-13,09:34:44,700,IH1704,CCFX,2372.0,2366.8,2372.4,345,245270040,16567,16796,2605.2,2131.6,2368.4,2369.6,0,2367.4,0.0,0,0,2017-04-13,34484700,2371.8,2,0,0,0,0,0,0,0,0,2372.4,2,0,0,0,0,0,0,0,0
402,2017-04-13,09:34:45,200,IH1704,CCFX,2372.0,2366.8,2372.4,345,245270040,16567,16796,2605.2,2131.6,2368.4,2369.6,0,2367.4,0.0,0,0,2017-04-13,34485200,2372.0,1,0,0,0,0,0,0,0,0,2372.4,2,0,0,0,0,0,0,0,0
403,2017-04-13,09:34:47,200,IH1704,CCFX,2372.4,2366.8,2372.4,346,245981760,16566,16796,2605.2,2131.6,2368.4,2369.6,0,2367.4,0.0,0,0,2017-04-13,34487200,2372.2,2,0,0,0,0,0,0,0,0,2372.4,1,0,0,0,0,0,0,0,0
404,2017-04-13,09:34:47,700,IH1704,CCFX,2372.4,2366.8,2372.4,347,246693480,16565,16796,2605.2,2131.6,2368.4,2369.6,0,2367.4,0.0,0,0,2017-04-13,34487700,2372.4,3,0,0,0,0,0,0,0,0,2372.6,2,0,0,0,0,0,0,0,0
405,2017-04-13,09:34:48,200,IH1704,CCFX,2372.0,2366.8,2372.8,352,250252200,16560,16796,2605.2,2131.6,2368.4,2369.6,0,2367.4,0.0,0,0,2017-04-13,34488200,2372.6,1,0,0,0,0,0,0,0,0,2372.8,1,0,0,0,0,0,0,0,0
406,2017-04-13,09:34:48,700,IH1704,CCFX,2372.4,2366.8,2372.8,353,250963920,16559,16796,2605.2,2131.6,2368.4,2369.6,0,2367.4,0.0,0,0,2017-04-13,34488700,2371.8,2,0,0,0,0,0,0,0,0,2372.8,1,0,0,0,0,0,0,0,0
407,2017-04-13,09:34:49,200,IH1704,CCFX,2372.4,2366.8,2372.8,353,250963920,16559,16796,2605.2,2131.6,2368.4,2369.6,0,2367.4,0.0,0,0,2017-04-13,34489200,2372.0,2,0,0,0,0,0,0,0,0,2372.8,1,0,0,0,0,0,0,0,0
408,2017-04-13,09:34:49,700,IH1704,CCFX,2372.4,2366.8,2372.8,353,250963920,16559,16796,2605.2,2131.6,2368.4,2369.6,0,2367.4,0.0,0,0,2017-04-13,34489700,2372.2,2,0,0,0,0,0,0,0,0,2372.8,1,0,0,0,0,0,0,0,0
409,2017-04-13,09:34:50,200,IH1704,CCFX,2372.4,2366.8,2372.8,353,250963920,16559,16796,2605.2,2131.6,2368.4,2369.6,0,2367.4,0.0,0,0,2017-04-13,34490200,2372.4,1,0,0,0,0,0,0,0,0,2372.6,1,0,0,0,0,0,0,0,0
410,2017-04-13,09:34:51,200,IH1704,CCFX,2372.4,2366.8,2372.8,353,250963920,16559,16796,2605.2,2131.6,2368.4,2369.6,0,2367.4,0.0,0,0,2017-04-13,34491200,2372.4,1,0,0,0,0,0,0,0,0,2372.8,1,0,0,0,0,0,0,0,0
411,2017-04-13,09:34:51,700,IH1704,CCFX,2372.4,2366.8,2372.8,353,250963920,16559,16796,2605.2,2131.6,2368.4,2369.6,0,2367.4,0.0,0,0,2017-04-13,34491700,2372.6,2,0,0,0,0,0,0,0,0,2372.8,1,0,0,0,0,0,0,0,0
412,2017-04-13,09:34:52,700,IH1704,CCFX,2372.8,2366.8,2372.8,354,251675760,16558,16796,2605.2,2131.6,2368.4,2369.6,0,2367.4,0.0,0,0,2017-04-13,34492700,2372.6,2,0,0,0,0,0,0,0,0,2373.2,1,0,0,0,0,0,0,0,0
413,2017-04-13,09:34:53,200,IH1704,CCFX,2372.8,2366.8,2372.8,354,251675760,16558,16796,2605.2,2131.6,2368.4,2369.6,0,2367.4,0.0,0,0,2017-04-13,34493200,2372.8,1,0,0,0,0,0,0,0,0,2373.2,1,0,0,0,0,0,0,0,0
414,2017-04-13,09:34:53,700,IH1704,CCFX,2372.8,2366.8,2372.8,354,251675760,16558,16796,2605.2,2131.6,2368.4,2369.6,0,2367.4,0.0,0,0,2017-04-13,34493700,2372.8,1,0,0,0,0,0,0,0,0,2373.0,1,0,0,0,0,0,0,0,0
415,2017-04-13,09:34:54,200,IH1704,CCFX,2372.8,2366.8,2372.8,354,251675760,16558,16796,2605.2,2131.6,2368.4,2369.6,0,2367.4,0.0,0,0,2017-04-13,34494200,2372.8,1,0,0,0,0,0,0,0,0,2373.2,1,0,0,0,0,0,0,0,0
416,2017-04-13,09:34:55,200,IH1704,CCFX,2373.2,2366.8,2373.2,355,252387720,16557,16796,2605.2,2131.6,2368.4,2369.6,0,2367.4,0.0,0,0,2017-04-13,34495200,2372.8,1,0,0,0,0,0,0,0,0,2373.4,2,0,0,0,0,0,0,0,0
417,2017-04-13,09:34:55,700,IH1704,CCFX,2373.2,2366.8,2373.2,355,252387720,16557,16796,2605.2,2131.6,2368.4,2369.6,0,2367.4,0.0,0,0,2017-04-13,34495700,2372.8,1,0,0,0,0,0,0,0,0,2373.2,2,0,0,0,0,0,0,0,0
418,2017-04-13,09:34:56,700,IH1704,CCFX,2373.2,2366.8,2373.2,355,252387720,16557,16796,2605.2,2131.6,2368.4,2369.6,0,2367.4,0.0,0,0,2017-04-13,34496700,2372.8,1,0,0,0,0,0,0,0,0,2373.2,1,0,0,0,0,0,0,0,0
419,2017-04-13,09:34:57,200,IH1704,CCFX,2373.2,2366.8,2373.2,355,252387720,16557,16796,2605.2,2131.6,2368.4,2369.6,0,2367.4,0.0,0,0,2017-04-13,34497200,2372.8,1,0,0,0,0,0,0,0,0,2373.0,1,0,0,0,0,0,0,0,0
420,2017-04-13,09:34:58,700,IH1704,CCFX,2373.0,2366.8,2373.2,356,253099620,16557,16796,2605.2,2131.6,2368.4,2369.6,0,2367.4,0.0,0,0,2017-04-13,34498700,2372.6,2,0,0,0,0,0,0,0,0,2373.2,1,0,0,0,0,0,0,0,0
421,2017-04-13,09:34:59,700,IH1704,CCFX,2373.0,2366.8,2373.2,356,253099620,16557,16796,2605.2,2131.6,2368.4,2369.6,0,2367.4,0.0,0,0,2017-04-13,34499700,2372.6,2,0,0,0,0,0,0,0,0,2373.0,1,0,0,0,0,0,0,0,0
422,2017-04-13,09:35:00,700,IH1704,CCFX,2373.0,2366.8,2373.2,356,253099620,16557,16796,2605.2,2131.6,2368.4,2369.6,0,2367.4,0.0,0,0,2017-04-13,34500700,2372.6,2,0,0,0,0,0,0,0,0,2373.0,1,0,0,0,0,0,0,0,0
423,2017-04-13,09:35:01,200,IH1704,CCFX,2373.0,2366.8,2373.2,356,253099620,16557,16796,2605.2,2131.6,2368.4,2369.6,0,2367.4,0.0,0,0,2017-04-13,34501200,2372.6,2,0,0,0,0,0,0,0,0,2372.8,1,0,0,0,0,0,0,0,0
424,2017-04-13,09:35:01,700,IH1704,CCFX,2373.0,2366.8,2373.2,358,254523360,16555,16796,2605.2,2131.6,2368.4,2369.6,0,2367.4,0.0,0,0,2017-04-13,34501700,2373.0,1,0,0,0,0,0,0,0,0,2373.2,2,0,0,0,0,0,0,0,0
425,2017-04-13,09:35:02,200,IH1704,CCFX,2373.0,2366.8,2373.2,361,256659180,16552,16796,2605.2,2131.6,2368.4,2369.6,0,2367.4,0.0,0,0,2017-04-13,34502200,2372.6,2,0,0,0,0,0,0,0,0,2373.4,2,0,0,0,0,0,0,0,0
426,2017-04-13,09:35:02,700,IH1704,CCFX,2373.0,2366.8,2373.2,361,256659180,16552,16796,2605.2,2131.6,2368.4,2369.6,0,2367.4,0.0,0,0,2017-04-13,34502700,2372.8,1,0,0,0,0,0,0,0,0,2373.4,2,0,0,0,0,0,0,0,0
427,2017-04-13,09:35:03,200,IH1704,CCFX,2372.8,2366.8,2373.2,362,257371020,16552,16796,2605.2,2131.6,2368.4,2369.6,0,2367.4,0.0,0,0,2017-04-13,34503200,2372.6,2,0,0,0,0,0,0,0,0,2373.4,2,0,0,0,0,0,0,0,0
428,2017-04-13,09:35:03,700,IH1704,CCFX,2372.8,2366.8,2373.2,362,257371020,16552,16796,2605.2,2131.6,2368.4,2369.6,0,2367.4,0.0,0,0,2017-04-13,34503700,2372.8,1,0,0,0,0,0,0,0,0,2373.4,2,0,0,0,0,0,0,0,0
429,2017-04-13,09:35:04,200,IH1704,CCFX,2372.8,2366.8,2373.2,363,258082860,16551,16796,2605.2,2131.6,2368.4,2369.6,0,2367.4,0.0,0,0,2017-04-13,34504200,2372.6,2,0,0,0,0,0,0,0,0,2373.4,3,0,0,0,0,0,0,0,0
430,2017-04-13,09:35:04,700,IH1704,CCFX,2372.8,2366.8,2373.2,363,258082860,16551,16796,2605.2,2131.6,2368.4,2369.6,0,2367.4,0.0,0,0,2017-04-13,34504700,2372.8,1,0,0,0,0,0,0,0,0,2373.4,1,0,0,0,0,0,0,0,0
431,2017-04-13,09:35:05,200,IH1704,CCFX,2372.8,2366.8,2373.2,364,258794700,16551,16796,2605.2,2131.6,2368.4,2369.6,0,2367.4,0.0,0,0,2017-04-13,34505200,2373.0,1,0,0,0,0,0,0,0,0,2373.4,1,0,0,0,0,0,0,0,0
432,2017-04-13,09:35:06,200,IH1704,CCFX,2373.0,2366.8,2373.4,366,260218620,16550,16796,2605.2,2131.6,2368.4,2369.6,0,2367.4,0.0,0,0,2017-04-13,34506200,2372.8,1,0,0,0,0,0,0,0,0,2373.6,3,0,0,0,0,0,0,0,0
433,2017-04-13,09:35:07,700,IH1704,CCFX,2373.0,2366.8,2373.4,366,260218620,16550,16796,2605.2,2131.6,2368.4,2369.6,0,2367.4,0.0,0,0,2017-04-13,34507700,2372.8,1,0,0,0,0,0,0,0,0,2373.6,3,0,0,0,0,0,0,0,0
434,2017-04-13,09:35:08,200,IH1704,CCFX,2373.8,2366.8,2373.8,370,263067000,16549,16796,2605.2,2131.6,2368.4,2369.6,0,2367.4,0.0,0,0,2017-04-13,34508200,2373.0,1,0,0,0,0,0,0,0,0,2373.4,1,0,0,0,0,0,0,0,0
435,2017-04-13,09:35:08,700,IH1704,CCFX,2373.4,2366.8,2373.8,371,263779020,16548,16796,2605.2,2131.6,2368.4,2369.6,0,2367.4,0.0,0,0,2017-04-13,34508700,2373.0,2,0,0,0,0,0,0,0,0,2374.0,3,0,0,0,0,0,0,0,0
436,2017-04-13,09:35:09,200,IH1704,CCFX,2373.4,2366.8,2373.8,371,263779020,16548,16796,2605.2,2131.6,2368.4,2369.6,0,2367.4,0.0,0,0,2017-04-13,34509200,2373.2,2,0,0,0,0,0,0,0,0,2373.8,1,0,0,0,0,0,0,0,0
437,2017-04-13,09:35:09,700,IH1704,CCFX,2373.4,2366.8,2373.8,371,263779020,16548,16796,2605.2,2131.6,2368.4,2369.6,0,2367.4,0.0,0,0,2017-04-13,34509700,2373.2,2,0,0,0,0,0,0,0,0,2373.8,1,0,0,0,0,0,0,0,0
438,2017-04-13,09:35:10,200,IH1704,CCFX,2373.4,2366.8,2373.8,371,263779020,16548,16796,2605.2,2131.6,2368.4,2369.6,0,2367.4,0.0,0,0,2017-04-13,34510200,2373.2,2,0,0,0,0,0,0,0,0,2373.8,1,0,0,0,0,0,0,0,0
439,2017-04-13,09:35:11,200,IH1704,CCFX,2373.2,2366.8,2373.8,373,265202940,16546,16796,2605.2,2131.6,2368.4,2369.6,0,2367.4,0.0,0,0,2017-04-13,34511200,2373.0,1,0,0,0,0,0,0,0,0,2373.8,1,0,0,0,0,0,0,0,0
440,2017-04-13,09:35:11,700,IH1704,CCFX,2373.2,2366.8,2373.8,373,265202940,16546,16796,2605.2,2131.6,2368.4,2369.6,0,2367.4,0.0,0,0,2017-04-13,34511700,2373.2,1,0,0,0,0,0,0,0,0,2373.8,1,0,0,0,0,0,0,0,0
441,2017-04-13,09:35:12,200,IH1704,CCFX,2373.2,2366.8,2373.8,373,265202940,16546,16796,2605.2,2131.6,2368.4,2369.6,0,2367.4,0.0,0,0,2017-04-13,34512200,2373.2,1,0,0,0,0,0,0,0,0,2373.8,1,0,0,0,0,0,0,0,0
442,2017-04-13,09:35:12,700,IH1704,CCFX,2373.2,2366.8,2373.8,373,265202940,16546,16796,2605.2,2131.6,2368.4,2369.6,0,2367.4,0.0,0,0,2017-04-13,34512700,2373.2,1,0,0,0,0,0,0,0,0,2373.6,1,0,0,0,0,0,0,0,0
443,2017-04-13,09:35:14,200,IH1704,CCFX,2373.2,2366.8,2373.8,373,265202940,16546,16796,2605.2,2131.6,2368.4,2369.6,0,2367.4,0.0,0,0,2017-04-13,34514200,2373.2,1,0,0,0,0,0,0,0,0,2373.6,2,0,0,0,0,0,0,0,0
444,2017-04-13,09:35:14,700,IH1704,CCFX,2373.6,2366.8,2373.8,374,265915020,16545,16796,2605.2,2131.6,2368.4,2369.6,0,2367.4,0.0,0,0,2017-04-13,34514700,2373.2,1,0,0,0,0,0,0,0,0,2373.6,1,0,0,0,0,0,0,0,0
445,2017-04-13,09:35:15,200,IH1704,CCFX,2373.6,2366.8,2373.8,374,265915020,16545,16796,2605.2,2131.6,2368.4,2369.6,0,2367.4,0.0,0,0,2017-04-13,34515200,2373.2,1,0,0,0,0,0,0,0,0,2373.4,2,0,0,0,0,0,0,0,0
446,2017-04-13,09:35:15,700,IH1704,CCFX,2373.6,2366.8,2373.8,374,265915020,16545,16796,2605.2,2131.6,2368.4,2369.6,0,2367.4,0.0,0,0,2017-04-13,34515700,2373.0,1,0,0,0,0,0,0,0,0,2373.4,2,0,0,0,0,0,0,0,0
447,2017-04-13,09:35:16,200,IH1704,CCFX,2373.6,2366.8,2373.8,374,265915020,16545,16796,2605.2,2131.6,2368.4,2369.6,0,2367.4,0.0,0,0,2017-04-13,34516200,2373.0,1,0,0,0,0,0,0,0,0,2373.4,2,0,0,0,0,0,0,0,0
448,2017-04-13,09:35:16,700,IH1704,CCFX,2373.6,2366.8,2373.8,374,265915020,16545,16796,2605.2,2131.6,2368.4,2369.6,0,2367.4,0.0,0,0,2017-04-13,34516700,2373.0,1,0,0,0,0,0,0,0,0,2373.4,2,0,0,0,0,0,0,0,0
449,2017-04-13,09:35:18,200,IH1704,CCFX,2373.6,2366.8,2373.8,374,265915020,16545,16796,2605.2,2131.6,2368.4,2369.6,0,2367.4,0.0,0,0,2017-04-13,34518200,2373.0,1,0,0,0,0,0,0,0,0,2373.4,2,0,0,0,0,0,0,0,0
450,2017-04-13,09:35:19,200,IH1704,CCFX,2373.6,2366.8,2373.8,374,265915020,16545,16796,2605.2,2131.6,2368.4,2369.6,0,2367.4,0.0,0,0,2017-04-13,34519200,2373.0,1,0,0,0,0,0,0,0,0,2373.4,2,0,0,0,0,0,0,0,0
451,2017-04-13,09:35:19,700,IH1704,CCFX,2373.6,2366.8,2373.8,374,265915020,16545,16796,2605.2,2131.6,2368.4,2369.6,0,2367.4,0.0,0,0,2017-04-13,34519700,2373.0,1,0,0,0,0,0,0,0,0,2373.2,2,0,0,0,0,0,0,0,0
452,2017-04-13,09:35:20,200,IH1704,CCFX,2373.6,2366.8,2373.8,374,265915020,16545,16796,2605.2,2131.6,2368.4,2369.6,0,2367.4,0.0,0,0,2017-04-13,34520200,2373.0,1,0,0,0,0,0,0,0,0,2373.2,2,0,0,0,0,0,0,0,0
453,2017-04-13,09:35:20,700,IH1704,CCFX,2373.0,2366.8,2373.8,376,267338940,16545,16796,2605.2,2131.6,2368.4,2369.6,0,2367.4,0.0,0,0,2017-04-13,34520700,2372.8,1,0,0,0,0,0,0,0,0,2373.2,1,0,0,0,0,0,0,0,0
454,2017-04-13,09:35:21,700,IH1704,CCFX,2373.0,2366.8,2373.8,376,267338940,16545,16796,2605.2,2131.6,2368.4,2369.6,0,2367.4,0.0,0,0,2017-04-13,34521700,2372.8,1,0,0,0,0,0,0,0,0,2373.2,3,0,0,0,0,0,0,0,0
455,2017-04-13,09:35:22,200,IH1704,CCFX,2373.0,2366.8,2373.8,376,267338940,16545,16796,2605.2,2131.6,2368.4,2369.6,0,2367.4,0.0,0,0,2017-04-13,34522200,2373.0,1,0,0,0,0,0,0,0,0,2373.2,3,0,0,0,0,0,0,0,0
456,2017-04-13,09:35:22,700,IH1704,CCFX,2373.0,2366.8,2373.8,376,267338940,16545,16796,2605.2,2131.6,2368.4,2369.6,0,2367.4,0.0,0,0,2017-04-13,34522700,2373.0,2,0,0,0,0,0,0,0,0,2373.2,3,0,0,0,0,0,0,0,0
457,2017-04-13,09:35:23,700,IH1704,CCFX,2373.2,2366.8,2373.8,378,268762800,16545,16796,2605.2,2131.6,2368.4,2369.6,0,2367.4,0.0,0,0,2017-04-13,34523700,2373.0,1,0,0,0,0,0,0,0,0,2373.2,2,0,0,0,0,0,0,0,0
458,2017-04-13,09:35:25,200,IH1704,CCFX,2373.2,2366.8,2373.8,378,268762800,16545,16796,2605.2,2131.6,2368.4,2369.6,0,2367.4,0.0,0,0,2017-04-13,34525200,2373.0,1,0,0,0,0,0,0,0,0,2373.2,2,0,0,0,0,0,0,0,0
459,2017-04-13,09:35:26,200,IH1704,CCFX,2373.2,2366.8,2373.8,378,268762800,16545,16796,2605.2,2131.6,2368.4,2369.6,0,2367.4,0.0,0,0,2017-04-13,34526200,2373.0,1,0,0,0,0,0,0,0,0,2373.2,3,0,0,0,0,0,0,0,0
460,2017-04-13,09:35:26,700,IH1704,CCFX,2373.0,2366.8,2373.8,379,269474700,16545,16796,2605.2,2131.6,2368.4,2369.6,0,2367.4,0.0,0,0,2017-04-13,34526700,2372.8,1,0,0,0,0,0,0,0,0,2373.0,1,0,0,0,0,0,0,0,0
461,2017-04-13,09:35:27,200,IH1704,CCFX,2373.0,2366.8,2373.8,379,269474700,16545,16796,2605.2,2131.6,2368.4,2369.6,0,2367.4,0.0,0,0,2017-04-13,34527200,2372.8,1,0,0,0,0,0,0,0,0,2373.2,3,0,0,0,0,0,0,0,0
462,2017-04-13,09:35:27,700,IH1704,CCFX,2373.0,2366.8,2373.8,381,270898440,16543,16796,2605.2,2131.6,2368.4,2369.6,0,2367.4,0.0,0,0,2017-04-13,34527700,2372.6,3,0,0,0,0,0,0,0,0,2373.2,3,0,0,0,0,0,0,0,0
463,2017-04-13,09:35:28,700,IH1704,CCFX,2373.0,2366.8,2373.8,381,270898440,16543,16796,2605.2,2131.6,2368.4,2369.6,0,2367.4,0.0,0,0,2017-04-13,34528700,2372.6,3,0,0,0,0,0,0,0,0,2373.0,1,0,0,0,0,0,0,0,0
464,2017-04-13,09:35:31,200,IH1704,CCFX,2373.0,2366.8,2373.8,381,270898440,16543,16796,2605.2,2131.6,2368.4,2369.6,0,2367.4,0.0,0,0,2017-04-13,34531200,2372.6,3,0,0,0,0,0,0,0,0,2373.0,1,0,0,0,0,0,0,0,0
465,2017-04-13,09:35:34,200,IH1704,CCFX,2372.6,2366.8,2373.8,382,271610220,16543,16796,2605.2,2131.6,2368.4,2369.6,0,2367.4,0.0,0,0,2017-04-13,34534200,2372.6,2,0,0,0,0,0,0,0,0,2373.0,1,0,0,0,0,0,0,0,0
466,2017-04-13,09:35:34,700,IH1704,CCFX,2372.6,2366.8,2373.8,383,272322000,16542,16796,2605.2,2131.6,2368.4,2369.6,0,2367.4,0.0,0,0,2017-04-13,34534700,2372.6,1,0,0,0,0,0,0,0,0,2372.8,6,0,0,0,0,0,0,0,0
467,2017-04-13,09:35:35,200,IH1704,CCFX,2372.6,2366.8,2373.8,385,273745560,16540,16796,2605.2,2131.6,2368.4,2369.6,0,2367.4,0.0,0,0,2017-04-13,34535200,2372.0,1,0,0,0,0,0,0,0,0,2372.4,1,0,0,0,0,0,0,0,0
468,2017-04-13,09:35:35,700,IH1704,CCFX,2372.0,2366.8,2373.8,386,274457160,16539,16796,2605.2,2131.6,2368.4,2369.6,0,2367.4,0.0,0,0,2017-04-13,34535700,2371.8,1,0,0,0,0,0,0,0,0,2372.4,1,0,0,0,0,0,0,0,0
469,2017-04-13,09:35:36,200,IH1704,CCFX,2372.4,2366.8,2373.8,387,275168880,16538,16796,2605.2,2131.6,2368.4,2369.6,0,2367.4,0.0,0,0,2017-04-13,34536200,2371.8,1,0,0,0,0,0,0,0,0,2372.8,6,0,0,0,0,0,0,0,0
470,2017-04-13,09:35:37,200,IH1704,CCFX,2372.4,2366.8,2373.8,387,275168880,16538,16796,2605.2,2131.6,2368.4,2369.6,0,2367.4,0.0,0,0,2017-04-13,34537200,2371.8,1,0,0,0,0,0,0,0,0,2372.6,1,0,0,0,0,0,0,0,0
471,2017-04-13,09:35:37,700,IH1704,CCFX,2372.4,2366.8,2373.8,387,275168880,16538,16796,2605.2,2131.6,2368.4,2369.6,0,2367.4,0.0,0,0,2017-04-13,34537700,2371.8,1,0,0,0,0,0,0,0,0,2372.6,1,0,0,0,0,0,0,0,0
472,2017-04-13,09:35:38,200,IH1704,CCFX,2372.4,2366.8,2373.8,387,275168880,16538,16796,2605.2,2131.6,2368.4,2369.6,0,2367.4,0.0,0,0,2017-04-13,34538200,2371.8,1,0,0,0,0,0,0,0,0,2372.2,2,0,0,0,0,0,0,0,0
473,2017-04-13,09:35:38,700,IH1704,CCFX,2372.4,2366.8,2373.8,387,275168880,16538,16796,2605.2,2131.6,2368.4,2369.6,0,2367.4,0.0,0,0,2017-04-13,34538700,2371.8,1,0,0,0,0,0,0,0,0,2372.2,2,0,0,0,0,0,0,0,0
474,2017-04-13,09:35:39,200,IH1704,CCFX,2372.4,2366.8,2373.8,387,275168880,16538,16796,2605.2,2131.6,2368.4,2369.6,0,2367.4,0.0,0,0,2017-04-13,34539200,2371.8,1,0,0,0,0,0,0,0,0,2372.0,1,0,0,0,0,0,0,0,0
475,2017-04-13,09:35:39,700,IH1704,CCFX,2372.0,2366.8,2373.8,388,275880480,16537,16796,2605.2,2131.6,2368.4,2369.6,0,2367.4,0.0,0,0,2017-04-13,34539700,2371.8,1,0,0,0,0,0,0,0,0,2372.2,4,0,0,0,0,0,0,0,0
476,2017-04-13,09:35:41,200,IH1704,CCFX,2372.0,2366.8,2373.8,388,275880480,16537,16796,2605.2,2131.6,2368.4,2369.6,0,2367.4,0.0,0,0,2017-04-13,34541200,2371.8,1,0,0,0,0,0,0,0,0,2372.0,2,0,0,0,0,0,0,0,0
477,2017-04-13,09:35:41,700,IH1704,CCFX,2371.8,2366.8,2373.8,389,276592020,16536,16796,2605.2,2131.6,2368.4,2369.6,0,2367.4,0.0,0,0,2017-04-13,34541700,2371.6,3,0,0,0,0,0,0,0,0,2372.0,5,0,0,0,0,0,0,0,0
478,2017-04-13,09:35:42,200,IH1704,CCFX,2371.8,2366.8,2373.8,389,276592020,16536,16796,2605.2,2131.6,2368.4,2369.6,0,2367.4,0.0,0,0,2017-04-13,34542200,2371.6,3,0,0,0,0,0,0,0,0,2371.8,1,0,0,0,0,0,0,0,0
479,2017-04-13,09:35:42,700,IH1704,CCFX,2371.6,2366.8,2373.8,391,278014980,16534,16796,2605.2,2131.6,2368.4,2369.6,0,2367.4,0.0,0,0,2017-04-13,34542700,2371.6,1,0,0,0,0,0,0,0,0,2371.8,1,0,0,0,0,0,0,0,0
480,2017-04-13,09:35:43,200,IH1704,CCFX,2371.6,2366.8,2373.8,392,278726460,16534,16796,2605.2,2131.6,2368.4,2369.6,0,2367.4,0.0,0,0,2017-04-13,34543200,2371.4,1,0,0,0,0,0,0,0,0,2371.8,1,0,0,0,0,0,0,0,0
481,2017-04-13,09:35:43,700,IH1704,CCFX,2371.6,2366.8,2373.8,392,278726460,16534,16796,2605.2,2131.6,2368.4,2369.6,0,2367.4,0.0,0,0,2017-04-13,34543700,2371.4,1,0,0,0,0,0,0,0,0,2371.8,2,0,0,0,0,0,0,0,0
482,2017-04-13,09:35:44,200,IH1704,CCFX,2371.8,2366.8,2373.8,393,279438000,16535,16796,2605.2,2131.6,2368.4,2369.6,0,2367.4,0.0,0,0,2017-04-13,34544200,2371.4,1,0,0,0,0,0,0,0,0,2371.8,1,0,0,0,0,0,0,0,0
483,2017-04-13,09:35:44,700,IH1704,CCFX,2371.8,2366.8,2373.8,393,279438000,16535,16796,2605.2,2131.6,2368.4,2369.6,0,2367.4,0.0,0,0,2017-04-13,34544700,2371.4,1,0,0,0,0,0,0,0,0,2371.8,1,0,0,0,0,0,0,0,0
484,2017-04-13,09:35:45,200,IH1704,CCFX,2371.8,2366.8,2373.8,396,281572260,16532,16796,2605.2,2131.6,2368.4,2369.6,0,2367.4,0.0,0,0,2017-04-13,34545200,2371.0,4,0,0,0,0,0,0,0,0,2372.0,5,0,0,0,0,0,0,0,0
485,2017-04-13,09:35:45,700,IH1704,CCFX,2371.8,2366.8,2373.8,396,281572260,16532,16796,2605.2,2131.6,2368.4,2369.6,0,2367.4,0.0,0,0,2017-04-13,34545700,2371.0,6,0,0,0,0,0,0,0,0,2372.0,3,0,0,0,0,0,0,0,0
486,2017-04-13,09:35:46,200,IH1704,CCFX,2371.8,2366.8,2373.8,396,281572260,16532,16796,2605.2,2131.6,2368.4,2369.6,0,2367.4,0.0,0,0,2017-04-13,34546200,2371.2,3,0,0,0,0,0,0,0,0,2371.8,1,0,0,0,0,0,0,0,0
487,2017-04-13,09:35:47,200,IH1704,CCFX,2371.8,2366.8,2373.8,396,281572260,16532,16796,2605.2,2131.6,2368.4,2369.6,0,2367.4,0.0,0,0,2017-04-13,34547200,2371.2,4,0,0,0,0,0,0,0,0,2371.8,1,0,0,0,0,0,0,0,0
488,2017-04-13,09:35:47,700,IH1704,CCFX,2371.8,2366.8,2373.8,396,281572260,16532,16796,2605.2,2131.6,2368.4,2369.6,0,2367.4,0.0,0,0,2017-04-13,34547700,2371.2,6,0,0,0,0,0,0,0,0,2371.8,1,0,0,0,0,0,0,0,0
489,2017-04-13,09:35:48,200,IH1704,CCFX,2371.8,2366.8,2373.8,396,281572260,16532,16796,2605.2,2131.6,2368.4,2369.6,0,2367.4,0.0,0,0,2017-04-13,34548200,2371.2,6,0,0,0,0,0,0,0,0,2371.8,1,0,0,0,0,0,0,0,0
490,2017-04-13,09:35:48,700,IH1704,CCFX,2371.8,2366.8,2373.8,396,281572260,16532,16796,2605.2,2131.6,2368.4,2369.6,0,2367.4,0.0,0,0,2017-04-13,34548700,2371.4,1,0,0,0,0,0,0,0,0,2371.8,1,0,0,0,0,0,0,0,0
491,2017-04-13,09:35:49,700,IH1704,CCFX,2371.8,2366.8,2373.8,396,281572260,16532,16796,2605.2,2131.6,2368.4,2369.6,0,2367.4,0.0,0,0,2017-04-13,34549700,2371.4,1,0,0,0,0,0,0,0,0,2371.6,2,0,0,0,0,0,0,0,0
492,2017-04-13,09:35:50,200,IH1704,CCFX,2371.8,2366.8,2373.8,396,281572260,16532,16796,2605.2,2131.6,2368.4,2369.6,0,2367.4,0.0,0,0,2017-04-13,34550200,2371.4,1,0,0,0,0,0,0,0,0,2371.6,2,0,0,0,0,0,0,0,0
493,2017-04-13,09:35:51,700,IH1704,CCFX,2371.8,2366.8,2373.8,396,281572260,16532,16796,2605.2,2131.6,2368.4,2369.6,0,2367.4,0.0,0,0,2017-04-13,34551700,2371.4,1,0,0,0,0,0,0,0,0,2371.6,2,0,0,0,0,0,0,0,0
