,dataDate,dataTime,dataMillisec,instrumentID,exchangeCD,lastPrice,lowPrice,highPrice,volume,value,openInterest,preOpenInterest,upperLimitPrice,lowerLimitPrice,preSettlementPrice,prevClosePrice,settlementPrice,openPrice,closePrice,preDelta,currDelta,clearingDay,milliSecOffset,bidPrice1,bidVolume1,bidPrice2,bidVolume2,bidPrice3,bidVolume3,bidPrice4,bidVolume4,bidPrice5,bidVolume5,askPrice1,askVolume1,askPrice2,askVolume2,askPrice3,askVolume3,askPrice4,askVolume4,askPrice5,askVolume5
0,2017-04-13,08:59:00,95,jd1709,XDCE,3918,3918,3918,820,32127600,162586,162776,4142,3748,3945,3926,0,3918,0,0,0,2017-04-13,32340095,3918,3,0,0,0,0,0,0,0,0,3920,1,0,0,0,0,0,0,0,0
1,2017-04-13,09:00:00,370,jd1709,XDCE,3920,3918,3921,888,34793040,162624,162776,4142,3748,3945,3926,0,3918,0,0,0,2017-04-13,32400370,3920,20,0,0,0,0,0,0,0,0,3921,28,0,0,0,0,0,0,0,0
2,2017-04-13,09:00:00,855,jd1709,XDCE,3921,3918,3921,1050,41144220,162672,162776,4142,3748,3945,3926,0,3918,0,0,0,2017-04-13,32400855,3921,8,0,0,0,0,0,0,0,0,3922,4,0,0,0,0,0,0,0,0
3,2017-04-13,09:00:01,342,jd1709,XDCE,3921,3918,3922,1112,43575380,162676,162776,4142,3748,3945,3926,0,3918,0,0,0,2017-04-13,32401342,3921,5,0,0,0,0,0,0,0,0,3922,2,0,0,0,0,0,0,0,0
4,2017-04-13,09:00:01,876,jd1709,XDCE,3920,3918,3923,1234,48359120,162726,162776,4142,3748,3945,3926,0,3918,0,0,0,2017-04-13,32401876,3921,6,0,0,0,0,0,0,0,0,3924,4,0,0,0,0,0,0,0,0
5,2017-04-13,09:00:02,357,jd1709,XDCE,3920,3918,3923,1284,50319560,162734,162776,4142,3748,3945,3926,0,3918,0,0,0,2017-04-13,32402357,3920,34,0,0,0,0,0,0,0,0,3923,16,0,0,0,0,0,0,0,0
6,2017-04-13,09:00:02,865,jd1709,XDCE,3922,3918,3923,1338,52436900,162728,162776,4142,3748,3945,3926,0,3918,0,0,0,2017-04-13,32402865,3920,19,0,0,0,0,0,0,0,0,3922,12,0,0,0,0,0,0,0,0
7,2017-04-13,09:00:03,373,jd1709,XDCE,3920,3918,3923,1408,55180980,162760,162776,4142,3748,3945,3926,0,3918,0,0,0,2017-04-13,32403373,3922,7,0,0,0,0,0,0,0,0,3923,13,0,0,0,0,0,0,0,0
8,2017-04-13,09:00:03,865,jd1709,XDCE,3923,3918,3923,1450,56828120,162746,162776,4142,3748,3945,3926,0,3918,0,0,0,2017-04-13,32403865,3922,18,0,0,0,0,0,0,0,0,3923,1,0,0,0,0,0,0,0,0
9,2017-04-13,09:00:04,338,jd1709,XDCE,3923,3918,3923,1452,56906580,162744,162776,4142,3748,3945,3926,0,3918,0,0,0,2017-04-13,32404338,3923,12,0,0,0,0,0,0,0,0,3924,14,0,0,0,0,0,0,0,0
10,2017-04-13,09:00:04,837,jd1709,XDCE,3923,3918,3924,1470,57612880,162746,162776,4142,3748,3945,3926,0,3918,0,0,0,2017-04-13,32404837,3923,12,0,0,0,0,0,0,0,0,3924,11,0,0,0,0,0,0,0,0
11,2017-04-13,09:00:05,338,jd1709,XDCE,3924,3918,3924,1472,57691360,162746,162776,4142,3748,3945,3926,0,3918,0,0,0,2017-04-13,32405338,3923,20,0,0,0,0,0,0,0,0,3924,10,0,0,0,0,0,0,0,0
12,2017-04-13,09:00:05,844,jd1709,XDCE,3924,3918,3924,1534,60123900,162766,162776,4142,3748,3945,3926,0,3918,0,0,0,2017-04-13,32405844,3924,4,0,0,0,0,0,0,0,0,3925,63,0,0,0,0,0,0,0,0
13,2017-04-13,09:00:06,362,jd1709,XDCE,3925,3918,3925,1556,60987320,162772,162776,4142,3748,3945,3926,0,3918,0,0,0,2017-04-13,32406362,3924,1,0,0,0,0,0,0,0,0,3925,56,0,0,0,0,0,0,0,0
14,2017-04-13,09:00:06,844,jd1709,XDCE,3924,3918,3925,1692,66325100,162736,162776,4142,3748,3945,3926,0,3918,0,0,0,2017-04-13,32406844,3924,5,0,0,0,0,0,0,0,0,3926,56,0,0,0,0,0,0,0,0
15,2017-04-13,09:00:07,355,jd1709,XDCE,3924,3918,3925,1694,66403580,162736,162776,4142,3748,3945,3926,0,3918,0,0,0,2017-04-13,32407355,3925,4,0,0,0,0,0,0,0,0,3926,56,0,0,0,0,0,0,0,0
16,2017-04-13,09:00:07,874,jd1709,XDCE,3924,3918,3926,1728,67738180,162752,162776,4142,3748,3945,3926,0,3918,0,0,0,2017-04-13,32407874,3924,26,0,0,0,0,0,0,0,0,3926,46,0,0,0,0,0,0,0,0
17,2017-04-13,09:00:08,375,jd1709,XDCE,3926,3918,3926,1756,68837440,162766,162776,4142,3748,3945,3926,0,3918,0,0,0,2017-04-13,32408375,3925,16,0,0,0,0,0,0,0,0,3926,33,0,0,0,0,0,0,0,0
18,2017-04-13,09:00:08,842,jd1709,XDCE,3927,3918,3927,1836,71978280,162824,162776,4142,3748,3945,3926,0,3918,0,0,0,2017-04-13,32408842,3926,21,0,0,0,0,0,0,0,0,3927,4,0,0,0,0,0,0,0,0
19,2017-04-13,09:00:09,376,jd1709,XDCE,3927,3918,3927,1892,74177020,162858,162776,4142,3748,3945,3926,0,3918,0,0,0,2017-04-13,32409376,3927,12,0,0,0,0,0,0,0,0,3928,5,0,0,0,0,0,0,0,0
20,2017-04-13,09:00:09,833,jd1709,XDCE,3927,3918,3927,1908,74805340,162874,162776,4142,3748,3945,3926,0,3918,0,0,0,2017-04-13,32409833,3927,4,0,0,0,0,0,0,0,0,3928,8,0,0,0,0,0,0,0,0
21,2017-04-13,09:00:10,349,jd1709,XDCE,3927,3918,3927,1908,74805340,162874,162776,4142,3748,3945,3926,0,3918,0,0,0,2017-04-13,32410349,3927,5,0,0,0,0,0,0,0,0,3928,8,0,0,0,0,0,0,0,0
22,2017-04-13,09:00:10,854,jd1709,XDCE,3928,3918,3928,1928,75590920,162874,162776,4142,3748,3945,3926,0,3918,0,0,0,2017-04-13,32410854,3928,2,0,0,0,0,0,0,0,0,3929,8,0,0,0,0,0,0,0,0
23,2017-04-13,09:00:11,332,jd1709,XDCE,3929,3918,3929,1930,75669500,162872,162776,4142,3748,3945,3926,0,3918,0,0,0,2017-04-13,32411332,3928,1,0,0,0,0,0,0,0,0,3929,41,0,0,0,0,0,0,0,0
24,2017-04-13,09:00:11,871,jd1709,XDCE,3928,3918,3929,1932,75748060,162872,162776,4142,3748,3945,3926,0,3918,0,0,0,2017-04-13,32411871,3926,22,0,0,0,0,0,0,0,0,3928,7,0,0,0,0,0,0,0,0
25,2017-04-13,09:00:12,341,jd1709,XDCE,3928,3918,3929,1970,77240700,162882,162776,4142,3748,3945,3926,0,3918,0,0,0,2017-04-13,32412341,3928,16,0,0,0,0,0,0,0,0,3929,40,0,0,0,0,0,0,0,0
26,2017-04-13,09:00:12,855,jd1709,XDCE,3928,3918,3929,2074,81324620,162954,162776,4142,3748,3945,3926,0,3918,0,0,0,2017-04-13,32412855,3926,4,0,0,0,0,0,0,0,0,3928,13,0,0,0,0,0,0,0,0
27,2017-04-13,09:00:13,346,jd1709,XDCE,3928,3918,3929,2090,81953020,162970,162776,4142,3748,3945,3926,0,3918,0,0,0,2017-04-13,32413346,3926,5,0,0,0,0,0,0,0,0,3928,21,0,0,0,0,0,0,0,0
28,2017-04-13,09:00:13,832,jd1709,XDCE,3928,3918,3929,2120,83131420,162964,162776,4142,3748,3945,3926,0,3918,0,0,0,2017-04-13,32413832,3926,3,0,0,0,0,0,0,0,0,3928,10,0,0,0,0,0,0,0,0
29,2017-04-13,09:00:14,360,jd1709,XDCE,3928,3918,3929,2126,83367100,162966,162776,4142,3748,3945,3926,0,3918,0,0,0,2017-04-13,32414360,3926,6,0,0,0,0,0,0,0,0,3928,10,0,0,0,0,0,0,0,0
30,2017-04-13,09:00:14,871,jd1709,XDCE,3928,3918,3929,2230,87450260,162984,162776,4142,3748,3945,3926,0,3918,0,0,0,2017-04-13,32414871,3927,2,0,0,0,0,0,0,0,0,3928,8,0,0,0,0,0,0,0,0
31,2017-04-13,09:00:15,376,jd1709,XDCE,3928,3918,3929,2252,88314380,162970,162776,4142,3748,3945,3926,0,3918,0,0,0,2017-04-13,32415376,3927,1,0,0,0,0,0,0,0,0,3929,77,0,0,0,0,0,0,0,0
32,2017-04-13,09:00:15,835,jd1709,XDCE,3928,3918,3929,2256,88471500,162972,162776,4142,3748,3945,3926,0,3918,0,0,0,2017-04-13,32415835,3927,15,0,0,0,0,0,0,0,0,3929,77,0,0,0,0,0,0,0,0
33,2017-04-13,09:00:16,332,jd1709,XDCE,3927,3918,3929,2288,89728160,162976,162776,4142,3748,3945,3926,0,3918,0,0,0,2017-04-13,32416332,3926,3,0,0,0,0,0,0,0,0,3927,18,0,0,0,0,0,0,0,0
34,2017-04-13,09:00:16,868,jd1709,XDCE,3924,3918,3929,2322,91062680,162998,162776,4142,3748,3945,3926,0,3918,0,0,0,2017-04-13,32416868,3924,34,0,0,0,0,0,0,0,0,3927,18,0,0,0,0,0,0,0,0
35,2017-04-13,09:00:17,367,jd1709,XDCE,3929,3918,3929,2404,94283480,162980,162776,4142,3748,3945,3926,0,3918,0,0,0,2017-04-13,32417367,3924,34,0,0,0,0,0,0,0,0,3929,67,0,0,0,0,0,0,0,0
36,2017-04-13,09:00:17,875,jd1709,XDCE,3928,3918,3929,2412,94597640,162980,162776,4142,3748,3945,3926,0,3918,0,0,0,2017-04-13,32417875,3926,2,0,0,0,0,0,0,0,0,3927,31,0,0,0,0,0,0,0,0
37,2017-04-13,09:00:18,344,jd1709,XDCE,3927,3918,3929,2476,97111340,163016,162776,4142,3748,3945,3926,0,3918,0,0,0,2017-04-13,32418344,3927,4,0,0,0,0,0,0,0,0,3928,4,0,0,0,0,0,0,0,0
38,2017-04-13,09:00:18,867,jd1709,XDCE,3928,3918,3929,2490,97661160,163006,162776,4142,3748,3945,3926,0,3918,0,0,0,2017-04-13,32418867,3926,2,0,0,0,0,0,0,0,0,3928,5,0,0,0,0,0,0,0,0
39,2017-04-13,09:00:19,368,jd1709,XDCE,3927,3918,3929,2494,97818260,163010,162776,4142,3748,3945,3926,0,3918,0,0,0,2017-04-13,32419368,3926,2,0,0,0,0,0,0,0,0,3927,24,0,0,0,0,0,0,0,0
40,2017-04-13,09:00:19,834,jd1709,XDCE,3927,3918,3929,2520,98839100,163032,162776,4142,3748,3945,3926,0,3918,0,0,0,2017-04-13,32419834,3925,4,0,0,0,0,0,0,0,0,3927,21,0,0,0,0,0,0,0,0
41,2017-04-13,09:00:20,343,jd1709,XDCE,3927,3918,3929,2550,100017160,163062,162776,4142,3748,3945,3926,0,3918,0,0,0,2017-04-13,32420343,3925,8,0,0,0,0,0,0,0,0,3926,1,0,0,0,0,0,0,0,0
42,2017-04-13,09:00:20,863,jd1709,XDCE,3926,3918,3929,2554,100174220,163064,162776,4142,3748,3945,3926,0,3918,0,0,0,2017-04-13,32420863,3925,8,0,0,0,0,0,0,0,0,3927,10,0,0,0,0,0,0,0,0
43,2017-04-13,09:00:21,369,jd1709,XDCE,3924,3918,3929,2596,101822640,163080,162776,4142,3748,3945,3926,0,3918,0,0,0,2017-04-13,32421369,3924,30,0,0,0,0,0,0,0,0,3926,1,0,0,0,0,0,0,0,0
44,2017-04-13,09:00:21,826,jd1709,XDCE,3926,3918,3929,2630,103157280,163106,162776,4142,3748,3945,3926,0,3918,0,0,0,2017-04-13,32421826,3926,37,0,0,0,0,0,0,0,0,3927,5,0,0,0,0,0,0,0,0
45,2017-04-13,09:00:22,366,jd1709,XDCE,3927,3918,3929,2646,103785540,163110,162776,4142,3748,3945,3926,0,3918,0,0,0,2017-04-13,32422366,3927,10,0,0,0,0,0,0,0,0,3928,15,0,0,0,0,0,0,0,0
46,2017-04-13,09:00:22,852,jd1709,XDCE,3927,3918,3929,2676,104963640,163134,162776,4142,3748,3945,3926,0,3918,0,0,0,2017-04-13,32422852,3926,44,0,0,0,0,0,0,0,0,3927,11,0,0,0,0,0,0,0,0
47,2017-04-13,09:00:23,332,jd1709,XDCE,3927,3918,3929,2730,107084200,163152,162776,4142,3748,3945,3926,0,3918,0,0,0,2017-04-13,32423332,3926,43,0,0,0,0,0,0,0,0,3928,2,0,0,0,0,0,0,0,0
48,2017-04-13,09:00:23,868,jd1709,XDCE,3926,3918,3929,2762,108340520,163178,162776,4142,3748,3945,3926,0,3918,0,0,0,2017-04-13,32423868,3926,27,0,0,0,0,0,0,0,0,3928,5,0,0,0,0,0,0,0,0
49,2017-04-13,09:00:24,285,jd1709,XDCE,3928,3918,3929,2770,108654680,163178,162776,4142,3748,3945,3926,0,3918,0,0,0,2017-04-13,32424285,3927,3,0,0,0,0,0,0,0,0,3928,8,0,0,0,0,0,0,0,0
50,2017-04-13,09:00:24,689,jd1709,XDCE,3928,3918,3929,2770,108654680,163178,162776,4142,3748,3945,3926,0,3918,0,0,0,2017-04-13,32424689,3927,13,0,0,0,0,0,0,0,0,3928,28,0,0,0,0,0,0,0,0
51,2017-04-13,09:00:25,301,jd1709,XDCE,3927,3918,3929,2774,108811760,163176,162776,4142,3748,3945,3926,0,3918,0,0,0,2017-04-13,32425301,3927,12,0,0,0,0,0,0,0,0,3928,28,0,0,0,0,0,0,0,0
52,2017-04-13,09:00:25,855,jd1709,XDCE,3928,3918,3929,2806,110068460,163174,162776,4142,3748,3945,3926,0,3918,0,0,0,2017-04-13,32425855,3927,1,0,0,0,0,0,0,0,0,3928,30,0,0,0,0,0,0,0,0
53,2017-04-13,09:00:26,324,jd1709,XDCE,3928,3918,3929,2812,110304140,163174,162776,4142,3748,3945,3926,0,3918,0,0,0,2017-04-13,32426324,3927,1,0,0,0,0,0,0,0,0,3928,27,0,0,0,0,0,0,0,0
54,2017-04-13,09:00:26,876,jd1709,XDCE,3926,3918,3929,2872,112659800,163202,162776,4142,3748,3945,3926,0,3918,0,0,0,2017-04-13,32426876,3925,30,0,0,0,0,0,0,0,0,3926,57,0,0,0,0,0,0,0,0
55,2017-04-13,09:00:27,363,jd1709,XDCE,3925,3918,3929,2942,115407380,163180,162776,4142,3748,3945,3926,0,3918,0,0,0,2017-04-13,32427363,3924,33,0,0,0,0,0,0,0,0,3925,8,0,0,0,0,0,0,0,0
56,2017-04-13,09:00:27,869,jd1709,XDCE,3925,3918,3929,2974,116663160,163182,162776,4142,3748,3945,3926,0,3918,0,0,0,2017-04-13,32427869,3924,16,0,0,0,0,0,0,0,0,3925,18,0,0,0,0,0,0,0,0
57,2017-04-13,09:00:28,376,jd1709,XDCE,3924,3918,3929,3006,117918840,163178,162776,4142,3748,3945,3926,0,3918,0,0,0,2017-04-13,32428376,3923,13,0,0,0,0,0,0,0,0,3924,14,0,0,0,0,0,0,0,0
58,2017-04-13,09:00:28,875,jd1709,XDCE,3922,3918,3929,3076,120664700,163172,162776,4142,3748,3945,3926,0,3918,0,0,0,2017-04-13,32428875,3921,7,0,0,0,0,0,0,0,0,3922,49,0,0,0,0,0,0,0,0
59,2017-04-13,09:00:29,348,jd1709,XDCE,3920,3918,3929,3132,122860340,163162,162776,4142,3748,3945,3926,0,3918,0,0,0,2017-04-13,32429348,3920,10,0,0,0,0,0,0,0,0,3921,5,0,0,0,0,0,0,0,0
60,2017-04-13,09:00:29,833,jd1709,XDCE,3921,3918,3929,3200,125526080,163158,162776,4142,3748,3945,3926,0,3918,0,0,0,2017-04-13,32429833,3920,23,0,0,0,0,0,0,0,0,3921,4,0,0,0,0,0,0,0,0
61,2017-04-13,09:00:30,229,jd1709,XDCE,3921,3918,3929,3206,125761340,163158,162776,4142,3748,3945,3926,0,3918,0,0,0,2017-04-13,32430229,3920,23,0,0,0,0,0,0,0,0,3921,1,0,0,0,0,0,0,0,0
62,2017-04-13,09:00:30,875,jd1709,XDCE,3920,3918,3929,3252,127564540,163198,162776,4142,3748,3945,3926,0,3918,0,0,0,2017-04-13,32430875,3919,21,0,0,0,0,0,0,0,0,3921,37,0,0,0,0,0,0,0,0
63,2017-04-13,09:00:31,367,jd1709,XDCE,3919,3918,3929,3352,131484640,163154,162776,4142,3748,3945,3926,0,3918,0,0,0,2017-04-13,32431367,3919,12,0,0,0,0,0,0,0,0,3921,17,0,0,0,0,0,0,0,0
64,2017-04-13,09:00:31,862,jd1709,XDCE,3921,3918,3929,3406,133601800,163144,162776,4142,3748,3945,3926,0,3918,0,0,0,2017-04-13,32431862,3920,3,0,0,0,0,0,0,0,0,3921,1,0,0,0,0,0,0,0,0
65,2017-04-13,09:00:32,371,jd1709,XDCE,3920,3918,3929,3420,134150620,163144,162776,4142,3748,3945,3926,0,3918,0,0,0,2017-04-13,32432371,3919,9,0,0,0,0,0,0,0,0,3923,8,0,0,0,0,0,0,0,0
66,2017-04-13,09:00:32,876,jd1709,XDCE,3922,3918,3929,3484,136660500,163096,162776,4142,3748,3945,3926,0,3918,0,0,0,2017-04-13,32432876,3921,1,0,0,0,0,0,0,0,0,3922,28,0,0,0,0,0,0,0,0
67,2017-04-13,09:00:33,333,jd1709,XDCE,3920,3918,3929,3502,137366260,163096,162776,4142,3748,3945,3926,0,3918,0,0,0,2017-04-13,32433333,3920,3,0,0,0,0,0,0,0,0,3922,22,0,0,0,0,0,0,0,0
68,2017-04-13,09:00:33,835,jd1709,XDCE,3921,3918,3929,3532,138542480,163104,162776,4142,3748,3945,3926,0,3918,0,0,0,2017-04-13,32433835,3920,5,0,0,0,0,0,0,0,0,3921,3,0,0,0,0,0,0,0,0
69,2017-04-13,09:00:34,375,jd1709,XDCE,3921,3918,3929,3560,139640360,163096,162776,4142,3748,3945,3926,0,3918,0,0,0,2017-04-13,32434375,3920,8,0,0,0,0,0,0,0,0,3921,3,0,0,0,0,0,0,0,0
70,2017-04-13,09:00:34,817,jd1709,XDCE,3920,3918,3929,3566,139875560,163102,162776,4142,3748,3945,3926,0,3918,0,0,0,2017-04-13,32434817,3920,5,0,0,0,0,0,0,0,0,3921,3,0,0,0,0,0,0,0,0
71,2017-04-13,09:00:35,371,jd1709,XDCE,3921,3918,3929,3576,140267660,163106,162776,4142,3748,3945,3926,0,3918,0,0,0,2017-04-13,32435371,3921,41,0,0,0,0,0,0,0,0,3922,7,0,0,0,0,0,0,0,0
72,2017-04-13,09:00:35,870,jd1709,XDCE,3921,3918,3929,3638,142698680,163168,162776,4142,3748,3945,3926,0,3918,0,0,0,2017-04-13,32435870,3921,12,0,0,0,0,0,0,0,0,3922,7,0,0,0,0,0,0,0,0
73,2017-04-13,09:00:36,338,jd1709,XDCE,3922,3918,3929,3656,143404640,163166,162776,4142,3748,3945,3926,0,3918,0,0,0,2017-04-13,32436338,3922,6,0,0,0,0,0,0,0,0,3923,14,0,0,0,0,0,0,0,0
74,2017-04-13,09:00:36,855,jd1709,XDCE,3923,3918,3929,3660,143561560,163170,162776,4142,3748,3945,3926,0,3918,0,0,0,2017-04-13,32436855,3922,6,0,0,0,0,0,0,0,0,3923,9,0,0,0,0,0,0,0,0
75,2017-04-13,09:00:37,337,jd1709,XDCE,3923,3918,3929,3660,143561560,163170,162776,4142,3748,3945,3926,0,3918,0,0,0,2017-04-13,32437337,3922,15,0,0,0,0,0,0,0,0,3923,8,0,0,0,0,0,0,0,0
76,2017-04-13,09:00:37,860,jd1709,XDCE,3922,3918,3929,3686,144581440,163176,162776,4142,3748,3945,3926,0,3918,0,0,0,2017-04-13,32437860,3922,13,0,0,0,0,0,0,0,0,3924,12,0,0,0,0,0,0,0,0
77,2017-04-13,09:00:38,327,jd1709,XDCE,3922,3918,3929,3712,145601200,163186,162776,4142,3748,3945,3926,0,3918,0,0,0,2017-04-13,32438327,3921,41,0,0,0,0,0,0,0,0,3922,34,0,0,0,0,0,0,0,0
78,2017-04-13,09:00:38,831,jd1709,XDCE,3922,3918,3929,3714,145679640,163188,162776,4142,3748,3945,3926,0,3918,0,0,0,2017-04-13,32438831,3921,47,0,0,0,0,0,0,0,0,3922,33,0,0,0,0,0,0,0,0
79,2017-04-13,09:00:39,344,jd1709,XDCE,3922,3918,3929,3888,152503900,163348,162776,4142,3748,3945,3926,0,3918,0,0,0,2017-04-13,32439344,3921,43,0,0,0,0,0,0,0,0,3922,158,0,0,0,0,0,0,0,0
80,2017-04-13,09:00:39,712,jd1709,XDCE,3922,3918,3929,3966,155562820,163372,162776,4142,3748,3945,3926,0,3918,0,0,0,2017-04-13,32439712,3921,31,0,0,0,0,0,0,0,0,3922,131,0,0,0,0,0,0,0,0
81,2017-04-13,09:00:40,375,jd1709,XDCE,3921,3918,3929,3982,156190180,163386,162776,4142,3748,3945,3926,0,3918,0,0,0,2017-04-13,32440375,3921,23,0,0,0,0,0,0,0,0,3922,131,0,0,0,0,0,0,0,0
82,2017-04-13,09:00:40,847,jd1709,XDCE,3921,3918,3929,4046,158699700,163410,162776,4142,3748,3945,3926,0,3918,0,0,0,2017-04-13,32440847,3920,36,0,0,0,0,0,0,0,0,3921,10,0,0,0,0,0,0,0,0
83,2017-04-13,09:00:41,199,jd1709,XDCE,3921,3918,3929,4052,158934960,163410,162776,4142,3748,3945,3926,0,3918,0,0,0,2017-04-13,32441199,3920,48,0,0,0,0,0,0,0,0,3921,10,0,0,0,0,0,0,0,0
84,2017-04-13,09:00:41,874,jd1709,XDCE,3922,3918,3929,4072,159719180,163400,162776,4142,3748,3945,3926,0,3918,0,0,0,2017-04-13,32441874,3920,48,0,0,0,0,0,0,0,0,3921,20,0,0,0,0,0,0,0,0
85,2017-04-13,09:00:42,340,jd1709,XDCE,3921,3918,3929,4096,160660220,163394,162776,4142,3748,3945,3926,0,3918,0,0,0,2017-04-13,32442340,3920,47,0,0,0,0,0,0,0,0,3921,21,0,0,0,0,0,0,0,0
86,2017-04-13,09:00:42,833,jd1709,XDCE,3920,3918,3929,4192,164423560,163466,162776,4142,3748,3945,3926,0,3918,0,0,0,2017-04-13,32442833,3920,6,0,0,0,0,0,0,0,0,3921,17,0,0,0,0,0,0,0,0
87,2017-04-13,09:00:43,375,jd1709,XDCE,3920,3918,3929,4252,166775260,163520,162776,4142,3748,3945,3926,0,3918,0,0,0,2017-04-13,32443375,3920,3,0,0,0,0,0,0,0,0,3921,18,0,0,0,0,0,0,0,0
88,2017-04-13,09:00:43,840,jd1709,XDCE,3920,3918,3929,4294,168421960,163530,162776,4142,3748,3945,3926,0,3918,0,0,0,2017-04-13,32443840,3919,19,0,0,0,0,0,0,0,0,3920,23,0,0,0,0,0,0,0,0
89,2017-04-13,09:00:44,328,jd1709,XDCE,3920,3918,3929,4340,170225160,163532,162776,4142,3748,3945,3926,0,3918,0,0,0,2017-04-13,32444328,3920,7,0,0,0,0,0,0,0,0,3921,6,0,0,0,0,0,0,0,0
90,2017-04-13,09:00:44,855,jd1709,XDCE,3921,3918,3929,4352,170695680,163532,162776,4142,3748,3945,3926,0,3918,0,0,0,2017-04-13,32444855,3921,13,0,0,0,0,0,0,0,0,3922,127,0,0,0,0,0,0,0,0
91,2017-04-13,09:00:45,330,jd1709,XDCE,3921,3918,3929,4374,171558380,163546,162776,4142,3748,3945,3926,0,3918,0,0,0,2017-04-13,32445330,3921,6,0,0,0,0,0,0,0,0,3922,123,0,0,0,0,0,0,0,0
92,2017-04-13,09:00:45,816,jd1709,XDCE,3921,3918,3929,4374,171558380,163546,162776,4142,3748,3945,3926,0,3918,0,0,0,2017-04-13,32445816,3921,7,0,0,0,0,0,0,0,0,3922,123,0,0,0,0,0,0,0,0
93,2017-04-13,09:00:46,332,jd1709,XDCE,3922,3918,3929,4386,172028980,163558,162776,4142,3748,3945,3926,0,3918,0,0,0,2017-04-13,32446332,3921,5,0,0,0,0,0,0,0,0,3922,119,0,0,0,0,0,0,0,0
94,2017-04-13,09:00:46,825,jd1709,XDCE,3921,3918,3929,4388,172107400,163560,162776,4142,3748,3945,3926,0,3918,0,0,0,2017-04-13,32446825,3921,5,0,0,0,0,0,0,0,0,3922,119,0,0,0,0,0,0,0,0
95,2017-04-13,09:00:47,363,jd1709,XDCE,3921,3918,3929,4398,172499520,163570,162776,4142,3748,3945,3926,0,3918,0,0,0,2017-04-13,32447363,3921,1,0,0,0,0,0,0,0,0,3922,118,0,0,0,0,0,0,0,0
96,2017-04-13,09:00:48,374,jd1709,XDCE,3922,3918,3929,4416,173205400,163580,162776,4142,3748,3945,3926,0,3918,0,0,0,2017-04-13,32448374,3921,3,0,0,0,0,0,0,0,0,3922,108,0,0,0,0,0,0,0,0
97,2017-04-13,09:00:48,858,jd1709,XDCE,3921,3918,3929,4424,173519100,163588,162776,4142,3748,3945,3926,0,3918,0,0,0,2017-04-13,32448858,3920,58,0,0,0,0,0,0,0,0,3921,7,0,0,0,0,0,0,0,0
98,2017-04-13,09:00:49,373,jd1709,XDCE,3921,3918,3929,4426,173597520,163590,162776,4142,3748,3945,3926,0,3918,0,0,0,2017-04-13,32449373,3920,61,0,0,0,0,0,0,0,0,3921,6,0,0,0,0,0,0,0,0
99,2017-04-13,09:00:49,768,jd1709,XDCE,3922,3918,3929,4446,174381800,163600,162776,4142,3748,3945,3926,0,3918,0,0,0,2017-04-13,32449768,3921,8,0,0,0,0,0,0,0,0,3922,103,0,0,0,0,0,0,0,0
100,2017-04-13,09:00:50,371,jd1709,XDCE,3921,3918,3929,4448,174460220,163600,162776,4142,3748,3945,3926,0,3918,0,0,0,2017-04-13,32450371,3921,15,0,0,0,0,0,0,0,0,3922,103,0,0,0,0,0,0,0,0
101,2017-04-13,09:00:50,859,jd1709,XDCE,3923,3918,3929,4682,183637980,163824,162776,4142,3748,3945,3926,0,3918,0,0,0,2017-04-13,32450859,3923,43,0,0,0,0,0,0,0,0,3924,9,0,0,0,0,0,0,0,0
102,2017-04-13,09:00:51,364,jd1709,XDCE,3924,3918,3929,4710,184736680,163820,162776,4142,3748,3945,3926,0,3918,0,0,0,2017-04-13,32451364,3924,42,0,0,0,0,0,0,0,0,3925,14,0,0,0,0,0,0,0,0
103,2017-04-13,09:00:51,832,jd1709,XDCE,3926,3918,3929,4794,188034160,163838,162776,4142,3748,3945,3926,0,3918,0,0,0,2017-04-13,32451832,3926,3,0,0,0,0,0,0,0,0,3927,34,0,0,0,0,0,0,0,0
104,2017-04-13,09:00:52,370,jd1709,XDCE,3927,3918,3929,4806,188505320,163848,162776,4142,3748,3945,3926,0,3918,0,0,0,2017-04-13,32452370,3926,17,0,0,0,0,0,0,0,0,3927,32,0,0,0,0,0,0,0,0
105,2017-04-13,09:00:52,841,jd1709,XDCE,3927,3918,3929,4830,189447800,163858,162776,4142,3748,3945,3926,0,3918,0,0,0,2017-04-13,32452841,3926,17,0,0,0,0,0,0,0,0,3927,20,0,0,0,0,0,0,0,0
106,2017-04-13,09:00:53,375,jd1709,XDCE,3927,3918,3929,4872,191097120,163872,162776,4142,3748,3945,3926,0,3918,0,0,0,2017-04-13,32453375,3927,6,0,0,0,0,0,0,0,0,3928,27,0,0,0,0,0,0,0,0
107,2017-04-13,09:00:53,859,jd1709,XDCE,3928,3918,3929,4936,193610780,163860,162776,4142,3748,3945,3926,0,3918,0,0,0,2017-04-13,32453859,3925,13,0,0,0,0,0,0,0,0,3928,5,0,0,0,0,0,0,0,0
108,2017-04-13,09:00:54,832,jd1709,XDCE,3927,3918,3929,4942,193846340,163862,162776,4142,3748,3945,3926,0,3918,0,0,0,2017-04-13,32454832,3925,22,0,0,0,0,0,0,0,0,3927,8,0,0,0,0,0,0,0,0
109,2017-04-13,09:00:55,362,jd1709,XDCE,3927,3918,3929,4946,194003420,163866,162776,4142,3748,3945,3926,0,3918,0,0,0,2017-04-13,32455362,3925,22,0,0,0,0,0,0,0,0,3927,7,0,0,0,0,0,0,0,0
110,2017-04-13,09:00:55,864,jd1709,XDCE,3927,3918,3929,4950,194160500,163870,162776,4142,3748,3945,3926,0,3918,0,0,0,2017-04-13,32455864,3925,22,0,0,0,0,0,0,0,0,3927,5,0,0,0,0,0,0,0,0
111,2017-04-13,09:00:56,332,jd1709,XDCE,3927,3918,3929,4956,194396080,163872,162776,4142,3748,3945,3926,0,3918,0,0,0,2017-04-13,32456332,3925,21,0,0,0,0,0,0,0,0,3927,3,0,0,0,0,0,0,0,0
112,2017-04-13,09:00:56,839,jd1709,XDCE,3927,3918,3929,4960,194553160,163876,162776,4142,3748,3945,3926,0,3918,0,0,0,2017-04-13,32456839,3927,4,0,0,0,0,0,0,0,0,3928,38,0,0,0,0,0,0,0,0
113,2017-04-13,09:00:57,331,jd1709,XDCE,3927,3918,3929,4968,194867320,163876,162776,4142,3748,3945,3926,0,3918,0,0,0,2017-04-13,32457331,3925,13,0,0,0,0,0,0,0,0,3927,15,0,0,0,0,0,0,0,0
114,2017-04-13,09:00:57,838,jd1709,XDCE,3927,3918,3929,4968,194867320,163876,162776,4142,3748,3945,3926,0,3918,0,0,0,2017-04-13,32457838,3925,13,0,0,0,0,0,0,0,0,3926,18,0,0,0,0,0,0,0,0
115,2017-04-13,09:00:58,363,jd1709,XDCE,3927,3918,3929,4974,195102940,163882,162776,4142,3748,3945,3926,0,3918,0,0,0,2017-04-13,32458363,3925,18,0,0,0,0,0,0,0,0,3926,15,0,0,0,0,0,0,0,0
116,2017-04-13,09:00:59,365,jd1709,XDCE,3927,3918,3929,5010,196516380,163912,162776,4142,3748,3945,3926,0,3918,0,0,0,2017-04-13,32459365,3927,1,0,0,0,0,0,0,0,0,3928,37,0,0,0,0,0,0,0,0
117,2017-04-13,09:00:59,708,jd1709,XDCE,3927,3918,3929,5014,196673460,163916,162776,4142,3748,3945,3926,0,3918,0,0,0,2017-04-13,32459708,3926,5,0,0,0,0,0,0,0,0,3927,1,0,0,0,0,0,0,0,0
118,2017-04-13,09:01:00,334,jd1709,XDCE,3927,3918,3929,5020,196909100,163918,162776,4142,3748,3945,3926,0,3918,0,0,0,2017-04-13,32460334,3926,6,0,0,0,0,0,0,0,0,3927,19,0,0,0,0,0,0,0,0
119,2017-04-13,09:01:00,861,jd1709,XDCE,3926,3918,3929,5038,197615780,163924,162776,4142,3748,3945,3926,0,3918,0,0,0,2017-04-13,32460861,3925,17,0,0,0,0,0,0,0,0,3926,11,0,0,0,0,0,0,0,0
120,2017-04-13,09:01:01,171,jd1709,XDCE,3926,3918,3929,5038,197615780,163924,162776,4142,3748,3945,3926,0,3918,0,0,0,2017-04-13,32461171,3925,17,0,0,0,0,0,0,0,0,3926,15,0,0,0,0,0,0,0,0
121,2017-04-13,09:01:01,864,jd1709,XDCE,3925,3918,3929,5078,199185780,163934,162776,4142,3748,3945,3926,0,3918,0,0,0,2017-04-13,32461864,3924,14,0,0,0,0,0,0,0,0,3926,15,0,0,0,0,0,0,0,0
122,2017-04-13,09:01:02,336,jd1709,XDCE,3925,3918,3929,5088,199578260,163928,162776,4142,3748,3945,3926,0,3918,0,0,0,2017-04-13,32462336,3924,14,0,0,0,0,0,0,0,0,3926,18,0,0,0,0,0,0,0,0
123,2017-04-13,09:01:02,764,jd1709,XDCE,3926,3918,3929,5096,199892240,163926,162776,4142,3748,3945,3926,0,3918,0,0,0,2017-04-13,32462764,3924,12,0,0,0,0,0,0,0,0,3926,17,0,0,0,0,0,0,0,0
124,2017-04-13,09:01:03,367,jd1709,XDCE,3925,3918,3929,5100,200049220,163928,162776,4142,3748,3945,3926,0,3918,0,0,0,2017-04-13,32463367,3924,11,0,0,0,0,0,0,0,0,3925,54,0,0,0,0,0,0,0,0
125,2017-04-13,09:01:03,861,jd1709,XDCE,3924,3918,3929,5132,201305000,163920,162776,4142,3748,3945,3926,0,3918,0,0,0,2017-04-13,32463861,3923,13,0,0,0,0,0,0,0,0,3924,11,0,0,0,0,0,0,0,0
126,2017-04-13,09:01:04,329,jd1709,XDCE,3924,3918,3929,5140,201618880,163926,162776,4142,3748,3945,3926,0,3918,0,0,0,2017-04-13,32464329,3923,14,0,0,0,0,0,0,0,0,3924,9,0,0,0,0,0,0,0,0
127,2017-04-13,09:01:04,783,jd1709,XDCE,3924,3918,3929,5190,203581120,163950,162776,4142,3748,3945,3926,0,3918,0,0,0,2017-04-13,32464783,3924,4,0,0,0,0,0,0,0,0,3925,50,0,0,0,0,0,0,0,0
128,2017-04-13,09:01:05,332,jd1709,XDCE,3925,3918,3929,5232,205229620,163908,162776,4142,3748,3945,3926,0,3918,0,0,0,2017-04-13,32465332,3924,5,0,0,0,0,0,0,0,0,3925,25,0,0,0,0,0,0,0,0
129,2017-04-13,09:01:05,831,jd1709,XDCE,3924,3918,3929,5246,205779000,163916,162776,4142,3748,3945,3926,0,3918,0,0,0,2017-04-13,32465831,3924,8,0,0,0,0,0,0,0,0,3925,24,0,0,0,0,0,0,0,0
130,2017-04-13,09:01:06,345,jd1709,XDCE,3924,3918,3929,5256,206171400,163920,162776,4142,3748,3945,3926,0,3918,0,0,0,2017-04-13,32466345,3923,13,0,0,0,0,0,0,0,0,3924,2,0,0,0,0,0,0,0,0
131,2017-04-13,09:01:06,635,jd1709,XDCE,3924,3918,3929,5260,206328360,163918,162776,4142,3748,3945,3926,0,3918,0,0,0,2017-04-13,32466635,3924,7,0,0,0,0,0,0,0,0,3925,23,0,0,0,0,0,0,0,0
132,2017-04-13,09:01:07,322,jd1709,XDCE,3924,3918,3929,5260,206328360,163918,162776,4142,3748,3945,3926,0,3918,0,0,0,2017-04-13,32467322,3924,11,0,0,0,0,0,0,0,0,3925,24,0,0,0,0,0,0,0,0
133,2017-04-13,09:01:08,330,jd1709,XDCE,3924,3918,3929,5272,206799280,163926,162776,4142,3748,3945,3926,0,3918,0,0,0,2017-04-13,32468330,3924,7,0,0,0,0,0,0,0,0,3925,22,0,0,0,0,0,0,0,0
134,2017-04-13,09:01:08,826,jd1709,XDCE,3924,3918,3929,5288,207427240,163916,162776,4142,3748,3945,3926,0,3918,0,0,0,2017-04-13,32468826,3924,9,0,0,0,0,0,0,0,0,3925,16,0,0,0,0,0,0,0,0
135,2017-04-13,09:01:09,348,jd1709,XDCE,3924,3918,3929,5290,207505720,163918,162776,4142,3748,3945,3926,0,3918,0,0,0,2017-04-13,32469348,3924,19,0,0,0,0,0,0,0,0,3925,17,0,0,0,0,0,0,0,0
136,2017-04-13,09:01:09,762,jd1709,XDCE,3924,3918,3929,5302,207976600,163920,162776,4142,3748,3945,3926,0,3918,0,0,0,2017-04-13,32469762,3924,22,0,0,0,0,0,0,0,0,3925,17,0,0,0,0,0,0,0,0
137,2017-04-13,09:01:10,363,jd1709,XDCE,3924,3918,3929,5338,209389240,163936,162776,4142,3748,3945,3926,0,3918,0,0,0,2017-04-13,32470363,3924,16,0,0,0,0,0,0,0,0,3925,17,0,0,0,0,0,0,0,0
138,2017-04-13,09:01:10,839,jd1709,XDCE,3924,3918,3929,5340,209467720,163938,162776,4142,3748,3945,3926,0,3918,0,0,0,2017-04-13,32470839,3924,15,0,0,0,0,0,0,0,0,3925,13,0,0,0,0,0,0,0,0
139,2017-04-13,09:01:11,332,jd1709,XDCE,3924,3918,3929,5380,211037420,163968,162776,4142,3748,3945,3926,0,3918,0,0,0,2017-04-13,32471332,3923,14,0,0,0,0,0,0,0,0,3924,15,0,0,0,0,0,0,0,0
140,2017-04-13,09:01:11,836,jd1709,XDCE,3924,3918,3929,5386,211272860,163972,162776,4142,3748,3945,3926,0,3918,0,0,0,2017-04-13,32471836,3923,14,0,0,0,0,0,0,0,0,3924,20,0,0,0,0,0,0,0,0
141,2017-04-13,09:01:12,314,jd1709,XDCE,3924,3918,3929,5400,211822220,163986,162776,4142,3748,3945,3926,0,3918,0,0,0,2017-04-13,32472314,3923,17,0,0,0,0,0,0,0,0,3924,15,0,0,0,0,0,0,0,0
142,2017-04-13,09:01:12,662,jd1709,XDCE,3924,3918,3929,5400,211822220,163986,162776,4142,3748,3945,3926,0,3918,0,0,0,2017-04-13,32472662,3923,18,0,0,0,0,0,0,0,0,3924,17,0,0,0,0,0,0,0,0
143,2017-04-13,09:01:14,375,jd1709,XDCE,3924,3918,3929,5420,212607020,164000,162776,4142,3748,3945,3926,0,3918,0,0,0,2017-04-13,32474375,3923,18,0,0,0,0,0,0,0,0,3924,7,0,0,0,0,0,0,0,0
144,2017-04-13,09:01:14,677,jd1709,XDCE,3924,3918,3929,5434,213156380,164008,162776,4142,3748,3945,3926,0,3918,0,0,0,2017-04-13,32474677,3924,28,0,0,0,0,0,0,0,0,3925,10,0,0,0,0,0,0,0,0
145,2017-04-13,09:01:15,55,jd1709,XDCE,3924,3918,3929,5448,213705740,164012,162776,4142,3748,3945,3926,0,3918,0,0,0,2017-04-13,32475055,3924,21,0,0,0,0,0,0,0,0,3925,10,0,0,0,0,0,0,0,0
146,2017-04-13,09:01:15,729,jd1709,XDCE,3925,3918,3929,5458,214098240,164018,162776,4142,3748,3945,3926,0,3918,0,0,0,2017-04-13,32475729,3924,26,0,0,0,0,0,0,0,0,3925,5,0,0,0,0,0,0,0,0
147,2017-04-13,09:01:16,340,jd1709,XDCE,3924,3918,3929,5494,215510880,164052,162776,4142,3748,3945,3926,0,3918,0,0,0,2017-04-13,32476340,3924,8,0,0,0,0,0,0,0,0,3925,5,0,0,0,0,0,0,0,0
148,2017-04-13,09:01:16,839,jd1709,XDCE,3925,3918,3929,5500,215746380,164050,162776,4142,3748,3945,3926,0,3918,0,0,0,2017-04-13,32476839,3924,9,0,0,0,0,0,0,0,0,3925,2,0,0,0,0,0,0,0,0
149,2017-04-13,09:01:17,331,jd1709,XDCE,3925,3918,3929,5504,215903380,164052,162776,4142,3748,3945,3926,0,3918,0,0,0,2017-04-13,32477331,3925,12,0,0,0,0,0,0,0,0,3926,13,0,0,0,0,0,0,0,0
150,2017-04-13,09:01:18,569,jd1709,XDCE,3925,3918,3929,5506,215981880,164054,162776,4142,3748,3945,3926,0,3918,0,0,0,2017-04-13,32478569,3925,11,0,0,0,0,0,0,0,0,3926,12,0,0,0,0,0,0,0,0
151,2017-04-13,09:01:19,837,jd1709,XDCE,3926,3918,3929,5530,216924120,164038,162776,4142,3748,3945,3926,0,3918,0,0,0,2017-04-13,32479837,3926,8,0,0,0,0,0,0,0,0,3927,12,0,0,0,0,0,0,0,0
152,2017-04-13,09:01:20,340,jd1709,XDCE,3926,3918,3929,5546,217552280,164038,162776,4142,3748,3945,3926,0,3918,0,0,0,2017-04-13,32480340,3925,11,0,0,0,0,0,0,0,0,3926,18,0,0,0,0,0,0,0,0
153,2017-04-13,09:01:20,849,jd1709,XDCE,3926,3918,3929,5584,219044160,164044,162776,4142,3748,3945,3926,0,3918,0,0,0,2017-04-13,32480849,3926,31,0,0,0,0,0,0,0,0,3927,9,0,0,0,0,0,0,0,0
154,2017-04-13,09:01:21,240,jd1709,XDCE,3926,3918,3929,5584,219044160,164044,162776,4142,3748,3945,3926,0,3918,0,0,0,2017-04-13,32481240,3926,32,0,0,0,0,0,0,0,0,3927,9,0,0,0,0,0,0,0,0
155,2017-04-13,09:01:21,833,jd1709,XDCE,3926,3918,3929,5588,219201200,164046,162776,4142,3748,3945,3926,0,3918,0,0,0,2017-04-13,32481833,3926,30,0,0,0,0,0,0,0,0,3927,9,0,0,0,0,0,0,0,0
156,2017-04-13,09:01:22,332,jd1709,XDCE,3926,3918,3929,5636,221085680,164094,162776,4142,3748,3945,3926,0,3918,0,0,0,2017-04-13,32482332,3926,6,0,0,0,0,0,0,0,0,3927,12,0,0,0,0,0,0,0,0
157,2017-04-13,09:01:22,868,jd1709,XDCE,3927,3918,3929,5672,222499280,164094,162776,4142,3748,3945,3926,0,3918,0,0,0,2017-04-13,32482868,3925,24,0,0,0,0,0,0,0,0,3927,3,0,0,0,0,0,0,0,0
158,2017-04-13,09:01:23,225,jd1709,XDCE,3927,3918,3929,5676,222656360,164090,162776,4142,3748,3945,3926,0,3918,0,0,0,2017-04-13,32483225,3926,4,0,0,0,0,0,0,0,0,3927,1,0,0,0,0,0,0,0,0
159,2017-04-13,09:01:23,549,jd1709,XDCE,3926,3918,3929,5678,222734880,164092,162776,4142,3748,3945,3926,0,3918,0,0,0,2017-04-13,32483549,3926,3,0,0,0,0,0,0,0,0,3927,1,0,0,0,0,0,0,0,0
160,2017-04-13,09:01:24,328,jd1709,XDCE,3926,3918,3929,5678,222734880,164092,162776,4142,3748,3945,3926,0,3918,0,0,0,2017-04-13,32484328,3926,3,0,0,0,0,0,0,0,0,3927,3,0,0,0,0,0,0,0,0
161,2017-04-13,09:01:24,835,jd1709,XDCE,3926,3918,3929,5690,223206020,164090,162776,4142,3748,3945,3926,0,3918,0,0,0,2017-04-13,32484835,3926,7,0,0,0,0,0,0,0,0,3927,2,0,0,0,0,0,0,0,0
162,2017-04-13,09:01:25,370,jd1709,XDCE,3926,3918,3929,5730,224776420,164106,162776,4142,3748,3945,3926,0,3918,0,0,0,2017-04-13,32485370,3925,33,0,0,0,0,0,0,0,0,3926,12,0,0,0,0,0,0,0,0
163,2017-04-13,09:01:25,852,jd1709,XDCE,3926,3918,3929,5732,224854940,164108,162776,4142,3748,3945,3926,0,3918,0,0,0,2017-04-13,32485852,3925,33,0,0,0,0,0,0,0,0,3926,11,0,0,0,0,0,0,0,0
164,2017-04-13,09:01:26,831,jd1709,XDCE,3927,3918,3929,5764,226111340,164124,162776,4142,3748,3945,3926,0,3918,0,0,0,2017-04-13,32486831,3927,46,0,0,0,0,0,0,0,0,3928,11,0,0,0,0,0,0,0,0
165,2017-04-13,09:01:27,344,jd1709,XDCE,3928,3918,3929,5768,226268460,164126,162776,4142,3748,3945,3926,0,3918,0,0,0,2017-04-13,32487344,3927,46,0,0,0,0,0,0,0,0,3928,10,0,0,0,0,0,0,0,0
166,2017-04-13,09:01:27,828,jd1709,XDCE,3928,3918,3929,5768,226268460,164126,162776,4142,3748,3945,3926,0,3918,0,0,0,2017-04-13,32487828,3927,46,0,0,0,0,0,0,0,0,3928,11,0,0,0,0,0,0,0,0
167,2017-04-13,09:01:28,328,jd1709,XDCE,3927,3918,3929,5804,227682180,164126,162776,4142,3748,3945,3926,0,3918,0,0,0,2017-04-13,32488328,3927,28,0,0,0,0,0,0,0,0,3928,13,0,0,0,0,0,0,0,0
168,2017-04-13,09:01:28,756,jd1709,XDCE,3927,3918,3929,5818,228232000,164126,162776,4142,3748,3945,3926,0,3918,0,0,0,2017-04-13,32488756,3927,24,0,0,0,0,0,0,0,0,3928,21,0,0,0,0,0,0,0,0
169,2017-04-13,09:01:29,358,jd1709,XDCE,3927,3918,3929,5866,230116960,164128,162776,4142,3748,3945,3926,0,3918,0,0,0,2017-04-13,32489358,3926,6,0,0,0,0,0,0,0,0,3927,9,0,0,0,0,0,0,0,0
170,2017-04-13,09:01:29,732,jd1709,XDCE,3926,3918,3929,5884,230823660,164120,162776,4142,3748,3945,3926,0,3918,0,0,0,2017-04-13,32489732,3925,37,0,0,0,0,0,0,0,0,3926,2,0,0,0,0,0,0,0,0
171,2017-04-13,09:01:30,329,jd1709,XDCE,3926,3918,3929,5888,230980700,164120,162776,4142,3748,3945,3926,0,3918,0,0,0,2017-04-13,32490329,3926,4,0,0,0,0,0,0,0,0,3927,11,0,0,0,0,0,0,0,0
172,2017-04-13,09:01:31,830,jd1709,XDCE,3926,3918,3929,5888,230980700,164120,162776,4142,3748,3945,3926,0,3918,0,0,0,2017-04-13,32491830,3926,19,0,0,0,0,0,0,0,0,3927,11,0,0,0,0,0,0,0,0
173,2017-04-13,09:01:32,314,jd1709,XDCE,3926,3918,3929,5888,230980700,164120,162776,4142,3748,3945,3926,0,3918,0,0,0,2017-04-13,32492314,3926,20,0,0,0,0,0,0,0,0,3927,11,0,0,0,0,0,0,0,0
174,2017-04-13,09:01:32,792,jd1709,XDCE,3927,3918,3929,5892,231137780,164124,162776,4142,3748,3945,3926,0,3918,0,0,0,2017-04-13,32492792,3926,20,0,0,0,0,0,0,0,0,3927,9,0,0,0,0,0,0,0,0
175,2017-04-13,09:01:33,351,jd1709,XDCE,3926,3918,3929,5906,231687520,164134,162776,4142,3748,3945,3926,0,3918,0,0,0,2017-04-13,32493351,3926,20,0,0,0,0,0,0,0,0,3927,6,0,0,0,0,0,0,0,0
176,2017-04-13,09:01:34,330,jd1709,XDCE,3926,3918,3929,5946,233257920,164168,162776,4142,3748,3945,3926,0,3918,0,0,0,2017-04-13,32494330,3925,38,0,0,0,0,0,0,0,0,3926,2,0,0,0,0,0,0,0,0
177,2017-04-13,09:01:34,840,jd1709,XDCE,3926,3918,3929,5948,233336440,164170,162776,4142,3748,3945,3926,0,3918,0,0,0,2017-04-13,32494840,3925,38,0,0,0,0,0,0,0,0,3926,1,0,0,0,0,0,0,0,0
178,2017-04-13,09:01:35,221,jd1709,XDCE,3926,3918,3929,5954,233572000,164176,162776,4142,3748,3945,3926,0,3918,0,0,0,2017-04-13,32495221,3926,17,0,0,0,0,0,0,0,0,3927,7,0,0,0,0,0,0,0,0
179,2017-04-13,09:01:35,847,jd1709,XDCE,3927,3918,3929,5962,233886140,164176,162776,4142,3748,3945,3926,0,3918,0,0,0,2017-04-13,32495847,3926,32,0,0,0,0,0,0,0,0,3927,4,0,0,0,0,0,0,0,0
180,2017-04-13,09:01:36,335,jd1709,XDCE,3927,3918,3929,5970,234200300,164176,162776,4142,3748,3945,3926,0,3918,0,0,0,2017-04-13,32496335,3926,39,0,0,0,0,0,0,0,0,3928,21,0,0,0,0,0,0,0,0
181,2017-04-13,09:01:36,734,jd1709,XDCE,3926,3918,3929,5972,234278820,164178,162776,4142,3748,3945,3926,0,3918,0,0,0,2017-04-13,32496734,3927,3,0,0,0,0,0,0,0,0,3928,21,0,0,0,0,0,0,0,0
182,2017-04-13,09:01:37,373,jd1709,XDCE,3926,3918,3929,6030,236556040,164232,162776,4142,3748,3945,3926,0,3918,0,0,0,2017-04-13,32497373,3926,10,0,0,0,0,0,0,0,0,3927,27,0,0,0,0,0,0,0,0
183,2017-04-13,09:01:37,741,jd1709,XDCE,3926,3918,3929,6030,236556040,164232,162776,4142,3748,3945,3926,0,3918,0,0,0,2017-04-13,32497741,3926,12,0,0,0,0,0,0,0,0,3927,27,0,0,0,0,0,0,0,0
184,2017-04-13,09:01:38,349,jd1709,XDCE,3926,3918,3929,6032,236634560,164234,162776,4142,3748,3945,3926,0,3918,0,0,0,2017-04-13,32498349,3926,11,0,0,0,0,0,0,0,0,3927,27,0,0,0,0,0,0,0,0
185,2017-04-13,09:01:38,795,jd1709,XDCE,3927,3918,3929,6034,236713100,164234,162776,4142,3748,3945,3926,0,3918,0,0,0,2017-04-13,32498795,3926,12,0,0,0,0,0,0,0,0,3927,26,0,0,0,0,0,0,0,0
186,2017-04-13,09:01:39,302,jd1709,XDCE,3926,3918,3929,6036,236791620,164232,162776,4142,3748,3945,3926,0,3918,0,0,0,2017-04-13,32499302,3926,11,0,0,0,0,0,0,0,0,3927,27,0,0,0,0,0,0,0,0
187,2017-04-13,09:01:40,336,jd1709,XDCE,3926,3918,3929,6040,236948680,164234,162776,4142,3748,3945,3926,0,3918,0,0,0,2017-04-13,32500336,3926,12,0,0,0,0,0,0,0,0,3927,47,0,0,0,0,0,0,0,0
188,2017-04-13,09:01:40,858,jd1709,XDCE,3927,3918,3929,6044,237105760,164238,162776,4142,3748,3945,3926,0,3918,0,0,0,2017-04-13,32500858,3926,12,0,0,0,0,0,0,0,0,3927,45,0,0,0,0,0,0,0,0
189,2017-04-13,09:01:41,340,jd1709,XDCE,3927,3918,3929,6054,237498460,164248,162776,4142,3748,3945,3926,0,3918,0,0,0,2017-04-13,32501340,3926,12,0,0,0,0,0,0,0,0,3927,40,0,0,0,0,0,0,0,0
190,2017-04-13,09:01:41,638,jd1709,XDCE,3927,3918,3929,6054,237498460,164248,162776,4142,3748,3945,3926,0,3918,0,0,0,2017-04-13,32501638,3926,13,0,0,0,0,0,0,0,0,3927,40,0,0,0,0,0,0,0,0
191,2017-04-13,09:01:42,333,jd1709,XDCE,3926,3918,3929,6056,237576980,164248,162776,4142,3748,3945,3926,0,3918,0,0,0,2017-04-13,32502333,3926,13,0,0,0,0,0,0,0,0,3927,40,0,0,0,0,0,0,0,0
192,2017-04-13,09:01:42,833,jd1709,XDCE,3926,3918,3929,6104,239461560,164274,162776,4142,3748,3945,3926,0,3918,0,0,0,2017-04-13,32502833,3925,46,0,0,0,0,0,0,0,0,3926,9,0,0,0,0,0,0,0,0
193,2017-04-13,09:01:43,121,jd1709,XDCE,3926,3918,3929,6106,239540080,164276,162776,4142,3748,3945,3926,0,3918,0,0,0,2017-04-13,32503121,3925,46,0,0,0,0,0,0,0,0,3926,37,0,0,0,0,0,0,0,0
194,2017-04-13,09:01:43,871,jd1709,XDCE,3926,3918,3929,6106,239540080,164276,162776,4142,3748,3945,3926,0,3918,0,0,0,2017-04-13,32503871,3925,47,0,0,0,0,0,0,0,0,3926,38,0,0,0,0,0,0,0,0
195,2017-04-13,09:01:44,840,jd1709,XDCE,3926,3918,3929,6110,239697120,164278,162776,4142,3748,3945,3926,0,3918,0,0,0,2017-04-13,32504840,3925,48,0,0,0,0,0,0,0,0,3926,37,0,0,0,0,0,0,0,0
196,2017-04-13,09:01:45,352,jd1709,XDCE,3925,3918,3929,6168,241974120,164268,162776,4142,3748,3945,3926,0,3918,0,0,0,2017-04-13,32505352,3925,47,0,0,0,0,0,0,0,0,3927,40,0,0,0,0,0,0,0,0
197,2017-04-13,09:01:45,874,jd1709,XDCE,3926,3918,3929,6194,242994640,164258,162776,4142,3748,3945,3926,0,3918,0,0,0,2017-04-13,32505874,3925,27,0,0,0,0,0,0,0,0,3927,45,0,0,0,0,0,0,0,0
198,2017-04-13,09:01:46,88,jd1709,XDCE,3926,3918,3929,6194,242994640,164258,162776,4142,3748,3945,3926,0,3918,0,0,0,2017-04-13,32506088,3925,27,0,0,0,0,0,0,0,0,3926,7,0,0,0,0,0,0,0,0
199,2017-04-13,09:01:46,734,jd1709,XDCE,3926,3918,3929,6194,242994640,164258,162776,4142,3748,3945,3926,0,3918,0,0,0,2017-04-13,32506734,3925,28,0,0,0,0,0,0,0,0,3926,7,0,0,0,0,0,0,0,0
200,2017-04-13,09:01:47,127,jd1709,XDCE,3926,3918,3929,6198,243151680,164260,162776,4142,3748,3945,3926,0,3918,0,0,0,2017-04-13,32507127,3925,28,0,0,0,0,0,0,0,0,3926,5,0,0,0,0,0,0,0,0
201,2017-04-13,09:01:47,835,jd1709,XDCE,3926,3918,3929,6198,243151680,164260,162776,4142,3748,3945,3926,0,3918,0,0,0,2017-04-13,32507835,3925,29,0,0,0,0,0,0,0,0,3926,5,0,0,0,0,0,0,0,0
202,2017-04-13,09:01:48,331,jd1709,XDCE,3926,3918,3929,6198,243151680,164260,162776,4142,3748,3945,3926,0,3918,0,0,0,2017-04-13,32508331,3925,44,0,0,0,0,0,0,0,0,3926,5,0,0,0,0,0,0,0,0
203,2017-04-13,09:01:48,707,jd1709,XDCE,3926,3918,3929,6200,243230200,164262,162776,4142,3748,3945,3926,0,3918,0,0,0,2017-04-13,32508707,3925,44,0,0,0,0,0,0,0,0,3926,4,0,0,0,0,0,0,0,0
204,2017-04-13,09:01:49,314,jd1709,XDCE,3926,3918,3929,6204,243387240,164264,162776,4142,3748,3945,3926,0,3918,0,0,0,2017-04-13,32509314,3925,45,0,0,0,0,0,0,0,0,3926,2,0,0,0,0,0,0,0,0
205,2017-04-13,09:01:49,804,jd1709,XDCE,3925,3918,3929,6234,244564740,164276,162776,4142,3748,3945,3926,0,3918,0,0,0,2017-04-13,32509804,3925,31,0,0,0,0,0,0,0,0,3926,3,0,0,0,0,0,0,0,0
206,2017-04-13,09:01:50,328,jd1709,XDCE,3925,3918,3929,6246,245035780,164280,162776,4142,3748,3945,3926,0,3918,0,0,0,2017-04-13,32510328,3925,29,0,0,0,0,0,0,0,0,3926,4,0,0,0,0,0,0,0,0
207,2017-04-13,09:01:50,847,jd1709,XDCE,3925,3918,3929,6248,245114280,164280,162776,4142,3748,3945,3926,0,3918,0,0,0,2017-04-13,32510847,3925,29,0,0,0,0,0,0,0,0,3926,5,0,0,0,0,0,0,0,0
208,2017-04-13,09:01:51,289,jd1709,XDCE,3925,3918,3929,6250,245192780,164280,162776,4142,3748,3945,3926,0,3918,0,0,0,2017-04-13,32511289,3925,28,0,0,0,0,0,0,0,0,3926,5,0,0,0,0,0,0,0,0
209,2017-04-13,09:01:51,803,jd1709,XDCE,3926,3918,3929,6252,245271300,164282,162776,4142,3748,3945,3926,0,3918,0,0,0,2017-04-13,32511803,3925,28,0,0,0,0,0,0,0,0,3926,4,0,0,0,0,0,0,0,0
210,2017-04-13,09:01:52,817,jd1709,XDCE,3926,3918,3929,6252,245271300,164282,162776,4142,3748,3945,3926,0,3918,0,0,0,2017-04-13,32512817,3925,29,0,0,0,0,0,0,0,0,3926,4,0,0,0,0,0,0,0,0
211,2017-04-13,09:01:53,830,jd1709,XDCE,3925,3918,3929,6254,245349800,164284,162776,4142,3748,3945,3926,0,3918,0,0,0,2017-04-13,32513830,3925,28,0,0,0,0,0,0,0,0,3926,4,0,0,0,0,0,0,0,0
212,2017-04-13,09:01:54,291,jd1709,XDCE,3925,3918,3929,6254,245349800,164284,162776,4142,3748,3945,3926,0,3918,0,0,0,2017-04-13,32514291,3925,49,0,0,0,0,0,0,0,0,3926,4,0,0,0,0,0,0,0,0
213,2017-04-13,09:01:54,808,jd1709,XDCE,3926,3918,3929,6256,245428320,164284,162776,4142,3748,3945,3926,0,3918,0,0,0,2017-04-13,32514808,3925,49,0,0,0,0,0,0,0,0,3926,3,0,0,0,0,0,0,0,0
214,2017-04-13,09:01:55,334,jd1709,XDCE,3926,3918,3929,6264,245742360,164288,162776,4142,3748,3945,3926,0,3918,0,0,0,2017-04-13,32515334,3925,47,0,0,0,0,0,0,0,0,3926,1,0,0,0,0,0,0,0,0
215,2017-04-13,09:01:55,828,jd1709,XDCE,3926,3918,3929,6268,245899380,164290,162776,4142,3748,3945,3926,0,3918,0,0,0,2017-04-13,32515828,3926,7,0,0,0,0,0,0,0,0,3927,46,0,0,0,0,0,0,0,0
216,2017-04-13,09:01:56,347,jd1709,XDCE,3926,3918,3929,6270,245977900,164290,162776,4142,3748,3945,3926,0,3918,0,0,0,2017-04-13,32516347,3926,7,0,0,0,0,0,0,0,0,3927,46,0,0,0,0,0,0,0,0
217,2017-04-13,09:01:56,758,jd1709,XDCE,3926,3918,3929,6274,246134940,164294,162776,4142,3748,3945,3926,0,3918,0,0,0,2017-04-13,32516758,3926,5,0,0,0,0,0,0,0,0,3927,46,0,0,0,0,0,0,0,0
218,2017-04-13,09:01:57,305,jd1709,XDCE,3926,3918,3929,6288,246684600,164290,162776,4142,3748,3945,3926,0,3918,0,0,0,2017-04-13,32517305,3925,51,0,0,0,0,0,0,0,0,3926,6,0,0,0,0,0,0,0,0
219,2017-04-13,09:01:57,826,jd1709,XDCE,3925,3918,3929,6290,246763100,164290,162776,4142,3748,3945,3926,0,3918,0,0,0,2017-04-13,32517826,3925,50,0,0,0,0,0,0,0,0,3926,6,0,0,0,0,0,0,0,0
220,2017-04-13,09:01:58,579,jd1709,XDCE,3925,3918,3929,6336,248568600,164320,162776,4142,3748,3945,3926,0,3918,0,0,0,2017-04-13,32518579,3925,28,0,0,0,0,0,0,0,0,3926,16,0,0,0,0,0,0,0,0
221,2017-04-13,09:01:59,333,jd1709,XDCE,3926,3918,3929,6340,248725640,164320,162776,4142,3748,3945,3926,0,3918,0,0,0,2017-04-13,32519333,3925,28,0,0,0,0,0,0,0,0,3926,10,0,0,0,0,0,0,0,0
222,2017-04-13,09:01:59,830,jd1709,XDCE,3926,3918,3929,6410,251473240,164368,162776,4142,3748,3945,3926,0,3918,0,0,0,2017-04-13,32519830,3925,1,0,0,0,0,0,0,0,0,3926,5,0,0,0,0,0,0,0,0
223,2017-04-13,09:02:00,314,jd1709,XDCE,3925,3918,3929,6412,251551740,164370,162776,4142,3748,3945,3926,0,3918,0,0,0,2017-04-13,32520314,3924,68,0,0,0,0,0,0,0,0,3925,3,0,0,0,0,0,0,0,0
224,2017-04-13,09:02:00,837,jd1709,XDCE,3925,3918,3929,6422,251944240,164380,162776,4142,3748,3945,3926,0,3918,0,0,0,2017-04-13,32520837,3924,67,0,0,0,0,0,0,0,0,3926,6,0,0,0,0,0,0,0,0
225,2017-04-13,09:02:01,361,jd1709,XDCE,3925,3918,3929,6422,251944240,164380,162776,4142,3748,3945,3926,0,3918,0,0,0,2017-04-13,32521361,3925,5,0,0,0,0,0,0,0,0,3926,6,0,0,0,0,0,0,0,0
226,2017-04-13,09:02:01,772,jd1709,XDCE,3925,3918,3929,6422,251944240,164380,162776,4142,3748,3945,3926,0,3918,0,0,0,2017-04-13,32521772,3925,5,0,0,0,0,0,0,0,0,3926,12,0,0,0,0,0,0,0,0
227,2017-04-13,09:02:02,361,jd1709,XDCE,3925,3918,3929,6422,251944240,164380,162776,4142,3748,3945,3926,0,3918,0,0,0,2017-04-13,32522361,3925,10,0,0,0,0,0,0,0,0,3926,12,0,0,0,0,0,0,0,0
228,2017-04-13,09:02:02,581,jd1709,XDCE,3926,3918,3929,6430,252258320,164374,162776,4142,3748,3945,3926,0,3918,0,0,0,2017-04-13,32522581,3925,13,0,0,0,0,0,0,0,0,3926,40,0,0,0,0,0,0,0,0
229,2017-04-13,09:02:03,364,jd1709,XDCE,3925,3918,3929,6432,252336820,164374,162776,4142,3748,3945,3926,0,3918,0,0,0,2017-04-13,32523364,3925,12,0,0,0,0,0,0,0,0,3926,40,0,0,0,0,0,0,0,0
230,2017-04-13,09:02:03,827,jd1709,XDCE,3926,3918,3929,6436,252493860,164374,162776,4142,3748,3945,3926,0,3918,0,0,0,2017-04-13,32523827,3925,12,0,0,0,0,0,0,0,0,3926,41,0,0,0,0,0,0,0,0
231,2017-04-13,09:02:04,343,jd1709,XDCE,3926,3918,3929,6438,252572380,164376,162776,4142,3748,3945,3926,0,3918,0,0,0,2017-04-13,32524343,3925,12,0,0,0,0,0,0,0,0,3926,40,0,0,0,0,0,0,0,0
232,2017-04-13,09:02:04,874,jd1709,XDCE,3925,3918,3929,6446,252886380,164372,162776,4142,3748,3945,3926,0,3918,0,0,0,2017-04-13,32524874,3925,8,0,0,0,0,0,0,0,0,3926,40,0,0,0,0,0,0,0,0
233,2017-04-13,09:02:05,236,jd1709,XDCE,3925,3918,3929,6452,253121880,164374,162776,4142,3748,3945,3926,0,3918,0,0,0,2017-04-13,32525236,3925,5,0,0,0,0,0,0,0,0,3926,40,0,0,0,0,0,0,0,0
234,2017-04-13,09:02:05,837,jd1709,XDCE,3925,3918,3929,6462,253514380,164374,162776,4142,3748,3945,3926,0,3918,0,0,0,2017-04-13,32525837,3925,1,0,0,0,0,0,0,0,0,3926,41,0,0,0,0,0,0,0,0
235,2017-04-13,09:02:06,359,jd1709,XDCE,3924,3918,3929,6466,253671360,164376,162776,4142,3748,3945,3926,0,3918,0,0,0,2017-04-13,32526359,3924,86,0,0,0,0,0,0,0,0,3926,41,0,0,0,0,0,0,0,0
236,2017-04-13,09:02:06,731,jd1709,XDCE,3926,3918,3929,6474,253985440,164380,162776,4142,3748,3945,3926,0,3918,0,0,0,2017-04-13,32526731,3925,1,0,0,0,0,0,0,0,0,3926,32,0,0,0,0,0,0,0,0
237,2017-04-13,09:02:07,375,jd1709,XDCE,3925,3918,3929,6498,254927480,164396,162776,4142,3748,3945,3926,0,3918,0,0,0,2017-04-13,32527375,3925,4,0,0,0,0,0,0,0,0,3926,30,0,0,0,0,0,0,0,0
238,2017-04-13,09:02:07,852,jd1709,XDCE,3925,3918,3929,6504,255162980,164398,162776,4142,3748,3945,3926,0,3918,0,0,0,2017-04-13,32527852,3925,4,0,0,0,0,0,0,0,0,3926,6,0,0,0,0,0,0,0,0
239,2017-04-13,09:02:08,208,jd1709,XDCE,3925,3918,3929,6510,255398480,164398,162776,4142,3748,3945,3926,0,3918,0,0,0,2017-04-13,32528208,3924,93,0,0,0,0,0,0,0,0,3925,21,0,0,0,0,0,0,0,0
240,2017-04-13,09:02:08,875,jd1709,XDCE,3925,3918,3929,6516,255633980,164402,162776,4142,3748,3945,3926,0,3918,0,0,0,2017-04-13,32528875,3924,93,0,0,0,0,0,0,0,0,3925,18,0,0,0,0,0,0,0,0
241,2017-04-13,09:02:09,181,jd1709,XDCE,3924,3918,3929,6522,255869420,164404,162776,4142,3748,3945,3926,0,3918,0,0,0,2017-04-13,32529181,3924,90,0,0,0,0,0,0,0,0,3925,18,0,0,0,0,0,0,0,0
242,2017-04-13,09:02:09,783,jd1709,XDCE,3924,3918,3929,6522,255869420,164404,162776,4142,3748,3945,3926,0,3918,0,0,0,2017-04-13,32529783,3924,90,0,0,0,0,0,0,0,0,3925,21,0,0,0,0,0,0,0,0
243,2017-04-13,09:02:10,320,jd1709,XDCE,3925,3918,3929,6560,257360560,164414,162776,4142,3748,3945,3926,0,3918,0,0,0,2017-04-13,32530320,3924,69,0,0,0,0,0,0,0,0,3925,21,0,0,0,0,0,0,0,0
244,2017-04-13,09:02:10,728,jd1709,XDCE,3924,3918,3929,6562,257439040,164414,162776,4142,3748,3945,3926,0,3918,0,0,0,2017-04-13,32530728,3924,69,0,0,0,0,0,0,0,0,3925,21,0,0,0,0,0,0,0,0
245,2017-04-13,09:02:11,335,jd1709,XDCE,3924,3918,3929,6660,261284560,164512,162776,4142,3748,3945,3926,0,3918,0,0,0,2017-04-13,32531335,3924,20,0,0,0,0,0,0,0,0,3925,12,0,0,0,0,0,0,0,0
246,2017-04-13,09:02:11,832,jd1709,XDCE,3924,3918,3929,6712,263325140,164540,162776,4142,3748,3945,3926,0,3918,0,0,0,2017-04-13,32531832,3923,79,0,0,0,0,0,0,0,0,3924,9,0,0,0,0,0,0,0,0
247,2017-04-13,09:02:12,358,jd1709,XDCE,3924,3918,3929,6726,263874480,164540,162776,4142,3748,3945,3926,0,3918,0,0,0,2017-04-13,32532358,3923,78,0,0,0,0,0,0,0,0,3924,3,0,0,0,0,0,0,0,0
248,2017-04-13,09:02:12,713,jd1709,XDCE,3924,3918,3929,6730,264031420,164542,162776,4142,3748,3945,3926,0,3918,0,0,0,2017-04-13,32532713,3923,77,0,0,0,0,0,0,0,0,3924,3,0,0,0,0,0,0,0,0
249,2017-04-13,09:02:13,340,jd1709,XDCE,3924,3918,3929,6736,264266860,164544,162776,4142,3748,3945,3926,0,3918,0,0,0,2017-04-13,32533340,3924,3,0,0,0,0,0,0,0,0,3925,7,0,0,0,0,0,0,0,0
250,2017-04-13,09:02:13,844,jd1709,XDCE,3925,3918,3929,6738,264345360,164544,162776,4142,3748,3945,3926,0,3918,0,0,0,2017-04-13,32533844,3924,3,0,0,0,0,0,0,0,0,3925,6,0,0,0,0,0,0,0,0
251,2017-04-13,09:02:14,347,jd1709,XDCE,3924,3918,3929,6740,264423840,164542,162776,4142,3748,3945,3926,0,3918,0,0,0,2017-04-13,32534347,3924,2,0,0,0,0,0,0,0,0,3925,6,0,0,0,0,0,0,0,0
252,2017-04-13,09:02:14,811,jd1709,XDCE,3924,3918,3929,6742,264502320,164542,162776,4142,3748,3945,3926,0,3918,0,0,0,2017-04-13,32534811,3924,1,0,0,0,0,0,0,0,0,3925,6,0,0,0,0,0,0,0,0
253,2017-04-13,09:02:15,333,jd1709,XDCE,3924,3918,3929,6744,264580800,164542,162776,4142,3748,3945,3926,0,3918,0,0,0,2017-04-13,32535333,3923,70,0,0,0,0,0,0,0,0,3925,3,0,0,0,0,0,0,0,0
254,2017-04-13,09:02:15,848,jd1709,XDCE,3925,3918,3929,6748,264737800,164542,162776,4142,3748,3945,3926,0,3918,0,0,0,2017-04-13,32535848,3924,5,0,0,0,0,0,0,0,0,3925,1,0,0,0,0,0,0,0,0
255,2017-04-13,09:02:16,331,jd1709,XDCE,3925,3918,3929,6748,264737800,164542,162776,4142,3748,3945,3926,0,3918,0,0,0,2017-04-13,32536331,3924,7,0,0,0,0,0,0,0,0,3925,1,0,0,0,0,0,0,0,0
256,2017-04-13,09:02:16,664,jd1709,XDCE,3925,3918,3929,6748,264737800,164542,162776,4142,3748,3945,3926,0,3918,0,0,0,2017-04-13,32536664,3924,8,0,0,0,0,0,0,0,0,3925,1,0,0,0,0,0,0,0,0
257,2017-04-13,09:02:17,354,jd1709,XDCE,3924,3918,3929,6764,265365640,164536,162776,4142,3748,3945,3926,0,3918,0,0,0,2017-04-13,32537354,3923,71,0,0,0,0,0,0,0,0,3924,2,0,0,0,0,0,0,0,0
258,2017-04-13,09:02:17,677,jd1709,XDCE,3925,3918,3929,6770,265601100,164530,162776,4142,3748,3945,3926,0,3918,0,0,0,2017-04-13,32537677,3923,72,0,0,0,0,0,0,0,0,3926,17,0,0,0,0,0,0,0,0
259,2017-04-13,09:02:18,81,jd1709,XDCE,3925,3918,3929,6770,265601100,164530,162776,4142,3748,3945,3926,0,3918,0,0,0,2017-04-13,32538081,3924,16,0,0,0,0,0,0,0,0,3926,22,0,0,0,0,0,0,0,0
260,2017-04-13,09:02:18,738,jd1709,XDCE,3924,3918,3929,6774,265758060,164530,162776,4142,3748,3945,3926,0,3918,0,0,0,2017-04-13,32538738,3924,14,0,0,0,0,0,0,0,0,3926,22,0,0,0,0,0,0,0,0
261,2017-04-13,09:02:19,350,jd1709,XDCE,3924,3918,3929,6780,265993500,164530,162776,4142,3748,3945,3926,0,3918,0,0,0,2017-04-13,32539350,3924,12,0,0,0,0,0,0,0,0,3926,22,0,0,0,0,0,0,0,0
262,2017-04-13,09:02:19,865,jd1709,XDCE,3924,3918,3929,6782,266071980,164528,162776,4142,3748,3945,3926,0,3918,0,0,0,2017-04-13,32539865,3924,11,0,0,0,0,0,0,0,0,3926,22,0,0,0,0,0,0,0,0
263,2017-04-13,09:02:20,839,jd1709,XDCE,3924,3918,3929,6782,266071980,164528,162776,4142,3748,3945,3926,0,3918,0,0,0,2017-04-13,32540839,3924,11,0,0,0,0,0,0,0,0,3925,4,0,0,0,0,0,0,0,0
264,2017-04-13,09:02:21,780,jd1709,XDCE,3924,3918,3929,6794,266542860,164528,162776,4142,3748,3945,3926,0,3918,0,0,0,2017-04-13,32541780,3924,6,0,0,0,0,0,0,0,0,3925,4,0,0,0,0,0,0,0,0
265,2017-04-13,09:02:22,789,jd1709,XDCE,3924,3918,3929,6794,266542860,164528,162776,4142,3748,3945,3926,0,3918,0,0,0,2017-04-13,32542789,3924,6,0,0,0,0,0,0,0,0,3925,5,0,0,0,0,0,0,0,0
266,2017-04-13,09:02:23,338,jd1709,XDCE,3924,3918,3929,6794,266542860,164528,162776,4142,3748,3945,3926,0,3918,0,0,0,2017-04-13,32543338,3924,6,0,0,0,0,0,0,0,0,3925,6,0,0,0,0,0,0,0,0
267,2017-04-13,09:02:23,862,jd1709,XDCE,3924,3918,3929,6794,266542860,164528,162776,4142,3748,3945,3926,0,3918,0,0,0,2017-04-13,32543862,3924,7,0,0,0,0,0,0,0,0,3925,6,0,0,0,0,0,0,0,0
268,2017-04-13,09:02:23,996,jd1709,XDCE,3924,3918,3929,6794,266542860,164528,162776,4142,3748,3945,3926,0,3918,0,0,0,2017-04-13,32543996,3924,8,0,0,0,0,0,0,0,0,3925,6,0,0,0,0,0,0,0,0
269,2017-04-13,09:02:24,871,jd1709,XDCE,3924,3918,3929,6798,266699840,164526,162776,4142,3748,3945,3926,0,3918,0,0,0,2017-04-13,32544871,3924,7,0,0,0,0,0,0,0,0,3925,5,0,0,0,0,0,0,0,0
270,2017-04-13,09:02:25,330,jd1709,XDCE,3924,3918,3929,6804,266935300,164526,162776,4142,3748,3945,3926,0,3918,0,0,0,2017-04-13,32545330,3924,6,0,0,0,0,0,0,0,0,3925,4,0,0,0,0,0,0,0,0
271,2017-04-13,09:02:25,770,jd1709,XDCE,3924,3918,3929,6804,266935300,164526,162776,4142,3748,3945,3926,0,3918,0,0,0,2017-04-13,32545770,3924,7,0,0,0,0,0,0,0,0,3925,4,0,0,0,0,0,0,0,0
272,2017-04-13,09:02:26,291,jd1709,XDCE,3924,3918,3929,6808,267092260,164528,162776,4142,3748,3945,3926,0,3918,0,0,0,2017-04-13,32546291,3924,5,0,0,0,0,0,0,0,0,3925,4,0,0,0,0,0,0,0,0
273,2017-04-13,09:02:27,358,jd1709,XDCE,3924,3918,3929,6808,267092260,164528,162776,4142,3748,3945,3926,0,3918,0,0,0,2017-04-13,32547358,3924,6,0,0,0,0,0,0,0,0,3925,5,0,0,0,0,0,0,0,0
274,2017-04-13,09:02:27,716,jd1709,XDCE,3924,3918,3929,6808,267092260,164528,162776,4142,3748,3945,3926,0,3918,0,0,0,2017-04-13,32547716,3924,6,0,0,0,0,0,0,0,0,3925,6,0,0,0,0,0,0,0,0
275,2017-04-13,09:02:28,280,jd1709,XDCE,3924,3918,3929,6820,267563140,164536,162776,4142,3748,3945,3926,0,3918,0,0,0,2017-04-13,32548280,3923,86,0,0,0,0,0,0,0,0,3924,30,0,0,0,0,0,0,0,0
276,2017-04-13,09:02:28,584,jd1709,XDCE,3924,3918,3929,6824,267720100,164540,162776,4142,3748,3945,3926,0,3918,0,0,0,2017-04-13,32548584,3923,86,0,0,0,0,0,0,0,0,3924,28,0,0,0,0,0,0,0,0
277,2017-04-13,09:02:29,336,jd1709,XDCE,3924,3918,3929,6882,269996020,164550,162776,4142,3748,3945,3926,0,3918,0,0,0,2017-04-13,32549336,3924,2,0,0,0,0,0,0,0,0,3925,7,0,0,0,0,0,0,0,0
278,2017-04-13,09:02:29,780,jd1709,XDCE,3924,3918,3929,6882,269996020,164550,162776,4142,3748,3945,3926,0,3918,0,0,0,2017-04-13,32549780,3924,28,0,0,0,0,0,0,0,0,3925,7,0,0,0,0,0,0,0,0
279,2017-04-13,09:02:30,356,jd1709,XDCE,3924,3918,3929,6888,270231460,164550,162776,4142,3748,3945,3926,0,3918,0,0,0,2017-04-13,32550356,3924,25,0,0,0,0,0,0,0,0,3925,7,0,0,0,0,0,0,0,0
280,2017-04-13,09:02:31,868,jd1709,XDCE,3925,3918,3929,6892,270388440,164548,162776,4142,3748,3945,3926,0,3918,0,0,0,2017-04-13,32551868,3924,24,0,0,0,0,0,0,0,0,3925,6,0,0,0,0,0,0,0,0
281,2017-04-13,09:02:32,296,jd1709,XDCE,3925,3918,3929,6910,271094940,164560,162776,4142,3748,3945,3926,0,3918,0,0,0,2017-04-13,32552296,3925,11,0,0,0,0,0,0,0,0,3926,26,0,0,0,0,0,0,0,0
282,2017-04-13,09:02:34,251,jd1709,XDCE,3925,3918,3929,6914,271251940,164564,162776,4142,3748,3945,3926,0,3918,0,0,0,2017-04-13,32554251,3925,9,0,0,0,0,0,0,0,0,3926,26,0,0,0,0,0,0,0,0
283,2017-04-13,09:02:35,276,jd1709,XDCE,3925,3918,3929,6918,271408940,164568,162776,4142,3748,3945,3926,0,3918,0,0,0,2017-04-13,32555276,3925,7,0,0,0,0,0,0,0,0,3926,27,0,0,0,0,0,0,0,0
284,2017-04-13,09:02:36,320,jd1709,XDCE,3925,3918,3929,6920,271487440,164568,162776,4142,3748,3945,3926,0,3918,0,0,0,2017-04-13,32556320,3925,6,0,0,0,0,0,0,0,0,3926,28,0,0,0,0,0,0,0,0
285,2017-04-13,09:02:36,825,jd1709,XDCE,3925,3918,3929,6928,271801440,164568,162776,4142,3748,3945,3926,0,3918,0,0,0,2017-04-13,32556825,3925,2,0,0,0,0,0,0,0,0,3926,27,0,0,0,0,0,0,0,0
286,2017-04-13,09:02:37,337,jd1709,XDCE,3925,3918,3929,6930,271879940,164568,162776,4142,3748,3945,3926,0,3918,0,0,0,2017-04-13,32557337,3925,3,0,0,0,0,0,0,0,0,3926,27,0,0,0,0,0,0,0,0
287,2017-04-13,09:02:37,869,jd1709,XDCE,3925,3918,3929,6930,271879940,164568,162776,4142,3748,3945,3926,0,3918,0,0,0,2017-04-13,32557869,3925,6,0,0,0,0,0,0,0,0,3926,27,0,0,0,0,0,0,0,0
288,2017-04-13,09:02:38,333,jd1709,XDCE,3925,3918,3929,6946,272507940,164574,162776,4142,3748,3945,3926,0,3918,0,0,0,2017-04-13,32558333,3924,42,0,0,0,0,0,0,0,0,3925,7,0,0,0,0,0,0,0,0
289,2017-04-13,09:02:38,703,jd1709,XDCE,3926,3918,3929,6966,273293000,164590,162776,4142,3748,3945,3926,0,3918,0,0,0,2017-04-13,32558703,3924,45,0,0,0,0,0,0,0,0,3926,22,0,0,0,0,0,0,0,0
290,2017-04-13,09:02:39,205,jd1709,XDCE,3926,3918,3929,6972,273528500,164590,162776,4142,3748,3945,3926,0,3918,0,0,0,2017-04-13,32559205,3924,44,0,0,0,0,0,0,0,0,3926,21,0,0,0,0,0,0,0,0
291,2017-04-13,09:02:40,333,jd1709,XDCE,3925,3918,3929,6976,273685500,164594,162776,4142,3748,3945,3926,0,3918,0,0,0,2017-04-13,32560333,3924,44,0,0,0,0,0,0,0,0,3926,21,0,0,0,0,0,0,0,0
292,2017-04-13,09:02:40,860,jd1709,XDCE,3925,3918,3929,6978,273764000,164596,162776,4142,3748,3945,3926,0,3918,0,0,0,2017-04-13,32560860,3924,44,0,0,0,0,0,0,0,0,3925,1,0,0,0,0,0,0,0,0
293,2017-04-13,09:02:41,350,jd1709,XDCE,3926,3918,3929,6982,273921020,164600,162776,4142,3748,3945,3926,0,3918,0,0,0,2017-04-13,32561350,3924,44,0,0,0,0,0,0,0,0,3926,21,0,0,0,0,0,0,0,0
294,2017-04-13,09:02:41,864,jd1709,XDCE,3926,3918,3929,6992,274313620,164590,162776,4142,3748,3945,3926,0,3918,0,0,0,2017-04-13,32561864,3924,44,0,0,0,0,0,0,0,0,3925,1,0,0,0,0,0,0,0,0
295,2017-04-13,09:02:42,332,jd1709,XDCE,3926,3918,3929,7034,275962540,164606,162776,4142,3748,3945,3926,0,3918,0,0,0,2017-04-13,32562332,3924,44,0,0,0,0,0,0,0,0,3926,3,0,0,0,0,0,0,0,0
296,2017-04-13,09:02:42,749,jd1709,XDCE,3925,3918,3929,7036,276041040,164608,162776,4142,3748,3945,3926,0,3918,0,0,0,2017-04-13,32562749,3925,3,0,0,0,0,0,0,0,0,3926,3,0,0,0,0,0,0,0,0
297,2017-04-13,09:02:43,352,jd1709,XDCE,3925,3918,3929,7038,276119540,164608,162776,4142,3748,3945,3926,0,3918,0,0,0,2017-04-13,32563352,3925,2,0,0,0,0,0,0,0,0,3926,3,0,0,0,0,0,0,0,0
298,2017-04-13,09:02:43,824,jd1709,XDCE,3926,3918,3929,7040,276198060,164608,162776,4142,3748,3945,3926,0,3918,0,0,0,2017-04-13,32563824,3925,2,0,0,0,0,0,0,0,0,3926,2,0,0,0,0,0,0,0,0
299,2017-04-13,09:02:44,777,jd1709,XDCE,3926,3918,3929,7042,276276580,164608,162776,4142,3748,3945,3926,0,3918,0,0,0,2017-04-13,32564777,3925,2,0,0,0,0,0,0,0,0,3926,1,0,0,0,0,0,0,0,0
300,2017-04-13,09:02:45,330,jd1709,XDCE,3926,3918,3929,7046,276433620,164606,162776,4142,3748,3945,3926,0,3918,0,0,0,2017-04-13,32565330,3926,5,0,0,0,0,0,0,0,0,3927,31,0,0,0,0,0,0,0,0
301,2017-04-13,09:02:45,660,jd1709,XDCE,3926,3918,3929,7046,276433620,164606,162776,4142,3748,3945,3926,0,3918,0,0,0,2017-04-13,32565660,3926,5,0,0,0,0,0,0,0,0,3927,30,0,0,0,0,0,0,0,0
302,2017-04-13,09:02:46,176,jd1709,XDCE,3927,3918,3929,7054,276747760,164610,162776,4142,3748,3945,3926,0,3918,0,0,0,2017-04-13,32566176,3926,4,0,0,0,0,0,0,0,0,3927,26,0,0,0,0,0,0,0,0
303,2017-04-13,09:02:46,747,jd1709,XDCE,3927,3918,3929,7058,276904820,164614,162776,4142,3748,3945,3926,0,3918,0,0,0,2017-04-13,32566747,3926,4,0,0,0,0,0,0,0,0,3927,25,0,0,0,0,0,0,0,0
304,2017-04-13,09:02:47,729,jd1709,XDCE,3927,3918,3929,7090,278161460,164632,162776,4142,3748,3945,3926,0,3918,0,0,0,2017-04-13,32567729,3926,4,0,0,0,0,0,0,0,0,3927,10,0,0,0,0,0,0,0,0
305,2017-04-13,09:02:48,583,jd1709,XDCE,3927,3918,3929,7090,278161460,164632,162776,4142,3748,3945,3926,0,3918,0,0,0,2017-04-13,32568583,3926,4,0,0,0,0,0,0,0,0,3927,9,0,0,0,0,0,0,0,0
306,2017-04-13,09:02:49,342,jd1709,XDCE,3927,3918,3929,7108,278868320,164628,162776,4142,3748,3945,3926,0,3918,0,0,0,2017-04-13,32569342,3926,4,0,0,0,0,0,0,0,0,3928,57,0,0,0,0,0,0,0,0
307,2017-04-13,09:02:49,865,jd1709,XDCE,3927,3918,3929,7112,279025380,164632,162776,4142,3748,3945,3926,0,3918,0,0,0,2017-04-13,32569865,3926,7,0,0,0,0,0,0,0,0,3928,62,0,0,0,0,0,0,0,0
308,2017-04-13,09:02:50,305,jd1709,XDCE,3927,3918,3929,7116,279182440,164634,162776,4142,3748,3945,3926,0,3918,0,0,0,2017-04-13,32570305,3926,6,0,0,0,0,0,0,0,0,3927,2,0,0,0,0,0,0,0,0
309,2017-04-13,09:02:50,851,jd1709,XDCE,3927,3918,3929,7122,279418040,164640,162776,4142,3748,3945,3926,0,3918,0,0,0,2017-04-13,32570851,3926,5,0,0,0,0,0,0,0,0,3928,62,0,0,0,0,0,0,0,0
310,2017-04-13,09:02:51,296,jd1709,XDCE,3927,3918,3929,7122,279418040,164640,162776,4142,3748,3945,3926,0,3918,0,0,0,2017-04-13,32571296,3926,5,0,0,0,0,0,0,0,0,3928,61,0,0,0,0,0,0,0,0
311,2017-04-13,09:02:52,327,jd1709,XDCE,3928,3918,3929,7124,279496600,164640,162776,4142,3748,3945,3926,0,3918,0,0,0,2017-04-13,32572327,3926,5,0,0,0,0,0,0,0,0,3928,58,0,0,0,0,0,0,0,0
312,2017-04-13,09:02:53,355,jd1709,XDCE,3926,3918,3929,7126,279575120,164640,162776,4142,3748,3945,3926,0,3918,0,0,0,2017-04-13,32573355,3926,4,0,0,0,0,0,0,0,0,3928,58,0,0,0,0,0,0,0,0
313,2017-04-13,09:02:53,819,jd1709,XDCE,3928,3918,3929,7130,279732240,164644,162776,4142,3748,3945,3926,0,3918,0,0,0,2017-04-13,32573819,3926,4,0,0,0,0,0,0,0,0,3928,56,0,0,0,0,0,0,0,0
314,2017-04-13,09:02:54,318,jd1709,XDCE,3928,3918,3929,7130,279732240,164644,162776,4142,3748,3945,3926,0,3918,0,0,0,2017-04-13,32574318,3927,1,0,0,0,0,0,0,0,0,3928,56,0,0,0,0,0,0,0,0
315,2017-04-13,09:02:55,332,jd1709,XDCE,3927,3918,3929,7132,279810780,164644,162776,4142,3748,3945,3926,0,3918,0,0,0,2017-04-13,32575332,3926,5,0,0,0,0,0,0,0,0,3927,12,0,0,0,0,0,0,0,0
316,2017-04-13,09:02:56,358,jd1709,XDCE,3927,3918,3929,7134,279889320,164644,162776,4142,3748,3945,3926,0,3918,0,0,0,2017-04-13,32576358,3926,5,0,0,0,0,0,0,0,0,3927,11,0,0,0,0,0,0,0,0
317,2017-04-13,09:02:56,697,jd1709,XDCE,3927,3918,3929,7136,279967860,164644,162776,4142,3748,3945,3926,0,3918,0,0,0,2017-04-13,32576697,3926,6,0,0,0,0,0,0,0,0,3927,10,0,0,0,0,0,0,0,0
318,2017-04-13,09:02:57,293,jd1709,XDCE,3927,3918,3929,7146,280360560,164644,162776,4142,3748,3945,3926,0,3918,0,0,0,2017-04-13,32577293,3926,7,0,0,0,0,0,0,0,0,3927,23,0,0,0,0,0,0,0,0
319,2017-04-13,09:02:57,867,jd1709,XDCE,3927,3918,3929,7160,280910340,164642,162776,4142,3748,3945,3926,0,3918,0,0,0,2017-04-13,32577867,3926,7,0,0,0,0,0,0,0,0,3927,16,0,0,0,0,0,0,0,0
320,2017-04-13,09:02:58,861,jd1709,XDCE,3927,3918,3929,7162,280988880,164642,162776,4142,3748,3945,3926,0,3918,0,0,0,2017-04-13,32578861,3926,7,0,0,0,0,0,0,0,0,3927,15,0,0,0,0,0,0,0,0
321,2017-04-13,09:02:59,312,jd1709,XDCE,3927,3918,3929,7164,281067420,164642,162776,4142,3748,3945,3926,0,3918,0,0,0,2017-04-13,32579312,3926,9,0,0,0,0,0,0,0,0,3927,14,0,0,0,0,0,0,0,0
322,2017-04-13,09:02:59,791,jd1709,XDCE,3927,3918,3929,7166,281145960,164640,162776,4142,3748,3945,3926,0,3918,0,0,0,2017-04-13,32579791,3926,9,0,0,0,0,0,0,0,0,3927,13,0,0,0,0,0,0,0,0
323,2017-04-13,09:03:00,313,jd1709,XDCE,3926,3918,3929,7168,281224480,164640,162776,4142,3748,3945,3926,0,3918,0,0,0,2017-04-13,32580313,3926,8,0,0,0,0,0,0,0,0,3927,13,0,0,0,0,0,0,0,0
324,2017-04-13,09:03:00,602,jd1709,XDCE,3927,3918,3929,7170,281303020,164640,162776,4142,3748,3945,3926,0,3918,0,0,0,2017-04-13,32580602,3926,9,0,0,0,0,0,0,0,0,3927,13,0,0,0,0,0,0,0,0
325,2017-04-13,09:03:01,122,jd1709,XDCE,3927,3918,3929,7170,281303020,164640,162776,4142,3748,3945,3926,0,3918,0,0,0,2017-04-13,32581122,3926,9,0,0,0,0,0,0,0,0,3927,14,0,0,0,0,0,0,0,0
326,2017-04-13,09:03:01,861,jd1709,XDCE,3927,3918,3929,7170,281303020,164640,162776,4142,3748,3945,3926,0,3918,0,0,0,2017-04-13,32581861,3926,10,0,0,0,0,0,0,0,0,3927,14,0,0,0,0,0,0,0,0
327,2017-04-13,09:03:02,329,jd1709,XDCE,3926,3918,3929,7180,281695640,164644,162776,4142,3748,3945,3926,0,3918,0,0,0,2017-04-13,32582329,3926,6,0,0,0,0,0,0,0,0,3927,15,0,0,0,0,0,0,0,0
328,2017-04-13,09:03:02,768,jd1709,XDCE,3927,3918,3929,7182,281774180,164644,162776,4142,3748,3945,3926,0,3918,0,0,0,2017-04-13,32582768,3926,6,0,0,0,0,0,0,0,0,3927,17,0,0,0,0,0,0,0,0
329,2017-04-13,09:03:03,875,jd1709,XDCE,3927,3918,3929,7182,281774180,164644,162776,4142,3748,3945,3926,0,3918,0,0,0,2017-04-13,32583875,3926,6,0,0,0,0,0,0,0,0,3927,16,0,0,0,0,0,0,0,0
330,2017-04-13,09:03:04,370,jd1709,XDCE,3927,3918,3929,7184,281852720,164644,162776,4142,3748,3945,3926,0,3918,0,0,0,2017-04-13,32584370,3926,6,0,0,0,0,0,0,0,0,3927,16,0,0,0,0,0,0,0,0
331,2017-04-13,09:03:04,740,jd1709,XDCE,3927,3918,3929,7186,281931260,164644,162776,4142,3748,3945,3926,0,3918,0,0,0,2017-04-13,32584740,3926,6,0,0,0,0,0,0,0,0,3927,15,0,0,0,0,0,0,0,0
332,2017-04-13,09:03:05,276,jd1709,XDCE,3927,3918,3929,7216,283109360,164618,162776,4142,3748,3945,3926,0,3918,0,0,0,2017-04-13,32585276,3927,6,0,0,0,0,0,0,0,0,3928,67,0,0,0,0,0,0,0,0
333,2017-04-13,09:03:05,769,jd1709,XDCE,3927,3918,3929,7216,283109360,164618,162776,4142,3748,3945,3926,0,3918,0,0,0,2017-04-13,32585769,3927,7,0,0,0,0,0,0,0,0,3928,74,0,0,0,0,0,0,0,0
334,2017-04-13,09:03:06,243,jd1709,XDCE,3927,3918,3929,7230,283659140,164620,162776,4142,3748,3945,3926,0,3918,0,0,0,2017-04-13,32586243,3927,3,0,0,0,0,0,0,0,0,3928,74,0,0,0,0,0,0,0,0
335,2017-04-13,09:03:06,771,jd1709,XDCE,3927,3918,3929,7230,283659140,164620,162776,4142,3748,3945,3926,0,3918,0,0,0,2017-04-13,32586771,3927,4,0,0,0,0,0,0,0,0,3928,74,0,0,0,0,0,0,0,0
336,2017-04-13,09:03:07,297,jd1709,XDCE,3928,3918,3929,7234,283816260,164620,162776,4142,3748,3945,3926,0,3918,0,0,0,2017-04-13,32587297,3927,15,0,0,0,0,0,0,0,0,3928,72,0,0,0,0,0,0,0,0
337,2017-04-13,09:03:07,677,jd1709,XDCE,3928,3918,3929,7236,283894820,164620,162776,4142,3748,3945,3926,0,3918,0,0,0,2017-04-13,32587677,3927,15,0,0,0,0,0,0,0,0,3928,70,0,0,0,0,0,0,0,0
338,2017-04-13,09:03:09,375,jd1709,XDCE,3928,3918,3929,7258,284758980,164630,162776,4142,3748,3945,3926,0,3918,0,0,0,2017-04-13,32589375,3927,16,0,0,0,0,0,0,0,0,3928,54,0,0,0,0,0,0,0,0
339,2017-04-13,09:03:09,832,jd1709,XDCE,3928,3918,3929,7264,284994660,164626,162776,4142,3748,3945,3926,0,3918,0,0,0,2017-04-13,32589832,3927,16,0,0,0,0,0,0,0,0,3928,51,0,0,0,0,0,0,0,0
340,2017-04-13,09:03:10,279,jd1709,XDCE,3927,3918,3929,7268,285151740,164624,162776,4142,3748,3945,3926,0,3918,0,0,0,2017-04-13,32590279,3927,14,0,0,0,0,0,0,0,0,3928,51,0,0,0,0,0,0,0,0
341,2017-04-13,09:03:10,775,jd1709,XDCE,3928,3918,3929,7274,285387420,164618,162776,4142,3748,3945,3926,0,3918,0,0,0,2017-04-13,32590775,3927,13,0,0,0,0,0,0,0,0,3928,48,0,0,0,0,0,0,0,0
342,2017-04-13,09:03:11,713,jd1709,XDCE,3928,3918,3929,7276,285465980,164618,162776,4142,3748,3945,3926,0,3918,0,0,0,2017-04-13,32591713,3927,14,0,0,0,0,0,0,0,0,3928,47,0,0,0,0,0,0,0,0
343,2017-04-13,09:03:12,333,jd1709,XDCE,3928,3918,3929,7314,286958620,164612,162776,4142,3748,3945,3926,0,3918,0,0,0,2017-04-13,32592333,3927,19,0,0,0,0,0,0,0,0,3928,29,0,0,0,0,0,0,0,0
344,2017-04-13,09:03:12,839,jd1709,XDCE,3928,3918,3929,7314,286958620,164612,162776,4142,3748,3945,3926,0,3918,0,0,0,2017-04-13,32592839,3927,20,0,0,0,0,0,0,0,0,3928,29,0,0,0,0,0,0,0,0
345,2017-04-13,09:03:13,345,jd1709,XDCE,3928,3918,3929,7372,289236860,164650,162776,4142,3748,3945,3926,0,3918,0,0,0,2017-04-13,32593345,3928,5,0,0,0,0,0,0,0,0,3929,19,0,0,0,0,0,0,0,0
346,2017-04-13,09:03:13,861,jd1709,XDCE,3928,3918,3929,7394,290101220,164660,162776,4142,3748,3945,3926,0,3918,0,0,0,2017-04-13,32593861,3928,11,0,0,0,0,0,0,0,0,3930,24,0,0,0,0,0,0,0,0
347,2017-04-13,09:03:14,276,jd1709,XDCE,3928,3918,3929,7394,290101220,164660,162776,4142,3748,3945,3926,0,3918,0,0,0,2017-04-13,32594276,3928,19,0,0,0,0,0,0,0,0,3930,24,0,0,0,0,0,0,0,0
348,2017-04-13,09:03:14,757,jd1709,XDCE,3928,3918,3929,7394,290101220,164660,162776,4142,3748,3945,3926,0,3918,0,0,0,2017-04-13,32594757,3928,23,0,0,0,0,0,0,0,0,3930,24,0,0,0,0,0,0,0,0
349,2017-04-13,09:03:15,342,jd1709,XDCE,3928,3918,3929,7394,290101220,164660,162776,4142,3748,3945,3926,0,3918,0,0,0,2017-04-13,32595342,3928,24,0,0,0,0,0,0,0,0,3929,7,0,0,0,0,0,0,0,0
350,2017-04-13,09:03:15,731,jd1709,XDCE,3929,3918,3929,7408,290651260,164662,162776,4142,3748,3945,3926,0,3918,0,0,0,2017-04-13,32595731,3928,24,0,0,0,0,0,0,0,0,3930,25,0,0,0,0,0,0,0,0
351,2017-04-13,09:03:16,344,jd1709,XDCE,3928,3918,3930,7416,290965560,164668,162776,4142,3748,3945,3926,0,3918,0,0,0,2017-04-13,32596344,3928,22,0,0,0,0,0,0,0,0,3930,24,0,0,0,0,0,0,0,0
352,2017-04-13,09:03:16,807,jd1709,XDCE,3930,3918,3930,7418,291044160,164668,162776,4142,3748,3945,3926,0,3918,0,0,0,2017-04-13,32596807,3928,23,0,0,0,0,0,0,0,0,3930,22,0,0,0,0,0,0,0,0
353,2017-04-13,09:03:17,348,jd1709,XDCE,3930,3918,3930,7424,291279960,164670,162776,4142,3748,3945,3926,0,3918,0,0,0,2017-04-13,32597348,3928,23,0,0,0,0,0,0,0,0,3930,19,0,0,0,0,0,0,0,0
354,2017-04-13,09:03:17,831,jd1709,XDCE,3930,3918,3930,7446,292144560,164662,162776,4142,3748,3945,3926,0,3918,0,0,0,2017-04-13,32597831,3929,13,0,0,0,0,0,0,0,0,3930,9,0,0,0,0,0,0,0,0
355,2017-04-13,09:03:18,333,jd1709,XDCE,3930,3918,3930,7464,292851960,164666,162776,4142,3748,3945,3926,0,3918,0,0,0,2017-04-13,32598333,3930,16,0,0,0,0,0,0,0,0,3931,5,0,0,0,0,0,0,0,0
356,2017-04-13,09:03:18,756,jd1709,XDCE,3930,3918,3930,7464,292851960,164666,162776,4142,3748,3945,3926,0,3918,0,0,0,2017-04-13,32598756,3930,20,0,0,0,0,0,0,0,0,3931,7,0,0,0,0,0,0,0,0
357,2017-04-13,09:03:19,864,jd1709,XDCE,3931,3918,3931,7466,292930580,164666,162776,4142,3748,3945,3926,0,3918,0,0,0,2017-04-13,32599864,3930,25,0,0,0,0,0,0,0,0,3931,6,0,0,0,0,0,0,0,0
358,2017-04-13,09:03:20,238,jd1709,XDCE,3930,3918,3931,7478,293402220,164674,162776,4142,3748,3945,3926,0,3918,0,0,0,2017-04-13,32600238,3930,21,0,0,0,0,0,0,0,0,3931,4,0,0,0,0,0,0,0,0
359,2017-04-13,09:03:20,834,jd1709,XDCE,3931,3918,3931,7482,293559440,164672,162776,4142,3748,3945,3926,0,3918,0,0,0,2017-04-13,32600834,3930,21,0,0,0,0,0,0,0,0,3931,4,0,0,0,0,0,0,0,0
360,2017-04-13,09:03:21,367,jd1709,XDCE,3931,3918,3931,7504,294424240,164672,162776,4142,3748,3945,3926,0,3918,0,0,0,2017-04-13,32601367,3930,20,0,0,0,0,0,0,0,0,3931,2,0,0,0,0,0,0,0,0
361,2017-04-13,09:03:21,835,jd1709,XDCE,3931,3918,3931,7512,294738720,164672,162776,4142,3748,3945,3926,0,3918,0,0,0,2017-04-13,32601835,3930,20,0,0,0,0,0,0,0,0,3931,3,0,0,0,0,0,0,0,0
362,2017-04-13,09:03:22,332,jd1709,XDCE,3931,3918,3931,7518,294974580,164676,162776,4142,3748,3945,3926,0,3918,0,0,0,2017-04-13,32602332,3931,48,0,0,0,0,0,0,0,0,3932,12,0,0,0,0,0,0,0,0
363,2017-04-13,09:03:22,873,jd1709,XDCE,3931,3918,3931,7518,294974580,164676,162776,4142,3748,3945,3926,0,3918,0,0,0,2017-04-13,32602873,3931,72,0,0,0,0,0,0,0,0,3932,12,0,0,0,0,0,0,0,0
364,2017-04-13,09:03:23,375,jd1709,XDCE,3931,3918,3932,7540,295839600,164664,162776,4142,3748,3945,3926,0,3918,0,0,0,2017-04-13,32603375,3931,81,0,0,0,0,0,0,0,0,3933,11,0,0,0,0,0,0,0,0
365,2017-04-13,09:03:23,863,jd1709,XDCE,3931,3918,3932,7540,295839600,164664,162776,4142,3748,3945,3926,0,3918,0,0,0,2017-04-13,32603863,3931,87,0,0,0,0,0,0,0,0,3932,4,0,0,0,0,0,0,0,0
366,2017-04-13,09:03:24,350,jd1709,XDCE,3932,3918,3932,7544,295996880,164666,162776,4142,3748,3945,3926,0,3918,0,0,0,2017-04-13,32604350,3931,87,0,0,0,0,0,0,0,0,3933,14,0,0,0,0,0,0,0,0
367,2017-04-13,09:03:24,869,jd1709,XDCE,3935,3918,3935,7750,304101880,164554,162776,4142,3748,3945,3926,0,3918,0,0,0,2017-04-13,32604869,3931,87,0,0,0,0,0,0,0,0,3935,7,0,0,0,0,0,0,0,0
368,2017-04-13,09:03:25,366,jd1709,XDCE,3934,3918,3935,7776,305124900,164558,162776,4142,3748,3945,3926,0,3918,0,0,0,2017-04-13,32605366,3933,9,0,0,0,0,0,0,0,0,3934,3,0,0,0,0,0,0,0,0
369,2017-04-13,09:03:25,836,jd1709,XDCE,3933,3918,3935,7794,305832980,164546,162776,4142,3748,3945,3926,0,3918,0,0,0,2017-04-13,32605836,3934,1,0,0,0,0,0,0,0,0,3935,12,0,0,0,0,0,0,0,0
370,2017-04-13,09:03:26,345,jd1709,XDCE,3934,3918,3935,7796,305911660,164544,162776,4142,3748,3945,3926,0,3918,0,0,0,2017-04-13,32606345,3933,8,0,0,0,0,0,0,0,0,3934,4,0,0,0,0,0,0,0,0
371,2017-04-13,09:03:26,846,jd1709,XDCE,3934,3918,3935,7850,308036360,164546,162776,4142,3748,3945,3926,0,3918,0,0,0,2017-04-13,32606846,3933,12,0,0,0,0,0,0,0,0,3934,15,0,0,0,0,0,0,0,0
372,2017-04-13,09:03:27,304,jd1709,XDCE,3934,3918,3935,7850,308036360,164546,162776,4142,3748,3945,3926,0,3918,0,0,0,2017-04-13,32607304,3933,14,0,0,0,0,0,0,0,0,3934,15,0,0,0,0,0,0,0,0
373,2017-04-13,09:03:27,621,jd1709,XDCE,3934,3918,3935,7852,308115040,164546,162776,4142,3748,3945,3926,0,3918,0,0,0,2017-04-13,32607621,3933,14,0,0,0,0,0,0,0,0,3934,15,0,0,0,0,0,0,0,0
374,2017-04-13,09:03:28,287,jd1709,XDCE,3934,3918,3935,7858,308351060,164548,162776,4142,3748,3945,3926,0,3918,0,0,0,2017-04-13,32608287,3933,13,0,0,0,0,0,0,0,0,3934,13,0,0,0,0,0,0,0,0
375,2017-04-13,09:03:28,875,jd1709,XDCE,3933,3918,3935,7894,309766960,164536,162776,4142,3748,3945,3926,0,3918,0,0,0,2017-04-13,32608875,3932,13,0,0,0,0,0,0,0,0,3933,12,0,0,0,0,0,0,0,0
376,2017-04-13,09:03:29,325,jd1709,XDCE,3933,3918,3935,7912,310474900,164530,162776,4142,3748,3945,3926,0,3918,0,0,0,2017-04-13,32609325,3932,18,0,0,0,0,0,0,0,0,3933,3,0,0,0,0,0,0,0,0
377,2017-04-13,09:03:29,832,jd1709,XDCE,3932,3918,3935,7924,310946800,164526,162776,4142,3748,3945,3926,0,3918,0,0,0,2017-04-13,32609832,3932,17,0,0,0,0,0,0,0,0,3934,21,0,0,0,0,0,0,0,0
378,2017-04-13,09:03:30,373,jd1709,XDCE,3933,3918,3935,7928,311104100,164524,162776,4142,3748,3945,3926,0,3918,0,0,0,2017-04-13,32610373,3932,16,0,0,0,0,0,0,0,0,3933,4,0,0,0,0,0,0,0,0
379,2017-04-13,09:03:31,841,jd1709,XDCE,3933,3918,3935,7932,311261420,164524,162776,4142,3748,3945,3926,0,3918,0,0,0,2017-04-13,32611841,3932,16,0,0,0,0,0,0,0,0,3933,36,0,0,0,0,0,0,0,0
380,2017-04-13,09:03:32,293,jd1709,XDCE,3932,3918,3935,7956,312205120,164526,162776,4142,3748,3945,3926,0,3918,0,0,0,2017-04-13,32612293,3931,88,0,0,0,0,0,0,0,0,3932,10,0,0,0,0,0,0,0,0
381,2017-04-13,09:03:32,863,jd1709,XDCE,3932,3918,3935,7960,312362400,164530,162776,4142,3748,3945,3926,0,3918,0,0,0,2017-04-13,32612863,3931,88,0,0,0,0,0,0,0,0,3932,8,0,0,0,0,0,0,0,0
382,2017-04-13,09:03:33,370,jd1709,XDCE,3932,3918,3935,7988,313463360,164528,162776,4142,3748,3945,3926,0,3918,0,0,0,2017-04-13,32613370,3931,88,0,0,0,0,0,0,0,0,3932,4,0,0,0,0,0,0,0,0
383,2017-04-13,09:03:33,720,jd1709,XDCE,3932,3918,3935,7992,313620640,164530,162776,4142,3748,3945,3926,0,3918,0,0,0,2017-04-13,32613720,3931,88,0,0,0,0,0,0,0,0,3932,3,0,0,0,0,0,0,0,0
384,2017-04-13,09:03:34,333,jd1709,XDCE,3933,3918,3935,8018,314643160,164536,162776,4142,3748,3945,3926,0,3918,0,0,0,2017-04-13,32614333,3932,11,0,0,0,0,0,0,0,0,3933,31,0,0,0,0,0,0,0,0
385,2017-04-13,09:03:34,718,jd1709,XDCE,3933,3918,3935,8024,314879120,164534,162776,4142,3748,3945,3926,0,3918,0,0,0,2017-04-13,32614718,3932,11,0,0,0,0,0,0,0,0,3933,29,0,0,0,0,0,0,0,0
386,2017-04-13,09:03:35,303,jd1709,XDCE,3932,3918,3935,8028,315036400,164538,162776,4142,3748,3945,3926,0,3918,0,0,0,2017-04-13,32615303,3932,9,0,0,0,0,0,0,0,0,3933,29,0,0,0,0,0,0,0,0
387,2017-04-13,09:03:35,847,jd1709,XDCE,3932,3918,3935,8050,315901440,164530,162776,4142,3748,3945,3926,0,3918,0,0,0,2017-04-13,32615847,3931,86,0,0,0,0,0,0,0,0,3932,3,0,0,0,0,0,0,0,0
388,2017-04-13,09:03:36,348,jd1709,XDCE,3932,3918,3935,8058,316216000,164526,162776,4142,3748,3945,3926,0,3918,0,0,0,2017-04-13,32616348,3931,86,0,0,0,0,0,0,0,0,3932,4,0,0,0,0,0,0,0,0
389,2017-04-13,09:03:36,742,jd1709,XDCE,3932,3918,3935,8058,316216000,164526,162776,4142,3748,3945,3926,0,3918,0,0,0,2017-04-13,32616742,3931,86,0,0,0,0,0,0,0,0,3932,5,0,0,0,0,0,0,0,0
390,2017-04-13,09:03:37,364,jd1709,XDCE,3932,3918,3935,8062,316373280,164526,162776,4142,3748,3945,3926,0,3918,0,0,0,2017-04-13,32617364,3931,88,0,0,0,0,0,0,0,0,3932,3,0,0,0,0,0,0,0,0
391,2017-04-13,09:03:37,757,jd1709,XDCE,3932,3918,3935,8080,317081040,164524,162776,4142,3748,3945,3926,0,3918,0,0,0,2017-04-13,32617757,3932,15,0,0,0,0,0,0,0,0,3933,30,0,0,0,0,0,0,0,0
392,2017-04-13,09:03:38,367,jd1709,XDCE,3933,3918,3935,8086,317316980,164526,162776,4142,3748,3945,3926,0,3918,0,0,0,2017-04-13,32618367,3932,15,0,0,0,0,0,0,0,0,3933,29,0,0,0,0,0,0,0,0
393,2017-04-13,09:03:38,788,jd1709,XDCE,3932,3918,3935,8088,317395620,164528,162776,4142,3748,3945,3926,0,3918,0,0,0,2017-04-13,32618788,3932,25,0,0,0,0,0,0,0,0,3933,31,0,0,0,0,0,0,0,0
394,2017-04-13,09:03:39,363,jd1709,XDCE,3932,3918,3935,8092,317553040,164530,162776,4142,3748,3945,3926,0,3918,0,0,0,2017-04-13,32619363,3932,26,0,0,0,0,0,0,0,0,3933,36,0,0,0,0,0,0,0,0
395,2017-04-13,09:03:39,705,jd1709,XDCE,3932,3918,3935,8092,317553040,164530,162776,4142,3748,3945,3926,0,3918,0,0,0,2017-04-13,32619705,3932,37,0,0,0,0,0,0,0,0,3933,31,0,0,0,0,0,0,0,0
396,2017-04-13,09:03:40,352,jd1709,XDCE,3932,3918,3935,8108,318182160,164546,162776,4142,3748,3945,3926,0,3918,0,0,0,2017-04-13,32620352,3932,30,0,0,0,0,0,0,0,0,3933,34,0,0,0,0,0,0,0,0
397,2017-04-13,09:03:40,606,jd1709,XDCE,3933,3918,3935,8114,318418140,164546,162776,4142,3748,3945,3926,0,3918,0,0,0,2017-04-13,32620606,3932,30,0,0,0,0,0,0,0,0,3933,31,0,0,0,0,0,0,0,0
398,2017-04-13,09:03:41,370,jd1709,XDCE,3933,3918,3935,8118,318575440,164546,162776,4142,3748,3945,3926,0,3918,0,0,0,2017-04-13,32621370,3932,29,0,0,0,0,0,0,0,0,3933,31,0,0,0,0,0,0,0,0
399,2017-04-13,09:03:41,867,jd1709,XDCE,3932,3918,3935,8134,319204660,164544,162776,4142,3748,3945,3926,0,3918,0,0,0,2017-04-13,32621867,3932,36,0,0,0,0,0,0,0,0,3933,27,0,0,0,0,0,0,0,0
400,2017-04-13,09:03:42,363,jd1709,XDCE,3932,3918,3935,8136,319283300,164542,162776,4142,3748,3945,3926,0,3918,0,0,0,2017-04-13,32622363,3932,37,0,0,0,0,0,0,0,0,3933,28,0,0,0,0,0,0,0,0
401,2017-04-13,09:03:42,863,jd1709,XDCE,3933,3918,3935,8138,319361960,164542,162776,4142,3748,3945,3926,0,3918,0,0,0,2017-04-13,32622863,3932,37,0,0,0,0,0,0,0,0,3933,27,0,0,0,0,0,0,0,0
402,2017-04-13,09:03:43,333,jd1709,XDCE,3933,3918,3935,8142,319519280,164542,162776,4142,3748,3945,3926,0,3918,0,0,0,2017-04-13,32623333,3932,38,0,0,0,0,0,0,0,0,3933,25,0,0,0,0,0,0,0,0
403,2017-04-13,09:03:43,748,jd1709,XDCE,3932,3918,3935,8210,322193500,164514,162776,4142,3748,3945,3926,0,3918,0,0,0,2017-04-13,32623748,3932,32,0,0,0,0,0,0,0,0,3933,2,0,0,0,0,0,0,0,0
404,2017-04-13,09:03:44,346,jd1709,XDCE,3933,3918,3935,8220,322586760,164518,162776,4142,3748,3945,3926,0,3918,0,0,0,2017-04-13,32624346,3933,31,0,0,0,0,0,0,0,0,3934,17,0,0,0,0,0,0,0,0
405,2017-04-13,09:03:44,834,jd1709,XDCE,3934,3918,3935,8256,324002780,164504,162776,4142,3748,3945,3926,0,3918,0,0,0,2017-04-13,32624834,3933,91,0,0,0,0,0,0,0,0,3934,6,0,0,0,0,0,0,0,0
406,2017-04-13,09:03:45,336,jd1709,XDCE,3933,3918,3935,8276,324789500,164494,162776,4142,3748,3945,3926,0,3918,0,0,0,2017-04-13,32625336,3933,87,0,0,0,0,0,0,0,0,3935,27,0,0,0,0,0,0,0,0
407,2017-04-13,09:03:45,861,jd1709,XDCE,3934,3918,3935,8324,326677400,164446,162776,4142,3748,3945,3926,0,3918,0,0,0,2017-04-13,32625861,3933,66,0,0,0,0,0,0,0,0,3935,27,0,0,0,0,0,0,0,0
408,2017-04-13,09:03:46,855,jd1709,XDCE,3934,3918,3935,8328,326834760,164446,162776,4142,3748,3945,3926,0,3918,0,0,0,2017-04-13,32626855,3933,67,0,0,0,0,0,0,0,0,3935,20,0,0,0,0,0,0,0,0
409,2017-04-13,09:03:47,322,jd1709,XDCE,3933,3918,3935,8344,327464100,164456,162776,4142,3748,3945,3926,0,3918,0,0,0,2017-04-13,32627322,3933,61,0,0,0,0,0,0,0,0,3935,14,0,0,0,0,0,0,0,0
410,2017-04-13,09:03:48,318,jd1709,XDCE,3935,3918,3935,8366,328329800,164448,162776,4142,3748,3945,3926,0,3918,0,0,0,2017-04-13,32628318,3933,62,0,0,0,0,0,0,0,0,3935,3,0,0,0,0,0,0,0,0
411,2017-04-13,09:03:48,702,jd1709,XDCE,3933,3918,3935,8418,330374960,164448,162776,4142,3748,3945,3926,0,3918,0,0,0,2017-04-13,32628702,3933,36,0,0,0,0,0,0,0,0,3935,6,0,0,0,0,0,0,0,0
412,2017-04-13,09:03:49,352,jd1709,XDCE,3932,3918,3935,8502,333678680,164414,162776,4142,3748,3945,3926,0,3918,0,0,0,2017-04-13,32629352,3932,22,0,0,0,0,0,0,0,0,3933,59,0,0,0,0,0,0,0,0
413,2017-04-13,09:03:49,809,jd1709,XDCE,3933,3918,3935,8540,335173140,164422,162776,4142,3748,3945,3926,0,3918,0,0,0,2017-04-13,32629809,3932,18,0,0,0,0,0,0,0,0,3933,44,0,0,0,0,0,0,0,0
414,2017-04-13,09:03:50,340,jd1709,XDCE,3932,3918,3935,8564,336117020,164406,162776,4142,3748,3945,3926,0,3918,0,0,0,2017-04-13,32630340,3932,16,0,0,0,0,0,0,0,0,3933,35,0,0,0,0,0,0,0,0
415,2017-04-13,09:03:50,829,jd1709,XDCE,3933,3918,3935,8584,336903460,164406,162776,4142,3748,3945,3926,0,3918,0,0,0,2017-04-13,32630829,3932,12,0,0,0,0,0,0,0,0,3933,29,0,0,0,0,0,0,0,0
416,2017-04-13,09:03:51,364,jd1709,XDCE,3932,3918,3935,8592,337218020,164414,162776,4142,3748,3945,3926,0,3918,0,0,0,2017-04-13,32631364,3932,17,0,0,0,0,0,0,0,0,3933,29,0,0,0,0,0,0,0,0
417,2017-04-13,09:03:51,839,jd1709,XDCE,3932,3918,3935,8594,337296660,164416,162776,4142,3748,3945,3926,0,3918,0,0,0,2017-04-13,32631839,3932,16,0,0,0,0,0,0,0,0,3933,29,0,0,0,0,0,0,0,0
418,2017-04-13,09:03:52,345,jd1709,XDCE,3933,3918,3935,8606,337768620,164406,162776,4142,3748,3945,3926,0,3918,0,0,0,2017-04-13,32632345,3932,16,0,0,0,0,0,0,0,0,3933,23,0,0,0,0,0,0,0,0
419,2017-04-13,09:03:52,864,jd1709,XDCE,3932,3918,3935,8612,338004540,164406,162776,4142,3748,3945,3926,0,3918,0,0,0,2017-04-13,32632864,3932,13,0,0,0,0,0,0,0,0,3933,23,0,0,0,0,0,0,0,0
420,2017-04-13,09:03:53,370,jd1709,XDCE,3932,3918,3935,8614,338083180,164404,162776,4142,3748,3945,3926,0,3918,0,0,0,2017-04-13,32633370,3932,12,0,0,0,0,0,0,0,0,3933,23,0,0,0,0,0,0,0,0
421,2017-04-13,09:03:53,849,jd1709,XDCE,3933,3918,3935,8676,340521780,164352,162776,4142,3748,3945,3926,0,3918,0,0,0,2017-04-13,32633849,3932,12,0,0,0,0,0,0,0,0,3933,4,0,0,0,0,0,0,0,0
422,2017-04-13,09:03:54,83,jd1709,XDCE,3933,3918,3935,8676,340521780,164352,162776,4142,3748,3945,3926,0,3918,0,0,0,2017-04-13,32634083,3932,12,0,0,0,0,0,0,0,0,3933,9,0,0,0,0,0,0,0,0
423,2017-04-13,09:03:54,805,jd1709,XDCE,3933,3918,3935,8678,340600440,164352,162776,4142,3748,3945,3926,0,3918,0,0,0,2017-04-13,32634805,3932,12,0,0,0,0,0,0,0,0,3933,8,0,0,0,0,0,0,0,0
424,2017-04-13,09:03:55,296,jd1709,XDCE,3932,3918,3935,8680,340679080,164352,162776,4142,3748,3945,3926,0,3918,0,0,0,2017-04-13,32635296,3932,11,0,0,0,0,0,0,0,0,3933,9,0,0,0,0,0,0,0,0
425,2017-04-13,09:03:55,621,jd1709,XDCE,3932,3918,3935,8680,340679080,164352,162776,4142,3748,3945,3926,0,3918,0,0,0,2017-04-13,32635621,3932,21,0,0,0,0,0,0,0,0,3933,9,0,0,0,0,0,0,0,0
426,2017-04-13,09:03:56,315,jd1709,XDCE,3932,3918,3935,8680,340679080,164352,162776,4142,3748,3945,3926,0,3918,0,0,0,2017-04-13,32636315,3932,22,0,0,0,0,0,0,0,0,3933,12,0,0,0,0,0,0,0,0
427,2017-04-13,09:03:57,584,jd1709,XDCE,3932,3918,3935,8698,341386840,164342,162776,4142,3748,3945,3926,0,3918,0,0,0,2017-04-13,32637584,3932,16,0,0,0,0,0,0,0,0,3933,15,0,0,0,0,0,0,0,0
428,2017-04-13,09:03:59,14,jd1709,XDCE,3933,3918,3935,8704,341622820,164342,162776,4142,3748,3945,3926,0,3918,0,0,0,2017-04-13,32639014,3932,16,0,0,0,0,0,0,0,0,3933,12,0,0,0,0,0,0,0,0
429,2017-04-13,09:04:00,334,jd1709,XDCE,3932,3918,3935,8742,343117000,164328,162776,4142,3748,3945,3926,0,3918,0,0,0,2017-04-13,32640334,3931,42,0,0,0,0,0,0,0,0,3932,27,0,0,0,0,0,0,0,0
430,2017-04-13,09:04:00,845,jd1709,XDCE,3932,3918,3935,8744,343195640,164328,162776,4142,3748,3945,3926,0,3918,0,0,0,2017-04-13,32640845,3931,42,0,0,0,0,0,0,0,0,3932,31,0,0,0,0,0,0,0,0
431,2017-04-13,09:04:01,334,jd1709,XDCE,3932,3918,3935,8746,343274280,164328,162776,4142,3748,3945,3926,0,3918,0,0,0,2017-04-13,32641334,3931,37,0,0,0,0,0,0,0,0,3932,35,0,0,0,0,0,0,0,0
432,2017-04-13,09:04:01,817,jd1709,XDCE,3932,3918,3935,8748,343352920,164328,162776,4142,3748,3945,3926,0,3918,0,0,0,2017-04-13,32641817,3931,37,0,0,0,0,0,0,0,0,3932,34,0,0,0,0,0,0,0,0
433,2017-04-13,09:04:02,305,jd1709,XDCE,3932,3918,3935,8776,344453860,164300,162776,4142,3748,3945,3926,0,3918,0,0,0,2017-04-13,32642305,3931,36,0,0,0,0,0,0,0,0,3932,21,0,0,0,0,0,0,0,0
434,2017-04-13,09:04:02,844,jd1709,XDCE,3931,3918,3935,8780,344611100,164300,162776,4142,3748,3945,3926,0,3918,0,0,0,2017-04-13,32642844,3931,36,0,0,0,0,0,0,0,0,3932,21,0,0,0,0,0,0,0,0
435,2017-04-13,09:04:03,50,jd1709,XDCE,3932,3918,3935,8782,344689740,164300,162776,4142,3748,3945,3926,0,3918,0,0,0,2017-04-13,32643050,3931,36,0,0,0,0,0,0,0,0,3932,21,0,0,0,0,0,0,0,0
436,2017-04-13,09:04:04,328,jd1709,XDCE,3931,3918,3935,8784,344768360,164302,162776,4142,3748,3945,3926,0,3918,0,0,0,2017-04-13,32644328,3931,35,0,0,0,0,0,0,0,0,3932,21,0,0,0,0,0,0,0,0
437,2017-04-13,09:04:04,832,jd1709,XDCE,3931,3918,3935,8828,346498400,164278,162776,4142,3748,3945,3926,0,3918,0,0,0,2017-04-13,32644832,3931,34,0,0,0,0,0,0,0,0,3932,1,0,0,0,0,0,0,0,0
438,2017-04-13,09:04:05,272,jd1709,XDCE,3931,3918,3935,8828,346498400,164278,162776,4142,3748,3945,3926,0,3918,0,0,0,2017-04-13,32645272,3931,34,0,0,0,0,0,0,0,0,3932,3,0,0,0,0,0,0,0,0
439,2017-04-13,09:04:05,832,jd1709,XDCE,3932,3918,3935,8834,346734320,164284,162776,4142,3748,3945,3926,0,3918,0,0,0,2017-04-13,32645832,3932,3,0,0,0,0,0,0,0,0,3933,22,0,0,0,0,0,0,0,0
440,2017-04-13,09:04:06,362,jd1709,XDCE,3933,3918,3935,8836,346812980,164286,162776,4142,3748,3945,3926,0,3918,0,0,0,2017-04-13,32646362,3932,23,0,0,0,0,0,0,0,0,3933,20,0,0,0,0,0,0,0,0
441,2017-04-13,09:04:06,786,jd1709,XDCE,3932,3918,3935,8840,346970260,164290,162776,4142,3748,3945,3926,0,3918,0,0,0,2017-04-13,32646786,3932,21,0,0,0,0,0,0,0,0,3933,21,0,0,0,0,0,0,0,0
442,2017-04-13,09:04:07,340,jd1709,XDCE,3932,3918,3935,8890,348936260,164300,162776,4142,3748,3945,3926,0,3918,0,0,0,2017-04-13,32647340,3931,32,0,0,0,0,0,0,0,0,3932,3,0,0,0,0,0,0,0,0
443,2017-04-13,09:04:07,823,jd1709,XDCE,3931,3918,3935,8900,349329360,164300,162776,4142,3748,3945,3926,0,3918,0,0,0,2017-04-13,32647823,3931,26,0,0,0,0,0,0,0,0,3932,6,0,0,0,0,0,0,0,0
444,2017-04-13,09:04:08,333,jd1709,XDCE,3932,3918,3935,8918,350037120,164300,162776,4142,3748,3945,3926,0,3918,0,0,0,2017-04-13,32648333,3931,26,0,0,0,0,0,0,0,0,3932,2,0,0,0,0,0,0,0,0
445,2017-04-13,09:04:10,346,jd1709,XDCE,3932,3918,3935,8922,350194380,164300,162776,4142,3748,3945,3926,0,3918,0,0,0,2017-04-13,32650346,3931,25,0,0,0,0,0,0,0,0,3932,1,0,0,0,0,0,0,0,0
446,2017-04-13,09:04:10,827,jd1709,XDCE,3932,3918,3935,8924,350273020,164302,162776,4142,3748,3945,3926,0,3918,0,0,0,2017-04-13,32650827,3932,5,0,0,0,0,0,0,0,0,3933,24,0,0,0,0,0,0,0,0
447,2017-04-13,09:04:11,318,jd1709,XDCE,3932,3918,3935,8934,350666220,164312,162776,4142,3748,3945,3926,0,3918,0,0,0,2017-04-13,32651318,3932,5,0,0,0,0,0,0,0,0,3933,24,0,0,0,0,0,0,0,0
448,2017-04-13,09:04:11,793,jd1709,XDCE,3933,3918,3935,8938,350823520,164314,162776,4142,3748,3945,3926,0,3918,0,0,0,2017-04-13,32651793,3932,6,0,0,0,0,0,0,0,0,3933,24,0,0,0,0,0,0,0,0
449,2017-04-13,09:04:12,328,jd1709,XDCE,3933,3918,3935,8938,350823520,164314,162776,4142,3748,3945,3926,0,3918,0,0,0,2017-04-13,32652328,3932,7,0,0,0,0,0,0,0,0,3933,24,0,0,0,0,0,0,0,0
450,2017-04-13,09:04:12,758,jd1709,XDCE,3932,3918,3935,8944,351059440,164316,162776,4142,3748,3945,3926,0,3918,0,0,0,2017-04-13,32652758,3932,4,0,0,0,0,0,0,0,0,3933,24,0,0,0,0,0,0,0,0
451,2017-04-13,09:04:13,102,jd1709,XDCE,3932,3918,3935,8946,351138080,164318,162776,4142,3748,3945,3926,0,3918,0,0,0,2017-04-13,32653102,3932,3,0,0,0,0,0,0,0,0,3933,24,0,0,0,0,0,0,0,0
452,2017-04-13,09:04:13,869,jd1709,XDCE,3932,3918,3935,8948,351216720,164318,162776,4142,3748,3945,3926,0,3918,0,0,0,2017-04-13,32653869,3932,6,0,0,0,0,0,0,0,0,3933,24,0,0,0,0,0,0,0,0
453,2017-04-13,09:04:15,375,jd1709,XDCE,3932,3918,3935,8962,351767200,164310,162776,4142,3748,3945,3926,0,3918,0,0,0,2017-04-13,32655375,3931,29,0,0,0,0,0,0,0,0,3932,3,0,0,0,0,0,0,0,0
454,2017-04-13,09:04:16,326,jd1709,XDCE,3932,3918,3935,8962,351767200,164310,162776,4142,3748,3945,3926,0,3918,0,0,0,2017-04-13,32656326,3931,29,0,0,0,0,0,0,0,0,3932,4,0,0,0,0,0,0,0,0
455,2017-04-13,09:04:16,821,jd1709,XDCE,3932,3918,3935,8962,351767200,164310,162776,4142,3748,3945,3926,0,3918,0,0,0,2017-04-13,32656821,3931,30,0,0,0,0,0,0,0,0,3932,9,0,0,0,0,0,0,0,0
456,2017-04-13,09:04:17,239,jd1709,XDCE,3932,3918,3935,8980,352474960,164326,162776,4142,3748,3945,3926,0,3918,0,0,0,2017-04-13,32657239,3932,15,0,0,0,0,0,0,0,0,3933,24,0,0,0,0,0,0,0,0
457,2017-04-13,09:04:17,777,jd1709,XDCE,3932,3918,3935,8982,352553600,164326,162776,4142,3748,3945,3926,0,3918,0,0,0,2017-04-13,32657777,3932,14,0,0,0,0,0,0,0,0,3933,24,0,0,0,0,0,0,0,0
458,2017-04-13,09:04:18,830,jd1709,XDCE,3933,3918,3935,9008,353576100,164344,162776,4142,3748,3945,3926,0,3918,0,0,0,2017-04-13,32658830,3932,20,0,0,0,0,0,0,0,0,3933,11,0,0,0,0,0,0,0,0
459,2017-04-13,09:04:19,369,jd1709,XDCE,3932,3918,3935,9060,355620760,164320,162776,4142,3748,3945,3926,0,3918,0,0,0,2017-04-13,32659369,3931,30,0,0,0,0,0,0,0,0,3932,12,0,0,0,0,0,0,0,0
460,2017-04-13,09:04:19,799,jd1709,XDCE,3932,3918,3935,9064,355778040,164320,162776,4142,3748,3945,3926,0,3918,0,0,0,2017-04-13,32659799,3931,31,0,0,0,0,0,0,0,0,3932,13,0,0,0,0,0,0,0,0
461,2017-04-13,09:04:20,358,jd1709,XDCE,3932,3918,3935,9066,355856680,164320,162776,4142,3748,3945,3926,0,3918,0,0,0,2017-04-13,32660358,3931,31,0,0,0,0,0,0,0,0,3932,14,0,0,0,0,0,0,0,0
462,2017-04-13,09:04:20,679,jd1709,XDCE,3932,3918,3935,9068,355935320,164320,162776,4142,3748,3945,3926,0,3918,0,0,0,2017-04-13,32660679,3931,31,0,0,0,0,0,0,0,0,3932,14,0,0,0,0,0,0,0,0
463,2017-04-13,09:04:21,647,jd1709,XDCE,3931,3918,3935,9072,356092580,164318,162776,4142,3748,3945,3926,0,3918,0,0,0,2017-04-13,32661647,3931,19,0,0,0,0,0,0,0,0,3932,13,0,0,0,0,0,0,0,0
464,2017-04-13,09:04:22,5,jd1709,XDCE,3931,3918,3935,9074,356171200,164316,162776,4142,3748,3945,3926,0,3918,0,0,0,2017-04-13,32662005,3931,18,0,0,0,0,0,0,0,0,3932,13,0,0,0,0,0,0,0,0
465,2017-04-13,09:04:22,792,jd1709,XDCE,3932,3918,3935,9090,356800300,164314,162776,4142,3748,3945,3926,0,3918,0,0,0,2017-04-13,32662792,3931,17,0,0,0,0,0,0,0,0,3932,7,0,0,0,0,0,0,0,0
466,2017-04-13,09:04:23,862,jd1709,XDCE,3932,3918,3935,9090,356800300,164314,162776,4142,3748,3945,3926,0,3918,0,0,0,2017-04-13,32663862,3931,17,0,0,0,0,0,0,0,0,3932,8,0,0,0,0,0,0,0,0
467,2017-04-13,09:04:24,336,jd1709,XDCE,3932,3918,3935,9090,356800300,164314,162776,4142,3748,3945,3926,0,3918,0,0,0,2017-04-13,32664336,3931,16,0,0,0,0,0,0,0,0,3932,8,0,0,0,0,0,0,0,0
468,2017-04-13,09:04:24,869,jd1709,XDCE,3932,3918,3935,9090,356800300,164314,162776,4142,3748,3945,3926,0,3918,0,0,0,2017-04-13,32664869,3931,16,0,0,0,0,0,0,0,0,3932,7,0,0,0,0,0,0,0,0
469,2017-04-13,09:04:25,302,jd1709,XDCE,3931,3918,3935,9092,356878920,164314,162776,4142,3748,3945,3926,0,3918,0,0,0,2017-04-13,32665302,3931,16,0,0,0,0,0,0,0,0,3932,8,0,0,0,0,0,0,0,0
470,2017-04-13,09:04:25,821,jd1709,XDCE,3931,3918,3935,9092,356878920,164314,162776,4142,3748,3945,3926,0,3918,0,0,0,2017-04-13,32665821,3931,16,0,0,0,0,0,0,0,0,3932,9,0,0,0,0,0,0,0,0
471,2017-04-13,09:04:26,733,jd1709,XDCE,3932,3918,3935,9118,357901140,164306,162776,4142,3748,3945,3926,0,3918,0,0,0,2017-04-13,32666733,3931,14,0,0,0,0,0,0,0,0,3932,1,0,0,0,0,0,0,0,0
472,2017-04-13,09:04:27,809,jd1709,XDCE,3931,3918,3935,9120,357979760,164306,162776,4142,3748,3945,3926,0,3918,0,0,0,2017-04-13,32667809,3931,13,0,0,0,0,0,0,0,0,3932,1,0,0,0,0,0,0,0,0
473,2017-04-13,09:04:28,332,jd1709,XDCE,3931,3918,3935,9122,358058380,164306,162776,4142,3748,3945,3926,0,3918,0,0,0,2017-04-13,32668332,3931,9,0,0,0,0,0,0,0,0,3932,1,0,0,0,0,0,0,0,0
474,2017-04-13,09:04:29,329,jd1709,XDCE,3931,3918,3935,9126,358215620,164306,162776,4142,3748,3945,3926,0,3918,0,0,0,2017-04-13,32669329,3931,7,0,0,0,0,0,0,0,0,3932,4,0,0,0,0,0,0,0,0
475,2017-04-13,09:04:29,687,jd1709,XDCE,3932,3918,3935,9128,358294260,164308,162776,4142,3748,3945,3926,0,3918,0,0,0,2017-04-13,32669687,3931,8,0,0,0,0,0,0,0,0,3932,3,0,0,0,0,0,0,0,0
476,2017-04-13,09:04:30,272,jd1709,XDCE,3932,3918,3935,9130,358372900,164308,162776,4142,3748,3945,3926,0,3918,0,0,0,2017-04-13,32670272,3931,8,0,0,0,0,0,0,0,0,3932,3,0,0,0,0,0,0,0,0
477,2017-04-13,09:04:30,772,jd1709,XDCE,3931,3918,3935,9132,358451520,164308,162776,4142,3748,3945,3926,0,3918,0,0,0,2017-04-13,32670772,3931,7,0,0,0,0,0,0,0,0,3932,3,0,0,0,0,0,0,0,0
478,2017-04-13,09:04:31,266,jd1709,XDCE,3931,3918,3935,9132,358451520,164308,162776,4142,3748,3945,3926,0,3918,0,0,0,2017-04-13,32671266,3931,8,0,0,0,0,0,0,0,0,3932,4,0,0,0,0,0,0,0,0
479,2017-04-13,09:04:31,822,jd1709,XDCE,3931,3918,3935,9134,358530140,164308,162776,4142,3748,3945,3926,0,3918,0,0,0,2017-04-13,32671822,3931,7,0,0,0,0,0,0,0,0,3932,5,0,0,0,0,0,0,0,0
480,2017-04-13,09:04:32,870,jd1709,XDCE,3931,3918,3935,9134,358530140,164308,162776,4142,3748,3945,3926,0,3918,0,0,0,2017-04-13,32672870,3931,7,0,0,0,0,0,0,0,0,3932,6,0,0,0,0,0,0,0,0
481,2017-04-13,09:04:33,281,jd1709,XDCE,3931,3918,3935,9148,359080480,164302,162776,4142,3748,3945,3926,0,3918,0,0,0,2017-04-13,32673281,3930,37,0,0,0,0,0,0,0,0,3931,1,0,0,0,0,0,0,0,0
482,2017-04-13,09:04:33,775,jd1709,XDCE,3931,3918,3935,9148,359080480,164302,162776,4142,3748,3945,3926,0,3918,0,0,0,2017-04-13,32673775,3930,37,0,0,0,0,0,0,0,0,3931,3,0,0,0,0,0,0,0,0
483,2017-04-13,09:04:34,313,jd1709,XDCE,3931,3918,3935,9152,359237720,164306,162776,4142,3748,3945,3926,0,3918,0,0,0,2017-04-13,32674313,3930,37,0,0,0,0,0,0,0,0,3931,1,0,0,0,0,0,0,0,0
484,2017-04-13,09:04:34,512,jd1709,XDCE,3932,3918,3935,9166,359788180,164300,162776,4142,3748,3945,3926,0,3918,0,0,0,2017-04-13,32674512,3930,42,0,0,0,0,0,0,0,0,3933,13,0,0,0,0,0,0,0,0
485,2017-04-13,09:04:35,336,jd1709,XDCE,3932,3918,3935,9166,359788180,164300,162776,4142,3748,3945,3926,0,3918,0,0,0,2017-04-13,32675336,3931,3,0,0,0,0,0,0,0,0,3932,2,0,0,0,0,0,0,0,0
486,2017-04-13,09:04:35,766,jd1709,XDCE,3931,3918,3935,9168,359866800,164300,162776,4142,3748,3945,3926,0,3918,0,0,0,2017-04-13,32675766,3931,2,0,0,0,0,0,0,0,0,3932,5,0,0,0,0,0,0,0,0
487,2017-04-13,09:04:37,323,jd1709,XDCE,3931,3918,3935,9168,359866800,164300,162776,4142,3748,3945,3926,0,3918,0,0,0,2017-04-13,32677323,3931,4,0,0,0,0,0,0,0,0,3932,5,0,0,0,0,0,0,0,0
488,2017-04-13,09:04:37,803,jd1709,XDCE,3931,3918,3935,9170,359945420,164298,162776,4142,3748,3945,3926,0,3918,0,0,0,2017-04-13,32677803,3931,3,0,0,0,0,0,0,0,0,3932,5,0,0,0,0,0,0,0,0
489,2017-04-13,09:04:39,34,jd1709,XDCE,3932,3918,3935,9174,360102700,164302,162776,4142,3748,3945,3926,0,3918,0,0,0,2017-04-13,32679034,3931,3,0,0,0,0,0,0,0,0,3932,5,0,0,0,0,0,0,0,0
490,2017-04-13,09:04:39,829,jd1709,XDCE,3932,3918,3935,9180,360338620,164302,162776,4142,3748,3945,3926,0,3918,0,0,0,2017-04-13,32679829,3931,5,0,0,0,0,0,0,0,0,3932,5,0,0,0,0,0,0,0,0
491,2017-04-13,09:04:40,314,jd1709,XDCE,3932,3918,3935,9180,360338620,164302,162776,4142,3748,3945,3926,0,3918,0,0,0,2017-04-13,32680314,3931,6,0,0,0,0,0,0,0,0,3932,5,0,0,0,0,0,0,0,0
492,2017-04-13,09:04:40,705,jd1709,XDCE,3932,3918,3935,9188,360653120,164304,162776,4142,3748,3945,3926,0,3918,0,0,0,2017-04-13,32680705,3931,3,0,0,0,0,0,0,0,0,3932,6,0,0,0,0,0,0,0,0
493,2017-04-13,09:04:42,280,jd1709,XDCE,3931,3918,3935,9194,360888980,164300,162776,4142,3748,3945,3926,0,3918,0,0,0,2017-04-13,32682280,3930,54,0,0,0,0,0,0,0,0,3931,33,0,0,0,0,0,0,0,0
494,2017-04-13,09:04:42,856,jd1709,XDCE,3931,3918,3935,9198,361046220,164300,162776,4142,3748,3945,3926,0,3918,0,0,0,2017-04-13,32682856,3930,54,0,0,0,0,0,0,0,0,3931,31,0,0,0,0,0,0,0,0
495,2017-04-13,09:04:43,819,jd1709,XDCE,3931,3918,3935,9200,361124840,164298,162776,4142,3748,3945,3926,0,3918,0,0,0,2017-04-13,32683819,3930,54,0,0,0,0,0,0,0,0,3931,30,0,0,0,0,0,0,0,0
496,2017-04-13,09:04:44,179,jd1709,XDCE,3931,3918,3935,9202,361203460,164298,162776,4142,3748,3945,3926,0,3918,0,0,0,2017-04-13,32684179,3930,54,0,0,0,0,0,0,0,0,3931,29,0,0,0,0,0,0,0,0
497,2017-04-13,09:04:44,819,jd1709,XDCE,3930,3918,3935,9212,361596460,164308,162776,4142,3748,3945,3926,0,3918,0,0,0,2017-04-13,32684819,3930,50,0,0,0,0,0,0,0,0,3931,29,0,0,0,0,0,0,0,0
498,2017-04-13,09:04:45,371,jd1709,XDCE,3930,3918,3935,9218,361832280,164312,162776,4142,3748,3945,3926,0,3918,0,0,0,2017-04-13,32685371,3930,48,0,0,0,0,0,0,0,0,3931,28,0,0,0,0,0,0,0,0
499,2017-04-13,09:04:45,700,jd1709,XDCE,3930,3918,3935,9218,361832280,164312,162776,4142,3748,3945,3926,0,3918,0,0,0,2017-04-13,32685700,3930,45,0,0,0,0,0,0,0,0,3931,28,0,0,0,0,0,0,0,0
500,2017-04-13,09:04:46,844,jd1709,XDCE,3930,3918,3935,9222,361989500,164314,162776,4142,3748,3945,3926,0,3918,0,0,0,2017-04-13,32686844,3930,45,0,0,0,0,0,0,0,0,3931,27,0,0,0,0,0,0,0,0
501,2017-04-13,09:04:47,207,jd1709,XDCE,3930,3918,3935,9222,361989500,164314,162776,4142,3748,3945,3926,0,3918,0,0,0,2017-04-13,32687207,3930,46,0,0,0,0,0,0,0,0,3931,27,0,0,0,0,0,0,0,0
502,2017-04-13,09:04:47,736,jd1709,XDCE,3930,3918,3935,9242,362775500,164322,162776,4142,3748,3945,3926,0,3918,0,0,0,2017-04-13,32687736,3930,36,0,0,0,0,0,0,0,0,3931,27,0,0,0,0,0,0,0,0
503,2017-04-13,09:04:48,495,jd1709,XDCE,3930,3918,3935,9244,362854100,164324,162776,4142,3748,3945,3926,0,3918,0,0,0,2017-04-13,32688495,3930,35,0,0,0,0,0,0,0,0,3931,27,0,0,0,0,0,0,0,0
504,2017-04-13,09:04:49,345,jd1709,XDCE,3931,3918,3935,9250,363089920,164322,162776,4142,3748,3945,3926,0,3918,0,0,0,2017-04-13,32689345,3930,33,0,0,0,0,0,0,0,0,3931,26,0,0,0,0,0,0,0,0
505,2017-04-13,09:04:49,545,jd1709,XDCE,3931,3918,3935,9252,363168540,164322,162776,4142,3748,3945,3926,0,3918,0,0,0,2017-04-13,32689545,3930,35,0,0,0,0,0,0,0,0,3931,25,0,0,0,0,0,0,0,0
506,2017-04-13,09:04:50,371,jd1709,XDCE,3930,3918,3935,9258,363404340,164322,162776,4142,3748,3945,3926,0,3918,0,0,0,2017-04-13,32690371,3930,34,0,0,0,0,0,0,0,0,3931,30,0,0,0,0,0,0,0,0
507,2017-04-13,09:04:50,834,jd1709,XDCE,3930,3918,3935,9322,365919540,164340,162776,4142,3748,3945,3926,0,3918,0,0,0,2017-04-13,32690834,3930,3,0,0,0,0,0,0,0,0,3931,38,0,0,0,0,0,0,0,0
508,2017-04-13,09:04:51,115,jd1709,XDCE,3930,3918,3935,9328,366155340,164340,162776,4142,3748,3945,3926,0,3918,0,0,0,2017-04-13,32691115,3929,14,0,0,0,0,0,0,0,0,3930,4,0,0,0,0,0,0,0,0
509,2017-04-13,09:04:51,873,jd1709,XDCE,3931,3918,3935,9340,366626980,164330,162776,4142,3748,3945,3926,0,3918,0,0,0,2017-04-13,32691873,3929,9,0,0,0,0,0,0,0,0,3930,1,0,0,0,0,0,0,0,0
510,2017-04-13,09:04:52,320,jd1709,XDCE,3931,3918,3935,9340,366626980,164330,162776,4142,3748,3945,3926,0,3918,0,0,0,2017-04-13,32692320,3929,9,0,0,0,0,0,0,0,0,3930,4,0,0,0,0,0,0,0,0
511,2017-04-13,09:04:53,240,jd1709,XDCE,3930,3918,3935,9348,366941380,164322,162776,4142,3748,3945,3926,0,3918,0,0,0,2017-04-13,32693240,3930,2,0,0,0,0,0,0,0,0,3931,33,0,0,0,0,0,0,0,0
512,2017-04-13,09:04:54,749,jd1709,XDCE,3930,3918,3935,9348,366941380,164322,162776,4142,3748,3945,3926,0,3918,0,0,0,2017-04-13,32694749,3930,3,0,0,0,0,0,0,0,0,3931,33,0,0,0,0,0,0,0,0
513,2017-04-13,09:04:55,325,jd1709,XDCE,3930,3918,3935,9352,367098580,164318,162776,4142,3748,3945,3926,0,3918,0,0,0,2017-04-13,32695325,3930,1,0,0,0,0,0,0,0,0,3931,33,0,0,0,0,0,0,0,0
514,2017-04-13,09:04:55,532,jd1709,XDCE,3931,3918,3935,9364,367570300,164306,162776,4142,3748,3945,3926,0,3918,0,0,0,2017-04-13,32695532,3930,2,0,0,0,0,0,0,0,0,3931,27,0,0,0,0,0,0,0,0
515,2017-04-13,09:04:56,213,jd1709,XDCE,3931,3918,3935,9366,367648920,164306,162776,4142,3748,3945,3926,0,3918,0,0,0,2017-04-13,32696213,3930,2,0,0,0,0,0,0,0,0,3931,26,0,0,0,0,0,0,0,0
516,2017-04-13,09:04:56,871,jd1709,XDCE,3931,3918,3935,9374,367963400,164306,162776,4142,3748,3945,3926,0,3918,0,0,0,2017-04-13,32696871,3930,8,0,0,0,0,0,0,0,0,3931,17,0,0,0,0,0,0,0,0
517,2017-04-13,09:04:57,149,jd1709,XDCE,3930,3918,3935,9380,368199220,164306,162776,4142,3748,3945,3926,0,3918,0,0,0,2017-04-13,32697149,3930,7,0,0,0,0,0,0,0,0,3931,16,0,0,0,0,0,0,0,0
518,2017-04-13,09:04:57,833,jd1709,XDCE,3931,3918,3935,9386,368435080,164306,162776,4142,3748,3945,3926,0,3918,0,0,0,2017-04-13,32697833,3930,7,0,0,0,0,0,0,0,0,3931,13,0,0,0,0,0,0,0,0
519,2017-04-13,09:04:58,332,jd1709,XDCE,3931,3918,3935,9416,369614320,164292,162776,4142,3748,3945,3926,0,3918,0,0,0,2017-04-13,32698332,3930,7,0,0,0,0,0,0,0,0,3931,1,0,0,0,0,0,0,0,0
520,2017-04-13,09:04:58,820,jd1709,XDCE,3931,3918,3935,9418,369692940,164290,162776,4142,3748,3945,3926,0,3918,0,0,0,2017-04-13,32698820,3931,6,0,0,0,0,0,0,0,0,3932,12,0,0,0,0,0,0,0,0
521,2017-04-13,09:04:59,323,jd1709,XDCE,3931,3918,3935,9422,369850180,164288,162776,4142,3748,3945,3926,0,3918,0,0,0,2017-04-13,32699323,3931,1,0,0,0,0,0,0,0,0,3932,17,0,0,0,0,0,0,0,0
522,2017-04-13,09:04:59,874,jd1709,XDCE,3931,3918,3935,9424,369928800,164286,162776,4142,3748,3945,3926,0,3918,0,0,0,2017-04-13,32699874,3930,13,0,0,0,0,0,0,0,0,3932,17,0,0,0,0,0,0,0,0
523,2017-04-13,09:05:00,17,jd1709,XDCE,3931,3918,3935,9424,369928800,164286,162776,4142,3748,3945,3926,0,3918,0,0,0,2017-04-13,32700017,3931,3,0,0,0,0,0,0,0,0,3932,17,0,0,0,0,0,0,0,0
524,2017-04-13,09:05:00,661,jd1709,XDCE,3931,3918,3935,9424,369928800,164286,162776,4142,3748,3945,3926,0,3918,0,0,0,2017-04-13,32700661,3930,23,0,0,0,0,0,0,0,0,3932,12,0,0,0,0,0,0,0,0
525,2017-04-13,09:05:01,307,jd1709,XDCE,3930,3918,3935,9472,371815260,164256,162776,4142,3748,3945,3926,0,3918,0,0,0,2017-04-13,32701307,3930,6,0,0,0,0,0,0,0,0,3931,3,0,0,0,0,0,0,0,0
526,2017-04-13,09:05:01,638,jd1709,XDCE,3930,3918,3935,9472,371815260,164256,162776,4142,3748,3945,3926,0,3918,0,0,0,2017-04-13,32701638,3930,7,0,0,0,0,0,0,0,0,3931,4,0,0,0,0,0,0,0,0
527,2017-04-13,09:05:02,346,jd1709,XDCE,3931,3918,3935,9474,371893880,164256,162776,4142,3748,3945,3926,0,3918,0,0,0,2017-04-13,32702346,3930,7,0,0,0,0,0,0,0,0,3931,1,0,0,0,0,0,0,0,0
528,2017-04-13,09:05:02,874,jd1709,XDCE,3931,3918,3935,9476,371972500,164258,162776,4142,3748,3945,3926,0,3918,0,0,0,2017-04-13,32702874,3930,7,0,0,0,0,0,0,0,0,3931,4,0,0,0,0,0,0,0,0
529,2017-04-13,09:05:03,219,jd1709,XDCE,3930,3918,3935,9482,372208320,164258,162776,4142,3748,3945,3926,0,3918,0,0,0,2017-04-13,32703219,3930,5,0,0,0,0,0,0,0,0,3931,3,0,0,0,0,0,0,0,0
530,2017-04-13,09:05:03,785,jd1709,XDCE,3931,3918,3935,9484,372286940,164260,162776,4142,3748,3945,3926,0,3918,0,0,0,2017-04-13,32703785,3930,5,0,0,0,0,0,0,0,0,3931,2,0,0,0,0,0,0,0,0
531,2017-04-13,09:05:04,345,jd1709,XDCE,3931,3918,3935,9490,372522800,164266,162776,4142,3748,3945,3926,0,3918,0,0,0,2017-04-13,32704345,3930,5,0,0,0,0,0,0,0,0,3932,17,0,0,0,0,0,0,0,0
532,2017-04-13,09:05:04,630,jd1709,XDCE,3931,3918,3935,9490,372522800,164266,162776,4142,3748,3945,3926,0,3918,0,0,0,2017-04-13,32704630,3930,6,0,0,0,0,0,0,0,0,3932,17,0,0,0,0,0,0,0,0
533,2017-04-13,09:05:05,357,jd1709,XDCE,3931,3918,3935,9498,372837280,164272,162776,4142,3748,3945,3926,0,3918,0,0,0,2017-04-13,32705357,3930,6,0,0,0,0,0,0,0,0,3931,37,0,0,0,0,0,0,0,0
534,2017-04-13,09:05:05,748,jd1709,XDCE,3931,3918,3935,9498,372837280,164272,162776,4142,3748,3945,3926,0,3918,0,0,0,2017-04-13,32705748,3930,8,0,0,0,0,0,0,0,0,3931,20,0,0,0,0,0,0,0,0
535,2017-04-13,09:05:06,356,jd1709,XDCE,3930,3918,3935,9506,373151680,164264,162776,4142,3748,3945,3926,0,3918,0,0,0,2017-04-13,32706356,3930,7,0,0,0,0,0,0,0,0,3931,21,0,0,0,0,0,0,0,0
536,2017-04-13,09:05:06,742,jd1709,XDCE,3931,3918,3935,9516,373544700,164270,162776,4142,3748,3945,3926,0,3918,0,0,0,2017-04-13,32706742,3930,3,0,0,0,0,0,0,0,0,3931,21,0,0,0,0,0,0,0,0
537,2017-04-13,09:05:07,334,jd1709,XDCE,3931,3918,3935,9518,373623320,164270,162776,4142,3748,3945,3926,0,3918,0,0,0,2017-04-13,32707334,3930,6,0,0,0,0,0,0,0,0,3931,20,0,0,0,0,0,0,0,0
538,2017-04-13,09:05:07,833,jd1709,XDCE,3930,3918,3935,9530,374094920,164262,162776,4142,3748,3945,3926,0,3918,0,0,0,2017-04-13,32707833,3929,9,0,0,0,0,0,0,0,0,3930,35,0,0,0,0,0,0,0,0
539,2017-04-13,09:05:07,982,jd1709,XDCE,3930,3918,3935,9530,374094920,164262,162776,4142,3748,3945,3926,0,3918,0,0,0,2017-04-13,32707982,3929,9,0,0,0,0,0,0,0,0,3930,38,0,0,0,0,0,0,0,0
