,dataDate,dataTime,dataMillisec,instrumentID,exchangeCD,lastPrice,lowPrice,highPrice,volume,value,openInterest,preOpenInterest,upperLimitPrice,lowerLimitPrice,preSettlementPrice,prevClosePrice,settlementPrice,openPrice,closePrice,preDelta,currDelta,clearingDay,milliSecOffset,bidPrice1,bidVolume1,bidPrice2,bidVolume2,bidPrice3,bidVolume3,bidPrice4,bidVolume4,bidPrice5,bidVolume5,askPrice1,askVolume1,askPrice2,askVolume2,askPrice3,askVolume3,askPrice4,askVolume4,askPrice5,askVolume5
0,2017-04-13,08:59:00,95,l1709,XDCE,9065,9065,9065,710,32180750,348050,347882,9580,8670,9125,9075,0,9065,0,0,0,2017-04-13,32340095,9065,14,0,0,0,0,0,0,0,0,9070,38,0,0,0,0,0,0,0,0
1,2017-04-13,09:00:00,117,l1709,XDCE,9060,9060,9065,872,39520100,348210,347882,9580,8670,9125,9075,0,9065,0,0,0,2017-04-13,32400117,9055,33,0,0,0,0,0,0,0,0,9060,31,0,0,0,0,0,0,0,0
2,2017-04-13,09:00:00,627,l1709,XDCE,9050,9050,9065,1608,72840750,348538,347882,9580,8670,9125,9075,0,9065,0,0,0,2017-04-13,32400627,9050,83,0,0,0,0,0,0,0,0,9055,102,0,0,0,0,0,0,0,0
3,2017-04-13,09:00:01,127,l1709,XDCE,9045,9045,9065,2054,93022500,348662,347882,9580,8670,9125,9075,0,9065,0,0,0,2017-04-13,32401127,9045,53,0,0,0,0,0,0,0,0,9050,25,0,0,0,0,0,0,0,0
4,2017-04-13,09:00:01,629,l1709,XDCE,9050,9045,9065,2324,105236600,348722,347882,9580,8670,9125,9075,0,9065,0,0,0,2017-04-13,32401629,9045,8,0,0,0,0,0,0,0,0,9050,35,0,0,0,0,0,0,0,0
5,2017-04-13,09:00:02,126,l1709,XDCE,9050,9040,9065,2582,116905000,348688,347882,9580,8670,9125,9075,0,9065,0,0,0,2017-04-13,32402126,9045,27,0,0,0,0,0,0,0,0,9050,51,0,0,0,0,0,0,0,0
6,2017-04-13,09:00:02,597,l1709,XDCE,9045,9040,9065,2812,127305550,348812,347882,9580,8670,9125,9075,0,9065,0,0,0,2017-04-13,32402597,9045,3,0,0,0,0,0,0,0,0,9050,80,0,0,0,0,0,0,0,0
7,2017-04-13,09:00:03,125,l1709,XDCE,9045,9040,9065,3076,139243900,348848,347882,9580,8670,9125,9075,0,9065,0,0,0,2017-04-13,32403125,9045,10,0,0,0,0,0,0,0,0,9050,33,0,0,0,0,0,0,0,0
8,2017-04-13,09:00:03,629,l1709,XDCE,9045,9040,9065,3478,157426750,348650,347882,9580,8670,9125,9075,0,9065,0,0,0,2017-04-13,32403629,9050,3,0,0,0,0,0,0,0,0,9055,94,0,0,0,0,0,0,0,0
9,2017-04-13,09:00:04,112,l1709,XDCE,9055,9040,9065,3638,164666500,348620,347882,9580,8670,9125,9075,0,9065,0,0,0,2017-04-13,32404112,9050,15,0,0,0,0,0,0,0,0,9055,89,0,0,0,0,0,0,0,0
10,2017-04-13,09:00:04,620,l1709,XDCE,9050,9040,9065,4062,183860800,348604,347882,9580,8670,9125,9075,0,9065,0,0,0,2017-04-13,32404620,9050,1,0,0,0,0,0,0,0,0,9060,117,0,0,0,0,0,0,0,0
11,2017-04-13,09:00:05,109,l1709,XDCE,9050,9040,9065,4142,187481100,348606,347882,9580,8670,9125,9075,0,9065,0,0,0,2017-04-13,32405109,9045,79,0,0,0,0,0,0,0,0,9050,30,0,0,0,0,0,0,0,0
12,2017-04-13,09:00:05,620,l1709,XDCE,9050,9040,9065,4400,199158900,348582,347882,9580,8670,9125,9075,0,9065,0,0,0,2017-04-13,32405620,9050,35,0,0,0,0,0,0,0,0,9055,48,0,0,0,0,0,0,0,0
13,2017-04-13,09:00:06,102,l1709,XDCE,9050,9040,9065,4480,202778900,348608,347882,9580,8670,9125,9075,0,9065,0,0,0,2017-04-13,32406102,9050,143,0,0,0,0,0,0,0,0,9055,75,0,0,0,0,0,0,0,0
14,2017-04-13,09:00:06,599,l1709,XDCE,9050,9040,9065,4724,213824250,348654,347882,9580,8670,9125,9075,0,9065,0,0,0,2017-04-13,32406599,9050,129,0,0,0,0,0,0,0,0,9060,139,0,0,0,0,0,0,0,0
15,2017-04-13,09:00:07,116,l1709,XDCE,9055,9040,9065,4772,215997400,348648,347882,9580,8670,9125,9075,0,9065,0,0,0,2017-04-13,32407116,9055,27,0,0,0,0,0,0,0,0,9060,160,0,0,0,0,0,0,0,0
16,2017-04-13,09:00:07,594,l1709,XDCE,9055,9040,9065,5144,232838200,348764,347882,9580,8670,9125,9075,0,9065,0,0,0,2017-04-13,32407594,9050,77,0,0,0,0,0,0,0,0,9055,17,0,0,0,0,0,0,0,0
17,2017-04-13,09:00:08,121,l1709,XDCE,9055,9040,9065,5396,244249150,348712,347882,9580,8670,9125,9075,0,9065,0,0,0,2017-04-13,32408121,9055,18,0,0,0,0,0,0,0,0,9060,87,0,0,0,0,0,0,0,0
18,2017-04-13,09:00:08,615,l1709,XDCE,9055,9040,9065,5554,251405150,348654,347882,9580,8670,9125,9075,0,9065,0,0,0,2017-04-13,32408615,9055,11,0,0,0,0,0,0,0,0,9060,58,0,0,0,0,0,0,0,0
19,2017-04-13,09:00:09,122,l1709,XDCE,9055,9040,9065,5826,263720150,348868,347882,9580,8670,9125,9075,0,9065,0,0,0,2017-04-13,32409122,9050,130,0,0,0,0,0,0,0,0,9055,18,0,0,0,0,0,0,0,0
20,2017-04-13,09:00:09,611,l1709,XDCE,9055,9040,9065,5992,271237950,348816,347882,9580,8670,9125,9075,0,9065,0,0,0,2017-04-13,32409611,9055,57,0,0,0,0,0,0,0,0,9060,37,0,0,0,0,0,0,0,0
21,2017-04-13,09:00:10,98,l1709,XDCE,9055,9040,9065,6024,272686800,348820,347882,9580,8670,9125,9075,0,9065,0,0,0,2017-04-13,32410098,9055,43,0,0,0,0,0,0,0,0,9060,85,0,0,0,0,0,0,0,0
22,2017-04-13,09:00:10,627,l1709,XDCE,9055,9040,9065,6214,281289500,348772,347882,9580,8670,9125,9075,0,9065,0,0,0,2017-04-13,32410627,9055,27,0,0,0,0,0,0,0,0,9060,95,0,0,0,0,0,0,0,0
23,2017-04-13,09:00:11,114,l1709,XDCE,9055,9040,9065,6264,283553250,348772,347882,9580,8670,9125,9075,0,9065,0,0,0,2017-04-13,32411114,9055,29,0,0,0,0,0,0,0,0,9060,69,0,0,0,0,0,0,0,0
24,2017-04-13,09:00:11,615,l1709,XDCE,9055,9040,9065,6326,286360300,348810,347882,9580,8670,9125,9075,0,9065,0,0,0,2017-04-13,32411615,9050,109,0,0,0,0,0,0,0,0,9055,77,0,0,0,0,0,0,0,0
25,2017-04-13,09:00:12,129,l1709,XDCE,9055,9040,9065,6328,286450850,348812,347882,9580,8670,9125,9075,0,9065,0,0,0,2017-04-13,32412129,9050,112,0,0,0,0,0,0,0,0,9055,104,0,0,0,0,0,0,0,0
26,2017-04-13,09:00:12,624,l1709,XDCE,9055,9040,9065,6386,289076800,348814,347882,9580,8670,9125,9075,0,9065,0,0,0,2017-04-13,32412624,9050,115,0,0,0,0,0,0,0,0,9055,105,0,0,0,0,0,0,0,0
27,2017-04-13,09:00:13,127,l1709,XDCE,9055,9040,9065,6406,289981950,348834,347882,9580,8670,9125,9075,0,9065,0,0,0,2017-04-13,32413127,9050,137,0,0,0,0,0,0,0,0,9055,106,0,0,0,0,0,0,0,0
28,2017-04-13,09:00:13,586,l1709,XDCE,9050,9040,9065,6422,290706200,348848,347882,9580,8670,9125,9075,0,9065,0,0,0,2017-04-13,32413586,9050,136,0,0,0,0,0,0,0,0,9055,106,0,0,0,0,0,0,0,0
29,2017-04-13,09:00:14,116,l1709,XDCE,9055,9040,9065,6560,296950950,348880,347882,9580,8670,9125,9075,0,9065,0,0,0,2017-04-13,32414116,9050,62,0,0,0,0,0,0,0,0,9055,122,0,0,0,0,0,0,0,0
30,2017-04-13,09:00:14,624,l1709,XDCE,9050,9040,9065,6594,298489500,348904,347882,9580,8670,9125,9075,0,9065,0,0,0,2017-04-13,32414624,9050,53,0,0,0,0,0,0,0,0,9055,132,0,0,0,0,0,0,0,0
31,2017-04-13,09:00:15,121,l1709,XDCE,9050,9040,9065,6748,305460400,348952,347882,9580,8670,9125,9075,0,9065,0,0,0,2017-04-13,32415121,9050,23,0,0,0,0,0,0,0,0,9055,85,0,0,0,0,0,0,0,0
32,2017-04-13,09:00:15,597,l1709,XDCE,9050,9040,9065,6810,308265900,348986,347882,9580,8670,9125,9075,0,9065,0,0,0,2017-04-13,32415597,9045,53,0,0,0,0,0,0,0,0,9050,18,0,0,0,0,0,0,0,0
33,2017-04-13,09:00:16,111,l1709,XDCE,9050,9040,9065,6820,308718400,348978,347882,9580,8670,9125,9075,0,9065,0,0,0,2017-04-13,32416111,9045,74,0,0,0,0,0,0,0,0,9050,25,0,0,0,0,0,0,0,0
34,2017-04-13,09:00:16,614,l1709,XDCE,9055,9040,9065,7276,329355450,348862,347882,9580,8670,9125,9075,0,9065,0,0,0,2017-04-13,32416614,9050,37,0,0,0,0,0,0,0,0,9055,11,0,0,0,0,0,0,0,0
35,2017-04-13,09:00:17,110,l1709,XDCE,9050,9040,9065,7308,330803950,348886,347882,9580,8670,9125,9075,0,9065,0,0,0,2017-04-13,32417110,9050,37,0,0,0,0,0,0,0,0,9055,18,0,0,0,0,0,0,0,0
36,2017-04-13,09:00:17,592,l1709,XDCE,9050,9040,9065,7326,331618600,348904,347882,9580,8670,9125,9075,0,9065,0,0,0,2017-04-13,32417592,9050,34,0,0,0,0,0,0,0,0,9055,52,0,0,0,0,0,0,0,0
37,2017-04-13,09:00:18,117,l1709,XDCE,9050,9040,9065,7370,333609650,348928,347882,9580,8670,9125,9075,0,9065,0,0,0,2017-04-13,32418117,9050,17,0,0,0,0,0,0,0,0,9055,72,0,0,0,0,0,0,0,0
38,2017-04-13,09:00:18,593,l1709,XDCE,9050,9040,9065,7488,338951650,348904,347882,9580,8670,9125,9075,0,9065,0,0,0,2017-04-13,32418593,9050,8,0,0,0,0,0,0,0,0,9055,40,0,0,0,0,0,0,0,0
39,2017-04-13,09:00:19,115,l1709,XDCE,9050,9040,9065,7518,340309200,348916,347882,9580,8670,9125,9075,0,9065,0,0,0,2017-04-13,32419115,9050,21,0,0,0,0,0,0,0,0,9055,67,0,0,0,0,0,0,0,0
40,2017-04-13,09:00:19,609,l1709,XDCE,9050,9040,9065,7542,341395350,348926,347882,9580,8670,9125,9075,0,9065,0,0,0,2017-04-13,32419609,9050,67,0,0,0,0,0,0,0,0,9055,70,0,0,0,0,0,0,0,0
41,2017-04-13,09:00:20,120,l1709,XDCE,9050,9040,9065,7588,343476900,348936,347882,9580,8670,9125,9075,0,9065,0,0,0,2017-04-13,32420120,9050,51,0,0,0,0,0,0,0,0,9055,78,0,0,0,0,0,0,0,0
42,2017-04-13,09:00:20,623,l1709,XDCE,9050,9040,9065,7672,347278950,348968,347882,9580,8670,9125,9075,0,9065,0,0,0,2017-04-13,32420623,9050,40,0,0,0,0,0,0,0,0,9055,73,0,0,0,0,0,0,0,0
43,2017-04-13,09:00:21,129,l1709,XDCE,9050,9040,9065,7768,351624450,348920,347882,9580,8670,9125,9075,0,9065,0,0,0,2017-04-13,32421129,9050,26,0,0,0,0,0,0,0,0,9055,46,0,0,0,0,0,0,0,0
44,2017-04-13,09:00:21,608,l1709,XDCE,9050,9040,9065,7816,353796700,348938,347882,9580,8670,9125,9075,0,9065,0,0,0,2017-04-13,32421608,9050,16,0,0,0,0,0,0,0,0,9055,59,0,0,0,0,0,0,0,0
45,2017-04-13,09:00:22,100,l1709,XDCE,9050,9040,9065,7890,357145250,349008,347882,9580,8670,9125,9075,0,9065,0,0,0,2017-04-13,32422100,9045,63,0,0,0,0,0,0,0,0,9050,125,0,0,0,0,0,0,0,0
46,2017-04-13,09:00:22,603,l1709,XDCE,9045,9040,9065,7904,357778700,349018,347882,9580,8670,9125,9075,0,9065,0,0,0,2017-04-13,32422603,9045,61,0,0,0,0,0,0,0,0,9050,124,0,0,0,0,0,0,0,0
47,2017-04-13,09:00:23,116,l1709,XDCE,9050,9040,9065,7928,358864700,349022,347882,9580,8670,9125,9075,0,9065,0,0,0,2017-04-13,32423116,9045,60,0,0,0,0,0,0,0,0,9050,117,0,0,0,0,0,0,0,0
48,2017-04-13,09:00:23,590,l1709,XDCE,9045,9040,9065,7964,360493400,349058,347882,9580,8670,9125,9075,0,9065,0,0,0,2017-04-13,32423590,9045,54,0,0,0,0,0,0,0,0,9050,108,0,0,0,0,0,0,0,0
49,2017-04-13,09:00:23,951,l1709,XDCE,9050,9040,9065,7972,360855250,349066,347882,9580,8670,9125,9075,0,9065,0,0,0,2017-04-13,32423951,9045,51,0,0,0,0,0,0,0,0,9050,109,0,0,0,0,0,0,0,0
50,2017-04-13,09:00:24,622,l1709,XDCE,9045,9040,9065,8158,369268900,349174,347882,9580,8670,9125,9075,0,9065,0,0,0,2017-04-13,32424622,9045,14,0,0,0,0,0,0,0,0,9050,101,0,0,0,0,0,0,0,0
51,2017-04-13,09:00:25,108,l1709,XDCE,9045,9040,9065,8162,369449800,349170,347882,9580,8670,9125,9075,0,9065,0,0,0,2017-04-13,32425108,9045,44,0,0,0,0,0,0,0,0,9050,93,0,0,0,0,0,0,0,0
52,2017-04-13,09:00:25,625,l1709,XDCE,9045,9040,9065,8230,372525650,349192,347882,9580,8670,9125,9075,0,9065,0,0,0,2017-04-13,32425625,9045,29,0,0,0,0,0,0,0,0,9050,82,0,0,0,0,0,0,0,0
53,2017-04-13,09:00:26,118,l1709,XDCE,9045,9040,9065,8266,374153800,349182,347882,9580,8670,9125,9075,0,9065,0,0,0,2017-04-13,32426118,9045,19,0,0,0,0,0,0,0,0,9050,83,0,0,0,0,0,0,0,0
54,2017-04-13,09:00:26,595,l1709,XDCE,9045,9040,9065,8266,374153800,349182,347882,9580,8670,9125,9075,0,9065,0,0,0,2017-04-13,32426595,9045,47,0,0,0,0,0,0,0,0,9050,82,0,0,0,0,0,0,0,0
55,2017-04-13,09:00:27,87,l1709,XDCE,9050,9040,9065,8448,382389250,349222,347882,9580,8670,9125,9075,0,9065,0,0,0,2017-04-13,32427087,9050,15,0,0,0,0,0,0,0,0,9055,92,0,0,0,0,0,0,0,0
56,2017-04-13,09:00:27,621,l1709,XDCE,9045,9040,9065,8522,385736800,349194,347882,9580,8670,9125,9075,0,9065,0,0,0,2017-04-13,32427621,9045,87,0,0,0,0,0,0,0,0,9050,5,0,0,0,0,0,0,0,0
57,2017-04-13,09:00:28,129,l1709,XDCE,9050,9040,9065,8592,388903500,349218,347882,9580,8670,9125,9075,0,9065,0,0,0,2017-04-13,32428129,9045,60,0,0,0,0,0,0,0,0,9055,91,0,0,0,0,0,0,0,0
58,2017-04-13,09:00:28,610,l1709,XDCE,9045,9040,9065,8628,390531700,349230,347882,9580,8670,9125,9075,0,9065,0,0,0,2017-04-13,32428610,9045,57,0,0,0,0,0,0,0,0,9050,10,0,0,0,0,0,0,0,0
59,2017-04-13,09:00:29,121,l1709,XDCE,9050,9040,9065,8672,392522700,349234,347882,9580,8670,9125,9075,0,9065,0,0,0,2017-04-13,32429121,9050,10,0,0,0,0,0,0,0,0,9055,101,0,0,0,0,0,0,0,0
60,2017-04-13,09:00:29,623,l1709,XDCE,9045,9040,9065,8806,398584000,349258,347882,9580,8670,9125,9075,0,9065,0,0,0,2017-04-13,32429623,9045,48,0,0,0,0,0,0,0,0,9050,139,0,0,0,0,0,0,0,0
61,2017-04-13,09:00:30,129,l1709,XDCE,9050,9040,9065,8858,400936800,349238,347882,9580,8670,9125,9075,0,9065,0,0,0,2017-04-13,32430129,9050,4,0,0,0,0,0,0,0,0,9055,111,0,0,0,0,0,0,0,0
62,2017-04-13,09:00:30,611,l1709,XDCE,9050,9040,9065,8918,403651800,349232,347882,9580,8670,9125,9075,0,9065,0,0,0,2017-04-13,32430611,9050,226,0,0,0,0,0,0,0,0,9055,221,0,0,0,0,0,0,0,0
63,2017-04-13,09:00:31,129,l1709,XDCE,9050,9040,9065,8928,404104300,349230,347882,9580,8670,9125,9075,0,9065,0,0,0,2017-04-13,32431129,9050,230,0,0,0,0,0,0,0,0,9055,106,0,0,0,0,0,0,0,0
64,2017-04-13,09:00:31,626,l1709,XDCE,9055,9040,9065,9248,418589850,349116,347882,9580,8670,9125,9075,0,9065,0,0,0,2017-04-13,32431626,9055,73,0,0,0,0,0,0,0,0,9060,167,0,0,0,0,0,0,0,0
65,2017-04-13,09:00:32,93,l1709,XDCE,9055,9040,9065,9278,419948100,349102,347882,9580,8670,9125,9075,0,9065,0,0,0,2017-04-13,32432093,9055,68,0,0,0,0,0,0,0,0,9060,169,0,0,0,0,0,0,0,0
66,2017-04-13,09:00:32,605,l1709,XDCE,9060,9040,9065,9408,425835200,349096,347882,9580,8670,9125,9075,0,9065,0,0,0,2017-04-13,32432605,9055,48,0,0,0,0,0,0,0,0,9060,164,0,0,0,0,0,0,0,0
67,2017-04-13,09:00:33,121,l1709,XDCE,9055,9040,9065,9454,427918650,349090,347882,9580,8670,9125,9075,0,9065,0,0,0,2017-04-13,32433121,9055,95,0,0,0,0,0,0,0,0,9060,149,0,0,0,0,0,0,0,0
68,2017-04-13,09:00:33,585,l1709,XDCE,9055,9040,9065,9466,428462100,349092,347882,9580,8670,9125,9075,0,9065,0,0,0,2017-04-13,32433585,9055,100,0,0,0,0,0,0,0,0,9060,147,0,0,0,0,0,0,0,0
69,2017-04-13,09:00:34,99,l1709,XDCE,9060,9040,9065,9652,436887800,349090,347882,9580,8670,9125,9075,0,9065,0,0,0,2017-04-13,32434099,9055,128,0,0,0,0,0,0,0,0,9060,46,0,0,0,0,0,0,0,0
70,2017-04-13,09:00:34,613,l1709,XDCE,9060,9040,9065,9732,440510850,349080,347882,9580,8670,9125,9075,0,9065,0,0,0,2017-04-13,32434613,9055,143,0,0,0,0,0,0,0,0,9060,38,0,0,0,0,0,0,0,0
71,2017-04-13,09:00:35,97,l1709,XDCE,9060,9040,9065,9764,441960300,349086,347882,9580,8670,9125,9075,0,9065,0,0,0,2017-04-13,32435097,9055,109,0,0,0,0,0,0,0,0,9060,54,0,0,0,0,0,0,0,0
72,2017-04-13,09:00:35,628,l1709,XDCE,9060,9040,9065,9918,448936500,349106,347882,9580,8670,9125,9075,0,9065,0,0,0,2017-04-13,32435628,9060,19,0,0,0,0,0,0,0,0,9065,458,0,0,0,0,0,0,0,0
73,2017-04-13,09:00:36,124,l1709,XDCE,9060,9040,9065,9958,450748550,349112,347882,9580,8670,9125,9075,0,9065,0,0,0,2017-04-13,32436124,9060,161,0,0,0,0,0,0,0,0,9065,465,0,0,0,0,0,0,0,0
74,2017-04-13,09:00:36,593,l1709,XDCE,9060,9040,9065,9962,450929750,349112,347882,9580,8670,9125,9075,0,9065,0,0,0,2017-04-13,32436593,9060,174,0,0,0,0,0,0,0,0,9065,455,0,0,0,0,0,0,0,0
75,2017-04-13,09:00:37,127,l1709,XDCE,9065,9040,9065,9986,452017350,349098,347882,9580,8670,9125,9075,0,9065,0,0,0,2017-04-13,32437127,9060,171,0,0,0,0,0,0,0,0,9065,451,0,0,0,0,0,0,0,0
76,2017-04-13,09:00:37,615,l1709,XDCE,9065,9040,9065,10004,452833100,349092,347882,9580,8670,9125,9075,0,9065,0,0,0,2017-04-13,32437615,9060,174,0,0,0,0,0,0,0,0,9065,468,0,0,0,0,0,0,0,0
77,2017-04-13,09:00:38,124,l1709,XDCE,9065,9040,9065,10026,453829900,349076,347882,9580,8670,9125,9075,0,9065,0,0,0,2017-04-13,32438124,9060,178,0,0,0,0,0,0,0,0,9065,466,0,0,0,0,0,0,0,0
78,2017-04-13,09:00:38,596,l1709,XDCE,9060,9040,9065,10150,459447100,348980,347882,9580,8670,9125,9075,0,9065,0,0,0,2017-04-13,32438596,9060,116,0,0,0,0,0,0,0,0,9065,466,0,0,0,0,0,0,0,0
79,2017-04-13,09:00:39,86,l1709,XDCE,9060,9040,9065,10330,467601100,348882,347882,9580,8670,9125,9075,0,9065,0,0,0,2017-04-13,32439086,9060,34,0,0,0,0,0,0,0,0,9065,466,0,0,0,0,0,0,0,0
80,2017-04-13,09:00:39,626,l1709,XDCE,9060,9040,9065,10366,469231900,348900,347882,9580,8670,9125,9075,0,9065,0,0,0,2017-04-13,32439626,9060,8,0,0,0,0,0,0,0,0,9065,466,0,0,0,0,0,0,0,0
81,2017-04-13,09:00:40,78,l1709,XDCE,9060,9040,9065,10454,473217300,348920,347882,9580,8670,9125,9075,0,9065,0,0,0,2017-04-13,32440078,9055,124,0,0,0,0,0,0,0,0,9060,39,0,0,0,0,0,0,0,0
82,2017-04-13,09:00:40,628,l1709,XDCE,9060,9040,9065,10476,474213900,348918,347882,9580,8670,9125,9075,0,9065,0,0,0,2017-04-13,32440628,9055,111,0,0,0,0,0,0,0,0,9060,205,0,0,0,0,0,0,0,0
83,2017-04-13,09:00:41,115,l1709,XDCE,9060,9040,9065,10540,477112750,348926,347882,9580,8670,9125,9075,0,9065,0,0,0,2017-04-13,32441115,9055,97,0,0,0,0,0,0,0,0,9060,195,0,0,0,0,0,0,0,0
84,2017-04-13,09:00:41,626,l1709,XDCE,9060,9040,9065,10668,482910900,348936,347882,9580,8670,9125,9075,0,9065,0,0,0,2017-04-13,32441626,9055,67,0,0,0,0,0,0,0,0,9060,141,0,0,0,0,0,0,0,0
85,2017-04-13,09:00:42,84,l1709,XDCE,9060,9040,9065,10732,485808750,348962,347882,9580,8670,9125,9075,0,9065,0,0,0,2017-04-13,32442084,9055,104,0,0,0,0,0,0,0,0,9060,139,0,0,0,0,0,0,0,0
86,2017-04-13,09:00:42,591,l1709,XDCE,9055,9040,9065,10782,488072750,348944,347882,9580,8670,9125,9075,0,9065,0,0,0,2017-04-13,32442591,9055,76,0,0,0,0,0,0,0,0,9060,148,0,0,0,0,0,0,0,0
87,2017-04-13,09:00:43,129,l1709,XDCE,9055,9040,9065,10800,488887800,348940,347882,9580,8670,9125,9075,0,9065,0,0,0,2017-04-13,32443129,9055,83,0,0,0,0,0,0,0,0,9060,148,0,0,0,0,0,0,0,0
88,2017-04-13,09:00:43,584,l1709,XDCE,9055,9040,9065,10800,488887800,348940,347882,9580,8670,9125,9075,0,9065,0,0,0,2017-04-13,32443584,9055,84,0,0,0,0,0,0,0,0,9060,158,0,0,0,0,0,0,0,0
89,2017-04-13,09:00:44,118,l1709,XDCE,9055,9040,9065,10800,488887800,348940,347882,9580,8670,9125,9075,0,9065,0,0,0,2017-04-13,32444118,9055,89,0,0,0,0,0,0,0,0,9060,160,0,0,0,0,0,0,0,0
90,2017-04-13,09:00:44,564,l1709,XDCE,9060,9040,9065,10808,489250200,348934,347882,9580,8670,9125,9075,0,9065,0,0,0,2017-04-13,32444564,9055,89,0,0,0,0,0,0,0,0,9060,155,0,0,0,0,0,0,0,0
91,2017-04-13,09:00:45,127,l1709,XDCE,9060,9040,9065,10852,491243400,348890,347882,9580,8670,9125,9075,0,9065,0,0,0,2017-04-13,32445127,9055,98,0,0,0,0,0,0,0,0,9060,144,0,0,0,0,0,0,0,0
92,2017-04-13,09:00:45,624,l1709,XDCE,9055,9040,9065,10876,492330000,348908,347882,9580,8670,9125,9075,0,9065,0,0,0,2017-04-13,32445624,9055,86,0,0,0,0,0,0,0,0,9060,147,0,0,0,0,0,0,0,0
93,2017-04-13,09:00:46,33,l1709,XDCE,9055,9040,9065,10882,492601700,348908,347882,9580,8670,9125,9075,0,9065,0,0,0,2017-04-13,32446033,9055,85,0,0,0,0,0,0,0,0,9060,153,0,0,0,0,0,0,0,0
94,2017-04-13,09:00:46,627,l1709,XDCE,9055,9040,9065,10914,494051000,348898,347882,9580,8670,9125,9075,0,9065,0,0,0,2017-04-13,32446627,9055,101,0,0,0,0,0,0,0,0,9060,145,0,0,0,0,0,0,0,0
95,2017-04-13,09:00:47,128,l1709,XDCE,9060,9040,9065,10948,495590500,348914,347882,9580,8670,9125,9075,0,9065,0,0,0,2017-04-13,32447128,9055,80,0,0,0,0,0,0,0,0,9060,146,0,0,0,0,0,0,0,0
96,2017-04-13,09:00:47,615,l1709,XDCE,9060,9040,9065,10970,496587050,348894,347882,9580,8670,9125,9075,0,9065,0,0,0,2017-04-13,32447615,9055,79,0,0,0,0,0,0,0,0,9060,157,0,0,0,0,0,0,0,0
97,2017-04-13,09:00:48,78,l1709,XDCE,9055,9040,9065,10992,497583250,348894,347882,9580,8670,9125,9075,0,9065,0,0,0,2017-04-13,32448078,9055,82,0,0,0,0,0,0,0,0,9060,154,0,0,0,0,0,0,0,0
98,2017-04-13,09:00:48,580,l1709,XDCE,9055,9040,9065,11026,499122600,348888,347882,9580,8670,9125,9075,0,9065,0,0,0,2017-04-13,32448580,9055,68,0,0,0,0,0,0,0,0,9060,158,0,0,0,0,0,0,0,0
99,2017-04-13,09:00:49,106,l1709,XDCE,9055,9040,9065,11228,508268150,349022,347882,9580,8670,9125,9075,0,9065,0,0,0,2017-04-13,32449106,9055,8,0,0,0,0,0,0,0,0,9060,194,0,0,0,0,0,0,0,0
100,2017-04-13,09:00:49,584,l1709,XDCE,9055,9040,9065,11256,509535850,349014,347882,9580,8670,9125,9075,0,9065,0,0,0,2017-04-13,32449584,9055,51,0,0,0,0,0,0,0,0,9060,191,0,0,0,0,0,0,0,0
101,2017-04-13,09:00:50,99,l1709,XDCE,9060,9040,9065,11262,509807650,349012,347882,9580,8670,9125,9075,0,9065,0,0,0,2017-04-13,32450099,9055,60,0,0,0,0,0,0,0,0,9060,192,0,0,0,0,0,0,0,0
102,2017-04-13,09:00:50,591,l1709,XDCE,9055,9040,9065,11286,510894250,349014,347882,9580,8670,9125,9075,0,9065,0,0,0,2017-04-13,32450591,9055,73,0,0,0,0,0,0,0,0,9060,188,0,0,0,0,0,0,0,0
103,2017-04-13,09:00:51,22,l1709,XDCE,9055,9040,9065,11286,510894250,349014,347882,9580,8670,9125,9075,0,9065,0,0,0,2017-04-13,32451022,9055,74,0,0,0,0,0,0,0,0,9060,188,0,0,0,0,0,0,0,0
104,2017-04-13,09:00:51,618,l1709,XDCE,9055,9040,9065,11308,511890350,349014,347882,9580,8670,9125,9075,0,9065,0,0,0,2017-04-13,32451618,9055,66,0,0,0,0,0,0,0,0,9060,186,0,0,0,0,0,0,0,0
105,2017-04-13,09:00:52,117,l1709,XDCE,9055,9040,9065,11398,515965100,349104,347882,9580,8670,9125,9075,0,9065,0,0,0,2017-04-13,32452117,9055,41,0,0,0,0,0,0,0,0,9060,196,0,0,0,0,0,0,0,0
106,2017-04-13,09:00:52,521,l1709,XDCE,9055,9040,9065,11408,516417850,349104,347882,9580,8670,9125,9075,0,9065,0,0,0,2017-04-13,32452521,9055,45,0,0,0,0,0,0,0,0,9060,199,0,0,0,0,0,0,0,0
107,2017-04-13,09:00:53,108,l1709,XDCE,9055,9040,9065,11412,516598950,349102,347882,9580,8670,9125,9075,0,9065,0,0,0,2017-04-13,32453108,9055,54,0,0,0,0,0,0,0,0,9060,199,0,0,0,0,0,0,0,0
108,2017-04-13,09:00:53,607,l1709,XDCE,9055,9040,9065,11440,517867000,349098,347882,9580,8670,9125,9075,0,9065,0,0,0,2017-04-13,32453607,9055,62,0,0,0,0,0,0,0,0,9060,190,0,0,0,0,0,0,0,0
109,2017-04-13,09:00:54,93,l1709,XDCE,9055,9040,9065,11442,517957550,349098,347882,9580,8670,9125,9075,0,9065,0,0,0,2017-04-13,32454093,9055,72,0,0,0,0,0,0,0,0,9060,191,0,0,0,0,0,0,0,0
110,2017-04-13,09:00:54,583,l1709,XDCE,9055,9040,9065,11452,518410400,349090,347882,9580,8670,9125,9075,0,9065,0,0,0,2017-04-13,32454583,9055,99,0,0,0,0,0,0,0,0,9060,187,0,0,0,0,0,0,0,0
111,2017-04-13,09:00:55,108,l1709,XDCE,9060,9040,9065,11468,519134850,349082,347882,9580,8670,9125,9075,0,9065,0,0,0,2017-04-13,32455108,9055,93,0,0,0,0,0,0,0,0,9060,187,0,0,0,0,0,0,0,0
112,2017-04-13,09:00:55,625,l1709,XDCE,9060,9040,9065,11526,521762000,349082,347882,9580,8670,9125,9075,0,9065,0,0,0,2017-04-13,32455625,9055,98,0,0,0,0,0,0,0,0,9060,158,0,0,0,0,0,0,0,0
113,2017-04-13,09:00:56,56,l1709,XDCE,9060,9040,9065,11604,525295150,349048,347882,9580,8670,9125,9075,0,9065,0,0,0,2017-04-13,32456056,9055,99,0,0,0,0,0,0,0,0,9060,128,0,0,0,0,0,0,0,0
114,2017-04-13,09:00:56,628,l1709,XDCE,9060,9040,9065,11626,526291650,349052,347882,9580,8670,9125,9075,0,9065,0,0,0,2017-04-13,32456628,9055,154,0,0,0,0,0,0,0,0,9060,162,0,0,0,0,0,0,0,0
115,2017-04-13,09:00:57,93,l1709,XDCE,9055,9040,9065,11636,526744600,349050,347882,9580,8670,9125,9075,0,9065,0,0,0,2017-04-13,32457093,9055,176,0,0,0,0,0,0,0,0,9060,159,0,0,0,0,0,0,0,0
116,2017-04-13,09:00:57,584,l1709,XDCE,9060,9040,9065,11968,541784200,349140,347882,9580,8670,9125,9075,0,9065,0,0,0,2017-04-13,32457584,9060,24,0,0,0,0,0,0,0,0,9065,532,0,0,0,0,0,0,0,0
117,2017-04-13,09:00:58,105,l1709,XDCE,9060,9040,9065,12006,543505600,349110,347882,9580,8670,9125,9075,0,9065,0,0,0,2017-04-13,32458105,9060,36,0,0,0,0,0,0,0,0,9065,536,0,0,0,0,0,0,0,0
118,2017-04-13,09:00:58,623,l1709,XDCE,9060,9040,9065,12014,543868000,349102,347882,9580,8670,9125,9075,0,9065,0,0,0,2017-04-13,32458623,9060,54,0,0,0,0,0,0,0,0,9065,535,0,0,0,0,0,0,0,0
119,2017-04-13,09:00:59,82,l1709,XDCE,9065,9040,9065,12016,543958650,349104,347882,9580,8670,9125,9075,0,9065,0,0,0,2017-04-13,32459082,9060,75,0,0,0,0,0,0,0,0,9065,534,0,0,0,0,0,0,0,0
120,2017-04-13,09:00:59,630,l1709,XDCE,9065,9040,9065,12016,543958650,349104,347882,9580,8670,9125,9075,0,9065,0,0,0,2017-04-13,32459630,9060,78,0,0,0,0,0,0,0,0,9065,534,0,0,0,0,0,0,0,0
121,2017-04-13,09:01:00,107,l1709,XDCE,9060,9040,9065,12060,545951900,349112,347882,9580,8670,9125,9075,0,9065,0,0,0,2017-04-13,32460107,9060,59,0,0,0,0,0,0,0,0,9065,533,0,0,0,0,0,0,0,0
122,2017-04-13,09:01:00,583,l1709,XDCE,9060,9040,9065,12110,548217500,349138,347882,9580,8670,9125,9075,0,9065,0,0,0,2017-04-13,32460583,9060,55,0,0,0,0,0,0,0,0,9065,491,0,0,0,0,0,0,0,0
123,2017-04-13,09:01:01,117,l1709,XDCE,9060,9040,9065,12124,548851700,349138,347882,9580,8670,9125,9075,0,9065,0,0,0,2017-04-13,32461117,9060,92,0,0,0,0,0,0,0,0,9065,489,0,0,0,0,0,0,0,0
124,2017-04-13,09:01:01,597,l1709,XDCE,9060,9040,9065,12130,549123600,349138,347882,9580,8670,9125,9075,0,9065,0,0,0,2017-04-13,32461597,9060,98,0,0,0,0,0,0,0,0,9065,483,0,0,0,0,0,0,0,0
125,2017-04-13,09:01:02,117,l1709,XDCE,9060,9040,9065,12222,553291250,349200,347882,9580,8670,9125,9075,0,9065,0,0,0,2017-04-13,32462117,9060,62,0,0,0,0,0,0,0,0,9065,482,0,0,0,0,0,0,0,0
126,2017-04-13,09:01:02,592,l1709,XDCE,9060,9040,9065,12238,554016100,349202,347882,9580,8670,9125,9075,0,9065,0,0,0,2017-04-13,32462592,9060,63,0,0,0,0,0,0,0,0,9065,479,0,0,0,0,0,0,0,0
127,2017-04-13,09:01:03,92,l1709,XDCE,9060,9040,9065,12280,555918750,349242,347882,9580,8670,9125,9075,0,9065,0,0,0,2017-04-13,32463092,9060,57,0,0,0,0,0,0,0,0,9065,478,0,0,0,0,0,0,0,0
128,2017-04-13,09:01:03,608,l1709,XDCE,9060,9040,9065,12312,557368600,349258,347882,9580,8670,9125,9075,0,9065,0,0,0,2017-04-13,32463608,9060,43,0,0,0,0,0,0,0,0,9065,441,0,0,0,0,0,0,0,0
129,2017-04-13,09:01:04,115,l1709,XDCE,9060,9040,9065,12346,558908900,349262,347882,9580,8670,9125,9075,0,9065,0,0,0,2017-04-13,32464115,9060,39,0,0,0,0,0,0,0,0,9065,438,0,0,0,0,0,0,0,0
130,2017-04-13,09:01:04,619,l1709,XDCE,9060,9040,9065,12346,558908900,349262,347882,9580,8670,9125,9075,0,9065,0,0,0,2017-04-13,32464619,9060,42,0,0,0,0,0,0,0,0,9065,435,0,0,0,0,0,0,0,0
131,2017-04-13,09:01:05,90,l1709,XDCE,9060,9040,9065,12346,558908900,349262,347882,9580,8670,9125,9075,0,9065,0,0,0,2017-04-13,32465090,9060,45,0,0,0,0,0,0,0,0,9065,435,0,0,0,0,0,0,0,0
132,2017-04-13,09:01:05,582,l1709,XDCE,9060,9040,9065,12348,558999500,349260,347882,9580,8670,9125,9075,0,9065,0,0,0,2017-04-13,32465582,9060,44,0,0,0,0,0,0,0,0,9065,445,0,0,0,0,0,0,0,0
133,2017-04-13,09:01:06,56,l1709,XDCE,9060,9040,9065,12352,559180750,349260,347882,9580,8670,9125,9075,0,9065,0,0,0,2017-04-13,32466056,9060,66,0,0,0,0,0,0,0,0,9065,444,0,0,0,0,0,0,0,0
134,2017-04-13,09:01:06,569,l1709,XDCE,9065,9040,9065,12356,559362050,349264,347882,9580,8670,9125,9075,0,9065,0,0,0,2017-04-13,32466569,9060,72,0,0,0,0,0,0,0,0,9065,437,0,0,0,0,0,0,0,0
135,2017-04-13,09:01:07,126,l1709,XDCE,9065,9040,9065,12870,582656900,349282,347882,9580,8670,9125,9075,0,9065,0,0,0,2017-04-13,32467126,9060,43,0,0,0,0,0,0,0,0,9065,215,0,0,0,0,0,0,0,0
136,2017-04-13,09:01:07,626,l1709,XDCE,9065,9040,9065,13338,603869000,349408,347882,9580,8670,9125,9075,0,9065,0,0,0,2017-04-13,32467626,9065,150,0,0,0,0,0,0,0,0,9070,239,0,0,0,0,0,0,0,0
137,2017-04-13,09:01:08,33,l1709,XDCE,9070,9040,9070,13510,611665450,349362,347882,9580,8670,9125,9075,0,9065,0,0,0,2017-04-13,32468033,9065,114,0,0,0,0,0,0,0,0,9070,231,0,0,0,0,0,0,0,0
138,2017-04-13,09:01:08,612,l1709,XDCE,9065,9040,9070,13560,613932750,349392,347882,9580,8670,9125,9075,0,9065,0,0,0,2017-04-13,32468612,9065,125,0,0,0,0,0,0,0,0,9070,220,0,0,0,0,0,0,0,0
139,2017-04-13,09:01:09,125,l1709,XDCE,9065,9040,9070,13616,616472250,349394,347882,9580,8670,9125,9075,0,9065,0,0,0,2017-04-13,32469125,9065,104,0,0,0,0,0,0,0,0,9070,194,0,0,0,0,0,0,0,0
140,2017-04-13,09:01:09,481,l1709,XDCE,9070,9040,9070,13626,616925750,349384,347882,9580,8670,9125,9075,0,9065,0,0,0,2017-04-13,32469481,9065,103,0,0,0,0,0,0,0,0,9070,190,0,0,0,0,0,0,0,0
141,2017-04-13,09:01:10,118,l1709,XDCE,9070,9040,9070,13662,618557700,349372,347882,9580,8670,9125,9075,0,9065,0,0,0,2017-04-13,32470118,9065,242,0,0,0,0,0,0,0,0,9070,187,0,0,0,0,0,0,0,0
142,2017-04-13,09:01:10,533,l1709,XDCE,9070,9040,9070,13708,620643650,349372,347882,9580,8670,9125,9075,0,9065,0,0,0,2017-04-13,32470533,9065,239,0,0,0,0,0,0,0,0,9070,170,0,0,0,0,0,0,0,0
143,2017-04-13,09:01:11,112,l1709,XDCE,9065,9040,9070,13764,623182400,349370,347882,9580,8670,9125,9075,0,9065,0,0,0,2017-04-13,32471112,9065,293,0,0,0,0,0,0,0,0,9070,159,0,0,0,0,0,0,0,0
144,2017-04-13,09:01:11,624,l1709,XDCE,9070,9040,9070,13916,630075600,349410,347882,9580,8670,9125,9075,0,9065,0,0,0,2017-04-13,32471624,9065,294,0,0,0,0,0,0,0,0,9070,81,0,0,0,0,0,0,0,0
145,2017-04-13,09:01:12,112,l1709,XDCE,9070,9040,9070,14084,637694400,349428,347882,9580,8670,9125,9075,0,9065,0,0,0,2017-04-13,32472112,9070,76,0,0,0,0,0,0,0,0,9075,126,0,0,0,0,0,0,0,0
146,2017-04-13,09:01:12,614,l1709,XDCE,9070,9040,9075,14208,643318350,349396,347882,9580,8670,9125,9075,0,9065,0,0,0,2017-04-13,32472614,9070,58,0,0,0,0,0,0,0,0,9075,356,0,0,0,0,0,0,0,0
147,2017-04-13,09:01:13,127,l1709,XDCE,9070,9040,9075,14372,650755750,349418,347882,9580,8670,9125,9075,0,9065,0,0,0,2017-04-13,32473127,9065,66,0,0,0,0,0,0,0,0,9070,288,0,0,0,0,0,0,0,0
148,2017-04-13,09:01:13,627,l1709,XDCE,9070,9040,9075,14412,652569650,349436,347882,9580,8670,9125,9075,0,9065,0,0,0,2017-04-13,32473627,9065,62,0,0,0,0,0,0,0,0,9070,511,0,0,0,0,0,0,0,0
149,2017-04-13,09:01:14,83,l1709,XDCE,9070,9040,9075,14546,658646050,349434,347882,9580,8670,9125,9075,0,9065,0,0,0,2017-04-13,32474083,9065,48,0,0,0,0,0,0,0,0,9070,480,0,0,0,0,0,0,0,0
150,2017-04-13,09:01:14,629,l1709,XDCE,9065,9040,9075,14756,668166650,349528,347882,9580,8670,9125,9075,0,9065,0,0,0,2017-04-13,32474629,9060,121,0,0,0,0,0,0,0,0,9065,151,0,0,0,0,0,0,0,0
151,2017-04-13,09:01:15,87,l1709,XDCE,9060,9040,9075,14768,668710450,349536,347882,9580,8670,9125,9075,0,9065,0,0,0,2017-04-13,32475087,9060,106,0,0,0,0,0,0,0,0,9065,542,0,0,0,0,0,0,0,0
152,2017-04-13,09:01:15,590,l1709,XDCE,9065,9040,9075,14804,670342150,349568,347882,9580,8670,9125,9075,0,9065,0,0,0,2017-04-13,32475590,9060,101,0,0,0,0,0,0,0,0,9065,539,0,0,0,0,0,0,0,0
153,2017-04-13,09:01:16,97,l1709,XDCE,9060,9040,9075,15106,684023300,349758,347882,9580,8670,9125,9075,0,9065,0,0,0,2017-04-13,32476097,9055,314,0,0,0,0,0,0,0,0,9060,12,0,0,0,0,0,0,0,0
154,2017-04-13,09:01:16,620,l1709,XDCE,9060,9040,9075,15166,686741300,349734,347882,9580,8670,9125,9075,0,9065,0,0,0,2017-04-13,32476620,9055,297,0,0,0,0,0,0,0,0,9060,202,0,0,0,0,0,0,0,0
155,2017-04-13,09:01:17,124,l1709,XDCE,9060,9040,9075,15182,687465900,349734,347882,9580,8670,9125,9075,0,9065,0,0,0,2017-04-13,32477124,9055,292,0,0,0,0,0,0,0,0,9060,256,0,0,0,0,0,0,0,0
156,2017-04-13,09:01:17,626,l1709,XDCE,9060,9040,9075,15186,687647100,349738,347882,9580,8670,9125,9075,0,9065,0,0,0,2017-04-13,32477626,9055,293,0,0,0,0,0,0,0,0,9060,256,0,0,0,0,0,0,0,0
157,2017-04-13,09:01:18,115,l1709,XDCE,9060,9040,9075,15196,688100100,349738,347882,9580,8670,9125,9075,0,9065,0,0,0,2017-04-13,32478115,9055,293,0,0,0,0,0,0,0,0,9060,251,0,0,0,0,0,0,0,0
158,2017-04-13,09:01:18,625,l1709,XDCE,9060,9040,9075,15298,692720700,349752,347882,9580,8670,9125,9075,0,9065,0,0,0,2017-04-13,32478625,9055,293,0,0,0,0,0,0,0,0,9060,204,0,0,0,0,0,0,0,0
159,2017-04-13,09:01:19,121,l1709,XDCE,9060,9040,9075,15478,700874600,349866,347882,9580,8670,9125,9075,0,9065,0,0,0,2017-04-13,32479121,9055,292,0,0,0,0,0,0,0,0,9060,114,0,0,0,0,0,0,0,0
160,2017-04-13,09:01:19,589,l1709,XDCE,9060,9040,9075,15754,713377400,349898,347882,9580,8670,9125,9075,0,9065,0,0,0,2017-04-13,32479589,9055,294,0,0,0,0,0,0,0,0,9060,1,0,0,0,0,0,0,0,0
161,2017-04-13,09:01:20,125,l1709,XDCE,9060,9040,9075,15802,715551800,349892,347882,9580,8670,9125,9075,0,9065,0,0,0,2017-04-13,32480125,9060,20,0,0,0,0,0,0,0,0,9065,295,0,0,0,0,0,0,0,0
162,2017-04-13,09:01:20,614,l1709,XDCE,9060,9040,9075,15848,717635600,349856,347882,9580,8670,9125,9075,0,9065,0,0,0,2017-04-13,32480614,9060,22,0,0,0,0,0,0,0,0,9065,292,0,0,0,0,0,0,0,0
163,2017-04-13,09:01:21,92,l1709,XDCE,9065,9040,9075,15850,717726250,349856,347882,9580,8670,9125,9075,0,9065,0,0,0,2017-04-13,32481092,9060,124,0,0,0,0,0,0,0,0,9065,289,0,0,0,0,0,0,0,0
164,2017-04-13,09:01:21,626,l1709,XDCE,9060,9040,9075,15866,718451050,349844,347882,9580,8670,9125,9075,0,9065,0,0,0,2017-04-13,32481626,9060,123,0,0,0,0,0,0,0,0,9065,295,0,0,0,0,0,0,0,0
165,2017-04-13,09:01:22,109,l1709,XDCE,9060,9040,9075,15904,720172700,349820,347882,9580,8670,9125,9075,0,9065,0,0,0,2017-04-13,32482109,9060,112,0,0,0,0,0,0,0,0,9065,291,0,0,0,0,0,0,0,0
166,2017-04-13,09:01:22,602,l1709,XDCE,9060,9040,9075,15918,720806900,349814,347882,9580,8670,9125,9075,0,9065,0,0,0,2017-04-13,32482602,9060,113,0,0,0,0,0,0,0,0,9065,304,0,0,0,0,0,0,0,0
167,2017-04-13,09:01:23,124,l1709,XDCE,9060,9040,9075,16198,733490900,349824,347882,9580,8670,9125,9075,0,9065,0,0,0,2017-04-13,32483124,9055,290,0,0,0,0,0,0,0,0,9060,3,0,0,0,0,0,0,0,0
168,2017-04-13,09:01:23,630,l1709,XDCE,9060,9040,9075,16286,737477300,349824,347882,9580,8670,9125,9075,0,9065,0,0,0,2017-04-13,32483630,9055,287,0,0,0,0,0,0,0,0,9060,22,0,0,0,0,0,0,0,0
169,2017-04-13,09:01:24,53,l1709,XDCE,9060,9040,9075,16286,737477300,349824,347882,9580,8670,9125,9075,0,9065,0,0,0,2017-04-13,32484053,9055,287,0,0,0,0,0,0,0,0,9060,87,0,0,0,0,0,0,0,0
170,2017-04-13,09:01:24,594,l1709,XDCE,9060,9040,9075,16346,740194850,349798,347882,9580,8670,9125,9075,0,9065,0,0,0,2017-04-13,32484594,9055,279,0,0,0,0,0,0,0,0,9060,69,0,0,0,0,0,0,0,0
171,2017-04-13,09:01:25,98,l1709,XDCE,9060,9040,9075,16346,740194850,349798,347882,9580,8670,9125,9075,0,9065,0,0,0,2017-04-13,32485098,9055,279,0,0,0,0,0,0,0,0,9060,107,0,0,0,0,0,0,0,0
172,2017-04-13,09:01:25,582,l1709,XDCE,9055,9040,9075,16350,740375950,349798,347882,9580,8670,9125,9075,0,9065,0,0,0,2017-04-13,32485582,9055,278,0,0,0,0,0,0,0,0,9060,99,0,0,0,0,0,0,0,0
173,2017-04-13,09:01:26,94,l1709,XDCE,9060,9040,9075,16358,740738350,349796,347882,9580,8670,9125,9075,0,9065,0,0,0,2017-04-13,32486094,9055,278,0,0,0,0,0,0,0,0,9060,80,0,0,0,0,0,0,0,0
174,2017-04-13,09:01:26,586,l1709,XDCE,9060,9040,9075,16360,740828950,349796,347882,9580,8670,9125,9075,0,9065,0,0,0,2017-04-13,32486586,9055,279,0,0,0,0,0,0,0,0,9060,80,0,0,0,0,0,0,0,0
175,2017-04-13,09:01:27,107,l1709,XDCE,9060,9040,9075,16362,740919550,349796,347882,9580,8670,9125,9075,0,9065,0,0,0,2017-04-13,32487107,9055,274,0,0,0,0,0,0,0,0,9060,124,0,0,0,0,0,0,0,0
176,2017-04-13,09:01:27,616,l1709,XDCE,9060,9040,9075,16396,742459500,349798,347882,9580,8670,9125,9075,0,9065,0,0,0,2017-04-13,32487616,9055,271,0,0,0,0,0,0,0,0,9060,135,0,0,0,0,0,0,0,0
177,2017-04-13,09:01:28,87,l1709,XDCE,9055,9040,9075,16402,742731150,349800,347882,9580,8670,9125,9075,0,9065,0,0,0,2017-04-13,32488087,9055,268,0,0,0,0,0,0,0,0,9060,136,0,0,0,0,0,0,0,0
178,2017-04-13,09:01:28,602,l1709,XDCE,9060,9040,9075,16436,744270650,349798,347882,9580,8670,9125,9075,0,9065,0,0,0,2017-04-13,32488602,9055,251,0,0,0,0,0,0,0,0,9060,133,0,0,0,0,0,0,0,0
179,2017-04-13,09:01:29,83,l1709,XDCE,9060,9040,9075,16464,745539050,349796,347882,9580,8670,9125,9075,0,9065,0,0,0,2017-04-13,32489083,9055,263,0,0,0,0,0,0,0,0,9060,120,0,0,0,0,0,0,0,0
180,2017-04-13,09:01:29,614,l1709,XDCE,9055,9040,9075,16482,746354050,349806,347882,9580,8670,9125,9075,0,9065,0,0,0,2017-04-13,32489614,9055,256,0,0,0,0,0,0,0,0,9060,119,0,0,0,0,0,0,0,0
181,2017-04-13,09:01:30,121,l1709,XDCE,9055,9040,9075,16482,746354050,349806,347882,9580,8670,9125,9075,0,9065,0,0,0,2017-04-13,32490121,9055,247,0,0,0,0,0,0,0,0,9060,131,0,0,0,0,0,0,0,0
182,2017-04-13,09:01:30,589,l1709,XDCE,9055,9040,9075,16512,747712850,349814,347882,9580,8670,9125,9075,0,9065,0,0,0,2017-04-13,32490589,9055,243,0,0,0,0,0,0,0,0,9060,121,0,0,0,0,0,0,0,0
183,2017-04-13,09:01:31,91,l1709,XDCE,9055,9040,9075,16514,747803400,349816,347882,9580,8670,9125,9075,0,9065,0,0,0,2017-04-13,32491091,9055,275,0,0,0,0,0,0,0,0,9060,180,0,0,0,0,0,0,0,0
184,2017-04-13,09:01:31,607,l1709,XDCE,9060,9040,9075,16518,747984600,349816,347882,9580,8670,9125,9075,0,9065,0,0,0,2017-04-13,32491607,9055,263,0,0,0,0,0,0,0,0,9060,165,0,0,0,0,0,0,0,0
185,2017-04-13,09:01:32,84,l1709,XDCE,9060,9040,9075,16518,747984600,349816,347882,9580,8670,9125,9075,0,9065,0,0,0,2017-04-13,32492084,9055,263,0,0,0,0,0,0,0,0,9060,166,0,0,0,0,0,0,0,0
186,2017-04-13,09:01:32,528,l1709,XDCE,9055,9040,9075,16522,748165750,349818,347882,9580,8670,9125,9075,0,9065,0,0,0,2017-04-13,32492528,9055,260,0,0,0,0,0,0,0,0,9060,180,0,0,0,0,0,0,0,0
187,2017-04-13,09:01:33,113,l1709,XDCE,9060,9040,9075,16582,750883750,349760,347882,9580,8670,9125,9075,0,9065,0,0,0,2017-04-13,32493113,9055,260,0,0,0,0,0,0,0,0,9060,150,0,0,0,0,0,0,0,0
188,2017-04-13,09:01:33,612,l1709,XDCE,9055,9040,9075,17084,773611850,349542,347882,9580,8670,9125,9075,0,9065,0,0,0,2017-04-13,32493612,9050,471,0,0,0,0,0,0,0,0,9055,4,0,0,0,0,0,0,0,0
189,2017-04-13,09:01:34,94,l1709,XDCE,9055,9040,9075,17090,773883450,349542,347882,9580,8670,9125,9075,0,9065,0,0,0,2017-04-13,32494094,9050,476,0,0,0,0,0,0,0,0,9055,7,0,0,0,0,0,0,0,0
190,2017-04-13,09:01:34,614,l1709,XDCE,9055,9040,9075,17120,775241050,349520,347882,9580,8670,9125,9075,0,9065,0,0,0,2017-04-13,32494614,9050,463,0,0,0,0,0,0,0,0,9055,41,0,0,0,0,0,0,0,0
191,2017-04-13,09:01:35,83,l1709,XDCE,9055,9040,9075,17120,775241050,349520,347882,9580,8670,9125,9075,0,9065,0,0,0,2017-04-13,32495083,9050,457,0,0,0,0,0,0,0,0,9055,53,0,0,0,0,0,0,0,0
192,2017-04-13,09:01:35,520,l1709,XDCE,9050,9040,9075,17132,775784300,349508,347882,9580,8670,9125,9075,0,9065,0,0,0,2017-04-13,32495520,9050,456,0,0,0,0,0,0,0,0,9055,69,0,0,0,0,0,0,0,0
193,2017-04-13,09:01:36,92,l1709,XDCE,9050,9040,9075,17138,776055800,349506,347882,9580,8670,9125,9075,0,9065,0,0,0,2017-04-13,32496092,9050,446,0,0,0,0,0,0,0,0,9055,72,0,0,0,0,0,0,0,0
194,2017-04-13,09:01:36,587,l1709,XDCE,9055,9040,9075,17286,782756550,349560,347882,9580,8670,9125,9075,0,9065,0,0,0,2017-04-13,32496587,9055,71,0,0,0,0,0,0,0,0,9060,174,0,0,0,0,0,0,0,0
195,2017-04-13,09:01:37,86,l1709,XDCE,9055,9040,9075,17332,784839200,349606,347882,9580,8670,9125,9075,0,9065,0,0,0,2017-04-13,32497086,9055,51,0,0,0,0,0,0,0,0,9060,173,0,0,0,0,0,0,0,0
196,2017-04-13,09:01:37,622,l1709,XDCE,9055,9040,9075,17338,785110850,349608,347882,9580,8670,9125,9075,0,9065,0,0,0,2017-04-13,32497622,9055,48,0,0,0,0,0,0,0,0,9060,174,0,0,0,0,0,0,0,0
197,2017-04-13,09:01:37,877,l1709,XDCE,9055,9040,9075,17348,785563600,349610,347882,9580,8670,9125,9075,0,9065,0,0,0,2017-04-13,32497877,9055,44,0,0,0,0,0,0,0,0,9060,174,0,0,0,0,0,0,0,0
198,2017-04-13,09:01:38,539,l1709,XDCE,9055,9040,9075,17348,785563600,349610,347882,9580,8670,9125,9075,0,9065,0,0,0,2017-04-13,32498539,9055,47,0,0,0,0,0,0,0,0,9060,177,0,0,0,0,0,0,0,0
199,2017-04-13,09:01:39,83,l1709,XDCE,9055,9040,9075,17348,785563600,349610,347882,9580,8670,9125,9075,0,9065,0,0,0,2017-04-13,32499083,9055,58,0,0,0,0,0,0,0,0,9060,179,0,0,0,0,0,0,0,0
200,2017-04-13,09:01:39,592,l1709,XDCE,9055,9040,9075,17350,785654150,349610,347882,9580,8670,9125,9075,0,9065,0,0,0,2017-04-13,32499592,9055,57,0,0,0,0,0,0,0,0,9060,182,0,0,0,0,0,0,0,0
201,2017-04-13,09:01:40,98,l1709,XDCE,9060,9040,9075,17366,786378600,349610,347882,9580,8670,9125,9075,0,9065,0,0,0,2017-04-13,32500098,9055,55,0,0,0,0,0,0,0,0,9060,183,0,0,0,0,0,0,0,0
202,2017-04-13,09:01:40,613,l1709,XDCE,9055,9040,9075,17404,788099200,349586,347882,9580,8670,9125,9075,0,9065,0,0,0,2017-04-13,32500613,9055,39,0,0,0,0,0,0,0,0,9060,178,0,0,0,0,0,0,0,0
203,2017-04-13,09:01:41,99,l1709,XDCE,9060,9040,9075,17406,788189800,349586,347882,9580,8670,9125,9075,0,9065,0,0,0,2017-04-13,32501099,9055,48,0,0,0,0,0,0,0,0,9060,178,0,0,0,0,0,0,0,0
204,2017-04-13,09:01:41,620,l1709,XDCE,9060,9040,9075,17418,788733150,349588,347882,9580,8670,9125,9075,0,9065,0,0,0,2017-04-13,32501620,9055,47,0,0,0,0,0,0,0,0,9060,212,0,0,0,0,0,0,0,0
205,2017-04-13,09:01:41,833,l1709,XDCE,9060,9040,9075,17418,788733150,349588,347882,9580,8670,9125,9075,0,9065,0,0,0,2017-04-13,32501833,9055,58,0,0,0,0,0,0,0,0,9060,217,0,0,0,0,0,0,0,0
206,2017-04-13,09:01:42,628,l1709,XDCE,9060,9040,9075,17420,788823750,349590,347882,9580,8670,9125,9075,0,9065,0,0,0,2017-04-13,32502628,9055,65,0,0,0,0,0,0,0,0,9060,216,0,0,0,0,0,0,0,0
207,2017-04-13,09:01:43,94,l1709,XDCE,9060,9040,9075,17420,788823750,349590,347882,9580,8670,9125,9075,0,9065,0,0,0,2017-04-13,32503094,9055,67,0,0,0,0,0,0,0,0,9060,216,0,0,0,0,0,0,0,0
208,2017-04-13,09:01:43,616,l1709,XDCE,9055,9040,9075,17422,788914300,349590,347882,9580,8670,9125,9075,0,9065,0,0,0,2017-04-13,32503616,9055,67,0,0,0,0,0,0,0,0,9060,216,0,0,0,0,0,0,0,0
209,2017-04-13,09:01:44,93,l1709,XDCE,9055,9040,9075,17568,795524550,349548,347882,9580,8670,9125,9075,0,9065,0,0,0,2017-04-13,32504093,9050,451,0,0,0,0,0,0,0,0,9055,37,0,0,0,0,0,0,0,0
210,2017-04-13,09:01:44,608,l1709,XDCE,9055,9040,9075,17572,795705650,349546,347882,9580,8670,9125,9075,0,9065,0,0,0,2017-04-13,32504608,9050,456,0,0,0,0,0,0,0,0,9055,37,0,0,0,0,0,0,0,0
211,2017-04-13,09:01:45,58,l1709,XDCE,9055,9040,9075,17572,795705650,349546,347882,9580,8670,9125,9075,0,9065,0,0,0,2017-04-13,32505058,9050,441,0,0,0,0,0,0,0,0,9055,38,0,0,0,0,0,0,0,0
212,2017-04-13,09:01:45,625,l1709,XDCE,9055,9040,9075,17572,795705650,349546,347882,9580,8670,9125,9075,0,9065,0,0,0,2017-04-13,32505625,9050,441,0,0,0,0,0,0,0,0,9055,39,0,0,0,0,0,0,0,0
213,2017-04-13,09:01:46,94,l1709,XDCE,9055,9040,9075,17664,799870700,349554,347882,9580,8670,9125,9075,0,9065,0,0,0,2017-04-13,32506094,9055,32,0,0,0,0,0,0,0,0,9060,226,0,0,0,0,0,0,0,0
214,2017-04-13,09:01:46,587,l1709,XDCE,9060,9040,9075,17666,799961300,349556,347882,9580,8670,9125,9075,0,9065,0,0,0,2017-04-13,32506587,9055,34,0,0,0,0,0,0,0,0,9060,229,0,0,0,0,0,0,0,0
215,2017-04-13,09:01:47,469,l1709,XDCE,9055,9040,9075,17668,800051850,349558,347882,9580,8670,9125,9075,0,9065,0,0,0,2017-04-13,32507469,9055,44,0,0,0,0,0,0,0,0,9060,228,0,0,0,0,0,0,0,0
216,2017-04-13,09:01:48,20,l1709,XDCE,9055,9040,9075,17670,800142400,349560,347882,9580,8670,9125,9075,0,9065,0,0,0,2017-04-13,32508020,9055,43,0,0,0,0,0,0,0,0,9060,228,0,0,0,0,0,0,0,0
217,2017-04-13,09:01:48,583,l1709,XDCE,9055,9040,9075,17670,800142400,349560,347882,9580,8670,9125,9075,0,9065,0,0,0,2017-04-13,32508583,9055,64,0,0,0,0,0,0,0,0,9060,228,0,0,0,0,0,0,0,0
218,2017-04-13,09:01:49,100,l1709,XDCE,9055,9040,9075,17672,800232950,349560,347882,9580,8670,9125,9075,0,9065,0,0,0,2017-04-13,32509100,9055,88,0,0,0,0,0,0,0,0,9060,228,0,0,0,0,0,0,0,0
219,2017-04-13,09:01:49,603,l1709,XDCE,9055,9040,9075,17676,800414050,349564,347882,9580,8670,9125,9075,0,9065,0,0,0,2017-04-13,32509603,9055,71,0,0,0,0,0,0,0,0,9060,234,0,0,0,0,0,0,0,0
220,2017-04-13,09:01:49,932,l1709,XDCE,9060,9040,9075,17690,801047950,349578,347882,9580,8670,9125,9075,0,9065,0,0,0,2017-04-13,32509932,9055,42,0,0,0,0,0,0,0,0,9060,234,0,0,0,0,0,0,0,0
221,2017-04-13,09:01:50,581,l1709,XDCE,9055,9040,9075,17812,806571500,349690,347882,9580,8670,9125,9075,0,9065,0,0,0,2017-04-13,32510581,9055,42,0,0,0,0,0,0,0,0,9060,234,0,0,0,0,0,0,0,0
222,2017-04-13,09:01:51,115,l1709,XDCE,9055,9040,9075,17816,806752650,349690,347882,9580,8670,9125,9075,0,9065,0,0,0,2017-04-13,32511115,9055,53,0,0,0,0,0,0,0,0,9060,241,0,0,0,0,0,0,0,0
223,2017-04-13,09:01:51,627,l1709,XDCE,9060,9040,9075,17820,806933850,349692,347882,9580,8670,9125,9075,0,9065,0,0,0,2017-04-13,32511627,9055,55,0,0,0,0,0,0,0,0,9060,239,0,0,0,0,0,0,0,0
224,2017-04-13,09:01:52,20,l1709,XDCE,9060,9040,9075,17820,806933850,349692,347882,9580,8670,9125,9075,0,9065,0,0,0,2017-04-13,32512020,9055,57,0,0,0,0,0,0,0,0,9060,240,0,0,0,0,0,0,0,0
225,2017-04-13,09:01:52,523,l1709,XDCE,9060,9040,9075,17820,806933850,349692,347882,9580,8670,9125,9075,0,9065,0,0,0,2017-04-13,32512523,9055,61,0,0,0,0,0,0,0,0,9060,259,0,0,0,0,0,0,0,0
226,2017-04-13,09:01:53,78,l1709,XDCE,9055,9040,9075,17822,807024400,349694,347882,9580,8670,9125,9075,0,9065,0,0,0,2017-04-13,32513078,9055,61,0,0,0,0,0,0,0,0,9060,262,0,0,0,0,0,0,0,0
227,2017-04-13,09:01:53,581,l1709,XDCE,9055,9040,9075,17826,807205500,349698,347882,9580,8670,9125,9075,0,9065,0,0,0,2017-04-13,32513581,9055,124,0,0,0,0,0,0,0,0,9060,261,0,0,0,0,0,0,0,0
228,2017-04-13,09:01:54,129,l1709,XDCE,9055,9040,9075,17926,811733000,349754,347882,9580,8670,9125,9075,0,9065,0,0,0,2017-04-13,32514129,9055,89,0,0,0,0,0,0,0,0,9060,271,0,0,0,0,0,0,0,0
229,2017-04-13,09:01:54,590,l1709,XDCE,9055,9040,9075,17932,812004650,349752,347882,9580,8670,9125,9075,0,9065,0,0,0,2017-04-13,32514590,9055,84,0,0,0,0,0,0,0,0,9060,271,0,0,0,0,0,0,0,0
230,2017-04-13,09:01:55,124,l1709,XDCE,9055,9040,9075,17938,812276400,349758,347882,9580,8670,9125,9075,0,9065,0,0,0,2017-04-13,32515124,9055,83,0,0,0,0,0,0,0,0,9060,270,0,0,0,0,0,0,0,0
231,2017-04-13,09:01:55,610,l1709,XDCE,9060,9040,9075,17940,812367000,349758,347882,9580,8670,9125,9075,0,9065,0,0,0,2017-04-13,32515610,9055,91,0,0,0,0,0,0,0,0,9060,268,0,0,0,0,0,0,0,0
232,2017-04-13,09:01:56,6,l1709,XDCE,9060,9040,9075,17940,812367000,349758,347882,9580,8670,9125,9075,0,9065,0,0,0,2017-04-13,32516006,9055,91,0,0,0,0,0,0,0,0,9060,278,0,0,0,0,0,0,0,0
233,2017-04-13,09:01:56,590,l1709,XDCE,9055,9040,9075,17944,812548100,349762,347882,9580,8670,9125,9075,0,9065,0,0,0,2017-04-13,32516590,9055,93,0,0,0,0,0,0,0,0,9060,259,0,0,0,0,0,0,0,0
234,2017-04-13,09:01:56,996,l1709,XDCE,9060,9040,9075,17964,813454100,349782,347882,9580,8670,9125,9075,0,9065,0,0,0,2017-04-13,32516996,9055,104,0,0,0,0,0,0,0,0,9060,239,0,0,0,0,0,0,0,0
235,2017-04-13,09:01:57,579,l1709,XDCE,9060,9040,9075,17980,814178550,349798,347882,9580,8670,9125,9075,0,9065,0,0,0,2017-04-13,32517579,9055,97,0,0,0,0,0,0,0,0,9060,239,0,0,0,0,0,0,0,0
236,2017-04-13,09:01:59,88,l1709,XDCE,9055,9040,9075,17982,814269100,349800,347882,9580,8670,9125,9075,0,9065,0,0,0,2017-04-13,32519088,9055,102,0,0,0,0,0,0,0,0,9060,247,0,0,0,0,0,0,0,0
237,2017-04-13,09:01:59,622,l1709,XDCE,9060,9040,9075,17984,814359700,349800,347882,9580,8670,9125,9075,0,9065,0,0,0,2017-04-13,32519622,9055,102,0,0,0,0,0,0,0,0,9060,246,0,0,0,0,0,0,0,0
238,2017-04-13,09:02:00,95,l1709,XDCE,9055,9040,9075,17986,814450250,349802,347882,9580,8670,9125,9075,0,9065,0,0,0,2017-04-13,32520095,9055,101,0,0,0,0,0,0,0,0,9060,251,0,0,0,0,0,0,0,0
239,2017-04-13,09:02:00,625,l1709,XDCE,9055,9040,9075,17986,814450250,349802,347882,9580,8670,9125,9075,0,9065,0,0,0,2017-04-13,32520625,9055,102,0,0,0,0,0,0,0,0,9060,251,0,0,0,0,0,0,0,0
240,2017-04-13,09:02:01,92,l1709,XDCE,9055,9040,9075,17988,814540800,349804,347882,9580,8670,9125,9075,0,9065,0,0,0,2017-04-13,32521092,9055,101,0,0,0,0,0,0,0,0,9060,253,0,0,0,0,0,0,0,0
241,2017-04-13,09:02:01,620,l1709,XDCE,9060,9040,9075,17992,814722000,349804,347882,9580,8670,9125,9075,0,9065,0,0,0,2017-04-13,32521620,9055,112,0,0,0,0,0,0,0,0,9060,251,0,0,0,0,0,0,0,0
242,2017-04-13,09:02:02,81,l1709,XDCE,9060,9040,9075,17996,814903150,349808,347882,9580,8670,9125,9075,0,9065,0,0,0,2017-04-13,32522081,9055,106,0,0,0,0,0,0,0,0,9060,250,0,0,0,0,0,0,0,0
243,2017-04-13,09:02:02,591,l1709,XDCE,9060,9040,9075,18000,815084350,349812,347882,9580,8670,9125,9075,0,9065,0,0,0,2017-04-13,32522591,9055,98,0,0,0,0,0,0,0,0,9060,261,0,0,0,0,0,0,0,0
244,2017-04-13,09:02:03,120,l1709,XDCE,9055,9040,9075,18024,816170950,349836,347882,9580,8670,9125,9075,0,9065,0,0,0,2017-04-13,32523120,9055,149,0,0,0,0,0,0,0,0,9060,251,0,0,0,0,0,0,0,0
245,2017-04-13,09:02:03,534,l1709,XDCE,9060,9040,9075,18054,817529950,349866,347882,9580,8670,9125,9075,0,9065,0,0,0,2017-04-13,32523534,9055,151,0,0,0,0,0,0,0,0,9060,237,0,0,0,0,0,0,0,0
246,2017-04-13,09:02:04,108,l1709,XDCE,9055,9040,9075,18056,817620500,349868,347882,9580,8670,9125,9075,0,9065,0,0,0,2017-04-13,32524108,9055,150,0,0,0,0,0,0,0,0,9060,237,0,0,0,0,0,0,0,0
247,2017-04-13,09:02:04,631,l1709,XDCE,9055,9040,9075,18060,817801600,349870,347882,9580,8670,9125,9075,0,9065,0,0,0,2017-04-13,32524631,9055,151,0,0,0,0,0,0,0,0,9060,237,0,0,0,0,0,0,0,0
248,2017-04-13,09:02:05,95,l1709,XDCE,9060,9040,9075,18346,830757300,349764,347882,9580,8670,9125,9075,0,9065,0,0,0,2017-04-13,32525095,9055,160,0,0,0,0,0,0,0,0,9060,98,0,0,0,0,0,0,0,0
249,2017-04-13,09:02:05,630,l1709,XDCE,9060,9040,9075,18574,841085150,349862,347882,9580,8670,9125,9075,0,9065,0,0,0,2017-04-13,32525630,9060,176,0,0,0,0,0,0,0,0,9065,263,0,0,0,0,0,0,0,0
250,2017-04-13,09:02:06,105,l1709,XDCE,9060,9040,9075,18582,841447550,349870,347882,9580,8670,9125,9075,0,9065,0,0,0,2017-04-13,32526105,9060,184,0,0,0,0,0,0,0,0,9065,256,0,0,0,0,0,0,0,0
251,2017-04-13,09:02:06,597,l1709,XDCE,9065,9040,9075,18584,841538200,349872,347882,9580,8670,9125,9075,0,9065,0,0,0,2017-04-13,32526597,9060,186,0,0,0,0,0,0,0,0,9065,254,0,0,0,0,0,0,0,0
252,2017-04-13,09:02:07,77,l1709,XDCE,9060,9040,9075,18586,841628800,349874,347882,9580,8670,9125,9075,0,9065,0,0,0,2017-04-13,32527077,9060,187,0,0,0,0,0,0,0,0,9065,256,0,0,0,0,0,0,0,0
253,2017-04-13,09:02:07,605,l1709,XDCE,9065,9040,9075,18600,842263350,349874,347882,9580,8670,9125,9075,0,9065,0,0,0,2017-04-13,32527605,9060,298,0,0,0,0,0,0,0,0,9065,239,0,0,0,0,0,0,0,0
254,2017-04-13,09:02:08,98,l1709,XDCE,9060,9040,9075,18606,842535150,349880,347882,9580,8670,9125,9075,0,9065,0,0,0,2017-04-13,32528098,9060,295,0,0,0,0,0,0,0,0,9065,239,0,0,0,0,0,0,0,0
255,2017-04-13,09:02:08,535,l1709,XDCE,9060,9040,9075,18648,844438500,349916,347882,9580,8670,9125,9075,0,9065,0,0,0,2017-04-13,32528535,9060,289,0,0,0,0,0,0,0,0,9065,224,0,0,0,0,0,0,0,0
256,2017-04-13,09:02:09,93,l1709,XDCE,9065,9040,9075,18668,845344950,349936,347882,9580,8670,9125,9075,0,9065,0,0,0,2017-04-13,32529093,9060,303,0,0,0,0,0,0,0,0,9065,215,0,0,0,0,0,0,0,0
257,2017-04-13,09:02:09,616,l1709,XDCE,9065,9040,9075,18878,854863150,349938,347882,9580,8670,9125,9075,0,9065,0,0,0,2017-04-13,32529616,9060,334,0,0,0,0,0,0,0,0,9065,111,0,0,0,0,0,0,0,0
258,2017-04-13,09:02:10,108,l1709,XDCE,9065,9040,9075,19216,870183050,349878,347882,9580,8670,9125,9075,0,9065,0,0,0,2017-04-13,32530108,9065,12,0,0,0,0,0,0,0,0,9070,98,0,0,0,0,0,0,0,0
259,2017-04-13,09:02:10,583,l1709,XDCE,9065,9040,9075,19216,870183050,349878,347882,9580,8670,9125,9075,0,9065,0,0,0,2017-04-13,32530583,9065,38,0,0,0,0,0,0,0,0,9070,121,0,0,0,0,0,0,0,0
260,2017-04-13,09:02:11,101,l1709,XDCE,9065,9040,9075,19218,870273700,349880,347882,9580,8670,9125,9075,0,9065,0,0,0,2017-04-13,32531101,9065,40,0,0,0,0,0,0,0,0,9070,147,0,0,0,0,0,0,0,0
261,2017-04-13,09:02:11,605,l1709,XDCE,9070,9040,9075,19228,870727000,349886,347882,9580,8670,9125,9075,0,9065,0,0,0,2017-04-13,32531605,9065,43,0,0,0,0,0,0,0,0,9070,144,0,0,0,0,0,0,0,0
262,2017-04-13,09:02:12,115,l1709,XDCE,9065,9040,9075,19238,871180450,349878,347882,9580,8670,9125,9075,0,9065,0,0,0,2017-04-13,32532115,9065,49,0,0,0,0,0,0,0,0,9070,158,0,0,0,0,0,0,0,0
263,2017-04-13,09:02:12,594,l1709,XDCE,9070,9040,9075,19246,871543150,349878,347882,9580,8670,9125,9075,0,9065,0,0,0,2017-04-13,32532594,9065,76,0,0,0,0,0,0,0,0,9070,137,0,0,0,0,0,0,0,0
264,2017-04-13,09:02:13,84,l1709,XDCE,9070,9040,9075,19280,873084250,349874,347882,9580,8670,9125,9075,0,9065,0,0,0,2017-04-13,32533084,9065,43,0,0,0,0,0,0,0,0,9070,146,0,0,0,0,0,0,0,0
265,2017-04-13,09:02:13,423,l1709,XDCE,9070,9040,9075,19292,873628450,349884,347882,9580,8670,9125,9075,0,9065,0,0,0,2017-04-13,32533423,9065,42,0,0,0,0,0,0,0,0,9070,146,0,0,0,0,0,0,0,0
266,2017-04-13,09:02:14,105,l1709,XDCE,9065,9040,9075,19296,873809750,349888,347882,9580,8670,9125,9075,0,9065,0,0,0,2017-04-13,32534105,9065,39,0,0,0,0,0,0,0,0,9070,147,0,0,0,0,0,0,0,0
267,2017-04-13,09:02:14,617,l1709,XDCE,9065,9040,9075,19390,878070300,349960,347882,9580,8670,9125,9075,0,9065,0,0,0,2017-04-13,32534617,9060,406,0,0,0,0,0,0,0,0,9065,35,0,0,0,0,0,0,0,0
268,2017-04-13,09:02:15,128,l1709,XDCE,9065,9040,9075,19394,878251600,349960,347882,9580,8670,9125,9075,0,9065,0,0,0,2017-04-13,32535128,9060,401,0,0,0,0,0,0,0,0,9065,69,0,0,0,0,0,0,0,0
269,2017-04-13,09:02:15,581,l1709,XDCE,9065,9040,9075,19398,878432900,349958,347882,9580,8670,9125,9075,0,9065,0,0,0,2017-04-13,32535581,9060,392,0,0,0,0,0,0,0,0,9065,97,0,0,0,0,0,0,0,0
270,2017-04-13,09:02:16,116,l1709,XDCE,9065,9040,9075,19414,879158050,349944,347882,9580,8670,9125,9075,0,9065,0,0,0,2017-04-13,32536116,9060,384,0,0,0,0,0,0,0,0,9065,91,0,0,0,0,0,0,0,0
271,2017-04-13,09:02:16,625,l1709,XDCE,9065,9040,9075,19422,879520650,349936,347882,9580,8670,9125,9075,0,9065,0,0,0,2017-04-13,32536625,9060,377,0,0,0,0,0,0,0,0,9065,84,0,0,0,0,0,0,0,0
272,2017-04-13,09:02:17,86,l1709,XDCE,9065,9040,9075,19438,880245850,349936,347882,9580,8670,9125,9075,0,9065,0,0,0,2017-04-13,32537086,9060,387,0,0,0,0,0,0,0,0,9065,66,0,0,0,0,0,0,0,0
273,2017-04-13,09:02:17,626,l1709,XDCE,9065,9040,9075,19444,880517800,349934,347882,9580,8670,9125,9075,0,9065,0,0,0,2017-04-13,32537626,9060,389,0,0,0,0,0,0,0,0,9065,64,0,0,0,0,0,0,0,0
274,2017-04-13,09:02:18,6,l1709,XDCE,9060,9040,9075,19448,880699000,349938,347882,9580,8670,9125,9075,0,9065,0,0,0,2017-04-13,32538006,9060,387,0,0,0,0,0,0,0,0,9065,66,0,0,0,0,0,0,0,0
275,2017-04-13,09:02:18,574,l1709,XDCE,9060,9040,9075,19448,880699000,349938,347882,9580,8670,9125,9075,0,9065,0,0,0,2017-04-13,32538574,9060,370,0,0,0,0,0,0,0,0,9065,71,0,0,0,0,0,0,0,0
276,2017-04-13,09:02:19,112,l1709,XDCE,9060,9040,9075,19458,881152100,349938,347882,9580,8670,9125,9075,0,9065,0,0,0,2017-04-13,32539112,9060,380,0,0,0,0,0,0,0,0,9065,69,0,0,0,0,0,0,0,0
277,2017-04-13,09:02:19,551,l1709,XDCE,9065,9040,9075,19470,881695800,349946,347882,9580,8670,9125,9075,0,9065,0,0,0,2017-04-13,32539551,9060,376,0,0,0,0,0,0,0,0,9065,81,0,0,0,0,0,0,0,0
278,2017-04-13,09:02:20,130,l1709,XDCE,9065,9040,9075,19502,883146200,349946,347882,9580,8670,9125,9075,0,9065,0,0,0,2017-04-13,32540130,9060,380,0,0,0,0,0,0,0,0,9065,65,0,0,0,0,0,0,0,0
279,2017-04-13,09:02:20,583,l1709,XDCE,9065,9040,9075,19592,887225450,349864,347882,9580,8670,9125,9075,0,9065,0,0,0,2017-04-13,32540583,9060,380,0,0,0,0,0,0,0,0,9065,35,0,0,0,0,0,0,0,0
280,2017-04-13,09:02:21,118,l1709,XDCE,9065,9040,9075,19608,887950650,349852,347882,9580,8670,9125,9075,0,9065,0,0,0,2017-04-13,32541118,9060,373,0,0,0,0,0,0,0,0,9065,47,0,0,0,0,0,0,0,0
281,2017-04-13,09:02:21,589,l1709,XDCE,9065,9040,9075,19622,888585200,349852,347882,9580,8670,9125,9075,0,9065,0,0,0,2017-04-13,32541589,9060,362,0,0,0,0,0,0,0,0,9065,49,0,0,0,0,0,0,0,0
282,2017-04-13,09:02:22,130,l1709,XDCE,9060,9040,9075,19626,888766450,349856,347882,9580,8670,9125,9075,0,9065,0,0,0,2017-04-13,32542130,9060,363,0,0,0,0,0,0,0,0,9065,78,0,0,0,0,0,0,0,0
283,2017-04-13,09:02:22,603,l1709,XDCE,9065,9040,9075,19648,889763100,349858,347882,9580,8670,9125,9075,0,9065,0,0,0,2017-04-13,32542603,9060,352,0,0,0,0,0,0,0,0,9065,106,0,0,0,0,0,0,0,0
284,2017-04-13,09:02:23,86,l1709,XDCE,9060,9040,9075,19702,892210600,349874,347882,9580,8670,9125,9075,0,9065,0,0,0,2017-04-13,32543086,9060,350,0,0,0,0,0,0,0,0,9065,64,0,0,0,0,0,0,0,0
285,2017-04-13,09:02:23,596,l1709,XDCE,9065,9040,9075,19712,892663850,349874,347882,9580,8670,9125,9075,0,9065,0,0,0,2017-04-13,32543596,9060,339,0,0,0,0,0,0,0,0,9065,62,0,0,0,0,0,0,0,0
286,2017-04-13,09:02:24,104,l1709,XDCE,9065,9040,9075,19720,893026450,349876,347882,9580,8670,9125,9075,0,9065,0,0,0,2017-04-13,32544104,9060,339,0,0,0,0,0,0,0,0,9065,63,0,0,0,0,0,0,0,0
287,2017-04-13,09:02:24,611,l1709,XDCE,9060,9040,9075,19744,894113950,349896,347882,9580,8670,9125,9075,0,9065,0,0,0,2017-04-13,32544611,9060,334,0,0,0,0,0,0,0,0,9065,62,0,0,0,0,0,0,0,0
288,2017-04-13,09:02:25,89,l1709,XDCE,9060,9040,9075,19754,894567150,349904,347882,9580,8670,9125,9075,0,9065,0,0,0,2017-04-13,32545089,9060,333,0,0,0,0,0,0,0,0,9065,83,0,0,0,0,0,0,0,0
289,2017-04-13,09:02:25,570,l1709,XDCE,9060,9040,9075,19754,894567150,349904,347882,9580,8670,9125,9075,0,9065,0,0,0,2017-04-13,32545570,9060,321,0,0,0,0,0,0,0,0,9065,86,0,0,0,0,0,0,0,0
290,2017-04-13,09:02:26,89,l1709,XDCE,9060,9040,9075,19754,894567150,349904,347882,9580,8670,9125,9075,0,9065,0,0,0,2017-04-13,32546089,9060,321,0,0,0,0,0,0,0,0,9065,89,0,0,0,0,0,0,0,0
291,2017-04-13,09:02:26,607,l1709,XDCE,9065,9040,9075,19756,894657800,349906,347882,9580,8670,9125,9075,0,9065,0,0,0,2017-04-13,32546607,9060,321,0,0,0,0,0,0,0,0,9065,98,0,0,0,0,0,0,0,0
292,2017-04-13,09:02:27,130,l1709,XDCE,9065,9040,9075,19784,895926900,349934,347882,9580,8670,9125,9075,0,9065,0,0,0,2017-04-13,32547130,9060,324,0,0,0,0,0,0,0,0,9065,87,0,0,0,0,0,0,0,0
293,2017-04-13,09:02:27,529,l1709,XDCE,9065,9040,9075,19788,896108200,349938,347882,9580,8670,9125,9075,0,9065,0,0,0,2017-04-13,32547529,9060,325,0,0,0,0,0,0,0,0,9065,85,0,0,0,0,0,0,0,0
294,2017-04-13,09:02:27,984,l1709,XDCE,9060,9040,9075,19792,896289450,349942,347882,9580,8670,9125,9075,0,9065,0,0,0,2017-04-13,32547984,9060,329,0,0,0,0,0,0,0,0,9065,84,0,0,0,0,0,0,0,0
295,2017-04-13,09:02:28,617,l1709,XDCE,9060,9040,9075,19800,896651850,349950,347882,9580,8670,9125,9075,0,9065,0,0,0,2017-04-13,32548617,9060,325,0,0,0,0,0,0,0,0,9065,84,0,0,0,0,0,0,0,0
296,2017-04-13,09:02:29,76,l1709,XDCE,9060,9040,9075,19810,897104900,349960,347882,9580,8670,9125,9075,0,9065,0,0,0,2017-04-13,32549076,9060,321,0,0,0,0,0,0,0,0,9065,83,0,0,0,0,0,0,0,0
297,2017-04-13,09:02:29,566,l1709,XDCE,9060,9040,9075,19810,897104900,349960,347882,9580,8670,9125,9075,0,9065,0,0,0,2017-04-13,32549566,9060,322,0,0,0,0,0,0,0,0,9065,83,0,0,0,0,0,0,0,0
298,2017-04-13,09:02:30,85,l1709,XDCE,9060,9040,9075,19816,897376700,349966,347882,9580,8670,9125,9075,0,9065,0,0,0,2017-04-13,32550085,9060,310,0,0,0,0,0,0,0,0,9065,109,0,0,0,0,0,0,0,0
299,2017-04-13,09:02:30,571,l1709,XDCE,9060,9040,9075,19820,897557900,349970,347882,9580,8670,9125,9075,0,9065,0,0,0,2017-04-13,32550571,9060,310,0,0,0,0,0,0,0,0,9065,113,0,0,0,0,0,0,0,0
300,2017-04-13,09:02:31,94,l1709,XDCE,9060,9040,9075,19828,897920300,349978,347882,9580,8670,9125,9075,0,9065,0,0,0,2017-04-13,32551094,9060,308,0,0,0,0,0,0,0,0,9065,116,0,0,0,0,0,0,0,0
301,2017-04-13,09:02:31,620,l1709,XDCE,9060,9040,9075,19832,898101500,349982,347882,9580,8670,9125,9075,0,9065,0,0,0,2017-04-13,32551620,9060,355,0,0,0,0,0,0,0,0,9065,139,0,0,0,0,0,0,0,0
302,2017-04-13,09:02:32,118,l1709,XDCE,9060,9040,9075,19904,901363100,349982,347882,9580,8670,9125,9075,0,9065,0,0,0,2017-04-13,32552118,9060,319,0,0,0,0,0,0,0,0,9065,139,0,0,0,0,0,0,0,0
303,2017-04-13,09:02:32,628,l1709,XDCE,9060,9040,9075,20472,927093550,350060,347882,9580,8670,9125,9075,0,9065,0,0,0,2017-04-13,32552628,9060,160,0,0,0,0,0,0,0,0,9065,195,0,0,0,0,0,0,0,0
304,2017-04-13,09:02:33,108,l1709,XDCE,9055,9040,9075,20796,941770650,350258,347882,9580,8670,9125,9075,0,9065,0,0,0,2017-04-13,32553108,9055,182,0,0,0,0,0,0,0,0,9060,228,0,0,0,0,0,0,0,0
305,2017-04-13,09:02:33,598,l1709,XDCE,9055,9040,9075,20804,942132900,350260,347882,9580,8670,9125,9075,0,9065,0,0,0,2017-04-13,32553598,9055,167,0,0,0,0,0,0,0,0,9060,232,0,0,0,0,0,0,0,0
306,2017-04-13,09:02:34,90,l1709,XDCE,9055,9040,9075,20804,942132900,350260,347882,9580,8670,9125,9075,0,9065,0,0,0,2017-04-13,32554090,9055,169,0,0,0,0,0,0,0,0,9060,239,0,0,0,0,0,0,0,0
307,2017-04-13,09:02:34,630,l1709,XDCE,9055,9040,9075,20804,942132900,350260,347882,9580,8670,9125,9075,0,9065,0,0,0,2017-04-13,32554630,9055,169,0,0,0,0,0,0,0,0,9060,216,0,0,0,0,0,0,0,0
308,2017-04-13,09:02:35,83,l1709,XDCE,9055,9040,9075,20804,942132900,350260,347882,9580,8670,9125,9075,0,9065,0,0,0,2017-04-13,32555083,9055,178,0,0,0,0,0,0,0,0,9060,217,0,0,0,0,0,0,0,0
309,2017-04-13,09:02:36,82,l1709,XDCE,9055,9040,9075,20824,943038700,350262,347882,9580,8670,9125,9075,0,9065,0,0,0,2017-04-13,32556082,9055,159,0,0,0,0,0,0,0,0,9060,207,0,0,0,0,0,0,0,0
310,2017-04-13,09:02:36,629,l1709,XDCE,9060,9040,9075,20834,943491550,350262,347882,9580,8670,9125,9075,0,9065,0,0,0,2017-04-13,32556629,9055,156,0,0,0,0,0,0,0,0,9060,208,0,0,0,0,0,0,0,0
311,2017-04-13,09:02:37,100,l1709,XDCE,9060,9040,9075,20900,946480200,350236,347882,9580,8670,9125,9075,0,9065,0,0,0,2017-04-13,32557100,9055,134,0,0,0,0,0,0,0,0,9060,201,0,0,0,0,0,0,0,0
312,2017-04-13,09:02:37,627,l1709,XDCE,9055,9040,9075,20932,947929050,350226,347882,9580,8670,9125,9075,0,9065,0,0,0,2017-04-13,32557627,9055,139,0,0,0,0,0,0,0,0,9060,175,0,0,0,0,0,0,0,0
313,2017-04-13,09:02:37,834,l1709,XDCE,9055,9040,9075,20952,948834550,350206,347882,9580,8670,9125,9075,0,9065,0,0,0,2017-04-13,32557834,9055,139,0,0,0,0,0,0,0,0,9060,165,0,0,0,0,0,0,0,0
314,2017-04-13,09:02:38,582,l1709,XDCE,9055,9040,9075,20960,949196750,350206,347882,9580,8670,9125,9075,0,9065,0,0,0,2017-04-13,32558582,9055,137,0,0,0,0,0,0,0,0,9060,166,0,0,0,0,0,0,0,0
315,2017-04-13,09:02:39,49,l1709,XDCE,9055,9040,9075,20960,949196750,350206,347882,9580,8670,9125,9075,0,9065,0,0,0,2017-04-13,32559049,9055,138,0,0,0,0,0,0,0,0,9060,172,0,0,0,0,0,0,0,0
316,2017-04-13,09:02:39,592,l1709,XDCE,9055,9040,9075,20966,949468400,350206,347882,9580,8670,9125,9075,0,9065,0,0,0,2017-04-13,32559592,9055,135,0,0,0,0,0,0,0,0,9060,170,0,0,0,0,0,0,0,0
317,2017-04-13,09:02:40,83,l1709,XDCE,9055,9040,9075,20974,949830600,350206,347882,9580,8670,9125,9075,0,9065,0,0,0,2017-04-13,32560083,9055,130,0,0,0,0,0,0,0,0,9060,170,0,0,0,0,0,0,0,0
318,2017-04-13,09:02:40,600,l1709,XDCE,9055,9040,9075,20998,950917650,350218,347882,9580,8670,9125,9075,0,9065,0,0,0,2017-04-13,32560600,9055,119,0,0,0,0,0,0,0,0,9060,172,0,0,0,0,0,0,0,0
319,2017-04-13,09:02:41,79,l1709,XDCE,9055,9040,9075,21006,951279850,350218,347882,9580,8670,9125,9075,0,9065,0,0,0,2017-04-13,32561079,9055,116,0,0,0,0,0,0,0,0,9060,179,0,0,0,0,0,0,0,0
320,2017-04-13,09:02:41,577,l1709,XDCE,9055,9040,9075,21028,952275950,350210,347882,9580,8670,9125,9075,0,9065,0,0,0,2017-04-13,32561577,9055,107,0,0,0,0,0,0,0,0,9060,178,0,0,0,0,0,0,0,0
321,2017-04-13,09:02:42,130,l1709,XDCE,9055,9040,9075,21064,953905850,350212,347882,9580,8670,9125,9075,0,9065,0,0,0,2017-04-13,32562130,9055,97,0,0,0,0,0,0,0,0,9060,172,0,0,0,0,0,0,0,0
322,2017-04-13,09:02:42,379,l1709,XDCE,9055,9040,9075,21064,953905850,350212,347882,9580,8670,9125,9075,0,9065,0,0,0,2017-04-13,32562379,9055,97,0,0,0,0,0,0,0,0,9060,190,0,0,0,0,0,0,0,0
323,2017-04-13,09:02:43,83,l1709,XDCE,9055,9040,9075,21146,957618400,350288,347882,9580,8670,9125,9075,0,9065,0,0,0,2017-04-13,32563083,9055,56,0,0,0,0,0,0,0,0,9060,168,0,0,0,0,0,0,0,0
324,2017-04-13,09:02:43,599,l1709,XDCE,9055,9040,9075,21154,957980600,350294,347882,9580,8670,9125,9075,0,9065,0,0,0,2017-04-13,32563599,9055,52,0,0,0,0,0,0,0,0,9060,92,0,0,0,0,0,0,0,0
325,2017-04-13,09:02:44,120,l1709,XDCE,9055,9040,9075,21192,959701050,350300,347882,9580,8670,9125,9075,0,9065,0,0,0,2017-04-13,32564120,9055,51,0,0,0,0,0,0,0,0,9060,110,0,0,0,0,0,0,0,0
326,2017-04-13,09:02:44,548,l1709,XDCE,9055,9040,9075,21192,959701050,350300,347882,9580,8670,9125,9075,0,9065,0,0,0,2017-04-13,32564548,9055,51,0,0,0,0,0,0,0,0,9060,111,0,0,0,0,0,0,0,0
327,2017-04-13,09:02:45,23,l1709,XDCE,9055,9040,9075,21208,960425700,350290,347882,9580,8670,9125,9075,0,9065,0,0,0,2017-04-13,32565023,9055,70,0,0,0,0,0,0,0,0,9060,107,0,0,0,0,0,0,0,0
328,2017-04-13,09:02:45,583,l1709,XDCE,9055,9040,9075,21208,960425700,350290,347882,9580,8670,9125,9075,0,9065,0,0,0,2017-04-13,32565583,9055,71,0,0,0,0,0,0,0,0,9060,107,0,0,0,0,0,0,0,0
329,2017-04-13,09:02:46,131,l1709,XDCE,9055,9040,9075,21252,962417800,350316,347882,9580,8670,9125,9075,0,9065,0,0,0,2017-04-13,32566131,9055,74,0,0,0,0,0,0,0,0,9060,97,0,0,0,0,0,0,0,0
330,2017-04-13,09:02:46,586,l1709,XDCE,9055,9040,9075,21256,962598900,350316,347882,9580,8670,9125,9075,0,9065,0,0,0,2017-04-13,32566586,9055,73,0,0,0,0,0,0,0,0,9060,97,0,0,0,0,0,0,0,0
331,2017-04-13,09:02:47,86,l1709,XDCE,9055,9040,9075,21260,962780000,350316,347882,9580,8670,9125,9075,0,9065,0,0,0,2017-04-13,32567086,9055,70,0,0,0,0,0,0,0,0,9060,97,0,0,0,0,0,0,0,0
332,2017-04-13,09:02:47,629,l1709,XDCE,9055,9040,9075,21260,962780000,350316,347882,9580,8670,9125,9075,0,9065,0,0,0,2017-04-13,32567629,9055,50,0,0,0,0,0,0,0,0,9060,130,0,0,0,0,0,0,0,0
333,2017-04-13,09:02:48,105,l1709,XDCE,9055,9040,9075,21260,962780000,350316,347882,9580,8670,9125,9075,0,9065,0,0,0,2017-04-13,32568105,9055,62,0,0,0,0,0,0,0,0,9060,135,0,0,0,0,0,0,0,0
334,2017-04-13,09:02:48,626,l1709,XDCE,9055,9040,9075,21266,963051650,350310,347882,9580,8670,9125,9075,0,9065,0,0,0,2017-04-13,32568626,9055,70,0,0,0,0,0,0,0,0,9060,137,0,0,0,0,0,0,0,0
335,2017-04-13,09:02:49,102,l1709,XDCE,9055,9040,9075,21414,969752300,350264,347882,9580,8670,9125,9075,0,9065,0,0,0,2017-04-13,32569102,9050,489,0,0,0,0,0,0,0,0,9055,23,0,0,0,0,0,0,0,0
336,2017-04-13,09:02:49,584,l1709,XDCE,9050,9040,9075,21446,971201050,350234,347882,9580,8670,9125,9075,0,9065,0,0,0,2017-04-13,32569584,9050,485,0,0,0,0,0,0,0,0,9055,25,0,0,0,0,0,0,0,0
337,2017-04-13,09:02:50,116,l1709,XDCE,9055,9040,9075,21508,974008000,350260,347882,9580,8670,9125,9075,0,9065,0,0,0,2017-04-13,32570116,9055,23,0,0,0,0,0,0,0,0,9060,155,0,0,0,0,0,0,0,0
338,2017-04-13,09:02:50,583,l1709,XDCE,9055,9040,9075,21558,976271700,350284,347882,9580,8670,9125,9075,0,9065,0,0,0,2017-04-13,32570583,9050,484,0,0,0,0,0,0,0,0,9055,52,0,0,0,0,0,0,0,0
339,2017-04-13,09:02:51,116,l1709,XDCE,9055,9040,9075,21560,976362250,350286,347882,9580,8670,9125,9075,0,9065,0,0,0,2017-04-13,32571116,9050,484,0,0,0,0,0,0,0,0,9055,51,0,0,0,0,0,0,0,0
340,2017-04-13,09:02:51,627,l1709,XDCE,9050,9040,9075,21642,980072750,350284,347882,9580,8670,9125,9075,0,9065,0,0,0,2017-04-13,32571627,9050,443,0,0,0,0,0,0,0,0,9055,69,0,0,0,0,0,0,0,0
341,2017-04-13,09:02:52,67,l1709,XDCE,9050,9040,9075,21644,980163250,350282,347882,9580,8670,9125,9075,0,9065,0,0,0,2017-04-13,32572067,9050,440,0,0,0,0,0,0,0,0,9055,86,0,0,0,0,0,0,0,0
342,2017-04-13,09:02:52,584,l1709,XDCE,9055,9040,9075,21648,980344300,350282,347882,9580,8670,9125,9075,0,9065,0,0,0,2017-04-13,32572584,9050,439,0,0,0,0,0,0,0,0,9055,85,0,0,0,0,0,0,0,0
343,2017-04-13,09:02:53,84,l1709,XDCE,9050,9040,9075,21664,981068600,350282,347882,9580,8670,9125,9075,0,9065,0,0,0,2017-04-13,32573084,9050,427,0,0,0,0,0,0,0,0,9055,107,0,0,0,0,0,0,0,0
344,2017-04-13,09:02:53,599,l1709,XDCE,9050,9040,9075,21666,981159100,350280,347882,9580,8670,9125,9075,0,9065,0,0,0,2017-04-13,32573599,9050,426,0,0,0,0,0,0,0,0,9055,116,0,0,0,0,0,0,0,0
345,2017-04-13,09:02:54,98,l1709,XDCE,9050,9040,9075,22278,1008852200,349804,347882,9580,8670,9125,9075,0,9065,0,0,0,2017-04-13,32574098,9050,120,0,0,0,0,0,0,0,0,9055,120,0,0,0,0,0,0,0,0
346,2017-04-13,09:02:54,627,l1709,XDCE,9040,9040,9075,22698,1027852600,349960,347882,9580,8670,9125,9075,0,9065,0,0,0,2017-04-13,32574627,9040,219,0,0,0,0,0,0,0,0,9045,247,0,0,0,0,0,0,0,0
347,2017-04-13,09:02:55,88,l1709,XDCE,9040,9040,9075,22790,1032011650,349976,347882,9580,8670,9125,9075,0,9065,0,0,0,2017-04-13,32575088,9040,183,0,0,0,0,0,0,0,0,9045,234,0,0,0,0,0,0,0,0
348,2017-04-13,09:02:55,590,l1709,XDCE,9040,9040,9075,22864,1035356500,350034,347882,9580,8670,9125,9075,0,9065,0,0,0,2017-04-13,32575590,9040,147,0,0,0,0,0,0,0,0,9045,236,0,0,0,0,0,0,0,0
349,2017-04-13,09:02:56,127,l1709,XDCE,9035,9035,9075,23164,1048916350,350216,347882,9580,8670,9125,9075,0,9065,0,0,0,2017-04-13,32576127,9035,195,0,0,0,0,0,0,0,0,9040,123,0,0,0,0,0,0,0,0
350,2017-04-13,09:02:56,626,l1709,XDCE,9025,9015,9075,25720,1164272200,350546,347882,9580,8670,9125,9075,0,9065,0,0,0,2017-04-13,32576626,9025,207,0,0,0,0,0,0,0,0,9030,20,0,0,0,0,0,0,0,0
351,2017-04-13,09:02:57,129,l1709,XDCE,9025,9015,9075,26030,1178264750,350394,347882,9580,8670,9125,9075,0,9065,0,0,0,2017-04-13,32577129,9025,170,0,0,0,0,0,0,0,0,9030,1,0,0,0,0,0,0,0,0
352,2017-04-13,09:02:57,628,l1709,XDCE,9025,9015,9075,27124,1227615450,350740,347882,9580,8670,9125,9075,0,9065,0,0,0,2017-04-13,32577628,9020,151,0,0,0,0,0,0,0,0,9025,71,0,0,0,0,0,0,0,0
353,2017-04-13,09:02:58,87,l1709,XDCE,9025,9015,9075,27238,1232759450,350782,347882,9580,8670,9125,9075,0,9065,0,0,0,2017-04-13,32578087,9020,196,0,0,0,0,0,0,0,0,9025,42,0,0,0,0,0,0,0,0
354,2017-04-13,09:02:58,587,l1709,XDCE,9030,9015,9075,27376,1238987700,350736,347882,9580,8670,9125,9075,0,9065,0,0,0,2017-04-13,32578587,9025,115,0,0,0,0,0,0,0,0,9030,6,0,0,0,0,0,0,0,0
355,2017-04-13,09:02:59,129,l1709,XDCE,9030,9015,9075,27486,1243954100,350686,347882,9580,8670,9125,9075,0,9065,0,0,0,2017-04-13,32579129,9030,33,0,0,0,0,0,0,0,0,9035,54,0,0,0,0,0,0,0,0
356,2017-04-13,09:02:59,610,l1709,XDCE,9035,9015,9075,27524,1245669850,350660,347882,9580,8670,9125,9075,0,9065,0,0,0,2017-04-13,32579610,9030,84,0,0,0,0,0,0,0,0,9035,42,0,0,0,0,0,0,0,0
357,2017-04-13,09:03:00,122,l1709,XDCE,9035,9015,9075,27562,1247385700,350672,347882,9580,8670,9125,9075,0,9065,0,0,0,2017-04-13,32580122,9030,120,0,0,0,0,0,0,0,0,9035,67,0,0,0,0,0,0,0,0
358,2017-04-13,09:03:00,622,l1709,XDCE,9030,9015,9075,27632,1250546200,350722,347882,9580,8670,9125,9075,0,9065,0,0,0,2017-04-13,32580622,9030,120,0,0,0,0,0,0,0,0,9035,147,0,0,0,0,0,0,0,0
359,2017-04-13,09:03:01,100,l1709,XDCE,9035,9015,9075,27636,1250726900,350722,347882,9580,8670,9125,9075,0,9065,0,0,0,2017-04-13,32581100,9030,151,0,0,0,0,0,0,0,0,9035,155,0,0,0,0,0,0,0,0
360,2017-04-13,09:03:01,594,l1709,XDCE,9040,9015,9075,28072,1270425600,350670,347882,9580,8670,9125,9075,0,9065,0,0,0,2017-04-13,32581594,9035,143,0,0,0,0,0,0,0,0,9040,53,0,0,0,0,0,0,0,0
361,2017-04-13,09:03:02,91,l1709,XDCE,9035,9015,9075,28290,1280278100,350546,347882,9580,8670,9125,9075,0,9065,0,0,0,2017-04-13,32582091,9035,131,0,0,0,0,0,0,0,0,9040,92,0,0,0,0,0,0,0,0
362,2017-04-13,09:03:02,606,l1709,XDCE,9035,9015,9075,28314,1281362750,350524,347882,9580,8670,9125,9075,0,9065,0,0,0,2017-04-13,32582606,9035,201,0,0,0,0,0,0,0,0,9040,84,0,0,0,0,0,0,0,0
363,2017-04-13,09:03:03,122,l1709,XDCE,9040,9015,9075,28338,1282447500,350526,347882,9580,8670,9125,9075,0,9065,0,0,0,2017-04-13,32583122,9035,207,0,0,0,0,0,0,0,0,9040,74,0,0,0,0,0,0,0,0
364,2017-04-13,09:03:03,599,l1709,XDCE,9035,9015,9075,28348,1282899300,350522,347882,9580,8670,9125,9075,0,9065,0,0,0,2017-04-13,32583599,9035,206,0,0,0,0,0,0,0,0,9040,73,0,0,0,0,0,0,0,0
365,2017-04-13,09:03:04,86,l1709,XDCE,9035,9015,9075,28432,1286695700,350462,347882,9580,8670,9125,9075,0,9065,0,0,0,2017-04-13,32584086,9035,204,0,0,0,0,0,0,0,0,9040,48,0,0,0,0,0,0,0,0
366,2017-04-13,09:03:04,614,l1709,XDCE,9035,9015,9075,28872,1306574200,350150,347882,9580,8670,9125,9075,0,9065,0,0,0,2017-04-13,32584614,9035,25,0,0,0,0,0,0,0,0,9040,38,0,0,0,0,0,0,0,0
367,2017-04-13,09:03:05,129,l1709,XDCE,9035,9015,9075,28950,1310097850,350128,347882,9580,8670,9125,9075,0,9065,0,0,0,2017-04-13,32585129,9030,108,0,0,0,0,0,0,0,0,9035,162,0,0,0,0,0,0,0,0
368,2017-04-13,09:03:05,622,l1709,XDCE,9030,9015,9075,29094,1316599450,350164,347882,9580,8670,9125,9075,0,9065,0,0,0,2017-04-13,32585622,9030,35,0,0,0,0,0,0,0,0,9035,193,0,0,0,0,0,0,0,0
369,2017-04-13,09:03:06,114,l1709,XDCE,9030,9015,9075,29342,1327793900,350214,347882,9580,8670,9125,9075,0,9065,0,0,0,2017-04-13,32586114,9025,113,0,0,0,0,0,0,0,0,9030,129,0,0,0,0,0,0,0,0
370,2017-04-13,09:03:06,619,l1709,XDCE,9025,9015,9075,29534,1336458000,350208,347882,9580,8670,9125,9075,0,9065,0,0,0,2017-04-13,32586619,9025,41,0,0,0,0,0,0,0,0,9030,148,0,0,0,0,0,0,0,0
371,2017-04-13,09:03:07,125,l1709,XDCE,9030,9015,9075,29626,1340609700,350210,347882,9580,8670,9125,9075,0,9065,0,0,0,2017-04-13,32587125,9020,101,0,0,0,0,0,0,0,0,9030,161,0,0,0,0,0,0,0,0
372,2017-04-13,09:03:07,602,l1709,XDCE,9025,9015,9075,29726,1345121700,350196,347882,9580,8670,9125,9075,0,9065,0,0,0,2017-04-13,32587602,9020,103,0,0,0,0,0,0,0,0,9025,61,0,0,0,0,0,0,0,0
373,2017-04-13,09:03:08,101,l1709,XDCE,9020,9015,9075,29808,1348820050,350214,347882,9580,8670,9125,9075,0,9065,0,0,0,2017-04-13,32588101,9020,75,0,0,0,0,0,0,0,0,9025,91,0,0,0,0,0,0,0,0
374,2017-04-13,09:03:08,627,l1709,XDCE,9020,9015,9075,30078,1360997400,350158,347882,9580,8670,9125,9075,0,9065,0,0,0,2017-04-13,32588627,9020,40,0,0,0,0,0,0,0,0,9025,115,0,0,0,0,0,0,0,0
375,2017-04-13,09:03:09,97,l1709,XDCE,9020,9015,9075,30242,1368393750,350034,347882,9580,8670,9125,9075,0,9065,0,0,0,2017-04-13,32589097,9015,94,0,0,0,0,0,0,0,0,9020,28,0,0,0,0,0,0,0,0
376,2017-04-13,09:03:09,626,l1709,XDCE,9025,9015,9075,30332,1372452900,350002,347882,9580,8670,9125,9075,0,9065,0,0,0,2017-04-13,32589626,9020,22,0,0,0,0,0,0,0,0,9025,87,0,0,0,0,0,0,0,0
377,2017-04-13,09:03:10,131,l1709,XDCE,9020,9015,9075,30378,1374528300,349986,347882,9580,8670,9125,9075,0,9065,0,0,0,2017-04-13,32590131,9020,54,0,0,0,0,0,0,0,0,9025,71,0,0,0,0,0,0,0,0
378,2017-04-13,09:03:10,596,l1709,XDCE,9025,9015,9075,30400,1375520650,349992,347882,9580,8670,9125,9075,0,9065,0,0,0,2017-04-13,32590596,9020,110,0,0,0,0,0,0,0,0,9025,56,0,0,0,0,0,0,0,0
379,2017-04-13,09:03:11,118,l1709,XDCE,9030,9015,9075,30494,1379762250,349960,347882,9580,8670,9125,9075,0,9065,0,0,0,2017-04-13,32591118,9025,118,0,0,0,0,0,0,0,0,9030,136,0,0,0,0,0,0,0,0
380,2017-04-13,09:03:11,616,l1709,XDCE,9030,9015,9075,30612,1385089500,349874,347882,9580,8670,9125,9075,0,9065,0,0,0,2017-04-13,32591616,9025,127,0,0,0,0,0,0,0,0,9030,75,0,0,0,0,0,0,0,0
381,2017-04-13,09:03:12,97,l1709,XDCE,9030,9015,9075,30628,1385811700,349866,347882,9580,8670,9125,9075,0,9065,0,0,0,2017-04-13,32592097,9025,131,0,0,0,0,0,0,0,0,9030,84,0,0,0,0,0,0,0,0
382,2017-04-13,09:03:12,622,l1709,XDCE,9025,9015,9075,30630,1385901950,349866,347882,9580,8670,9125,9075,0,9065,0,0,0,2017-04-13,32592622,9025,130,0,0,0,0,0,0,0,0,9030,84,0,0,0,0,0,0,0,0
383,2017-04-13,09:03:13,129,l1709,XDCE,9025,9015,9075,30912,1398627200,349632,347882,9580,8670,9125,9075,0,9065,0,0,0,2017-04-13,32593129,9020,167,0,0,0,0,0,0,0,0,9025,53,0,0,0,0,0,0,0,0
384,2017-04-13,09:03:13,586,l1709,XDCE,9025,9015,9075,31026,1403771450,349544,347882,9580,8670,9125,9075,0,9065,0,0,0,2017-04-13,32593586,9025,68,0,0,0,0,0,0,0,0,9030,107,0,0,0,0,0,0,0,0
385,2017-04-13,09:03:14,126,l1709,XDCE,9025,9015,9075,31056,1405125200,349534,347882,9580,8670,9125,9075,0,9065,0,0,0,2017-04-13,32594126,9025,66,0,0,0,0,0,0,0,0,9030,112,0,0,0,0,0,0,0,0
386,2017-04-13,09:03:14,623,l1709,XDCE,9025,9015,9075,31132,1408554950,349476,347882,9580,8670,9125,9075,0,9065,0,0,0,2017-04-13,32594623,9025,54,0,0,0,0,0,0,0,0,9030,125,0,0,0,0,0,0,0,0
387,2017-04-13,09:03:15,124,l1709,XDCE,9025,9015,9075,31248,1413789450,349464,347882,9580,8670,9125,9075,0,9065,0,0,0,2017-04-13,32595124,9020,167,0,0,0,0,0,0,0,0,9025,115,0,0,0,0,0,0,0,0
388,2017-04-13,09:03:15,617,l1709,XDCE,9020,9015,9075,31270,1414781750,349482,347882,9580,8670,9125,9075,0,9065,0,0,0,2017-04-13,32595617,9020,161,0,0,0,0,0,0,0,0,9025,113,0,0,0,0,0,0,0,0
389,2017-04-13,09:03:16,130,l1709,XDCE,9025,9015,9075,31394,1420377000,349404,347882,9580,8670,9125,9075,0,9065,0,0,0,2017-04-13,32596130,9020,162,0,0,0,0,0,0,0,0,9025,82,0,0,0,0,0,0,0,0
390,2017-04-13,09:03:16,623,l1709,XDCE,9025,9015,9075,31498,1425069950,349398,347882,9580,8670,9125,9075,0,9065,0,0,0,2017-04-13,32596623,9020,167,0,0,0,0,0,0,0,0,9025,35,0,0,0,0,0,0,0,0
391,2017-04-13,09:03:17,126,l1709,XDCE,9020,9015,9075,31516,1425882100,349392,347882,9580,8670,9125,9075,0,9065,0,0,0,2017-04-13,32597126,9020,168,0,0,0,0,0,0,0,0,9025,73,0,0,0,0,0,0,0,0
392,2017-04-13,09:03:17,597,l1709,XDCE,9025,9015,9075,31618,1430484850,349306,347882,9580,8670,9125,9075,0,9065,0,0,0,2017-04-13,32597597,9020,173,0,0,0,0,0,0,0,0,9025,22,0,0,0,0,0,0,0,0
393,2017-04-13,09:03:18,100,l1709,XDCE,9020,9015,9075,31662,1432469350,349306,347882,9580,8670,9125,9075,0,9065,0,0,0,2017-04-13,32598100,9020,159,0,0,0,0,0,0,0,0,9025,26,0,0,0,0,0,0,0,0
394,2017-04-13,09:03:18,555,l1709,XDCE,9025,9015,9075,31748,1436350100,349264,347882,9580,8670,9125,9075,0,9065,0,0,0,2017-04-13,32598555,9025,31,0,0,0,0,0,0,0,0,9030,133,0,0,0,0,0,0,0,0
395,2017-04-13,09:03:19,106,l1709,XDCE,9030,9015,9075,31764,1437072150,349250,347882,9580,8670,9125,9075,0,9065,0,0,0,2017-04-13,32599106,9025,32,0,0,0,0,0,0,0,0,9030,132,0,0,0,0,0,0,0,0
396,2017-04-13,09:03:19,608,l1709,XDCE,9025,9015,9075,31784,1437974650,349250,347882,9580,8670,9125,9075,0,9065,0,0,0,2017-04-13,32599608,9025,41,0,0,0,0,0,0,0,0,9030,125,0,0,0,0,0,0,0,0
397,2017-04-13,09:03:20,103,l1709,XDCE,9025,9015,9075,31804,1438877150,349246,347882,9580,8670,9125,9075,0,9065,0,0,0,2017-04-13,32600103,9025,50,0,0,0,0,0,0,0,0,9030,125,0,0,0,0,0,0,0,0
398,2017-04-13,09:03:20,628,l1709,XDCE,9025,9015,9075,31810,1439147900,349246,347882,9580,8670,9125,9075,0,9065,0,0,0,2017-04-13,32600628,9025,50,0,0,0,0,0,0,0,0,9030,125,0,0,0,0,0,0,0,0
399,2017-04-13,09:03:21,87,l1709,XDCE,9025,9015,9075,31864,1441584650,349256,347882,9580,8670,9125,9075,0,9065,0,0,0,2017-04-13,32601087,9025,13,0,0,0,0,0,0,0,0,9030,145,0,0,0,0,0,0,0,0
400,2017-04-13,09:03:21,592,l1709,XDCE,9030,9015,9075,31866,1441674950,349256,347882,9580,8670,9125,9075,0,9065,0,0,0,2017-04-13,32601592,9025,14,0,0,0,0,0,0,0,0,9030,146,0,0,0,0,0,0,0,0
401,2017-04-13,09:03:22,118,l1709,XDCE,9025,9015,9075,31868,1441765200,349256,347882,9580,8670,9125,9075,0,9065,0,0,0,2017-04-13,32602118,9025,15,0,0,0,0,0,0,0,0,9030,147,0,0,0,0,0,0,0,0
402,2017-04-13,09:03:23,92,l1709,XDCE,9025,9015,9075,31922,1444201800,349226,347882,9580,8670,9125,9075,0,9065,0,0,0,2017-04-13,32603092,9020,298,0,0,0,0,0,0,0,0,9025,30,0,0,0,0,0,0,0,0
403,2017-04-13,09:03:23,617,l1709,XDCE,9025,9015,9075,31924,1444292050,349226,347882,9580,8670,9125,9075,0,9065,0,0,0,2017-04-13,32603617,9020,301,0,0,0,0,0,0,0,0,9025,40,0,0,0,0,0,0,0,0
404,2017-04-13,09:03:24,125,l1709,XDCE,9025,9015,9075,31926,1444382300,349224,347882,9580,8670,9125,9075,0,9065,0,0,0,2017-04-13,32604125,9020,303,0,0,0,0,0,0,0,0,9025,43,0,0,0,0,0,0,0,0
405,2017-04-13,09:03:24,628,l1709,XDCE,9025,9015,9075,31926,1444382300,349224,347882,9580,8670,9125,9075,0,9065,0,0,0,2017-04-13,32604628,9020,305,0,0,0,0,0,0,0,0,9025,49,0,0,0,0,0,0,0,0
406,2017-04-13,09:03:24,987,l1709,XDCE,9025,9015,9075,31926,1444382300,349224,347882,9580,8670,9125,9075,0,9065,0,0,0,2017-04-13,32604987,9020,306,0,0,0,0,0,0,0,0,9025,60,0,0,0,0,0,0,0,0
407,2017-04-13,09:03:25,587,l1709,XDCE,9020,9015,9075,32546,1472344800,349176,347882,9580,8670,9125,9075,0,9065,0,0,0,2017-04-13,32605587,9015,163,0,0,0,0,0,0,0,0,9020,51,0,0,0,0,0,0,0,0
408,2017-04-13,09:03:26,129,l1709,XDCE,9020,9015,9075,32680,1478388200,349118,347882,9580,8670,9125,9075,0,9065,0,0,0,2017-04-13,32606129,9020,47,0,0,0,0,0,0,0,0,9025,91,0,0,0,0,0,0,0,0
409,2017-04-13,09:03:26,598,l1709,XDCE,9020,9015,9075,32750,1481545450,349158,347882,9580,8670,9125,9075,0,9065,0,0,0,2017-04-13,32606598,9020,13,0,0,0,0,0,0,0,0,9025,137,0,0,0,0,0,0,0,0
410,2017-04-13,09:03:27,81,l1709,XDCE,9025,9015,9075,32764,1482177150,349148,347882,9580,8670,9125,9075,0,9065,0,0,0,2017-04-13,32607081,9020,22,0,0,0,0,0,0,0,0,9025,138,0,0,0,0,0,0,0,0
411,2017-04-13,09:03:27,625,l1709,XDCE,9020,9015,9075,32768,1482357550,349148,347882,9580,8670,9125,9075,0,9065,0,0,0,2017-04-13,32607625,9020,21,0,0,0,0,0,0,0,0,9025,140,0,0,0,0,0,0,0,0
412,2017-04-13,09:03:28,105,l1709,XDCE,9020,9015,9075,33112,1497865250,349030,347882,9580,8670,9125,9075,0,9065,0,0,0,2017-04-13,32608105,9015,64,0,0,0,0,0,0,0,0,9020,57,0,0,0,0,0,0,0,0
413,2017-04-13,09:03:28,615,l1709,XDCE,9020,9015,9075,33114,1497955450,349030,347882,9580,8670,9125,9075,0,9065,0,0,0,2017-04-13,32608615,9015,79,0,0,0,0,0,0,0,0,9020,48,0,0,0,0,0,0,0,0
414,2017-04-13,09:03:29,95,l1709,XDCE,9020,9015,9075,33126,1498496650,349040,347882,9580,8670,9125,9075,0,9065,0,0,0,2017-04-13,32609095,9015,82,0,0,0,0,0,0,0,0,9020,37,0,0,0,0,0,0,0,0
415,2017-04-13,09:03:29,622,l1709,XDCE,9020,9015,9075,33136,1498947650,349048,347882,9580,8670,9125,9075,0,9065,0,0,0,2017-04-13,32609622,9015,80,0,0,0,0,0,0,0,0,9020,123,0,0,0,0,0,0,0,0
416,2017-04-13,09:03:30,86,l1709,XDCE,9020,9015,9075,33148,1499488600,349060,347882,9580,8670,9125,9075,0,9065,0,0,0,2017-04-13,32610086,9015,75,0,0,0,0,0,0,0,0,9020,128,0,0,0,0,0,0,0,0
417,2017-04-13,09:03:30,606,l1709,XDCE,9015,9015,9075,33154,1499759050,349066,347882,9580,8670,9125,9075,0,9065,0,0,0,2017-04-13,32610606,9015,102,0,0,0,0,0,0,0,0,9020,132,0,0,0,0,0,0,0,0
418,2017-04-13,09:03:31,125,l1709,XDCE,9015,9015,9075,33290,1505892000,349034,347882,9580,8670,9125,9075,0,9065,0,0,0,2017-04-13,32611125,9015,96,0,0,0,0,0,0,0,0,9020,89,0,0,0,0,0,0,0,0
419,2017-04-13,09:03:31,545,l1709,XDCE,9020,9015,9075,33374,1509679850,349078,347882,9580,8670,9125,9075,0,9065,0,0,0,2017-04-13,32611545,9015,92,0,0,0,0,0,0,0,0,9020,63,0,0,0,0,0,0,0,0
420,2017-04-13,09:03:32,127,l1709,XDCE,9020,9015,9075,33378,1509860200,349080,347882,9580,8670,9125,9075,0,9065,0,0,0,2017-04-13,32612127,9015,110,0,0,0,0,0,0,0,0,9020,63,0,0,0,0,0,0,0,0
421,2017-04-13,09:03:32,590,l1709,XDCE,9015,9015,9075,33386,1510220950,349088,347882,9580,8670,9125,9075,0,9065,0,0,0,2017-04-13,32612590,9015,98,0,0,0,0,0,0,0,0,9020,64,0,0,0,0,0,0,0,0
422,2017-04-13,09:03:33,111,l1709,XDCE,9020,9015,9075,33392,1510491450,349084,347882,9580,8670,9125,9075,0,9065,0,0,0,2017-04-13,32613111,9015,98,0,0,0,0,0,0,0,0,9020,64,0,0,0,0,0,0,0,0
423,2017-04-13,09:03:33,627,l1709,XDCE,9020,9015,9075,33526,1516534700,349132,347882,9580,8670,9125,9075,0,9065,0,0,0,2017-04-13,32613627,9020,31,0,0,0,0,0,0,0,0,9025,135,0,0,0,0,0,0,0,0
424,2017-04-13,09:03:33,966,l1709,XDCE,9020,9015,9075,33534,1516895500,349126,347882,9580,8670,9125,9075,0,9065,0,0,0,2017-04-13,32613966,9020,29,0,0,0,0,0,0,0,0,9025,137,0,0,0,0,0,0,0,0
425,2017-04-13,09:03:34,585,l1709,XDCE,9020,9015,9075,33656,1522398800,349028,347882,9580,8670,9125,9075,0,9065,0,0,0,2017-04-13,32614585,9015,139,0,0,0,0,0,0,0,0,9020,7,0,0,0,0,0,0,0,0
426,2017-04-13,09:03:35,120,l1709,XDCE,9015,9015,9075,33962,1536191950,348934,347882,9580,8670,9125,9075,0,9065,0,0,0,2017-04-13,32615120,9010,357,0,0,0,0,0,0,0,0,9015,24,0,0,0,0,0,0,0,0
427,2017-04-13,09:03:35,624,l1709,XDCE,9015,9010,9075,34068,1540969850,348940,347882,9580,8670,9125,9075,0,9065,0,0,0,2017-04-13,32615624,9010,416,0,0,0,0,0,0,0,0,9015,18,0,0,0,0,0,0,0,0
428,2017-04-13,09:03:36,114,l1709,XDCE,9010,9010,9075,34368,1554491200,349040,347882,9580,8670,9125,9075,0,9065,0,0,0,2017-04-13,32616114,9010,385,0,0,0,0,0,0,0,0,9020,98,0,0,0,0,0,0,0,0
429,2017-04-13,09:03:36,611,l1709,XDCE,9015,9010,9075,34482,1559628450,349032,347882,9580,8670,9125,9075,0,9065,0,0,0,2017-04-13,32616611,9015,28,0,0,0,0,0,0,0,0,9020,112,0,0,0,0,0,0,0,0
430,2017-04-13,09:03:37,119,l1709,XDCE,9015,9010,9075,34524,1561521600,349008,347882,9580,8670,9125,9075,0,9065,0,0,0,2017-04-13,32617119,9015,11,0,0,0,0,0,0,0,0,9020,117,0,0,0,0,0,0,0,0
431,2017-04-13,09:03:37,623,l1709,XDCE,9015,9010,9075,34570,1563595050,349010,347882,9580,8670,9125,9075,0,9065,0,0,0,2017-04-13,32617623,9010,351,0,0,0,0,0,0,0,0,9015,14,0,0,0,0,0,0,0,0
432,2017-04-13,09:03:38,100,l1709,XDCE,9015,9010,9075,34572,1563685200,349008,347882,9580,8670,9125,9075,0,9065,0,0,0,2017-04-13,32618100,9010,351,0,0,0,0,0,0,0,0,9015,20,0,0,0,0,0,0,0,0
433,2017-04-13,09:03:38,612,l1709,XDCE,9015,9010,9075,34598,1564857000,348992,347882,9580,8670,9125,9075,0,9065,0,0,0,2017-04-13,32618612,9010,354,0,0,0,0,0,0,0,0,9015,56,0,0,0,0,0,0,0,0
434,2017-04-13,09:03:39,108,l1709,XDCE,9015,9010,9075,34608,1565307650,348994,347882,9580,8670,9125,9075,0,9065,0,0,0,2017-04-13,32619108,9010,361,0,0,0,0,0,0,0,0,9015,357,0,0,0,0,0,0,0,0
435,2017-04-13,09:03:39,611,l1709,XDCE,9010,9010,9075,34814,1574588050,348996,347882,9580,8670,9125,9075,0,9065,0,0,0,2017-04-13,32619611,9010,275,0,0,0,0,0,0,0,0,9015,376,0,0,0,0,0,0,0,0
436,2017-04-13,09:03:40,110,l1709,XDCE,9005,9005,9075,35406,1601257200,348738,347882,9580,8670,9125,9075,0,9065,0,0,0,2017-04-13,32620110,9005,341,0,0,0,0,0,0,0,0,9010,96,0,0,0,0,0,0,0,0
437,2017-04-13,09:03:40,631,l1709,XDCE,9005,9005,9075,35636,1611614200,348928,347882,9580,8670,9125,9075,0,9065,0,0,0,2017-04-13,32620631,9005,257,0,0,0,0,0,0,0,0,9010,157,0,0,0,0,0,0,0,0
438,2017-04-13,09:03:41,126,l1709,XDCE,9010,9005,9075,35694,1614225850,348956,347882,9580,8670,9125,9075,0,9065,0,0,0,2017-04-13,32621126,9005,228,0,0,0,0,0,0,0,0,9010,164,0,0,0,0,0,0,0,0
439,2017-04-13,09:03:41,622,l1709,XDCE,9005,9005,9075,35884,1622780900,349088,347882,9580,8670,9125,9075,0,9065,0,0,0,2017-04-13,32621622,9005,126,0,0,0,0,0,0,0,0,9010,180,0,0,0,0,0,0,0,0
440,2017-04-13,09:03:42,101,l1709,XDCE,9010,9005,9075,35996,1627823900,349102,347882,9580,8670,9125,9075,0,9065,0,0,0,2017-04-13,32622101,9005,73,0,0,0,0,0,0,0,0,9010,172,0,0,0,0,0,0,0,0
441,2017-04-13,09:03:42,628,l1709,XDCE,9005,9005,9075,36096,1632326900,349154,347882,9580,8670,9125,9075,0,9065,0,0,0,2017-04-13,32622628,9005,35,0,0,0,0,0,0,0,0,9010,124,0,0,0,0,0,0,0,0
442,2017-04-13,09:03:43,117,l1709,XDCE,9005,9005,9075,36128,1633767850,349176,347882,9580,8670,9125,9075,0,9065,0,0,0,2017-04-13,32623117,9005,119,0,0,0,0,0,0,0,0,9010,121,0,0,0,0,0,0,0,0
443,2017-04-13,09:03:43,610,l1709,XDCE,9010,9005,9075,36618,1655838400,349336,347882,9580,8670,9125,9075,0,9065,0,0,0,2017-04-13,32623610,9010,90,0,0,0,0,0,0,0,0,9015,399,0,0,0,0,0,0,0,0
444,2017-04-13,09:03:44,92,l1709,XDCE,9010,9005,9075,36658,1657640450,349372,347882,9580,8670,9125,9075,0,9065,0,0,0,2017-04-13,32624092,9010,88,0,0,0,0,0,0,0,0,9015,398,0,0,0,0,0,0,0,0
445,2017-04-13,09:03:44,593,l1709,XDCE,9010,9005,9075,36678,1658541450,349390,347882,9580,8670,9125,9075,0,9065,0,0,0,2017-04-13,32624593,9010,39,0,0,0,0,0,0,0,0,9015,401,0,0,0,0,0,0,0,0
446,2017-04-13,09:03:45,104,l1709,XDCE,9010,9005,9075,37296,1686390200,349140,347882,9580,8670,9125,9075,0,9065,0,0,0,2017-04-13,32625104,9005,190,0,0,0,0,0,0,0,0,9010,55,0,0,0,0,0,0,0,0
447,2017-04-13,09:03:45,602,l1709,XDCE,9010,9005,9075,37488,1695038400,349092,347882,9580,8670,9125,9075,0,9065,0,0,0,2017-04-13,32625602,9010,10,0,0,0,0,0,0,0,0,9015,245,0,0,0,0,0,0,0,0
448,2017-04-13,09:03:46,102,l1709,XDCE,9015,9005,9075,37582,1699273000,349144,347882,9580,8670,9125,9075,0,9065,0,0,0,2017-04-13,32626102,9005,168,0,0,0,0,0,0,0,0,9015,221,0,0,0,0,0,0,0,0
449,2017-04-13,09:03:46,610,l1709,XDCE,9010,9005,9075,37610,1700534450,349154,347882,9580,8670,9125,9075,0,9065,0,0,0,2017-04-13,32626610,9010,2,0,0,0,0,0,0,0,0,9015,234,0,0,0,0,0,0,0,0
450,2017-04-13,09:03:47,123,l1709,XDCE,9010,9005,9075,37614,1700714700,349156,347882,9580,8670,9125,9075,0,9065,0,0,0,2017-04-13,32627123,9010,18,0,0,0,0,0,0,0,0,9015,236,0,0,0,0,0,0,0,0
451,2017-04-13,09:03:47,622,l1709,XDCE,9005,9005,9075,37772,1707831550,349204,347882,9580,8670,9125,9075,0,9065,0,0,0,2017-04-13,32627622,9010,13,0,0,0,0,0,0,0,0,9015,232,0,0,0,0,0,0,0,0
452,2017-04-13,09:03:48,83,l1709,XDCE,9015,9005,9075,37796,1708913250,349204,347882,9580,8670,9125,9075,0,9065,0,0,0,2017-04-13,32628083,9010,44,0,0,0,0,0,0,0,0,9015,221,0,0,0,0,0,0,0,0
453,2017-04-13,09:03:48,631,l1709,XDCE,9015,9005,9075,37796,1708913250,349204,347882,9580,8670,9125,9075,0,9065,0,0,0,2017-04-13,32628631,9010,36,0,0,0,0,0,0,0,0,9015,222,0,0,0,0,0,0,0,0
454,2017-04-13,09:03:49,91,l1709,XDCE,9010,9005,9075,37846,1711165850,349204,347882,9580,8670,9125,9075,0,9065,0,0,0,2017-04-13,32629091,9010,34,0,0,0,0,0,0,0,0,9015,220,0,0,0,0,0,0,0,0
455,2017-04-13,09:03:49,614,l1709,XDCE,9010,9005,9075,37888,1713057950,349226,347882,9580,8670,9125,9075,0,9065,0,0,0,2017-04-13,32629614,9010,67,0,0,0,0,0,0,0,0,9015,221,0,0,0,0,0,0,0,0
456,2017-04-13,09:03:50,97,l1709,XDCE,9010,9005,9075,37934,1715130250,349250,347882,9580,8670,9125,9075,0,9065,0,0,0,2017-04-13,32630097,9010,68,0,0,0,0,0,0,0,0,9015,220,0,0,0,0,0,0,0,0
457,2017-04-13,09:03:50,589,l1709,XDCE,9015,9005,9075,37956,1716121600,349248,347882,9580,8670,9125,9075,0,9065,0,0,0,2017-04-13,32630589,9010,67,0,0,0,0,0,0,0,0,9015,207,0,0,0,0,0,0,0,0
458,2017-04-13,09:03:51,84,l1709,XDCE,9010,9005,9075,38184,1726393000,349310,347882,9580,8670,9125,9075,0,9065,0,0,0,2017-04-13,32631084,9005,179,0,0,0,0,0,0,0,0,9010,109,0,0,0,0,0,0,0,0
459,2017-04-13,09:03:51,620,l1709,XDCE,9015,9005,9075,38520,1741532350,349456,347882,9580,8670,9125,9075,0,9065,0,0,0,2017-04-13,32631620,9010,87,0,0,0,0,0,0,0,0,9015,153,0,0,0,0,0,0,0,0
460,2017-04-13,09:03:52,78,l1709,XDCE,9010,9005,9075,38594,1744866150,349506,347882,9580,8670,9125,9075,0,9065,0,0,0,2017-04-13,32632078,9010,56,0,0,0,0,0,0,0,0,9015,140,0,0,0,0,0,0,0,0
461,2017-04-13,09:03:52,631,l1709,XDCE,9010,9005,9075,38612,1745677300,349508,347882,9580,8670,9125,9075,0,9065,0,0,0,2017-04-13,32632631,9010,45,0,0,0,0,0,0,0,0,9015,169,0,0,0,0,0,0,0,0
462,2017-04-13,09:03:53,123,l1709,XDCE,9010,9005,9075,38718,1750452650,349554,347882,9580,8670,9125,9075,0,9065,0,0,0,2017-04-13,32633123,9010,16,0,0,0,0,0,0,0,0,9015,168,0,0,0,0,0,0,0,0
463,2017-04-13,09:03:53,622,l1709,XDCE,9010,9005,9075,38718,1750452650,349554,347882,9580,8670,9125,9075,0,9065,0,0,0,2017-04-13,32633622,9010,16,0,0,0,0,0,0,0,0,9015,179,0,0,0,0,0,0,0,0
464,2017-04-13,09:03:54,84,l1709,XDCE,9010,9005,9075,38726,1750813050,349554,347882,9580,8670,9125,9075,0,9065,0,0,0,2017-04-13,32634084,9010,27,0,0,0,0,0,0,0,0,9015,180,0,0,0,0,0,0,0,0
465,2017-04-13,09:03:54,621,l1709,XDCE,9015,9005,9075,38780,1753245900,349562,347882,9580,8670,9125,9075,0,9065,0,0,0,2017-04-13,32634621,9010,7,0,0,0,0,0,0,0,0,9015,178,0,0,0,0,0,0,0,0
466,2017-04-13,09:03:55,128,l1709,XDCE,9010,9005,9075,38818,1754958150,349554,347882,9580,8670,9125,9075,0,9065,0,0,0,2017-04-13,32635128,9010,18,0,0,0,0,0,0,0,0,9015,171,0,0,0,0,0,0,0,0
467,2017-04-13,09:03:55,631,l1709,XDCE,9015,9005,9075,39222,1773168150,349442,347882,9580,8670,9125,9075,0,9065,0,0,0,2017-04-13,32635631,9015,29,0,0,0,0,0,0,0,0,9020,209,0,0,0,0,0,0,0,0
468,2017-04-13,09:03:56,84,l1709,XDCE,9015,9005,9075,39244,1774159800,349442,347882,9580,8670,9125,9075,0,9065,0,0,0,2017-04-13,32636084,9015,38,0,0,0,0,0,0,0,0,9020,204,0,0,0,0,0,0,0,0
469,2017-04-13,09:03:56,586,l1709,XDCE,9020,9005,9075,39246,1774250000,349442,347882,9580,8670,9125,9075,0,9065,0,0,0,2017-04-13,32636586,9015,39,0,0,0,0,0,0,0,0,9020,204,0,0,0,0,0,0,0,0
470,2017-04-13,09:03:57,108,l1709,XDCE,9015,9005,9075,39256,1774700750,349442,347882,9580,8670,9125,9075,0,9065,0,0,0,2017-04-13,32637108,9015,34,0,0,0,0,0,0,0,0,9020,201,0,0,0,0,0,0,0,0
471,2017-04-13,09:03:57,583,l1709,XDCE,9015,9005,9075,39268,1775241650,349430,347882,9580,8670,9125,9075,0,9065,0,0,0,2017-04-13,32637583,9015,28,0,0,0,0,0,0,0,0,9020,200,0,0,0,0,0,0,0,0
472,2017-04-13,09:03:58,121,l1709,XDCE,9015,9005,9075,39346,1778757500,349426,347882,9580,8670,9125,9075,0,9065,0,0,0,2017-04-13,32638121,9010,210,0,0,0,0,0,0,0,0,9015,61,0,0,0,0,0,0,0,0
473,2017-04-13,09:03:58,610,l1709,XDCE,9015,9005,9075,39472,1784436900,349426,347882,9580,8670,9125,9075,0,9065,0,0,0,2017-04-13,32638610,9015,146,0,0,0,0,0,0,0,0,9020,200,0,0,0,0,0,0,0,0
474,2017-04-13,09:03:59,101,l1709,XDCE,9020,9005,9075,39506,1785969950,349412,347882,9580,8670,9125,9075,0,9065,0,0,0,2017-04-13,32639101,9015,149,0,0,0,0,0,0,0,0,9020,186,0,0,0,0,0,0,0,0
475,2017-04-13,09:03:59,593,l1709,XDCE,9020,9005,9075,39526,1786871950,349400,347882,9580,8670,9125,9075,0,9065,0,0,0,2017-04-13,32639593,9015,160,0,0,0,0,0,0,0,0,9020,164,0,0,0,0,0,0,0,0
476,2017-04-13,09:04:00,128,l1709,XDCE,9020,9005,9075,39854,1801664750,349378,347882,9580,8670,9125,9075,0,9065,0,0,0,2017-04-13,32640128,9020,36,0,0,0,0,0,0,0,0,9025,149,0,0,0,0,0,0,0,0
477,2017-04-13,09:04:00,534,l1709,XDCE,9020,9005,9075,39854,1801664750,349378,347882,9580,8670,9125,9075,0,9065,0,0,0,2017-04-13,32640534,9020,36,0,0,0,0,0,0,0,0,9025,154,0,0,0,0,0,0,0,0
478,2017-04-13,09:04:01,125,l1709,XDCE,9020,9005,9075,39942,1805633900,349392,347882,9580,8670,9125,9075,0,9065,0,0,0,2017-04-13,32641125,9015,175,0,0,0,0,0,0,0,0,9020,10,0,0,0,0,0,0,0,0
479,2017-04-13,09:04:01,591,l1709,XDCE,9015,9005,9075,40034,1809780800,349390,347882,9580,8670,9125,9075,0,9065,0,0,0,2017-04-13,32641591,9015,115,0,0,0,0,0,0,0,0,9020,312,0,0,0,0,0,0,0,0
480,2017-04-13,09:04:02,119,l1709,XDCE,9015,9005,9075,40298,1821680550,349378,347882,9580,8670,9125,9075,0,9065,0,0,0,2017-04-13,32642119,9010,199,0,0,0,0,0,0,0,0,9015,92,0,0,0,0,0,0,0,0
481,2017-04-13,09:04:02,623,l1709,XDCE,9010,9005,9075,40358,1824385000,349364,347882,9580,8670,9125,9075,0,9065,0,0,0,2017-04-13,32642623,9010,221,0,0,0,0,0,0,0,0,9015,142,0,0,0,0,0,0,0,0
482,2017-04-13,09:04:03,124,l1709,XDCE,9015,9005,9075,40382,1825466600,349358,347882,9580,8670,9125,9075,0,9065,0,0,0,2017-04-13,32643124,9010,208,0,0,0,0,0,0,0,0,9015,153,0,0,0,0,0,0,0,0
483,2017-04-13,09:04:03,619,l1709,XDCE,9015,9005,9075,40594,1835022300,349450,347882,9580,8670,9125,9075,0,9065,0,0,0,2017-04-13,32643619,9015,66,0,0,0,0,0,0,0,0,9020,372,0,0,0,0,0,0,0,0
484,2017-04-13,09:04:04,100,l1709,XDCE,9015,9005,9075,40594,1835022300,349450,347882,9580,8670,9125,9075,0,9065,0,0,0,2017-04-13,32644100,9015,97,0,0,0,0,0,0,0,0,9020,401,0,0,0,0,0,0,0,0
485,2017-04-13,09:04:04,598,l1709,XDCE,9020,9005,9075,40796,1844132500,349636,347882,9580,8670,9125,9075,0,9065,0,0,0,2017-04-13,32644598,9015,99,0,0,0,0,0,0,0,0,9020,299,0,0,0,0,0,0,0,0
486,2017-04-13,09:04:05,114,l1709,XDCE,9015,9005,9075,40798,1844222650,349638,347882,9580,8670,9125,9075,0,9065,0,0,0,2017-04-13,32645114,9015,99,0,0,0,0,0,0,0,0,9020,293,0,0,0,0,0,0,0,0
487,2017-04-13,09:04:05,624,l1709,XDCE,9025,9005,9075,41412,1871914100,349640,347882,9580,8670,9125,9075,0,9065,0,0,0,2017-04-13,32645624,9020,298,0,0,0,0,0,0,0,0,9025,135,0,0,0,0,0,0,0,0
488,2017-04-13,09:04:06,96,l1709,XDCE,9020,9005,9075,41444,1873357400,349656,347882,9580,8670,9125,9075,0,9065,0,0,0,2017-04-13,32646096,9020,315,0,0,0,0,0,0,0,0,9025,133,0,0,0,0,0,0,0,0
489,2017-04-13,09:04:06,626,l1709,XDCE,9025,9005,9075,41466,1874350100,349642,347882,9580,8670,9125,9075,0,9065,0,0,0,2017-04-13,32646626,9020,315,0,0,0,0,0,0,0,0,9025,118,0,0,0,0,0,0,0,0
490,2017-04-13,09:04:07,84,l1709,XDCE,9020,9005,9075,41716,1885625100,349732,347882,9580,8670,9125,9075,0,9065,0,0,0,2017-04-13,32647084,9020,188,0,0,0,0,0,0,0,0,9025,134,0,0,0,0,0,0,0,0
491,2017-04-13,09:04:07,597,l1709,XDCE,9020,9005,9075,41946,1895998100,349648,347882,9580,8670,9125,9075,0,9065,0,0,0,2017-04-13,32647597,9020,73,0,0,0,0,0,0,0,0,9025,147,0,0,0,0,0,0,0,0
492,2017-04-13,09:04:08,110,l1709,XDCE,9020,9005,9075,42096,1902763100,349628,347882,9580,8670,9125,9075,0,9065,0,0,0,2017-04-13,32648110,9015,119,0,0,0,0,0,0,0,0,9020,245,0,0,0,0,0,0,0,0
493,2017-04-13,09:04:08,615,l1709,XDCE,9015,9005,9075,42102,1903033600,349630,347882,9580,8670,9125,9075,0,9065,0,0,0,2017-04-13,32648615,9015,94,0,0,0,0,0,0,0,0,9020,284,0,0,0,0,0,0,0,0
494,2017-04-13,09:04:09,84,l1709,XDCE,9020,9005,9075,42536,1922607000,349356,347882,9580,8670,9125,9075,0,9065,0,0,0,2017-04-13,32649084,9015,113,0,0,0,0,0,0,0,0,9020,64,0,0,0,0,0,0,0,0
495,2017-04-13,09:04:09,624,l1709,XDCE,9020,9005,9075,42674,1928830800,349350,347882,9580,8670,9125,9075,0,9065,0,0,0,2017-04-13,32649624,9020,41,0,0,0,0,0,0,0,0,9025,191,0,0,0,0,0,0,0,0
496,2017-04-13,09:04:10,109,l1709,XDCE,9025,9005,9075,42718,1930815300,349390,347882,9580,8670,9125,9075,0,9065,0,0,0,2017-04-13,32650109,9020,168,0,0,0,0,0,0,0,0,9025,175,0,0,0,0,0,0,0,0
497,2017-04-13,09:04:10,623,l1709,XDCE,9020,9005,9075,42724,1931085900,349394,347882,9580,8670,9125,9075,0,9065,0,0,0,2017-04-13,32650623,9020,169,0,0,0,0,0,0,0,0,9025,170,0,0,0,0,0,0,0,0
498,2017-04-13,09:04:11,90,l1709,XDCE,9020,9005,9075,42726,1931176100,349394,347882,9580,8670,9125,9075,0,9065,0,0,0,2017-04-13,32651090,9020,168,0,0,0,0,0,0,0,0,9025,170,0,0,0,0,0,0,0,0
499,2017-04-13,09:04:11,626,l1709,XDCE,9020,9005,9075,42726,1931176100,349394,347882,9580,8670,9125,9075,0,9065,0,0,0,2017-04-13,32651626,9020,173,0,0,0,0,0,0,0,0,9025,170,0,0,0,0,0,0,0,0
500,2017-04-13,09:04:12,124,l1709,XDCE,9020,9005,9075,42756,1932529150,349402,347882,9580,8670,9125,9075,0,9065,0,0,0,2017-04-13,32652124,9020,162,0,0,0,0,0,0,0,0,9025,217,0,0,0,0,0,0,0,0
501,2017-04-13,09:04:12,583,l1709,XDCE,9020,9005,9075,42756,1932529150,349402,347882,9580,8670,9125,9075,0,9065,0,0,0,2017-04-13,32652583,9020,154,0,0,0,0,0,0,0,0,9025,245,0,0,0,0,0,0,0,0
502,2017-04-13,09:04:13,114,l1709,XDCE,9020,9005,9075,42786,1933882200,349406,347882,9580,8670,9125,9075,0,9065,0,0,0,2017-04-13,32653114,9020,140,0,0,0,0,0,0,0,0,9025,244,0,0,0,0,0,0,0,0
503,2017-04-13,09:04:13,625,l1709,XDCE,9020,9005,9075,42786,1933882200,349406,347882,9580,8670,9125,9075,0,9065,0,0,0,2017-04-13,32653625,9020,140,0,0,0,0,0,0,0,0,9025,298,0,0,0,0,0,0,0,0
504,2017-04-13,09:04:14,19,l1709,XDCE,9020,9005,9075,42806,1934784200,349406,347882,9580,8670,9125,9075,0,9065,0,0,0,2017-04-13,32654019,9020,130,0,0,0,0,0,0,0,0,9025,298,0,0,0,0,0,0,0,0
505,2017-04-13,09:04:14,530,l1709,XDCE,9020,9005,9075,42806,1934784200,349406,347882,9580,8670,9125,9075,0,9065,0,0,0,2017-04-13,32654530,9020,135,0,0,0,0,0,0,0,0,9025,298,0,0,0,0,0,0,0,0
506,2017-04-13,09:04:15,121,l1709,XDCE,9020,9005,9075,43026,1944706250,349364,347882,9580,8670,9125,9075,0,9065,0,0,0,2017-04-13,32655121,9020,26,0,0,0,0,0,0,0,0,9025,301,0,0,0,0,0,0,0,0
507,2017-04-13,09:04:15,626,l1709,XDCE,9020,9005,9075,43096,1947863250,349330,347882,9580,8670,9125,9075,0,9065,0,0,0,2017-04-13,32655626,9015,133,0,0,0,0,0,0,0,0,9020,69,0,0,0,0,0,0,0,0
508,2017-04-13,09:04:16,85,l1709,XDCE,9020,9005,9075,43100,1948043650,349330,347882,9580,8670,9125,9075,0,9065,0,0,0,2017-04-13,32656085,9015,125,0,0,0,0,0,0,0,0,9020,129,0,0,0,0,0,0,0,0
509,2017-04-13,09:04:16,631,l1709,XDCE,9020,9005,9075,43108,1948404450,349330,347882,9580,8670,9125,9075,0,9065,0,0,0,2017-04-13,32656631,9015,128,0,0,0,0,0,0,0,0,9020,143,0,0,0,0,0,0,0,0
510,2017-04-13,09:04:17,123,l1709,XDCE,9020,9005,9075,43114,1948675050,349336,347882,9580,8670,9125,9075,0,9065,0,0,0,2017-04-13,32657123,9015,128,0,0,0,0,0,0,0,0,9020,132,0,0,0,0,0,0,0,0
511,2017-04-13,09:04:17,579,l1709,XDCE,9020,9005,9075,43116,1948765250,349338,347882,9580,8670,9125,9075,0,9065,0,0,0,2017-04-13,32657579,9015,133,0,0,0,0,0,0,0,0,9020,131,0,0,0,0,0,0,0,0
512,2017-04-13,09:04:18,9,l1709,XDCE,9015,9005,9075,43122,1949035700,349344,347882,9580,8670,9125,9075,0,9065,0,0,0,2017-04-13,32658009,9015,130,0,0,0,0,0,0,0,0,9020,131,0,0,0,0,0,0,0,0
513,2017-04-13,09:04:18,586,l1709,XDCE,9020,9005,9075,43124,1949125900,349346,347882,9580,8670,9125,9075,0,9065,0,0,0,2017-04-13,32658586,9015,144,0,0,0,0,0,0,0,0,9020,130,0,0,0,0,0,0,0,0
514,2017-04-13,09:04:19,124,l1709,XDCE,9020,9005,9075,43128,1949306300,349350,347882,9580,8670,9125,9075,0,9065,0,0,0,2017-04-13,32659124,9015,166,0,0,0,0,0,0,0,0,9020,128,0,0,0,0,0,0,0,0
515,2017-04-13,09:04:19,548,l1709,XDCE,9020,9005,9075,43152,1950388700,349356,347882,9580,8670,9125,9075,0,9065,0,0,0,2017-04-13,32659548,9015,154,0,0,0,0,0,0,0,0,9020,116,0,0,0,0,0,0,0,0
516,2017-04-13,09:04:20,123,l1709,XDCE,9015,9005,9075,43160,1950749350,349362,347882,9580,8670,9125,9075,0,9065,0,0,0,2017-04-13,32660123,9015,152,0,0,0,0,0,0,0,0,9020,115,0,0,0,0,0,0,0,0
517,2017-04-13,09:04:20,581,l1709,XDCE,9020,9005,9075,43178,1951560750,349364,347882,9580,8670,9125,9075,0,9065,0,0,0,2017-04-13,32660581,9015,144,0,0,0,0,0,0,0,0,9020,115,0,0,0,0,0,0,0,0
518,2017-04-13,09:04:21,100,l1709,XDCE,9020,9005,9075,43278,1956069250,349428,347882,9580,8670,9125,9075,0,9065,0,0,0,2017-04-13,32661100,9015,114,0,0,0,0,0,0,0,0,9020,99,0,0,0,0,0,0,0,0
519,2017-04-13,09:04:21,545,l1709,XDCE,9020,9005,9075,43278,1956069250,349428,347882,9580,8670,9125,9075,0,9065,0,0,0,2017-04-13,32661545,9015,125,0,0,0,0,0,0,0,0,9020,108,0,0,0,0,0,0,0,0
520,2017-04-13,09:04:22,89,l1709,XDCE,9015,9005,9075,43282,1956249550,349428,347882,9580,8670,9125,9075,0,9065,0,0,0,2017-04-13,32662089,9015,123,0,0,0,0,0,0,0,0,9020,95,0,0,0,0,0,0,0,0
521,2017-04-13,09:04:22,533,l1709,XDCE,9020,9005,9075,43308,1957422150,349436,347882,9580,8670,9125,9075,0,9065,0,0,0,2017-04-13,32662533,9015,123,0,0,0,0,0,0,0,0,9020,82,0,0,0,0,0,0,0,0
522,2017-04-13,09:04:23,94,l1709,XDCE,9020,9005,9075,43318,1957873150,349446,347882,9580,8670,9125,9075,0,9065,0,0,0,2017-04-13,32663094,9015,123,0,0,0,0,0,0,0,0,9020,179,0,0,0,0,0,0,0,0
523,2017-04-13,09:04:23,467,l1709,XDCE,9020,9005,9075,43318,1957873150,349446,347882,9580,8670,9125,9075,0,9065,0,0,0,2017-04-13,32663467,9015,124,0,0,0,0,0,0,0,0,9020,180,0,0,0,0,0,0,0,0
524,2017-04-13,09:04:24,52,l1709,XDCE,9015,9005,9075,43320,1957963300,349446,347882,9580,8670,9125,9075,0,9065,0,0,0,2017-04-13,32664052,9015,112,0,0,0,0,0,0,0,0,9020,334,0,0,0,0,0,0,0,0
525,2017-04-13,09:04:24,602,l1709,XDCE,9015,9005,9075,43492,1965716400,349462,347882,9580,8670,9125,9075,0,9065,0,0,0,2017-04-13,32664602,9015,29,0,0,0,0,0,0,0,0,9020,331,0,0,0,0,0,0,0,0
526,2017-04-13,09:04:25,89,l1709,XDCE,9015,9005,9075,43492,1965716400,349462,347882,9580,8670,9125,9075,0,9065,0,0,0,2017-04-13,32665089,9015,30,0,0,0,0,0,0,0,0,9020,332,0,0,0,0,0,0,0,0
527,2017-04-13,09:04:25,628,l1709,XDCE,9015,9005,9075,43504,1966257550,349472,347882,9580,8670,9125,9075,0,9065,0,0,0,2017-04-13,32665628,9015,30,0,0,0,0,0,0,0,0,9020,328,0,0,0,0,0,0,0,0
528,2017-04-13,09:04:26,114,l1709,XDCE,9020,9005,9075,43554,1968511350,349478,347882,9580,8670,9125,9075,0,9065,0,0,0,2017-04-13,32666114,9015,46,0,0,0,0,0,0,0,0,9020,329,0,0,0,0,0,0,0,0
529,2017-04-13,09:04:26,601,l1709,XDCE,9015,9005,9075,43556,1968601500,349480,347882,9580,8670,9125,9075,0,9065,0,0,0,2017-04-13,32666601,9015,47,0,0,0,0,0,0,0,0,9020,329,0,0,0,0,0,0,0,0
530,2017-04-13,09:04:27,113,l1709,XDCE,9020,9005,9075,43578,1969593700,349492,347882,9580,8670,9125,9075,0,9065,0,0,0,2017-04-13,32667113,9015,112,0,0,0,0,0,0,0,0,9020,318,0,0,0,0,0,0,0,0
531,2017-04-13,09:04:27,585,l1709,XDCE,9020,9005,9075,43578,1969593700,349492,347882,9580,8670,9125,9075,0,9065,0,0,0,2017-04-13,32667585,9015,122,0,0,0,0,0,0,0,0,9020,365,0,0,0,0,0,0,0,0
532,2017-04-13,09:04:28,39,l1709,XDCE,9020,9005,9075,43578,1969593700,349492,347882,9580,8670,9125,9075,0,9065,0,0,0,2017-04-13,32668039,9015,144,0,0,0,0,0,0,0,0,9020,372,0,0,0,0,0,0,0,0
533,2017-04-13,09:04:28,570,l1709,XDCE,9015,9005,9075,43618,1971396700,349500,347882,9580,8670,9125,9075,0,9065,0,0,0,2017-04-13,32668570,9015,125,0,0,0,0,0,0,0,0,9020,371,0,0,0,0,0,0,0,0
534,2017-04-13,09:04:29,117,l1709,XDCE,9015,9005,9075,43730,1976447600,349460,347882,9580,8670,9125,9075,0,9065,0,0,0,2017-04-13,32669117,9015,132,0,0,0,0,0,0,0,0,9020,321,0,0,0,0,0,0,0,0
