,dataDate,dataTime,dataMillisec,instrumentID,exchangeCD,lastPrice,lowPrice,highPrice,volume,value,openInterest,preOpenInterest,upperLimitPrice,lowerLimitPrice,preSettlementPrice,prevClosePrice,settlementPrice,openPrice,closePrice,preDelta,currDelta,clearingDay,milliSecOffset,bidPrice1,bidVolume1,bidPrice2,bidVolume2,bidPrice3,bidVolume3,bidPrice4,bidVolume4,bidPrice5,bidVolume5,askPrice1,askVolume1,askPrice2,askVolume2,askPrice3,askVolume3,askPrice4,askVolume4,askPrice5,askVolume5
0,2017-04-12,19:30:47,0,OI709,XZCE,6208,0,0,0,0,307896,307896,6594,5966,6280,6208,0,0,0,0,0,2017-04-13,70247000,0,0,0,0,0,0,0,0,0,0,0,0,0,0,0,0,0,0,0,0
1,2017-04-12,19:30:47,0,OI709,XZCE,6208,0,0,0,0,307896,307896,6594,5966,6280,6208,0,6210,0,0,0,2017-04-13,70247000,0,0,0,0,0,0,0,0,0,0,0,0,0,0,0,0,0,0,0,0
2,2017-04-12,19:30:47,0,OI709,XZCE,6208,0,0,0,0,307896,307896,6594,5966,6280,6208,0,6198,0,0,0,2017-04-13,70247000,0,0,0,0,0,0,0,0,0,0,0,0,0,0,0,0,0,0,0,0
3,2017-04-12,19:30:47,0,OI709,XZCE,6208,0,0,0,0,307896,307896,6594,5966,6280,6208,0,6190,0,0,0,2017-04-13,70247000,0,0,0,0,0,0,0,0,0,0,0,0,0,0,0,0,0,0,0,0
4,2017-04-12,19:30:47,0,OI709,XZCE,6208,0,0,0,0,307896,307896,6594,5966,6280,6208,0,5968,0,0,0,2017-04-13,70247000,0,0,0,0,0,0,0,0,0,0,0,0,0,0,0,0,0,0,0,0
5,2017-04-12,19:30:47,0,OI709,XZCE,6208,0,0,0,0,307896,307896,6594,5966,6280,6208,0,5994,0,0,0,2017-04-13,70247000,0,0,0,0,0,0,0,0,0,0,0,0,0,0,0,0,0,0,0,0
6,2017-04-12,19:30:47,0,OI709,XZCE,6208,0,0,0,0,307896,307896,6594,5966,6280,6208,0,6012,0,0,0,2017-04-13,70247000,0,0,0,0,0,0,0,0,0,0,0,0,0,0,0,0,0,0,0,0
7,2017-04-12,19:30:47,0,OI709,XZCE,6208,0,0,0,0,307896,307896,6594,5966,6280,6208,0,5968,0,0,0,2017-04-13,70247000,0,0,0,0,0,0,0,0,0,0,0,0,0,0,0,0,0,0,0,0
8,2017-04-12,19:30:47,0,OI709,XZCE,6208,0,0,0,0,307896,307896,6594,5966,6280,6208,0,6036,0,0,0,2017-04-13,70247000,0,0,0,0,0,0,0,0,0,0,0,0,0,0,0,0,0,0,0,0
9,2017-04-12,19:30:47,0,OI709,XZCE,6208,0,0,0,0,307896,307896,6594,5966,6280,6208,0,5972,0,0,0,2017-04-13,70247000,0,0,0,0,0,0,0,0,0,0,0,0,0,0,0,0,0,0,0,0
10,2017-04-12,19:30:47,0,OI709,XZCE,6208,0,0,0,0,307896,307896,6594,5966,6280,6208,0,6036,0,0,0,2017-04-13,70247000,0,0,0,0,0,0,0,0,0,0,0,0,0,0,0,0,0,0,0,0
11,2017-04-12,19:30:47,0,OI709,XZCE,6208,0,0,0,0,307896,307896,6594,5966,6280,6208,0,6040,0,0,0,2017-04-13,70247000,0,0,0,0,0,0,0,0,0,0,0,0,0,0,0,0,0,0,0,0
12,2017-04-12,19:30:47,0,OI709,XZCE,6208,0,0,0,0,307896,307896,6594,5966,6280,6208,0,6050,0,0,0,2017-04-13,70247000,0,0,0,0,0,0,0,0,0,0,0,0,0,0,0,0,0,0,0,0
13,2017-04-12,19:30:47,0,OI709,XZCE,6208,0,0,0,0,307896,307896,6594,5966,6280,6208,0,6212,0,0,0,2017-04-13,70247000,0,0,0,0,0,0,0,0,0,0,0,0,0,0,0,0,0,0,0,0
14,2017-04-12,19:30:47,0,OI709,XZCE,6208,0,0,0,0,307896,307896,6594,5966,6280,6208,0,6230,0,0,0,2017-04-13,70247000,0,0,0,0,0,0,0,0,0,0,0,0,0,0,0,0,0,0,0,0
15,2017-04-12,19:30:47,0,OI709,XZCE,6208,0,0,0,0,307896,307896,6594,5966,6280,6208,0,6250,0,0,0,2017-04-13,70247000,0,0,0,0,0,0,0,0,0,0,0,0,0,0,0,0,0,0,0,0
16,2017-04-12,19:30:47,0,OI709,XZCE,6208,0,0,0,0,307896,307896,6594,5966,6280,6208,0,6358,0,0,0,2017-04-13,70247000,0,0,0,0,0,0,0,0,0,0,0,0,0,0,0,0,0,0,0,0
17,2017-04-12,19:30:47,0,OI709,XZCE,6208,0,0,0,0,307896,307896,6594,5966,6280,6208,0,6350,0,0,0,2017-04-13,70247000,0,0,0,0,0,0,0,0,0,0,0,0,0,0,0,0,0,0,0,0
18,2017-04-12,19:30:47,0,OI709,XZCE,6208,0,0,0,0,307896,307896,6594,5966,6280,6208,0,6348,0,0,0,2017-04-13,70247000,0,0,0,0,0,0,0,0,0,0,0,0,0,0,0,0,0,0,0,0
19,2017-04-12,19:30:47,0,OI709,XZCE,6208,0,0,0,0,307896,307896,6594,5966,6280,6208,0,6342,0,0,0,2017-04-13,70247000,0,0,0,0,0,0,0,0,0,0,0,0,0,0,0,0,0,0,0,0
20,2017-04-12,19:30:47,0,OI709,XZCE,6208,0,0,0,0,307896,307896,6594,5966,6280,6208,0,6348,0,0,0,2017-04-13,70247000,0,0,0,0,0,0,0,0,0,0,0,0,0,0,0,0,0,0,0,0
21,2017-04-12,19:30:47,0,OI709,XZCE,6208,0,0,0,0,307896,307896,6594,5966,6280,6208,0,6332,0,0,0,2017-04-13,70247000,0,0,0,0,0,0,0,0,0,0,0,0,0,0,0,0,0,0,0,0
22,2017-04-12,19:30:47,0,OI709,XZCE,6208,0,0,0,0,307896,307896,6594,5966,6280,6208,0,6330,0,0,0,2017-04-13,70247000,0,0,0,0,0,0,0,0,0,0,0,0,0,0,0,0,0,0,0,0
23,2017-04-12,19:30:47,0,OI709,XZCE,6208,0,0,0,0,307896,307896,6594,5966,6280,6208,0,6332,0,0,0,2017-04-13,70247000,0,0,0,0,0,0,0,0,0,0,0,0,0,0,0,0,0,0,0,0
24,2017-04-12,19:30:47,0,OI709,XZCE,6208,0,0,0,0,307896,307896,6594,5966,6280,6208,0,6330,0,0,0,2017-04-13,70247000,0,0,0,0,0,0,0,0,0,0,0,0,0,0,0,0,0,0,0,0
25,2017-04-12,19:30:47,0,OI709,XZCE,6208,0,0,0,0,307896,307896,6594,5966,6280,6208,0,6328,0,0,0,2017-04-13,70247000,0,0,0,0,0,0,0,0,0,0,0,0,0,0,0,0,0,0,0,0
26,2017-04-12,19:30:47,0,OI709,XZCE,6208,0,0,0,0,307896,307896,6594,5966,6280,6208,0,6330,0,0,0,2017-04-13,70247000,0,0,0,0,0,0,0,0,0,0,0,0,0,0,0,0,0,0,0,0
27,2017-04-12,19:30:47,0,OI709,XZCE,6208,0,0,0,0,307896,307896,6594,5966,6280,6208,0,6314,0,0,0,2017-04-13,70247000,0,0,0,0,0,0,0,0,0,0,0,0,0,0,0,0,0,0,0,0
28,2017-04-12,19:30:47,0,OI709,XZCE,6208,0,0,0,0,307896,307896,6594,5966,6280,6208,0,6316,0,0,0,2017-04-13,70247000,0,0,0,0,0,0,0,0,0,0,0,0,0,0,0,0,0,0,0,0
29,2017-04-12,19:30:47,0,OI709,XZCE,6208,0,0,0,0,307896,307896,6594,5966,6280,6208,0,6322,0,0,0,2017-04-13,70247000,0,0,0,0,0,0,0,0,0,0,0,0,0,0,0,0,0,0,0,0
30,2017-04-12,19:30:47,0,OI709,XZCE,6208,0,0,0,0,307896,307896,6594,5966,6280,6208,0,6250,0,0,0,2017-04-13,70247000,0,0,0,0,0,0,0,0,0,0,0,0,0,0,0,0,0,0,0,0
31,2017-04-12,19:30:47,0,OI709,XZCE,6208,0,0,0,0,307896,307896,6594,5966,6280,6208,0,6206,0,0,0,2017-04-13,70247000,0,0,0,0,0,0,0,0,0,0,0,0,0,0,0,0,0,0,0,0
32,2017-04-12,19:30:47,0,OI709,XZCE,6208,0,0,0,0,307896,307896,6594,5966,6280,6208,0,6210,0,0,0,2017-04-13,70247000,0,0,0,0,0,0,0,0,0,0,0,0,0,0,0,0,0,0,0,0
33,2017-04-12,19:30:47,0,OI709,XZCE,6208,0,0,0,0,307896,307896,6594,5966,6280,6208,0,6206,0,0,0,2017-04-13,70247000,0,0,0,0,0,0,0,0,0,0,0,0,0,0,0,0,0,0,0,0
34,2017-04-12,19:30:47,0,OI709,XZCE,6208,0,0,0,0,307896,307896,6594,5966,6280,6208,0,6210,0,0,0,2017-04-13,70247000,0,0,0,0,0,0,0,0,0,0,0,0,0,0,0,0,0,0,0,0
35,2017-04-12,19:30:47,0,OI709,XZCE,6208,0,0,0,0,307896,307896,6594,5966,6280,6208,0,6206,0,0,0,2017-04-13,70247000,0,0,0,0,0,0,0,0,0,0,0,0,0,0,0,0,0,0,0,0
36,2017-04-12,19:30:47,0,OI709,XZCE,6208,0,0,0,0,307896,307896,6594,5966,6280,6208,0,6210,0,0,0,2017-04-13,70247000,0,0,0,0,0,0,0,0,0,0,0,0,0,0,0,0,0,0,0,0
37,2017-04-12,19:30:47,0,OI709,XZCE,6208,0,0,0,0,307896,307896,6594,5966,6280,6208,0,6206,0,0,0,2017-04-13,70247000,0,0,0,0,0,0,0,0,0,0,0,0,0,0,0,0,0,0,0,0
38,2017-04-12,19:30:47,0,OI709,XZCE,6208,0,0,0,0,307896,307896,6594,5966,6280,6208,0,6210,0,0,0,2017-04-13,70247000,0,0,0,0,0,0,0,0,0,0,0,0,0,0,0,0,0,0,0,0
39,2017-04-12,19:30:47,0,OI709,XZCE,6208,0,0,0,0,307896,307896,6594,5966,6280,6208,0,6220,0,0,0,2017-04-13,70247000,0,0,0,0,0,0,0,0,0,0,0,0,0,0,0,0,0,0,0,0
40,2017-04-12,19:30:47,0,OI709,XZCE,6208,0,0,0,0,307896,307896,6594,5966,6280,6208,0,6222,0,0,0,2017-04-13,70247000,0,0,0,0,0,0,0,0,0,0,0,0,0,0,0,0,0,0,0,0
41,2017-04-12,19:30:47,0,OI709,XZCE,6208,0,0,0,0,307896,307896,6594,5966,6280,6208,0,6220,0,0,0,2017-04-13,70247000,0,0,0,0,0,0,0,0,0,0,0,0,0,0,0,0,0,0,0,0
42,2017-04-12,19:30:47,0,OI709,XZCE,6208,0,0,0,0,307896,307896,6594,5966,6280,6208,0,6222,0,0,0,2017-04-13,70247000,0,0,0,0,0,0,0,0,0,0,0,0,0,0,0,0,0,0,0,0
43,2017-04-12,19:30:47,0,OI709,XZCE,6208,0,0,0,0,307896,307896,6594,5966,6280,6208,0,6220,0,0,0,2017-04-13,70247000,0,0,0,0,0,0,0,0,0,0,0,0,0,0,0,0,0,0,0,0
44,2017-04-12,19:30:47,0,OI709,XZCE,6208,0,0,0,0,307896,307896,6594,5966,6280,6208,0,6222,0,0,0,2017-04-13,70247000,0,0,0,0,0,0,0,0,0,0,0,0,0,0,0,0,0,0,0,0
45,2017-04-12,19:30:47,0,OI709,XZCE,6208,0,0,0,0,307896,307896,6594,5966,6280,6208,0,6220,0,0,0,2017-04-13,70247000,0,0,0,0,0,0,0,0,0,0,0,0,0,0,0,0,0,0,0,0
46,2017-04-12,19:30:47,0,OI709,XZCE,6208,0,0,0,0,307896,307896,6594,5966,6280,6208,0,6222,0,0,0,2017-04-13,70247000,0,0,0,0,0,0,0,0,0,0,0,0,0,0,0,0,0,0,0,0
47,2017-04-12,19:30:47,0,OI709,XZCE,6208,0,0,0,0,307896,307896,6594,5966,6280,6208,0,6220,0,0,0,2017-04-13,70247000,0,0,0,0,0,0,0,0,0,0,0,0,0,0,0,0,0,0,0,0
48,2017-04-12,19:30:47,0,OI709,XZCE,6208,0,0,0,0,307896,307896,6594,5966,6280,6208,0,6222,0,0,0,2017-04-13,70247000,0,0,0,0,0,0,0,0,0,0,0,0,0,0,0,0,0,0,0,0
49,2017-04-12,20:59:00,0,OI709,XZCE,6222,6222,6222,144,8959680,307812,307896,6594,5966,6280,6208,0,6222,0,0,0,2017-04-13,75540000,6222,14,0,0,0,0,0,0,0,0,6224,7,0,0,0,0,0,0,0,0
50,2017-04-12,21:00:00,0,OI709,XZCE,6222,6222,6224,176,10950720,307834,307896,6594,5966,6280,6208,0,6222,0,0,0,2017-04-13,75600000,6220,5,0,0,0,0,0,0,0,0,6222,14,0,0,0,0,0,0,0,0
51,2017-04-12,21:00:00,0,OI709,XZCE,6220,6218,6224,264,16424320,307818,307896,6594,5966,6280,6208,0,6222,0,0,0,2017-04-13,75600000,6220,5,0,0,0,0,0,0,0,0,6222,24,0,0,0,0,0,0,0,0
52,2017-04-12,21:00:01,0,OI709,XZCE,6220,6218,6224,376,23390720,307824,307896,6594,5966,6280,6208,0,6222,0,0,0,2017-04-13,75601000,6218,4,0,0,0,0,0,0,0,0,6220,8,0,0,0,0,0,0,0,0
53,2017-04-12,21:00:01,0,OI709,XZCE,6220,6218,6224,396,24634720,307832,307896,6594,5966,6280,6208,0,6222,0,0,0,2017-04-13,75601000,6218,6,0,0,0,0,0,0,0,0,6220,25,0,0,0,0,0,0,0,0
54,2017-04-12,21:00:02,0,OI709,XZCE,6220,6218,6224,454,28242320,307812,307896,6594,5966,6280,6208,0,6222,0,0,0,2017-04-13,75602000,6218,1,0,0,0,0,0,0,0,0,6220,28,0,0,0,0,0,0,0,0
55,2017-04-12,21:00:02,0,OI709,XZCE,6214,6214,6224,540,33586360,307810,307896,6594,5966,6280,6208,0,6222,0,0,0,2017-04-13,75602000,6214,5,0,0,0,0,0,0,0,0,6218,11,0,0,0,0,0,0,0,0
56,2017-04-12,21:00:03,0,OI709,XZCE,6218,6214,6224,576,35824840,307790,307896,6594,5966,6280,6208,0,6222,0,0,0,2017-04-13,75603000,6214,17,0,0,0,0,0,0,0,0,6218,3,0,0,0,0,0,0,0,0
57,2017-04-12,21:00:03,0,OI709,XZCE,6220,6214,6224,622,38686040,307756,307896,6594,5966,6280,6208,0,6222,0,0,0,2017-04-13,75603000,6216,2,0,0,0,0,0,0,0,0,6220,41,0,0,0,0,0,0,0,0
58,2017-04-12,21:00:04,0,OI709,XZCE,6216,6214,6224,638,39680600,307746,307896,6594,5966,6280,6208,0,6222,0,0,0,2017-04-13,75604000,6216,4,0,0,0,0,0,0,0,0,6218,3,0,0,0,0,0,0,0,0
59,2017-04-12,21:00:04,0,OI709,XZCE,6220,6214,6224,722,44905400,307714,307896,6594,5966,6280,6208,0,6222,0,0,0,2017-04-13,75604000,6218,4,0,0,0,0,0,0,0,0,6220,6,0,0,0,0,0,0,0,0
60,2017-04-12,21:00:05,0,OI709,XZCE,6218,6214,6224,732,45527200,307716,307896,6594,5966,6280,6208,0,6222,0,0,0,2017-04-13,75605000,6216,18,0,0,0,0,0,0,0,0,6220,20,0,0,0,0,0,0,0,0
61,2017-04-12,21:00:05,0,OI709,XZCE,6216,6214,6224,740,46024480,307720,307896,6594,5966,6280,6208,0,6222,0,0,0,2017-04-13,75605000,6218,1,0,0,0,0,0,0,0,0,6220,19,0,0,0,0,0,0,0,0
62,2017-04-12,21:00:06,0,OI709,XZCE,6218,6214,6224,748,46521920,307720,307896,6594,5966,6280,6208,0,6222,0,0,0,2017-04-13,75606000,6218,10,0,0,0,0,0,0,0,0,6220,18,0,0,0,0,0,0,0,0
63,2017-04-12,21:00:06,0,OI709,XZCE,6220,6214,6224,762,47392720,307730,307896,6594,5966,6280,6208,0,6222,0,0,0,2017-04-13,75606000,6218,14,0,0,0,0,0,0,0,0,6220,11,0,0,0,0,0,0,0,0
64,2017-04-12,21:00:07,0,OI709,XZCE,6218,6214,6224,766,47641440,307726,307896,6594,5966,6280,6208,0,6222,0,0,0,2017-04-13,75607000,6218,15,0,0,0,0,0,0,0,0,6220,11,0,0,0,0,0,0,0,0
65,2017-04-12,21:00:07,0,OI709,XZCE,6218,6214,6224,768,47765800,307726,307896,6594,5966,6280,6208,0,6222,0,0,0,2017-04-13,75607000,6218,14,0,0,0,0,0,0,0,0,6220,11,0,0,0,0,0,0,0,0
66,2017-04-12,21:00:08,0,OI709,XZCE,6218,6214,6224,768,47765800,307726,307896,6594,5966,6280,6208,0,6222,0,0,0,2017-04-13,75608000,6218,19,0,0,0,0,0,0,0,0,6220,11,0,0,0,0,0,0,0,0
67,2017-04-12,21:00:08,0,OI709,XZCE,6218,6214,6224,778,48387600,307730,307896,6594,5966,6280,6208,0,6222,0,0,0,2017-04-13,75608000,6218,16,0,0,0,0,0,0,0,0,6220,9,0,0,0,0,0,0,0,0
68,2017-04-12,21:00:09,0,OI709,XZCE,6220,6214,6224,790,49134000,307740,307896,6594,5966,6280,6208,0,6222,0,0,0,2017-04-13,75609000,6218,9,0,0,0,0,0,0,0,0,6220,13,0,0,0,0,0,0,0,0
69,2017-04-12,21:00:10,0,OI709,XZCE,6220,6214,6224,810,50378000,307750,307896,6594,5966,6280,6208,0,6222,0,0,0,2017-04-13,75610000,6216,31,0,0,0,0,0,0,0,0,6218,3,0,0,0,0,0,0,0,0
70,2017-04-12,21:00:10,0,OI709,XZCE,6218,6214,6224,818,50875440,307754,307896,6594,5966,6280,6208,0,6222,0,0,0,2017-04-13,75610000,6216,32,0,0,0,0,0,0,0,0,6220,16,0,0,0,0,0,0,0,0
71,2017-04-12,21:00:11,0,OI709,XZCE,6218,6214,6224,820,50999800,307754,307896,6594,5966,6280,6208,0,6222,0,0,0,2017-04-13,75611000,6216,32,0,0,0,0,0,0,0,0,6218,9,0,0,0,0,0,0,0,0
72,2017-04-12,21:00:11,0,OI709,XZCE,6216,6214,6224,826,51372760,307758,307896,6594,5966,6280,6208,0,6222,0,0,0,2017-04-13,75611000,6216,30,0,0,0,0,0,0,0,0,6218,9,0,0,0,0,0,0,0,0
73,2017-04-12,21:00:12,0,OI709,XZCE,6218,6214,6224,834,51870200,307758,307896,6594,5966,6280,6208,0,6222,0,0,0,2017-04-13,75612000,6216,22,0,0,0,0,0,0,0,0,6218,10,0,0,0,0,0,0,0,0
74,2017-04-12,21:00:12,0,OI709,XZCE,6218,6214,6224,844,52492000,307750,307896,6594,5966,6280,6208,0,6222,0,0,0,2017-04-13,75612000,6216,32,0,0,0,0,0,0,0,0,6218,4,0,0,0,0,0,0,0,0
75,2017-04-12,21:00:13,0,OI709,XZCE,6216,6214,6224,854,53113600,307744,307896,6594,5966,6280,6208,0,6222,0,0,0,2017-04-13,75613000,6216,24,0,0,0,0,0,0,0,0,6218,4,0,0,0,0,0,0,0,0
76,2017-04-12,21:00:14,0,OI709,XZCE,6216,6214,6224,854,53113600,307744,307896,6594,5966,6280,6208,0,6222,0,0,0,2017-04-13,75614000,6216,24,0,0,0,0,0,0,0,0,6218,9,0,0,0,0,0,0,0,0
77,2017-04-12,21:00:14,0,OI709,XZCE,6218,6214,6224,856,53237960,307744,307896,6594,5966,6280,6208,0,6222,0,0,0,2017-04-13,75614000,6216,21,0,0,0,0,0,0,0,0,6218,14,0,0,0,0,0,0,0,0
78,2017-04-12,21:00:15,0,OI709,XZCE,6218,6214,6224,858,53362320,307744,307896,6594,5966,6280,6208,0,6222,0,0,0,2017-04-13,75615000,6216,20,0,0,0,0,0,0,0,0,6218,15,0,0,0,0,0,0,0,0
79,2017-04-12,21:00:16,0,OI709,XZCE,6218,6214,6224,870,54108480,307740,307896,6594,5966,6280,6208,0,6222,0,0,0,2017-04-13,75616000,6216,20,0,0,0,0,0,0,0,0,6218,9,0,0,0,0,0,0,0,0
80,2017-04-12,21:00:16,0,OI709,XZCE,6218,6214,6224,874,54357200,307742,307896,6594,5966,6280,6208,0,6222,0,0,0,2017-04-13,75616000,6216,20,0,0,0,0,0,0,0,0,6218,12,0,0,0,0,0,0,0,0
81,2017-04-12,21:00:17,0,OI709,XZCE,6218,6214,6224,874,54357200,307742,307896,6594,5966,6280,6208,0,6222,0,0,0,2017-04-13,75617000,6216,20,0,0,0,0,0,0,0,0,6218,13,0,0,0,0,0,0,0,0
82,2017-04-12,21:00:17,0,OI709,XZCE,6216,6214,6224,986,61319120,307728,307896,6594,5966,6280,6208,0,6222,0,0,0,2017-04-13,75617000,6216,15,0,0,0,0,0,0,0,0,6218,3,0,0,0,0,0,0,0,0
83,2017-04-12,21:00:18,0,OI709,XZCE,6216,6214,6224,988,61443440,307730,307896,6594,5966,6280,6208,0,6222,0,0,0,2017-04-13,75618000,6216,15,0,0,0,0,0,0,0,0,6218,3,0,0,0,0,0,0,0,0
84,2017-04-12,21:00:19,0,OI709,XZCE,6218,6214,6224,1012,62935760,307736,307896,6594,5966,6280,6208,0,6222,0,0,0,2017-04-13,75619000,6216,15,0,0,0,0,0,0,0,0,6220,10,0,0,0,0,0,0,0,0
85,2017-04-12,21:00:19,0,OI709,XZCE,6218,6214,6224,1012,62935760,307736,307896,6594,5966,6280,6208,0,6222,0,0,0,2017-04-13,75619000,6216,15,0,0,0,0,0,0,0,0,6220,11,0,0,0,0,0,0,0,0
86,2017-04-12,21:00:20,0,OI709,XZCE,6218,6214,6224,1012,62935760,307736,307896,6594,5966,6280,6208,0,6222,0,0,0,2017-04-13,75620000,6218,5,0,0,0,0,0,0,0,0,6220,10,0,0,0,0,0,0,0,0
87,2017-04-12,21:00:20,0,OI709,XZCE,6218,6214,6224,1014,63060120,307736,307896,6594,5966,6280,6208,0,6222,0,0,0,2017-04-13,75620000,6218,5,0,0,0,0,0,0,0,0,6220,10,0,0,0,0,0,0,0,0
88,2017-04-12,21:00:21,0,OI709,XZCE,6218,6214,6224,1014,63060120,307736,307896,6594,5966,6280,6208,0,6222,0,0,0,2017-04-13,75621000,6218,14,0,0,0,0,0,0,0,0,6220,11,0,0,0,0,0,0,0,0
89,2017-04-12,21:00:21,0,OI709,XZCE,6218,6214,6224,1036,64428080,307742,307896,6594,5966,6280,6208,0,6222,0,0,0,2017-04-13,75621000,6218,14,0,0,0,0,0,0,0,0,6220,9,0,0,0,0,0,0,0,0
90,2017-04-12,21:00:22,0,OI709,XZCE,6220,6214,6224,1056,65672080,307726,307896,6594,5966,6280,6208,0,6222,0,0,0,2017-04-13,75622000,6220,12,0,0,0,0,0,0,0,0,6222,45,0,0,0,0,0,0,0,0
91,2017-04-12,21:00:22,0,OI709,XZCE,6220,6214,6224,1080,67164880,307726,307896,6594,5966,6280,6208,0,6222,0,0,0,2017-04-13,75622000,6218,11,0,0,0,0,0,0,0,0,6220,19,0,0,0,0,0,0,0,0
92,2017-04-12,21:00:23,0,OI709,XZCE,6218,6214,6224,1090,67786680,307724,307896,6594,5966,6280,6208,0,6222,0,0,0,2017-04-13,75623000,6218,14,0,0,0,0,0,0,0,0,6220,17,0,0,0,0,0,0,0,0
93,2017-04-12,21:00:23,0,OI709,XZCE,6220,6214,6224,1094,68035480,307722,307896,6594,5966,6280,6208,0,6222,0,0,0,2017-04-13,75623000,6218,14,0,0,0,0,0,0,0,0,6220,18,0,0,0,0,0,0,0,0
94,2017-04-12,21:00:24,0,OI709,XZCE,6218,6214,6224,1096,68159840,307722,307896,6594,5966,6280,6208,0,6222,0,0,0,2017-04-13,75624000,6218,13,0,0,0,0,0,0,0,0,6220,15,0,0,0,0,0,0,0,0
95,2017-04-12,21:00:24,0,OI709,XZCE,6218,6214,6224,1098,68284200,307724,307896,6594,5966,6280,6208,0,6222,0,0,0,2017-04-13,75624000,6218,10,0,0,0,0,0,0,0,0,6220,17,0,0,0,0,0,0,0,0
96,2017-04-12,21:00:25,0,OI709,XZCE,6218,6214,6224,1098,68284200,307724,307896,6594,5966,6280,6208,0,6222,0,0,0,2017-04-13,75625000,6218,11,0,0,0,0,0,0,0,0,6220,17,0,0,0,0,0,0,0,0
97,2017-04-12,21:00:25,0,OI709,XZCE,6220,6214,6224,1100,68408600,307726,307896,6594,5966,6280,6208,0,6222,0,0,0,2017-04-13,75625000,6218,16,0,0,0,0,0,0,0,0,6220,16,0,0,0,0,0,0,0,0
98,2017-04-12,21:00:26,0,OI709,XZCE,6218,6214,6224,1136,70647080,307742,307896,6594,5966,6280,6208,0,6222,0,0,0,2017-04-13,75626000,6218,13,0,0,0,0,0,0,0,0,6220,8,0,0,0,0,0,0,0,0
99,2017-04-12,21:00:26,0,OI709,XZCE,6218,6214,6224,1136,70647080,307742,307896,6594,5966,6280,6208,0,6222,0,0,0,2017-04-13,75626000,6218,13,0,0,0,0,0,0,0,0,6220,9,0,0,0,0,0,0,0,0
100,2017-04-12,21:00:27,0,OI709,XZCE,6220,6214,6224,1174,73010680,307744,307896,6594,5966,6280,6208,0,6222,0,0,0,2017-04-13,75627000,6218,16,0,0,0,0,0,0,0,0,6220,1,0,0,0,0,0,0,0,0
101,2017-04-12,21:00:27,0,OI709,XZCE,6220,6214,6224,1176,73135080,307744,307896,6594,5966,6280,6208,0,6222,0,0,0,2017-04-13,75627000,6218,17,0,0,0,0,0,0,0,0,6220,1,0,0,0,0,0,0,0,0
102,2017-04-12,21:00:28,0,OI709,XZCE,6220,6214,6224,1178,73259480,307742,307896,6594,5966,6280,6208,0,6222,0,0,0,2017-04-13,75628000,6218,13,0,0,0,0,0,0,0,0,6222,43,0,0,0,0,0,0,0,0
103,2017-04-12,21:00:29,0,OI709,XZCE,6220,6214,6224,1178,73259480,307742,307896,6594,5966,6280,6208,0,6222,0,0,0,2017-04-13,75629000,6220,5,0,0,0,0,0,0,0,0,6222,44,0,0,0,0,0,0,0,0
104,2017-04-12,21:00:29,0,OI709,XZCE,6220,6214,6224,1180,73383880,307744,307896,6594,5966,6280,6208,0,6222,0,0,0,2017-04-13,75629000,6220,6,0,0,0,0,0,0,0,0,6222,44,0,0,0,0,0,0,0,0
105,2017-04-12,21:00:30,0,OI709,XZCE,6220,6214,6224,1180,73383880,307744,307896,6594,5966,6280,6208,0,6222,0,0,0,2017-04-13,75630000,6220,31,0,0,0,0,0,0,0,0,6222,45,0,0,0,0,0,0,0,0
106,2017-04-12,21:00:31,0,OI709,XZCE,6220,6214,6224,1182,73508280,307744,307896,6594,5966,6280,6208,0,6222,0,0,0,2017-04-13,75631000,6220,38,0,0,0,0,0,0,0,0,6222,41,0,0,0,0,0,0,0,0
107,2017-04-12,21:00:31,0,OI709,XZCE,6222,6214,6224,1188,73881600,307748,307896,6594,5966,6280,6208,0,6222,0,0,0,2017-04-13,75631000,6220,39,0,0,0,0,0,0,0,0,6222,38,0,0,0,0,0,0,0,0
108,2017-04-12,21:00:32,0,OI709,XZCE,6222,6214,6224,1238,76992600,307740,307896,6594,5966,6280,6208,0,6222,0,0,0,2017-04-13,75632000,6220,35,0,0,0,0,0,0,0,0,6222,35,0,0,0,0,0,0,0,0
109,2017-04-12,21:00:32,0,OI709,XZCE,6222,6214,6224,1238,76992600,307740,307896,6594,5966,6280,6208,0,6222,0,0,0,2017-04-13,75632000,6220,5,0,0,0,0,0,0,0,0,6222,42,0,0,0,0,0,0,0,0
110,2017-04-12,21:00:33,0,OI709,XZCE,6222,6214,6224,1240,77117040,307738,307896,6594,5966,6280,6208,0,6222,0,0,0,2017-04-13,75633000,6220,6,0,0,0,0,0,0,0,0,6222,41,0,0,0,0,0,0,0,0
111,2017-04-12,21:00:34,0,OI709,XZCE,6220,6214,6224,1244,77365840,307738,307896,6594,5966,6280,6208,0,6222,0,0,0,2017-04-13,75634000,6220,4,0,0,0,0,0,0,0,0,6222,41,0,0,0,0,0,0,0,0
112,2017-04-12,21:00:34,0,OI709,XZCE,6220,6214,6224,1244,77365840,307738,307896,6594,5966,6280,6208,0,6222,0,0,0,2017-04-13,75634000,6220,4,0,0,0,0,0,0,0,0,6222,42,0,0,0,0,0,0,0,0
113,2017-04-12,21:00:35,0,OI709,XZCE,6222,6214,6224,1250,77739160,307736,307896,6594,5966,6280,6208,0,6222,0,0,0,2017-04-13,75635000,6220,9,0,0,0,0,0,0,0,0,6222,39,0,0,0,0,0,0,0,0
114,2017-04-12,21:00:35,0,OI709,XZCE,6222,6214,6224,1250,77739160,307736,307896,6594,5966,6280,6208,0,6222,0,0,0,2017-04-13,75635000,6220,9,0,0,0,0,0,0,0,0,6222,40,0,0,0,0,0,0,0,0
115,2017-04-12,21:00:36,0,OI709,XZCE,6222,6214,6224,1276,79356880,307714,307896,6594,5966,6280,6208,0,6222,0,0,0,2017-04-13,75636000,6220,27,0,0,0,0,0,0,0,0,6222,31,0,0,0,0,0,0,0,0
116,2017-04-12,21:00:36,0,OI709,XZCE,6222,6214,6224,1280,79605760,307716,307896,6594,5966,6280,6208,0,6222,0,0,0,2017-04-13,75636000,6220,23,0,0,0,0,0,0,0,0,6222,34,0,0,0,0,0,0,0,0
117,2017-04-12,21:00:37,0,OI709,XZCE,6222,6214,6224,1280,79605760,307716,307896,6594,5966,6280,6208,0,6222,0,0,0,2017-04-13,75637000,6220,23,0,0,0,0,0,0,0,0,6222,55,0,0,0,0,0,0,0,0
118,2017-04-12,21:00:37,0,OI709,XZCE,6222,6214,6224,1280,79605760,307716,307896,6594,5966,6280,6208,0,6222,0,0,0,2017-04-13,75637000,6220,23,0,0,0,0,0,0,0,0,6222,56,0,0,0,0,0,0,0,0
119,2017-04-12,21:00:38,0,OI709,XZCE,6222,6214,6224,1290,80227960,307706,307896,6594,5966,6280,6208,0,6222,0,0,0,2017-04-13,75638000,6220,23,0,0,0,0,0,0,0,0,6222,36,0,0,0,0,0,0,0,0
120,2017-04-12,21:00:39,0,OI709,XZCE,6220,6214,6224,1296,80601160,307706,307896,6594,5966,6280,6208,0,6222,0,0,0,2017-04-13,75639000,6220,21,0,0,0,0,0,0,0,0,6222,35,0,0,0,0,0,0,0,0
121,2017-04-12,21:00:40,0,OI709,XZCE,6220,6214,6224,1340,83337960,307668,307896,6594,5966,6280,6208,0,6222,0,0,0,2017-04-13,75640000,6218,63,0,0,0,0,0,0,0,0,6220,82,0,0,0,0,0,0,0,0
122,2017-04-12,21:00:40,0,OI709,XZCE,6220,6214,6224,1342,83462360,307666,307896,6594,5966,6280,6208,0,6222,0,0,0,2017-04-13,75640000,6218,63,0,0,0,0,0,0,0,0,6220,81,0,0,0,0,0,0,0,0
123,2017-04-12,21:00:41,0,OI709,XZCE,6220,6214,6224,1342,83462360,307666,307896,6594,5966,6280,6208,0,6222,0,0,0,2017-04-13,75641000,6218,68,0,0,0,0,0,0,0,0,6220,78,0,0,0,0,0,0,0,0
124,2017-04-12,21:00:42,0,OI709,XZCE,6220,6214,6224,1346,83711160,307664,307896,6594,5966,6280,6208,0,6222,0,0,0,2017-04-13,75642000,6218,15,0,0,0,0,0,0,0,0,6220,80,0,0,0,0,0,0,0,0
125,2017-04-12,21:00:42,0,OI709,XZCE,6218,6214,6224,1376,85576560,307692,307896,6594,5966,6280,6208,0,6222,0,0,0,2017-04-13,75642000,6216,13,0,0,0,0,0,0,0,0,6218,115,0,0,0,0,0,0,0,0
126,2017-04-12,21:00:43,0,OI709,XZCE,6218,6214,6224,1386,86198360,307692,307896,6594,5966,6280,6208,0,6222,0,0,0,2017-04-13,75643000,6216,13,0,0,0,0,0,0,0,0,6218,116,0,0,0,0,0,0,0,0
127,2017-04-12,21:00:43,0,OI709,XZCE,6218,6214,6224,1400,87068880,307704,307896,6594,5966,6280,6208,0,6222,0,0,0,2017-04-13,75643000,6216,8,0,0,0,0,0,0,0,0,6218,116,0,0,0,0,0,0,0,0
128,2017-04-12,21:00:44,0,OI709,XZCE,6218,6214,6224,1414,87939400,307718,307896,6594,5966,6280,6208,0,6222,0,0,0,2017-04-13,75644000,6216,13,0,0,0,0,0,0,0,0,6218,24,0,0,0,0,0,0,0,0
129,2017-04-12,21:00:44,0,OI709,XZCE,6216,6214,6224,1430,88933960,307728,307896,6594,5966,6280,6208,0,6222,0,0,0,2017-04-13,75644000,6216,14,0,0,0,0,0,0,0,0,6218,31,0,0,0,0,0,0,0,0
130,2017-04-12,21:00:45,0,OI709,XZCE,6216,6214,6224,1430,88933960,307728,307896,6594,5966,6280,6208,0,6222,0,0,0,2017-04-13,75645000,6216,18,0,0,0,0,0,0,0,0,6218,31,0,0,0,0,0,0,0,0
131,2017-04-12,21:00:45,0,OI709,XZCE,6216,6214,6224,1430,88933960,307728,307896,6594,5966,6280,6208,0,6222,0,0,0,2017-04-13,75645000,6216,18,0,0,0,0,0,0,0,0,6218,32,0,0,0,0,0,0,0,0
132,2017-04-12,21:00:46,0,OI709,XZCE,6216,6214,6224,1432,89058280,307728,307896,6594,5966,6280,6208,0,6222,0,0,0,2017-04-13,75646000,6216,17,0,0,0,0,0,0,0,0,6218,33,0,0,0,0,0,0,0,0
133,2017-04-12,21:00:46,0,OI709,XZCE,6216,6214,6224,1432,89058280,307728,307896,6594,5966,6280,6208,0,6222,0,0,0,2017-04-13,75646000,6216,27,0,0,0,0,0,0,0,0,6218,30,0,0,0,0,0,0,0,0
134,2017-04-12,21:00:47,0,OI709,XZCE,6218,6214,6224,1434,89182640,307730,307896,6594,5966,6280,6208,0,6222,0,0,0,2017-04-13,75647000,6216,32,0,0,0,0,0,0,0,0,6218,29,0,0,0,0,0,0,0,0
135,2017-04-12,21:00:47,0,OI709,XZCE,6218,6214,6224,1434,89182640,307730,307896,6594,5966,6280,6208,0,6222,0,0,0,2017-04-13,75647000,6216,35,0,0,0,0,0,0,0,0,6218,29,0,0,0,0,0,0,0,0
136,2017-04-12,21:00:48,0,OI709,XZCE,6218,6214,6224,1434,89182640,307730,307896,6594,5966,6280,6208,0,6222,0,0,0,2017-04-13,75648000,6216,38,0,0,0,0,0,0,0,0,6218,29,0,0,0,0,0,0,0,0
137,2017-04-12,21:00:48,0,OI709,XZCE,6216,6214,6224,1442,89679920,307732,307896,6594,5966,6280,6208,0,6222,0,0,0,2017-04-13,75648000,6216,36,0,0,0,0,0,0,0,0,6218,29,0,0,0,0,0,0,0,0
138,2017-04-12,21:00:49,0,OI709,XZCE,6216,6214,6224,1454,90425840,307732,307896,6594,5966,6280,6208,0,6222,0,0,0,2017-04-13,75649000,6216,40,0,0,0,0,0,0,0,0,6218,24,0,0,0,0,0,0,0,0
139,2017-04-12,21:00:50,0,OI709,XZCE,6218,6214,6224,1484,92291240,307726,307896,6594,5966,6280,6208,0,6222,0,0,0,2017-04-13,75650000,6218,43,0,0,0,0,0,0,0,0,6220,86,0,0,0,0,0,0,0,0
140,2017-04-12,21:00:50,0,OI709,XZCE,6218,6214,6224,1484,92291240,307726,307896,6594,5966,6280,6208,0,6222,0,0,0,2017-04-13,75650000,6218,52,0,0,0,0,0,0,0,0,6220,86,0,0,0,0,0,0,0,0
141,2017-04-12,21:00:51,0,OI709,XZCE,6220,6214,6224,1496,93037640,307714,307896,6594,5966,6280,6208,0,6222,0,0,0,2017-04-13,75651000,6218,57,0,0,0,0,0,0,0,0,6220,77,0,0,0,0,0,0,0,0
142,2017-04-12,21:00:51,0,OI709,XZCE,6220,6214,6224,1496,93037640,307714,307896,6594,5966,6280,6208,0,6222,0,0,0,2017-04-13,75651000,6218,57,0,0,0,0,0,0,0,0,6220,9,0,0,0,0,0,0,0,0
143,2017-04-12,21:00:52,0,OI709,XZCE,6220,6214,6224,1508,93784040,307702,307896,6594,5966,6280,6208,0,6222,0,0,0,2017-04-13,75652000,6218,21,0,0,0,0,0,0,0,0,6220,7,0,0,0,0,0,0,0,0
144,2017-04-12,21:00:52,0,OI709,XZCE,6220,6214,6224,1518,94406040,307696,307896,6594,5966,6280,6208,0,6222,0,0,0,2017-04-13,75652000,6218,21,0,0,0,0,0,0,0,0,6220,5,0,0,0,0,0,0,0,0
145,2017-04-12,21:00:53,0,OI709,XZCE,6220,6214,6224,1538,95650040,307676,307896,6594,5966,6280,6208,0,6222,0,0,0,2017-04-13,75653000,6220,1,0,0,0,0,0,0,0,0,6222,30,0,0,0,0,0,0,0,0
146,2017-04-12,21:00:53,0,OI709,XZCE,6220,6214,6224,1542,95898840,307674,307896,6594,5966,6280,6208,0,6222,0,0,0,2017-04-13,75653000,6218,23,0,0,0,0,0,0,0,0,6220,8,0,0,0,0,0,0,0,0
147,2017-04-12,21:00:54,0,OI709,XZCE,6220,6214,6224,1544,96023240,307672,307896,6594,5966,6280,6208,0,6222,0,0,0,2017-04-13,75654000,6218,23,0,0,0,0,0,0,0,0,6220,8,0,0,0,0,0,0,0,0
148,2017-04-12,21:00:54,0,OI709,XZCE,6218,6214,6224,1546,96147600,307674,307896,6594,5966,6280,6208,0,6222,0,0,0,2017-04-13,75654000,6218,26,0,0,0,0,0,0,0,0,6220,8,0,0,0,0,0,0,0,0
149,2017-04-12,21:00:55,0,OI709,XZCE,6218,6214,6224,1566,97391200,307662,307896,6594,5966,6280,6208,0,6222,0,0,0,2017-04-13,75655000,6218,16,0,0,0,0,0,0,0,0,6220,6,0,0,0,0,0,0,0,0
150,2017-04-12,21:00:55,0,OI709,XZCE,6218,6214,6224,1566,97391200,307662,307896,6594,5966,6280,6208,0,6222,0,0,0,2017-04-13,75655000,6218,15,0,0,0,0,0,0,0,0,6220,16,0,0,0,0,0,0,0,0
151,2017-04-12,21:00:56,0,OI709,XZCE,6218,6214,6224,1566,97391200,307662,307896,6594,5966,6280,6208,0,6222,0,0,0,2017-04-13,75656000,6218,17,0,0,0,0,0,0,0,0,6220,16,0,0,0,0,0,0,0,0
152,2017-04-12,21:00:57,0,OI709,XZCE,6220,6214,6224,1574,97888800,307660,307896,6594,5966,6280,6208,0,6222,0,0,0,2017-04-13,75657000,6218,22,0,0,0,0,0,0,0,0,6220,9,0,0,0,0,0,0,0,0
153,2017-04-12,21:00:58,0,OI709,XZCE,6218,6214,6224,1578,98137520,307658,307896,6594,5966,6280,6208,0,6222,0,0,0,2017-04-13,75658000,6218,20,0,0,0,0,0,0,0,0,6220,9,0,0,0,0,0,0,0,0
154,2017-04-12,21:00:58,0,OI709,XZCE,6218,6214,6224,1578,98137520,307658,307896,6594,5966,6280,6208,0,6222,0,0,0,2017-04-13,75658000,6218,15,0,0,0,0,0,0,0,0,6220,15,0,0,0,0,0,0,0,0
155,2017-04-12,21:00:59,0,OI709,XZCE,6220,6214,6224,1582,98386320,307662,307896,6594,5966,6280,6208,0,6222,0,0,0,2017-04-13,75659000,6218,15,0,0,0,0,0,0,0,0,6220,13,0,0,0,0,0,0,0,0
156,2017-04-12,21:00:59,0,OI709,XZCE,6220,6214,6224,1586,98635120,307666,307896,6594,5966,6280,6208,0,6222,0,0,0,2017-04-13,75659000,6218,15,0,0,0,0,0,0,0,0,6220,13,0,0,0,0,0,0,0,0
157,2017-04-12,21:01:00,0,OI709,XZCE,6218,6214,6224,1624,100997960,307672,307896,6594,5966,6280,6208,0,6222,0,0,0,2017-04-13,75660000,6216,52,0,0,0,0,0,0,0,0,6218,38,0,0,0,0,0,0,0,0
158,2017-04-12,21:01:00,0,OI709,XZCE,6218,6214,6224,1640,101992840,307674,307896,6594,5966,6280,6208,0,6222,0,0,0,2017-04-13,75660000,6216,52,0,0,0,0,0,0,0,0,6218,25,0,0,0,0,0,0,0,0
159,2017-04-12,21:01:01,0,OI709,XZCE,6218,6214,6224,1680,104480040,307674,307896,6594,5966,6280,6208,0,6222,0,0,0,2017-04-13,75661000,6216,52,0,0,0,0,0,0,0,0,6218,20,0,0,0,0,0,0,0,0
160,2017-04-12,21:01:01,0,OI709,XZCE,6218,6214,6224,1680,104480040,307674,307896,6594,5966,6280,6208,0,6222,0,0,0,2017-04-13,75661000,6216,51,0,0,0,0,0,0,0,0,6218,20,0,0,0,0,0,0,0,0
161,2017-04-12,21:01:02,0,OI709,XZCE,6218,6214,6224,1682,104604400,307676,307896,6594,5966,6280,6208,0,6222,0,0,0,2017-04-13,75662000,6216,51,0,0,0,0,0,0,0,0,6218,19,0,0,0,0,0,0,0,0
162,2017-04-12,21:01:02,0,OI709,XZCE,6218,6214,6224,1696,105474920,307686,307896,6594,5966,6280,6208,0,6222,0,0,0,2017-04-13,75662000,6216,50,0,0,0,0,0,0,0,0,6218,13,0,0,0,0,0,0,0,0
163,2017-04-12,21:01:03,0,OI709,XZCE,6216,6214,6224,1796,111690920,307648,307896,6594,5966,6280,6208,0,6222,0,0,0,2017-04-13,75663000,6214,45,0,0,0,0,0,0,0,0,6216,19,0,0,0,0,0,0,0,0
164,2017-04-12,21:01:04,0,OI709,XZCE,6216,6214,6224,1834,114053000,307640,307896,6594,5966,6280,6208,0,6222,0,0,0,2017-04-13,75664000,6216,2,0,0,0,0,0,0,0,0,6218,11,0,0,0,0,0,0,0,0
165,2017-04-12,21:01:04,0,OI709,XZCE,6216,6214,6224,1834,114053000,307640,307896,6594,5966,6280,6208,0,6222,0,0,0,2017-04-13,75664000,6216,4,0,0,0,0,0,0,0,0,6218,15,0,0,0,0,0,0,0,0
166,2017-04-12,21:01:05,0,OI709,XZCE,6216,6214,6224,1838,114301640,307640,307896,6594,5966,6280,6208,0,6222,0,0,0,2017-04-13,75665000,6216,1,0,0,0,0,0,0,0,0,6218,20,0,0,0,0,0,0,0,0
167,2017-04-12,21:01:05,0,OI709,XZCE,6214,6214,6224,1844,114674480,307638,307896,6594,5966,6280,6208,0,6222,0,0,0,2017-04-13,75665000,6214,42,0,0,0,0,0,0,0,0,6216,33,0,0,0,0,0,0,0,0
168,2017-04-12,21:01:05,0,OI709,XZCE,6214,6214,6224,1844,114674480,307638,307896,6594,5966,6280,6208,0,6222,0,0,0,2017-04-13,75665000,6214,41,0,0,0,0,0,0,0,0,6216,33,0,0,0,0,0,0,0,0
169,2017-04-12,21:01:06,0,OI709,XZCE,6216,6214,6224,1846,114798800,307640,307896,6594,5966,6280,6208,0,6222,0,0,0,2017-04-13,75666000,6214,41,0,0,0,0,0,0,0,0,6216,32,0,0,0,0,0,0,0,0
170,2017-04-12,21:01:07,0,OI709,XZCE,6216,6214,6224,1846,114798800,307640,307896,6594,5966,6280,6208,0,6222,0,0,0,2017-04-13,75667000,6214,41,0,0,0,0,0,0,0,0,6216,31,0,0,0,0,0,0,0,0
171,2017-04-12,21:01:07,0,OI709,XZCE,6216,6214,6224,1852,115171760,307640,307896,6594,5966,6280,6208,0,6222,0,0,0,2017-04-13,75667000,6214,41,0,0,0,0,0,0,0,0,6216,29,0,0,0,0,0,0,0,0
172,2017-04-12,21:01:08,0,OI709,XZCE,6214,6214,6224,1856,115420320,307644,307896,6594,5966,6280,6208,0,6222,0,0,0,2017-04-13,75668000,6214,42,0,0,0,0,0,0,0,0,6216,28,0,0,0,0,0,0,0,0
173,2017-04-12,21:01:10,0,OI709,XZCE,6214,6214,6224,1856,115420320,307644,307896,6594,5966,6280,6208,0,6222,0,0,0,2017-04-13,75670000,6214,42,0,0,0,0,0,0,0,0,6216,34,0,0,0,0,0,0,0,0
174,2017-04-12,21:01:10,0,OI709,XZCE,6214,6214,6224,1940,120640080,307602,307896,6594,5966,6280,6208,0,6222,0,0,0,2017-04-13,75670000,6212,37,0,0,0,0,0,0,0,0,6214,116,0,0,0,0,0,0,0,0
175,2017-04-12,21:01:11,0,OI709,XZCE,6214,6214,6224,1944,120888640,307598,307896,6594,5966,6280,6208,0,6222,0,0,0,2017-04-13,75671000,6212,35,0,0,0,0,0,0,0,0,6214,120,0,0,0,0,0,0,0,0
176,2017-04-12,21:01:11,0,OI709,XZCE,6214,6214,6224,1944,120888640,307598,307896,6594,5966,6280,6208,0,6222,0,0,0,2017-04-13,75671000,6212,35,0,0,0,0,0,0,0,0,6214,122,0,0,0,0,0,0,0,0
177,2017-04-12,21:01:12,0,OI709,XZCE,6214,6212,6224,1950,121261480,307600,307896,6594,5966,6280,6208,0,6222,0,0,0,2017-04-13,75672000,6212,38,0,0,0,0,0,0,0,0,6214,121,0,0,0,0,0,0,0,0
178,2017-04-12,21:01:12,0,OI709,XZCE,6214,6212,6224,1952,121385760,307600,307896,6594,5966,6280,6208,0,6222,0,0,0,2017-04-13,75672000,6212,43,0,0,0,0,0,0,0,0,6214,120,0,0,0,0,0,0,0,0
179,2017-04-12,21:01:13,0,OI709,XZCE,6212,6212,6224,1994,123994800,307618,307896,6594,5966,6280,6208,0,6222,0,0,0,2017-04-13,75673000,6212,22,0,0,0,0,0,0,0,0,6214,121,0,0,0,0,0,0,0,0
180,2017-04-12,21:01:13,0,OI709,XZCE,6212,6212,6224,2038,126728080,307660,307896,6594,5966,6280,6208,0,6222,0,0,0,2017-04-13,75673000,6210,66,0,0,0,0,0,0,0,0,6212,10,0,0,0,0,0,0,0,0
181,2017-04-12,21:01:14,0,OI709,XZCE,6212,6212,6224,2040,126852320,307660,307896,6594,5966,6280,6208,0,6222,0,0,0,2017-04-13,75674000,6210,71,0,0,0,0,0,0,0,0,6212,9,0,0,0,0,0,0,0,0
182,2017-04-12,21:01:14,0,OI709,XZCE,6212,6212,6224,2042,126976560,307660,307896,6594,5966,6280,6208,0,6222,0,0,0,2017-04-13,75674000,6210,82,0,0,0,0,0,0,0,0,6212,29,0,0,0,0,0,0,0,0
183,2017-04-12,21:01:15,0,OI709,XZCE,6210,6210,6224,2044,127100760,307662,307896,6594,5966,6280,6208,0,6222,0,0,0,2017-04-13,75675000,6210,81,0,0,0,0,0,0,0,0,6212,30,0,0,0,0,0,0,0,0
184,2017-04-12,21:01:15,0,OI709,XZCE,6210,6210,6224,2148,133559160,307622,307896,6594,5966,6280,6208,0,6222,0,0,0,2017-04-13,75675000,6210,33,0,0,0,0,0,0,0,0,6212,30,0,0,0,0,0,0,0,0
185,2017-04-12,21:01:16,0,OI709,XZCE,6210,6210,6224,2150,133683360,307622,307896,6594,5966,6280,6208,0,6222,0,0,0,2017-04-13,75676000,6210,32,0,0,0,0,0,0,0,0,6212,31,0,0,0,0,0,0,0,0
186,2017-04-12,21:01:16,0,OI709,XZCE,6210,6210,6224,2150,133683360,307622,307896,6594,5966,6280,6208,0,6222,0,0,0,2017-04-13,75676000,6210,32,0,0,0,0,0,0,0,0,6212,33,0,0,0,0,0,0,0,0
187,2017-04-12,21:01:17,0,OI709,XZCE,6210,6210,6224,2154,133931760,307618,307896,6594,5966,6280,6208,0,6222,0,0,0,2017-04-13,75677000,6210,32,0,0,0,0,0,0,0,0,6212,33,0,0,0,0,0,0,0,0
188,2017-04-12,21:01:18,0,OI709,XZCE,6210,6210,6224,2166,134676960,307620,307896,6594,5966,6280,6208,0,6222,0,0,0,2017-04-13,75678000,6210,26,0,0,0,0,0,0,0,0,6212,32,0,0,0,0,0,0,0,0
189,2017-04-12,21:01:18,0,OI709,XZCE,6210,6210,6224,2190,136167360,307642,307896,6594,5966,6280,6208,0,6222,0,0,0,2017-04-13,75678000,6210,22,0,0,0,0,0,0,0,0,6212,38,0,0,0,0,0,0,0,0
190,2017-04-12,21:01:19,0,OI709,XZCE,6210,6210,6224,2256,140265960,307694,307896,6594,5966,6280,6208,0,6222,0,0,0,2017-04-13,75679000,6208,25,0,0,0,0,0,0,0,0,6210,32,0,0,0,0,0,0,0,0
191,2017-04-12,21:01:19,0,OI709,XZCE,6210,6210,6224,2274,141383760,307710,307896,6594,5966,6280,6208,0,6222,0,0,0,2017-04-13,75679000,6208,31,0,0,0,0,0,0,0,0,6210,28,0,0,0,0,0,0,0,0
192,2017-04-12,21:01:20,0,OI709,XZCE,6210,6210,6224,2274,141383760,307710,307896,6594,5966,6280,6208,0,6222,0,0,0,2017-04-13,75680000,6208,31,0,0,0,0,0,0,0,0,6210,30,0,0,0,0,0,0,0,0
193,2017-04-12,21:01:20,0,OI709,XZCE,6210,6210,6224,2274,141383760,307710,307896,6594,5966,6280,6208,0,6222,0,0,0,2017-04-13,75680000,6208,34,0,0,0,0,0,0,0,0,6210,125,0,0,0,0,0,0,0,0
194,2017-04-12,21:01:21,0,OI709,XZCE,6210,6210,6224,2278,141632160,307714,307896,6594,5966,6280,6208,0,6222,0,0,0,2017-04-13,75681000,6208,49,0,0,0,0,0,0,0,0,6210,125,0,0,0,0,0,0,0,0
195,2017-04-12,21:01:22,0,OI709,XZCE,6208,6208,6224,2340,145481120,307752,307896,6594,5966,6280,6208,0,6222,0,0,0,2017-04-13,75682000,6208,48,0,0,0,0,0,0,0,0,6210,125,0,0,0,0,0,0,0,0
196,2017-04-12,21:01:22,0,OI709,XZCE,6210,6208,6224,2344,145729520,307756,307896,6594,5966,6280,6208,0,6222,0,0,0,2017-04-13,75682000,6208,49,0,0,0,0,0,0,0,0,6210,122,0,0,0,0,0,0,0,0
197,2017-04-12,21:01:23,0,OI709,XZCE,6208,6208,6224,2346,145853680,307758,307896,6594,5966,6280,6208,0,6222,0,0,0,2017-04-13,75683000,6208,48,0,0,0,0,0,0,0,0,6210,122,0,0,0,0,0,0,0,0
198,2017-04-12,21:01:23,0,OI709,XZCE,6208,6208,6224,2346,145853680,307758,307896,6594,5966,6280,6208,0,6222,0,0,0,2017-04-13,75683000,6208,43,0,0,0,0,0,0,0,0,6210,131,0,0,0,0,0,0,0,0
199,2017-04-12,21:01:24,0,OI709,XZCE,6208,6208,6224,2366,147095280,307756,307896,6594,5966,6280,6208,0,6222,0,0,0,2017-04-13,75684000,6208,33,0,0,0,0,0,0,0,0,6210,132,0,0,0,0,0,0,0,0
200,2017-04-12,21:01:24,0,OI709,XZCE,6208,6208,6224,2368,147219440,307756,307896,6594,5966,6280,6208,0,6222,0,0,0,2017-04-13,75684000,6208,43,0,0,0,0,0,0,0,0,6210,132,0,0,0,0,0,0,0,0
201,2017-04-12,21:01:25,0,OI709,XZCE,6208,6208,6224,2370,147343600,307754,307896,6594,5966,6280,6208,0,6222,0,0,0,2017-04-13,75685000,6208,43,0,0,0,0,0,0,0,0,6210,132,0,0,0,0,0,0,0,0
202,2017-04-12,21:01:25,0,OI709,XZCE,6208,6208,6224,2374,147591920,307750,307896,6594,5966,6280,6208,0,6222,0,0,0,2017-04-13,75685000,6208,47,0,0,0,0,0,0,0,0,6210,132,0,0,0,0,0,0,0,0
203,2017-04-12,21:01:26,0,OI709,XZCE,6208,6208,6224,2374,147591920,307750,307896,6594,5966,6280,6208,0,6222,0,0,0,2017-04-13,75686000,6208,53,0,0,0,0,0,0,0,0,6210,16,0,0,0,0,0,0,0,0
204,2017-04-12,21:01:26,0,OI709,XZCE,6208,6208,6224,2380,147964400,307750,307896,6594,5966,6280,6208,0,6222,0,0,0,2017-04-13,75686000,6208,58,0,0,0,0,0,0,0,0,6210,16,0,0,0,0,0,0,0,0
205,2017-04-12,21:01:27,0,OI709,XZCE,6212,6208,6224,2454,152561280,307726,307896,6594,5966,6280,6208,0,6222,0,0,0,2017-04-13,75687000,6210,110,0,0,0,0,0,0,0,0,6212,11,0,0,0,0,0,0,0,0
206,2017-04-12,21:01:27,0,OI709,XZCE,6212,6208,6224,2504,155667280,307714,307896,6594,5966,6280,6208,0,6222,0,0,0,2017-04-13,75687000,6212,11,0,0,0,0,0,0,0,0,6214,38,0,0,0,0,0,0,0,0
207,2017-04-12,21:01:28,0,OI709,XZCE,6212,6208,6224,2504,155667280,307714,307896,6594,5966,6280,6208,0,6222,0,0,0,2017-04-13,75688000,6212,16,0,0,0,0,0,0,0,0,6214,41,0,0,0,0,0,0,0,0
208,2017-04-12,21:01:29,0,OI709,XZCE,6212,6208,6224,2506,155791520,307714,307896,6594,5966,6280,6208,0,6222,0,0,0,2017-04-13,75689000,6212,10,0,0,0,0,0,0,0,0,6214,49,0,0,0,0,0,0,0,0
209,2017-04-12,21:01:29,0,OI709,XZCE,6214,6208,6224,2538,157780000,307706,307896,6594,5966,6280,6208,0,6222,0,0,0,2017-04-13,75689000,6212,11,0,0,0,0,0,0,0,0,6214,52,0,0,0,0,0,0,0,0
210,2017-04-12,21:01:30,0,OI709,XZCE,6214,6208,6224,2538,157780000,307706,307896,6594,5966,6280,6208,0,6222,0,0,0,2017-04-13,75690000,6212,11,0,0,0,0,0,0,0,0,6214,49,0,0,0,0,0,0,0,0
211,2017-04-12,21:01:30,0,OI709,XZCE,6210,6208,6224,2562,159270400,307702,307896,6594,5966,6280,6208,0,6222,0,0,0,2017-04-13,75690000,6210,52,0,0,0,0,0,0,0,0,6212,102,0,0,0,0,0,0,0,0
212,2017-04-12,21:01:31,0,OI709,XZCE,6212,6208,6224,2564,159394640,307700,307896,6594,5966,6280,6208,0,6222,0,0,0,2017-04-13,75691000,6210,53,0,0,0,0,0,0,0,0,6212,111,0,0,0,0,0,0,0,0
213,2017-04-12,21:01:31,0,OI709,XZCE,6212,6208,6224,2568,159643120,307700,307896,6594,5966,6280,6208,0,6222,0,0,0,2017-04-13,75691000,6210,53,0,0,0,0,0,0,0,0,6212,109,0,0,0,0,0,0,0,0
214,2017-04-12,21:01:32,0,OI709,XZCE,6212,6208,6224,2568,159643120,307700,307896,6594,5966,6280,6208,0,6222,0,0,0,2017-04-13,75692000,6210,54,0,0,0,0,0,0,0,0,6212,110,0,0,0,0,0,0,0,0
215,2017-04-12,21:01:32,0,OI709,XZCE,6212,6208,6224,2572,159891600,307698,307896,6594,5966,6280,6208,0,6222,0,0,0,2017-04-13,75692000,6210,94,0,0,0,0,0,0,0,0,6212,108,0,0,0,0,0,0,0,0
216,2017-04-12,21:01:32,0,OI709,XZCE,6212,6208,6224,2574,160015840,307696,307896,6594,5966,6280,6208,0,6222,0,0,0,2017-04-13,75692000,6210,95,0,0,0,0,0,0,0,0,6212,109,0,0,0,0,0,0,0,0
217,2017-04-12,21:01:33,0,OI709,XZCE,6212,6208,6224,2592,161134000,307678,307896,6594,5966,6280,6208,0,6222,0,0,0,2017-04-13,75693000,6210,94,0,0,0,0,0,0,0,0,6212,100,0,0,0,0,0,0,0,0
218,2017-04-12,21:01:34,0,OI709,XZCE,6210,6208,6224,2594,161258200,307678,307896,6594,5966,6280,6208,0,6222,0,0,0,2017-04-13,75694000,6210,93,0,0,0,0,0,0,0,0,6212,100,0,0,0,0,0,0,0,0
219,2017-04-12,21:01:35,0,OI709,XZCE,6210,6208,6224,2594,161258200,307678,307896,6594,5966,6280,6208,0,6222,0,0,0,2017-04-13,75695000,6210,94,0,0,0,0,0,0,0,0,6212,100,0,0,0,0,0,0,0,0
220,2017-04-12,21:01:36,0,OI709,XZCE,6210,6208,6224,2594,161258200,307678,307896,6594,5966,6280,6208,0,6222,0,0,0,2017-04-13,75696000,6210,94,0,0,0,0,0,0,0,0,6212,105,0,0,0,0,0,0,0,0
221,2017-04-12,21:01:36,0,OI709,XZCE,6210,6208,6224,2594,161258200,307678,307896,6594,5966,6280,6208,0,6222,0,0,0,2017-04-13,75696000,6210,104,0,0,0,0,0,0,0,0,6212,105,0,0,0,0,0,0,0,0
222,2017-04-12,21:01:37,0,OI709,XZCE,6210,6208,6224,2600,161630800,307678,307896,6594,5966,6280,6208,0,6222,0,0,0,2017-04-13,75697000,6210,102,0,0,0,0,0,0,0,0,6212,105,0,0,0,0,0,0,0,0
223,2017-04-12,21:01:37,0,OI709,XZCE,6212,6208,6224,2614,162500480,307664,307896,6594,5966,6280,6208,0,6222,0,0,0,2017-04-13,75697000,6210,104,0,0,0,0,0,0,0,0,6212,98,0,0,0,0,0,0,0,0
224,2017-04-12,21:01:38,0,OI709,XZCE,6212,6208,6224,2616,162624720,307664,307896,6594,5966,6280,6208,0,6222,0,0,0,2017-04-13,75698000,6210,105,0,0,0,0,0,0,0,0,6212,97,0,0,0,0,0,0,0,0
225,2017-04-12,21:01:38,0,OI709,XZCE,6212,6208,6224,2628,163370160,307664,307896,6594,5966,6280,6208,0,6222,0,0,0,2017-04-13,75698000,6210,104,0,0,0,0,0,0,0,0,6212,91,0,0,0,0,0,0,0,0
226,2017-04-12,21:01:39,0,OI709,XZCE,6210,6208,6224,2632,163618560,307664,307896,6594,5966,6280,6208,0,6222,0,0,0,2017-04-13,75699000,6210,102,0,0,0,0,0,0,0,0,6212,91,0,0,0,0,0,0,0,0
227,2017-04-12,21:01:39,0,OI709,XZCE,6210,6208,6224,2742,170449560,307700,307896,6594,5966,6280,6208,0,6222,0,0,0,2017-04-13,75699000,6210,58,0,0,0,0,0,0,0,0,6212,86,0,0,0,0,0,0,0,0
228,2017-04-12,21:01:40,0,OI709,XZCE,6212,6208,6224,2752,171070760,307700,307896,6594,5966,6280,6208,0,6222,0,0,0,2017-04-13,75700000,6210,58,0,0,0,0,0,0,0,0,6212,82,0,0,0,0,0,0,0,0
229,2017-04-12,21:01:40,0,OI709,XZCE,6212,6208,6224,2752,171070760,307700,307896,6594,5966,6280,6208,0,6222,0,0,0,2017-04-13,75700000,6210,59,0,0,0,0,0,0,0,0,6212,82,0,0,0,0,0,0,0,0
230,2017-04-12,21:01:41,0,OI709,XZCE,6212,6208,6224,2754,171195000,307700,307896,6594,5966,6280,6208,0,6222,0,0,0,2017-04-13,75701000,6210,59,0,0,0,0,0,0,0,0,6212,81,0,0,0,0,0,0,0,0
231,2017-04-12,21:01:41,0,OI709,XZCE,6212,6208,6224,2754,171195000,307700,307896,6594,5966,6280,6208,0,6222,0,0,0,2017-04-13,75701000,6210,63,0,0,0,0,0,0,0,0,6212,87,0,0,0,0,0,0,0,0
232,2017-04-12,21:01:42,0,OI709,XZCE,6210,6208,6224,2764,171816000,307702,307896,6594,5966,6280,6208,0,6222,0,0,0,2017-04-13,75702000,6210,58,0,0,0,0,0,0,0,0,6212,87,0,0,0,0,0,0,0,0
233,2017-04-12,21:01:43,0,OI709,XZCE,6210,6208,6224,2764,171816000,307702,307896,6594,5966,6280,6208,0,6222,0,0,0,2017-04-13,75703000,6210,61,0,0,0,0,0,0,0,0,6212,82,0,0,0,0,0,0,0,0
234,2017-04-12,21:01:44,0,OI709,XZCE,6210,6208,6224,2864,178026000,307626,307896,6594,5966,6280,6208,0,6222,0,0,0,2017-04-13,75704000,6210,12,0,0,0,0,0,0,0,0,6212,83,0,0,0,0,0,0,0,0
235,2017-04-12,21:01:44,0,OI709,XZCE,6212,6208,6224,2874,178647200,307626,307896,6594,5966,6280,6208,0,6222,0,0,0,2017-04-13,75704000,6210,12,0,0,0,0,0,0,0,0,6212,78,0,0,0,0,0,0,0,0
236,2017-04-12,21:01:45,0,OI709,XZCE,6210,6208,6224,2876,178771400,307626,307896,6594,5966,6280,6208,0,6222,0,0,0,2017-04-13,75705000,6210,10,0,0,0,0,0,0,0,0,6212,83,0,0,0,0,0,0,0,0
237,2017-04-12,21:01:45,0,OI709,XZCE,6212,6208,6224,2894,179889560,307608,307896,6594,5966,6280,6208,0,6222,0,0,0,2017-04-13,75705000,6210,52,0,0,0,0,0,0,0,0,6212,75,0,0,0,0,0,0,0,0
238,2017-04-12,21:01:45,0,OI709,XZCE,6212,6208,6224,2894,179889560,307608,307896,6594,5966,6280,6208,0,6222,0,0,0,2017-04-13,75705000,6210,52,0,0,0,0,0,0,0,0,6212,74,0,0,0,0,0,0,0,0
239,2017-04-12,21:01:46,0,OI709,XZCE,6212,6208,6224,2894,179889560,307608,307896,6594,5966,6280,6208,0,6222,0,0,0,2017-04-13,75706000,6210,53,0,0,0,0,0,0,0,0,6212,69,0,0,0,0,0,0,0,0
240,2017-04-12,21:01:47,0,OI709,XZCE,6210,6208,6224,2924,181752560,307606,307896,6594,5966,6280,6208,0,6222,0,0,0,2017-04-13,75707000,6208,168,0,0,0,0,0,0,0,0,6212,70,0,0,0,0,0,0,0,0
241,2017-04-12,21:01:47,0,OI709,XZCE,6212,6208,6224,2938,182622240,307606,307896,6594,5966,6280,6208,0,6222,0,0,0,2017-04-13,75707000,6210,62,0,0,0,0,0,0,0,0,6212,68,0,0,0,0,0,0,0,0
242,2017-04-12,21:01:48,0,OI709,XZCE,6212,6208,6224,2938,182622240,307606,307896,6594,5966,6280,6208,0,6222,0,0,0,2017-04-13,75708000,6210,2,0,0,0,0,0,0,0,0,6212,68,0,0,0,0,0,0,0,0
243,2017-04-12,21:01:49,0,OI709,XZCE,6210,6208,6224,3052,189701640,307586,307896,6594,5966,6280,6208,0,6222,0,0,0,2017-04-13,75709000,6208,120,0,0,0,0,0,0,0,0,6210,18,0,0,0,0,0,0,0,0
244,2017-04-12,21:01:49,0,OI709,XZCE,6210,6208,6224,3066,190571040,307596,307896,6594,5966,6280,6208,0,6222,0,0,0,2017-04-13,75709000,6208,128,0,0,0,0,0,0,0,0,6210,18,0,0,0,0,0,0,0,0
245,2017-04-12,21:01:50,0,OI709,XZCE,6210,6208,6224,3066,190571040,307596,307896,6594,5966,6280,6208,0,6222,0,0,0,2017-04-13,75710000,6208,135,0,0,0,0,0,0,0,0,6210,22,0,0,0,0,0,0,0,0
246,2017-04-12,21:01:50,0,OI709,XZCE,6210,6208,6224,3066,190571040,307596,307896,6594,5966,6280,6208,0,6222,0,0,0,2017-04-13,75710000,6208,140,0,0,0,0,0,0,0,0,6210,13,0,0,0,0,0,0,0,0
247,2017-04-12,21:01:51,0,OI709,XZCE,6212,6208,6224,3094,192310400,307590,307896,6594,5966,6280,6208,0,6222,0,0,0,2017-04-13,75711000,6210,17,0,0,0,0,0,0,0,0,6212,68,0,0,0,0,0,0,0,0
248,2017-04-12,21:01:51,0,OI709,XZCE,6212,6208,6224,3114,193552800,307570,307896,6594,5966,6280,6208,0,6222,0,0,0,2017-04-13,75711000,6210,18,0,0,0,0,0,0,0,0,6212,58,0,0,0,0,0,0,0,0
249,2017-04-12,21:01:52,0,OI709,XZCE,6212,6208,6224,3114,193552800,307570,307896,6594,5966,6280,6208,0,6222,0,0,0,2017-04-13,75712000,6210,21,0,0,0,0,0,0,0,0,6212,60,0,0,0,0,0,0,0,0
250,2017-04-12,21:01:52,0,OI709,XZCE,6210,6208,6224,3118,193801200,307574,307896,6594,5966,6280,6208,0,6222,0,0,0,2017-04-13,75712000,6210,20,0,0,0,0,0,0,0,0,6212,60,0,0,0,0,0,0,0,0
251,2017-04-12,21:01:53,0,OI709,XZCE,6210,6208,6224,3118,193801200,307574,307896,6594,5966,6280,6208,0,6222,0,0,0,2017-04-13,75713000,6210,20,0,0,0,0,0,0,0,0,6212,63,0,0,0,0,0,0,0,0
252,2017-04-12,21:01:53,0,OI709,XZCE,6210,6208,6224,3120,193925400,307574,307896,6594,5966,6280,6208,0,6222,0,0,0,2017-04-13,75713000,6210,30,0,0,0,0,0,0,0,0,6212,63,0,0,0,0,0,0,0,0
253,2017-04-12,21:01:54,0,OI709,XZCE,6210,6208,6224,3122,194049600,307576,307896,6594,5966,6280,6208,0,6222,0,0,0,2017-04-13,75714000,6210,29,0,0,0,0,0,0,0,0,6212,63,0,0,0,0,0,0,0,0
254,2017-04-12,21:01:54,0,OI709,XZCE,6210,6208,6224,3132,194670600,307586,307896,6594,5966,6280,6208,0,6222,0,0,0,2017-04-13,75714000,6210,24,0,0,0,0,0,0,0,0,6212,58,0,0,0,0,0,0,0,0
255,2017-04-12,21:01:55,0,OI709,XZCE,6210,6208,6224,3132,194670600,307586,307896,6594,5966,6280,6208,0,6222,0,0,0,2017-04-13,75715000,6210,26,0,0,0,0,0,0,0,0,6212,57,0,0,0,0,0,0,0,0
256,2017-04-12,21:01:56,0,OI709,XZCE,6210,6208,6224,3210,199514400,307650,307896,6594,5966,6280,6208,0,6222,0,0,0,2017-04-13,75716000,6210,24,0,0,0,0,0,0,0,0,6212,56,0,0,0,0,0,0,0,0
257,2017-04-12,21:01:56,0,OI709,XZCE,6210,6208,6224,3210,199514400,307650,307896,6594,5966,6280,6208,0,6222,0,0,0,2017-04-13,75716000,6210,25,0,0,0,0,0,0,0,0,6212,56,0,0,0,0,0,0,0,0
258,2017-04-12,21:01:57,0,OI709,XZCE,6210,6208,6224,3256,202371000,307648,307896,6594,5966,6280,6208,0,6222,0,0,0,2017-04-13,75717000,6210,2,0,0,0,0,0,0,0,0,6212,33,0,0,0,0,0,0,0,0
259,2017-04-12,21:01:57,0,OI709,XZCE,6212,6208,6224,3274,203489160,307630,307896,6594,5966,6280,6208,0,6222,0,0,0,2017-04-13,75717000,6210,2,0,0,0,0,0,0,0,0,6212,33,0,0,0,0,0,0,0,0
260,2017-04-12,21:01:58,0,OI709,XZCE,6210,6208,6224,3292,204606960,307644,307896,6594,5966,6280,6208,0,6222,0,0,0,2017-04-13,75718000,6208,141,0,0,0,0,0,0,0,0,6210,9,0,0,0,0,0,0,0,0
261,2017-04-12,21:01:58,0,OI709,XZCE,6210,6208,6224,3292,204606960,307644,307896,6594,5966,6280,6208,0,6222,0,0,0,2017-04-13,75718000,6208,141,0,0,0,0,0,0,0,0,6210,10,0,0,0,0,0,0,0,0
262,2017-04-12,21:01:58,0,OI709,XZCE,6210,6208,6224,3292,204606960,307644,307896,6594,5966,6280,6208,0,6222,0,0,0,2017-04-13,75718000,6208,141,0,0,0,0,0,0,0,0,6210,17,0,0,0,0,0,0,0,0
263,2017-04-12,21:01:59,0,OI709,XZCE,6208,6208,6224,3296,204855280,307644,307896,6594,5966,6280,6208,0,6222,0,0,0,2017-04-13,75719000,6208,136,0,0,0,0,0,0,0,0,6210,18,0,0,0,0,0,0,0,0
264,2017-04-12,21:02:00,0,OI709,XZCE,6208,6208,6224,3296,204855280,307644,307896,6594,5966,6280,6208,0,6222,0,0,0,2017-04-13,75720000,6208,137,0,0,0,0,0,0,0,0,6210,25,0,0,0,0,0,0,0,0
265,2017-04-12,21:02:00,0,OI709,XZCE,6210,6208,6224,3298,204979480,307644,307896,6594,5966,6280,6208,0,6222,0,0,0,2017-04-13,75720000,6208,137,0,0,0,0,0,0,0,0,6210,24,0,0,0,0,0,0,0,0
266,2017-04-12,21:02:01,0,OI709,XZCE,6208,6208,6224,3318,206221080,307664,307896,6594,5966,6280,6208,0,6222,0,0,0,2017-04-13,75721000,6208,127,0,0,0,0,0,0,0,0,6210,25,0,0,0,0,0,0,0,0
267,2017-04-12,21:02:01,0,OI709,XZCE,6210,6208,6224,3320,206345280,307664,307896,6594,5966,6280,6208,0,6222,0,0,0,2017-04-13,75721000,6208,127,0,0,0,0,0,0,0,0,6210,24,0,0,0,0,0,0,0,0
268,2017-04-12,21:02:02,0,OI709,XZCE,6210,6208,6224,3320,206345280,307664,307896,6594,5966,6280,6208,0,6222,0,0,0,2017-04-13,75722000,6208,127,0,0,0,0,0,0,0,0,6210,25,0,0,0,0,0,0,0,0
269,2017-04-12,21:02:02,0,OI709,XZCE,6210,6208,6224,3322,206469480,307664,307896,6594,5966,6280,6208,0,6222,0,0,0,2017-04-13,75722000,6208,127,0,0,0,0,0,0,0,0,6210,24,0,0,0,0,0,0,0,0
270,2017-04-12,21:02:03,0,OI709,XZCE,6210,6208,6224,3338,207463080,307672,307896,6594,5966,6280,6208,0,6222,0,0,0,2017-04-13,75723000,6208,127,0,0,0,0,0,0,0,0,6210,12,0,0,0,0,0,0,0,0
271,2017-04-12,21:02:03,0,OI709,XZCE,6210,6208,6224,3340,207587280,307672,307896,6594,5966,6280,6208,0,6222,0,0,0,2017-04-13,75723000,6208,127,0,0,0,0,0,0,0,0,6210,11,0,0,0,0,0,0,0,0
272,2017-04-12,21:02:04,0,OI709,XZCE,6210,6208,6224,3370,209450280,307668,307896,6594,5966,6280,6208,0,6222,0,0,0,2017-04-13,75724000,6210,3,0,0,0,0,0,0,0,0,6212,47,0,0,0,0,0,0,0,0
273,2017-04-12,21:02:04,0,OI709,XZCE,6210,6208,6224,3374,209698680,307672,307896,6594,5966,6280,6208,0,6222,0,0,0,2017-04-13,75724000,6210,31,0,0,0,0,0,0,0,0,6212,45,0,0,0,0,0,0,0,0
274,2017-04-12,21:02:04,0,OI709,XZCE,6210,6208,6224,3374,209698680,307672,307896,6594,5966,6280,6208,0,6222,0,0,0,2017-04-13,75724000,6210,32,0,0,0,0,0,0,0,0,6212,45,0,0,0,0,0,0,0,0
275,2017-04-12,21:02:05,0,OI709,XZCE,6210,6208,6224,3374,209698680,307672,307896,6594,5966,6280,6208,0,6222,0,0,0,2017-04-13,75725000,6210,33,0,0,0,0,0,0,0,0,6212,40,0,0,0,0,0,0,0,0
276,2017-04-12,21:02:06,0,OI709,XZCE,6210,6208,6224,3380,210071280,307670,307896,6594,5966,6280,6208,0,6222,0,0,0,2017-04-13,75726000,6210,31,0,0,0,0,0,0,0,0,6212,69,0,0,0,0,0,0,0,0
277,2017-04-12,21:02:06,0,OI709,XZCE,6212,6208,6224,3386,210444000,307664,307896,6594,5966,6280,6208,0,6222,0,0,0,2017-04-13,75726000,6210,34,0,0,0,0,0,0,0,0,6212,66,0,0,0,0,0,0,0,0
278,2017-04-12,21:02:07,0,OI709,XZCE,6210,6208,6224,3592,223236600,307706,307896,6594,5966,6280,6208,0,6222,0,0,0,2017-04-13,75727000,6210,14,0,0,0,0,0,0,0,0,6212,66,0,0,0,0,0,0,0,0
279,2017-04-12,21:02:07,0,OI709,XZCE,6210,6208,6224,3592,223236600,307706,307896,6594,5966,6280,6208,0,6222,0,0,0,2017-04-13,75727000,6210,9,0,0,0,0,0,0,0,0,6212,66,0,0,0,0,0,0,0,0
280,2017-04-12,21:02:08,0,OI709,XZCE,6210,6208,6224,3596,223485000,307706,307896,6594,5966,6280,6208,0,6222,0,0,0,2017-04-13,75728000,6210,32,0,0,0,0,0,0,0,0,6212,66,0,0,0,0,0,0,0,0
281,2017-04-12,21:02:08,0,OI709,XZCE,6210,6208,6224,3610,224354400,307702,307896,6594,5966,6280,6208,0,6222,0,0,0,2017-04-13,75728000,6210,28,0,0,0,0,0,0,0,0,6212,68,0,0,0,0,0,0,0,0
282,2017-04-12,21:02:09,0,OI709,XZCE,6210,6208,6224,3618,224851200,307702,307896,6594,5966,6280,6208,0,6222,0,0,0,2017-04-13,75729000,6210,31,0,0,0,0,0,0,0,0,6212,66,0,0,0,0,0,0,0,0
283,2017-04-12,21:02:09,0,OI709,XZCE,6210,6208,6224,3618,224851200,307702,307896,6594,5966,6280,6208,0,6222,0,0,0,2017-04-13,75729000,6210,9,0,0,0,0,0,0,0,0,6212,66,0,0,0,0,0,0,0,0
284,2017-04-12,21:02:10,0,OI709,XZCE,6212,6208,6224,3636,225969360,307688,307896,6594,5966,6280,6208,0,6222,0,0,0,2017-04-13,75730000,6210,45,0,0,0,0,0,0,0,0,6212,57,0,0,0,0,0,0,0,0
285,2017-04-12,21:02:10,0,OI709,XZCE,6210,6208,6224,3640,226217760,307688,307896,6594,5966,6280,6208,0,6222,0,0,0,2017-04-13,75730000,6210,44,0,0,0,0,0,0,0,0,6212,58,0,0,0,0,0,0,0,0
286,2017-04-12,21:02:12,0,OI709,XZCE,6210,6208,6224,3640,226217760,307688,307896,6594,5966,6280,6208,0,6222,0,0,0,2017-04-13,75732000,6210,44,0,0,0,0,0,0,0,0,6212,59,0,0,0,0,0,0,0,0
287,2017-04-12,21:02:13,0,OI709,XZCE,6210,6208,6224,3640,226217760,307688,307896,6594,5966,6280,6208,0,6222,0,0,0,2017-04-13,75733000,6210,51,0,0,0,0,0,0,0,0,6212,59,0,0,0,0,0,0,0,0
288,2017-04-12,21:02:13,0,OI709,XZCE,6210,6208,6224,3640,226217760,307688,307896,6594,5966,6280,6208,0,6222,0,0,0,2017-04-13,75733000,6210,18,0,0,0,0,0,0,0,0,6212,59,0,0,0,0,0,0,0,0
289,2017-04-12,21:02:13,0,OI709,XZCE,6210,6208,6224,3640,226217760,307688,307896,6594,5966,6280,6208,0,6222,0,0,0,2017-04-13,75733000,6210,19,0,0,0,0,0,0,0,0,6212,59,0,0,0,0,0,0,0,0
290,2017-04-12,21:02:14,0,OI709,XZCE,6210,6208,6224,3640,226217760,307688,307896,6594,5966,6280,6208,0,6222,0,0,0,2017-04-13,75734000,6210,49,0,0,0,0,0,0,0,0,6212,59,0,0,0,0,0,0,0,0
291,2017-04-12,21:02:15,0,OI709,XZCE,6210,6208,6224,3642,226341960,307690,307896,6594,5966,6280,6208,0,6222,0,0,0,2017-04-13,75735000,6210,49,0,0,0,0,0,0,0,0,6212,59,0,0,0,0,0,0,0,0
292,2017-04-12,21:02:18,0,OI709,XZCE,6210,6208,6224,3642,226341960,307690,307896,6594,5966,6280,6208,0,6222,0,0,0,2017-04-13,75738000,6210,51,0,0,0,0,0,0,0,0,6212,60,0,0,0,0,0,0,0,0
293,2017-04-12,21:02:18,0,OI709,XZCE,6210,6208,6224,3712,230688960,307692,307896,6594,5966,6280,6208,0,6222,0,0,0,2017-04-13,75738000,6210,16,0,0,0,0,0,0,0,0,6212,63,0,0,0,0,0,0,0,0
294,2017-04-12,21:02:19,0,OI709,XZCE,6210,6208,6224,3744,232676160,307664,307896,6594,5966,6280,6208,0,6222,0,0,0,2017-04-13,75739000,6208,131,0,0,0,0,0,0,0,0,6210,56,0,0,0,0,0,0,0,0
295,2017-04-12,21:02:19,0,OI709,XZCE,6210,6208,6224,3744,232676160,307664,307896,6594,5966,6280,6208,0,6222,0,0,0,2017-04-13,75739000,6208,131,0,0,0,0,0,0,0,0,6210,62,0,0,0,0,0,0,0,0
296,2017-04-12,21:02:21,0,OI709,XZCE,6210,6208,6224,3744,232676160,307664,307896,6594,5966,6280,6208,0,6222,0,0,0,2017-04-13,75741000,6208,131,0,0,0,0,0,0,0,0,6210,63,0,0,0,0,0,0,0,0
297,2017-04-12,21:02:22,0,OI709,XZCE,6210,6208,6224,3754,233297160,307664,307896,6594,5966,6280,6208,0,6222,0,0,0,2017-04-13,75742000,6208,131,0,0,0,0,0,0,0,0,6210,63,0,0,0,0,0,0,0,0
298,2017-04-12,21:02:22,0,OI709,XZCE,6210,6208,6224,3758,233545560,307664,307896,6594,5966,6280,6208,0,6222,0,0,0,2017-04-13,75742000,6208,131,0,0,0,0,0,0,0,0,6210,61,0,0,0,0,0,0,0,0
299,2017-04-12,21:02:23,0,OI709,XZCE,6210,6208,6224,3760,233669760,307664,307896,6594,5966,6280,6208,0,6222,0,0,0,2017-04-13,75743000,6208,131,0,0,0,0,0,0,0,0,6210,59,0,0,0,0,0,0,0,0
300,2017-04-12,21:02:24,0,OI709,XZCE,6210,6208,6224,3920,243605760,307702,307896,6594,5966,6280,6208,0,6222,0,0,0,2017-04-13,75744000,6210,6,0,0,0,0,0,0,0,0,6212,60,0,0,0,0,0,0,0,0
301,2017-04-12,21:02:25,0,OI709,XZCE,6210,6208,6224,3932,244350960,307712,307896,6594,5966,6280,6208,0,6222,0,0,0,2017-04-13,75745000,6208,136,0,0,0,0,0,0,0,0,6210,94,0,0,0,0,0,0,0,0
302,2017-04-12,21:02:25,0,OI709,XZCE,6208,6208,6224,3944,245095920,307720,307896,6594,5966,6280,6208,0,6222,0,0,0,2017-04-13,75745000,6208,131,0,0,0,0,0,0,0,0,6210,90,0,0,0,0,0,0,0,0
303,2017-04-12,21:02:26,0,OI709,XZCE,6208,6208,6224,3950,245468400,307720,307896,6594,5966,6280,6208,0,6222,0,0,0,2017-04-13,75746000,6208,128,0,0,0,0,0,0,0,0,6210,90,0,0,0,0,0,0,0,0
304,2017-04-12,21:02:26,0,OI709,XZCE,6208,6208,6224,4002,248696560,307720,307896,6594,5966,6280,6208,0,6222,0,0,0,2017-04-13,75746000,6208,102,0,0,0,0,0,0,0,0,6210,92,0,0,0,0,0,0,0,0
305,2017-04-12,21:02:27,0,OI709,XZCE,6208,6208,6224,4026,250186480,307724,307896,6594,5966,6280,6208,0,6222,0,0,0,2017-04-13,75747000,6208,95,0,0,0,0,0,0,0,0,6210,17,0,0,0,0,0,0,0,0
306,2017-04-12,21:02:27,0,OI709,XZCE,6208,6208,6224,4046,251428080,307730,307896,6594,5966,6280,6208,0,6222,0,0,0,2017-04-13,75747000,6208,86,0,0,0,0,0,0,0,0,6210,19,0,0,0,0,0,0,0,0
307,2017-04-12,21:02:28,0,OI709,XZCE,6208,6208,6224,4046,251428080,307730,307896,6594,5966,6280,6208,0,6222,0,0,0,2017-04-13,75748000,6208,86,0,0,0,0,0,0,0,0,6210,20,0,0,0,0,0,0,0,0
308,2017-04-12,21:02:28,0,OI709,XZCE,6210,6208,6224,4048,251552280,307730,307896,6594,5966,6280,6208,0,6222,0,0,0,2017-04-13,75748000,6208,86,0,0,0,0,0,0,0,0,6210,26,0,0,0,0,0,0,0,0
309,2017-04-12,21:02:29,0,OI709,XZCE,6208,6208,6224,4050,251676440,307732,307896,6594,5966,6280,6208,0,6222,0,0,0,2017-04-13,75749000,6208,85,0,0,0,0,0,0,0,0,6210,27,0,0,0,0,0,0,0,0
310,2017-04-12,21:02:29,0,OI709,XZCE,6210,6208,6224,4070,252918440,307742,307896,6594,5966,6280,6208,0,6222,0,0,0,2017-04-13,75749000,6208,85,0,0,0,0,0,0,0,0,6210,17,0,0,0,0,0,0,0,0
311,2017-04-12,21:02:30,0,OI709,XZCE,6208,6208,6224,4074,253166760,307742,307896,6594,5966,6280,6208,0,6222,0,0,0,2017-04-13,75750000,6208,83,0,0,0,0,0,0,0,0,6210,17,0,0,0,0,0,0,0,0
312,2017-04-12,21:02:31,0,OI709,XZCE,6208,6208,6224,4074,253166760,307742,307896,6594,5966,6280,6208,0,6222,0,0,0,2017-04-13,75751000,6208,86,0,0,0,0,0,0,0,0,6210,18,0,0,0,0,0,0,0,0
313,2017-04-12,21:02:31,0,OI709,XZCE,6208,6208,6224,4080,253539240,307748,307896,6594,5966,6280,6208,0,6222,0,0,0,2017-04-13,75751000,6208,83,0,0,0,0,0,0,0,0,6210,18,0,0,0,0,0,0,0,0
314,2017-04-12,21:02:32,0,OI709,XZCE,6208,6208,6224,4080,253539240,307748,307896,6594,5966,6280,6208,0,6222,0,0,0,2017-04-13,75752000,6208,84,0,0,0,0,0,0,0,0,6210,18,0,0,0,0,0,0,0,0
315,2017-04-12,21:02:33,0,OI709,XZCE,6210,6208,6224,4084,253787640,307748,307896,6594,5966,6280,6208,0,6222,0,0,0,2017-04-13,75753000,6208,84,0,0,0,0,0,0,0,0,6210,16,0,0,0,0,0,0,0,0
316,2017-04-12,21:02:35,0,OI709,XZCE,6210,6208,6224,4088,254036040,307748,307896,6594,5966,6280,6208,0,6222,0,0,0,2017-04-13,75755000,6208,82,0,0,0,0,0,0,0,0,6210,20,0,0,0,0,0,0,0,0
317,2017-04-12,21:02:36,0,OI709,XZCE,6210,6208,6224,4088,254036040,307748,307896,6594,5966,6280,6208,0,6222,0,0,0,2017-04-13,75756000,6208,82,0,0,0,0,0,0,0,0,6210,25,0,0,0,0,0,0,0,0
318,2017-04-12,21:02:38,0,OI709,XZCE,6210,6208,6224,4090,254160240,307748,307896,6594,5966,6280,6208,0,6222,0,0,0,2017-04-13,75758000,6208,82,0,0,0,0,0,0,0,0,6210,24,0,0,0,0,0,0,0,0
319,2017-04-12,21:02:39,0,OI709,XZCE,6210,6208,6224,4090,254160240,307748,307896,6594,5966,6280,6208,0,6222,0,0,0,2017-04-13,75759000,6208,83,0,0,0,0,0,0,0,0,6210,24,0,0,0,0,0,0,0,0
320,2017-04-12,21:02:39,0,OI709,XZCE,6210,6208,6224,4090,254160240,307748,307896,6594,5966,6280,6208,0,6222,0,0,0,2017-04-13,75759000,6208,85,0,0,0,0,0,0,0,0,6210,19,0,0,0,0,0,0,0,0
321,2017-04-12,21:02:40,0,OI709,XZCE,6210,6208,6224,4128,256520040,307756,307896,6594,5966,6280,6208,0,6222,0,0,0,2017-04-13,75760000,6210,52,0,0,0,0,0,0,0,0,6212,104,0,0,0,0,0,0,0,0
322,2017-04-12,21:02:40,0,OI709,XZCE,6210,6208,6224,4128,256520040,307756,307896,6594,5966,6280,6208,0,6222,0,0,0,2017-04-13,75760000,6210,52,0,0,0,0,0,0,0,0,6212,68,0,0,0,0,0,0,0,0
323,2017-04-12,21:02:41,0,OI709,XZCE,6210,6208,6224,4128,256520040,307756,307896,6594,5966,6280,6208,0,6222,0,0,0,2017-04-13,75761000,6210,56,0,0,0,0,0,0,0,0,6212,68,0,0,0,0,0,0,0,0
324,2017-04-12,21:02:41,0,OI709,XZCE,6210,6208,6224,4128,256520040,307756,307896,6594,5966,6280,6208,0,6222,0,0,0,2017-04-13,75761000,6210,61,0,0,0,0,0,0,0,0,6212,70,0,0,0,0,0,0,0,0
325,2017-04-12,21:02:42,0,OI709,XZCE,6210,6208,6224,4128,256520040,307756,307896,6594,5966,6280,6208,0,6222,0,0,0,2017-04-13,75762000,6210,66,0,0,0,0,0,0,0,0,6212,70,0,0,0,0,0,0,0,0
326,2017-04-12,21:02:42,0,OI709,XZCE,6210,6208,6224,4130,256644240,307758,307896,6594,5966,6280,6208,0,6222,0,0,0,2017-04-13,75762000,6210,69,0,0,0,0,0,0,0,0,6212,70,0,0,0,0,0,0,0,0
327,2017-04-12,21:02:43,0,OI709,XZCE,6210,6208,6224,4134,256892640,307762,307896,6594,5966,6280,6208,0,6222,0,0,0,2017-04-13,75763000,6210,67,0,0,0,0,0,0,0,0,6212,70,0,0,0,0,0,0,0,0
328,2017-04-12,21:02:44,0,OI709,XZCE,6210,6208,6224,4234,263102640,307826,307896,6594,5966,6280,6208,0,6222,0,0,0,2017-04-13,75764000,6210,17,0,0,0,0,0,0,0,0,6212,70,0,0,0,0,0,0,0,0
329,2017-04-12,21:02:44,0,OI709,XZCE,6212,6208,6224,4236,263226880,307826,307896,6594,5966,6280,6208,0,6222,0,0,0,2017-04-13,75764000,6210,29,0,0,0,0,0,0,0,0,6212,69,0,0,0,0,0,0,0,0
330,2017-04-12,21:02:45,0,OI709,XZCE,6210,6208,6224,4238,263351080,307826,307896,6594,5966,6280,6208,0,6222,0,0,0,2017-04-13,75765000,6210,36,0,0,0,0,0,0,0,0,6212,64,0,0,0,0,0,0,0,0
331,2017-04-12,21:02:45,0,OI709,XZCE,6210,6208,6224,4240,263475280,307826,307896,6594,5966,6280,6208,0,6222,0,0,0,2017-04-13,75765000,6210,35,0,0,0,0,0,0,0,0,6212,64,0,0,0,0,0,0,0,0
332,2017-04-12,21:02:46,0,OI709,XZCE,6212,6208,6224,4250,264096480,307828,307896,6594,5966,6280,6208,0,6222,0,0,0,2017-04-13,75766000,6210,36,0,0,0,0,0,0,0,0,6212,58,0,0,0,0,0,0,0,0
333,2017-04-12,21:02:47,0,OI709,XZCE,6212,6208,6224,4266,265090400,307826,307896,6594,5966,6280,6208,0,6222,0,0,0,2017-04-13,75767000,6210,40,0,0,0,0,0,0,0,0,6212,59,0,0,0,0,0,0,0,0
334,2017-04-12,21:02:47,0,OI709,XZCE,6212,6208,6224,4266,265090400,307826,307896,6594,5966,6280,6208,0,6222,0,0,0,2017-04-13,75767000,6210,40,0,0,0,0,0,0,0,0,6212,63,0,0,0,0,0,0,0,0
335,2017-04-12,21:02:48,0,OI709,XZCE,6212,6208,6224,4392,272917520,307846,307896,6594,5966,6280,6208,0,6222,0,0,0,2017-04-13,75768000,6212,8,0,0,0,0,0,0,0,0,6214,22,0,0,0,0,0,0,0,0
336,2017-04-12,21:02:48,0,OI709,XZCE,6212,6208,6224,4392,272917520,307846,307896,6594,5966,6280,6208,0,6222,0,0,0,2017-04-13,75768000,6212,9,0,0,0,0,0,0,0,0,6214,39,0,0,0,0,0,0,0,0
337,2017-04-12,21:02:49,0,OI709,XZCE,6212,6208,6224,4392,272917520,307846,307896,6594,5966,6280,6208,0,6222,0,0,0,2017-04-13,75769000,6212,15,0,0,0,0,0,0,0,0,6214,39,0,0,0,0,0,0,0,0
338,2017-04-12,21:02:50,0,OI709,XZCE,6212,6208,6224,4392,272917520,307846,307896,6594,5966,6280,6208,0,6222,0,0,0,2017-04-13,75770000,6212,19,0,0,0,0,0,0,0,0,6214,34,0,0,0,0,0,0,0,0
339,2017-04-12,21:02:50,0,OI709,XZCE,6212,6208,6224,4392,272917520,307846,307896,6594,5966,6280,6208,0,6222,0,0,0,2017-04-13,75770000,6212,19,0,0,0,0,0,0,0,0,6214,32,0,0,0,0,0,0,0,0
340,2017-04-12,21:02:51,0,OI709,XZCE,6212,6208,6224,4392,272917520,307846,307896,6594,5966,6280,6208,0,6222,0,0,0,2017-04-13,75771000,6212,20,0,0,0,0,0,0,0,0,6214,32,0,0,0,0,0,0,0,0
341,2017-04-12,21:02:52,0,OI709,XZCE,6214,6208,6224,4450,276521640,307816,307896,6594,5966,6280,6208,0,6222,0,0,0,2017-04-13,75772000,6212,22,0,0,0,0,0,0,0,0,6216,35,0,0,0,0,0,0,0,0
342,2017-04-12,21:02:53,0,OI709,XZCE,6214,6208,6224,4452,276645920,307814,307896,6594,5966,6280,6208,0,6222,0,0,0,2017-04-13,75773000,6214,5,0,0,0,0,0,0,0,0,6216,36,0,0,0,0,0,0,0,0
343,2017-04-12,21:02:53,0,OI709,XZCE,6214,6208,6224,4452,276645920,307814,307896,6594,5966,6280,6208,0,6222,0,0,0,2017-04-13,75773000,6214,9,0,0,0,0,0,0,0,0,6216,39,0,0,0,0,0,0,0,0
344,2017-04-12,21:02:54,0,OI709,XZCE,6216,6208,6224,4464,277391840,307814,307896,6594,5966,6280,6208,0,6222,0,0,0,2017-04-13,75774000,6214,10,0,0,0,0,0,0,0,0,6216,34,0,0,0,0,0,0,0,0
345,2017-04-12,21:02:54,0,OI709,XZCE,6216,6208,6224,4464,277391840,307814,307896,6594,5966,6280,6208,0,6222,0,0,0,2017-04-13,75774000,6214,10,0,0,0,0,0,0,0,0,6216,35,0,0,0,0,0,0,0,0
346,2017-04-12,21:02:55,0,OI709,XZCE,6214,6208,6224,4554,282984440,307800,307896,6594,5966,6280,6208,0,6222,0,0,0,2017-04-13,75775000,6214,2,0,0,0,0,0,0,0,0,6216,18,0,0,0,0,0,0,0,0
347,2017-04-12,21:02:55,0,OI709,XZCE,6214,6208,6224,4574,284227240,307804,307896,6594,5966,6280,6208,0,6222,0,0,0,2017-04-13,75775000,6212,27,0,0,0,0,0,0,0,0,6214,27,0,0,0,0,0,0,0,0
348,2017-04-12,21:02:56,0,OI709,XZCE,6214,6208,6224,4598,285718600,307790,307896,6594,5966,6280,6208,0,6222,0,0,0,2017-04-13,75776000,6212,30,0,0,0,0,0,0,0,0,6214,19,0,0,0,0,0,0,0,0
349,2017-04-12,21:02:56,0,OI709,XZCE,6214,6208,6224,4598,285718600,307790,307896,6594,5966,6280,6208,0,6222,0,0,0,2017-04-13,75776000,6212,32,0,0,0,0,0,0,0,0,6214,21,0,0,0,0,0,0,0,0
350,2017-04-12,21:02:57,0,OI709,XZCE,6214,6208,6224,4598,285718600,307790,307896,6594,5966,6280,6208,0,6222,0,0,0,2017-04-13,75777000,6212,30,0,0,0,0,0,0,0,0,6214,36,0,0,0,0,0,0,0,0
351,2017-04-12,21:02:58,0,OI709,XZCE,6214,6208,6224,4598,285718600,307790,307896,6594,5966,6280,6208,0,6222,0,0,0,2017-04-13,75778000,6212,30,0,0,0,0,0,0,0,0,6214,37,0,0,0,0,0,0,0,0
352,2017-04-12,21:03:00,0,OI709,XZCE,6214,6208,6224,4604,286091440,307790,307896,6594,5966,6280,6208,0,6222,0,0,0,2017-04-13,75780000,6212,31,0,0,0,0,0,0,0,0,6214,36,0,0,0,0,0,0,0,0
353,2017-04-12,21:03:00,0,OI709,XZCE,6212,6208,6224,4668,290067120,307810,307896,6594,5966,6280,6208,0,6222,0,0,0,2017-04-13,75780000,6210,41,0,0,0,0,0,0,0,0,6214,38,0,0,0,0,0,0,0,0
354,2017-04-12,21:03:01,0,OI709,XZCE,6212,6208,6224,4668,290067120,307810,307896,6594,5966,6280,6208,0,6222,0,0,0,2017-04-13,75781000,6210,40,0,0,0,0,0,0,0,0,6214,38,0,0,0,0,0,0,0,0
355,2017-04-12,21:03:01,0,OI709,XZCE,6212,6208,6224,4668,290067120,307810,307896,6594,5966,6280,6208,0,6222,0,0,0,2017-04-13,75781000,6210,38,0,0,0,0,0,0,0,0,6212,40,0,0,0,0,0,0,0,0
356,2017-04-12,21:03:02,0,OI709,XZCE,6212,6208,6224,4678,290688320,307810,307896,6594,5966,6280,6208,0,6222,0,0,0,2017-04-13,75782000,6210,36,0,0,0,0,0,0,0,0,6212,41,0,0,0,0,0,0,0,0
357,2017-04-12,21:03:02,0,OI709,XZCE,6212,6208,6224,4684,291061040,307810,307896,6594,5966,6280,6208,0,6222,0,0,0,2017-04-13,75782000,6210,36,0,0,0,0,0,0,0,0,6212,8,0,0,0,0,0,0,0,0
358,2017-04-12,21:03:03,0,OI709,XZCE,6212,6208,6224,4684,291061040,307810,307896,6594,5966,6280,6208,0,6222,0,0,0,2017-04-13,75783000,6210,36,0,0,0,0,0,0,0,0,6212,21,0,0,0,0,0,0,0,0
359,2017-04-12,21:03:03,0,OI709,XZCE,6212,6208,6224,4684,291061040,307810,307896,6594,5966,6280,6208,0,6222,0,0,0,2017-04-13,75783000,6210,32,0,0,0,0,0,0,0,0,6212,21,0,0,0,0,0,0,0,0
360,2017-04-12,21:03:03,0,OI709,XZCE,6212,6208,6224,4690,291433760,307810,307896,6594,5966,6280,6208,0,6222,0,0,0,2017-04-13,75783000,6210,32,0,0,0,0,0,0,0,0,6212,19,0,0,0,0,0,0,0,0
361,2017-04-12,21:03:04,0,OI709,XZCE,6212,6208,6224,4690,291433760,307810,307896,6594,5966,6280,6208,0,6222,0,0,0,2017-04-13,75784000,6210,31,0,0,0,0,0,0,0,0,6212,23,0,0,0,0,0,0,0,0
362,2017-04-12,21:03:05,0,OI709,XZCE,6210,6208,6224,4694,291682160,307810,307896,6594,5966,6280,6208,0,6222,0,0,0,2017-04-13,75785000,6210,29,0,0,0,0,0,0,0,0,6212,28,0,0,0,0,0,0,0,0
363,2017-04-12,21:03:05,0,OI709,XZCE,6210,6208,6224,4694,291682160,307810,307896,6594,5966,6280,6208,0,6222,0,0,0,2017-04-13,75785000,6210,30,0,0,0,0,0,0,0,0,6212,28,0,0,0,0,0,0,0,0
364,2017-04-12,21:03:05,0,OI709,XZCE,6210,6208,6224,4694,291682160,307810,307896,6594,5966,6280,6208,0,6222,0,0,0,2017-04-13,75785000,6210,30,0,0,0,0,0,0,0,0,6212,30,0,0,0,0,0,0,0,0
365,2017-04-12,21:03:07,0,OI709,XZCE,6210,6208,6224,4696,291806360,307812,307896,6594,5966,6280,6208,0,6222,0,0,0,2017-04-13,75787000,6210,29,0,0,0,0,0,0,0,0,6212,31,0,0,0,0,0,0,0,0
366,2017-04-12,21:03:07,0,OI709,XZCE,6210,6208,6224,4700,292054760,307812,307896,6594,5966,6280,6208,0,6222,0,0,0,2017-04-13,75787000,6210,29,0,0,0,0,0,0,0,0,6212,31,0,0,0,0,0,0,0,0
367,2017-04-12,21:03:08,0,OI709,XZCE,6212,6208,6224,4702,292179000,307814,307896,6594,5966,6280,6208,0,6222,0,0,0,2017-04-13,75788000,6210,29,0,0,0,0,0,0,0,0,6212,30,0,0,0,0,0,0,0,0
368,2017-04-12,21:03:08,0,OI709,XZCE,6212,6208,6224,4706,292427480,307814,307896,6594,5966,6280,6208,0,6222,0,0,0,2017-04-13,75788000,6210,30,0,0,0,0,0,0,0,0,6212,27,0,0,0,0,0,0,0,0
369,2017-04-12,21:03:09,0,OI709,XZCE,6210,6208,6224,4708,292551680,307814,307896,6594,5966,6280,6208,0,6222,0,0,0,2017-04-13,75789000,6210,29,0,0,0,0,0,0,0,0,6212,27,0,0,0,0,0,0,0,0
370,2017-04-12,21:03:10,0,OI709,XZCE,6212,6208,6224,4710,292675920,307816,307896,6594,5966,6280,6208,0,6222,0,0,0,2017-04-13,75790000,6210,29,0,0,0,0,0,0,0,0,6212,26,0,0,0,0,0,0,0,0
371,2017-04-12,21:03:10,0,OI709,XZCE,6212,6208,6224,4710,292675920,307816,307896,6594,5966,6280,6208,0,6222,0,0,0,2017-04-13,75790000,6210,34,0,0,0,0,0,0,0,0,6212,26,0,0,0,0,0,0,0,0
372,2017-04-12,21:03:11,0,OI709,XZCE,6212,6208,6224,4712,292800160,307818,307896,6594,5966,6280,6208,0,6222,0,0,0,2017-04-13,75791000,6210,34,0,0,0,0,0,0,0,0,6212,25,0,0,0,0,0,0,0,0
373,2017-04-12,21:03:12,0,OI709,XZCE,6212,6208,6224,4712,292800160,307818,307896,6594,5966,6280,6208,0,6222,0,0,0,2017-04-13,75792000,6210,42,0,0,0,0,0,0,0,0,6212,22,0,0,0,0,0,0,0,0
374,2017-04-12,21:03:12,0,OI709,XZCE,6210,6208,6224,4714,292924360,307818,307896,6594,5966,6280,6208,0,6222,0,0,0,2017-04-13,75792000,6210,41,0,0,0,0,0,0,0,0,6212,22,0,0,0,0,0,0,0,0
375,2017-04-12,21:03:13,0,OI709,XZCE,6210,6208,6224,4714,292924360,307818,307896,6594,5966,6280,6208,0,6222,0,0,0,2017-04-13,75793000,6210,42,0,0,0,0,0,0,0,0,6212,22,0,0,0,0,0,0,0,0
376,2017-04-12,21:03:14,0,OI709,XZCE,6210,6208,6224,4720,293296960,307818,307896,6594,5966,6280,6208,0,6222,0,0,0,2017-04-13,75794000,6210,44,0,0,0,0,0,0,0,0,6212,16,0,0,0,0,0,0,0,0
377,2017-04-12,21:03:16,0,OI709,XZCE,6212,6208,6224,4722,293421200,307816,307896,6594,5966,6280,6208,0,6222,0,0,0,2017-04-13,75796000,6210,44,0,0,0,0,0,0,0,0,6212,17,0,0,0,0,0,0,0,0
378,2017-04-12,21:03:17,0,OI709,XZCE,6210,6208,6224,4728,293793800,307812,307896,6594,5966,6280,6208,0,6222,0,0,0,2017-04-13,75797000,6210,42,0,0,0,0,0,0,0,0,6212,14,0,0,0,0,0,0,0,0
379,2017-04-12,21:03:18,0,OI709,XZCE,6212,6208,6224,4756,295533160,307808,307896,6594,5966,6280,6208,0,6222,0,0,0,2017-04-13,75798000,6212,6,0,0,0,0,0,0,0,0,6214,61,0,0,0,0,0,0,0,0
380,2017-04-12,21:03:18,0,OI709,XZCE,6214,6208,6224,4826,299882960,307820,307896,6594,5966,6280,6208,0,6222,0,0,0,2017-04-13,75798000,6212,13,0,0,0,0,0,0,0,0,6214,27,0,0,0,0,0,0,0,0
381,2017-04-12,21:03:19,0,OI709,XZCE,6214,6208,6224,4826,299882960,307820,307896,6594,5966,6280,6208,0,6222,0,0,0,2017-04-13,75799000,6212,13,0,0,0,0,0,0,0,0,6214,31,0,0,0,0,0,0,0,0
382,2017-04-12,21:03:19,0,OI709,XZCE,6214,6208,6224,4826,299882960,307820,307896,6594,5966,6280,6208,0,6222,0,0,0,2017-04-13,75799000,6212,15,0,0,0,0,0,0,0,0,6214,31,0,0,0,0,0,0,0,0
383,2017-04-12,21:03:20,0,OI709,XZCE,6214,6208,6224,4828,300007240,307818,307896,6594,5966,6280,6208,0,6222,0,0,0,2017-04-13,75800000,6212,16,0,0,0,0,0,0,0,0,6214,30,0,0,0,0,0,0,0,0
384,2017-04-12,21:03:20,0,OI709,XZCE,6214,6208,6224,4838,300628640,307810,307896,6594,5966,6280,6208,0,6222,0,0,0,2017-04-13,75800000,6212,16,0,0,0,0,0,0,0,0,6214,25,0,0,0,0,0,0,0,0
385,2017-04-12,21:03:22,0,OI709,XZCE,6214,6208,6224,4838,300628640,307810,307896,6594,5966,6280,6208,0,6222,0,0,0,2017-04-13,75802000,6212,18,0,0,0,0,0,0,0,0,6214,25,0,0,0,0,0,0,0,0
386,2017-04-12,21:03:22,0,OI709,XZCE,6214,6208,6224,4838,300628640,307810,307896,6594,5966,6280,6208,0,6222,0,0,0,2017-04-13,75802000,6212,21,0,0,0,0,0,0,0,0,6214,25,0,0,0,0,0,0,0,0
387,2017-04-12,21:03:23,0,OI709,XZCE,6214,6208,6224,4842,300877200,307810,307896,6594,5966,6280,6208,0,6222,0,0,0,2017-04-13,75803000,6212,21,0,0,0,0,0,0,0,0,6214,33,0,0,0,0,0,0,0,0
388,2017-04-12,21:03:23,0,OI709,XZCE,6214,6208,6224,4842,300877200,307810,307896,6594,5966,6280,6208,0,6222,0,0,0,2017-04-13,75803000,6212,25,0,0,0,0,0,0,0,0,6214,33,0,0,0,0,0,0,0,0
389,2017-04-12,21:03:25,0,OI709,XZCE,6214,6208,6224,4854,301622880,307810,307896,6594,5966,6280,6208,0,6222,0,0,0,2017-04-13,75805000,6212,25,0,0,0,0,0,0,0,0,6214,27,0,0,0,0,0,0,0,0
390,2017-04-12,21:03:26,0,OI709,XZCE,6214,6208,6224,4854,301622880,307810,307896,6594,5966,6280,6208,0,6222,0,0,0,2017-04-13,75806000,6212,29,0,0,0,0,0,0,0,0,6214,27,0,0,0,0,0,0,0,0
391,2017-04-12,21:03:28,0,OI709,XZCE,6214,6208,6224,4910,305102720,307842,307896,6594,5966,6280,6208,0,6222,0,0,0,2017-04-13,75808000,6214,52,0,0,0,0,0,0,0,0,6216,28,0,0,0,0,0,0,0,0
392,2017-04-12,21:03:28,0,OI709,XZCE,6216,6208,6224,4930,306345920,307838,307896,6594,5966,6280,6208,0,6222,0,0,0,2017-04-13,75808000,6214,47,0,0,0,0,0,0,0,0,6216,15,0,0,0,0,0,0,0,0
393,2017-04-12,21:03:29,0,OI709,XZCE,6216,6208,6224,4970,308832320,307858,307896,6594,5966,6280,6208,0,6222,0,0,0,2017-04-13,75809000,6214,56,0,0,0,0,0,0,0,0,6218,29,0,0,0,0,0,0,0,0
394,2017-04-12,21:03:29,0,OI709,XZCE,6216,6208,6224,4970,308832320,307858,307896,6594,5966,6280,6208,0,6222,0,0,0,2017-04-13,75809000,6214,49,0,0,0,0,0,0,0,0,6216,44,0,0,0,0,0,0,0,0
395,2017-04-12,21:03:30,0,OI709,XZCE,6214,6208,6224,4972,308956600,307860,307896,6594,5966,6280,6208,0,6222,0,0,0,2017-04-13,75810000,6214,45,0,0,0,0,0,0,0,0,6216,45,0,0,0,0,0,0,0,0
396,2017-04-12,21:03:30,0,OI709,XZCE,6216,6208,6224,4984,309702520,307860,307896,6594,5966,6280,6208,0,6222,0,0,0,2017-04-13,75810000,6214,46,0,0,0,0,0,0,0,0,6216,40,0,0,0,0,0,0,0,0
397,2017-04-12,21:03:31,0,OI709,XZCE,6216,6208,6224,4984,309702520,307860,307896,6594,5966,6280,6208,0,6222,0,0,0,2017-04-13,75811000,6214,51,0,0,0,0,0,0,0,0,6216,11,0,0,0,0,0,0,0,0
398,2017-04-12,21:03:31,0,OI709,XZCE,6216,6208,6224,4986,309826840,307860,307896,6594,5966,6280,6208,0,6222,0,0,0,2017-04-13,75811000,6214,51,0,0,0,0,0,0,0,0,6216,10,0,0,0,0,0,0,0,0
399,2017-04-12,21:03:32,0,OI709,XZCE,6214,6208,6224,4988,309951120,307862,307896,6594,5966,6280,6208,0,6222,0,0,0,2017-04-13,75812000,6214,50,0,0,0,0,0,0,0,0,6216,20,0,0,0,0,0,0,0,0
400,2017-04-12,21:03:33,0,OI709,XZCE,6214,6208,6224,4988,309951120,307862,307896,6594,5966,6280,6208,0,6222,0,0,0,2017-04-13,75813000,6214,51,0,0,0,0,0,0,0,0,6216,20,0,0,0,0,0,0,0,0
401,2017-04-12,21:03:34,0,OI709,XZCE,6214,6208,6224,4988,309951120,307862,307896,6594,5966,6280,6208,0,6222,0,0,0,2017-04-13,75814000,6214,51,0,0,0,0,0,0,0,0,6216,21,0,0,0,0,0,0,0,0
402,2017-04-12,21:03:34,0,OI709,XZCE,6216,6208,6224,4992,310199760,307864,307896,6594,5966,6280,6208,0,6222,0,0,0,2017-04-13,75814000,6214,50,0,0,0,0,0,0,0,0,6216,20,0,0,0,0,0,0,0,0
403,2017-04-12,21:03:36,0,OI709,XZCE,6216,6208,6224,4994,310324080,307864,307896,6594,5966,6280,6208,0,6222,0,0,0,2017-04-13,75816000,6214,50,0,0,0,0,0,0,0,0,6216,19,0,0,0,0,0,0,0,0
404,2017-04-12,21:03:37,0,OI709,XZCE,6216,6208,6224,5002,310821360,307864,307896,6594,5966,6280,6208,0,6222,0,0,0,2017-04-13,75817000,6214,50,0,0,0,0,0,0,0,0,6216,15,0,0,0,0,0,0,0,0
405,2017-04-12,21:03:38,0,OI709,XZCE,6216,6208,6224,5002,310821360,307864,307896,6594,5966,6280,6208,0,6222,0,0,0,2017-04-13,75818000,6214,26,0,0,0,0,0,0,0,0,6216,15,0,0,0,0,0,0,0,0
406,2017-04-12,21:03:38,0,OI709,XZCE,6216,6208,6224,5002,310821360,307864,307896,6594,5966,6280,6208,0,6222,0,0,0,2017-04-13,75818000,6214,26,0,0,0,0,0,0,0,0,6216,16,0,0,0,0,0,0,0,0
407,2017-04-12,21:03:39,0,OI709,XZCE,6216,6208,6224,5002,310821360,307864,307896,6594,5966,6280,6208,0,6222,0,0,0,2017-04-13,75819000,6214,27,0,0,0,0,0,0,0,0,6216,16,0,0,0,0,0,0,0,0
408,2017-04-12,21:03:39,0,OI709,XZCE,6216,6208,6224,5002,310821360,307864,307896,6594,5966,6280,6208,0,6222,0,0,0,2017-04-13,75819000,6214,27,0,0,0,0,0,0,0,0,6216,19,0,0,0,0,0,0,0,0
409,2017-04-12,21:03:40,0,OI709,XZCE,6216,6208,6224,5002,310821360,307864,307896,6594,5966,6280,6208,0,6222,0,0,0,2017-04-13,75820000,6214,31,0,0,0,0,0,0,0,0,6216,19,0,0,0,0,0,0,0,0
410,2017-04-12,21:03:41,0,OI709,XZCE,6216,6208,6224,5014,311567280,307860,307896,6594,5966,6280,6208,0,6222,0,0,0,2017-04-13,75821000,6214,32,0,0,0,0,0,0,0,0,6216,13,0,0,0,0,0,0,0,0
411,2017-04-12,21:03:41,0,OI709,XZCE,6216,6208,6224,5016,311691600,307860,307896,6594,5966,6280,6208,0,6222,0,0,0,2017-04-13,75821000,6214,32,0,0,0,0,0,0,0,0,6216,12,0,0,0,0,0,0,0,0
412,2017-04-12,21:03:42,0,OI709,XZCE,6214,6208,6224,5018,311815880,307860,307896,6594,5966,6280,6208,0,6222,0,0,0,2017-04-13,75822000,6214,31,0,0,0,0,0,0,0,0,6216,12,0,0,0,0,0,0,0,0
413,2017-04-12,21:03:42,0,OI709,XZCE,6216,6208,6224,5020,311940200,307860,307896,6594,5966,6280,6208,0,6222,0,0,0,2017-04-13,75822000,6214,31,0,0,0,0,0,0,0,0,6216,11,0,0,0,0,0,0,0,0
414,2017-04-12,21:03:43,0,OI709,XZCE,6214,6208,6224,5024,312188760,307860,307896,6594,5966,6280,6208,0,6222,0,0,0,2017-04-13,75823000,6214,31,0,0,0,0,0,0,0,0,6216,11,0,0,0,0,0,0,0,0
415,2017-04-12,21:03:44,0,OI709,XZCE,6216,6208,6224,5046,313556280,307862,307896,6594,5966,6280,6208,0,6222,0,0,0,2017-04-13,75824000,6214,31,0,0,0,0,0,0,0,0,6218,30,0,0,0,0,0,0,0,0
416,2017-04-12,21:03:44,0,OI709,XZCE,6216,6208,6224,5048,313680600,307864,307896,6594,5966,6280,6208,0,6222,0,0,0,2017-04-13,75824000,6216,2,0,0,0,0,0,0,0,0,6218,29,0,0,0,0,0,0,0,0
417,2017-04-12,21:03:45,0,OI709,XZCE,6216,6208,6224,5048,313680600,307864,307896,6594,5966,6280,6208,0,6222,0,0,0,2017-04-13,75825000,6216,3,0,0,0,0,0,0,0,0,6218,29,0,0,0,0,0,0,0,0
418,2017-04-12,21:03:45,0,OI709,XZCE,6216,6208,6224,5048,313680600,307864,307896,6594,5966,6280,6208,0,6222,0,0,0,2017-04-13,75825000,6216,12,0,0,0,0,0,0,0,0,6218,29,0,0,0,0,0,0,0,0
419,2017-04-12,21:03:46,0,OI709,XZCE,6216,6208,6224,5048,313680600,307864,307896,6594,5966,6280,6208,0,6222,0,0,0,2017-04-13,75826000,6216,17,0,0,0,0,0,0,0,0,6218,29,0,0,0,0,0,0,0,0
420,2017-04-12,21:03:47,0,OI709,XZCE,6216,6208,6224,5050,313804920,307862,307896,6594,5966,6280,6208,0,6222,0,0,0,2017-04-13,75827000,6216,16,0,0,0,0,0,0,0,0,6218,29,0,0,0,0,0,0,0,0
421,2017-04-12,21:03:48,0,OI709,XZCE,6218,6208,6224,5052,313929280,307862,307896,6594,5966,6280,6208,0,6222,0,0,0,2017-04-13,75828000,6216,17,0,0,0,0,0,0,0,0,6218,28,0,0,0,0,0,0,0,0
422,2017-04-12,21:03:49,0,OI709,XZCE,6218,6208,6224,5054,314053640,307860,307896,6594,5966,6280,6208,0,6222,0,0,0,2017-04-13,75829000,6216,20,0,0,0,0,0,0,0,0,6218,27,0,0,0,0,0,0,0,0
423,2017-04-12,21:03:50,0,OI709,XZCE,6218,6208,6224,5054,314053640,307860,307896,6594,5966,6280,6208,0,6222,0,0,0,2017-04-13,75830000,6216,21,0,0,0,0,0,0,0,0,6218,27,0,0,0,0,0,0,0,0
424,2017-04-12,21:03:50,0,OI709,XZCE,6216,6208,6224,5060,314426600,307860,307896,6594,5966,6280,6208,0,6222,0,0,0,2017-04-13,75830000,6216,18,0,0,0,0,0,0,0,0,6218,28,0,0,0,0,0,0,0,0
425,2017-04-12,21:03:51,0,OI709,XZCE,6216,6208,6224,5060,314426600,307860,307896,6594,5966,6280,6208,0,6222,0,0,0,2017-04-13,75831000,6216,20,0,0,0,0,0,0,0,0,6218,28,0,0,0,0,0,0,0,0
426,2017-04-12,21:03:52,0,OI709,XZCE,6218,6208,6224,5076,315421480,307860,307896,6594,5966,6280,6208,0,6222,0,0,0,2017-04-13,75832000,6216,20,0,0,0,0,0,0,0,0,6218,20,0,0,0,0,0,0,0,0
427,2017-04-12,21:03:52,0,OI709,XZCE,6218,6208,6224,5088,316167640,307848,307896,6594,5966,6280,6208,0,6222,0,0,0,2017-04-13,75832000,6216,23,0,0,0,0,0,0,0,0,6218,15,0,0,0,0,0,0,0,0
428,2017-04-12,21:03:53,0,OI709,XZCE,6218,6208,6224,5090,316292000,307848,307896,6594,5966,6280,6208,0,6222,0,0,0,2017-04-13,75833000,6216,25,0,0,0,0,0,0,0,0,6218,26,0,0,0,0,0,0,0,0
429,2017-04-12,21:03:53,0,OI709,XZCE,6218,6208,6224,5142,319525360,307850,307896,6594,5966,6280,6208,0,6222,0,0,0,2017-04-13,75833000,6216,31,0,0,0,0,0,0,0,0,6220,16,0,0,0,0,0,0,0,0
430,2017-04-12,21:03:54,0,OI709,XZCE,6218,6208,6224,5144,319649720,307848,307896,6594,5966,6280,6208,0,6222,0,0,0,2017-04-13,75834000,6218,9,0,0,0,0,0,0,0,0,6220,14,0,0,0,0,0,0,0,0
431,2017-04-12,21:03:54,0,OI709,XZCE,6218,6208,6224,5146,319774080,307848,307896,6594,5966,6280,6208,0,6222,0,0,0,2017-04-13,75834000,6218,8,0,0,0,0,0,0,0,0,6220,14,0,0,0,0,0,0,0,0
432,2017-04-12,21:03:55,0,OI709,XZCE,6218,6208,6224,5148,319898440,307850,307896,6594,5966,6280,6208,0,6222,0,0,0,2017-04-13,75835000,6218,8,0,0,0,0,0,0,0,0,6220,14,0,0,0,0,0,0,0,0
433,2017-04-12,21:03:55,0,OI709,XZCE,6218,6208,6224,5148,319898440,307850,307896,6594,5966,6280,6208,0,6222,0,0,0,2017-04-13,75835000,6218,9,0,0,0,0,0,0,0,0,6220,14,0,0,0,0,0,0,0,0
434,2017-04-12,21:03:56,0,OI709,XZCE,6218,6208,6224,5148,319898440,307850,307896,6594,5966,6280,6208,0,6222,0,0,0,2017-04-13,75836000,6218,10,0,0,0,0,0,0,0,0,6220,14,0,0,0,0,0,0,0,0
435,2017-04-12,21:03:56,0,OI709,XZCE,6218,6208,6224,5150,320022800,307852,307896,6594,5966,6280,6208,0,6222,0,0,0,2017-04-13,75836000,6218,9,0,0,0,0,0,0,0,0,6220,12,0,0,0,0,0,0,0,0
436,2017-04-12,21:03:57,0,OI709,XZCE,6220,6208,6224,5152,320147200,307854,307896,6594,5966,6280,6208,0,6222,0,0,0,2017-04-13,75837000,6218,9,0,0,0,0,0,0,0,0,6220,13,0,0,0,0,0,0,0,0
437,2017-04-12,21:03:57,0,OI709,XZCE,6218,6208,6224,5156,320395920,307856,307896,6594,5966,6280,6208,0,6222,0,0,0,2017-04-13,75837000,6218,10,0,0,0,0,0,0,0,0,6220,14,0,0,0,0,0,0,0,0
438,2017-04-12,21:03:57,0,OI709,XZCE,6218,6208,6224,5156,320395920,307856,307896,6594,5966,6280,6208,0,6222,0,0,0,2017-04-13,75837000,6218,11,0,0,0,0,0,0,0,0,6220,14,0,0,0,0,0,0,0,0
439,2017-04-12,21:03:58,0,OI709,XZCE,6218,6208,6224,5156,320395920,307856,307896,6594,5966,6280,6208,0,6222,0,0,0,2017-04-13,75838000,6218,11,0,0,0,0,0,0,0,0,6220,15,0,0,0,0,0,0,0,0
440,2017-04-12,21:03:59,0,OI709,XZCE,6220,6208,6224,5158,320520320,307858,307896,6594,5966,6280,6208,0,6222,0,0,0,2017-04-13,75839000,6218,16,0,0,0,0,0,0,0,0,6220,13,0,0,0,0,0,0,0,0
441,2017-04-12,21:03:59,0,OI709,XZCE,6218,6208,6224,5160,320644680,307860,307896,6594,5966,6280,6208,0,6222,0,0,0,2017-04-13,75839000,6218,15,0,0,0,0,0,0,0,0,6220,14,0,0,0,0,0,0,0,0
442,2017-04-12,21:04:00,0,OI709,XZCE,6218,6208,6224,5164,320893400,307860,307896,6594,5966,6280,6208,0,6222,0,0,0,2017-04-13,75840000,6218,20,0,0,0,0,0,0,0,0,6220,15,0,0,0,0,0,0,0,0
443,2017-04-12,21:04:00,0,OI709,XZCE,6218,6208,6224,5168,321142120,307860,307896,6594,5966,6280,6208,0,6222,0,0,0,2017-04-13,75840000,6218,19,0,0,0,0,0,0,0,0,6220,15,0,0,0,0,0,0,0,0
444,2017-04-12,21:04:01,0,OI709,XZCE,6218,6208,6224,5168,321142120,307860,307896,6594,5966,6280,6208,0,6222,0,0,0,2017-04-13,75841000,6218,25,0,0,0,0,0,0,0,0,6220,15,0,0,0,0,0,0,0,0
445,2017-04-12,21:04:02,0,OI709,XZCE,6220,6208,6224,5218,324252120,307870,307896,6594,5966,6280,6208,0,6222,0,0,0,2017-04-13,75842000,6220,20,0,0,0,0,0,0,0,0,6222,33,0,0,0,0,0,0,0,0
446,2017-04-12,21:04:02,0,OI709,XZCE,6220,6208,6224,5220,324376520,307870,307896,6594,5966,6280,6208,0,6222,0,0,0,2017-04-13,75842000,6220,19,0,0,0,0,0,0,0,0,6222,33,0,0,0,0,0,0,0,0
447,2017-04-12,21:04:03,0,OI709,XZCE,6222,6208,6224,5224,324625400,307870,307896,6594,5966,6280,6208,0,6222,0,0,0,2017-04-13,75843000,6220,21,0,0,0,0,0,0,0,0,6222,32,0,0,0,0,0,0,0,0
448,2017-04-12,21:04:03,0,OI709,XZCE,6222,6208,6224,5234,325247600,307870,307896,6594,5966,6280,6208,0,6222,0,0,0,2017-04-13,75843000,6220,20,0,0,0,0,0,0,0,0,6222,28,0,0,0,0,0,0,0,0
449,2017-04-12,21:04:04,0,OI709,XZCE,6222,6208,6224,5234,325247600,307870,307896,6594,5966,6280,6208,0,6222,0,0,0,2017-04-13,75844000,6220,27,0,0,0,0,0,0,0,0,6222,27,0,0,0,0,0,0,0,0
450,2017-04-12,21:04:05,0,OI709,XZCE,6220,6208,6224,5236,325372000,307870,307896,6594,5966,6280,6208,0,6222,0,0,0,2017-04-13,75845000,6220,26,0,0,0,0,0,0,0,0,6222,27,0,0,0,0,0,0,0,0
451,2017-04-12,21:04:05,0,OI709,XZCE,6220,6208,6224,5236,325372000,307870,307896,6594,5966,6280,6208,0,6222,0,0,0,2017-04-13,75845000,6220,26,0,0,0,0,0,0,0,0,6222,28,0,0,0,0,0,0,0,0
452,2017-04-12,21:04:06,0,OI709,XZCE,6222,6208,6224,5244,325869760,307872,307896,6594,5966,6280,6208,0,6222,0,0,0,2017-04-13,75846000,6220,24,0,0,0,0,0,0,0,0,6222,26,0,0,0,0,0,0,0,0
453,2017-04-12,21:04:06,0,OI709,XZCE,6222,6208,6224,5244,325869760,307872,307896,6594,5966,6280,6208,0,6222,0,0,0,2017-04-13,75846000,6220,24,0,0,0,0,0,0,0,0,6222,27,0,0,0,0,0,0,0,0
454,2017-04-12,21:04:07,0,OI709,XZCE,6222,6208,6224,5244,325869760,307872,307896,6594,5966,6280,6208,0,6222,0,0,0,2017-04-13,75847000,6220,25,0,0,0,0,0,0,0,0,6222,29,0,0,0,0,0,0,0,0
455,2017-04-12,21:04:08,0,OI709,XZCE,6222,6208,6224,5244,325869760,307872,307896,6594,5966,6280,6208,0,6222,0,0,0,2017-04-13,75848000,6220,70,0,0,0,0,0,0,0,0,6222,27,0,0,0,0,0,0,0,0
456,2017-04-12,21:04:08,0,OI709,XZCE,6222,6208,6224,5244,325869760,307872,307896,6594,5966,6280,6208,0,6222,0,0,0,2017-04-13,75848000,6220,56,0,0,0,0,0,0,0,0,6222,27,0,0,0,0,0,0,0,0
457,2017-04-12,21:04:09,0,OI709,XZCE,6222,6208,6224,5270,327487480,307884,307896,6594,5966,6280,6208,0,6222,0,0,0,2017-04-13,75849000,6220,51,0,0,0,0,0,0,0,0,6222,15,0,0,0,0,0,0,0,0
458,2017-04-12,21:04:09,0,OI709,XZCE,6222,6208,6224,5270,327487480,307884,307896,6594,5966,6280,6208,0,6222,0,0,0,2017-04-13,75849000,6220,52,0,0,0,0,0,0,0,0,6222,15,0,0,0,0,0,0,0,0
459,2017-04-12,21:04:10,0,OI709,XZCE,6220,6208,6224,5312,330099880,307912,307896,6594,5966,6280,6208,0,6222,0,0,0,2017-04-13,75850000,6220,10,0,0,0,0,0,0,0,0,6222,56,0,0,0,0,0,0,0,0
460,2017-04-12,21:04:10,0,OI709,XZCE,6220,6208,6224,5332,331343880,307910,307896,6594,5966,6280,6208,0,6222,0,0,0,2017-04-13,75850000,6220,5,0,0,0,0,0,0,0,0,6222,58,0,0,0,0,0,0,0,0
461,2017-04-12,21:04:11,0,OI709,XZCE,6220,6208,6224,5354,332712280,307910,307896,6594,5966,6280,6208,0,6222,0,0,0,2017-04-13,75851000,6218,31,0,0,0,0,0,0,0,0,6220,16,0,0,0,0,0,0,0,0
462,2017-04-12,21:04:11,0,OI709,XZCE,6220,6208,6224,5358,332961080,307906,307896,6594,5966,6280,6208,0,6222,0,0,0,2017-04-13,75851000,6218,31,0,0,0,0,0,0,0,0,6220,8,0,0,0,0,0,0,0,0
463,2017-04-12,21:04:12,0,OI709,XZCE,6220,6208,6224,5360,333085480,307908,307896,6594,5966,6280,6208,0,6222,0,0,0,2017-04-13,75852000,6218,31,0,0,0,0,0,0,0,0,6220,7,0,0,0,0,0,0,0,0
464,2017-04-12,21:04:12,0,OI709,XZCE,6220,6208,6224,5366,333458680,307914,307896,6594,5966,6280,6208,0,6222,0,0,0,2017-04-13,75852000,6218,31,0,0,0,0,0,0,0,0,6220,4,0,0,0,0,0,0,0,0
465,2017-04-12,21:04:13,0,OI709,XZCE,6220,6208,6224,5390,334951480,307924,307896,6594,5966,6280,6208,0,6222,0,0,0,2017-04-13,75853000,6220,1,0,0,0,0,0,0,0,0,6222,36,0,0,0,0,0,0,0,0
466,2017-04-12,21:04:13,0,OI709,XZCE,6220,6208,6224,5392,335075880,307924,307896,6594,5966,6280,6208,0,6222,0,0,0,2017-04-13,75853000,6218,33,0,0,0,0,0,0,0,0,6220,2,0,0,0,0,0,0,0,0
467,2017-04-12,21:04:15,0,OI709,XZCE,6220,6208,6224,5392,335075880,307924,307896,6594,5966,6280,6208,0,6222,0,0,0,2017-04-13,75855000,6218,33,0,0,0,0,0,0,0,0,6220,6,0,0,0,0,0,0,0,0
468,2017-04-12,21:04:15,0,OI709,XZCE,6220,6208,6224,5394,335200280,307924,307896,6594,5966,6280,6208,0,6222,0,0,0,2017-04-13,75855000,6218,33,0,0,0,0,0,0,0,0,6220,5,0,0,0,0,0,0,0,0
469,2017-04-12,21:04:16,0,OI709,XZCE,6220,6208,6224,5394,335200280,307924,307896,6594,5966,6280,6208,0,6222,0,0,0,2017-04-13,75856000,6218,33,0,0,0,0,0,0,0,0,6220,9,0,0,0,0,0,0,0,0
470,2017-04-12,21:04:17,0,OI709,XZCE,6220,6208,6224,5398,335449080,307924,307896,6594,5966,6280,6208,0,6222,0,0,0,2017-04-13,75857000,6218,33,0,0,0,0,0,0,0,0,6220,7,0,0,0,0,0,0,0,0
471,2017-04-12,21:04:17,0,OI709,XZCE,6220,6208,6224,5400,335573480,307924,307896,6594,5966,6280,6208,0,6222,0,0,0,2017-04-13,75857000,6218,33,0,0,0,0,0,0,0,0,6220,11,0,0,0,0,0,0,0,0
472,2017-04-12,21:04:18,0,OI709,XZCE,6220,6208,6224,5400,335573480,307924,307896,6594,5966,6280,6208,0,6222,0,0,0,2017-04-13,75858000,6218,33,0,0,0,0,0,0,0,0,6220,12,0,0,0,0,0,0,0,0
473,2017-04-12,21:04:19,0,OI709,XZCE,6220,6208,6224,5400,335573480,307924,307896,6594,5966,6280,6208,0,6222,0,0,0,2017-04-13,75859000,6218,33,0,0,0,0,0,0,0,0,6220,18,0,0,0,0,0,0,0,0
474,2017-04-12,21:04:19,0,OI709,XZCE,6220,6208,6224,5400,335573480,307924,307896,6594,5966,6280,6208,0,6222,0,0,0,2017-04-13,75859000,6218,23,0,0,0,0,0,0,0,0,6220,18,0,0,0,0,0,0,0,0
475,2017-04-12,21:04:20,0,OI709,XZCE,6218,6208,6224,5446,338433760,307924,307896,6594,5966,6280,6208,0,6222,0,0,0,2017-04-13,75860000,6216,20,0,0,0,0,0,0,0,0,6218,47,0,0,0,0,0,0,0,0
476,2017-04-12,21:04:20,0,OI709,XZCE,6218,6208,6224,5446,338433760,307924,307896,6594,5966,6280,6208,0,6222,0,0,0,2017-04-13,75860000,6216,13,0,0,0,0,0,0,0,0,6218,47,0,0,0,0,0,0,0,0
477,2017-04-12,21:04:21,0,OI709,XZCE,6218,6208,6224,5448,338558120,307922,307896,6594,5966,6280,6208,0,6222,0,0,0,2017-04-13,75861000,6216,12,0,0,0,0,0,0,0,0,6218,48,0,0,0,0,0,0,0,0
478,2017-04-12,21:04:22,0,OI709,XZCE,6218,6208,6224,5448,338558120,307922,307896,6594,5966,6280,6208,0,6222,0,0,0,2017-04-13,75862000,6216,13,0,0,0,0,0,0,0,0,6218,48,0,0,0,0,0,0,0,0
479,2017-04-12,21:04:23,0,OI709,XZCE,6218,6208,6224,5448,338558120,307922,307896,6594,5966,6280,6208,0,6222,0,0,0,2017-04-13,75863000,6216,16,0,0,0,0,0,0,0,0,6218,49,0,0,0,0,0,0,0,0
480,2017-04-12,21:04:23,0,OI709,XZCE,6218,6208,6224,5448,338558120,307922,307896,6594,5966,6280,6208,0,6222,0,0,0,2017-04-13,75863000,6216,16,0,0,0,0,0,0,0,0,6218,53,0,0,0,0,0,0,0,0
481,2017-04-12,21:04:24,0,OI709,XZCE,6216,6208,6224,5454,338931080,307924,307896,6594,5966,6280,6208,0,6222,0,0,0,2017-04-13,75864000,6216,19,0,0,0,0,0,0,0,0,6218,54,0,0,0,0,0,0,0,0
482,2017-04-12,21:04:24,0,OI709,XZCE,6218,6208,6224,5468,339801600,307920,307896,6594,5966,6280,6208,0,6222,0,0,0,2017-04-13,75864000,6216,21,0,0,0,0,0,0,0,0,6218,47,0,0,0,0,0,0,0,0
483,2017-04-12,21:04:25,0,OI709,XZCE,6218,6208,6224,5562,345646520,307926,307896,6594,5966,6280,6208,0,6222,0,0,0,2017-04-13,75865000,6218,4,0,0,0,0,0,0,0,0,6220,49,0,0,0,0,0,0,0,0
484,2017-04-12,21:04:25,0,OI709,XZCE,6218,6208,6224,5568,346019600,307926,307896,6594,5966,6280,6208,0,6222,0,0,0,2017-04-13,75865000,6218,2,0,0,0,0,0,0,0,0,6220,53,0,0,0,0,0,0,0,0
485,2017-04-12,21:04:26,0,OI709,XZCE,6218,6208,6224,5572,346268320,307926,307896,6594,5966,6280,6208,0,6222,0,0,0,2017-04-13,75866000,6216,27,0,0,0,0,0,0,0,0,6220,55,0,0,0,0,0,0,0,0
486,2017-04-12,21:04:26,0,OI709,XZCE,6218,6208,6224,5572,346268320,307926,307896,6594,5966,6280,6208,0,6222,0,0,0,2017-04-13,75866000,6216,27,0,0,0,0,0,0,0,0,6220,56,0,0,0,0,0,0,0,0
487,2017-04-12,21:04:27,0,OI709,XZCE,6218,6208,6224,5572,346268320,307926,307896,6594,5966,6280,6208,0,6222,0,0,0,2017-04-13,75867000,6216,27,0,0,0,0,0,0,0,0,6220,60,0,0,0,0,0,0,0,0
488,2017-04-12,21:04:27,0,OI709,XZCE,6220,6208,6224,5574,346392720,307924,307896,6594,5966,6280,6208,0,6222,0,0,0,2017-04-13,75867000,6216,27,0,0,0,0,0,0,0,0,6220,59,0,0,0,0,0,0,0,0
489,2017-04-12,21:04:28,0,OI709,XZCE,6220,6208,6224,5574,346392720,307924,307896,6594,5966,6280,6208,0,6222,0,0,0,2017-04-13,75868000,6216,27,0,0,0,0,0,0,0,0,6220,60,0,0,0,0,0,0,0,0
490,2017-04-12,21:04:28,0,OI709,XZCE,6218,6208,6224,5594,347636320,307922,307896,6594,5966,6280,6208,0,6222,0,0,0,2017-04-13,75868000,6218,5,0,0,0,0,0,0,0,0,6220,59,0,0,0,0,0,0,0,0
491,2017-04-12,21:04:29,0,OI709,XZCE,6218,6208,6224,5602,348133760,307922,307896,6594,5966,6280,6208,0,6222,0,0,0,2017-04-13,75869000,6218,3,0,0,0,0,0,0,0,0,6220,61,0,0,0,0,0,0,0,0
492,2017-04-12,21:04:29,0,OI709,XZCE,6218,6208,6224,5608,348506840,307922,307896,6594,5966,6280,6208,0,6222,0,0,0,2017-04-13,75869000,6216,30,0,0,0,0,0,0,0,0,6218,2,0,0,0,0,0,0,0,0
493,2017-04-12,21:04:30,0,OI709,XZCE,6218,6208,6224,5614,348879920,307918,307896,6594,5966,6280,6208,0,6222,0,0,0,2017-04-13,75870000,6216,31,0,0,0,0,0,0,0,0,6220,62,0,0,0,0,0,0,0,0
494,2017-04-12,21:04:30,0,OI709,XZCE,6218,6208,6224,5616,349004280,307918,307896,6594,5966,6280,6208,0,6222,0,0,0,2017-04-13,75870000,6216,30,0,0,0,0,0,0,0,0,6218,47,0,0,0,0,0,0,0,0
495,2017-04-12,21:04:31,0,OI709,XZCE,6218,6208,6224,5620,349253000,307918,307896,6594,5966,6280,6208,0,6222,0,0,0,2017-04-13,75871000,6218,49,0,0,0,0,0,0,0,0,6220,61,0,0,0,0,0,0,0,0
496,2017-04-12,21:04:32,0,OI709,XZCE,6218,6208,6224,5620,349253000,307918,307896,6594,5966,6280,6208,0,6222,0,0,0,2017-04-13,75872000,6218,54,0,0,0,0,0,0,0,0,6220,61,0,0,0,0,0,0,0,0
497,2017-04-12,21:04:33,0,OI709,XZCE,6218,6208,6224,5620,349253000,307918,307896,6594,5966,6280,6208,0,6222,0,0,0,2017-04-13,75873000,6218,54,0,0,0,0,0,0,0,0,6220,62,0,0,0,0,0,0,0,0
498,2017-04-12,21:04:34,0,OI709,XZCE,6218,6208,6224,5620,349253000,307918,307896,6594,5966,6280,6208,0,6222,0,0,0,2017-04-13,75874000,6218,54,0,0,0,0,0,0,0,0,6220,58,0,0,0,0,0,0,0,0
499,2017-04-12,21:04:35,0,OI709,XZCE,6220,6208,6224,5660,351741000,307938,307896,6594,5966,6280,6208,0,6222,0,0,0,2017-04-13,75875000,6218,54,0,0,0,0,0,0,0,0,6220,38,0,0,0,0,0,0,0,0
500,2017-04-12,21:04:35,0,OI709,XZCE,6218,6208,6224,5672,352487160,307938,307896,6594,5966,6280,6208,0,6222,0,0,0,2017-04-13,75875000,6218,48,0,0,0,0,0,0,0,0,6220,38,0,0,0,0,0,0,0,0
501,2017-04-12,21:04:36,0,OI709,XZCE,6218,6208,6224,5672,352487160,307938,307896,6594,5966,6280,6208,0,6222,0,0,0,2017-04-13,75876000,6218,48,0,0,0,0,0,0,0,0,6220,39,0,0,0,0,0,0,0,0
502,2017-04-12,21:04:37,0,OI709,XZCE,6220,6208,6224,5676,352735960,307942,307896,6594,5966,6280,6208,0,6222,0,0,0,2017-04-13,75877000,6218,53,0,0,0,0,0,0,0,0,6220,13,0,0,0,0,0,0,0,0
503,2017-04-12,21:04:37,0,OI709,XZCE,6220,6208,6224,5676,352735960,307942,307896,6594,5966,6280,6208,0,6222,0,0,0,2017-04-13,75877000,6218,53,0,0,0,0,0,0,0,0,6220,16,0,0,0,0,0,0,0,0
504,2017-04-12,21:04:38,0,OI709,XZCE,6220,6208,6224,5682,353109160,307942,307896,6594,5966,6280,6208,0,6222,0,0,0,2017-04-13,75878000,6218,55,0,0,0,0,0,0,0,0,6220,13,0,0,0,0,0,0,0,0
505,2017-04-12,21:04:38,0,OI709,XZCE,6220,6208,6224,5708,354726360,307922,307896,6594,5966,6280,6208,0,6222,0,0,0,2017-04-13,75878000,6220,14,0,0,0,0,0,0,0,0,6222,35,0,0,0,0,0,0,0,0
506,2017-04-12,21:04:39,0,OI709,XZCE,6220,6208,6224,5708,354726360,307922,307896,6594,5966,6280,6208,0,6222,0,0,0,2017-04-13,75879000,6220,14,0,0,0,0,0,0,0,0,6222,36,0,0,0,0,0,0,0,0
507,2017-04-12,21:04:39,0,OI709,XZCE,6220,6208,6224,5710,354850760,307922,307896,6594,5966,6280,6208,0,6222,0,0,0,2017-04-13,75879000,6220,13,0,0,0,0,0,0,0,0,6222,36,0,0,0,0,0,0,0,0
508,2017-04-12,21:04:40,0,OI709,XZCE,6220,6208,6224,5714,355099560,307918,307896,6594,5966,6280,6208,0,6222,0,0,0,2017-04-13,75880000,6220,11,0,0,0,0,0,0,0,0,6222,37,0,0,0,0,0,0,0,0
509,2017-04-12,21:04:41,0,OI709,XZCE,6220,6208,6224,5714,355099560,307918,307896,6594,5966,6280,6208,0,6222,0,0,0,2017-04-13,75881000,6220,16,0,0,0,0,0,0,0,0,6222,37,0,0,0,0,0,0,0,0
510,2017-04-12,21:04:41,0,OI709,XZCE,6220,6208,6224,5714,355099560,307918,307896,6594,5966,6280,6208,0,6222,0,0,0,2017-04-13,75881000,6220,23,0,0,0,0,0,0,0,0,6222,37,0,0,0,0,0,0,0,0
511,2017-04-12,21:04:42,0,OI709,XZCE,6220,6208,6224,5714,355099560,307918,307896,6594,5966,6280,6208,0,6222,0,0,0,2017-04-13,75882000,6220,25,0,0,0,0,0,0,0,0,6222,37,0,0,0,0,0,0,0,0
512,2017-04-12,21:04:42,0,OI709,XZCE,6220,6208,6224,5724,355721560,307908,307896,6594,5966,6280,6208,0,6222,0,0,0,2017-04-13,75882000,6220,20,0,0,0,0,0,0,0,0,6222,37,0,0,0,0,0,0,0,0
513,2017-04-12,21:04:44,0,OI709,XZCE,6220,6208,6224,5724,355721560,307908,307896,6594,5966,6280,6208,0,6222,0,0,0,2017-04-13,75884000,6220,21,0,0,0,0,0,0,0,0,6222,37,0,0,0,0,0,0,0,0
514,2017-04-12,21:04:44,0,OI709,XZCE,6222,6208,6224,5730,356094880,307906,307896,6594,5966,6280,6208,0,6222,0,0,0,2017-04-13,75884000,6220,19,0,0,0,0,0,0,0,0,6222,36,0,0,0,0,0,0,0,0
515,2017-04-12,21:04:46,0,OI709,XZCE,6222,6208,6224,5734,356343760,307906,307896,6594,5966,6280,6208,0,6222,0,0,0,2017-04-13,75886000,6220,19,0,0,0,0,0,0,0,0,6222,34,0,0,0,0,0,0,0,0
516,2017-04-12,21:04:48,0,OI709,XZCE,6222,6208,6224,5734,356343760,307906,307896,6594,5966,6280,6208,0,6222,0,0,0,2017-04-13,75888000,6220,19,0,0,0,0,0,0,0,0,6222,35,0,0,0,0,0,0,0,0
517,2017-04-12,21:04:49,0,OI709,XZCE,6222,6208,6224,5734,356343760,307906,307896,6594,5966,6280,6208,0,6222,0,0,0,2017-04-13,75889000,6220,17,0,0,0,0,0,0,0,0,6222,35,0,0,0,0,0,0,0,0
518,2017-04-12,21:04:50,0,OI709,XZCE,6220,6208,6224,5770,358582960,307890,307896,6594,5966,6280,6208,0,6222,0,0,0,2017-04-13,75890000,6218,53,0,0,0,0,0,0,0,0,6220,35,0,0,0,0,0,0,0,0
519,2017-04-12,21:04:50,0,OI709,XZCE,6220,6208,6224,5772,358707360,307890,307896,6594,5966,6280,6208,0,6222,0,0,0,2017-04-13,75890000,6218,53,0,0,0,0,0,0,0,0,6220,40,0,0,0,0,0,0,0,0
520,2017-04-12,21:04:51,0,OI709,XZCE,6220,6208,6224,5772,358707360,307890,307896,6594,5966,6280,6208,0,6222,0,0,0,2017-04-13,75891000,6218,53,0,0,0,0,0,0,0,0,6220,44,0,0,0,0,0,0,0,0
521,2017-04-12,21:04:51,0,OI709,XZCE,6220,6208,6224,5782,359329360,307890,307896,6594,5966,6280,6208,0,6222,0,0,0,2017-04-13,75891000,6218,54,0,0,0,0,0,0,0,0,6220,37,0,0,0,0,0,0,0,0
522,2017-04-12,21:04:52,0,OI709,XZCE,6218,6208,6224,5784,359453720,307892,307896,6594,5966,6280,6208,0,6222,0,0,0,2017-04-13,75892000,6218,53,0,0,0,0,0,0,0,0,6220,39,0,0,0,0,0,0,0,0
523,2017-04-12,21:04:52,0,OI709,XZCE,6218,6208,6224,5784,359453720,307892,307896,6594,5966,6280,6208,0,6222,0,0,0,2017-04-13,75892000,6218,53,0,0,0,0,0,0,0,0,6220,40,0,0,0,0,0,0,0,0
524,2017-04-12,21:04:54,0,OI709,XZCE,6220,6208,6224,5794,360075720,307892,307896,6594,5966,6280,6208,0,6222,0,0,0,2017-04-13,75894000,6218,53,0,0,0,0,0,0,0,0,6220,35,0,0,0,0,0,0,0,0
525,2017-04-12,21:04:55,0,OI709,XZCE,6220,6208,6224,5796,360200120,307892,307896,6594,5966,6280,6208,0,6222,0,0,0,2017-04-13,75895000,6218,54,0,0,0,0,0,0,0,0,6220,34,0,0,0,0,0,0,0,0
526,2017-04-12,21:04:56,0,OI709,XZCE,6220,6208,6224,5806,360822120,307902,307896,6594,5966,6280,6208,0,6222,0,0,0,2017-04-13,75896000,6218,59,0,0,0,0,0,0,0,0,6220,29,0,0,0,0,0,0,0,0
527,2017-04-12,21:04:56,0,OI709,XZCE,6218,6208,6224,5816,361443920,307902,307896,6594,5966,6280,6208,0,6222,0,0,0,2017-04-13,75896000,6218,44,0,0,0,0,0,0,0,0,6220,32,0,0,0,0,0,0,0,0
528,2017-04-12,21:04:57,0,OI709,XZCE,6220,6208,6224,5820,361692720,307906,307896,6594,5966,6280,6208,0,6222,0,0,0,2017-04-13,75897000,6218,45,0,0,0,0,0,0,0,0,6220,31,0,0,0,0,0,0,0,0
529,2017-04-12,21:04:57,0,OI709,XZCE,6220,6208,6224,5824,361941520,307910,307896,6594,5966,6280,6208,0,6222,0,0,0,2017-04-13,75897000,6218,46,0,0,0,0,0,0,0,0,6220,30,0,0,0,0,0,0,0,0
530,2017-04-12,21:04:58,0,OI709,XZCE,6220,6208,6224,5824,361941520,307910,307896,6594,5966,6280,6208,0,6222,0,0,0,2017-04-13,75898000,6218,45,0,0,0,0,0,0,0,0,6220,30,0,0,0,0,0,0,0,0
531,2017-04-12,21:04:59,0,OI709,XZCE,6220,6208,6224,5824,361941520,307910,307896,6594,5966,6280,6208,0,6222,0,0,0,2017-04-13,75899000,6218,57,0,0,0,0,0,0,0,0,6220,27,0,0,0,0,0,0,0,0
532,2017-04-12,21:05:00,0,OI709,XZCE,6220,6208,6224,5838,362812320,307924,307896,6594,5966,6280,6208,0,6222,0,0,0,2017-04-13,75900000,6218,57,0,0,0,0,0,0,0,0,6220,20,0,0,0,0,0,0,0,0
533,2017-04-12,21:05:00,0,OI709,XZCE,6218,6208,6224,5906,367040560,307978,307896,6594,5966,6280,6208,0,6222,0,0,0,2017-04-13,75900000,6218,29,0,0,0,0,0,0,0,0,6220,19,0,0,0,0,0,0,0,0
534,2017-04-12,21:05:01,0,OI709,XZCE,6218,6208,6224,5906,367040560,307978,307896,6594,5966,6280,6208,0,6222,0,0,0,2017-04-13,75901000,6218,29,0,0,0,0,0,0,0,0,6220,7,0,0,0,0,0,0,0,0
535,2017-04-12,21:05:02,0,OI709,XZCE,6220,6208,6224,5908,367164960,307978,307896,6594,5966,6280,6208,0,6222,0,0,0,2017-04-13,75902000,6218,29,0,0,0,0,0,0,0,0,6220,24,0,0,0,0,0,0,0,0
536,2017-04-12,21:05:02,0,OI709,XZCE,6220,6208,6224,5940,369155360,307954,307896,6594,5966,6280,6208,0,6222,0,0,0,2017-04-13,75902000,6218,54,0,0,0,0,0,0,0,0,6220,8,0,0,0,0,0,0,0,0
537,2017-04-12,21:05:03,0,OI709,XZCE,6218,6208,6224,5944,369404080,307954,307896,6594,5966,6280,6208,0,6222,0,0,0,2017-04-13,75903000,6218,53,0,0,0,0,0,0,0,0,6220,1,0,0,0,0,0,0,0,0
538,2017-04-12,21:05:03,0,OI709,XZCE,6222,6208,6224,5948,369652960,307952,307896,6594,5966,6280,6208,0,6222,0,0,0,2017-04-13,75903000,6220,5,0,0,0,0,0,0,0,0,6222,53,0,0,0,0,0,0,0,0
539,2017-04-12,21:05:04,0,OI709,XZCE,6220,6208,6224,5950,369777360,307952,307896,6594,5966,6280,6208,0,6222,0,0,0,2017-04-13,75904000,6220,4,0,0,0,0,0,0,0,0,6222,53,0,0,0,0,0,0,0,0
540,2017-04-12,21:05:05,0,OI709,XZCE,6220,6208,6224,5958,370274960,307948,307896,6594,5966,6280,6208,0,6222,0,0,0,2017-04-13,75905000,6220,3,0,0,0,0,0,0,0,0,6222,53,0,0,0,0,0,0,0,0
541,2017-04-12,21:05:05,0,OI709,XZCE,6220,6208,6224,5958,370274960,307948,307896,6594,5966,6280,6208,0,6222,0,0,0,2017-04-13,75905000,6220,8,0,0,0,0,0,0,0,0,6222,53,0,0,0,0,0,0,0,0
542,2017-04-12,21:05:06,0,OI709,XZCE,6220,6208,6224,5974,371270160,307940,307896,6594,5966,6280,6208,0,6222,0,0,0,2017-04-13,75906000,6218,44,0,0,0,0,0,0,0,0,6220,25,0,0,0,0,0,0,0,0
543,2017-04-12,21:05:06,0,OI709,XZCE,6220,6208,6224,5978,371518960,307942,307896,6594,5966,6280,6208,0,6222,0,0,0,2017-04-13,75906000,6218,43,0,0,0,0,0,0,0,0,6220,26,0,0,0,0,0,0,0,0
544,2017-04-12,21:05:07,0,OI709,XZCE,6220,6208,6224,5986,372016560,307946,307896,6594,5966,6280,6208,0,6222,0,0,0,2017-04-13,75907000,6218,41,0,0,0,0,0,0,0,0,6220,24,0,0,0,0,0,0,0,0
545,2017-04-12,21:05:07,0,OI709,XZCE,6220,6208,6224,5988,372140960,307946,307896,6594,5966,6280,6208,0,6222,0,0,0,2017-04-13,75907000,6218,41,0,0,0,0,0,0,0,0,6220,23,0,0,0,0,0,0,0,0
546,2017-04-12,21:05:08,0,OI709,XZCE,6218,6208,6224,6000,372887120,307954,307896,6594,5966,6280,6208,0,6222,0,0,0,2017-04-13,75908000,6218,37,0,0,0,0,0,0,0,0,6220,28,0,0,0,0,0,0,0,0
547,2017-04-12,21:05:08,0,OI709,XZCE,6220,6208,6224,6002,373011520,307954,307896,6594,5966,6280,6208,0,6222,0,0,0,2017-04-13,75908000,6218,37,0,0,0,0,0,0,0,0,6220,15,0,0,0,0,0,0,0,0
548,2017-04-12,21:05:09,0,OI709,XZCE,6218,6208,6224,6006,373260240,307956,307896,6594,5966,6280,6208,0,6222,0,0,0,2017-04-13,75909000,6218,36,0,0,0,0,0,0,0,0,6220,14,0,0,0,0,0,0,0,0
549,2017-04-12,21:05:09,0,OI709,XZCE,6220,6208,6224,6010,373509040,307958,307896,6594,5966,6280,6208,0,6222,0,0,0,2017-04-13,75909000,6218,37,0,0,0,0,0,0,0,0,6220,13,0,0,0,0,0,0,0,0
550,2017-04-12,21:05:10,0,OI709,XZCE,6220,6208,6224,6016,373882240,307958,307896,6594,5966,6280,6208,0,6222,0,0,0,2017-04-13,75910000,6218,37,0,0,0,0,0,0,0,0,6220,11,0,0,0,0,0,0,0,0
551,2017-04-12,21:05:10,0,OI709,XZCE,6220,6208,6224,6020,374131040,307962,307896,6594,5966,6280,6208,0,6222,0,0,0,2017-04-13,75910000,6218,37,0,0,0,0,0,0,0,0,6220,10,0,0,0,0,0,0,0,0
552,2017-04-12,21:05:11,0,OI709,XZCE,6218,6208,6224,6026,374504120,307968,307896,6594,5966,6280,6208,0,6222,0,0,0,2017-04-13,75911000,6218,35,0,0,0,0,0,0,0,0,6220,9,0,0,0,0,0,0,0,0
553,2017-04-12,21:05:11,0,OI709,XZCE,6220,6208,6224,6040,375374920,307964,307896,6594,5966,6280,6208,0,6222,0,0,0,2017-04-13,75911000,6220,9,0,0,0,0,0,0,0,0,6222,53,0,0,0,0,0,0,0,0
554,2017-04-12,21:05:12,0,OI709,XZCE,6220,6208,6224,6046,375748120,307966,307896,6594,5966,6280,6208,0,6222,0,0,0,2017-04-13,75912000,6220,9,0,0,0,0,0,0,0,0,6222,52,0,0,0,0,0,0,0,0
