,dataDate,dataTime,dataMillisec,instrumentID,exchangeCD,lastPrice,lowPrice,highPrice,volume,value,openInterest,preOpenInterest,upperLimitPrice,lowerLimitPrice,preSettlementPrice,prevClosePrice,settlementPrice,openPrice,closePrice,preDelta,currDelta,clearingDay,milliSecOffset,bidPrice1,bidVolume1,bidPrice2,bidVolume2,bidPrice3,bidVolume3,bidPrice4,bidVolume4,bidPrice5,bidVolume5,askPrice1,askVolume1,askPrice2,askVolume2,askPrice3,askVolume3,askPrice4,askVolume4,askPrice5,askVolume5
0,2017-04-13,08:59:00,95,pp1709,XDCE,7885,7885,7885,1002,39503850,408374,408616,8365,7569,7967,7925,0,7885,0,0,0,2017-04-13,32340095,7884,3,0,0,0,0,0,0,0,0,7885,4,0,0,0,0,0,0,0,0
1,2017-04-13,09:00:00,106,pp1709,XDCE,7885,7885,7885,1006,39661550,408376,408616,8365,7569,7967,7925,0,7885,0,0,0,2017-04-13,32400106,7884,3,0,0,0,0,0,0,0,0,7885,2,0,0,0,0,0,0,0,0
2,2017-04-13,09:00:00,630,pp1709,XDCE,7880,7872,7887,1706,67244730,408498,408616,8365,7569,7967,7925,0,7885,0,0,0,2017-04-13,32400630,7875,2,0,0,0,0,0,0,0,0,7879,4,0,0,0,0,0,0,0,0
3,2017-04-13,09:00:01,130,pp1709,XDCE,7876,7872,7887,2246,88513390,408352,408616,8365,7569,7967,7925,0,7885,0,0,0,2017-04-13,32401130,7876,36,0,0,0,0,0,0,0,0,7880,3,0,0,0,0,0,0,0,0
4,2017-04-13,09:00:01,626,pp1709,XDCE,7874,7872,7887,2758,108675660,408246,408616,8365,7569,7967,7925,0,7885,0,0,0,2017-04-13,32401626,7874,97,0,0,0,0,0,0,0,0,7879,24,0,0,0,0,0,0,0,0
5,2017-04-13,09:00:02,126,pp1709,XDCE,7870,7870,7887,3394,133717050,408076,408616,8365,7569,7967,7925,0,7885,0,0,0,2017-04-13,32402126,7870,5,0,0,0,0,0,0,0,0,7874,17,0,0,0,0,0,0,0,0
6,2017-04-13,09:00:02,625,pp1709,XDCE,7870,7860,7887,3648,143709930,408044,408616,8365,7569,7967,7925,0,7885,0,0,0,2017-04-13,32402625,7868,4,0,0,0,0,0,0,0,0,7869,3,0,0,0,0,0,0,0,0
7,2017-04-13,09:00:03,125,pp1709,XDCE,7870,7858,7887,4074,160468130,408004,408616,8365,7569,7967,7925,0,7885,0,0,0,2017-04-13,32403125,7869,1,0,0,0,0,0,0,0,0,7874,13,0,0,0,0,0,0,0,0
8,2017-04-13,09:00:03,617,pp1709,XDCE,7874,7858,7887,4338,170859520,407836,408616,8365,7569,7967,7925,0,7885,0,0,0,2017-04-13,32403617,7871,7,0,0,0,0,0,0,0,0,7874,12,0,0,0,0,0,0,0,0
9,2017-04-13,09:00:04,130,pp1709,XDCE,7871,7858,7887,4520,178024400,407830,408616,8365,7569,7967,7925,0,7885,0,0,0,2017-04-13,32404130,7871,1,0,0,0,0,0,0,0,0,7874,1,0,0,0,0,0,0,0,0
10,2017-04-13,09:00:04,617,pp1709,XDCE,7877,7858,7887,4816,189680600,407782,408616,8365,7569,7967,7925,0,7885,0,0,0,2017-04-13,32404617,7877,1,0,0,0,0,0,0,0,0,7878,1,0,0,0,0,0,0,0,0
11,2017-04-13,09:00:05,118,pp1709,XDCE,7875,7858,7887,5000,196926490,407676,408616,8365,7569,7967,7925,0,7885,0,0,0,2017-04-13,32405118,7875,5,0,0,0,0,0,0,0,0,7877,2,0,0,0,0,0,0,0,0
12,2017-04-13,09:00:05,629,pp1709,XDCE,7874,7858,7887,5104,201020590,407688,408616,8365,7569,7967,7925,0,7885,0,0,0,2017-04-13,32405629,7872,49,0,0,0,0,0,0,0,0,7874,14,0,0,0,0,0,0,0,0
13,2017-04-13,09:00:06,129,pp1709,XDCE,7873,7858,7887,5444,214405070,407724,408616,8365,7569,7967,7925,0,7885,0,0,0,2017-04-13,32406129,7876,1,0,0,0,0,0,0,0,0,7879,12,0,0,0,0,0,0,0,0
14,2017-04-13,09:00:06,612,pp1709,XDCE,7881,7858,7887,5586,219998300,407708,408616,8365,7569,7967,7925,0,7885,0,0,0,2017-04-13,32406612,7877,1,0,0,0,0,0,0,0,0,7881,97,0,0,0,0,0,0,0,0
15,2017-04-13,09:00:07,110,pp1709,XDCE,7875,7858,7887,5746,226301930,407734,408616,8365,7569,7967,7925,0,7885,0,0,0,2017-04-13,32407110,7874,17,0,0,0,0,0,0,0,0,7875,1,0,0,0,0,0,0,0,0
16,2017-04-13,09:00:07,598,pp1709,XDCE,7873,7858,7887,5820,229215390,407718,408616,8365,7569,7967,7925,0,7885,0,0,0,2017-04-13,32407598,7872,4,0,0,0,0,0,0,0,0,7876,6,0,0,0,0,0,0,0,0
17,2017-04-13,09:00:08,125,pp1709,XDCE,7877,7858,7887,5846,230239170,407720,408616,8365,7569,7967,7925,0,7885,0,0,0,2017-04-13,32408125,7876,1,0,0,0,0,0,0,0,0,7877,1,0,0,0,0,0,0,0,0
18,2017-04-13,09:00:08,627,pp1709,XDCE,7876,7858,7887,5892,232050430,407722,408616,8365,7569,7967,7925,0,7885,0,0,0,2017-04-13,32408627,7877,3,0,0,0,0,0,0,0,0,7880,5,0,0,0,0,0,0,0,0
19,2017-04-13,09:00:09,113,pp1709,XDCE,7877,7858,7887,5948,234255820,407698,408616,8365,7569,7967,7925,0,7885,0,0,0,2017-04-13,32409113,7874,25,0,0,0,0,0,0,0,0,7877,8,0,0,0,0,0,0,0,0
20,2017-04-13,09:00:09,600,pp1709,XDCE,7876,7858,7887,6018,237012580,407692,408616,8365,7569,7967,7925,0,7885,0,0,0,2017-04-13,32409600,7874,19,0,0,0,0,0,0,0,0,7876,3,0,0,0,0,0,0,0,0
21,2017-04-13,09:00:10,96,pp1709,XDCE,7877,7858,7887,6062,238745310,407680,408616,8365,7569,7967,7925,0,7885,0,0,0,2017-04-13,32410096,7877,4,0,0,0,0,0,0,0,0,7879,4,0,0,0,0,0,0,0,0
22,2017-04-13,09:00:10,599,pp1709,XDCE,7877,7858,7887,6194,243945320,407686,408616,8365,7569,7967,7925,0,7885,0,0,0,2017-04-13,32410599,7877,31,0,0,0,0,0,0,0,0,7881,28,0,0,0,0,0,0,0,0
23,2017-04-13,09:00:11,105,pp1709,XDCE,7880,7858,7887,6290,247727300,407694,408616,8365,7569,7967,7925,0,7885,0,0,0,2017-04-13,32411105,7879,1,0,0,0,0,0,0,0,0,7880,7,0,0,0,0,0,0,0,0
24,2017-04-13,09:00:11,618,pp1709,XDCE,7879,7858,7887,6296,247963670,407690,408616,8365,7569,7967,7925,0,7885,0,0,0,2017-04-13,32411618,7879,40,0,0,0,0,0,0,0,0,7880,7,0,0,0,0,0,0,0,0
25,2017-04-13,09:00:12,101,pp1709,XDCE,7879,7858,7887,6430,253242640,407606,408616,8365,7569,7967,7925,0,7885,0,0,0,2017-04-13,32412101,7877,22,0,0,0,0,0,0,0,0,7879,1,0,0,0,0,0,0,0,0
26,2017-04-13,09:00:12,609,pp1709,XDCE,7878,7858,7887,6454,254188170,407612,408616,8365,7569,7967,7925,0,7885,0,0,0,2017-04-13,32412609,7878,1,0,0,0,0,0,0,0,0,7881,14,0,0,0,0,0,0,0,0
27,2017-04-13,09:00:13,100,pp1709,XDCE,7878,7858,7887,6534,257339750,407568,408616,8365,7569,7967,7925,0,7885,0,0,0,2017-04-13,32413100,7877,23,0,0,0,0,0,0,0,0,7879,27,0,0,0,0,0,0,0,0
28,2017-04-13,09:00:13,612,pp1709,XDCE,7877,7858,7887,6560,258363780,407588,408616,8365,7569,7967,7925,0,7885,0,0,0,2017-04-13,32413612,7877,13,0,0,0,0,0,0,0,0,7879,33,0,0,0,0,0,0,0,0
29,2017-04-13,09:00:14,115,pp1709,XDCE,7879,7858,7887,6596,259781820,407592,408616,8365,7569,7967,7925,0,7885,0,0,0,2017-04-13,32414115,7877,15,0,0,0,0,0,0,0,0,7878,48,0,0,0,0,0,0,0,0
30,2017-04-13,09:00:14,627,pp1709,XDCE,7879,7858,7887,6890,271363640,407666,408616,8365,7569,7967,7925,0,7885,0,0,0,2017-04-13,32414627,7878,6,0,0,0,0,0,0,0,0,7880,5,0,0,0,0,0,0,0,0
31,2017-04-13,09:00:15,122,pp1709,XDCE,7880,7858,7887,6946,273570070,407628,408616,8365,7569,7967,7925,0,7885,0,0,0,2017-04-13,32415122,7880,15,0,0,0,0,0,0,0,0,7881,12,0,0,0,0,0,0,0,0
32,2017-04-13,09:00:15,627,pp1709,XDCE,7879,7858,7887,7022,276564560,407572,408616,8365,7569,7967,7925,0,7885,0,0,0,2017-04-13,32415627,7879,15,0,0,0,0,0,0,0,0,7880,1,0,0,0,0,0,0,0,0
33,2017-04-13,09:00:16,127,pp1709,XDCE,7879,7858,7887,7040,277273850,407576,408616,8365,7569,7967,7925,0,7885,0,0,0,2017-04-13,32416127,7880,4,0,0,0,0,0,0,0,0,7882,6,0,0,0,0,0,0,0,0
34,2017-04-13,09:00:16,624,pp1709,XDCE,7882,7858,7887,7098,279559080,407566,408616,8365,7569,7967,7925,0,7885,0,0,0,2017-04-13,32416624,7881,5,0,0,0,0,0,0,0,0,7882,3,0,0,0,0,0,0,0,0
35,2017-04-13,09:00:17,125,pp1709,XDCE,7882,7858,7887,7108,279953160,407556,408616,8365,7569,7967,7925,0,7885,0,0,0,2017-04-13,32417125,7882,4,0,0,0,0,0,0,0,0,7883,18,0,0,0,0,0,0,0,0
36,2017-04-13,09:00:17,592,pp1709,XDCE,7883,7858,7887,7148,281529740,407544,408616,8365,7569,7967,7925,0,7885,0,0,0,2017-04-13,32417592,7883,6,0,0,0,0,0,0,0,0,7884,59,0,0,0,0,0,0,0,0
37,2017-04-13,09:00:18,117,pp1709,XDCE,7880,7858,7887,7226,284603510,407572,408616,8365,7569,7967,7925,0,7885,0,0,0,2017-04-13,32418117,7879,29,0,0,0,0,0,0,0,0,7880,1,0,0,0,0,0,0,0,0
38,2017-04-13,09:00:18,609,pp1709,XDCE,7879,7858,7887,7268,286258220,407560,408616,8365,7569,7967,7925,0,7885,0,0,0,2017-04-13,32418609,7880,8,0,0,0,0,0,0,0,0,7883,1,0,0,0,0,0,0,0,0
39,2017-04-13,09:00:19,94,pp1709,XDCE,7883,7858,7887,7320,288307690,407534,408616,8365,7569,7967,7925,0,7885,0,0,0,2017-04-13,32419094,7880,14,0,0,0,0,0,0,0,0,7883,18,0,0,0,0,0,0,0,0
40,2017-04-13,09:00:19,630,pp1709,XDCE,7883,7858,7887,7346,289332380,407524,408616,8365,7569,7967,7925,0,7885,0,0,0,2017-04-13,32419630,7880,13,0,0,0,0,0,0,0,0,7883,2,0,0,0,0,0,0,0,0
41,2017-04-13,09:00:20,107,pp1709,XDCE,7880,7858,7887,7382,290750830,407526,408616,8365,7569,7967,7925,0,7885,0,0,0,2017-04-13,32420107,7880,1,0,0,0,0,0,0,0,0,7881,3,0,0,0,0,0,0,0,0
42,2017-04-13,09:00:20,612,pp1709,XDCE,7883,7858,7887,7464,293982720,407446,408616,8365,7569,7967,7925,0,7885,0,0,0,2017-04-13,32420612,7882,1,0,0,0,0,0,0,0,0,7883,4,0,0,0,0,0,0,0,0
43,2017-04-13,09:00:21,113,pp1709,XDCE,7883,7858,7887,7480,294613330,407444,408616,8365,7569,7967,7925,0,7885,0,0,0,2017-04-13,32421113,7883,5,0,0,0,0,0,0,0,0,7884,56,0,0,0,0,0,0,0,0
44,2017-04-13,09:00:21,591,pp1709,XDCE,7884,7858,7887,7516,296032370,407456,408616,8365,7569,7967,7925,0,7885,0,0,0,2017-04-13,32421591,7883,18,0,0,0,0,0,0,0,0,7884,46,0,0,0,0,0,0,0,0
45,2017-04-13,09:00:22,87,pp1709,XDCE,7883,7858,7887,7554,297530140,407418,408616,8365,7569,7967,7925,0,7885,0,0,0,2017-04-13,32422087,7883,4,0,0,0,0,0,0,0,0,7884,46,0,0,0,0,0,0,0,0
46,2017-04-13,09:00:22,623,pp1709,XDCE,7883,7858,7887,7672,302181600,407354,408616,8365,7569,7967,7925,0,7885,0,0,0,2017-04-13,32422623,7884,18,0,0,0,0,0,0,0,0,7885,33,0,0,0,0,0,0,0,0
47,2017-04-13,09:00:23,127,pp1709,XDCE,7884,7858,7887,7784,306596820,407434,408616,8365,7569,7967,7925,0,7885,0,0,0,2017-04-13,32423127,7884,41,0,0,0,0,0,0,0,0,7886,4,0,0,0,0,0,0,0,0
48,2017-04-13,09:00:23,592,pp1709,XDCE,7886,7858,7887,7804,307385420,407446,408616,8365,7569,7967,7925,0,7885,0,0,0,2017-04-13,32423592,7887,1,0,0,0,0,0,0,0,0,7889,1,0,0,0,0,0,0,0,0
49,2017-04-13,09:00:24,120,pp1709,XDCE,7888,7858,7890,7856,309436140,407414,408616,8365,7569,7967,7925,0,7885,0,0,0,2017-04-13,32424120,7887,6,0,0,0,0,0,0,0,0,7888,16,0,0,0,0,0,0,0,0
50,2017-04-13,09:00:24,609,pp1709,XDCE,7886,7858,7890,7908,311486660,407376,408616,8365,7569,7967,7925,0,7885,0,0,0,2017-04-13,32424609,7886,9,0,0,0,0,0,0,0,0,7888,12,0,0,0,0,0,0,0,0
51,2017-04-13,09:00:25,126,pp1709,XDCE,7888,7858,7890,7936,312590940,407364,408616,8365,7569,7967,7925,0,7885,0,0,0,2017-04-13,32425126,7888,28,0,0,0,0,0,0,0,0,7890,3,0,0,0,0,0,0,0,0
52,2017-04-13,09:00:25,591,pp1709,XDCE,7888,7858,7890,7994,314878500,407368,408616,8365,7569,7967,7925,0,7885,0,0,0,2017-04-13,32425591,7888,17,0,0,0,0,0,0,0,0,7890,1,0,0,0,0,0,0,0,0
53,2017-04-13,09:00:26,94,pp1709,XDCE,7888,7858,7890,8042,316771770,407378,408616,8365,7569,7967,7925,0,7885,0,0,0,2017-04-13,32426094,7887,1,0,0,0,0,0,0,0,0,7891,1,0,0,0,0,0,0,0,0
54,2017-04-13,09:00:26,598,pp1709,XDCE,7891,7858,7891,8120,319847860,407312,408616,8365,7569,7967,7925,0,7885,0,0,0,2017-04-13,32426598,7890,1,0,0,0,0,0,0,0,0,7891,91,0,0,0,0,0,0,0,0
55,2017-04-13,09:00:27,91,pp1709,XDCE,7891,7858,7891,8236,324424360,407206,408616,8365,7569,7967,7925,0,7885,0,0,0,2017-04-13,32427091,7889,19,0,0,0,0,0,0,0,0,7892,1,0,0,0,0,0,0,0,0
56,2017-04-13,09:00:27,594,pp1709,XDCE,7888,7858,7891,8274,325923250,407202,408616,8365,7569,7967,7925,0,7885,0,0,0,2017-04-13,32427594,7888,12,0,0,0,0,0,0,0,0,7889,2,0,0,0,0,0,0,0,0
57,2017-04-13,09:00:28,106,pp1709,XDCE,7891,7858,7891,8362,329395060,407138,408616,8365,7569,7967,7925,0,7885,0,0,0,2017-04-13,32428106,7888,309,0,0,0,0,0,0,0,0,7892,1,0,0,0,0,0,0,0,0
58,2017-04-13,09:00:28,618,pp1709,XDCE,7892,7858,7892,8444,332630380,407100,408616,8365,7569,7967,7925,0,7885,0,0,0,2017-04-13,32428618,7892,21,0,0,0,0,0,0,0,0,7893,6,0,0,0,0,0,0,0,0
59,2017-04-13,09:00:29,93,pp1709,XDCE,7890,7858,7892,8566,337444110,407026,408616,8365,7569,7967,7925,0,7885,0,0,0,2017-04-13,32429093,7890,1,0,0,0,0,0,0,0,0,7891,2,0,0,0,0,0,0,0,0
60,2017-04-13,09:00:29,613,pp1709,XDCE,7891,7858,7892,8634,340126690,406986,408616,8365,7569,7967,7925,0,7885,0,0,0,2017-04-13,32429613,7891,23,0,0,0,0,0,0,0,0,7892,48,0,0,0,0,0,0,0,0
61,2017-04-13,09:00:30,126,pp1709,XDCE,7891,7858,7892,8734,344072190,406994,408616,8365,7569,7967,7925,0,7885,0,0,0,2017-04-13,32430126,7890,3,0,0,0,0,0,0,0,0,7891,28,0,0,0,0,0,0,0,0
62,2017-04-13,09:00:30,621,pp1709,XDCE,7891,7858,7892,8896,350462330,406888,408616,8365,7569,7967,7925,0,7885,0,0,0,2017-04-13,32430621,7890,10,0,0,0,0,0,0,0,0,7891,3,0,0,0,0,0,0,0,0
63,2017-04-13,09:00:31,124,pp1709,XDCE,7893,7858,7893,9010,354960790,406830,408616,8365,7569,7967,7925,0,7885,0,0,0,2017-04-13,32431124,7892,17,0,0,0,0,0,0,0,0,7893,3,0,0,0,0,0,0,0,0
64,2017-04-13,09:00:31,628,pp1709,XDCE,7891,7858,7893,9126,359538120,406816,408616,8365,7569,7967,7925,0,7885,0,0,0,2017-04-13,32431628,7891,9,0,0,0,0,0,0,0,0,7892,2,0,0,0,0,0,0,0,0
65,2017-04-13,09:00:32,111,pp1709,XDCE,7893,7858,7893,9164,361037490,406796,408616,8365,7569,7967,7925,0,7885,0,0,0,2017-04-13,32432111,7892,2,0,0,0,0,0,0,0,0,7894,8,0,0,0,0,0,0,0,0
66,2017-04-13,09:00:32,593,pp1709,XDCE,7894,7858,7894,9214,363010820,406772,408616,8365,7569,7967,7925,0,7885,0,0,0,2017-04-13,32432593,7894,2,0,0,0,0,0,0,0,0,7895,29,0,0,0,0,0,0,0,0
67,2017-04-13,09:00:33,127,pp1709,XDCE,7894,7858,7894,9224,363405510,406764,408616,8365,7569,7967,7925,0,7885,0,0,0,2017-04-13,32433127,7894,2,0,0,0,0,0,0,0,0,7895,29,0,0,0,0,0,0,0,0
68,2017-04-13,09:00:33,602,pp1709,XDCE,7895,7858,7895,9238,363958110,406766,408616,8365,7569,7967,7925,0,7885,0,0,0,2017-04-13,32433602,7894,2,0,0,0,0,0,0,0,0,7895,27,0,0,0,0,0,0,0,0
69,2017-04-13,09:00:34,120,pp1709,XDCE,7895,7858,7895,9334,367747480,406764,408616,8365,7569,7967,7925,0,7885,0,0,0,2017-04-13,32434120,7895,1,0,0,0,0,0,0,0,0,7896,17,0,0,0,0,0,0,0,0
70,2017-04-13,09:00:34,596,pp1709,XDCE,7892,7858,7895,9344,368142110,406762,408616,8365,7569,7967,7925,0,7885,0,0,0,2017-04-13,32434596,7894,13,0,0,0,0,0,0,0,0,7895,1,0,0,0,0,0,0,0,0
71,2017-04-13,09:00:35,99,pp1709,XDCE,7897,7858,7897,9426,371379150,406750,408616,8365,7569,7967,7925,0,7885,0,0,0,2017-04-13,32435099,7894,3,0,0,0,0,0,0,0,0,7896,2,0,0,0,0,0,0,0,0
72,2017-04-13,09:00:35,620,pp1709,XDCE,7894,7858,7897,9446,372168630,406748,408616,8365,7569,7967,7925,0,7885,0,0,0,2017-04-13,32435620,7896,11,0,0,0,0,0,0,0,0,7897,3,0,0,0,0,0,0,0,0
73,2017-04-13,09:00:36,102,pp1709,XDCE,7894,7858,7897,9540,375878190,406712,408616,8365,7569,7967,7925,0,7885,0,0,0,2017-04-13,32436102,7892,1,0,0,0,0,0,0,0,0,7893,3,0,0,0,0,0,0,0,0
74,2017-04-13,09:00:36,628,pp1709,XDCE,7893,7858,7897,9610,378640930,406688,408616,8365,7569,7967,7925,0,7885,0,0,0,2017-04-13,32436628,7895,3,0,0,0,0,0,0,0,0,7896,31,0,0,0,0,0,0,0,0
75,2017-04-13,09:00:37,126,pp1709,XDCE,7895,7858,7897,9620,379035680,406682,408616,8365,7569,7967,7925,0,7885,0,0,0,2017-04-13,32437126,7893,2,0,0,0,0,0,0,0,0,7894,1,0,0,0,0,0,0,0,0
76,2017-04-13,09:00:37,595,pp1709,XDCE,7892,7858,7897,9662,380693320,406644,408616,8365,7569,7967,7925,0,7885,0,0,0,2017-04-13,32437595,7892,42,0,0,0,0,0,0,0,0,7895,12,0,0,0,0,0,0,0,0
77,2017-04-13,09:00:38,121,pp1709,XDCE,7895,7858,7897,9712,382666680,406622,408616,8365,7569,7967,7925,0,7885,0,0,0,2017-04-13,32438121,7894,29,0,0,0,0,0,0,0,0,7896,1,0,0,0,0,0,0,0,0
78,2017-04-13,09:00:38,595,pp1709,XDCE,7895,7858,7897,9712,382666680,406622,408616,8365,7569,7967,7925,0,7885,0,0,0,2017-04-13,32438595,7894,6,0,0,0,0,0,0,0,0,7896,1,0,0,0,0,0,0,0,0
79,2017-04-13,09:00:39,108,pp1709,XDCE,7896,7858,7897,9726,383219370,406616,408616,8365,7569,7967,7925,0,7885,0,0,0,2017-04-13,32439108,7894,9,0,0,0,0,0,0,0,0,7897,9,0,0,0,0,0,0,0,0
80,2017-04-13,09:00:39,628,pp1709,XDCE,7895,7858,7897,9756,384403560,406590,408616,8365,7569,7967,7925,0,7885,0,0,0,2017-04-13,32439628,7894,5,0,0,0,0,0,0,0,0,7897,9,0,0,0,0,0,0,0,0
81,2017-04-13,09:00:40,67,pp1709,XDCE,7895,7858,7897,9756,384403560,406590,408616,8365,7569,7967,7925,0,7885,0,0,0,2017-04-13,32440067,7894,7,0,0,0,0,0,0,0,0,7896,9,0,0,0,0,0,0,0,0
82,2017-04-13,09:00:40,600,pp1709,XDCE,7893,7858,7897,9780,385350860,406588,408616,8365,7569,7967,7925,0,7885,0,0,0,2017-04-13,32440600,7893,6,0,0,0,0,0,0,0,0,7894,5,0,0,0,0,0,0,0,0
83,2017-04-13,09:00:41,88,pp1709,XDCE,7894,7858,7897,9886,389535900,406536,408616,8365,7569,7967,7925,0,7885,0,0,0,2017-04-13,32441088,7893,5,0,0,0,0,0,0,0,0,7897,13,0,0,0,0,0,0,0,0
84,2017-04-13,09:00:41,612,pp1709,XDCE,7895,7858,7897,9890,389693800,406532,408616,8365,7569,7967,7925,0,7885,0,0,0,2017-04-13,32441612,7893,15,0,0,0,0,0,0,0,0,7896,48,0,0,0,0,0,0,0,0
85,2017-04-13,09:00:42,113,pp1709,XDCE,7894,7858,7897,9906,390325270,406532,408616,8365,7569,7967,7925,0,7885,0,0,0,2017-04-13,32442113,7892,38,0,0,0,0,0,0,0,0,7895,2,0,0,0,0,0,0,0,0
86,2017-04-13,09:00:42,624,pp1709,XDCE,7894,7858,7897,9918,390798860,406532,408616,8365,7569,7967,7925,0,7885,0,0,0,2017-04-13,32442624,7892,37,0,0,0,0,0,0,0,0,7894,26,0,0,0,0,0,0,0,0
87,2017-04-13,09:00:43,118,pp1709,XDCE,7892,7858,7897,9932,391351420,406534,408616,8365,7569,7967,7925,0,7885,0,0,0,2017-04-13,32443118,7892,28,0,0,0,0,0,0,0,0,7893,2,0,0,0,0,0,0,0,0
88,2017-04-13,09:00:43,587,pp1709,XDCE,7893,7858,7897,9940,391667140,406534,408616,8365,7569,7967,7925,0,7885,0,0,0,2017-04-13,32443587,7892,28,0,0,0,0,0,0,0,0,7894,21,0,0,0,0,0,0,0,0
89,2017-04-13,09:00:44,107,pp1709,XDCE,7892,7858,7897,9970,392850980,406534,408616,8365,7569,7967,7925,0,7885,0,0,0,2017-04-13,32444107,7892,15,0,0,0,0,0,0,0,0,7894,25,0,0,0,0,0,0,0,0
90,2017-04-13,09:00:44,613,pp1709,XDCE,7892,7858,7897,10004,394192760,406520,408616,8365,7569,7967,7925,0,7885,0,0,0,2017-04-13,32444613,7892,5,0,0,0,0,0,0,0,0,7894,10,0,0,0,0,0,0,0,0
91,2017-04-13,09:00:45,100,pp1709,XDCE,7892,7858,7897,10032,395297760,406526,408616,8365,7569,7967,7925,0,7885,0,0,0,2017-04-13,32445100,7892,82,0,0,0,0,0,0,0,0,7894,6,0,0,0,0,0,0,0,0
92,2017-04-13,09:00:45,609,pp1709,XDCE,7892,7858,7897,10066,396639460,406522,408616,8365,7569,7967,7925,0,7885,0,0,0,2017-04-13,32445609,7892,62,0,0,0,0,0,0,0,0,7894,4,0,0,0,0,0,0,0,0
93,2017-04-13,09:00:46,33,pp1709,XDCE,7894,7858,7897,10094,397744360,406522,408616,8365,7569,7967,7925,0,7885,0,0,0,2017-04-13,32446033,7892,51,0,0,0,0,0,0,0,0,7894,3,0,0,0,0,0,0,0,0
94,2017-04-13,09:00:46,605,pp1709,XDCE,7894,7858,7897,10118,398691640,406518,408616,8365,7569,7967,7925,0,7885,0,0,0,2017-04-13,32446605,7892,5,0,0,0,0,0,0,0,0,7894,13,0,0,0,0,0,0,0,0
95,2017-04-13,09:00:47,120,pp1709,XDCE,7891,7858,7897,10188,401453550,406476,408616,8365,7569,7967,7925,0,7885,0,0,0,2017-04-13,32447120,7891,44,0,0,0,0,0,0,0,0,7892,138,0,0,0,0,0,0,0,0
96,2017-04-13,09:00:47,589,pp1709,XDCE,7891,7858,7897,10274,404846680,406478,408616,8365,7569,7967,7925,0,7885,0,0,0,2017-04-13,32447589,7890,35,0,0,0,0,0,0,0,0,7892,141,0,0,0,0,0,0,0,0
97,2017-04-13,09:00:47,927,pp1709,XDCE,7891,7858,7897,10274,404846680,406478,408616,8365,7569,7967,7925,0,7885,0,0,0,2017-04-13,32447927,7890,35,0,0,0,0,0,0,0,0,7891,8,0,0,0,0,0,0,0,0
98,2017-04-13,09:00:48,601,pp1709,XDCE,7891,7858,7897,10386,409265140,406394,408616,8365,7569,7967,7925,0,7885,0,0,0,2017-04-13,32448601,7889,2,0,0,0,0,0,0,0,0,7890,7,0,0,0,0,0,0,0,0
99,2017-04-13,09:00:49,77,pp1709,XDCE,7891,7858,7897,10394,409580780,406394,408616,8365,7569,7967,7925,0,7885,0,0,0,2017-04-13,32449077,7889,2,0,0,0,0,0,0,0,0,7890,3,0,0,0,0,0,0,0,0
100,2017-04-13,09:00:49,600,pp1709,XDCE,7890,7858,7897,10408,410133040,406392,408616,8365,7569,7967,7925,0,7885,0,0,0,2017-04-13,32449600,7890,24,0,0,0,0,0,0,0,0,7891,2,0,0,0,0,0,0,0,0
101,2017-04-13,09:00:50,126,pp1709,XDCE,7890,7858,7897,10508,414078040,406400,408616,8365,7569,7967,7925,0,7885,0,0,0,2017-04-13,32450126,7890,26,0,0,0,0,0,0,0,0,7891,2,0,0,0,0,0,0,0,0
102,2017-04-13,09:00:50,619,pp1709,XDCE,7890,7858,7897,10534,415103780,406388,408616,8365,7569,7967,7925,0,7885,0,0,0,2017-04-13,32450619,7891,1,0,0,0,0,0,0,0,0,7892,141,0,0,0,0,0,0,0,0
103,2017-04-13,09:00:51,126,pp1709,XDCE,7892,7858,7897,10630,418891890,406326,408616,8365,7569,7967,7925,0,7885,0,0,0,2017-04-13,32451126,7891,25,0,0,0,0,0,0,0,0,7892,96,0,0,0,0,0,0,0,0
104,2017-04-13,09:00:51,601,pp1709,XDCE,7895,7858,7897,10840,427178670,406142,408616,8365,7569,7967,7925,0,7885,0,0,0,2017-04-13,32451601,7892,12,0,0,0,0,0,0,0,0,7895,7,0,0,0,0,0,0,0,0
105,2017-04-13,09:00:52,97,pp1709,XDCE,7892,7858,7897,10866,428204630,406148,408616,8365,7569,7967,7925,0,7885,0,0,0,2017-04-13,32452097,7892,23,0,0,0,0,0,0,0,0,7895,7,0,0,0,0,0,0,0,0
106,2017-04-13,09:00:52,597,pp1709,XDCE,7892,7858,7897,10870,428362470,406146,408616,8365,7569,7967,7925,0,7885,0,0,0,2017-04-13,32452597,7892,21,0,0,0,0,0,0,0,0,7894,1,0,0,0,0,0,0,0,0
107,2017-04-13,09:00:52,987,pp1709,XDCE,7892,7858,7897,10874,428520310,406142,408616,8365,7569,7967,7925,0,7885,0,0,0,2017-04-13,32452987,7892,22,0,0,0,0,0,0,0,0,7894,1,0,0,0,0,0,0,0,0
108,2017-04-13,09:00:53,542,pp1709,XDCE,7892,7858,7897,10876,428599230,406142,408616,8365,7569,7967,7925,0,7885,0,0,0,2017-04-13,32453542,7892,21,0,0,0,0,0,0,0,0,7894,1,0,0,0,0,0,0,0,0
109,2017-04-13,09:00:54,55,pp1709,XDCE,7894,7858,7897,10878,428678170,406142,408616,8365,7569,7967,7925,0,7885,0,0,0,2017-04-13,32454055,7892,21,0,0,0,0,0,0,0,0,7895,20,0,0,0,0,0,0,0,0
110,2017-04-13,09:00:54,628,pp1709,XDCE,7894,7858,7897,10898,429467660,406140,408616,8365,7569,7967,7925,0,7885,0,0,0,2017-04-13,32454628,7894,5,0,0,0,0,0,0,0,0,7895,13,0,0,0,0,0,0,0,0
111,2017-04-13,09:00:55,127,pp1709,XDCE,7890,7858,7897,11082,436727380,406172,408616,8365,7569,7967,7925,0,7885,0,0,0,2017-04-13,32455127,7889,26,0,0,0,0,0,0,0,0,7890,21,0,0,0,0,0,0,0,0
112,2017-04-13,09:00:55,629,pp1709,XDCE,7895,7858,7897,11166,440042090,406160,408616,8365,7569,7967,7925,0,7885,0,0,0,2017-04-13,32455629,7893,3,0,0,0,0,0,0,0,0,7895,6,0,0,0,0,0,0,0,0
113,2017-04-13,09:00:56,109,pp1709,XDCE,7895,7858,7897,11172,440278910,406162,408616,8365,7569,7967,7925,0,7885,0,0,0,2017-04-13,32456109,7893,2,0,0,0,0,0,0,0,0,7895,6,0,0,0,0,0,0,0,0
114,2017-04-13,09:00:56,628,pp1709,XDCE,7893,7858,7897,11222,442252400,406124,408616,8365,7569,7967,7925,0,7885,0,0,0,2017-04-13,32456628,7891,2,0,0,0,0,0,0,0,0,7895,6,0,0,0,0,0,0,0,0
115,2017-04-13,09:00:57,126,pp1709,XDCE,7893,7858,7897,11222,442252400,406124,408616,8365,7569,7967,7925,0,7885,0,0,0,2017-04-13,32457126,7892,6,0,0,0,0,0,0,0,0,7894,4,0,0,0,0,0,0,0,0
116,2017-04-13,09:00:57,590,pp1709,XDCE,7895,7858,7897,11242,443041860,406130,408616,8365,7569,7967,7925,0,7885,0,0,0,2017-04-13,32457590,7895,13,0,0,0,0,0,0,0,0,7896,41,0,0,0,0,0,0,0,0
117,2017-04-13,09:00:58,107,pp1709,XDCE,7894,7858,7897,11278,444462930,406122,408616,8365,7569,7967,7925,0,7885,0,0,0,2017-04-13,32458107,7894,17,0,0,0,0,0,0,0,0,7895,3,0,0,0,0,0,0,0,0
118,2017-04-13,09:00:58,600,pp1709,XDCE,7895,7858,7897,11316,445962830,406088,408616,8365,7569,7967,7925,0,7885,0,0,0,2017-04-13,32458600,7895,6,0,0,0,0,0,0,0,0,7896,41,0,0,0,0,0,0,0,0
119,2017-04-13,09:00:59,95,pp1709,XDCE,7896,7858,7897,11338,446831330,406078,408616,8365,7569,7967,7925,0,7885,0,0,0,2017-04-13,32459095,7894,2,0,0,0,0,0,0,0,0,7896,36,0,0,0,0,0,0,0,0
120,2017-04-13,09:00:59,629,pp1709,XDCE,7896,7858,7897,11378,448410530,406038,408616,8365,7569,7967,7925,0,7885,0,0,0,2017-04-13,32459629,7895,8,0,0,0,0,0,0,0,0,7896,16,0,0,0,0,0,0,0,0
121,2017-04-13,09:01:00,129,pp1709,XDCE,7896,7858,7897,11382,448568450,406036,408616,8365,7569,7967,7925,0,7885,0,0,0,2017-04-13,32460129,7895,8,0,0,0,0,0,0,0,0,7896,24,0,0,0,0,0,0,0,0
122,2017-04-13,09:01:00,627,pp1709,XDCE,7899,7858,7900,11682,460414140,405932,408616,8365,7569,7967,7925,0,7885,0,0,0,2017-04-13,32460627,7899,249,0,0,0,0,0,0,0,0,7900,7,0,0,0,0,0,0,0,0
123,2017-04-13,09:01:01,121,pp1709,XDCE,7901,7858,7901,11724,462073040,405910,408616,8365,7569,7967,7925,0,7885,0,0,0,2017-04-13,32461121,7900,11,0,0,0,0,0,0,0,0,7902,2,0,0,0,0,0,0,0,0
124,2017-04-13,09:01:01,609,pp1709,XDCE,7900,7858,7902,11786,464522290,405920,408616,8365,7569,7967,7925,0,7885,0,0,0,2017-04-13,32461609,7900,12,0,0,0,0,0,0,0,0,7902,4,0,0,0,0,0,0,0,0
125,2017-04-13,09:01:02,98,pp1709,XDCE,7901,7858,7902,11818,465786450,405934,408616,8365,7569,7967,7925,0,7885,0,0,0,2017-04-13,32462098,7901,6,0,0,0,0,0,0,0,0,7904,1,0,0,0,0,0,0,0,0
126,2017-04-13,09:01:02,591,pp1709,XDCE,7901,7858,7903,11826,466102510,405932,408616,8365,7569,7967,7925,0,7885,0,0,0,2017-04-13,32462591,7901,5,0,0,0,0,0,0,0,0,7904,1,0,0,0,0,0,0,0,0
127,2017-04-13,09:01:03,111,pp1709,XDCE,7902,7858,7903,11834,466418560,405928,408616,8365,7569,7967,7925,0,7885,0,0,0,2017-04-13,32463111,7901,3,0,0,0,0,0,0,0,0,7904,4,0,0,0,0,0,0,0,0
128,2017-04-13,09:01:03,629,pp1709,XDCE,7901,7858,7903,11836,466497570,405930,408616,8365,7569,7967,7925,0,7885,0,0,0,2017-04-13,32463629,7901,2,0,0,0,0,0,0,0,0,7904,5,0,0,0,0,0,0,0,0
129,2017-04-13,09:01:04,126,pp1709,XDCE,7904,7858,7904,11878,468157340,405892,408616,8365,7569,7967,7925,0,7885,0,0,0,2017-04-13,32464126,7901,2,0,0,0,0,0,0,0,0,7903,14,0,0,0,0,0,0,0,0
130,2017-04-13,09:01:04,624,pp1709,XDCE,7903,7858,7904,11888,468552410,405896,408616,8365,7569,7967,7925,0,7885,0,0,0,2017-04-13,32464624,7901,1,0,0,0,0,0,0,0,0,7903,14,0,0,0,0,0,0,0,0
131,2017-04-13,09:01:05,114,pp1709,XDCE,7904,7858,7904,11922,469895910,405890,408616,8365,7569,7967,7925,0,7885,0,0,0,2017-04-13,32465114,7900,29,0,0,0,0,0,0,0,0,7902,1,0,0,0,0,0,0,0,0
132,2017-04-13,09:01:05,605,pp1709,XDCE,7902,7858,7904,11966,471634310,405854,408616,8365,7569,7967,7925,0,7885,0,0,0,2017-04-13,32465605,7900,24,0,0,0,0,0,0,0,0,7902,7,0,0,0,0,0,0,0,0
133,2017-04-13,09:01:06,42,pp1709,XDCE,7902,7858,7904,11984,472345470,405846,408616,8365,7569,7967,7925,0,7885,0,0,0,2017-04-13,32466042,7900,24,0,0,0,0,0,0,0,0,7903,1,0,0,0,0,0,0,0,0
134,2017-04-13,09:01:06,597,pp1709,XDCE,7900,7858,7904,12034,474320480,405844,408616,8365,7569,7967,7925,0,7885,0,0,0,2017-04-13,32466597,7899,238,0,0,0,0,0,0,0,0,7900,45,0,0,0,0,0,0,0,0
135,2017-04-13,09:01:07,102,pp1709,XDCE,7900,7858,7904,12036,474399480,405846,408616,8365,7569,7967,7925,0,7885,0,0,0,2017-04-13,32467102,7899,238,0,0,0,0,0,0,0,0,7900,50,0,0,0,0,0,0,0,0
136,2017-04-13,09:01:07,594,pp1709,XDCE,7900,7858,7904,12056,475189480,405848,408616,8365,7569,7967,7925,0,7885,0,0,0,2017-04-13,32467594,7899,238,0,0,0,0,0,0,0,0,7900,42,0,0,0,0,0,0,0,0
137,2017-04-13,09:01:08,89,pp1709,XDCE,7900,7858,7904,12148,478823470,405832,408616,8365,7569,7967,7925,0,7885,0,0,0,2017-04-13,32468089,7900,17,0,0,0,0,0,0,0,0,7901,6,0,0,0,0,0,0,0,0
138,2017-04-13,09:01:08,581,pp1709,XDCE,7900,7858,7904,12194,480640470,405794,408616,8365,7569,7967,7925,0,7885,0,0,0,2017-04-13,32468581,7900,2,0,0,0,0,0,0,0,0,7901,83,0,0,0,0,0,0,0,0
139,2017-04-13,09:01:09,112,pp1709,XDCE,7899,7858,7904,12234,482220370,405778,408616,8365,7569,7967,7925,0,7885,0,0,0,2017-04-13,32469112,7899,225,0,0,0,0,0,0,0,0,7901,81,0,0,0,0,0,0,0,0
140,2017-04-13,09:01:09,598,pp1709,XDCE,7901,7858,7904,12236,482299380,405778,408616,8365,7569,7967,7925,0,7885,0,0,0,2017-04-13,32469598,7900,14,0,0,0,0,0,0,0,0,7901,80,0,0,0,0,0,0,0,0
141,2017-04-13,09:01:10,101,pp1709,XDCE,7901,7858,7904,12322,485696620,405798,408616,8365,7569,7967,7925,0,7885,0,0,0,2017-04-13,32470101,7899,225,0,0,0,0,0,0,0,0,7901,56,0,0,0,0,0,0,0,0
142,2017-04-13,09:01:10,589,pp1709,XDCE,7899,7858,7904,12336,486249630,405792,408616,8365,7569,7967,7925,0,7885,0,0,0,2017-04-13,32470589,7899,222,0,0,0,0,0,0,0,0,7900,6,0,0,0,0,0,0,0,0
143,2017-04-13,09:01:11,111,pp1709,XDCE,7900,7858,7904,12386,488224580,405804,408616,8365,7569,7967,7925,0,7885,0,0,0,2017-04-13,32471111,7899,217,0,0,0,0,0,0,0,0,7900,36,0,0,0,0,0,0,0,0
144,2017-04-13,09:01:11,626,pp1709,XDCE,7902,7858,7904,12464,491305600,405820,408616,8365,7569,7967,7925,0,7885,0,0,0,2017-04-13,32471626,7900,24,0,0,0,0,0,0,0,0,7902,1,0,0,0,0,0,0,0,0
145,2017-04-13,09:01:12,99,pp1709,XDCE,7902,7858,7904,12496,492569650,405796,408616,8365,7569,7967,7925,0,7885,0,0,0,2017-04-13,32472099,7902,20,0,0,0,0,0,0,0,0,7903,4,0,0,0,0,0,0,0,0
146,2017-04-13,09:01:12,590,pp1709,XDCE,7900,7858,7904,12512,493201810,405792,408616,8365,7569,7967,7925,0,7885,0,0,0,2017-04-13,32472590,7901,5,0,0,0,0,0,0,0,0,7903,3,0,0,0,0,0,0,0,0
147,2017-04-13,09:01:13,114,pp1709,XDCE,7903,7858,7904,12514,493280840,405792,408616,8365,7569,7967,7925,0,7885,0,0,0,2017-04-13,32473114,7900,23,0,0,0,0,0,0,0,0,7902,1,0,0,0,0,0,0,0,0
148,2017-04-13,09:01:13,607,pp1709,XDCE,7900,7858,7904,12578,495809080,405802,408616,8365,7569,7967,7925,0,7885,0,0,0,2017-04-13,32473607,7902,3,0,0,0,0,0,0,0,0,7903,2,0,0,0,0,0,0,0,0
149,2017-04-13,09:01:14,124,pp1709,XDCE,7901,7858,7904,12604,496836220,405782,408616,8365,7569,7967,7925,0,7885,0,0,0,2017-04-13,32474124,7900,7,0,0,0,0,0,0,0,0,7901,4,0,0,0,0,0,0,0,0
150,2017-04-13,09:01:14,616,pp1709,XDCE,7899,7858,7904,12624,497626200,405776,408616,8365,7569,7967,7925,0,7885,0,0,0,2017-04-13,32474616,7899,220,0,0,0,0,0,0,0,0,7900,5,0,0,0,0,0,0,0,0
151,2017-04-13,09:01:15,94,pp1709,XDCE,7899,7858,7904,12898,508447830,405506,408616,8365,7569,7967,7925,0,7885,0,0,0,2017-04-13,32475094,7899,78,0,0,0,0,0,0,0,0,7900,10,0,0,0,0,0,0,0,0
152,2017-04-13,09:01:15,618,pp1709,XDCE,7897,7858,7904,13058,514767010,405372,408616,8365,7569,7967,7925,0,7885,0,0,0,2017-04-13,32475618,7896,7,0,0,0,0,0,0,0,0,7897,1,0,0,0,0,0,0,0,0
153,2017-04-13,09:01:16,110,pp1709,XDCE,7896,7858,7904,13080,515635620,405372,408616,8365,7569,7967,7925,0,7885,0,0,0,2017-04-13,32476110,7895,33,0,0,0,0,0,0,0,0,7896,7,0,0,0,0,0,0,0,0
154,2017-04-13,09:01:16,590,pp1709,XDCE,7899,7858,7904,13130,517609680,405356,408616,8365,7569,7967,7925,0,7885,0,0,0,2017-04-13,32476590,7895,20,0,0,0,0,0,0,0,0,7898,7,0,0,0,0,0,0,0,0
155,2017-04-13,09:01:17,88,pp1709,XDCE,7895,7858,7904,13162,518872990,405342,408616,8365,7569,7967,7925,0,7885,0,0,0,2017-04-13,32477088,7895,11,0,0,0,0,0,0,0,0,7896,24,0,0,0,0,0,0,0,0
156,2017-04-13,09:01:17,593,pp1709,XDCE,7895,7858,7904,13214,520925840,405306,408616,8365,7569,7967,7925,0,7885,0,0,0,2017-04-13,32477593,7893,2,0,0,0,0,0,0,0,0,7895,1,0,0,0,0,0,0,0,0
157,2017-04-13,09:01:18,87,pp1709,XDCE,7897,7858,7904,13320,525111180,405304,408616,8365,7569,7967,7925,0,7885,0,0,0,2017-04-13,32478087,7896,2,0,0,0,0,0,0,0,0,7897,6,0,0,0,0,0,0,0,0
158,2017-04-13,09:01:18,594,pp1709,XDCE,7896,7858,7904,13324,525269100,405306,408616,8365,7569,7967,7925,0,7885,0,0,0,2017-04-13,32478594,7893,5,0,0,0,0,0,0,0,0,7896,10,0,0,0,0,0,0,0,0
159,2017-04-13,09:01:19,70,pp1709,XDCE,7894,7858,7904,13360,526690040,405308,408616,8365,7569,7967,7925,0,7885,0,0,0,2017-04-13,32479070,7895,1,0,0,0,0,0,0,0,0,7896,9,0,0,0,0,0,0,0,0
160,2017-04-13,09:01:19,618,pp1709,XDCE,7895,7858,7904,13556,534427200,405302,408616,8365,7569,7967,7925,0,7885,0,0,0,2017-04-13,32479618,7894,13,0,0,0,0,0,0,0,0,7895,2,0,0,0,0,0,0,0,0
161,2017-04-13,09:01:19,974,pp1709,XDCE,7896,7858,7904,13568,534900960,405298,408616,8365,7569,7967,7925,0,7885,0,0,0,2017-04-13,32479974,7896,1,0,0,0,0,0,0,0,0,7897,5,0,0,0,0,0,0,0,0
162,2017-04-13,09:01:20,600,pp1709,XDCE,7897,7858,7904,13576,535216840,405290,408616,8365,7569,7967,7925,0,7885,0,0,0,2017-04-13,32480600,7896,1,0,0,0,0,0,0,0,0,7898,5,0,0,0,0,0,0,0,0
163,2017-04-13,09:01:21,89,pp1709,XDCE,7898,7858,7904,13610,536559260,405286,408616,8365,7569,7967,7925,0,7885,0,0,0,2017-04-13,32481089,7896,6,0,0,0,0,0,0,0,0,7899,1,0,0,0,0,0,0,0,0
164,2017-04-13,09:01:21,594,pp1709,XDCE,7897,7858,7904,13612,536638230,405284,408616,8365,7569,7967,7925,0,7885,0,0,0,2017-04-13,32481594,7896,7,0,0,0,0,0,0,0,0,7899,2,0,0,0,0,0,0,0,0
165,2017-04-13,09:01:22,111,pp1709,XDCE,7897,7858,7904,13618,536875160,405280,408616,8365,7569,7967,7925,0,7885,0,0,0,2017-04-13,32482111,7897,5,0,0,0,0,0,0,0,0,7898,15,0,0,0,0,0,0,0,0
166,2017-04-13,09:01:22,594,pp1709,XDCE,7897,7858,7904,13634,537506930,405272,408616,8365,7569,7967,7925,0,7885,0,0,0,2017-04-13,32482594,7896,9,0,0,0,0,0,0,0,0,7897,1,0,0,0,0,0,0,0,0
167,2017-04-13,09:01:23,128,pp1709,XDCE,7900,7858,7904,13728,541219570,405242,408616,8365,7569,7967,7925,0,7885,0,0,0,2017-04-13,32483128,7897,5,0,0,0,0,0,0,0,0,7899,8,0,0,0,0,0,0,0,0
168,2017-04-13,09:01:23,590,pp1709,XDCE,7896,7858,7904,13782,543351550,405202,408616,8365,7569,7967,7925,0,7885,0,0,0,2017-04-13,32483590,7896,22,0,0,0,0,0,0,0,0,7897,2,0,0,0,0,0,0,0,0
169,2017-04-13,09:01:23,968,pp1709,XDCE,7897,7858,7904,13786,543509490,405198,408616,8365,7569,7967,7925,0,7885,0,0,0,2017-04-13,32483968,7895,10,0,0,0,0,0,0,0,0,7897,1,0,0,0,0,0,0,0,0
170,2017-04-13,09:01:24,588,pp1709,XDCE,7896,7858,7904,13808,544378050,405196,408616,8365,7569,7967,7925,0,7885,0,0,0,2017-04-13,32484588,7896,7,0,0,0,0,0,0,0,0,7897,1,0,0,0,0,0,0,0,0
171,2017-04-13,09:01:25,94,pp1709,XDCE,7896,7858,7904,13812,544535980,405194,408616,8365,7569,7967,7925,0,7885,0,0,0,2017-04-13,32485094,7896,3,0,0,0,0,0,0,0,0,7897,2,0,0,0,0,0,0,0,0
172,2017-04-13,09:01:25,609,pp1709,XDCE,7898,7858,7904,13848,545957460,405162,408616,8365,7569,7967,7925,0,7885,0,0,0,2017-04-13,32485609,7897,8,0,0,0,0,0,0,0,0,7900,14,0,0,0,0,0,0,0,0
173,2017-04-13,09:01:26,126,pp1709,XDCE,7897,7858,7904,13858,546352320,405156,408616,8365,7569,7967,7925,0,7885,0,0,0,2017-04-13,32486126,7897,10,0,0,0,0,0,0,0,0,7900,14,0,0,0,0,0,0,0,0
174,2017-04-13,09:01:26,575,pp1709,XDCE,7897,7858,7904,13860,546431290,405156,408616,8365,7569,7967,7925,0,7885,0,0,0,2017-04-13,32486575,7897,9,0,0,0,0,0,0,0,0,7900,14,0,0,0,0,0,0,0,0
175,2017-04-13,09:01:27,125,pp1709,XDCE,7899,7858,7904,13882,547300160,405168,408616,8365,7569,7967,7925,0,7885,0,0,0,2017-04-13,32487125,7897,9,0,0,0,0,0,0,0,0,7899,1,0,0,0,0,0,0,0,0
176,2017-04-13,09:01:27,589,pp1709,XDCE,7899,7858,7904,13882,547300160,405168,408616,8365,7569,7967,7925,0,7885,0,0,0,2017-04-13,32487589,7897,11,0,0,0,0,0,0,0,0,7899,2,0,0,0,0,0,0,0,0
177,2017-04-13,09:01:28,115,pp1709,XDCE,7899,7858,7904,13886,547458140,405164,408616,8365,7569,7967,7925,0,7885,0,0,0,2017-04-13,32488115,7898,14,0,0,0,0,0,0,0,0,7900,14,0,0,0,0,0,0,0,0
178,2017-04-13,09:01:28,331,pp1709,XDCE,7900,7858,7904,13932,549274900,405158,408616,8365,7569,7967,7925,0,7885,0,0,0,2017-04-13,32488331,7898,5,0,0,0,0,0,0,0,0,7900,6,0,0,0,0,0,0,0,0
179,2017-04-13,09:01:29,115,pp1709,XDCE,7898,7858,7904,13936,549432860,405154,408616,8365,7569,7967,7925,0,7885,0,0,0,2017-04-13,32489115,7899,7,0,0,0,0,0,0,0,0,7900,6,0,0,0,0,0,0,0,0
180,2017-04-13,09:01:29,595,pp1709,XDCE,7898,7858,7904,14050,553934620,405068,408616,8365,7569,7967,7925,0,7885,0,0,0,2017-04-13,32489595,7897,39,0,0,0,0,0,0,0,0,7899,9,0,0,0,0,0,0,0,0
181,2017-04-13,09:01:30,129,pp1709,XDCE,7899,7858,7904,14076,554961480,405050,408616,8365,7569,7967,7925,0,7885,0,0,0,2017-04-13,32490129,7897,38,0,0,0,0,0,0,0,0,7899,19,0,0,0,0,0,0,0,0
182,2017-04-13,09:01:30,613,pp1709,XDCE,7897,7858,7904,14118,556619950,405038,408616,8365,7569,7967,7925,0,7885,0,0,0,2017-04-13,32490613,7897,22,0,0,0,0,0,0,0,0,7899,4,0,0,0,0,0,0,0,0
183,2017-04-13,09:01:31,99,pp1709,XDCE,7900,7858,7904,14122,556777940,405034,408616,8365,7569,7967,7925,0,7885,0,0,0,2017-04-13,32491099,7897,22,0,0,0,0,0,0,0,0,7900,31,0,0,0,0,0,0,0,0
184,2017-04-13,09:01:31,522,pp1709,XDCE,7898,7858,7904,14130,557093900,405034,408616,8365,7569,7967,7925,0,7885,0,0,0,2017-04-13,32491522,7897,22,0,0,0,0,0,0,0,0,7900,29,0,0,0,0,0,0,0,0
185,2017-04-13,09:01:32,90,pp1709,XDCE,7900,7858,7904,14180,559068340,405004,408616,8365,7569,7967,7925,0,7885,0,0,0,2017-04-13,32492090,7897,11,0,0,0,0,0,0,0,0,7899,7,0,0,0,0,0,0,0,0
186,2017-04-13,09:01:33,88,pp1709,XDCE,7898,7858,7904,14184,559226300,405000,408616,8365,7569,7967,7925,0,7885,0,0,0,2017-04-13,32493088,7898,1,0,0,0,0,0,0,0,0,7899,9,0,0,0,0,0,0,0,0
187,2017-04-13,09:01:33,587,pp1709,XDCE,7897,7858,7904,14222,560726890,404972,408616,8365,7569,7967,7925,0,7885,0,0,0,2017-04-13,32493587,7896,14,0,0,0,0,0,0,0,0,7897,8,0,0,0,0,0,0,0,0
188,2017-04-13,09:01:34,89,pp1709,XDCE,7896,7858,7904,14270,562621940,404944,408616,8365,7569,7967,7925,0,7885,0,0,0,2017-04-13,32494089,7895,5,0,0,0,0,0,0,0,0,7896,8,0,0,0,0,0,0,0,0
189,2017-04-13,09:01:34,588,pp1709,XDCE,7896,7858,7904,14304,563964110,404954,408616,8365,7569,7967,7925,0,7885,0,0,0,2017-04-13,32494588,7894,1,0,0,0,0,0,0,0,0,7896,5,0,0,0,0,0,0,0,0
190,2017-04-13,09:01:35,91,pp1709,XDCE,7896,7858,7904,14314,564358870,404946,408616,8365,7569,7967,7925,0,7885,0,0,0,2017-04-13,32495091,7894,7,0,0,0,0,0,0,0,0,7895,1,0,0,0,0,0,0,0,0
191,2017-04-13,09:01:36,126,pp1709,XDCE,7894,7858,7904,14338,565306130,404942,408616,8365,7569,7967,7925,0,7885,0,0,0,2017-04-13,32496126,7893,4,0,0,0,0,0,0,0,0,7894,22,0,0,0,0,0,0,0,0
192,2017-04-13,09:01:36,588,pp1709,XDCE,7894,7858,7904,14382,567042810,404942,408616,8365,7569,7967,7925,0,7885,0,0,0,2017-04-13,32496588,7895,2,0,0,0,0,0,0,0,0,7897,9,0,0,0,0,0,0,0,0
193,2017-04-13,09:01:37,122,pp1709,XDCE,7894,7858,7904,14382,567042810,404942,408616,8365,7569,7967,7925,0,7885,0,0,0,2017-04-13,32497122,7896,5,0,0,0,0,0,0,0,0,7897,9,0,0,0,0,0,0,0,0
194,2017-04-13,09:01:37,623,pp1709,XDCE,7895,7858,7904,14398,567674400,404928,408616,8365,7569,7967,7925,0,7885,0,0,0,2017-04-13,32497623,7893,8,0,0,0,0,0,0,0,0,7895,8,0,0,0,0,0,0,0,0
195,2017-04-13,09:01:38,115,pp1709,XDCE,7895,7858,7904,14408,568069150,404918,408616,8365,7569,7967,7925,0,7885,0,0,0,2017-04-13,32498115,7894,2,0,0,0,0,0,0,0,0,7895,5,0,0,0,0,0,0,0,0
196,2017-04-13,09:01:38,599,pp1709,XDCE,7894,7858,7904,14422,568621730,404910,408616,8365,7569,7967,7925,0,7885,0,0,0,2017-04-13,32498599,7894,1,0,0,0,0,0,0,0,0,7895,4,0,0,0,0,0,0,0,0
197,2017-04-13,09:01:39,40,pp1709,XDCE,7894,7858,7904,14436,569174320,404898,408616,8365,7569,7967,7925,0,7885,0,0,0,2017-04-13,32499040,7894,5,0,0,0,0,0,0,0,0,7895,3,0,0,0,0,0,0,0,0
198,2017-04-13,09:01:39,630,pp1709,XDCE,7893,7858,7904,14454,569884800,404896,408616,8365,7569,7967,7925,0,7885,0,0,0,2017-04-13,32499630,7893,7,0,0,0,0,0,0,0,0,7894,1,0,0,0,0,0,0,0,0
199,2017-04-13,09:01:40,129,pp1709,XDCE,7893,7858,7904,14660,578019730,404726,408616,8365,7569,7967,7925,0,7885,0,0,0,2017-04-13,32500129,7893,3,0,0,0,0,0,0,0,0,7899,21,0,0,0,0,0,0,0,0
200,2017-04-13,09:01:40,618,pp1709,XDCE,7898,7858,7904,14674,578572510,404716,408616,8365,7569,7967,7925,0,7885,0,0,0,2017-04-13,32500618,7895,4,0,0,0,0,0,0,0,0,7898,17,0,0,0,0,0,0,0,0
201,2017-04-13,09:01:41,98,pp1709,XDCE,7898,7858,7904,14708,579914940,404716,408616,8365,7569,7967,7925,0,7885,0,0,0,2017-04-13,32501098,7894,10,0,0,0,0,0,0,0,0,7898,6,0,0,0,0,0,0,0,0
202,2017-04-13,09:01:41,614,pp1709,XDCE,7898,7858,7904,14708,579914940,404716,408616,8365,7569,7967,7925,0,7885,0,0,0,2017-04-13,32501614,7895,4,0,0,0,0,0,0,0,0,7897,1,0,0,0,0,0,0,0,0
203,2017-04-13,09:01:42,126,pp1709,XDCE,7895,7858,7904,14710,579993890,404718,408616,8365,7569,7967,7925,0,7885,0,0,0,2017-04-13,32502126,7895,2,0,0,0,0,0,0,0,0,7897,2,0,0,0,0,0,0,0,0
204,2017-04-13,09:01:42,591,pp1709,XDCE,7897,7858,7904,14722,580467610,404710,408616,8365,7569,7967,7925,0,7885,0,0,0,2017-04-13,32502591,7898,19,0,0,0,0,0,0,0,0,7899,5,0,0,0,0,0,0,0,0
205,2017-04-13,09:01:43,92,pp1709,XDCE,7898,7858,7904,14804,583705290,404654,408616,8365,7569,7967,7925,0,7885,0,0,0,2017-04-13,32503092,7895,5,0,0,0,0,0,0,0,0,7897,3,0,0,0,0,0,0,0,0
206,2017-04-13,09:01:43,627,pp1709,XDCE,7896,7858,7904,14808,583863220,404652,408616,8365,7569,7967,7925,0,7885,0,0,0,2017-04-13,32503627,7895,5,0,0,0,0,0,0,0,0,7896,1,0,0,0,0,0,0,0,0
207,2017-04-13,09:01:44,93,pp1709,XDCE,7896,7858,7904,14832,584810730,404650,408616,8365,7569,7967,7925,0,7885,0,0,0,2017-04-13,32504093,7895,14,0,0,0,0,0,0,0,0,7897,21,0,0,0,0,0,0,0,0
208,2017-04-13,09:01:44,593,pp1709,XDCE,7895,7858,7904,14874,586468690,404648,408616,8365,7569,7967,7925,0,7885,0,0,0,2017-04-13,32504593,7893,4,0,0,0,0,0,0,0,0,7896,6,0,0,0,0,0,0,0,0
209,2017-04-13,09:01:45,93,pp1709,XDCE,7895,7858,7904,14886,586942440,404652,408616,8365,7569,7967,7925,0,7885,0,0,0,2017-04-13,32505093,7893,4,0,0,0,0,0,0,0,0,7896,1,0,0,0,0,0,0,0,0
210,2017-04-13,09:01:45,594,pp1709,XDCE,7896,7858,7904,14888,587021400,404650,408616,8365,7569,7967,7925,0,7885,0,0,0,2017-04-13,32505594,7894,5,0,0,0,0,0,0,0,0,7897,12,0,0,0,0,0,0,0,0
211,2017-04-13,09:01:46,86,pp1709,XDCE,7895,7858,7904,14890,587100350,404650,408616,8365,7569,7967,7925,0,7885,0,0,0,2017-04-13,32506086,7896,2,0,0,0,0,0,0,0,0,7897,2,0,0,0,0,0,0,0,0
212,2017-04-13,09:01:46,626,pp1709,XDCE,7896,7858,7904,14918,588205830,404672,408616,8365,7569,7967,7925,0,7885,0,0,0,2017-04-13,32506626,7897,1,0,0,0,0,0,0,0,0,7898,9,0,0,0,0,0,0,0,0
213,2017-04-13,09:01:47,89,pp1709,XDCE,7898,7858,7904,14926,588521750,404680,408616,8365,7569,7967,7925,0,7885,0,0,0,2017-04-13,32507089,7897,1,0,0,0,0,0,0,0,0,7898,5,0,0,0,0,0,0,0,0
214,2017-04-13,09:01:47,553,pp1709,XDCE,7898,7858,7904,14940,589074590,404682,408616,8365,7569,7967,7925,0,7885,0,0,0,2017-04-13,32507553,7896,4,0,0,0,0,0,0,0,0,7899,6,0,0,0,0,0,0,0,0
215,2017-04-13,09:01:48,128,pp1709,XDCE,7899,7858,7904,14956,589706450,404674,408616,8365,7569,7967,7925,0,7885,0,0,0,2017-04-13,32508128,7899,94,0,0,0,0,0,0,0,0,7900,22,0,0,0,0,0,0,0,0
216,2017-04-13,09:01:48,592,pp1709,XDCE,7901,7858,7904,15028,592550370,404648,408616,8365,7569,7967,7925,0,7885,0,0,0,2017-04-13,32508592,7900,2,0,0,0,0,0,0,0,0,7901,2,0,0,0,0,0,0,0,0
217,2017-04-13,09:01:49,88,pp1709,XDCE,7901,7858,7904,15038,592945430,404642,408616,8365,7569,7967,7925,0,7885,0,0,0,2017-04-13,32509088,7900,4,0,0,0,0,0,0,0,0,7902,6,0,0,0,0,0,0,0,0
218,2017-04-13,09:01:49,620,pp1709,XDCE,7901,7858,7904,15060,593814460,404640,408616,8365,7569,7967,7925,0,7885,0,0,0,2017-04-13,32509620,7900,27,0,0,0,0,0,0,0,0,7902,3,0,0,0,0,0,0,0,0
219,2017-04-13,09:01:50,69,pp1709,XDCE,7900,7858,7904,15090,594999460,404632,408616,8365,7569,7967,7925,0,7885,0,0,0,2017-04-13,32510069,7900,8,0,0,0,0,0,0,0,0,7902,3,0,0,0,0,0,0,0,0
220,2017-04-13,09:01:50,623,pp1709,XDCE,7900,7858,7904,15094,595157460,404630,408616,8365,7569,7967,7925,0,7885,0,0,0,2017-04-13,32510623,7900,6,0,0,0,0,0,0,0,0,7902,3,0,0,0,0,0,0,0,0
221,2017-04-13,09:01:51,61,pp1709,XDCE,7900,7858,7904,15102,595473500,404630,408616,8365,7569,7967,7925,0,7885,0,0,0,2017-04-13,32511061,7900,8,0,0,0,0,0,0,0,0,7901,2,0,0,0,0,0,0,0,0
222,2017-04-13,09:01:51,618,pp1709,XDCE,7900,7858,7904,15110,595789520,404630,408616,8365,7569,7967,7925,0,7885,0,0,0,2017-04-13,32511618,7900,15,0,0,0,0,0,0,0,0,7902,2,0,0,0,0,0,0,0,0
223,2017-04-13,09:01:52,129,pp1709,XDCE,7901,7858,7904,15116,596026530,404630,408616,8365,7569,7967,7925,0,7885,0,0,0,2017-04-13,32512129,7901,32,0,0,0,0,0,0,0,0,7902,3,0,0,0,0,0,0,0,0
224,2017-04-13,09:01:52,603,pp1709,XDCE,7901,7858,7904,15126,596421610,404622,408616,8365,7569,7967,7925,0,7885,0,0,0,2017-04-13,32512603,7901,30,0,0,0,0,0,0,0,0,7903,2,0,0,0,0,0,0,0,0
225,2017-04-13,09:01:53,92,pp1709,XDCE,7901,7858,7904,15126,596421610,404622,408616,8365,7569,7967,7925,0,7885,0,0,0,2017-04-13,32513092,7901,30,0,0,0,0,0,0,0,0,7903,3,0,0,0,0,0,0,0,0
226,2017-04-13,09:01:53,620,pp1709,XDCE,7901,7858,7904,15162,597843900,404606,408616,8365,7569,7967,7925,0,7885,0,0,0,2017-04-13,32513620,7901,21,0,0,0,0,0,0,0,0,7904,14,0,0,0,0,0,0,0,0
227,2017-04-13,09:01:54,542,pp1709,XDCE,7904,7858,7904,15168,598081020,404606,408616,8365,7569,7967,7925,0,7885,0,0,0,2017-04-13,32514542,7903,1,0,0,0,0,0,0,0,0,7904,11,0,0,0,0,0,0,0,0
228,2017-04-13,09:01:55,94,pp1709,XDCE,7902,7858,7904,15184,598713230,404606,408616,8365,7569,7967,7925,0,7885,0,0,0,2017-04-13,32515094,7902,6,0,0,0,0,0,0,0,0,7903,10,0,0,0,0,0,0,0,0
229,2017-04-13,09:01:55,587,pp1709,XDCE,7902,7858,7904,15198,599266370,404600,408616,8365,7569,7967,7925,0,7885,0,0,0,2017-04-13,32515587,7901,21,0,0,0,0,0,0,0,0,7903,10,0,0,0,0,0,0,0,0
230,2017-04-13,09:01:56,96,pp1709,XDCE,7903,7858,7904,15222,600214730,404578,408616,8365,7569,7967,7925,0,7885,0,0,0,2017-04-13,32516096,7903,18,0,0,0,0,0,0,0,0,7904,9,0,0,0,0,0,0,0,0
231,2017-04-13,09:01:56,588,pp1709,XDCE,7904,7858,7904,15246,601163190,404568,408616,8365,7569,7967,7925,0,7885,0,0,0,2017-04-13,32516588,7904,71,0,0,0,0,0,0,0,0,7905,13,0,0,0,0,0,0,0,0
232,2017-04-13,09:01:57,120,pp1709,XDCE,7904,7858,7904,15266,601953590,404568,408616,8365,7569,7967,7925,0,7885,0,0,0,2017-04-13,32517120,7904,67,0,0,0,0,0,0,0,0,7905,14,0,0,0,0,0,0,0,0
233,2017-04-13,09:01:57,585,pp1709,XDCE,7903,7858,7904,15420,608039580,404436,408616,8365,7569,7967,7925,0,7885,0,0,0,2017-04-13,32517585,7903,8,0,0,0,0,0,0,0,0,7904,17,0,0,0,0,0,0,0,0
234,2017-04-13,09:01:58,35,pp1709,XDCE,7903,7858,7904,15434,608592790,404424,408616,8365,7569,7967,7925,0,7885,0,0,0,2017-04-13,32518035,7903,1,0,0,0,0,0,0,0,0,7904,8,0,0,0,0,0,0,0,0
235,2017-04-13,09:01:58,597,pp1709,XDCE,7903,7858,7904,15436,608671820,404426,408616,8365,7569,7967,7925,0,7885,0,0,0,2017-04-13,32518597,7902,1,0,0,0,0,0,0,0,0,7905,14,0,0,0,0,0,0,0,0
236,2017-04-13,09:01:59,88,pp1709,XDCE,7900,7858,7904,15502,611279340,404374,408616,8365,7569,7967,7925,0,7885,0,0,0,2017-04-13,32519088,7900,22,0,0,0,0,0,0,0,0,7902,1,0,0,0,0,0,0,0,0
237,2017-04-13,09:01:59,570,pp1709,XDCE,7900,7858,7904,15502,611279340,404374,408616,8365,7569,7967,7925,0,7885,0,0,0,2017-04-13,32519570,7900,3,0,0,0,0,0,0,0,0,7902,12,0,0,0,0,0,0,0,0
238,2017-04-13,09:02:00,93,pp1709,XDCE,7903,7858,7904,15548,613096910,404344,408616,8365,7569,7967,7925,0,7885,0,0,0,2017-04-13,32520093,7901,1,0,0,0,0,0,0,0,0,7902,2,0,0,0,0,0,0,0,0
239,2017-04-13,09:02:00,561,pp1709,XDCE,7900,7858,7904,15560,613570950,404350,408616,8365,7569,7967,7925,0,7885,0,0,0,2017-04-13,32520561,7900,1,0,0,0,0,0,0,0,0,7902,1,0,0,0,0,0,0,0,0
240,2017-04-13,09:02:01,121,pp1709,XDCE,7898,7858,7904,15566,613807910,404346,408616,8365,7569,7967,7925,0,7885,0,0,0,2017-04-13,32521121,7898,10,0,0,0,0,0,0,0,0,7900,1,0,0,0,0,0,0,0,0
241,2017-04-13,09:02:01,594,pp1709,XDCE,7901,7858,7904,15592,614834950,404328,408616,8365,7569,7967,7925,0,7885,0,0,0,2017-04-13,32521594,7901,12,0,0,0,0,0,0,0,0,7902,1,0,0,0,0,0,0,0,0
242,2017-04-13,09:02:02,90,pp1709,XDCE,7900,7858,7904,15642,616809940,404324,408616,8365,7569,7967,7925,0,7885,0,0,0,2017-04-13,32522090,7900,17,0,0,0,0,0,0,0,0,7901,1,0,0,0,0,0,0,0,0
243,2017-04-13,09:02:02,569,pp1709,XDCE,7901,7858,7904,15654,617284010,404320,408616,8365,7569,7967,7925,0,7885,0,0,0,2017-04-13,32522569,7900,18,0,0,0,0,0,0,0,0,7902,1,0,0,0,0,0,0,0,0
244,2017-04-13,09:02:03,119,pp1709,XDCE,7901,7858,7904,15670,617916170,404312,408616,8365,7569,7967,7925,0,7885,0,0,0,2017-04-13,32523119,7902,2,0,0,0,0,0,0,0,0,7903,15,0,0,0,0,0,0,0,0
245,2017-04-13,09:02:03,517,pp1709,XDCE,7900,7858,7904,15712,619575200,404314,408616,8365,7569,7967,7925,0,7885,0,0,0,2017-04-13,32523517,7900,13,0,0,0,0,0,0,0,0,7903,16,0,0,0,0,0,0,0,0
246,2017-04-13,09:02:04,62,pp1709,XDCE,7900,7858,7904,15728,620207200,404314,408616,8365,7569,7967,7925,0,7885,0,0,0,2017-04-13,32524062,7900,8,0,0,0,0,0,0,0,0,7902,6,0,0,0,0,0,0,0,0
247,2017-04-13,09:02:04,628,pp1709,XDCE,7902,7858,7904,15732,620365230,404312,408616,8365,7569,7967,7925,0,7885,0,0,0,2017-04-13,32524628,7900,12,0,0,0,0,0,0,0,0,7902,5,0,0,0,0,0,0,0,0
248,2017-04-13,09:02:05,120,pp1709,XDCE,7900,7858,7904,15764,621629210,404322,408616,8365,7569,7967,7925,0,7885,0,0,0,2017-04-13,32525120,7899,3,0,0,0,0,0,0,0,0,7900,1,0,0,0,0,0,0,0,0
249,2017-04-13,09:02:05,600,pp1709,XDCE,7902,7858,7904,15782,622340310,404312,408616,8365,7569,7967,7925,0,7885,0,0,0,2017-04-13,32525600,7901,23,0,0,0,0,0,0,0,0,7903,15,0,0,0,0,0,0,0,0
250,2017-04-13,09:02:06,119,pp1709,XDCE,7900,7858,7904,16016,631583560,404332,408616,8365,7569,7967,7925,0,7885,0,0,0,2017-04-13,32526119,7899,5,0,0,0,0,0,0,0,0,7900,2,0,0,0,0,0,0,0,0
251,2017-04-13,09:02:06,582,pp1709,XDCE,7901,7858,7904,16026,631978570,404328,408616,8365,7569,7967,7925,0,7885,0,0,0,2017-04-13,32526582,7900,3,0,0,0,0,0,0,0,0,7902,11,0,0,0,0,0,0,0,0
252,2017-04-13,09:02:07,97,pp1709,XDCE,7903,7858,7904,16140,636482860,404278,408616,8365,7569,7967,7925,0,7885,0,0,0,2017-04-13,32527097,7900,2,0,0,0,0,0,0,0,0,7904,10,0,0,0,0,0,0,0,0
253,2017-04-13,09:02:07,584,pp1709,XDCE,7903,7858,7904,16140,636482860,404278,408616,8365,7569,7967,7925,0,7885,0,0,0,2017-04-13,32527584,7901,10,0,0,0,0,0,0,0,0,7903,3,0,0,0,0,0,0,0,0
254,2017-04-13,09:02:08,91,pp1709,XDCE,7901,7858,7904,16146,636719890,404278,408616,8365,7569,7967,7925,0,7885,0,0,0,2017-04-13,32528091,7901,4,0,0,0,0,0,0,0,0,7903,3,0,0,0,0,0,0,0,0
255,2017-04-13,09:02:08,597,pp1709,XDCE,7904,7858,7904,16162,637352180,404262,408616,8365,7569,7967,7925,0,7885,0,0,0,2017-04-13,32528597,7903,3,0,0,0,0,0,0,0,0,7904,7,0,0,0,0,0,0,0,0
256,2017-04-13,09:02:09,98,pp1709,XDCE,7901,7858,7904,16182,638142520,404260,408616,8365,7569,7967,7925,0,7885,0,0,0,2017-04-13,32529098,7901,6,0,0,0,0,0,0,0,0,7904,2,0,0,0,0,0,0,0,0
257,2017-04-13,09:02:09,595,pp1709,XDCE,7904,7858,7904,16186,638300570,404262,408616,8365,7569,7967,7925,0,7885,0,0,0,2017-04-13,32529595,7902,12,0,0,0,0,0,0,0,0,7904,1,0,0,0,0,0,0,0,0
258,2017-04-13,09:02:10,124,pp1709,XDCE,7903,7858,7904,16190,638458630,404262,408616,8365,7569,7967,7925,0,7885,0,0,0,2017-04-13,32530124,7903,17,0,0,0,0,0,0,0,0,7904,1,0,0,0,0,0,0,0,0
259,2017-04-13,09:02:10,616,pp1709,XDCE,7903,7858,7904,16194,638616700,404260,408616,8365,7569,7967,7925,0,7885,0,0,0,2017-04-13,32530616,7903,5,0,0,0,0,0,0,0,0,7905,12,0,0,0,0,0,0,0,0
260,2017-04-13,09:02:11,91,pp1709,XDCE,7905,7858,7905,16202,638932880,404258,408616,8365,7569,7967,7925,0,7885,0,0,0,2017-04-13,32531091,7903,6,0,0,0,0,0,0,0,0,7905,9,0,0,0,0,0,0,0,0
261,2017-04-13,09:02:11,617,pp1709,XDCE,7903,7858,7918,16422,647635970,404100,408616,8365,7569,7967,7925,0,7885,0,0,0,2017-04-13,32531617,7904,9,0,0,0,0,0,0,0,0,7910,4,0,0,0,0,0,0,0,0
262,2017-04-13,09:02:12,102,pp1709,XDCE,7918,7858,7918,16562,653177100,403962,408616,8365,7569,7967,7925,0,7885,0,0,0,2017-04-13,32532102,7908,3,0,0,0,0,0,0,0,0,7917,54,0,0,0,0,0,0,0,0
263,2017-04-13,09:02:12,615,pp1709,XDCE,7911,7858,7918,16662,657134310,403886,408616,8365,7569,7967,7925,0,7885,0,0,0,2017-04-13,32532615,7911,4,0,0,0,0,0,0,0,0,7912,2,0,0,0,0,0,0,0,0
264,2017-04-13,09:02:13,120,pp1709,XDCE,7911,7858,7918,16690,658241870,403860,408616,8365,7569,7967,7925,0,7885,0,0,0,2017-04-13,32533120,7909,9,0,0,0,0,0,0,0,0,7911,6,0,0,0,0,0,0,0,0
265,2017-04-13,09:02:13,592,pp1709,XDCE,7908,7858,7918,16720,659428210,403858,408616,8365,7569,7967,7925,0,7885,0,0,0,2017-04-13,32533592,7907,5,0,0,0,0,0,0,0,0,7909,12,0,0,0,0,0,0,0,0
266,2017-04-13,09:02:14,88,pp1709,XDCE,7908,7858,7918,16736,660060880,403852,408616,8365,7569,7967,7925,0,7885,0,0,0,2017-04-13,32534088,7907,5,0,0,0,0,0,0,0,0,7908,5,0,0,0,0,0,0,0,0
267,2017-04-13,09:02:14,603,pp1709,XDCE,7909,7858,7918,16852,664647900,403776,408616,8365,7569,7967,7925,0,7885,0,0,0,2017-04-13,32534603,7908,2,0,0,0,0,0,0,0,0,7909,1,0,0,0,0,0,0,0,0
268,2017-04-13,09:02:15,110,pp1709,XDCE,7906,7858,7918,16870,665359480,403762,408616,8365,7569,7967,7925,0,7885,0,0,0,2017-04-13,32535110,7905,2,0,0,0,0,0,0,0,0,7906,31,0,0,0,0,0,0,0,0
269,2017-04-13,09:02:15,597,pp1709,XDCE,7908,7858,7918,16886,665991980,403756,408616,8365,7569,7967,7925,0,7885,0,0,0,2017-04-13,32535597,7905,3,0,0,0,0,0,0,0,0,7907,22,0,0,0,0,0,0,0,0
270,2017-04-13,09:02:16,115,pp1709,XDCE,7906,7858,7918,16912,667019580,403736,408616,8365,7569,7967,7925,0,7885,0,0,0,2017-04-13,32536115,7903,3,0,0,0,0,0,0,0,0,7906,26,0,0,0,0,0,0,0,0
271,2017-04-13,09:02:16,624,pp1709,XDCE,7905,7858,7918,16918,667256690,403734,408616,8365,7569,7967,7925,0,7885,0,0,0,2017-04-13,32536624,7903,1,0,0,0,0,0,0,0,0,7905,5,0,0,0,0,0,0,0,0
272,2017-04-13,09:02:17,128,pp1709,XDCE,7905,7858,7918,16918,667256690,403734,408616,8365,7569,7967,7925,0,7885,0,0,0,2017-04-13,32537128,7903,1,0,0,0,0,0,0,0,0,7905,6,0,0,0,0,0,0,0,0
273,2017-04-13,09:02:17,623,pp1709,XDCE,7906,7858,7918,16944,668284330,403718,408616,8365,7569,7967,7925,0,7885,0,0,0,2017-04-13,32537623,7902,6,0,0,0,0,0,0,0,0,7906,6,0,0,0,0,0,0,0,0
274,2017-04-13,09:02:18,91,pp1709,XDCE,7906,7858,7918,16944,668284330,403718,408616,8365,7569,7967,7925,0,7885,0,0,0,2017-04-13,32538091,7903,6,0,0,0,0,0,0,0,0,7906,6,0,0,0,0,0,0,0,0
275,2017-04-13,09:02:18,601,pp1709,XDCE,7906,7858,7918,16962,668995760,403712,408616,8365,7569,7967,7925,0,7885,0,0,0,2017-04-13,32538601,7906,3,0,0,0,0,0,0,0,0,7907,3,0,0,0,0,0,0,0,0
276,2017-04-13,09:02:19,78,pp1709,XDCE,7907,7858,7918,16968,669232950,403712,408616,8365,7569,7967,7925,0,7885,0,0,0,2017-04-13,32539078,7906,6,0,0,0,0,0,0,0,0,7907,1,0,0,0,0,0,0,0,0
277,2017-04-13,09:02:19,595,pp1709,XDCE,7906,7858,7918,16992,670181880,403728,408616,8365,7569,7967,7925,0,7885,0,0,0,2017-04-13,32539595,7907,4,0,0,0,0,0,0,0,0,7909,7,0,0,0,0,0,0,0,0
278,2017-04-13,09:02:20,33,pp1709,XDCE,7907,7858,7918,16996,670340020,403724,408616,8365,7569,7967,7925,0,7885,0,0,0,2017-04-13,32540033,7907,8,0,0,0,0,0,0,0,0,7909,9,0,0,0,0,0,0,0,0
279,2017-04-13,09:02:20,592,pp1709,XDCE,7906,7858,7918,17020,671288820,403712,408616,8365,7569,7967,7925,0,7885,0,0,0,2017-04-13,32540592,7906,1,0,0,0,0,0,0,0,0,7909,6,0,0,0,0,0,0,0,0
280,2017-04-13,09:02:20,984,pp1709,XDCE,7906,7858,7918,17022,671367880,403712,408616,8365,7569,7967,7925,0,7885,0,0,0,2017-04-13,32540984,7905,13,0,0,0,0,0,0,0,0,7906,20,0,0,0,0,0,0,0,0
281,2017-04-13,09:02:21,459,pp1709,XDCE,7905,7858,7918,17026,671525980,403712,408616,8365,7569,7967,7925,0,7885,0,0,0,2017-04-13,32541459,7905,11,0,0,0,0,0,0,0,0,7906,20,0,0,0,0,0,0,0,0
282,2017-04-13,09:02:22,596,pp1709,XDCE,7898,7858,7918,17214,678952390,403796,408616,8365,7569,7967,7925,0,7885,0,0,0,2017-04-13,32542596,7900,3,0,0,0,0,0,0,0,0,7906,25,0,0,0,0,0,0,0,0
283,2017-04-13,09:02:23,129,pp1709,XDCE,7898,7858,7918,17214,678952390,403796,408616,8365,7569,7967,7925,0,7885,0,0,0,2017-04-13,32543129,7901,11,0,0,0,0,0,0,0,0,7904,7,0,0,0,0,0,0,0,0
284,2017-04-13,09:02:23,593,pp1709,XDCE,7901,7858,7918,17230,679584530,403788,408616,8365,7569,7967,7925,0,7885,0,0,0,2017-04-13,32543593,7901,3,0,0,0,0,0,0,0,0,7903,4,0,0,0,0,0,0,0,0
285,2017-04-13,09:02:24,91,pp1709,XDCE,7901,7858,7918,17232,679663540,403788,408616,8365,7569,7967,7925,0,7885,0,0,0,2017-04-13,32544091,7901,2,0,0,0,0,0,0,0,0,7902,4,0,0,0,0,0,0,0,0
286,2017-04-13,09:02:24,606,pp1709,XDCE,7901,7858,7918,17244,680137680,403782,408616,8365,7569,7967,7925,0,7885,0,0,0,2017-04-13,32544606,7901,1,0,0,0,0,0,0,0,0,7903,3,0,0,0,0,0,0,0,0
287,2017-04-13,09:02:25,90,pp1709,XDCE,7901,7858,7918,17246,680216690,403782,408616,8365,7569,7967,7925,0,7885,0,0,0,2017-04-13,32545090,7898,5,0,0,0,0,0,0,0,0,7900,3,0,0,0,0,0,0,0,0
288,2017-04-13,09:02:25,609,pp1709,XDCE,7899,7858,7918,17296,682191910,403824,408616,8365,7569,7967,7925,0,7885,0,0,0,2017-04-13,32545609,7899,57,0,0,0,0,0,0,0,0,7901,19,0,0,0,0,0,0,0,0
289,2017-04-13,09:02:26,112,pp1709,XDCE,7901,7858,7918,17340,683930130,403818,408616,8365,7569,7967,7925,0,7885,0,0,0,2017-04-13,32546112,7901,49,0,0,0,0,0,0,0,0,7902,1,0,0,0,0,0,0,0,0
290,2017-04-13,09:02:26,628,pp1709,XDCE,7900,7858,7918,17396,686142410,403768,408616,8365,7569,7967,7925,0,7885,0,0,0,2017-04-13,32546628,7900,4,0,0,0,0,0,0,0,0,7902,1,0,0,0,0,0,0,0,0
291,2017-04-13,09:02:27,101,pp1709,XDCE,7902,7858,7918,17418,687011880,403766,408616,8365,7569,7967,7925,0,7885,0,0,0,2017-04-13,32547101,7902,2,0,0,0,0,0,0,0,0,7904,11,0,0,0,0,0,0,0,0
292,2017-04-13,09:02:27,619,pp1709,XDCE,7901,7858,7918,17462,688750460,403756,408616,8365,7569,7967,7925,0,7885,0,0,0,2017-04-13,32547619,7901,3,0,0,0,0,0,0,0,0,7903,13,0,0,0,0,0,0,0,0
293,2017-04-13,09:02:28,88,pp1709,XDCE,7900,7858,7918,17468,688987470,403754,408616,8365,7569,7967,7925,0,7885,0,0,0,2017-04-13,32548088,7899,5,0,0,0,0,0,0,0,0,7900,8,0,0,0,0,0,0,0,0
294,2017-04-13,09:02:28,595,pp1709,XDCE,7900,7858,7918,17476,689303470,403754,408616,8365,7569,7967,7925,0,7885,0,0,0,2017-04-13,32548595,7899,5,0,0,0,0,0,0,0,0,7900,4,0,0,0,0,0,0,0,0
295,2017-04-13,09:02:29,93,pp1709,XDCE,7900,7858,7918,17488,689777450,403754,408616,8365,7569,7967,7925,0,7885,0,0,0,2017-04-13,32549093,7899,8,0,0,0,0,0,0,0,0,7902,20,0,0,0,0,0,0,0,0
296,2017-04-13,09:02:29,627,pp1709,XDCE,7899,7858,7918,17500,690251440,403742,408616,8365,7569,7967,7925,0,7885,0,0,0,2017-04-13,32549627,7899,4,0,0,0,0,0,0,0,0,7900,7,0,0,0,0,0,0,0,0
297,2017-04-13,09:02:30,98,pp1709,XDCE,7899,7858,7918,17514,690804390,403746,408616,8365,7569,7967,7925,0,7885,0,0,0,2017-04-13,32550098,7897,1,0,0,0,0,0,0,0,0,7899,1,0,0,0,0,0,0,0,0
298,2017-04-13,09:02:30,617,pp1709,XDCE,7900,7858,7918,17522,691120380,403748,408616,8365,7569,7967,7925,0,7885,0,0,0,2017-04-13,32550617,7897,4,0,0,0,0,0,0,0,0,7899,4,0,0,0,0,0,0,0,0
299,2017-04-13,09:02:31,128,pp1709,XDCE,7897,7858,7918,17546,692068180,403746,408616,8365,7569,7967,7925,0,7885,0,0,0,2017-04-13,32551128,7896,5,0,0,0,0,0,0,0,0,7897,1,0,0,0,0,0,0,0,0
300,2017-04-13,09:02:31,592,pp1709,XDCE,7896,7858,7918,17570,693015900,403760,408616,8365,7569,7967,7925,0,7885,0,0,0,2017-04-13,32551592,7896,2,0,0,0,0,0,0,0,0,7898,4,0,0,0,0,0,0,0,0
301,2017-04-13,09:02:32,94,pp1709,XDCE,7896,7858,7918,17584,693568640,403758,408616,8365,7569,7967,7925,0,7885,0,0,0,2017-04-13,32552094,7896,40,0,0,0,0,0,0,0,0,7899,9,0,0,0,0,0,0,0,0
302,2017-04-13,09:02:32,616,pp1709,XDCE,7897,7858,7918,17592,693884500,403752,408616,8365,7569,7967,7925,0,7885,0,0,0,2017-04-13,32552616,7896,4,0,0,0,0,0,0,0,0,7898,3,0,0,0,0,0,0,0,0
303,2017-04-13,09:02:33,92,pp1709,XDCE,7895,7858,7918,17632,695463930,403750,408616,8365,7569,7967,7925,0,7885,0,0,0,2017-04-13,32553092,7893,11,0,0,0,0,0,0,0,0,7895,22,0,0,0,0,0,0,0,0
304,2017-04-13,09:02:33,608,pp1709,XDCE,7893,7858,7918,17670,696963680,403764,408616,8365,7569,7967,7925,0,7885,0,0,0,2017-04-13,32553608,7892,4,0,0,0,0,0,0,0,0,7893,22,0,0,0,0,0,0,0,0
305,2017-04-13,09:02:34,119,pp1709,XDCE,7895,7858,7918,17728,699252680,403762,408616,8365,7569,7967,7925,0,7885,0,0,0,2017-04-13,32554119,7893,2,0,0,0,0,0,0,0,0,7895,3,0,0,0,0,0,0,0,0
306,2017-04-13,09:02:34,531,pp1709,XDCE,7895,7858,7918,17738,699647410,403758,408616,8365,7569,7967,7925,0,7885,0,0,0,2017-04-13,32554531,7893,2,0,0,0,0,0,0,0,0,7895,3,0,0,0,0,0,0,0,0
307,2017-04-13,09:02:35,119,pp1709,XDCE,7892,7858,7918,17744,699884190,403756,408616,8365,7569,7967,7925,0,7885,0,0,0,2017-04-13,32555119,7892,12,0,0,0,0,0,0,0,0,7895,9,0,0,0,0,0,0,0,0
308,2017-04-13,09:02:35,607,pp1709,XDCE,7895,7858,7918,17746,699963140,403756,408616,8365,7569,7967,7925,0,7885,0,0,0,2017-04-13,32555607,7892,10,0,0,0,0,0,0,0,0,7893,20,0,0,0,0,0,0,0,0
309,2017-04-13,09:02:36,121,pp1709,XDCE,7892,7858,7918,17788,701620460,403772,408616,8365,7569,7967,7925,0,7885,0,0,0,2017-04-13,32556121,7891,3,0,0,0,0,0,0,0,0,7892,7,0,0,0,0,0,0,0,0
310,2017-04-13,09:02:36,590,pp1709,XDCE,7892,7858,7918,17808,702409610,403772,408616,8365,7569,7967,7925,0,7885,0,0,0,2017-04-13,32556590,7891,1,0,0,0,0,0,0,0,0,7892,2,0,0,0,0,0,0,0,0
311,2017-04-13,09:02:37,114,pp1709,XDCE,7892,7858,7918,17816,702725290,403768,408616,8365,7569,7967,7925,0,7885,0,0,0,2017-04-13,32557114,7892,20,0,0,0,0,0,0,0,0,7893,22,0,0,0,0,0,0,0,0
312,2017-04-13,09:02:37,591,pp1709,XDCE,7892,7858,7918,17860,704461540,403736,408616,8365,7569,7967,7925,0,7885,0,0,0,2017-04-13,32557591,7891,10,0,0,0,0,0,0,0,0,7892,8,0,0,0,0,0,0,0,0
313,2017-04-13,09:02:38,99,pp1709,XDCE,7893,7858,7918,17926,707066150,403728,408616,8365,7569,7967,7925,0,7885,0,0,0,2017-04-13,32558099,7892,8,0,0,0,0,0,0,0,0,7893,10,0,0,0,0,0,0,0,0
314,2017-04-13,09:02:38,592,pp1709,XDCE,7893,7858,7918,17962,708486810,403720,408616,8365,7569,7967,7925,0,7885,0,0,0,2017-04-13,32558592,7893,1,0,0,0,0,0,0,0,0,7895,2,0,0,0,0,0,0,0,0
315,2017-04-13,09:02:39,94,pp1709,XDCE,7892,7858,7918,18000,709986310,403684,408616,8365,7569,7967,7925,0,7885,0,0,0,2017-04-13,32559094,7891,13,0,0,0,0,0,0,0,0,7892,16,0,0,0,0,0,0,0,0
316,2017-04-13,09:02:39,593,pp1709,XDCE,7892,7858,7918,18044,711722550,403656,408616,8365,7569,7967,7925,0,7885,0,0,0,2017-04-13,32559593,7893,2,0,0,0,0,0,0,0,0,7895,7,0,0,0,0,0,0,0,0
317,2017-04-13,09:02:40,125,pp1709,XDCE,7893,7858,7918,18050,711959340,403650,408616,8365,7569,7967,7925,0,7885,0,0,0,2017-04-13,32560125,7892,14,0,0,0,0,0,0,0,0,7893,97,0,0,0,0,0,0,0,0
318,2017-04-13,09:02:40,627,pp1709,XDCE,7893,7858,7918,18058,712275060,403650,408616,8365,7569,7967,7925,0,7885,0,0,0,2017-04-13,32560627,7892,33,0,0,0,0,0,0,0,0,7893,94,0,0,0,0,0,0,0,0
319,2017-04-13,09:02:41,124,pp1709,XDCE,7893,7858,7918,18072,712827550,403650,408616,8365,7569,7967,7925,0,7885,0,0,0,2017-04-13,32561124,7892,35,0,0,0,0,0,0,0,0,7893,89,0,0,0,0,0,0,0,0
320,2017-04-13,09:02:41,612,pp1709,XDCE,7892,7858,7918,18146,715747900,403596,408616,8365,7569,7967,7925,0,7885,0,0,0,2017-04-13,32561612,7892,29,0,0,0,0,0,0,0,0,7893,58,0,0,0,0,0,0,0,0
321,2017-04-13,09:02:42,113,pp1709,XDCE,7893,7858,7918,18256,720089040,403502,408616,8365,7569,7967,7925,0,7885,0,0,0,2017-04-13,32562113,7892,28,0,0,0,0,0,0,0,0,7893,4,0,0,0,0,0,0,0,0
322,2017-04-13,09:02:42,597,pp1709,XDCE,7892,7858,7918,18282,721115110,403498,408616,8365,7569,7967,7925,0,7885,0,0,0,2017-04-13,32562597,7892,26,0,0,0,0,0,0,0,0,7895,9,0,0,0,0,0,0,0,0
323,2017-04-13,09:02:43,92,pp1709,XDCE,7892,7858,7918,18292,721509770,403490,408616,8365,7569,7967,7925,0,7885,0,0,0,2017-04-13,32563092,7892,26,0,0,0,0,0,0,0,0,7895,3,0,0,0,0,0,0,0,0
324,2017-04-13,09:02:43,604,pp1709,XDCE,7891,7858,7918,18372,724666600,403538,408616,8365,7569,7967,7925,0,7885,0,0,0,2017-04-13,32563604,7890,24,0,0,0,0,0,0,0,0,7891,20,0,0,0,0,0,0,0,0
325,2017-04-13,09:02:44,13,pp1709,XDCE,7892,7858,7918,18416,726402770,403564,408616,8365,7569,7967,7925,0,7885,0,0,0,2017-04-13,32564013,7890,16,0,0,0,0,0,0,0,0,7892,153,0,0,0,0,0,0,0,0
326,2017-04-13,09:02:44,625,pp1709,XDCE,7892,7858,7918,18426,726797370,403566,408616,8365,7569,7967,7925,0,7885,0,0,0,2017-04-13,32564625,7890,16,0,0,0,0,0,0,0,0,7892,148,0,0,0,0,0,0,0,0
327,2017-04-13,09:02:45,126,pp1709,XDCE,7890,7858,7918,18562,732162570,403472,408616,8365,7569,7967,7925,0,7885,0,0,0,2017-04-13,32565126,7889,4,0,0,0,0,0,0,0,0,7890,37,0,0,0,0,0,0,0,0
328,2017-04-13,09:02:45,594,pp1709,XDCE,7890,7858,7918,18616,734292850,403422,408616,8365,7569,7967,7925,0,7885,0,0,0,2017-04-13,32565594,7889,5,0,0,0,0,0,0,0,0,7890,12,0,0,0,0,0,0,0,0
329,2017-04-13,09:02:46,96,pp1709,XDCE,7890,7858,7918,18636,735081790,403418,408616,8365,7569,7967,7925,0,7885,0,0,0,2017-04-13,32566096,7889,1,0,0,0,0,0,0,0,0,7890,10,0,0,0,0,0,0,0,0
330,2017-04-13,09:02:46,596,pp1709,XDCE,7890,7858,7918,18642,735318490,403418,408616,8365,7569,7967,7925,0,7885,0,0,0,2017-04-13,32566596,7889,1,0,0,0,0,0,0,0,0,7890,11,0,0,0,0,0,0,0,0
331,2017-04-13,09:02:46,960,pp1709,XDCE,7890,7858,7918,18646,735476290,403418,408616,8365,7569,7967,7925,0,7885,0,0,0,2017-04-13,32566960,7889,2,0,0,0,0,0,0,0,0,7890,9,0,0,0,0,0,0,0,0
332,2017-04-13,09:02:47,605,pp1709,XDCE,7889,7858,7918,18658,735949640,403422,408616,8365,7569,7967,7925,0,7885,0,0,0,2017-04-13,32567605,7888,253,0,0,0,0,0,0,0,0,7890,9,0,0,0,0,0,0,0,0
333,2017-04-13,09:02:48,95,pp1709,XDCE,7889,7858,7918,18662,736107430,403420,408616,8365,7569,7967,7925,0,7885,0,0,0,2017-04-13,32568095,7889,1,0,0,0,0,0,0,0,0,7890,10,0,0,0,0,0,0,0,0
334,2017-04-13,09:02:48,591,pp1709,XDCE,7889,7858,7918,18744,739341910,403460,408616,8365,7569,7967,7925,0,7885,0,0,0,2017-04-13,32568591,7888,252,0,0,0,0,0,0,0,0,7890,7,0,0,0,0,0,0,0,0
335,2017-04-13,09:02:49,126,pp1709,XDCE,7888,7858,7918,19268,760008540,402970,408616,8365,7569,7967,7925,0,7885,0,0,0,2017-04-13,32569126,7887,31,0,0,0,0,0,0,0,0,7888,11,0,0,0,0,0,0,0,0
336,2017-04-13,09:02:49,602,pp1709,XDCE,7886,7858,7918,19460,767579420,402970,408616,8365,7569,7967,7925,0,7885,0,0,0,2017-04-13,32569602,7885,23,0,0,0,0,0,0,0,0,7886,7,0,0,0,0,0,0,0,0
337,2017-04-13,09:02:50,113,pp1709,XDCE,7885,7858,7918,19534,770496800,402962,408616,8365,7569,7967,7925,0,7885,0,0,0,2017-04-13,32570113,7883,4,0,0,0,0,0,0,0,0,7884,5,0,0,0,0,0,0,0,0
338,2017-04-13,09:02:50,591,pp1709,XDCE,7883,7858,7918,19648,774991220,402862,408616,8365,7569,7967,7925,0,7885,0,0,0,2017-04-13,32570591,7885,2,0,0,0,0,0,0,0,0,7886,43,0,0,0,0,0,0,0,0
339,2017-04-13,09:02:51,125,pp1709,XDCE,7883,7858,7918,19678,776173710,402846,408616,8365,7569,7967,7925,0,7885,0,0,0,2017-04-13,32571125,7884,50,0,0,0,0,0,0,0,0,7885,12,0,0,0,0,0,0,0,0
340,2017-04-13,09:02:51,602,pp1709,XDCE,7884,7858,7918,19688,776567910,402846,408616,8365,7569,7967,7925,0,7885,0,0,0,2017-04-13,32571602,7883,9,0,0,0,0,0,0,0,0,7884,5,0,0,0,0,0,0,0,0
341,2017-04-13,09:02:52,116,pp1709,XDCE,7882,7858,7918,19758,779326700,402846,408616,8365,7569,7967,7925,0,7885,0,0,0,2017-04-13,32572116,7882,30,0,0,0,0,0,0,0,0,7883,96,0,0,0,0,0,0,0,0
342,2017-04-13,09:02:52,627,pp1709,XDCE,7882,7858,7918,19818,781691300,402848,408616,8365,7569,7967,7925,0,7885,0,0,0,2017-04-13,32572627,7881,22,0,0,0,0,0,0,0,0,7882,1,0,0,0,0,0,0,0,0
343,2017-04-13,09:02:53,100,pp1709,XDCE,7882,7858,7918,19836,782400670,402854,408616,8365,7569,7967,7925,0,7885,0,0,0,2017-04-13,32573100,7881,21,0,0,0,0,0,0,0,0,7882,4,0,0,0,0,0,0,0,0
344,2017-04-13,09:02:53,600,pp1709,XDCE,7881,7858,7918,19888,784449780,402844,408616,8365,7569,7967,7925,0,7885,0,0,0,2017-04-13,32573600,7880,43,0,0,0,0,0,0,0,0,7881,5,0,0,0,0,0,0,0,0
345,2017-04-13,09:02:54,87,pp1709,XDCE,7880,7858,7918,19918,785631820,402844,408616,8365,7569,7967,7925,0,7885,0,0,0,2017-04-13,32574087,7880,32,0,0,0,0,0,0,0,0,7881,41,0,0,0,0,0,0,0,0
346,2017-04-13,09:02:54,618,pp1709,XDCE,7880,7858,7918,20128,793906040,402816,408616,8365,7569,7967,7925,0,7885,0,0,0,2017-04-13,32574618,7879,3,0,0,0,0,0,0,0,0,7880,1,0,0,0,0,0,0,0,0
347,2017-04-13,09:02:55,90,pp1709,XDCE,7880,7858,7918,20144,794536360,402814,408616,8365,7569,7967,7925,0,7885,0,0,0,2017-04-13,32575090,7878,5,0,0,0,0,0,0,0,0,7880,6,0,0,0,0,0,0,0,0
348,2017-04-13,09:02:55,590,pp1709,XDCE,7878,7858,7918,20160,795166690,402822,408616,8365,7569,7967,7925,0,7885,0,0,0,2017-04-13,32575590,7878,4,0,0,0,0,0,0,0,0,7880,6,0,0,0,0,0,0,0,0
349,2017-04-13,09:02:56,101,pp1709,XDCE,7877,7858,7918,20196,796584690,402828,408616,8365,7569,7967,7925,0,7885,0,0,0,2017-04-13,32576101,7877,9,0,0,0,0,0,0,0,0,7878,2,0,0,0,0,0,0,0,0
350,2017-04-13,09:02:56,623,pp1709,XDCE,7872,7858,7918,20378,803750460,402838,408616,8365,7569,7967,7925,0,7885,0,0,0,2017-04-13,32576623,7871,35,0,0,0,0,0,0,0,0,7872,32,0,0,0,0,0,0,0,0
351,2017-04-13,09:02:57,131,pp1709,XDCE,7872,7858,7918,20662,814933570,402824,408616,8365,7569,7967,7925,0,7885,0,0,0,2017-04-13,32577131,7872,2,0,0,0,0,0,0,0,0,7876,5,0,0,0,0,0,0,0,0
352,2017-04-13,09:02:57,618,pp1709,XDCE,7868,7858,7918,20798,820285430,402862,408616,8365,7569,7967,7925,0,7885,0,0,0,2017-04-13,32577618,7868,13,0,0,0,0,0,0,0,0,7869,13,0,0,0,0,0,0,0,0
353,2017-04-13,09:02:58,113,pp1709,XDCE,7870,7858,7918,20902,824376890,402880,408616,8365,7569,7967,7925,0,7885,0,0,0,2017-04-13,32578113,7869,2,0,0,0,0,0,0,0,0,7870,1,0,0,0,0,0,0,0,0
354,2017-04-13,09:02:58,631,pp1709,XDCE,7869,7858,7918,20950,826265620,402896,408616,8365,7569,7967,7925,0,7885,0,0,0,2017-04-13,32578631,7869,95,0,0,0,0,0,0,0,0,7872,32,0,0,0,0,0,0,0,0
355,2017-04-13,09:02:59,118,pp1709,XDCE,7874,7858,7918,21034,829571810,402890,408616,8365,7569,7967,7925,0,7885,0,0,0,2017-04-13,32579118,7872,4,0,0,0,0,0,0,0,0,7874,6,0,0,0,0,0,0,0,0
356,2017-04-13,09:02:59,594,pp1709,XDCE,7872,7858,7918,21094,831934280,402844,408616,8365,7569,7967,7925,0,7885,0,0,0,2017-04-13,32579594,7874,16,0,0,0,0,0,0,0,0,7876,11,0,0,0,0,0,0,0,0
357,2017-04-13,09:03:00,129,pp1709,XDCE,7874,7858,7918,21126,833194160,402838,408616,8365,7569,7967,7925,0,7885,0,0,0,2017-04-13,32580129,7874,13,0,0,0,0,0,0,0,0,7876,9,0,0,0,0,0,0,0,0
358,2017-04-13,09:03:00,631,pp1709,XDCE,7869,7858,7918,21190,835713380,402806,408616,8365,7569,7967,7925,0,7885,0,0,0,2017-04-13,32580631,7870,9,0,0,0,0,0,0,0,0,7871,3,0,0,0,0,0,0,0,0
359,2017-04-13,09:03:01,102,pp1709,XDCE,7873,7858,7918,21266,838704250,402814,408616,8365,7569,7967,7925,0,7885,0,0,0,2017-04-13,32581102,7872,3,0,0,0,0,0,0,0,0,7873,3,0,0,0,0,0,0,0,0
360,2017-04-13,09:03:01,593,pp1709,XDCE,7875,7858,7918,21326,841066570,402808,408616,8365,7569,7967,7925,0,7885,0,0,0,2017-04-13,32581593,7874,3,0,0,0,0,0,0,0,0,7877,35,0,0,0,0,0,0,0,0
361,2017-04-13,09:03:02,126,pp1709,XDCE,7873,7858,7918,21354,842168970,402806,408616,8365,7569,7967,7925,0,7885,0,0,0,2017-04-13,32582126,7873,3,0,0,0,0,0,0,0,0,7875,3,0,0,0,0,0,0,0,0
362,2017-04-13,09:03:02,605,pp1709,XDCE,7872,7858,7918,21498,847836840,402798,408616,8365,7569,7967,7925,0,7885,0,0,0,2017-04-13,32582605,7871,6,0,0,0,0,0,0,0,0,7872,38,0,0,0,0,0,0,0,0
363,2017-04-13,09:03:03,97,pp1709,XDCE,7872,7858,7918,21526,848938900,402798,408616,8365,7569,7967,7925,0,7885,0,0,0,2017-04-13,32583097,7871,7,0,0,0,0,0,0,0,0,7872,27,0,0,0,0,0,0,0,0
364,2017-04-13,09:03:03,590,pp1709,XDCE,7872,7858,7918,21578,850985610,402802,408616,8365,7569,7967,7925,0,7885,0,0,0,2017-04-13,32583590,7871,6,0,0,0,0,0,0,0,0,7872,25,0,0,0,0,0,0,0,0
365,2017-04-13,09:03:04,104,pp1709,XDCE,7874,7858,7918,21734,857126350,402850,408616,8365,7569,7967,7925,0,7885,0,0,0,2017-04-13,32584104,7871,7,0,0,0,0,0,0,0,0,7876,4,0,0,0,0,0,0,0,0
366,2017-04-13,09:03:04,616,pp1709,XDCE,7876,7858,7918,21768,858465120,402840,408616,8365,7569,7967,7925,0,7885,0,0,0,2017-04-13,32584616,7873,4,0,0,0,0,0,0,0,0,7874,7,0,0,0,0,0,0,0,0
367,2017-04-13,09:03:05,130,pp1709,XDCE,7873,7858,7918,21824,860669920,402798,408616,8365,7569,7967,7925,0,7885,0,0,0,2017-04-13,32585130,7872,4,0,0,0,0,0,0,0,0,7873,13,0,0,0,0,0,0,0,0
368,2017-04-13,09:03:05,628,pp1709,XDCE,7874,7858,7918,21892,863346380,402778,408616,8365,7569,7967,7925,0,7885,0,0,0,2017-04-13,32585628,7870,2,0,0,0,0,0,0,0,0,7874,10,0,0,0,0,0,0,0,0
369,2017-04-13,09:03:06,122,pp1709,XDCE,7870,7858,7918,21996,867438300,402768,408616,8365,7569,7967,7925,0,7885,0,0,0,2017-04-13,32586122,7868,21,0,0,0,0,0,0,0,0,7870,1,0,0,0,0,0,0,0,0
370,2017-04-13,09:03:06,591,pp1709,XDCE,7867,7858,7918,22092,871214940,402716,408616,8365,7569,7967,7925,0,7885,0,0,0,2017-04-13,32586591,7866,22,0,0,0,0,0,0,0,0,7867,19,0,0,0,0,0,0,0,0
371,2017-04-13,09:03:07,128,pp1709,XDCE,7866,7858,7918,22168,874204170,402664,408616,8365,7569,7967,7925,0,7885,0,0,0,2017-04-13,32587128,7865,1,0,0,0,0,0,0,0,0,7867,6,0,0,0,0,0,0,0,0
372,2017-04-13,09:03:07,596,pp1709,XDCE,7864,7858,7918,22188,874990760,402664,408616,8365,7569,7967,7925,0,7885,0,0,0,2017-04-13,32587596,7864,9,0,0,0,0,0,0,0,0,7865,20,0,0,0,0,0,0,0,0
373,2017-04-13,09:03:08,96,pp1709,XDCE,7867,7858,7918,22268,878136990,402678,408616,8365,7569,7967,7925,0,7885,0,0,0,2017-04-13,32588096,7864,4,0,0,0,0,0,0,0,0,7867,4,0,0,0,0,0,0,0,0
374,2017-04-13,09:03:08,601,pp1709,XDCE,7863,7858,7918,22340,880967750,402694,408616,8365,7569,7967,7925,0,7885,0,0,0,2017-04-13,32588601,7863,25,0,0,0,0,0,0,0,0,7864,10,0,0,0,0,0,0,0,0
375,2017-04-13,09:03:09,89,pp1709,XDCE,7864,7858,7918,22408,883641580,402678,408616,8365,7569,7967,7925,0,7885,0,0,0,2017-04-13,32589089,7864,4,0,0,0,0,0,0,0,0,7865,2,0,0,0,0,0,0,0,0
376,2017-04-13,09:03:09,618,pp1709,XDCE,7865,7858,7918,22446,885136210,402692,408616,8365,7569,7967,7925,0,7885,0,0,0,2017-04-13,32589618,7865,1,0,0,0,0,0,0,0,0,7868,23,0,0,0,0,0,0,0,0
377,2017-04-13,09:03:10,125,pp1709,XDCE,7868,7858,7918,22508,887574900,402680,408616,8365,7569,7967,7925,0,7885,0,0,0,2017-04-13,32590125,7866,29,0,0,0,0,0,0,0,0,7868,14,0,0,0,0,0,0,0,0
378,2017-04-13,09:03:10,593,pp1709,XDCE,7867,7858,7918,22540,888833540,402698,408616,8365,7569,7967,7925,0,7885,0,0,0,2017-04-13,32590593,7866,19,0,0,0,0,0,0,0,0,7867,14,0,0,0,0,0,0,0,0
379,2017-04-13,09:03:11,94,pp1709,XDCE,7867,7858,7918,22596,891036160,402718,408616,8365,7569,7967,7925,0,7885,0,0,0,2017-04-13,32591094,7866,7,0,0,0,0,0,0,0,0,7868,14,0,0,0,0,0,0,0,0
380,2017-04-13,09:03:11,613,pp1709,XDCE,7866,7858,7918,22628,892294870,402748,408616,8365,7569,7967,7925,0,7885,0,0,0,2017-04-13,32591613,7865,3,0,0,0,0,0,0,0,0,7866,39,0,0,0,0,0,0,0,0
381,2017-04-13,09:03:12,107,pp1709,XDCE,7866,7858,7918,22724,896070450,402744,408616,8365,7569,7967,7925,0,7885,0,0,0,2017-04-13,32592107,7865,25,0,0,0,0,0,0,0,0,7866,2,0,0,0,0,0,0,0,0
382,2017-04-13,09:03:12,586,pp1709,XDCE,7866,7858,7918,22752,897171740,402750,408616,8365,7569,7967,7925,0,7885,0,0,0,2017-04-13,32592586,7864,12,0,0,0,0,0,0,0,0,7868,2,0,0,0,0,0,0,0,0
383,2017-04-13,09:03:13,97,pp1709,XDCE,7865,7858,7918,22762,897565000,402742,408616,8365,7569,7967,7925,0,7885,0,0,0,2017-04-13,32593097,7864,13,0,0,0,0,0,0,0,0,7865,1,0,0,0,0,0,0,0,0
384,2017-04-13,09:03:13,619,pp1709,XDCE,7864,7858,7918,22868,901732960,402824,408616,8365,7569,7967,7925,0,7885,0,0,0,2017-04-13,32593619,7863,15,0,0,0,0,0,0,0,0,7864,96,0,0,0,0,0,0,0,0
385,2017-04-13,09:03:14,124,pp1709,XDCE,7864,7858,7918,22942,904642500,402844,408616,8365,7569,7967,7925,0,7885,0,0,0,2017-04-13,32594124,7863,1,0,0,0,0,0,0,0,0,7864,74,0,0,0,0,0,0,0,0
386,2017-04-13,09:03:14,610,pp1709,XDCE,7863,7858,7918,22972,905822080,402852,408616,8365,7569,7967,7925,0,7885,0,0,0,2017-04-13,32594610,7863,17,0,0,0,0,0,0,0,0,7864,61,0,0,0,0,0,0,0,0
387,2017-04-13,09:03:15,129,pp1709,XDCE,7863,7858,7918,23218,915494030,402900,408616,8365,7569,7967,7925,0,7885,0,0,0,2017-04-13,32595129,7863,3,0,0,0,0,0,0,0,0,7864,14,0,0,0,0,0,0,0,0
388,2017-04-13,09:03:15,631,pp1709,XDCE,7862,7858,7918,23248,916673370,402894,408616,8365,7569,7967,7925,0,7885,0,0,0,2017-04-13,32595631,7862,15,0,0,0,0,0,0,0,0,7863,41,0,0,0,0,0,0,0,0
389,2017-04-13,09:03:16,99,pp1709,XDCE,7861,7858,7918,23352,920761280,402848,408616,8365,7569,7967,7925,0,7885,0,0,0,2017-04-13,32596099,7860,30,0,0,0,0,0,0,0,0,7861,4,0,0,0,0,0,0,0,0
390,2017-04-13,09:03:16,616,pp1709,XDCE,7860,7858,7918,23402,922726470,402852,408616,8365,7569,7967,7925,0,7885,0,0,0,2017-04-13,32596616,7860,18,0,0,0,0,0,0,0,0,7862,6,0,0,0,0,0,0,0,0
391,2017-04-13,09:03:17,90,pp1709,XDCE,7860,7858,7918,23414,923198110,402854,408616,8365,7569,7967,7925,0,7885,0,0,0,2017-04-13,32597090,7860,14,0,0,0,0,0,0,0,0,7862,4,0,0,0,0,0,0,0,0
392,2017-04-13,09:03:17,602,pp1709,XDCE,7863,7858,7918,23482,925871400,402860,408616,8365,7569,7967,7925,0,7885,0,0,0,2017-04-13,32597602,7860,15,0,0,0,0,0,0,0,0,7863,61,0,0,0,0,0,0,0,0
393,2017-04-13,09:03:18,92,pp1709,XDCE,7863,7858,7918,23584,929881370,402770,408616,8365,7569,7967,7925,0,7885,0,0,0,2017-04-13,32598092,7861,12,0,0,0,0,0,0,0,0,7863,22,0,0,0,0,0,0,0,0
394,2017-04-13,09:03:18,630,pp1709,XDCE,7863,7858,7918,23646,932318810,402724,408616,8365,7569,7967,7925,0,7885,0,0,0,2017-04-13,32598630,7862,29,0,0,0,0,0,0,0,0,7864,23,0,0,0,0,0,0,0,0
395,2017-04-13,09:03:19,115,pp1709,XDCE,7865,7858,7918,23772,937272990,402650,408616,8365,7569,7967,7925,0,7885,0,0,0,2017-04-13,32599115,7864,27,0,0,0,0,0,0,0,0,7865,40,0,0,0,0,0,0,0,0
396,2017-04-13,09:03:19,596,pp1709,XDCE,7868,7858,7918,23870,941126970,402628,408616,8365,7569,7967,7925,0,7885,0,0,0,2017-04-13,32599596,7867,35,0,0,0,0,0,0,0,0,7868,1,0,0,0,0,0,0,0,0
397,2017-04-13,09:03:20,107,pp1709,XDCE,7870,7858,7918,23894,942071210,402620,408616,8365,7569,7967,7925,0,7885,0,0,0,2017-04-13,32600107,7870,14,0,0,0,0,0,0,0,0,7871,2,0,0,0,0,0,0,0,0
398,2017-04-13,09:03:20,595,pp1709,XDCE,7868,7858,7918,23974,945218720,402590,408616,8365,7569,7967,7925,0,7885,0,0,0,2017-04-13,32600595,7868,1,0,0,0,0,0,0,0,0,7870,5,0,0,0,0,0,0,0,0
399,2017-04-13,09:03:21,102,pp1709,XDCE,7867,7858,7918,23988,945769420,402590,408616,8365,7569,7967,7925,0,7885,0,0,0,2017-04-13,32601102,7868,1,0,0,0,0,0,0,0,0,7869,14,0,0,0,0,0,0,0,0
400,2017-04-13,09:03:21,593,pp1709,XDCE,7869,7858,7918,24042,947893960,402572,408616,8365,7569,7967,7925,0,7885,0,0,0,2017-04-13,32601593,7868,8,0,0,0,0,0,0,0,0,7870,5,0,0,0,0,0,0,0,0
401,2017-04-13,09:03:22,89,pp1709,XDCE,7870,7858,7918,24052,948287460,402562,408616,8365,7569,7967,7925,0,7885,0,0,0,2017-04-13,32602089,7869,5,0,0,0,0,0,0,0,0,7871,3,0,0,0,0,0,0,0,0
402,2017-04-13,09:03:22,599,pp1709,XDCE,7874,7858,7918,24106,950412470,402546,408616,8365,7569,7967,7925,0,7885,0,0,0,2017-04-13,32602599,7870,1,0,0,0,0,0,0,0,0,7873,48,0,0,0,0,0,0,0,0
403,2017-04-13,09:03:23,119,pp1709,XDCE,7871,7858,7918,24230,955292400,402472,408616,8365,7569,7967,7925,0,7885,0,0,0,2017-04-13,32603119,7869,1,0,0,0,0,0,0,0,0,7871,59,0,0,0,0,0,0,0,0
404,2017-04-13,09:03:23,630,pp1709,XDCE,7868,7858,7918,24266,956708960,402452,408616,8365,7569,7967,7925,0,7885,0,0,0,2017-04-13,32603630,7868,13,0,0,0,0,0,0,0,0,7870,23,0,0,0,0,0,0,0,0
405,2017-04-13,09:03:24,89,pp1709,XDCE,7870,7858,7918,24272,956945060,402450,408616,8365,7569,7967,7925,0,7885,0,0,0,2017-04-13,32604089,7868,13,0,0,0,0,0,0,0,0,7870,8,0,0,0,0,0,0,0,0
406,2017-04-13,09:03:24,591,pp1709,XDCE,7870,7858,7918,24350,960014360,402372,408616,8365,7569,7967,7925,0,7885,0,0,0,2017-04-13,32604591,7868,6,0,0,0,0,0,0,0,0,7871,38,0,0,0,0,0,0,0,0
407,2017-04-13,09:03:25,92,pp1709,XDCE,7870,7858,7918,24356,960250450,402368,408616,8365,7569,7967,7925,0,7885,0,0,0,2017-04-13,32605092,7869,1,0,0,0,0,0,0,0,0,7871,38,0,0,0,0,0,0,0,0
408,2017-04-13,09:03:25,594,pp1709,XDCE,7869,7858,7918,24386,961430930,402372,408616,8365,7569,7967,7925,0,7885,0,0,0,2017-04-13,32605594,7868,5,0,0,0,0,0,0,0,0,7869,26,0,0,0,0,0,0,0,0
409,2017-04-13,09:03:26,109,pp1709,XDCE,7869,7858,7918,24462,964419890,402342,408616,8365,7569,7967,7925,0,7885,0,0,0,2017-04-13,32606109,7866,6,0,0,0,0,0,0,0,0,7867,6,0,0,0,0,0,0,0,0
410,2017-04-13,09:03:26,604,pp1709,XDCE,7867,7858,7918,24472,964813230,402342,408616,8365,7569,7967,7925,0,7885,0,0,0,2017-04-13,32606604,7866,5,0,0,0,0,0,0,0,0,7867,7,0,0,0,0,0,0,0,0
411,2017-04-13,09:03:27,120,pp1709,XDCE,7867,7858,7918,24478,965049240,402342,408616,8365,7569,7967,7925,0,7885,0,0,0,2017-04-13,32607120,7866,5,0,0,0,0,0,0,0,0,7867,4,0,0,0,0,0,0,0,0
412,2017-04-13,09:03:27,597,pp1709,XDCE,7867,7858,7918,24496,965757220,402340,408616,8365,7569,7967,7925,0,7885,0,0,0,2017-04-13,32607597,7865,37,0,0,0,0,0,0,0,0,7868,13,0,0,0,0,0,0,0,0
413,2017-04-13,09:03:28,94,pp1709,XDCE,7866,7858,7918,24544,967644850,402330,408616,8365,7569,7967,7925,0,7885,0,0,0,2017-04-13,32608094,7865,19,0,0,0,0,0,0,0,0,7866,6,0,0,0,0,0,0,0,0
414,2017-04-13,09:03:28,621,pp1709,XDCE,7867,7858,7918,24574,968824720,402326,408616,8365,7569,7967,7925,0,7885,0,0,0,2017-04-13,32608621,7866,1,0,0,0,0,0,0,0,0,7867,15,0,0,0,0,0,0,0,0
415,2017-04-13,09:03:29,124,pp1709,XDCE,7865,7858,7918,24580,969060700,402328,408616,8365,7569,7967,7925,0,7885,0,0,0,2017-04-13,32609124,7865,15,0,0,0,0,0,0,0,0,7867,2,0,0,0,0,0,0,0,0
416,2017-04-13,09:03:29,607,pp1709,XDCE,7867,7858,7918,24592,969532710,402316,408616,8365,7569,7967,7925,0,7885,0,0,0,2017-04-13,32609607,7867,15,0,0,0,0,0,0,0,0,7868,18,0,0,0,0,0,0,0,0
417,2017-04-13,09:03:30,90,pp1709,XDCE,7868,7858,7918,24636,971263650,402336,408616,8365,7569,7967,7925,0,7885,0,0,0,2017-04-13,32610090,7867,33,0,0,0,0,0,0,0,0,7869,38,0,0,0,0,0,0,0,0
418,2017-04-13,09:03:30,593,pp1709,XDCE,7866,7858,7918,24898,981567640,402322,408616,8365,7569,7967,7925,0,7885,0,0,0,2017-04-13,32610593,7866,6,0,0,0,0,0,0,0,0,7868,20,0,0,0,0,0,0,0,0
419,2017-04-13,09:03:31,96,pp1709,XDCE,7866,7858,7918,24904,981803660,402326,408616,8365,7569,7967,7925,0,7885,0,0,0,2017-04-13,32611096,7866,1,0,0,0,0,0,0,0,0,7868,18,0,0,0,0,0,0,0,0
420,2017-04-13,09:03:31,503,pp1709,XDCE,7864,7858,7918,24930,982826030,402300,408616,8365,7569,7967,7925,0,7885,0,0,0,2017-04-13,32611503,7864,1,0,0,0,0,0,0,0,0,7866,2,0,0,0,0,0,0,0,0
421,2017-04-13,09:03:32,127,pp1709,XDCE,7866,7858,7918,24950,983612550,402294,408616,8365,7569,7967,7925,0,7885,0,0,0,2017-04-13,32612127,7863,53,0,0,0,0,0,0,0,0,7866,2,0,0,0,0,0,0,0,0
422,2017-04-13,09:03:32,595,pp1709,XDCE,7865,7858,7918,25002,985657920,402296,408616,8365,7569,7967,7925,0,7885,0,0,0,2017-04-13,32612595,7865,22,0,0,0,0,0,0,0,0,7866,99,0,0,0,0,0,0,0,0
423,2017-04-13,09:03:33,113,pp1709,XDCE,7865,7858,7918,25076,988568120,402256,408616,8365,7569,7967,7925,0,7885,0,0,0,2017-04-13,32613113,7864,2,0,0,0,0,0,0,0,0,7865,1,0,0,0,0,0,0,0,0
424,2017-04-13,09:03:33,590,pp1709,XDCE,7866,7858,7918,25158,991792290,402272,408616,8365,7569,7967,7925,0,7885,0,0,0,2017-04-13,32613590,7863,26,0,0,0,0,0,0,0,0,7865,6,0,0,0,0,0,0,0,0
425,2017-04-13,09:03:34,123,pp1709,XDCE,7866,7858,7918,25248,995331890,402266,408616,8365,7569,7967,7925,0,7885,0,0,0,2017-04-13,32614123,7865,5,0,0,0,0,0,0,0,0,7866,57,0,0,0,0,0,0,0,0
426,2017-04-13,09:03:34,595,pp1709,XDCE,7865,7858,7918,25258,995725180,402270,408616,8365,7569,7967,7925,0,7885,0,0,0,2017-04-13,32614595,7865,12,0,0,0,0,0,0,0,0,7866,53,0,0,0,0,0,0,0,0
427,2017-04-13,09:03:35,91,pp1709,XDCE,7865,7858,7918,25308,997691560,402280,408616,8365,7569,7967,7925,0,7885,0,0,0,2017-04-13,32615091,7864,1,0,0,0,0,0,0,0,0,7865,1,0,0,0,0,0,0,0,0
428,2017-04-13,09:03:35,617,pp1709,XDCE,7865,7858,7918,25320,998163470,402284,408616,8365,7569,7967,7925,0,7885,0,0,0,2017-04-13,32615617,7863,26,0,0,0,0,0,0,0,0,7864,1,0,0,0,0,0,0,0,0
429,2017-04-13,09:03:36,118,pp1709,XDCE,7864,7858,7918,25404,1001466090,402270,408616,8365,7569,7967,7925,0,7885,0,0,0,2017-04-13,32616118,7862,9,0,0,0,0,0,0,0,0,7863,15,0,0,0,0,0,0,0,0
430,2017-04-13,09:03:36,595,pp1709,XDCE,7863,7858,7918,25428,1002409560,402272,408616,8365,7569,7967,7925,0,7885,0,0,0,2017-04-13,32616595,7861,13,0,0,0,0,0,0,0,0,7863,13,0,0,0,0,0,0,0,0
431,2017-04-13,09:03:37,92,pp1709,XDCE,7862,7858,7918,25444,1003038490,402266,408616,8365,7569,7967,7925,0,7885,0,0,0,2017-04-13,32617092,7862,4,0,0,0,0,0,0,0,0,7863,13,0,0,0,0,0,0,0,0
432,2017-04-13,09:03:37,604,pp1709,XDCE,7861,7858,7918,25510,1005633020,402274,408616,8365,7569,7967,7925,0,7885,0,0,0,2017-04-13,32617604,7861,7,0,0,0,0,0,0,0,0,7863,4,0,0,0,0,0,0,0,0
433,2017-04-13,09:03:38,97,pp1709,XDCE,7864,7858,7918,25522,1006104820,402276,408616,8365,7569,7967,7925,0,7885,0,0,0,2017-04-13,32618097,7864,2,0,0,0,0,0,0,0,0,7865,24,0,0,0,0,0,0,0,0
434,2017-04-13,09:03:38,592,pp1709,XDCE,7865,7858,7918,25536,1006655310,402276,408616,8365,7569,7967,7925,0,7885,0,0,0,2017-04-13,32618592,7863,74,0,0,0,0,0,0,0,0,7864,1,0,0,0,0,0,0,0,0
435,2017-04-13,09:03:39,122,pp1709,XDCE,7861,7858,7918,25704,1013260080,402244,408616,8365,7569,7967,7925,0,7885,0,0,0,2017-04-13,32619122,7861,3,0,0,0,0,0,0,0,0,7862,47,0,0,0,0,0,0,0,0
436,2017-04-13,09:03:39,623,pp1709,XDCE,7861,7858,7918,25712,1013574520,402240,408616,8365,7569,7967,7925,0,7885,0,0,0,2017-04-13,32619623,7860,63,0,0,0,0,0,0,0,0,7861,8,0,0,0,0,0,0,0,0
437,2017-04-13,09:03:40,129,pp1709,XDCE,7860,7858,7918,25910,1021355710,402278,408616,8365,7569,7967,7925,0,7885,0,0,0,2017-04-13,32620129,7859,79,0,0,0,0,0,0,0,0,7860,13,0,0,0,0,0,0,0,0
438,2017-04-13,09:03:40,591,pp1709,XDCE,7856,7856,7918,26112,1029292950,402158,408616,8365,7569,7967,7925,0,7885,0,0,0,2017-04-13,32620591,7856,72,0,0,0,0,0,0,0,0,7857,8,0,0,0,0,0,0,0,0
439,2017-04-13,09:03:41,108,pp1709,XDCE,7853,7853,7918,26304,1036834580,402212,408616,8365,7569,7967,7925,0,7885,0,0,0,2017-04-13,32621108,7854,3,0,0,0,0,0,0,0,0,7856,3,0,0,0,0,0,0,0,0
440,2017-04-13,09:03:41,606,pp1709,XDCE,7854,7851,7918,26438,1042096840,402224,408616,8365,7569,7967,7925,0,7885,0,0,0,2017-04-13,32621606,7854,4,0,0,0,0,0,0,0,0,7856,1,0,0,0,0,0,0,0,0
441,2017-04-13,09:03:42,91,pp1709,XDCE,7854,7851,7918,26484,1043903360,402224,408616,8365,7569,7967,7925,0,7885,0,0,0,2017-04-13,32622091,7856,3,0,0,0,0,0,0,0,0,7858,4,0,0,0,0,0,0,0,0
442,2017-04-13,09:03:42,612,pp1709,XDCE,7853,7851,7918,26570,1047280450,402204,408616,8365,7569,7967,7925,0,7885,0,0,0,2017-04-13,32622612,7853,17,0,0,0,0,0,0,0,0,7857,1,0,0,0,0,0,0,0,0
443,2017-04-13,09:03:43,114,pp1709,XDCE,7853,7851,7918,26582,1047751630,402204,408616,8365,7569,7967,7925,0,7885,0,0,0,2017-04-13,32623114,7854,12,0,0,0,0,0,0,0,0,7855,2,0,0,0,0,0,0,0,0
444,2017-04-13,09:03:43,597,pp1709,XDCE,7854,7851,7918,26622,1049322470,402204,408616,8365,7569,7967,7925,0,7885,0,0,0,2017-04-13,32623597,7853,12,0,0,0,0,0,0,0,0,7856,52,0,0,0,0,0,0,0,0
445,2017-04-13,09:03:44,93,pp1709,XDCE,7856,7851,7918,26686,1051836220,402224,408616,8365,7569,7967,7925,0,7885,0,0,0,2017-04-13,32624093,7854,7,0,0,0,0,0,0,0,0,7856,30,0,0,0,0,0,0,0,0
446,2017-04-13,09:03:44,592,pp1709,XDCE,7856,7851,7918,26766,1054978510,402224,408616,8365,7569,7967,7925,0,7885,0,0,0,2017-04-13,32624592,7856,62,0,0,0,0,0,0,0,0,7857,6,0,0,0,0,0,0,0,0
447,2017-04-13,09:03:45,111,pp1709,XDCE,7856,7851,7918,26800,1056314230,402218,408616,8365,7569,7967,7925,0,7885,0,0,0,2017-04-13,32625111,7857,2,0,0,0,0,0,0,0,0,7858,2,0,0,0,0,0,0,0,0
448,2017-04-13,09:03:45,592,pp1709,XDCE,7857,7851,7918,26810,1056707100,402228,408616,8365,7569,7967,7925,0,7885,0,0,0,2017-04-13,32625592,7858,1,0,0,0,0,0,0,0,0,7859,14,0,0,0,0,0,0,0,0
449,2017-04-13,09:03:46,97,pp1709,XDCE,7859,7851,7918,26852,1058357380,402226,408616,8365,7569,7967,7925,0,7885,0,0,0,2017-04-13,32626097,7857,23,0,0,0,0,0,0,0,0,7860,29,0,0,0,0,0,0,0,0
450,2017-04-13,09:03:46,593,pp1709,XDCE,7857,7851,7918,26884,1059614500,402244,408616,8365,7569,7967,7925,0,7885,0,0,0,2017-04-13,32626593,7857,8,0,0,0,0,0,0,0,0,7859,8,0,0,0,0,0,0,0,0
451,2017-04-13,09:03:47,102,pp1709,XDCE,7856,7851,7918,26904,1060400210,402240,408616,8365,7569,7967,7925,0,7885,0,0,0,2017-04-13,32627102,7855,4,0,0,0,0,0,0,0,0,7856,3,0,0,0,0,0,0,0,0
452,2017-04-13,09:03:47,628,pp1709,XDCE,7856,7851,7918,26928,1061343110,402238,408616,8365,7569,7967,7925,0,7885,0,0,0,2017-04-13,32627628,7856,7,0,0,0,0,0,0,0,0,7858,2,0,0,0,0,0,0,0,0
453,2017-04-13,09:03:48,96,pp1709,XDCE,7857,7851,7918,26932,1061500250,402234,408616,8365,7569,7967,7925,0,7885,0,0,0,2017-04-13,32628096,7856,7,0,0,0,0,0,0,0,0,7858,2,0,0,0,0,0,0,0,0
454,2017-04-13,09:03:48,590,pp1709,XDCE,7853,7851,7918,27008,1064485280,402252,408616,8365,7569,7967,7925,0,7885,0,0,0,2017-04-13,32628590,7856,2,0,0,0,0,0,0,0,0,7857,1,0,0,0,0,0,0,0,0
455,2017-04-13,09:03:49,96,pp1709,XDCE,7856,7851,7918,27106,1068334750,402212,408616,8365,7569,7967,7925,0,7885,0,0,0,2017-04-13,32629096,7857,2,0,0,0,0,0,0,0,0,7859,7,0,0,0,0,0,0,0,0
456,2017-04-13,09:03:49,590,pp1709,XDCE,7858,7851,7918,27122,1068963390,402200,408616,8365,7569,7967,7925,0,7885,0,0,0,2017-04-13,32629590,7857,2,0,0,0,0,0,0,0,0,7858,2,0,0,0,0,0,0,0,0
457,2017-04-13,09:03:50,121,pp1709,XDCE,7859,7851,7918,27136,1069513450,402190,408616,8365,7569,7967,7925,0,7885,0,0,0,2017-04-13,32630121,7857,8,0,0,0,0,0,0,0,0,7859,5,0,0,0,0,0,0,0,0
458,2017-04-13,09:03:50,621,pp1709,XDCE,7858,7851,7918,27166,1070692220,402196,408616,8365,7569,7967,7925,0,7885,0,0,0,2017-04-13,32630621,7859,1,0,0,0,0,0,0,0,0,7860,5,0,0,0,0,0,0,0,0
459,2017-04-13,09:03:51,122,pp1709,XDCE,7859,7851,7918,27168,1070770810,402196,408616,8365,7569,7967,7925,0,7885,0,0,0,2017-04-13,32631122,7859,2,0,0,0,0,0,0,0,0,7860,5,0,0,0,0,0,0,0,0
460,2017-04-13,09:03:51,622,pp1709,XDCE,7862,7851,7918,27280,1075173370,402202,408616,8365,7569,7967,7925,0,7885,0,0,0,2017-04-13,32631622,7862,63,0,0,0,0,0,0,0,0,7864,5,0,0,0,0,0,0,0,0
461,2017-04-13,09:03:52,92,pp1709,XDCE,7865,7851,7918,27338,1077454160,402242,408616,8365,7569,7967,7925,0,7885,0,0,0,2017-04-13,32632092,7862,51,0,0,0,0,0,0,0,0,7864,1,0,0,0,0,0,0,0,0
462,2017-04-13,09:03:52,589,pp1709,XDCE,7864,7851,7918,27340,1077532800,402242,408616,8365,7569,7967,7925,0,7885,0,0,0,2017-04-13,32632589,7862,21,0,0,0,0,0,0,0,0,7866,38,0,0,0,0,0,0,0,0
463,2017-04-13,09:03:53,127,pp1709,XDCE,7862,7851,7918,27368,1078633480,402218,408616,8365,7569,7967,7925,0,7885,0,0,0,2017-04-13,32633127,7861,2,0,0,0,0,0,0,0,0,7866,38,0,0,0,0,0,0,0,0
464,2017-04-13,09:03:53,592,pp1709,XDCE,7864,7851,7918,27376,1078948060,402216,408616,8365,7569,7967,7925,0,7885,0,0,0,2017-04-13,32633592,7862,5,0,0,0,0,0,0,0,0,7864,1,0,0,0,0,0,0,0,0
465,2017-04-13,09:03:54,113,pp1709,XDCE,7862,7851,7918,27394,1079655670,402212,408616,8365,7569,7967,7925,0,7885,0,0,0,2017-04-13,32634113,7862,33,0,0,0,0,0,0,0,0,7865,1,0,0,0,0,0,0,0,0
466,2017-04-13,09:03:54,624,pp1709,XDCE,7862,7851,7918,27404,1080048810,402206,408616,8365,7569,7967,7925,0,7885,0,0,0,2017-04-13,32634624,7862,27,0,0,0,0,0,0,0,0,7865,7,0,0,0,0,0,0,0,0
467,2017-04-13,09:03:55,123,pp1709,XDCE,7862,7851,7918,27408,1080206050,402206,408616,8365,7569,7967,7925,0,7885,0,0,0,2017-04-13,32635123,7864,1,0,0,0,0,0,0,0,0,7865,7,0,0,0,0,0,0,0,0
468,2017-04-13,09:03:55,599,pp1709,XDCE,7866,7851,7918,27514,1084374590,402200,408616,8365,7569,7967,7925,0,7885,0,0,0,2017-04-13,32635599,7864,2,0,0,0,0,0,0,0,0,7866,15,0,0,0,0,0,0,0,0
469,2017-04-13,09:03:56,99,pp1709,XDCE,7869,7851,7918,27558,1086105200,402200,408616,8365,7569,7967,7925,0,7885,0,0,0,2017-04-13,32636099,7864,4,0,0,0,0,0,0,0,0,7869,7,0,0,0,0,0,0,0,0
470,2017-04-13,09:03:56,611,pp1709,XDCE,7865,7851,7918,27562,1086262500,402198,408616,8365,7569,7967,7925,0,7885,0,0,0,2017-04-13,32636611,7865,5,0,0,0,0,0,0,0,0,7867,4,0,0,0,0,0,0,0,0
471,2017-04-13,09:03:57,126,pp1709,XDCE,7867,7851,7918,27570,1086577140,402194,408616,8365,7569,7967,7925,0,7885,0,0,0,2017-04-13,32637126,7865,3,0,0,0,0,0,0,0,0,7867,2,0,0,0,0,0,0,0,0
472,2017-04-13,09:03:57,587,pp1709,XDCE,7865,7851,7918,27576,1086813110,402192,408616,8365,7569,7967,7925,0,7885,0,0,0,2017-04-13,32637587,7864,1,0,0,0,0,0,0,0,0,7867,1,0,0,0,0,0,0,0,0
473,2017-04-13,09:03:58,90,pp1709,XDCE,7869,7851,7918,27588,1087285230,402192,408616,8365,7569,7967,7925,0,7885,0,0,0,2017-04-13,32638090,7865,1,0,0,0,0,0,0,0,0,7867,2,0,0,0,0,0,0,0,0
474,2017-04-13,09:03:58,626,pp1709,XDCE,7865,7851,7918,27596,1087599900,402190,408616,8365,7569,7967,7925,0,7885,0,0,0,2017-04-13,32638626,7865,2,0,0,0,0,0,0,0,0,7868,1,0,0,0,0,0,0,0,0
475,2017-04-13,09:03:59,108,pp1709,XDCE,7865,7851,7918,27596,1087599900,402190,408616,8365,7569,7967,7925,0,7885,0,0,0,2017-04-13,32639108,7867,21,0,0,0,0,0,0,0,0,7868,1,0,0,0,0,0,0,0,0
476,2017-04-13,09:03:59,588,pp1709,XDCE,7868,7851,7918,27610,1088150480,402190,408616,8365,7569,7967,7925,0,7885,0,0,0,2017-04-13,32639588,7867,15,0,0,0,0,0,0,0,0,7870,4,0,0,0,0,0,0,0,0
477,2017-04-13,09:04:00,99,pp1709,XDCE,7867,7851,7918,27654,1089881130,402188,408616,8365,7569,7967,7925,0,7885,0,0,0,2017-04-13,32640099,7864,3,0,0,0,0,0,0,0,0,7867,4,0,0,0,0,0,0,0,0
478,2017-04-13,09:04:00,592,pp1709,XDCE,7867,7851,7918,27686,1091139830,402176,408616,8365,7569,7967,7925,0,7885,0,0,0,2017-04-13,32640592,7867,30,0,0,0,0,0,0,0,0,7868,20,0,0,0,0,0,0,0,0
479,2017-04-13,09:04:01,92,pp1709,XDCE,7867,7851,7918,27750,1093657290,402134,408616,8365,7569,7967,7925,0,7885,0,0,0,2017-04-13,32641092,7864,2,0,0,0,0,0,0,0,0,7867,10,0,0,0,0,0,0,0,0
480,2017-04-13,09:04:01,595,pp1709,XDCE,7866,7851,7918,27954,1101675310,402208,408616,8365,7569,7967,7925,0,7885,0,0,0,2017-04-13,32641595,7861,11,0,0,0,0,0,0,0,0,7865,3,0,0,0,0,0,0,0,0
481,2017-04-13,09:04:02,91,pp1709,XDCE,7863,7851,7918,27966,1102147090,402210,408616,8365,7569,7967,7925,0,7885,0,0,0,2017-04-13,32642091,7862,4,0,0,0,0,0,0,0,0,7863,3,0,0,0,0,0,0,0,0
482,2017-04-13,09:04:02,617,pp1709,XDCE,7862,7851,7918,27978,1102618810,402208,408616,8365,7569,7967,7925,0,7885,0,0,0,2017-04-13,32642617,7861,24,0,0,0,0,0,0,0,0,7863,13,0,0,0,0,0,0,0,0
483,2017-04-13,09:04:03,87,pp1709,XDCE,7863,7851,7918,27980,1102697440,402210,408616,8365,7569,7967,7925,0,7885,0,0,0,2017-04-13,32643087,7861,9,0,0,0,0,0,0,0,0,7862,3,0,0,0,0,0,0,0,0
484,2017-04-13,09:04:03,601,pp1709,XDCE,7862,7851,7918,28010,1103876750,402214,408616,8365,7569,7967,7925,0,7885,0,0,0,2017-04-13,32643601,7862,9,0,0,0,0,0,0,0,0,7863,2,0,0,0,0,0,0,0,0
485,2017-04-13,09:04:04,124,pp1709,XDCE,7866,7851,7918,28026,1104505910,402204,408616,8365,7569,7967,7925,0,7885,0,0,0,2017-04-13,32644124,7863,6,0,0,0,0,0,0,0,0,7866,3,0,0,0,0,0,0,0,0
486,2017-04-13,09:04:04,617,pp1709,XDCE,7866,7851,7918,28026,1104505910,402204,408616,8365,7569,7967,7925,0,7885,0,0,0,2017-04-13,32644617,7864,5,0,0,0,0,0,0,0,0,7866,4,0,0,0,0,0,0,0,0
487,2017-04-13,09:04:05,91,pp1709,XDCE,7865,7851,7918,28038,1104977800,402208,408616,8365,7569,7967,7925,0,7885,0,0,0,2017-04-13,32645091,7864,2,0,0,0,0,0,0,0,0,7865,1,0,0,0,0,0,0,0,0
488,2017-04-13,09:04:05,591,pp1709,XDCE,7867,7851,7918,28092,1107101820,402250,408616,8365,7569,7967,7925,0,7885,0,0,0,2017-04-13,32645591,7864,4,0,0,0,0,0,0,0,0,7867,41,0,0,0,0,0,0,0,0
489,2017-04-13,09:04:06,126,pp1709,XDCE,7867,7851,7918,28092,1107101820,402250,408616,8365,7569,7967,7925,0,7885,0,0,0,2017-04-13,32646126,7864,15,0,0,0,0,0,0,0,0,7867,62,0,0,0,0,0,0,0,0
490,2017-04-13,09:04:06,628,pp1709,XDCE,7867,7851,7918,28092,1107101820,402250,408616,8365,7569,7967,7925,0,7885,0,0,0,2017-04-13,32646628,7864,15,0,0,0,0,0,0,0,0,7866,1,0,0,0,0,0,0,0,0
491,2017-04-13,09:04:07,103,pp1709,XDCE,7867,7851,7918,28100,1107416500,402258,408616,8365,7569,7967,7925,0,7885,0,0,0,2017-04-13,32647103,7865,13,0,0,0,0,0,0,0,0,7866,7,0,0,0,0,0,0,0,0
492,2017-04-13,09:04:07,625,pp1709,XDCE,7866,7851,7918,28116,1108045770,402242,408616,8365,7569,7967,7925,0,7885,0,0,0,2017-04-13,32647625,7864,4,0,0,0,0,0,0,0,0,7867,61,0,0,0,0,0,0,0,0
493,2017-04-13,09:04:08,108,pp1709,XDCE,7864,7851,7918,28238,1112843380,402140,408616,8365,7569,7967,7925,0,7885,0,0,0,2017-04-13,32648108,7863,18,0,0,0,0,0,0,0,0,7864,4,0,0,0,0,0,0,0,0
494,2017-04-13,09:04:08,596,pp1709,XDCE,7864,7851,7918,28294,1115045100,402150,408616,8365,7569,7967,7925,0,7885,0,0,0,2017-04-13,32648596,7862,63,0,0,0,0,0,0,0,0,7864,3,0,0,0,0,0,0,0,0
495,2017-04-13,09:04:09,90,pp1709,XDCE,7864,7851,7918,28298,1115202380,402150,408616,8365,7569,7967,7925,0,7885,0,0,0,2017-04-13,32649090,7862,60,0,0,0,0,0,0,0,0,7864,5,0,0,0,0,0,0,0,0
496,2017-04-13,09:04:09,589,pp1709,XDCE,7865,7851,7918,28324,1116224600,402140,408616,8365,7569,7967,7925,0,7885,0,0,0,2017-04-13,32649589,7865,22,0,0,0,0,0,0,0,0,7866,2,0,0,0,0,0,0,0,0
497,2017-04-13,09:04:10,90,pp1709,XDCE,7866,7851,7918,28326,1116303260,402140,408616,8365,7569,7967,7925,0,7885,0,0,0,2017-04-13,32650090,7866,1,0,0,0,0,0,0,0,0,7867,58,0,0,0,0,0,0,0,0
498,2017-04-13,09:04:10,604,pp1709,XDCE,7866,7851,7918,28340,1116853940,402140,408616,8365,7569,7967,7925,0,7885,0,0,0,2017-04-13,32650604,7865,18,0,0,0,0,0,0,0,0,7867,52,0,0,0,0,0,0,0,0
499,2017-04-13,09:04:11,117,pp1709,XDCE,7866,7851,7918,28340,1116853940,402140,408616,8365,7569,7967,7925,0,7885,0,0,0,2017-04-13,32651117,7866,1,0,0,0,0,0,0,0,0,7867,52,0,0,0,0,0,0,0,0
500,2017-04-13,09:04:11,611,pp1709,XDCE,7868,7851,7918,28492,1122833100,402164,408616,8365,7569,7967,7925,0,7885,0,0,0,2017-04-13,32651611,7868,11,0,0,0,0,0,0,0,0,7870,2,0,0,0,0,0,0,0,0
501,2017-04-13,09:04:12,63,pp1709,XDCE,7868,7851,7918,28496,1122990460,402164,408616,8365,7569,7967,7925,0,7885,0,0,0,2017-04-13,32652063,7868,9,0,0,0,0,0,0,0,0,7870,3,0,0,0,0,0,0,0,0
502,2017-04-13,09:04:12,587,pp1709,XDCE,7869,7851,7918,28502,1123226530,402164,408616,8365,7569,7967,7925,0,7885,0,0,0,2017-04-13,32652587,7868,9,0,0,0,0,0,0,0,0,7870,4,0,0,0,0,0,0,0,0
503,2017-04-13,09:04:13,111,pp1709,XDCE,7868,7851,7918,28510,1123541280,402168,408616,8365,7569,7967,7925,0,7885,0,0,0,2017-04-13,32653111,7868,8,0,0,0,0,0,0,0,0,7870,9,0,0,0,0,0,0,0,0
504,2017-04-13,09:04:13,589,pp1709,XDCE,7868,7851,7918,28526,1124170720,402160,408616,8365,7569,7967,7925,0,7885,0,0,0,2017-04-13,32653589,7867,52,0,0,0,0,0,0,0,0,7868,22,0,0,0,0,0,0,0,0
505,2017-04-13,09:04:14,95,pp1709,XDCE,7867,7851,7918,28630,1128261560,402100,408616,8365,7569,7967,7925,0,7885,0,0,0,2017-04-13,32654095,7866,4,0,0,0,0,0,0,0,0,7867,10,0,0,0,0,0,0,0,0
506,2017-04-13,09:04:14,589,pp1709,XDCE,7866,7851,7918,28654,1129205490,402092,408616,8365,7569,7967,7925,0,7885,0,0,0,2017-04-13,32654589,7866,21,0,0,0,0,0,0,0,0,7868,5,0,0,0,0,0,0,0,0
507,2017-04-13,09:04:15,88,pp1709,XDCE,7868,7851,7918,28660,1129441530,402086,408616,8365,7569,7967,7925,0,7885,0,0,0,2017-04-13,32655088,7866,5,0,0,0,0,0,0,0,0,7867,8,0,0,0,0,0,0,0,0
508,2017-04-13,09:04:15,602,pp1709,XDCE,7865,7851,7918,28670,1129834820,402088,408616,8365,7569,7967,7925,0,7885,0,0,0,2017-04-13,32655602,7864,27,0,0,0,0,0,0,0,0,7866,17,0,0,0,0,0,0,0,0
509,2017-04-13,09:04:16,121,pp1709,XDCE,7865,7851,7918,28670,1129834820,402088,408616,8365,7569,7967,7925,0,7885,0,0,0,2017-04-13,32656121,7864,20,0,0,0,0,0,0,0,0,7866,19,0,0,0,0,0,0,0,0
510,2017-04-13,09:04:16,595,pp1709,XDCE,7864,7851,7918,28682,1130306700,402090,408616,8365,7569,7967,7925,0,7885,0,0,0,2017-04-13,32656595,7864,16,0,0,0,0,0,0,0,0,7866,18,0,0,0,0,0,0,0,0
511,2017-04-13,09:04:16,978,pp1709,XDCE,7864,7851,7918,28692,1130699920,402098,408616,8365,7569,7967,7925,0,7885,0,0,0,2017-04-13,32656978,7864,12,0,0,0,0,0,0,0,0,7866,19,0,0,0,0,0,0,0,0
512,2017-04-13,09:04:17,624,pp1709,XDCE,7868,7851,7918,28972,1141714720,402192,408616,8365,7569,7967,7925,0,7885,0,0,0,2017-04-13,32657624,7868,73,0,0,0,0,0,0,0,0,7869,17,0,0,0,0,0,0,0,0
513,2017-04-13,09:04:18,90,pp1709,XDCE,7868,7851,7918,29028,1143917770,402190,408616,8365,7569,7967,7925,0,7885,0,0,0,2017-04-13,32658090,7868,46,0,0,0,0,0,0,0,0,7869,12,0,0,0,0,0,0,0,0
514,2017-04-13,09:04:18,591,pp1709,XDCE,7868,7851,7918,29122,1147615740,402194,408616,8365,7569,7967,7925,0,7885,0,0,0,2017-04-13,32658591,7866,6,0,0,0,0,0,0,0,0,7869,11,0,0,0,0,0,0,0,0
515,2017-04-13,09:04:19,93,pp1709,XDCE,7866,7851,7918,29124,1147694400,402194,408616,8365,7569,7967,7925,0,7885,0,0,0,2017-04-13,32659093,7866,7,0,0,0,0,0,0,0,0,7868,10,0,0,0,0,0,0,0,0
516,2017-04-13,09:04:19,470,pp1709,XDCE,7866,7851,7918,29134,1148087700,402194,408616,8365,7569,7967,7925,0,7885,0,0,0,2017-04-13,32659470,7866,3,0,0,0,0,0,0,0,0,7868,10,0,0,0,0,0,0,0,0
517,2017-04-13,09:04:20,109,pp1709,XDCE,7868,7851,7918,29136,1148166380,402194,408616,8365,7569,7967,7925,0,7885,0,0,0,2017-04-13,32660109,7866,5,0,0,0,0,0,0,0,0,7868,19,0,0,0,0,0,0,0,0
518,2017-04-13,09:04:20,570,pp1709,XDCE,7868,7851,7918,29140,1148323720,402194,408616,8365,7569,7967,7925,0,7885,0,0,0,2017-04-13,32660570,7866,5,0,0,0,0,0,0,0,0,7868,21,0,0,0,0,0,0,0,0
519,2017-04-13,09:04:21,113,pp1709,XDCE,7866,7851,7918,29144,1148481060,402196,408616,8365,7569,7967,7925,0,7885,0,0,0,2017-04-13,32661113,7866,4,0,0,0,0,0,0,0,0,7868,20,0,0,0,0,0,0,0,0
520,2017-04-13,09:04:21,475,pp1709,XDCE,7868,7851,7918,29146,1148559740,402196,408616,8365,7569,7967,7925,0,7885,0,0,0,2017-04-13,32661475,7866,5,0,0,0,0,0,0,0,0,7868,19,0,0,0,0,0,0,0,0
521,2017-04-13,09:04:22,132,pp1709,XDCE,7868,7851,7918,29146,1148559740,402196,408616,8365,7569,7967,7925,0,7885,0,0,0,2017-04-13,32662132,7866,6,0,0,0,0,0,0,0,0,7868,20,0,0,0,0,0,0,0,0
522,2017-04-13,09:04:22,536,pp1709,XDCE,7868,7851,7918,29150,1148717080,402198,408616,8365,7569,7967,7925,0,7885,0,0,0,2017-04-13,32662536,7866,5,0,0,0,0,0,0,0,0,7868,19,0,0,0,0,0,0,0,0
523,2017-04-13,09:04:23,103,pp1709,XDCE,7866,7851,7918,29164,1149267700,402204,408616,8365,7569,7967,7925,0,7885,0,0,0,2017-04-13,32663103,7864,17,0,0,0,0,0,0,0,0,7866,14,0,0,0,0,0,0,0,0
524,2017-04-13,09:04:23,435,pp1709,XDCE,7866,7851,7918,29166,1149346360,402206,408616,8365,7569,7967,7925,0,7885,0,0,0,2017-04-13,32663435,7864,17,0,0,0,0,0,0,0,0,7866,14,0,0,0,0,0,0,0,0
525,2017-04-13,09:04:24,92,pp1709,XDCE,7866,7851,7918,29194,1150447580,402232,408616,8365,7569,7967,7925,0,7885,0,0,0,2017-04-13,32664092,7865,3,0,0,0,0,0,0,0,0,7866,2,0,0,0,0,0,0,0,0
526,2017-04-13,09:04:24,597,pp1709,XDCE,7866,7851,7918,29200,1150683540,402234,408616,8365,7569,7967,7925,0,7885,0,0,0,2017-04-13,32664597,7865,1,0,0,0,0,0,0,0,0,7866,2,0,0,0,0,0,0,0,0
527,2017-04-13,09:04:25,123,pp1709,XDCE,7866,7851,7918,29204,1150840860,402234,408616,8365,7569,7967,7925,0,7885,0,0,0,2017-04-13,32665123,7865,11,0,0,0,0,0,0,0,0,7866,5,0,0,0,0,0,0,0,0
528,2017-04-13,09:04:25,599,pp1709,XDCE,7866,7851,7918,29226,1151706090,402242,408616,8365,7569,7967,7925,0,7885,0,0,0,2017-04-13,32665599,7866,2,0,0,0,0,0,0,0,0,7867,5,0,0,0,0,0,0,0,0
529,2017-04-13,09:04:26,102,pp1709,XDCE,7866,7851,7918,29226,1151706090,402242,408616,8365,7569,7967,7925,0,7885,0,0,0,2017-04-13,32666102,7866,4,0,0,0,0,0,0,0,0,7867,3,0,0,0,0,0,0,0,0
530,2017-04-13,09:04:26,590,pp1709,XDCE,7865,7851,7918,29268,1153357620,402272,408616,8365,7569,7967,7925,0,7885,0,0,0,2017-04-13,32666590,7865,27,0,0,0,0,0,0,0,0,7867,8,0,0,0,0,0,0,0,0
531,2017-04-13,09:04:27,53,pp1709,XDCE,7865,7851,7918,29280,1153829560,402272,408616,8365,7569,7967,7925,0,7885,0,0,0,2017-04-13,32667053,7865,22,0,0,0,0,0,0,0,0,7867,2,0,0,0,0,0,0,0,0
532,2017-04-13,09:04:27,629,pp1709,XDCE,7865,7851,7918,29324,1155559860,402276,408616,8365,7569,7967,7925,0,7885,0,0,0,2017-04-13,32667629,7865,25,0,0,0,0,0,0,0,0,7866,10,0,0,0,0,0,0,0,0
533,2017-04-13,09:04:28,116,pp1709,XDCE,7865,7851,7918,29344,1156346370,402278,408616,8365,7569,7967,7925,0,7885,0,0,0,2017-04-13,32668116,7865,11,0,0,0,0,0,0,0,0,7866,10,0,0,0,0,0,0,0,0
534,2017-04-13,09:04:28,592,pp1709,XDCE,7865,7851,7918,29366,1157211520,402256,408616,8365,7569,7967,7925,0,7885,0,0,0,2017-04-13,32668592,7864,13,0,0,0,0,0,0,0,0,7865,9,0,0,0,0,0,0,0,0
535,2017-04-13,09:04:29,107,pp1709,XDCE,7864,7851,7918,29398,1158469860,402232,408616,8365,7569,7967,7925,0,7885,0,0,0,2017-04-13,32669107,7864,2,0,0,0,0,0,0,0,0,7865,3,0,0,0,0,0,0,0,0
536,2017-04-13,09:04:29,578,pp1709,XDCE,7865,7851,7918,29400,1158548510,402234,408616,8365,7569,7967,7925,0,7885,0,0,0,2017-04-13,32669578,7863,13,0,0,0,0,0,0,0,0,7865,2,0,0,0,0,0,0,0,0
537,2017-04-13,09:04:30,129,pp1709,XDCE,7866,7851,7918,29552,1164526620,402236,408616,8365,7569,7967,7925,0,7885,0,0,0,2017-04-13,32670129,7865,23,0,0,0,0,0,0,0,0,7866,44,0,0,0,0,0,0,0,0
538,2017-04-13,09:04:30,594,pp1709,XDCE,7867,7851,7918,29650,1168381010,402224,408616,8365,7569,7967,7925,0,7885,0,0,0,2017-04-13,32670594,7867,2,0,0,0,0,0,0,0,0,7868,52,0,0,0,0,0,0,0,0
