,dataDate,dataTime,dataMillisec,instrumentID,exchangeCD,lastPrice,lowPrice,highPrice,volume,value,openInterest,preOpenInterest,upperLimitPrice,lowerLimitPrice,preSettlementPrice,prevClosePrice,settlementPrice,openPrice,closePrice,preDelta,currDelta,clearingDay,milliSecOffset,bidPrice1,bidVolume1,bidPrice2,bidVolume2,bidPrice3,bidVolume3,bidPrice4,bidVolume4,bidPrice5,bidVolume5,askPrice1,askVolume1,askPrice2,askVolume2,askPrice3,askVolume3,askPrice4,askVolume4,askPrice5,askVolume5
0,2017-04-12,19:30:47,0,SF705,XZCE,5192,0,0,0,0,20172,20172,5496,4972,5234,5192,0,0,0,0,0,2017-04-13,70247000,0,0,0,0,0,0,0,0,0,0,0,0,0,0,0,0,0,0,0,0
1,2017-04-13,08:59:00,0,SF705,XZCE,5160,5160,5160,32,825600,20158,20172,5496,4972,5234,5192,0,5160,0,0,0,2017-04-13,32340000,5160,1,0,0,0,0,0,0,0,0,5184,4,0,0,0,0,0,0,0,0
2,2017-04-13,09:00:00,0,SF705,XZCE,5160,5160,5160,32,825600,20158,20172,5496,4972,5234,5192,0,5160,0,0,0,2017-04-13,32400000,5160,1,0,0,0,0,0,0,0,0,5180,1,0,0,0,0,0,0,0,0
3,2017-04-13,09:00:00,0,SF705,XZCE,5180,5160,5180,36,929200,20156,20172,5496,4972,5234,5192,0,5160,0,0,0,2017-04-13,32400000,5160,1,0,0,0,0,0,0,0,0,5180,2,0,0,0,0,0,0,0,0
4,2017-04-13,09:00:01,0,SF705,XZCE,5158,5158,5180,44,1135520,20154,20172,5496,4972,5234,5192,0,5160,0,0,0,2017-04-13,32401000,5162,1,0,0,0,0,0,0,0,0,5178,15,0,0,0,0,0,0,0,0
5,2017-04-13,09:00:01,0,SF705,XZCE,5160,5158,5180,50,1290320,20150,20172,5496,4972,5234,5192,0,5160,0,0,0,2017-04-13,32401000,5162,2,0,0,0,0,0,0,0,0,5176,1,0,0,0,0,0,0,0,0
6,2017-04-13,09:00:02,0,SF705,XZCE,5178,5158,5180,66,1704560,20154,20172,5496,4972,5234,5192,0,5160,0,0,0,2017-04-13,32402000,5164,1,0,0,0,0,0,0,0,0,5178,14,0,0,0,0,0,0,0,0
7,2017-04-13,09:00:02,0,SF705,XZCE,5178,5158,5180,70,1808120,20154,20172,5496,4972,5234,5192,0,5160,0,0,0,2017-04-13,32402000,5168,2,0,0,0,0,0,0,0,0,5176,1,0,0,0,0,0,0,0,0
8,2017-04-13,09:00:02,0,SF705,XZCE,5178,5158,5180,70,1808120,20154,20172,5496,4972,5234,5192,0,5160,0,0,0,2017-04-13,32402000,5168,1,0,0,0,0,0,0,0,0,5176,1,0,0,0,0,0,0,0,0
9,2017-04-13,09:00:04,0,SF705,XZCE,5178,5158,5180,76,1963460,20158,20172,5496,4972,5234,5192,0,5160,0,0,0,2017-04-13,32404000,5176,1,0,0,0,0,0,0,0,0,5178,11,0,0,0,0,0,0,0,0
10,2017-04-13,09:00:04,0,SF705,XZCE,5178,5158,5180,84,2170580,20166,20172,5496,4972,5234,5192,0,5160,0,0,0,2017-04-13,32404000,5176,1,0,0,0,0,0,0,0,0,5178,7,0,0,0,0,0,0,0,0
11,2017-04-13,09:00:06,0,SF705,XZCE,5182,5158,5182,104,2688780,20166,20172,5496,4972,5234,5192,0,5160,0,0,0,2017-04-13,32406000,5176,1,0,0,0,0,0,0,0,0,5182,5,0,0,0,0,0,0,0,0
12,2017-04-13,09:00:06,0,SF705,XZCE,5182,5158,5182,114,2947880,20164,20172,5496,4972,5234,5192,0,5160,0,0,0,2017-04-13,32406000,5176,1,0,0,0,0,0,0,0,0,5182,1,0,0,0,0,0,0,0,0
13,2017-04-13,09:00:07,0,SF705,XZCE,5182,5158,5182,116,2999700,20166,20172,5496,4972,5234,5192,0,5160,0,0,0,2017-04-13,32407000,5182,2,0,0,0,0,0,0,0,0,5184,4,0,0,0,0,0,0,0,0
14,2017-04-13,09:00:08,0,SF705,XZCE,5184,5158,5184,124,3207060,20174,20172,5496,4972,5234,5192,0,5160,0,0,0,2017-04-13,32408000,5182,4,0,0,0,0,0,0,0,0,5192,1,0,0,0,0,0,0,0,0
15,2017-04-13,09:00:08,0,SF705,XZCE,5192,5158,5192,130,3362820,20174,20172,5496,4972,5234,5192,0,5160,0,0,0,2017-04-13,32408000,5192,2,0,0,0,0,0,0,0,0,5194,5,0,0,0,0,0,0,0,0
16,2017-04-13,09:00:09,0,SF705,XZCE,5192,5158,5192,130,3362820,20174,20172,5496,4972,5234,5192,0,5160,0,0,0,2017-04-13,32409000,5192,3,0,0,0,0,0,0,0,0,5194,5,0,0,0,0,0,0,0,0
17,2017-04-13,09:00:09,0,SF705,XZCE,5194,5158,5194,140,3622520,20174,20172,5496,4972,5234,5192,0,5160,0,0,0,2017-04-13,32409000,5192,3,0,0,0,0,0,0,0,0,5196,7,0,0,0,0,0,0,0,0
18,2017-04-13,09:00:10,0,SF705,XZCE,5194,5158,5194,140,3622520,20174,20172,5496,4972,5234,5192,0,5160,0,0,0,2017-04-13,32410000,5194,1,0,0,0,0,0,0,0,0,5196,7,0,0,0,0,0,0,0,0
19,2017-04-13,09:00:10,0,SF705,XZCE,5192,5158,5196,148,3830200,20178,20172,5496,4972,5234,5192,0,5160,0,0,0,2017-04-13,32410000,5192,1,0,0,0,0,0,0,0,0,5196,6,0,0,0,0,0,0,0,0
20,2017-04-13,09:00:11,0,SF705,XZCE,5192,5158,5196,156,4037880,20178,20172,5496,4972,5234,5192,0,5160,0,0,0,2017-04-13,32411000,5188,3,0,0,0,0,0,0,0,0,5196,3,0,0,0,0,0,0,0,0
21,2017-04-13,09:00:12,0,SF705,XZCE,5192,5158,5196,156,4037880,20178,20172,5496,4972,5234,5192,0,5160,0,0,0,2017-04-13,32412000,5190,1,0,0,0,0,0,0,0,0,5194,1,0,0,0,0,0,0,0,0
22,2017-04-13,09:00:12,0,SF705,XZCE,5194,5158,5196,158,4089820,20180,20172,5496,4972,5234,5192,0,5160,0,0,0,2017-04-13,32412000,5190,2,0,0,0,0,0,0,0,0,5196,3,0,0,0,0,0,0,0,0
23,2017-04-13,09:00:13,0,SF705,XZCE,5196,5158,5196,160,4141780,20182,20172,5496,4972,5234,5192,0,5160,0,0,0,2017-04-13,32413000,5192,1,0,0,0,0,0,0,0,0,5196,2,0,0,0,0,0,0,0,0
24,2017-04-13,09:00:13,0,SF705,XZCE,5196,5158,5196,162,4193740,20184,20172,5496,4972,5234,5192,0,5160,0,0,0,2017-04-13,32413000,5192,1,0,0,0,0,0,0,0,0,5196,1,0,0,0,0,0,0,0,0
25,2017-04-13,09:00:13,0,SF705,XZCE,5192,5158,5196,164,4245660,20186,20172,5496,4972,5234,5192,0,5160,0,0,0,2017-04-13,32413000,5190,1,0,0,0,0,0,0,0,0,5196,1,0,0,0,0,0,0,0,0
26,2017-04-13,09:00:14,0,SF705,XZCE,5196,5158,5196,166,4297620,20188,20172,5496,4972,5234,5192,0,5160,0,0,0,2017-04-13,32414000,5190,1,0,0,0,0,0,0,0,0,5198,3,0,0,0,0,0,0,0,0
27,2017-04-13,09:00:15,0,SF705,XZCE,5196,5158,5196,166,4297620,20188,20172,5496,4972,5234,5192,0,5160,0,0,0,2017-04-13,32415000,5194,18,0,0,0,0,0,0,0,0,5198,3,0,0,0,0,0,0,0,0
28,2017-04-13,09:00:15,0,SF705,XZCE,5196,5158,5196,166,4297620,20188,20172,5496,4972,5234,5192,0,5160,0,0,0,2017-04-13,32415000,5194,19,0,0,0,0,0,0,0,0,5198,3,0,0,0,0,0,0,0,0
29,2017-04-13,09:00:15,0,SF705,XZCE,5194,5158,5196,204,5284480,20224,20172,5496,4972,5234,5192,0,5160,0,0,0,2017-04-13,32415000,5192,15,0,0,0,0,0,0,0,0,5194,31,0,0,0,0,0,0,0,0
30,2017-04-13,09:00:16,0,SF705,XZCE,5194,5158,5196,204,5284480,20224,20172,5496,4972,5234,5192,0,5160,0,0,0,2017-04-13,32416000,5192,14,0,0,0,0,0,0,0,0,5194,31,0,0,0,0,0,0,0,0
31,2017-04-13,09:00:17,0,SF705,XZCE,5194,5158,5196,208,5388360,20224,20172,5496,4972,5234,5192,0,5160,0,0,0,2017-04-13,32417000,5192,13,0,0,0,0,0,0,0,0,5194,30,0,0,0,0,0,0,0,0
32,2017-04-13,09:00:18,0,SF705,XZCE,5192,5158,5196,234,6063320,20248,20172,5496,4972,5234,5192,0,5160,0,0,0,2017-04-13,32418000,5182,4,0,0,0,0,0,0,0,0,5194,30,0,0,0,0,0,0,0,0
33,2017-04-13,09:00:18,0,SF705,XZCE,5192,5158,5196,240,6219080,20248,20172,5496,4972,5234,5192,0,5160,0,0,0,2017-04-13,32418000,5186,3,0,0,0,0,0,0,0,0,5192,4,0,0,0,0,0,0,0,0
34,2017-04-13,09:00:18,0,SF705,XZCE,5186,5158,5196,246,6374660,20246,20172,5496,4972,5234,5192,0,5160,0,0,0,2017-04-13,32418000,5186,4,0,0,0,0,0,0,0,0,5192,2,0,0,0,0,0,0,0,0
35,2017-04-13,09:00:19,0,SF705,XZCE,5190,5158,5196,248,6426560,20246,20172,5496,4972,5234,5192,0,5160,0,0,0,2017-04-13,32419000,5186,4,0,0,0,0,0,0,0,0,5192,2,0,0,0,0,0,0,0,0
36,2017-04-13,09:00:20,0,SF705,XZCE,5194,5158,5196,254,6582380,20250,20172,5496,4972,5234,5192,0,5160,0,0,0,2017-04-13,32420000,5186,6,0,0,0,0,0,0,0,0,5194,29,0,0,0,0,0,0,0,0
37,2017-04-13,09:00:20,0,SF705,XZCE,5194,5158,5196,254,6582380,20250,20172,5496,4972,5234,5192,0,5160,0,0,0,2017-04-13,32420000,5188,2,0,0,0,0,0,0,0,0,5192,7,0,0,0,0,0,0,0,0
38,2017-04-13,09:00:21,0,SF705,XZCE,5194,5158,5196,254,6582380,20250,20172,5496,4972,5234,5192,0,5160,0,0,0,2017-04-13,32421000,5188,2,0,0,0,0,0,0,0,0,5190,6,0,0,0,0,0,0,0,0
39,2017-04-13,09:00:21,0,SF705,XZCE,5188,5158,5196,256,6634260,20248,20172,5496,4972,5234,5192,0,5160,0,0,0,2017-04-13,32421000,5186,7,0,0,0,0,0,0,0,0,5188,2,0,0,0,0,0,0,0,0
40,2017-04-13,09:00:22,0,SF705,XZCE,5188,5158,5196,258,6686140,20248,20172,5496,4972,5234,5192,0,5160,0,0,0,2017-04-13,32422000,5186,7,0,0,0,0,0,0,0,0,5188,1,0,0,0,0,0,0,0,0
41,2017-04-13,09:00:23,0,SF705,XZCE,5186,5158,5196,262,6789860,20244,20172,5496,4972,5234,5192,0,5160,0,0,0,2017-04-13,32423000,5186,5,0,0,0,0,0,0,0,0,5188,1,0,0,0,0,0,0,0,0
42,2017-04-13,09:00:24,0,SF705,XZCE,5188,5158,5196,268,6945500,20244,20172,5496,4972,5234,5192,0,5160,0,0,0,2017-04-13,32424000,5186,6,0,0,0,0,0,0,0,0,5190,6,0,0,0,0,0,0,0,0
43,2017-04-13,09:00:24,0,SF705,XZCE,5188,5158,5196,270,6997380,20244,20172,5496,4972,5234,5192,0,5160,0,0,0,2017-04-13,32424000,5188,12,0,0,0,0,0,0,0,0,5190,6,0,0,0,0,0,0,0,0
44,2017-04-13,09:00:25,0,SF705,XZCE,5190,5158,5196,274,7101180,20244,20172,5496,4972,5234,5192,0,5160,0,0,0,2017-04-13,32425000,5188,11,0,0,0,0,0,0,0,0,5190,5,0,0,0,0,0,0,0,0
45,2017-04-13,09:00:25,0,SF705,XZCE,5190,5158,5196,278,7204980,20246,20172,5496,4972,5234,5192,0,5160,0,0,0,2017-04-13,32425000,5188,11,0,0,0,0,0,0,0,0,5190,3,0,0,0,0,0,0,0,0
46,2017-04-13,09:00:26,0,SF705,XZCE,5190,5158,5196,284,7360680,20246,20172,5496,4972,5234,5192,0,5160,0,0,0,2017-04-13,32426000,5190,12,0,0,0,0,0,0,0,0,5192,3,0,0,0,0,0,0,0,0
47,2017-04-13,09:00:27,0,SF705,XZCE,5190,5158,5196,292,7568280,20252,20172,5496,4972,5234,5192,0,5160,0,0,0,2017-04-13,32427000,5190,11,0,0,0,0,0,0,0,0,5194,33,0,0,0,0,0,0,0,0
48,2017-04-13,09:00:28,0,SF705,XZCE,5190,5158,5196,294,7620180,20252,20172,5496,4972,5234,5192,0,5160,0,0,0,2017-04-13,32428000,5192,1,0,0,0,0,0,0,0,0,5194,33,0,0,0,0,0,0,0,0
49,2017-04-13,09:00:28,0,SF705,XZCE,5194,5158,5196,318,8243460,20252,20172,5496,4972,5234,5192,0,5160,0,0,0,2017-04-13,32428000,5192,1,0,0,0,0,0,0,0,0,5194,21,0,0,0,0,0,0,0,0
50,2017-04-13,09:00:29,0,SF705,XZCE,5190,5158,5196,330,8554860,20240,20172,5496,4972,5234,5192,0,5160,0,0,0,2017-04-13,32429000,5190,6,0,0,0,0,0,0,0,0,5194,21,0,0,0,0,0,0,0,0
51,2017-04-13,09:00:30,0,SF705,XZCE,5190,5158,5196,332,8606760,20240,20172,5496,4972,5234,5192,0,5160,0,0,0,2017-04-13,32430000,5190,5,0,0,0,0,0,0,0,0,5194,21,0,0,0,0,0,0,0,0
52,2017-04-13,09:00:31,0,SF705,XZCE,5190,5158,5196,332,8606760,20240,20172,5496,4972,5234,5192,0,5160,0,0,0,2017-04-13,32431000,5190,5,0,0,0,0,0,0,0,0,5192,1,0,0,0,0,0,0,0,0
53,2017-04-13,09:00:32,0,SF705,XZCE,5192,5158,5196,334,8658680,20240,20172,5496,4972,5234,5192,0,5160,0,0,0,2017-04-13,32432000,5190,5,0,0,0,0,0,0,0,0,5194,21,0,0,0,0,0,0,0,0
54,2017-04-13,09:00:33,0,SF705,XZCE,5190,5158,5196,336,8710580,20240,20172,5496,4972,5234,5192,0,5160,0,0,0,2017-04-13,32433000,5190,4,0,0,0,0,0,0,0,0,5194,21,0,0,0,0,0,0,0,0
55,2017-04-13,09:00:35,0,SF705,XZCE,5190,5158,5196,338,8762480,20240,20172,5496,4972,5234,5192,0,5160,0,0,0,2017-04-13,32435000,5190,4,0,0,0,0,0,0,0,0,5194,22,0,0,0,0,0,0,0,0
56,2017-04-13,09:00:37,0,SF705,XZCE,5190,5158,5196,340,8814380,20240,20172,5496,4972,5234,5192,0,5160,0,0,0,2017-04-13,32437000,5190,3,0,0,0,0,0,0,0,0,5194,22,0,0,0,0,0,0,0,0
57,2017-04-13,09:00:37,0,SF705,XZCE,5190,5158,5196,340,8814380,20240,20172,5496,4972,5234,5192,0,5160,0,0,0,2017-04-13,32437000,5190,6,0,0,0,0,0,0,0,0,5194,22,0,0,0,0,0,0,0,0
58,2017-04-13,09:00:38,0,SF705,XZCE,5190,5158,5196,342,8866280,20240,20172,5496,4972,5234,5192,0,5160,0,0,0,2017-04-13,32438000,5190,5,0,0,0,0,0,0,0,0,5194,22,0,0,0,0,0,0,0,0
59,2017-04-13,09:00:39,0,SF705,XZCE,5190,5158,5196,344,8918180,20240,20172,5496,4972,5234,5192,0,5160,0,0,0,2017-04-13,32439000,5190,4,0,0,0,0,0,0,0,0,5194,22,0,0,0,0,0,0,0,0
60,2017-04-13,09:00:40,0,SF705,XZCE,5192,5158,5196,346,8970100,20242,20172,5496,4972,5234,5192,0,5160,0,0,0,2017-04-13,32440000,5190,4,0,0,0,0,0,0,0,0,5194,22,0,0,0,0,0,0,0,0
61,2017-04-13,09:00:40,0,SF705,XZCE,5194,5158,5196,362,9385620,20244,20172,5496,4972,5234,5192,0,5160,0,0,0,2017-04-13,32440000,5190,3,0,0,0,0,0,0,0,0,5194,15,0,0,0,0,0,0,0,0
62,2017-04-13,09:00:42,0,SF705,XZCE,5190,5158,5196,364,9437520,20244,20172,5496,4972,5234,5192,0,5160,0,0,0,2017-04-13,32442000,5190,2,0,0,0,0,0,0,0,0,5194,15,0,0,0,0,0,0,0,0
63,2017-04-13,09:00:42,0,SF705,XZCE,5190,5158,5196,364,9437520,20244,20172,5496,4972,5234,5192,0,5160,0,0,0,2017-04-13,32442000,5190,3,0,0,0,0,0,0,0,0,5194,15,0,0,0,0,0,0,0,0
64,2017-04-13,09:00:43,0,SF705,XZCE,5194,5158,5196,372,9645280,20252,20172,5496,4972,5234,5192,0,5160,0,0,0,2017-04-13,32443000,5190,3,0,0,0,0,0,0,0,0,5192,1,0,0,0,0,0,0,0,0
65,2017-04-13,09:00:43,0,SF705,XZCE,5192,5158,5196,374,9697200,20250,20172,5496,4972,5234,5192,0,5160,0,0,0,2017-04-13,32443000,5190,57,0,0,0,0,0,0,0,0,5194,11,0,0,0,0,0,0,0,0
66,2017-04-13,09:00:44,0,SF705,XZCE,5194,5158,5196,396,10268540,20270,20172,5496,4972,5234,5192,0,5160,0,0,0,2017-04-13,32444000,5192,2,0,0,0,0,0,0,0,0,5198,5,0,0,0,0,0,0,0,0
67,2017-04-13,09:00:44,0,SF705,XZCE,5194,5158,5196,396,10268540,20270,20172,5496,4972,5234,5192,0,5160,0,0,0,2017-04-13,32444000,5194,3,0,0,0,0,0,0,0,0,5198,5,0,0,0,0,0,0,0,0
68,2017-04-13,09:00:45,0,SF705,XZCE,5198,5158,5198,402,10424480,20264,20172,5496,4972,5234,5192,0,5160,0,0,0,2017-04-13,32445000,5194,3,0,0,0,0,0,0,0,0,5198,2,0,0,0,0,0,0,0,0
69,2017-04-13,09:00:46,0,SF705,XZCE,5200,5158,5200,414,10736480,20268,20172,5496,4972,5234,5192,0,5160,0,0,0,2017-04-13,32446000,5200,2,0,0,0,0,0,0,0,0,5204,20,0,0,0,0,0,0,0,0
70,2017-04-13,09:00:46,0,SF705,XZCE,5204,5158,5204,428,11100760,20254,20172,5496,4972,5234,5192,0,5160,0,0,0,2017-04-13,32446000,5202,3,0,0,0,0,0,0,0,0,5204,13,0,0,0,0,0,0,0,0
71,2017-04-13,09:00:47,0,SF705,XZCE,5204,5158,5204,436,11308920,20246,20172,5496,4972,5234,5192,0,5160,0,0,0,2017-04-13,32447000,5202,3,0,0,0,0,0,0,0,0,5204,9,0,0,0,0,0,0,0,0
72,2017-04-13,09:00:48,0,SF705,XZCE,5196,5158,5204,456,11828520,20250,20172,5496,4972,5234,5192,0,5160,0,0,0,2017-04-13,32448000,5194,1,0,0,0,0,0,0,0,0,5204,9,0,0,0,0,0,0,0,0
73,2017-04-13,09:00:48,0,SF705,XZCE,5196,5158,5204,456,11828520,20250,20172,5496,4972,5234,5192,0,5160,0,0,0,2017-04-13,32448000,5196,7,0,0,0,0,0,0,0,0,5202,1,0,0,0,0,0,0,0,0
74,2017-04-13,09:00:49,0,SF705,XZCE,5196,5158,5204,456,11828520,20250,20172,5496,4972,5234,5192,0,5160,0,0,0,2017-04-13,32449000,5196,7,0,0,0,0,0,0,0,0,5202,2,0,0,0,0,0,0,0,0
75,2017-04-13,09:00:49,0,SF705,XZCE,5196,5158,5204,456,11828520,20250,20172,5496,4972,5234,5192,0,5160,0,0,0,2017-04-13,32449000,5198,1,0,0,0,0,0,0,0,0,5202,2,0,0,0,0,0,0,0,0
76,2017-04-13,09:00:50,0,SF705,XZCE,5202,5158,5204,464,12036600,20248,20172,5496,4972,5234,5192,0,5160,0,0,0,2017-04-13,32450000,5202,10,0,0,0,0,0,0,0,0,5204,9,0,0,0,0,0,0,0,0
77,2017-04-13,09:00:51,0,SF705,XZCE,5204,5158,5204,480,12452920,20232,20172,5496,4972,5234,5192,0,5160,0,0,0,2017-04-13,32451000,5202,7,0,0,0,0,0,0,0,0,5204,5,0,0,0,0,0,0,0,0
78,2017-04-13,09:00:52,0,SF705,XZCE,5204,5158,5204,488,12661080,20232,20172,5496,4972,5234,5192,0,5160,0,0,0,2017-04-13,32452000,5202,4,0,0,0,0,0,0,0,0,5204,1,0,0,0,0,0,0,0,0
79,2017-04-13,09:00:52,0,SF705,XZCE,5202,5158,5204,494,12817140,20230,20172,5496,4972,5234,5192,0,5160,0,0,0,2017-04-13,32452000,5202,3,0,0,0,0,0,0,0,0,5206,1,0,0,0,0,0,0,0,0
80,2017-04-13,09:00:52,0,SF705,XZCE,5202,5158,5204,494,12817140,20230,20172,5496,4972,5234,5192,0,5160,0,0,0,2017-04-13,32452000,5204,1,0,0,0,0,0,0,0,0,5206,1,0,0,0,0,0,0,0,0
81,2017-04-13,09:00:53,0,SF705,XZCE,5202,5158,5204,500,12973200,20224,20172,5496,4972,5234,5192,0,5160,0,0,0,2017-04-13,32453000,5198,2,0,0,0,0,0,0,0,0,5202,8,0,0,0,0,0,0,0,0
82,2017-04-13,09:00:53,0,SF705,XZCE,5202,5158,5204,510,13233300,20224,20172,5496,4972,5234,5192,0,5160,0,0,0,2017-04-13,32453000,5198,2,0,0,0,0,0,0,0,0,5202,3,0,0,0,0,0,0,0,0
83,2017-04-13,09:00:55,0,SF705,XZCE,5198,5158,5204,512,13285280,20226,20172,5496,4972,5234,5192,0,5160,0,0,0,2017-04-13,32455000,5198,1,0,0,0,0,0,0,0,0,5202,3,0,0,0,0,0,0,0,0
84,2017-04-13,09:00:56,0,SF705,XZCE,5198,5158,5204,512,13285280,20226,20172,5496,4972,5234,5192,0,5160,0,0,0,2017-04-13,32456000,5198,2,0,0,0,0,0,0,0,0,5202,3,0,0,0,0,0,0,0,0
85,2017-04-13,09:00:56,0,SF705,XZCE,5198,5158,5204,512,13285280,20226,20172,5496,4972,5234,5192,0,5160,0,0,0,2017-04-13,32456000,5198,1,0,0,0,0,0,0,0,0,5202,3,0,0,0,0,0,0,0,0
86,2017-04-13,09:00:58,0,SF705,XZCE,5198,5158,5204,522,13545180,20236,20172,5496,4972,5234,5192,0,5160,0,0,0,2017-04-13,32458000,5198,1,0,0,0,0,0,0,0,0,5202,3,0,0,0,0,0,0,0,0
87,2017-04-13,09:00:59,0,SF705,XZCE,5202,5158,5204,524,13597200,20236,20172,5496,4972,5234,5192,0,5160,0,0,0,2017-04-13,32459000,5198,1,0,0,0,0,0,0,0,0,5202,2,0,0,0,0,0,0,0,0
88,2017-04-13,09:00:59,0,SF705,XZCE,5202,5158,5204,524,13597200,20236,20172,5496,4972,5234,5192,0,5160,0,0,0,2017-04-13,32459000,5198,1,0,0,0,0,0,0,0,0,5202,3,0,0,0,0,0,0,0,0
89,2017-04-13,09:01:00,0,SF705,XZCE,5202,5158,5204,524,13597200,20236,20172,5496,4972,5234,5192,0,5160,0,0,0,2017-04-13,32460000,5198,2,0,0,0,0,0,0,0,0,5202,3,0,0,0,0,0,0,0,0
90,2017-04-13,09:01:01,0,SF705,XZCE,5202,5158,5204,528,13701240,20238,20172,5496,4972,5234,5192,0,5160,0,0,0,2017-04-13,32461000,5198,2,0,0,0,0,0,0,0,0,5202,1,0,0,0,0,0,0,0,0
91,2017-04-13,09:01:02,0,SF705,XZCE,5198,5158,5204,534,13857180,20238,20172,5496,4972,5234,5192,0,5160,0,0,0,2017-04-13,32462000,5198,1,0,0,0,0,0,0,0,0,5202,1,0,0,0,0,0,0,0,0
92,2017-04-13,09:01:04,0,SF705,XZCE,5198,5158,5204,536,13909160,20238,20172,5496,4972,5234,5192,0,5160,0,0,0,2017-04-13,32464000,5196,1,0,0,0,0,0,0,0,0,5202,7,0,0,0,0,0,0,0,0
93,2017-04-13,09:01:05,0,SF705,XZCE,5198,5158,5204,538,13961140,20238,20172,5496,4972,5234,5192,0,5160,0,0,0,2017-04-13,32465000,5198,2,0,0,0,0,0,0,0,0,5202,7,0,0,0,0,0,0,0,0
94,2017-04-13,09:01:08,0,SF705,XZCE,5202,5158,5204,540,14013160,20238,20172,5496,4972,5234,5192,0,5160,0,0,0,2017-04-13,32468000,5196,1,0,0,0,0,0,0,0,0,5202,6,0,0,0,0,0,0,0,0
95,2017-04-13,09:01:11,0,SF705,XZCE,5202,5158,5204,540,14013160,20238,20172,5496,4972,5234,5192,0,5160,0,0,0,2017-04-13,32471000,5194,1,0,0,0,0,0,0,0,0,5202,7,0,0,0,0,0,0,0,0
96,2017-04-13,09:01:11,0,SF705,XZCE,5202,5158,5204,540,14013160,20238,20172,5496,4972,5234,5192,0,5160,0,0,0,2017-04-13,32471000,5194,1,0,0,0,0,0,0,0,0,5200,7,0,0,0,0,0,0,0,0
97,2017-04-13,09:01:12,0,SF705,XZCE,5190,5158,5204,542,14065060,20236,20172,5496,4972,5234,5192,0,5160,0,0,0,2017-04-13,32472000,5190,1,0,0,0,0,0,0,0,0,5198,3,0,0,0,0,0,0,0,0
98,2017-04-13,09:01:13,0,SF705,XZCE,5190,5158,5204,542,14065060,20236,20172,5496,4972,5234,5192,0,5160,0,0,0,2017-04-13,32473000,5190,1,0,0,0,0,0,0,0,0,5196,6,0,0,0,0,0,0,0,0
99,2017-04-13,09:01:13,0,SF705,XZCE,5190,5158,5204,542,14065060,20236,20172,5496,4972,5234,5192,0,5160,0,0,0,2017-04-13,32473000,5190,2,0,0,0,0,0,0,0,0,5196,6,0,0,0,0,0,0,0,0
100,2017-04-13,09:01:13,0,SF705,XZCE,5196,5158,5204,548,14220940,20236,20172,5496,4972,5234,5192,0,5160,0,0,0,2017-04-13,32473000,5190,2,0,0,0,0,0,0,0,0,5196,3,0,0,0,0,0,0,0,0
101,2017-04-13,09:01:14,0,SF705,XZCE,5196,5158,5204,548,14220940,20236,20172,5496,4972,5234,5192,0,5160,0,0,0,2017-04-13,32474000,5190,3,0,0,0,0,0,0,0,0,5196,3,0,0,0,0,0,0,0,0
102,2017-04-13,09:01:16,0,SF705,XZCE,5196,5158,5204,552,14324860,20232,20172,5496,4972,5234,5192,0,5160,0,0,0,2017-04-13,32476000,5190,3,0,0,0,0,0,0,0,0,5196,1,0,0,0,0,0,0,0,0
103,2017-04-13,09:01:16,0,SF705,XZCE,5196,5158,5204,552,14324860,20232,20172,5496,4972,5234,5192,0,5160,0,0,0,2017-04-13,32476000,5190,2,0,0,0,0,0,0,0,0,5194,2,0,0,0,0,0,0,0,0
104,2017-04-13,09:01:19,0,SF705,XZCE,5194,5158,5204,556,14428740,20228,20172,5496,4972,5234,5192,0,5160,0,0,0,2017-04-13,32479000,5194,10,0,0,0,0,0,0,0,0,5200,5,0,0,0,0,0,0,0,0
105,2017-04-13,09:01:20,0,SF705,XZCE,5194,5158,5204,556,14428740,20228,20172,5496,4972,5234,5192,0,5160,0,0,0,2017-04-13,32480000,5194,11,0,0,0,0,0,0,0,0,5200,5,0,0,0,0,0,0,0,0
106,2017-04-13,09:01:23,0,SF705,XZCE,5194,5158,5204,556,14428740,20228,20172,5496,4972,5234,5192,0,5160,0,0,0,2017-04-13,32483000,5194,12,0,0,0,0,0,0,0,0,5200,5,0,0,0,0,0,0,0,0
107,2017-04-13,09:01:23,0,SF705,XZCE,5200,5158,5204,558,14480740,20228,20172,5496,4972,5234,5192,0,5160,0,0,0,2017-04-13,32483000,5194,12,0,0,0,0,0,0,0,0,5200,4,0,0,0,0,0,0,0,0
108,2017-04-13,09:01:25,0,SF705,XZCE,5200,5158,5204,558,14480740,20228,20172,5496,4972,5234,5192,0,5160,0,0,0,2017-04-13,32485000,5194,14,0,0,0,0,0,0,0,0,5200,4,0,0,0,0,0,0,0,0
109,2017-04-13,09:01:26,0,SF705,XZCE,5194,5158,5204,560,14532680,20226,20172,5496,4972,5234,5192,0,5160,0,0,0,2017-04-13,32486000,5194,13,0,0,0,0,0,0,0,0,5200,4,0,0,0,0,0,0,0,0
110,2017-04-13,09:01:27,0,SF705,XZCE,5194,5158,5204,562,14584620,20226,20172,5496,4972,5234,5192,0,5160,0,0,0,2017-04-13,32487000,5194,12,0,0,0,0,0,0,0,0,5200,4,0,0,0,0,0,0,0,0
111,2017-04-13,09:01:28,0,SF705,XZCE,5200,5158,5204,564,14636620,20226,20172,5496,4972,5234,5192,0,5160,0,0,0,2017-04-13,32488000,5194,12,0,0,0,0,0,0,0,0,5200,6,0,0,0,0,0,0,0,0
112,2017-04-13,09:01:30,0,SF705,XZCE,5200,5158,5204,564,14636620,20226,20172,5496,4972,5234,5192,0,5160,0,0,0,2017-04-13,32490000,5194,12,0,0,0,0,0,0,0,0,5200,8,0,0,0,0,0,0,0,0
113,2017-04-13,09:01:30,0,SF705,XZCE,5200,5158,5204,568,14740620,20226,20172,5496,4972,5234,5192,0,5160,0,0,0,2017-04-13,32490000,5194,12,0,0,0,0,0,0,0,0,5200,6,0,0,0,0,0,0,0,0
114,2017-04-13,09:01:32,0,SF705,XZCE,5200,5158,5204,568,14740620,20226,20172,5496,4972,5234,5192,0,5160,0,0,0,2017-04-13,32492000,5194,12,0,0,0,0,0,0,0,0,5198,1,0,0,0,0,0,0,0,0
115,2017-04-13,09:01:35,0,SF705,XZCE,5196,5158,5204,570,14792580,20228,20172,5496,4972,5234,5192,0,5160,0,0,0,2017-04-13,32495000,5194,12,0,0,0,0,0,0,0,0,5198,1,0,0,0,0,0,0,0,0
116,2017-04-13,09:01:35,0,SF705,XZCE,5196,5158,5204,570,14792580,20228,20172,5496,4972,5234,5192,0,5160,0,0,0,2017-04-13,32495000,5194,12,0,0,0,0,0,0,0,0,5198,2,0,0,0,0,0,0,0,0
117,2017-04-13,09:01:37,0,SF705,XZCE,5196,5158,5204,570,14792580,20228,20172,5496,4972,5234,5192,0,5160,0,0,0,2017-04-13,32497000,5194,13,0,0,0,0,0,0,0,0,5196,1,0,0,0,0,0,0,0,0
118,2017-04-13,09:01:38,0,SF705,XZCE,5196,5158,5204,574,14896500,20228,20172,5496,4972,5234,5192,0,5160,0,0,0,2017-04-13,32498000,5194,12,0,0,0,0,0,0,0,0,5198,2,0,0,0,0,0,0,0,0
119,2017-04-13,09:01:39,0,SF705,XZCE,5194,5158,5204,576,14948440,20228,20172,5496,4972,5234,5192,0,5160,0,0,0,2017-04-13,32499000,5194,11,0,0,0,0,0,0,0,0,5198,2,0,0,0,0,0,0,0,0
120,2017-04-13,09:01:40,0,SF705,XZCE,5194,5158,5204,576,14948440,20228,20172,5496,4972,5234,5192,0,5160,0,0,0,2017-04-13,32500000,5194,11,0,0,0,0,0,0,0,0,5196,1,0,0,0,0,0,0,0,0
121,2017-04-13,09:01:41,0,SF705,XZCE,5194,5158,5204,576,14948440,20228,20172,5496,4972,5234,5192,0,5160,0,0,0,2017-04-13,32501000,5194,11,0,0,0,0,0,0,0,0,5196,6,0,0,0,0,0,0,0,0
122,2017-04-13,09:01:41,0,SF705,XZCE,5194,5158,5204,582,15104260,20222,20172,5496,4972,5234,5192,0,5160,0,0,0,2017-04-13,32501000,5194,8,0,0,0,0,0,0,0,0,5196,6,0,0,0,0,0,0,0,0
123,2017-04-13,09:01:42,0,SF705,XZCE,5196,5158,5204,586,15208180,20222,20172,5496,4972,5234,5192,0,5160,0,0,0,2017-04-13,32502000,5194,8,0,0,0,0,0,0,0,0,5196,4,0,0,0,0,0,0,0,0
124,2017-04-13,09:01:45,0,SF705,XZCE,5192,5158,5204,604,15675460,20214,20172,5496,4972,5234,5192,0,5160,0,0,0,2017-04-13,32505000,5190,2,0,0,0,0,0,0,0,0,5194,6,0,0,0,0,0,0,0,0
125,2017-04-13,09:01:45,0,SF705,XZCE,5192,5158,5204,604,15675460,20214,20172,5496,4972,5234,5192,0,5160,0,0,0,2017-04-13,32505000,5190,2,0,0,0,0,0,0,0,0,5194,7,0,0,0,0,0,0,0,0
126,2017-04-13,09:01:52,0,SF705,XZCE,5186,5158,5204,612,15882900,20208,20172,5496,4972,5234,5192,0,5160,0,0,0,2017-04-13,32512000,5186,5,0,0,0,0,0,0,0,0,5190,5,0,0,0,0,0,0,0,0
127,2017-04-13,09:01:52,0,SF705,XZCE,5186,5158,5204,612,15882900,20208,20172,5496,4972,5234,5192,0,5160,0,0,0,2017-04-13,32512000,5186,5,0,0,0,0,0,0,0,0,5188,1,0,0,0,0,0,0,0,0
128,2017-04-13,09:01:52,0,SF705,XZCE,5186,5158,5204,614,15934760,20206,20172,5496,4972,5234,5192,0,5160,0,0,0,2017-04-13,32512000,5186,4,0,0,0,0,0,0,0,0,5188,1,0,0,0,0,0,0,0,0
129,2017-04-13,09:01:55,0,SF705,XZCE,5186,5158,5204,616,15986620,20206,20172,5496,4972,5234,5192,0,5160,0,0,0,2017-04-13,32515000,5186,3,0,0,0,0,0,0,0,0,5188,1,0,0,0,0,0,0,0,0
130,2017-04-13,09:01:57,0,SF705,XZCE,5188,5158,5204,618,16038500,20206,20172,5496,4972,5234,5192,0,5160,0,0,0,2017-04-13,32517000,5186,3,0,0,0,0,0,0,0,0,5194,6,0,0,0,0,0,0,0,0
131,2017-04-13,09:01:58,0,SF705,XZCE,5188,5158,5204,618,16038500,20206,20172,5496,4972,5234,5192,0,5160,0,0,0,2017-04-13,32518000,5188,2,0,0,0,0,0,0,0,0,5192,1,0,0,0,0,0,0,0,0
132,2017-04-13,09:01:58,0,SF705,XZCE,5186,5158,5204,628,16297800,20210,20172,5496,4972,5234,5192,0,5160,0,0,0,2017-04-13,32518000,5182,2,0,0,0,0,0,0,0,0,5192,3,0,0,0,0,0,0,0,0
133,2017-04-13,09:01:59,0,SF705,XZCE,5188,5158,5204,638,16557200,20214,20172,5496,4972,5234,5192,0,5160,0,0,0,2017-04-13,32519000,5188,1,0,0,0,0,0,0,0,0,5190,1,0,0,0,0,0,0,0,0
134,2017-04-13,09:02:01,0,SF705,XZCE,5188,5158,5204,638,16557200,20214,20172,5496,4972,5234,5192,0,5160,0,0,0,2017-04-13,32521000,5188,1,0,0,0,0,0,0,0,0,5190,3,0,0,0,0,0,0,0,0
135,2017-04-13,09:02:02,0,SF705,XZCE,5190,5158,5204,644,16712900,20212,20172,5496,4972,5234,5192,0,5160,0,0,0,2017-04-13,32522000,5188,1,0,0,0,0,0,0,0,0,5192,1,0,0,0,0,0,0,0,0
136,2017-04-13,09:02:09,0,SF705,XZCE,5188,5158,5204,646,16764780,20214,20172,5496,4972,5234,5192,0,5160,0,0,0,2017-04-13,32529000,5186,2,0,0,0,0,0,0,0,0,5192,1,0,0,0,0,0,0,0,0
137,2017-04-13,09:02:10,0,SF705,XZCE,5188,5158,5204,650,16868540,20214,20172,5496,4972,5234,5192,0,5160,0,0,0,2017-04-13,32530000,5188,1,0,0,0,0,0,0,0,0,5194,6,0,0,0,0,0,0,0,0
138,2017-04-13,09:02:10,0,SF705,XZCE,5188,5158,5204,652,16920420,20212,20172,5496,4972,5234,5192,0,5160,0,0,0,2017-04-13,32530000,5188,2,0,0,0,0,0,0,0,0,5194,6,0,0,0,0,0,0,0,0
139,2017-04-13,09:02:11,0,SF705,XZCE,5188,5158,5204,652,16920420,20212,20172,5496,4972,5234,5192,0,5160,0,0,0,2017-04-13,32531000,5188,4,0,0,0,0,0,0,0,0,5194,6,0,0,0,0,0,0,0,0
140,2017-04-13,09:02:13,0,SF705,XZCE,5188,5158,5204,652,16920420,20212,20172,5496,4972,5234,5192,0,5160,0,0,0,2017-04-13,32533000,5188,5,0,0,0,0,0,0,0,0,5194,6,0,0,0,0,0,0,0,0
141,2017-04-13,09:02:13,0,SF705,XZCE,5188,5158,5204,652,16920420,20212,20172,5496,4972,5234,5192,0,5160,0,0,0,2017-04-13,32533000,5192,1,0,0,0,0,0,0,0,0,5194,6,0,0,0,0,0,0,0,0
142,2017-04-13,09:02:15,0,SF705,XZCE,5190,5158,5204,654,16972320,20214,20172,5496,4972,5234,5192,0,5160,0,0,0,2017-04-13,32535000,5190,2,0,0,0,0,0,0,0,0,5194,6,0,0,0,0,0,0,0,0
143,2017-04-13,09:02:16,0,SF705,XZCE,5190,5158,5204,654,16972320,20214,20172,5496,4972,5234,5192,0,5160,0,0,0,2017-04-13,32536000,5190,3,0,0,0,0,0,0,0,0,5194,6,0,0,0,0,0,0,0,0
144,2017-04-13,09:02:17,0,SF705,XZCE,5190,5158,5204,656,17024220,20216,20172,5496,4972,5234,5192,0,5160,0,0,0,2017-04-13,32537000,5190,2,0,0,0,0,0,0,0,0,5192,2,0,0,0,0,0,0,0,0
145,2017-04-13,09:02:18,0,SF705,XZCE,5190,5158,5204,660,17128020,20214,20172,5496,4972,5234,5192,0,5160,0,0,0,2017-04-13,32538000,5188,4,0,0,0,0,0,0,0,0,5190,7,0,0,0,0,0,0,0,0
146,2017-04-13,09:02:22,0,SF705,XZCE,5190,5158,5204,660,17128020,20214,20172,5496,4972,5234,5192,0,5160,0,0,0,2017-04-13,32542000,5186,3,0,0,0,0,0,0,0,0,5190,7,0,0,0,0,0,0,0,0
147,2017-04-13,09:02:25,0,SF705,XZCE,5190,5158,5204,660,17128020,20214,20172,5496,4972,5234,5192,0,5160,0,0,0,2017-04-13,32545000,5188,16,0,0,0,0,0,0,0,0,5190,7,0,0,0,0,0,0,0,0
148,2017-04-13,09:02:27,0,SF705,XZCE,5190,5158,5204,670,17387520,20208,20172,5496,4972,5234,5192,0,5160,0,0,0,2017-04-13,32547000,5188,15,0,0,0,0,0,0,0,0,5190,3,0,0,0,0,0,0,0,0
149,2017-04-13,09:02:28,0,SF705,XZCE,5192,5158,5204,678,17595200,20200,20172,5496,4972,5234,5192,0,5160,0,0,0,2017-04-13,32548000,5190,39,0,0,0,0,0,0,0,0,5194,6,0,0,0,0,0,0,0,0
150,2017-04-13,09:02:34,0,SF705,XZCE,5194,5158,5204,680,17647140,20200,20172,5496,4972,5234,5192,0,5160,0,0,0,2017-04-13,32554000,5190,39,0,0,0,0,0,0,0,0,5194,5,0,0,0,0,0,0,0,0
151,2017-04-13,09:02:35,0,SF705,XZCE,5194,5158,5204,682,17699080,20200,20172,5496,4972,5234,5192,0,5160,0,0,0,2017-04-13,32555000,5190,39,0,0,0,0,0,0,0,0,5194,4,0,0,0,0,0,0,0,0
152,2017-04-13,09:02:36,0,SF705,XZCE,5190,5158,5204,690,17906680,20192,20172,5496,4972,5234,5192,0,5160,0,0,0,2017-04-13,32556000,5190,35,0,0,0,0,0,0,0,0,5194,4,0,0,0,0,0,0,0,0
153,2017-04-13,09:02:37,0,SF705,XZCE,5190,5158,5204,690,17906680,20192,20172,5496,4972,5234,5192,0,5160,0,0,0,2017-04-13,32557000,5190,37,0,0,0,0,0,0,0,0,5194,4,0,0,0,0,0,0,0,0
154,2017-04-13,09:02:39,0,SF705,XZCE,5190,5158,5204,690,17906680,20192,20172,5496,4972,5234,5192,0,5160,0,0,0,2017-04-13,32559000,5190,37,0,0,0,0,0,0,0,0,5194,5,0,0,0,0,0,0,0,0
155,2017-04-13,09:02:40,0,SF705,XZCE,5194,5158,5204,692,17958620,20192,20172,5496,4972,5234,5192,0,5160,0,0,0,2017-04-13,32560000,5190,37,0,0,0,0,0,0,0,0,5194,4,0,0,0,0,0,0,0,0
156,2017-04-13,09:02:41,0,SF705,XZCE,5190,5158,5204,702,18218120,20192,20172,5496,4972,5234,5192,0,5160,0,0,0,2017-04-13,32561000,5190,33,0,0,0,0,0,0,0,0,5194,3,0,0,0,0,0,0,0,0
157,2017-04-13,09:02:45,0,SF705,XZCE,5194,5158,5204,704,18270060,20192,20172,5496,4972,5234,5192,0,5160,0,0,0,2017-04-13,32565000,5190,33,0,0,0,0,0,0,0,0,5194,2,0,0,0,0,0,0,0,0
158,2017-04-13,09:02:46,0,SF705,XZCE,5194,5158,5204,706,18322000,20192,20172,5496,4972,5234,5192,0,5160,0,0,0,2017-04-13,32566000,5190,33,0,0,0,0,0,0,0,0,5194,1,0,0,0,0,0,0,0,0
159,2017-04-13,09:02:49,0,SF705,XZCE,5194,5158,5204,708,18373940,20192,20172,5496,4972,5234,5192,0,5160,0,0,0,2017-04-13,32569000,5194,5,0,0,0,0,0,0,0,0,5196,5,0,0,0,0,0,0,0,0
160,2017-04-13,09:02:49,0,SF705,XZCE,5194,5158,5204,710,18425880,20190,20172,5496,4972,5234,5192,0,5160,0,0,0,2017-04-13,32569000,5194,4,0,0,0,0,0,0,0,0,5196,5,0,0,0,0,0,0,0,0
161,2017-04-13,09:02:49,0,SF705,XZCE,5194,5158,5204,710,18425880,20190,20172,5496,4972,5234,5192,0,5160,0,0,0,2017-04-13,32569000,5194,5,0,0,0,0,0,0,0,0,5196,5,0,0,0,0,0,0,0,0
162,2017-04-13,09:02:51,0,SF705,XZCE,5196,5158,5204,718,18633720,20190,20172,5496,4972,5234,5192,0,5160,0,0,0,2017-04-13,32571000,5194,1,0,0,0,0,0,0,0,0,5196,1,0,0,0,0,0,0,0,0
163,2017-04-13,09:02:53,0,SF705,XZCE,5196,5158,5204,718,18633720,20190,20172,5496,4972,5234,5192,0,5160,0,0,0,2017-04-13,32573000,5194,2,0,0,0,0,0,0,0,0,5196,1,0,0,0,0,0,0,0,0
164,2017-04-13,09:02:53,0,SF705,XZCE,5196,5158,5204,720,18685680,20188,20172,5496,4972,5234,5192,0,5160,0,0,0,2017-04-13,32573000,5194,2,0,0,0,0,0,0,0,0,5200,6,0,0,0,0,0,0,0,0
165,2017-04-13,09:02:54,0,SF705,XZCE,5196,5158,5204,720,18685680,20188,20172,5496,4972,5234,5192,0,5160,0,0,0,2017-04-13,32574000,5196,1,0,0,0,0,0,0,0,0,5200,6,0,0,0,0,0,0,0,0
166,2017-04-13,09:02:59,0,SF705,XZCE,5196,5158,5204,720,18685680,20188,20172,5496,4972,5234,5192,0,5160,0,0,0,2017-04-13,32579000,5196,17,0,0,0,0,0,0,0,0,5200,6,0,0,0,0,0,0,0,0
167,2017-04-13,09:03:00,0,SF705,XZCE,5196,5158,5204,722,18737640,20188,20172,5496,4972,5234,5192,0,5160,0,0,0,2017-04-13,32580000,5196,18,0,0,0,0,0,0,0,0,5200,6,0,0,0,0,0,0,0,0
168,2017-04-13,09:03:01,0,SF705,XZCE,5200,5158,5204,728,18893640,20188,20172,5496,4972,5234,5192,0,5160,0,0,0,2017-04-13,32581000,5196,18,0,0,0,0,0,0,0,0,5200,3,0,0,0,0,0,0,0,0
169,2017-04-13,09:03:03,0,SF705,XZCE,5196,5158,5204,736,19101480,20188,20172,5496,4972,5234,5192,0,5160,0,0,0,2017-04-13,32583000,5196,17,0,0,0,0,0,0,0,0,5204,3,0,0,0,0,0,0,0,0
170,2017-04-13,09:03:04,0,SF705,XZCE,5196,5158,5204,736,19101480,20188,20172,5496,4972,5234,5192,0,5160,0,0,0,2017-04-13,32584000,5198,4,0,0,0,0,0,0,0,0,5204,3,0,0,0,0,0,0,0,0
171,2017-04-13,09:03:04,0,SF705,XZCE,5198,5158,5204,740,19205440,20188,20172,5496,4972,5234,5192,0,5160,0,0,0,2017-04-13,32584000,5198,2,0,0,0,0,0,0,0,0,5202,2,0,0,0,0,0,0,0,0
172,2017-04-13,09:03:05,0,SF705,XZCE,5204,5158,5204,750,19465640,20178,20172,5496,4972,5234,5192,0,5160,0,0,0,2017-04-13,32585000,5198,2,0,0,0,0,0,0,0,0,5206,1,0,0,0,0,0,0,0,0
173,2017-04-13,09:03:05,0,SF705,XZCE,5204,5158,5204,750,19465640,20178,20172,5496,4972,5234,5192,0,5160,0,0,0,2017-04-13,32585000,5200,1,0,0,0,0,0,0,0,0,5206,7,0,0,0,0,0,0,0,0
174,2017-04-13,09:03:06,0,SF705,XZCE,5206,5158,5206,762,19778000,20178,20172,5496,4972,5234,5192,0,5160,0,0,0,2017-04-13,32586000,5200,6,0,0,0,0,0,0,0,0,5206,1,0,0,0,0,0,0,0,0
175,2017-04-13,09:03:08,0,SF705,XZCE,5206,5158,5206,762,19778000,20178,20172,5496,4972,5234,5192,0,5160,0,0,0,2017-04-13,32588000,5200,6,0,0,0,0,0,0,0,0,5206,2,0,0,0,0,0,0,0,0
176,2017-04-13,09:03:10,0,SF705,XZCE,5206,5158,5206,764,19830060,20180,20172,5496,4972,5234,5192,0,5160,0,0,0,2017-04-13,32590000,5200,6,0,0,0,0,0,0,0,0,5206,1,0,0,0,0,0,0,0,0
177,2017-04-13,09:03:10,0,SF705,XZCE,5206,5158,5206,764,19830060,20180,20172,5496,4972,5234,5192,0,5160,0,0,0,2017-04-13,32590000,5200,6,0,0,0,0,0,0,0,0,5204,6,0,0,0,0,0,0,0,0
178,2017-04-13,09:03:12,0,SF705,XZCE,5206,5158,5206,764,19830060,20180,20172,5496,4972,5234,5192,0,5160,0,0,0,2017-04-13,32592000,5200,5,0,0,0,0,0,0,0,0,5204,6,0,0,0,0,0,0,0,0
179,2017-04-13,09:03:13,0,SF705,XZCE,5204,5158,5206,766,19882100,20180,20172,5496,4972,5234,5192,0,5160,0,0,0,2017-04-13,32593000,5200,5,0,0,0,0,0,0,0,0,5204,5,0,0,0,0,0,0,0,0
180,2017-04-13,09:03:14,0,SF705,XZCE,5200,5158,5206,768,19934100,20178,20172,5496,4972,5234,5192,0,5160,0,0,0,2017-04-13,32594000,5200,7,0,0,0,0,0,0,0,0,5204,5,0,0,0,0,0,0,0,0
181,2017-04-13,09:03:15,0,SF705,XZCE,5200,5158,5206,768,19934100,20178,20172,5496,4972,5234,5192,0,5160,0,0,0,2017-04-13,32595000,5200,3,0,0,0,0,0,0,0,0,5204,5,0,0,0,0,0,0,0,0
182,2017-04-13,09:03:16,0,SF705,XZCE,5200,5158,5206,768,19934100,20178,20172,5496,4972,5234,5192,0,5160,0,0,0,2017-04-13,32596000,5200,3,0,0,0,0,0,0,0,0,5202,2,0,0,0,0,0,0,0,0
183,2017-04-13,09:03:16,0,SF705,XZCE,5200,5158,5206,778,20194100,20178,20172,5496,4972,5234,5192,0,5160,0,0,0,2017-04-13,32596000,5198,1,0,0,0,0,0,0,0,0,5202,2,0,0,0,0,0,0,0,0
184,2017-04-13,09:03:17,0,SF705,XZCE,5200,5158,5206,778,20194100,20178,20172,5496,4972,5234,5192,0,5160,0,0,0,2017-04-13,32597000,5198,1,0,0,0,0,0,0,0,0,5200,2,0,0,0,0,0,0,0,0
185,2017-04-13,09:03:17,0,SF705,XZCE,5196,5158,5206,782,20298020,20178,20172,5496,4972,5234,5192,0,5160,0,0,0,2017-04-13,32597000,5194,2,0,0,0,0,0,0,0,0,5196,1,0,0,0,0,0,0,0,0
186,2017-04-13,09:03:20,0,SF705,XZCE,5200,5158,5206,796,20662020,20178,20172,5496,4972,5234,5192,0,5160,0,0,0,2017-04-13,32600000,5200,8,0,0,0,0,0,0,0,0,5202,3,0,0,0,0,0,0,0,0
187,2017-04-13,09:03:22,0,SF705,XZCE,5200,5158,5206,798,20714020,20180,20172,5496,4972,5234,5192,0,5160,0,0,0,2017-04-13,32602000,5200,7,0,0,0,0,0,0,0,0,5202,3,0,0,0,0,0,0,0,0
188,2017-04-13,09:03:23,0,SF705,XZCE,5200,5158,5206,802,20818020,20184,20172,5496,4972,5234,5192,0,5160,0,0,0,2017-04-13,32603000,5200,5,0,0,0,0,0,0,0,0,5202,4,0,0,0,0,0,0,0,0
189,2017-04-13,09:03:24,0,SF705,XZCE,5200,5158,5206,802,20818020,20184,20172,5496,4972,5234,5192,0,5160,0,0,0,2017-04-13,32604000,5200,6,0,0,0,0,0,0,0,0,5202,4,0,0,0,0,0,0,0,0
190,2017-04-13,09:03:25,0,SF705,XZCE,5200,5158,5206,804,20870020,20186,20172,5496,4972,5234,5192,0,5160,0,0,0,2017-04-13,32605000,5200,5,0,0,0,0,0,0,0,0,5202,4,0,0,0,0,0,0,0,0
191,2017-04-13,09:03:27,0,SF705,XZCE,5202,5158,5206,808,20974060,20190,20172,5496,4972,5234,5192,0,5160,0,0,0,2017-04-13,32607000,5200,5,0,0,0,0,0,0,0,0,5202,2,0,0,0,0,0,0,0,0
192,2017-04-13,09:03:28,0,SF705,XZCE,5202,5158,5206,812,21078100,20194,20172,5496,4972,5234,5192,0,5160,0,0,0,2017-04-13,32608000,5202,18,0,0,0,0,0,0,0,0,5204,13,0,0,0,0,0,0,0,0
193,2017-04-13,09:03:32,0,SF705,XZCE,5202,5158,5206,812,21078100,20194,20172,5496,4972,5234,5192,0,5160,0,0,0,2017-04-13,32612000,5202,18,0,0,0,0,0,0,0,0,5204,14,0,0,0,0,0,0,0,0
194,2017-04-13,09:03:38,0,SF705,XZCE,5202,5158,5206,812,21078100,20194,20172,5496,4972,5234,5192,0,5160,0,0,0,2017-04-13,32618000,5202,18,0,0,0,0,0,0,0,0,5204,15,0,0,0,0,0,0,0,0
195,2017-04-13,09:03:38,0,SF705,XZCE,5202,5158,5206,818,21234160,20200,20172,5496,4972,5234,5192,0,5160,0,0,0,2017-04-13,32618000,5202,17,0,0,0,0,0,0,0,0,5204,13,0,0,0,0,0,0,0,0
196,2017-04-13,09:03:39,0,SF705,XZCE,5202,5158,5206,822,21338200,20202,20172,5496,4972,5234,5192,0,5160,0,0,0,2017-04-13,32619000,5202,15,0,0,0,0,0,0,0,0,5204,13,0,0,0,0,0,0,0,0
197,2017-04-13,09:03:40,0,SF705,XZCE,5202,5158,5206,852,22118500,20232,20172,5496,4972,5234,5192,0,5160,0,0,0,2017-04-13,32620000,5200,5,0,0,0,0,0,0,0,0,5202,5,0,0,0,0,0,0,0,0
198,2017-04-13,09:03:40,0,SF705,XZCE,5200,5158,5206,862,22378500,20232,20172,5496,4972,5234,5192,0,5160,0,0,0,2017-04-13,32620000,5196,2,0,0,0,0,0,0,0,0,5202,5,0,0,0,0,0,0,0,0
199,2017-04-13,09:03:41,0,SF705,XZCE,5200,5158,5206,862,22378500,20232,20172,5496,4972,5234,5192,0,5160,0,0,0,2017-04-13,32621000,5196,2,0,0,0,0,0,0,0,0,5200,1,0,0,0,0,0,0,0,0
200,2017-04-13,09:03:42,0,SF705,XZCE,5196,5158,5206,864,22430460,20234,20172,5496,4972,5234,5192,0,5160,0,0,0,2017-04-13,32622000,5196,1,0,0,0,0,0,0,0,0,5200,1,0,0,0,0,0,0,0,0
201,2017-04-13,09:03:43,0,SF705,XZCE,5196,5158,5206,864,22430460,20234,20172,5496,4972,5234,5192,0,5160,0,0,0,2017-04-13,32623000,5196,1,0,0,0,0,0,0,0,0,5200,2,0,0,0,0,0,0,0,0
202,2017-04-13,09:03:46,0,SF705,XZCE,5196,5158,5206,866,22482420,20236,20172,5496,4972,5234,5192,0,5160,0,0,0,2017-04-13,32626000,5194,6,0,0,0,0,0,0,0,0,5200,2,0,0,0,0,0,0,0,0
203,2017-04-13,09:03:47,0,SF705,XZCE,5196,5158,5206,866,22482420,20236,20172,5496,4972,5234,5192,0,5160,0,0,0,2017-04-13,32627000,5194,6,0,0,0,0,0,0,0,0,5200,3,0,0,0,0,0,0,0,0
204,2017-04-13,09:03:47,0,SF705,XZCE,5196,5158,5206,866,22482420,20236,20172,5496,4972,5234,5192,0,5160,0,0,0,2017-04-13,32627000,5194,6,0,0,0,0,0,0,0,0,5196,1,0,0,0,0,0,0,0,0
205,2017-04-13,09:03:48,0,SF705,XZCE,5194,5158,5206,868,22534360,20238,20172,5496,4972,5234,5192,0,5160,0,0,0,2017-04-13,32628000,5194,5,0,0,0,0,0,0,0,0,5196,1,0,0,0,0,0,0,0,0
206,2017-04-13,09:03:48,0,SF705,XZCE,5194,5158,5206,874,22690180,20244,20172,5496,4972,5234,5192,0,5160,0,0,0,2017-04-13,32628000,5194,2,0,0,0,0,0,0,0,0,5196,1,0,0,0,0,0,0,0,0
207,2017-04-13,09:03:50,0,SF705,XZCE,5196,5158,5206,876,22742140,20244,20172,5496,4972,5234,5192,0,5160,0,0,0,2017-04-13,32630000,5194,2,0,0,0,0,0,0,0,0,5200,2,0,0,0,0,0,0,0,0
208,2017-04-13,09:03:52,0,SF705,XZCE,5196,5158,5206,878,22794100,20242,20172,5496,4972,5234,5192,0,5160,0,0,0,2017-04-13,32632000,5194,2,0,0,0,0,0,0,0,0,5200,3,0,0,0,0,0,0,0,0
209,2017-04-13,09:03:52,0,SF705,XZCE,5196,5158,5206,878,22794100,20242,20172,5496,4972,5234,5192,0,5160,0,0,0,2017-04-13,32632000,5196,1,0,0,0,0,0,0,0,0,5200,2,0,0,0,0,0,0,0,0
210,2017-04-13,09:03:54,0,SF705,XZCE,5196,5158,5206,880,22846060,20242,20172,5496,4972,5234,5192,0,5160,0,0,0,2017-04-13,32634000,5194,2,0,0,0,0,0,0,0,0,5200,2,0,0,0,0,0,0,0,0
211,2017-04-13,09:03:54,0,SF705,XZCE,5196,5158,5206,880,22846060,20242,20172,5496,4972,5234,5192,0,5160,0,0,0,2017-04-13,32634000,5194,7,0,0,0,0,0,0,0,0,5200,2,0,0,0,0,0,0,0,0
212,2017-04-13,09:03:55,0,SF705,XZCE,5196,5158,5206,880,22846060,20242,20172,5496,4972,5234,5192,0,5160,0,0,0,2017-04-13,32635000,5196,2,0,0,0,0,0,0,0,0,5200,2,0,0,0,0,0,0,0,0
213,2017-04-13,09:03:55,0,SF705,XZCE,5196,5158,5206,884,22949980,20242,20172,5496,4972,5234,5192,0,5160,0,0,0,2017-04-13,32635000,5196,5,0,0,0,0,0,0,0,0,5200,2,0,0,0,0,0,0,0,0
214,2017-04-13,09:03:56,0,SF705,XZCE,5196,5158,5206,886,23001940,20240,20172,5496,4972,5234,5192,0,5160,0,0,0,2017-04-13,32636000,5196,4,0,0,0,0,0,0,0,0,5198,2,0,0,0,0,0,0,0,0
215,2017-04-13,09:03:57,0,SF705,XZCE,5196,5158,5206,886,23001940,20240,20172,5496,4972,5234,5192,0,5160,0,0,0,2017-04-13,32637000,5196,1,0,0,0,0,0,0,0,0,5198,2,0,0,0,0,0,0,0,0
216,2017-04-13,09:03:58,0,SF705,XZCE,5196,5158,5206,888,23053900,20240,20172,5496,4972,5234,5192,0,5160,0,0,0,2017-04-13,32638000,5194,4,0,0,0,0,0,0,0,0,5196,1,0,0,0,0,0,0,0,0
217,2017-04-13,09:04:01,0,SF705,XZCE,5196,5158,5206,888,23053900,20240,20172,5496,4972,5234,5192,0,5160,0,0,0,2017-04-13,32641000,5194,4,0,0,0,0,0,0,0,0,5196,2,0,0,0,0,0,0,0,0
218,2017-04-13,09:04:04,0,SF705,XZCE,5196,5158,5206,888,23053900,20240,20172,5496,4972,5234,5192,0,5160,0,0,0,2017-04-13,32644000,5194,4,0,0,0,0,0,0,0,0,5196,4,0,0,0,0,0,0,0,0
219,2017-04-13,09:04:05,0,SF705,XZCE,5196,5158,5206,892,23157820,20242,20172,5496,4972,5234,5192,0,5160,0,0,0,2017-04-13,32645000,5194,3,0,0,0,0,0,0,0,0,5196,3,0,0,0,0,0,0,0,0
220,2017-04-13,09:04:09,0,SF705,XZCE,5194,5158,5206,894,23209760,20244,20172,5496,4972,5234,5192,0,5160,0,0,0,2017-04-13,32649000,5194,2,0,0,0,0,0,0,0,0,5196,3,0,0,0,0,0,0,0,0
221,2017-04-13,09:04:11,0,SF705,XZCE,5194,5158,5206,896,23261700,20244,20172,5496,4972,5234,5192,0,5160,0,0,0,2017-04-13,32651000,5194,1,0,0,0,0,0,0,0,0,5196,3,0,0,0,0,0,0,0,0
222,2017-04-13,09:04:12,0,SF705,XZCE,5194,5158,5206,898,23313640,20246,20172,5496,4972,5234,5192,0,5160,0,0,0,2017-04-13,32652000,5190,36,0,0,0,0,0,0,0,0,5196,3,0,0,0,0,0,0,0,0
223,2017-04-13,09:04:13,0,SF705,XZCE,5190,5158,5206,900,23365540,20244,20172,5496,4972,5234,5192,0,5160,0,0,0,2017-04-13,32653000,5190,35,0,0,0,0,0,0,0,0,5196,3,0,0,0,0,0,0,0,0
224,2017-04-13,09:04:13,0,SF705,XZCE,5190,5158,5206,902,23417440,20242,20172,5496,4972,5234,5192,0,5160,0,0,0,2017-04-13,32653000,5190,34,0,0,0,0,0,0,0,0,5196,3,0,0,0,0,0,0,0,0
225,2017-04-13,09:04:15,0,SF705,XZCE,5190,5158,5206,902,23417440,20242,20172,5496,4972,5234,5192,0,5160,0,0,0,2017-04-13,32655000,5190,34,0,0,0,0,0,0,0,0,5196,4,0,0,0,0,0,0,0,0
226,2017-04-13,09:04:15,0,SF705,XZCE,5190,5158,5206,902,23417440,20242,20172,5496,4972,5234,5192,0,5160,0,0,0,2017-04-13,32655000,5192,1,0,0,0,0,0,0,0,0,5196,4,0,0,0,0,0,0,0,0
227,2017-04-13,09:04:16,0,SF705,XZCE,5190,5158,5206,902,23417440,20242,20172,5496,4972,5234,5192,0,5160,0,0,0,2017-04-13,32656000,5192,4,0,0,0,0,0,0,0,0,5196,4,0,0,0,0,0,0,0,0
228,2017-04-13,09:04:16,0,SF705,XZCE,5196,5158,5206,912,23677240,20250,20172,5496,4972,5234,5192,0,5160,0,0,0,2017-04-13,32656000,5196,15,0,0,0,0,0,0,0,0,5198,3,0,0,0,0,0,0,0,0
229,2017-04-13,09:04:18,0,SF705,XZCE,5196,5158,5206,934,24248800,20268,20172,5496,4972,5234,5192,0,5160,0,0,0,2017-04-13,32658000,5196,4,0,0,0,0,0,0,0,0,5198,5,0,0,0,0,0,0,0,0
230,2017-04-13,09:04:18,0,SF705,XZCE,5196,5158,5206,938,24352720,20272,20172,5496,4972,5234,5192,0,5160,0,0,0,2017-04-13,32658000,5196,2,0,0,0,0,0,0,0,0,5198,5,0,0,0,0,0,0,0,0
231,2017-04-13,09:04:19,0,SF705,XZCE,5196,5158,5206,940,24404680,20274,20172,5496,4972,5234,5192,0,5160,0,0,0,2017-04-13,32659000,5196,1,0,0,0,0,0,0,0,0,5198,5,0,0,0,0,0,0,0,0
232,2017-04-13,09:04:21,0,SF705,XZCE,5196,5158,5206,942,24456640,20276,20172,5496,4972,5234,5192,0,5160,0,0,0,2017-04-13,32661000,5192,4,0,0,0,0,0,0,0,0,5196,4,0,0,0,0,0,0,0,0
233,2017-04-13,09:04:21,0,SF705,XZCE,5192,5158,5206,944,24508560,20276,20172,5496,4972,5234,5192,0,5160,0,0,0,2017-04-13,32661000,5192,3,0,0,0,0,0,0,0,0,5196,4,0,0,0,0,0,0,0,0
234,2017-04-13,09:04:22,0,SF705,XZCE,5198,5158,5206,954,24768460,20284,20172,5496,4972,5234,5192,0,5160,0,0,0,2017-04-13,32662000,5190,31,0,0,0,0,0,0,0,0,5192,1,0,0,0,0,0,0,0,0
235,2017-04-13,09:04:22,0,SF705,XZCE,5190,5158,5206,962,24976060,20284,20172,5496,4972,5234,5192,0,5160,0,0,0,2017-04-13,32662000,5190,29,0,0,0,0,0,0,0,0,5198,14,0,0,0,0,0,0,0,0
236,2017-04-13,09:04:23,0,SF705,XZCE,5190,5158,5206,964,25027960,20286,20172,5496,4972,5234,5192,0,5160,0,0,0,2017-04-13,32663000,5190,29,0,0,0,0,0,0,0,0,5196,2,0,0,0,0,0,0,0,0
237,2017-04-13,09:04:23,0,SF705,XZCE,5196,5158,5206,968,25131880,20288,20172,5496,4972,5234,5192,0,5160,0,0,0,2017-04-13,32663000,5196,1,0,0,0,0,0,0,0,0,5198,13,0,0,0,0,0,0,0,0
238,2017-04-13,09:04:25,0,SF705,XZCE,5196,5158,5206,968,25131880,20288,20172,5496,4972,5234,5192,0,5160,0,0,0,2017-04-13,32665000,5196,2,0,0,0,0,0,0,0,0,5198,13,0,0,0,0,0,0,0,0
239,2017-04-13,09:04:28,0,SF705,XZCE,5196,5158,5206,970,25183840,20290,20172,5496,4972,5234,5192,0,5160,0,0,0,2017-04-13,32668000,5196,1,0,0,0,0,0,0,0,0,5198,13,0,0,0,0,0,0,0,0
240,2017-04-13,09:04:28,0,SF705,XZCE,5196,5158,5206,970,25183840,20290,20172,5496,4972,5234,5192,0,5160,0,0,0,2017-04-13,32668000,5196,1,0,0,0,0,0,0,0,0,5198,12,0,0,0,0,0,0,0,0
241,2017-04-13,09:04:29,0,SF705,XZCE,5196,5158,5206,972,25235800,20292,20172,5496,4972,5234,5192,0,5160,0,0,0,2017-04-13,32669000,5192,14,0,0,0,0,0,0,0,0,5198,11,0,0,0,0,0,0,0,0
242,2017-04-13,09:04:30,0,SF705,XZCE,5196,5158,5206,972,25235800,20292,20172,5496,4972,5234,5192,0,5160,0,0,0,2017-04-13,32670000,5192,14,0,0,0,0,0,0,0,0,5198,14,0,0,0,0,0,0,0,0
243,2017-04-13,09:04:31,0,SF705,XZCE,5196,5158,5206,972,25235800,20292,20172,5496,4972,5234,5192,0,5160,0,0,0,2017-04-13,32671000,5192,14,0,0,0,0,0,0,0,0,5196,1,0,0,0,0,0,0,0,0
244,2017-04-13,09:04:31,0,SF705,XZCE,5196,5158,5206,974,25287760,20292,20172,5496,4972,5234,5192,0,5160,0,0,0,2017-04-13,32671000,5192,15,0,0,0,0,0,0,0,0,5196,1,0,0,0,0,0,0,0,0
245,2017-04-13,09:04:32,0,SF705,XZCE,5196,5158,5206,974,25287760,20292,20172,5496,4972,5234,5192,0,5160,0,0,0,2017-04-13,32672000,5192,15,0,0,0,0,0,0,0,0,5196,9,0,0,0,0,0,0,0,0
246,2017-04-13,09:04:35,0,SF705,XZCE,5192,5158,5206,984,25547360,20294,20172,5496,4972,5234,5192,0,5160,0,0,0,2017-04-13,32675000,5192,10,0,0,0,0,0,0,0,0,5196,9,0,0,0,0,0,0,0,0
247,2017-04-13,09:04:35,0,SF705,XZCE,5192,5158,5206,992,25755040,20300,20172,5496,4972,5234,5192,0,5160,0,0,0,2017-04-13,32675000,5192,7,0,0,0,0,0,0,0,0,5196,8,0,0,0,0,0,0,0,0
248,2017-04-13,09:04:37,0,SF705,XZCE,5192,5158,5206,1002,26014640,20310,20172,5496,4972,5234,5192,0,5160,0,0,0,2017-04-13,32677000,5192,2,0,0,0,0,0,0,0,0,5196,8,0,0,0,0,0,0,0,0
249,2017-04-13,09:04:37,0,SF705,XZCE,5196,5158,5206,1004,26066600,20310,20172,5496,4972,5234,5192,0,5160,0,0,0,2017-04-13,32677000,5192,8,0,0,0,0,0,0,0,0,5196,8,0,0,0,0,0,0,0,0
250,2017-04-13,09:04:40,0,SF705,XZCE,5196,5158,5206,1004,26066600,20310,20172,5496,4972,5234,5192,0,5160,0,0,0,2017-04-13,32680000,5194,2,0,0,0,0,0,0,0,0,5196,8,0,0,0,0,0,0,0,0
251,2017-04-13,09:04:41,0,SF705,XZCE,5194,5158,5206,1008,26170480,20310,20172,5496,4972,5234,5192,0,5160,0,0,0,2017-04-13,32681000,5192,8,0,0,0,0,0,0,0,0,5196,8,0,0,0,0,0,0,0,0
252,2017-04-13,09:04:42,0,SF705,XZCE,5192,5158,5206,1010,26222400,20310,20172,5496,4972,5234,5192,0,5160,0,0,0,2017-04-13,32682000,5192,7,0,0,0,0,0,0,0,0,5196,18,0,0,0,0,0,0,0,0
253,2017-04-13,09:04:43,0,SF705,XZCE,5192,5158,5206,1010,26222400,20310,20172,5496,4972,5234,5192,0,5160,0,0,0,2017-04-13,32683000,5192,1,0,0,0,0,0,0,0,0,5194,1,0,0,0,0,0,0,0,0
254,2017-04-13,09:04:45,0,SF705,XZCE,5192,5158,5206,1012,26274320,20312,20172,5496,4972,5234,5192,0,5160,0,0,0,2017-04-13,32685000,5190,29,0,0,0,0,0,0,0,0,5194,1,0,0,0,0,0,0,0,0
255,2017-04-13,09:04:46,0,SF705,XZCE,5192,5158,5206,1012,26274320,20312,20172,5496,4972,5234,5192,0,5160,0,0,0,2017-04-13,32686000,5190,29,0,0,0,0,0,0,0,0,5194,2,0,0,0,0,0,0,0,0
256,2017-04-13,09:04:47,0,SF705,XZCE,5192,5158,5206,1012,26274320,20312,20172,5496,4972,5234,5192,0,5160,0,0,0,2017-04-13,32687000,5190,29,0,0,0,0,0,0,0,0,5192,2,0,0,0,0,0,0,0,0
257,2017-04-13,09:04:50,0,SF705,XZCE,5192,5158,5206,1014,26326240,20314,20172,5496,4972,5234,5192,0,5160,0,0,0,2017-04-13,32690000,5190,31,0,0,0,0,0,0,0,0,5192,1,0,0,0,0,0,0,0,0
258,2017-04-13,09:04:50,0,SF705,XZCE,5190,5158,5206,1020,26481940,20308,20172,5496,4972,5234,5192,0,5160,0,0,0,2017-04-13,32690000,5190,26,0,0,0,0,0,0,0,0,5192,1,0,0,0,0,0,0,0,0
259,2017-04-13,09:04:55,0,SF705,XZCE,5190,5158,5206,1020,26481940,20308,20172,5496,4972,5234,5192,0,5160,0,0,0,2017-04-13,32695000,5190,26,0,0,0,0,0,0,0,0,5192,2,0,0,0,0,0,0,0,0
260,2017-04-13,09:04:57,0,SF705,XZCE,5190,5158,5206,1022,26533840,20306,20172,5496,4972,5234,5192,0,5160,0,0,0,2017-04-13,32697000,5190,25,0,0,0,0,0,0,0,0,5192,2,0,0,0,0,0,0,0,0
261,2017-04-13,09:04:58,0,SF705,XZCE,5190,5158,5206,1022,26533840,20306,20172,5496,4972,5234,5192,0,5160,0,0,0,2017-04-13,32698000,5190,25,0,0,0,0,0,0,0,0,5192,5,0,0,0,0,0,0,0,0
262,2017-04-13,09:05:01,0,SF705,XZCE,5192,5158,5206,1032,26793440,20304,20172,5496,4972,5234,5192,0,5160,0,0,0,2017-04-13,32701000,5190,27,0,0,0,0,0,0,0,0,5194,4,0,0,0,0,0,0,0,0
263,2017-04-13,09:05:02,0,SF705,XZCE,5192,5158,5206,1032,26793440,20304,20172,5496,4972,5234,5192,0,5160,0,0,0,2017-04-13,32702000,5190,28,0,0,0,0,0,0,0,0,5194,4,0,0,0,0,0,0,0,0
264,2017-04-13,09:05:02,0,SF705,XZCE,5194,5158,5206,1046,27157020,20312,20172,5496,4972,5234,5192,0,5160,0,0,0,2017-04-13,32702000,5194,4,0,0,0,0,0,0,0,0,5196,18,0,0,0,0,0,0,0,0
265,2017-04-13,09:05:03,0,SF705,XZCE,5194,5158,5206,1046,27157020,20312,20172,5496,4972,5234,5192,0,5160,0,0,0,2017-04-13,32703000,5194,12,0,0,0,0,0,0,0,0,5196,18,0,0,0,0,0,0,0,0
266,2017-04-13,09:05:04,0,SF705,XZCE,5196,5158,5206,1080,28040340,20314,20172,5496,4972,5234,5192,0,5160,0,0,0,2017-04-13,32704000,5194,10,0,0,0,0,0,0,0,0,5196,1,0,0,0,0,0,0,0,0
267,2017-04-13,09:05:04,0,SF705,XZCE,5198,5158,5206,1084,28144300,20312,20172,5496,4972,5234,5192,0,5160,0,0,0,2017-04-13,32704000,5198,6,0,0,0,0,0,0,0,0,5200,2,0,0,0,0,0,0,0,0
268,2017-04-13,09:05:05,0,SF705,XZCE,5200,5158,5206,1088,28248300,20312,20172,5496,4972,5234,5192,0,5160,0,0,0,2017-04-13,32705000,5200,3,0,0,0,0,0,0,0,0,5202,2,0,0,0,0,0,0,0,0
269,2017-04-13,09:05:08,0,SF705,XZCE,5200,5158,5206,1088,28248300,20312,20172,5496,4972,5234,5192,0,5160,0,0,0,2017-04-13,32708000,5200,1,0,0,0,0,0,0,0,0,5202,3,0,0,0,0,0,0,0,0
270,2017-04-13,09:05:08,0,SF705,XZCE,5200,5158,5206,1090,28300300,20312,20172,5496,4972,5234,5192,0,5160,0,0,0,2017-04-13,32708000,5194,5,0,0,0,0,0,0,0,0,5200,4,0,0,0,0,0,0,0,0
271,2017-04-13,09:05:08,0,SF705,XZCE,5200,5158,5206,1090,28300300,20312,20172,5496,4972,5234,5192,0,5160,0,0,0,2017-04-13,32708000,5194,5,0,0,0,0,0,0,0,0,5200,5,0,0,0,0,0,0,0,0
272,2017-04-13,09:05:09,0,SF705,XZCE,5194,5158,5206,1092,28352240,20312,20172,5496,4972,5234,5192,0,5160,0,0,0,2017-04-13,32709000,5194,4,0,0,0,0,0,0,0,0,5200,5,0,0,0,0,0,0,0,0
273,2017-04-13,09:05:12,0,SF705,XZCE,5194,5158,5206,1092,28352240,20312,20172,5496,4972,5234,5192,0,5160,0,0,0,2017-04-13,32712000,5194,4,0,0,0,0,0,0,0,0,5200,6,0,0,0,0,0,0,0,0
274,2017-04-13,09:05:12,0,SF705,XZCE,5194,5158,5206,1092,28352240,20312,20172,5496,4972,5234,5192,0,5160,0,0,0,2017-04-13,32712000,5194,4,0,0,0,0,0,0,0,0,5198,1,0,0,0,0,0,0,0,0
275,2017-04-13,09:05:13,0,SF705,XZCE,5194,5158,5206,1092,28352240,20312,20172,5496,4972,5234,5192,0,5160,0,0,0,2017-04-13,32713000,5194,8,0,0,0,0,0,0,0,0,5198,1,0,0,0,0,0,0,0,0
276,2017-04-13,09:05:14,0,SF705,XZCE,5194,5158,5206,1092,28352240,20312,20172,5496,4972,5234,5192,0,5160,0,0,0,2017-04-13,32714000,5194,8,0,0,0,0,0,0,0,0,5198,5,0,0,0,0,0,0,0,0
277,2017-04-13,09:05:18,0,SF705,XZCE,5198,5158,5206,1094,28404220,20314,20172,5496,4972,5234,5192,0,5160,0,0,0,2017-04-13,32718000,5194,8,0,0,0,0,0,0,0,0,5198,4,0,0,0,0,0,0,0,0
278,2017-04-13,09:05:18,0,SF705,XZCE,5198,5158,5206,1098,28508180,20314,20172,5496,4972,5234,5192,0,5160,0,0,0,2017-04-13,32718000,5196,5,0,0,0,0,0,0,0,0,5198,2,0,0,0,0,0,0,0,0
279,2017-04-13,09:05:19,0,SF705,XZCE,5196,5158,5206,1100,28560140,20316,20172,5496,4972,5234,5192,0,5160,0,0,0,2017-04-13,32719000,5196,8,0,0,0,0,0,0,0,0,5198,2,0,0,0,0,0,0,0,0
280,2017-04-13,09:05:20,0,SF705,XZCE,5198,5158,5206,1104,28664100,20316,20172,5496,4972,5234,5192,0,5160,0,0,0,2017-04-13,32720000,5198,5,0,0,0,0,0,0,0,0,5200,9,0,0,0,0,0,0,0,0
281,2017-04-13,09:05:20,0,SF705,XZCE,5198,5158,5206,1104,28664100,20316,20172,5496,4972,5234,5192,0,5160,0,0,0,2017-04-13,32720000,5198,5,0,0,0,0,0,0,0,0,5200,8,0,0,0,0,0,0,0,0
282,2017-04-13,09:05:22,0,SF705,XZCE,5198,5158,5206,1104,28664100,20316,20172,5496,4972,5234,5192,0,5160,0,0,0,2017-04-13,32722000,5196,8,0,0,0,0,0,0,0,0,5200,8,0,0,0,0,0,0,0,0
283,2017-04-13,09:05:22,0,SF705,XZCE,5200,5158,5206,1114,28924100,20316,20172,5496,4972,5234,5192,0,5160,0,0,0,2017-04-13,32722000,5196,8,0,0,0,0,0,0,0,0,5200,3,0,0,0,0,0,0,0,0
284,2017-04-13,09:05:23,0,SF705,XZCE,5200,5158,5206,1122,29132100,20318,20172,5496,4972,5234,5192,0,5160,0,0,0,2017-04-13,32723000,5196,7,0,0,0,0,0,0,0,0,5202,3,0,0,0,0,0,0,0,0
285,2017-04-13,09:05:23,0,SF705,XZCE,5200,5158,5206,1122,29132100,20318,20172,5496,4972,5234,5192,0,5160,0,0,0,2017-04-13,32723000,5198,8,0,0,0,0,0,0,0,0,5202,3,0,0,0,0,0,0,0,0
286,2017-04-13,09:05:24,0,SF705,XZCE,5200,5158,5206,1122,29132100,20318,20172,5496,4972,5234,5192,0,5160,0,0,0,2017-04-13,32724000,5198,10,0,0,0,0,0,0,0,0,5202,3,0,0,0,0,0,0,0,0
287,2017-04-13,09:05:24,0,SF705,XZCE,5200,5158,5206,1122,29132100,20318,20172,5496,4972,5234,5192,0,5160,0,0,0,2017-04-13,32724000,5200,5,0,0,0,0,0,0,0,0,5202,1,0,0,0,0,0,0,0,0
288,2017-04-13,09:05:25,0,SF705,XZCE,5200,5158,5206,1122,29132100,20318,20172,5496,4972,5234,5192,0,5160,0,0,0,2017-04-13,32725000,5200,5,0,0,0,0,0,0,0,0,5202,5,0,0,0,0,0,0,0,0
289,2017-04-13,09:05:26,0,SF705,XZCE,5202,5158,5206,1132,29392200,20328,20172,5496,4972,5234,5192,0,5160,0,0,0,2017-04-13,32726000,5200,5,0,0,0,0,0,0,0,0,5204,15,0,0,0,0,0,0,0,0
290,2017-04-13,09:05:27,0,SF705,XZCE,5204,5158,5206,1136,29496280,20332,20172,5496,4972,5234,5192,0,5160,0,0,0,2017-04-13,32727000,5202,8,0,0,0,0,0,0,0,0,5204,13,0,0,0,0,0,0,0,0
291,2017-04-13,09:05:28,0,SF705,XZCE,5204,5158,5206,1162,30172800,20336,20172,5496,4972,5234,5192,0,5160,0,0,0,2017-04-13,32728000,5202,8,0,0,0,0,0,0,0,0,5206,3,0,0,0,0,0,0,0,0
292,2017-04-13,09:05:29,0,SF705,XZCE,5202,5158,5206,1166,30276840,20340,20172,5496,4972,5234,5192,0,5160,0,0,0,2017-04-13,32729000,5202,12,0,0,0,0,0,0,0,0,5206,3,0,0,0,0,0,0,0,0
293,2017-04-13,09:05:30,0,SF705,XZCE,5202,5158,5206,1166,30276840,20340,20172,5496,4972,5234,5192,0,5160,0,0,0,2017-04-13,32730000,5202,13,0,0,0,0,0,0,0,0,5206,3,0,0,0,0,0,0,0,0
294,2017-04-13,09:05:31,0,SF705,XZCE,5204,5158,5206,1170,30380920,20344,20172,5496,4972,5234,5192,0,5160,0,0,0,2017-04-13,32731000,5202,13,0,0,0,0,0,0,0,0,5206,3,0,0,0,0,0,0,0,0
295,2017-04-13,09:05:31,0,SF705,XZCE,5204,5158,5206,1170,30380920,20344,20172,5496,4972,5234,5192,0,5160,0,0,0,2017-04-13,32731000,5202,16,0,0,0,0,0,0,0,0,5206,3,0,0,0,0,0,0,0,0
296,2017-04-13,09:05:33,0,SF705,XZCE,5204,5158,5206,1174,30485000,20344,20172,5496,4972,5234,5192,0,5160,0,0,0,2017-04-13,32733000,5202,16,0,0,0,0,0,0,0,0,5206,3,0,0,0,0,0,0,0,0
297,2017-04-13,09:05:34,0,SF705,XZCE,5206,5158,5206,1176,30537060,20346,20172,5496,4972,5234,5192,0,5160,0,0,0,2017-04-13,32734000,5202,16,0,0,0,0,0,0,0,0,5206,2,0,0,0,0,0,0,0,0
298,2017-04-13,09:05:35,0,SF705,XZCE,5206,5158,5206,1176,30537060,20346,20172,5496,4972,5234,5192,0,5160,0,0,0,2017-04-13,32735000,5202,16,0,0,0,0,0,0,0,0,5206,7,0,0,0,0,0,0,0,0
299,2017-04-13,09:05:35,0,SF705,XZCE,5206,5158,5206,1184,30745300,20340,20172,5496,4972,5234,5192,0,5160,0,0,0,2017-04-13,32735000,5202,16,0,0,0,0,0,0,0,0,5206,3,0,0,0,0,0,0,0,0
300,2017-04-13,09:05:37,0,SF705,XZCE,5206,5158,5206,1184,30745300,20340,20172,5496,4972,5234,5192,0,5160,0,0,0,2017-04-13,32737000,5202,15,0,0,0,0,0,0,0,0,5206,3,0,0,0,0,0,0,0,0
301,2017-04-13,09:05:38,0,SF705,XZCE,5206,5158,5206,1186,30797360,20340,20172,5496,4972,5234,5192,0,5160,0,0,0,2017-04-13,32738000,5202,15,0,0,0,0,0,0,0,0,5206,2,0,0,0,0,0,0,0,0
302,2017-04-13,09:05:38,0,SF705,XZCE,5206,5158,5206,1186,30797360,20340,20172,5496,4972,5234,5192,0,5160,0,0,0,2017-04-13,32738000,5202,15,0,0,0,0,0,0,0,0,5204,1,0,0,0,0,0,0,0,0
303,2017-04-13,09:05:40,0,SF705,XZCE,5206,5158,5206,1186,30797360,20340,20172,5496,4972,5234,5192,0,5160,0,0,0,2017-04-13,32740000,5202,15,0,0,0,0,0,0,0,0,5204,2,0,0,0,0,0,0,0,0
304,2017-04-13,09:05:41,0,SF705,XZCE,5206,5158,5206,1188,30849420,20342,20172,5496,4972,5234,5192,0,5160,0,0,0,2017-04-13,32741000,5202,15,0,0,0,0,0,0,0,0,5204,2,0,0,0,0,0,0,0,0
305,2017-04-13,09:05:42,0,SF705,XZCE,5204,5158,5206,1190,30901460,20344,20172,5496,4972,5234,5192,0,5160,0,0,0,2017-04-13,32742000,5202,15,0,0,0,0,0,0,0,0,5204,11,0,0,0,0,0,0,0,0
306,2017-04-13,09:05:43,0,SF705,XZCE,5204,5158,5206,1192,30953500,20346,20172,5496,4972,5234,5192,0,5160,0,0,0,2017-04-13,32743000,5202,15,0,0,0,0,0,0,0,0,5204,10,0,0,0,0,0,0,0,0
307,2017-04-13,09:05:43,0,SF705,XZCE,5204,5158,5206,1192,30953500,20346,20172,5496,4972,5234,5192,0,5160,0,0,0,2017-04-13,32743000,5202,15,0,0,0,0,0,0,0,0,5204,13,0,0,0,0,0,0,0,0
308,2017-04-13,09:05:43,0,SF705,XZCE,5204,5158,5206,1192,30953500,20346,20172,5496,4972,5234,5192,0,5160,0,0,0,2017-04-13,32743000,5202,15,0,0,0,0,0,0,0,0,5204,14,0,0,0,0,0,0,0,0
309,2017-04-13,09:05:44,0,SF705,XZCE,5204,5158,5206,1192,30953500,20346,20172,5496,4972,5234,5192,0,5160,0,0,0,2017-04-13,32744000,5202,15,0,0,0,0,0,0,0,0,5204,12,0,0,0,0,0,0,0,0
310,2017-04-13,09:05:45,0,SF705,XZCE,5204,5158,5206,1192,30953500,20346,20172,5496,4972,5234,5192,0,5160,0,0,0,2017-04-13,32745000,5202,15,0,0,0,0,0,0,0,0,5204,21,0,0,0,0,0,0,0,0
311,2017-04-13,09:05:45,0,SF705,XZCE,5204,5158,5206,1192,30953500,20346,20172,5496,4972,5234,5192,0,5160,0,0,0,2017-04-13,32745000,5202,9,0,0,0,0,0,0,0,0,5204,21,0,0,0,0,0,0,0,0
312,2017-04-13,09:05:46,0,SF705,XZCE,5202,5158,5206,1210,31421680,20356,20172,5496,4972,5234,5192,0,5160,0,0,0,2017-04-13,32746000,5200,2,0,0,0,0,0,0,0,0,5202,5,0,0,0,0,0,0,0,0
313,2017-04-13,09:05:46,0,SF705,XZCE,5204,5158,5206,1272,33034920,20410,20172,5496,4972,5234,5192,0,5160,0,0,0,2017-04-13,32746000,5204,21,0,0,0,0,0,0,0,0,5208,4,0,0,0,0,0,0,0,0
314,2017-04-13,09:05:49,0,SF705,XZCE,5204,5158,5206,1274,33086960,20412,20172,5496,4972,5234,5192,0,5160,0,0,0,2017-04-13,32749000,5204,20,0,0,0,0,0,0,0,0,5208,4,0,0,0,0,0,0,0,0
315,2017-04-13,09:05:50,0,SF705,XZCE,5204,5158,5206,1276,33139000,20414,20172,5496,4972,5234,5192,0,5160,0,0,0,2017-04-13,32750000,5204,19,0,0,0,0,0,0,0,0,5208,4,0,0,0,0,0,0,0,0
316,2017-04-13,09:05:51,0,SF705,XZCE,5204,5158,5206,1276,33139000,20414,20172,5496,4972,5234,5192,0,5160,0,0,0,2017-04-13,32751000,5204,19,0,0,0,0,0,0,0,0,5208,5,0,0,0,0,0,0,0,0
317,2017-04-13,09:05:51,0,SF705,XZCE,5206,5158,5206,1278,33191060,20414,20172,5496,4972,5234,5192,0,5160,0,0,0,2017-04-13,32751000,5204,19,0,0,0,0,0,0,0,0,5208,5,0,0,0,0,0,0,0,0
318,2017-04-13,09:05:55,0,SF705,XZCE,5208,5158,5208,1280,33243140,20414,20172,5496,4972,5234,5192,0,5160,0,0,0,2017-04-13,32755000,5204,19,0,0,0,0,0,0,0,0,5208,4,0,0,0,0,0,0,0,0
319,2017-04-13,09:05:56,0,SF705,XZCE,5208,5158,5208,1282,33295220,20414,20172,5496,4972,5234,5192,0,5160,0,0,0,2017-04-13,32756000,5206,1,0,0,0,0,0,0,0,0,5208,3,0,0,0,0,0,0,0,0
320,2017-04-13,09:05:58,0,SF705,XZCE,5208,5158,5208,1288,33451460,20412,20172,5496,4972,5234,5192,0,5160,0,0,0,2017-04-13,32758000,5206,1,0,0,0,0,0,0,0,0,5210,2,0,0,0,0,0,0,0,0
321,2017-04-13,09:05:59,0,SF705,XZCE,5208,5158,5208,1288,33451460,20412,20172,5496,4972,5234,5192,0,5160,0,0,0,2017-04-13,32759000,5206,5,0,0,0,0,0,0,0,0,5210,2,0,0,0,0,0,0,0,0
322,2017-04-13,09:05:59,0,SF705,XZCE,5206,5158,5208,1290,33503520,20412,20172,5496,4972,5234,5192,0,5160,0,0,0,2017-04-13,32759000,5206,4,0,0,0,0,0,0,0,0,5210,2,0,0,0,0,0,0,0,0
323,2017-04-13,09:06:00,0,SF705,XZCE,5206,5158,5208,1290,33503520,20412,20172,5496,4972,5234,5192,0,5160,0,0,0,2017-04-13,32760000,5206,5,0,0,0,0,0,0,0,0,5210,2,0,0,0,0,0,0,0,0
324,2017-04-13,09:06:01,0,SF705,XZCE,5210,5158,5210,1292,33555620,20412,20172,5496,4972,5234,5192,0,5160,0,0,0,2017-04-13,32761000,5206,5,0,0,0,0,0,0,0,0,5210,1,0,0,0,0,0,0,0,0
325,2017-04-13,09:06:01,0,SF705,XZCE,5210,5158,5210,1298,33711920,20414,20172,5496,4972,5234,5192,0,5160,0,0,0,2017-04-13,32761000,5206,5,0,0,0,0,0,0,0,0,5210,8,0,0,0,0,0,0,0,0
326,2017-04-13,09:06:02,0,SF705,XZCE,5210,5158,5210,1302,33816120,20410,20172,5496,4972,5234,5192,0,5160,0,0,0,2017-04-13,32762000,5206,5,0,0,0,0,0,0,0,0,5210,6,0,0,0,0,0,0,0,0
327,2017-04-13,09:06:04,0,SF705,XZCE,5210,5158,5210,1302,33816120,20410,20172,5496,4972,5234,5192,0,5160,0,0,0,2017-04-13,32764000,5208,2,0,0,0,0,0,0,0,0,5210,7,0,0,0,0,0,0,0,0
328,2017-04-13,09:06:05,0,SF705,XZCE,5210,5158,5210,1304,33868220,20408,20172,5496,4972,5234,5192,0,5160,0,0,0,2017-04-13,32765000,5208,2,0,0,0,0,0,0,0,0,5210,6,0,0,0,0,0,0,0,0
329,2017-04-13,09:06:06,0,SF705,XZCE,5210,5158,5210,1310,34024520,20408,20172,5496,4972,5234,5192,0,5160,0,0,0,2017-04-13,32766000,5208,1,0,0,0,0,0,0,0,0,5210,5,0,0,0,0,0,0,0,0
330,2017-04-13,09:06:08,0,SF705,XZCE,5208,5158,5210,1312,34076600,20408,20172,5496,4972,5234,5192,0,5160,0,0,0,2017-04-13,32768000,5206,5,0,0,0,0,0,0,0,0,5210,5,0,0,0,0,0,0,0,0
331,2017-04-13,09:06:09,0,SF705,XZCE,5210,5158,5210,1322,34337100,20400,20172,5496,4972,5234,5192,0,5160,0,0,0,2017-04-13,32769000,5206,5,0,0,0,0,0,0,0,0,5214,10,0,0,0,0,0,0,0,0
332,2017-04-13,09:06:10,0,SF705,XZCE,5210,5158,5210,1322,34337100,20400,20172,5496,4972,5234,5192,0,5160,0,0,0,2017-04-13,32770000,5208,8,0,0,0,0,0,0,0,0,5214,10,0,0,0,0,0,0,0,0
333,2017-04-13,09:06:10,0,SF705,XZCE,5210,5158,5210,1322,34337100,20400,20172,5496,4972,5234,5192,0,5160,0,0,0,2017-04-13,32770000,5208,7,0,0,0,0,0,0,0,0,5214,10,0,0,0,0,0,0,0,0
334,2017-04-13,09:06:11,0,SF705,XZCE,5210,5158,5210,1324,34389200,20400,20172,5496,4972,5234,5192,0,5160,0,0,0,2017-04-13,32771000,5208,7,0,0,0,0,0,0,0,0,5214,10,0,0,0,0,0,0,0,0
335,2017-04-13,09:06:12,0,SF705,XZCE,5210,5158,5210,1324,34389200,20400,20172,5496,4972,5234,5192,0,5160,0,0,0,2017-04-13,32772000,5210,5,0,0,0,0,0,0,0,0,5214,10,0,0,0,0,0,0,0,0
336,2017-04-13,09:06:15,0,SF705,XZCE,5210,5158,5210,1324,34389200,20400,20172,5496,4972,5234,5192,0,5160,0,0,0,2017-04-13,32775000,5210,8,0,0,0,0,0,0,0,0,5214,10,0,0,0,0,0,0,0,0
337,2017-04-13,09:06:16,0,SF705,XZCE,5210,5158,5210,1334,34649700,20410,20172,5496,4972,5234,5192,0,5160,0,0,0,2017-04-13,32776000,5210,7,0,0,0,0,0,0,0,0,5214,10,0,0,0,0,0,0,0,0
338,2017-04-13,09:06:16,0,SF705,XZCE,5210,5158,5210,1336,34701800,20412,20172,5496,4972,5234,5192,0,5160,0,0,0,2017-04-13,32776000,5210,6,0,0,0,0,0,0,0,0,5214,11,0,0,0,0,0,0,0,0
339,2017-04-13,09:06:19,0,SF705,XZCE,5214,5158,5214,1344,34910360,20404,20172,5496,4972,5234,5192,0,5160,0,0,0,2017-04-13,32779000,5210,6,0,0,0,0,0,0,0,0,5214,7,0,0,0,0,0,0,0,0
340,2017-04-13,09:06:20,0,SF705,XZCE,5214,5158,5214,1348,35014640,20400,20172,5496,4972,5234,5192,0,5160,0,0,0,2017-04-13,32780000,5210,6,0,0,0,0,0,0,0,0,5214,5,0,0,0,0,0,0,0,0
341,2017-04-13,09:06:21,0,SF705,XZCE,5214,5158,5214,1356,35223200,20400,20172,5496,4972,5234,5192,0,5160,0,0,0,2017-04-13,32781000,5210,6,0,0,0,0,0,0,0,0,5214,1,0,0,0,0,0,0,0,0
342,2017-04-13,09:06:22,0,SF705,XZCE,5210,5158,5214,1358,35275300,20402,20172,5496,4972,5234,5192,0,5160,0,0,0,2017-04-13,32782000,5210,5,0,0,0,0,0,0,0,0,5214,2,0,0,0,0,0,0,0,0
343,2017-04-13,09:06:22,0,SF705,XZCE,5212,5158,5214,1360,35327420,20404,20172,5496,4972,5234,5192,0,5160,0,0,0,2017-04-13,32782000,5210,5,0,0,0,0,0,0,0,0,5214,2,0,0,0,0,0,0,0,0
344,2017-04-13,09:06:23,0,SF705,XZCE,5212,5158,5214,1360,35327420,20404,20172,5496,4972,5234,5192,0,5160,0,0,0,2017-04-13,32783000,5212,2,0,0,0,0,0,0,0,0,5214,2,0,0,0,0,0,0,0,0
345,2017-04-13,09:06:25,0,SF705,XZCE,5212,5158,5214,1364,35431660,20404,20172,5496,4972,5234,5192,0,5160,0,0,0,2017-04-13,32785000,5210,1,0,0,0,0,0,0,0,0,5212,3,0,0,0,0,0,0,0,0
346,2017-04-13,09:06:26,0,SF705,XZCE,5210,5158,5214,1366,35483760,20404,20172,5496,4972,5234,5192,0,5160,0,0,0,2017-04-13,32786000,5204,20,0,0,0,0,0,0,0,0,5210,2,0,0,0,0,0,0,0,0
347,2017-04-13,09:06:26,0,SF705,XZCE,5210,5158,5214,1366,35483760,20404,20172,5496,4972,5234,5192,0,5160,0,0,0,2017-04-13,32786000,5204,20,0,0,0,0,0,0,0,0,5210,3,0,0,0,0,0,0,0,0
348,2017-04-13,09:06:28,0,SF705,XZCE,5210,5158,5214,1370,35587960,20400,20172,5496,4972,5234,5192,0,5160,0,0,0,2017-04-13,32788000,5204,20,0,0,0,0,0,0,0,0,5210,1,0,0,0,0,0,0,0,0
349,2017-04-13,09:06:29,0,SF705,XZCE,5210,5158,5214,1370,35587960,20400,20172,5496,4972,5234,5192,0,5160,0,0,0,2017-04-13,32789000,5206,6,0,0,0,0,0,0,0,0,5210,1,0,0,0,0,0,0,0,0
350,2017-04-13,09:06:30,0,SF705,XZCE,5210,5158,5214,1370,35587960,20400,20172,5496,4972,5234,5192,0,5160,0,0,0,2017-04-13,32790000,5206,8,0,0,0,0,0,0,0,0,5210,1,0,0,0,0,0,0,0,0
351,2017-04-13,09:06:30,0,SF705,XZCE,5210,5158,5214,1370,35587960,20400,20172,5496,4972,5234,5192,0,5160,0,0,0,2017-04-13,32790000,5206,6,0,0,0,0,0,0,0,0,5210,2,0,0,0,0,0,0,0,0
352,2017-04-13,09:06:32,0,SF705,XZCE,5210,5158,5214,1370,35587960,20400,20172,5496,4972,5234,5192,0,5160,0,0,0,2017-04-13,32792000,5206,8,0,0,0,0,0,0,0,0,5210,2,0,0,0,0,0,0,0,0
353,2017-04-13,09:06:32,0,SF705,XZCE,5210,5158,5214,1370,35587960,20400,20172,5496,4972,5234,5192,0,5160,0,0,0,2017-04-13,32792000,5206,8,0,0,0,0,0,0,0,0,5210,3,0,0,0,0,0,0,0,0
354,2017-04-13,09:06:33,0,SF705,XZCE,5210,5158,5214,1370,35587960,20400,20172,5496,4972,5234,5192,0,5160,0,0,0,2017-04-13,32793000,5206,9,0,0,0,0,0,0,0,0,5210,3,0,0,0,0,0,0,0,0
355,2017-04-13,09:06:38,0,SF705,XZCE,5210,5158,5214,1370,35587960,20400,20172,5496,4972,5234,5192,0,5160,0,0,0,2017-04-13,32798000,5206,7,0,0,0,0,0,0,0,0,5210,5,0,0,0,0,0,0,0,0
356,2017-04-13,09:06:41,0,SF705,XZCE,5210,5158,5214,1370,35587960,20400,20172,5496,4972,5234,5192,0,5160,0,0,0,2017-04-13,32801000,5206,5,0,0,0,0,0,0,0,0,5210,5,0,0,0,0,0,0,0,0
357,2017-04-13,09:06:44,0,SF705,XZCE,5210,5158,5214,1376,35744260,20398,20172,5496,4972,5234,5192,0,5160,0,0,0,2017-04-13,32804000,5206,7,0,0,0,0,0,0,0,0,5210,2,0,0,0,0,0,0,0,0
358,2017-04-13,09:06:45,0,SF705,XZCE,5210,5158,5214,1376,35744260,20398,20172,5496,4972,5234,5192,0,5160,0,0,0,2017-04-13,32805000,5206,3,0,0,0,0,0,0,0,0,5208,5,0,0,0,0,0,0,0,0
359,2017-04-13,09:06:45,0,SF705,XZCE,5210,5158,5214,1378,35796360,20400,20172,5496,4972,5234,5192,0,5160,0,0,0,2017-04-13,32805000,5206,3,0,0,0,0,0,0,0,0,5208,4,0,0,0,0,0,0,0,0
360,2017-04-13,09:06:46,0,SF705,XZCE,5210,5158,5214,1378,35796360,20400,20172,5496,4972,5234,5192,0,5160,0,0,0,2017-04-13,32806000,5206,3,0,0,0,0,0,0,0,0,5208,5,0,0,0,0,0,0,0,0
361,2017-04-13,09:06:47,0,SF705,XZCE,5208,5158,5214,1386,36004680,20400,20172,5496,4972,5234,5192,0,5160,0,0,0,2017-04-13,32807000,5206,3,0,0,0,0,0,0,0,0,5210,2,0,0,0,0,0,0,0,0
362,2017-04-13,09:06:48,0,SF705,XZCE,5208,5158,5214,1392,36160920,20400,20172,5496,4972,5234,5192,0,5160,0,0,0,2017-04-13,32808000,5206,7,0,0,0,0,0,0,0,0,5210,1,0,0,0,0,0,0,0,0
363,2017-04-13,09:06:48,0,SF705,XZCE,5208,5158,5214,1392,36160920,20400,20172,5496,4972,5234,5192,0,5160,0,0,0,2017-04-13,32808000,5208,1,0,0,0,0,0,0,0,0,5210,1,0,0,0,0,0,0,0,0
364,2017-04-13,09:06:51,0,SF705,XZCE,5208,5158,5214,1392,36160920,20400,20172,5496,4972,5234,5192,0,5160,0,0,0,2017-04-13,32811000,5208,1,0,0,0,0,0,0,0,0,5210,2,0,0,0,0,0,0,0,0
365,2017-04-13,09:06:51,0,SF705,XZCE,5208,5158,5214,1392,36160920,20400,20172,5496,4972,5234,5192,0,5160,0,0,0,2017-04-13,32811000,5208,1,0,0,0,0,0,0,0,0,5210,1,0,0,0,0,0,0,0,0
366,2017-04-13,09:06:52,0,SF705,XZCE,5210,5158,5214,1394,36213020,20400,20172,5496,4972,5234,5192,0,5160,0,0,0,2017-04-13,32812000,5208,5,0,0,0,0,0,0,0,0,5212,1,0,0,0,0,0,0,0,0
367,2017-04-13,09:06:53,0,SF705,XZCE,5208,5158,5214,1396,36265100,20400,20172,5496,4972,5234,5192,0,5160,0,0,0,2017-04-13,32813000,5208,4,0,0,0,0,0,0,0,0,5212,2,0,0,0,0,0,0,0,0
368,2017-04-13,09:06:55,0,SF705,XZCE,5208,5158,5214,1396,36265100,20400,20172,5496,4972,5234,5192,0,5160,0,0,0,2017-04-13,32815000,5208,4,0,0,0,0,0,0,0,0,5212,3,0,0,0,0,0,0,0,0
369,2017-04-13,09:06:56,0,SF705,XZCE,5212,5158,5214,1398,36317220,20400,20172,5496,4972,5234,5192,0,5160,0,0,0,2017-04-13,32816000,5208,4,0,0,0,0,0,0,0,0,5212,2,0,0,0,0,0,0,0,0
370,2017-04-13,09:06:58,0,SF705,XZCE,5208,5158,5214,1406,36525540,20400,20172,5496,4972,5234,5192,0,5160,0,0,0,2017-04-13,32818000,5206,6,0,0,0,0,0,0,0,0,5208,1,0,0,0,0,0,0,0,0
371,2017-04-13,09:06:58,0,SF705,XZCE,5208,5158,5214,1408,36577620,20402,20172,5496,4972,5234,5192,0,5160,0,0,0,2017-04-13,32818000,5210,2,0,0,0,0,0,0,0,0,5212,1,0,0,0,0,0,0,0,0
372,2017-04-13,09:06:59,0,SF705,XZCE,5210,5158,5214,1410,36629720,20402,20172,5496,4972,5234,5192,0,5160,0,0,0,2017-04-13,32819000,5210,1,0,0,0,0,0,0,0,0,5212,1,0,0,0,0,0,0,0,0
373,2017-04-13,09:07:00,0,SF705,XZCE,5210,5158,5214,1412,36681820,20402,20172,5496,4972,5234,5192,0,5160,0,0,0,2017-04-13,32820000,5206,2,0,0,0,0,0,0,0,0,5210,2,0,0,0,0,0,0,0,0
374,2017-04-13,09:07:01,0,SF705,XZCE,5210,5158,5214,1414,36733920,20402,20172,5496,4972,5234,5192,0,5160,0,0,0,2017-04-13,32821000,5206,2,0,0,0,0,0,0,0,0,5210,2,0,0,0,0,0,0,0,0
375,2017-04-13,09:07:04,0,SF705,XZCE,5210,5158,5214,1414,36733920,20402,20172,5496,4972,5234,5192,0,5160,0,0,0,2017-04-13,32824000,5206,2,0,0,0,0,0,0,0,0,5210,7,0,0,0,0,0,0,0,0
376,2017-04-13,09:07:09,0,SF705,XZCE,5206,5158,5214,1416,36785980,20402,20172,5496,4972,5234,5192,0,5160,0,0,0,2017-04-13,32829000,5206,1,0,0,0,0,0,0,0,0,5210,7,0,0,0,0,0,0,0,0
377,2017-04-13,09:07:09,0,SF705,XZCE,5206,5158,5214,1418,36838040,20402,20172,5496,4972,5234,5192,0,5160,0,0,0,2017-04-13,32829000,5204,22,0,0,0,0,0,0,0,0,5206,2,0,0,0,0,0,0,0,0
378,2017-04-13,09:07:10,0,SF705,XZCE,5206,5158,5214,1420,36890100,20400,20172,5496,4972,5234,5192,0,5160,0,0,0,2017-04-13,32830000,5204,22,0,0,0,0,0,0,0,0,5206,3,0,0,0,0,0,0,0,0
379,2017-04-13,09:07:11,0,SF705,XZCE,5206,5158,5214,1420,36890100,20400,20172,5496,4972,5234,5192,0,5160,0,0,0,2017-04-13,32831000,5204,22,0,0,0,0,0,0,0,0,5206,2,0,0,0,0,0,0,0,0
380,2017-04-13,09:07:15,0,SF705,XZCE,5204,5158,5214,1424,36994180,20404,20172,5496,4972,5234,5192,0,5160,0,0,0,2017-04-13,32835000,5204,20,0,0,0,0,0,0,0,0,5206,1,0,0,0,0,0,0,0,0
381,2017-04-13,09:07:16,0,SF705,XZCE,5204,5158,5214,1432,37202340,20404,20172,5496,4972,5234,5192,0,5160,0,0,0,2017-04-13,32836000,5204,16,0,0,0,0,0,0,0,0,5206,1,0,0,0,0,0,0,0,0
382,2017-04-13,09:07:19,0,SF705,XZCE,5204,5158,5214,1432,37202340,20404,20172,5496,4972,5234,5192,0,5160,0,0,0,2017-04-13,32839000,5204,16,0,0,0,0,0,0,0,0,5206,2,0,0,0,0,0,0,0,0
383,2017-04-13,09:07:23,0,SF705,XZCE,5204,5158,5214,1434,37254380,20406,20172,5496,4972,5234,5192,0,5160,0,0,0,2017-04-13,32843000,5204,15,0,0,0,0,0,0,0,0,5206,2,0,0,0,0,0,0,0,0
384,2017-04-13,09:07:26,0,SF705,XZCE,5204,5158,5214,1436,37306420,20408,20172,5496,4972,5234,5192,0,5160,0,0,0,2017-04-13,32846000,5204,14,0,0,0,0,0,0,0,0,5206,2,0,0,0,0,0,0,0,0
385,2017-04-13,09:07:27,0,SF705,XZCE,5206,5158,5214,1438,37358480,20410,20172,5496,4972,5234,5192,0,5160,0,0,0,2017-04-13,32847000,5204,14,0,0,0,0,0,0,0,0,5206,1,0,0,0,0,0,0,0,0
386,2017-04-13,09:07:29,0,SF705,XZCE,5204,5158,5214,1440,37410520,20410,20172,5496,4972,5234,5192,0,5160,0,0,0,2017-04-13,32849000,5204,13,0,0,0,0,0,0,0,0,5206,1,0,0,0,0,0,0,0,0
387,2017-04-13,09:07:30,0,SF705,XZCE,5204,5158,5214,1442,37462560,20412,20172,5496,4972,5234,5192,0,5160,0,0,0,2017-04-13,32850000,5204,12,0,0,0,0,0,0,0,0,5206,1,0,0,0,0,0,0,0,0
388,2017-04-13,09:07:32,0,SF705,XZCE,5204,5158,5214,1450,37670720,20412,20172,5496,4972,5234,5192,0,5160,0,0,0,2017-04-13,32852000,5204,8,0,0,0,0,0,0,0,0,5206,2,0,0,0,0,0,0,0,0
389,2017-04-13,09:07:32,0,SF705,XZCE,5204,5158,5214,1460,37930920,20412,20172,5496,4972,5234,5192,0,5160,0,0,0,2017-04-13,32852000,5204,3,0,0,0,0,0,0,0,0,5206,2,0,0,0,0,0,0,0,0
390,2017-04-13,09:07:33,0,SF705,XZCE,5204,5158,5214,1462,37982960,20412,20172,5496,4972,5234,5192,0,5160,0,0,0,2017-04-13,32853000,5204,2,0,0,0,0,0,0,0,0,5206,2,0,0,0,0,0,0,0,0
391,2017-04-13,09:07:33,0,SF705,XZCE,5204,5158,5214,1474,38295200,20424,20172,5496,4972,5234,5192,0,5160,0,0,0,2017-04-13,32853000,5202,3,0,0,0,0,0,0,0,0,5204,7,0,0,0,0,0,0,0,0
392,2017-04-13,09:07:34,0,SF705,XZCE,5204,5158,5214,1474,38295200,20424,20172,5496,4972,5234,5192,0,5160,0,0,0,2017-04-13,32854000,5202,7,0,0,0,0,0,0,0,0,5206,2,0,0,0,0,0,0,0,0
393,2017-04-13,09:07:35,0,SF705,XZCE,5206,5158,5214,1476,38347260,20424,20172,5496,4972,5234,5192,0,5160,0,0,0,2017-04-13,32855000,5202,7,0,0,0,0,0,0,0,0,5206,1,0,0,0,0,0,0,0,0
394,2017-04-13,09:07:36,0,SF705,XZCE,5204,5158,5214,1478,38399300,20426,20172,5496,4972,5234,5192,0,5160,0,0,0,2017-04-13,32856000,5204,1,0,0,0,0,0,0,0,0,5206,1,0,0,0,0,0,0,0,0
395,2017-04-13,09:07:36,0,SF705,XZCE,5204,5158,5214,1478,38399300,20426,20172,5496,4972,5234,5192,0,5160,0,0,0,2017-04-13,32856000,5204,5,0,0,0,0,0,0,0,0,5210,8,0,0,0,0,0,0,0,0
396,2017-04-13,09:07:37,0,SF705,XZCE,5204,5158,5214,1478,38399300,20426,20172,5496,4972,5234,5192,0,5160,0,0,0,2017-04-13,32857000,5204,5,0,0,0,0,0,0,0,0,5208,1,0,0,0,0,0,0,0,0
397,2017-04-13,09:07:38,0,SF705,XZCE,5204,5158,5214,1478,38399300,20426,20172,5496,4972,5234,5192,0,5160,0,0,0,2017-04-13,32858000,5204,4,0,0,0,0,0,0,0,0,5208,2,0,0,0,0,0,0,0,0
398,2017-04-13,09:07:42,0,SF705,XZCE,5204,5158,5214,1478,38399300,20426,20172,5496,4972,5234,5192,0,5160,0,0,0,2017-04-13,32862000,5204,4,0,0,0,0,0,0,0,0,5208,3,0,0,0,0,0,0,0,0
399,2017-04-13,09:07:42,0,SF705,XZCE,5206,5158,5214,1480,38451360,20424,20172,5496,4972,5234,5192,0,5160,0,0,0,2017-04-13,32862000,5204,4,0,0,0,0,0,0,0,0,5208,3,0,0,0,0,0,0,0,0
400,2017-04-13,09:07:45,0,SF705,XZCE,5204,5158,5214,1484,38555440,20420,20172,5496,4972,5234,5192,0,5160,0,0,0,2017-04-13,32865000,5204,2,0,0,0,0,0,0,0,0,5208,3,0,0,0,0,0,0,0,0
401,2017-04-13,09:07:46,0,SF705,XZCE,5204,5158,5214,1486,38607480,20420,20172,5496,4972,5234,5192,0,5160,0,0,0,2017-04-13,32866000,5202,4,0,0,0,0,0,0,0,0,5206,1,0,0,0,0,0,0,0,0
402,2017-04-13,09:07:49,0,SF705,XZCE,5206,5158,5214,1488,38659540,20420,20172,5496,4972,5234,5192,0,5160,0,0,0,2017-04-13,32869000,5204,20,0,0,0,0,0,0,0,0,5208,2,0,0,0,0,0,0,0,0
403,2017-04-13,09:07:50,0,SF705,XZCE,5206,5158,5214,1488,38659540,20420,20172,5496,4972,5234,5192,0,5160,0,0,0,2017-04-13,32870000,5206,2,0,0,0,0,0,0,0,0,5208,2,0,0,0,0,0,0,0,0
404,2017-04-13,09:07:56,0,SF705,XZCE,5208,5158,5214,1492,38763700,20418,20172,5496,4972,5234,5192,0,5160,0,0,0,2017-04-13,32876000,5206,5,0,0,0,0,0,0,0,0,5210,8,0,0,0,0,0,0,0,0
405,2017-04-13,09:07:56,0,SF705,XZCE,5208,5158,5214,1492,38763700,20418,20172,5496,4972,5234,5192,0,5160,0,0,0,2017-04-13,32876000,5208,2,0,0,0,0,0,0,0,0,5210,8,0,0,0,0,0,0,0,0
406,2017-04-13,09:07:57,0,SF705,XZCE,5208,5158,5214,1494,38815780,20418,20172,5496,4972,5234,5192,0,5160,0,0,0,2017-04-13,32877000,5208,1,0,0,0,0,0,0,0,0,5210,8,0,0,0,0,0,0,0,0
407,2017-04-13,09:08:03,0,SF705,XZCE,5208,5158,5214,1496,38867860,20418,20172,5496,4972,5234,5192,0,5160,0,0,0,2017-04-13,32883000,5206,5,0,0,0,0,0,0,0,0,5210,8,0,0,0,0,0,0,0,0
408,2017-04-13,09:08:05,0,SF705,XZCE,5208,5158,5214,1496,38867860,20418,20172,5496,4972,5234,5192,0,5160,0,0,0,2017-04-13,32885000,5206,3,0,0,0,0,0,0,0,0,5210,8,0,0,0,0,0,0,0,0
409,2017-04-13,09:08:06,0,SF705,XZCE,5208,5158,5214,1496,38867860,20418,20172,5496,4972,5234,5192,0,5160,0,0,0,2017-04-13,32886000,5208,4,0,0,0,0,0,0,0,0,5210,8,0,0,0,0,0,0,0,0
410,2017-04-13,09:08:16,0,SF705,XZCE,5210,5158,5214,1498,38919960,20418,20172,5496,4972,5234,5192,0,5160,0,0,0,2017-04-13,32896000,5208,4,0,0,0,0,0,0,0,0,5210,7,0,0,0,0,0,0,0,0
411,2017-04-13,09:08:19,0,SF705,XZCE,5210,5158,5214,1498,38919960,20418,20172,5496,4972,5234,5192,0,5160,0,0,0,2017-04-13,32899000,5204,21,0,0,0,0,0,0,0,0,5210,7,0,0,0,0,0,0,0,0
412,2017-04-13,09:08:22,0,SF705,XZCE,5210,5158,5214,1500,38972060,20420,20172,5496,4972,5234,5192,0,5160,0,0,0,2017-04-13,32902000,5204,21,0,0,0,0,0,0,0,0,5210,6,0,0,0,0,0,0,0,0
413,2017-04-13,09:08:24,0,SF705,XZCE,5210,5158,5214,1500,38972060,20420,20172,5496,4972,5234,5192,0,5160,0,0,0,2017-04-13,32904000,5206,5,0,0,0,0,0,0,0,0,5210,6,0,0,0,0,0,0,0,0
414,2017-04-13,09:08:27,0,SF705,XZCE,5210,5158,5214,1500,38972060,20420,20172,5496,4972,5234,5192,0,5160,0,0,0,2017-04-13,32907000,5206,9,0,0,0,0,0,0,0,0,5210,6,0,0,0,0,0,0,0,0
415,2017-04-13,09:08:29,0,SF705,XZCE,5210,5158,5214,1500,38972060,20420,20172,5496,4972,5234,5192,0,5160,0,0,0,2017-04-13,32909000,5206,5,0,0,0,0,0,0,0,0,5210,6,0,0,0,0,0,0,0,0
416,2017-04-13,09:08:31,0,SF705,XZCE,5210,5158,5214,1500,38972060,20420,20172,5496,4972,5234,5192,0,5160,0,0,0,2017-04-13,32911000,5206,5,0,0,0,0,0,0,0,0,5208,1,0,0,0,0,0,0,0,0
417,2017-04-13,09:08:35,0,SF705,XZCE,5208,5158,5214,1502,39024140,20420,20172,5496,4972,5234,5192,0,5160,0,0,0,2017-04-13,32915000,5208,2,0,0,0,0,0,0,0,0,5210,8,0,0,0,0,0,0,0,0
418,2017-04-13,09:08:37,0,SF705,XZCE,5208,5158,5214,1504,39076220,20422,20172,5496,4972,5234,5192,0,5160,0,0,0,2017-04-13,32917000,5208,1,0,0,0,0,0,0,0,0,5210,8,0,0,0,0,0,0,0,0
419,2017-04-13,09:08:38,0,SF705,XZCE,5208,5158,5214,1506,39128300,20422,20172,5496,4972,5234,5192,0,5160,0,0,0,2017-04-13,32918000,5204,1,0,0,0,0,0,0,0,0,5208,1,0,0,0,0,0,0,0,0
420,2017-04-13,09:08:43,0,SF705,XZCE,5208,5158,5214,1506,39128300,20422,20172,5496,4972,5234,5192,0,5160,0,0,0,2017-04-13,32923000,5204,3,0,0,0,0,0,0,0,0,5208,1,0,0,0,0,0,0,0,0
421,2017-04-13,09:08:44,0,SF705,XZCE,5204,5158,5214,1508,39180340,20424,20172,5496,4972,5234,5192,0,5160,0,0,0,2017-04-13,32924000,5204,2,0,0,0,0,0,0,0,0,5208,1,0,0,0,0,0,0,0,0
422,2017-04-13,09:08:47,0,SF705,XZCE,5204,5158,5214,1512,39284420,20428,20172,5496,4972,5234,5192,0,5160,0,0,0,2017-04-13,32927000,5202,3,0,0,0,0,0,0,0,0,5208,1,0,0,0,0,0,0,0,0
423,2017-04-13,09:08:56,0,SF705,XZCE,5208,5158,5214,1532,39805220,20424,20172,5496,4972,5234,5192,0,5160,0,0,0,2017-04-13,32936000,5200,11,0,0,0,0,0,0,0,0,5206,1,0,0,0,0,0,0,0,0
424,2017-04-13,09:08:56,0,SF705,XZCE,5208,5158,5214,1532,39805220,20424,20172,5496,4972,5234,5192,0,5160,0,0,0,2017-04-13,32936000,5200,11,0,0,0,0,0,0,0,0,5206,3,0,0,0,0,0,0,0,0
425,2017-04-13,09:08:57,0,SF705,XZCE,5208,5158,5214,1532,39805220,20424,20172,5496,4972,5234,5192,0,5160,0,0,0,2017-04-13,32937000,5200,11,0,0,0,0,0,0,0,0,5206,7,0,0,0,0,0,0,0,0
426,2017-04-13,09:09:01,0,SF705,XZCE,5208,5158,5214,1532,39805220,20424,20172,5496,4972,5234,5192,0,5160,0,0,0,2017-04-13,32941000,5200,11,0,0,0,0,0,0,0,0,5204,2,0,0,0,0,0,0,0,0
427,2017-04-13,09:09:02,0,SF705,XZCE,5208,5158,5214,1532,39805220,20424,20172,5496,4972,5234,5192,0,5160,0,0,0,2017-04-13,32942000,5202,1,0,0,0,0,0,0,0,0,5204,2,0,0,0,0,0,0,0,0
428,2017-04-13,09:09:06,0,SF705,XZCE,5208,5158,5214,1532,39805220,20424,20172,5496,4972,5234,5192,0,5160,0,0,0,2017-04-13,32946000,5202,2,0,0,0,0,0,0,0,0,5204,2,0,0,0,0,0,0,0,0
429,2017-04-13,09:09:07,0,SF705,XZCE,5208,5158,5214,1532,39805220,20424,20172,5496,4972,5234,5192,0,5160,0,0,0,2017-04-13,32947000,5202,3,0,0,0,0,0,0,0,0,5204,2,0,0,0,0,0,0,0,0
430,2017-04-13,09:09:08,0,SF705,XZCE,5208,5158,5214,1532,39805220,20424,20172,5496,4972,5234,5192,0,5160,0,0,0,2017-04-13,32948000,5202,3,0,0,0,0,0,0,0,0,5206,2,0,0,0,0,0,0,0,0
431,2017-04-13,09:09:11,0,SF705,XZCE,5208,5158,5214,1532,39805220,20424,20172,5496,4972,5234,5192,0,5160,0,0,0,2017-04-13,32951000,5202,2,0,0,0,0,0,0,0,0,5206,2,0,0,0,0,0,0,0,0
432,2017-04-13,09:09:11,0,SF705,XZCE,5208,5158,5214,1532,39805220,20424,20172,5496,4972,5234,5192,0,5160,0,0,0,2017-04-13,32951000,5204,1,0,0,0,0,0,0,0,0,5206,2,0,0,0,0,0,0,0,0
433,2017-04-13,09:09:11,0,SF705,XZCE,5208,5158,5214,1532,39805220,20424,20172,5496,4972,5234,5192,0,5160,0,0,0,2017-04-13,32951000,5204,1,0,0,0,0,0,0,0,0,5206,1,0,0,0,0,0,0,0,0
434,2017-04-13,09:09:12,0,SF705,XZCE,5206,5158,5214,1534,39857280,20424,20172,5496,4972,5234,5192,0,5160,0,0,0,2017-04-13,32952000,5204,5,0,0,0,0,0,0,0,0,5208,2,0,0,0,0,0,0,0,0
435,2017-04-13,09:09:19,0,SF705,XZCE,5206,5158,5214,1534,39857280,20424,20172,5496,4972,5234,5192,0,5160,0,0,0,2017-04-13,32959000,5204,5,0,0,0,0,0,0,0,0,5208,3,0,0,0,0,0,0,0,0
436,2017-04-13,09:09:19,0,SF705,XZCE,5206,5158,5214,1534,39857280,20424,20172,5496,4972,5234,5192,0,5160,0,0,0,2017-04-13,32959000,5206,2,0,0,0,0,0,0,0,0,5208,3,0,0,0,0,0,0,0,0
437,2017-04-13,09:09:20,0,SF705,XZCE,5208,5158,5214,1538,39961440,20422,20172,5496,4972,5234,5192,0,5160,0,0,0,2017-04-13,32960000,5206,2,0,0,0,0,0,0,0,0,5208,1,0,0,0,0,0,0,0,0
438,2017-04-13,09:09:21,0,SF705,XZCE,5208,5158,5214,1542,40065600,20422,20172,5496,4972,5234,5192,0,5160,0,0,0,2017-04-13,32961000,5204,5,0,0,0,0,0,0,0,0,5210,6,0,0,0,0,0,0,0,0
439,2017-04-13,09:09:21,0,SF705,XZCE,5208,5158,5214,1542,40065600,20422,20172,5496,4972,5234,5192,0,5160,0,0,0,2017-04-13,32961000,5204,1,0,0,0,0,0,0,0,0,5210,6,0,0,0,0,0,0,0,0
440,2017-04-13,09:09:21,0,SF705,XZCE,5208,5158,5214,1542,40065600,20422,20172,5496,4972,5234,5192,0,5160,0,0,0,2017-04-13,32961000,5204,3,0,0,0,0,0,0,0,0,5210,6,0,0,0,0,0,0,0,0
441,2017-04-13,09:09:24,0,SF705,XZCE,5208,5158,5214,1542,40065600,20422,20172,5496,4972,5234,5192,0,5160,0,0,0,2017-04-13,32964000,5204,3,0,0,0,0,0,0,0,0,5210,8,0,0,0,0,0,0,0,0
442,2017-04-13,09:09:24,0,SF705,XZCE,5208,5158,5214,1542,40065600,20422,20172,5496,4972,5234,5192,0,5160,0,0,0,2017-04-13,32964000,5204,8,0,0,0,0,0,0,0,0,5210,8,0,0,0,0,0,0,0,0
443,2017-04-13,09:09:25,0,SF705,XZCE,5208,5158,5214,1542,40065600,20422,20172,5496,4972,5234,5192,0,5160,0,0,0,2017-04-13,32965000,5206,4,0,0,0,0,0,0,0,0,5210,8,0,0,0,0,0,0,0,0
444,2017-04-13,09:09:26,0,SF705,XZCE,5208,5158,5214,1542,40065600,20422,20172,5496,4972,5234,5192,0,5160,0,0,0,2017-04-13,32966000,5206,5,0,0,0,0,0,0,0,0,5210,8,0,0,0,0,0,0,0,0
445,2017-04-13,09:09:26,0,SF705,XZCE,5208,5158,5214,1542,40065600,20422,20172,5496,4972,5234,5192,0,5160,0,0,0,2017-04-13,32966000,5208,5,0,0,0,0,0,0,0,0,5210,8,0,0,0,0,0,0,0,0
446,2017-04-13,09:09:27,0,SF705,XZCE,5210,5158,5214,1544,40117700,20424,20172,5496,4972,5234,5192,0,5160,0,0,0,2017-04-13,32967000,5208,5,0,0,0,0,0,0,0,0,5210,7,0,0,0,0,0,0,0,0
447,2017-04-13,09:09:28,0,SF705,XZCE,5210,5158,5214,1544,40117700,20424,20172,5496,4972,5234,5192,0,5160,0,0,0,2017-04-13,32968000,5206,5,0,0,0,0,0,0,0,0,5210,7,0,0,0,0,0,0,0,0
448,2017-04-13,09:09:29,0,SF705,XZCE,5210,5158,5214,1544,40117700,20424,20172,5496,4972,5234,5192,0,5160,0,0,0,2017-04-13,32969000,5206,5,0,0,0,0,0,0,0,0,5210,8,0,0,0,0,0,0,0,0
449,2017-04-13,09:09:29,0,SF705,XZCE,5210,5158,5214,1544,40117700,20424,20172,5496,4972,5234,5192,0,5160,0,0,0,2017-04-13,32969000,5204,5,0,0,0,0,0,0,0,0,5210,8,0,0,0,0,0,0,0,0
450,2017-04-13,09:09:33,0,SF705,XZCE,5212,5158,5214,1562,40586780,20440,20172,5496,4972,5234,5192,0,5160,0,0,0,2017-04-13,32973000,5210,12,0,0,0,0,0,0,0,0,5214,3,0,0,0,0,0,0,0,0
451,2017-04-13,09:09:35,0,SF705,XZCE,5210,5158,5214,1566,40690980,20440,20172,5496,4972,5234,5192,0,5160,0,0,0,2017-04-13,32975000,5210,10,0,0,0,0,0,0,0,0,5214,4,0,0,0,0,0,0,0,0
452,2017-04-13,09:09:36,0,SF705,XZCE,5214,5158,5214,1574,40899540,20444,20172,5496,4972,5234,5192,0,5160,0,0,0,2017-04-13,32976000,5210,10,0,0,0,0,0,0,0,0,5216,2,0,0,0,0,0,0,0,0
453,2017-04-13,09:09:37,0,SF705,XZCE,5214,5158,5214,1574,40899540,20444,20172,5496,4972,5234,5192,0,5160,0,0,0,2017-04-13,32977000,5214,2,0,0,0,0,0,0,0,0,5216,2,0,0,0,0,0,0,0,0
454,2017-04-13,09:09:37,0,SF705,XZCE,5214,5158,5214,1578,41003820,20444,20172,5496,4972,5234,5192,0,5160,0,0,0,2017-04-13,32977000,5210,10,0,0,0,0,0,0,0,0,5216,2,0,0,0,0,0,0,0,0
455,2017-04-13,09:09:38,0,SF705,XZCE,5216,5158,5216,1580,41055980,20446,20172,5496,4972,5234,5192,0,5160,0,0,0,2017-04-13,32978000,5210,10,0,0,0,0,0,0,0,0,5216,1,0,0,0,0,0,0,0,0
456,2017-04-13,09:09:40,0,SF705,XZCE,5216,5158,5216,1580,41055980,20446,20172,5496,4972,5234,5192,0,5160,0,0,0,2017-04-13,32980000,5210,10,0,0,0,0,0,0,0,0,5216,3,0,0,0,0,0,0,0,0
457,2017-04-13,09:09:40,0,SF705,XZCE,5216,5158,5216,1580,41055980,20446,20172,5496,4972,5234,5192,0,5160,0,0,0,2017-04-13,32980000,5214,1,0,0,0,0,0,0,0,0,5216,3,0,0,0,0,0,0,0,0
458,2017-04-13,09:09:42,0,SF705,XZCE,5216,5158,5216,1580,41055980,20446,20172,5496,4972,5234,5192,0,5160,0,0,0,2017-04-13,32982000,5214,6,0,0,0,0,0,0,0,0,5216,1,0,0,0,0,0,0,0,0
459,2017-04-13,09:09:42,0,SF705,XZCE,5216,5158,5216,1582,41108140,20446,20172,5496,4972,5234,5192,0,5160,0,0,0,2017-04-13,32982000,5214,16,0,0,0,0,0,0,0,0,5218,12,0,0,0,0,0,0,0,0
460,2017-04-13,09:09:43,0,SF705,XZCE,5220,5158,5220,1610,41838940,20430,20172,5496,4972,5234,5192,0,5160,0,0,0,2017-04-13,32983000,5216,5,0,0,0,0,0,0,0,0,5222,10,0,0,0,0,0,0,0,0
461,2017-04-13,09:09:43,0,SF705,XZCE,5220,5158,5220,1610,41838940,20430,20172,5496,4972,5234,5192,0,5160,0,0,0,2017-04-13,32983000,5218,1,0,0,0,0,0,0,0,0,5222,10,0,0,0,0,0,0,0,0
462,2017-04-13,09:09:44,0,SF705,XZCE,5222,5158,5222,1620,42100040,20420,20172,5496,4972,5234,5192,0,5160,0,0,0,2017-04-13,32984000,5218,2,0,0,0,0,0,0,0,0,5222,5,0,0,0,0,0,0,0,0
463,2017-04-13,09:09:44,0,SF705,XZCE,5218,5158,5222,1622,42152220,20420,20172,5496,4972,5234,5192,0,5160,0,0,0,2017-04-13,32984000,5218,1,0,0,0,0,0,0,0,0,5222,5,0,0,0,0,0,0,0,0
464,2017-04-13,09:09:46,0,SF705,XZCE,5220,5158,5222,1624,42204420,20420,20172,5496,4972,5234,5192,0,5160,0,0,0,2017-04-13,32986000,5218,1,0,0,0,0,0,0,0,0,5222,5,0,0,0,0,0,0,0,0
465,2017-04-13,09:09:47,0,SF705,XZCE,5220,5158,5222,1624,42204420,20420,20172,5496,4972,5234,5192,0,5160,0,0,0,2017-04-13,32987000,5216,1,0,0,0,0,0,0,0,0,5220,2,0,0,0,0,0,0,0,0
466,2017-04-13,09:09:47,0,SF705,XZCE,5220,5158,5222,1624,42204420,20420,20172,5496,4972,5234,5192,0,5160,0,0,0,2017-04-13,32987000,5216,2,0,0,0,0,0,0,0,0,5220,2,0,0,0,0,0,0,0,0
467,2017-04-13,09:09:48,0,SF705,XZCE,5220,5158,5222,1628,42308820,20420,20172,5496,4972,5234,5192,0,5160,0,0,0,2017-04-13,32988000,5216,1,0,0,0,0,0,0,0,0,5218,2,0,0,0,0,0,0,0,0
468,2017-04-13,09:09:48,0,SF705,XZCE,5220,5158,5222,1628,42308820,20420,20172,5496,4972,5234,5192,0,5160,0,0,0,2017-04-13,32988000,5214,1,0,0,0,0,0,0,0,0,5218,4,0,0,0,0,0,0,0,0
469,2017-04-13,09:09:49,0,SF705,XZCE,5220,5158,5222,1632,42413220,20420,20172,5496,4972,5234,5192,0,5160,0,0,0,2017-04-13,32989000,5214,1,0,0,0,0,0,0,0,0,5218,2,0,0,0,0,0,0,0,0
470,2017-04-13,09:09:50,0,SF705,XZCE,5218,5158,5222,1634,42465400,20418,20172,5496,4972,5234,5192,0,5160,0,0,0,2017-04-13,32990000,5214,1,0,0,0,0,0,0,0,0,5218,1,0,0,0,0,0,0,0,0
471,2017-04-13,09:09:53,0,SF705,XZCE,5216,5158,5222,1636,42517560,20418,20172,5496,4972,5234,5192,0,5160,0,0,0,2017-04-13,32993000,5214,1,0,0,0,0,0,0,0,0,5216,1,0,0,0,0,0,0,0,0
472,2017-04-13,09:09:54,0,SF705,XZCE,5216,5158,5222,1638,42569720,20418,20172,5496,4972,5234,5192,0,5160,0,0,0,2017-04-13,32994000,5216,1,0,0,0,0,0,0,0,0,5218,2,0,0,0,0,0,0,0,0
473,2017-04-13,09:09:57,0,SF705,XZCE,5216,5158,5222,1644,42726200,20422,20172,5496,4972,5234,5192,0,5160,0,0,0,2017-04-13,32997000,5214,2,0,0,0,0,0,0,0,0,5216,3,0,0,0,0,0,0,0,0
474,2017-04-13,09:09:58,0,SF705,XZCE,5216,5158,5222,1644,42726200,20422,20172,5496,4972,5234,5192,0,5160,0,0,0,2017-04-13,32998000,5214,2,0,0,0,0,0,0,0,0,5218,2,0,0,0,0,0,0,0,0
475,2017-04-13,09:10:01,0,SF705,XZCE,5216,5158,5222,1644,42726200,20422,20172,5496,4972,5234,5192,0,5160,0,0,0,2017-04-13,33001000,5214,2,0,0,0,0,0,0,0,0,5218,6,0,0,0,0,0,0,0,0
476,2017-04-13,09:10:02,0,SF705,XZCE,5216,5158,5222,1644,42726200,20422,20172,5496,4972,5234,5192,0,5160,0,0,0,2017-04-13,33002000,5214,2,0,0,0,0,0,0,0,0,5218,7,0,0,0,0,0,0,0,0
477,2017-04-13,09:10:03,0,SF705,XZCE,5214,5158,5222,1646,42778340,20424,20172,5496,4972,5234,5192,0,5160,0,0,0,2017-04-13,33003000,5214,1,0,0,0,0,0,0,0,0,5218,7,0,0,0,0,0,0,0,0
478,2017-04-13,09:10:04,0,SF705,XZCE,5214,5158,5222,1646,42778340,20424,20172,5496,4972,5234,5192,0,5160,0,0,0,2017-04-13,33004000,5214,2,0,0,0,0,0,0,0,0,5218,7,0,0,0,0,0,0,0,0
479,2017-04-13,09:10:07,0,SF705,XZCE,5214,5158,5222,1650,42882620,20422,20172,5496,4972,5234,5192,0,5160,0,0,0,2017-04-13,33007000,5210,13,0,0,0,0,0,0,0,0,5216,2,0,0,0,0,0,0,0,0
480,2017-04-13,09:10:07,0,SF705,XZCE,5214,5158,5222,1650,42882620,20422,20172,5496,4972,5234,5192,0,5160,0,0,0,2017-04-13,33007000,5210,13,0,0,0,0,0,0,0,0,5216,3,0,0,0,0,0,0,0,0
481,2017-04-13,09:10:09,0,SF705,XZCE,5216,5158,5222,1652,42934780,20422,20172,5496,4972,5234,5192,0,5160,0,0,0,2017-04-13,33009000,5210,13,0,0,0,0,0,0,0,0,5216,2,0,0,0,0,0,0,0,0
482,2017-04-13,09:10:11,0,SF705,XZCE,5216,5158,5222,1654,42986940,20422,20172,5496,4972,5234,5192,0,5160,0,0,0,2017-04-13,33011000,5210,13,0,0,0,0,0,0,0,0,5216,1,0,0,0,0,0,0,0,0
483,2017-04-13,09:10:11,0,SF705,XZCE,5216,5158,5222,1654,42986940,20422,20172,5496,4972,5234,5192,0,5160,0,0,0,2017-04-13,33011000,5210,10,0,0,0,0,0,0,0,0,5216,1,0,0,0,0,0,0,0,0
484,2017-04-13,09:10:12,0,SF705,XZCE,5216,5158,5222,1654,42986940,20422,20172,5496,4972,5234,5192,0,5160,0,0,0,2017-04-13,33012000,5210,10,0,0,0,0,0,0,0,0,5216,5,0,0,0,0,0,0,0,0
485,2017-04-13,09:10:14,0,SF705,XZCE,5212,5158,5222,1656,43039060,20420,20172,5496,4972,5234,5192,0,5160,0,0,0,2017-04-13,33014000,5210,10,0,0,0,0,0,0,0,0,5212,2,0,0,0,0,0,0,0,0
486,2017-04-13,09:10:14,0,SF705,XZCE,5212,5158,5222,1658,43091180,20420,20172,5496,4972,5234,5192,0,5160,0,0,0,2017-04-13,33014000,5210,10,0,0,0,0,0,0,0,0,5212,1,0,0,0,0,0,0,0,0
487,2017-04-13,09:10:17,0,SF705,XZCE,5210,5158,5222,1660,43143280,20422,20172,5496,4972,5234,5192,0,5160,0,0,0,2017-04-13,33017000,5210,9,0,0,0,0,0,0,0,0,5212,1,0,0,0,0,0,0,0,0
488,2017-04-13,09:10:21,0,SF705,XZCE,5210,5158,5222,1678,43612180,20432,20172,5496,4972,5234,5192,0,5160,0,0,0,2017-04-13,33021000,5208,1,0,0,0,0,0,0,0,0,5212,1,0,0,0,0,0,0,0,0
489,2017-04-13,09:10:24,0,SF705,XZCE,5210,5158,5222,1678,43612180,20432,20172,5496,4972,5234,5192,0,5160,0,0,0,2017-04-13,33024000,5208,1,0,0,0,0,0,0,0,0,5210,1,0,0,0,0,0,0,0,0
490,2017-04-13,09:10:25,0,SF705,XZCE,5210,5158,5222,1678,43612180,20432,20172,5496,4972,5234,5192,0,5160,0,0,0,2017-04-13,33025000,5208,3,0,0,0,0,0,0,0,0,5210,1,0,0,0,0,0,0,0,0
491,2017-04-13,09:10:38,0,SF705,XZCE,5212,5158,5222,1682,43716420,20432,20172,5496,4972,5234,5192,0,5160,0,0,0,2017-04-13,33038000,5210,1,0,0,0,0,0,0,0,0,5216,2,0,0,0,0,0,0,0,0
492,2017-04-13,09:10:38,0,SF705,XZCE,5212,5158,5222,1682,43716420,20432,20172,5496,4972,5234,5192,0,5160,0,0,0,2017-04-13,33038000,5210,2,0,0,0,0,0,0,0,0,5214,1,0,0,0,0,0,0,0,0
493,2017-04-13,09:10:40,0,SF705,XZCE,5210,5158,5222,1686,43820620,20432,20172,5496,4972,5234,5192,0,5160,0,0,0,2017-04-13,33040000,5208,3,0,0,0,0,0,0,0,0,5214,3,0,0,0,0,0,0,0,0
494,2017-04-13,09:10:43,0,SF705,XZCE,5210,5158,5222,1688,43872720,20430,20172,5496,4972,5234,5192,0,5160,0,0,0,2017-04-13,33043000,5208,3,0,0,0,0,0,0,0,0,5214,3,0,0,0,0,0,0,0,0
495,2017-04-13,09:10:45,0,SF705,XZCE,5212,5158,5222,1690,43924840,20430,20172,5496,4972,5234,5192,0,5160,0,0,0,2017-04-13,33045000,5208,3,0,0,0,0,0,0,0,0,5212,1,0,0,0,0,0,0,0,0
496,2017-04-13,09:10:45,0,SF705,XZCE,5210,5158,5222,1692,43976940,20428,20172,5496,4972,5234,5192,0,5160,0,0,0,2017-04-13,33045000,5208,3,0,0,0,0,0,0,0,0,5212,1,0,0,0,0,0,0,0,0
497,2017-04-13,09:10:46,0,SF705,XZCE,5210,5158,5222,1692,43976940,20428,20172,5496,4972,5234,5192,0,5160,0,0,0,2017-04-13,33046000,5210,2,0,0,0,0,0,0,0,0,5214,3,0,0,0,0,0,0,0,0
498,2017-04-13,09:10:47,0,SF705,XZCE,5210,5158,5222,1692,43976940,20428,20172,5496,4972,5234,5192,0,5160,0,0,0,2017-04-13,33047000,5210,2,0,0,0,0,0,0,0,0,5212,1,0,0,0,0,0,0,0,0
499,2017-04-13,09:10:56,0,SF705,XZCE,5210,5158,5222,1696,44081140,20428,20172,5496,4972,5234,5192,0,5160,0,0,0,2017-04-13,33056000,5208,2,0,0,0,0,0,0,0,0,5212,1,0,0,0,0,0,0,0,0
500,2017-04-13,09:10:57,0,SF705,XZCE,5208,5158,5222,1700,44185300,20426,20172,5496,4972,5234,5192,0,5160,0,0,0,2017-04-13,33057000,5204,2,0,0,0,0,0,0,0,0,5210,1,0,0,0,0,0,0,0,0
501,2017-04-13,09:10:57,0,SF705,XZCE,5208,5158,5222,1700,44185300,20426,20172,5496,4972,5234,5192,0,5160,0,0,0,2017-04-13,33057000,5204,2,0,0,0,0,0,0,0,0,5208,1,0,0,0,0,0,0,0,0
502,2017-04-13,09:10:58,0,SF705,XZCE,5218,5158,5222,1718,44654920,20422,20172,5496,4972,5234,5192,0,5160,0,0,0,2017-04-13,33058000,5206,2,0,0,0,0,0,0,0,0,5218,5,0,0,0,0,0,0,0,0
503,2017-04-13,09:10:59,0,SF705,XZCE,5218,5158,5222,1718,44654920,20422,20172,5496,4972,5234,5192,0,5160,0,0,0,2017-04-13,33059000,5208,1,0,0,0,0,0,0,0,0,5216,1,0,0,0,0,0,0,0,0
504,2017-04-13,09:10:59,0,SF705,XZCE,5218,5158,5222,1718,44654920,20422,20172,5496,4972,5234,5192,0,5160,0,0,0,2017-04-13,33059000,5208,2,0,0,0,0,0,0,0,0,5216,1,0,0,0,0,0,0,0,0
505,2017-04-13,09:11:00,0,SF705,XZCE,5218,5158,5222,1718,44654920,20422,20172,5496,4972,5234,5192,0,5160,0,0,0,2017-04-13,33060000,5210,1,0,0,0,0,0,0,0,0,5212,4,0,0,0,0,0,0,0,0
506,2017-04-13,09:11:05,0,SF705,XZCE,5218,5158,5222,1718,44654920,20422,20172,5496,4972,5234,5192,0,5160,0,0,0,2017-04-13,33065000,5210,2,0,0,0,0,0,0,0,0,5212,4,0,0,0,0,0,0,0,0
507,2017-04-13,09:11:06,0,SF705,XZCE,5210,5158,5222,1720,44707020,20422,20172,5496,4972,5234,5192,0,5160,0,0,0,2017-04-13,33066000,5210,1,0,0,0,0,0,0,0,0,5212,4,0,0,0,0,0,0,0,0
508,2017-04-13,09:11:07,0,SF705,XZCE,5212,5158,5222,1726,44863380,20416,20172,5496,4972,5234,5192,0,5160,0,0,0,2017-04-13,33067000,5210,1,0,0,0,0,0,0,0,0,5212,1,0,0,0,0,0,0,0,0
509,2017-04-13,09:11:10,0,SF705,XZCE,5212,5158,5222,1728,44915500,20414,20172,5496,4972,5234,5192,0,5160,0,0,0,2017-04-13,33070000,5212,2,0,0,0,0,0,0,0,0,5218,7,0,0,0,0,0,0,0,0
510,2017-04-13,09:11:10,0,SF705,XZCE,5212,5158,5222,1728,44915500,20414,20172,5496,4972,5234,5192,0,5160,0,0,0,2017-04-13,33070000,5212,3,0,0,0,0,0,0,0,0,5218,7,0,0,0,0,0,0,0,0
511,2017-04-13,09:11:22,0,SF705,XZCE,5212,5158,5222,1728,44915500,20414,20172,5496,4972,5234,5192,0,5160,0,0,0,2017-04-13,33082000,5214,1,0,0,0,0,0,0,0,0,5216,4,0,0,0,0,0,0,0,0
512,2017-04-13,09:11:23,0,SF705,XZCE,5212,5158,5222,1732,45019740,20412,20172,5496,4972,5234,5192,0,5160,0,0,0,2017-04-13,33083000,5212,2,0,0,0,0,0,0,0,0,5216,4,0,0,0,0,0,0,0,0
513,2017-04-13,09:11:28,0,SF705,XZCE,5216,5158,5222,1740,45228380,20404,20172,5496,4972,5234,5192,0,5160,0,0,0,2017-04-13,33088000,5216,1,0,0,0,0,0,0,0,0,5218,7,0,0,0,0,0,0,0,0
514,2017-04-13,09:11:28,0,SF705,XZCE,5212,5158,5222,1744,45332620,20400,20172,5496,4972,5234,5192,0,5160,0,0,0,2017-04-13,33088000,5210,1,0,0,0,0,0,0,0,0,5212,1,0,0,0,0,0,0,0,0
515,2017-04-13,09:11:30,0,SF705,XZCE,5212,5158,5222,1744,45332620,20400,20172,5496,4972,5234,5192,0,5160,0,0,0,2017-04-13,33090000,5210,1,0,0,0,0,0,0,0,0,5212,3,0,0,0,0,0,0,0,0
516,2017-04-13,09:11:30,0,SF705,XZCE,5210,5158,5222,1746,45384720,20398,20172,5496,4972,5234,5192,0,5160,0,0,0,2017-04-13,33090000,5208,1,0,0,0,0,0,0,0,0,5212,2,0,0,0,0,0,0,0,0
517,2017-04-13,09:11:31,0,SF705,XZCE,5212,5158,5222,1748,45436840,20396,20172,5496,4972,5234,5192,0,5160,0,0,0,2017-04-13,33091000,5206,5,0,0,0,0,0,0,0,0,5212,1,0,0,0,0,0,0,0,0
518,2017-04-13,09:11:32,0,SF705,XZCE,5212,5158,5222,1748,45436840,20396,20172,5496,4972,5234,5192,0,5160,0,0,0,2017-04-13,33092000,5206,5,0,0,0,0,0,0,0,0,5208,1,0,0,0,0,0,0,0,0
519,2017-04-13,09:11:33,0,SF705,XZCE,5208,5158,5222,1750,45488920,20396,20172,5496,4972,5234,5192,0,5160,0,0,0,2017-04-13,33093000,5208,8,0,0,0,0,0,0,0,0,5212,1,0,0,0,0,0,0,0,0
520,2017-04-13,09:11:33,0,SF705,XZCE,5208,5158,5222,1750,45488920,20396,20172,5496,4972,5234,5192,0,5160,0,0,0,2017-04-13,33093000,5208,7,0,0,0,0,0,0,0,0,5212,1,0,0,0,0,0,0,0,0
521,2017-04-13,09:11:35,0,SF705,XZCE,5208,5158,5222,1752,45541000,20398,20172,5496,4972,5234,5192,0,5160,0,0,0,2017-04-13,33095000,5208,6,0,0,0,0,0,0,0,0,5212,1,0,0,0,0,0,0,0,0
522,2017-04-13,09:11:35,0,SF705,XZCE,5208,5158,5222,1752,45541000,20398,20172,5496,4972,5234,5192,0,5160,0,0,0,2017-04-13,33095000,5206,5,0,0,0,0,0,0,0,0,5212,1,0,0,0,0,0,0,0,0
523,2017-04-13,09:11:37,0,SF705,XZCE,5206,5158,5222,1758,45697180,20398,20172,5496,4972,5234,5192,0,5160,0,0,0,2017-04-13,33097000,5206,2,0,0,0,0,0,0,0,0,5212,1,0,0,0,0,0,0,0,0
524,2017-04-13,09:11:39,0,SF705,XZCE,5206,5158,5222,1758,45697180,20398,20172,5496,4972,5234,5192,0,5160,0,0,0,2017-04-13,33099000,5206,2,0,0,0,0,0,0,0,0,5208,2,0,0,0,0,0,0,0,0
525,2017-04-13,09:11:39,0,SF705,XZCE,5206,5158,5222,1758,45697180,20398,20172,5496,4972,5234,5192,0,5160,0,0,0,2017-04-13,33099000,5206,2,0,0,0,0,0,0,0,0,5212,3,0,0,0,0,0,0,0,0
526,2017-04-13,09:11:40,0,SF705,XZCE,5206,5158,5222,1758,45697180,20398,20172,5496,4972,5234,5192,0,5160,0,0,0,2017-04-13,33100000,5206,2,0,0,0,0,0,0,0,0,5212,5,0,0,0,0,0,0,0,0
527,2017-04-13,09:11:40,0,SF705,XZCE,5212,5158,5222,1760,45749300,20398,20172,5496,4972,5234,5192,0,5160,0,0,0,2017-04-13,33100000,5206,2,0,0,0,0,0,0,0,0,5212,4,0,0,0,0,0,0,0,0
528,2017-04-13,09:11:42,0,SF705,XZCE,5212,5158,5222,1760,45749300,20398,20172,5496,4972,5234,5192,0,5160,0,0,0,2017-04-13,33102000,5208,1,0,0,0,0,0,0,0,0,5212,4,0,0,0,0,0,0,0,0
529,2017-04-13,09:11:47,0,SF705,XZCE,5208,5158,5222,1764,45853460,20394,20172,5496,4972,5234,5192,0,5160,0,0,0,2017-04-13,33107000,5208,1,0,0,0,0,0,0,0,0,5216,1,0,0,0,0,0,0,0,0
530,2017-04-13,09:11:48,0,SF705,XZCE,5208,5158,5222,1764,45853460,20394,20172,5496,4972,5234,5192,0,5160,0,0,0,2017-04-13,33108000,5210,2,0,0,0,0,0,0,0,0,5216,1,0,0,0,0,0,0,0,0
531,2017-04-13,09:11:49,0,SF705,XZCE,5208,5158,5222,1764,45853460,20394,20172,5496,4972,5234,5192,0,5160,0,0,0,2017-04-13,33109000,5210,2,0,0,0,0,0,0,0,0,5214,1,0,0,0,0,0,0,0,0
532,2017-04-13,09:11:51,0,SF705,XZCE,5208,5158,5222,1764,45853460,20394,20172,5496,4972,5234,5192,0,5160,0,0,0,2017-04-13,33111000,5210,2,0,0,0,0,0,0,0,0,5214,5,0,0,0,0,0,0,0,0
533,2017-04-13,09:11:55,0,SF705,XZCE,5210,5158,5222,1766,45905560,20396,20172,5496,4972,5234,5192,0,5160,0,0,0,2017-04-13,33115000,5210,1,0,0,0,0,0,0,0,0,5214,6,0,0,0,0,0,0,0,0
534,2017-04-13,09:11:56,0,SF705,XZCE,5210,5158,5222,1766,45905560,20396,20172,5496,4972,5234,5192,0,5160,0,0,0,2017-04-13,33116000,5206,8,0,0,0,0,0,0,0,0,5212,1,0,0,0,0,0,0,0,0
535,2017-04-13,09:11:58,0,SF705,XZCE,5210,5158,5222,1766,45905560,20396,20172,5496,4972,5234,5192,0,5160,0,0,0,2017-04-13,33118000,5208,2,0,0,0,0,0,0,0,0,5212,1,0,0,0,0,0,0,0,0
536,2017-04-13,09:11:59,0,SF705,XZCE,5208,5158,5222,1768,45957640,20396,20172,5496,4972,5234,5192,0,5160,0,0,0,2017-04-13,33119000,5208,1,0,0,0,0,0,0,0,0,5210,2,0,0,0,0,0,0,0,0
537,2017-04-13,09:12:01,0,SF705,XZCE,5208,5158,5222,1768,45957640,20396,20172,5496,4972,5234,5192,0,5160,0,0,0,2017-04-13,33121000,5208,2,0,0,0,0,0,0,0,0,5210,2,0,0,0,0,0,0,0,0
538,2017-04-13,09:12:03,0,SF705,XZCE,5208,5158,5222,1768,45957640,20396,20172,5496,4972,5234,5192,0,5160,0,0,0,2017-04-13,33123000,5208,1,0,0,0,0,0,0,0,0,5210,2,0,0,0,0,0,0,0,0
539,2017-04-13,09:12:05,0,SF705,XZCE,5208,5158,5222,1768,45957640,20396,20172,5496,4972,5234,5192,0,5160,0,0,0,2017-04-13,33125000,5206,8,0,0,0,0,0,0,0,0,5210,2,0,0,0,0,0,0,0,0
540,2017-04-13,09:12:06,0,SF705,XZCE,5208,5158,5222,1768,45957640,20396,20172,5496,4972,5234,5192,0,5160,0,0,0,2017-04-13,33126000,5206,8,0,0,0,0,0,0,0,0,5210,3,0,0,0,0,0,0,0,0
541,2017-04-13,09:12:11,0,SF705,XZCE,5208,5158,5222,1768,45957640,20396,20172,5496,4972,5234,5192,0,5160,0,0,0,2017-04-13,33131000,5206,9,0,0,0,0,0,0,0,0,5210,3,0,0,0,0,0,0,0,0
542,2017-04-13,09:12:12,0,SF705,XZCE,5206,5158,5222,1770,46009700,20396,20172,5496,4972,5234,5192,0,5160,0,0,0,2017-04-13,33132000,5206,8,0,0,0,0,0,0,0,0,5210,3,0,0,0,0,0,0,0,0
543,2017-04-13,09:12:15,0,SF705,XZCE,5206,5158,5222,1770,46009700,20396,20172,5496,4972,5234,5192,0,5160,0,0,0,2017-04-13,33135000,5206,9,0,0,0,0,0,0,0,0,5210,3,0,0,0,0,0,0,0,0
544,2017-04-13,09:12:18,0,SF705,XZCE,5206,5158,5222,1774,46113820,20394,20172,5496,4972,5234,5192,0,5160,0,0,0,2017-04-13,33138000,5206,7,0,0,0,0,0,0,0,0,5210,3,0,0,0,0,0,0,0,0
545,2017-04-13,09:12:26,0,SF705,XZCE,5210,5158,5222,1776,46165920,20394,20172,5496,4972,5234,5192,0,5160,0,0,0,2017-04-13,33146000,5206,7,0,0,0,0,0,0,0,0,5210,2,0,0,0,0,0,0,0,0
546,2017-04-13,09:12:29,0,SF705,XZCE,5210,5158,5222,1778,46218020,20394,20172,5496,4972,5234,5192,0,5160,0,0,0,2017-04-13,33149000,5206,7,0,0,0,0,0,0,0,0,5210,1,0,0,0,0,0,0,0,0
547,2017-04-13,09:12:30,0,SF705,XZCE,5206,5158,5222,1780,46270080,20396,20172,5496,4972,5234,5192,0,5160,0,0,0,2017-04-13,33150000,5206,6,0,0,0,0,0,0,0,0,5210,1,0,0,0,0,0,0,0,0
548,2017-04-13,09:12:34,0,SF705,XZCE,5206,5158,5222,1780,46270080,20396,20172,5496,4972,5234,5192,0,5160,0,0,0,2017-04-13,33154000,5206,6,0,0,0,0,0,0,0,0,5210,2,0,0,0,0,0,0,0,0
549,2017-04-13,09:12:35,0,SF705,XZCE,5210,5158,5222,1784,46374280,20394,20172,5496,4972,5234,5192,0,5160,0,0,0,2017-04-13,33155000,5210,2,0,0,0,0,0,0,0,0,5214,5,0,0,0,0,0,0,0,0
550,2017-04-13,09:12:37,0,SF705,XZCE,5210,5158,5222,1784,46374280,20394,20172,5496,4972,5234,5192,0,5160,0,0,0,2017-04-13,33157000,5208,5,0,0,0,0,0,0,0,0,5214,5,0,0,0,0,0,0,0,0
551,2017-04-13,09:12:51,0,SF705,XZCE,5210,5158,5222,1784,46374280,20394,20172,5496,4972,5234,5192,0,5160,0,0,0,2017-04-13,33171000,5208,6,0,0,0,0,0,0,0,0,5214,5,0,0,0,0,0,0,0,0
552,2017-04-13,09:12:53,0,SF705,XZCE,5210,5158,5222,1784,46374280,20394,20172,5496,4972,5234,5192,0,5160,0,0,0,2017-04-13,33173000,5208,6,0,0,0,0,0,0,0,0,5212,1,0,0,0,0,0,0,0,0
553,2017-04-13,09:13:05,0,SF705,XZCE,5210,5158,5222,1786,46426380,20394,20172,5496,4972,5234,5192,0,5160,0,0,0,2017-04-13,33185000,5210,1,0,0,0,0,0,0,0,0,5212,1,0,0,0,0,0,0,0,0
554,2017-04-13,09:13:10,0,SF705,XZCE,5208,5158,5222,1800,46790940,20394,20172,5496,4972,5234,5192,0,5160,0,0,0,2017-04-13,33190000,5206,12,0,0,0,0,0,0,0,0,5210,49,0,0,0,0,0,0,0,0
555,2017-04-13,09:13:10,0,SF705,XZCE,5208,5158,5222,1800,46790940,20394,20172,5496,4972,5234,5192,0,5160,0,0,0,2017-04-13,33190000,5206,11,0,0,0,0,0,0,0,0,5210,50,0,0,0,0,0,0,0,0
556,2017-04-13,09:13:18,0,SF705,XZCE,5208,5158,5222,1800,46790940,20394,20172,5496,4972,5234,5192,0,5160,0,0,0,2017-04-13,33198000,5206,6,0,0,0,0,0,0,0,0,5210,50,0,0,0,0,0,0,0,0
557,2017-04-13,09:13:18,0,SF705,XZCE,5206,5158,5222,1812,47103300,20398,20172,5496,4972,5234,5192,0,5160,0,0,0,2017-04-13,33198000,5204,1,0,0,0,0,0,0,0,0,5210,50,0,0,0,0,0,0,0,0
558,2017-04-13,09:13:19,0,SF705,XZCE,5206,5158,5222,1812,47103300,20398,20172,5496,4972,5234,5192,0,5160,0,0,0,2017-04-13,33199000,5204,1,0,0,0,0,0,0,0,0,5208,1,0,0,0,0,0,0,0,0
559,2017-04-13,09:13:23,0,SF705,XZCE,5206,5158,5222,1812,47103300,20398,20172,5496,4972,5234,5192,0,5160,0,0,0,2017-04-13,33203000,5204,1,0,0,0,0,0,0,0,0,5206,2,0,0,0,0,0,0,0,0
560,2017-04-13,09:13:24,0,SF705,XZCE,5204,5158,5222,1816,47207380,20398,20172,5496,4972,5234,5192,0,5160,0,0,0,2017-04-13,33204000,5204,1,0,0,0,0,0,0,0,0,5206,1,0,0,0,0,0,0,0,0
561,2017-04-13,09:13:24,0,SF705,XZCE,5204,5158,5222,1818,47259420,20398,20172,5496,4972,5234,5192,0,5160,0,0,0,2017-04-13,33204000,5202,4,0,0,0,0,0,0,0,0,5204,1,0,0,0,0,0,0,0,0
562,2017-04-13,09:13:26,0,SF705,XZCE,5202,5158,5222,1820,47311440,20396,20172,5496,4972,5234,5192,0,5160,0,0,0,2017-04-13,33206000,5202,3,0,0,0,0,0,0,0,0,5204,1,0,0,0,0,0,0,0,0
