,dataDate,dataTime,dataMillisec,instrumentID,exchangeCD,lastPrice,lowPrice,highPrice,volume,value,openInterest,preOpenInterest,upperLimitPrice,lowerLimitPrice,preSettlementPrice,prevClosePrice,settlementPrice,openPrice,closePrice,preDelta,currDelta,clearingDay,milliSecOffset,bidPrice1,bidVolume1,bidPrice2,bidVolume2,bidPrice3,bidVolume3,bidPrice4,bidVolume4,bidPrice5,bidVolume5,askPrice1,askVolume1,askPrice2,askVolume2,askPrice3,askVolume3,askPrice4,askVolume4,askPrice5,askVolume5
0,2017-04-12,19:30:47,0,SM705,XZCE,6006,0,0,0,0,43992,43992,6588,5724,6156,6006,0,0,0,0,0,2017-04-13,70247000,0,0,0,0,0,0,0,0,0,0,0,0,0,0,0,0,0,0,0,0
1,2017-04-13,08:59:00,0,SM705,XZCE,5990,5990,5990,216,6469200,43946,43992,6588,5724,6156,6006,0,5990,0,0,0,2017-04-13,32340000,5990,2,0,0,0,0,0,0,0,0,5996,25,0,0,0,0,0,0,0,0
2,2017-04-13,09:00:00,0,SM705,XZCE,5990,5990,5996,248,7427600,43936,43992,6588,5724,6156,6006,0,5990,0,0,0,2017-04-13,32400000,5988,31,0,0,0,0,0,0,0,0,5994,4,0,0,0,0,0,0,0,0
3,2017-04-13,09:00:00,0,SM705,XZCE,6004,5988,6004,600,17994640,44170,43992,6588,5724,6156,6006,0,5990,0,0,0,2017-04-13,32400000,6002,1,0,0,0,0,0,0,0,0,6004,50,0,0,0,0,0,0,0,0
4,2017-04-13,09:00:01,0,SM705,XZCE,6000,5988,6004,736,22074640,44176,43992,6588,5724,6156,6006,0,5990,0,0,0,2017-04-13,32401000,5996,97,0,0,0,0,0,0,0,0,6000,19,0,0,0,0,0,0,0,0
5,2017-04-13,09:00:01,0,SM705,XZCE,6000,5988,6004,990,29694640,44272,43992,6588,5724,6156,6006,0,5990,0,0,0,2017-04-13,32401000,5998,5,0,0,0,0,0,0,0,0,6000,3,0,0,0,0,0,0,0,0
6,2017-04-13,09:00:02,0,SM705,XZCE,5998,5988,6004,1104,33113500,44272,43992,6588,5724,6156,6006,0,5990,0,0,0,2017-04-13,32402000,5998,5,0,0,0,0,0,0,0,0,6002,1,0,0,0,0,0,0,0,0
7,2017-04-13,09:00:02,0,SM705,XZCE,6004,5988,6004,1142,34254260,44266,43992,6588,5724,6156,6006,0,5990,0,0,0,2017-04-13,32402000,6004,5,0,0,0,0,0,0,0,0,6006,7,0,0,0,0,0,0,0,0
8,2017-04-13,09:00:03,0,SM705,XZCE,6006,5988,6008,1186,35575580,44296,43992,6588,5724,6156,6006,0,5990,0,0,0,2017-04-13,32403000,6006,2,0,0,0,0,0,0,0,0,6008,2,0,0,0,0,0,0,0,0
9,2017-04-13,09:00:03,0,SM705,XZCE,6024,5988,6024,1312,39370700,44210,43992,6588,5724,6156,6006,0,5990,0,0,0,2017-04-13,32403000,6016,12,0,0,0,0,0,0,0,0,6024,6,0,0,0,0,0,0,0,0
10,2017-04-13,09:00:04,0,SM705,XZCE,6018,5988,6026,1362,40875200,44190,43992,6588,5724,6156,6006,0,5990,0,0,0,2017-04-13,32404000,6016,5,0,0,0,0,0,0,0,0,6022,1,0,0,0,0,0,0,0,0
11,2017-04-13,09:00:04,0,SM705,XZCE,6010,5988,6026,1394,41836800,44180,43992,6588,5724,6156,6006,0,5990,0,0,0,2017-04-13,32404000,6010,34,0,0,0,0,0,0,0,0,6018,3,0,0,0,0,0,0,0,0
12,2017-04-13,09:00:05,0,SM705,XZCE,6016,5988,6026,1398,41957120,44180,43992,6588,5724,6156,6006,0,5990,0,0,0,2017-04-13,32405000,6012,8,0,0,0,0,0,0,0,0,6016,7,0,0,0,0,0,0,0,0
13,2017-04-13,09:00:05,0,SM705,XZCE,6012,5988,6026,1440,43219640,44160,43992,6588,5724,6156,6006,0,5990,0,0,0,2017-04-13,32405000,6012,1,0,0,0,0,0,0,0,0,6016,1,0,0,0,0,0,0,0,0
14,2017-04-13,09:00:06,0,SM705,XZCE,6024,5988,6026,1466,44002760,44138,43992,6588,5724,6156,6006,0,5990,0,0,0,2017-04-13,32406000,6018,2,0,0,0,0,0,0,0,0,6024,6,0,0,0,0,0,0,0,0
15,2017-04-13,09:00:06,0,SM705,XZCE,6016,5988,6026,1480,44423880,44128,43992,6588,5724,6156,6006,0,5990,0,0,0,2017-04-13,32406000,6016,1,0,0,0,0,0,0,0,0,6020,1,0,0,0,0,0,0,0,0
16,2017-04-13,09:00:07,0,SM705,XZCE,6022,5988,6026,1526,45808940,44130,43992,6588,5724,6156,6006,0,5990,0,0,0,2017-04-13,32407000,6024,5,0,0,0,0,0,0,0,0,6026,3,0,0,0,0,0,0,0,0
17,2017-04-13,09:00:07,0,SM705,XZCE,6028,5988,6028,1534,46050060,44126,43992,6588,5724,6156,6006,0,5990,0,0,0,2017-04-13,32407000,6024,5,0,0,0,0,0,0,0,0,6028,15,0,0,0,0,0,0,0,0
18,2017-04-13,09:00:08,0,SM705,XZCE,6022,5988,6028,1558,46772700,44116,43992,6588,5724,6156,6006,0,5990,0,0,0,2017-04-13,32408000,6022,13,0,0,0,0,0,0,0,0,6028,16,0,0,0,0,0,0,0,0
19,2017-04-13,09:00:08,0,SM705,XZCE,6024,5988,6028,1586,47616060,44122,43992,6588,5724,6156,6006,0,5990,0,0,0,2017-04-13,32408000,6022,14,0,0,0,0,0,0,0,0,6028,5,0,0,0,0,0,0,0,0
20,2017-04-13,09:00:09,0,SM705,XZCE,6034,5988,6034,1646,49426260,44080,43992,6588,5724,6156,6006,0,5990,0,0,0,2017-04-13,32409000,6032,10,0,0,0,0,0,0,0,0,6034,5,0,0,0,0,0,0,0,0
21,2017-04-13,09:00:09,0,SM705,XZCE,6034,5988,6040,1686,50633060,44062,43992,6588,5724,6156,6006,0,5990,0,0,0,2017-04-13,32409000,6034,1,0,0,0,0,0,0,0,0,6040,1,0,0,0,0,0,0,0,0
22,2017-04-13,09:00:10,0,SM705,XZCE,6032,5988,6040,1690,50753700,44060,43992,6588,5724,6156,6006,0,5990,0,0,0,2017-04-13,32410000,6034,7,0,0,0,0,0,0,0,0,6040,1,0,0,0,0,0,0,0,0
23,2017-04-13,09:00:10,0,SM705,XZCE,6034,5988,6040,1698,50995060,44060,43992,6588,5724,6156,6006,0,5990,0,0,0,2017-04-13,32410000,6034,7,0,0,0,0,0,0,0,0,6036,5,0,0,0,0,0,0,0,0
24,2017-04-13,09:00:11,0,SM705,XZCE,6028,5988,6040,1716,51537580,44060,43992,6588,5724,6156,6006,0,5990,0,0,0,2017-04-13,32411000,6028,12,0,0,0,0,0,0,0,0,6034,10,0,0,0,0,0,0,0,0
25,2017-04-13,09:00:11,0,SM705,XZCE,6026,5988,6040,1746,52441480,44060,43992,6588,5724,6156,6006,0,5990,0,0,0,2017-04-13,32411000,6026,1,0,0,0,0,0,0,0,0,6030,2,0,0,0,0,0,0,0,0
26,2017-04-13,09:00:12,0,SM705,XZCE,6026,5988,6040,1756,52742780,44062,43992,6588,5724,6156,6006,0,5990,0,0,0,2017-04-13,32412000,6026,1,0,0,0,0,0,0,0,0,6032,14,0,0,0,0,0,0,0,0
27,2017-04-13,09:00:12,0,SM705,XZCE,6028,5988,6040,1788,53707260,44052,43992,6588,5724,6156,6006,0,5990,0,0,0,2017-04-13,32412000,6028,1,0,0,0,0,0,0,0,0,6034,4,0,0,0,0,0,0,0,0
28,2017-04-13,09:00:13,0,SM705,XZCE,6032,5988,6040,1842,55335900,44028,43992,6588,5724,6156,6006,0,5990,0,0,0,2017-04-13,32413000,6030,5,0,0,0,0,0,0,0,0,6036,5,0,0,0,0,0,0,0,0
29,2017-04-13,09:00:13,0,SM705,XZCE,6038,5988,6040,1864,56000080,44040,43992,6588,5724,6156,6006,0,5990,0,0,0,2017-04-13,32413000,6032,16,0,0,0,0,0,0,0,0,6038,8,0,0,0,0,0,0,0,0
30,2017-04-13,09:00:14,0,SM705,XZCE,6038,5988,6040,1874,56301980,44030,43992,6588,5724,6156,6006,0,5990,0,0,0,2017-04-13,32414000,6032,14,0,0,0,0,0,0,0,0,6038,9,0,0,0,0,0,0,0,0
31,2017-04-13,09:00:14,0,SM705,XZCE,6032,5988,6040,1900,57086140,44032,43992,6588,5724,6156,6006,0,5990,0,0,0,2017-04-13,32414000,6032,5,0,0,0,0,0,0,0,0,6036,2,0,0,0,0,0,0,0,0
32,2017-04-13,09:00:15,0,SM705,XZCE,6036,5988,6040,1904,57206860,44034,43992,6588,5724,6156,6006,0,5990,0,0,0,2017-04-13,32415000,6032,4,0,0,0,0,0,0,0,0,6034,6,0,0,0,0,0,0,0,0
33,2017-04-13,09:00:15,0,SM705,XZCE,6034,5988,6040,1960,58896380,44012,43992,6588,5724,6156,6006,0,5990,0,0,0,2017-04-13,32415000,6036,4,0,0,0,0,0,0,0,0,6038,15,0,0,0,0,0,0,0,0
34,2017-04-13,09:00:16,0,SM705,XZCE,6034,5988,6040,1986,59680800,44012,43992,6588,5724,6156,6006,0,5990,0,0,0,2017-04-13,32416000,6034,77,0,0,0,0,0,0,0,0,6038,11,0,0,0,0,0,0,0,0
35,2017-04-13,09:00:16,0,SM705,XZCE,6038,5988,6040,2028,60948780,43972,43992,6588,5724,6156,6006,0,5990,0,0,0,2017-04-13,32416000,6034,61,0,0,0,0,0,0,0,0,6038,9,0,0,0,0,0,0,0,0
36,2017-04-13,09:00:17,0,SM705,XZCE,6036,5988,6040,2048,61552380,43968,43992,6588,5724,6156,6006,0,5990,0,0,0,2017-04-13,32417000,6034,59,0,0,0,0,0,0,0,0,6036,53,0,0,0,0,0,0,0,0
37,2017-04-13,09:00:17,0,SM705,XZCE,6030,5988,6040,2198,66074880,43844,43992,6588,5724,6156,6006,0,5990,0,0,0,2017-04-13,32417000,6028,5,0,0,0,0,0,0,0,0,6030,33,0,0,0,0,0,0,0,0
38,2017-04-13,09:00:18,0,SM705,XZCE,6026,5988,6040,2252,67701900,43820,43992,6588,5724,6156,6006,0,5990,0,0,0,2017-04-13,32418000,6026,12,0,0,0,0,0,0,0,0,6028,13,0,0,0,0,0,0,0,0
39,2017-04-13,09:00:18,0,SM705,XZCE,6028,5988,6040,2306,69329460,43842,43992,6588,5724,6156,6006,0,5990,0,0,0,2017-04-13,32418000,6016,1,0,0,0,0,0,0,0,0,6028,21,0,0,0,0,0,0,0,0
40,2017-04-13,09:00:19,0,SM705,XZCE,6020,5988,6040,2348,70593660,43844,43992,6588,5724,6156,6006,0,5990,0,0,0,2017-04-13,32419000,6018,3,0,0,0,0,0,0,0,0,6020,3,0,0,0,0,0,0,0,0
41,2017-04-13,09:00:19,0,SM705,XZCE,6020,5988,6040,2356,70834460,43842,43992,6588,5724,6156,6006,0,5990,0,0,0,2017-04-13,32419000,6012,2,0,0,0,0,0,0,0,0,6020,2,0,0,0,0,0,0,0,0
42,2017-04-13,09:00:20,0,SM705,XZCE,6014,5988,6040,2380,71556140,43846,43992,6588,5724,6156,6006,0,5990,0,0,0,2017-04-13,32420000,6014,4,0,0,0,0,0,0,0,0,6018,1,0,0,0,0,0,0,0,0
43,2017-04-13,09:00:20,0,SM705,XZCE,6020,5988,6040,2386,71736740,43846,43992,6588,5724,6156,6006,0,5990,0,0,0,2017-04-13,32420000,6014,6,0,0,0,0,0,0,0,0,6020,2,0,0,0,0,0,0,0,0
44,2017-04-13,09:00:21,0,SM705,XZCE,6016,5988,6040,2392,71917220,43842,43992,6588,5724,6156,6006,0,5990,0,0,0,2017-04-13,32421000,6016,4,0,0,0,0,0,0,0,0,6020,1,0,0,0,0,0,0,0,0
45,2017-04-13,09:00:21,0,SM705,XZCE,6018,5988,6040,2398,72097760,43844,43992,6588,5724,6156,6006,0,5990,0,0,0,2017-04-13,32421000,6016,7,0,0,0,0,0,0,0,0,6022,2,0,0,0,0,0,0,0,0
46,2017-04-13,09:00:22,0,SM705,XZCE,6016,5988,6040,2408,72398560,43834,43992,6588,5724,6156,6006,0,5990,0,0,0,2017-04-13,32422000,6016,4,0,0,0,0,0,0,0,0,6022,4,0,0,0,0,0,0,0,0
47,2017-04-13,09:00:22,0,SM705,XZCE,6016,5988,6040,2408,72398560,43834,43992,6588,5724,6156,6006,0,5990,0,0,0,2017-04-13,32422000,6018,4,0,0,0,0,0,0,0,0,6022,16,0,0,0,0,0,0,0,0
48,2017-04-13,09:00:23,0,SM705,XZCE,6014,5988,6040,2432,73120240,43836,43992,6588,5724,6156,6006,0,5990,0,0,0,2017-04-13,32423000,6014,3,0,0,0,0,0,0,0,0,6018,16,0,0,0,0,0,0,0,0
49,2017-04-13,09:00:23,0,SM705,XZCE,6016,5988,6040,2436,73240560,43836,43992,6588,5724,6156,6006,0,5990,0,0,0,2017-04-13,32423000,6014,3,0,0,0,0,0,0,0,0,6018,23,0,0,0,0,0,0,0,0
50,2017-04-13,09:00:24,0,SM705,XZCE,6014,5988,6040,2446,73541260,43836,43992,6588,5724,6156,6006,0,5990,0,0,0,2017-04-13,32424000,6012,2,0,0,0,0,0,0,0,0,6014,2,0,0,0,0,0,0,0,0
51,2017-04-13,09:00:24,0,SM705,XZCE,6018,5988,6040,2474,74383780,43846,43992,6588,5724,6156,6006,0,5990,0,0,0,2017-04-13,32424000,6012,3,0,0,0,0,0,0,0,0,6018,20,0,0,0,0,0,0,0,0
52,2017-04-13,09:00:25,0,SM705,XZCE,6018,5988,6040,2476,74443960,43848,43992,6588,5724,6156,6006,0,5990,0,0,0,2017-04-13,32425000,6012,3,0,0,0,0,0,0,0,0,6018,50,0,0,0,0,0,0,0,0
53,2017-04-13,09:00:25,0,SM705,XZCE,6018,5988,6040,2480,74564320,43850,43992,6588,5724,6156,6006,0,5990,0,0,0,2017-04-13,32425000,6012,3,0,0,0,0,0,0,0,0,6018,52,0,0,0,0,0,0,0,0
54,2017-04-13,09:00:26,0,SM705,XZCE,6018,5988,6040,2486,74744860,43852,43992,6588,5724,6156,6006,0,5990,0,0,0,2017-04-13,32426000,6014,22,0,0,0,0,0,0,0,0,6016,8,0,0,0,0,0,0,0,0
55,2017-04-13,09:00:26,0,SM705,XZCE,6018,5988,6040,2522,75828100,43852,43992,6588,5724,6156,6006,0,5990,0,0,0,2017-04-13,32426000,6014,25,0,0,0,0,0,0,0,0,6018,46,0,0,0,0,0,0,0,0
56,2017-04-13,09:00:27,0,SM705,XZCE,6014,5988,6040,2590,77872860,43900,43992,6588,5724,6156,6006,0,5990,0,0,0,2017-04-13,32427000,6010,3,0,0,0,0,0,0,0,0,6014,3,0,0,0,0,0,0,0,0
57,2017-04-13,09:00:27,0,SM705,XZCE,6014,5988,6040,2600,78173560,43898,43992,6588,5724,6156,6006,0,5990,0,0,0,2017-04-13,32427000,6010,6,0,0,0,0,0,0,0,0,6016,8,0,0,0,0,0,0,0,0
58,2017-04-13,09:00:28,0,SM705,XZCE,6008,5988,6040,2630,79074760,43896,43992,6588,5724,6156,6006,0,5990,0,0,0,2017-04-13,32428000,6008,6,0,0,0,0,0,0,0,0,6016,8,0,0,0,0,0,0,0,0
59,2017-04-13,09:00:28,0,SM705,XZCE,6014,5988,6040,2636,79255180,43902,43992,6588,5724,6156,6006,0,5990,0,0,0,2017-04-13,32428000,6012,1,0,0,0,0,0,0,0,0,6016,7,0,0,0,0,0,0,0,0
60,2017-04-13,09:00:29,0,SM705,XZCE,6016,5988,6040,2638,79315340,43902,43992,6588,5724,6156,6006,0,5990,0,0,0,2017-04-13,32429000,6014,11,0,0,0,0,0,0,0,0,6016,8,0,0,0,0,0,0,0,0
61,2017-04-13,09:00:29,0,SM705,XZCE,6022,5988,6040,2678,80519740,43922,43992,6588,5724,6156,6006,0,5990,0,0,0,2017-04-13,32429000,6020,12,0,0,0,0,0,0,0,0,6022,13,0,0,0,0,0,0,0,0
62,2017-04-13,09:00:30,0,SM705,XZCE,6022,5988,6040,2708,81423040,43912,43992,6588,5724,6156,6006,0,5990,0,0,0,2017-04-13,32430000,6022,7,0,0,0,0,0,0,0,0,6024,1,0,0,0,0,0,0,0,0
63,2017-04-13,09:00:30,0,SM705,XZCE,6026,5988,6040,2722,81844860,43904,43992,6588,5724,6156,6006,0,5990,0,0,0,2017-04-13,32430000,6024,96,0,0,0,0,0,0,0,0,6028,11,0,0,0,0,0,0,0,0
64,2017-04-13,09:00:31,0,SM705,XZCE,6026,5988,6040,2766,83170580,43864,43992,6588,5724,6156,6006,0,5990,0,0,0,2017-04-13,32431000,6026,2,0,0,0,0,0,0,0,0,6030,23,0,0,0,0,0,0,0,0
65,2017-04-13,09:00:31,0,SM705,XZCE,6026,5988,6040,2766,83170580,43864,43992,6588,5724,6156,6006,0,5990,0,0,0,2017-04-13,32431000,6028,8,0,0,0,0,0,0,0,0,6030,23,0,0,0,0,0,0,0,0
66,2017-04-13,09:00:32,0,SM705,XZCE,6028,5988,6040,2824,84918700,43830,43992,6588,5724,6156,6006,0,5990,0,0,0,2017-04-13,32432000,6028,7,0,0,0,0,0,0,0,0,6032,2,0,0,0,0,0,0,0,0
67,2017-04-13,09:00:32,0,SM705,XZCE,6030,5988,6040,2836,85280500,43834,43992,6588,5724,6156,6006,0,5990,0,0,0,2017-04-13,32432000,6030,3,0,0,0,0,0,0,0,0,6034,1,0,0,0,0,0,0,0,0
68,2017-04-13,09:00:33,0,SM705,XZCE,6030,5988,6040,2836,85280500,43834,43992,6588,5724,6156,6006,0,5990,0,0,0,2017-04-13,32433000,6030,5,0,0,0,0,0,0,0,0,6034,2,0,0,0,0,0,0,0,0
69,2017-04-13,09:00:33,0,SM705,XZCE,6030,5988,6040,2844,85521700,43834,43992,6588,5724,6156,6006,0,5990,0,0,0,2017-04-13,32433000,6030,3,0,0,0,0,0,0,0,0,6034,1,0,0,0,0,0,0,0,0
70,2017-04-13,09:00:34,0,SM705,XZCE,6030,5988,6040,2850,85702600,43834,43992,6588,5724,6156,6006,0,5990,0,0,0,2017-04-13,32434000,6028,7,0,0,0,0,0,0,0,0,6030,2,0,0,0,0,0,0,0,0
71,2017-04-13,09:00:34,0,SM705,XZCE,6030,5988,6040,2854,85823200,43838,43992,6588,5724,6156,6006,0,5990,0,0,0,2017-04-13,32434000,6028,7,0,0,0,0,0,0,0,0,6032,4,0,0,0,0,0,0,0,0
72,2017-04-13,09:00:35,0,SM705,XZCE,6030,5988,6040,2860,86004100,43840,43992,6588,5724,6156,6006,0,5990,0,0,0,2017-04-13,32435000,6028,5,0,0,0,0,0,0,0,0,6030,3,0,0,0,0,0,0,0,0
73,2017-04-13,09:00:35,0,SM705,XZCE,6032,5988,6040,2880,86607300,43836,43992,6588,5724,6156,6006,0,5990,0,0,0,2017-04-13,32435000,6032,4,0,0,0,0,0,0,0,0,6036,55,0,0,0,0,0,0,0,0
74,2017-04-13,09:00:36,0,SM705,XZCE,6032,5988,6040,2888,86848580,43828,43992,6588,5724,6156,6006,0,5990,0,0,0,2017-04-13,32436000,6032,7,0,0,0,0,0,0,0,0,6036,55,0,0,0,0,0,0,0,0
75,2017-04-13,09:00:36,0,SM705,XZCE,6034,5988,6040,2900,87210620,43826,43992,6588,5724,6156,6006,0,5990,0,0,0,2017-04-13,32436000,6030,106,0,0,0,0,0,0,0,0,6036,55,0,0,0,0,0,0,0,0
76,2017-04-13,09:00:37,0,SM705,XZCE,6030,5988,6040,2972,89381420,43844,43992,6588,5724,6156,6006,0,5990,0,0,0,2017-04-13,32437000,6030,70,0,0,0,0,0,0,0,0,6036,60,0,0,0,0,0,0,0,0
77,2017-04-13,09:00:37,0,SM705,XZCE,6030,5988,6040,2972,89381420,43844,43992,6588,5724,6156,6006,0,5990,0,0,0,2017-04-13,32437000,6030,70,0,0,0,0,0,0,0,0,6034,7,0,0,0,0,0,0,0,0
78,2017-04-13,09:00:38,0,SM705,XZCE,6030,5988,6040,3006,90406520,43828,43992,6588,5724,6156,6006,0,5990,0,0,0,2017-04-13,32438000,6030,65,0,0,0,0,0,0,0,0,6036,63,0,0,0,0,0,0,0,0
79,2017-04-13,09:00:38,0,SM705,XZCE,6030,5988,6040,3020,90828620,43814,43992,6588,5724,6156,6006,0,5990,0,0,0,2017-04-13,32438000,6030,58,0,0,0,0,0,0,0,0,6036,58,0,0,0,0,0,0,0,0
80,2017-04-13,09:00:39,0,SM705,XZCE,6032,5988,6040,3076,92517580,43824,43992,6588,5724,6156,6006,0,5990,0,0,0,2017-04-13,32439000,6032,2,0,0,0,0,0,0,0,0,6036,40,0,0,0,0,0,0,0,0
81,2017-04-13,09:00:39,0,SM705,XZCE,6036,5988,6040,3094,93060820,43824,43992,6588,5724,6156,6006,0,5990,0,0,0,2017-04-13,32439000,6034,114,0,0,0,0,0,0,0,0,6036,39,0,0,0,0,0,0,0,0
82,2017-04-13,09:00:40,0,SM705,XZCE,6036,5988,6040,3124,93966220,43854,43992,6588,5724,6156,6006,0,5990,0,0,0,2017-04-13,32440000,6034,114,0,0,0,0,0,0,0,0,6036,24,0,0,0,0,0,0,0,0
83,2017-04-13,09:00:40,0,SM705,XZCE,6038,5988,6040,3258,98011680,43846,43992,6588,5724,6156,6006,0,5990,0,0,0,2017-04-13,32440000,6038,3,0,0,0,0,0,0,0,0,6040,16,0,0,0,0,0,0,0,0
84,2017-04-13,09:00:41,0,SM705,XZCE,6040,5988,6040,3276,98555280,43860,43992,6588,5724,6156,6006,0,5990,0,0,0,2017-04-13,32441000,6036,5,0,0,0,0,0,0,0,0,6040,13,0,0,0,0,0,0,0,0
85,2017-04-13,09:00:41,0,SM705,XZCE,6036,5988,6040,3302,99339960,43864,43992,6588,5724,6156,6006,0,5990,0,0,0,2017-04-13,32441000,6036,3,0,0,0,0,0,0,0,0,6040,5,0,0,0,0,0,0,0,0
86,2017-04-13,09:00:42,0,SM705,XZCE,6036,5988,6040,3312,99641760,43866,43992,6588,5724,6156,6006,0,5990,0,0,0,2017-04-13,32442000,6036,2,0,0,0,0,0,0,0,0,6040,3,0,0,0,0,0,0,0,0
87,2017-04-13,09:00:42,0,SM705,XZCE,6036,5988,6040,3326,100064280,43860,43992,6588,5724,6156,6006,0,5990,0,0,0,2017-04-13,32442000,6034,114,0,0,0,0,0,0,0,0,6040,3,0,0,0,0,0,0,0,0
88,2017-04-13,09:00:43,0,SM705,XZCE,6040,5988,6040,3336,100366280,43854,43992,6588,5724,6156,6006,0,5990,0,0,0,2017-04-13,32443000,6036,2,0,0,0,0,0,0,0,0,6040,6,0,0,0,0,0,0,0,0
89,2017-04-13,09:00:43,0,SM705,XZCE,6040,5988,6040,3342,100547480,43856,43992,6588,5724,6156,6006,0,5990,0,0,0,2017-04-13,32443000,6036,1,0,0,0,0,0,0,0,0,6040,8,0,0,0,0,0,0,0,0
90,2017-04-13,09:00:44,0,SM705,XZCE,6034,5988,6040,3348,100728500,43856,43992,6588,5724,6156,6006,0,5990,0,0,0,2017-04-13,32444000,6034,113,0,0,0,0,0,0,0,0,6036,16,0,0,0,0,0,0,0,0
91,2017-04-13,09:00:44,0,SM705,XZCE,6036,5988,6040,3350,100788860,43856,43992,6588,5724,6156,6006,0,5990,0,0,0,2017-04-13,32444000,6034,113,0,0,0,0,0,0,0,0,6036,15,0,0,0,0,0,0,0,0
92,2017-04-13,09:00:45,0,SM705,XZCE,6034,5988,6040,3358,101030220,43850,43992,6588,5724,6156,6006,0,5990,0,0,0,2017-04-13,32445000,6034,112,0,0,0,0,0,0,0,0,6036,12,0,0,0,0,0,0,0,0
93,2017-04-13,09:00:45,0,SM705,XZCE,6034,5988,6040,3358,101030220,43850,43992,6588,5724,6156,6006,0,5990,0,0,0,2017-04-13,32445000,6034,112,0,0,0,0,0,0,0,0,6036,22,0,0,0,0,0,0,0,0
94,2017-04-13,09:00:46,0,SM705,XZCE,6034,5988,6040,3406,102478380,43852,43992,6588,5724,6156,6006,0,5990,0,0,0,2017-04-13,32446000,6034,100,0,0,0,0,0,0,0,0,6036,12,0,0,0,0,0,0,0,0
95,2017-04-13,09:00:46,0,SM705,XZCE,6036,5988,6040,3444,103625220,43876,43992,6588,5724,6156,6006,0,5990,0,0,0,2017-04-13,32446000,6036,28,0,0,0,0,0,0,0,0,6038,5,0,0,0,0,0,0,0,0
96,2017-04-13,09:00:47,0,SM705,XZCE,6036,5988,6040,3456,103987380,43878,43992,6588,5724,6156,6006,0,5990,0,0,0,2017-04-13,32447000,6036,25,0,0,0,0,0,0,0,0,6038,4,0,0,0,0,0,0,0,0
97,2017-04-13,09:00:47,0,SM705,XZCE,6036,5988,6040,3504,105436020,43880,43992,6588,5724,6156,6006,0,5990,0,0,0,2017-04-13,32447000,6036,41,0,0,0,0,0,0,0,0,6038,20,0,0,0,0,0,0,0,0
98,2017-04-13,09:00:48,0,SM705,XZCE,6036,5988,6040,3512,105677460,43880,43992,6588,5724,6156,6006,0,5990,0,0,0,2017-04-13,32448000,6036,37,0,0,0,0,0,0,0,0,6038,20,0,0,0,0,0,0,0,0
99,2017-04-13,09:00:48,0,SM705,XZCE,6036,5988,6040,3520,105918900,43884,43992,6588,5724,6156,6006,0,5990,0,0,0,2017-04-13,32448000,6036,36,0,0,0,0,0,0,0,0,6038,18,0,0,0,0,0,0,0,0
100,2017-04-13,09:00:49,0,SM705,XZCE,6036,5988,6040,3576,107608980,43828,43992,6588,5724,6156,6006,0,5990,0,0,0,2017-04-13,32449000,6036,8,0,0,0,0,0,0,0,0,6038,19,0,0,0,0,0,0,0,0
101,2017-04-13,09:00:49,0,SM705,XZCE,6038,5988,6040,3616,108816580,43812,43992,6588,5724,6156,6006,0,5990,0,0,0,2017-04-13,32449000,6036,10,0,0,0,0,0,0,0,0,6040,11,0,0,0,0,0,0,0,0
102,2017-04-13,09:00:50,0,SM705,XZCE,6040,5988,6040,3618,108876980,43812,43992,6588,5724,6156,6006,0,5990,0,0,0,2017-04-13,32450000,6036,11,0,0,0,0,0,0,0,0,6040,16,0,0,0,0,0,0,0,0
103,2017-04-13,09:00:50,0,SM705,XZCE,6038,5988,6040,3620,108937360,43814,43992,6588,5724,6156,6006,0,5990,0,0,0,2017-04-13,32450000,6038,3,0,0,0,0,0,0,0,0,6040,16,0,0,0,0,0,0,0,0
104,2017-04-13,09:00:51,0,SM705,XZCE,6036,5988,6040,3644,109661680,43796,43992,6588,5724,6156,6006,0,5990,0,0,0,2017-04-13,32451000,6036,4,0,0,0,0,0,0,0,0,6040,14,0,0,0,0,0,0,0,0
105,2017-04-13,09:00:51,0,SM705,XZCE,6040,5988,6040,3660,110144880,43792,43992,6588,5724,6156,6006,0,5990,0,0,0,2017-04-13,32451000,6036,4,0,0,0,0,0,0,0,0,6038,1,0,0,0,0,0,0,0,0
106,2017-04-13,09:00:52,0,SM705,XZCE,6040,5988,6042,3694,111171680,43772,43992,6588,5724,6156,6006,0,5990,0,0,0,2017-04-13,32452000,6040,4,0,0,0,0,0,0,0,0,6042,4,0,0,0,0,0,0,0,0
107,2017-04-13,09:00:52,0,SM705,XZCE,6038,5988,6042,3798,114311440,43774,43992,6588,5724,6156,6006,0,5990,0,0,0,2017-04-13,32452000,6038,10,0,0,0,0,0,0,0,0,6042,4,0,0,0,0,0,0,0,0
108,2017-04-13,09:00:53,0,SM705,XZCE,6040,5988,6042,3802,114432240,43774,43992,6588,5724,6156,6006,0,5990,0,0,0,2017-04-13,32453000,6038,10,0,0,0,0,0,0,0,0,6042,5,0,0,0,0,0,0,0,0
109,2017-04-13,09:00:53,0,SM705,XZCE,6038,5988,6042,3804,114492620,43774,43992,6588,5724,6156,6006,0,5990,0,0,0,2017-04-13,32453000,6038,22,0,0,0,0,0,0,0,0,6042,7,0,0,0,0,0,0,0,0
110,2017-04-13,09:00:54,0,SM705,XZCE,6042,5988,6042,3812,114734300,43766,43992,6588,5724,6156,6006,0,5990,0,0,0,2017-04-13,32454000,6038,23,0,0,0,0,0,0,0,0,6042,5,0,0,0,0,0,0,0,0
111,2017-04-13,09:00:54,0,SM705,XZCE,6042,5988,6042,3820,114975980,43764,43992,6588,5724,6156,6006,0,5990,0,0,0,2017-04-13,32454000,6038,23,0,0,0,0,0,0,0,0,6042,1,0,0,0,0,0,0,0,0
112,2017-04-13,09:00:55,0,SM705,XZCE,6042,5988,6042,3828,115217660,43764,43992,6588,5724,6156,6006,0,5990,0,0,0,2017-04-13,32455000,6038,21,0,0,0,0,0,0,0,0,6044,15,0,0,0,0,0,0,0,0
113,2017-04-13,09:00:55,0,SM705,XZCE,6038,5988,6042,3844,115700700,43764,43992,6588,5724,6156,6006,0,5990,0,0,0,2017-04-13,32455000,6038,13,0,0,0,0,0,0,0,0,6040,1,0,0,0,0,0,0,0,0
114,2017-04-13,09:00:56,0,SM705,XZCE,6042,5988,6042,3860,116184060,43760,43992,6588,5724,6156,6006,0,5990,0,0,0,2017-04-13,32456000,6038,8,0,0,0,0,0,0,0,0,6044,15,0,0,0,0,0,0,0,0
115,2017-04-13,09:00:56,0,SM705,XZCE,6042,5988,6042,3876,116667420,43772,43992,6588,5724,6156,6006,0,5990,0,0,0,2017-04-13,32456000,6042,23,0,0,0,0,0,0,0,0,6044,15,0,0,0,0,0,0,0,0
116,2017-04-13,09:00:57,0,SM705,XZCE,6044,5988,6044,3906,117574020,43752,43992,6588,5724,6156,6006,0,5990,0,0,0,2017-04-13,32457000,6042,20,0,0,0,0,0,0,0,0,6044,4,0,0,0,0,0,0,0,0
117,2017-04-13,09:00:57,0,SM705,XZCE,6044,5988,6044,3914,117815780,43750,43992,6588,5724,6156,6006,0,5990,0,0,0,2017-04-13,32457000,6044,2,0,0,0,0,0,0,0,0,6046,14,0,0,0,0,0,0,0,0
118,2017-04-13,09:00:58,0,SM705,XZCE,6046,5988,6046,3930,118299460,43752,43992,6588,5724,6156,6006,0,5990,0,0,0,2017-04-13,32458000,6044,2,0,0,0,0,0,0,0,0,6046,10,0,0,0,0,0,0,0,0
119,2017-04-13,09:00:58,0,SM705,XZCE,6046,5988,6046,3960,119206360,43758,43992,6588,5724,6156,6006,0,5990,0,0,0,2017-04-13,32458000,6042,12,0,0,0,0,0,0,0,0,6046,6,0,0,0,0,0,0,0,0
120,2017-04-13,09:00:59,0,SM705,XZCE,6042,5988,6046,3962,119266780,43758,43992,6588,5724,6156,6006,0,5990,0,0,0,2017-04-13,32459000,6042,11,0,0,0,0,0,0,0,0,6046,6,0,0,0,0,0,0,0,0
121,2017-04-13,09:00:59,0,SM705,XZCE,6046,5988,6046,4000,120415520,43750,43992,6588,5724,6156,6006,0,5990,0,0,0,2017-04-13,32459000,6046,14,0,0,0,0,0,0,0,0,6048,18,0,0,0,0,0,0,0,0
122,2017-04-13,09:01:00,0,SM705,XZCE,6046,5988,6048,4016,120899200,43746,43992,6588,5724,6156,6006,0,5990,0,0,0,2017-04-13,32460000,6046,10,0,0,0,0,0,0,0,0,6048,17,0,0,0,0,0,0,0,0
123,2017-04-13,09:01:00,0,SM705,XZCE,6048,5988,6048,4058,122169280,43746,43992,6588,5724,6156,6006,0,5990,0,0,0,2017-04-13,32460000,6048,10,0,0,0,0,0,0,0,0,6050,23,0,0,0,0,0,0,0,0
124,2017-04-13,09:01:01,0,SM705,XZCE,6050,5988,6050,4072,122592780,43744,43992,6588,5724,6156,6006,0,5990,0,0,0,2017-04-13,32461000,6048,14,0,0,0,0,0,0,0,0,6050,18,0,0,0,0,0,0,0,0
125,2017-04-13,09:01:01,0,SM705,XZCE,6050,5988,6050,4108,123681780,43740,43992,6588,5724,6156,6006,0,5990,0,0,0,2017-04-13,32461000,6048,10,0,0,0,0,0,0,0,0,6050,5,0,0,0,0,0,0,0,0
126,2017-04-13,09:01:02,0,SM705,XZCE,6050,5988,6050,4144,124770780,43746,43992,6588,5724,6156,6006,0,5990,0,0,0,2017-04-13,32462000,6048,6,0,0,0,0,0,0,0,0,6050,1,0,0,0,0,0,0,0,0
127,2017-04-13,09:01:02,0,SM705,XZCE,6046,5988,6050,4178,125798600,43748,43992,6588,5724,6156,6006,0,5990,0,0,0,2017-04-13,32462000,6044,2,0,0,0,0,0,0,0,0,6046,1,0,0,0,0,0,0,0,0
128,2017-04-13,09:01:03,0,SM705,XZCE,6044,5988,6050,4186,126040360,43748,43992,6588,5724,6156,6006,0,5990,0,0,0,2017-04-13,32463000,6042,10,0,0,0,0,0,0,0,0,6044,3,0,0,0,0,0,0,0,0
129,2017-04-13,09:01:03,0,SM705,XZCE,6050,5988,6050,4330,130396360,43690,43992,6588,5724,6156,6006,0,5990,0,0,0,2017-04-13,32463000,6050,6,0,0,0,0,0,0,0,0,6052,3,0,0,0,0,0,0,0,0
130,2017-04-13,09:01:04,0,SM705,XZCE,6048,5988,6050,4348,130940680,43680,43992,6588,5724,6156,6006,0,5990,0,0,0,2017-04-13,32464000,6044,3,0,0,0,0,0,0,0,0,6048,3,0,0,0,0,0,0,0,0
131,2017-04-13,09:01:04,0,SM705,XZCE,6048,5988,6050,4384,132029320,43696,43992,6588,5724,6156,6006,0,5990,0,0,0,2017-04-13,32464000,6042,4,0,0,0,0,0,0,0,0,6048,8,0,0,0,0,0,0,0,0
132,2017-04-13,09:01:05,0,SM705,XZCE,6042,5988,6050,4396,132391840,43694,43992,6588,5724,6156,6006,0,5990,0,0,0,2017-04-13,32465000,6042,2,0,0,0,0,0,0,0,0,6050,16,0,0,0,0,0,0,0,0
133,2017-04-13,09:01:05,0,SM705,XZCE,6044,5988,6050,4410,132814920,43704,43992,6588,5724,6156,6006,0,5990,0,0,0,2017-04-13,32465000,6040,1,0,0,0,0,0,0,0,0,6044,4,0,0,0,0,0,0,0,0
134,2017-04-13,09:01:06,0,SM705,XZCE,6044,5988,6050,4420,133117120,43704,43992,6588,5724,6156,6006,0,5990,0,0,0,2017-04-13,32466000,6040,1,0,0,0,0,0,0,0,0,6044,4,0,0,0,0,0,0,0,0
135,2017-04-13,09:01:06,0,SM705,XZCE,6044,5988,6050,4420,133117120,43704,43992,6588,5724,6156,6006,0,5990,0,0,0,2017-04-13,32466000,6040,3,0,0,0,0,0,0,0,0,6042,1,0,0,0,0,0,0,0,0
136,2017-04-13,09:01:07,0,SM705,XZCE,6040,5988,6050,4428,133358720,43702,43992,6588,5724,6156,6006,0,5990,0,0,0,2017-04-13,32467000,6040,2,0,0,0,0,0,0,0,0,6044,7,0,0,0,0,0,0,0,0
137,2017-04-13,09:01:07,0,SM705,XZCE,6040,5988,6050,4428,133358720,43702,43992,6588,5724,6156,6006,0,5990,0,0,0,2017-04-13,32467000,6040,3,0,0,0,0,0,0,0,0,6044,11,0,0,0,0,0,0,0,0
138,2017-04-13,09:01:08,0,SM705,XZCE,6032,5988,6050,4450,134022240,43702,43992,6588,5724,6156,6006,0,5990,0,0,0,2017-04-13,32468000,6030,11,0,0,0,0,0,0,0,0,6038,6,0,0,0,0,0,0,0,0
139,2017-04-13,09:01:08,0,SM705,XZCE,6036,5988,6050,4476,134806920,43692,43992,6588,5724,6156,6006,0,5990,0,0,0,2017-04-13,32468000,6032,5,0,0,0,0,0,0,0,0,6036,1,0,0,0,0,0,0,0,0
140,2017-04-13,09:01:09,0,SM705,XZCE,6038,5988,6050,4490,135229580,43682,43992,6588,5724,6156,6006,0,5990,0,0,0,2017-04-13,32469000,6032,6,0,0,0,0,0,0,0,0,6036,1,0,0,0,0,0,0,0,0
141,2017-04-13,09:01:09,0,SM705,XZCE,6032,5988,6050,4498,135470860,43678,43992,6588,5724,6156,6006,0,5990,0,0,0,2017-04-13,32469000,6032,2,0,0,0,0,0,0,0,0,6036,2,0,0,0,0,0,0,0,0
142,2017-04-13,09:01:10,0,SM705,XZCE,6036,5988,6050,4552,137100580,43704,43992,6588,5724,6156,6006,0,5990,0,0,0,2017-04-13,32470000,6036,24,0,0,0,0,0,0,0,0,6038,16,0,0,0,0,0,0,0,0
143,2017-04-13,09:01:10,0,SM705,XZCE,6036,5988,6050,4558,137281660,43706,43992,6588,5724,6156,6006,0,5990,0,0,0,2017-04-13,32470000,6036,22,0,0,0,0,0,0,0,0,6038,15,0,0,0,0,0,0,0,0
144,2017-04-13,09:01:11,0,SM705,XZCE,6036,5988,6050,4558,137281660,43706,43992,6588,5724,6156,6006,0,5990,0,0,0,2017-04-13,32471000,6036,36,0,0,0,0,0,0,0,0,6038,15,0,0,0,0,0,0,0,0
145,2017-04-13,09:01:11,0,SM705,XZCE,6036,5988,6050,4630,139454620,43674,43992,6588,5724,6156,6006,0,5990,0,0,0,2017-04-13,32471000,6032,3,0,0,0,0,0,0,0,0,6034,2,0,0,0,0,0,0,0,0
146,2017-04-13,09:01:12,0,SM705,XZCE,6032,5988,6050,4644,139876860,43672,43992,6588,5724,6156,6006,0,5990,0,0,0,2017-04-13,32472000,6030,2,0,0,0,0,0,0,0,0,6034,3,0,0,0,0,0,0,0,0
147,2017-04-13,09:01:12,0,SM705,XZCE,6032,5988,6050,4644,139876860,43672,43992,6588,5724,6156,6006,0,5990,0,0,0,2017-04-13,32472000,6030,2,0,0,0,0,0,0,0,0,6034,9,0,0,0,0,0,0,0,0
148,2017-04-13,09:01:13,0,SM705,XZCE,6030,5988,6050,4648,139997460,43672,43992,6588,5724,6156,6006,0,5990,0,0,0,2017-04-13,32473000,6030,2,0,0,0,0,0,0,0,0,6034,8,0,0,0,0,0,0,0,0
149,2017-04-13,09:01:13,0,SM705,XZCE,6030,5988,6050,4648,139997460,43672,43992,6588,5724,6156,6006,0,5990,0,0,0,2017-04-13,32473000,6030,2,0,0,0,0,0,0,0,0,6032,1,0,0,0,0,0,0,0,0
150,2017-04-13,09:01:14,0,SM705,XZCE,6034,5988,6050,4662,140419840,43676,43992,6588,5724,6156,6006,0,5990,0,0,0,2017-04-13,32474000,6028,1,0,0,0,0,0,0,0,0,6034,4,0,0,0,0,0,0,0,0
151,2017-04-13,09:01:14,0,SM705,XZCE,6030,5988,6050,4666,140540440,43680,43992,6588,5724,6156,6006,0,5990,0,0,0,2017-04-13,32474000,6030,9,0,0,0,0,0,0,0,0,6034,5,0,0,0,0,0,0,0,0
152,2017-04-13,09:01:15,0,SM705,XZCE,6030,5988,6050,4666,140540440,43680,43992,6588,5724,6156,6006,0,5990,0,0,0,2017-04-13,32475000,6032,7,0,0,0,0,0,0,0,0,6034,4,0,0,0,0,0,0,0,0
153,2017-04-13,09:01:15,0,SM705,XZCE,6030,5988,6050,4682,141022840,43666,43992,6588,5724,6156,6006,0,5990,0,0,0,2017-04-13,32475000,6028,1,0,0,0,0,0,0,0,0,6032,13,0,0,0,0,0,0,0,0
154,2017-04-13,09:01:16,0,SM705,XZCE,6032,5988,6050,4684,141083160,43666,43992,6588,5724,6156,6006,0,5990,0,0,0,2017-04-13,32476000,6028,1,0,0,0,0,0,0,0,0,6032,12,0,0,0,0,0,0,0,0
155,2017-04-13,09:01:16,0,SM705,XZCE,6030,5988,6050,4686,141143460,43668,43992,6588,5724,6156,6006,0,5990,0,0,0,2017-04-13,32476000,6030,9,0,0,0,0,0,0,0,0,6032,14,0,0,0,0,0,0,0,0
156,2017-04-13,09:01:17,0,SM705,XZCE,6030,5988,6050,4692,141324360,43674,43992,6588,5724,6156,6006,0,5990,0,0,0,2017-04-13,32477000,6030,6,0,0,0,0,0,0,0,0,6032,14,0,0,0,0,0,0,0,0
157,2017-04-13,09:01:17,0,SM705,XZCE,6030,5988,6050,4694,141384660,43674,43992,6588,5724,6156,6006,0,5990,0,0,0,2017-04-13,32477000,6030,5,0,0,0,0,0,0,0,0,6032,15,0,0,0,0,0,0,0,0
158,2017-04-13,09:01:18,0,SM705,XZCE,6030,5988,6050,4708,141806760,43682,43992,6588,5724,6156,6006,0,5990,0,0,0,2017-04-13,32478000,6028,5,0,0,0,0,0,0,0,0,6030,1,0,0,0,0,0,0,0,0
159,2017-04-13,09:01:18,0,SM705,XZCE,6030,5988,6050,4712,141927360,43680,43992,6588,5724,6156,6006,0,5990,0,0,0,2017-04-13,32478000,6028,5,0,0,0,0,0,0,0,0,6030,1,0,0,0,0,0,0,0,0
160,2017-04-13,09:01:19,0,SM705,XZCE,6030,5988,6050,4720,142168560,43674,43992,6588,5724,6156,6006,0,5990,0,0,0,2017-04-13,32479000,6028,6,0,0,0,0,0,0,0,0,6032,16,0,0,0,0,0,0,0,0
161,2017-04-13,09:01:19,0,SM705,XZCE,6030,5988,6050,4732,142530360,43674,43992,6588,5724,6156,6006,0,5990,0,0,0,2017-04-13,32479000,6028,4,0,0,0,0,0,0,0,0,6032,16,0,0,0,0,0,0,0,0
162,2017-04-13,09:01:20,0,SM705,XZCE,6030,5988,6050,4732,142530360,43674,43992,6588,5724,6156,6006,0,5990,0,0,0,2017-04-13,32480000,6028,4,0,0,0,0,0,0,0,0,6032,7,0,0,0,0,0,0,0,0
163,2017-04-13,09:01:21,0,SM705,XZCE,6028,5988,6050,4750,143072880,43668,43992,6588,5724,6156,6006,0,5990,0,0,0,2017-04-13,32481000,6026,3,0,0,0,0,0,0,0,0,6030,4,0,0,0,0,0,0,0,0
164,2017-04-13,09:01:22,0,SM705,XZCE,6028,5988,6050,4750,143072880,43668,43992,6588,5724,6156,6006,0,5990,0,0,0,2017-04-13,32482000,6026,5,0,0,0,0,0,0,0,0,6028,10,0,0,0,0,0,0,0,0
165,2017-04-13,09:01:22,0,SM705,XZCE,6028,5988,6050,4772,143735960,43668,43992,6588,5724,6156,6006,0,5990,0,0,0,2017-04-13,32482000,6026,6,0,0,0,0,0,0,0,0,6028,17,0,0,0,0,0,0,0,0
166,2017-04-13,09:01:23,0,SM705,XZCE,6024,5988,6050,4788,144217880,43666,43992,6588,5724,6156,6006,0,5990,0,0,0,2017-04-13,32483000,6024,2,0,0,0,0,0,0,0,0,6028,18,0,0,0,0,0,0,0,0
167,2017-04-13,09:01:23,0,SM705,XZCE,6028,5988,6050,4800,144579560,43670,43992,6588,5724,6156,6006,0,5990,0,0,0,2017-04-13,32483000,6022,24,0,0,0,0,0,0,0,0,6028,17,0,0,0,0,0,0,0,0
168,2017-04-13,09:01:24,0,SM705,XZCE,6022,5988,6050,4806,144760220,43664,43992,6588,5724,6156,6006,0,5990,0,0,0,2017-04-13,32484000,6022,22,0,0,0,0,0,0,0,0,6028,16,0,0,0,0,0,0,0,0
169,2017-04-13,09:01:24,0,SM705,XZCE,6028,5988,6050,4844,145905540,43628,43992,6588,5724,6156,6006,0,5990,0,0,0,2017-04-13,32484000,6022,8,0,0,0,0,0,0,0,0,6028,13,0,0,0,0,0,0,0,0
170,2017-04-13,09:01:25,0,SM705,XZCE,6022,5988,6050,4846,145965760,43626,43992,6588,5724,6156,6006,0,5990,0,0,0,2017-04-13,32485000,6022,7,0,0,0,0,0,0,0,0,6026,1,0,0,0,0,0,0,0,0
171,2017-04-13,09:01:25,0,SM705,XZCE,6022,5988,6050,4850,146086200,43622,43992,6588,5724,6156,6006,0,5990,0,0,0,2017-04-13,32485000,6022,8,0,0,0,0,0,0,0,0,6026,11,0,0,0,0,0,0,0,0
172,2017-04-13,09:01:26,0,SM705,XZCE,6022,5988,6050,4850,146086200,43622,43992,6588,5724,6156,6006,0,5990,0,0,0,2017-04-13,32486000,6022,9,0,0,0,0,0,0,0,0,6026,11,0,0,0,0,0,0,0,0
173,2017-04-13,09:01:26,0,SM705,XZCE,6022,5988,6050,4854,146206640,43618,43992,6588,5724,6156,6006,0,5990,0,0,0,2017-04-13,32486000,6022,10,0,0,0,0,0,0,0,0,6026,11,0,0,0,0,0,0,0,0
174,2017-04-13,09:01:27,0,SM705,XZCE,6026,5988,6050,4858,146327160,43620,43992,6588,5724,6156,6006,0,5990,0,0,0,2017-04-13,32487000,6022,12,0,0,0,0,0,0,0,0,6026,10,0,0,0,0,0,0,0,0
175,2017-04-13,09:01:27,0,SM705,XZCE,6026,5988,6050,4860,146387420,43622,43992,6588,5724,6156,6006,0,5990,0,0,0,2017-04-13,32487000,6022,12,0,0,0,0,0,0,0,0,6026,9,0,0,0,0,0,0,0,0
176,2017-04-13,09:01:28,0,SM705,XZCE,6022,5988,6050,4886,147170280,43640,43992,6588,5724,6156,6006,0,5990,0,0,0,2017-04-13,32488000,6020,2,0,0,0,0,0,0,0,0,6022,39,0,0,0,0,0,0,0,0
177,2017-04-13,09:01:28,0,SM705,XZCE,6022,5988,6050,4890,147290720,43642,43992,6588,5724,6156,6006,0,5990,0,0,0,2017-04-13,32488000,6020,2,0,0,0,0,0,0,0,0,6022,37,0,0,0,0,0,0,0,0
178,2017-04-13,09:01:29,0,SM705,XZCE,6020,5988,6050,4896,147471320,43644,43992,6588,5724,6156,6006,0,5990,0,0,0,2017-04-13,32489000,6020,4,0,0,0,0,0,0,0,0,6022,36,0,0,0,0,0,0,0,0
179,2017-04-13,09:01:29,0,SM705,XZCE,6022,5988,6050,4936,148675720,43684,43992,6588,5724,6156,6006,0,5990,0,0,0,2017-04-13,32489000,6020,5,0,0,0,0,0,0,0,0,6022,22,0,0,0,0,0,0,0,0
180,2017-04-13,09:01:30,0,SM705,XZCE,6022,5988,6050,4936,148675720,43684,43992,6588,5724,6156,6006,0,5990,0,0,0,2017-04-13,32490000,6020,5,0,0,0,0,0,0,0,0,6022,27,0,0,0,0,0,0,0,0
181,2017-04-13,09:01:30,0,SM705,XZCE,6020,5988,6050,4956,149277720,43696,43992,6588,5724,6156,6006,0,5990,0,0,0,2017-04-13,32490000,6020,4,0,0,0,0,0,0,0,0,6022,25,0,0,0,0,0,0,0,0
182,2017-04-13,09:01:31,0,SM705,XZCE,6022,5988,6050,4962,149458380,43698,43992,6588,5724,6156,6006,0,5990,0,0,0,2017-04-13,32491000,6020,2,0,0,0,0,0,0,0,0,6022,24,0,0,0,0,0,0,0,0
183,2017-04-13,09:01:31,0,SM705,XZCE,6022,5988,6050,5004,150723000,43706,43992,6588,5724,6156,6006,0,5990,0,0,0,2017-04-13,32491000,6020,3,0,0,0,0,0,0,0,0,6022,3,0,0,0,0,0,0,0,0
184,2017-04-13,09:01:32,0,SM705,XZCE,6022,5988,6050,5016,151084320,43706,43992,6588,5724,6156,6006,0,5990,0,0,0,2017-04-13,32492000,6020,3,0,0,0,0,0,0,0,0,6022,1,0,0,0,0,0,0,0,0
185,2017-04-13,09:01:32,0,SM705,XZCE,6022,5988,6050,5024,151325200,43708,43992,6588,5724,6156,6006,0,5990,0,0,0,2017-04-13,32492000,6022,3,0,0,0,0,0,0,0,0,6024,10,0,0,0,0,0,0,0,0
186,2017-04-13,09:01:33,0,SM705,XZCE,6022,5988,6050,5030,151505860,43708,43992,6588,5724,6156,6006,0,5990,0,0,0,2017-04-13,32493000,6020,1,0,0,0,0,0,0,0,0,6022,2,0,0,0,0,0,0,0,0
187,2017-04-13,09:01:33,0,SM705,XZCE,6020,5988,6050,5058,152348660,43714,43992,6588,5724,6156,6006,0,5990,0,0,0,2017-04-13,32493000,6020,2,0,0,0,0,0,0,0,0,6024,10,0,0,0,0,0,0,0,0
188,2017-04-13,09:01:34,0,SM705,XZCE,6022,5988,6050,5060,152408880,43716,43992,6588,5724,6156,6006,0,5990,0,0,0,2017-04-13,32494000,6022,9,0,0,0,0,0,0,0,0,6024,10,0,0,0,0,0,0,0,0
189,2017-04-13,09:01:35,0,SM705,XZCE,6022,5988,6050,5062,152469100,43718,43992,6588,5724,6156,6006,0,5990,0,0,0,2017-04-13,32495000,6022,8,0,0,0,0,0,0,0,0,6024,10,0,0,0,0,0,0,0,0
190,2017-04-13,09:01:35,0,SM705,XZCE,6020,5988,6050,5080,153010900,43736,43992,6588,5724,6156,6006,0,5990,0,0,0,2017-04-13,32495000,6020,7,0,0,0,0,0,0,0,0,6022,2,0,0,0,0,0,0,0,0
191,2017-04-13,09:01:36,0,SM705,XZCE,6026,5988,6050,5112,153975060,43764,43992,6588,5724,6156,6006,0,5990,0,0,0,2017-04-13,32496000,6026,5,0,0,0,0,0,0,0,0,6028,7,0,0,0,0,0,0,0,0
192,2017-04-13,09:01:36,0,SM705,XZCE,6022,5988,6050,5130,154517040,43768,43992,6588,5724,6156,6006,0,5990,0,0,0,2017-04-13,32496000,6022,1,0,0,0,0,0,0,0,0,6026,5,0,0,0,0,0,0,0,0
193,2017-04-13,09:01:37,0,SM705,XZCE,6020,5988,6050,5134,154637440,43770,43992,6588,5724,6156,6006,0,5990,0,0,0,2017-04-13,32497000,6022,8,0,0,0,0,0,0,0,0,6026,5,0,0,0,0,0,0,0,0
194,2017-04-13,09:01:37,0,SM705,XZCE,6022,5988,6050,5138,154757880,43774,43992,6588,5724,6156,6006,0,5990,0,0,0,2017-04-13,32497000,6024,2,0,0,0,0,0,0,0,0,6026,6,0,0,0,0,0,0,0,0
195,2017-04-13,09:01:38,0,SM705,XZCE,6022,5988,6050,5142,154878320,43778,43992,6588,5724,6156,6006,0,5990,0,0,0,2017-04-13,32498000,6022,9,0,0,0,0,0,0,0,0,6026,16,0,0,0,0,0,0,0,0
196,2017-04-13,09:01:38,0,SM705,XZCE,6024,5988,6050,5146,154998800,43780,43992,6588,5724,6156,6006,0,5990,0,0,0,2017-04-13,32498000,6024,9,0,0,0,0,0,0,0,0,6026,15,0,0,0,0,0,0,0,0
197,2017-04-13,09:01:39,0,SM705,XZCE,6026,5988,6050,5162,155480880,43778,43992,6588,5724,6156,6006,0,5990,0,0,0,2017-04-13,32499000,6024,9,0,0,0,0,0,0,0,0,6026,7,0,0,0,0,0,0,0,0
198,2017-04-13,09:01:39,0,SM705,XZCE,6026,5988,6050,5176,155902700,43780,43992,6588,5724,6156,6006,0,5990,0,0,0,2017-04-13,32499000,6024,9,0,0,0,0,0,0,0,0,6028,9,0,0,0,0,0,0,0,0
199,2017-04-13,09:01:40,0,SM705,XZCE,6024,5988,6050,5194,156444860,43794,43992,6588,5724,6156,6006,0,5990,0,0,0,2017-04-13,32500000,6024,2,0,0,0,0,0,0,0,0,6028,9,0,0,0,0,0,0,0,0
200,2017-04-13,09:01:41,0,SM705,XZCE,6024,5988,6050,5194,156444860,43794,43992,6588,5724,6156,6006,0,5990,0,0,0,2017-04-13,32501000,6026,9,0,0,0,0,0,0,0,0,6028,9,0,0,0,0,0,0,0,0
201,2017-04-13,09:01:41,0,SM705,XZCE,6024,5988,6050,5194,156444860,43794,43992,6588,5724,6156,6006,0,5990,0,0,0,2017-04-13,32501000,6026,12,0,0,0,0,0,0,0,0,6028,9,0,0,0,0,0,0,0,0
202,2017-04-13,09:01:43,0,SM705,XZCE,6024,5988,6050,5236,157709900,43792,43992,6588,5724,6156,6006,0,5990,0,0,0,2017-04-13,32503000,6022,17,0,0,0,0,0,0,0,0,6028,9,0,0,0,0,0,0,0,0
203,2017-04-13,09:01:43,0,SM705,XZCE,6024,5988,6050,5236,157709900,43792,43992,6588,5724,6156,6006,0,5990,0,0,0,2017-04-13,32503000,6024,1,0,0,0,0,0,0,0,0,6028,9,0,0,0,0,0,0,0,0
204,2017-04-13,09:01:44,0,SM705,XZCE,6026,5988,6050,5240,157830420,43788,43992,6588,5724,6156,6006,0,5990,0,0,0,2017-04-13,32504000,6024,2,0,0,0,0,0,0,0,0,6026,6,0,0,0,0,0,0,0,0
205,2017-04-13,09:01:44,0,SM705,XZCE,6026,5988,6050,5242,157890680,43786,43992,6588,5724,6156,6006,0,5990,0,0,0,2017-04-13,32504000,6024,1,0,0,0,0,0,0,0,0,6026,5,0,0,0,0,0,0,0,0
206,2017-04-13,09:01:45,0,SM705,XZCE,6026,5988,6050,5242,157890680,43786,43992,6588,5724,6156,6006,0,5990,0,0,0,2017-04-13,32505000,6024,7,0,0,0,0,0,0,0,0,6026,8,0,0,0,0,0,0,0,0
207,2017-04-13,09:01:45,0,SM705,XZCE,6026,5988,6050,5260,158433020,43786,43992,6588,5724,6156,6006,0,5990,0,0,0,2017-04-13,32505000,6026,3,0,0,0,0,0,0,0,0,6028,9,0,0,0,0,0,0,0,0
208,2017-04-13,09:01:46,0,SM705,XZCE,6022,5988,6050,5304,159757860,43798,43992,6588,5724,6156,6006,0,5990,0,0,0,2017-04-13,32506000,6022,5,0,0,0,0,0,0,0,0,6024,91,0,0,0,0,0,0,0,0
209,2017-04-13,09:01:47,0,SM705,XZCE,6024,5988,6050,5358,161384340,43798,43992,6588,5724,6156,6006,0,5990,0,0,0,2017-04-13,32507000,6020,28,0,0,0,0,0,0,0,0,6024,69,0,0,0,0,0,0,0,0
210,2017-04-13,09:01:47,0,SM705,XZCE,6020,5988,6050,5368,161685340,43808,43992,6588,5724,6156,6006,0,5990,0,0,0,2017-04-13,32507000,6020,24,0,0,0,0,0,0,0,0,6022,18,0,0,0,0,0,0,0,0
211,2017-04-13,09:01:47,0,SM705,XZCE,6022,5988,6050,5370,161745560,43808,43992,6588,5724,6156,6006,0,5990,0,0,0,2017-04-13,32507000,6020,23,0,0,0,0,0,0,0,0,6022,20,0,0,0,0,0,0,0,0
212,2017-04-13,09:01:48,0,SM705,XZCE,6016,5988,6050,5434,163670680,43838,43992,6588,5724,6156,6006,0,5990,0,0,0,2017-04-13,32508000,6016,3,0,0,0,0,0,0,0,0,6022,12,0,0,0,0,0,0,0,0
213,2017-04-13,09:01:49,0,SM705,XZCE,6012,5988,6050,5506,165835000,43814,43992,6588,5724,6156,6006,0,5990,0,0,0,2017-04-13,32509000,6012,7,0,0,0,0,0,0,0,0,6020,2,0,0,0,0,0,0,0,0
214,2017-04-13,09:01:49,0,SM705,XZCE,6016,5988,6050,5508,165895160,43814,43992,6588,5724,6156,6006,0,5990,0,0,0,2017-04-13,32509000,6014,3,0,0,0,0,0,0,0,0,6018,3,0,0,0,0,0,0,0,0
215,2017-04-13,09:01:50,0,SM705,XZCE,6014,5988,6050,5520,166256000,43808,43992,6588,5724,6156,6006,0,5990,0,0,0,2017-04-13,32510000,6012,9,0,0,0,0,0,0,0,0,6016,11,0,0,0,0,0,0,0,0
216,2017-04-13,09:01:50,0,SM705,XZCE,6012,5988,6050,5524,166376240,43806,43992,6588,5724,6156,6006,0,5990,0,0,0,2017-04-13,32510000,6014,1,0,0,0,0,0,0,0,0,6016,10,0,0,0,0,0,0,0,0
217,2017-04-13,09:01:51,0,SM705,XZCE,6012,5988,6050,5548,167097680,43796,43992,6588,5724,6156,6006,0,5990,0,0,0,2017-04-13,32511000,6012,16,0,0,0,0,0,0,0,0,6016,6,0,0,0,0,0,0,0,0
218,2017-04-13,09:01:51,0,SM705,XZCE,6014,5988,6050,5574,167879500,43796,43992,6588,5724,6156,6006,0,5990,0,0,0,2017-04-13,32511000,6014,2,0,0,0,0,0,0,0,0,6016,1,0,0,0,0,0,0,0,0
219,2017-04-13,09:01:52,0,SM705,XZCE,6016,5988,6050,5588,168300620,43800,43992,6588,5724,6156,6006,0,5990,0,0,0,2017-04-13,32512000,6014,1,0,0,0,0,0,0,0,0,6018,7,0,0,0,0,0,0,0,0
220,2017-04-13,09:01:52,0,SM705,XZCE,6014,5988,6050,5636,169743980,43836,43992,6588,5724,6156,6006,0,5990,0,0,0,2017-04-13,32512000,6014,13,0,0,0,0,0,0,0,0,6018,6,0,0,0,0,0,0,0,0
221,2017-04-13,09:01:53,0,SM705,XZCE,6014,5988,6050,5660,170465660,43838,43992,6588,5724,6156,6006,0,5990,0,0,0,2017-04-13,32513000,6014,7,0,0,0,0,0,0,0,0,6018,4,0,0,0,0,0,0,0,0
222,2017-04-13,09:01:53,0,SM705,XZCE,6014,5988,6050,5672,170826500,43828,43992,6588,5724,6156,6006,0,5990,0,0,0,2017-04-13,32513000,6016,3,0,0,0,0,0,0,0,0,6022,11,0,0,0,0,0,0,0,0
223,2017-04-13,09:01:54,0,SM705,XZCE,6014,5988,6050,5674,170886640,43828,43992,6588,5724,6156,6006,0,5990,0,0,0,2017-04-13,32514000,6018,14,0,0,0,0,0,0,0,0,6022,10,0,0,0,0,0,0,0,0
224,2017-04-13,09:01:54,0,SM705,XZCE,6020,5988,6050,5676,170946840,43828,43992,6588,5724,6156,6006,0,5990,0,0,0,2017-04-13,32514000,6018,14,0,0,0,0,0,0,0,0,6020,9,0,0,0,0,0,0,0,0
225,2017-04-13,09:01:55,0,SM705,XZCE,6018,5988,6050,5706,171849540,43830,43992,6588,5724,6156,6006,0,5990,0,0,0,2017-04-13,32515000,6016,37,0,0,0,0,0,0,0,0,6018,15,0,0,0,0,0,0,0,0
226,2017-04-13,09:01:55,0,SM705,XZCE,6018,5988,6050,5708,171909720,43830,43992,6588,5724,6156,6006,0,5990,0,0,0,2017-04-13,32515000,6016,33,0,0,0,0,0,0,0,0,6018,14,0,0,0,0,0,0,0,0
227,2017-04-13,09:01:56,0,SM705,XZCE,6018,5988,6050,5712,172030080,43830,43992,6588,5724,6156,6006,0,5990,0,0,0,2017-04-13,32516000,6016,28,0,0,0,0,0,0,0,0,6018,12,0,0,0,0,0,0,0,0
228,2017-04-13,09:01:56,0,SM705,XZCE,6018,5988,6050,5720,172270800,43836,43992,6588,5724,6156,6006,0,5990,0,0,0,2017-04-13,32516000,6016,27,0,0,0,0,0,0,0,0,6018,9,0,0,0,0,0,0,0,0
229,2017-04-13,09:01:57,0,SM705,XZCE,6018,5988,6050,5720,172270800,43836,43992,6588,5724,6156,6006,0,5990,0,0,0,2017-04-13,32517000,6016,27,0,0,0,0,0,0,0,0,6018,10,0,0,0,0,0,0,0,0
230,2017-04-13,09:01:58,0,SM705,XZCE,6016,5988,6050,5722,172330960,43836,43992,6588,5724,6156,6006,0,5990,0,0,0,2017-04-13,32518000,6016,26,0,0,0,0,0,0,0,0,6018,10,0,0,0,0,0,0,0,0
231,2017-04-13,09:01:59,0,SM705,XZCE,6018,5988,6050,5724,172391140,43838,43992,6588,5724,6156,6006,0,5990,0,0,0,2017-04-13,32519000,6016,26,0,0,0,0,0,0,0,0,6018,12,0,0,0,0,0,0,0,0
232,2017-04-13,09:02:00,0,SM705,XZCE,6018,5988,6050,5726,172451320,43838,43992,6588,5724,6156,6006,0,5990,0,0,0,2017-04-13,32520000,6016,26,0,0,0,0,0,0,0,0,6018,11,0,0,0,0,0,0,0,0
233,2017-04-13,09:02:00,0,SM705,XZCE,6018,5988,6050,5752,173233660,43840,43992,6588,5724,6156,6006,0,5990,0,0,0,2017-04-13,32520000,6018,6,0,0,0,0,0,0,0,0,6020,14,0,0,0,0,0,0,0,0
234,2017-04-13,09:02:01,0,SM705,XZCE,6018,5988,6050,5754,173293840,43838,43992,6588,5724,6156,6006,0,5990,0,0,0,2017-04-13,32521000,6018,8,0,0,0,0,0,0,0,0,6020,13,0,0,0,0,0,0,0,0
235,2017-04-13,09:02:01,0,SM705,XZCE,6018,5988,6050,5754,173293840,43838,43992,6588,5724,6156,6006,0,5990,0,0,0,2017-04-13,32521000,6018,9,0,0,0,0,0,0,0,0,6020,13,0,0,0,0,0,0,0,0
236,2017-04-13,09:02:02,0,SM705,XZCE,6020,5988,6050,5780,174076440,43842,43992,6588,5724,6156,6006,0,5990,0,0,0,2017-04-13,32522000,6020,4,0,0,0,0,0,0,0,0,6022,12,0,0,0,0,0,0,0,0
237,2017-04-13,09:02:02,0,SM705,XZCE,6022,5988,6050,5800,174678640,43856,43992,6588,5724,6156,6006,0,5990,0,0,0,2017-04-13,32522000,6020,11,0,0,0,0,0,0,0,0,6022,3,0,0,0,0,0,0,0,0
238,2017-04-13,09:02:03,0,SM705,XZCE,6022,5988,6050,5804,174799080,43852,43992,6588,5724,6156,6006,0,5990,0,0,0,2017-04-13,32523000,6022,2,0,0,0,0,0,0,0,0,6024,2,0,0,0,0,0,0,0,0
239,2017-04-13,09:02:03,0,SM705,XZCE,6020,5988,6050,5826,175461280,43854,43992,6588,5724,6156,6006,0,5990,0,0,0,2017-04-13,32523000,6020,10,0,0,0,0,0,0,0,0,6024,7,0,0,0,0,0,0,0,0
240,2017-04-13,09:02:04,0,SM705,XZCE,6024,5988,6050,5836,175762480,43852,43992,6588,5724,6156,6006,0,5990,0,0,0,2017-04-13,32524000,6020,10,0,0,0,0,0,0,0,0,6026,8,0,0,0,0,0,0,0,0
241,2017-04-13,09:02:04,0,SM705,XZCE,6024,5988,6050,5836,175762480,43852,43992,6588,5724,6156,6006,0,5990,0,0,0,2017-04-13,32524000,6022,1,0,0,0,0,0,0,0,0,6026,13,0,0,0,0,0,0,0,0
242,2017-04-13,09:02:05,0,SM705,XZCE,6024,5988,6050,5836,175762480,43852,43992,6588,5724,6156,6006,0,5990,0,0,0,2017-04-13,32525000,6024,4,0,0,0,0,0,0,0,0,6026,13,0,0,0,0,0,0,0,0
243,2017-04-13,09:02:05,0,SM705,XZCE,6026,5988,6050,5850,176184300,43852,43992,6588,5724,6156,6006,0,5990,0,0,0,2017-04-13,32525000,6024,1,0,0,0,0,0,0,0,0,6026,6,0,0,0,0,0,0,0,0
244,2017-04-13,09:02:06,0,SM705,XZCE,6026,5988,6050,5854,176304820,43852,43992,6588,5724,6156,6006,0,5990,0,0,0,2017-04-13,32526000,6024,1,0,0,0,0,0,0,0,0,6026,6,0,0,0,0,0,0,0,0
245,2017-04-13,09:02:07,0,SM705,XZCE,6026,5988,6050,5860,176485600,43854,43992,6588,5724,6156,6006,0,5990,0,0,0,2017-04-13,32527000,6022,5,0,0,0,0,0,0,0,0,6026,5,0,0,0,0,0,0,0,0
246,2017-04-13,09:02:07,0,SM705,XZCE,6024,5988,6050,5862,176545840,43856,43992,6588,5724,6156,6006,0,5990,0,0,0,2017-04-13,32527000,6022,5,0,0,0,0,0,0,0,0,6026,5,0,0,0,0,0,0,0,0
247,2017-04-13,09:02:08,0,SM705,XZCE,6024,5988,6050,5862,176545840,43856,43992,6588,5724,6156,6006,0,5990,0,0,0,2017-04-13,32528000,6022,5,0,0,0,0,0,0,0,0,6026,6,0,0,0,0,0,0,0,0
248,2017-04-13,09:02:09,0,SM705,XZCE,6024,5988,6050,5866,176666320,43858,43992,6588,5724,6156,6006,0,5990,0,0,0,2017-04-13,32529000,6022,5,0,0,0,0,0,0,0,0,6026,6,0,0,0,0,0,0,0,0
249,2017-04-13,09:02:09,0,SM705,XZCE,6026,5988,6050,5886,177268920,43850,43992,6588,5724,6156,6006,0,5990,0,0,0,2017-04-13,32529000,6026,10,0,0,0,0,0,0,0,0,6028,4,0,0,0,0,0,0,0,0
250,2017-04-13,09:02:10,0,SM705,XZCE,6026,5988,6050,5886,177268920,43850,43992,6588,5724,6156,6006,0,5990,0,0,0,2017-04-13,32530000,6026,10,0,0,0,0,0,0,0,0,6028,5,0,0,0,0,0,0,0,0
251,2017-04-13,09:02:10,0,SM705,XZCE,6028,5988,6050,5892,177449760,43856,43992,6588,5724,6156,6006,0,5990,0,0,0,2017-04-13,32530000,6026,10,0,0,0,0,0,0,0,0,6028,2,0,0,0,0,0,0,0,0
252,2017-04-13,09:02:11,0,SM705,XZCE,6026,5988,6050,5894,177510020,43854,43992,6588,5724,6156,6006,0,5990,0,0,0,2017-04-13,32531000,6026,9,0,0,0,0,0,0,0,0,6028,2,0,0,0,0,0,0,0,0
253,2017-04-13,09:02:11,0,SM705,XZCE,6026,5988,6050,5896,177570280,43854,43992,6588,5724,6156,6006,0,5990,0,0,0,2017-04-13,32531000,6026,19,0,0,0,0,0,0,0,0,6028,1,0,0,0,0,0,0,0,0
254,2017-04-13,09:02:12,0,SM705,XZCE,6030,5988,6050,5906,177871780,43860,43992,6588,5724,6156,6006,0,5990,0,0,0,2017-04-13,32532000,6028,5,0,0,0,0,0,0,0,0,6030,12,0,0,0,0,0,0,0,0
255,2017-04-13,09:02:12,0,SM705,XZCE,6028,5988,6050,5908,177932060,43862,43992,6588,5724,6156,6006,0,5990,0,0,0,2017-04-13,32532000,6028,4,0,0,0,0,0,0,0,0,6030,11,0,0,0,0,0,0,0,0
256,2017-04-13,09:02:13,0,SM705,XZCE,6028,5988,6050,5924,178414300,43860,43992,6588,5724,6156,6006,0,5990,0,0,0,2017-04-13,32533000,6028,1,0,0,0,0,0,0,0,0,6030,13,0,0,0,0,0,0,0,0
257,2017-04-13,09:02:13,0,SM705,XZCE,6028,5988,6050,5938,178836260,43858,43992,6588,5724,6156,6006,0,5990,0,0,0,2017-04-13,32533000,6026,18,0,0,0,0,0,0,0,0,6028,2,0,0,0,0,0,0,0,0
258,2017-04-13,09:02:14,0,SM705,XZCE,6026,5988,6050,5942,178956780,43858,43992,6588,5724,6156,6006,0,5990,0,0,0,2017-04-13,32534000,6026,16,0,0,0,0,0,0,0,0,6028,6,0,0,0,0,0,0,0,0
259,2017-04-13,09:02:15,0,SM705,XZCE,6028,5988,6050,5974,179921260,43856,43992,6588,5724,6156,6006,0,5990,0,0,0,2017-04-13,32535000,6028,4,0,0,0,0,0,0,0,0,6030,9,0,0,0,0,0,0,0,0
260,2017-04-13,09:02:15,0,SM705,XZCE,6028,5988,6050,5982,180162380,43856,43992,6588,5724,6156,6006,0,5990,0,0,0,2017-04-13,32535000,6026,5,0,0,0,0,0,0,0,0,6030,10,0,0,0,0,0,0,0,0
261,2017-04-13,09:02:16,0,SM705,XZCE,6028,5988,6050,5982,180162380,43856,43992,6588,5724,6156,6006,0,5990,0,0,0,2017-04-13,32536000,6026,5,0,0,0,0,0,0,0,0,6030,8,0,0,0,0,0,0,0,0
262,2017-04-13,09:02:17,0,SM705,XZCE,6028,5988,6050,5982,180162380,43856,43992,6588,5724,6156,6006,0,5990,0,0,0,2017-04-13,32537000,6026,5,0,0,0,0,0,0,0,0,6030,10,0,0,0,0,0,0,0,0
263,2017-04-13,09:02:18,0,SM705,XZCE,6030,5988,6050,5984,180222680,43856,43992,6588,5724,6156,6006,0,5990,0,0,0,2017-04-13,32538000,6026,5,0,0,0,0,0,0,0,0,6030,10,0,0,0,0,0,0,0,0
264,2017-04-13,09:02:18,0,SM705,XZCE,6030,5988,6050,5984,180222680,43856,43992,6588,5724,6156,6006,0,5990,0,0,0,2017-04-13,32538000,6026,5,0,0,0,0,0,0,0,0,6030,11,0,0,0,0,0,0,0,0
265,2017-04-13,09:02:19,0,SM705,XZCE,6030,5988,6050,5984,180222680,43856,43992,6588,5724,6156,6006,0,5990,0,0,0,2017-04-13,32539000,6026,5,0,0,0,0,0,0,0,0,6028,1,0,0,0,0,0,0,0,0
266,2017-04-13,09:02:19,0,SM705,XZCE,6030,5988,6050,5986,180282980,43856,43992,6588,5724,6156,6006,0,5990,0,0,0,2017-04-13,32539000,6026,13,0,0,0,0,0,0,0,0,6030,11,0,0,0,0,0,0,0,0
267,2017-04-13,09:02:20,0,SM705,XZCE,6030,5988,6050,5986,180282980,43856,43992,6588,5724,6156,6006,0,5990,0,0,0,2017-04-13,32540000,6026,13,0,0,0,0,0,0,0,0,6030,32,0,0,0,0,0,0,0,0
268,2017-04-13,09:02:20,0,SM705,XZCE,6030,5988,6050,5986,180282980,43856,43992,6588,5724,6156,6006,0,5990,0,0,0,2017-04-13,32540000,6026,13,0,0,0,0,0,0,0,0,6030,30,0,0,0,0,0,0,0,0
269,2017-04-13,09:02:21,0,SM705,XZCE,6030,5988,6050,5992,180463880,43852,43992,6588,5724,6156,6006,0,5990,0,0,0,2017-04-13,32541000,6026,13,0,0,0,0,0,0,0,0,6030,27,0,0,0,0,0,0,0,0
270,2017-04-13,09:02:21,0,SM705,XZCE,6028,5988,6050,5994,180524160,43850,43992,6588,5724,6156,6006,0,5990,0,0,0,2017-04-13,32541000,6028,1,0,0,0,0,0,0,0,0,6030,37,0,0,0,0,0,0,0,0
271,2017-04-13,09:02:21,0,SM705,XZCE,6030,5988,6050,5996,180584460,43848,43992,6588,5724,6156,6006,0,5990,0,0,0,2017-04-13,32541000,6028,1,0,0,0,0,0,0,0,0,6030,38,0,0,0,0,0,0,0,0
272,2017-04-13,09:02:22,0,SM705,XZCE,6028,5988,6050,6008,180946140,43844,43992,6588,5724,6156,6006,0,5990,0,0,0,2017-04-13,32542000,6028,2,0,0,0,0,0,0,0,0,6030,36,0,0,0,0,0,0,0,0
273,2017-04-13,09:02:23,0,SM705,XZCE,6028,5988,6050,6024,181428380,43834,43992,6588,5724,6156,6006,0,5990,0,0,0,2017-04-13,32543000,6028,4,0,0,0,0,0,0,0,0,6030,39,0,0,0,0,0,0,0,0
274,2017-04-13,09:02:24,0,SM705,XZCE,6028,5988,6050,6032,181669500,43830,43992,6588,5724,6156,6006,0,5990,0,0,0,2017-04-13,32544000,6026,22,0,0,0,0,0,0,0,0,6028,6,0,0,0,0,0,0,0,0
275,2017-04-13,09:02:25,0,SM705,XZCE,6028,5988,6050,6032,181669500,43830,43992,6588,5724,6156,6006,0,5990,0,0,0,2017-04-13,32545000,6026,22,0,0,0,0,0,0,0,0,6028,7,0,0,0,0,0,0,0,0
276,2017-04-13,09:02:25,0,SM705,XZCE,6028,5988,6050,6078,183055940,43846,43992,6588,5724,6156,6006,0,5990,0,0,0,2017-04-13,32545000,6026,14,0,0,0,0,0,0,0,0,6028,9,0,0,0,0,0,0,0,0
277,2017-04-13,09:02:26,0,SM705,XZCE,6028,5988,6050,6080,183116220,43844,43992,6588,5724,6156,6006,0,5990,0,0,0,2017-04-13,32546000,6026,14,0,0,0,0,0,0,0,0,6028,8,0,0,0,0,0,0,0,0
278,2017-04-13,09:02:26,0,SM705,XZCE,6028,5988,6050,6080,183116220,43844,43992,6588,5724,6156,6006,0,5990,0,0,0,2017-04-13,32546000,6026,14,0,0,0,0,0,0,0,0,6028,14,0,0,0,0,0,0,0,0
279,2017-04-13,09:02:27,0,SM705,XZCE,6026,5988,6050,6098,183658560,43844,43992,6588,5724,6156,6006,0,5990,0,0,0,2017-04-13,32547000,6026,5,0,0,0,0,0,0,0,0,6028,13,0,0,0,0,0,0,0,0
280,2017-04-13,09:02:27,0,SM705,XZCE,6026,5988,6050,6110,184020120,43836,43992,6588,5724,6156,6006,0,5990,0,0,0,2017-04-13,32547000,6024,6,0,0,0,0,0,0,0,0,6026,2,0,0,0,0,0,0,0,0
281,2017-04-13,09:02:28,0,SM705,XZCE,6026,5988,6050,6110,184020120,43836,43992,6588,5724,6156,6006,0,5990,0,0,0,2017-04-13,32548000,6024,6,0,0,0,0,0,0,0,0,6026,4,0,0,0,0,0,0,0,0
282,2017-04-13,09:02:28,0,SM705,XZCE,6026,5988,6050,6114,184140640,43836,43992,6588,5724,6156,6006,0,5990,0,0,0,2017-04-13,32548000,6024,5,0,0,0,0,0,0,0,0,6026,6,0,0,0,0,0,0,0,0
283,2017-04-13,09:02:29,0,SM705,XZCE,6024,5988,6050,6126,184502080,43836,43992,6588,5724,6156,6006,0,5990,0,0,0,2017-04-13,32549000,6022,3,0,0,0,0,0,0,0,0,6026,5,0,0,0,0,0,0,0,0
284,2017-04-13,09:02:29,0,SM705,XZCE,6024,5988,6050,6126,184502080,43836,43992,6588,5724,6156,6006,0,5990,0,0,0,2017-04-13,32549000,6024,10,0,0,0,0,0,0,0,0,6026,5,0,0,0,0,0,0,0,0
285,2017-04-13,09:02:30,0,SM705,XZCE,6024,5988,6050,6128,184562320,43838,43992,6588,5724,6156,6006,0,5990,0,0,0,2017-04-13,32550000,6024,9,0,0,0,0,0,0,0,0,6026,5,0,0,0,0,0,0,0,0
286,2017-04-13,09:02:31,0,SM705,XZCE,6022,5988,6050,6150,185224740,43854,43992,6588,5724,6156,6006,0,5990,0,0,0,2017-04-13,32551000,6022,3,0,0,0,0,0,0,0,0,6024,41,0,0,0,0,0,0,0,0
287,2017-04-13,09:02:32,0,SM705,XZCE,6022,5988,6050,6150,185224740,43854,43992,6588,5724,6156,6006,0,5990,0,0,0,2017-04-13,32552000,6022,1,0,0,0,0,0,0,0,0,6024,41,0,0,0,0,0,0,0,0
288,2017-04-13,09:02:32,0,SM705,XZCE,6022,5988,6050,6156,185405400,43850,43992,6588,5724,6156,6006,0,5990,0,0,0,2017-04-13,32552000,6022,7,0,0,0,0,0,0,0,0,6024,43,0,0,0,0,0,0,0,0
289,2017-04-13,09:02:32,0,SM705,XZCE,6022,5988,6050,6156,185405400,43850,43992,6588,5724,6156,6006,0,5990,0,0,0,2017-04-13,32552000,6022,7,0,0,0,0,0,0,0,0,6024,46,0,0,0,0,0,0,0,0
290,2017-04-13,09:02:33,0,SM705,XZCE,6022,5988,6050,6172,185887160,43838,43992,6588,5724,6156,6006,0,5990,0,0,0,2017-04-13,32553000,6020,17,0,0,0,0,0,0,0,0,6022,34,0,0,0,0,0,0,0,0
291,2017-04-13,09:02:34,0,SM705,XZCE,6020,5988,6050,6200,186729960,43844,43992,6588,5724,6156,6006,0,5990,0,0,0,2017-04-13,32554000,6020,3,0,0,0,0,0,0,0,0,6022,34,0,0,0,0,0,0,0,0
292,2017-04-13,09:02:35,0,SM705,XZCE,6020,5988,6050,6206,186910560,43850,43992,6588,5724,6156,6006,0,5990,0,0,0,2017-04-13,32555000,6018,10,0,0,0,0,0,0,0,0,6020,5,0,0,0,0,0,0,0,0
293,2017-04-13,09:02:35,0,SM705,XZCE,6018,5988,6050,6212,187091100,43850,43992,6588,5724,6156,6006,0,5990,0,0,0,2017-04-13,32555000,6018,8,0,0,0,0,0,0,0,0,6020,4,0,0,0,0,0,0,0,0
294,2017-04-13,09:02:36,0,SM705,XZCE,6018,5988,6050,6218,187271640,43852,43992,6588,5724,6156,6006,0,5990,0,0,0,2017-04-13,32556000,6018,6,0,0,0,0,0,0,0,0,6020,3,0,0,0,0,0,0,0,0
295,2017-04-13,09:02:36,0,SM705,XZCE,6018,5988,6050,6218,187271640,43852,43992,6588,5724,6156,6006,0,5990,0,0,0,2017-04-13,32556000,6018,6,0,0,0,0,0,0,0,0,6020,9,0,0,0,0,0,0,0,0
296,2017-04-13,09:02:37,0,SM705,XZCE,6018,5988,6050,6222,187392000,43852,43992,6588,5724,6156,6006,0,5990,0,0,0,2017-04-13,32557000,6018,12,0,0,0,0,0,0,0,0,6020,9,0,0,0,0,0,0,0,0
297,2017-04-13,09:02:37,0,SM705,XZCE,6020,5988,6050,6226,187512400,43852,43992,6588,5724,6156,6006,0,5990,0,0,0,2017-04-13,32557000,6018,21,0,0,0,0,0,0,0,0,6020,6,0,0,0,0,0,0,0,0
298,2017-04-13,09:02:38,0,SM705,XZCE,6020,5988,6050,6256,188415400,43848,43992,6588,5724,6156,6006,0,5990,0,0,0,2017-04-13,32558000,6018,8,0,0,0,0,0,0,0,0,6020,11,0,0,0,0,0,0,0,0
299,2017-04-13,09:02:38,0,SM705,XZCE,6018,5988,6050,6260,188535760,43844,43992,6588,5724,6156,6006,0,5990,0,0,0,2017-04-13,32558000,6018,6,0,0,0,0,0,0,0,0,6020,9,0,0,0,0,0,0,0,0
300,2017-04-13,09:02:39,0,SM705,XZCE,6020,5988,6050,6274,188957160,43838,43992,6588,5724,6156,6006,0,5990,0,0,0,2017-04-13,32559000,6016,29,0,0,0,0,0,0,0,0,6020,8,0,0,0,0,0,0,0,0
301,2017-04-13,09:02:39,0,SM705,XZCE,6018,5988,6050,6282,189197880,43834,43992,6588,5724,6156,6006,0,5990,0,0,0,2017-04-13,32559000,6018,1,0,0,0,0,0,0,0,0,6020,9,0,0,0,0,0,0,0,0
302,2017-04-13,09:02:40,0,SM705,XZCE,6018,5988,6050,6282,189197880,43834,43992,6588,5724,6156,6006,0,5990,0,0,0,2017-04-13,32560000,6018,2,0,0,0,0,0,0,0,0,6020,9,0,0,0,0,0,0,0,0
303,2017-04-13,09:02:40,0,SM705,XZCE,6018,5988,6050,6294,189558960,43822,43992,6588,5724,6156,6006,0,5990,0,0,0,2017-04-13,32560000,6018,6,0,0,0,0,0,0,0,0,6020,9,0,0,0,0,0,0,0,0
304,2017-04-13,09:02:41,0,SM705,XZCE,6020,5988,6050,6296,189619160,43822,43992,6588,5724,6156,6006,0,5990,0,0,0,2017-04-13,32561000,6018,15,0,0,0,0,0,0,0,0,6020,8,0,0,0,0,0,0,0,0
305,2017-04-13,09:02:41,0,SM705,XZCE,6020,5988,6050,6296,189619160,43822,43992,6588,5724,6156,6006,0,5990,0,0,0,2017-04-13,32561000,6018,15,0,0,0,0,0,0,0,0,6020,2,0,0,0,0,0,0,0,0
306,2017-04-13,09:02:42,0,SM705,XZCE,6020,5988,6050,6304,189859960,43830,43992,6588,5724,6156,6006,0,5990,0,0,0,2017-04-13,32562000,6020,3,0,0,0,0,0,0,0,0,6022,34,0,0,0,0,0,0,0,0
307,2017-04-13,09:02:42,0,SM705,XZCE,6020,5988,6050,6324,190461960,43842,43992,6588,5724,6156,6006,0,5990,0,0,0,2017-04-13,32562000,6020,3,0,0,0,0,0,0,0,0,6022,34,0,0,0,0,0,0,0,0
308,2017-04-13,09:02:43,0,SM705,XZCE,6020,5988,6050,6324,190461960,43842,43992,6588,5724,6156,6006,0,5990,0,0,0,2017-04-13,32563000,6020,3,0,0,0,0,0,0,0,0,6022,35,0,0,0,0,0,0,0,0
309,2017-04-13,09:02:43,0,SM705,XZCE,6020,5988,6050,6324,190461960,43842,43992,6588,5724,6156,6006,0,5990,0,0,0,2017-04-13,32563000,6020,6,0,0,0,0,0,0,0,0,6022,35,0,0,0,0,0,0,0,0
310,2017-04-13,09:02:44,0,SM705,XZCE,6022,5988,6050,6328,190582400,43842,43992,6588,5724,6156,6006,0,5990,0,0,0,2017-04-13,32564000,6020,7,0,0,0,0,0,0,0,0,6022,34,0,0,0,0,0,0,0,0
311,2017-04-13,09:02:44,0,SM705,XZCE,6020,5988,6050,6332,190702800,43846,43992,6588,5724,6156,6006,0,5990,0,0,0,2017-04-13,32564000,6020,5,0,0,0,0,0,0,0,0,6022,34,0,0,0,0,0,0,0,0
312,2017-04-13,09:02:45,0,SM705,XZCE,6020,5988,6050,6332,190702800,43846,43992,6588,5724,6156,6006,0,5990,0,0,0,2017-04-13,32565000,6020,11,0,0,0,0,0,0,0,0,6022,35,0,0,0,0,0,0,0,0
313,2017-04-13,09:02:46,0,SM705,XZCE,6020,5988,6050,6332,190702800,43846,43992,6588,5724,6156,6006,0,5990,0,0,0,2017-04-13,32566000,6020,12,0,0,0,0,0,0,0,0,6022,35,0,0,0,0,0,0,0,0
314,2017-04-13,09:02:46,0,SM705,XZCE,6022,5988,6050,6368,191786760,43832,43992,6588,5724,6156,6006,0,5990,0,0,0,2017-04-13,32566000,6020,12,0,0,0,0,0,0,0,0,6022,17,0,0,0,0,0,0,0,0
315,2017-04-13,09:02:47,0,SM705,XZCE,6024,5988,6050,6438,193895160,43870,43992,6588,5724,6156,6006,0,5990,0,0,0,2017-04-13,32567000,6022,16,0,0,0,0,0,0,0,0,6024,24,0,0,0,0,0,0,0,0
316,2017-04-13,09:02:47,0,SM705,XZCE,6024,5988,6050,6486,195340920,43910,43992,6588,5724,6156,6006,0,5990,0,0,0,2017-04-13,32567000,6024,12,0,0,0,0,0,0,0,0,6026,3,0,0,0,0,0,0,0,0
317,2017-04-13,09:02:48,0,SM705,XZCE,6024,5988,6050,6486,195340920,43910,43992,6588,5724,6156,6006,0,5990,0,0,0,2017-04-13,32568000,6024,4,0,0,0,0,0,0,0,0,6026,3,0,0,0,0,0,0,0,0
318,2017-04-13,09:02:48,0,SM705,XZCE,6024,5988,6050,6488,195401160,43912,43992,6588,5724,6156,6006,0,5990,0,0,0,2017-04-13,32568000,6024,3,0,0,0,0,0,0,0,0,6026,2,0,0,0,0,0,0,0,0
319,2017-04-13,09:02:50,0,SM705,XZCE,6026,5988,6050,6492,195521680,43916,43992,6588,5724,6156,6006,0,5990,0,0,0,2017-04-13,32570000,6026,3,0,0,0,0,0,0,0,0,6028,5,0,0,0,0,0,0,0,0
320,2017-04-13,09:02:50,0,SM705,XZCE,6024,5988,6050,6504,195883120,43916,43992,6588,5724,6156,6006,0,5990,0,0,0,2017-04-13,32570000,6024,2,0,0,0,0,0,0,0,0,6028,4,0,0,0,0,0,0,0,0
321,2017-04-13,09:02:51,0,SM705,XZCE,6024,5988,6050,6506,195943360,43918,43992,6588,5724,6156,6006,0,5990,0,0,0,2017-04-13,32571000,6024,1,0,0,0,0,0,0,0,0,6028,3,0,0,0,0,0,0,0,0
322,2017-04-13,09:02:51,0,SM705,XZCE,6024,5988,6050,6510,196063840,43916,43992,6588,5724,6156,6006,0,5990,0,0,0,2017-04-13,32571000,6022,46,0,0,0,0,0,0,0,0,6028,3,0,0,0,0,0,0,0,0
323,2017-04-13,09:02:52,0,SM705,XZCE,6024,5988,6050,6510,196063840,43916,43992,6588,5724,6156,6006,0,5990,0,0,0,2017-04-13,32572000,6022,46,0,0,0,0,0,0,0,0,6026,10,0,0,0,0,0,0,0,0
324,2017-04-13,09:02:53,0,SM705,XZCE,6024,5988,6050,6510,196063840,43916,43992,6588,5724,6156,6006,0,5990,0,0,0,2017-04-13,32573000,6022,38,0,0,0,0,0,0,0,0,6026,10,0,0,0,0,0,0,0,0
325,2017-04-13,09:02:53,0,SM705,XZCE,6026,5988,6050,6512,196124100,43918,43992,6588,5724,6156,6006,0,5990,0,0,0,2017-04-13,32573000,6024,4,0,0,0,0,0,0,0,0,6026,9,0,0,0,0,0,0,0,0
326,2017-04-13,09:02:55,0,SM705,XZCE,6024,5988,6050,6514,196184340,43916,43992,6588,5724,6156,6006,0,5990,0,0,0,2017-04-13,32575000,6024,3,0,0,0,0,0,0,0,0,6026,9,0,0,0,0,0,0,0,0
327,2017-04-13,09:02:56,0,SM705,XZCE,6026,5988,6050,6518,196304860,43920,43992,6588,5724,6156,6006,0,5990,0,0,0,2017-04-13,32576000,6024,4,0,0,0,0,0,0,0,0,6026,7,0,0,0,0,0,0,0,0
328,2017-04-13,09:02:57,0,SM705,XZCE,6026,5988,6050,6520,196365120,43922,43992,6588,5724,6156,6006,0,5990,0,0,0,2017-04-13,32577000,6024,4,0,0,0,0,0,0,0,0,6026,6,0,0,0,0,0,0,0,0
329,2017-04-13,09:02:58,0,SM705,XZCE,6024,5988,6050,6524,196485600,43922,43992,6588,5724,6156,6006,0,5990,0,0,0,2017-04-13,32578000,6024,2,0,0,0,0,0,0,0,0,6026,6,0,0,0,0,0,0,0,0
330,2017-04-13,09:02:59,0,SM705,XZCE,6024,5988,6050,6528,196606080,43918,43992,6588,5724,6156,6006,0,5990,0,0,0,2017-04-13,32579000,6022,39,0,0,0,0,0,0,0,0,6024,6,0,0,0,0,0,0,0,0
331,2017-04-13,09:02:59,0,SM705,XZCE,6024,5988,6050,6532,196726560,43918,43992,6588,5724,6156,6006,0,5990,0,0,0,2017-04-13,32579000,6022,39,0,0,0,0,0,0,0,0,6024,4,0,0,0,0,0,0,0,0
332,2017-04-13,09:03:00,0,SM705,XZCE,6024,5988,6050,6538,196907280,43916,43992,6588,5724,6156,6006,0,5990,0,0,0,2017-04-13,32580000,6022,39,0,0,0,0,0,0,0,0,6024,1,0,0,0,0,0,0,0,0
333,2017-04-13,09:03:00,0,SM705,XZCE,6028,5988,6050,6558,197510080,43912,43992,6588,5724,6156,6006,0,5990,0,0,0,2017-04-13,32580000,6024,1,0,0,0,0,0,0,0,0,6028,13,0,0,0,0,0,0,0,0
334,2017-04-13,09:03:01,0,SM705,XZCE,6028,5988,6050,6562,197630640,43910,43992,6588,5724,6156,6006,0,5990,0,0,0,2017-04-13,32581000,6024,6,0,0,0,0,0,0,0,0,6028,11,0,0,0,0,0,0,0,0
335,2017-04-13,09:03:01,0,SM705,XZCE,6028,5988,6050,6562,197630640,43910,43992,6588,5724,6156,6006,0,5990,0,0,0,2017-04-13,32581000,6024,6,0,0,0,0,0,0,0,0,6028,12,0,0,0,0,0,0,0,0
336,2017-04-13,09:03:02,0,SM705,XZCE,6028,5988,6050,6564,197690920,43908,43992,6588,5724,6156,6006,0,5990,0,0,0,2017-04-13,32582000,6024,6,0,0,0,0,0,0,0,0,6028,12,0,0,0,0,0,0,0,0
337,2017-04-13,09:03:02,0,SM705,XZCE,6028,5988,6050,6564,197690920,43908,43992,6588,5724,6156,6006,0,5990,0,0,0,2017-04-13,32582000,6024,7,0,0,0,0,0,0,0,0,6028,13,0,0,0,0,0,0,0,0
338,2017-04-13,09:03:03,0,SM705,XZCE,6028,5988,6050,6564,197690920,43908,43992,6588,5724,6156,6006,0,5990,0,0,0,2017-04-13,32583000,6024,7,0,0,0,0,0,0,0,0,6028,14,0,0,0,0,0,0,0,0
339,2017-04-13,09:03:03,0,SM705,XZCE,6028,5988,6050,6564,197690920,43908,43992,6588,5724,6156,6006,0,5990,0,0,0,2017-04-13,32583000,6024,7,0,0,0,0,0,0,0,0,6026,1,0,0,0,0,0,0,0,0
340,2017-04-13,09:03:04,0,SM705,XZCE,6028,5988,6050,6570,197871760,43912,43992,6588,5724,6156,6006,0,5990,0,0,0,2017-04-13,32584000,6024,10,0,0,0,0,0,0,0,0,6026,1,0,0,0,0,0,0,0,0
341,2017-04-13,09:03:04,0,SM705,XZCE,6024,5988,6050,6614,199197040,43918,43992,6588,5724,6156,6006,0,5990,0,0,0,2017-04-13,32584000,6024,8,0,0,0,0,0,0,0,0,6028,3,0,0,0,0,0,0,0,0
342,2017-04-13,09:03:05,0,SM705,XZCE,6024,5988,6050,6616,199257280,43918,43992,6588,5724,6156,6006,0,5990,0,0,0,2017-04-13,32585000,6026,6,0,0,0,0,0,0,0,0,6028,4,0,0,0,0,0,0,0,0
343,2017-04-13,09:03:05,0,SM705,XZCE,6026,5988,6050,6628,199618840,43918,43992,6588,5724,6156,6006,0,5990,0,0,0,2017-04-13,32585000,6024,7,0,0,0,0,0,0,0,0,6028,5,0,0,0,0,0,0,0,0
344,2017-04-13,09:03:06,0,SM705,XZCE,6026,5988,6050,6628,199618840,43918,43992,6588,5724,6156,6006,0,5990,0,0,0,2017-04-13,32586000,6024,7,0,0,0,0,0,0,0,0,6028,7,0,0,0,0,0,0,0,0
345,2017-04-13,09:03:06,0,SM705,XZCE,6026,5988,6050,6628,199618840,43918,43992,6588,5724,6156,6006,0,5990,0,0,0,2017-04-13,32586000,6024,17,0,0,0,0,0,0,0,0,6026,1,0,0,0,0,0,0,0,0
346,2017-04-13,09:03:08,0,SM705,XZCE,6026,5988,6050,6628,199618840,43918,43992,6588,5724,6156,6006,0,5990,0,0,0,2017-04-13,32588000,6024,17,0,0,0,0,0,0,0,0,6026,3,0,0,0,0,0,0,0,0
347,2017-04-13,09:03:08,0,SM705,XZCE,6026,5988,6050,6630,199679100,43920,43992,6588,5724,6156,6006,0,5990,0,0,0,2017-04-13,32588000,6024,17,0,0,0,0,0,0,0,0,6026,3,0,0,0,0,0,0,0,0
348,2017-04-13,09:03:09,0,SM705,XZCE,6026,5988,6050,6630,199679100,43920,43992,6588,5724,6156,6006,0,5990,0,0,0,2017-04-13,32589000,6024,17,0,0,0,0,0,0,0,0,6026,4,0,0,0,0,0,0,0,0
349,2017-04-13,09:03:09,0,SM705,XZCE,6026,5988,6050,6630,199679100,43920,43992,6588,5724,6156,6006,0,5990,0,0,0,2017-04-13,32589000,6024,17,0,0,0,0,0,0,0,0,6026,5,0,0,0,0,0,0,0,0
350,2017-04-13,09:03:10,0,SM705,XZCE,6026,5988,6050,6630,199679100,43920,43992,6588,5724,6156,6006,0,5990,0,0,0,2017-04-13,32590000,6024,17,0,0,0,0,0,0,0,0,6026,6,0,0,0,0,0,0,0,0
351,2017-04-13,09:03:10,0,SM705,XZCE,6024,5988,6050,6632,199739340,43920,43992,6588,5724,6156,6006,0,5990,0,0,0,2017-04-13,32590000,6024,16,0,0,0,0,0,0,0,0,6026,7,0,0,0,0,0,0,0,0
352,2017-04-13,09:03:11,0,SM705,XZCE,6024,5988,6050,6636,199859820,43924,43992,6588,5724,6156,6006,0,5990,0,0,0,2017-04-13,32591000,6024,14,0,0,0,0,0,0,0,0,6026,8,0,0,0,0,0,0,0,0
353,2017-04-13,09:03:11,0,SM705,XZCE,6024,5988,6050,6638,199920060,43926,43992,6588,5724,6156,6006,0,5990,0,0,0,2017-04-13,32591000,6024,13,0,0,0,0,0,0,0,0,6026,9,0,0,0,0,0,0,0,0
354,2017-04-13,09:03:12,0,SM705,XZCE,6024,5988,6050,6638,199920060,43926,43992,6588,5724,6156,6006,0,5990,0,0,0,2017-04-13,32592000,6024,13,0,0,0,0,0,0,0,0,6026,10,0,0,0,0,0,0,0,0
355,2017-04-13,09:03:12,0,SM705,XZCE,6026,5988,6050,6642,200040580,43926,43992,6588,5724,6156,6006,0,5990,0,0,0,2017-04-13,32592000,6024,13,0,0,0,0,0,0,0,0,6026,9,0,0,0,0,0,0,0,0
356,2017-04-13,09:03:13,0,SM705,XZCE,6026,5988,6050,6642,200040580,43926,43992,6588,5724,6156,6006,0,5990,0,0,0,2017-04-13,32593000,6024,13,0,0,0,0,0,0,0,0,6026,10,0,0,0,0,0,0,0,0
357,2017-04-13,09:03:13,0,SM705,XZCE,6024,5988,6050,6680,201185140,43948,43992,6588,5724,6156,6006,0,5990,0,0,0,2017-04-13,32593000,6022,2,0,0,0,0,0,0,0,0,6024,3,0,0,0,0,0,0,0,0
358,2017-04-13,09:03:14,0,SM705,XZCE,6022,5988,6050,6692,201546460,43944,43992,6588,5724,6156,6006,0,5990,0,0,0,2017-04-13,32594000,6022,1,0,0,0,0,0,0,0,0,6024,5,0,0,0,0,0,0,0,0
359,2017-04-13,09:03:14,0,SM705,XZCE,6022,5988,6050,6692,201546460,43944,43992,6588,5724,6156,6006,0,5990,0,0,0,2017-04-13,32594000,6020,16,0,0,0,0,0,0,0,0,6022,9,0,0,0,0,0,0,0,0
360,2017-04-13,09:03:15,0,SM705,XZCE,6022,5988,6050,6694,201606680,43944,43992,6588,5724,6156,6006,0,5990,0,0,0,2017-04-13,32595000,6020,16,0,0,0,0,0,0,0,0,6022,10,0,0,0,0,0,0,0,0
361,2017-04-13,09:03:15,0,SM705,XZCE,6022,5988,6050,6694,201606680,43944,43992,6588,5724,6156,6006,0,5990,0,0,0,2017-04-13,32595000,6020,16,0,0,0,0,0,0,0,0,6022,13,0,0,0,0,0,0,0,0
362,2017-04-13,09:03:16,0,SM705,XZCE,6022,5988,6050,6694,201606680,43944,43992,6588,5724,6156,6006,0,5990,0,0,0,2017-04-13,32596000,6020,16,0,0,0,0,0,0,0,0,6022,7,0,0,0,0,0,0,0,0
363,2017-04-13,09:03:16,0,SM705,XZCE,6020,5988,6050,6726,202569880,43974,43992,6588,5724,6156,6006,0,5990,0,0,0,2017-04-13,32596000,6018,13,0,0,0,0,0,0,0,0,6022,10,0,0,0,0,0,0,0,0
364,2017-04-13,09:03:17,0,SM705,XZCE,6020,5988,6050,6726,202569880,43974,43992,6588,5724,6156,6006,0,5990,0,0,0,2017-04-13,32597000,6018,13,0,0,0,0,0,0,0,0,6020,6,0,0,0,0,0,0,0,0
365,2017-04-13,09:03:17,0,SM705,XZCE,6018,5988,6050,6738,202930960,43974,43992,6588,5724,6156,6006,0,5990,0,0,0,2017-04-13,32597000,6018,7,0,0,0,0,0,0,0,0,6020,8,0,0,0,0,0,0,0,0
366,2017-04-13,09:03:18,0,SM705,XZCE,6018,5988,6050,6752,203352220,43974,43992,6588,5724,6156,6006,0,5990,0,0,0,2017-04-13,32598000,6016,43,0,0,0,0,0,0,0,0,6018,4,0,0,0,0,0,0,0,0
367,2017-04-13,09:03:18,0,SM705,XZCE,6018,5988,6050,6754,203412400,43974,43992,6588,5724,6156,6006,0,5990,0,0,0,2017-04-13,32598000,6016,43,0,0,0,0,0,0,0,0,6018,4,0,0,0,0,0,0,0,0
368,2017-04-13,09:03:19,0,SM705,XZCE,6018,5988,6050,6756,203472580,43974,43992,6588,5724,6156,6006,0,5990,0,0,0,2017-04-13,32599000,6016,43,0,0,0,0,0,0,0,0,6018,5,0,0,0,0,0,0,0,0
369,2017-04-13,09:03:19,0,SM705,XZCE,6018,5988,6050,6766,203773480,43970,43992,6588,5724,6156,6006,0,5990,0,0,0,2017-04-13,32599000,6018,6,0,0,0,0,0,0,0,0,6020,8,0,0,0,0,0,0,0,0
370,2017-04-13,09:03:20,0,SM705,XZCE,6018,5988,6050,6766,203773480,43970,43992,6588,5724,6156,6006,0,5990,0,0,0,2017-04-13,32600000,6018,6,0,0,0,0,0,0,0,0,6020,20,0,0,0,0,0,0,0,0
371,2017-04-13,09:03:20,0,SM705,XZCE,6018,5988,6050,6766,203773480,43970,43992,6588,5724,6156,6006,0,5990,0,0,0,2017-04-13,32600000,6018,6,0,0,0,0,0,0,0,0,6020,22,0,0,0,0,0,0,0,0
372,2017-04-13,09:03:21,0,SM705,XZCE,6018,5988,6050,6768,203833660,43970,43992,6588,5724,6156,6006,0,5990,0,0,0,2017-04-13,32601000,6018,5,0,0,0,0,0,0,0,0,6020,23,0,0,0,0,0,0,0,0
373,2017-04-13,09:03:21,0,SM705,XZCE,6020,5988,6050,6770,203893860,43972,43992,6588,5724,6156,6006,0,5990,0,0,0,2017-04-13,32601000,6018,17,0,0,0,0,0,0,0,0,6020,22,0,0,0,0,0,0,0,0
374,2017-04-13,09:03:22,0,SM705,XZCE,6020,5988,6050,6770,203893860,43972,43992,6588,5724,6156,6006,0,5990,0,0,0,2017-04-13,32602000,6018,21,0,0,0,0,0,0,0,0,6020,22,0,0,0,0,0,0,0,0
375,2017-04-13,09:03:22,0,SM705,XZCE,6018,5988,6050,6774,204014220,43974,43992,6588,5724,6156,6006,0,5990,0,0,0,2017-04-13,32602000,6018,20,0,0,0,0,0,0,0,0,6020,21,0,0,0,0,0,0,0,0
376,2017-04-13,09:03:23,0,SM705,XZCE,6018,5988,6050,6796,204676200,43960,43992,6588,5724,6156,6006,0,5990,0,0,0,2017-04-13,32603000,6018,9,0,0,0,0,0,0,0,0,6020,21,0,0,0,0,0,0,0,0
377,2017-04-13,09:03:23,0,SM705,XZCE,6018,5988,6050,6798,204736380,43960,43992,6588,5724,6156,6006,0,5990,0,0,0,2017-04-13,32603000,6018,8,0,0,0,0,0,0,0,0,6020,21,0,0,0,0,0,0,0,0
378,2017-04-13,09:03:24,0,SM705,XZCE,6018,5988,6050,6812,205157640,43960,43992,6588,5724,6156,6006,0,5990,0,0,0,2017-04-13,32604000,6018,6,0,0,0,0,0,0,0,0,6020,16,0,0,0,0,0,0,0,0
379,2017-04-13,09:03:25,0,SM705,XZCE,6018,5988,6050,6812,205157640,43960,43992,6588,5724,6156,6006,0,5990,0,0,0,2017-04-13,32605000,6018,7,0,0,0,0,0,0,0,0,6020,16,0,0,0,0,0,0,0,0
380,2017-04-13,09:03:26,0,SM705,XZCE,6020,5988,6050,6822,205458640,43968,43992,6588,5724,6156,6006,0,5990,0,0,0,2017-04-13,32606000,6018,10,0,0,0,0,0,0,0,0,6020,11,0,0,0,0,0,0,0,0
381,2017-04-13,09:03:26,0,SM705,XZCE,6020,5988,6050,6834,205819840,43968,43992,6588,5724,6156,6006,0,5990,0,0,0,2017-04-13,32606000,6018,10,0,0,0,0,0,0,0,0,6020,5,0,0,0,0,0,0,0,0
382,2017-04-13,09:03:27,0,SM705,XZCE,6020,5988,6050,6844,206120840,43960,43992,6588,5724,6156,6006,0,5990,0,0,0,2017-04-13,32607000,6020,7,0,0,0,0,0,0,0,0,6022,3,0,0,0,0,0,0,0,0
383,2017-04-13,09:03:27,0,SM705,XZCE,6020,5988,6050,6844,206120840,43960,43992,6588,5724,6156,6006,0,5990,0,0,0,2017-04-13,32607000,6020,9,0,0,0,0,0,0,0,0,6022,1,0,0,0,0,0,0,0,0
384,2017-04-13,09:03:28,0,SM705,XZCE,6020,5988,6050,6856,206482040,43960,43992,6588,5724,6156,6006,0,5990,0,0,0,2017-04-13,32608000,6020,10,0,0,0,0,0,0,0,0,6026,2,0,0,0,0,0,0,0,0
385,2017-04-13,09:03:28,0,SM705,XZCE,6020,5988,6050,6856,206482040,43960,43992,6588,5724,6156,6006,0,5990,0,0,0,2017-04-13,32608000,6020,10,0,0,0,0,0,0,0,0,6024,1,0,0,0,0,0,0,0,0
386,2017-04-13,09:03:29,0,SM705,XZCE,6020,5988,6050,6858,206542240,43960,43992,6588,5724,6156,6006,0,5990,0,0,0,2017-04-13,32609000,6022,5,0,0,0,0,0,0,0,0,6024,2,0,0,0,0,0,0,0,0
387,2017-04-13,09:03:29,0,SM705,XZCE,6020,5988,6050,6858,206542240,43960,43992,6588,5724,6156,6006,0,5990,0,0,0,2017-04-13,32609000,6022,4,0,0,0,0,0,0,0,0,6024,2,0,0,0,0,0,0,0,0
388,2017-04-13,09:03:31,0,SM705,XZCE,6024,5988,6050,6860,206602480,43958,43992,6588,5724,6156,6006,0,5990,0,0,0,2017-04-13,32611000,6022,4,0,0,0,0,0,0,0,0,6024,6,0,0,0,0,0,0,0,0
389,2017-04-13,09:03:32,0,SM705,XZCE,6022,5988,6050,6868,206843360,43958,43992,6588,5724,6156,6006,0,5990,0,0,0,2017-04-13,32612000,6020,5,0,0,0,0,0,0,0,0,6022,4,0,0,0,0,0,0,0,0
390,2017-04-13,09:03:33,0,SM705,XZCE,6022,5988,6050,6868,206843360,43958,43992,6588,5724,6156,6006,0,5990,0,0,0,2017-04-13,32613000,6020,5,0,0,0,0,0,0,0,0,6022,6,0,0,0,0,0,0,0,0
391,2017-04-13,09:03:33,0,SM705,XZCE,6020,5988,6050,6872,206963760,43956,43992,6588,5724,6156,6006,0,5990,0,0,0,2017-04-13,32613000,6020,8,0,0,0,0,0,0,0,0,6022,6,0,0,0,0,0,0,0,0
392,2017-04-13,09:03:34,0,SM705,XZCE,6020,5988,6050,6872,206963760,43956,43992,6588,5724,6156,6006,0,5990,0,0,0,2017-04-13,32614000,6020,8,0,0,0,0,0,0,0,0,6022,7,0,0,0,0,0,0,0,0
393,2017-04-13,09:03:35,0,SM705,XZCE,6020,5988,6050,6874,207023960,43958,43992,6588,5724,6156,6006,0,5990,0,0,0,2017-04-13,32615000,6020,6,0,0,0,0,0,0,0,0,6022,7,0,0,0,0,0,0,0,0
394,2017-04-13,09:03:35,0,SM705,XZCE,6020,5988,6050,6886,207385160,43968,43992,6588,5724,6156,6006,0,5990,0,0,0,2017-04-13,32615000,6018,11,0,0,0,0,0,0,0,0,6020,1,0,0,0,0,0,0,0,0
395,2017-04-13,09:03:36,0,SM705,XZCE,6020,5988,6050,6886,207385160,43968,43992,6588,5724,6156,6006,0,5990,0,0,0,2017-04-13,32616000,6018,11,0,0,0,0,0,0,0,0,6020,21,0,0,0,0,0,0,0,0
396,2017-04-13,09:03:36,0,SM705,XZCE,6018,5988,6050,6910,208107320,43954,43992,6588,5724,6156,6006,0,5990,0,0,0,2017-04-13,32616000,6016,42,0,0,0,0,0,0,0,0,6018,2,0,0,0,0,0,0,0,0
397,2017-04-13,09:03:37,0,SM705,XZCE,6016,5988,6050,6934,208829240,43964,43992,6588,5724,6156,6006,0,5990,0,0,0,2017-04-13,32617000,6016,30,0,0,0,0,0,0,0,0,6020,20,0,0,0,0,0,0,0,0
398,2017-04-13,09:03:37,0,SM705,XZCE,6016,5988,6050,6964,209731640,43960,43992,6588,5724,6156,6006,0,5990,0,0,0,2017-04-13,32617000,6016,21,0,0,0,0,0,0,0,0,6020,20,0,0,0,0,0,0,0,0
399,2017-04-13,09:03:38,0,SM705,XZCE,6016,5988,6050,6968,209851960,43960,43992,6588,5724,6156,6006,0,5990,0,0,0,2017-04-13,32618000,6016,19,0,0,0,0,0,0,0,0,6018,2,0,0,0,0,0,0,0,0
400,2017-04-13,09:03:38,0,SM705,XZCE,6016,5988,6050,6978,210152760,43960,43992,6588,5724,6156,6006,0,5990,0,0,0,2017-04-13,32618000,6016,14,0,0,0,0,0,0,0,0,6018,3,0,0,0,0,0,0,0,0
401,2017-04-13,09:03:39,0,SM705,XZCE,6016,5988,6050,7006,210995000,43964,43992,6588,5724,6156,6006,0,5990,0,0,0,2017-04-13,32619000,6014,20,0,0,0,0,0,0,0,0,6016,26,0,0,0,0,0,0,0,0
402,2017-04-13,09:03:39,0,SM705,XZCE,6012,5988,6050,7048,212257520,43994,43992,6588,5724,6156,6006,0,5990,0,0,0,2017-04-13,32619000,6012,9,0,0,0,0,0,0,0,0,6016,37,0,0,0,0,0,0,0,0
403,2017-04-13,09:03:40,0,SM705,XZCE,6012,5988,6050,7062,212678360,43990,43992,6588,5724,6156,6006,0,5990,0,0,0,2017-04-13,32620000,6012,2,0,0,0,0,0,0,0,0,6014,4,0,0,0,0,0,0,0,0
404,2017-04-13,09:03:40,0,SM705,XZCE,6012,5988,6050,7068,212858720,43990,43992,6588,5724,6156,6006,0,5990,0,0,0,2017-04-13,32620000,6010,5,0,0,0,0,0,0,0,0,6012,2,0,0,0,0,0,0,0,0
405,2017-04-13,09:03:41,0,SM705,XZCE,6006,5988,6050,7110,214119980,43984,43992,6588,5724,6156,6006,0,5990,0,0,0,2017-04-13,32621000,6002,17,0,0,0,0,0,0,0,0,6010,7,0,0,0,0,0,0,0,0
406,2017-04-13,09:03:41,0,SM705,XZCE,6000,5988,6050,7206,216999980,43990,43992,6588,5724,6156,6006,0,5990,0,0,0,2017-04-13,32621000,6000,15,0,0,0,0,0,0,0,0,6002,9,0,0,0,0,0,0,0,0
407,2017-04-13,09:03:42,0,SM705,XZCE,6000,5988,6050,7324,220539980,43982,43992,6588,5724,6156,6006,0,5990,0,0,0,2017-04-13,32622000,6000,4,0,0,0,0,0,0,0,0,6002,1,0,0,0,0,0,0,0,0
408,2017-04-13,09:03:42,0,SM705,XZCE,6002,5988,6050,7330,220720040,43984,43992,6588,5724,6156,6006,0,5990,0,0,0,2017-04-13,32622000,6002,10,0,0,0,0,0,0,0,0,6004,1,0,0,0,0,0,0,0,0
409,2017-04-13,09:03:43,0,SM705,XZCE,6002,5988,6050,7336,220900100,43982,43992,6588,5724,6156,6006,0,5990,0,0,0,2017-04-13,32623000,6002,8,0,0,0,0,0,0,0,0,6006,3,0,0,0,0,0,0,0,0
410,2017-04-13,09:03:43,0,SM705,XZCE,6002,5988,6050,7344,221140180,43976,43992,6588,5724,6156,6006,0,5990,0,0,0,2017-04-13,32623000,6004,6,0,0,0,0,0,0,0,0,6006,3,0,0,0,0,0,0,0,0
411,2017-04-13,09:03:44,0,SM705,XZCE,6004,5988,6050,7346,221200220,43976,43992,6588,5724,6156,6006,0,5990,0,0,0,2017-04-13,32624000,6004,5,0,0,0,0,0,0,0,0,6006,3,0,0,0,0,0,0,0,0
412,2017-04-13,09:03:44,0,SM705,XZCE,6006,5988,6050,7356,221500520,43972,43992,6588,5724,6156,6006,0,5990,0,0,0,2017-04-13,32624000,6006,2,0,0,0,0,0,0,0,0,6008,5,0,0,0,0,0,0,0,0
413,2017-04-13,09:03:45,0,SM705,XZCE,6006,5988,6050,7362,221680700,43970,43992,6588,5724,6156,6006,0,5990,0,0,0,2017-04-13,32625000,6004,3,0,0,0,0,0,0,0,0,6008,6,0,0,0,0,0,0,0,0
414,2017-04-13,09:03:45,0,SM705,XZCE,6004,5988,6050,7368,221860820,43970,43992,6588,5724,6156,6006,0,5990,0,0,0,2017-04-13,32625000,6002,8,0,0,0,0,0,0,0,0,6006,6,0,0,0,0,0,0,0,0
415,2017-04-13,09:03:46,0,SM705,XZCE,6002,5988,6050,7404,222941180,43952,43992,6588,5724,6156,6006,0,5990,0,0,0,2017-04-13,32626000,6000,3,0,0,0,0,0,0,0,0,6002,3,0,0,0,0,0,0,0,0
416,2017-04-13,09:03:46,0,SM705,XZCE,6002,5988,6050,7406,223001200,43952,43992,6588,5724,6156,6006,0,5990,0,0,0,2017-04-13,32626000,6000,3,0,0,0,0,0,0,0,0,6002,2,0,0,0,0,0,0,0,0
417,2017-04-13,09:03:47,0,SM705,XZCE,6004,5988,6050,7442,224081920,43976,43992,6588,5724,6156,6006,0,5990,0,0,0,2017-04-13,32627000,5998,13,0,0,0,0,0,0,0,0,6000,19,0,0,0,0,0,0,0,0
418,2017-04-13,09:03:47,0,SM705,XZCE,5998,5988,6050,7446,224201880,43980,43992,6588,5724,6156,6006,0,5990,0,0,0,2017-04-13,32627000,5998,12,0,0,0,0,0,0,0,0,6000,18,0,0,0,0,0,0,0,0
419,2017-04-13,09:03:48,0,SM705,XZCE,5998,5988,6050,7448,224261860,43982,43992,6588,5724,6156,6006,0,5990,0,0,0,2017-04-13,32628000,5998,11,0,0,0,0,0,0,0,0,6000,18,0,0,0,0,0,0,0,0
420,2017-04-13,09:03:48,0,SM705,XZCE,6000,5988,6050,7462,224681860,43988,43992,6588,5724,6156,6006,0,5990,0,0,0,2017-04-13,32628000,5998,11,0,0,0,0,0,0,0,0,6000,11,0,0,0,0,0,0,0,0
421,2017-04-13,09:03:49,0,SM705,XZCE,6004,5988,6050,7488,225462380,43994,43992,6588,5724,6156,6006,0,5990,0,0,0,2017-04-13,32629000,5998,11,0,0,0,0,0,0,0,0,6004,32,0,0,0,0,0,0,0,0
422,2017-04-13,09:03:49,0,SM705,XZCE,5998,5988,6050,7492,225582340,43998,43992,6588,5724,6156,6006,0,5990,0,0,0,2017-04-13,32629000,5998,9,0,0,0,0,0,0,0,0,6000,1,0,0,0,0,0,0,0,0
423,2017-04-13,09:03:50,0,SM705,XZCE,5998,5988,6050,7498,225762280,44004,43992,6588,5724,6156,6006,0,5990,0,0,0,2017-04-13,32630000,6000,1,0,0,0,0,0,0,0,0,6004,33,0,0,0,0,0,0,0,0
424,2017-04-13,09:03:50,0,SM705,XZCE,5996,5988,6050,7630,229719640,44032,43992,6588,5724,6156,6006,0,5990,0,0,0,2017-04-13,32630000,5996,13,0,0,0,0,0,0,0,0,6004,21,0,0,0,0,0,0,0,0
425,2017-04-13,09:03:51,0,SM705,XZCE,5998,5988,6050,7662,230679320,44050,43992,6588,5724,6156,6006,0,5990,0,0,0,2017-04-13,32631000,5998,41,0,0,0,0,0,0,0,0,6002,4,0,0,0,0,0,0,0,0
426,2017-04-13,09:03:51,0,SM705,XZCE,5998,5988,6050,7662,230679320,44050,43992,6588,5724,6156,6006,0,5990,0,0,0,2017-04-13,32631000,6000,1,0,0,0,0,0,0,0,0,6002,4,0,0,0,0,0,0,0,0
427,2017-04-13,09:03:52,0,SM705,XZCE,6000,5988,6050,7676,231099320,44044,43992,6588,5724,6156,6006,0,5990,0,0,0,2017-04-13,32632000,6000,3,0,0,0,0,0,0,0,0,6004,20,0,0,0,0,0,0,0,0
428,2017-04-13,09:03:52,0,SM705,XZCE,6000,5988,6050,7718,232359320,44038,43992,6588,5724,6156,6006,0,5990,0,0,0,2017-04-13,32632000,5998,47,0,0,0,0,0,0,0,0,6000,5,0,0,0,0,0,0,0,0
429,2017-04-13,09:03:53,0,SM705,XZCE,6002,5988,6050,7734,232839480,44040,43992,6588,5724,6156,6006,0,5990,0,0,0,2017-04-13,32633000,6002,5,0,0,0,0,0,0,0,0,6004,19,0,0,0,0,0,0,0,0
430,2017-04-13,09:03:53,0,SM705,XZCE,6004,5988,6050,7740,233019600,44040,43992,6588,5724,6156,6006,0,5990,0,0,0,2017-04-13,32633000,6002,5,0,0,0,0,0,0,0,0,6004,16,0,0,0,0,0,0,0,0
431,2017-04-13,09:03:54,0,SM705,XZCE,6002,5988,6050,7820,235420400,44056,43992,6588,5724,6156,6006,0,5990,0,0,0,2017-04-13,32634000,6002,6,0,0,0,0,0,0,0,0,6008,4,0,0,0,0,0,0,0,0
432,2017-04-13,09:03:54,0,SM705,XZCE,6006,5988,6050,7838,235960940,44054,43992,6588,5724,6156,6006,0,5990,0,0,0,2017-04-13,32634000,6004,2,0,0,0,0,0,0,0,0,6006,1,0,0,0,0,0,0,0,0
433,2017-04-13,09:03:55,0,SM705,XZCE,6006,5988,6050,7838,235960940,44054,43992,6588,5724,6156,6006,0,5990,0,0,0,2017-04-13,32635000,6004,3,0,0,0,0,0,0,0,0,6008,9,0,0,0,0,0,0,0,0
434,2017-04-13,09:03:55,0,SM705,XZCE,6008,5988,6050,7842,236081100,44054,43992,6588,5724,6156,6006,0,5990,0,0,0,2017-04-13,32635000,6004,3,0,0,0,0,0,0,0,0,6008,1,0,0,0,0,0,0,0,0
435,2017-04-13,09:03:56,0,SM705,XZCE,6008,5988,6050,7846,236201260,44054,43992,6588,5724,6156,6006,0,5990,0,0,0,2017-04-13,32636000,6004,3,0,0,0,0,0,0,0,0,6010,6,0,0,0,0,0,0,0,0
436,2017-04-13,09:03:56,0,SM705,XZCE,6004,5988,6050,7860,236621540,44052,43992,6588,5724,6156,6006,0,5990,0,0,0,2017-04-13,32636000,6002,7,0,0,0,0,0,0,0,0,6008,2,0,0,0,0,0,0,0,0
437,2017-04-13,09:03:57,0,SM705,XZCE,6008,5988,6050,7866,236801780,44052,43992,6588,5724,6156,6006,0,5990,0,0,0,2017-04-13,32637000,6004,6,0,0,0,0,0,0,0,0,6008,2,0,0,0,0,0,0,0,0
438,2017-04-13,09:03:57,0,SM705,XZCE,6004,5988,6050,7870,236921860,44052,43992,6588,5724,6156,6006,0,5990,0,0,0,2017-04-13,32637000,6004,14,0,0,0,0,0,0,0,0,6006,12,0,0,0,0,0,0,0,0
439,2017-04-13,09:03:58,0,SM705,XZCE,6004,5988,6050,7878,237162020,44050,43992,6588,5724,6156,6006,0,5990,0,0,0,2017-04-13,32638000,6004,10,0,0,0,0,0,0,0,0,6006,12,0,0,0,0,0,0,0,0
440,2017-04-13,09:03:58,0,SM705,XZCE,6006,5988,6050,7884,237342200,44050,43992,6588,5724,6156,6006,0,5990,0,0,0,2017-04-13,32638000,6004,10,0,0,0,0,0,0,0,0,6006,9,0,0,0,0,0,0,0,0
441,2017-04-13,09:03:59,0,SM705,XZCE,6004,5988,6050,7886,237402240,44052,43992,6588,5724,6156,6006,0,5990,0,0,0,2017-04-13,32639000,6004,9,0,0,0,0,0,0,0,0,6006,9,0,0,0,0,0,0,0,0
442,2017-04-13,09:04:00,0,SM705,XZCE,6004,5988,6050,7914,238242800,44048,43992,6588,5724,6156,6006,0,5990,0,0,0,2017-04-13,32640000,6004,1,0,0,0,0,0,0,0,0,6006,5,0,0,0,0,0,0,0,0
443,2017-04-13,09:04:00,0,SM705,XZCE,6006,5988,6050,7920,238422980,44048,43992,6588,5724,6156,6006,0,5990,0,0,0,2017-04-13,32640000,6002,26,0,0,0,0,0,0,0,0,6006,3,0,0,0,0,0,0,0,0
444,2017-04-13,09:04:01,0,SM705,XZCE,6006,5988,6050,7920,238422980,44048,43992,6588,5724,6156,6006,0,5990,0,0,0,2017-04-13,32641000,6002,26,0,0,0,0,0,0,0,0,6006,4,0,0,0,0,0,0,0,0
445,2017-04-13,09:04:01,0,SM705,XZCE,6004,5988,6050,7924,238543060,44052,43992,6588,5724,6156,6006,0,5990,0,0,0,2017-04-13,32641000,6004,7,0,0,0,0,0,0,0,0,6006,4,0,0,0,0,0,0,0,0
446,2017-04-13,09:04:02,0,SM705,XZCE,6004,5988,6050,7924,238543060,44052,43992,6588,5724,6156,6006,0,5990,0,0,0,2017-04-13,32642000,6004,7,0,0,0,0,0,0,0,0,6006,5,0,0,0,0,0,0,0,0
447,2017-04-13,09:04:03,0,SM705,XZCE,6006,5988,6050,7940,239023540,44062,43992,6588,5724,6156,6006,0,5990,0,0,0,2017-04-13,32643000,6002,26,0,0,0,0,0,0,0,0,6006,5,0,0,0,0,0,0,0,0
448,2017-04-13,09:04:04,0,SM705,XZCE,6006,5988,6050,7940,239023540,44062,43992,6588,5724,6156,6006,0,5990,0,0,0,2017-04-13,32644000,6002,26,0,0,0,0,0,0,0,0,6004,9,0,0,0,0,0,0,0,0
449,2017-04-13,09:04:04,0,SM705,XZCE,6002,5988,6050,7958,239563720,44080,43992,6588,5724,6156,6006,0,5990,0,0,0,2017-04-13,32644000,6002,19,0,0,0,0,0,0,0,0,6004,8,0,0,0,0,0,0,0,0
450,2017-04-13,09:04:05,0,SM705,XZCE,6002,5988,6050,7958,239563720,44080,43992,6588,5724,6156,6006,0,5990,0,0,0,2017-04-13,32645000,6002,19,0,0,0,0,0,0,0,0,6004,9,0,0,0,0,0,0,0,0
451,2017-04-13,09:04:05,0,SM705,XZCE,6002,5988,6050,7962,239683760,44082,43992,6588,5724,6156,6006,0,5990,0,0,0,2017-04-13,32645000,6002,18,0,0,0,0,0,0,0,0,6004,9,0,0,0,0,0,0,0,0
452,2017-04-13,09:04:06,0,SM705,XZCE,6002,5988,6050,7962,239683760,44082,43992,6588,5724,6156,6006,0,5990,0,0,0,2017-04-13,32646000,6002,20,0,0,0,0,0,0,0,0,6004,9,0,0,0,0,0,0,0,0
453,2017-04-13,09:04:06,0,SM705,XZCE,6002,5988,6050,7962,239683760,44082,43992,6588,5724,6156,6006,0,5990,0,0,0,2017-04-13,32646000,6002,22,0,0,0,0,0,0,0,0,6004,9,0,0,0,0,0,0,0,0
454,2017-04-13,09:04:07,0,SM705,XZCE,6004,5988,6050,8030,241725120,44024,43992,6588,5724,6156,6006,0,5990,0,0,0,2017-04-13,32647000,6002,2,0,0,0,0,0,0,0,0,6004,1,0,0,0,0,0,0,0,0
455,2017-04-13,09:04:07,0,SM705,XZCE,6002,5988,6050,8036,241905180,44026,43992,6588,5724,6156,6006,0,5990,0,0,0,2017-04-13,32647000,6000,12,0,0,0,0,0,0,0,0,6002,3,0,0,0,0,0,0,0,0
456,2017-04-13,09:04:08,0,SM705,XZCE,6000,5988,6050,8072,242985180,44050,43992,6588,5724,6156,6006,0,5990,0,0,0,2017-04-13,32648000,5998,46,0,0,0,0,0,0,0,0,6000,18,0,0,0,0,0,0,0,0
457,2017-04-13,09:04:08,0,SM705,XZCE,6000,5988,6050,8104,243945180,44064,43992,6588,5724,6156,6006,0,5990,0,0,0,2017-04-13,32648000,5998,40,0,0,0,0,0,0,0,0,6000,10,0,0,0,0,0,0,0,0
458,2017-04-13,09:04:09,0,SM705,XZCE,5998,5988,6050,8150,245324720,44068,43992,6588,5724,6156,6006,0,5990,0,0,0,2017-04-13,32649000,5998,27,0,0,0,0,0,0,0,0,6000,1,0,0,0,0,0,0,0,0
459,2017-04-13,09:04:09,0,SM705,XZCE,5998,5988,6050,8150,245324720,44068,43992,6588,5724,6156,6006,0,5990,0,0,0,2017-04-13,32649000,5998,27,0,0,0,0,0,0,0,0,6000,2,0,0,0,0,0,0,0,0
460,2017-04-13,09:04:10,0,SM705,XZCE,5998,5988,6050,8156,245504660,44068,43992,6588,5724,6156,6006,0,5990,0,0,0,2017-04-13,32650000,5998,24,0,0,0,0,0,0,0,0,6000,6,0,0,0,0,0,0,0,0
461,2017-04-13,09:04:10,0,SM705,XZCE,5998,5988,6050,8156,245504660,44068,43992,6588,5724,6156,6006,0,5990,0,0,0,2017-04-13,32650000,5998,34,0,0,0,0,0,0,0,0,6000,6,0,0,0,0,0,0,0,0
462,2017-04-13,09:04:11,0,SM705,XZCE,6000,5988,6050,8168,245864660,44062,43992,6588,5724,6156,6006,0,5990,0,0,0,2017-04-13,32651000,5998,30,0,0,0,0,0,0,0,0,6000,10,0,0,0,0,0,0,0,0
463,2017-04-13,09:04:11,0,SM705,XZCE,6000,5988,6050,8172,245984660,44060,43992,6588,5724,6156,6006,0,5990,0,0,0,2017-04-13,32651000,5998,31,0,0,0,0,0,0,0,0,6000,10,0,0,0,0,0,0,0,0
464,2017-04-13,09:04:12,0,SM705,XZCE,5998,5988,6050,8176,246104620,44058,43992,6588,5724,6156,6006,0,5990,0,0,0,2017-04-13,32652000,5998,30,0,0,0,0,0,0,0,0,6000,9,0,0,0,0,0,0,0,0
465,2017-04-13,09:04:12,0,SM705,XZCE,5998,5988,6050,8184,246344540,44054,43992,6588,5724,6156,6006,0,5990,0,0,0,2017-04-13,32652000,5998,28,0,0,0,0,0,0,0,0,6000,8,0,0,0,0,0,0,0,0
466,2017-04-13,09:04:13,0,SM705,XZCE,5998,5988,6050,8226,247604120,44054,43992,6588,5724,6156,6006,0,5990,0,0,0,2017-04-13,32653000,5998,8,0,0,0,0,0,0,0,0,6000,1,0,0,0,0,0,0,0,0
467,2017-04-13,09:04:13,0,SM705,XZCE,5998,5988,6050,8244,248143940,44060,43992,6588,5724,6156,6006,0,5990,0,0,0,2017-04-13,32653000,6000,7,0,0,0,0,0,0,0,0,6002,3,0,0,0,0,0,0,0,0
468,2017-04-13,09:04:14,0,SM705,XZCE,6000,5988,6050,8268,248863940,44080,43992,6588,5724,6156,6006,0,5990,0,0,0,2017-04-13,32654000,5996,16,0,0,0,0,0,0,0,0,6000,10,0,0,0,0,0,0,0,0
469,2017-04-13,09:04:14,0,SM705,XZCE,6000,5988,6050,8288,249463940,44080,43992,6588,5724,6156,6006,0,5990,0,0,0,2017-04-13,32654000,5996,16,0,0,0,0,0,0,0,0,5998,1,0,0,0,0,0,0,0,0
470,2017-04-13,09:04:15,0,SM705,XZCE,6000,5988,6050,8288,249463940,44080,43992,6588,5724,6156,6006,0,5990,0,0,0,2017-04-13,32655000,5996,16,0,0,0,0,0,0,0,0,5998,9,0,0,0,0,0,0,0,0
471,2017-04-13,09:04:15,0,SM705,XZCE,6000,5988,6050,8290,249523940,44080,43992,6588,5724,6156,6006,0,5990,0,0,0,2017-04-13,32655000,5996,17,0,0,0,0,0,0,0,0,5998,14,0,0,0,0,0,0,0,0
472,2017-04-13,09:04:16,0,SM705,XZCE,5996,5988,6050,8306,250003620,44084,43992,6588,5724,6156,6006,0,5990,0,0,0,2017-04-13,32656000,5996,9,0,0,0,0,0,0,0,0,5998,16,0,0,0,0,0,0,0,0
473,2017-04-13,09:04:16,0,SM705,XZCE,5996,5988,6050,8326,250603220,44086,43992,6588,5724,6156,6006,0,5990,0,0,0,2017-04-13,32656000,5994,17,0,0,0,0,0,0,0,0,5996,6,0,0,0,0,0,0,0,0
474,2017-04-13,09:04:17,0,SM705,XZCE,5994,5988,6050,8360,251622200,44120,43992,6588,5724,6156,6006,0,5990,0,0,0,2017-04-13,32657000,5992,18,0,0,0,0,0,0,0,0,5994,1,0,0,0,0,0,0,0,0
475,2017-04-13,09:04:17,0,SM705,XZCE,5994,5988,6050,8426,253600220,44080,43992,6588,5724,6156,6006,0,5990,0,0,0,2017-04-13,32657000,5990,7,0,0,0,0,0,0,0,0,5992,1,0,0,0,0,0,0,0,0
476,2017-04-13,09:04:18,0,SM705,XZCE,5990,5988,6050,8464,254738320,44086,43992,6588,5724,6156,6006,0,5990,0,0,0,2017-04-13,32658000,5990,10,0,0,0,0,0,0,0,0,5992,9,0,0,0,0,0,0,0,0
477,2017-04-13,09:04:18,0,SM705,XZCE,5984,5976,6050,8568,257850000,44058,43992,6588,5724,6156,6006,0,5990,0,0,0,2017-04-13,32658000,5978,3,0,0,0,0,0,0,0,0,5980,1,0,0,0,0,0,0,0,0
478,2017-04-13,09:04:19,0,SM705,XZCE,5978,5976,6050,8664,260719440,44080,43992,6588,5724,6156,6006,0,5990,0,0,0,2017-04-13,32659000,5978,1,0,0,0,0,0,0,0,0,5982,5,0,0,0,0,0,0,0,0
479,2017-04-13,09:04:19,0,SM705,XZCE,5980,5976,6050,8704,261915440,44076,43992,6588,5724,6156,6006,0,5990,0,0,0,2017-04-13,32659000,5980,7,0,0,0,0,0,0,0,0,5984,1,0,0,0,0,0,0,0,0
480,2017-04-13,09:04:20,0,SM705,XZCE,5984,5976,6050,8720,262394160,44086,43992,6588,5724,6156,6006,0,5990,0,0,0,2017-04-13,32660000,5982,6,0,0,0,0,0,0,0,0,5986,6,0,0,0,0,0,0,0,0
481,2017-04-13,09:04:20,0,SM705,XZCE,5984,5976,6050,8736,262872880,44088,43992,6588,5724,6156,6006,0,5990,0,0,0,2017-04-13,32660000,5982,11,0,0,0,0,0,0,0,0,5984,2,0,0,0,0,0,0,0,0
482,2017-04-13,09:04:21,0,SM705,XZCE,5986,5976,6050,8742,263052460,44090,43992,6588,5724,6156,6006,0,5990,0,0,0,2017-04-13,32661000,5982,12,0,0,0,0,0,0,0,0,5986,5,0,0,0,0,0,0,0,0
483,2017-04-13,09:04:21,0,SM705,XZCE,5982,5976,6050,8774,264009580,44098,43992,6588,5724,6156,6006,0,5990,0,0,0,2017-04-13,32661000,5982,10,0,0,0,0,0,0,0,0,5988,21,0,0,0,0,0,0,0,0
484,2017-04-13,09:04:22,0,SM705,XZCE,5984,5976,6050,8784,264308780,44108,43992,6588,5724,6156,6006,0,5990,0,0,0,2017-04-13,32662000,5986,1,0,0,0,0,0,0,0,0,5988,21,0,0,0,0,0,0,0,0
485,2017-04-13,09:04:22,0,SM705,XZCE,5984,5976,6050,8792,264548140,44114,43992,6588,5724,6156,6006,0,5990,0,0,0,2017-04-13,32662000,5984,16,0,0,0,0,0,0,0,0,5988,14,0,0,0,0,0,0,0,0
486,2017-04-13,09:04:23,0,SM705,XZCE,5986,5976,6050,8800,264787580,44116,43992,6588,5724,6156,6006,0,5990,0,0,0,2017-04-13,32663000,5986,3,0,0,0,0,0,0,0,0,5988,9,0,0,0,0,0,0,0,0
487,2017-04-13,09:04:23,0,SM705,XZCE,5986,5976,6050,8816,265266460,44114,43992,6588,5724,6156,6006,0,5990,0,0,0,2017-04-13,32663000,5986,2,0,0,0,0,0,0,0,0,5988,7,0,0,0,0,0,0,0,0
488,2017-04-13,09:04:24,0,SM705,XZCE,5984,5976,6050,8824,265505820,44114,43992,6588,5724,6156,6006,0,5990,0,0,0,2017-04-13,32664000,5984,20,0,0,0,0,0,0,0,0,5986,1,0,0,0,0,0,0,0,0
489,2017-04-13,09:04:24,0,SM705,XZCE,5984,5976,6050,8866,266762460,44096,43992,6588,5724,6156,6006,0,5990,0,0,0,2017-04-13,32664000,5982,25,0,0,0,0,0,0,0,0,5984,2,0,0,0,0,0,0,0,0
490,2017-04-13,09:04:25,0,SM705,XZCE,5988,5976,6050,8878,267121740,44100,43992,6588,5724,6156,6006,0,5990,0,0,0,2017-04-13,32665000,5982,25,0,0,0,0,0,0,0,0,5986,4,0,0,0,0,0,0,0,0
491,2017-04-13,09:04:25,0,SM705,XZCE,5986,5976,6050,8884,267301320,44104,43992,6588,5724,6156,6006,0,5990,0,0,0,2017-04-13,32665000,5982,25,0,0,0,0,0,0,0,0,5986,3,0,0,0,0,0,0,0,0
492,2017-04-13,09:04:26,0,SM705,XZCE,5982,5976,6050,8896,267660240,44114,43992,6588,5724,6156,6006,0,5990,0,0,0,2017-04-13,32666000,5982,20,0,0,0,0,0,0,0,0,5986,2,0,0,0,0,0,0,0,0
493,2017-04-13,09:04:26,0,SM705,XZCE,5982,5976,6050,8904,267899520,44120,43992,6588,5724,6156,6006,0,5990,0,0,0,2017-04-13,32666000,5982,17,0,0,0,0,0,0,0,0,5986,2,0,0,0,0,0,0,0,0
494,2017-04-13,09:04:27,0,SM705,XZCE,5986,5976,6050,8938,268917140,44144,43992,6588,5724,6156,6006,0,5990,0,0,0,2017-04-13,32667000,5982,10,0,0,0,0,0,0,0,0,5988,10,0,0,0,0,0,0,0,0
495,2017-04-13,09:04:27,0,SM705,XZCE,5986,5976,6050,8938,268917140,44144,43992,6588,5724,6156,6006,0,5990,0,0,0,2017-04-13,32667000,5982,11,0,0,0,0,0,0,0,0,5988,12,0,0,0,0,0,0,0,0
496,2017-04-13,09:04:28,0,SM705,XZCE,5982,5976,6050,8942,269036780,44146,43992,6588,5724,6156,6006,0,5990,0,0,0,2017-04-13,32668000,5982,11,0,0,0,0,0,0,0,0,5988,18,0,0,0,0,0,0,0,0
497,2017-04-13,09:04:28,0,SM705,XZCE,5982,5976,6050,8978,270113540,44168,43992,6588,5724,6156,6006,0,5990,0,0,0,2017-04-13,32668000,5982,3,0,0,0,0,0,0,0,0,5988,14,0,0,0,0,0,0,0,0
498,2017-04-13,09:04:29,0,SM705,XZCE,5982,5976,6050,8992,270532280,44176,43992,6588,5724,6156,6006,0,5990,0,0,0,2017-04-13,32669000,5980,20,0,0,0,0,0,0,0,0,5982,1,0,0,0,0,0,0,0,0
499,2017-04-13,09:04:29,0,SM705,XZCE,5984,5976,6050,9002,270831480,44178,43992,6588,5724,6156,6006,0,5990,0,0,0,2017-04-13,32669000,5984,5,0,0,0,0,0,0,0,0,5986,2,0,0,0,0,0,0,0,0
500,2017-04-13,09:04:30,0,SM705,XZCE,5986,5976,6050,9008,271011060,44182,43992,6588,5724,6156,6006,0,5990,0,0,0,2017-04-13,32670000,5984,6,0,0,0,0,0,0,0,0,5988,13,0,0,0,0,0,0,0,0
501,2017-04-13,09:04:30,0,SM705,XZCE,5984,5976,6050,9010,271070900,44184,43992,6588,5724,6156,6006,0,5990,0,0,0,2017-04-13,32670000,5984,18,0,0,0,0,0,0,0,0,5988,13,0,0,0,0,0,0,0,0
502,2017-04-13,09:04:31,0,SM705,XZCE,5988,5976,6050,9052,272328380,44212,43992,6588,5724,6156,6006,0,5990,0,0,0,2017-04-13,32671000,5984,1,0,0,0,0,0,0,0,0,5988,12,0,0,0,0,0,0,0,0
503,2017-04-13,09:04:32,0,SM705,XZCE,5988,5976,6050,9058,272508020,44218,43992,6588,5724,6156,6006,0,5990,0,0,0,2017-04-13,32672000,5984,1,0,0,0,0,0,0,0,0,5988,9,0,0,0,0,0,0,0,0
504,2017-04-13,09:04:32,0,SM705,XZCE,5982,5976,6050,9068,272807120,44216,43992,6588,5724,6156,6006,0,5990,0,0,0,2017-04-13,32672000,5982,27,0,0,0,0,0,0,0,0,5988,9,0,0,0,0,0,0,0,0
505,2017-04-13,09:04:33,0,SM705,XZCE,5986,5976,6050,9092,273525440,44214,43992,6588,5724,6156,6006,0,5990,0,0,0,2017-04-13,32673000,5986,8,0,0,0,0,0,0,0,0,5990,14,0,0,0,0,0,0,0,0
506,2017-04-13,09:04:33,0,SM705,XZCE,5986,5976,6050,9094,273585300,44214,43992,6588,5724,6156,6006,0,5990,0,0,0,2017-04-13,32673000,5986,7,0,0,0,0,0,0,0,0,5990,13,0,0,0,0,0,0,0,0
507,2017-04-13,09:04:34,0,SM705,XZCE,5986,5976,6050,9096,273645160,44214,43992,6588,5724,6156,6006,0,5990,0,0,0,2017-04-13,32674000,5986,8,0,0,0,0,0,0,0,0,5990,17,0,0,0,0,0,0,0,0
508,2017-04-13,09:04:34,0,SM705,XZCE,5990,5976,6050,9130,274663460,44202,43992,6588,5724,6156,6006,0,5990,0,0,0,2017-04-13,32674000,5990,6,0,0,0,0,0,0,0,0,5992,10,0,0,0,0,0,0,0,0
509,2017-04-13,09:04:35,0,SM705,XZCE,5992,5976,6050,9152,275322580,44210,43992,6588,5724,6156,6006,0,5990,0,0,0,2017-04-13,32675000,5992,6,0,0,0,0,0,0,0,0,5994,1,0,0,0,0,0,0,0,0
510,2017-04-13,09:04:35,0,SM705,XZCE,5996,5976,6050,9182,276221980,44228,43992,6588,5724,6156,6006,0,5990,0,0,0,2017-04-13,32675000,5992,6,0,0,0,0,0,0,0,0,5998,5,0,0,0,0,0,0,0,0
511,2017-04-13,09:04:36,0,SM705,XZCE,5992,5976,6050,9202,276821180,44230,43992,6588,5724,6156,6006,0,5990,0,0,0,2017-04-13,32676000,5992,5,0,0,0,0,0,0,0,0,5998,4,0,0,0,0,0,0,0,0
512,2017-04-13,09:04:36,0,SM705,XZCE,6002,5976,6050,9288,279402040,44202,43992,6588,5724,6156,6006,0,5990,0,0,0,2017-04-13,32676000,6002,15,0,0,0,0,0,0,0,0,6004,1,0,0,0,0,0,0,0,0
513,2017-04-13,09:04:37,0,SM705,XZCE,6004,5976,6050,9322,280422720,44172,43992,6588,5724,6156,6006,0,5990,0,0,0,2017-04-13,32677000,6004,5,0,0,0,0,0,0,0,0,6006,4,0,0,0,0,0,0,0,0
514,2017-04-13,09:04:37,0,SM705,XZCE,5994,5976,6050,9358,281501640,44180,43992,6588,5724,6156,6006,0,5990,0,0,0,2017-04-13,32677000,5994,3,0,0,0,0,0,0,0,0,6000,4,0,0,0,0,0,0,0,0
515,2017-04-13,09:04:38,0,SM705,XZCE,6000,5976,6050,9380,282161640,44162,43992,6588,5724,6156,6006,0,5990,0,0,0,2017-04-13,32678000,5994,1,0,0,0,0,0,0,0,0,6000,8,0,0,0,0,0,0,0,0
516,2017-04-13,09:04:38,0,SM705,XZCE,6000,5976,6050,9402,282821640,44150,43992,6588,5724,6156,6006,0,5990,0,0,0,2017-04-13,32678000,5994,1,0,0,0,0,0,0,0,0,6000,6,0,0,0,0,0,0,0,0
517,2017-04-13,09:04:39,0,SM705,XZCE,6000,5976,6050,9402,282821640,44150,43992,6588,5724,6156,6006,0,5990,0,0,0,2017-04-13,32679000,5994,2,0,0,0,0,0,0,0,0,5996,2,0,0,0,0,0,0,0,0
518,2017-04-13,09:04:40,0,SM705,XZCE,5994,5976,6050,9408,283001460,44150,43992,6588,5724,6156,6006,0,5990,0,0,0,2017-04-13,32680000,5990,6,0,0,0,0,0,0,0,0,5994,1,0,0,0,0,0,0,0,0
519,2017-04-13,09:04:40,0,SM705,XZCE,5990,5976,6050,9418,283300960,44148,43992,6588,5724,6156,6006,0,5990,0,0,0,2017-04-13,32680000,5990,4,0,0,0,0,0,0,0,0,5996,2,0,0,0,0,0,0,0,0
520,2017-04-13,09:04:41,0,SM705,XZCE,5990,5976,6050,9420,283360860,44150,43992,6588,5724,6156,6006,0,5990,0,0,0,2017-04-13,32681000,5990,3,0,0,0,0,0,0,0,0,5996,2,0,0,0,0,0,0,0,0
521,2017-04-13,09:04:42,0,SM705,XZCE,5996,5976,6050,9426,283540740,44150,43992,6588,5724,6156,6006,0,5990,0,0,0,2017-04-13,32682000,5992,1,0,0,0,0,0,0,0,0,5994,5,0,0,0,0,0,0,0,0
522,2017-04-13,09:04:42,0,SM705,XZCE,5992,5976,6050,9428,283600660,44148,43992,6588,5724,6156,6006,0,5990,0,0,0,2017-04-13,32682000,5990,3,0,0,0,0,0,0,0,0,5994,5,0,0,0,0,0,0,0,0
523,2017-04-13,09:04:43,0,SM705,XZCE,5994,5976,6050,9430,283660600,44148,43992,6588,5724,6156,6006,0,5990,0,0,0,2017-04-13,32683000,5990,3,0,0,0,0,0,0,0,0,5994,7,0,0,0,0,0,0,0,0
524,2017-04-13,09:04:43,0,SM705,XZCE,5994,5976,6050,9430,283660600,44148,43992,6588,5724,6156,6006,0,5990,0,0,0,2017-04-13,32683000,5990,4,0,0,0,0,0,0,0,0,5994,7,0,0,0,0,0,0,0,0
525,2017-04-13,09:04:44,0,SM705,XZCE,5990,5976,6050,9432,283720500,44150,43992,6588,5724,6156,6006,0,5990,0,0,0,2017-04-13,32684000,5990,3,0,0,0,0,0,0,0,0,5994,7,0,0,0,0,0,0,0,0
526,2017-04-13,09:04:44,0,SM705,XZCE,5994,5976,6050,9434,283780440,44150,43992,6588,5724,6156,6006,0,5990,0,0,0,2017-04-13,32684000,5990,3,0,0,0,0,0,0,0,0,5994,6,0,0,0,0,0,0,0,0
527,2017-04-13,09:04:45,0,SM705,XZCE,5990,5976,6050,9436,283840340,44152,43992,6588,5724,6156,6006,0,5990,0,0,0,2017-04-13,32685000,5990,2,0,0,0,0,0,0,0,0,5994,6,0,0,0,0,0,0,0,0
528,2017-04-13,09:04:45,0,SM705,XZCE,5990,5976,6050,9436,283840340,44152,43992,6588,5724,6156,6006,0,5990,0,0,0,2017-04-13,32685000,5990,4,0,0,0,0,0,0,0,0,5992,4,0,0,0,0,0,0,0,0
529,2017-04-13,09:04:46,0,SM705,XZCE,5990,5976,6050,9456,284439340,44160,43992,6588,5724,6156,6006,0,5990,0,0,0,2017-04-13,32686000,5988,16,0,0,0,0,0,0,0,0,5992,4,0,0,0,0,0,0,0,0
530,2017-04-13,09:04:46,0,SM705,XZCE,5990,5976,6050,9458,284499240,44160,43992,6588,5724,6156,6006,0,5990,0,0,0,2017-04-13,32686000,5988,17,0,0,0,0,0,0,0,0,5992,5,0,0,0,0,0,0,0,0
531,2017-04-13,09:04:47,0,SM705,XZCE,5990,5976,6050,9458,284499240,44160,43992,6588,5724,6156,6006,0,5990,0,0,0,2017-04-13,32687000,5990,3,0,0,0,0,0,0,0,0,5992,5,0,0,0,0,0,0,0,0
532,2017-04-13,09:04:48,0,SM705,XZCE,5988,5976,6050,9500,285756720,44174,43992,6588,5724,6156,6006,0,5990,0,0,0,2017-04-13,32688000,5984,14,0,0,0,0,0,0,0,0,5988,29,0,0,0,0,0,0,0,0
533,2017-04-13,09:04:48,0,SM705,XZCE,5988,5976,6050,9500,285756720,44174,43992,6588,5724,6156,6006,0,5990,0,0,0,2017-04-13,32688000,5984,17,0,0,0,0,0,0,0,0,5988,32,0,0,0,0,0,0,0,0
534,2017-04-13,09:04:49,0,SM705,XZCE,5984,5976,6050,9536,286833840,44188,43992,6588,5724,6156,6006,0,5990,0,0,0,2017-04-13,32689000,5984,11,0,0,0,0,0,0,0,0,5988,23,0,0,0,0,0,0,0,0
535,2017-04-13,09:04:49,0,SM705,XZCE,5988,5976,6050,9586,288330840,44184,43992,6588,5724,6156,6006,0,5990,0,0,0,2017-04-13,32689000,5988,28,0,0,0,0,0,0,0,0,5990,7,0,0,0,0,0,0,0,0
536,2017-04-13,09:04:50,0,SM705,XZCE,5988,5976,6050,9588,288390720,44184,43992,6588,5724,6156,6006,0,5990,0,0,0,2017-04-13,32690000,5988,27,0,0,0,0,0,0,0,0,5990,7,0,0,0,0,0,0,0,0
537,2017-04-13,09:04:51,0,SM705,XZCE,5988,5976,6050,9590,288450600,44184,43992,6588,5724,6156,6006,0,5990,0,0,0,2017-04-13,32691000,5988,26,0,0,0,0,0,0,0,0,5990,7,0,0,0,0,0,0,0,0
538,2017-04-13,09:04:51,0,SM705,XZCE,5988,5976,6050,9604,288869760,44174,43992,6588,5724,6156,6006,0,5990,0,0,0,2017-04-13,32691000,5988,21,0,0,0,0,0,0,0,0,5990,7,0,0,0,0,0,0,0,0
539,2017-04-13,09:04:52,0,SM705,XZCE,5988,5976,6050,9608,288989520,44174,43992,6588,5724,6156,6006,0,5990,0,0,0,2017-04-13,32692000,5988,19,0,0,0,0,0,0,0,0,5990,4,0,0,0,0,0,0,0,0
540,2017-04-13,09:04:52,0,SM705,XZCE,5988,5976,6050,9608,288989520,44174,43992,6588,5724,6156,6006,0,5990,0,0,0,2017-04-13,32692000,5988,19,0,0,0,0,0,0,0,0,5990,2,0,0,0,0,0,0,0,0
541,2017-04-13,09:04:53,0,SM705,XZCE,5990,5976,6050,9620,289348920,44170,43992,6588,5724,6156,6006,0,5990,0,0,0,2017-04-13,32693000,5990,8,0,0,0,0,0,0,0,0,5992,5,0,0,0,0,0,0,0,0
542,2017-04-13,09:04:53,0,SM705,XZCE,5990,5976,6050,9634,289768220,44156,43992,6588,5724,6156,6006,0,5990,0,0,0,2017-04-13,32693000,5990,1,0,0,0,0,0,0,0,0,5992,5,0,0,0,0,0,0,0,0
543,2017-04-13,09:04:54,0,SM705,XZCE,5990,5976,6050,9636,289828120,44156,43992,6588,5724,6156,6006,0,5990,0,0,0,2017-04-13,32694000,5990,9,0,0,0,0,0,0,0,0,5992,5,0,0,0,0,0,0,0,0
544,2017-04-13,09:04:54,0,SM705,XZCE,5988,5976,6050,9660,290546680,44164,43992,6588,5724,6156,6006,0,5990,0,0,0,2017-04-13,32694000,5988,12,0,0,0,0,0,0,0,0,5992,5,0,0,0,0,0,0,0,0
545,2017-04-13,09:04:55,0,SM705,XZCE,5992,5976,6050,9664,290666520,44164,43992,6588,5724,6156,6006,0,5990,0,0,0,2017-04-13,32695000,5988,12,0,0,0,0,0,0,0,0,5992,6,0,0,0,0,0,0,0,0
546,2017-04-13,09:04:55,0,SM705,XZCE,5992,5976,6050,9684,291265720,44160,43992,6588,5724,6156,6006,0,5990,0,0,0,2017-04-13,32695000,5988,3,0,0,0,0,0,0,0,0,5992,3,0,0,0,0,0,0,0,0
547,2017-04-13,09:04:56,0,SM705,XZCE,5992,5976,6050,9684,291265720,44160,43992,6588,5724,6156,6006,0,5990,0,0,0,2017-04-13,32696000,5988,2,0,0,0,0,0,0,0,0,5990,3,0,0,0,0,0,0,0,0
548,2017-04-13,09:04:56,0,SM705,XZCE,5992,5976,6050,9684,291265720,44160,43992,6588,5724,6156,6006,0,5990,0,0,0,2017-04-13,32696000,5988,3,0,0,0,0,0,0,0,0,5990,3,0,0,0,0,0,0,0,0
549,2017-04-13,09:04:56,0,SM705,XZCE,5988,5976,6050,9686,291325600,44162,43992,6588,5724,6156,6006,0,5990,0,0,0,2017-04-13,32696000,5988,2,0,0,0,0,0,0,0,0,5990,6,0,0,0,0,0,0,0,0
550,2017-04-13,09:04:57,0,SM705,XZCE,5990,5976,6050,9698,291685000,44162,43992,6588,5724,6156,6006,0,5990,0,0,0,2017-04-13,32697000,5990,4,0,0,0,0,0,0,0,0,5992,4,0,0,0,0,0,0,0,0
551,2017-04-13,09:04:58,0,SM705,XZCE,5990,5976,6050,9700,291744900,44162,43992,6588,5724,6156,6006,0,5990,0,0,0,2017-04-13,32698000,5990,9,0,0,0,0,0,0,0,0,5992,4,0,0,0,0,0,0,0,0
552,2017-04-13,09:04:59,0,SM705,XZCE,5990,5976,6050,9716,292224100,44170,43992,6588,5724,6156,6006,0,5990,0,0,0,2017-04-13,32699000,5990,10,0,0,0,0,0,0,0,0,5994,3,0,0,0,0,0,0,0,0
553,2017-04-13,09:04:59,0,SM705,XZCE,5990,5976,6050,9716,292224100,44170,43992,6588,5724,6156,6006,0,5990,0,0,0,2017-04-13,32699000,5992,7,0,0,0,0,0,0,0,0,5996,1,0,0,0,0,0,0,0,0
554,2017-04-13,09:05:00,0,SM705,XZCE,5990,5976,6050,9716,292224100,44170,43992,6588,5724,6156,6006,0,5990,0,0,0,2017-04-13,32700000,5992,10,0,0,0,0,0,0,0,0,5998,3,0,0,0,0,0,0,0,0
555,2017-04-13,09:05:00,0,SM705,XZCE,5990,5976,6050,9716,292224100,44170,43992,6588,5724,6156,6006,0,5990,0,0,0,2017-04-13,32700000,5994,6,0,0,0,0,0,0,0,0,5998,3,0,0,0,0,0,0,0,0
556,2017-04-13,09:05:01,0,SM705,XZCE,5990,5976,6050,9716,292224100,44170,43992,6588,5724,6156,6006,0,5990,0,0,0,2017-04-13,32701000,5994,8,0,0,0,0,0,0,0,0,5998,4,0,0,0,0,0,0,0,0
