,dataDate,dataTime,dataMillisec,instrumentID,exchangeCD,lastPrice,lowPrice,highPrice,volume,value,openInterest,preOpenInterest,upperLimitPrice,lowerLimitPrice,preSettlementPrice,prevClosePrice,settlementPrice,openPrice,closePrice,preDelta,currDelta,clearingDay,milliSecOffset,bidPrice1,bidVolume1,bidPrice2,bidVolume2,bidPrice3,bidVolume3,bidPrice4,bidVolume4,bidPrice5,bidVolume5,askPrice1,askVolume1,askPrice2,askVolume2,askPrice3,askVolume3,askPrice4,askVolume4,askPrice5,askVolume5
0,2017-04-13,00:00:00,0,TF1706,CCFX,99.0,0.0,0.0,0,0,18036,18036,0.0,0.0,99.01,99,0.0,0,0.0,0,0,2017-04-13,0,0.0,0,0,0,0,0,0,0,0,0,0.0,0,0,0,0,0,0,0,0,0
1,2017-04-13,07:03:39,200,TF1706,CCFX,99.0,0.0,0.0,0,0,18036,18036,100.195,97.825,99.01,99,0.0,0,0.0,0,0,2017-04-13,25419200,0.0,0,0,0,0,0,0,0,0,0,0.0,0,0,0,0,0,0,0,0,0
2,2017-04-13,09:14:00,200,TF1706,CCFX,99.0,0.0,0.0,0,0,18036,18036,100.195,97.825,99.01,99,0.0,0,0.0,0,0,2017-04-13,33240200,99.01,14,0,0,0,0,0,0,0,0,99.15,2,0,0,0,0,0,0,0,0
3,2017-04-13,09:15:00,200,TF1706,CCFX,99.0,0.0,0.0,0,0,18036,18036,100.195,97.825,99.01,99,0.0,0,0.0,0,0,2017-04-13,33300200,99.05,9,0,0,0,0,0,0,0,0,99.12,1,0,0,0,0,0,0,0,0
4,2017-04-13,09:15:00,700,TF1706,CCFX,99.055,99.0,99.055,2,1980550,18038,18036,100.195,97.825,99.01,99,0.0,99,0.0,0,0,2017-04-13,33300700,99.06,2,0,0,0,0,0,0,0,0,99.08,1,0,0,0,0,0,0,0,0
5,2017-04-13,09:15:01,200,TF1706,CCFX,99.095,99.0,99.095,4,3962300,18037,18036,100.195,97.825,99.01,99,0.0,99,0.0,0,0,2017-04-13,33301200,99.08,1,0,0,0,0,0,0,0,0,99.12,2,0,0,0,0,0,0,0,0
6,2017-04-13,09:15:01,700,TF1706,CCFX,99.095,99.0,99.095,4,3962300,18037,18036,100.195,97.825,99.01,99,0.0,99,0.0,0,0,2017-04-13,33301700,99.085,6,0,0,0,0,0,0,0,0,99.1,1,0,0,0,0,0,0,0,0
7,2017-04-13,09:15:02,200,TF1706,CCFX,99.1,99.0,99.1,5,4953300,18037,18036,100.195,97.825,99.01,99,0.0,99,0.0,0,0,2017-04-13,33302200,99.09,1,0,0,0,0,0,0,0,0,99.115,2,0,0,0,0,0,0,0,0
8,2017-04-13,09:15:02,700,TF1706,CCFX,99.165,99.0,99.165,22,21807450,18028,18036,100.195,97.825,99.01,99,0.0,99,0.0,0,0,2017-04-13,33302700,99.165,5,0,0,0,0,0,0,0,0,99.17,1,0,0,0,0,0,0,0,0
9,2017-04-13,09:15:03,200,TF1706,CCFX,99.16,99.0,99.165,32,31723450,18028,18036,100.195,97.825,99.01,99,0.0,99,0.0,0,0,2017-04-13,33303200,99.125,1,0,0,0,0,0,0,0,0,99.16,8,0,0,0,0,0,0,0,0
10,2017-04-13,09:15:03,700,TF1706,CCFX,99.13,99.0,99.165,40,39654800,18028,18036,100.195,97.825,99.01,99,0.0,99,0.0,0,0,2017-04-13,33303700,99.13,2,0,0,0,0,0,0,0,0,99.15,14,0,0,0,0,0,0,0,0
11,2017-04-13,09:15:04,200,TF1706,CCFX,99.125,99.0,99.165,44,43619900,18028,18036,100.195,97.825,99.01,99,0.0,99,0.0,0,0,2017-04-13,33304200,99.125,1,0,0,0,0,0,0,0,0,99.13,1,0,0,0,0,0,0,0,0
12,2017-04-13,09:15:04,700,TF1706,CCFX,99.125,99.0,99.165,47,46593650,18026,18036,100.195,97.825,99.01,99,0.0,99,0.0,0,0,2017-04-13,33304700,99.11,1,0,0,0,0,0,0,0,0,99.125,4,0,0,0,0,0,0,0,0
13,2017-04-13,09:15:05,200,TF1706,CCFX,99.125,99.0,99.165,58,57497100,18026,18036,100.195,97.825,99.01,99,0.0,99,0.0,0,0,2017-04-13,33305200,99.12,2,0,0,0,0,0,0,0,0,99.125,7,0,0,0,0,0,0,0,0
14,2017-04-13,09:15:05,700,TF1706,CCFX,99.125,99.0,99.165,71,70382700,18024,18036,100.195,97.825,99.01,99,0.0,99,0.0,0,0,2017-04-13,33305700,99.11,1,0,0,0,0,0,0,0,0,99.125,5,0,0,0,0,0,0,0,0
15,2017-04-13,09:15:06,200,TF1706,CCFX,99.11,99.0,99.165,74,73356050,18025,18036,100.195,97.825,99.01,99,0.0,99,0.0,0,0,2017-04-13,33306200,99.115,1,0,0,0,0,0,0,0,0,99.12,1,0,0,0,0,0,0,0,0
16,2017-04-13,09:15:06,700,TF1706,CCFX,99.11,99.0,99.165,77,76329500,18025,18036,100.195,97.825,99.01,99,0.0,99,0.0,0,0,2017-04-13,33306700,99.095,1,0,0,0,0,0,0,0,0,99.11,1,0,0,0,0,0,0,0,0
17,2017-04-13,09:15:07,200,TF1706,CCFX,99.095,99.0,99.165,80,79302550,18023,18036,100.195,97.825,99.01,99,0.0,99,0.0,0,0,2017-04-13,33307200,99.09,1,0,0,0,0,0,0,0,0,99.11,3,0,0,0,0,0,0,0,0
18,2017-04-13,09:15:07,700,TF1706,CCFX,99.095,99.0,99.165,80,79302550,18023,18036,100.195,97.825,99.01,99,0.0,99,0.0,0,0,2017-04-13,33307700,99.09,2,0,0,0,0,0,0,0,0,99.105,2,0,0,0,0,0,0,0,0
19,2017-04-13,09:15:08,200,TF1706,CCFX,99.09,99.0,99.165,82,81284350,18023,18036,100.195,97.825,99.01,99,0.0,99,0.0,0,0,2017-04-13,33308200,99.07,1,0,0,0,0,0,0,0,0,99.09,1,0,0,0,0,0,0,0,0
20,2017-04-13,09:15:08,700,TF1706,CCFX,99.075,99.0,99.165,83,82275100,18023,18036,100.195,97.825,99.01,99,0.0,99,0.0,0,0,2017-04-13,33308700,99.06,4,0,0,0,0,0,0,0,0,99.09,4,0,0,0,0,0,0,0,0
21,2017-04-13,09:15:09,200,TF1706,CCFX,99.075,99.0,99.165,83,82275100,18023,18036,100.195,97.825,99.01,99,0.0,99,0.0,0,0,2017-04-13,33309200,99.065,2,0,0,0,0,0,0,0,0,99.085,3,0,0,0,0,0,0,0,0
22,2017-04-13,09:15:09,700,TF1706,CCFX,99.085,99.0,99.165,87,86238450,18022,18036,100.195,97.825,99.01,99,0.0,99,0.0,0,0,2017-04-13,33309700,99.065,3,0,0,0,0,0,0,0,0,99.085,1,0,0,0,0,0,0,0,0
23,2017-04-13,09:15:10,200,TF1706,CCFX,99.085,99.0,99.165,87,86238450,18022,18036,100.195,97.825,99.01,99,0.0,99,0.0,0,0,2017-04-13,33310200,99.07,1,0,0,0,0,0,0,0,0,99.085,1,0,0,0,0,0,0,0,0
24,2017-04-13,09:15:10,700,TF1706,CCFX,99.085,99.0,99.165,87,86238450,18022,18036,100.195,97.825,99.01,99,0.0,99,0.0,0,0,2017-04-13,33310700,99.07,1,0,0,0,0,0,0,0,0,99.08,1,0,0,0,0,0,0,0,0
25,2017-04-13,09:15:11,200,TF1706,CCFX,99.065,99.0,99.165,88,87229100,18022,18036,100.195,97.825,99.01,99,0.0,99,0.0,0,0,2017-04-13,33311200,99.065,2,0,0,0,0,0,0,0,0,99.08,1,0,0,0,0,0,0,0,0
26,2017-04-13,09:15:11,700,TF1706,CCFX,99.08,99.0,99.165,89,88219900,18022,18036,100.195,97.825,99.01,99,0.0,99,0.0,0,0,2017-04-13,33311700,99.065,2,0,0,0,0,0,0,0,0,99.08,1,0,0,0,0,0,0,0,0
27,2017-04-13,09:15:12,700,TF1706,CCFX,99.08,99.0,99.165,89,88219900,18022,18036,100.195,97.825,99.01,99,0.0,99,0.0,0,0,2017-04-13,33312700,99.065,2,0,0,0,0,0,0,0,0,99.08,1,0,0,0,0,0,0,0,0
28,2017-04-13,09:15:13,200,TF1706,CCFX,99.08,99.0,99.165,90,89210700,18021,18036,100.195,97.825,99.01,99,0.0,99,0.0,0,0,2017-04-13,33313200,99.07,1,0,0,0,0,0,0,0,0,99.085,2,0,0,0,0,0,0,0,0
29,2017-04-13,09:15:13,700,TF1706,CCFX,99.08,99.0,99.165,90,89210700,18021,18036,100.195,97.825,99.01,99,0.0,99,0.0,0,0,2017-04-13,33313700,99.07,1,0,0,0,0,0,0,0,0,99.085,1,0,0,0,0,0,0,0,0
30,2017-04-13,09:15:14,200,TF1706,CCFX,99.08,99.0,99.165,90,89210700,18021,18036,100.195,97.825,99.01,99,0.0,99,0.0,0,0,2017-04-13,33314200,99.07,1,0,0,0,0,0,0,0,0,99.085,3,0,0,0,0,0,0,0,0
31,2017-04-13,09:15:15,200,TF1706,CCFX,99.08,99.0,99.165,90,89210700,18021,18036,100.195,97.825,99.01,99,0.0,99,0.0,0,0,2017-04-13,33315200,99.07,1,0,0,0,0,0,0,0,0,99.085,3,0,0,0,0,0,0,0,0
32,2017-04-13,09:15:15,700,TF1706,CCFX,99.085,99.0,99.165,91,90201550,18022,18036,100.195,97.825,99.01,99,0.0,99,0.0,0,0,2017-04-13,33315700,99.08,1,0,0,0,0,0,0,0,0,99.085,2,0,0,0,0,0,0,0,0
33,2017-04-13,09:15:16,200,TF1706,CCFX,99.08,99.0,99.165,92,91192350,18022,18036,100.195,97.825,99.01,99,0.0,99,0.0,0,0,2017-04-13,33316200,99.065,1,0,0,0,0,0,0,0,0,99.08,3,0,0,0,0,0,0,0,0
34,2017-04-13,09:15:16,700,TF1706,CCFX,99.08,99.0,99.165,92,91192350,18022,18036,100.195,97.825,99.01,99,0.0,99,0.0,0,0,2017-04-13,33316700,99.065,1,0,0,0,0,0,0,0,0,99.08,3,0,0,0,0,0,0,0,0
35,2017-04-13,09:15:17,200,TF1706,CCFX,99.08,99.0,99.165,97,96146350,18021,18036,100.195,97.825,99.01,99,0.0,99,0.0,0,0,2017-04-13,33317200,99.08,6,0,0,0,0,0,0,0,0,99.085,1,0,0,0,0,0,0,0,0
36,2017-04-13,09:15:17,700,TF1706,CCFX,99.08,99.0,99.165,103,102091150,18016,18036,100.195,97.825,99.01,99,0.0,99,0.0,0,0,2017-04-13,33317700,99.065,1,0,0,0,0,0,0,0,0,99.08,1,0,0,0,0,0,0,0,0
37,2017-04-13,09:15:18,200,TF1706,CCFX,99.065,99.0,99.165,105,104072600,18015,18036,100.195,97.825,99.01,99,0.0,99,0.0,0,0,2017-04-13,33318200,99.06,4,0,0,0,0,0,0,0,0,99.065,1,0,0,0,0,0,0,0,0
38,2017-04-13,09:15:18,700,TF1706,CCFX,99.08,99.0,99.165,108,107044750,18015,18036,100.195,97.825,99.01,99,0.0,99,0.0,0,0,2017-04-13,33318700,99.065,8,0,0,0,0,0,0,0,0,99.08,2,0,0,0,0,0,0,0,0
39,2017-04-13,09:15:19,200,TF1706,CCFX,99.08,99.0,99.165,108,107044750,18015,18036,100.195,97.825,99.01,99,0.0,99,0.0,0,0,2017-04-13,33319200,99.065,4,0,0,0,0,0,0,0,0,99.08,2,0,0,0,0,0,0,0,0
40,2017-04-13,09:15:20,200,TF1706,CCFX,99.08,99.0,99.165,109,108035550,18016,18036,100.195,97.825,99.01,99,0.0,99,0.0,0,0,2017-04-13,33320200,99.065,4,0,0,0,0,0,0,0,0,99.08,1,0,0,0,0,0,0,0,0
41,2017-04-13,09:15:21,200,TF1706,CCFX,99.08,99.0,99.165,109,108035550,18016,18036,100.195,97.825,99.01,99,0.0,99,0.0,0,0,2017-04-13,33321200,99.065,4,0,0,0,0,0,0,0,0,99.08,1,0,0,0,0,0,0,0,0
42,2017-04-13,09:15:21,700,TF1706,CCFX,99.08,99.0,99.165,109,108035550,18016,18036,100.195,97.825,99.01,99,0.0,99,0.0,0,0,2017-04-13,33321700,99.065,2,0,0,0,0,0,0,0,0,99.08,1,0,0,0,0,0,0,0,0
43,2017-04-13,09:15:22,200,TF1706,CCFX,99.08,99.0,99.165,109,108035550,18016,18036,100.195,97.825,99.01,99,0.0,99,0.0,0,0,2017-04-13,33322200,99.065,2,0,0,0,0,0,0,0,0,99.08,1,0,0,0,0,0,0,0,0
44,2017-04-13,09:15:22,700,TF1706,CCFX,99.08,99.0,99.165,110,109026350,18017,18036,100.195,97.825,99.01,99,0.0,99,0.0,0,0,2017-04-13,33322700,99.08,11,0,0,0,0,0,0,0,0,99.085,1,0,0,0,0,0,0,0,0
45,2017-04-13,09:15:23,200,TF1706,CCFX,99.085,99.0,99.165,111,110017200,18017,18036,100.195,97.825,99.01,99,0.0,99,0.0,0,0,2017-04-13,33323200,99.085,6,0,0,0,0,0,0,0,0,99.105,1,0,0,0,0,0,0,0,0
46,2017-04-13,09:15:23,700,TF1706,CCFX,99.085,99.0,99.165,112,111008050,18016,18036,100.195,97.825,99.01,99,0.0,99,0.0,0,0,2017-04-13,33323700,99.085,3,0,0,0,0,0,0,0,0,99.1,1,0,0,0,0,0,0,0,0
47,2017-04-13,09:15:24,200,TF1706,CCFX,99.085,99.0,99.165,114,112989750,18016,18036,100.195,97.825,99.01,99,0.0,99,0.0,0,0,2017-04-13,33324200,99.085,2,0,0,0,0,0,0,0,0,99.09,1,0,0,0,0,0,0,0,0
48,2017-04-13,09:15:24,700,TF1706,CCFX,99.1,99.0,99.165,121,119925950,18013,18036,100.195,97.825,99.01,99,0.0,99,0.0,0,0,2017-04-13,33324700,99.1,6,0,0,0,0,0,0,0,0,99.105,10,0,0,0,0,0,0,0,0
49,2017-04-13,09:15:25,200,TF1706,CCFX,99.1,99.0,99.165,127,125871950,18011,18036,100.195,97.825,99.01,99,0.0,99,0.0,0,0,2017-04-13,33325200,99.085,1,0,0,0,0,0,0,0,0,99.095,2,0,0,0,0,0,0,0,0
50,2017-04-13,09:15:25,700,TF1706,CCFX,99.085,99.0,99.165,128,126862800,18011,18036,100.195,97.825,99.01,99,0.0,99,0.0,0,0,2017-04-13,33325700,99.08,8,0,0,0,0,0,0,0,0,99.085,2,0,0,0,0,0,0,0,0
51,2017-04-13,09:15:26,200,TF1706,CCFX,99.08,99.0,99.165,135,133798700,18009,18036,100.195,97.825,99.01,99,0.0,99,0.0,0,0,2017-04-13,33326200,99.08,7,0,0,0,0,0,0,0,0,99.105,17,0,0,0,0,0,0,0,0
52,2017-04-13,09:15:26,700,TF1706,CCFX,99.105,99.0,99.165,137,135780800,18010,18036,100.195,97.825,99.01,99,0.0,99,0.0,0,0,2017-04-13,33326700,99.085,1,0,0,0,0,0,0,0,0,99.105,13,0,0,0,0,0,0,0,0
53,2017-04-13,09:15:27,200,TF1706,CCFX,99.09,99.0,99.165,138,136771700,18010,18036,100.195,97.825,99.01,99,0.0,99,0.0,0,0,2017-04-13,33327200,99.095,19,0,0,0,0,0,0,0,0,99.1,1,0,0,0,0,0,0,0,0
54,2017-04-13,09:15:27,700,TF1706,CCFX,99.095,99.0,99.165,149,147672150,18013,18036,100.195,97.825,99.01,99,0.0,99,0.0,0,0,2017-04-13,33327700,99.095,8,0,0,0,0,0,0,0,0,99.1,13,0,0,0,0,0,0,0,0
55,2017-04-13,09:15:28,200,TF1706,CCFX,99.1,99.0,99.165,157,155599900,18015,18036,100.195,97.825,99.01,99,0.0,99,0.0,0,0,2017-04-13,33328200,99.095,3,0,0,0,0,0,0,0,0,99.1,10,0,0,0,0,0,0,0,0
56,2017-04-13,09:15:28,700,TF1706,CCFX,99.095,99.0,99.165,160,158572750,18017,18036,100.195,97.825,99.01,99,0.0,99,0.0,0,0,2017-04-13,33328700,99.08,7,0,0,0,0,0,0,0,0,99.095,1,0,0,0,0,0,0,0,0
57,2017-04-13,09:15:29,200,TF1706,CCFX,99.095,99.0,99.165,160,158572750,18017,18036,100.195,97.825,99.01,99,0.0,99,0.0,0,0,2017-04-13,33329200,99.08,8,0,0,0,0,0,0,0,0,99.095,1,0,0,0,0,0,0,0,0
58,2017-04-13,09:15:29,700,TF1706,CCFX,99.1,99.0,99.165,163,161545700,18017,18036,100.195,97.825,99.01,99,0.0,99,0.0,0,0,2017-04-13,33329700,99.08,8,0,0,0,0,0,0,0,0,99.1,10,0,0,0,0,0,0,0,0
59,2017-04-13,09:15:30,200,TF1706,CCFX,99.08,99.0,99.165,167,165508900,18013,18036,100.195,97.825,99.01,99,0.0,99,0.0,0,0,2017-04-13,33330200,99.085,1,0,0,0,0,0,0,0,0,99.095,2,0,0,0,0,0,0,0,0
60,2017-04-13,09:15:30,700,TF1706,CCFX,99.08,99.0,99.165,168,166499700,18013,18036,100.195,97.825,99.01,99,0.0,99,0.0,0,0,2017-04-13,33330700,99.08,4,0,0,0,0,0,0,0,0,99.095,2,0,0,0,0,0,0,0,0
61,2017-04-13,09:15:31,200,TF1706,CCFX,99.08,99.0,99.165,168,166499700,18013,18036,100.195,97.825,99.01,99,0.0,99,0.0,0,0,2017-04-13,33331200,99.08,4,0,0,0,0,0,0,0,0,99.095,1,0,0,0,0,0,0,0,0
62,2017-04-13,09:15:31,700,TF1706,CCFX,99.08,99.0,99.165,168,166499700,18013,18036,100.195,97.825,99.01,99,0.0,99,0.0,0,0,2017-04-13,33331700,99.08,4,0,0,0,0,0,0,0,0,99.095,1,0,0,0,0,0,0,0,0
63,2017-04-13,09:15:32,200,TF1706,CCFX,99.08,99.0,99.165,171,169472100,18010,18036,100.195,97.825,99.01,99,0.0,99,0.0,0,0,2017-04-13,33332200,99.08,1,0,0,0,0,0,0,0,0,99.095,2,0,0,0,0,0,0,0,0
64,2017-04-13,09:15:32,700,TF1706,CCFX,99.08,99.0,99.165,171,169472100,18010,18036,100.195,97.825,99.01,99,0.0,99,0.0,0,0,2017-04-13,33332700,99.08,1,0,0,0,0,0,0,0,0,99.095,3,0,0,0,0,0,0,0,0
65,2017-04-13,09:15:33,200,TF1706,CCFX,99.07,99.0,99.165,173,171453600,18009,18036,100.195,97.825,99.01,99,0.0,99,0.0,0,0,2017-04-13,33333200,99.07,1,0,0,0,0,0,0,0,0,99.08,1,0,0,0,0,0,0,0,0
66,2017-04-13,09:15:33,700,TF1706,CCFX,99.08,99.0,99.165,174,172444400,18008,18036,100.195,97.825,99.01,99,0.0,99,0.0,0,0,2017-04-13,33333700,99.08,3,0,0,0,0,0,0,0,0,99.09,1,0,0,0,0,0,0,0,0
67,2017-04-13,09:15:34,200,TF1706,CCFX,99.08,99.0,99.165,177,175416800,18010,18036,100.195,97.825,99.01,99,0.0,99,0.0,0,0,2017-04-13,33334200,99.07,2,0,0,0,0,0,0,0,0,99.09,3,0,0,0,0,0,0,0,0
68,2017-04-13,09:15:34,700,TF1706,CCFX,99.08,99.0,99.165,177,175416800,18010,18036,100.195,97.825,99.01,99,0.0,99,0.0,0,0,2017-04-13,33334700,99.07,2,0,0,0,0,0,0,0,0,99.08,3,0,0,0,0,0,0,0,0
69,2017-04-13,09:15:35,200,TF1706,CCFX,99.08,99.0,99.165,177,175416800,18010,18036,100.195,97.825,99.01,99,0.0,99,0.0,0,0,2017-04-13,33335200,99.07,2,0,0,0,0,0,0,0,0,99.08,1,0,0,0,0,0,0,0,0
70,2017-04-13,09:15:36,200,TF1706,CCFX,99.08,99.0,99.165,177,175416800,18010,18036,100.195,97.825,99.01,99,0.0,99,0.0,0,0,2017-04-13,33336200,99.07,2,0,0,0,0,0,0,0,0,99.08,1,0,0,0,0,0,0,0,0
71,2017-04-13,09:15:36,700,TF1706,CCFX,99.07,99.0,99.165,179,177398200,18010,18036,100.195,97.825,99.01,99,0.0,99,0.0,0,0,2017-04-13,33336700,99.065,1,0,0,0,0,0,0,0,0,99.07,1,0,0,0,0,0,0,0,0
72,2017-04-13,09:15:37,200,TF1706,CCFX,99.07,99.0,99.165,183,181361000,18011,18036,100.195,97.825,99.01,99,0.0,99,0.0,0,0,2017-04-13,33337200,99.07,1,0,0,0,0,0,0,0,0,99.08,1,0,0,0,0,0,0,0,0
73,2017-04-13,09:15:37,700,TF1706,CCFX,99.08,99.0,99.165,184,182351800,18010,18036,100.195,97.825,99.01,99,0.0,99,0.0,0,0,2017-04-13,33337700,99.08,1,0,0,0,0,0,0,0,0,99.09,7,0,0,0,0,0,0,0,0
74,2017-04-13,09:15:38,200,TF1706,CCFX,99.08,99.0,99.165,185,183342600,18010,18036,100.195,97.825,99.01,99,0.0,99,0.0,0,0,2017-04-13,33338200,99.075,1,0,0,0,0,0,0,0,0,99.09,14,0,0,0,0,0,0,0,0
75,2017-04-13,09:15:38,700,TF1706,CCFX,99.08,99.0,99.165,185,183342600,18010,18036,100.195,97.825,99.01,99,0.0,99,0.0,0,0,2017-04-13,33338700,99.075,1,0,0,0,0,0,0,0,0,99.09,18,0,0,0,0,0,0,0,0
76,2017-04-13,09:15:39,200,TF1706,CCFX,99.07,99.0,99.165,188,186314800,18009,18036,100.195,97.825,99.01,99,0.0,99,0.0,0,0,2017-04-13,33339200,99.065,1,0,0,0,0,0,0,0,0,99.07,3,0,0,0,0,0,0,0,0
77,2017-04-13,09:15:39,700,TF1706,CCFX,99.085,99.0,99.165,194,192259150,18005,18036,100.195,97.825,99.01,99,0.0,99,0.0,0,0,2017-04-13,33339700,99.075,1,0,0,0,0,0,0,0,0,99.09,11,0,0,0,0,0,0,0,0
78,2017-04-13,09:15:40,200,TF1706,CCFX,99.085,99.0,99.165,195,193250000,18005,18036,100.195,97.825,99.01,99,0.0,99,0.0,0,0,2017-04-13,33340200,99.075,1,0,0,0,0,0,0,0,0,99.09,7,0,0,0,0,0,0,0,0
79,2017-04-13,09:15:40,700,TF1706,CCFX,99.09,99.0,99.165,202,200186150,18002,18036,100.195,97.825,99.01,99,0.0,99,0.0,0,0,2017-04-13,33340700,99.08,1,0,0,0,0,0,0,0,0,99.09,12,0,0,0,0,0,0,0,0
80,2017-04-13,09:15:41,200,TF1706,CCFX,99.09,99.0,99.165,202,200186150,18002,18036,100.195,97.825,99.01,99,0.0,99,0.0,0,0,2017-04-13,33341200,99.08,1,0,0,0,0,0,0,0,0,99.09,11,0,0,0,0,0,0,0,0
81,2017-04-13,09:15:41,700,TF1706,CCFX,99.09,99.0,99.165,202,200186150,18002,18036,100.195,97.825,99.01,99,0.0,99,0.0,0,0,2017-04-13,33341700,99.08,1,0,0,0,0,0,0,0,0,99.085,1,0,0,0,0,0,0,0,0
82,2017-04-13,09:15:42,200,TF1706,CCFX,99.09,99.0,99.165,202,200186150,18002,18036,100.195,97.825,99.01,99,0.0,99,0.0,0,0,2017-04-13,33342200,99.08,1,0,0,0,0,0,0,0,0,99.085,2,0,0,0,0,0,0,0,0
83,2017-04-13,09:15:42,700,TF1706,CCFX,99.08,99.0,99.165,205,203158650,18002,18036,100.195,97.825,99.01,99,0.0,99,0.0,0,0,2017-04-13,33342700,99.075,1,0,0,0,0,0,0,0,0,99.09,7,0,0,0,0,0,0,0,0
84,2017-04-13,09:15:43,200,TF1706,CCFX,99.075,99.0,99.165,206,204149400,18002,18036,100.195,97.825,99.01,99,0.0,99,0.0,0,0,2017-04-13,33343200,99.065,1,0,0,0,0,0,0,0,0,99.075,19,0,0,0,0,0,0,0,0
85,2017-04-13,09:15:43,700,TF1706,CCFX,99.075,99.0,99.165,214,212075400,18008,18036,100.195,97.825,99.01,99,0.0,99,0.0,0,0,2017-04-13,33343700,99.07,1,0,0,0,0,0,0,0,0,99.075,11,0,0,0,0,0,0,0,0
86,2017-04-13,09:15:44,200,TF1706,CCFX,99.075,99.0,99.165,225,222973650,18012,18036,100.195,97.825,99.01,99,0.0,99,0.0,0,0,2017-04-13,33344200,99.075,4,0,0,0,0,0,0,0,0,99.09,1,0,0,0,0,0,0,0,0
87,2017-04-13,09:15:44,700,TF1706,CCFX,99.075,99.0,99.165,225,222973650,18012,18036,100.195,97.825,99.01,99,0.0,99,0.0,0,0,2017-04-13,33344700,99.07,1,0,0,0,0,0,0,0,0,99.09,1,0,0,0,0,0,0,0,0
88,2017-04-13,09:15:45,200,TF1706,CCFX,99.09,99.0,99.165,227,224955450,18011,18036,100.195,97.825,99.01,99,0.0,99,0.0,0,0,2017-04-13,33345200,99.07,1,0,0,0,0,0,0,0,0,99.095,1,0,0,0,0,0,0,0,0
89,2017-04-13,09:15:45,700,TF1706,CCFX,99.09,99.0,99.165,227,224955450,18011,18036,100.195,97.825,99.01,99,0.0,99,0.0,0,0,2017-04-13,33345700,99.07,2,0,0,0,0,0,0,0,0,99.09,3,0,0,0,0,0,0,0,0
90,2017-04-13,09:15:46,200,TF1706,CCFX,99.09,99.0,99.165,227,224955450,18011,18036,100.195,97.825,99.01,99,0.0,99,0.0,0,0,2017-04-13,33346200,99.075,1,0,0,0,0,0,0,0,0,99.09,3,0,0,0,0,0,0,0,0
91,2017-04-13,09:15:46,700,TF1706,CCFX,99.09,99.0,99.165,227,224955450,18011,18036,100.195,97.825,99.01,99,0.0,99,0.0,0,0,2017-04-13,33346700,99.075,1,0,0,0,0,0,0,0,0,99.09,3,0,0,0,0,0,0,0,0
92,2017-04-13,09:15:47,200,TF1706,CCFX,99.09,99.0,99.165,227,224955450,18011,18036,100.195,97.825,99.01,99,0.0,99,0.0,0,0,2017-04-13,33347200,99.08,1,0,0,0,0,0,0,0,0,99.09,3,0,0,0,0,0,0,0,0
93,2017-04-13,09:15:47,700,TF1706,CCFX,99.09,99.0,99.165,227,224955450,18011,18036,100.195,97.825,99.01,99,0.0,99,0.0,0,0,2017-04-13,33347700,99.08,1,0,0,0,0,0,0,0,0,99.09,3,0,0,0,0,0,0,0,0
94,2017-04-13,09:15:48,200,TF1706,CCFX,99.09,99.0,99.165,227,224955450,18011,18036,100.195,97.825,99.01,99,0.0,99,0.0,0,0,2017-04-13,33348200,99.08,1,0,0,0,0,0,0,0,0,99.09,3,0,0,0,0,0,0,0,0
95,2017-04-13,09:15:48,700,TF1706,CCFX,99.09,99.0,99.165,228,225946350,18012,18036,100.195,97.825,99.01,99,0.0,99,0.0,0,0,2017-04-13,33348700,99.08,2,0,0,0,0,0,0,0,0,99.09,2,0,0,0,0,0,0,0,0
96,2017-04-13,09:15:49,200,TF1706,CCFX,99.09,99.0,99.165,228,225946350,18012,18036,100.195,97.825,99.01,99,0.0,99,0.0,0,0,2017-04-13,33349200,99.08,2,0,0,0,0,0,0,0,0,99.09,2,0,0,0,0,0,0,0,0
97,2017-04-13,09:15:50,200,TF1706,CCFX,99.09,99.0,99.165,228,225946350,18012,18036,100.195,97.825,99.01,99,0.0,99,0.0,0,0,2017-04-13,33350200,99.08,2,0,0,0,0,0,0,0,0,99.09,1,0,0,0,0,0,0,0,0
98,2017-04-13,09:15:50,700,TF1706,CCFX,99.09,99.0,99.165,228,225946350,18012,18036,100.195,97.825,99.01,99,0.0,99,0.0,0,0,2017-04-13,33350700,99.08,2,0,0,0,0,0,0,0,0,99.09,1,0,0,0,0,0,0,0,0
99,2017-04-13,09:15:51,200,TF1706,CCFX,99.08,99.0,99.165,232,229909650,18012,18036,100.195,97.825,99.01,99,0.0,99,0.0,0,0,2017-04-13,33351200,99.075,3,0,0,0,0,0,0,0,0,99.08,17,0,0,0,0,0,0,0,0
100,2017-04-13,09:15:51,700,TF1706,CCFX,99.08,99.0,99.165,233,230900450,18012,18036,100.195,97.825,99.01,99,0.0,99,0.0,0,0,2017-04-13,33351700,99.075,3,0,0,0,0,0,0,0,0,99.08,16,0,0,0,0,0,0,0,0
101,2017-04-13,09:15:52,200,TF1706,CCFX,99.08,99.0,99.165,235,232882050,18014,18036,100.195,97.825,99.01,99,0.0,99,0.0,0,0,2017-04-13,33352200,99.075,3,0,0,0,0,0,0,0,0,99.08,14,0,0,0,0,0,0,0,0
102,2017-04-13,09:15:52,700,TF1706,CCFX,99.08,99.0,99.165,245,242790050,18014,18036,100.195,97.825,99.01,99,0.0,99,0.0,0,0,2017-04-13,33352700,99.075,3,0,0,0,0,0,0,0,0,99.08,4,0,0,0,0,0,0,0,0
103,2017-04-13,09:15:53,200,TF1706,CCFX,99.08,99.0,99.165,252,249725650,18015,18036,100.195,97.825,99.01,99,0.0,99,0.0,0,0,2017-04-13,33353200,99.075,2,0,0,0,0,0,0,0,0,99.08,3,0,0,0,0,0,0,0,0
104,2017-04-13,09:15:53,700,TF1706,CCFX,99.08,99.0,99.165,255,252698050,18015,18036,100.195,97.825,99.01,99,0.0,99,0.0,0,0,2017-04-13,33353700,99.08,2,0,0,0,0,0,0,0,0,99.1,6,0,0,0,0,0,0,0,0
105,2017-04-13,09:15:54,200,TF1706,CCFX,99.08,99.0,99.165,255,252698050,18015,18036,100.195,97.825,99.01,99,0.0,99,0.0,0,0,2017-04-13,33354200,99.08,1,0,0,0,0,0,0,0,0,99.09,1,0,0,0,0,0,0,0,0
106,2017-04-13,09:15:54,700,TF1706,CCFX,99.08,99.0,99.165,255,252698050,18015,18036,100.195,97.825,99.01,99,0.0,99,0.0,0,0,2017-04-13,33354700,99.08,1,0,0,0,0,0,0,0,0,99.085,1,0,0,0,0,0,0,0,0
107,2017-04-13,09:15:55,200,TF1706,CCFX,99.08,99.0,99.165,255,252698050,18015,18036,100.195,97.825,99.01,99,0.0,99,0.0,0,0,2017-04-13,33355200,99.08,1,0,0,0,0,0,0,0,0,99.085,1,0,0,0,0,0,0,0,0
108,2017-04-13,09:15:55,700,TF1706,CCFX,99.085,99.0,99.165,256,253688900,18015,18036,100.195,97.825,99.01,99,0.0,99,0.0,0,0,2017-04-13,33355700,99.075,2,0,0,0,0,0,0,0,0,99.085,1,0,0,0,0,0,0,0,0
109,2017-04-13,09:15:56,700,TF1706,CCFX,99.085,99.0,99.165,256,253688900,18015,18036,100.195,97.825,99.01,99,0.0,99,0.0,0,0,2017-04-13,33356700,99.08,1,0,0,0,0,0,0,0,0,99.085,2,0,0,0,0,0,0,0,0
110,2017-04-13,09:15:57,200,TF1706,CCFX,99.08,99.0,99.165,257,254679700,18015,18036,100.195,97.825,99.01,99,0.0,99,0.0,0,0,2017-04-13,33357200,99.075,2,0,0,0,0,0,0,0,0,99.08,1,0,0,0,0,0,0,0,0
111,2017-04-13,09:15:57,700,TF1706,CCFX,99.08,99.0,99.165,257,254679700,18015,18036,100.195,97.825,99.01,99,0.0,99,0.0,0,0,2017-04-13,33357700,99.075,2,0,0,0,0,0,0,0,0,99.08,1,0,0,0,0,0,0,0,0
112,2017-04-13,09:15:58,200,TF1706,CCFX,99.08,99.0,99.165,257,254679700,18015,18036,100.195,97.825,99.01,99,0.0,99,0.0,0,0,2017-04-13,33358200,99.075,2,0,0,0,0,0,0,0,0,99.08,1,0,0,0,0,0,0,0,0
113,2017-04-13,09:15:58,700,TF1706,CCFX,99.08,99.0,99.165,258,255670500,18015,18036,100.195,97.825,99.01,99,0.0,99,0.0,0,0,2017-04-13,33358700,99.075,3,0,0,0,0,0,0,0,0,99.085,1,0,0,0,0,0,0,0,0
114,2017-04-13,09:15:59,200,TF1706,CCFX,99.08,99.0,99.165,258,255670500,18015,18036,100.195,97.825,99.01,99,0.0,99,0.0,0,0,2017-04-13,33359200,99.075,3,0,0,0,0,0,0,0,0,99.085,1,0,0,0,0,0,0,0,0
115,2017-04-13,09:15:59,700,TF1706,CCFX,99.08,99.0,99.165,258,255670500,18015,18036,100.195,97.825,99.01,99,0.0,99,0.0,0,0,2017-04-13,33359700,99.075,3,0,0,0,0,0,0,0,0,99.085,1,0,0,0,0,0,0,0,0
116,2017-04-13,09:16:00,200,TF1706,CCFX,99.08,99.0,99.165,258,255670500,18015,18036,100.195,97.825,99.01,99,0.0,99,0.0,0,0,2017-04-13,33360200,99.075,3,0,0,0,0,0,0,0,0,99.08,1,0,0,0,0,0,0,0,0
117,2017-04-13,09:16:00,700,TF1706,CCFX,99.08,99.0,99.165,260,257652100,18014,18036,100.195,97.825,99.01,99,0.0,99,0.0,0,0,2017-04-13,33360700,99.075,3,0,0,0,0,0,0,0,0,99.08,19,0,0,0,0,0,0,0,0
118,2017-04-13,09:16:01,200,TF1706,CCFX,99.08,99.0,99.165,265,262606000,18012,18036,100.195,97.825,99.01,99,0.0,99,0.0,0,0,2017-04-13,33361200,99.075,1,0,0,0,0,0,0,0,0,99.08,16,0,0,0,0,0,0,0,0
119,2017-04-13,09:16:01,700,TF1706,CCFX,99.075,99.0,99.165,266,263596750,18011,18036,100.195,97.825,99.01,99,0.0,99,0.0,0,0,2017-04-13,33361700,99.07,1,0,0,0,0,0,0,0,0,99.075,1,0,0,0,0,0,0,0,0
120,2017-04-13,09:16:02,200,TF1706,CCFX,99.075,99.0,99.165,268,265578200,18010,18036,100.195,97.825,99.01,99,0.0,99,0.0,0,0,2017-04-13,33362200,99.07,6,0,0,0,0,0,0,0,0,99.075,1,0,0,0,0,0,0,0,0
121,2017-04-13,09:16:02,700,TF1706,CCFX,99.075,99.0,99.165,269,266568950,18011,18036,100.195,97.825,99.01,99,0.0,99,0.0,0,0,2017-04-13,33362700,99.075,1,0,0,0,0,0,0,0,0,99.08,16,0,0,0,0,0,0,0,0
122,2017-04-13,09:16:03,700,TF1706,CCFX,99.08,99.0,99.165,270,267559750,18012,18036,100.195,97.825,99.01,99,0.0,99,0.0,0,0,2017-04-13,33363700,99.075,1,0,0,0,0,0,0,0,0,99.08,15,0,0,0,0,0,0,0,0
123,2017-04-13,09:16:04,200,TF1706,CCFX,99.08,99.0,99.165,280,277467750,18012,18036,100.195,97.825,99.01,99,0.0,99,0.0,0,0,2017-04-13,33364200,99.075,1,0,0,0,0,0,0,0,0,99.08,5,0,0,0,0,0,0,0,0
124,2017-04-13,09:16:06,700,TF1706,CCFX,99.08,99.0,99.165,280,277467750,18012,18036,100.195,97.825,99.01,99,0.0,99,0.0,0,0,2017-04-13,33366700,99.075,1,0,0,0,0,0,0,0,0,99.08,5,0,0,0,0,0,0,0,0
125,2017-04-13,09:16:07,200,TF1706,CCFX,99.08,99.0,99.165,280,277467750,18012,18036,100.195,97.825,99.01,99,0.0,99,0.0,0,0,2017-04-13,33367200,99.07,6,0,0,0,0,0,0,0,0,99.08,5,0,0,0,0,0,0,0,0
126,2017-04-13,09:16:07,700,TF1706,CCFX,99.08,99.0,99.165,283,280440150,18015,18036,100.195,97.825,99.01,99,0.0,99,0.0,0,0,2017-04-13,33367700,99.075,1,0,0,0,0,0,0,0,0,99.08,2,0,0,0,0,0,0,0,0
127,2017-04-13,09:16:08,200,TF1706,CCFX,99.08,99.0,99.165,285,282421750,18015,18036,100.195,97.825,99.01,99,0.0,99,0.0,0,0,2017-04-13,33368200,99.08,1,0,0,0,0,0,0,0,0,99.085,1,0,0,0,0,0,0,0,0
128,2017-04-13,09:16:08,700,TF1706,CCFX,99.08,99.0,99.165,286,283412550,18014,18036,100.195,97.825,99.01,99,0.0,99,0.0,0,0,2017-04-13,33368700,99.08,1,0,0,0,0,0,0,0,0,99.085,1,0,0,0,0,0,0,0,0
129,2017-04-13,09:16:09,200,TF1706,CCFX,99.08,99.0,99.165,286,283412550,18014,18036,100.195,97.825,99.01,99,0.0,99,0.0,0,0,2017-04-13,33369200,99.08,1,0,0,0,0,0,0,0,0,99.085,1,0,0,0,0,0,0,0,0
130,2017-04-13,09:16:09,700,TF1706,CCFX,99.08,99.0,99.165,287,284403350,18014,18036,100.195,97.825,99.01,99,0.0,99,0.0,0,0,2017-04-13,33369700,99.075,6,0,0,0,0,0,0,0,0,99.085,1,0,0,0,0,0,0,0,0
131,2017-04-13,09:16:11,200,TF1706,CCFX,99.08,99.0,99.165,287,284403350,18014,18036,100.195,97.825,99.01,99,0.0,99,0.0,0,0,2017-04-13,33371200,99.075,6,0,0,0,0,0,0,0,0,99.08,10,0,0,0,0,0,0,0,0
132,2017-04-13,09:16:11,700,TF1706,CCFX,99.08,99.0,99.165,297,294311350,18014,18036,100.195,97.825,99.01,99,0.0,99,0.0,0,0,2017-04-13,33371700,99.075,6,0,0,0,0,0,0,0,0,99.085,1,0,0,0,0,0,0,0,0
133,2017-04-13,09:16:12,200,TF1706,CCFX,99.085,99.0,99.165,298,295302200,18014,18036,100.195,97.825,99.01,99,0.0,99,0.0,0,0,2017-04-13,33372200,99.085,10,0,0,0,0,0,0,0,0,99.09,3,0,0,0,0,0,0,0,0
134,2017-04-13,09:16:12,700,TF1706,CCFX,99.085,99.0,99.165,308,305210700,18005,18036,100.195,97.825,99.01,99,0.0,99,0.0,0,0,2017-04-13,33372700,99.075,2,0,0,0,0,0,0,0,0,99.085,3,0,0,0,0,0,0,0,0
135,2017-04-13,09:16:13,700,TF1706,CCFX,99.085,99.0,99.165,308,305210700,18005,18036,100.195,97.825,99.01,99,0.0,99,0.0,0,0,2017-04-13,33373700,99.075,1,0,0,0,0,0,0,0,0,99.085,3,0,0,0,0,0,0,0,0
136,2017-04-13,09:16:14,700,TF1706,CCFX,99.085,99.0,99.165,308,305210700,18005,18036,100.195,97.825,99.01,99,0.0,99,0.0,0,0,2017-04-13,33374700,99.075,1,0,0,0,0,0,0,0,0,99.08,1,0,0,0,0,0,0,0,0
137,2017-04-13,09:16:15,200,TF1706,CCFX,99.085,99.0,99.165,308,305210700,18005,18036,100.195,97.825,99.01,99,0.0,99,0.0,0,0,2017-04-13,33375200,99.075,1,0,0,0,0,0,0,0,0,99.08,1,0,0,0,0,0,0,0,0
138,2017-04-13,09:16:15,700,TF1706,CCFX,99.085,99.0,99.165,308,305210700,18005,18036,100.195,97.825,99.01,99,0.0,99,0.0,0,0,2017-04-13,33375700,99.075,1,0,0,0,0,0,0,0,0,99.08,1,0,0,0,0,0,0,0,0
139,2017-04-13,09:16:16,200,TF1706,CCFX,99.08,99.0,99.165,309,306201500,18004,18036,100.195,97.825,99.01,99,0.0,99,0.0,0,0,2017-04-13,33376200,99.08,2,0,0,0,0,0,0,0,0,99.085,3,0,0,0,0,0,0,0,0
140,2017-04-13,09:16:16,700,TF1706,CCFX,99.085,99.0,99.165,312,309174050,18001,18036,100.195,97.825,99.01,99,0.0,99,0.0,0,0,2017-04-13,33376700,99.08,2,0,0,0,0,0,0,0,0,99.09,3,0,0,0,0,0,0,0,0
141,2017-04-13,09:16:17,200,TF1706,CCFX,99.09,99.0,99.165,315,312146750,18003,18036,100.195,97.825,99.01,99,0.0,99,0.0,0,0,2017-04-13,33377200,99.08,2,0,0,0,0,0,0,0,0,99.095,1,0,0,0,0,0,0,0,0
142,2017-04-13,09:16:17,700,TF1706,CCFX,99.09,99.0,99.165,315,312146750,18003,18036,100.195,97.825,99.01,99,0.0,99,0.0,0,0,2017-04-13,33377700,99.085,1,0,0,0,0,0,0,0,0,99.095,1,0,0,0,0,0,0,0,0
143,2017-04-13,09:16:18,200,TF1706,CCFX,99.09,99.0,99.165,315,312146750,18003,18036,100.195,97.825,99.01,99,0.0,99,0.0,0,0,2017-04-13,33378200,99.09,4,0,0,0,0,0,0,0,0,99.095,1,0,0,0,0,0,0,0,0
144,2017-04-13,09:16:18,700,TF1706,CCFX,99.095,99.0,99.165,316,313137700,18003,18036,100.195,97.825,99.01,99,0.0,99,0.0,0,0,2017-04-13,33378700,99.095,8,0,0,0,0,0,0,0,0,99.1,14,0,0,0,0,0,0,0,0
145,2017-04-13,09:16:19,200,TF1706,CCFX,99.095,99.0,99.165,318,315119650,18003,18036,100.195,97.825,99.01,99,0.0,99,0.0,0,0,2017-04-13,33379200,99.095,4,0,0,0,0,0,0,0,0,99.1,13,0,0,0,0,0,0,0,0
146,2017-04-13,09:16:19,700,TF1706,CCFX,99.095,99.0,99.165,322,319083450,18004,18036,100.195,97.825,99.01,99,0.0,99,0.0,0,0,2017-04-13,33379700,99.09,6,0,0,0,0,0,0,0,0,99.095,1,0,0,0,0,0,0,0,0
147,2017-04-13,09:16:20,200,TF1706,CCFX,99.095,99.0,99.165,323,320074400,18004,18036,100.195,97.825,99.01,99,0.0,99,0.0,0,0,2017-04-13,33380200,99.095,8,0,0,0,0,0,0,0,0,99.1,14,0,0,0,0,0,0,0,0
148,2017-04-13,09:16:20,700,TF1706,CCFX,99.095,99.0,99.165,323,320074400,18004,18036,100.195,97.825,99.01,99,0.0,99,0.0,0,0,2017-04-13,33380700,99.095,6,0,0,0,0,0,0,0,0,99.1,14,0,0,0,0,0,0,0,0
149,2017-04-13,09:16:21,200,TF1706,CCFX,99.095,99.0,99.165,323,320074400,18004,18036,100.195,97.825,99.01,99,0.0,99,0.0,0,0,2017-04-13,33381200,99.095,5,0,0,0,0,0,0,0,0,99.1,14,0,0,0,0,0,0,0,0
150,2017-04-13,09:16:21,700,TF1706,CCFX,99.095,99.0,99.165,324,321065350,18004,18036,100.195,97.825,99.01,99,0.0,99,0.0,0,0,2017-04-13,33381700,99.095,4,0,0,0,0,0,0,0,0,99.1,14,0,0,0,0,0,0,0,0
151,2017-04-13,09:16:22,200,TF1706,CCFX,99.1,99.0,99.165,325,322056350,18005,18036,100.195,97.825,99.01,99,0.0,99,0.0,0,0,2017-04-13,33382200,99.095,4,0,0,0,0,0,0,0,0,99.1,13,0,0,0,0,0,0,0,0
152,2017-04-13,09:16:22,700,TF1706,CCFX,99.1,99.0,99.165,325,322056350,18005,18036,100.195,97.825,99.01,99,0.0,99,0.0,0,0,2017-04-13,33382700,99.095,4,0,0,0,0,0,0,0,0,99.1,15,0,0,0,0,0,0,0,0
153,2017-04-13,09:16:23,700,TF1706,CCFX,99.1,99.0,99.165,330,327011350,18010,18036,100.195,97.825,99.01,99,0.0,99,0.0,0,0,2017-04-13,33383700,99.095,4,0,0,0,0,0,0,0,0,99.1,10,0,0,0,0,0,0,0,0
154,2017-04-13,09:16:24,200,TF1706,CCFX,99.095,99.0,99.165,331,328002300,18011,18036,100.195,97.825,99.01,99,0.0,99,0.0,0,0,2017-04-13,33384200,99.095,3,0,0,0,0,0,0,0,0,99.1,10,0,0,0,0,0,0,0,0
155,2017-04-13,09:16:25,200,TF1706,CCFX,99.095,99.0,99.165,331,328002300,18011,18036,100.195,97.825,99.01,99,0.0,99,0.0,0,0,2017-04-13,33385200,99.095,3,0,0,0,0,0,0,0,0,99.1,10,0,0,0,0,0,0,0,0
156,2017-04-13,09:16:25,700,TF1706,CCFX,99.095,99.0,99.165,331,328002300,18011,18036,100.195,97.825,99.01,99,0.0,99,0.0,0,0,2017-04-13,33385700,99.095,3,0,0,0,0,0,0,0,0,99.1,10,0,0,0,0,0,0,0,0
157,2017-04-13,09:16:26,700,TF1706,CCFX,99.1,99.0,99.165,332,328993300,18010,18036,100.195,97.825,99.01,99,0.0,99,0.0,0,0,2017-04-13,33386700,99.095,3,0,0,0,0,0,0,0,0,99.1,8,0,0,0,0,0,0,0,0
158,2017-04-13,09:16:27,200,TF1706,CCFX,99.095,99.0,99.165,339,335930150,18011,18036,100.195,97.825,99.01,99,0.0,99,0.0,0,0,2017-04-13,33387200,99.09,1,0,0,0,0,0,0,0,0,99.095,7,0,0,0,0,0,0,0,0
159,2017-04-13,09:16:27,700,TF1706,CCFX,99.095,99.0,99.165,347,343857700,18014,18036,100.195,97.825,99.01,99,0.0,99,0.0,0,0,2017-04-13,33387700,99.095,4,0,0,0,0,0,0,0,0,99.1,4,0,0,0,0,0,0,0,0
160,2017-04-13,09:16:28,200,TF1706,CCFX,99.1,99.0,99.165,348,344848700,18014,18036,100.195,97.825,99.01,99,0.0,99,0.0,0,0,2017-04-13,33388200,99.095,1,0,0,0,0,0,0,0,0,99.1,3,0,0,0,0,0,0,0,0
161,2017-04-13,09:16:28,700,TF1706,CCFX,99.1,99.0,99.165,352,348812700,18011,18036,100.195,97.825,99.01,99,0.0,99,0.0,0,0,2017-04-13,33388700,99.095,1,0,0,0,0,0,0,0,0,99.1,1,0,0,0,0,0,0,0,0
162,2017-04-13,09:16:29,200,TF1706,CCFX,99.095,99.0,99.165,354,350794650,18010,18036,100.195,97.825,99.01,99,0.0,99,0.0,0,0,2017-04-13,33389200,99.09,6,0,0,0,0,0,0,0,0,99.12,1,0,0,0,0,0,0,0,0
163,2017-04-13,09:16:29,700,TF1706,CCFX,99.095,99.0,99.165,355,351785600,18009,18036,100.195,97.825,99.01,99,0.0,99,0.0,0,0,2017-04-13,33389700,99.095,4,0,0,0,0,0,0,0,0,99.115,3,0,0,0,0,0,0,0,0
164,2017-04-13,09:16:30,200,TF1706,CCFX,99.095,99.0,99.165,355,351785600,18009,18036,100.195,97.825,99.01,99,0.0,99,0.0,0,0,2017-04-13,33390200,99.095,3,0,0,0,0,0,0,0,0,99.11,1,0,0,0,0,0,0,0,0
165,2017-04-13,09:16:30,700,TF1706,CCFX,99.095,99.0,99.165,355,351785600,18009,18036,100.195,97.825,99.01,99,0.0,99,0.0,0,0,2017-04-13,33390700,99.095,3,0,0,0,0,0,0,0,0,99.11,1,0,0,0,0,0,0,0,0
166,2017-04-13,09:16:31,200,TF1706,CCFX,99.095,99.0,99.165,355,351785600,18009,18036,100.195,97.825,99.01,99,0.0,99,0.0,0,0,2017-04-13,33391200,99.095,4,0,0,0,0,0,0,0,0,99.11,1,0,0,0,0,0,0,0,0
167,2017-04-13,09:16:32,700,TF1706,CCFX,99.095,99.0,99.165,355,351785600,18009,18036,100.195,97.825,99.01,99,0.0,99,0.0,0,0,2017-04-13,33392700,99.095,4,0,0,0,0,0,0,0,0,99.11,3,0,0,0,0,0,0,0,0
168,2017-04-13,09:16:33,200,TF1706,CCFX,99.095,99.0,99.165,355,351785600,18009,18036,100.195,97.825,99.01,99,0.0,99,0.0,0,0,2017-04-13,33393200,99.095,4,0,0,0,0,0,0,0,0,99.11,1,0,0,0,0,0,0,0,0
169,2017-04-13,09:16:33,700,TF1706,CCFX,99.095,99.0,99.165,355,351785600,18009,18036,100.195,97.825,99.01,99,0.0,99,0.0,0,0,2017-04-13,33393700,99.095,5,0,0,0,0,0,0,0,0,99.11,3,0,0,0,0,0,0,0,0
170,2017-04-13,09:16:34,700,TF1706,CCFX,99.095,99.0,99.165,355,351785600,18009,18036,100.195,97.825,99.01,99,0.0,99,0.0,0,0,2017-04-13,33394700,99.095,5,0,0,0,0,0,0,0,0,99.11,3,0,0,0,0,0,0,0,0
171,2017-04-13,09:16:35,200,TF1706,CCFX,99.095,99.0,99.165,355,351785600,18009,18036,100.195,97.825,99.01,99,0.0,99,0.0,0,0,2017-04-13,33395200,99.095,5,0,0,0,0,0,0,0,0,99.11,3,0,0,0,0,0,0,0,0
172,2017-04-13,09:16:36,200,TF1706,CCFX,99.095,99.0,99.165,355,351785600,18009,18036,100.195,97.825,99.01,99,0.0,99,0.0,0,0,2017-04-13,33396200,99.095,5,0,0,0,0,0,0,0,0,99.11,1,0,0,0,0,0,0,0,0
173,2017-04-13,09:16:36,700,TF1706,CCFX,99.095,99.0,99.165,355,351785600,18009,18036,100.195,97.825,99.01,99,0.0,99,0.0,0,0,2017-04-13,33396700,99.095,5,0,0,0,0,0,0,0,0,99.11,1,0,0,0,0,0,0,0,0
174,2017-04-13,09:16:37,200,TF1706,CCFX,99.11,99.0,99.165,356,352776700,18008,18036,100.195,97.825,99.01,99,0.0,99,0.0,0,0,2017-04-13,33397200,99.11,1,0,0,0,0,0,0,0,0,99.115,2,0,0,0,0,0,0,0,0
175,2017-04-13,09:16:37,700,TF1706,CCFX,99.11,99.0,99.165,357,353767800,18007,18036,100.195,97.825,99.01,99,0.0,99,0.0,0,0,2017-04-13,33397700,99.095,4,0,0,0,0,0,0,0,0,99.11,8,0,0,0,0,0,0,0,0
176,2017-04-13,09:16:38,200,TF1706,CCFX,99.11,99.0,99.165,357,353767800,18007,18036,100.195,97.825,99.01,99,0.0,99,0.0,0,0,2017-04-13,33398200,99.095,4,0,0,0,0,0,0,0,0,99.11,9,0,0,0,0,0,0,0,0
177,2017-04-13,09:16:40,200,TF1706,CCFX,99.11,99.0,99.165,357,353767800,18007,18036,100.195,97.825,99.01,99,0.0,99,0.0,0,0,2017-04-13,33400200,99.095,8,0,0,0,0,0,0,0,0,99.11,9,0,0,0,0,0,0,0,0
178,2017-04-13,09:16:40,700,TF1706,CCFX,99.11,99.0,99.165,357,353767800,18007,18036,100.195,97.825,99.01,99,0.0,99,0.0,0,0,2017-04-13,33400700,99.095,8,0,0,0,0,0,0,0,0,99.11,9,0,0,0,0,0,0,0,0
179,2017-04-13,09:16:41,200,TF1706,CCFX,99.11,99.0,99.165,357,353767800,18007,18036,100.195,97.825,99.01,99,0.0,99,0.0,0,0,2017-04-13,33401200,99.095,10,0,0,0,0,0,0,0,0,99.11,7,0,0,0,0,0,0,0,0
180,2017-04-13,09:16:41,700,TF1706,CCFX,99.11,99.0,99.165,357,353767800,18007,18036,100.195,97.825,99.01,99,0.0,99,0.0,0,0,2017-04-13,33401700,99.1,1,0,0,0,0,0,0,0,0,99.11,7,0,0,0,0,0,0,0,0
181,2017-04-13,09:16:42,200,TF1706,CCFX,99.11,99.0,99.165,365,361696500,18011,18036,100.195,97.825,99.01,99,0.0,99,0.0,0,0,2017-04-13,33402200,99.105,1,0,0,0,0,0,0,0,0,99.115,3,0,0,0,0,0,0,0,0
182,2017-04-13,09:16:42,700,TF1706,CCFX,99.115,99.0,99.165,368,364669950,18008,18036,100.195,97.825,99.01,99,0.0,99,0.0,0,0,2017-04-13,33402700,99.105,1,0,0,0,0,0,0,0,0,99.12,2,0,0,0,0,0,0,0,0
183,2017-04-13,09:16:43,200,TF1706,CCFX,99.115,99.0,99.165,368,364669950,18008,18036,100.195,97.825,99.01,99,0.0,99,0.0,0,0,2017-04-13,33403200,99.105,4,0,0,0,0,0,0,0,0,99.12,2,0,0,0,0,0,0,0,0
184,2017-04-13,09:16:43,700,TF1706,CCFX,99.12,99.0,99.165,370,366652350,18009,18036,100.195,97.825,99.01,99,0.0,99,0.0,0,0,2017-04-13,33403700,99.12,6,0,0,0,0,0,0,0,0,99.13,1,0,0,0,0,0,0,0,0
185,2017-04-13,09:16:44,200,TF1706,CCFX,99.13,99.0,99.165,371,367643650,18009,18036,100.195,97.825,99.01,99,0.0,99,0.0,0,0,2017-04-13,33404200,99.13,2,0,0,0,0,0,0,0,0,99.135,1,0,0,0,0,0,0,0,0
186,2017-04-13,09:16:44,700,TF1706,CCFX,99.13,99.0,99.165,374,370617550,18009,18036,100.195,97.825,99.01,99,0.0,99,0.0,0,0,2017-04-13,33404700,99.12,6,0,0,0,0,0,0,0,0,99.13,7,0,0,0,0,0,0,0,0
187,2017-04-13,09:16:45,200,TF1706,CCFX,99.13,99.0,99.165,374,370617550,18009,18036,100.195,97.825,99.01,99,0.0,99,0.0,0,0,2017-04-13,33405200,99.12,6,0,0,0,0,0,0,0,0,99.13,9,0,0,0,0,0,0,0,0
188,2017-04-13,09:16:45,700,TF1706,CCFX,99.13,99.0,99.165,374,370617550,18009,18036,100.195,97.825,99.01,99,0.0,99,0.0,0,0,2017-04-13,33405700,99.12,6,0,0,0,0,0,0,0,0,99.125,1,0,0,0,0,0,0,0,0
189,2017-04-13,09:16:46,200,TF1706,CCFX,99.13,99.0,99.165,374,370617550,18009,18036,100.195,97.825,99.01,99,0.0,99,0.0,0,0,2017-04-13,33406200,99.12,5,0,0,0,0,0,0,0,0,99.125,1,0,0,0,0,0,0,0,0
190,2017-04-13,09:16:46,700,TF1706,CCFX,99.13,99.0,99.165,374,370617550,18009,18036,100.195,97.825,99.01,99,0.0,99,0.0,0,0,2017-04-13,33406700,99.12,5,0,0,0,0,0,0,0,0,99.125,2,0,0,0,0,0,0,0,0
191,2017-04-13,09:16:47,200,TF1706,CCFX,99.12,99.0,99.165,379,375573550,18011,18036,100.195,97.825,99.01,99,0.0,99,0.0,0,0,2017-04-13,33407200,99.115,1,0,0,0,0,0,0,0,0,99.12,2,0,0,0,0,0,0,0,0
192,2017-04-13,09:16:47,700,TF1706,CCFX,99.115,99.0,99.165,380,376564700,18011,18036,100.195,97.825,99.01,99,0.0,99,0.0,0,0,2017-04-13,33407700,99.105,2,0,0,0,0,0,0,0,0,99.12,1,0,0,0,0,0,0,0,0
193,2017-04-13,09:16:48,200,TF1706,CCFX,99.115,99.0,99.165,380,376564700,18011,18036,100.195,97.825,99.01,99,0.0,99,0.0,0,0,2017-04-13,33408200,99.105,2,0,0,0,0,0,0,0,0,99.12,1,0,0,0,0,0,0,0,0
194,2017-04-13,09:16:48,700,TF1706,CCFX,99.115,99.0,99.165,380,376564700,18011,18036,100.195,97.825,99.01,99,0.0,99,0.0,0,0,2017-04-13,33408700,99.11,1,0,0,0,0,0,0,0,0,99.12,1,0,0,0,0,0,0,0,0
195,2017-04-13,09:16:49,200,TF1706,CCFX,99.115,99.0,99.165,380,376564700,18011,18036,100.195,97.825,99.01,99,0.0,99,0.0,0,0,2017-04-13,33409200,99.11,3,0,0,0,0,0,0,0,0,99.12,1,0,0,0,0,0,0,0,0
196,2017-04-13,09:16:49,700,TF1706,CCFX,99.115,99.0,99.165,380,376564700,18011,18036,100.195,97.825,99.01,99,0.0,99,0.0,0,0,2017-04-13,33409700,99.11,4,0,0,0,0,0,0,0,0,99.12,3,0,0,0,0,0,0,0,0
197,2017-04-13,09:16:50,200,TF1706,CCFX,99.11,99.0,99.165,381,377555800,18011,18036,100.195,97.825,99.01,99,0.0,99,0.0,0,0,2017-04-13,33410200,99.11,3,0,0,0,0,0,0,0,0,99.12,3,0,0,0,0,0,0,0,0
198,2017-04-13,09:16:50,700,TF1706,CCFX,99.11,99.0,99.165,381,377555800,18011,18036,100.195,97.825,99.01,99,0.0,99,0.0,0,0,2017-04-13,33410700,99.11,3,0,0,0,0,0,0,0,0,99.12,4,0,0,0,0,0,0,0,0
199,2017-04-13,09:16:51,200,TF1706,CCFX,99.11,99.0,99.165,381,377555800,18011,18036,100.195,97.825,99.01,99,0.0,99,0.0,0,0,2017-04-13,33411200,99.11,3,0,0,0,0,0,0,0,0,99.12,4,0,0,0,0,0,0,0,0
200,2017-04-13,09:16:51,700,TF1706,CCFX,99.11,99.0,99.165,381,377555800,18011,18036,100.195,97.825,99.01,99,0.0,99,0.0,0,0,2017-04-13,33411700,99.11,3,0,0,0,0,0,0,0,0,99.12,6,0,0,0,0,0,0,0,0
201,2017-04-13,09:16:52,200,TF1706,CCFX,99.11,99.0,99.165,381,377555800,18011,18036,100.195,97.825,99.01,99,0.0,99,0.0,0,0,2017-04-13,33412200,99.11,2,0,0,0,0,0,0,0,0,99.12,6,0,0,0,0,0,0,0,0
202,2017-04-13,09:16:53,200,TF1706,CCFX,99.11,99.0,99.165,381,377555800,18011,18036,100.195,97.825,99.01,99,0.0,99,0.0,0,0,2017-04-13,33413200,99.11,2,0,0,0,0,0,0,0,0,99.12,4,0,0,0,0,0,0,0,0
203,2017-04-13,09:16:53,700,TF1706,CCFX,99.11,99.0,99.165,382,378546900,18012,18036,100.195,97.825,99.01,99,0.0,99,0.0,0,0,2017-04-13,33413700,99.11,1,0,0,0,0,0,0,0,0,99.12,4,0,0,0,0,0,0,0,0
204,2017-04-13,09:16:54,700,TF1706,CCFX,99.11,99.0,99.165,382,378546900,18012,18036,100.195,97.825,99.01,99,0.0,99,0.0,0,0,2017-04-13,33414700,99.11,2,0,0,0,0,0,0,0,0,99.12,4,0,0,0,0,0,0,0,0
205,2017-04-13,09:16:55,200,TF1706,CCFX,99.11,99.0,99.165,382,378546900,18012,18036,100.195,97.825,99.01,99,0.0,99,0.0,0,0,2017-04-13,33415200,99.11,2,0,0,0,0,0,0,0,0,99.12,6,0,0,0,0,0,0,0,0
206,2017-04-13,09:16:55,700,TF1706,CCFX,99.12,99.0,99.165,384,380529300,18011,18036,100.195,97.825,99.01,99,0.0,99,0.0,0,0,2017-04-13,33415700,99.11,2,0,0,0,0,0,0,0,0,99.12,4,0,0,0,0,0,0,0,0
207,2017-04-13,09:16:56,200,TF1706,CCFX,99.12,99.0,99.165,384,380529300,18011,18036,100.195,97.825,99.01,99,0.0,99,0.0,0,0,2017-04-13,33416200,99.11,9,0,0,0,0,0,0,0,0,99.12,4,0,0,0,0,0,0,0,0
208,2017-04-13,09:16:56,700,TF1706,CCFX,99.12,99.0,99.165,384,380529300,18011,18036,100.195,97.825,99.01,99,0.0,99,0.0,0,0,2017-04-13,33416700,99.11,6,0,0,0,0,0,0,0,0,99.12,4,0,0,0,0,0,0,0,0
209,2017-04-13,09:16:57,200,TF1706,CCFX,99.12,99.0,99.165,384,380529300,18011,18036,100.195,97.825,99.01,99,0.0,99,0.0,0,0,2017-04-13,33417200,99.11,4,0,0,0,0,0,0,0,0,99.12,4,0,0,0,0,0,0,0,0
210,2017-04-13,09:16:57,700,TF1706,CCFX,99.12,99.0,99.165,384,380529300,18011,18036,100.195,97.825,99.01,99,0.0,99,0.0,0,0,2017-04-13,33417700,99.11,4,0,0,0,0,0,0,0,0,99.12,4,0,0,0,0,0,0,0,0
211,2017-04-13,09:16:58,200,TF1706,CCFX,99.11,99.0,99.165,388,384493700,18010,18036,100.195,97.825,99.01,99,0.0,99,0.0,0,0,2017-04-13,33418200,99.105,2,0,0,0,0,0,0,0,0,99.12,4,0,0,0,0,0,0,0,0
212,2017-04-13,09:16:58,700,TF1706,CCFX,99.11,99.0,99.165,388,384493700,18010,18036,100.195,97.825,99.01,99,0.0,99,0.0,0,0,2017-04-13,33418700,99.105,2,0,0,0,0,0,0,0,0,99.115,1,0,0,0,0,0,0,0,0
213,2017-04-13,09:16:59,200,TF1706,CCFX,99.11,99.0,99.165,388,384493700,18010,18036,100.195,97.825,99.01,99,0.0,99,0.0,0,0,2017-04-13,33419200,99.105,2,0,0,0,0,0,0,0,0,99.115,5,0,0,0,0,0,0,0,0
214,2017-04-13,09:16:59,700,TF1706,CCFX,99.11,99.0,99.165,388,384493700,18010,18036,100.195,97.825,99.01,99,0.0,99,0.0,0,0,2017-04-13,33419700,99.105,2,0,0,0,0,0,0,0,0,99.115,6,0,0,0,0,0,0,0,0
215,2017-04-13,09:17:00,700,TF1706,CCFX,99.11,99.0,99.165,388,384493700,18010,18036,100.195,97.825,99.01,99,0.0,99,0.0,0,0,2017-04-13,33420700,99.105,6,0,0,0,0,0,0,0,0,99.115,8,0,0,0,0,0,0,0,0
216,2017-04-13,09:17:01,200,TF1706,CCFX,99.11,99.0,99.165,388,384493700,18010,18036,100.195,97.825,99.01,99,0.0,99,0.0,0,0,2017-04-13,33421200,99.105,6,0,0,0,0,0,0,0,0,99.11,2,0,0,0,0,0,0,0,0
217,2017-04-13,09:17:01,700,TF1706,CCFX,99.11,99.0,99.165,391,387466900,18011,18036,100.195,97.825,99.01,99,0.0,99,0.0,0,0,2017-04-13,33421700,99.105,4,0,0,0,0,0,0,0,0,99.11,1,0,0,0,0,0,0,0,0
218,2017-04-13,09:17:02,200,TF1706,CCFX,99.11,99.0,99.165,392,388458000,18011,18036,100.195,97.825,99.01,99,0.0,99,0.0,0,0,2017-04-13,33422200,99.105,4,0,0,0,0,0,0,0,0,99.11,1,0,0,0,0,0,0,0,0
219,2017-04-13,09:17:02,700,TF1706,CCFX,99.11,99.0,99.165,392,388458000,18011,18036,100.195,97.825,99.01,99,0.0,99,0.0,0,0,2017-04-13,33422700,99.105,5,0,0,0,0,0,0,0,0,99.11,1,0,0,0,0,0,0,0,0
220,2017-04-13,09:17:03,200,TF1706,CCFX,99.11,99.0,99.165,392,388458000,18011,18036,100.195,97.825,99.01,99,0.0,99,0.0,0,0,2017-04-13,33423200,99.105,3,0,0,0,0,0,0,0,0,99.11,1,0,0,0,0,0,0,0,0
221,2017-04-13,09:17:03,700,TF1706,CCFX,99.11,99.0,99.165,393,389449100,18011,18036,100.195,97.825,99.01,99,0.0,99,0.0,0,0,2017-04-13,33423700,99.105,3,0,0,0,0,0,0,0,0,99.115,8,0,0,0,0,0,0,0,0
222,2017-04-13,09:17:05,700,TF1706,CCFX,99.11,99.0,99.165,393,389449100,18011,18036,100.195,97.825,99.01,99,0.0,99,0.0,0,0,2017-04-13,33425700,99.105,1,0,0,0,0,0,0,0,0,99.115,8,0,0,0,0,0,0,0,0
223,2017-04-13,09:17:06,200,TF1706,CCFX,99.11,99.0,99.165,393,389449100,18011,18036,100.195,97.825,99.01,99,0.0,99,0.0,0,0,2017-04-13,33426200,99.105,1,0,0,0,0,0,0,0,0,99.115,8,0,0,0,0,0,0,0,0
224,2017-04-13,09:17:06,700,TF1706,CCFX,99.11,99.0,99.165,393,389449100,18011,18036,100.195,97.825,99.01,99,0.0,99,0.0,0,0,2017-04-13,33426700,99.105,2,0,0,0,0,0,0,0,0,99.115,8,0,0,0,0,0,0,0,0
225,2017-04-13,09:17:07,200,TF1706,CCFX,99.11,99.0,99.165,393,389449100,18011,18036,100.195,97.825,99.01,99,0.0,99,0.0,0,0,2017-04-13,33427200,99.105,2,0,0,0,0,0,0,0,0,99.115,8,0,0,0,0,0,0,0,0
226,2017-04-13,09:17:07,700,TF1706,CCFX,99.11,99.0,99.165,393,389449100,18011,18036,100.195,97.825,99.01,99,0.0,99,0.0,0,0,2017-04-13,33427700,99.105,2,0,0,0,0,0,0,0,0,99.115,8,0,0,0,0,0,0,0,0
227,2017-04-13,09:17:09,700,TF1706,CCFX,99.105,99.0,99.165,395,391431200,18011,18036,100.195,97.825,99.01,99,0.0,99,0.0,0,0,2017-04-13,33429700,99.1,2,0,0,0,0,0,0,0,0,99.11,2,0,0,0,0,0,0,0,0
228,2017-04-13,09:17:10,200,TF1706,CCFX,99.105,99.0,99.165,395,391431200,18011,18036,100.195,97.825,99.01,99,0.0,99,0.0,0,0,2017-04-13,33430200,99.1,2,0,0,0,0,0,0,0,0,99.11,7,0,0,0,0,0,0,0,0
229,2017-04-13,09:17:10,700,TF1706,CCFX,99.1,99.0,99.165,397,393413200,18011,18036,100.195,97.825,99.01,99,0.0,99,0.0,0,0,2017-04-13,33430700,99.095,5,0,0,0,0,0,0,0,0,99.11,7,0,0,0,0,0,0,0,0
230,2017-04-13,09:17:11,200,TF1706,CCFX,99.1,99.0,99.165,397,393413200,18011,18036,100.195,97.825,99.01,99,0.0,99,0.0,0,0,2017-04-13,33431200,99.095,5,0,0,0,0,0,0,0,0,99.11,8,0,0,0,0,0,0,0,0
231,2017-04-13,09:17:11,700,TF1706,CCFX,99.1,99.0,99.165,397,393413200,18011,18036,100.195,97.825,99.01,99,0.0,99,0.0,0,0,2017-04-13,33431700,99.105,4,0,0,0,0,0,0,0,0,99.11,9,0,0,0,0,0,0,0,0
232,2017-04-13,09:17:12,200,TF1706,CCFX,99.105,99.0,99.165,401,397377400,18007,18036,100.195,97.825,99.01,99,0.0,99,0.0,0,0,2017-04-13,33432200,99.095,3,0,0,0,0,0,0,0,0,99.105,15,0,0,0,0,0,0,0,0
233,2017-04-13,09:17:12,700,TF1706,CCFX,99.105,99.0,99.165,401,397377400,18007,18036,100.195,97.825,99.01,99,0.0,99,0.0,0,0,2017-04-13,33432700,99.1,2,0,0,0,0,0,0,0,0,99.105,14,0,0,0,0,0,0,0,0
234,2017-04-13,09:17:13,200,TF1706,CCFX,99.1,99.0,99.165,402,398368400,18007,18036,100.195,97.825,99.01,99,0.0,99,0.0,0,0,2017-04-13,33433200,99.095,3,0,0,0,0,0,0,0,0,99.105,9,0,0,0,0,0,0,0,0
235,2017-04-13,09:17:13,700,TF1706,CCFX,99.105,99.0,99.165,404,400350500,18005,18036,100.195,97.825,99.01,99,0.0,99,0.0,0,0,2017-04-13,33433700,99.1,1,0,0,0,0,0,0,0,0,99.105,7,0,0,0,0,0,0,0,0
236,2017-04-13,09:17:14,200,TF1706,CCFX,99.105,99.0,99.165,405,401341550,18006,18036,100.195,97.825,99.01,99,0.0,99,0.0,0,0,2017-04-13,33434200,99.1,1,0,0,0,0,0,0,0,0,99.105,8,0,0,0,0,0,0,0,0
237,2017-04-13,09:17:14,700,TF1706,CCFX,99.105,99.0,99.165,405,401341550,18006,18036,100.195,97.825,99.01,99,0.0,99,0.0,0,0,2017-04-13,33434700,99.095,3,0,0,0,0,0,0,0,0,99.105,8,0,0,0,0,0,0,0,0
238,2017-04-13,09:17:15,700,TF1706,CCFX,99.105,99.0,99.165,405,401341550,18006,18036,100.195,97.825,99.01,99,0.0,99,0.0,0,0,2017-04-13,33435700,99.095,3,0,0,0,0,0,0,0,0,99.1,2,0,0,0,0,0,0,0,0
239,2017-04-13,09:17:16,200,TF1706,CCFX,99.1,99.0,99.165,411,407287550,18007,18036,100.195,97.825,99.01,99,0.0,99,0.0,0,0,2017-04-13,33436200,99.095,5,0,0,0,0,0,0,0,0,99.1,1,0,0,0,0,0,0,0,0
240,2017-04-13,09:17:16,700,TF1706,CCFX,99.1,99.0,99.165,412,408278550,18008,18036,100.195,97.825,99.01,99,0.0,99,0.0,0,0,2017-04-13,33436700,99.095,5,0,0,0,0,0,0,0,0,99.105,4,0,0,0,0,0,0,0,0
241,2017-04-13,09:17:18,200,TF1706,CCFX,99.1,99.0,99.165,412,408278550,18008,18036,100.195,97.825,99.01,99,0.0,99,0.0,0,0,2017-04-13,33438200,99.095,7,0,0,0,0,0,0,0,0,99.105,2,0,0,0,0,0,0,0,0
242,2017-04-13,09:17:18,700,TF1706,CCFX,99.1,99.0,99.165,412,408278550,18008,18036,100.195,97.825,99.01,99,0.0,99,0.0,0,0,2017-04-13,33438700,99.095,5,0,0,0,0,0,0,0,0,99.105,4,0,0,0,0,0,0,0,0
243,2017-04-13,09:17:19,200,TF1706,CCFX,99.1,99.0,99.165,412,408278550,18008,18036,100.195,97.825,99.01,99,0.0,99,0.0,0,0,2017-04-13,33439200,99.095,5,0,0,0,0,0,0,0,0,99.105,2,0,0,0,0,0,0,0,0
244,2017-04-13,09:17:19,700,TF1706,CCFX,99.1,99.0,99.165,412,408278550,18008,18036,100.195,97.825,99.01,99,0.0,99,0.0,0,0,2017-04-13,33439700,99.095,3,0,0,0,0,0,0,0,0,99.105,2,0,0,0,0,0,0,0,0
245,2017-04-13,09:17:20,200,TF1706,CCFX,99.1,99.0,99.165,412,408278550,18008,18036,100.195,97.825,99.01,99,0.0,99,0.0,0,0,2017-04-13,33440200,99.095,5,0,0,0,0,0,0,0,0,99.105,6,0,0,0,0,0,0,0,0
246,2017-04-13,09:17:20,700,TF1706,CCFX,99.1,99.0,99.165,412,408278550,18008,18036,100.195,97.825,99.01,99,0.0,99,0.0,0,0,2017-04-13,33440700,99.095,5,0,0,0,0,0,0,0,0,99.105,6,0,0,0,0,0,0,0,0
247,2017-04-13,09:17:22,200,TF1706,CCFX,99.1,99.0,99.165,412,408278550,18008,18036,100.195,97.825,99.01,99,0.0,99,0.0,0,0,2017-04-13,33442200,99.095,5,0,0,0,0,0,0,0,0,99.105,8,0,0,0,0,0,0,0,0
248,2017-04-13,09:17:24,700,TF1706,CCFX,99.1,99.0,99.165,412,408278550,18008,18036,100.195,97.825,99.01,99,0.0,99,0.0,0,0,2017-04-13,33444700,99.095,3,0,0,0,0,0,0,0,0,99.105,8,0,0,0,0,0,0,0,0
249,2017-04-13,09:17:25,200,TF1706,CCFX,99.1,99.0,99.165,412,408278550,18008,18036,100.195,97.825,99.01,99,0.0,99,0.0,0,0,2017-04-13,33445200,99.095,5,0,0,0,0,0,0,0,0,99.105,8,0,0,0,0,0,0,0,0
250,2017-04-13,09:17:25,700,TF1706,CCFX,99.1,99.0,99.165,412,408278550,18008,18036,100.195,97.825,99.01,99,0.0,99,0.0,0,0,2017-04-13,33445700,99.095,3,0,0,0,0,0,0,0,0,99.105,8,0,0,0,0,0,0,0,0
251,2017-04-13,09:17:26,200,TF1706,CCFX,99.1,99.0,99.165,412,408278550,18008,18036,100.195,97.825,99.01,99,0.0,99,0.0,0,0,2017-04-13,33446200,99.095,10,0,0,0,0,0,0,0,0,99.105,5,0,0,0,0,0,0,0,0
252,2017-04-13,09:17:27,200,TF1706,CCFX,99.1,99.0,99.165,412,408278550,18008,18036,100.195,97.825,99.01,99,0.0,99,0.0,0,0,2017-04-13,33447200,99.095,3,0,0,0,0,0,0,0,0,99.105,9,0,0,0,0,0,0,0,0
253,2017-04-13,09:17:27,700,TF1706,CCFX,99.1,99.0,99.165,412,408278550,18008,18036,100.195,97.825,99.01,99,0.0,99,0.0,0,0,2017-04-13,33447700,99.095,5,0,0,0,0,0,0,0,0,99.105,9,0,0,0,0,0,0,0,0
254,2017-04-13,09:17:28,200,TF1706,CCFX,99.095,99.0,99.165,419,415215200,18009,18036,100.195,97.825,99.01,99,0.0,99,0.0,0,0,2017-04-13,33448200,99.09,6,0,0,0,0,0,0,0,0,99.095,3,0,0,0,0,0,0,0,0
255,2017-04-13,09:17:28,700,TF1706,CCFX,99.095,99.0,99.165,422,418188050,18012,18036,100.195,97.825,99.01,99,0.0,99,0.0,0,0,2017-04-13,33448700,99.09,11,0,0,0,0,0,0,0,0,99.105,7,0,0,0,0,0,0,0,0
256,2017-04-13,09:17:29,200,TF1706,CCFX,99.095,99.0,99.165,422,418188050,18012,18036,100.195,97.825,99.01,99,0.0,99,0.0,0,0,2017-04-13,33449200,99.09,13,0,0,0,0,0,0,0,0,99.105,9,0,0,0,0,0,0,0,0
257,2017-04-13,09:17:29,700,TF1706,CCFX,99.095,99.0,99.165,422,418188050,18012,18036,100.195,97.825,99.01,99,0.0,99,0.0,0,0,2017-04-13,33449700,99.09,13,0,0,0,0,0,0,0,0,99.105,9,0,0,0,0,0,0,0,0
258,2017-04-13,09:17:31,700,TF1706,CCFX,99.095,99.0,99.165,422,418188050,18012,18036,100.195,97.825,99.01,99,0.0,99,0.0,0,0,2017-04-13,33451700,99.09,13,0,0,0,0,0,0,0,0,99.105,9,0,0,0,0,0,0,0,0
259,2017-04-13,09:17:32,200,TF1706,CCFX,99.095,99.0,99.165,422,418188050,18012,18036,100.195,97.825,99.01,99,0.0,99,0.0,0,0,2017-04-13,33452200,99.09,13,0,0,0,0,0,0,0,0,99.1,10,0,0,0,0,0,0,0,0
260,2017-04-13,09:17:32,700,TF1706,CCFX,99.09,99.0,99.165,432,428097050,18019,18036,100.195,97.825,99.01,99,0.0,99,0.0,0,0,2017-04-13,33452700,99.09,3,0,0,0,0,0,0,0,0,99.1,11,0,0,0,0,0,0,0,0
261,2017-04-13,09:17:33,200,TF1706,CCFX,99.09,99.0,99.165,432,428097050,18019,18036,100.195,97.825,99.01,99,0.0,99,0.0,0,0,2017-04-13,33453200,99.09,3,0,0,0,0,0,0,0,0,99.095,2,0,0,0,0,0,0,0,0
262,2017-04-13,09:17:33,700,TF1706,CCFX,99.09,99.0,99.165,434,430078850,18019,18036,100.195,97.825,99.01,99,0.0,99,0.0,0,0,2017-04-13,33453700,99.09,1,0,0,0,0,0,0,0,0,99.095,2,0,0,0,0,0,0,0,0
263,2017-04-13,09:17:34,200,TF1706,CCFX,99.09,99.0,99.165,435,431069750,18018,18036,100.195,97.825,99.01,99,0.0,99,0.0,0,0,2017-04-13,33454200,99.08,2,0,0,0,0,0,0,0,0,99.085,1,0,0,0,0,0,0,0,0
264,2017-04-13,09:17:34,700,TF1706,CCFX,99.085,99.0,99.165,436,432060600,18017,18036,100.195,97.825,99.01,99,0.0,99,0.0,0,0,2017-04-13,33454700,99.085,3,0,0,0,0,0,0,0,0,99.095,4,0,0,0,0,0,0,0,0
265,2017-04-13,09:17:35,200,TF1706,CCFX,99.09,99.0,99.165,437,433051500,18016,18036,100.195,97.825,99.01,99,0.0,99,0.0,0,0,2017-04-13,33455200,99.085,2,0,0,0,0,0,0,0,0,99.09,2,0,0,0,0,0,0,0,0
266,2017-04-13,09:17:35,700,TF1706,CCFX,99.09,99.0,99.165,438,434042400,18017,18036,100.195,97.825,99.01,99,0.0,99,0.0,0,0,2017-04-13,33455700,99.085,2,0,0,0,0,0,0,0,0,99.095,4,0,0,0,0,0,0,0,0
267,2017-04-13,09:17:36,200,TF1706,CCFX,99.09,99.0,99.165,438,434042400,18017,18036,100.195,97.825,99.01,99,0.0,99,0.0,0,0,2017-04-13,33456200,99.085,2,0,0,0,0,0,0,0,0,99.09,2,0,0,0,0,0,0,0,0
268,2017-04-13,09:17:36,700,TF1706,CCFX,99.08,99.0,99.165,439,435033200,18016,18036,100.195,97.825,99.01,99,0.0,99,0.0,0,0,2017-04-13,33456700,99.08,3,0,0,0,0,0,0,0,0,99.09,1,0,0,0,0,0,0,0,0
269,2017-04-13,09:17:37,200,TF1706,CCFX,99.08,99.0,99.165,439,435033200,18016,18036,100.195,97.825,99.01,99,0.0,99,0.0,0,0,2017-04-13,33457200,99.08,3,0,0,0,0,0,0,0,0,99.09,2,0,0,0,0,0,0,0,0
270,2017-04-13,09:17:37,700,TF1706,CCFX,99.08,99.0,99.165,439,435033200,18016,18036,100.195,97.825,99.01,99,0.0,99,0.0,0,0,2017-04-13,33457700,99.08,3,0,0,0,0,0,0,0,0,99.09,2,0,0,0,0,0,0,0,0
271,2017-04-13,09:17:38,200,TF1706,CCFX,99.08,99.0,99.165,439,435033200,18016,18036,100.195,97.825,99.01,99,0.0,99,0.0,0,0,2017-04-13,33458200,99.08,1,0,0,0,0,0,0,0,0,99.09,2,0,0,0,0,0,0,0,0
272,2017-04-13,09:17:38,700,TF1706,CCFX,99.08,99.0,99.165,439,435033200,18016,18036,100.195,97.825,99.01,99,0.0,99,0.0,0,0,2017-04-13,33458700,99.08,3,0,0,0,0,0,0,0,0,99.09,3,0,0,0,0,0,0,0,0
273,2017-04-13,09:17:39,200,TF1706,CCFX,99.08,99.0,99.165,439,435033200,18016,18036,100.195,97.825,99.01,99,0.0,99,0.0,0,0,2017-04-13,33459200,99.08,1,0,0,0,0,0,0,0,0,99.09,3,0,0,0,0,0,0,0,0
274,2017-04-13,09:17:40,200,TF1706,CCFX,99.08,99.0,99.165,439,435033200,18016,18036,100.195,97.825,99.01,99,0.0,99,0.0,0,0,2017-04-13,33460200,99.08,3,0,0,0,0,0,0,0,0,99.09,3,0,0,0,0,0,0,0,0
275,2017-04-13,09:17:40,700,TF1706,CCFX,99.08,99.0,99.165,442,438005600,18018,18036,100.195,97.825,99.01,99,0.0,99,0.0,0,0,2017-04-13,33460700,99.075,9,0,0,0,0,0,0,0,0,99.08,7,0,0,0,0,0,0,0,0
276,2017-04-13,09:17:41,200,TF1706,CCFX,99.08,99.0,99.165,449,444941200,18019,18036,100.195,97.825,99.01,99,0.0,99,0.0,0,0,2017-04-13,33461200,99.08,2,0,0,0,0,0,0,0,0,99.09,3,0,0,0,0,0,0,0,0
277,2017-04-13,09:17:41,700,TF1706,CCFX,99.08,99.0,99.165,449,444941200,18019,18036,100.195,97.825,99.01,99,0.0,99,0.0,0,0,2017-04-13,33461700,99.08,4,0,0,0,0,0,0,0,0,99.09,3,0,0,0,0,0,0,0,0
278,2017-04-13,09:17:42,200,TF1706,CCFX,99.08,99.0,99.165,449,444941200,18019,18036,100.195,97.825,99.01,99,0.0,99,0.0,0,0,2017-04-13,33462200,99.08,5,0,0,0,0,0,0,0,0,99.09,3,0,0,0,0,0,0,0,0
279,2017-04-13,09:17:43,200,TF1706,CCFX,99.08,99.0,99.165,449,444941200,18019,18036,100.195,97.825,99.01,99,0.0,99,0.0,0,0,2017-04-13,33463200,99.08,5,0,0,0,0,0,0,0,0,99.09,3,0,0,0,0,0,0,0,0
280,2017-04-13,09:17:43,700,TF1706,CCFX,99.08,99.0,99.165,449,444941200,18019,18036,100.195,97.825,99.01,99,0.0,99,0.0,0,0,2017-04-13,33463700,99.08,2,0,0,0,0,0,0,0,0,99.09,3,0,0,0,0,0,0,0,0
281,2017-04-13,09:17:44,200,TF1706,CCFX,99.08,99.0,99.165,449,444941200,18019,18036,100.195,97.825,99.01,99,0.0,99,0.0,0,0,2017-04-13,33464200,99.075,13,0,0,0,0,0,0,0,0,99.09,3,0,0,0,0,0,0,0,0
282,2017-04-13,09:17:44,700,TF1706,CCFX,99.09,99.0,99.165,452,447913900,18022,18036,100.195,97.825,99.01,99,0.0,99,0.0,0,0,2017-04-13,33464700,99.08,4,0,0,0,0,0,0,0,0,99.095,2,0,0,0,0,0,0,0,0
283,2017-04-13,09:17:45,200,TF1706,CCFX,99.09,99.0,99.165,452,447913900,18022,18036,100.195,97.825,99.01,99,0.0,99,0.0,0,0,2017-04-13,33465200,99.08,12,0,0,0,0,0,0,0,0,99.095,2,0,0,0,0,0,0,0,0
284,2017-04-13,09:17:45,700,TF1706,CCFX,99.09,99.0,99.165,452,447913900,18022,18036,100.195,97.825,99.01,99,0.0,99,0.0,0,0,2017-04-13,33465700,99.08,1,0,0,0,0,0,0,0,0,99.085,5,0,0,0,0,0,0,0,0
285,2017-04-13,09:17:46,200,TF1706,CCFX,99.085,99.0,99.165,454,449895600,18022,18036,100.195,97.825,99.01,99,0.0,99,0.0,0,0,2017-04-13,33466200,99.08,1,0,0,0,0,0,0,0,0,99.085,3,0,0,0,0,0,0,0,0
286,2017-04-13,09:17:46,700,TF1706,CCFX,99.085,99.0,99.165,454,449895600,18022,18036,100.195,97.825,99.01,99,0.0,99,0.0,0,0,2017-04-13,33466700,99.075,13,0,0,0,0,0,0,0,0,99.08,10,0,0,0,0,0,0,0,0
287,2017-04-13,09:17:47,200,TF1706,CCFX,99.08,99.0,99.165,460,455840300,18026,18036,100.195,97.825,99.01,99,0.0,99,0.0,0,0,2017-04-13,33467200,99.075,11,0,0,0,0,0,0,0,0,99.08,6,0,0,0,0,0,0,0,0
288,2017-04-13,09:17:47,700,TF1706,CCFX,99.08,99.0,99.165,461,456831100,18026,18036,100.195,97.825,99.01,99,0.0,99,0.0,0,0,2017-04-13,33467700,99.075,11,0,0,0,0,0,0,0,0,99.08,5,0,0,0,0,0,0,0,0
289,2017-04-13,09:17:48,200,TF1706,CCFX,99.08,99.0,99.165,461,456831100,18026,18036,100.195,97.825,99.01,99,0.0,99,0.0,0,0,2017-04-13,33468200,99.075,11,0,0,0,0,0,0,0,0,99.08,5,0,0,0,0,0,0,0,0
290,2017-04-13,09:17:48,700,TF1706,CCFX,99.08,99.0,99.165,461,456831100,18026,18036,100.195,97.825,99.01,99,0.0,99,0.0,0,0,2017-04-13,33468700,99.075,2,0,0,0,0,0,0,0,0,99.08,5,0,0,0,0,0,0,0,0
291,2017-04-13,09:17:49,200,TF1706,CCFX,99.08,99.0,99.165,461,456831100,18026,18036,100.195,97.825,99.01,99,0.0,99,0.0,0,0,2017-04-13,33469200,99.075,2,0,0,0,0,0,0,0,0,99.08,16,0,0,0,0,0,0,0,0
292,2017-04-13,09:17:49,700,TF1706,CCFX,99.075,99.0,99.165,463,458812600,18027,18036,100.195,97.825,99.01,99,0.0,99,0.0,0,0,2017-04-13,33469700,99.07,11,0,0,0,0,0,0,0,0,99.075,2,0,0,0,0,0,0,0,0
293,2017-04-13,09:17:50,200,TF1706,CCFX,99.075,99.0,99.165,466,461784800,18029,18036,100.195,97.825,99.01,99,0.0,99,0.0,0,0,2017-04-13,33470200,99.07,11,0,0,0,0,0,0,0,0,99.08,16,0,0,0,0,0,0,0,0
294,2017-04-13,09:17:50,700,TF1706,CCFX,99.075,99.0,99.165,466,461784800,18029,18036,100.195,97.825,99.01,99,0.0,99,0.0,0,0,2017-04-13,33470700,99.07,4,0,0,0,0,0,0,0,0,99.08,16,0,0,0,0,0,0,0,0
295,2017-04-13,09:17:51,200,TF1706,CCFX,99.075,99.0,99.165,466,461784800,18029,18036,100.195,97.825,99.01,99,0.0,99,0.0,0,0,2017-04-13,33471200,99.07,11,0,0,0,0,0,0,0,0,99.075,2,0,0,0,0,0,0,0,0
296,2017-04-13,09:17:51,700,TF1706,CCFX,99.075,99.0,99.165,466,461784800,18029,18036,100.195,97.825,99.01,99,0.0,99,0.0,0,0,2017-04-13,33471700,99.07,11,0,0,0,0,0,0,0,0,99.075,1,0,0,0,0,0,0,0,0
297,2017-04-13,09:17:52,200,TF1706,CCFX,99.07,99.0,99.165,470,465747600,18031,18036,100.195,97.825,99.01,99,0.0,99,0.0,0,0,2017-04-13,33472200,99.07,4,0,0,0,0,0,0,0,0,99.075,1,0,0,0,0,0,0,0,0
298,2017-04-13,09:17:52,700,TF1706,CCFX,99.08,99.0,99.165,473,468719850,18032,18036,100.195,97.825,99.01,99,0.0,99,0.0,0,0,2017-04-13,33472700,99.065,13,0,0,0,0,0,0,0,0,99.08,15,0,0,0,0,0,0,0,0
299,2017-04-13,09:17:53,200,TF1706,CCFX,99.08,99.0,99.165,473,468719850,18032,18036,100.195,97.825,99.01,99,0.0,99,0.0,0,0,2017-04-13,33473200,99.065,8,0,0,0,0,0,0,0,0,99.075,1,0,0,0,0,0,0,0,0
300,2017-04-13,09:17:53,700,TF1706,CCFX,99.08,99.0,99.165,473,468719850,18032,18036,100.195,97.825,99.01,99,0.0,99,0.0,0,0,2017-04-13,33473700,99.065,13,0,0,0,0,0,0,0,0,99.075,1,0,0,0,0,0,0,0,0
301,2017-04-13,09:17:54,200,TF1706,CCFX,99.08,99.0,99.165,473,468719850,18032,18036,100.195,97.825,99.01,99,0.0,99,0.0,0,0,2017-04-13,33474200,99.065,16,0,0,0,0,0,0,0,0,99.075,1,0,0,0,0,0,0,0,0
302,2017-04-13,09:17:54,700,TF1706,CCFX,99.08,99.0,99.165,473,468719850,18032,18036,100.195,97.825,99.01,99,0.0,99,0.0,0,0,2017-04-13,33474700,99.065,11,0,0,0,0,0,0,0,0,99.075,1,0,0,0,0,0,0,0,0
303,2017-04-13,09:17:56,200,TF1706,CCFX,99.08,99.0,99.165,473,468719850,18032,18036,100.195,97.825,99.01,99,0.0,99,0.0,0,0,2017-04-13,33476200,99.065,16,0,0,0,0,0,0,0,0,99.075,2,0,0,0,0,0,0,0,0
304,2017-04-13,09:17:56,700,TF1706,CCFX,99.08,99.0,99.165,473,468719850,18032,18036,100.195,97.825,99.01,99,0.0,99,0.0,0,0,2017-04-13,33476700,99.07,1,0,0,0,0,0,0,0,0,99.075,2,0,0,0,0,0,0,0,0
305,2017-04-13,09:17:57,200,TF1706,CCFX,99.08,99.0,99.165,473,468719850,18032,18036,100.195,97.825,99.01,99,0.0,99,0.0,0,0,2017-04-13,33477200,99.07,2,0,0,0,0,0,0,0,0,99.075,1,0,0,0,0,0,0,0,0
306,2017-04-13,09:17:57,700,TF1706,CCFX,99.075,99.0,99.165,474,469710600,18032,18036,100.195,97.825,99.01,99,0.0,99,0.0,0,0,2017-04-13,33477700,99.075,3,0,0,0,0,0,0,0,0,99.08,15,0,0,0,0,0,0,0,0
307,2017-04-13,09:17:58,200,TF1706,CCFX,99.075,99.0,99.165,479,474664350,18035,18036,100.195,97.825,99.01,99,0.0,99,0.0,0,0,2017-04-13,33478200,99.075,1,0,0,0,0,0,0,0,0,99.08,15,0,0,0,0,0,0,0,0
308,2017-04-13,09:17:58,700,TF1706,CCFX,99.075,99.0,99.165,479,474664350,18035,18036,100.195,97.825,99.01,99,0.0,99,0.0,0,0,2017-04-13,33478700,99.075,4,0,0,0,0,0,0,0,0,99.08,15,0,0,0,0,0,0,0,0
309,2017-04-13,09:17:59,200,TF1706,CCFX,99.075,99.0,99.165,480,475655100,18035,18036,100.195,97.825,99.01,99,0.0,99,0.0,0,0,2017-04-13,33479200,99.07,13,0,0,0,0,0,0,0,0,99.08,15,0,0,0,0,0,0,0,0
310,2017-04-13,09:17:59,700,TF1706,CCFX,99.075,99.0,99.165,480,475655100,18035,18036,100.195,97.825,99.01,99,0.0,99,0.0,0,0,2017-04-13,33479700,99.075,1,0,0,0,0,0,0,0,0,99.08,15,0,0,0,0,0,0,0,0
311,2017-04-13,09:18:00,700,TF1706,CCFX,99.075,99.0,99.165,480,475655100,18035,18036,100.195,97.825,99.01,99,0.0,99,0.0,0,0,2017-04-13,33480700,99.075,1,0,0,0,0,0,0,0,0,99.08,15,0,0,0,0,0,0,0,0
312,2017-04-13,09:18:01,200,TF1706,CCFX,99.075,99.0,99.165,480,475655100,18035,18036,100.195,97.825,99.01,99,0.0,99,0.0,0,0,2017-04-13,33481200,99.075,5,0,0,0,0,0,0,0,0,99.08,15,0,0,0,0,0,0,0,0
313,2017-04-13,09:18:01,700,TF1706,CCFX,99.075,99.0,99.165,483,478627350,18036,18036,100.195,97.825,99.01,99,0.0,99,0.0,0,0,2017-04-13,33481700,99.075,4,0,0,0,0,0,0,0,0,99.08,15,0,0,0,0,0,0,0,0
314,2017-04-13,09:18:02,200,TF1706,CCFX,99.075,99.0,99.165,483,478627350,18036,18036,100.195,97.825,99.01,99,0.0,99,0.0,0,0,2017-04-13,33482200,99.07,14,0,0,0,0,0,0,0,0,99.08,15,0,0,0,0,0,0,0,0
315,2017-04-13,09:18:04,200,TF1706,CCFX,99.08,99.0,99.165,487,482590550,18040,18036,100.195,97.825,99.01,99,0.0,99,0.0,0,0,2017-04-13,33484200,99.07,7,0,0,0,0,0,0,0,0,99.08,11,0,0,0,0,0,0,0,0
316,2017-04-13,09:18:04,700,TF1706,CCFX,99.08,99.0,99.165,487,482590550,18040,18036,100.195,97.825,99.01,99,0.0,99,0.0,0,0,2017-04-13,33484700,99.075,7,0,0,0,0,0,0,0,0,99.08,11,0,0,0,0,0,0,0,0
317,2017-04-13,09:18:05,200,TF1706,CCFX,99.08,99.0,99.165,487,482590550,18040,18036,100.195,97.825,99.01,99,0.0,99,0.0,0,0,2017-04-13,33485200,99.075,9,0,0,0,0,0,0,0,0,99.08,11,0,0,0,0,0,0,0,0
318,2017-04-13,09:18:05,700,TF1706,CCFX,99.08,99.0,99.165,487,482590550,18040,18036,100.195,97.825,99.01,99,0.0,99,0.0,0,0,2017-04-13,33485700,99.075,9,0,0,0,0,0,0,0,0,99.08,10,0,0,0,0,0,0,0,0
319,2017-04-13,09:18:06,200,TF1706,CCFX,99.08,99.0,99.165,488,483581350,18041,18036,100.195,97.825,99.01,99,0.0,99,0.0,0,0,2017-04-13,33486200,99.075,10,0,0,0,0,0,0,0,0,99.08,9,0,0,0,0,0,0,0,0
320,2017-04-13,09:18:06,700,TF1706,CCFX,99.08,99.0,99.165,490,485562950,18042,18036,100.195,97.825,99.01,99,0.0,99,0.0,0,0,2017-04-13,33486700,99.075,10,0,0,0,0,0,0,0,0,99.08,7,0,0,0,0,0,0,0,0
321,2017-04-13,09:18:07,200,TF1706,CCFX,99.07,99.0,99.165,517,512312850,18063,18036,100.195,97.825,99.01,99,0.0,99,0.0,0,0,2017-04-13,33487200,99.08,2,0,0,0,0,0,0,0,0,99.085,3,0,0,0,0,0,0,0,0
322,2017-04-13,09:18:07,700,TF1706,CCFX,99.08,99.0,99.165,519,514294450,18063,18036,100.195,97.825,99.01,99,0.0,99,0.0,0,0,2017-04-13,33487700,99.075,8,0,0,0,0,0,0,0,0,99.08,9,0,0,0,0,0,0,0,0
323,2017-04-13,09:18:08,200,TF1706,CCFX,99.08,99.0,99.165,519,514294450,18063,18036,100.195,97.825,99.01,99,0.0,99,0.0,0,0,2017-04-13,33488200,99.075,8,0,0,0,0,0,0,0,0,99.08,6,0,0,0,0,0,0,0,0
324,2017-04-13,09:18:08,700,TF1706,CCFX,99.08,99.0,99.165,519,514294450,18063,18036,100.195,97.825,99.01,99,0.0,99,0.0,0,0,2017-04-13,33488700,99.075,8,0,0,0,0,0,0,0,0,99.08,7,0,0,0,0,0,0,0,0
325,2017-04-13,09:18:09,700,TF1706,CCFX,99.08,99.0,99.165,519,514294450,18063,18036,100.195,97.825,99.01,99,0.0,99,0.0,0,0,2017-04-13,33489700,99.075,8,0,0,0,0,0,0,0,0,99.08,7,0,0,0,0,0,0,0,0
326,2017-04-13,09:18:10,200,TF1706,CCFX,99.08,99.0,99.165,520,515285250,18063,18036,100.195,97.825,99.01,99,0.0,99,0.0,0,0,2017-04-13,33490200,99.075,8,0,0,0,0,0,0,0,0,99.08,4,0,0,0,0,0,0,0,0
327,2017-04-13,09:18:10,700,TF1706,CCFX,99.08,99.0,99.165,521,516276050,18063,18036,100.195,97.825,99.01,99,0.0,99,0.0,0,0,2017-04-13,33490700,99.075,8,0,0,0,0,0,0,0,0,99.08,3,0,0,0,0,0,0,0,0
328,2017-04-13,09:18:11,200,TF1706,CCFX,99.08,99.0,99.165,521,516276050,18063,18036,100.195,97.825,99.01,99,0.0,99,0.0,0,0,2017-04-13,33491200,99.075,8,0,0,0,0,0,0,0,0,99.08,3,0,0,0,0,0,0,0,0
329,2017-04-13,09:18:11,700,TF1706,CCFX,99.08,99.0,99.165,521,516276050,18063,18036,100.195,97.825,99.01,99,0.0,99,0.0,0,0,2017-04-13,33491700,99.075,8,0,0,0,0,0,0,0,0,99.08,3,0,0,0,0,0,0,0,0
330,2017-04-13,09:18:12,200,TF1706,CCFX,99.08,99.0,99.165,521,516276050,18063,18036,100.195,97.825,99.01,99,0.0,99,0.0,0,0,2017-04-13,33492200,99.075,8,0,0,0,0,0,0,0,0,99.08,3,0,0,0,0,0,0,0,0
331,2017-04-13,09:18:12,700,TF1706,CCFX,99.08,99.0,99.165,521,516276050,18063,18036,100.195,97.825,99.01,99,0.0,99,0.0,0,0,2017-04-13,33492700,99.075,8,0,0,0,0,0,0,0,0,99.08,3,0,0,0,0,0,0,0,0
332,2017-04-13,09:18:13,700,TF1706,CCFX,99.08,99.0,99.165,521,516276050,18063,18036,100.195,97.825,99.01,99,0.0,99,0.0,0,0,2017-04-13,33493700,99.075,8,0,0,0,0,0,0,0,0,99.08,3,0,0,0,0,0,0,0,0
333,2017-04-13,09:18:17,700,TF1706,CCFX,99.08,99.0,99.165,521,516276050,18063,18036,100.195,97.825,99.01,99,0.0,99,0.0,0,0,2017-04-13,33497700,99.075,8,0,0,0,0,0,0,0,0,99.08,1,0,0,0,0,0,0,0,0
334,2017-04-13,09:18:18,200,TF1706,CCFX,99.08,99.0,99.165,521,516276050,18063,18036,100.195,97.825,99.01,99,0.0,99,0.0,0,0,2017-04-13,33498200,99.07,12,0,0,0,0,0,0,0,0,99.08,1,0,0,0,0,0,0,0,0
335,2017-04-13,09:18:18,700,TF1706,CCFX,99.08,99.0,99.165,521,516276050,18063,18036,100.195,97.825,99.01,99,0.0,99,0.0,0,0,2017-04-13,33498700,99.07,4,0,0,0,0,0,0,0,0,99.08,1,0,0,0,0,0,0,0,0
336,2017-04-13,09:18:19,200,TF1706,CCFX,99.08,99.0,99.165,521,516276050,18063,18036,100.195,97.825,99.01,99,0.0,99,0.0,0,0,2017-04-13,33499200,99.07,4,0,0,0,0,0,0,0,0,99.08,2,0,0,0,0,0,0,0,0
337,2017-04-13,09:18:19,700,TF1706,CCFX,99.08,99.0,99.165,521,516276050,18063,18036,100.195,97.825,99.01,99,0.0,99,0.0,0,0,2017-04-13,33499700,99.075,8,0,0,0,0,0,0,0,0,99.08,3,0,0,0,0,0,0,0,0
338,2017-04-13,09:18:20,200,TF1706,CCFX,99.08,99.0,99.165,521,516276050,18063,18036,100.195,97.825,99.01,99,0.0,99,0.0,0,0,2017-04-13,33500200,99.07,12,0,0,0,0,0,0,0,0,99.08,3,0,0,0,0,0,0,0,0
339,2017-04-13,09:18:20,700,TF1706,CCFX,99.08,99.0,99.165,521,516276050,18063,18036,100.195,97.825,99.01,99,0.0,99,0.0,0,0,2017-04-13,33500700,99.07,8,0,0,0,0,0,0,0,0,99.08,3,0,0,0,0,0,0,0,0
340,2017-04-13,09:18:21,200,TF1706,CCFX,99.08,99.0,99.165,521,516276050,18063,18036,100.195,97.825,99.01,99,0.0,99,0.0,0,0,2017-04-13,33501200,99.07,14,0,0,0,0,0,0,0,0,99.08,3,0,0,0,0,0,0,0,0
341,2017-04-13,09:18:24,200,TF1706,CCFX,99.08,99.0,99.165,521,516276050,18063,18036,100.195,97.825,99.01,99,0.0,99,0.0,0,0,2017-04-13,33504200,99.07,10,0,0,0,0,0,0,0,0,99.08,3,0,0,0,0,0,0,0,0
342,2017-04-13,09:18:24,700,TF1706,CCFX,99.08,99.0,99.165,521,516276050,18063,18036,100.195,97.825,99.01,99,0.0,99,0.0,0,0,2017-04-13,33504700,99.075,4,0,0,0,0,0,0,0,0,99.08,3,0,0,0,0,0,0,0,0
343,2017-04-13,09:18:25,200,TF1706,CCFX,99.08,99.0,99.165,521,516276050,18063,18036,100.195,97.825,99.01,99,0.0,99,0.0,0,0,2017-04-13,33505200,99.075,8,0,0,0,0,0,0,0,0,99.08,3,0,0,0,0,0,0,0,0
344,2017-04-13,09:18:25,700,TF1706,CCFX,99.08,99.0,99.165,521,516276050,18063,18036,100.195,97.825,99.01,99,0.0,99,0.0,0,0,2017-04-13,33505700,99.075,8,0,0,0,0,0,0,0,0,99.08,2,0,0,0,0,0,0,0,0
345,2017-04-13,09:18:26,200,TF1706,CCFX,99.08,99.0,99.165,521,516276050,18063,18036,100.195,97.825,99.01,99,0.0,99,0.0,0,0,2017-04-13,33506200,99.075,9,0,0,0,0,0,0,0,0,99.08,2,0,0,0,0,0,0,0,0
346,2017-04-13,09:18:26,700,TF1706,CCFX,99.08,99.0,99.165,521,516276050,18063,18036,100.195,97.825,99.01,99,0.0,99,0.0,0,0,2017-04-13,33506700,99.075,9,0,0,0,0,0,0,0,0,99.08,2,0,0,0,0,0,0,0,0
347,2017-04-13,09:18:28,700,TF1706,CCFX,99.08,99.0,99.165,521,516276050,18063,18036,100.195,97.825,99.01,99,0.0,99,0.0,0,0,2017-04-13,33508700,99.075,9,0,0,0,0,0,0,0,0,99.08,2,0,0,0,0,0,0,0,0
348,2017-04-13,09:18:29,200,TF1706,CCFX,99.08,99.0,99.165,521,516276050,18063,18036,100.195,97.825,99.01,99,0.0,99,0.0,0,0,2017-04-13,33509200,99.075,9,0,0,0,0,0,0,0,0,99.08,1,0,0,0,0,0,0,0,0
349,2017-04-13,09:18:29,700,TF1706,CCFX,99.08,99.0,99.165,521,516276050,18063,18036,100.195,97.825,99.01,99,0.0,99,0.0,0,0,2017-04-13,33509700,99.075,9,0,0,0,0,0,0,0,0,99.08,1,0,0,0,0,0,0,0,0
350,2017-04-13,09:18:32,200,TF1706,CCFX,99.08,99.0,99.165,521,516276050,18063,18036,100.195,97.825,99.01,99,0.0,99,0.0,0,0,2017-04-13,33512200,99.075,9,0,0,0,0,0,0,0,0,99.08,1,0,0,0,0,0,0,0,0
351,2017-04-13,09:18:33,700,TF1706,CCFX,99.08,99.0,99.165,521,516276050,18063,18036,100.195,97.825,99.01,99,0.0,99,0.0,0,0,2017-04-13,33513700,99.075,9,0,0,0,0,0,0,0,0,99.08,1,0,0,0,0,0,0,0,0
352,2017-04-13,09:18:34,700,TF1706,CCFX,99.08,99.0,99.165,521,516276050,18063,18036,100.195,97.825,99.01,99,0.0,99,0.0,0,0,2017-04-13,33514700,99.075,9,0,0,0,0,0,0,0,0,99.08,1,0,0,0,0,0,0,0,0
353,2017-04-13,09:18:35,200,TF1706,CCFX,99.08,99.0,99.165,521,516276050,18063,18036,100.195,97.825,99.01,99,0.0,99,0.0,0,0,2017-04-13,33515200,99.075,1,0,0,0,0,0,0,0,0,99.08,1,0,0,0,0,0,0,0,0
354,2017-04-13,09:18:35,700,TF1706,CCFX,99.08,99.0,99.165,521,516276050,18063,18036,100.195,97.825,99.01,99,0.0,99,0.0,0,0,2017-04-13,33515700,99.075,1,0,0,0,0,0,0,0,0,99.08,2,0,0,0,0,0,0,0,0
355,2017-04-13,09:18:36,200,TF1706,CCFX,99.08,99.0,99.165,521,516276050,18063,18036,100.195,97.825,99.01,99,0.0,99,0.0,0,0,2017-04-13,33516200,99.075,9,0,0,0,0,0,0,0,0,99.08,7,0,0,0,0,0,0,0,0
356,2017-04-13,09:18:37,700,TF1706,CCFX,99.08,99.0,99.165,521,516276050,18063,18036,100.195,97.825,99.01,99,0.0,99,0.0,0,0,2017-04-13,33517700,99.075,1,0,0,0,0,0,0,0,0,99.08,7,0,0,0,0,0,0,0,0
357,2017-04-13,09:18:38,200,TF1706,CCFX,99.075,99.0,99.165,522,517266800,18064,18036,100.195,97.825,99.01,99,0.0,99,0.0,0,0,2017-04-13,33518200,99.07,10,0,0,0,0,0,0,0,0,99.075,9,0,0,0,0,0,0,0,0
358,2017-04-13,09:18:38,700,TF1706,CCFX,99.075,99.0,99.165,522,517266800,18064,18036,100.195,97.825,99.01,99,0.0,99,0.0,0,0,2017-04-13,33518700,99.07,10,0,0,0,0,0,0,0,0,99.075,10,0,0,0,0,0,0,0,0
359,2017-04-13,09:18:40,700,TF1706,CCFX,99.075,99.0,99.165,525,520239050,18067,18036,100.195,97.825,99.01,99,0.0,99,0.0,0,0,2017-04-13,33520700,99.07,11,0,0,0,0,0,0,0,0,99.075,7,0,0,0,0,0,0,0,0
360,2017-04-13,09:18:41,200,TF1706,CCFX,99.075,99.0,99.165,533,528165050,18073,18036,100.195,97.825,99.01,99,0.0,99,0.0,0,0,2017-04-13,33521200,99.075,6,0,0,0,0,0,0,0,0,99.08,8,0,0,0,0,0,0,0,0
361,2017-04-13,09:18:41,700,TF1706,CCFX,99.075,99.0,99.165,533,528165050,18073,18036,100.195,97.825,99.01,99,0.0,99,0.0,0,0,2017-04-13,33521700,99.075,8,0,0,0,0,0,0,0,0,99.08,7,0,0,0,0,0,0,0,0
362,2017-04-13,09:18:42,700,TF1706,CCFX,99.075,99.0,99.165,548,543026550,18086,18036,100.195,97.825,99.01,99,0.0,99,0.0,0,0,2017-04-13,33522700,99.075,2,0,0,0,0,0,0,0,0,99.08,2,0,0,0,0,0,0,0,0
363,2017-04-13,09:18:43,200,TF1706,CCFX,99.075,99.0,99.165,548,543026550,18086,18036,100.195,97.825,99.01,99,0.0,99,0.0,0,0,2017-04-13,33523200,99.075,6,0,0,0,0,0,0,0,0,99.08,2,0,0,0,0,0,0,0,0
364,2017-04-13,09:18:43,700,TF1706,CCFX,99.075,99.0,99.165,548,543026550,18086,18036,100.195,97.825,99.01,99,0.0,99,0.0,0,0,2017-04-13,33523700,99.075,10,0,0,0,0,0,0,0,0,99.08,2,0,0,0,0,0,0,0,0
365,2017-04-13,09:18:45,200,TF1706,CCFX,99.075,99.0,99.165,558,552934050,18096,18036,100.195,97.825,99.01,99,0.0,99,0.0,0,0,2017-04-13,33525200,99.075,4,0,0,0,0,0,0,0,0,99.08,2,0,0,0,0,0,0,0,0
366,2017-04-13,09:18:47,700,TF1706,CCFX,99.075,99.0,99.165,558,552934050,18096,18036,100.195,97.825,99.01,99,0.0,99,0.0,0,0,2017-04-13,33527700,99.075,4,0,0,0,0,0,0,0,0,99.08,2,0,0,0,0,0,0,0,0
367,2017-04-13,09:18:50,200,TF1706,CCFX,99.075,99.0,99.165,558,552934050,18096,18036,100.195,97.825,99.01,99,0.0,99,0.0,0,0,2017-04-13,33530200,99.075,4,0,0,0,0,0,0,0,0,99.08,2,0,0,0,0,0,0,0,0
368,2017-04-13,09:18:51,200,TF1706,CCFX,99.075,99.0,99.165,566,560860050,18104,18036,100.195,97.825,99.01,99,0.0,99,0.0,0,0,2017-04-13,33531200,99.07,2,0,0,0,0,0,0,0,0,99.075,2,0,0,0,0,0,0,0,0
369,2017-04-13,09:18:52,700,TF1706,CCFX,99.075,99.0,99.165,566,560860050,18104,18036,100.195,97.825,99.01,99,0.0,99,0.0,0,0,2017-04-13,33532700,99.07,2,0,0,0,0,0,0,0,0,99.075,2,0,0,0,0,0,0,0,0
370,2017-04-13,09:18:53,200,TF1706,CCFX,99.075,99.0,99.165,566,560860050,18104,18036,100.195,97.825,99.01,99,0.0,99,0.0,0,0,2017-04-13,33533200,99.07,2,0,0,0,0,0,0,0,0,99.075,3,0,0,0,0,0,0,0,0
371,2017-04-13,09:18:55,700,TF1706,CCFX,99.075,99.0,99.165,566,560860050,18104,18036,100.195,97.825,99.01,99,0.0,99,0.0,0,0,2017-04-13,33535700,99.07,2,0,0,0,0,0,0,0,0,99.075,3,0,0,0,0,0,0,0,0
372,2017-04-13,09:18:56,200,TF1706,CCFX,99.075,99.0,99.165,566,560860050,18104,18036,100.195,97.825,99.01,99,0.0,99,0.0,0,0,2017-04-13,33536200,99.07,2,0,0,0,0,0,0,0,0,99.075,4,0,0,0,0,0,0,0,0
373,2017-04-13,09:18:56,700,TF1706,CCFX,99.07,99.0,99.165,568,562841450,18105,18036,100.195,97.825,99.01,99,0.0,99,0.0,0,0,2017-04-13,33536700,99.065,9,0,0,0,0,0,0,0,0,99.07,2,0,0,0,0,0,0,0,0
374,2017-04-13,09:18:57,200,TF1706,CCFX,99.07,99.0,99.165,568,562841450,18105,18036,100.195,97.825,99.01,99,0.0,99,0.0,0,0,2017-04-13,33537200,99.065,9,0,0,0,0,0,0,0,0,99.07,2,0,0,0,0,0,0,0,0
375,2017-04-13,09:18:57,700,TF1706,CCFX,99.07,99.0,99.165,568,562841450,18105,18036,100.195,97.825,99.01,99,0.0,99,0.0,0,0,2017-04-13,33537700,99.065,9,0,0,0,0,0,0,0,0,99.07,2,0,0,0,0,0,0,0,0
376,2017-04-13,09:18:59,700,TF1706,CCFX,99.07,99.0,99.165,568,562841450,18105,18036,100.195,97.825,99.01,99,0.0,99,0.0,0,0,2017-04-13,33539700,99.065,9,0,0,0,0,0,0,0,0,99.07,2,0,0,0,0,0,0,0,0
377,2017-04-13,09:19:01,700,TF1706,CCFX,99.065,99.0,99.165,577,571757300,18109,18036,100.195,97.825,99.01,99,0.0,99,0.0,0,0,2017-04-13,33541700,99.06,6,0,0,0,0,0,0,0,0,99.065,1,0,0,0,0,0,0,0,0
378,2017-04-13,09:19:02,200,TF1706,CCFX,99.065,99.0,99.165,578,572747950,18109,18036,100.195,97.825,99.01,99,0.0,99,0.0,0,0,2017-04-13,33542200,99.065,1,0,0,0,0,0,0,0,0,99.07,2,0,0,0,0,0,0,0,0
379,2017-04-13,09:19:02,700,TF1706,CCFX,99.065,99.0,99.165,578,572747950,18109,18036,100.195,97.825,99.01,99,0.0,99,0.0,0,0,2017-04-13,33542700,99.065,1,0,0,0,0,0,0,0,0,99.07,3,0,0,0,0,0,0,0,0
380,2017-04-13,09:19:03,200,TF1706,CCFX,99.065,99.0,99.165,578,572747950,18109,18036,100.195,97.825,99.01,99,0.0,99,0.0,0,0,2017-04-13,33543200,99.065,2,0,0,0,0,0,0,0,0,99.07,3,0,0,0,0,0,0,0,0
381,2017-04-13,09:19:05,700,TF1706,CCFX,99.065,99.0,99.165,580,574729250,18109,18036,100.195,97.825,99.01,99,0.0,99,0.0,0,0,2017-04-13,33545700,99.06,3,0,0,0,0,0,0,0,0,99.07,3,0,0,0,0,0,0,0,0
382,2017-04-13,09:19:06,200,TF1706,CCFX,99.07,99.0,99.165,582,576710650,18109,18036,100.195,97.825,99.01,99,0.0,99,0.0,0,0,2017-04-13,33546200,99.06,6,0,0,0,0,0,0,0,0,99.07,1,0,0,0,0,0,0,0,0
383,2017-04-13,09:19:07,200,TF1706,CCFX,99.07,99.0,99.165,582,576710650,18109,18036,100.195,97.825,99.01,99,0.0,99,0.0,0,0,2017-04-13,33547200,99.06,3,0,0,0,0,0,0,0,0,99.07,1,0,0,0,0,0,0,0,0
384,2017-04-13,09:19:07,700,TF1706,CCFX,99.07,99.0,99.165,583,577701350,18110,18036,100.195,97.825,99.01,99,0.0,99,0.0,0,0,2017-04-13,33547700,99.06,3,0,0,0,0,0,0,0,0,99.075,4,0,0,0,0,0,0,0,0
385,2017-04-13,09:19:08,200,TF1706,CCFX,99.07,99.0,99.165,583,577701350,18110,18036,100.195,97.825,99.01,99,0.0,99,0.0,0,0,2017-04-13,33548200,99.065,1,0,0,0,0,0,0,0,0,99.075,4,0,0,0,0,0,0,0,0
386,2017-04-13,09:19:08,700,TF1706,CCFX,99.07,99.0,99.165,583,577701350,18110,18036,100.195,97.825,99.01,99,0.0,99,0.0,0,0,2017-04-13,33548700,99.065,1,0,0,0,0,0,0,0,0,99.075,4,0,0,0,0,0,0,0,0
387,2017-04-13,09:19:09,200,TF1706,CCFX,99.07,99.0,99.165,583,577701350,18110,18036,100.195,97.825,99.01,99,0.0,99,0.0,0,0,2017-04-13,33549200,99.06,6,0,0,0,0,0,0,0,0,99.075,4,0,0,0,0,0,0,0,0
388,2017-04-13,09:19:10,200,TF1706,CCFX,99.07,99.0,99.165,583,577701350,18110,18036,100.195,97.825,99.01,99,0.0,99,0.0,0,0,2017-04-13,33550200,99.065,2,0,0,0,0,0,0,0,0,99.075,4,0,0,0,0,0,0,0,0
389,2017-04-13,09:19:10,700,TF1706,CCFX,99.07,99.0,99.165,583,577701350,18110,18036,100.195,97.825,99.01,99,0.0,99,0.0,0,0,2017-04-13,33550700,99.065,2,0,0,0,0,0,0,0,0,99.075,4,0,0,0,0,0,0,0,0
390,2017-04-13,09:19:11,200,TF1706,CCFX,99.07,99.0,99.165,583,577701350,18110,18036,100.195,97.825,99.01,99,0.0,99,0.0,0,0,2017-04-13,33551200,99.065,3,0,0,0,0,0,0,0,0,99.075,4,0,0,0,0,0,0,0,0
391,2017-04-13,09:19:13,200,TF1706,CCFX,99.07,99.0,99.165,583,577701350,18110,18036,100.195,97.825,99.01,99,0.0,99,0.0,0,0,2017-04-13,33553200,99.065,3,0,0,0,0,0,0,0,0,99.075,4,0,0,0,0,0,0,0,0
392,2017-04-13,09:19:13,700,TF1706,CCFX,99.07,99.0,99.165,583,577701350,18110,18036,100.195,97.825,99.01,99,0.0,99,0.0,0,0,2017-04-13,33553700,99.065,3,0,0,0,0,0,0,0,0,99.075,4,0,0,0,0,0,0,0,0
393,2017-04-13,09:19:16,200,TF1706,CCFX,99.07,99.0,99.165,583,577701350,18110,18036,100.195,97.825,99.01,99,0.0,99,0.0,0,0,2017-04-13,33556200,99.065,1,0,0,0,0,0,0,0,0,99.075,4,0,0,0,0,0,0,0,0
394,2017-04-13,09:19:16,700,TF1706,CCFX,99.065,99.0,99.165,584,578692000,18109,18036,100.195,97.825,99.01,99,0.0,99,0.0,0,0,2017-04-13,33556700,99.06,3,0,0,0,0,0,0,0,0,99.07,2,0,0,0,0,0,0,0,0
395,2017-04-13,09:19:17,200,TF1706,CCFX,99.065,99.0,99.165,584,578692000,18109,18036,100.195,97.825,99.01,99,0.0,99,0.0,0,0,2017-04-13,33557200,99.06,3,0,0,0,0,0,0,0,0,99.07,4,0,0,0,0,0,0,0,0
396,2017-04-13,09:19:17,700,TF1706,CCFX,99.065,99.0,99.165,584,578692000,18109,18036,100.195,97.825,99.01,99,0.0,99,0.0,0,0,2017-04-13,33557700,99.06,3,0,0,0,0,0,0,0,0,99.07,4,0,0,0,0,0,0,0,0
397,2017-04-13,09:19:20,200,TF1706,CCFX,99.065,99.0,99.165,584,578692000,18109,18036,100.195,97.825,99.01,99,0.0,99,0.0,0,0,2017-04-13,33560200,99.06,1,0,0,0,0,0,0,0,0,99.07,4,0,0,0,0,0,0,0,0
398,2017-04-13,09:19:20,700,TF1706,CCFX,99.06,99.0,99.165,585,579682600,18109,18036,100.195,97.825,99.01,99,0.0,99,0.0,0,0,2017-04-13,33560700,99.055,1,0,0,0,0,0,0,0,0,99.065,2,0,0,0,0,0,0,0,0
399,2017-04-13,09:19:21,200,TF1706,CCFX,99.06,99.0,99.165,585,579682600,18109,18036,100.195,97.825,99.01,99,0.0,99,0.0,0,0,2017-04-13,33561200,99.055,1,0,0,0,0,0,0,0,0,99.065,1,0,0,0,0,0,0,0,0
400,2017-04-13,09:19:21,700,TF1706,CCFX,99.06,99.0,99.165,585,579682600,18109,18036,100.195,97.825,99.01,99,0.0,99,0.0,0,0,2017-04-13,33561700,99.055,1,0,0,0,0,0,0,0,0,99.065,2,0,0,0,0,0,0,0,0
401,2017-04-13,09:19:22,200,TF1706,CCFX,99.06,99.0,99.165,585,579682600,18109,18036,100.195,97.825,99.01,99,0.0,99,0.0,0,0,2017-04-13,33562200,99.06,2,0,0,0,0,0,0,0,0,99.065,2,0,0,0,0,0,0,0,0
402,2017-04-13,09:19:22,700,TF1706,CCFX,99.06,99.0,99.165,587,581663800,18110,18036,100.195,97.825,99.01,99,0.0,99,0.0,0,0,2017-04-13,33562700,99.055,1,0,0,0,0,0,0,0,0,99.065,3,0,0,0,0,0,0,0,0
403,2017-04-13,09:19:23,700,TF1706,CCFX,99.06,99.0,99.165,587,581663800,18110,18036,100.195,97.825,99.01,99,0.0,99,0.0,0,0,2017-04-13,33563700,99.055,1,0,0,0,0,0,0,0,0,99.065,3,0,0,0,0,0,0,0,0
404,2017-04-13,09:19:24,200,TF1706,CCFX,99.06,99.0,99.165,587,581663800,18110,18036,100.195,97.825,99.01,99,0.0,99,0.0,0,0,2017-04-13,33564200,99.055,1,0,0,0,0,0,0,0,0,99.06,2,0,0,0,0,0,0,0,0
405,2017-04-13,09:19:24,700,TF1706,CCFX,99.055,99.0,99.165,588,582654350,18110,18036,100.195,97.825,99.01,99,0.0,99,0.0,0,0,2017-04-13,33564700,99.05,1,0,0,0,0,0,0,0,0,99.055,2,0,0,0,0,0,0,0,0
406,2017-04-13,09:19:25,200,TF1706,CCFX,99.055,99.0,99.165,588,582654350,18110,18036,100.195,97.825,99.01,99,0.0,99,0.0,0,0,2017-04-13,33565200,99.045,2,0,0,0,0,0,0,0,0,99.06,1,0,0,0,0,0,0,0,0
407,2017-04-13,09:19:25,700,TF1706,CCFX,99.055,99.0,99.165,588,582654350,18110,18036,100.195,97.825,99.01,99,0.0,99,0.0,0,0,2017-04-13,33565700,99.045,2,0,0,0,0,0,0,0,0,99.055,1,0,0,0,0,0,0,0,0
408,2017-04-13,09:19:26,200,TF1706,CCFX,99.055,99.0,99.165,588,582654350,18110,18036,100.195,97.825,99.01,99,0.0,99,0.0,0,0,2017-04-13,33566200,99.045,3,0,0,0,0,0,0,0,0,99.055,2,0,0,0,0,0,0,0,0
409,2017-04-13,09:19:26,700,TF1706,CCFX,99.055,99.0,99.165,588,582654350,18110,18036,100.195,97.825,99.01,99,0.0,99,0.0,0,0,2017-04-13,33566700,99.045,3,0,0,0,0,0,0,0,0,99.055,2,0,0,0,0,0,0,0,0
410,2017-04-13,09:19:27,200,TF1706,CCFX,99.055,99.0,99.165,588,582654350,18110,18036,100.195,97.825,99.01,99,0.0,99,0.0,0,0,2017-04-13,33567200,99.045,3,0,0,0,0,0,0,0,0,99.055,2,0,0,0,0,0,0,0,0
411,2017-04-13,09:19:27,700,TF1706,CCFX,99.055,99.0,99.165,588,582654350,18110,18036,100.195,97.825,99.01,99,0.0,99,0.0,0,0,2017-04-13,33567700,99.045,3,0,0,0,0,0,0,0,0,99.055,2,0,0,0,0,0,0,0,0
412,2017-04-13,09:19:28,200,TF1706,CCFX,99.055,99.0,99.165,588,582654350,18110,18036,100.195,97.825,99.01,99,0.0,99,0.0,0,0,2017-04-13,33568200,99.045,3,0,0,0,0,0,0,0,0,99.055,2,0,0,0,0,0,0,0,0
413,2017-04-13,09:19:30,700,TF1706,CCFX,99.055,99.0,99.165,588,582654350,18110,18036,100.195,97.825,99.01,99,0.0,99,0.0,0,0,2017-04-13,33570700,99.05,4,0,0,0,0,0,0,0,0,99.055,2,0,0,0,0,0,0,0,0
414,2017-04-13,09:19:31,200,TF1706,CCFX,99.05,99.0,99.165,593,587606850,18115,18036,100.195,97.825,99.01,99,0.0,99,0.0,0,0,2017-04-13,33571200,99.05,3,0,0,0,0,0,0,0,0,99.055,2,0,0,0,0,0,0,0,0
415,2017-04-13,09:19:31,700,TF1706,CCFX,99.05,99.0,99.165,594,588597350,18115,18036,100.195,97.825,99.01,99,0.0,99,0.0,0,0,2017-04-13,33571700,99.05,2,0,0,0,0,0,0,0,0,99.055,2,0,0,0,0,0,0,0,0
416,2017-04-13,09:19:32,200,TF1706,CCFX,99.05,99.0,99.165,595,589587850,18116,18036,100.195,97.825,99.01,99,0.0,99,0.0,0,0,2017-04-13,33572200,99.05,8,0,0,0,0,0,0,0,0,99.055,2,0,0,0,0,0,0,0,0
417,2017-04-13,09:19:32,700,TF1706,CCFX,99.05,99.0,99.165,595,589587850,18116,18036,100.195,97.825,99.01,99,0.0,99,0.0,0,0,2017-04-13,33572700,99.045,7,0,0,0,0,0,0,0,0,99.055,2,0,0,0,0,0,0,0,0
418,2017-04-13,09:19:33,200,TF1706,CCFX,99.05,99.0,99.165,595,589587850,18116,18036,100.195,97.825,99.01,99,0.0,99,0.0,0,0,2017-04-13,33573200,99.045,7,0,0,0,0,0,0,0,0,99.055,2,0,0,0,0,0,0,0,0
419,2017-04-13,09:19:33,700,TF1706,CCFX,99.05,99.0,99.165,595,589587850,18116,18036,100.195,97.825,99.01,99,0.0,99,0.0,0,0,2017-04-13,33573700,99.05,4,0,0,0,0,0,0,0,0,99.055,2,0,0,0,0,0,0,0,0
420,2017-04-13,09:19:34,200,TF1706,CCFX,99.05,99.0,99.165,596,590578350,18117,18036,100.195,97.825,99.01,99,0.0,99,0.0,0,0,2017-04-13,33574200,99.05,7,0,0,0,0,0,0,0,0,99.055,2,0,0,0,0,0,0,0,0
421,2017-04-13,09:19:34,700,TF1706,CCFX,99.05,99.0,99.165,596,590578350,18117,18036,100.195,97.825,99.01,99,0.0,99,0.0,0,0,2017-04-13,33574700,99.05,7,0,0,0,0,0,0,0,0,99.055,2,0,0,0,0,0,0,0,0
422,2017-04-13,09:19:37,200,TF1706,CCFX,99.055,99.0,99.165,598,592559450,18117,18036,100.195,97.825,99.01,99,0.0,99,0.0,0,0,2017-04-13,33577200,99.05,7,0,0,0,0,0,0,0,0,99.06,2,0,0,0,0,0,0,0,0
423,2017-04-13,09:19:37,700,TF1706,CCFX,99.055,99.0,99.165,598,592559450,18117,18036,100.195,97.825,99.01,99,0.0,99,0.0,0,0,2017-04-13,33577700,99.055,2,0,0,0,0,0,0,0,0,99.06,2,0,0,0,0,0,0,0,0
424,2017-04-13,09:19:38,200,TF1706,CCFX,99.045,99.0,99.165,599,593549900,18117,18036,100.195,97.825,99.01,99,0.0,99,0.0,0,0,2017-04-13,33578200,99.055,8,0,0,0,0,0,0,0,0,99.06,1,0,0,0,0,0,0,0,0
425,2017-04-13,09:19:38,700,TF1706,CCFX,99.06,99.0,99.165,600,594540500,18118,18036,100.195,97.825,99.01,99,0.0,99,0.0,0,0,2017-04-13,33578700,99.06,2,0,0,0,0,0,0,0,0,99.065,3,0,0,0,0,0,0,0,0
426,2017-04-13,09:19:39,200,TF1706,CCFX,99.06,99.0,99.165,601,595531100,18117,18036,100.195,97.825,99.01,99,0.0,99,0.0,0,0,2017-04-13,33579200,99.06,1,0,0,0,0,0,0,0,0,99.065,1,0,0,0,0,0,0,0,0
427,2017-04-13,09:19:39,700,TF1706,CCFX,99.06,99.0,99.165,603,597512350,18118,18036,100.195,97.825,99.01,99,0.0,99,0.0,0,0,2017-04-13,33579700,99.055,5,0,0,0,0,0,0,0,0,99.07,3,0,0,0,0,0,0,0,0
428,2017-04-13,09:19:40,200,TF1706,CCFX,99.06,99.0,99.165,603,597512350,18118,18036,100.195,97.825,99.01,99,0.0,99,0.0,0,0,2017-04-13,33580200,99.06,1,0,0,0,0,0,0,0,0,99.07,4,0,0,0,0,0,0,0,0
429,2017-04-13,09:19:40,700,TF1706,CCFX,99.06,99.0,99.165,603,597512350,18118,18036,100.195,97.825,99.01,99,0.0,99,0.0,0,0,2017-04-13,33580700,99.06,2,0,0,0,0,0,0,0,0,99.065,4,0,0,0,0,0,0,0,0
430,2017-04-13,09:19:41,200,TF1706,CCFX,99.06,99.0,99.165,603,597512350,18118,18036,100.195,97.825,99.01,99,0.0,99,0.0,0,0,2017-04-13,33581200,99.06,2,0,0,0,0,0,0,0,0,99.065,2,0,0,0,0,0,0,0,0
431,2017-04-13,09:19:41,700,TF1706,CCFX,99.06,99.0,99.165,603,597512350,18118,18036,100.195,97.825,99.01,99,0.0,99,0.0,0,0,2017-04-13,33581700,99.06,2,0,0,0,0,0,0,0,0,99.065,2,0,0,0,0,0,0,0,0
432,2017-04-13,09:19:42,700,TF1706,CCFX,99.06,99.0,99.165,603,597512350,18118,18036,100.195,97.825,99.01,99,0.0,99,0.0,0,0,2017-04-13,33582700,99.06,2,0,0,0,0,0,0,0,0,99.065,2,0,0,0,0,0,0,0,0
433,2017-04-13,09:19:43,200,TF1706,CCFX,99.06,99.0,99.165,609,603455950,18123,18036,100.195,97.825,99.01,99,0.0,99,0.0,0,0,2017-04-13,33583200,99.055,10,0,0,0,0,0,0,0,0,99.06,6,0,0,0,0,0,0,0,0
434,2017-04-13,09:19:43,700,TF1706,CCFX,99.06,99.0,99.165,609,603455950,18123,18036,100.195,97.825,99.01,99,0.0,99,0.0,0,0,2017-04-13,33583700,99.055,10,0,0,0,0,0,0,0,0,99.06,6,0,0,0,0,0,0,0,0
435,2017-04-13,09:19:44,200,TF1706,CCFX,99.06,99.0,99.165,609,603455950,18123,18036,100.195,97.825,99.01,99,0.0,99,0.0,0,0,2017-04-13,33584200,99.055,10,0,0,0,0,0,0,0,0,99.06,6,0,0,0,0,0,0,0,0
436,2017-04-13,09:19:46,200,TF1706,CCFX,99.06,99.0,99.165,609,603455950,18123,18036,100.195,97.825,99.01,99,0.0,99,0.0,0,0,2017-04-13,33586200,99.055,10,0,0,0,0,0,0,0,0,99.06,6,0,0,0,0,0,0,0,0
437,2017-04-13,09:19:46,700,TF1706,CCFX,99.06,99.0,99.165,610,604446550,18124,18036,100.195,97.825,99.01,99,0.0,99,0.0,0,0,2017-04-13,33586700,99.055,10,0,0,0,0,0,0,0,0,99.06,5,0,0,0,0,0,0,0,0
438,2017-04-13,09:19:48,200,TF1706,CCFX,99.06,99.0,99.165,610,604446550,18124,18036,100.195,97.825,99.01,99,0.0,99,0.0,0,0,2017-04-13,33588200,99.055,10,0,0,0,0,0,0,0,0,99.06,5,0,0,0,0,0,0,0,0
439,2017-04-13,09:19:49,200,TF1706,CCFX,99.06,99.0,99.165,613,607418350,18127,18036,100.195,97.825,99.01,99,0.0,99,0.0,0,0,2017-04-13,33589200,99.055,10,0,0,0,0,0,0,0,0,99.06,2,0,0,0,0,0,0,0,0
440,2017-04-13,09:19:49,700,TF1706,CCFX,99.06,99.0,99.165,615,609399550,18128,18036,100.195,97.825,99.01,99,0.0,99,0.0,0,0,2017-04-13,33589700,99.06,5,0,0,0,0,0,0,0,0,99.065,1,0,0,0,0,0,0,0,0
441,2017-04-13,09:19:50,200,TF1706,CCFX,99.06,99.0,99.165,615,609399550,18128,18036,100.195,97.825,99.01,99,0.0,99,0.0,0,0,2017-04-13,33590200,99.06,11,0,0,0,0,0,0,0,0,99.065,2,0,0,0,0,0,0,0,0
442,2017-04-13,09:19:50,700,TF1706,CCFX,99.06,99.0,99.165,615,609399550,18128,18036,100.195,97.825,99.01,99,0.0,99,0.0,0,0,2017-04-13,33590700,99.06,11,0,0,0,0,0,0,0,0,99.065,2,0,0,0,0,0,0,0,0
443,2017-04-13,09:19:52,700,TF1706,CCFX,99.06,99.0,99.165,615,609399550,18128,18036,100.195,97.825,99.01,99,0.0,99,0.0,0,0,2017-04-13,33592700,99.06,11,0,0,0,0,0,0,0,0,99.065,7,0,0,0,0,0,0,0,0
444,2017-04-13,09:19:53,200,TF1706,CCFX,99.06,99.0,99.165,615,609399550,18128,18036,100.195,97.825,99.01,99,0.0,99,0.0,0,0,2017-04-13,33593200,99.06,10,0,0,0,0,0,0,0,0,99.065,7,0,0,0,0,0,0,0,0
445,2017-04-13,09:19:53,700,TF1706,CCFX,99.06,99.0,99.165,615,609399550,18128,18036,100.195,97.825,99.01,99,0.0,99,0.0,0,0,2017-04-13,33593700,99.06,2,0,0,0,0,0,0,0,0,99.065,8,0,0,0,0,0,0,0,0
446,2017-04-13,09:19:54,200,TF1706,CCFX,99.06,99.0,99.165,617,611380750,18130,18036,100.195,97.825,99.01,99,0.0,99,0.0,0,0,2017-04-13,33594200,99.055,10,0,0,0,0,0,0,0,0,99.06,3,0,0,0,0,0,0,0,0
447,2017-04-13,09:19:54,700,TF1706,CCFX,99.06,99.0,99.165,617,611380750,18130,18036,100.195,97.825,99.01,99,0.0,99,0.0,0,0,2017-04-13,33594700,99.055,10,0,0,0,0,0,0,0,0,99.06,3,0,0,0,0,0,0,0,0
448,2017-04-13,09:19:55,200,TF1706,CCFX,99.06,99.0,99.165,617,611380750,18130,18036,100.195,97.825,99.01,99,0.0,99,0.0,0,0,2017-04-13,33595200,99.055,10,0,0,0,0,0,0,0,0,99.06,2,0,0,0,0,0,0,0,0
449,2017-04-13,09:19:56,200,TF1706,CCFX,99.06,99.0,99.165,617,611380750,18130,18036,100.195,97.825,99.01,99,0.0,99,0.0,0,0,2017-04-13,33596200,99.055,10,0,0,0,0,0,0,0,0,99.06,2,0,0,0,0,0,0,0,0
450,2017-04-13,09:19:56,700,TF1706,CCFX,99.055,99.0,99.165,618,612371300,18130,18036,100.195,97.825,99.01,99,0.0,99,0.0,0,0,2017-04-13,33596700,99.06,1,0,0,0,0,0,0,0,0,99.065,8,0,0,0,0,0,0,0,0
451,2017-04-13,09:19:57,200,TF1706,CCFX,99.055,99.0,99.165,618,612371300,18130,18036,100.195,97.825,99.01,99,0.0,99,0.0,0,0,2017-04-13,33597200,99.06,1,0,0,0,0,0,0,0,0,99.065,8,0,0,0,0,0,0,0,0
452,2017-04-13,09:19:57,700,TF1706,CCFX,99.06,99.0,99.165,619,613361900,18131,18036,100.195,97.825,99.01,99,0.0,99,0.0,0,0,2017-04-13,33597700,99.055,9,0,0,0,0,0,0,0,0,99.06,1,0,0,0,0,0,0,0,0
453,2017-04-13,09:19:58,200,TF1706,CCFX,99.06,99.0,99.165,619,613361900,18131,18036,100.195,97.825,99.01,99,0.0,99,0.0,0,0,2017-04-13,33598200,99.06,1,0,0,0,0,0,0,0,0,99.065,8,0,0,0,0,0,0,0,0
454,2017-04-13,09:19:58,700,TF1706,CCFX,99.06,99.0,99.165,620,614352500,18131,18036,100.195,97.825,99.01,99,0.0,99,0.0,0,0,2017-04-13,33598700,99.06,8,0,0,0,0,0,0,0,0,99.065,8,0,0,0,0,0,0,0,0
455,2017-04-13,09:19:59,200,TF1706,CCFX,99.06,99.0,99.165,622,616333700,18131,18036,100.195,97.825,99.01,99,0.0,99,0.0,0,0,2017-04-13,33599200,99.06,4,0,0,0,0,0,0,0,0,99.065,8,0,0,0,0,0,0,0,0
456,2017-04-13,09:19:59,700,TF1706,CCFX,99.065,99.0,99.165,623,617324350,18132,18036,100.195,97.825,99.01,99,0.0,99,0.0,0,0,2017-04-13,33599700,99.055,5,0,0,0,0,0,0,0,0,99.065,7,0,0,0,0,0,0,0,0
457,2017-04-13,09:20:00,200,TF1706,CCFX,99.065,99.0,99.165,623,617324350,18132,18036,100.195,97.825,99.01,99,0.0,99,0.0,0,0,2017-04-13,33600200,99.055,9,0,0,0,0,0,0,0,0,99.065,7,0,0,0,0,0,0,0,0
458,2017-04-13,09:20:00,700,TF1706,CCFX,99.065,99.0,99.165,623,617324350,18132,18036,100.195,97.825,99.01,99,0.0,99,0.0,0,0,2017-04-13,33600700,99.055,9,0,0,0,0,0,0,0,0,99.06,1,0,0,0,0,0,0,0,0
459,2017-04-13,09:20:01,200,TF1706,CCFX,99.065,99.0,99.165,623,617324350,18132,18036,100.195,97.825,99.01,99,0.0,99,0.0,0,0,2017-04-13,33601200,99.055,5,0,0,0,0,0,0,0,0,99.06,1,0,0,0,0,0,0,0,0
460,2017-04-13,09:20:03,700,TF1706,CCFX,99.065,99.0,99.165,623,617324350,18132,18036,100.195,97.825,99.01,99,0.0,99,0.0,0,0,2017-04-13,33603700,99.055,5,0,0,0,0,0,0,0,0,99.06,1,0,0,0,0,0,0,0,0
461,2017-04-13,09:20:04,200,TF1706,CCFX,99.065,99.0,99.165,623,617324350,18132,18036,100.195,97.825,99.01,99,0.0,99,0.0,0,0,2017-04-13,33604200,99.055,5,0,0,0,0,0,0,0,0,99.06,1,0,0,0,0,0,0,0,0
462,2017-04-13,09:20:06,200,TF1706,CCFX,99.065,99.0,99.165,623,617324350,18132,18036,100.195,97.825,99.01,99,0.0,99,0.0,0,0,2017-04-13,33606200,99.055,5,0,0,0,0,0,0,0,0,99.06,1,0,0,0,0,0,0,0,0
463,2017-04-13,09:20:06,700,TF1706,CCFX,99.065,99.0,99.165,623,617324350,18132,18036,100.195,97.825,99.01,99,0.0,99,0.0,0,0,2017-04-13,33606700,99.055,7,0,0,0,0,0,0,0,0,99.06,1,0,0,0,0,0,0,0,0
464,2017-04-13,09:20:08,200,TF1706,CCFX,99.065,99.0,99.165,623,617324350,18132,18036,100.195,97.825,99.01,99,0.0,99,0.0,0,0,2017-04-13,33608200,99.055,7,0,0,0,0,0,0,0,0,99.06,6,0,0,0,0,0,0,0,0
465,2017-04-13,09:20:08,700,TF1706,CCFX,99.065,99.0,99.165,623,617324350,18132,18036,100.195,97.825,99.01,99,0.0,99,0.0,0,0,2017-04-13,33608700,99.055,7,0,0,0,0,0,0,0,0,99.06,6,0,0,0,0,0,0,0,0
466,2017-04-13,09:20:09,200,TF1706,CCFX,99.06,99.0,99.165,626,620296150,18134,18036,100.195,97.825,99.01,99,0.0,99,0.0,0,0,2017-04-13,33609200,99.055,7,0,0,0,0,0,0,0,0,99.06,3,0,0,0,0,0,0,0,0
467,2017-04-13,09:20:09,700,TF1706,CCFX,99.06,99.0,99.165,628,622277350,18134,18036,100.195,97.825,99.01,99,0.0,99,0.0,0,0,2017-04-13,33609700,99.055,11,0,0,0,0,0,0,0,0,99.06,2,0,0,0,0,0,0,0,0
468,2017-04-13,09:20:10,200,TF1706,CCFX,99.065,99.0,99.165,632,626239850,18135,18036,100.195,97.825,99.01,99,0.0,99,0.0,0,0,2017-04-13,33610200,99.055,11,0,0,0,0,0,0,0,0,99.065,5,0,0,0,0,0,0,0,0
469,2017-04-13,09:20:13,700,TF1706,CCFX,99.065,99.0,99.165,632,626239850,18135,18036,100.195,97.825,99.01,99,0.0,99,0.0,0,0,2017-04-13,33613700,99.055,11,0,0,0,0,0,0,0,0,99.065,5,0,0,0,0,0,0,0,0
470,2017-04-13,09:20:14,200,TF1706,CCFX,99.055,99.0,99.165,641,635154800,18136,18036,100.195,97.825,99.01,99,0.0,99,0.0,0,0,2017-04-13,33614200,99.055,2,0,0,0,0,0,0,0,0,99.06,6,0,0,0,0,0,0,0,0
471,2017-04-13,09:20:14,700,TF1706,CCFX,99.055,99.0,99.165,647,641098100,18134,18036,100.195,97.825,99.01,99,0.0,99,0.0,0,0,2017-04-13,33614700,99.05,1,0,0,0,0,0,0,0,0,99.055,12,0,0,0,0,0,0,0,0
472,2017-04-13,09:20:15,200,TF1706,CCFX,99.055,99.0,99.165,647,641098100,18134,18036,100.195,97.825,99.01,99,0.0,99,0.0,0,0,2017-04-13,33615200,99.05,1,0,0,0,0,0,0,0,0,99.055,5,0,0,0,0,0,0,0,0
473,2017-04-13,09:20:15,700,TF1706,CCFX,99.055,99.0,99.165,647,641098100,18134,18036,100.195,97.825,99.01,99,0.0,99,0.0,0,0,2017-04-13,33615700,99.05,1,0,0,0,0,0,0,0,0,99.055,6,0,0,0,0,0,0,0,0
474,2017-04-13,09:20:16,200,TF1706,CCFX,99.05,99.0,99.165,649,643079100,18133,18036,100.195,97.825,99.01,99,0.0,99,0.0,0,0,2017-04-13,33616200,99.045,1,0,0,0,0,0,0,0,0,99.055,6,0,0,0,0,0,0,0,0
475,2017-04-13,09:20:16,700,TF1706,CCFX,99.05,99.0,99.165,649,643079100,18133,18036,100.195,97.825,99.01,99,0.0,99,0.0,0,0,2017-04-13,33616700,99.045,1,0,0,0,0,0,0,0,0,99.05,1,0,0,0,0,0,0,0,0
476,2017-04-13,09:20:17,200,TF1706,CCFX,99.05,99.0,99.165,649,643079100,18133,18036,100.195,97.825,99.01,99,0.0,99,0.0,0,0,2017-04-13,33617200,99.045,2,0,0,0,0,0,0,0,0,99.05,1,0,0,0,0,0,0,0,0
477,2017-04-13,09:20:19,200,TF1706,CCFX,99.045,99.0,99.165,651,645060000,18133,18036,100.195,97.825,99.01,99,0.0,99,0.0,0,0,2017-04-13,33619200,99.04,6,0,0,0,0,0,0,0,0,99.045,8,0,0,0,0,0,0,0,0
478,2017-04-13,09:20:19,700,TF1706,CCFX,99.045,99.0,99.165,657,651002700,18137,18036,100.195,97.825,99.01,99,0.0,99,0.0,0,0,2017-04-13,33619700,99.04,8,0,0,0,0,0,0,0,0,99.045,2,0,0,0,0,0,0,0,0
479,2017-04-13,09:20:20,200,TF1706,CCFX,99.045,99.0,99.165,659,652983600,18139,18036,100.195,97.825,99.01,99,0.0,99,0.0,0,0,2017-04-13,33620200,99.04,9,0,0,0,0,0,0,0,0,99.05,1,0,0,0,0,0,0,0,0
480,2017-04-13,09:20:22,700,TF1706,CCFX,99.045,99.0,99.165,659,652983600,18139,18036,100.195,97.825,99.01,99,0.0,99,0.0,0,0,2017-04-13,33622700,99.045,1,0,0,0,0,0,0,0,0,99.05,1,0,0,0,0,0,0,0,0
481,2017-04-13,09:20:23,200,TF1706,CCFX,99.045,99.0,99.165,660,653974050,18139,18036,100.195,97.825,99.01,99,0.0,99,0.0,0,0,2017-04-13,33623200,99.04,5,0,0,0,0,0,0,0,0,99.045,1,0,0,0,0,0,0,0,0
482,2017-04-13,09:20:23,700,TF1706,CCFX,99.045,99.0,99.165,660,653974050,18139,18036,100.195,97.825,99.01,99,0.0,99,0.0,0,0,2017-04-13,33623700,99.04,5,0,0,0,0,0,0,0,0,99.045,1,0,0,0,0,0,0,0,0
483,2017-04-13,09:20:24,200,TF1706,CCFX,99.045,99.0,99.165,660,653974050,18139,18036,100.195,97.825,99.01,99,0.0,99,0.0,0,0,2017-04-13,33624200,99.04,5,0,0,0,0,0,0,0,0,99.045,2,0,0,0,0,0,0,0,0
484,2017-04-13,09:20:24,700,TF1706,CCFX,99.045,99.0,99.165,660,653974050,18139,18036,100.195,97.825,99.01,99,0.0,99,0.0,0,0,2017-04-13,33624700,99.04,10,0,0,0,0,0,0,0,0,99.045,2,0,0,0,0,0,0,0,0
485,2017-04-13,09:20:25,200,TF1706,CCFX,99.045,99.0,99.165,660,653974050,18139,18036,100.195,97.825,99.01,99,0.0,99,0.0,0,0,2017-04-13,33625200,99.04,10,0,0,0,0,0,0,0,0,99.045,1,0,0,0,0,0,0,0,0
486,2017-04-13,09:20:27,200,TF1706,CCFX,99.045,99.0,99.165,661,654964500,18139,18036,100.195,97.825,99.01,99,0.0,99,0.0,0,0,2017-04-13,33627200,99.04,10,0,0,0,0,0,0,0,0,99.05,7,0,0,0,0,0,0,0,0
487,2017-04-13,09:20:27,700,TF1706,CCFX,99.045,99.0,99.165,661,654964500,18139,18036,100.195,97.825,99.01,99,0.0,99,0.0,0,0,2017-04-13,33627700,99.04,10,0,0,0,0,0,0,0,0,99.05,7,0,0,0,0,0,0,0,0
488,2017-04-13,09:20:28,700,TF1706,CCFX,99.045,99.0,99.165,661,654964500,18139,18036,100.195,97.825,99.01,99,0.0,99,0.0,0,0,2017-04-13,33628700,99.04,8,0,0,0,0,0,0,0,0,99.045,1,0,0,0,0,0,0,0,0
489,2017-04-13,09:20:29,200,TF1706,CCFX,99.045,99.0,99.165,661,654964500,18139,18036,100.195,97.825,99.01,99,0.0,99,0.0,0,0,2017-04-13,33629200,99.04,8,0,0,0,0,0,0,0,0,99.05,7,0,0,0,0,0,0,0,0
490,2017-04-13,09:20:29,700,TF1706,CCFX,99.045,99.0,99.165,661,654964500,18139,18036,100.195,97.825,99.01,99,0.0,99,0.0,0,0,2017-04-13,33629700,99.04,11,0,0,0,0,0,0,0,0,99.05,7,0,0,0,0,0,0,0,0
491,2017-04-13,09:20:30,200,TF1706,CCFX,99.045,99.0,99.165,661,654964500,18139,18036,100.195,97.825,99.01,99,0.0,99,0.0,0,0,2017-04-13,33630200,99.04,11,0,0,0,0,0,0,0,0,99.05,7,0,0,0,0,0,0,0,0
492,2017-04-13,09:20:31,200,TF1706,CCFX,99.045,99.0,99.165,661,654964500,18139,18036,100.195,97.825,99.01,99,0.0,99,0.0,0,0,2017-04-13,33631200,99.04,7,0,0,0,0,0,0,0,0,99.05,7,0,0,0,0,0,0,0,0
493,2017-04-13,09:20:31,700,TF1706,CCFX,99.045,99.0,99.165,661,654964500,18139,18036,100.195,97.825,99.01,99,0.0,99,0.0,0,0,2017-04-13,33631700,99.04,7,0,0,0,0,0,0,0,0,99.045,1,0,0,0,0,0,0,0,0
494,2017-04-13,09:20:32,200,TF1706,CCFX,99.045,99.0,99.165,661,654964500,18139,18036,100.195,97.825,99.01,99,0.0,99,0.0,0,0,2017-04-13,33632200,99.04,7,0,0,0,0,0,0,0,0,99.045,2,0,0,0,0,0,0,0,0
495,2017-04-13,09:20:32,700,TF1706,CCFX,99.045,99.0,99.165,662,655954950,18139,18036,100.195,97.825,99.01,99,0.0,99,0.0,0,0,2017-04-13,33632700,99.04,7,0,0,0,0,0,0,0,0,99.05,8,0,0,0,0,0,0,0,0
496,2017-04-13,09:20:34,700,TF1706,CCFX,99.045,99.0,99.165,662,655954950,18139,18036,100.195,97.825,99.01,99,0.0,99,0.0,0,0,2017-04-13,33634700,99.04,7,0,0,0,0,0,0,0,0,99.05,18,0,0,0,0,0,0,0,0
497,2017-04-13,09:20:35,700,TF1706,CCFX,99.045,99.0,99.165,662,655954950,18139,18036,100.195,97.825,99.01,99,0.0,99,0.0,0,0,2017-04-13,33635700,99.04,7,0,0,0,0,0,0,0,0,99.05,18,0,0,0,0,0,0,0,0
498,2017-04-13,09:20:37,200,TF1706,CCFX,99.045,99.0,99.165,662,655954950,18139,18036,100.195,97.825,99.01,99,0.0,99,0.0,0,0,2017-04-13,33637200,99.04,11,0,0,0,0,0,0,0,0,99.05,18,0,0,0,0,0,0,0,0
499,2017-04-13,09:20:38,200,TF1706,CCFX,99.045,99.0,99.165,663,656945400,18139,18036,100.195,97.825,99.01,99,0.0,99,0.0,0,0,2017-04-13,33638200,99.04,11,0,0,0,0,0,0,0,0,99.045,9,0,0,0,0,0,0,0,0
500,2017-04-13,09:20:38,700,TF1706,CCFX,99.045,99.0,99.165,672,665859450,18132,18036,100.195,97.825,99.01,99,0.0,99,0.0,0,0,2017-04-13,33638700,99.045,2,0,0,0,0,0,0,0,0,99.05,8,0,0,0,0,0,0,0,0
501,2017-04-13,09:20:39,200,TF1706,CCFX,99.045,99.0,99.165,672,665859450,18132,18036,100.195,97.825,99.01,99,0.0,99,0.0,0,0,2017-04-13,33639200,99.045,4,0,0,0,0,0,0,0,0,99.05,8,0,0,0,0,0,0,0,0
502,2017-04-13,09:20:39,700,TF1706,CCFX,99.045,99.0,99.165,672,665859450,18132,18036,100.195,97.825,99.01,99,0.0,99,0.0,0,0,2017-04-13,33639700,99.045,3,0,0,0,0,0,0,0,0,99.05,8,0,0,0,0,0,0,0,0
503,2017-04-13,09:20:40,700,TF1706,CCFX,99.045,99.0,99.165,672,665859450,18132,18036,100.195,97.825,99.01,99,0.0,99,0.0,0,0,2017-04-13,33640700,99.045,3,0,0,0,0,0,0,0,0,99.05,8,0,0,0,0,0,0,0,0
504,2017-04-13,09:20:41,200,TF1706,CCFX,99.045,99.0,99.165,672,665859450,18132,18036,100.195,97.825,99.01,99,0.0,99,0.0,0,0,2017-04-13,33641200,99.045,3,0,0,0,0,0,0,0,0,99.05,8,0,0,0,0,0,0,0,0
505,2017-04-13,09:20:46,200,TF1706,CCFX,99.05,99.0,99.165,675,668830950,18131,18036,100.195,97.825,99.01,99,0.0,99,0.0,0,0,2017-04-13,33646200,99.045,3,0,0,0,0,0,0,0,0,99.05,5,0,0,0,0,0,0,0,0
506,2017-04-13,09:20:46,700,TF1706,CCFX,99.05,99.0,99.165,676,669821450,18132,18036,100.195,97.825,99.01,99,0.0,99,0.0,0,0,2017-04-13,33646700,99.045,3,0,0,0,0,0,0,0,0,99.05,4,0,0,0,0,0,0,0,0
507,2017-04-13,09:20:50,200,TF1706,CCFX,99.05,99.0,99.165,680,673783450,18135,18036,100.195,97.825,99.01,99,0.0,99,0.0,0,0,2017-04-13,33650200,99.045,1,0,0,0,0,0,0,0,0,99.055,1,0,0,0,0,0,0,0,0
508,2017-04-13,09:20:50,700,TF1706,CCFX,99.055,99.0,99.165,681,674774000,18136,18036,100.195,97.825,99.01,99,0.0,99,0.0,0,0,2017-04-13,33650700,99.045,2,0,0,0,0,0,0,0,0,99.06,6,0,0,0,0,0,0,0,0
509,2017-04-13,09:20:51,200,TF1706,CCFX,99.055,99.0,99.165,681,674774000,18136,18036,100.195,97.825,99.01,99,0.0,99,0.0,0,0,2017-04-13,33651200,99.045,2,0,0,0,0,0,0,0,0,99.055,1,0,0,0,0,0,0,0,0
510,2017-04-13,09:20:51,700,TF1706,CCFX,99.055,99.0,99.165,682,675764550,18136,18036,100.195,97.825,99.01,99,0.0,99,0.0,0,0,2017-04-13,33651700,99.045,2,0,0,0,0,0,0,0,0,99.06,6,0,0,0,0,0,0,0,0
511,2017-04-13,09:20:52,200,TF1706,CCFX,99.06,99.0,99.165,685,678736350,18134,18036,100.195,97.825,99.01,99,0.0,99,0.0,0,0,2017-04-13,33652200,99.05,2,0,0,0,0,0,0,0,0,99.06,3,0,0,0,0,0,0,0,0
512,2017-04-13,09:20:52,700,TF1706,CCFX,99.06,99.0,99.165,687,680717550,18133,18036,100.195,97.825,99.01,99,0.0,99,0.0,0,0,2017-04-13,33652700,99.05,2,0,0,0,0,0,0,0,0,99.06,1,0,0,0,0,0,0,0,0
513,2017-04-13,09:20:53,200,TF1706,CCFX,99.06,99.0,99.165,688,681708150,18133,18036,100.195,97.825,99.01,99,0.0,99,0.0,0,0,2017-04-13,33653200,99.05,3,0,0,0,0,0,0,0,0,99.065,6,0,0,0,0,0,0,0,0
514,2017-04-13,09:20:53,700,TF1706,CCFX,99.06,99.0,99.165,688,681708150,18133,18036,100.195,97.825,99.01,99,0.0,99,0.0,0,0,2017-04-13,33653700,99.05,3,0,0,0,0,0,0,0,0,99.065,6,0,0,0,0,0,0,0,0
515,2017-04-13,09:20:54,700,TF1706,CCFX,99.06,99.0,99.165,688,681708150,18133,18036,100.195,97.825,99.01,99,0.0,99,0.0,0,0,2017-04-13,33654700,99.05,1,0,0,0,0,0,0,0,0,99.065,6,0,0,0,0,0,0,0,0
516,2017-04-13,09:20:55,200,TF1706,CCFX,99.06,99.0,99.165,688,681708150,18133,18036,100.195,97.825,99.01,99,0.0,99,0.0,0,0,2017-04-13,33655200,99.05,1,0,0,0,0,0,0,0,0,99.06,1,0,0,0,0,0,0,0,0
517,2017-04-13,09:20:55,700,TF1706,CCFX,99.06,99.0,99.165,688,681708150,18133,18036,100.195,97.825,99.01,99,0.0,99,0.0,0,0,2017-04-13,33655700,99.05,1,0,0,0,0,0,0,0,0,99.06,1,0,0,0,0,0,0,0,0
