,dataDate,dataTime,dataMillisec,instrumentID,exchangeCD,lastPrice,lowPrice,highPrice,volume,value,openInterest,preOpenInterest,upperLimitPrice,lowerLimitPrice,preSettlementPrice,prevClosePrice,settlementPrice,openPrice,closePrice,preDelta,currDelta,clearingDay,milliSecOffset,bidPrice1,bidVolume1,bidPrice2,bidVolume2,bidPrice3,bidVolume3,bidPrice4,bidVolume4,bidPrice5,bidVolume5,askPrice1,askVolume1,askPrice2,askVolume2,askPrice3,askVolume3,askPrice4,askVolume4,askPrice5,askVolume5
0,2017-04-13,08:59:00,95,v1709,XDCE,5920,5920,5920,360,10656000,114912,114632,6230,5640,5935,5900,0,5920,0,0,0,2017-04-13,32340095,5915,1,0,0,0,0,0,0,0,0,5920,101,0,0,0,0,0,0,0,0
1,2017-04-13,09:00:00,130,v1709,XDCE,5905,5905,5920,754,22295100,115306,114632,6230,5640,5935,5900,0,5920,0,0,0,2017-04-13,32400130,5905,60,0,0,0,0,0,0,0,0,5910,10,0,0,0,0,0,0,0,0
2,2017-04-13,09:00:00,622,v1709,XDCE,5905,5905,5920,950,28085000,115326,114632,6230,5640,5935,5900,0,5920,0,0,0,2017-04-13,32400622,5905,23,0,0,0,0,0,0,0,0,5910,75,0,0,0,0,0,0,0,0
3,2017-04-13,09:00:01,127,v1709,XDCE,5905,5900,5920,1072,31687850,115370,114632,6230,5640,5935,5900,0,5920,0,0,0,2017-04-13,32401127,5900,28,0,0,0,0,0,0,0,0,5905,4,0,0,0,0,0,0,0,0
4,2017-04-13,09:00:01,621,v1709,XDCE,5905,5900,5920,1188,35111800,115364,114632,6230,5640,5935,5900,0,5920,0,0,0,2017-04-13,32401621,5900,97,0,0,0,0,0,0,0,0,5905,7,0,0,0,0,0,0,0,0
5,2017-04-13,09:00:02,126,v1709,XDCE,5905,5900,5920,1222,36115300,115358,114632,6230,5640,5935,5900,0,5920,0,0,0,2017-04-13,32402126,5905,1,0,0,0,0,0,0,0,0,5910,253,0,0,0,0,0,0,0,0
6,2017-04-13,09:00:02,597,v1709,XDCE,5900,5900,5920,1258,37177650,115356,114632,6230,5640,5935,5900,0,5920,0,0,0,2017-04-13,32402597,5900,80,0,0,0,0,0,0,0,0,5905,8,0,0,0,0,0,0,0,0
7,2017-04-13,09:00:03,125,v1709,XDCE,5900,5900,5920,1400,41369600,115244,114632,6230,5640,5935,5900,0,5920,0,0,0,2017-04-13,32403125,5900,12,0,0,0,0,0,0,0,0,5905,4,0,0,0,0,0,0,0,0
8,2017-04-13,09:00:03,629,v1709,XDCE,5900,5900,5920,1406,41546600,115238,114632,6230,5640,5935,5900,0,5920,0,0,0,2017-04-13,32403629,5900,11,0,0,0,0,0,0,0,0,5905,11,0,0,0,0,0,0,0,0
9,2017-04-13,09:00:04,118,v1709,XDCE,5895,5895,5920,1452,42903450,115254,114632,6230,5640,5935,5900,0,5920,0,0,0,2017-04-13,32404118,5895,6,0,0,0,0,0,0,0,0,5900,1,0,0,0,0,0,0,0,0
10,2017-04-13,09:00:04,620,v1709,XDCE,5890,5890,5920,1550,45791750,115300,114632,6230,5640,5935,5900,0,5920,0,0,0,2017-04-13,32404620,5890,113,0,0,0,0,0,0,0,0,5900,9,0,0,0,0,0,0,0,0
11,2017-04-13,09:00:05,96,v1709,XDCE,5895,5890,5920,1824,53865450,115226,114632,6230,5640,5935,5900,0,5920,0,0,0,2017-04-13,32405096,5890,40,0,0,0,0,0,0,0,0,5895,4,0,0,0,0,0,0,0,0
12,2017-04-13,09:00:05,620,v1709,XDCE,5895,5890,5920,1922,56755000,115198,114632,6230,5640,5935,5900,0,5920,0,0,0,2017-04-13,32405620,5895,11,0,0,0,0,0,0,0,0,5900,2,0,0,0,0,0,0,0,0
13,2017-04-13,09:00:06,104,v1709,XDCE,5900,5890,5920,1930,56991000,115190,114632,6230,5640,5935,5900,0,5920,0,0,0,2017-04-13,32406104,5895,14,0,0,0,0,0,0,0,0,5900,48,0,0,0,0,0,0,0,0
14,2017-04-13,09:00:06,617,v1709,XDCE,5895,5890,5920,1938,57226900,115190,114632,6230,5640,5935,5900,0,5920,0,0,0,2017-04-13,32406617,5895,35,0,0,0,0,0,0,0,0,5900,48,0,0,0,0,0,0,0,0
15,2017-04-13,09:00:07,112,v1709,XDCE,5900,5890,5920,2032,59998600,115200,114632,6230,5640,5935,5900,0,5920,0,0,0,2017-04-13,32407112,5895,22,0,0,0,0,0,0,0,0,5900,32,0,0,0,0,0,0,0,0
16,2017-04-13,09:00:07,594,v1709,XDCE,5900,5890,5920,2046,60411550,115194,114632,6230,5640,5935,5900,0,5920,0,0,0,2017-04-13,32407594,5895,30,0,0,0,0,0,0,0,0,5900,32,0,0,0,0,0,0,0,0
17,2017-04-13,09:00:08,121,v1709,XDCE,5900,5890,5920,2046,60411550,115194,114632,6230,5640,5935,5900,0,5920,0,0,0,2017-04-13,32408121,5895,31,0,0,0,0,0,0,0,0,5900,34,0,0,0,0,0,0,0,0
18,2017-04-13,09:00:08,615,v1709,XDCE,5895,5890,5920,2184,64479500,115204,114632,6230,5640,5935,5900,0,5920,0,0,0,2017-04-13,32408615,5890,52,0,0,0,0,0,0,0,0,5895,1,0,0,0,0,0,0,0,0
19,2017-04-13,09:00:09,122,v1709,XDCE,5890,5890,5920,2302,67955200,115242,114632,6230,5640,5935,5900,0,5920,0,0,0,2017-04-13,32409122,5890,14,0,0,0,0,0,0,0,0,5895,10,0,0,0,0,0,0,0,0
20,2017-04-13,09:00:09,611,v1709,XDCE,5895,5890,5920,2330,68780200,115226,114632,6230,5640,5935,5900,0,5920,0,0,0,2017-04-13,32409611,5890,9,0,0,0,0,0,0,0,0,5895,11,0,0,0,0,0,0,0,0
21,2017-04-13,09:00:10,129,v1709,XDCE,5890,5890,5920,2368,69899300,115230,114632,6230,5640,5935,5900,0,5920,0,0,0,2017-04-13,32410129,5885,20,0,0,0,0,0,0,0,0,5890,23,0,0,0,0,0,0,0,0
22,2017-04-13,09:00:10,627,v1709,XDCE,5890,5890,5920,2424,71548500,115278,114632,6230,5640,5935,5900,0,5920,0,0,0,2017-04-13,32410627,5885,21,0,0,0,0,0,0,0,0,5890,13,0,0,0,0,0,0,0,0
23,2017-04-13,09:00:11,114,v1709,XDCE,5890,5885,5920,2478,73138650,115296,114632,6230,5640,5935,5900,0,5920,0,0,0,2017-04-13,32411114,5890,32,0,0,0,0,0,0,0,0,5895,6,0,0,0,0,0,0,0,0
24,2017-04-13,09:00:11,607,v1709,XDCE,5900,5885,5920,2686,79278250,115370,114632,6230,5640,5935,5900,0,5920,0,0,0,2017-04-13,32411607,5895,10,0,0,0,0,0,0,0,0,5900,2,0,0,0,0,0,0,0,0
25,2017-04-13,09:00:12,129,v1709,XDCE,5895,5885,5920,2798,82578500,115394,114632,6230,5640,5935,5900,0,5920,0,0,0,2017-04-13,32412129,5890,8,0,0,0,0,0,0,0,0,5900,18,0,0,0,0,0,0,0,0
26,2017-04-13,09:00:12,628,v1709,XDCE,5890,5885,5920,2820,83226800,115412,114632,6230,5640,5935,5900,0,5920,0,0,0,2017-04-13,32412628,5890,18,0,0,0,0,0,0,0,0,5895,55,0,0,0,0,0,0,0,0
27,2017-04-13,09:00:13,126,v1709,XDCE,5895,5885,5920,2842,83875200,115412,114632,6230,5640,5935,5900,0,5920,0,0,0,2017-04-13,32413126,5890,27,0,0,0,0,0,0,0,0,5895,49,0,0,0,0,0,0,0,0
28,2017-04-13,09:00:13,604,v1709,XDCE,5890,5885,5920,2844,83934100,115414,114632,6230,5640,5935,5900,0,5920,0,0,0,2017-04-13,32413604,5890,40,0,0,0,0,0,0,0,0,5895,39,0,0,0,0,0,0,0,0
29,2017-04-13,09:00:14,116,v1709,XDCE,5895,5885,5920,2862,84464400,115424,114632,6230,5640,5935,5900,0,5920,0,0,0,2017-04-13,32414116,5890,35,0,0,0,0,0,0,0,0,5895,37,0,0,0,0,0,0,0,0
30,2017-04-13,09:00:14,624,v1709,XDCE,5890,5885,5920,2874,84817800,115436,114632,6230,5640,5935,5900,0,5920,0,0,0,2017-04-13,32414624,5890,31,0,0,0,0,0,0,0,0,5895,17,0,0,0,0,0,0,0,0
31,2017-04-13,09:00:15,121,v1709,XDCE,5895,5885,5920,2948,86997950,115464,114632,6230,5640,5935,5900,0,5920,0,0,0,2017-04-13,32415121,5890,16,0,0,0,0,0,0,0,0,5900,26,0,0,0,0,0,0,0,0
32,2017-04-13,09:00:15,586,v1709,XDCE,5890,5885,5920,2962,87410500,115478,114632,6230,5640,5935,5900,0,5920,0,0,0,2017-04-13,32415586,5890,17,0,0,0,0,0,0,0,0,5895,13,0,0,0,0,0,0,0,0
33,2017-04-13,09:00:16,111,v1709,XDCE,5895,5885,5920,2970,87646300,115480,114632,6230,5640,5935,5900,0,5920,0,0,0,2017-04-13,32416111,5890,18,0,0,0,0,0,0,0,0,5895,9,0,0,0,0,0,0,0,0
34,2017-04-13,09:00:16,614,v1709,XDCE,5890,5885,5920,2980,87940800,115482,114632,6230,5640,5935,5900,0,5920,0,0,0,2017-04-13,32416614,5890,15,0,0,0,0,0,0,0,0,5895,21,0,0,0,0,0,0,0,0
35,2017-04-13,09:00:17,627,v1709,XDCE,5895,5885,5920,3006,88707150,115502,114632,6230,5640,5935,5900,0,5920,0,0,0,2017-04-13,32417627,5890,31,0,0,0,0,0,0,0,0,5895,8,0,0,0,0,0,0,0,0
36,2017-04-13,09:00:18,117,v1709,XDCE,5895,5885,5920,3032,89473500,115528,114632,6230,5640,5935,5900,0,5920,0,0,0,2017-04-13,32418117,5895,87,0,0,0,0,0,0,0,0,5900,49,0,0,0,0,0,0,0,0
37,2017-04-13,09:00:18,626,v1709,XDCE,5900,5885,5920,3052,90063300,115536,114632,6230,5640,5935,5900,0,5920,0,0,0,2017-04-13,32418626,5895,87,0,0,0,0,0,0,0,0,5900,47,0,0,0,0,0,0,0,0
38,2017-04-13,09:00:19,60,v1709,XDCE,5895,5885,5920,3080,90889100,115550,114632,6230,5640,5935,5900,0,5920,0,0,0,2017-04-13,32419060,5895,84,0,0,0,0,0,0,0,0,5900,37,0,0,0,0,0,0,0,0
39,2017-04-13,09:00:19,609,v1709,XDCE,5900,5885,5920,3082,90948100,115552,114632,6230,5640,5935,5900,0,5920,0,0,0,2017-04-13,32419609,5895,87,0,0,0,0,0,0,0,0,5900,36,0,0,0,0,0,0,0,0
40,2017-04-13,09:00:20,120,v1709,XDCE,5900,5885,5920,3116,91950900,115552,114632,6230,5640,5935,5900,0,5920,0,0,0,2017-04-13,32420120,5895,81,0,0,0,0,0,0,0,0,5900,23,0,0,0,0,0,0,0,0
41,2017-04-13,09:00:20,623,v1709,XDCE,5895,5885,5920,3130,92363600,115558,114632,6230,5640,5935,5900,0,5920,0,0,0,2017-04-13,32420623,5895,84,0,0,0,0,0,0,0,0,5900,22,0,0,0,0,0,0,0,0
42,2017-04-13,09:00:21,129,v1709,XDCE,5900,5885,5920,3176,93720550,115562,114632,6230,5640,5935,5900,0,5920,0,0,0,2017-04-13,32421129,5900,79,0,0,0,0,0,0,0,0,5905,29,0,0,0,0,0,0,0,0
43,2017-04-13,09:00:21,608,v1709,XDCE,5905,5885,5920,3262,96259600,115626,114632,6230,5640,5935,5900,0,5920,0,0,0,2017-04-13,32421608,5905,9,0,0,0,0,0,0,0,0,5910,165,0,0,0,0,0,0,0,0
44,2017-04-13,09:00:22,100,v1709,XDCE,5900,5885,5920,3310,97676150,115654,114632,6230,5640,5935,5900,0,5920,0,0,0,2017-04-13,32422100,5900,68,0,0,0,0,0,0,0,0,5905,16,0,0,0,0,0,0,0,0
45,2017-04-13,09:00:22,594,v1709,XDCE,5905,5885,5920,3328,98207550,115642,114632,6230,5640,5935,5900,0,5920,0,0,0,2017-04-13,32422594,5900,67,0,0,0,0,0,0,0,0,5905,11,0,0,0,0,0,0,0,0
46,2017-04-13,09:00:23,116,v1709,XDCE,5900,5885,5920,3334,98384550,115648,114632,6230,5640,5935,5900,0,5920,0,0,0,2017-04-13,32423116,5900,74,0,0,0,0,0,0,0,0,5905,73,0,0,0,0,0,0,0,0
47,2017-04-13,09:00:23,608,v1709,XDCE,5900,5885,5920,3338,98502600,115650,114632,6230,5640,5935,5900,0,5920,0,0,0,2017-04-13,32423608,5900,73,0,0,0,0,0,0,0,0,5905,95,0,0,0,0,0,0,0,0
48,2017-04-13,09:00:24,110,v1709,XDCE,5900,5885,5920,3340,98561600,115652,114632,6230,5640,5935,5900,0,5920,0,0,0,2017-04-13,32424110,5900,72,0,0,0,0,0,0,0,0,5905,95,0,0,0,0,0,0,0,0
49,2017-04-13,09:00:25,108,v1709,XDCE,5900,5885,5920,3342,98620600,115654,114632,6230,5640,5935,5900,0,5920,0,0,0,2017-04-13,32425108,5900,71,0,0,0,0,0,0,0,0,5905,95,0,0,0,0,0,0,0,0
50,2017-04-13,09:00:25,625,v1709,XDCE,5905,5885,5920,3344,98679650,115654,114632,6230,5640,5935,5900,0,5920,0,0,0,2017-04-13,32425625,5900,73,0,0,0,0,0,0,0,0,5905,94,0,0,0,0,0,0,0,0
51,2017-04-13,09:00:26,118,v1709,XDCE,5905,5885,5920,3370,99447300,115642,114632,6230,5640,5935,5900,0,5920,0,0,0,2017-04-13,32426118,5900,76,0,0,0,0,0,0,0,0,5905,81,0,0,0,0,0,0,0,0
52,2017-04-13,09:00:26,595,v1709,XDCE,5905,5885,5920,3370,99447300,115642,114632,6230,5640,5935,5900,0,5920,0,0,0,2017-04-13,32426595,5900,91,0,0,0,0,0,0,0,0,5905,81,0,0,0,0,0,0,0,0
53,2017-04-13,09:00:27,87,v1709,XDCE,5900,5885,5920,3554,104875450,115768,114632,6230,5640,5935,5900,0,5920,0,0,0,2017-04-13,32427087,5895,107,0,0,0,0,0,0,0,0,5900,61,0,0,0,0,0,0,0,0
54,2017-04-13,09:00:27,621,v1709,XDCE,5900,5885,5920,3554,104875450,115768,114632,6230,5640,5935,5900,0,5920,0,0,0,2017-04-13,32427621,5895,100,0,0,0,0,0,0,0,0,5900,62,0,0,0,0,0,0,0,0
55,2017-04-13,09:00:28,94,v1709,XDCE,5900,5885,5920,3558,104993450,115772,114632,6230,5640,5935,5900,0,5920,0,0,0,2017-04-13,32428094,5895,100,0,0,0,0,0,0,0,0,5900,60,0,0,0,0,0,0,0,0
56,2017-04-13,09:00:28,610,v1709,XDCE,5900,5885,5920,3570,105347450,115784,114632,6230,5640,5935,5900,0,5920,0,0,0,2017-04-13,32428610,5895,103,0,0,0,0,0,0,0,0,5900,54,0,0,0,0,0,0,0,0
57,2017-04-13,09:00:29,92,v1709,XDCE,5905,5885,5920,3770,111249750,115890,114632,6230,5640,5935,5900,0,5920,0,0,0,2017-04-13,32429092,5900,8,0,0,0,0,0,0,0,0,5905,39,0,0,0,0,0,0,0,0
58,2017-04-13,09:00:29,623,v1709,XDCE,5905,5885,5920,3770,111249750,115890,114632,6230,5640,5935,5900,0,5920,0,0,0,2017-04-13,32429623,5900,11,0,0,0,0,0,0,0,0,5905,43,0,0,0,0,0,0,0,0
59,2017-04-13,09:00:30,125,v1709,XDCE,5900,5885,5920,3776,111426750,115888,114632,6230,5640,5935,5900,0,5920,0,0,0,2017-04-13,32430125,5900,13,0,0,0,0,0,0,0,0,5905,43,0,0,0,0,0,0,0,0
60,2017-04-13,09:00:30,595,v1709,XDCE,5900,5885,5920,3776,111426750,115888,114632,6230,5640,5935,5900,0,5920,0,0,0,2017-04-13,32430595,5900,14,0,0,0,0,0,0,0,0,5905,43,0,0,0,0,0,0,0,0
61,2017-04-13,09:00:31,88,v1709,XDCE,5900,5885,5920,3782,111603750,115886,114632,6230,5640,5935,5900,0,5920,0,0,0,2017-04-13,32431088,5900,13,0,0,0,0,0,0,0,0,5905,44,0,0,0,0,0,0,0,0
62,2017-04-13,09:00:31,626,v1709,XDCE,5905,5885,5920,3784,111662800,115886,114632,6230,5640,5935,5900,0,5920,0,0,0,2017-04-13,32431626,5900,14,0,0,0,0,0,0,0,0,5905,43,0,0,0,0,0,0,0,0
63,2017-04-13,09:00:32,93,v1709,XDCE,5900,5885,5920,3810,112430350,115866,114632,6230,5640,5935,5900,0,5920,0,0,0,2017-04-13,32432093,5900,14,0,0,0,0,0,0,0,0,5905,32,0,0,0,0,0,0,0,0
64,2017-04-13,09:00:32,604,v1709,XDCE,5905,5885,5920,3856,113788450,115872,114632,6230,5640,5935,5900,0,5920,0,0,0,2017-04-13,32432604,5900,145,0,0,0,0,0,0,0,0,5905,9,0,0,0,0,0,0,0,0
65,2017-04-13,09:00:33,121,v1709,XDCE,5905,5885,5920,3878,114438000,115874,114632,6230,5640,5935,5900,0,5920,0,0,0,2017-04-13,32433121,5905,26,0,0,0,0,0,0,0,0,5910,166,0,0,0,0,0,0,0,0
66,2017-04-13,09:00:33,614,v1709,XDCE,5905,5885,5920,3878,114438000,115874,114632,6230,5640,5935,5900,0,5920,0,0,0,2017-04-13,32433614,5905,27,0,0,0,0,0,0,0,0,5910,176,0,0,0,0,0,0,0,0
67,2017-04-13,09:00:34,99,v1709,XDCE,5905,5885,5920,3878,114438000,115874,114632,6230,5640,5935,5900,0,5920,0,0,0,2017-04-13,32434099,5905,28,0,0,0,0,0,0,0,0,5910,176,0,0,0,0,0,0,0,0
68,2017-04-13,09:00:34,613,v1709,XDCE,5910,5885,5920,3880,114497100,115874,114632,6230,5640,5935,5900,0,5920,0,0,0,2017-04-13,32434613,5905,30,0,0,0,0,0,0,0,0,5910,175,0,0,0,0,0,0,0,0
69,2017-04-13,09:00:35,97,v1709,XDCE,5905,5885,5920,3896,114969500,115890,114632,6230,5640,5935,5900,0,5920,0,0,0,2017-04-13,32435097,5905,25,0,0,0,0,0,0,0,0,5910,176,0,0,0,0,0,0,0,0
70,2017-04-13,09:00:36,586,v1709,XDCE,5905,5885,5920,3928,115914550,115894,114632,6230,5640,5935,5900,0,5920,0,0,0,2017-04-13,32436586,5905,123,0,0,0,0,0,0,0,0,5910,167,0,0,0,0,0,0,0,0
71,2017-04-13,09:00:37,127,v1709,XDCE,5910,5885,5920,4104,121115350,115870,114632,6230,5640,5935,5900,0,5920,0,0,0,2017-04-13,32437127,5905,129,0,0,0,0,0,0,0,0,5910,74,0,0,0,0,0,0,0,0
72,2017-04-13,09:00:37,598,v1709,XDCE,5910,5885,5920,4252,125488750,115874,114632,6230,5640,5935,5900,0,5920,0,0,0,2017-04-13,32437598,5910,104,0,0,0,0,0,0,0,0,5915,148,0,0,0,0,0,0,0,0
73,2017-04-13,09:00:38,124,v1709,XDCE,5915,5885,5920,4282,126376000,115844,114632,6230,5640,5935,5900,0,5920,0,0,0,2017-04-13,32438124,5910,68,0,0,0,0,0,0,0,0,5915,134,0,0,0,0,0,0,0,0
74,2017-04-13,09:00:38,588,v1709,XDCE,5915,5885,5920,4322,127558950,115832,114632,6230,5640,5935,5900,0,5920,0,0,0,2017-04-13,32438588,5910,67,0,0,0,0,0,0,0,0,5915,115,0,0,0,0,0,0,0,0
75,2017-04-13,09:00:39,86,v1709,XDCE,5915,5885,5920,4324,127618100,115834,114632,6230,5640,5935,5900,0,5920,0,0,0,2017-04-13,32439086,5910,52,0,0,0,0,0,0,0,0,5915,114,0,0,0,0,0,0,0,0
76,2017-04-13,09:00:39,626,v1709,XDCE,5915,5885,5920,4334,127913850,115844,114632,6230,5640,5935,5900,0,5920,0,0,0,2017-04-13,32439626,5910,157,0,0,0,0,0,0,0,0,5915,109,0,0,0,0,0,0,0,0
77,2017-04-13,09:00:40,78,v1709,XDCE,5915,5885,5920,4344,128209600,115852,114632,6230,5640,5935,5900,0,5920,0,0,0,2017-04-13,32440078,5910,157,0,0,0,0,0,0,0,0,5915,104,0,0,0,0,0,0,0,0
78,2017-04-13,09:00:40,628,v1709,XDCE,5915,5885,5920,4552,134361200,115962,114632,6230,5640,5935,5900,0,5920,0,0,0,2017-04-13,32440628,5915,6,0,0,0,0,0,0,0,0,5920,114,0,0,0,0,0,0,0,0
79,2017-04-13,09:00:41,115,v1709,XDCE,5915,5885,5920,4566,134775250,115964,114632,6230,5640,5935,5900,0,5920,0,0,0,2017-04-13,32441115,5910,119,0,0,0,0,0,0,0,0,5915,19,0,0,0,0,0,0,0,0
80,2017-04-13,09:00:41,626,v1709,XDCE,5915,5885,5920,4600,135780750,115996,114632,6230,5640,5935,5900,0,5920,0,0,0,2017-04-13,32441626,5910,118,0,0,0,0,0,0,0,0,5915,12,0,0,0,0,0,0,0,0
81,2017-04-13,09:00:42,84,v1709,XDCE,5915,5885,5920,4602,135839900,115996,114632,6230,5640,5935,5900,0,5920,0,0,0,2017-04-13,32442084,5910,116,0,0,0,0,0,0,0,0,5915,12,0,0,0,0,0,0,0,0
82,2017-04-13,09:00:42,629,v1709,XDCE,5915,5885,5920,4676,138028200,115984,114632,6230,5640,5935,5900,0,5920,0,0,0,2017-04-13,32442629,5910,111,0,0,0,0,0,0,0,0,5920,178,0,0,0,0,0,0,0,0
83,2017-04-13,09:00:43,129,v1709,XDCE,5915,5885,5920,4682,138205650,115988,114632,6230,5640,5935,5900,0,5920,0,0,0,2017-04-13,32443129,5910,123,0,0,0,0,0,0,0,0,5915,124,0,0,0,0,0,0,0,0
84,2017-04-13,09:00:43,584,v1709,XDCE,5910,5885,5920,4706,138915300,116012,114632,6230,5640,5935,5900,0,5920,0,0,0,2017-04-13,32443584,5910,120,0,0,0,0,0,0,0,0,5915,116,0,0,0,0,0,0,0,0
85,2017-04-13,09:00:44,118,v1709,XDCE,5915,5885,5920,4712,139092700,116014,114632,6230,5640,5935,5900,0,5920,0,0,0,2017-04-13,32444118,5910,119,0,0,0,0,0,0,0,0,5915,114,0,0,0,0,0,0,0,0
86,2017-04-13,09:00:44,491,v1709,XDCE,5910,5885,5920,4716,139210950,116014,114632,6230,5640,5935,5900,0,5920,0,0,0,2017-04-13,32444491,5910,118,0,0,0,0,0,0,0,0,5915,114,0,0,0,0,0,0,0,0
87,2017-04-13,09:00:45,127,v1709,XDCE,5910,5885,5920,5008,147839150,115986,114632,6230,5640,5935,5900,0,5920,0,0,0,2017-04-13,32445127,5905,118,0,0,0,0,0,0,0,0,5910,12,0,0,0,0,0,0,0,0
88,2017-04-13,09:00:45,576,v1709,XDCE,5910,5885,5920,5050,149080250,116002,114632,6230,5640,5935,5900,0,5920,0,0,0,2017-04-13,32445576,5910,79,0,0,0,0,0,0,0,0,5915,130,0,0,0,0,0,0,0,0
89,2017-04-13,09:00:46,57,v1709,XDCE,5910,5885,5920,5054,149198450,116006,114632,6230,5640,5935,5900,0,5920,0,0,0,2017-04-13,32446057,5910,79,0,0,0,0,0,0,0,0,5915,130,0,0,0,0,0,0,0,0
90,2017-04-13,09:00:46,605,v1709,XDCE,5910,5885,5920,5058,149316650,116010,114632,6230,5640,5935,5900,0,5920,0,0,0,2017-04-13,32446605,5910,77,0,0,0,0,0,0,0,0,5915,133,0,0,0,0,0,0,0,0
91,2017-04-13,09:00:47,105,v1709,XDCE,5910,5885,5920,5058,149316650,116010,114632,6230,5640,5935,5900,0,5920,0,0,0,2017-04-13,32447105,5910,79,0,0,0,0,0,0,0,0,5915,150,0,0,0,0,0,0,0,0
92,2017-04-13,09:00:47,615,v1709,XDCE,5910,5885,5920,5070,149671250,116010,114632,6230,5640,5935,5900,0,5920,0,0,0,2017-04-13,32447615,5910,73,0,0,0,0,0,0,0,0,5915,161,0,0,0,0,0,0,0,0
93,2017-04-13,09:00:48,626,v1709,XDCE,5915,5885,5920,5092,150321900,116010,114632,6230,5640,5935,5900,0,5920,0,0,0,2017-04-13,32448626,5910,74,0,0,0,0,0,0,0,0,5915,150,0,0,0,0,0,0,0,0
94,2017-04-13,09:00:49,102,v1709,XDCE,5910,5885,5920,5102,150617400,116010,114632,6230,5640,5935,5900,0,5920,0,0,0,2017-04-13,32449102,5910,69,0,0,0,0,0,0,0,0,5915,150,0,0,0,0,0,0,0,0
95,2017-04-13,09:00:49,493,v1709,XDCE,5915,5885,5920,5106,150735700,116010,114632,6230,5640,5935,5900,0,5920,0,0,0,2017-04-13,32449493,5910,74,0,0,0,0,0,0,0,0,5915,149,0,0,0,0,0,0,0,0
96,2017-04-13,09:00:50,99,v1709,XDCE,5910,5885,5920,5110,150853900,116014,114632,6230,5640,5935,5900,0,5920,0,0,0,2017-04-13,32450099,5910,72,0,0,0,0,0,0,0,0,5915,149,0,0,0,0,0,0,0,0
97,2017-04-13,09:00:50,591,v1709,XDCE,5910,5885,5920,5236,154577450,116080,114632,6230,5640,5935,5900,0,5920,0,0,0,2017-04-13,32450591,5910,15,0,0,0,0,0,0,0,0,5915,134,0,0,0,0,0,0,0,0
98,2017-04-13,09:00:51,22,v1709,XDCE,5910,5885,5920,5274,155700350,116088,114632,6230,5640,5935,5900,0,5920,0,0,0,2017-04-13,32451022,5905,118,0,0,0,0,0,0,0,0,5910,112,0,0,0,0,0,0,0,0
99,2017-04-13,09:00:51,618,v1709,XDCE,5910,5885,5920,5274,155700350,116088,114632,6230,5640,5935,5900,0,5920,0,0,0,2017-04-13,32451618,5905,115,0,0,0,0,0,0,0,0,5910,124,0,0,0,0,0,0,0,0
100,2017-04-13,09:00:52,117,v1709,XDCE,5910,5885,5920,5288,156114050,116088,114632,6230,5640,5935,5900,0,5920,0,0,0,2017-04-13,32452117,5905,115,0,0,0,0,0,0,0,0,5910,117,0,0,0,0,0,0,0,0
101,2017-04-13,09:00:52,521,v1709,XDCE,5910,5885,5920,5288,156114050,116088,114632,6230,5640,5935,5900,0,5920,0,0,0,2017-04-13,32452521,5905,114,0,0,0,0,0,0,0,0,5910,127,0,0,0,0,0,0,0,0
102,2017-04-13,09:00:53,108,v1709,XDCE,5910,5885,5920,5328,157296050,116128,114632,6230,5640,5935,5900,0,5920,0,0,0,2017-04-13,32453108,5905,115,0,0,0,0,0,0,0,0,5910,108,0,0,0,0,0,0,0,0
103,2017-04-13,09:00:54,93,v1709,XDCE,5910,5885,5920,5330,157355150,116130,114632,6230,5640,5935,5900,0,5920,0,0,0,2017-04-13,32454093,5905,116,0,0,0,0,0,0,0,0,5910,109,0,0,0,0,0,0,0,0
104,2017-04-13,09:00:54,583,v1709,XDCE,5910,5885,5920,5330,157355150,116130,114632,6230,5640,5935,5900,0,5920,0,0,0,2017-04-13,32454583,5905,117,0,0,0,0,0,0,0,0,5910,109,0,0,0,0,0,0,0,0
105,2017-04-13,09:00:55,127,v1709,XDCE,5905,5885,5920,5356,158123350,116136,114632,6230,5640,5935,5900,0,5920,0,0,0,2017-04-13,32455127,5905,115,0,0,0,0,0,0,0,0,5910,99,0,0,0,0,0,0,0,0
106,2017-04-13,09:00:55,625,v1709,XDCE,5905,5885,5920,5358,158182400,116138,114632,6230,5640,5935,5900,0,5920,0,0,0,2017-04-13,32455625,5905,120,0,0,0,0,0,0,0,0,5910,100,0,0,0,0,0,0,0,0
107,2017-04-13,09:00:56,112,v1709,XDCE,5905,5885,5920,5360,158241450,116140,114632,6230,5640,5935,5900,0,5920,0,0,0,2017-04-13,32456112,5905,119,0,0,0,0,0,0,0,0,5910,100,0,0,0,0,0,0,0,0
108,2017-04-13,09:00:56,628,v1709,XDCE,5905,5885,5920,5362,158300500,116142,114632,6230,5640,5935,5900,0,5920,0,0,0,2017-04-13,32456628,5905,118,0,0,0,0,0,0,0,0,5910,100,0,0,0,0,0,0,0,0
109,2017-04-13,09:00:57,93,v1709,XDCE,5905,5885,5920,5364,158359550,116144,114632,6230,5640,5935,5900,0,5920,0,0,0,2017-04-13,32457093,5905,117,0,0,0,0,0,0,0,0,5910,101,0,0,0,0,0,0,0,0
110,2017-04-13,09:00:57,584,v1709,XDCE,5905,5885,5920,5364,158359550,116144,114632,6230,5640,5935,5900,0,5920,0,0,0,2017-04-13,32457584,5905,122,0,0,0,0,0,0,0,0,5910,90,0,0,0,0,0,0,0,0
111,2017-04-13,09:00:58,90,v1709,XDCE,5910,5885,5920,5552,163914800,116286,114632,6230,5640,5935,5900,0,5920,0,0,0,2017-04-13,32458090,5910,2,0,0,0,0,0,0,0,0,5915,140,0,0,0,0,0,0,0,0
112,2017-04-13,09:00:58,616,v1709,XDCE,5910,5885,5920,5554,163973900,116288,114632,6230,5640,5935,5900,0,5920,0,0,0,2017-04-13,32458616,5910,48,0,0,0,0,0,0,0,0,5915,156,0,0,0,0,0,0,0,0
113,2017-04-13,09:00:59,82,v1709,XDCE,5910,5885,5920,5554,163973900,116288,114632,6230,5640,5935,5900,0,5920,0,0,0,2017-04-13,32459082,5910,53,0,0,0,0,0,0,0,0,5915,156,0,0,0,0,0,0,0,0
114,2017-04-13,09:01:00,19,v1709,XDCE,5910,5885,5920,5568,164387600,116300,114632,6230,5640,5935,5900,0,5920,0,0,0,2017-04-13,32460019,5910,48,0,0,0,0,0,0,0,0,5915,158,0,0,0,0,0,0,0,0
115,2017-04-13,09:01:00,583,v1709,XDCE,5910,5885,5920,5568,164387600,116300,114632,6230,5640,5935,5900,0,5920,0,0,0,2017-04-13,32460583,5910,44,0,0,0,0,0,0,0,0,5915,158,0,0,0,0,0,0,0,0
116,2017-04-13,09:01:01,117,v1709,XDCE,5910,5885,5920,5600,165333700,116306,114632,6230,5640,5935,5900,0,5920,0,0,0,2017-04-13,32461117,5910,38,0,0,0,0,0,0,0,0,5915,145,0,0,0,0,0,0,0,0
117,2017-04-13,09:01:01,559,v1709,XDCE,5910,5885,5920,5604,165451900,116310,114632,6230,5640,5935,5900,0,5920,0,0,0,2017-04-13,32461559,5910,46,0,0,0,0,0,0,0,0,5915,145,0,0,0,0,0,0,0,0
118,2017-04-13,09:01:02,107,v1709,XDCE,5910,5885,5920,5676,167579500,116372,114632,6230,5640,5935,5900,0,5920,0,0,0,2017-04-13,32462107,5910,23,0,0,0,0,0,0,0,0,5915,135,0,0,0,0,0,0,0,0
119,2017-04-13,09:01:02,592,v1709,XDCE,5910,5885,5920,5826,172012000,116400,114632,6230,5640,5935,5900,0,5920,0,0,0,2017-04-13,32462592,5905,149,0,0,0,0,0,0,0,0,5910,11,0,0,0,0,0,0,0,0
120,2017-04-13,09:01:03,127,v1709,XDCE,5910,5885,5920,5904,174316900,116440,114632,6230,5640,5935,5900,0,5920,0,0,0,2017-04-13,32463127,5910,15,0,0,0,0,0,0,0,0,5915,143,0,0,0,0,0,0,0,0
121,2017-04-13,09:01:03,621,v1709,XDCE,5910,5885,5920,5946,175558000,116416,114632,6230,5640,5935,5900,0,5920,0,0,0,2017-04-13,32463621,5905,146,0,0,0,0,0,0,0,0,5910,26,0,0,0,0,0,0,0,0
122,2017-04-13,09:01:04,101,v1709,XDCE,5910,5885,5920,6006,177331000,116398,114632,6230,5640,5935,5900,0,5920,0,0,0,2017-04-13,32464101,5910,2,0,0,0,0,0,0,0,0,5915,115,0,0,0,0,0,0,0,0
123,2017-04-13,09:01:04,591,v1709,XDCE,5910,5885,5920,6016,177626500,116404,114632,6230,5640,5935,5900,0,5920,0,0,0,2017-04-13,32464591,5910,10,0,0,0,0,0,0,0,0,5915,136,0,0,0,0,0,0,0,0
124,2017-04-13,09:01:05,112,v1709,XDCE,5910,5885,5920,6060,178926700,116402,114632,6230,5640,5935,5900,0,5920,0,0,0,2017-04-13,32465112,5905,150,0,0,0,0,0,0,0,0,5915,125,0,0,0,0,0,0,0,0
125,2017-04-13,09:01:05,582,v1709,XDCE,5915,5885,5920,6066,179104150,116402,114632,6230,5640,5935,5900,0,5920,0,0,0,2017-04-13,32465582,5905,148,0,0,0,0,0,0,0,0,5915,123,0,0,0,0,0,0,0,0
126,2017-04-13,09:01:06,56,v1709,XDCE,5915,5885,5920,6066,179104150,116402,114632,6230,5640,5935,5900,0,5920,0,0,0,2017-04-13,32466056,5905,144,0,0,0,0,0,0,0,0,5915,125,0,0,0,0,0,0,0,0
127,2017-04-13,09:01:06,520,v1709,XDCE,5905,5885,5920,6070,179222250,116406,114632,6230,5640,5935,5900,0,5920,0,0,0,2017-04-13,32466520,5905,141,0,0,0,0,0,0,0,0,5910,5,0,0,0,0,0,0,0,0
128,2017-04-13,09:01:07,126,v1709,XDCE,5905,5885,5920,6070,179222250,116406,114632,6230,5640,5935,5900,0,5920,0,0,0,2017-04-13,32467126,5905,141,0,0,0,0,0,0,0,0,5910,8,0,0,0,0,0,0,0,0
129,2017-04-13,09:01:07,626,v1709,XDCE,5910,5885,5920,6072,179281350,116408,114632,6230,5640,5935,5900,0,5920,0,0,0,2017-04-13,32467626,5905,141,0,0,0,0,0,0,0,0,5910,27,0,0,0,0,0,0,0,0
130,2017-04-13,09:01:08,33,v1709,XDCE,5910,5885,5920,6072,179281350,116408,114632,6230,5640,5935,5900,0,5920,0,0,0,2017-04-13,32468033,5905,141,0,0,0,0,0,0,0,0,5910,31,0,0,0,0,0,0,0,0
131,2017-04-13,09:01:08,623,v1709,XDCE,5905,5885,5920,6354,187607400,116688,114632,6230,5640,5935,5900,0,5920,0,0,0,2017-04-13,32468623,5900,142,0,0,0,0,0,0,0,0,5905,1,0,0,0,0,0,0,0,0
132,2017-04-13,09:01:09,125,v1709,XDCE,5905,5885,5920,6386,188552200,116668,114632,6230,5640,5935,5900,0,5920,0,0,0,2017-04-13,32469125,5900,136,0,0,0,0,0,0,0,0,5905,62,0,0,0,0,0,0,0,0
133,2017-04-13,09:01:09,569,v1709,XDCE,5905,5885,5920,6386,188552200,116668,114632,6230,5640,5935,5900,0,5920,0,0,0,2017-04-13,32469569,5900,139,0,0,0,0,0,0,0,0,5905,76,0,0,0,0,0,0,0,0
134,2017-04-13,09:01:10,114,v1709,XDCE,5905,5885,5920,6428,189792250,116658,114632,6230,5640,5935,5900,0,5920,0,0,0,2017-04-13,32470114,5900,139,0,0,0,0,0,0,0,0,5905,58,0,0,0,0,0,0,0,0
135,2017-04-13,09:01:10,474,v1709,XDCE,5905,5885,5920,6476,191209450,116698,114632,6230,5640,5935,5900,0,5920,0,0,0,2017-04-13,32470474,5900,139,0,0,0,0,0,0,0,0,5905,35,0,0,0,0,0,0,0,0
136,2017-04-13,09:01:11,112,v1709,XDCE,5900,5885,5920,6478,191268450,116698,114632,6230,5640,5935,5900,0,5920,0,0,0,2017-04-13,32471112,5900,138,0,0,0,0,0,0,0,0,5905,35,0,0,0,0,0,0,0,0
137,2017-04-13,09:01:11,624,v1709,XDCE,5900,5885,5920,6478,191268450,116698,114632,6230,5640,5935,5900,0,5920,0,0,0,2017-04-13,32471624,5900,138,0,0,0,0,0,0,0,0,5905,36,0,0,0,0,0,0,0,0
138,2017-04-13,09:01:12,112,v1709,XDCE,5905,5885,5920,6488,191563700,116700,114632,6230,5640,5935,5900,0,5920,0,0,0,2017-04-13,32472112,5900,140,0,0,0,0,0,0,0,0,5905,31,0,0,0,0,0,0,0,0
139,2017-04-13,09:01:12,605,v1709,XDCE,5900,5885,5920,6490,191622700,116702,114632,6230,5640,5935,5900,0,5920,0,0,0,2017-04-13,32472605,5900,138,0,0,0,0,0,0,0,0,5905,36,0,0,0,0,0,0,0,0
140,2017-04-13,09:01:13,127,v1709,XDCE,5905,5885,5920,6496,191799800,116706,114632,6230,5640,5935,5900,0,5920,0,0,0,2017-04-13,32473127,5900,134,0,0,0,0,0,0,0,0,5905,34,0,0,0,0,0,0,0,0
141,2017-04-13,09:01:13,627,v1709,XDCE,5905,5885,5920,6510,192213150,116706,114632,6230,5640,5935,5900,0,5920,0,0,0,2017-04-13,32473627,5900,134,0,0,0,0,0,0,0,0,5905,31,0,0,0,0,0,0,0,0
142,2017-04-13,09:01:14,611,v1709,XDCE,5905,5885,5920,6514,192331250,116706,114632,6230,5640,5935,5900,0,5920,0,0,0,2017-04-13,32474611,5900,134,0,0,0,0,0,0,0,0,5905,30,0,0,0,0,0,0,0,0
143,2017-04-13,09:01:15,590,v1709,XDCE,5900,5885,5920,6518,192449250,116706,114632,6230,5640,5935,5900,0,5920,0,0,0,2017-04-13,32475590,5900,122,0,0,0,0,0,0,0,0,5905,41,0,0,0,0,0,0,0,0
144,2017-04-13,09:01:16,97,v1709,XDCE,5905,5885,5920,6558,193630250,116704,114632,6230,5640,5935,5900,0,5920,0,0,0,2017-04-13,32476097,5900,122,0,0,0,0,0,0,0,0,5905,21,0,0,0,0,0,0,0,0
145,2017-04-13,09:01:16,620,v1709,XDCE,5900,5885,5920,6580,194279750,116714,114632,6230,5640,5935,5900,0,5920,0,0,0,2017-04-13,32476620,5900,121,0,0,0,0,0,0,0,0,5905,18,0,0,0,0,0,0,0,0
146,2017-04-13,09:01:17,67,v1709,XDCE,5900,5885,5920,6580,194279750,116714,114632,6230,5640,5935,5900,0,5920,0,0,0,2017-04-13,32477067,5900,121,0,0,0,0,0,0,0,0,5905,19,0,0,0,0,0,0,0,0
147,2017-04-13,09:01:17,626,v1709,XDCE,5895,5885,5920,6872,202893500,117002,114632,6230,5640,5935,5900,0,5920,0,0,0,2017-04-13,32477626,5895,95,0,0,0,0,0,0,0,0,5900,53,0,0,0,0,0,0,0,0
148,2017-04-13,09:01:18,115,v1709,XDCE,5900,5885,5920,6880,203129400,117010,114632,6230,5640,5935,5900,0,5920,0,0,0,2017-04-13,32478115,5895,73,0,0,0,0,0,0,0,0,5900,59,0,0,0,0,0,0,0,0
149,2017-04-13,09:01:18,625,v1709,XDCE,5890,5885,5920,7092,209376750,117140,114632,6230,5640,5935,5900,0,5920,0,0,0,2017-04-13,32478625,5885,22,0,0,0,0,0,0,0,0,5890,41,0,0,0,0,0,0,0,0
150,2017-04-13,09:01:19,121,v1709,XDCE,5885,5885,5920,7156,211260200,117178,114632,6230,5640,5935,5900,0,5920,0,0,0,2017-04-13,32479121,5880,103,0,0,0,0,0,0,0,0,5890,50,0,0,0,0,0,0,0,0
151,2017-04-13,09:01:19,589,v1709,XDCE,5880,5880,5920,7224,213260050,117222,114632,6230,5640,5935,5900,0,5920,0,0,0,2017-04-13,32479589,5885,2,0,0,0,0,0,0,0,0,5890,41,0,0,0,0,0,0,0,0
152,2017-04-13,09:01:20,125,v1709,XDCE,5885,5880,5920,7424,219143150,117234,114632,6230,5640,5935,5900,0,5920,0,0,0,2017-04-13,32480125,5885,3,0,0,0,0,0,0,0,0,5890,40,0,0,0,0,0,0,0,0
153,2017-04-13,09:01:20,614,v1709,XDCE,5880,5880,5920,7520,221965900,117192,114632,6230,5640,5935,5900,0,5920,0,0,0,2017-04-13,32480614,5880,5,0,0,0,0,0,0,0,0,5885,6,0,0,0,0,0,0,0,0
154,2017-04-13,09:01:21,92,v1709,XDCE,5880,5880,5920,7594,224141750,117232,114632,6230,5640,5935,5900,0,5920,0,0,0,2017-04-13,32481092,5880,2,0,0,0,0,0,0,0,0,5885,34,0,0,0,0,0,0,0,0
155,2017-04-13,09:01:21,598,v1709,XDCE,5885,5880,5920,7678,226613250,117226,114632,6230,5640,5935,5900,0,5920,0,0,0,2017-04-13,32481598,5885,60,0,0,0,0,0,0,0,0,5890,37,0,0,0,0,0,0,0,0
156,2017-04-13,09:01:22,109,v1709,XDCE,5890,5880,5920,7722,227909000,117202,114632,6230,5640,5935,5900,0,5920,0,0,0,2017-04-13,32482109,5885,60,0,0,0,0,0,0,0,0,5890,24,0,0,0,0,0,0,0,0
157,2017-04-13,09:01:22,602,v1709,XDCE,5885,5880,5920,7730,228144400,117204,114632,6230,5640,5935,5900,0,5920,0,0,0,2017-04-13,32482602,5885,58,0,0,0,0,0,0,0,0,5890,38,0,0,0,0,0,0,0,0
158,2017-04-13,09:01:23,124,v1709,XDCE,5885,5880,5920,7730,228144400,117204,114632,6230,5640,5935,5900,0,5920,0,0,0,2017-04-13,32483124,5885,59,0,0,0,0,0,0,0,0,5890,38,0,0,0,0,0,0,0,0
159,2017-04-13,09:01:23,593,v1709,XDCE,5890,5880,5920,7808,230441500,117178,114632,6230,5640,5935,5900,0,5920,0,0,0,2017-04-13,32483593,5890,11,0,0,0,0,0,0,0,0,5895,24,0,0,0,0,0,0,0,0
160,2017-04-13,09:01:24,53,v1709,XDCE,5890,5880,5920,7808,230441500,117178,114632,6230,5640,5935,5900,0,5920,0,0,0,2017-04-13,32484053,5890,32,0,0,0,0,0,0,0,0,5895,37,0,0,0,0,0,0,0,0
161,2017-04-13,09:01:24,594,v1709,XDCE,5890,5880,5920,7828,231030500,117158,114632,6230,5640,5935,5900,0,5920,0,0,0,2017-04-13,32484594,5890,23,0,0,0,0,0,0,0,0,5895,25,0,0,0,0,0,0,0,0
162,2017-04-13,09:01:25,97,v1709,XDCE,5885,5880,5920,7912,233503350,117152,114632,6230,5640,5935,5900,0,5920,0,0,0,2017-04-13,32485097,5885,23,0,0,0,0,0,0,0,0,5890,21,0,0,0,0,0,0,0,0
163,2017-04-13,09:01:25,582,v1709,XDCE,5885,5880,5920,7916,233621100,117154,114632,6230,5640,5935,5900,0,5920,0,0,0,2017-04-13,32485582,5885,22,0,0,0,0,0,0,0,0,5890,47,0,0,0,0,0,0,0,0
164,2017-04-13,09:01:26,94,v1709,XDCE,5885,5880,5920,7916,233621100,117154,114632,6230,5640,5935,5900,0,5920,0,0,0,2017-04-13,32486094,5885,32,0,0,0,0,0,0,0,0,5890,47,0,0,0,0,0,0,0,0
165,2017-04-13,09:01:26,591,v1709,XDCE,5885,5880,5920,7920,233738850,117156,114632,6230,5640,5935,5900,0,5920,0,0,0,2017-04-13,32486591,5885,31,0,0,0,0,0,0,0,0,5890,46,0,0,0,0,0,0,0,0
166,2017-04-13,09:01:27,107,v1709,XDCE,5885,5880,5920,7968,235151250,117172,114632,6230,5640,5935,5900,0,5920,0,0,0,2017-04-13,32487107,5885,9,0,0,0,0,0,0,0,0,5890,42,0,0,0,0,0,0,0,0
167,2017-04-13,09:01:27,630,v1709,XDCE,5885,5880,5920,7992,235857450,117192,114632,6230,5640,5935,5900,0,5920,0,0,0,2017-04-13,32487630,5880,30,0,0,0,0,0,0,0,0,5885,20,0,0,0,0,0,0,0,0
168,2017-04-13,09:01:28,119,v1709,XDCE,5890,5880,5920,8018,236622600,117194,114632,6230,5640,5935,5900,0,5920,0,0,0,2017-04-13,32488119,5885,17,0,0,0,0,0,0,0,0,5890,28,0,0,0,0,0,0,0,0
169,2017-04-13,09:01:28,500,v1709,XDCE,5885,5880,5920,8048,237505350,117164,114632,6230,5640,5935,5900,0,5920,0,0,0,2017-04-13,32488500,5885,50,0,0,0,0,0,0,0,0,5890,10,0,0,0,0,0,0,0,0
170,2017-04-13,09:01:29,83,v1709,XDCE,5885,5880,5920,8048,237505350,117164,114632,6230,5640,5935,5900,0,5920,0,0,0,2017-04-13,32489083,5885,59,0,0,0,0,0,0,0,0,5890,10,0,0,0,0,0,0,0,0
171,2017-04-13,09:01:29,614,v1709,XDCE,5895,5880,5920,8076,238330000,117146,114632,6230,5640,5935,5900,0,5920,0,0,0,2017-04-13,32489614,5890,37,0,0,0,0,0,0,0,0,5895,36,0,0,0,0,0,0,0,0
172,2017-04-13,09:01:30,121,v1709,XDCE,5890,5880,5920,8108,239272400,117146,114632,6230,5640,5935,5900,0,5920,0,0,0,2017-04-13,32490121,5890,24,0,0,0,0,0,0,0,0,5895,36,0,0,0,0,0,0,0,0
173,2017-04-13,09:01:30,589,v1709,XDCE,5895,5880,5920,8160,240804800,117138,114632,6230,5640,5935,5900,0,5920,0,0,0,2017-04-13,32490589,5890,21,0,0,0,0,0,0,0,0,5895,24,0,0,0,0,0,0,0,0
174,2017-04-13,09:01:31,129,v1709,XDCE,5890,5880,5920,8164,240922600,117136,114632,6230,5640,5935,5900,0,5920,0,0,0,2017-04-13,32491129,5890,19,0,0,0,0,0,0,0,0,5895,30,0,0,0,0,0,0,0,0
175,2017-04-13,09:01:31,607,v1709,XDCE,5890,5880,5920,8164,240922600,117136,114632,6230,5640,5935,5900,0,5920,0,0,0,2017-04-13,32491607,5890,21,0,0,0,0,0,0,0,0,5895,30,0,0,0,0,0,0,0,0
176,2017-04-13,09:01:32,84,v1709,XDCE,5890,5880,5920,8166,240981500,117136,114632,6230,5640,5935,5900,0,5920,0,0,0,2017-04-13,32492084,5890,20,0,0,0,0,0,0,0,0,5895,30,0,0,0,0,0,0,0,0
177,2017-04-13,09:01:32,543,v1709,XDCE,5890,5880,5920,8186,241570500,117116,114632,6230,5640,5935,5900,0,5920,0,0,0,2017-04-13,32492543,5890,25,0,0,0,0,0,0,0,0,5895,33,0,0,0,0,0,0,0,0
178,2017-04-13,09:01:33,113,v1709,XDCE,5890,5880,5920,8186,241570500,117116,114632,6230,5640,5935,5900,0,5920,0,0,0,2017-04-13,32493113,5890,26,0,0,0,0,0,0,0,0,5895,35,0,0,0,0,0,0,0,0
179,2017-04-13,09:01:33,600,v1709,XDCE,5890,5880,5920,8188,241629400,117116,114632,6230,5640,5935,5900,0,5920,0,0,0,2017-04-13,32493600,5890,25,0,0,0,0,0,0,0,0,5895,39,0,0,0,0,0,0,0,0
180,2017-04-13,09:01:34,115,v1709,XDCE,5890,5880,5920,8238,243101900,117098,114632,6230,5640,5935,5900,0,5920,0,0,0,2017-04-13,32494115,5885,56,0,0,0,0,0,0,0,0,5890,7,0,0,0,0,0,0,0,0
181,2017-04-13,09:01:34,614,v1709,XDCE,5890,5880,5920,8288,244574400,117052,114632,6230,5640,5935,5900,0,5920,0,0,0,2017-04-13,32494614,5885,57,0,0,0,0,0,0,0,0,5890,6,0,0,0,0,0,0,0,0
182,2017-04-13,09:01:35,90,v1709,XDCE,5890,5880,5920,8294,244751100,117052,114632,6230,5640,5935,5900,0,5920,0,0,0,2017-04-13,32495090,5890,17,0,0,0,0,0,0,0,0,5895,58,0,0,0,0,0,0,0,0
183,2017-04-13,09:01:35,520,v1709,XDCE,5890,5880,5920,8294,244751100,117052,114632,6230,5640,5935,5900,0,5920,0,0,0,2017-04-13,32495520,5890,19,0,0,0,0,0,0,0,0,5895,60,0,0,0,0,0,0,0,0
184,2017-04-13,09:01:35,996,v1709,XDCE,5890,5880,5920,8298,244868900,117056,114632,6230,5640,5935,5900,0,5920,0,0,0,2017-04-13,32495996,5890,58,0,0,0,0,0,0,0,0,5895,71,0,0,0,0,0,0,0,0
185,2017-04-13,09:01:36,587,v1709,XDCE,5890,5880,5920,8300,244927800,117058,114632,6230,5640,5935,5900,0,5920,0,0,0,2017-04-13,32496587,5890,58,0,0,0,0,0,0,0,0,5895,65,0,0,0,0,0,0,0,0
186,2017-04-13,09:01:37,86,v1709,XDCE,5890,5880,5920,8308,245163400,117066,114632,6230,5640,5935,5900,0,5920,0,0,0,2017-04-13,32497086,5890,63,0,0,0,0,0,0,0,0,5895,71,0,0,0,0,0,0,0,0
187,2017-04-13,09:01:37,610,v1709,XDCE,5890,5880,5920,8312,245281200,117070,114632,6230,5640,5935,5900,0,5920,0,0,0,2017-04-13,32497610,5890,21,0,0,0,0,0,0,0,0,5895,81,0,0,0,0,0,0,0,0
188,2017-04-13,09:01:38,127,v1709,XDCE,5890,5880,5920,8312,245281200,117070,114632,6230,5640,5935,5900,0,5920,0,0,0,2017-04-13,32498127,5890,21,0,0,0,0,0,0,0,0,5895,75,0,0,0,0,0,0,0,0
189,2017-04-13,09:01:38,590,v1709,XDCE,5890,5880,5920,8318,245457900,117076,114632,6230,5640,5935,5900,0,5920,0,0,0,2017-04-13,32498590,5890,19,0,0,0,0,0,0,0,0,5895,75,0,0,0,0,0,0,0,0
190,2017-04-13,09:01:39,83,v1709,XDCE,5890,5880,5920,8318,245457900,117076,114632,6230,5640,5935,5900,0,5920,0,0,0,2017-04-13,32499083,5890,19,0,0,0,0,0,0,0,0,5895,76,0,0,0,0,0,0,0,0
191,2017-04-13,09:01:39,592,v1709,XDCE,5890,5880,5920,8320,245516800,117078,114632,6230,5640,5935,5900,0,5920,0,0,0,2017-04-13,32499592,5890,18,0,0,0,0,0,0,0,0,5895,85,0,0,0,0,0,0,0,0
192,2017-04-13,09:01:40,98,v1709,XDCE,5890,5880,5920,8366,246871700,117092,114632,6230,5640,5935,5900,0,5920,0,0,0,2017-04-13,32500098,5885,126,0,0,0,0,0,0,0,0,5890,2,0,0,0,0,0,0,0,0
193,2017-04-13,09:01:40,594,v1709,XDCE,5890,5880,5920,8372,247048400,117090,114632,6230,5640,5935,5900,0,5920,0,0,0,2017-04-13,32500594,5890,20,0,0,0,0,0,0,0,0,5895,71,0,0,0,0,0,0,0,0
194,2017-04-13,09:01:41,95,v1709,XDCE,5890,5880,5920,8372,247048400,117090,114632,6230,5640,5935,5900,0,5920,0,0,0,2017-04-13,32501095,5890,21,0,0,0,0,0,0,0,0,5895,75,0,0,0,0,0,0,0,0
195,2017-04-13,09:01:41,620,v1709,XDCE,5890,5880,5920,8374,247107300,117090,114632,6230,5640,5935,5900,0,5920,0,0,0,2017-04-13,32501620,5890,21,0,0,0,0,0,0,0,0,5895,85,0,0,0,0,0,0,0,0
196,2017-04-13,09:01:41,844,v1709,XDCE,5890,5880,5920,8376,247166200,117090,114632,6230,5640,5935,5900,0,5920,0,0,0,2017-04-13,32501844,5890,20,0,0,0,0,0,0,0,0,5895,85,0,0,0,0,0,0,0,0
197,2017-04-13,09:01:42,628,v1709,XDCE,5890,5880,5920,8378,247225100,117088,114632,6230,5640,5935,5900,0,5920,0,0,0,2017-04-13,32502628,5890,1,0,0,0,0,0,0,0,0,5895,94,0,0,0,0,0,0,0,0
198,2017-04-13,09:01:43,94,v1709,XDCE,5890,5880,5920,8418,248404000,117080,114632,6230,5640,5935,5900,0,5920,0,0,0,2017-04-13,32503094,5890,1,0,0,0,0,0,0,0,0,5895,67,0,0,0,0,0,0,0,0
199,2017-04-13,09:01:43,612,v1709,XDCE,5895,5880,5920,8422,248521900,117080,114632,6230,5640,5935,5900,0,5920,0,0,0,2017-04-13,32503612,5890,1,0,0,0,0,0,0,0,0,5895,65,0,0,0,0,0,0,0,0
200,2017-04-13,09:01:44,119,v1709,XDCE,5890,5880,5920,8448,249288100,117088,114632,6230,5640,5935,5900,0,5920,0,0,0,2017-04-13,32504119,5885,117,0,0,0,0,0,0,0,0,5890,1,0,0,0,0,0,0,0,0
201,2017-04-13,09:01:44,608,v1709,XDCE,5890,5880,5920,8452,249405900,117086,114632,6230,5640,5935,5900,0,5920,0,0,0,2017-04-13,32504608,5890,43,0,0,0,0,0,0,0,0,5895,73,0,0,0,0,0,0,0,0
202,2017-04-13,09:01:45,58,v1709,XDCE,5890,5880,5920,8456,249523700,117086,114632,6230,5640,5935,5900,0,5920,0,0,0,2017-04-13,32505058,5890,48,0,0,0,0,0,0,0,0,5895,73,0,0,0,0,0,0,0,0
203,2017-04-13,09:01:45,318,v1709,XDCE,5890,5880,5920,8458,249582600,117086,114632,6230,5640,5935,5900,0,5920,0,0,0,2017-04-13,32505318,5890,47,0,0,0,0,0,0,0,0,5895,73,0,0,0,0,0,0,0,0
204,2017-04-13,09:01:46,105,v1709,XDCE,5890,5880,5920,8460,249641500,117086,114632,6230,5640,5935,5900,0,5920,0,0,0,2017-04-13,32506105,5890,84,0,0,0,0,0,0,0,0,5895,58,0,0,0,0,0,0,0,0
205,2017-04-13,09:01:46,587,v1709,XDCE,5890,5880,5920,8480,250230500,117086,114632,6230,5640,5935,5900,0,5920,0,0,0,2017-04-13,32506587,5890,79,0,0,0,0,0,0,0,0,5895,58,0,0,0,0,0,0,0,0
206,2017-04-13,09:01:46,982,v1709,XDCE,5890,5880,5920,8482,250289400,117086,114632,6230,5640,5935,5900,0,5920,0,0,0,2017-04-13,32506982,5890,78,0,0,0,0,0,0,0,0,5895,59,0,0,0,0,0,0,0,0
207,2017-04-13,09:01:48,20,v1709,XDCE,5890,5880,5920,8496,250701750,117076,114632,6230,5640,5935,5900,0,5920,0,0,0,2017-04-13,32508020,5890,72,0,0,0,0,0,0,0,0,5895,58,0,0,0,0,0,0,0,0
208,2017-04-13,09:01:48,620,v1709,XDCE,5890,5880,5920,8516,251290750,117076,114632,6230,5640,5935,5900,0,5920,0,0,0,2017-04-13,32508620,5890,62,0,0,0,0,0,0,0,0,5895,59,0,0,0,0,0,0,0,0
209,2017-04-13,09:01:49,115,v1709,XDCE,5895,5880,5920,8518,251349700,117076,114632,6230,5640,5935,5900,0,5920,0,0,0,2017-04-13,32509115,5890,62,0,0,0,0,0,0,0,0,5895,58,0,0,0,0,0,0,0,0
210,2017-04-13,09:01:49,603,v1709,XDCE,5890,5880,5920,8520,251408600,117076,114632,6230,5640,5935,5900,0,5920,0,0,0,2017-04-13,32509603,5890,58,0,0,0,0,0,0,0,0,5895,58,0,0,0,0,0,0,0,0
211,2017-04-13,09:01:50,65,v1709,XDCE,5890,5880,5920,8540,251997600,117076,114632,6230,5640,5935,5900,0,5920,0,0,0,2017-04-13,32510065,5890,48,0,0,0,0,0,0,0,0,5895,58,0,0,0,0,0,0,0,0
212,2017-04-13,09:01:50,578,v1709,XDCE,5895,5880,5920,8542,252056550,117076,114632,6230,5640,5935,5900,0,5920,0,0,0,2017-04-13,32510578,5890,50,0,0,0,0,0,0,0,0,5895,57,0,0,0,0,0,0,0,0
213,2017-04-13,09:01:51,115,v1709,XDCE,5890,5880,5920,8552,252351050,117084,114632,6230,5640,5935,5900,0,5920,0,0,0,2017-04-13,32511115,5890,45,0,0,0,0,0,0,0,0,5895,59,0,0,0,0,0,0,0,0
214,2017-04-13,09:01:51,627,v1709,XDCE,5890,5880,5920,8552,252351050,117084,114632,6230,5640,5935,5900,0,5920,0,0,0,2017-04-13,32511627,5890,51,0,0,0,0,0,0,0,0,5895,60,0,0,0,0,0,0,0,0
215,2017-04-13,09:01:52,20,v1709,XDCE,5890,5880,5920,8552,252351050,117084,114632,6230,5640,5935,5900,0,5920,0,0,0,2017-04-13,32512020,5890,51,0,0,0,0,0,0,0,0,5895,62,0,0,0,0,0,0,0,0
216,2017-04-13,09:01:53,581,v1709,XDCE,5890,5880,5920,8552,252351050,117084,114632,6230,5640,5935,5900,0,5920,0,0,0,2017-04-13,32513581,5890,52,0,0,0,0,0,0,0,0,5895,62,0,0,0,0,0,0,0,0
217,2017-04-13,09:01:54,78,v1709,XDCE,5890,5880,5920,8554,252409950,117086,114632,6230,5640,5935,5900,0,5920,0,0,0,2017-04-13,32514078,5890,51,0,0,0,0,0,0,0,0,5895,62,0,0,0,0,0,0,0,0
218,2017-04-13,09:01:54,590,v1709,XDCE,5895,5880,5920,8556,252468900,117086,114632,6230,5640,5935,5900,0,5920,0,0,0,2017-04-13,32514590,5890,174,0,0,0,0,0,0,0,0,5895,61,0,0,0,0,0,0,0,0
219,2017-04-13,09:01:55,63,v1709,XDCE,5895,5880,5920,8566,252763650,117076,114632,6230,5640,5935,5900,0,5920,0,0,0,2017-04-13,32515063,5890,174,0,0,0,0,0,0,0,0,5895,56,0,0,0,0,0,0,0,0
220,2017-04-13,09:01:55,522,v1709,XDCE,5890,5880,5920,8588,253411600,117086,114632,6230,5640,5935,5900,0,5920,0,0,0,2017-04-13,32515522,5890,165,0,0,0,0,0,0,0,0,5895,55,0,0,0,0,0,0,0,0
221,2017-04-13,09:01:56,6,v1709,XDCE,5890,5880,5920,8590,253470500,117088,114632,6230,5640,5935,5900,0,5920,0,0,0,2017-04-13,32516006,5890,164,0,0,0,0,0,0,0,0,5895,56,0,0,0,0,0,0,0,0
222,2017-04-13,09:01:56,565,v1709,XDCE,5890,5880,5920,8604,253882850,117100,114632,6230,5640,5935,5900,0,5920,0,0,0,2017-04-13,32516565,5890,158,0,0,0,0,0,0,0,0,5895,55,0,0,0,0,0,0,0,0
223,2017-04-13,09:01:57,497,v1709,XDCE,5890,5880,5920,8622,254412950,117118,114632,6230,5640,5935,5900,0,5920,0,0,0,2017-04-13,32517497,5890,149,0,0,0,0,0,0,0,0,5895,55,0,0,0,0,0,0,0,0
224,2017-04-13,09:01:58,626,v1709,XDCE,5890,5880,5920,8630,254648700,117118,114632,6230,5640,5935,5900,0,5920,0,0,0,2017-04-13,32518626,5890,154,0,0,0,0,0,0,0,0,5895,53,0,0,0,0,0,0,0,0
225,2017-04-13,09:01:59,88,v1709,XDCE,5895,5880,5920,8710,257006700,117178,114632,6230,5640,5935,5900,0,5920,0,0,0,2017-04-13,32519088,5890,154,0,0,0,0,0,0,0,0,5895,13,0,0,0,0,0,0,0,0
226,2017-04-13,09:01:59,622,v1709,XDCE,5890,5880,5920,8742,257949850,117174,114632,6230,5640,5935,5900,0,5920,0,0,0,2017-04-13,32519622,5890,142,0,0,0,0,0,0,0,0,5895,18,0,0,0,0,0,0,0,0
227,2017-04-13,09:02:00,95,v1709,XDCE,5895,5880,5920,8744,258008800,117174,114632,6230,5640,5935,5900,0,5920,0,0,0,2017-04-13,32520095,5890,155,0,0,0,0,0,0,0,0,5895,17,0,0,0,0,0,0,0,0
228,2017-04-13,09:02:00,625,v1709,XDCE,5895,5880,5920,8748,258126650,117174,114632,6230,5640,5935,5900,0,5920,0,0,0,2017-04-13,32520625,5890,154,0,0,0,0,0,0,0,0,5895,16,0,0,0,0,0,0,0,0
229,2017-04-13,09:02:01,92,v1709,XDCE,5895,5880,5920,8750,258185600,117172,114632,6230,5640,5935,5900,0,5920,0,0,0,2017-04-13,32521092,5890,155,0,0,0,0,0,0,0,0,5895,21,0,0,0,0,0,0,0,0
230,2017-04-13,09:02:01,620,v1709,XDCE,5895,5880,5920,8750,258185600,117172,114632,6230,5640,5935,5900,0,5920,0,0,0,2017-04-13,32521620,5890,156,0,0,0,0,0,0,0,0,5895,22,0,0,0,0,0,0,0,0
231,2017-04-13,09:02:02,8,v1709,XDCE,5895,5880,5920,8750,258185600,117172,114632,6230,5640,5935,5900,0,5920,0,0,0,2017-04-13,32522008,5890,159,0,0,0,0,0,0,0,0,5895,20,0,0,0,0,0,0,0,0
232,2017-04-13,09:02:02,591,v1709,XDCE,5895,5880,5920,8770,258775100,117178,114632,6230,5640,5935,5900,0,5920,0,0,0,2017-04-13,32522591,5895,2,0,0,0,0,0,0,0,0,5900,181,0,0,0,0,0,0,0,0
233,2017-04-13,09:02:03,120,v1709,XDCE,5895,5880,5920,8780,259069850,117172,114632,6230,5640,5935,5900,0,5920,0,0,0,2017-04-13,32523120,5895,17,0,0,0,0,0,0,0,0,5900,191,0,0,0,0,0,0,0,0
234,2017-04-13,09:02:03,533,v1709,XDCE,5895,5880,5920,8784,259187750,117168,114632,6230,5640,5935,5900,0,5920,0,0,0,2017-04-13,32523533,5895,15,0,0,0,0,0,0,0,0,5900,191,0,0,0,0,0,0,0,0
235,2017-04-13,09:02:04,106,v1709,XDCE,5895,5880,5920,8784,259187750,117168,114632,6230,5640,5935,5900,0,5920,0,0,0,2017-04-13,32524106,5895,24,0,0,0,0,0,0,0,0,5900,193,0,0,0,0,0,0,0,0
236,2017-04-13,09:02:04,631,v1709,XDCE,5895,5880,5920,8786,259246700,117168,114632,6230,5640,5935,5900,0,5920,0,0,0,2017-04-13,32524631,5895,24,0,0,0,0,0,0,0,0,5900,193,0,0,0,0,0,0,0,0
237,2017-04-13,09:02:05,95,v1709,XDCE,5895,5880,5920,8790,259364650,117166,114632,6230,5640,5935,5900,0,5920,0,0,0,2017-04-13,32525095,5895,24,0,0,0,0,0,0,0,0,5900,192,0,0,0,0,0,0,0,0
238,2017-04-13,09:02:05,630,v1709,XDCE,5895,5880,5920,8790,259364650,117166,114632,6230,5640,5935,5900,0,5920,0,0,0,2017-04-13,32525630,5895,28,0,0,0,0,0,0,0,0,5900,186,0,0,0,0,0,0,0,0
239,2017-04-13,09:02:06,105,v1709,XDCE,5895,5880,5920,8790,259364650,117166,114632,6230,5640,5935,5900,0,5920,0,0,0,2017-04-13,32526105,5895,28,0,0,0,0,0,0,0,0,5900,187,0,0,0,0,0,0,0,0
240,2017-04-13,09:02:06,597,v1709,XDCE,5895,5880,5920,8850,261133150,117174,114632,6230,5640,5935,5900,0,5920,0,0,0,2017-04-13,32526597,5895,1,0,0,0,0,0,0,0,0,5900,177,0,0,0,0,0,0,0,0
241,2017-04-13,09:02:07,77,v1709,XDCE,5895,5880,5920,8850,261133150,117174,114632,6230,5640,5935,5900,0,5920,0,0,0,2017-04-13,32527077,5895,1,0,0,0,0,0,0,0,0,5900,178,0,0,0,0,0,0,0,0
242,2017-04-13,09:02:07,605,v1709,XDCE,5895,5880,5920,8850,261133150,117174,114632,6230,5640,5935,5900,0,5920,0,0,0,2017-04-13,32527605,5895,3,0,0,0,0,0,0,0,0,5900,178,0,0,0,0,0,0,0,0
243,2017-04-13,09:02:08,63,v1709,XDCE,5895,5880,5920,8850,261133150,117174,114632,6230,5640,5935,5900,0,5920,0,0,0,2017-04-13,32528063,5895,4,0,0,0,0,0,0,0,0,5900,178,0,0,0,0,0,0,0,0
244,2017-04-13,09:02:08,535,v1709,XDCE,5895,5880,5920,8852,261192100,117176,114632,6230,5640,5935,5900,0,5920,0,0,0,2017-04-13,32528535,5895,4,0,0,0,0,0,0,0,0,5900,178,0,0,0,0,0,0,0,0
245,2017-04-13,09:02:09,616,v1709,XDCE,5895,5880,5920,8858,261368950,117182,114632,6230,5640,5935,5900,0,5920,0,0,0,2017-04-13,32529616,5895,1,0,0,0,0,0,0,0,0,5900,178,0,0,0,0,0,0,0,0
246,2017-04-13,09:02:10,108,v1709,XDCE,5895,5880,5920,8860,261427900,117182,114632,6230,5640,5935,5900,0,5920,0,0,0,2017-04-13,32530108,5895,21,0,0,0,0,0,0,0,0,5900,169,0,0,0,0,0,0,0,0
247,2017-04-13,09:02:10,583,v1709,XDCE,5895,5880,5920,8862,261486850,117184,114632,6230,5640,5935,5900,0,5920,0,0,0,2017-04-13,32530583,5895,22,0,0,0,0,0,0,0,0,5900,173,0,0,0,0,0,0,0,0
248,2017-04-13,09:02:10,973,v1709,XDCE,5895,5880,5920,8864,261545800,117186,114632,6230,5640,5935,5900,0,5920,0,0,0,2017-04-13,32530973,5895,21,0,0,0,0,0,0,0,0,5900,177,0,0,0,0,0,0,0,0
249,2017-04-13,09:02:11,607,v1709,XDCE,5900,5880,5920,8866,261604800,117186,114632,6230,5640,5935,5900,0,5920,0,0,0,2017-04-13,32531607,5895,41,0,0,0,0,0,0,0,0,5900,176,0,0,0,0,0,0,0,0
250,2017-04-13,09:02:12,115,v1709,XDCE,5895,5880,5920,8870,261722750,117186,114632,6230,5640,5935,5900,0,5920,0,0,0,2017-04-13,32532115,5895,40,0,0,0,0,0,0,0,0,5900,178,0,0,0,0,0,0,0,0
251,2017-04-13,09:02:12,594,v1709,XDCE,5900,5880,5920,8872,261781750,117184,114632,6230,5640,5935,5900,0,5920,0,0,0,2017-04-13,32532594,5895,40,0,0,0,0,0,0,0,0,5900,178,0,0,0,0,0,0,0,0
252,2017-04-13,09:02:13,84,v1709,XDCE,5900,5880,5920,8872,261781750,117184,114632,6230,5640,5935,5900,0,5920,0,0,0,2017-04-13,32533084,5895,41,0,0,0,0,0,0,0,0,5900,178,0,0,0,0,0,0,0,0
253,2017-04-13,09:02:14,105,v1709,XDCE,5895,5880,5920,8892,262371250,117200,114632,6230,5640,5935,5900,0,5920,0,0,0,2017-04-13,32534105,5895,32,0,0,0,0,0,0,0,0,5900,188,0,0,0,0,0,0,0,0
254,2017-04-13,09:02:14,610,v1709,XDCE,5895,5880,5920,8932,263550250,117200,114632,6230,5640,5935,5900,0,5920,0,0,0,2017-04-13,32534610,5895,3,0,0,0,0,0,0,0,0,5900,189,0,0,0,0,0,0,0,0
255,2017-04-13,09:02:15,102,v1709,XDCE,5895,5880,5920,8938,263727100,117206,114632,6230,5640,5935,5900,0,5920,0,0,0,2017-04-13,32535102,5890,171,0,0,0,0,0,0,0,0,5895,24,0,0,0,0,0,0,0,0
256,2017-04-13,09:02:15,599,v1709,XDCE,5895,5880,5920,8940,263786050,117208,114632,6230,5640,5935,5900,0,5920,0,0,0,2017-04-13,32535599,5890,172,0,0,0,0,0,0,0,0,5895,25,0,0,0,0,0,0,0,0
257,2017-04-13,09:02:16,116,v1709,XDCE,5895,5880,5920,8960,264375300,117228,114632,6230,5640,5935,5900,0,5920,0,0,0,2017-04-13,32536116,5890,167,0,0,0,0,0,0,0,0,5895,29,0,0,0,0,0,0,0,0
258,2017-04-13,09:02:16,389,v1709,XDCE,5895,5880,5920,9010,265849050,117258,114632,6230,5640,5935,5900,0,5920,0,0,0,2017-04-13,32536389,5890,167,0,0,0,0,0,0,0,0,5895,6,0,0,0,0,0,0,0,0
259,2017-04-13,09:02:17,587,v1709,XDCE,5890,5880,5920,9030,266438050,117256,114632,6230,5640,5935,5900,0,5920,0,0,0,2017-04-13,32537587,5890,157,0,0,0,0,0,0,0,0,5895,6,0,0,0,0,0,0,0,0
260,2017-04-13,09:02:18,6,v1709,XDCE,5890,5880,5920,9030,266438050,117256,114632,6230,5640,5935,5900,0,5920,0,0,0,2017-04-13,32538006,5890,157,0,0,0,0,0,0,0,0,5895,7,0,0,0,0,0,0,0,0
261,2017-04-13,09:02:18,461,v1709,XDCE,5890,5880,5920,9040,266732550,117262,114632,6230,5640,5935,5900,0,5920,0,0,0,2017-04-13,32538461,5890,151,0,0,0,0,0,0,0,0,5895,11,0,0,0,0,0,0,0,0
262,2017-04-13,09:02:19,82,v1709,XDCE,5895,5880,5920,9048,266968200,117270,114632,6230,5640,5935,5900,0,5920,0,0,0,2017-04-13,32539082,5890,147,0,0,0,0,0,0,0,0,5895,11,0,0,0,0,0,0,0,0
263,2017-04-13,09:02:19,615,v1709,XDCE,5895,5880,5920,9048,266968200,117270,114632,6230,5640,5935,5900,0,5920,0,0,0,2017-04-13,32539615,5890,147,0,0,0,0,0,0,0,0,5895,18,0,0,0,0,0,0,0,0
264,2017-04-13,09:02:20,110,v1709,XDCE,5890,5880,5920,9054,267144900,117276,114632,6230,5640,5935,5900,0,5920,0,0,0,2017-04-13,32540110,5890,144,0,0,0,0,0,0,0,0,5895,20,0,0,0,0,0,0,0,0
265,2017-04-13,09:02:20,583,v1709,XDCE,5890,5880,5920,9070,267616100,117292,114632,6230,5640,5935,5900,0,5920,0,0,0,2017-04-13,32540583,5890,136,0,0,0,0,0,0,0,0,5895,31,0,0,0,0,0,0,0,0
266,2017-04-13,09:02:21,77,v1709,XDCE,5890,5880,5920,9072,267675000,117292,114632,6230,5640,5935,5900,0,5920,0,0,0,2017-04-13,32541077,5890,135,0,0,0,0,0,0,0,0,5895,31,0,0,0,0,0,0,0,0
267,2017-04-13,09:02:21,589,v1709,XDCE,5890,5880,5920,9096,268381850,117312,114632,6230,5640,5935,5900,0,5920,0,0,0,2017-04-13,32541589,5890,103,0,0,0,0,0,0,0,0,5895,32,0,0,0,0,0,0,0,0
268,2017-04-13,09:02:22,128,v1709,XDCE,5890,5880,5920,9156,270148900,117320,114632,6230,5640,5935,5900,0,5920,0,0,0,2017-04-13,32542128,5890,61,0,0,0,0,0,0,0,0,5895,46,0,0,0,0,0,0,0,0
269,2017-04-13,09:02:22,603,v1709,XDCE,5885,5880,5920,9338,275507350,117422,114632,6230,5640,5935,5900,0,5920,0,0,0,2017-04-13,32542603,5885,18,0,0,0,0,0,0,0,0,5890,228,0,0,0,0,0,0,0,0
270,2017-04-13,09:02:23,87,v1709,XDCE,5885,5880,5920,9376,276625500,117438,114632,6230,5640,5935,5900,0,5920,0,0,0,2017-04-13,32543087,5880,79,0,0,0,0,0,0,0,0,5885,22,0,0,0,0,0,0,0,0
271,2017-04-13,09:02:23,596,v1709,XDCE,5885,5880,5920,9428,278155550,117438,114632,6230,5640,5935,5900,0,5920,0,0,0,2017-04-13,32543596,5885,43,0,0,0,0,0,0,0,0,5890,30,0,0,0,0,0,0,0,0
272,2017-04-13,09:02:24,104,v1709,XDCE,5885,5880,5920,9432,278273250,117440,114632,6230,5640,5935,5900,0,5920,0,0,0,2017-04-13,32544104,5885,55,0,0,0,0,0,0,0,0,5890,22,0,0,0,0,0,0,0,0
273,2017-04-13,09:02:24,630,v1709,XDCE,5885,5880,5920,9436,278390950,117444,114632,6230,5640,5935,5900,0,5920,0,0,0,2017-04-13,32544630,5885,55,0,0,0,0,0,0,0,0,5890,26,0,0,0,0,0,0,0,0
274,2017-04-13,09:02:25,89,v1709,XDCE,5885,5880,5920,9436,278390950,117444,114632,6230,5640,5935,5900,0,5920,0,0,0,2017-04-13,32545089,5885,55,0,0,0,0,0,0,0,0,5890,28,0,0,0,0,0,0,0,0
275,2017-04-13,09:02:25,570,v1709,XDCE,5885,5880,5920,9440,278508650,117446,114632,6230,5640,5935,5900,0,5920,0,0,0,2017-04-13,32545570,5885,53,0,0,0,0,0,0,0,0,5890,28,0,0,0,0,0,0,0,0
276,2017-04-13,09:02:26,89,v1709,XDCE,5885,5880,5920,9446,278685200,117452,114632,6230,5640,5935,5900,0,5920,0,0,0,2017-04-13,32546089,5885,48,0,0,0,0,0,0,0,0,5890,19,0,0,0,0,0,0,0,0
277,2017-04-13,09:02:26,607,v1709,XDCE,5885,5880,5920,9446,278685200,117452,114632,6230,5640,5935,5900,0,5920,0,0,0,2017-04-13,32546607,5885,54,0,0,0,0,0,0,0,0,5890,19,0,0,0,0,0,0,0,0
278,2017-04-13,09:02:27,130,v1709,XDCE,5885,5880,5920,9446,278685200,117452,114632,6230,5640,5935,5900,0,5920,0,0,0,2017-04-13,32547130,5885,60,0,0,0,0,0,0,0,0,5890,20,0,0,0,0,0,0,0,0
279,2017-04-13,09:02:28,53,v1709,XDCE,5885,5880,5920,9448,278744050,117454,114632,6230,5640,5935,5900,0,5920,0,0,0,2017-04-13,32548053,5885,59,0,0,0,0,0,0,0,0,5890,20,0,0,0,0,0,0,0,0
280,2017-04-13,09:02:28,617,v1709,XDCE,5885,5880,5920,9448,278744050,117454,114632,6230,5640,5935,5900,0,5920,0,0,0,2017-04-13,32548617,5885,79,0,0,0,0,0,0,0,0,5890,20,0,0,0,0,0,0,0,0
281,2017-04-13,09:02:29,48,v1709,XDCE,5885,5880,5920,9460,279097150,117464,114632,6230,5640,5935,5900,0,5920,0,0,0,2017-04-13,32549048,5885,73,0,0,0,0,0,0,0,0,5890,20,0,0,0,0,0,0,0,0
282,2017-04-13,09:02:29,566,v1709,XDCE,5890,5880,5920,9462,279156050,117466,114632,6230,5640,5935,5900,0,5920,0,0,0,2017-04-13,32549566,5885,73,0,0,0,0,0,0,0,0,5890,19,0,0,0,0,0,0,0,0
283,2017-04-13,09:02:30,100,v1709,XDCE,5890,5880,5920,9470,279391500,117466,114632,6230,5640,5935,5900,0,5920,0,0,0,2017-04-13,32550100,5885,71,0,0,0,0,0,0,0,0,5890,18,0,0,0,0,0,0,0,0
284,2017-04-13,09:02:30,341,v1709,XDCE,5890,5880,5920,9472,279450400,117468,114632,6230,5640,5935,5900,0,5920,0,0,0,2017-04-13,32550341,5885,71,0,0,0,0,0,0,0,0,5890,17,0,0,0,0,0,0,0,0
285,2017-04-13,09:02:31,94,v1709,XDCE,5885,5880,5920,9476,279568100,117464,114632,6230,5640,5935,5900,0,5920,0,0,0,2017-04-13,32551094,5885,57,0,0,0,0,0,0,0,0,5890,45,0,0,0,0,0,0,0,0
286,2017-04-13,09:02:32,628,v1709,XDCE,5885,5880,5920,9476,279568100,117464,114632,6230,5640,5935,5900,0,5920,0,0,0,2017-04-13,32552628,5885,57,0,0,0,0,0,0,0,0,5890,46,0,0,0,0,0,0,0,0
287,2017-04-13,09:02:33,108,v1709,XDCE,5885,5880,5920,9478,279626950,117464,114632,6230,5640,5935,5900,0,5920,0,0,0,2017-04-13,32553108,5885,57,0,0,0,0,0,0,0,0,5890,43,0,0,0,0,0,0,0,0
288,2017-04-13,09:02:33,598,v1709,XDCE,5885,5880,5920,9480,279685800,117464,114632,6230,5640,5935,5900,0,5920,0,0,0,2017-04-13,32553598,5885,39,0,0,0,0,0,0,0,0,5890,43,0,0,0,0,0,0,0,0
289,2017-04-13,09:02:34,90,v1709,XDCE,5885,5880,5920,9480,279685800,117464,114632,6230,5640,5935,5900,0,5920,0,0,0,2017-04-13,32554090,5885,39,0,0,0,0,0,0,0,0,5890,72,0,0,0,0,0,0,0,0
290,2017-04-13,09:02:34,504,v1709,XDCE,5885,5880,5920,9560,282039800,117524,114632,6230,5640,5935,5900,0,5920,0,0,0,2017-04-13,32554504,5880,80,0,0,0,0,0,0,0,0,5890,72,0,0,0,0,0,0,0,0
291,2017-04-13,09:02:34,950,v1709,XDCE,5885,5880,5920,9560,282039800,117524,114632,6230,5640,5935,5900,0,5920,0,0,0,2017-04-13,32554950,5880,79,0,0,0,0,0,0,0,0,5890,74,0,0,0,0,0,0,0,0
292,2017-04-13,09:02:35,617,v1709,XDCE,5885,5880,5920,9560,282039800,117524,114632,6230,5640,5935,5900,0,5920,0,0,0,2017-04-13,32555617,5880,69,0,0,0,0,0,0,0,0,5890,75,0,0,0,0,0,0,0,0
293,2017-04-13,09:02:36,82,v1709,XDCE,5885,5880,5920,9642,284454150,117598,114632,6230,5640,5935,5900,0,5920,0,0,0,2017-04-13,32556082,5885,16,0,0,0,0,0,0,0,0,5890,39,0,0,0,0,0,0,0,0
294,2017-04-13,09:02:36,566,v1709,XDCE,5885,5880,5920,9642,284454150,117598,114632,6230,5640,5935,5900,0,5920,0,0,0,2017-04-13,32556566,5885,18,0,0,0,0,0,0,0,0,5890,43,0,0,0,0,0,0,0,0
295,2017-04-13,09:02:37,627,v1709,XDCE,5890,5880,5920,9644,284513050,117600,114632,6230,5640,5935,5900,0,5920,0,0,0,2017-04-13,32557627,5885,20,0,0,0,0,0,0,0,0,5890,43,0,0,0,0,0,0,0,0
296,2017-04-13,09:02:37,840,v1709,XDCE,5885,5880,5920,9646,284571900,117602,114632,6230,5640,5935,5900,0,5920,0,0,0,2017-04-13,32557840,5885,19,0,0,0,0,0,0,0,0,5890,45,0,0,0,0,0,0,0,0
297,2017-04-13,09:02:38,524,v1709,XDCE,5885,5880,5920,9650,284689650,117604,114632,6230,5640,5935,5900,0,5920,0,0,0,2017-04-13,32558524,5885,18,0,0,0,0,0,0,0,0,5890,44,0,0,0,0,0,0,0,0
298,2017-04-13,09:02:39,44,v1709,XDCE,5885,5880,5920,9652,284748500,117602,114632,6230,5640,5935,5900,0,5920,0,0,0,2017-04-13,32559044,5885,17,0,0,0,0,0,0,0,0,5890,47,0,0,0,0,0,0,0,0
299,2017-04-13,09:02:39,514,v1709,XDCE,5885,5880,5920,9652,284748500,117602,114632,6230,5640,5935,5900,0,5920,0,0,0,2017-04-13,32559514,5885,17,0,0,0,0,0,0,0,0,5890,48,0,0,0,0,0,0,0,0
300,2017-04-13,09:02:40,64,v1709,XDCE,5885,5880,5920,9654,284807350,117602,114632,6230,5640,5935,5900,0,5920,0,0,0,2017-04-13,32560064,5885,18,0,0,0,0,0,0,0,0,5890,48,0,0,0,0,0,0,0,0
301,2017-04-13,09:02:40,600,v1709,XDCE,5885,5880,5920,9742,287396950,117608,114632,6230,5640,5935,5900,0,5920,0,0,0,2017-04-13,32560600,5885,20,0,0,0,0,0,0,0,0,5890,45,0,0,0,0,0,0,0,0
302,2017-04-13,09:02:41,44,v1709,XDCE,5885,5880,5920,9742,287396950,117608,114632,6230,5640,5935,5900,0,5920,0,0,0,2017-04-13,32561044,5885,31,0,0,0,0,0,0,0,0,5890,45,0,0,0,0,0,0,0,0
303,2017-04-13,09:02:41,577,v1709,XDCE,5885,5880,5920,9742,287396950,117608,114632,6230,5640,5935,5900,0,5920,0,0,0,2017-04-13,32561577,5885,31,0,0,0,0,0,0,0,0,5890,49,0,0,0,0,0,0,0,0
304,2017-04-13,09:02:42,130,v1709,XDCE,5885,5880,5920,9742,287396950,117608,114632,6230,5640,5935,5900,0,5920,0,0,0,2017-04-13,32562130,5885,39,0,0,0,0,0,0,0,0,5890,59,0,0,0,0,0,0,0,0
305,2017-04-13,09:02:42,547,v1709,XDCE,5885,5880,5920,9742,287396950,117608,114632,6230,5640,5935,5900,0,5920,0,0,0,2017-04-13,32562547,5885,39,0,0,0,0,0,0,0,0,5890,65,0,0,0,0,0,0,0,0
306,2017-04-13,09:02:43,83,v1709,XDCE,5885,5880,5920,9744,287455800,117610,114632,6230,5640,5935,5900,0,5920,0,0,0,2017-04-13,32563083,5885,38,0,0,0,0,0,0,0,0,5890,66,0,0,0,0,0,0,0,0
307,2017-04-13,09:02:43,599,v1709,XDCE,5890,5880,5920,9746,287514700,117610,114632,6230,5640,5935,5900,0,5920,0,0,0,2017-04-13,32563599,5885,38,0,0,0,0,0,0,0,0,5890,65,0,0,0,0,0,0,0,0
308,2017-04-13,09:02:44,120,v1709,XDCE,5885,5880,5920,9754,287750100,117616,114632,6230,5640,5935,5900,0,5920,0,0,0,2017-04-13,32564120,5885,35,0,0,0,0,0,0,0,0,5890,65,0,0,0,0,0,0,0,0
309,2017-04-13,09:02:44,548,v1709,XDCE,5885,5880,5920,9756,287808950,117614,114632,6230,5640,5935,5900,0,5920,0,0,0,2017-04-13,32564548,5885,34,0,0,0,0,0,0,0,0,5890,66,0,0,0,0,0,0,0,0
310,2017-04-13,09:02:45,98,v1709,XDCE,5885,5880,5920,9770,288220900,117624,114632,6230,5640,5935,5900,0,5920,0,0,0,2017-04-13,32565098,5885,27,0,0,0,0,0,0,0,0,5890,74,0,0,0,0,0,0,0,0
311,2017-04-13,09:02:45,514,v1709,XDCE,5885,5880,5920,9770,288220900,117624,114632,6230,5640,5935,5900,0,5920,0,0,0,2017-04-13,32565514,5885,28,0,0,0,0,0,0,0,0,5890,74,0,0,0,0,0,0,0,0
312,2017-04-13,09:02:46,131,v1709,XDCE,5885,5880,5920,9772,288279750,117624,114632,6230,5640,5935,5900,0,5920,0,0,0,2017-04-13,32566131,5885,61,0,0,0,0,0,0,0,0,5890,76,0,0,0,0,0,0,0,0
313,2017-04-13,09:02:47,11,v1709,XDCE,5885,5880,5920,9772,288279750,117624,114632,6230,5640,5935,5900,0,5920,0,0,0,2017-04-13,32567011,5885,71,0,0,0,0,0,0,0,0,5890,76,0,0,0,0,0,0,0,0
314,2017-04-13,09:02:47,584,v1709,XDCE,5885,5880,5920,9772,288279750,117624,114632,6230,5640,5935,5900,0,5920,0,0,0,2017-04-13,32567584,5885,72,0,0,0,0,0,0,0,0,5890,76,0,0,0,0,0,0,0,0
315,2017-04-13,09:02:48,84,v1709,XDCE,5885,5880,5920,9772,288279750,117624,114632,6230,5640,5935,5900,0,5920,0,0,0,2017-04-13,32568084,5885,73,0,0,0,0,0,0,0,0,5890,76,0,0,0,0,0,0,0,0
316,2017-04-13,09:02:49,102,v1709,XDCE,5890,5880,5920,9828,289928550,117668,114632,6230,5640,5935,5900,0,5920,0,0,0,2017-04-13,32569102,5885,69,0,0,0,0,0,0,0,0,5890,53,0,0,0,0,0,0,0,0
317,2017-04-13,09:02:49,582,v1709,XDCE,5890,5880,5920,9828,289928550,117668,114632,6230,5640,5935,5900,0,5920,0,0,0,2017-04-13,32569582,5885,69,0,0,0,0,0,0,0,0,5890,54,0,0,0,0,0,0,0,0
318,2017-04-13,09:02:50,85,v1709,XDCE,5885,5880,5920,9830,289987400,117668,114632,6230,5640,5935,5900,0,5920,0,0,0,2017-04-13,32570085,5885,68,0,0,0,0,0,0,0,0,5890,55,0,0,0,0,0,0,0,0
319,2017-04-13,09:02:50,583,v1709,XDCE,5890,5880,5920,9832,290046300,117670,114632,6230,5640,5935,5900,0,5920,0,0,0,2017-04-13,32570583,5885,68,0,0,0,0,0,0,0,0,5890,54,0,0,0,0,0,0,0,0
320,2017-04-13,09:02:51,98,v1709,XDCE,5890,5880,5920,9850,290576400,117666,114632,6230,5640,5935,5900,0,5920,0,0,0,2017-04-13,32571098,5885,78,0,0,0,0,0,0,0,0,5890,25,0,0,0,0,0,0,0,0
321,2017-04-13,09:02:51,561,v1709,XDCE,5885,5880,5920,9858,290811800,117666,114632,6230,5640,5935,5900,0,5920,0,0,0,2017-04-13,32571561,5885,74,0,0,0,0,0,0,0,0,5890,29,0,0,0,0,0,0,0,0
322,2017-04-13,09:02:52,67,v1709,XDCE,5885,5880,5920,9882,291518500,117660,114632,6230,5640,5935,5900,0,5920,0,0,0,2017-04-13,32572067,5885,72,0,0,0,0,0,0,0,0,5890,19,0,0,0,0,0,0,0,0
323,2017-04-13,09:02:52,584,v1709,XDCE,5885,5880,5920,9884,291577350,117658,114632,6230,5640,5935,5900,0,5920,0,0,0,2017-04-13,32572584,5885,71,0,0,0,0,0,0,0,0,5890,19,0,0,0,0,0,0,0,0
324,2017-04-13,09:02:53,92,v1709,XDCE,5890,5880,5920,9932,292990950,117682,114632,6230,5640,5935,5900,0,5920,0,0,0,2017-04-13,32573092,5885,57,0,0,0,0,0,0,0,0,5895,82,0,0,0,0,0,0,0,0
325,2017-04-13,09:02:53,622,v1709,XDCE,5890,5880,5920,9952,293579950,117682,114632,6230,5640,5935,5900,0,5920,0,0,0,2017-04-13,32573622,5885,57,0,0,0,0,0,0,0,0,5890,33,0,0,0,0,0,0,0,0
326,2017-04-13,09:02:54,98,v1709,XDCE,5890,5880,5920,9956,293697750,117678,114632,6230,5640,5935,5900,0,5920,0,0,0,2017-04-13,32574098,5885,57,0,0,0,0,0,0,0,0,5890,39,0,0,0,0,0,0,0,0
327,2017-04-13,09:02:54,596,v1709,XDCE,5885,5880,5920,10006,295169000,117674,114632,6230,5640,5935,5900,0,5920,0,0,0,2017-04-13,32574596,5885,32,0,0,0,0,0,0,0,0,5890,53,0,0,0,0,0,0,0,0
328,2017-04-13,09:02:55,115,v1709,XDCE,5885,5880,5920,10072,297111100,117686,114632,6230,5640,5935,5900,0,5920,0,0,0,2017-04-13,32575115,5880,84,0,0,0,0,0,0,0,0,5885,17,0,0,0,0,0,0,0,0
329,2017-04-13,09:02:55,535,v1709,XDCE,5885,5880,5920,10072,297111100,117686,114632,6230,5640,5935,5900,0,5920,0,0,0,2017-04-13,32575535,5880,83,0,0,0,0,0,0,0,0,5885,16,0,0,0,0,0,0,0,0
330,2017-04-13,09:02:56,127,v1709,XDCE,5880,5880,5920,10076,297228700,117684,114632,6230,5640,5935,5900,0,5920,0,0,0,2017-04-13,32576127,5880,78,0,0,0,0,0,0,0,0,5885,17,0,0,0,0,0,0,0,0
331,2017-04-13,09:02:56,626,v1709,XDCE,5885,5880,5920,10148,299346900,117726,114632,6230,5640,5935,5900,0,5920,0,0,0,2017-04-13,32576626,5880,66,0,0,0,0,0,0,0,0,5885,15,0,0,0,0,0,0,0,0
332,2017-04-13,09:02:57,126,v1709,XDCE,5885,5880,5920,10148,299346900,117726,114632,6230,5640,5935,5900,0,5920,0,0,0,2017-04-13,32577126,5880,68,0,0,0,0,0,0,0,0,5885,16,0,0,0,0,0,0,0,0
333,2017-04-13,09:02:57,628,v1709,XDCE,5885,5880,5920,10148,299346900,117726,114632,6230,5640,5935,5900,0,5920,0,0,0,2017-04-13,32577628,5880,58,0,0,0,0,0,0,0,0,5885,22,0,0,0,0,0,0,0,0
334,2017-04-13,09:02:58,131,v1709,XDCE,5885,5880,5920,10148,299346900,117726,114632,6230,5640,5935,5900,0,5920,0,0,0,2017-04-13,32578131,5880,58,0,0,0,0,0,0,0,0,5885,21,0,0,0,0,0,0,0,0
335,2017-04-13,09:02:58,587,v1709,XDCE,5880,5880,5920,10206,301052100,117784,114632,6230,5640,5935,5900,0,5920,0,0,0,2017-04-13,32578587,5880,29,0,0,0,0,0,0,0,0,5885,20,0,0,0,0,0,0,0,0
336,2017-04-13,09:02:59,127,v1709,XDCE,5885,5880,5920,10246,302229100,117810,114632,6230,5640,5935,5900,0,5920,0,0,0,2017-04-13,32579127,5885,17,0,0,0,0,0,0,0,0,5890,58,0,0,0,0,0,0,0,0
337,2017-04-13,09:02:59,610,v1709,XDCE,5885,5880,5920,10272,302994150,117828,114632,6230,5640,5935,5900,0,5920,0,0,0,2017-04-13,32579610,5885,25,0,0,0,0,0,0,0,0,5890,59,0,0,0,0,0,0,0,0
338,2017-04-13,09:03:00,122,v1709,XDCE,5885,5880,5920,10292,303582650,117846,114632,6230,5640,5935,5900,0,5920,0,0,0,2017-04-13,32580122,5885,18,0,0,0,0,0,0,0,0,5890,62,0,0,0,0,0,0,0,0
339,2017-04-13,09:03:00,602,v1709,XDCE,5885,5880,5920,10296,303700350,117850,114632,6230,5640,5935,5900,0,5920,0,0,0,2017-04-13,32580602,5885,16,0,0,0,0,0,0,0,0,5890,61,0,0,0,0,0,0,0,0
340,2017-04-13,09:03:01,78,v1709,XDCE,5885,5880,5920,10300,303818050,117854,114632,6230,5640,5935,5900,0,5920,0,0,0,2017-04-13,32581078,5885,14,0,0,0,0,0,0,0,0,5890,66,0,0,0,0,0,0,0,0
341,2017-04-13,09:03:01,593,v1709,XDCE,5885,5880,5920,10300,303818050,117854,114632,6230,5640,5935,5900,0,5920,0,0,0,2017-04-13,32581593,5885,14,0,0,0,0,0,0,0,0,5890,67,0,0,0,0,0,0,0,0
342,2017-04-13,09:03:02,104,v1709,XDCE,5885,5880,5920,10300,303818050,117854,114632,6230,5640,5935,5900,0,5920,0,0,0,2017-04-13,32582104,5885,29,0,0,0,0,0,0,0,0,5890,68,0,0,0,0,0,0,0,0
343,2017-04-13,09:03:02,606,v1709,XDCE,5890,5880,5920,10302,303876950,117854,114632,6230,5640,5935,5900,0,5920,0,0,0,2017-04-13,32582606,5885,35,0,0,0,0,0,0,0,0,5890,57,0,0,0,0,0,0,0,0
344,2017-04-13,09:03:03,122,v1709,XDCE,5885,5880,5920,10306,303994650,117858,114632,6230,5640,5935,5900,0,5920,0,0,0,2017-04-13,32583122,5885,53,0,0,0,0,0,0,0,0,5890,57,0,0,0,0,0,0,0,0
345,2017-04-13,09:03:03,599,v1709,XDCE,5885,5880,5920,10308,304053500,117860,114632,6230,5640,5935,5900,0,5920,0,0,0,2017-04-13,32583599,5885,52,0,0,0,0,0,0,0,0,5890,47,0,0,0,0,0,0,0,0
346,2017-04-13,09:03:04,86,v1709,XDCE,5890,5880,5920,10310,304112400,117860,114632,6230,5640,5935,5900,0,5920,0,0,0,2017-04-13,32584086,5885,52,0,0,0,0,0,0,0,0,5890,36,0,0,0,0,0,0,0,0
347,2017-04-13,09:03:04,595,v1709,XDCE,5890,5880,5920,10316,304289100,117854,114632,6230,5640,5935,5900,0,5920,0,0,0,2017-04-13,32584595,5885,62,0,0,0,0,0,0,0,0,5890,32,0,0,0,0,0,0,0,0
348,2017-04-13,09:03:05,90,v1709,XDCE,5885,5880,5920,10320,304406850,117858,114632,6230,5640,5935,5900,0,5920,0,0,0,2017-04-13,32585090,5885,52,0,0,0,0,0,0,0,0,5890,32,0,0,0,0,0,0,0,0
349,2017-04-13,09:03:05,606,v1709,XDCE,5885,5880,5920,10324,304524550,117862,114632,6230,5640,5935,5900,0,5920,0,0,0,2017-04-13,32585606,5885,56,0,0,0,0,0,0,0,0,5890,32,0,0,0,0,0,0,0,0
350,2017-04-13,09:03:06,110,v1709,XDCE,5885,5880,5920,10324,304524550,117862,114632,6230,5640,5935,5900,0,5920,0,0,0,2017-04-13,32586110,5885,57,0,0,0,0,0,0,0,0,5890,35,0,0,0,0,0,0,0,0
351,2017-04-13,09:03:06,584,v1709,XDCE,5885,5880,5920,10334,304818800,117862,114632,6230,5640,5935,5900,0,5920,0,0,0,2017-04-13,32586584,5885,72,0,0,0,0,0,0,0,0,5890,35,0,0,0,0,0,0,0,0
352,2017-04-13,09:03:07,125,v1709,XDCE,5885,5880,5920,10478,309056000,117976,114632,6230,5640,5935,5900,0,5920,0,0,0,2017-04-13,32587125,5880,31,0,0,0,0,0,0,0,0,5890,40,0,0,0,0,0,0,0,0
353,2017-04-13,09:03:07,597,v1709,XDCE,5880,5880,5920,10482,309173600,117980,114632,6230,5640,5935,5900,0,5920,0,0,0,2017-04-13,32587597,5880,32,0,0,0,0,0,0,0,0,5885,1,0,0,0,0,0,0,0,0
354,2017-04-13,09:03:08,101,v1709,XDCE,5885,5880,5920,10490,309409000,117978,114632,6230,5640,5935,5900,0,5920,0,0,0,2017-04-13,32588101,5880,42,0,0,0,0,0,0,0,0,5885,5,0,0,0,0,0,0,0,0
355,2017-04-13,09:03:08,627,v1709,XDCE,5880,5880,5920,10494,309526650,117982,114632,6230,5640,5935,5900,0,5920,0,0,0,2017-04-13,32588627,5880,31,0,0,0,0,0,0,0,0,5885,59,0,0,0,0,0,0,0,0
356,2017-04-13,09:03:09,97,v1709,XDCE,5880,5880,5920,10494,309526650,117982,114632,6230,5640,5935,5900,0,5920,0,0,0,2017-04-13,32589097,5880,28,0,0,0,0,0,0,0,0,5885,63,0,0,0,0,0,0,0,0
357,2017-04-13,09:03:09,584,v1709,XDCE,5880,5880,5920,10494,309526650,117982,114632,6230,5640,5935,5900,0,5920,0,0,0,2017-04-13,32589584,5880,28,0,0,0,0,0,0,0,0,5885,65,0,0,0,0,0,0,0,0
358,2017-04-13,09:03:10,100,v1709,XDCE,5880,5880,5920,10496,309585450,117984,114632,6230,5640,5935,5900,0,5920,0,0,0,2017-04-13,32590100,5880,27,0,0,0,0,0,0,0,0,5885,67,0,0,0,0,0,0,0,0
359,2017-04-13,09:03:10,596,v1709,XDCE,5880,5880,5920,10504,309820700,117990,114632,6230,5640,5935,5900,0,5920,0,0,0,2017-04-13,32590596,5880,24,0,0,0,0,0,0,0,0,5885,65,0,0,0,0,0,0,0,0
360,2017-04-13,09:03:11,118,v1709,XDCE,5880,5880,5920,10506,309879500,117992,114632,6230,5640,5935,5900,0,5920,0,0,0,2017-04-13,32591118,5880,23,0,0,0,0,0,0,0,0,5885,15,0,0,0,0,0,0,0,0
361,2017-04-13,09:03:11,589,v1709,XDCE,5880,5880,5920,10522,310350200,117996,114632,6230,5640,5935,5900,0,5920,0,0,0,2017-04-13,32591589,5880,36,0,0,0,0,0,0,0,0,5885,19,0,0,0,0,0,0,0,0
362,2017-04-13,09:03:12,106,v1709,XDCE,5880,5880,5920,10526,310467800,118000,114632,6230,5640,5935,5900,0,5920,0,0,0,2017-04-13,32592106,5880,34,0,0,0,0,0,0,0,0,5885,19,0,0,0,0,0,0,0,0
363,2017-04-13,09:03:12,603,v1709,XDCE,5880,5880,5920,10526,310467800,118000,114632,6230,5640,5935,5900,0,5920,0,0,0,2017-04-13,32592603,5880,34,0,0,0,0,0,0,0,0,5885,20,0,0,0,0,0,0,0,0
364,2017-04-13,09:03:13,129,v1709,XDCE,5885,5880,5920,10528,310526650,118002,114632,6230,5640,5935,5900,0,5920,0,0,0,2017-04-13,32593129,5880,36,0,0,0,0,0,0,0,0,5885,21,0,0,0,0,0,0,0,0
365,2017-04-13,09:03:13,579,v1709,XDCE,5880,5880,5920,10534,310703050,118006,114632,6230,5640,5935,5900,0,5920,0,0,0,2017-04-13,32593579,5880,41,0,0,0,0,0,0,0,0,5885,21,0,0,0,0,0,0,0,0
366,2017-04-13,09:03:14,623,v1709,XDCE,5880,5880,5920,10544,310997050,118016,114632,6230,5640,5935,5900,0,5920,0,0,0,2017-04-13,32594623,5880,37,0,0,0,0,0,0,0,0,5885,21,0,0,0,0,0,0,0,0
367,2017-04-13,09:03:15,96,v1709,XDCE,5880,5880,5920,10548,311114650,118016,114632,6230,5640,5935,5900,0,5920,0,0,0,2017-04-13,32595096,5880,35,0,0,0,0,0,0,0,0,5885,21,0,0,0,0,0,0,0,0
368,2017-04-13,09:03:15,601,v1709,XDCE,5880,5880,5920,10550,311173450,118016,114632,6230,5640,5935,5900,0,5920,0,0,0,2017-04-13,32595601,5880,36,0,0,0,0,0,0,0,0,5885,21,0,0,0,0,0,0,0,0
369,2017-04-13,09:03:16,124,v1709,XDCE,5880,5880,5920,10552,311232250,118018,114632,6230,5640,5935,5900,0,5920,0,0,0,2017-04-13,32596124,5880,25,0,0,0,0,0,0,0,0,5885,37,0,0,0,0,0,0,0,0
370,2017-04-13,09:03:16,623,v1709,XDCE,5880,5880,5920,10562,311526350,118022,114632,6230,5640,5935,5900,0,5920,0,0,0,2017-04-13,32596623,5880,33,0,0,0,0,0,0,0,0,5885,40,0,0,0,0,0,0,0,0
371,2017-04-13,09:03:17,117,v1709,XDCE,5880,5880,5920,10566,311644000,118024,114632,6230,5640,5935,5900,0,5920,0,0,0,2017-04-13,32597117,5880,32,0,0,0,0,0,0,0,0,5885,41,0,0,0,0,0,0,0,0
372,2017-04-13,09:03:17,597,v1709,XDCE,5880,5880,5920,10584,312173200,118020,114632,6230,5640,5935,5900,0,5920,0,0,0,2017-04-13,32597597,5880,23,0,0,0,0,0,0,0,0,5885,42,0,0,0,0,0,0,0,0
373,2017-04-13,09:03:18,100,v1709,XDCE,5880,5880,5920,10588,312290800,118024,114632,6230,5640,5935,5900,0,5920,0,0,0,2017-04-13,32598100,5880,21,0,0,0,0,0,0,0,0,5885,43,0,0,0,0,0,0,0,0
374,2017-04-13,09:03:19,83,v1709,XDCE,5880,5880,5920,10588,312290800,118024,114632,6230,5640,5935,5900,0,5920,0,0,0,2017-04-13,32599083,5880,31,0,0,0,0,0,0,0,0,5885,43,0,0,0,0,0,0,0,0
375,2017-04-13,09:03:19,592,v1709,XDCE,5880,5880,5920,10594,312467200,118026,114632,6230,5640,5935,5900,0,5920,0,0,0,2017-04-13,32599592,5880,28,0,0,0,0,0,0,0,0,5885,43,0,0,0,0,0,0,0,0
376,2017-04-13,09:03:20,84,v1709,XDCE,5885,5880,5920,10596,312526050,118028,114632,6230,5640,5935,5900,0,5920,0,0,0,2017-04-13,32600084,5880,28,0,0,0,0,0,0,0,0,5885,42,0,0,0,0,0,0,0,0
377,2017-04-13,09:03:20,628,v1709,XDCE,5885,5880,5920,10674,314821000,118060,114632,6230,5640,5935,5900,0,5920,0,0,0,2017-04-13,32600628,5880,227,0,0,0,0,0,0,0,0,5885,7,0,0,0,0,0,0,0,0
378,2017-04-13,09:03:21,91,v1709,XDCE,5885,5880,5920,10690,315291800,118068,114632,6230,5640,5935,5900,0,5920,0,0,0,2017-04-13,32601091,5885,35,0,0,0,0,0,0,0,0,5890,59,0,0,0,0,0,0,0,0
379,2017-04-13,09:03:21,603,v1709,XDCE,5885,5880,5920,10690,315291800,118068,114632,6230,5640,5935,5900,0,5920,0,0,0,2017-04-13,32601603,5885,37,0,0,0,0,0,0,0,0,5890,58,0,0,0,0,0,0,0,0
380,2017-04-13,09:03:22,118,v1709,XDCE,5885,5880,5920,10692,315350650,118068,114632,6230,5640,5935,5900,0,5920,0,0,0,2017-04-13,32602118,5885,36,0,0,0,0,0,0,0,0,5890,59,0,0,0,0,0,0,0,0
381,2017-04-13,09:03:22,340,v1709,XDCE,5885,5880,5920,10702,315644900,118078,114632,6230,5640,5935,5900,0,5920,0,0,0,2017-04-13,32602340,5885,31,0,0,0,0,0,0,0,0,5890,61,0,0,0,0,0,0,0,0
382,2017-04-13,09:03:23,92,v1709,XDCE,5885,5880,5920,10704,315703750,118080,114632,6230,5640,5935,5900,0,5920,0,0,0,2017-04-13,32603092,5885,30,0,0,0,0,0,0,0,0,5890,61,0,0,0,0,0,0,0,0
383,2017-04-13,09:03:23,617,v1709,XDCE,5885,5880,5920,10704,315703750,118080,114632,6230,5640,5935,5900,0,5920,0,0,0,2017-04-13,32603617,5885,30,0,0,0,0,0,0,0,0,5890,62,0,0,0,0,0,0,0,0
384,2017-04-13,09:03:24,125,v1709,XDCE,5885,5880,5920,10708,315821450,118082,114632,6230,5640,5935,5900,0,5920,0,0,0,2017-04-13,32604125,5885,30,0,0,0,0,0,0,0,0,5890,62,0,0,0,0,0,0,0,0
385,2017-04-13,09:03:24,526,v1709,XDCE,5885,5880,5920,10708,315821450,118082,114632,6230,5640,5935,5900,0,5920,0,0,0,2017-04-13,32604526,5885,43,0,0,0,0,0,0,0,0,5890,74,0,0,0,0,0,0,0,0
386,2017-04-13,09:03:24,987,v1709,XDCE,5885,5880,5920,10714,315998000,118088,114632,6230,5640,5935,5900,0,5920,0,0,0,2017-04-13,32604987,5885,42,0,0,0,0,0,0,0,0,5890,79,0,0,0,0,0,0,0,0
387,2017-04-13,09:03:25,611,v1709,XDCE,5885,5880,5920,10714,315998000,118088,114632,6230,5640,5935,5900,0,5920,0,0,0,2017-04-13,32605611,5885,42,0,0,0,0,0,0,0,0,5890,82,0,0,0,0,0,0,0,0
388,2017-04-13,09:03:26,92,v1709,XDCE,5885,5880,5920,10762,317410400,118078,114632,6230,5640,5935,5900,0,5920,0,0,0,2017-04-13,32606092,5885,19,0,0,0,0,0,0,0,0,5890,66,0,0,0,0,0,0,0,0
389,2017-04-13,09:03:26,598,v1709,XDCE,5885,5880,5920,10800,318528550,118098,114632,6230,5640,5935,5900,0,5920,0,0,0,2017-04-13,32606598,5880,234,0,0,0,0,0,0,0,0,5885,17,0,0,0,0,0,0,0,0
390,2017-04-13,09:03:27,20,v1709,XDCE,5885,5880,5920,10802,318587400,118100,114632,6230,5640,5935,5900,0,5920,0,0,0,2017-04-13,32607020,5880,233,0,0,0,0,0,0,0,0,5885,18,0,0,0,0,0,0,0,0
391,2017-04-13,09:03:27,584,v1709,XDCE,5885,5880,5920,10804,318646250,118102,114632,6230,5640,5935,5900,0,5920,0,0,0,2017-04-13,32607584,5880,236,0,0,0,0,0,0,0,0,5885,17,0,0,0,0,0,0,0,0
392,2017-04-13,09:03:28,607,v1709,XDCE,5885,5880,5920,10808,318763950,118102,114632,6230,5640,5935,5900,0,5920,0,0,0,2017-04-13,32608607,5880,236,0,0,0,0,0,0,0,0,5885,19,0,0,0,0,0,0,0,0
393,2017-04-13,09:03:29,95,v1709,XDCE,5890,5880,5920,10870,320588900,118134,114632,6230,5640,5935,5900,0,5920,0,0,0,2017-04-13,32609095,5885,49,0,0,0,0,0,0,0,0,5890,67,0,0,0,0,0,0,0,0
394,2017-04-13,09:03:29,622,v1709,XDCE,5885,5880,5920,10914,321883600,118134,114632,6230,5640,5935,5900,0,5920,0,0,0,2017-04-13,32609622,5885,68,0,0,0,0,0,0,0,0,5890,62,0,0,0,0,0,0,0,0
395,2017-04-13,09:03:30,20,v1709,XDCE,5885,5880,5920,10916,321942450,118134,114632,6230,5640,5935,5900,0,5920,0,0,0,2017-04-13,32610020,5885,76,0,0,0,0,0,0,0,0,5890,62,0,0,0,0,0,0,0,0
396,2017-04-13,09:03:30,605,v1709,XDCE,5890,5880,5920,10928,322295600,118132,114632,6230,5640,5935,5900,0,5920,0,0,0,2017-04-13,32610605,5885,72,0,0,0,0,0,0,0,0,5890,72,0,0,0,0,0,0,0,0
397,2017-04-13,09:03:31,125,v1709,XDCE,5890,5880,5920,10928,322295600,118132,114632,6230,5640,5935,5900,0,5920,0,0,0,2017-04-13,32611125,5885,77,0,0,0,0,0,0,0,0,5890,73,0,0,0,0,0,0,0,0
398,2017-04-13,09:03:31,533,v1709,XDCE,5890,5880,5920,10928,322295600,118132,114632,6230,5640,5935,5900,0,5920,0,0,0,2017-04-13,32611533,5885,77,0,0,0,0,0,0,0,0,5890,72,0,0,0,0,0,0,0,0
399,2017-04-13,09:03:32,110,v1709,XDCE,5885,5880,5920,10930,322354450,118132,114632,6230,5640,5935,5900,0,5920,0,0,0,2017-04-13,32612110,5885,76,0,0,0,0,0,0,0,0,5890,73,0,0,0,0,0,0,0,0
400,2017-04-13,09:03:32,590,v1709,XDCE,5885,5880,5920,10936,322531000,118126,114632,6230,5640,5935,5900,0,5920,0,0,0,2017-04-13,32612590,5885,78,0,0,0,0,0,0,0,0,5890,74,0,0,0,0,0,0,0,0
401,2017-04-13,09:03:33,111,v1709,XDCE,5885,5880,5920,10938,322589850,118126,114632,6230,5640,5935,5900,0,5920,0,0,0,2017-04-13,32613111,5885,77,0,0,0,0,0,0,0,0,5890,76,0,0,0,0,0,0,0,0
402,2017-04-13,09:03:33,627,v1709,XDCE,5885,5880,5920,10958,323178350,118134,114632,6230,5640,5935,5900,0,5920,0,0,0,2017-04-13,32613627,5885,67,0,0,0,0,0,0,0,0,5890,73,0,0,0,0,0,0,0,0
403,2017-04-13,09:03:34,107,v1709,XDCE,5885,5880,5920,10958,323178350,118134,114632,6230,5640,5935,5900,0,5920,0,0,0,2017-04-13,32614107,5885,67,0,0,0,0,0,0,0,0,5890,72,0,0,0,0,0,0,0,0
404,2017-04-13,09:03:34,586,v1709,XDCE,5885,5880,5920,10958,323178350,118134,114632,6230,5640,5935,5900,0,5920,0,0,0,2017-04-13,32614586,5885,79,0,0,0,0,0,0,0,0,5890,75,0,0,0,0,0,0,0,0
405,2017-04-13,09:03:35,120,v1709,XDCE,5885,5880,5920,10970,323531450,118142,114632,6230,5640,5935,5900,0,5920,0,0,0,2017-04-13,32615120,5885,73,0,0,0,0,0,0,0,0,5890,78,0,0,0,0,0,0,0,0
406,2017-04-13,09:03:35,624,v1709,XDCE,5885,5880,5920,10976,323708000,118142,114632,6230,5640,5935,5900,0,5920,0,0,0,2017-04-13,32615624,5885,70,0,0,0,0,0,0,0,0,5890,79,0,0,0,0,0,0,0,0
407,2017-04-13,09:03:36,128,v1709,XDCE,5885,5880,5920,11106,327533250,118224,114632,6230,5640,5935,5900,0,5920,0,0,0,2017-04-13,32616128,5880,244,0,0,0,0,0,0,0,0,5885,8,0,0,0,0,0,0,0,0
408,2017-04-13,09:03:36,611,v1709,XDCE,5885,5880,5920,11106,327533250,118224,114632,6230,5640,5935,5900,0,5920,0,0,0,2017-04-13,32616611,5880,249,0,0,0,0,0,0,0,0,5885,19,0,0,0,0,0,0,0,0
409,2017-04-13,09:03:37,119,v1709,XDCE,5885,5880,5920,11108,327592100,118224,114632,6230,5640,5935,5900,0,5920,0,0,0,2017-04-13,32617119,5880,249,0,0,0,0,0,0,0,0,5885,19,0,0,0,0,0,0,0,0
410,2017-04-13,09:03:37,623,v1709,XDCE,5885,5880,5920,11108,327592100,118224,114632,6230,5640,5935,5900,0,5920,0,0,0,2017-04-13,32617623,5880,246,0,0,0,0,0,0,0,0,5885,19,0,0,0,0,0,0,0,0
411,2017-04-13,09:03:38,612,v1709,XDCE,5885,5880,5920,11108,327592100,118224,114632,6230,5640,5935,5900,0,5920,0,0,0,2017-04-13,32618612,5880,247,0,0,0,0,0,0,0,0,5885,12,0,0,0,0,0,0,0,0
412,2017-04-13,09:03:39,108,v1709,XDCE,5885,5880,5920,11108,327592100,118224,114632,6230,5640,5935,5900,0,5920,0,0,0,2017-04-13,32619108,5880,247,0,0,0,0,0,0,0,0,5885,11,0,0,0,0,0,0,0,0
413,2017-04-13,09:03:39,611,v1709,XDCE,5880,5880,5920,11128,328180100,118228,114632,6230,5640,5935,5900,0,5920,0,0,0,2017-04-13,32619611,5880,237,0,0,0,0,0,0,0,0,5885,11,0,0,0,0,0,0,0,0
414,2017-04-13,09:03:40,110,v1709,XDCE,5885,5880,5920,11134,328356600,118228,114632,6230,5640,5935,5900,0,5920,0,0,0,2017-04-13,32620110,5880,220,0,0,0,0,0,0,0,0,5885,16,0,0,0,0,0,0,0,0
415,2017-04-13,09:03:40,603,v1709,XDCE,5885,5880,5920,11134,328356600,118228,114632,6230,5640,5935,5900,0,5920,0,0,0,2017-04-13,32620603,5880,220,0,0,0,0,0,0,0,0,5885,20,0,0,0,0,0,0,0,0
416,2017-04-13,09:03:41,126,v1709,XDCE,5885,5880,5920,11134,328356600,118228,114632,6230,5640,5935,5900,0,5920,0,0,0,2017-04-13,32621126,5880,221,0,0,0,0,0,0,0,0,5885,20,0,0,0,0,0,0,0,0
417,2017-04-13,09:03:41,622,v1709,XDCE,5885,5880,5920,11134,328356600,118228,114632,6230,5640,5935,5900,0,5920,0,0,0,2017-04-13,32621622,5880,221,0,0,0,0,0,0,0,0,5885,28,0,0,0,0,0,0,0,0
418,2017-04-13,09:03:42,585,v1709,XDCE,5885,5880,5920,11136,328415450,118228,114632,6230,5640,5935,5900,0,5920,0,0,0,2017-04-13,32622585,5880,221,0,0,0,0,0,0,0,0,5885,27,0,0,0,0,0,0,0,0
419,2017-04-13,09:03:43,117,v1709,XDCE,5885,5880,5920,11138,328474300,118228,114632,6230,5640,5935,5900,0,5920,0,0,0,2017-04-13,32623117,5880,231,0,0,0,0,0,0,0,0,5885,24,0,0,0,0,0,0,0,0
420,2017-04-13,09:03:43,610,v1709,XDCE,5885,5880,5920,11138,328474300,118228,114632,6230,5640,5935,5900,0,5920,0,0,0,2017-04-13,32623610,5880,231,0,0,0,0,0,0,0,0,5885,22,0,0,0,0,0,0,0,0
421,2017-04-13,09:03:44,92,v1709,XDCE,5880,5880,5920,11142,328591900,118226,114632,6230,5640,5935,5900,0,5920,0,0,0,2017-04-13,32624092,5880,232,0,0,0,0,0,0,0,0,5885,23,0,0,0,0,0,0,0,0
422,2017-04-13,09:03:44,509,v1709,XDCE,5880,5880,5920,11146,328709500,118228,114632,6230,5640,5935,5900,0,5920,0,0,0,2017-04-13,32624509,5880,231,0,0,0,0,0,0,0,0,5885,24,0,0,0,0,0,0,0,0
423,2017-04-13,09:03:45,104,v1709,XDCE,5885,5880,5920,11200,330298450,118266,114632,6230,5640,5935,5900,0,5920,0,0,0,2017-04-13,32625104,5880,228,0,0,0,0,0,0,0,0,5885,8,0,0,0,0,0,0,0,0
424,2017-04-13,09:03:45,602,v1709,XDCE,5885,5880,5920,11216,330769250,118254,114632,6230,5640,5935,5900,0,5920,0,0,0,2017-04-13,32625602,5880,231,0,0,0,0,0,0,0,0,5890,98,0,0,0,0,0,0,0,0
425,2017-04-13,09:03:46,102,v1709,XDCE,5885,5880,5920,11216,330769250,118254,114632,6230,5640,5935,5900,0,5920,0,0,0,2017-04-13,32626102,5880,231,0,0,0,0,0,0,0,0,5890,96,0,0,0,0,0,0,0,0
426,2017-04-13,09:03:47,93,v1709,XDCE,5880,5880,5920,11218,330828050,118256,114632,6230,5640,5935,5900,0,5920,0,0,0,2017-04-13,32627093,5880,230,0,0,0,0,0,0,0,0,5890,97,0,0,0,0,0,0,0,0
427,2017-04-13,09:03:47,622,v1709,XDCE,5885,5880,5920,11220,330886900,118254,114632,6230,5640,5935,5900,0,5920,0,0,0,2017-04-13,32627622,5885,9,0,0,0,0,0,0,0,0,5890,97,0,0,0,0,0,0,0,0
428,2017-04-13,09:03:48,101,v1709,XDCE,5885,5880,5920,11228,331122300,118248,114632,6230,5640,5935,5900,0,5920,0,0,0,2017-04-13,32628101,5885,6,0,0,0,0,0,0,0,0,5890,102,0,0,0,0,0,0,0,0
429,2017-04-13,09:03:48,589,v1709,XDCE,5885,5880,5920,11232,331240000,118246,114632,6230,5640,5935,5900,0,5920,0,0,0,2017-04-13,32628589,5885,54,0,0,0,0,0,0,0,0,5890,101,0,0,0,0,0,0,0,0
430,2017-04-13,09:03:49,91,v1709,XDCE,5890,5880,5920,11362,335068250,118296,114632,6230,5640,5935,5900,0,5920,0,0,0,2017-04-13,32629091,5885,58,0,0,0,0,0,0,0,0,5890,42,0,0,0,0,0,0,0,0
431,2017-04-13,09:03:49,608,v1709,XDCE,5885,5880,5920,11364,335127100,118296,114632,6230,5640,5935,5900,0,5920,0,0,0,2017-04-13,32629608,5885,58,0,0,0,0,0,0,0,0,5890,42,0,0,0,0,0,0,0,0
432,2017-04-13,09:03:50,97,v1709,XDCE,5885,5880,5920,11470,338246150,118298,114632,6230,5640,5935,5900,0,5920,0,0,0,2017-04-13,32630097,5885,15,0,0,0,0,0,0,0,0,5890,42,0,0,0,0,0,0,0,0
433,2017-04-13,09:03:50,584,v1709,XDCE,5885,5880,5920,11478,338481550,118300,114632,6230,5640,5935,5900,0,5920,0,0,0,2017-04-13,32630584,5885,12,0,0,0,0,0,0,0,0,5890,41,0,0,0,0,0,0,0,0
434,2017-04-13,09:03:51,103,v1709,XDCE,5885,5880,5920,11484,338658100,118300,114632,6230,5640,5935,5900,0,5920,0,0,0,2017-04-13,32631103,5885,11,0,0,0,0,0,0,0,0,5890,59,0,0,0,0,0,0,0,0
435,2017-04-13,09:03:51,604,v1709,XDCE,5885,5880,5920,11492,338893550,118298,114632,6230,5640,5935,5900,0,5920,0,0,0,2017-04-13,32631604,5885,25,0,0,0,0,0,0,0,0,5890,58,0,0,0,0,0,0,0,0
436,2017-04-13,09:03:52,78,v1709,XDCE,5885,5880,5920,11498,339070100,118298,114632,6230,5640,5935,5900,0,5920,0,0,0,2017-04-13,32632078,5885,38,0,0,0,0,0,0,0,0,5890,54,0,0,0,0,0,0,0,0
437,2017-04-13,09:03:52,598,v1709,XDCE,5885,5880,5920,11498,339070100,118298,114632,6230,5640,5935,5900,0,5920,0,0,0,2017-04-13,32632598,5885,114,0,0,0,0,0,0,0,0,5890,56,0,0,0,0,0,0,0,0
438,2017-04-13,09:03:53,123,v1709,XDCE,5885,5880,5920,11518,339658600,118302,114632,6230,5640,5935,5900,0,5920,0,0,0,2017-04-13,32633123,5885,104,0,0,0,0,0,0,0,0,5890,56,0,0,0,0,0,0,0,0
439,2017-04-13,09:03:53,622,v1709,XDCE,5885,5880,5920,11520,339717450,118300,114632,6230,5640,5935,5900,0,5920,0,0,0,2017-04-13,32633622,5885,104,0,0,0,0,0,0,0,0,5890,55,0,0,0,0,0,0,0,0
440,2017-04-13,09:03:54,84,v1709,XDCE,5885,5880,5920,11520,339717450,118300,114632,6230,5640,5935,5900,0,5920,0,0,0,2017-04-13,32634084,5885,105,0,0,0,0,0,0,0,0,5890,55,0,0,0,0,0,0,0,0
441,2017-04-13,09:03:54,621,v1709,XDCE,5890,5880,5920,11530,340011950,118290,114632,6230,5640,5935,5900,0,5920,0,0,0,2017-04-13,32634621,5885,105,0,0,0,0,0,0,0,0,5890,60,0,0,0,0,0,0,0,0
442,2017-04-13,09:03:54,915,v1709,XDCE,5890,5880,5920,11530,340011950,118290,114632,6230,5640,5935,5900,0,5920,0,0,0,2017-04-13,32634915,5885,106,0,0,0,0,0,0,0,0,5890,60,0,0,0,0,0,0,0,0
443,2017-04-13,09:03:55,621,v1709,XDCE,5885,5880,5920,11532,340070800,118290,114632,6230,5640,5935,5900,0,5920,0,0,0,2017-04-13,32635621,5885,109,0,0,0,0,0,0,0,0,5890,61,0,0,0,0,0,0,0,0
444,2017-04-13,09:03:56,102,v1709,XDCE,5890,5880,5920,11536,340188550,118290,114632,6230,5640,5935,5900,0,5920,0,0,0,2017-04-13,32636102,5885,108,0,0,0,0,0,0,0,0,5890,61,0,0,0,0,0,0,0,0
445,2017-04-13,09:03:56,578,v1709,XDCE,5890,5880,5920,11536,340188550,118290,114632,6230,5640,5935,5900,0,5920,0,0,0,2017-04-13,32636578,5885,108,0,0,0,0,0,0,0,0,5890,62,0,0,0,0,0,0,0,0
446,2017-04-13,09:03:57,108,v1709,XDCE,5885,5880,5920,11538,340247400,118288,114632,6230,5640,5935,5900,0,5920,0,0,0,2017-04-13,32637108,5885,107,0,0,0,0,0,0,0,0,5890,62,0,0,0,0,0,0,0,0
447,2017-04-13,09:03:57,429,v1709,XDCE,5885,5880,5920,11546,340482800,118288,114632,6230,5640,5935,5900,0,5920,0,0,0,2017-04-13,32637429,5885,103,0,0,0,0,0,0,0,0,5890,62,0,0,0,0,0,0,0,0
448,2017-04-13,09:03:58,119,v1709,XDCE,5885,5880,5920,11546,340482800,118288,114632,6230,5640,5935,5900,0,5920,0,0,0,2017-04-13,32638119,5885,103,0,0,0,0,0,0,0,0,5890,63,0,0,0,0,0,0,0,0
449,2017-04-13,09:03:58,627,v1709,XDCE,5890,5880,5920,11548,340541700,118288,114632,6230,5640,5935,5900,0,5920,0,0,0,2017-04-13,32638627,5885,103,0,0,0,0,0,0,0,0,5890,62,0,0,0,0,0,0,0,0
450,2017-04-13,09:03:59,101,v1709,XDCE,5885,5880,5920,11550,340600550,118288,114632,6230,5640,5935,5900,0,5920,0,0,0,2017-04-13,32639101,5885,102,0,0,0,0,0,0,0,0,5890,62,0,0,0,0,0,0,0,0
451,2017-04-13,09:03:59,593,v1709,XDCE,5885,5880,5920,11552,340659400,118288,114632,6230,5640,5935,5900,0,5920,0,0,0,2017-04-13,32639593,5885,101,0,0,0,0,0,0,0,0,5890,62,0,0,0,0,0,0,0,0
452,2017-04-13,09:04:00,58,v1709,XDCE,5885,5880,5920,11556,340777100,118286,114632,6230,5640,5935,5900,0,5920,0,0,0,2017-04-13,32640058,5885,99,0,0,0,0,0,0,0,0,5890,62,0,0,0,0,0,0,0,0
453,2017-04-13,09:04:01,591,v1709,XDCE,5885,5880,5920,11556,340777100,118286,114632,6230,5640,5935,5900,0,5920,0,0,0,2017-04-13,32641591,5885,96,0,0,0,0,0,0,0,0,5890,62,0,0,0,0,0,0,0,0
454,2017-04-13,09:04:02,119,v1709,XDCE,5885,5880,5920,11556,340777100,118286,114632,6230,5640,5935,5900,0,5920,0,0,0,2017-04-13,32642119,5885,86,0,0,0,0,0,0,0,0,5890,66,0,0,0,0,0,0,0,0
455,2017-04-13,09:04:02,623,v1709,XDCE,5885,5880,5920,11556,340777100,118286,114632,6230,5640,5935,5900,0,5920,0,0,0,2017-04-13,32642623,5885,31,0,0,0,0,0,0,0,0,5890,66,0,0,0,0,0,0,0,0
456,2017-04-13,09:04:03,124,v1709,XDCE,5885,5880,5920,11556,340777100,118286,114632,6230,5640,5935,5900,0,5920,0,0,0,2017-04-13,32643124,5885,31,0,0,0,0,0,0,0,0,5890,72,0,0,0,0,0,0,0,0
457,2017-04-13,09:04:03,582,v1709,XDCE,5885,5880,5920,11560,340894800,118288,114632,6230,5640,5935,5900,0,5920,0,0,0,2017-04-13,32643582,5885,30,0,0,0,0,0,0,0,0,5890,73,0,0,0,0,0,0,0,0
458,2017-04-13,09:04:04,100,v1709,XDCE,5885,5880,5920,11622,342719150,118264,114632,6230,5640,5935,5900,0,5920,0,0,0,2017-04-13,32644100,5885,1,0,0,0,0,0,0,0,0,5890,75,0,0,0,0,0,0,0,0
459,2017-04-13,09:04:04,598,v1709,XDCE,5885,5880,5920,11644,343366500,118270,114632,6230,5640,5935,5900,0,5920,0,0,0,2017-04-13,32644598,5885,7,0,0,0,0,0,0,0,0,5890,75,0,0,0,0,0,0,0,0
460,2017-04-13,09:04:05,97,v1709,XDCE,5885,5880,5920,11644,343366500,118270,114632,6230,5640,5935,5900,0,5920,0,0,0,2017-04-13,32645097,5885,6,0,0,0,0,0,0,0,0,5890,75,0,0,0,0,0,0,0,0
461,2017-04-13,09:04:05,592,v1709,XDCE,5885,5880,5920,11644,343366500,118270,114632,6230,5640,5935,5900,0,5920,0,0,0,2017-04-13,32645592,5885,16,0,0,0,0,0,0,0,0,5890,71,0,0,0,0,0,0,0,0
462,2017-04-13,09:04:07,47,v1709,XDCE,5885,5880,5920,11644,343366500,118270,114632,6230,5640,5935,5900,0,5920,0,0,0,2017-04-13,32647047,5885,14,0,0,0,0,0,0,0,0,5890,71,0,0,0,0,0,0,0,0
463,2017-04-13,09:04:07,597,v1709,XDCE,5885,5880,5920,11668,344072750,118274,114632,6230,5640,5935,5900,0,5920,0,0,0,2017-04-13,32647597,5885,5,0,0,0,0,0,0,0,0,5890,80,0,0,0,0,0,0,0,0
464,2017-04-13,09:04:08,110,v1709,XDCE,5885,5880,5920,11676,344308150,118270,114632,6230,5640,5935,5900,0,5920,0,0,0,2017-04-13,32648110,5885,99,0,0,0,0,0,0,0,0,5890,81,0,0,0,0,0,0,0,0
465,2017-04-13,09:04:08,615,v1709,XDCE,5885,5880,5920,11676,344308150,118270,114632,6230,5640,5935,5900,0,5920,0,0,0,2017-04-13,32648615,5885,102,0,0,0,0,0,0,0,0,5890,81,0,0,0,0,0,0,0,0
466,2017-04-13,09:04:09,611,v1709,XDCE,5885,5880,5920,11676,344308150,118270,114632,6230,5640,5935,5900,0,5920,0,0,0,2017-04-13,32649611,5885,114,0,0,0,0,0,0,0,0,5890,72,0,0,0,0,0,0,0,0
467,2017-04-13,09:04:10,90,v1709,XDCE,5885,5880,5920,11680,344425900,118274,114632,6230,5640,5935,5900,0,5920,0,0,0,2017-04-13,32650090,5885,113,0,0,0,0,0,0,0,0,5890,71,0,0,0,0,0,0,0,0
468,2017-04-13,09:04:10,623,v1709,XDCE,5885,5880,5920,11680,344425900,118274,114632,6230,5640,5935,5900,0,5920,0,0,0,2017-04-13,32650623,5885,115,0,0,0,0,0,0,0,0,5890,71,0,0,0,0,0,0,0,0
469,2017-04-13,09:04:11,90,v1709,XDCE,5890,5880,5920,11748,346428500,118296,114632,6230,5640,5935,5900,0,5920,0,0,0,2017-04-13,32651090,5885,125,0,0,0,0,0,0,0,0,5890,37,0,0,0,0,0,0,0,0
470,2017-04-13,09:04:11,590,v1709,XDCE,5890,5880,5920,11842,349196800,118304,114632,6230,5640,5935,5900,0,5920,0,0,0,2017-04-13,32651590,5890,1,0,0,0,0,0,0,0,0,5895,115,0,0,0,0,0,0,0,0
471,2017-04-13,09:04:12,124,v1709,XDCE,5885,5880,5920,11848,349373450,118306,114632,6230,5640,5935,5900,0,5920,0,0,0,2017-04-13,32652124,5885,114,0,0,0,0,0,0,0,0,5890,14,0,0,0,0,0,0,0,0
472,2017-04-13,09:04:12,583,v1709,XDCE,5885,5880,5920,11848,349373450,118306,114632,6230,5640,5935,5900,0,5920,0,0,0,2017-04-13,32652583,5885,114,0,0,0,0,0,0,0,0,5890,46,0,0,0,0,0,0,0,0
473,2017-04-13,09:04:13,89,v1709,XDCE,5885,5880,5920,11850,349432300,118308,114632,6230,5640,5935,5900,0,5920,0,0,0,2017-04-13,32653089,5885,113,0,0,0,0,0,0,0,0,5890,55,0,0,0,0,0,0,0,0
474,2017-04-13,09:04:13,625,v1709,XDCE,5885,5880,5920,11854,349550000,118312,114632,6230,5640,5935,5900,0,5920,0,0,0,2017-04-13,32653625,5885,111,0,0,0,0,0,0,0,0,5890,55,0,0,0,0,0,0,0,0
475,2017-04-13,09:04:14,19,v1709,XDCE,5890,5880,5920,11858,349667800,118312,114632,6230,5640,5935,5900,0,5920,0,0,0,2017-04-13,32654019,5885,112,0,0,0,0,0,0,0,0,5890,54,0,0,0,0,0,0,0,0
476,2017-04-13,09:04:14,617,v1709,XDCE,5890,5880,5920,11858,349667800,118312,114632,6230,5640,5935,5900,0,5920,0,0,0,2017-04-13,32654617,5885,102,0,0,0,0,0,0,0,0,5890,63,0,0,0,0,0,0,0,0
477,2017-04-13,09:04:15,626,v1709,XDCE,5890,5880,5920,11858,349667800,118312,114632,6230,5640,5935,5900,0,5920,0,0,0,2017-04-13,32655626,5885,100,0,0,0,0,0,0,0,0,5890,63,0,0,0,0,0,0,0,0
478,2017-04-13,09:04:16,85,v1709,XDCE,5890,5880,5920,11858,349667800,118312,114632,6230,5640,5935,5900,0,5920,0,0,0,2017-04-13,32656085,5885,100,0,0,0,0,0,0,0,0,5890,73,0,0,0,0,0,0,0,0
479,2017-04-13,09:04:17,110,v1709,XDCE,5885,5880,5920,11862,349785500,118316,114632,6230,5640,5935,5900,0,5920,0,0,0,2017-04-13,32657110,5885,43,0,0,0,0,0,0,0,0,5890,76,0,0,0,0,0,0,0,0
480,2017-04-13,09:04:17,579,v1709,XDCE,5885,5880,5920,11862,349785500,118316,114632,6230,5640,5935,5900,0,5920,0,0,0,2017-04-13,32657579,5885,43,0,0,0,0,0,0,0,0,5890,77,0,0,0,0,0,0,0,0
481,2017-04-13,09:04:18,615,v1709,XDCE,5890,5880,5920,11868,349962100,118318,114632,6230,5640,5935,5900,0,5920,0,0,0,2017-04-13,32658615,5885,43,0,0,0,0,0,0,0,0,5890,76,0,0,0,0,0,0,0,0
482,2017-04-13,09:04:19,112,v1709,XDCE,5885,5880,5920,11878,350256350,118328,114632,6230,5640,5935,5900,0,5920,0,0,0,2017-04-13,32659112,5885,38,0,0,0,0,0,0,0,0,5890,76,0,0,0,0,0,0,0,0
483,2017-04-13,09:04:19,468,v1709,XDCE,5885,5880,5920,11912,351257150,118336,114632,6230,5640,5935,5900,0,5920,0,0,0,2017-04-13,32659468,5885,28,0,0,0,0,0,0,0,0,5890,69,0,0,0,0,0,0,0,0
484,2017-04-13,09:04:20,123,v1709,XDCE,5885,5880,5920,11912,351257150,118336,114632,6230,5640,5935,5900,0,5920,0,0,0,2017-04-13,32660123,5885,27,0,0,0,0,0,0,0,0,5890,69,0,0,0,0,0,0,0,0
485,2017-04-13,09:04:23,57,v1709,XDCE,5885,5880,5920,11912,351257150,118336,114632,6230,5640,5935,5900,0,5920,0,0,0,2017-04-13,32663057,5885,28,0,0,0,0,0,0,0,0,5890,79,0,0,0,0,0,0,0,0
486,2017-04-13,09:04:23,340,v1709,XDCE,5885,5880,5920,11912,351257150,118336,114632,6230,5640,5935,5900,0,5920,0,0,0,2017-04-13,32663340,5885,27,0,0,0,0,0,0,0,0,5890,79,0,0,0,0,0,0,0,0
487,2017-04-13,09:04:24,602,v1709,XDCE,5885,5880,5920,11922,351551400,118336,114632,6230,5640,5935,5900,0,5920,0,0,0,2017-04-13,32664602,5885,22,0,0,0,0,0,0,0,0,5890,83,0,0,0,0,0,0,0,0
488,2017-04-13,09:04:25,89,v1709,XDCE,5885,5880,5920,11964,352787250,118346,114632,6230,5640,5935,5900,0,5920,0,0,0,2017-04-13,32665089,5885,1,0,0,0,0,0,0,0,0,5890,83,0,0,0,0,0,0,0,0
489,2017-04-13,09:04:25,628,v1709,XDCE,5885,5880,5920,11966,352846100,118346,114632,6230,5640,5935,5900,0,5920,0,0,0,2017-04-13,32665628,5880,250,0,0,0,0,0,0,0,0,5885,16,0,0,0,0,0,0,0,0
490,2017-04-13,09:04:26,114,v1709,XDCE,5885,5880,5920,12014,354258500,118316,114632,6230,5640,5935,5900,0,5920,0,0,0,2017-04-13,32666114,5880,253,0,0,0,0,0,0,0,0,5885,5,0,0,0,0,0,0,0,0
491,2017-04-13,09:04:26,601,v1709,XDCE,5885,5880,5920,12036,354905850,118318,114632,6230,5640,5935,5900,0,5920,0,0,0,2017-04-13,32666601,5885,16,0,0,0,0,0,0,0,0,5890,81,0,0,0,0,0,0,0,0
492,2017-04-13,09:04:27,113,v1709,XDCE,5885,5880,5920,12038,354964700,118320,114632,6230,5640,5935,5900,0,5920,0,0,0,2017-04-13,32667113,5885,14,0,0,0,0,0,0,0,0,5890,81,0,0,0,0,0,0,0,0
493,2017-04-13,09:04:28,39,v1709,XDCE,5885,5880,5920,12038,354964700,118320,114632,6230,5640,5935,5900,0,5920,0,0,0,2017-04-13,32668039,5885,15,0,0,0,0,0,0,0,0,5890,85,0,0,0,0,0,0,0,0
494,2017-04-13,09:04:28,570,v1709,XDCE,5890,5880,5920,12042,355082500,118316,114632,6230,5640,5935,5900,0,5920,0,0,0,2017-04-13,32668570,5885,20,0,0,0,0,0,0,0,0,5890,84,0,0,0,0,0,0,0,0
495,2017-04-13,09:04:29,620,v1709,XDCE,5890,5880,5920,12042,355082500,118316,114632,6230,5640,5935,5900,0,5920,0,0,0,2017-04-13,32669620,5885,22,0,0,0,0,0,0,0,0,5890,85,0,0,0,0,0,0,0,0
496,2017-04-13,09:04:30,85,v1709,XDCE,5885,5880,5920,12046,355200200,118320,114632,6230,5640,5935,5900,0,5920,0,0,0,2017-04-13,32670085,5885,20,0,0,0,0,0,0,0,0,5890,85,0,0,0,0,0,0,0,0
497,2017-04-13,09:04:31,584,v1709,XDCE,5885,5880,5920,12050,355317900,118324,114632,6230,5640,5935,5900,0,5920,0,0,0,2017-04-13,32671584,5885,73,0,0,0,0,0,0,0,0,5890,85,0,0,0,0,0,0,0,0
498,2017-04-13,09:04:32,90,v1709,XDCE,5885,5880,5920,12050,355317900,118324,114632,6230,5640,5935,5900,0,5920,0,0,0,2017-04-13,32672090,5885,73,0,0,0,0,0,0,0,0,5890,82,0,0,0,0,0,0,0,0
499,2017-04-13,09:04:33,44,v1709,XDCE,5885,5880,5920,12050,355317900,118324,114632,6230,5640,5935,5900,0,5920,0,0,0,2017-04-13,32673044,5885,76,0,0,0,0,0,0,0,0,5890,82,0,0,0,0,0,0,0,0
500,2017-04-13,09:04:33,604,v1709,XDCE,5890,5880,5920,12074,356024700,118318,114632,6230,5640,5935,5900,0,5920,0,0,0,2017-04-13,32673604,5885,31,0,0,0,0,0,0,0,0,5890,70,0,0,0,0,0,0,0,0
501,2017-04-13,09:04:35,130,v1709,XDCE,5890,5880,5920,12074,356024700,118318,114632,6230,5640,5935,5900,0,5920,0,0,0,2017-04-13,32675130,5885,37,0,0,0,0,0,0,0,0,5890,70,0,0,0,0,0,0,0,0
502,2017-04-13,09:04:36,592,v1709,XDCE,5890,5880,5920,12074,356024700,118318,114632,6230,5640,5935,5900,0,5920,0,0,0,2017-04-13,32676592,5885,38,0,0,0,0,0,0,0,0,5890,100,0,0,0,0,0,0,0,0
503,2017-04-13,09:04:37,124,v1709,XDCE,5885,5880,5920,12078,356142400,118322,114632,6230,5640,5935,5900,0,5920,0,0,0,2017-04-13,32677124,5885,36,0,0,0,0,0,0,0,0,5890,102,0,0,0,0,0,0,0,0
504,2017-04-13,09:04:39,6,v1709,XDCE,5890,5880,5920,12102,356849200,118322,114632,6230,5640,5935,5900,0,5920,0,0,0,2017-04-13,32679006,5885,26,0,0,0,0,0,0,0,0,5890,90,0,0,0,0,0,0,0,0
505,2017-04-13,09:04:39,551,v1709,XDCE,5885,5880,5920,12104,356908050,118324,114632,6230,5640,5935,5900,0,5920,0,0,0,2017-04-13,32679551,5885,25,0,0,0,0,0,0,0,0,5890,90,0,0,0,0,0,0,0,0
506,2017-04-13,09:04:40,55,v1709,XDCE,5885,5880,5920,12106,356966900,118326,114632,6230,5640,5935,5900,0,5920,0,0,0,2017-04-13,32680055,5885,24,0,0,0,0,0,0,0,0,5890,91,0,0,0,0,0,0,0,0
507,2017-04-13,09:04:42,5,v1709,XDCE,5890,5880,5920,12108,357025800,118328,114632,6230,5640,5935,5900,0,5920,0,0,0,2017-04-13,32682005,5885,24,0,0,0,0,0,0,0,0,5890,92,0,0,0,0,0,0,0,0
508,2017-04-13,09:04:42,269,v1709,XDCE,5890,5880,5920,12138,357909300,118326,114632,6230,5640,5935,5900,0,5920,0,0,0,2017-04-13,32682269,5885,34,0,0,0,0,0,0,0,0,5890,77,0,0,0,0,0,0,0,0
509,2017-04-13,09:04:44,130,v1709,XDCE,5885,5880,5920,12206,359910200,118324,114632,6230,5640,5935,5900,0,5920,0,0,0,2017-04-13,32684130,5885,3,0,0,0,0,0,0,0,0,5890,95,0,0,0,0,0,0,0,0
510,2017-04-13,09:04:44,595,v1709,XDCE,5885,5880,5920,12206,359910200,118324,114632,6230,5640,5935,5900,0,5920,0,0,0,2017-04-13,32684595,5880,231,0,0,0,0,0,0,0,0,5890,98,0,0,0,0,0,0,0,0
511,2017-04-13,09:04:45,130,v1709,XDCE,5885,5880,5920,12214,360145600,118324,114632,6230,5640,5935,5900,0,5920,0,0,0,2017-04-13,32685130,5880,230,0,0,0,0,0,0,0,0,5885,6,0,0,0,0,0,0,0,0
512,2017-04-13,09:04:45,584,v1709,XDCE,5885,5880,5920,12230,360616400,118330,114632,6230,5640,5935,5900,0,5920,0,0,0,2017-04-13,32685584,5885,4,0,0,0,0,0,0,0,0,5890,93,0,0,0,0,0,0,0,0
513,2017-04-13,09:04:46,93,v1709,XDCE,5885,5880,5920,12240,360910650,118326,114632,6230,5640,5935,5900,0,5920,0,0,0,2017-04-13,32686093,5880,231,0,0,0,0,0,0,0,0,5885,18,0,0,0,0,0,0,0,0
514,2017-04-13,09:04:46,583,v1709,XDCE,5885,5880,5920,12240,360910650,118326,114632,6230,5640,5935,5900,0,5920,0,0,0,2017-04-13,32686583,5880,230,0,0,0,0,0,0,0,0,5885,20,0,0,0,0,0,0,0,0
515,2017-04-13,09:04:47,612,v1709,XDCE,5885,5880,5920,12240,360910650,118326,114632,6230,5640,5935,5900,0,5920,0,0,0,2017-04-13,32687612,5880,230,0,0,0,0,0,0,0,0,5885,22,0,0,0,0,0,0,0,0
516,2017-04-13,09:04:48,601,v1709,XDCE,5885,5880,5920,12240,360910650,118326,114632,6230,5640,5935,5900,0,5920,0,0,0,2017-04-13,32688601,5880,230,0,0,0,0,0,0,0,0,5885,20,0,0,0,0,0,0,0,0
517,2017-04-13,09:04:49,65,v1709,XDCE,5885,5880,5920,12240,360910650,118326,114632,6230,5640,5935,5900,0,5920,0,0,0,2017-04-13,32689065,5880,231,0,0,0,0,0,0,0,0,5885,30,0,0,0,0,0,0,0,0
518,2017-04-13,09:04:49,490,v1709,XDCE,5885,5880,5920,12248,361146050,118326,114632,6230,5640,5935,5900,0,5920,0,0,0,2017-04-13,32689490,5880,231,0,0,0,0,0,0,0,0,5885,26,0,0,0,0,0,0,0,0
519,2017-04-13,09:04:50,590,v1709,XDCE,5885,5880,5920,12276,361969950,118334,114632,6230,5640,5935,5900,0,5920,0,0,0,2017-04-13,32690590,5885,2,0,0,0,0,0,0,0,0,5890,101,0,0,0,0,0,0,0,0
520,2017-04-13,09:04:51,122,v1709,XDCE,5885,5880,5920,12282,362146500,118328,114632,6230,5640,5935,5900,0,5920,0,0,0,2017-04-13,32691122,5880,235,0,0,0,0,0,0,0,0,5890,81,0,0,0,0,0,0,0,0
521,2017-04-13,09:04:51,617,v1709,XDCE,5885,5880,5920,12282,362146500,118328,114632,6230,5640,5935,5900,0,5920,0,0,0,2017-04-13,32691617,5885,1,0,0,0,0,0,0,0,0,5890,68,0,0,0,0,0,0,0,0
522,2017-04-13,09:04:51,846,v1709,XDCE,5885,5880,5920,12282,362146500,118328,114632,6230,5640,5935,5900,0,5920,0,0,0,2017-04-13,32691846,5880,238,0,0,0,0,0,0,0,0,5890,82,0,0,0,0,0,0,0,0
523,2017-04-13,09:04:52,588,v1709,XDCE,5885,5880,5920,12284,362205350,118330,114632,6230,5640,5935,5900,0,5920,0,0,0,2017-04-13,32692588,5880,238,0,0,0,0,0,0,0,0,5890,79,0,0,0,0,0,0,0,0
524,2017-04-13,09:04:53,91,v1709,XDCE,5880,5880,5920,12286,362264150,118332,114632,6230,5640,5935,5900,0,5920,0,0,0,2017-04-13,32693091,5880,237,0,0,0,0,0,0,0,0,5890,82,0,0,0,0,0,0,0,0
525,2017-04-13,09:04:53,605,v1709,XDCE,5880,5880,5920,12286,362264150,118332,114632,6230,5640,5935,5900,0,5920,0,0,0,2017-04-13,32693605,5880,237,0,0,0,0,0,0,0,0,5890,69,0,0,0,0,0,0,0,0
526,2017-04-13,09:04:54,98,v1709,XDCE,5885,5880,5920,12288,362323000,118332,114632,6230,5640,5935,5900,0,5920,0,0,0,2017-04-13,32694098,5880,237,0,0,0,0,0,0,0,0,5890,72,0,0,0,0,0,0,0,0
527,2017-04-13,09:04:54,596,v1709,XDCE,5885,5880,5920,12288,362323000,118332,114632,6230,5640,5935,5900,0,5920,0,0,0,2017-04-13,32694596,5880,242,0,0,0,0,0,0,0,0,5890,92,0,0,0,0,0,0,0,0
528,2017-04-13,09:04:55,98,v1709,XDCE,5885,5880,5920,12290,362381850,118332,114632,6230,5640,5935,5900,0,5920,0,0,0,2017-04-13,32695098,5880,242,0,0,0,0,0,0,0,0,5890,92,0,0,0,0,0,0,0,0
529,2017-04-13,09:04:55,591,v1709,XDCE,5880,5880,5920,12292,362440650,118334,114632,6230,5640,5935,5900,0,5920,0,0,0,2017-04-13,32695591,5880,252,0,0,0,0,0,0,0,0,5890,92,0,0,0,0,0,0,0,0
530,2017-04-13,09:04:56,112,v1709,XDCE,5880,5880,5920,12292,362440650,118334,114632,6230,5640,5935,5900,0,5920,0,0,0,2017-04-13,32696112,5885,4,0,0,0,0,0,0,0,0,5890,82,0,0,0,0,0,0,0,0
531,2017-04-13,09:04:57,84,v1709,XDCE,5885,5880,5920,12312,363029150,118334,114632,6230,5640,5935,5900,0,5920,0,0,0,2017-04-13,32697084,5885,3,0,0,0,0,0,0,0,0,5890,92,0,0,0,0,0,0,0,0
532,2017-04-13,09:04:57,603,v1709,XDCE,5885,5880,5920,12318,363205700,118334,114632,6230,5640,5935,5900,0,5920,0,0,0,2017-04-13,32697603,5885,1,0,0,0,0,0,0,0,0,5890,79,0,0,0,0,0,0,0,0
533,2017-04-13,09:04:58,92,v1709,XDCE,5885,5880,5920,12324,363382250,118328,114632,6230,5640,5935,5900,0,5920,0,0,0,2017-04-13,32698092,5885,19,0,0,0,0,0,0,0,0,5890,79,0,0,0,0,0,0,0,0
534,2017-04-13,09:04:59,56,v1709,XDCE,5885,5880,5920,12324,363382250,118328,114632,6230,5640,5935,5900,0,5920,0,0,0,2017-04-13,32699056,5885,20,0,0,0,0,0,0,0,0,5890,79,0,0,0,0,0,0,0,0
535,2017-04-13,09:05:00,88,v1709,XDCE,5885,5880,5920,12326,363441100,118328,114632,6230,5640,5935,5900,0,5920,0,0,0,2017-04-13,32700088,5885,15,0,0,0,0,0,0,0,0,5890,102,0,0,0,0,0,0,0,0
536,2017-04-13,09:05:00,585,v1709,XDCE,5885,5880,5920,12336,363735350,118328,114632,6230,5640,5935,5900,0,5920,0,0,0,2017-04-13,32700585,5885,10,0,0,0,0,0,0,0,0,5890,102,0,0,0,0,0,0,0,0
537,2017-04-13,09:05:01,87,v1709,XDCE,5885,5880,5920,12348,364088500,118338,114632,6230,5640,5935,5900,0,5920,0,0,0,2017-04-13,32701087,5885,5,0,0,0,0,0,0,0,0,5890,101,0,0,0,0,0,0,0,0
538,2017-04-13,09:05:01,621,v1709,XDCE,5885,5880,5920,12348,364088500,118338,114632,6230,5640,5935,5900,0,5920,0,0,0,2017-04-13,32701621,5885,35,0,0,0,0,0,0,0,0,5890,102,0,0,0,0,0,0,0,0
539,2017-04-13,09:05:02,128,v1709,XDCE,5885,5880,5920,12350,364147350,118338,114632,6230,5640,5935,5900,0,5920,0,0,0,2017-04-13,32702128,5885,34,0,0,0,0,0,0,0,0,5890,110,0,0,0,0,0,0,0,0
