,dataDate,dataTime,dataMillisec,instrumentID,exchangeCD,lastPrice,lowPrice,highPrice,volume,value,openInterest,preOpenInterest,upperLimitPrice,lowerLimitPrice,preSettlementPrice,prevClosePrice,settlementPrice,openPrice,closePrice,preDelta,currDelta,clearingDay,milliSecOffset,bidPrice1,bidVolume1,bidPrice2,bidVolume2,bidPrice3,bidVolume3,bidPrice4,bidVolume4,bidPrice5,bidVolume5,askPrice1,askVolume1,askPrice2,askVolume2,askPrice3,askVolume3,askPrice4,askVolume4,askPrice5,askVolume5
0,2017-04-12,19:30:47,0,WH705,XZCE,3102,0,0,0,0,14098,14098,3236,2926,3081,3102,0,0,0,0,0,2017-04-13,70247000,0,0,0,0,0,0,0,0,0,0,0,0,0,0,0,0,0,0,0,0
1,2017-04-13,08:59:00,0,WH705,XZCE,3101,3101,3101,10,620200,14100,14098,3236,2926,3081,3102,0,3101,0,0,0,2017-04-13,32340000,3101,4,0,0,0,0,0,0,0,0,3102,1,0,0,0,0,0,0,0,0
2,2017-04-13,09:00:00,0,WH705,XZCE,3101,3101,3102,14,868280,14100,14098,3236,2926,3081,3102,0,3101,0,0,0,2017-04-13,32400000,3101,3,0,0,0,0,0,0,0,0,3104,1,0,0,0,0,0,0,0,0
3,2017-04-13,09:00:00,0,WH705,XZCE,3104,3101,3104,20,1240760,14106,14098,3236,2926,3081,3102,0,3101,0,0,0,2017-04-13,32400000,3104,1,0,0,0,0,0,0,0,0,3109,2,0,0,0,0,0,0,0,0
4,2017-04-13,09:00:01,0,WH705,XZCE,3102,3101,3104,26,1613000,14106,14098,3236,2926,3081,3102,0,3101,0,0,0,2017-04-13,32401000,3102,6,0,0,0,0,0,0,0,0,3109,2,0,0,0,0,0,0,0,0
5,2017-04-13,09:00:01,0,WH705,XZCE,3102,3101,3104,26,1613000,14106,14098,3236,2926,3081,3102,0,3101,0,0,0,2017-04-13,32401000,3103,1,0,0,0,0,0,0,0,0,3109,2,0,0,0,0,0,0,0,0
6,2017-04-13,09:00:02,0,WH705,XZCE,3102,3101,3104,26,1613000,14106,14098,3236,2926,3081,3102,0,3101,0,0,0,2017-04-13,32402000,3103,1,0,0,0,0,0,0,0,0,3108,3,0,0,0,0,0,0,0,0
7,2017-04-13,09:00:03,0,WH705,XZCE,3102,3101,3104,28,1737080,14108,14098,3236,2926,3081,3102,0,3101,0,0,0,2017-04-13,32403000,3102,6,0,0,0,0,0,0,0,0,3107,3,0,0,0,0,0,0,0,0
8,2017-04-13,09:00:04,0,WH705,XZCE,3102,3101,3104,32,1985240,14108,14098,3236,2926,3081,3102,0,3101,0,0,0,2017-04-13,32404000,3102,5,0,0,0,0,0,0,0,0,3104,2,0,0,0,0,0,0,0,0
9,2017-04-13,09:00:07,0,WH705,XZCE,3102,3101,3104,36,2233400,14108,14098,3236,2926,3081,3102,0,3101,0,0,0,2017-04-13,32407000,3102,3,0,0,0,0,0,0,0,0,3104,4,0,0,0,0,0,0,0,0
10,2017-04-13,09:00:08,0,WH705,XZCE,3102,3101,3104,36,2233400,14108,14098,3236,2926,3081,3102,0,3101,0,0,0,2017-04-13,32408000,3102,3,0,0,0,0,0,0,0,0,3103,2,0,0,0,0,0,0,0,0
11,2017-04-13,09:00:08,0,WH705,XZCE,3102,3101,3104,38,2357480,14106,14098,3236,2926,3081,3102,0,3101,0,0,0,2017-04-13,32408000,3102,2,0,0,0,0,0,0,0,0,3103,2,0,0,0,0,0,0,0,0
12,2017-04-13,09:00:09,0,WH705,XZCE,3102,3101,3104,42,2605640,14106,14098,3236,2926,3081,3102,0,3101,0,0,0,2017-04-13,32409000,3098,10,0,0,0,0,0,0,0,0,3103,2,0,0,0,0,0,0,0,0
13,2017-04-13,09:00:10,0,WH705,XZCE,3099,3099,3104,44,2729600,14106,14098,3236,2926,3081,3102,0,3101,0,0,0,2017-04-13,32410000,3098,10,0,0,0,0,0,0,0,0,3102,3,0,0,0,0,0,0,0,0
14,2017-04-13,09:00:11,0,WH705,XZCE,3102,3098,3104,54,3350000,14108,14098,3236,2926,3081,3102,0,3101,0,0,0,2017-04-13,32411000,3098,8,0,0,0,0,0,0,0,0,3103,3,0,0,0,0,0,0,0,0
15,2017-04-13,09:00:11,0,WH705,XZCE,3102,3098,3104,54,3350000,14108,14098,3236,2926,3081,3102,0,3101,0,0,0,2017-04-13,32411000,3098,8,0,0,0,0,0,0,0,0,3103,4,0,0,0,0,0,0,0,0
16,2017-04-13,09:00:14,0,WH705,XZCE,3102,3098,3104,54,3350000,14108,14098,3236,2926,3081,3102,0,3101,0,0,0,2017-04-13,32414000,3099,2,0,0,0,0,0,0,0,0,3102,1,0,0,0,0,0,0,0,0
17,2017-04-13,09:00:14,0,WH705,XZCE,3102,3098,3104,54,3350000,14108,14098,3236,2926,3081,3102,0,3101,0,0,0,2017-04-13,32414000,3099,2,0,0,0,0,0,0,0,0,3102,2,0,0,0,0,0,0,0,0
18,2017-04-13,09:00:15,0,WH705,XZCE,3102,3098,3104,54,3350000,14108,14098,3236,2926,3081,3102,0,3101,0,0,0,2017-04-13,32415000,3099,6,0,0,0,0,0,0,0,0,3102,2,0,0,0,0,0,0,0,0
19,2017-04-13,09:00:16,0,WH705,XZCE,3102,3098,3104,54,3350000,14108,14098,3236,2926,3081,3102,0,3101,0,0,0,2017-04-13,32416000,3099,6,0,0,0,0,0,0,0,0,3102,3,0,0,0,0,0,0,0,0
20,2017-04-13,09:00:18,0,WH705,XZCE,3102,3098,3104,54,3350000,14108,14098,3236,2926,3081,3102,0,3101,0,0,0,2017-04-13,32418000,3099,6,0,0,0,0,0,0,0,0,3101,1,0,0,0,0,0,0,0,0
21,2017-04-13,09:00:18,0,WH705,XZCE,3099,3098,3104,58,3597920,14110,14098,3236,2926,3081,3102,0,3101,0,0,0,2017-04-13,32418000,3099,4,0,0,0,0,0,0,0,0,3101,1,0,0,0,0,0,0,0,0
22,2017-04-13,09:00:19,0,WH705,XZCE,3099,3098,3104,58,3597920,14110,14098,3236,2926,3081,3102,0,3101,0,0,0,2017-04-13,32419000,3099,4,0,0,0,0,0,0,0,0,3101,3,0,0,0,0,0,0,0,0
23,2017-04-13,09:00:20,0,WH705,XZCE,3099,3098,3104,60,3721880,14110,14098,3236,2926,3081,3102,0,3101,0,0,0,2017-04-13,32420000,3099,3,0,0,0,0,0,0,0,0,3101,3,0,0,0,0,0,0,0,0
24,2017-04-13,09:00:20,0,WH705,XZCE,3099,3098,3104,64,3969800,14110,14098,3236,2926,3081,3102,0,3101,0,0,0,2017-04-13,32420000,3099,1,0,0,0,0,0,0,0,0,3101,3,0,0,0,0,0,0,0,0
25,2017-04-13,09:00:22,0,WH705,XZCE,3099,3098,3104,66,4093760,14110,14098,3236,2926,3081,3102,0,3101,0,0,0,2017-04-13,32422000,3098,10,0,0,0,0,0,0,0,0,3099,1,0,0,0,0,0,0,0,0
26,2017-04-13,09:00:23,0,WH705,XZCE,3099,3098,3104,66,4093760,14110,14098,3236,2926,3081,3102,0,3101,0,0,0,2017-04-13,32423000,3098,10,0,0,0,0,0,0,0,0,3099,3,0,0,0,0,0,0,0,0
27,2017-04-13,09:00:23,0,WH705,XZCE,3099,3098,3104,66,4093760,14110,14098,3236,2926,3081,3102,0,3101,0,0,0,2017-04-13,32423000,3098,10,0,0,0,0,0,0,0,0,3099,5,0,0,0,0,0,0,0,0
28,2017-04-13,09:00:25,0,WH705,XZCE,3099,3098,3104,68,4217720,14110,14098,3236,2926,3081,3102,0,3101,0,0,0,2017-04-13,32425000,3098,10,0,0,0,0,0,0,0,0,3099,5,0,0,0,0,0,0,0,0
29,2017-04-13,09:00:27,0,WH705,XZCE,3098,3098,3104,70,4341640,14112,14098,3236,2926,3081,3102,0,3101,0,0,0,2017-04-13,32427000,3098,9,0,0,0,0,0,0,0,0,3099,5,0,0,0,0,0,0,0,0
30,2017-04-13,09:00:28,0,WH705,XZCE,3098,3098,3104,76,4713400,14118,14098,3236,2926,3081,3102,0,3101,0,0,0,2017-04-13,32428000,3098,6,0,0,0,0,0,0,0,0,3099,5,0,0,0,0,0,0,0,0
31,2017-04-13,09:00:28,0,WH705,XZCE,3099,3098,3104,90,5581120,14118,14098,3236,2926,3081,3102,0,3101,0,0,0,2017-04-13,32428000,3098,4,0,0,0,0,0,0,0,0,3101,1,0,0,0,0,0,0,0,0
32,2017-04-13,09:00:29,0,WH705,XZCE,3099,3098,3104,92,5705080,14118,14098,3236,2926,3081,3102,0,3101,0,0,0,2017-04-13,32429000,3099,2,0,0,0,0,0,0,0,0,3101,1,0,0,0,0,0,0,0,0
33,2017-04-13,09:00:29,0,WH705,XZCE,3099,3098,3104,94,5829040,14118,14098,3236,2926,3081,3102,0,3101,0,0,0,2017-04-13,32429000,3099,1,0,0,0,0,0,0,0,0,3101,1,0,0,0,0,0,0,0,0
34,2017-04-13,09:00:30,0,WH705,XZCE,3099,3098,3104,94,5829040,14118,14098,3236,2926,3081,3102,0,3101,0,0,0,2017-04-13,32430000,3099,2,0,0,0,0,0,0,0,0,3100,1,0,0,0,0,0,0,0,0
35,2017-04-13,09:00:30,0,WH705,XZCE,3099,3098,3104,96,5953000,14118,14098,3236,2926,3081,3102,0,3101,0,0,0,2017-04-13,32430000,3099,1,0,0,0,0,0,0,0,0,3100,1,0,0,0,0,0,0,0,0
36,2017-04-13,09:00:31,0,WH705,XZCE,3099,3098,3104,96,5953000,14118,14098,3236,2926,3081,3102,0,3101,0,0,0,2017-04-13,32431000,3099,4,0,0,0,0,0,0,0,0,3100,1,0,0,0,0,0,0,0,0
37,2017-04-13,09:00:32,0,WH705,XZCE,3099,3098,3104,98,6076960,14116,14098,3236,2926,3081,3102,0,3101,0,0,0,2017-04-13,32432000,3099,3,0,0,0,0,0,0,0,0,3101,1,0,0,0,0,0,0,0,0
38,2017-04-13,09:00:32,0,WH705,XZCE,3099,3098,3104,100,6200920,14116,14098,3236,2926,3081,3102,0,3101,0,0,0,2017-04-13,32432000,3100,1,0,0,0,0,0,0,0,0,3101,1,0,0,0,0,0,0,0,0
39,2017-04-13,09:00:33,0,WH705,XZCE,3099,3098,3104,102,6324880,14116,14098,3236,2926,3081,3102,0,3101,0,0,0,2017-04-13,32433000,3099,3,0,0,0,0,0,0,0,0,3101,1,0,0,0,0,0,0,0,0
40,2017-04-13,09:00:34,0,WH705,XZCE,3099,3098,3104,102,6324880,14116,14098,3236,2926,3081,3102,0,3101,0,0,0,2017-04-13,32434000,3100,2,0,0,0,0,0,0,0,0,3101,1,0,0,0,0,0,0,0,0
41,2017-04-13,09:00:34,0,WH705,XZCE,3101,3098,3104,104,6448920,14116,14098,3236,2926,3081,3102,0,3101,0,0,0,2017-04-13,32434000,3100,2,0,0,0,0,0,0,0,0,3103,2,0,0,0,0,0,0,0,0
42,2017-04-13,09:00:35,0,WH705,XZCE,3101,3098,3104,104,6448920,14116,14098,3236,2926,3081,3102,0,3101,0,0,0,2017-04-13,32435000,3101,6,0,0,0,0,0,0,0,0,3103,2,0,0,0,0,0,0,0,0
43,2017-04-13,09:00:36,0,WH705,XZCE,3101,3098,3104,106,6572960,14118,14098,3236,2926,3081,3102,0,3101,0,0,0,2017-04-13,32436000,3101,8,0,0,0,0,0,0,0,0,3103,2,0,0,0,0,0,0,0,0
44,2017-04-13,09:00:37,0,WH705,XZCE,3101,3098,3104,106,6572960,14118,14098,3236,2926,3081,3102,0,3101,0,0,0,2017-04-13,32437000,3101,8,0,0,0,0,0,0,0,0,3105,2,0,0,0,0,0,0,0,0
45,2017-04-13,09:00:37,0,WH705,XZCE,3101,3098,3104,110,6821040,14114,14098,3236,2926,3081,3102,0,3101,0,0,0,2017-04-13,32437000,3102,1,0,0,0,0,0,0,0,0,3105,2,0,0,0,0,0,0,0,0
46,2017-04-13,09:00:38,0,WH705,XZCE,3101,3098,3104,114,7069120,14116,14098,3236,2926,3081,3102,0,3101,0,0,0,2017-04-13,32438000,3101,5,0,0,0,0,0,0,0,0,3105,2,0,0,0,0,0,0,0,0
47,2017-04-13,09:00:44,0,WH705,XZCE,3101,3098,3104,114,7069120,14116,14098,3236,2926,3081,3102,0,3101,0,0,0,2017-04-13,32444000,3102,1,0,0,0,0,0,0,0,0,3105,2,0,0,0,0,0,0,0,0
48,2017-04-13,09:00:44,0,WH705,XZCE,3105,3098,3105,118,7317520,14118,14098,3236,2926,3081,3102,0,3101,0,0,0,2017-04-13,32444000,3105,8,0,0,0,0,0,0,0,0,3107,3,0,0,0,0,0,0,0,0
49,2017-04-13,09:00:45,0,WH705,XZCE,3105,3098,3105,120,7441720,14120,14098,3236,2926,3081,3102,0,3101,0,0,0,2017-04-13,32445000,3105,10,0,0,0,0,0,0,0,0,3107,3,0,0,0,0,0,0,0,0
50,2017-04-13,09:00:45,0,WH705,XZCE,3107,3098,3107,122,7566000,14118,14098,3236,2926,3081,3102,0,3101,0,0,0,2017-04-13,32445000,3105,10,0,0,0,0,0,0,0,0,3107,2,0,0,0,0,0,0,0,0
51,2017-04-13,09:00:45,0,WH705,XZCE,3107,3098,3107,122,7566000,14118,14098,3236,2926,3081,3102,0,3101,0,0,0,2017-04-13,32445000,3105,10,0,0,0,0,0,0,0,0,3107,3,0,0,0,0,0,0,0,0
52,2017-04-13,09:00:46,0,WH705,XZCE,3107,3098,3107,126,7814560,14114,14098,3236,2926,3081,3102,0,3101,0,0,0,2017-04-13,32446000,3105,10,0,0,0,0,0,0,0,0,3107,1,0,0,0,0,0,0,0,0
53,2017-04-13,09:00:47,0,WH705,XZCE,3105,3098,3107,128,7938760,14116,14098,3236,2926,3081,3102,0,3101,0,0,0,2017-04-13,32447000,3105,9,0,0,0,0,0,0,0,0,3107,2,0,0,0,0,0,0,0,0
54,2017-04-13,09:00:47,0,WH705,XZCE,3105,3098,3107,130,8062960,14118,14098,3236,2926,3081,3102,0,3101,0,0,0,2017-04-13,32447000,3105,8,0,0,0,0,0,0,0,0,3107,2,0,0,0,0,0,0,0,0
55,2017-04-13,09:00:49,0,WH705,XZCE,3105,3098,3107,130,8062960,14118,14098,3236,2926,3081,3102,0,3101,0,0,0,2017-04-13,32449000,3106,1,0,0,0,0,0,0,0,0,3107,2,0,0,0,0,0,0,0,0
56,2017-04-13,09:00:49,0,WH705,XZCE,3107,3098,3107,132,8187240,14118,14098,3236,2926,3081,3102,0,3101,0,0,0,2017-04-13,32449000,3107,4,0,0,0,0,0,0,0,0,3108,1,0,0,0,0,0,0,0,0
57,2017-04-13,09:00:50,0,WH705,XZCE,3107,3098,3107,132,8187240,14118,14098,3236,2926,3081,3102,0,3101,0,0,0,2017-04-13,32450000,3107,7,0,0,0,0,0,0,0,0,3108,1,0,0,0,0,0,0,0,0
58,2017-04-13,09:00:52,0,WH705,XZCE,3107,3098,3107,134,8311520,14118,14098,3236,2926,3081,3102,0,3101,0,0,0,2017-04-13,32452000,3107,16,0,0,0,0,0,0,0,0,3109,3,0,0,0,0,0,0,0,0
59,2017-04-13,09:00:52,0,WH705,XZCE,3107,3098,3107,134,8311520,14118,14098,3236,2926,3081,3102,0,3101,0,0,0,2017-04-13,32452000,3108,1,0,0,0,0,0,0,0,0,3109,3,0,0,0,0,0,0,0,0
60,2017-04-13,09:00:53,0,WH705,XZCE,3109,3098,3109,136,8435880,14120,14098,3236,2926,3081,3102,0,3101,0,0,0,2017-04-13,32453000,3108,1,0,0,0,0,0,0,0,0,3109,2,0,0,0,0,0,0,0,0
61,2017-04-13,09:00:54,0,WH705,XZCE,3109,3098,3109,142,8808960,14122,14098,3236,2926,3081,3102,0,3101,0,0,0,2017-04-13,32454000,3107,16,0,0,0,0,0,0,0,0,3110,1,0,0,0,0,0,0,0,0
62,2017-04-13,09:00:54,0,WH705,XZCE,3109,3098,3109,142,8808960,14122,14098,3236,2926,3081,3102,0,3101,0,0,0,2017-04-13,32454000,3108,1,0,0,0,0,0,0,0,0,3110,2,0,0,0,0,0,0,0,0
63,2017-04-13,09:00:55,0,WH705,XZCE,3109,3098,3109,142,8808960,14122,14098,3236,2926,3081,3102,0,3101,0,0,0,2017-04-13,32455000,3109,1,0,0,0,0,0,0,0,0,3110,2,0,0,0,0,0,0,0,0
64,2017-04-13,09:00:56,0,WH705,XZCE,3109,3098,3109,142,8808960,14122,14098,3236,2926,3081,3102,0,3101,0,0,0,2017-04-13,32456000,3109,4,0,0,0,0,0,0,0,0,3110,2,0,0,0,0,0,0,0,0
65,2017-04-13,09:00:56,0,WH705,XZCE,3110,3098,3110,144,8933360,14124,14098,3236,2926,3081,3102,0,3101,0,0,0,2017-04-13,32456000,3109,4,0,0,0,0,0,0,0,0,3110,1,0,0,0,0,0,0,0,0
66,2017-04-13,09:00:57,0,WH705,XZCE,3110,3098,3110,144,8933360,14124,14098,3236,2926,3081,3102,0,3101,0,0,0,2017-04-13,32457000,3109,14,0,0,0,0,0,0,0,0,3110,1,0,0,0,0,0,0,0,0
67,2017-04-13,09:00:57,0,WH705,XZCE,3110,3098,3110,146,9057760,14126,14098,3236,2926,3081,3102,0,3101,0,0,0,2017-04-13,32457000,3109,14,0,0,0,0,0,0,0,0,3112,8,0,0,0,0,0,0,0,0
68,2017-04-13,09:00:59,0,WH705,XZCE,3110,3098,3110,148,9182160,14128,14098,3236,2926,3081,3102,0,3101,0,0,0,2017-04-13,32459000,3109,14,0,0,0,0,0,0,0,0,3111,1,0,0,0,0,0,0,0,0
69,2017-04-13,09:01:01,0,WH705,XZCE,3110,3098,3110,148,9182160,14128,14098,3236,2926,3081,3102,0,3101,0,0,0,2017-04-13,32461000,3110,6,0,0,0,0,0,0,0,0,3111,1,0,0,0,0,0,0,0,0
70,2017-04-13,09:01:04,0,WH705,XZCE,3110,3098,3110,148,9182160,14128,14098,3236,2926,3081,3102,0,3101,0,0,0,2017-04-13,32464000,3110,6,0,0,0,0,0,0,0,0,3111,3,0,0,0,0,0,0,0,0
71,2017-04-13,09:01:05,0,WH705,XZCE,3110,3098,3110,148,9182160,14128,14098,3236,2926,3081,3102,0,3101,0,0,0,2017-04-13,32465000,3110,6,0,0,0,0,0,0,0,0,3111,4,0,0,0,0,0,0,0,0
72,2017-04-13,09:01:06,0,WH705,XZCE,3110,3098,3110,158,9804160,14128,14098,3236,2926,3081,3102,0,3101,0,0,0,2017-04-13,32466000,3110,1,0,0,0,0,0,0,0,0,3111,4,0,0,0,0,0,0,0,0
73,2017-04-13,09:01:07,0,WH705,XZCE,3111,3098,3111,166,10301920,14128,14098,3236,2926,3081,3102,0,3101,0,0,0,2017-04-13,32467000,3109,14,0,0,0,0,0,0,0,0,3111,1,0,0,0,0,0,0,0,0
74,2017-04-13,09:01:08,0,WH705,XZCE,3111,3098,3111,166,10301920,14128,14098,3236,2926,3081,3102,0,3101,0,0,0,2017-04-13,32468000,3109,14,0,0,0,0,0,0,0,0,3110,3,0,0,0,0,0,0,0,0
75,2017-04-13,09:01:09,0,WH705,XZCE,3111,3098,3111,170,10550800,14128,14098,3236,2926,3081,3102,0,3101,0,0,0,2017-04-13,32469000,3109,14,0,0,0,0,0,0,0,0,3110,1,0,0,0,0,0,0,0,0
76,2017-04-13,09:01:10,0,WH705,XZCE,3109,3098,3111,172,10675160,14128,14098,3236,2926,3081,3102,0,3101,0,0,0,2017-04-13,32470000,3109,13,0,0,0,0,0,0,0,0,3110,2,0,0,0,0,0,0,0,0
77,2017-04-13,09:01:10,0,WH705,XZCE,3110,3098,3111,174,10799560,14130,14098,3236,2926,3081,3102,0,3101,0,0,0,2017-04-13,32470000,3109,13,0,0,0,0,0,0,0,0,3110,1,0,0,0,0,0,0,0,0
78,2017-04-13,09:01:12,0,WH705,XZCE,3109,3098,3111,176,10923920,14132,14098,3236,2926,3081,3102,0,3101,0,0,0,2017-04-13,32472000,3109,12,0,0,0,0,0,0,0,0,3110,1,0,0,0,0,0,0,0,0
79,2017-04-13,09:01:13,0,WH705,XZCE,3109,3098,3111,186,11545720,14132,14098,3236,2926,3081,3102,0,3101,0,0,0,2017-04-13,32473000,3109,9,0,0,0,0,0,0,0,0,3110,1,0,0,0,0,0,0,0,0
80,2017-04-13,09:01:13,0,WH705,XZCE,3109,3098,3111,186,11545720,14132,14098,3236,2926,3081,3102,0,3101,0,0,0,2017-04-13,32473000,3109,9,0,0,0,0,0,0,0,0,3110,3,0,0,0,0,0,0,0,0
81,2017-04-13,09:01:14,0,WH705,XZCE,3109,3098,3111,192,11918800,14134,14098,3236,2926,3081,3102,0,3101,0,0,0,2017-04-13,32474000,3109,6,0,0,0,0,0,0,0,0,3110,3,0,0,0,0,0,0,0,0
82,2017-04-13,09:01:14,0,WH705,XZCE,3109,3098,3111,202,12540600,14144,14098,3236,2926,3081,3102,0,3101,0,0,0,2017-04-13,32474000,3109,1,0,0,0,0,0,0,0,0,3110,3,0,0,0,0,0,0,0,0
83,2017-04-13,09:01:15,0,WH705,XZCE,3109,3098,3111,204,12664960,14146,14098,3236,2926,3081,3102,0,3101,0,0,0,2017-04-13,32475000,3107,13,0,0,0,0,0,0,0,0,3109,11,0,0,0,0,0,0,0,0
84,2017-04-13,09:01:16,0,WH705,XZCE,3109,3098,3111,204,12664960,14146,14098,3236,2926,3081,3102,0,3101,0,0,0,2017-04-13,32476000,3107,13,0,0,0,0,0,0,0,0,3109,12,0,0,0,0,0,0,0,0
85,2017-04-13,09:01:19,0,WH705,XZCE,3107,3098,3111,206,12789240,14146,14098,3236,2926,3081,3102,0,3101,0,0,0,2017-04-13,32479000,3107,12,0,0,0,0,0,0,0,0,3109,13,0,0,0,0,0,0,0,0
86,2017-04-13,09:01:19,0,WH705,XZCE,3107,3098,3111,206,12789240,14146,14098,3236,2926,3081,3102,0,3101,0,0,0,2017-04-13,32479000,3107,12,0,0,0,0,0,0,0,0,3109,14,0,0,0,0,0,0,0,0
87,2017-04-13,09:01:21,0,WH705,XZCE,3107,3098,3111,206,12789240,14146,14098,3236,2926,3081,3102,0,3101,0,0,0,2017-04-13,32481000,3107,12,0,0,0,0,0,0,0,0,3108,1,0,0,0,0,0,0,0,0
88,2017-04-13,09:01:21,0,WH705,XZCE,3108,3098,3111,208,12913560,14148,14098,3236,2926,3081,3102,0,3101,0,0,0,2017-04-13,32481000,3107,12,0,0,0,0,0,0,0,0,3109,14,0,0,0,0,0,0,0,0
89,2017-04-13,09:01:23,0,WH705,XZCE,3107,3098,3111,232,14404920,14144,14098,3236,2926,3081,3102,0,3101,0,0,0,2017-04-13,32483000,3105,5,0,0,0,0,0,0,0,0,3107,1,0,0,0,0,0,0,0,0
90,2017-04-13,09:01:23,0,WH705,XZCE,3107,3098,3111,234,14529200,14142,14098,3236,2926,3081,3102,0,3101,0,0,0,2017-04-13,32483000,3105,5,0,0,0,0,0,0,0,0,3109,13,0,0,0,0,0,0,0,0
91,2017-04-13,09:01:24,0,WH705,XZCE,3107,3098,3111,234,14529200,14142,14098,3236,2926,3081,3102,0,3101,0,0,0,2017-04-13,32484000,3105,5,0,0,0,0,0,0,0,0,3107,1,0,0,0,0,0,0,0,0
92,2017-04-13,09:01:25,0,WH705,XZCE,3105,3098,3111,240,14901800,14148,14098,3236,2926,3081,3102,0,3101,0,0,0,2017-04-13,32485000,3105,2,0,0,0,0,0,0,0,0,3107,2,0,0,0,0,0,0,0,0
93,2017-04-13,09:01:26,0,WH705,XZCE,3105,3098,3111,244,15150200,14148,14098,3236,2926,3081,3102,0,3101,0,0,0,2017-04-13,32486000,3103,2,0,0,0,0,0,0,0,0,3105,1,0,0,0,0,0,0,0,0
94,2017-04-13,09:01:26,0,WH705,XZCE,3105,3098,3111,244,15150200,14148,14098,3236,2926,3081,3102,0,3101,0,0,0,2017-04-13,32486000,3103,2,0,0,0,0,0,0,0,0,3105,2,0,0,0,0,0,0,0,0
95,2017-04-13,09:01:31,0,WH705,XZCE,3105,3098,3111,248,15398600,14148,14098,3236,2926,3081,3102,0,3101,0,0,0,2017-04-13,32491000,3105,8,0,0,0,0,0,0,0,0,3107,2,0,0,0,0,0,0,0,0
96,2017-04-13,09:01:31,0,WH705,XZCE,3105,3098,3111,262,16268000,14162,14098,3236,2926,3081,3102,0,3101,0,0,0,2017-04-13,32491000,3105,1,0,0,0,0,0,0,0,0,3107,2,0,0,0,0,0,0,0,0
97,2017-04-13,09:01:38,0,WH705,XZCE,3105,3098,3111,264,16392200,14164,14098,3236,2926,3081,3102,0,3101,0,0,0,2017-04-13,32498000,3104,2,0,0,0,0,0,0,0,0,3107,2,0,0,0,0,0,0,0,0
98,2017-04-13,09:01:38,0,WH705,XZCE,3105,3098,3111,264,16392200,14164,14098,3236,2926,3081,3102,0,3101,0,0,0,2017-04-13,32498000,3104,1,0,0,0,0,0,0,0,0,3105,1,0,0,0,0,0,0,0,0
99,2017-04-13,09:01:39,0,WH705,XZCE,3105,3098,3111,266,16516400,14162,14098,3236,2926,3081,3102,0,3101,0,0,0,2017-04-13,32499000,3104,2,0,0,0,0,0,0,0,0,3107,2,0,0,0,0,0,0,0,0
100,2017-04-13,09:01:43,0,WH705,XZCE,3105,3098,3111,266,16516400,14162,14098,3236,2926,3081,3102,0,3101,0,0,0,2017-04-13,32503000,3104,1,0,0,0,0,0,0,0,0,3106,15,0,0,0,0,0,0,0,0
101,2017-04-13,09:01:43,0,WH705,XZCE,3104,3098,3111,268,16640560,14162,14098,3236,2926,3081,3102,0,3101,0,0,0,2017-04-13,32503000,3103,2,0,0,0,0,0,0,0,0,3104,5,0,0,0,0,0,0,0,0
102,2017-04-13,09:01:45,0,WH705,XZCE,3103,3098,3111,270,16764680,14162,14098,3236,2926,3081,3102,0,3101,0,0,0,2017-04-13,32505000,3103,1,0,0,0,0,0,0,0,0,3104,5,0,0,0,0,0,0,0,0
103,2017-04-13,09:01:46,0,WH705,XZCE,3103,3098,3111,270,16764680,14162,14098,3236,2926,3081,3102,0,3101,0,0,0,2017-04-13,32506000,3103,1,0,0,0,0,0,0,0,0,3104,6,0,0,0,0,0,0,0,0
104,2017-04-13,09:01:47,0,WH705,XZCE,3103,3098,3111,272,16888800,14162,14098,3236,2926,3081,3102,0,3101,0,0,0,2017-04-13,32507000,3102,4,0,0,0,0,0,0,0,0,3104,6,0,0,0,0,0,0,0,0
105,2017-04-13,09:01:50,0,WH705,XZCE,3103,3098,3111,272,16888800,14162,14098,3236,2926,3081,3102,0,3101,0,0,0,2017-04-13,32510000,3103,1,0,0,0,0,0,0,0,0,3104,6,0,0,0,0,0,0,0,0
106,2017-04-13,09:01:53,0,WH705,XZCE,3103,3098,3111,274,17012920,14162,14098,3236,2926,3081,3102,0,3101,0,0,0,2017-04-13,32513000,3102,4,0,0,0,0,0,0,0,0,3104,6,0,0,0,0,0,0,0,0
107,2017-04-13,09:01:53,0,WH705,XZCE,3103,3098,3111,274,17012920,14162,14098,3236,2926,3081,3102,0,3101,0,0,0,2017-04-13,32513000,3102,4,0,0,0,0,0,0,0,0,3103,2,0,0,0,0,0,0,0,0
108,2017-04-13,09:01:55,0,WH705,XZCE,3102,3098,3111,282,17509240,14154,14098,3236,2926,3081,3102,0,3101,0,0,0,2017-04-13,32515000,3101,1,0,0,0,0,0,0,0,0,3103,2,0,0,0,0,0,0,0,0
109,2017-04-13,09:01:56,0,WH705,XZCE,3102,3098,3111,282,17509240,14154,14098,3236,2926,3081,3102,0,3101,0,0,0,2017-04-13,32516000,3101,1,0,0,0,0,0,0,0,0,3103,3,0,0,0,0,0,0,0,0
110,2017-04-13,09:01:56,0,WH705,XZCE,3101,3098,3111,284,17633280,14156,14098,3236,2926,3081,3102,0,3101,0,0,0,2017-04-13,32516000,3099,4,0,0,0,0,0,0,0,0,3103,3,0,0,0,0,0,0,0,0
111,2017-04-13,09:01:57,0,WH705,XZCE,3103,3098,3111,288,17881520,14156,14098,3236,2926,3081,3102,0,3101,0,0,0,2017-04-13,32517000,3099,4,0,0,0,0,0,0,0,0,3103,2,0,0,0,0,0,0,0,0
112,2017-04-13,09:01:58,0,WH705,XZCE,3100,3098,3111,290,18005520,14156,14098,3236,2926,3081,3102,0,3101,0,0,0,2017-04-13,32518000,3099,4,0,0,0,0,0,0,0,0,3101,1,0,0,0,0,0,0,0,0
113,2017-04-13,09:01:59,0,WH705,XZCE,3100,3098,3111,292,18129520,14154,14098,3236,2926,3081,3102,0,3101,0,0,0,2017-04-13,32519000,3099,4,0,0,0,0,0,0,0,0,3101,1,0,0,0,0,0,0,0,0
114,2017-04-13,09:02:00,0,WH705,XZCE,3100,3098,3111,292,18129520,14154,14098,3236,2926,3081,3102,0,3101,0,0,0,2017-04-13,32520000,3100,1,0,0,0,0,0,0,0,0,3101,1,0,0,0,0,0,0,0,0
115,2017-04-13,09:02:01,0,WH705,XZCE,3100,3098,3111,292,18129520,14154,14098,3236,2926,3081,3102,0,3101,0,0,0,2017-04-13,32521000,3100,5,0,0,0,0,0,0,0,0,3101,1,0,0,0,0,0,0,0,0
116,2017-04-13,09:02:02,0,WH705,XZCE,3100,3098,3111,302,18749520,14154,14098,3236,2926,3081,3102,0,3101,0,0,0,2017-04-13,32522000,3099,4,0,0,0,0,0,0,0,0,3101,1,0,0,0,0,0,0,0,0
117,2017-04-13,09:02:02,0,WH705,XZCE,3100,3098,3111,302,18749520,14154,14098,3236,2926,3081,3102,0,3101,0,0,0,2017-04-13,32522000,3100,1,0,0,0,0,0,0,0,0,3101,1,0,0,0,0,0,0,0,0
118,2017-04-13,09:02:08,0,WH705,XZCE,3100,3098,3111,304,18873520,14154,14098,3236,2926,3081,3102,0,3101,0,0,0,2017-04-13,32528000,3099,4,0,0,0,0,0,0,0,0,3101,1,0,0,0,0,0,0,0,0
119,2017-04-13,09:02:09,0,WH705,XZCE,3100,3098,3111,304,18873520,14154,14098,3236,2926,3081,3102,0,3101,0,0,0,2017-04-13,32529000,3099,5,0,0,0,0,0,0,0,0,3101,2,0,0,0,0,0,0,0,0
120,2017-04-13,09:02:13,0,WH705,XZCE,3099,3098,3111,306,18997480,14154,14098,3236,2926,3081,3102,0,3101,0,0,0,2017-04-13,32533000,3099,4,0,0,0,0,0,0,0,0,3101,3,0,0,0,0,0,0,0,0
121,2017-04-13,09:02:15,0,WH705,XZCE,3099,3098,3111,306,18997480,14154,14098,3236,2926,3081,3102,0,3101,0,0,0,2017-04-13,32535000,3099,4,0,0,0,0,0,0,0,0,3100,10,0,0,0,0,0,0,0,0
122,2017-04-13,09:02:17,0,WH705,XZCE,3099,3098,3111,310,19245400,14154,14098,3236,2926,3081,3102,0,3101,0,0,0,2017-04-13,32537000,3099,2,0,0,0,0,0,0,0,0,3100,10,0,0,0,0,0,0,0,0
123,2017-04-13,09:02:17,0,WH705,XZCE,3099,3098,3111,310,19245400,14154,14098,3236,2926,3081,3102,0,3101,0,0,0,2017-04-13,32537000,3099,2,0,0,0,0,0,0,0,0,3100,11,0,0,0,0,0,0,0,0
124,2017-04-13,09:02:18,0,WH705,XZCE,3099,3098,3111,314,19493320,14154,14098,3236,2926,3081,3102,0,3101,0,0,0,2017-04-13,32538000,3098,2,0,0,0,0,0,0,0,0,3099,2,0,0,0,0,0,0,0,0
125,2017-04-13,09:02:19,0,WH705,XZCE,3099,3098,3111,314,19493320,14154,14098,3236,2926,3081,3102,0,3101,0,0,0,2017-04-13,32539000,3098,2,0,0,0,0,0,0,0,0,3099,3,0,0,0,0,0,0,0,0
126,2017-04-13,09:02:19,0,WH705,XZCE,3099,3098,3111,314,19493320,14154,14098,3236,2926,3081,3102,0,3101,0,0,0,2017-04-13,32539000,3098,2,0,0,0,0,0,0,0,0,3099,8,0,0,0,0,0,0,0,0
127,2017-04-13,09:02:19,0,WH705,XZCE,3099,3098,3111,314,19493320,14154,14098,3236,2926,3081,3102,0,3101,0,0,0,2017-04-13,32539000,3098,2,0,0,0,0,0,0,0,0,3099,9,0,0,0,0,0,0,0,0
128,2017-04-13,09:02:20,0,WH705,XZCE,3099,3098,3111,314,19493320,14154,14098,3236,2926,3081,3102,0,3101,0,0,0,2017-04-13,32540000,3098,2,0,0,0,0,0,0,0,0,3099,8,0,0,0,0,0,0,0,0
129,2017-04-13,09:02:26,0,WH705,XZCE,3098,3098,3111,318,19741160,14154,14098,3236,2926,3081,3102,0,3101,0,0,0,2017-04-13,32546000,3097,2,0,0,0,0,0,0,0,0,3099,11,0,0,0,0,0,0,0,0
130,2017-04-13,09:02:27,0,WH705,XZCE,3099,3098,3111,324,20113040,14150,14098,3236,2926,3081,3102,0,3101,0,0,0,2017-04-13,32547000,3097,3,0,0,0,0,0,0,0,0,3099,8,0,0,0,0,0,0,0,0
131,2017-04-13,09:02:27,0,WH705,XZCE,3097,3097,3111,328,20360800,14150,14098,3236,2926,3081,3102,0,3101,0,0,0,2017-04-13,32547000,3097,1,0,0,0,0,0,0,0,0,3099,9,0,0,0,0,0,0,0,0
132,2017-04-13,09:02:27,0,WH705,XZCE,3097,3097,3111,330,20484680,14152,14098,3236,2926,3081,3102,0,3101,0,0,0,2017-04-13,32547000,3096,11,0,0,0,0,0,0,0,0,3099,9,0,0,0,0,0,0,0,0
133,2017-04-13,09:02:28,0,WH705,XZCE,3099,3097,3111,334,20732600,14148,14098,3236,2926,3081,3102,0,3101,0,0,0,2017-04-13,32548000,3096,11,0,0,0,0,0,0,0,0,3099,7,0,0,0,0,0,0,0,0
134,2017-04-13,09:02:29,0,WH705,XZCE,3099,3097,3111,334,20732600,14148,14098,3236,2926,3081,3102,0,3101,0,0,0,2017-04-13,32549000,3096,11,0,0,0,0,0,0,0,0,3098,1,0,0,0,0,0,0,0,0
135,2017-04-13,09:02:31,0,WH705,XZCE,3099,3097,3111,334,20732600,14148,14098,3236,2926,3081,3102,0,3101,0,0,0,2017-04-13,32551000,3097,3,0,0,0,0,0,0,0,0,3098,1,0,0,0,0,0,0,0,0
136,2017-04-13,09:02:31,0,WH705,XZCE,3097,3097,3111,336,20856480,14148,14098,3236,2926,3081,3102,0,3101,0,0,0,2017-04-13,32551000,3097,2,0,0,0,0,0,0,0,0,3098,1,0,0,0,0,0,0,0,0
137,2017-04-13,09:02:32,0,WH705,XZCE,3097,3097,3111,340,21104240,14146,14098,3236,2926,3081,3102,0,3101,0,0,0,2017-04-13,32552000,3096,11,0,0,0,0,0,0,0,0,3098,3,0,0,0,0,0,0,0,0
138,2017-04-13,09:02:35,0,WH705,XZCE,3097,3097,3111,340,21104240,14146,14098,3236,2926,3081,3102,0,3101,0,0,0,2017-04-13,32555000,3097,1,0,0,0,0,0,0,0,0,3098,3,0,0,0,0,0,0,0,0
139,2017-04-13,09:02:36,0,WH705,XZCE,3097,3097,3111,340,21104240,14146,14098,3236,2926,3081,3102,0,3101,0,0,0,2017-04-13,32556000,3097,1,0,0,0,0,0,0,0,0,3098,4,0,0,0,0,0,0,0,0
140,2017-04-13,09:02:39,0,WH705,XZCE,3097,3097,3111,340,21104240,14146,14098,3236,2926,3081,3102,0,3101,0,0,0,2017-04-13,32559000,3097,1,0,0,0,0,0,0,0,0,3098,9,0,0,0,0,0,0,0,0
141,2017-04-13,09:02:41,0,WH705,XZCE,3097,3097,3111,344,21352000,14146,14098,3236,2926,3081,3102,0,3101,0,0,0,2017-04-13,32561000,3096,11,0,0,0,0,0,0,0,0,3097,3,0,0,0,0,0,0,0,0
142,2017-04-13,09:02:43,0,WH705,XZCE,3096,3096,3111,346,21475840,14148,14098,3236,2926,3081,3102,0,3101,0,0,0,2017-04-13,32563000,3096,10,0,0,0,0,0,0,0,0,3097,3,0,0,0,0,0,0,0,0
143,2017-04-13,09:02:44,0,WH705,XZCE,3096,3096,3111,348,21599680,14150,14098,3236,2926,3081,3102,0,3101,0,0,0,2017-04-13,32564000,3096,9,0,0,0,0,0,0,0,0,3097,3,0,0,0,0,0,0,0,0
144,2017-04-13,09:02:44,0,WH705,XZCE,3096,3096,3111,366,22714240,14160,14098,3236,2926,3081,3102,0,3101,0,0,0,2017-04-13,32564000,3095,2,0,0,0,0,0,0,0,0,3097,3,0,0,0,0,0,0,0,0
145,2017-04-13,09:02:45,0,WH705,XZCE,3096,3096,3111,366,22714240,14160,14098,3236,2926,3081,3102,0,3101,0,0,0,2017-04-13,32565000,3095,3,0,0,0,0,0,0,0,0,3096,2,0,0,0,0,0,0,0,0
146,2017-04-13,09:02:46,0,WH705,XZCE,3096,3096,3111,366,22714240,14160,14098,3236,2926,3081,3102,0,3101,0,0,0,2017-04-13,32566000,3095,3,0,0,0,0,0,0,0,0,3096,1,0,0,0,0,0,0,0,0
147,2017-04-13,09:02:46,0,WH705,XZCE,3095,3095,3111,372,23085640,14160,14098,3236,2926,3081,3102,0,3101,0,0,0,2017-04-13,32566000,3094,1,0,0,0,0,0,0,0,0,3096,1,0,0,0,0,0,0,0,0
148,2017-04-13,09:02:48,0,WH705,XZCE,3094,3094,3111,374,23209400,14160,14098,3236,2926,3081,3102,0,3101,0,0,0,2017-04-13,32568000,3088,4,0,0,0,0,0,0,0,0,3096,2,0,0,0,0,0,0,0,0
149,2017-04-13,09:02:49,0,WH705,XZCE,3094,3094,3111,374,23209400,14160,14098,3236,2926,3081,3102,0,3101,0,0,0,2017-04-13,32569000,3089,1,0,0,0,0,0,0,0,0,3096,2,0,0,0,0,0,0,0,0
150,2017-04-13,09:02:50,0,WH705,XZCE,3094,3094,3111,374,23209400,14160,14098,3236,2926,3081,3102,0,3101,0,0,0,2017-04-13,32570000,3090,3,0,0,0,0,0,0,0,0,3096,2,0,0,0,0,0,0,0,0
151,2017-04-13,09:02:51,0,WH705,XZCE,3094,3094,3111,374,23209400,14160,14098,3236,2926,3081,3102,0,3101,0,0,0,2017-04-13,32571000,3091,3,0,0,0,0,0,0,0,0,3096,2,0,0,0,0,0,0,0,0
152,2017-04-13,09:02:53,0,WH705,XZCE,3094,3094,3111,374,23209400,14160,14098,3236,2926,3081,3102,0,3101,0,0,0,2017-04-13,32573000,3092,3,0,0,0,0,0,0,0,0,3096,2,0,0,0,0,0,0,0,0
153,2017-04-13,09:02:54,0,WH705,XZCE,3094,3094,3111,374,23209400,14160,14098,3236,2926,3081,3102,0,3101,0,0,0,2017-04-13,32574000,3092,3,0,0,0,0,0,0,0,0,3096,1,0,0,0,0,0,0,0,0
154,2017-04-13,09:02:54,0,WH705,XZCE,3094,3094,3111,374,23209400,14160,14098,3236,2926,3081,3102,0,3101,0,0,0,2017-04-13,32574000,3092,3,0,0,0,0,0,0,0,0,3095,2,0,0,0,0,0,0,0,0
155,2017-04-13,09:02:55,0,WH705,XZCE,3094,3094,3111,374,23209400,14160,14098,3236,2926,3081,3102,0,3101,0,0,0,2017-04-13,32575000,3092,3,0,0,0,0,0,0,0,0,3094,1,0,0,0,0,0,0,0,0
156,2017-04-13,09:02:58,0,WH705,XZCE,3092,3092,3111,376,23333080,14158,14098,3236,2926,3081,3102,0,3101,0,0,0,2017-04-13,32578000,3092,2,0,0,0,0,0,0,0,0,3094,1,0,0,0,0,0,0,0,0
157,2017-04-13,09:02:59,0,WH705,XZCE,3094,3092,3111,378,23456840,14156,14098,3236,2926,3081,3102,0,3101,0,0,0,2017-04-13,32579000,3092,2,0,0,0,0,0,0,0,0,3095,5,0,0,0,0,0,0,0,0
158,2017-04-13,09:02:59,0,WH705,XZCE,3094,3092,3111,378,23456840,14156,14098,3236,2926,3081,3102,0,3101,0,0,0,2017-04-13,32579000,3094,1,0,0,0,0,0,0,0,0,3095,4,0,0,0,0,0,0,0,0
159,2017-04-13,09:02:59,0,WH705,XZCE,3094,3092,3111,378,23456840,14156,14098,3236,2926,3081,3102,0,3101,0,0,0,2017-04-13,32579000,3094,3,0,0,0,0,0,0,0,0,3095,4,0,0,0,0,0,0,0,0
160,2017-04-13,09:03:00,0,WH705,XZCE,3095,3092,3111,380,23580640,14156,14098,3236,2926,3081,3102,0,3101,0,0,0,2017-04-13,32580000,3094,3,0,0,0,0,0,0,0,0,3095,4,0,0,0,0,0,0,0,0
161,2017-04-13,09:03:00,0,WH705,XZCE,3095,3092,3111,382,23704440,14156,14098,3236,2926,3081,3102,0,3101,0,0,0,2017-04-13,32580000,3094,3,0,0,0,0,0,0,0,0,3095,3,0,0,0,0,0,0,0,0
162,2017-04-13,09:03:02,0,WH705,XZCE,3095,3092,3111,388,24075840,14154,14098,3236,2926,3081,3102,0,3101,0,0,0,2017-04-13,32582000,3094,3,0,0,0,0,0,0,0,0,3097,1,0,0,0,0,0,0,0,0
163,2017-04-13,09:03:02,0,WH705,XZCE,3095,3092,3111,388,24075840,14154,14098,3236,2926,3081,3102,0,3101,0,0,0,2017-04-13,32582000,3094,3,0,0,0,0,0,0,0,0,3097,2,0,0,0,0,0,0,0,0
164,2017-04-13,09:03:04,0,WH705,XZCE,3094,3092,3111,396,24570880,14154,14098,3236,2926,3081,3102,0,3101,0,0,0,2017-04-13,32584000,3093,1,0,0,0,0,0,0,0,0,3094,1,0,0,0,0,0,0,0,0
165,2017-04-13,09:03:04,0,WH705,XZCE,3094,3092,3111,398,24694640,14154,14098,3236,2926,3081,3102,0,3101,0,0,0,2017-04-13,32584000,3094,3,0,0,0,0,0,0,0,0,3097,2,0,0,0,0,0,0,0,0
166,2017-04-13,09:03:06,0,WH705,XZCE,3094,3092,3111,400,24818400,14156,14098,3236,2926,3081,3102,0,3101,0,0,0,2017-04-13,32586000,3094,2,0,0,0,0,0,0,0,0,3097,2,0,0,0,0,0,0,0,0
167,2017-04-13,09:03:09,0,WH705,XZCE,3097,3092,3111,402,24942280,14154,14098,3236,2926,3081,3102,0,3101,0,0,0,2017-04-13,32589000,3094,3,0,0,0,0,0,0,0,0,3097,1,0,0,0,0,0,0,0,0
168,2017-04-13,09:03:09,0,WH705,XZCE,3097,3092,3111,402,24942280,14154,14098,3236,2926,3081,3102,0,3101,0,0,0,2017-04-13,32589000,3095,1,0,0,0,0,0,0,0,0,3096,1,0,0,0,0,0,0,0,0
169,2017-04-13,09:03:13,0,WH705,XZCE,3097,3092,3111,402,24942280,14154,14098,3236,2926,3081,3102,0,3101,0,0,0,2017-04-13,32593000,3095,3,0,0,0,0,0,0,0,0,3096,1,0,0,0,0,0,0,0,0
170,2017-04-13,09:03:14,0,WH705,XZCE,3096,3092,3111,404,25066120,14156,14098,3236,2926,3081,3102,0,3101,0,0,0,2017-04-13,32594000,3095,3,0,0,0,0,0,0,0,0,3097,1,0,0,0,0,0,0,0,0
171,2017-04-13,09:03:15,0,WH705,XZCE,3096,3092,3111,404,25066120,14156,14098,3236,2926,3081,3102,0,3101,0,0,0,2017-04-13,32595000,3096,1,0,0,0,0,0,0,0,0,3098,3,0,0,0,0,0,0,0,0
172,2017-04-13,09:03:16,0,WH705,XZCE,3096,3092,3111,404,25066120,14156,14098,3236,2926,3081,3102,0,3101,0,0,0,2017-04-13,32596000,3096,2,0,0,0,0,0,0,0,0,3098,3,0,0,0,0,0,0,0,0
173,2017-04-13,09:03:17,0,WH705,XZCE,3096,3092,3111,404,25066120,14156,14098,3236,2926,3081,3102,0,3101,0,0,0,2017-04-13,32597000,3096,1,0,0,0,0,0,0,0,0,3098,3,0,0,0,0,0,0,0,0
174,2017-04-13,09:03:18,0,WH705,XZCE,3096,3092,3111,404,25066120,14156,14098,3236,2926,3081,3102,0,3101,0,0,0,2017-04-13,32598000,3096,2,0,0,0,0,0,0,0,0,3098,3,0,0,0,0,0,0,0,0
175,2017-04-13,09:03:21,0,WH705,XZCE,3096,3092,3111,406,25189960,14156,14098,3236,2926,3081,3102,0,3101,0,0,0,2017-04-13,32601000,3096,1,0,0,0,0,0,0,0,0,3098,3,0,0,0,0,0,0,0,0
176,2017-04-13,09:03:22,0,WH705,XZCE,3096,3092,3111,408,25313800,14156,14098,3236,2926,3081,3102,0,3101,0,0,0,2017-04-13,32602000,3095,2,0,0,0,0,0,0,0,0,3098,3,0,0,0,0,0,0,0,0
177,2017-04-13,09:03:23,0,WH705,XZCE,3096,3092,3111,408,25313800,14156,14098,3236,2926,3081,3102,0,3101,0,0,0,2017-04-13,32603000,3095,2,0,0,0,0,0,0,0,0,3096,10,0,0,0,0,0,0,0,0
178,2017-04-13,09:03:23,0,WH705,XZCE,3096,3092,3111,410,25437640,14156,14098,3236,2926,3081,3102,0,3101,0,0,0,2017-04-13,32603000,3095,2,0,0,0,0,0,0,0,0,3096,9,0,0,0,0,0,0,0,0
179,2017-04-13,09:03:25,0,WH705,XZCE,3096,3092,3111,416,25809160,14162,14098,3236,2926,3081,3102,0,3101,0,0,0,2017-04-13,32605000,3095,2,0,0,0,0,0,0,0,0,3096,6,0,0,0,0,0,0,0,0
180,2017-04-13,09:03:29,0,WH705,XZCE,3096,3092,3111,418,25933000,14164,14098,3236,2926,3081,3102,0,3101,0,0,0,2017-04-13,32609000,3095,2,0,0,0,0,0,0,0,0,3096,5,0,0,0,0,0,0,0,0
181,2017-04-13,09:03:29,0,WH705,XZCE,3095,3092,3111,420,26056800,14164,14098,3236,2926,3081,3102,0,3101,0,0,0,2017-04-13,32609000,3095,1,0,0,0,0,0,0,0,0,3096,5,0,0,0,0,0,0,0,0
182,2017-04-13,09:03:31,0,WH705,XZCE,3095,3092,3111,422,26180600,14166,14098,3236,2926,3081,3102,0,3101,0,0,0,2017-04-13,32611000,3094,5,0,0,0,0,0,0,0,0,3095,1,0,0,0,0,0,0,0,0
183,2017-04-13,09:03:38,0,WH705,XZCE,3095,3092,3111,422,26180600,14166,14098,3236,2926,3081,3102,0,3101,0,0,0,2017-04-13,32618000,3094,7,0,0,0,0,0,0,0,0,3095,1,0,0,0,0,0,0,0,0
184,2017-04-13,09:03:39,0,WH705,XZCE,3095,3092,3111,424,26304400,14166,14098,3236,2926,3081,3102,0,3101,0,0,0,2017-04-13,32619000,3095,1,0,0,0,0,0,0,0,0,3096,5,0,0,0,0,0,0,0,0
185,2017-04-13,09:03:42,0,WH705,XZCE,3094,3092,3111,430,26675680,14170,14098,3236,2926,3081,3102,0,3101,0,0,0,2017-04-13,32622000,3094,5,0,0,0,0,0,0,0,0,3096,5,0,0,0,0,0,0,0,0
186,2017-04-13,09:03:47,0,WH705,XZCE,3094,3092,3111,430,26675680,14170,14098,3236,2926,3081,3102,0,3101,0,0,0,2017-04-13,32627000,3094,5,0,0,0,0,0,0,0,0,3096,6,0,0,0,0,0,0,0,0
187,2017-04-13,09:03:49,0,WH705,XZCE,3094,3092,3111,432,26799440,14172,14098,3236,2926,3081,3102,0,3101,0,0,0,2017-04-13,32629000,3094,4,0,0,0,0,0,0,0,0,3096,6,0,0,0,0,0,0,0,0
188,2017-04-13,09:03:54,0,WH705,XZCE,3094,3092,3111,440,27294480,14178,14098,3236,2926,3081,3102,0,3101,0,0,0,2017-04-13,32634000,3093,2,0,0,0,0,0,0,0,0,3094,6,0,0,0,0,0,0,0,0
189,2017-04-13,09:03:57,0,WH705,XZCE,3094,3092,3111,442,27418240,14178,14098,3236,2926,3081,3102,0,3101,0,0,0,2017-04-13,32637000,3093,2,0,0,0,0,0,0,0,0,3094,5,0,0,0,0,0,0,0,0
190,2017-04-13,09:03:58,0,WH705,XZCE,3094,3092,3111,442,27418240,14178,14098,3236,2926,3081,3102,0,3101,0,0,0,2017-04-13,32638000,3093,1,0,0,0,0,0,0,0,0,3094,5,0,0,0,0,0,0,0,0
191,2017-04-13,09:04:03,0,WH705,XZCE,3093,3092,3111,444,27541960,14180,14098,3236,2926,3081,3102,0,3101,0,0,0,2017-04-13,32643000,3092,12,0,0,0,0,0,0,0,0,3094,5,0,0,0,0,0,0,0,0
192,2017-04-13,09:04:06,0,WH705,XZCE,3093,3092,3111,444,27541960,14180,14098,3236,2926,3081,3102,0,3101,0,0,0,2017-04-13,32646000,3092,12,0,0,0,0,0,0,0,0,3094,12,0,0,0,0,0,0,0,0
193,2017-04-13,09:04:08,0,WH705,XZCE,3093,3092,3111,444,27541960,14180,14098,3236,2926,3081,3102,0,3101,0,0,0,2017-04-13,32648000,3093,1,0,0,0,0,0,0,0,0,3094,12,0,0,0,0,0,0,0,0
194,2017-04-13,09:04:14,0,WH705,XZCE,3093,3092,3111,446,27665680,14180,14098,3236,2926,3081,3102,0,3101,0,0,0,2017-04-13,32654000,3092,12,0,0,0,0,0,0,0,0,3094,12,0,0,0,0,0,0,0,0
195,2017-04-13,09:04:16,0,WH705,XZCE,3092,3092,3111,448,27789360,14178,14098,3236,2926,3081,3102,0,3101,0,0,0,2017-04-13,32656000,3092,11,0,0,0,0,0,0,0,0,3094,12,0,0,0,0,0,0,0,0
196,2017-04-13,09:04:16,0,WH705,XZCE,3092,3092,3111,448,27789360,14178,14098,3236,2926,3081,3102,0,3101,0,0,0,2017-04-13,32656000,3093,2,0,0,0,0,0,0,0,0,3094,12,0,0,0,0,0,0,0,0
197,2017-04-13,09:04:19,0,WH705,XZCE,3092,3092,3111,448,27789360,14178,14098,3236,2926,3081,3102,0,3101,0,0,0,2017-04-13,32659000,3093,3,0,0,0,0,0,0,0,0,3094,12,0,0,0,0,0,0,0,0
198,2017-04-13,09:04:20,0,WH705,XZCE,3092,3092,3111,448,27789360,14178,14098,3236,2926,3081,3102,0,3101,0,0,0,2017-04-13,32660000,3093,3,0,0,0,0,0,0,0,0,3094,13,0,0,0,0,0,0,0,0
199,2017-04-13,09:04:24,0,WH705,XZCE,3092,3092,3111,448,27789360,14178,14098,3236,2926,3081,3102,0,3101,0,0,0,2017-04-13,32664000,3093,4,0,0,0,0,0,0,0,0,3094,13,0,0,0,0,0,0,0,0
200,2017-04-13,09:04:25,0,WH705,XZCE,3093,3092,3111,450,27913080,14176,14098,3236,2926,3081,3102,0,3101,0,0,0,2017-04-13,32665000,3093,3,0,0,0,0,0,0,0,0,3094,13,0,0,0,0,0,0,0,0
201,2017-04-13,09:04:25,0,WH705,XZCE,3094,3092,3111,454,28160600,14176,14098,3236,2926,3081,3102,0,3101,0,0,0,2017-04-13,32665000,3093,3,0,0,0,0,0,0,0,0,3094,11,0,0,0,0,0,0,0,0
202,2017-04-13,09:04:29,0,WH705,XZCE,3094,3092,3111,454,28160600,14176,14098,3236,2926,3081,3102,0,3101,0,0,0,2017-04-13,32669000,3093,4,0,0,0,0,0,0,0,0,3094,11,0,0,0,0,0,0,0,0
203,2017-04-13,09:04:30,0,WH705,XZCE,3094,3092,3111,456,28284360,14178,14098,3236,2926,3081,3102,0,3101,0,0,0,2017-04-13,32670000,3093,4,0,0,0,0,0,0,0,0,3094,10,0,0,0,0,0,0,0,0
204,2017-04-13,09:04:35,0,WH705,XZCE,3094,3092,3111,458,28408120,14178,14098,3236,2926,3081,3102,0,3101,0,0,0,2017-04-13,32675000,3093,4,0,0,0,0,0,0,0,0,3094,9,0,0,0,0,0,0,0,0
205,2017-04-13,09:04:36,0,WH705,XZCE,3094,3092,3111,458,28408120,14178,14098,3236,2926,3081,3102,0,3101,0,0,0,2017-04-13,32676000,3093,3,0,0,0,0,0,0,0,0,3094,2,0,0,0,0,0,0,0,0
206,2017-04-13,09:04:36,0,WH705,XZCE,3094,3092,3111,460,28531880,14180,14098,3236,2926,3081,3102,0,3101,0,0,0,2017-04-13,32676000,3093,3,0,0,0,0,0,0,0,0,3094,1,0,0,0,0,0,0,0,0
207,2017-04-13,09:04:37,0,WH705,XZCE,3095,3092,3111,464,28779480,14182,14098,3236,2926,3081,3102,0,3101,0,0,0,2017-04-13,32677000,3094,3,0,0,0,0,0,0,0,0,3096,6,0,0,0,0,0,0,0,0
208,2017-04-13,09:04:37,0,WH705,XZCE,3095,3092,3111,464,28779480,14182,14098,3236,2926,3081,3102,0,3101,0,0,0,2017-04-13,32677000,3094,4,0,0,0,0,0,0,0,0,3096,6,0,0,0,0,0,0,0,0
209,2017-04-13,09:04:37,0,WH705,XZCE,3096,3092,3111,466,28903320,14182,14098,3236,2926,3081,3102,0,3101,0,0,0,2017-04-13,32677000,3094,5,0,0,0,0,0,0,0,0,3096,5,0,0,0,0,0,0,0,0
210,2017-04-13,09:04:40,0,WH705,XZCE,3096,3092,3111,466,28903320,14182,14098,3236,2926,3081,3102,0,3101,0,0,0,2017-04-13,32680000,3094,5,0,0,0,0,0,0,0,0,3096,6,0,0,0,0,0,0,0,0
211,2017-04-13,09:04:41,0,WH705,XZCE,3096,3092,3111,468,29027160,14182,14098,3236,2926,3081,3102,0,3101,0,0,0,2017-04-13,32681000,3094,5,0,0,0,0,0,0,0,0,3096,5,0,0,0,0,0,0,0,0
212,2017-04-13,09:04:50,0,WH705,XZCE,3096,3092,3111,468,29027160,14182,14098,3236,2926,3081,3102,0,3101,0,0,0,2017-04-13,32690000,3094,4,0,0,0,0,0,0,0,0,3096,5,0,0,0,0,0,0,0,0
213,2017-04-13,09:04:53,0,WH705,XZCE,3096,3092,3111,468,29027160,14182,14098,3236,2926,3081,3102,0,3101,0,0,0,2017-04-13,32693000,3094,3,0,0,0,0,0,0,0,0,3096,5,0,0,0,0,0,0,0,0
214,2017-04-13,09:04:55,0,WH705,XZCE,3096,3092,3111,468,29027160,14182,14098,3236,2926,3081,3102,0,3101,0,0,0,2017-04-13,32695000,3094,3,0,0,0,0,0,0,0,0,3096,12,0,0,0,0,0,0,0,0
215,2017-04-13,09:05:00,0,WH705,XZCE,3096,3092,3111,468,29027160,14182,14098,3236,2926,3081,3102,0,3101,0,0,0,2017-04-13,32700000,3094,1,0,0,0,0,0,0,0,0,3096,12,0,0,0,0,0,0,0,0
216,2017-04-13,09:05:03,0,WH705,XZCE,3096,3092,3111,470,29151000,14182,14098,3236,2926,3081,3102,0,3101,0,0,0,2017-04-13,32703000,3094,1,0,0,0,0,0,0,0,0,3096,11,0,0,0,0,0,0,0,0
217,2017-04-13,09:05:05,0,WH705,XZCE,3096,3092,3111,470,29151000,14182,14098,3236,2926,3081,3102,0,3101,0,0,0,2017-04-13,32705000,3094,2,0,0,0,0,0,0,0,0,3096,11,0,0,0,0,0,0,0,0
218,2017-04-13,09:05:06,0,WH705,XZCE,3096,3092,3111,470,29151000,14182,14098,3236,2926,3081,3102,0,3101,0,0,0,2017-04-13,32706000,3094,3,0,0,0,0,0,0,0,0,3095,1,0,0,0,0,0,0,0,0
219,2017-04-13,09:05:06,0,WH705,XZCE,3096,3092,3111,470,29151000,14182,14098,3236,2926,3081,3102,0,3101,0,0,0,2017-04-13,32706000,3094,4,0,0,0,0,0,0,0,0,3095,1,0,0,0,0,0,0,0,0
220,2017-04-13,09:05:07,0,WH705,XZCE,3096,3092,3111,470,29151000,14182,14098,3236,2926,3081,3102,0,3101,0,0,0,2017-04-13,32707000,3094,5,0,0,0,0,0,0,0,0,3095,1,0,0,0,0,0,0,0,0
221,2017-04-13,09:05:07,0,WH705,XZCE,3096,3092,3111,470,29151000,14182,14098,3236,2926,3081,3102,0,3101,0,0,0,2017-04-13,32707000,3094,6,0,0,0,0,0,0,0,0,3095,1,0,0,0,0,0,0,0,0
222,2017-04-13,09:05:09,0,WH705,XZCE,3096,3092,3111,470,29151000,14182,14098,3236,2926,3081,3102,0,3101,0,0,0,2017-04-13,32709000,3094,9,0,0,0,0,0,0,0,0,3095,1,0,0,0,0,0,0,0,0
223,2017-04-13,09:05:10,0,WH705,XZCE,3094,3092,3111,488,30264840,14192,14098,3236,2926,3081,3102,0,3101,0,0,0,2017-04-13,32710000,3093,5,0,0,0,0,0,0,0,0,3094,1,0,0,0,0,0,0,0,0
224,2017-04-13,09:05:14,0,WH705,XZCE,3094,3092,3111,488,30264840,14192,14098,3236,2926,3081,3102,0,3101,0,0,0,2017-04-13,32714000,3093,4,0,0,0,0,0,0,0,0,3094,1,0,0,0,0,0,0,0,0
225,2017-04-13,09:05:14,0,WH705,XZCE,3094,3092,3111,488,30264840,14192,14098,3236,2926,3081,3102,0,3101,0,0,0,2017-04-13,32714000,3093,5,0,0,0,0,0,0,0,0,3094,2,0,0,0,0,0,0,0,0
226,2017-04-13,09:05:15,0,WH705,XZCE,3094,3092,3111,488,30264840,14192,14098,3236,2926,3081,3102,0,3101,0,0,0,2017-04-13,32715000,3093,6,0,0,0,0,0,0,0,0,3094,2,0,0,0,0,0,0,0,0
227,2017-04-13,09:05:15,0,WH705,XZCE,3093,3092,3111,490,30388560,14192,14098,3236,2926,3081,3102,0,3101,0,0,0,2017-04-13,32715000,3093,5,0,0,0,0,0,0,0,0,3094,2,0,0,0,0,0,0,0,0
228,2017-04-13,09:05:19,0,WH705,XZCE,3094,3092,3111,492,30512320,14194,14098,3236,2926,3081,3102,0,3101,0,0,0,2017-04-13,32719000,3093,5,0,0,0,0,0,0,0,0,3094,1,0,0,0,0,0,0,0,0
229,2017-04-13,09:05:22,0,WH705,XZCE,3094,3092,3111,494,30636080,14194,14098,3236,2926,3081,3102,0,3101,0,0,0,2017-04-13,32722000,3093,5,0,0,0,0,0,0,0,0,3095,3,0,0,0,0,0,0,0,0
230,2017-04-13,09:05:31,0,WH705,XZCE,3094,3092,3111,494,30636080,14194,14098,3236,2926,3081,3102,0,3101,0,0,0,2017-04-13,32731000,3093,5,0,0,0,0,0,0,0,0,3095,4,0,0,0,0,0,0,0,0
231,2017-04-13,09:05:36,0,WH705,XZCE,3094,3092,3111,494,30636080,14194,14098,3236,2926,3081,3102,0,3101,0,0,0,2017-04-13,32736000,3094,1,0,0,0,0,0,0,0,0,3095,4,0,0,0,0,0,0,0,0
232,2017-04-13,09:05:38,0,WH705,XZCE,3094,3092,3111,496,30759840,14192,14098,3236,2926,3081,3102,0,3101,0,0,0,2017-04-13,32738000,3093,4,0,0,0,0,0,0,0,0,3095,4,0,0,0,0,0,0,0,0
233,2017-04-13,09:05:39,0,WH705,XZCE,3094,3092,3111,496,30759840,14192,14098,3236,2926,3081,3102,0,3101,0,0,0,2017-04-13,32739000,3093,5,0,0,0,0,0,0,0,0,3095,4,0,0,0,0,0,0,0,0
234,2017-04-13,09:05:43,0,WH705,XZCE,3094,3092,3111,496,30759840,14192,14098,3236,2926,3081,3102,0,3101,0,0,0,2017-04-13,32743000,3093,5,0,0,0,0,0,0,0,0,3095,5,0,0,0,0,0,0,0,0
235,2017-04-13,09:05:43,0,WH705,XZCE,3094,3092,3111,496,30759840,14192,14098,3236,2926,3081,3102,0,3101,0,0,0,2017-04-13,32743000,3093,5,0,0,0,0,0,0,0,0,3095,12,0,0,0,0,0,0,0,0
236,2017-04-13,09:05:47,0,WH705,XZCE,3094,3092,3111,496,30759840,14192,14098,3236,2926,3081,3102,0,3101,0,0,0,2017-04-13,32747000,3093,5,0,0,0,0,0,0,0,0,3094,2,0,0,0,0,0,0,0,0
237,2017-04-13,09:05:48,0,WH705,XZCE,3094,3092,3111,496,30759840,14192,14098,3236,2926,3081,3102,0,3101,0,0,0,2017-04-13,32748000,3093,5,0,0,0,0,0,0,0,0,3094,3,0,0,0,0,0,0,0,0
238,2017-04-13,09:05:49,0,WH705,XZCE,3094,3092,3111,496,30759840,14192,14098,3236,2926,3081,3102,0,3101,0,0,0,2017-04-13,32749000,3093,5,0,0,0,0,0,0,0,0,3094,2,0,0,0,0,0,0,0,0
239,2017-04-13,09:05:51,0,WH705,XZCE,3094,3092,3111,498,30883600,14192,14098,3236,2926,3081,3102,0,3101,0,0,0,2017-04-13,32751000,3093,5,0,0,0,0,0,0,0,0,3094,1,0,0,0,0,0,0,0,0
240,2017-04-13,09:05:52,0,WH705,XZCE,3094,3092,3111,498,30883600,14192,14098,3236,2926,3081,3102,0,3101,0,0,0,2017-04-13,32752000,3093,5,0,0,0,0,0,0,0,0,3094,2,0,0,0,0,0,0,0,0
241,2017-04-13,09:05:54,0,WH705,XZCE,3094,3092,3111,500,31007360,14190,14098,3236,2926,3081,3102,0,3101,0,0,0,2017-04-13,32754000,3093,5,0,0,0,0,0,0,0,0,3094,2,0,0,0,0,0,0,0,0
242,2017-04-13,09:05:55,0,WH705,XZCE,3094,3092,3111,500,31007360,14190,14098,3236,2926,3081,3102,0,3101,0,0,0,2017-04-13,32755000,3093,5,0,0,0,0,0,0,0,0,3094,1,0,0,0,0,0,0,0,0
243,2017-04-13,09:05:56,0,WH705,XZCE,3094,3092,3111,504,31254880,14194,14098,3236,2926,3081,3102,0,3101,0,0,0,2017-04-13,32756000,3094,3,0,0,0,0,0,0,0,0,3095,11,0,0,0,0,0,0,0,0
244,2017-04-13,09:05:56,0,WH705,XZCE,3094,3092,3111,504,31254880,14194,14098,3236,2926,3081,3102,0,3101,0,0,0,2017-04-13,32756000,3094,4,0,0,0,0,0,0,0,0,3095,11,0,0,0,0,0,0,0,0
245,2017-04-13,09:05:57,0,WH705,XZCE,3094,3092,3111,504,31254880,14194,14098,3236,2926,3081,3102,0,3101,0,0,0,2017-04-13,32757000,3094,5,0,0,0,0,0,0,0,0,3095,11,0,0,0,0,0,0,0,0
246,2017-04-13,09:05:58,0,WH705,XZCE,3094,3092,3111,506,31378640,14196,14098,3236,2926,3081,3102,0,3101,0,0,0,2017-04-13,32758000,3094,5,0,0,0,0,0,0,0,0,3095,11,0,0,0,0,0,0,0,0
247,2017-04-13,09:06:01,0,WH705,XZCE,3094,3092,3111,506,31378640,14196,14098,3236,2926,3081,3102,0,3101,0,0,0,2017-04-13,32761000,3094,5,0,0,0,0,0,0,0,0,3095,12,0,0,0,0,0,0,0,0
248,2017-04-13,09:06:02,0,WH705,XZCE,3094,3092,3111,508,31502400,14198,14098,3236,2926,3081,3102,0,3101,0,0,0,2017-04-13,32762000,3094,4,0,0,0,0,0,0,0,0,3095,12,0,0,0,0,0,0,0,0
249,2017-04-13,09:06:09,0,WH705,XZCE,3094,3092,3111,508,31502400,14198,14098,3236,2926,3081,3102,0,3101,0,0,0,2017-04-13,32769000,3094,7,0,0,0,0,0,0,0,0,3095,12,0,0,0,0,0,0,0,0
250,2017-04-13,09:06:11,0,WH705,XZCE,3094,3092,3111,508,31502400,14198,14098,3236,2926,3081,3102,0,3101,0,0,0,2017-04-13,32771000,3094,7,0,0,0,0,0,0,0,0,3095,5,0,0,0,0,0,0,0,0
251,2017-04-13,09:06:12,0,WH705,XZCE,3094,3092,3111,508,31502400,14198,14098,3236,2926,3081,3102,0,3101,0,0,0,2017-04-13,32772000,3094,7,0,0,0,0,0,0,0,0,3095,7,0,0,0,0,0,0,0,0
252,2017-04-13,09:06:15,0,WH705,XZCE,3094,3092,3111,510,31626160,14200,14098,3236,2926,3081,3102,0,3101,0,0,0,2017-04-13,32775000,3094,6,0,0,0,0,0,0,0,0,3095,7,0,0,0,0,0,0,0,0
253,2017-04-13,09:06:17,0,WH705,XZCE,3095,3092,3111,512,31749960,14200,14098,3236,2926,3081,3102,0,3101,0,0,0,2017-04-13,32777000,3094,6,0,0,0,0,0,0,0,0,3095,4,0,0,0,0,0,0,0,0
254,2017-04-13,09:06:18,0,WH705,XZCE,3095,3092,3111,520,32245160,14206,14098,3236,2926,3081,3102,0,3101,0,0,0,2017-04-13,32778000,3095,2,0,0,0,0,0,0,0,0,3096,2,0,0,0,0,0,0,0,0
255,2017-04-13,09:06:19,0,WH705,XZCE,3095,3092,3111,520,32245160,14206,14098,3236,2926,3081,3102,0,3101,0,0,0,2017-04-13,32779000,3095,6,0,0,0,0,0,0,0,0,3096,2,0,0,0,0,0,0,0,0
256,2017-04-13,09:06:19,0,WH705,XZCE,3096,3092,3111,524,32492840,14210,14098,3236,2926,3081,3102,0,3101,0,0,0,2017-04-13,32779000,3095,9,0,0,0,0,0,0,0,0,3098,3,0,0,0,0,0,0,0,0
257,2017-04-13,09:06:20,0,WH705,XZCE,3096,3092,3111,524,32492840,14210,14098,3236,2926,3081,3102,0,3101,0,0,0,2017-04-13,32780000,3095,10,0,0,0,0,0,0,0,0,3098,3,0,0,0,0,0,0,0,0
258,2017-04-13,09:06:20,0,WH705,XZCE,3096,3092,3111,524,32492840,14210,14098,3236,2926,3081,3102,0,3101,0,0,0,2017-04-13,32780000,3096,1,0,0,0,0,0,0,0,0,3098,3,0,0,0,0,0,0,0,0
259,2017-04-13,09:06:24,0,WH705,XZCE,3096,3092,3111,524,32492840,14210,14098,3236,2926,3081,3102,0,3101,0,0,0,2017-04-13,32784000,3096,3,0,0,0,0,0,0,0,0,3097,1,0,0,0,0,0,0,0,0
260,2017-04-13,09:06:27,0,WH705,XZCE,3096,3092,3111,526,32616680,14212,14098,3236,2926,3081,3102,0,3101,0,0,0,2017-04-13,32787000,3096,2,0,0,0,0,0,0,0,0,3097,1,0,0,0,0,0,0,0,0
261,2017-04-13,09:06:46,0,WH705,XZCE,3097,3092,3111,528,32740560,14210,14098,3236,2926,3081,3102,0,3101,0,0,0,2017-04-13,32806000,3096,2,0,0,0,0,0,0,0,0,3098,3,0,0,0,0,0,0,0,0
262,2017-04-13,09:06:49,0,WH705,XZCE,3096,3092,3111,530,32864400,14212,14098,3236,2926,3081,3102,0,3101,0,0,0,2017-04-13,32809000,3096,1,0,0,0,0,0,0,0,0,3098,3,0,0,0,0,0,0,0,0
263,2017-04-13,09:06:50,0,WH705,XZCE,3096,3092,3111,532,32988240,14214,14098,3236,2926,3081,3102,0,3101,0,0,0,2017-04-13,32810000,3095,2,0,0,0,0,0,0,0,0,3096,1,0,0,0,0,0,0,0,0
264,2017-04-13,09:06:55,0,WH705,XZCE,3096,3092,3111,534,33112080,14214,14098,3236,2926,3081,3102,0,3101,0,0,0,2017-04-13,32815000,3095,2,0,0,0,0,0,0,0,0,3097,2,0,0,0,0,0,0,0,0
265,2017-04-13,09:06:57,0,WH705,XZCE,3096,3092,3111,534,33112080,14214,14098,3236,2926,3081,3102,0,3101,0,0,0,2017-04-13,32817000,3095,2,0,0,0,0,0,0,0,0,3097,5,0,0,0,0,0,0,0,0
266,2017-04-13,09:06:59,0,WH705,XZCE,3097,3092,3111,540,33483720,14210,14098,3236,2926,3081,3102,0,3101,0,0,0,2017-04-13,32819000,3095,2,0,0,0,0,0,0,0,0,3097,2,0,0,0,0,0,0,0,0
267,2017-04-13,09:07:01,0,WH705,XZCE,3097,3092,3111,542,33607600,14210,14098,3236,2926,3081,3102,0,3101,0,0,0,2017-04-13,32821000,3095,2,0,0,0,0,0,0,0,0,3098,3,0,0,0,0,0,0,0,0
268,2017-04-13,09:07:07,0,WH705,XZCE,3097,3092,3111,542,33607600,14210,14098,3236,2926,3081,3102,0,3101,0,0,0,2017-04-13,32827000,3095,2,0,0,0,0,0,0,0,0,3097,1,0,0,0,0,0,0,0,0
269,2017-04-13,09:07:07,0,WH705,XZCE,3097,3092,3111,542,33607600,14210,14098,3236,2926,3081,3102,0,3101,0,0,0,2017-04-13,32827000,3095,3,0,0,0,0,0,0,0,0,3097,1,0,0,0,0,0,0,0,0
270,2017-04-13,09:07:16,0,WH705,XZCE,3097,3092,3111,542,33607600,14210,14098,3236,2926,3081,3102,0,3101,0,0,0,2017-04-13,32836000,3096,1,0,0,0,0,0,0,0,0,3097,1,0,0,0,0,0,0,0,0
271,2017-04-13,09:07:16,0,WH705,XZCE,3097,3092,3111,542,33607600,14210,14098,3236,2926,3081,3102,0,3101,0,0,0,2017-04-13,32836000,3096,2,0,0,0,0,0,0,0,0,3097,1,0,0,0,0,0,0,0,0
272,2017-04-13,09:07:17,0,WH705,XZCE,3097,3092,3111,542,33607600,14210,14098,3236,2926,3081,3102,0,3101,0,0,0,2017-04-13,32837000,3096,3,0,0,0,0,0,0,0,0,3097,1,0,0,0,0,0,0,0,0
273,2017-04-13,09:07:24,0,WH705,XZCE,3097,3092,3111,544,33731480,14208,14098,3236,2926,3081,3102,0,3101,0,0,0,2017-04-13,32844000,3096,3,0,0,0,0,0,0,0,0,3098,3,0,0,0,0,0,0,0,0
274,2017-04-13,09:07:32,0,WH705,XZCE,3097,3092,3111,544,33731480,14208,14098,3236,2926,3081,3102,0,3101,0,0,0,2017-04-13,32852000,3097,1,0,0,0,0,0,0,0,0,3098,3,0,0,0,0,0,0,0,0
275,2017-04-13,09:07:42,0,WH705,XZCE,3097,3092,3111,546,33855360,14206,14098,3236,2926,3081,3102,0,3101,0,0,0,2017-04-13,32862000,3095,2,0,0,0,0,0,0,0,0,3097,1,0,0,0,0,0,0,0,0
276,2017-04-13,09:07:43,0,WH705,XZCE,3097,3092,3111,546,33855360,14206,14098,3236,2926,3081,3102,0,3101,0,0,0,2017-04-13,32863000,3095,4,0,0,0,0,0,0,0,0,3098,3,0,0,0,0,0,0,0,0
277,2017-04-13,09:07:46,0,WH705,XZCE,3097,3092,3111,546,33855360,14206,14098,3236,2926,3081,3102,0,3101,0,0,0,2017-04-13,32866000,3095,4,0,0,0,0,0,0,0,0,3097,1,0,0,0,0,0,0,0,0
278,2017-04-13,09:07:54,0,WH705,XZCE,3097,3092,3111,546,33855360,14206,14098,3236,2926,3081,3102,0,3101,0,0,0,2017-04-13,32874000,3095,4,0,0,0,0,0,0,0,0,3097,2,0,0,0,0,0,0,0,0
279,2017-04-13,09:07:57,0,WH705,XZCE,3097,3092,3111,546,33855360,14206,14098,3236,2926,3081,3102,0,3101,0,0,0,2017-04-13,32877000,3095,4,0,0,0,0,0,0,0,0,3097,1,0,0,0,0,0,0,0,0
280,2017-04-13,09:08:19,0,WH705,XZCE,3097,3092,3111,548,33979240,14208,14098,3236,2926,3081,3102,0,3101,0,0,0,2017-04-13,32899000,3095,4,0,0,0,0,0,0,0,0,3098,6,0,0,0,0,0,0,0,0
281,2017-04-13,09:08:19,0,WH705,XZCE,3097,3092,3111,548,33979240,14208,14098,3236,2926,3081,3102,0,3101,0,0,0,2017-04-13,32899000,3095,3,0,0,0,0,0,0,0,0,3098,6,0,0,0,0,0,0,0,0
282,2017-04-13,09:08:22,0,WH705,XZCE,3098,3092,3111,560,34722760,14220,14098,3236,2926,3081,3102,0,3101,0,0,0,2017-04-13,32902000,3098,4,0,0,0,0,0,0,0,0,3099,7,0,0,0,0,0,0,0,0
283,2017-04-13,09:08:24,0,WH705,XZCE,3098,3092,3111,564,34970600,14224,14098,3236,2926,3081,3102,0,3101,0,0,0,2017-04-13,32904000,3098,2,0,0,0,0,0,0,0,0,3099,7,0,0,0,0,0,0,0,0
284,2017-04-13,09:08:25,0,WH705,XZCE,3098,3092,3111,564,34970600,14224,14098,3236,2926,3081,3102,0,3101,0,0,0,2017-04-13,32905000,3098,3,0,0,0,0,0,0,0,0,3099,7,0,0,0,0,0,0,0,0
285,2017-04-13,09:08:27,0,WH705,XZCE,3099,3092,3111,578,35838320,14236,14098,3236,2926,3081,3102,0,3101,0,0,0,2017-04-13,32907000,3099,3,0,0,0,0,0,0,0,0,3100,5,0,0,0,0,0,0,0,0
286,2017-04-13,09:08:28,0,WH705,XZCE,3099,3092,3111,580,35962280,14238,14098,3236,2926,3081,3102,0,3101,0,0,0,2017-04-13,32908000,3099,3,0,0,0,0,0,0,0,0,3100,5,0,0,0,0,0,0,0,0
287,2017-04-13,09:08:32,0,WH705,XZCE,3099,3092,3111,582,36086240,14240,14098,3236,2926,3081,3102,0,3101,0,0,0,2017-04-13,32912000,3099,2,0,0,0,0,0,0,0,0,3100,5,0,0,0,0,0,0,0,0
288,2017-04-13,09:08:33,0,WH705,XZCE,3099,3092,3111,584,36210200,14240,14098,3236,2926,3081,3102,0,3101,0,0,0,2017-04-13,32913000,3099,1,0,0,0,0,0,0,0,0,3100,5,0,0,0,0,0,0,0,0
289,2017-04-13,09:08:33,0,WH705,XZCE,3099,3092,3111,584,36210200,14240,14098,3236,2926,3081,3102,0,3101,0,0,0,2017-04-13,32913000,3099,1,0,0,0,0,0,0,0,0,3100,6,0,0,0,0,0,0,0,0
290,2017-04-13,09:08:35,0,WH705,XZCE,3099,3092,3111,586,36334160,14242,14098,3236,2926,3081,3102,0,3101,0,0,0,2017-04-13,32915000,3098,2,0,0,0,0,0,0,0,0,3100,6,0,0,0,0,0,0,0,0
291,2017-04-13,09:08:36,0,WH705,XZCE,3099,3092,3111,586,36334160,14242,14098,3236,2926,3081,3102,0,3101,0,0,0,2017-04-13,32916000,3098,2,0,0,0,0,0,0,0,0,3100,7,0,0,0,0,0,0,0,0
292,2017-04-13,09:08:37,0,WH705,XZCE,3099,3092,3111,586,36334160,14242,14098,3236,2926,3081,3102,0,3101,0,0,0,2017-04-13,32917000,3098,2,0,0,0,0,0,0,0,0,3099,1,0,0,0,0,0,0,0,0
293,2017-04-13,09:08:45,0,WH705,XZCE,3098,3092,3111,588,36458080,14244,14098,3236,2926,3081,3102,0,3101,0,0,0,2017-04-13,32925000,3098,1,0,0,0,0,0,0,0,0,3099,1,0,0,0,0,0,0,0,0
294,2017-04-13,09:08:46,0,WH705,XZCE,3098,3092,3111,590,36582000,14246,14098,3236,2926,3081,3102,0,3101,0,0,0,2017-04-13,32926000,3097,1,0,0,0,0,0,0,0,0,3098,3,0,0,0,0,0,0,0,0
295,2017-04-13,09:08:47,0,WH705,XZCE,3098,3092,3111,590,36582000,14246,14098,3236,2926,3081,3102,0,3101,0,0,0,2017-04-13,32927000,3097,1,0,0,0,0,0,0,0,0,3098,4,0,0,0,0,0,0,0,0
296,2017-04-13,09:08:51,0,WH705,XZCE,3097,3092,3111,592,36705880,14244,14098,3236,2926,3081,3102,0,3101,0,0,0,2017-04-13,32931000,3096,1,0,0,0,0,0,0,0,0,3098,4,0,0,0,0,0,0,0,0
297,2017-04-13,09:08:59,0,WH705,XZCE,3097,3092,3111,592,36705880,14244,14098,3236,2926,3081,3102,0,3101,0,0,0,2017-04-13,32939000,3096,2,0,0,0,0,0,0,0,0,3098,4,0,0,0,0,0,0,0,0
298,2017-04-13,09:09:00,0,WH705,XZCE,3097,3092,3111,592,36705880,14244,14098,3236,2926,3081,3102,0,3101,0,0,0,2017-04-13,32940000,3096,1,0,0,0,0,0,0,0,0,3098,4,0,0,0,0,0,0,0,0
299,2017-04-13,09:09:02,0,WH705,XZCE,3097,3092,3111,592,36705880,14244,14098,3236,2926,3081,3102,0,3101,0,0,0,2017-04-13,32942000,3096,2,0,0,0,0,0,0,0,0,3098,4,0,0,0,0,0,0,0,0
300,2017-04-13,09:09:02,0,WH705,XZCE,3097,3092,3111,592,36705880,14244,14098,3236,2926,3081,3102,0,3101,0,0,0,2017-04-13,32942000,3096,1,0,0,0,0,0,0,0,0,3098,4,0,0,0,0,0,0,0,0
301,2017-04-13,09:09:04,0,WH705,XZCE,3097,3092,3111,592,36705880,14244,14098,3236,2926,3081,3102,0,3101,0,0,0,2017-04-13,32944000,3096,2,0,0,0,0,0,0,0,0,3098,4,0,0,0,0,0,0,0,0
302,2017-04-13,09:09:05,0,WH705,XZCE,3096,3092,3111,594,36829720,14244,14098,3236,2926,3081,3102,0,3101,0,0,0,2017-04-13,32945000,3096,1,0,0,0,0,0,0,0,0,3098,4,0,0,0,0,0,0,0,0
303,2017-04-13,09:09:12,0,WH705,XZCE,3096,3092,3111,596,36953560,14244,14098,3236,2926,3081,3102,0,3101,0,0,0,2017-04-13,32952000,3096,1,0,0,0,0,0,0,0,0,3097,1,0,0,0,0,0,0,0,0
304,2017-04-13,09:09:12,0,WH705,XZCE,3096,3092,3111,598,37077400,14246,14098,3236,2926,3081,3102,0,3101,0,0,0,2017-04-13,32952000,3095,5,0,0,0,0,0,0,0,0,3097,1,0,0,0,0,0,0,0,0
305,2017-04-13,09:09:14,0,WH705,XZCE,3096,3092,3111,598,37077400,14246,14098,3236,2926,3081,3102,0,3101,0,0,0,2017-04-13,32954000,3096,1,0,0,0,0,0,0,0,0,3097,1,0,0,0,0,0,0,0,0
306,2017-04-13,09:09:17,0,WH705,XZCE,3096,3092,3111,598,37077400,14246,14098,3236,2926,3081,3102,0,3101,0,0,0,2017-04-13,32957000,3096,2,0,0,0,0,0,0,0,0,3097,1,0,0,0,0,0,0,0,0
307,2017-04-13,09:09:18,0,WH705,XZCE,3096,3092,3111,600,37201240,14248,14098,3236,2926,3081,3102,0,3101,0,0,0,2017-04-13,32958000,3096,1,0,0,0,0,0,0,0,0,3097,1,0,0,0,0,0,0,0,0
308,2017-04-13,09:09:19,0,WH705,XZCE,3097,3092,3111,602,37325120,14250,14098,3236,2926,3081,3102,0,3101,0,0,0,2017-04-13,32959000,3096,1,0,0,0,0,0,0,0,0,3098,4,0,0,0,0,0,0,0,0
309,2017-04-13,09:09:20,0,WH705,XZCE,3096,3092,3111,604,37448960,14250,14098,3236,2926,3081,3102,0,3101,0,0,0,2017-04-13,32960000,3095,4,0,0,0,0,0,0,0,0,3098,4,0,0,0,0,0,0,0,0
310,2017-04-13,09:09:21,0,WH705,XZCE,3096,3092,3111,604,37448960,14250,14098,3236,2926,3081,3102,0,3101,0,0,0,2017-04-13,32961000,3096,1,0,0,0,0,0,0,0,0,3098,4,0,0,0,0,0,0,0,0
311,2017-04-13,09:09:23,0,WH705,XZCE,3096,3092,3111,606,37572800,14250,14098,3236,2926,3081,3102,0,3101,0,0,0,2017-04-13,32963000,3095,4,0,0,0,0,0,0,0,0,3098,4,0,0,0,0,0,0,0,0
312,2017-04-13,09:09:23,0,WH705,XZCE,3098,3092,3111,608,37696720,14252,14098,3236,2926,3081,3102,0,3101,0,0,0,2017-04-13,32963000,3095,4,0,0,0,0,0,0,0,0,3098,3,0,0,0,0,0,0,0,0
313,2017-04-13,09:09:24,0,WH705,XZCE,3098,3092,3111,608,37696720,14252,14098,3236,2926,3081,3102,0,3101,0,0,0,2017-04-13,32964000,3096,2,0,0,0,0,0,0,0,0,3098,3,0,0,0,0,0,0,0,0
314,2017-04-13,09:09:25,0,WH705,XZCE,3098,3092,3111,608,37696720,14252,14098,3236,2926,3081,3102,0,3101,0,0,0,2017-04-13,32965000,3096,3,0,0,0,0,0,0,0,0,3098,3,0,0,0,0,0,0,0,0
315,2017-04-13,09:09:26,0,WH705,XZCE,3098,3092,3111,608,37696720,14252,14098,3236,2926,3081,3102,0,3101,0,0,0,2017-04-13,32966000,3096,5,0,0,0,0,0,0,0,0,3098,3,0,0,0,0,0,0,0,0
316,2017-04-13,09:09:31,0,WH705,XZCE,3098,3092,3111,608,37696720,14252,14098,3236,2926,3081,3102,0,3101,0,0,0,2017-04-13,32971000,3096,6,0,0,0,0,0,0,0,0,3098,3,0,0,0,0,0,0,0,0
317,2017-04-13,09:09:33,0,WH705,XZCE,3098,3092,3111,608,37696720,14252,14098,3236,2926,3081,3102,0,3101,0,0,0,2017-04-13,32973000,3096,6,0,0,0,0,0,0,0,0,3097,1,0,0,0,0,0,0,0,0
318,2017-04-13,09:09:34,0,WH705,XZCE,3098,3092,3111,608,37696720,14252,14098,3236,2926,3081,3102,0,3101,0,0,0,2017-04-13,32974000,3096,5,0,0,0,0,0,0,0,0,3097,1,0,0,0,0,0,0,0,0
319,2017-04-13,09:09:39,0,WH705,XZCE,3097,3092,3111,610,37820600,14254,14098,3236,2926,3081,3102,0,3101,0,0,0,2017-04-13,32979000,3097,30,0,0,0,0,0,0,0,0,3098,3,0,0,0,0,0,0,0,0
320,2017-04-13,09:09:39,0,WH705,XZCE,3098,3092,3111,616,38192360,14260,14098,3236,2926,3081,3102,0,3101,0,0,0,2017-04-13,32979000,3097,30,0,0,0,0,0,0,0,0,3099,2,0,0,0,0,0,0,0,0
321,2017-04-13,09:09:40,0,WH705,XZCE,3099,3092,3111,618,38316320,14260,14098,3236,2926,3081,3102,0,3101,0,0,0,2017-04-13,32980000,3097,30,0,0,0,0,0,0,0,0,3099,1,0,0,0,0,0,0,0,0
322,2017-04-13,09:09:40,0,WH705,XZCE,3099,3092,3111,618,38316320,14260,14098,3236,2926,3081,3102,0,3101,0,0,0,2017-04-13,32980000,3098,1,0,0,0,0,0,0,0,0,3099,1,0,0,0,0,0,0,0,0
323,2017-04-13,09:09:43,0,WH705,XZCE,3098,3092,3111,620,38440240,14262,14098,3236,2926,3081,3102,0,3101,0,0,0,2017-04-13,32983000,3097,30,0,0,0,0,0,0,0,0,3099,1,0,0,0,0,0,0,0,0
324,2017-04-13,09:09:44,0,WH705,XZCE,3099,3092,3111,622,38564200,14262,14098,3236,2926,3081,3102,0,3101,0,0,0,2017-04-13,32984000,3097,30,0,0,0,0,0,0,0,0,3100,6,0,0,0,0,0,0,0,0
325,2017-04-13,09:09:44,0,WH705,XZCE,3099,3092,3111,622,38564200,14262,14098,3236,2926,3081,3102,0,3101,0,0,0,2017-04-13,32984000,3098,1,0,0,0,0,0,0,0,0,3100,6,0,0,0,0,0,0,0,0
326,2017-04-13,09:09:47,0,WH705,XZCE,3098,3092,3111,624,38688120,14262,14098,3236,2926,3081,3102,0,3101,0,0,0,2017-04-13,32987000,3098,1,0,0,0,0,0,0,0,0,3099,1,0,0,0,0,0,0,0,0
327,2017-04-13,09:09:57,0,WH705,XZCE,3098,3092,3111,624,38688120,14262,14098,3236,2926,3081,3102,0,3101,0,0,0,2017-04-13,32997000,3096,3,0,0,0,0,0,0,0,0,3098,1,0,0,0,0,0,0,0,0
328,2017-04-13,09:09:57,0,WH705,XZCE,3098,3092,3111,624,38688120,14262,14098,3236,2926,3081,3102,0,3101,0,0,0,2017-04-13,32997000,3096,3,0,0,0,0,0,0,0,0,3097,1,0,0,0,0,0,0,0,0
329,2017-04-13,09:09:59,0,WH705,XZCE,3096,3092,3111,626,38811960,14262,14098,3236,2926,3081,3102,0,3101,0,0,0,2017-04-13,32999000,3096,2,0,0,0,0,0,0,0,0,3097,1,0,0,0,0,0,0,0,0
330,2017-04-13,09:09:59,0,WH705,XZCE,3096,3092,3111,626,38811960,14262,14098,3236,2926,3081,3102,0,3101,0,0,0,2017-04-13,32999000,3096,1,0,0,0,0,0,0,0,0,3097,1,0,0,0,0,0,0,0,0
331,2017-04-13,09:09:59,0,WH705,XZCE,3098,3092,3111,630,39059800,14260,14098,3236,2926,3081,3102,0,3101,0,0,0,2017-04-13,32999000,3096,2,0,0,0,0,0,0,0,0,3099,2,0,0,0,0,0,0,0,0
332,2017-04-13,09:10:01,0,WH705,XZCE,3096,3092,3111,632,39183640,14260,14098,3236,2926,3081,3102,0,3101,0,0,0,2017-04-13,33001000,3096,1,0,0,0,0,0,0,0,0,3099,2,0,0,0,0,0,0,0,0
333,2017-04-13,09:10:03,0,WH705,XZCE,3096,3092,3111,632,39183640,14260,14098,3236,2926,3081,3102,0,3101,0,0,0,2017-04-13,33003000,3096,2,0,0,0,0,0,0,0,0,3099,3,0,0,0,0,0,0,0,0
334,2017-04-13,09:10:05,0,WH705,XZCE,3096,3092,3111,632,39183640,14260,14098,3236,2926,3081,3102,0,3101,0,0,0,2017-04-13,33005000,3096,2,0,0,0,0,0,0,0,0,3098,1,0,0,0,0,0,0,0,0
335,2017-04-13,09:10:11,0,WH705,XZCE,3096,3092,3111,634,39307480,14262,14098,3236,2926,3081,3102,0,3101,0,0,0,2017-04-13,33011000,3096,1,0,0,0,0,0,0,0,0,3098,2,0,0,0,0,0,0,0,0
336,2017-04-13,09:10:16,0,WH705,XZCE,3096,3092,3111,634,39307480,14262,14098,3236,2926,3081,3102,0,3101,0,0,0,2017-04-13,33016000,3096,2,0,0,0,0,0,0,0,0,3098,2,0,0,0,0,0,0,0,0
337,2017-04-13,09:10:25,0,WH705,XZCE,3096,3092,3111,634,39307480,14262,14098,3236,2926,3081,3102,0,3101,0,0,0,2017-04-13,33025000,3096,2,0,0,0,0,0,0,0,0,3098,3,0,0,0,0,0,0,0,0
338,2017-04-13,09:10:34,0,WH705,XZCE,3096,3092,3111,634,39307480,14262,14098,3236,2926,3081,3102,0,3101,0,0,0,2017-04-13,33034000,3096,2,0,0,0,0,0,0,0,0,3097,1,0,0,0,0,0,0,0,0
339,2017-04-13,09:10:36,0,WH705,XZCE,3098,3092,3111,640,39679240,14266,14098,3236,2926,3081,3102,0,3101,0,0,0,2017-04-13,33036000,3096,2,0,0,0,0,0,0,0,0,3098,1,0,0,0,0,0,0,0,0
340,2017-04-13,09:10:42,0,WH705,XZCE,3098,3092,3111,642,39803160,14266,14098,3236,2926,3081,3102,0,3101,0,0,0,2017-04-13,33042000,3096,2,0,0,0,0,0,0,0,0,3098,6,0,0,0,0,0,0,0,0
341,2017-04-13,09:10:46,0,WH705,XZCE,3096,3092,3111,646,40050840,14268,14098,3236,2926,3081,3102,0,3101,0,0,0,2017-04-13,33046000,3095,3,0,0,0,0,0,0,0,0,3096,1,0,0,0,0,0,0,0,0
342,2017-04-13,09:10:48,0,WH705,XZCE,3096,3092,3111,648,40174680,14270,14098,3236,2926,3081,3102,0,3101,0,0,0,2017-04-13,33048000,3095,3,0,0,0,0,0,0,0,0,3098,7,0,0,0,0,0,0,0,0
343,2017-04-13,09:10:51,0,WH705,XZCE,3096,3092,3111,648,40174680,14270,14098,3236,2926,3081,3102,0,3101,0,0,0,2017-04-13,33051000,3095,3,0,0,0,0,0,0,0,0,3097,1,0,0,0,0,0,0,0,0
344,2017-04-13,09:10:52,0,WH705,XZCE,3096,3092,3111,648,40174680,14270,14098,3236,2926,3081,3102,0,3101,0,0,0,2017-04-13,33052000,3095,4,0,0,0,0,0,0,0,0,3097,1,0,0,0,0,0,0,0,0
345,2017-04-13,09:10:55,0,WH705,XZCE,3096,3092,3111,648,40174680,14270,14098,3236,2926,3081,3102,0,3101,0,0,0,2017-04-13,33055000,3095,4,0,0,0,0,0,0,0,0,3096,1,0,0,0,0,0,0,0,0
346,2017-04-13,09:10:56,0,WH705,XZCE,3096,3092,3111,648,40174680,14270,14098,3236,2926,3081,3102,0,3101,0,0,0,2017-04-13,33056000,3095,3,0,0,0,0,0,0,0,0,3096,1,0,0,0,0,0,0,0,0
347,2017-04-13,09:10:57,0,WH705,XZCE,3096,3092,3111,650,40298520,14272,14098,3236,2926,3081,3102,0,3101,0,0,0,2017-04-13,33057000,3095,3,0,0,0,0,0,0,0,0,3097,2,0,0,0,0,0,0,0,0
348,2017-04-13,09:11:00,0,WH705,XZCE,3095,3092,3111,652,40422320,14274,14098,3236,2926,3081,3102,0,3101,0,0,0,2017-04-13,33060000,3095,2,0,0,0,0,0,0,0,0,3097,2,0,0,0,0,0,0,0,0
349,2017-04-13,09:11:05,0,WH705,XZCE,3095,3092,3111,660,40917520,14278,14098,3236,2926,3081,3102,0,3101,0,0,0,2017-04-13,33065000,3094,7,0,0,0,0,0,0,0,0,3095,3,0,0,0,0,0,0,0,0
350,2017-04-13,09:11:07,0,WH705,XZCE,3094,3092,3111,664,41165040,14280,14098,3236,2926,3081,3102,0,3101,0,0,0,2017-04-13,33067000,3094,6,0,0,0,0,0,0,0,0,3095,2,0,0,0,0,0,0,0,0
351,2017-04-13,09:11:08,0,WH705,XZCE,3095,3092,3111,666,41288840,14282,14098,3236,2926,3081,3102,0,3101,0,0,0,2017-04-13,33068000,3094,6,0,0,0,0,0,0,0,0,3095,1,0,0,0,0,0,0,0,0
352,2017-04-13,09:11:09,0,WH705,XZCE,3095,3092,3111,668,41412640,14284,14098,3236,2926,3081,3102,0,3101,0,0,0,2017-04-13,33069000,3094,6,0,0,0,0,0,0,0,0,3098,7,0,0,0,0,0,0,0,0
353,2017-04-13,09:11:10,0,WH705,XZCE,3095,3092,3111,668,41412640,14284,14098,3236,2926,3081,3102,0,3101,0,0,0,2017-04-13,33070000,3095,3,0,0,0,0,0,0,0,0,3098,7,0,0,0,0,0,0,0,0
354,2017-04-13,09:11:11,0,WH705,XZCE,3095,3092,3111,668,41412640,14284,14098,3236,2926,3081,3102,0,3101,0,0,0,2017-04-13,33071000,3095,3,0,0,0,0,0,0,0,0,3097,1,0,0,0,0,0,0,0,0
355,2017-04-13,09:11:13,0,WH705,XZCE,3095,3092,3111,670,41536440,14286,14098,3236,2926,3081,3102,0,3101,0,0,0,2017-04-13,33073000,3095,2,0,0,0,0,0,0,0,0,3097,1,0,0,0,0,0,0,0,0
356,2017-04-13,09:11:14,0,WH705,XZCE,3095,3092,3111,674,41784040,14290,14098,3236,2926,3081,3102,0,3101,0,0,0,2017-04-13,33074000,3094,6,0,0,0,0,0,0,0,0,3095,3,0,0,0,0,0,0,0,0
357,2017-04-13,09:11:17,0,WH705,XZCE,3095,3092,3111,680,42155440,14296,14098,3236,2926,3081,3102,0,3101,0,0,0,2017-04-13,33077000,3095,2,0,0,0,0,0,0,0,0,3097,1,0,0,0,0,0,0,0,0
358,2017-04-13,09:11:19,0,WH705,XZCE,3095,3092,3111,680,42155440,14296,14098,3236,2926,3081,3102,0,3101,0,0,0,2017-04-13,33079000,3096,1,0,0,0,0,0,0,0,0,3097,2,0,0,0,0,0,0,0,0
359,2017-04-13,09:11:19,0,WH705,XZCE,3095,3092,3111,680,42155440,14296,14098,3236,2926,3081,3102,0,3101,0,0,0,2017-04-13,33079000,3096,1,0,0,0,0,0,0,0,0,3097,3,0,0,0,0,0,0,0,0
360,2017-04-13,09:11:30,0,WH705,XZCE,3096,3092,3111,682,42279280,14296,14098,3236,2926,3081,3102,0,3101,0,0,0,2017-04-13,33090000,3095,6,0,0,0,0,0,0,0,0,3097,3,0,0,0,0,0,0,0,0
361,2017-04-13,09:11:35,0,WH705,XZCE,3097,3092,3111,688,42650920,14298,14098,3236,2926,3081,3102,0,3101,0,0,0,2017-04-13,33095000,3095,6,0,0,0,0,0,0,0,0,3098,6,0,0,0,0,0,0,0,0
362,2017-04-13,09:11:37,0,WH705,XZCE,3097,3092,3111,688,42650920,14298,14098,3236,2926,3081,3102,0,3101,0,0,0,2017-04-13,33097000,3095,6,0,0,0,0,0,0,0,0,3097,1,0,0,0,0,0,0,0,0
363,2017-04-13,09:11:40,0,WH705,XZCE,3097,3092,3111,688,42650920,14298,14098,3236,2926,3081,3102,0,3101,0,0,0,2017-04-13,33100000,3095,7,0,0,0,0,0,0,0,0,3097,1,0,0,0,0,0,0,0,0
364,2017-04-13,09:11:42,0,WH705,XZCE,3097,3092,3111,688,42650920,14298,14098,3236,2926,3081,3102,0,3101,0,0,0,2017-04-13,33102000,3096,1,0,0,0,0,0,0,0,0,3097,1,0,0,0,0,0,0,0,0
365,2017-04-13,09:11:47,0,WH705,XZCE,3097,3092,3111,690,42774800,14298,14098,3236,2926,3081,3102,0,3101,0,0,0,2017-04-13,33107000,3096,1,0,0,0,0,0,0,0,0,3098,6,0,0,0,0,0,0,0,0
366,2017-04-13,09:11:54,0,WH705,XZCE,3098,3092,3111,702,43518320,14310,14098,3236,2926,3081,3102,0,3101,0,0,0,2017-04-13,33114000,3096,2,0,0,0,0,0,0,0,0,3099,3,0,0,0,0,0,0,0,0
367,2017-04-13,09:11:55,0,WH705,XZCE,3096,3092,3111,704,43642160,14310,14098,3236,2926,3081,3102,0,3101,0,0,0,2017-04-13,33115000,3096,1,0,0,0,0,0,0,0,0,3099,3,0,0,0,0,0,0,0,0
368,2017-04-13,09:11:56,0,WH705,XZCE,3096,3092,3111,704,43642160,14310,14098,3236,2926,3081,3102,0,3101,0,0,0,2017-04-13,33116000,3096,4,0,0,0,0,0,0,0,0,3099,3,0,0,0,0,0,0,0,0
369,2017-04-13,09:11:56,0,WH705,XZCE,3096,3092,3111,704,43642160,14310,14098,3236,2926,3081,3102,0,3101,0,0,0,2017-04-13,33116000,3096,5,0,0,0,0,0,0,0,0,3099,3,0,0,0,0,0,0,0,0
370,2017-04-13,09:11:58,0,WH705,XZCE,3099,3092,3111,706,43766120,14310,14098,3236,2926,3081,3102,0,3101,0,0,0,2017-04-13,33118000,3096,5,0,0,0,0,0,0,0,0,3099,2,0,0,0,0,0,0,0,0
371,2017-04-13,09:11:59,0,WH705,XZCE,3099,3092,3111,706,43766120,14310,14098,3236,2926,3081,3102,0,3101,0,0,0,2017-04-13,33119000,3097,1,0,0,0,0,0,0,0,0,3099,2,0,0,0,0,0,0,0,0
372,2017-04-13,09:12:03,0,WH705,XZCE,3099,3092,3111,710,44014040,14310,14098,3236,2926,3081,3102,0,3101,0,0,0,2017-04-13,33123000,3099,1,0,0,0,0,0,0,0,0,3100,4,0,0,0,0,0,0,0,0
373,2017-04-13,09:12:05,0,WH705,XZCE,3099,3092,3111,722,44757800,14308,14098,3236,2926,3081,3102,0,3101,0,0,0,2017-04-13,33125000,3097,2,0,0,0,0,0,0,0,0,3099,1,0,0,0,0,0,0,0,0
374,2017-04-13,09:12:06,0,WH705,XZCE,3099,3092,3111,724,44881760,14308,14098,3236,2926,3081,3102,0,3101,0,0,0,2017-04-13,33126000,3099,3,0,0,0,0,0,0,0,0,3100,1,0,0,0,0,0,0,0,0
375,2017-04-13,09:12:07,0,WH705,XZCE,3099,3092,3111,726,45005720,14310,14098,3236,2926,3081,3102,0,3101,0,0,0,2017-04-13,33127000,3099,2,0,0,0,0,0,0,0,0,3100,1,0,0,0,0,0,0,0,0
376,2017-04-13,09:12:11,0,WH705,XZCE,3099,3092,3111,728,45129680,14312,14098,3236,2926,3081,3102,0,3101,0,0,0,2017-04-13,33131000,3099,1,0,0,0,0,0,0,0,0,3100,1,0,0,0,0,0,0,0,0
377,2017-04-13,09:12:13,0,WH705,XZCE,3099,3092,3111,730,45253640,14314,14098,3236,2926,3081,3102,0,3101,0,0,0,2017-04-13,33133000,3097,2,0,0,0,0,0,0,0,0,3100,3,0,0,0,0,0,0,0,0
378,2017-04-13,09:12:18,0,WH705,XZCE,3099,3092,3111,730,45253640,14314,14098,3236,2926,3081,3102,0,3101,0,0,0,2017-04-13,33138000,3098,1,0,0,0,0,0,0,0,0,3100,3,0,0,0,0,0,0,0,0
379,2017-04-13,09:12:21,0,WH705,XZCE,3100,3092,3111,736,45625640,14320,14098,3236,2926,3081,3102,0,3101,0,0,0,2017-04-13,33141000,3098,2,0,0,0,0,0,0,0,0,3101,36,0,0,0,0,0,0,0,0
380,2017-04-13,09:12:21,0,WH705,XZCE,3100,3092,3111,736,45625640,14320,14098,3236,2926,3081,3102,0,3101,0,0,0,2017-04-13,33141000,3098,2,0,0,0,0,0,0,0,0,3100,1,0,0,0,0,0,0,0,0
381,2017-04-13,09:12:23,0,WH705,XZCE,3100,3092,3111,738,45749640,14322,14098,3236,2926,3081,3102,0,3101,0,0,0,2017-04-13,33143000,3100,9,0,0,0,0,0,0,0,0,3101,36,0,0,0,0,0,0,0,0
382,2017-04-13,09:12:24,0,WH705,XZCE,3100,3092,3111,740,45873640,14322,14098,3236,2926,3081,3102,0,3101,0,0,0,2017-04-13,33144000,3100,8,0,0,0,0,0,0,0,0,3101,36,0,0,0,0,0,0,0,0
383,2017-04-13,09:12:27,0,WH705,XZCE,3101,3092,3111,742,45997680,14322,14098,3236,2926,3081,3102,0,3101,0,0,0,2017-04-13,33147000,3100,8,0,0,0,0,0,0,0,0,3101,35,0,0,0,0,0,0,0,0
384,2017-04-13,09:12:36,0,WH705,XZCE,3101,3092,3111,744,46121720,14322,14098,3236,2926,3081,3102,0,3101,0,0,0,2017-04-13,33156000,3100,8,0,0,0,0,0,0,0,0,3101,34,0,0,0,0,0,0,0,0
385,2017-04-13,09:12:38,0,WH705,XZCE,3100,3092,3111,746,46245720,14324,14098,3236,2926,3081,3102,0,3101,0,0,0,2017-04-13,33158000,3100,7,0,0,0,0,0,0,0,0,3101,34,0,0,0,0,0,0,0,0
386,2017-04-13,09:12:39,0,WH705,XZCE,3100,3092,3111,748,46369720,14326,14098,3236,2926,3081,3102,0,3101,0,0,0,2017-04-13,33159000,3100,6,0,0,0,0,0,0,0,0,3101,34,0,0,0,0,0,0,0,0
387,2017-04-13,09:12:41,0,WH705,XZCE,3101,3092,3111,750,46493760,14328,14098,3236,2926,3081,3102,0,3101,0,0,0,2017-04-13,33161000,3100,6,0,0,0,0,0,0,0,0,3101,33,0,0,0,0,0,0,0,0
388,2017-04-13,09:12:43,0,WH705,XZCE,3101,3092,3111,750,46493760,14328,14098,3236,2926,3081,3102,0,3101,0,0,0,2017-04-13,33163000,3100,7,0,0,0,0,0,0,0,0,3101,33,0,0,0,0,0,0,0,0
389,2017-04-13,09:12:46,0,WH705,XZCE,3101,3092,3111,770,47734160,14348,14098,3236,2926,3081,3102,0,3101,0,0,0,2017-04-13,33166000,3100,9,0,0,0,0,0,0,0,0,3101,23,0,0,0,0,0,0,0,0
390,2017-04-13,09:12:47,0,WH705,XZCE,3101,3092,3111,770,47734160,14348,14098,3236,2926,3081,3102,0,3101,0,0,0,2017-04-13,33167000,3100,10,0,0,0,0,0,0,0,0,3101,23,0,0,0,0,0,0,0,0
391,2017-04-13,09:12:48,0,WH705,XZCE,3101,3092,3111,808,50090920,14348,14098,3236,2926,3081,3102,0,3101,0,0,0,2017-04-13,33168000,3100,10,0,0,0,0,0,0,0,0,3101,4,0,0,0,0,0,0,0,0
392,2017-04-13,09:12:48,0,WH705,XZCE,3101,3092,3111,816,50587080,14348,14098,3236,2926,3081,3102,0,3101,0,0,0,2017-04-13,33168000,3101,2,0,0,0,0,0,0,0,0,3103,3,0,0,0,0,0,0,0,0
393,2017-04-13,09:12:48,0,WH705,XZCE,3101,3092,3111,816,50587080,14348,14098,3236,2926,3081,3102,0,3101,0,0,0,2017-04-13,33168000,3102,1,0,0,0,0,0,0,0,0,3103,2,0,0,0,0,0,0,0,0
394,2017-04-13,09:12:49,0,WH705,XZCE,3103,3092,3111,820,50835320,14348,14098,3236,2926,3081,3102,0,3101,0,0,0,2017-04-13,33169000,3102,1,0,0,0,0,0,0,0,0,3104,5,0,0,0,0,0,0,0,0
395,2017-04-13,09:12:50,0,WH705,XZCE,3103,3092,3111,820,50835320,14348,14098,3236,2926,3081,3102,0,3101,0,0,0,2017-04-13,33170000,3103,6,0,0,0,0,0,0,0,0,3104,5,0,0,0,0,0,0,0,0
396,2017-04-13,09:12:50,0,WH705,XZCE,3104,3092,3111,830,51456120,14348,14098,3236,2926,3081,3102,0,3101,0,0,0,2017-04-13,33170000,3103,6,0,0,0,0,0,0,0,0,3105,4,0,0,0,0,0,0,0,0
397,2017-04-13,09:12:51,0,WH705,XZCE,3107,3092,3111,850,52698920,14338,14098,3236,2926,3081,3102,0,3101,0,0,0,2017-04-13,33171000,3103,6,0,0,0,0,0,0,0,0,3107,1,0,0,0,0,0,0,0,0
398,2017-04-13,09:12:51,0,WH705,XZCE,3109,3092,3111,860,53320720,14330,14098,3236,2926,3081,3102,0,3101,0,0,0,2017-04-13,33171000,3103,6,0,0,0,0,0,0,0,0,3109,7,0,0,0,0,0,0,0,0
399,2017-04-13,09:12:52,0,WH705,XZCE,3109,3092,3111,864,53569440,14326,14098,3236,2926,3081,3102,0,3101,0,0,0,2017-04-13,33172000,3103,6,0,0,0,0,0,0,0,0,3108,3,0,0,0,0,0,0,0,0
400,2017-04-13,09:12:53,0,WH705,XZCE,3109,3092,3111,864,53569440,14326,14098,3236,2926,3081,3102,0,3101,0,0,0,2017-04-13,33173000,3103,6,0,0,0,0,0,0,0,0,3107,1,0,0,0,0,0,0,0,0
401,2017-04-13,09:12:54,0,WH705,XZCE,3108,3092,3111,872,54066720,14322,14098,3236,2926,3081,3102,0,3101,0,0,0,2017-04-13,33174000,3108,3,0,0,0,0,0,0,0,0,3109,5,0,0,0,0,0,0,0,0
402,2017-04-13,09:12:55,0,WH705,XZCE,3108,3092,3111,876,54315360,14318,14098,3236,2926,3081,3102,0,3101,0,0,0,2017-04-13,33175000,3108,1,0,0,0,0,0,0,0,0,3109,5,0,0,0,0,0,0,0,0
403,2017-04-13,09:12:58,0,WH705,XZCE,3109,3092,3111,880,54564080,14316,14098,3236,2926,3081,3102,0,3101,0,0,0,2017-04-13,33178000,3103,6,0,0,0,0,0,0,0,0,3109,4,0,0,0,0,0,0,0,0
404,2017-04-13,09:12:58,0,WH705,XZCE,3109,3092,3111,880,54564080,14316,14098,3236,2926,3081,3102,0,3101,0,0,0,2017-04-13,33178000,3104,2,0,0,0,0,0,0,0,0,3109,4,0,0,0,0,0,0,0,0
405,2017-04-13,09:12:59,0,WH705,XZCE,3109,3092,3111,880,54564080,14316,14098,3236,2926,3081,3102,0,3101,0,0,0,2017-04-13,33179000,3104,2,0,0,0,0,0,0,0,0,3108,1,0,0,0,0,0,0,0,0
406,2017-04-13,09:13:02,0,WH705,XZCE,3109,3092,3111,882,54688440,14318,14098,3236,2926,3081,3102,0,3101,0,0,0,2017-04-13,33182000,3104,2,0,0,0,0,0,0,0,0,3109,4,0,0,0,0,0,0,0,0
407,2017-04-13,09:13:04,0,WH705,XZCE,3109,3092,3111,882,54688440,14318,14098,3236,2926,3081,3102,0,3101,0,0,0,2017-04-13,33184000,3104,2,0,0,0,0,0,0,0,0,3109,12,0,0,0,0,0,0,0,0
408,2017-04-13,09:13:05,0,WH705,XZCE,3109,3092,3111,882,54688440,14318,14098,3236,2926,3081,3102,0,3101,0,0,0,2017-04-13,33185000,3104,3,0,0,0,0,0,0,0,0,3108,1,0,0,0,0,0,0,0,0
409,2017-04-13,09:13:05,0,WH705,XZCE,3109,3092,3111,882,54688440,14318,14098,3236,2926,3081,3102,0,3101,0,0,0,2017-04-13,33185000,3104,3,0,0,0,0,0,0,0,0,3108,2,0,0,0,0,0,0,0,0
410,2017-04-13,09:13:06,0,WH705,XZCE,3109,3092,3111,882,54688440,14318,14098,3236,2926,3081,3102,0,3101,0,0,0,2017-04-13,33186000,3104,3,0,0,0,0,0,0,0,0,3108,3,0,0,0,0,0,0,0,0
411,2017-04-13,09:13:07,0,WH705,XZCE,3109,3092,3111,882,54688440,14318,14098,3236,2926,3081,3102,0,3101,0,0,0,2017-04-13,33187000,3104,3,0,0,0,0,0,0,0,0,3108,4,0,0,0,0,0,0,0,0
412,2017-04-13,09:13:07,0,WH705,XZCE,3109,3092,3111,882,54688440,14318,14098,3236,2926,3081,3102,0,3101,0,0,0,2017-04-13,33187000,3104,3,0,0,0,0,0,0,0,0,3108,6,0,0,0,0,0,0,0,0
413,2017-04-13,09:13:09,0,WH705,XZCE,3109,3092,3111,882,54688440,14318,14098,3236,2926,3081,3102,0,3101,0,0,0,2017-04-13,33189000,3104,3,0,0,0,0,0,0,0,0,3107,1,0,0,0,0,0,0,0,0
414,2017-04-13,09:13:10,0,WH705,XZCE,3104,3092,3111,884,54812600,14318,14098,3236,2926,3081,3102,0,3101,0,0,0,2017-04-13,33190000,3104,5,0,0,0,0,0,0,0,0,3107,2,0,0,0,0,0,0,0,0
415,2017-04-13,09:13:13,0,WH705,XZCE,3104,3092,3111,886,54936760,14318,14098,3236,2926,3081,3102,0,3101,0,0,0,2017-04-13,33193000,3104,4,0,0,0,0,0,0,0,0,3107,3,0,0,0,0,0,0,0,0
416,2017-04-13,09:13:16,0,WH705,XZCE,3104,3092,3111,888,55060920,14320,14098,3236,2926,3081,3102,0,3101,0,0,0,2017-04-13,33196000,3104,3,0,0,0,0,0,0,0,0,3107,3,0,0,0,0,0,0,0,0
417,2017-04-13,09:13:17,0,WH705,XZCE,3104,3092,3111,898,55681720,14328,14098,3236,2926,3081,3102,0,3101,0,0,0,2017-04-13,33197000,3103,6,0,0,0,0,0,0,0,0,3106,2,0,0,0,0,0,0,0,0
418,2017-04-13,09:13:17,0,WH705,XZCE,3104,3092,3111,898,55681720,14328,14098,3236,2926,3081,3102,0,3101,0,0,0,2017-04-13,33197000,3103,6,0,0,0,0,0,0,0,0,3106,3,0,0,0,0,0,0,0,0
419,2017-04-13,09:13:19,0,WH705,XZCE,3103,3092,3111,900,55805840,14330,14098,3236,2926,3081,3102,0,3101,0,0,0,2017-04-13,33199000,3103,5,0,0,0,0,0,0,0,0,3106,3,0,0,0,0,0,0,0,0
420,2017-04-13,09:13:21,0,WH705,XZCE,3103,3092,3111,900,55805840,14330,14098,3236,2926,3081,3102,0,3101,0,0,0,2017-04-13,33201000,3104,1,0,0,0,0,0,0,0,0,3105,2,0,0,0,0,0,0,0,0
421,2017-04-13,09:13:22,0,WH705,XZCE,3104,3092,3111,902,55930000,14330,14098,3236,2926,3081,3102,0,3101,0,0,0,2017-04-13,33202000,3103,5,0,0,0,0,0,0,0,0,3105,2,0,0,0,0,0,0,0,0
422,2017-04-13,09:13:24,0,WH705,XZCE,3104,3092,3111,902,55930000,14330,14098,3236,2926,3081,3102,0,3101,0,0,0,2017-04-13,33204000,3103,5,0,0,0,0,0,0,0,0,3104,1,0,0,0,0,0,0,0,0
423,2017-04-13,09:13:26,0,WH705,XZCE,3104,3092,3111,902,55930000,14330,14098,3236,2926,3081,3102,0,3101,0,0,0,2017-04-13,33206000,3103,5,0,0,0,0,0,0,0,0,3104,6,0,0,0,0,0,0,0,0
424,2017-04-13,09:13:28,0,WH705,XZCE,3103,3092,3111,904,56054120,14332,14098,3236,2926,3081,3102,0,3101,0,0,0,2017-04-13,33208000,3103,4,0,0,0,0,0,0,0,0,3104,6,0,0,0,0,0,0,0,0
425,2017-04-13,09:13:29,0,WH705,XZCE,3103,3092,3111,908,56302360,14334,14098,3236,2926,3081,3102,0,3101,0,0,0,2017-04-13,33209000,3103,3,0,0,0,0,0,0,0,0,3104,5,0,0,0,0,0,0,0,0
426,2017-04-13,09:13:34,0,WH705,XZCE,3103,3092,3111,908,56302360,14334,14098,3236,2926,3081,3102,0,3101,0,0,0,2017-04-13,33214000,3103,13,0,0,0,0,0,0,0,0,3104,5,0,0,0,0,0,0,0,0
427,2017-04-13,09:13:35,0,WH705,XZCE,3104,3092,3111,910,56426520,14334,14098,3236,2926,3081,3102,0,3101,0,0,0,2017-04-13,33215000,3103,13,0,0,0,0,0,0,0,0,3104,4,0,0,0,0,0,0,0,0
428,2017-04-13,09:13:35,0,WH705,XZCE,3104,3092,3111,912,56550680,14334,14098,3236,2926,3081,3102,0,3101,0,0,0,2017-04-13,33215000,3103,13,0,0,0,0,0,0,0,0,3104,3,0,0,0,0,0,0,0,0
429,2017-04-13,09:13:35,0,WH705,XZCE,3104,3092,3111,918,56923160,14340,14098,3236,2926,3081,3102,0,3101,0,0,0,2017-04-13,33215000,3103,13,0,0,0,0,0,0,0,0,3105,4,0,0,0,0,0,0,0,0
430,2017-04-13,09:13:36,0,WH705,XZCE,3104,3092,3111,918,56923160,14340,14098,3236,2926,3081,3102,0,3101,0,0,0,2017-04-13,33216000,3104,1,0,0,0,0,0,0,0,0,3105,4,0,0,0,0,0,0,0,0
431,2017-04-13,09:13:36,0,WH705,XZCE,3104,3092,3111,918,56923160,14340,14098,3236,2926,3081,3102,0,3101,0,0,0,2017-04-13,33216000,3104,2,0,0,0,0,0,0,0,0,3105,4,0,0,0,0,0,0,0,0
432,2017-04-13,09:13:37,0,WH705,XZCE,3104,3092,3111,920,57047320,14342,14098,3236,2926,3081,3102,0,3101,0,0,0,2017-04-13,33217000,3104,1,0,0,0,0,0,0,0,0,3105,4,0,0,0,0,0,0,0,0
433,2017-04-13,09:13:38,0,WH705,XZCE,3104,3092,3111,920,57047320,14342,14098,3236,2926,3081,3102,0,3101,0,0,0,2017-04-13,33218000,3103,13,0,0,0,0,0,0,0,0,3105,4,0,0,0,0,0,0,0,0
434,2017-04-13,09:13:39,0,WH705,XZCE,3104,3092,3111,920,57047320,14342,14098,3236,2926,3081,3102,0,3101,0,0,0,2017-04-13,33219000,3104,1,0,0,0,0,0,0,0,0,3105,4,0,0,0,0,0,0,0,0
435,2017-04-13,09:13:39,0,WH705,XZCE,3104,3092,3111,920,57047320,14342,14098,3236,2926,3081,3102,0,3101,0,0,0,2017-04-13,33219000,3104,3,0,0,0,0,0,0,0,0,3105,4,0,0,0,0,0,0,0,0
436,2017-04-13,09:13:41,0,WH705,XZCE,3104,3092,3111,920,57047320,14342,14098,3236,2926,3081,3102,0,3101,0,0,0,2017-04-13,33221000,3104,4,0,0,0,0,0,0,0,0,3105,4,0,0,0,0,0,0,0,0
437,2017-04-13,09:13:42,0,WH705,XZCE,3105,3092,3111,928,57544120,14350,14098,3236,2926,3081,3102,0,3101,0,0,0,2017-04-13,33222000,3104,4,0,0,0,0,0,0,0,0,3106,2,0,0,0,0,0,0,0,0
438,2017-04-13,09:13:42,0,WH705,XZCE,3104,3092,3111,932,57792440,14352,14098,3236,2926,3081,3102,0,3101,0,0,0,2017-04-13,33222000,3104,2,0,0,0,0,0,0,0,0,3106,2,0,0,0,0,0,0,0,0
439,2017-04-13,09:13:43,0,WH705,XZCE,3104,3092,3111,936,58040760,14354,14098,3236,2926,3081,3102,0,3101,0,0,0,2017-04-13,33223000,3103,13,0,0,0,0,0,0,0,0,3104,98,0,0,0,0,0,0,0,0
440,2017-04-13,09:13:44,0,WH705,XZCE,3103,3092,3111,940,58289000,14354,14098,3236,2926,3081,3102,0,3101,0,0,0,2017-04-13,33224000,3103,11,0,0,0,0,0,0,0,0,3104,98,0,0,0,0,0,0,0,0
441,2017-04-13,09:13:45,0,WH705,XZCE,3103,3092,3111,944,58537240,14356,14098,3236,2926,3081,3102,0,3101,0,0,0,2017-04-13,33225000,3103,9,0,0,0,0,0,0,0,0,3104,98,0,0,0,0,0,0,0,0
442,2017-04-13,09:13:46,0,WH705,XZCE,3103,3092,3111,946,58661360,14356,14098,3236,2926,3081,3102,0,3101,0,0,0,2017-04-13,33226000,3103,8,0,0,0,0,0,0,0,0,3104,98,0,0,0,0,0,0,0,0
443,2017-04-13,09:13:47,0,WH705,XZCE,3103,3092,3111,946,58661360,14356,14098,3236,2926,3081,3102,0,3101,0,0,0,2017-04-13,33227000,3103,10,0,0,0,0,0,0,0,0,3104,98,0,0,0,0,0,0,0,0
444,2017-04-13,09:13:47,0,WH705,XZCE,3103,3092,3111,958,59406080,14350,14098,3236,2926,3081,3102,0,3101,0,0,0,2017-04-13,33227000,3103,4,0,0,0,0,0,0,0,0,3104,98,0,0,0,0,0,0,0,0
445,2017-04-13,09:13:48,0,WH705,XZCE,3103,3092,3111,966,59902560,14350,14098,3236,2926,3081,3102,0,3101,0,0,0,2017-04-13,33228000,3102,1,0,0,0,0,0,0,0,0,3103,7,0,0,0,0,0,0,0,0
446,2017-04-13,09:13:49,0,WH705,XZCE,3103,3092,3111,966,59902560,14350,14098,3236,2926,3081,3102,0,3101,0,0,0,2017-04-13,33229000,3102,1,0,0,0,0,0,0,0,0,3103,9,0,0,0,0,0,0,0,0
447,2017-04-13,09:13:51,0,WH705,XZCE,3102,3092,3111,968,60026640,14350,14098,3236,2926,3081,3102,0,3101,0,0,0,2017-04-13,33231000,3100,8,0,0,0,0,0,0,0,0,3103,9,0,0,0,0,0,0,0,0
448,2017-04-13,09:13:51,0,WH705,XZCE,3102,3092,3111,968,60026640,14350,14098,3236,2926,3081,3102,0,3101,0,0,0,2017-04-13,33231000,3100,8,0,0,0,0,0,0,0,0,3102,1,0,0,0,0,0,0,0,0
449,2017-04-13,09:13:55,0,WH705,XZCE,3102,3092,3111,968,60026640,14350,14098,3236,2926,3081,3102,0,3101,0,0,0,2017-04-13,33235000,3101,1,0,0,0,0,0,0,0,0,3102,1,0,0,0,0,0,0,0,0
450,2017-04-13,09:13:56,0,WH705,XZCE,3102,3092,3111,968,60026640,14350,14098,3236,2926,3081,3102,0,3101,0,0,0,2017-04-13,33236000,3101,1,0,0,0,0,0,0,0,0,3103,9,0,0,0,0,0,0,0,0
451,2017-04-13,09:13:58,0,WH705,XZCE,3101,3092,3111,970,60150680,14350,14098,3236,2926,3081,3102,0,3101,0,0,0,2017-04-13,33238000,3100,8,0,0,0,0,0,0,0,0,3103,9,0,0,0,0,0,0,0,0
452,2017-04-13,09:14:00,0,WH705,XZCE,3101,3092,3111,970,60150680,14350,14098,3236,2926,3081,3102,0,3101,0,0,0,2017-04-13,33240000,3101,3,0,0,0,0,0,0,0,0,3103,9,0,0,0,0,0,0,0,0
453,2017-04-13,09:14:01,0,WH705,XZCE,3101,3092,3111,970,60150680,14350,14098,3236,2926,3081,3102,0,3101,0,0,0,2017-04-13,33241000,3101,4,0,0,0,0,0,0,0,0,3103,2,0,0,0,0,0,0,0,0
454,2017-04-13,09:14:02,0,WH705,XZCE,3101,3092,3111,974,60398760,14350,14098,3236,2926,3081,3102,0,3101,0,0,0,2017-04-13,33242000,3101,2,0,0,0,0,0,0,0,0,3103,2,0,0,0,0,0,0,0,0
455,2017-04-13,09:14:04,0,WH705,XZCE,3101,3092,3111,978,60646840,14352,14098,3236,2926,3081,3102,0,3101,0,0,0,2017-04-13,33244000,3100,8,0,0,0,0,0,0,0,0,3101,4,0,0,0,0,0,0,0,0
456,2017-04-13,09:14:05,0,WH705,XZCE,3101,3092,3111,978,60646840,14352,14098,3236,2926,3081,3102,0,3101,0,0,0,2017-04-13,33245000,3100,8,0,0,0,0,0,0,0,0,3101,5,0,0,0,0,0,0,0,0
457,2017-04-13,09:14:11,0,WH705,XZCE,3100,3092,3111,994,61638840,14368,14098,3236,2926,3081,3102,0,3101,0,0,0,2017-04-13,33251000,3096,5,0,0,0,0,0,0,0,0,3100,4,0,0,0,0,0,0,0,0
458,2017-04-13,09:14:11,0,WH705,XZCE,3100,3092,3111,994,61638840,14368,14098,3236,2926,3081,3102,0,3101,0,0,0,2017-04-13,33251000,3096,7,0,0,0,0,0,0,0,0,3100,4,0,0,0,0,0,0,0,0
459,2017-04-13,09:14:12,0,WH705,XZCE,3100,3092,3111,994,61638840,14368,14098,3236,2926,3081,3102,0,3101,0,0,0,2017-04-13,33252000,3097,2,0,0,0,0,0,0,0,0,3100,4,0,0,0,0,0,0,0,0
460,2017-04-13,09:14:13,0,WH705,XZCE,3100,3092,3111,994,61638840,14368,14098,3236,2926,3081,3102,0,3101,0,0,0,2017-04-13,33253000,3097,4,0,0,0,0,0,0,0,0,3100,4,0,0,0,0,0,0,0,0
461,2017-04-13,09:14:14,0,WH705,XZCE,3100,3092,3111,994,61638840,14368,14098,3236,2926,3081,3102,0,3101,0,0,0,2017-04-13,33254000,3097,6,0,0,0,0,0,0,0,0,3100,4,0,0,0,0,0,0,0,0
462,2017-04-13,09:14:14,0,WH705,XZCE,3100,3092,3111,994,61638840,14368,14098,3236,2926,3081,3102,0,3101,0,0,0,2017-04-13,33254000,3098,4,0,0,0,0,0,0,0,0,3100,3,0,0,0,0,0,0,0,0
463,2017-04-13,09:14:15,0,WH705,XZCE,3100,3092,3111,994,61638840,14368,14098,3236,2926,3081,3102,0,3101,0,0,0,2017-04-13,33255000,3098,7,0,0,0,0,0,0,0,0,3100,3,0,0,0,0,0,0,0,0
464,2017-04-13,09:14:15,0,WH705,XZCE,3098,3092,3111,1008,62506280,14372,14098,3236,2926,3081,3102,0,3101,0,0,0,2017-04-13,33255000,3097,4,0,0,0,0,0,0,0,0,3098,4,0,0,0,0,0,0,0,0
465,2017-04-13,09:14:16,0,WH705,XZCE,3098,3092,3111,1008,62506280,14372,14098,3236,2926,3081,3102,0,3101,0,0,0,2017-04-13,33256000,3097,3,0,0,0,0,0,0,0,0,3098,4,0,0,0,0,0,0,0,0
466,2017-04-13,09:14:17,0,WH705,XZCE,3098,3092,3111,1008,62506280,14372,14098,3236,2926,3081,3102,0,3101,0,0,0,2017-04-13,33257000,3097,3,0,0,0,0,0,0,0,0,3098,5,0,0,0,0,0,0,0,0
467,2017-04-13,09:14:17,0,WH705,XZCE,3097,3092,3111,1010,62630160,14372,14098,3236,2926,3081,3102,0,3101,0,0,0,2017-04-13,33257000,3097,2,0,0,0,0,0,0,0,0,3098,5,0,0,0,0,0,0,0,0
468,2017-04-13,09:14:18,0,WH705,XZCE,3097,3092,3111,1014,62877920,14372,14098,3236,2926,3081,3102,0,3101,0,0,0,2017-04-13,33258000,3097,1,0,0,0,0,0,0,0,0,3098,4,0,0,0,0,0,0,0,0
469,2017-04-13,09:14:19,0,WH705,XZCE,3098,3092,3111,1022,63373600,14374,14098,3236,2926,3081,3102,0,3101,0,0,0,2017-04-13,33259000,3097,1,0,0,0,0,0,0,0,0,3100,4,0,0,0,0,0,0,0,0
470,2017-04-13,09:14:19,0,WH705,XZCE,3098,3092,3111,1022,63373600,14374,14098,3236,2926,3081,3102,0,3101,0,0,0,2017-04-13,33259000,3097,1,0,0,0,0,0,0,0,0,3100,5,0,0,0,0,0,0,0,0
471,2017-04-13,09:14:25,0,WH705,XZCE,3097,3092,3111,1024,63497480,14376,14098,3236,2926,3081,3102,0,3101,0,0,0,2017-04-13,33265000,3096,5,0,0,0,0,0,0,0,0,3100,5,0,0,0,0,0,0,0,0
472,2017-04-13,09:14:26,0,WH705,XZCE,3097,3092,3111,1024,63497480,14376,14098,3236,2926,3081,3102,0,3101,0,0,0,2017-04-13,33266000,3097,1,0,0,0,0,0,0,0,0,3100,5,0,0,0,0,0,0,0,0
473,2017-04-13,09:14:26,0,WH705,XZCE,3097,3092,3111,1024,63497480,14376,14098,3236,2926,3081,3102,0,3101,0,0,0,2017-04-13,33266000,3097,2,0,0,0,0,0,0,0,0,3100,5,0,0,0,0,0,0,0,0
474,2017-04-13,09:14:27,0,WH705,XZCE,3097,3092,3111,1024,63497480,14376,14098,3236,2926,3081,3102,0,3101,0,0,0,2017-04-13,33267000,3098,1,0,0,0,0,0,0,0,0,3100,5,0,0,0,0,0,0,0,0
475,2017-04-13,09:14:28,0,WH705,XZCE,3097,3092,3111,1024,63497480,14376,14098,3236,2926,3081,3102,0,3101,0,0,0,2017-04-13,33268000,3098,1,0,0,0,0,0,0,0,0,3100,6,0,0,0,0,0,0,0,0
476,2017-04-13,09:14:33,0,WH705,XZCE,3100,3092,3111,1038,64365480,14388,14098,3236,2926,3081,3102,0,3101,0,0,0,2017-04-13,33273000,3100,3,0,0,0,0,0,0,0,0,3101,6,0,0,0,0,0,0,0,0
477,2017-04-13,09:14:35,0,WH705,XZCE,3101,3092,3111,1042,64613560,14392,14098,3236,2926,3081,3102,0,3101,0,0,0,2017-04-13,33275000,3100,3,0,0,0,0,0,0,0,0,3101,4,0,0,0,0,0,0,0,0
478,2017-04-13,09:14:36,0,WH705,XZCE,3101,3092,3111,1044,64737600,14394,14098,3236,2926,3081,3102,0,3101,0,0,0,2017-04-13,33276000,3100,3,0,0,0,0,0,0,0,0,3101,3,0,0,0,0,0,0,0,0
479,2017-04-13,09:14:42,0,WH705,XZCE,3101,3092,3111,1044,64737600,14394,14098,3236,2926,3081,3102,0,3101,0,0,0,2017-04-13,33282000,3100,3,0,0,0,0,0,0,0,0,3101,4,0,0,0,0,0,0,0,0
480,2017-04-13,09:14:45,0,WH705,XZCE,3100,3092,3111,1046,64861600,14396,14098,3236,2926,3081,3102,0,3101,0,0,0,2017-04-13,33285000,3100,2,0,0,0,0,0,0,0,0,3101,4,0,0,0,0,0,0,0,0
481,2017-04-13,09:14:58,0,WH705,XZCE,3101,3092,3111,1048,64985640,14396,14098,3236,2926,3081,3102,0,3101,0,0,0,2017-04-13,33298000,3100,2,0,0,0,0,0,0,0,0,3101,3,0,0,0,0,0,0,0,0
482,2017-04-13,09:15:00,0,WH705,XZCE,3100,3092,3111,1050,65109640,14398,14098,3236,2926,3081,3102,0,3101,0,0,0,2017-04-13,33300000,3100,1,0,0,0,0,0,0,0,0,3101,3,0,0,0,0,0,0,0,0
483,2017-04-13,09:15:00,0,WH705,XZCE,3100,3092,3111,1052,65233640,14400,14098,3236,2926,3081,3102,0,3101,0,0,0,2017-04-13,33300000,3098,4,0,0,0,0,0,0,0,0,3101,3,0,0,0,0,0,0,0,0
484,2017-04-13,09:15:01,0,WH705,XZCE,3100,3092,3111,1052,65233640,14400,14098,3236,2926,3081,3102,0,3101,0,0,0,2017-04-13,33301000,3099,2,0,0,0,0,0,0,0,0,3101,3,0,0,0,0,0,0,0,0
485,2017-04-13,09:15:01,0,WH705,XZCE,3100,3092,3111,1052,65233640,14400,14098,3236,2926,3081,3102,0,3101,0,0,0,2017-04-13,33301000,3099,3,0,0,0,0,0,0,0,0,3101,3,0,0,0,0,0,0,0,0
486,2017-04-13,09:15:02,0,WH705,XZCE,3100,3092,3111,1052,65233640,14400,14098,3236,2926,3081,3102,0,3101,0,0,0,2017-04-13,33302000,3099,5,0,0,0,0,0,0,0,0,3101,3,0,0,0,0,0,0,0,0
487,2017-04-13,09:15:05,0,WH705,XZCE,3100,3092,3111,1052,65233640,14400,14098,3236,2926,3081,3102,0,3101,0,0,0,2017-04-13,33305000,3099,7,0,0,0,0,0,0,0,0,3101,3,0,0,0,0,0,0,0,0
488,2017-04-13,09:15:06,0,WH705,XZCE,3100,3092,3111,1052,65233640,14400,14098,3236,2926,3081,3102,0,3101,0,0,0,2017-04-13,33306000,3100,1,0,0,0,0,0,0,0,0,3101,3,0,0,0,0,0,0,0,0
489,2017-04-13,09:15:13,0,WH705,XZCE,3101,3092,3111,1058,65605760,14404,14098,3236,2926,3081,3102,0,3101,0,0,0,2017-04-13,33313000,3100,3,0,0,0,0,0,0,0,0,3103,3,0,0,0,0,0,0,0,0
490,2017-04-13,09:15:13,0,WH705,XZCE,3101,3092,3111,1058,65605760,14404,14098,3236,2926,3081,3102,0,3101,0,0,0,2017-04-13,33313000,3101,2,0,0,0,0,0,0,0,0,3103,3,0,0,0,0,0,0,0,0
491,2017-04-13,09:15:14,0,WH705,XZCE,3101,3092,3111,1060,65729800,14406,14098,3236,2926,3081,3102,0,3101,0,0,0,2017-04-13,33314000,3101,2,0,0,0,0,0,0,0,0,3103,3,0,0,0,0,0,0,0,0
492,2017-04-13,09:15:15,0,WH705,XZCE,3101,3092,3111,1062,65853840,14408,14098,3236,2926,3081,3102,0,3101,0,0,0,2017-04-13,33315000,3101,1,0,0,0,0,0,0,0,0,3103,3,0,0,0,0,0,0,0,0
493,2017-04-13,09:15:21,0,WH705,XZCE,3101,3092,3111,1062,65853840,14408,14098,3236,2926,3081,3102,0,3101,0,0,0,2017-04-13,33321000,3101,1,0,0,0,0,0,0,0,0,3103,2,0,0,0,0,0,0,0,0
494,2017-04-13,09:15:26,0,WH705,XZCE,3101,3092,3111,1062,65853840,14408,14098,3236,2926,3081,3102,0,3101,0,0,0,2017-04-13,33326000,3101,2,0,0,0,0,0,0,0,0,3103,2,0,0,0,0,0,0,0,0
495,2017-04-13,09:15:27,0,WH705,XZCE,3101,3092,3111,1062,65853840,14408,14098,3236,2926,3081,3102,0,3101,0,0,0,2017-04-13,33327000,3101,3,0,0,0,0,0,0,0,0,3103,1,0,0,0,0,0,0,0,0
496,2017-04-13,09:15:31,0,WH705,XZCE,3101,3092,3111,1062,65853840,14408,14098,3236,2926,3081,3102,0,3101,0,0,0,2017-04-13,33331000,3101,4,0,0,0,0,0,0,0,0,3103,1,0,0,0,0,0,0,0,0
497,2017-04-13,09:15:32,0,WH705,XZCE,3101,3092,3111,1062,65853840,14408,14098,3236,2926,3081,3102,0,3101,0,0,0,2017-04-13,33332000,3101,5,0,0,0,0,0,0,0,0,3103,1,0,0,0,0,0,0,0,0
498,2017-04-13,09:15:34,0,WH705,XZCE,3101,3092,3111,1062,65853840,14408,14098,3236,2926,3081,3102,0,3101,0,0,0,2017-04-13,33334000,3101,4,0,0,0,0,0,0,0,0,3103,1,0,0,0,0,0,0,0,0
499,2017-04-13,09:15:39,0,WH705,XZCE,3101,3092,3111,1062,65853840,14408,14098,3236,2926,3081,3102,0,3101,0,0,0,2017-04-13,33339000,3101,4,0,0,0,0,0,0,0,0,3103,2,0,0,0,0,0,0,0,0
500,2017-04-13,09:15:43,0,WH705,XZCE,3103,3092,3111,1064,65977960,14408,14098,3236,2926,3081,3102,0,3101,0,0,0,2017-04-13,33343000,3101,4,0,0,0,0,0,0,0,0,3103,1,0,0,0,0,0,0,0,0
501,2017-04-13,09:16:00,0,WH705,XZCE,3103,3092,3111,1064,65977960,14408,14098,3236,2926,3081,3102,0,3101,0,0,0,2017-04-13,33360000,3102,2,0,0,0,0,0,0,0,0,3103,1,0,0,0,0,0,0,0,0
502,2017-04-13,09:16:00,0,WH705,XZCE,3101,3092,3111,1074,66598160,14416,14098,3236,2926,3081,3102,0,3101,0,0,0,2017-04-13,33360000,3100,1,0,0,0,0,0,0,0,0,3101,40,0,0,0,0,0,0,0,0
503,2017-04-13,09:16:01,0,WH705,XZCE,3101,3092,3111,1074,66598160,14416,14098,3236,2926,3081,3102,0,3101,0,0,0,2017-04-13,33361000,3099,11,0,0,0,0,0,0,0,0,3101,40,0,0,0,0,0,0,0,0
504,2017-04-13,09:16:01,0,WH705,XZCE,3101,3092,3111,1074,66598160,14416,14098,3236,2926,3081,3102,0,3101,0,0,0,2017-04-13,33361000,3099,11,0,0,0,0,0,0,0,0,3100,1,0,0,0,0,0,0,0,0
505,2017-04-13,09:16:02,0,WH705,XZCE,3101,3092,3111,1074,66598160,14416,14098,3236,2926,3081,3102,0,3101,0,0,0,2017-04-13,33362000,3099,11,0,0,0,0,0,0,0,0,3100,2,0,0,0,0,0,0,0,0
506,2017-04-13,09:16:08,0,WH705,XZCE,3100,3092,3111,1078,66846160,14418,14098,3236,2926,3081,3102,0,3101,0,0,0,2017-04-13,33368000,3099,11,0,0,0,0,0,0,0,0,3101,40,0,0,0,0,0,0,0,0
507,2017-04-13,09:16:08,0,WH705,XZCE,3100,3092,3111,1078,66846160,14418,14098,3236,2926,3081,3102,0,3101,0,0,0,2017-04-13,33368000,3100,1,0,0,0,0,0,0,0,0,3101,40,0,0,0,0,0,0,0,0
508,2017-04-13,09:16:11,0,WH705,XZCE,3100,3092,3111,1080,66970160,14420,14098,3236,2926,3081,3102,0,3101,0,0,0,2017-04-13,33371000,3099,11,0,0,0,0,0,0,0,0,3101,40,0,0,0,0,0,0,0,0
509,2017-04-13,09:16:11,0,WH705,XZCE,3100,3092,3111,1080,66970160,14420,14098,3236,2926,3081,3102,0,3101,0,0,0,2017-04-13,33371000,3099,12,0,0,0,0,0,0,0,0,3100,1,0,0,0,0,0,0,0,0
510,2017-04-13,09:16:15,0,WH705,XZCE,3099,3092,3111,1104,68457680,14444,14098,3236,2926,3081,3102,0,3101,0,0,0,2017-04-13,33375000,3098,3,0,0,0,0,0,0,0,0,3099,88,0,0,0,0,0,0,0,0
511,2017-04-13,09:16:16,0,WH705,XZCE,3098,3092,3111,1106,68581600,14444,14098,3236,2926,3081,3102,0,3101,0,0,0,2017-04-13,33376000,3098,2,0,0,0,0,0,0,0,0,3099,88,0,0,0,0,0,0,0,0
512,2017-04-13,09:16:16,0,WH705,XZCE,3098,3092,3111,1108,68705520,14446,14098,3236,2926,3081,3102,0,3101,0,0,0,2017-04-13,33376000,3098,1,0,0,0,0,0,0,0,0,3099,88,0,0,0,0,0,0,0,0
513,2017-04-13,09:16:17,0,WH705,XZCE,3098,3092,3111,1110,68829440,14446,14098,3236,2926,3081,3102,0,3101,0,0,0,2017-04-13,33377000,3097,1,0,0,0,0,0,0,0,0,3099,88,0,0,0,0,0,0,0,0
514,2017-04-13,09:16:18,0,WH705,XZCE,3098,3092,3111,1110,68829440,14446,14098,3236,2926,3081,3102,0,3101,0,0,0,2017-04-13,33378000,3097,1,0,0,0,0,0,0,0,0,3098,1,0,0,0,0,0,0,0,0
515,2017-04-13,09:16:19,0,WH705,XZCE,3098,3092,3111,1110,68829440,14446,14098,3236,2926,3081,3102,0,3101,0,0,0,2017-04-13,33379000,3097,1,0,0,0,0,0,0,0,0,3098,2,0,0,0,0,0,0,0,0
516,2017-04-13,09:16:21,0,WH705,XZCE,3098,3092,3111,1110,68829440,14446,14098,3236,2926,3081,3102,0,3101,0,0,0,2017-04-13,33381000,3097,1,0,0,0,0,0,0,0,0,3098,3,0,0,0,0,0,0,0,0
517,2017-04-13,09:16:22,0,WH705,XZCE,3098,3092,3111,1114,69077280,14450,14098,3236,2926,3081,3102,0,3101,0,0,0,2017-04-13,33382000,3097,1,0,0,0,0,0,0,0,0,3098,1,0,0,0,0,0,0,0,0
518,2017-04-13,09:16:24,0,WH705,XZCE,3098,3092,3111,1114,69077280,14450,14098,3236,2926,3081,3102,0,3101,0,0,0,2017-04-13,33384000,3097,11,0,0,0,0,0,0,0,0,3098,1,0,0,0,0,0,0,0,0
519,2017-04-13,09:16:25,0,WH705,XZCE,3098,3092,3111,1116,69201200,14448,14098,3236,2926,3081,3102,0,3101,0,0,0,2017-04-13,33385000,3097,11,0,0,0,0,0,0,0,0,3099,88,0,0,0,0,0,0,0,0
520,2017-04-13,09:16:25,0,WH705,XZCE,3098,3092,3111,1116,69201200,14448,14098,3236,2926,3081,3102,0,3101,0,0,0,2017-04-13,33385000,3098,1,0,0,0,0,0,0,0,0,3099,88,0,0,0,0,0,0,0,0
521,2017-04-13,09:16:26,0,WH705,XZCE,3098,3092,3111,1116,69201200,14448,14098,3236,2926,3081,3102,0,3101,0,0,0,2017-04-13,33386000,3098,3,0,0,0,0,0,0,0,0,3099,88,0,0,0,0,0,0,0,0
522,2017-04-13,09:16:29,0,WH705,XZCE,3099,3092,3111,1118,69325160,14448,14098,3236,2926,3081,3102,0,3101,0,0,0,2017-04-13,33389000,3098,3,0,0,0,0,0,0,0,0,3099,87,0,0,0,0,0,0,0,0
523,2017-04-13,09:16:31,0,WH705,XZCE,3099,3092,3111,1118,69325160,14448,14098,3236,2926,3081,3102,0,3101,0,0,0,2017-04-13,33391000,3098,2,0,0,0,0,0,0,0,0,3099,87,0,0,0,0,0,0,0,0
524,2017-04-13,09:16:38,0,WH705,XZCE,3098,3092,3111,1122,69573000,14444,14098,3236,2926,3081,3102,0,3101,0,0,0,2017-04-13,33398000,3097,11,0,0,0,0,0,0,0,0,3099,87,0,0,0,0,0,0,0,0
525,2017-04-13,09:16:40,0,WH705,XZCE,3098,3092,3111,1122,69573000,14444,14098,3236,2926,3081,3102,0,3101,0,0,0,2017-04-13,33400000,3098,1,0,0,0,0,0,0,0,0,3099,87,0,0,0,0,0,0,0,0
526,2017-04-13,09:16:41,0,WH705,XZCE,3098,3092,3111,1122,69573000,14444,14098,3236,2926,3081,3102,0,3101,0,0,0,2017-04-13,33401000,3098,2,0,0,0,0,0,0,0,0,3099,87,0,0,0,0,0,0,0,0
527,2017-04-13,09:16:44,0,WH705,XZCE,3098,3092,3111,1126,69820840,14442,14098,3236,2926,3081,3102,0,3101,0,0,0,2017-04-13,33404000,3097,11,0,0,0,0,0,0,0,0,3099,87,0,0,0,0,0,0,0,0
528,2017-04-13,09:16:48,0,WH705,XZCE,3097,3092,3111,1134,70316360,14444,14098,3236,2926,3081,3102,0,3101,0,0,0,2017-04-13,33408000,3097,7,0,0,0,0,0,0,0,0,3099,87,0,0,0,0,0,0,0,0
529,2017-04-13,09:16:49,0,WH705,XZCE,3097,3092,3111,1148,71183520,14458,14098,3236,2926,3081,3102,0,3101,0,0,0,2017-04-13,33409000,3096,3,0,0,0,0,0,0,0,0,3099,87,0,0,0,0,0,0,0,0
530,2017-04-13,09:16:49,0,WH705,XZCE,3097,3092,3111,1148,71183520,14458,14098,3236,2926,3081,3102,0,3101,0,0,0,2017-04-13,33409000,3096,2,0,0,0,0,0,0,0,0,3098,1,0,0,0,0,0,0,0,0
531,2017-04-13,09:16:51,0,WH705,XZCE,3097,3092,3111,1148,71183520,14458,14098,3236,2926,3081,3102,0,3101,0,0,0,2017-04-13,33411000,3096,2,0,0,0,0,0,0,0,0,3098,2,0,0,0,0,0,0,0,0
532,2017-04-13,09:16:56,0,WH705,XZCE,3097,3092,3111,1148,71183520,14458,14098,3236,2926,3081,3102,0,3101,0,0,0,2017-04-13,33416000,3097,1,0,0,0,0,0,0,0,0,3098,2,0,0,0,0,0,0,0,0
533,2017-04-13,09:16:57,0,WH705,XZCE,3098,3092,3111,1150,71307440,14460,14098,3236,2926,3081,3102,0,3101,0,0,0,2017-04-13,33417000,3098,1,0,0,0,0,0,0,0,0,3099,87,0,0,0,0,0,0,0,0
534,2017-04-13,09:16:57,0,WH705,XZCE,3098,3092,3111,1152,71431360,14462,14098,3236,2926,3081,3102,0,3101,0,0,0,2017-04-13,33417000,3097,1,0,0,0,0,0,0,0,0,3099,87,0,0,0,0,0,0,0,0
535,2017-04-13,09:16:58,0,WH705,XZCE,3098,3092,3111,1152,71431360,14462,14098,3236,2926,3081,3102,0,3101,0,0,0,2017-04-13,33418000,3097,1,0,0,0,0,0,0,0,0,3098,1,0,0,0,0,0,0,0,0
536,2017-04-13,09:17:02,0,WH705,XZCE,3098,3092,3111,1154,71555280,14462,14098,3236,2926,3081,3102,0,3101,0,0,0,2017-04-13,33422000,3097,1,0,0,0,0,0,0,0,0,3099,87,0,0,0,0,0,0,0,0
537,2017-04-13,09:17:03,0,WH705,XZCE,3098,3092,3111,1154,71555280,14462,14098,3236,2926,3081,3102,0,3101,0,0,0,2017-04-13,33423000,3098,1,0,0,0,0,0,0,0,0,3099,87,0,0,0,0,0,0,0,0
538,2017-04-13,09:17:04,0,WH705,XZCE,3098,3092,3111,1156,71679200,14464,14098,3236,2926,3081,3102,0,3101,0,0,0,2017-04-13,33424000,3097,1,0,0,0,0,0,0,0,0,3099,87,0,0,0,0,0,0,0,0
539,2017-04-13,09:17:05,0,WH705,XZCE,3098,3092,3111,1156,71679200,14464,14098,3236,2926,3081,3102,0,3101,0,0,0,2017-04-13,33425000,3097,2,0,0,0,0,0,0,0,0,3099,87,0,0,0,0,0,0,0,0
540,2017-04-13,09:17:06,0,WH705,XZCE,3098,3092,3111,1156,71679200,14464,14098,3236,2926,3081,3102,0,3101,0,0,0,2017-04-13,33426000,3097,2,0,0,0,0,0,0,0,0,3098,1,0,0,0,0,0,0,0,0
541,2017-04-13,09:17:07,0,WH705,XZCE,3097,3092,3111,1158,71803080,14464,14098,3236,2926,3081,3102,0,3101,0,0,0,2017-04-13,33427000,3097,1,0,0,0,0,0,0,0,0,3098,1,0,0,0,0,0,0,0,0
542,2017-04-13,09:17:09,0,WH705,XZCE,3097,3092,3111,1158,71803080,14464,14098,3236,2926,3081,3102,0,3101,0,0,0,2017-04-13,33429000,3097,2,0,0,0,0,0,0,0,0,3098,1,0,0,0,0,0,0,0,0
543,2017-04-13,09:17:12,0,WH705,XZCE,3098,3092,3111,1160,71927000,14464,14098,3236,2926,3081,3102,0,3101,0,0,0,2017-04-13,33432000,3097,2,0,0,0,0,0,0,0,0,3099,88,0,0,0,0,0,0,0,0
544,2017-04-13,09:17:13,0,WH705,XZCE,3097,3092,3111,1162,72050880,14464,14098,3236,2926,3081,3102,0,3101,0,0,0,2017-04-13,33433000,3097,1,0,0,0,0,0,0,0,0,3099,88,0,0,0,0,0,0,0,0
545,2017-04-13,09:17:15,0,WH705,XZCE,3097,3092,3111,1162,72050880,14464,14098,3236,2926,3081,3102,0,3101,0,0,0,2017-04-13,33435000,3097,2,0,0,0,0,0,0,0,0,3098,1,0,0,0,0,0,0,0,0
546,2017-04-13,09:17:16,0,WH705,XZCE,3097,3092,3111,1162,72050880,14464,14098,3236,2926,3081,3102,0,3101,0,0,0,2017-04-13,33436000,3097,2,0,0,0,0,0,0,0,0,3098,4,0,0,0,0,0,0,0,0
547,2017-04-13,09:17:21,0,WH705,XZCE,3097,3092,3111,1162,72050880,14464,14098,3236,2926,3081,3102,0,3101,0,0,0,2017-04-13,33441000,3097,12,0,0,0,0,0,0,0,0,3098,4,0,0,0,0,0,0,0,0
548,2017-04-13,09:17:22,0,WH705,XZCE,3098,3092,3111,1170,72546560,14466,14098,3236,2926,3081,3102,0,3101,0,0,0,2017-04-13,33442000,3098,4,0,0,0,0,0,0,0,0,3099,87,0,0,0,0,0,0,0,0
549,2017-04-13,09:17:24,0,WH705,XZCE,3098,3092,3111,1170,72546560,14466,14098,3236,2926,3081,3102,0,3101,0,0,0,2017-04-13,33444000,3097,12,0,0,0,0,0,0,0,0,3099,87,0,0,0,0,0,0,0,0
550,2017-04-13,09:17:24,0,WH705,XZCE,3098,3092,3111,1170,72546560,14466,14098,3236,2926,3081,3102,0,3101,0,0,0,2017-04-13,33444000,3098,1,0,0,0,0,0,0,0,0,3099,87,0,0,0,0,0,0,0,0
551,2017-04-13,09:17:27,0,WH705,XZCE,3099,3092,3111,1178,73042400,14474,14098,3236,2926,3081,3102,0,3101,0,0,0,2017-04-13,33447000,3098,1,0,0,0,0,0,0,0,0,3099,83,0,0,0,0,0,0,0,0
552,2017-04-13,09:17:41,0,WH705,XZCE,3099,3092,3111,1178,73042400,14474,14098,3236,2926,3081,3102,0,3101,0,0,0,2017-04-13,33461000,3098,2,0,0,0,0,0,0,0,0,3099,83,0,0,0,0,0,0,0,0
553,2017-04-13,09:17:41,0,WH705,XZCE,3099,3092,3111,1178,73042400,14474,14098,3236,2926,3081,3102,0,3101,0,0,0,2017-04-13,33461000,3098,1,0,0,0,0,0,0,0,0,3099,83,0,0,0,0,0,0,0,0
554,2017-04-13,09:17:45,0,WH705,XZCE,3098,3092,3111,1180,73166320,14474,14098,3236,2926,3081,3102,0,3101,0,0,0,2017-04-13,33465000,3097,13,0,0,0,0,0,0,0,0,3099,83,0,0,0,0,0,0,0,0
555,2017-04-13,09:17:50,0,WH705,XZCE,3099,3092,3111,1346,83455000,14640,14098,3236,2926,3081,3102,0,3101,0,0,0,2017-04-13,33470000,3099,4,0,0,0,0,0,0,0,0,3100,2,0,0,0,0,0,0,0,0
556,2017-04-13,09:17:52,0,WH705,XZCE,3100,3092,3111,1350,83703000,14638,14098,3236,2926,3081,3102,0,3101,0,0,0,2017-04-13,33472000,3099,4,0,0,0,0,0,0,0,0,3103,1,0,0,0,0,0,0,0,0
557,2017-04-13,09:17:52,0,WH705,XZCE,3100,3092,3111,1350,83703000,14638,14098,3236,2926,3081,3102,0,3101,0,0,0,2017-04-13,33472000,3100,3,0,0,0,0,0,0,0,0,3103,2,0,0,0,0,0,0,0,0
558,2017-04-13,09:17:54,0,WH705,XZCE,3100,3092,3111,1350,83703000,14638,14098,3236,2926,3081,3102,0,3101,0,0,0,2017-04-13,33474000,3100,2,0,0,0,0,0,0,0,0,3103,2,0,0,0,0,0,0,0,0
559,2017-04-13,09:17:54,0,WH705,XZCE,3100,3092,3111,1350,83703000,14638,14098,3236,2926,3081,3102,0,3101,0,0,0,2017-04-13,33474000,3101,1,0,0,0,0,0,0,0,0,3103,2,0,0,0,0,0,0,0,0
560,2017-04-13,09:18:02,0,WH705,XZCE,3100,3092,3111,1350,83703000,14638,14098,3236,2926,3081,3102,0,3101,0,0,0,2017-04-13,33482000,3101,1,0,0,0,0,0,0,0,0,3102,1,0,0,0,0,0,0,0,0
561,2017-04-13,09:18:04,0,WH705,XZCE,3100,3092,3111,1350,83703000,14638,14098,3236,2926,3081,3102,0,3101,0,0,0,2017-04-13,33484000,3100,2,0,0,0,0,0,0,0,0,3102,1,0,0,0,0,0,0,0,0
562,2017-04-13,09:18:14,0,WH705,XZCE,3100,3092,3111,1350,83703000,14638,14098,3236,2926,3081,3102,0,3101,0,0,0,2017-04-13,33494000,3100,3,0,0,0,0,0,0,0,0,3101,2,0,0,0,0,0,0,0,0
563,2017-04-13,09:18:15,0,WH705,XZCE,3100,3092,3111,1350,83703000,14638,14098,3236,2926,3081,3102,0,3101,0,0,0,2017-04-13,33495000,3100,3,0,0,0,0,0,0,0,0,3101,3,0,0,0,0,0,0,0,0
564,2017-04-13,09:18:20,0,WH705,XZCE,3100,3092,3111,1350,83703000,14638,14098,3236,2926,3081,3102,0,3101,0,0,0,2017-04-13,33500000,3100,2,0,0,0,0,0,0,0,0,3101,3,0,0,0,0,0,0,0,0
