,dataDate,dataTime,dataMillisec,instrumentID,exchangeCD,lastPrice,lowPrice,highPrice,volume,value,openInterest,preOpenInterest,upperLimitPrice,lowerLimitPrice,preSettlementPrice,prevClosePrice,settlementPrice,openPrice,closePrice,preDelta,currDelta,clearingDay,milliSecOffset,bidPrice1,bidVolume1,bidPrice2,bidVolume2,bidPrice3,bidVolume3,bidPrice4,bidVolume4,bidPrice5,bidVolume5,askPrice1,askVolume1,askPrice2,askVolume2,askPrice3,askVolume3,askPrice4,askVolume4,askPrice5,askVolume5
0,2017-04-13,19:31:03,0,CF709,XZCE,15835,0,0,0,0,228134,228134,16530,14950,15740,15835,0,0,0,0,0,2017-04-14,70263000,0,0,0,0,0,0,0,0,0,0,0,0,0,0,0,0,0,0,0,0
1,2017-04-13,19:31:03,0,CF709,XZCE,15835,0,0,0,0,228134,228134,16530,14950,15740,15835,0,15820,0,0,0,2017-04-14,70263000,0,0,0,0,0,0,0,0,0,0,0,0,0,0,0,0,0,0,0,0
2,2017-04-13,19:31:03,0,CF709,XZCE,15835,0,0,0,0,228134,228134,16530,14950,15740,15835,0,15825,0,0,0,2017-04-14,70263000,0,0,0,0,0,0,0,0,0,0,0,0,0,0,0,0,0,0,0,0
3,2017-04-13,19:31:03,0,CF709,XZCE,15835,0,0,0,0,228134,228134,16530,14950,15740,15835,0,15820,0,0,0,2017-04-14,70263000,0,0,0,0,0,0,0,0,0,0,0,0,0,0,0,0,0,0,0,0
4,2017-04-13,19:31:03,0,CF709,XZCE,15835,0,0,0,0,228134,228134,16530,14950,15740,15835,0,15805,0,0,0,2017-04-14,70263000,0,0,0,0,0,0,0,0,0,0,0,0,0,0,0,0,0,0,0,0
5,2017-04-13,19:31:03,0,CF709,XZCE,15835,0,0,0,0,228134,228134,16530,14950,15740,15835,0,15820,0,0,0,2017-04-14,70263000,0,0,0,0,0,0,0,0,0,0,0,0,0,0,0,0,0,0,0,0
6,2017-04-13,19:31:03,0,CF709,XZCE,15835,0,0,0,0,228134,228134,16530,14950,15740,15835,0,15835,0,0,0,2017-04-14,70263000,0,0,0,0,0,0,0,0,0,0,0,0,0,0,0,0,0,0,0,0
7,2017-04-13,19:31:03,0,CF709,XZCE,15835,0,0,0,0,228134,228134,16530,14950,15740,15835,0,15830,0,0,0,2017-04-14,70263000,0,0,0,0,0,0,0,0,0,0,0,0,0,0,0,0,0,0,0,0
8,2017-04-13,19:31:03,0,CF709,XZCE,15835,0,0,0,0,228134,228134,16530,14950,15740,15835,0,15820,0,0,0,2017-04-14,70263000,0,0,0,0,0,0,0,0,0,0,0,0,0,0,0,0,0,0,0,0
9,2017-04-13,19:31:03,0,CF709,XZCE,15835,0,0,0,0,228134,228134,16530,14950,15740,15835,0,15835,0,0,0,2017-04-14,70263000,0,0,0,0,0,0,0,0,0,0,0,0,0,0,0,0,0,0,0,0
10,2017-04-13,19:31:03,0,CF709,XZCE,15835,0,0,0,0,228134,228134,16530,14950,15740,15835,0,15820,0,0,0,2017-04-14,70263000,0,0,0,0,0,0,0,0,0,0,0,0,0,0,0,0,0,0,0,0
11,2017-04-13,19:31:03,0,CF709,XZCE,15835,0,0,0,0,228134,228134,16530,14950,15740,15835,0,15815,0,0,0,2017-04-14,70263000,0,0,0,0,0,0,0,0,0,0,0,0,0,0,0,0,0,0,0,0
12,2017-04-13,19:31:03,0,CF709,XZCE,15835,0,0,0,0,228134,228134,16530,14950,15740,15835,0,15820,0,0,0,2017-04-14,70263000,0,0,0,0,0,0,0,0,0,0,0,0,0,0,0,0,0,0,0,0
13,2017-04-13,19:31:03,0,CF709,XZCE,15835,0,0,0,0,228134,228134,16530,14950,15740,15835,0,15810,0,0,0,2017-04-14,70263000,0,0,0,0,0,0,0,0,0,0,0,0,0,0,0,0,0,0,0,0
14,2017-04-13,19:31:03,0,CF709,XZCE,15835,0,0,0,0,228134,228134,16530,14950,15740,15835,0,15805,0,0,0,2017-04-14,70263000,0,0,0,0,0,0,0,0,0,0,0,0,0,0,0,0,0,0,0,0
15,2017-04-13,19:31:03,0,CF709,XZCE,15835,0,0,0,0,228134,228134,16530,14950,15740,15835,0,15810,0,0,0,2017-04-14,70263000,0,0,0,0,0,0,0,0,0,0,0,0,0,0,0,0,0,0,0,0
16,2017-04-13,20:59:00,0,CF709,XZCE,15810,15810,15810,238,18813900,228082,228134,16530,14950,15740,15835,0,15810,0,0,0,2017-04-14,75540000,15805,155,0,0,0,0,0,0,0,0,15810,87,0,0,0,0,0,0,0,0
17,2017-04-13,21:00:00,0,CF709,XZCE,15810,15810,15810,240,18972000,228080,228134,16530,14950,15740,15835,0,15810,0,0,0,2017-04-14,75600000,15805,155,0,0,0,0,0,0,0,0,15810,86,0,0,0,0,0,0,0,0
18,2017-04-13,21:00:00,0,CF709,XZCE,15810,15805,15810,604,47746200,228002,228134,16530,14950,15740,15835,0,15810,0,0,0,2017-04-14,75600000,15805,133,0,0,0,0,0,0,0,0,15810,29,0,0,0,0,0,0,0,0
19,2017-04-13,21:00:01,0,CF709,XZCE,15815,15805,15815,928,73366500,227798,228134,16530,14950,15740,15835,0,15810,0,0,0,2017-04-14,75601000,15810,66,0,0,0,0,0,0,0,0,15815,11,0,0,0,0,0,0,0,0
20,2017-04-13,21:00:01,0,CF709,XZCE,15820,15805,15820,1116,88237300,227700,228134,16530,14950,15740,15835,0,15810,0,0,0,2017-04-14,75601000,15810,26,0,0,0,0,0,0,0,0,15820,38,0,0,0,0,0,0,0,0
21,2017-04-13,21:00:02,0,CF709,XZCE,15815,15805,15820,1156,91400300,227710,228134,16530,14950,15740,15835,0,15810,0,0,0,2017-04-14,75602000,15810,23,0,0,0,0,0,0,0,0,15815,6,0,0,0,0,0,0,0,0
22,2017-04-13,21:00:02,0,CF709,XZCE,15815,15805,15820,1176,92981800,227702,228134,16530,14950,15740,15835,0,15810,0,0,0,2017-04-14,75602000,15810,17,0,0,0,0,0,0,0,0,15815,4,0,0,0,0,0,0,0,0
23,2017-04-13,21:00:03,0,CF709,XZCE,15815,15805,15825,1294,102312650,227670,228134,16530,14950,15740,15835,0,15810,0,0,0,2017-04-14,75603000,15815,4,0,0,0,0,0,0,0,0,15825,17,0,0,0,0,0,0,0,0
24,2017-04-13,21:00:03,0,CF709,XZCE,15805,15805,15825,1390,109899050,227622,228134,16530,14950,15740,15835,0,15810,0,0,0,2017-04-14,75603000,15805,51,0,0,0,0,0,0,0,0,15815,15,0,0,0,0,0,0,0,0
25,2017-04-13,21:00:04,0,CF709,XZCE,15810,15805,15825,1434,113377250,227620,228134,16530,14950,15740,15835,0,15810,0,0,0,2017-04-14,75604000,15810,10,0,0,0,0,0,0,0,0,15815,6,0,0,0,0,0,0,0,0
26,2017-04-13,21:00:04,0,CF709,XZCE,15815,15805,15825,1486,117489150,227590,228134,16530,14950,15740,15835,0,15810,0,0,0,2017-04-14,75604000,15805,51,0,0,0,0,0,0,0,0,15810,39,0,0,0,0,0,0,0,0
27,2017-04-13,21:00:05,0,CF709,XZCE,15805,15805,15825,1616,127762400,227544,228134,16530,14950,15740,15835,0,15810,0,0,0,2017-04-14,75605000,15800,29,0,0,0,0,0,0,0,0,15805,11,0,0,0,0,0,0,0,0
28,2017-04-13,21:00:05,0,CF709,XZCE,15810,15800,15825,1674,132347300,227520,228134,16530,14950,15740,15835,0,15810,0,0,0,2017-04-14,75605000,15805,6,0,0,0,0,0,0,0,0,15810,23,0,0,0,0,0,0,0,0
29,2017-04-13,21:00:06,0,CF709,XZCE,15810,15795,15825,1754,138671300,227514,228134,16530,14950,15740,15835,0,15810,0,0,0,2017-04-14,75606000,15795,22,0,0,0,0,0,0,0,0,15810,34,0,0,0,0,0,0,0,0
30,2017-04-13,21:00:06,0,CF709,XZCE,15795,15795,15825,1790,141514400,227492,228134,16530,14950,15740,15835,0,15810,0,0,0,2017-04-14,75606000,15795,16,0,0,0,0,0,0,0,0,15805,6,0,0,0,0,0,0,0,0
31,2017-04-13,21:00:07,0,CF709,XZCE,15800,15795,15825,1824,144200400,227490,228134,16530,14950,15740,15835,0,15810,0,0,0,2017-04-14,75607000,15795,18,0,0,0,0,0,0,0,0,15800,1,0,0,0,0,0,0,0,0
32,2017-04-13,21:00:07,0,CF709,XZCE,15800,15795,15825,1858,146886400,227506,228134,16530,14950,15740,15835,0,15810,0,0,0,2017-04-14,75607000,15800,16,0,0,0,0,0,0,0,0,15805,14,0,0,0,0,0,0,0,0
33,2017-04-13,21:00:08,0,CF709,XZCE,15810,15795,15825,1918,151629400,227502,228134,16530,14950,15740,15835,0,15810,0,0,0,2017-04-14,75608000,15800,19,0,0,0,0,0,0,0,0,15805,7,0,0,0,0,0,0,0,0
34,2017-04-13,21:00:08,0,CF709,XZCE,15805,15795,15825,1948,154000150,227506,228134,16530,14950,15740,15835,0,15810,0,0,0,2017-04-14,75608000,15800,10,0,0,0,0,0,0,0,0,15805,2,0,0,0,0,0,0,0,0
35,2017-04-13,21:00:09,0,CF709,XZCE,15805,15795,15825,1968,155580650,227500,228134,16530,14950,15740,15835,0,15810,0,0,0,2017-04-14,75609000,15800,7,0,0,0,0,0,0,0,0,15805,40,0,0,0,0,0,0,0,0
36,2017-04-13,21:00:09,0,CF709,XZCE,15805,15795,15825,1984,156845050,227484,228134,16530,14950,15740,15835,0,15810,0,0,0,2017-04-14,75609000,15800,7,0,0,0,0,0,0,0,0,15805,32,0,0,0,0,0,0,0,0
37,2017-04-13,21:00:10,0,CF709,XZCE,15805,15795,15825,2004,158425550,227482,228134,16530,14950,15740,15835,0,15810,0,0,0,2017-04-14,75610000,15800,5,0,0,0,0,0,0,0,0,15805,25,0,0,0,0,0,0,0,0
38,2017-04-13,21:00:10,0,CF709,XZCE,15830,15795,15830,2212,174888750,227560,228134,16530,14950,15740,15835,0,15810,0,0,0,2017-04-14,75610000,15810,5,0,0,0,0,0,0,0,0,15830,49,0,0,0,0,0,0,0,0
39,2017-04-13,21:00:11,0,CF709,XZCE,15825,15795,15835,2386,188656500,227582,228134,16530,14950,15740,15835,0,15810,0,0,0,2017-04-14,75611000,15825,18,0,0,0,0,0,0,0,0,15830,19,0,0,0,0,0,0,0,0
40,2017-04-13,21:00:11,0,CF709,XZCE,15805,15795,15835,2500,197665350,227648,228134,16530,14950,15740,15835,0,15810,0,0,0,2017-04-14,75611000,15810,12,0,0,0,0,0,0,0,0,15820,13,0,0,0,0,0,0,0,0
41,2017-04-13,21:00:12,0,CF709,XZCE,15820,15795,15835,2550,201620350,227672,228134,16530,14950,15740,15835,0,15810,0,0,0,2017-04-14,75612000,15810,5,0,0,0,0,0,0,0,0,15820,7,0,0,0,0,0,0,0,0
42,2017-04-13,21:00:12,0,CF709,XZCE,15820,15795,15835,2568,203044150,227670,228134,16530,14950,15740,15835,0,15810,0,0,0,2017-04-14,75612000,15810,5,0,0,0,0,0,0,0,0,15820,5,0,0,0,0,0,0,0,0
43,2017-04-13,21:00:13,0,CF709,XZCE,15815,15795,15835,2570,203202300,227670,228134,16530,14950,15740,15835,0,15810,0,0,0,2017-04-14,75613000,15815,17,0,0,0,0,0,0,0,0,15820,10,0,0,0,0,0,0,0,0
44,2017-04-13,21:00:13,0,CF709,XZCE,15815,15795,15835,2580,203993050,227668,228134,16530,14950,15740,15835,0,15810,0,0,0,2017-04-14,75613000,15815,12,0,0,0,0,0,0,0,0,15820,10,0,0,0,0,0,0,0,0
45,2017-04-13,21:00:14,0,CF709,XZCE,15815,15795,15835,2582,204151200,227668,228134,16530,14950,15740,15835,0,15810,0,0,0,2017-04-14,75614000,15815,13,0,0,0,0,0,0,0,0,15820,10,0,0,0,0,0,0,0,0
46,2017-04-13,21:00:14,0,CF709,XZCE,15815,15795,15835,2610,206365300,227648,228134,16530,14950,15740,15835,0,15810,0,0,0,2017-04-14,75614000,15810,6,0,0,0,0,0,0,0,0,15815,6,0,0,0,0,0,0,0,0
47,2017-04-13,21:00:15,0,CF709,XZCE,15810,15795,15835,2620,207155800,227644,228134,16530,14950,15740,15835,0,15810,0,0,0,2017-04-14,75615000,15810,1,0,0,0,0,0,0,0,0,15815,4,0,0,0,0,0,0,0,0
48,2017-04-13,21:00:15,0,CF709,XZCE,15810,15795,15835,2628,207788200,227646,228134,16530,14950,15740,15835,0,15810,0,0,0,2017-04-14,75615000,15805,28,0,0,0,0,0,0,0,0,15810,4,0,0,0,0,0,0,0,0
49,2017-04-13,21:00:16,0,CF709,XZCE,15810,15795,15835,2644,209053000,227648,228134,16530,14950,15740,15835,0,15810,0,0,0,2017-04-14,75616000,15810,13,0,0,0,0,0,0,0,0,15815,15,0,0,0,0,0,0,0,0
50,2017-04-13,21:00:16,0,CF709,XZCE,15815,15795,15835,2658,210160050,227646,228134,16530,14950,15740,15835,0,15810,0,0,0,2017-04-14,75616000,15810,9,0,0,0,0,0,0,0,0,15815,13,0,0,0,0,0,0,0,0
51,2017-04-13,21:00:17,0,CF709,XZCE,15810,15795,15835,2660,210318150,227648,228134,16530,14950,15740,15835,0,15810,0,0,0,2017-04-14,75617000,15810,8,0,0,0,0,0,0,0,0,15815,13,0,0,0,0,0,0,0,0
52,2017-04-13,21:00:17,0,CF709,XZCE,15810,15795,15835,2676,211582950,227664,228134,16530,14950,15740,15835,0,15810,0,0,0,2017-04-14,75617000,15810,3,0,0,0,0,0,0,0,0,15815,14,0,0,0,0,0,0,0,0
53,2017-04-13,21:00:18,0,CF709,XZCE,15815,15795,15835,2690,212690000,227656,228134,16530,14950,15740,15835,0,15810,0,0,0,2017-04-14,75618000,15805,29,0,0,0,0,0,0,0,0,15815,21,0,0,0,0,0,0,0,0
54,2017-04-13,21:00:18,0,CF709,XZCE,15815,15795,15835,2710,214271500,227640,228134,16530,14950,15740,15835,0,15810,0,0,0,2017-04-14,75618000,15805,29,0,0,0,0,0,0,0,0,15815,12,0,0,0,0,0,0,0,0
55,2017-04-13,21:00:19,0,CF709,XZCE,15810,15795,15835,2728,215694400,227642,228134,16530,14950,15740,15835,0,15810,0,0,0,2017-04-14,75619000,15810,33,0,0,0,0,0,0,0,0,15815,12,0,0,0,0,0,0,0,0
56,2017-04-13,21:00:19,0,CF709,XZCE,15810,15795,15835,2756,217907800,227634,228134,16530,14950,15740,15835,0,15810,0,0,0,2017-04-14,75619000,15810,19,0,0,0,0,0,0,0,0,15815,12,0,0,0,0,0,0,0,0
57,2017-04-13,21:00:20,0,CF709,XZCE,15815,15795,15835,2762,218382250,227636,228134,16530,14950,15740,15835,0,15810,0,0,0,2017-04-14,75620000,15810,18,0,0,0,0,0,0,0,0,15815,10,0,0,0,0,0,0,0,0
58,2017-04-13,21:00:20,0,CF709,XZCE,15815,15795,15835,2764,218540400,227638,228134,16530,14950,15740,15835,0,15810,0,0,0,2017-04-14,75620000,15810,18,0,0,0,0,0,0,0,0,15815,9,0,0,0,0,0,0,0,0
59,2017-04-13,21:00:21,0,CF709,XZCE,15815,15795,15835,2814,222494150,227606,228134,16530,14950,15740,15835,0,15810,0,0,0,2017-04-14,75621000,15810,3,0,0,0,0,0,0,0,0,15815,5,0,0,0,0,0,0,0,0
60,2017-04-13,21:00:21,0,CF709,XZCE,15810,15795,15835,2822,223126550,227608,228134,16530,14950,15740,15835,0,15810,0,0,0,2017-04-14,75621000,15810,2,0,0,0,0,0,0,0,0,15815,6,0,0,0,0,0,0,0,0
61,2017-04-13,21:00:22,0,CF709,XZCE,15815,15795,15835,2826,223442850,227612,228134,16530,14950,15740,15835,0,15810,0,0,0,2017-04-14,75622000,15810,3,0,0,0,0,0,0,0,0,15815,5,0,0,0,0,0,0,0,0
62,2017-04-13,21:00:22,0,CF709,XZCE,15810,15795,15835,2836,224233350,227608,228134,16530,14950,15740,15835,0,15810,0,0,0,2017-04-14,75622000,15805,34,0,0,0,0,0,0,0,0,15810,55,0,0,0,0,0,0,0,0
63,2017-04-13,21:00:23,0,CF709,XZCE,15810,15795,15835,2836,224233350,227608,228134,16530,14950,15740,15835,0,15810,0,0,0,2017-04-14,75623000,15805,31,0,0,0,0,0,0,0,0,15810,115,0,0,0,0,0,0,0,0
64,2017-04-13,21:00:23,0,CF709,XZCE,15810,15795,15835,2860,226130550,227630,228134,16530,14950,15740,15835,0,15810,0,0,0,2017-04-14,75623000,15805,21,0,0,0,0,0,0,0,0,15810,140,0,0,0,0,0,0,0,0
65,2017-04-13,21:00:24,0,CF709,XZCE,15805,15795,15835,2872,227078850,227636,228134,16530,14950,15740,15835,0,15810,0,0,0,2017-04-14,75624000,15805,17,0,0,0,0,0,0,0,0,15810,139,0,0,0,0,0,0,0,0
66,2017-04-13,21:00:24,0,CF709,XZCE,15805,15795,15835,2878,227553000,227636,228134,16530,14950,15740,15835,0,15810,0,0,0,2017-04-14,75624000,15805,22,0,0,0,0,0,0,0,0,15810,139,0,0,0,0,0,0,0,0
67,2017-04-13,21:00:25,0,CF709,XZCE,15805,15795,15835,2930,231662300,227636,228134,16530,14950,15740,15835,0,15810,0,0,0,2017-04-14,75625000,15800,26,0,0,0,0,0,0,0,0,15805,1,0,0,0,0,0,0,0,0
68,2017-04-13,21:00:25,0,CF709,XZCE,15805,15795,15835,2932,231820350,227636,228134,16530,14950,15740,15835,0,15810,0,0,0,2017-04-14,75625000,15800,25,0,0,0,0,0,0,0,0,15805,18,0,0,0,0,0,0,0,0
69,2017-04-13,21:00:26,0,CF709,XZCE,15805,15795,15835,2936,232136450,227640,228134,16530,14950,15740,15835,0,15810,0,0,0,2017-04-14,75626000,15800,25,0,0,0,0,0,0,0,0,15805,17,0,0,0,0,0,0,0,0
70,2017-04-13,21:00:26,0,CF709,XZCE,15800,15795,15835,2990,236402450,227630,228134,16530,14950,15740,15835,0,15810,0,0,0,2017-04-14,75626000,15795,18,0,0,0,0,0,0,0,0,15800,27,0,0,0,0,0,0,0,0
71,2017-04-13,21:00:27,0,CF709,XZCE,15800,15795,15835,2992,236560450,227628,228134,16530,14950,15740,15835,0,15810,0,0,0,2017-04-14,75627000,15795,18,0,0,0,0,0,0,0,0,15800,26,0,0,0,0,0,0,0,0
72,2017-04-13,21:00:27,0,CF709,XZCE,15800,15795,15835,3026,239246450,227596,228134,16530,14950,15740,15835,0,15810,0,0,0,2017-04-14,75627000,15795,18,0,0,0,0,0,0,0,0,15800,9,0,0,0,0,0,0,0,0
73,2017-04-13,21:00:28,0,CF709,XZCE,15800,15795,15835,3036,240036450,227588,228134,16530,14950,15740,15835,0,15810,0,0,0,2017-04-14,75628000,15795,18,0,0,0,0,0,0,0,0,15800,5,0,0,0,0,0,0,0,0
74,2017-04-13,21:00:28,0,CF709,XZCE,15795,15795,15835,3042,240510300,227582,228134,16530,14950,15740,15835,0,15810,0,0,0,2017-04-14,75628000,15795,15,0,0,0,0,0,0,0,0,15800,6,0,0,0,0,0,0,0,0
75,2017-04-13,21:00:29,0,CF709,XZCE,15800,15795,15835,3050,241142300,227576,228134,16530,14950,15740,15835,0,15810,0,0,0,2017-04-14,75629000,15795,15,0,0,0,0,0,0,0,0,15800,3,0,0,0,0,0,0,0,0
76,2017-04-13,21:00:29,0,CF709,XZCE,15795,15795,15835,3070,242721800,227572,228134,16530,14950,15740,15835,0,15810,0,0,0,2017-04-14,75629000,15795,7,0,0,0,0,0,0,0,0,15800,3,0,0,0,0,0,0,0,0
77,2017-04-13,21:00:30,0,CF709,XZCE,15800,15795,15835,3078,243353800,227580,228134,16530,14950,15740,15835,0,15810,0,0,0,2017-04-14,75630000,15800,7,0,0,0,0,0,0,0,0,15805,19,0,0,0,0,0,0,0,0
78,2017-04-13,21:00:30,0,CF709,XZCE,15805,15795,15835,3086,243986000,227586,228134,16530,14950,15740,15835,0,15810,0,0,0,2017-04-14,75630000,15800,6,0,0,0,0,0,0,0,0,15805,17,0,0,0,0,0,0,0,0
79,2017-04-13,21:00:31,0,CF709,XZCE,15805,15795,15835,3086,243986000,227586,228134,16530,14950,15740,15835,0,15810,0,0,0,2017-04-14,75631000,15800,6,0,0,0,0,0,0,0,0,15805,20,0,0,0,0,0,0,0,0
80,2017-04-13,21:00:31,0,CF709,XZCE,15800,15795,15835,3090,244302000,227586,228134,16530,14950,15740,15835,0,15810,0,0,0,2017-04-14,75631000,15800,8,0,0,0,0,0,0,0,0,15805,20,0,0,0,0,0,0,0,0
81,2017-04-13,21:00:32,0,CF709,XZCE,15800,15795,15835,3102,245250000,227584,228134,16530,14950,15740,15835,0,15810,0,0,0,2017-04-14,75632000,15800,4,0,0,0,0,0,0,0,0,15805,20,0,0,0,0,0,0,0,0
82,2017-04-13,21:00:32,0,CF709,XZCE,15805,15795,15835,3106,245566100,227586,228134,16530,14950,15740,15835,0,15810,0,0,0,2017-04-14,75632000,15800,3,0,0,0,0,0,0,0,0,15805,19,0,0,0,0,0,0,0,0
83,2017-04-13,21:00:33,0,CF709,XZCE,15800,15795,15835,3112,246040100,227582,228134,16530,14950,15740,15835,0,15810,0,0,0,2017-04-14,75633000,15795,7,0,0,0,0,0,0,0,0,15800,3,0,0,0,0,0,0,0,0
84,2017-04-13,21:00:33,0,CF709,XZCE,15800,15795,15835,3114,246198100,227582,228134,16530,14950,15740,15835,0,15810,0,0,0,2017-04-14,75633000,15795,7,0,0,0,0,0,0,0,0,15800,6,0,0,0,0,0,0,0,0
85,2017-04-13,21:00:34,0,CF709,XZCE,15800,15795,15835,3120,246672100,227580,228134,16530,14950,15740,15835,0,15810,0,0,0,2017-04-14,75634000,15795,7,0,0,0,0,0,0,0,0,15800,63,0,0,0,0,0,0,0,0
86,2017-04-13,21:00:34,0,CF709,XZCE,15800,15795,15835,3126,247146100,227582,228134,16530,14950,15740,15835,0,15810,0,0,0,2017-04-14,75634000,15795,6,0,0,0,0,0,0,0,0,15800,61,0,0,0,0,0,0,0,0
87,2017-04-13,21:00:35,0,CF709,XZCE,15795,15795,15835,3132,247619950,227582,228134,16530,14950,15740,15835,0,15810,0,0,0,2017-04-14,75635000,15795,4,0,0,0,0,0,0,0,0,15800,60,0,0,0,0,0,0,0,0
88,2017-04-13,21:00:35,0,CF709,XZCE,15800,15795,15835,3212,253939950,227502,228134,16530,14950,15740,15835,0,15810,0,0,0,2017-04-14,75635000,15795,4,0,0,0,0,0,0,0,0,15800,20,0,0,0,0,0,0,0,0
89,2017-04-13,21:00:36,0,CF709,XZCE,15800,15795,15835,3216,254255950,227500,228134,16530,14950,15740,15835,0,15810,0,0,0,2017-04-14,75636000,15795,6,0,0,0,0,0,0,0,0,15800,20,0,0,0,0,0,0,0,0
90,2017-04-13,21:00:36,0,CF709,XZCE,15795,15795,15835,3218,254413900,227500,228134,16530,14950,15740,15835,0,15810,0,0,0,2017-04-14,75636000,15795,7,0,0,0,0,0,0,0,0,15800,20,0,0,0,0,0,0,0,0
91,2017-04-13,21:00:37,0,CF709,XZCE,15795,15795,15835,3248,256783150,227486,228134,16530,14950,15740,15835,0,15810,0,0,0,2017-04-14,75637000,15790,27,0,0,0,0,0,0,0,0,15800,23,0,0,0,0,0,0,0,0
92,2017-04-13,21:00:37,0,CF709,XZCE,15795,15790,15835,3258,257572900,227480,228134,16530,14950,15740,15835,0,15810,0,0,0,2017-04-14,75637000,15790,23,0,0,0,0,0,0,0,0,15795,15,0,0,0,0,0,0,0,0
93,2017-04-13,21:00:38,0,CF709,XZCE,15795,15790,15835,3288,259942150,227450,228134,16530,14950,15740,15835,0,15810,0,0,0,2017-04-14,75638000,15790,20,0,0,0,0,0,0,0,0,15795,3,0,0,0,0,0,0,0,0
94,2017-04-13,21:00:38,0,CF709,XZCE,15790,15790,15835,3292,260257950,227448,228134,16530,14950,15740,15835,0,15810,0,0,0,2017-04-14,75638000,15790,19,0,0,0,0,0,0,0,0,15795,2,0,0,0,0,0,0,0,0
95,2017-04-13,21:00:39,0,CF709,XZCE,15790,15790,15835,3318,262310650,227426,228134,16530,14950,15740,15835,0,15810,0,0,0,2017-04-14,75639000,15790,11,0,0,0,0,0,0,0,0,15795,2,0,0,0,0,0,0,0,0
96,2017-04-13,21:00:39,0,CF709,XZCE,15795,15790,15835,3326,262942450,227426,228134,16530,14950,15740,15835,0,15810,0,0,0,2017-04-14,75639000,15795,16,0,0,0,0,0,0,0,0,15800,24,0,0,0,0,0,0,0,0
97,2017-04-13,21:00:40,0,CF709,XZCE,15795,15790,15835,3390,267996850,227394,228134,16530,14950,15740,15835,0,15810,0,0,0,2017-04-14,75640000,15795,5,0,0,0,0,0,0,0,0,15800,5,0,0,0,0,0,0,0,0
98,2017-04-13,21:00:40,0,CF709,XZCE,15795,15790,15835,3390,267996850,227394,228134,16530,14950,15740,15835,0,15810,0,0,0,2017-04-14,75640000,15795,7,0,0,0,0,0,0,0,0,15800,6,0,0,0,0,0,0,0,0
99,2017-04-13,21:00:41,0,CF709,XZCE,15795,15790,15835,3392,268154800,227394,228134,16530,14950,15740,15835,0,15810,0,0,0,2017-04-14,75641000,15795,6,0,0,0,0,0,0,0,0,15800,16,0,0,0,0,0,0,0,0
100,2017-04-13,21:00:41,0,CF709,XZCE,15800,15790,15835,3398,268628800,227394,228134,16530,14950,15740,15835,0,15810,0,0,0,2017-04-14,75641000,15795,4,0,0,0,0,0,0,0,0,15800,15,0,0,0,0,0,0,0,0
101,2017-04-13,21:00:42,0,CF709,XZCE,15795,15790,15835,3400,268786750,227394,228134,16530,14950,15740,15835,0,15810,0,0,0,2017-04-14,75642000,15795,3,0,0,0,0,0,0,0,0,15800,16,0,0,0,0,0,0,0,0
102,2017-04-13,21:00:42,0,CF709,XZCE,15800,15790,15835,3406,269260750,227394,228134,16530,14950,15740,15835,0,15810,0,0,0,2017-04-14,75642000,15795,2,0,0,0,0,0,0,0,0,15800,15,0,0,0,0,0,0,0,0
103,2017-04-13,21:00:43,0,CF709,XZCE,15795,15790,15835,3418,270208450,227384,228134,16530,14950,15740,15835,0,15810,0,0,0,2017-04-14,75643000,15795,22,0,0,0,0,0,0,0,0,15800,15,0,0,0,0,0,0,0,0
104,2017-04-13,21:00:43,0,CF709,XZCE,15795,15790,15835,3426,270840250,227384,228134,16530,14950,15740,15835,0,15810,0,0,0,2017-04-14,75643000,15795,22,0,0,0,0,0,0,0,0,15800,15,0,0,0,0,0,0,0,0
105,2017-04-13,21:00:44,0,CF709,XZCE,15795,15790,15835,3428,270998200,227382,228134,16530,14950,15740,15835,0,15810,0,0,0,2017-04-14,75644000,15795,41,0,0,0,0,0,0,0,0,15800,15,0,0,0,0,0,0,0,0
106,2017-04-13,21:00:44,0,CF709,XZCE,15800,15790,15835,3436,271630200,227384,228134,16530,14950,15740,15835,0,15810,0,0,0,2017-04-14,75644000,15795,25,0,0,0,0,0,0,0,0,15800,12,0,0,0,0,0,0,0,0
107,2017-04-13,21:00:45,0,CF709,XZCE,15800,15790,15835,3484,275422200,227378,228134,16530,14950,15740,15835,0,15810,0,0,0,2017-04-14,75645000,15795,14,0,0,0,0,0,0,0,0,15800,1,0,0,0,0,0,0,0,0
108,2017-04-13,21:00:45,0,CF709,XZCE,15800,15790,15835,3488,275738200,227380,228134,16530,14950,15740,15835,0,15810,0,0,0,2017-04-14,75645000,15800,11,0,0,0,0,0,0,0,0,15805,22,0,0,0,0,0,0,0,0
109,2017-04-13,21:00:46,0,CF709,XZCE,15800,15790,15835,3490,275896200,227380,228134,16530,14950,15740,15835,0,15810,0,0,0,2017-04-14,75646000,15800,22,0,0,0,0,0,0,0,0,15805,22,0,0,0,0,0,0,0,0
110,2017-04-13,21:00:46,0,CF709,XZCE,15805,15790,15835,3498,276528400,227380,228134,16530,14950,15740,15835,0,15810,0,0,0,2017-04-14,75646000,15800,26,0,0,0,0,0,0,0,0,15805,11,0,0,0,0,0,0,0,0
111,2017-04-13,21:00:47,0,CF709,XZCE,15805,15790,15835,3524,278583050,227392,228134,16530,14950,15740,15835,0,15810,0,0,0,2017-04-14,75647000,15805,3,0,0,0,0,0,0,0,0,15810,44,0,0,0,0,0,0,0,0
112,2017-04-13,21:00:47,0,CF709,XZCE,15810,15790,15835,3528,278899250,227394,228134,16530,14950,15740,15835,0,15810,0,0,0,2017-04-14,75647000,15805,12,0,0,0,0,0,0,0,0,15810,43,0,0,0,0,0,0,0,0
113,2017-04-13,21:00:48,0,CF709,XZCE,15810,15790,15835,3532,279215450,227396,228134,16530,14950,15740,15835,0,15810,0,0,0,2017-04-14,75648000,15805,16,0,0,0,0,0,0,0,0,15810,35,0,0,0,0,0,0,0,0
114,2017-04-13,21:00:48,0,CF709,XZCE,15800,15790,15835,3632,287115450,227440,228134,16530,14950,15740,15835,0,15810,0,0,0,2017-04-14,75648000,15800,20,0,0,0,0,0,0,0,0,15810,35,0,0,0,0,0,0,0,0
115,2017-04-13,21:00:49,0,CF709,XZCE,15805,15790,15835,3640,287747650,227444,228134,16530,14950,15740,15835,0,15810,0,0,0,2017-04-14,75649000,15805,11,0,0,0,0,0,0,0,0,15810,35,0,0,0,0,0,0,0,0
116,2017-04-13,21:00:49,0,CF709,XZCE,15805,15790,15835,3662,289486200,227456,228134,16530,14950,15740,15835,0,15810,0,0,0,2017-04-14,75649000,15800,29,0,0,0,0,0,0,0,0,15805,8,0,0,0,0,0,0,0,0
117,2017-04-13,21:00:50,0,CF709,XZCE,15800,15790,15835,3674,290434200,227454,228134,16530,14950,15740,15835,0,15810,0,0,0,2017-04-14,75650000,15800,28,0,0,0,0,0,0,0,0,15805,12,0,0,0,0,0,0,0,0
118,2017-04-13,21:00:50,0,CF709,XZCE,15800,15790,15835,3674,290434200,227454,228134,16530,14950,15740,15835,0,15810,0,0,0,2017-04-14,75650000,15800,28,0,0,0,0,0,0,0,0,15805,14,0,0,0,0,0,0,0,0
119,2017-04-13,21:00:51,0,CF709,XZCE,15800,15790,15835,3680,290908200,227448,228134,16530,14950,15740,15835,0,15810,0,0,0,2017-04-14,75651000,15800,27,0,0,0,0,0,0,0,0,15805,12,0,0,0,0,0,0,0,0
120,2017-04-13,21:00:51,0,CF709,XZCE,15805,15790,15835,3682,291066250,227448,228134,16530,14950,15740,15835,0,15810,0,0,0,2017-04-14,75651000,15800,27,0,0,0,0,0,0,0,0,15805,12,0,0,0,0,0,0,0,0
121,2017-04-13,21:00:52,0,CF709,XZCE,15800,15790,15835,3738,295490250,227404,228134,16530,14950,15740,15835,0,15810,0,0,0,2017-04-14,75652000,15795,20,0,0,0,0,0,0,0,0,15800,24,0,0,0,0,0,0,0,0
122,2017-04-13,21:00:52,0,CF709,XZCE,15795,15790,15835,3784,299123100,227374,228134,16530,14950,15740,15835,0,15810,0,0,0,2017-04-14,75652000,15790,19,0,0,0,0,0,0,0,0,15795,38,0,0,0,0,0,0,0,0
123,2017-04-13,21:00:52,0,CF709,XZCE,15795,15790,15835,3786,299281050,227372,228134,16530,14950,15740,15835,0,15810,0,0,0,2017-04-14,75652000,15790,19,0,0,0,0,0,0,0,0,15795,87,0,0,0,0,0,0,0,0
124,2017-04-13,21:00:53,0,CF709,XZCE,15795,15790,15835,3794,299912850,227366,228134,16530,14950,15740,15835,0,15810,0,0,0,2017-04-14,75653000,15790,19,0,0,0,0,0,0,0,0,15795,83,0,0,0,0,0,0,0,0
125,2017-04-13,21:00:54,0,CF709,XZCE,15790,15790,15835,3834,303070850,227348,228134,16530,14950,15740,15835,0,15810,0,0,0,2017-04-14,75654000,15785,58,0,0,0,0,0,0,0,0,15795,85,0,0,0,0,0,0,0,0
126,2017-04-13,21:00:54,0,CF709,XZCE,15790,15790,15835,3834,303070850,227348,228134,16530,14950,15740,15835,0,15810,0,0,0,2017-04-14,75654000,15785,53,0,0,0,0,0,0,0,0,15790,2,0,0,0,0,0,0,0,0
127,2017-04-13,21:00:55,0,CF709,XZCE,15790,15785,15835,3838,303386650,227348,228134,16530,14950,15740,15835,0,15810,0,0,0,2017-04-14,75655000,15785,52,0,0,0,0,0,0,0,0,15790,6,0,0,0,0,0,0,0,0
128,2017-04-13,21:00:55,0,CF709,XZCE,15790,15785,15835,3854,304649850,227340,228134,16530,14950,15740,15835,0,15810,0,0,0,2017-04-14,75655000,15785,47,0,0,0,0,0,0,0,0,15790,4,0,0,0,0,0,0,0,0
129,2017-04-13,21:00:56,0,CF709,XZCE,15785,15785,15835,3878,306544050,227330,228134,16530,14950,15740,15835,0,15810,0,0,0,2017-04-14,75656000,15785,35,0,0,0,0,0,0,0,0,15790,4,0,0,0,0,0,0,0,0
130,2017-04-13,21:00:56,0,CF709,XZCE,15790,15785,15835,3882,306859850,227328,228134,16530,14950,15740,15835,0,15810,0,0,0,2017-04-14,75656000,15785,34,0,0,0,0,0,0,0,0,15790,7,0,0,0,0,0,0,0,0
131,2017-04-13,21:00:57,0,CF709,XZCE,15785,15785,15835,3888,307333400,227322,228134,16530,14950,15740,15835,0,15810,0,0,0,2017-04-14,75657000,15785,34,0,0,0,0,0,0,0,0,15790,29,0,0,0,0,0,0,0,0
132,2017-04-13,21:00:57,0,CF709,XZCE,15790,15785,15835,3892,307649200,227318,228134,16530,14950,15740,15835,0,15810,0,0,0,2017-04-14,75657000,15785,34,0,0,0,0,0,0,0,0,15790,27,0,0,0,0,0,0,0,0
133,2017-04-13,21:00:58,0,CF709,XZCE,15790,15785,15835,3910,309070300,227304,228134,16530,14950,15740,15835,0,15810,0,0,0,2017-04-14,75658000,15785,33,0,0,0,0,0,0,0,0,15790,24,0,0,0,0,0,0,0,0
134,2017-04-13,21:00:58,0,CF709,XZCE,15790,15785,15835,3926,310333500,227298,228134,16530,14950,15740,15835,0,15810,0,0,0,2017-04-14,75658000,15785,33,0,0,0,0,0,0,0,0,15790,17,0,0,0,0,0,0,0,0
135,2017-04-13,21:00:59,0,CF709,XZCE,15790,15780,15835,4048,319965400,227340,228134,16530,14950,15740,15835,0,15810,0,0,0,2017-04-14,75659000,15780,150,0,0,0,0,0,0,0,0,15790,9,0,0,0,0,0,0,0,0
136,2017-04-13,21:00:59,0,CF709,XZCE,15790,15780,15835,4056,320597000,227332,228134,16530,14950,15740,15835,0,15810,0,0,0,2017-04-14,75659000,15785,6,0,0,0,0,0,0,0,0,15790,9,0,0,0,0,0,0,0,0
137,2017-04-13,21:01:00,0,CF709,XZCE,15790,15780,15835,4082,322649700,227330,228134,16530,14950,15740,15835,0,15810,0,0,0,2017-04-14,75660000,15790,30,0,0,0,0,0,0,0,0,15795,85,0,0,0,0,0,0,0,0
138,2017-04-13,21:01:00,0,CF709,XZCE,15795,15780,15835,4086,322965600,227330,228134,16530,14950,15740,15835,0,15810,0,0,0,2017-04-14,75660000,15790,30,0,0,0,0,0,0,0,0,15795,83,0,0,0,0,0,0,0,0
139,2017-04-13,21:01:01,0,CF709,XZCE,15790,15780,15835,4120,325649900,227304,228134,16530,14950,15740,15835,0,15810,0,0,0,2017-04-14,75661000,15790,15,0,0,0,0,0,0,0,0,15795,82,0,0,0,0,0,0,0,0
140,2017-04-13,21:01:01,0,CF709,XZCE,15795,15780,15835,4122,325807850,227302,228134,16530,14950,15740,15835,0,15810,0,0,0,2017-04-14,75661000,15790,15,0,0,0,0,0,0,0,0,15795,81,0,0,0,0,0,0,0,0
141,2017-04-13,21:01:02,0,CF709,XZCE,15795,15780,15835,4136,326913500,227290,228134,16530,14950,15740,15835,0,15810,0,0,0,2017-04-14,75662000,15790,15,0,0,0,0,0,0,0,0,15795,74,0,0,0,0,0,0,0,0
142,2017-04-13,21:01:02,0,CF709,XZCE,15790,15780,15835,4140,327229300,227290,228134,16530,14950,15740,15835,0,15810,0,0,0,2017-04-14,75662000,15790,14,0,0,0,0,0,0,0,0,15795,74,0,0,0,0,0,0,0,0
143,2017-04-13,21:01:03,0,CF709,XZCE,15795,15780,15835,4142,327387250,227290,228134,16530,14950,15740,15835,0,15810,0,0,0,2017-04-14,75663000,15790,14,0,0,0,0,0,0,0,0,15795,73,0,0,0,0,0,0,0,0
144,2017-04-13,21:01:04,0,CF709,XZCE,15795,15780,15835,4142,327387250,227290,228134,16530,14950,15740,15835,0,15810,0,0,0,2017-04-14,75664000,15790,14,0,0,0,0,0,0,0,0,15795,72,0,0,0,0,0,0,0,0
145,2017-04-13,21:01:04,0,CF709,XZCE,15790,15780,15835,4176,330071550,227316,228134,16530,14950,15740,15835,0,15810,0,0,0,2017-04-14,75664000,15785,43,0,0,0,0,0,0,0,0,15790,36,0,0,0,0,0,0,0,0
146,2017-04-13,21:01:05,0,CF709,XZCE,15790,15780,15835,4176,330071550,227316,228134,16530,14950,15740,15835,0,15810,0,0,0,2017-04-14,75665000,15785,38,0,0,0,0,0,0,0,0,15790,38,0,0,0,0,0,0,0,0
147,2017-04-13,21:01:05,0,CF709,XZCE,15790,15780,15835,4178,330229450,227318,228134,16530,14950,15740,15835,0,15810,0,0,0,2017-04-14,75665000,15785,16,0,0,0,0,0,0,0,0,15790,37,0,0,0,0,0,0,0,0
148,2017-04-13,21:01:06,0,CF709,XZCE,15790,15780,15835,4186,330861050,227318,228134,16530,14950,15740,15835,0,15810,0,0,0,2017-04-14,75666000,15785,16,0,0,0,0,0,0,0,0,15790,83,0,0,0,0,0,0,0,0
149,2017-04-13,21:01:06,0,CF709,XZCE,15785,15780,15835,4190,331176750,227320,228134,16530,14950,15740,15835,0,15810,0,0,0,2017-04-14,75666000,15785,15,0,0,0,0,0,0,0,0,15790,84,0,0,0,0,0,0,0,0
150,2017-04-13,21:01:07,0,CF709,XZCE,15790,15780,15835,4204,332282050,227320,228134,16530,14950,15740,15835,0,15810,0,0,0,2017-04-14,75667000,15785,15,0,0,0,0,0,0,0,0,15790,78,0,0,0,0,0,0,0,0
151,2017-04-13,21:01:07,0,CF709,XZCE,15790,15780,15835,4204,332282050,227320,228134,16530,14950,15740,15835,0,15810,0,0,0,2017-04-14,75667000,15785,15,0,0,0,0,0,0,0,0,15790,79,0,0,0,0,0,0,0,0
152,2017-04-13,21:01:07,0,CF709,XZCE,15790,15780,15835,4224,333861050,227322,228134,16530,14950,15740,15835,0,15810,0,0,0,2017-04-14,75667000,15785,7,0,0,0,0,0,0,0,0,15790,78,0,0,0,0,0,0,0,0
153,2017-04-13,21:01:08,0,CF709,XZCE,15785,15780,15835,4228,334176750,227322,228134,16530,14950,15740,15835,0,15810,0,0,0,2017-04-14,75668000,15785,6,0,0,0,0,0,0,0,0,15790,77,0,0,0,0,0,0,0,0
154,2017-04-13,21:01:09,0,CF709,XZCE,15790,15780,15835,4388,346808750,227316,228134,16530,14950,15740,15835,0,15810,0,0,0,2017-04-14,75669000,15790,20,0,0,0,0,0,0,0,0,15795,85,0,0,0,0,0,0,0,0
155,2017-04-13,21:01:09,0,CF709,XZCE,15790,15780,15835,4388,346808750,227316,228134,16530,14950,15740,15835,0,15810,0,0,0,2017-04-14,75669000,15790,21,0,0,0,0,0,0,0,0,15795,85,0,0,0,0,0,0,0,0
156,2017-04-13,21:01:10,0,CF709,XZCE,15790,15780,15835,4390,346966650,227314,228134,16530,14950,15740,15835,0,15810,0,0,0,2017-04-14,75670000,15790,20,0,0,0,0,0,0,0,0,15795,85,0,0,0,0,0,0,0,0
157,2017-04-13,21:01:11,0,CF709,XZCE,15790,15780,15835,4430,350124650,227278,228134,16530,14950,15740,15835,0,15810,0,0,0,2017-04-14,75671000,15785,16,0,0,0,0,0,0,0,0,15790,6,0,0,0,0,0,0,0,0
158,2017-04-13,21:01:12,0,CF709,XZCE,15790,15780,15835,4430,350124650,227278,228134,16530,14950,15740,15835,0,15810,0,0,0,2017-04-14,75672000,15785,15,0,0,0,0,0,0,0,0,15790,13,0,0,0,0,0,0,0,0
159,2017-04-13,21:01:13,0,CF709,XZCE,15790,15780,15835,4436,350598350,227282,228134,16530,14950,15740,15835,0,15810,0,0,0,2017-04-14,75673000,15785,22,0,0,0,0,0,0,0,0,15790,10,0,0,0,0,0,0,0,0
160,2017-04-13,21:01:13,0,CF709,XZCE,15785,15780,15835,4440,350914050,227282,228134,16530,14950,15740,15835,0,15810,0,0,0,2017-04-14,75673000,15785,22,0,0,0,0,0,0,0,0,15790,12,0,0,0,0,0,0,0,0
161,2017-04-13,21:01:14,0,CF709,XZCE,15785,15780,15835,4440,350914050,227282,228134,16530,14950,15740,15835,0,15810,0,0,0,2017-04-14,75674000,15785,23,0,0,0,0,0,0,0,0,15790,12,0,0,0,0,0,0,0,0
162,2017-04-13,21:01:14,0,CF709,XZCE,15790,15780,15835,4446,351387750,227276,228134,16530,14950,15740,15835,0,15810,0,0,0,2017-04-14,75674000,15785,23,0,0,0,0,0,0,0,0,15790,10,0,0,0,0,0,0,0,0
163,2017-04-13,21:01:15,0,CF709,XZCE,15790,15780,15835,4448,351545650,227274,228134,16530,14950,15740,15835,0,15810,0,0,0,2017-04-14,75675000,15785,24,0,0,0,0,0,0,0,0,15790,9,0,0,0,0,0,0,0,0
164,2017-04-13,21:01:15,0,CF709,XZCE,15790,15780,15835,4452,351861450,227272,228134,16530,14950,15740,15835,0,15810,0,0,0,2017-04-14,75675000,15785,27,0,0,0,0,0,0,0,0,15790,7,0,0,0,0,0,0,0,0
165,2017-04-13,21:01:16,0,CF709,XZCE,15785,15780,15835,4456,352177150,227276,228134,16530,14950,15740,15835,0,15810,0,0,0,2017-04-14,75676000,15785,32,0,0,0,0,0,0,0,0,15790,7,0,0,0,0,0,0,0,0
166,2017-04-13,21:01:17,0,CF709,XZCE,15785,15780,15835,4458,352335000,227276,228134,16530,14950,15740,15835,0,15810,0,0,0,2017-04-14,75677000,15785,31,0,0,0,0,0,0,0,0,15790,7,0,0,0,0,0,0,0,0
167,2017-04-13,21:01:18,0,CF709,XZCE,15790,15780,15835,4472,353440300,227278,228134,16530,14950,15740,15835,0,15810,0,0,0,2017-04-14,75678000,15785,27,0,0,0,0,0,0,0,0,15790,6,0,0,0,0,0,0,0,0
168,2017-04-13,21:01:19,0,CF709,XZCE,15785,15780,15835,4476,353756000,227278,228134,16530,14950,15740,15835,0,15810,0,0,0,2017-04-14,75679000,15785,25,0,0,0,0,0,0,0,0,15790,8,0,0,0,0,0,0,0,0
169,2017-04-13,21:01:19,0,CF709,XZCE,15785,15780,15835,4528,357860100,227304,228134,16530,14950,15740,15835,0,15810,0,0,0,2017-04-14,75679000,15780,161,0,0,0,0,0,0,0,0,15785,25,0,0,0,0,0,0,0,0
170,2017-04-13,21:01:20,0,CF709,XZCE,15785,15780,15835,4528,357860100,227304,228134,16530,14950,15740,15835,0,15810,0,0,0,2017-04-14,75680000,15780,161,0,0,0,0,0,0,0,0,15785,27,0,0,0,0,0,0,0,0
171,2017-04-13,21:01:20,0,CF709,XZCE,15785,15780,15835,4528,357860100,227304,228134,16530,14950,15740,15835,0,15810,0,0,0,2017-04-14,75680000,15780,161,0,0,0,0,0,0,0,0,15785,37,0,0,0,0,0,0,0,0
172,2017-04-13,21:01:21,0,CF709,XZCE,15785,15780,15835,4528,357860100,227304,228134,16530,14950,15740,15835,0,15810,0,0,0,2017-04-14,75681000,15780,163,0,0,0,0,0,0,0,0,15785,37,0,0,0,0,0,0,0,0
173,2017-04-13,21:01:22,0,CF709,XZCE,15780,15780,15835,4530,358017900,227302,228134,16530,14950,15740,15835,0,15810,0,0,0,2017-04-14,75682000,15780,162,0,0,0,0,0,0,0,0,15785,37,0,0,0,0,0,0,0,0
174,2017-04-13,21:01:22,0,CF709,XZCE,15780,15780,15835,4560,360384900,227278,228134,16530,14950,15740,15835,0,15810,0,0,0,2017-04-14,75682000,15780,147,0,0,0,0,0,0,0,0,15785,38,0,0,0,0,0,0,0,0
175,2017-04-13,21:01:23,0,CF709,XZCE,15780,15780,15835,4566,360858300,227274,228134,16530,14950,15740,15835,0,15810,0,0,0,2017-04-14,75683000,15780,146,0,0,0,0,0,0,0,0,15785,38,0,0,0,0,0,0,0,0
176,2017-04-13,21:01:23,0,CF709,XZCE,15780,15780,15835,4576,361647300,227274,228134,16530,14950,15740,15835,0,15810,0,0,0,2017-04-14,75683000,15780,142,0,0,0,0,0,0,0,0,15785,38,0,0,0,0,0,0,0,0
177,2017-04-13,21:01:24,0,CF709,XZCE,15785,15780,15835,4586,362436550,227274,228134,16530,14950,15740,15835,0,15810,0,0,0,2017-04-14,75684000,15780,141,0,0,0,0,0,0,0,0,15785,34,0,0,0,0,0,0,0,0
178,2017-04-13,21:01:24,0,CF709,XZCE,15785,15780,15835,4606,364015050,227294,228134,16530,14950,15740,15835,0,15810,0,0,0,2017-04-14,75684000,15780,141,0,0,0,0,0,0,0,0,15785,24,0,0,0,0,0,0,0,0
179,2017-04-13,21:01:25,0,CF709,XZCE,15780,15780,15835,4638,366539850,227292,228134,16530,14950,15740,15835,0,15810,0,0,0,2017-04-14,75685000,15780,142,0,0,0,0,0,0,0,0,15785,11,0,0,0,0,0,0,0,0
180,2017-04-13,21:01:25,0,CF709,XZCE,15785,15780,15835,4642,366855550,227292,228134,16530,14950,15740,15835,0,15810,0,0,0,2017-04-14,75685000,15780,141,0,0,0,0,0,0,0,0,15785,9,0,0,0,0,0,0,0,0
181,2017-04-13,21:01:26,0,CF709,XZCE,15785,15780,15835,4654,367802650,227294,228134,16530,14950,15740,15835,0,15810,0,0,0,2017-04-14,75686000,15780,141,0,0,0,0,0,0,0,0,15785,3,0,0,0,0,0,0,0,0
182,2017-04-13,21:01:26,0,CF709,XZCE,15780,15780,15835,4662,368433850,227298,228134,16530,14950,15740,15835,0,15810,0,0,0,2017-04-14,75686000,15780,146,0,0,0,0,0,0,0,0,15790,16,0,0,0,0,0,0,0,0
183,2017-04-13,21:01:27,0,CF709,XZCE,15780,15780,15835,4662,368433850,227298,228134,16530,14950,15740,15835,0,15810,0,0,0,2017-04-14,75687000,15785,18,0,0,0,0,0,0,0,0,15790,18,0,0,0,0,0,0,0,0
184,2017-04-13,21:01:27,0,CF709,XZCE,15785,15780,15835,4676,369538800,227298,228134,16530,14950,15740,15835,0,15810,0,0,0,2017-04-14,75687000,15785,41,0,0,0,0,0,0,0,0,15790,18,0,0,0,0,0,0,0,0
185,2017-04-13,21:01:28,0,CF709,XZCE,15785,15780,15835,4676,369538800,227298,228134,16530,14950,15740,15835,0,15810,0,0,0,2017-04-14,75688000,15785,53,0,0,0,0,0,0,0,0,15790,18,0,0,0,0,0,0,0,0
186,2017-04-13,21:01:28,0,CF709,XZCE,15785,15780,15835,4680,369854500,227302,228134,16530,14950,15740,15835,0,15810,0,0,0,2017-04-14,75688000,15785,51,0,0,0,0,0,0,0,0,15790,18,0,0,0,0,0,0,0,0
187,2017-04-13,21:01:29,0,CF709,XZCE,15785,15780,15835,4682,370012350,227304,228134,16530,14950,15740,15835,0,15810,0,0,0,2017-04-14,75689000,15785,50,0,0,0,0,0,0,0,0,15790,18,0,0,0,0,0,0,0,0
188,2017-04-13,21:01:30,0,CF709,XZCE,15785,15780,15835,4684,370170200,227304,228134,16530,14950,15740,15835,0,15810,0,0,0,2017-04-14,75690000,15785,49,0,0,0,0,0,0,0,0,15790,18,0,0,0,0,0,0,0,0
189,2017-04-13,21:01:30,0,CF709,XZCE,15785,15780,15835,4684,370170200,227304,228134,16530,14950,15740,15835,0,15810,0,0,0,2017-04-14,75690000,15785,50,0,0,0,0,0,0,0,0,15790,18,0,0,0,0,0,0,0,0
190,2017-04-13,21:01:31,0,CF709,XZCE,15790,15780,15835,4688,370486000,227308,228134,16530,14950,15740,15835,0,15810,0,0,0,2017-04-14,75691000,15785,50,0,0,0,0,0,0,0,0,15790,16,0,0,0,0,0,0,0,0
191,2017-04-13,21:01:31,0,CF709,XZCE,15785,15780,15835,4690,370643850,227308,228134,16530,14950,15740,15835,0,15810,0,0,0,2017-04-14,75691000,15785,50,0,0,0,0,0,0,0,0,15790,16,0,0,0,0,0,0,0,0
192,2017-04-13,21:01:32,0,CF709,XZCE,15785,15780,15835,4768,376800000,227300,228134,16530,14950,15740,15835,0,15810,0,0,0,2017-04-14,75692000,15785,27,0,0,0,0,0,0,0,0,15795,94,0,0,0,0,0,0,0,0
193,2017-04-13,21:01:32,0,CF709,XZCE,15790,15780,15835,4772,377115800,227298,228134,16530,14950,15740,15835,0,15810,0,0,0,2017-04-14,75692000,15790,8,0,0,0,0,0,0,0,0,15795,94,0,0,0,0,0,0,0,0
194,2017-04-13,21:01:33,0,CF709,XZCE,15790,15780,15835,4796,379010600,227298,228134,16530,14950,15740,15835,0,15810,0,0,0,2017-04-14,75693000,15785,28,0,0,0,0,0,0,0,0,15790,4,0,0,0,0,0,0,0,0
195,2017-04-13,21:01:33,0,CF709,XZCE,15785,15780,15835,4820,380904800,227298,228134,16530,14950,15740,15835,0,15810,0,0,0,2017-04-14,75693000,15785,22,0,0,0,0,0,0,0,0,15790,3,0,0,0,0,0,0,0,0
196,2017-04-13,21:01:34,0,CF709,XZCE,15790,15780,15835,4828,381536400,227302,228134,16530,14950,15740,15835,0,15810,0,0,0,2017-04-14,75694000,15790,6,0,0,0,0,0,0,0,0,15795,90,0,0,0,0,0,0,0,0
197,2017-04-13,21:01:34,0,CF709,XZCE,15795,15780,15835,4860,384063600,227306,228134,16530,14950,15740,15835,0,15810,0,0,0,2017-04-14,75694000,15790,6,0,0,0,0,0,0,0,0,15795,76,0,0,0,0,0,0,0,0
198,2017-04-13,21:01:35,0,CF709,XZCE,15785,15780,15835,4908,387852000,227306,228134,16530,14950,15740,15835,0,15810,0,0,0,2017-04-14,75695000,15785,6,0,0,0,0,0,0,0,0,15790,93,0,0,0,0,0,0,0,0
199,2017-04-13,21:01:35,0,CF709,XZCE,15785,15780,15835,4910,388009850,227304,228134,16530,14950,15740,15835,0,15810,0,0,0,2017-04-14,75695000,15785,6,0,0,0,0,0,0,0,0,15790,93,0,0,0,0,0,0,0,0
200,2017-04-13,21:01:36,0,CF709,XZCE,15785,15780,15835,4910,388009850,227304,228134,16530,14950,15740,15835,0,15810,0,0,0,2017-04-14,75696000,15785,10,0,0,0,0,0,0,0,0,15790,93,0,0,0,0,0,0,0,0
201,2017-04-13,21:01:37,0,CF709,XZCE,15785,15780,15835,4912,388167700,227302,228134,16530,14950,15740,15835,0,15810,0,0,0,2017-04-14,75697000,15785,8,0,0,0,0,0,0,0,0,15790,93,0,0,0,0,0,0,0,0
202,2017-04-13,21:01:37,0,CF709,XZCE,15790,15780,15835,4914,388325600,227302,228134,16530,14950,15740,15835,0,15810,0,0,0,2017-04-14,75697000,15785,8,0,0,0,0,0,0,0,0,15790,92,0,0,0,0,0,0,0,0
203,2017-04-13,21:01:38,0,CF709,XZCE,15785,15780,15835,4954,391482600,227266,228134,16530,14950,15740,15835,0,15810,0,0,0,2017-04-14,75698000,15785,9,0,0,0,0,0,0,0,0,15790,73,0,0,0,0,0,0,0,0
204,2017-04-13,21:01:38,0,CF709,XZCE,15785,15780,15835,4972,392903250,227262,228134,16530,14950,15740,15835,0,15810,0,0,0,2017-04-14,75698000,15780,150,0,0,0,0,0,0,0,0,15790,73,0,0,0,0,0,0,0,0
205,2017-04-13,21:01:39,0,CF709,XZCE,15780,15780,15835,4978,393376650,227256,228134,16530,14950,15740,15835,0,15810,0,0,0,2017-04-14,75699000,15780,148,0,0,0,0,0,0,0,0,15790,75,0,0,0,0,0,0,0,0
206,2017-04-13,21:01:39,0,CF709,XZCE,15785,15780,15835,4980,393534500,227256,228134,16530,14950,15740,15835,0,15810,0,0,0,2017-04-14,75699000,15780,148,0,0,0,0,0,0,0,0,15785,6,0,0,0,0,0,0,0,0
207,2017-04-13,21:01:40,0,CF709,XZCE,15785,15780,15835,4980,393534500,227256,228134,16530,14950,15740,15835,0,15810,0,0,0,2017-04-14,75700000,15780,198,0,0,0,0,0,0,0,0,15785,15,0,0,0,0,0,0,0,0
208,2017-04-13,21:01:40,0,CF709,XZCE,15785,15780,15835,4986,394008050,227250,228134,16530,14950,15740,15835,0,15810,0,0,0,2017-04-14,75700000,15780,198,0,0,0,0,0,0,0,0,15785,24,0,0,0,0,0,0,0,0
209,2017-04-13,21:01:41,0,CF709,XZCE,15780,15780,15835,4988,394165850,227250,228134,16530,14950,15740,15835,0,15810,0,0,0,2017-04-14,75701000,15780,203,0,0,0,0,0,0,0,0,15785,25,0,0,0,0,0,0,0,0
210,2017-04-13,21:01:41,0,CF709,XZCE,15780,15780,15835,4988,394165850,227250,228134,16530,14950,15740,15835,0,15810,0,0,0,2017-04-14,75701000,15780,203,0,0,0,0,0,0,0,0,15785,22,0,0,0,0,0,0,0,0
211,2017-04-13,21:01:42,0,CF709,XZCE,15785,15780,15835,4998,394955100,227240,228134,16530,14950,15740,15835,0,15810,0,0,0,2017-04-14,75702000,15780,200,0,0,0,0,0,0,0,0,15785,20,0,0,0,0,0,0,0,0
212,2017-04-13,21:01:42,0,CF709,XZCE,15785,15780,15835,4998,394955100,227240,228134,16530,14950,15740,15835,0,15810,0,0,0,2017-04-14,75702000,15780,201,0,0,0,0,0,0,0,0,15785,22,0,0,0,0,0,0,0,0
213,2017-04-13,21:01:43,0,CF709,XZCE,15785,15780,15835,4998,394955100,227240,228134,16530,14950,15740,15835,0,15810,0,0,0,2017-04-14,75703000,15780,202,0,0,0,0,0,0,0,0,15785,22,0,0,0,0,0,0,0,0
214,2017-04-13,21:01:43,0,CF709,XZCE,15785,15780,15835,4998,394955100,227240,228134,16530,14950,15740,15835,0,15810,0,0,0,2017-04-14,75703000,15780,203,0,0,0,0,0,0,0,0,15785,22,0,0,0,0,0,0,0,0
215,2017-04-13,21:01:44,0,CF709,XZCE,15785,15780,15835,5004,395428650,227236,228134,16530,14950,15740,15835,0,15810,0,0,0,2017-04-14,75704000,15780,202,0,0,0,0,0,0,0,0,15785,21,0,0,0,0,0,0,0,0
216,2017-04-13,21:01:44,0,CF709,XZCE,15780,15780,15835,5006,395586450,227236,228134,16530,14950,15740,15835,0,15810,0,0,0,2017-04-14,75704000,15780,205,0,0,0,0,0,0,0,0,15785,21,0,0,0,0,0,0,0,0
217,2017-04-13,21:01:45,0,CF709,XZCE,15785,15780,15835,5026,397164950,227236,228134,16530,14950,15740,15835,0,15810,0,0,0,2017-04-14,75705000,15780,206,0,0,0,0,0,0,0,0,15785,11,0,0,0,0,0,0,0,0
218,2017-04-13,21:01:45,0,CF709,XZCE,15785,15780,15835,5030,397480650,227232,228134,16530,14950,15740,15835,0,15810,0,0,0,2017-04-14,75705000,15780,207,0,0,0,0,0,0,0,0,15785,9,0,0,0,0,0,0,0,0
219,2017-04-13,21:01:46,0,CF709,XZCE,15785,15780,15835,5050,399059150,227214,228134,16530,14950,15740,15835,0,15810,0,0,0,2017-04-14,75706000,15780,202,0,0,0,0,0,0,0,0,15785,6,0,0,0,0,0,0,0,0
220,2017-04-13,21:01:47,0,CF709,XZCE,15785,15780,15835,5056,399532700,227210,228134,16530,14950,15740,15835,0,15810,0,0,0,2017-04-14,75707000,15780,202,0,0,0,0,0,0,0,0,15785,3,0,0,0,0,0,0,0,0
221,2017-04-13,21:01:47,0,CF709,XZCE,15780,15780,15835,5066,400321700,227208,228134,16530,14950,15740,15835,0,15810,0,0,0,2017-04-14,75707000,15780,197,0,0,0,0,0,0,0,0,15785,3,0,0,0,0,0,0,0,0
222,2017-04-13,21:01:48,0,CF709,XZCE,15785,15780,15835,5076,401110950,227210,228134,16530,14950,15740,15835,0,15810,0,0,0,2017-04-14,75708000,15780,201,0,0,0,0,0,0,0,0,15790,80,0,0,0,0,0,0,0,0
223,2017-04-13,21:01:48,0,CF709,XZCE,15785,15780,15835,5076,401110950,227210,228134,16530,14950,15740,15835,0,15810,0,0,0,2017-04-14,75708000,15785,11,0,0,0,0,0,0,0,0,15790,12,0,0,0,0,0,0,0,0
224,2017-04-13,21:01:49,0,CF709,XZCE,15780,15780,15835,5220,412472550,227106,228134,16530,14950,15740,15835,0,15810,0,0,0,2017-04-14,75709000,15785,3,0,0,0,0,0,0,0,0,15790,15,0,0,0,0,0,0,0,0
225,2017-04-13,21:01:49,0,CF709,XZCE,15790,15780,15835,5244,414367350,227092,228134,16530,14950,15740,15835,0,15810,0,0,0,2017-04-14,75709000,15785,9,0,0,0,0,0,0,0,0,15790,9,0,0,0,0,0,0,0,0
226,2017-04-13,21:01:50,0,CF709,XZCE,15790,15780,15835,5244,414367350,227092,228134,16530,14950,15740,15835,0,15810,0,0,0,2017-04-14,75710000,15785,12,0,0,0,0,0,0,0,0,15790,9,0,0,0,0,0,0,0,0
227,2017-04-13,21:01:50,0,CF709,XZCE,15790,15780,15835,5244,414367350,227092,228134,16530,14950,15740,15835,0,15810,0,0,0,2017-04-14,75710000,15785,16,0,0,0,0,0,0,0,0,15790,9,0,0,0,0,0,0,0,0
228,2017-04-13,21:01:51,0,CF709,XZCE,15790,15780,15835,5244,414367350,227092,228134,16530,14950,15740,15835,0,15810,0,0,0,2017-04-14,75711000,15785,28,0,0,0,0,0,0,0,0,15790,9,0,0,0,0,0,0,0,0
229,2017-04-13,21:01:51,0,CF709,XZCE,15790,15780,15835,5244,414367350,227092,228134,16530,14950,15740,15835,0,15810,0,0,0,2017-04-14,75711000,15785,28,0,0,0,0,0,0,0,0,15790,10,0,0,0,0,0,0,0,0
230,2017-04-13,21:01:52,0,CF709,XZCE,15785,15780,15835,5260,415630150,227092,228134,16530,14950,15740,15835,0,15810,0,0,0,2017-04-14,75712000,15785,20,0,0,0,0,0,0,0,0,15790,11,0,0,0,0,0,0,0,0
231,2017-04-13,21:01:52,0,CF709,XZCE,15785,15780,15835,5260,415630150,227092,228134,16530,14950,15740,15835,0,15810,0,0,0,2017-04-14,75712000,15785,23,0,0,0,0,0,0,0,0,15790,13,0,0,0,0,0,0,0,0
232,2017-04-13,21:01:53,0,CF709,XZCE,15785,15780,15835,5264,415945850,227094,228134,16530,14950,15740,15835,0,15810,0,0,0,2017-04-14,75713000,15785,21,0,0,0,0,0,0,0,0,15790,13,0,0,0,0,0,0,0,0
233,2017-04-13,21:01:54,0,CF709,XZCE,15785,15780,15835,5268,416261550,227096,228134,16530,14950,15740,15835,0,15810,0,0,0,2017-04-14,75714000,15785,19,0,0,0,0,0,0,0,0,15790,14,0,0,0,0,0,0,0,0
234,2017-04-13,21:01:54,0,CF709,XZCE,15785,15780,15835,5268,416261550,227096,228134,16530,14950,15740,15835,0,15810,0,0,0,2017-04-14,75714000,15785,19,0,0,0,0,0,0,0,0,15790,15,0,0,0,0,0,0,0,0
235,2017-04-13,21:01:55,0,CF709,XZCE,15790,15780,15835,5272,416577350,227094,228134,16530,14950,15740,15835,0,15810,0,0,0,2017-04-14,75715000,15785,20,0,0,0,0,0,0,0,0,15790,14,0,0,0,0,0,0,0,0
236,2017-04-13,21:01:56,0,CF709,XZCE,15785,15780,15835,5274,416735200,227094,228134,16530,14950,15740,15835,0,15810,0,0,0,2017-04-14,75716000,15785,21,0,0,0,0,0,0,0,0,15790,14,0,0,0,0,0,0,0,0
237,2017-04-13,21:01:56,0,CF709,XZCE,15785,15780,15835,5276,416893050,227094,228134,16530,14950,15740,15835,0,15810,0,0,0,2017-04-14,75716000,15785,20,0,0,0,0,0,0,0,0,15790,15,0,0,0,0,0,0,0,0
238,2017-04-13,21:01:57,0,CF709,XZCE,15785,15780,15835,5276,416893050,227094,228134,16530,14950,15740,15835,0,15810,0,0,0,2017-04-14,75717000,15785,18,0,0,0,0,0,0,0,0,15790,15,0,0,0,0,0,0,0,0
239,2017-04-13,21:01:57,0,CF709,XZCE,15785,15780,15835,5276,416893050,227094,228134,16530,14950,15740,15835,0,15810,0,0,0,2017-04-14,75717000,15785,20,0,0,0,0,0,0,0,0,15790,15,0,0,0,0,0,0,0,0
240,2017-04-13,21:01:58,0,CF709,XZCE,15785,15780,15835,5290,417998000,227090,228134,16530,14950,15740,15835,0,15810,0,0,0,2017-04-14,75718000,15785,13,0,0,0,0,0,0,0,0,15790,15,0,0,0,0,0,0,0,0
241,2017-04-13,21:01:58,0,CF709,XZCE,15790,15780,15835,5292,418155900,227088,228134,16530,14950,15740,15835,0,15810,0,0,0,2017-04-14,75718000,15785,13,0,0,0,0,0,0,0,0,15790,17,0,0,0,0,0,0,0,0
242,2017-04-13,21:01:59,0,CF709,XZCE,15785,15780,15835,5296,418471600,227092,228134,16530,14950,15740,15835,0,15810,0,0,0,2017-04-14,75719000,15785,14,0,0,0,0,0,0,0,0,15790,18,0,0,0,0,0,0,0,0
243,2017-04-13,21:02:00,0,CF709,XZCE,15790,15780,15835,5336,421629600,227084,228134,16530,14950,15740,15835,0,15810,0,0,0,2017-04-14,75720000,15790,81,0,0,0,0,0,0,0,0,15795,75,0,0,0,0,0,0,0,0
244,2017-04-13,21:02:00,0,CF709,XZCE,15790,15780,15835,5346,422419100,227074,228134,16530,14950,15740,15835,0,15810,0,0,0,2017-04-14,75720000,15790,76,0,0,0,0,0,0,0,0,15795,75,0,0,0,0,0,0,0,0
245,2017-04-13,21:02:01,0,CF709,XZCE,15790,15780,15835,5346,422419100,227074,228134,16530,14950,15740,15835,0,15810,0,0,0,2017-04-14,75721000,15790,78,0,0,0,0,0,0,0,0,15795,75,0,0,0,0,0,0,0,0
246,2017-04-13,21:02:02,0,CF709,XZCE,15795,15780,15835,5348,422577050,227076,228134,16530,14950,15740,15835,0,15810,0,0,0,2017-04-14,75722000,15790,78,0,0,0,0,0,0,0,0,15795,73,0,0,0,0,0,0,0,0
247,2017-04-13,21:02:03,0,CF709,XZCE,15790,15780,15835,5352,422892850,227074,228134,16530,14950,15740,15835,0,15810,0,0,0,2017-04-14,75723000,15790,77,0,0,0,0,0,0,0,0,15795,72,0,0,0,0,0,0,0,0
248,2017-04-13,21:02:03,0,CF709,XZCE,15790,15780,15835,5354,423050750,227074,228134,16530,14950,15740,15835,0,15810,0,0,0,2017-04-14,75723000,15790,81,0,0,0,0,0,0,0,0,15795,72,0,0,0,0,0,0,0,0
249,2017-04-13,21:02:04,0,CF709,XZCE,15795,15780,15835,5378,424946150,227070,228134,16530,14950,15740,15835,0,15810,0,0,0,2017-04-14,75724000,15790,75,0,0,0,0,0,0,0,0,15795,68,0,0,0,0,0,0,0,0
250,2017-04-13,21:02:04,0,CF709,XZCE,15790,15780,15835,5380,425104050,227070,228134,16530,14950,15740,15835,0,15810,0,0,0,2017-04-14,75724000,15790,77,0,0,0,0,0,0,0,0,15795,68,0,0,0,0,0,0,0,0
251,2017-04-13,21:02:05,0,CF709,XZCE,15790,15780,15835,5420,428262050,227030,228134,16530,14950,15740,15835,0,15810,0,0,0,2017-04-14,75725000,15790,62,0,0,0,0,0,0,0,0,15795,68,0,0,0,0,0,0,0,0
252,2017-04-13,21:02:05,0,CF709,XZCE,15790,15780,15835,5428,428893650,227030,228134,16530,14950,15740,15835,0,15810,0,0,0,2017-04-14,75725000,15790,59,0,0,0,0,0,0,0,0,15795,69,0,0,0,0,0,0,0,0
253,2017-04-13,21:02:06,0,CF709,XZCE,15790,15780,15835,5430,429051550,227030,228134,16530,14950,15740,15835,0,15810,0,0,0,2017-04-14,75726000,15790,58,0,0,0,0,0,0,0,0,15795,69,0,0,0,0,0,0,0,0
254,2017-04-13,21:02:07,0,CF709,XZCE,15795,15780,15835,5436,429525400,227030,228134,16530,14950,15740,15835,0,15810,0,0,0,2017-04-14,75727000,15790,58,0,0,0,0,0,0,0,0,15795,66,0,0,0,0,0,0,0,0
255,2017-04-13,21:02:09,0,CF709,XZCE,15790,15780,15835,5442,429999100,227030,228134,16530,14950,15740,15835,0,15810,0,0,0,2017-04-14,75729000,15790,55,0,0,0,0,0,0,0,0,15795,66,0,0,0,0,0,0,0,0
256,2017-04-13,21:02:09,0,CF709,XZCE,15790,15780,15835,5442,429999100,227030,228134,16530,14950,15740,15835,0,15810,0,0,0,2017-04-14,75729000,15790,57,0,0,0,0,0,0,0,0,15795,66,0,0,0,0,0,0,0,0
257,2017-04-13,21:02:10,0,CF709,XZCE,15795,15780,15835,5476,432684250,227036,228134,16530,14950,15740,15835,0,15810,0,0,0,2017-04-14,75730000,15790,50,0,0,0,0,0,0,0,0,15795,56,0,0,0,0,0,0,0,0
258,2017-04-13,21:02:10,0,CF709,XZCE,15795,15780,15835,5476,432684250,227036,228134,16530,14950,15740,15835,0,15810,0,0,0,2017-04-14,75730000,15790,49,0,0,0,0,0,0,0,0,15795,56,0,0,0,0,0,0,0,0
259,2017-04-13,21:02:11,0,CF709,XZCE,15790,15780,15835,5478,432842150,227034,228134,16530,14950,15740,15835,0,15810,0,0,0,2017-04-14,75731000,15790,48,0,0,0,0,0,0,0,0,15795,58,0,0,0,0,0,0,0,0
260,2017-04-13,21:02:12,0,CF709,XZCE,15790,15780,15835,5478,432842150,227034,228134,16530,14950,15740,15835,0,15810,0,0,0,2017-04-14,75732000,15790,49,0,0,0,0,0,0,0,0,15795,58,0,0,0,0,0,0,0,0
261,2017-04-13,21:02:12,0,CF709,XZCE,15790,15780,15835,5488,433631650,227034,228134,16530,14950,15740,15835,0,15810,0,0,0,2017-04-14,75732000,15790,46,0,0,0,0,0,0,0,0,15795,56,0,0,0,0,0,0,0,0
262,2017-04-13,21:02:13,0,CF709,XZCE,15795,15780,15835,5492,433947550,227034,228134,16530,14950,15740,15835,0,15810,0,0,0,2017-04-14,75733000,15790,46,0,0,0,0,0,0,0,0,15795,54,0,0,0,0,0,0,0,0
263,2017-04-13,21:02:14,0,CF709,XZCE,15790,15780,15835,5494,434105450,227034,228134,16530,14950,15740,15835,0,15810,0,0,0,2017-04-14,75734000,15790,45,0,0,0,0,0,0,0,0,15795,54,0,0,0,0,0,0,0,0
264,2017-04-13,21:02:14,0,CF709,XZCE,15795,15780,15835,5496,434263400,227034,228134,16530,14950,15740,15835,0,15810,0,0,0,2017-04-14,75734000,15790,45,0,0,0,0,0,0,0,0,15795,54,0,0,0,0,0,0,0,0
265,2017-04-13,21:02:15,0,CF709,XZCE,15795,15780,15835,5498,434421350,227036,228134,16530,14950,15740,15835,0,15810,0,0,0,2017-04-14,75735000,15790,45,0,0,0,0,0,0,0,0,15795,103,0,0,0,0,0,0,0,0
266,2017-04-13,21:02:15,0,CF709,XZCE,15790,15780,15835,5500,434579250,227034,228134,16530,14950,15740,15835,0,15810,0,0,0,2017-04-14,75735000,15790,44,0,0,0,0,0,0,0,0,15795,103,0,0,0,0,0,0,0,0
267,2017-04-13,21:02:15,0,CF709,XZCE,15790,15780,15835,5500,434579250,227034,228134,16530,14950,15740,15835,0,15810,0,0,0,2017-04-14,75735000,15790,45,0,0,0,0,0,0,0,0,15795,103,0,0,0,0,0,0,0,0
268,2017-04-13,21:02:16,0,CF709,XZCE,15790,15780,15835,5580,440895250,226988,228134,16530,14950,15740,15835,0,15810,0,0,0,2017-04-14,75736000,15790,5,0,0,0,0,0,0,0,0,15795,103,0,0,0,0,0,0,0,0
269,2017-04-13,21:02:17,0,CF709,XZCE,15790,15780,15835,5592,441842650,226996,228134,16530,14950,15740,15835,0,15810,0,0,0,2017-04-14,75737000,15790,1,0,0,0,0,0,0,0,0,15795,101,0,0,0,0,0,0,0,0
270,2017-04-13,21:02:17,0,CF709,XZCE,15790,15780,15835,5594,442000550,226998,228134,16530,14950,15740,15835,0,15810,0,0,0,2017-04-14,75737000,15785,57,0,0,0,0,0,0,0,0,15790,4,0,0,0,0,0,0,0,0
271,2017-04-13,21:02:18,0,CF709,XZCE,15790,15780,15835,5594,442000550,226998,228134,16530,14950,15740,15835,0,15810,0,0,0,2017-04-14,75738000,15785,57,0,0,0,0,0,0,0,0,15790,18,0,0,0,0,0,0,0,0
272,2017-04-13,21:02:19,0,CF709,XZCE,15790,15780,15835,5596,442158450,226998,228134,16530,14950,15740,15835,0,15810,0,0,0,2017-04-14,75739000,15785,57,0,0,0,0,0,0,0,0,15790,18,0,0,0,0,0,0,0,0
273,2017-04-13,21:02:19,0,CF709,XZCE,15790,15780,15835,5596,442158450,226998,228134,16530,14950,15740,15835,0,15810,0,0,0,2017-04-14,75739000,15785,58,0,0,0,0,0,0,0,0,15790,20,0,0,0,0,0,0,0,0
274,2017-04-13,21:02:20,0,CF709,XZCE,15790,15780,15835,5596,442158450,226998,228134,16530,14950,15740,15835,0,15810,0,0,0,2017-04-14,75740000,15785,56,0,0,0,0,0,0,0,0,15790,21,0,0,0,0,0,0,0,0
275,2017-04-13,21:02:20,0,CF709,XZCE,15790,15780,15835,5598,442316350,226998,228134,16530,14950,15740,15835,0,15810,0,0,0,2017-04-14,75740000,15785,58,0,0,0,0,0,0,0,0,15790,20,0,0,0,0,0,0,0,0
276,2017-04-13,21:02:21,0,CF709,XZCE,15790,15780,15835,5604,442790050,227004,228134,16530,14950,15740,15835,0,15810,0,0,0,2017-04-14,75741000,15785,59,0,0,0,0,0,0,0,0,15790,18,0,0,0,0,0,0,0,0
277,2017-04-13,21:02:22,0,CF709,XZCE,15790,15780,15835,5604,442790050,227004,228134,16530,14950,15740,15835,0,15810,0,0,0,2017-04-14,75742000,15785,59,0,0,0,0,0,0,0,0,15790,21,0,0,0,0,0,0,0,0
278,2017-04-13,21:02:22,0,CF709,XZCE,15790,15780,15835,5604,442790050,227004,228134,16530,14950,15740,15835,0,15810,0,0,0,2017-04-14,75742000,15785,58,0,0,0,0,0,0,0,0,15790,21,0,0,0,0,0,0,0,0
279,2017-04-13,21:02:23,0,CF709,XZCE,15790,15780,15835,5614,443579550,227014,228134,16530,14950,15740,15835,0,15810,0,0,0,2017-04-14,75743000,15785,58,0,0,0,0,0,0,0,0,15790,16,0,0,0,0,0,0,0,0
280,2017-04-13,21:02:23,0,CF709,XZCE,15790,15780,15835,5616,443737450,227014,228134,16530,14950,15740,15835,0,15810,0,0,0,2017-04-14,75743000,15785,58,0,0,0,0,0,0,0,0,15790,17,0,0,0,0,0,0,0,0
281,2017-04-13,21:02:24,0,CF709,XZCE,15790,15780,15835,5616,443737450,227014,228134,16530,14950,15740,15835,0,15810,0,0,0,2017-04-14,75744000,15785,58,0,0,0,0,0,0,0,0,15790,18,0,0,0,0,0,0,0,0
282,2017-04-13,21:02:24,0,CF709,XZCE,15790,15780,15835,5616,443737450,227014,228134,16530,14950,15740,15835,0,15810,0,0,0,2017-04-14,75744000,15785,62,0,0,0,0,0,0,0,0,15790,18,0,0,0,0,0,0,0,0
283,2017-04-13,21:02:24,0,CF709,XZCE,15785,15780,15835,5618,443895300,227014,228134,16530,14950,15740,15835,0,15810,0,0,0,2017-04-14,75744000,15785,61,0,0,0,0,0,0,0,0,15790,18,0,0,0,0,0,0,0,0
284,2017-04-13,21:02:25,0,CF709,XZCE,15790,15780,15835,5624,444369000,227010,228134,16530,14950,15740,15835,0,15810,0,0,0,2017-04-14,75745000,15785,61,0,0,0,0,0,0,0,0,15790,15,0,0,0,0,0,0,0,0
285,2017-04-13,21:02:27,0,CF709,XZCE,15790,15780,15835,5626,444526900,227008,228134,16530,14950,15740,15835,0,15810,0,0,0,2017-04-14,75747000,15785,59,0,0,0,0,0,0,0,0,15790,29,0,0,0,0,0,0,0,0
286,2017-04-13,21:02:28,0,CF709,XZCE,15790,15780,15835,5632,445000600,227008,228134,16530,14950,15740,15835,0,15810,0,0,0,2017-04-14,75748000,15785,59,0,0,0,0,0,0,0,0,15790,26,0,0,0,0,0,0,0,0
287,2017-04-13,21:02:29,0,CF709,XZCE,15790,15780,15835,5634,445158500,227010,228134,16530,14950,15740,15835,0,15810,0,0,0,2017-04-14,75749000,15785,59,0,0,0,0,0,0,0,0,15790,25,0,0,0,0,0,0,0,0
288,2017-04-13,21:02:29,0,CF709,XZCE,15790,15780,15835,5634,445158500,227010,228134,16530,14950,15740,15835,0,15810,0,0,0,2017-04-14,75749000,15785,60,0,0,0,0,0,0,0,0,15790,27,0,0,0,0,0,0,0,0
289,2017-04-13,21:02:30,0,CF709,XZCE,15790,15780,15835,5636,445316400,227010,228134,16530,14950,15740,15835,0,15810,0,0,0,2017-04-14,75750000,15785,60,0,0,0,0,0,0,0,0,15790,26,0,0,0,0,0,0,0,0
290,2017-04-13,21:02:30,0,CF709,XZCE,15790,15780,15835,5636,445316400,227010,228134,16530,14950,15740,15835,0,15810,0,0,0,2017-04-14,75750000,15785,61,0,0,0,0,0,0,0,0,15790,26,0,0,0,0,0,0,0,0
291,2017-04-13,21:02:32,0,CF709,XZCE,15785,15780,15835,5638,445474250,227010,228134,16530,14950,15740,15835,0,15810,0,0,0,2017-04-14,75752000,15785,61,0,0,0,0,0,0,0,0,15790,27,0,0,0,0,0,0,0,0
292,2017-04-13,21:02:33,0,CF709,XZCE,15785,15780,15835,5638,445474250,227010,228134,16530,14950,15740,15835,0,15810,0,0,0,2017-04-14,75753000,15785,62,0,0,0,0,0,0,0,0,15790,31,0,0,0,0,0,0,0,0
293,2017-04-13,21:02:34,0,CF709,XZCE,15785,15780,15835,5638,445474250,227010,228134,16530,14950,15740,15835,0,15810,0,0,0,2017-04-14,75754000,15785,62,0,0,0,0,0,0,0,0,15790,33,0,0,0,0,0,0,0,0
294,2017-04-13,21:02:34,0,CF709,XZCE,15790,15780,15835,5640,445632150,227010,228134,16530,14950,15740,15835,0,15810,0,0,0,2017-04-14,75754000,15785,64,0,0,0,0,0,0,0,0,15790,32,0,0,0,0,0,0,0,0
295,2017-04-13,21:02:35,0,CF709,XZCE,15790,15780,15835,5640,445632150,227010,228134,16530,14950,15740,15835,0,15810,0,0,0,2017-04-14,75755000,15785,64,0,0,0,0,0,0,0,0,15790,35,0,0,0,0,0,0,0,0
296,2017-04-13,21:02:35,0,CF709,XZCE,15790,15780,15835,5644,445947950,227010,228134,16530,14950,15740,15835,0,15810,0,0,0,2017-04-14,75755000,15785,63,0,0,0,0,0,0,0,0,15790,33,0,0,0,0,0,0,0,0
297,2017-04-13,21:02:36,0,CF709,XZCE,15785,15780,15835,5646,446105800,227010,228134,16530,14950,15740,15835,0,15810,0,0,0,2017-04-14,75756000,15785,62,0,0,0,0,0,0,0,0,15790,33,0,0,0,0,0,0,0,0
298,2017-04-13,21:02:36,0,CF709,XZCE,15785,15780,15835,5648,446263650,227010,228134,16530,14950,15740,15835,0,15810,0,0,0,2017-04-14,75756000,15785,61,0,0,0,0,0,0,0,0,15790,33,0,0,0,0,0,0,0,0
299,2017-04-13,21:02:37,0,CF709,XZCE,15790,15780,15835,5656,446895250,227008,228134,16530,14950,15740,15835,0,15810,0,0,0,2017-04-14,75757000,15785,61,0,0,0,0,0,0,0,0,15790,29,0,0,0,0,0,0,0,0
300,2017-04-13,21:02:39,0,CF709,XZCE,15790,15780,15835,5656,446895250,227008,228134,16530,14950,15740,15835,0,15810,0,0,0,2017-04-14,75759000,15785,61,0,0,0,0,0,0,0,0,15790,30,0,0,0,0,0,0,0,0
301,2017-04-13,21:02:40,0,CF709,XZCE,15785,15780,15835,5658,447053100,227006,228134,16530,14950,15740,15835,0,15810,0,0,0,2017-04-14,75760000,15785,60,0,0,0,0,0,0,0,0,15790,30,0,0,0,0,0,0,0,0
302,2017-04-13,21:02:40,0,CF709,XZCE,15790,15780,15835,5660,447211000,227008,228134,16530,14950,15740,15835,0,15810,0,0,0,2017-04-14,75760000,15785,59,0,0,0,0,0,0,0,0,15790,29,0,0,0,0,0,0,0,0
303,2017-04-13,21:02:41,0,CF709,XZCE,15790,15780,15835,5662,447368900,227008,228134,16530,14950,15740,15835,0,15810,0,0,0,2017-04-14,75761000,15785,59,0,0,0,0,0,0,0,0,15790,35,0,0,0,0,0,0,0,0
304,2017-04-13,21:02:42,0,CF709,XZCE,15790,15780,15835,5672,448158400,227008,228134,16530,14950,15740,15835,0,15810,0,0,0,2017-04-14,75762000,15785,60,0,0,0,0,0,0,0,0,15790,30,0,0,0,0,0,0,0,0
305,2017-04-13,21:02:42,0,CF709,XZCE,15790,15780,15835,5674,448316300,227006,228134,16530,14950,15740,15835,0,15810,0,0,0,2017-04-14,75762000,15785,60,0,0,0,0,0,0,0,0,15790,29,0,0,0,0,0,0,0,0
306,2017-04-13,21:02:44,0,CF709,XZCE,15790,15780,15835,5676,448474200,227006,228134,16530,14950,15740,15835,0,15810,0,0,0,2017-04-14,75764000,15785,60,0,0,0,0,0,0,0,0,15790,28,0,0,0,0,0,0,0,0
307,2017-04-13,21:02:45,0,CF709,XZCE,15790,15780,15835,5676,448474200,227006,228134,16530,14950,15740,15835,0,15810,0,0,0,2017-04-14,75765000,15785,63,0,0,0,0,0,0,0,0,15790,28,0,0,0,0,0,0,0,0
308,2017-04-13,21:02:47,0,CF709,XZCE,15790,15780,15835,5676,448474200,227006,228134,16530,14950,15740,15835,0,15810,0,0,0,2017-04-14,75767000,15785,75,0,0,0,0,0,0,0,0,15790,28,0,0,0,0,0,0,0,0
309,2017-04-13,21:02:47,0,CF709,XZCE,15790,15780,15835,5678,448632100,227006,228134,16530,14950,15740,15835,0,15810,0,0,0,2017-04-14,75767000,15785,76,0,0,0,0,0,0,0,0,15790,27,0,0,0,0,0,0,0,0
310,2017-04-13,21:02:48,0,CF709,XZCE,15785,15780,15835,5680,448789950,227006,228134,16530,14950,15740,15835,0,15810,0,0,0,2017-04-14,75768000,15785,75,0,0,0,0,0,0,0,0,15790,28,0,0,0,0,0,0,0,0
311,2017-04-13,21:02:48,0,CF709,XZCE,15785,15780,15835,5688,449421350,227006,228134,16530,14950,15740,15835,0,15810,0,0,0,2017-04-14,75768000,15785,71,0,0,0,0,0,0,0,0,15790,28,0,0,0,0,0,0,0,0
312,2017-04-13,21:02:49,0,CF709,XZCE,15785,15780,15835,5690,449579200,227006,228134,16530,14950,15740,15835,0,15810,0,0,0,2017-04-14,75769000,15785,70,0,0,0,0,0,0,0,0,15790,28,0,0,0,0,0,0,0,0
313,2017-04-13,21:02:49,0,CF709,XZCE,15785,15780,15835,5690,449579200,227006,228134,16530,14950,15740,15835,0,15810,0,0,0,2017-04-14,75769000,15785,71,0,0,0,0,0,0,0,0,15790,29,0,0,0,0,0,0,0,0
314,2017-04-13,21:02:50,0,CF709,XZCE,15790,15780,15835,5694,449895000,227006,228134,16530,14950,15740,15835,0,15810,0,0,0,2017-04-14,75770000,15785,71,0,0,0,0,0,0,0,0,15790,27,0,0,0,0,0,0,0,0
315,2017-04-13,21:02:50,0,CF709,XZCE,15790,15780,15835,5702,450526600,226998,228134,16530,14950,15740,15835,0,15810,0,0,0,2017-04-14,75770000,15785,71,0,0,0,0,0,0,0,0,15790,23,0,0,0,0,0,0,0,0
316,2017-04-13,21:02:51,0,CF709,XZCE,15785,15780,15835,5712,451315850,226992,228134,16530,14950,15740,15835,0,15810,0,0,0,2017-04-14,75771000,15785,81,0,0,0,0,0,0,0,0,15790,24,0,0,0,0,0,0,0,0
317,2017-04-13,21:02:52,0,CF709,XZCE,15785,15780,15835,5712,451315850,226992,228134,16530,14950,15740,15835,0,15810,0,0,0,2017-04-14,75772000,15785,81,0,0,0,0,0,0,0,0,15790,29,0,0,0,0,0,0,0,0
318,2017-04-13,21:02:52,0,CF709,XZCE,15790,15780,15835,5722,452105350,226994,228134,16530,14950,15740,15835,0,15810,0,0,0,2017-04-14,75772000,15785,80,0,0,0,0,0,0,0,0,15790,24,0,0,0,0,0,0,0,0
319,2017-04-13,21:02:53,0,CF709,XZCE,15790,15780,15835,5728,452579050,226990,228134,16530,14950,15740,15835,0,15810,0,0,0,2017-04-14,75773000,15785,78,0,0,0,0,0,0,0,0,15790,23,0,0,0,0,0,0,0,0
320,2017-04-13,21:02:53,0,CF709,XZCE,15790,15780,15835,5728,452579050,226990,228134,16530,14950,15740,15835,0,15810,0,0,0,2017-04-14,75773000,15785,78,0,0,0,0,0,0,0,0,15790,22,0,0,0,0,0,0,0,0
321,2017-04-13,21:02:54,0,CF709,XZCE,15790,15780,15835,5730,452736950,226988,228134,16530,14950,15740,15835,0,15810,0,0,0,2017-04-14,75774000,15785,79,0,0,0,0,0,0,0,0,15790,22,0,0,0,0,0,0,0,0
322,2017-04-13,21:02:54,0,CF709,XZCE,15790,15780,15835,5732,452894850,226988,228134,16530,14950,15740,15835,0,15810,0,0,0,2017-04-14,75774000,15785,79,0,0,0,0,0,0,0,0,15790,21,0,0,0,0,0,0,0,0
323,2017-04-13,21:02:55,0,CF709,XZCE,15790,15780,15835,5734,453052750,226988,228134,16530,14950,15740,15835,0,15810,0,0,0,2017-04-14,75775000,15785,79,0,0,0,0,0,0,0,0,15790,22,0,0,0,0,0,0,0,0
324,2017-04-13,21:02:55,0,CF709,XZCE,15790,15780,15835,5736,453210650,226988,228134,16530,14950,15740,15835,0,15810,0,0,0,2017-04-14,75775000,15785,81,0,0,0,0,0,0,0,0,15790,21,0,0,0,0,0,0,0,0
325,2017-04-13,21:02:56,0,CF709,XZCE,15790,15780,15835,5736,453210650,226988,228134,16530,14950,15740,15835,0,15810,0,0,0,2017-04-14,75776000,15785,82,0,0,0,0,0,0,0,0,15790,23,0,0,0,0,0,0,0,0
326,2017-04-13,21:02:57,0,CF709,XZCE,15790,15780,15835,5736,453210650,226988,228134,16530,14950,15740,15835,0,15810,0,0,0,2017-04-14,75777000,15785,83,0,0,0,0,0,0,0,0,15790,23,0,0,0,0,0,0,0,0
327,2017-04-13,21:02:57,0,CF709,XZCE,15790,15780,15835,5736,453210650,226988,228134,16530,14950,15740,15835,0,15810,0,0,0,2017-04-14,75777000,15785,88,0,0,0,0,0,0,0,0,15790,23,0,0,0,0,0,0,0,0
328,2017-04-13,21:02:58,0,CF709,XZCE,15790,15780,15835,5738,453368550,226990,228134,16530,14950,15740,15835,0,15810,0,0,0,2017-04-14,75778000,15785,89,0,0,0,0,0,0,0,0,15790,22,0,0,0,0,0,0,0,0
329,2017-04-13,21:02:58,0,CF709,XZCE,15790,15780,15835,5774,456210750,226990,228134,16530,14950,15740,15835,0,15810,0,0,0,2017-04-14,75778000,15785,97,0,0,0,0,0,0,0,0,15790,5,0,0,0,0,0,0,0,0
330,2017-04-13,21:02:59,0,CF709,XZCE,15790,15780,15835,5784,457000250,227000,228134,16530,14950,15740,15835,0,15810,0,0,0,2017-04-14,75779000,15785,97,0,0,0,0,0,0,0,0,15795,98,0,0,0,0,0,0,0,0
331,2017-04-13,21:02:59,0,CF709,XZCE,15790,15780,15835,5784,457000250,227000,228134,16530,14950,15740,15835,0,15810,0,0,0,2017-04-14,75779000,15790,10,0,0,0,0,0,0,0,0,15795,98,0,0,0,0,0,0,0,0
332,2017-04-13,21:03:00,0,CF709,XZCE,15790,15780,15835,5784,457000250,227000,228134,16530,14950,15740,15835,0,15810,0,0,0,2017-04-14,75780000,15790,17,0,0,0,0,0,0,0,0,15795,99,0,0,0,0,0,0,0,0
333,2017-04-13,21:03:00,0,CF709,XZCE,15790,15780,15835,5786,457158150,227000,228134,16530,14950,15740,15835,0,15810,0,0,0,2017-04-14,75780000,15790,17,0,0,0,0,0,0,0,0,15795,99,0,0,0,0,0,0,0,0
334,2017-04-13,21:03:00,0,CF709,XZCE,15790,15780,15835,5786,457158150,227000,228134,16530,14950,15740,15835,0,15810,0,0,0,2017-04-14,75780000,15790,18,0,0,0,0,0,0,0,0,15795,100,0,0,0,0,0,0,0,0
335,2017-04-13,21:03:01,0,CF709,XZCE,15790,15780,15835,5808,458895050,226982,228134,16530,14950,15740,15835,0,15810,0,0,0,2017-04-14,75781000,15790,11,0,0,0,0,0,0,0,0,15795,100,0,0,0,0,0,0,0,0
336,2017-04-13,21:03:02,0,CF709,XZCE,15790,15780,15835,5812,459210850,226980,228134,16530,14950,15740,15835,0,15810,0,0,0,2017-04-14,75782000,15790,9,0,0,0,0,0,0,0,0,15795,100,0,0,0,0,0,0,0,0
337,2017-04-13,21:03:03,0,CF709,XZCE,15795,15780,15835,5814,459368800,226980,228134,16530,14950,15740,15835,0,15810,0,0,0,2017-04-14,75783000,15790,8,0,0,0,0,0,0,0,0,15795,99,0,0,0,0,0,0,0,0
338,2017-04-13,21:03:04,0,CF709,XZCE,15790,15780,15835,5816,459526700,226980,228134,16530,14950,15740,15835,0,15810,0,0,0,2017-04-14,75784000,15790,7,0,0,0,0,0,0,0,0,15795,99,0,0,0,0,0,0,0,0
339,2017-04-13,21:03:04,0,CF709,XZCE,15790,15780,15835,5816,459526700,226980,228134,16530,14950,15740,15835,0,15810,0,0,0,2017-04-14,75784000,15790,8,0,0,0,0,0,0,0,0,15795,99,0,0,0,0,0,0,0,0
340,2017-04-13,21:03:05,0,CF709,XZCE,15790,15780,15835,5816,459526700,226980,228134,16530,14950,15740,15835,0,15810,0,0,0,2017-04-14,75785000,15790,9,0,0,0,0,0,0,0,0,15795,99,0,0,0,0,0,0,0,0
341,2017-04-13,21:03:05,0,CF709,XZCE,15790,15780,15835,5816,459526700,226980,228134,16530,14950,15740,15835,0,15810,0,0,0,2017-04-14,75785000,15790,10,0,0,0,0,0,0,0,0,15795,99,0,0,0,0,0,0,0,0
342,2017-04-13,21:03:06,0,CF709,XZCE,15790,15780,15835,5818,459684600,226980,228134,16530,14950,15740,15835,0,15810,0,0,0,2017-04-14,75786000,15790,9,0,0,0,0,0,0,0,0,15795,99,0,0,0,0,0,0,0,0
343,2017-04-13,21:03:08,0,CF709,XZCE,15790,15780,15835,5818,459684600,226980,228134,16530,14950,15740,15835,0,15810,0,0,0,2017-04-14,75788000,15790,9,0,0,0,0,0,0,0,0,15795,98,0,0,0,0,0,0,0,0
344,2017-04-13,21:03:08,0,CF709,XZCE,15790,15780,15835,5818,459684600,226980,228134,16530,14950,15740,15835,0,15810,0,0,0,2017-04-14,75788000,15790,76,0,0,0,0,0,0,0,0,15795,96,0,0,0,0,0,0,0,0
345,2017-04-13,21:03:09,0,CF709,XZCE,15795,15780,15835,5830,460632300,226984,228134,16530,14950,15740,15835,0,15810,0,0,0,2017-04-14,75789000,15790,77,0,0,0,0,0,0,0,0,15795,90,0,0,0,0,0,0,0,0
346,2017-04-13,21:03:09,0,CF709,XZCE,15790,15780,15835,5832,460790200,226984,228134,16530,14950,15740,15835,0,15810,0,0,0,2017-04-14,75789000,15790,77,0,0,0,0,0,0,0,0,15795,90,0,0,0,0,0,0,0,0
347,2017-04-13,21:03:10,0,CF709,XZCE,15795,15780,15835,5956,470583100,227064,228134,16530,14950,15740,15835,0,15810,0,0,0,2017-04-14,75790000,15790,78,0,0,0,0,0,0,0,0,15795,28,0,0,0,0,0,0,0,0
348,2017-04-13,21:03:10,0,CF709,XZCE,15805,15780,15835,6140,485123700,227088,228134,16530,14950,15740,15835,0,15810,0,0,0,2017-04-14,75790000,15800,49,0,0,0,0,0,0,0,0,15805,4,0,0,0,0,0,0,0,0
349,2017-04-13,21:03:11,0,CF709,XZCE,15810,15780,15835,6226,491922000,227072,228134,16530,14950,15740,15835,0,15810,0,0,0,2017-04-14,75791000,15810,4,0,0,0,0,0,0,0,0,15815,13,0,0,0,0,0,0,0,0
350,2017-04-13,21:03:11,0,CF709,XZCE,15810,15780,15835,6260,494609700,227066,228134,16530,14950,15740,15835,0,15810,0,0,0,2017-04-14,75791000,15810,9,0,0,0,0,0,0,0,0,15820,18,0,0,0,0,0,0,0,0
351,2017-04-13,21:03:12,0,CF709,XZCE,15810,15780,15835,6264,494925900,227064,228134,16530,14950,15740,15835,0,15810,0,0,0,2017-04-14,75792000,15810,8,0,0,0,0,0,0,0,0,15820,17,0,0,0,0,0,0,0,0
352,2017-04-13,21:03:13,0,CF709,XZCE,15810,15780,15835,6264,494925900,227064,228134,16530,14950,15740,15835,0,15810,0,0,0,2017-04-14,75793000,15810,8,0,0,0,0,0,0,0,0,15815,3,0,0,0,0,0,0,0,0
353,2017-04-13,21:03:13,0,CF709,XZCE,15815,15780,15835,6266,495084050,227064,228134,16530,14950,15740,15835,0,15810,0,0,0,2017-04-14,75793000,15810,7,0,0,0,0,0,0,0,0,15815,2,0,0,0,0,0,0,0,0
354,2017-04-13,21:03:14,0,CF709,XZCE,15810,15780,15835,6268,495242150,227062,228134,16530,14950,15740,15835,0,15810,0,0,0,2017-04-14,75794000,15810,6,0,0,0,0,0,0,0,0,15815,2,0,0,0,0,0,0,0,0
355,2017-04-13,21:03:15,0,CF709,XZCE,15810,15780,15835,6272,495558350,227060,228134,16530,14950,15740,15835,0,15810,0,0,0,2017-04-14,75795000,15810,10,0,0,0,0,0,0,0,0,15815,8,0,0,0,0,0,0,0,0
356,2017-04-13,21:03:15,0,CF709,XZCE,15810,15780,15835,6280,496190750,227062,228134,16530,14950,15740,15835,0,15810,0,0,0,2017-04-14,75795000,15810,8,0,0,0,0,0,0,0,0,15815,10,0,0,0,0,0,0,0,0
357,2017-04-13,21:03:16,0,CF709,XZCE,15810,15780,15835,6284,496506950,227062,228134,16530,14950,15740,15835,0,15810,0,0,0,2017-04-14,75796000,15810,14,0,0,0,0,0,0,0,0,15815,10,0,0,0,0,0,0,0,0
358,2017-04-13,21:03:16,0,CF709,XZCE,15810,15780,15835,6286,496665050,227062,228134,16530,14950,15740,15835,0,15810,0,0,0,2017-04-14,75796000,15810,14,0,0,0,0,0,0,0,0,15815,11,0,0,0,0,0,0,0,0
359,2017-04-13,21:03:17,0,CF709,XZCE,15810,15780,15835,6366,502989050,227014,228134,16530,14950,15740,15835,0,15810,0,0,0,2017-04-14,75797000,15810,16,0,0,0,0,0,0,0,0,15820,6,0,0,0,0,0,0,0,0
360,2017-04-13,21:03:17,0,CF709,XZCE,15815,15780,15835,6398,505519450,227008,228134,16530,14950,15740,15835,0,15810,0,0,0,2017-04-14,75797000,15815,1,0,0,0,0,0,0,0,0,15820,7,0,0,0,0,0,0,0,0
361,2017-04-13,21:03:18,0,CF709,XZCE,15815,15780,15835,6400,505677600,227010,228134,16530,14950,15740,15835,0,15810,0,0,0,2017-04-14,75798000,15810,23,0,0,0,0,0,0,0,0,15815,2,0,0,0,0,0,0,0,0
362,2017-04-13,21:03:18,0,CF709,XZCE,15815,15780,15835,6404,505993900,227012,228134,16530,14950,15740,15835,0,15810,0,0,0,2017-04-14,75798000,15815,5,0,0,0,0,0,0,0,0,15820,13,0,0,0,0,0,0,0,0
363,2017-04-13,21:03:19,0,CF709,XZCE,15815,15780,15835,6408,506310200,227014,228134,16530,14950,15740,15835,0,15810,0,0,0,2017-04-14,75799000,15815,3,0,0,0,0,0,0,0,0,15820,14,0,0,0,0,0,0,0,0
364,2017-04-13,21:03:19,0,CF709,XZCE,15815,15780,15835,6410,506468350,227014,228134,16530,14950,15740,15835,0,15810,0,0,0,2017-04-14,75799000,15815,2,0,0,0,0,0,0,0,0,15820,14,0,0,0,0,0,0,0,0
365,2017-04-13,21:03:20,0,CF709,XZCE,15815,15780,15835,6410,506468350,227014,228134,16530,14950,15740,15835,0,15810,0,0,0,2017-04-14,75800000,15815,2,0,0,0,0,0,0,0,0,15820,15,0,0,0,0,0,0,0,0
366,2017-04-13,21:03:20,0,CF709,XZCE,15815,15780,15835,6410,506468350,227014,228134,16530,14950,15740,15835,0,15810,0,0,0,2017-04-14,75800000,15815,3,0,0,0,0,0,0,0,0,15820,15,0,0,0,0,0,0,0,0
367,2017-04-13,21:03:21,0,CF709,XZCE,15820,15780,15835,6412,506626550,227016,228134,16530,14950,15740,15835,0,15810,0,0,0,2017-04-14,75801000,15815,3,0,0,0,0,0,0,0,0,15820,14,0,0,0,0,0,0,0,0
368,2017-04-13,21:03:21,0,CF709,XZCE,15820,15780,15835,6412,506626550,227016,228134,16530,14950,15740,15835,0,15810,0,0,0,2017-04-14,75801000,15815,4,0,0,0,0,0,0,0,0,15820,15,0,0,0,0,0,0,0,0
369,2017-04-13,21:03:22,0,CF709,XZCE,15820,15780,15835,6416,506942950,227020,228134,16530,14950,15740,15835,0,15810,0,0,0,2017-04-14,75802000,15815,5,0,0,0,0,0,0,0,0,15820,13,0,0,0,0,0,0,0,0
370,2017-04-13,21:03:22,0,CF709,XZCE,15820,15780,15835,6418,507101150,227020,228134,16530,14950,15740,15835,0,15810,0,0,0,2017-04-14,75802000,15815,6,0,0,0,0,0,0,0,0,15820,17,0,0,0,0,0,0,0,0
371,2017-04-13,21:03:23,0,CF709,XZCE,15820,15780,15835,6428,507892150,227026,228134,16530,14950,15740,15835,0,15810,0,0,0,2017-04-14,75803000,15815,6,0,0,0,0,0,0,0,0,15820,23,0,0,0,0,0,0,0,0
372,2017-04-13,21:03:23,0,CF709,XZCE,15820,15780,15835,6428,507892150,227026,228134,16530,14950,15740,15835,0,15810,0,0,0,2017-04-14,75803000,15815,6,0,0,0,0,0,0,0,0,15820,27,0,0,0,0,0,0,0,0
373,2017-04-13,21:03:24,0,CF709,XZCE,15815,15780,15835,6434,508366600,227026,228134,16530,14950,15740,15835,0,15810,0,0,0,2017-04-14,75804000,15815,7,0,0,0,0,0,0,0,0,15820,26,0,0,0,0,0,0,0,0
374,2017-04-13,21:03:24,0,CF709,XZCE,15820,15780,15835,6446,509315800,227032,228134,16530,14950,15740,15835,0,15810,0,0,0,2017-04-14,75804000,15815,7,0,0,0,0,0,0,0,0,15820,24,0,0,0,0,0,0,0,0
375,2017-04-13,21:03:25,0,CF709,XZCE,15815,15780,15835,6462,510581000,227040,228134,16530,14950,15740,15835,0,15810,0,0,0,2017-04-14,75805000,15810,25,0,0,0,0,0,0,0,0,15815,4,0,0,0,0,0,0,0,0
376,2017-04-13,21:03:25,0,CF709,XZCE,15815,15780,15835,6462,510581000,227040,228134,16530,14950,15740,15835,0,15810,0,0,0,2017-04-14,75805000,15810,26,0,0,0,0,0,0,0,0,15815,4,0,0,0,0,0,0,0,0
377,2017-04-13,21:03:26,0,CF709,XZCE,15820,15780,15835,6492,512954000,227050,228134,16530,14950,15740,15835,0,15810,0,0,0,2017-04-14,75806000,15810,27,0,0,0,0,0,0,0,0,15820,118,0,0,0,0,0,0,0,0
378,2017-04-13,21:03:26,0,CF709,XZCE,15815,15780,15835,6494,513112150,227050,228134,16530,14950,15740,15835,0,15810,0,0,0,2017-04-14,75806000,15810,26,0,0,0,0,0,0,0,0,15815,5,0,0,0,0,0,0,0,0
379,2017-04-13,21:03:26,0,CF709,XZCE,15815,15780,15835,6500,513586600,227050,228134,16530,14950,15740,15835,0,15810,0,0,0,2017-04-14,75806000,15810,26,0,0,0,0,0,0,0,0,15815,2,0,0,0,0,0,0,0,0
380,2017-04-13,21:03:27,0,CF709,XZCE,15815,15780,15835,6502,513744750,227050,228134,16530,14950,15740,15835,0,15810,0,0,0,2017-04-14,75807000,15810,26,0,0,0,0,0,0,0,0,15815,1,0,0,0,0,0,0,0,0
381,2017-04-13,21:03:28,0,CF709,XZCE,15815,15780,15835,6504,513902900,227050,228134,16530,14950,15740,15835,0,15810,0,0,0,2017-04-14,75808000,15810,26,0,0,0,0,0,0,0,0,15820,120,0,0,0,0,0,0,0,0
382,2017-04-13,21:03:28,0,CF709,XZCE,15815,15780,15835,6508,514219200,227052,228134,16530,14950,15740,15835,0,15810,0,0,0,2017-04-14,75808000,15810,25,0,0,0,0,0,0,0,0,15815,7,0,0,0,0,0,0,0,0
383,2017-04-13,21:03:29,0,CF709,XZCE,15815,15780,15835,6526,515642550,227070,228134,16530,14950,15740,15835,0,15810,0,0,0,2017-04-14,75809000,15815,8,0,0,0,0,0,0,0,0,15820,123,0,0,0,0,0,0,0,0
384,2017-04-13,21:03:29,0,CF709,XZCE,15815,15780,15835,6546,517224050,227078,228134,16530,14950,15740,15835,0,15810,0,0,0,2017-04-14,75809000,15810,23,0,0,0,0,0,0,0,0,15820,124,0,0,0,0,0,0,0,0
385,2017-04-13,21:03:30,0,CF709,XZCE,15820,15780,15835,6556,518015050,227078,228134,16530,14950,15740,15835,0,15810,0,0,0,2017-04-14,75810000,15810,29,0,0,0,0,0,0,0,0,15820,119,0,0,0,0,0,0,0,0
386,2017-04-13,21:03:30,0,CF709,XZCE,15820,15780,15835,6556,518015050,227078,228134,16530,14950,15740,15835,0,15810,0,0,0,2017-04-14,75810000,15815,2,0,0,0,0,0,0,0,0,15820,119,0,0,0,0,0,0,0,0
387,2017-04-13,21:03:31,0,CF709,XZCE,15815,15780,15835,6562,518489500,227074,228134,16530,14950,15740,15835,0,15810,0,0,0,2017-04-14,75811000,15815,9,0,0,0,0,0,0,0,0,15820,121,0,0,0,0,0,0,0,0
388,2017-04-13,21:03:31,0,CF709,XZCE,15815,15780,15835,6564,518647650,227074,228134,16530,14950,15740,15835,0,15810,0,0,0,2017-04-14,75811000,15815,15,0,0,0,0,0,0,0,0,15820,120,0,0,0,0,0,0,0,0
389,2017-04-13,21:03:31,0,CF709,XZCE,15815,15780,15835,6568,518963950,227078,228134,16530,14950,15740,15835,0,15810,0,0,0,2017-04-14,75811000,15815,13,0,0,0,0,0,0,0,0,15820,120,0,0,0,0,0,0,0,0
390,2017-04-13,21:03:32,0,CF709,XZCE,15820,15780,15835,6580,519913150,227080,228134,16530,14950,15740,15835,0,15810,0,0,0,2017-04-14,75812000,15815,8,0,0,0,0,0,0,0,0,15820,119,0,0,0,0,0,0,0,0
391,2017-04-13,21:03:33,0,CF709,XZCE,15820,15780,15835,6584,520229550,227082,228134,16530,14950,15740,15835,0,15810,0,0,0,2017-04-14,75813000,15815,7,0,0,0,0,0,0,0,0,15820,138,0,0,0,0,0,0,0,0
392,2017-04-13,21:03:33,0,CF709,XZCE,15815,15780,15835,6598,521336600,227084,228134,16530,14950,15740,15835,0,15810,0,0,0,2017-04-14,75813000,15815,1,0,0,0,0,0,0,0,0,15820,137,0,0,0,0,0,0,0,0
393,2017-04-13,21:03:34,0,CF709,XZCE,15815,15780,15835,6602,521652900,227082,228134,16530,14950,15740,15835,0,15810,0,0,0,2017-04-14,75814000,15810,32,0,0,0,0,0,0,0,0,15815,19,0,0,0,0,0,0,0,0
394,2017-04-13,21:03:34,0,CF709,XZCE,15815,15780,15835,6604,521811050,227080,228134,16530,14950,15740,15835,0,15810,0,0,0,2017-04-14,75814000,15810,31,0,0,0,0,0,0,0,0,15815,22,0,0,0,0,0,0,0,0
395,2017-04-13,21:03:35,0,CF709,XZCE,15815,15780,15835,6604,521811050,227080,228134,16530,14950,15740,15835,0,15810,0,0,0,2017-04-14,75815000,15810,24,0,0,0,0,0,0,0,0,15815,27,0,0,0,0,0,0,0,0
396,2017-04-13,21:03:35,0,CF709,XZCE,15815,15780,15835,6604,521811050,227080,228134,16530,14950,15740,15835,0,15810,0,0,0,2017-04-14,75815000,15810,22,0,0,0,0,0,0,0,0,15815,27,0,0,0,0,0,0,0,0
397,2017-04-13,21:03:36,0,CF709,XZCE,15815,15780,15835,6604,521811050,227080,228134,16530,14950,15740,15835,0,15810,0,0,0,2017-04-14,75816000,15810,22,0,0,0,0,0,0,0,0,15815,28,0,0,0,0,0,0,0,0
398,2017-04-13,21:03:37,0,CF709,XZCE,15810,15780,15835,6608,522127250,227080,228134,16530,14950,15740,15835,0,15810,0,0,0,2017-04-14,75817000,15810,21,0,0,0,0,0,0,0,0,15815,27,0,0,0,0,0,0,0,0
399,2017-04-13,21:03:37,0,CF709,XZCE,15815,15780,15835,6614,522601700,227086,228134,16530,14950,15740,15835,0,15810,0,0,0,2017-04-14,75817000,15810,21,0,0,0,0,0,0,0,0,15815,25,0,0,0,0,0,0,0,0
400,2017-04-13,21:03:38,0,CF709,XZCE,15815,15780,15835,6620,523076150,227090,228134,16530,14950,15740,15835,0,15810,0,0,0,2017-04-14,75818000,15810,26,0,0,0,0,0,0,0,0,15815,33,0,0,0,0,0,0,0,0
401,2017-04-13,21:03:38,0,CF709,XZCE,15810,15780,15835,6676,527502950,227074,228134,16530,14950,15740,15835,0,15810,0,0,0,2017-04-14,75818000,15805,11,0,0,0,0,0,0,0,0,15810,23,0,0,0,0,0,0,0,0
402,2017-04-13,21:03:39,0,CF709,XZCE,15810,15780,15835,6676,527502950,227074,228134,16530,14950,15740,15835,0,15810,0,0,0,2017-04-14,75819000,15805,13,0,0,0,0,0,0,0,0,15810,23,0,0,0,0,0,0,0,0
403,2017-04-13,21:03:40,0,CF709,XZCE,15810,15780,15835,6682,527977250,227074,228134,16530,14950,15740,15835,0,15810,0,0,0,2017-04-14,75820000,15805,13,0,0,0,0,0,0,0,0,15810,20,0,0,0,0,0,0,0,0
404,2017-04-13,21:03:41,0,CF709,XZCE,15810,15780,15835,6682,527977250,227074,228134,16530,14950,15740,15835,0,15810,0,0,0,2017-04-14,75821000,15805,14,0,0,0,0,0,0,0,0,15810,20,0,0,0,0,0,0,0,0
405,2017-04-13,21:03:42,0,CF709,XZCE,15810,15780,15835,6684,528135350,227072,228134,16530,14950,15740,15835,0,15810,0,0,0,2017-04-14,75822000,15805,14,0,0,0,0,0,0,0,0,15810,19,0,0,0,0,0,0,0,0
406,2017-04-13,21:03:42,0,CF709,XZCE,15805,15780,15835,6712,530348050,227056,228134,16530,14950,15740,15835,0,15810,0,0,0,2017-04-14,75822000,15800,33,0,0,0,0,0,0,0,0,15805,11,0,0,0,0,0,0,0,0
407,2017-04-13,21:03:43,0,CF709,XZCE,15805,15780,15835,6712,530348050,227056,228134,16530,14950,15740,15835,0,15810,0,0,0,2017-04-14,75823000,15800,35,0,0,0,0,0,0,0,0,15805,12,0,0,0,0,0,0,0,0
408,2017-04-13,21:03:43,0,CF709,XZCE,15805,15780,15835,6718,530822200,227050,228134,16530,14950,15740,15835,0,15810,0,0,0,2017-04-14,75823000,15800,35,0,0,0,0,0,0,0,0,15805,9,0,0,0,0,0,0,0,0
409,2017-04-13,21:03:44,0,CF709,XZCE,15805,15780,15835,6724,531296350,227050,228134,16530,14950,15740,15835,0,15810,0,0,0,2017-04-14,75824000,15800,35,0,0,0,0,0,0,0,0,15805,6,0,0,0,0,0,0,0,0
410,2017-04-13,21:03:44,0,CF709,XZCE,15805,15780,15835,6728,531612450,227050,228134,16530,14950,15740,15835,0,15810,0,0,0,2017-04-14,75824000,15800,13,0,0,0,0,0,0,0,0,15805,4,0,0,0,0,0,0,0,0
411,2017-04-13,21:03:45,0,CF709,XZCE,15800,15780,15835,6732,531928450,227050,228134,16530,14950,15740,15835,0,15810,0,0,0,2017-04-14,75825000,15800,11,0,0,0,0,0,0,0,0,15805,4,0,0,0,0,0,0,0,0
412,2017-04-13,21:03:45,0,CF709,XZCE,15800,15780,15835,6754,533666450,227040,228134,16530,14950,15740,15835,0,15810,0,0,0,2017-04-14,75825000,15800,2,0,0,0,0,0,0,0,0,15805,7,0,0,0,0,0,0,0,0
413,2017-04-13,21:03:46,0,CF709,XZCE,15805,15780,15835,6758,533982550,227040,228134,16530,14950,15740,15835,0,15810,0,0,0,2017-04-14,75826000,15800,10,0,0,0,0,0,0,0,0,15805,7,0,0,0,0,0,0,0,0
414,2017-04-13,21:03:46,0,CF709,XZCE,15805,15780,15835,6760,534140600,227040,228134,16530,14950,15740,15835,0,15810,0,0,0,2017-04-14,75826000,15800,11,0,0,0,0,0,0,0,0,15805,6,0,0,0,0,0,0,0,0
415,2017-04-13,21:03:47,0,CF709,XZCE,15805,15780,15835,6760,534140600,227040,228134,16530,14950,15740,15835,0,15810,0,0,0,2017-04-14,75827000,15800,37,0,0,0,0,0,0,0,0,15805,6,0,0,0,0,0,0,0,0
416,2017-04-13,21:03:48,0,CF709,XZCE,15805,15780,15835,6760,534140600,227040,228134,16530,14950,15740,15835,0,15810,0,0,0,2017-04-14,75828000,15800,39,0,0,0,0,0,0,0,0,15805,6,0,0,0,0,0,0,0,0
417,2017-04-13,21:03:48,0,CF709,XZCE,15800,15780,15835,6766,534614600,227038,228134,16530,14950,15740,15835,0,15810,0,0,0,2017-04-14,75828000,15800,36,0,0,0,0,0,0,0,0,15805,6,0,0,0,0,0,0,0,0
418,2017-04-13,21:03:49,0,CF709,XZCE,15800,15780,15835,6766,534614600,227038,228134,16530,14950,15740,15835,0,15810,0,0,0,2017-04-14,75829000,15800,38,0,0,0,0,0,0,0,0,15805,6,0,0,0,0,0,0,0,0
419,2017-04-13,21:03:49,0,CF709,XZCE,15805,15780,15835,6770,534930700,227040,228134,16530,14950,15740,15835,0,15810,0,0,0,2017-04-14,75829000,15800,39,0,0,0,0,0,0,0,0,15805,4,0,0,0,0,0,0,0,0
420,2017-04-13,21:03:50,0,CF709,XZCE,15805,15780,15835,6770,534930700,227040,228134,16530,14950,15740,15835,0,15810,0,0,0,2017-04-14,75830000,15800,42,0,0,0,0,0,0,0,0,15805,5,0,0,0,0,0,0,0,0
421,2017-04-13,21:03:50,0,CF709,XZCE,15810,15780,15835,6786,536195500,227034,228134,16530,14950,15740,15835,0,15810,0,0,0,2017-04-14,75830000,15800,46,0,0,0,0,0,0,0,0,15810,20,0,0,0,0,0,0,0,0
422,2017-04-13,21:03:51,0,CF709,XZCE,15810,15780,15835,6786,536195500,227034,228134,16530,14950,15740,15835,0,15810,0,0,0,2017-04-14,75831000,15800,46,0,0,0,0,0,0,0,0,15810,21,0,0,0,0,0,0,0,0
423,2017-04-13,21:03:51,0,CF709,XZCE,15805,15780,15835,6788,536353550,227036,228134,16530,14950,15740,15835,0,15810,0,0,0,2017-04-14,75831000,15800,47,0,0,0,0,0,0,0,0,15810,24,0,0,0,0,0,0,0,0
424,2017-04-13,21:03:52,0,CF709,XZCE,15800,15780,15835,6808,537933550,227040,228134,16530,14950,15740,15835,0,15810,0,0,0,2017-04-14,75832000,15800,38,0,0,0,0,0,0,0,0,15810,26,0,0,0,0,0,0,0,0
425,2017-04-13,21:03:53,0,CF709,XZCE,15800,15780,15835,6810,538091550,227040,228134,16530,14950,15740,15835,0,15810,0,0,0,2017-04-14,75833000,15800,37,0,0,0,0,0,0,0,0,15810,26,0,0,0,0,0,0,0,0
426,2017-04-13,21:03:53,0,CF709,XZCE,15800,15780,15835,6812,538249550,227038,228134,16530,14950,15740,15835,0,15810,0,0,0,2017-04-14,75833000,15800,36,0,0,0,0,0,0,0,0,15810,26,0,0,0,0,0,0,0,0
427,2017-04-13,21:03:54,0,CF709,XZCE,15810,15780,15835,6822,539040050,227038,228134,16530,14950,15740,15835,0,15810,0,0,0,2017-04-14,75834000,15800,36,0,0,0,0,0,0,0,0,15810,21,0,0,0,0,0,0,0,0
428,2017-04-13,21:03:54,0,CF709,XZCE,15810,15780,15835,6828,539514350,227038,228134,16530,14950,15740,15835,0,15810,0,0,0,2017-04-14,75834000,15800,36,0,0,0,0,0,0,0,0,15805,1,0,0,0,0,0,0,0,0
429,2017-04-13,21:03:55,0,CF709,XZCE,15810,15780,15835,6830,539672450,227040,228134,16530,14950,15740,15835,0,15810,0,0,0,2017-04-14,75835000,15800,56,0,0,0,0,0,0,0,0,15810,20,0,0,0,0,0,0,0,0
430,2017-04-13,21:03:55,0,CF709,XZCE,15800,15780,15835,6832,539830450,227038,228134,16530,14950,15740,15835,0,15810,0,0,0,2017-04-14,75835000,15800,66,0,0,0,0,0,0,0,0,15810,20,0,0,0,0,0,0,0,0
431,2017-04-13,21:03:56,0,CF709,XZCE,15800,15780,15835,6832,539830450,227038,228134,16530,14950,15740,15835,0,15810,0,0,0,2017-04-14,75836000,15805,2,0,0,0,0,0,0,0,0,15810,20,0,0,0,0,0,0,0,0
432,2017-04-13,21:03:56,0,CF709,XZCE,15805,15780,15835,6834,539988500,227038,228134,16530,14950,15740,15835,0,15810,0,0,0,2017-04-14,75836000,15805,5,0,0,0,0,0,0,0,0,15810,30,0,0,0,0,0,0,0,0
433,2017-04-13,21:03:57,0,CF709,XZCE,15805,15780,15835,6834,539988500,227038,228134,16530,14950,15740,15835,0,15810,0,0,0,2017-04-14,75837000,15805,7,0,0,0,0,0,0,0,0,15810,30,0,0,0,0,0,0,0,0
434,2017-04-13,21:03:58,0,CF709,XZCE,15805,15780,15835,6836,540146550,227040,228134,16530,14950,15740,15835,0,15810,0,0,0,2017-04-14,75838000,15805,6,0,0,0,0,0,0,0,0,15810,31,0,0,0,0,0,0,0,0
435,2017-04-13,21:03:58,0,CF709,XZCE,15805,15780,15835,6836,540146550,227040,228134,16530,14950,15740,15835,0,15810,0,0,0,2017-04-14,75838000,15805,8,0,0,0,0,0,0,0,0,15810,31,0,0,0,0,0,0,0,0
436,2017-04-13,21:03:59,0,CF709,XZCE,15805,15780,15835,6854,541569000,227054,228134,16530,14950,15740,15835,0,15810,0,0,0,2017-04-14,75839000,15805,7,0,0,0,0,0,0,0,0,15810,32,0,0,0,0,0,0,0,0
437,2017-04-13,21:04:01,0,CF709,XZCE,15805,15780,15835,6858,541885100,227056,228134,16530,14950,15740,15835,0,15810,0,0,0,2017-04-14,75841000,15805,7,0,0,0,0,0,0,0,0,15810,32,0,0,0,0,0,0,0,0
438,2017-04-13,21:04:02,0,CF709,XZCE,15805,15780,15835,6910,545994400,227090,228134,16530,14950,15740,15835,0,15810,0,0,0,2017-04-14,75842000,15805,5,0,0,0,0,0,0,0,0,15810,10,0,0,0,0,0,0,0,0
439,2017-04-13,21:04:02,0,CF709,XZCE,15805,15780,15835,6910,545994400,227090,228134,16530,14950,15740,15835,0,15810,0,0,0,2017-04-14,75842000,15805,6,0,0,0,0,0,0,0,0,15810,10,0,0,0,0,0,0,0,0
440,2017-04-13,21:04:03,0,CF709,XZCE,15810,15780,15835,6916,546468700,227090,228134,16530,14950,15740,15835,0,15810,0,0,0,2017-04-14,75843000,15805,42,0,0,0,0,0,0,0,0,15810,7,0,0,0,0,0,0,0,0
441,2017-04-13,21:04:03,0,CF709,XZCE,15805,15780,15835,6928,547417000,227098,228134,16530,14950,15740,15835,0,15810,0,0,0,2017-04-14,75843000,15805,43,0,0,0,0,0,0,0,0,15810,3,0,0,0,0,0,0,0,0
442,2017-04-13,21:04:04,0,CF709,XZCE,15805,15780,15835,6938,548207250,227098,228134,16530,14950,15740,15835,0,15810,0,0,0,2017-04-14,75844000,15805,38,0,0,0,0,0,0,0,0,15810,3,0,0,0,0,0,0,0,0
443,2017-04-13,21:04:04,0,CF709,XZCE,15810,15780,15835,6940,548365350,227100,228134,16530,14950,15740,15835,0,15810,0,0,0,2017-04-14,75844000,15805,39,0,0,0,0,0,0,0,0,15810,53,0,0,0,0,0,0,0,0
444,2017-04-13,21:04:05,0,CF709,XZCE,15805,15780,15835,6942,548523400,227100,228134,16530,14950,15740,15835,0,15810,0,0,0,2017-04-14,75845000,15805,38,0,0,0,0,0,0,0,0,15810,53,0,0,0,0,0,0,0,0
445,2017-04-13,21:04:06,0,CF709,XZCE,15805,15780,15835,6942,548523400,227100,228134,16530,14950,15740,15835,0,15810,0,0,0,2017-04-14,75846000,15805,39,0,0,0,0,0,0,0,0,15810,53,0,0,0,0,0,0,0,0
446,2017-04-13,21:04:06,0,CF709,XZCE,15810,15780,15835,6946,548839600,227098,228134,16530,14950,15740,15835,0,15810,0,0,0,2017-04-14,75846000,15805,39,0,0,0,0,0,0,0,0,15810,51,0,0,0,0,0,0,0,0
447,2017-04-13,21:04:08,0,CF709,XZCE,15810,15780,15835,6970,550736800,227094,228134,16530,14950,15740,15835,0,15810,0,0,0,2017-04-14,75848000,15805,38,0,0,0,0,0,0,0,0,15810,41,0,0,0,0,0,0,0,0
448,2017-04-13,21:04:10,0,CF709,XZCE,15805,15780,15835,6982,551685100,227082,228134,16530,14950,15740,15835,0,15810,0,0,0,2017-04-14,75850000,15805,33,0,0,0,0,0,0,0,0,15810,41,0,0,0,0,0,0,0,0
449,2017-04-13,21:04:10,0,CF709,XZCE,15810,15780,15835,6984,551843200,227084,228134,16530,14950,15740,15835,0,15810,0,0,0,2017-04-14,75850000,15805,32,0,0,0,0,0,0,0,0,15810,41,0,0,0,0,0,0,0,0
450,2017-04-13,21:04:11,0,CF709,XZCE,15810,15780,15835,6986,552001300,227084,228134,16530,14950,15740,15835,0,15810,0,0,0,2017-04-14,75851000,15805,32,0,0,0,0,0,0,0,0,15810,42,0,0,0,0,0,0,0,0
451,2017-04-13,21:04:12,0,CF709,XZCE,15810,15780,15835,6988,552159400,227084,228134,16530,14950,15740,15835,0,15810,0,0,0,2017-04-14,75852000,15805,32,0,0,0,0,0,0,0,0,15810,41,0,0,0,0,0,0,0,0
452,2017-04-13,21:04:13,0,CF709,XZCE,15810,15780,15835,6988,552159400,227084,228134,16530,14950,15740,15835,0,15810,0,0,0,2017-04-14,75853000,15805,34,0,0,0,0,0,0,0,0,15810,41,0,0,0,0,0,0,0,0
453,2017-04-13,21:04:14,0,CF709,XZCE,15810,15780,15835,6988,552159400,227084,228134,16530,14950,15740,15835,0,15810,0,0,0,2017-04-14,75854000,15805,35,0,0,0,0,0,0,0,0,15810,41,0,0,0,0,0,0,0,0
454,2017-04-13,21:04:14,0,CF709,XZCE,15810,15780,15835,7010,553898500,227106,228134,16530,14950,15740,15835,0,15810,0,0,0,2017-04-14,75854000,15805,35,0,0,0,0,0,0,0,0,15810,30,0,0,0,0,0,0,0,0
455,2017-04-13,21:04:15,0,CF709,XZCE,15805,15780,15835,7012,554056550,227106,228134,16530,14950,15740,15835,0,15810,0,0,0,2017-04-14,75855000,15805,34,0,0,0,0,0,0,0,0,15810,30,0,0,0,0,0,0,0,0
456,2017-04-13,21:04:16,0,CF709,XZCE,15810,15780,15835,7036,555953750,227130,228134,16530,14950,15740,15835,0,15810,0,0,0,2017-04-14,75856000,15805,35,0,0,0,0,0,0,0,0,15810,18,0,0,0,0,0,0,0,0
457,2017-04-13,21:04:16,0,CF709,XZCE,15810,15780,15835,7066,558325250,227148,228134,16530,14950,15740,15835,0,15810,0,0,0,2017-04-14,75856000,15805,30,0,0,0,0,0,0,0,0,15810,9,0,0,0,0,0,0,0,0
458,2017-04-13,21:04:17,0,CF709,XZCE,15810,15780,15835,7092,560380550,227150,228134,16530,14950,15740,15835,0,15810,0,0,0,2017-04-14,75857000,15805,24,0,0,0,0,0,0,0,0,15810,3,0,0,0,0,0,0,0,0
459,2017-04-13,21:04:18,0,CF709,XZCE,15810,15780,15835,7092,560380550,227150,228134,16530,14950,15740,15835,0,15810,0,0,0,2017-04-14,75858000,15805,24,0,0,0,0,0,0,0,0,15810,4,0,0,0,0,0,0,0,0
460,2017-04-13,21:04:18,0,CF709,XZCE,15810,15780,15835,7094,560538650,227150,228134,16530,14950,15740,15835,0,15810,0,0,0,2017-04-14,75858000,15805,24,0,0,0,0,0,0,0,0,15810,3,0,0,0,0,0,0,0,0
461,2017-04-13,21:04:19,0,CF709,XZCE,15810,15780,15835,7094,560538650,227150,228134,16530,14950,15740,15835,0,15810,0,0,0,2017-04-14,75859000,15805,26,0,0,0,0,0,0,0,0,15810,3,0,0,0,0,0,0,0,0
462,2017-04-13,21:04:19,0,CF709,XZCE,15800,15780,15835,7294,576338650,226984,228134,16530,14950,15740,15835,0,15810,0,0,0,2017-04-14,75859000,15800,57,0,0,0,0,0,0,0,0,15810,6,0,0,0,0,0,0,0,0
463,2017-04-13,21:04:20,0,CF709,XZCE,15810,15780,15835,7296,576496750,226984,228134,16530,14950,15740,15835,0,15810,0,0,0,2017-04-14,75860000,15805,5,0,0,0,0,0,0,0,0,15810,10,0,0,0,0,0,0,0,0
464,2017-04-13,21:04:20,0,CF709,XZCE,15805,15780,15835,7298,576654800,226986,228134,16530,14950,15740,15835,0,15810,0,0,0,2017-04-14,75860000,15805,4,0,0,0,0,0,0,0,0,15810,11,0,0,0,0,0,0,0,0
465,2017-04-13,21:04:21,0,CF709,XZCE,15810,15780,15835,7300,576812900,226986,228134,16530,14950,15740,15835,0,15810,0,0,0,2017-04-14,75861000,15805,6,0,0,0,0,0,0,0,0,15810,10,0,0,0,0,0,0,0,0
466,2017-04-13,21:04:21,0,CF709,XZCE,15805,15780,15835,7312,577761200,226994,228134,16530,14950,15740,15835,0,15810,0,0,0,2017-04-14,75861000,15800,56,0,0,0,0,0,0,0,0,15805,25,0,0,0,0,0,0,0,0
467,2017-04-13,21:04:22,0,CF709,XZCE,15805,15780,15835,7318,578235350,227000,228134,16530,14950,15740,15835,0,15810,0,0,0,2017-04-14,75862000,15800,56,0,0,0,0,0,0,0,0,15805,22,0,0,0,0,0,0,0,0
468,2017-04-13,21:04:23,0,CF709,XZCE,15800,15780,15835,7430,587083350,227082,228134,16530,14950,15740,15835,0,15810,0,0,0,2017-04-14,75863000,15795,34,0,0,0,0,0,0,0,0,15805,16,0,0,0,0,0,0,0,0
469,2017-04-13,21:04:23,0,CF709,XZCE,15800,15780,15835,7434,587399350,227086,228134,16530,14950,15740,15835,0,15810,0,0,0,2017-04-14,75863000,15800,14,0,0,0,0,0,0,0,0,15805,14,0,0,0,0,0,0,0,0
470,2017-04-13,21:04:24,0,CF709,XZCE,15805,15780,15835,7446,588347650,227082,228134,16530,14950,15740,15835,0,15810,0,0,0,2017-04-14,75864000,15800,7,0,0,0,0,0,0,0,0,15805,30,0,0,0,0,0,0,0,0
471,2017-04-13,21:04:24,0,CF709,XZCE,15805,15780,15835,7446,588347650,227082,228134,16530,14950,15740,15835,0,15810,0,0,0,2017-04-14,75864000,15800,7,0,0,0,0,0,0,0,0,15805,33,0,0,0,0,0,0,0,0
472,2017-04-13,21:04:25,0,CF709,XZCE,15805,15780,15835,7446,588347650,227082,228134,16530,14950,15740,15835,0,15810,0,0,0,2017-04-14,75865000,15800,2,0,0,0,0,0,0,0,0,15805,35,0,0,0,0,0,0,0,0
473,2017-04-13,21:04:25,0,CF709,XZCE,15800,15780,15835,7448,588505650,227082,228134,16530,14950,15740,15835,0,15810,0,0,0,2017-04-14,75865000,15800,1,0,0,0,0,0,0,0,0,15805,35,0,0,0,0,0,0,0,0
474,2017-04-13,21:04:26,0,CF709,XZCE,15800,15780,15835,7450,588663650,227080,228134,16530,14950,15740,15835,0,15810,0,0,0,2017-04-14,75866000,15795,36,0,0,0,0,0,0,0,0,15800,7,0,0,0,0,0,0,0,0
475,2017-04-13,21:04:27,0,CF709,XZCE,15800,15780,15835,7450,588663650,227080,228134,16530,14950,15740,15835,0,15810,0,0,0,2017-04-14,75867000,15795,37,0,0,0,0,0,0,0,0,15800,10,0,0,0,0,0,0,0,0
476,2017-04-13,21:04:27,0,CF709,XZCE,15795,15780,15835,7452,588821600,227082,228134,16530,14950,15740,15835,0,15810,0,0,0,2017-04-14,75867000,15795,36,0,0,0,0,0,0,0,0,15800,19,0,0,0,0,0,0,0,0
477,2017-04-13,21:04:28,0,CF709,XZCE,15795,15780,15835,7454,588979550,227084,228134,16530,14950,15740,15835,0,15810,0,0,0,2017-04-14,75868000,15795,35,0,0,0,0,0,0,0,0,15800,22,0,0,0,0,0,0,0,0
478,2017-04-13,21:04:29,0,CF709,XZCE,15795,15780,15835,7464,589769300,227094,228134,16530,14950,15740,15835,0,15810,0,0,0,2017-04-14,75869000,15795,30,0,0,0,0,0,0,0,0,15800,29,0,0,0,0,0,0,0,0
479,2017-04-13,21:04:30,0,CF709,XZCE,15795,15780,15835,7464,589769300,227094,228134,16530,14950,15740,15835,0,15810,0,0,0,2017-04-14,75870000,15795,30,0,0,0,0,0,0,0,0,15800,30,0,0,0,0,0,0,0,0
480,2017-04-13,21:04:30,0,CF709,XZCE,15800,15780,15835,7466,589927300,227094,228134,16530,14950,15740,15835,0,15810,0,0,0,2017-04-14,75870000,15795,30,0,0,0,0,0,0,0,0,15800,29,0,0,0,0,0,0,0,0
481,2017-04-13,21:04:31,0,CF709,XZCE,15795,15780,15835,7468,590085250,227094,228134,16530,14950,15740,15835,0,15810,0,0,0,2017-04-14,75871000,15795,29,0,0,0,0,0,0,0,0,15800,29,0,0,0,0,0,0,0,0
482,2017-04-13,21:04:31,0,CF709,XZCE,15795,15780,15835,7468,590085250,227094,228134,16530,14950,15740,15835,0,15810,0,0,0,2017-04-14,75871000,15795,30,0,0,0,0,0,0,0,0,15800,29,0,0,0,0,0,0,0,0
483,2017-04-13,21:04:32,0,CF709,XZCE,15795,15780,15835,7468,590085250,227094,228134,16530,14950,15740,15835,0,15810,0,0,0,2017-04-14,75872000,15795,30,0,0,0,0,0,0,0,0,15800,22,0,0,0,0,0,0,0,0
484,2017-04-13,21:04:32,0,CF709,XZCE,15800,15780,15835,7478,590875250,227094,228134,16530,14950,15740,15835,0,15810,0,0,0,2017-04-14,75872000,15795,30,0,0,0,0,0,0,0,0,15800,15,0,0,0,0,0,0,0,0
485,2017-04-13,21:04:33,0,CF709,XZCE,15800,15780,15835,7512,593561250,227066,228134,16530,14950,15740,15835,0,15810,0,0,0,2017-04-14,75873000,15800,40,0,0,0,0,0,0,0,0,15805,33,0,0,0,0,0,0,0,0
486,2017-04-13,21:04:33,0,CF709,XZCE,15800,15780,15835,7514,593719250,227066,228134,16530,14950,15740,15835,0,15810,0,0,0,2017-04-14,75873000,15800,39,0,0,0,0,0,0,0,0,15805,33,0,0,0,0,0,0,0,0
487,2017-04-13,21:04:34,0,CF709,XZCE,15800,15780,15835,7554,596879250,227066,228134,16530,14950,15740,15835,0,15810,0,0,0,2017-04-14,75874000,15800,19,0,0,0,0,0,0,0,0,15805,33,0,0,0,0,0,0,0,0
488,2017-04-13,21:04:34,0,CF709,XZCE,15800,15780,15835,7556,597037250,227066,228134,16530,14950,15740,15835,0,15810,0,0,0,2017-04-14,75874000,15800,19,0,0,0,0,0,0,0,0,15805,33,0,0,0,0,0,0,0,0
489,2017-04-13,21:04:35,0,CF709,XZCE,15805,15780,15835,7600,600514350,227110,228134,16530,14950,15740,15835,0,15810,0,0,0,2017-04-14,75875000,15800,22,0,0,0,0,0,0,0,0,15805,11,0,0,0,0,0,0,0,0
490,2017-04-13,21:04:35,0,CF709,XZCE,15805,15780,15835,7604,600830450,227114,228134,16530,14950,15740,15835,0,15810,0,0,0,2017-04-14,75875000,15800,22,0,0,0,0,0,0,0,0,15805,9,0,0,0,0,0,0,0,0
491,2017-04-13,21:04:36,0,CF709,XZCE,15800,15780,15835,7610,601304450,227114,228134,16530,14950,15740,15835,0,15810,0,0,0,2017-04-14,75876000,15800,21,0,0,0,0,0,0,0,0,15805,7,0,0,0,0,0,0,0,0
492,2017-04-13,21:04:36,0,CF709,XZCE,15805,15780,15835,7612,601462500,227116,228134,16530,14950,15740,15835,0,15810,0,0,0,2017-04-14,75876000,15800,22,0,0,0,0,0,0,0,0,15805,6,0,0,0,0,0,0,0,0
493,2017-04-13,21:04:37,0,CF709,XZCE,15800,15780,15835,7614,601620500,227114,228134,16530,14950,15740,15835,0,15810,0,0,0,2017-04-14,75877000,15800,21,0,0,0,0,0,0,0,0,15805,7,0,0,0,0,0,0,0,0
494,2017-04-13,21:04:37,0,CF709,XZCE,15805,15780,15835,7628,602726850,227104,228134,16530,14950,15740,15835,0,15810,0,0,0,2017-04-14,75877000,15800,17,0,0,0,0,0,0,0,0,15805,6,0,0,0,0,0,0,0,0
495,2017-04-13,21:04:38,0,CF709,XZCE,15800,15780,15835,7632,603042850,227104,228134,16530,14950,15740,15835,0,15810,0,0,0,2017-04-14,75878000,15800,15,0,0,0,0,0,0,0,0,15805,6,0,0,0,0,0,0,0,0
496,2017-04-13,21:04:38,0,CF709,XZCE,15800,15780,15835,7632,603042850,227104,228134,16530,14950,15740,15835,0,15810,0,0,0,2017-04-14,75878000,15800,15,0,0,0,0,0,0,0,0,15805,8,0,0,0,0,0,0,0,0
497,2017-04-13,21:04:39,0,CF709,XZCE,15800,15780,15835,7658,605096850,227112,228134,16530,14950,15740,15835,0,15810,0,0,0,2017-04-14,75879000,15800,8,0,0,0,0,0,0,0,0,15805,8,0,0,0,0,0,0,0,0
498,2017-04-13,21:04:40,0,CF709,XZCE,15800,15780,15835,7678,606676850,227118,228134,16530,14950,15740,15835,0,15810,0,0,0,2017-04-14,75880000,15800,9,0,0,0,0,0,0,0,0,15805,21,0,0,0,0,0,0,0,0
499,2017-04-13,21:04:40,0,CF709,XZCE,15800,15780,15835,7680,606834850,227120,228134,16530,14950,15740,15835,0,15810,0,0,0,2017-04-14,75880000,15800,13,0,0,0,0,0,0,0,0,15805,21,0,0,0,0,0,0,0,0
500,2017-04-13,21:04:41,0,CF709,XZCE,15800,15780,15835,7684,607150850,227124,228134,16530,14950,15740,15835,0,15810,0,0,0,2017-04-14,75881000,15800,12,0,0,0,0,0,0,0,0,15805,20,0,0,0,0,0,0,0,0
501,2017-04-13,21:04:41,0,CF709,XZCE,15800,15780,15835,7684,607150850,227124,228134,16530,14950,15740,15835,0,15810,0,0,0,2017-04-14,75881000,15800,13,0,0,0,0,0,0,0,0,15805,30,0,0,0,0,0,0,0,0
502,2017-04-13,21:04:43,0,CF709,XZCE,15800,15780,15835,7686,607308850,227126,228134,16530,14950,15740,15835,0,15810,0,0,0,2017-04-14,75883000,15800,12,0,0,0,0,0,0,0,0,15805,30,0,0,0,0,0,0,0,0
503,2017-04-13,21:04:44,0,CF709,XZCE,15800,15780,15835,7688,607466850,227128,228134,16530,14950,15740,15835,0,15810,0,0,0,2017-04-14,75884000,15800,11,0,0,0,0,0,0,0,0,15805,35,0,0,0,0,0,0,0,0
504,2017-04-13,21:04:45,0,CF709,XZCE,15800,15780,15835,7688,607466850,227128,228134,16530,14950,15740,15835,0,15810,0,0,0,2017-04-14,75885000,15800,13,0,0,0,0,0,0,0,0,15805,35,0,0,0,0,0,0,0,0
505,2017-04-13,21:04:47,0,CF709,XZCE,15805,15780,15835,7690,607624900,227130,228134,16530,14950,15740,15835,0,15810,0,0,0,2017-04-14,75887000,15800,13,0,0,0,0,0,0,0,0,15805,36,0,0,0,0,0,0,0,0
506,2017-04-13,21:04:48,0,CF709,XZCE,15805,15780,15835,7692,607782950,227132,228134,16530,14950,15740,15835,0,15810,0,0,0,2017-04-14,75888000,15800,18,0,0,0,0,0,0,0,0,15805,37,0,0,0,0,0,0,0,0
507,2017-04-13,21:04:48,0,CF709,XZCE,15805,15780,15835,7694,607941000,227134,228134,16530,14950,15740,15835,0,15810,0,0,0,2017-04-14,75888000,15800,23,0,0,0,0,0,0,0,0,15805,37,0,0,0,0,0,0,0,0
508,2017-04-13,21:04:49,0,CF709,XZCE,15800,15780,15835,7742,611733000,227112,228134,16530,14950,15740,15835,0,15810,0,0,0,2017-04-14,75889000,15795,43,0,0,0,0,0,0,0,0,15800,76,0,0,0,0,0,0,0,0
509,2017-04-13,21:04:52,0,CF709,XZCE,15800,15780,15835,7742,611733000,227112,228134,16530,14950,15740,15835,0,15810,0,0,0,2017-04-14,75892000,15795,42,0,0,0,0,0,0,0,0,15800,76,0,0,0,0,0,0,0,0
510,2017-04-13,21:04:52,0,CF709,XZCE,15800,15780,15835,7746,612049000,227112,228134,16530,14950,15740,15835,0,15810,0,0,0,2017-04-14,75892000,15795,42,0,0,0,0,0,0,0,0,15800,74,0,0,0,0,0,0,0,0
511,2017-04-13,21:04:53,0,CF709,XZCE,15800,15780,15835,7780,614735000,227078,228134,16530,14950,15740,15835,0,15810,0,0,0,2017-04-14,75893000,15795,42,0,0,0,0,0,0,0,0,15800,57,0,0,0,0,0,0,0,0
512,2017-04-13,21:04:53,0,CF709,XZCE,15800,15780,15835,7782,614893000,227078,228134,16530,14950,15740,15835,0,15810,0,0,0,2017-04-14,75893000,15795,42,0,0,0,0,0,0,0,0,15800,56,0,0,0,0,0,0,0,0
513,2017-04-13,21:04:57,0,CF709,XZCE,15795,15780,15835,7908,624843850,227040,228134,16530,14950,15740,15835,0,15810,0,0,0,2017-04-14,75897000,15795,40,0,0,0,0,0,0,0,0,15800,49,0,0,0,0,0,0,0,0
514,2017-04-13,21:04:57,0,CF709,XZCE,15795,15780,15835,7908,624843850,227040,228134,16530,14950,15740,15835,0,15810,0,0,0,2017-04-14,75897000,15795,40,0,0,0,0,0,0,0,0,15800,50,0,0,0,0,0,0,0,0
515,2017-04-13,21:04:58,0,CF709,XZCE,15795,15780,15835,7910,625001800,227040,228134,16530,14950,15740,15835,0,15810,0,0,0,2017-04-14,75898000,15795,39,0,0,0,0,0,0,0,0,15800,50,0,0,0,0,0,0,0,0
516,2017-04-13,21:04:58,0,CF709,XZCE,15800,15780,15835,7960,628951800,227058,228134,16530,14950,15740,15835,0,15810,0,0,0,2017-04-14,75898000,15795,33,0,0,0,0,0,0,0,0,15800,25,0,0,0,0,0,0,0,0
517,2017-04-13,21:04:59,0,CF709,XZCE,15800,15780,15835,7960,628951800,227058,228134,16530,14950,15740,15835,0,15810,0,0,0,2017-04-14,75899000,15795,33,0,0,0,0,0,0,0,0,15800,79,0,0,0,0,0,0,0,0
518,2017-04-13,21:05:01,0,CF709,XZCE,15795,15780,15835,7970,629741550,227064,228134,16530,14950,15740,15835,0,15810,0,0,0,2017-04-14,75901000,15795,28,0,0,0,0,0,0,0,0,15800,80,0,0,0,0,0,0,0,0
519,2017-04-13,21:05:01,0,CF709,XZCE,15800,15780,15835,7974,630057550,227068,228134,16530,14950,15740,15835,0,15810,0,0,0,2017-04-14,75901000,15795,28,0,0,0,0,0,0,0,0,15800,77,0,0,0,0,0,0,0,0
520,2017-04-13,21:05:02,0,CF709,XZCE,15795,15780,15835,7976,630215500,227068,228134,16530,14950,15740,15835,0,15810,0,0,0,2017-04-14,75902000,15795,27,0,0,0,0,0,0,0,0,15800,77,0,0,0,0,0,0,0,0
521,2017-04-13,21:05:03,0,CF709,XZCE,15800,15780,15835,7996,631795500,227088,228134,16530,14950,15740,15835,0,15810,0,0,0,2017-04-14,75903000,15795,34,0,0,0,0,0,0,0,0,15800,67,0,0,0,0,0,0,0,0
