,dataDate,dataTime,dataMillisec,instrumentID,exchangeCD,lastPrice,lowPrice,highPrice,volume,value,openInterest,preOpenInterest,upperLimitPrice,lowerLimitPrice,preSettlementPrice,prevClosePrice,settlementPrice,openPrice,closePrice,preDelta,currDelta,clearingDay,milliSecOffset,bidPrice1,bidVolume1,bidPrice2,bidVolume2,bidPrice3,bidVolume3,bidPrice4,bidVolume4,bidPrice5,bidVolume5,askPrice1,askVolume1,askPrice2,askVolume2,askPrice3,askVolume3,askPrice4,askVolume4,askPrice5,askVolume5
0,2017-04-14,08:59:00,90,cs1709,XDCE,2000,2000,2000,2284,45680000,843906,843912,2092,1894,1993,1999,0,2000,0,0,0,2017-04-14,32340090,1999,416,0,0,0,0,0,0,0,0,2000,1188,0,0,0,0,0,0,0,0
1,2017-04-14,09:00:00,405,cs1709,XDCE,1999,1999,2000,2542,50838940,844050,843912,2092,1894,1993,1999,0,2000,0,0,0,2017-04-14,32400405,1999,382,0,0,0,0,0,0,0,0,2000,1115,0,0,0,0,0,0,0,0
2,2017-04-14,09:00:00,906,cs1709,XDCE,2000,1999,2000,2688,53758560,844080,843912,2092,1894,1993,1999,0,2000,0,0,0,2017-04-14,32400906,1999,531,0,0,0,0,0,0,0,0,2000,1147,0,0,0,0,0,0,0,0
3,2017-04-14,09:00:01,406,cs1709,XDCE,2000,1999,2000,2824,56477780,844102,843912,2092,1894,1993,1999,0,2000,0,0,0,2017-04-14,32401406,1999,504,0,0,0,0,0,0,0,0,2000,1118,0,0,0,0,0,0,0,0
4,2017-04-14,09:00:01,906,cs1709,XDCE,1999,1999,2000,3564,71277380,844710,843912,2092,1894,1993,1999,0,2000,0,0,0,2017-04-14,32401906,1999,472,0,0,0,0,0,0,0,0,2000,768,0,0,0,0,0,0,0,0
5,2017-04-14,09:00:02,404,cs1709,XDCE,2000,1999,2000,3736,74716560,844750,843912,2092,1894,1993,1999,0,2000,0,0,0,2017-04-14,32402404,1999,425,0,0,0,0,0,0,0,0,2000,724,0,0,0,0,0,0,0,0
6,2017-04-14,09:00:02,897,cs1709,XDCE,2000,1999,2000,3840,76796360,844812,843912,2092,1894,1993,1999,0,2000,0,0,0,2017-04-14,32402897,1999,439,0,0,0,0,0,0,0,0,2000,682,0,0,0,0,0,0,0,0
7,2017-04-14,09:00:03,389,cs1709,XDCE,2000,1999,2000,3946,78915560,844832,843912,2092,1894,1993,1999,0,2000,0,0,0,2017-04-14,32403389,1999,400,0,0,0,0,0,0,0,0,2000,669,0,0,0,0,0,0,0,0
8,2017-04-14,09:00:03,902,cs1709,XDCE,2000,1999,2000,3952,79035540,844832,843912,2092,1894,1993,1999,0,2000,0,0,0,2017-04-14,32403902,1999,402,0,0,0,0,0,0,0,0,2000,667,0,0,0,0,0,0,0,0
9,2017-04-14,09:00:04,402,cs1709,XDCE,2000,1999,2000,4074,81475540,844952,843912,2092,1894,1993,1999,0,2000,0,0,0,2017-04-14,32404402,1999,407,0,0,0,0,0,0,0,0,2000,613,0,0,0,0,0,0,0,0
10,2017-04-14,09:00:04,887,cs1709,XDCE,2000,1999,2000,4086,81715520,844956,843912,2092,1894,1993,1999,0,2000,0,0,0,2017-04-14,32404887,1999,436,0,0,0,0,0,0,0,0,2000,608,0,0,0,0,0,0,0,0
11,2017-04-14,09:00:05,385,cs1709,XDCE,2000,1999,2000,4130,82595200,844926,843912,2092,1894,1993,1999,0,2000,0,0,0,2017-04-14,32405385,1999,423,0,0,0,0,0,0,0,0,2000,603,0,0,0,0,0,0,0,0
12,2017-04-14,09:00:05,863,cs1709,XDCE,2000,1999,2000,4152,83035200,844948,843912,2092,1894,1993,1999,0,2000,0,0,0,2017-04-14,32405863,1999,425,0,0,0,0,0,0,0,0,2000,592,0,0,0,0,0,0,0,0
13,2017-04-14,09:00:06,400,cs1709,XDCE,2000,1999,2000,4336,86715180,845030,843912,2092,1894,1993,1999,0,2000,0,0,0,2017-04-14,32406400,1999,433,0,0,0,0,0,0,0,0,2000,501,0,0,0,0,0,0,0,0
14,2017-04-14,09:00:06,880,cs1709,XDCE,2000,1999,2000,4346,86915180,845038,843912,2092,1894,1993,1999,0,2000,0,0,0,2017-04-14,32406880,1999,433,0,0,0,0,0,0,0,0,2000,497,0,0,0,0,0,0,0,0
15,2017-04-14,09:00:07,396,cs1709,XDCE,2000,1999,2000,4348,86955180,845038,843912,2092,1894,1993,1999,0,2000,0,0,0,2017-04-14,32407396,1999,437,0,0,0,0,0,0,0,0,2000,496,0,0,0,0,0,0,0,0
16,2017-04-14,09:00:07,905,cs1709,XDCE,2000,1999,2000,4422,88435180,845112,843912,2092,1894,1993,1999,0,2000,0,0,0,2017-04-14,32407905,1999,437,0,0,0,0,0,0,0,0,2000,459,0,0,0,0,0,0,0,0
17,2017-04-14,09:00:08,394,cs1709,XDCE,2000,1999,2000,4542,90835180,845232,843912,2092,1894,1993,1999,0,2000,0,0,0,2017-04-14,32408394,1999,435,0,0,0,0,0,0,0,0,2000,400,0,0,0,0,0,0,0,0
18,2017-04-14,09:00:08,900,cs1709,XDCE,2000,1999,2000,4554,91075180,845232,843912,2092,1894,1993,1999,0,2000,0,0,0,2017-04-14,32408900,1999,434,0,0,0,0,0,0,0,0,2000,395,0,0,0,0,0,0,0,0
19,2017-04-14,09:00:09,368,cs1709,XDCE,2000,1999,2000,4560,91195180,845236,843912,2092,1894,1993,1999,0,2000,0,0,0,2017-04-14,32409368,1999,434,0,0,0,0,0,0,0,0,2000,392,0,0,0,0,0,0,0,0
20,2017-04-14,09:00:09,879,cs1709,XDCE,2000,1999,2000,4620,92395180,845296,843912,2092,1894,1993,1999,0,2000,0,0,0,2017-04-14,32409879,1999,435,0,0,0,0,0,0,0,0,2000,362,0,0,0,0,0,0,0,0
21,2017-04-14,09:00:10,402,cs1709,XDCE,1999,1999,2000,4626,92515160,845294,843912,2092,1894,1993,1999,0,2000,0,0,0,2017-04-14,32410402,1999,434,0,0,0,0,0,0,0,0,2000,360,0,0,0,0,0,0,0,0
22,2017-04-14,09:00:10,871,cs1709,XDCE,2000,1999,2000,4630,92595160,845298,843912,2092,1894,1993,1999,0,2000,0,0,0,2017-04-14,32410871,1999,434,0,0,0,0,0,0,0,0,2000,350,0,0,0,0,0,0,0,0
23,2017-04-14,09:00:11,388,cs1709,XDCE,2000,1999,2000,4684,93674900,845294,843912,2092,1894,1993,1999,0,2000,0,0,0,2017-04-14,32411388,1999,421,0,0,0,0,0,0,0,0,2000,336,0,0,0,0,0,0,0,0
24,2017-04-14,09:00:11,903,cs1709,XDCE,2000,1999,2000,4758,95154900,845368,843912,2092,1894,1993,1999,0,2000,0,0,0,2017-04-14,32411903,1999,413,0,0,0,0,0,0,0,0,2000,309,0,0,0,0,0,0,0,0
25,2017-04-14,09:00:12,405,cs1709,XDCE,2000,1999,2000,5106,102114740,845320,843912,2092,1894,1993,1999,0,2000,0,0,0,2017-04-14,32412405,1999,418,0,0,0,0,0,0,0,0,2000,144,0,0,0,0,0,0,0,0
26,2017-04-14,09:00:12,894,cs1709,XDCE,2000,1999,2000,5396,107914720,845252,843912,2092,1894,1993,1999,0,2000,0,0,0,2017-04-14,32412894,2000,12,0,0,0,0,0,0,0,0,2001,308,0,0,0,0,0,0,0,0
27,2017-04-14,09:00:13,394,cs1709,XDCE,2001,1999,2001,5402,108034780,845250,843912,2092,1894,1993,1999,0,2000,0,0,0,2017-04-14,32413394,2000,11,0,0,0,0,0,0,0,0,2001,308,0,0,0,0,0,0,0,0
28,2017-04-14,09:00:13,904,cs1709,XDCE,2000,1999,2001,5420,108394860,845238,843912,2092,1894,1993,1999,0,2000,0,0,0,2017-04-14,32413904,2000,17,0,0,0,0,0,0,0,0,2001,304,0,0,0,0,0,0,0,0
29,2017-04-14,09:00:14,389,cs1709,XDCE,2001,1999,2001,5480,109595460,845178,843912,2092,1894,1993,1999,0,2000,0,0,0,2017-04-14,32414389,2000,62,0,0,0,0,0,0,0,0,2001,274,0,0,0,0,0,0,0,0
30,2017-04-14,09:00:14,905,cs1709,XDCE,2001,1999,2001,5532,110635960,845130,843912,2092,1894,1993,1999,0,2000,0,0,0,2017-04-14,32414905,2000,413,0,0,0,0,0,0,0,0,2001,216,0,0,0,0,0,0,0,0
31,2017-04-14,09:00:15,397,cs1709,XDCE,2001,1999,2001,5600,111996620,845116,843912,2092,1894,1993,1999,0,2000,0,0,0,2017-04-14,32415397,2000,412,0,0,0,0,0,0,0,0,2001,169,0,0,0,0,0,0,0,0
32,2017-04-14,09:00:15,905,cs1709,XDCE,2000,1999,2001,5614,112276740,845116,843912,2092,1894,1993,1999,0,2000,0,0,0,2017-04-14,32415905,2000,415,0,0,0,0,0,0,0,0,2001,163,0,0,0,0,0,0,0,0
33,2017-04-14,09:00:16,382,cs1709,XDCE,2000,1999,2001,5616,112316740,845118,843912,2092,1894,1993,1999,0,2000,0,0,0,2017-04-14,32416382,2000,417,0,0,0,0,0,0,0,0,2001,163,0,0,0,0,0,0,0,0
34,2017-04-14,09:00:16,890,cs1709,XDCE,2001,1999,2001,5628,112556860,845114,843912,2092,1894,1993,1999,0,2000,0,0,0,2017-04-14,32416890,2000,419,0,0,0,0,0,0,0,0,2001,199,0,0,0,0,0,0,0,0
35,2017-04-14,09:00:17,382,cs1709,XDCE,2001,1999,2001,5636,112716940,845114,843912,2092,1894,1993,1999,0,2000,0,0,0,2017-04-14,32417382,2000,446,0,0,0,0,0,0,0,0,2001,195,0,0,0,0,0,0,0,0
36,2017-04-14,09:00:17,902,cs1709,XDCE,2000,1999,2001,5656,113116940,845112,843912,2092,1894,1993,1999,0,2000,0,0,0,2017-04-14,32417902,2000,448,0,0,0,0,0,0,0,0,2001,232,0,0,0,0,0,0,0,0
37,2017-04-14,09:00:18,399,cs1709,XDCE,2001,1999,2001,5672,113437100,845098,843912,2092,1894,1993,1999,0,2000,0,0,0,2017-04-14,32418399,2000,460,0,0,0,0,0,0,0,0,2001,235,0,0,0,0,0,0,0,0
38,2017-04-14,09:00:18,884,cs1709,XDCE,2001,1999,2001,5672,113437100,845098,843912,2092,1894,1993,1999,0,2000,0,0,0,2017-04-14,32418884,2000,464,0,0,0,0,0,0,0,0,2001,278,0,0,0,0,0,0,0,0
39,2017-04-14,09:00:19,406,cs1709,XDCE,2001,1999,2001,5700,113997240,845100,843912,2092,1894,1993,1999,0,2000,0,0,0,2017-04-14,32419406,2000,465,0,0,0,0,0,0,0,0,2001,324,0,0,0,0,0,0,0,0
40,2017-04-14,09:00:19,869,cs1709,XDCE,2001,1999,2001,5712,114237360,845100,843912,2092,1894,1993,1999,0,2000,0,0,0,2017-04-14,32419869,2000,471,0,0,0,0,0,0,0,0,2001,320,0,0,0,0,0,0,0,0
41,2017-04-14,09:00:20,403,cs1709,XDCE,2001,1999,2001,5718,114357420,845100,843912,2092,1894,1993,1999,0,2000,0,0,0,2017-04-14,32420403,2000,486,0,0,0,0,0,0,0,0,2001,398,0,0,0,0,0,0,0,0
42,2017-04-14,09:00:20,881,cs1709,XDCE,2001,1999,2001,5758,115157820,845100,843912,2092,1894,1993,1999,0,2000,0,0,0,2017-04-14,32420881,2000,491,0,0,0,0,0,0,0,0,2001,378,0,0,0,0,0,0,0,0
43,2017-04-14,09:00:21,349,cs1709,XDCE,2000,1999,2001,5772,115437860,845100,843912,2092,1894,1993,1999,0,2000,0,0,0,2017-04-14,32421349,2000,503,0,0,0,0,0,0,0,0,2001,376,0,0,0,0,0,0,0,0
44,2017-04-14,09:00:21,872,cs1709,XDCE,2001,1999,2001,5796,115918100,845082,843912,2092,1894,1993,1999,0,2000,0,0,0,2017-04-14,32421872,2000,530,0,0,0,0,0,0,0,0,2001,364,0,0,0,0,0,0,0,0
45,2017-04-14,09:00:22,399,cs1709,XDCE,2001,1999,2001,5812,116238240,845082,843912,2092,1894,1993,1999,0,2000,0,0,0,2017-04-14,32422399,2000,540,0,0,0,0,0,0,0,0,2001,357,0,0,0,0,0,0,0,0
46,2017-04-14,09:00:22,899,cs1709,XDCE,2001,1999,2001,5816,116318280,845082,843912,2092,1894,1993,1999,0,2000,0,0,0,2017-04-14,32422899,2000,552,0,0,0,0,0,0,0,0,2001,355,0,0,0,0,0,0,0,0
47,2017-04-14,09:00:23,395,cs1709,XDCE,2001,1999,2001,5818,116358300,845082,843912,2092,1894,1993,1999,0,2000,0,0,0,2017-04-14,32423395,2000,562,0,0,0,0,0,0,0,0,2001,426,0,0,0,0,0,0,0,0
48,2017-04-14,09:00:23,862,cs1709,XDCE,2001,1999,2001,5818,116358300,845082,843912,2092,1894,1993,1999,0,2000,0,0,0,2017-04-14,32423862,2000,570,0,0,0,0,0,0,0,0,2001,426,0,0,0,0,0,0,0,0
49,2017-04-14,09:00:24,403,cs1709,XDCE,2001,1999,2001,5832,116638420,845084,843912,2092,1894,1993,1999,0,2000,0,0,0,2017-04-14,32424403,2000,574,0,0,0,0,0,0,0,0,2001,420,0,0,0,0,0,0,0,0
50,2017-04-14,09:00:24,875,cs1709,XDCE,2001,1999,2001,5850,116998500,845082,843912,2092,1894,1993,1999,0,2000,0,0,0,2017-04-14,32424875,2000,570,0,0,0,0,0,0,0,0,2001,446,0,0,0,0,0,0,0,0
51,2017-04-14,09:00:25,390,cs1709,XDCE,2000,1999,2001,5884,117678780,845104,843912,2092,1894,1993,1999,0,2000,0,0,0,2017-04-14,32425390,2000,573,0,0,0,0,0,0,0,0,2001,432,0,0,0,0,0,0,0,0
52,2017-04-14,09:00:25,837,cs1709,XDCE,2000,1999,2001,5884,117678780,845104,843912,2092,1894,1993,1999,0,2000,0,0,0,2017-04-14,32425837,2000,572,0,0,0,0,0,0,0,0,2001,442,0,0,0,0,0,0,0,0
53,2017-04-14,09:00:26,400,cs1709,XDCE,2000,1999,2001,5884,117678780,845104,843912,2092,1894,1993,1999,0,2000,0,0,0,2017-04-14,32426400,2000,572,0,0,0,0,0,0,0,0,2001,472,0,0,0,0,0,0,0,0
54,2017-04-14,09:00:26,903,cs1709,XDCE,2000,1999,2001,5884,117678780,845104,843912,2092,1894,1993,1999,0,2000,0,0,0,2017-04-14,32426903,2000,572,0,0,0,0,0,0,0,0,2001,493,0,0,0,0,0,0,0,0
55,2017-04-14,09:00:27,373,cs1709,XDCE,2001,1999,2001,5886,117718800,845104,843912,2092,1894,1993,1999,0,2000,0,0,0,2017-04-14,32427373,2000,573,0,0,0,0,0,0,0,0,2001,497,0,0,0,0,0,0,0,0
56,2017-04-14,09:00:27,889,cs1709,XDCE,2001,1999,2001,6014,120280060,845004,843912,2092,1894,1993,1999,0,2000,0,0,0,2017-04-14,32427889,2000,573,0,0,0,0,0,0,0,0,2001,446,0,0,0,0,0,0,0,0
57,2017-04-14,09:00:28,391,cs1709,XDCE,2001,1999,2001,6018,120360100,845002,843912,2092,1894,1993,1999,0,2000,0,0,0,2017-04-14,32428391,2000,726,0,0,0,0,0,0,0,0,2001,444,0,0,0,0,0,0,0,0
58,2017-04-14,09:00:28,887,cs1709,XDCE,2001,1999,2001,6052,121040380,845012,843912,2092,1894,1993,1999,0,2000,0,0,0,2017-04-14,32428887,2000,726,0,0,0,0,0,0,0,0,2001,464,0,0,0,0,0,0,0,0
59,2017-04-14,09:00:29,382,cs1709,XDCE,2001,1999,2001,6056,121120420,845014,843912,2092,1894,1993,1999,0,2000,0,0,0,2017-04-14,32429382,2000,726,0,0,0,0,0,0,0,0,2001,459,0,0,0,0,0,0,0,0
60,2017-04-14,09:00:29,867,cs1709,XDCE,2001,1999,2001,6072,121440520,845024,843912,2092,1894,1993,1999,0,2000,0,0,0,2017-04-14,32429867,2000,724,0,0,0,0,0,0,0,0,2001,453,0,0,0,0,0,0,0,0
61,2017-04-14,09:00:30,340,cs1709,XDCE,2001,1999,2001,6074,121480540,845024,843912,2092,1894,1993,1999,0,2000,0,0,0,2017-04-14,32430340,2000,724,0,0,0,0,0,0,0,0,2001,453,0,0,0,0,0,0,0,0
62,2017-04-14,09:00:30,863,cs1709,XDCE,2001,1999,2001,6076,121520560,845026,843912,2092,1894,1993,1999,0,2000,0,0,0,2017-04-14,32430863,2000,722,0,0,0,0,0,0,0,0,2001,454,0,0,0,0,0,0,0,0
63,2017-04-14,09:00:31,368,cs1709,XDCE,2001,1999,2001,6096,121920760,845028,843912,2092,1894,1993,1999,0,2000,0,0,0,2017-04-14,32431368,2000,722,0,0,0,0,0,0,0,0,2001,445,0,0,0,0,0,0,0,0
64,2017-04-14,09:00:31,840,cs1709,XDCE,2001,1999,2001,6096,121920760,845028,843912,2092,1894,1993,1999,0,2000,0,0,0,2017-04-14,32431840,2000,574,0,0,0,0,0,0,0,0,2001,445,0,0,0,0,0,0,0,0
65,2017-04-14,09:00:32,406,cs1709,XDCE,2001,1999,2001,6098,121960780,845028,843912,2092,1894,1993,1999,0,2000,0,0,0,2017-04-14,32432406,2000,580,0,0,0,0,0,0,0,0,2001,444,0,0,0,0,0,0,0,0
66,2017-04-14,09:00:32,880,cs1709,XDCE,2001,1999,2001,6160,123201400,844982,843912,2092,1894,1993,1999,0,2000,0,0,0,2017-04-14,32432880,2000,580,0,0,0,0,0,0,0,0,2001,413,0,0,0,0,0,0,0,0
67,2017-04-14,09:00:33,359,cs1709,XDCE,2001,1999,2001,6162,123241420,844982,843912,2092,1894,1993,1999,0,2000,0,0,0,2017-04-14,32433359,2000,580,0,0,0,0,0,0,0,0,2001,423,0,0,0,0,0,0,0,0
68,2017-04-14,09:00:33,880,cs1709,XDCE,2001,1999,2001,6182,123641620,844982,843912,2092,1894,1993,1999,0,2000,0,0,0,2017-04-14,32433880,2000,580,0,0,0,0,0,0,0,0,2001,413,0,0,0,0,0,0,0,0
69,2017-04-14,09:00:34,369,cs1709,XDCE,2001,1999,2001,6192,123841720,844972,843912,2092,1894,1993,1999,0,2000,0,0,0,2017-04-14,32434369,2000,579,0,0,0,0,0,0,0,0,2001,408,0,0,0,0,0,0,0,0
70,2017-04-14,09:00:34,887,cs1709,XDCE,2001,1999,2001,6210,124201900,844972,843912,2092,1894,1993,1999,0,2000,0,0,0,2017-04-14,32434887,2000,589,0,0,0,0,0,0,0,0,2001,399,0,0,0,0,0,0,0,0
71,2017-04-14,09:00:35,401,cs1709,XDCE,2000,1999,2001,6232,124642100,844972,843912,2092,1894,1993,1999,0,2000,0,0,0,2017-04-14,32435401,2000,585,0,0,0,0,0,0,0,0,2001,396,0,0,0,0,0,0,0,0
72,2017-04-14,09:00:35,847,cs1709,XDCE,2001,1999,2001,6298,125962720,844920,843912,2092,1894,1993,1999,0,2000,0,0,0,2017-04-14,32435847,2000,583,0,0,0,0,0,0,0,0,2001,364,0,0,0,0,0,0,0,0
73,2017-04-14,09:00:36,370,cs1709,XDCE,2000,1999,2001,6304,126082760,844920,843912,2092,1894,1993,1999,0,2000,0,0,0,2017-04-14,32436370,2000,582,0,0,0,0,0,0,0,0,2001,362,0,0,0,0,0,0,0,0
74,2017-04-14,09:00:36,900,cs1709,XDCE,2001,1999,2001,6308,126162780,844920,843912,2092,1894,1993,1999,0,2000,0,0,0,2017-04-14,32436900,2000,629,0,0,0,0,0,0,0,0,2001,313,0,0,0,0,0,0,0,0
75,2017-04-14,09:00:37,354,cs1709,XDCE,2001,1999,2001,6310,126202800,844920,843912,2092,1894,1993,1999,0,2000,0,0,0,2017-04-14,32437354,2000,631,0,0,0,0,0,0,0,0,2001,359,0,0,0,0,0,0,0,0
76,2017-04-14,09:00:37,897,cs1709,XDCE,2001,1999,2001,6330,126603000,844918,843912,2092,1894,1993,1999,0,2000,0,0,0,2017-04-14,32437897,2000,632,0,0,0,0,0,0,0,0,2001,349,0,0,0,0,0,0,0,0
77,2017-04-14,09:00:38,400,cs1709,XDCE,2000,1999,2001,6354,127083220,844910,843912,2092,1894,1993,1999,0,2000,0,0,0,2017-04-14,32438400,2000,625,0,0,0,0,0,0,0,0,2001,364,0,0,0,0,0,0,0,0
78,2017-04-14,09:00:38,875,cs1709,XDCE,2000,1999,2001,6354,127083220,844910,843912,2092,1894,1993,1999,0,2000,0,0,0,2017-04-14,32438875,2000,625,0,0,0,0,0,0,0,0,2001,365,0,0,0,0,0,0,0,0
79,2017-04-14,09:00:39,391,cs1709,XDCE,2000,1999,2001,6370,127403280,844906,843912,2092,1894,1993,1999,0,2000,0,0,0,2017-04-14,32439391,2000,620,0,0,0,0,0,0,0,0,2001,363,0,0,0,0,0,0,0,0
80,2017-04-14,09:00:39,904,cs1709,XDCE,2000,1999,2001,6410,128203280,844908,843912,2092,1894,1993,1999,0,2000,0,0,0,2017-04-14,32439904,2000,600,0,0,0,0,0,0,0,0,2001,373,0,0,0,0,0,0,0,0
81,2017-04-14,09:00:40,336,cs1709,XDCE,2000,1999,2001,6450,129003280,844908,843912,2092,1894,1993,1999,0,2000,0,0,0,2017-04-14,32440336,2000,605,0,0,0,0,0,0,0,0,2001,358,0,0,0,0,0,0,0,0
82,2017-04-14,09:00:40,906,cs1709,XDCE,2001,1999,2001,6884,137687520,844916,843912,2092,1894,1993,1999,0,2000,0,0,0,2017-04-14,32440906,2000,629,0,0,0,0,0,0,0,0,2001,141,0,0,0,0,0,0,0,0
83,2017-04-14,09:00:41,369,cs1709,XDCE,2001,1999,2001,7168,143370340,845108,843912,2092,1894,1993,1999,0,2000,0,0,0,2017-04-14,32441369,2001,46,0,0,0,0,0,0,0,0,2002,1311,0,0,0,0,0,0,0,0
84,2017-04-14,09:00:41,869,cs1709,XDCE,2001,1999,2001,7172,143450380,845108,843912,2092,1894,1993,1999,0,2000,0,0,0,2017-04-14,32441869,2001,60,0,0,0,0,0,0,0,0,2002,1351,0,0,0,0,0,0,0,0
85,2017-04-14,09:00:42,378,cs1709,XDCE,2001,1999,2001,7340,146812060,845222,843912,2092,1894,1993,1999,0,2000,0,0,0,2017-04-14,32442378,2000,819,0,0,0,0,0,0,0,0,2001,128,0,0,0,0,0,0,0,0
86,2017-04-14,09:00:42,897,cs1709,XDCE,2001,1999,2001,7394,147892580,845240,843912,2092,1894,1993,1999,0,2000,0,0,0,2017-04-14,32442897,2000,814,0,0,0,0,0,0,0,0,2001,102,0,0,0,0,0,0,0,0
87,2017-04-14,09:00:43,384,cs1709,XDCE,2001,1999,2001,7576,151534380,845410,843912,2092,1894,1993,1999,0,2000,0,0,0,2017-04-14,32443384,2000,818,0,0,0,0,0,0,0,0,2001,87,0,0,0,0,0,0,0,0
88,2017-04-14,09:00:43,904,cs1709,XDCE,2001,1999,2001,7632,152654940,845432,843912,2092,1894,1993,1999,0,2000,0,0,0,2017-04-14,32443904,2000,817,0,0,0,0,0,0,0,0,2001,103,0,0,0,0,0,0,0,0
89,2017-04-14,09:00:44,396,cs1709,XDCE,2001,1999,2001,7664,153295240,845430,843912,2092,1894,1993,1999,0,2000,0,0,0,2017-04-14,32444396,2000,806,0,0,0,0,0,0,0,0,2001,114,0,0,0,0,0,0,0,0
90,2017-04-14,09:00:44,888,cs1709,XDCE,2001,1999,2001,7756,155135960,845430,843912,2092,1894,1993,1999,0,2000,0,0,0,2017-04-14,32444888,2000,795,0,0,0,0,0,0,0,0,2001,78,0,0,0,0,0,0,0,0
91,2017-04-14,09:00:45,406,cs1709,XDCE,2001,1999,2001,7866,157337060,845434,843912,2092,1894,1993,1999,0,2000,0,0,0,2017-04-14,32445406,2000,797,0,0,0,0,0,0,0,0,2001,56,0,0,0,0,0,0,0,0
92,2017-04-14,09:00:45,879,cs1709,XDCE,2001,1999,2001,7980,159618200,845384,843912,2092,1894,1993,1999,0,2000,0,0,0,2017-04-14,32445879,2001,6,0,0,0,0,0,0,0,0,2002,1321,0,0,0,0,0,0,0,0
93,2017-04-14,09:00:46,403,cs1709,XDCE,2002,1999,2002,8000,160018600,845390,843912,2092,1894,1993,1999,0,2000,0,0,0,2017-04-14,32446403,2001,16,0,0,0,0,0,0,0,0,2002,1271,0,0,0,0,0,0,0,0
94,2017-04-14,09:00:46,902,cs1709,XDCE,2002,1999,2002,8210,164222760,845200,843912,2092,1894,1993,1999,0,2000,0,0,0,2017-04-14,32446902,2001,16,0,0,0,0,0,0,0,0,2002,1249,0,0,0,0,0,0,0,0
95,2017-04-14,09:00:47,397,cs1709,XDCE,2002,1999,2002,8216,164342860,845202,843912,2092,1894,1993,1999,0,2000,0,0,0,2017-04-14,32447397,2001,33,0,0,0,0,0,0,0,0,2002,1248,0,0,0,0,0,0,0,0
96,2017-04-14,09:00:47,906,cs1709,XDCE,2002,1999,2002,8242,164863340,845202,843912,2092,1894,1993,1999,0,2000,0,0,0,2017-04-14,32447906,2001,52,0,0,0,0,0,0,0,0,2002,1238,0,0,0,0,0,0,0,0
97,2017-04-14,09:00:48,400,cs1709,XDCE,2002,1999,2002,8264,165303760,845202,843912,2092,1894,1993,1999,0,2000,0,0,0,2017-04-14,32448400,2001,82,0,0,0,0,0,0,0,0,2002,1228,0,0,0,0,0,0,0,0
98,2017-04-14,09:00:48,899,cs1709,XDCE,2002,1999,2002,8302,166064520,845202,843912,2092,1894,1993,1999,0,2000,0,0,0,2017-04-14,32448899,2001,101,0,0,0,0,0,0,0,0,2002,1209,0,0,0,0,0,0,0,0
99,2017-04-14,09:00:49,395,cs1709,XDCE,2002,1999,2002,8334,166705120,845198,843912,2092,1894,1993,1999,0,2000,0,0,0,2017-04-14,32449395,2001,102,0,0,0,0,0,0,0,0,2002,1195,0,0,0,0,0,0,0,0
100,2017-04-14,09:00:49,902,cs1709,XDCE,2001,1999,2002,8376,167545740,845212,843912,2092,1894,1993,1999,0,2000,0,0,0,2017-04-14,32449902,2001,90,0,0,0,0,0,0,0,0,2002,1107,0,0,0,0,0,0,0,0
101,2017-04-14,09:00:50,405,cs1709,XDCE,2002,1999,2002,8404,168106300,845212,843912,2092,1894,1993,1999,0,2000,0,0,0,2017-04-14,32450405,2001,127,0,0,0,0,0,0,0,0,2002,1093,0,0,0,0,0,0,0,0
102,2017-04-14,09:00:50,887,cs1709,XDCE,2002,1999,2002,8560,171228380,845222,843912,2092,1894,1993,1999,0,2000,0,0,0,2017-04-14,32450887,2001,89,0,0,0,0,0,0,0,0,2002,1067,0,0,0,0,0,0,0,0
103,2017-04-14,09:00:51,400,cs1709,XDCE,2002,1999,2002,8720,174430580,845254,843912,2092,1894,1993,1999,0,2000,0,0,0,2017-04-14,32451400,2001,43,0,0,0,0,0,0,0,0,2002,1040,0,0,0,0,0,0,0,0
104,2017-04-14,09:00:51,896,cs1709,XDCE,2002,1999,2002,8744,174911040,845276,843912,2092,1894,1993,1999,0,2000,0,0,0,2017-04-14,32451896,2001,44,0,0,0,0,0,0,0,0,2002,1029,0,0,0,0,0,0,0,0
105,2017-04-14,09:00:52,393,cs1709,XDCE,2002,1999,2002,9162,183275820,845012,843912,2092,1894,1993,1999,0,2000,0,0,0,2017-04-14,32452393,2000,680,0,0,0,0,0,0,0,0,2002,1007,0,0,0,0,0,0,0,0
106,2017-04-14,09:00:52,903,cs1709,XDCE,2002,1999,2002,9200,184036580,845050,843912,2092,1894,1993,1999,0,2000,0,0,0,2017-04-14,32452903,2001,5,0,0,0,0,0,0,0,0,2002,988,0,0,0,0,0,0,0,0
107,2017-04-14,09:00:53,399,cs1709,XDCE,2002,1999,2002,9252,185077520,845076,843912,2092,1894,1993,1999,0,2000,0,0,0,2017-04-14,32453399,2001,36,0,0,0,0,0,0,0,0,2002,967,0,0,0,0,0,0,0,0
108,2017-04-14,09:00:53,902,cs1709,XDCE,2001,1999,2002,9388,187799120,845098,843912,2092,1894,1993,1999,0,2000,0,0,0,2017-04-14,32453902,2000,661,0,0,0,0,0,0,0,0,2001,196,0,0,0,0,0,0,0,0
109,2017-04-14,09:00:54,399,cs1709,XDCE,2001,1999,2002,9410,188239340,845118,843912,2092,1894,1993,1999,0,2000,0,0,0,2017-04-14,32454399,2000,656,0,0,0,0,0,0,0,0,2001,185,0,0,0,0,0,0,0,0
110,2017-04-14,09:00:54,893,cs1709,XDCE,2001,1999,2002,9470,189439920,845168,843912,2092,1894,1993,1999,0,2000,0,0,0,2017-04-14,32454893,2000,656,0,0,0,0,0,0,0,0,2001,156,0,0,0,0,0,0,0,0
111,2017-04-14,09:00:55,384,cs1709,XDCE,2001,1999,2002,9592,191881140,845290,843912,2092,1894,1993,1999,0,2000,0,0,0,2017-04-14,32455384,2000,663,0,0,0,0,0,0,0,0,2001,170,0,0,0,0,0,0,0,0
112,2017-04-14,09:00:55,901,cs1709,XDCE,2001,1999,2002,9616,192361380,845314,843912,2092,1894,1993,1999,0,2000,0,0,0,2017-04-14,32455901,2000,581,0,0,0,0,0,0,0,0,2001,158,0,0,0,0,0,0,0,0
113,2017-04-14,09:00:56,321,cs1709,XDCE,2001,1999,2002,9626,192561480,845322,843912,2092,1894,1993,1999,0,2000,0,0,0,2017-04-14,32456321,2000,571,0,0,0,0,0,0,0,0,2001,167,0,0,0,0,0,0,0,0
114,2017-04-14,09:00:56,898,cs1709,XDCE,2001,1999,2002,9652,193081740,845324,843912,2092,1894,1993,1999,0,2000,0,0,0,2017-04-14,32456898,2000,568,0,0,0,0,0,0,0,0,2001,175,0,0,0,0,0,0,0,0
115,2017-04-14,09:00:57,401,cs1709,XDCE,2001,1999,2002,9658,193201800,845330,843912,2092,1894,1993,1999,0,2000,0,0,0,2017-04-14,32457401,2000,567,0,0,0,0,0,0,0,0,2001,174,0,0,0,0,0,0,0,0
116,2017-04-14,09:00:57,855,cs1709,XDCE,2001,1999,2002,9660,193241820,845332,843912,2092,1894,1993,1999,0,2000,0,0,0,2017-04-14,32457855,2000,571,0,0,0,0,0,0,0,0,2001,196,0,0,0,0,0,0,0,0
117,2017-04-14,09:00:58,396,cs1709,XDCE,2001,1999,2002,9714,194322360,845378,843912,2092,1894,1993,1999,0,2000,0,0,0,2017-04-14,32458396,2000,568,0,0,0,0,0,0,0,0,2001,224,0,0,0,0,0,0,0,0
118,2017-04-14,09:00:58,899,cs1709,XDCE,2001,1999,2002,9736,194762480,845390,843912,2092,1894,1993,1999,0,2000,0,0,0,2017-04-14,32458899,2000,565,0,0,0,0,0,0,0,0,2001,290,0,0,0,0,0,0,0,0
119,2017-04-14,09:00:59,388,cs1709,XDCE,2000,1999,2002,9808,196202800,845422,843912,2092,1894,1993,1999,0,2000,0,0,0,2017-04-14,32459388,2000,529,0,0,0,0,0,0,0,0,2001,288,0,0,0,0,0,0,0,0
120,2017-04-14,09:00:59,899,cs1709,XDCE,2000,1999,2002,9814,196322820,845424,843912,2092,1894,1993,1999,0,2000,0,0,0,2017-04-14,32459899,2000,495,0,0,0,0,0,0,0,0,2001,327,0,0,0,0,0,0,0,0
121,2017-04-14,09:01:00,406,cs1709,XDCE,2001,1999,2002,9946,198963140,845436,843912,2092,1894,1993,1999,0,2000,0,0,0,2017-04-14,32460406,2000,438,0,0,0,0,0,0,0,0,2001,317,0,0,0,0,0,0,0,0
122,2017-04-14,09:01:00,897,cs1709,XDCE,2000,1999,2002,10062,201283600,845440,843912,2092,1894,1993,1999,0,2000,0,0,0,2017-04-14,32460897,2000,415,0,0,0,0,0,0,0,0,2001,282,0,0,0,0,0,0,0,0
123,2017-04-14,09:01:01,400,cs1709,XDCE,2001,1999,2002,10620,212443820,845554,843912,2092,1894,1993,1999,0,2000,0,0,0,2017-04-14,32461400,2000,138,0,0,0,0,0,0,0,0,2001,361,0,0,0,0,0,0,0,0
124,2017-04-14,09:01:01,896,cs1709,XDCE,1999,1999,2002,10918,218403800,845606,843912,2092,1894,1993,1999,0,2000,0,0,0,2017-04-14,32461896,1999,232,0,0,0,0,0,0,0,0,2000,135,0,0,0,0,0,0,0,0
125,2017-04-14,09:01:02,405,cs1709,XDCE,2000,1999,2002,10942,218883780,845606,843912,2092,1894,1993,1999,0,2000,0,0,0,2017-04-14,32462405,1999,220,0,0,0,0,0,0,0,0,2000,209,0,0,0,0,0,0,0,0
126,2017-04-14,09:01:02,902,cs1709,XDCE,2000,1999,2002,11006,220163640,845602,843912,2092,1894,1993,1999,0,2000,0,0,0,2017-04-14,32462902,1999,295,0,0,0,0,0,0,0,0,2000,223,0,0,0,0,0,0,0,0
127,2017-04-14,09:01:03,399,cs1709,XDCE,2000,1999,2002,11010,220243640,845602,843912,2092,1894,1993,1999,0,2000,0,0,0,2017-04-14,32463399,1999,290,0,0,0,0,0,0,0,0,2000,222,0,0,0,0,0,0,0,0
128,2017-04-14,09:01:03,905,cs1709,XDCE,2000,1999,2002,11018,220403640,845604,843912,2092,1894,1993,1999,0,2000,0,0,0,2017-04-14,32463905,1999,219,0,0,0,0,0,0,0,0,2000,219,0,0,0,0,0,0,0,0
129,2017-04-14,09:01:04,391,cs1709,XDCE,2000,1999,2002,11024,220523620,845606,843912,2092,1894,1993,1999,0,2000,0,0,0,2017-04-14,32464391,1999,219,0,0,0,0,0,0,0,0,2000,200,0,0,0,0,0,0,0,0
130,2017-04-14,09:01:04,892,cs1709,XDCE,2000,1999,2002,11052,221083600,845628,843912,2092,1894,1993,1999,0,2000,0,0,0,2017-04-14,32464892,1999,227,0,0,0,0,0,0,0,0,2000,172,0,0,0,0,0,0,0,0
131,2017-04-14,09:01:05,377,cs1709,XDCE,2000,1999,2002,11054,221123600,845628,843912,2092,1894,1993,1999,0,2000,0,0,0,2017-04-14,32465377,1999,249,0,0,0,0,0,0,0,0,2000,139,0,0,0,0,0,0,0,0
132,2017-04-14,09:01:05,899,cs1709,XDCE,2000,1999,2002,11210,224242320,845474,843912,2092,1894,1993,1999,0,2000,0,0,0,2017-04-14,32465899,1999,141,0,0,0,0,0,0,0,0,2000,156,0,0,0,0,0,0,0,0
133,2017-04-14,09:01:06,401,cs1709,XDCE,2000,1999,2002,11256,225162320,845444,843912,2092,1894,1993,1999,0,2000,0,0,0,2017-04-14,32466401,1999,133,0,0,0,0,0,0,0,0,2000,155,0,0,0,0,0,0,0,0
134,2017-04-14,09:01:06,824,cs1709,XDCE,2000,1999,2002,11284,225722100,845448,843912,2092,1894,1993,1999,0,2000,0,0,0,2017-04-14,32466824,1999,117,0,0,0,0,0,0,0,0,2000,156,0,0,0,0,0,0,0,0
135,2017-04-14,09:01:07,387,cs1709,XDCE,2000,1999,2002,11596,231962100,845534,843912,2092,1894,1993,1999,0,2000,0,0,0,2017-04-14,32467387,2000,109,0,0,0,0,0,0,0,0,2001,350,0,0,0,0,0,0,0,0
136,2017-04-14,09:01:07,841,cs1709,XDCE,2000,1999,2002,11596,231962100,845534,843912,2092,1894,1993,1999,0,2000,0,0,0,2017-04-14,32467841,2000,213,0,0,0,0,0,0,0,0,2001,350,0,0,0,0,0,0,0,0
137,2017-04-14,09:01:08,361,cs1709,XDCE,2000,1999,2002,11598,232002100,845534,843912,2092,1894,1993,1999,0,2000,0,0,0,2017-04-14,32468361,2000,216,0,0,0,0,0,0,0,0,2001,340,0,0,0,0,0,0,0,0
138,2017-04-14,09:01:08,835,cs1709,XDCE,2000,1999,2002,11678,233602100,845544,843912,2092,1894,1993,1999,0,2000,0,0,0,2017-04-14,32468835,2000,177,0,0,0,0,0,0,0,0,2001,761,0,0,0,0,0,0,0,0
139,2017-04-14,09:01:09,401,cs1709,XDCE,2000,1999,2002,11748,235002100,845604,843912,2092,1894,1993,1999,0,2000,0,0,0,2017-04-14,32469401,2000,142,0,0,0,0,0,0,0,0,2001,761,0,0,0,0,0,0,0,0
140,2017-04-14,09:01:09,905,cs1709,XDCE,2000,1999,2002,11770,235442220,845602,843912,2092,1894,1993,1999,0,2000,0,0,0,2017-04-14,32469905,2000,137,0,0,0,0,0,0,0,0,2001,756,0,0,0,0,0,0,0,0
141,2017-04-14,09:01:10,397,cs1709,XDCE,2000,1999,2002,11802,236082220,845602,843912,2092,1894,1993,1999,0,2000,0,0,0,2017-04-14,32470397,2000,123,0,0,0,0,0,0,0,0,2001,756,0,0,0,0,0,0,0,0
142,2017-04-14,09:01:10,902,cs1709,XDCE,2001,1999,2002,11864,237322840,845620,843912,2092,1894,1993,1999,0,2000,0,0,0,2017-04-14,32470902,2000,133,0,0,0,0,0,0,0,0,2001,685,0,0,0,0,0,0,0,0
143,2017-04-14,09:01:11,405,cs1709,XDCE,2000,1999,2002,11896,237962840,845650,843912,2092,1894,1993,1999,0,2000,0,0,0,2017-04-14,32471405,2000,27,0,0,0,0,0,0,0,0,2001,685,0,0,0,0,0,0,0,0
144,2017-04-14,09:01:11,871,cs1709,XDCE,2000,1999,2002,11928,238602920,845654,843912,2092,1894,1993,1999,0,2000,0,0,0,2017-04-14,32471871,2000,22,0,0,0,0,0,0,0,0,2001,682,0,0,0,0,0,0,0,0
145,2017-04-14,09:01:12,377,cs1709,XDCE,2000,1999,2002,11940,238842920,845642,843912,2092,1894,1993,1999,0,2000,0,0,0,2017-04-14,32472377,2000,18,0,0,0,0,0,0,0,0,2001,683,0,0,0,0,0,0,0,0
146,2017-04-14,09:01:12,906,cs1709,XDCE,2001,1999,2002,11982,239682940,845654,843912,2092,1894,1993,1999,0,2000,0,0,0,2017-04-14,32472906,1999,168,0,0,0,0,0,0,0,0,2000,1,0,0,0,0,0,0,0,0
147,2017-04-14,09:01:13,372,cs1709,XDCE,2001,1999,2002,11982,239682940,845654,843912,2092,1894,1993,1999,0,2000,0,0,0,2017-04-14,32473372,1999,178,0,0,0,0,0,0,0,0,2000,42,0,0,0,0,0,0,0,0
148,2017-04-14,09:01:13,870,cs1709,XDCE,1999,1999,2002,11986,239762900,845650,843912,2092,1894,1993,1999,0,2000,0,0,0,2017-04-14,32473870,1999,160,0,0,0,0,0,0,0,0,2000,62,0,0,0,0,0,0,0,0
149,2017-04-14,09:01:14,394,cs1709,XDCE,2000,1999,2002,12126,242562900,845704,843912,2092,1894,1993,1999,0,2000,0,0,0,2017-04-14,32474394,2000,196,0,0,0,0,0,0,0,0,2001,682,0,0,0,0,0,0,0,0
150,2017-04-14,09:01:14,867,cs1709,XDCE,2000,1999,2002,12146,242962900,845724,843912,2092,1894,1993,1999,0,2000,0,0,0,2017-04-14,32474867,2000,188,0,0,0,0,0,0,0,0,2001,662,0,0,0,0,0,0,0,0
151,2017-04-14,09:01:15,391,cs1709,XDCE,2001,1999,2002,12162,243282940,845726,843912,2092,1894,1993,1999,0,2000,0,0,0,2017-04-14,32475391,2000,182,0,0,0,0,0,0,0,0,2001,661,0,0,0,0,0,0,0,0
152,2017-04-14,09:01:15,887,cs1709,XDCE,2000,1999,2002,12166,243362960,845726,843912,2092,1894,1993,1999,0,2000,0,0,0,2017-04-14,32475887,2000,283,0,0,0,0,0,0,0,0,2001,660,0,0,0,0,0,0,0,0
153,2017-04-14,09:01:16,357,cs1709,XDCE,2000,1999,2002,12368,247404960,845532,843912,2092,1894,1993,1999,0,2000,0,0,0,2017-04-14,32476357,2000,282,0,0,0,0,0,0,0,0,2001,561,0,0,0,0,0,0,0,0
154,2017-04-14,09:01:16,880,cs1709,XDCE,2001,1999,2002,12468,249405960,845532,843912,2092,1894,1993,1999,0,2000,0,0,0,2017-04-14,32476880,2000,283,0,0,0,0,0,0,0,0,2001,512,0,0,0,0,0,0,0,0
155,2017-04-14,09:01:17,405,cs1709,XDCE,2000,1999,2002,12474,249525960,845534,843912,2092,1894,1993,1999,0,2000,0,0,0,2017-04-14,32477405,2000,280,0,0,0,0,0,0,0,0,2001,514,0,0,0,0,0,0,0,0
156,2017-04-14,09:01:17,878,cs1709,XDCE,2000,1999,2002,12474,249525960,845534,843912,2092,1894,1993,1999,0,2000,0,0,0,2017-04-14,32477878,2000,302,0,0,0,0,0,0,0,0,2001,514,0,0,0,0,0,0,0,0
157,2017-04-14,09:01:18,897,cs1709,XDCE,2001,1999,2002,12492,249886080,845540,843912,2092,1894,1993,1999,0,2000,0,0,0,2017-04-14,32478897,2000,299,0,0,0,0,0,0,0,0,2001,508,0,0,0,0,0,0,0,0
158,2017-04-14,09:01:19,326,cs1709,XDCE,2001,1999,2002,12492,249886080,845540,843912,2092,1894,1993,1999,0,2000,0,0,0,2017-04-14,32479326,2000,300,0,0,0,0,0,0,0,0,2001,509,0,0,0,0,0,0,0,0
159,2017-04-14,09:01:19,742,cs1709,XDCE,2001,1999,2002,12492,249886080,845540,843912,2092,1894,1993,1999,0,2000,0,0,0,2017-04-14,32479742,2000,299,0,0,0,0,0,0,0,0,2001,509,0,0,0,0,0,0,0,0
160,2017-04-14,09:01:20,378,cs1709,XDCE,2000,1999,2002,12496,249966080,845540,843912,2092,1894,1993,1999,0,2000,0,0,0,2017-04-14,32480378,2000,297,0,0,0,0,0,0,0,0,2001,509,0,0,0,0,0,0,0,0
161,2017-04-14,09:01:20,866,cs1709,XDCE,2000,1999,2002,12508,250206080,845542,843912,2092,1894,1993,1999,0,2000,0,0,0,2017-04-14,32480866,2000,291,0,0,0,0,0,0,0,0,2001,509,0,0,0,0,0,0,0,0
162,2017-04-14,09:01:21,294,cs1709,XDCE,2000,1999,2002,12524,250526080,845552,843912,2092,1894,1993,1999,0,2000,0,0,0,2017-04-14,32481294,2000,284,0,0,0,0,0,0,0,0,2001,509,0,0,0,0,0,0,0,0
163,2017-04-14,09:01:21,865,cs1709,XDCE,2000,1999,2002,12524,250526080,845552,843912,2092,1894,1993,1999,0,2000,0,0,0,2017-04-14,32481865,2000,285,0,0,0,0,0,0,0,0,2001,509,0,0,0,0,0,0,0,0
164,2017-04-14,09:01:22,393,cs1709,XDCE,2000,1999,2002,12528,250606080,845554,843912,2092,1894,1993,1999,0,2000,0,0,0,2017-04-14,32482393,2000,285,0,0,0,0,0,0,0,0,2001,509,0,0,0,0,0,0,0,0
165,2017-04-14,09:01:22,892,cs1709,XDCE,2001,1999,2002,12578,251606500,845562,843912,2092,1894,1993,1999,0,2000,0,0,0,2017-04-14,32482892,2000,284,0,0,0,0,0,0,0,0,2001,488,0,0,0,0,0,0,0,0
166,2017-04-14,09:01:23,333,cs1709,XDCE,2001,1999,2002,12578,251606500,845562,843912,2092,1894,1993,1999,0,2000,0,0,0,2017-04-14,32483333,2000,288,0,0,0,0,0,0,0,0,2001,488,0,0,0,0,0,0,0,0
167,2017-04-14,09:01:23,820,cs1709,XDCE,2000,1999,2002,12590,251846540,845558,843912,2092,1894,1993,1999,0,2000,0,0,0,2017-04-14,32483820,2000,289,0,0,0,0,0,0,0,0,2001,486,0,0,0,0,0,0,0,0
168,2017-04-14,09:01:24,400,cs1709,XDCE,2000,1999,2002,12590,251846540,845558,843912,2092,1894,1993,1999,0,2000,0,0,0,2017-04-14,32484400,2000,290,0,0,0,0,0,0,0,0,2001,486,0,0,0,0,0,0,0,0
169,2017-04-14,09:01:24,906,cs1709,XDCE,2001,1999,2002,12594,251926560,845558,843912,2092,1894,1993,1999,0,2000,0,0,0,2017-04-14,32484906,2000,291,0,0,0,0,0,0,0,0,2001,485,0,0,0,0,0,0,0,0
170,2017-04-14,09:01:25,900,cs1709,XDCE,2000,1999,2002,12748,255006560,845560,843912,2092,1894,1993,1999,0,2000,0,0,0,2017-04-14,32485900,2000,215,0,0,0,0,0,0,0,0,2001,475,0,0,0,0,0,0,0,0
171,2017-04-14,09:01:26,362,cs1709,XDCE,2000,1999,2002,13252,265087280,845526,843912,2092,1894,1993,1999,0,2000,0,0,0,2017-04-14,32486362,1999,200,0,0,0,0,0,0,0,0,2000,192,0,0,0,0,0,0,0,0
172,2017-04-14,09:01:26,864,cs1709,XDCE,2000,1999,2002,13284,265726980,845546,843912,2092,1894,1993,1999,0,2000,0,0,0,2017-04-14,32486864,1999,216,0,0,0,0,0,0,0,0,2000,197,0,0,0,0,0,0,0,0
173,2017-04-14,09:01:27,303,cs1709,XDCE,2000,1999,2002,13284,265726980,845546,843912,2092,1894,1993,1999,0,2000,0,0,0,2017-04-14,32487303,1999,216,0,0,0,0,0,0,0,0,2000,205,0,0,0,0,0,0,0,0
174,2017-04-14,09:01:27,885,cs1709,XDCE,2000,1999,2002,13284,265726980,845546,843912,2092,1894,1993,1999,0,2000,0,0,0,2017-04-14,32487885,1999,227,0,0,0,0,0,0,0,0,2000,306,0,0,0,0,0,0,0,0
175,2017-04-14,09:01:28,334,cs1709,XDCE,2000,1999,2002,13316,266366680,845576,843912,2092,1894,1993,1999,0,2000,0,0,0,2017-04-14,32488334,1999,208,0,0,0,0,0,0,0,0,2000,307,0,0,0,0,0,0,0,0
176,2017-04-14,09:01:28,879,cs1709,XDCE,1999,1999,2002,13320,266446660,845576,843912,2092,1894,1993,1999,0,2000,0,0,0,2017-04-14,32488879,1999,207,0,0,0,0,0,0,0,0,2000,307,0,0,0,0,0,0,0,0
177,2017-04-14,09:01:29,369,cs1709,XDCE,2000,1999,2002,13324,266526640,845574,843912,2092,1894,1993,1999,0,2000,0,0,0,2017-04-14,32489369,1999,206,0,0,0,0,0,0,0,0,2000,306,0,0,0,0,0,0,0,0
178,2017-04-14,09:01:29,883,cs1709,XDCE,2000,1999,2002,13338,266806640,845574,843912,2092,1894,1993,1999,0,2000,0,0,0,2017-04-14,32489883,1999,205,0,0,0,0,0,0,0,0,2000,299,0,0,0,0,0,0,0,0
179,2017-04-14,09:01:30,377,cs1709,XDCE,2000,1999,2002,13350,267046640,845574,843912,2092,1894,1993,1999,0,2000,0,0,0,2017-04-14,32490377,1999,175,0,0,0,0,0,0,0,0,2000,293,0,0,0,0,0,0,0,0
180,2017-04-14,09:01:30,900,cs1709,XDCE,1999,1999,2002,13370,267446440,845564,843912,2092,1894,1993,1999,0,2000,0,0,0,2017-04-14,32490900,1999,64,0,0,0,0,0,0,0,0,2000,304,0,0,0,0,0,0,0,0
181,2017-04-14,09:01:31,388,cs1709,XDCE,2000,1999,2002,13748,275005700,845286,843912,2092,1894,1993,1999,0,2000,0,0,0,2017-04-14,32491388,1999,8,0,0,0,0,0,0,0,0,2000,170,0,0,0,0,0,0,0,0
182,2017-04-14,09:01:31,904,cs1709,XDCE,1999,1999,2002,13778,275605400,845290,843912,2092,1894,1993,1999,0,2000,0,0,0,2017-04-14,32491904,1998,299,0,0,0,0,0,0,0,0,1999,2,0,0,0,0,0,0,0,0
183,2017-04-14,09:01:32,333,cs1709,XDCE,1999,1998,2002,13824,276524920,845294,843912,2092,1894,1993,1999,0,2000,0,0,0,2017-04-14,32492333,1998,300,0,0,0,0,0,0,0,0,1999,1,0,0,0,0,0,0,0,0
184,2017-04-14,09:01:32,833,cs1709,XDCE,2000,1998,2002,13924,278524900,845234,843912,2092,1894,1993,1999,0,2000,0,0,0,2017-04-14,32492833,1998,300,0,0,0,0,0,0,0,0,2000,135,0,0,0,0,0,0,0,0
185,2017-04-14,09:01:33,379,cs1709,XDCE,1999,1998,2002,13942,278884700,845226,843912,2092,1894,1993,1999,0,2000,0,0,0,2017-04-14,32493379,1999,43,0,0,0,0,0,0,0,0,2000,152,0,0,0,0,0,0,0,0
186,2017-04-14,09:01:33,835,cs1709,XDCE,1999,1998,2002,13944,278924680,845224,843912,2092,1894,1993,1999,0,2000,0,0,0,2017-04-14,32493835,1999,244,0,0,0,0,0,0,0,0,2000,140,0,0,0,0,0,0,0,0
187,2017-04-14,09:01:34,396,cs1709,XDCE,1999,1998,2002,13948,279004640,845222,843912,2092,1894,1993,1999,0,2000,0,0,0,2017-04-14,32494396,1999,243,0,0,0,0,0,0,0,0,2000,136,0,0,0,0,0,0,0,0
188,2017-04-14,09:01:34,903,cs1709,XDCE,1999,1998,2002,13958,279204540,845212,843912,2092,1894,1993,1999,0,2000,0,0,0,2017-04-14,32494903,1999,240,0,0,0,0,0,0,0,0,2000,53,0,0,0,0,0,0,0,0
189,2017-04-14,09:01:35,388,cs1709,XDCE,1999,1998,2002,13958,279204540,845212,843912,2092,1894,1993,1999,0,2000,0,0,0,2017-04-14,32495388,1999,241,0,0,0,0,0,0,0,0,2000,64,0,0,0,0,0,0,0,0
190,2017-04-14,09:01:35,854,cs1709,XDCE,1999,1998,2002,14054,281123580,845150,843912,2092,1894,1993,1999,0,2000,0,0,0,2017-04-14,32495854,1999,199,0,0,0,0,0,0,0,0,2000,64,0,0,0,0,0,0,0,0
191,2017-04-14,09:01:36,375,cs1709,XDCE,1999,1998,2002,14056,281163560,845148,843912,2092,1894,1993,1999,0,2000,0,0,0,2017-04-14,32496375,1999,199,0,0,0,0,0,0,0,0,2000,94,0,0,0,0,0,0,0,0
192,2017-04-14,09:01:36,886,cs1709,XDCE,2000,1998,2002,14822,296477800,845356,843912,2092,1894,1993,1999,0,2000,0,0,0,2017-04-14,32496886,2000,81,0,0,0,0,0,0,0,0,2001,450,0,0,0,0,0,0,0,0
193,2017-04-14,09:01:37,398,cs1709,XDCE,2000,1998,2002,14940,298837800,845466,843912,2092,1894,1993,1999,0,2000,0,0,0,2017-04-14,32497398,2000,22,0,0,0,0,0,0,0,0,2001,440,0,0,0,0,0,0,0,0
194,2017-04-14,09:01:37,847,cs1709,XDCE,2000,1998,2002,14988,299797800,845514,843912,2092,1894,1993,1999,0,2000,0,0,0,2017-04-14,32497847,1999,68,0,0,0,0,0,0,0,0,2000,52,0,0,0,0,0,0,0,0
195,2017-04-14,09:01:38,369,cs1709,XDCE,2000,1998,2002,14998,299997800,845514,843912,2092,1894,1993,1999,0,2000,0,0,0,2017-04-14,32498369,1999,70,0,0,0,0,0,0,0,0,2000,65,0,0,0,0,0,0,0,0
196,2017-04-14,09:01:38,891,cs1709,XDCE,2000,1998,2002,14998,299997800,845514,843912,2092,1894,1993,1999,0,2000,0,0,0,2017-04-14,32498891,1999,77,0,0,0,0,0,0,0,0,2000,97,0,0,0,0,0,0,0,0
197,2017-04-14,09:01:39,401,cs1709,XDCE,2000,1998,2002,15300,306038840,845464,843912,2092,1894,1993,1999,0,2000,0,0,0,2017-04-14,32499401,2000,29,0,0,0,0,0,0,0,0,2001,384,0,0,0,0,0,0,0,0
198,2017-04-14,09:01:39,832,cs1709,XDCE,2000,1998,2002,15302,306078840,845464,843912,2092,1894,1993,1999,0,2000,0,0,0,2017-04-14,32499832,2000,25,0,0,0,0,0,0,0,0,2001,385,0,0,0,0,0,0,0,0
199,2017-04-14,09:01:40,340,cs1709,XDCE,2000,1998,2002,15306,306158840,845462,843912,2092,1894,1993,1999,0,2000,0,0,0,2017-04-14,32500340,2000,14,0,0,0,0,0,0,0,0,2001,389,0,0,0,0,0,0,0,0
200,2017-04-14,09:01:40,840,cs1709,XDCE,2000,1998,2002,15306,306158840,845462,843912,2092,1894,1993,1999,0,2000,0,0,0,2017-04-14,32500840,2000,16,0,0,0,0,0,0,0,0,2001,396,0,0,0,0,0,0,0,0
201,2017-04-14,09:01:41,324,cs1709,XDCE,2000,1998,2002,15308,306198840,845462,843912,2092,1894,1993,1999,0,2000,0,0,0,2017-04-14,32501324,2000,15,0,0,0,0,0,0,0,0,2001,396,0,0,0,0,0,0,0,0
202,2017-04-14,09:01:41,901,cs1709,XDCE,2000,1998,2002,15354,307118720,845470,843912,2092,1894,1993,1999,0,2000,0,0,0,2017-04-14,32501901,2000,18,0,0,0,0,0,0,0,0,2001,403,0,0,0,0,0,0,0,0
203,2017-04-14,09:01:42,403,cs1709,XDCE,2001,1998,2002,15370,307438820,845470,843912,2092,1894,1993,1999,0,2000,0,0,0,2017-04-14,32502403,2000,305,0,0,0,0,0,0,0,0,2001,397,0,0,0,0,0,0,0,0
204,2017-04-14,09:01:42,853,cs1709,XDCE,2000,1998,2002,15380,307638820,845468,843912,2092,1894,1993,1999,0,2000,0,0,0,2017-04-14,32502853,2000,272,0,0,0,0,0,0,0,0,2001,499,0,0,0,0,0,0,0,0
205,2017-04-14,09:01:43,389,cs1709,XDCE,2000,1998,2002,15492,309878820,845556,843912,2092,1894,1993,1999,0,2000,0,0,0,2017-04-14,32503389,2000,214,0,0,0,0,0,0,0,0,2001,498,0,0,0,0,0,0,0,0
206,2017-04-14,09:01:43,875,cs1709,XDCE,2000,1998,2002,15568,311398820,845632,843912,2092,1894,1993,1999,0,2000,0,0,0,2017-04-14,32503875,2000,178,0,0,0,0,0,0,0,0,2001,498,0,0,0,0,0,0,0,0
207,2017-04-14,09:01:44,333,cs1709,XDCE,2000,1998,2002,15574,311518820,845638,843912,2092,1894,1993,1999,0,2000,0,0,0,2017-04-14,32504333,2000,175,0,0,0,0,0,0,0,0,2001,498,0,0,0,0,0,0,0,0
208,2017-04-14,09:01:44,896,cs1709,XDCE,2000,1998,2002,15676,313558820,845640,843912,2092,1894,1993,1999,0,2000,0,0,0,2017-04-14,32504896,2000,126,0,0,0,0,0,0,0,0,2001,498,0,0,0,0,0,0,0,0
209,2017-04-14,09:01:45,372,cs1709,XDCE,2000,1998,2002,15676,313558820,845640,843912,2092,1894,1993,1999,0,2000,0,0,0,2017-04-14,32505372,2000,127,0,0,0,0,0,0,0,0,2001,499,0,0,0,0,0,0,0,0
210,2017-04-14,09:01:45,841,cs1709,XDCE,2000,1998,2002,15690,313838920,845654,843912,2092,1894,1993,1999,0,2000,0,0,0,2017-04-14,32505841,2000,136,0,0,0,0,0,0,0,0,2001,494,0,0,0,0,0,0,0,0
211,2017-04-14,09:01:46,367,cs1709,XDCE,2000,1998,2002,15696,313958920,845658,843912,2092,1894,1993,1999,0,2000,0,0,0,2017-04-14,32506367,2000,122,0,0,0,0,0,0,0,0,2001,494,0,0,0,0,0,0,0,0
212,2017-04-14,09:01:46,892,cs1709,XDCE,2000,1998,2002,15698,313998920,845658,843912,2092,1894,1993,1999,0,2000,0,0,0,2017-04-14,32506892,2000,411,0,0,0,0,0,0,0,0,2001,495,0,0,0,0,0,0,0,0
213,2017-04-14,09:01:47,402,cs1709,XDCE,2000,1998,2002,15700,314038920,845660,843912,2092,1894,1993,1999,0,2000,0,0,0,2017-04-14,32507402,2000,441,0,0,0,0,0,0,0,0,2001,495,0,0,0,0,0,0,0,0
214,2017-04-14,09:01:47,869,cs1709,XDCE,2000,1998,2002,15708,314198920,845668,843912,2092,1894,1993,1999,0,2000,0,0,0,2017-04-14,32507869,2000,439,0,0,0,0,0,0,0,0,2001,496,0,0,0,0,0,0,0,0
215,2017-04-14,09:01:48,337,cs1709,XDCE,2000,1998,2002,15716,314358920,845670,843912,2092,1894,1993,1999,0,2000,0,0,0,2017-04-14,32508337,2000,419,0,0,0,0,0,0,0,0,2001,497,0,0,0,0,0,0,0,0
216,2017-04-14,09:01:48,841,cs1709,XDCE,2000,1998,2002,15716,314358920,845670,843912,2092,1894,1993,1999,0,2000,0,0,0,2017-04-14,32508841,2000,376,0,0,0,0,0,0,0,0,2001,497,0,0,0,0,0,0,0,0
217,2017-04-14,09:01:49,383,cs1709,XDCE,2001,1998,2002,15718,314398940,845672,843912,2092,1894,1993,1999,0,2000,0,0,0,2017-04-14,32509383,2000,376,0,0,0,0,0,0,0,0,2001,496,0,0,0,0,0,0,0,0
218,2017-04-14,09:01:49,901,cs1709,XDCE,2001,1998,2002,15718,314398940,845672,843912,2092,1894,1993,1999,0,2000,0,0,0,2017-04-14,32509901,2000,377,0,0,0,0,0,0,0,0,2001,496,0,0,0,0,0,0,0,0
219,2017-04-14,09:01:50,389,cs1709,XDCE,2001,1998,2002,15718,314398940,845672,843912,2092,1894,1993,1999,0,2000,0,0,0,2017-04-14,32510389,2000,376,0,0,0,0,0,0,0,0,2001,496,0,0,0,0,0,0,0,0
220,2017-04-14,09:01:50,844,cs1709,XDCE,2000,1998,2002,15722,314478940,845674,843912,2092,1894,1993,1999,0,2000,0,0,0,2017-04-14,32510844,2000,374,0,0,0,0,0,0,0,0,2001,497,0,0,0,0,0,0,0,0
221,2017-04-14,09:01:51,289,cs1709,XDCE,2000,1998,2002,15722,314478940,845674,843912,2092,1894,1993,1999,0,2000,0,0,0,2017-04-14,32511289,2000,394,0,0,0,0,0,0,0,0,2001,497,0,0,0,0,0,0,0,0
222,2017-04-14,09:01:51,834,cs1709,XDCE,2001,1998,2002,16322,326484940,846274,843912,2092,1894,1993,1999,0,2000,0,0,0,2017-04-14,32511834,2000,425,0,0,0,0,0,0,0,0,2001,199,0,0,0,0,0,0,0,0
223,2017-04-14,09:01:52,393,cs1709,XDCE,2001,1998,2002,16322,326484940,846274,843912,2092,1894,1993,1999,0,2000,0,0,0,2017-04-14,32512393,2000,456,0,0,0,0,0,0,0,0,2001,195,0,0,0,0,0,0,0,0
224,2017-04-14,09:01:52,887,cs1709,XDCE,2001,1998,2002,16666,333368360,846116,843912,2092,1894,1993,1999,0,2000,0,0,0,2017-04-14,32512887,2000,497,0,0,0,0,0,0,0,0,2001,23,0,0,0,0,0,0,0,0
225,2017-04-14,09:01:53,383,cs1709,XDCE,2001,1998,2002,16712,334288820,846070,843912,2092,1894,1993,1999,0,2000,0,0,0,2017-04-14,32513383,2001,185,0,0,0,0,0,0,0,0,2002,945,0,0,0,0,0,0,0,0
226,2017-04-14,09:01:53,855,cs1709,XDCE,2001,1998,2002,16712,334288820,846070,843912,2092,1894,1993,1999,0,2000,0,0,0,2017-04-14,32513855,2001,190,0,0,0,0,0,0,0,0,2002,935,0,0,0,0,0,0,0,0
227,2017-04-14,09:01:54,366,cs1709,XDCE,2001,1998,2002,16712,334288820,846070,843912,2092,1894,1993,1999,0,2000,0,0,0,2017-04-14,32514366,2001,147,0,0,0,0,0,0,0,0,2002,960,0,0,0,0,0,0,0,0
228,2017-04-14,09:01:54,803,cs1709,XDCE,2001,1998,2002,16714,334328840,846068,843912,2092,1894,1993,1999,0,2000,0,0,0,2017-04-14,32514803,2001,146,0,0,0,0,0,0,0,0,2002,965,0,0,0,0,0,0,0,0
229,2017-04-14,09:01:55,382,cs1709,XDCE,2001,1998,2002,16854,337131600,846200,843912,2092,1894,1993,1999,0,2000,0,0,0,2017-04-14,32515382,2001,145,0,0,0,0,0,0,0,0,2002,897,0,0,0,0,0,0,0,0
230,2017-04-14,09:01:55,892,cs1709,XDCE,2001,1998,2002,16854,337131600,846200,843912,2092,1894,1993,1999,0,2000,0,0,0,2017-04-14,32515892,2001,145,0,0,0,0,0,0,0,0,2002,871,0,0,0,0,0,0,0,0
231,2017-04-14,09:01:56,405,cs1709,XDCE,2002,1998,2002,16858,337211660,846200,843912,2092,1894,1993,1999,0,2000,0,0,0,2017-04-14,32516405,2001,155,0,0,0,0,0,0,0,0,2002,865,0,0,0,0,0,0,0,0
232,2017-04-14,09:01:56,812,cs1709,XDCE,2001,1998,2002,16860,337251680,846200,843912,2092,1894,1993,1999,0,2000,0,0,0,2017-04-14,32516812,2001,155,0,0,0,0,0,0,0,0,2002,865,0,0,0,0,0,0,0,0
233,2017-04-14,09:01:57,403,cs1709,XDCE,2001,1998,2002,17060,341253680,846000,843912,2092,1894,1993,1999,0,2000,0,0,0,2017-04-14,32517403,2001,55,0,0,0,0,0,0,0,0,2002,865,0,0,0,0,0,0,0,0
234,2017-04-14,09:01:57,882,cs1709,XDCE,2001,1998,2002,17066,341373760,845998,843912,2092,1894,1993,1999,0,2000,0,0,0,2017-04-14,32517882,2001,53,0,0,0,0,0,0,0,0,2002,864,0,0,0,0,0,0,0,0
235,2017-04-14,09:01:58,378,cs1709,XDCE,2002,1998,2002,17092,341894280,846004,843912,2092,1894,1993,1999,0,2000,0,0,0,2017-04-14,32518378,2001,53,0,0,0,0,0,0,0,0,2002,851,0,0,0,0,0,0,0,0
236,2017-04-14,09:01:58,893,cs1709,XDCE,2001,1998,2002,17094,341934300,846006,843912,2092,1894,1993,1999,0,2000,0,0,0,2017-04-14,32518893,2001,52,0,0,0,0,0,0,0,0,2002,859,0,0,0,0,0,0,0,0
237,2017-04-14,09:01:59,361,cs1709,XDCE,2001,1998,2002,17094,341934300,846006,843912,2092,1894,1993,1999,0,2000,0,0,0,2017-04-14,32519361,2001,53,0,0,0,0,0,0,0,0,2002,858,0,0,0,0,0,0,0,0
238,2017-04-14,09:01:59,892,cs1709,XDCE,2002,1998,2002,17100,342054380,846012,843912,2092,1894,1993,1999,0,2000,0,0,0,2017-04-14,32519892,2001,62,0,0,0,0,0,0,0,0,2002,857,0,0,0,0,0,0,0,0
239,2017-04-14,09:02:00,392,cs1709,XDCE,2002,1998,2002,17806,356188500,846070,843912,2092,1894,1993,1999,0,2000,0,0,0,2017-04-14,32520392,2001,86,0,0,0,0,0,0,0,0,2002,499,0,0,0,0,0,0,0,0
240,2017-04-14,09:02:00,898,cs1709,XDCE,2003,1998,2003,18856,377209900,846598,843912,2092,1894,1993,1999,0,2000,0,0,0,2017-04-14,32520898,2002,54,0,0,0,0,0,0,0,0,2003,255,0,0,0,0,0,0,0,0
241,2017-04-14,09:02:01,386,cs1709,XDCE,2002,1998,2003,19058,381255480,846506,843912,2092,1894,1993,1999,0,2000,0,0,0,2017-04-14,32521386,2002,95,0,0,0,0,0,0,0,0,2003,160,0,0,0,0,0,0,0,0
242,2017-04-14,09:02:01,888,cs1709,XDCE,2003,1998,2003,19074,381575960,846492,843912,2092,1894,1993,1999,0,2000,0,0,0,2017-04-14,32521888,2002,157,0,0,0,0,0,0,0,0,2003,127,0,0,0,0,0,0,0,0
243,2017-04-14,09:02:02,402,cs1709,XDCE,2003,1998,2003,19272,385541900,846414,843912,2092,1894,1993,1999,0,2000,0,0,0,2017-04-14,32522402,2002,185,0,0,0,0,0,0,0,0,2003,49,0,0,0,0,0,0,0,0
244,2017-04-14,09:02:02,893,cs1709,XDCE,2003,1998,2003,19336,386823820,846436,843912,2092,1894,1993,1999,0,2000,0,0,0,2017-04-14,32522893,2003,20,0,0,0,0,0,0,0,0,2004,177,0,0,0,0,0,0,0,0
245,2017-04-14,09:02:03,389,cs1709,XDCE,2004,1998,2004,19340,386903960,846434,843912,2092,1894,1993,1999,0,2000,0,0,0,2017-04-14,32523389,2003,37,0,0,0,0,0,0,0,0,2004,169,0,0,0,0,0,0,0,0
246,2017-04-14,09:02:03,894,cs1709,XDCE,2003,1998,2004,19528,390669940,846358,843912,2092,1894,1993,1999,0,2000,0,0,0,2017-04-14,32523894,2002,209,0,0,0,0,0,0,0,0,2003,47,0,0,0,0,0,0,0,0
247,2017-04-14,09:02:04,366,cs1709,XDCE,2003,1998,2004,19622,392552760,846322,843912,2092,1894,1993,1999,0,2000,0,0,0,2017-04-14,32524366,2003,46,0,0,0,0,0,0,0,0,2004,146,0,0,0,0,0,0,0,0
248,2017-04-14,09:02:04,900,cs1709,XDCE,2003,1998,2004,19622,392552760,846322,843912,2092,1894,1993,1999,0,2000,0,0,0,2017-04-14,32524900,2003,46,0,0,0,0,0,0,0,0,2004,148,0,0,0,0,0,0,0,0
249,2017-04-14,09:02:05,397,cs1709,XDCE,2003,1998,2004,19860,397320160,846166,843912,2092,1894,1993,1999,0,2000,0,0,0,2017-04-14,32525397,2002,186,0,0,0,0,0,0,0,0,2003,10,0,0,0,0,0,0,0,0
250,2017-04-14,09:02:05,871,cs1709,XDCE,2003,1998,2004,19862,397360220,846166,843912,2092,1894,1993,1999,0,2000,0,0,0,2017-04-14,32525871,2002,184,0,0,0,0,0,0,0,0,2003,10,0,0,0,0,0,0,0,0
251,2017-04-14,09:02:06,378,cs1709,XDCE,2003,1998,2004,19868,397480400,846166,843912,2092,1894,1993,1999,0,2000,0,0,0,2017-04-14,32526378,2002,184,0,0,0,0,0,0,0,0,2003,32,0,0,0,0,0,0,0,0
252,2017-04-14,09:02:06,845,cs1709,XDCE,2003,1998,2004,19868,397480400,846166,843912,2092,1894,1993,1999,0,2000,0,0,0,2017-04-14,32526845,2002,183,0,0,0,0,0,0,0,0,2003,35,0,0,0,0,0,0,0,0
253,2017-04-14,09:02:07,398,cs1709,XDCE,2003,1998,2004,20016,400444880,846234,843912,2092,1894,1993,1999,0,2000,0,0,0,2017-04-14,32527398,2002,183,0,0,0,0,0,0,0,0,2003,44,0,0,0,0,0,0,0,0
254,2017-04-14,09:02:07,904,cs1709,XDCE,2003,1998,2004,20020,400525000,846238,843912,2092,1894,1993,1999,0,2000,0,0,0,2017-04-14,32527904,2002,183,0,0,0,0,0,0,0,0,2003,51,0,0,0,0,0,0,0,0
255,2017-04-14,09:02:08,405,cs1709,XDCE,2003,1998,2004,20032,400765360,846248,843912,2092,1894,1993,1999,0,2000,0,0,0,2017-04-14,32528405,2002,184,0,0,0,0,0,0,0,0,2003,47,0,0,0,0,0,0,0,0
256,2017-04-14,09:02:08,892,cs1709,XDCE,2003,1998,2004,20122,402568060,846244,843912,2092,1894,1993,1999,0,2000,0,0,0,2017-04-14,32528892,2002,185,0,0,0,0,0,0,0,0,2003,57,0,0,0,0,0,0,0,0
257,2017-04-14,09:02:09,220,cs1709,XDCE,2003,1998,2004,20134,402808420,846234,843912,2092,1894,1993,1999,0,2000,0,0,0,2017-04-14,32529220,2002,184,0,0,0,0,0,0,0,0,2003,53,0,0,0,0,0,0,0,0
258,2017-04-14,09:02:09,888,cs1709,XDCE,2003,1998,2004,20140,402928600,846232,843912,2092,1894,1993,1999,0,2000,0,0,0,2017-04-14,32529888,2002,184,0,0,0,0,0,0,0,0,2003,51,0,0,0,0,0,0,0,0
259,2017-04-14,09:02:10,334,cs1709,XDCE,2003,1998,2004,20142,402968660,846232,843912,2092,1894,1993,1999,0,2000,0,0,0,2017-04-14,32530334,2002,183,0,0,0,0,0,0,0,0,2003,71,0,0,0,0,0,0,0,0
260,2017-04-14,09:02:10,892,cs1709,XDCE,2003,1998,2004,20154,403209020,846232,843912,2092,1894,1993,1999,0,2000,0,0,0,2017-04-14,32530892,2002,183,0,0,0,0,0,0,0,0,2003,68,0,0,0,0,0,0,0,0
261,2017-04-14,09:02:11,383,cs1709,XDCE,2003,1998,2004,20156,403249080,846232,843912,2092,1894,1993,1999,0,2000,0,0,0,2017-04-14,32531383,2002,183,0,0,0,0,0,0,0,0,2003,117,0,0,0,0,0,0,0,0
262,2017-04-14,09:02:11,903,cs1709,XDCE,2002,1998,2004,20480,409735780,846078,843912,2092,1894,1993,1999,0,2000,0,0,0,2017-04-14,32531903,2002,33,0,0,0,0,0,0,0,0,2003,147,0,0,0,0,0,0,0,0
263,2017-04-14,09:02:12,338,cs1709,XDCE,2002,1998,2004,20556,411257420,846142,843912,2092,1894,1993,1999,0,2000,0,0,0,2017-04-14,32532338,2001,477,0,0,0,0,0,0,0,0,2002,246,0,0,0,0,0,0,0,0
264,2017-04-14,09:02:12,834,cs1709,XDCE,2002,1998,2004,20562,411377520,846146,843912,2092,1894,1993,1999,0,2000,0,0,0,2017-04-14,32532834,2001,455,0,0,0,0,0,0,0,0,2002,264,0,0,0,0,0,0,0,0
265,2017-04-14,09:02:13,389,cs1709,XDCE,2002,1998,2004,20566,411457600,846150,843912,2092,1894,1993,1999,0,2000,0,0,0,2017-04-14,32533389,2001,454,0,0,0,0,0,0,0,0,2002,262,0,0,0,0,0,0,0,0
266,2017-04-14,09:02:13,833,cs1709,XDCE,2001,1998,2004,20568,411497620,846148,843912,2092,1894,1993,1999,0,2000,0,0,0,2017-04-14,32533833,2001,453,0,0,0,0,0,0,0,0,2002,262,0,0,0,0,0,0,0,0
267,2017-04-14,09:02:14,370,cs1709,XDCE,2002,1998,2004,20572,411577700,846152,843912,2092,1894,1993,1999,0,2000,0,0,0,2017-04-14,32534370,2001,453,0,0,0,0,0,0,0,0,2002,260,0,0,0,0,0,0,0,0
268,2017-04-14,09:02:14,834,cs1709,XDCE,2002,1998,2004,20574,411617740,846154,843912,2092,1894,1993,1999,0,2000,0,0,0,2017-04-14,32534834,2001,455,0,0,0,0,0,0,0,0,2002,259,0,0,0,0,0,0,0,0
269,2017-04-14,09:02:15,384,cs1709,XDCE,2002,1998,2004,20574,411617740,846154,843912,2092,1894,1993,1999,0,2000,0,0,0,2017-04-14,32535384,2001,456,0,0,0,0,0,0,0,0,2002,259,0,0,0,0,0,0,0,0
270,2017-04-14,09:02:16,814,cs1709,XDCE,2002,1998,2004,20614,412418540,846154,843912,2092,1894,1993,1999,0,2000,0,0,0,2017-04-14,32536814,2001,456,0,0,0,0,0,0,0,0,2002,230,0,0,0,0,0,0,0,0
271,2017-04-14,09:02:17,370,cs1709,XDCE,2002,1998,2004,20724,414620740,846264,843912,2092,1894,1993,1999,0,2000,0,0,0,2017-04-14,32537370,2001,456,0,0,0,0,0,0,0,0,2002,175,0,0,0,0,0,0,0,0
272,2017-04-14,09:02:17,873,cs1709,XDCE,2002,1998,2004,20986,419865980,846194,843912,2092,1894,1993,1999,0,2000,0,0,0,2017-04-14,32537873,2002,175,0,0,0,0,0,0,0,0,2003,355,0,0,0,0,0,0,0,0
273,2017-04-14,09:02:18,398,cs1709,XDCE,2002,1998,2004,21018,420506620,846226,843912,2092,1894,1993,1999,0,2000,0,0,0,2017-04-14,32538398,2002,153,0,0,0,0,0,0,0,0,2003,347,0,0,0,0,0,0,0,0
274,2017-04-14,09:02:18,874,cs1709,XDCE,2002,1998,2004,21022,420586720,846226,843912,2092,1894,1993,1999,0,2000,0,0,0,2017-04-14,32538874,2002,167,0,0,0,0,0,0,0,0,2003,346,0,0,0,0,0,0,0,0
275,2017-04-14,09:02:19,354,cs1709,XDCE,2003,1998,2004,21054,421227660,846226,843912,2092,1894,1993,1999,0,2000,0,0,0,2017-04-14,32539354,2002,166,0,0,0,0,0,0,0,0,2003,332,0,0,0,0,0,0,0,0
276,2017-04-14,09:02:19,900,cs1709,XDCE,2003,1998,2004,21118,422509540,846228,843912,2092,1894,1993,1999,0,2000,0,0,0,2017-04-14,32539900,2002,165,0,0,0,0,0,0,0,0,2003,302,0,0,0,0,0,0,0,0
277,2017-04-14,09:02:20,343,cs1709,XDCE,2003,1998,2004,21118,422509540,846228,843912,2092,1894,1993,1999,0,2000,0,0,0,2017-04-14,32540343,2002,159,0,0,0,0,0,0,0,0,2003,302,0,0,0,0,0,0,0,0
278,2017-04-14,09:02:20,890,cs1709,XDCE,2003,1998,2004,21118,422509540,846228,843912,2092,1894,1993,1999,0,2000,0,0,0,2017-04-14,32540890,2002,163,0,0,0,0,0,0,0,0,2003,302,0,0,0,0,0,0,0,0
279,2017-04-14,09:02:21,398,cs1709,XDCE,2002,1998,2004,21318,426513540,846220,843912,2092,1894,1993,1999,0,2000,0,0,0,2017-04-14,32541398,2001,463,0,0,0,0,0,0,0,0,2002,62,0,0,0,0,0,0,0,0
280,2017-04-14,09:02:21,879,cs1709,XDCE,2002,1998,2004,21320,426553580,846220,843912,2092,1894,1993,1999,0,2000,0,0,0,2017-04-14,32541879,2001,462,0,0,0,0,0,0,0,0,2002,61,0,0,0,0,0,0,0,0
281,2017-04-14,09:02:22,383,cs1709,XDCE,2001,1998,2004,21322,426593600,846218,843912,2092,1894,1993,1999,0,2000,0,0,0,2017-04-14,32542383,2001,461,0,0,0,0,0,0,0,0,2002,61,0,0,0,0,0,0,0,0
282,2017-04-14,09:02:22,876,cs1709,XDCE,2002,1998,2004,21324,426633640,846218,843912,2092,1894,1993,1999,0,2000,0,0,0,2017-04-14,32542876,2001,461,0,0,0,0,0,0,0,0,2002,60,0,0,0,0,0,0,0,0
283,2017-04-14,09:02:23,358,cs1709,XDCE,2001,1998,2004,21326,426673660,846216,843912,2092,1894,1993,1999,0,2000,0,0,0,2017-04-14,32543358,2001,461,0,0,0,0,0,0,0,0,2002,64,0,0,0,0,0,0,0,0
284,2017-04-14,09:02:23,883,cs1709,XDCE,2001,1998,2004,21330,426753720,846214,843912,2092,1894,1993,1999,0,2000,0,0,0,2017-04-14,32543883,2001,460,0,0,0,0,0,0,0,0,2002,90,0,0,0,0,0,0,0,0
285,2017-04-14,09:02:24,367,cs1709,XDCE,2002,1998,2004,21432,428795760,846270,843912,2092,1894,1993,1999,0,2000,0,0,0,2017-04-14,32544367,2001,460,0,0,0,0,0,0,0,0,2002,87,0,0,0,0,0,0,0,0
286,2017-04-14,09:02:24,821,cs1709,XDCE,2002,1998,2004,21434,428835800,846272,843912,2092,1894,1993,1999,0,2000,0,0,0,2017-04-14,32544821,2001,461,0,0,0,0,0,0,0,0,2002,87,0,0,0,0,0,0,0,0
287,2017-04-14,09:02:25,357,cs1709,XDCE,2002,1998,2004,21434,428835800,846272,843912,2092,1894,1993,1999,0,2000,0,0,0,2017-04-14,32545357,2001,461,0,0,0,0,0,0,0,0,2002,149,0,0,0,0,0,0,0,0
288,2017-04-14,09:02:25,878,cs1709,XDCE,2001,1998,2004,21440,428955880,846272,843912,2092,1894,1993,1999,0,2000,0,0,0,2017-04-14,32545878,2001,461,0,0,0,0,0,0,0,0,2002,166,0,0,0,0,0,0,0,0
289,2017-04-14,09:02:26,374,cs1709,XDCE,2001,1998,2004,21928,438720760,846722,843912,2092,1894,1993,1999,0,2000,0,0,0,2017-04-14,32546374,2001,218,0,0,0,0,0,0,0,0,2002,216,0,0,0,0,0,0,0,0
290,2017-04-14,09:02:26,892,cs1709,XDCE,2001,1998,2004,22414,448445240,847014,843912,2092,1894,1993,1999,0,2000,0,0,0,2017-04-14,32546892,2000,199,0,0,0,0,0,0,0,0,2001,293,0,0,0,0,0,0,0,0
291,2017-04-14,09:02:27,379,cs1709,XDCE,2000,1998,2004,22416,448485240,847014,843912,2092,1894,1993,1999,0,2000,0,0,0,2017-04-14,32547379,2000,181,0,0,0,0,0,0,0,0,2001,298,0,0,0,0,0,0,0,0
292,2017-04-14,09:02:27,889,cs1709,XDCE,2000,1998,2004,22468,449525300,847018,843912,2092,1894,1993,1999,0,2000,0,0,0,2017-04-14,32547889,2000,159,0,0,0,0,0,0,0,0,2001,295,0,0,0,0,0,0,0,0
293,2017-04-14,09:02:28,403,cs1709,XDCE,2000,1998,2004,22468,449525300,847018,843912,2092,1894,1993,1999,0,2000,0,0,0,2017-04-14,32548403,2000,159,0,0,0,0,0,0,0,0,2001,302,0,0,0,0,0,0,0,0
294,2017-04-14,09:02:28,896,cs1709,XDCE,2001,1998,2004,22478,449725340,847026,843912,2092,1894,1993,1999,0,2000,0,0,0,2017-04-14,32548896,2000,167,0,0,0,0,0,0,0,0,2001,310,0,0,0,0,0,0,0,0
295,2017-04-14,09:02:29,339,cs1709,XDCE,2001,1998,2004,22478,449725340,847026,843912,2092,1894,1993,1999,0,2000,0,0,0,2017-04-14,32549339,2000,168,0,0,0,0,0,0,0,0,2001,322,0,0,0,0,0,0,0,0
296,2017-04-14,09:02:30,353,cs1709,XDCE,2001,1998,2004,22480,449765360,847028,843912,2092,1894,1993,1999,0,2000,0,0,0,2017-04-14,32550353,2000,161,0,0,0,0,0,0,0,0,2001,322,0,0,0,0,0,0,0,0
297,2017-04-14,09:02:30,884,cs1709,XDCE,2001,1998,2004,22480,449765360,847028,843912,2092,1894,1993,1999,0,2000,0,0,0,2017-04-14,32550884,2000,162,0,0,0,0,0,0,0,0,2001,322,0,0,0,0,0,0,0,0
298,2017-04-14,09:02:31,375,cs1709,XDCE,2001,1998,2004,22480,449765360,847028,843912,2092,1894,1993,1999,0,2000,0,0,0,2017-04-14,32551375,2000,164,0,0,0,0,0,0,0,0,2001,322,0,0,0,0,0,0,0,0
299,2017-04-14,09:02:31,903,cs1709,XDCE,2000,1998,2004,22492,450005360,847032,843912,2092,1894,1993,1999,0,2000,0,0,0,2017-04-14,32551903,2000,158,0,0,0,0,0,0,0,0,2001,321,0,0,0,0,0,0,0,0
300,2017-04-14,09:02:32,145,cs1709,XDCE,2000,1998,2004,22492,450005360,847032,843912,2092,1894,1993,1999,0,2000,0,0,0,2017-04-14,32552145,2000,158,0,0,0,0,0,0,0,0,2001,322,0,0,0,0,0,0,0,0
301,2017-04-14,09:02:32,784,cs1709,XDCE,2000,1998,2004,22492,450005360,847032,843912,2092,1894,1993,1999,0,2000,0,0,0,2017-04-14,32552784,2000,158,0,0,0,0,0,0,0,0,2001,324,0,0,0,0,0,0,0,0
302,2017-04-14,09:02:33,335,cs1709,XDCE,2001,1998,2004,22498,450125420,847038,843912,2092,1894,1993,1999,0,2000,0,0,0,2017-04-14,32553335,2000,166,0,0,0,0,0,0,0,0,2001,321,0,0,0,0,0,0,0,0
303,2017-04-14,09:02:33,891,cs1709,XDCE,2000,1998,2004,22504,450245420,847042,843912,2092,1894,1993,1999,0,2000,0,0,0,2017-04-14,32553891,2000,163,0,0,0,0,0,0,0,0,2001,323,0,0,0,0,0,0,0,0
304,2017-04-14,09:02:34,785,cs1709,XDCE,2000,1998,2004,22506,450285420,847044,843912,2092,1894,1993,1999,0,2000,0,0,0,2017-04-14,32554785,2000,162,0,0,0,0,0,0,0,0,2001,323,0,0,0,0,0,0,0,0
305,2017-04-14,09:02:35,354,cs1709,XDCE,2000,1998,2004,22508,450325420,847046,843912,2092,1894,1993,1999,0,2000,0,0,0,2017-04-14,32555354,2000,159,0,0,0,0,0,0,0,0,2001,324,0,0,0,0,0,0,0,0
306,2017-04-14,09:02:35,885,cs1709,XDCE,2000,1998,2004,22514,450445420,847052,843912,2092,1894,1993,1999,0,2000,0,0,0,2017-04-14,32555885,2000,152,0,0,0,0,0,0,0,0,2001,324,0,0,0,0,0,0,0,0
307,2017-04-14,09:02:36,384,cs1709,XDCE,2000,1998,2004,22520,450565420,847058,843912,2092,1894,1993,1999,0,2000,0,0,0,2017-04-14,32556384,2000,159,0,0,0,0,0,0,0,0,2001,324,0,0,0,0,0,0,0,0
308,2017-04-14,09:02:36,903,cs1709,XDCE,2000,1998,2004,22520,450565420,847058,843912,2092,1894,1993,1999,0,2000,0,0,0,2017-04-14,32556903,2000,659,0,0,0,0,0,0,0,0,2001,325,0,0,0,0,0,0,0,0
309,2017-04-14,09:02:37,385,cs1709,XDCE,2000,1998,2004,22522,450605420,847060,843912,2092,1894,1993,1999,0,2000,0,0,0,2017-04-14,32557385,2000,658,0,0,0,0,0,0,0,0,2001,269,0,0,0,0,0,0,0,0
310,2017-04-14,09:02:38,862,cs1709,XDCE,2001,1998,2004,22526,450685440,847060,843912,2092,1894,1993,1999,0,2000,0,0,0,2017-04-14,32558862,2000,658,0,0,0,0,0,0,0,0,2001,268,0,0,0,0,0,0,0,0
311,2017-04-14,09:02:39,335,cs1709,XDCE,2001,1998,2004,22526,450685440,847060,843912,2092,1894,1993,1999,0,2000,0,0,0,2017-04-14,32559335,2000,658,0,0,0,0,0,0,0,0,2001,269,0,0,0,0,0,0,0,0
312,2017-04-14,09:02:39,902,cs1709,XDCE,2001,1998,2004,22526,450685440,847060,843912,2092,1894,1993,1999,0,2000,0,0,0,2017-04-14,32559902,2000,658,0,0,0,0,0,0,0,0,2001,271,0,0,0,0,0,0,0,0
313,2017-04-14,09:02:40,870,cs1709,XDCE,2001,1998,2004,22606,452286240,847060,843912,2092,1894,1993,1999,0,2000,0,0,0,2017-04-14,32560870,2000,665,0,0,0,0,0,0,0,0,2001,231,0,0,0,0,0,0,0,0
314,2017-04-14,09:02:41,356,cs1709,XDCE,2000,1998,2004,22608,452326240,847060,843912,2092,1894,1993,1999,0,2000,0,0,0,2017-04-14,32561356,2000,666,0,0,0,0,0,0,0,0,2001,231,0,0,0,0,0,0,0,0
315,2017-04-14,09:02:42,386,cs1709,XDCE,2001,1998,2004,22618,452526340,847070,843912,2092,1894,1993,1999,0,2000,0,0,0,2017-04-14,32562386,2000,667,0,0,0,0,0,0,0,0,2001,227,0,0,0,0,0,0,0,0
316,2017-04-14,09:02:43,389,cs1709,XDCE,2000,1998,2004,22620,452566340,847070,843912,2092,1894,1993,1999,0,2000,0,0,0,2017-04-14,32563389,2000,666,0,0,0,0,0,0,0,0,2001,227,0,0,0,0,0,0,0,0
317,2017-04-14,09:02:43,881,cs1709,XDCE,2000,1998,2004,22620,452566340,847070,843912,2092,1894,1993,1999,0,2000,0,0,0,2017-04-14,32563881,2000,666,0,0,0,0,0,0,0,0,2001,232,0,0,0,0,0,0,0,0
318,2017-04-14,09:02:44,160,cs1709,XDCE,2000,1998,2004,22660,453366340,847070,843912,2092,1894,1993,1999,0,2000,0,0,0,2017-04-14,32564160,2000,646,0,0,0,0,0,0,0,0,2001,233,0,0,0,0,0,0,0,0
319,2017-04-14,09:02:44,734,cs1709,XDCE,2000,1998,2004,22662,453406340,847068,843912,2092,1894,1993,1999,0,2000,0,0,0,2017-04-14,32564734,2000,645,0,0,0,0,0,0,0,0,2001,244,0,0,0,0,0,0,0,0
320,2017-04-14,09:02:45,397,cs1709,XDCE,2000,1998,2004,22668,453526340,847062,843912,2092,1894,1993,1999,0,2000,0,0,0,2017-04-14,32565397,2000,642,0,0,0,0,0,0,0,0,2001,227,0,0,0,0,0,0,0,0
321,2017-04-14,09:02:45,832,cs1709,XDCE,2000,1998,2004,22668,453526340,847062,843912,2092,1894,1993,1999,0,2000,0,0,0,2017-04-14,32565832,2000,643,0,0,0,0,0,0,0,0,2001,226,0,0,0,0,0,0,0,0
322,2017-04-14,09:02:46,390,cs1709,XDCE,2001,1998,2004,22670,453566360,847064,843912,2092,1894,1993,1999,0,2000,0,0,0,2017-04-14,32566390,2000,643,0,0,0,0,0,0,0,0,2001,225,0,0,0,0,0,0,0,0
323,2017-04-14,09:02:47,269,cs1709,XDCE,2001,1998,2004,22670,453566360,847064,843912,2092,1894,1993,1999,0,2000,0,0,0,2017-04-14,32567269,2000,703,0,0,0,0,0,0,0,0,2001,225,0,0,0,0,0,0,0,0
324,2017-04-14,09:02:47,849,cs1709,XDCE,2000,1998,2004,22684,453846360,847050,843912,2092,1894,1993,1999,0,2000,0,0,0,2017-04-14,32567849,2000,696,0,0,0,0,0,0,0,0,2001,226,0,0,0,0,0,0,0,0
325,2017-04-14,09:02:49,359,cs1709,XDCE,2000,1998,2004,22686,453886360,847048,843912,2092,1894,1993,1999,0,2000,0,0,0,2017-04-14,32569359,2000,694,0,0,0,0,0,0,0,0,2001,257,0,0,0,0,0,0,0,0
326,2017-04-14,09:02:49,901,cs1709,XDCE,2000,1998,2004,22786,455886360,846978,843912,2092,1894,1993,1999,0,2000,0,0,0,2017-04-14,32569901,2000,644,0,0,0,0,0,0,0,0,2001,227,0,0,0,0,0,0,0,0
327,2017-04-14,09:02:50,340,cs1709,XDCE,2001,1998,2004,22796,456086460,846978,843912,2092,1894,1993,1999,0,2000,0,0,0,2017-04-14,32570340,2000,644,0,0,0,0,0,0,0,0,2001,222,0,0,0,0,0,0,0,0
328,2017-04-14,09:02:50,890,cs1709,XDCE,2001,1998,2004,23246,465090960,847102,843912,2092,1894,1993,1999,0,2000,0,0,0,2017-04-14,32570890,2001,58,0,0,0,0,0,0,0,0,2002,188,0,0,0,0,0,0,0,0
329,2017-04-14,09:02:51,376,cs1709,XDCE,2001,1998,2004,23246,465090960,847102,843912,2092,1894,1993,1999,0,2000,0,0,0,2017-04-14,32571376,2001,59,0,0,0,0,0,0,0,0,2002,188,0,0,0,0,0,0,0,0
330,2017-04-14,09:02:51,887,cs1709,XDCE,2001,1998,2004,23248,465130980,847102,843912,2092,1894,1993,1999,0,2000,0,0,0,2017-04-14,32571887,2001,89,0,0,0,0,0,0,0,0,2002,188,0,0,0,0,0,0,0,0
331,2017-04-14,09:02:52,377,cs1709,XDCE,2001,1998,2004,23248,465130980,847102,843912,2092,1894,1993,1999,0,2000,0,0,0,2017-04-14,32572377,2001,97,0,0,0,0,0,0,0,0,2002,188,0,0,0,0,0,0,0,0
332,2017-04-14,09:02:52,837,cs1709,XDCE,2001,1998,2004,23248,465130980,847102,843912,2092,1894,1993,1999,0,2000,0,0,0,2017-04-14,32572837,2001,101,0,0,0,0,0,0,0,0,2002,188,0,0,0,0,0,0,0,0
333,2017-04-14,09:02:53,354,cs1709,XDCE,2002,1998,2004,23254,465251060,847106,843912,2092,1894,1993,1999,0,2000,0,0,0,2017-04-14,32573354,2001,100,0,0,0,0,0,0,0,0,2002,187,0,0,0,0,0,0,0,0
334,2017-04-14,09:02:53,869,cs1709,XDCE,2002,1998,2004,23254,465251060,847106,843912,2092,1894,1993,1999,0,2000,0,0,0,2017-04-14,32573869,2001,106,0,0,0,0,0,0,0,0,2002,188,0,0,0,0,0,0,0,0
335,2017-04-14,09:02:54,387,cs1709,XDCE,2001,1998,2004,23256,465291080,847106,843912,2092,1894,1993,1999,0,2000,0,0,0,2017-04-14,32574387,2001,105,0,0,0,0,0,0,0,0,2002,188,0,0,0,0,0,0,0,0
336,2017-04-14,09:02:54,818,cs1709,XDCE,2001,1998,2004,23256,465291080,847106,843912,2092,1894,1993,1999,0,2000,0,0,0,2017-04-14,32574818,2001,105,0,0,0,0,0,0,0,0,2002,189,0,0,0,0,0,0,0,0
337,2017-04-14,09:02:55,396,cs1709,XDCE,2001,1998,2004,23308,466331600,847106,843912,2092,1894,1993,1999,0,2000,0,0,0,2017-04-14,32575396,2001,130,0,0,0,0,0,0,0,0,2002,189,0,0,0,0,0,0,0,0
338,2017-04-14,09:02:55,900,cs1709,XDCE,2001,1998,2004,23360,467372120,847136,843912,2092,1894,1993,1999,0,2000,0,0,0,2017-04-14,32575900,2001,103,0,0,0,0,0,0,0,0,2002,191,0,0,0,0,0,0,0,0
339,2017-04-14,09:02:56,341,cs1709,XDCE,2001,1998,2004,23360,467372120,847136,843912,2092,1894,1993,1999,0,2000,0,0,0,2017-04-14,32576341,2001,104,0,0,0,0,0,0,0,0,2002,201,0,0,0,0,0,0,0,0
340,2017-04-14,09:02:56,816,cs1709,XDCE,2002,1998,2004,23362,467412160,847138,843912,2092,1894,1993,1999,0,2000,0,0,0,2017-04-14,32576816,2001,104,0,0,0,0,0,0,0,0,2002,200,0,0,0,0,0,0,0,0
341,2017-04-14,09:02:57,384,cs1709,XDCE,2002,1998,2004,23362,467412160,847138,843912,2092,1894,1993,1999,0,2000,0,0,0,2017-04-14,32577384,2001,102,0,0,0,0,0,0,0,0,2002,210,0,0,0,0,0,0,0,0
342,2017-04-14,09:02:57,892,cs1709,XDCE,2002,1998,2004,23362,467412160,847138,843912,2092,1894,1993,1999,0,2000,0,0,0,2017-04-14,32577892,2001,104,0,0,0,0,0,0,0,0,2002,210,0,0,0,0,0,0,0,0
343,2017-04-14,09:02:58,364,cs1709,XDCE,2001,1998,2004,23364,467452180,847136,843912,2092,1894,1993,1999,0,2000,0,0,0,2017-04-14,32578364,2001,103,0,0,0,0,0,0,0,0,2002,210,0,0,0,0,0,0,0,0
344,2017-04-14,09:02:58,769,cs1709,XDCE,2001,1998,2004,23364,467452180,847136,843912,2092,1894,1993,1999,0,2000,0,0,0,2017-04-14,32578769,2001,108,0,0,0,0,0,0,0,0,2002,210,0,0,0,0,0,0,0,0
345,2017-04-14,09:02:59,220,cs1709,XDCE,2001,1998,2004,23366,467492200,847136,843912,2092,1894,1993,1999,0,2000,0,0,0,2017-04-14,32579220,2001,107,0,0,0,0,0,0,0,0,2002,210,0,0,0,0,0,0,0,0
346,2017-04-14,09:03:00,337,cs1709,XDCE,2001,1998,2004,23374,467652280,847130,843912,2092,1894,1993,1999,0,2000,0,0,0,2017-04-14,32580337,2001,103,0,0,0,0,0,0,0,0,2002,210,0,0,0,0,0,0,0,0
347,2017-04-14,09:03:00,814,cs1709,XDCE,2001,1998,2004,23374,467652280,847130,843912,2092,1894,1993,1999,0,2000,0,0,0,2017-04-14,32580814,2001,106,0,0,0,0,0,0,0,0,2002,210,0,0,0,0,0,0,0,0
348,2017-04-14,09:03:01,371,cs1709,XDCE,2001,1998,2004,23376,467692300,847128,843912,2092,1894,1993,1999,0,2000,0,0,0,2017-04-14,32581371,2001,105,0,0,0,0,0,0,0,0,2002,210,0,0,0,0,0,0,0,0
349,2017-04-14,09:03:01,745,cs1709,XDCE,2001,1998,2004,23576,471694300,846976,843912,2092,1894,1993,1999,0,2000,0,0,0,2017-04-14,32581745,2001,5,0,0,0,0,0,0,0,0,2002,211,0,0,0,0,0,0,0,0
350,2017-04-14,09:03:02,403,cs1709,XDCE,2001,1998,2004,23592,472014460,846964,843912,2092,1894,1993,1999,0,2000,0,0,0,2017-04-14,32582403,2001,7,0,0,0,0,0,0,0,0,2002,211,0,0,0,0,0,0,0,0
351,2017-04-14,09:03:02,846,cs1709,XDCE,2002,1998,2004,23634,472855280,847002,843912,2092,1894,1993,1999,0,2000,0,0,0,2017-04-14,32582846,2001,269,0,0,0,0,0,0,0,0,2002,147,0,0,0,0,0,0,0,0
352,2017-04-14,09:03:03,403,cs1709,XDCE,2001,1998,2004,23642,473015360,846994,843912,2092,1894,1993,1999,0,2000,0,0,0,2017-04-14,32583403,2001,284,0,0,0,0,0,0,0,0,2002,137,0,0,0,0,0,0,0,0
353,2017-04-14,09:03:04,345,cs1709,XDCE,2001,1998,2004,23642,473015360,846994,843912,2092,1894,1993,1999,0,2000,0,0,0,2017-04-14,32584345,2001,284,0,0,0,0,0,0,0,0,2002,147,0,0,0,0,0,0,0,0
354,2017-04-14,09:03:04,875,cs1709,XDCE,2002,1998,2004,23644,473055400,846994,843912,2092,1894,1993,1999,0,2000,0,0,0,2017-04-14,32584875,2001,289,0,0,0,0,0,0,0,0,2002,146,0,0,0,0,0,0,0,0
355,2017-04-14,09:03:05,391,cs1709,XDCE,2002,1998,2004,23644,473055400,846994,843912,2092,1894,1993,1999,0,2000,0,0,0,2017-04-14,32585391,2001,289,0,0,0,0,0,0,0,0,2002,147,0,0,0,0,0,0,0,0
356,2017-04-14,09:03:06,350,cs1709,XDCE,2001,1998,2004,23662,473415580,846994,843912,2092,1894,1993,1999,0,2000,0,0,0,2017-04-14,32586350,2001,281,0,0,0,0,0,0,0,0,2002,189,0,0,0,0,0,0,0,0
357,2017-04-14,09:03:06,833,cs1709,XDCE,2002,1998,2004,23664,473455620,846996,843912,2092,1894,1993,1999,0,2000,0,0,0,2017-04-14,32586833,2001,283,0,0,0,0,0,0,0,0,2002,142,0,0,0,0,0,0,0,0
358,2017-04-14,09:03:07,390,cs1709,XDCE,2001,1998,2004,23676,473695740,847006,843912,2092,1894,1993,1999,0,2000,0,0,0,2017-04-14,32587390,2001,277,0,0,0,0,0,0,0,0,2002,144,0,0,0,0,0,0,0,0
359,2017-04-14,09:03:07,841,cs1709,XDCE,2001,1998,2004,23676,473695740,847006,843912,2092,1894,1993,1999,0,2000,0,0,0,2017-04-14,32587841,2001,277,0,0,0,0,0,0,0,0,2002,146,0,0,0,0,0,0,0,0
360,2017-04-14,09:03:08,340,cs1709,XDCE,2002,1998,2004,23678,473735780,847008,843912,2092,1894,1993,1999,0,2000,0,0,0,2017-04-14,32588340,2001,277,0,0,0,0,0,0,0,0,2002,146,0,0,0,0,0,0,0,0
361,2017-04-14,09:03:08,836,cs1709,XDCE,2002,1998,2004,23678,473735780,847008,843912,2092,1894,1993,1999,0,2000,0,0,0,2017-04-14,32588836,2001,277,0,0,0,0,0,0,0,0,2002,145,0,0,0,0,0,0,0,0
362,2017-04-14,09:03:09,401,cs1709,XDCE,2002,1998,2004,23678,473735780,847008,843912,2092,1894,1993,1999,0,2000,0,0,0,2017-04-14,32589401,2001,276,0,0,0,0,0,0,0,0,2002,143,0,0,0,0,0,0,0,0
363,2017-04-14,09:03:09,863,cs1709,XDCE,2001,1998,2004,23680,473775800,847008,843912,2092,1894,1993,1999,0,2000,0,0,0,2017-04-14,32589863,2001,275,0,0,0,0,0,0,0,0,2002,145,0,0,0,0,0,0,0,0
364,2017-04-14,09:03:10,383,cs1709,XDCE,2002,1998,2004,23686,473895920,847008,843912,2092,1894,1993,1999,0,2000,0,0,0,2017-04-14,32590383,2001,275,0,0,0,0,0,0,0,0,2002,141,0,0,0,0,0,0,0,0
365,2017-04-14,09:03:11,367,cs1709,XDCE,2002,1998,2004,23692,474016040,847008,843912,2092,1894,1993,1999,0,2000,0,0,0,2017-04-14,32591367,2001,275,0,0,0,0,0,0,0,0,2002,138,0,0,0,0,0,0,0,0
366,2017-04-14,09:03:11,895,cs1709,XDCE,2001,1998,2004,23694,474056060,847010,843912,2092,1894,1993,1999,0,2000,0,0,0,2017-04-14,32591895,2001,274,0,0,0,0,0,0,0,0,2002,140,0,0,0,0,0,0,0,0
367,2017-04-14,09:03:12,238,cs1709,XDCE,2001,1998,2004,23694,474056060,847010,843912,2092,1894,1993,1999,0,2000,0,0,0,2017-04-14,32592238,2001,274,0,0,0,0,0,0,0,0,2002,141,0,0,0,0,0,0,0,0
368,2017-04-14,09:03:12,833,cs1709,XDCE,2002,1998,2004,23764,475457460,846954,843912,2092,1894,1993,1999,0,2000,0,0,0,2017-04-14,32592833,2001,277,0,0,0,0,0,0,0,0,2002,96,0,0,0,0,0,0,0,0
369,2017-04-14,09:03:13,398,cs1709,XDCE,2001,1998,2004,23766,475497480,846954,843912,2092,1894,1993,1999,0,2000,0,0,0,2017-04-14,32593398,2001,283,0,0,0,0,0,0,0,0,2002,96,0,0,0,0,0,0,0,0
370,2017-04-14,09:03:13,892,cs1709,XDCE,2002,1998,2004,23958,479341320,846970,843912,2092,1894,1993,1999,0,2000,0,0,0,2017-04-14,32593892,2002,51,0,0,0,0,0,0,0,0,2003,289,0,0,0,0,0,0,0,0
371,2017-04-14,09:03:14,380,cs1709,XDCE,2003,1998,2004,23970,479581660,846974,843912,2092,1894,1993,1999,0,2000,0,0,0,2017-04-14,32594380,2002,195,0,0,0,0,0,0,0,0,2003,279,0,0,0,0,0,0,0,0
372,2017-04-14,09:03:14,835,cs1709,XDCE,2002,1998,2004,24070,481583660,847062,843912,2092,1894,1993,1999,0,2000,0,0,0,2017-04-14,32594835,2002,144,0,0,0,0,0,0,0,0,2003,266,0,0,0,0,0,0,0,0
373,2017-04-14,09:03:15,389,cs1709,XDCE,2002,1998,2004,24070,481583660,847062,843912,2092,1894,1993,1999,0,2000,0,0,0,2017-04-14,32595389,2002,151,0,0,0,0,0,0,0,0,2003,267,0,0,0,0,0,0,0,0
374,2017-04-14,09:03:15,886,cs1709,XDCE,2003,1998,2004,24072,481623720,847062,843912,2092,1894,1993,1999,0,2000,0,0,0,2017-04-14,32595886,2002,152,0,0,0,0,0,0,0,0,2003,260,0,0,0,0,0,0,0,0
375,2017-04-14,09:03:16,347,cs1709,XDCE,2002,1998,2004,24126,482704800,847072,843912,2092,1894,1993,1999,0,2000,0,0,0,2017-04-14,32596347,2002,126,0,0,0,0,0,0,0,0,2003,265,0,0,0,0,0,0,0,0
376,2017-04-14,09:03:16,882,cs1709,XDCE,2002,1998,2004,24128,482744840,847072,843912,2092,1894,1993,1999,0,2000,0,0,0,2017-04-14,32596882,2002,126,0,0,0,0,0,0,0,0,2003,268,0,0,0,0,0,0,0,0
377,2017-04-14,09:03:17,364,cs1709,XDCE,2003,1998,2004,24140,482985200,847072,843912,2092,1894,1993,1999,0,2000,0,0,0,2017-04-14,32597364,2002,126,0,0,0,0,0,0,0,0,2003,265,0,0,0,0,0,0,0,0
378,2017-04-14,09:03:17,900,cs1709,XDCE,2003,1998,2004,24144,483065300,847074,843912,2092,1894,1993,1999,0,2000,0,0,0,2017-04-14,32597900,2002,125,0,0,0,0,0,0,0,0,2003,254,0,0,0,0,0,0,0,0
379,2017-04-14,09:03:18,389,cs1709,XDCE,2003,1998,2004,24144,483065300,847074,843912,2092,1894,1993,1999,0,2000,0,0,0,2017-04-14,32598389,2002,125,0,0,0,0,0,0,0,0,2003,254,0,0,0,0,0,0,0,0
380,2017-04-14,09:03:18,887,cs1709,XDCE,2002,1998,2004,24146,483105340,847074,843912,2092,1894,1993,1999,0,2000,0,0,0,2017-04-14,32598887,2002,124,0,0,0,0,0,0,0,0,2003,254,0,0,0,0,0,0,0,0
381,2017-04-14,09:03:19,374,cs1709,XDCE,2003,1998,2004,24156,483305640,847074,843912,2092,1894,1993,1999,0,2000,0,0,0,2017-04-14,32599374,2002,124,0,0,0,0,0,0,0,0,2003,256,0,0,0,0,0,0,0,0
382,2017-04-14,09:03:19,844,cs1709,XDCE,2003,1998,2004,24162,483425780,847078,843912,2092,1894,1993,1999,0,2000,0,0,0,2017-04-14,32599844,2002,122,0,0,0,0,0,0,0,0,2003,257,0,0,0,0,0,0,0,0
383,2017-04-14,09:03:20,894,cs1709,XDCE,2003,1998,2004,24162,483425780,847078,843912,2092,1894,1993,1999,0,2000,0,0,0,2017-04-14,32600894,2002,122,0,0,0,0,0,0,0,0,2003,259,0,0,0,0,0,0,0,0
384,2017-04-14,09:03:21,399,cs1709,XDCE,2003,1998,2004,24164,483465840,847076,843912,2092,1894,1993,1999,0,2000,0,0,0,2017-04-14,32601399,2002,122,0,0,0,0,0,0,0,0,2003,258,0,0,0,0,0,0,0,0
385,2017-04-14,09:03:21,894,cs1709,XDCE,2003,1998,2004,24264,485468840,847076,843912,2092,1894,1993,1999,0,2000,0,0,0,2017-04-14,32601894,2002,123,0,0,0,0,0,0,0,0,2003,208,0,0,0,0,0,0,0,0
386,2017-04-14,09:03:22,378,cs1709,XDCE,2003,1998,2004,24264,485468840,847076,843912,2092,1894,1993,1999,0,2000,0,0,0,2017-04-14,32602378,2002,125,0,0,0,0,0,0,0,0,2003,208,0,0,0,0,0,0,0,0
387,2017-04-14,09:03:22,900,cs1709,XDCE,2003,1998,2004,24318,486550460,847028,843912,2092,1894,1993,1999,0,2000,0,0,0,2017-04-14,32602900,2002,138,0,0,0,0,0,0,0,0,2003,214,0,0,0,0,0,0,0,0
388,2017-04-14,09:03:23,350,cs1709,XDCE,2003,1998,2004,24368,487551960,847048,843912,2092,1894,1993,1999,0,2000,0,0,0,2017-04-14,32603350,2002,138,0,0,0,0,0,0,0,0,2003,192,0,0,0,0,0,0,0,0
389,2017-04-14,09:03:23,895,cs1709,XDCE,2002,1998,2004,24372,487632040,847050,843912,2092,1894,1993,1999,0,2000,0,0,0,2017-04-14,32603895,2002,136,0,0,0,0,0,0,0,0,2003,192,0,0,0,0,0,0,0,0
390,2017-04-14,09:03:24,356,cs1709,XDCE,2003,1998,2004,24396,488112760,847074,843912,2092,1894,1993,1999,0,2000,0,0,0,2017-04-14,32604356,2002,136,0,0,0,0,0,0,0,0,2003,181,0,0,0,0,0,0,0,0
391,2017-04-14,09:03:24,834,cs1709,XDCE,2003,1998,2004,24400,488192880,847078,843912,2092,1894,1993,1999,0,2000,0,0,0,2017-04-14,32604834,2002,136,0,0,0,0,0,0,0,0,2003,186,0,0,0,0,0,0,0,0
392,2017-04-14,09:03:25,300,cs1709,XDCE,2003,1998,2004,24404,488273000,847080,843912,2092,1894,1993,1999,0,2000,0,0,0,2017-04-14,32605300,2002,138,0,0,0,0,0,0,0,0,2003,184,0,0,0,0,0,0,0,0
393,2017-04-14,09:03:25,834,cs1709,XDCE,2003,1998,2004,24522,490636500,847132,843912,2092,1894,1993,1999,0,2000,0,0,0,2017-04-14,32605834,2002,137,0,0,0,0,0,0,0,0,2003,125,0,0,0,0,0,0,0,0
394,2017-04-14,09:03:26,403,cs1709,XDCE,2003,1998,2004,24524,490676560,847132,843912,2092,1894,1993,1999,0,2000,0,0,0,2017-04-14,32606403,2002,139,0,0,0,0,0,0,0,0,2003,134,0,0,0,0,0,0,0,0
395,2017-04-14,09:03:26,869,cs1709,XDCE,2003,1998,2004,24524,490676560,847132,843912,2092,1894,1993,1999,0,2000,0,0,0,2017-04-14,32606869,2002,140,0,0,0,0,0,0,0,0,2003,134,0,0,0,0,0,0,0,0
396,2017-04-14,09:03:27,336,cs1709,XDCE,2003,1998,2004,24528,490756680,847132,843912,2092,1894,1993,1999,0,2000,0,0,0,2017-04-14,32607336,2002,140,0,0,0,0,0,0,0,0,2003,132,0,0,0,0,0,0,0,0
397,2017-04-14,09:03:27,878,cs1709,XDCE,2003,1998,2004,24530,490796740,847132,843912,2092,1894,1993,1999,0,2000,0,0,0,2017-04-14,32607878,2002,150,0,0,0,0,0,0,0,0,2003,181,0,0,0,0,0,0,0,0
398,2017-04-14,09:03:28,376,cs1709,XDCE,2003,1998,2004,24838,496965980,846860,843912,2092,1894,1993,1999,0,2000,0,0,0,2017-04-14,32608376,2002,167,0,0,0,0,0,0,0,0,2004,238,0,0,0,0,0,0,0,0
399,2017-04-14,09:03:28,863,cs1709,XDCE,2003,1998,2004,24862,497446700,846840,843912,2092,1894,1993,1999,0,2000,0,0,0,2017-04-14,32608863,2002,170,0,0,0,0,0,0,0,0,2003,119,0,0,0,0,0,0,0,0
400,2017-04-14,09:03:29,397,cs1709,XDCE,2003,1998,2004,24866,497526820,846840,843912,2092,1894,1993,1999,0,2000,0,0,0,2017-04-14,32609397,2002,171,0,0,0,0,0,0,0,0,2003,121,0,0,0,0,0,0,0,0
401,2017-04-14,09:03:29,872,cs1709,XDCE,2003,1998,2004,24874,497687060,846840,843912,2092,1894,1993,1999,0,2000,0,0,0,2017-04-14,32609872,2002,171,0,0,0,0,0,0,0,0,2003,138,0,0,0,0,0,0,0,0
402,2017-04-14,09:03:30,360,cs1709,XDCE,2003,1998,2004,24874,497687060,846840,843912,2092,1894,1993,1999,0,2000,0,0,0,2017-04-14,32610360,2002,172,0,0,0,0,0,0,0,0,2003,268,0,0,0,0,0,0,0,0
403,2017-04-14,09:03:30,899,cs1709,XDCE,2003,1998,2004,24874,497687060,846840,843912,2092,1894,1993,1999,0,2000,0,0,0,2017-04-14,32610899,2002,172,0,0,0,0,0,0,0,0,2003,249,0,0,0,0,0,0,0,0
404,2017-04-14,09:03:31,356,cs1709,XDCE,2003,1998,2004,24880,497807240,846836,843912,2092,1894,1993,1999,0,2000,0,0,0,2017-04-14,32611356,2002,172,0,0,0,0,0,0,0,0,2003,249,0,0,0,0,0,0,0,0
405,2017-04-14,09:03:31,871,cs1709,XDCE,2003,1998,2004,24884,497887340,846838,843912,2092,1894,1993,1999,0,2000,0,0,0,2017-04-14,32611871,2002,171,0,0,0,0,0,0,0,0,2003,262,0,0,0,0,0,0,0,0
406,2017-04-14,09:03:32,322,cs1709,XDCE,2003,1998,2004,24884,497887340,846838,843912,2092,1894,1993,1999,0,2000,0,0,0,2017-04-14,32612322,2002,180,0,0,0,0,0,0,0,0,2003,271,0,0,0,0,0,0,0,0
407,2017-04-14,09:03:32,850,cs1709,XDCE,2003,1998,2004,24904,498287940,846838,843912,2092,1894,1993,1999,0,2000,0,0,0,2017-04-14,32612850,2002,181,0,0,0,0,0,0,0,0,2003,252,0,0,0,0,0,0,0,0
408,2017-04-14,09:03:33,358,cs1709,XDCE,2003,1998,2004,25010,500410120,846838,843912,2092,1894,1993,1999,0,2000,0,0,0,2017-04-14,32613358,2002,132,0,0,0,0,0,0,0,0,2003,251,0,0,0,0,0,0,0,0
409,2017-04-14,09:03:33,852,cs1709,XDCE,2002,1998,2004,25012,500450160,846838,843912,2092,1894,1993,1999,0,2000,0,0,0,2017-04-14,32613852,2002,130,0,0,0,0,0,0,0,0,2003,253,0,0,0,0,0,0,0,0
410,2017-04-14,09:03:34,378,cs1709,XDCE,2003,1998,2004,25014,500490220,846838,843912,2092,1894,1993,1999,0,2000,0,0,0,2017-04-14,32614378,2002,130,0,0,0,0,0,0,0,0,2003,252,0,0,0,0,0,0,0,0
411,2017-04-14,09:03:34,853,cs1709,XDCE,2003,1998,2004,25018,500570320,846838,843912,2092,1894,1993,1999,0,2000,0,0,0,2017-04-14,32614853,2002,134,0,0,0,0,0,0,0,0,2003,261,0,0,0,0,0,0,0,0
412,2017-04-14,09:03:35,393,cs1709,XDCE,2003,1998,2004,25020,500610380,846838,843912,2092,1894,1993,1999,0,2000,0,0,0,2017-04-14,32615393,2002,132,0,0,0,0,0,0,0,0,2003,262,0,0,0,0,0,0,0,0
413,2017-04-14,09:03:35,895,cs1709,XDCE,2002,1998,2004,25066,501531720,846840,843912,2092,1894,1993,1999,0,2000,0,0,0,2017-04-14,32615895,2002,130,0,0,0,0,0,0,0,0,2003,241,0,0,0,0,0,0,0,0
414,2017-04-14,09:03:36,336,cs1709,XDCE,2002,1998,2004,25330,506817000,846814,843912,2092,1894,1993,1999,0,2000,0,0,0,2017-04-14,32616336,2001,275,0,0,0,0,0,0,0,0,2002,58,0,0,0,0,0,0,0,0
415,2017-04-14,09:03:36,858,cs1709,XDCE,2002,1998,2004,25356,507337460,846814,843912,2092,1894,1993,1999,0,2000,0,0,0,2017-04-14,32616858,2001,271,0,0,0,0,0,0,0,0,2002,66,0,0,0,0,0,0,0,0
416,2017-04-14,09:03:37,333,cs1709,XDCE,2002,1998,2004,25356,507337460,846814,843912,2092,1894,1993,1999,0,2000,0,0,0,2017-04-14,32617333,2001,271,0,0,0,0,0,0,0,0,2002,108,0,0,0,0,0,0,0,0
417,2017-04-14,09:03:37,883,cs1709,XDCE,2002,1998,2004,25364,507497580,846814,843912,2092,1894,1993,1999,0,2000,0,0,0,2017-04-14,32617883,2001,269,0,0,0,0,0,0,0,0,2002,173,0,0,0,0,0,0,0,0
418,2017-04-14,09:03:38,352,cs1709,XDCE,2002,1998,2004,25366,507537620,846814,843912,2092,1894,1993,1999,0,2000,0,0,0,2017-04-14,32618352,2001,269,0,0,0,0,0,0,0,0,2002,196,0,0,0,0,0,0,0,0
419,2017-04-14,09:03:38,836,cs1709,XDCE,2002,1998,2004,25368,507577660,846814,843912,2092,1894,1993,1999,0,2000,0,0,0,2017-04-14,32618836,2001,270,0,0,0,0,0,0,0,0,2002,246,0,0,0,0,0,0,0,0
420,2017-04-14,09:03:39,897,cs1709,XDCE,2002,1998,2004,25368,507577660,846814,843912,2092,1894,1993,1999,0,2000,0,0,0,2017-04-14,32619897,2001,270,0,0,0,0,0,0,0,0,2002,248,0,0,0,0,0,0,0,0
421,2017-04-14,09:03:40,400,cs1709,XDCE,2001,1998,2004,25372,507657720,846814,843912,2092,1894,1993,1999,0,2000,0,0,0,2017-04-14,32620400,2001,269,0,0,0,0,0,0,0,0,2002,247,0,0,0,0,0,0,0,0
422,2017-04-14,09:03:40,853,cs1709,XDCE,2001,1998,2004,25394,508098140,846814,843912,2092,1894,1993,1999,0,2000,0,0,0,2017-04-14,32620853,2001,268,0,0,0,0,0,0,0,0,2002,258,0,0,0,0,0,0,0,0
423,2017-04-14,09:03:41,399,cs1709,XDCE,2001,1998,2004,25402,508258220,846820,843912,2092,1894,1993,1999,0,2000,0,0,0,2017-04-14,32621399,2001,264,0,0,0,0,0,0,0,0,2002,290,0,0,0,0,0,0,0,0
424,2017-04-14,09:03:41,873,cs1709,XDCE,2001,1998,2004,25402,508258220,846820,843912,2092,1894,1993,1999,0,2000,0,0,0,2017-04-14,32621873,2001,256,0,0,0,0,0,0,0,0,2002,303,0,0,0,0,0,0,0,0
425,2017-04-14,09:03:42,393,cs1709,XDCE,2002,1998,2004,25406,508338300,846820,843912,2092,1894,1993,1999,0,2000,0,0,0,2017-04-14,32622393,2001,256,0,0,0,0,0,0,0,0,2002,301,0,0,0,0,0,0,0,0
426,2017-04-14,09:03:42,854,cs1709,XDCE,2002,1998,2004,25406,508338300,846820,843912,2092,1894,1993,1999,0,2000,0,0,0,2017-04-14,32622854,2001,256,0,0,0,0,0,0,0,0,2002,303,0,0,0,0,0,0,0,0
427,2017-04-14,09:03:43,331,cs1709,XDCE,2002,1998,2004,25406,508338300,846820,843912,2092,1894,1993,1999,0,2000,0,0,0,2017-04-14,32623331,2001,257,0,0,0,0,0,0,0,0,2002,303,0,0,0,0,0,0,0,0
428,2017-04-14,09:03:43,827,cs1709,XDCE,2002,1998,2004,25416,508538460,846822,843912,2092,1894,1993,1999,0,2000,0,0,0,2017-04-14,32623827,2001,255,0,0,0,0,0,0,0,0,2002,305,0,0,0,0,0,0,0,0
429,2017-04-14,09:03:44,269,cs1709,XDCE,2001,1998,2004,25422,508658520,846824,843912,2092,1894,1993,1999,0,2000,0,0,0,2017-04-14,32624269,2001,252,0,0,0,0,0,0,0,0,2002,305,0,0,0,0,0,0,0,0
430,2017-04-14,09:03:44,880,cs1709,XDCE,2001,1998,2004,25474,509699040,846824,843912,2092,1894,1993,1999,0,2000,0,0,0,2017-04-14,32624880,2001,226,0,0,0,0,0,0,0,0,2002,305,0,0,0,0,0,0,0,0
431,2017-04-14,09:03:45,357,cs1709,XDCE,2001,1998,2004,25518,510579500,846824,843912,2092,1894,1993,1999,0,2000,0,0,0,2017-04-14,32625357,2001,205,0,0,0,0,0,0,0,0,2002,305,0,0,0,0,0,0,0,0
432,2017-04-14,09:03:45,889,cs1709,XDCE,2002,1998,2004,26134,522911800,846470,843912,2092,1894,1993,1999,0,2000,0,0,0,2017-04-14,32625889,2002,93,0,0,0,0,0,0,0,0,2003,344,0,0,0,0,0,0,0,0
433,2017-04-14,09:03:46,359,cs1709,XDCE,2002,1998,2004,26156,523352240,846468,843912,2092,1894,1993,1999,0,2000,0,0,0,2017-04-14,32626359,2002,82,0,0,0,0,0,0,0,0,2003,343,0,0,0,0,0,0,0,0
434,2017-04-14,09:03:46,891,cs1709,XDCE,2002,1998,2004,26160,523432320,846464,843912,2092,1894,1993,1999,0,2000,0,0,0,2017-04-14,32626891,2002,80,0,0,0,0,0,0,0,0,2003,343,0,0,0,0,0,0,0,0
435,2017-04-14,09:03:47,376,cs1709,XDCE,2002,1998,2004,26236,524953840,846388,843912,2092,1894,1993,1999,0,2000,0,0,0,2017-04-14,32627376,2002,42,0,0,0,0,0,0,0,0,2003,343,0,0,0,0,0,0,0,0
436,2017-04-14,09:03:47,787,cs1709,XDCE,2002,1998,2004,26238,524993880,846388,843912,2092,1894,1993,1999,0,2000,0,0,0,2017-04-14,32627787,2002,41,0,0,0,0,0,0,0,0,2003,343,0,0,0,0,0,0,0,0
437,2017-04-14,09:03:48,233,cs1709,XDCE,2002,1998,2004,26240,525033920,846386,843912,2092,1894,1993,1999,0,2000,0,0,0,2017-04-14,32628233,2002,40,0,0,0,0,0,0,0,0,2003,344,0,0,0,0,0,0,0,0
438,2017-04-14,09:03:48,833,cs1709,XDCE,2002,1998,2004,26296,526155040,846336,843912,2092,1894,1993,1999,0,2000,0,0,0,2017-04-14,32628833,2002,12,0,0,0,0,0,0,0,0,2003,345,0,0,0,0,0,0,0,0
439,2017-04-14,09:03:49,348,cs1709,XDCE,2002,1998,2004,26320,526635520,846336,843912,2092,1894,1993,1999,0,2000,0,0,0,2017-04-14,32629348,2001,316,0,0,0,0,0,0,0,0,2002,52,0,0,0,0,0,0,0,0
440,2017-04-14,09:03:49,899,cs1709,XDCE,2002,1998,2004,26332,526875760,846348,843912,2092,1894,1993,1999,0,2000,0,0,0,2017-04-14,32629899,2001,355,0,0,0,0,0,0,0,0,2002,48,0,0,0,0,0,0,0,0
441,2017-04-14,09:03:50,386,cs1709,XDCE,2002,1998,2004,26332,526875760,846348,843912,2092,1894,1993,1999,0,2000,0,0,0,2017-04-14,32630386,2001,355,0,0,0,0,0,0,0,0,2002,49,0,0,0,0,0,0,0,0
442,2017-04-14,09:03:50,848,cs1709,XDCE,2002,1998,2004,26334,526915800,846350,843912,2092,1894,1993,1999,0,2000,0,0,0,2017-04-14,32630848,2001,355,0,0,0,0,0,0,0,0,2002,48,0,0,0,0,0,0,0,0
443,2017-04-14,09:03:51,318,cs1709,XDCE,2002,1998,2004,26346,527156040,846362,843912,2092,1894,1993,1999,0,2000,0,0,0,2017-04-14,32631318,2001,355,0,0,0,0,0,0,0,0,2002,45,0,0,0,0,0,0,0,0
444,2017-04-14,09:03:52,391,cs1709,XDCE,2002,1998,2004,26346,527156040,846362,843912,2092,1894,1993,1999,0,2000,0,0,0,2017-04-14,32632391,2001,356,0,0,0,0,0,0,0,0,2002,46,0,0,0,0,0,0,0,0
445,2017-04-14,09:03:52,889,cs1709,XDCE,2002,1998,2004,26352,527276140,846368,843912,2092,1894,1993,1999,0,2000,0,0,0,2017-04-14,32632889,2001,262,0,0,0,0,0,0,0,0,2002,80,0,0,0,0,0,0,0,0
446,2017-04-14,09:03:53,333,cs1709,XDCE,2002,1998,2004,26356,527356200,846372,843912,2092,1894,1993,1999,0,2000,0,0,0,2017-04-14,32633333,2001,362,0,0,0,0,0,0,0,0,2002,56,0,0,0,0,0,0,0,0
447,2017-04-14,09:03:53,891,cs1709,XDCE,2002,1998,2004,26356,527356200,846372,843912,2092,1894,1993,1999,0,2000,0,0,0,2017-04-14,32633891,2001,324,0,0,0,0,0,0,0,0,2002,90,0,0,0,0,0,0,0,0
448,2017-04-14,09:03:54,373,cs1709,XDCE,2002,1998,2004,26364,527516360,846380,843912,2092,1894,1993,1999,0,2000,0,0,0,2017-04-14,32634373,2001,379,0,0,0,0,0,0,0,0,2002,98,0,0,0,0,0,0,0,0
449,2017-04-14,09:03:54,875,cs1709,XDCE,2002,1998,2004,26366,527556400,846380,843912,2092,1894,1993,1999,0,2000,0,0,0,2017-04-14,32634875,2001,278,0,0,0,0,0,0,0,0,2002,100,0,0,0,0,0,0,0,0
450,2017-04-14,09:03:55,369,cs1709,XDCE,2002,1998,2004,26406,528357200,846410,843912,2092,1894,1993,1999,0,2000,0,0,0,2017-04-14,32635369,2001,278,0,0,0,0,0,0,0,0,2002,71,0,0,0,0,0,0,0,0
451,2017-04-14,09:03:55,875,cs1709,XDCE,2002,1998,2004,26414,528517360,846418,843912,2092,1894,1993,1999,0,2000,0,0,0,2017-04-14,32635875,2001,278,0,0,0,0,0,0,0,0,2002,124,0,0,0,0,0,0,0,0
452,2017-04-14,09:03:56,403,cs1709,XDCE,2002,1998,2004,26414,528517360,846418,843912,2092,1894,1993,1999,0,2000,0,0,0,2017-04-14,32636403,2001,248,0,0,0,0,0,0,0,0,2002,294,0,0,0,0,0,0,0,0
453,2017-04-14,09:03:56,902,cs1709,XDCE,2002,1998,2004,27006,540369180,846260,843912,2092,1894,1993,1999,0,2000,0,0,0,2017-04-14,32636902,2002,206,0,0,0,0,0,0,0,0,2003,296,0,0,0,0,0,0,0,0
454,2017-04-14,09:03:57,342,cs1709,XDCE,2002,1998,2004,27006,540369180,846260,843912,2092,1894,1993,1999,0,2000,0,0,0,2017-04-14,32637342,2002,223,0,0,0,0,0,0,0,0,2003,282,0,0,0,0,0,0,0,0
455,2017-04-14,09:03:57,891,cs1709,XDCE,2002,1998,2004,27008,540409220,846258,843912,2092,1894,1993,1999,0,2000,0,0,0,2017-04-14,32637891,2002,222,0,0,0,0,0,0,0,0,2003,192,0,0,0,0,0,0,0,0
456,2017-04-14,09:03:58,382,cs1709,XDCE,2002,1998,2004,27008,540409220,846258,843912,2092,1894,1993,1999,0,2000,0,0,0,2017-04-14,32638382,2002,226,0,0,0,0,0,0,0,0,2003,184,0,0,0,0,0,0,0,0
457,2017-04-14,09:03:58,902,cs1709,XDCE,2002,1998,2004,27048,541210020,846258,843912,2092,1894,1993,1999,0,2000,0,0,0,2017-04-14,32638902,2002,217,0,0,0,0,0,0,0,0,2003,166,0,0,0,0,0,0,0,0
458,2017-04-14,09:03:59,374,cs1709,XDCE,2003,1998,2004,27096,542171460,846218,843912,2092,1894,1993,1999,0,2000,0,0,0,2017-04-14,32639374,2002,217,0,0,0,0,0,0,0,0,2003,142,0,0,0,0,0,0,0,0
459,2017-04-14,09:04:00,335,cs1709,XDCE,2002,1998,2004,27156,543372660,846158,843912,2092,1894,1993,1999,0,2000,0,0,0,2017-04-14,32640335,2002,190,0,0,0,0,0,0,0,0,2003,141,0,0,0,0,0,0,0,0
460,2017-04-14,09:04:00,821,cs1709,XDCE,2002,1998,2004,27166,543572860,846148,843912,2092,1894,1993,1999,0,2000,0,0,0,2017-04-14,32640821,2002,178,0,0,0,0,0,0,0,0,2003,142,0,0,0,0,0,0,0,0
461,2017-04-14,09:04:01,265,cs1709,XDCE,2002,1998,2004,27168,543612900,846146,843912,2092,1894,1993,1999,0,2000,0,0,0,2017-04-14,32641265,2002,177,0,0,0,0,0,0,0,0,2003,142,0,0,0,0,0,0,0,0
462,2017-04-14,09:04:01,863,cs1709,XDCE,2003,1998,2004,27172,543693000,846144,843912,2092,1894,1993,1999,0,2000,0,0,0,2017-04-14,32641863,2002,176,0,0,0,0,0,0,0,0,2003,141,0,0,0,0,0,0,0,0
463,2017-04-14,09:04:02,333,cs1709,XDCE,2002,1998,2004,27174,543733040,846144,843912,2092,1894,1993,1999,0,2000,0,0,0,2017-04-14,32642333,2002,159,0,0,0,0,0,0,0,0,2003,192,0,0,0,0,0,0,0,0
464,2017-04-14,09:04:02,862,cs1709,XDCE,2003,1998,2004,27184,543933340,846142,843912,2092,1894,1993,1999,0,2000,0,0,0,2017-04-14,32642862,2002,156,0,0,0,0,0,0,0,0,2003,197,0,0,0,0,0,0,0,0
465,2017-04-14,09:04:03,382,cs1709,XDCE,2003,1998,2004,27186,543973400,846142,843912,2092,1894,1993,1999,0,2000,0,0,0,2017-04-14,32643382,2002,158,0,0,0,0,0,0,0,0,2003,211,0,0,0,0,0,0,0,0
466,2017-04-14,09:04:03,892,cs1709,XDCE,2002,1998,2004,27202,544293720,846126,843912,2092,1894,1993,1999,0,2000,0,0,0,2017-04-14,32643892,2002,152,0,0,0,0,0,0,0,0,2003,211,0,0,0,0,0,0,0,0
467,2017-04-14,09:04:04,335,cs1709,XDCE,2002,1998,2004,27204,544333760,846124,843912,2092,1894,1993,1999,0,2000,0,0,0,2017-04-14,32644335,2002,153,0,0,0,0,0,0,0,0,2003,261,0,0,0,0,0,0,0,0
468,2017-04-14,09:04:04,900,cs1709,XDCE,2002,1998,2004,27204,544333760,846124,843912,2092,1894,1993,1999,0,2000,0,0,0,2017-04-14,32644900,2002,153,0,0,0,0,0,0,0,0,2003,263,0,0,0,0,0,0,0,0
469,2017-04-14,09:04:05,368,cs1709,XDCE,2002,1998,2004,27204,544333760,846124,843912,2092,1894,1993,1999,0,2000,0,0,0,2017-04-14,32645368,2002,156,0,0,0,0,0,0,0,0,2003,259,0,0,0,0,0,0,0,0
470,2017-04-14,09:04:05,888,cs1709,XDCE,2002,1998,2004,27204,544333760,846124,843912,2092,1894,1993,1999,0,2000,0,0,0,2017-04-14,32645888,2002,159,0,0,0,0,0,0,0,0,2003,259,0,0,0,0,0,0,0,0
471,2017-04-14,09:04:06,383,cs1709,XDCE,2002,1998,2004,27204,544333760,846124,843912,2092,1894,1993,1999,0,2000,0,0,0,2017-04-14,32646383,2002,160,0,0,0,0,0,0,0,0,2003,260,0,0,0,0,0,0,0,0
472,2017-04-14,09:04:06,895,cs1709,XDCE,2002,1998,2004,27206,544373800,846122,843912,2092,1894,1993,1999,0,2000,0,0,0,2017-04-14,32646895,2002,159,0,0,0,0,0,0,0,0,2003,262,0,0,0,0,0,0,0,0
473,2017-04-14,09:04:07,327,cs1709,XDCE,2002,1998,2004,27226,544774260,846108,843912,2092,1894,1993,1999,0,2000,0,0,0,2017-04-14,32647327,2002,153,0,0,0,0,0,0,0,0,2003,289,0,0,0,0,0,0,0,0
474,2017-04-14,09:04:07,883,cs1709,XDCE,2002,1998,2004,27226,544774260,846108,843912,2092,1894,1993,1999,0,2000,0,0,0,2017-04-14,32647883,2002,153,0,0,0,0,0,0,0,0,2003,294,0,0,0,0,0,0,0,0
475,2017-04-14,09:04:08,333,cs1709,XDCE,2002,1998,2004,27632,552903380,846062,843912,2092,1894,1993,1999,0,2000,0,0,0,2017-04-14,32648333,2001,281,0,0,0,0,0,0,0,0,2003,244,0,0,0,0,0,0,0,0
476,2017-04-14,09:04:08,903,cs1709,XDCE,2002,1998,2004,27632,552903380,846062,843912,2092,1894,1993,1999,0,2000,0,0,0,2017-04-14,32648903,2001,241,0,0,0,0,0,0,0,0,2003,250,0,0,0,0,0,0,0,0
477,2017-04-14,09:04:09,370,cs1709,XDCE,2002,1998,2004,27634,552943420,846064,843912,2092,1894,1993,1999,0,2000,0,0,0,2017-04-14,32649370,2001,271,0,0,0,0,0,0,0,0,2002,13,0,0,0,0,0,0,0,0
478,2017-04-14,09:04:09,822,cs1709,XDCE,2001,1998,2004,27636,552983440,846064,843912,2092,1894,1993,1999,0,2000,0,0,0,2017-04-14,32649822,2001,271,0,0,0,0,0,0,0,0,2002,14,0,0,0,0,0,0,0,0
479,2017-04-14,09:04:10,277,cs1709,XDCE,2001,1998,2004,27636,552983440,846064,843912,2092,1894,1993,1999,0,2000,0,0,0,2017-04-14,32650277,2001,271,0,0,0,0,0,0,0,0,2002,20,0,0,0,0,0,0,0,0
480,2017-04-14,09:04:10,875,cs1709,XDCE,2002,1998,2004,27682,553904360,846058,843912,2092,1894,1993,1999,0,2000,0,0,0,2017-04-14,32650875,2002,18,0,0,0,0,0,0,0,0,2003,261,0,0,0,0,0,0,0,0
481,2017-04-14,09:04:11,333,cs1709,XDCE,2002,1998,2004,27706,554384840,846058,843912,2092,1894,1993,1999,0,2000,0,0,0,2017-04-14,32651333,2002,9,0,0,0,0,0,0,0,0,2003,259,0,0,0,0,0,0,0,0
482,2017-04-14,09:04:11,893,cs1709,XDCE,2002,1998,2004,27706,554384840,846058,843912,2092,1894,1993,1999,0,2000,0,0,0,2017-04-14,32651893,2002,87,0,0,0,0,0,0,0,0,2003,251,0,0,0,0,0,0,0,0
483,2017-04-14,09:04:12,379,cs1709,XDCE,2002,1998,2004,27710,554464920,846054,843912,2092,1894,1993,1999,0,2000,0,0,0,2017-04-14,32652379,2002,115,0,0,0,0,0,0,0,0,2003,251,0,0,0,0,0,0,0,0
484,2017-04-14,09:04:12,891,cs1709,XDCE,2002,1998,2004,27710,554464920,846054,843912,2092,1894,1993,1999,0,2000,0,0,0,2017-04-14,32652891,2002,120,0,0,0,0,0,0,0,0,2003,252,0,0,0,0,0,0,0,0
485,2017-04-14,09:04:13,392,cs1709,XDCE,2002,1998,2004,27710,554464920,846054,843912,2092,1894,1993,1999,0,2000,0,0,0,2017-04-14,32653392,2002,121,0,0,0,0,0,0,0,0,2003,253,0,0,0,0,0,0,0,0
486,2017-04-14,09:04:13,883,cs1709,XDCE,2002,1998,2004,27712,554504960,846052,843912,2092,1894,1993,1999,0,2000,0,0,0,2017-04-14,32653883,2002,120,0,0,0,0,0,0,0,0,2003,256,0,0,0,0,0,0,0,0
487,2017-04-14,09:04:14,243,cs1709,XDCE,2003,1998,2004,27714,554545020,846052,843912,2092,1894,1993,1999,0,2000,0,0,0,2017-04-14,32654243,2002,126,0,0,0,0,0,0,0,0,2003,255,0,0,0,0,0,0,0,0
488,2017-04-14,09:04:14,885,cs1709,XDCE,2003,1998,2004,27716,554585080,846052,843912,2092,1894,1993,1999,0,2000,0,0,0,2017-04-14,32654885,2002,127,0,0,0,0,0,0,0,0,2003,254,0,0,0,0,0,0,0,0
489,2017-04-14,09:04:15,358,cs1709,XDCE,2003,1998,2004,27720,554665180,846052,843912,2092,1894,1993,1999,0,2000,0,0,0,2017-04-14,32655358,2002,126,0,0,0,0,0,0,0,0,2003,253,0,0,0,0,0,0,0,0
490,2017-04-14,09:04:15,803,cs1709,XDCE,2002,1998,2004,27724,554745260,846052,843912,2092,1894,1993,1999,0,2000,0,0,0,2017-04-14,32655803,2002,125,0,0,0,0,0,0,0,0,2003,253,0,0,0,0,0,0,0,0
491,2017-04-14,09:04:16,357,cs1709,XDCE,2002,1998,2004,27728,554825340,846050,843912,2092,1894,1993,1999,0,2000,0,0,0,2017-04-14,32656357,2002,124,0,0,0,0,0,0,0,0,2003,254,0,0,0,0,0,0,0,0
492,2017-04-14,09:04:16,860,cs1709,XDCE,2002,1998,2004,27728,554825340,846050,843912,2092,1894,1993,1999,0,2000,0,0,0,2017-04-14,32656860,2002,125,0,0,0,0,0,0,0,0,2003,254,0,0,0,0,0,0,0,0
493,2017-04-14,09:04:17,387,cs1709,XDCE,2002,1998,2004,27730,554865380,846050,843912,2092,1894,1993,1999,0,2000,0,0,0,2017-04-14,32657387,2002,121,0,0,0,0,0,0,0,0,2003,224,0,0,0,0,0,0,0,0
494,2017-04-14,09:04:17,859,cs1709,XDCE,2002,1998,2004,27730,554865380,846050,843912,2092,1894,1993,1999,0,2000,0,0,0,2017-04-14,32657859,2002,97,0,0,0,0,0,0,0,0,2003,224,0,0,0,0,0,0,0,0
495,2017-04-14,09:04:18,383,cs1709,XDCE,2002,1998,2004,27750,555265780,846050,843912,2092,1894,1993,1999,0,2000,0,0,0,2017-04-14,32658383,2002,87,0,0,0,0,0,0,0,0,2003,235,0,0,0,0,0,0,0,0
496,2017-04-14,09:04:18,827,cs1709,XDCE,2002,1998,2004,27798,556226760,846094,843912,2092,1894,1993,1999,0,2000,0,0,0,2017-04-14,32658827,2002,65,0,0,0,0,0,0,0,0,2003,234,0,0,0,0,0,0,0,0
497,2017-04-14,09:04:19,387,cs1709,XDCE,2002,1998,2004,27822,556707460,846094,843912,2092,1894,1993,1999,0,2000,0,0,0,2017-04-14,32659387,2002,233,0,0,0,0,0,0,0,0,2003,209,0,0,0,0,0,0,0,0
498,2017-04-14,09:04:19,858,cs1709,XDCE,2003,1998,2004,28230,564879700,845884,843912,2092,1894,1993,1999,0,2000,0,0,0,2017-04-14,32659858,2003,158,0,0,0,0,0,0,0,0,2004,237,0,0,0,0,0,0,0,0
499,2017-04-14,09:04:20,393,cs1709,XDCE,2003,1998,2004,28270,565680900,845844,843912,2092,1894,1993,1999,0,2000,0,0,0,2017-04-14,32660393,2003,142,0,0,0,0,0,0,0,0,2004,220,0,0,0,0,0,0,0,0
500,2017-04-14,09:04:20,898,cs1709,XDCE,2003,1998,2004,28272,565720960,845844,843912,2092,1894,1993,1999,0,2000,0,0,0,2017-04-14,32660898,2003,139,0,0,0,0,0,0,0,0,2004,219,0,0,0,0,0,0,0,0
501,2017-04-14,09:04:21,902,cs1709,XDCE,2003,1998,2004,28272,565720960,845844,843912,2092,1894,1993,1999,0,2000,0,0,0,2017-04-14,32661902,2003,164,0,0,0,0,0,0,0,0,2004,219,0,0,0,0,0,0,0,0
502,2017-04-14,09:04:22,369,cs1709,XDCE,2003,1998,2004,28272,565720960,845844,843912,2092,1894,1993,1999,0,2000,0,0,0,2017-04-14,32662369,2003,166,0,0,0,0,0,0,0,0,2004,219,0,0,0,0,0,0,0,0
503,2017-04-14,09:04:22,677,cs1709,XDCE,2003,1998,2004,28276,565801080,845844,843912,2092,1894,1993,1999,0,2000,0,0,0,2017-04-14,32662677,2003,139,0,0,0,0,0,0,0,0,2004,221,0,0,0,0,0,0,0,0
504,2017-04-14,09:04:23,393,cs1709,XDCE,2004,1998,2004,28280,565881240,845842,843912,2092,1894,1993,1999,0,2000,0,0,0,2017-04-14,32663393,2003,139,0,0,0,0,0,0,0,0,2004,219,0,0,0,0,0,0,0,0
505,2017-04-14,09:04:23,871,cs1709,XDCE,2004,1998,2004,28292,566121620,845834,843912,2092,1894,1993,1999,0,2000,0,0,0,2017-04-14,32663871,2003,134,0,0,0,0,0,0,0,0,2004,219,0,0,0,0,0,0,0,0
506,2017-04-14,09:04:24,889,cs1709,XDCE,2004,1998,2004,28292,566121620,845834,843912,2092,1894,1993,1999,0,2000,0,0,0,2017-04-14,32664889,2003,159,0,0,0,0,0,0,0,0,2004,219,0,0,0,0,0,0,0,0
507,2017-04-14,09:04:25,395,cs1709,XDCE,2003,1998,2004,28356,567403980,845856,843912,2092,1894,1993,1999,0,2000,0,0,0,2017-04-14,32665395,2003,188,0,0,0,0,0,0,0,0,2004,166,0,0,0,0,0,0,0,0
508,2017-04-14,09:04:25,897,cs1709,XDCE,2004,1998,2004,28468,569648460,845888,843912,2092,1894,1993,1999,0,2000,0,0,0,2017-04-14,32665897,2003,193,0,0,0,0,0,0,0,0,2004,106,0,0,0,0,0,0,0,0
509,2017-04-14,09:04:26,388,cs1709,XDCE,2004,1998,2004,28690,574097340,845792,843912,2092,1894,1993,1999,0,2000,0,0,0,2017-04-14,32666388,2004,38,0,0,0,0,0,0,0,0,2005,276,0,0,0,0,0,0,0,0
510,2017-04-14,09:04:26,904,cs1709,XDCE,2004,1998,2004,28824,576782700,845754,843912,2092,1894,1993,1999,0,2000,0,0,0,2017-04-14,32666904,2003,114,0,0,0,0,0,0,0,0,2004,40,0,0,0,0,0,0,0,0
511,2017-04-14,09:04:27,346,cs1709,XDCE,2004,1998,2004,28920,578706540,845766,843912,2092,1894,1993,1999,0,2000,0,0,0,2017-04-14,32667346,2003,140,0,0,0,0,0,0,0,0,2004,60,0,0,0,0,0,0,0,0
512,2017-04-14,09:04:27,832,cs1709,XDCE,2004,1998,2004,28924,578786700,845766,843912,2092,1894,1993,1999,0,2000,0,0,0,2017-04-14,32667832,2003,141,0,0,0,0,0,0,0,0,2004,58,0,0,0,0,0,0,0,0
513,2017-04-14,09:04:28,396,cs1709,XDCE,2004,1998,2004,28950,579307740,845792,843912,2092,1894,1993,1999,0,2000,0,0,0,2017-04-14,32668396,2003,141,0,0,0,0,0,0,0,0,2004,45,0,0,0,0,0,0,0,0
514,2017-04-14,09:04:28,894,cs1709,XDCE,2004,1998,2004,28972,579748420,845786,843912,2092,1894,1993,1999,0,2000,0,0,0,2017-04-14,32668894,2003,121,0,0,0,0,0,0,0,0,2004,237,0,0,0,0,0,0,0,0
515,2017-04-14,09:04:29,331,cs1709,XDCE,2004,1998,2004,28986,580028980,845800,843912,2092,1894,1993,1999,0,2000,0,0,0,2017-04-14,32669331,2003,122,0,0,0,0,0,0,0,0,2004,230,0,0,0,0,0,0,0,0
516,2017-04-14,09:04:30,395,cs1709,XDCE,2004,1998,2004,28994,580189300,845808,843912,2092,1894,1993,1999,0,2000,0,0,0,2017-04-14,32670395,2003,123,0,0,0,0,0,0,0,0,2004,228,0,0,0,0,0,0,0,0
517,2017-04-14,09:04:30,903,cs1709,XDCE,2004,1998,2004,29450,589327540,845870,843912,2092,1894,1993,1999,0,2000,0,0,0,2017-04-14,32670903,2004,122,0,0,0,0,0,0,0,0,2005,281,0,0,0,0,0,0,0,0
518,2017-04-14,09:04:31,387,cs1709,XDCE,2004,1998,2004,29456,589447780,845872,843912,2092,1894,1993,1999,0,2000,0,0,0,2017-04-14,32671387,2004,119,0,0,0,0,0,0,0,0,2005,281,0,0,0,0,0,0,0,0
519,2017-04-14,09:04:31,831,cs1709,XDCE,2004,1998,2004,29456,589447780,845872,843912,2092,1894,1993,1999,0,2000,0,0,0,2017-04-14,32671831,2004,141,0,0,0,0,0,0,0,0,2005,280,0,0,0,0,0,0,0,0
520,2017-04-14,09:04:32,324,cs1709,XDCE,2004,1998,2004,29456,589447780,845872,843912,2092,1894,1993,1999,0,2000,0,0,0,2017-04-14,32672324,2004,142,0,0,0,0,0,0,0,0,2005,282,0,0,0,0,0,0,0,0
521,2017-04-14,09:04:32,726,cs1709,XDCE,2005,1998,2005,29494,590209320,845910,843912,2092,1894,1993,1999,0,2000,0,0,0,2017-04-14,32672726,2004,125,0,0,0,0,0,0,0,0,2005,281,0,0,0,0,0,0,0,0
522,2017-04-14,09:04:33,380,cs1709,XDCE,2005,1998,2005,29694,594219220,845852,843912,2092,1894,1993,1999,0,2000,0,0,0,2017-04-14,32673380,2004,133,0,0,0,0,0,0,0,0,2005,187,0,0,0,0,0,0,0,0
523,2017-04-14,09:04:33,897,cs1709,XDCE,2005,1998,2005,29726,594860820,845834,843912,2092,1894,1993,1999,0,2000,0,0,0,2017-04-14,32673897,2004,133,0,0,0,0,0,0,0,0,2005,173,0,0,0,0,0,0,0,0
524,2017-04-14,09:04:34,353,cs1709,XDCE,2004,1998,2005,29838,597106400,845856,843912,2092,1894,1993,1999,0,2000,0,0,0,2017-04-14,32674353,2004,164,0,0,0,0,0,0,0,0,2005,119,0,0,0,0,0,0,0,0
525,2017-04-14,09:04:34,877,cs1709,XDCE,2004,1998,2005,29850,597346880,845856,843912,2092,1894,1993,1999,0,2000,0,0,0,2017-04-14,32674877,2004,159,0,0,0,0,0,0,0,0,2005,118,0,0,0,0,0,0,0,0
526,2017-04-14,09:04:35,338,cs1709,XDCE,2005,1998,2005,29854,597427060,845858,843912,2092,1894,1993,1999,0,2000,0,0,0,2017-04-14,32675338,2004,157,0,0,0,0,0,0,0,0,2005,117,0,0,0,0,0,0,0,0
527,2017-04-14,09:04:35,828,cs1709,XDCE,2005,1998,2005,29854,597427060,845858,843912,2092,1894,1993,1999,0,2000,0,0,0,2017-04-14,32675828,2004,157,0,0,0,0,0,0,0,0,2005,119,0,0,0,0,0,0,0,0
528,2017-04-14,09:04:36,318,cs1709,XDCE,2004,1998,2005,29856,597467140,845858,843912,2092,1894,1993,1999,0,2000,0,0,0,2017-04-14,32676318,2004,156,0,0,0,0,0,0,0,0,2005,120,0,0,0,0,0,0,0,0
529,2017-04-14,09:04:36,835,cs1709,XDCE,2005,1998,2005,29864,597627520,845856,843912,2092,1894,1993,1999,0,2000,0,0,0,2017-04-14,32676835,2004,159,0,0,0,0,0,0,0,0,2005,118,0,0,0,0,0,0,0,0
530,2017-04-14,09:04:37,865,cs1709,XDCE,2005,1998,2005,29872,597787920,845854,843912,2092,1894,1993,1999,0,2000,0,0,0,2017-04-14,32677865,2004,166,0,0,0,0,0,0,0,0,2005,119,0,0,0,0,0,0,0,0
