,dataDate,dataTime,dataMillisec,instrumentID,exchangeCD,lastPrice,lowPrice,highPrice,volume,value,openInterest,preOpenInterest,upperLimitPrice,lowerLimitPrice,preSettlementPrice,prevClosePrice,settlementPrice,openPrice,closePrice,preDelta,currDelta,clearingDay,milliSecOffset,bidPrice1,bidVolume1,bidPrice2,bidVolume2,bidPrice3,bidVolume3,bidPrice4,bidVolume4,bidPrice5,bidVolume5,askPrice1,askVolume1,askPrice2,askVolume2,askPrice3,askVolume3,askPrice4,askVolume4,askPrice5,askVolume5
0,2017-04-14,00:00:00,0,IC1704,CCFX,6610.0,0.0,0.0,0,0,18790,18790,0,0.0,6604.6,6610,0.0,0,0.0,0,0,2017-04-14,0,0.0,0,0,0,0,0,0,0,0,0,0.0,0,0,0,0,0,0,0,0,0
1,2017-04-14,07:02:46,400,IC1704,CCFX,6610.0,0.0,0.0,0,0,18790,18790,7265,5944.2,6604.6,6610,0.0,0,0.0,0,0,2017-04-14,25366400,0.0,0,0,0,0,0,0,0,0,0,0.0,0,0,0,0,0,0,0,0,0
2,2017-04-14,09:29:00,400,IC1704,CCFX,6605.0,6605.0,6605.0,34,44914000,18756,18790,7265,5944.2,6604.6,6610,0.0,6605,0.0,0,0,2017-04-14,34140400,6604.8,1,0,0,0,0,0,0,0,0,6608.0,3,0,0,0,0,0,0,0,0
3,2017-04-14,09:30:00,400,IC1704,CCFX,6605.0,6605.0,6605.0,34,44914000,18756,18790,7265,5944.2,6604.6,6610,0.0,6605,0.0,0,0,2017-04-14,34200400,6605.0,1,0,0,0,0,0,0,0,0,6608.0,3,0,0,0,0,0,0,0,0
4,2017-04-14,09:30:00,900,IC1704,CCFX,6608.0,6605.0,6608.0,38,50199120,18752,18790,7265,5944.2,6604.6,6610,0.0,6605,0.0,0,0,2017-04-14,34200900,6605.4,1,0,0,0,0,0,0,0,0,6607.4,1,0,0,0,0,0,0,0,0
5,2017-04-14,09:30:01,400,IC1704,CCFX,6606.4,6605.0,6608.0,40,52842000,18750,18790,7265,5944.2,6604.6,6610,0.0,6605,0.0,0,0,2017-04-14,34201400,6605.4,1,0,0,0,0,0,0,0,0,6608.0,2,0,0,0,0,0,0,0,0
6,2017-04-14,09:30:01,900,IC1704,CCFX,6606.4,6605.0,6608.0,40,52842000,18750,18790,7265,5944.2,6604.6,6610,0.0,6605,0.0,0,0,2017-04-14,34201900,6605.6,1,0,0,0,0,0,0,0,0,6608.0,2,0,0,0,0,0,0,0,0
7,2017-04-14,09:30:02,400,IC1704,CCFX,6605.6,6605.0,6608.0,41,54163120,18749,18790,7265,5944.2,6604.6,6610,0.0,6605,0.0,0,0,2017-04-14,34202400,6605.2,3,0,0,0,0,0,0,0,0,6605.4,1,0,0,0,0,0,0,0,0
8,2017-04-14,09:30:02,900,IC1704,CCFX,6605.4,6605.0,6608.0,44,58126360,18746,18790,7265,5944.2,6604.6,6610,0.0,6605,0.0,0,0,2017-04-14,34202900,6605.2,3,0,0,0,0,0,0,0,0,6608.0,2,0,0,0,0,0,0,0,0
9,2017-04-14,09:30:03,400,IC1704,CCFX,6605.4,6605.0,6608.0,44,58126360,18746,18790,7265,5944.2,6604.6,6610,0.0,6605,0.0,0,0,2017-04-14,34203400,6605.6,1,0,0,0,0,0,0,0,0,6608.0,2,0,0,0,0,0,0,0,0
10,2017-04-14,09:30:03,900,IC1704,CCFX,6605.4,6605.0,6608.0,44,58126360,18746,18790,7265,5944.2,6604.6,6610,0.0,6605,0.0,0,0,2017-04-14,34203900,6605.8,1,0,0,0,0,0,0,0,0,6608.0,2,0,0,0,0,0,0,0,0
11,2017-04-14,09:30:04,400,IC1704,CCFX,6605.4,6605.0,6608.0,44,58126360,18746,18790,7265,5944.2,6604.6,6610,0.0,6605,0.0,0,0,2017-04-14,34204400,6605.8,2,0,0,0,0,0,0,0,0,6607.6,1,0,0,0,0,0,0,0,0
12,2017-04-14,09:30:04,900,IC1704,CCFX,6605.4,6605.0,6608.0,44,58126360,18746,18790,7265,5944.2,6604.6,6610,0.0,6605,0.0,0,0,2017-04-14,34204900,6605.8,1,0,0,0,0,0,0,0,0,6607.6,1,0,0,0,0,0,0,0,0
13,2017-04-14,09:30:05,400,IC1704,CCFX,6605.4,6605.0,6608.0,45,59447440,18746,18790,7265,5944.2,6604.6,6610,0.0,6605,0.0,0,0,2017-04-14,34205400,6605.4,1,0,0,0,0,0,0,0,0,6605.8,1,0,0,0,0,0,0,0,0
14,2017-04-14,09:30:05,900,IC1704,CCFX,6605.6,6605.0,6608.0,48,63410720,18746,18790,7265,5944.2,6604.6,6610,0.0,6605,0.0,0,0,2017-04-14,34205900,6605.2,3,0,0,0,0,0,0,0,0,6607.6,1,0,0,0,0,0,0,0,0
15,2017-04-14,09:30:06,400,IC1704,CCFX,6605.6,6605.0,6608.0,48,63410720,18746,18790,7265,5944.2,6604.6,6610,0.0,6605,0.0,0,0,2017-04-14,34206400,6605.4,1,0,0,0,0,0,0,0,0,6607.4,1,0,0,0,0,0,0,0,0
16,2017-04-14,09:30:06,900,IC1704,CCFX,6605.2,6605.0,6608.0,50,66052840,18744,18790,7265,5944.2,6604.6,6610,0.0,6605,0.0,0,0,2017-04-14,34206900,6605.2,2,0,0,0,0,0,0,0,0,6607.4,1,0,0,0,0,0,0,0,0
17,2017-04-14,09:30:07,400,IC1704,CCFX,6605.2,6605.0,6608.0,50,66052840,18744,18790,7265,5944.2,6604.6,6610,0.0,6605,0.0,0,0,2017-04-14,34207400,6605.4,1,0,0,0,0,0,0,0,0,6607.4,1,0,0,0,0,0,0,0,0
18,2017-04-14,09:30:07,900,IC1704,CCFX,6605.2,6605.0,6608.0,50,66052840,18744,18790,7265,5944.2,6604.6,6610,0.0,6605,0.0,0,0,2017-04-14,34207900,6605.4,1,0,0,0,0,0,0,0,0,6607.6,1,0,0,0,0,0,0,0,0
19,2017-04-14,09:30:08,400,IC1704,CCFX,6607.6,6605.0,6608.0,51,67374360,18743,18790,7265,5944.2,6604.6,6610,0.0,6605,0.0,0,0,2017-04-14,34208400,6607.6,2,0,0,0,0,0,0,0,0,6608.0,2,0,0,0,0,0,0,0,0
20,2017-04-14,09:30:08,900,IC1704,CCFX,6608.0,6605.0,6608.0,54,71339080,18740,18790,7265,5944.2,6604.6,6610,0.0,6605,0.0,0,0,2017-04-14,34208900,6605.6,1,0,0,0,0,0,0,0,0,6608.0,1,0,0,0,0,0,0,0,0
21,2017-04-14,09:30:09,400,IC1704,CCFX,6608.0,6605.0,6608.0,55,72660680,18739,18790,7265,5944.2,6604.6,6610,0.0,6605,0.0,0,0,2017-04-14,34209400,6605.8,2,0,0,0,0,0,0,0,0,6610.0,3,0,0,0,0,0,0,0,0
22,2017-04-14,09:30:09,900,IC1704,CCFX,6606.0,6605.0,6608.4,67,88515520,18727,18790,7265,5944.2,6604.6,6610,0.0,6605,0.0,0,0,2017-04-14,34209900,6605.4,1,0,0,0,0,0,0,0,0,6605.8,1,0,0,0,0,0,0,0,0
23,2017-04-14,09:30:10,400,IC1704,CCFX,6606.0,6605.0,6608.4,68,89836720,18726,18790,7265,5944.2,6604.6,6610,0.0,6605,0.0,0,0,2017-04-14,34210400,6605.6,1,0,0,0,0,0,0,0,0,6608.0,1,0,0,0,0,0,0,0,0
24,2017-04-14,09:30:11,400,IC1704,CCFX,6605.6,6605.0,6608.4,69,91157840,18726,18790,7265,5944.2,6604.6,6610,0.0,6605,0.0,0,0,2017-04-14,34211400,6605.6,1,0,0,0,0,0,0,0,0,6608.0,1,0,0,0,0,0,0,0,0
25,2017-04-14,09:30:11,900,IC1704,CCFX,6608.0,6605.0,6608.4,70,92479440,18726,18790,7265,5944.2,6604.6,6610,0.0,6605,0.0,0,0,2017-04-14,34211900,6606.2,1,0,0,0,0,0,0,0,0,6607.8,1,0,0,0,0,0,0,0,0
26,2017-04-14,09:30:12,400,IC1704,CCFX,6608.0,6605.0,6608.4,70,92479440,18726,18790,7265,5944.2,6604.6,6610,0.0,6605,0.0,0,0,2017-04-14,34212400,6606.2,4,0,0,0,0,0,0,0,0,6607.8,1,0,0,0,0,0,0,0,0
27,2017-04-14,09:30:12,900,IC1704,CCFX,6608.0,6605.0,6608.4,70,92479440,18726,18790,7265,5944.2,6604.6,6610,0.0,6605,0.0,0,0,2017-04-14,34212900,6606.2,4,0,0,0,0,0,0,0,0,6607.8,2,0,0,0,0,0,0,0,0
28,2017-04-14,09:30:14,400,IC1704,CCFX,6606.2,6605.0,6608.4,71,93800680,18726,18790,7265,5944.2,6604.6,6610,0.0,6605,0.0,0,0,2017-04-14,34214400,6606.2,4,0,0,0,0,0,0,0,0,6607.8,2,0,0,0,0,0,0,0,0
29,2017-04-14,09:30:14,900,IC1704,CCFX,6606.2,6605.0,6608.4,73,96443160,18725,18790,7265,5944.2,6604.6,6610,0.0,6605,0.0,0,0,2017-04-14,34214900,6606.2,2,0,0,0,0,0,0,0,0,6607.6,1,0,0,0,0,0,0,0,0
30,2017-04-14,09:30:15,400,IC1704,CCFX,6607.2,6605.0,6608.4,74,97764600,18724,18790,7265,5944.2,6604.6,6610,0.0,6605,0.0,0,0,2017-04-14,34215400,6606.2,2,0,0,0,0,0,0,0,0,6607.4,1,0,0,0,0,0,0,0,0
31,2017-04-14,09:30:15,900,IC1704,CCFX,6607.6,6605.0,6608.4,79,104371560,18720,18790,7265,5944.2,6604.6,6610,0.0,6605,0.0,0,0,2017-04-14,34215900,6605.6,1,0,0,0,0,0,0,0,0,6607.2,1,0,0,0,0,0,0,0,0
32,2017-04-14,09:30:16,900,IC1704,CCFX,6607.6,6605.0,6608.4,79,104371560,18720,18790,7265,5944.2,6604.6,6610,0.0,6605,0.0,0,0,2017-04-14,34216900,6605.6,1,0,0,0,0,0,0,0,0,6607.2,1,0,0,0,0,0,0,0,0
33,2017-04-14,09:30:17,400,IC1704,CCFX,6605.6,6605.0,6608.4,80,105692680,18721,18790,7265,5944.2,6604.6,6610,0.0,6605,0.0,0,0,2017-04-14,34217400,6605.2,2,0,0,0,0,0,0,0,0,6605.6,1,0,0,0,0,0,0,0,0
34,2017-04-14,09:30:17,900,IC1704,CCFX,6605.6,6605.0,6608.4,84,110977000,18718,18790,7265,5944.2,6604.6,6610,0.0,6605,0.0,0,0,2017-04-14,34217900,6605.0,3,0,0,0,0,0,0,0,0,6607.2,1,0,0,0,0,0,0,0,0
35,2017-04-14,09:30:18,400,IC1704,CCFX,6605.6,6605.0,6608.4,84,110977000,18718,18790,7265,5944.2,6604.6,6610,0.0,6605,0.0,0,0,2017-04-14,34218400,6605.0,3,0,0,0,0,0,0,0,0,6606.8,5,0,0,0,0,0,0,0,0
36,2017-04-14,09:30:18,900,IC1704,CCFX,6605.0,6605.0,6608.4,85,112298000,18719,18790,7265,5944.2,6604.6,6610,0.0,6605,0.0,0,0,2017-04-14,34218900,6605.0,2,0,0,0,0,0,0,0,0,6606.6,3,0,0,0,0,0,0,0,0
37,2017-04-14,09:30:19,400,IC1704,CCFX,6605.0,6605.0,6608.4,85,112298000,18719,18790,7265,5944.2,6604.6,6610,0.0,6605,0.0,0,0,2017-04-14,34219400,6605.0,2,0,0,0,0,0,0,0,0,6606.4,1,0,0,0,0,0,0,0,0
38,2017-04-14,09:30:19,900,IC1704,CCFX,6605.0,6605.0,6608.4,86,113619000,18718,18790,7265,5944.2,6604.6,6610,0.0,6605,0.0,0,0,2017-04-14,34219900,6605.0,1,0,0,0,0,0,0,0,0,6605.4,2,0,0,0,0,0,0,0,0
39,2017-04-14,09:30:20,400,IC1704,CCFX,6605.0,6605.0,6608.4,87,114940000,18717,18790,7265,5944.2,6604.6,6610,0.0,6605,0.0,0,0,2017-04-14,34220400,6604.0,1,0,0,0,0,0,0,0,0,6605.4,2,0,0,0,0,0,0,0,0
40,2017-04-14,09:30:20,900,IC1704,CCFX,6604.0,6604.0,6608.4,88,116260800,18716,18790,7265,5944.2,6604.6,6610,0.0,6605,0.0,0,0,2017-04-14,34220900,6603.2,1,0,0,0,0,0,0,0,0,6605.4,1,0,0,0,0,0,0,0,0
41,2017-04-14,09:30:21,400,IC1704,CCFX,6603.0,6603.0,6608.4,90,118902040,18714,18790,7265,5944.2,6604.6,6610,0.0,6605,0.0,0,0,2017-04-14,34221400,6602.6,3,0,0,0,0,0,0,0,0,6606.4,1,0,0,0,0,0,0,0,0
42,2017-04-14,09:30:21,900,IC1704,CCFX,6603.0,6603.0,6608.4,90,118902040,18714,18790,7265,5944.2,6604.6,6610,0.0,6605,0.0,0,0,2017-04-14,34221900,6602.6,3,0,0,0,0,0,0,0,0,6606.0,1,0,0,0,0,0,0,0,0
43,2017-04-14,09:30:22,400,IC1704,CCFX,6603.0,6603.0,6608.4,90,118902040,18714,18790,7265,5944.2,6604.6,6610,0.0,6605,0.0,0,0,2017-04-14,34222400,6602.6,3,0,0,0,0,0,0,0,0,6603.2,1,0,0,0,0,0,0,0,0
44,2017-04-14,09:30:22,900,IC1704,CCFX,6603.2,6603.0,6608.4,93,122863960,18711,18790,7265,5944.2,6604.6,6610,0.0,6605,0.0,0,0,2017-04-14,34222900,6602.8,1,0,0,0,0,0,0,0,0,6605.8,1,0,0,0,0,0,0,0,0
45,2017-04-14,09:30:23,400,IC1704,CCFX,6605.6,6603.0,6608.4,94,124185080,18710,18790,7265,5944.2,6604.6,6610,0.0,6605,0.0,0,0,2017-04-14,34223400,6602.6,3,0,0,0,0,0,0,0,0,6605.8,1,0,0,0,0,0,0,0,0
46,2017-04-14,09:30:23,900,IC1704,CCFX,6605.6,6603.0,6608.4,94,124185080,18710,18790,7265,5944.2,6604.6,6610,0.0,6605,0.0,0,0,2017-04-14,34223900,6603.2,2,0,0,0,0,0,0,0,0,6606.0,1,0,0,0,0,0,0,0,0
47,2017-04-14,09:30:24,400,IC1704,CCFX,6605.6,6603.0,6608.4,94,124185080,18710,18790,7265,5944.2,6604.6,6610,0.0,6605,0.0,0,0,2017-04-14,34224400,6603.6,1,0,0,0,0,0,0,0,0,6606.4,1,0,0,0,0,0,0,0,0
48,2017-04-14,09:30:24,900,IC1704,CCFX,6606.4,6603.0,6608.4,95,125506360,18709,18790,7265,5944.2,6604.6,6610,0.0,6605,0.0,0,0,2017-04-14,34224900,6603.8,1,0,0,0,0,0,0,0,0,6606.8,5,0,0,0,0,0,0,0,0
49,2017-04-14,09:30:25,400,IC1704,CCFX,6606.8,6603.0,6608.4,97,128149080,18709,18790,7265,5944.2,6604.6,6610,0.0,6605,0.0,0,0,2017-04-14,34225400,6603.8,1,0,0,0,0,0,0,0,0,6606.8,3,0,0,0,0,0,0,0,0
50,2017-04-14,09:30:25,900,IC1704,CCFX,6606.8,6603.0,6608.4,98,129470440,18709,18790,7265,5944.2,6604.6,6610,0.0,6605,0.0,0,0,2017-04-14,34225900,6604.0,2,0,0,0,0,0,0,0,0,6606.8,2,0,0,0,0,0,0,0,0
51,2017-04-14,09:30:26,400,IC1704,CCFX,6606.8,6603.0,6608.4,99,130791800,18709,18790,7265,5944.2,6604.6,6610,0.0,6605,0.0,0,0,2017-04-14,34226400,6604.4,1,0,0,0,0,0,0,0,0,6606.8,1,0,0,0,0,0,0,0,0
52,2017-04-14,09:30:26,900,IC1704,CCFX,6606.8,6603.0,6608.4,100,132113160,18709,18790,7265,5944.2,6604.6,6610,0.0,6605,0.0,0,0,2017-04-14,34226900,6604.4,1,0,0,0,0,0,0,0,0,6607.6,1,0,0,0,0,0,0,0,0
53,2017-04-14,09:30:27,400,IC1704,CCFX,6606.8,6603.0,6608.4,100,132113160,18709,18790,7265,5944.2,6604.6,6610,0.0,6605,0.0,0,0,2017-04-14,34227400,6604.6,1,0,0,0,0,0,0,0,0,6607.6,1,0,0,0,0,0,0,0,0
54,2017-04-14,09:30:27,900,IC1704,CCFX,6604.8,6603.0,6608.4,101,133434120,18708,18790,7265,5944.2,6604.6,6610,0.0,6605,0.0,0,0,2017-04-14,34227900,6604.6,1,0,0,0,0,0,0,0,0,6607.6,1,0,0,0,0,0,0,0,0
55,2017-04-14,09:30:28,400,IC1704,CCFX,6604.8,6603.0,6608.4,101,133434120,18708,18790,7265,5944.2,6604.6,6610,0.0,6605,0.0,0,0,2017-04-14,34228400,6604.8,2,0,0,0,0,0,0,0,0,6607.6,1,0,0,0,0,0,0,0,0
56,2017-04-14,09:30:28,900,IC1704,CCFX,6604.8,6603.0,6608.4,103,136076040,18706,18790,7265,5944.2,6604.6,6610,0.0,6605,0.0,0,0,2017-04-14,34228900,6605.0,2,0,0,0,0,0,0,0,0,6607.4,1,0,0,0,0,0,0,0,0
57,2017-04-14,09:30:30,400,IC1704,CCFX,6604.8,6603.0,6608.4,103,136076040,18706,18790,7265,5944.2,6604.6,6610,0.0,6605,0.0,0,0,2017-04-14,34230400,6605.0,2,0,0,0,0,0,0,0,0,6607.4,1,0,0,0,0,0,0,0,0
58,2017-04-14,09:30:31,400,IC1704,CCFX,6604.0,6603.0,6608.4,108,142680560,18701,18790,7265,5944.2,6604.6,6610,0.0,6605,0.0,0,0,2017-04-14,34231400,6603.8,1,0,0,0,0,0,0,0,0,6607.4,1,0,0,0,0,0,0,0,0
59,2017-04-14,09:30:31,900,IC1704,CCFX,6604.0,6603.0,6608.4,108,142680560,18701,18790,7265,5944.2,6604.6,6610,0.0,6605,0.0,0,0,2017-04-14,34231900,6604.0,1,0,0,0,0,0,0,0,0,6606.8,2,0,0,0,0,0,0,0,0
60,2017-04-14,09:30:32,400,IC1704,CCFX,6606.8,6603.0,6608.4,110,145323280,18699,18790,7265,5944.2,6604.6,6610,0.0,6605,0.0,0,0,2017-04-14,34232400,6603.8,1,0,0,0,0,0,0,0,0,6606.4,1,0,0,0,0,0,0,0,0
61,2017-04-14,09:30:32,900,IC1704,CCFX,6606.4,6603.0,6608.4,112,147965320,18697,18790,7265,5944.2,6604.6,6610,0.0,6605,0.0,0,0,2017-04-14,34232900,6603.2,1,0,0,0,0,0,0,0,0,6607.6,1,0,0,0,0,0,0,0,0
62,2017-04-14,09:30:33,400,IC1704,CCFX,6606.4,6603.0,6608.4,112,147965320,18697,18790,7265,5944.2,6604.6,6610,0.0,6605,0.0,0,0,2017-04-14,34233400,6603.6,2,0,0,0,0,0,0,0,0,6607.2,3,0,0,0,0,0,0,0,0
63,2017-04-14,09:30:33,900,IC1704,CCFX,6606.4,6603.0,6608.4,112,147965320,18697,18790,7265,5944.2,6604.6,6610,0.0,6605,0.0,0,0,2017-04-14,34233900,6603.8,2,0,0,0,0,0,0,0,0,6607.2,3,0,0,0,0,0,0,0,0
64,2017-04-14,09:30:34,400,IC1704,CCFX,6606.4,6603.0,6608.4,112,147965320,18697,18790,7265,5944.2,6604.6,6610,0.0,6605,0.0,0,0,2017-04-14,34234400,6603.8,2,0,0,0,0,0,0,0,0,6607.0,1,0,0,0,0,0,0,0,0
65,2017-04-14,09:30:35,400,IC1704,CCFX,6606.4,6603.0,6608.4,112,147965320,18697,18790,7265,5944.2,6604.6,6610,0.0,6605,0.0,0,0,2017-04-14,34235400,6603.8,1,0,0,0,0,0,0,0,0,6607.0,1,0,0,0,0,0,0,0,0
66,2017-04-14,09:30:36,400,IC1704,CCFX,6606.4,6603.0,6608.4,112,147965320,18697,18790,7265,5944.2,6604.6,6610,0.0,6605,0.0,0,0,2017-04-14,34236400,6603.8,1,0,0,0,0,0,0,0,0,6606.8,1,0,0,0,0,0,0,0,0
67,2017-04-14,09:30:36,900,IC1704,CCFX,6606.0,6603.0,6608.4,115,151928560,18694,18790,7265,5944.2,6604.6,6610,0.0,6605,0.0,0,0,2017-04-14,34236900,6603.8,1,0,0,0,0,0,0,0,0,6606.4,1,0,0,0,0,0,0,0,0
68,2017-04-14,09:30:37,400,IC1704,CCFX,6606.0,6603.0,6608.4,115,151928560,18694,18790,7265,5944.2,6604.6,6610,0.0,6605,0.0,0,0,2017-04-14,34237400,6603.6,2,0,0,0,0,0,0,0,0,6606.2,1,0,0,0,0,0,0,0,0
69,2017-04-14,09:30:37,900,IC1704,CCFX,6606.0,6603.0,6608.4,117,154570480,18692,18790,7265,5944.2,6604.6,6610,0.0,6605,0.0,0,0,2017-04-14,34237900,6603.6,1,0,0,0,0,0,0,0,0,6606.0,1,0,0,0,0,0,0,0,0
70,2017-04-14,09:30:38,400,IC1704,CCFX,6606.0,6603.0,6608.4,117,154570480,18692,18790,7265,5944.2,6604.6,6610,0.0,6605,0.0,0,0,2017-04-14,34238400,6603.6,1,0,0,0,0,0,0,0,0,6605.8,2,0,0,0,0,0,0,0,0
71,2017-04-14,09:30:38,900,IC1704,CCFX,6603.6,6603.0,6608.4,118,155891200,18691,18790,7265,5944.2,6604.6,6610,0.0,6605,0.0,0,0,2017-04-14,34238900,6603.4,1,0,0,0,0,0,0,0,0,6605.6,1,0,0,0,0,0,0,0,0
72,2017-04-14,09:30:39,400,IC1704,CCFX,6603.6,6603.0,6608.4,118,155891200,18691,18790,7265,5944.2,6604.6,6610,0.0,6605,0.0,0,0,2017-04-14,34239400,6603.4,1,0,0,0,0,0,0,0,0,6605.4,1,0,0,0,0,0,0,0,0
73,2017-04-14,09:30:39,900,IC1704,CCFX,6603.6,6603.0,6608.4,118,155891200,18691,18790,7265,5944.2,6604.6,6610,0.0,6605,0.0,0,0,2017-04-14,34239900,6603.4,1,0,0,0,0,0,0,0,0,6604.8,2,0,0,0,0,0,0,0,0
74,2017-04-14,09:30:40,400,IC1704,CCFX,6603.4,6603.0,6608.4,119,157211880,18690,18790,7265,5944.2,6604.6,6610,0.0,6605,0.0,0,0,2017-04-14,34240400,6603.2,1,0,0,0,0,0,0,0,0,6604.6,2,0,0,0,0,0,0,0,0
75,2017-04-14,09:30:40,900,IC1704,CCFX,6603.2,6603.0,6608.4,120,158532520,18690,18790,7265,5944.2,6604.6,6610,0.0,6605,0.0,0,0,2017-04-14,34240900,6602.6,2,0,0,0,0,0,0,0,0,6604.0,2,0,0,0,0,0,0,0,0
76,2017-04-14,09:30:41,400,IC1704,CCFX,6603.2,6603.0,6608.4,120,158532520,18690,18790,7265,5944.2,6604.6,6610,0.0,6605,0.0,0,0,2017-04-14,34241400,6602.6,2,0,0,0,0,0,0,0,0,6603.4,1,0,0,0,0,0,0,0,0
77,2017-04-14,09:30:41,900,IC1704,CCFX,6603.2,6603.0,6608.4,120,158532520,18690,18790,7265,5944.2,6604.6,6610,0.0,6605,0.0,0,0,2017-04-14,34241900,6602.6,2,0,0,0,0,0,0,0,0,6603.4,1,0,0,0,0,0,0,0,0
78,2017-04-14,09:30:42,900,IC1704,CCFX,6602.6,6602.6,6608.4,121,159853040,18689,18790,7265,5944.2,6604.6,6610,0.0,6605,0.0,0,0,2017-04-14,34242900,6602.6,1,0,0,0,0,0,0,0,0,6603.4,1,0,0,0,0,0,0,0,0
79,2017-04-14,09:30:43,400,IC1704,CCFX,6603.8,6602.6,6608.4,123,162494480,18687,18790,7265,5944.2,6604.6,6610,0.0,6605,0.0,0,0,2017-04-14,34243400,6602.6,1,0,0,0,0,0,0,0,0,6604.0,2,0,0,0,0,0,0,0,0
80,2017-04-14,09:30:43,900,IC1704,CCFX,6604.0,6602.6,6608.4,124,163815280,18686,18790,7265,5944.2,6604.6,6610,0.0,6605,0.0,0,0,2017-04-14,34243900,6602.6,1,0,0,0,0,0,0,0,0,6604.0,1,0,0,0,0,0,0,0,0
81,2017-04-14,09:30:44,400,IC1704,CCFX,6604.0,6602.6,6608.4,125,165136080,18685,18790,7265,5944.2,6604.6,6610,0.0,6605,0.0,0,0,2017-04-14,34244400,6602.6,1,0,0,0,0,0,0,0,0,6604.8,2,0,0,0,0,0,0,0,0
82,2017-04-14,09:30:44,900,IC1704,CCFX,6602.6,6602.6,6608.4,127,167777120,18683,18790,7265,5944.2,6604.6,6610,0.0,6605,0.0,0,0,2017-04-14,34244900,6602.0,8,0,0,0,0,0,0,0,0,6602.6,1,0,0,0,0,0,0,0,0
83,2017-04-14,09:30:45,400,IC1704,CCFX,6602.6,6602.6,6608.4,128,169097640,18682,18790,7265,5944.2,6604.6,6610,0.0,6605,0.0,0,0,2017-04-14,34245400,6602.6,1,0,0,0,0,0,0,0,0,6604.2,2,0,0,0,0,0,0,0,0
84,2017-04-14,09:30:45,900,IC1704,CCFX,6602.6,6602.6,6608.4,128,169097640,18682,18790,7265,5944.2,6604.6,6610,0.0,6605,0.0,0,0,2017-04-14,34245900,6602.0,8,0,0,0,0,0,0,0,0,6604.2,2,0,0,0,0,0,0,0,0
85,2017-04-14,09:30:46,400,IC1704,CCFX,6602.6,6602.6,6608.4,128,169097640,18682,18790,7265,5944.2,6604.6,6610,0.0,6605,0.0,0,0,2017-04-14,34246400,6602.2,1,0,0,0,0,0,0,0,0,6604.2,2,0,0,0,0,0,0,0,0
86,2017-04-14,09:30:46,900,IC1704,CCFX,6602.6,6602.6,6608.4,128,169097640,18682,18790,7265,5944.2,6604.6,6610,0.0,6605,0.0,0,0,2017-04-14,34246900,6602.2,1,0,0,0,0,0,0,0,0,6604.2,2,0,0,0,0,0,0,0,0
87,2017-04-14,09:30:47,400,IC1704,CCFX,6602.6,6602.6,6608.4,128,169097640,18682,18790,7265,5944.2,6604.6,6610,0.0,6605,0.0,0,0,2017-04-14,34247400,6602.6,1,0,0,0,0,0,0,0,0,6604.0,2,0,0,0,0,0,0,0,0
88,2017-04-14,09:30:47,900,IC1704,CCFX,6602.6,6602.6,6608.4,129,170418160,18681,18790,7265,5944.2,6604.6,6610,0.0,6605,0.0,0,0,2017-04-14,34247900,6603.0,1,0,0,0,0,0,0,0,0,6603.4,2,0,0,0,0,0,0,0,0
89,2017-04-14,09:30:48,900,IC1704,CCFX,6603.4,6602.6,6608.4,130,171738840,18680,18790,7265,5944.2,6604.6,6610,0.0,6605,0.0,0,0,2017-04-14,34248900,6603.0,1,0,0,0,0,0,0,0,0,6603.4,1,0,0,0,0,0,0,0,0
90,2017-04-14,09:30:49,400,IC1704,CCFX,6603.4,6602.6,6608.4,131,173059520,18679,18790,7265,5944.2,6604.6,6610,0.0,6605,0.0,0,0,2017-04-14,34249400,6603.0,1,0,0,0,0,0,0,0,0,6604.2,2,0,0,0,0,0,0,0,0
91,2017-04-14,09:30:50,400,IC1704,CCFX,6603.0,6602.6,6608.4,132,174380120,18678,18790,7265,5944.2,6604.6,6610,0.0,6605,0.0,0,0,2017-04-14,34250400,6602.0,8,0,0,0,0,0,0,0,0,6604.2,2,0,0,0,0,0,0,0,0
92,2017-04-14,09:30:50,900,IC1704,CCFX,6603.0,6602.6,6608.4,132,174380120,18678,18790,7265,5944.2,6604.6,6610,0.0,6605,0.0,0,0,2017-04-14,34250900,6602.2,1,0,0,0,0,0,0,0,0,6603.0,2,0,0,0,0,0,0,0,0
93,2017-04-14,09:30:51,400,IC1704,CCFX,6603.0,6602.6,6608.4,132,174380120,18678,18790,7265,5944.2,6604.6,6610,0.0,6605,0.0,0,0,2017-04-14,34251400,6602.2,1,0,0,0,0,0,0,0,0,6603.0,2,0,0,0,0,0,0,0,0
94,2017-04-14,09:30:51,900,IC1704,CCFX,6603.0,6602.6,6608.4,132,174380120,18678,18790,7265,5944.2,6604.6,6610,0.0,6605,0.0,0,0,2017-04-14,34251900,6602.0,8,0,0,0,0,0,0,0,0,6602.2,2,0,0,0,0,0,0,0,0
95,2017-04-14,09:30:52,400,IC1704,CCFX,6602.0,6602.0,6608.4,133,175700520,18678,18790,7265,5944.2,6604.6,6610,0.0,6605,0.0,0,0,2017-04-14,34252400,6602.0,7,0,0,0,0,0,0,0,0,6602.2,2,0,0,0,0,0,0,0,0
96,2017-04-14,09:30:52,900,IC1704,CCFX,6602.2,6602.0,6608.4,139,183622960,18677,18790,7265,5944.2,6604.6,6610,0.0,6605,0.0,0,0,2017-04-14,34252900,6602.0,2,0,0,0,0,0,0,0,0,6602.2,1,0,0,0,0,0,0,0,0
97,2017-04-14,09:30:53,400,IC1704,CCFX,6602.0,6602.0,6608.4,141,186263760,18677,18790,7265,5944.2,6604.6,6610,0.0,6605,0.0,0,0,2017-04-14,34253400,6601.6,1,0,0,0,0,0,0,0,0,6602.0,1,0,0,0,0,0,0,0,0
98,2017-04-14,09:30:53,900,IC1704,CCFX,6602.0,6602.0,6608.4,141,186263760,18677,18790,7265,5944.2,6604.6,6610,0.0,6605,0.0,0,0,2017-04-14,34253900,6601.6,1,0,0,0,0,0,0,0,0,6601.8,1,0,0,0,0,0,0,0,0
99,2017-04-14,09:30:54,400,IC1704,CCFX,6601.2,6601.2,6608.4,143,188904320,18675,18790,7265,5944.2,6604.6,6610,0.0,6605,0.0,0,0,2017-04-14,34254400,6601.0,16,0,0,0,0,0,0,0,0,6601.6,2,0,0,0,0,0,0,0,0
100,2017-04-14,09:30:54,900,IC1704,CCFX,6601.0,6601.0,6608.4,151,199465920,18667,18790,7265,5944.2,6604.6,6610,0.0,6605,0.0,0,0,2017-04-14,34254900,6601.0,8,0,0,0,0,0,0,0,0,6601.8,1,0,0,0,0,0,0,0,0
101,2017-04-14,09:30:55,900,IC1704,CCFX,6601.0,6601.0,6608.4,151,199465920,18667,18790,7265,5944.2,6604.6,6610,0.0,6605,0.0,0,0,2017-04-14,34255900,6601.6,3,0,0,0,0,0,0,0,0,6601.8,1,0,0,0,0,0,0,0,0
102,2017-04-14,09:30:56,400,IC1704,CCFX,6601.6,6601.0,6608.4,154,203426880,18664,18790,7265,5944.2,6604.6,6610,0.0,6605,0.0,0,0,2017-04-14,34256400,6601.0,8,0,0,0,0,0,0,0,0,6601.4,1,0,0,0,0,0,0,0,0
103,2017-04-14,09:30:56,900,IC1704,CCFX,6601.6,6601.0,6608.4,154,203426880,18664,18790,7265,5944.2,6604.6,6610,0.0,6605,0.0,0,0,2017-04-14,34256900,6601.0,8,0,0,0,0,0,0,0,0,6601.4,1,0,0,0,0,0,0,0,0
104,2017-04-14,09:30:57,400,IC1704,CCFX,6601.0,6601.0,6608.4,155,204747080,18664,18790,7265,5944.2,6604.6,6610,0.0,6605,0.0,0,0,2017-04-14,34257400,6601.0,7,0,0,0,0,0,0,0,0,6601.4,1,0,0,0,0,0,0,0,0
105,2017-04-14,09:30:57,900,IC1704,CCFX,6601.0,6601.0,6608.4,156,206067280,18663,18790,7265,5944.2,6604.6,6610,0.0,6605,0.0,0,0,2017-04-14,34257900,6601.0,6,0,0,0,0,0,0,0,0,6601.4,1,0,0,0,0,0,0,0,0
106,2017-04-14,09:30:58,400,IC1704,CCFX,6601.0,6601.0,6608.4,157,207387480,18663,18790,7265,5944.2,6604.6,6610,0.0,6605,0.0,0,0,2017-04-14,34258400,6601.0,5,0,0,0,0,0,0,0,0,6601.4,1,0,0,0,0,0,0,0,0
107,2017-04-14,09:30:58,900,IC1704,CCFX,6601.0,6601.0,6608.4,157,207387480,18663,18790,7265,5944.2,6604.6,6610,0.0,6605,0.0,0,0,2017-04-14,34258900,6601.0,5,0,0,0,0,0,0,0,0,6601.4,2,0,0,0,0,0,0,0,0
108,2017-04-14,09:30:59,400,IC1704,CCFX,6601.0,6601.0,6608.4,161,212668280,18661,18790,7265,5944.2,6604.6,6610,0.0,6605,0.0,0,0,2017-04-14,34259400,6601.0,1,0,0,0,0,0,0,0,0,6601.4,2,0,0,0,0,0,0,0,0
109,2017-04-14,09:30:59,900,IC1704,CCFX,6601.4,6600.8,6608.4,165,217949080,18657,18790,7265,5944.2,6604.6,6610,0.0,6605,0.0,0,0,2017-04-14,34259900,6597.2,1,0,0,0,0,0,0,0,0,6601.4,1,0,0,0,0,0,0,0,0
110,2017-04-14,09:31:00,400,IC1704,CCFX,6601.4,6600.8,6608.4,165,217949080,18657,18790,7265,5944.2,6604.6,6610,0.0,6605,0.0,0,0,2017-04-14,34260400,6597.8,2,0,0,0,0,0,0,0,0,6601.0,3,0,0,0,0,0,0,0,0
111,2017-04-14,09:31:00,900,IC1704,CCFX,6601.4,6600.8,6608.4,165,217949080,18657,18790,7265,5944.2,6604.6,6610,0.0,6605,0.0,0,0,2017-04-14,34260900,6598.0,1,0,0,0,0,0,0,0,0,6600.8,1,0,0,0,0,0,0,0,0
112,2017-04-14,09:31:01,400,IC1704,CCFX,6601.4,6600.8,6608.4,166,219269360,18656,18790,7265,5944.2,6604.6,6610,0.0,6605,0.0,0,0,2017-04-14,34261400,6598.2,3,0,0,0,0,0,0,0,0,6601.0,2,0,0,0,0,0,0,0,0
113,2017-04-14,09:31:01,900,IC1704,CCFX,6601.0,6598.4,6608.4,169,223229440,18654,18790,7265,5944.2,6604.6,6610,0.0,6605,0.0,0,0,2017-04-14,34261900,6601.4,1,0,0,0,0,0,0,0,0,6602.2,1,0,0,0,0,0,0,0,0
114,2017-04-14,09:31:02,400,IC1704,CCFX,6598.4,6598.4,6608.4,173,228509520,18653,18790,7265,5944.2,6604.6,6610,0.0,6605,0.0,0,0,2017-04-14,34262400,6598.2,2,0,0,0,0,0,0,0,0,6600.4,1,0,0,0,0,0,0,0,0
115,2017-04-14,09:31:02,900,IC1704,CCFX,6598.2,6598.2,6608.4,177,233788160,18650,18790,7265,5944.2,6604.6,6610,0.0,6605,0.0,0,0,2017-04-14,34262900,6597.2,1,0,0,0,0,0,0,0,0,6600.2,1,0,0,0,0,0,0,0,0
116,2017-04-14,09:31:03,400,IC1704,CCFX,6600.2,6598.2,6608.4,179,236428200,18648,18790,7265,5944.2,6604.6,6610,0.0,6605,0.0,0,0,2017-04-14,34263400,6600.2,1,0,0,0,0,0,0,0,0,6600.4,1,0,0,0,0,0,0,0,0
117,2017-04-14,09:31:03,900,IC1704,CCFX,6600.2,6598.2,6608.4,179,236428200,18648,18790,7265,5944.2,6604.6,6610,0.0,6605,0.0,0,0,2017-04-14,34263900,6600.2,1,0,0,0,0,0,0,0,0,6600.4,1,0,0,0,0,0,0,0,0
118,2017-04-14,09:31:05,400,IC1704,CCFX,6600.4,6598.2,6608.4,180,237748280,18648,18790,7265,5944.2,6604.6,6610,0.0,6605,0.0,0,0,2017-04-14,34265400,6600.2,1,0,0,0,0,0,0,0,0,6602.8,1,0,0,0,0,0,0,0,0
119,2017-04-14,09:31:05,900,IC1704,CCFX,6600.4,6598.2,6608.4,180,237748280,18648,18790,7265,5944.2,6604.6,6610,0.0,6605,0.0,0,0,2017-04-14,34265900,6600.4,1,0,0,0,0,0,0,0,0,6602.6,7,0,0,0,0,0,0,0,0
120,2017-04-14,09:31:06,400,IC1704,CCFX,6600.4,6598.2,6608.4,181,239068360,18647,18790,7265,5944.2,6604.6,6610,0.0,6605,0.0,0,0,2017-04-14,34266400,6600.2,1,0,0,0,0,0,0,0,0,6602.4,1,0,0,0,0,0,0,0,0
121,2017-04-14,09:31:06,900,IC1704,CCFX,6600.2,6598.2,6608.4,182,240388400,18646,18790,7265,5944.2,6604.6,6610,0.0,6605,0.0,0,0,2017-04-14,34266900,6597.8,1,0,0,0,0,0,0,0,0,6602.2,1,0,0,0,0,0,0,0,0
122,2017-04-14,09:31:07,400,IC1704,CCFX,6600.2,6598.2,6608.4,182,240388400,18646,18790,7265,5944.2,6604.6,6610,0.0,6605,0.0,0,0,2017-04-14,34267400,6598.2,3,0,0,0,0,0,0,0,0,6601.8,5,0,0,0,0,0,0,0,0
123,2017-04-14,09:31:07,900,IC1704,CCFX,6600.2,6598.2,6608.4,182,240388400,18646,18790,7265,5944.2,6604.6,6610,0.0,6605,0.0,0,0,2017-04-14,34267900,6598.2,3,0,0,0,0,0,0,0,0,6600.2,1,0,0,0,0,0,0,0,0
124,2017-04-14,09:31:08,400,IC1704,CCFX,6600.2,6598.2,6608.4,182,240388400,18646,18790,7265,5944.2,6604.6,6610,0.0,6605,0.0,0,0,2017-04-14,34268400,6597.4,1,0,0,0,0,0,0,0,0,6598.2,1,0,0,0,0,0,0,0,0
125,2017-04-14,09:31:08,900,IC1704,CCFX,6598.2,6598.2,6608.4,183,241708040,18645,18790,7265,5944.2,6604.6,6610,0.0,6605,0.0,0,0,2017-04-14,34268900,6597.4,1,0,0,0,0,0,0,0,0,6599.8,1,0,0,0,0,0,0,0,0
126,2017-04-14,09:31:09,400,IC1704,CCFX,6598.2,6598.2,6608.4,183,241708040,18645,18790,7265,5944.2,6604.6,6610,0.0,6605,0.0,0,0,2017-04-14,34269400,6598.2,1,0,0,0,0,0,0,0,0,6599.8,1,0,0,0,0,0,0,0,0
127,2017-04-14,09:31:09,900,IC1704,CCFX,6598.2,6598.2,6608.4,183,241708040,18645,18790,7265,5944.2,6604.6,6610,0.0,6605,0.0,0,0,2017-04-14,34269900,6598.2,1,0,0,0,0,0,0,0,0,6599.8,1,0,0,0,0,0,0,0,0
128,2017-04-14,09:31:10,400,IC1704,CCFX,6598.6,6598.2,6608.4,185,244347480,18643,18790,7265,5944.2,6604.6,6610,0.0,6605,0.0,0,0,2017-04-14,34270400,6598.2,1,0,0,0,0,0,0,0,0,6598.8,1,0,0,0,0,0,0,0,0
129,2017-04-14,09:31:10,900,IC1704,CCFX,6598.6,6598.2,6608.4,185,244347480,18643,18790,7265,5944.2,6604.6,6610,0.0,6605,0.0,0,0,2017-04-14,34270900,6598.2,1,0,0,0,0,0,0,0,0,6598.6,1,0,0,0,0,0,0,0,0
130,2017-04-14,09:31:11,400,IC1704,CCFX,6598.6,6598.2,6608.4,186,245667200,18642,18790,7265,5944.2,6604.6,6610,0.0,6605,0.0,0,0,2017-04-14,34271400,6598.2,1,0,0,0,0,0,0,0,0,6598.8,1,0,0,0,0,0,0,0,0
131,2017-04-14,09:31:11,900,IC1704,CCFX,6598.2,6598.2,6608.4,188,248306600,18640,18790,7265,5944.2,6604.6,6610,0.0,6605,0.0,0,0,2017-04-14,34271900,6597.2,1,0,0,0,0,0,0,0,0,6599.8,1,0,0,0,0,0,0,0,0
132,2017-04-14,09:31:12,400,IC1704,CCFX,6597.2,6597.2,6608.4,189,249626040,18639,18790,7265,5944.2,6604.6,6610,0.0,6605,0.0,0,0,2017-04-14,34272400,6595.4,2,0,0,0,0,0,0,0,0,6599.8,1,0,0,0,0,0,0,0,0
133,2017-04-14,09:31:12,900,IC1704,CCFX,6597.2,6597.2,6608.4,189,249626040,18639,18790,7265,5944.2,6604.6,6610,0.0,6605,0.0,0,0,2017-04-14,34272900,6595.8,2,0,0,0,0,0,0,0,0,6599.4,2,0,0,0,0,0,0,0,0
134,2017-04-14,09:31:13,400,IC1704,CCFX,6595.8,6595.8,6608.4,192,253584960,18636,18790,7265,5944.2,6604.6,6610,0.0,6605,0.0,0,0,2017-04-14,34273400,6598.2,1,0,0,0,0,0,0,0,0,6599.6,1,0,0,0,0,0,0,0,0
135,2017-04-14,09:31:13,900,IC1704,CCFX,6595.8,6595.8,6608.4,192,253584960,18636,18790,7265,5944.2,6604.6,6610,0.0,6605,0.0,0,0,2017-04-14,34273900,6599.0,1,0,0,0,0,0,0,0,0,6599.4,1,0,0,0,0,0,0,0,0
136,2017-04-14,09:31:14,400,IC1704,CCFX,6595.8,6595.8,6608.4,192,253584960,18636,18790,7265,5944.2,6604.6,6610,0.0,6605,0.0,0,0,2017-04-14,34274400,6599.2,1,0,0,0,0,0,0,0,0,6599.4,1,0,0,0,0,0,0,0,0
137,2017-04-14,09:31:14,900,IC1704,CCFX,6595.8,6595.8,6608.4,192,253584960,18636,18790,7265,5944.2,6604.6,6610,0.0,6605,0.0,0,0,2017-04-14,34274900,6599.2,1,0,0,0,0,0,0,0,0,6599.4,1,0,0,0,0,0,0,0,0
138,2017-04-14,09:31:15,400,IC1704,CCFX,6598.2,6595.8,6608.4,194,256224440,18634,18790,7265,5944.2,6604.6,6610,0.0,6605,0.0,0,0,2017-04-14,34275400,6596.2,1,0,0,0,0,0,0,0,0,6599.4,1,0,0,0,0,0,0,0,0
139,2017-04-14,09:31:15,900,IC1704,CCFX,6598.2,6595.8,6608.4,194,256224440,18634,18790,7265,5944.2,6604.6,6610,0.0,6605,0.0,0,0,2017-04-14,34275900,6596.6,1,0,0,0,0,0,0,0,0,6599.2,1,0,0,0,0,0,0,0,0
140,2017-04-14,09:31:16,400,IC1704,CCFX,6598.2,6595.8,6608.4,194,256224440,18634,18790,7265,5944.2,6604.6,6610,0.0,6605,0.0,0,0,2017-04-14,34276400,6596.6,1,0,0,0,0,0,0,0,0,6599.2,1,0,0,0,0,0,0,0,0
141,2017-04-14,09:31:16,900,IC1704,CCFX,6598.2,6595.8,6608.4,194,256224440,18634,18790,7265,5944.2,6604.6,6610,0.0,6605,0.0,0,0,2017-04-14,34276900,6596.8,1,0,0,0,0,0,0,0,0,6599.2,1,0,0,0,0,0,0,0,0
142,2017-04-14,09:31:17,400,IC1704,CCFX,6598.2,6595.8,6608.4,194,256224440,18634,18790,7265,5944.2,6604.6,6610,0.0,6605,0.0,0,0,2017-04-14,34277400,6596.8,1,0,0,0,0,0,0,0,0,6599.2,1,0,0,0,0,0,0,0,0
143,2017-04-14,09:31:17,900,IC1704,CCFX,6598.2,6595.8,6608.4,194,256224440,18634,18790,7265,5944.2,6604.6,6610,0.0,6605,0.0,0,0,2017-04-14,34277900,6597.0,1,0,0,0,0,0,0,0,0,6599.2,1,0,0,0,0,0,0,0,0
144,2017-04-14,09:31:18,400,IC1704,CCFX,6597.0,6595.8,6608.4,195,257543840,18633,18790,7265,5944.2,6604.6,6610,0.0,6605,0.0,0,0,2017-04-14,34278400,6596.8,1,0,0,0,0,0,0,0,0,6599.8,1,0,0,0,0,0,0,0,0
145,2017-04-14,09:31:18,900,IC1704,CCFX,6597.0,6595.8,6608.4,195,257543840,18633,18790,7265,5944.2,6604.6,6610,0.0,6605,0.0,0,0,2017-04-14,34278900,6597.2,1,0,0,0,0,0,0,0,0,6599.6,1,0,0,0,0,0,0,0,0
146,2017-04-14,09:31:19,400,IC1704,CCFX,6597.0,6595.8,6608.4,195,257543840,18633,18790,7265,5944.2,6604.6,6610,0.0,6605,0.0,0,0,2017-04-14,34279400,6598.4,6,0,0,0,0,0,0,0,0,6599.6,1,0,0,0,0,0,0,0,0
147,2017-04-14,09:31:19,900,IC1704,CCFX,6597.0,6595.8,6608.4,195,257543840,18633,18790,7265,5944.2,6604.6,6610,0.0,6605,0.0,0,0,2017-04-14,34279900,6598.4,6,0,0,0,0,0,0,0,0,6599.8,1,0,0,0,0,0,0,0,0
148,2017-04-14,09:31:20,400,IC1704,CCFX,6599.8,6595.8,6608.4,196,258863800,18632,18790,7265,5944.2,6604.6,6610,0.0,6605,0.0,0,0,2017-04-14,34280400,6598.6,1,0,0,0,0,0,0,0,0,6601.4,1,0,0,0,0,0,0,0,0
149,2017-04-14,09:31:20,900,IC1704,CCFX,6599.8,6595.8,6608.4,196,258863800,18632,18790,7265,5944.2,6604.6,6610,0.0,6605,0.0,0,0,2017-04-14,34280900,6598.8,1,0,0,0,0,0,0,0,0,6601.4,1,0,0,0,0,0,0,0,0
150,2017-04-14,09:31:21,400,IC1704,CCFX,6599.8,6595.8,6608.4,196,258863800,18632,18790,7265,5944.2,6604.6,6610,0.0,6605,0.0,0,0,2017-04-14,34281400,6599.0,1,0,0,0,0,0,0,0,0,6601.6,1,0,0,0,0,0,0,0,0
151,2017-04-14,09:31:21,900,IC1704,CCFX,6599.8,6595.8,6608.4,196,258863800,18632,18790,7265,5944.2,6604.6,6610,0.0,6605,0.0,0,0,2017-04-14,34281900,6599.2,2,0,0,0,0,0,0,0,0,6601.6,1,0,0,0,0,0,0,0,0
152,2017-04-14,09:31:22,400,IC1704,CCFX,6599.8,6595.8,6608.4,196,258863800,18632,18790,7265,5944.2,6604.6,6610,0.0,6605,0.0,0,0,2017-04-14,34282400,6599.2,1,0,0,0,0,0,0,0,0,6601.6,1,0,0,0,0,0,0,0,0
153,2017-04-14,09:31:22,900,IC1704,CCFX,6599.8,6595.8,6608.4,196,258863800,18632,18790,7265,5944.2,6604.6,6610,0.0,6605,0.0,0,0,2017-04-14,34282900,6599.4,1,0,0,0,0,0,0,0,0,6601.6,1,0,0,0,0,0,0,0,0
154,2017-04-14,09:31:23,400,IC1704,CCFX,6601.6,6595.8,6608.4,198,261504000,18630,18790,7265,5944.2,6604.6,6610,0.0,6605,0.0,0,0,2017-04-14,34283400,6599.2,2,0,0,0,0,0,0,0,0,6601.8,1,0,0,0,0,0,0,0,0
155,2017-04-14,09:31:24,900,IC1704,CCFX,6601.6,6595.8,6608.4,198,261504000,18630,18790,7265,5944.2,6604.6,6610,0.0,6605,0.0,0,0,2017-04-14,34284900,6599.2,1,0,0,0,0,0,0,0,0,6601.6,1,0,0,0,0,0,0,0,0
156,2017-04-14,09:31:25,900,IC1704,CCFX,6601.6,6595.8,6608.4,198,261504000,18630,18790,7265,5944.2,6604.6,6610,0.0,6605,0.0,0,0,2017-04-14,34285900,6599.2,1,0,0,0,0,0,0,0,0,6601.6,1,0,0,0,0,0,0,0,0
157,2017-04-14,09:31:26,400,IC1704,CCFX,6601.6,6595.8,6608.4,198,261504000,18630,18790,7265,5944.2,6604.6,6610,0.0,6605,0.0,0,0,2017-04-14,34286400,6599.4,1,0,0,0,0,0,0,0,0,6600.8,1,0,0,0,0,0,0,0,0
158,2017-04-14,09:31:26,900,IC1704,CCFX,6601.6,6595.8,6608.4,198,261504000,18630,18790,7265,5944.2,6604.6,6610,0.0,6605,0.0,0,0,2017-04-14,34286900,6599.4,1,0,0,0,0,0,0,0,0,6600.8,1,0,0,0,0,0,0,0,0
159,2017-04-14,09:31:27,400,IC1704,CCFX,6599.4,6595.8,6608.4,199,262823880,18629,18790,7265,5944.2,6604.6,6610,0.0,6605,0.0,0,0,2017-04-14,34287400,6598.4,7,0,0,0,0,0,0,0,0,6600.0,3,0,0,0,0,0,0,0,0
160,2017-04-14,09:31:27,900,IC1704,CCFX,6599.4,6595.8,6608.4,199,262823880,18629,18790,7265,5944.2,6604.6,6610,0.0,6605,0.0,0,0,2017-04-14,34287900,6598.4,7,0,0,0,0,0,0,0,0,6600.0,3,0,0,0,0,0,0,0,0
161,2017-04-14,09:31:28,400,IC1704,CCFX,6599.4,6595.8,6608.4,202,266783120,18629,18790,7265,5944.2,6604.6,6610,0.0,6605,0.0,0,0,2017-04-14,34288400,6598.4,5,0,0,0,0,0,0,0,0,6600.0,3,0,0,0,0,0,0,0,0
162,2017-04-14,09:31:28,900,IC1704,CCFX,6599.4,6595.8,6608.4,202,266783120,18629,18790,7265,5944.2,6604.6,6610,0.0,6605,0.0,0,0,2017-04-14,34288900,6598.6,1,0,0,0,0,0,0,0,0,6600.0,3,0,0,0,0,0,0,0,0
163,2017-04-14,09:31:29,400,IC1704,CCFX,6600.0,6595.8,6608.4,204,269423120,18627,18790,7265,5944.2,6604.6,6610,0.0,6605,0.0,0,0,2017-04-14,34289400,6598.6,1,0,0,0,0,0,0,0,0,6600.0,1,0,0,0,0,0,0,0,0
164,2017-04-14,09:31:29,900,IC1704,CCFX,6600.0,6595.8,6608.4,204,269423120,18627,18790,7265,5944.2,6604.6,6610,0.0,6605,0.0,0,0,2017-04-14,34289900,6598.6,1,0,0,0,0,0,0,0,0,6600.0,1,0,0,0,0,0,0,0,0
165,2017-04-14,09:31:30,400,IC1704,CCFX,6600.0,6595.8,6608.4,205,270743120,18626,18790,7265,5944.2,6604.6,6610,0.0,6605,0.0,0,0,2017-04-14,34290400,6598.6,1,0,0,0,0,0,0,0,0,6601.8,1,0,0,0,0,0,0,0,0
166,2017-04-14,09:31:30,900,IC1704,CCFX,6599.0,6595.8,6608.4,206,272062920,18625,18790,7265,5944.2,6604.6,6610,0.0,6605,0.0,0,0,2017-04-14,34290900,6598.8,2,0,0,0,0,0,0,0,0,6601.2,1,0,0,0,0,0,0,0,0
167,2017-04-14,09:31:31,400,IC1704,CCFX,6598.6,6595.8,6608.4,208,274702400,18623,18790,7265,5944.2,6604.6,6610,0.0,6605,0.0,0,0,2017-04-14,34291400,6598.4,5,0,0,0,0,0,0,0,0,6601.0,1,0,0,0,0,0,0,0,0
168,2017-04-14,09:31:31,900,IC1704,CCFX,6598.6,6595.8,6608.4,208,274702400,18623,18790,7265,5944.2,6604.6,6610,0.0,6605,0.0,0,0,2017-04-14,34291900,6598.4,5,0,0,0,0,0,0,0,0,6598.6,1,0,0,0,0,0,0,0,0
169,2017-04-14,09:31:32,400,IC1704,CCFX,6598.6,6595.8,6608.4,209,276022120,18622,18790,7265,5944.2,6604.6,6610,0.0,6605,0.0,0,0,2017-04-14,34292400,6599.2,3,0,0,0,0,0,0,0,0,6600.6,1,0,0,0,0,0,0,0,0
170,2017-04-14,09:31:32,900,IC1704,CCFX,6600.6,6595.8,6608.4,210,277342240,18621,18790,7265,5944.2,6604.6,6610,0.0,6605,0.0,0,0,2017-04-14,34292900,6599.2,3,0,0,0,0,0,0,0,0,6600.6,1,0,0,0,0,0,0,0,0
171,2017-04-14,09:31:33,400,IC1704,CCFX,6599.2,6595.8,6608.4,211,278662080,18620,18790,7265,5944.2,6604.6,6610,0.0,6605,0.0,0,0,2017-04-14,34293400,6599.2,2,0,0,0,0,0,0,0,0,6600.6,1,0,0,0,0,0,0,0,0
172,2017-04-14,09:31:34,900,IC1704,CCFX,6599.2,6595.8,6608.4,211,278662080,18620,18790,7265,5944.2,6604.6,6610,0.0,6605,0.0,0,0,2017-04-14,34294900,6599.2,2,0,0,0,0,0,0,0,0,6600.6,1,0,0,0,0,0,0,0,0
173,2017-04-14,09:31:35,900,IC1704,CCFX,6599.2,6595.8,6608.4,213,281301760,18618,18790,7265,5944.2,6604.6,6610,0.0,6605,0.0,0,0,2017-04-14,34295900,6598.8,1,0,0,0,0,0,0,0,0,6599.2,1,0,0,0,0,0,0,0,0
174,2017-04-14,09:31:36,400,IC1704,CCFX,6599.2,6595.8,6608.4,213,281301760,18618,18790,7265,5944.2,6604.6,6610,0.0,6605,0.0,0,0,2017-04-14,34296400,6598.8,1,0,0,0,0,0,0,0,0,6599.2,1,0,0,0,0,0,0,0,0
175,2017-04-14,09:31:36,900,IC1704,CCFX,6599.2,6595.8,6608.4,213,281301760,18618,18790,7265,5944.2,6604.6,6610,0.0,6605,0.0,0,0,2017-04-14,34296900,6598.8,1,0,0,0,0,0,0,0,0,6599.2,1,0,0,0,0,0,0,0,0
176,2017-04-14,09:31:37,900,IC1704,CCFX,6599.2,6595.8,6608.4,213,281301760,18618,18790,7265,5944.2,6604.6,6610,0.0,6605,0.0,0,0,2017-04-14,34297900,6598.8,1,0,0,0,0,0,0,0,0,6599.2,1,0,0,0,0,0,0,0,0
177,2017-04-14,09:31:38,400,IC1704,CCFX,6598.8,6595.8,6608.4,214,282621520,18618,18790,7265,5944.2,6604.6,6610,0.0,6605,0.0,0,0,2017-04-14,34298400,6598.4,5,0,0,0,0,0,0,0,0,6599.2,1,0,0,0,0,0,0,0,0
178,2017-04-14,09:31:38,900,IC1704,CCFX,6598.8,6595.8,6608.4,214,282621520,18618,18790,7265,5944.2,6604.6,6610,0.0,6605,0.0,0,0,2017-04-14,34298900,6598.4,5,0,0,0,0,0,0,0,0,6599.2,2,0,0,0,0,0,0,0,0
179,2017-04-14,09:31:39,400,IC1704,CCFX,6598.8,6595.8,6608.4,214,282621520,18618,18790,7265,5944.2,6604.6,6610,0.0,6605,0.0,0,0,2017-04-14,34299400,6598.4,5,0,0,0,0,0,0,0,0,6599.2,2,0,0,0,0,0,0,0,0
180,2017-04-14,09:31:39,900,IC1704,CCFX,6598.8,6595.8,6608.4,214,282621520,18618,18790,7265,5944.2,6604.6,6610,0.0,6605,0.0,0,0,2017-04-14,34299900,6598.8,1,0,0,0,0,0,0,0,0,6599.2,2,0,0,0,0,0,0,0,0
181,2017-04-14,09:31:40,400,IC1704,CCFX,6598.8,6595.8,6608.4,214,282621520,18618,18790,7265,5944.2,6604.6,6610,0.0,6605,0.0,0,0,2017-04-14,34300400,6598.8,1,0,0,0,0,0,0,0,0,6599.2,1,0,0,0,0,0,0,0,0
182,2017-04-14,09:31:40,900,IC1704,CCFX,6599.2,6595.8,6608.4,215,283941360,18617,18790,7265,5944.2,6604.6,6610,0.0,6605,0.0,0,0,2017-04-14,34300900,6598.8,1,0,0,0,0,0,0,0,0,6600.0,1,0,0,0,0,0,0,0,0
183,2017-04-14,09:31:41,400,IC1704,CCFX,6599.2,6595.8,6608.4,215,283941360,18617,18790,7265,5944.2,6604.6,6610,0.0,6605,0.0,0,0,2017-04-14,34301400,6599.4,1,0,0,0,0,0,0,0,0,6600.0,1,0,0,0,0,0,0,0,0
184,2017-04-14,09:31:41,900,IC1704,CCFX,6600.0,6595.8,6608.4,217,286581200,18616,18790,7265,5944.2,6604.6,6610,0.0,6605,0.0,0,0,2017-04-14,34301900,6598.8,2,0,0,0,0,0,0,0,0,6600.8,1,0,0,0,0,0,0,0,0
185,2017-04-14,09:31:42,400,IC1704,CCFX,6600.0,6595.8,6608.4,217,286581200,18616,18790,7265,5944.2,6604.6,6610,0.0,6605,0.0,0,0,2017-04-14,34302400,6598.8,2,0,0,0,0,0,0,0,0,6600.6,1,0,0,0,0,0,0,0,0
186,2017-04-14,09:31:42,900,IC1704,CCFX,6600.0,6595.8,6608.4,217,286581200,18616,18790,7265,5944.2,6604.6,6610,0.0,6605,0.0,0,0,2017-04-14,34302900,6599.0,1,0,0,0,0,0,0,0,0,6600.0,4,0,0,0,0,0,0,0,0
187,2017-04-14,09:31:43,400,IC1704,CCFX,6600.0,6595.8,6608.4,217,286581200,18616,18790,7265,5944.2,6604.6,6610,0.0,6605,0.0,0,0,2017-04-14,34303400,6598.8,2,0,0,0,0,0,0,0,0,6599.0,1,0,0,0,0,0,0,0,0
188,2017-04-14,09:31:43,900,IC1704,CCFX,6598.8,6595.8,6608.4,218,287900960,18616,18790,7265,5944.2,6604.6,6610,0.0,6605,0.0,0,0,2017-04-14,34303900,6598.8,1,0,0,0,0,0,0,0,0,6599.0,1,0,0,0,0,0,0,0,0
189,2017-04-14,09:31:44,400,IC1704,CCFX,6598.8,6595.8,6608.4,219,289220720,18616,18790,7265,5944.2,6604.6,6610,0.0,6605,0.0,0,0,2017-04-14,34304400,6598.4,5,0,0,0,0,0,0,0,0,6598.8,1,0,0,0,0,0,0,0,0
190,2017-04-14,09:31:44,900,IC1704,CCFX,6598.6,6595.8,6608.4,222,293179800,18613,18790,7265,5944.2,6604.6,6610,0.0,6605,0.0,0,0,2017-04-14,34304900,6598.4,3,0,0,0,0,0,0,0,0,6598.8,1,0,0,0,0,0,0,0,0
191,2017-04-14,09:31:45,400,IC1704,CCFX,6598.6,6595.8,6608.4,223,294499520,18612,18790,7265,5944.2,6604.6,6610,0.0,6605,0.0,0,0,2017-04-14,34305400,6598.4,3,0,0,0,0,0,0,0,0,6598.8,1,0,0,0,0,0,0,0,0
192,2017-04-14,09:31:45,900,IC1704,CCFX,6598.4,6595.8,6608.4,227,299778320,18609,18790,7265,5944.2,6604.6,6610,0.0,6605,0.0,0,0,2017-04-14,34305900,6597.0,1,0,0,0,0,0,0,0,0,6599.0,1,0,0,0,0,0,0,0,0
193,2017-04-14,09:31:46,400,IC1704,CCFX,6598.8,6595.8,6608.4,229,302417840,18607,18790,7265,5944.2,6604.6,6610,0.0,6605,0.0,0,0,2017-04-14,34306400,6597.2,1,0,0,0,0,0,0,0,0,6599.0,1,0,0,0,0,0,0,0,0
194,2017-04-14,09:31:47,400,IC1704,CCFX,6597.2,6595.8,6608.4,230,303737280,18606,18790,7265,5944.2,6604.6,6610,0.0,6605,0.0,0,0,2017-04-14,34307400,6597.0,1,0,0,0,0,0,0,0,0,6598.8,1,0,0,0,0,0,0,0,0
195,2017-04-14,09:31:48,400,IC1704,CCFX,6597.2,6595.8,6608.4,230,303737280,18606,18790,7265,5944.2,6604.6,6610,0.0,6605,0.0,0,0,2017-04-14,34308400,6597.0,1,0,0,0,0,0,0,0,0,6598.6,1,0,0,0,0,0,0,0,0
196,2017-04-14,09:31:48,900,IC1704,CCFX,6596.8,6595.8,6608.4,232,306376040,18605,18790,7265,5944.2,6604.6,6610,0.0,6605,0.0,0,0,2017-04-14,34308900,6595.4,2,0,0,0,0,0,0,0,0,6597.0,1,0,0,0,0,0,0,0,0
197,2017-04-14,09:31:49,400,IC1704,CCFX,6597.0,6595.8,6608.4,233,307695440,18604,18790,7265,5944.2,6604.6,6610,0.0,6605,0.0,0,0,2017-04-14,34309400,6597.2,1,0,0,0,0,0,0,0,0,6598.4,1,0,0,0,0,0,0,0,0
198,2017-04-14,09:31:49,900,IC1704,CCFX,6597.2,6595.8,6608.4,235,310334520,18602,18790,7265,5944.2,6604.6,6610,0.0,6605,0.0,0,0,2017-04-14,34309900,6595.4,2,0,0,0,0,0,0,0,0,6598.2,1,0,0,0,0,0,0,0,0
199,2017-04-14,09:31:50,400,IC1704,CCFX,6598.2,6595.8,6608.4,237,312973760,18600,18790,7265,5944.2,6604.6,6610,0.0,6605,0.0,0,0,2017-04-14,34310400,6595.8,1,0,0,0,0,0,0,0,0,6598.4,1,0,0,0,0,0,0,0,0
200,2017-04-14,09:31:50,900,IC1704,CCFX,6598.2,6595.8,6608.4,237,312973760,18600,18790,7265,5944.2,6604.6,6610,0.0,6605,0.0,0,0,2017-04-14,34310900,6596.0,2,0,0,0,0,0,0,0,0,6597.8,4,0,0,0,0,0,0,0,0
201,2017-04-14,09:31:51,900,IC1704,CCFX,6598.2,6595.8,6608.4,239,315613040,18598,18790,7265,5944.2,6604.6,6610,0.0,6605,0.0,0,0,2017-04-14,34311900,6596.0,2,0,0,0,0,0,0,0,0,6597.8,2,0,0,0,0,0,0,0,0
202,2017-04-14,09:31:52,400,IC1704,CCFX,6596.2,6595.8,6608.4,242,319571440,18595,18790,7265,5944.2,6604.6,6610,0.0,6605,0.0,0,0,2017-04-14,34312400,6596.0,2,0,0,0,0,0,0,0,0,6598.6,1,0,0,0,0,0,0,0,0
203,2017-04-14,09:31:52,900,IC1704,CCFX,6596.2,6595.8,6608.4,244,322210400,18593,18790,7265,5944.2,6604.6,6610,0.0,6605,0.0,0,0,2017-04-14,34312900,6596.0,2,0,0,0,0,0,0,0,0,6600.8,1,0,0,0,0,0,0,0,0
204,2017-04-14,09:31:53,400,IC1704,CCFX,6600.0,6595.8,6608.4,246,324849640,18594,18790,7265,5944.2,6604.6,6610,0.0,6605,0.0,0,0,2017-04-14,34313400,6596.4,3,0,0,0,0,0,0,0,0,6600.4,2,0,0,0,0,0,0,0,0
205,2017-04-14,09:31:53,900,IC1704,CCFX,6600.0,6595.8,6608.4,246,324849640,18594,18790,7265,5944.2,6604.6,6610,0.0,6605,0.0,0,0,2017-04-14,34313900,6596.8,1,0,0,0,0,0,0,0,0,6600.0,1,0,0,0,0,0,0,0,0
206,2017-04-14,09:31:54,400,IC1704,CCFX,6597.0,6595.8,6608.4,247,326169040,18593,18790,7265,5944.2,6604.6,6610,0.0,6605,0.0,0,0,2017-04-14,34314400,6597.0,1,0,0,0,0,0,0,0,0,6599.8,1,0,0,0,0,0,0,0,0
207,2017-04-14,09:31:54,900,IC1704,CCFX,6597.0,6595.8,6608.4,247,326169040,18593,18790,7265,5944.2,6604.6,6610,0.0,6605,0.0,0,0,2017-04-14,34314900,6597.2,1,0,0,0,0,0,0,0,0,6599.4,1,0,0,0,0,0,0,0,0
208,2017-04-14,09:31:55,400,IC1704,CCFX,6597.0,6595.8,6608.4,247,326169040,18593,18790,7265,5944.2,6604.6,6610,0.0,6605,0.0,0,0,2017-04-14,34315400,6597.4,1,0,0,0,0,0,0,0,0,6599.2,1,0,0,0,0,0,0,0,0
209,2017-04-14,09:31:55,900,IC1704,CCFX,6597.0,6595.8,6608.4,247,326169040,18593,18790,7265,5944.2,6604.6,6610,0.0,6605,0.0,0,0,2017-04-14,34315900,6597.4,1,0,0,0,0,0,0,0,0,6598.6,2,0,0,0,0,0,0,0,0
210,2017-04-14,09:31:56,400,IC1704,CCFX,6597.0,6595.8,6608.4,247,326169040,18593,18790,7265,5944.2,6604.6,6610,0.0,6605,0.0,0,0,2017-04-14,34316400,6597.4,1,0,0,0,0,0,0,0,0,6598.2,1,0,0,0,0,0,0,0,0
211,2017-04-14,09:31:56,900,IC1704,CCFX,6597.0,6595.8,6608.4,247,326169040,18593,18790,7265,5944.2,6604.6,6610,0.0,6605,0.0,0,0,2017-04-14,34316900,6597.4,1,0,0,0,0,0,0,0,0,6597.6,2,0,0,0,0,0,0,0,0
212,2017-04-14,09:31:57,400,IC1704,CCFX,6597.4,6595.8,6608.4,248,327488520,18592,18790,7265,5944.2,6604.6,6610,0.0,6605,0.0,0,0,2017-04-14,34317400,6597.2,2,0,0,0,0,0,0,0,0,6597.6,2,0,0,0,0,0,0,0,0
213,2017-04-14,09:31:57,900,IC1704,CCFX,6597.2,6595.8,6608.4,250,330127400,18590,18790,7265,5944.2,6604.6,6610,0.0,6605,0.0,0,0,2017-04-14,34317900,6596.6,1,0,0,0,0,0,0,0,0,6597.0,3,0,0,0,0,0,0,0,0
214,2017-04-14,09:31:58,400,IC1704,CCFX,6597.2,6595.8,6608.4,250,330127400,18590,18790,7265,5944.2,6604.6,6610,0.0,6605,0.0,0,0,2017-04-14,34318400,6596.6,1,0,0,0,0,0,0,0,0,6597.0,3,0,0,0,0,0,0,0,0
215,2017-04-14,09:31:58,900,IC1704,CCFX,6596.4,6595.8,6608.4,252,332766000,18588,18790,7265,5944.2,6604.6,6610,0.0,6605,0.0,0,0,2017-04-14,34318900,6596.0,1,0,0,0,0,0,0,0,0,6596.4,4,0,0,0,0,0,0,0,0
216,2017-04-14,09:31:59,400,IC1704,CCFX,6597.0,6595.8,6608.4,259,342001320,18581,18790,7265,5944.2,6604.6,6610,0.0,6605,0.0,0,0,2017-04-14,34319400,6597.0,5,0,0,0,0,0,0,0,0,6597.6,2,0,0,0,0,0,0,0,0
217,2017-04-14,09:31:59,900,IC1704,CCFX,6597.0,6595.8,6608.4,259,342001320,18581,18790,7265,5944.2,6604.6,6610,0.0,6605,0.0,0,0,2017-04-14,34319900,6597.0,5,0,0,0,0,0,0,0,0,6597.6,2,0,0,0,0,0,0,0,0
218,2017-04-14,09:32:00,400,IC1704,CCFX,6597.0,6595.8,6608.4,259,342001320,18581,18790,7265,5944.2,6604.6,6610,0.0,6605,0.0,0,0,2017-04-14,34320400,6597.0,5,0,0,0,0,0,0,0,0,6597.6,2,0,0,0,0,0,0,0,0
219,2017-04-14,09:32:00,900,IC1704,CCFX,6597.6,6595.8,6608.4,261,344640360,18579,18790,7265,5944.2,6604.6,6610,0.0,6605,0.0,0,0,2017-04-14,34320900,6597.0,5,0,0,0,0,0,0,0,0,6598.4,1,0,0,0,0,0,0,0,0
220,2017-04-14,09:32:01,400,IC1704,CCFX,6598.0,6595.8,6608.4,262,345959960,18579,18790,7265,5944.2,6604.6,6610,0.0,6605,0.0,0,0,2017-04-14,34321400,6597.0,5,0,0,0,0,0,0,0,0,6598.4,1,0,0,0,0,0,0,0,0
221,2017-04-14,09:32:01,900,IC1704,CCFX,6598.0,6595.8,6608.4,262,345959960,18579,18790,7265,5944.2,6604.6,6610,0.0,6605,0.0,0,0,2017-04-14,34321900,6597.6,2,0,0,0,0,0,0,0,0,6598.4,1,0,0,0,0,0,0,0,0
222,2017-04-14,09:32:02,400,IC1704,CCFX,6598.0,6595.8,6608.4,262,345959960,18579,18790,7265,5944.2,6604.6,6610,0.0,6605,0.0,0,0,2017-04-14,34322400,6597.6,2,0,0,0,0,0,0,0,0,6598.6,2,0,0,0,0,0,0,0,0
223,2017-04-14,09:32:02,900,IC1704,CCFX,6598.0,6595.8,6608.4,262,345959960,18579,18790,7265,5944.2,6604.6,6610,0.0,6605,0.0,0,0,2017-04-14,34322900,6597.6,2,0,0,0,0,0,0,0,0,6598.6,2,0,0,0,0,0,0,0,0
224,2017-04-14,09:32:04,400,IC1704,CCFX,6598.6,6595.8,6608.4,263,347279680,18578,18790,7265,5944.2,6604.6,6610,0.0,6605,0.0,0,0,2017-04-14,34324400,6597.6,2,0,0,0,0,0,0,0,0,6598.6,1,0,0,0,0,0,0,0,0
225,2017-04-14,09:32:04,900,IC1704,CCFX,6598.6,6595.8,6608.4,264,348599400,18577,18790,7265,5944.2,6604.6,6610,0.0,6605,0.0,0,0,2017-04-14,34324900,6597.6,2,0,0,0,0,0,0,0,0,6599.4,1,0,0,0,0,0,0,0,0
226,2017-04-14,09:32:05,400,IC1704,CCFX,6598.6,6595.8,6608.4,264,348599400,18577,18790,7265,5944.2,6604.6,6610,0.0,6605,0.0,0,0,2017-04-14,34325400,6599.4,1,0,0,0,0,0,0,0,0,6599.6,1,0,0,0,0,0,0,0,0
227,2017-04-14,09:32:05,900,IC1704,CCFX,6598.6,6595.8,6608.4,264,348599400,18577,18790,7265,5944.2,6604.6,6610,0.0,6605,0.0,0,0,2017-04-14,34325900,6599.4,1,0,0,0,0,0,0,0,0,6599.6,1,0,0,0,0,0,0,0,0
228,2017-04-14,09:32:06,400,IC1704,CCFX,6599.6,6595.8,6608.4,265,349919320,18576,18790,7265,5944.2,6604.6,6610,0.0,6605,0.0,0,0,2017-04-14,34326400,6599.4,1,0,0,0,0,0,0,0,0,6600.0,3,0,0,0,0,0,0,0,0
229,2017-04-14,09:32:06,900,IC1704,CCFX,6600.0,6595.8,6608.4,266,351239320,18575,18790,7265,5944.2,6604.6,6610,0.0,6605,0.0,0,0,2017-04-14,34326900,6599.4,1,0,0,0,0,0,0,0,0,6600.0,2,0,0,0,0,0,0,0,0
230,2017-04-14,09:32:07,400,IC1704,CCFX,6600.0,6595.8,6608.4,268,353879320,18573,18790,7265,5944.2,6604.6,6610,0.0,6605,0.0,0,0,2017-04-14,34327400,6599.6,1,0,0,0,0,0,0,0,0,6600.8,1,0,0,0,0,0,0,0,0
231,2017-04-14,09:32:07,900,IC1704,CCFX,6600.8,6595.8,6608.4,269,355199480,18572,18790,7265,5944.2,6604.6,6610,0.0,6605,0.0,0,0,2017-04-14,34327900,6599.6,1,0,0,0,0,0,0,0,0,6603.8,1,0,0,0,0,0,0,0,0
232,2017-04-14,09:32:08,400,IC1704,CCFX,6600.8,6595.8,6608.4,269,355199480,18572,18790,7265,5944.2,6604.6,6610,0.0,6605,0.0,0,0,2017-04-14,34328400,6600.0,5,0,0,0,0,0,0,0,0,6603.2,1,0,0,0,0,0,0,0,0
233,2017-04-14,09:32:08,900,IC1704,CCFX,6600.8,6595.8,6608.4,269,355199480,18572,18790,7265,5944.2,6604.6,6610,0.0,6605,0.0,0,0,2017-04-14,34328900,6600.0,3,0,0,0,0,0,0,0,0,6603.0,2,0,0,0,0,0,0,0,0
234,2017-04-14,09:32:09,400,IC1704,CCFX,6600.8,6595.8,6608.4,269,355199480,18572,18790,7265,5944.2,6604.6,6610,0.0,6605,0.0,0,0,2017-04-14,34329400,6600.0,3,0,0,0,0,0,0,0,0,6602.8,1,0,0,0,0,0,0,0,0
235,2017-04-14,09:32:09,900,IC1704,CCFX,6600.8,6595.8,6608.4,269,355199480,18572,18790,7265,5944.2,6604.6,6610,0.0,6605,0.0,0,0,2017-04-14,34329900,6600.0,3,0,0,0,0,0,0,0,0,6602.6,2,0,0,0,0,0,0,0,0
236,2017-04-14,09:32:10,400,IC1704,CCFX,6600.8,6595.8,6608.4,269,355199480,18572,18790,7265,5944.2,6604.6,6610,0.0,6605,0.0,0,0,2017-04-14,34330400,6600.0,2,0,0,0,0,0,0,0,0,6602.4,1,0,0,0,0,0,0,0,0
237,2017-04-14,09:32:10,900,IC1704,CCFX,6600.8,6595.8,6608.4,269,355199480,18572,18790,7265,5944.2,6604.6,6610,0.0,6605,0.0,0,0,2017-04-14,34330900,6600.0,1,0,0,0,0,0,0,0,0,6602.2,1,0,0,0,0,0,0,0,0
238,2017-04-14,09:32:11,400,IC1704,CCFX,6600.8,6595.8,6608.4,269,355199480,18572,18790,7265,5944.2,6604.6,6610,0.0,6605,0.0,0,0,2017-04-14,34331400,6600.2,1,0,0,0,0,0,0,0,0,6602.2,1,0,0,0,0,0,0,0,0
239,2017-04-14,09:32:11,900,IC1704,CCFX,6600.8,6595.8,6608.4,269,355199480,18572,18790,7265,5944.2,6604.6,6610,0.0,6605,0.0,0,0,2017-04-14,34331900,6600.2,1,0,0,0,0,0,0,0,0,6602.0,1,0,0,0,0,0,0,0,0
240,2017-04-14,09:32:12,400,IC1704,CCFX,6600.8,6595.8,6608.4,269,355199480,18572,18790,7265,5944.2,6604.6,6610,0.0,6605,0.0,0,0,2017-04-14,34332400,6600.2,1,0,0,0,0,0,0,0,0,6602.0,1,0,0,0,0,0,0,0,0
241,2017-04-14,09:32:12,900,IC1704,CCFX,6600.8,6595.8,6608.4,269,355199480,18572,18790,7265,5944.2,6604.6,6610,0.0,6605,0.0,0,0,2017-04-14,34332900,6600.2,1,0,0,0,0,0,0,0,0,6601.8,1,0,0,0,0,0,0,0,0
242,2017-04-14,09:32:13,900,IC1704,CCFX,6600.8,6595.8,6608.4,269,355199480,18572,18790,7265,5944.2,6604.6,6610,0.0,6605,0.0,0,0,2017-04-14,34333900,6600.2,1,0,0,0,0,0,0,0,0,6601.8,1,0,0,0,0,0,0,0,0
243,2017-04-14,09:32:15,900,IC1704,CCFX,6600.2,6595.8,6608.4,270,356519520,18571,18790,7265,5944.2,6604.6,6610,0.0,6605,0.0,0,0,2017-04-14,34335900,6599.4,1,0,0,0,0,0,0,0,0,6601.6,1,0,0,0,0,0,0,0,0
244,2017-04-14,09:32:16,400,IC1704,CCFX,6600.2,6595.8,6608.4,270,356519520,18571,18790,7265,5944.2,6604.6,6610,0.0,6605,0.0,0,0,2017-04-14,34336400,6599.4,1,0,0,0,0,0,0,0,0,6601.4,1,0,0,0,0,0,0,0,0
245,2017-04-14,09:32:17,900,IC1704,CCFX,6600.2,6595.8,6608.4,270,356519520,18571,18790,7265,5944.2,6604.6,6610,0.0,6605,0.0,0,0,2017-04-14,34337900,6599.4,1,0,0,0,0,0,0,0,0,6601.4,1,0,0,0,0,0,0,0,0
246,2017-04-14,09:32:18,400,IC1704,CCFX,6600.2,6595.8,6608.4,270,356519520,18571,18790,7265,5944.2,6604.6,6610,0.0,6605,0.0,0,0,2017-04-14,34338400,6599.4,1,0,0,0,0,0,0,0,0,6601.4,1,0,0,0,0,0,0,0,0
247,2017-04-14,09:32:18,900,IC1704,CCFX,6600.2,6595.8,6608.4,270,356519520,18571,18790,7265,5944.2,6604.6,6610,0.0,6605,0.0,0,0,2017-04-14,34338900,6600.0,3,0,0,0,0,0,0,0,0,6601.4,1,0,0,0,0,0,0,0,0
248,2017-04-14,09:32:19,400,IC1704,CCFX,6600.2,6595.8,6608.4,270,356519520,18571,18790,7265,5944.2,6604.6,6610,0.0,6605,0.0,0,0,2017-04-14,34339400,6600.0,3,0,0,0,0,0,0,0,0,6601.4,2,0,0,0,0,0,0,0,0
249,2017-04-14,09:32:19,900,IC1704,CCFX,6600.0,6595.8,6608.4,271,357839520,18570,18790,7265,5944.2,6604.6,6610,0.0,6605,0.0,0,0,2017-04-14,34339900,6600.0,2,0,0,0,0,0,0,0,0,6601.4,2,0,0,0,0,0,0,0,0
250,2017-04-14,09:32:20,900,IC1704,CCFX,6600.0,6595.8,6608.4,272,359159520,18569,18790,7265,5944.2,6604.6,6610,0.0,6605,0.0,0,0,2017-04-14,34340900,6601.0,1,0,0,0,0,0,0,0,0,6601.4,2,0,0,0,0,0,0,0,0
251,2017-04-14,09:32:21,400,IC1704,CCFX,6600.6,6595.8,6608.4,273,360479640,18568,18790,7265,5944.2,6604.6,6610,0.0,6605,0.0,0,0,2017-04-14,34341400,6600.0,1,0,0,0,0,0,0,0,0,6600.8,2,0,0,0,0,0,0,0,0
252,2017-04-14,09:32:21,900,IC1704,CCFX,6600.0,6595.8,6608.4,274,361799640,18567,18790,7265,5944.2,6604.6,6610,0.0,6605,0.0,0,0,2017-04-14,34341900,6599.6,1,0,0,0,0,0,0,0,0,6600.8,2,0,0,0,0,0,0,0,0
253,2017-04-14,09:32:22,400,IC1704,CCFX,6599.6,6595.8,6608.4,276,364439680,18565,18790,7265,5944.2,6604.6,6610,0.0,6605,0.0,0,0,2017-04-14,34342400,6599.4,1,0,0,0,0,0,0,0,0,6600.8,2,0,0,0,0,0,0,0,0
254,2017-04-14,09:32:22,900,IC1704,CCFX,6599.6,6595.8,6608.4,276,364439680,18565,18790,7265,5944.2,6604.6,6610,0.0,6605,0.0,0,0,2017-04-14,34342900,6599.4,1,0,0,0,0,0,0,0,0,6600.6,2,0,0,0,0,0,0,0,0
255,2017-04-14,09:32:23,400,IC1704,CCFX,6599.6,6595.8,6608.4,276,364439680,18565,18790,7265,5944.2,6604.6,6610,0.0,6605,0.0,0,0,2017-04-14,34343400,6599.4,1,0,0,0,0,0,0,0,0,6600.6,1,0,0,0,0,0,0,0,0
256,2017-04-14,09:32:23,900,IC1704,CCFX,6600.6,6595.8,6608.4,277,365759800,18565,18790,7265,5944.2,6604.6,6610,0.0,6605,0.0,0,0,2017-04-14,34343900,6600.6,1,0,0,0,0,0,0,0,0,6601.2,1,0,0,0,0,0,0,0,0
257,2017-04-14,09:32:24,400,IC1704,CCFX,6600.6,6595.8,6608.4,278,367079920,18565,18790,7265,5944.2,6604.6,6610,0.0,6605,0.0,0,0,2017-04-14,34344400,6599.4,1,0,0,0,0,0,0,0,0,6600.6,1,0,0,0,0,0,0,0,0
258,2017-04-14,09:32:24,900,IC1704,CCFX,6600.6,6595.8,6608.4,278,367079920,18565,18790,7265,5944.2,6604.6,6610,0.0,6605,0.0,0,0,2017-04-14,34344900,6599.4,1,0,0,0,0,0,0,0,0,6599.6,6,0,0,0,0,0,0,0,0
259,2017-04-14,09:32:25,400,IC1704,CCFX,6599.4,6595.8,6608.4,279,368399800,18564,18790,7265,5944.2,6604.6,6610,0.0,6605,0.0,0,0,2017-04-14,34345400,6598.8,2,0,0,0,0,0,0,0,0,6599.6,6,0,0,0,0,0,0,0,0
260,2017-04-14,09:32:25,900,IC1704,CCFX,6599.4,6595.8,6608.4,279,368399800,18564,18790,7265,5944.2,6604.6,6610,0.0,6605,0.0,0,0,2017-04-14,34345900,6598.8,2,0,0,0,0,0,0,0,0,6599.6,6,0,0,0,0,0,0,0,0
261,2017-04-14,09:32:26,400,IC1704,CCFX,6599.4,6595.8,6608.4,279,368399800,18564,18790,7265,5944.2,6604.6,6610,0.0,6605,0.0,0,0,2017-04-14,34346400,6599.4,1,0,0,0,0,0,0,0,0,6599.6,6,0,0,0,0,0,0,0,0
262,2017-04-14,09:32:26,900,IC1704,CCFX,6599.6,6595.8,6608.4,281,371039640,18562,18790,7265,5944.2,6604.6,6610,0.0,6605,0.0,0,0,2017-04-14,34346900,6599.4,1,0,0,0,0,0,0,0,0,6599.6,4,0,0,0,0,0,0,0,0
263,2017-04-14,09:32:27,400,IC1704,CCFX,6599.6,6595.8,6608.4,283,373679480,18560,18790,7265,5944.2,6604.6,6610,0.0,6605,0.0,0,0,2017-04-14,34347400,6599.4,1,0,0,0,0,0,0,0,0,6599.6,2,0,0,0,0,0,0,0,0
264,2017-04-14,09:32:27,900,IC1704,CCFX,6599.6,6595.8,6608.4,285,376319320,18558,18790,7265,5944.2,6604.6,6610,0.0,6605,0.0,0,0,2017-04-14,34347900,6599.4,1,0,0,0,0,0,0,0,0,6600.6,1,0,0,0,0,0,0,0,0
265,2017-04-14,09:32:28,900,IC1704,CCFX,6599.6,6595.8,6608.4,285,376319320,18558,18790,7265,5944.2,6604.6,6610,0.0,6605,0.0,0,0,2017-04-14,34348900,6599.6,1,0,0,0,0,0,0,0,0,6600.6,1,0,0,0,0,0,0,0,0
266,2017-04-14,09:32:30,900,IC1704,CCFX,6599.6,6595.8,6608.4,285,376319320,18558,18790,7265,5944.2,6604.6,6610,0.0,6605,0.0,0,0,2017-04-14,34350900,6599.8,1,0,0,0,0,0,0,0,0,6600.6,1,0,0,0,0,0,0,0,0
267,2017-04-14,09:32:32,400,IC1704,CCFX,6599.6,6595.8,6608.4,285,376319320,18558,18790,7265,5944.2,6604.6,6610,0.0,6605,0.0,0,0,2017-04-14,34352400,6599.8,1,0,0,0,0,0,0,0,0,6600.6,1,0,0,0,0,0,0,0,0
268,2017-04-14,09:32:32,900,IC1704,CCFX,6599.6,6595.8,6608.4,285,376319320,18558,18790,7265,5944.2,6604.6,6610,0.0,6605,0.0,0,0,2017-04-14,34352900,6599.8,1,0,0,0,0,0,0,0,0,6600.0,2,0,0,0,0,0,0,0,0
269,2017-04-14,09:32:33,900,IC1704,CCFX,6599.6,6595.8,6608.4,285,376319320,18558,18790,7265,5944.2,6604.6,6610,0.0,6605,0.0,0,0,2017-04-14,34353900,6599.8,1,0,0,0,0,0,0,0,0,6600.0,2,0,0,0,0,0,0,0,0
270,2017-04-14,09:32:34,400,IC1704,CCFX,6599.6,6595.8,6608.4,285,376319320,18558,18790,7265,5944.2,6604.6,6610,0.0,6605,0.0,0,0,2017-04-14,34354400,6599.6,1,0,0,0,0,0,0,0,0,6600.0,2,0,0,0,0,0,0,0,0
271,2017-04-14,09:32:34,900,IC1704,CCFX,6599.6,6595.8,6608.4,285,376319320,18558,18790,7265,5944.2,6604.6,6610,0.0,6605,0.0,0,0,2017-04-14,34354900,6599.6,1,0,0,0,0,0,0,0,0,6600.0,2,0,0,0,0,0,0,0,0
272,2017-04-14,09:32:35,400,IC1704,CCFX,6599.6,6595.8,6608.4,285,376319320,18558,18790,7265,5944.2,6604.6,6610,0.0,6605,0.0,0,0,2017-04-14,34355400,6599.6,1,0,0,0,0,0,0,0,0,6600.0,2,0,0,0,0,0,0,0,0
273,2017-04-14,09:32:35,900,IC1704,CCFX,6599.6,6595.8,6608.4,286,377639240,18557,18790,7265,5944.2,6604.6,6610,0.0,6605,0.0,0,0,2017-04-14,34355900,6599.4,1,0,0,0,0,0,0,0,0,6600.0,2,0,0,0,0,0,0,0,0
274,2017-04-14,09:32:36,400,IC1704,CCFX,6599.4,6595.8,6608.4,287,378959120,18557,18790,7265,5944.2,6604.6,6610,0.0,6605,0.0,0,0,2017-04-14,34356400,6598.8,2,0,0,0,0,0,0,0,0,6600.0,2,0,0,0,0,0,0,0,0
275,2017-04-14,09:32:36,900,IC1704,CCFX,6598.8,6595.8,6608.4,288,380278880,18556,18790,7265,5944.2,6604.6,6610,0.0,6605,0.0,0,0,2017-04-14,34356900,6598.8,1,0,0,0,0,0,0,0,0,6599.8,1,0,0,0,0,0,0,0,0
276,2017-04-14,09:32:37,400,IC1704,CCFX,6598.8,6595.8,6608.4,288,380278880,18556,18790,7265,5944.2,6604.6,6610,0.0,6605,0.0,0,0,2017-04-14,34357400,6598.8,1,0,0,0,0,0,0,0,0,6599.6,2,0,0,0,0,0,0,0,0
277,2017-04-14,09:32:37,900,IC1704,CCFX,6599.6,6595.8,6608.4,290,382918720,18557,18790,7265,5944.2,6604.6,6610,0.0,6605,0.0,0,0,2017-04-14,34357900,6598.8,1,0,0,0,0,0,0,0,0,6599.6,1,0,0,0,0,0,0,0,0
278,2017-04-14,09:32:38,900,IC1704,CCFX,6599.6,6595.8,6608.4,290,382918720,18557,18790,7265,5944.2,6604.6,6610,0.0,6605,0.0,0,0,2017-04-14,34358900,6598.8,1,0,0,0,0,0,0,0,0,6599.4,1,0,0,0,0,0,0,0,0
279,2017-04-14,09:32:39,400,IC1704,CCFX,6598.8,6595.8,6608.4,291,384238480,18556,18790,7265,5944.2,6604.6,6610,0.0,6605,0.0,0,0,2017-04-14,34359400,6597.8,1,0,0,0,0,0,0,0,0,6598.8,3,0,0,0,0,0,0,0,0
280,2017-04-14,09:32:39,900,IC1704,CCFX,6598.8,6595.8,6608.4,291,384238480,18556,18790,7265,5944.2,6604.6,6610,0.0,6605,0.0,0,0,2017-04-14,34359900,6597.8,1,0,0,0,0,0,0,0,0,6598.8,3,0,0,0,0,0,0,0,0
281,2017-04-14,09:32:40,400,IC1704,CCFX,6598.8,6595.8,6608.4,291,384238480,18556,18790,7265,5944.2,6604.6,6610,0.0,6605,0.0,0,0,2017-04-14,34360400,6597.8,1,0,0,0,0,0,0,0,0,6598.2,2,0,0,0,0,0,0,0,0
282,2017-04-14,09:32:40,900,IC1704,CCFX,6597.8,6595.8,6608.4,292,385558040,18555,18790,7265,5944.2,6604.6,6610,0.0,6605,0.0,0,0,2017-04-14,34360900,6597.6,2,0,0,0,0,0,0,0,0,6598.2,2,0,0,0,0,0,0,0,0
283,2017-04-14,09:32:41,400,IC1704,CCFX,6597.6,6595.8,6608.4,294,388197080,18553,18790,7265,5944.2,6604.6,6610,0.0,6605,0.0,0,0,2017-04-14,34361400,6597.0,5,0,0,0,0,0,0,0,0,6598.0,1,0,0,0,0,0,0,0,0
284,2017-04-14,09:32:41,900,IC1704,CCFX,6597.6,6595.8,6608.4,294,388197080,18553,18790,7265,5944.2,6604.6,6610,0.0,6605,0.0,0,0,2017-04-14,34361900,6597.0,5,0,0,0,0,0,0,0,0,6598.0,1,0,0,0,0,0,0,0,0
285,2017-04-14,09:32:42,400,IC1704,CCFX,6598.0,6595.8,6608.4,295,389516680,18552,18790,7265,5944.2,6604.6,6610,0.0,6605,0.0,0,0,2017-04-14,34362400,6597.0,5,0,0,0,0,0,0,0,0,6598.2,2,0,0,0,0,0,0,0,0
286,2017-04-14,09:32:42,900,IC1704,CCFX,6598.0,6595.8,6608.4,295,389516680,18552,18790,7265,5944.2,6604.6,6610,0.0,6605,0.0,0,0,2017-04-14,34362900,6597.0,5,0,0,0,0,0,0,0,0,6597.8,1,0,0,0,0,0,0,0,0
287,2017-04-14,09:32:43,900,IC1704,CCFX,6598.0,6595.8,6608.4,295,389516680,18552,18790,7265,5944.2,6604.6,6610,0.0,6605,0.0,0,0,2017-04-14,34363900,6597.0,5,0,0,0,0,0,0,0,0,6597.8,9,0,0,0,0,0,0,0,0
288,2017-04-14,09:32:44,400,IC1704,CCFX,6597.0,6595.8,6608.4,298,393474880,18549,18790,7265,5944.2,6604.6,6610,0.0,6605,0.0,0,0,2017-04-14,34364400,6597.0,2,0,0,0,0,0,0,0,0,6597.8,9,0,0,0,0,0,0,0,0
289,2017-04-14,09:32:44,900,IC1704,CCFX,6597.0,6595.8,6608.4,300,396113680,18547,18790,7265,5944.2,6604.6,6610,0.0,6605,0.0,0,0,2017-04-14,34364900,6596.2,2,0,0,0,0,0,0,0,0,6597.0,1,0,0,0,0,0,0,0,0
290,2017-04-14,09:32:45,400,IC1704,CCFX,6596.2,6595.8,6608.4,301,397432920,18546,18790,7265,5944.2,6604.6,6610,0.0,6605,0.0,0,0,2017-04-14,34365400,6596.2,1,0,0,0,0,0,0,0,0,6597.0,2,0,0,0,0,0,0,0,0
291,2017-04-14,09:32:45,900,IC1704,CCFX,6596.2,6595.8,6608.4,301,397432920,18546,18790,7265,5944.2,6604.6,6610,0.0,6605,0.0,0,0,2017-04-14,34365900,6596.2,1,0,0,0,0,0,0,0,0,6597.0,2,0,0,0,0,0,0,0,0
292,2017-04-14,09:32:46,400,IC1704,CCFX,6597.0,6595.8,6608.4,303,400071560,18544,18790,7265,5944.2,6604.6,6610,0.0,6605,0.0,0,0,2017-04-14,34366400,6595.4,3,0,0,0,0,0,0,0,0,6597.0,1,0,0,0,0,0,0,0,0
293,2017-04-14,09:32:46,900,IC1704,CCFX,6597.0,6595.8,6608.4,303,400071560,18544,18790,7265,5944.2,6604.6,6610,0.0,6605,0.0,0,0,2017-04-14,34366900,6595.4,3,0,0,0,0,0,0,0,0,6596.2,1,0,0,0,0,0,0,0,0
294,2017-04-14,09:32:47,400,IC1704,CCFX,6597.0,6595.8,6608.4,303,400071560,18544,18790,7265,5944.2,6604.6,6610,0.0,6605,0.0,0,0,2017-04-14,34367400,6595.4,3,0,0,0,0,0,0,0,0,6595.6,3,0,0,0,0,0,0,0,0
295,2017-04-14,09:32:47,900,IC1704,CCFX,6595.6,6595.6,6608.4,305,402709800,18542,18790,7265,5944.2,6604.6,6610,0.0,6605,0.0,0,0,2017-04-14,34367900,6595.4,3,0,0,0,0,0,0,0,0,6595.6,1,0,0,0,0,0,0,0,0
296,2017-04-14,09:32:48,400,IC1704,CCFX,6595.6,6595.6,6608.4,306,404028920,18542,18790,7265,5944.2,6604.6,6610,0.0,6605,0.0,0,0,2017-04-14,34368400,6595.4,3,0,0,0,0,0,0,0,0,6596.2,1,0,0,0,0,0,0,0,0
297,2017-04-14,09:32:48,900,IC1704,CCFX,6595.6,6595.6,6608.4,307,405348040,18541,18790,7265,5944.2,6604.6,6610,0.0,6605,0.0,0,0,2017-04-14,34368900,6595.4,3,0,0,0,0,0,0,0,0,6595.6,1,0,0,0,0,0,0,0,0
298,2017-04-14,09:32:49,900,IC1704,CCFX,6595.6,6595.6,6608.4,308,406667160,18541,18790,7265,5944.2,6604.6,6610,0.0,6605,0.0,0,0,2017-04-14,34369900,6595.4,3,0,0,0,0,0,0,0,0,6596.2,1,0,0,0,0,0,0,0,0
299,2017-04-14,09:32:51,400,IC1704,CCFX,6595.6,6595.6,6608.4,308,406667160,18541,18790,7265,5944.2,6604.6,6610,0.0,6605,0.0,0,0,2017-04-14,34371400,6595.4,3,0,0,0,0,0,0,0,0,6596.2,1,0,0,0,0,0,0,0,0
300,2017-04-14,09:32:51,900,IC1704,CCFX,6595.6,6595.6,6608.4,308,406667160,18541,18790,7265,5944.2,6604.6,6610,0.0,6605,0.0,0,0,2017-04-14,34371900,6595.6,1,0,0,0,0,0,0,0,0,6596.2,1,0,0,0,0,0,0,0,0
301,2017-04-14,09:32:52,400,IC1704,CCFX,6595.6,6595.6,6608.4,309,407986280,18541,18790,7265,5944.2,6604.6,6610,0.0,6605,0.0,0,0,2017-04-14,34372400,6595.4,3,0,0,0,0,0,0,0,0,6595.6,1,0,0,0,0,0,0,0,0
302,2017-04-14,09:32:52,900,IC1704,CCFX,6595.4,6595.4,6608.4,311,410624440,18539,18790,7265,5944.2,6604.6,6610,0.0,6605,0.0,0,0,2017-04-14,34372900,6595.4,1,0,0,0,0,0,0,0,0,6595.6,1,0,0,0,0,0,0,0,0
303,2017-04-14,09:32:53,400,IC1704,CCFX,6595.6,6595.4,6608.4,312,411943560,18540,18790,7265,5944.2,6604.6,6610,0.0,6605,0.0,0,0,2017-04-14,34373400,6595.4,1,0,0,0,0,0,0,0,0,6596.2,1,0,0,0,0,0,0,0,0
304,2017-04-14,09:32:54,400,IC1704,CCFX,6595.6,6595.4,6608.4,312,411943560,18540,18790,7265,5944.2,6604.6,6610,0.0,6605,0.0,0,0,2017-04-14,34374400,6595.4,1,0,0,0,0,0,0,0,0,6596.2,1,0,0,0,0,0,0,0,0
305,2017-04-14,09:32:55,400,IC1704,CCFX,6595.6,6595.4,6608.4,312,411943560,18540,18790,7265,5944.2,6604.6,6610,0.0,6605,0.0,0,0,2017-04-14,34375400,6595.6,1,0,0,0,0,0,0,0,0,6596.0,2,0,0,0,0,0,0,0,0
306,2017-04-14,09:32:55,900,IC1704,CCFX,6596.2,6595.4,6608.4,315,415901200,18537,18790,7265,5944.2,6604.6,6610,0.0,6605,0.0,0,0,2017-04-14,34375900,6595.6,1,0,0,0,0,0,0,0,0,6597.8,8,0,0,0,0,0,0,0,0
307,2017-04-14,09:32:56,400,IC1704,CCFX,6596.2,6595.4,6608.4,315,415901200,18537,18790,7265,5944.2,6604.6,6610,0.0,6605,0.0,0,0,2017-04-14,34376400,6595.6,1,0,0,0,0,0,0,0,0,6597.6,1,0,0,0,0,0,0,0,0
308,2017-04-14,09:32:56,900,IC1704,CCFX,6597.6,6595.4,6608.4,316,417220720,18536,18790,7265,5944.2,6604.6,6610,0.0,6605,0.0,0,0,2017-04-14,34376900,6595.8,1,0,0,0,0,0,0,0,0,6597.0,1,0,0,0,0,0,0,0,0
309,2017-04-14,09:32:57,400,IC1704,CCFX,6597.4,6595.4,6608.4,318,419859600,18535,18790,7265,5944.2,6604.6,6610,0.0,6605,0.0,0,0,2017-04-14,34377400,6597.2,1,0,0,0,0,0,0,0,0,6597.8,8,0,0,0,0,0,0,0,0
310,2017-04-14,09:32:57,900,IC1704,CCFX,6597.8,6595.4,6608.4,321,423818280,18532,18790,7265,5944.2,6604.6,6610,0.0,6605,0.0,0,0,2017-04-14,34377900,6596.0,1,0,0,0,0,0,0,0,0,6597.8,6,0,0,0,0,0,0,0,0
311,2017-04-14,09:32:58,400,IC1704,CCFX,6597.8,6595.4,6608.4,323,426457400,18530,18790,7265,5944.2,6604.6,6610,0.0,6605,0.0,0,0,2017-04-14,34378400,6597.2,2,0,0,0,0,0,0,0,0,6597.6,1,0,0,0,0,0,0,0,0
312,2017-04-14,09:32:58,900,IC1704,CCFX,6597.8,6595.4,6608.4,329,434374760,18524,18790,7265,5944.2,6604.6,6610,0.0,6605,0.0,0,0,2017-04-14,34378900,6597.6,4,0,0,0,0,0,0,0,0,6599.4,1,0,0,0,0,0,0,0,0
313,2017-04-14,09:32:59,400,IC1704,CCFX,6597.8,6595.4,6608.4,329,434374760,18524,18790,7265,5944.2,6604.6,6610,0.0,6605,0.0,0,0,2017-04-14,34379400,6597.8,1,0,0,0,0,0,0,0,0,6599.4,1,0,0,0,0,0,0,0,0
314,2017-04-14,09:32:59,900,IC1704,CCFX,6597.8,6595.4,6608.4,329,434374760,18524,18790,7265,5944.2,6604.6,6610,0.0,6605,0.0,0,0,2017-04-14,34379900,6597.8,1,0,0,0,0,0,0,0,0,6599.4,1,0,0,0,0,0,0,0,0
315,2017-04-14,09:33:00,400,IC1704,CCFX,6597.8,6595.4,6608.4,329,434374760,18524,18790,7265,5944.2,6604.6,6610,0.0,6605,0.0,0,0,2017-04-14,34380400,6597.8,1,0,0,0,0,0,0,0,0,6599.4,1,0,0,0,0,0,0,0,0
316,2017-04-14,09:33:01,900,IC1704,CCFX,6597.8,6595.4,6608.4,330,435694320,18523,18790,7265,5944.2,6604.6,6610,0.0,6605,0.0,0,0,2017-04-14,34381900,6596.2,2,0,0,0,0,0,0,0,0,6599.4,1,0,0,0,0,0,0,0,0
317,2017-04-14,09:33:02,400,IC1704,CCFX,6597.8,6595.4,6608.4,330,435694320,18523,18790,7265,5944.2,6604.6,6610,0.0,6605,0.0,0,0,2017-04-14,34382400,6596.6,1,0,0,0,0,0,0,0,0,6597.4,7,0,0,0,0,0,0,0,0
318,2017-04-14,09:33:02,900,IC1704,CCFX,6597.4,6595.4,6608.4,333,439652760,18520,18790,7265,5944.2,6604.6,6610,0.0,6605,0.0,0,0,2017-04-14,34382900,6596.8,1,0,0,0,0,0,0,0,0,6597.4,4,0,0,0,0,0,0,0,0
319,2017-04-14,09:33:03,400,IC1704,CCFX,6597.4,6595.4,6608.4,333,439652760,18520,18790,7265,5944.2,6604.6,6610,0.0,6605,0.0,0,0,2017-04-14,34383400,6596.6,1,0,0,0,0,0,0,0,0,6597.4,4,0,0,0,0,0,0,0,0
320,2017-04-14,09:33:03,900,IC1704,CCFX,6597.4,6595.4,6608.4,333,439652760,18520,18790,7265,5944.2,6604.6,6610,0.0,6605,0.0,0,0,2017-04-14,34383900,6596.6,1,0,0,0,0,0,0,0,0,6597.4,4,0,0,0,0,0,0,0,0
321,2017-04-14,09:33:05,400,IC1704,CCFX,6597.4,6595.4,6608.4,334,440972240,18519,18790,7265,5944.2,6604.6,6610,0.0,6605,0.0,0,0,2017-04-14,34385400,6596.6,1,0,0,0,0,0,0,0,0,6597.4,3,0,0,0,0,0,0,0,0
322,2017-04-14,09:33:05,900,IC1704,CCFX,6597.4,6595.4,6608.4,334,440972240,18519,18790,7265,5944.2,6604.6,6610,0.0,6605,0.0,0,0,2017-04-14,34385900,6596.8,1,0,0,0,0,0,0,0,0,6597.4,3,0,0,0,0,0,0,0,0
323,2017-04-14,09:33:06,400,IC1704,CCFX,6597.4,6595.4,6608.4,336,443611120,18517,18790,7265,5944.2,6604.6,6610,0.0,6605,0.0,0,0,2017-04-14,34386400,6596.6,1,0,0,0,0,0,0,0,0,6597.4,2,0,0,0,0,0,0,0,0
324,2017-04-14,09:33:07,400,IC1704,CCFX,6597.4,6595.4,6608.4,336,443611120,18517,18790,7265,5944.2,6604.6,6610,0.0,6605,0.0,0,0,2017-04-14,34387400,6596.6,1,0,0,0,0,0,0,0,0,6597.4,2,0,0,0,0,0,0,0,0
325,2017-04-14,09:33:07,900,IC1704,CCFX,6597.4,6595.4,6608.4,336,443611120,18517,18790,7265,5944.2,6604.6,6610,0.0,6605,0.0,0,0,2017-04-14,34387900,6596.6,1,0,0,0,0,0,0,0,0,6597.4,2,0,0,0,0,0,0,0,0
326,2017-04-14,09:33:08,400,IC1704,CCFX,6597.4,6595.4,6608.4,336,443611120,18517,18790,7265,5944.2,6604.6,6610,0.0,6605,0.0,0,0,2017-04-14,34388400,6596.6,1,0,0,0,0,0,0,0,0,6597.4,2,0,0,0,0,0,0,0,0
327,2017-04-14,09:33:08,900,IC1704,CCFX,6597.4,6595.4,6608.4,336,443611120,18517,18790,7265,5944.2,6604.6,6610,0.0,6605,0.0,0,0,2017-04-14,34388900,6596.8,1,0,0,0,0,0,0,0,0,6597.4,2,0,0,0,0,0,0,0,0
328,2017-04-14,09:33:09,400,IC1704,CCFX,6597.4,6595.4,6608.4,336,443611120,18517,18790,7265,5944.2,6604.6,6610,0.0,6605,0.0,0,0,2017-04-14,34389400,6596.8,1,0,0,0,0,0,0,0,0,6597.4,2,0,0,0,0,0,0,0,0
329,2017-04-14,09:33:09,900,IC1704,CCFX,6597.4,6595.4,6608.4,337,444930600,18516,18790,7265,5944.2,6604.6,6610,0.0,6605,0.0,0,0,2017-04-14,34389900,6596.8,1,0,0,0,0,0,0,0,0,6597.4,1,0,0,0,0,0,0,0,0
330,2017-04-14,09:33:10,400,IC1704,CCFX,6597.4,6595.4,6608.4,338,446250080,18515,18790,7265,5944.2,6604.6,6610,0.0,6605,0.0,0,0,2017-04-14,34390400,6597.4,2,0,0,0,0,0,0,0,0,6599.2,1,0,0,0,0,0,0,0,0
331,2017-04-14,09:33:10,900,IC1704,CCFX,6597.4,6595.4,6608.4,338,446250080,18515,18790,7265,5944.2,6604.6,6610,0.0,6605,0.0,0,0,2017-04-14,34390900,6597.4,1,0,0,0,0,0,0,0,0,6599.4,1,0,0,0,0,0,0,0,0
332,2017-04-14,09:33:11,400,IC1704,CCFX,6599.4,6595.4,6608.4,339,447569960,18514,18790,7265,5944.2,6604.6,6610,0.0,6605,0.0,0,0,2017-04-14,34391400,6597.4,1,0,0,0,0,0,0,0,0,6599.8,1,0,0,0,0,0,0,0,0
333,2017-04-14,09:33:11,900,IC1704,CCFX,6599.4,6595.4,6608.4,339,447569960,18514,18790,7265,5944.2,6604.6,6610,0.0,6605,0.0,0,0,2017-04-14,34391900,6597.8,1,0,0,0,0,0,0,0,0,6599.8,1,0,0,0,0,0,0,0,0
334,2017-04-14,09:33:12,900,IC1704,CCFX,6599.4,6595.4,6608.4,339,447569960,18514,18790,7265,5944.2,6604.6,6610,0.0,6605,0.0,0,0,2017-04-14,34392900,6597.8,1,0,0,0,0,0,0,0,0,6599.6,1,0,0,0,0,0,0,0,0
335,2017-04-14,09:33:13,400,IC1704,CCFX,6599.4,6595.4,6608.4,339,447569960,18514,18790,7265,5944.2,6604.6,6610,0.0,6605,0.0,0,0,2017-04-14,34393400,6597.4,1,0,0,0,0,0,0,0,0,6599.6,1,0,0,0,0,0,0,0,0
336,2017-04-14,09:33:13,900,IC1704,CCFX,6599.4,6595.4,6608.4,339,447569960,18514,18790,7265,5944.2,6604.6,6610,0.0,6605,0.0,0,0,2017-04-14,34393900,6597.4,1,0,0,0,0,0,0,0,0,6599.6,1,0,0,0,0,0,0,0,0
337,2017-04-14,09:33:14,900,IC1704,CCFX,6599.4,6595.4,6608.4,339,447569960,18514,18790,7265,5944.2,6604.6,6610,0.0,6605,0.0,0,0,2017-04-14,34394900,6597.4,1,0,0,0,0,0,0,0,0,6597.6,1,0,0,0,0,0,0,0,0
338,2017-04-14,09:33:15,400,IC1704,CCFX,6597.6,6595.4,6608.4,340,448889480,18513,18790,7265,5944.2,6604.6,6610,0.0,6605,0.0,0,0,2017-04-14,34395400,6597.8,1,0,0,0,0,0,0,0,0,6599.6,1,0,0,0,0,0,0,0,0
339,2017-04-14,09:33:15,900,IC1704,CCFX,6597.6,6595.4,6608.4,340,448889480,18513,18790,7265,5944.2,6604.6,6610,0.0,6605,0.0,0,0,2017-04-14,34395900,6597.6,1,0,0,0,0,0,0,0,0,6599.4,1,0,0,0,0,0,0,0,0
340,2017-04-14,09:33:16,400,IC1704,CCFX,6597.6,6595.4,6608.4,340,448889480,18513,18790,7265,5944.2,6604.6,6610,0.0,6605,0.0,0,0,2017-04-14,34396400,6597.4,1,0,0,0,0,0,0,0,0,6599.2,1,0,0,0,0,0,0,0,0
341,2017-04-14,09:33:17,400,IC1704,CCFX,6597.6,6595.4,6608.4,340,448889480,18513,18790,7265,5944.2,6604.6,6610,0.0,6605,0.0,0,0,2017-04-14,34397400,6597.4,1,0,0,0,0,0,0,0,0,6599.0,1,0,0,0,0,0,0,0,0
342,2017-04-14,09:33:17,900,IC1704,CCFX,6597.6,6595.4,6608.4,340,448889480,18513,18790,7265,5944.2,6604.6,6610,0.0,6605,0.0,0,0,2017-04-14,34397900,6597.4,1,0,0,0,0,0,0,0,0,6599.0,1,0,0,0,0,0,0,0,0
343,2017-04-14,09:33:18,400,IC1704,CCFX,6597.4,6595.4,6608.4,341,450208960,18512,18790,7265,5944.2,6604.6,6610,0.0,6605,0.0,0,0,2017-04-14,34398400,6596.6,1,0,0,0,0,0,0,0,0,6599.0,1,0,0,0,0,0,0,0,0
344,2017-04-14,09:33:18,900,IC1704,CCFX,6597.4,6595.4,6608.4,341,450208960,18512,18790,7265,5944.2,6604.6,6610,0.0,6605,0.0,0,0,2017-04-14,34398900,6596.6,1,0,0,0,0,0,0,0,0,6598.8,1,0,0,0,0,0,0,0,0
345,2017-04-14,09:33:19,400,IC1704,CCFX,6597.4,6595.4,6608.4,341,450208960,18512,18790,7265,5944.2,6604.6,6610,0.0,6605,0.0,0,0,2017-04-14,34399400,6596.6,1,0,0,0,0,0,0,0,0,6598.6,1,0,0,0,0,0,0,0,0
346,2017-04-14,09:33:19,900,IC1704,CCFX,6598.6,6595.4,6608.4,342,451528680,18511,18790,7265,5944.2,6604.6,6610,0.0,6605,0.0,0,0,2017-04-14,34399900,6596.6,1,0,0,0,0,0,0,0,0,6598.8,1,0,0,0,0,0,0,0,0
347,2017-04-14,09:33:20,400,IC1704,CCFX,6598.6,6595.4,6608.4,342,451528680,18511,18790,7265,5944.2,6604.6,6610,0.0,6605,0.0,0,0,2017-04-14,34400400,6596.6,1,0,0,0,0,0,0,0,0,6598.4,1,0,0,0,0,0,0,0,0
348,2017-04-14,09:33:21,400,IC1704,CCFX,6598.6,6595.4,6608.4,343,452848400,18510,18790,7265,5944.2,6604.6,6610,0.0,6605,0.0,0,0,2017-04-14,34401400,6596.6,1,0,0,0,0,0,0,0,0,6598.8,1,0,0,0,0,0,0,0,0
349,2017-04-14,09:33:24,400,IC1704,CCFX,6598.6,6595.4,6608.4,343,452848400,18510,18790,7265,5944.2,6604.6,6610,0.0,6605,0.0,0,0,2017-04-14,34404400,6598.2,1,0,0,0,0,0,0,0,0,6598.8,1,0,0,0,0,0,0,0,0
350,2017-04-14,09:33:24,900,IC1704,CCFX,6598.2,6595.4,6608.4,344,454168040,18509,18790,7265,5944.2,6604.6,6610,0.0,6605,0.0,0,0,2017-04-14,34404900,6596.6,1,0,0,0,0,0,0,0,0,6598.8,1,0,0,0,0,0,0,0,0
351,2017-04-14,09:33:25,400,IC1704,CCFX,6598.2,6595.4,6608.4,344,454168040,18509,18790,7265,5944.2,6604.6,6610,0.0,6605,0.0,0,0,2017-04-14,34405400,6596.6,1,0,0,0,0,0,0,0,0,6598.8,1,0,0,0,0,0,0,0,0
352,2017-04-14,09:33:26,900,IC1704,CCFX,6598.2,6595.4,6608.4,344,454168040,18509,18790,7265,5944.2,6604.6,6610,0.0,6605,0.0,0,0,2017-04-14,34406900,6598.4,1,0,0,0,0,0,0,0,0,6598.8,1,0,0,0,0,0,0,0,0
353,2017-04-14,09:33:27,400,IC1704,CCFX,6598.4,6595.4,6608.4,345,455487720,18508,18790,7265,5944.2,6604.6,6610,0.0,6605,0.0,0,0,2017-04-14,34407400,6596.6,1,0,0,0,0,0,0,0,0,6598.8,1,0,0,0,0,0,0,0,0
354,2017-04-14,09:33:27,900,IC1704,CCFX,6598.4,6595.4,6608.4,345,455487720,18508,18790,7265,5944.2,6604.6,6610,0.0,6605,0.0,0,0,2017-04-14,34407900,6596.6,1,0,0,0,0,0,0,0,0,6598.8,1,0,0,0,0,0,0,0,0
355,2017-04-14,09:33:28,400,IC1704,CCFX,6598.4,6595.4,6608.4,345,455487720,18508,18790,7265,5944.2,6604.6,6610,0.0,6605,0.0,0,0,2017-04-14,34408400,6596.8,4,0,0,0,0,0,0,0,0,6598.8,1,0,0,0,0,0,0,0,0
356,2017-04-14,09:33:28,900,IC1704,CCFX,6598.4,6595.4,6608.4,345,455487720,18508,18790,7265,5944.2,6604.6,6610,0.0,6605,0.0,0,0,2017-04-14,34408900,6598.0,1,0,0,0,0,0,0,0,0,6598.8,1,0,0,0,0,0,0,0,0
357,2017-04-14,09:33:29,400,IC1704,CCFX,6598.4,6595.4,6608.4,345,455487720,18508,18790,7265,5944.2,6604.6,6610,0.0,6605,0.0,0,0,2017-04-14,34409400,6596.8,3,0,0,0,0,0,0,0,0,6599.8,1,0,0,0,0,0,0,0,0
358,2017-04-14,09:33:29,900,IC1704,CCFX,6598.4,6595.4,6608.4,345,455487720,18508,18790,7265,5944.2,6604.6,6610,0.0,6605,0.0,0,0,2017-04-14,34409900,6597.2,1,0,0,0,0,0,0,0,0,6599.8,1,0,0,0,0,0,0,0,0
359,2017-04-14,09:33:30,400,IC1704,CCFX,6598.4,6595.4,6608.4,345,455487720,18508,18790,7265,5944.2,6604.6,6610,0.0,6605,0.0,0,0,2017-04-14,34410400,6597.4,1,0,0,0,0,0,0,0,0,6599.8,1,0,0,0,0,0,0,0,0
360,2017-04-14,09:33:30,900,IC1704,CCFX,6598.4,6595.4,6608.4,345,455487720,18508,18790,7265,5944.2,6604.6,6610,0.0,6605,0.0,0,0,2017-04-14,34410900,6597.6,1,0,0,0,0,0,0,0,0,6599.8,1,0,0,0,0,0,0,0,0
361,2017-04-14,09:33:33,400,IC1704,CCFX,6598.4,6595.4,6608.4,345,455487720,18508,18790,7265,5944.2,6604.6,6610,0.0,6605,0.0,0,0,2017-04-14,34413400,6598.6,1,0,0,0,0,0,0,0,0,6599.8,1,0,0,0,0,0,0,0,0
362,2017-04-14,09:33:33,900,IC1704,CCFX,6598.4,6595.4,6608.4,345,455487720,18508,18790,7265,5944.2,6604.6,6610,0.0,6605,0.0,0,0,2017-04-14,34413900,6598.6,1,0,0,0,0,0,0,0,0,6599.8,1,0,0,0,0,0,0,0,0
363,2017-04-14,09:33:34,400,IC1704,CCFX,6598.4,6595.4,6608.4,345,455487720,18508,18790,7265,5944.2,6604.6,6610,0.0,6605,0.0,0,0,2017-04-14,34414400,6598.6,1,0,0,0,0,0,0,0,0,6599.8,1,0,0,0,0,0,0,0,0
364,2017-04-14,09:33:35,900,IC1704,CCFX,6598.4,6595.4,6608.4,345,455487720,18508,18790,7265,5944.2,6604.6,6610,0.0,6605,0.0,0,0,2017-04-14,34415900,6598.6,1,0,0,0,0,0,0,0,0,6599.8,1,0,0,0,0,0,0,0,0
365,2017-04-14,09:33:37,400,IC1704,CCFX,6598.4,6595.4,6608.4,345,455487720,18508,18790,7265,5944.2,6604.6,6610,0.0,6605,0.0,0,0,2017-04-14,34417400,6598.6,1,0,0,0,0,0,0,0,0,6599.8,1,0,0,0,0,0,0,0,0
366,2017-04-14,09:33:37,900,IC1704,CCFX,6598.4,6595.4,6608.4,345,455487720,18508,18790,7265,5944.2,6604.6,6610,0.0,6605,0.0,0,0,2017-04-14,34417900,6598.6,1,0,0,0,0,0,0,0,0,6599.2,6,0,0,0,0,0,0,0,0
367,2017-04-14,09:33:38,400,IC1704,CCFX,6598.6,6595.4,6608.4,346,456807440,18507,18790,7265,5944.2,6604.6,6610,0.0,6605,0.0,0,0,2017-04-14,34418400,6596.8,3,0,0,0,0,0,0,0,0,6598.6,2,0,0,0,0,0,0,0,0
368,2017-04-14,09:33:39,400,IC1704,CCFX,6598.6,6595.4,6608.4,346,456807440,18507,18790,7265,5944.2,6604.6,6610,0.0,6605,0.0,0,0,2017-04-14,34419400,6596.8,3,0,0,0,0,0,0,0,0,6598.6,1,0,0,0,0,0,0,0,0
369,2017-04-14,09:33:40,400,IC1704,CCFX,6598.6,6595.4,6608.4,346,456807440,18507,18790,7265,5944.2,6604.6,6610,0.0,6605,0.0,0,0,2017-04-14,34420400,6596.8,3,0,0,0,0,0,0,0,0,6598.6,1,0,0,0,0,0,0,0,0
370,2017-04-14,09:33:41,900,IC1704,CCFX,6598.6,6595.4,6608.4,346,456807440,18507,18790,7265,5944.2,6604.6,6610,0.0,6605,0.0,0,0,2017-04-14,34421900,6596.8,3,0,0,0,0,0,0,0,0,6598.4,1,0,0,0,0,0,0,0,0
371,2017-04-14,09:33:42,400,IC1704,CCFX,6598.6,6595.4,6608.4,346,456807440,18507,18790,7265,5944.2,6604.6,6610,0.0,6605,0.0,0,0,2017-04-14,34422400,6596.8,3,0,0,0,0,0,0,0,0,6598.4,1,0,0,0,0,0,0,0,0
372,2017-04-14,09:33:42,900,IC1704,CCFX,6598.6,6595.4,6608.4,346,456807440,18507,18790,7265,5944.2,6604.6,6610,0.0,6605,0.0,0,0,2017-04-14,34422900,6596.8,3,0,0,0,0,0,0,0,0,6598.4,3,0,0,0,0,0,0,0,0
373,2017-04-14,09:33:43,400,IC1704,CCFX,6598.6,6595.4,6608.4,346,456807440,18507,18790,7265,5944.2,6604.6,6610,0.0,6605,0.0,0,0,2017-04-14,34423400,6596.8,3,0,0,0,0,0,0,0,0,6598.4,3,0,0,0,0,0,0,0,0
374,2017-04-14,09:33:44,900,IC1704,CCFX,6598.6,6595.4,6608.4,346,456807440,18507,18790,7265,5944.2,6604.6,6610,0.0,6605,0.0,0,0,2017-04-14,34424900,6596.8,3,0,0,0,0,0,0,0,0,6598.4,3,0,0,0,0,0,0,0,0
375,2017-04-14,09:33:45,400,IC1704,CCFX,6598.6,6595.4,6608.4,346,456807440,18507,18790,7265,5944.2,6604.6,6610,0.0,6605,0.0,0,0,2017-04-14,34425400,6596.8,3,0,0,0,0,0,0,0,0,6597.8,6,0,0,0,0,0,0,0,0
376,2017-04-14,09:33:46,900,IC1704,CCFX,6598.6,6595.4,6608.4,346,456807440,18507,18790,7265,5944.2,6604.6,6610,0.0,6605,0.0,0,0,2017-04-14,34426900,6597.6,1,0,0,0,0,0,0,0,0,6597.8,6,0,0,0,0,0,0,0,0
377,2017-04-14,09:33:47,400,IC1704,CCFX,6597.6,6595.4,6608.4,347,458126960,18506,18790,7265,5944.2,6604.6,6610,0.0,6605,0.0,0,0,2017-04-14,34427400,6596.8,3,0,0,0,0,0,0,0,0,6597.8,6,0,0,0,0,0,0,0,0
378,2017-04-14,09:33:48,400,IC1704,CCFX,6597.6,6595.4,6608.4,347,458126960,18506,18790,7265,5944.2,6604.6,6610,0.0,6605,0.0,0,0,2017-04-14,34428400,6596.8,3,0,0,0,0,0,0,0,0,6597.6,1,0,0,0,0,0,0,0,0
379,2017-04-14,09:33:48,900,IC1704,CCFX,6596.8,6595.4,6608.4,350,462085040,18503,18790,7265,5944.2,6604.6,6610,0.0,6605,0.0,0,0,2017-04-14,34428900,6596.6,1,0,0,0,0,0,0,0,0,6596.8,3,0,0,0,0,0,0,0,0
380,2017-04-14,09:33:49,400,IC1704,CCFX,6596.0,6595.4,6608.4,353,466042800,18500,18790,7265,5944.2,6604.6,6610,0.0,6605,0.0,0,0,2017-04-14,34429400,6595.6,1,0,0,0,0,0,0,0,0,6596.4,3,0,0,0,0,0,0,0,0
381,2017-04-14,09:33:49,900,IC1704,CCFX,6596.4,6595.4,6608.4,355,468681200,18498,18790,7265,5944.2,6604.6,6610,0.0,6605,0.0,0,0,2017-04-14,34429900,6595.4,1,0,0,0,0,0,0,0,0,6596.8,3,0,0,0,0,0,0,0,0
382,2017-04-14,09:33:50,400,IC1704,CCFX,6596.8,6595.4,6608.4,357,471319920,18498,18790,7265,5944.2,6604.6,6610,0.0,6605,0.0,0,0,2017-04-14,34430400,6595.4,1,0,0,0,0,0,0,0,0,6596.8,1,0,0,0,0,0,0,0,0
383,2017-04-14,09:33:52,400,IC1704,CCFX,6595.4,6595.4,6608.4,358,472639000,18497,18790,7265,5944.2,6604.6,6610,0.0,6605,0.0,0,0,2017-04-14,34432400,6595.2,1,0,0,0,0,0,0,0,0,6595.4,1,0,0,0,0,0,0,0,0
384,2017-04-14,09:33:52,900,IC1704,CCFX,6595.0,6595.0,6608.4,362,477915120,18497,18790,7265,5944.2,6604.6,6610,0.0,6605,0.0,0,0,2017-04-14,34432900,6595.0,1,0,0,0,0,0,0,0,0,6596.0,1,0,0,0,0,0,0,0,0
385,2017-04-14,09:33:53,400,IC1704,CCFX,6595.0,6595.0,6608.4,362,477915120,18497,18790,7265,5944.2,6604.6,6610,0.0,6605,0.0,0,0,2017-04-14,34433400,6595.0,1,0,0,0,0,0,0,0,0,6595.2,1,0,0,0,0,0,0,0,0
386,2017-04-14,09:33:53,900,IC1704,CCFX,6595.2,6594.6,6608.4,370,488466720,18491,18790,7265,5944.2,6604.6,6610,0.0,6605,0.0,0,0,2017-04-14,34433900,6594.6,4,0,0,0,0,0,0,0,0,6595.2,1,0,0,0,0,0,0,0,0
387,2017-04-14,09:33:54,400,IC1704,CCFX,6594.6,6594.6,6608.4,371,489785640,18490,18790,7265,5944.2,6604.6,6610,0.0,6605,0.0,0,0,2017-04-14,34434400,6594.6,3,0,0,0,0,0,0,0,0,6595.0,1,0,0,0,0,0,0,0,0
388,2017-04-14,09:33:54,900,IC1704,CCFX,6595.2,6594.6,6608.4,377,497699480,18484,18790,7265,5944.2,6604.6,6610,0.0,6605,0.0,0,0,2017-04-14,34434900,6595.2,2,0,0,0,0,0,0,0,0,6595.8,1,0,0,0,0,0,0,0,0
389,2017-04-14,09:33:57,400,IC1704,CCFX,6595.8,6594.6,6608.4,378,499018640,18484,18790,7265,5944.2,6604.6,6610,0.0,6605,0.0,0,0,2017-04-14,34437400,6595.2,2,0,0,0,0,0,0,0,0,6596.0,1,0,0,0,0,0,0,0,0
390,2017-04-14,09:33:57,900,IC1704,CCFX,6595.8,6594.6,6608.4,378,499018640,18484,18790,7265,5944.2,6604.6,6610,0.0,6605,0.0,0,0,2017-04-14,34437900,6595.4,1,0,0,0,0,0,0,0,0,6596.0,1,0,0,0,0,0,0,0,0
391,2017-04-14,09:33:58,400,IC1704,CCFX,6595.8,6594.6,6608.4,378,499018640,18484,18790,7265,5944.2,6604.6,6610,0.0,6605,0.0,0,0,2017-04-14,34438400,6595.4,1,0,0,0,0,0,0,0,0,6596.0,1,0,0,0,0,0,0,0,0
392,2017-04-14,09:33:58,900,IC1704,CCFX,6595.4,6594.6,6608.4,379,500337720,18485,18790,7265,5944.2,6604.6,6610,0.0,6605,0.0,0,0,2017-04-14,34438900,6595.2,3,0,0,0,0,0,0,0,0,6596.0,1,0,0,0,0,0,0,0,0
393,2017-04-14,09:33:59,400,IC1704,CCFX,6595.4,6594.6,6608.4,379,500337720,18485,18790,7265,5944.2,6604.6,6610,0.0,6605,0.0,0,0,2017-04-14,34439400,6595.2,3,0,0,0,0,0,0,0,0,6596.0,1,0,0,0,0,0,0,0,0
394,2017-04-14,09:33:59,900,IC1704,CCFX,6595.4,6594.6,6608.4,379,500337720,18485,18790,7265,5944.2,6604.6,6610,0.0,6605,0.0,0,0,2017-04-14,34439900,6595.2,1,0,0,0,0,0,0,0,0,6596.0,1,0,0,0,0,0,0,0,0
395,2017-04-14,09:34:00,400,IC1704,CCFX,6595.4,6594.6,6608.4,379,500337720,18485,18790,7265,5944.2,6604.6,6610,0.0,6605,0.0,0,0,2017-04-14,34440400,6595.4,1,0,0,0,0,0,0,0,0,6596.0,1,0,0,0,0,0,0,0,0
396,2017-04-14,09:34:00,900,IC1704,CCFX,6595.4,6594.6,6608.4,380,501656800,18484,18790,7265,5944.2,6604.6,6610,0.0,6605,0.0,0,0,2017-04-14,34440900,6595.2,1,0,0,0,0,0,0,0,0,6596.0,1,0,0,0,0,0,0,0,0
397,2017-04-14,09:34:01,900,IC1704,CCFX,6595.4,6594.6,6608.4,380,501656800,18484,18790,7265,5944.2,6604.6,6610,0.0,6605,0.0,0,0,2017-04-14,34441900,6595.2,6,0,0,0,0,0,0,0,0,6596.0,1,0,0,0,0,0,0,0,0
398,2017-04-14,09:34:02,400,IC1704,CCFX,6596.0,6594.6,6608.4,381,502976000,18483,18790,7265,5944.2,6604.6,6610,0.0,6605,0.0,0,0,2017-04-14,34442400,6595.2,7,0,0,0,0,0,0,0,0,6596.8,1,0,0,0,0,0,0,0,0
399,2017-04-14,09:34:05,400,IC1704,CCFX,6595.2,6594.6,6608.4,386,509571520,18485,18790,7265,5944.2,6604.6,6610,0.0,6605,0.0,0,0,2017-04-14,34445400,6595.2,3,0,0,0,0,0,0,0,0,6598.4,2,0,0,0,0,0,0,0,0
400,2017-04-14,09:34:05,900,IC1704,CCFX,6595.2,6594.6,6608.4,386,509571520,18485,18790,7265,5944.2,6604.6,6610,0.0,6605,0.0,0,0,2017-04-14,34445900,6595.6,1,0,0,0,0,0,0,0,0,6596.0,1,0,0,0,0,0,0,0,0
401,2017-04-14,09:34:06,400,IC1704,CCFX,6596.0,6594.6,6608.4,387,510890720,18484,18790,7265,5944.2,6604.6,6610,0.0,6605,0.0,0,0,2017-04-14,34446400,6598.0,1,0,0,0,0,0,0,0,0,6598.2,2,0,0,0,0,0,0,0,0
402,2017-04-14,09:34:06,900,IC1704,CCFX,6598.0,6594.6,6608.4,388,512210320,18483,18790,7265,5944.2,6604.6,6610,0.0,6605,0.0,0,0,2017-04-14,34446900,6595.2,3,0,0,0,0,0,0,0,0,6597.0,2,0,0,0,0,0,0,0,0
403,2017-04-14,09:34:07,400,IC1704,CCFX,6598.0,6594.6,6608.4,388,512210320,18483,18790,7265,5944.2,6604.6,6610,0.0,6605,0.0,0,0,2017-04-14,34447400,6596.0,1,0,0,0,0,0,0,0,0,6598.0,2,0,0,0,0,0,0,0,0
404,2017-04-14,09:34:07,900,IC1704,CCFX,6596.2,6594.6,6608.4,389,513529560,18482,18790,7265,5944.2,6604.6,6610,0.0,6605,0.0,0,0,2017-04-14,34447900,6596.0,1,0,0,0,0,0,0,0,0,6597.8,1,0,0,0,0,0,0,0,0
405,2017-04-14,09:34:08,400,IC1704,CCFX,6596.0,6594.6,6608.4,390,514848760,18481,18790,7265,5944.2,6604.6,6610,0.0,6605,0.0,0,0,2017-04-14,34448400,6595.2,3,0,0,0,0,0,0,0,0,6597.8,1,0,0,0,0,0,0,0,0
406,2017-04-14,09:34:08,900,IC1704,CCFX,6596.0,6594.6,6608.4,390,514848760,18481,18790,7265,5944.2,6604.6,6610,0.0,6605,0.0,0,0,2017-04-14,34448900,6596.0,1,0,0,0,0,0,0,0,0,6597.6,2,0,0,0,0,0,0,0,0
407,2017-04-14,09:34:09,400,IC1704,CCFX,6596.0,6594.6,6608.4,391,516167960,18480,18790,7265,5944.2,6604.6,6610,0.0,6605,0.0,0,0,2017-04-14,34449400,6595.2,3,0,0,0,0,0,0,0,0,6596.4,2,0,0,0,0,0,0,0,0
408,2017-04-14,09:34:09,900,IC1704,CCFX,6596.0,6594.6,6608.4,391,516167960,18480,18790,7265,5944.2,6604.6,6610,0.0,6605,0.0,0,0,2017-04-14,34449900,6595.2,3,0,0,0,0,0,0,0,0,6596.2,1,0,0,0,0,0,0,0,0
409,2017-04-14,09:34:10,400,IC1704,CCFX,6596.0,6594.6,6608.4,391,516167960,18480,18790,7265,5944.2,6604.6,6610,0.0,6605,0.0,0,0,2017-04-14,34450400,6595.2,3,0,0,0,0,0,0,0,0,6597.6,1,0,0,0,0,0,0,0,0
410,2017-04-14,09:34:10,900,IC1704,CCFX,6596.0,6594.6,6608.4,391,516167960,18480,18790,7265,5944.2,6604.6,6610,0.0,6605,0.0,0,0,2017-04-14,34450900,6596.2,1,0,0,0,0,0,0,0,0,6597.4,2,0,0,0,0,0,0,0,0
411,2017-04-14,09:34:11,400,IC1704,CCFX,6596.0,6594.6,6608.4,391,516167960,18480,18790,7265,5944.2,6604.6,6610,0.0,6605,0.0,0,0,2017-04-14,34451400,6596.2,1,0,0,0,0,0,0,0,0,6597.4,2,0,0,0,0,0,0,0,0
412,2017-04-14,09:34:11,900,IC1704,CCFX,6596.0,6594.6,6608.4,391,516167960,18480,18790,7265,5944.2,6604.6,6610,0.0,6605,0.0,0,0,2017-04-14,34451900,6596.2,1,0,0,0,0,0,0,0,0,6597.2,1,0,0,0,0,0,0,0,0
413,2017-04-14,09:34:12,400,IC1704,CCFX,6595.2,6594.6,6608.4,393,518806200,18479,18790,7265,5944.2,6604.6,6610,0.0,6605,0.0,0,0,2017-04-14,34452400,6595.2,2,0,0,0,0,0,0,0,0,6597.4,1,0,0,0,0,0,0,0,0
414,2017-04-14,09:34:12,900,IC1704,CCFX,6595.2,6594.6,6608.4,393,518806200,18479,18790,7265,5944.2,6604.6,6610,0.0,6605,0.0,0,0,2017-04-14,34452900,6595.4,1,0,0,0,0,0,0,0,0,6597.0,1,0,0,0,0,0,0,0,0
415,2017-04-14,09:34:13,400,IC1704,CCFX,6595.2,6594.6,6608.4,393,518806200,18479,18790,7265,5944.2,6604.6,6610,0.0,6605,0.0,0,0,2017-04-14,34453400,6595.4,1,0,0,0,0,0,0,0,0,6596.8,2,0,0,0,0,0,0,0,0
416,2017-04-14,09:34:13,900,IC1704,CCFX,6595.2,6594.6,6608.4,393,518806200,18479,18790,7265,5944.2,6604.6,6610,0.0,6605,0.0,0,0,2017-04-14,34453900,6595.4,1,0,0,0,0,0,0,0,0,6596.8,2,0,0,0,0,0,0,0,0
417,2017-04-14,09:34:14,400,IC1704,CCFX,6595.2,6594.6,6608.4,393,518806200,18479,18790,7265,5944.2,6604.6,6610,0.0,6605,0.0,0,0,2017-04-14,34454400,6595.4,1,0,0,0,0,0,0,0,0,6596.8,3,0,0,0,0,0,0,0,0
418,2017-04-14,09:34:14,900,IC1704,CCFX,6595.2,6594.6,6608.4,393,518806200,18479,18790,7265,5944.2,6604.6,6610,0.0,6605,0.0,0,0,2017-04-14,34454900,6595.4,1,0,0,0,0,0,0,0,0,6596.8,3,0,0,0,0,0,0,0,0
419,2017-04-14,09:34:15,400,IC1704,CCFX,6595.2,6594.6,6608.4,393,518806200,18479,18790,7265,5944.2,6604.6,6610,0.0,6605,0.0,0,0,2017-04-14,34455400,6595.4,1,0,0,0,0,0,0,0,0,6596.6,1,0,0,0,0,0,0,0,0
420,2017-04-14,09:34:15,900,IC1704,CCFX,6595.2,6594.6,6608.4,393,518806200,18479,18790,7265,5944.2,6604.6,6610,0.0,6605,0.0,0,0,2017-04-14,34455900,6595.4,1,0,0,0,0,0,0,0,0,6596.6,1,0,0,0,0,0,0,0,0
421,2017-04-14,09:34:16,400,IC1704,CCFX,6595.2,6594.6,6608.4,393,518806200,18479,18790,7265,5944.2,6604.6,6610,0.0,6605,0.0,0,0,2017-04-14,34456400,6595.4,1,0,0,0,0,0,0,0,0,6596.6,1,0,0,0,0,0,0,0,0
422,2017-04-14,09:34:16,900,IC1704,CCFX,6595.2,6594.6,6608.4,393,518806200,18479,18790,7265,5944.2,6604.6,6610,0.0,6605,0.0,0,0,2017-04-14,34456900,6595.4,1,0,0,0,0,0,0,0,0,6596.6,1,0,0,0,0,0,0,0,0
423,2017-04-14,09:34:17,400,IC1704,CCFX,6595.2,6594.6,6608.4,393,518806200,18479,18790,7265,5944.2,6604.6,6610,0.0,6605,0.0,0,0,2017-04-14,34457400,6595.4,1,0,0,0,0,0,0,0,0,6596.6,1,0,0,0,0,0,0,0,0
424,2017-04-14,09:34:18,400,IC1704,CCFX,6595.2,6594.6,6608.4,393,518806200,18479,18790,7265,5944.2,6604.6,6610,0.0,6605,0.0,0,0,2017-04-14,34458400,6595.4,1,0,0,0,0,0,0,0,0,6596.6,1,0,0,0,0,0,0,0,0
425,2017-04-14,09:34:18,900,IC1704,CCFX,6596.8,6594.6,6608.4,396,522764240,18476,18790,7265,5944.2,6604.6,6610,0.0,6605,0.0,0,0,2017-04-14,34458900,6595.4,1,0,0,0,0,0,0,0,0,6596.4,1,0,0,0,0,0,0,0,0
426,2017-04-14,09:34:19,400,IC1704,CCFX,6596.4,6594.6,6608.4,397,524083520,18475,18790,7265,5944.2,6604.6,6610,0.0,6605,0.0,0,0,2017-04-14,34459400,6596.6,1,0,0,0,0,0,0,0,0,6598.4,2,0,0,0,0,0,0,0,0
427,2017-04-14,09:34:19,900,IC1704,CCFX,6596.6,6594.6,6608.4,399,526722520,18473,18790,7265,5944.2,6604.6,6610,0.0,6605,0.0,0,0,2017-04-14,34459900,6596.4,1,0,0,0,0,0,0,0,0,6598.0,1,0,0,0,0,0,0,0,0
428,2017-04-14,09:34:20,400,IC1704,CCFX,6598.0,6594.6,6608.4,400,528042120,18472,18790,7265,5944.2,6604.6,6610,0.0,6605,0.0,0,0,2017-04-14,34460400,6595.4,1,0,0,0,0,0,0,0,0,6598.2,1,0,0,0,0,0,0,0,0
429,2017-04-14,09:34:20,900,IC1704,CCFX,6598.2,6594.6,6608.4,401,529361760,18472,18790,7265,5944.2,6604.6,6610,0.0,6605,0.0,0,0,2017-04-14,34460900,6596.6,1,0,0,0,0,0,0,0,0,6597.2,1,0,0,0,0,0,0,0,0
430,2017-04-14,09:34:21,400,IC1704,CCFX,6597.4,6594.6,6608.4,402,530681240,18471,18790,7265,5944.2,6604.6,6610,0.0,6605,0.0,0,0,2017-04-14,34461400,6597.2,1,0,0,0,0,0,0,0,0,6598.4,1,0,0,0,0,0,0,0,0
431,2017-04-14,09:34:21,900,IC1704,CCFX,6598.4,6594.6,6608.4,403,532000920,18470,18790,7265,5944.2,6604.6,6610,0.0,6605,0.0,0,0,2017-04-14,34461900,6598.4,1,0,0,0,0,0,0,0,0,6600.0,2,0,0,0,0,0,0,0,0
432,2017-04-14,09:34:22,400,IC1704,CCFX,6599.8,6594.6,6608.4,404,533320880,18470,18790,7265,5944.2,6604.6,6610,0.0,6605,0.0,0,0,2017-04-14,34462400,6596.6,1,0,0,0,0,0,0,0,0,6600.0,2,0,0,0,0,0,0,0,0
433,2017-04-14,09:34:22,900,IC1704,CCFX,6599.8,6594.6,6608.4,404,533320880,18470,18790,7265,5944.2,6604.6,6610,0.0,6605,0.0,0,0,2017-04-14,34462900,6596.8,1,0,0,0,0,0,0,0,0,6598.0,1,0,0,0,0,0,0,0,0
434,2017-04-14,09:34:23,400,IC1704,CCFX,6599.8,6594.6,6608.4,404,533320880,18470,18790,7265,5944.2,6604.6,6610,0.0,6605,0.0,0,0,2017-04-14,34463400,6597.0,1,0,0,0,0,0,0,0,0,6598.0,2,0,0,0,0,0,0,0,0
435,2017-04-14,09:34:23,900,IC1704,CCFX,6598.2,6594.6,6608.4,405,534640520,18470,18790,7265,5944.2,6604.6,6610,0.0,6605,0.0,0,0,2017-04-14,34463900,6597.0,1,0,0,0,0,0,0,0,0,6598.0,2,0,0,0,0,0,0,0,0
436,2017-04-14,09:34:24,400,IC1704,CCFX,6598.2,6594.6,6608.4,405,534640520,18470,18790,7265,5944.2,6604.6,6610,0.0,6605,0.0,0,0,2017-04-14,34464400,6597.0,1,0,0,0,0,0,0,0,0,6598.0,2,0,0,0,0,0,0,0,0
437,2017-04-14,09:34:24,900,IC1704,CCFX,6598.2,6594.6,6608.4,405,534640520,18470,18790,7265,5944.2,6604.6,6610,0.0,6605,0.0,0,0,2017-04-14,34464900,6595.6,1,0,0,0,0,0,0,0,0,6598.0,2,0,0,0,0,0,0,0,0
438,2017-04-14,09:34:25,400,IC1704,CCFX,6598.2,6594.6,6608.4,405,534640520,18470,18790,7265,5944.2,6604.6,6610,0.0,6605,0.0,0,0,2017-04-14,34465400,6595.8,1,0,0,0,0,0,0,0,0,6598.0,2,0,0,0,0,0,0,0,0
439,2017-04-14,09:34:25,900,IC1704,CCFX,6598.2,6594.6,6608.4,405,534640520,18470,18790,7265,5944.2,6604.6,6610,0.0,6605,0.0,0,0,2017-04-14,34465900,6596.0,1,0,0,0,0,0,0,0,0,6597.8,1,0,0,0,0,0,0,0,0
440,2017-04-14,09:34:26,900,IC1704,CCFX,6598.2,6594.6,6608.4,405,534640520,18470,18790,7265,5944.2,6604.6,6610,0.0,6605,0.0,0,0,2017-04-14,34466900,6596.0,1,0,0,0,0,0,0,0,0,6597.8,1,0,0,0,0,0,0,0,0
441,2017-04-14,09:34:27,400,IC1704,CCFX,6598.2,6594.6,6608.4,405,534640520,18470,18790,7265,5944.2,6604.6,6610,0.0,6605,0.0,0,0,2017-04-14,34467400,6596.0,1,0,0,0,0,0,0,0,0,6597.8,1,0,0,0,0,0,0,0,0
442,2017-04-14,09:34:28,900,IC1704,CCFX,6598.2,6594.6,6608.4,405,534640520,18470,18790,7265,5944.2,6604.6,6610,0.0,6605,0.0,0,0,2017-04-14,34468900,6596.0,1,0,0,0,0,0,0,0,0,6597.6,1,0,0,0,0,0,0,0,0
443,2017-04-14,09:34:29,400,IC1704,CCFX,6598.2,6594.6,6608.4,405,534640520,18470,18790,7265,5944.2,6604.6,6610,0.0,6605,0.0,0,0,2017-04-14,34469400,6596.0,1,0,0,0,0,0,0,0,0,6597.6,3,0,0,0,0,0,0,0,0
444,2017-04-14,09:34:30,400,IC1704,CCFX,6598.2,6594.6,6608.4,405,534640520,18470,18790,7265,5944.2,6604.6,6610,0.0,6605,0.0,0,0,2017-04-14,34470400,6596.0,1,0,0,0,0,0,0,0,0,6597.0,1,0,0,0,0,0,0,0,0
445,2017-04-14,09:34:30,900,IC1704,CCFX,6598.2,6594.6,6608.4,405,534640520,18470,18790,7265,5944.2,6604.6,6610,0.0,6605,0.0,0,0,2017-04-14,34470900,6596.0,1,0,0,0,0,0,0,0,0,6597.0,3,0,0,0,0,0,0,0,0
446,2017-04-14,09:34:31,400,IC1704,CCFX,6598.2,6594.6,6608.4,405,534640520,18470,18790,7265,5944.2,6604.6,6610,0.0,6605,0.0,0,0,2017-04-14,34471400,6596.0,1,0,0,0,0,0,0,0,0,6597.0,3,0,0,0,0,0,0,0,0
447,2017-04-14,09:34:31,900,IC1704,CCFX,6597.0,6594.6,6608.4,406,535959920,18469,18790,7265,5944.2,6604.6,6610,0.0,6605,0.0,0,0,2017-04-14,34471900,6596.0,1,0,0,0,0,0,0,0,0,6596.8,1,0,0,0,0,0,0,0,0
448,2017-04-14,09:34:32,400,IC1704,CCFX,6597.0,6594.6,6608.4,406,535959920,18469,18790,7265,5944.2,6604.6,6610,0.0,6605,0.0,0,0,2017-04-14,34472400,6596.0,1,0,0,0,0,0,0,0,0,6596.8,3,0,0,0,0,0,0,0,0
449,2017-04-14,09:34:32,900,IC1704,CCFX,6597.0,6594.6,6608.4,406,535959920,18469,18790,7265,5944.2,6604.6,6610,0.0,6605,0.0,0,0,2017-04-14,34472900,6595.2,6,0,0,0,0,0,0,0,0,6596.8,3,0,0,0,0,0,0,0,0
450,2017-04-14,09:34:33,400,IC1704,CCFX,6597.0,6594.6,6608.4,406,535959920,18469,18790,7265,5944.2,6604.6,6610,0.0,6605,0.0,0,0,2017-04-14,34473400,6595.4,1,0,0,0,0,0,0,0,0,6596.8,3,0,0,0,0,0,0,0,0
451,2017-04-14,09:34:34,400,IC1704,CCFX,6597.0,6594.6,6608.4,406,535959920,18469,18790,7265,5944.2,6604.6,6610,0.0,6605,0.0,0,0,2017-04-14,34474400,6595.4,1,0,0,0,0,0,0,0,0,6596.8,3,0,0,0,0,0,0,0,0
452,2017-04-14,09:34:34,900,IC1704,CCFX,6597.0,6594.6,6608.4,406,535959920,18469,18790,7265,5944.2,6604.6,6610,0.0,6605,0.0,0,0,2017-04-14,34474900,6595.4,1,0,0,0,0,0,0,0,0,6596.6,1,0,0,0,0,0,0,0,0
453,2017-04-14,09:34:35,400,IC1704,CCFX,6597.0,6594.6,6608.4,406,535959920,18469,18790,7265,5944.2,6604.6,6610,0.0,6605,0.0,0,0,2017-04-14,34475400,6595.4,1,0,0,0,0,0,0,0,0,6596.6,3,0,0,0,0,0,0,0,0
454,2017-04-14,09:34:35,900,IC1704,CCFX,6597.0,6594.6,6608.4,406,535959920,18469,18790,7265,5944.2,6604.6,6610,0.0,6605,0.0,0,0,2017-04-14,34475900,6595.4,1,0,0,0,0,0,0,0,0,6596.6,3,0,0,0,0,0,0,0,0
455,2017-04-14,09:34:37,400,IC1704,CCFX,6597.0,6594.6,6608.4,406,535959920,18469,18790,7265,5944.2,6604.6,6610,0.0,6605,0.0,0,0,2017-04-14,34477400,6595.6,1,0,0,0,0,0,0,0,0,6596.6,3,0,0,0,0,0,0,0,0
456,2017-04-14,09:34:37,900,IC1704,CCFX,6597.0,6594.6,6608.4,406,535959920,18469,18790,7265,5944.2,6604.6,6610,0.0,6605,0.0,0,0,2017-04-14,34477900,6595.6,2,0,0,0,0,0,0,0,0,6596.4,1,0,0,0,0,0,0,0,0
457,2017-04-14,09:34:38,400,IC1704,CCFX,6597.0,6594.6,6608.4,407,537279320,18468,18790,7265,5944.2,6604.6,6610,0.0,6605,0.0,0,0,2017-04-14,34478400,6595.6,2,0,0,0,0,0,0,0,0,6596.4,3,0,0,0,0,0,0,0,0
458,2017-04-14,09:34:38,900,IC1704,CCFX,6596.4,6594.6,6608.4,408,538598600,18468,18790,7265,5944.2,6604.6,6610,0.0,6605,0.0,0,0,2017-04-14,34478900,6595.6,2,0,0,0,0,0,0,0,0,6596.4,2,0,0,0,0,0,0,0,0
459,2017-04-14,09:34:40,400,IC1704,CCFX,6595.2,6594.6,6608.4,411,542555880,18469,18790,7265,5944.2,6604.6,6610,0.0,6605,0.0,0,0,2017-04-14,34480400,6595.2,3,0,0,0,0,0,0,0,0,6596.4,2,0,0,0,0,0,0,0,0
460,2017-04-14,09:34:40,900,IC1704,CCFX,6595.2,6594.6,6608.4,411,542555880,18469,18790,7265,5944.2,6604.6,6610,0.0,6605,0.0,0,0,2017-04-14,34480900,6595.2,3,0,0,0,0,0,0,0,0,6596.4,2,0,0,0,0,0,0,0,0
461,2017-04-14,09:34:41,400,IC1704,CCFX,6595.2,6594.6,6608.4,411,542555880,18469,18790,7265,5944.2,6604.6,6610,0.0,6605,0.0,0,0,2017-04-14,34481400,6595.2,3,0,0,0,0,0,0,0,0,6596.0,1,0,0,0,0,0,0,0,0
462,2017-04-14,09:34:41,900,IC1704,CCFX,6595.2,6594.6,6608.4,411,542555880,18469,18790,7265,5944.2,6604.6,6610,0.0,6605,0.0,0,0,2017-04-14,34481900,6595.2,3,0,0,0,0,0,0,0,0,6596.0,2,0,0,0,0,0,0,0,0
463,2017-04-14,09:34:42,900,IC1704,CCFX,6596.0,6594.6,6608.4,412,543875080,18468,18790,7265,5944.2,6604.6,6610,0.0,6605,0.0,0,0,2017-04-14,34482900,6595.2,3,0,0,0,0,0,0,0,0,6596.0,1,0,0,0,0,0,0,0,0
464,2017-04-14,09:34:43,900,IC1704,CCFX,6595.2,6594.6,6608.4,413,545194120,18468,18790,7265,5944.2,6604.6,6610,0.0,6605,0.0,0,0,2017-04-14,34483900,6595.2,2,0,0,0,0,0,0,0,0,6596.0,1,0,0,0,0,0,0,0,0
465,2017-04-14,09:34:44,900,IC1704,CCFX,6595.2,6594.6,6608.4,413,545194120,18468,18790,7265,5944.2,6604.6,6610,0.0,6605,0.0,0,0,2017-04-14,34484900,6595.2,2,0,0,0,0,0,0,0,0,6596.0,1,0,0,0,0,0,0,0,0
466,2017-04-14,09:34:45,400,IC1704,CCFX,6595.2,6594.6,6608.4,413,545194120,18468,18790,7265,5944.2,6604.6,6610,0.0,6605,0.0,0,0,2017-04-14,34485400,6595.2,3,0,0,0,0,0,0,0,0,6596.0,1,0,0,0,0,0,0,0,0
467,2017-04-14,09:34:45,900,IC1704,CCFX,6595.2,6594.6,6608.4,414,546513160,18467,18790,7265,5944.2,6604.6,6610,0.0,6605,0.0,0,0,2017-04-14,34485900,6595.2,2,0,0,0,0,0,0,0,0,6595.8,1,0,0,0,0,0,0,0,0
468,2017-04-14,09:34:46,400,IC1704,CCFX,6595.2,6594.6,6608.4,415,547832200,18467,18790,7265,5944.2,6604.6,6610,0.0,6605,0.0,0,0,2017-04-14,34486400,6595.2,1,0,0,0,0,0,0,0,0,6595.8,2,0,0,0,0,0,0,0,0
469,2017-04-14,09:34:46,900,IC1704,CCFX,6595.0,6594.6,6608.4,417,550470240,18466,18790,7265,5944.2,6604.6,6610,0.0,6605,0.0,0,0,2017-04-14,34486900,6595.0,5,0,0,0,0,0,0,0,0,6595.8,2,0,0,0,0,0,0,0,0
470,2017-04-14,09:34:47,400,IC1704,CCFX,6595.0,6594.6,6608.4,417,550470240,18466,18790,7265,5944.2,6604.6,6610,0.0,6605,0.0,0,0,2017-04-14,34487400,6595.0,5,0,0,0,0,0,0,0,0,6595.2,1,0,0,0,0,0,0,0,0
471,2017-04-14,09:34:47,900,IC1704,CCFX,6595.0,6594.6,6608.4,418,551789240,18465,18790,7265,5944.2,6604.6,6610,0.0,6605,0.0,0,0,2017-04-14,34487900,6595.0,4,0,0,0,0,0,0,0,0,6595.2,2,0,0,0,0,0,0,0,0
472,2017-04-14,09:34:48,400,IC1704,CCFX,6595.0,6594.6,6608.4,422,557065240,18461,18790,7265,5944.2,6604.6,6610,0.0,6605,0.0,0,0,2017-04-14,34488400,6595.0,1,0,0,0,0,0,0,0,0,6595.2,2,0,0,0,0,0,0,0,0
473,2017-04-14,09:34:48,900,IC1704,CCFX,6595.0,6594.6,6608.4,423,558384240,18461,18790,7265,5944.2,6604.6,6610,0.0,6605,0.0,0,0,2017-04-14,34488900,6594.0,1,0,0,0,0,0,0,0,0,6595.0,1,0,0,0,0,0,0,0,0
474,2017-04-14,09:34:49,400,IC1704,CCFX,6595.0,6594.6,6608.4,423,558384240,18461,18790,7265,5944.2,6604.6,6610,0.0,6605,0.0,0,0,2017-04-14,34489400,6594.0,1,0,0,0,0,0,0,0,0,6595.0,2,0,0,0,0,0,0,0,0
475,2017-04-14,09:34:50,900,IC1704,CCFX,6595.0,6594.6,6608.4,423,558384240,18461,18790,7265,5944.2,6604.6,6610,0.0,6605,0.0,0,0,2017-04-14,34490900,6594.0,1,0,0,0,0,0,0,0,0,6595.0,2,0,0,0,0,0,0,0,0
476,2017-04-14,09:34:51,400,IC1704,CCFX,6595.0,6594.6,6608.4,423,558384240,18461,18790,7265,5944.2,6604.6,6610,0.0,6605,0.0,0,0,2017-04-14,34491400,6594.0,1,0,0,0,0,0,0,0,0,6595.0,2,0,0,0,0,0,0,0,0
477,2017-04-14,09:34:52,400,IC1704,CCFX,6595.0,6594.6,6608.4,423,558384240,18461,18790,7265,5944.2,6604.6,6610,0.0,6605,0.0,0,0,2017-04-14,34492400,6594.0,1,0,0,0,0,0,0,0,0,6595.0,2,0,0,0,0,0,0,0,0
478,2017-04-14,09:34:52,900,IC1704,CCFX,6595.0,6594.6,6608.4,424,559703240,18460,18790,7265,5944.2,6604.6,6610,0.0,6605,0.0,0,0,2017-04-14,34492900,6594.0,1,0,0,0,0,0,0,0,0,6595.0,1,0,0,0,0,0,0,0,0
479,2017-04-14,09:34:53,400,IC1704,CCFX,6595.0,6594.6,6608.4,424,559703240,18460,18790,7265,5944.2,6604.6,6610,0.0,6605,0.0,0,0,2017-04-14,34493400,6594.0,1,0,0,0,0,0,0,0,0,6595.0,1,0,0,0,0,0,0,0,0
480,2017-04-14,09:34:53,900,IC1704,CCFX,6595.0,6594.0,6608.4,426,562341040,18461,18790,7265,5944.2,6604.6,6610,0.0,6605,0.0,0,0,2017-04-14,34493900,6593.8,3,0,0,0,0,0,0,0,0,6595.2,1,0,0,0,0,0,0,0,0
481,2017-04-14,09:34:54,400,IC1704,CCFX,6593.8,6593.8,6608.4,427,563659800,18460,18790,7265,5944.2,6604.6,6610,0.0,6605,0.0,0,0,2017-04-14,34494400,6593.8,2,0,0,0,0,0,0,0,0,6595.2,1,0,0,0,0,0,0,0,0
482,2017-04-14,09:34:57,400,IC1704,CCFX,6593.8,6593.8,6608.4,429,566297320,18460,18790,7265,5944.2,6604.6,6610,0.0,6605,0.0,0,0,2017-04-14,34497400,6593.2,6,0,0,0,0,0,0,0,0,6593.8,1,0,0,0,0,0,0,0,0
483,2017-04-14,09:34:57,900,IC1704,CCFX,6593.8,6593.8,6608.4,429,566297320,18460,18790,7265,5944.2,6604.6,6610,0.0,6605,0.0,0,0,2017-04-14,34497900,6594.0,1,0,0,0,0,0,0,0,0,6595.2,1,0,0,0,0,0,0,0,0
484,2017-04-14,09:34:58,400,IC1704,CCFX,6593.8,6593.8,6608.4,430,567616080,18459,18790,7265,5944.2,6604.6,6610,0.0,6605,0.0,0,0,2017-04-14,34498400,6593.2,6,0,0,0,0,0,0,0,0,6595.2,1,0,0,0,0,0,0,0,0
485,2017-04-14,09:34:58,900,IC1704,CCFX,6593.4,6593.4,6608.4,431,568934760,18458,18790,7265,5944.2,6604.6,6610,0.0,6605,0.0,0,0,2017-04-14,34498900,6593.2,6,0,0,0,0,0,0,0,0,6595.2,1,0,0,0,0,0,0,0,0
486,2017-04-14,09:34:59,400,IC1704,CCFX,6593.4,6593.4,6608.4,431,568934760,18458,18790,7265,5944.2,6604.6,6610,0.0,6605,0.0,0,0,2017-04-14,34499400,6593.2,6,0,0,0,0,0,0,0,0,6595.2,1,0,0,0,0,0,0,0,0
487,2017-04-14,09:34:59,900,IC1704,CCFX,6593.2,6593.2,6608.4,434,572890680,18455,18790,7265,5944.2,6604.6,6610,0.0,6605,0.0,0,0,2017-04-14,34499900,6593.2,3,0,0,0,0,0,0,0,0,6595.2,1,0,0,0,0,0,0,0,0
488,2017-04-14,09:35:00,400,IC1704,CCFX,6593.2,6593.2,6608.4,435,574209320,18455,18790,7265,5944.2,6604.6,6610,0.0,6605,0.0,0,0,2017-04-14,34500400,6593.2,2,0,0,0,0,0,0,0,0,6595.0,2,0,0,0,0,0,0,0,0
489,2017-04-14,09:35:00,900,IC1704,CCFX,6594.8,6590.2,6608.4,443,584756800,18448,18790,7265,5944.2,6604.6,6610,0.0,6605,0.0,0,0,2017-04-14,34500900,6590.2,3,0,0,0,0,0,0,0,0,6594.4,1,0,0,0,0,0,0,0,0
490,2017-04-14,09:35:01,400,IC1704,CCFX,6590.6,6590.2,6608.4,445,587393160,18446,18790,7265,5944.2,6604.6,6610,0.0,6605,0.0,0,0,2017-04-14,34501400,6590.6,3,0,0,0,0,0,0,0,0,6591.6,1,0,0,0,0,0,0,0,0
491,2017-04-14,09:35:01,900,IC1704,CCFX,6590.8,6590.2,6608.4,448,591347720,18445,18790,7265,5944.2,6604.6,6610,0.0,6605,0.0,0,0,2017-04-14,34501900,6591.2,1,0,0,0,0,0,0,0,0,6591.4,1,0,0,0,0,0,0,0,0
492,2017-04-14,09:35:02,400,IC1704,CCFX,6591.2,6590.2,6608.4,453,597939160,18440,18790,7265,5944.2,6604.6,6610,0.0,6605,0.0,0,0,2017-04-14,34502400,6590.8,2,0,0,0,0,0,0,0,0,6593.2,1,0,0,0,0,0,0,0,0
493,2017-04-14,09:35:02,900,IC1704,CCFX,6591.2,6590.2,6608.4,453,597939160,18440,18790,7265,5944.2,6604.6,6610,0.0,6605,0.0,0,0,2017-04-14,34502900,6590.8,2,0,0,0,0,0,0,0,0,6593.0,2,0,0,0,0,0,0,0,0
494,2017-04-14,09:35:03,400,IC1704,CCFX,6593.0,6590.2,6608.4,454,599257760,18440,18790,7265,5944.2,6604.6,6610,0.0,6605,0.0,0,0,2017-04-14,34503400,6590.8,2,0,0,0,0,0,0,0,0,6593.0,1,0,0,0,0,0,0,0,0
495,2017-04-14,09:35:04,900,IC1704,CCFX,6590.8,6590.2,6608.4,455,600575920,18439,18790,7265,5944.2,6604.6,6610,0.0,6605,0.0,0,0,2017-04-14,34504900,6591.0,1,0,0,0,0,0,0,0,0,6593.0,1,0,0,0,0,0,0,0,0
496,2017-04-14,09:35:05,400,IC1704,CCFX,6590.8,6590.2,6608.4,455,600575920,18439,18790,7265,5944.2,6604.6,6610,0.0,6605,0.0,0,0,2017-04-14,34505400,6591.4,1,0,0,0,0,0,0,0,0,6591.8,1,0,0,0,0,0,0,0,0
497,2017-04-14,09:35:05,900,IC1704,CCFX,6591.6,6590.2,6608.4,457,603212600,18437,18790,7265,5944.2,6604.6,6610,0.0,6605,0.0,0,0,2017-04-14,34505900,6591.4,1,0,0,0,0,0,0,0,0,6591.8,1,0,0,0,0,0,0,0,0
498,2017-04-14,09:35:06,900,IC1704,CCFX,6591.6,6590.2,6608.4,457,603212600,18437,18790,7265,5944.2,6604.6,6610,0.0,6605,0.0,0,0,2017-04-14,34506900,6591.4,1,0,0,0,0,0,0,0,0,6591.8,1,0,0,0,0,0,0,0,0
499,2017-04-14,09:35:07,400,IC1704,CCFX,6591.8,6590.2,6608.4,458,604530960,18437,18790,7265,5944.2,6604.6,6610,0.0,6605,0.0,0,0,2017-04-14,34507400,6591.4,1,0,0,0,0,0,0,0,0,6592.8,1,0,0,0,0,0,0,0,0
500,2017-04-14,09:35:08,900,IC1704,CCFX,6591.8,6590.2,6608.4,458,604530960,18437,18790,7265,5944.2,6604.6,6610,0.0,6605,0.0,0,0,2017-04-14,34508900,6591.4,1,0,0,0,0,0,0,0,0,6592.8,1,0,0,0,0,0,0,0,0
501,2017-04-14,09:35:09,400,IC1704,CCFX,6591.8,6590.2,6608.4,458,604530960,18437,18790,7265,5944.2,6604.6,6610,0.0,6605,0.0,0,0,2017-04-14,34509400,6591.4,1,0,0,0,0,0,0,0,0,6592.8,1,0,0,0,0,0,0,0,0
502,2017-04-14,09:35:09,900,IC1704,CCFX,6591.8,6590.2,6608.4,458,604530960,18437,18790,7265,5944.2,6604.6,6610,0.0,6605,0.0,0,0,2017-04-14,34509900,6591.4,1,0,0,0,0,0,0,0,0,6592.6,1,0,0,0,0,0,0,0,0
