,dataDate,dataTime,dataMillisec,instrumentID,exchangeCD,lastPrice,lowPrice,highPrice,volume,value,openInterest,preOpenInterest,upperLimitPrice,lowerLimitPrice,preSettlementPrice,prevClosePrice,settlementPrice,openPrice,closePrice,preDelta,currDelta,clearingDay,milliSecOffset,bidPrice1,bidVolume1,bidPrice2,bidVolume2,bidPrice3,bidVolume3,bidPrice4,bidVolume4,bidPrice5,bidVolume5,askPrice1,askVolume1,askPrice2,askVolume2,askPrice3,askVolume3,askPrice4,askVolume4,askPrice5,askVolume5
0,2017-04-14,00:00:00,0,IF1704,CCFX,3508.6,0.0,0.0,0,0,28054,28054,0.0,0.0,3509.6,3508.6,0.0,0.0,0,0,0,2017-04-14,0,0.0,0,0,0,0,0,0,0,0,0,0.0,0,0,0,0,0,0,0,0,0
1,2017-04-14,07:02:46,400,IF1704,CCFX,3508.6,0.0,0.0,0,0,28054,28054,3860.4,3158.8,3509.6,3508.6,0.0,0.0,0,0,0,2017-04-14,25366400,0.0,0,0,0,0,0,0,0,0,0,0.0,0,0,0,0,0,0,0,0,0
2,2017-04-14,09:29:00,400,IF1704,CCFX,3507.6,3507.6,3507.6,19,19993320,28037,28054,3860.4,3158.8,3509.6,3508.6,0.0,3507.6,0,0,0,2017-04-14,34140400,3507.0,9,0,0,0,0,0,0,0,0,3508.0,2,0,0,0,0,0,0,0,0
3,2017-04-14,09:30:00,400,IF1704,CCFX,3507.0,3507.0,3508.0,23,24202380,28033,28054,3860.4,3158.8,3509.6,3508.6,0.0,3507.6,0,0,0,2017-04-14,34200400,3507.6,1,0,0,0,0,0,0,0,0,3509.0,3,0,0,0,0,0,0,0,0
4,2017-04-14,09:30:00,900,IF1704,CCFX,3510.0,3507.0,3510.0,37,38940480,28025,28054,3860.4,3158.8,3509.6,3508.6,0.0,3507.6,0,0,0,2017-04-14,34200900,3508.6,1,0,0,0,0,0,0,0,0,3510.6,1,0,0,0,0,0,0,0,0
5,2017-04-14,09:30:01,400,IF1704,CCFX,3508.8,3507.0,3511.8,44,46311180,28018,28054,3860.4,3158.8,3509.6,3508.6,0.0,3507.6,0,0,0,2017-04-14,34201400,3508.6,1,0,0,0,0,0,0,0,0,3510.2,1,0,0,0,0,0,0,0,0
6,2017-04-14,09:30:01,900,IF1704,CCFX,3510.0,3507.0,3511.8,45,47364180,28017,28054,3860.4,3158.8,3509.6,3508.6,0.0,3507.6,0,0,0,2017-04-14,34201900,3508.8,2,0,0,0,0,0,0,0,0,3510.4,4,0,0,0,0,0,0,0,0
7,2017-04-14,09:30:02,400,IF1704,CCFX,3509.0,3507.0,3511.8,49,51576180,28014,28054,3860.4,3158.8,3509.6,3508.6,0.0,3507.6,0,0,0,2017-04-14,34202400,3509.0,2,0,0,0,0,0,0,0,0,3510.2,1,0,0,0,0,0,0,0,0
8,2017-04-14,09:30:02,900,IF1704,CCFX,3509.0,3507.0,3511.8,50,52628880,28013,28054,3860.4,3158.8,3509.6,3508.6,0.0,3507.6,0,0,0,2017-04-14,34202900,3509.0,1,0,0,0,0,0,0,0,0,3510.0,1,0,0,0,0,0,0,0,0
9,2017-04-14,09:30:03,400,IF1704,CCFX,3509.0,3507.0,3511.8,51,53681580,28012,28054,3860.4,3158.8,3509.6,3508.6,0.0,3507.6,0,0,0,2017-04-14,34203400,3508.8,1,0,0,0,0,0,0,0,0,3509.8,1,0,0,0,0,0,0,0,0
10,2017-04-14,09:30:03,900,IF1704,CCFX,3508.6,3507.0,3511.8,56,58945200,28010,28054,3860.4,3158.8,3509.6,3508.6,0.0,3507.6,0,0,0,2017-04-14,34203900,3508.4,1,0,0,0,0,0,0,0,0,3510.0,1,0,0,0,0,0,0,0,0
11,2017-04-14,09:30:04,400,IF1704,CCFX,3508.4,3507.0,3511.8,61,64208940,28005,28054,3860.4,3158.8,3509.6,3508.6,0.0,3507.6,0,0,0,2017-04-14,34204400,3508.8,1,0,0,0,0,0,0,0,0,3509.6,1,0,0,0,0,0,0,0,0
12,2017-04-14,09:30:04,900,IF1704,CCFX,3509.4,3507.0,3511.8,65,68419920,28002,28054,3860.4,3158.8,3509.6,3508.6,0.0,3507.6,0,0,0,2017-04-14,34204900,3508.2,1,0,0,0,0,0,0,0,0,3508.8,1,0,0,0,0,0,0,0,0
13,2017-04-14,09:30:05,400,IF1704,CCFX,3509.6,3507.0,3511.8,68,71577900,28003,28054,3860.4,3158.8,3509.6,3508.6,0.0,3507.6,0,0,0,2017-04-14,34205400,3508.2,1,0,0,0,0,0,0,0,0,3508.6,1,0,0,0,0,0,0,0,0
14,2017-04-14,09:30:05,900,IF1704,CCFX,3508.6,3507.0,3511.8,69,72630480,28002,28054,3860.4,3158.8,3509.6,3508.6,0.0,3507.6,0,0,0,2017-04-14,34205900,3509.0,1,0,0,0,0,0,0,0,0,3510.0,1,0,0,0,0,0,0,0,0
15,2017-04-14,09:30:06,400,IF1704,CCFX,3510.0,3507.0,3511.8,71,74736180,28002,28054,3860.4,3158.8,3509.6,3508.6,0.0,3507.6,0,0,0,2017-04-14,34206400,3508.2,1,0,0,0,0,0,0,0,0,3510.2,1,0,0,0,0,0,0,0,0
16,2017-04-14,09:30:06,900,IF1704,CCFX,3508.8,3507.0,3511.8,73,76841820,28000,28054,3860.4,3158.8,3509.6,3508.6,0.0,3507.6,0,0,0,2017-04-14,34206900,3508.6,1,0,0,0,0,0,0,0,0,3509.6,1,0,0,0,0,0,0,0,0
17,2017-04-14,09:30:07,400,IF1704,CCFX,3510.0,3507.0,3511.8,75,78947700,27999,28054,3860.4,3158.8,3509.6,3508.6,0.0,3507.6,0,0,0,2017-04-14,34207400,3508.8,2,0,0,0,0,0,0,0,0,3510.4,2,0,0,0,0,0,0,0,0
18,2017-04-14,09:30:07,900,IF1704,CCFX,3510.4,3507.0,3511.8,76,80000820,27999,28054,3860.4,3158.8,3509.6,3508.6,0.0,3507.6,0,0,0,2017-04-14,34207900,3509.0,1,0,0,0,0,0,0,0,0,3510.4,1,0,0,0,0,0,0,0,0
19,2017-04-14,09:30:08,400,IF1704,CCFX,3510.4,3507.0,3511.8,76,80000820,27999,28054,3860.4,3158.8,3509.6,3508.6,0.0,3507.6,0,0,0,2017-04-14,34208400,3510.4,1,0,0,0,0,0,0,0,0,3510.6,1,0,0,0,0,0,0,0,0
20,2017-04-14,09:30:08,900,IF1704,CCFX,3510.4,3507.0,3511.8,76,80000820,27999,28054,3860.4,3158.8,3509.6,3508.6,0.0,3507.6,0,0,0,2017-04-14,34208900,3510.4,4,0,0,0,0,0,0,0,0,3510.6,1,0,0,0,0,0,0,0,0
21,2017-04-14,09:30:09,400,IF1704,CCFX,3510.4,3507.0,3511.8,80,84213300,27995,28054,3860.4,3158.8,3509.6,3508.6,0.0,3507.6,0,0,0,2017-04-14,34209400,3509.2,3,0,0,0,0,0,0,0,0,3510.6,1,0,0,0,0,0,0,0,0
22,2017-04-14,09:30:09,900,IF1704,CCFX,3510.6,3507.0,3511.8,81,85266480,27995,28054,3860.4,3158.8,3509.6,3508.6,0.0,3507.6,0,0,0,2017-04-14,34209900,3509.2,3,0,0,0,0,0,0,0,0,3510.6,1,0,0,0,0,0,0,0,0
23,2017-04-14,09:30:10,400,IF1704,CCFX,3510.4,3507.0,3511.8,83,87372360,27994,28054,3860.4,3158.8,3509.6,3508.6,0.0,3507.6,0,0,0,2017-04-14,34210400,3509.2,2,0,0,0,0,0,0,0,0,3510.4,1,0,0,0,0,0,0,0,0
24,2017-04-14,09:30:10,900,IF1704,CCFX,3509.2,3507.0,3511.8,86,90531360,27992,28054,3860.4,3158.8,3509.6,3508.6,0.0,3507.6,0,0,0,2017-04-14,34210900,3508.6,2,0,0,0,0,0,0,0,0,3510.0,1,0,0,0,0,0,0,0,0
25,2017-04-14,09:30:11,400,IF1704,CCFX,3509.2,3507.0,3511.8,86,90531360,27992,28054,3860.4,3158.8,3509.6,3508.6,0.0,3507.6,0,0,0,2017-04-14,34211400,3508.8,3,0,0,0,0,0,0,0,0,3510.0,1,0,0,0,0,0,0,0,0
26,2017-04-14,09:30:11,900,IF1704,CCFX,3508.8,3507.0,3511.8,87,91584000,27992,28054,3860.4,3158.8,3509.6,3508.6,0.0,3507.6,0,0,0,2017-04-14,34211900,3509.0,1,0,0,0,0,0,0,0,0,3509.8,1,0,0,0,0,0,0,0,0
27,2017-04-14,09:30:12,400,IF1704,CCFX,3508.8,3507.0,3511.8,87,91584000,27992,28054,3860.4,3158.8,3509.6,3508.6,0.0,3507.6,0,0,0,2017-04-14,34212400,3509.0,1,0,0,0,0,0,0,0,0,3509.6,1,0,0,0,0,0,0,0,0
28,2017-04-14,09:30:12,900,IF1704,CCFX,3509.0,3507.0,3511.8,88,92636700,27991,28054,3860.4,3158.8,3509.6,3508.6,0.0,3507.6,0,0,0,2017-04-14,34212900,3508.8,1,0,0,0,0,0,0,0,0,3509.6,1,0,0,0,0,0,0,0,0
29,2017-04-14,09:30:13,400,IF1704,CCFX,3509.0,3507.0,3511.8,88,92636700,27991,28054,3860.4,3158.8,3509.6,3508.6,0.0,3507.6,0,0,0,2017-04-14,34213400,3508.6,2,0,0,0,0,0,0,0,0,3508.8,1,0,0,0,0,0,0,0,0
30,2017-04-14,09:30:13,900,IF1704,CCFX,3508.8,3507.0,3511.8,89,93689340,27990,28054,3860.4,3158.8,3509.6,3508.6,0.0,3507.6,0,0,0,2017-04-14,34213900,3508.6,2,0,0,0,0,0,0,0,0,3509.6,1,0,0,0,0,0,0,0,0
31,2017-04-14,09:30:14,400,IF1704,CCFX,3508.6,3507.0,3511.8,91,95794500,27988,28054,3860.4,3158.8,3509.6,3508.6,0.0,3507.6,0,0,0,2017-04-14,34214400,3508.2,1,0,0,0,0,0,0,0,0,3508.6,5,0,0,0,0,0,0,0,0
32,2017-04-14,09:30:14,900,IF1704,CCFX,3508.6,3507.0,3511.8,96,101057400,27988,28054,3860.4,3158.8,3509.6,3508.6,0.0,3507.6,0,0,0,2017-04-14,34214900,3509.6,4,0,0,0,0,0,0,0,0,3510.0,1,0,0,0,0,0,0,0,0
33,2017-04-14,09:30:15,400,IF1704,CCFX,3508.6,3507.0,3511.8,96,101057400,27988,28054,3860.4,3158.8,3509.6,3508.6,0.0,3507.6,0,0,0,2017-04-14,34215400,3509.6,4,0,0,0,0,0,0,0,0,3510.0,1,0,0,0,0,0,0,0,0
34,2017-04-14,09:30:15,900,IF1704,CCFX,3508.6,3507.0,3511.8,96,101057400,27988,28054,3860.4,3158.8,3509.6,3508.6,0.0,3507.6,0,0,0,2017-04-14,34215900,3509.6,4,0,0,0,0,0,0,0,0,3509.8,1,0,0,0,0,0,0,0,0
35,2017-04-14,09:30:16,400,IF1704,CCFX,3509.6,3507.0,3511.8,99,104216040,27985,28054,3860.4,3158.8,3509.6,3508.6,0.0,3507.6,0,0,0,2017-04-14,34216400,3509.6,1,0,0,0,0,0,0,0,0,3509.8,1,0,0,0,0,0,0,0,0
36,2017-04-14,09:30:16,900,IF1704,CCFX,3509.6,3507.0,3511.8,100,105268920,27984,28054,3860.4,3158.8,3509.6,3508.6,0.0,3507.6,0,0,0,2017-04-14,34216900,3509.2,2,0,0,0,0,0,0,0,0,3509.6,2,0,0,0,0,0,0,0,0
37,2017-04-14,09:30:17,400,IF1704,CCFX,3509.4,3507.0,3511.8,103,108427260,27984,28054,3860.4,3158.8,3509.6,3508.6,0.0,3507.6,0,0,0,2017-04-14,34217400,3508.2,1,0,0,0,0,0,0,0,0,3509.6,2,0,0,0,0,0,0,0,0
38,2017-04-14,09:30:17,900,IF1704,CCFX,3509.6,3507.0,3511.8,105,110532960,27982,28054,3860.4,3158.8,3509.6,3508.6,0.0,3507.6,0,0,0,2017-04-14,34217900,3509.6,1,0,0,0,0,0,0,0,0,3510.6,1,0,0,0,0,0,0,0,0
39,2017-04-14,09:30:18,400,IF1704,CCFX,3509.6,3507.0,3511.8,107,112638720,27980,28054,3860.4,3158.8,3509.6,3508.6,0.0,3507.6,0,0,0,2017-04-14,34218400,3509.8,2,0,0,0,0,0,0,0,0,3510.4,2,0,0,0,0,0,0,0,0
40,2017-04-14,09:30:18,900,IF1704,CCFX,3509.6,3507.0,3511.8,107,112638720,27980,28054,3860.4,3158.8,3509.6,3508.6,0.0,3507.6,0,0,0,2017-04-14,34218900,3509.8,2,0,0,0,0,0,0,0,0,3510.2,1,0,0,0,0,0,0,0,0
41,2017-04-14,09:30:19,400,IF1704,CCFX,3509.8,3507.0,3511.8,109,114744600,27978,28054,3860.4,3158.8,3509.6,3508.6,0.0,3507.6,0,0,0,2017-04-14,34219400,3509.6,1,0,0,0,0,0,0,0,0,3509.8,1,0,0,0,0,0,0,0,0
42,2017-04-14,09:30:19,900,IF1704,CCFX,3509.8,3507.0,3511.8,111,116850420,27977,28054,3860.4,3158.8,3509.6,3508.6,0.0,3507.6,0,0,0,2017-04-14,34219900,3508.6,1,0,0,0,0,0,0,0,0,3510.0,1,0,0,0,0,0,0,0,0
43,2017-04-14,09:30:20,400,IF1704,CCFX,3509.8,3507.0,3511.8,111,116850420,27977,28054,3860.4,3158.8,3509.6,3508.6,0.0,3507.6,0,0,0,2017-04-14,34220400,3508.8,4,0,0,0,0,0,0,0,0,3509.8,2,0,0,0,0,0,0,0,0
44,2017-04-14,09:30:20,900,IF1704,CCFX,3509.8,3507.0,3511.8,111,116850420,27977,28054,3860.4,3158.8,3509.6,3508.6,0.0,3507.6,0,0,0,2017-04-14,34220900,3508.8,1,0,0,0,0,0,0,0,0,3510.0,1,0,0,0,0,0,0,0,0
45,2017-04-14,09:30:21,400,IF1704,CCFX,3509.8,3507.0,3511.8,111,116850420,27977,28054,3860.4,3158.8,3509.6,3508.6,0.0,3507.6,0,0,0,2017-04-14,34221400,3508.8,1,0,0,0,0,0,0,0,0,3510.0,1,0,0,0,0,0,0,0,0
46,2017-04-14,09:30:21,900,IF1704,CCFX,3510.0,3507.0,3511.8,114,120009420,27975,28054,3860.4,3158.8,3509.6,3508.6,0.0,3507.6,0,0,0,2017-04-14,34221900,3509.8,1,0,0,0,0,0,0,0,0,3510.4,2,0,0,0,0,0,0,0,0
47,2017-04-14,09:30:22,400,IF1704,CCFX,3509.8,3507.0,3511.8,116,122115300,27974,28054,3860.4,3158.8,3509.6,3508.6,0.0,3507.6,0,0,0,2017-04-14,34222400,3509.0,1,0,0,0,0,0,0,0,0,3510.4,2,0,0,0,0,0,0,0,0
48,2017-04-14,09:30:22,900,IF1704,CCFX,3509.8,3507.0,3511.8,116,122115300,27974,28054,3860.4,3158.8,3509.6,3508.6,0.0,3507.6,0,0,0,2017-04-14,34222900,3509.2,3,0,0,0,0,0,0,0,0,3509.6,2,0,0,0,0,0,0,0,0
49,2017-04-14,09:30:23,400,IF1704,CCFX,3509.8,3507.0,3511.8,116,122115300,27974,28054,3860.4,3158.8,3509.6,3508.6,0.0,3507.6,0,0,0,2017-04-14,34223400,3509.0,1,0,0,0,0,0,0,0,0,3509.6,2,0,0,0,0,0,0,0,0
50,2017-04-14,09:30:23,900,IF1704,CCFX,3509.6,3507.0,3511.8,119,125274000,27972,28054,3860.4,3158.8,3509.6,3508.6,0.0,3507.6,0,0,0,2017-04-14,34223900,3509.6,1,0,0,0,0,0,0,0,0,3510.2,1,0,0,0,0,0,0,0,0
51,2017-04-14,09:30:24,400,IF1704,CCFX,3509.6,3507.0,3511.8,119,125274000,27972,28054,3860.4,3158.8,3509.6,3508.6,0.0,3507.6,0,0,0,2017-04-14,34224400,3509.6,14,0,0,0,0,0,0,0,0,3510.4,2,0,0,0,0,0,0,0,0
52,2017-04-14,09:30:24,900,IF1704,CCFX,3509.8,3507.0,3511.8,123,129486120,27968,28054,3860.4,3158.8,3509.6,3508.6,0.0,3507.6,0,0,0,2017-04-14,34224900,3509.6,14,0,0,0,0,0,0,0,0,3510.2,2,0,0,0,0,0,0,0,0
53,2017-04-14,09:30:25,400,IF1704,CCFX,3509.8,3507.0,3511.8,123,129486120,27968,28054,3860.4,3158.8,3509.6,3508.6,0.0,3507.6,0,0,0,2017-04-14,34225400,3509.8,6,0,0,0,0,0,0,0,0,3510.2,2,0,0,0,0,0,0,0,0
54,2017-04-14,09:30:25,900,IF1704,CCFX,3510.2,3507.0,3511.8,127,133698360,27966,28054,3860.4,3158.8,3509.6,3508.6,0.0,3507.6,0,0,0,2017-04-14,34225900,3510.0,2,0,0,0,0,0,0,0,0,3510.6,1,0,0,0,0,0,0,0,0
55,2017-04-14,09:30:26,400,IF1704,CCFX,3510.2,3507.0,3511.8,129,135804600,27964,28054,3860.4,3158.8,3509.6,3508.6,0.0,3507.6,0,0,0,2017-04-14,34226400,3510.0,2,0,0,0,0,0,0,0,0,3510.8,1,0,0,0,0,0,0,0,0
56,2017-04-14,09:30:26,900,IF1704,CCFX,3510.2,3507.0,3511.8,129,135804600,27964,28054,3860.4,3158.8,3509.6,3508.6,0.0,3507.6,0,0,0,2017-04-14,34226900,3510.2,3,0,0,0,0,0,0,0,0,3510.8,1,0,0,0,0,0,0,0,0
57,2017-04-14,09:30:27,400,IF1704,CCFX,3510.4,3507.0,3511.8,131,137910960,27963,28054,3860.4,3158.8,3509.6,3508.6,0.0,3507.6,0,0,0,2017-04-14,34227400,3510.4,2,0,0,0,0,0,0,0,0,3512.0,7,0,0,0,0,0,0,0,0
58,2017-04-14,09:30:27,900,IF1704,CCFX,3510.4,3507.0,3511.8,131,137910960,27963,28054,3860.4,3158.8,3509.6,3508.6,0.0,3507.6,0,0,0,2017-04-14,34227900,3510.6,1,0,0,0,0,0,0,0,0,3511.8,4,0,0,0,0,0,0,0,0
59,2017-04-14,09:30:28,400,IF1704,CCFX,3511.6,3507.0,3511.8,132,138964440,27962,28054,3860.4,3158.8,3509.6,3508.6,0.0,3507.6,0,0,0,2017-04-14,34228400,3510.6,1,0,0,0,0,0,0,0,0,3511.6,1,0,0,0,0,0,0,0,0
60,2017-04-14,09:30:28,900,IF1704,CCFX,3510.4,3507.0,3511.8,135,142123860,27960,28054,3860.4,3158.8,3509.6,3508.6,0.0,3507.6,0,0,0,2017-04-14,34228900,3510.2,3,0,0,0,0,0,0,0,0,3510.6,2,0,0,0,0,0,0,0,0
61,2017-04-14,09:30:29,400,IF1704,CCFX,3510.2,3507.0,3511.8,136,143176920,27959,28054,3860.4,3158.8,3509.6,3508.6,0.0,3507.6,0,0,0,2017-04-14,34229400,3510.4,1,0,0,0,0,0,0,0,0,3510.6,2,0,0,0,0,0,0,0,0
62,2017-04-14,09:30:29,900,IF1704,CCFX,3510.4,3507.0,3511.8,138,145283220,27958,28054,3860.4,3158.8,3509.6,3508.6,0.0,3507.6,0,0,0,2017-04-14,34229900,3510.2,1,0,0,0,0,0,0,0,0,3510.6,1,0,0,0,0,0,0,0,0
63,2017-04-14,09:30:30,400,IF1704,CCFX,3510.4,3507.0,3511.8,138,145283220,27958,28054,3860.4,3158.8,3509.6,3508.6,0.0,3507.6,0,0,0,2017-04-14,34230400,3510.2,1,0,0,0,0,0,0,0,0,3510.6,1,0,0,0,0,0,0,0,0
64,2017-04-14,09:30:30,900,IF1704,CCFX,3510.6,3507.0,3511.8,139,146336400,27957,28054,3860.4,3158.8,3509.6,3508.6,0.0,3507.6,0,0,0,2017-04-14,34230900,3510.2,1,0,0,0,0,0,0,0,0,3511.6,1,0,0,0,0,0,0,0,0
65,2017-04-14,09:30:31,400,IF1704,CCFX,3510.4,3507.0,3511.8,140,147389520,27956,28054,3860.4,3158.8,3509.6,3508.6,0.0,3507.6,0,0,0,2017-04-14,34231400,3510.6,2,0,0,0,0,0,0,0,0,3511.4,7,0,0,0,0,0,0,0,0
66,2017-04-14,09:30:31,900,IF1704,CCFX,3510.4,3507.0,3511.8,141,148442640,27956,28054,3860.4,3158.8,3509.6,3508.6,0.0,3507.6,0,0,0,2017-04-14,34231900,3510.6,1,0,0,0,0,0,0,0,0,3511.2,2,0,0,0,0,0,0,0,0
67,2017-04-14,09:30:32,400,IF1704,CCFX,3510.6,3507.0,3511.8,143,150549000,27954,28054,3860.4,3158.8,3509.6,3508.6,0.0,3507.6,0,0,0,2017-04-14,34232400,3510.2,1,0,0,0,0,0,0,0,0,3511.2,2,0,0,0,0,0,0,0,0
68,2017-04-14,09:30:32,900,IF1704,CCFX,3510.6,3507.0,3511.8,143,150549000,27954,28054,3860.4,3158.8,3509.6,3508.6,0.0,3507.6,0,0,0,2017-04-14,34232900,3510.2,1,0,0,0,0,0,0,0,0,3511.0,2,0,0,0,0,0,0,0,0
69,2017-04-14,09:30:33,400,IF1704,CCFX,3510.8,3507.0,3511.8,144,151602240,27953,28054,3860.4,3158.8,3509.6,3508.6,0.0,3507.6,0,0,0,2017-04-14,34233400,3510.4,1,0,0,0,0,0,0,0,0,3510.6,1,0,0,0,0,0,0,0,0
70,2017-04-14,09:30:33,900,IF1704,CCFX,3510.6,3507.0,3511.8,149,156867900,27948,28054,3860.4,3158.8,3509.6,3508.6,0.0,3507.6,0,0,0,2017-04-14,34233900,3509.6,13,0,0,0,0,0,0,0,0,3510.4,1,0,0,0,0,0,0,0,0
71,2017-04-14,09:30:34,400,IF1704,CCFX,3510.6,3507.0,3511.8,149,156867900,27948,28054,3860.4,3158.8,3509.6,3508.6,0.0,3507.6,0,0,0,2017-04-14,34234400,3509.6,13,0,0,0,0,0,0,0,0,3510.2,1,0,0,0,0,0,0,0,0
72,2017-04-14,09:30:34,900,IF1704,CCFX,3510.6,3507.0,3511.8,149,156867900,27948,28054,3860.4,3158.8,3509.6,3508.6,0.0,3507.6,0,0,0,2017-04-14,34234900,3509.6,13,0,0,0,0,0,0,0,0,3510.0,1,0,0,0,0,0,0,0,0
73,2017-04-14,09:30:35,400,IF1704,CCFX,3510.6,3507.0,3511.8,149,156867900,27948,28054,3860.4,3158.8,3509.6,3508.6,0.0,3507.6,0,0,0,2017-04-14,34235400,3509.8,2,0,0,0,0,0,0,0,0,3510.0,1,0,0,0,0,0,0,0,0
74,2017-04-14,09:30:35,900,IF1704,CCFX,3510.0,3507.0,3511.8,150,157920900,27947,28054,3860.4,3158.8,3509.6,3508.6,0.0,3507.6,0,0,0,2017-04-14,34235900,3509.8,1,0,0,0,0,0,0,0,0,3510.2,2,0,0,0,0,0,0,0,0
75,2017-04-14,09:30:36,400,IF1704,CCFX,3509.6,3507.0,3511.8,156,164238360,27941,28054,3860.4,3158.8,3509.6,3508.6,0.0,3507.6,0,0,0,2017-04-14,34236400,3509.6,9,0,0,0,0,0,0,0,0,3510.2,2,0,0,0,0,0,0,0,0
76,2017-04-14,09:30:36,900,IF1704,CCFX,3510.0,3507.0,3511.8,158,166344240,27939,28054,3860.4,3158.8,3509.6,3508.6,0.0,3507.6,0,0,0,2017-04-14,34236900,3509.8,1,0,0,0,0,0,0,0,0,3510.0,4,0,0,0,0,0,0,0,0
77,2017-04-14,09:30:37,400,IF1704,CCFX,3509.8,3507.0,3511.8,161,169503060,27936,28054,3860.4,3158.8,3509.6,3508.6,0.0,3507.6,0,0,0,2017-04-14,34237400,3509.6,8,0,0,0,0,0,0,0,0,3510.0,4,0,0,0,0,0,0,0,0
78,2017-04-14,09:30:37,900,IF1704,CCFX,3509.6,3507.0,3511.8,163,171608820,27934,28054,3860.4,3158.8,3509.6,3508.6,0.0,3507.6,0,0,0,2017-04-14,34237900,3509.6,6,0,0,0,0,0,0,0,0,3509.8,1,0,0,0,0,0,0,0,0
79,2017-04-14,09:30:38,400,IF1704,CCFX,3509.6,3507.0,3511.8,165,173714580,27932,28054,3860.4,3158.8,3509.6,3508.6,0.0,3507.6,0,0,0,2017-04-14,34238400,3509.6,4,0,0,0,0,0,0,0,0,3509.8,2,0,0,0,0,0,0,0,0
80,2017-04-14,09:30:38,900,IF1704,CCFX,3509.6,3507.0,3511.8,169,177926100,27929,28054,3860.4,3158.8,3509.6,3508.6,0.0,3507.6,0,0,0,2017-04-14,34238900,3509.0,1,0,0,0,0,0,0,0,0,3509.8,2,0,0,0,0,0,0,0,0
81,2017-04-14,09:30:39,400,IF1704,CCFX,3509.0,3507.0,3511.8,170,178978800,27928,28054,3860.4,3158.8,3509.6,3508.6,0.0,3507.6,0,0,0,2017-04-14,34239400,3508.8,2,0,0,0,0,0,0,0,0,3509.4,1,0,0,0,0,0,0,0,0
82,2017-04-14,09:30:39,900,IF1704,CCFX,3509.2,3507.0,3511.8,171,180031560,27927,28054,3860.4,3158.8,3509.6,3508.6,0.0,3507.6,0,0,0,2017-04-14,34239900,3509.2,1,0,0,0,0,0,0,0,0,3509.4,2,0,0,0,0,0,0,0,0
83,2017-04-14,09:30:40,400,IF1704,CCFX,3508.8,3507.0,3511.8,173,182136960,27925,28054,3860.4,3158.8,3509.6,3508.6,0.0,3507.6,0,0,0,2017-04-14,34240400,3508.8,1,0,0,0,0,0,0,0,0,3509.4,2,0,0,0,0,0,0,0,0
84,2017-04-14,09:30:40,900,IF1704,CCFX,3508.8,3507.0,3511.8,174,183189600,27924,28054,3860.4,3158.8,3509.6,3508.6,0.0,3507.6,0,0,0,2017-04-14,34240900,3509.0,1,0,0,0,0,0,0,0,0,3509.4,2,0,0,0,0,0,0,0,0
85,2017-04-14,09:30:41,400,IF1704,CCFX,3509.4,3507.0,3511.8,175,184242420,27923,28054,3860.4,3158.8,3509.6,3508.6,0.0,3507.6,0,0,0,2017-04-14,34241400,3509.0,1,0,0,0,0,0,0,0,0,3509.4,1,0,0,0,0,0,0,0,0
86,2017-04-14,09:30:41,900,IF1704,CCFX,3509.4,3507.0,3511.8,176,185295240,27923,28054,3860.4,3158.8,3509.6,3508.6,0.0,3507.6,0,0,0,2017-04-14,34241900,3509.4,2,0,0,0,0,0,0,0,0,3510.0,2,0,0,0,0,0,0,0,0
87,2017-04-14,09:30:43,400,IF1704,CCFX,3509.4,3507.0,3511.8,176,185295240,27923,28054,3860.4,3158.8,3509.6,3508.6,0.0,3507.6,0,0,0,2017-04-14,34243400,3509.4,2,0,0,0,0,0,0,0,0,3510.0,2,0,0,0,0,0,0,0,0
88,2017-04-14,09:30:43,900,IF1704,CCFX,3509.8,3507.0,3511.8,177,186348180,27922,28054,3860.4,3158.8,3509.6,3508.6,0.0,3507.6,0,0,0,2017-04-14,34243900,3509.4,3,0,0,0,0,0,0,0,0,3510.0,2,0,0,0,0,0,0,0,0
89,2017-04-14,09:30:44,400,IF1704,CCFX,3510.0,3507.0,3511.8,178,187401180,27921,28054,3860.4,3158.8,3509.6,3508.6,0.0,3507.6,0,0,0,2017-04-14,34244400,3509.4,3,0,0,0,0,0,0,0,0,3510.0,1,0,0,0,0,0,0,0,0
90,2017-04-14,09:30:44,900,IF1704,CCFX,3510.0,3507.0,3511.8,180,189507180,27919,28054,3860.4,3158.8,3509.6,3508.6,0.0,3507.6,0,0,0,2017-04-14,34244900,3509.4,3,0,0,0,0,0,0,0,0,3510.8,9,0,0,0,0,0,0,0,0
91,2017-04-14,09:30:45,400,IF1704,CCFX,3510.0,3507.0,3511.8,180,189507180,27919,28054,3860.4,3158.8,3509.6,3508.6,0.0,3507.6,0,0,0,2017-04-14,34245400,3509.6,3,0,0,0,0,0,0,0,0,3510.6,4,0,0,0,0,0,0,0,0
92,2017-04-14,09:30:45,900,IF1704,CCFX,3510.6,3507.0,3511.8,181,190560360,27918,28054,3860.4,3158.8,3509.6,3508.6,0.0,3507.6,0,0,0,2017-04-14,34245900,3509.6,3,0,0,0,0,0,0,0,0,3510.6,3,0,0,0,0,0,0,0,0
93,2017-04-14,09:30:46,400,IF1704,CCFX,3510.6,3507.0,3511.8,181,190560360,27918,28054,3860.4,3158.8,3509.6,3508.6,0.0,3507.6,0,0,0,2017-04-14,34246400,3509.8,1,0,0,0,0,0,0,0,0,3510.6,2,0,0,0,0,0,0,0,0
94,2017-04-14,09:30:46,900,IF1704,CCFX,3510.6,3507.0,3511.8,183,192666480,27916,28054,3860.4,3158.8,3509.6,3508.6,0.0,3507.6,0,0,0,2017-04-14,34246900,3509.6,2,0,0,0,0,0,0,0,0,3510.6,1,0,0,0,0,0,0,0,0
95,2017-04-14,09:30:47,400,IF1704,CCFX,3509.6,3507.0,3511.8,185,194772240,27915,28054,3860.4,3158.8,3509.6,3508.6,0.0,3507.6,0,0,0,2017-04-14,34247400,3509.4,2,0,0,0,0,0,0,0,0,3509.6,2,0,0,0,0,0,0,0,0
96,2017-04-14,09:30:47,900,IF1704,CCFX,3509.6,3507.0,3511.8,187,196878000,27913,28054,3860.4,3158.8,3509.6,3508.6,0.0,3507.6,0,0,0,2017-04-14,34247900,3509.4,2,0,0,0,0,0,0,0,0,3509.8,1,0,0,0,0,0,0,0,0
97,2017-04-14,09:30:48,400,IF1704,CCFX,3510.6,3507.0,3511.8,189,198984120,27911,28054,3860.4,3158.8,3509.6,3508.6,0.0,3507.6,0,0,0,2017-04-14,34248400,3509.4,2,0,0,0,0,0,0,0,0,3510.6,1,0,0,0,0,0,0,0,0
98,2017-04-14,09:30:48,900,IF1704,CCFX,3510.6,3507.0,3511.8,189,198984120,27911,28054,3860.4,3158.8,3509.6,3508.6,0.0,3507.6,0,0,0,2017-04-14,34248900,3509.8,1,0,0,0,0,0,0,0,0,3510.4,1,0,0,0,0,0,0,0,0
99,2017-04-14,09:30:49,400,IF1704,CCFX,3510.6,3507.0,3511.8,189,198984120,27911,28054,3860.4,3158.8,3509.6,3508.6,0.0,3507.6,0,0,0,2017-04-14,34249400,3509.8,1,0,0,0,0,0,0,0,0,3510.4,1,0,0,0,0,0,0,0,0
100,2017-04-14,09:30:49,900,IF1704,CCFX,3510.6,3507.0,3511.8,189,198984120,27911,28054,3860.4,3158.8,3509.6,3508.6,0.0,3507.6,0,0,0,2017-04-14,34249900,3509.8,1,0,0,0,0,0,0,0,0,3510.4,1,0,0,0,0,0,0,0,0
101,2017-04-14,09:30:50,900,IF1704,CCFX,3509.8,3507.0,3511.8,190,200037060,27910,28054,3860.4,3158.8,3509.6,3508.6,0.0,3507.6,0,0,0,2017-04-14,34250900,3509.6,1,0,0,0,0,0,0,0,0,3509.8,2,0,0,0,0,0,0,0,0
102,2017-04-14,09:30:51,400,IF1704,CCFX,3509.8,3507.0,3511.8,191,201090000,27909,28054,3860.4,3158.8,3509.6,3508.6,0.0,3507.6,0,0,0,2017-04-14,34251400,3509.6,1,0,0,0,0,0,0,0,0,3509.8,1,0,0,0,0,0,0,0,0
103,2017-04-14,09:30:51,900,IF1704,CCFX,3509.6,3507.0,3511.8,192,202142880,27908,28054,3860.4,3158.8,3509.6,3508.6,0.0,3507.6,0,0,0,2017-04-14,34251900,3509.4,3,0,0,0,0,0,0,0,0,3509.6,1,0,0,0,0,0,0,0,0
104,2017-04-14,09:30:52,400,IF1704,CCFX,3509.6,3507.0,3511.8,193,203195760,27907,28054,3860.4,3158.8,3509.6,3508.6,0.0,3507.6,0,0,0,2017-04-14,34252400,3509.6,1,0,0,0,0,0,0,0,0,3509.8,2,0,0,0,0,0,0,0,0
105,2017-04-14,09:30:52,900,IF1704,CCFX,3509.6,3507.0,3511.8,194,204248640,27906,28054,3860.4,3158.8,3509.6,3508.6,0.0,3507.6,0,0,0,2017-04-14,34252900,3509.4,3,0,0,0,0,0,0,0,0,3509.6,1,0,0,0,0,0,0,0,0
106,2017-04-14,09:30:53,400,IF1704,CCFX,3509.6,3507.0,3511.8,195,205301520,27905,28054,3860.4,3158.8,3509.6,3508.6,0.0,3507.6,0,0,0,2017-04-14,34253400,3509.4,3,0,0,0,0,0,0,0,0,3509.6,3,0,0,0,0,0,0,0,0
107,2017-04-14,09:30:53,900,IF1704,CCFX,3509.4,3507.0,3511.8,197,207407160,27903,28054,3860.4,3158.8,3509.6,3508.6,0.0,3507.6,0,0,0,2017-04-14,34253900,3509.4,1,0,0,0,0,0,0,0,0,3509.6,3,0,0,0,0,0,0,0,0
108,2017-04-14,09:30:54,400,IF1704,CCFX,3509.4,3507.0,3511.8,198,208459980,27902,28054,3860.4,3158.8,3509.6,3508.6,0.0,3507.6,0,0,0,2017-04-14,34254400,3509.0,1,0,0,0,0,0,0,0,0,3509.4,1,0,0,0,0,0,0,0,0
109,2017-04-14,09:30:54,900,IF1704,CCFX,3509.6,3507.0,3511.8,200,210565680,27900,28054,3860.4,3158.8,3509.6,3508.6,0.0,3507.6,0,0,0,2017-04-14,34254900,3509.0,1,0,0,0,0,0,0,0,0,3509.6,2,0,0,0,0,0,0,0,0
110,2017-04-14,09:30:55,400,IF1704,CCFX,3509.4,3507.0,3511.8,201,211618500,27899,28054,3860.4,3158.8,3509.6,3508.6,0.0,3507.6,0,0,0,2017-04-14,34255400,3509.0,1,0,0,0,0,0,0,0,0,3509.2,1,0,0,0,0,0,0,0,0
111,2017-04-14,09:30:55,900,IF1704,CCFX,3509.4,3507.0,3511.8,201,211618500,27899,28054,3860.4,3158.8,3509.6,3508.6,0.0,3507.6,0,0,0,2017-04-14,34255900,3509.0,1,0,0,0,0,0,0,0,0,3509.2,1,0,0,0,0,0,0,0,0
112,2017-04-14,09:30:56,400,IF1704,CCFX,3509.0,3507.0,3511.8,203,213723960,27897,28054,3860.4,3158.8,3509.6,3508.6,0.0,3507.6,0,0,0,2017-04-14,34256400,3508.8,1,0,0,0,0,0,0,0,0,3509.6,2,0,0,0,0,0,0,0,0
113,2017-04-14,09:30:57,400,IF1704,CCFX,3508.8,3507.0,3511.8,204,214776600,27896,28054,3860.4,3158.8,3509.6,3508.6,0.0,3507.6,0,0,0,2017-04-14,34257400,3508.6,2,0,0,0,0,0,0,0,0,3509.6,2,0,0,0,0,0,0,0,0
114,2017-04-14,09:30:57,900,IF1704,CCFX,3508.8,3507.0,3511.8,204,214776600,27896,28054,3860.4,3158.8,3509.6,3508.6,0.0,3507.6,0,0,0,2017-04-14,34257900,3508.6,2,0,0,0,0,0,0,0,0,3509.4,1,0,0,0,0,0,0,0,0
115,2017-04-14,09:30:58,900,IF1704,CCFX,3508.8,3507.0,3511.8,204,214776600,27896,28054,3860.4,3158.8,3509.6,3508.6,0.0,3507.6,0,0,0,2017-04-14,34258900,3508.6,3,0,0,0,0,0,0,0,0,3509.4,1,0,0,0,0,0,0,0,0
116,2017-04-14,09:30:59,400,IF1704,CCFX,3508.6,3507.0,3511.8,207,217934340,27894,28054,3860.4,3158.8,3509.6,3508.6,0.0,3507.6,0,0,0,2017-04-14,34259400,3508.4,5,0,0,0,0,0,0,0,0,3509.4,1,0,0,0,0,0,0,0,0
117,2017-04-14,09:30:59,900,IF1704,CCFX,3508.6,3507.0,3511.8,207,217934340,27894,28054,3860.4,3158.8,3509.6,3508.6,0.0,3507.6,0,0,0,2017-04-14,34259900,3508.4,6,0,0,0,0,0,0,0,0,3509.4,1,0,0,0,0,0,0,0,0
118,2017-04-14,09:31:00,400,IF1704,CCFX,3508.6,3507.0,3511.8,207,217934340,27894,28054,3860.4,3158.8,3509.6,3508.6,0.0,3507.6,0,0,0,2017-04-14,34260400,3508.4,6,0,0,0,0,0,0,0,0,3509.4,2,0,0,0,0,0,0,0,0
119,2017-04-14,09:31:01,400,IF1704,CCFX,3509.4,3507.0,3511.8,209,220039980,27892,28054,3860.4,3158.8,3509.6,3508.6,0.0,3507.6,0,0,0,2017-04-14,34261400,3508.4,6,0,0,0,0,0,0,0,0,3510.4,1,0,0,0,0,0,0,0,0
120,2017-04-14,09:31:01,900,IF1704,CCFX,3509.4,3507.0,3511.8,209,220039980,27892,28054,3860.4,3158.8,3509.6,3508.6,0.0,3507.6,0,0,0,2017-04-14,34261900,3508.8,1,0,0,0,0,0,0,0,0,3510.0,1,0,0,0,0,0,0,0,0
121,2017-04-14,09:31:02,400,IF1704,CCFX,3509.4,3507.0,3511.8,209,220039980,27892,28054,3860.4,3158.8,3509.6,3508.6,0.0,3507.6,0,0,0,2017-04-14,34262400,3509.0,1,0,0,0,0,0,0,0,0,3510.0,1,0,0,0,0,0,0,0,0
122,2017-04-14,09:31:02,900,IF1704,CCFX,3508.8,3507.0,3511.8,211,222145320,27890,28054,3860.4,3158.8,3509.6,3508.6,0.0,3507.6,0,0,0,2017-04-14,34262900,3508.6,3,0,0,0,0,0,0,0,0,3509.8,1,0,0,0,0,0,0,0,0
123,2017-04-14,09:31:03,400,IF1704,CCFX,3509.8,3507.0,3511.8,212,223198260,27890,28054,3860.4,3158.8,3509.6,3508.6,0.0,3507.6,0,0,0,2017-04-14,34263400,3508.6,3,0,0,0,0,0,0,0,0,3509.8,1,0,0,0,0,0,0,0,0
124,2017-04-14,09:31:04,400,IF1704,CCFX,3508.4,3507.0,3511.8,217,228461040,27885,28054,3860.4,3158.8,3509.6,3508.6,0.0,3507.6,0,0,0,2017-04-14,34264400,3508.4,4,0,0,0,0,0,0,0,0,3509.6,1,0,0,0,0,0,0,0,0
125,2017-04-14,09:31:05,400,IF1704,CCFX,3508.4,3507.0,3511.8,217,228461040,27885,28054,3860.4,3158.8,3509.6,3508.6,0.0,3507.6,0,0,0,2017-04-14,34265400,3508.4,4,0,0,0,0,0,0,0,0,3509.6,1,0,0,0,0,0,0,0,0
126,2017-04-14,09:31:05,900,IF1704,CCFX,3508.4,3507.0,3511.8,217,228461040,27885,28054,3860.4,3158.8,3509.6,3508.6,0.0,3507.6,0,0,0,2017-04-14,34265900,3508.4,4,0,0,0,0,0,0,0,0,3509.6,1,0,0,0,0,0,0,0,0
127,2017-04-14,09:31:06,400,IF1704,CCFX,3508.4,3507.0,3511.8,217,228461040,27885,28054,3860.4,3158.8,3509.6,3508.6,0.0,3507.6,0,0,0,2017-04-14,34266400,3508.4,4,0,0,0,0,0,0,0,0,3509.4,1,0,0,0,0,0,0,0,0
128,2017-04-14,09:31:07,400,IF1704,CCFX,3508.4,3507.0,3511.8,217,228461040,27885,28054,3860.4,3158.8,3509.6,3508.6,0.0,3507.6,0,0,0,2017-04-14,34267400,3508.4,5,0,0,0,0,0,0,0,0,3509.4,1,0,0,0,0,0,0,0,0
129,2017-04-14,09:31:08,400,IF1704,CCFX,3509.4,3507.0,3511.8,218,229513860,27884,28054,3860.4,3158.8,3509.6,3508.6,0.0,3507.6,0,0,0,2017-04-14,34268400,3509.4,2,0,0,0,0,0,0,0,0,3509.6,1,0,0,0,0,0,0,0,0
130,2017-04-14,09:31:08,900,IF1704,CCFX,3509.4,3507.0,3511.8,221,232672320,27881,28054,3860.4,3158.8,3509.6,3508.6,0.0,3507.6,0,0,0,2017-04-14,34268900,3508.4,5,0,0,0,0,0,0,0,0,3509.4,1,0,0,0,0,0,0,0,0
131,2017-04-14,09:31:09,900,IF1704,CCFX,3509.4,3507.0,3511.8,223,234777960,27879,28054,3860.4,3158.8,3509.6,3508.6,0.0,3507.6,0,0,0,2017-04-14,34269900,3509.4,2,0,0,0,0,0,0,0,0,3509.6,2,0,0,0,0,0,0,0,0
132,2017-04-14,09:31:10,400,IF1704,CCFX,3508.6,3507.0,3511.8,226,237936180,27876,28054,3860.4,3158.8,3509.6,3508.6,0.0,3507.6,0,0,0,2017-04-14,34270400,3509.2,7,0,0,0,0,0,0,0,0,3509.6,1,0,0,0,0,0,0,0,0
133,2017-04-14,09:31:10,900,IF1704,CCFX,3508.6,3507.0,3511.8,226,237936180,27876,28054,3860.4,3158.8,3509.6,3508.6,0.0,3507.6,0,0,0,2017-04-14,34270900,3509.2,7,0,0,0,0,0,0,0,0,3509.6,1,0,0,0,0,0,0,0,0
134,2017-04-14,09:31:11,900,IF1704,CCFX,3509.6,3507.0,3511.8,227,238989060,27875,28054,3860.4,3158.8,3509.6,3508.6,0.0,3507.6,0,0,0,2017-04-14,34271900,3509.2,7,0,0,0,0,0,0,0,0,3509.8,1,0,0,0,0,0,0,0,0
135,2017-04-14,09:31:12,900,IF1704,CCFX,3509.2,3507.0,3511.8,228,240041820,27874,28054,3860.4,3158.8,3509.6,3508.6,0.0,3507.6,0,0,0,2017-04-14,34272900,3509.2,6,0,0,0,0,0,0,0,0,3509.8,1,0,0,0,0,0,0,0,0
136,2017-04-14,09:31:13,400,IF1704,CCFX,3509.2,3507.0,3511.8,228,240041820,27874,28054,3860.4,3158.8,3509.6,3508.6,0.0,3507.6,0,0,0,2017-04-14,34273400,3509.2,6,0,0,0,0,0,0,0,0,3509.6,1,0,0,0,0,0,0,0,0
137,2017-04-14,09:31:13,900,IF1704,CCFX,3509.6,3507.0,3511.8,229,241094700,27874,28054,3860.4,3158.8,3509.6,3508.6,0.0,3507.6,0,0,0,2017-04-14,34273900,3509.2,6,0,0,0,0,0,0,0,0,3509.8,1,0,0,0,0,0,0,0,0
138,2017-04-14,09:31:14,400,IF1704,CCFX,3509.6,3507.0,3511.8,229,241094700,27874,28054,3860.4,3158.8,3509.6,3508.6,0.0,3507.6,0,0,0,2017-04-14,34274400,3509.2,6,0,0,0,0,0,0,0,0,3509.8,1,0,0,0,0,0,0,0,0
139,2017-04-14,09:31:14,900,IF1704,CCFX,3509.6,3507.0,3511.8,229,241094700,27874,28054,3860.4,3158.8,3509.6,3508.6,0.0,3507.6,0,0,0,2017-04-14,34274900,3509.4,1,0,0,0,0,0,0,0,0,3509.8,2,0,0,0,0,0,0,0,0
140,2017-04-14,09:31:15,400,IF1704,CCFX,3509.6,3507.0,3511.8,229,241094700,27874,28054,3860.4,3158.8,3509.6,3508.6,0.0,3507.6,0,0,0,2017-04-14,34275400,3509.4,1,0,0,0,0,0,0,0,0,3509.8,2,0,0,0,0,0,0,0,0
141,2017-04-14,09:31:16,400,IF1704,CCFX,3509.6,3507.0,3511.8,229,241094700,27874,28054,3860.4,3158.8,3509.6,3508.6,0.0,3507.6,0,0,0,2017-04-14,34276400,3509.4,2,0,0,0,0,0,0,0,0,3509.8,2,0,0,0,0,0,0,0,0
142,2017-04-14,09:31:16,900,IF1704,CCFX,3509.8,3507.0,3511.8,230,242147640,27874,28054,3860.4,3158.8,3509.6,3508.6,0.0,3507.6,0,0,0,2017-04-14,34276900,3509.4,2,0,0,0,0,0,0,0,0,3509.8,1,0,0,0,0,0,0,0,0
143,2017-04-14,09:31:17,400,IF1704,CCFX,3509.4,3507.0,3511.8,232,244253280,27872,28054,3860.4,3158.8,3509.6,3508.6,0.0,3507.6,0,0,0,2017-04-14,34277400,3509.2,6,0,0,0,0,0,0,0,0,3509.8,1,0,0,0,0,0,0,0,0
144,2017-04-14,09:31:17,900,IF1704,CCFX,3509.4,3507.0,3511.8,233,245306100,27871,28054,3860.4,3158.8,3509.6,3508.6,0.0,3507.6,0,0,0,2017-04-14,34277900,3509.2,6,0,0,0,0,0,0,0,0,3509.4,1,0,0,0,0,0,0,0,0
145,2017-04-14,09:31:18,400,IF1704,CCFX,3509.4,3507.0,3511.8,233,245306100,27871,28054,3860.4,3158.8,3509.6,3508.6,0.0,3507.6,0,0,0,2017-04-14,34278400,3509.2,6,0,0,0,0,0,0,0,0,3509.4,1,0,0,0,0,0,0,0,0
146,2017-04-14,09:31:18,900,IF1704,CCFX,3509.4,3507.0,3511.8,233,245306100,27871,28054,3860.4,3158.8,3509.6,3508.6,0.0,3507.6,0,0,0,2017-04-14,34278900,3509.2,6,0,0,0,0,0,0,0,0,3509.4,1,0,0,0,0,0,0,0,0
147,2017-04-14,09:31:19,400,IF1704,CCFX,3509.4,3507.0,3511.8,234,246358920,27870,28054,3860.4,3158.8,3509.6,3508.6,0.0,3507.6,0,0,0,2017-04-14,34279400,3509.2,6,0,0,0,0,0,0,0,0,3509.6,1,0,0,0,0,0,0,0,0
148,2017-04-14,09:31:19,900,IF1704,CCFX,3509.6,3507.0,3511.8,235,247411800,27869,28054,3860.4,3158.8,3509.6,3508.6,0.0,3507.6,0,0,0,2017-04-14,34279900,3509.4,1,0,0,0,0,0,0,0,0,3509.6,1,0,0,0,0,0,0,0,0
149,2017-04-14,09:31:20,400,IF1704,CCFX,3509.6,3507.0,3511.8,237,249517500,27867,28054,3860.4,3158.8,3509.6,3508.6,0.0,3507.6,0,0,0,2017-04-14,34280400,3509.2,6,0,0,0,0,0,0,0,0,3509.8,2,0,0,0,0,0,0,0,0
150,2017-04-14,09:31:22,900,IF1704,CCFX,3509.6,3507.0,3511.8,237,249517500,27867,28054,3860.4,3158.8,3509.6,3508.6,0.0,3507.6,0,0,0,2017-04-14,34282900,3509.4,1,0,0,0,0,0,0,0,0,3509.8,3,0,0,0,0,0,0,0,0
151,2017-04-14,09:31:23,400,IF1704,CCFX,3509.4,3507.0,3511.8,238,250570320,27866,28054,3860.4,3158.8,3509.6,3508.6,0.0,3507.6,0,0,0,2017-04-14,34283400,3509.2,6,0,0,0,0,0,0,0,0,3509.4,1,0,0,0,0,0,0,0,0
152,2017-04-14,09:31:23,900,IF1704,CCFX,3509.4,3507.0,3511.8,239,251623140,27865,28054,3860.4,3158.8,3509.6,3508.6,0.0,3507.6,0,0,0,2017-04-14,34283900,3509.2,6,0,0,0,0,0,0,0,0,3509.4,1,0,0,0,0,0,0,0,0
153,2017-04-14,09:31:24,400,IF1704,CCFX,3509.4,3507.0,3511.8,240,252675960,27865,28054,3860.4,3158.8,3509.6,3508.6,0.0,3507.6,0,0,0,2017-04-14,34284400,3509.2,6,0,0,0,0,0,0,0,0,3509.8,4,0,0,0,0,0,0,0,0
154,2017-04-14,09:31:24,900,IF1704,CCFX,3509.2,3507.0,3511.8,241,253728720,27864,28054,3860.4,3158.8,3509.6,3508.6,0.0,3507.6,0,0,0,2017-04-14,34284900,3509.4,1,0,0,0,0,0,0,0,0,3509.8,4,0,0,0,0,0,0,0,0
155,2017-04-14,09:31:25,400,IF1704,CCFX,3509.2,3507.0,3511.8,242,254781480,27863,28054,3860.4,3158.8,3509.6,3508.6,0.0,3507.6,0,0,0,2017-04-14,34285400,3509.2,5,0,0,0,0,0,0,0,0,3509.8,5,0,0,0,0,0,0,0,0
156,2017-04-14,09:31:26,900,IF1704,CCFX,3509.2,3507.0,3511.8,242,254781480,27863,28054,3860.4,3158.8,3509.6,3508.6,0.0,3507.6,0,0,0,2017-04-14,34286900,3509.2,5,0,0,0,0,0,0,0,0,3509.8,5,0,0,0,0,0,0,0,0
157,2017-04-14,09:31:27,400,IF1704,CCFX,3509.2,3507.0,3511.8,242,254781480,27863,28054,3860.4,3158.8,3509.6,3508.6,0.0,3507.6,0,0,0,2017-04-14,34287400,3509.2,5,0,0,0,0,0,0,0,0,3509.8,5,0,0,0,0,0,0,0,0
158,2017-04-14,09:31:27,900,IF1704,CCFX,3509.8,3507.0,3511.8,243,255834420,27863,28054,3860.4,3158.8,3509.6,3508.6,0.0,3507.6,0,0,0,2017-04-14,34287900,3509.2,5,0,0,0,0,0,0,0,0,3509.8,4,0,0,0,0,0,0,0,0
159,2017-04-14,09:31:28,400,IF1704,CCFX,3509.2,3507.0,3511.8,244,256887180,27862,28054,3860.4,3158.8,3509.6,3508.6,0.0,3507.6,0,0,0,2017-04-14,34288400,3509.2,4,0,0,0,0,0,0,0,0,3509.8,4,0,0,0,0,0,0,0,0
160,2017-04-14,09:31:29,400,IF1704,CCFX,3509.2,3507.0,3511.8,244,256887180,27862,28054,3860.4,3158.8,3509.6,3508.6,0.0,3507.6,0,0,0,2017-04-14,34289400,3509.2,4,0,0,0,0,0,0,0,0,3509.8,4,0,0,0,0,0,0,0,0
161,2017-04-14,09:31:29,900,IF1704,CCFX,3509.8,3507.0,3511.8,246,258993060,27861,28054,3860.4,3158.8,3509.6,3508.6,0.0,3507.6,0,0,0,2017-04-14,34289900,3509.2,4,0,0,0,0,0,0,0,0,3509.8,2,0,0,0,0,0,0,0,0
162,2017-04-14,09:31:30,400,IF1704,CCFX,3509.8,3507.0,3511.8,246,258993060,27861,28054,3860.4,3158.8,3509.6,3508.6,0.0,3507.6,0,0,0,2017-04-14,34290400,3509.2,4,0,0,0,0,0,0,0,0,3509.6,1,0,0,0,0,0,0,0,0
163,2017-04-14,09:31:30,900,IF1704,CCFX,3509.6,3507.0,3511.8,247,260045940,27860,28054,3860.4,3158.8,3509.6,3508.6,0.0,3507.6,0,0,0,2017-04-14,34290900,3509.2,4,0,0,0,0,0,0,0,0,3509.8,2,0,0,0,0,0,0,0,0
164,2017-04-14,09:31:31,400,IF1704,CCFX,3509.6,3507.0,3511.8,247,260045940,27860,28054,3860.4,3158.8,3509.6,3508.6,0.0,3507.6,0,0,0,2017-04-14,34291400,3509.2,4,0,0,0,0,0,0,0,0,3509.8,3,0,0,0,0,0,0,0,0
165,2017-04-14,09:31:31,900,IF1704,CCFX,3509.6,3507.0,3511.8,247,260045940,27860,28054,3860.4,3158.8,3509.6,3508.6,0.0,3507.6,0,0,0,2017-04-14,34291900,3509.4,2,0,0,0,0,0,0,0,0,3509.8,3,0,0,0,0,0,0,0,0
166,2017-04-14,09:31:32,400,IF1704,CCFX,3509.6,3507.0,3511.8,247,260045940,27860,28054,3860.4,3158.8,3509.6,3508.6,0.0,3507.6,0,0,0,2017-04-14,34292400,3509.4,2,0,0,0,0,0,0,0,0,3509.8,3,0,0,0,0,0,0,0,0
167,2017-04-14,09:31:32,900,IF1704,CCFX,3509.6,3507.0,3511.8,247,260045940,27860,28054,3860.4,3158.8,3509.6,3508.6,0.0,3507.6,0,0,0,2017-04-14,34292900,3509.4,2,0,0,0,0,0,0,0,0,3509.8,4,0,0,0,0,0,0,0,0
168,2017-04-14,09:31:33,400,IF1704,CCFX,3509.8,3507.0,3511.8,248,261098880,27859,28054,3860.4,3158.8,3509.6,3508.6,0.0,3507.6,0,0,0,2017-04-14,34293400,3509.4,2,0,0,0,0,0,0,0,0,3509.8,3,0,0,0,0,0,0,0,0
169,2017-04-14,09:31:34,400,IF1704,CCFX,3509.8,3507.0,3511.8,249,262151820,27858,28054,3860.4,3158.8,3509.6,3508.6,0.0,3507.6,0,0,0,2017-04-14,34294400,3509.4,2,0,0,0,0,0,0,0,0,3509.8,2,0,0,0,0,0,0,0,0
170,2017-04-14,09:31:34,900,IF1704,CCFX,3509.4,3507.0,3511.8,250,263204640,27857,28054,3860.4,3158.8,3509.6,3508.6,0.0,3507.6,0,0,0,2017-04-14,34294900,3509.4,1,0,0,0,0,0,0,0,0,3509.8,2,0,0,0,0,0,0,0,0
171,2017-04-14,09:31:35,900,IF1704,CCFX,3509.4,3507.0,3511.8,250,263204640,27857,28054,3860.4,3158.8,3509.6,3508.6,0.0,3507.6,0,0,0,2017-04-14,34295900,3509.4,1,0,0,0,0,0,0,0,0,3509.6,1,0,0,0,0,0,0,0,0
172,2017-04-14,09:31:36,400,IF1704,CCFX,3509.6,3507.0,3511.8,251,264257520,27857,28054,3860.4,3158.8,3509.6,3508.6,0.0,3507.6,0,0,0,2017-04-14,34296400,3509.6,5,0,0,0,0,0,0,0,0,3509.8,2,0,0,0,0,0,0,0,0
173,2017-04-14,09:31:38,400,IF1704,CCFX,3509.6,3507.0,3511.8,251,264257520,27857,28054,3860.4,3158.8,3509.6,3508.6,0.0,3507.6,0,0,0,2017-04-14,34298400,3509.6,5,0,0,0,0,0,0,0,0,3509.8,2,0,0,0,0,0,0,0,0
174,2017-04-14,09:31:38,900,IF1704,CCFX,3509.6,3507.0,3511.8,251,264257520,27857,28054,3860.4,3158.8,3509.6,3508.6,0.0,3507.6,0,0,0,2017-04-14,34298900,3509.6,5,0,0,0,0,0,0,0,0,3509.8,2,0,0,0,0,0,0,0,0
175,2017-04-14,09:31:39,400,IF1704,CCFX,3509.6,3507.0,3511.8,251,264257520,27857,28054,3860.4,3158.8,3509.6,3508.6,0.0,3507.6,0,0,0,2017-04-14,34299400,3509.6,5,0,0,0,0,0,0,0,0,3509.8,2,0,0,0,0,0,0,0,0
176,2017-04-14,09:31:39,900,IF1704,CCFX,3509.8,3507.0,3511.8,252,265310460,27856,28054,3860.4,3158.8,3509.6,3508.6,0.0,3507.6,0,0,0,2017-04-14,34299900,3509.6,5,0,0,0,0,0,0,0,0,3509.8,2,0,0,0,0,0,0,0,0
177,2017-04-14,09:31:40,400,IF1704,CCFX,3509.8,3507.0,3511.8,252,265310460,27856,28054,3860.4,3158.8,3509.6,3508.6,0.0,3507.6,0,0,0,2017-04-14,34300400,3509.6,5,0,0,0,0,0,0,0,0,3509.8,2,0,0,0,0,0,0,0,0
178,2017-04-14,09:31:41,400,IF1704,CCFX,3509.8,3507.0,3511.8,252,265310460,27856,28054,3860.4,3158.8,3509.6,3508.6,0.0,3507.6,0,0,0,2017-04-14,34301400,3509.6,5,0,0,0,0,0,0,0,0,3509.8,3,0,0,0,0,0,0,0,0
179,2017-04-14,09:31:42,400,IF1704,CCFX,3509.6,3507.0,3511.8,253,266363340,27856,28054,3860.4,3158.8,3509.6,3508.6,0.0,3507.6,0,0,0,2017-04-14,34302400,3509.6,4,0,0,0,0,0,0,0,0,3509.8,3,0,0,0,0,0,0,0,0
180,2017-04-14,09:31:42,900,IF1704,CCFX,3509.8,3507.0,3511.8,255,268469160,27856,28054,3860.4,3158.8,3509.6,3508.6,0.0,3507.6,0,0,0,2017-04-14,34302900,3509.6,3,0,0,0,0,0,0,0,0,3509.8,2,0,0,0,0,0,0,0,0
181,2017-04-14,09:31:43,400,IF1704,CCFX,3509.6,3507.0,3511.8,260,273733680,27856,28054,3860.4,3158.8,3509.6,3508.6,0.0,3507.6,0,0,0,2017-04-14,34303400,3509.4,1,0,0,0,0,0,0,0,0,3510.0,3,0,0,0,0,0,0,0,0
182,2017-04-14,09:31:43,900,IF1704,CCFX,3509.6,3507.0,3511.8,260,273733680,27856,28054,3860.4,3158.8,3509.6,3508.6,0.0,3507.6,0,0,0,2017-04-14,34303900,3509.4,2,0,0,0,0,0,0,0,0,3510.0,3,0,0,0,0,0,0,0,0
183,2017-04-14,09:31:44,400,IF1704,CCFX,3509.4,3507.0,3511.8,262,275839320,27854,28054,3860.4,3158.8,3509.6,3508.6,0.0,3507.6,0,0,0,2017-04-14,34304400,3508.6,2,0,0,0,0,0,0,0,0,3510.0,3,0,0,0,0,0,0,0,0
184,2017-04-14,09:31:44,900,IF1704,CCFX,3509.8,3507.0,3511.8,265,278997840,27851,28054,3860.4,3158.8,3509.6,3508.6,0.0,3507.6,0,0,0,2017-04-14,34304900,3509.8,1,0,0,0,0,0,0,0,0,3510.0,3,0,0,0,0,0,0,0,0
185,2017-04-14,09:31:45,400,IF1704,CCFX,3509.8,3507.0,3511.8,266,280050780,27850,28054,3860.4,3158.8,3509.6,3508.6,0.0,3507.6,0,0,0,2017-04-14,34305400,3508.8,1,0,0,0,0,0,0,0,0,3509.8,1,0,0,0,0,0,0,0,0
186,2017-04-14,09:31:45,900,IF1704,CCFX,3509.8,3507.0,3511.8,266,280050780,27850,28054,3860.4,3158.8,3509.6,3508.6,0.0,3507.6,0,0,0,2017-04-14,34305900,3509.0,2,0,0,0,0,0,0,0,0,3510.0,3,0,0,0,0,0,0,0,0
187,2017-04-14,09:31:46,400,IF1704,CCFX,3509.8,3507.0,3511.8,266,280050780,27850,28054,3860.4,3158.8,3509.6,3508.6,0.0,3507.6,0,0,0,2017-04-14,34306400,3509.0,2,0,0,0,0,0,0,0,0,3510.0,3,0,0,0,0,0,0,0,0
188,2017-04-14,09:31:46,900,IF1704,CCFX,3509.8,3507.0,3511.8,266,280050780,27850,28054,3860.4,3158.8,3509.6,3508.6,0.0,3507.6,0,0,0,2017-04-14,34306900,3509.0,2,0,0,0,0,0,0,0,0,3509.8,1,0,0,0,0,0,0,0,0
189,2017-04-14,09:31:47,400,IF1704,CCFX,3509.8,3507.0,3511.8,266,280050780,27850,28054,3860.4,3158.8,3509.6,3508.6,0.0,3507.6,0,0,0,2017-04-14,34307400,3509.0,2,0,0,0,0,0,0,0,0,3509.8,2,0,0,0,0,0,0,0,0
190,2017-04-14,09:31:47,900,IF1704,CCFX,3509.8,3507.0,3511.8,267,281103720,27850,28054,3860.4,3158.8,3509.6,3508.6,0.0,3507.6,0,0,0,2017-04-14,34307900,3509.0,1,0,0,0,0,0,0,0,0,3509.6,2,0,0,0,0,0,0,0,0
191,2017-04-14,09:31:48,400,IF1704,CCFX,3509.8,3507.0,3511.8,267,281103720,27850,28054,3860.4,3158.8,3509.6,3508.6,0.0,3507.6,0,0,0,2017-04-14,34308400,3509.0,1,0,0,0,0,0,0,0,0,3509.6,2,0,0,0,0,0,0,0,0
192,2017-04-14,09:31:48,900,IF1704,CCFX,3509.8,3507.0,3511.8,267,281103720,27850,28054,3860.4,3158.8,3509.6,3508.6,0.0,3507.6,0,0,0,2017-04-14,34308900,3509.0,1,0,0,0,0,0,0,0,0,3509.6,4,0,0,0,0,0,0,0,0
193,2017-04-14,09:31:49,900,IF1704,CCFX,3509.0,3507.0,3511.8,269,283209360,27848,28054,3860.4,3158.8,3509.6,3508.6,0.0,3507.6,0,0,0,2017-04-14,34309900,3508.6,2,0,0,0,0,0,0,0,0,3509.6,3,0,0,0,0,0,0,0,0
194,2017-04-14,09:31:50,400,IF1704,CCFX,3509.6,3507.0,3511.8,270,284262240,27847,28054,3860.4,3158.8,3509.6,3508.6,0.0,3507.6,0,0,0,2017-04-14,34310400,3508.6,2,0,0,0,0,0,0,0,0,3509.0,4,0,0,0,0,0,0,0,0
195,2017-04-14,09:31:50,900,IF1704,CCFX,3509.0,3507.0,3511.8,271,285314940,27846,28054,3860.4,3158.8,3509.6,3508.6,0.0,3507.6,0,0,0,2017-04-14,34310900,3508.8,1,0,0,0,0,0,0,0,0,3509.0,3,0,0,0,0,0,0,0,0
196,2017-04-14,09:31:51,900,IF1704,CCFX,3509.0,3507.0,3511.8,273,287420340,27844,28054,3860.4,3158.8,3509.6,3508.6,0.0,3507.6,0,0,0,2017-04-14,34311900,3508.8,1,0,0,0,0,0,0,0,0,3509.0,1,0,0,0,0,0,0,0,0
197,2017-04-14,09:31:52,400,IF1704,CCFX,3509.0,3507.0,3511.8,275,289525740,27842,28054,3860.4,3158.8,3509.6,3508.6,0.0,3507.6,0,0,0,2017-04-14,34312400,3508.8,1,0,0,0,0,0,0,0,0,3509.8,2,0,0,0,0,0,0,0,0
198,2017-04-14,09:31:52,900,IF1704,CCFX,3508.4,3507.0,3511.8,281,295841100,27836,28054,3860.4,3158.8,3509.6,3508.6,0.0,3507.6,0,0,0,2017-04-14,34312900,3508.2,6,0,0,0,0,0,0,0,0,3509.6,1,0,0,0,0,0,0,0,0
199,2017-04-14,09:31:53,400,IF1704,CCFX,3508.4,3507.0,3511.8,281,295841100,27836,28054,3860.4,3158.8,3509.6,3508.6,0.0,3507.6,0,0,0,2017-04-14,34313400,3508.4,1,0,0,0,0,0,0,0,0,3509.4,3,0,0,0,0,0,0,0,0
200,2017-04-14,09:31:53,900,IF1704,CCFX,3509.4,3507.0,3511.8,283,297946740,27834,28054,3860.4,3158.8,3509.6,3508.6,0.0,3507.6,0,0,0,2017-04-14,34313900,3508.6,2,0,0,0,0,0,0,0,0,3509.4,1,0,0,0,0,0,0,0,0
201,2017-04-14,09:31:54,400,IF1704,CCFX,3509.4,3507.0,3511.8,283,297946740,27834,28054,3860.4,3158.8,3509.6,3508.6,0.0,3507.6,0,0,0,2017-04-14,34314400,3508.8,1,0,0,0,0,0,0,0,0,3509.6,3,0,0,0,0,0,0,0,0
202,2017-04-14,09:31:54,900,IF1704,CCFX,3509.6,3507.0,3511.8,289,304263780,27829,28054,3860.4,3158.8,3509.6,3508.6,0.0,3507.6,0,0,0,2017-04-14,34314900,3509.6,3,0,0,0,0,0,0,0,0,3509.8,2,0,0,0,0,0,0,0,0
203,2017-04-14,09:31:55,400,IF1704,CCFX,3509.6,3507.0,3511.8,291,306369600,27827,28054,3860.4,3158.8,3509.6,3508.6,0.0,3507.6,0,0,0,2017-04-14,34315400,3509.6,2,0,0,0,0,0,0,0,0,3509.8,2,0,0,0,0,0,0,0,0
204,2017-04-14,09:31:55,900,IF1704,CCFX,3509.6,3507.0,3511.8,291,306369600,27827,28054,3860.4,3158.8,3509.6,3508.6,0.0,3507.6,0,0,0,2017-04-14,34315900,3509.6,2,0,0,0,0,0,0,0,0,3509.8,3,0,0,0,0,0,0,0,0
205,2017-04-14,09:31:56,400,IF1704,CCFX,3509.6,3507.0,3511.8,291,306369600,27827,28054,3860.4,3158.8,3509.6,3508.6,0.0,3507.6,0,0,0,2017-04-14,34316400,3509.6,2,0,0,0,0,0,0,0,0,3509.8,3,0,0,0,0,0,0,0,0
206,2017-04-14,09:31:57,400,IF1704,CCFX,3509.6,3507.0,3511.8,293,308475360,27825,28054,3860.4,3158.8,3509.6,3508.6,0.0,3507.6,0,0,0,2017-04-14,34317400,3509.0,1,0,0,0,0,0,0,0,0,3509.8,3,0,0,0,0,0,0,0,0
207,2017-04-14,09:31:57,900,IF1704,CCFX,3509.6,3507.0,3511.8,293,308475360,27825,28054,3860.4,3158.8,3509.6,3508.6,0.0,3507.6,0,0,0,2017-04-14,34317900,3509.2,1,0,0,0,0,0,0,0,0,3509.6,2,0,0,0,0,0,0,0,0
208,2017-04-14,09:31:58,900,IF1704,CCFX,3509.6,3507.0,3511.8,293,308475360,27825,28054,3860.4,3158.8,3509.6,3508.6,0.0,3507.6,0,0,0,2017-04-14,34318900,3509.0,1,0,0,0,0,0,0,0,0,3509.6,2,0,0,0,0,0,0,0,0
209,2017-04-14,09:31:59,400,IF1704,CCFX,3509.6,3507.0,3511.8,293,308475360,27825,28054,3860.4,3158.8,3509.6,3508.6,0.0,3507.6,0,0,0,2017-04-14,34319400,3509.0,1,0,0,0,0,0,0,0,0,3509.6,1,0,0,0,0,0,0,0,0
210,2017-04-14,09:31:59,900,IF1704,CCFX,3509.6,3507.0,3511.8,293,308475360,27825,28054,3860.4,3158.8,3509.6,3508.6,0.0,3507.6,0,0,0,2017-04-14,34319900,3509.2,2,0,0,0,0,0,0,0,0,3509.6,1,0,0,0,0,0,0,0,0
211,2017-04-14,09:32:00,400,IF1704,CCFX,3509.2,3507.0,3511.8,295,310580880,27823,28054,3860.4,3158.8,3509.6,3508.6,0.0,3507.6,0,0,0,2017-04-14,34320400,3509.0,1,0,0,0,0,0,0,0,0,3509.6,2,0,0,0,0,0,0,0,0
212,2017-04-14,09:32:00,900,IF1704,CCFX,3509.6,3507.0,3511.8,296,311633760,27822,28054,3860.4,3158.8,3509.6,3508.6,0.0,3507.6,0,0,0,2017-04-14,34320900,3509.0,1,0,0,0,0,0,0,0,0,3509.6,1,0,0,0,0,0,0,0,0
213,2017-04-14,09:32:01,400,IF1704,CCFX,3509.6,3507.0,3511.8,297,312686640,27822,28054,3860.4,3158.8,3509.6,3508.6,0.0,3507.6,0,0,0,2017-04-14,34321400,3509.0,1,0,0,0,0,0,0,0,0,3509.8,5,0,0,0,0,0,0,0,0
214,2017-04-14,09:32:01,900,IF1704,CCFX,3509.0,3507.0,3511.8,298,313739340,27821,28054,3860.4,3158.8,3509.6,3508.6,0.0,3507.6,0,0,0,2017-04-14,34321900,3508.4,1,0,0,0,0,0,0,0,0,3509.8,5,0,0,0,0,0,0,0,0
215,2017-04-14,09:32:02,400,IF1704,CCFX,3509.0,3507.0,3511.8,298,313739340,27821,28054,3860.4,3158.8,3509.6,3508.6,0.0,3507.6,0,0,0,2017-04-14,34322400,3508.6,2,0,0,0,0,0,0,0,0,3509.6,3,0,0,0,0,0,0,0,0
216,2017-04-14,09:32:02,900,IF1704,CCFX,3509.0,3507.0,3511.8,298,313739340,27821,28054,3860.4,3158.8,3509.6,3508.6,0.0,3507.6,0,0,0,2017-04-14,34322900,3508.6,8,0,0,0,0,0,0,0,0,3509.6,5,0,0,0,0,0,0,0,0
217,2017-04-14,09:32:03,400,IF1704,CCFX,3509.6,3507.0,3511.8,299,314792220,27820,28054,3860.4,3158.8,3509.6,3508.6,0.0,3507.6,0,0,0,2017-04-14,34323400,3508.8,1,0,0,0,0,0,0,0,0,3509.6,2,0,0,0,0,0,0,0,0
218,2017-04-14,09:32:03,900,IF1704,CCFX,3509.4,3507.0,3511.8,300,315845040,27819,28054,3860.4,3158.8,3509.6,3508.6,0.0,3507.6,0,0,0,2017-04-14,34323900,3508.8,2,0,0,0,0,0,0,0,0,3509.6,2,0,0,0,0,0,0,0,0
219,2017-04-14,09:32:04,400,IF1704,CCFX,3509.4,3507.0,3511.8,300,315845040,27819,28054,3860.4,3158.8,3509.6,3508.6,0.0,3507.6,0,0,0,2017-04-14,34324400,3509.0,1,0,0,0,0,0,0,0,0,3509.4,2,0,0,0,0,0,0,0,0
220,2017-04-14,09:32:04,900,IF1704,CCFX,3509.4,3507.0,3511.8,300,315845040,27819,28054,3860.4,3158.8,3509.6,3508.6,0.0,3507.6,0,0,0,2017-04-14,34324900,3509.0,2,0,0,0,0,0,0,0,0,3509.4,2,0,0,0,0,0,0,0,0
221,2017-04-14,09:32:05,400,IF1704,CCFX,3509.0,3507.0,3511.8,302,317950560,27817,28054,3860.4,3158.8,3509.6,3508.6,0.0,3507.6,0,0,0,2017-04-14,34325400,3509.0,1,0,0,0,0,0,0,0,0,3509.4,2,0,0,0,0,0,0,0,0
222,2017-04-14,09:32:05,900,IF1704,CCFX,3509.4,3507.0,3511.8,303,319003380,27816,28054,3860.4,3158.8,3509.6,3508.6,0.0,3507.6,0,0,0,2017-04-14,34325900,3509.2,1,0,0,0,0,0,0,0,0,3509.4,1,0,0,0,0,0,0,0,0
223,2017-04-14,09:32:06,400,IF1704,CCFX,3509.2,3507.0,3511.8,304,320056140,27815,28054,3860.4,3158.8,3509.6,3508.6,0.0,3507.6,0,0,0,2017-04-14,34326400,3509.0,1,0,0,0,0,0,0,0,0,3509.4,1,0,0,0,0,0,0,0,0
224,2017-04-14,09:32:06,900,IF1704,CCFX,3509.4,3507.0,3511.8,305,321108960,27814,28054,3860.4,3158.8,3509.6,3508.6,0.0,3507.6,0,0,0,2017-04-14,34326900,3509.4,1,0,0,0,0,0,0,0,0,3509.6,2,0,0,0,0,0,0,0,0
225,2017-04-14,09:32:07,400,IF1704,CCFX,3509.4,3507.0,3511.8,306,322161780,27813,28054,3860.4,3158.8,3509.6,3508.6,0.0,3507.6,0,0,0,2017-04-14,34327400,3509.0,1,0,0,0,0,0,0,0,0,3509.4,1,0,0,0,0,0,0,0,0
226,2017-04-14,09:32:07,900,IF1704,CCFX,3509.4,3507.0,3511.8,306,322161780,27813,28054,3860.4,3158.8,3509.6,3508.6,0.0,3507.6,0,0,0,2017-04-14,34327900,3509.2,1,0,0,0,0,0,0,0,0,3509.4,1,0,0,0,0,0,0,0,0
227,2017-04-14,09:32:08,400,IF1704,CCFX,3509.2,3507.0,3511.8,310,326372940,27809,28054,3860.4,3158.8,3509.6,3508.6,0.0,3507.6,0,0,0,2017-04-14,34328400,3509.0,1,0,0,0,0,0,0,0,0,3509.2,2,0,0,0,0,0,0,0,0
228,2017-04-14,09:32:08,900,IF1704,CCFX,3509.0,3507.0,3511.8,312,328478400,27808,28054,3860.4,3158.8,3509.6,3508.6,0.0,3507.6,0,0,0,2017-04-14,34328900,3509.0,1,0,0,0,0,0,0,0,0,3509.2,1,0,0,0,0,0,0,0,0
229,2017-04-14,09:32:09,400,IF1704,CCFX,3509.2,3507.0,3511.8,313,329531160,27807,28054,3860.4,3158.8,3509.6,3508.6,0.0,3507.6,0,0,0,2017-04-14,34329400,3509.0,1,0,0,0,0,0,0,0,0,3509.4,2,0,0,0,0,0,0,0,0
230,2017-04-14,09:32:09,900,IF1704,CCFX,3509.4,3507.0,3511.8,315,331636800,27805,28054,3860.4,3158.8,3509.6,3508.6,0.0,3507.6,0,0,0,2017-04-14,34329900,3509.4,6,0,0,0,0,0,0,0,0,3509.6,2,0,0,0,0,0,0,0,0
231,2017-04-14,09:32:10,400,IF1704,CCFX,3509.4,3507.0,3511.8,316,332689620,27804,28054,3860.4,3158.8,3509.6,3508.6,0.0,3507.6,0,0,0,2017-04-14,34330400,3509.4,5,0,0,0,0,0,0,0,0,3509.6,2,0,0,0,0,0,0,0,0
232,2017-04-14,09:32:10,900,IF1704,CCFX,3509.6,3507.0,3511.8,318,334795380,27802,28054,3860.4,3158.8,3509.6,3508.6,0.0,3507.6,0,0,0,2017-04-14,34330900,3509.4,5,0,0,0,0,0,0,0,0,3509.8,5,0,0,0,0,0,0,0,0
233,2017-04-14,09:32:11,400,IF1704,CCFX,3509.4,3507.0,3511.8,320,336901020,27800,28054,3860.4,3158.8,3509.6,3508.6,0.0,3507.6,0,0,0,2017-04-14,34331400,3509.4,3,0,0,0,0,0,0,0,0,3509.8,5,0,0,0,0,0,0,0,0
234,2017-04-14,09:32:11,900,IF1704,CCFX,3509.4,3507.0,3511.8,320,336901020,27800,28054,3860.4,3158.8,3509.6,3508.6,0.0,3507.6,0,0,0,2017-04-14,34331900,3509.4,3,0,0,0,0,0,0,0,0,3509.8,4,0,0,0,0,0,0,0,0
235,2017-04-14,09:32:13,900,IF1704,CCFX,3509.4,3507.0,3511.8,320,336901020,27800,28054,3860.4,3158.8,3509.6,3508.6,0.0,3507.6,0,0,0,2017-04-14,34333900,3509.4,3,0,0,0,0,0,0,0,0,3509.8,4,0,0,0,0,0,0,0,0
236,2017-04-14,09:32:15,400,IF1704,CCFX,3509.8,3507.0,3511.8,322,339006780,27800,28054,3860.4,3158.8,3509.6,3508.6,0.0,3507.6,0,0,0,2017-04-14,34335400,3509.4,2,0,0,0,0,0,0,0,0,3509.8,3,0,0,0,0,0,0,0,0
237,2017-04-14,09:32:15,900,IF1704,CCFX,3509.4,3507.0,3511.8,323,340059600,27799,28054,3860.4,3158.8,3509.6,3508.6,0.0,3507.6,0,0,0,2017-04-14,34335900,3509.4,1,0,0,0,0,0,0,0,0,3509.8,3,0,0,0,0,0,0,0,0
238,2017-04-14,09:32:16,400,IF1704,CCFX,3509.6,3507.0,3511.8,324,341112480,27798,28054,3860.4,3158.8,3509.6,3508.6,0.0,3507.6,0,0,0,2017-04-14,34336400,3509.4,1,0,0,0,0,0,0,0,0,3509.6,1,0,0,0,0,0,0,0,0
239,2017-04-14,09:32:17,900,IF1704,CCFX,3509.6,3507.0,3511.8,325,342165360,27797,28054,3860.4,3158.8,3509.6,3508.6,0.0,3507.6,0,0,0,2017-04-14,34337900,3509.4,1,0,0,0,0,0,0,0,0,3509.8,3,0,0,0,0,0,0,0,0
240,2017-04-14,09:32:18,400,IF1704,CCFX,3509.4,3507.0,3511.8,326,343218180,27796,28054,3860.4,3158.8,3509.6,3508.6,0.0,3507.6,0,0,0,2017-04-14,34338400,3509.2,2,0,0,0,0,0,0,0,0,3509.8,3,0,0,0,0,0,0,0,0
241,2017-04-14,09:32:18,900,IF1704,CCFX,3509.4,3507.0,3511.8,326,343218180,27796,28054,3860.4,3158.8,3509.6,3508.6,0.0,3507.6,0,0,0,2017-04-14,34338900,3509.2,2,0,0,0,0,0,0,0,0,3509.6,5,0,0,0,0,0,0,0,0
242,2017-04-14,09:32:19,400,IF1704,CCFX,3509.4,3507.0,3511.8,326,343218180,27796,28054,3860.4,3158.8,3509.6,3508.6,0.0,3507.6,0,0,0,2017-04-14,34339400,3509.2,2,0,0,0,0,0,0,0,0,3509.4,1,0,0,0,0,0,0,0,0
243,2017-04-14,09:32:20,400,IF1704,CCFX,3509.2,3507.0,3511.8,329,346376520,27794,28054,3860.4,3158.8,3509.6,3508.6,0.0,3507.6,0,0,0,2017-04-14,34340400,3508.6,5,0,0,0,0,0,0,0,0,3509.0,1,0,0,0,0,0,0,0,0
244,2017-04-14,09:32:21,400,IF1704,CCFX,3509.0,3507.0,3511.8,330,347429220,27794,28054,3860.4,3158.8,3509.6,3508.6,0.0,3507.6,0,0,0,2017-04-14,34341400,3509.0,4,0,0,0,0,0,0,0,0,3509.4,2,0,0,0,0,0,0,0,0
245,2017-04-14,09:32:21,900,IF1704,CCFX,3509.4,3507.0,3511.8,331,348482040,27794,28054,3860.4,3158.8,3509.6,3508.6,0.0,3507.6,0,0,0,2017-04-14,34341900,3509.0,4,0,0,0,0,0,0,0,0,3509.4,2,0,0,0,0,0,0,0,0
246,2017-04-14,09:32:23,400,IF1704,CCFX,3509.4,3507.0,3511.8,333,350587560,27793,28054,3860.4,3158.8,3509.6,3508.6,0.0,3507.6,0,0,0,2017-04-14,34343400,3509.0,3,0,0,0,0,0,0,0,0,3509.4,1,0,0,0,0,0,0,0,0
247,2017-04-14,09:32:24,900,IF1704,CCFX,3509.4,3507.0,3511.8,333,350587560,27793,28054,3860.4,3158.8,3509.6,3508.6,0.0,3507.6,0,0,0,2017-04-14,34344900,3509.0,3,0,0,0,0,0,0,0,0,3509.4,1,0,0,0,0,0,0,0,0
248,2017-04-14,09:32:25,400,IF1704,CCFX,3509.0,3507.0,3511.8,334,351640260,27793,28054,3860.4,3158.8,3509.6,3508.6,0.0,3507.6,0,0,0,2017-04-14,34345400,3509.0,2,0,0,0,0,0,0,0,0,3509.4,1,0,0,0,0,0,0,0,0
249,2017-04-14,09:32:25,900,IF1704,CCFX,3509.0,3507.0,3511.8,336,353745660,27793,28054,3860.4,3158.8,3509.6,3508.6,0.0,3507.6,0,0,0,2017-04-14,34345900,3508.6,5,0,0,0,0,0,0,0,0,3509.0,1,0,0,0,0,0,0,0,0
250,2017-04-14,09:32:26,400,IF1704,CCFX,3509.0,3507.0,3511.8,337,354798360,27792,28054,3860.4,3158.8,3509.6,3508.6,0.0,3507.6,0,0,0,2017-04-14,34346400,3509.0,2,0,0,0,0,0,0,0,0,3509.2,1,0,0,0,0,0,0,0,0
251,2017-04-14,09:32:26,900,IF1704,CCFX,3509.0,3507.0,3511.8,337,354798360,27792,28054,3860.4,3158.8,3509.6,3508.6,0.0,3507.6,0,0,0,2017-04-14,34346900,3509.0,2,0,0,0,0,0,0,0,0,3509.2,1,0,0,0,0,0,0,0,0
252,2017-04-14,09:32:27,400,IF1704,CCFX,3509.0,3507.0,3511.8,337,354798360,27792,28054,3860.4,3158.8,3509.6,3508.6,0.0,3507.6,0,0,0,2017-04-14,34347400,3509.0,2,0,0,0,0,0,0,0,0,3509.2,1,0,0,0,0,0,0,0,0
253,2017-04-14,09:32:27,900,IF1704,CCFX,3509.0,3507.0,3511.8,338,355851060,27791,28054,3860.4,3158.8,3509.6,3508.6,0.0,3507.6,0,0,0,2017-04-14,34347900,3509.0,1,0,0,0,0,0,0,0,0,3509.2,1,0,0,0,0,0,0,0,0
254,2017-04-14,09:32:28,900,IF1704,CCFX,3509.0,3507.0,3511.8,339,356903760,27790,28054,3860.4,3158.8,3509.6,3508.6,0.0,3507.6,0,0,0,2017-04-14,34348900,3508.6,5,0,0,0,0,0,0,0,0,3509.2,2,0,0,0,0,0,0,0,0
255,2017-04-14,09:32:29,400,IF1704,CCFX,3509.0,3507.0,3511.8,340,357956460,27789,28054,3860.4,3158.8,3509.6,3508.6,0.0,3507.6,0,0,0,2017-04-14,34349400,3508.6,5,0,0,0,0,0,0,0,0,3509.2,2,0,0,0,0,0,0,0,0
256,2017-04-14,09:32:29,900,IF1704,CCFX,3509.0,3507.0,3511.8,340,357956460,27789,28054,3860.4,3158.8,3509.6,3508.6,0.0,3507.6,0,0,0,2017-04-14,34349900,3508.6,5,0,0,0,0,0,0,0,0,3509.2,1,0,0,0,0,0,0,0,0
257,2017-04-14,09:32:30,400,IF1704,CCFX,3508.6,3507.0,3511.8,341,359009040,27789,28054,3860.4,3158.8,3509.6,3508.6,0.0,3507.6,0,0,0,2017-04-14,34350400,3508.6,4,0,0,0,0,0,0,0,0,3509.2,1,0,0,0,0,0,0,0,0
258,2017-04-14,09:32:30,900,IF1704,CCFX,3508.6,3507.0,3511.8,341,359009040,27789,28054,3860.4,3158.8,3509.6,3508.6,0.0,3507.6,0,0,0,2017-04-14,34350900,3508.8,1,0,0,0,0,0,0,0,0,3509.2,2,0,0,0,0,0,0,0,0
259,2017-04-14,09:32:32,400,IF1704,CCFX,3508.6,3507.0,3511.8,341,359009040,27789,28054,3860.4,3158.8,3509.6,3508.6,0.0,3507.6,0,0,0,2017-04-14,34352400,3508.8,1,0,0,0,0,0,0,0,0,3509.2,2,0,0,0,0,0,0,0,0
260,2017-04-14,09:32:32,900,IF1704,CCFX,3508.6,3507.0,3511.8,341,359009040,27789,28054,3860.4,3158.8,3509.6,3508.6,0.0,3507.6,0,0,0,2017-04-14,34352900,3508.8,1,0,0,0,0,0,0,0,0,3509.2,2,0,0,0,0,0,0,0,0
261,2017-04-14,09:32:33,400,IF1704,CCFX,3508.6,3507.0,3511.8,341,359009040,27789,28054,3860.4,3158.8,3509.6,3508.6,0.0,3507.6,0,0,0,2017-04-14,34353400,3508.8,1,0,0,0,0,0,0,0,0,3509.2,3,0,0,0,0,0,0,0,0
262,2017-04-14,09:32:34,400,IF1704,CCFX,3508.6,3507.0,3511.8,341,359009040,27789,28054,3860.4,3158.8,3509.6,3508.6,0.0,3507.6,0,0,0,2017-04-14,34354400,3509.0,1,0,0,0,0,0,0,0,0,3509.2,3,0,0,0,0,0,0,0,0
263,2017-04-14,09:32:34,900,IF1704,CCFX,3509.0,3507.0,3511.8,342,360061740,27789,28054,3860.4,3158.8,3509.6,3508.6,0.0,3507.6,0,0,0,2017-04-14,34354900,3508.8,1,0,0,0,0,0,0,0,0,3509.2,3,0,0,0,0,0,0,0,0
264,2017-04-14,09:32:35,400,IF1704,CCFX,3508.8,3507.0,3511.8,343,361114380,27788,28054,3860.4,3158.8,3509.6,3508.6,0.0,3507.6,0,0,0,2017-04-14,34355400,3508.6,5,0,0,0,0,0,0,0,0,3509.2,3,0,0,0,0,0,0,0,0
265,2017-04-14,09:32:36,900,IF1704,CCFX,3509.2,3507.0,3511.8,345,363219900,27788,28054,3860.4,3158.8,3509.6,3508.6,0.0,3507.6,0,0,0,2017-04-14,34356900,3508.6,5,0,0,0,0,0,0,0,0,3508.8,5,0,0,0,0,0,0,0,0
266,2017-04-14,09:32:37,900,IF1704,CCFX,3508.6,3507.0,3511.8,346,364272480,27788,28054,3860.4,3158.8,3509.6,3508.6,0.0,3507.6,0,0,0,2017-04-14,34357900,3508.6,4,0,0,0,0,0,0,0,0,3508.8,5,0,0,0,0,0,0,0,0
267,2017-04-14,09:32:38,400,IF1704,CCFX,3508.6,3507.0,3511.8,346,364272480,27788,28054,3860.4,3158.8,3509.6,3508.6,0.0,3507.6,0,0,0,2017-04-14,34358400,3508.6,4,0,0,0,0,0,0,0,0,3508.8,6,0,0,0,0,0,0,0,0
268,2017-04-14,09:32:38,900,IF1704,CCFX,3508.8,3507.0,3511.8,349,367430340,27786,28054,3860.4,3158.8,3509.6,3508.6,0.0,3507.6,0,0,0,2017-04-14,34358900,3508.6,3,0,0,0,0,0,0,0,0,3508.8,4,0,0,0,0,0,0,0,0
269,2017-04-14,09:32:39,400,IF1704,CCFX,3508.8,3507.0,3511.8,349,367430340,27786,28054,3860.4,3158.8,3509.6,3508.6,0.0,3507.6,0,0,0,2017-04-14,34359400,3508.6,3,0,0,0,0,0,0,0,0,3508.8,5,0,0,0,0,0,0,0,0
270,2017-04-14,09:32:39,900,IF1704,CCFX,3508.6,3507.0,3511.8,352,370588080,27785,28054,3860.4,3158.8,3509.6,3508.6,0.0,3507.6,0,0,0,2017-04-14,34359900,3508.2,6,0,0,0,0,0,0,0,0,3508.8,5,0,0,0,0,0,0,0,0
271,2017-04-14,09:32:40,400,IF1704,CCFX,3508.6,3507.0,3511.8,354,372693180,27784,28054,3860.4,3158.8,3509.6,3508.6,0.0,3507.6,0,0,0,2017-04-14,34360400,3508.2,7,0,0,0,0,0,0,0,0,3508.8,5,0,0,0,0,0,0,0,0
272,2017-04-14,09:32:40,900,IF1704,CCFX,3508.6,3507.0,3511.8,354,372693180,27784,28054,3860.4,3158.8,3509.6,3508.6,0.0,3507.6,0,0,0,2017-04-14,34360900,3508.2,7,0,0,0,0,0,0,0,0,3508.4,1,0,0,0,0,0,0,0,0
273,2017-04-14,09:32:41,400,IF1704,CCFX,3508.6,3507.0,3511.8,354,372693180,27784,28054,3860.4,3158.8,3509.6,3508.6,0.0,3507.6,0,0,0,2017-04-14,34361400,3508.2,7,0,0,0,0,0,0,0,0,3508.6,2,0,0,0,0,0,0,0,0
274,2017-04-14,09:32:41,900,IF1704,CCFX,3508.6,3507.0,3511.8,354,372693180,27784,28054,3860.4,3158.8,3509.6,3508.6,0.0,3507.6,0,0,0,2017-04-14,34361900,3508.4,2,0,0,0,0,0,0,0,0,3508.6,2,0,0,0,0,0,0,0,0
275,2017-04-14,09:32:42,400,IF1704,CCFX,3508.6,3507.0,3511.8,355,373745760,27783,28054,3860.4,3158.8,3509.6,3508.6,0.0,3507.6,0,0,0,2017-04-14,34362400,3508.4,1,0,0,0,0,0,0,0,0,3508.6,3,0,0,0,0,0,0,0,0
276,2017-04-14,09:32:42,900,IF1704,CCFX,3508.6,3507.0,3511.8,356,374798340,27782,28054,3860.4,3158.8,3509.6,3508.6,0.0,3507.6,0,0,0,2017-04-14,34362900,3508.4,1,0,0,0,0,0,0,0,0,3508.6,2,0,0,0,0,0,0,0,0
277,2017-04-14,09:32:43,400,IF1704,CCFX,3508.4,3507.0,3511.8,357,375850860,27781,28054,3860.4,3158.8,3509.6,3508.6,0.0,3507.6,0,0,0,2017-04-14,34363400,3508.2,7,0,0,0,0,0,0,0,0,3508.4,4,0,0,0,0,0,0,0,0
278,2017-04-14,09:32:43,900,IF1704,CCFX,3508.4,3507.0,3511.8,357,375850860,27781,28054,3860.4,3158.8,3509.6,3508.6,0.0,3507.6,0,0,0,2017-04-14,34363900,3508.2,7,0,0,0,0,0,0,0,0,3508.4,4,0,0,0,0,0,0,0,0
279,2017-04-14,09:32:44,900,IF1704,CCFX,3508.4,3507.0,3511.8,358,376903380,27780,28054,3860.4,3158.8,3509.6,3508.6,0.0,3507.6,0,0,0,2017-04-14,34364900,3508.2,7,0,0,0,0,0,0,0,0,3508.4,3,0,0,0,0,0,0,0,0
280,2017-04-14,09:32:45,400,IF1704,CCFX,3508.2,3507.0,3511.8,361,380060760,27779,28054,3860.4,3158.8,3509.6,3508.6,0.0,3507.6,0,0,0,2017-04-14,34365400,3508.2,9,0,0,0,0,0,0,0,0,3508.4,4,0,0,0,0,0,0,0,0
281,2017-04-14,09:32:45,900,IF1704,CCFX,3508.2,3507.0,3511.8,362,381113220,27779,28054,3860.4,3158.8,3509.6,3508.6,0.0,3507.6,0,0,0,2017-04-14,34365900,3508.2,8,0,0,0,0,0,0,0,0,3508.4,5,0,0,0,0,0,0,0,0
282,2017-04-14,09:32:46,400,IF1704,CCFX,3508.4,3507.0,3511.8,365,384270660,27778,28054,3860.4,3158.8,3509.6,3508.6,0.0,3507.6,0,0,0,2017-04-14,34366400,3508.2,6,0,0,0,0,0,0,0,0,3508.4,6,0,0,0,0,0,0,0,0
283,2017-04-14,09:32:46,900,IF1704,CCFX,3508.2,3507.0,3511.8,370,389533020,27776,28054,3860.4,3158.8,3509.6,3508.6,0.0,3507.6,0,0,0,2017-04-14,34366900,3508.2,2,0,0,0,0,0,0,0,0,3508.4,5,0,0,0,0,0,0,0,0
284,2017-04-14,09:32:47,400,IF1704,CCFX,3508.2,3507.0,3511.8,373,392690460,27775,28054,3860.4,3158.8,3509.6,3508.6,0.0,3507.6,0,0,0,2017-04-14,34367400,3508.0,1,0,0,0,0,0,0,0,0,3508.4,4,0,0,0,0,0,0,0,0
285,2017-04-14,09:32:47,900,IF1704,CCFX,3508.0,3507.0,3511.8,374,393742860,27774,28054,3860.4,3158.8,3509.6,3508.6,0.0,3507.6,0,0,0,2017-04-14,34367900,3507.8,1,0,0,0,0,0,0,0,0,3508.4,4,0,0,0,0,0,0,0,0
286,2017-04-14,09:32:48,400,IF1704,CCFX,3507.6,3507.0,3511.8,375,394795140,27773,28054,3860.4,3158.8,3509.6,3508.6,0.0,3507.6,0,0,0,2017-04-14,34368400,3507.4,1,0,0,0,0,0,0,0,0,3508.0,3,0,0,0,0,0,0,0,0
287,2017-04-14,09:32:48,900,IF1704,CCFX,3508.0,3507.0,3511.8,377,396899820,27771,28054,3860.4,3158.8,3509.6,3508.6,0.0,3507.6,0,0,0,2017-04-14,34368900,3507.4,1,0,0,0,0,0,0,0,0,3508.0,3,0,0,0,0,0,0,0,0
288,2017-04-14,09:32:49,400,IF1704,CCFX,3508.0,3507.0,3511.8,377,396899820,27771,28054,3860.4,3158.8,3509.6,3508.6,0.0,3507.6,0,0,0,2017-04-14,34369400,3507.4,1,0,0,0,0,0,0,0,0,3507.8,2,0,0,0,0,0,0,0,0
289,2017-04-14,09:32:49,900,IF1704,CCFX,3507.4,3507.0,3511.8,378,397952040,27770,28054,3860.4,3158.8,3509.6,3508.6,0.0,3507.6,0,0,0,2017-04-14,34369900,3507.2,6,0,0,0,0,0,0,0,0,3507.8,1,0,0,0,0,0,0,0,0
290,2017-04-14,09:32:50,400,IF1704,CCFX,3507.4,3507.0,3511.8,378,397952040,27770,28054,3860.4,3158.8,3509.6,3508.6,0.0,3507.6,0,0,0,2017-04-14,34370400,3507.6,2,0,0,0,0,0,0,0,0,3508.0,3,0,0,0,0,0,0,0,0
291,2017-04-14,09:32:50,900,IF1704,CCFX,3507.2,3507.0,3511.8,380,400056360,27769,28054,3860.4,3158.8,3509.6,3508.6,0.0,3507.6,0,0,0,2017-04-14,34370900,3507.2,4,0,0,0,0,0,0,0,0,3508.0,3,0,0,0,0,0,0,0,0
292,2017-04-14,09:32:51,400,IF1704,CCFX,3507.2,3507.0,3511.8,387,407421780,27766,28054,3860.4,3158.8,3509.6,3508.6,0.0,3507.6,0,0,0,2017-04-14,34371400,3507.0,11,0,0,0,0,0,0,0,0,3508.0,3,0,0,0,0,0,0,0,0
293,2017-04-14,09:32:51,900,IF1704,CCFX,3507.2,3507.0,3511.8,387,407421780,27766,28054,3860.4,3158.8,3509.6,3508.6,0.0,3507.6,0,0,0,2017-04-14,34371900,3507.0,10,0,0,0,0,0,0,0,0,3507.8,4,0,0,0,0,0,0,0,0
294,2017-04-14,09:32:52,400,IF1704,CCFX,3507.2,3507.0,3511.8,387,407421780,27766,28054,3860.4,3158.8,3509.6,3508.6,0.0,3507.6,0,0,0,2017-04-14,34372400,3507.2,1,0,0,0,0,0,0,0,0,3507.6,2,0,0,0,0,0,0,0,0
295,2017-04-14,09:32:52,900,IF1704,CCFX,3507.2,3507.0,3511.8,387,407421780,27766,28054,3860.4,3158.8,3509.6,3508.6,0.0,3507.6,0,0,0,2017-04-14,34372900,3507.2,2,0,0,0,0,0,0,0,0,3507.6,2,0,0,0,0,0,0,0,0
296,2017-04-14,09:32:53,400,IF1704,CCFX,3507.6,3507.0,3511.8,388,408474060,27765,28054,3860.4,3158.8,3509.6,3508.6,0.0,3507.6,0,0,0,2017-04-14,34373400,3507.2,3,0,0,0,0,0,0,0,0,3507.6,1,0,0,0,0,0,0,0,0
297,2017-04-14,09:32:53,900,IF1704,CCFX,3507.6,3507.0,3511.8,388,408474060,27765,28054,3860.4,3158.8,3509.6,3508.6,0.0,3507.6,0,0,0,2017-04-14,34373900,3507.2,3,0,0,0,0,0,0,0,0,3507.6,1,0,0,0,0,0,0,0,0
298,2017-04-14,09:32:54,400,IF1704,CCFX,3507.2,3507.0,3511.8,389,409526220,27764,28054,3860.4,3158.8,3509.6,3508.6,0.0,3507.6,0,0,0,2017-04-14,34374400,3507.2,2,0,0,0,0,0,0,0,0,3507.6,3,0,0,0,0,0,0,0,0
299,2017-04-14,09:32:54,900,IF1704,CCFX,3507.2,3507.0,3511.8,389,409526220,27764,28054,3860.4,3158.8,3509.6,3508.6,0.0,3507.6,0,0,0,2017-04-14,34374900,3507.2,3,0,0,0,0,0,0,0,0,3507.6,2,0,0,0,0,0,0,0,0
300,2017-04-14,09:32:55,400,IF1704,CCFX,3507.6,3507.0,3511.8,390,410578500,27764,28054,3860.4,3158.8,3509.6,3508.6,0.0,3507.6,0,0,0,2017-04-14,34375400,3507.2,8,0,0,0,0,0,0,0,0,3507.6,2,0,0,0,0,0,0,0,0
301,2017-04-14,09:32:55,900,IF1704,CCFX,3507.8,3507.0,3511.8,394,414787680,27762,28054,3860.4,3158.8,3509.6,3508.6,0.0,3507.6,0,0,0,2017-04-14,34375900,3507.4,3,0,0,0,0,0,0,0,0,3507.8,3,0,0,0,0,0,0,0,0
302,2017-04-14,09:32:56,400,IF1704,CCFX,3507.6,3507.0,3511.8,400,421101780,27756,28054,3860.4,3158.8,3509.6,3508.6,0.0,3507.6,0,0,0,2017-04-14,34376400,3507.8,1,0,0,0,0,0,0,0,0,3508.2,1,0,0,0,0,0,0,0,0
303,2017-04-14,09:32:56,900,IF1704,CCFX,3508.2,3507.0,3511.8,401,422154240,27755,28054,3860.4,3158.8,3509.6,3508.6,0.0,3507.6,0,0,0,2017-04-14,34376900,3508.2,1,0,0,0,0,0,0,0,0,3508.8,2,0,0,0,0,0,0,0,0
304,2017-04-14,09:32:57,400,IF1704,CCFX,3508.4,3507.0,3511.8,404,425312040,27753,28054,3860.4,3158.8,3509.6,3508.6,0.0,3507.6,0,0,0,2017-04-14,34377400,3508.4,1,0,0,0,0,0,0,0,0,3508.8,1,0,0,0,0,0,0,0,0
305,2017-04-14,09:32:57,900,IF1704,CCFX,3508.8,3507.0,3511.8,406,427417320,27752,28054,3860.4,3158.8,3509.6,3508.6,0.0,3507.6,0,0,0,2017-04-14,34377900,3508.6,1,0,0,0,0,0,0,0,0,3509.8,2,0,0,0,0,0,0,0,0
306,2017-04-14,09:32:58,400,IF1704,CCFX,3508.8,3507.0,3511.8,406,427417320,27752,28054,3860.4,3158.8,3509.6,3508.6,0.0,3507.6,0,0,0,2017-04-14,34378400,3508.4,1,0,0,0,0,0,0,0,0,3509.6,2,0,0,0,0,0,0,0,0
307,2017-04-14,09:32:58,900,IF1704,CCFX,3508.8,3507.0,3511.8,406,427417320,27752,28054,3860.4,3158.8,3509.6,3508.6,0.0,3507.6,0,0,0,2017-04-14,34378900,3508.6,1,0,0,0,0,0,0,0,0,3509.4,1,0,0,0,0,0,0,0,0
308,2017-04-14,09:32:59,400,IF1704,CCFX,3508.8,3507.0,3511.8,406,427417320,27752,28054,3860.4,3158.8,3509.6,3508.6,0.0,3507.6,0,0,0,2017-04-14,34379400,3508.6,1,0,0,0,0,0,0,0,0,3509.4,1,0,0,0,0,0,0,0,0
309,2017-04-14,09:32:59,900,IF1704,CCFX,3508.8,3507.0,3511.8,406,427417320,27752,28054,3860.4,3158.8,3509.6,3508.6,0.0,3507.6,0,0,0,2017-04-14,34379900,3509.0,1,0,0,0,0,0,0,0,0,3509.4,1,0,0,0,0,0,0,0,0
310,2017-04-14,09:33:00,400,IF1704,CCFX,3508.8,3507.0,3511.8,407,428469960,27752,28054,3860.4,3158.8,3509.6,3508.6,0.0,3507.6,0,0,0,2017-04-14,34380400,3508.6,1,0,0,0,0,0,0,0,0,3508.8,1,0,0,0,0,0,0,0,0
311,2017-04-14,09:33:00,900,IF1704,CCFX,3508.8,3507.0,3511.8,410,431628060,27749,28054,3860.4,3158.8,3509.6,3508.6,0.0,3507.6,0,0,0,2017-04-14,34380900,3508.6,1,0,0,0,0,0,0,0,0,3509.6,2,0,0,0,0,0,0,0,0
312,2017-04-14,09:33:01,400,IF1704,CCFX,3508.8,3507.0,3511.8,410,431628060,27749,28054,3860.4,3158.8,3509.6,3508.6,0.0,3507.6,0,0,0,2017-04-14,34381400,3508.6,2,0,0,0,0,0,0,0,0,3509.6,2,0,0,0,0,0,0,0,0
313,2017-04-14,09:33:01,900,IF1704,CCFX,3508.8,3507.0,3511.8,412,433733580,27747,28054,3860.4,3158.8,3509.6,3508.6,0.0,3507.6,0,0,0,2017-04-14,34381900,3508.6,2,0,0,0,0,0,0,0,0,3509.6,1,0,0,0,0,0,0,0,0
314,2017-04-14,09:33:02,400,IF1704,CCFX,3509.6,3507.0,3511.8,414,435839040,27745,28054,3860.4,3158.8,3509.6,3508.6,0.0,3507.6,0,0,0,2017-04-14,34382400,3508.6,1,0,0,0,0,0,0,0,0,3509.4,1,0,0,0,0,0,0,0,0
315,2017-04-14,09:33:02,900,IF1704,CCFX,3509.6,3507.0,3511.8,414,435839040,27745,28054,3860.4,3158.8,3509.6,3508.6,0.0,3507.6,0,0,0,2017-04-14,34382900,3508.6,1,0,0,0,0,0,0,0,0,3509.4,1,0,0,0,0,0,0,0,0
316,2017-04-14,09:33:03,400,IF1704,CCFX,3508.6,3507.0,3511.8,416,437944320,27743,28054,3860.4,3158.8,3509.6,3508.6,0.0,3507.6,0,0,0,2017-04-14,34383400,3508.2,1,0,0,0,0,0,0,0,0,3509.4,1,0,0,0,0,0,0,0,0
317,2017-04-14,09:33:03,900,IF1704,CCFX,3508.6,3507.0,3511.8,416,437944320,27743,28054,3860.4,3158.8,3509.6,3508.6,0.0,3507.6,0,0,0,2017-04-14,34383900,3508.4,1,0,0,0,0,0,0,0,0,3509.4,1,0,0,0,0,0,0,0,0
318,2017-04-14,09:33:04,900,IF1704,CCFX,3508.6,3507.0,3511.8,416,437944320,27743,28054,3860.4,3158.8,3509.6,3508.6,0.0,3507.6,0,0,0,2017-04-14,34384900,3508.4,1,0,0,0,0,0,0,0,0,3509.4,1,0,0,0,0,0,0,0,0
319,2017-04-14,09:33:05,400,IF1704,CCFX,3508.4,3507.0,3511.8,417,438996840,27742,28054,3860.4,3158.8,3509.6,3508.6,0.0,3507.6,0,0,0,2017-04-14,34385400,3508.4,1,0,0,0,0,0,0,0,0,3509.2,1,0,0,0,0,0,0,0,0
320,2017-04-14,09:33:05,900,IF1704,CCFX,3508.4,3507.0,3511.8,418,440049360,27741,28054,3860.4,3158.8,3509.6,3508.6,0.0,3507.6,0,0,0,2017-04-14,34385900,3507.8,1,0,0,0,0,0,0,0,0,3509.2,1,0,0,0,0,0,0,0,0
321,2017-04-14,09:33:06,400,IF1704,CCFX,3508.4,3507.0,3511.8,418,440049360,27741,28054,3860.4,3158.8,3509.6,3508.6,0.0,3507.6,0,0,0,2017-04-14,34386400,3508.0,4,0,0,0,0,0,0,0,0,3509.0,1,0,0,0,0,0,0,0,0
322,2017-04-14,09:33:06,900,IF1704,CCFX,3508.4,3507.0,3511.8,418,440049360,27741,28054,3860.4,3158.8,3509.6,3508.6,0.0,3507.6,0,0,0,2017-04-14,34386900,3508.0,3,0,0,0,0,0,0,0,0,3509.2,1,0,0,0,0,0,0,0,0
323,2017-04-14,09:33:07,400,IF1704,CCFX,3508.4,3507.0,3511.8,418,440049360,27741,28054,3860.4,3158.8,3509.6,3508.6,0.0,3507.6,0,0,0,2017-04-14,34387400,3508.2,1,0,0,0,0,0,0,0,0,3509.2,2,0,0,0,0,0,0,0,0
324,2017-04-14,09:33:07,900,IF1704,CCFX,3508.4,3507.0,3511.8,418,440049360,27741,28054,3860.4,3158.8,3509.6,3508.6,0.0,3507.6,0,0,0,2017-04-14,34387900,3508.4,1,0,0,0,0,0,0,0,0,3509.2,2,0,0,0,0,0,0,0,0
325,2017-04-14,09:33:08,400,IF1704,CCFX,3509.2,3507.0,3511.8,419,441102120,27740,28054,3860.4,3158.8,3509.6,3508.6,0.0,3507.6,0,0,0,2017-04-14,34388400,3508.8,1,0,0,0,0,0,0,0,0,3509.2,2,0,0,0,0,0,0,0,0
326,2017-04-14,09:33:08,900,IF1704,CCFX,3509.2,3507.0,3511.8,419,441102120,27740,28054,3860.4,3158.8,3509.6,3508.6,0.0,3507.6,0,0,0,2017-04-14,34388900,3508.8,1,0,0,0,0,0,0,0,0,3509.2,2,0,0,0,0,0,0,0,0
327,2017-04-14,09:33:09,400,IF1704,CCFX,3508.8,3507.0,3511.8,420,442154760,27740,28054,3860.4,3158.8,3509.6,3508.6,0.0,3507.6,0,0,0,2017-04-14,34389400,3508.4,1,0,0,0,0,0,0,0,0,3509.2,2,0,0,0,0,0,0,0,0
328,2017-04-14,09:33:09,900,IF1704,CCFX,3508.8,3507.0,3511.8,420,442154760,27740,28054,3860.4,3158.8,3509.6,3508.6,0.0,3507.6,0,0,0,2017-04-14,34389900,3508.6,1,0,0,0,0,0,0,0,0,3509.2,2,0,0,0,0,0,0,0,0
329,2017-04-14,09:33:10,400,IF1704,CCFX,3508.8,3507.0,3511.8,420,442154760,27740,28054,3860.4,3158.8,3509.6,3508.6,0.0,3507.6,0,0,0,2017-04-14,34390400,3508.6,1,0,0,0,0,0,0,0,0,3508.8,1,0,0,0,0,0,0,0,0
330,2017-04-14,09:33:10,900,IF1704,CCFX,3508.6,3507.0,3511.8,422,444259980,27738,28054,3860.4,3158.8,3509.6,3508.6,0.0,3507.6,0,0,0,2017-04-14,34390900,3508.4,2,0,0,0,0,0,0,0,0,3509.2,2,0,0,0,0,0,0,0,0
331,2017-04-14,09:33:11,400,IF1704,CCFX,3508.6,3507.0,3511.8,422,444259980,27738,28054,3860.4,3158.8,3509.6,3508.6,0.0,3507.6,0,0,0,2017-04-14,34391400,3508.4,1,0,0,0,0,0,0,0,0,3509.2,2,0,0,0,0,0,0,0,0
332,2017-04-14,09:33:11,900,IF1704,CCFX,3508.6,3507.0,3511.8,422,444259980,27738,28054,3860.4,3158.8,3509.6,3508.6,0.0,3507.6,0,0,0,2017-04-14,34391900,3508.4,1,0,0,0,0,0,0,0,0,3509.2,2,0,0,0,0,0,0,0,0
333,2017-04-14,09:33:12,900,IF1704,CCFX,3508.6,3507.0,3511.8,422,444259980,27738,28054,3860.4,3158.8,3509.6,3508.6,0.0,3507.6,0,0,0,2017-04-14,34392900,3508.6,1,0,0,0,0,0,0,0,0,3509.2,3,0,0,0,0,0,0,0,0
334,2017-04-14,09:33:13,400,IF1704,CCFX,3508.6,3507.0,3511.8,422,444259980,27738,28054,3860.4,3158.8,3509.6,3508.6,0.0,3507.6,0,0,0,2017-04-14,34393400,3508.6,1,0,0,0,0,0,0,0,0,3509.2,3,0,0,0,0,0,0,0,0
335,2017-04-14,09:33:13,900,IF1704,CCFX,3508.6,3507.0,3511.8,422,444259980,27738,28054,3860.4,3158.8,3509.6,3508.6,0.0,3507.6,0,0,0,2017-04-14,34393900,3508.6,1,0,0,0,0,0,0,0,0,3509.2,3,0,0,0,0,0,0,0,0
336,2017-04-14,09:33:14,900,IF1704,CCFX,3508.6,3507.0,3511.8,422,444259980,27738,28054,3860.4,3158.8,3509.6,3508.6,0.0,3507.6,0,0,0,2017-04-14,34394900,3508.6,1,0,0,0,0,0,0,0,0,3509.2,4,0,0,0,0,0,0,0,0
337,2017-04-14,09:33:15,400,IF1704,CCFX,3508.6,3507.0,3511.8,422,444259980,27738,28054,3860.4,3158.8,3509.6,3508.6,0.0,3507.6,0,0,0,2017-04-14,34395400,3508.6,1,0,0,0,0,0,0,0,0,3509.2,4,0,0,0,0,0,0,0,0
338,2017-04-14,09:33:15,900,IF1704,CCFX,3508.6,3507.0,3511.8,423,445312560,27737,28054,3860.4,3158.8,3509.6,3508.6,0.0,3507.6,0,0,0,2017-04-14,34395900,3508.2,2,0,0,0,0,0,0,0,0,3509.2,5,0,0,0,0,0,0,0,0
339,2017-04-14,09:33:16,400,IF1704,CCFX,3508.6,3507.0,3511.8,423,445312560,27737,28054,3860.4,3158.8,3509.6,3508.6,0.0,3507.6,0,0,0,2017-04-14,34396400,3508.6,1,0,0,0,0,0,0,0,0,3509.2,6,0,0,0,0,0,0,0,0
340,2017-04-14,09:33:17,400,IF1704,CCFX,3508.6,3507.0,3511.8,424,446365140,27736,28054,3860.4,3158.8,3509.6,3508.6,0.0,3507.6,0,0,0,2017-04-14,34397400,3508.2,2,0,0,0,0,0,0,0,0,3509.2,6,0,0,0,0,0,0,0,0
341,2017-04-14,09:33:17,900,IF1704,CCFX,3508.6,3507.0,3511.8,424,446365140,27736,28054,3860.4,3158.8,3509.6,3508.6,0.0,3507.6,0,0,0,2017-04-14,34397900,3508.2,2,0,0,0,0,0,0,0,0,3509.0,2,0,0,0,0,0,0,0,0
342,2017-04-14,09:33:18,400,IF1704,CCFX,3508.4,3507.0,3511.8,425,447417660,27735,28054,3860.4,3158.8,3509.6,3508.6,0.0,3507.6,0,0,0,2017-04-14,34398400,3508.2,2,0,0,0,0,0,0,0,0,3509.0,2,0,0,0,0,0,0,0,0
343,2017-04-14,09:33:18,900,IF1704,CCFX,3508.2,3507.0,3511.8,427,449522580,27733,28054,3860.4,3158.8,3509.6,3508.6,0.0,3507.6,0,0,0,2017-04-14,34398900,3508.2,5,0,0,0,0,0,0,0,0,3509.0,2,0,0,0,0,0,0,0,0
344,2017-04-14,09:33:19,400,IF1704,CCFX,3508.2,3507.0,3511.8,427,449522580,27733,28054,3860.4,3158.8,3509.6,3508.6,0.0,3507.6,0,0,0,2017-04-14,34399400,3508.2,5,0,0,0,0,0,0,0,0,3509.0,3,0,0,0,0,0,0,0,0
345,2017-04-14,09:33:20,900,IF1704,CCFX,3508.2,3507.0,3511.8,428,450575040,27733,28054,3860.4,3158.8,3509.6,3508.6,0.0,3507.6,0,0,0,2017-04-14,34400900,3508.2,4,0,0,0,0,0,0,0,0,3509.0,3,0,0,0,0,0,0,0,0
346,2017-04-14,09:33:21,900,IF1704,CCFX,3508.2,3507.0,3511.8,428,450575040,27733,28054,3860.4,3158.8,3509.6,3508.6,0.0,3507.6,0,0,0,2017-04-14,34401900,3508.2,4,0,0,0,0,0,0,0,0,3509.0,3,0,0,0,0,0,0,0,0
347,2017-04-14,09:33:23,400,IF1704,CCFX,3508.2,3507.0,3511.8,428,450575040,27733,28054,3860.4,3158.8,3509.6,3508.6,0.0,3507.6,0,0,0,2017-04-14,34403400,3508.2,4,0,0,0,0,0,0,0,0,3508.8,2,0,0,0,0,0,0,0,0
348,2017-04-14,09:33:23,900,IF1704,CCFX,3508.2,3507.0,3511.8,428,450575040,27733,28054,3860.4,3158.8,3509.6,3508.6,0.0,3507.6,0,0,0,2017-04-14,34403900,3508.2,4,0,0,0,0,0,0,0,0,3508.8,2,0,0,0,0,0,0,0,0
349,2017-04-14,09:33:24,400,IF1704,CCFX,3508.2,3507.0,3511.8,428,450575040,27733,28054,3860.4,3158.8,3509.6,3508.6,0.0,3507.6,0,0,0,2017-04-14,34404400,3508.2,5,0,0,0,0,0,0,0,0,3508.8,2,0,0,0,0,0,0,0,0
350,2017-04-14,09:33:24,900,IF1704,CCFX,3508.2,3507.0,3511.8,428,450575040,27733,28054,3860.4,3158.8,3509.6,3508.6,0.0,3507.6,0,0,0,2017-04-14,34404900,3508.2,5,0,0,0,0,0,0,0,0,3508.8,2,0,0,0,0,0,0,0,0
351,2017-04-14,09:33:26,400,IF1704,CCFX,3508.2,3507.0,3511.8,428,450575040,27733,28054,3860.4,3158.8,3509.6,3508.6,0.0,3507.6,0,0,0,2017-04-14,34406400,3508.2,5,0,0,0,0,0,0,0,0,3508.8,2,0,0,0,0,0,0,0,0
352,2017-04-14,09:33:26,900,IF1704,CCFX,3508.2,3507.0,3511.8,429,451627500,27733,28054,3860.4,3158.8,3509.6,3508.6,0.0,3507.6,0,0,0,2017-04-14,34406900,3508.2,4,0,0,0,0,0,0,0,0,3508.8,2,0,0,0,0,0,0,0,0
353,2017-04-14,09:33:27,400,IF1704,CCFX,3508.2,3507.0,3511.8,429,451627500,27733,28054,3860.4,3158.8,3509.6,3508.6,0.0,3507.6,0,0,0,2017-04-14,34407400,3508.4,2,0,0,0,0,0,0,0,0,3508.8,2,0,0,0,0,0,0,0,0
354,2017-04-14,09:33:27,900,IF1704,CCFX,3508.8,3507.0,3511.8,431,453732780,27731,28054,3860.4,3158.8,3509.6,3508.6,0.0,3507.6,0,0,0,2017-04-14,34407900,3508.8,1,0,0,0,0,0,0,0,0,3509.0,4,0,0,0,0,0,0,0,0
355,2017-04-14,09:33:28,400,IF1704,CCFX,3508.8,3507.0,3511.8,431,453732780,27731,28054,3860.4,3158.8,3509.6,3508.6,0.0,3507.6,0,0,0,2017-04-14,34408400,3508.8,1,0,0,0,0,0,0,0,0,3509.0,4,0,0,0,0,0,0,0,0
356,2017-04-14,09:33:28,900,IF1704,CCFX,3508.8,3507.0,3511.8,431,453732780,27731,28054,3860.4,3158.8,3509.6,3508.6,0.0,3507.6,0,0,0,2017-04-14,34408900,3508.8,1,0,0,0,0,0,0,0,0,3509.0,5,0,0,0,0,0,0,0,0
357,2017-04-14,09:33:29,400,IF1704,CCFX,3508.8,3507.0,3511.8,432,454785420,27730,28054,3860.4,3158.8,3509.6,3508.6,0.0,3507.6,0,0,0,2017-04-14,34409400,3508.4,3,0,0,0,0,0,0,0,0,3509.0,5,0,0,0,0,0,0,0,0
358,2017-04-14,09:33:29,900,IF1704,CCFX,3508.8,3507.0,3511.8,432,454785420,27730,28054,3860.4,3158.8,3509.6,3508.6,0.0,3507.6,0,0,0,2017-04-14,34409900,3508.6,1,0,0,0,0,0,0,0,0,3509.0,5,0,0,0,0,0,0,0,0
359,2017-04-14,09:33:30,400,IF1704,CCFX,3508.6,3507.0,3511.8,433,455838000,27730,28054,3860.4,3158.8,3509.6,3508.6,0.0,3507.6,0,0,0,2017-04-14,34410400,3508.6,1,0,0,0,0,0,0,0,0,3509.0,5,0,0,0,0,0,0,0,0
360,2017-04-14,09:33:31,400,IF1704,CCFX,3508.6,3507.0,3511.8,433,455838000,27730,28054,3860.4,3158.8,3509.6,3508.6,0.0,3507.6,0,0,0,2017-04-14,34411400,3508.6,1,0,0,0,0,0,0,0,0,3509.0,5,0,0,0,0,0,0,0,0
361,2017-04-14,09:33:31,900,IF1704,CCFX,3508.6,3507.0,3511.8,434,456890580,27729,28054,3860.4,3158.8,3509.6,3508.6,0.0,3507.6,0,0,0,2017-04-14,34411900,3508.6,1,0,0,0,0,0,0,0,0,3509.0,5,0,0,0,0,0,0,0,0
362,2017-04-14,09:33:32,400,IF1704,CCFX,3508.6,3507.0,3511.8,435,457943160,27728,28054,3860.4,3158.8,3509.6,3508.6,0.0,3507.6,0,0,0,2017-04-14,34412400,3508.4,3,0,0,0,0,0,0,0,0,3508.8,2,0,0,0,0,0,0,0,0
363,2017-04-14,09:33:32,900,IF1704,CCFX,3508.8,3507.0,3511.8,439,462153660,27724,28054,3860.4,3158.8,3509.6,3508.6,0.0,3507.6,0,0,0,2017-04-14,34412900,3508.4,3,0,0,0,0,0,0,0,0,3508.8,1,0,0,0,0,0,0,0,0
364,2017-04-14,09:33:33,400,IF1704,CCFX,3508.8,3507.0,3511.8,439,462153660,27724,28054,3860.4,3158.8,3509.6,3508.6,0.0,3507.6,0,0,0,2017-04-14,34413400,3508.6,1,0,0,0,0,0,0,0,0,3508.8,1,0,0,0,0,0,0,0,0
365,2017-04-14,09:33:33,900,IF1704,CCFX,3509.2,3507.0,3511.8,445,468469920,27720,28054,3860.4,3158.8,3509.6,3508.6,0.0,3507.6,0,0,0,2017-04-14,34413900,3508.6,1,0,0,0,0,0,0,0,0,3509.2,2,0,0,0,0,0,0,0,0
366,2017-04-14,09:33:34,400,IF1704,CCFX,3509.2,3507.0,3511.8,445,468469920,27720,28054,3860.4,3158.8,3509.6,3508.6,0.0,3507.6,0,0,0,2017-04-14,34414400,3509.0,1,0,0,0,0,0,0,0,0,3509.2,2,0,0,0,0,0,0,0,0
367,2017-04-14,09:33:34,900,IF1704,CCFX,3509.2,3507.0,3511.8,447,470575440,27721,28054,3860.4,3158.8,3509.6,3508.6,0.0,3507.6,0,0,0,2017-04-14,34414900,3508.6,2,0,0,0,0,0,0,0,0,3509.8,3,0,0,0,0,0,0,0,0
368,2017-04-14,09:33:35,400,IF1704,CCFX,3508.6,3507.0,3511.8,448,471628020,27720,28054,3860.4,3158.8,3509.6,3508.6,0.0,3507.6,0,0,0,2017-04-14,34415400,3508.4,3,0,0,0,0,0,0,0,0,3509.8,3,0,0,0,0,0,0,0,0
369,2017-04-14,09:33:35,900,IF1704,CCFX,3508.6,3507.0,3511.8,448,471628020,27720,28054,3860.4,3158.8,3509.6,3508.6,0.0,3507.6,0,0,0,2017-04-14,34415900,3509.4,1,0,0,0,0,0,0,0,0,3509.6,3,0,0,0,0,0,0,0,0
370,2017-04-14,09:33:36,400,IF1704,CCFX,3508.6,3507.0,3511.8,451,474786240,27717,28054,3860.4,3158.8,3509.6,3508.6,0.0,3507.6,0,0,0,2017-04-14,34416400,3508.6,1,0,0,0,0,0,0,0,0,3509.4,4,0,0,0,0,0,0,0,0
371,2017-04-14,09:33:36,900,IF1704,CCFX,3508.6,3507.0,3511.8,451,474786240,27717,28054,3860.4,3158.8,3509.6,3508.6,0.0,3507.6,0,0,0,2017-04-14,34416900,3508.4,3,0,0,0,0,0,0,0,0,3509.4,4,0,0,0,0,0,0,0,0
372,2017-04-14,09:33:37,400,IF1704,CCFX,3508.6,3507.0,3511.8,451,474786240,27717,28054,3860.4,3158.8,3509.6,3508.6,0.0,3507.6,0,0,0,2017-04-14,34417400,3508.4,3,0,0,0,0,0,0,0,0,3509.4,4,0,0,0,0,0,0,0,0
373,2017-04-14,09:33:37,900,IF1704,CCFX,3508.6,3507.0,3511.8,451,474786240,27717,28054,3860.4,3158.8,3509.6,3508.6,0.0,3507.6,0,0,0,2017-04-14,34417900,3508.6,2,0,0,0,0,0,0,0,0,3509.4,4,0,0,0,0,0,0,0,0
374,2017-04-14,09:33:38,900,IF1704,CCFX,3508.6,3507.0,3511.8,451,474786240,27717,28054,3860.4,3158.8,3509.6,3508.6,0.0,3507.6,0,0,0,2017-04-14,34418900,3508.6,2,0,0,0,0,0,0,0,0,3509.4,4,0,0,0,0,0,0,0,0
375,2017-04-14,09:33:39,900,IF1704,CCFX,3508.6,3507.0,3511.8,451,474786240,27717,28054,3860.4,3158.8,3509.6,3508.6,0.0,3507.6,0,0,0,2017-04-14,34419900,3508.6,2,0,0,0,0,0,0,0,0,3509.4,3,0,0,0,0,0,0,0,0
376,2017-04-14,09:33:40,400,IF1704,CCFX,3508.6,3507.0,3511.8,452,475838820,27716,28054,3860.4,3158.8,3509.6,3508.6,0.0,3507.6,0,0,0,2017-04-14,34420400,3508.6,2,0,0,0,0,0,0,0,0,3509.4,3,0,0,0,0,0,0,0,0
377,2017-04-14,09:33:40,900,IF1704,CCFX,3508.6,3507.0,3511.8,452,475838820,27716,28054,3860.4,3158.8,3509.6,3508.6,0.0,3507.6,0,0,0,2017-04-14,34420900,3508.6,2,0,0,0,0,0,0,0,0,3509.2,3,0,0,0,0,0,0,0,0
378,2017-04-14,09:33:41,400,IF1704,CCFX,3508.6,3507.0,3511.8,452,475838820,27716,28054,3860.4,3158.8,3509.6,3508.6,0.0,3507.6,0,0,0,2017-04-14,34421400,3508.6,2,0,0,0,0,0,0,0,0,3509.0,1,0,0,0,0,0,0,0,0
379,2017-04-14,09:33:41,900,IF1704,CCFX,3508.6,3507.0,3511.8,453,476891400,27715,28054,3860.4,3158.8,3509.6,3508.6,0.0,3507.6,0,0,0,2017-04-14,34421900,3508.6,1,0,0,0,0,0,0,0,0,3509.0,1,0,0,0,0,0,0,0,0
380,2017-04-14,09:33:42,400,IF1704,CCFX,3509.0,3507.0,3511.8,456,480049500,27712,28054,3860.4,3158.8,3509.6,3508.6,0.0,3507.6,0,0,0,2017-04-14,34422400,3509.0,1,0,0,0,0,0,0,0,0,3509.2,4,0,0,0,0,0,0,0,0
381,2017-04-14,09:33:42,900,IF1704,CCFX,3509.0,3507.0,3511.8,457,481102200,27711,28054,3860.4,3158.8,3509.6,3508.6,0.0,3507.6,0,0,0,2017-04-14,34422900,3508.6,1,0,0,0,0,0,0,0,0,3509.2,4,0,0,0,0,0,0,0,0
382,2017-04-14,09:33:43,900,IF1704,CCFX,3509.2,3507.0,3511.8,458,482154960,27710,28054,3860.4,3158.8,3509.6,3508.6,0.0,3507.6,0,0,0,2017-04-14,34423900,3508.6,1,0,0,0,0,0,0,0,0,3509.2,3,0,0,0,0,0,0,0,0
383,2017-04-14,09:33:44,400,IF1704,CCFX,3509.2,3507.0,3511.8,458,482154960,27710,28054,3860.4,3158.8,3509.6,3508.6,0.0,3507.6,0,0,0,2017-04-14,34424400,3508.6,1,0,0,0,0,0,0,0,0,3509.2,3,0,0,0,0,0,0,0,0
384,2017-04-14,09:33:44,900,IF1704,CCFX,3509.2,3507.0,3511.8,458,482154960,27710,28054,3860.4,3158.8,3509.6,3508.6,0.0,3507.6,0,0,0,2017-04-14,34424900,3508.6,1,0,0,0,0,0,0,0,0,3509.2,5,0,0,0,0,0,0,0,0
385,2017-04-14,09:33:45,400,IF1704,CCFX,3509.2,3507.0,3511.8,458,482154960,27710,28054,3860.4,3158.8,3509.6,3508.6,0.0,3507.6,0,0,0,2017-04-14,34425400,3508.6,1,0,0,0,0,0,0,0,0,3509.0,1,0,0,0,0,0,0,0,0
386,2017-04-14,09:33:46,400,IF1704,CCFX,3509.2,3507.0,3511.8,458,482154960,27710,28054,3860.4,3158.8,3509.6,3508.6,0.0,3507.6,0,0,0,2017-04-14,34426400,3508.6,1,0,0,0,0,0,0,0,0,3509.0,2,0,0,0,0,0,0,0,0
387,2017-04-14,09:33:46,900,IF1704,CCFX,3509.2,3507.0,3511.8,458,482154960,27710,28054,3860.4,3158.8,3509.6,3508.6,0.0,3507.6,0,0,0,2017-04-14,34426900,3508.6,1,0,0,0,0,0,0,0,0,3508.8,1,0,0,0,0,0,0,0,0
388,2017-04-14,09:33:47,400,IF1704,CCFX,3508.4,3507.0,3511.8,460,484260060,27708,28054,3860.4,3158.8,3509.6,3508.6,0.0,3507.6,0,0,0,2017-04-14,34427400,3508.4,1,0,0,0,0,0,0,0,0,3508.6,1,0,0,0,0,0,0,0,0
389,2017-04-14,09:33:47,900,IF1704,CCFX,3508.4,3507.0,3511.8,461,485312580,27707,28054,3860.4,3158.8,3509.6,3508.6,0.0,3507.6,0,0,0,2017-04-14,34427900,3508.2,5,0,0,0,0,0,0,0,0,3508.4,1,0,0,0,0,0,0,0,0
390,2017-04-14,09:33:48,400,IF1704,CCFX,3508.2,3507.0,3511.8,463,487417500,27707,28054,3860.4,3158.8,3509.6,3508.6,0.0,3507.6,0,0,0,2017-04-14,34428400,3508.2,3,0,0,0,0,0,0,0,0,3508.4,1,0,0,0,0,0,0,0,0
391,2017-04-14,09:33:48,900,IF1704,CCFX,3508.4,3507.0,3511.8,465,489522480,27706,28054,3860.4,3158.8,3509.6,3508.6,0.0,3507.6,0,0,0,2017-04-14,34428900,3508.4,3,0,0,0,0,0,0,0,0,3508.6,1,0,0,0,0,0,0,0,0
392,2017-04-14,09:33:49,400,IF1704,CCFX,3508.4,3507.0,3511.8,466,490575000,27706,28054,3860.4,3158.8,3509.6,3508.6,0.0,3507.6,0,0,0,2017-04-14,34429400,3508.4,2,0,0,0,0,0,0,0,0,3508.6,1,0,0,0,0,0,0,0,0
393,2017-04-14,09:33:49,900,IF1704,CCFX,3508.2,3507.0,3511.8,469,493732500,27704,28054,3860.4,3158.8,3509.6,3508.6,0.0,3507.6,0,0,0,2017-04-14,34429900,3508.2,1,0,0,0,0,0,0,0,0,3508.4,2,0,0,0,0,0,0,0,0
394,2017-04-14,09:33:50,400,IF1704,CCFX,3508.2,3507.0,3511.8,470,494784960,27703,28054,3860.4,3158.8,3509.6,3508.6,0.0,3507.6,0,0,0,2017-04-14,34430400,3508.0,1,0,0,0,0,0,0,0,0,3508.2,1,0,0,0,0,0,0,0,0
395,2017-04-14,09:33:50,900,IF1704,CCFX,3508.2,3507.0,3511.8,470,494784960,27703,28054,3860.4,3158.8,3509.6,3508.6,0.0,3507.6,0,0,0,2017-04-14,34430900,3508.0,1,0,0,0,0,0,0,0,0,3508.2,1,0,0,0,0,0,0,0,0
396,2017-04-14,09:33:51,900,IF1704,CCFX,3508.2,3507.0,3511.8,471,495837420,27702,28054,3860.4,3158.8,3509.6,3508.6,0.0,3507.6,0,0,0,2017-04-14,34431900,3508.0,1,0,0,0,0,0,0,0,0,3508.6,1,0,0,0,0,0,0,0,0
397,2017-04-14,09:33:52,400,IF1704,CCFX,3508.2,3507.0,3511.8,471,495837420,27702,28054,3860.4,3158.8,3509.6,3508.6,0.0,3507.6,0,0,0,2017-04-14,34432400,3508.0,1,0,0,0,0,0,0,0,0,3508.6,1,0,0,0,0,0,0,0,0
398,2017-04-14,09:33:52,900,IF1704,CCFX,3508.6,3507.0,3511.8,472,496890000,27702,28054,3860.4,3158.8,3509.6,3508.6,0.0,3507.6,0,0,0,2017-04-14,34432900,3508.4,1,0,0,0,0,0,0,0,0,3508.8,1,0,0,0,0,0,0,0,0
399,2017-04-14,09:33:53,400,IF1704,CCFX,3508.4,3507.0,3511.8,473,497942520,27701,28054,3860.4,3158.8,3509.6,3508.6,0.0,3507.6,0,0,0,2017-04-14,34433400,3508.0,1,0,0,0,0,0,0,0,0,3508.6,2,0,0,0,0,0,0,0,0
400,2017-04-14,09:33:53,900,IF1704,CCFX,3508.4,3507.0,3511.8,473,497942520,27701,28054,3860.4,3158.8,3509.6,3508.6,0.0,3507.6,0,0,0,2017-04-14,34433900,3508.0,1,0,0,0,0,0,0,0,0,3508.2,1,0,0,0,0,0,0,0,0
401,2017-04-14,09:33:54,400,IF1704,CCFX,3508.0,3507.0,3511.8,474,498994920,27700,28054,3860.4,3158.8,3509.6,3508.6,0.0,3507.6,0,0,0,2017-04-14,34434400,3507.4,1,0,0,0,0,0,0,0,0,3508.2,1,0,0,0,0,0,0,0,0
402,2017-04-14,09:33:54,900,IF1704,CCFX,3508.0,3507.0,3511.8,474,498994920,27700,28054,3860.4,3158.8,3509.6,3508.6,0.0,3507.6,0,0,0,2017-04-14,34434900,3507.4,1,0,0,0,0,0,0,0,0,3508.2,1,0,0,0,0,0,0,0,0
403,2017-04-14,09:33:55,400,IF1704,CCFX,3508.0,3507.0,3511.8,474,498994920,27700,28054,3860.4,3158.8,3509.6,3508.6,0.0,3507.6,0,0,0,2017-04-14,34435400,3507.2,6,0,0,0,0,0,0,0,0,3508.2,1,0,0,0,0,0,0,0,0
404,2017-04-14,09:33:56,400,IF1704,CCFX,3508.2,3507.0,3511.8,476,501099840,27698,28054,3860.4,3158.8,3509.6,3508.6,0.0,3507.6,0,0,0,2017-04-14,34436400,3507.2,6,0,0,0,0,0,0,0,0,3508.6,1,0,0,0,0,0,0,0,0
405,2017-04-14,09:33:56,900,IF1704,CCFX,3508.2,3507.0,3511.8,476,501099840,27698,28054,3860.4,3158.8,3509.6,3508.6,0.0,3507.6,0,0,0,2017-04-14,34436900,3507.4,5,0,0,0,0,0,0,0,0,3508.4,3,0,0,0,0,0,0,0,0
406,2017-04-14,09:33:57,400,IF1704,CCFX,3508.2,3507.0,3511.8,476,501099840,27698,28054,3860.4,3158.8,3509.6,3508.6,0.0,3507.6,0,0,0,2017-04-14,34437400,3507.6,1,0,0,0,0,0,0,0,0,3508.4,3,0,0,0,0,0,0,0,0
407,2017-04-14,09:33:57,900,IF1704,CCFX,3507.6,3507.0,3511.8,477,502152120,27697,28054,3860.4,3158.8,3509.6,3508.6,0.0,3507.6,0,0,0,2017-04-14,34437900,3507.4,3,0,0,0,0,0,0,0,0,3508.2,5,0,0,0,0,0,0,0,0
408,2017-04-14,09:33:59,400,IF1704,CCFX,3507.4,3507.0,3511.8,478,503204340,27697,28054,3860.4,3158.8,3509.6,3508.6,0.0,3507.6,0,0,0,2017-04-14,34439400,3507.4,2,0,0,0,0,0,0,0,0,3508.0,1,0,0,0,0,0,0,0,0
409,2017-04-14,09:33:59,900,IF1704,CCFX,3507.4,3507.0,3511.8,478,503204340,27697,28054,3860.4,3158.8,3509.6,3508.6,0.0,3507.6,0,0,0,2017-04-14,34439900,3507.4,1,0,0,0,0,0,0,0,0,3507.8,8,0,0,0,0,0,0,0,0
410,2017-04-14,09:34:00,400,IF1704,CCFX,3507.4,3507.0,3511.8,478,503204340,27697,28054,3860.4,3158.8,3509.6,3508.6,0.0,3507.6,0,0,0,2017-04-14,34440400,3507.4,1,0,0,0,0,0,0,0,0,3507.6,1,0,0,0,0,0,0,0,0
411,2017-04-14,09:34:00,900,IF1704,CCFX,3507.4,3507.0,3511.8,478,503204340,27697,28054,3860.4,3158.8,3509.6,3508.6,0.0,3507.6,0,0,0,2017-04-14,34440900,3507.4,6,0,0,0,0,0,0,0,0,3507.6,1,0,0,0,0,0,0,0,0
412,2017-04-14,09:34:01,400,IF1704,CCFX,3507.4,3507.0,3511.8,478,503204340,27697,28054,3860.4,3158.8,3509.6,3508.6,0.0,3507.6,0,0,0,2017-04-14,34441400,3507.4,6,0,0,0,0,0,0,0,0,3507.6,1,0,0,0,0,0,0,0,0
413,2017-04-14,09:34:01,900,IF1704,CCFX,3507.4,3507.0,3511.8,478,503204340,27697,28054,3860.4,3158.8,3509.6,3508.6,0.0,3507.6,0,0,0,2017-04-14,34441900,3507.4,6,0,0,0,0,0,0,0,0,3507.6,2,0,0,0,0,0,0,0,0
414,2017-04-14,09:34:02,400,IF1704,CCFX,3507.6,3507.0,3511.8,480,505308900,27696,28054,3860.4,3158.8,3509.6,3508.6,0.0,3507.6,0,0,0,2017-04-14,34442400,3507.4,6,0,0,0,0,0,0,0,0,3507.8,8,0,0,0,0,0,0,0,0
415,2017-04-14,09:34:02,900,IF1704,CCFX,3507.4,3507.0,3511.8,482,507413340,27696,28054,3860.4,3158.8,3509.6,3508.6,0.0,3507.6,0,0,0,2017-04-14,34442900,3507.4,4,0,0,0,0,0,0,0,0,3507.8,7,0,0,0,0,0,0,0,0
416,2017-04-14,09:34:03,400,IF1704,CCFX,3507.4,3507.0,3511.8,483,508465560,27696,28054,3860.4,3158.8,3509.6,3508.6,0.0,3507.6,0,0,0,2017-04-14,34443400,3507.4,3,0,0,0,0,0,0,0,0,3507.8,7,0,0,0,0,0,0,0,0
417,2017-04-14,09:34:03,900,IF1704,CCFX,3507.4,3507.0,3511.8,486,511622220,27696,28054,3860.4,3158.8,3509.6,3508.6,0.0,3507.6,0,0,0,2017-04-14,34443900,3507.2,7,0,0,0,0,0,0,0,0,3507.4,1,0,0,0,0,0,0,0,0
418,2017-04-14,09:34:04,400,IF1704,CCFX,3507.2,3507.0,3511.8,489,514778760,27696,28054,3860.4,3158.8,3509.6,3508.6,0.0,3507.6,0,0,0,2017-04-14,34444400,3507.2,5,0,0,0,0,0,0,0,0,3507.8,7,0,0,0,0,0,0,0,0
419,2017-04-14,09:34:04,900,IF1704,CCFX,3507.2,3507.0,3511.8,489,514778760,27696,28054,3860.4,3158.8,3509.6,3508.6,0.0,3507.6,0,0,0,2017-04-14,34444900,3507.2,5,0,0,0,0,0,0,0,0,3507.6,1,0,0,0,0,0,0,0,0
420,2017-04-14,09:34:05,400,IF1704,CCFX,3507.2,3507.0,3511.8,489,514778760,27696,28054,3860.4,3158.8,3509.6,3508.6,0.0,3507.6,0,0,0,2017-04-14,34445400,3507.2,5,0,0,0,0,0,0,0,0,3507.6,2,0,0,0,0,0,0,0,0
421,2017-04-14,09:34:05,900,IF1704,CCFX,3507.4,3507.0,3511.8,492,517935540,27693,28054,3860.4,3158.8,3509.6,3508.6,0.0,3507.6,0,0,0,2017-04-14,34445900,3507.2,5,0,0,0,0,0,0,0,0,3507.4,4,0,0,0,0,0,0,0,0
422,2017-04-14,09:34:06,900,IF1704,CCFX,3507.4,3507.0,3511.8,495,521092140,27691,28054,3860.4,3158.8,3509.6,3508.6,0.0,3507.6,0,0,0,2017-04-14,34446900,3507.2,4,0,0,0,0,0,0,0,0,3507.4,2,0,0,0,0,0,0,0,0
423,2017-04-14,09:34:07,400,IF1704,CCFX,3507.2,3507.0,3511.8,496,522144300,27692,28054,3860.4,3158.8,3509.6,3508.6,0.0,3507.6,0,0,0,2017-04-14,34447400,3507.2,3,0,0,0,0,0,0,0,0,3507.4,2,0,0,0,0,0,0,0,0
424,2017-04-14,09:34:07,900,IF1704,CCFX,3507.2,3507.0,3511.8,499,525300780,27690,28054,3860.4,3158.8,3509.6,3508.6,0.0,3507.6,0,0,0,2017-04-14,34447900,3507.0,3,0,0,0,0,0,0,0,0,3507.2,4,0,0,0,0,0,0,0,0
425,2017-04-14,09:34:08,400,IF1704,CCFX,3507.0,3507.0,3511.8,501,527404980,27688,28054,3860.4,3158.8,3509.6,3508.6,0.0,3507.6,0,0,0,2017-04-14,34448400,3507.0,1,0,0,0,0,0,0,0,0,3507.2,4,0,0,0,0,0,0,0,0
426,2017-04-14,09:34:08,900,IF1704,CCFX,3507.0,3507.0,3511.8,502,528457080,27687,28054,3860.4,3158.8,3509.6,3508.6,0.0,3507.6,0,0,0,2017-04-14,34448900,3506.8,1,0,0,0,0,0,0,0,0,3507.0,2,0,0,0,0,0,0,0,0
427,2017-04-14,09:34:09,400,IF1704,CCFX,3506.8,3506.8,3511.8,504,530561220,27686,28054,3860.4,3158.8,3509.6,3508.6,0.0,3507.6,0,0,0,2017-04-14,34449400,3506.4,1,0,0,0,0,0,0,0,0,3507.0,1,0,0,0,0,0,0,0,0
428,2017-04-14,09:34:09,900,IF1704,CCFX,3506.8,3506.8,3511.8,504,530561220,27686,28054,3860.4,3158.8,3509.6,3508.6,0.0,3507.6,0,0,0,2017-04-14,34449900,3507.0,1,0,0,0,0,0,0,0,0,3507.2,4,0,0,0,0,0,0,0,0
429,2017-04-14,09:34:10,400,IF1704,CCFX,3506.8,3506.8,3511.8,504,530561220,27686,28054,3860.4,3158.8,3509.6,3508.6,0.0,3507.6,0,0,0,2017-04-14,34450400,3507.0,1,0,0,0,0,0,0,0,0,3507.2,4,0,0,0,0,0,0,0,0
430,2017-04-14,09:34:10,900,IF1704,CCFX,3506.8,3506.8,3511.8,504,530561220,27686,28054,3860.4,3158.8,3509.6,3508.6,0.0,3507.6,0,0,0,2017-04-14,34450900,3507.0,3,0,0,0,0,0,0,0,0,3507.2,4,0,0,0,0,0,0,0,0
431,2017-04-14,09:34:11,900,IF1704,CCFX,3507.0,3506.8,3511.8,505,531613320,27685,28054,3860.4,3158.8,3509.6,3508.6,0.0,3507.6,0,0,0,2017-04-14,34451900,3507.0,2,0,0,0,0,0,0,0,0,3507.2,4,0,0,0,0,0,0,0,0
432,2017-04-14,09:34:12,400,IF1704,CCFX,3507.0,3506.8,3511.8,506,532665420,27684,28054,3860.4,3158.8,3509.6,3508.6,0.0,3507.6,0,0,0,2017-04-14,34452400,3507.0,1,0,0,0,0,0,0,0,0,3507.2,4,0,0,0,0,0,0,0,0
433,2017-04-14,09:34:13,400,IF1704,CCFX,3507.0,3506.8,3511.8,506,532665420,27684,28054,3860.4,3158.8,3509.6,3508.6,0.0,3507.6,0,0,0,2017-04-14,34453400,3507.0,2,0,0,0,0,0,0,0,0,3507.2,4,0,0,0,0,0,0,0,0
434,2017-04-14,09:34:13,900,IF1704,CCFX,3507.0,3506.8,3511.8,509,535821780,27681,28054,3860.4,3158.8,3509.6,3508.6,0.0,3507.6,0,0,0,2017-04-14,34453900,3506.4,2,0,0,0,0,0,0,0,0,3507.2,3,0,0,0,0,0,0,0,0
435,2017-04-14,09:34:14,400,IF1704,CCFX,3507.0,3506.8,3511.8,509,535821780,27681,28054,3860.4,3158.8,3509.6,3508.6,0.0,3507.6,0,0,0,2017-04-14,34454400,3506.6,1,0,0,0,0,0,0,0,0,3507.2,3,0,0,0,0,0,0,0,0
436,2017-04-14,09:34:14,900,IF1704,CCFX,3507.0,3506.8,3511.8,510,536873880,27680,28054,3860.4,3158.8,3509.6,3508.6,0.0,3507.6,0,0,0,2017-04-14,34454900,3506.6,1,0,0,0,0,0,0,0,0,3507.2,3,0,0,0,0,0,0,0,0
437,2017-04-14,09:34:15,400,IF1704,CCFX,3507.0,3506.8,3511.8,510,536873880,27680,28054,3860.4,3158.8,3509.6,3508.6,0.0,3507.6,0,0,0,2017-04-14,34455400,3506.8,2,0,0,0,0,0,0,0,0,3507.0,4,0,0,0,0,0,0,0,0
438,2017-04-14,09:34:15,900,IF1704,CCFX,3506.8,3506.8,3511.8,515,542134320,27678,28054,3860.4,3158.8,3509.6,3508.6,0.0,3507.6,0,0,0,2017-04-14,34455900,3506.6,1,0,0,0,0,0,0,0,0,3508.6,2,0,0,0,0,0,0,0,0
439,2017-04-14,09:34:16,400,IF1704,CCFX,3506.8,3506.8,3511.8,515,542134320,27678,28054,3860.4,3158.8,3509.6,3508.6,0.0,3507.6,0,0,0,2017-04-14,34456400,3507.0,2,0,0,0,0,0,0,0,0,3508.2,2,0,0,0,0,0,0,0,0
440,2017-04-14,09:34:16,900,IF1704,CCFX,3507.0,3506.8,3511.8,516,543186420,27677,28054,3860.4,3158.8,3509.6,3508.6,0.0,3507.6,0,0,0,2017-04-14,34456900,3507.0,1,0,0,0,0,0,0,0,0,3508.0,2,0,0,0,0,0,0,0,0
441,2017-04-14,09:34:17,400,IF1704,CCFX,3507.0,3506.8,3511.8,518,545290620,27675,28054,3860.4,3158.8,3509.6,3508.6,0.0,3507.6,0,0,0,2017-04-14,34457400,3506.8,3,0,0,0,0,0,0,0,0,3508.0,1,0,0,0,0,0,0,0,0
442,2017-04-14,09:34:17,900,IF1704,CCFX,3507.0,3506.8,3511.8,518,545290620,27675,28054,3860.4,3158.8,3509.6,3508.6,0.0,3507.6,0,0,0,2017-04-14,34457900,3507.2,2,0,0,0,0,0,0,0,0,3508.0,1,0,0,0,0,0,0,0,0
443,2017-04-14,09:34:18,400,IF1704,CCFX,3508.0,3506.8,3511.8,519,546343020,27674,28054,3860.4,3158.8,3509.6,3508.6,0.0,3507.6,0,0,0,2017-04-14,34458400,3508.0,8,0,0,0,0,0,0,0,0,3508.2,2,0,0,0,0,0,0,0,0
444,2017-04-14,09:34:18,900,IF1704,CCFX,3508.2,3506.8,3511.8,521,548447940,27672,28054,3860.4,3158.8,3509.6,3508.6,0.0,3507.6,0,0,0,2017-04-14,34458900,3508.0,8,0,0,0,0,0,0,0,0,3508.6,1,0,0,0,0,0,0,0,0
445,2017-04-14,09:34:19,400,IF1704,CCFX,3508.2,3506.8,3511.8,521,548447940,27672,28054,3860.4,3158.8,3509.6,3508.6,0.0,3507.6,0,0,0,2017-04-14,34459400,3508.0,8,0,0,0,0,0,0,0,0,3508.6,1,0,0,0,0,0,0,0,0
446,2017-04-14,09:34:19,900,IF1704,CCFX,3508.2,3506.8,3511.8,521,548447940,27672,28054,3860.4,3158.8,3509.6,3508.6,0.0,3507.6,0,0,0,2017-04-14,34459900,3508.2,1,0,0,0,0,0,0,0,0,3508.6,2,0,0,0,0,0,0,0,0
447,2017-04-14,09:34:20,400,IF1704,CCFX,3508.2,3506.8,3511.8,521,548447940,27672,28054,3860.4,3158.8,3509.6,3508.6,0.0,3507.6,0,0,0,2017-04-14,34460400,3508.0,8,0,0,0,0,0,0,0,0,3508.6,2,0,0,0,0,0,0,0,0
448,2017-04-14,09:34:21,400,IF1704,CCFX,3508.2,3506.8,3511.8,521,548447940,27672,28054,3860.4,3158.8,3509.6,3508.6,0.0,3507.6,0,0,0,2017-04-14,34461400,3508.0,8,0,0,0,0,0,0,0,0,3508.6,2,0,0,0,0,0,0,0,0
449,2017-04-14,09:34:21,900,IF1704,CCFX,3508.0,3506.8,3511.8,522,549500340,27671,28054,3860.4,3158.8,3509.6,3508.6,0.0,3507.6,0,0,0,2017-04-14,34461900,3508.0,7,0,0,0,0,0,0,0,0,3508.6,2,0,0,0,0,0,0,0,0
450,2017-04-14,09:34:22,900,IF1704,CCFX,3508.0,3506.8,3511.8,522,549500340,27671,28054,3860.4,3158.8,3509.6,3508.6,0.0,3507.6,0,0,0,2017-04-14,34462900,3508.0,7,0,0,0,0,0,0,0,0,3508.6,2,0,0,0,0,0,0,0,0
451,2017-04-14,09:34:23,400,IF1704,CCFX,3508.0,3506.8,3511.8,522,549500340,27671,28054,3860.4,3158.8,3509.6,3508.6,0.0,3507.6,0,0,0,2017-04-14,34463400,3508.0,7,0,0,0,0,0,0,0,0,3508.6,2,0,0,0,0,0,0,0,0
452,2017-04-14,09:34:23,900,IF1704,CCFX,3508.0,3506.8,3511.8,523,550552740,27670,28054,3860.4,3158.8,3509.6,3508.6,0.0,3507.6,0,0,0,2017-04-14,34463900,3508.0,7,0,0,0,0,0,0,0,0,3508.6,2,0,0,0,0,0,0,0,0
453,2017-04-14,09:34:24,900,IF1704,CCFX,3508.0,3506.8,3511.8,524,551605140,27669,28054,3860.4,3158.8,3509.6,3508.6,0.0,3507.6,0,0,0,2017-04-14,34464900,3508.0,6,0,0,0,0,0,0,0,0,3508.6,2,0,0,0,0,0,0,0,0
454,2017-04-14,09:34:25,400,IF1704,CCFX,3508.0,3506.8,3511.8,524,551605140,27669,28054,3860.4,3158.8,3509.6,3508.6,0.0,3507.6,0,0,0,2017-04-14,34465400,3508.0,6,0,0,0,0,0,0,0,0,3508.4,1,0,0,0,0,0,0,0,0
455,2017-04-14,09:34:25,900,IF1704,CCFX,3508.0,3506.8,3511.8,524,551605140,27669,28054,3860.4,3158.8,3509.6,3508.6,0.0,3507.6,0,0,0,2017-04-14,34465900,3508.0,6,0,0,0,0,0,0,0,0,3508.4,1,0,0,0,0,0,0,0,0
456,2017-04-14,09:34:26,400,IF1704,CCFX,3508.4,3506.8,3511.8,527,554762460,27666,28054,3860.4,3158.8,3509.6,3508.6,0.0,3507.6,0,0,0,2017-04-14,34466400,3508.0,4,0,0,0,0,0,0,0,0,3508.6,3,0,0,0,0,0,0,0,0
457,2017-04-14,09:34:26,900,IF1704,CCFX,3508.6,3506.8,3511.8,528,555815040,27666,28054,3860.4,3158.8,3509.6,3508.6,0.0,3507.6,0,0,0,2017-04-14,34466900,3508.0,4,0,0,0,0,0,0,0,0,3508.6,2,0,0,0,0,0,0,0,0
458,2017-04-14,09:34:27,400,IF1704,CCFX,3508.6,3506.8,3511.8,528,555815040,27666,28054,3860.4,3158.8,3509.6,3508.6,0.0,3507.6,0,0,0,2017-04-14,34467400,3508.4,1,0,0,0,0,0,0,0,0,3508.6,2,0,0,0,0,0,0,0,0
459,2017-04-14,09:34:27,900,IF1704,CCFX,3508.6,3506.8,3511.8,528,555815040,27666,28054,3860.4,3158.8,3509.6,3508.6,0.0,3507.6,0,0,0,2017-04-14,34467900,3508.0,4,0,0,0,0,0,0,0,0,3508.6,2,0,0,0,0,0,0,0,0
460,2017-04-14,09:34:28,400,IF1704,CCFX,3508.6,3506.8,3511.8,528,555815040,27666,28054,3860.4,3158.8,3509.6,3508.6,0.0,3507.6,0,0,0,2017-04-14,34468400,3508.0,4,0,0,0,0,0,0,0,0,3508.6,2,0,0,0,0,0,0,0,0
461,2017-04-14,09:34:28,900,IF1704,CCFX,3508.6,3506.8,3511.8,528,555815040,27666,28054,3860.4,3158.8,3509.6,3508.6,0.0,3507.6,0,0,0,2017-04-14,34468900,3508.0,4,0,0,0,0,0,0,0,0,3508.6,2,0,0,0,0,0,0,0,0
462,2017-04-14,09:34:29,400,IF1704,CCFX,3508.4,3506.8,3511.8,529,556867560,27665,28054,3860.4,3158.8,3509.6,3508.6,0.0,3507.6,0,0,0,2017-04-14,34469400,3508.0,4,0,0,0,0,0,0,0,0,3508.4,1,0,0,0,0,0,0,0,0
463,2017-04-14,09:34:29,900,IF1704,CCFX,3508.4,3506.8,3511.8,529,556867560,27665,28054,3860.4,3158.8,3509.6,3508.6,0.0,3507.6,0,0,0,2017-04-14,34469900,3508.0,4,0,0,0,0,0,0,0,0,3508.4,1,0,0,0,0,0,0,0,0
464,2017-04-14,09:34:30,400,IF1704,CCFX,3508.0,3506.8,3511.8,530,557919960,27665,28054,3860.4,3158.8,3509.6,3508.6,0.0,3507.6,0,0,0,2017-04-14,34470400,3508.0,3,0,0,0,0,0,0,0,0,3508.4,1,0,0,0,0,0,0,0,0
465,2017-04-14,09:34:32,400,IF1704,CCFX,3508.0,3506.8,3511.8,531,558972360,27665,28054,3860.4,3158.8,3509.6,3508.6,0.0,3507.6,0,0,0,2017-04-14,34472400,3508.0,2,0,0,0,0,0,0,0,0,3508.4,1,0,0,0,0,0,0,0,0
466,2017-04-14,09:34:33,400,IF1704,CCFX,3508.0,3506.8,3511.8,531,558972360,27665,28054,3860.4,3158.8,3509.6,3508.6,0.0,3507.6,0,0,0,2017-04-14,34473400,3508.0,2,0,0,0,0,0,0,0,0,3508.4,1,0,0,0,0,0,0,0,0
467,2017-04-14,09:34:35,400,IF1704,CCFX,3508.0,3506.8,3511.8,532,560024760,27665,28054,3860.4,3158.8,3509.6,3508.6,0.0,3507.6,0,0,0,2017-04-14,34475400,3508.0,1,0,0,0,0,0,0,0,0,3508.4,1,0,0,0,0,0,0,0,0
468,2017-04-14,09:34:35,900,IF1704,CCFX,3508.0,3506.8,3511.8,534,562129560,27666,28054,3860.4,3158.8,3509.6,3508.6,0.0,3507.6,0,0,0,2017-04-14,34475900,3508.0,4,0,0,0,0,0,0,0,0,3508.4,1,0,0,0,0,0,0,0,0
469,2017-04-14,09:34:37,400,IF1704,CCFX,3508.0,3506.8,3511.8,535,563181960,27667,28054,3860.4,3158.8,3509.6,3508.6,0.0,3507.6,0,0,0,2017-04-14,34477400,3508.0,3,0,0,0,0,0,0,0,0,3508.4,1,0,0,0,0,0,0,0,0
470,2017-04-14,09:34:37,900,IF1704,CCFX,3508.0,3506.8,3511.8,537,565286760,27667,28054,3860.4,3158.8,3509.6,3508.6,0.0,3507.6,0,0,0,2017-04-14,34477900,3508.0,1,0,0,0,0,0,0,0,0,3508.4,1,0,0,0,0,0,0,0,0
471,2017-04-14,09:34:38,400,IF1704,CCFX,3507.4,3506.8,3511.8,539,567391380,27666,28054,3860.4,3158.8,3509.6,3508.6,0.0,3507.6,0,0,0,2017-04-14,34478400,3507.2,2,0,0,0,0,0,0,0,0,3508.4,1,0,0,0,0,0,0,0,0
472,2017-04-14,09:34:38,900,IF1704,CCFX,3507.4,3506.8,3511.8,539,567391380,27666,28054,3860.4,3158.8,3509.6,3508.6,0.0,3507.6,0,0,0,2017-04-14,34478900,3507.8,2,0,0,0,0,0,0,0,0,3508.2,1,0,0,0,0,0,0,0,0
473,2017-04-14,09:34:39,400,IF1704,CCFX,3507.4,3506.8,3511.8,539,567391380,27666,28054,3860.4,3158.8,3509.6,3508.6,0.0,3507.6,0,0,0,2017-04-14,34479400,3507.2,2,0,0,0,0,0,0,0,0,3508.2,1,0,0,0,0,0,0,0,0
474,2017-04-14,09:34:39,900,IF1704,CCFX,3507.4,3506.8,3511.8,539,567391380,27666,28054,3860.4,3158.8,3509.6,3508.6,0.0,3507.6,0,0,0,2017-04-14,34479900,3507.8,1,0,0,0,0,0,0,0,0,3508.0,3,0,0,0,0,0,0,0,0
475,2017-04-14,09:34:40,400,IF1704,CCFX,3507.4,3506.8,3511.8,539,567391380,27666,28054,3860.4,3158.8,3509.6,3508.6,0.0,3507.6,0,0,0,2017-04-14,34480400,3507.8,1,0,0,0,0,0,0,0,0,3508.0,4,0,0,0,0,0,0,0,0
476,2017-04-14,09:34:40,900,IF1704,CCFX,3507.8,3506.8,3511.8,540,568443720,27666,28054,3860.4,3158.8,3509.6,3508.6,0.0,3507.6,0,0,0,2017-04-14,34480900,3507.2,2,0,0,0,0,0,0,0,0,3507.8,1,0,0,0,0,0,0,0,0
477,2017-04-14,09:34:41,400,IF1704,CCFX,3508.0,3506.8,3511.8,542,570548460,27664,28054,3860.4,3158.8,3509.6,3508.6,0.0,3507.6,0,0,0,2017-04-14,34481400,3507.2,2,0,0,0,0,0,0,0,0,3508.0,3,0,0,0,0,0,0,0,0
478,2017-04-14,09:34:41,900,IF1704,CCFX,3508.0,3506.8,3511.8,544,572653260,27662,28054,3860.4,3158.8,3509.6,3508.6,0.0,3507.6,0,0,0,2017-04-14,34481900,3507.2,2,0,0,0,0,0,0,0,0,3508.0,1,0,0,0,0,0,0,0,0
479,2017-04-14,09:34:42,400,IF1704,CCFX,3508.6,3506.8,3511.8,548,576863340,27659,28054,3860.4,3158.8,3509.6,3508.6,0.0,3507.6,0,0,0,2017-04-14,34482400,3508.0,1,0,0,0,0,0,0,0,0,3508.6,1,0,0,0,0,0,0,0,0
480,2017-04-14,09:34:42,900,IF1704,CCFX,3508.6,3506.8,3511.8,548,576863340,27659,28054,3860.4,3158.8,3509.6,3508.6,0.0,3507.6,0,0,0,2017-04-14,34482900,3508.0,1,0,0,0,0,0,0,0,0,3508.6,2,0,0,0,0,0,0,0,0
481,2017-04-14,09:34:43,400,IF1704,CCFX,3508.0,3506.8,3511.8,549,577915740,27659,28054,3860.4,3158.8,3509.6,3508.6,0.0,3507.6,0,0,0,2017-04-14,34483400,3507.6,1,0,0,0,0,0,0,0,0,3508.6,2,0,0,0,0,0,0,0,0
482,2017-04-14,09:34:44,900,IF1704,CCFX,3508.0,3506.8,3511.8,549,577915740,27659,28054,3860.4,3158.8,3509.6,3508.6,0.0,3507.6,0,0,0,2017-04-14,34484900,3507.6,1,0,0,0,0,0,0,0,0,3508.4,2,0,0,0,0,0,0,0,0
483,2017-04-14,09:34:45,400,IF1704,CCFX,3507.8,3506.8,3511.8,550,578968080,27659,28054,3860.4,3158.8,3509.6,3508.6,0.0,3507.6,0,0,0,2017-04-14,34485400,3507.2,2,0,0,0,0,0,0,0,0,3508.4,2,0,0,0,0,0,0,0,0
484,2017-04-14,09:34:45,900,IF1704,CCFX,3507.8,3506.8,3511.8,550,578968080,27659,28054,3860.4,3158.8,3509.6,3508.6,0.0,3507.6,0,0,0,2017-04-14,34485900,3507.2,2,0,0,0,0,0,0,0,0,3507.6,1,0,0,0,0,0,0,0,0
485,2017-04-14,09:34:46,400,IF1704,CCFX,3507.8,3506.8,3511.8,550,578968080,27659,28054,3860.4,3158.8,3509.6,3508.6,0.0,3507.6,0,0,0,2017-04-14,34486400,3507.4,1,0,0,0,0,0,0,0,0,3507.6,1,0,0,0,0,0,0,0,0
486,2017-04-14,09:34:46,900,IF1704,CCFX,3507.8,3506.8,3511.8,551,580020420,27660,28054,3860.4,3158.8,3509.6,3508.6,0.0,3507.6,0,0,0,2017-04-14,34486900,3507.6,1,0,0,0,0,0,0,0,0,3508.4,2,0,0,0,0,0,0,0,0
487,2017-04-14,09:34:48,400,IF1704,CCFX,3507.6,3506.8,3511.8,552,581072700,27660,28054,3860.4,3158.8,3509.6,3508.6,0.0,3507.6,0,0,0,2017-04-14,34488400,3507.2,2,0,0,0,0,0,0,0,0,3508.0,1,0,0,0,0,0,0,0,0
488,2017-04-14,09:34:48,900,IF1704,CCFX,3507.6,3506.8,3511.8,552,581072700,27660,28054,3860.4,3158.8,3509.6,3508.6,0.0,3507.6,0,0,0,2017-04-14,34488900,3507.4,1,0,0,0,0,0,0,0,0,3508.0,1,0,0,0,0,0,0,0,0
489,2017-04-14,09:34:49,400,IF1704,CCFX,3507.6,3506.8,3511.8,552,581072700,27660,28054,3860.4,3158.8,3509.6,3508.6,0.0,3507.6,0,0,0,2017-04-14,34489400,3507.4,1,0,0,0,0,0,0,0,0,3508.0,1,0,0,0,0,0,0,0,0
490,2017-04-14,09:34:50,900,IF1704,CCFX,3507.4,3506.8,3511.8,554,583177320,27659,28054,3860.4,3158.8,3509.6,3508.6,0.0,3507.6,0,0,0,2017-04-14,34490900,3507.2,2,0,0,0,0,0,0,0,0,3508.2,3,0,0,0,0,0,0,0,0
491,2017-04-14,09:34:51,900,IF1704,CCFX,3507.4,3506.8,3511.8,554,583177320,27659,28054,3860.4,3158.8,3509.6,3508.6,0.0,3507.6,0,0,0,2017-04-14,34491900,3507.2,2,0,0,0,0,0,0,0,0,3508.2,4,0,0,0,0,0,0,0,0
492,2017-04-14,09:34:52,900,IF1704,CCFX,3507.4,3506.8,3511.8,554,583177320,27659,28054,3860.4,3158.8,3509.6,3508.6,0.0,3507.6,0,0,0,2017-04-14,34492900,3507.2,2,0,0,0,0,0,0,0,0,3508.2,4,0,0,0,0,0,0,0,0
