,dataDate,dataTime,dataMillisec,instrumentID,exchangeCD,lastPrice,lowPrice,highPrice,volume,value,openInterest,preOpenInterest,upperLimitPrice,lowerLimitPrice,preSettlementPrice,prevClosePrice,settlementPrice,openPrice,closePrice,preDelta,currDelta,clearingDay,milliSecOffset,bidPrice1,bidVolume1,bidPrice2,bidVolume2,bidPrice3,bidVolume3,bidPrice4,bidVolume4,bidPrice5,bidVolume5,askPrice1,askVolume1,askPrice2,askVolume2,askPrice3,askVolume3,askPrice4,askVolume4,askPrice5,askVolume5
0,2017-04-14,00:00:00,0,IH1704,CCFX,2367.4,0.0,0.0,0,0,16149,16149,0.0,0.0,2368,2367.4,0.0,0.0,0.0,0,0,2017-04-14,0,0.0,0,0,0,0,0,0,0,0,0,0.0,0,0,0,0,0,0,0,0,0
1,2017-04-14,07:02:46,400,IH1704,CCFX,2367.4,0.0,0.0,0,0,16149,16149,2604.8,2131.2,2368,2367.4,0.0,0.0,0.0,0,0,2017-04-14,25366400,0.0,0,0,0,0,0,0,0,0,0,0.0,0,0,0,0,0,0,0,0,0
2,2017-04-14,09:29:00,400,IH1704,CCFX,2369.2,2369.2,2369.2,34,24165840,16134,16149,2604.8,2131.2,2368,2367.4,0.0,2369.2,0.0,0,0,2017-04-14,34140400,2368.2,1,0,0,0,0,0,0,0,0,2369.2,3,0,0,0,0,0,0,0,0
3,2017-04-14,09:30:00,400,IH1704,CCFX,2367.2,2367.2,2369.2,37,26296620,16131,16149,2604.8,2131.2,2368,2367.4,0.0,2369.2,0.0,0,0,2017-04-14,34200400,2367.0,1,0,0,0,0,0,0,0,0,2367.2,1,0,0,0,0,0,0,0,0
4,2017-04-14,09:30:00,900,IH1704,CCFX,2367.0,2367.0,2369.2,38,27006720,16131,16149,2604.8,2131.2,2368,2367.4,0.0,2369.2,0.0,0,0,2017-04-14,34200900,2366.2,1,0,0,0,0,0,0,0,0,2367.2,2,0,0,0,0,0,0,0,0
5,2017-04-14,09:30:01,400,IH1704,CCFX,2366.2,2366.2,2369.2,42,29846820,16127,16149,2604.8,2131.2,2368,2367.4,0.0,2369.2,0.0,0,0,2017-04-14,34201400,2366.0,2,0,0,0,0,0,0,0,0,2367.0,1,0,0,0,0,0,0,0,0
6,2017-04-14,09:30:01,900,IH1704,CCFX,2366.2,2366.2,2369.2,42,29846820,16127,16149,2604.8,2131.2,2368,2367.4,0.0,2369.2,0.0,0,0,2017-04-14,34201900,2366.0,2,0,0,0,0,0,0,0,0,2367.0,1,0,0,0,0,0,0,0,0
7,2017-04-14,09:30:02,400,IH1704,CCFX,2366.2,2366.2,2369.2,42,29846820,16127,16149,2604.8,2131.2,2368,2367.4,0.0,2369.2,0.0,0,0,2017-04-14,34202400,2366.2,1,0,0,0,0,0,0,0,0,2367.0,1,0,0,0,0,0,0,0,0
8,2017-04-14,09:30:02,900,IH1704,CCFX,2366.2,2366.2,2369.2,43,30556680,16126,16149,2604.8,2131.2,2368,2367.4,0.0,2369.2,0.0,0,0,2017-04-14,34202900,2366.0,2,0,0,0,0,0,0,0,0,2367.0,1,0,0,0,0,0,0,0,0
9,2017-04-14,09:30:03,400,IH1704,CCFX,2366.2,2366.2,2369.2,43,30556680,16126,16149,2604.8,2131.2,2368,2367.4,0.0,2369.2,0.0,0,0,2017-04-14,34203400,2366.0,2,0,0,0,0,0,0,0,0,2367.0,1,0,0,0,0,0,0,0,0
10,2017-04-14,09:30:03,900,IH1704,CCFX,2366.0,2366.0,2369.2,47,33395880,16125,16149,2604.8,2131.2,2368,2367.4,0.0,2369.2,0.0,0,0,2017-04-14,34203900,2365.4,1,0,0,0,0,0,0,0,0,2367.0,1,0,0,0,0,0,0,0,0
11,2017-04-14,09:30:04,400,IH1704,CCFX,2366.0,2365.2,2369.2,53,37653960,16121,16149,2604.8,2131.2,2368,2367.4,0.0,2369.2,0.0,0,0,2017-04-14,34204400,2365.2,1,0,0,0,0,0,0,0,0,2366.6,1,0,0,0,0,0,0,0,0
12,2017-04-14,09:30:04,900,IH1704,CCFX,2366.4,2365.0,2369.2,60,42621660,16118,16149,2604.8,2131.2,2368,2367.4,0.0,2369.2,0.0,0,0,2017-04-14,34204900,2364.8,1,0,0,0,0,0,0,0,0,2366.8,1,0,0,0,0,0,0,0,0
13,2017-04-14,09:30:05,400,IH1704,CCFX,2366.4,2365.0,2369.2,60,42621660,16118,16149,2604.8,2131.2,2368,2367.4,0.0,2369.2,0.0,0,0,2017-04-14,34205400,2365.0,2,0,0,0,0,0,0,0,0,2366.4,1,0,0,0,0,0,0,0,0
14,2017-04-14,09:30:05,900,IH1704,CCFX,2366.4,2365.0,2369.2,60,42621660,16118,16149,2604.8,2131.2,2368,2367.4,0.0,2369.2,0.0,0,0,2017-04-14,34205900,2366.2,1,0,0,0,0,0,0,0,0,2367.0,1,0,0,0,0,0,0,0,0
15,2017-04-14,09:30:06,400,IH1704,CCFX,2366.4,2365.0,2369.2,60,42621660,16118,16149,2604.8,2131.2,2368,2367.4,0.0,2369.2,0.0,0,0,2017-04-14,34206400,2366.2,1,0,0,0,0,0,0,0,0,2367.0,1,0,0,0,0,0,0,0,0
16,2017-04-14,09:30:06,900,IH1704,CCFX,2366.4,2365.0,2369.2,60,42621660,16118,16149,2604.8,2131.2,2368,2367.4,0.0,2369.2,0.0,0,0,2017-04-14,34206900,2366.2,1,0,0,0,0,0,0,0,0,2367.0,1,0,0,0,0,0,0,0,0
17,2017-04-14,09:30:07,400,IH1704,CCFX,2367.0,2365.0,2369.2,61,43331760,16118,16149,2604.8,2131.2,2368,2367.4,0.0,2369.2,0.0,0,0,2017-04-14,34207400,2366.2,1,0,0,0,0,0,0,0,0,2367.0,1,0,0,0,0,0,0,0,0
18,2017-04-14,09:30:07,900,IH1704,CCFX,2367.0,2365.0,2369.2,61,43331760,16118,16149,2604.8,2131.2,2368,2367.4,0.0,2369.2,0.0,0,0,2017-04-14,34207900,2366.2,1,0,0,0,0,0,0,0,0,2367.0,1,0,0,0,0,0,0,0,0
19,2017-04-14,09:30:08,400,IH1704,CCFX,2366.2,2365.0,2369.2,63,44751720,16116,16149,2604.8,2131.2,2368,2367.4,0.0,2369.2,0.0,0,0,2017-04-14,34208400,2365.2,2,0,0,0,0,0,0,0,0,2366.0,1,0,0,0,0,0,0,0,0
20,2017-04-14,09:30:08,900,IH1704,CCFX,2366.2,2365.0,2369.2,63,44751720,16116,16149,2604.8,2131.2,2368,2367.4,0.0,2369.2,0.0,0,0,2017-04-14,34208900,2365.4,5,0,0,0,0,0,0,0,0,2366.0,1,0,0,0,0,0,0,0,0
21,2017-04-14,09:30:09,400,IH1704,CCFX,2366.2,2365.0,2369.2,63,44751720,16116,16149,2604.8,2131.2,2368,2367.4,0.0,2369.2,0.0,0,0,2017-04-14,34209400,2365.6,1,0,0,0,0,0,0,0,0,2366.0,1,0,0,0,0,0,0,0,0
22,2017-04-14,09:30:09,900,IH1704,CCFX,2366.2,2365.0,2369.2,64,45461580,16115,16149,2604.8,2131.2,2368,2367.4,0.0,2369.2,0.0,0,0,2017-04-14,34209900,2366.0,1,0,0,0,0,0,0,0,0,2367.6,1,0,0,0,0,0,0,0,0
23,2017-04-14,09:30:10,400,IH1704,CCFX,2366.2,2365.0,2369.2,64,45461580,16115,16149,2604.8,2131.2,2368,2367.4,0.0,2369.2,0.0,0,0,2017-04-14,34210400,2366.2,2,0,0,0,0,0,0,0,0,2367.4,2,0,0,0,0,0,0,0,0
24,2017-04-14,09:30:10,900,IH1704,CCFX,2366.2,2365.0,2369.2,64,45461580,16115,16149,2604.8,2131.2,2368,2367.4,0.0,2369.2,0.0,0,0,2017-04-14,34210900,2366.2,3,0,0,0,0,0,0,0,0,2367.4,3,0,0,0,0,0,0,0,0
25,2017-04-14,09:30:11,400,IH1704,CCFX,2366.2,2365.0,2369.2,64,45461580,16115,16149,2604.8,2131.2,2368,2367.4,0.0,2369.2,0.0,0,0,2017-04-14,34211400,2366.2,2,0,0,0,0,0,0,0,0,2367.2,1,0,0,0,0,0,0,0,0
26,2017-04-14,09:30:11,900,IH1704,CCFX,2366.2,2365.0,2369.2,64,45461580,16115,16149,2604.8,2131.2,2368,2367.4,0.0,2369.2,0.0,0,0,2017-04-14,34211900,2366.2,1,0,0,0,0,0,0,0,0,2367.2,1,0,0,0,0,0,0,0,0
27,2017-04-14,09:30:13,900,IH1704,CCFX,2366.2,2365.0,2369.2,64,45461580,16115,16149,2604.8,2131.2,2368,2367.4,0.0,2369.2,0.0,0,0,2017-04-14,34213900,2366.2,1,0,0,0,0,0,0,0,0,2367.2,1,0,0,0,0,0,0,0,0
28,2017-04-14,09:30:14,400,IH1704,CCFX,2366.2,2365.0,2369.2,64,45461580,16115,16149,2604.8,2131.2,2368,2367.4,0.0,2369.2,0.0,0,0,2017-04-14,34214400,2365.8,1,0,0,0,0,0,0,0,0,2367.2,1,0,0,0,0,0,0,0,0
29,2017-04-14,09:30:14,900,IH1704,CCFX,2366.2,2365.0,2369.2,64,45461580,16115,16149,2604.8,2131.2,2368,2367.4,0.0,2369.2,0.0,0,0,2017-04-14,34214900,2366.0,1,0,0,0,0,0,0,0,0,2367.2,1,0,0,0,0,0,0,0,0
30,2017-04-14,09:30:15,400,IH1704,CCFX,2366.2,2365.0,2369.2,64,45461580,16115,16149,2604.8,2131.2,2368,2367.4,0.0,2369.2,0.0,0,0,2017-04-14,34215400,2366.0,3,0,0,0,0,0,0,0,0,2367.2,1,0,0,0,0,0,0,0,0
31,2017-04-14,09:30:15,900,IH1704,CCFX,2367.2,2365.0,2369.2,65,46171740,16114,16149,2604.8,2131.2,2368,2367.4,0.0,2369.2,0.0,0,0,2017-04-14,34215900,2366.2,1,0,0,0,0,0,0,0,0,2367.8,4,0,0,0,0,0,0,0,0
32,2017-04-14,09:30:16,400,IH1704,CCFX,2367.2,2365.0,2369.2,65,46171740,16114,16149,2604.8,2131.2,2368,2367.4,0.0,2369.2,0.0,0,0,2017-04-14,34216400,2366.2,1,0,0,0,0,0,0,0,0,2367.6,2,0,0,0,0,0,0,0,0
33,2017-04-14,09:30:16,900,IH1704,CCFX,2367.2,2365.0,2369.2,65,46171740,16114,16149,2604.8,2131.2,2368,2367.4,0.0,2369.2,0.0,0,0,2017-04-14,34216900,2366.2,1,0,0,0,0,0,0,0,0,2367.4,1,0,0,0,0,0,0,0,0
34,2017-04-14,09:30:17,400,IH1704,CCFX,2367.2,2365.0,2369.2,65,46171740,16114,16149,2604.8,2131.2,2368,2367.4,0.0,2369.2,0.0,0,0,2017-04-14,34217400,2366.2,1,0,0,0,0,0,0,0,0,2367.2,1,0,0,0,0,0,0,0,0
35,2017-04-14,09:30:17,900,IH1704,CCFX,2367.2,2365.0,2369.2,65,46171740,16114,16149,2604.8,2131.2,2368,2367.4,0.0,2369.2,0.0,0,0,2017-04-14,34217900,2366.2,1,0,0,0,0,0,0,0,0,2367.0,1,0,0,0,0,0,0,0,0
36,2017-04-14,09:30:18,400,IH1704,CCFX,2367.2,2365.0,2369.2,66,46881900,16113,16149,2604.8,2131.2,2368,2367.4,0.0,2369.2,0.0,0,0,2017-04-14,34218400,2366.2,1,0,0,0,0,0,0,0,0,2367.0,1,0,0,0,0,0,0,0,0
37,2017-04-14,09:30:18,900,IH1704,CCFX,2367.2,2365.0,2369.2,67,47592060,16112,16149,2604.8,2131.2,2368,2367.4,0.0,2369.2,0.0,0,0,2017-04-14,34218900,2366.2,1,0,0,0,0,0,0,0,0,2367.2,1,0,0,0,0,0,0,0,0
38,2017-04-14,09:30:19,400,IH1704,CCFX,2367.2,2365.0,2369.2,68,48302220,16112,16149,2604.8,2131.2,2368,2367.4,0.0,2369.2,0.0,0,0,2017-04-14,34219400,2366.4,2,0,0,0,0,0,0,0,0,2367.2,3,0,0,0,0,0,0,0,0
39,2017-04-14,09:30:19,900,IH1704,CCFX,2367.2,2365.0,2369.2,68,48302220,16112,16149,2604.8,2131.2,2368,2367.4,0.0,2369.2,0.0,0,0,2017-04-14,34219900,2366.4,2,0,0,0,0,0,0,0,0,2367.0,1,0,0,0,0,0,0,0,0
40,2017-04-14,09:30:20,400,IH1704,CCFX,2367.2,2365.0,2369.2,68,48302220,16112,16149,2604.8,2131.2,2368,2367.4,0.0,2369.2,0.0,0,0,2017-04-14,34220400,2366.4,2,0,0,0,0,0,0,0,0,2367.0,1,0,0,0,0,0,0,0,0
41,2017-04-14,09:30:20,900,IH1704,CCFX,2367.2,2365.0,2369.2,68,48302220,16112,16149,2604.8,2131.2,2368,2367.4,0.0,2369.2,0.0,0,0,2017-04-14,34220900,2366.4,2,0,0,0,0,0,0,0,0,2367.0,1,0,0,0,0,0,0,0,0
42,2017-04-14,09:30:21,400,IH1704,CCFX,2367.2,2365.0,2369.2,71,50432700,16111,16149,2604.8,2131.2,2368,2367.4,0.0,2369.2,0.0,0,0,2017-04-14,34221400,2366.4,2,0,0,0,0,0,0,0,0,2367.2,1,0,0,0,0,0,0,0,0
43,2017-04-14,09:30:21,900,IH1704,CCFX,2367.2,2365.0,2369.2,71,50432700,16111,16149,2604.8,2131.2,2368,2367.4,0.0,2369.2,0.0,0,0,2017-04-14,34221900,2367.0,1,0,0,0,0,0,0,0,0,2367.2,1,0,0,0,0,0,0,0,0
44,2017-04-14,09:30:22,400,IH1704,CCFX,2367.0,2365.0,2369.2,72,51142800,16110,16149,2604.8,2131.2,2368,2367.4,0.0,2369.2,0.0,0,0,2017-04-14,34222400,2367.0,1,0,0,0,0,0,0,0,0,2367.2,1,0,0,0,0,0,0,0,0
45,2017-04-14,09:30:22,900,IH1704,CCFX,2367.2,2365.0,2369.2,73,51852960,16109,16149,2604.8,2131.2,2368,2367.4,0.0,2369.2,0.0,0,0,2017-04-14,34222900,2367.0,1,0,0,0,0,0,0,0,0,2367.4,1,0,0,0,0,0,0,0,0
46,2017-04-14,09:30:23,400,IH1704,CCFX,2367.4,2365.0,2369.2,74,52563180,16108,16149,2604.8,2131.2,2368,2367.4,0.0,2369.2,0.0,0,0,2017-04-14,34223400,2367.4,1,0,0,0,0,0,0,0,0,2367.8,2,0,0,0,0,0,0,0,0
47,2017-04-14,09:30:23,900,IH1704,CCFX,2367.6,2365.0,2369.2,76,53983680,16106,16149,2604.8,2131.2,2368,2367.4,0.0,2369.2,0.0,0,0,2017-04-14,34223900,2367.0,1,0,0,0,0,0,0,0,0,2367.6,1,0,0,0,0,0,0,0,0
48,2017-04-14,09:30:24,400,IH1704,CCFX,2367.6,2365.0,2369.2,76,53983680,16106,16149,2604.8,2131.2,2368,2367.4,0.0,2369.2,0.0,0,0,2017-04-14,34224400,2367.0,1,0,0,0,0,0,0,0,0,2367.6,1,0,0,0,0,0,0,0,0
49,2017-04-14,09:30:24,900,IH1704,CCFX,2367.6,2365.0,2369.2,76,53983680,16106,16149,2604.8,2131.2,2368,2367.4,0.0,2369.2,0.0,0,0,2017-04-14,34224900,2367.2,1,0,0,0,0,0,0,0,0,2367.6,1,0,0,0,0,0,0,0,0
50,2017-04-14,09:30:25,400,IH1704,CCFX,2367.6,2365.0,2369.2,77,54693960,16105,16149,2604.8,2131.2,2368,2367.4,0.0,2369.2,0.0,0,0,2017-04-14,34225400,2367.2,1,0,0,0,0,0,0,0,0,2367.8,2,0,0,0,0,0,0,0,0
51,2017-04-14,09:30:25,900,IH1704,CCFX,2367.6,2365.0,2369.2,77,54693960,16105,16149,2604.8,2131.2,2368,2367.4,0.0,2369.2,0.0,0,0,2017-04-14,34225900,2367.4,1,0,0,0,0,0,0,0,0,2367.8,2,0,0,0,0,0,0,0,0
52,2017-04-14,09:30:26,400,IH1704,CCFX,2367.6,2365.0,2369.2,79,56114580,16104,16149,2604.8,2131.2,2368,2367.4,0.0,2369.2,0.0,0,0,2017-04-14,34226400,2367.4,3,0,0,0,0,0,0,0,0,2367.8,1,0,0,0,0,0,0,0,0
53,2017-04-14,09:30:26,900,IH1704,CCFX,2367.8,2365.0,2369.2,80,56824920,16103,16149,2604.8,2131.2,2368,2367.4,0.0,2369.2,0.0,0,0,2017-04-14,34226900,2367.6,2,0,0,0,0,0,0,0,0,2368.2,2,0,0,0,0,0,0,0,0
54,2017-04-14,09:30:27,400,IH1704,CCFX,2367.8,2365.0,2369.2,80,56824920,16103,16149,2604.8,2131.2,2368,2367.4,0.0,2369.2,0.0,0,0,2017-04-14,34227400,2368.0,1,0,0,0,0,0,0,0,0,2368.2,2,0,0,0,0,0,0,0,0
55,2017-04-14,09:30:27,900,IH1704,CCFX,2368.2,2365.0,2369.2,82,58245840,16101,16149,2604.8,2131.2,2368,2367.4,0.0,2369.2,0.0,0,0,2017-04-14,34227900,2368.2,1,0,0,0,0,0,0,0,0,2368.8,2,0,0,0,0,0,0,0,0
56,2017-04-14,09:30:28,400,IH1704,CCFX,2368.0,2365.0,2369.2,84,59666700,16099,16149,2604.8,2131.2,2368,2367.4,0.0,2369.2,0.0,0,0,2017-04-14,34228400,2367.6,2,0,0,0,0,0,0,0,0,2368.6,1,0,0,0,0,0,0,0,0
57,2017-04-14,09:30:28,900,IH1704,CCFX,2368.6,2365.0,2369.2,85,60377280,16098,16149,2604.8,2131.2,2368,2367.4,0.0,2369.2,0.0,0,0,2017-04-14,34228900,2367.6,2,0,0,0,0,0,0,0,0,2368.8,2,0,0,0,0,0,0,0,0
58,2017-04-14,09:30:29,400,IH1704,CCFX,2368.6,2365.0,2369.2,85,60377280,16098,16149,2604.8,2131.2,2368,2367.4,0.0,2369.2,0.0,0,0,2017-04-14,34229400,2368.2,1,0,0,0,0,0,0,0,0,2368.6,1,0,0,0,0,0,0,0,0
59,2017-04-14,09:30:29,900,IH1704,CCFX,2368.2,2365.0,2369.2,86,61087740,16097,16149,2604.8,2131.2,2368,2367.4,0.0,2369.2,0.0,0,0,2017-04-14,34229900,2367.6,2,0,0,0,0,0,0,0,0,2368.8,2,0,0,0,0,0,0,0,0
60,2017-04-14,09:30:30,400,IH1704,CCFX,2368.2,2365.0,2369.2,86,61087740,16097,16149,2604.8,2131.2,2368,2367.4,0.0,2369.2,0.0,0,0,2017-04-14,34230400,2367.6,2,0,0,0,0,0,0,0,0,2368.6,1,0,0,0,0,0,0,0,0
61,2017-04-14,09:30:30,900,IH1704,CCFX,2368.2,2365.0,2369.2,86,61087740,16097,16149,2604.8,2131.2,2368,2367.4,0.0,2369.2,0.0,0,0,2017-04-14,34230900,2367.6,2,0,0,0,0,0,0,0,0,2368.6,1,0,0,0,0,0,0,0,0
62,2017-04-14,09:30:31,900,IH1704,CCFX,2368.2,2365.0,2369.2,86,61087740,16097,16149,2604.8,2131.2,2368,2367.4,0.0,2369.2,0.0,0,0,2017-04-14,34231900,2367.4,1,0,0,0,0,0,0,0,0,2368.6,1,0,0,0,0,0,0,0,0
63,2017-04-14,09:30:32,400,IH1704,CCFX,2368.2,2365.0,2369.2,86,61087740,16097,16149,2604.8,2131.2,2368,2367.4,0.0,2369.2,0.0,0,0,2017-04-14,34232400,2366.6,1,0,0,0,0,0,0,0,0,2368.6,1,0,0,0,0,0,0,0,0
64,2017-04-14,09:30:32,900,IH1704,CCFX,2368.2,2365.0,2369.2,86,61087740,16097,16149,2604.8,2131.2,2368,2367.4,0.0,2369.2,0.0,0,0,2017-04-14,34232900,2367.0,1,0,0,0,0,0,0,0,0,2368.2,1,0,0,0,0,0,0,0,0
65,2017-04-14,09:30:33,400,IH1704,CCFX,2368.2,2365.0,2369.2,86,61087740,16097,16149,2604.8,2131.2,2368,2367.4,0.0,2369.2,0.0,0,0,2017-04-14,34233400,2367.2,2,0,0,0,0,0,0,0,0,2368.2,1,0,0,0,0,0,0,0,0
66,2017-04-14,09:30:33,900,IH1704,CCFX,2368.2,2365.0,2369.2,87,61798200,16096,16149,2604.8,2131.2,2368,2367.4,0.0,2369.2,0.0,0,0,2017-04-14,34233900,2367.2,3,0,0,0,0,0,0,0,0,2368.8,2,0,0,0,0,0,0,0,0
67,2017-04-14,09:30:34,400,IH1704,CCFX,2368.2,2365.0,2369.2,87,61798200,16096,16149,2604.8,2131.2,2368,2367.4,0.0,2369.2,0.0,0,0,2017-04-14,34234400,2368.2,1,0,0,0,0,0,0,0,0,2368.8,2,0,0,0,0,0,0,0,0
68,2017-04-14,09:30:34,900,IH1704,CCFX,2368.2,2365.0,2369.2,88,62508660,16095,16149,2604.8,2131.2,2368,2367.4,0.0,2369.2,0.0,0,0,2017-04-14,34234900,2367.4,2,0,0,0,0,0,0,0,0,2368.6,1,0,0,0,0,0,0,0,0
69,2017-04-14,09:30:35,400,IH1704,CCFX,2368.2,2365.0,2369.2,88,62508660,16095,16149,2604.8,2131.2,2368,2367.4,0.0,2369.2,0.0,0,0,2017-04-14,34235400,2367.6,2,0,0,0,0,0,0,0,0,2368.8,2,0,0,0,0,0,0,0,0
70,2017-04-14,09:30:35,900,IH1704,CCFX,2368.2,2365.0,2369.2,88,62508660,16095,16149,2604.8,2131.2,2368,2367.4,0.0,2369.2,0.0,0,0,2017-04-14,34235900,2367.6,2,0,0,0,0,0,0,0,0,2368.6,1,0,0,0,0,0,0,0,0
71,2017-04-14,09:30:36,400,IH1704,CCFX,2368.2,2365.0,2369.2,88,62508660,16095,16149,2604.8,2131.2,2368,2367.4,0.0,2369.2,0.0,0,0,2017-04-14,34236400,2367.6,2,0,0,0,0,0,0,0,0,2368.6,1,0,0,0,0,0,0,0,0
72,2017-04-14,09:30:36,900,IH1704,CCFX,2368.4,2365.0,2369.2,89,63219180,16094,16149,2604.8,2131.2,2368,2367.4,0.0,2369.2,0.0,0,0,2017-04-14,34236900,2367.6,2,0,0,0,0,0,0,0,0,2368.6,1,0,0,0,0,0,0,0,0
73,2017-04-14,09:30:37,400,IH1704,CCFX,2368.4,2365.0,2369.2,89,63219180,16094,16149,2604.8,2131.2,2368,2367.4,0.0,2369.2,0.0,0,0,2017-04-14,34237400,2367.6,2,0,0,0,0,0,0,0,0,2368.6,1,0,0,0,0,0,0,0,0
74,2017-04-14,09:30:38,900,IH1704,CCFX,2367.6,2365.0,2369.2,90,63929460,16093,16149,2604.8,2131.2,2368,2367.4,0.0,2369.2,0.0,0,0,2017-04-14,34238900,2367.6,1,0,0,0,0,0,0,0,0,2368.4,1,0,0,0,0,0,0,0,0
75,2017-04-14,09:30:39,400,IH1704,CCFX,2367.6,2365.0,2369.2,91,64639740,16092,16149,2604.8,2131.2,2368,2367.4,0.0,2369.2,0.0,0,0,2017-04-14,34239400,2366.4,2,0,0,0,0,0,0,0,0,2368.4,1,0,0,0,0,0,0,0,0
76,2017-04-14,09:30:39,900,IH1704,CCFX,2367.6,2365.0,2369.2,91,64639740,16092,16149,2604.8,2131.2,2368,2367.4,0.0,2369.2,0.0,0,0,2017-04-14,34239900,2366.6,9,0,0,0,0,0,0,0,0,2368.2,3,0,0,0,0,0,0,0,0
77,2017-04-14,09:30:40,400,IH1704,CCFX,2366.8,2365.0,2369.2,92,65349780,16092,16149,2604.8,2131.2,2368,2367.4,0.0,2369.2,0.0,0,0,2017-04-14,34240400,2366.6,9,0,0,0,0,0,0,0,0,2368.0,1,0,0,0,0,0,0,0,0
78,2017-04-14,09:30:40,900,IH1704,CCFX,2366.8,2365.0,2369.2,92,65349780,16092,16149,2604.8,2131.2,2368,2367.4,0.0,2369.2,0.0,0,0,2017-04-14,34240900,2366.6,8,0,0,0,0,0,0,0,0,2368.0,2,0,0,0,0,0,0,0,0
79,2017-04-14,09:30:42,400,IH1704,CCFX,2366.8,2365.0,2369.2,92,65349780,16092,16149,2604.8,2131.2,2368,2367.4,0.0,2369.2,0.0,0,0,2017-04-14,34242400,2366.6,8,0,0,0,0,0,0,0,0,2367.8,1,0,0,0,0,0,0,0,0
80,2017-04-14,09:30:42,900,IH1704,CCFX,2366.8,2365.0,2369.2,92,65349780,16092,16149,2604.8,2131.2,2368,2367.4,0.0,2369.2,0.0,0,0,2017-04-14,34242900,2366.6,7,0,0,0,0,0,0,0,0,2367.6,1,0,0,0,0,0,0,0,0
81,2017-04-14,09:30:43,400,IH1704,CCFX,2366.8,2365.0,2369.2,92,65349780,16092,16149,2604.8,2131.2,2368,2367.4,0.0,2369.2,0.0,0,0,2017-04-14,34243400,2366.6,5,0,0,0,0,0,0,0,0,2367.6,1,0,0,0,0,0,0,0,0
82,2017-04-14,09:30:44,400,IH1704,CCFX,2366.8,2365.0,2369.2,92,65349780,16092,16149,2604.8,2131.2,2368,2367.4,0.0,2369.2,0.0,0,0,2017-04-14,34244400,2366.6,5,0,0,0,0,0,0,0,0,2367.6,1,0,0,0,0,0,0,0,0
83,2017-04-14,09:30:44,900,IH1704,CCFX,2366.8,2365.0,2369.2,92,65349780,16092,16149,2604.8,2131.2,2368,2367.4,0.0,2369.2,0.0,0,0,2017-04-14,34244900,2366.8,3,0,0,0,0,0,0,0,0,2367.6,1,0,0,0,0,0,0,0,0
84,2017-04-14,09:30:46,900,IH1704,CCFX,2366.8,2365.0,2369.2,92,65349780,16092,16149,2604.8,2131.2,2368,2367.4,0.0,2369.2,0.0,0,0,2017-04-14,34246900,2367.0,2,0,0,0,0,0,0,0,0,2367.6,1,0,0,0,0,0,0,0,0
85,2017-04-14,09:30:47,400,IH1704,CCFX,2366.8,2365.0,2369.2,92,65349780,16092,16149,2604.8,2131.2,2368,2367.4,0.0,2369.2,0.0,0,0,2017-04-14,34247400,2367.0,2,0,0,0,0,0,0,0,0,2367.6,1,0,0,0,0,0,0,0,0
86,2017-04-14,09:30:47,900,IH1704,CCFX,2366.8,2365.0,2369.2,92,65349780,16092,16149,2604.8,2131.2,2368,2367.4,0.0,2369.2,0.0,0,0,2017-04-14,34247900,2367.0,2,0,0,0,0,0,0,0,0,2367.6,1,0,0,0,0,0,0,0,0
87,2017-04-14,09:30:48,400,IH1704,CCFX,2367.6,2365.0,2369.2,93,66060060,16091,16149,2604.8,2131.2,2368,2367.4,0.0,2369.2,0.0,0,0,2017-04-14,34248400,2367.6,2,0,0,0,0,0,0,0,0,2367.8,1,0,0,0,0,0,0,0,0
88,2017-04-14,09:30:48,900,IH1704,CCFX,2367.8,2365.0,2369.2,94,66770400,16090,16149,2604.8,2131.2,2368,2367.4,0.0,2369.2,0.0,0,0,2017-04-14,34248900,2367.8,1,0,0,0,0,0,0,0,0,2368.0,1,0,0,0,0,0,0,0,0
89,2017-04-14,09:30:49,400,IH1704,CCFX,2367.8,2365.0,2369.2,95,67480740,16089,16149,2604.8,2131.2,2368,2367.4,0.0,2369.2,0.0,0,0,2017-04-14,34249400,2367.6,3,0,0,0,0,0,0,0,0,2368.8,2,0,0,0,0,0,0,0,0
90,2017-04-14,09:30:49,900,IH1704,CCFX,2367.8,2365.0,2369.2,95,67480740,16089,16149,2604.8,2131.2,2368,2367.4,0.0,2369.2,0.0,0,0,2017-04-14,34249900,2367.8,1,0,0,0,0,0,0,0,0,2368.8,2,0,0,0,0,0,0,0,0
91,2017-04-14,09:30:50,400,IH1704,CCFX,2367.8,2365.0,2369.2,95,67480740,16089,16149,2604.8,2131.2,2368,2367.4,0.0,2369.2,0.0,0,0,2017-04-14,34250400,2367.8,1,0,0,0,0,0,0,0,0,2368.6,1,0,0,0,0,0,0,0,0
92,2017-04-14,09:30:51,900,IH1704,CCFX,2367.8,2365.0,2369.2,95,67480740,16089,16149,2604.8,2131.2,2368,2367.4,0.0,2369.2,0.0,0,0,2017-04-14,34251900,2367.8,1,0,0,0,0,0,0,0,0,2368.6,1,0,0,0,0,0,0,0,0
93,2017-04-14,09:30:52,400,IH1704,CCFX,2368.0,2365.0,2369.2,96,68191140,16089,16149,2604.8,2131.2,2368,2367.4,0.0,2369.2,0.0,0,0,2017-04-14,34252400,2367.8,1,0,0,0,0,0,0,0,0,2368.0,2,0,0,0,0,0,0,0,0
94,2017-04-14,09:30:52,900,IH1704,CCFX,2368.0,2365.0,2369.2,96,68191140,16089,16149,2604.8,2131.2,2368,2367.4,0.0,2369.2,0.0,0,0,2017-04-14,34252900,2367.6,3,0,0,0,0,0,0,0,0,2368.0,2,0,0,0,0,0,0,0,0
95,2017-04-14,09:30:53,400,IH1704,CCFX,2368.0,2365.0,2369.2,97,68901540,16088,16149,2604.8,2131.2,2368,2367.4,0.0,2369.2,0.0,0,0,2017-04-14,34253400,2367.6,3,0,0,0,0,0,0,0,0,2368.0,1,0,0,0,0,0,0,0,0
96,2017-04-14,09:30:54,400,IH1704,CCFX,2368.0,2365.0,2369.2,97,68901540,16088,16149,2604.8,2131.2,2368,2367.4,0.0,2369.2,0.0,0,0,2017-04-14,34254400,2367.6,3,0,0,0,0,0,0,0,0,2368.0,1,0,0,0,0,0,0,0,0
97,2017-04-14,09:30:54,900,IH1704,CCFX,2367.6,2365.0,2369.2,99,70322100,16086,16149,2604.8,2131.2,2368,2367.4,0.0,2369.2,0.0,0,0,2017-04-14,34254900,2367.6,1,0,0,0,0,0,0,0,0,2368.0,1,0,0,0,0,0,0,0,0
98,2017-04-14,09:30:56,400,IH1704,CCFX,2367.6,2365.0,2369.2,99,70322100,16086,16149,2604.8,2131.2,2368,2367.4,0.0,2369.2,0.0,0,0,2017-04-14,34256400,2367.6,1,0,0,0,0,0,0,0,0,2368.0,1,0,0,0,0,0,0,0,0
99,2017-04-14,09:30:57,900,IH1704,CCFX,2367.6,2365.0,2369.2,99,70322100,16086,16149,2604.8,2131.2,2368,2367.4,0.0,2369.2,0.0,0,0,2017-04-14,34257900,2367.6,1,0,0,0,0,0,0,0,0,2367.8,1,0,0,0,0,0,0,0,0
100,2017-04-14,09:30:58,400,IH1704,CCFX,2367.8,2365.0,2369.2,100,71032440,16085,16149,2604.8,2131.2,2368,2367.4,0.0,2369.2,0.0,0,0,2017-04-14,34258400,2367.6,1,0,0,0,0,0,0,0,0,2368.0,1,0,0,0,0,0,0,0,0
101,2017-04-14,09:31:00,400,IH1704,CCFX,2367.8,2365.0,2369.2,100,71032440,16085,16149,2604.8,2131.2,2368,2367.4,0.0,2369.2,0.0,0,0,2017-04-14,34260400,2367.6,1,0,0,0,0,0,0,0,0,2368.0,1,0,0,0,0,0,0,0,0
102,2017-04-14,09:31:01,400,IH1704,CCFX,2367.8,2365.0,2369.2,100,71032440,16085,16149,2604.8,2131.2,2368,2367.4,0.0,2369.2,0.0,0,0,2017-04-14,34261400,2367.6,1,0,0,0,0,0,0,0,0,2368.0,1,0,0,0,0,0,0,0,0
103,2017-04-14,09:31:02,400,IH1704,CCFX,2367.8,2365.0,2369.2,100,71032440,16085,16149,2604.8,2131.2,2368,2367.4,0.0,2369.2,0.0,0,0,2017-04-14,34262400,2367.6,1,0,0,0,0,0,0,0,0,2368.0,2,0,0,0,0,0,0,0,0
104,2017-04-14,09:31:03,400,IH1704,CCFX,2367.8,2365.0,2369.2,100,71032440,16085,16149,2604.8,2131.2,2368,2367.4,0.0,2369.2,0.0,0,0,2017-04-14,34263400,2367.6,1,0,0,0,0,0,0,0,0,2367.8,1,0,0,0,0,0,0,0,0
105,2017-04-14,09:31:03,900,IH1704,CCFX,2367.6,2365.0,2369.2,101,71742720,16084,16149,2604.8,2131.2,2368,2367.4,0.0,2369.2,0.0,0,0,2017-04-14,34263900,2367.0,1,0,0,0,0,0,0,0,0,2367.8,1,0,0,0,0,0,0,0,0
106,2017-04-14,09:31:05,400,IH1704,CCFX,2367.6,2365.0,2369.2,101,71742720,16084,16149,2604.8,2131.2,2368,2367.4,0.0,2369.2,0.0,0,0,2017-04-14,34265400,2367.0,1,0,0,0,0,0,0,0,0,2367.8,1,0,0,0,0,0,0,0,0
107,2017-04-14,09:31:05,900,IH1704,CCFX,2367.8,2365.0,2369.2,102,72453060,16083,16149,2604.8,2131.2,2368,2367.4,0.0,2369.2,0.0,0,0,2017-04-14,34265900,2367.0,1,0,0,0,0,0,0,0,0,2368.0,2,0,0,0,0,0,0,0,0
108,2017-04-14,09:31:08,400,IH1704,CCFX,2368.0,2365.0,2369.2,105,74584260,16080,16149,2604.8,2131.2,2368,2367.4,0.0,2369.2,0.0,0,0,2017-04-14,34268400,2368.0,1,0,0,0,0,0,0,0,0,2368.6,2,0,0,0,0,0,0,0,0
109,2017-04-14,09:31:08,900,IH1704,CCFX,2368.0,2365.0,2369.2,105,74584260,16080,16149,2604.8,2131.2,2368,2367.4,0.0,2369.2,0.0,0,0,2017-04-14,34268900,2368.0,1,0,0,0,0,0,0,0,0,2368.6,2,0,0,0,0,0,0,0,0
110,2017-04-14,09:31:09,400,IH1704,CCFX,2368.0,2365.0,2369.2,106,75294660,16079,16149,2604.8,2131.2,2368,2367.4,0.0,2369.2,0.0,0,0,2017-04-14,34269400,2367.0,1,0,0,0,0,0,0,0,0,2368.6,2,0,0,0,0,0,0,0,0
111,2017-04-14,09:31:09,900,IH1704,CCFX,2368.0,2365.0,2369.2,106,75294660,16079,16149,2604.8,2131.2,2368,2367.4,0.0,2369.2,0.0,0,0,2017-04-14,34269900,2367.2,2,0,0,0,0,0,0,0,0,2368.4,2,0,0,0,0,0,0,0,0
112,2017-04-14,09:31:10,400,IH1704,CCFX,2368.0,2365.0,2369.2,106,75294660,16079,16149,2604.8,2131.2,2368,2367.4,0.0,2369.2,0.0,0,0,2017-04-14,34270400,2367.2,4,0,0,0,0,0,0,0,0,2368.4,2,0,0,0,0,0,0,0,0
113,2017-04-14,09:31:10,900,IH1704,CCFX,2368.0,2365.0,2369.2,106,75294660,16079,16149,2604.8,2131.2,2368,2367.4,0.0,2369.2,0.0,0,0,2017-04-14,34270900,2367.2,4,0,0,0,0,0,0,0,0,2368.4,2,0,0,0,0,0,0,0,0
114,2017-04-14,09:31:11,400,IH1704,CCFX,2368.0,2365.0,2369.2,106,75294660,16079,16149,2604.8,2131.2,2368,2367.4,0.0,2369.2,0.0,0,0,2017-04-14,34271400,2367.2,4,0,0,0,0,0,0,0,0,2368.4,3,0,0,0,0,0,0,0,0
115,2017-04-14,09:31:11,900,IH1704,CCFX,2368.0,2365.0,2369.2,106,75294660,16079,16149,2604.8,2131.2,2368,2367.4,0.0,2369.2,0.0,0,0,2017-04-14,34271900,2367.4,1,0,0,0,0,0,0,0,0,2368.2,1,0,0,0,0,0,0,0,0
116,2017-04-14,09:31:12,400,IH1704,CCFX,2367.4,2365.0,2369.2,107,76004880,16078,16149,2604.8,2131.2,2368,2367.4,0.0,2369.2,0.0,0,0,2017-04-14,34272400,2367.2,2,0,0,0,0,0,0,0,0,2368.2,1,0,0,0,0,0,0,0,0
117,2017-04-14,09:31:12,900,IH1704,CCFX,2368.2,2365.0,2369.2,109,77425680,16078,16149,2604.8,2131.2,2368,2367.4,0.0,2369.2,0.0,0,0,2017-04-14,34272900,2367.2,2,0,0,0,0,0,0,0,0,2368.4,1,0,0,0,0,0,0,0,0
118,2017-04-14,09:31:13,400,IH1704,CCFX,2368.2,2365.0,2369.2,109,77425680,16078,16149,2604.8,2131.2,2368,2367.4,0.0,2369.2,0.0,0,0,2017-04-14,34273400,2367.2,2,0,0,0,0,0,0,0,0,2368.2,1,0,0,0,0,0,0,0,0
119,2017-04-14,09:31:13,900,IH1704,CCFX,2368.2,2365.0,2369.2,109,77425680,16078,16149,2604.8,2131.2,2368,2367.4,0.0,2369.2,0.0,0,0,2017-04-14,34273900,2367.2,2,0,0,0,0,0,0,0,0,2368.0,1,0,0,0,0,0,0,0,0
120,2017-04-14,09:31:14,400,IH1704,CCFX,2368.2,2365.0,2369.2,109,77425680,16078,16149,2604.8,2131.2,2368,2367.4,0.0,2369.2,0.0,0,0,2017-04-14,34274400,2367.2,2,0,0,0,0,0,0,0,0,2368.0,1,0,0,0,0,0,0,0,0
121,2017-04-14,09:31:14,900,IH1704,CCFX,2368.2,2365.0,2369.2,109,77425680,16078,16149,2604.8,2131.2,2368,2367.4,0.0,2369.2,0.0,0,0,2017-04-14,34274900,2366.6,1,0,0,0,0,0,0,0,0,2368.0,1,0,0,0,0,0,0,0,0
122,2017-04-14,09:31:15,400,IH1704,CCFX,2368.2,2365.0,2369.2,109,77425680,16078,16149,2604.8,2131.2,2368,2367.4,0.0,2369.2,0.0,0,0,2017-04-14,34275400,2366.8,1,0,0,0,0,0,0,0,0,2368.0,1,0,0,0,0,0,0,0,0
123,2017-04-14,09:31:15,900,IH1704,CCFX,2368.2,2365.0,2369.2,109,77425680,16078,16149,2604.8,2131.2,2368,2367.4,0.0,2369.2,0.0,0,0,2017-04-14,34275900,2367.0,1,0,0,0,0,0,0,0,0,2368.0,1,0,0,0,0,0,0,0,0
124,2017-04-14,09:31:16,400,IH1704,CCFX,2368.2,2365.0,2369.2,109,77425680,16078,16149,2604.8,2131.2,2368,2367.4,0.0,2369.2,0.0,0,0,2017-04-14,34276400,2367.0,1,0,0,0,0,0,0,0,0,2368.0,1,0,0,0,0,0,0,0,0
125,2017-04-14,09:31:18,900,IH1704,CCFX,2368.2,2365.0,2369.2,109,77425680,16078,16149,2604.8,2131.2,2368,2367.4,0.0,2369.2,0.0,0,0,2017-04-14,34278900,2367.0,1,0,0,0,0,0,0,0,0,2368.0,2,0,0,0,0,0,0,0,0
126,2017-04-14,09:31:20,400,IH1704,CCFX,2368.2,2365.0,2369.2,109,77425680,16078,16149,2604.8,2131.2,2368,2367.4,0.0,2369.2,0.0,0,0,2017-04-14,34280400,2367.0,1,0,0,0,0,0,0,0,0,2368.0,2,0,0,0,0,0,0,0,0
127,2017-04-14,09:31:21,400,IH1704,CCFX,2368.2,2365.0,2369.2,109,77425680,16078,16149,2604.8,2131.2,2368,2367.4,0.0,2369.2,0.0,0,0,2017-04-14,34281400,2367.2,1,0,0,0,0,0,0,0,0,2368.0,1,0,0,0,0,0,0,0,0
128,2017-04-14,09:31:21,900,IH1704,CCFX,2368.2,2365.0,2369.2,109,77425680,16078,16149,2604.8,2131.2,2368,2367.4,0.0,2369.2,0.0,0,0,2017-04-14,34281900,2367.4,1,0,0,0,0,0,0,0,0,2368.0,1,0,0,0,0,0,0,0,0
129,2017-04-14,09:31:22,400,IH1704,CCFX,2368.2,2365.0,2369.2,109,77425680,16078,16149,2604.8,2131.2,2368,2367.4,0.0,2369.2,0.0,0,0,2017-04-14,34282400,2367.6,1,0,0,0,0,0,0,0,0,2368.0,1,0,0,0,0,0,0,0,0
130,2017-04-14,09:31:22,900,IH1704,CCFX,2368.2,2365.0,2369.2,109,77425680,16078,16149,2604.8,2131.2,2368,2367.4,0.0,2369.2,0.0,0,0,2017-04-14,34282900,2367.6,1,0,0,0,0,0,0,0,0,2368.0,1,0,0,0,0,0,0,0,0
131,2017-04-14,09:31:24,400,IH1704,CCFX,2368.2,2365.0,2369.2,109,77425680,16078,16149,2604.8,2131.2,2368,2367.4,0.0,2369.2,0.0,0,0,2017-04-14,34284400,2367.6,1,0,0,0,0,0,0,0,0,2368.0,1,0,0,0,0,0,0,0,0
132,2017-04-14,09:31:29,400,IH1704,CCFX,2368.2,2365.0,2369.2,109,77425680,16078,16149,2604.8,2131.2,2368,2367.4,0.0,2369.2,0.0,0,0,2017-04-14,34289400,2367.6,1,0,0,0,0,0,0,0,0,2368.0,1,0,0,0,0,0,0,0,0
133,2017-04-14,09:31:31,400,IH1704,CCFX,2367.6,2365.0,2369.2,110,78135960,16077,16149,2604.8,2131.2,2368,2367.4,0.0,2369.2,0.0,0,0,2017-04-14,34291400,2367.4,1,0,0,0,0,0,0,0,0,2368.0,1,0,0,0,0,0,0,0,0
134,2017-04-14,09:31:31,900,IH1704,CCFX,2367.6,2365.0,2369.2,110,78135960,16077,16149,2604.8,2131.2,2368,2367.4,0.0,2369.2,0.0,0,0,2017-04-14,34291900,2367.0,1,0,0,0,0,0,0,0,0,2368.0,1,0,0,0,0,0,0,0,0
135,2017-04-14,09:31:32,400,IH1704,CCFX,2367.6,2365.0,2369.2,110,78135960,16077,16149,2604.8,2131.2,2368,2367.4,0.0,2369.2,0.0,0,0,2017-04-14,34292400,2367.0,1,0,0,0,0,0,0,0,0,2367.8,1,0,0,0,0,0,0,0,0
136,2017-04-14,09:31:33,400,IH1704,CCFX,2367.6,2365.0,2369.2,110,78135960,16077,16149,2604.8,2131.2,2368,2367.4,0.0,2369.2,0.0,0,0,2017-04-14,34293400,2367.0,1,0,0,0,0,0,0,0,0,2367.8,1,0,0,0,0,0,0,0,0
137,2017-04-14,09:31:35,400,IH1704,CCFX,2367.6,2365.0,2369.2,110,78135960,16077,16149,2604.8,2131.2,2368,2367.4,0.0,2369.2,0.0,0,0,2017-04-14,34295400,2367.0,1,0,0,0,0,0,0,0,0,2368.0,2,0,0,0,0,0,0,0,0
138,2017-04-14,09:31:36,400,IH1704,CCFX,2367.6,2365.0,2369.2,110,78135960,16077,16149,2604.8,2131.2,2368,2367.4,0.0,2369.2,0.0,0,0,2017-04-14,34296400,2367.0,1,0,0,0,0,0,0,0,0,2367.8,1,0,0,0,0,0,0,0,0
139,2017-04-14,09:31:36,900,IH1704,CCFX,2367.6,2365.0,2369.2,110,78135960,16077,16149,2604.8,2131.2,2368,2367.4,0.0,2369.2,0.0,0,0,2017-04-14,34296900,2367.0,1,0,0,0,0,0,0,0,0,2367.8,1,0,0,0,0,0,0,0,0
140,2017-04-14,09:31:37,400,IH1704,CCFX,2367.6,2365.0,2369.2,110,78135960,16077,16149,2604.8,2131.2,2368,2367.4,0.0,2369.2,0.0,0,0,2017-04-14,34297400,2367.0,1,0,0,0,0,0,0,0,0,2368.0,2,0,0,0,0,0,0,0,0
141,2017-04-14,09:31:39,900,IH1704,CCFX,2367.6,2365.0,2369.2,110,78135960,16077,16149,2604.8,2131.2,2368,2367.4,0.0,2369.2,0.0,0,0,2017-04-14,34299900,2367.0,1,0,0,0,0,0,0,0,0,2367.8,2,0,0,0,0,0,0,0,0
142,2017-04-14,09:31:40,400,IH1704,CCFX,2367.6,2365.0,2369.2,110,78135960,16077,16149,2604.8,2131.2,2368,2367.4,0.0,2369.2,0.0,0,0,2017-04-14,34300400,2367.2,2,0,0,0,0,0,0,0,0,2367.8,2,0,0,0,0,0,0,0,0
143,2017-04-14,09:31:41,400,IH1704,CCFX,2367.6,2365.0,2369.2,110,78135960,16077,16149,2604.8,2131.2,2368,2367.4,0.0,2369.2,0.0,0,0,2017-04-14,34301400,2367.2,2,0,0,0,0,0,0,0,0,2367.8,2,0,0,0,0,0,0,0,0
144,2017-04-14,09:31:42,900,IH1704,CCFX,2367.6,2365.0,2369.2,110,78135960,16077,16149,2604.8,2131.2,2368,2367.4,0.0,2369.2,0.0,0,0,2017-04-14,34302900,2367.2,2,0,0,0,0,0,0,0,0,2367.8,2,0,0,0,0,0,0,0,0
145,2017-04-14,09:31:46,400,IH1704,CCFX,2367.6,2365.0,2369.2,110,78135960,16077,16149,2604.8,2131.2,2368,2367.4,0.0,2369.2,0.0,0,0,2017-04-14,34306400,2367.2,3,0,0,0,0,0,0,0,0,2367.8,2,0,0,0,0,0,0,0,0
146,2017-04-14,09:31:46,900,IH1704,CCFX,2367.6,2365.0,2369.2,110,78135960,16077,16149,2604.8,2131.2,2368,2367.4,0.0,2369.2,0.0,0,0,2017-04-14,34306900,2367.2,3,0,0,0,0,0,0,0,0,2367.6,1,0,0,0,0,0,0,0,0
147,2017-04-14,09:31:47,400,IH1704,CCFX,2367.6,2365.0,2369.2,110,78135960,16077,16149,2604.8,2131.2,2368,2367.4,0.0,2369.2,0.0,0,0,2017-04-14,34307400,2367.2,3,0,0,0,0,0,0,0,0,2367.6,1,0,0,0,0,0,0,0,0
148,2017-04-14,09:31:48,900,IH1704,CCFX,2367.2,2365.0,2369.2,111,78846120,16076,16149,2604.8,2131.2,2368,2367.4,0.0,2369.2,0.0,0,0,2017-04-14,34308900,2367.2,2,0,0,0,0,0,0,0,0,2367.6,1,0,0,0,0,0,0,0,0
149,2017-04-14,09:31:49,400,IH1704,CCFX,2367.2,2365.0,2369.2,112,79556280,16075,16149,2604.8,2131.2,2368,2367.4,0.0,2369.2,0.0,0,0,2017-04-14,34309400,2367.2,1,0,0,0,0,0,0,0,0,2367.6,1,0,0,0,0,0,0,0,0
150,2017-04-14,09:31:49,900,IH1704,CCFX,2367.2,2365.0,2369.2,112,79556280,16075,16149,2604.8,2131.2,2368,2367.4,0.0,2369.2,0.0,0,0,2017-04-14,34309900,2367.2,1,0,0,0,0,0,0,0,0,2367.4,1,0,0,0,0,0,0,0,0
151,2017-04-14,09:31:50,400,IH1704,CCFX,2367.2,2365.0,2369.2,115,81686760,16072,16149,2604.8,2131.2,2368,2367.4,0.0,2369.2,0.0,0,0,2017-04-14,34310400,2367.0,1,0,0,0,0,0,0,0,0,2367.2,1,0,0,0,0,0,0,0,0
152,2017-04-14,09:31:50,900,IH1704,CCFX,2367.0,2365.0,2369.2,117,83106960,16072,16149,2604.8,2131.2,2368,2367.4,0.0,2369.2,0.0,0,0,2017-04-14,34310900,2366.2,2,0,0,0,0,0,0,0,0,2367.2,1,0,0,0,0,0,0,0,0
153,2017-04-14,09:31:51,400,IH1704,CCFX,2367.0,2365.0,2369.2,117,83106960,16072,16149,2604.8,2131.2,2368,2367.4,0.0,2369.2,0.0,0,0,2017-04-14,34311400,2366.2,2,0,0,0,0,0,0,0,0,2367.8,2,0,0,0,0,0,0,0,0
154,2017-04-14,09:31:51,900,IH1704,CCFX,2367.0,2365.0,2369.2,117,83106960,16072,16149,2604.8,2131.2,2368,2367.4,0.0,2369.2,0.0,0,0,2017-04-14,34311900,2366.4,1,0,0,0,0,0,0,0,0,2367.6,2,0,0,0,0,0,0,0,0
155,2017-04-14,09:31:52,900,IH1704,CCFX,2367.0,2365.0,2369.2,117,83106960,16072,16149,2604.8,2131.2,2368,2367.4,0.0,2369.2,0.0,0,0,2017-04-14,34312900,2366.4,1,0,0,0,0,0,0,0,0,2367.4,1,0,0,0,0,0,0,0,0
156,2017-04-14,09:31:53,400,IH1704,CCFX,2367.0,2365.0,2369.2,117,83106960,16072,16149,2604.8,2131.2,2368,2367.4,0.0,2369.2,0.0,0,0,2017-04-14,34313400,2366.4,1,0,0,0,0,0,0,0,0,2367.0,1,0,0,0,0,0,0,0,0
157,2017-04-14,09:31:53,900,IH1704,CCFX,2367.0,2365.0,2369.2,117,83106960,16072,16149,2604.8,2131.2,2368,2367.4,0.0,2369.2,0.0,0,0,2017-04-14,34313900,2366.2,2,0,0,0,0,0,0,0,0,2367.0,1,0,0,0,0,0,0,0,0
158,2017-04-14,09:31:54,900,IH1704,CCFX,2367.0,2365.0,2369.2,117,83106960,16072,16149,2604.8,2131.2,2368,2367.4,0.0,2369.2,0.0,0,0,2017-04-14,34314900,2366.6,2,0,0,0,0,0,0,0,0,2366.8,1,0,0,0,0,0,0,0,0
159,2017-04-14,09:31:55,400,IH1704,CCFX,2367.0,2365.0,2369.2,119,84527100,16070,16149,2604.8,2131.2,2368,2367.4,0.0,2369.2,0.0,0,0,2017-04-14,34315400,2366.8,1,0,0,0,0,0,0,0,0,2367.2,2,0,0,0,0,0,0,0,0
160,2017-04-14,09:31:55,900,IH1704,CCFX,2367.2,2365.0,2369.2,120,85237260,16069,16149,2604.8,2131.2,2368,2367.4,0.0,2369.2,0.0,0,0,2017-04-14,34315900,2366.8,1,0,0,0,0,0,0,0,0,2367.2,1,0,0,0,0,0,0,0,0
161,2017-04-14,09:31:59,900,IH1704,CCFX,2367.2,2365.0,2369.2,120,85237260,16069,16149,2604.8,2131.2,2368,2367.4,0.0,2369.2,0.0,0,0,2017-04-14,34319900,2366.8,1,0,0,0,0,0,0,0,0,2367.2,1,0,0,0,0,0,0,0,0
162,2017-04-14,09:32:00,400,IH1704,CCFX,2367.2,2365.0,2369.2,121,85947420,16068,16149,2604.8,2131.2,2368,2367.4,0.0,2369.2,0.0,0,0,2017-04-14,34320400,2366.6,2,0,0,0,0,0,0,0,0,2367.8,2,0,0,0,0,0,0,0,0
163,2017-04-14,09:32:00,900,IH1704,CCFX,2367.2,2365.0,2369.2,121,85947420,16068,16149,2604.8,2131.2,2368,2367.4,0.0,2369.2,0.0,0,0,2017-04-14,34320900,2366.8,1,0,0,0,0,0,0,0,0,2367.8,2,0,0,0,0,0,0,0,0
164,2017-04-14,09:32:01,400,IH1704,CCFX,2366.8,2365.0,2369.2,122,86657460,16067,16149,2604.8,2131.2,2368,2367.4,0.0,2369.2,0.0,0,0,2017-04-14,34321400,2366.6,2,0,0,0,0,0,0,0,0,2367.6,1,0,0,0,0,0,0,0,0
165,2017-04-14,09:32:03,400,IH1704,CCFX,2366.8,2365.0,2369.2,122,86657460,16067,16149,2604.8,2131.2,2368,2367.4,0.0,2369.2,0.0,0,0,2017-04-14,34323400,2366.8,1,0,0,0,0,0,0,0,0,2367.6,1,0,0,0,0,0,0,0,0
166,2017-04-14,09:32:04,400,IH1704,CCFX,2366.8,2365.0,2369.2,122,86657460,16067,16149,2604.8,2131.2,2368,2367.4,0.0,2369.2,0.0,0,0,2017-04-14,34324400,2367.0,1,0,0,0,0,0,0,0,0,2367.4,2,0,0,0,0,0,0,0,0
167,2017-04-14,09:32:04,900,IH1704,CCFX,2366.8,2365.0,2369.2,122,86657460,16067,16149,2604.8,2131.2,2368,2367.4,0.0,2369.2,0.0,0,0,2017-04-14,34324900,2367.0,1,0,0,0,0,0,0,0,0,2367.2,1,0,0,0,0,0,0,0,0
168,2017-04-14,09:32:05,400,IH1704,CCFX,2367.2,2365.0,2369.2,123,87367620,16066,16149,2604.8,2131.2,2368,2367.4,0.0,2369.2,0.0,0,0,2017-04-14,34325400,2367.0,3,0,0,0,0,0,0,0,0,2367.4,2,0,0,0,0,0,0,0,0
169,2017-04-14,09:32:05,900,IH1704,CCFX,2367.2,2365.0,2369.2,123,87367620,16066,16149,2604.8,2131.2,2368,2367.4,0.0,2369.2,0.0,0,0,2017-04-14,34325900,2367.2,2,0,0,0,0,0,0,0,0,2367.4,2,0,0,0,0,0,0,0,0
170,2017-04-14,09:32:06,400,IH1704,CCFX,2367.2,2365.0,2369.2,125,88787940,16064,16149,2604.8,2131.2,2368,2367.4,0.0,2369.2,0.0,0,0,2017-04-14,34326400,2367.0,3,0,0,0,0,0,0,0,0,2367.4,2,0,0,0,0,0,0,0,0
171,2017-04-14,09:32:06,900,IH1704,CCFX,2367.4,2365.0,2369.2,126,89498160,16063,16149,2604.8,2131.2,2368,2367.4,0.0,2369.2,0.0,0,0,2017-04-14,34326900,2367.0,3,0,0,0,0,0,0,0,0,2367.2,1,0,0,0,0,0,0,0,0
172,2017-04-14,09:32:07,400,IH1704,CCFX,2367.2,2365.0,2369.2,127,90208320,16062,16149,2604.8,2131.2,2368,2367.4,0.0,2369.2,0.0,0,0,2017-04-14,34327400,2367.2,1,0,0,0,0,0,0,0,0,2367.4,2,0,0,0,0,0,0,0,0
173,2017-04-14,09:32:07,900,IH1704,CCFX,2367.2,2365.0,2369.2,127,90208320,16062,16149,2604.8,2131.2,2368,2367.4,0.0,2369.2,0.0,0,0,2017-04-14,34327900,2367.2,3,0,0,0,0,0,0,0,0,2367.4,2,0,0,0,0,0,0,0,0
174,2017-04-14,09:32:08,900,IH1704,CCFX,2367.4,2365.0,2369.2,130,92338920,16059,16149,2604.8,2131.2,2368,2367.4,0.0,2369.2,0.0,0,0,2017-04-14,34328900,2367.2,1,0,0,0,0,0,0,0,0,2367.8,2,0,0,0,0,0,0,0,0
175,2017-04-14,09:32:11,900,IH1704,CCFX,2367.8,2365.0,2369.2,132,93759600,16057,16149,2604.8,2131.2,2368,2367.4,0.0,2369.2,0.0,0,0,2017-04-14,34331900,2367.2,1,0,0,0,0,0,0,0,0,2368.0,1,0,0,0,0,0,0,0,0
176,2017-04-14,09:32:12,400,IH1704,CCFX,2367.8,2365.0,2369.2,132,93759600,16057,16149,2604.8,2131.2,2368,2367.4,0.0,2369.2,0.0,0,0,2017-04-14,34332400,2367.4,1,0,0,0,0,0,0,0,0,2368.0,1,0,0,0,0,0,0,0,0
177,2017-04-14,09:32:12,900,IH1704,CCFX,2367.4,2365.0,2369.2,133,94469820,16056,16149,2604.8,2131.2,2368,2367.4,0.0,2369.2,0.0,0,0,2017-04-14,34332900,2367.2,1,0,0,0,0,0,0,0,0,2368.0,1,0,0,0,0,0,0,0,0
178,2017-04-14,09:32:13,400,IH1704,CCFX,2367.4,2365.0,2369.2,133,94469820,16056,16149,2604.8,2131.2,2368,2367.4,0.0,2369.2,0.0,0,0,2017-04-14,34333400,2367.4,1,0,0,0,0,0,0,0,0,2368.0,1,0,0,0,0,0,0,0,0
179,2017-04-14,09:32:13,900,IH1704,CCFX,2368.0,2365.0,2369.2,134,95180220,16055,16149,2604.8,2131.2,2368,2367.4,0.0,2369.2,0.0,0,0,2017-04-14,34333900,2368.0,1,0,0,0,0,0,0,0,0,2368.4,3,0,0,0,0,0,0,0,0
180,2017-04-14,09:32:14,400,IH1704,CCFX,2368.0,2365.0,2369.2,135,95890620,16054,16149,2604.8,2131.2,2368,2367.4,0.0,2369.2,0.0,0,0,2017-04-14,34334400,2367.4,2,0,0,0,0,0,0,0,0,2368.2,2,0,0,0,0,0,0,0,0
181,2017-04-14,09:32:14,900,IH1704,CCFX,2368.0,2365.0,2369.2,135,95890620,16054,16149,2604.8,2131.2,2368,2367.4,0.0,2369.2,0.0,0,0,2017-04-14,34334900,2367.4,2,0,0,0,0,0,0,0,0,2368.2,4,0,0,0,0,0,0,0,0
182,2017-04-14,09:32:17,900,IH1704,CCFX,2368.0,2365.0,2369.2,135,95890620,16054,16149,2604.8,2131.2,2368,2367.4,0.0,2369.2,0.0,0,0,2017-04-14,34337900,2367.6,2,0,0,0,0,0,0,0,0,2368.0,2,0,0,0,0,0,0,0,0
183,2017-04-14,09:32:18,400,IH1704,CCFX,2368.0,2365.0,2369.2,135,95890620,16054,16149,2604.8,2131.2,2368,2367.4,0.0,2369.2,0.0,0,0,2017-04-14,34338400,2367.6,2,0,0,0,0,0,0,0,0,2368.0,2,0,0,0,0,0,0,0,0
184,2017-04-14,09:32:18,900,IH1704,CCFX,2368.0,2365.0,2369.2,135,95890620,16054,16149,2604.8,2131.2,2368,2367.4,0.0,2369.2,0.0,0,0,2017-04-14,34338900,2367.6,2,0,0,0,0,0,0,0,0,2368.0,4,0,0,0,0,0,0,0,0
185,2017-04-14,09:32:20,400,IH1704,CCFX,2368.0,2365.0,2369.2,135,95890620,16054,16149,2604.8,2131.2,2368,2367.4,0.0,2369.2,0.0,0,0,2017-04-14,34340400,2367.6,2,0,0,0,0,0,0,0,0,2367.8,3,0,0,0,0,0,0,0,0
186,2017-04-14,09:32:20,900,IH1704,CCFX,2367.6,2365.0,2369.2,137,97311180,16052,16149,2604.8,2131.2,2368,2367.4,0.0,2369.2,0.0,0,0,2017-04-14,34340900,2367.4,3,0,0,0,0,0,0,0,0,2367.6,2,0,0,0,0,0,0,0,0
187,2017-04-14,09:32:22,400,IH1704,CCFX,2367.6,2365.0,2369.2,137,97311180,16052,16149,2604.8,2131.2,2368,2367.4,0.0,2369.2,0.0,0,0,2017-04-14,34342400,2367.4,3,0,0,0,0,0,0,0,0,2367.6,2,0,0,0,0,0,0,0,0
188,2017-04-14,09:32:22,900,IH1704,CCFX,2367.4,2365.0,2369.2,139,98731620,16050,16149,2604.8,2131.2,2368,2367.4,0.0,2369.2,0.0,0,0,2017-04-14,34342900,2367.4,1,0,0,0,0,0,0,0,0,2367.6,2,0,0,0,0,0,0,0,0
189,2017-04-14,09:32:24,900,IH1704,CCFX,2367.4,2365.0,2369.2,139,98731620,16050,16149,2604.8,2131.2,2368,2367.4,0.0,2369.2,0.0,0,0,2017-04-14,34344900,2367.4,1,0,0,0,0,0,0,0,0,2367.6,2,0,0,0,0,0,0,0,0
190,2017-04-14,09:32:25,900,IH1704,CCFX,2367.6,2365.0,2369.2,142,100862400,16047,16149,2604.8,2131.2,2368,2367.4,0.0,2369.2,0.0,0,0,2017-04-14,34345900,2367.2,1,0,0,0,0,0,0,0,0,2367.8,3,0,0,0,0,0,0,0,0
191,2017-04-14,09:32:26,400,IH1704,CCFX,2367.6,2365.0,2369.2,142,100862400,16047,16149,2604.8,2131.2,2368,2367.4,0.0,2369.2,0.0,0,0,2017-04-14,34346400,2367.2,1,0,0,0,0,0,0,0,0,2367.4,3,0,0,0,0,0,0,0,0
192,2017-04-14,09:32:26,900,IH1704,CCFX,2367.4,2365.0,2369.2,143,101572620,16046,16149,2604.8,2131.2,2368,2367.4,0.0,2369.2,0.0,0,0,2017-04-14,34346900,2367.2,1,0,0,0,0,0,0,0,0,2367.4,5,0,0,0,0,0,0,0,0
193,2017-04-14,09:32:27,400,IH1704,CCFX,2367.4,2365.0,2369.2,145,102993000,16044,16149,2604.8,2131.2,2368,2367.4,0.0,2369.2,0.0,0,0,2017-04-14,34347400,2367.0,4,0,0,0,0,0,0,0,0,2367.4,4,0,0,0,0,0,0,0,0
194,2017-04-14,09:32:27,900,IH1704,CCFX,2367.4,2365.0,2369.2,146,103703220,16043,16149,2604.8,2131.2,2368,2367.4,0.0,2369.2,0.0,0,0,2017-04-14,34347900,2367.2,1,0,0,0,0,0,0,0,0,2367.4,3,0,0,0,0,0,0,0,0
195,2017-04-14,09:32:28,400,IH1704,CCFX,2367.4,2365.0,2369.2,146,103703220,16043,16149,2604.8,2131.2,2368,2367.4,0.0,2369.2,0.0,0,0,2017-04-14,34348400,2367.2,1,0,0,0,0,0,0,0,0,2367.4,3,0,0,0,0,0,0,0,0
196,2017-04-14,09:32:28,900,IH1704,CCFX,2367.4,2365.0,2369.2,146,103703220,16043,16149,2604.8,2131.2,2368,2367.4,0.0,2369.2,0.0,0,0,2017-04-14,34348900,2367.2,1,0,0,0,0,0,0,0,0,2367.4,3,0,0,0,0,0,0,0,0
197,2017-04-14,09:32:29,400,IH1704,CCFX,2367.0,2365.0,2369.2,148,105123480,16041,16149,2604.8,2131.2,2368,2367.4,0.0,2369.2,0.0,0,0,2017-04-14,34349400,2367.0,3,0,0,0,0,0,0,0,0,2367.4,3,0,0,0,0,0,0,0,0
198,2017-04-14,09:32:31,900,IH1704,CCFX,2367.0,2365.0,2369.2,148,105123480,16041,16149,2604.8,2131.2,2368,2367.4,0.0,2369.2,0.0,0,0,2017-04-14,34351900,2367.2,2,0,0,0,0,0,0,0,0,2367.4,3,0,0,0,0,0,0,0,0
199,2017-04-14,09:32:33,900,IH1704,CCFX,2367.0,2365.0,2369.2,148,105123480,16041,16149,2604.8,2131.2,2368,2367.4,0.0,2369.2,0.0,0,0,2017-04-14,34353900,2367.2,2,0,0,0,0,0,0,0,0,2367.4,3,0,0,0,0,0,0,0,0
200,2017-04-14,09:32:34,400,IH1704,CCFX,2367.4,2365.0,2369.2,149,105833700,16040,16149,2604.8,2131.2,2368,2367.4,0.0,2369.2,0.0,0,0,2017-04-14,34354400,2367.2,2,0,0,0,0,0,0,0,0,2367.4,2,0,0,0,0,0,0,0,0
201,2017-04-14,09:32:34,900,IH1704,CCFX,2367.4,2365.0,2369.2,149,105833700,16040,16149,2604.8,2131.2,2368,2367.4,0.0,2369.2,0.0,0,0,2017-04-14,34354900,2367.2,2,0,0,0,0,0,0,0,0,2367.4,2,0,0,0,0,0,0,0,0
202,2017-04-14,09:32:35,400,IH1704,CCFX,2367.4,2365.0,2369.2,149,105833700,16040,16149,2604.8,2131.2,2368,2367.4,0.0,2369.2,0.0,0,0,2017-04-14,34355400,2367.2,2,0,0,0,0,0,0,0,0,2367.4,2,0,0,0,0,0,0,0,0
203,2017-04-14,09:32:37,400,IH1704,CCFX,2367.4,2365.0,2369.2,149,105833700,16040,16149,2604.8,2131.2,2368,2367.4,0.0,2369.2,0.0,0,0,2017-04-14,34357400,2367.2,2,0,0,0,0,0,0,0,0,2367.4,3,0,0,0,0,0,0,0,0
204,2017-04-14,09:32:37,900,IH1704,CCFX,2367.4,2365.0,2369.2,149,105833700,16040,16149,2604.8,2131.2,2368,2367.4,0.0,2369.2,0.0,0,0,2017-04-14,34357900,2367.2,2,0,0,0,0,0,0,0,0,2367.4,3,0,0,0,0,0,0,0,0
205,2017-04-14,09:32:38,400,IH1704,CCFX,2367.2,2365.0,2369.2,150,106543860,16039,16149,2604.8,2131.2,2368,2367.4,0.0,2369.2,0.0,0,0,2017-04-14,34358400,2367.2,1,0,0,0,0,0,0,0,0,2367.4,3,0,0,0,0,0,0,0,0
206,2017-04-14,09:32:38,900,IH1704,CCFX,2367.2,2365.0,2369.2,151,107254020,16038,16149,2604.8,2131.2,2368,2367.4,0.0,2369.2,0.0,0,0,2017-04-14,34358900,2367.0,3,0,0,0,0,0,0,0,0,2367.4,3,0,0,0,0,0,0,0,0
207,2017-04-14,09:32:39,400,IH1704,CCFX,2367.2,2365.0,2369.2,152,107964180,16037,16149,2604.8,2131.2,2368,2367.4,0.0,2369.2,0.0,0,0,2017-04-14,34359400,2367.0,3,0,0,0,0,0,0,0,0,2367.4,3,0,0,0,0,0,0,0,0
208,2017-04-14,09:32:39,900,IH1704,CCFX,2367.2,2365.0,2369.2,152,107964180,16037,16149,2604.8,2131.2,2368,2367.4,0.0,2369.2,0.0,0,0,2017-04-14,34359900,2367.0,3,0,0,0,0,0,0,0,0,2367.2,2,0,0,0,0,0,0,0,0
209,2017-04-14,09:32:40,400,IH1704,CCFX,2367.0,2365.0,2369.2,155,110094480,16034,16149,2604.8,2131.2,2368,2367.4,0.0,2369.2,0.0,0,0,2017-04-14,34360400,2366.6,2,0,0,0,0,0,0,0,0,2367.2,2,0,0,0,0,0,0,0,0
210,2017-04-14,09:32:40,900,IH1704,CCFX,2367.0,2365.0,2369.2,155,110094480,16034,16149,2604.8,2131.2,2368,2367.4,0.0,2369.2,0.0,0,0,2017-04-14,34360900,2366.6,2,0,0,0,0,0,0,0,0,2367.0,2,0,0,0,0,0,0,0,0
211,2017-04-14,09:32:42,900,IH1704,CCFX,2367.0,2365.0,2369.2,155,110094480,16034,16149,2604.8,2131.2,2368,2367.4,0.0,2369.2,0.0,0,0,2017-04-14,34362900,2366.6,2,0,0,0,0,0,0,0,0,2367.0,2,0,0,0,0,0,0,0,0
212,2017-04-14,09:32:44,400,IH1704,CCFX,2367.0,2365.0,2369.2,155,110094480,16034,16149,2604.8,2131.2,2368,2367.4,0.0,2369.2,0.0,0,0,2017-04-14,34364400,2366.6,2,0,0,0,0,0,0,0,0,2366.8,2,0,0,0,0,0,0,0,0
213,2017-04-14,09:32:44,900,IH1704,CCFX,2366.6,2365.0,2369.2,156,110804460,16033,16149,2604.8,2131.2,2368,2367.4,0.0,2369.2,0.0,0,0,2017-04-14,34364900,2366.6,1,0,0,0,0,0,0,0,0,2366.8,2,0,0,0,0,0,0,0,0
214,2017-04-14,09:32:45,400,IH1704,CCFX,2366.8,2365.0,2369.2,157,111514500,16032,16149,2604.8,2131.2,2368,2367.4,0.0,2369.2,0.0,0,0,2017-04-14,34365400,2366.6,1,0,0,0,0,0,0,0,0,2366.8,1,0,0,0,0,0,0,0,0
215,2017-04-14,09:32:45,900,IH1704,CCFX,2366.8,2365.0,2369.2,158,112224540,16031,16149,2604.8,2131.2,2368,2367.4,0.0,2369.2,0.0,0,0,2017-04-14,34365900,2366.8,1,0,0,0,0,0,0,0,0,2367.0,2,0,0,0,0,0,0,0,0
216,2017-04-14,09:32:46,400,IH1704,CCFX,2367.0,2365.0,2369.2,159,112934640,16030,16149,2604.8,2131.2,2368,2367.4,0.0,2369.2,0.0,0,0,2017-04-14,34366400,2366.6,1,0,0,0,0,0,0,0,0,2367.0,1,0,0,0,0,0,0,0,0
217,2017-04-14,09:32:47,900,IH1704,CCFX,2367.0,2365.0,2369.2,159,112934640,16030,16149,2604.8,2131.2,2368,2367.4,0.0,2369.2,0.0,0,0,2017-04-14,34367900,2366.6,1,0,0,0,0,0,0,0,0,2366.8,1,0,0,0,0,0,0,0,0
218,2017-04-14,09:32:48,900,IH1704,CCFX,2367.0,2365.0,2369.2,159,112934640,16030,16149,2604.8,2131.2,2368,2367.4,0.0,2369.2,0.0,0,0,2017-04-14,34368900,2366.6,5,0,0,0,0,0,0,0,0,2366.8,3,0,0,0,0,0,0,0,0
219,2017-04-14,09:32:49,900,IH1704,CCFX,2366.6,2365.0,2369.2,161,114354600,16029,16149,2604.8,2131.2,2368,2367.4,0.0,2369.2,0.0,0,0,2017-04-14,34369900,2366.6,3,0,0,0,0,0,0,0,0,2366.8,3,0,0,0,0,0,0,0,0
220,2017-04-14,09:32:50,400,IH1704,CCFX,2366.6,2365.0,2369.2,161,114354600,16029,16149,2604.8,2131.2,2368,2367.4,0.0,2369.2,0.0,0,0,2017-04-14,34370400,2366.6,3,0,0,0,0,0,0,0,0,2366.8,3,0,0,0,0,0,0,0,0
221,2017-04-14,09:32:51,400,IH1704,CCFX,2366.6,2365.0,2369.2,164,116484540,16029,16149,2604.8,2131.2,2368,2367.4,0.0,2369.2,0.0,0,0,2017-04-14,34371400,2366.2,1,0,0,0,0,0,0,0,0,2366.8,2,0,0,0,0,0,0,0,0
222,2017-04-14,09:32:51,900,IH1704,CCFX,2366.6,2365.0,2369.2,164,116484540,16029,16149,2604.8,2131.2,2368,2367.4,0.0,2369.2,0.0,0,0,2017-04-14,34371900,2366.2,1,0,0,0,0,0,0,0,0,2366.6,1,0,0,0,0,0,0,0,0
223,2017-04-14,09:32:52,400,IH1704,CCFX,2366.6,2365.0,2369.2,164,116484540,16029,16149,2604.8,2131.2,2368,2367.4,0.0,2369.2,0.0,0,0,2017-04-14,34372400,2366.2,1,0,0,0,0,0,0,0,0,2366.6,1,0,0,0,0,0,0,0,0
224,2017-04-14,09:32:52,900,IH1704,CCFX,2366.6,2365.0,2369.2,164,116484540,16029,16149,2604.8,2131.2,2368,2367.4,0.0,2369.2,0.0,0,0,2017-04-14,34372900,2366.2,1,0,0,0,0,0,0,0,0,2366.6,1,0,0,0,0,0,0,0,0
225,2017-04-14,09:32:55,400,IH1704,CCFX,2366.6,2365.0,2369.2,164,116484540,16029,16149,2604.8,2131.2,2368,2367.4,0.0,2369.2,0.0,0,0,2017-04-14,34375400,2366.4,2,0,0,0,0,0,0,0,0,2366.6,1,0,0,0,0,0,0,0,0
226,2017-04-14,09:32:55,900,IH1704,CCFX,2366.6,2365.0,2369.2,164,116484540,16029,16149,2604.8,2131.2,2368,2367.4,0.0,2369.2,0.0,0,0,2017-04-14,34375900,2366.4,2,0,0,0,0,0,0,0,0,2366.6,1,0,0,0,0,0,0,0,0
227,2017-04-14,09:32:56,400,IH1704,CCFX,2366.6,2365.0,2369.2,164,116484540,16029,16149,2604.8,2131.2,2368,2367.4,0.0,2369.2,0.0,0,0,2017-04-14,34376400,2366.6,4,0,0,0,0,0,0,0,0,2366.8,2,0,0,0,0,0,0,0,0
228,2017-04-14,09:32:56,900,IH1704,CCFX,2366.8,2365.0,2369.2,166,117904620,16027,16149,2604.8,2131.2,2368,2367.4,0.0,2369.2,0.0,0,0,2017-04-14,34376900,2366.8,4,0,0,0,0,0,0,0,0,2367.0,2,0,0,0,0,0,0,0,0
229,2017-04-14,09:32:57,400,IH1704,CCFX,2367.0,2365.0,2369.2,168,119324820,16025,16149,2604.8,2131.2,2368,2367.4,0.0,2369.2,0.0,0,0,2017-04-14,34377400,2367.2,2,0,0,0,0,0,0,0,0,2367.4,3,0,0,0,0,0,0,0,0
230,2017-04-14,09:32:57,900,IH1704,CCFX,2367.4,2365.0,2369.2,171,121455480,16022,16149,2604.8,2131.2,2368,2367.4,0.0,2369.2,0.0,0,0,2017-04-14,34377900,2367.0,1,0,0,0,0,0,0,0,0,2367.8,1,0,0,0,0,0,0,0,0
231,2017-04-14,09:32:58,400,IH1704,CCFX,2367.8,2365.0,2369.2,172,122165820,16021,16149,2604.8,2131.2,2368,2367.4,0.0,2369.2,0.0,0,0,2017-04-14,34378400,2367.2,1,0,0,0,0,0,0,0,0,2368.0,4,0,0,0,0,0,0,0,0
232,2017-04-14,09:32:58,900,IH1704,CCFX,2367.8,2365.0,2369.2,172,122165820,16021,16149,2604.8,2131.2,2368,2367.4,0.0,2369.2,0.0,0,0,2017-04-14,34378900,2367.2,1,0,0,0,0,0,0,0,0,2367.8,1,0,0,0,0,0,0,0,0
233,2017-04-14,09:33:00,400,IH1704,CCFX,2367.8,2365.0,2369.2,172,122165820,16021,16149,2604.8,2131.2,2368,2367.4,0.0,2369.2,0.0,0,0,2017-04-14,34380400,2367.4,2,0,0,0,0,0,0,0,0,2367.6,2,0,0,0,0,0,0,0,0
234,2017-04-14,09:33:00,900,IH1704,CCFX,2367.8,2365.0,2369.2,172,122165820,16021,16149,2604.8,2131.2,2368,2367.4,0.0,2369.2,0.0,0,0,2017-04-14,34380900,2367.4,2,0,0,0,0,0,0,0,0,2367.6,2,0,0,0,0,0,0,0,0
235,2017-04-14,09:33:01,400,IH1704,CCFX,2367.8,2365.0,2369.2,172,122165820,16021,16149,2604.8,2131.2,2368,2367.4,0.0,2369.2,0.0,0,0,2017-04-14,34381400,2367.4,2,0,0,0,0,0,0,0,0,2367.6,2,0,0,0,0,0,0,0,0
236,2017-04-14,09:33:02,900,IH1704,CCFX,2367.6,2365.0,2369.2,173,122876100,16020,16149,2604.8,2131.2,2368,2367.4,0.0,2369.2,0.0,0,0,2017-04-14,34382900,2367.4,2,0,0,0,0,0,0,0,0,2367.6,1,0,0,0,0,0,0,0,0
237,2017-04-14,09:33:03,900,IH1704,CCFX,2367.4,2365.0,2369.2,174,123586320,16019,16149,2604.8,2131.2,2368,2367.4,0.0,2369.2,0.0,0,0,2017-04-14,34383900,2367.4,1,0,0,0,0,0,0,0,0,2367.6,3,0,0,0,0,0,0,0,0
238,2017-04-14,09:33:04,400,IH1704,CCFX,2367.4,2365.0,2369.2,175,124296540,16018,16149,2604.8,2131.2,2368,2367.4,0.0,2369.2,0.0,0,0,2017-04-14,34384400,2366.4,2,0,0,0,0,0,0,0,0,2367.0,1,0,0,0,0,0,0,0,0
239,2017-04-14,09:33:04,900,IH1704,CCFX,2367.4,2365.0,2369.2,176,125006760,16018,16149,2604.8,2131.2,2368,2367.4,0.0,2369.2,0.0,0,0,2017-04-14,34384900,2366.8,2,0,0,0,0,0,0,0,0,2367.0,2,0,0,0,0,0,0,0,0
240,2017-04-14,09:33:05,400,IH1704,CCFX,2367.0,2365.0,2369.2,178,126426960,16016,16149,2604.8,2131.2,2368,2367.4,0.0,2369.2,0.0,0,0,2017-04-14,34385400,2367.4,1,0,0,0,0,0,0,0,0,2367.6,3,0,0,0,0,0,0,0,0
241,2017-04-14,09:33:05,900,IH1704,CCFX,2367.0,2365.0,2369.2,178,126426960,16016,16149,2604.8,2131.2,2368,2367.4,0.0,2369.2,0.0,0,0,2017-04-14,34385900,2367.0,1,0,0,0,0,0,0,0,0,2367.6,3,0,0,0,0,0,0,0,0
242,2017-04-14,09:33:06,400,IH1704,CCFX,2367.0,2365.0,2369.2,178,126426960,16016,16149,2604.8,2131.2,2368,2367.4,0.0,2369.2,0.0,0,0,2017-04-14,34386400,2366.6,9,0,0,0,0,0,0,0,0,2367.0,1,0,0,0,0,0,0,0,0
243,2017-04-14,09:33:06,900,IH1704,CCFX,2367.0,2365.0,2369.2,179,127137060,16015,16149,2604.8,2131.2,2368,2367.4,0.0,2369.2,0.0,0,0,2017-04-14,34386900,2367.0,4,0,0,0,0,0,0,0,0,2367.6,3,0,0,0,0,0,0,0,0
244,2017-04-14,09:33:07,400,IH1704,CCFX,2367.0,2365.0,2369.2,179,127137060,16015,16149,2604.8,2131.2,2368,2367.4,0.0,2369.2,0.0,0,0,2017-04-14,34387400,2367.0,1,0,0,0,0,0,0,0,0,2367.2,2,0,0,0,0,0,0,0,0
245,2017-04-14,09:33:07,900,IH1704,CCFX,2367.2,2365.0,2369.2,181,128557380,16013,16149,2604.8,2131.2,2368,2367.4,0.0,2369.2,0.0,0,0,2017-04-14,34387900,2366.8,1,0,0,0,0,0,0,0,0,2367.4,1,0,0,0,0,0,0,0,0
246,2017-04-14,09:33:08,400,IH1704,CCFX,2366.8,2365.0,2369.2,182,129267420,16012,16149,2604.8,2131.2,2368,2367.4,0.0,2369.2,0.0,0,0,2017-04-14,34388400,2367.0,1,0,0,0,0,0,0,0,0,2367.4,1,0,0,0,0,0,0,0,0
247,2017-04-14,09:33:08,900,IH1704,CCFX,2366.8,2365.0,2369.2,182,129267420,16012,16149,2604.8,2131.2,2368,2367.4,0.0,2369.2,0.0,0,0,2017-04-14,34388900,2367.0,1,0,0,0,0,0,0,0,0,2367.2,2,0,0,0,0,0,0,0,0
248,2017-04-14,09:33:09,900,IH1704,CCFX,2367.0,2365.0,2369.2,183,129977520,16011,16149,2604.8,2131.2,2368,2367.4,0.0,2369.2,0.0,0,0,2017-04-14,34389900,2366.6,5,0,0,0,0,0,0,0,0,2367.0,2,0,0,0,0,0,0,0,0
249,2017-04-14,09:33:10,400,IH1704,CCFX,2367.0,2365.0,2369.2,185,131397720,16009,16149,2604.8,2131.2,2368,2367.4,0.0,2369.2,0.0,0,0,2017-04-14,34390400,2366.6,5,0,0,0,0,0,0,0,0,2367.2,2,0,0,0,0,0,0,0,0
250,2017-04-14,09:33:10,900,IH1704,CCFX,2367.0,2365.0,2369.2,185,131397720,16009,16149,2604.8,2131.2,2368,2367.4,0.0,2369.2,0.0,0,0,2017-04-14,34390900,2366.8,1,0,0,0,0,0,0,0,0,2367.2,2,0,0,0,0,0,0,0,0
251,2017-04-14,09:33:12,400,IH1704,CCFX,2367.0,2365.0,2369.2,185,131397720,16009,16149,2604.8,2131.2,2368,2367.4,0.0,2369.2,0.0,0,0,2017-04-14,34392400,2366.8,2,0,0,0,0,0,0,0,0,2367.2,2,0,0,0,0,0,0,0,0
252,2017-04-14,09:33:12,900,IH1704,CCFX,2366.8,2365.0,2369.2,186,132107760,16008,16149,2604.8,2131.2,2368,2367.4,0.0,2369.2,0.0,0,0,2017-04-14,34392900,2366.8,1,0,0,0,0,0,0,0,0,2367.2,2,0,0,0,0,0,0,0,0
253,2017-04-14,09:33:13,400,IH1704,CCFX,2366.8,2365.0,2369.2,187,132817800,16007,16149,2604.8,2131.2,2368,2367.4,0.0,2369.2,0.0,0,0,2017-04-14,34393400,2367.0,5,0,0,0,0,0,0,0,0,2367.4,1,0,0,0,0,0,0,0,0
254,2017-04-14,09:33:14,400,IH1704,CCFX,2366.8,2365.0,2369.2,187,132817800,16007,16149,2604.8,2131.2,2368,2367.4,0.0,2369.2,0.0,0,0,2017-04-14,34394400,2367.0,5,0,0,0,0,0,0,0,0,2368.0,2,0,0,0,0,0,0,0,0
255,2017-04-14,09:33:14,900,IH1704,CCFX,2366.8,2365.0,2369.2,187,132817800,16007,16149,2604.8,2131.2,2368,2367.4,0.0,2369.2,0.0,0,0,2017-04-14,34394900,2367.0,5,0,0,0,0,0,0,0,0,2367.8,2,0,0,0,0,0,0,0,0
256,2017-04-14,09:33:15,400,IH1704,CCFX,2366.8,2365.0,2369.2,187,132817800,16007,16149,2604.8,2131.2,2368,2367.4,0.0,2369.2,0.0,0,0,2017-04-14,34395400,2367.0,5,0,0,0,0,0,0,0,0,2367.6,1,0,0,0,0,0,0,0,0
257,2017-04-14,09:33:15,900,IH1704,CCFX,2366.8,2365.0,2369.2,187,132817800,16007,16149,2604.8,2131.2,2368,2367.4,0.0,2369.2,0.0,0,0,2017-04-14,34395900,2367.0,5,0,0,0,0,0,0,0,0,2367.6,1,0,0,0,0,0,0,0,0
258,2017-04-14,09:33:16,400,IH1704,CCFX,2366.8,2365.0,2369.2,187,132817800,16007,16149,2604.8,2131.2,2368,2367.4,0.0,2369.2,0.0,0,0,2017-04-14,34396400,2367.0,5,0,0,0,0,0,0,0,0,2367.4,1,0,0,0,0,0,0,0,0
259,2017-04-14,09:33:16,900,IH1704,CCFX,2366.8,2365.0,2369.2,187,132817800,16007,16149,2604.8,2131.2,2368,2367.4,0.0,2369.2,0.0,0,0,2017-04-14,34396900,2367.0,5,0,0,0,0,0,0,0,0,2367.4,3,0,0,0,0,0,0,0,0
260,2017-04-14,09:33:17,900,IH1704,CCFX,2367.0,2365.0,2369.2,189,134238000,16005,16149,2604.8,2131.2,2368,2367.4,0.0,2369.2,0.0,0,0,2017-04-14,34397900,2367.0,3,0,0,0,0,0,0,0,0,2367.4,3,0,0,0,0,0,0,0,0
261,2017-04-14,09:33:18,400,IH1704,CCFX,2367.0,2365.0,2369.2,193,137078400,16004,16149,2604.8,2131.2,2368,2367.4,0.0,2369.2,0.0,0,0,2017-04-14,34398400,2366.4,2,0,0,0,0,0,0,0,0,2367.4,3,0,0,0,0,0,0,0,0
262,2017-04-14,09:33:18,900,IH1704,CCFX,2367.4,2365.0,2369.2,198,140629500,15999,16149,2604.8,2131.2,2368,2367.4,0.0,2369.2,0.0,0,0,2017-04-14,34398900,2367.4,1,0,0,0,0,0,0,0,0,2367.6,2,0,0,0,0,0,0,0,0
263,2017-04-14,09:33:19,400,IH1704,CCFX,2367.4,2365.0,2369.2,199,141339720,15998,16149,2604.8,2131.2,2368,2367.4,0.0,2369.2,0.0,0,0,2017-04-14,34399400,2367.2,1,0,0,0,0,0,0,0,0,2367.6,2,0,0,0,0,0,0,0,0
264,2017-04-14,09:33:19,900,IH1704,CCFX,2367.2,2365.0,2369.2,200,142049880,15997,16149,2604.8,2131.2,2368,2367.4,0.0,2369.2,0.0,0,0,2017-04-14,34399900,2366.4,2,0,0,0,0,0,0,0,0,2367.2,1,0,0,0,0,0,0,0,0
265,2017-04-14,09:33:20,900,IH1704,CCFX,2367.2,2365.0,2369.2,200,142049880,15997,16149,2604.8,2131.2,2368,2367.4,0.0,2369.2,0.0,0,0,2017-04-14,34400900,2366.4,2,0,0,0,0,0,0,0,0,2367.2,1,0,0,0,0,0,0,0,0
266,2017-04-14,09:33:21,400,IH1704,CCFX,2367.2,2365.0,2369.2,201,142760040,15996,16149,2604.8,2131.2,2368,2367.4,0.0,2369.2,0.0,0,0,2017-04-14,34401400,2366.6,1,0,0,0,0,0,0,0,0,2367.4,2,0,0,0,0,0,0,0,0
267,2017-04-14,09:33:21,900,IH1704,CCFX,2367.2,2365.0,2369.2,201,142760040,15996,16149,2604.8,2131.2,2368,2367.4,0.0,2369.2,0.0,0,0,2017-04-14,34401900,2366.6,1,0,0,0,0,0,0,0,0,2367.4,2,0,0,0,0,0,0,0,0
268,2017-04-14,09:33:22,900,IH1704,CCFX,2367.2,2365.0,2369.2,201,142760040,15996,16149,2604.8,2131.2,2368,2367.4,0.0,2369.2,0.0,0,0,2017-04-14,34402900,2366.8,2,0,0,0,0,0,0,0,0,2367.4,2,0,0,0,0,0,0,0,0
269,2017-04-14,09:33:23,400,IH1704,CCFX,2366.8,2365.0,2369.2,202,143470080,15995,16149,2604.8,2131.2,2368,2367.4,0.0,2369.2,0.0,0,0,2017-04-14,34403400,2366.8,2,0,0,0,0,0,0,0,0,2367.2,2,0,0,0,0,0,0,0,0
270,2017-04-14,09:33:27,400,IH1704,CCFX,2366.8,2365.0,2369.2,203,144180120,15994,16149,2604.8,2131.2,2368,2367.4,0.0,2369.2,0.0,0,0,2017-04-14,34407400,2366.8,1,0,0,0,0,0,0,0,0,2367.2,2,0,0,0,0,0,0,0,0
271,2017-04-14,09:33:27,900,IH1704,CCFX,2366.8,2365.0,2369.2,203,144180120,15994,16149,2604.8,2131.2,2368,2367.4,0.0,2369.2,0.0,0,0,2017-04-14,34407900,2367.0,1,0,0,0,0,0,0,0,0,2367.2,2,0,0,0,0,0,0,0,0
272,2017-04-14,09:33:28,400,IH1704,CCFX,2366.8,2365.0,2369.2,204,144890160,15993,16149,2604.8,2131.2,2368,2367.4,0.0,2369.2,0.0,0,0,2017-04-14,34408400,2366.8,1,0,0,0,0,0,0,0,0,2367.2,2,0,0,0,0,0,0,0,0
273,2017-04-14,09:33:28,900,IH1704,CCFX,2366.8,2365.0,2369.2,204,144890160,15993,16149,2604.8,2131.2,2368,2367.4,0.0,2369.2,0.0,0,0,2017-04-14,34408900,2366.8,1,0,0,0,0,0,0,0,0,2367.0,1,0,0,0,0,0,0,0,0
274,2017-04-14,09:33:30,900,IH1704,CCFX,2367.0,2365.0,2369.2,205,145600260,15992,16149,2604.8,2131.2,2368,2367.4,0.0,2369.2,0.0,0,0,2017-04-14,34410900,2366.8,1,0,0,0,0,0,0,0,0,2367.2,2,0,0,0,0,0,0,0,0
275,2017-04-14,09:33:31,400,IH1704,CCFX,2366.8,2365.0,2369.2,206,146310300,15991,16149,2604.8,2131.2,2368,2367.4,0.0,2369.2,0.0,0,0,2017-04-14,34411400,2366.6,1,0,0,0,0,0,0,0,0,2366.8,1,0,0,0,0,0,0,0,0
276,2017-04-14,09:33:31,900,IH1704,CCFX,2366.8,2365.0,2369.2,207,147020340,15990,16149,2604.8,2131.2,2368,2367.4,0.0,2369.2,0.0,0,0,2017-04-14,34411900,2366.8,1,0,0,0,0,0,0,0,0,2367.2,2,0,0,0,0,0,0,0,0
277,2017-04-14,09:33:32,900,IH1704,CCFX,2366.8,2365.0,2369.2,207,147020340,15990,16149,2604.8,2131.2,2368,2367.4,0.0,2369.2,0.0,0,0,2017-04-14,34412900,2366.6,1,0,0,0,0,0,0,0,0,2367.2,2,0,0,0,0,0,0,0,0
278,2017-04-14,09:33:33,400,IH1704,CCFX,2366.8,2365.0,2369.2,208,147730380,15989,16149,2604.8,2131.2,2368,2367.4,0.0,2369.2,0.0,0,0,2017-04-14,34413400,2367.0,1,0,0,0,0,0,0,0,0,2367.2,2,0,0,0,0,0,0,0,0
279,2017-04-14,09:33:34,400,IH1704,CCFX,2366.6,2365.0,2369.2,210,149150460,15987,16149,2604.8,2131.2,2368,2367.4,0.0,2369.2,0.0,0,0,2017-04-14,34414400,2366.4,2,0,0,0,0,0,0,0,0,2367.2,2,0,0,0,0,0,0,0,0
280,2017-04-14,09:33:34,900,IH1704,CCFX,2366.6,2365.0,2369.2,210,149150460,15987,16149,2604.8,2131.2,2368,2367.4,0.0,2369.2,0.0,0,0,2017-04-14,34414900,2366.4,2,0,0,0,0,0,0,0,0,2367.2,2,0,0,0,0,0,0,0,0
281,2017-04-14,09:33:35,400,IH1704,CCFX,2366.6,2365.0,2369.2,210,149150460,15987,16149,2604.8,2131.2,2368,2367.4,0.0,2369.2,0.0,0,0,2017-04-14,34415400,2366.8,1,0,0,0,0,0,0,0,0,2367.2,2,0,0,0,0,0,0,0,0
282,2017-04-14,09:33:35,900,IH1704,CCFX,2366.8,2365.0,2369.2,213,151280700,15984,16149,2604.8,2131.2,2368,2367.4,0.0,2369.2,0.0,0,0,2017-04-14,34415900,2366.4,2,0,0,0,0,0,0,0,0,2367.2,1,0,0,0,0,0,0,0,0
283,2017-04-14,09:33:36,400,IH1704,CCFX,2367.2,2365.0,2369.2,214,151990860,15984,16149,2604.8,2131.2,2368,2367.4,0.0,2369.2,0.0,0,0,2017-04-14,34416400,2366.4,2,0,0,0,0,0,0,0,0,2367.4,2,0,0,0,0,0,0,0,0
284,2017-04-14,09:33:36,900,IH1704,CCFX,2367.2,2365.0,2369.2,214,151990860,15984,16149,2604.8,2131.2,2368,2367.4,0.0,2369.2,0.0,0,0,2017-04-14,34416900,2366.4,2,0,0,0,0,0,0,0,0,2367.4,2,0,0,0,0,0,0,0,0
285,2017-04-14,09:33:38,400,IH1704,CCFX,2367.4,2365.0,2369.2,216,153411300,15982,16149,2604.8,2131.2,2368,2367.4,0.0,2369.2,0.0,0,0,2017-04-14,34418400,2366.6,1,0,0,0,0,0,0,0,0,2367.6,1,0,0,0,0,0,0,0,0
286,2017-04-14,09:33:38,900,IH1704,CCFX,2366.6,2365.0,2369.2,217,154121280,15981,16149,2604.8,2131.2,2368,2367.4,0.0,2369.2,0.0,0,0,2017-04-14,34418900,2366.4,2,0,0,0,0,0,0,0,0,2367.6,1,0,0,0,0,0,0,0,0
287,2017-04-14,09:33:39,400,IH1704,CCFX,2366.6,2365.0,2369.2,217,154121280,15981,16149,2604.8,2131.2,2368,2367.4,0.0,2369.2,0.0,0,0,2017-04-14,34419400,2366.6,2,0,0,0,0,0,0,0,0,2367.4,1,0,0,0,0,0,0,0,0
288,2017-04-14,09:33:39,900,IH1704,CCFX,2366.6,2365.0,2369.2,217,154121280,15981,16149,2604.8,2131.2,2368,2367.4,0.0,2369.2,0.0,0,0,2017-04-14,34419900,2366.6,2,0,0,0,0,0,0,0,0,2367.4,1,0,0,0,0,0,0,0,0
289,2017-04-14,09:33:40,900,IH1704,CCFX,2367.4,2365.0,2369.2,218,154831500,15980,16149,2604.8,2131.2,2368,2367.4,0.0,2369.2,0.0,0,0,2017-04-14,34420900,2366.8,2,0,0,0,0,0,0,0,0,2367.6,1,0,0,0,0,0,0,0,0
290,2017-04-14,09:33:41,400,IH1704,CCFX,2367.4,2365.0,2369.2,218,154831500,15980,16149,2604.8,2131.2,2368,2367.4,0.0,2369.2,0.0,0,0,2017-04-14,34421400,2366.8,2,0,0,0,0,0,0,0,0,2367.2,2,0,0,0,0,0,0,0,0
291,2017-04-14,09:33:41,900,IH1704,CCFX,2367.4,2365.0,2369.2,218,154831500,15980,16149,2604.8,2131.2,2368,2367.4,0.0,2369.2,0.0,0,0,2017-04-14,34421900,2366.8,2,0,0,0,0,0,0,0,0,2367.2,4,0,0,0,0,0,0,0,0
292,2017-04-14,09:33:42,400,IH1704,CCFX,2367.4,2365.0,2369.2,218,154831500,15980,16149,2604.8,2131.2,2368,2367.4,0.0,2369.2,0.0,0,0,2017-04-14,34422400,2366.8,3,0,0,0,0,0,0,0,0,2367.0,1,0,0,0,0,0,0,0,0
293,2017-04-14,09:33:43,900,IH1704,CCFX,2367.0,2365.0,2369.2,221,156961680,15978,16149,2604.8,2131.2,2368,2367.4,0.0,2369.2,0.0,0,0,2017-04-14,34423900,2366.8,1,0,0,0,0,0,0,0,0,2367.4,1,0,0,0,0,0,0,0,0
294,2017-04-14,09:33:44,400,IH1704,CCFX,2367.0,2365.0,2369.2,221,156961680,15978,16149,2604.8,2131.2,2368,2367.4,0.0,2369.2,0.0,0,0,2017-04-14,34424400,2367.0,1,0,0,0,0,0,0,0,0,2367.2,1,0,0,0,0,0,0,0,0
295,2017-04-14,09:33:45,400,IH1704,CCFX,2367.0,2365.0,2369.2,222,157671780,15977,16149,2604.8,2131.2,2368,2367.4,0.0,2369.2,0.0,0,0,2017-04-14,34425400,2366.8,1,0,0,0,0,0,0,0,0,2367.2,1,0,0,0,0,0,0,0,0
296,2017-04-14,09:33:45,900,IH1704,CCFX,2367.0,2365.0,2369.2,222,157671780,15977,16149,2604.8,2131.2,2368,2367.4,0.0,2369.2,0.0,0,0,2017-04-14,34425900,2366.8,1,0,0,0,0,0,0,0,0,2367.0,2,0,0,0,0,0,0,0,0
297,2017-04-14,09:33:46,400,IH1704,CCFX,2366.8,2365.0,2369.2,223,158381820,15976,16149,2604.8,2131.2,2368,2367.4,0.0,2369.2,0.0,0,0,2017-04-14,34426400,2366.4,3,0,0,0,0,0,0,0,0,2367.0,2,0,0,0,0,0,0,0,0
298,2017-04-14,09:33:46,900,IH1704,CCFX,2366.8,2365.0,2369.2,223,158381820,15976,16149,2604.8,2131.2,2368,2367.4,0.0,2369.2,0.0,0,0,2017-04-14,34426900,2366.4,3,0,0,0,0,0,0,0,0,2366.8,2,0,0,0,0,0,0,0,0
299,2017-04-14,09:33:47,400,IH1704,CCFX,2366.8,2365.0,2369.2,225,159801900,15974,16149,2604.8,2131.2,2368,2367.4,0.0,2369.2,0.0,0,0,2017-04-14,34427400,2366.4,2,0,0,0,0,0,0,0,0,2367.0,2,0,0,0,0,0,0,0,0
300,2017-04-14,09:33:47,900,IH1704,CCFX,2367.0,2365.0,2369.2,226,160512000,15973,16149,2604.8,2131.2,2368,2367.4,0.0,2369.2,0.0,0,0,2017-04-14,34427900,2366.4,2,0,0,0,0,0,0,0,0,2367.0,1,0,0,0,0,0,0,0,0
301,2017-04-14,09:33:48,900,IH1704,CCFX,2367.0,2365.0,2369.2,228,161932020,15971,16149,2604.8,2131.2,2368,2367.4,0.0,2369.2,0.0,0,0,2017-04-14,34428900,2366.4,1,0,0,0,0,0,0,0,0,2367.2,1,0,0,0,0,0,0,0,0
302,2017-04-14,09:33:50,900,IH1704,CCFX,2367.2,2365.0,2369.2,229,162642180,15970,16149,2604.8,2131.2,2368,2367.4,0.0,2369.2,0.0,0,0,2017-04-14,34430900,2366.4,1,0,0,0,0,0,0,0,0,2367.4,1,0,0,0,0,0,0,0,0
303,2017-04-14,09:33:51,400,IH1704,CCFX,2367.2,2365.0,2369.2,229,162642180,15970,16149,2604.8,2131.2,2368,2367.4,0.0,2369.2,0.0,0,0,2017-04-14,34431400,2366.4,1,0,0,0,0,0,0,0,0,2367.0,2,0,0,0,0,0,0,0,0
304,2017-04-14,09:33:53,900,IH1704,CCFX,2366.4,2365.0,2369.2,230,163352100,15969,16149,2604.8,2131.2,2368,2367.4,0.0,2369.2,0.0,0,0,2017-04-14,34433900,2366.2,2,0,0,0,0,0,0,0,0,2367.0,2,0,0,0,0,0,0,0,0
305,2017-04-14,09:33:54,400,IH1704,CCFX,2366.4,2365.0,2369.2,231,164062020,15968,16149,2604.8,2131.2,2368,2367.4,0.0,2369.2,0.0,0,0,2017-04-14,34434400,2366.2,2,0,0,0,0,0,0,0,0,2367.0,2,0,0,0,0,0,0,0,0
306,2017-04-14,09:33:54,900,IH1704,CCFX,2366.4,2365.0,2369.2,231,164062020,15968,16149,2604.8,2131.2,2368,2367.4,0.0,2369.2,0.0,0,0,2017-04-14,34434900,2366.2,2,0,0,0,0,0,0,0,0,2366.4,1,0,0,0,0,0,0,0,0
307,2017-04-14,09:33:55,400,IH1704,CCFX,2366.4,2365.0,2369.2,231,164062020,15968,16149,2604.8,2131.2,2368,2367.4,0.0,2369.2,0.0,0,0,2017-04-14,34435400,2366.2,2,0,0,0,0,0,0,0,0,2367.0,2,0,0,0,0,0,0,0,0
308,2017-04-14,09:33:55,900,IH1704,CCFX,2366.4,2365.0,2369.2,231,164062020,15968,16149,2604.8,2131.2,2368,2367.4,0.0,2369.2,0.0,0,0,2017-04-14,34435900,2366.2,2,0,0,0,0,0,0,0,0,2366.4,1,0,0,0,0,0,0,0,0
309,2017-04-14,09:33:56,400,IH1704,CCFX,2366.4,2365.0,2369.2,231,164062020,15968,16149,2604.8,2131.2,2368,2367.4,0.0,2369.2,0.0,0,0,2017-04-14,34436400,2366.2,2,0,0,0,0,0,0,0,0,2367.0,2,0,0,0,0,0,0,0,0
310,2017-04-14,09:33:56,900,IH1704,CCFX,2366.4,2365.0,2369.2,231,164062020,15968,16149,2604.8,2131.2,2368,2367.4,0.0,2369.2,0.0,0,0,2017-04-14,34436900,2366.2,2,0,0,0,0,0,0,0,0,2366.4,1,0,0,0,0,0,0,0,0
311,2017-04-14,09:33:57,400,IH1704,CCFX,2366.4,2365.0,2369.2,231,164062020,15968,16149,2604.8,2131.2,2368,2367.4,0.0,2369.2,0.0,0,0,2017-04-14,34437400,2366.2,2,0,0,0,0,0,0,0,0,2367.0,2,0,0,0,0,0,0,0,0
312,2017-04-14,09:33:57,900,IH1704,CCFX,2366.4,2365.0,2369.2,231,164062020,15968,16149,2604.8,2131.2,2368,2367.4,0.0,2369.2,0.0,0,0,2017-04-14,34437900,2366.4,4,0,0,0,0,0,0,0,0,2367.0,2,0,0,0,0,0,0,0,0
313,2017-04-14,09:33:58,400,IH1704,CCFX,2366.4,2365.0,2369.2,231,164062020,15968,16149,2604.8,2131.2,2368,2367.4,0.0,2369.2,0.0,0,0,2017-04-14,34438400,2366.4,4,0,0,0,0,0,0,0,0,2366.6,1,0,0,0,0,0,0,0,0
314,2017-04-14,09:33:58,900,IH1704,CCFX,2366.4,2365.0,2369.2,232,164771940,15967,16149,2604.8,2131.2,2368,2367.4,0.0,2369.2,0.0,0,0,2017-04-14,34438900,2366.4,3,0,0,0,0,0,0,0,0,2367.0,2,0,0,0,0,0,0,0,0
315,2017-04-14,09:33:59,400,IH1704,CCFX,2366.4,2365.0,2369.2,233,165481860,15966,16149,2604.8,2131.2,2368,2367.4,0.0,2369.2,0.0,0,0,2017-04-14,34439400,2366.4,2,0,0,0,0,0,0,0,0,2367.0,2,0,0,0,0,0,0,0,0
316,2017-04-14,09:33:59,900,IH1704,CCFX,2366.8,2365.0,2369.2,234,166191900,15965,16149,2604.8,2131.2,2368,2367.4,0.0,2369.2,0.0,0,0,2017-04-14,34439900,2366.4,2,0,0,0,0,0,0,0,0,2366.8,2,0,0,0,0,0,0,0,0
317,2017-04-14,09:34:00,400,IH1704,CCFX,2366.8,2365.0,2369.2,238,169031640,15962,16149,2604.8,2131.2,2368,2367.4,0.0,2369.2,0.0,0,0,2017-04-14,34440400,2366.2,1,0,0,0,0,0,0,0,0,2366.8,1,0,0,0,0,0,0,0,0
318,2017-04-14,09:34:00,900,IH1704,CCFX,2366.8,2365.0,2369.2,238,169031640,15962,16149,2604.8,2131.2,2368,2367.4,0.0,2369.2,0.0,0,0,2017-04-14,34440900,2366.2,1,0,0,0,0,0,0,0,0,2366.4,2,0,0,0,0,0,0,0,0
319,2017-04-14,09:34:01,400,IH1704,CCFX,2366.2,2365.0,2369.2,239,169741500,15961,16149,2604.8,2131.2,2368,2367.4,0.0,2369.2,0.0,0,0,2017-04-14,34441400,2365.8,1,0,0,0,0,0,0,0,0,2366.8,1,0,0,0,0,0,0,0,0
320,2017-04-14,09:34:01,900,IH1704,CCFX,2367.0,2365.0,2369.2,241,171161640,15959,16149,2604.8,2131.2,2368,2367.4,0.0,2369.2,0.0,0,0,2017-04-14,34441900,2365.8,1,0,0,0,0,0,0,0,0,2366.2,2,0,0,0,0,0,0,0,0
321,2017-04-14,09:34:02,400,IH1704,CCFX,2366.2,2365.0,2369.2,243,172581360,15959,16149,2604.8,2131.2,2368,2367.4,0.0,2369.2,0.0,0,0,2017-04-14,34442400,2365.8,1,0,0,0,0,0,0,0,0,2367.0,1,0,0,0,0,0,0,0,0
322,2017-04-14,09:34:02,900,IH1704,CCFX,2366.0,2365.0,2369.2,245,174000960,15957,16149,2604.8,2131.2,2368,2367.4,0.0,2369.2,0.0,0,0,2017-04-14,34442900,2366.0,3,0,0,0,0,0,0,0,0,2366.8,1,0,0,0,0,0,0,0,0
323,2017-04-14,09:34:03,400,IH1704,CCFX,2366.0,2365.0,2369.2,245,174000960,15957,16149,2604.8,2131.2,2368,2367.4,0.0,2369.2,0.0,0,0,2017-04-14,34443400,2366.0,3,0,0,0,0,0,0,0,0,2366.8,2,0,0,0,0,0,0,0,0
324,2017-04-14,09:34:03,900,IH1704,CCFX,2366.0,2365.0,2369.2,248,176130360,15954,16149,2604.8,2131.2,2368,2367.4,0.0,2369.2,0.0,0,0,2017-04-14,34443900,2365.8,1,0,0,0,0,0,0,0,0,2366.0,2,0,0,0,0,0,0,0,0
325,2017-04-14,09:34:04,400,IH1704,CCFX,2366.0,2365.0,2369.2,251,178259700,15952,16149,2604.8,2131.2,2368,2367.4,0.0,2369.2,0.0,0,0,2017-04-14,34444400,2366.4,1,0,0,0,0,0,0,0,0,2366.8,1,0,0,0,0,0,0,0,0
326,2017-04-14,09:34:04,900,IH1704,CCFX,2366.0,2365.0,2369.2,251,178259700,15952,16149,2604.8,2131.2,2368,2367.4,0.0,2369.2,0.0,0,0,2017-04-14,34444900,2366.4,1,0,0,0,0,0,0,0,0,2366.6,6,0,0,0,0,0,0,0,0
327,2017-04-14,09:34:05,400,IH1704,CCFX,2366.4,2365.0,2369.2,252,178969620,15951,16149,2604.8,2131.2,2368,2367.4,0.0,2369.2,0.0,0,0,2017-04-14,34445400,2366.0,1,0,0,0,0,0,0,0,0,2366.4,2,0,0,0,0,0,0,0,0
328,2017-04-14,09:34:05,900,IH1704,CCFX,2366.4,2365.0,2369.2,252,178969620,15951,16149,2604.8,2131.2,2368,2367.4,0.0,2369.2,0.0,0,0,2017-04-14,34445900,2366.0,1,0,0,0,0,0,0,0,0,2366.6,4,0,0,0,0,0,0,0,0
329,2017-04-14,09:34:06,400,IH1704,CCFX,2366.4,2365.0,2369.2,252,178969620,15951,16149,2604.8,2131.2,2368,2367.4,0.0,2369.2,0.0,0,0,2017-04-14,34446400,2366.2,1,0,0,0,0,0,0,0,0,2366.6,4,0,0,0,0,0,0,0,0
330,2017-04-14,09:34:06,900,IH1704,CCFX,2366.4,2365.0,2369.2,252,178969620,15951,16149,2604.8,2131.2,2368,2367.4,0.0,2369.2,0.0,0,0,2017-04-14,34446900,2366.2,1,0,0,0,0,0,0,0,0,2366.6,4,0,0,0,0,0,0,0,0
331,2017-04-14,09:34:07,400,IH1704,CCFX,2366.4,2365.0,2369.2,252,178969620,15951,16149,2604.8,2131.2,2368,2367.4,0.0,2369.2,0.0,0,0,2017-04-14,34447400,2366.2,1,0,0,0,0,0,0,0,0,2366.4,1,0,0,0,0,0,0,0,0
332,2017-04-14,09:34:08,400,IH1704,CCFX,2366.2,2365.0,2369.2,253,179679480,15951,16149,2604.8,2131.2,2368,2367.4,0.0,2369.2,0.0,0,0,2017-04-14,34448400,2366.0,3,0,0,0,0,0,0,0,0,2366.4,2,0,0,0,0,0,0,0,0
333,2017-04-14,09:34:08,900,IH1704,CCFX,2366.0,2365.0,2369.2,254,180389280,15950,16149,2604.8,2131.2,2368,2367.4,0.0,2369.2,0.0,0,0,2017-04-14,34448900,2366.0,1,0,0,0,0,0,0,0,0,2366.2,1,0,0,0,0,0,0,0,0
334,2017-04-14,09:34:09,400,IH1704,CCFX,2366.0,2365.0,2369.2,255,181099080,15950,16149,2604.8,2131.2,2368,2367.4,0.0,2369.2,0.0,0,0,2017-04-14,34449400,2365.6,1,0,0,0,0,0,0,0,0,2366.2,5,0,0,0,0,0,0,0,0
335,2017-04-14,09:34:09,900,IH1704,CCFX,2366.2,2365.0,2369.2,257,182518800,15949,16149,2604.8,2131.2,2368,2367.4,0.0,2369.2,0.0,0,0,2017-04-14,34449900,2365.6,1,0,0,0,0,0,0,0,0,2366.2,3,0,0,0,0,0,0,0,0
336,2017-04-14,09:34:10,900,IH1704,CCFX,2366.2,2365.0,2369.2,257,182518800,15949,16149,2604.8,2131.2,2368,2367.4,0.0,2369.2,0.0,0,0,2017-04-14,34450900,2365.6,1,0,0,0,0,0,0,0,0,2366.2,3,0,0,0,0,0,0,0,0
337,2017-04-14,09:34:11,400,IH1704,CCFX,2366.2,2365.0,2369.2,257,182518800,15949,16149,2604.8,2131.2,2368,2367.4,0.0,2369.2,0.0,0,0,2017-04-14,34451400,2365.8,1,0,0,0,0,0,0,0,0,2366.0,2,0,0,0,0,0,0,0,0
338,2017-04-14,09:34:11,900,IH1704,CCFX,2366.2,2365.0,2369.2,257,182518800,15949,16149,2604.8,2131.2,2368,2367.4,0.0,2369.2,0.0,0,0,2017-04-14,34451900,2365.8,1,0,0,0,0,0,0,0,0,2366.0,2,0,0,0,0,0,0,0,0
339,2017-04-14,09:34:12,400,IH1704,CCFX,2366.2,2365.0,2369.2,257,182518800,15949,16149,2604.8,2131.2,2368,2367.4,0.0,2369.2,0.0,0,0,2017-04-14,34452400,2365.8,1,0,0,0,0,0,0,0,0,2366.0,2,0,0,0,0,0,0,0,0
340,2017-04-14,09:34:12,900,IH1704,CCFX,2365.8,2365.0,2369.2,258,183228540,15948,16149,2604.8,2131.2,2368,2367.4,0.0,2369.2,0.0,0,0,2017-04-14,34452900,2365.6,1,0,0,0,0,0,0,0,0,2366.0,2,0,0,0,0,0,0,0,0
341,2017-04-14,09:34:13,900,IH1704,CCFX,2365.6,2365.0,2369.2,259,183938220,15947,16149,2604.8,2131.2,2368,2367.4,0.0,2369.2,0.0,0,0,2017-04-14,34453900,2365.2,3,0,0,0,0,0,0,0,0,2366.0,2,0,0,0,0,0,0,0,0
342,2017-04-14,09:34:16,400,IH1704,CCFX,2365.6,2365.0,2369.2,259,183938220,15947,16149,2604.8,2131.2,2368,2367.4,0.0,2369.2,0.0,0,0,2017-04-14,34456400,2365.4,1,0,0,0,0,0,0,0,0,2366.0,2,0,0,0,0,0,0,0,0
343,2017-04-14,09:34:16,900,IH1704,CCFX,2366.0,2365.0,2369.2,260,184648020,15946,16149,2604.8,2131.2,2368,2367.4,0.0,2369.2,0.0,0,0,2017-04-14,34456900,2365.4,1,0,0,0,0,0,0,0,0,2366.0,1,0,0,0,0,0,0,0,0
344,2017-04-14,09:34:17,400,IH1704,CCFX,2366.0,2365.0,2369.2,261,185357820,15945,16149,2604.8,2131.2,2368,2367.4,0.0,2369.2,0.0,0,0,2017-04-14,34457400,2366.0,1,0,0,0,0,0,0,0,0,2366.4,2,0,0,0,0,0,0,0,0
345,2017-04-14,09:34:17,900,IH1704,CCFX,2366.0,2365.0,2369.2,261,185357820,15945,16149,2604.8,2131.2,2368,2367.4,0.0,2369.2,0.0,0,0,2017-04-14,34457900,2366.0,1,0,0,0,0,0,0,0,0,2366.2,2,0,0,0,0,0,0,0,0
346,2017-04-14,09:34:18,900,IH1704,CCFX,2366.0,2365.0,2369.2,264,187487340,15944,16149,2604.8,2131.2,2368,2367.4,0.0,2369.2,0.0,0,0,2017-04-14,34458900,2365.6,2,0,0,0,0,0,0,0,0,2366.4,2,0,0,0,0,0,0,0,0
347,2017-04-14,09:34:19,400,IH1704,CCFX,2366.0,2365.0,2369.2,265,188197140,15943,16149,2604.8,2131.2,2368,2367.4,0.0,2369.2,0.0,0,0,2017-04-14,34459400,2366.2,2,0,0,0,0,0,0,0,0,2366.4,2,0,0,0,0,0,0,0,0
348,2017-04-14,09:34:19,900,IH1704,CCFX,2366.4,2365.0,2369.2,270,191746740,15940,16149,2604.8,2131.2,2368,2367.4,0.0,2369.2,0.0,0,0,2017-04-14,34459900,2365.8,3,0,0,0,0,0,0,0,0,2367.0,4,0,0,0,0,0,0,0,0
349,2017-04-14,09:34:20,400,IH1704,CCFX,2366.4,2365.0,2369.2,270,191746740,15940,16149,2604.8,2131.2,2368,2367.4,0.0,2369.2,0.0,0,0,2017-04-14,34460400,2366.6,1,0,0,0,0,0,0,0,0,2366.8,2,0,0,0,0,0,0,0,0
350,2017-04-14,09:34:20,900,IH1704,CCFX,2366.4,2365.0,2369.2,270,191746740,15940,16149,2604.8,2131.2,2368,2367.4,0.0,2369.2,0.0,0,0,2017-04-14,34460900,2366.0,1,0,0,0,0,0,0,0,0,2366.8,2,0,0,0,0,0,0,0,0
351,2017-04-14,09:34:21,400,IH1704,CCFX,2366.4,2365.0,2369.2,270,191746740,15940,16149,2604.8,2131.2,2368,2367.4,0.0,2369.2,0.0,0,0,2017-04-14,34461400,2366.6,1,0,0,0,0,0,0,0,0,2366.8,2,0,0,0,0,0,0,0,0
352,2017-04-14,09:34:21,900,IH1704,CCFX,2366.4,2365.0,2369.2,270,191746740,15940,16149,2604.8,2131.2,2368,2367.4,0.0,2369.2,0.0,0,0,2017-04-14,34461900,2366.0,1,0,0,0,0,0,0,0,0,2366.6,1,0,0,0,0,0,0,0,0
353,2017-04-14,09:34:22,400,IH1704,CCFX,2366.6,2365.0,2369.2,271,192456720,15939,16149,2604.8,2131.2,2368,2367.4,0.0,2369.2,0.0,0,0,2017-04-14,34462400,2366.2,1,0,0,0,0,0,0,0,0,2366.8,1,0,0,0,0,0,0,0,0
354,2017-04-14,09:34:23,900,IH1704,CCFX,2366.2,2365.0,2369.2,272,193166580,15938,16149,2604.8,2131.2,2368,2367.4,0.0,2369.2,0.0,0,0,2017-04-14,34463900,2365.8,2,0,0,0,0,0,0,0,0,2366.8,1,0,0,0,0,0,0,0,0
355,2017-04-14,09:34:24,400,IH1704,CCFX,2366.2,2365.0,2369.2,272,193166580,15938,16149,2604.8,2131.2,2368,2367.4,0.0,2369.2,0.0,0,0,2017-04-14,34464400,2366.4,2,0,0,0,0,0,0,0,0,2366.8,1,0,0,0,0,0,0,0,0
356,2017-04-14,09:34:24,900,IH1704,CCFX,2366.2,2365.0,2369.2,272,193166580,15938,16149,2604.8,2131.2,2368,2367.4,0.0,2369.2,0.0,0,0,2017-04-14,34464900,2366.4,2,0,0,0,0,0,0,0,0,2366.8,1,0,0,0,0,0,0,0,0
357,2017-04-14,09:34:25,900,IH1704,CCFX,2366.2,2365.0,2369.2,272,193166580,15938,16149,2604.8,2131.2,2368,2367.4,0.0,2369.2,0.0,0,0,2017-04-14,34465900,2366.4,2,0,0,0,0,0,0,0,0,2366.6,1,0,0,0,0,0,0,0,0
358,2017-04-14,09:34:26,400,IH1704,CCFX,2366.8,2365.0,2369.2,274,194586600,15937,16149,2604.8,2131.2,2368,2367.4,0.0,2369.2,0.0,0,0,2017-04-14,34466400,2366.4,2,0,0,0,0,0,0,0,0,2367.0,3,0,0,0,0,0,0,0,0
359,2017-04-14,09:34:28,400,IH1704,CCFX,2367.0,2365.0,2369.2,275,195296700,15936,16149,2604.8,2131.2,2368,2367.4,0.0,2369.2,0.0,0,0,2017-04-14,34468400,2366.4,2,0,0,0,0,0,0,0,0,2367.0,2,0,0,0,0,0,0,0,0
360,2017-04-14,09:34:29,400,IH1704,CCFX,2366.4,2365.0,2369.2,276,196006620,15935,16149,2604.8,2131.2,2368,2367.4,0.0,2369.2,0.0,0,0,2017-04-14,34469400,2366.4,1,0,0,0,0,0,0,0,0,2367.0,2,0,0,0,0,0,0,0,0
361,2017-04-14,09:34:29,900,IH1704,CCFX,2366.4,2365.0,2369.2,276,196006620,15935,16149,2604.8,2131.2,2368,2367.4,0.0,2369.2,0.0,0,0,2017-04-14,34469900,2366.6,1,0,0,0,0,0,0,0,0,2367.0,2,0,0,0,0,0,0,0,0
362,2017-04-14,09:34:30,900,IH1704,CCFX,2367.0,2365.0,2369.2,278,197426820,15934,16149,2604.8,2131.2,2368,2367.4,0.0,2369.2,0.0,0,0,2017-04-14,34470900,2366.6,1,0,0,0,0,0,0,0,0,2367.8,1,0,0,0,0,0,0,0,0
363,2017-04-14,09:34:31,400,IH1704,CCFX,2367.0,2365.0,2369.2,278,197426820,15934,16149,2604.8,2131.2,2368,2367.4,0.0,2369.2,0.0,0,0,2017-04-14,34471400,2366.6,1,0,0,0,0,0,0,0,0,2367.6,3,0,0,0,0,0,0,0,0
364,2017-04-14,09:34:31,900,IH1704,CCFX,2367.0,2365.0,2369.2,278,197426820,15934,16149,2604.8,2131.2,2368,2367.4,0.0,2369.2,0.0,0,0,2017-04-14,34471900,2366.6,1,0,0,0,0,0,0,0,0,2367.4,1,0,0,0,0,0,0,0,0
365,2017-04-14,09:34:32,400,IH1704,CCFX,2367.0,2365.0,2369.2,278,197426820,15934,16149,2604.8,2131.2,2368,2367.4,0.0,2369.2,0.0,0,0,2017-04-14,34472400,2366.6,1,0,0,0,0,0,0,0,0,2367.4,1,0,0,0,0,0,0,0,0
366,2017-04-14,09:34:33,400,IH1704,CCFX,2367.0,2365.0,2369.2,278,197426820,15934,16149,2604.8,2131.2,2368,2367.4,0.0,2369.2,0.0,0,0,2017-04-14,34473400,2366.6,1,0,0,0,0,0,0,0,0,2367.2,2,0,0,0,0,0,0,0,0
367,2017-04-14,09:34:33,900,IH1704,CCFX,2367.0,2365.0,2369.2,278,197426820,15934,16149,2604.8,2131.2,2368,2367.4,0.0,2369.2,0.0,0,0,2017-04-14,34473900,2366.8,2,0,0,0,0,0,0,0,0,2367.2,2,0,0,0,0,0,0,0,0
368,2017-04-14,09:34:34,400,IH1704,CCFX,2366.8,2365.0,2369.2,280,198846900,15932,16149,2604.8,2131.2,2368,2367.4,0.0,2369.2,0.0,0,0,2017-04-14,34474400,2366.6,1,0,0,0,0,0,0,0,0,2367.2,2,0,0,0,0,0,0,0,0
369,2017-04-14,09:34:34,900,IH1704,CCFX,2366.8,2365.0,2369.2,280,198846900,15932,16149,2604.8,2131.2,2368,2367.4,0.0,2369.2,0.0,0,0,2017-04-14,34474900,2366.6,1,0,0,0,0,0,0,0,0,2367.2,2,0,0,0,0,0,0,0,0
370,2017-04-14,09:34:35,400,IH1704,CCFX,2366.8,2365.0,2369.2,280,198846900,15932,16149,2604.8,2131.2,2368,2367.4,0.0,2369.2,0.0,0,0,2017-04-14,34475400,2366.8,1,0,0,0,0,0,0,0,0,2367.2,2,0,0,0,0,0,0,0,0
371,2017-04-14,09:34:35,900,IH1704,CCFX,2366.8,2365.0,2369.2,281,199556940,15932,16149,2604.8,2131.2,2368,2367.4,0.0,2369.2,0.0,0,0,2017-04-14,34475900,2366.4,2,0,0,0,0,0,0,0,0,2366.8,1,0,0,0,0,0,0,0,0
372,2017-04-14,09:34:36,400,IH1704,CCFX,2366.8,2365.0,2369.2,281,199556940,15932,16149,2604.8,2131.2,2368,2367.4,0.0,2369.2,0.0,0,0,2017-04-14,34476400,2366.4,2,0,0,0,0,0,0,0,0,2366.8,1,0,0,0,0,0,0,0,0
373,2017-04-14,09:34:36,900,IH1704,CCFX,2366.4,2365.0,2369.2,283,200976780,15930,16149,2604.8,2131.2,2368,2367.4,0.0,2369.2,0.0,0,0,2017-04-14,34476900,2366.4,1,0,0,0,0,0,0,0,0,2366.8,1,0,0,0,0,0,0,0,0
374,2017-04-14,09:34:37,400,IH1704,CCFX,2367.2,2365.0,2369.2,284,201686940,15929,16149,2604.8,2131.2,2368,2367.4,0.0,2369.2,0.0,0,0,2017-04-14,34477400,2366.8,1,0,0,0,0,0,0,0,0,2367.2,1,0,0,0,0,0,0,0,0
375,2017-04-14,09:34:37,900,IH1704,CCFX,2366.8,2365.0,2369.2,285,202396980,15929,16149,2604.8,2131.2,2368,2367.4,0.0,2369.2,0.0,0,0,2017-04-14,34477900,2366.4,1,0,0,0,0,0,0,0,0,2366.8,1,0,0,0,0,0,0,0,0
376,2017-04-14,09:34:38,900,IH1704,CCFX,2366.8,2365.0,2369.2,285,202396980,15929,16149,2604.8,2131.2,2368,2367.4,0.0,2369.2,0.0,0,0,2017-04-14,34478900,2366.4,1,0,0,0,0,0,0,0,0,2367.2,1,0,0,0,0,0,0,0,0
377,2017-04-14,09:34:39,400,IH1704,CCFX,2367.2,2365.0,2369.2,287,203817060,15928,16149,2604.8,2131.2,2368,2367.4,0.0,2369.2,0.0,0,0,2017-04-14,34479400,2365.8,1,0,0,0,0,0,0,0,0,2367.4,2,0,0,0,0,0,0,0,0
378,2017-04-14,09:34:39,900,IH1704,CCFX,2367.2,2365.0,2369.2,287,203817060,15928,16149,2604.8,2131.2,2368,2367.4,0.0,2369.2,0.0,0,0,2017-04-14,34479900,2366.0,5,0,0,0,0,0,0,0,0,2367.2,3,0,0,0,0,0,0,0,0
379,2017-04-14,09:34:40,400,IH1704,CCFX,2367.2,2365.0,2369.2,287,203817060,15928,16149,2604.8,2131.2,2368,2367.4,0.0,2369.2,0.0,0,0,2017-04-14,34480400,2366.2,1,0,0,0,0,0,0,0,0,2366.6,2,0,0,0,0,0,0,0,0
380,2017-04-14,09:34:40,900,IH1704,CCFX,2366.6,2365.0,2369.2,288,204527040,15927,16149,2604.8,2131.2,2368,2367.4,0.0,2369.2,0.0,0,0,2017-04-14,34480900,2366.2,1,0,0,0,0,0,0,0,0,2366.6,1,0,0,0,0,0,0,0,0
381,2017-04-14,09:34:41,400,IH1704,CCFX,2366.6,2365.0,2369.2,288,204527040,15927,16149,2604.8,2131.2,2368,2367.4,0.0,2369.2,0.0,0,0,2017-04-14,34481400,2366.2,1,0,0,0,0,0,0,0,0,2366.4,1,0,0,0,0,0,0,0,0
382,2017-04-14,09:34:41,900,IH1704,CCFX,2366.6,2365.0,2369.2,288,204527040,15927,16149,2604.8,2131.2,2368,2367.4,0.0,2369.2,0.0,0,0,2017-04-14,34481900,2366.2,1,0,0,0,0,0,0,0,0,2366.4,1,0,0,0,0,0,0,0,0
383,2017-04-14,09:34:42,400,IH1704,CCFX,2366.6,2365.0,2369.2,290,205947000,15925,16149,2604.8,2131.2,2368,2367.4,0.0,2369.2,0.0,0,0,2017-04-14,34482400,2366.2,1,0,0,0,0,0,0,0,0,2367.0,1,0,0,0,0,0,0,0,0
384,2017-04-14,09:34:43,400,IH1704,CCFX,2366.6,2365.0,2369.2,290,205947000,15925,16149,2604.8,2131.2,2368,2367.4,0.0,2369.2,0.0,0,0,2017-04-14,34483400,2366.4,1,0,0,0,0,0,0,0,0,2367.0,2,0,0,0,0,0,0,0,0
385,2017-04-14,09:34:43,900,IH1704,CCFX,2366.6,2365.0,2369.2,290,205947000,15925,16149,2604.8,2131.2,2368,2367.4,0.0,2369.2,0.0,0,0,2017-04-14,34483900,2366.4,1,0,0,0,0,0,0,0,0,2367.0,3,0,0,0,0,0,0,0,0
386,2017-04-14,09:34:44,400,IH1704,CCFX,2366.4,2365.0,2369.2,291,206656920,15924,16149,2604.8,2131.2,2368,2367.4,0.0,2369.2,0.0,0,0,2017-04-14,34484400,2366.2,1,0,0,0,0,0,0,0,0,2367.0,3,0,0,0,0,0,0,0,0
387,2017-04-14,09:34:44,900,IH1704,CCFX,2366.4,2365.0,2369.2,291,206656920,15924,16149,2604.8,2131.2,2368,2367.4,0.0,2369.2,0.0,0,0,2017-04-14,34484900,2366.6,2,0,0,0,0,0,0,0,0,2367.0,3,0,0,0,0,0,0,0,0
388,2017-04-14,09:34:45,400,IH1704,CCFX,2366.6,2365.0,2369.2,293,208076880,15924,16149,2604.8,2131.2,2368,2367.4,0.0,2369.2,0.0,0,0,2017-04-14,34485400,2366.2,1,0,0,0,0,0,0,0,0,2366.6,1,0,0,0,0,0,0,0,0
389,2017-04-14,09:34:46,400,IH1704,CCFX,2366.2,2365.0,2369.2,294,208786740,15923,16149,2604.8,2131.2,2368,2367.4,0.0,2369.2,0.0,0,0,2017-04-14,34486400,2365.2,3,0,0,0,0,0,0,0,0,2366.6,1,0,0,0,0,0,0,0,0
390,2017-04-14,09:34:46,900,IH1704,CCFX,2366.2,2365.0,2369.2,294,208786740,15923,16149,2604.8,2131.2,2368,2367.4,0.0,2369.2,0.0,0,0,2017-04-14,34486900,2365.4,5,0,0,0,0,0,0,0,0,2366.4,4,0,0,0,0,0,0,0,0
391,2017-04-14,09:34:47,400,IH1704,CCFX,2365.4,2365.0,2369.2,295,209496360,15922,16149,2604.8,2131.2,2368,2367.4,0.0,2369.2,0.0,0,0,2017-04-14,34487400,2365.4,6,0,0,0,0,0,0,0,0,2366.0,1,0,0,0,0,0,0,0,0
392,2017-04-14,09:34:47,900,IH1704,CCFX,2366.0,2365.0,2369.2,297,210915900,15922,16149,2604.8,2131.2,2368,2367.4,0.0,2369.2,0.0,0,0,2017-04-14,34487900,2365.4,5,0,0,0,0,0,0,0,0,2366.4,3,0,0,0,0,0,0,0,0
393,2017-04-14,09:34:48,400,IH1704,CCFX,2366.0,2365.0,2369.2,297,210915900,15922,16149,2604.8,2131.2,2368,2367.4,0.0,2369.2,0.0,0,0,2017-04-14,34488400,2365.6,1,0,0,0,0,0,0,0,0,2366.4,3,0,0,0,0,0,0,0,0
394,2017-04-14,09:34:48,900,IH1704,CCFX,2366.0,2365.0,2369.2,297,210915900,15922,16149,2604.8,2131.2,2368,2367.4,0.0,2369.2,0.0,0,0,2017-04-14,34488900,2365.6,1,0,0,0,0,0,0,0,0,2366.4,2,0,0,0,0,0,0,0,0
395,2017-04-14,09:34:49,400,IH1704,CCFX,2366.0,2365.0,2369.2,297,210915900,15922,16149,2604.8,2131.2,2368,2367.4,0.0,2369.2,0.0,0,0,2017-04-14,34489400,2365.6,1,0,0,0,0,0,0,0,0,2366.4,1,0,0,0,0,0,0,0,0
396,2017-04-14,09:34:49,900,IH1704,CCFX,2366.4,2365.0,2369.2,298,211625820,15921,16149,2604.8,2131.2,2368,2367.4,0.0,2369.2,0.0,0,0,2017-04-14,34489900,2365.6,2,0,0,0,0,0,0,0,0,2367.0,3,0,0,0,0,0,0,0,0
397,2017-04-14,09:34:50,400,IH1704,CCFX,2366.4,2365.0,2369.2,298,211625820,15921,16149,2604.8,2131.2,2368,2367.4,0.0,2369.2,0.0,0,0,2017-04-14,34490400,2365.8,1,0,0,0,0,0,0,0,0,2367.0,3,0,0,0,0,0,0,0,0
398,2017-04-14,09:34:51,900,IH1704,CCFX,2366.4,2365.0,2369.2,298,211625820,15921,16149,2604.8,2131.2,2368,2367.4,0.0,2369.2,0.0,0,0,2017-04-14,34491900,2365.8,1,0,0,0,0,0,0,0,0,2367.0,3,0,0,0,0,0,0,0,0
399,2017-04-14,09:34:52,400,IH1704,CCFX,2366.4,2365.0,2369.2,298,211625820,15921,16149,2604.8,2131.2,2368,2367.4,0.0,2369.2,0.0,0,0,2017-04-14,34492400,2365.8,2,0,0,0,0,0,0,0,0,2366.6,1,0,0,0,0,0,0,0,0
400,2017-04-14,09:34:53,400,IH1704,CCFX,2366.4,2365.0,2369.2,298,211625820,15921,16149,2604.8,2131.2,2368,2367.4,0.0,2369.2,0.0,0,0,2017-04-14,34493400,2365.8,2,0,0,0,0,0,0,0,0,2366.6,1,0,0,0,0,0,0,0,0
401,2017-04-14,09:34:54,900,IH1704,CCFX,2366.4,2365.0,2369.2,298,211625820,15921,16149,2604.8,2131.2,2368,2367.4,0.0,2369.2,0.0,0,0,2017-04-14,34494900,2365.8,2,0,0,0,0,0,0,0,0,2366.6,1,0,0,0,0,0,0,0,0
402,2017-04-14,09:34:55,400,IH1704,CCFX,2366.4,2365.0,2369.2,298,211625820,15921,16149,2604.8,2131.2,2368,2367.4,0.0,2369.2,0.0,0,0,2017-04-14,34495400,2365.8,1,0,0,0,0,0,0,0,0,2366.6,1,0,0,0,0,0,0,0,0
403,2017-04-14,09:34:55,900,IH1704,CCFX,2366.4,2365.0,2369.2,298,211625820,15921,16149,2604.8,2131.2,2368,2367.4,0.0,2369.2,0.0,0,0,2017-04-14,34495900,2365.8,1,0,0,0,0,0,0,0,0,2366.6,1,0,0,0,0,0,0,0,0
404,2017-04-14,09:34:56,400,IH1704,CCFX,2366.4,2365.0,2369.2,298,211625820,15921,16149,2604.8,2131.2,2368,2367.4,0.0,2369.2,0.0,0,0,2017-04-14,34496400,2365.8,1,0,0,0,0,0,0,0,0,2366.4,1,0,0,0,0,0,0,0,0
405,2017-04-14,09:34:56,900,IH1704,CCFX,2365.8,2365.0,2369.2,299,212335560,15921,16149,2604.8,2131.2,2368,2367.4,0.0,2369.2,0.0,0,0,2017-04-14,34496900,2365.4,1,0,0,0,0,0,0,0,0,2366.2,2,0,0,0,0,0,0,0,0
406,2017-04-14,09:34:57,400,IH1704,CCFX,2365.8,2365.0,2369.2,299,212335560,15921,16149,2604.8,2131.2,2368,2367.4,0.0,2369.2,0.0,0,0,2017-04-14,34497400,2365.4,1,0,0,0,0,0,0,0,0,2366.2,1,0,0,0,0,0,0,0,0
407,2017-04-14,09:34:57,900,IH1704,CCFX,2365.8,2365.0,2369.2,299,212335560,15921,16149,2604.8,2131.2,2368,2367.4,0.0,2369.2,0.0,0,0,2017-04-14,34497900,2365.6,1,0,0,0,0,0,0,0,0,2366.0,2,0,0,0,0,0,0,0,0
408,2017-04-14,09:34:58,400,IH1704,CCFX,2365.8,2365.0,2369.2,299,212335560,15921,16149,2604.8,2131.2,2368,2367.4,0.0,2369.2,0.0,0,0,2017-04-14,34498400,2365.6,1,0,0,0,0,0,0,0,0,2366.0,2,0,0,0,0,0,0,0,0
409,2017-04-14,09:34:58,900,IH1704,CCFX,2365.6,2365.0,2369.2,300,213045240,15921,16149,2604.8,2131.2,2368,2367.4,0.0,2369.2,0.0,0,0,2017-04-14,34498900,2365.4,1,0,0,0,0,0,0,0,0,2366.0,2,0,0,0,0,0,0,0,0
410,2017-04-14,09:34:59,400,IH1704,CCFX,2365.6,2365.0,2369.2,300,213045240,15921,16149,2604.8,2131.2,2368,2367.4,0.0,2369.2,0.0,0,0,2017-04-14,34499400,2366.0,1,0,0,0,0,0,0,0,0,2366.2,1,0,0,0,0,0,0,0,0
411,2017-04-14,09:34:59,900,IH1704,CCFX,2366.2,2365.0,2369.2,302,214464900,15920,16149,2604.8,2131.2,2368,2367.4,0.0,2369.2,0.0,0,0,2017-04-14,34499900,2366.0,1,0,0,0,0,0,0,0,0,2366.4,2,0,0,0,0,0,0,0,0
412,2017-04-14,09:35:00,400,IH1704,CCFX,2366.0,2365.0,2369.2,303,215174700,15919,16149,2604.8,2131.2,2368,2367.4,0.0,2369.2,0.0,0,0,2017-04-14,34500400,2365.4,1,0,0,0,0,0,0,0,0,2366.2,2,0,0,0,0,0,0,0,0
413,2017-04-14,09:35:00,900,IH1704,CCFX,2366.0,2365.0,2369.2,303,215174700,15919,16149,2604.8,2131.2,2368,2367.4,0.0,2369.2,0.0,0,0,2017-04-14,34500900,2365.4,1,0,0,0,0,0,0,0,0,2366.4,2,0,0,0,0,0,0,0,0
414,2017-04-14,09:35:01,400,IH1704,CCFX,2366.0,2365.0,2369.2,303,215174700,15919,16149,2604.8,2131.2,2368,2367.4,0.0,2369.2,0.0,0,0,2017-04-14,34501400,2365.4,1,0,0,0,0,0,0,0,0,2366.2,2,0,0,0,0,0,0,0,0
415,2017-04-14,09:35:01,900,IH1704,CCFX,2366.0,2365.0,2369.2,303,215174700,15919,16149,2604.8,2131.2,2368,2367.4,0.0,2369.2,0.0,0,0,2017-04-14,34501900,2365.4,1,0,0,0,0,0,0,0,0,2365.6,1,0,0,0,0,0,0,0,0
416,2017-04-14,09:35:02,400,IH1704,CCFX,2366.0,2365.0,2369.2,303,215174700,15919,16149,2604.8,2131.2,2368,2367.4,0.0,2369.2,0.0,0,0,2017-04-14,34502400,2365.6,1,0,0,0,0,0,0,0,0,2366.4,2,0,0,0,0,0,0,0,0
417,2017-04-14,09:35:02,900,IH1704,CCFX,2366.2,2365.0,2369.2,304,215884560,15918,16149,2604.8,2131.2,2368,2367.4,0.0,2369.2,0.0,0,0,2017-04-14,34502900,2365.4,1,0,0,0,0,0,0,0,0,2366.2,1,0,0,0,0,0,0,0,0
418,2017-04-14,09:35:03,400,IH1704,CCFX,2366.2,2365.0,2369.2,304,215884560,15918,16149,2604.8,2131.2,2368,2367.4,0.0,2369.2,0.0,0,0,2017-04-14,34503400,2365.6,1,0,0,0,0,0,0,0,0,2366.4,2,0,0,0,0,0,0,0,0
419,2017-04-14,09:35:03,900,IH1704,CCFX,2365.6,2365.0,2369.2,305,216594240,15917,16149,2604.8,2131.2,2368,2367.4,0.0,2369.2,0.0,0,0,2017-04-14,34503900,2365.4,1,0,0,0,0,0,0,0,0,2366.2,1,0,0,0,0,0,0,0,0
420,2017-04-14,09:35:04,400,IH1704,CCFX,2365.4,2365.0,2369.2,306,217303860,15917,16149,2604.8,2131.2,2368,2367.4,0.0,2369.2,0.0,0,0,2017-04-14,34504400,2365.2,5,0,0,0,0,0,0,0,0,2366.4,2,0,0,0,0,0,0,0,0
421,2017-04-14,09:35:04,900,IH1704,CCFX,2365.4,2365.0,2369.2,306,217303860,15917,16149,2604.8,2131.2,2368,2367.4,0.0,2369.2,0.0,0,0,2017-04-14,34504900,2365.4,1,0,0,0,0,0,0,0,0,2366.2,3,0,0,0,0,0,0,0,0
422,2017-04-14,09:35:06,400,IH1704,CCFX,2365.4,2365.0,2369.2,306,217303860,15917,16149,2604.8,2131.2,2368,2367.4,0.0,2369.2,0.0,0,0,2017-04-14,34506400,2365.4,1,0,0,0,0,0,0,0,0,2366.2,4,0,0,0,0,0,0,0,0
423,2017-04-14,09:35:11,400,IH1704,CCFX,2365.4,2365.0,2369.2,306,217303860,15917,16149,2604.8,2131.2,2368,2367.4,0.0,2369.2,0.0,0,0,2017-04-14,34511400,2365.4,1,0,0,0,0,0,0,0,0,2366.0,1,0,0,0,0,0,0,0,0
424,2017-04-14,09:35:11,900,IH1704,CCFX,2365.4,2365.0,2369.2,306,217303860,15917,16149,2604.8,2131.2,2368,2367.4,0.0,2369.2,0.0,0,0,2017-04-14,34511900,2365.4,1,0,0,0,0,0,0,0,0,2366.0,1,0,0,0,0,0,0,0,0
425,2017-04-14,09:35:12,400,IH1704,CCFX,2365.8,2365.0,2369.2,307,218013600,15916,16149,2604.8,2131.2,2368,2367.4,0.0,2369.2,0.0,0,0,2017-04-14,34512400,2365.4,1,0,0,0,0,0,0,0,0,2366.0,1,0,0,0,0,0,0,0,0
426,2017-04-14,09:35:12,900,IH1704,CCFX,2365.2,2365.0,2369.2,308,218723160,15915,16149,2604.8,2131.2,2368,2367.4,0.0,2369.2,0.0,0,0,2017-04-14,34512900,2365.2,4,0,0,0,0,0,0,0,0,2366.0,1,0,0,0,0,0,0,0,0
427,2017-04-14,09:35:13,400,IH1704,CCFX,2365.2,2365.0,2369.2,308,218723160,15915,16149,2604.8,2131.2,2368,2367.4,0.0,2369.2,0.0,0,0,2017-04-14,34513400,2365.6,1,0,0,0,0,0,0,0,0,2366.0,1,0,0,0,0,0,0,0,0
428,2017-04-14,09:35:14,400,IH1704,CCFX,2366.0,2365.0,2369.2,309,219432960,15914,16149,2604.8,2131.2,2368,2367.4,0.0,2369.2,0.0,0,0,2017-04-14,34514400,2365.8,1,0,0,0,0,0,0,0,0,2366.2,2,0,0,0,0,0,0,0,0
429,2017-04-14,09:35:14,900,IH1704,CCFX,2366.0,2365.0,2369.2,309,219432960,15914,16149,2604.8,2131.2,2368,2367.4,0.0,2369.2,0.0,0,0,2017-04-14,34514900,2365.8,1,0,0,0,0,0,0,0,0,2366.2,2,0,0,0,0,0,0,0,0
430,2017-04-14,09:35:15,400,IH1704,CCFX,2366.0,2365.0,2369.2,309,219432960,15914,16149,2604.8,2131.2,2368,2367.4,0.0,2369.2,0.0,0,0,2017-04-14,34515400,2365.8,1,0,0,0,0,0,0,0,0,2366.2,2,0,0,0,0,0,0,0,0
431,2017-04-14,09:35:15,900,IH1704,CCFX,2366.0,2365.0,2369.2,309,219432960,15914,16149,2604.8,2131.2,2368,2367.4,0.0,2369.2,0.0,0,0,2017-04-14,34515900,2365.8,1,0,0,0,0,0,0,0,0,2366.2,1,0,0,0,0,0,0,0,0
432,2017-04-14,09:35:16,400,IH1704,CCFX,2366.2,2365.0,2369.2,310,220142820,15915,16149,2604.8,2131.2,2368,2367.4,0.0,2369.2,0.0,0,0,2017-04-14,34516400,2366.2,1,0,0,0,0,0,0,0,0,2366.4,1,0,0,0,0,0,0,0,0
433,2017-04-14,09:35:16,900,IH1704,CCFX,2366.4,2365.0,2369.2,311,220852740,15914,16149,2604.8,2131.2,2368,2367.4,0.0,2369.2,0.0,0,0,2017-04-14,34516900,2366.2,1,0,0,0,0,0,0,0,0,2366.8,2,0,0,0,0,0,0,0,0
434,2017-04-14,09:35:17,400,IH1704,CCFX,2366.4,2365.0,2369.2,311,220852740,15914,16149,2604.8,2131.2,2368,2367.4,0.0,2369.2,0.0,0,0,2017-04-14,34517400,2366.2,1,0,0,0,0,0,0,0,0,2366.8,2,0,0,0,0,0,0,0,0
435,2017-04-14,09:35:17,900,IH1704,CCFX,2366.4,2365.0,2369.2,311,220852740,15914,16149,2604.8,2131.2,2368,2367.4,0.0,2369.2,0.0,0,0,2017-04-14,34517900,2366.2,1,0,0,0,0,0,0,0,0,2366.8,2,0,0,0,0,0,0,0,0
436,2017-04-14,09:35:20,400,IH1704,CCFX,2366.4,2365.0,2369.2,311,220852740,15914,16149,2604.8,2131.2,2368,2367.4,0.0,2369.2,0.0,0,0,2017-04-14,34520400,2366.2,1,0,0,0,0,0,0,0,0,2366.8,2,0,0,0,0,0,0,0,0
437,2017-04-14,09:35:20,900,IH1704,CCFX,2366.4,2365.0,2369.2,311,220852740,15914,16149,2604.8,2131.2,2368,2367.4,0.0,2369.2,0.0,0,0,2017-04-14,34520900,2366.2,1,0,0,0,0,0,0,0,0,2366.8,2,0,0,0,0,0,0,0,0
438,2017-04-14,09:35:25,900,IH1704,CCFX,2366.4,2365.0,2369.2,311,220852740,15914,16149,2604.8,2131.2,2368,2367.4,0.0,2369.2,0.0,0,0,2017-04-14,34525900,2366.2,1,0,0,0,0,0,0,0,0,2366.6,1,0,0,0,0,0,0,0,0
439,2017-04-14,09:35:26,400,IH1704,CCFX,2366.6,2365.0,2369.2,312,221562720,15915,16149,2604.8,2131.2,2368,2367.4,0.0,2369.2,0.0,0,0,2017-04-14,34526400,2366.4,1,0,0,0,0,0,0,0,0,2366.8,1,0,0,0,0,0,0,0,0
440,2017-04-14,09:35:28,400,IH1704,CCFX,2366.6,2365.0,2369.2,312,221562720,15915,16149,2604.8,2131.2,2368,2367.4,0.0,2369.2,0.0,0,0,2017-04-14,34528400,2366.4,2,0,0,0,0,0,0,0,0,2366.8,1,0,0,0,0,0,0,0,0
441,2017-04-14,09:35:28,900,IH1704,CCFX,2366.6,2365.0,2369.2,312,221562720,15915,16149,2604.8,2131.2,2368,2367.4,0.0,2369.2,0.0,0,0,2017-04-14,34528900,2366.4,2,0,0,0,0,0,0,0,0,2366.8,1,0,0,0,0,0,0,0,0
442,2017-04-14,09:35:30,900,IH1704,CCFX,2366.6,2365.0,2369.2,312,221562720,15915,16149,2604.8,2131.2,2368,2367.4,0.0,2369.2,0.0,0,0,2017-04-14,34530900,2366.6,1,0,0,0,0,0,0,0,0,2366.8,1,0,0,0,0,0,0,0,0
443,2017-04-14,09:35:31,400,IH1704,CCFX,2366.8,2365.0,2369.2,313,222272760,15914,16149,2604.8,2131.2,2368,2367.4,0.0,2369.2,0.0,0,0,2017-04-14,34531400,2366.6,5,0,0,0,0,0,0,0,0,2367.0,2,0,0,0,0,0,0,0,0
444,2017-04-14,09:35:31,900,IH1704,CCFX,2367.0,2365.0,2369.2,315,223692960,15912,16149,2604.8,2131.2,2368,2367.4,0.0,2369.2,0.0,0,0,2017-04-14,34531900,2367.2,1,0,0,0,0,0,0,0,0,2367.4,2,0,0,0,0,0,0,0,0
445,2017-04-14,09:35:32,400,IH1704,CCFX,2367.2,2365.0,2369.2,318,225823560,15910,16149,2604.8,2131.2,2368,2367.4,0.0,2369.2,0.0,0,0,2017-04-14,34532400,2367.0,2,0,0,0,0,0,0,0,0,2367.8,4,0,0,0,0,0,0,0,0
446,2017-04-14,09:35:32,900,IH1704,CCFX,2367.2,2365.0,2369.2,318,225823560,15910,16149,2604.8,2131.2,2368,2367.4,0.0,2369.2,0.0,0,0,2017-04-14,34532900,2366.6,4,0,0,0,0,0,0,0,0,2367.8,4,0,0,0,0,0,0,0,0
447,2017-04-14,09:35:33,400,IH1704,CCFX,2367.2,2365.0,2369.2,318,225823560,15910,16149,2604.8,2131.2,2368,2367.4,0.0,2369.2,0.0,0,0,2017-04-14,34533400,2366.8,2,0,0,0,0,0,0,0,0,2367.8,5,0,0,0,0,0,0,0,0
448,2017-04-14,09:35:33,900,IH1704,CCFX,2367.2,2365.0,2369.2,318,225823560,15910,16149,2604.8,2131.2,2368,2367.4,0.0,2369.2,0.0,0,0,2017-04-14,34533900,2366.8,2,0,0,0,0,0,0,0,0,2367.6,1,0,0,0,0,0,0,0,0
449,2017-04-14,09:35:35,400,IH1704,CCFX,2367.2,2365.0,2369.2,318,225823560,15910,16149,2604.8,2131.2,2368,2367.4,0.0,2369.2,0.0,0,0,2017-04-14,34535400,2367.0,1,0,0,0,0,0,0,0,0,2367.6,1,0,0,0,0,0,0,0,0
450,2017-04-14,09:35:35,900,IH1704,CCFX,2367.6,2365.0,2369.2,319,226533840,15909,16149,2604.8,2131.2,2368,2367.4,0.0,2369.2,0.0,0,0,2017-04-14,34535900,2367.0,2,0,0,0,0,0,0,0,0,2367.8,6,0,0,0,0,0,0,0,0
451,2017-04-14,09:35:36,400,IH1704,CCFX,2367.6,2365.0,2369.2,319,226533840,15909,16149,2604.8,2131.2,2368,2367.4,0.0,2369.2,0.0,0,0,2017-04-14,34536400,2367.0,2,0,0,0,0,0,0,0,0,2367.8,6,0,0,0,0,0,0,0,0
452,2017-04-14,09:35:36,900,IH1704,CCFX,2367.6,2365.0,2369.2,319,226533840,15909,16149,2604.8,2131.2,2368,2367.4,0.0,2369.2,0.0,0,0,2017-04-14,34536900,2367.0,2,0,0,0,0,0,0,0,0,2367.2,1,0,0,0,0,0,0,0,0
453,2017-04-14,09:35:37,400,IH1704,CCFX,2367.0,2365.0,2369.2,321,227954040,15908,16149,2604.8,2131.2,2368,2367.4,0.0,2369.2,0.0,0,0,2017-04-14,34537400,2366.8,1,0,0,0,0,0,0,0,0,2367.2,1,0,0,0,0,0,0,0,0
454,2017-04-14,09:35:37,900,IH1704,CCFX,2367.0,2365.0,2369.2,321,227954040,15908,16149,2604.8,2131.2,2368,2367.4,0.0,2369.2,0.0,0,0,2017-04-14,34537900,2367.0,1,0,0,0,0,0,0,0,0,2367.2,1,0,0,0,0,0,0,0,0
455,2017-04-14,09:35:38,400,IH1704,CCFX,2367.0,2365.0,2369.2,322,228664140,15907,16149,2604.8,2131.2,2368,2367.4,0.0,2369.2,0.0,0,0,2017-04-14,34538400,2366.8,1,0,0,0,0,0,0,0,0,2367.0,1,0,0,0,0,0,0,0,0
456,2017-04-14,09:35:38,900,IH1704,CCFX,2366.8,2365.0,2369.2,323,229374180,15906,16149,2604.8,2131.2,2368,2367.4,0.0,2369.2,0.0,0,0,2017-04-14,34538900,2365.6,1,0,0,0,0,0,0,0,0,2367.0,1,0,0,0,0,0,0,0,0
457,2017-04-14,09:35:39,400,IH1704,CCFX,2367.2,2365.0,2369.2,324,230084340,15906,16149,2604.8,2131.2,2368,2367.4,0.0,2369.2,0.0,0,0,2017-04-14,34539400,2365.8,4,0,0,0,0,0,0,0,0,2367.6,1,0,0,0,0,0,0,0,0
458,2017-04-14,09:35:39,900,IH1704,CCFX,2367.2,2365.0,2369.2,324,230084340,15906,16149,2604.8,2131.2,2368,2367.4,0.0,2369.2,0.0,0,0,2017-04-14,34539900,2366.2,3,0,0,0,0,0,0,0,0,2367.2,3,0,0,0,0,0,0,0,0
459,2017-04-14,09:35:40,400,IH1704,CCFX,2367.2,2365.0,2369.2,324,230084340,15906,16149,2604.8,2131.2,2368,2367.4,0.0,2369.2,0.0,0,0,2017-04-14,34540400,2366.4,1,0,0,0,0,0,0,0,0,2367.2,3,0,0,0,0,0,0,0,0
460,2017-04-14,09:35:40,900,IH1704,CCFX,2367.2,2365.0,2369.2,324,230084340,15906,16149,2604.8,2131.2,2368,2367.4,0.0,2369.2,0.0,0,0,2017-04-14,34540900,2366.4,1,0,0,0,0,0,0,0,0,2367.0,1,0,0,0,0,0,0,0,0
461,2017-04-14,09:35:42,900,IH1704,CCFX,2367.2,2365.0,2369.2,324,230084340,15906,16149,2604.8,2131.2,2368,2367.4,0.0,2369.2,0.0,0,0,2017-04-14,34542900,2366.4,1,0,0,0,0,0,0,0,0,2367.0,1,0,0,0,0,0,0,0,0
462,2017-04-14,09:35:43,400,IH1704,CCFX,2367.2,2365.0,2369.2,324,230084340,15906,16149,2604.8,2131.2,2368,2367.4,0.0,2369.2,0.0,0,0,2017-04-14,34543400,2366.4,1,0,0,0,0,0,0,0,0,2367.0,1,0,0,0,0,0,0,0,0
463,2017-04-14,09:35:43,900,IH1704,CCFX,2367.2,2365.0,2369.2,324,230084340,15906,16149,2604.8,2131.2,2368,2367.4,0.0,2369.2,0.0,0,0,2017-04-14,34543900,2366.6,1,0,0,0,0,0,0,0,0,2367.0,1,0,0,0,0,0,0,0,0
464,2017-04-14,09:35:44,400,IH1704,CCFX,2367.2,2365.0,2369.2,324,230084340,15906,16149,2604.8,2131.2,2368,2367.4,0.0,2369.2,0.0,0,0,2017-04-14,34544400,2366.6,1,0,0,0,0,0,0,0,0,2367.0,1,0,0,0,0,0,0,0,0
465,2017-04-14,09:35:46,400,IH1704,CCFX,2366.6,2365.0,2369.2,325,230794320,15905,16149,2604.8,2131.2,2368,2367.4,0.0,2369.2,0.0,0,0,2017-04-14,34546400,2366.4,1,0,0,0,0,0,0,0,0,2367.0,1,0,0,0,0,0,0,0,0
466,2017-04-14,09:35:46,900,IH1704,CCFX,2366.6,2365.0,2369.2,325,230794320,15905,16149,2604.8,2131.2,2368,2367.4,0.0,2369.2,0.0,0,0,2017-04-14,34546900,2366.8,1,0,0,0,0,0,0,0,0,2367.0,1,0,0,0,0,0,0,0,0
467,2017-04-14,09:35:47,400,IH1704,CCFX,2366.8,2365.0,2369.2,327,232214400,15904,16149,2604.8,2131.2,2368,2367.4,0.0,2369.2,0.0,0,0,2017-04-14,34547400,2366.2,4,0,0,0,0,0,0,0,0,2367.0,1,0,0,0,0,0,0,0,0
468,2017-04-14,09:35:48,400,IH1704,CCFX,2366.8,2365.0,2369.2,327,232214400,15904,16149,2604.8,2131.2,2368,2367.4,0.0,2369.2,0.0,0,0,2017-04-14,34548400,2366.8,2,0,0,0,0,0,0,0,0,2367.0,1,0,0,0,0,0,0,0,0
469,2017-04-14,09:35:48,900,IH1704,CCFX,2366.8,2365.0,2369.2,327,232214400,15904,16149,2604.8,2131.2,2368,2367.4,0.0,2369.2,0.0,0,0,2017-04-14,34548900,2366.8,2,0,0,0,0,0,0,0,0,2367.0,1,0,0,0,0,0,0,0,0
470,2017-04-14,09:35:49,400,IH1704,CCFX,2366.8,2365.0,2369.2,329,233634540,15903,16149,2604.8,2131.2,2368,2367.4,0.0,2369.2,0.0,0,0,2017-04-14,34549400,2366.8,1,0,0,0,0,0,0,0,0,2367.6,3,0,0,0,0,0,0,0,0
471,2017-04-14,09:35:49,900,IH1704,CCFX,2367.0,2365.0,2369.2,331,235054680,15902,16149,2604.8,2131.2,2368,2367.4,0.0,2369.2,0.0,0,0,2017-04-14,34549900,2366.2,4,0,0,0,0,0,0,0,0,2367.0,2,0,0,0,0,0,0,0,0
472,2017-04-14,09:35:50,400,IH1704,CCFX,2367.0,2365.0,2369.2,331,235054680,15902,16149,2604.8,2131.2,2368,2367.4,0.0,2369.2,0.0,0,0,2017-04-14,34550400,2366.2,4,0,0,0,0,0,0,0,0,2367.4,1,0,0,0,0,0,0,0,0
473,2017-04-14,09:35:50,900,IH1704,CCFX,2367.0,2365.0,2369.2,331,235054680,15902,16149,2604.8,2131.2,2368,2367.4,0.0,2369.2,0.0,0,0,2017-04-14,34550900,2366.4,1,0,0,0,0,0,0,0,0,2367.2,1,0,0,0,0,0,0,0,0
474,2017-04-14,09:35:53,400,IH1704,CCFX,2367.0,2365.0,2369.2,331,235054680,15902,16149,2604.8,2131.2,2368,2367.4,0.0,2369.2,0.0,0,0,2017-04-14,34553400,2366.4,1,0,0,0,0,0,0,0,0,2367.2,1,0,0,0,0,0,0,0,0
475,2017-04-14,09:35:53,900,IH1704,CCFX,2367.0,2365.0,2369.2,331,235054680,15902,16149,2604.8,2131.2,2368,2367.4,0.0,2369.2,0.0,0,0,2017-04-14,34553900,2366.4,1,0,0,0,0,0,0,0,0,2367.2,1,0,0,0,0,0,0,0,0
476,2017-04-14,09:35:54,900,IH1704,CCFX,2367.0,2365.0,2369.2,331,235054680,15902,16149,2604.8,2131.2,2368,2367.4,0.0,2369.2,0.0,0,0,2017-04-14,34554900,2366.4,1,0,0,0,0,0,0,0,0,2367.0,1,0,0,0,0,0,0,0,0
477,2017-04-14,09:35:55,400,IH1704,CCFX,2367.0,2365.0,2369.2,331,235054680,15902,16149,2604.8,2131.2,2368,2367.4,0.0,2369.2,0.0,0,0,2017-04-14,34555400,2366.4,1,0,0,0,0,0,0,0,0,2367.0,1,0,0,0,0,0,0,0,0
478,2017-04-14,09:35:55,900,IH1704,CCFX,2367.0,2365.0,2369.2,331,235054680,15902,16149,2604.8,2131.2,2368,2367.4,0.0,2369.2,0.0,0,0,2017-04-14,34555900,2366.4,1,0,0,0,0,0,0,0,0,2367.0,1,0,0,0,0,0,0,0,0
479,2017-04-14,09:35:58,900,IH1704,CCFX,2367.0,2365.0,2369.2,331,235054680,15902,16149,2604.8,2131.2,2368,2367.4,0.0,2369.2,0.0,0,0,2017-04-14,34558900,2366.4,1,0,0,0,0,0,0,0,0,2367.0,1,0,0,0,0,0,0,0,0
480,2017-04-14,09:35:59,400,IH1704,CCFX,2367.0,2365.0,2369.2,331,235054680,15902,16149,2604.8,2131.2,2368,2367.4,0.0,2369.2,0.0,0,0,2017-04-14,34559400,2366.4,1,0,0,0,0,0,0,0,0,2367.0,1,0,0,0,0,0,0,0,0
481,2017-04-14,09:36:05,400,IH1704,CCFX,2367.0,2365.0,2369.2,331,235054680,15902,16149,2604.8,2131.2,2368,2367.4,0.0,2369.2,0.0,0,0,2017-04-14,34565400,2366.2,5,0,0,0,0,0,0,0,0,2367.0,1,0,0,0,0,0,0,0,0
482,2017-04-14,09:36:05,900,IH1704,CCFX,2367.0,2365.0,2369.2,331,235054680,15902,16149,2604.8,2131.2,2368,2367.4,0.0,2369.2,0.0,0,0,2017-04-14,34565900,2366.2,5,0,0,0,0,0,0,0,0,2366.8,1,0,0,0,0,0,0,0,0
483,2017-04-14,09:36:06,400,IH1704,CCFX,2367.0,2365.0,2369.2,331,235054680,15902,16149,2604.8,2131.2,2368,2367.4,0.0,2369.2,0.0,0,0,2017-04-14,34566400,2366.2,2,0,0,0,0,0,0,0,0,2366.8,1,0,0,0,0,0,0,0,0
484,2017-04-14,09:36:07,400,IH1704,CCFX,2367.0,2365.0,2369.2,331,235054680,15902,16149,2604.8,2131.2,2368,2367.4,0.0,2369.2,0.0,0,0,2017-04-14,34567400,2366.2,2,0,0,0,0,0,0,0,0,2366.8,1,0,0,0,0,0,0,0,0
485,2017-04-14,09:36:12,900,IH1704,CCFX,2366.2,2365.0,2369.2,332,235764540,15902,16149,2604.8,2131.2,2368,2367.4,0.0,2369.2,0.0,0,0,2017-04-14,34572900,2366.2,1,0,0,0,0,0,0,0,0,2366.8,1,0,0,0,0,0,0,0,0
486,2017-04-14,09:36:13,900,IH1704,CCFX,2366.2,2365.0,2369.2,332,235764540,15902,16149,2604.8,2131.2,2368,2367.4,0.0,2369.2,0.0,0,0,2017-04-14,34573900,2366.2,1,0,0,0,0,0,0,0,0,2366.8,1,0,0,0,0,0,0,0,0
487,2017-04-14,09:36:14,400,IH1704,CCFX,2366.2,2365.0,2369.2,332,235764540,15902,16149,2604.8,2131.2,2368,2367.4,0.0,2369.2,0.0,0,0,2017-04-14,34574400,2366.2,1,0,0,0,0,0,0,0,0,2366.4,1,0,0,0,0,0,0,0,0
488,2017-04-14,09:36:14,900,IH1704,CCFX,2366.2,2365.0,2369.2,332,235764540,15902,16149,2604.8,2131.2,2368,2367.4,0.0,2369.2,0.0,0,0,2017-04-14,34574900,2366.2,1,0,0,0,0,0,0,0,0,2366.8,1,0,0,0,0,0,0,0,0
489,2017-04-14,09:36:15,400,IH1704,CCFX,2366.2,2365.0,2369.2,332,235764540,15902,16149,2604.8,2131.2,2368,2367.4,0.0,2369.2,0.0,0,0,2017-04-14,34575400,2366.2,1,0,0,0,0,0,0,0,0,2366.4,1,0,0,0,0,0,0,0,0
490,2017-04-14,09:36:15,900,IH1704,CCFX,2366.2,2365.0,2369.2,332,235764540,15902,16149,2604.8,2131.2,2368,2367.4,0.0,2369.2,0.0,0,0,2017-04-14,34575900,2366.2,1,0,0,0,0,0,0,0,0,2366.8,1,0,0,0,0,0,0,0,0
491,2017-04-14,09:36:16,400,IH1704,CCFX,2366.2,2365.0,2369.2,332,235764540,15902,16149,2604.8,2131.2,2368,2367.4,0.0,2369.2,0.0,0,0,2017-04-14,34576400,2366.2,1,0,0,0,0,0,0,0,0,2366.4,1,0,0,0,0,0,0,0,0
492,2017-04-14,09:36:16,900,IH1704,CCFX,2366.2,2365.0,2369.2,332,235764540,15902,16149,2604.8,2131.2,2368,2367.4,0.0,2369.2,0.0,0,0,2017-04-14,34576900,2366.2,1,0,0,0,0,0,0,0,0,2367.0,1,0,0,0,0,0,0,0,0
493,2017-04-14,09:36:17,400,IH1704,CCFX,2366.4,2365.0,2369.2,333,236474460,15901,16149,2604.8,2131.2,2368,2367.4,0.0,2369.2,0.0,0,0,2017-04-14,34577400,2366.2,1,0,0,0,0,0,0,0,0,2366.8,1,0,0,0,0,0,0,0,0
