,dataDate,dataTime,dataMillisec,instrumentID,exchangeCD,lastPrice,lowPrice,highPrice,volume,value,openInterest,preOpenInterest,upperLimitPrice,lowerLimitPrice,preSettlementPrice,prevClosePrice,settlementPrice,openPrice,closePrice,preDelta,currDelta,clearingDay,milliSecOffset,bidPrice1,bidVolume1,bidPrice2,bidVolume2,bidPrice3,bidVolume3,bidPrice4,bidVolume4,bidPrice5,bidVolume5,askPrice1,askVolume1,askPrice2,askVolume2,askPrice3,askVolume3,askPrice4,askVolume4,askPrice5,askVolume5
0,2017-04-14,08:59:00,90,jd1709,XDCE,3891,3891,3891,216,8404560,174756,174656,4072,3686,3879,3881,0,3891,0,0,0,2017-04-14,32340090,3890,2,0,0,0,0,0,0,0,0,3891,53,0,0,0,0,0,0,0,0
1,2017-04-14,09:00:00,406,jd1709,XDCE,3886,3886,3891,258,10038020,174782,174656,4072,3686,3879,3881,0,3891,0,0,0,2017-04-14,32400406,3886,1,0,0,0,0,0,0,0,0,3887,4,0,0,0,0,0,0,0,0
2,2017-04-14,09:00:00,902,jd1709,XDCE,3890,3885,3891,650,25278760,174710,174656,4072,3686,3879,3881,0,3891,0,0,0,2017-04-14,32400902,3887,3,0,0,0,0,0,0,0,0,3890,20,0,0,0,0,0,0,0,0
3,2017-04-14,09:00:01,406,jd1709,XDCE,3888,3885,3899,1270,49407460,174518,174656,4072,3686,3879,3881,0,3891,0,0,0,2017-04-14,32401406,3889,25,0,0,0,0,0,0,0,0,3890,1,0,0,0,0,0,0,0,0
4,2017-04-14,09:00:01,896,jd1709,XDCE,3890,3885,3899,1468,57116100,174456,174656,4072,3686,3879,3881,0,3891,0,0,0,2017-04-14,32401896,3891,42,0,0,0,0,0,0,0,0,3892,11,0,0,0,0,0,0,0,0
5,2017-04-14,09:00:02,385,jd1709,XDCE,3892,3885,3899,1542,59996300,174406,174656,4072,3686,3879,3881,0,3891,0,0,0,2017-04-14,32402385,3892,5,0,0,0,0,0,0,0,0,3894,51,0,0,0,0,0,0,0,0
6,2017-04-14,09:00:02,867,jd1709,XDCE,3891,3885,3899,1756,68328000,174264,174656,4072,3686,3879,3881,0,3891,0,0,0,2017-04-14,32402867,3891,16,0,0,0,0,0,0,0,0,3892,2,0,0,0,0,0,0,0,0
7,2017-04-14,09:00:03,376,jd1709,XDCE,3892,3885,3899,1792,69729340,174256,174656,4072,3686,3879,3881,0,3891,0,0,0,2017-04-14,32403376,3892,10,0,0,0,0,0,0,0,0,3894,9,0,0,0,0,0,0,0,0
8,2017-04-14,09:00:03,898,jd1709,XDCE,3890,3885,3899,1866,72608420,174322,174656,4072,3686,3879,3881,0,3891,0,0,0,2017-04-14,32403898,3890,19,0,0,0,0,0,0,0,0,3891,5,0,0,0,0,0,0,0,0
9,2017-04-14,09:00:04,404,jd1709,XDCE,3892,3885,3899,1914,74476220,174354,174656,4072,3686,3879,3881,0,3891,0,0,0,2017-04-14,32404404,3892,9,0,0,0,0,0,0,0,0,3893,7,0,0,0,0,0,0,0,0
10,2017-04-14,09:00:04,893,jd1709,XDCE,3890,3885,3899,1948,75799320,174354,174656,4072,3686,3879,3881,0,3891,0,0,0,2017-04-14,32404893,3890,12,0,0,0,0,0,0,0,0,3891,14,0,0,0,0,0,0,0,0
11,2017-04-14,09:00:05,397,jd1709,XDCE,3891,3885,3899,2034,79145000,174362,174656,4072,3686,3879,3881,0,3891,0,0,0,2017-04-14,32405397,3889,23,0,0,0,0,0,0,0,0,3891,16,0,0,0,0,0,0,0,0
12,2017-04-14,09:00:05,888,jd1709,XDCE,3890,3885,3899,2052,79845240,174356,174656,4072,3686,3879,3881,0,3891,0,0,0,2017-04-14,32405888,3889,26,0,0,0,0,0,0,0,0,3890,2,0,0,0,0,0,0,0,0
13,2017-04-14,09:00:06,367,jd1709,XDCE,3889,3885,3899,2108,82024020,174386,174656,4072,3686,3879,3881,0,3891,0,0,0,2017-04-14,32406367,3889,25,0,0,0,0,0,0,0,0,3891,13,0,0,0,0,0,0,0,0
14,2017-04-14,09:00:06,895,jd1709,XDCE,3889,3885,3899,2166,84279640,174422,174656,4072,3686,3879,3881,0,3891,0,0,0,2017-04-14,32406895,3888,25,0,0,0,0,0,0,0,0,3889,24,0,0,0,0,0,0,0,0
15,2017-04-14,09:00:07,377,jd1709,XDCE,3889,3885,3899,2182,84901740,174410,174656,4072,3686,3879,3881,0,3891,0,0,0,2017-04-14,32407377,3888,18,0,0,0,0,0,0,0,0,3889,23,0,0,0,0,0,0,0,0
16,2017-04-14,09:00:07,899,jd1709,XDCE,3888,3885,3899,2244,87312840,174406,174656,4072,3686,3879,3881,0,3891,0,0,0,2017-04-14,32407899,3888,15,0,0,0,0,0,0,0,0,3889,17,0,0,0,0,0,0,0,0
17,2017-04-14,09:00:08,400,jd1709,XDCE,3889,3885,3899,2262,88012860,174418,174656,4072,3686,3879,3881,0,3891,0,0,0,2017-04-14,32408400,3888,15,0,0,0,0,0,0,0,0,3889,19,0,0,0,0,0,0,0,0
18,2017-04-14,09:00:08,861,jd1709,XDCE,3889,3885,3899,2302,89568440,174420,174656,4072,3686,3879,3881,0,3891,0,0,0,2017-04-14,32408861,3888,16,0,0,0,0,0,0,0,0,3890,14,0,0,0,0,0,0,0,0
19,2017-04-14,09:00:09,404,jd1709,XDCE,3890,3885,3899,2346,91279360,174408,174656,4072,3686,3879,3881,0,3891,0,0,0,2017-04-14,32409404,3888,11,0,0,0,0,0,0,0,0,3890,7,0,0,0,0,0,0,0,0
20,2017-04-14,09:00:09,861,jd1709,XDCE,3888,3885,3899,2356,91668320,174408,174656,4072,3686,3879,3881,0,3891,0,0,0,2017-04-14,32409861,3889,5,0,0,0,0,0,0,0,0,3890,4,0,0,0,0,0,0,0,0
21,2017-04-14,09:00:10,388,jd1709,XDCE,3890,3885,3899,2374,92368420,174412,174656,4072,3686,3879,3881,0,3891,0,0,0,2017-04-14,32410388,3889,11,0,0,0,0,0,0,0,0,3890,5,0,0,0,0,0,0,0,0
22,2017-04-14,09:00:10,861,jd1709,XDCE,3889,3885,3899,2382,92679560,174416,174656,4072,3686,3879,3881,0,3891,0,0,0,2017-04-14,32410861,3889,20,0,0,0,0,0,0,0,0,3890,5,0,0,0,0,0,0,0,0
23,2017-04-14,09:00:11,406,jd1709,XDCE,3889,3885,3899,2398,93301860,174412,174656,4072,3686,3879,3881,0,3891,0,0,0,2017-04-14,32411406,3889,24,0,0,0,0,0,0,0,0,3891,14,0,0,0,0,0,0,0,0
24,2017-04-14,09:00:11,888,jd1709,XDCE,3891,3885,3899,2474,96258700,174434,174656,4072,3686,3879,3881,0,3891,0,0,0,2017-04-14,32411888,3890,10,0,0,0,0,0,0,0,0,3891,4,0,0,0,0,0,0,0,0
25,2017-04-14,09:00:12,387,jd1709,XDCE,3889,3885,3899,2498,97192320,174444,174656,4072,3686,3879,3881,0,3891,0,0,0,2017-04-14,32412387,3890,100,0,0,0,0,0,0,0,0,3891,7,0,0,0,0,0,0,0,0
26,2017-04-14,09:00:12,902,jd1709,XDCE,3890,3885,3899,2610,101549240,174546,174656,4072,3686,3879,3881,0,3891,0,0,0,2017-04-14,32412902,3890,76,0,0,0,0,0,0,0,0,3892,168,0,0,0,0,0,0,0,0
27,2017-04-14,09:00:13,399,jd1709,XDCE,3891,3885,3899,2630,102327400,174546,174656,4072,3686,3879,3881,0,3891,0,0,0,2017-04-14,32413399,3891,13,0,0,0,0,0,0,0,0,3892,169,0,0,0,0,0,0,0,0
28,2017-04-14,09:00:13,897,jd1709,XDCE,3892,3885,3899,2654,103261460,174534,174656,4072,3686,3879,3881,0,3891,0,0,0,2017-04-14,32413897,3891,16,0,0,0,0,0,0,0,0,3892,156,0,0,0,0,0,0,0,0
29,2017-04-14,09:00:14,361,jd1709,XDCE,3892,3885,3899,2730,106219380,174480,174656,4072,3686,3879,3881,0,3891,0,0,0,2017-04-14,32414361,3891,23,0,0,0,0,0,0,0,0,3892,117,0,0,0,0,0,0,0,0
30,2017-04-14,09:00:14,861,jd1709,XDCE,3891,3885,3899,2776,108009500,174484,174656,4072,3686,3879,3881,0,3891,0,0,0,2017-04-14,32414861,3891,14,0,0,0,0,0,0,0,0,3892,105,0,0,0,0,0,0,0,0
31,2017-04-14,09:00:15,387,jd1709,XDCE,3891,3885,3899,2854,111044560,174464,174656,4072,3686,3879,3881,0,3891,0,0,0,2017-04-14,32415387,3891,5,0,0,0,0,0,0,0,0,3892,101,0,0,0,0,0,0,0,0
32,2017-04-14,09:00:15,905,jd1709,XDCE,3892,3885,3899,2880,112056380,174484,174656,4072,3686,3879,3881,0,3891,0,0,0,2017-04-14,32415905,3890,69,0,0,0,0,0,0,0,0,3892,94,0,0,0,0,0,0,0,0
33,2017-04-14,09:00:16,322,jd1709,XDCE,3891,3885,3899,2892,112523380,174488,174656,4072,3686,3879,3881,0,3891,0,0,0,2017-04-14,32416322,3890,75,0,0,0,0,0,0,0,0,3891,10,0,0,0,0,0,0,0,0
34,2017-04-14,09:00:16,861,jd1709,XDCE,3891,3885,3899,2896,112679020,174488,174656,4072,3686,3879,3881,0,3891,0,0,0,2017-04-14,32416861,3890,79,0,0,0,0,0,0,0,0,3891,8,0,0,0,0,0,0,0,0
35,2017-04-14,09:00:17,361,jd1709,XDCE,3891,3885,3899,2976,115792100,174500,174656,4072,3686,3879,3881,0,3891,0,0,0,2017-04-14,32417361,3891,10,0,0,0,0,0,0,0,0,3892,76,0,0,0,0,0,0,0,0
36,2017-04-14,09:00:17,905,jd1709,XDCE,3891,3885,3899,3010,117115040,174500,174656,4072,3686,3879,3881,0,3891,0,0,0,2017-04-14,32417905,3891,2,0,0,0,0,0,0,0,0,3892,75,0,0,0,0,0,0,0,0
37,2017-04-14,09:00:18,372,jd1709,XDCE,3891,3885,3899,3016,117348540,174496,174656,4072,3686,3879,3881,0,3891,0,0,0,2017-04-14,32418372,3891,5,0,0,0,0,0,0,0,0,3892,73,0,0,0,0,0,0,0,0
38,2017-04-14,09:00:18,861,jd1709,XDCE,3891,3885,3899,3020,117504180,174496,174656,4072,3686,3879,3881,0,3891,0,0,0,2017-04-14,32418861,3891,4,0,0,0,0,0,0,0,0,3892,77,0,0,0,0,0,0,0,0
39,2017-04-14,09:00:19,313,jd1709,XDCE,3891,3885,3899,3028,117815500,174496,174656,4072,3686,3879,3881,0,3891,0,0,0,2017-04-14,32419313,3891,2,0,0,0,0,0,0,0,0,3892,75,0,0,0,0,0,0,0,0
40,2017-04-14,09:00:19,899,jd1709,XDCE,3891,3885,3899,3036,118126780,174492,174656,4072,3686,3879,3881,0,3891,0,0,0,2017-04-14,32419899,3890,77,0,0,0,0,0,0,0,0,3891,9,0,0,0,0,0,0,0,0
41,2017-04-14,09:00:20,268,jd1709,XDCE,3891,3885,3899,3054,118827140,174476,174656,4072,3686,3879,3881,0,3891,0,0,0,2017-04-14,32420268,3890,76,0,0,0,0,0,0,0,0,3891,7,0,0,0,0,0,0,0,0
42,2017-04-14,09:00:20,855,jd1709,XDCE,3890,3885,3899,3068,119371740,174486,174656,4072,3686,3879,3881,0,3891,0,0,0,2017-04-14,32420855,3890,64,0,0,0,0,0,0,0,0,3891,28,0,0,0,0,0,0,0,0
43,2017-04-14,09:00:21,403,jd1709,XDCE,3892,3885,3899,3148,122484700,174410,174656,4072,3686,3879,3881,0,3891,0,0,0,2017-04-14,32421403,3890,63,0,0,0,0,0,0,0,0,3892,79,0,0,0,0,0,0,0,0
44,2017-04-14,09:00:21,898,jd1709,XDCE,3890,3885,3899,3336,129801340,174274,174656,4072,3686,3879,3881,0,3891,0,0,0,2017-04-14,32421898,3890,64,0,0,0,0,0,0,0,0,3892,4,0,0,0,0,0,0,0,0
45,2017-04-14,09:00:22,368,jd1709,XDCE,3891,3885,3899,3372,131202280,174258,174656,4072,3686,3879,3881,0,3891,0,0,0,2017-04-14,32422368,3891,7,0,0,0,0,0,0,0,0,3892,4,0,0,0,0,0,0,0,0
46,2017-04-14,09:00:22,887,jd1709,XDCE,3892,3885,3899,3382,131591400,174250,174656,4072,3686,3879,3881,0,3891,0,0,0,2017-04-14,32422887,3891,5,0,0,0,0,0,0,0,0,3892,3,0,0,0,0,0,0,0,0
47,2017-04-14,09:00:23,402,jd1709,XDCE,3892,3885,3899,3392,131980560,174246,174656,4072,3686,3879,3881,0,3891,0,0,0,2017-04-14,32423402,3891,4,0,0,0,0,0,0,0,0,3892,2,0,0,0,0,0,0,0,0
48,2017-04-14,09:00:23,894,jd1709,XDCE,3892,3885,3899,3418,132992440,174244,174656,4072,3686,3879,3881,0,3891,0,0,0,2017-04-14,32423894,3891,4,0,0,0,0,0,0,0,0,3892,41,0,0,0,0,0,0,0,0
49,2017-04-14,09:00:24,389,jd1709,XDCE,3891,3885,3899,3428,133381540,174242,174656,4072,3686,3879,3881,0,3891,0,0,0,2017-04-14,32424389,3890,64,0,0,0,0,0,0,0,0,3892,43,0,0,0,0,0,0,0,0
50,2017-04-14,09:00:24,876,jd1709,XDCE,3892,3885,3899,3430,133459380,174240,174656,4072,3686,3879,3881,0,3891,0,0,0,2017-04-14,32424876,3890,65,0,0,0,0,0,0,0,0,3892,42,0,0,0,0,0,0,0,0
51,2017-04-14,09:00:25,344,jd1709,XDCE,3892,3885,3899,3432,133537220,174240,174656,4072,3686,3879,3881,0,3891,0,0,0,2017-04-14,32425344,3890,65,0,0,0,0,0,0,0,0,3891,8,0,0,0,0,0,0,0,0
52,2017-04-14,09:00:25,886,jd1709,XDCE,3891,3885,3899,3466,134860300,174218,174656,4072,3686,3879,3881,0,3891,0,0,0,2017-04-14,32425886,3891,6,0,0,0,0,0,0,0,0,3892,89,0,0,0,0,0,0,0,0
53,2017-04-14,09:00:26,381,jd1709,XDCE,3891,3885,3899,3478,135327220,174208,174656,4072,3686,3879,3881,0,3891,0,0,0,2017-04-14,32426381,3890,67,0,0,0,0,0,0,0,0,3891,3,0,0,0,0,0,0,0,0
54,2017-04-14,09:00:26,899,jd1709,XDCE,3891,3885,3899,3486,135638480,174208,174656,4072,3686,3879,3881,0,3891,0,0,0,2017-04-14,32426899,3890,67,0,0,0,0,0,0,0,0,3891,10,0,0,0,0,0,0,0,0
55,2017-04-14,09:00:27,397,jd1709,XDCE,3890,3885,3899,3488,135716280,174208,174656,4072,3686,3879,3881,0,3891,0,0,0,2017-04-14,32427397,3890,62,0,0,0,0,0,0,0,0,3891,20,0,0,0,0,0,0,0,0
56,2017-04-14,09:00:27,883,jd1709,XDCE,3891,3885,3899,3500,136183140,174214,174656,4072,3686,3879,3881,0,3891,0,0,0,2017-04-14,32427883,3890,59,0,0,0,0,0,0,0,0,3891,23,0,0,0,0,0,0,0,0
57,2017-04-14,09:00:28,404,jd1709,XDCE,3890,3885,3899,3504,136338740,174216,174656,4072,3686,3879,3881,0,3891,0,0,0,2017-04-14,32428404,3890,59,0,0,0,0,0,0,0,0,3891,24,0,0,0,0,0,0,0,0
58,2017-04-14,09:00:28,894,jd1709,XDCE,3890,3885,3899,3526,137194640,174214,174656,4072,3686,3879,3881,0,3891,0,0,0,2017-04-14,32428894,3890,53,0,0,0,0,0,0,0,0,3891,26,0,0,0,0,0,0,0,0
59,2017-04-14,09:00:29,359,jd1709,XDCE,3891,3885,3899,3570,138906680,174232,174656,4072,3686,3879,3881,0,3891,0,0,0,2017-04-14,32429359,3890,53,0,0,0,0,0,0,0,0,3891,7,0,0,0,0,0,0,0,0
60,2017-04-14,09:00:29,891,jd1709,XDCE,3891,3885,3899,3592,139762500,174238,174656,4072,3686,3879,3881,0,3891,0,0,0,2017-04-14,32429891,3890,43,0,0,0,0,0,0,0,0,3891,36,0,0,0,0,0,0,0,0
61,2017-04-14,09:00:30,347,jd1709,XDCE,3889,3885,3899,3688,143496800,174264,174656,4072,3686,3879,3881,0,3891,0,0,0,2017-04-14,32430347,3889,13,0,0,0,0,0,0,0,0,3890,70,0,0,0,0,0,0,0,0
62,2017-04-14,09:00:30,837,jd1709,XDCE,3889,3885,3899,3720,144741320,174268,174656,4072,3686,3879,3881,0,3891,0,0,0,2017-04-14,32430837,3888,63,0,0,0,0,0,0,0,0,3889,3,0,0,0,0,0,0,0,0
63,2017-04-14,09:00:32,344,jd1709,XDCE,3888,3885,3899,3762,146374480,174310,174656,4072,3686,3879,3881,0,3891,0,0,0,2017-04-14,32432344,3888,57,0,0,0,0,0,0,0,0,3889,4,0,0,0,0,0,0,0,0
64,2017-04-14,09:00:32,845,jd1709,XDCE,3888,3885,3899,3800,147852120,174334,174656,4072,3686,3879,3881,0,3891,0,0,0,2017-04-14,32432845,3888,43,0,0,0,0,0,0,0,0,3889,1,0,0,0,0,0,0,0,0
65,2017-04-14,09:00:33,338,jd1709,XDCE,3889,3885,3899,3804,148007660,174334,174656,4072,3686,3879,3881,0,3891,0,0,0,2017-04-14,32433338,3888,42,0,0,0,0,0,0,0,0,3890,66,0,0,0,0,0,0,0,0
66,2017-04-14,09:00:33,833,jd1709,XDCE,3890,3885,3899,3808,148163220,174338,174656,4072,3686,3879,3881,0,3891,0,0,0,2017-04-14,32433833,3888,44,0,0,0,0,0,0,0,0,3890,65,0,0,0,0,0,0,0,0
67,2017-04-14,09:00:34,370,jd1709,XDCE,3889,3885,3899,3840,149407580,174344,174656,4072,3686,3879,3881,0,3891,0,0,0,2017-04-14,32434370,3888,44,0,0,0,0,0,0,0,0,3889,16,0,0,0,0,0,0,0,0
68,2017-04-14,09:00:34,872,jd1709,XDCE,3888,3885,3899,3918,152440220,174364,174656,4072,3686,3879,3881,0,3891,0,0,0,2017-04-14,32434872,3887,78,0,0,0,0,0,0,0,0,3888,37,0,0,0,0,0,0,0,0
69,2017-04-14,09:00:35,341,jd1709,XDCE,3888,3885,3899,4010,156016980,174386,174656,4072,3686,3879,3881,0,3891,0,0,0,2017-04-14,32435341,3887,68,0,0,0,0,0,0,0,0,3888,10,0,0,0,0,0,0,0,0
70,2017-04-14,09:00:35,904,jd1709,XDCE,3887,3885,3899,4014,156172480,174388,174656,4072,3686,3879,3881,0,3891,0,0,0,2017-04-14,32435904,3887,73,0,0,0,0,0,0,0,0,3888,19,0,0,0,0,0,0,0,0
71,2017-04-14,09:00:36,243,jd1709,XDCE,3888,3885,3899,4020,156405740,174390,174656,4072,3686,3879,3881,0,3891,0,0,0,2017-04-14,32436243,3887,72,0,0,0,0,0,0,0,0,3888,18,0,0,0,0,0,0,0,0
72,2017-04-14,09:00:36,884,jd1709,XDCE,3888,3885,3899,4064,158116500,174376,174656,4072,3686,3879,3881,0,3891,0,0,0,2017-04-14,32436884,3888,13,0,0,0,0,0,0,0,0,3889,8,0,0,0,0,0,0,0,0
73,2017-04-14,09:00:37,332,jd1709,XDCE,3889,3885,3899,4068,158272040,174378,174656,4072,3686,3879,3881,0,3891,0,0,0,2017-04-14,32437332,3888,12,0,0,0,0,0,0,0,0,3889,7,0,0,0,0,0,0,0,0
74,2017-04-14,09:00:37,883,jd1709,XDCE,3888,3885,3899,4080,158738620,174368,174656,4072,3686,3879,3881,0,3891,0,0,0,2017-04-14,32437883,3888,9,0,0,0,0,0,0,0,0,3889,29,0,0,0,0,0,0,0,0
75,2017-04-14,09:00:38,377,jd1709,XDCE,3888,3885,3899,4088,159049680,174364,174656,4072,3686,3879,3881,0,3891,0,0,0,2017-04-14,32438377,3888,6,0,0,0,0,0,0,0,0,3889,28,0,0,0,0,0,0,0,0
76,2017-04-14,09:00:38,862,jd1709,XDCE,3888,3885,3899,4090,159127440,174364,174656,4072,3686,3879,3881,0,3891,0,0,0,2017-04-14,32438862,3888,5,0,0,0,0,0,0,0,0,3889,28,0,0,0,0,0,0,0,0
77,2017-04-14,09:00:39,359,jd1709,XDCE,3888,3885,3899,4100,159516240,174356,174656,4072,3686,3879,3881,0,3891,0,0,0,2017-04-14,32439359,3887,62,0,0,0,0,0,0,0,0,3888,41,0,0,0,0,0,0,0,0
78,2017-04-14,09:00:39,660,jd1709,XDCE,3887,3885,3899,4110,159904960,174350,174656,4072,3686,3879,3881,0,3891,0,0,0,2017-04-14,32439660,3887,53,0,0,0,0,0,0,0,0,3888,46,0,0,0,0,0,0,0,0
79,2017-04-14,09:00:40,379,jd1709,XDCE,3887,3885,3899,4190,163015160,174412,174656,4072,3686,3879,3881,0,3891,0,0,0,2017-04-14,32440379,3887,52,0,0,0,0,0,0,0,0,3888,4,0,0,0,0,0,0,0,0
80,2017-04-14,09:00:40,893,jd1709,XDCE,3887,3885,3899,4214,163948060,174426,174656,4072,3686,3879,3881,0,3891,0,0,0,2017-04-14,32440893,3887,46,0,0,0,0,0,0,0,0,3888,19,0,0,0,0,0,0,0,0
81,2017-04-14,09:00:41,371,jd1709,XDCE,3887,3885,3899,4220,164181300,174428,174656,4072,3686,3879,3881,0,3891,0,0,0,2017-04-14,32441371,3887,44,0,0,0,0,0,0,0,0,3888,19,0,0,0,0,0,0,0,0
82,2017-04-14,09:00:41,855,jd1709,XDCE,3887,3885,3899,4224,164336780,174430,174656,4072,3686,3879,3881,0,3891,0,0,0,2017-04-14,32441855,3887,52,0,0,0,0,0,0,0,0,3888,19,0,0,0,0,0,0,0,0
83,2017-04-14,09:00:42,359,jd1709,XDCE,3887,3885,3899,4242,165036460,174434,174656,4072,3686,3879,3881,0,3891,0,0,0,2017-04-14,32442359,3887,44,0,0,0,0,0,0,0,0,3888,16,0,0,0,0,0,0,0,0
84,2017-04-14,09:00:42,881,jd1709,XDCE,3887,3885,3899,4278,166435780,174430,174656,4072,3686,3879,3881,0,3891,0,0,0,2017-04-14,32442881,3887,22,0,0,0,0,0,0,0,0,3888,7,0,0,0,0,0,0,0,0
85,2017-04-14,09:00:43,381,jd1709,XDCE,3886,3885,3899,4334,168612380,174402,174656,4072,3686,3879,3881,0,3891,0,0,0,2017-04-14,32443381,3886,18,0,0,0,0,0,0,0,0,3887,10,0,0,0,0,0,0,0,0
86,2017-04-14,09:00:43,813,jd1709,XDCE,3887,3885,3899,4352,169312040,174402,174656,4072,3686,3879,3881,0,3891,0,0,0,2017-04-14,32443813,3886,18,0,0,0,0,0,0,0,0,3887,2,0,0,0,0,0,0,0,0
87,2017-04-14,09:00:44,392,jd1709,XDCE,3887,3885,3899,4372,170089520,174404,174656,4072,3686,3879,3881,0,3891,0,0,0,2017-04-14,32444392,3887,15,0,0,0,0,0,0,0,0,3888,75,0,0,0,0,0,0,0,0
88,2017-04-14,09:00:44,903,jd1709,XDCE,3887,3885,3899,4404,171333360,174406,174656,4072,3686,3879,3881,0,3891,0,0,0,2017-04-14,32444903,3886,19,0,0,0,0,0,0,0,0,3887,24,0,0,0,0,0,0,0,0
89,2017-04-14,09:00:45,280,jd1709,XDCE,3886,3885,3899,4418,171877400,174402,174656,4072,3686,3879,3881,0,3891,0,0,0,2017-04-14,32445280,3886,12,0,0,0,0,0,0,0,0,3887,17,0,0,0,0,0,0,0,0
90,2017-04-14,09:00:45,875,jd1709,XDCE,3886,3885,3899,4422,172032840,174404,174656,4072,3686,3879,3881,0,3891,0,0,0,2017-04-14,32445875,3886,10,0,0,0,0,0,0,0,0,3887,20,0,0,0,0,0,0,0,0
91,2017-04-14,09:00:46,356,jd1709,XDCE,3887,3885,3899,4426,172188320,174404,174656,4072,3686,3879,3881,0,3891,0,0,0,2017-04-14,32446356,3886,10,0,0,0,0,0,0,0,0,3887,24,0,0,0,0,0,0,0,0
92,2017-04-14,09:00:46,838,jd1709,XDCE,3886,3885,3899,4444,172887900,174400,174656,4072,3686,3879,3881,0,3891,0,0,0,2017-04-14,32446838,3886,7,0,0,0,0,0,0,0,0,3887,19,0,0,0,0,0,0,0,0
93,2017-04-14,09:00:47,390,jd1709,XDCE,3886,3885,3899,4462,173587380,174404,174656,4072,3686,3879,3881,0,3891,0,0,0,2017-04-14,32447390,3885,31,0,0,0,0,0,0,0,0,3886,2,0,0,0,0,0,0,0,0
94,2017-04-14,09:00:47,890,jd1709,XDCE,3885,3885,3899,4464,173665080,174406,174656,4072,3686,3879,3881,0,3891,0,0,0,2017-04-14,32447890,3885,30,0,0,0,0,0,0,0,0,3886,3,0,0,0,0,0,0,0,0
95,2017-04-14,09:00:48,341,jd1709,XDCE,3887,3885,3899,4600,178950360,174358,174656,4072,3686,3879,3881,0,3891,0,0,0,2017-04-14,32448341,3887,4,0,0,0,0,0,0,0,0,3888,69,0,0,0,0,0,0,0,0
96,2017-04-14,09:00:48,881,jd1709,XDCE,3887,3885,3899,4608,179261320,174358,174656,4072,3686,3879,3881,0,3891,0,0,0,2017-04-14,32448881,3885,9,0,0,0,0,0,0,0,0,3887,5,0,0,0,0,0,0,0,0
97,2017-04-14,09:00:49,363,jd1709,XDCE,3885,3885,3899,4614,179494420,174360,174656,4072,3686,3879,3881,0,3891,0,0,0,2017-04-14,32449363,3885,5,0,0,0,0,0,0,0,0,3886,110,0,0,0,0,0,0,0,0
98,2017-04-14,09:00:49,838,jd1709,XDCE,3886,3885,3899,4638,180427040,174360,174656,4072,3686,3879,3881,0,3891,0,0,0,2017-04-14,32449838,3885,4,0,0,0,0,0,0,0,0,3886,100,0,0,0,0,0,0,0,0
99,2017-04-14,09:00:50,371,jd1709,XDCE,3884,3884,3899,4680,182058440,174382,174656,4072,3686,3879,3881,0,3891,0,0,0,2017-04-14,32450371,3883,5,0,0,0,0,0,0,0,0,3884,8,0,0,0,0,0,0,0,0
100,2017-04-14,09:00:50,850,jd1709,XDCE,3884,3883,3899,4700,182835100,174376,174656,4072,3686,3879,3881,0,3891,0,0,0,2017-04-14,32450850,3883,3,0,0,0,0,0,0,0,0,3884,5,0,0,0,0,0,0,0,0
101,2017-04-14,09:00:51,394,jd1709,XDCE,3883,3883,3899,4830,187885900,174452,174656,4072,3686,3879,3881,0,3891,0,0,0,2017-04-14,32451394,3883,12,0,0,0,0,0,0,0,0,3885,6,0,0,0,0,0,0,0,0
102,2017-04-14,09:00:51,879,jd1709,XDCE,3883,3882,3899,4898,190526320,174400,174656,4072,3686,3879,3881,0,3891,0,0,0,2017-04-14,32451879,3882,59,0,0,0,0,0,0,0,0,3883,6,0,0,0,0,0,0,0,0
103,2017-04-14,09:00:52,338,jd1709,XDCE,3883,3882,3899,4912,191069940,174388,174656,4072,3686,3879,3881,0,3891,0,0,0,2017-04-14,32452338,3883,5,0,0,0,0,0,0,0,0,3885,9,0,0,0,0,0,0,0,0
104,2017-04-14,09:00:52,906,jd1709,XDCE,3884,3882,3899,4914,191147620,174390,174656,4072,3686,3879,3881,0,3891,0,0,0,2017-04-14,32452906,3884,5,0,0,0,0,0,0,0,0,3885,9,0,0,0,0,0,0,0,0
105,2017-04-14,09:00:53,393,jd1709,XDCE,3885,3882,3899,4950,192546000,174380,174656,4072,3686,3879,3881,0,3891,0,0,0,2017-04-14,32453393,3883,3,0,0,0,0,0,0,0,0,3885,3,0,0,0,0,0,0,0,0
106,2017-04-14,09:00:53,874,jd1709,XDCE,3883,3882,3899,4956,192778980,174380,174656,4072,3686,3879,3881,0,3891,0,0,0,2017-04-14,32453874,3883,8,0,0,0,0,0,0,0,0,3886,77,0,0,0,0,0,0,0,0
107,2017-04-14,09:00:54,393,jd1709,XDCE,3883,3882,3899,4972,193400260,174370,174656,4072,3686,3879,3881,0,3891,0,0,0,2017-04-14,32454393,3884,1,0,0,0,0,0,0,0,0,3885,1,0,0,0,0,0,0,0,0
108,2017-04-14,09:00:54,892,jd1709,XDCE,3884,3882,3899,4976,193555620,174368,174656,4072,3686,3879,3881,0,3891,0,0,0,2017-04-14,32454892,3883,13,0,0,0,0,0,0,0,0,3884,9,0,0,0,0,0,0,0,0
109,2017-04-14,09:00:55,338,jd1709,XDCE,3883,3882,3899,4992,194177040,174368,174656,4072,3686,3879,3881,0,3891,0,0,0,2017-04-14,32455338,3883,13,0,0,0,0,0,0,0,0,3884,2,0,0,0,0,0,0,0,0
110,2017-04-14,09:00:55,893,jd1709,XDCE,3885,3882,3899,5020,195264800,174350,174656,4072,3686,3879,3881,0,3891,0,0,0,2017-04-14,32455893,3885,71,0,0,0,0,0,0,0,0,3886,82,0,0,0,0,0,0,0,0
111,2017-04-14,09:00:56,382,jd1709,XDCE,3885,3882,3899,5022,195342500,174348,174656,4072,3686,3879,3881,0,3891,0,0,0,2017-04-14,32456382,3885,71,0,0,0,0,0,0,0,0,3886,82,0,0,0,0,0,0,0,0
112,2017-04-14,09:00:56,882,jd1709,XDCE,3885,3882,3899,5152,200393000,174228,174656,4072,3686,3879,3881,0,3891,0,0,0,2017-04-14,32456882,3885,9,0,0,0,0,0,0,0,0,3886,82,0,0,0,0,0,0,0,0
113,2017-04-14,09:00:57,398,jd1709,XDCE,3885,3882,3899,5214,202800980,174192,174656,4072,3686,3879,3881,0,3891,0,0,0,2017-04-14,32457398,3883,1,0,0,0,0,0,0,0,0,3885,7,0,0,0,0,0,0,0,0
114,2017-04-14,09:00:57,837,jd1709,XDCE,3885,3882,3899,5244,203966520,174182,174656,4072,3686,3879,3881,0,3891,0,0,0,2017-04-14,32457837,3884,7,0,0,0,0,0,0,0,0,3885,4,0,0,0,0,0,0,0,0
115,2017-04-14,09:00:58,354,jd1709,XDCE,3884,3882,3899,5254,204354920,174178,174656,4072,3686,3879,3881,0,3891,0,0,0,2017-04-14,32458354,3883,7,0,0,0,0,0,0,0,0,3885,17,0,0,0,0,0,0,0,0
116,2017-04-14,09:00:58,818,jd1709,XDCE,3885,3882,3899,5262,204665720,174178,174656,4072,3686,3879,3881,0,3891,0,0,0,2017-04-14,32458818,3883,7,0,0,0,0,0,0,0,0,3885,18,0,0,0,0,0,0,0,0
117,2017-04-14,09:00:59,381,jd1709,XDCE,3885,3882,3899,5262,204665720,174178,174656,4072,3686,3879,3881,0,3891,0,0,0,2017-04-14,32459381,3884,3,0,0,0,0,0,0,0,0,3885,27,0,0,0,0,0,0,0,0
118,2017-04-14,09:00:59,867,jd1709,XDCE,3884,3882,3899,5270,204976460,174182,174656,4072,3686,3879,3881,0,3891,0,0,0,2017-04-14,32459867,3884,1,0,0,0,0,0,0,0,0,3885,26,0,0,0,0,0,0,0,0
119,2017-04-14,09:01:00,358,jd1709,XDCE,3884,3882,3899,5272,205054140,174180,174656,4072,3686,3879,3881,0,3891,0,0,0,2017-04-14,32460358,3883,7,0,0,0,0,0,0,0,0,3885,29,0,0,0,0,0,0,0,0
120,2017-04-14,09:01:00,882,jd1709,XDCE,3884,3882,3899,5310,206530360,174162,174656,4072,3686,3879,3881,0,3891,0,0,0,2017-04-14,32460882,3883,19,0,0,0,0,0,0,0,0,3884,1,0,0,0,0,0,0,0,0
121,2017-04-14,09:01:01,334,jd1709,XDCE,3884,3882,3899,5328,207229340,174154,174656,4072,3686,3879,3881,0,3891,0,0,0,2017-04-14,32461334,3883,15,0,0,0,0,0,0,0,0,3884,4,0,0,0,0,0,0,0,0
122,2017-04-14,09:01:01,852,jd1709,XDCE,3885,3882,3899,5370,208860960,174136,174656,4072,3686,3879,3881,0,3891,0,0,0,2017-04-14,32461852,3884,11,0,0,0,0,0,0,0,0,3885,2,0,0,0,0,0,0,0,0
123,2017-04-14,09:01:02,363,jd1709,XDCE,3883,3882,3899,5402,210103760,174140,174656,4072,3686,3879,3881,0,3891,0,0,0,2017-04-14,32462363,3883,11,0,0,0,0,0,0,0,0,3885,9,0,0,0,0,0,0,0,0
124,2017-04-14,09:01:02,852,jd1709,XDCE,3883,3882,3899,5418,210725240,174142,174656,4072,3686,3879,3881,0,3891,0,0,0,2017-04-14,32462852,3883,7,0,0,0,0,0,0,0,0,3885,1,0,0,0,0,0,0,0,0
125,2017-04-14,09:01:03,339,jd1709,XDCE,3885,3882,3899,5432,211269080,174142,174656,4072,3686,3879,3881,0,3891,0,0,0,2017-04-14,32463339,3884,5,0,0,0,0,0,0,0,0,3885,4,0,0,0,0,0,0,0,0
126,2017-04-14,09:01:03,899,jd1709,XDCE,3885,3882,3899,5440,211579840,174136,174656,4072,3686,3879,3881,0,3891,0,0,0,2017-04-14,32463899,3884,4,0,0,0,0,0,0,0,0,3885,1,0,0,0,0,0,0,0,0
127,2017-04-14,09:01:04,397,jd1709,XDCE,3884,3882,3899,5442,211657520,174136,174656,4072,3686,3879,3881,0,3891,0,0,0,2017-04-14,32464397,3884,30,0,0,0,0,0,0,0,0,3885,29,0,0,0,0,0,0,0,0
128,2017-04-14,09:01:04,903,jd1709,XDCE,3883,3882,3899,5522,214764700,174130,174656,4072,3686,3879,3881,0,3891,0,0,0,2017-04-14,32464903,3883,14,0,0,0,0,0,0,0,0,3884,16,0,0,0,0,0,0,0,0
129,2017-04-14,09:01:05,207,jd1709,XDCE,3884,3882,3899,5532,215153020,174130,174656,4072,3686,3879,3881,0,3891,0,0,0,2017-04-14,32465207,3883,13,0,0,0,0,0,0,0,0,3884,15,0,0,0,0,0,0,0,0
130,2017-04-14,09:01:05,846,jd1709,XDCE,3883,3882,3899,5548,215774420,174130,174656,4072,3686,3879,3881,0,3891,0,0,0,2017-04-14,32465846,3883,12,0,0,0,0,0,0,0,0,3884,11,0,0,0,0,0,0,0,0
131,2017-04-14,09:01:06,337,jd1709,XDCE,3884,3882,3899,5552,215929780,174126,174656,4072,3686,3879,3881,0,3891,0,0,0,2017-04-14,32466337,3883,12,0,0,0,0,0,0,0,0,3884,9,0,0,0,0,0,0,0,0
132,2017-04-14,09:01:06,855,jd1709,XDCE,3884,3882,3899,5582,217095000,174106,174656,4072,3686,3879,3881,0,3891,0,0,0,2017-04-14,32466855,3884,6,0,0,0,0,0,0,0,0,3885,55,0,0,0,0,0,0,0,0
133,2017-04-14,09:01:07,388,jd1709,XDCE,3884,3882,3899,5624,218726680,174146,174656,4072,3686,3879,3881,0,3891,0,0,0,2017-04-14,32467388,3884,26,0,0,0,0,0,0,0,0,3885,36,0,0,0,0,0,0,0,0
134,2017-04-14,09:01:07,883,jd1709,XDCE,3884,3882,3899,5634,219115080,174146,174656,4072,3686,3879,3881,0,3891,0,0,0,2017-04-14,32467883,3884,23,0,0,0,0,0,0,0,0,3885,44,0,0,0,0,0,0,0,0
135,2017-04-14,09:01:08,405,jd1709,XDCE,3885,3882,3899,5660,220125120,174150,174656,4072,3686,3879,3881,0,3891,0,0,0,2017-04-14,32468405,3884,22,0,0,0,0,0,0,0,0,3885,44,0,0,0,0,0,0,0,0
136,2017-04-14,09:01:08,904,jd1709,XDCE,3885,3882,3899,5728,222766920,174152,174656,4072,3686,3879,3881,0,3891,0,0,0,2017-04-14,32468904,3884,23,0,0,0,0,0,0,0,0,3885,10,0,0,0,0,0,0,0,0
137,2017-04-14,09:01:09,379,jd1709,XDCE,3884,3882,3899,5788,225097520,174158,174656,4072,3686,3879,3881,0,3891,0,0,0,2017-04-14,32469379,3884,6,0,0,0,0,0,0,0,0,3885,17,0,0,0,0,0,0,0,0
138,2017-04-14,09:01:09,902,jd1709,XDCE,3884,3882,3899,5808,225874400,174164,174656,4072,3686,3879,3881,0,3891,0,0,0,2017-04-14,32469902,3883,12,0,0,0,0,0,0,0,0,3885,16,0,0,0,0,0,0,0,0
139,2017-04-14,09:01:10,382,jd1709,XDCE,3885,3882,3899,5810,225952100,174164,174656,4072,3686,3879,3881,0,3891,0,0,0,2017-04-14,32470382,3883,19,0,0,0,0,0,0,0,0,3885,17,0,0,0,0,0,0,0,0
140,2017-04-14,09:01:10,837,jd1709,XDCE,3885,3882,3899,5860,227894600,174154,174656,4072,3686,3879,3881,0,3891,0,0,0,2017-04-14,32470837,3885,6,0,0,0,0,0,0,0,0,3886,86,0,0,0,0,0,0,0,0
141,2017-04-14,09:01:11,896,jd1709,XDCE,3885,3882,3899,5862,227972300,174154,174656,4072,3686,3879,3881,0,3891,0,0,0,2017-04-14,32471896,3885,9,0,0,0,0,0,0,0,0,3886,86,0,0,0,0,0,0,0,0
142,2017-04-14,09:01:12,339,jd1709,XDCE,3885,3882,3899,5864,228050000,174156,174656,4072,3686,3879,3881,0,3891,0,0,0,2017-04-14,32472339,3885,10,0,0,0,0,0,0,0,0,3886,87,0,0,0,0,0,0,0,0
143,2017-04-14,09:01:12,789,jd1709,XDCE,3886,3882,3899,5868,228205440,174152,174656,4072,3686,3879,3881,0,3891,0,0,0,2017-04-14,32472789,3885,9,0,0,0,0,0,0,0,0,3886,85,0,0,0,0,0,0,0,0
144,2017-04-14,09:01:13,296,jd1709,XDCE,3886,3882,3899,5892,229138040,174136,174656,4072,3686,3879,3881,0,3891,0,0,0,2017-04-14,32473296,3885,8,0,0,0,0,0,0,0,0,3886,75,0,0,0,0,0,0,0,0
145,2017-04-14,09:01:13,887,jd1709,XDCE,3884,3882,3899,5916,230070360,174144,174656,4072,3686,3879,3881,0,3891,0,0,0,2017-04-14,32473887,3884,2,0,0,0,0,0,0,0,0,3885,10,0,0,0,0,0,0,0,0
146,2017-04-14,09:01:14,323,jd1709,XDCE,3885,3882,3899,5918,230148060,174146,174656,4072,3686,3879,3881,0,3891,0,0,0,2017-04-14,32474323,3884,2,0,0,0,0,0,0,0,0,3885,12,0,0,0,0,0,0,0,0
147,2017-04-14,09:01:14,876,jd1709,XDCE,3885,3882,3899,5918,230148060,174146,174656,4072,3686,3879,3881,0,3891,0,0,0,2017-04-14,32474876,3884,38,0,0,0,0,0,0,0,0,3885,13,0,0,0,0,0,0,0,0
148,2017-04-14,09:01:15,396,jd1709,XDCE,3885,3882,3899,5930,230614260,174158,174656,4072,3686,3879,3881,0,3891,0,0,0,2017-04-14,32475396,3884,38,0,0,0,0,0,0,0,0,3885,37,0,0,0,0,0,0,0,0
149,2017-04-14,09:01:15,878,jd1709,XDCE,3885,3882,3899,5932,230691960,174158,174656,4072,3686,3879,3881,0,3891,0,0,0,2017-04-14,32475878,3884,38,0,0,0,0,0,0,0,0,3885,36,0,0,0,0,0,0,0,0
150,2017-04-14,09:01:16,254,jd1709,XDCE,3885,3882,3899,5934,230769660,174158,174656,4072,3686,3879,3881,0,3891,0,0,0,2017-04-14,32476254,3884,38,0,0,0,0,0,0,0,0,3885,35,0,0,0,0,0,0,0,0
151,2017-04-14,09:01:16,844,jd1709,XDCE,3885,3882,3899,6004,233489160,174156,174656,4072,3686,3879,3881,0,3891,0,0,0,2017-04-14,32476844,3885,15,0,0,0,0,0,0,0,0,3886,73,0,0,0,0,0,0,0,0
152,2017-04-14,09:01:17,348,jd1709,XDCE,3885,3882,3899,6004,233489160,174156,174656,4072,3686,3879,3881,0,3891,0,0,0,2017-04-14,32477348,3885,41,0,0,0,0,0,0,0,0,3886,73,0,0,0,0,0,0,0,0
153,2017-04-14,09:01:17,865,jd1709,XDCE,3885,3882,3899,6028,234421560,174156,174656,4072,3686,3879,3881,0,3891,0,0,0,2017-04-14,32477865,3885,30,0,0,0,0,0,0,0,0,3886,68,0,0,0,0,0,0,0,0
154,2017-04-14,09:01:18,319,jd1709,XDCE,3885,3882,3899,6040,234887800,174148,174656,4072,3686,3879,3881,0,3891,0,0,0,2017-04-14,32478319,3885,28,0,0,0,0,0,0,0,0,3886,66,0,0,0,0,0,0,0,0
155,2017-04-14,09:01:18,776,jd1709,XDCE,3885,3882,3899,6044,235043200,174148,174656,4072,3686,3879,3881,0,3891,0,0,0,2017-04-14,32478776,3885,27,0,0,0,0,0,0,0,0,3886,66,0,0,0,0,0,0,0,0
156,2017-04-14,09:01:19,382,jd1709,XDCE,3885,3882,3899,6058,235587200,174148,174656,4072,3686,3879,3881,0,3891,0,0,0,2017-04-14,32479382,3885,26,0,0,0,0,0,0,0,0,3886,61,0,0,0,0,0,0,0,0
157,2017-04-14,09:01:19,874,jd1709,XDCE,3885,3882,3899,6152,239239520,174086,174656,4072,3686,3879,3881,0,3891,0,0,0,2017-04-14,32479874,3884,39,0,0,0,0,0,0,0,0,3885,11,0,0,0,0,0,0,0,0
158,2017-04-14,09:01:20,370,jd1709,XDCE,3885,3882,3899,6174,240094220,174082,174656,4072,3686,3879,3881,0,3891,0,0,0,2017-04-14,32480370,3885,4,0,0,0,0,0,0,0,0,3886,40,0,0,0,0,0,0,0,0
159,2017-04-14,09:01:20,904,jd1709,XDCE,3885,3882,3899,6180,240327320,174084,174656,4072,3686,3879,3881,0,3891,0,0,0,2017-04-14,32480904,3885,2,0,0,0,0,0,0,0,0,3886,43,0,0,0,0,0,0,0,0
160,2017-04-14,09:01:21,341,jd1709,XDCE,3885,3882,3899,6182,240405020,174084,174656,4072,3686,3879,3881,0,3891,0,0,0,2017-04-14,32481341,3885,2,0,0,0,0,0,0,0,0,3886,43,0,0,0,0,0,0,0,0
161,2017-04-14,09:01:21,901,jd1709,XDCE,3885,3882,3899,6182,240405020,174084,174656,4072,3686,3879,3881,0,3891,0,0,0,2017-04-14,32481901,3885,2,0,0,0,0,0,0,0,0,3886,53,0,0,0,0,0,0,0,0
162,2017-04-14,09:01:22,320,jd1709,XDCE,3885,3882,3899,6186,240560420,174082,174656,4072,3686,3879,3881,0,3891,0,0,0,2017-04-14,32482320,3884,39,0,0,0,0,0,0,0,0,3885,5,0,0,0,0,0,0,0,0
163,2017-04-14,09:01:22,884,jd1709,XDCE,3884,3882,3899,6188,240638100,174082,174656,4072,3686,3879,3881,0,3891,0,0,0,2017-04-14,32482884,3884,28,0,0,0,0,0,0,0,0,3885,9,0,0,0,0,0,0,0,0
164,2017-04-14,09:01:23,319,jd1709,XDCE,3885,3882,3899,6200,241104300,174082,174656,4072,3686,3879,3881,0,3891,0,0,0,2017-04-14,32483319,3884,34,0,0,0,0,0,0,0,0,3885,4,0,0,0,0,0,0,0,0
165,2017-04-14,09:01:23,881,jd1709,XDCE,3885,3882,3899,6206,241337400,174084,174656,4072,3686,3879,3881,0,3891,0,0,0,2017-04-14,32483881,3884,34,0,0,0,0,0,0,0,0,3885,2,0,0,0,0,0,0,0,0
166,2017-04-14,09:01:24,387,jd1709,XDCE,3884,3882,3899,6212,241570480,174084,174656,4072,3686,3879,3881,0,3891,0,0,0,2017-04-14,32484387,3884,33,0,0,0,0,0,0,0,0,3886,71,0,0,0,0,0,0,0,0
167,2017-04-14,09:01:24,896,jd1709,XDCE,3884,3882,3899,6222,241958880,174094,174656,4072,3686,3879,3881,0,3891,0,0,0,2017-04-14,32484896,3884,28,0,0,0,0,0,0,0,0,3886,74,0,0,0,0,0,0,0,0
168,2017-04-14,09:01:25,349,jd1709,XDCE,3886,3882,3899,6228,242192000,174092,174656,4072,3686,3879,3881,0,3891,0,0,0,2017-04-14,32485349,3885,2,0,0,0,0,0,0,0,0,3886,72,0,0,0,0,0,0,0,0
169,2017-04-14,09:01:25,790,jd1709,XDCE,3885,3882,3899,6230,242269700,174092,174656,4072,3686,3879,3881,0,3891,0,0,0,2017-04-14,32485790,3885,6,0,0,0,0,0,0,0,0,3886,69,0,0,0,0,0,0,0,0
170,2017-04-14,09:01:26,397,jd1709,XDCE,3884,3882,3899,6262,243512780,174114,174656,4072,3686,3879,3881,0,3891,0,0,0,2017-04-14,32486397,3884,24,0,0,0,0,0,0,0,0,3886,68,0,0,0,0,0,0,0,0
171,2017-04-14,09:01:26,840,jd1709,XDCE,3886,3882,3899,6266,243668200,174110,174656,4072,3686,3879,3881,0,3891,0,0,0,2017-04-14,32486840,3884,32,0,0,0,0,0,0,0,0,3886,66,0,0,0,0,0,0,0,0
172,2017-04-14,09:01:27,361,jd1709,XDCE,3886,3882,3899,6334,246310140,174050,174656,4072,3686,3879,3881,0,3891,0,0,0,2017-04-14,32487361,3884,36,0,0,0,0,0,0,0,0,3886,58,0,0,0,0,0,0,0,0
173,2017-04-14,09:01:27,816,jd1709,XDCE,3886,3882,3899,6334,246310140,174050,174656,4072,3686,3879,3881,0,3891,0,0,0,2017-04-14,32487816,3884,36,0,0,0,0,0,0,0,0,3886,53,0,0,0,0,0,0,0,0
174,2017-04-14,09:01:28,369,jd1709,XDCE,3884,3882,3899,6360,247320020,174052,174656,4072,3686,3879,3881,0,3891,0,0,0,2017-04-14,32488369,3884,25,0,0,0,0,0,0,0,0,3886,59,0,0,0,0,0,0,0,0
175,2017-04-14,09:01:28,835,jd1709,XDCE,3886,3882,3899,6362,247397740,174052,174656,4072,3686,3879,3881,0,3891,0,0,0,2017-04-14,32488835,3884,35,0,0,0,0,0,0,0,0,3886,58,0,0,0,0,0,0,0,0
176,2017-04-14,09:01:29,405,jd1709,XDCE,3885,3882,3899,6394,248640940,174050,174656,4072,3686,3879,3881,0,3891,0,0,0,2017-04-14,32489405,3884,35,0,0,0,0,0,0,0,0,3885,2,0,0,0,0,0,0,0,0
177,2017-04-14,09:01:29,841,jd1709,XDCE,3884,3882,3899,6410,249262400,174038,174656,4072,3686,3879,3881,0,3891,0,0,0,2017-04-14,32489841,3884,29,0,0,0,0,0,0,0,0,3885,3,0,0,0,0,0,0,0,0
178,2017-04-14,09:01:30,204,jd1709,XDCE,3885,3882,3899,6414,249417800,174040,174656,4072,3686,3879,3881,0,3891,0,0,0,2017-04-14,32490204,3884,29,0,0,0,0,0,0,0,0,3885,1,0,0,0,0,0,0,0,0
179,2017-04-14,09:01:30,837,jd1709,XDCE,3885,3882,3899,6414,249417800,174040,174656,4072,3686,3879,3881,0,3891,0,0,0,2017-04-14,32490837,3884,29,0,0,0,0,0,0,0,0,3885,13,0,0,0,0,0,0,0,0
180,2017-04-14,09:01:31,393,jd1709,XDCE,3885,3882,3899,6446,250660700,174024,174656,4072,3686,3879,3881,0,3891,0,0,0,2017-04-14,32491393,3884,10,0,0,0,0,0,0,0,0,3885,17,0,0,0,0,0,0,0,0
181,2017-04-14,09:01:31,841,jd1709,XDCE,3885,3882,3899,6456,251049200,174032,174656,4072,3686,3879,3881,0,3891,0,0,0,2017-04-14,32491841,3884,11,0,0,0,0,0,0,0,0,3885,13,0,0,0,0,0,0,0,0
182,2017-04-14,09:01:32,221,jd1709,XDCE,3885,3882,3899,6458,251126900,174034,174656,4072,3686,3879,3881,0,3891,0,0,0,2017-04-14,32492221,3884,11,0,0,0,0,0,0,0,0,3885,18,0,0,0,0,0,0,0,0
183,2017-04-14,09:01:32,872,jd1709,XDCE,3885,3882,3899,6470,251593100,174042,174656,4072,3686,3879,3881,0,3891,0,0,0,2017-04-14,32492872,3884,11,0,0,0,0,0,0,0,0,3885,12,0,0,0,0,0,0,0,0
184,2017-04-14,09:01:33,286,jd1709,XDCE,3884,3882,3899,6476,251826160,174040,174656,4072,3686,3879,3881,0,3891,0,0,0,2017-04-14,32493286,3884,10,0,0,0,0,0,0,0,0,3885,11,0,0,0,0,0,0,0,0
185,2017-04-14,09:01:33,825,jd1709,XDCE,3884,3882,3899,6498,252680640,174046,174656,4072,3686,3879,3881,0,3891,0,0,0,2017-04-14,32493825,3883,30,0,0,0,0,0,0,0,0,3884,5,0,0,0,0,0,0,0,0
186,2017-04-14,09:01:34,853,jd1709,XDCE,3883,3882,3899,6504,252913640,174044,174656,4072,3686,3879,3881,0,3891,0,0,0,2017-04-14,32494853,3883,30,0,0,0,0,0,0,0,0,3884,5,0,0,0,0,0,0,0,0
187,2017-04-14,09:01:35,280,jd1709,XDCE,3884,3882,3899,6514,253302020,174044,174656,4072,3686,3879,3881,0,3891,0,0,0,2017-04-14,32495280,3883,29,0,0,0,0,0,0,0,0,3884,1,0,0,0,0,0,0,0,0
188,2017-04-14,09:01:35,688,jd1709,XDCE,3885,3882,3899,6528,253845900,174036,174656,4072,3686,3879,3881,0,3891,0,0,0,2017-04-14,32495688,3883,30,0,0,0,0,0,0,0,0,3885,10,0,0,0,0,0,0,0,0
189,2017-04-14,09:01:36,337,jd1709,XDCE,3885,3882,3899,6528,253845900,174036,174656,4072,3686,3879,3881,0,3891,0,0,0,2017-04-14,32496337,3884,4,0,0,0,0,0,0,0,0,3885,11,0,0,0,0,0,0,0,0
190,2017-04-14,09:01:36,862,jd1709,XDCE,3884,3882,3899,6588,256176720,173980,174656,4072,3686,3879,3881,0,3891,0,0,0,2017-04-14,32496862,3883,29,0,0,0,0,0,0,0,0,3884,53,0,0,0,0,0,0,0,0
191,2017-04-14,09:01:37,332,jd1709,XDCE,3884,3882,3899,6614,257186540,173980,174656,4072,3686,3879,3881,0,3891,0,0,0,2017-04-14,32497332,3883,28,0,0,0,0,0,0,0,0,3884,41,0,0,0,0,0,0,0,0
192,2017-04-14,09:01:37,780,jd1709,XDCE,3884,3882,3899,6618,257341900,173976,174656,4072,3686,3879,3881,0,3891,0,0,0,2017-04-14,32497780,3883,28,0,0,0,0,0,0,0,0,3884,39,0,0,0,0,0,0,0,0
193,2017-04-14,09:01:38,367,jd1709,XDCE,3884,3882,3899,6696,260371420,173898,174656,4072,3686,3879,3881,0,3891,0,0,0,2017-04-14,32498367,3884,24,0,0,0,0,0,0,0,0,3886,47,0,0,0,0,0,0,0,0
194,2017-04-14,09:01:38,838,jd1709,XDCE,3884,3882,3899,6698,260449100,173898,174656,4072,3686,3879,3881,0,3891,0,0,0,2017-04-14,32498838,3884,24,0,0,0,0,0,0,0,0,3886,51,0,0,0,0,0,0,0,0
195,2017-04-14,09:01:39,390,jd1709,XDCE,3884,3882,3899,6702,260604460,173898,174656,4072,3686,3879,3881,0,3891,0,0,0,2017-04-14,32499390,3884,23,0,0,0,0,0,0,0,0,3886,51,0,0,0,0,0,0,0,0
196,2017-04-14,09:01:39,866,jd1709,XDCE,3884,3882,3899,6702,260604460,173898,174656,4072,3686,3879,3881,0,3891,0,0,0,2017-04-14,32499866,3884,24,0,0,0,0,0,0,0,0,3885,1,0,0,0,0,0,0,0,0
197,2017-04-14,09:01:40,333,jd1709,XDCE,3885,3882,3899,6706,260759860,173898,174656,4072,3686,3879,3881,0,3891,0,0,0,2017-04-14,32500333,3884,26,0,0,0,0,0,0,0,0,3885,5,0,0,0,0,0,0,0,0
198,2017-04-14,09:01:40,898,jd1709,XDCE,3885,3882,3899,6716,261148360,173894,174656,4072,3686,3879,3881,0,3891,0,0,0,2017-04-14,32500898,3884,55,0,0,0,0,0,0,0,0,3886,51,0,0,0,0,0,0,0,0
199,2017-04-14,09:01:41,337,jd1709,XDCE,3885,3882,3899,6716,261148360,173894,174656,4072,3686,3879,3881,0,3891,0,0,0,2017-04-14,32501337,3885,7,0,0,0,0,0,0,0,0,3886,46,0,0,0,0,0,0,0,0
200,2017-04-14,09:01:41,866,jd1709,XDCE,3885,3882,3899,6716,261148360,173894,174656,4072,3686,3879,3881,0,3891,0,0,0,2017-04-14,32501866,3885,13,0,0,0,0,0,0,0,0,3886,46,0,0,0,0,0,0,0,0
201,2017-04-14,09:01:42,377,jd1709,XDCE,3885,3882,3899,6732,261769960,173902,174656,4072,3686,3879,3881,0,3891,0,0,0,2017-04-14,32502377,3885,5,0,0,0,0,0,0,0,0,3886,46,0,0,0,0,0,0,0,0
202,2017-04-14,09:01:42,716,jd1709,XDCE,3885,3882,3899,6732,261769960,173902,174656,4072,3686,3879,3881,0,3891,0,0,0,2017-04-14,32502716,3885,6,0,0,0,0,0,0,0,0,3886,46,0,0,0,0,0,0,0,0
203,2017-04-14,09:01:43,381,jd1709,XDCE,3884,3882,3899,6804,264567220,173882,174656,4072,3686,3879,3881,0,3891,0,0,0,2017-04-14,32503381,3885,1,0,0,0,0,0,0,0,0,3886,32,0,0,0,0,0,0,0,0
204,2017-04-14,09:01:43,881,jd1709,XDCE,3885,3882,3899,6808,264722620,173884,174656,4072,3686,3879,3881,0,3891,0,0,0,2017-04-14,32503881,3885,11,0,0,0,0,0,0,0,0,3886,46,0,0,0,0,0,0,0,0
205,2017-04-14,09:01:44,337,jd1709,XDCE,3885,3882,3899,6810,264800320,173884,174656,4072,3686,3879,3881,0,3891,0,0,0,2017-04-14,32504337,3885,11,0,0,0,0,0,0,0,0,3886,46,0,0,0,0,0,0,0,0
206,2017-04-14,09:01:44,851,jd1709,XDCE,3886,3882,3899,6882,267598120,173864,174656,4072,3686,3879,3881,0,3891,0,0,0,2017-04-14,32504851,3885,6,0,0,0,0,0,0,0,0,3886,16,0,0,0,0,0,0,0,0
207,2017-04-14,09:01:45,337,jd1709,XDCE,3886,3882,3899,6890,267908980,173862,174656,4072,3686,3879,3881,0,3891,0,0,0,2017-04-14,32505337,3885,13,0,0,0,0,0,0,0,0,3886,13,0,0,0,0,0,0,0,0
208,2017-04-14,09:01:45,891,jd1709,XDCE,3886,3882,3899,6902,268375200,173858,174656,4072,3686,3879,3881,0,3891,0,0,0,2017-04-14,32505891,3885,9,0,0,0,0,0,0,0,0,3886,13,0,0,0,0,0,0,0,0
209,2017-04-14,09:01:46,340,jd1709,XDCE,3886,3882,3899,6918,268996940,173860,174656,4072,3686,3879,3881,0,3891,0,0,0,2017-04-14,32506340,3885,10,0,0,0,0,0,0,0,0,3886,6,0,0,0,0,0,0,0,0
210,2017-04-14,09:01:46,836,jd1709,XDCE,3886,3882,3899,6934,269618660,173864,174656,4072,3686,3879,3881,0,3891,0,0,0,2017-04-14,32506836,3886,5,0,0,0,0,0,0,0,0,3887,15,0,0,0,0,0,0,0,0
211,2017-04-14,09:01:47,337,jd1709,XDCE,3886,3882,3899,6944,270007260,173860,174656,4072,3686,3879,3881,0,3891,0,0,0,2017-04-14,32507337,3885,8,0,0,0,0,0,0,0,0,3886,4,0,0,0,0,0,0,0,0
212,2017-04-14,09:01:47,837,jd1709,XDCE,3886,3882,3899,6946,270084980,173860,174656,4072,3686,3879,3881,0,3891,0,0,0,2017-04-14,32507837,3885,9,0,0,0,0,0,0,0,0,3886,3,0,0,0,0,0,0,0,0
213,2017-04-14,09:01:48,391,jd1709,XDCE,3886,3882,3899,6948,270162700,173860,174656,4072,3686,3879,3881,0,3891,0,0,0,2017-04-14,32508391,3885,8,0,0,0,0,0,0,0,0,3886,2,0,0,0,0,0,0,0,0
214,2017-04-14,09:01:48,805,jd1709,XDCE,3886,3882,3899,6950,270240420,173860,174656,4072,3686,3879,3881,0,3891,0,0,0,2017-04-14,32508805,3885,8,0,0,0,0,0,0,0,0,3886,2,0,0,0,0,0,0,0,0
215,2017-04-14,09:01:49,238,jd1709,XDCE,3886,3882,3899,6954,270395860,173858,174656,4072,3686,3879,3881,0,3891,0,0,0,2017-04-14,32509238,3886,8,0,0,0,0,0,0,0,0,3887,15,0,0,0,0,0,0,0,0
216,2017-04-14,09:01:49,888,jd1709,XDCE,3886,3882,3899,6954,270395860,173858,174656,4072,3686,3879,3881,0,3891,0,0,0,2017-04-14,32509888,3886,9,0,0,0,0,0,0,0,0,3887,15,0,0,0,0,0,0,0,0
217,2017-04-14,09:01:50,340,jd1709,XDCE,3887,3882,3899,6964,270784500,173858,174656,4072,3686,3879,3881,0,3891,0,0,0,2017-04-14,32510340,3886,7,0,0,0,0,0,0,0,0,3887,13,0,0,0,0,0,0,0,0
218,2017-04-14,09:01:50,901,jd1709,XDCE,3886,3882,3899,6966,270862220,173858,174656,4072,3686,3879,3881,0,3891,0,0,0,2017-04-14,32510901,3886,6,0,0,0,0,0,0,0,0,3887,14,0,0,0,0,0,0,0,0
219,2017-04-14,09:01:51,345,jd1709,XDCE,3887,3882,3899,6976,271250900,173862,174656,4072,3686,3879,3881,0,3891,0,0,0,2017-04-14,32511345,3886,7,0,0,0,0,0,0,0,0,3887,12,0,0,0,0,0,0,0,0
220,2017-04-14,09:01:51,838,jd1709,XDCE,3887,3882,3899,6984,271561860,173860,174656,4072,3686,3879,3881,0,3891,0,0,0,2017-04-14,32511838,3886,7,0,0,0,0,0,0,0,0,3887,5,0,0,0,0,0,0,0,0
221,2017-04-14,09:01:52,354,jd1709,XDCE,3887,3882,3899,6986,271639600,173860,174656,4072,3686,3879,3881,0,3891,0,0,0,2017-04-14,32512354,3886,7,0,0,0,0,0,0,0,0,3887,4,0,0,0,0,0,0,0,0
222,2017-04-14,09:01:52,847,jd1709,XDCE,3886,3882,3899,6992,271872800,173860,174656,4072,3686,3879,3881,0,3891,0,0,0,2017-04-14,32512847,3886,11,0,0,0,0,0,0,0,0,3887,2,0,0,0,0,0,0,0,0
223,2017-04-14,09:01:53,370,jd1709,XDCE,3886,3882,3899,6998,272105980,173860,174656,4072,3686,3879,3881,0,3891,0,0,0,2017-04-14,32513370,3886,9,0,0,0,0,0,0,0,0,3887,1,0,0,0,0,0,0,0,0
224,2017-04-14,09:01:53,823,jd1709,XDCE,3887,3882,3899,7000,272183720,173860,174656,4072,3686,3879,3881,0,3891,0,0,0,2017-04-14,32513823,3886,9,0,0,0,0,0,0,0,0,3888,87,0,0,0,0,0,0,0,0
225,2017-04-14,09:01:54,396,jd1709,XDCE,3887,3882,3899,7000,272183720,173860,174656,4072,3686,3879,3881,0,3891,0,0,0,2017-04-14,32514396,3886,10,0,0,0,0,0,0,0,0,3888,87,0,0,0,0,0,0,0,0
226,2017-04-14,09:01:54,873,jd1709,XDCE,3887,3882,3899,7000,272183720,173860,174656,4072,3686,3879,3881,0,3891,0,0,0,2017-04-14,32514873,3886,10,0,0,0,0,0,0,0,0,3887,4,0,0,0,0,0,0,0,0
227,2017-04-14,09:01:55,337,jd1709,XDCE,3887,3882,3899,7002,272261460,173860,174656,4072,3686,3879,3881,0,3891,0,0,0,2017-04-14,32515337,3886,15,0,0,0,0,0,0,0,0,3887,4,0,0,0,0,0,0,0,0
228,2017-04-14,09:01:55,892,jd1709,XDCE,3887,3882,3899,7006,272416940,173856,174656,4072,3686,3879,3881,0,3891,0,0,0,2017-04-14,32515892,3886,15,0,0,0,0,0,0,0,0,3887,2,0,0,0,0,0,0,0,0
229,2017-04-14,09:01:56,404,jd1709,XDCE,3887,3882,3899,7006,272416940,173856,174656,4072,3686,3879,3881,0,3891,0,0,0,2017-04-14,32516404,3886,16,0,0,0,0,0,0,0,0,3887,2,0,0,0,0,0,0,0,0
230,2017-04-14,09:01:56,906,jd1709,XDCE,3886,3882,3899,7008,272494660,173856,174656,4072,3686,3879,3881,0,3891,0,0,0,2017-04-14,32516906,3886,15,0,0,0,0,0,0,0,0,3887,3,0,0,0,0,0,0,0,0
231,2017-04-14,09:01:57,165,jd1709,XDCE,3886,3882,3899,7008,272494660,173856,174656,4072,3686,3879,3881,0,3891,0,0,0,2017-04-14,32517165,3886,20,0,0,0,0,0,0,0,0,3887,3,0,0,0,0,0,0,0,0
232,2017-04-14,09:01:57,902,jd1709,XDCE,3886,3882,3899,7008,272494660,173856,174656,4072,3686,3879,3881,0,3891,0,0,0,2017-04-14,32517902,3886,20,0,0,0,0,0,0,0,0,3887,4,0,0,0,0,0,0,0,0
233,2017-04-14,09:01:58,346,jd1709,XDCE,3887,3882,3899,7012,272650140,173856,174656,4072,3686,3879,3881,0,3891,0,0,0,2017-04-14,32518346,3886,20,0,0,0,0,0,0,0,0,3887,15,0,0,0,0,0,0,0,0
234,2017-04-14,09:01:58,906,jd1709,XDCE,3887,3882,3899,7012,272650140,173856,174656,4072,3686,3879,3881,0,3891,0,0,0,2017-04-14,32518906,3886,22,0,0,0,0,0,0,0,0,3887,15,0,0,0,0,0,0,0,0
235,2017-04-14,09:01:59,323,jd1709,XDCE,3887,3882,3899,7016,272805620,173858,174656,4072,3686,3879,3881,0,3891,0,0,0,2017-04-14,32519323,3886,17,0,0,0,0,0,0,0,0,3887,13,0,0,0,0,0,0,0,0
236,2017-04-14,09:01:59,863,jd1709,XDCE,3886,3882,3899,7020,272961060,173856,174656,4072,3686,3879,3881,0,3891,0,0,0,2017-04-14,32519863,3886,15,0,0,0,0,0,0,0,0,3887,15,0,0,0,0,0,0,0,0
237,2017-04-14,09:02:00,340,jd1709,XDCE,3887,3882,3899,7046,273971480,173870,174656,4072,3686,3879,3881,0,3891,0,0,0,2017-04-14,32520340,3886,6,0,0,0,0,0,0,0,0,3887,13,0,0,0,0,0,0,0,0
238,2017-04-14,09:02:00,837,jd1709,XDCE,3886,3882,3899,7056,274360120,173874,174656,4072,3686,3879,3881,0,3891,0,0,0,2017-04-14,32520837,3886,6,0,0,0,0,0,0,0,0,3887,11,0,0,0,0,0,0,0,0
239,2017-04-14,09:02:01,319,jd1709,XDCE,3886,3882,3899,7066,274748720,173870,174656,4072,3686,3879,3881,0,3891,0,0,0,2017-04-14,32521319,3886,1,0,0,0,0,0,0,0,0,3887,16,0,0,0,0,0,0,0,0
240,2017-04-14,09:02:01,843,jd1709,XDCE,3886,3882,3899,7070,274904180,173868,174656,4072,3686,3879,3881,0,3891,0,0,0,2017-04-14,32521843,3885,23,0,0,0,0,0,0,0,0,3887,15,0,0,0,0,0,0,0,0
241,2017-04-14,09:02:02,360,jd1709,XDCE,3886,3882,3899,7070,274904180,173868,174656,4072,3686,3879,3881,0,3891,0,0,0,2017-04-14,32522360,3885,23,0,0,0,0,0,0,0,0,3887,28,0,0,0,0,0,0,0,0
242,2017-04-14,09:02:02,786,jd1709,XDCE,3887,3882,3899,7074,275059620,173868,174656,4072,3686,3879,3881,0,3891,0,0,0,2017-04-14,32522786,3885,19,0,0,0,0,0,0,0,0,3887,28,0,0,0,0,0,0,0,0
243,2017-04-14,09:02:03,176,jd1709,XDCE,3887,3882,3899,7074,275059620,173868,174656,4072,3686,3879,3881,0,3891,0,0,0,2017-04-14,32523176,3885,19,0,0,0,0,0,0,0,0,3887,29,0,0,0,0,0,0,0,0
244,2017-04-14,09:02:03,837,jd1709,XDCE,3887,3882,3899,7074,275059620,173868,174656,4072,3686,3879,3881,0,3891,0,0,0,2017-04-14,32523837,3885,25,0,0,0,0,0,0,0,0,3886,5,0,0,0,0,0,0,0,0
245,2017-04-14,09:02:04,340,jd1709,XDCE,3886,3882,3899,7088,275603780,173868,174656,4072,3686,3879,3881,0,3891,0,0,0,2017-04-14,32524340,3886,1,0,0,0,0,0,0,0,0,3887,24,0,0,0,0,0,0,0,0
246,2017-04-14,09:02:04,898,jd1709,XDCE,3886,3882,3899,7118,276769340,173886,174656,4072,3686,3879,3881,0,3891,0,0,0,2017-04-14,32524898,3885,15,0,0,0,0,0,0,0,0,3886,5,0,0,0,0,0,0,0,0
247,2017-04-14,09:02:05,361,jd1709,XDCE,3885,3882,3899,7122,276924740,173888,174656,4072,3686,3879,3881,0,3891,0,0,0,2017-04-14,32525361,3885,14,0,0,0,0,0,0,0,0,3886,5,0,0,0,0,0,0,0,0
248,2017-04-14,09:02:05,853,jd1709,XDCE,3886,3882,3899,7132,277313340,173888,174656,4072,3686,3879,3881,0,3891,0,0,0,2017-04-14,32525853,3885,18,0,0,0,0,0,0,0,0,3886,5,0,0,0,0,0,0,0,0
249,2017-04-14,09:02:06,377,jd1709,XDCE,3886,3882,3899,7132,277313340,173888,174656,4072,3686,3879,3881,0,3891,0,0,0,2017-04-14,32526377,3885,19,0,0,0,0,0,0,0,0,3886,7,0,0,0,0,0,0,0,0
250,2017-04-14,09:02:06,723,jd1709,XDCE,3886,3882,3899,7156,278245980,173882,174656,4072,3686,3879,3881,0,3891,0,0,0,2017-04-14,32526723,3886,18,0,0,0,0,0,0,0,0,3887,55,0,0,0,0,0,0,0,0
251,2017-04-14,09:02:07,257,jd1709,XDCE,3886,3882,3899,7158,278323700,173880,174656,4072,3686,3879,3881,0,3891,0,0,0,2017-04-14,32527257,3886,17,0,0,0,0,0,0,0,0,3887,55,0,0,0,0,0,0,0,0
252,2017-04-14,09:02:07,843,jd1709,XDCE,3886,3882,3899,7160,278401420,173878,174656,4072,3686,3879,3881,0,3891,0,0,0,2017-04-14,32527843,3886,19,0,0,0,0,0,0,0,0,3887,55,0,0,0,0,0,0,0,0
253,2017-04-14,09:02:08,308,jd1709,XDCE,3886,3882,3899,7162,278479140,173878,174656,4072,3686,3879,3881,0,3891,0,0,0,2017-04-14,32528308,3886,19,0,0,0,0,0,0,0,0,3887,55,0,0,0,0,0,0,0,0
254,2017-04-14,09:02:08,847,jd1709,XDCE,3886,3882,3899,7204,280111260,173884,174656,4072,3686,3879,3881,0,3891,0,0,0,2017-04-14,32528847,3885,17,0,0,0,0,0,0,0,0,3886,5,0,0,0,0,0,0,0,0
255,2017-04-14,09:02:09,220,jd1709,XDCE,3886,3882,3899,7204,280111260,173884,174656,4072,3686,3879,3881,0,3891,0,0,0,2017-04-14,32529220,3885,18,0,0,0,0,0,0,0,0,3886,8,0,0,0,0,0,0,0,0
256,2017-04-14,09:02:09,865,jd1709,XDCE,3886,3882,3899,7206,280188980,173886,174656,4072,3686,3879,3881,0,3891,0,0,0,2017-04-14,32529865,3885,18,0,0,0,0,0,0,0,0,3886,7,0,0,0,0,0,0,0,0
257,2017-04-14,09:02:10,372,jd1709,XDCE,3885,3882,3899,7216,280577480,173896,174656,4072,3686,3879,3881,0,3891,0,0,0,2017-04-14,32530372,3885,13,0,0,0,0,0,0,0,0,3886,8,0,0,0,0,0,0,0,0
258,2017-04-14,09:02:10,815,jd1709,XDCE,3886,3882,3899,7218,280655200,173898,174656,4072,3686,3879,3881,0,3891,0,0,0,2017-04-14,32530815,3885,13,0,0,0,0,0,0,0,0,3886,9,0,0,0,0,0,0,0,0
259,2017-04-14,09:02:11,404,jd1709,XDCE,3886,3882,3899,7230,281121520,173906,174656,4072,3686,3879,3881,0,3891,0,0,0,2017-04-14,32531404,3885,8,0,0,0,0,0,0,0,0,3886,14,0,0,0,0,0,0,0,0
260,2017-04-14,09:02:11,895,jd1709,XDCE,3886,3882,3899,7230,281121520,173906,174656,4072,3686,3879,3881,0,3891,0,0,0,2017-04-14,32531895,3885,9,0,0,0,0,0,0,0,0,3886,18,0,0,0,0,0,0,0,0
261,2017-04-14,09:02:12,304,jd1709,XDCE,3886,3882,3899,7230,281121520,173906,174656,4072,3686,3879,3881,0,3891,0,0,0,2017-04-14,32532304,3885,10,0,0,0,0,0,0,0,0,3886,20,0,0,0,0,0,0,0,0
262,2017-04-14,09:02:12,882,jd1709,XDCE,3886,3882,3899,7232,281199240,173908,174656,4072,3686,3879,3881,0,3891,0,0,0,2017-04-14,32532882,3885,17,0,0,0,0,0,0,0,0,3886,21,0,0,0,0,0,0,0,0
263,2017-04-14,09:02:13,366,jd1709,XDCE,3886,3882,3899,7232,281199240,173908,174656,4072,3686,3879,3881,0,3891,0,0,0,2017-04-14,32533366,3885,18,0,0,0,0,0,0,0,0,3886,27,0,0,0,0,0,0,0,0
264,2017-04-14,09:02:13,840,jd1709,XDCE,3885,3882,3899,7256,282131840,173888,174656,4072,3686,3879,3881,0,3891,0,0,0,2017-04-14,32533840,3885,16,0,0,0,0,0,0,0,0,3886,19,0,0,0,0,0,0,0,0
265,2017-04-14,09:02:14,154,jd1709,XDCE,3885,3882,3899,7258,282209540,173888,174656,4072,3686,3879,3881,0,3891,0,0,0,2017-04-14,32534154,3885,15,0,0,0,0,0,0,0,0,3886,19,0,0,0,0,0,0,0,0
266,2017-04-14,09:02:14,860,jd1709,XDCE,3886,3882,3899,7272,282753560,173892,174656,4072,3686,3879,3881,0,3891,0,0,0,2017-04-14,32534860,3885,19,0,0,0,0,0,0,0,0,3886,13,0,0,0,0,0,0,0,0
267,2017-04-14,09:02:15,369,jd1709,XDCE,3885,3882,3899,7278,282986680,173892,174656,4072,3686,3879,3881,0,3891,0,0,0,2017-04-14,32535369,3885,20,0,0,0,0,0,0,0,0,3886,13,0,0,0,0,0,0,0,0
268,2017-04-14,09:02:16,258,jd1709,XDCE,3885,3882,3899,7278,282986680,173892,174656,4072,3686,3879,3881,0,3891,0,0,0,2017-04-14,32536258,3885,21,0,0,0,0,0,0,0,0,3886,13,0,0,0,0,0,0,0,0
269,2017-04-14,09:02:16,846,jd1709,XDCE,3885,3882,3899,7284,283219780,173892,174656,4072,3686,3879,3881,0,3891,0,0,0,2017-04-14,32536846,3885,18,0,0,0,0,0,0,0,0,3886,13,0,0,0,0,0,0,0,0
270,2017-04-14,09:02:17,397,jd1709,XDCE,3886,3882,3899,7304,283996980,173892,174656,4072,3686,3879,3881,0,3891,0,0,0,2017-04-14,32537397,3885,18,0,0,0,0,0,0,0,0,3886,5,0,0,0,0,0,0,0,0
271,2017-04-14,09:02:17,679,jd1709,XDCE,3886,3882,3899,7306,284074700,173892,174656,4072,3686,3879,3881,0,3891,0,0,0,2017-04-14,32537679,3885,18,0,0,0,0,0,0,0,0,3886,5,0,0,0,0,0,0,0,0
272,2017-04-14,09:02:18,351,jd1709,XDCE,3886,3882,3899,7306,284074700,173892,174656,4072,3686,3879,3881,0,3891,0,0,0,2017-04-14,32538351,3885,17,0,0,0,0,0,0,0,0,3886,6,0,0,0,0,0,0,0,0
273,2017-04-14,09:02:18,861,jd1709,XDCE,3885,3882,3899,7318,284540900,173892,174656,4072,3686,3879,3881,0,3891,0,0,0,2017-04-14,32538861,3885,14,0,0,0,0,0,0,0,0,3886,6,0,0,0,0,0,0,0,0
274,2017-04-14,09:02:19,396,jd1709,XDCE,3886,3882,3899,7320,284618620,173894,174656,4072,3686,3879,3881,0,3891,0,0,0,2017-04-14,32539396,3885,14,0,0,0,0,0,0,0,0,3886,5,0,0,0,0,0,0,0,0
275,2017-04-14,09:02:19,837,jd1709,XDCE,3885,3882,3899,7322,284696320,173894,174656,4072,3686,3879,3881,0,3891,0,0,0,2017-04-14,32539837,3885,10,0,0,0,0,0,0,0,0,3886,36,0,0,0,0,0,0,0,0
276,2017-04-14,09:02:20,333,jd1709,XDCE,3886,3882,3899,7334,285162640,173898,174656,4072,3686,3879,3881,0,3891,0,0,0,2017-04-14,32540333,3885,12,0,0,0,0,0,0,0,0,3886,30,0,0,0,0,0,0,0,0
277,2017-04-14,09:02:21,323,jd1709,XDCE,3886,3882,3899,7334,285162640,173898,174656,4072,3686,3879,3881,0,3891,0,0,0,2017-04-14,32541323,3885,12,0,0,0,0,0,0,0,0,3886,31,0,0,0,0,0,0,0,0
278,2017-04-14,09:02:22,335,jd1709,XDCE,3885,3882,3899,7358,286095040,173912,174656,4072,3686,3879,3881,0,3891,0,0,0,2017-04-14,32542335,3884,67,0,0,0,0,0,0,0,0,3885,1,0,0,0,0,0,0,0,0
279,2017-04-14,09:02:22,586,jd1709,XDCE,3885,3882,3899,7360,286172740,173912,174656,4072,3686,3879,3881,0,3891,0,0,0,2017-04-14,32542586,3884,66,0,0,0,0,0,0,0,0,3886,39,0,0,0,0,0,0,0,0
280,2017-04-14,09:02:24,274,jd1709,XDCE,3885,3882,3899,7360,286172740,173912,174656,4072,3686,3879,3881,0,3891,0,0,0,2017-04-14,32544274,3884,66,0,0,0,0,0,0,0,0,3885,2,0,0,0,0,0,0,0,0
281,2017-04-14,09:02:24,898,jd1709,XDCE,3885,3882,3899,7362,286250440,173912,174656,4072,3686,3879,3881,0,3891,0,0,0,2017-04-14,32544898,3884,72,0,0,0,0,0,0,0,0,3885,1,0,0,0,0,0,0,0,0
282,2017-04-14,09:02:25,339,jd1709,XDCE,3885,3882,3899,7368,286483540,173914,174656,4072,3686,3879,3881,0,3891,0,0,0,2017-04-14,32545339,3885,1,0,0,0,0,0,0,0,0,3886,46,0,0,0,0,0,0,0,0
283,2017-04-14,09:02:25,747,jd1709,XDCE,3885,3882,3899,7370,286561240,173914,174656,4072,3686,3879,3881,0,3891,0,0,0,2017-04-14,32545747,3884,72,0,0,0,0,0,0,0,0,3885,1,0,0,0,0,0,0,0,0
284,2017-04-14,09:02:26,283,jd1709,XDCE,3884,3882,3899,7378,286871960,173910,174656,4072,3686,3879,3881,0,3891,0,0,0,2017-04-14,32546283,3884,69,0,0,0,0,0,0,0,0,3885,6,0,0,0,0,0,0,0,0
285,2017-04-14,09:02:27,343,jd1709,XDCE,3884,3882,3899,7390,287338140,173902,174656,4072,3686,3879,3881,0,3891,0,0,0,2017-04-14,32547343,3884,68,0,0,0,0,0,0,0,0,3885,1,0,0,0,0,0,0,0,0
286,2017-04-14,09:02:27,835,jd1709,XDCE,3884,3882,3899,7400,287726580,173904,174656,4072,3686,3879,3881,0,3891,0,0,0,2017-04-14,32547835,3884,65,0,0,0,0,0,0,0,0,3885,1,0,0,0,0,0,0,0,0
287,2017-04-14,09:02:28,171,jd1709,XDCE,3884,3882,3899,7400,287726580,173904,174656,4072,3686,3879,3881,0,3891,0,0,0,2017-04-14,32548171,3884,65,0,0,0,0,0,0,0,0,3885,6,0,0,0,0,0,0,0,0
288,2017-04-14,09:02:28,867,jd1709,XDCE,3884,3882,3899,7400,287726580,173904,174656,4072,3686,3879,3881,0,3891,0,0,0,2017-04-14,32548867,3884,66,0,0,0,0,0,0,0,0,3885,6,0,0,0,0,0,0,0,0
289,2017-04-14,09:02:29,262,jd1709,XDCE,3884,3882,3899,7406,287959620,173906,174656,4072,3686,3879,3881,0,3891,0,0,0,2017-04-14,32549262,3884,68,0,0,0,0,0,0,0,0,3885,7,0,0,0,0,0,0,0,0
290,2017-04-14,09:02:29,810,jd1709,XDCE,3884,3882,3899,7410,288115000,173910,174656,4072,3686,3879,3881,0,3891,0,0,0,2017-04-14,32549810,3884,69,0,0,0,0,0,0,0,0,3885,7,0,0,0,0,0,0,0,0
291,2017-04-14,09:02:30,219,jd1709,XDCE,3884,3882,3899,7420,288503460,173912,174656,4072,3686,3879,3881,0,3891,0,0,0,2017-04-14,32550219,3884,67,0,0,0,0,0,0,0,0,3885,4,0,0,0,0,0,0,0,0
292,2017-04-14,09:02:30,696,jd1709,XDCE,3884,3882,3899,7428,288814180,173920,174656,4072,3686,3879,3881,0,3891,0,0,0,2017-04-14,32550696,3884,64,0,0,0,0,0,0,0,0,3885,5,0,0,0,0,0,0,0,0
293,2017-04-14,09:02:31,393,jd1709,XDCE,3884,3882,3899,7432,288969540,173924,174656,4072,3686,3879,3881,0,3891,0,0,0,2017-04-14,32551393,3884,62,0,0,0,0,0,0,0,0,3885,5,0,0,0,0,0,0,0,0
294,2017-04-14,09:02:31,884,jd1709,XDCE,3884,3882,3899,7438,289202580,173930,174656,4072,3686,3879,3881,0,3891,0,0,0,2017-04-14,32551884,3884,59,0,0,0,0,0,0,0,0,3885,8,0,0,0,0,0,0,0,0
295,2017-04-14,09:02:32,837,jd1709,XDCE,3885,3882,3899,7452,289746480,173926,174656,4072,3686,3879,3881,0,3891,0,0,0,2017-04-14,32552837,3884,59,0,0,0,0,0,0,0,0,3886,55,0,0,0,0,0,0,0,0
296,2017-04-14,09:02:33,212,jd1709,XDCE,3886,3882,3899,7454,289824200,173926,174656,4072,3686,3879,3881,0,3891,0,0,0,2017-04-14,32553212,3884,54,0,0,0,0,0,0,0,0,3886,60,0,0,0,0,0,0,0,0
297,2017-04-14,09:02:33,821,jd1709,XDCE,3884,3882,3899,7464,290212700,173930,174656,4072,3686,3879,3881,0,3891,0,0,0,2017-04-14,32553821,3884,49,0,0,0,0,0,0,0,0,3886,59,0,0,0,0,0,0,0,0
298,2017-04-14,09:02:34,340,jd1709,XDCE,3884,3882,3899,7466,290290380,173930,174656,4072,3686,3879,3881,0,3891,0,0,0,2017-04-14,32554340,3884,49,0,0,0,0,0,0,0,0,3885,9,0,0,0,0,0,0,0,0
299,2017-04-14,09:02:34,893,jd1709,XDCE,3884,3882,3899,7484,290989500,173930,174656,4072,3686,3879,3881,0,3891,0,0,0,2017-04-14,32554893,3884,40,0,0,0,0,0,0,0,0,3885,9,0,0,0,0,0,0,0,0
300,2017-04-14,09:02:35,376,jd1709,XDCE,3885,3882,3899,7490,291222600,173930,174656,4072,3686,3879,3881,0,3891,0,0,0,2017-04-14,32555376,3884,40,0,0,0,0,0,0,0,0,3885,6,0,0,0,0,0,0,0,0
301,2017-04-14,09:02:35,860,jd1709,XDCE,3885,3882,3899,7492,291300300,173932,174656,4072,3686,3879,3881,0,3891,0,0,0,2017-04-14,32555860,3884,40,0,0,0,0,0,0,0,0,3885,5,0,0,0,0,0,0,0,0
302,2017-04-14,09:02:36,255,jd1709,XDCE,3884,3882,3899,7494,291377980,173930,174656,4072,3686,3879,3881,0,3891,0,0,0,2017-04-14,32556255,3884,39,0,0,0,0,0,0,0,0,3885,6,0,0,0,0,0,0,0,0
303,2017-04-14,09:02:36,821,jd1709,XDCE,3885,3882,3899,7498,291533380,173934,174656,4072,3686,3879,3881,0,3891,0,0,0,2017-04-14,32556821,3884,38,0,0,0,0,0,0,0,0,3885,5,0,0,0,0,0,0,0,0
304,2017-04-14,09:02:37,341,jd1709,XDCE,3884,3882,3899,7574,294485220,173934,174656,4072,3686,3879,3881,0,3891,0,0,0,2017-04-14,32557341,3883,31,0,0,0,0,0,0,0,0,3884,2,0,0,0,0,0,0,0,0
305,2017-04-14,09:02:38,123,jd1709,XDCE,3884,3882,3899,7576,294562900,173932,174656,4072,3686,3879,3881,0,3891,0,0,0,2017-04-14,32558123,3883,31,0,0,0,0,0,0,0,0,3884,1,0,0,0,0,0,0,0,0
306,2017-04-14,09:02:38,841,jd1709,XDCE,3883,3882,3899,7578,294640560,173934,174656,4072,3686,3879,3881,0,3891,0,0,0,2017-04-14,32558841,3883,30,0,0,0,0,0,0,0,0,3884,2,0,0,0,0,0,0,0,0
307,2017-04-14,09:02:39,167,jd1709,XDCE,3883,3882,3899,7582,294795880,173936,174656,4072,3686,3879,3881,0,3891,0,0,0,2017-04-14,32559167,3883,28,0,0,0,0,0,0,0,0,3884,2,0,0,0,0,0,0,0,0
308,2017-04-14,09:02:39,835,jd1709,XDCE,3884,3882,3899,7586,294951240,173938,174656,4072,3686,3879,3881,0,3891,0,0,0,2017-04-14,32559835,3883,23,0,0,0,0,0,0,0,0,3885,16,0,0,0,0,0,0,0,0
309,2017-04-14,09:02:40,335,jd1709,XDCE,3884,3882,3899,7592,295184240,173938,174656,4072,3686,3879,3881,0,3891,0,0,0,2017-04-14,32560335,3884,1,0,0,0,0,0,0,0,0,3885,17,0,0,0,0,0,0,0,0
310,2017-04-14,09:02:40,831,jd1709,XDCE,3884,3882,3899,7594,295261920,173938,174656,4072,3686,3879,3881,0,3891,0,0,0,2017-04-14,32560831,3883,18,0,0,0,0,0,0,0,0,3884,1,0,0,0,0,0,0,0,0
311,2017-04-14,09:02:40,949,jd1709,XDCE,3884,3882,3899,7594,295261920,173938,174656,4072,3686,3879,3881,0,3891,0,0,0,2017-04-14,32560949,3883,19,0,0,0,0,0,0,0,0,3884,2,0,0,0,0,0,0,0,0
312,2017-04-14,09:02:41,787,jd1709,XDCE,3884,3882,3899,7594,295261920,173938,174656,4072,3686,3879,3881,0,3891,0,0,0,2017-04-14,32561787,3883,19,0,0,0,0,0,0,0,0,3884,3,0,0,0,0,0,0,0,0
313,2017-04-14,09:02:42,353,jd1709,XDCE,3884,3882,3899,7598,295417280,173942,174656,4072,3686,3879,3881,0,3891,0,0,0,2017-04-14,32562353,3883,19,0,0,0,0,0,0,0,0,3884,1,0,0,0,0,0,0,0,0
314,2017-04-14,09:02:43,257,jd1709,XDCE,3883,3882,3899,7604,295650260,173942,174656,4072,3686,3879,3881,0,3891,0,0,0,2017-04-14,32563257,3883,16,0,0,0,0,0,0,0,0,3884,2,0,0,0,0,0,0,0,0
315,2017-04-14,09:02:43,858,jd1709,XDCE,3883,3882,3899,7610,295883280,173940,174656,4072,3686,3879,3881,0,3891,0,0,0,2017-04-14,32563858,3883,16,0,0,0,0,0,0,0,0,3885,52,0,0,0,0,0,0,0,0
316,2017-04-14,09:02:44,347,jd1709,XDCE,3884,3882,3899,7614,296038640,173942,174656,4072,3686,3879,3881,0,3891,0,0,0,2017-04-14,32564347,3883,16,0,0,0,0,0,0,0,0,3884,3,0,0,0,0,0,0,0,0
317,2017-04-14,09:02:44,847,jd1709,XDCE,3883,3882,3899,7634,296815240,173944,174656,4072,3686,3879,3881,0,3891,0,0,0,2017-04-14,32564847,3883,17,0,0,0,0,0,0,0,0,3884,4,0,0,0,0,0,0,0,0
318,2017-04-14,09:02:45,396,jd1709,XDCE,3883,3882,3899,7644,297203580,173950,174656,4072,3686,3879,3881,0,3891,0,0,0,2017-04-14,32565396,3883,14,0,0,0,0,0,0,0,0,3884,4,0,0,0,0,0,0,0,0
319,2017-04-14,09:02:45,847,jd1709,XDCE,3883,3882,3899,7644,297203580,173950,174656,4072,3686,3879,3881,0,3891,0,0,0,2017-04-14,32565847,3883,14,0,0,0,0,0,0,0,0,3884,5,0,0,0,0,0,0,0,0
320,2017-04-14,09:02:46,160,jd1709,XDCE,3883,3882,3899,7644,297203580,173950,174656,4072,3686,3879,3881,0,3891,0,0,0,2017-04-14,32566160,3883,14,0,0,0,0,0,0,0,0,3884,6,0,0,0,0,0,0,0,0
321,2017-04-14,09:02:46,838,jd1709,XDCE,3883,3882,3899,7644,297203580,173950,174656,4072,3686,3879,3881,0,3891,0,0,0,2017-04-14,32566838,3883,15,0,0,0,0,0,0,0,0,3884,7,0,0,0,0,0,0,0,0
322,2017-04-14,09:02:47,392,jd1709,XDCE,3883,3882,3899,7658,297747220,173962,174656,4072,3686,3879,3881,0,3891,0,0,0,2017-04-14,32567392,3883,9,0,0,0,0,0,0,0,0,3884,7,0,0,0,0,0,0,0,0
323,2017-04-14,09:02:47,838,jd1709,XDCE,3883,3882,3899,7704,299533520,173970,174656,4072,3686,3879,3881,0,3891,0,0,0,2017-04-14,32567838,3882,59,0,0,0,0,0,0,0,0,3883,2,0,0,0,0,0,0,0,0
324,2017-04-14,09:02:48,332,jd1709,XDCE,3883,3882,3899,7718,300077140,173978,174656,4072,3686,3879,3881,0,3891,0,0,0,2017-04-14,32568332,3882,59,0,0,0,0,0,0,0,0,3884,9,0,0,0,0,0,0,0,0
325,2017-04-14,09:02:48,894,jd1709,XDCE,3883,3882,3899,7718,300077140,173978,174656,4072,3686,3879,3881,0,3891,0,0,0,2017-04-14,32568894,3882,59,0,0,0,0,0,0,0,0,3883,2,0,0,0,0,0,0,0,0
326,2017-04-14,09:02:49,341,jd1709,XDCE,3883,3882,3899,7718,300077140,173978,174656,4072,3686,3879,3881,0,3891,0,0,0,2017-04-14,32569341,3882,59,0,0,0,0,0,0,0,0,3883,15,0,0,0,0,0,0,0,0
327,2017-04-14,09:02:49,684,jd1709,XDCE,3883,3882,3899,7720,300154800,173980,174656,4072,3686,3879,3881,0,3891,0,0,0,2017-04-14,32569684,3882,59,0,0,0,0,0,0,0,0,3883,29,0,0,0,0,0,0,0,0
328,2017-04-14,09:02:50,388,jd1709,XDCE,3882,3882,3899,7740,300931380,173994,174656,4072,3686,3879,3881,0,3891,0,0,0,2017-04-14,32570388,3882,58,0,0,0,0,0,0,0,0,3883,20,0,0,0,0,0,0,0,0
329,2017-04-14,09:02:50,826,jd1709,XDCE,3882,3882,3899,7752,301397220,173982,174656,4072,3686,3879,3881,0,3891,0,0,0,2017-04-14,32570826,3882,52,0,0,0,0,0,0,0,0,3883,21,0,0,0,0,0,0,0,0
330,2017-04-14,09:02:51,389,jd1709,XDCE,3882,3882,3899,7764,301863060,173974,174656,4072,3686,3879,3881,0,3891,0,0,0,2017-04-14,32571389,3882,41,0,0,0,0,0,0,0,0,3883,22,0,0,0,0,0,0,0,0
331,2017-04-14,09:02:52,251,jd1709,XDCE,3882,3882,3899,7766,301940700,173974,174656,4072,3686,3879,3881,0,3891,0,0,0,2017-04-14,32572251,3882,40,0,0,0,0,0,0,0,0,3883,22,0,0,0,0,0,0,0,0
332,2017-04-14,09:02:52,856,jd1709,XDCE,3882,3882,3899,7766,301940700,173974,174656,4072,3686,3879,3881,0,3891,0,0,0,2017-04-14,32572856,3882,40,0,0,0,0,0,0,0,0,3883,21,0,0,0,0,0,0,0,0
333,2017-04-14,09:02:53,162,jd1709,XDCE,3882,3882,3899,7768,302018340,173974,174656,4072,3686,3879,3881,0,3891,0,0,0,2017-04-14,32573162,3882,39,0,0,0,0,0,0,0,0,3883,21,0,0,0,0,0,0,0,0
334,2017-04-14,09:02:53,876,jd1709,XDCE,3882,3882,3899,7784,302639460,173960,174656,4072,3686,3879,3881,0,3891,0,0,0,2017-04-14,32573876,3882,31,0,0,0,0,0,0,0,0,3883,21,0,0,0,0,0,0,0,0
335,2017-04-14,09:02:54,330,jd1709,XDCE,3882,3882,3899,7786,302717100,173960,174656,4072,3686,3879,3881,0,3891,0,0,0,2017-04-14,32574330,3882,30,0,0,0,0,0,0,0,0,3883,22,0,0,0,0,0,0,0,0
336,2017-04-14,09:02:54,795,jd1709,XDCE,3882,3882,3899,7788,302794740,173960,174656,4072,3686,3879,3881,0,3891,0,0,0,2017-04-14,32574795,3882,30,0,0,0,0,0,0,0,0,3883,22,0,0,0,0,0,0,0,0
337,2017-04-14,09:02:55,384,jd1709,XDCE,3882,3882,3899,7794,303027660,173958,174656,4072,3686,3879,3881,0,3891,0,0,0,2017-04-14,32575384,3882,29,0,0,0,0,0,0,0,0,3883,22,0,0,0,0,0,0,0,0
338,2017-04-14,09:02:55,810,jd1709,XDCE,3882,3882,3899,7806,303493500,173958,174656,4072,3686,3879,3881,0,3891,0,0,0,2017-04-14,32575810,3882,26,0,0,0,0,0,0,0,0,3883,22,0,0,0,0,0,0,0,0
339,2017-04-14,09:02:56,401,jd1709,XDCE,3882,3882,3899,7806,303493500,173958,174656,4072,3686,3879,3881,0,3891,0,0,0,2017-04-14,32576401,3882,31,0,0,0,0,0,0,0,0,3883,19,0,0,0,0,0,0,0,0
340,2017-04-14,09:02:56,732,jd1709,XDCE,3882,3882,3899,7806,303493500,173958,174656,4072,3686,3879,3881,0,3891,0,0,0,2017-04-14,32576732,3882,31,0,0,0,0,0,0,0,0,3883,20,0,0,0,0,0,0,0,0
341,2017-04-14,09:02:57,334,jd1709,XDCE,3883,3882,3899,7818,303959440,173962,174656,4072,3686,3879,3881,0,3891,0,0,0,2017-04-14,32577334,3882,30,0,0,0,0,0,0,0,0,3883,15,0,0,0,0,0,0,0,0
342,2017-04-14,09:02:57,632,jd1709,XDCE,3882,3882,3899,7820,304037080,173960,174656,4072,3686,3879,3881,0,3891,0,0,0,2017-04-14,32577632,3882,29,0,0,0,0,0,0,0,0,3883,15,0,0,0,0,0,0,0,0
343,2017-04-14,09:02:58,170,jd1709,XDCE,3883,3882,3899,7824,304192400,173960,174656,4072,3686,3879,3881,0,3891,0,0,0,2017-04-14,32578170,3882,30,0,0,0,0,0,0,0,0,3883,13,0,0,0,0,0,0,0,0
344,2017-04-14,09:02:58,889,jd1709,XDCE,3882,3882,3899,7828,304347680,173960,174656,4072,3686,3879,3881,0,3891,0,0,0,2017-04-14,32578889,3882,28,0,0,0,0,0,0,0,0,3883,13,0,0,0,0,0,0,0,0
345,2017-04-14,09:02:59,382,jd1709,XDCE,3882,3882,3899,7832,304502960,173962,174656,4072,3686,3879,3881,0,3891,0,0,0,2017-04-14,32579382,3882,26,0,0,0,0,0,0,0,0,3883,13,0,0,0,0,0,0,0,0
346,2017-04-14,09:02:59,837,jd1709,XDCE,3883,3882,3899,7858,305512320,173970,174656,4072,3686,3879,3881,0,3891,0,0,0,2017-04-14,32579837,3882,16,0,0,0,0,0,0,0,0,3883,13,0,0,0,0,0,0,0,0
347,2017-04-14,09:03:00,369,jd1709,XDCE,3883,3882,3899,7858,305512320,173970,174656,4072,3686,3879,3881,0,3891,0,0,0,2017-04-14,32580369,3882,17,0,0,0,0,0,0,0,0,3883,10,0,0,0,0,0,0,0,0
348,2017-04-14,09:03:00,803,jd1709,XDCE,3883,3882,3899,7876,306211100,173984,174656,4072,3686,3879,3881,0,3891,0,0,0,2017-04-14,32580803,3882,20,0,0,0,0,0,0,0,0,3883,10,0,0,0,0,0,0,0,0
349,2017-04-14,09:03:01,279,jd1709,XDCE,3882,3882,3899,7880,306366380,173988,174656,4072,3686,3879,3881,0,3891,0,0,0,2017-04-14,32581279,3882,20,0,0,0,0,0,0,0,0,3883,10,0,0,0,0,0,0,0,0
350,2017-04-14,09:03:02,387,jd1709,XDCE,3882,3882,3899,7880,306366380,173988,174656,4072,3686,3879,3881,0,3891,0,0,0,2017-04-14,32582387,3882,19,0,0,0,0,0,0,0,0,3883,10,0,0,0,0,0,0,0,0
351,2017-04-14,09:03:03,241,jd1709,XDCE,3882,3882,3899,7880,306366380,173988,174656,4072,3686,3879,3881,0,3891,0,0,0,2017-04-14,32583241,3882,29,0,0,0,0,0,0,0,0,3883,13,0,0,0,0,0,0,0,0
352,2017-04-14,09:03:03,846,jd1709,XDCE,3882,3882,3899,7902,307220420,174008,174656,4072,3686,3879,3881,0,3891,0,0,0,2017-04-14,32583846,3882,18,0,0,0,0,0,0,0,0,3883,19,0,0,0,0,0,0,0,0
353,2017-04-14,09:03:04,358,jd1709,XDCE,3882,3882,3899,7940,308695580,174044,174656,4072,3686,3879,3881,0,3891,0,0,0,2017-04-14,32584358,3881,55,0,0,0,0,0,0,0,0,3883,20,0,0,0,0,0,0,0,0
354,2017-04-14,09:03:04,834,jd1709,XDCE,3882,3882,3899,7940,308695580,174044,174656,4072,3686,3879,3881,0,3891,0,0,0,2017-04-14,32584834,3881,54,0,0,0,0,0,0,0,0,3883,20,0,0,0,0,0,0,0,0
355,2017-04-14,09:03:05,397,jd1709,XDCE,3882,3882,3899,7942,308773220,174042,174656,4072,3686,3879,3881,0,3891,0,0,0,2017-04-14,32585397,3882,2,0,0,0,0,0,0,0,0,3883,20,0,0,0,0,0,0,0,0
356,2017-04-14,09:03:05,836,jd1709,XDCE,3882,3882,3899,7946,308928500,174042,174656,4072,3686,3879,3881,0,3891,0,0,0,2017-04-14,32585836,3881,57,0,0,0,0,0,0,0,0,3882,5,0,0,0,0,0,0,0,0
357,2017-04-14,09:03:07,263,jd1709,XDCE,3881,3881,3899,7960,309471860,174044,174656,4072,3686,3879,3881,0,3891,0,0,0,2017-04-14,32587263,3881,51,0,0,0,0,0,0,0,0,3882,4,0,0,0,0,0,0,0,0
358,2017-04-14,09:03:07,801,jd1709,XDCE,3882,3881,3899,7972,309937640,174044,174656,4072,3686,3879,3881,0,3891,0,0,0,2017-04-14,32587801,3881,51,0,0,0,0,0,0,0,0,3882,1,0,0,0,0,0,0,0,0
359,2017-04-14,09:03:08,394,jd1709,XDCE,3881,3881,3899,7978,310170520,174046,174656,4072,3686,3879,3881,0,3891,0,0,0,2017-04-14,32588394,3881,50,0,0,0,0,0,0,0,0,3882,3,0,0,0,0,0,0,0,0
360,2017-04-14,09:03:08,790,jd1709,XDCE,3882,3881,3899,7980,310248160,174048,174656,4072,3686,3879,3881,0,3891,0,0,0,2017-04-14,32588790,3881,50,0,0,0,0,0,0,0,0,3882,12,0,0,0,0,0,0,0,0
361,2017-04-14,09:03:09,360,jd1709,XDCE,3881,3881,3899,7982,310325780,174048,174656,4072,3686,3879,3881,0,3891,0,0,0,2017-04-14,32589360,3881,49,0,0,0,0,0,0,0,0,3882,12,0,0,0,0,0,0,0,0
362,2017-04-14,09:03:09,876,jd1709,XDCE,3881,3881,3899,7994,310791500,174050,174656,4072,3686,3879,3881,0,3891,0,0,0,2017-04-14,32589876,3881,39,0,0,0,0,0,0,0,0,3882,15,0,0,0,0,0,0,0,0
363,2017-04-14,09:03:10,160,jd1709,XDCE,3881,3881,3899,7996,310869120,174050,174656,4072,3686,3879,3881,0,3891,0,0,0,2017-04-14,32590160,3881,40,0,0,0,0,0,0,0,0,3882,15,0,0,0,0,0,0,0,0
364,2017-04-14,09:03:10,862,jd1709,XDCE,3882,3881,3899,8006,311257260,174050,174656,4072,3686,3879,3881,0,3891,0,0,0,2017-04-14,32590862,3881,37,0,0,0,0,0,0,0,0,3882,13,0,0,0,0,0,0,0,0
365,2017-04-14,09:03:11,403,jd1709,XDCE,3882,3881,3899,8008,311334900,174052,174656,4072,3686,3879,3881,0,3891,0,0,0,2017-04-14,32591403,3881,37,0,0,0,0,0,0,0,0,3882,42,0,0,0,0,0,0,0,0
366,2017-04-14,09:03:11,837,jd1709,XDCE,3881,3881,3899,8014,311567800,174056,174656,4072,3686,3879,3881,0,3891,0,0,0,2017-04-14,32591837,3881,38,0,0,0,0,0,0,0,0,3882,40,0,0,0,0,0,0,0,0
367,2017-04-14,09:03:12,198,jd1709,XDCE,3881,3881,3899,8026,312033520,174056,174656,4072,3686,3879,3881,0,3891,0,0,0,2017-04-14,32592198,3881,29,0,0,0,0,0,0,0,0,3882,45,0,0,0,0,0,0,0,0
368,2017-04-14,09:03:12,571,jd1709,XDCE,3881,3881,3899,8026,312033520,174056,174656,4072,3686,3879,3881,0,3891,0,0,0,2017-04-14,32592571,3881,29,0,0,0,0,0,0,0,0,3882,46,0,0,0,0,0,0,0,0
369,2017-04-14,09:03:13,904,jd1709,XDCE,3882,3881,3899,8036,312421720,174064,174656,4072,3686,3879,3881,0,3891,0,0,0,2017-04-14,32593904,3881,31,0,0,0,0,0,0,0,0,3882,42,0,0,0,0,0,0,0,0
370,2017-04-14,09:03:14,380,jd1709,XDCE,3881,3881,3899,8056,313198020,174052,174656,4072,3686,3879,3881,0,3891,0,0,0,2017-04-14,32594380,3881,26,0,0,0,0,0,0,0,0,3882,38,0,0,0,0,0,0,0,0
371,2017-04-14,09:03:14,887,jd1709,XDCE,3882,3881,3899,8058,313275660,174052,174656,4072,3686,3879,3881,0,3891,0,0,0,2017-04-14,32594887,3881,26,0,0,0,0,0,0,0,0,3882,38,0,0,0,0,0,0,0,0
372,2017-04-14,09:03:15,313,jd1709,XDCE,3882,3881,3899,8062,313430940,174050,174656,4072,3686,3879,3881,0,3891,0,0,0,2017-04-14,32595313,3881,26,0,0,0,0,0,0,0,0,3882,37,0,0,0,0,0,0,0,0
373,2017-04-14,09:03:15,549,jd1709,XDCE,3882,3881,3899,8062,313430940,174050,174656,4072,3686,3879,3881,0,3891,0,0,0,2017-04-14,32595549,3881,26,0,0,0,0,0,0,0,0,3882,42,0,0,0,0,0,0,0,0
374,2017-04-14,09:03:16,124,jd1709,XDCE,3882,3881,3899,8114,315449160,174048,174656,4072,3686,3879,3881,0,3891,0,0,0,2017-04-14,32596124,3881,5,0,0,0,0,0,0,0,0,3882,67,0,0,0,0,0,0,0,0
375,2017-04-14,09:03:16,877,jd1709,XDCE,3881,3881,3899,8128,315992500,174062,174656,4072,3686,3879,3881,0,3891,0,0,0,2017-04-14,32596877,3880,49,0,0,0,0,0,0,0,0,3881,13,0,0,0,0,0,0,0,0
376,2017-04-14,09:03:17,307,jd1709,XDCE,3881,3881,3899,8130,316070120,174064,174656,4072,3686,3879,3881,0,3891,0,0,0,2017-04-14,32597307,3880,49,0,0,0,0,0,0,0,0,3881,15,0,0,0,0,0,0,0,0
377,2017-04-14,09:03:17,857,jd1709,XDCE,3880,3880,3899,8170,317622120,174100,174656,4072,3686,3879,3881,0,3891,0,0,0,2017-04-14,32597857,3880,29,0,0,0,0,0,0,0,0,3881,11,0,0,0,0,0,0,0,0
378,2017-04-14,09:03:18,387,jd1709,XDCE,3881,3880,3899,8206,319019140,174106,174656,4072,3686,3879,3881,0,3891,0,0,0,2017-04-14,32598387,3880,34,0,0,0,0,0,0,0,0,3881,13,0,0,0,0,0,0,0,0
379,2017-04-14,09:03:18,860,jd1709,XDCE,3881,3880,3899,8206,319019140,174106,174656,4072,3686,3879,3881,0,3891,0,0,0,2017-04-14,32598860,3880,35,0,0,0,0,0,0,0,0,3881,14,0,0,0,0,0,0,0,0
380,2017-04-14,09:03:19,387,jd1709,XDCE,3881,3880,3899,8210,319174380,174106,174656,4072,3686,3879,3881,0,3891,0,0,0,2017-04-14,32599387,3880,35,0,0,0,0,0,0,0,0,3881,15,0,0,0,0,0,0,0,0
381,2017-04-14,09:03:19,802,jd1709,XDCE,3881,3880,3899,8210,319174380,174106,174656,4072,3686,3879,3881,0,3891,0,0,0,2017-04-14,32599802,3880,35,0,0,0,0,0,0,0,0,3881,17,0,0,0,0,0,0,0,0
382,2017-04-14,09:03:20,384,jd1709,XDCE,3881,3880,3899,8214,319329600,174108,174656,4072,3686,3879,3881,0,3891,0,0,0,2017-04-14,32600384,3880,34,0,0,0,0,0,0,0,0,3881,16,0,0,0,0,0,0,0,0
383,2017-04-14,09:03:20,878,jd1709,XDCE,3881,3880,3899,8252,320804380,174132,174656,4072,3686,3879,3881,0,3891,0,0,0,2017-04-14,32600878,3881,20,0,0,0,0,0,0,0,0,3882,76,0,0,0,0,0,0,0,0
384,2017-04-14,09:03:21,292,jd1709,XDCE,3881,3880,3899,8258,321037240,174138,174656,4072,3686,3879,3881,0,3891,0,0,0,2017-04-14,32601292,3881,18,0,0,0,0,0,0,0,0,3882,77,0,0,0,0,0,0,0,0
385,2017-04-14,09:03:21,831,jd1709,XDCE,3881,3880,3899,8298,322589640,174136,174656,4072,3686,3879,3881,0,3891,0,0,0,2017-04-14,32601831,3881,4,0,0,0,0,0,0,0,0,3882,78,0,0,0,0,0,0,0,0
386,2017-04-14,09:03:22,341,jd1709,XDCE,3882,3880,3899,8360,324996480,174088,174656,4072,3686,3879,3881,0,3891,0,0,0,2017-04-14,32602341,3881,13,0,0,0,0,0,0,0,0,3882,48,0,0,0,0,0,0,0,0
387,2017-04-14,09:03:22,835,jd1709,XDCE,3881,3880,3899,8368,325306960,174096,174656,4072,3686,3879,3881,0,3891,0,0,0,2017-04-14,32602835,3881,5,0,0,0,0,0,0,0,0,3882,48,0,0,0,0,0,0,0,0
388,2017-04-14,09:03:23,404,jd1709,XDCE,3881,3880,3899,8380,325772640,174102,174656,4072,3686,3879,3881,0,3891,0,0,0,2017-04-14,32603404,3880,39,0,0,0,0,0,0,0,0,3881,6,0,0,0,0,0,0,0,0
389,2017-04-14,09:03:23,847,jd1709,XDCE,3881,3880,3899,8390,326160740,174100,174656,4072,3686,3879,3881,0,3891,0,0,0,2017-04-14,32603847,3880,41,0,0,0,0,0,0,0,0,3881,2,0,0,0,0,0,0,0,0
390,2017-04-14,09:03:24,336,jd1709,XDCE,3881,3880,3899,8398,326471220,174106,174656,4072,3686,3879,3881,0,3891,0,0,0,2017-04-14,32604336,3880,42,0,0,0,0,0,0,0,0,3881,5,0,0,0,0,0,0,0,0
391,2017-04-14,09:03:24,852,jd1709,XDCE,3881,3880,3899,8398,326471220,174106,174656,4072,3686,3879,3881,0,3891,0,0,0,2017-04-14,32604852,3880,42,0,0,0,0,0,0,0,0,3881,6,0,0,0,0,0,0,0,0
392,2017-04-14,09:03:25,334,jd1709,XDCE,3881,3880,3899,8402,326626460,174106,174656,4072,3686,3879,3881,0,3891,0,0,0,2017-04-14,32605334,3880,42,0,0,0,0,0,0,0,0,3881,4,0,0,0,0,0,0,0,0
393,2017-04-14,09:03:25,869,jd1709,XDCE,3881,3880,3899,8404,326704080,174106,174656,4072,3686,3879,3881,0,3891,0,0,0,2017-04-14,32605869,3880,43,0,0,0,0,0,0,0,0,3881,3,0,0,0,0,0,0,0,0
394,2017-04-14,09:03:26,360,jd1709,XDCE,3881,3880,3899,8408,326859320,174108,174656,4072,3686,3879,3881,0,3891,0,0,0,2017-04-14,32606360,3880,44,0,0,0,0,0,0,0,0,3881,4,0,0,0,0,0,0,0,0
395,2017-04-14,09:03:26,784,jd1709,XDCE,3881,3880,3899,8408,326859320,174108,174656,4072,3686,3879,3881,0,3891,0,0,0,2017-04-14,32606784,3880,48,0,0,0,0,0,0,0,0,3881,5,0,0,0,0,0,0,0,0
396,2017-04-14,09:03:27,394,jd1709,XDCE,3881,3880,3899,8418,327247380,174112,174656,4072,3686,3879,3881,0,3891,0,0,0,2017-04-14,32607394,3880,43,0,0,0,0,0,0,0,0,3881,5,0,0,0,0,0,0,0,0
397,2017-04-14,09:03:27,754,jd1709,XDCE,3881,3880,3899,8430,327713100,174108,174656,4072,3686,3879,3881,0,3891,0,0,0,2017-04-14,32607754,3881,1,0,0,0,0,0,0,0,0,3882,58,0,0,0,0,0,0,0,0
398,2017-04-14,09:03:28,373,jd1709,XDCE,3881,3880,3899,8430,327713100,174108,174656,4072,3686,3879,3881,0,3891,0,0,0,2017-04-14,32608373,3881,4,0,0,0,0,0,0,0,0,3882,58,0,0,0,0,0,0,0,0
399,2017-04-14,09:03:28,891,jd1709,XDCE,3881,3880,3899,8430,327713100,174108,174656,4072,3686,3879,3881,0,3891,0,0,0,2017-04-14,32608891,3881,44,0,0,0,0,0,0,0,0,3882,58,0,0,0,0,0,0,0,0
400,2017-04-14,09:03:29,356,jd1709,XDCE,3881,3880,3899,8434,327868340,174110,174656,4072,3686,3879,3881,0,3891,0,0,0,2017-04-14,32609356,3881,44,0,0,0,0,0,0,0,0,3882,57,0,0,0,0,0,0,0,0
401,2017-04-14,09:03:29,862,jd1709,XDCE,3882,3880,3899,8548,332293820,174096,174656,4072,3686,3879,3881,0,3891,0,0,0,2017-04-14,32609862,3881,50,0,0,0,0,0,0,0,0,3883,15,0,0,0,0,0,0,0,0
402,2017-04-14,09:03:30,345,jd1709,XDCE,3881,3880,3899,8552,332449060,174100,174656,4072,3686,3879,3881,0,3891,0,0,0,2017-04-14,32610345,3882,2,0,0,0,0,0,0,0,0,3883,14,0,0,0,0,0,0,0,0
403,2017-04-14,09:03:30,805,jd1709,XDCE,3881,3880,3899,8556,332604300,174100,174656,4072,3686,3879,3881,0,3891,0,0,0,2017-04-14,32610805,3882,4,0,0,0,0,0,0,0,0,3883,17,0,0,0,0,0,0,0,0
404,2017-04-14,09:03:31,869,jd1709,XDCE,3881,3880,3899,8562,332837160,174104,174656,4072,3686,3879,3881,0,3891,0,0,0,2017-04-14,32611869,3882,1,0,0,0,0,0,0,0,0,3883,17,0,0,0,0,0,0,0,0
405,2017-04-14,09:03:32,392,jd1709,XDCE,3883,3880,3899,8564,332914820,174104,174656,4072,3686,3879,3881,0,3891,0,0,0,2017-04-14,32612392,3882,1,0,0,0,0,0,0,0,0,3883,16,0,0,0,0,0,0,0,0
406,2017-04-14,09:03:32,897,jd1709,XDCE,3883,3880,3899,8578,333458420,174116,174656,4072,3686,3879,3881,0,3891,0,0,0,2017-04-14,32612897,3881,49,0,0,0,0,0,0,0,0,3883,7,0,0,0,0,0,0,0,0
407,2017-04-14,09:03:33,246,jd1709,XDCE,3882,3880,3899,8580,333536060,174116,174656,4072,3686,3879,3881,0,3891,0,0,0,2017-04-14,32613246,3881,49,0,0,0,0,0,0,0,0,3882,49,0,0,0,0,0,0,0,0
408,2017-04-14,09:03:33,883,jd1709,XDCE,3882,3880,3899,8584,333691320,174118,174656,4072,3686,3879,3881,0,3891,0,0,0,2017-04-14,32613883,3881,49,0,0,0,0,0,0,0,0,3882,50,0,0,0,0,0,0,0,0
409,2017-04-14,09:03:34,267,jd1709,XDCE,3882,3880,3899,8584,333691320,174118,174656,4072,3686,3879,3881,0,3891,0,0,0,2017-04-14,32614267,3881,51,0,0,0,0,0,0,0,0,3882,50,0,0,0,0,0,0,0,0
410,2017-04-14,09:03:34,814,jd1709,XDCE,3882,3880,3899,8636,335709960,174068,174656,4072,3686,3879,3881,0,3891,0,0,0,2017-04-14,32614814,3881,51,0,0,0,0,0,0,0,0,3882,25,0,0,0,0,0,0,0,0
411,2017-04-14,09:03:35,388,jd1709,XDCE,3882,3880,3899,8688,337728600,174020,174656,4072,3686,3879,3881,0,3891,0,0,0,2017-04-14,32615388,3882,9,0,0,0,0,0,0,0,0,3883,7,0,0,0,0,0,0,0,0
412,2017-04-14,09:03:35,879,jd1709,XDCE,3882,3880,3899,8690,337806240,174020,174656,4072,3686,3879,3881,0,3891,0,0,0,2017-04-14,32615879,3882,8,0,0,0,0,0,0,0,0,3883,7,0,0,0,0,0,0,0,0
413,2017-04-14,09:03:36,387,jd1709,XDCE,3882,3880,3899,8692,337883880,174020,174656,4072,3686,3879,3881,0,3891,0,0,0,2017-04-14,32616387,3882,7,0,0,0,0,0,0,0,0,3883,7,0,0,0,0,0,0,0,0
414,2017-04-14,09:03:36,740,jd1709,XDCE,3882,3880,3899,8692,337883880,174020,174656,4072,3686,3879,3881,0,3891,0,0,0,2017-04-14,32616740,3882,10,0,0,0,0,0,0,0,0,3883,7,0,0,0,0,0,0,0,0
415,2017-04-14,09:03:37,338,jd1709,XDCE,3882,3880,3899,8692,337883880,174020,174656,4072,3686,3879,3881,0,3891,0,0,0,2017-04-14,32617338,3882,10,0,0,0,0,0,0,0,0,3883,9,0,0,0,0,0,0,0,0
416,2017-04-14,09:03:37,905,jd1709,XDCE,3882,3880,3899,8692,337883880,174020,174656,4072,3686,3879,3881,0,3891,0,0,0,2017-04-14,32617905,3882,11,0,0,0,0,0,0,0,0,3883,10,0,0,0,0,0,0,0,0
417,2017-04-14,09:03:38,396,jd1709,XDCE,3882,3880,3899,8700,338194460,174020,174656,4072,3686,3879,3881,0,3891,0,0,0,2017-04-14,32618396,3882,8,0,0,0,0,0,0,0,0,3883,11,0,0,0,0,0,0,0,0
418,2017-04-14,09:03:38,847,jd1709,XDCE,3883,3880,3899,8702,338272120,174020,174656,4072,3686,3879,3881,0,3891,0,0,0,2017-04-14,32618847,3882,9,0,0,0,0,0,0,0,0,3883,10,0,0,0,0,0,0,0,0
419,2017-04-14,09:03:39,245,jd1709,XDCE,3883,3880,3899,8702,338272120,174020,174656,4072,3686,3879,3881,0,3891,0,0,0,2017-04-14,32619245,3882,13,0,0,0,0,0,0,0,0,3883,10,0,0,0,0,0,0,0,0
420,2017-04-14,09:03:39,869,jd1709,XDCE,3882,3880,3899,8730,339359080,174044,174656,4072,3686,3879,3881,0,3891,0,0,0,2017-04-14,32619869,3881,71,0,0,0,0,0,0,0,0,3883,10,0,0,0,0,0,0,0,0
421,2017-04-14,09:03:40,333,jd1709,XDCE,3883,3880,3899,8732,339436740,174042,174656,4072,3686,3879,3881,0,3891,0,0,0,2017-04-14,32620333,3882,2,0,0,0,0,0,0,0,0,3883,9,0,0,0,0,0,0,0,0
422,2017-04-14,09:03:40,879,jd1709,XDCE,3882,3880,3899,8734,339514380,174040,174656,4072,3686,3879,3881,0,3891,0,0,0,2017-04-14,32620879,3882,2,0,0,0,0,0,0,0,0,3883,9,0,0,0,0,0,0,0,0
423,2017-04-14,09:03:41,402,jd1709,XDCE,3882,3880,3899,8742,339824940,174044,174656,4072,3686,3879,3881,0,3891,0,0,0,2017-04-14,32621402,3881,75,0,0,0,0,0,0,0,0,3883,9,0,0,0,0,0,0,0,0
424,2017-04-14,09:03:41,899,jd1709,XDCE,3882,3880,3899,8746,339980200,174046,174656,4072,3686,3879,3881,0,3891,0,0,0,2017-04-14,32621899,3881,74,0,0,0,0,0,0,0,0,3882,10,0,0,0,0,0,0,0,0
425,2017-04-14,09:03:42,210,jd1709,XDCE,3881,3880,3899,8776,341144700,174028,174656,4072,3686,3879,3881,0,3891,0,0,0,2017-04-14,32622210,3881,69,0,0,0,0,0,0,0,0,3882,10,0,0,0,0,0,0,0,0
426,2017-04-14,09:03:42,847,jd1709,XDCE,3881,3880,3899,8794,341843340,174034,174656,4072,3686,3879,3881,0,3891,0,0,0,2017-04-14,32622847,3881,63,0,0,0,0,0,0,0,0,3882,7,0,0,0,0,0,0,0,0
427,2017-04-14,09:03:43,351,jd1709,XDCE,3881,3880,3899,8796,341920960,174036,174656,4072,3686,3879,3881,0,3891,0,0,0,2017-04-14,32623351,3881,62,0,0,0,0,0,0,0,0,3882,7,0,0,0,0,0,0,0,0
428,2017-04-14,09:03:43,847,jd1709,XDCE,3882,3880,3899,8818,342774800,174038,174656,4072,3686,3879,3881,0,3891,0,0,0,2017-04-14,32623847,3881,53,0,0,0,0,0,0,0,0,3882,9,0,0,0,0,0,0,0,0
429,2017-04-14,09:03:44,359,jd1709,XDCE,3882,3880,3899,8824,343007680,174042,174656,4072,3686,3879,3881,0,3891,0,0,0,2017-04-14,32624359,3881,51,0,0,0,0,0,0,0,0,3882,8,0,0,0,0,0,0,0,0
430,2017-04-14,09:03:44,851,jd1709,XDCE,3881,3880,3899,8854,344172000,174070,174656,4072,3686,3879,3881,0,3891,0,0,0,2017-04-14,32624851,3881,37,0,0,0,0,0,0,0,0,3882,4,0,0,0,0,0,0,0,0
431,2017-04-14,09:03:45,336,jd1709,XDCE,3882,3880,3899,8858,344327280,174072,174656,4072,3686,3879,3881,0,3891,0,0,0,2017-04-14,32625336,3881,37,0,0,0,0,0,0,0,0,3882,2,0,0,0,0,0,0,0,0
432,2017-04-14,09:03:45,828,jd1709,XDCE,3881,3880,3899,8872,344870640,174066,174656,4072,3686,3879,3881,0,3891,0,0,0,2017-04-14,32625828,3881,31,0,0,0,0,0,0,0,0,3882,2,0,0,0,0,0,0,0,0
433,2017-04-14,09:03:46,382,jd1709,XDCE,3882,3880,3899,8882,345258840,174066,174656,4072,3686,3879,3881,0,3891,0,0,0,2017-04-14,32626382,3881,28,0,0,0,0,0,0,0,0,3883,24,0,0,0,0,0,0,0,0
434,2017-04-14,09:03:46,869,jd1709,XDCE,3882,3880,3899,8882,345258840,174066,174656,4072,3686,3879,3881,0,3891,0,0,0,2017-04-14,32626869,3882,14,0,0,0,0,0,0,0,0,3883,24,0,0,0,0,0,0,0,0
435,2017-04-14,09:03:47,255,jd1709,XDCE,3882,3880,3899,8900,345957620,174066,174656,4072,3686,3879,3881,0,3891,0,0,0,2017-04-14,32627255,3882,7,0,0,0,0,0,0,0,0,3883,23,0,0,0,0,0,0,0,0
436,2017-04-14,09:03:47,778,jd1709,XDCE,3882,3880,3899,8902,346035260,174068,174656,4072,3686,3879,3881,0,3891,0,0,0,2017-04-14,32627778,3882,6,0,0,0,0,0,0,0,0,3883,28,0,0,0,0,0,0,0,0
437,2017-04-14,09:03:48,363,jd1709,XDCE,3882,3880,3899,8908,346268180,174074,174656,4072,3686,3879,3881,0,3891,0,0,0,2017-04-14,32628363,3881,29,0,0,0,0,0,0,0,0,3883,29,0,0,0,0,0,0,0,0
438,2017-04-14,09:03:49,352,jd1709,XDCE,3882,3880,3899,8910,346345820,174076,174656,4072,3686,3879,3881,0,3891,0,0,0,2017-04-14,32629352,3881,29,0,0,0,0,0,0,0,0,3883,30,0,0,0,0,0,0,0,0
439,2017-04-14,09:03:49,878,jd1709,XDCE,3882,3880,3899,8910,346345820,174076,174656,4072,3686,3879,3881,0,3891,0,0,0,2017-04-14,32629878,3881,29,0,0,0,0,0,0,0,0,3883,28,0,0,0,0,0,0,0,0
440,2017-04-14,09:03:50,325,jd1709,XDCE,3882,3880,3899,8916,346578740,174080,174656,4072,3686,3879,3881,0,3891,0,0,0,2017-04-14,32630325,3881,30,0,0,0,0,0,0,0,0,3883,28,0,0,0,0,0,0,0,0
441,2017-04-14,09:03:50,893,jd1709,XDCE,3882,3880,3899,8916,346578740,174080,174656,4072,3686,3879,3881,0,3891,0,0,0,2017-04-14,32630893,3881,36,0,0,0,0,0,0,0,0,3882,1,0,0,0,0,0,0,0,0
442,2017-04-14,09:03:51,299,jd1709,XDCE,3882,3880,3899,8916,346578740,174080,174656,4072,3686,3879,3881,0,3891,0,0,0,2017-04-14,32631299,3881,35,0,0,0,0,0,0,0,0,3882,1,0,0,0,0,0,0,0,0
443,2017-04-14,09:03:51,835,jd1709,XDCE,3882,3880,3899,8916,346578740,174080,174656,4072,3686,3879,3881,0,3891,0,0,0,2017-04-14,32631835,3881,30,0,0,0,0,0,0,0,0,3882,31,0,0,0,0,0,0,0,0
444,2017-04-14,09:03:52,335,jd1709,XDCE,3881,3880,3899,8926,346966840,174088,174656,4072,3686,3879,3881,0,3891,0,0,0,2017-04-14,32632335,3881,25,0,0,0,0,0,0,0,0,3882,39,0,0,0,0,0,0,0,0
445,2017-04-14,09:03:52,769,jd1709,XDCE,3881,3880,3899,8926,346966840,174088,174656,4072,3686,3879,3881,0,3891,0,0,0,2017-04-14,32632769,3881,25,0,0,0,0,0,0,0,0,3882,36,0,0,0,0,0,0,0,0
446,2017-04-14,09:03:53,328,jd1709,XDCE,3882,3880,3899,8946,347743240,174088,174656,4072,3686,3879,3881,0,3891,0,0,0,2017-04-14,32633328,3881,25,0,0,0,0,0,0,0,0,3882,26,0,0,0,0,0,0,0,0
447,2017-04-14,09:03:53,798,jd1709,XDCE,3881,3880,3899,8948,347820860,174090,174656,4072,3686,3879,3881,0,3891,0,0,0,2017-04-14,32633798,3881,59,0,0,0,0,0,0,0,0,3882,22,0,0,0,0,0,0,0,0
448,2017-04-14,09:03:54,894,jd1709,XDCE,3882,3880,3899,8950,347898500,174088,174656,4072,3686,3879,3881,0,3891,0,0,0,2017-04-14,32634894,3881,61,0,0,0,0,0,0,0,0,3882,21,0,0,0,0,0,0,0,0
449,2017-04-14,09:03:55,350,jd1709,XDCE,3881,3880,3899,8952,347976120,174090,174656,4072,3686,3879,3881,0,3891,0,0,0,2017-04-14,32635350,3881,60,0,0,0,0,0,0,0,0,3882,22,0,0,0,0,0,0,0,0
450,2017-04-14,09:03:56,350,jd1709,XDCE,3881,3880,3899,8952,347976120,174090,174656,4072,3686,3879,3881,0,3891,0,0,0,2017-04-14,32636350,3881,63,0,0,0,0,0,0,0,0,3882,22,0,0,0,0,0,0,0,0
451,2017-04-14,09:03:56,896,jd1709,XDCE,3881,3880,3899,8966,348519580,174092,174656,4072,3686,3879,3881,0,3891,0,0,0,2017-04-14,32636896,3881,64,0,0,0,0,0,0,0,0,3882,16,0,0,0,0,0,0,0,0
452,2017-04-14,09:03:57,375,jd1709,XDCE,3881,3880,3899,8966,348519580,174092,174656,4072,3686,3879,3881,0,3891,0,0,0,2017-04-14,32637375,3881,65,0,0,0,0,0,0,0,0,3882,16,0,0,0,0,0,0,0,0
453,2017-04-14,09:03:57,855,jd1709,XDCE,3882,3880,3899,8970,348674860,174088,174656,4072,3686,3879,3881,0,3891,0,0,0,2017-04-14,32637855,3881,66,0,0,0,0,0,0,0,0,3882,14,0,0,0,0,0,0,0,0
454,2017-04-14,09:03:58,306,jd1709,XDCE,3882,3880,3899,8970,348674860,174088,174656,4072,3686,3879,3881,0,3891,0,0,0,2017-04-14,32638306,3881,66,0,0,0,0,0,0,0,0,3882,17,0,0,0,0,0,0,0,0
455,2017-04-14,09:03:58,877,jd1709,XDCE,3882,3880,3899,8972,348752500,174088,174656,4072,3686,3879,3881,0,3891,0,0,0,2017-04-14,32638877,3881,66,0,0,0,0,0,0,0,0,3882,18,0,0,0,0,0,0,0,0
456,2017-04-14,09:03:59,345,jd1709,XDCE,3882,3880,3899,8972,348752500,174088,174656,4072,3686,3879,3881,0,3891,0,0,0,2017-04-14,32639345,3881,78,0,0,0,0,0,0,0,0,3882,18,0,0,0,0,0,0,0,0
457,2017-04-14,09:03:59,716,jd1709,XDCE,3881,3880,3899,8976,348907740,174088,174656,4072,3686,3879,3881,0,3891,0,0,0,2017-04-14,32639716,3881,76,0,0,0,0,0,0,0,0,3882,23,0,0,0,0,0,0,0,0
458,2017-04-14,09:04:00,252,jd1709,XDCE,3881,3880,3899,8976,348907740,174088,174656,4072,3686,3879,3881,0,3891,0,0,0,2017-04-14,32640252,3881,78,0,0,0,0,0,0,0,0,3882,24,0,0,0,0,0,0,0,0
459,2017-04-14,09:04:00,804,jd1709,XDCE,3882,3880,3899,8978,348985380,174086,174656,4072,3686,3879,3881,0,3891,0,0,0,2017-04-14,32640804,3881,79,0,0,0,0,0,0,0,0,3882,36,0,0,0,0,0,0,0,0
460,2017-04-14,09:04:01,875,jd1709,XDCE,3881,3880,3899,8990,349451100,174088,174656,4072,3686,3879,3881,0,3891,0,0,0,2017-04-14,32641875,3881,68,0,0,0,0,0,0,0,0,3882,41,0,0,0,0,0,0,0,0
461,2017-04-14,09:04:02,842,jd1709,XDCE,3881,3880,3899,8992,349528720,174090,174656,4072,3686,3879,3881,0,3891,0,0,0,2017-04-14,32642842,3881,68,0,0,0,0,0,0,0,0,3882,41,0,0,0,0,0,0,0,0
462,2017-04-14,09:04:03,237,jd1709,XDCE,3882,3880,3899,9002,349916920,174090,174656,4072,3686,3879,3881,0,3891,0,0,0,2017-04-14,32643237,3881,69,0,0,0,0,0,0,0,0,3882,36,0,0,0,0,0,0,0,0
463,2017-04-14,09:04:03,717,jd1709,XDCE,3881,3880,3899,9008,350149780,174090,174656,4072,3686,3879,3881,0,3891,0,0,0,2017-04-14,32643717,3881,66,0,0,0,0,0,0,0,0,3882,36,0,0,0,0,0,0,0,0
464,2017-04-14,09:04:04,378,jd1709,XDCE,3881,3880,3899,9014,350382660,174094,174656,4072,3686,3879,3881,0,3891,0,0,0,2017-04-14,32644378,3881,64,0,0,0,0,0,0,0,0,3882,35,0,0,0,0,0,0,0,0
465,2017-04-14,09:04:04,645,jd1709,XDCE,3881,3880,3899,9014,350382660,174094,174656,4072,3686,3879,3881,0,3891,0,0,0,2017-04-14,32644645,3881,69,0,0,0,0,0,0,0,0,3882,35,0,0,0,0,0,0,0,0
466,2017-04-14,09:04:05,837,jd1709,XDCE,3881,3880,3899,9014,350382660,174094,174656,4072,3686,3879,3881,0,3891,0,0,0,2017-04-14,32645837,3881,69,0,0,0,0,0,0,0,0,3882,31,0,0,0,0,0,0,0,0
467,2017-04-14,09:04:06,896,jd1709,XDCE,3882,3880,3899,9016,350460300,174092,174656,4072,3686,3879,3881,0,3891,0,0,0,2017-04-14,32646896,3881,69,0,0,0,0,0,0,0,0,3882,30,0,0,0,0,0,0,0,0
468,2017-04-14,09:04:07,326,jd1709,XDCE,3882,3880,3899,9016,350460300,174092,174656,4072,3686,3879,3881,0,3891,0,0,0,2017-04-14,32647326,3881,71,0,0,0,0,0,0,0,0,3882,30,0,0,0,0,0,0,0,0
469,2017-04-14,09:04:07,898,jd1709,XDCE,3881,3880,3899,9020,350615540,174096,174656,4072,3686,3879,3881,0,3891,0,0,0,2017-04-14,32647898,3881,68,0,0,0,0,0,0,0,0,3882,30,0,0,0,0,0,0,0,0
470,2017-04-14,09:04:08,339,jd1709,XDCE,3881,3880,3899,9020,350615540,174096,174656,4072,3686,3879,3881,0,3891,0,0,0,2017-04-14,32648339,3881,69,0,0,0,0,0,0,0,0,3882,30,0,0,0,0,0,0,0,0
471,2017-04-14,09:04:09,289,jd1709,XDCE,3881,3880,3899,9022,350693160,174098,174656,4072,3686,3879,3881,0,3891,0,0,0,2017-04-14,32649289,3881,62,0,0,0,0,0,0,0,0,3882,30,0,0,0,0,0,0,0,0
472,2017-04-14,09:04:09,881,jd1709,XDCE,3882,3880,3899,9038,351314280,174098,174656,4072,3686,3879,3881,0,3891,0,0,0,2017-04-14,32649881,3881,63,0,0,0,0,0,0,0,0,3882,22,0,0,0,0,0,0,0,0
473,2017-04-14,09:04:10,172,jd1709,XDCE,3882,3880,3899,9040,351391920,174098,174656,4072,3686,3879,3881,0,3891,0,0,0,2017-04-14,32650172,3881,63,0,0,0,0,0,0,0,0,3882,21,0,0,0,0,0,0,0,0
474,2017-04-14,09:04:11,358,jd1709,XDCE,3881,3880,3899,9052,351857660,174108,174656,4072,3686,3879,3881,0,3891,0,0,0,2017-04-14,32651358,3881,60,0,0,0,0,0,0,0,0,3882,20,0,0,0,0,0,0,0,0
475,2017-04-14,09:04:11,903,jd1709,XDCE,3881,3880,3899,9054,351935280,174108,174656,4072,3686,3879,3881,0,3891,0,0,0,2017-04-14,32651903,3881,59,0,0,0,0,0,0,0,0,3882,20,0,0,0,0,0,0,0,0
476,2017-04-14,09:04:12,271,jd1709,XDCE,3881,3880,3899,9054,351935280,174108,174656,4072,3686,3879,3881,0,3891,0,0,0,2017-04-14,32652271,3881,63,0,0,0,0,0,0,0,0,3882,20,0,0,0,0,0,0,0,0
477,2017-04-14,09:04:13,315,jd1709,XDCE,3881,3880,3899,9062,352245820,174110,174656,4072,3686,3879,3881,0,3891,0,0,0,2017-04-14,32653315,3881,62,0,0,0,0,0,0,0,0,3882,17,0,0,0,0,0,0,0,0
478,2017-04-14,09:04:14,693,jd1709,XDCE,3882,3880,3899,9068,352478740,174114,174656,4072,3686,3879,3881,0,3891,0,0,0,2017-04-14,32654693,3881,62,0,0,0,0,0,0,0,0,3882,14,0,0,0,0,0,0,0,0
479,2017-04-14,09:04:15,345,jd1709,XDCE,3882,3880,3899,9070,352556380,174114,174656,4072,3686,3879,3881,0,3891,0,0,0,2017-04-14,32655345,3881,63,0,0,0,0,0,0,0,0,3882,13,0,0,0,0,0,0,0,0
480,2017-04-14,09:04:16,331,jd1709,XDCE,3882,3880,3899,9070,352556380,174114,174656,4072,3686,3879,3881,0,3891,0,0,0,2017-04-14,32656331,3881,63,0,0,0,0,0,0,0,0,3882,14,0,0,0,0,0,0,0,0
481,2017-04-14,09:04:16,707,jd1709,XDCE,3882,3880,3899,9074,352711640,174116,174656,4072,3686,3879,3881,0,3891,0,0,0,2017-04-14,32656707,3881,62,0,0,0,0,0,0,0,0,3882,13,0,0,0,0,0,0,0,0
482,2017-04-14,09:04:17,215,jd1709,XDCE,3882,3880,3899,9074,352711640,174116,174656,4072,3686,3879,3881,0,3891,0,0,0,2017-04-14,32657215,3881,62,0,0,0,0,0,0,0,0,3882,16,0,0,0,0,0,0,0,0
483,2017-04-14,09:04:17,728,jd1709,XDCE,3882,3880,3899,9082,353022200,174124,174656,4072,3686,3879,3881,0,3891,0,0,0,2017-04-14,32657728,3881,63,0,0,0,0,0,0,0,0,3882,12,0,0,0,0,0,0,0,0
484,2017-04-14,09:04:18,92,jd1709,XDCE,3882,3880,3899,9082,353022200,174124,174656,4072,3686,3879,3881,0,3891,0,0,0,2017-04-14,32658092,3881,63,0,0,0,0,0,0,0,0,3882,13,0,0,0,0,0,0,0,0
485,2017-04-14,09:04:18,884,jd1709,XDCE,3882,3880,3899,9084,353099840,174126,174656,4072,3686,3879,3881,0,3891,0,0,0,2017-04-14,32658884,3881,64,0,0,0,0,0,0,0,0,3882,12,0,0,0,0,0,0,0,0
486,2017-04-14,09:04:19,251,jd1709,XDCE,3881,3880,3899,9094,353487940,174126,174656,4072,3686,3879,3881,0,3891,0,0,0,2017-04-14,32659251,3881,60,0,0,0,0,0,0,0,0,3882,12,0,0,0,0,0,0,0,0
487,2017-04-14,09:04:20,346,jd1709,XDCE,3882,3880,3899,9096,353565580,174128,174656,4072,3686,3879,3881,0,3891,0,0,0,2017-04-14,32660346,3881,80,0,0,0,0,0,0,0,0,3882,20,0,0,0,0,0,0,0,0
488,2017-04-14,09:04:20,875,jd1709,XDCE,3882,3880,3899,9096,353565580,174128,174656,4072,3686,3879,3881,0,3891,0,0,0,2017-04-14,32660875,3881,81,0,0,0,0,0,0,0,0,3882,20,0,0,0,0,0,0,0,0
489,2017-04-14,09:04:21,339,jd1709,XDCE,3882,3880,3899,9104,353876140,174136,174656,4072,3686,3879,3881,0,3891,0,0,0,2017-04-14,32661339,3881,86,0,0,0,0,0,0,0,0,3882,16,0,0,0,0,0,0,0,0
490,2017-04-14,09:04:21,836,jd1709,XDCE,3882,3880,3899,9136,355118380,174136,174656,4072,3686,3879,3881,0,3891,0,0,0,2017-04-14,32661836,3882,18,0,0,0,0,0,0,0,0,3883,51,0,0,0,0,0,0,0,0
491,2017-04-14,09:04:22,273,jd1709,XDCE,3882,3880,3899,9136,355118380,174136,174656,4072,3686,3879,3881,0,3891,0,0,0,2017-04-14,32662273,3882,20,0,0,0,0,0,0,0,0,3883,51,0,0,0,0,0,0,0,0
492,2017-04-14,09:04:22,842,jd1709,XDCE,3882,3880,3899,9138,355196020,174136,174656,4072,3686,3879,3881,0,3891,0,0,0,2017-04-14,32662842,3882,26,0,0,0,0,0,0,0,0,3883,47,0,0,0,0,0,0,0,0
493,2017-04-14,09:04:23,336,jd1709,XDCE,3883,3880,3899,9158,355972620,174146,174656,4072,3686,3879,3881,0,3891,0,0,0,2017-04-14,32663336,3882,71,0,0,0,0,0,0,0,0,3883,36,0,0,0,0,0,0,0,0
494,2017-04-14,09:04:23,854,jd1709,XDCE,3883,3880,3899,9230,358768380,174174,174656,4072,3686,3879,3881,0,3891,0,0,0,2017-04-14,32663854,3883,40,0,0,0,0,0,0,0,0,3884,20,0,0,0,0,0,0,0,0
495,2017-04-14,09:04:24,865,jd1709,XDCE,3883,3880,3899,9232,358846040,174174,174656,4072,3686,3879,3881,0,3891,0,0,0,2017-04-14,32664865,3883,39,0,0,0,0,0,0,0,0,3884,20,0,0,0,0,0,0,0,0
496,2017-04-14,09:04:25,373,jd1709,XDCE,3884,3880,3899,9234,358923720,174172,174656,4072,3686,3879,3881,0,3891,0,0,0,2017-04-14,32665373,3883,45,0,0,0,0,0,0,0,0,3884,19,0,0,0,0,0,0,0,0
497,2017-04-14,09:04:25,832,jd1709,XDCE,3883,3880,3899,9242,359234420,174168,174656,4072,3686,3879,3881,0,3891,0,0,0,2017-04-14,32665832,3883,46,0,0,0,0,0,0,0,0,3884,16,0,0,0,0,0,0,0,0
498,2017-04-14,09:04:26,392,jd1709,XDCE,3883,3880,3899,9244,359312080,174166,174656,4072,3686,3879,3881,0,3891,0,0,0,2017-04-14,32666392,3883,45,0,0,0,0,0,0,0,0,3884,11,0,0,0,0,0,0,0,0
499,2017-04-14,09:04:26,877,jd1709,XDCE,3884,3880,3899,9268,360244240,174184,174656,4072,3686,3879,3881,0,3891,0,0,0,2017-04-14,32666877,3884,11,0,0,0,0,0,0,0,0,3885,46,0,0,0,0,0,0,0,0
500,2017-04-14,09:04:27,200,jd1709,XDCE,3884,3880,3899,9268,360244240,174184,174656,4072,3686,3879,3881,0,3891,0,0,0,2017-04-14,32667200,3884,16,0,0,0,0,0,0,0,0,3885,48,0,0,0,0,0,0,0,0
501,2017-04-14,09:04:27,837,jd1709,XDCE,3884,3880,3899,9282,360788000,174180,174656,4072,3686,3879,3881,0,3891,0,0,0,2017-04-14,32667837,3884,14,0,0,0,0,0,0,0,0,3885,48,0,0,0,0,0,0,0,0
502,2017-04-14,09:04:28,351,jd1709,XDCE,3884,3880,3899,9314,362030880,174150,174656,4072,3686,3879,3881,0,3891,0,0,0,2017-04-14,32668351,3883,3,0,0,0,0,0,0,0,0,3885,48,0,0,0,0,0,0,0,0
503,2017-04-14,09:04:28,602,jd1709,XDCE,3884,3880,3899,9314,362030880,174150,174656,4072,3686,3879,3881,0,3891,0,0,0,2017-04-14,32668602,3883,5,0,0,0,0,0,0,0,0,3885,48,0,0,0,0,0,0,0,0
504,2017-04-14,09:04:29,261,jd1709,XDCE,3884,3880,3899,9314,362030880,174150,174656,4072,3686,3879,3881,0,3891,0,0,0,2017-04-14,32669261,3884,1,0,0,0,0,0,0,0,0,3885,48,0,0,0,0,0,0,0,0
505,2017-04-14,09:04:29,534,jd1709,XDCE,3884,3880,3899,9314,362030880,174150,174656,4072,3686,3879,3881,0,3891,0,0,0,2017-04-14,32669534,3884,1,0,0,0,0,0,0,0,0,3885,49,0,0,0,0,0,0,0,0
506,2017-04-14,09:04:30,390,jd1709,XDCE,3884,3880,3899,9314,362030880,174150,174656,4072,3686,3879,3881,0,3891,0,0,0,2017-04-14,32670390,3884,2,0,0,0,0,0,0,0,0,3885,49,0,0,0,0,0,0,0,0
507,2017-04-14,09:04:30,884,jd1709,XDCE,3884,3880,3899,9318,362186240,174148,174656,4072,3686,3879,3881,0,3891,0,0,0,2017-04-14,32670884,3884,1,0,0,0,0,0,0,0,0,3885,51,0,0,0,0,0,0,0,0
508,2017-04-14,09:04:31,348,jd1709,XDCE,3885,3880,3899,9320,362263940,174148,174656,4072,3686,3879,3881,0,3891,0,0,0,2017-04-14,32671348,3884,1,0,0,0,0,0,0,0,0,3885,50,0,0,0,0,0,0,0,0
509,2017-04-14,09:04:31,832,jd1709,XDCE,3883,3880,3899,9460,367698900,174246,174656,4072,3686,3879,3881,0,3891,0,0,0,2017-04-14,32671832,3882,5,0,0,0,0,0,0,0,0,3883,3,0,0,0,0,0,0,0,0
510,2017-04-14,09:04:32,225,jd1709,XDCE,3883,3880,3899,9462,367776560,174244,174656,4072,3686,3879,3881,0,3891,0,0,0,2017-04-14,32672225,3882,5,0,0,0,0,0,0,0,0,3883,3,0,0,0,0,0,0,0,0
511,2017-04-14,09:04:32,834,jd1709,XDCE,3884,3880,3899,9464,367854240,174246,174656,4072,3686,3879,3881,0,3891,0,0,0,2017-04-14,32672834,3882,4,0,0,0,0,0,0,0,0,3884,5,0,0,0,0,0,0,0,0
512,2017-04-14,09:04:33,372,jd1709,XDCE,3884,3880,3899,9464,367854240,174246,174656,4072,3686,3879,3881,0,3891,0,0,0,2017-04-14,32673372,3882,4,0,0,0,0,0,0,0,0,3884,7,0,0,0,0,0,0,0,0
513,2017-04-14,09:04:33,859,jd1709,XDCE,3884,3880,3899,9470,368087280,174244,174656,4072,3686,3879,3881,0,3891,0,0,0,2017-04-14,32673859,3882,7,0,0,0,0,0,0,0,0,3884,4,0,0,0,0,0,0,0,0
514,2017-04-14,09:04:34,364,jd1709,XDCE,3884,3880,3899,9470,368087280,174244,174656,4072,3686,3879,3881,0,3891,0,0,0,2017-04-14,32674364,3883,5,0,0,0,0,0,0,0,0,3884,12,0,0,0,0,0,0,0,0
515,2017-04-14,09:04:34,846,jd1709,XDCE,3883,3880,3899,9478,368397920,174246,174656,4072,3686,3879,3881,0,3891,0,0,0,2017-04-14,32674846,3882,7,0,0,0,0,0,0,0,0,3883,10,0,0,0,0,0,0,0,0
516,2017-04-14,09:04:35,360,jd1709,XDCE,3883,3880,3899,9496,369096860,174252,174656,4072,3686,3879,3881,0,3891,0,0,0,2017-04-14,32675360,3882,4,0,0,0,0,0,0,0,0,3883,2,0,0,0,0,0,0,0,0
517,2017-04-14,09:04:35,831,jd1709,XDCE,3882,3880,3899,9508,369562700,174254,174656,4072,3686,3879,3881,0,3891,0,0,0,2017-04-14,32675831,3881,73,0,0,0,0,0,0,0,0,3882,4,0,0,0,0,0,0,0,0
518,2017-04-14,09:04:36,255,jd1709,XDCE,3881,3880,3899,9522,370106140,174248,174656,4072,3686,3879,3881,0,3891,0,0,0,2017-04-14,32676255,3882,1,0,0,0,0,0,0,0,0,3883,5,0,0,0,0,0,0,0,0
519,2017-04-14,09:04:36,835,jd1709,XDCE,3883,3880,3899,9530,370416780,174248,174656,4072,3686,3879,3881,0,3891,0,0,0,2017-04-14,32676835,3882,25,0,0,0,0,0,0,0,0,3883,1,0,0,0,0,0,0,0,0
520,2017-04-14,09:04:37,835,jd1709,XDCE,3882,3880,3899,9550,371193180,174266,174656,4072,3686,3879,3881,0,3891,0,0,0,2017-04-14,32677835,3882,9,0,0,0,0,0,0,0,0,3883,3,0,0,0,0,0,0,0,0
521,2017-04-14,09:04:38,336,jd1709,XDCE,3882,3880,3899,9556,371426140,174268,174656,4072,3686,3879,3881,0,3891,0,0,0,2017-04-14,32678336,3882,12,0,0,0,0,0,0,0,0,3883,2,0,0,0,0,0,0,0,0
522,2017-04-14,09:04:39,740,jd1709,XDCE,3882,3880,3899,9556,371426140,174268,174656,4072,3686,3879,3881,0,3891,0,0,0,2017-04-14,32679740,3882,12,0,0,0,0,0,0,0,0,3883,3,0,0,0,0,0,0,0,0
523,2017-04-14,09:04:40,366,jd1709,XDCE,3883,3880,3899,9560,371581440,174266,174656,4072,3686,3879,3881,0,3891,0,0,0,2017-04-14,32680366,3882,11,0,0,0,0,0,0,0,0,3883,2,0,0,0,0,0,0,0,0
524,2017-04-14,09:04:40,903,jd1709,XDCE,3883,3880,3899,9560,371581440,174266,174656,4072,3686,3879,3881,0,3891,0,0,0,2017-04-14,32680903,3882,11,0,0,0,0,0,0,0,0,3883,5,0,0,0,0,0,0,0,0
525,2017-04-14,09:04:41,383,jd1709,XDCE,3882,3880,3899,9562,371659080,174268,174656,4072,3686,3879,3881,0,3891,0,0,0,2017-04-14,32681383,3882,22,0,0,0,0,0,0,0,0,3883,5,0,0,0,0,0,0,0,0
526,2017-04-14,09:04:42,397,jd1709,XDCE,3882,3880,3899,9562,371659080,174268,174656,4072,3686,3879,3881,0,3891,0,0,0,2017-04-14,32682397,3882,23,0,0,0,0,0,0,0,0,3883,5,0,0,0,0,0,0,0,0
527,2017-04-14,09:04:42,793,jd1709,XDCE,3883,3880,3899,9564,371736740,174268,174656,4072,3686,3879,3881,0,3891,0,0,0,2017-04-14,32682793,3882,23,0,0,0,0,0,0,0,0,3883,4,0,0,0,0,0,0,0,0
528,2017-04-14,09:04:43,82,jd1709,XDCE,3882,3880,3899,9616,373755380,174292,174656,4072,3686,3879,3881,0,3891,0,0,0,2017-04-14,32683082,3881,72,0,0,0,0,0,0,0,0,3882,2,0,0,0,0,0,0,0,0
529,2017-04-14,09:04:44,672,jd1709,XDCE,3882,3880,3899,9616,373755380,174292,174656,4072,3686,3879,3881,0,3891,0,0,0,2017-04-14,32684672,3881,70,0,0,0,0,0,0,0,0,3882,2,0,0,0,0,0,0,0,0
530,2017-04-14,09:04:45,336,jd1709,XDCE,3882,3880,3899,9620,373910660,174294,174656,4072,3686,3879,3881,0,3891,0,0,0,2017-04-14,32685336,3881,71,0,0,0,0,0,0,0,0,3883,4,0,0,0,0,0,0,0,0
531,2017-04-14,09:04:45,868,jd1709,XDCE,3883,3880,3899,9622,373988320,174294,174656,4072,3686,3879,3881,0,3891,0,0,0,2017-04-14,32685868,3882,2,0,0,0,0,0,0,0,0,3883,11,0,0,0,0,0,0,0,0
532,2017-04-14,09:04:46,161,jd1709,XDCE,3883,3880,3899,9622,373988320,174294,174656,4072,3686,3879,3881,0,3891,0,0,0,2017-04-14,32686161,3882,2,0,0,0,0,0,0,0,0,3883,12,0,0,0,0,0,0,0,0
533,2017-04-14,09:04:46,890,jd1709,XDCE,3882,3880,3899,9626,374143600,174294,174656,4072,3686,3879,3881,0,3891,0,0,0,2017-04-14,32686890,3882,1,0,0,0,0,0,0,0,0,3883,7,0,0,0,0,0,0,0,0
534,2017-04-14,09:04:47,336,jd1709,XDCE,3883,3880,3899,9636,374531900,174300,174656,4072,3686,3879,3881,0,3891,0,0,0,2017-04-14,32687336,3882,9,0,0,0,0,0,0,0,0,3883,5,0,0,0,0,0,0,0,0
535,2017-04-14,09:04:47,700,jd1709,XDCE,3882,3880,3899,9638,374609540,174300,174656,4072,3686,3879,3881,0,3891,0,0,0,2017-04-14,32687700,3882,8,0,0,0,0,0,0,0,0,3883,5,0,0,0,0,0,0,0,0
536,2017-04-14,09:04:48,338,jd1709,XDCE,3883,3880,3899,9640,374687200,174302,174656,4072,3686,3879,3881,0,3891,0,0,0,2017-04-14,32688338,3882,14,0,0,0,0,0,0,0,0,3883,5,0,0,0,0,0,0,0,0
537,2017-04-14,09:04:49,852,jd1709,XDCE,3883,3880,3899,9640,374687200,174302,174656,4072,3686,3879,3881,0,3891,0,0,0,2017-04-14,32689852,3882,24,0,0,0,0,0,0,0,0,3883,5,0,0,0,0,0,0,0,0
538,2017-04-14,09:04:50,311,jd1709,XDCE,3883,3880,3899,9642,374764860,174302,174656,4072,3686,3879,3881,0,3891,0,0,0,2017-04-14,32690311,3882,24,0,0,0,0,0,0,0,0,3883,5,0,0,0,0,0,0,0,0
539,2017-04-14,09:04:50,881,jd1709,XDCE,3882,3880,3899,9644,374842500,174304,174656,4072,3686,3879,3881,0,3891,0,0,0,2017-04-14,32690881,3882,23,0,0,0,0,0,0,0,0,3883,5,0,0,0,0,0,0,0,0
