,dataDate,dataTime,dataMillisec,instrumentID,exchangeCD,lastPrice,lowPrice,highPrice,volume,value,openInterest,preOpenInterest,upperLimitPrice,lowerLimitPrice,preSettlementPrice,prevClosePrice,settlementPrice,openPrice,closePrice,preDelta,currDelta,clearingDay,milliSecOffset,bidPrice1,bidVolume1,bidPrice2,bidVolume2,bidPrice3,bidVolume3,bidPrice4,bidVolume4,bidPrice5,bidVolume5,askPrice1,askVolume1,askPrice2,askVolume2,askPrice3,askVolume3,askPrice4,askVolume4,askPrice5,askVolume5
0,2017-04-13,19:31:03,0,OI709,XZCE,6278,0,0,0,0,303666,303666,6566,5938,6252,6278,0,0,0,0,0,2017-04-14,70263000,0,0,0,0,0,0,0,0,0,0,0,0,0,0,0,0,0,0,0,0
1,2017-04-13,19:31:03,0,OI709,XZCE,6278,0,0,0,0,303666,303666,6566,5938,6252,6278,0,6268,0,0,0,2017-04-14,70263000,0,0,0,0,0,0,0,0,0,0,0,0,0,0,0,0,0,0,0,0
2,2017-04-13,19:31:03,0,OI709,XZCE,6278,0,0,0,0,303666,303666,6566,5938,6252,6278,0,6264,0,0,0,2017-04-14,70263000,0,0,0,0,0,0,0,0,0,0,0,0,0,0,0,0,0,0,0,0
3,2017-04-13,19:31:03,0,OI709,XZCE,6278,0,0,0,0,303666,303666,6566,5938,6252,6278,0,6262,0,0,0,2017-04-14,70263000,0,0,0,0,0,0,0,0,0,0,0,0,0,0,0,0,0,0,0,0
4,2017-04-13,19:31:03,0,OI709,XZCE,6278,0,0,0,0,303666,303666,6566,5938,6252,6278,0,6264,0,0,0,2017-04-14,70263000,0,0,0,0,0,0,0,0,0,0,0,0,0,0,0,0,0,0,0,0
5,2017-04-13,19:31:03,0,OI709,XZCE,6278,0,0,0,0,303666,303666,6566,5938,6252,6278,0,6268,0,0,0,2017-04-14,70263000,0,0,0,0,0,0,0,0,0,0,0,0,0,0,0,0,0,0,0,0
6,2017-04-13,19:31:03,0,OI709,XZCE,6278,0,0,0,0,303666,303666,6566,5938,6252,6278,0,6266,0,0,0,2017-04-14,70263000,0,0,0,0,0,0,0,0,0,0,0,0,0,0,0,0,0,0,0,0
7,2017-04-13,19:31:03,0,OI709,XZCE,6278,0,0,0,0,303666,303666,6566,5938,6252,6278,0,6268,0,0,0,2017-04-14,70263000,0,0,0,0,0,0,0,0,0,0,0,0,0,0,0,0,0,0,0,0
8,2017-04-13,19:31:03,0,OI709,XZCE,6278,0,0,0,0,303666,303666,6566,5938,6252,6278,0,6266,0,0,0,2017-04-14,70263000,0,0,0,0,0,0,0,0,0,0,0,0,0,0,0,0,0,0,0,0
9,2017-04-13,19:31:03,0,OI709,XZCE,6278,0,0,0,0,303666,303666,6566,5938,6252,6278,0,6268,0,0,0,2017-04-14,70263000,0,0,0,0,0,0,0,0,0,0,0,0,0,0,0,0,0,0,0,0
10,2017-04-13,19:31:03,0,OI709,XZCE,6278,0,0,0,0,303666,303666,6566,5938,6252,6278,0,6264,0,0,0,2017-04-14,70263000,0,0,0,0,0,0,0,0,0,0,0,0,0,0,0,0,0,0,0,0
11,2017-04-13,19:31:03,0,OI709,XZCE,6278,0,0,0,0,303666,303666,6566,5938,6252,6278,0,6268,0,0,0,2017-04-14,70263000,0,0,0,0,0,0,0,0,0,0,0,0,0,0,0,0,0,0,0,0
12,2017-04-13,19:31:03,0,OI709,XZCE,6278,0,0,0,0,303666,303666,6566,5938,6252,6278,0,6270,0,0,0,2017-04-14,70263000,0,0,0,0,0,0,0,0,0,0,0,0,0,0,0,0,0,0,0,0
13,2017-04-13,19:31:03,0,OI709,XZCE,6278,0,0,0,0,303666,303666,6566,5938,6252,6278,0,6268,0,0,0,2017-04-14,70263000,0,0,0,0,0,0,0,0,0,0,0,0,0,0,0,0,0,0,0,0
14,2017-04-13,19:31:03,0,OI709,XZCE,6278,0,0,0,0,303666,303666,6566,5938,6252,6278,0,6266,0,0,0,2017-04-14,70263000,0,0,0,0,0,0,0,0,0,0,0,0,0,0,0,0,0,0,0,0
15,2017-04-13,19:31:03,0,OI709,XZCE,6278,0,0,0,0,303666,303666,6566,5938,6252,6278,0,6268,0,0,0,2017-04-14,70263000,0,0,0,0,0,0,0,0,0,0,0,0,0,0,0,0,0,0,0,0
16,2017-04-13,19:31:03,0,OI709,XZCE,6278,0,0,0,0,303666,303666,6566,5938,6252,6278,0,6260,0,0,0,2017-04-14,70263000,0,0,0,0,0,0,0,0,0,0,0,0,0,0,0,0,0,0,0,0
17,2017-04-13,19:31:03,0,OI709,XZCE,6278,0,0,0,0,303666,303666,6566,5938,6252,6278,0,6262,0,0,0,2017-04-14,70263000,0,0,0,0,0,0,0,0,0,0,0,0,0,0,0,0,0,0,0,0
18,2017-04-13,19:31:03,0,OI709,XZCE,6278,0,0,0,0,303666,303666,6566,5938,6252,6278,0,6260,0,0,0,2017-04-14,70263000,0,0,0,0,0,0,0,0,0,0,0,0,0,0,0,0,0,0,0,0
19,2017-04-13,19:31:03,0,OI709,XZCE,6278,0,0,0,0,303666,303666,6566,5938,6252,6278,0,6262,0,0,0,2017-04-14,70263000,0,0,0,0,0,0,0,0,0,0,0,0,0,0,0,0,0,0,0,0
20,2017-04-13,19:31:03,0,OI709,XZCE,6278,0,0,0,0,303666,303666,6566,5938,6252,6278,0,6260,0,0,0,2017-04-14,70263000,0,0,0,0,0,0,0,0,0,0,0,0,0,0,0,0,0,0,0,0
21,2017-04-13,19:31:03,0,OI709,XZCE,6278,0,0,0,0,303666,303666,6566,5938,6252,6278,0,6262,0,0,0,2017-04-14,70263000,0,0,0,0,0,0,0,0,0,0,0,0,0,0,0,0,0,0,0,0
22,2017-04-13,19:31:03,0,OI709,XZCE,6278,0,0,0,0,303666,303666,6566,5938,6252,6278,0,6260,0,0,0,2017-04-14,70263000,0,0,0,0,0,0,0,0,0,0,0,0,0,0,0,0,0,0,0,0
23,2017-04-13,20:59:00,0,OI709,XZCE,6260,6260,6260,282,17653200,303674,303666,6566,5938,6252,6278,0,6260,0,0,0,2017-04-14,75540000,6260,28,0,0,0,0,0,0,0,0,6262,113,0,0,0,0,0,0,0,0
24,2017-04-13,21:00:00,0,OI709,XZCE,6260,6260,6262,292,18279200,303680,303666,6566,5938,6252,6278,0,6260,0,0,0,2017-04-14,75600000,6260,26,0,0,0,0,0,0,0,0,6262,110,0,0,0,0,0,0,0,0
25,2017-04-13,21:00:00,0,OI709,XZCE,6260,6258,6262,482,30173200,303788,303666,6566,5938,6252,6278,0,6260,0,0,0,2017-04-14,75600000,6258,16,0,0,0,0,0,0,0,0,6260,2,0,0,0,0,0,0,0,0
26,2017-04-13,21:00:01,0,OI709,XZCE,6260,6256,6262,558,34930800,303806,303666,6566,5938,6252,6278,0,6260,0,0,0,2017-04-14,75601000,6258,1,0,0,0,0,0,0,0,0,6260,47,0,0,0,0,0,0,0,0
27,2017-04-13,21:00:01,0,OI709,XZCE,6260,6256,6262,612,38311200,303802,303666,6566,5938,6252,6278,0,6260,0,0,0,2017-04-14,75601000,6256,17,0,0,0,0,0,0,0,0,6260,54,0,0,0,0,0,0,0,0
28,2017-04-13,21:00:02,0,OI709,XZCE,6260,6256,6262,740,46324000,303790,303666,6566,5938,6252,6278,0,6260,0,0,0,2017-04-14,75602000,6258,4,0,0,0,0,0,0,0,0,6260,11,0,0,0,0,0,0,0,0
29,2017-04-13,21:00:02,0,OI709,XZCE,6260,6256,6262,776,48577600,303796,303666,6566,5938,6252,6278,0,6260,0,0,0,2017-04-14,75602000,6258,90,0,0,0,0,0,0,0,0,6260,2,0,0,0,0,0,0,0,0
30,2017-04-13,21:00:03,0,OI709,XZCE,6260,6256,6262,826,51707600,303802,303666,6566,5938,6252,6278,0,6260,0,0,0,2017-04-14,75603000,6260,12,0,0,0,0,0,0,0,0,6262,144,0,0,0,0,0,0,0,0
31,2017-04-13,21:00:03,0,OI709,XZCE,6260,6256,6262,832,52083200,303808,303666,6566,5938,6252,6278,0,6260,0,0,0,2017-04-14,75603000,6260,65,0,0,0,0,0,0,0,0,6262,144,0,0,0,0,0,0,0,0
32,2017-04-13,21:00:04,0,OI709,XZCE,6262,6256,6262,834,52208440,303808,303666,6566,5938,6252,6278,0,6260,0,0,0,2017-04-14,75604000,6260,121,0,0,0,0,0,0,0,0,6262,143,0,0,0,0,0,0,0,0
33,2017-04-13,21:00:04,0,OI709,XZCE,6262,6256,6262,1080,67612960,303846,303666,6566,5938,6252,6278,0,6260,0,0,0,2017-04-14,75604000,6260,4,0,0,0,0,0,0,0,0,6262,154,0,0,0,0,0,0,0,0
34,2017-04-13,21:00:05,0,OI709,XZCE,6262,6256,6262,1082,67738200,303846,303666,6566,5938,6252,6278,0,6260,0,0,0,2017-04-14,75605000,6260,66,0,0,0,0,0,0,0,0,6262,153,0,0,0,0,0,0,0,0
35,2017-04-13,21:00:05,0,OI709,XZCE,6260,6256,6262,1122,70242200,303874,303666,6566,5938,6252,6278,0,6260,0,0,0,2017-04-14,75605000,6260,46,0,0,0,0,0,0,0,0,6262,153,0,0,0,0,0,0,0,0
36,2017-04-13,21:00:06,0,OI709,XZCE,6262,6256,6262,1128,70617920,303870,303666,6566,5938,6252,6278,0,6260,0,0,0,2017-04-14,75606000,6260,46,0,0,0,0,0,0,0,0,6262,151,0,0,0,0,0,0,0,0
37,2017-04-13,21:00:06,0,OI709,XZCE,6262,6256,6262,1128,70617920,303870,303666,6566,5938,6252,6278,0,6260,0,0,0,2017-04-14,75606000,6260,47,0,0,0,0,0,0,0,0,6262,152,0,0,0,0,0,0,0,0
38,2017-04-13,21:00:07,0,OI709,XZCE,6260,6256,6262,1184,74123520,303870,303666,6566,5938,6252,6278,0,6260,0,0,0,2017-04-14,75607000,6260,46,0,0,0,0,0,0,0,0,6262,127,0,0,0,0,0,0,0,0
39,2017-04-13,21:00:07,0,OI709,XZCE,6260,6256,6262,1190,74499120,303872,303666,6566,5938,6252,6278,0,6260,0,0,0,2017-04-14,75607000,6260,43,0,0,0,0,0,0,0,0,6262,128,0,0,0,0,0,0,0,0
40,2017-04-13,21:00:08,0,OI709,XZCE,6260,6256,6262,1284,80383520,303956,303666,6566,5938,6252,6278,0,6260,0,0,0,2017-04-14,75608000,6258,12,0,0,0,0,0,0,0,0,6260,3,0,0,0,0,0,0,0,0
41,2017-04-13,21:00:08,0,OI709,XZCE,6260,6256,6262,1310,82011120,303948,303666,6566,5938,6252,6278,0,6260,0,0,0,2017-04-14,75608000,6258,16,0,0,0,0,0,0,0,0,6260,2,0,0,0,0,0,0,0,0
42,2017-04-13,21:00:09,0,OI709,XZCE,6262,6256,6262,1330,83263520,303948,303666,6566,5938,6252,6278,0,6260,0,0,0,2017-04-14,75609000,6258,23,0,0,0,0,0,0,0,0,6262,110,0,0,0,0,0,0,0,0
43,2017-04-13,21:00:09,0,OI709,XZCE,6262,6256,6262,1330,83263520,303948,303666,6566,5938,6252,6278,0,6260,0,0,0,2017-04-14,75609000,6260,17,0,0,0,0,0,0,0,0,6262,117,0,0,0,0,0,0,0,0
44,2017-04-13,21:00:10,0,OI709,XZCE,6262,6256,6262,1382,86519760,303938,303666,6566,5938,6252,6278,0,6260,0,0,0,2017-04-14,75610000,6260,12,0,0,0,0,0,0,0,0,6262,98,0,0,0,0,0,0,0,0
45,2017-04-13,21:00:10,0,OI709,XZCE,6260,6256,6262,1384,86644960,303938,303666,6566,5938,6252,6278,0,6260,0,0,0,2017-04-14,75610000,6260,12,0,0,0,0,0,0,0,0,6262,98,0,0,0,0,0,0,0,0
46,2017-04-13,21:00:11,0,OI709,XZCE,6262,6256,6262,1430,89525480,303936,303666,6566,5938,6252,6278,0,6260,0,0,0,2017-04-14,75611000,6260,14,0,0,0,0,0,0,0,0,6262,76,0,0,0,0,0,0,0,0
47,2017-04-13,21:00:12,0,OI709,XZCE,6262,6256,6262,1434,89775960,303936,303666,6566,5938,6252,6278,0,6260,0,0,0,2017-04-14,75612000,6260,13,0,0,0,0,0,0,0,0,6262,92,0,0,0,0,0,0,0,0
48,2017-04-13,21:00:12,0,OI709,XZCE,6260,6256,6262,1452,90902760,303928,303666,6566,5938,6252,6278,0,6260,0,0,0,2017-04-14,75612000,6260,6,0,0,0,0,0,0,0,0,6262,91,0,0,0,0,0,0,0,0
49,2017-04-13,21:00:13,0,OI709,XZCE,6262,6256,6262,1460,91403720,303928,303666,6566,5938,6252,6278,0,6260,0,0,0,2017-04-14,75613000,6260,15,0,0,0,0,0,0,0,0,6262,82,0,0,0,0,0,0,0,0
50,2017-04-13,21:00:13,0,OI709,XZCE,6262,6256,6262,1472,92155160,303926,303666,6566,5938,6252,6278,0,6260,0,0,0,2017-04-14,75613000,6260,13,0,0,0,0,0,0,0,0,6262,85,0,0,0,0,0,0,0,0
51,2017-04-13,21:00:14,0,OI709,XZCE,6262,6256,6262,1508,94409480,303910,303666,6566,5938,6252,6278,0,6260,0,0,0,2017-04-14,75614000,6260,7,0,0,0,0,0,0,0,0,6262,81,0,0,0,0,0,0,0,0
52,2017-04-13,21:00:14,0,OI709,XZCE,6262,6256,6262,1514,94785200,303908,303666,6566,5938,6252,6278,0,6260,0,0,0,2017-04-14,75614000,6260,5,0,0,0,0,0,0,0,0,6262,86,0,0,0,0,0,0,0,0
53,2017-04-13,21:00:14,0,OI709,XZCE,6262,6256,6262,1518,95035680,303908,303666,6566,5938,6252,6278,0,6260,0,0,0,2017-04-14,75614000,6260,5,0,0,0,0,0,0,0,0,6262,84,0,0,0,0,0,0,0,0
54,2017-04-13,21:00:15,0,OI709,XZCE,6262,6256,6262,1526,95536640,303906,303666,6566,5938,6252,6278,0,6260,0,0,0,2017-04-14,75615000,6260,5,0,0,0,0,0,0,0,0,6262,92,0,0,0,0,0,0,0,0
55,2017-04-13,21:00:16,0,OI709,XZCE,6262,6256,6262,1532,95912360,303906,303666,6566,5938,6252,6278,0,6260,0,0,0,2017-04-14,75616000,6260,7,0,0,0,0,0,0,0,0,6262,90,0,0,0,0,0,0,0,0
56,2017-04-13,21:00:16,0,OI709,XZCE,6260,6256,6262,1548,96913960,303902,303666,6566,5938,6252,6278,0,6260,0,0,0,2017-04-14,75616000,6260,12,0,0,0,0,0,0,0,0,6262,89,0,0,0,0,0,0,0,0
57,2017-04-13,21:00:17,0,OI709,XZCE,6262,6256,6262,1554,97289680,303902,303666,6566,5938,6252,6278,0,6260,0,0,0,2017-04-14,75617000,6260,15,0,0,0,0,0,0,0,0,6262,86,0,0,0,0,0,0,0,0
58,2017-04-13,21:00:17,0,OI709,XZCE,6262,6256,6262,1562,97790640,303910,303666,6566,5938,6252,6278,0,6260,0,0,0,2017-04-14,75617000,6260,18,0,0,0,0,0,0,0,0,6262,78,0,0,0,0,0,0,0,0
59,2017-04-13,21:00:18,0,OI709,XZCE,6262,6256,6262,1570,98291600,303912,303666,6566,5938,6252,6278,0,6260,0,0,0,2017-04-14,75618000,6260,20,0,0,0,0,0,0,0,0,6262,74,0,0,0,0,0,0,0,0
60,2017-04-13,21:00:18,0,OI709,XZCE,6262,6256,6262,1728,108185560,303836,303666,6566,5938,6252,6278,0,6260,0,0,0,2017-04-14,75618000,6262,52,0,0,0,0,0,0,0,0,6264,81,0,0,0,0,0,0,0,0
61,2017-04-13,21:00:19,0,OI709,XZCE,6262,6256,6262,1758,110064160,303846,303666,6566,5938,6252,6278,0,6260,0,0,0,2017-04-14,75619000,6262,38,0,0,0,0,0,0,0,0,6264,84,0,0,0,0,0,0,0,0
62,2017-04-13,21:00:19,0,OI709,XZCE,6264,6256,6264,1778,111316960,303846,303666,6566,5938,6252,6278,0,6260,0,0,0,2017-04-14,75619000,6262,38,0,0,0,0,0,0,0,0,6264,75,0,0,0,0,0,0,0,0
63,2017-04-13,21:00:20,0,OI709,XZCE,6264,6256,6264,1790,112068640,303850,303666,6566,5938,6252,6278,0,6260,0,0,0,2017-04-14,75620000,6262,40,0,0,0,0,0,0,0,0,6264,65,0,0,0,0,0,0,0,0
64,2017-04-13,21:00:21,0,OI709,XZCE,6262,6256,6264,1830,114573440,303850,303666,6566,5938,6252,6278,0,6260,0,0,0,2017-04-14,75621000,6262,24,0,0,0,0,0,0,0,0,6264,76,0,0,0,0,0,0,0,0
65,2017-04-13,21:00:21,0,OI709,XZCE,6262,6256,6264,1844,115450120,303860,303666,6566,5938,6252,6278,0,6260,0,0,0,2017-04-14,75621000,6262,19,0,0,0,0,0,0,0,0,6264,74,0,0,0,0,0,0,0,0
66,2017-04-13,21:00:22,0,OI709,XZCE,6264,6256,6264,1846,115575400,303860,303666,6566,5938,6252,6278,0,6260,0,0,0,2017-04-14,75622000,6262,19,0,0,0,0,0,0,0,0,6264,75,0,0,0,0,0,0,0,0
67,2017-04-13,21:00:22,0,OI709,XZCE,6262,6256,6264,1858,116326840,303860,303666,6566,5938,6252,6278,0,6260,0,0,0,2017-04-14,75622000,6262,14,0,0,0,0,0,0,0,0,6264,74,0,0,0,0,0,0,0,0
68,2017-04-13,21:00:23,0,OI709,XZCE,6262,6256,6264,1858,116326840,303860,303666,6566,5938,6252,6278,0,6260,0,0,0,2017-04-14,75623000,6262,16,0,0,0,0,0,0,0,0,6264,74,0,0,0,0,0,0,0,0
69,2017-04-13,21:00:23,0,OI709,XZCE,6262,6256,6264,1858,116326840,303860,303666,6566,5938,6252,6278,0,6260,0,0,0,2017-04-14,75623000,6262,16,0,0,0,0,0,0,0,0,6264,72,0,0,0,0,0,0,0,0
70,2017-04-13,21:00:24,0,OI709,XZCE,6264,6256,6264,1882,117830200,303856,303666,6566,5938,6252,6278,0,6260,0,0,0,2017-04-14,75624000,6262,6,0,0,0,0,0,0,0,0,6264,71,0,0,0,0,0,0,0,0
71,2017-04-13,21:00:24,0,OI709,XZCE,6264,6256,6264,1884,117955480,303856,303666,6566,5938,6252,6278,0,6260,0,0,0,2017-04-14,75624000,6262,8,0,0,0,0,0,0,0,0,6264,73,0,0,0,0,0,0,0,0
72,2017-04-13,21:00:25,0,OI709,XZCE,6264,6256,6264,1884,117955480,303856,303666,6566,5938,6252,6278,0,6260,0,0,0,2017-04-14,75625000,6262,11,0,0,0,0,0,0,0,0,6264,74,0,0,0,0,0,0,0,0
73,2017-04-13,21:00:25,0,OI709,XZCE,6262,6256,6264,1890,118331200,303858,303666,6566,5938,6252,6278,0,6260,0,0,0,2017-04-14,75625000,6262,7,0,0,0,0,0,0,0,0,6264,72,0,0,0,0,0,0,0,0
74,2017-04-13,21:00:26,0,OI709,XZCE,6262,6256,6264,1906,119333120,303866,303666,6566,5938,6252,6278,0,6260,0,0,0,2017-04-14,75626000,6262,3,0,0,0,0,0,0,0,0,6264,70,0,0,0,0,0,0,0,0
75,2017-04-13,21:00:26,0,OI709,XZCE,6262,6256,6264,1912,119708840,303866,303666,6566,5938,6252,6278,0,6260,0,0,0,2017-04-14,75626000,6260,35,0,0,0,0,0,0,0,0,6262,42,0,0,0,0,0,0,0,0
76,2017-04-13,21:00:26,0,OI709,XZCE,6262,6256,6264,1914,119834080,303866,303666,6566,5938,6252,6278,0,6260,0,0,0,2017-04-14,75626000,6260,36,0,0,0,0,0,0,0,0,6262,42,0,0,0,0,0,0,0,0
77,2017-04-13,21:00:27,0,OI709,XZCE,6262,6256,6264,1916,119959320,303866,303666,6566,5938,6252,6278,0,6260,0,0,0,2017-04-14,75627000,6260,32,0,0,0,0,0,0,0,0,6262,51,0,0,0,0,0,0,0,0
78,2017-04-13,21:00:28,0,OI709,XZCE,6262,6256,6264,1940,121462200,303862,303666,6566,5938,6252,6278,0,6260,0,0,0,2017-04-14,75628000,6260,23,0,0,0,0,0,0,0,0,6262,49,0,0,0,0,0,0,0,0
79,2017-04-13,21:00:29,0,OI709,XZCE,6260,6256,6264,1990,124592200,303856,303666,6566,5938,6252,6278,0,6260,0,0,0,2017-04-14,75629000,6258,23,0,0,0,0,0,0,0,0,6260,22,0,0,0,0,0,0,0,0
80,2017-04-13,21:00:29,0,OI709,XZCE,6260,6256,6264,2002,125343400,303856,303666,6566,5938,6252,6278,0,6260,0,0,0,2017-04-14,75629000,6258,25,0,0,0,0,0,0,0,0,6260,15,0,0,0,0,0,0,0,0
81,2017-04-13,21:00:30,0,OI709,XZCE,6260,6256,6264,2006,125593800,303858,303666,6566,5938,6252,6278,0,6260,0,0,0,2017-04-14,75630000,6258,24,0,0,0,0,0,0,0,0,6260,14,0,0,0,0,0,0,0,0
82,2017-04-13,21:00:31,0,OI709,XZCE,6260,6256,6264,2024,126720600,303858,303666,6566,5938,6252,6278,0,6260,0,0,0,2017-04-14,75631000,6258,24,0,0,0,0,0,0,0,0,6260,5,0,0,0,0,0,0,0,0
83,2017-04-13,21:00:31,0,OI709,XZCE,6260,6256,6264,2030,127096200,303858,303666,6566,5938,6252,6278,0,6260,0,0,0,2017-04-14,75631000,6258,25,0,0,0,0,0,0,0,0,6260,9,0,0,0,0,0,0,0,0
84,2017-04-13,21:00:31,0,OI709,XZCE,6258,6256,6264,2034,127346520,303858,303666,6566,5938,6252,6278,0,6260,0,0,0,2017-04-14,75631000,6258,23,0,0,0,0,0,0,0,0,6260,9,0,0,0,0,0,0,0,0
85,2017-04-13,21:00:32,0,OI709,XZCE,6260,6256,6264,2040,127722120,303858,303666,6566,5938,6252,6278,0,6260,0,0,0,2017-04-14,75632000,6258,18,0,0,0,0,0,0,0,0,6260,39,0,0,0,0,0,0,0,0
86,2017-04-13,21:00:33,0,OI709,XZCE,6258,6256,6264,2072,129724680,303842,303666,6566,5938,6252,6278,0,6260,0,0,0,2017-04-14,75633000,6258,17,0,0,0,0,0,0,0,0,6260,74,0,0,0,0,0,0,0,0
87,2017-04-13,21:00:33,0,OI709,XZCE,6258,6256,6264,2092,130976280,303828,303666,6566,5938,6252,6278,0,6260,0,0,0,2017-04-14,75633000,6258,9,0,0,0,0,0,0,0,0,6260,75,0,0,0,0,0,0,0,0
88,2017-04-13,21:00:34,0,OI709,XZCE,6260,6256,6264,2108,131977880,303830,303666,6566,5938,6252,6278,0,6260,0,0,0,2017-04-14,75634000,6258,8,0,0,0,0,0,0,0,0,6260,70,0,0,0,0,0,0,0,0
89,2017-04-13,21:00:34,0,OI709,XZCE,6258,6256,6264,2110,132103040,303830,303666,6566,5938,6252,6278,0,6260,0,0,0,2017-04-14,75634000,6258,5,0,0,0,0,0,0,0,0,6260,70,0,0,0,0,0,0,0,0
90,2017-04-13,21:00:35,0,OI709,XZCE,6260,6256,6264,2114,132353440,303830,303666,6566,5938,6252,6278,0,6260,0,0,0,2017-04-14,75635000,6258,10,0,0,0,0,0,0,0,0,6260,69,0,0,0,0,0,0,0,0
91,2017-04-13,21:00:35,0,OI709,XZCE,6258,6256,6264,2116,132478600,303828,303666,6566,5938,6252,6278,0,6260,0,0,0,2017-04-14,75635000,6258,9,0,0,0,0,0,0,0,0,6260,70,0,0,0,0,0,0,0,0
92,2017-04-13,21:00:36,0,OI709,XZCE,6258,6256,6264,2118,132603760,303828,303666,6566,5938,6252,6278,0,6260,0,0,0,2017-04-14,75636000,6258,10,0,0,0,0,0,0,0,0,6260,71,0,0,0,0,0,0,0,0
93,2017-04-13,21:00:36,0,OI709,XZCE,6258,6256,6264,2118,132603760,303828,303666,6566,5938,6252,6278,0,6260,0,0,0,2017-04-14,75636000,6258,11,0,0,0,0,0,0,0,0,6260,71,0,0,0,0,0,0,0,0
94,2017-04-13,21:00:37,0,OI709,XZCE,6258,6256,6264,2124,132979240,303822,303666,6566,5938,6252,6278,0,6260,0,0,0,2017-04-14,75637000,6258,23,0,0,0,0,0,0,0,0,6260,69,0,0,0,0,0,0,0,0
95,2017-04-13,21:00:37,0,OI709,XZCE,6258,6256,6264,2124,132979240,303822,303666,6566,5938,6252,6278,0,6260,0,0,0,2017-04-14,75637000,6258,24,0,0,0,0,0,0,0,0,6260,69,0,0,0,0,0,0,0,0
96,2017-04-13,21:00:38,0,OI709,XZCE,6258,6256,6264,2124,132979240,303822,303666,6566,5938,6252,6278,0,6260,0,0,0,2017-04-14,75638000,6258,24,0,0,0,0,0,0,0,0,6260,71,0,0,0,0,0,0,0,0
97,2017-04-13,21:00:38,0,OI709,XZCE,6258,6256,6264,2124,132979240,303822,303666,6566,5938,6252,6278,0,6260,0,0,0,2017-04-14,75638000,6258,32,0,0,0,0,0,0,0,0,6260,71,0,0,0,0,0,0,0,0
98,2017-04-13,21:00:39,0,OI709,XZCE,6260,6256,6264,2126,133104440,303822,303666,6566,5938,6252,6278,0,6260,0,0,0,2017-04-14,75639000,6258,34,0,0,0,0,0,0,0,0,6260,65,0,0,0,0,0,0,0,0
99,2017-04-13,21:00:39,0,OI709,XZCE,6258,6256,6264,2128,133229600,303820,303666,6566,5938,6252,6278,0,6260,0,0,0,2017-04-14,75639000,6258,34,0,0,0,0,0,0,0,0,6260,65,0,0,0,0,0,0,0,0
100,2017-04-13,21:00:40,0,OI709,XZCE,6260,6256,6264,2132,133480000,303818,303666,6566,5938,6252,6278,0,6260,0,0,0,2017-04-14,75640000,6258,32,0,0,0,0,0,0,0,0,6260,70,0,0,0,0,0,0,0,0
101,2017-04-13,21:00:40,0,OI709,XZCE,6260,6256,6264,2132,133480000,303818,303666,6566,5938,6252,6278,0,6260,0,0,0,2017-04-14,75640000,6258,34,0,0,0,0,0,0,0,0,6260,70,0,0,0,0,0,0,0,0
102,2017-04-13,21:00:40,0,OI709,XZCE,6260,6256,6264,2142,134106000,303808,303666,6566,5938,6252,6278,0,6260,0,0,0,2017-04-14,75640000,6258,36,0,0,0,0,0,0,0,0,6260,60,0,0,0,0,0,0,0,0
103,2017-04-13,21:00:41,0,OI709,XZCE,6260,6256,6264,2144,134231200,303808,303666,6566,5938,6252,6278,0,6260,0,0,0,2017-04-14,75641000,6258,36,0,0,0,0,0,0,0,0,6260,59,0,0,0,0,0,0,0,0
104,2017-04-13,21:00:42,0,OI709,XZCE,6258,6256,6264,2146,134356360,303806,303666,6566,5938,6252,6278,0,6260,0,0,0,2017-04-14,75642000,6258,37,0,0,0,0,0,0,0,0,6260,58,0,0,0,0,0,0,0,0
105,2017-04-13,21:00:42,0,OI709,XZCE,6260,6256,6264,2158,135107560,303794,303666,6566,5938,6252,6278,0,6260,0,0,0,2017-04-14,75642000,6258,37,0,0,0,0,0,0,0,0,6260,54,0,0,0,0,0,0,0,0
106,2017-04-13,21:00:43,0,OI709,XZCE,6260,6256,6264,2164,135483160,303794,303666,6566,5938,6252,6278,0,6260,0,0,0,2017-04-14,75643000,6258,37,0,0,0,0,0,0,0,0,6260,50,0,0,0,0,0,0,0,0
107,2017-04-13,21:00:43,0,OI709,XZCE,6260,6256,6264,2170,135858760,303794,303666,6566,5938,6252,6278,0,6260,0,0,0,2017-04-14,75643000,6258,36,0,0,0,0,0,0,0,0,6260,48,0,0,0,0,0,0,0,0
108,2017-04-13,21:00:43,0,OI709,XZCE,6260,6256,6264,2172,135983960,303792,303666,6566,5938,6252,6278,0,6260,0,0,0,2017-04-14,75643000,6258,38,0,0,0,0,0,0,0,0,6260,47,0,0,0,0,0,0,0,0
109,2017-04-13,21:00:44,0,OI709,XZCE,6258,6256,6264,2174,136109120,303794,303666,6566,5938,6252,6278,0,6260,0,0,0,2017-04-14,75644000,6258,37,0,0,0,0,0,0,0,0,6260,47,0,0,0,0,0,0,0,0
110,2017-04-13,21:00:45,0,OI709,XZCE,6258,6256,6264,2180,136484600,303792,303666,6566,5938,6252,6278,0,6260,0,0,0,2017-04-14,75645000,6258,36,0,0,0,0,0,0,0,0,6260,45,0,0,0,0,0,0,0,0
111,2017-04-13,21:00:45,0,OI709,XZCE,6258,6256,6264,2180,136484600,303792,303666,6566,5938,6252,6278,0,6260,0,0,0,2017-04-14,75645000,6258,58,0,0,0,0,0,0,0,0,6260,46,0,0,0,0,0,0,0,0
112,2017-04-13,21:00:46,0,OI709,XZCE,6258,6256,6264,2188,136985240,303788,303666,6566,5938,6252,6278,0,6260,0,0,0,2017-04-14,75646000,6258,56,0,0,0,0,0,0,0,0,6260,46,0,0,0,0,0,0,0,0
113,2017-04-13,21:00:46,0,OI709,XZCE,6258,6256,6264,2190,137110400,303788,303666,6566,5938,6252,6278,0,6260,0,0,0,2017-04-14,75646000,6258,61,0,0,0,0,0,0,0,0,6260,46,0,0,0,0,0,0,0,0
114,2017-04-13,21:00:47,0,OI709,XZCE,6258,6256,6264,2206,138111680,303774,303666,6566,5938,6252,6278,0,6260,0,0,0,2017-04-14,75647000,6258,59,0,0,0,0,0,0,0,0,6260,54,0,0,0,0,0,0,0,0
115,2017-04-13,21:00:48,0,OI709,XZCE,6258,6256,6264,2206,138111680,303774,303666,6566,5938,6252,6278,0,6260,0,0,0,2017-04-14,75648000,6258,60,0,0,0,0,0,0,0,0,6260,54,0,0,0,0,0,0,0,0
116,2017-04-13,21:00:49,0,OI709,XZCE,6258,6256,6264,2210,138362000,303774,303666,6566,5938,6252,6278,0,6260,0,0,0,2017-04-14,75649000,6258,58,0,0,0,0,0,0,0,0,6260,54,0,0,0,0,0,0,0,0
117,2017-04-13,21:00:49,0,OI709,XZCE,6260,6256,6264,2212,138487200,303772,303666,6566,5938,6252,6278,0,6260,0,0,0,2017-04-14,75649000,6258,58,0,0,0,0,0,0,0,0,6260,53,0,0,0,0,0,0,0,0
118,2017-04-13,21:00:50,0,OI709,XZCE,6260,6256,6264,2212,138487200,303772,303666,6566,5938,6252,6278,0,6260,0,0,0,2017-04-14,75650000,6258,59,0,0,0,0,0,0,0,0,6260,53,0,0,0,0,0,0,0,0
119,2017-04-13,21:00:51,0,OI709,XZCE,6258,6256,6264,2216,138737520,303772,303666,6566,5938,6252,6278,0,6260,0,0,0,2017-04-14,75651000,6258,58,0,0,0,0,0,0,0,0,6260,52,0,0,0,0,0,0,0,0
120,2017-04-13,21:00:51,0,OI709,XZCE,6260,6256,6264,2330,145873920,303770,303666,6566,5938,6252,6278,0,6260,0,0,0,2017-04-14,75651000,6260,51,0,0,0,0,0,0,0,0,6262,12,0,0,0,0,0,0,0,0
121,2017-04-13,21:00:52,0,OI709,XZCE,6260,6256,6264,2344,146750320,303774,303666,6566,5938,6252,6278,0,6260,0,0,0,2017-04-14,75652000,6260,48,0,0,0,0,0,0,0,0,6262,13,0,0,0,0,0,0,0,0
122,2017-04-13,21:00:52,0,OI709,XZCE,6260,6256,6264,2352,147251120,303774,303666,6566,5938,6252,6278,0,6260,0,0,0,2017-04-14,75652000,6260,44,0,0,0,0,0,0,0,0,6262,18,0,0,0,0,0,0,0,0
123,2017-04-13,21:00:53,0,OI709,XZCE,6260,6256,6264,2354,147376320,303774,303666,6566,5938,6252,6278,0,6260,0,0,0,2017-04-14,75653000,6260,43,0,0,0,0,0,0,0,0,6262,18,0,0,0,0,0,0,0,0
124,2017-04-13,21:00:54,0,OI709,XZCE,6260,6256,6264,2354,147376320,303774,303666,6566,5938,6252,6278,0,6260,0,0,0,2017-04-14,75654000,6260,42,0,0,0,0,0,0,0,0,6262,18,0,0,0,0,0,0,0,0
125,2017-04-13,21:00:54,0,OI709,XZCE,6260,6256,6264,2354,147376320,303774,303666,6566,5938,6252,6278,0,6260,0,0,0,2017-04-14,75654000,6260,44,0,0,0,0,0,0,0,0,6262,18,0,0,0,0,0,0,0,0
126,2017-04-13,21:00:54,0,OI709,XZCE,6260,6256,6264,2354,147376320,303774,303666,6566,5938,6252,6278,0,6260,0,0,0,2017-04-14,75654000,6260,48,0,0,0,0,0,0,0,0,6262,18,0,0,0,0,0,0,0,0
127,2017-04-13,21:00:55,0,OI709,XZCE,6260,6256,6264,2354,147376320,303774,303666,6566,5938,6252,6278,0,6260,0,0,0,2017-04-14,75655000,6260,46,0,0,0,0,0,0,0,0,6262,28,0,0,0,0,0,0,0,0
128,2017-04-13,21:00:55,0,OI709,XZCE,6260,6256,6264,2354,147376320,303774,303666,6566,5938,6252,6278,0,6260,0,0,0,2017-04-14,75655000,6260,47,0,0,0,0,0,0,0,0,6262,28,0,0,0,0,0,0,0,0
129,2017-04-13,21:00:56,0,OI709,XZCE,6260,6256,6264,2354,147376320,303774,303666,6566,5938,6252,6278,0,6260,0,0,0,2017-04-14,75656000,6260,47,0,0,0,0,0,0,0,0,6262,29,0,0,0,0,0,0,0,0
130,2017-04-13,21:00:58,0,OI709,XZCE,6260,6256,6264,2422,151633120,303764,303666,6566,5938,6252,6278,0,6260,0,0,0,2017-04-14,75658000,6260,16,0,0,0,0,0,0,0,0,6262,29,0,0,0,0,0,0,0,0
131,2017-04-13,21:00:59,0,OI709,XZCE,6260,6256,6264,2438,152634720,303758,303666,6566,5938,6252,6278,0,6260,0,0,0,2017-04-14,75659000,6260,28,0,0,0,0,0,0,0,0,6262,29,0,0,0,0,0,0,0,0
132,2017-04-13,21:01:00,0,OI709,XZCE,6260,6256,6264,2444,153010320,303764,303666,6566,5938,6252,6278,0,6260,0,0,0,2017-04-14,75660000,6260,26,0,0,0,0,0,0,0,0,6262,29,0,0,0,0,0,0,0,0
133,2017-04-13,21:01:01,0,OI709,XZCE,6260,6256,6264,2508,157016720,303806,303666,6566,5938,6252,6278,0,6260,0,0,0,2017-04-14,75661000,6258,132,0,0,0,0,0,0,0,0,6260,480,0,0,0,0,0,0,0,0
134,2017-04-13,21:01:01,0,OI709,XZCE,6260,6256,6264,2518,157642720,303806,303666,6566,5938,6252,6278,0,6260,0,0,0,2017-04-14,75661000,6258,132,0,0,0,0,0,0,0,0,6260,488,0,0,0,0,0,0,0,0
135,2017-04-13,21:01:02,0,OI709,XZCE,6260,6256,6264,2524,158018320,303808,303666,6566,5938,6252,6278,0,6260,0,0,0,2017-04-14,75662000,6258,130,0,0,0,0,0,0,0,0,6260,486,0,0,0,0,0,0,0,0
136,2017-04-13,21:01:02,0,OI709,XZCE,6260,6256,6264,2524,158018320,303808,303666,6566,5938,6252,6278,0,6260,0,0,0,2017-04-14,75662000,6258,131,0,0,0,0,0,0,0,0,6260,489,0,0,0,0,0,0,0,0
137,2017-04-13,21:01:03,0,OI709,XZCE,6258,6256,6264,2536,158769280,303800,303666,6566,5938,6252,6278,0,6260,0,0,0,2017-04-14,75663000,6258,124,0,0,0,0,0,0,0,0,6260,489,0,0,0,0,0,0,0,0
138,2017-04-13,21:01:03,0,OI709,XZCE,6258,6256,6264,2540,159019600,303804,303666,6566,5938,6252,6278,0,6260,0,0,0,2017-04-14,75663000,6258,40,0,0,0,0,0,0,0,0,6260,494,0,0,0,0,0,0,0,0
139,2017-04-13,21:01:04,0,OI709,XZCE,6258,6256,6264,2628,164526640,303818,303666,6566,5938,6252,6278,0,6260,0,0,0,2017-04-14,75664000,6256,42,0,0,0,0,0,0,0,0,6258,38,0,0,0,0,0,0,0,0
140,2017-04-13,21:01:04,0,OI709,XZCE,6256,6256,6264,2666,166903920,303846,303666,6566,5938,6252,6278,0,6260,0,0,0,2017-04-14,75664000,6256,25,0,0,0,0,0,0,0,0,6258,48,0,0,0,0,0,0,0,0
141,2017-04-13,21:01:04,0,OI709,XZCE,6256,6256,6264,2674,167404400,303846,303666,6566,5938,6252,6278,0,6260,0,0,0,2017-04-14,75664000,6256,23,0,0,0,0,0,0,0,0,6258,49,0,0,0,0,0,0,0,0
142,2017-04-13,21:01:05,0,OI709,XZCE,6256,6256,6264,2678,167654640,303848,303666,6566,5938,6252,6278,0,6260,0,0,0,2017-04-14,75665000,6256,26,0,0,0,0,0,0,0,0,6258,51,0,0,0,0,0,0,0,0
143,2017-04-13,21:01:06,0,OI709,XZCE,6256,6256,6264,2678,167654640,303848,303666,6566,5938,6252,6278,0,6260,0,0,0,2017-04-14,75666000,6256,50,0,0,0,0,0,0,0,0,6258,52,0,0,0,0,0,0,0,0
144,2017-04-13,21:01:06,0,OI709,XZCE,6258,6256,6264,2680,167779800,303848,303666,6566,5938,6252,6278,0,6260,0,0,0,2017-04-14,75666000,6256,53,0,0,0,0,0,0,0,0,6258,55,0,0,0,0,0,0,0,0
145,2017-04-13,21:01:07,0,OI709,XZCE,6258,6256,6264,2690,168405600,303846,303666,6566,5938,6252,6278,0,6260,0,0,0,2017-04-14,75667000,6256,58,0,0,0,0,0,0,0,0,6258,51,0,0,0,0,0,0,0,0
146,2017-04-13,21:01:07,0,OI709,XZCE,6256,6256,6264,2696,168780960,303846,303666,6566,5938,6252,6278,0,6260,0,0,0,2017-04-14,75667000,6256,57,0,0,0,0,0,0,0,0,6258,46,0,0,0,0,0,0,0,0
147,2017-04-13,21:01:08,0,OI709,XZCE,6256,6256,6264,2704,169281440,303844,303666,6566,5938,6252,6278,0,6260,0,0,0,2017-04-14,75668000,6256,54,0,0,0,0,0,0,0,0,6258,42,0,0,0,0,0,0,0,0
148,2017-04-13,21:01:08,0,OI709,XZCE,6256,6256,6264,2716,170032160,303840,303666,6566,5938,6252,6278,0,6260,0,0,0,2017-04-14,75668000,6256,50,0,0,0,0,0,0,0,0,6258,36,0,0,0,0,0,0,0,0
149,2017-04-13,21:01:09,0,OI709,XZCE,6258,6256,6264,2718,170157320,303840,303666,6566,5938,6252,6278,0,6260,0,0,0,2017-04-14,75669000,6256,55,0,0,0,0,0,0,0,0,6258,34,0,0,0,0,0,0,0,0
150,2017-04-13,21:01:09,0,OI709,XZCE,6256,6256,6264,2720,170282440,303840,303666,6566,5938,6252,6278,0,6260,0,0,0,2017-04-14,75669000,6256,54,0,0,0,0,0,0,0,0,6258,35,0,0,0,0,0,0,0,0
151,2017-04-13,21:01:10,0,OI709,XZCE,6256,6256,6264,2720,170282440,303840,303666,6566,5938,6252,6278,0,6260,0,0,0,2017-04-14,75670000,6256,55,0,0,0,0,0,0,0,0,6258,35,0,0,0,0,0,0,0,0
152,2017-04-13,21:01:11,0,OI709,XZCE,6258,6256,6264,2722,170407600,303840,303666,6566,5938,6252,6278,0,6260,0,0,0,2017-04-14,75671000,6256,54,0,0,0,0,0,0,0,0,6258,39,0,0,0,0,0,0,0,0
153,2017-04-13,21:01:11,0,OI709,XZCE,6256,6256,6264,2724,170532720,303842,303666,6566,5938,6252,6278,0,6260,0,0,0,2017-04-14,75671000,6256,53,0,0,0,0,0,0,0,0,6258,39,0,0,0,0,0,0,0,0
154,2017-04-13,21:01:11,0,OI709,XZCE,6256,6256,6264,2744,171783920,303842,303666,6566,5938,6252,6278,0,6260,0,0,0,2017-04-14,75671000,6256,43,0,0,0,0,0,0,0,0,6258,40,0,0,0,0,0,0,0,0
155,2017-04-13,21:01:13,0,OI709,XZCE,6258,6256,6264,2748,172034240,303842,303666,6566,5938,6252,6278,0,6260,0,0,0,2017-04-14,75673000,6256,42,0,0,0,0,0,0,0,0,6258,38,0,0,0,0,0,0,0,0
156,2017-04-13,21:01:13,0,OI709,XZCE,6256,6256,6264,2754,172409600,303844,303666,6566,5938,6252,6278,0,6260,0,0,0,2017-04-14,75673000,6256,40,0,0,0,0,0,0,0,0,6258,37,0,0,0,0,0,0,0,0
157,2017-04-13,21:01:14,0,OI709,XZCE,6256,6256,6264,2756,172534720,303842,303666,6566,5938,6252,6278,0,6260,0,0,0,2017-04-14,75674000,6256,39,0,0,0,0,0,0,0,0,6258,38,0,0,0,0,0,0,0,0
158,2017-04-13,21:01:14,0,OI709,XZCE,6258,6256,6264,2760,172785040,303842,303666,6566,5938,6252,6278,0,6260,0,0,0,2017-04-14,75674000,6256,39,0,0,0,0,0,0,0,0,6258,36,0,0,0,0,0,0,0,0
159,2017-04-13,21:01:15,0,OI709,XZCE,6256,6256,6264,2764,173035280,303840,303666,6566,5938,6252,6278,0,6260,0,0,0,2017-04-14,75675000,6256,38,0,0,0,0,0,0,0,0,6258,47,0,0,0,0,0,0,0,0
160,2017-04-13,21:01:15,0,OI709,XZCE,6256,6256,6264,2764,173035280,303840,303666,6566,5938,6252,6278,0,6260,0,0,0,2017-04-14,75675000,6256,40,0,0,0,0,0,0,0,0,6258,42,0,0,0,0,0,0,0,0
161,2017-04-13,21:01:16,0,OI709,XZCE,6258,6256,6264,2848,178292000,303898,303666,6566,5938,6252,6278,0,6260,0,0,0,2017-04-14,75676000,6258,40,0,0,0,0,0,0,0,0,6260,540,0,0,0,0,0,0,0,0
162,2017-04-13,21:01:16,0,OI709,XZCE,6260,6256,6264,2872,179794400,303918,303666,6566,5938,6252,6278,0,6260,0,0,0,2017-04-14,75676000,6258,42,0,0,0,0,0,0,0,0,6260,534,0,0,0,0,0,0,0,0
163,2017-04-13,21:01:17,0,OI709,XZCE,6260,6256,6264,2872,179794400,303918,303666,6566,5938,6252,6278,0,6260,0,0,0,2017-04-14,75677000,6258,11,0,0,0,0,0,0,0,0,6260,533,0,0,0,0,0,0,0,0
164,2017-04-13,21:01:17,0,OI709,XZCE,6260,6256,6264,2872,179794400,303918,303666,6566,5938,6252,6278,0,6260,0,0,0,2017-04-14,75677000,6258,10,0,0,0,0,0,0,0,0,6260,533,0,0,0,0,0,0,0,0
165,2017-04-13,21:01:18,0,OI709,XZCE,6260,6256,6264,2872,179794400,303918,303666,6566,5938,6252,6278,0,6260,0,0,0,2017-04-14,75678000,6258,10,0,0,0,0,0,0,0,0,6260,534,0,0,0,0,0,0,0,0
166,2017-04-13,21:01:18,0,OI709,XZCE,6260,6256,6264,2884,180545600,303930,303666,6566,5938,6252,6278,0,6260,0,0,0,2017-04-14,75678000,6258,13,0,0,0,0,0,0,0,0,6260,528,0,0,0,0,0,0,0,0
167,2017-04-13,21:01:19,0,OI709,XZCE,6258,6256,6264,2886,180670760,303932,303666,6566,5938,6252,6278,0,6260,0,0,0,2017-04-14,75679000,6258,12,0,0,0,0,0,0,0,0,6260,528,0,0,0,0,0,0,0,0
168,2017-04-13,21:01:19,0,OI709,XZCE,6258,6256,6264,2912,182297840,303952,303666,6566,5938,6252,6278,0,6260,0,0,0,2017-04-14,75679000,6256,49,0,0,0,0,0,0,0,0,6258,28,0,0,0,0,0,0,0,0
169,2017-04-13,21:01:20,0,OI709,XZCE,6258,6256,6264,2916,182548160,303948,303666,6566,5938,6252,6278,0,6260,0,0,0,2017-04-14,75680000,6256,50,0,0,0,0,0,0,0,0,6258,26,0,0,0,0,0,0,0,0
170,2017-04-13,21:01:20,0,OI709,XZCE,6258,6256,6264,2918,182673320,303948,303666,6566,5938,6252,6278,0,6260,0,0,0,2017-04-14,75680000,6256,44,0,0,0,0,0,0,0,0,6258,29,0,0,0,0,0,0,0,0
171,2017-04-13,21:01:21,0,OI709,XZCE,6258,6256,6264,2922,182923640,303944,303666,6566,5938,6252,6278,0,6260,0,0,0,2017-04-14,75681000,6256,42,0,0,0,0,0,0,0,0,6258,36,0,0,0,0,0,0,0,0
172,2017-04-13,21:01:22,0,OI709,XZCE,6258,6256,6264,2924,183048800,303942,303666,6566,5938,6252,6278,0,6260,0,0,0,2017-04-14,75682000,6256,44,0,0,0,0,0,0,0,0,6258,35,0,0,0,0,0,0,0,0
173,2017-04-13,21:01:22,0,OI709,XZCE,6256,6256,6264,2926,183173920,303942,303666,6566,5938,6252,6278,0,6260,0,0,0,2017-04-14,75682000,6256,43,0,0,0,0,0,0,0,0,6258,35,0,0,0,0,0,0,0,0
174,2017-04-13,21:01:23,0,OI709,XZCE,6258,6256,6264,2936,183799720,303940,303666,6566,5938,6252,6278,0,6260,0,0,0,2017-04-14,75683000,6256,53,0,0,0,0,0,0,0,0,6258,30,0,0,0,0,0,0,0,0
175,2017-04-13,21:01:23,0,OI709,XZCE,6258,6256,6264,2940,184050040,303940,303666,6566,5938,6252,6278,0,6260,0,0,0,2017-04-14,75683000,6256,53,0,0,0,0,0,0,0,0,6258,28,0,0,0,0,0,0,0,0
176,2017-04-13,21:01:24,0,OI709,XZCE,6258,6256,6264,2940,184050040,303940,303666,6566,5938,6252,6278,0,6260,0,0,0,2017-04-14,75684000,6256,70,0,0,0,0,0,0,0,0,6258,23,0,0,0,0,0,0,0,0
177,2017-04-13,21:01:24,0,OI709,XZCE,6258,6256,6264,2940,184050040,303940,303666,6566,5938,6252,6278,0,6260,0,0,0,2017-04-14,75684000,6256,71,0,0,0,0,0,0,0,0,6258,23,0,0,0,0,0,0,0,0
178,2017-04-13,21:01:25,0,OI709,XZCE,6256,6256,6264,2944,184300280,303940,303666,6566,5938,6252,6278,0,6260,0,0,0,2017-04-14,75685000,6256,71,0,0,0,0,0,0,0,0,6258,20,0,0,0,0,0,0,0,0
179,2017-04-13,21:01:25,0,OI709,XZCE,6258,6256,6264,2992,187304120,303948,303666,6566,5938,6252,6278,0,6260,0,0,0,2017-04-14,75685000,6258,14,0,0,0,0,0,0,0,0,6260,540,0,0,0,0,0,0,0,0
180,2017-04-13,21:01:26,0,OI709,XZCE,6258,6256,6264,2992,187304120,303948,303666,6566,5938,6252,6278,0,6260,0,0,0,2017-04-14,75686000,6258,15,0,0,0,0,0,0,0,0,6260,540,0,0,0,0,0,0,0,0
181,2017-04-13,21:01:26,0,OI709,XZCE,6258,6256,6264,2994,187429280,303948,303666,6566,5938,6252,6278,0,6260,0,0,0,2017-04-14,75686000,6258,17,0,0,0,0,0,0,0,0,6260,540,0,0,0,0,0,0,0,0
182,2017-04-13,21:01:26,0,OI709,XZCE,6260,6256,6264,2996,187554480,303948,303666,6566,5938,6252,6278,0,6260,0,0,0,2017-04-14,75686000,6258,17,0,0,0,0,0,0,0,0,6260,539,0,0,0,0,0,0,0,0
183,2017-04-13,21:01:27,0,OI709,XZCE,6258,6256,6264,2998,187679640,303950,303666,6566,5938,6252,6278,0,6260,0,0,0,2017-04-14,75687000,6258,17,0,0,0,0,0,0,0,0,6260,539,0,0,0,0,0,0,0,0
184,2017-04-13,21:01:28,0,OI709,XZCE,6258,6256,6264,2998,187679640,303950,303666,6566,5938,6252,6278,0,6260,0,0,0,2017-04-14,75688000,6258,18,0,0,0,0,0,0,0,0,6260,539,0,0,0,0,0,0,0,0
185,2017-04-13,21:01:28,0,OI709,XZCE,6260,6256,6264,3000,187804840,303952,303666,6566,5938,6252,6278,0,6260,0,0,0,2017-04-14,75688000,6258,18,0,0,0,0,0,0,0,0,6260,538,0,0,0,0,0,0,0,0
186,2017-04-13,21:01:29,0,OI709,XZCE,6258,6256,6264,3014,188680960,303952,303666,6566,5938,6252,6278,0,6260,0,0,0,2017-04-14,75689000,6256,73,0,0,0,0,0,0,0,0,6258,20,0,0,0,0,0,0,0,0
187,2017-04-13,21:01:29,0,OI709,XZCE,6258,6256,6264,3054,191184160,303932,303666,6566,5938,6252,6278,0,6260,0,0,0,2017-04-14,75689000,6256,120,0,0,0,0,0,0,0,0,6260,533,0,0,0,0,0,0,0,0
188,2017-04-13,21:01:30,0,OI709,XZCE,6258,6256,6264,3060,191559640,303934,303666,6566,5938,6252,6278,0,6260,0,0,0,2017-04-14,75690000,6258,2,0,0,0,0,0,0,0,0,6260,533,0,0,0,0,0,0,0,0
189,2017-04-13,21:01:30,0,OI709,XZCE,6258,6256,6264,3076,192560920,303944,303666,6566,5938,6252,6278,0,6260,0,0,0,2017-04-14,75690000,6256,119,0,0,0,0,0,0,0,0,6258,13,0,0,0,0,0,0,0,0
190,2017-04-13,21:01:30,0,OI709,XZCE,6258,6256,6264,3076,192560920,303944,303666,6566,5938,6252,6278,0,6260,0,0,0,2017-04-14,75690000,6256,119,0,0,0,0,0,0,0,0,6258,17,0,0,0,0,0,0,0,0
191,2017-04-13,21:01:31,0,OI709,XZCE,6260,6256,6264,3126,195690920,303934,303666,6566,5938,6252,6278,0,6260,0,0,0,2017-04-14,75691000,6256,95,0,0,0,0,0,0,0,0,6260,530,0,0,0,0,0,0,0,0
192,2017-04-13,21:01:32,0,OI709,XZCE,6260,6256,6264,3126,195690920,303934,303666,6566,5938,6252,6278,0,6260,0,0,0,2017-04-14,75692000,6258,9,0,0,0,0,0,0,0,0,6260,530,0,0,0,0,0,0,0,0
193,2017-04-13,21:01:32,0,OI709,XZCE,6260,6256,6264,3130,195941320,303938,303666,6566,5938,6252,6278,0,6260,0,0,0,2017-04-14,75692000,6258,15,0,0,0,0,0,0,0,0,6260,528,0,0,0,0,0,0,0,0
194,2017-04-13,21:01:33,0,OI709,XZCE,6260,6256,6264,3130,195941320,303938,303666,6566,5938,6252,6278,0,6260,0,0,0,2017-04-14,75693000,6258,17,0,0,0,0,0,0,0,0,6260,528,0,0,0,0,0,0,0,0
195,2017-04-13,21:01:33,0,OI709,XZCE,6258,6256,6264,3134,196191640,303940,303666,6566,5938,6252,6278,0,6260,0,0,0,2017-04-14,75693000,6258,17,0,0,0,0,0,0,0,0,6260,528,0,0,0,0,0,0,0,0
196,2017-04-13,21:01:34,0,OI709,XZCE,6258,6256,6264,3134,196191640,303940,303666,6566,5938,6252,6278,0,6260,0,0,0,2017-04-14,75694000,6258,13,0,0,0,0,0,0,0,0,6260,527,0,0,0,0,0,0,0,0
197,2017-04-13,21:01:34,0,OI709,XZCE,6258,6256,6264,3134,196191640,303940,303666,6566,5938,6252,6278,0,6260,0,0,0,2017-04-14,75694000,6258,16,0,0,0,0,0,0,0,0,6260,527,0,0,0,0,0,0,0,0
198,2017-04-13,21:01:35,0,OI709,XZCE,6258,6256,6264,3134,196191640,303940,303666,6566,5938,6252,6278,0,6260,0,0,0,2017-04-14,75695000,6258,18,0,0,0,0,0,0,0,0,6260,527,0,0,0,0,0,0,0,0
199,2017-04-13,21:01:35,0,OI709,XZCE,6258,6256,6264,3136,196316800,303938,303666,6566,5938,6252,6278,0,6260,0,0,0,2017-04-14,75695000,6258,20,0,0,0,0,0,0,0,0,6260,527,0,0,0,0,0,0,0,0
200,2017-04-13,21:01:36,0,OI709,XZCE,6258,6256,6264,3136,196316800,303938,303666,6566,5938,6252,6278,0,6260,0,0,0,2017-04-14,75696000,6258,25,0,0,0,0,0,0,0,0,6260,527,0,0,0,0,0,0,0,0
201,2017-04-13,21:01:36,0,OI709,XZCE,6258,6256,6264,3140,196567120,303940,303666,6566,5938,6252,6278,0,6260,0,0,0,2017-04-14,75696000,6258,23,0,0,0,0,0,0,0,0,6260,529,0,0,0,0,0,0,0,0
202,2017-04-13,21:01:37,0,OI709,XZCE,6258,6256,6264,3188,199570960,303920,303666,6566,5938,6252,6278,0,6260,0,0,0,2017-04-14,75697000,6256,94,0,0,0,0,0,0,0,0,6258,111,0,0,0,0,0,0,0,0
203,2017-04-13,21:01:38,0,OI709,XZCE,6256,6256,6264,3190,199696080,303920,303666,6566,5938,6252,6278,0,6260,0,0,0,2017-04-14,75698000,6256,94,0,0,0,0,0,0,0,0,6258,111,0,0,0,0,0,0,0,0
204,2017-04-13,21:01:38,0,OI709,XZCE,6258,6256,6264,3194,199946400,303920,303666,6566,5938,6252,6278,0,6260,0,0,0,2017-04-14,75698000,6256,95,0,0,0,0,0,0,0,0,6258,74,0,0,0,0,0,0,0,0
205,2017-04-13,21:01:39,0,OI709,XZCE,6258,6256,6264,3258,203951520,303918,303666,6566,5938,6252,6278,0,6260,0,0,0,2017-04-14,75699000,6256,84,0,0,0,0,0,0,0,0,6258,50,0,0,0,0,0,0,0,0
206,2017-04-13,21:01:40,0,OI709,XZCE,6258,6256,6264,3262,204201840,303918,303666,6566,5938,6252,6278,0,6260,0,0,0,2017-04-14,75700000,6256,79,0,0,0,0,0,0,0,0,6258,53,0,0,0,0,0,0,0,0
207,2017-04-13,21:01:40,0,OI709,XZCE,6258,6256,6264,3266,204452160,303918,303666,6566,5938,6252,6278,0,6260,0,0,0,2017-04-14,75700000,6256,81,0,0,0,0,0,0,0,0,6258,51,0,0,0,0,0,0,0,0
208,2017-04-13,21:01:41,0,OI709,XZCE,6258,6256,6264,3296,206329560,303888,303666,6566,5938,6252,6278,0,6260,0,0,0,2017-04-14,75701000,6256,80,0,0,0,0,0,0,0,0,6258,43,0,0,0,0,0,0,0,0
209,2017-04-13,21:01:41,0,OI709,XZCE,6258,6256,6264,3298,206454720,303888,303666,6566,5938,6252,6278,0,6260,0,0,0,2017-04-14,75701000,6256,81,0,0,0,0,0,0,0,0,6258,42,0,0,0,0,0,0,0,0
210,2017-04-13,21:01:42,0,OI709,XZCE,6258,6256,6264,3298,206454720,303888,303666,6566,5938,6252,6278,0,6260,0,0,0,2017-04-14,75702000,6256,82,0,0,0,0,0,0,0,0,6258,42,0,0,0,0,0,0,0,0
211,2017-04-13,21:01:42,0,OI709,XZCE,6258,6256,6264,3300,206579880,303888,303666,6566,5938,6252,6278,0,6260,0,0,0,2017-04-14,75702000,6256,84,0,0,0,0,0,0,0,0,6258,36,0,0,0,0,0,0,0,0
212,2017-04-13,21:01:43,0,OI709,XZCE,6258,6256,6264,3302,206705040,303886,303666,6566,5938,6252,6278,0,6260,0,0,0,2017-04-14,75703000,6256,85,0,0,0,0,0,0,0,0,6258,35,0,0,0,0,0,0,0,0
213,2017-04-13,21:01:43,0,OI709,XZCE,6258,6256,6264,3302,206705040,303886,303666,6566,5938,6252,6278,0,6260,0,0,0,2017-04-14,75703000,6256,86,0,0,0,0,0,0,0,0,6258,35,0,0,0,0,0,0,0,0
214,2017-04-13,21:01:44,0,OI709,XZCE,6258,6256,6264,3304,206830200,303886,303666,6566,5938,6252,6278,0,6260,0,0,0,2017-04-14,75704000,6256,84,0,0,0,0,0,0,0,0,6258,46,0,0,0,0,0,0,0,0
215,2017-04-13,21:01:44,0,OI709,XZCE,6258,6256,6264,3306,206955360,303886,303666,6566,5938,6252,6278,0,6260,0,0,0,2017-04-14,75704000,6256,84,0,0,0,0,0,0,0,0,6258,45,0,0,0,0,0,0,0,0
216,2017-04-13,21:01:45,0,OI709,XZCE,6258,6256,6264,3306,206955360,303886,303666,6566,5938,6252,6278,0,6260,0,0,0,2017-04-14,75705000,6256,85,0,0,0,0,0,0,0,0,6258,45,0,0,0,0,0,0,0,0
217,2017-04-13,21:01:45,0,OI709,XZCE,6258,6256,6264,3306,206955360,303886,303666,6566,5938,6252,6278,0,6260,0,0,0,2017-04-14,75705000,6256,85,0,0,0,0,0,0,0,0,6258,61,0,0,0,0,0,0,0,0
218,2017-04-13,21:01:46,0,OI709,XZCE,6258,6256,6264,3310,207205680,303886,303666,6566,5938,6252,6278,0,6260,0,0,0,2017-04-14,75706000,6256,85,0,0,0,0,0,0,0,0,6258,59,0,0,0,0,0,0,0,0
219,2017-04-13,21:01:46,0,OI709,XZCE,6258,6256,6264,3318,207706320,303886,303666,6566,5938,6252,6278,0,6260,0,0,0,2017-04-14,75706000,6256,85,0,0,0,0,0,0,0,0,6258,55,0,0,0,0,0,0,0,0
220,2017-04-13,21:01:46,0,OI709,XZCE,6258,6256,6264,3318,207706320,303886,303666,6566,5938,6252,6278,0,6260,0,0,0,2017-04-14,75706000,6256,85,0,0,0,0,0,0,0,0,6258,53,0,0,0,0,0,0,0,0
221,2017-04-13,21:01:48,0,OI709,XZCE,6258,6256,6264,3318,207706320,303886,303666,6566,5938,6252,6278,0,6260,0,0,0,2017-04-14,75708000,6256,89,0,0,0,0,0,0,0,0,6258,53,0,0,0,0,0,0,0,0
222,2017-04-13,21:01:48,0,OI709,XZCE,6256,6256,6264,3324,208081680,303890,303666,6566,5938,6252,6278,0,6260,0,0,0,2017-04-14,75708000,6256,87,0,0,0,0,0,0,0,0,6258,53,0,0,0,0,0,0,0,0
223,2017-04-13,21:01:50,0,OI709,XZCE,6256,6256,6264,3324,208081680,303890,303666,6566,5938,6252,6278,0,6260,0,0,0,2017-04-14,75710000,6256,88,0,0,0,0,0,0,0,0,6258,53,0,0,0,0,0,0,0,0
224,2017-04-13,21:01:51,0,OI709,XZCE,6256,6256,6264,3324,208081680,303890,303666,6566,5938,6252,6278,0,6260,0,0,0,2017-04-14,75711000,6256,87,0,0,0,0,0,0,0,0,6258,53,0,0,0,0,0,0,0,0
225,2017-04-13,21:01:51,0,OI709,XZCE,6258,6256,6264,3330,208457160,303886,303666,6566,5938,6252,6278,0,6260,0,0,0,2017-04-14,75711000,6256,87,0,0,0,0,0,0,0,0,6258,50,0,0,0,0,0,0,0,0
226,2017-04-13,21:01:52,0,OI709,XZCE,6258,6256,6264,3340,209082960,303884,303666,6566,5938,6252,6278,0,6260,0,0,0,2017-04-14,75712000,6256,88,0,0,0,0,0,0,0,0,6258,46,0,0,0,0,0,0,0,0
227,2017-04-13,21:01:52,0,OI709,XZCE,6258,6256,6264,3340,209082960,303884,303666,6566,5938,6252,6278,0,6260,0,0,0,2017-04-14,75712000,6256,89,0,0,0,0,0,0,0,0,6258,46,0,0,0,0,0,0,0,0
228,2017-04-13,21:01:53,0,OI709,XZCE,6256,6256,6264,3342,209208080,303884,303666,6566,5938,6252,6278,0,6260,0,0,0,2017-04-14,75713000,6256,88,0,0,0,0,0,0,0,0,6258,46,0,0,0,0,0,0,0,0
229,2017-04-13,21:01:53,0,OI709,XZCE,6258,6256,6264,3360,210334520,303866,303666,6566,5938,6252,6278,0,6260,0,0,0,2017-04-14,75713000,6256,88,0,0,0,0,0,0,0,0,6258,38,0,0,0,0,0,0,0,0
230,2017-04-13,21:01:54,0,OI709,XZCE,6258,6256,6264,3364,210584840,303866,303666,6566,5938,6252,6278,0,6260,0,0,0,2017-04-14,75714000,6256,88,0,0,0,0,0,0,0,0,6258,36,0,0,0,0,0,0,0,0
231,2017-04-13,21:01:54,0,OI709,XZCE,6258,6256,6264,3368,210835160,303866,303666,6566,5938,6252,6278,0,6260,0,0,0,2017-04-14,75714000,6256,90,0,0,0,0,0,0,0,0,6258,29,0,0,0,0,0,0,0,0
232,2017-04-13,21:01:55,0,OI709,XZCE,6256,6256,6264,3520,220344280,303840,303666,6566,5938,6252,6278,0,6260,0,0,0,2017-04-14,75715000,6256,14,0,0,0,0,0,0,0,0,6258,22,0,0,0,0,0,0,0,0
233,2017-04-13,21:01:56,0,OI709,XZCE,6256,6256,6264,3520,220344280,303840,303666,6566,5938,6252,6278,0,6260,0,0,0,2017-04-14,75716000,6256,12,0,0,0,0,0,0,0,0,6258,31,0,0,0,0,0,0,0,0
234,2017-04-13,21:01:56,0,OI709,XZCE,6256,6256,6264,3532,221095000,303850,303666,6566,5938,6252,6278,0,6260,0,0,0,2017-04-14,75716000,6256,7,0,0,0,0,0,0,0,0,6258,33,0,0,0,0,0,0,0,0
235,2017-04-13,21:01:57,0,OI709,XZCE,6258,6256,6264,3536,221345320,303850,303666,6566,5938,6252,6278,0,6260,0,0,0,2017-04-14,75717000,6256,7,0,0,0,0,0,0,0,0,6258,32,0,0,0,0,0,0,0,0
236,2017-04-13,21:01:57,0,OI709,XZCE,6256,6256,6264,3558,222721640,303850,303666,6566,5938,6252,6278,0,6260,0,0,0,2017-04-14,75717000,6256,8,0,0,0,0,0,0,0,0,6258,39,0,0,0,0,0,0,0,0
237,2017-04-13,21:01:58,0,OI709,XZCE,6256,6256,6264,3558,222721640,303850,303666,6566,5938,6252,6278,0,6260,0,0,0,2017-04-14,75718000,6256,11,0,0,0,0,0,0,0,0,6258,39,0,0,0,0,0,0,0,0
238,2017-04-13,21:01:58,0,OI709,XZCE,6256,6256,6264,3612,226099880,303838,303666,6566,5938,6252,6278,0,6260,0,0,0,2017-04-14,75718000,6256,25,0,0,0,0,0,0,0,0,6258,39,0,0,0,0,0,0,0,0
239,2017-04-13,21:01:59,0,OI709,XZCE,6258,6256,6264,3722,232983680,303878,303666,6566,5938,6252,6278,0,6260,0,0,0,2017-04-14,75719000,6256,15,0,0,0,0,0,0,0,0,6258,3,0,0,0,0,0,0,0,0
240,2017-04-13,21:01:59,0,OI709,XZCE,6258,6256,6264,3752,234861080,303878,303666,6566,5938,6252,6278,0,6260,0,0,0,2017-04-14,75719000,6256,17,0,0,0,0,0,0,0,0,6258,42,0,0,0,0,0,0,0,0
241,2017-04-13,21:02:00,0,OI709,XZCE,6256,6256,6264,3772,236112280,303878,303666,6566,5938,6252,6278,0,6260,0,0,0,2017-04-14,75720000,6256,13,0,0,0,0,0,0,0,0,6258,42,0,0,0,0,0,0,0,0
242,2017-04-13,21:02:00,0,OI709,XZCE,6256,6256,6264,3810,238489560,303854,303666,6566,5938,6252,6278,0,6260,0,0,0,2017-04-14,75720000,6256,10,0,0,0,0,0,0,0,0,6258,185,0,0,0,0,0,0,0,0
243,2017-04-13,21:02:01,0,OI709,XZCE,6256,6256,6264,3866,241992920,303838,303666,6566,5938,6252,6278,0,6260,0,0,0,2017-04-14,75721000,6254,67,0,0,0,0,0,0,0,0,6256,110,0,0,0,0,0,0,0,0
244,2017-04-13,21:02:01,0,OI709,XZCE,6256,6254,6264,3874,242493400,303840,303666,6566,5938,6252,6278,0,6260,0,0,0,2017-04-14,75721000,6254,68,0,0,0,0,0,0,0,0,6256,108,0,0,0,0,0,0,0,0
245,2017-04-13,21:02:02,0,OI709,XZCE,6256,6254,6264,3884,243119000,303840,303666,6566,5938,6252,6278,0,6260,0,0,0,2017-04-14,75722000,6254,68,0,0,0,0,0,0,0,0,6256,104,0,0,0,0,0,0,0,0
246,2017-04-13,21:02:02,0,OI709,XZCE,6256,6254,6264,3898,243994840,303840,303666,6566,5938,6252,6278,0,6260,0,0,0,2017-04-14,75722000,6254,69,0,0,0,0,0,0,0,0,6256,102,0,0,0,0,0,0,0,0
247,2017-04-13,21:02:03,0,OI709,XZCE,6256,6254,6264,3970,248499160,303840,303666,6566,5938,6252,6278,0,6260,0,0,0,2017-04-14,75723000,6254,69,0,0,0,0,0,0,0,0,6256,66,0,0,0,0,0,0,0,0
248,2017-04-13,21:02:04,0,OI709,XZCE,6256,6254,6264,3974,248749400,303840,303666,6566,5938,6252,6278,0,6260,0,0,0,2017-04-14,75724000,6254,70,0,0,0,0,0,0,0,0,6256,65,0,0,0,0,0,0,0,0
249,2017-04-13,21:02:04,0,OI709,XZCE,6256,6254,6264,3976,248874520,303840,303666,6566,5938,6252,6278,0,6260,0,0,0,2017-04-14,75724000,6254,70,0,0,0,0,0,0,0,0,6256,69,0,0,0,0,0,0,0,0
250,2017-04-13,21:02:05,0,OI709,XZCE,6256,6254,6264,3988,249625240,303840,303666,6566,5938,6252,6278,0,6260,0,0,0,2017-04-14,75725000,6254,70,0,0,0,0,0,0,0,0,6256,65,0,0,0,0,0,0,0,0
251,2017-04-13,21:02:06,0,OI709,XZCE,6256,6254,6264,3992,249875480,303840,303666,6566,5938,6252,6278,0,6260,0,0,0,2017-04-14,75726000,6254,66,0,0,0,0,0,0,0,0,6256,64,0,0,0,0,0,0,0,0
252,2017-04-13,21:02:06,0,OI709,XZCE,6256,6254,6264,3994,250000600,303840,303666,6566,5938,6252,6278,0,6260,0,0,0,2017-04-14,75726000,6254,78,0,0,0,0,0,0,0,0,6256,63,0,0,0,0,0,0,0,0
253,2017-04-13,21:02:07,0,OI709,XZCE,6256,6254,6264,4016,251376920,303828,303666,6566,5938,6252,6278,0,6260,0,0,0,2017-04-14,75727000,6254,76,0,0,0,0,0,0,0,0,6256,52,0,0,0,0,0,0,0,0
254,2017-04-13,21:02:07,0,OI709,XZCE,6256,6254,6264,4016,251376920,303828,303666,6566,5938,6252,6278,0,6260,0,0,0,2017-04-14,75727000,6254,78,0,0,0,0,0,0,0,0,6256,52,0,0,0,0,0,0,0,0
255,2017-04-13,21:02:07,0,OI709,XZCE,6256,6254,6264,4016,251376920,303828,303666,6566,5938,6252,6278,0,6260,0,0,0,2017-04-14,75727000,6254,77,0,0,0,0,0,0,0,0,6256,52,0,0,0,0,0,0,0,0
256,2017-04-13,21:02:08,0,OI709,XZCE,6254,6254,6264,4018,251502000,303830,303666,6566,5938,6252,6278,0,6260,0,0,0,2017-04-14,75728000,6254,76,0,0,0,0,0,0,0,0,6256,52,0,0,0,0,0,0,0,0
257,2017-04-13,21:02:09,0,OI709,XZCE,6254,6254,6264,4038,252752800,303826,303666,6566,5938,6252,6278,0,6260,0,0,0,2017-04-14,75729000,6254,67,0,0,0,0,0,0,0,0,6256,52,0,0,0,0,0,0,0,0
258,2017-04-13,21:02:09,0,OI709,XZCE,6254,6254,6264,4054,253753440,303820,303666,6566,5938,6252,6278,0,6260,0,0,0,2017-04-14,75729000,6254,59,0,0,0,0,0,0,0,0,6256,52,0,0,0,0,0,0,0,0
259,2017-04-13,21:02:11,0,OI709,XZCE,6254,6254,6264,4054,253753440,303820,303666,6566,5938,6252,6278,0,6260,0,0,0,2017-04-14,75731000,6254,60,0,0,0,0,0,0,0,0,6256,52,0,0,0,0,0,0,0,0
260,2017-04-13,21:02:11,0,OI709,XZCE,6256,6254,6264,4056,253878560,303818,303666,6566,5938,6252,6278,0,6260,0,0,0,2017-04-14,75731000,6254,52,0,0,0,0,0,0,0,0,6256,61,0,0,0,0,0,0,0,0
261,2017-04-13,21:02:12,0,OI709,XZCE,6254,6254,6264,4150,259757320,303852,303666,6566,5938,6252,6278,0,6260,0,0,0,2017-04-14,75732000,6254,12,0,0,0,0,0,0,0,0,6256,97,0,0,0,0,0,0,0,0
262,2017-04-13,21:02:12,0,OI709,XZCE,6254,6254,6264,4216,263884960,303840,303666,6566,5938,6252,6278,0,6260,0,0,0,2017-04-14,75732000,6252,120,0,0,0,0,0,0,0,0,6254,22,0,0,0,0,0,0,0,0
263,2017-04-13,21:02:13,0,OI709,XZCE,6254,6254,6264,4270,267262120,303830,303666,6566,5938,6252,6278,0,6260,0,0,0,2017-04-14,75733000,6252,115,0,0,0,0,0,0,0,0,6254,37,0,0,0,0,0,0,0,0
264,2017-04-13,21:02:13,0,OI709,XZCE,6254,6254,6264,4272,267387200,303830,303666,6566,5938,6252,6278,0,6260,0,0,0,2017-04-14,75733000,6252,122,0,0,0,0,0,0,0,0,6254,37,0,0,0,0,0,0,0,0
265,2017-04-13,21:02:14,0,OI709,XZCE,6254,6254,6264,4274,267512280,303830,303666,6566,5938,6252,6278,0,6260,0,0,0,2017-04-14,75734000,6252,122,0,0,0,0,0,0,0,0,6254,37,0,0,0,0,0,0,0,0
266,2017-04-13,21:02:14,0,OI709,XZCE,6252,6252,6264,4330,271013400,303806,303666,6566,5938,6252,6278,0,6260,0,0,0,2017-04-14,75734000,6252,98,0,0,0,0,0,0,0,0,6254,40,0,0,0,0,0,0,0,0
267,2017-04-13,21:02:15,0,OI709,XZCE,6252,6252,6264,4332,271138440,303806,303666,6566,5938,6252,6278,0,6260,0,0,0,2017-04-14,75735000,6252,97,0,0,0,0,0,0,0,0,6254,41,0,0,0,0,0,0,0,0
268,2017-04-13,21:02:15,0,OI709,XZCE,6252,6252,6264,4334,271263480,303808,303666,6566,5938,6252,6278,0,6260,0,0,0,2017-04-14,75735000,6252,96,0,0,0,0,0,0,0,0,6254,41,0,0,0,0,0,0,0,0
269,2017-04-13,21:02:16,0,OI709,XZCE,6252,6252,6264,4334,271263480,303808,303666,6566,5938,6252,6278,0,6260,0,0,0,2017-04-14,75736000,6252,97,0,0,0,0,0,0,0,0,6254,41,0,0,0,0,0,0,0,0
270,2017-04-13,21:02:16,0,OI709,XZCE,6254,6252,6264,4338,271513640,303804,303666,6566,5938,6252,6278,0,6260,0,0,0,2017-04-14,75736000,6252,97,0,0,0,0,0,0,0,0,6254,39,0,0,0,0,0,0,0,0
271,2017-04-13,21:02:17,0,OI709,XZCE,6254,6252,6264,4344,271888880,303800,303666,6566,5938,6252,6278,0,6260,0,0,0,2017-04-14,75737000,6252,100,0,0,0,0,0,0,0,0,6254,6,0,0,0,0,0,0,0,0
272,2017-04-13,21:02:17,0,OI709,XZCE,6252,6252,6264,4346,272013920,303802,303666,6566,5938,6252,6278,0,6260,0,0,0,2017-04-14,75737000,6252,100,0,0,0,0,0,0,0,0,6254,40,0,0,0,0,0,0,0,0
273,2017-04-13,21:02:18,0,OI709,XZCE,6252,6252,6264,4348,272138960,303804,303666,6566,5938,6252,6278,0,6260,0,0,0,2017-04-14,75738000,6252,99,0,0,0,0,0,0,0,0,6254,40,0,0,0,0,0,0,0,0
274,2017-04-13,21:02:18,0,OI709,XZCE,6254,6252,6264,4442,278017720,303782,303666,6566,5938,6252,6278,0,6260,0,0,0,2017-04-14,75738000,6252,105,0,0,0,0,0,0,0,0,6254,4,0,0,0,0,0,0,0,0
275,2017-04-13,21:02:19,0,OI709,XZCE,6252,6252,6264,4444,278142760,303784,303666,6566,5938,6252,6278,0,6260,0,0,0,2017-04-14,75739000,6252,45,0,0,0,0,0,0,0,0,6254,74,0,0,0,0,0,0,0,0
276,2017-04-13,21:02:19,0,OI709,XZCE,6252,6252,6264,4524,283144360,303808,303666,6566,5938,6252,6278,0,6260,0,0,0,2017-04-14,75739000,6250,46,0,0,0,0,0,0,0,0,6254,76,0,0,0,0,0,0,0,0
277,2017-04-13,21:02:20,0,OI709,XZCE,6252,6252,6264,4524,283144360,303808,303666,6566,5938,6252,6278,0,6260,0,0,0,2017-04-14,75740000,6250,46,0,0,0,0,0,0,0,0,6252,5,0,0,0,0,0,0,0,0
278,2017-04-13,21:02:20,0,OI709,XZCE,6252,6252,6264,4524,283144360,303808,303666,6566,5938,6252,6278,0,6260,0,0,0,2017-04-14,75740000,6250,51,0,0,0,0,0,0,0,0,6252,9,0,0,0,0,0,0,0,0
279,2017-04-13,21:02:21,0,OI709,XZCE,6252,6252,6264,4538,284019640,303816,303666,6566,5938,6252,6278,0,6260,0,0,0,2017-04-14,75741000,6250,52,0,0,0,0,0,0,0,0,6252,5,0,0,0,0,0,0,0,0
280,2017-04-13,21:02:21,0,OI709,XZCE,6252,6252,6264,4538,284019640,303816,303666,6566,5938,6252,6278,0,6260,0,0,0,2017-04-14,75741000,6250,52,0,0,0,0,0,0,0,0,6252,6,0,0,0,0,0,0,0,0
281,2017-04-13,21:02:22,0,OI709,XZCE,6252,6252,6264,4538,284019640,303816,303666,6566,5938,6252,6278,0,6260,0,0,0,2017-04-14,75742000,6250,53,0,0,0,0,0,0,0,0,6252,8,0,0,0,0,0,0,0,0
282,2017-04-13,21:02:22,0,OI709,XZCE,6252,6252,6264,4538,284019640,303816,303666,6566,5938,6252,6278,0,6260,0,0,0,2017-04-14,75742000,6250,53,0,0,0,0,0,0,0,0,6252,12,0,0,0,0,0,0,0,0
283,2017-04-13,21:02:23,0,OI709,XZCE,6252,6252,6264,4540,284144680,303818,303666,6566,5938,6252,6278,0,6260,0,0,0,2017-04-14,75743000,6250,53,0,0,0,0,0,0,0,0,6252,7,0,0,0,0,0,0,0,0
284,2017-04-13,21:02:23,0,OI709,XZCE,6252,6252,6264,4554,285019960,303806,303666,6566,5938,6252,6278,0,6260,0,0,0,2017-04-14,75743000,6252,4,0,0,0,0,0,0,0,0,6254,24,0,0,0,0,0,0,0,0
285,2017-04-13,21:02:24,0,OI709,XZCE,6252,6252,6264,4554,285019960,303806,303666,6566,5938,6252,6278,0,6260,0,0,0,2017-04-14,75744000,6252,12,0,0,0,0,0,0,0,0,6254,27,0,0,0,0,0,0,0,0
286,2017-04-13,21:02:24,0,OI709,XZCE,6252,6252,6264,4558,285270040,303804,303666,6566,5938,6252,6278,0,6260,0,0,0,2017-04-14,75744000,6252,16,0,0,0,0,0,0,0,0,6254,23,0,0,0,0,0,0,0,0
287,2017-04-13,21:02:25,0,OI709,XZCE,6252,6252,6264,4562,285520120,303804,303666,6566,5938,6252,6278,0,6260,0,0,0,2017-04-14,75745000,6252,20,0,0,0,0,0,0,0,0,6254,21,0,0,0,0,0,0,0,0
288,2017-04-13,21:02:25,0,OI709,XZCE,6254,6252,6264,4574,286270600,303808,303666,6566,5938,6252,6278,0,6260,0,0,0,2017-04-14,75745000,6252,17,0,0,0,0,0,0,0,0,6254,31,0,0,0,0,0,0,0,0
289,2017-04-13,21:02:26,0,OI709,XZCE,6254,6252,6264,4584,286896000,303808,303666,6566,5938,6252,6278,0,6260,0,0,0,2017-04-14,75746000,6252,19,0,0,0,0,0,0,0,0,6254,26,0,0,0,0,0,0,0,0
290,2017-04-13,21:02:26,0,OI709,XZCE,6252,6252,6264,4628,289646880,303790,303666,6566,5938,6252,6278,0,6260,0,0,0,2017-04-14,75746000,6250,78,0,0,0,0,0,0,0,0,6252,1,0,0,0,0,0,0,0,0
291,2017-04-13,21:02:27,0,OI709,XZCE,6252,6252,6264,4630,289771920,303790,303666,6566,5938,6252,6278,0,6260,0,0,0,2017-04-14,75747000,6250,77,0,0,0,0,0,0,0,0,6252,64,0,0,0,0,0,0,0,0
292,2017-04-13,21:02:27,0,OI709,XZCE,6250,6250,6264,4664,291896920,303764,303666,6566,5938,6252,6278,0,6260,0,0,0,2017-04-14,75747000,6250,60,0,0,0,0,0,0,0,0,6252,64,0,0,0,0,0,0,0,0
293,2017-04-13,21:02:28,0,OI709,XZCE,6250,6250,6264,4688,293396920,303766,303666,6566,5938,6252,6278,0,6260,0,0,0,2017-04-14,75748000,6250,45,0,0,0,0,0,0,0,0,6252,67,0,0,0,0,0,0,0,0
294,2017-04-13,21:02:28,0,OI709,XZCE,6250,6250,6264,4700,294146920,303768,303666,6566,5938,6252,6278,0,6260,0,0,0,2017-04-14,75748000,6250,44,0,0,0,0,0,0,0,0,6252,68,0,0,0,0,0,0,0,0
295,2017-04-13,21:02:29,0,OI709,XZCE,6250,6250,6264,4700,294146920,303768,303666,6566,5938,6252,6278,0,6260,0,0,0,2017-04-14,75749000,6250,47,0,0,0,0,0,0,0,0,6252,68,0,0,0,0,0,0,0,0
296,2017-04-13,21:02:29,0,OI709,XZCE,6252,6250,6264,4702,294271960,303770,303666,6566,5938,6252,6278,0,6260,0,0,0,2017-04-14,75749000,6250,52,0,0,0,0,0,0,0,0,6252,67,0,0,0,0,0,0,0,0
297,2017-04-13,21:02:30,0,OI709,XZCE,6252,6250,6264,4704,294397000,303772,303666,6566,5938,6252,6278,0,6260,0,0,0,2017-04-14,75750000,6250,63,0,0,0,0,0,0,0,0,6252,61,0,0,0,0,0,0,0,0
298,2017-04-13,21:02:30,0,OI709,XZCE,6252,6250,6264,4704,294397000,303772,303666,6566,5938,6252,6278,0,6260,0,0,0,2017-04-14,75750000,6250,63,0,0,0,0,0,0,0,0,6252,72,0,0,0,0,0,0,0,0
299,2017-04-13,21:02:31,0,OI709,XZCE,6250,6250,6264,4710,294772000,303778,303666,6566,5938,6252,6278,0,6260,0,0,0,2017-04-14,75751000,6250,62,0,0,0,0,0,0,0,0,6252,70,0,0,0,0,0,0,0,0
300,2017-04-13,21:02:31,0,OI709,XZCE,6252,6250,6264,4726,295772320,303794,303666,6566,5938,6252,6278,0,6260,0,0,0,2017-04-14,75751000,6250,62,0,0,0,0,0,0,0,0,6252,62,0,0,0,0,0,0,0,0
301,2017-04-13,21:02:32,0,OI709,XZCE,6250,6250,6264,4742,296772320,303798,303666,6566,5938,6252,6278,0,6260,0,0,0,2017-04-14,75752000,6250,59,0,0,0,0,0,0,0,0,6252,64,0,0,0,0,0,0,0,0
302,2017-04-13,21:02:32,0,OI709,XZCE,6252,6250,6264,4748,297147440,303802,303666,6566,5938,6252,6278,0,6260,0,0,0,2017-04-14,75752000,6250,58,0,0,0,0,0,0,0,0,6252,62,0,0,0,0,0,0,0,0
303,2017-04-13,21:02:33,0,OI709,XZCE,6250,6250,6264,4752,297397440,303806,303666,6566,5938,6252,6278,0,6260,0,0,0,2017-04-14,75753000,6250,56,0,0,0,0,0,0,0,0,6252,62,0,0,0,0,0,0,0,0
304,2017-04-13,21:02:33,0,OI709,XZCE,6250,6250,6264,4754,297522440,303806,303666,6566,5938,6252,6278,0,6260,0,0,0,2017-04-14,75753000,6250,62,0,0,0,0,0,0,0,0,6252,62,0,0,0,0,0,0,0,0
305,2017-04-13,21:02:34,0,OI709,XZCE,6250,6250,6264,4756,297647440,303806,303666,6566,5938,6252,6278,0,6260,0,0,0,2017-04-14,75754000,6250,65,0,0,0,0,0,0,0,0,6252,23,0,0,0,0,0,0,0,0
306,2017-04-13,21:02:34,0,OI709,XZCE,6250,6250,6264,4756,297647440,303806,303666,6566,5938,6252,6278,0,6260,0,0,0,2017-04-14,75754000,6250,66,0,0,0,0,0,0,0,0,6252,23,0,0,0,0,0,0,0,0
307,2017-04-13,21:02:35,0,OI709,XZCE,6250,6250,6264,4758,297772440,303808,303666,6566,5938,6252,6278,0,6260,0,0,0,2017-04-14,75755000,6250,66,0,0,0,0,0,0,0,0,6252,24,0,0,0,0,0,0,0,0
308,2017-04-13,21:02:35,0,OI709,XZCE,6250,6250,6264,4758,297772440,303808,303666,6566,5938,6252,6278,0,6260,0,0,0,2017-04-14,75755000,6250,66,0,0,0,0,0,0,0,0,6252,26,0,0,0,0,0,0,0,0
309,2017-04-13,21:02:36,0,OI709,XZCE,6252,6250,6264,4760,297897480,303808,303666,6566,5938,6252,6278,0,6260,0,0,0,2017-04-14,75756000,6250,67,0,0,0,0,0,0,0,0,6252,25,0,0,0,0,0,0,0,0
310,2017-04-13,21:02:36,0,OI709,XZCE,6252,6250,6264,4762,298022520,303808,303666,6566,5938,6252,6278,0,6260,0,0,0,2017-04-14,75756000,6250,67,0,0,0,0,0,0,0,0,6252,24,0,0,0,0,0,0,0,0
311,2017-04-13,21:02:37,0,OI709,XZCE,6252,6250,6264,4764,298147560,303808,303666,6566,5938,6252,6278,0,6260,0,0,0,2017-04-14,75757000,6250,67,0,0,0,0,0,0,0,0,6252,23,0,0,0,0,0,0,0,0
312,2017-04-13,21:02:37,0,OI709,XZCE,6250,6250,6264,4768,298397560,303808,303666,6566,5938,6252,6278,0,6260,0,0,0,2017-04-14,75757000,6250,66,0,0,0,0,0,0,0,0,6252,26,0,0,0,0,0,0,0,0
313,2017-04-13,21:02:38,0,OI709,XZCE,6250,6250,6264,4768,298397560,303808,303666,6566,5938,6252,6278,0,6260,0,0,0,2017-04-14,75758000,6250,56,0,0,0,0,0,0,0,0,6252,35,0,0,0,0,0,0,0,0
314,2017-04-13,21:02:38,0,OI709,XZCE,6250,6250,6264,4768,298397560,303808,303666,6566,5938,6252,6278,0,6260,0,0,0,2017-04-14,75758000,6250,76,0,0,0,0,0,0,0,0,6252,35,0,0,0,0,0,0,0,0
315,2017-04-13,21:02:39,0,OI709,XZCE,6252,6250,6264,4770,298522600,303808,303666,6566,5938,6252,6278,0,6260,0,0,0,2017-04-14,75759000,6250,76,0,0,0,0,0,0,0,0,6252,34,0,0,0,0,0,0,0,0
316,2017-04-13,21:02:40,0,OI709,XZCE,6252,6250,6264,4772,298647640,303808,303666,6566,5938,6252,6278,0,6260,0,0,0,2017-04-14,75760000,6250,77,0,0,0,0,0,0,0,0,6252,33,0,0,0,0,0,0,0,0
317,2017-04-13,21:02:40,0,OI709,XZCE,6252,6250,6264,4784,299397880,303808,303666,6566,5938,6252,6278,0,6260,0,0,0,2017-04-14,75760000,6250,74,0,0,0,0,0,0,0,0,6252,36,0,0,0,0,0,0,0,0
318,2017-04-13,21:02:41,0,OI709,XZCE,6252,6250,6264,4784,299397880,303808,303666,6566,5938,6252,6278,0,6260,0,0,0,2017-04-14,75761000,6250,76,0,0,0,0,0,0,0,0,6252,36,0,0,0,0,0,0,0,0
319,2017-04-13,21:02:41,0,OI709,XZCE,6252,6250,6264,4794,300023080,303808,303666,6566,5938,6252,6278,0,6260,0,0,0,2017-04-14,75761000,6250,84,0,0,0,0,0,0,0,0,6252,26,0,0,0,0,0,0,0,0
320,2017-04-13,21:02:42,0,OI709,XZCE,6252,6250,6264,4796,300148120,303808,303666,6566,5938,6252,6278,0,6260,0,0,0,2017-04-14,75762000,6250,90,0,0,0,0,0,0,0,0,6252,26,0,0,0,0,0,0,0,0
321,2017-04-13,21:02:42,0,OI709,XZCE,6252,6250,6264,4858,304024360,303830,303666,6566,5938,6252,6278,0,6260,0,0,0,2017-04-14,75762000,6252,21,0,0,0,0,0,0,0,0,6254,34,0,0,0,0,0,0,0,0
322,2017-04-13,21:02:43,0,OI709,XZCE,6252,6250,6264,4872,304899640,303830,303666,6566,5938,6252,6278,0,6260,0,0,0,2017-04-14,75763000,6252,14,0,0,0,0,0,0,0,0,6254,41,0,0,0,0,0,0,0,0
323,2017-04-13,21:02:43,0,OI709,XZCE,6252,6250,6264,4872,304899640,303830,303666,6566,5938,6252,6278,0,6260,0,0,0,2017-04-14,75763000,6252,3,0,0,0,0,0,0,0,0,6254,46,0,0,0,0,0,0,0,0
324,2017-04-13,21:02:44,0,OI709,XZCE,6252,6250,6264,4872,304899640,303830,303666,6566,5938,6252,6278,0,6260,0,0,0,2017-04-14,75764000,6252,7,0,0,0,0,0,0,0,0,6254,46,0,0,0,0,0,0,0,0
325,2017-04-13,21:02:44,0,OI709,XZCE,6252,6250,6264,4872,304899640,303830,303666,6566,5938,6252,6278,0,6260,0,0,0,2017-04-14,75764000,6252,9,0,0,0,0,0,0,0,0,6254,46,0,0,0,0,0,0,0,0
326,2017-04-13,21:02:45,0,OI709,XZCE,6252,6250,6264,4874,305024680,303828,303666,6566,5938,6252,6278,0,6260,0,0,0,2017-04-14,75765000,6252,10,0,0,0,0,0,0,0,0,6254,46,0,0,0,0,0,0,0,0
327,2017-04-13,21:02:45,0,OI709,XZCE,6252,6250,6264,4874,305024680,303828,303666,6566,5938,6252,6278,0,6260,0,0,0,2017-04-14,75765000,6252,11,0,0,0,0,0,0,0,0,6254,46,0,0,0,0,0,0,0,0
328,2017-04-13,21:02:46,0,OI709,XZCE,6252,6250,6264,4900,306650200,303810,303666,6566,5938,6252,6278,0,6260,0,0,0,2017-04-14,75766000,6252,1,0,0,0,0,0,0,0,0,6254,46,0,0,0,0,0,0,0,0
329,2017-04-13,21:02:46,0,OI709,XZCE,6254,6250,6264,4904,306900360,303810,303666,6566,5938,6252,6278,0,6260,0,0,0,2017-04-14,75766000,6252,23,0,0,0,0,0,0,0,0,6254,43,0,0,0,0,0,0,0,0
330,2017-04-13,21:02:47,0,OI709,XZCE,6254,6250,6264,4904,306900360,303810,303666,6566,5938,6252,6278,0,6260,0,0,0,2017-04-14,75767000,6252,29,0,0,0,0,0,0,0,0,6254,43,0,0,0,0,0,0,0,0
331,2017-04-13,21:02:47,0,OI709,XZCE,6254,6250,6264,4906,307025440,303812,303666,6566,5938,6252,6278,0,6260,0,0,0,2017-04-14,75767000,6252,35,0,0,0,0,0,0,0,0,6254,35,0,0,0,0,0,0,0,0
332,2017-04-13,21:02:48,0,OI709,XZCE,6254,6250,6264,4910,307275600,303812,303666,6566,5938,6252,6278,0,6260,0,0,0,2017-04-14,75768000,6252,38,0,0,0,0,0,0,0,0,6254,38,0,0,0,0,0,0,0,0
333,2017-04-13,21:02:48,0,OI709,XZCE,6254,6250,6264,4910,307275600,303812,303666,6566,5938,6252,6278,0,6260,0,0,0,2017-04-14,75768000,6252,44,0,0,0,0,0,0,0,0,6254,38,0,0,0,0,0,0,0,0
334,2017-04-13,21:02:49,0,OI709,XZCE,6254,6250,6264,4910,307275600,303812,303666,6566,5938,6252,6278,0,6260,0,0,0,2017-04-14,75769000,6252,45,0,0,0,0,0,0,0,0,6254,38,0,0,0,0,0,0,0,0
335,2017-04-13,21:02:49,0,OI709,XZCE,6254,6250,6264,4912,307400680,303810,303666,6566,5938,6252,6278,0,6260,0,0,0,2017-04-14,75769000,6252,48,0,0,0,0,0,0,0,0,6254,36,0,0,0,0,0,0,0,0
336,2017-04-13,21:02:50,0,OI709,XZCE,6254,6250,6264,4914,307525760,303808,303666,6566,5938,6252,6278,0,6260,0,0,0,2017-04-14,75770000,6252,51,0,0,0,0,0,0,0,0,6254,40,0,0,0,0,0,0,0,0
337,2017-04-13,21:02:50,0,OI709,XZCE,6252,6250,6264,4948,309651440,303810,303666,6566,5938,6252,6278,0,6260,0,0,0,2017-04-14,75770000,6252,51,0,0,0,0,0,0,0,0,6254,21,0,0,0,0,0,0,0,0
338,2017-04-13,21:02:51,0,OI709,XZCE,6254,6250,6264,5000,312903520,303774,303666,6566,5938,6252,6278,0,6260,0,0,0,2017-04-14,75771000,6254,45,0,0,0,0,0,0,0,0,6256,27,0,0,0,0,0,0,0,0
339,2017-04-13,21:02:51,0,OI709,XZCE,6254,6250,6264,5002,313028600,303774,303666,6566,5938,6252,6278,0,6260,0,0,0,2017-04-14,75771000,6254,66,0,0,0,0,0,0,0,0,6256,34,0,0,0,0,0,0,0,0
340,2017-04-13,21:02:52,0,OI709,XZCE,6254,6250,6264,5002,313028600,303774,303666,6566,5938,6252,6278,0,6260,0,0,0,2017-04-14,75772000,6254,66,0,0,0,0,0,0,0,0,6256,40,0,0,0,0,0,0,0,0
341,2017-04-13,21:02:52,0,OI709,XZCE,6254,6250,6264,5002,313028600,303774,303666,6566,5938,6252,6278,0,6260,0,0,0,2017-04-14,75772000,6254,67,0,0,0,0,0,0,0,0,6256,40,0,0,0,0,0,0,0,0
342,2017-04-13,21:02:53,0,OI709,XZCE,6254,6250,6264,5002,313028600,303774,303666,6566,5938,6252,6278,0,6260,0,0,0,2017-04-14,75773000,6254,69,0,0,0,0,0,0,0,0,6256,40,0,0,0,0,0,0,0,0
343,2017-04-13,21:02:53,0,OI709,XZCE,6254,6250,6264,5004,313153680,303774,303666,6566,5938,6252,6278,0,6260,0,0,0,2017-04-14,75773000,6254,68,0,0,0,0,0,0,0,0,6256,40,0,0,0,0,0,0,0,0
344,2017-04-13,21:02:54,0,OI709,XZCE,6254,6250,6264,5004,313153680,303774,303666,6566,5938,6252,6278,0,6260,0,0,0,2017-04-14,75774000,6254,73,0,0,0,0,0,0,0,0,6256,40,0,0,0,0,0,0,0,0
345,2017-04-13,21:02:56,0,OI709,XZCE,6254,6250,6264,5080,317906720,303758,303666,6566,5938,6252,6278,0,6260,0,0,0,2017-04-14,75776000,6254,35,0,0,0,0,0,0,0,0,6256,76,0,0,0,0,0,0,0,0
346,2017-04-13,21:02:57,0,OI709,XZCE,6254,6250,6264,5082,318031800,303756,303666,6566,5938,6252,6278,0,6260,0,0,0,2017-04-14,75777000,6254,35,0,0,0,0,0,0,0,0,6256,41,0,0,0,0,0,0,0,0
347,2017-04-13,21:02:57,0,OI709,XZCE,6256,6250,6264,5084,318156920,303756,303666,6566,5938,6252,6278,0,6260,0,0,0,2017-04-14,75777000,6254,35,0,0,0,0,0,0,0,0,6256,41,0,0,0,0,0,0,0,0
348,2017-04-13,21:02:58,0,OI709,XZCE,6254,6250,6264,5096,318907400,303762,303666,6566,5938,6252,6278,0,6260,0,0,0,2017-04-14,75778000,6254,35,0,0,0,0,0,0,0,0,6256,36,0,0,0,0,0,0,0,0
349,2017-04-13,21:02:59,0,OI709,XZCE,6256,6250,6264,5100,319157640,303762,303666,6566,5938,6252,6278,0,6260,0,0,0,2017-04-14,75779000,6254,45,0,0,0,0,0,0,0,0,6256,31,0,0,0,0,0,0,0,0
350,2017-04-13,21:02:59,0,OI709,XZCE,6254,6250,6264,5206,325786880,303712,303666,6566,5938,6252,6278,0,6260,0,0,0,2017-04-14,75779000,6254,12,0,0,0,0,0,0,0,0,6256,40,0,0,0,0,0,0,0,0
351,2017-04-13,21:03:00,0,OI709,XZCE,6254,6250,6264,5206,325786880,303712,303666,6566,5938,6252,6278,0,6260,0,0,0,2017-04-14,75780000,6254,13,0,0,0,0,0,0,0,0,6256,45,0,0,0,0,0,0,0,0
352,2017-04-13,21:03:00,0,OI709,XZCE,6254,6250,6264,5206,325786880,303712,303666,6566,5938,6252,6278,0,6260,0,0,0,2017-04-14,75780000,6254,1,0,0,0,0,0,0,0,0,6256,45,0,0,0,0,0,0,0,0
353,2017-04-13,21:03:01,0,OI709,XZCE,6254,6250,6264,5210,326037040,303710,303666,6566,5938,6252,6278,0,6260,0,0,0,2017-04-14,75781000,6252,65,0,0,0,0,0,0,0,0,6254,13,0,0,0,0,0,0,0,0
354,2017-04-13,21:03:01,0,OI709,XZCE,6254,6250,6264,5210,326037040,303710,303666,6566,5938,6252,6278,0,6260,0,0,0,2017-04-14,75781000,6252,65,0,0,0,0,0,0,0,0,6254,15,0,0,0,0,0,0,0,0
355,2017-04-13,21:03:02,0,OI709,XZCE,6254,6250,6264,5212,326162120,303710,303666,6566,5938,6252,6278,0,6260,0,0,0,2017-04-14,75782000,6252,58,0,0,0,0,0,0,0,0,6254,59,0,0,0,0,0,0,0,0
356,2017-04-13,21:03:02,0,OI709,XZCE,6252,6250,6264,5266,329538200,303702,303666,6566,5938,6252,6278,0,6260,0,0,0,2017-04-14,75782000,6252,31,0,0,0,0,0,0,0,0,6254,63,0,0,0,0,0,0,0,0
357,2017-04-13,21:03:03,0,OI709,XZCE,6252,6250,6264,5288,330913640,303720,303666,6566,5938,6252,6278,0,6260,0,0,0,2017-04-14,75783000,6252,21,0,0,0,0,0,0,0,0,6254,67,0,0,0,0,0,0,0,0
358,2017-04-13,21:03:03,0,OI709,XZCE,6252,6250,6264,5294,331288760,303724,303666,6566,5938,6252,6278,0,6260,0,0,0,2017-04-14,75783000,6252,18,0,0,0,0,0,0,0,0,6254,67,0,0,0,0,0,0,0,0
359,2017-04-13,21:03:04,0,OI709,XZCE,6254,6250,6264,5308,332164320,303720,303666,6566,5938,6252,6278,0,6260,0,0,0,2017-04-14,75784000,6252,23,0,0,0,0,0,0,0,0,6254,22,0,0,0,0,0,0,0,0
360,2017-04-13,21:03:04,0,OI709,XZCE,6254,6250,6264,5312,332414480,303720,303666,6566,5938,6252,6278,0,6260,0,0,0,2017-04-14,75784000,6252,26,0,0,0,0,0,0,0,0,6254,24,0,0,0,0,0,0,0,0
361,2017-04-13,21:03:05,0,OI709,XZCE,6252,6250,6264,5334,333789920,303720,303666,6566,5938,6252,6278,0,6260,0,0,0,2017-04-14,75785000,6252,8,0,0,0,0,0,0,0,0,6254,25,0,0,0,0,0,0,0,0
362,2017-04-13,21:03:05,0,OI709,XZCE,6254,6250,6264,5336,333915000,303720,303666,6566,5938,6252,6278,0,6260,0,0,0,2017-04-14,75785000,6252,13,0,0,0,0,0,0,0,0,6254,24,0,0,0,0,0,0,0,0
363,2017-04-13,21:03:06,0,OI709,XZCE,6252,6250,6264,5344,334415160,303712,303666,6566,5938,6252,6278,0,6260,0,0,0,2017-04-14,75786000,6252,11,0,0,0,0,0,0,0,0,6254,20,0,0,0,0,0,0,0,0
364,2017-04-13,21:03:06,0,OI709,XZCE,6254,6250,6264,5346,334540240,303714,303666,6566,5938,6252,6278,0,6260,0,0,0,2017-04-14,75786000,6252,15,0,0,0,0,0,0,0,0,6254,19,0,0,0,0,0,0,0,0
365,2017-04-13,21:03:07,0,OI709,XZCE,6254,6250,6264,5392,337417080,303742,303666,6566,5938,6252,6278,0,6260,0,0,0,2017-04-14,75787000,6254,77,0,0,0,0,0,0,0,0,6256,57,0,0,0,0,0,0,0,0
366,2017-04-13,21:03:07,0,OI709,XZCE,6254,6250,6264,5402,338042480,303742,303666,6566,5938,6252,6278,0,6260,0,0,0,2017-04-14,75787000,6254,72,0,0,0,0,0,0,0,0,6256,56,0,0,0,0,0,0,0,0
367,2017-04-13,21:03:08,0,OI709,XZCE,6254,6250,6264,5402,338042480,303742,303666,6566,5938,6252,6278,0,6260,0,0,0,2017-04-14,75788000,6254,73,0,0,0,0,0,0,0,0,6256,54,0,0,0,0,0,0,0,0
368,2017-04-13,21:03:09,0,OI709,XZCE,6254,6250,6264,5404,338167560,303744,303666,6566,5938,6252,6278,0,6260,0,0,0,2017-04-14,75789000,6254,72,0,0,0,0,0,0,0,0,6256,54,0,0,0,0,0,0,0,0
369,2017-04-13,21:03:09,0,OI709,XZCE,6254,6250,6264,5406,338292640,303746,303666,6566,5938,6252,6278,0,6260,0,0,0,2017-04-14,75789000,6254,72,0,0,0,0,0,0,0,0,6256,54,0,0,0,0,0,0,0,0
370,2017-04-13,21:03:11,0,OI709,XZCE,6254,6250,6264,5406,338292640,303746,303666,6566,5938,6252,6278,0,6260,0,0,0,2017-04-14,75791000,6254,80,0,0,0,0,0,0,0,0,6256,50,0,0,0,0,0,0,0,0
371,2017-04-13,21:03:11,0,OI709,XZCE,6254,6250,6264,5406,338292640,303746,303666,6566,5938,6252,6278,0,6260,0,0,0,2017-04-14,75791000,6254,90,0,0,0,0,0,0,0,0,6256,40,0,0,0,0,0,0,0,0
372,2017-04-13,21:03:12,0,OI709,XZCE,6256,6250,6264,5488,343422560,303680,303666,6566,5938,6252,6278,0,6260,0,0,0,2017-04-14,75792000,6256,1,0,0,0,0,0,0,0,0,6258,77,0,0,0,0,0,0,0,0
373,2017-04-13,21:03:12,0,OI709,XZCE,6256,6250,6264,5504,344423520,303674,303666,6566,5938,6252,6278,0,6260,0,0,0,2017-04-14,75792000,6254,87,0,0,0,0,0,0,0,0,6256,11,0,0,0,0,0,0,0,0
374,2017-04-13,21:03:13,0,OI709,XZCE,6256,6250,6264,5504,344423520,303674,303666,6566,5938,6252,6278,0,6260,0,0,0,2017-04-14,75793000,6254,83,0,0,0,0,0,0,0,0,6256,16,0,0,0,0,0,0,0,0
375,2017-04-13,21:03:13,0,OI709,XZCE,6256,6250,6264,5504,344423520,303674,303666,6566,5938,6252,6278,0,6260,0,0,0,2017-04-14,75793000,6254,79,0,0,0,0,0,0,0,0,6256,72,0,0,0,0,0,0,0,0
376,2017-04-13,21:03:14,0,OI709,XZCE,6256,6250,6264,5504,344423520,303674,303666,6566,5938,6252,6278,0,6260,0,0,0,2017-04-14,75794000,6254,76,0,0,0,0,0,0,0,0,6256,111,0,0,0,0,0,0,0,0
377,2017-04-13,21:03:14,0,OI709,XZCE,6256,6250,6264,5504,344423520,303674,303666,6566,5938,6252,6278,0,6260,0,0,0,2017-04-14,75794000,6254,76,0,0,0,0,0,0,0,0,6256,141,0,0,0,0,0,0,0,0
378,2017-04-13,21:03:15,0,OI709,XZCE,6256,6250,6264,5506,344548640,303676,303666,6566,5938,6252,6278,0,6260,0,0,0,2017-04-14,75795000,6254,76,0,0,0,0,0,0,0,0,6256,90,0,0,0,0,0,0,0,0
379,2017-04-13,21:03:15,0,OI709,XZCE,6256,6250,6264,5512,344924000,303676,303666,6566,5938,6252,6278,0,6260,0,0,0,2017-04-14,75795000,6254,80,0,0,0,0,0,0,0,0,6256,46,0,0,0,0,0,0,0,0
380,2017-04-13,21:03:16,0,OI709,XZCE,6256,6250,6264,5512,344924000,303676,303666,6566,5938,6252,6278,0,6260,0,0,0,2017-04-14,75796000,6254,80,0,0,0,0,0,0,0,0,6256,47,0,0,0,0,0,0,0,0
381,2017-04-13,21:03:17,0,OI709,XZCE,6256,6250,6264,5514,345049120,303676,303666,6566,5938,6252,6278,0,6260,0,0,0,2017-04-14,75797000,6254,80,0,0,0,0,0,0,0,0,6256,46,0,0,0,0,0,0,0,0
382,2017-04-13,21:03:17,0,OI709,XZCE,6256,6250,6264,5514,345049120,303676,303666,6566,5938,6252,6278,0,6260,0,0,0,2017-04-14,75797000,6254,80,0,0,0,0,0,0,0,0,6256,47,0,0,0,0,0,0,0,0
383,2017-04-13,21:03:18,0,OI709,XZCE,6256,6250,6264,5520,345424480,303676,303666,6566,5938,6252,6278,0,6260,0,0,0,2017-04-14,75798000,6254,80,0,0,0,0,0,0,0,0,6256,44,0,0,0,0,0,0,0,0
384,2017-04-13,21:03:19,0,OI709,XZCE,6256,6250,6264,5520,345424480,303676,303666,6566,5938,6252,6278,0,6260,0,0,0,2017-04-14,75799000,6254,80,0,0,0,0,0,0,0,0,6256,47,0,0,0,0,0,0,0,0
385,2017-04-13,21:03:22,0,OI709,XZCE,6256,6250,6264,5542,346800800,303678,303666,6566,5938,6252,6278,0,6260,0,0,0,2017-04-14,75802000,6254,80,0,0,0,0,0,0,0,0,6256,36,0,0,0,0,0,0,0,0
386,2017-04-13,21:03:23,0,OI709,XZCE,6254,6250,6264,5544,346925880,303678,303666,6566,5938,6252,6278,0,6260,0,0,0,2017-04-14,75803000,6254,79,0,0,0,0,0,0,0,0,6256,37,0,0,0,0,0,0,0,0
387,2017-04-13,21:03:23,0,OI709,XZCE,6256,6250,6264,5548,347176120,303676,303666,6566,5938,6252,6278,0,6260,0,0,0,2017-04-14,75803000,6254,80,0,0,0,0,0,0,0,0,6256,35,0,0,0,0,0,0,0,0
388,2017-04-13,21:03:24,0,OI709,XZCE,6256,6250,6264,5560,347926840,303688,303666,6566,5938,6252,6278,0,6260,0,0,0,2017-04-14,75804000,6254,75,0,0,0,0,0,0,0,0,6256,39,0,0,0,0,0,0,0,0
389,2017-04-13,21:03:25,0,OI709,XZCE,6254,6250,6264,5580,349177640,303688,303666,6566,5938,6252,6278,0,6260,0,0,0,2017-04-14,75805000,6254,65,0,0,0,0,0,0,0,0,6256,39,0,0,0,0,0,0,0,0
390,2017-04-13,21:03:27,0,OI709,XZCE,6254,6250,6264,5580,349177640,303688,303666,6566,5938,6252,6278,0,6260,0,0,0,2017-04-14,75807000,6254,71,0,0,0,0,0,0,0,0,6256,34,0,0,0,0,0,0,0,0
391,2017-04-13,21:03:27,0,OI709,XZCE,6254,6250,6264,5580,349177640,303688,303666,6566,5938,6252,6278,0,6260,0,0,0,2017-04-14,75807000,6254,79,0,0,0,0,0,0,0,0,6256,34,0,0,0,0,0,0,0,0
392,2017-04-13,21:03:28,0,OI709,XZCE,6254,6250,6264,5580,349177640,303688,303666,6566,5938,6252,6278,0,6260,0,0,0,2017-04-14,75808000,6254,78,0,0,0,0,0,0,0,0,6256,35,0,0,0,0,0,0,0,0
393,2017-04-13,21:03:28,0,OI709,XZCE,6254,6250,6264,5580,349177640,303688,303666,6566,5938,6252,6278,0,6260,0,0,0,2017-04-14,75808000,6254,66,0,0,0,0,0,0,0,0,6256,40,0,0,0,0,0,0,0,0
394,2017-04-13,21:03:30,0,OI709,XZCE,6254,6250,6264,5580,349177640,303688,303666,6566,5938,6252,6278,0,6260,0,0,0,2017-04-14,75810000,6254,65,0,0,0,0,0,0,0,0,6256,39,0,0,0,0,0,0,0,0
395,2017-04-13,21:03:32,0,OI709,XZCE,6254,6250,6264,5598,350303360,303688,303666,6566,5938,6252,6278,0,6260,0,0,0,2017-04-14,75812000,6254,56,0,0,0,0,0,0,0,0,6256,39,0,0,0,0,0,0,0,0
396,2017-04-13,21:03:34,0,OI709,XZCE,6256,6250,6264,5600,350428480,303690,303666,6566,5938,6252,6278,0,6260,0,0,0,2017-04-14,75814000,6254,56,0,0,0,0,0,0,0,0,6256,38,0,0,0,0,0,0,0,0
397,2017-04-13,21:03:35,0,OI709,XZCE,6256,6250,6264,5600,350428480,303690,303666,6566,5938,6252,6278,0,6260,0,0,0,2017-04-14,75815000,6254,56,0,0,0,0,0,0,0,0,6256,40,0,0,0,0,0,0,0,0
398,2017-04-13,21:03:36,0,OI709,XZCE,6254,6250,6264,5602,350553560,303690,303666,6566,5938,6252,6278,0,6260,0,0,0,2017-04-14,75816000,6254,56,0,0,0,0,0,0,0,0,6256,40,0,0,0,0,0,0,0,0
399,2017-04-13,21:03:37,0,OI709,XZCE,6256,6250,6264,5606,350803800,303694,303666,6566,5938,6252,6278,0,6260,0,0,0,2017-04-14,75817000,6254,56,0,0,0,0,0,0,0,0,6256,38,0,0,0,0,0,0,0,0
400,2017-04-13,21:03:39,0,OI709,XZCE,6256,6250,6264,5626,352055000,303714,303666,6566,5938,6252,6278,0,6260,0,0,0,2017-04-14,75819000,6254,61,0,0,0,0,0,0,0,0,6256,23,0,0,0,0,0,0,0,0
401,2017-04-13,21:03:39,0,OI709,XZCE,6256,6250,6264,5626,352055000,303714,303666,6566,5938,6252,6278,0,6260,0,0,0,2017-04-14,75819000,6254,61,0,0,0,0,0,0,0,0,6256,25,0,0,0,0,0,0,0,0
402,2017-04-13,21:03:40,0,OI709,XZCE,6256,6250,6264,5626,352055000,303714,303666,6566,5938,6252,6278,0,6260,0,0,0,2017-04-14,75820000,6254,64,0,0,0,0,0,0,0,0,6256,25,0,0,0,0,0,0,0,0
403,2017-04-13,21:03:41,0,OI709,XZCE,6256,6250,6264,5646,353306200,303734,303666,6566,5938,6252,6278,0,6260,0,0,0,2017-04-14,75821000,6254,64,0,0,0,0,0,0,0,0,6256,15,0,0,0,0,0,0,0,0
404,2017-04-13,21:03:41,0,OI709,XZCE,6256,6250,6264,5648,353431320,303736,303666,6566,5938,6252,6278,0,6260,0,0,0,2017-04-14,75821000,6254,64,0,0,0,0,0,0,0,0,6256,14,0,0,0,0,0,0,0,0
405,2017-04-13,21:03:41,0,OI709,XZCE,6256,6250,6264,5648,353431320,303736,303666,6566,5938,6252,6278,0,6260,0,0,0,2017-04-14,75821000,6254,65,0,0,0,0,0,0,0,0,6256,14,0,0,0,0,0,0,0,0
406,2017-04-13,21:03:42,0,OI709,XZCE,6256,6250,6264,5686,355808600,303748,303666,6566,5938,6252,6278,0,6260,0,0,0,2017-04-14,75822000,6256,27,0,0,0,0,0,0,0,0,6258,85,0,0,0,0,0,0,0,0
407,2017-04-13,21:03:43,0,OI709,XZCE,6256,6250,6264,5686,355808600,303748,303666,6566,5938,6252,6278,0,6260,0,0,0,2017-04-14,75823000,6256,31,0,0,0,0,0,0,0,0,6258,85,0,0,0,0,0,0,0,0
408,2017-04-13,21:03:43,0,OI709,XZCE,6256,6250,6264,5686,355808600,303748,303666,6566,5938,6252,6278,0,6260,0,0,0,2017-04-14,75823000,6256,22,0,0,0,0,0,0,0,0,6258,85,0,0,0,0,0,0,0,0
409,2017-04-13,21:03:44,0,OI709,XZCE,6256,6250,6264,5686,355808600,303748,303666,6566,5938,6252,6278,0,6260,0,0,0,2017-04-14,75824000,6256,22,0,0,0,0,0,0,0,0,6258,86,0,0,0,0,0,0,0,0
410,2017-04-13,21:03:44,0,OI709,XZCE,6256,6250,6264,5686,355808600,303748,303666,6566,5938,6252,6278,0,6260,0,0,0,2017-04-14,75824000,6256,22,0,0,0,0,0,0,0,0,6258,87,0,0,0,0,0,0,0,0
411,2017-04-13,21:03:45,0,OI709,XZCE,6256,6250,6264,5686,355808600,303748,303666,6566,5938,6252,6278,0,6260,0,0,0,2017-04-14,75825000,6256,23,0,0,0,0,0,0,0,0,6258,87,0,0,0,0,0,0,0,0
412,2017-04-13,21:03:46,0,OI709,XZCE,6258,6250,6264,5688,355933760,303748,303666,6566,5938,6252,6278,0,6260,0,0,0,2017-04-14,75826000,6256,23,0,0,0,0,0,0,0,0,6258,86,0,0,0,0,0,0,0,0
413,2017-04-13,21:03:46,0,OI709,XZCE,6258,6250,6264,5690,356058920,303746,303666,6566,5938,6252,6278,0,6260,0,0,0,2017-04-14,75826000,6256,23,0,0,0,0,0,0,0,0,6258,90,0,0,0,0,0,0,0,0
414,2017-04-13,21:03:47,0,OI709,XZCE,6258,6250,6264,5694,356309240,303742,303666,6566,5938,6252,6278,0,6260,0,0,0,2017-04-14,75827000,6256,23,0,0,0,0,0,0,0,0,6258,88,0,0,0,0,0,0,0,0
415,2017-04-13,21:03:48,0,OI709,XZCE,6258,6250,6264,5696,356434400,303742,303666,6566,5938,6252,6278,0,6260,0,0,0,2017-04-14,75828000,6256,23,0,0,0,0,0,0,0,0,6258,87,0,0,0,0,0,0,0,0
416,2017-04-13,21:03:49,0,OI709,XZCE,6258,6250,6264,5696,356434400,303742,303666,6566,5938,6252,6278,0,6260,0,0,0,2017-04-14,75829000,6256,22,0,0,0,0,0,0,0,0,6258,87,0,0,0,0,0,0,0,0
417,2017-04-13,21:03:50,0,OI709,XZCE,6258,6250,6264,5704,356935040,303742,303666,6566,5938,6252,6278,0,6260,0,0,0,2017-04-14,75830000,6256,23,0,0,0,0,0,0,0,0,6258,79,0,0,0,0,0,0,0,0
418,2017-04-13,21:03:50,0,OI709,XZCE,6258,6250,6264,5706,357060200,303742,303666,6566,5938,6252,6278,0,6260,0,0,0,2017-04-14,75830000,6256,23,0,0,0,0,0,0,0,0,6258,78,0,0,0,0,0,0,0,0
419,2017-04-13,21:03:52,0,OI709,XZCE,6258,6250,6264,5708,357185360,303742,303666,6566,5938,6252,6278,0,6260,0,0,0,2017-04-14,75832000,6256,23,0,0,0,0,0,0,0,0,6258,77,0,0,0,0,0,0,0,0
420,2017-04-13,21:03:53,0,OI709,XZCE,6256,6250,6264,5712,357435600,303742,303666,6566,5938,6252,6278,0,6260,0,0,0,2017-04-14,75833000,6256,22,0,0,0,0,0,0,0,0,6258,76,0,0,0,0,0,0,0,0
421,2017-04-13,21:03:53,0,OI709,XZCE,6256,6250,6264,5714,357560720,303742,303666,6566,5938,6252,6278,0,6260,0,0,0,2017-04-14,75833000,6256,19,0,0,0,0,0,0,0,0,6258,76,0,0,0,0,0,0,0,0
422,2017-04-13,21:03:54,0,OI709,XZCE,6258,6250,6264,5726,358311680,303730,303666,6566,5938,6252,6278,0,6260,0,0,0,2017-04-14,75834000,6256,24,0,0,0,0,0,0,0,0,6258,70,0,0,0,0,0,0,0,0
423,2017-04-13,21:03:54,0,OI709,XZCE,6258,6250,6264,5728,358436840,303730,303666,6566,5938,6252,6278,0,6260,0,0,0,2017-04-14,75834000,6256,24,0,0,0,0,0,0,0,0,6258,69,0,0,0,0,0,0,0,0
424,2017-04-13,21:03:56,0,OI709,XZCE,6258,6250,6264,5728,358436840,303730,303666,6566,5938,6252,6278,0,6260,0,0,0,2017-04-14,75836000,6256,24,0,0,0,0,0,0,0,0,6258,71,0,0,0,0,0,0,0,0
425,2017-04-13,21:03:57,0,OI709,XZCE,6258,6250,6264,5728,358436840,303730,303666,6566,5938,6252,6278,0,6260,0,0,0,2017-04-14,75837000,6256,24,0,0,0,0,0,0,0,0,6258,81,0,0,0,0,0,0,0,0
426,2017-04-13,21:03:59,0,OI709,XZCE,6258,6250,6264,5728,358436840,303730,303666,6566,5938,6252,6278,0,6260,0,0,0,2017-04-14,75839000,6256,25,0,0,0,0,0,0,0,0,6258,81,0,0,0,0,0,0,0,0
427,2017-04-13,21:03:59,0,OI709,XZCE,6258,6250,6264,5730,358562000,303730,303666,6566,5938,6252,6278,0,6260,0,0,0,2017-04-14,75839000,6256,25,0,0,0,0,0,0,0,0,6258,80,0,0,0,0,0,0,0,0
428,2017-04-13,21:04:00,0,OI709,XZCE,6258,6250,6264,5730,358562000,303730,303666,6566,5938,6252,6278,0,6260,0,0,0,2017-04-14,75840000,6256,26,0,0,0,0,0,0,0,0,6258,80,0,0,0,0,0,0,0,0
429,2017-04-13,21:04:00,0,OI709,XZCE,6256,6250,6264,5732,358687120,303732,303666,6566,5938,6252,6278,0,6260,0,0,0,2017-04-14,75840000,6256,25,0,0,0,0,0,0,0,0,6258,80,0,0,0,0,0,0,0,0
430,2017-04-13,21:04:01,0,OI709,XZCE,6256,6250,6264,5738,359062480,303738,303666,6566,5938,6252,6278,0,6260,0,0,0,2017-04-14,75841000,6256,19,0,0,0,0,0,0,0,0,6258,81,0,0,0,0,0,0,0,0
431,2017-04-13,21:04:01,0,OI709,XZCE,6258,6250,6264,5742,359312800,303738,303666,6566,5938,6252,6278,0,6260,0,0,0,2017-04-14,75841000,6256,19,0,0,0,0,0,0,0,0,6258,84,0,0,0,0,0,0,0,0
432,2017-04-13,21:04:01,0,OI709,XZCE,6258,6250,6264,5742,359312800,303738,303666,6566,5938,6252,6278,0,6260,0,0,0,2017-04-14,75841000,6256,19,0,0,0,0,0,0,0,0,6258,85,0,0,0,0,0,0,0,0
433,2017-04-13,21:04:02,0,OI709,XZCE,6256,6250,6264,5754,360063520,303734,303666,6566,5938,6252,6278,0,6260,0,0,0,2017-04-14,75842000,6256,13,0,0,0,0,0,0,0,0,6258,85,0,0,0,0,0,0,0,0
434,2017-04-13,21:04:04,0,OI709,XZCE,6256,6250,6264,5754,360063520,303734,303666,6566,5938,6252,6278,0,6260,0,0,0,2017-04-14,75844000,6256,13,0,0,0,0,0,0,0,0,6258,92,0,0,0,0,0,0,0,0
435,2017-04-13,21:04:04,0,OI709,XZCE,6256,6250,6264,5754,360063520,303734,303666,6566,5938,6252,6278,0,6260,0,0,0,2017-04-14,75844000,6256,17,0,0,0,0,0,0,0,0,6258,92,0,0,0,0,0,0,0,0
436,2017-04-13,21:04:04,0,OI709,XZCE,6256,6250,6264,5756,360188640,303732,303666,6566,5938,6252,6278,0,6260,0,0,0,2017-04-14,75844000,6256,16,0,0,0,0,0,0,0,0,6258,92,0,0,0,0,0,0,0,0
437,2017-04-13,21:04:06,0,OI709,XZCE,6256,6250,6264,5756,360188640,303732,303666,6566,5938,6252,6278,0,6260,0,0,0,2017-04-14,75846000,6256,16,0,0,0,0,0,0,0,0,6258,95,0,0,0,0,0,0,0,0
438,2017-04-13,21:04:06,0,OI709,XZCE,6256,6250,6264,5756,360188640,303732,303666,6566,5938,6252,6278,0,6260,0,0,0,2017-04-14,75846000,6256,15,0,0,0,0,0,0,0,0,6258,95,0,0,0,0,0,0,0,0
439,2017-04-13,21:04:07,0,OI709,XZCE,6256,6250,6264,5756,360188640,303732,303666,6566,5938,6252,6278,0,6260,0,0,0,2017-04-14,75847000,6256,16,0,0,0,0,0,0,0,0,6258,95,0,0,0,0,0,0,0,0
440,2017-04-13,21:04:08,0,OI709,XZCE,6256,6250,6264,5756,360188640,303732,303666,6566,5938,6252,6278,0,6260,0,0,0,2017-04-14,75848000,6256,21,0,0,0,0,0,0,0,0,6258,95,0,0,0,0,0,0,0,0
441,2017-04-13,21:04:10,0,OI709,XZCE,6256,6250,6264,5756,360188640,303732,303666,6566,5938,6252,6278,0,6260,0,0,0,2017-04-14,75850000,6256,23,0,0,0,0,0,0,0,0,6258,95,0,0,0,0,0,0,0,0
442,2017-04-13,21:04:11,0,OI709,XZCE,6256,6250,6264,5756,360188640,303732,303666,6566,5938,6252,6278,0,6260,0,0,0,2017-04-14,75851000,6256,23,0,0,0,0,0,0,0,0,6258,103,0,0,0,0,0,0,0,0
443,2017-04-13,21:04:13,0,OI709,XZCE,6258,6250,6264,5792,362441520,303732,303666,6566,5938,6252,6278,0,6260,0,0,0,2017-04-14,75853000,6256,23,0,0,0,0,0,0,0,0,6258,83,0,0,0,0,0,0,0,0
444,2017-04-13,21:04:13,0,OI709,XZCE,6258,6250,6264,5792,362441520,303732,303666,6566,5938,6252,6278,0,6260,0,0,0,2017-04-14,75853000,6256,28,0,0,0,0,0,0,0,0,6258,73,0,0,0,0,0,0,0,0
445,2017-04-13,21:04:14,0,OI709,XZCE,6256,6250,6264,5794,362566640,303730,303666,6566,5938,6252,6278,0,6260,0,0,0,2017-04-14,75854000,6256,27,0,0,0,0,0,0,0,0,6258,74,0,0,0,0,0,0,0,0
446,2017-04-13,21:04:14,0,OI709,XZCE,6258,6250,6264,5796,362691800,303730,303666,6566,5938,6252,6278,0,6260,0,0,0,2017-04-14,75854000,6256,29,0,0,0,0,0,0,0,0,6258,73,0,0,0,0,0,0,0,0
447,2017-04-13,21:04:15,0,OI709,XZCE,6258,6250,6264,5796,362691800,303730,303666,6566,5938,6252,6278,0,6260,0,0,0,2017-04-14,75855000,6256,33,0,0,0,0,0,0,0,0,6258,73,0,0,0,0,0,0,0,0
448,2017-04-13,21:04:19,0,OI709,XZCE,6258,6250,6264,5796,362691800,303730,303666,6566,5938,6252,6278,0,6260,0,0,0,2017-04-14,75859000,6256,34,0,0,0,0,0,0,0,0,6258,73,0,0,0,0,0,0,0,0
449,2017-04-13,21:04:20,0,OI709,XZCE,6258,6250,6264,5796,362691800,303730,303666,6566,5938,6252,6278,0,6260,0,0,0,2017-04-14,75860000,6256,39,0,0,0,0,0,0,0,0,6258,74,0,0,0,0,0,0,0,0
450,2017-04-13,21:04:21,0,OI709,XZCE,6258,6250,6264,5796,362691800,303730,303666,6566,5938,6252,6278,0,6260,0,0,0,2017-04-14,75861000,6256,38,0,0,0,0,0,0,0,0,6258,74,0,0,0,0,0,0,0,0
451,2017-04-13,21:04:21,0,OI709,XZCE,6258,6250,6264,5796,362691800,303730,303666,6566,5938,6252,6278,0,6260,0,0,0,2017-04-14,75861000,6256,39,0,0,0,0,0,0,0,0,6258,74,0,0,0,0,0,0,0,0
452,2017-04-13,21:04:22,0,OI709,XZCE,6258,6250,6264,5798,362816960,303732,303666,6566,5938,6252,6278,0,6260,0,0,0,2017-04-14,75862000,6256,40,0,0,0,0,0,0,0,0,6258,73,0,0,0,0,0,0,0,0
453,2017-04-13,21:04:23,0,OI709,XZCE,6258,6250,6264,5800,362942120,303734,303666,6566,5938,6252,6278,0,6260,0,0,0,2017-04-14,75863000,6256,39,0,0,0,0,0,0,0,0,6258,77,0,0,0,0,0,0,0,0
454,2017-04-13,21:04:24,0,OI709,XZCE,6258,6250,6264,5800,362942120,303734,303666,6566,5938,6252,6278,0,6260,0,0,0,2017-04-14,75864000,6256,42,0,0,0,0,0,0,0,0,6258,77,0,0,0,0,0,0,0,0
455,2017-04-13,21:04:25,0,OI709,XZCE,6258,6250,6264,5800,362942120,303734,303666,6566,5938,6252,6278,0,6260,0,0,0,2017-04-14,75865000,6256,57,0,0,0,0,0,0,0,0,6258,77,0,0,0,0,0,0,0,0
456,2017-04-13,21:04:29,0,OI709,XZCE,6258,6250,6264,5806,363317600,303730,303666,6566,5938,6252,6278,0,6260,0,0,0,2017-04-14,75869000,6256,64,0,0,0,0,0,0,0,0,6258,76,0,0,0,0,0,0,0,0
457,2017-04-13,21:04:31,0,OI709,XZCE,6258,6250,6264,5806,363317600,303730,303666,6566,5938,6252,6278,0,6260,0,0,0,2017-04-14,75871000,6256,52,0,0,0,0,0,0,0,0,6258,81,0,0,0,0,0,0,0,0
458,2017-04-13,21:04:32,0,OI709,XZCE,6258,6250,6264,5808,363442760,303732,303666,6566,5938,6252,6278,0,6260,0,0,0,2017-04-14,75872000,6256,52,0,0,0,0,0,0,0,0,6258,80,0,0,0,0,0,0,0,0
459,2017-04-13,21:04:33,0,OI709,XZCE,6258,6250,6264,5808,363442760,303732,303666,6566,5938,6252,6278,0,6260,0,0,0,2017-04-14,75873000,6256,52,0,0,0,0,0,0,0,0,6258,78,0,0,0,0,0,0,0,0
460,2017-04-13,21:04:34,0,OI709,XZCE,6258,6250,6264,5824,364444040,303716,303666,6566,5938,6252,6278,0,6260,0,0,0,2017-04-14,75874000,6256,58,0,0,0,0,0,0,0,0,6258,65,0,0,0,0,0,0,0,0
461,2017-04-13,21:04:35,0,OI709,XZCE,6258,6250,6264,5826,364569200,303716,303666,6566,5938,6252,6278,0,6260,0,0,0,2017-04-14,75875000,6256,58,0,0,0,0,0,0,0,0,6258,64,0,0,0,0,0,0,0,0
462,2017-04-13,21:04:35,0,OI709,XZCE,6256,6250,6264,5828,364694320,303716,303666,6566,5938,6252,6278,0,6260,0,0,0,2017-04-14,75875000,6256,57,0,0,0,0,0,0,0,0,6258,65,0,0,0,0,0,0,0,0
463,2017-04-13,21:04:36,0,OI709,XZCE,6256,6250,6264,5828,364694320,303716,303666,6566,5938,6252,6278,0,6260,0,0,0,2017-04-14,75876000,6256,58,0,0,0,0,0,0,0,0,6258,65,0,0,0,0,0,0,0,0
464,2017-04-13,21:04:36,0,OI709,XZCE,6256,6250,6264,5828,364694320,303716,303666,6566,5938,6252,6278,0,6260,0,0,0,2017-04-14,75876000,6256,59,0,0,0,0,0,0,0,0,6258,65,0,0,0,0,0,0,0,0
465,2017-04-13,21:04:38,0,OI709,XZCE,6256,6250,6264,5936,371450800,303708,303666,6566,5938,6252,6278,0,6260,0,0,0,2017-04-14,75878000,6254,65,0,0,0,0,0,0,0,0,6256,5,0,0,0,0,0,0,0,0
466,2017-04-13,21:04:38,0,OI709,XZCE,6256,6250,6264,5948,372201520,303710,303666,6566,5938,6252,6278,0,6260,0,0,0,2017-04-14,75878000,6254,67,0,0,0,0,0,0,0,0,6258,85,0,0,0,0,0,0,0,0
467,2017-04-13,21:04:39,0,OI709,XZCE,6256,6250,6264,5948,372201520,303710,303666,6566,5938,6252,6278,0,6260,0,0,0,2017-04-14,75879000,6256,12,0,0,0,0,0,0,0,0,6258,85,0,0,0,0,0,0,0,0
468,2017-04-13,21:04:40,0,OI709,XZCE,6256,6250,6264,5948,372201520,303710,303666,6566,5938,6252,6278,0,6260,0,0,0,2017-04-14,75880000,6256,12,0,0,0,0,0,0,0,0,6258,70,0,0,0,0,0,0,0,0
469,2017-04-13,21:04:40,0,OI709,XZCE,6256,6250,6264,5948,372201520,303710,303666,6566,5938,6252,6278,0,6260,0,0,0,2017-04-14,75880000,6256,21,0,0,0,0,0,0,0,0,6258,71,0,0,0,0,0,0,0,0
470,2017-04-13,21:04:41,0,OI709,XZCE,6256,6250,6264,5948,372201520,303710,303666,6566,5938,6252,6278,0,6260,0,0,0,2017-04-14,75881000,6256,26,0,0,0,0,0,0,0,0,6258,67,0,0,0,0,0,0,0,0
471,2017-04-13,21:04:41,0,OI709,XZCE,6256,6250,6264,5948,372201520,303710,303666,6566,5938,6252,6278,0,6260,0,0,0,2017-04-14,75881000,6256,27,0,0,0,0,0,0,0,0,6258,67,0,0,0,0,0,0,0,0
472,2017-04-13,21:04:43,0,OI709,XZCE,6256,6250,6264,5958,372827120,303700,303666,6566,5938,6252,6278,0,6260,0,0,0,2017-04-14,75883000,6256,11,0,0,0,0,0,0,0,0,6258,72,0,0,0,0,0,0,0,0
473,2017-04-13,21:04:43,0,OI709,XZCE,6258,6250,6264,5960,372952280,303698,303666,6566,5938,6252,6278,0,6260,0,0,0,2017-04-14,75883000,6256,13,0,0,0,0,0,0,0,0,6258,71,0,0,0,0,0,0,0,0
474,2017-04-13,21:04:44,0,OI709,XZCE,6256,6250,6264,5962,373077400,303698,303666,6566,5938,6252,6278,0,6260,0,0,0,2017-04-14,75884000,6256,14,0,0,0,0,0,0,0,0,6258,72,0,0,0,0,0,0,0,0
475,2017-04-13,21:04:45,0,OI709,XZCE,6256,6250,6264,5962,373077400,303698,303666,6566,5938,6252,6278,0,6260,0,0,0,2017-04-14,75885000,6256,16,0,0,0,0,0,0,0,0,6258,72,0,0,0,0,0,0,0,0
476,2017-04-13,21:04:46,0,OI709,XZCE,6256,6250,6264,5962,373077400,303698,303666,6566,5938,6252,6278,0,6260,0,0,0,2017-04-14,75886000,6256,23,0,0,0,0,0,0,0,0,6258,72,0,0,0,0,0,0,0,0
477,2017-04-13,21:04:46,0,OI709,XZCE,6256,6250,6264,5962,373077400,303698,303666,6566,5938,6252,6278,0,6260,0,0,0,2017-04-14,75886000,6256,24,0,0,0,0,0,0,0,0,6258,73,0,0,0,0,0,0,0,0
478,2017-04-13,21:04:48,0,OI709,XZCE,6256,6250,6264,5964,373202520,303700,303666,6566,5938,6252,6278,0,6260,0,0,0,2017-04-14,75888000,6256,24,0,0,0,0,0,0,0,0,6258,73,0,0,0,0,0,0,0,0
479,2017-04-13,21:04:49,0,OI709,XZCE,6256,6250,6264,5966,373327640,303700,303666,6566,5938,6252,6278,0,6260,0,0,0,2017-04-14,75889000,6256,23,0,0,0,0,0,0,0,0,6258,73,0,0,0,0,0,0,0,0
480,2017-04-13,21:04:49,0,OI709,XZCE,6256,6250,6264,5968,373452760,303700,303666,6566,5938,6252,6278,0,6260,0,0,0,2017-04-14,75889000,6256,22,0,0,0,0,0,0,0,0,6258,73,0,0,0,0,0,0,0,0
481,2017-04-13,21:04:50,0,OI709,XZCE,6256,6250,6264,5968,373452760,303700,303666,6566,5938,6252,6278,0,6260,0,0,0,2017-04-14,75890000,6256,22,0,0,0,0,0,0,0,0,6258,74,0,0,0,0,0,0,0,0
482,2017-04-13,21:04:51,0,OI709,XZCE,6258,6250,6264,5976,373953400,303700,303666,6566,5938,6252,6278,0,6260,0,0,0,2017-04-14,75891000,6256,22,0,0,0,0,0,0,0,0,6258,75,0,0,0,0,0,0,0,0
483,2017-04-13,21:04:51,0,OI709,XZCE,6258,6250,6264,5976,373953400,303700,303666,6566,5938,6252,6278,0,6260,0,0,0,2017-04-14,75891000,6256,15,0,0,0,0,0,0,0,0,6258,75,0,0,0,0,0,0,0,0
484,2017-04-13,21:04:52,0,OI709,XZCE,6256,6250,6264,6062,379333560,303720,303666,6566,5938,6252,6278,0,6260,0,0,0,2017-04-14,75892000,6256,23,0,0,0,0,0,0,0,0,6258,33,0,0,0,0,0,0,0,0
485,2017-04-13,21:04:53,0,OI709,XZCE,6256,6250,6264,6068,379708920,303720,303666,6566,5938,6252,6278,0,6260,0,0,0,2017-04-14,75893000,6256,20,0,0,0,0,0,0,0,0,6258,33,0,0,0,0,0,0,0,0
486,2017-04-13,21:04:54,0,OI709,XZCE,6258,6250,6264,6070,379834080,303722,303666,6566,5938,6252,6278,0,6260,0,0,0,2017-04-14,75894000,6256,21,0,0,0,0,0,0,0,0,6258,32,0,0,0,0,0,0,0,0
487,2017-04-13,21:04:54,0,OI709,XZCE,6258,6250,6264,6070,379834080,303722,303666,6566,5938,6252,6278,0,6260,0,0,0,2017-04-14,75894000,6256,26,0,0,0,0,0,0,0,0,6258,32,0,0,0,0,0,0,0,0
488,2017-04-13,21:04:56,0,OI709,XZCE,6258,6250,6264,6080,380459880,303722,303666,6566,5938,6252,6278,0,6260,0,0,0,2017-04-14,75896000,6256,26,0,0,0,0,0,0,0,0,6258,27,0,0,0,0,0,0,0,0
489,2017-04-13,21:04:56,0,OI709,XZCE,6260,6250,6264,6152,384967080,303764,303666,6566,5938,6252,6278,0,6260,0,0,0,2017-04-14,75896000,6258,79,0,0,0,0,0,0,0,0,6260,526,0,0,0,0,0,0,0,0
490,2017-04-13,21:04:57,0,OI709,XZCE,6258,6250,6264,6154,385092240,303764,303666,6566,5938,6252,6278,0,6260,0,0,0,2017-04-14,75897000,6258,78,0,0,0,0,0,0,0,0,6260,528,0,0,0,0,0,0,0,0
491,2017-04-13,21:04:57,0,OI709,XZCE,6258,6250,6264,6164,385718040,303764,303666,6566,5938,6252,6278,0,6260,0,0,0,2017-04-14,75897000,6258,69,0,0,0,0,0,0,0,0,6260,536,0,0,0,0,0,0,0,0
492,2017-04-13,21:04:58,0,OI709,XZCE,6258,6250,6264,6166,385843200,303764,303666,6566,5938,6252,6278,0,6260,0,0,0,2017-04-14,75898000,6258,68,0,0,0,0,0,0,0,0,6260,536,0,0,0,0,0,0,0,0
493,2017-04-13,21:04:58,0,OI709,XZCE,6258,6250,6264,6170,386093520,303762,303666,6566,5938,6252,6278,0,6260,0,0,0,2017-04-14,75898000,6258,67,0,0,0,0,0,0,0,0,6260,535,0,0,0,0,0,0,0,0
494,2017-04-13,21:04:59,0,OI709,XZCE,6258,6250,6264,6170,386093520,303762,303666,6566,5938,6252,6278,0,6260,0,0,0,2017-04-14,75899000,6258,60,0,0,0,0,0,0,0,0,6260,535,0,0,0,0,0,0,0,0
495,2017-04-13,21:05:00,0,OI709,XZCE,6258,6250,6264,6172,386218680,303764,303666,6566,5938,6252,6278,0,6260,0,0,0,2017-04-14,75900000,6258,60,0,0,0,0,0,0,0,0,6260,535,0,0,0,0,0,0,0,0
496,2017-04-13,21:05:01,0,OI709,XZCE,6258,6250,6264,6202,388096080,303774,303666,6566,5938,6252,6278,0,6260,0,0,0,2017-04-14,75901000,6258,70,0,0,0,0,0,0,0,0,6260,535,0,0,0,0,0,0,0,0
497,2017-04-13,21:05:02,0,OI709,XZCE,6258,6250,6264,6238,390348960,303774,303666,6566,5938,6252,6278,0,6260,0,0,0,2017-04-14,75902000,6258,54,0,0,0,0,0,0,0,0,6260,536,0,0,0,0,0,0,0,0
498,2017-04-13,21:05:02,0,OI709,XZCE,6258,6250,6264,6238,390348960,303774,303666,6566,5938,6252,6278,0,6260,0,0,0,2017-04-14,75902000,6258,55,0,0,0,0,0,0,0,0,6260,536,0,0,0,0,0,0,0,0
499,2017-04-13,21:05:03,0,OI709,XZCE,6258,6250,6264,6238,390348960,303774,303666,6566,5938,6252,6278,0,6260,0,0,0,2017-04-14,75903000,6258,56,0,0,0,0,0,0,0,0,6260,536,0,0,0,0,0,0,0,0
500,2017-04-13,21:05:03,0,OI709,XZCE,6258,6250,6264,6278,392852160,303814,303666,6566,5938,6252,6278,0,6260,0,0,0,2017-04-14,75903000,6258,38,0,0,0,0,0,0,0,0,6260,536,0,0,0,0,0,0,0,0
501,2017-04-13,21:05:04,0,OI709,XZCE,6260,6250,6264,6280,392977360,303816,303666,6566,5938,6252,6278,0,6260,0,0,0,2017-04-14,75904000,6258,38,0,0,0,0,0,0,0,0,6260,534,0,0,0,0,0,0,0,0
502,2017-04-13,21:05:04,0,OI709,XZCE,6258,6250,6264,6282,393102520,303816,303666,6566,5938,6252,6278,0,6260,0,0,0,2017-04-14,75904000,6258,37,0,0,0,0,0,0,0,0,6260,534,0,0,0,0,0,0,0,0
503,2017-04-13,21:05:05,0,OI709,XZCE,6258,6250,6264,6284,393227680,303818,303666,6566,5938,6252,6278,0,6260,0,0,0,2017-04-14,75905000,6258,36,0,0,0,0,0,0,0,0,6260,534,0,0,0,0,0,0,0,0
504,2017-04-13,21:05:07,0,OI709,XZCE,6258,6250,6264,6386,399610840,303790,303666,6566,5938,6252,6278,0,6260,0,0,0,2017-04-14,75907000,6256,37,0,0,0,0,0,0,0,0,6258,45,0,0,0,0,0,0,0,0
505,2017-04-13,21:05:08,0,OI709,XZCE,6258,6250,6264,6388,399736000,303790,303666,6566,5938,6252,6278,0,6260,0,0,0,2017-04-14,75908000,6256,36,0,0,0,0,0,0,0,0,6258,45,0,0,0,0,0,0,0,0
506,2017-04-13,21:05:10,0,OI709,XZCE,6258,6250,6264,6388,399736000,303790,303666,6566,5938,6252,6278,0,6260,0,0,0,2017-04-14,75910000,6256,43,0,0,0,0,0,0,0,0,6258,45,0,0,0,0,0,0,0,0
507,2017-04-13,21:05:10,0,OI709,XZCE,6258,6250,6264,6390,399861160,303790,303666,6566,5938,6252,6278,0,6260,0,0,0,2017-04-14,75910000,6256,43,0,0,0,0,0,0,0,0,6258,44,0,0,0,0,0,0,0,0
508,2017-04-13,21:05:11,0,OI709,XZCE,6258,6250,6264,6392,399986320,303790,303666,6566,5938,6252,6278,0,6260,0,0,0,2017-04-14,75911000,6256,45,0,0,0,0,0,0,0,0,6258,47,0,0,0,0,0,0,0,0
509,2017-04-13,21:05:12,0,OI709,XZCE,6258,6250,6264,6392,399986320,303790,303666,6566,5938,6252,6278,0,6260,0,0,0,2017-04-14,75912000,6256,40,0,0,0,0,0,0,0,0,6258,53,0,0,0,0,0,0,0,0
510,2017-04-13,21:05:12,0,OI709,XZCE,6258,6250,6264,6392,399986320,303790,303666,6566,5938,6252,6278,0,6260,0,0,0,2017-04-14,75912000,6256,39,0,0,0,0,0,0,0,0,6258,53,0,0,0,0,0,0,0,0
511,2017-04-13,21:05:13,0,OI709,XZCE,6258,6250,6264,6394,400111480,303790,303666,6566,5938,6252,6278,0,6260,0,0,0,2017-04-14,75913000,6256,44,0,0,0,0,0,0,0,0,6258,47,0,0,0,0,0,0,0,0
512,2017-04-13,21:05:13,0,OI709,XZCE,6258,6250,6264,6394,400111480,303790,303666,6566,5938,6252,6278,0,6260,0,0,0,2017-04-14,75913000,6256,44,0,0,0,0,0,0,0,0,6258,54,0,0,0,0,0,0,0,0
513,2017-04-13,21:05:15,0,OI709,XZCE,6258,6250,6264,6394,400111480,303790,303666,6566,5938,6252,6278,0,6260,0,0,0,2017-04-14,75915000,6256,44,0,0,0,0,0,0,0,0,6258,55,0,0,0,0,0,0,0,0
514,2017-04-13,21:05:15,0,OI709,XZCE,6258,6250,6264,6398,400361800,303786,303666,6566,5938,6252,6278,0,6260,0,0,0,2017-04-14,75915000,6256,48,0,0,0,0,0,0,0,0,6258,53,0,0,0,0,0,0,0,0
515,2017-04-13,21:05:16,0,OI709,XZCE,6258,6250,6264,6402,400612120,303786,303666,6566,5938,6252,6278,0,6260,0,0,0,2017-04-14,75916000,6256,48,0,0,0,0,0,0,0,0,6258,52,0,0,0,0,0,0,0,0
516,2017-04-13,21:05:18,0,OI709,XZCE,6258,6250,6264,6402,400612120,303786,303666,6566,5938,6252,6278,0,6260,0,0,0,2017-04-14,75918000,6256,48,0,0,0,0,0,0,0,0,6258,53,0,0,0,0,0,0,0,0
517,2017-04-13,21:05:19,0,OI709,XZCE,6258,6250,6264,6410,401112760,303782,303666,6566,5938,6252,6278,0,6260,0,0,0,2017-04-14,75919000,6256,49,0,0,0,0,0,0,0,0,6258,52,0,0,0,0,0,0,0,0
518,2017-04-13,21:05:19,0,OI709,XZCE,6256,6250,6264,6414,401363000,303778,303666,6566,5938,6252,6278,0,6260,0,0,0,2017-04-14,75919000,6256,47,0,0,0,0,0,0,0,0,6258,53,0,0,0,0,0,0,0,0
519,2017-04-13,21:05:20,0,OI709,XZCE,6256,6250,6264,6414,401363000,303778,303666,6566,5938,6252,6278,0,6260,0,0,0,2017-04-14,75920000,6256,49,0,0,0,0,0,0,0,0,6258,54,0,0,0,0,0,0,0,0
520,2017-04-13,21:05:21,0,OI709,XZCE,6256,6250,6264,6416,401488120,303778,303666,6566,5938,6252,6278,0,6260,0,0,0,2017-04-14,75921000,6256,48,0,0,0,0,0,0,0,0,6258,54,0,0,0,0,0,0,0,0
521,2017-04-13,21:05:22,0,OI709,XZCE,6256,6250,6264,6436,402739320,303772,303666,6566,5938,6252,6278,0,6260,0,0,0,2017-04-14,75922000,6256,36,0,0,0,0,0,0,0,0,6258,57,0,0,0,0,0,0,0,0
522,2017-04-13,21:05:23,0,OI709,XZCE,6256,6250,6264,6436,402739320,303772,303666,6566,5938,6252,6278,0,6260,0,0,0,2017-04-14,75923000,6256,35,0,0,0,0,0,0,0,0,6258,57,0,0,0,0,0,0,0,0
523,2017-04-13,21:05:23,0,OI709,XZCE,6256,6250,6264,6436,402739320,303772,303666,6566,5938,6252,6278,0,6260,0,0,0,2017-04-14,75923000,6256,40,0,0,0,0,0,0,0,0,6258,57,0,0,0,0,0,0,0,0
524,2017-04-13,21:05:24,0,OI709,XZCE,6258,6250,6264,6442,403114800,303778,303666,6566,5938,6252,6278,0,6260,0,0,0,2017-04-14,75924000,6256,40,0,0,0,0,0,0,0,0,6258,54,0,0,0,0,0,0,0,0
525,2017-04-13,21:05:24,0,OI709,XZCE,6258,6250,6264,6442,403114800,303778,303666,6566,5938,6252,6278,0,6260,0,0,0,2017-04-14,75924000,6256,56,0,0,0,0,0,0,0,0,6258,53,0,0,0,0,0,0,0,0
526,2017-04-13,21:05:25,0,OI709,XZCE,6258,6250,6264,6442,403114800,303778,303666,6566,5938,6252,6278,0,6260,0,0,0,2017-04-14,75925000,6256,61,0,0,0,0,0,0,0,0,6258,49,0,0,0,0,0,0,0,0
527,2017-04-13,21:05:26,0,OI709,XZCE,6258,6250,6264,6442,403114800,303778,303666,6566,5938,6252,6278,0,6260,0,0,0,2017-04-14,75926000,6256,62,0,0,0,0,0,0,0,0,6258,49,0,0,0,0,0,0,0,0
528,2017-04-13,21:05:27,0,OI709,XZCE,6258,6250,6264,6458,404116080,303782,303666,6566,5938,6252,6278,0,6260,0,0,0,2017-04-14,75927000,6256,61,0,0,0,0,0,0,0,0,6258,41,0,0,0,0,0,0,0,0
529,2017-04-13,21:05:29,0,OI709,XZCE,6258,6250,6264,6458,404116080,303782,303666,6566,5938,6252,6278,0,6260,0,0,0,2017-04-14,75929000,6256,63,0,0,0,0,0,0,0,0,6258,41,0,0,0,0,0,0,0,0
530,2017-04-13,21:05:29,0,OI709,XZCE,6258,6250,6264,6462,404366400,303786,303666,6566,5938,6252,6278,0,6260,0,0,0,2017-04-14,75929000,6256,63,0,0,0,0,0,0,0,0,6258,39,0,0,0,0,0,0,0,0
531,2017-04-13,21:05:30,0,OI709,XZCE,6258,6250,6264,6470,404867040,303788,303666,6566,5938,6252,6278,0,6260,0,0,0,2017-04-14,75930000,6256,64,0,0,0,0,0,0,0,0,6258,35,0,0,0,0,0,0,0,0
532,2017-04-13,21:05:30,0,OI709,XZCE,6258,6250,6264,6476,405242520,303792,303666,6566,5938,6252,6278,0,6260,0,0,0,2017-04-14,75930000,6256,93,0,0,0,0,0,0,0,0,6258,33,0,0,0,0,0,0,0,0
533,2017-04-13,21:05:31,0,OI709,XZCE,6258,6250,6264,6476,405242520,303792,303666,6566,5938,6252,6278,0,6260,0,0,0,2017-04-14,75931000,6256,89,0,0,0,0,0,0,0,0,6258,33,0,0,0,0,0,0,0,0
534,2017-04-13,21:05:31,0,OI709,XZCE,6258,6250,6264,6482,405618000,303794,303666,6566,5938,6252,6278,0,6260,0,0,0,2017-04-14,75931000,6256,89,0,0,0,0,0,0,0,0,6258,30,0,0,0,0,0,0,0,0
535,2017-04-13,21:05:32,0,OI709,XZCE,6258,6250,6264,6542,409372800,303782,303666,6566,5938,6252,6278,0,6260,0,0,0,2017-04-14,75932000,6258,55,0,0,0,0,0,0,0,0,6260,535,0,0,0,0,0,0,0,0
536,2017-04-13,21:05:32,0,OI709,XZCE,6258,6250,6264,6542,409372800,303782,303666,6566,5938,6252,6278,0,6260,0,0,0,2017-04-14,75932000,6258,45,0,0,0,0,0,0,0,0,6260,544,0,0,0,0,0,0,0,0
537,2017-04-13,21:05:33,0,OI709,XZCE,6258,6250,6264,6542,409372800,303782,303666,6566,5938,6252,6278,0,6260,0,0,0,2017-04-14,75933000,6258,45,0,0,0,0,0,0,0,0,6260,545,0,0,0,0,0,0,0,0
538,2017-04-13,21:05:33,0,OI709,XZCE,6258,6250,6264,6542,409372800,303782,303666,6566,5938,6252,6278,0,6260,0,0,0,2017-04-14,75933000,6258,47,0,0,0,0,0,0,0,0,6260,546,0,0,0,0,0,0,0,0
539,2017-04-13,21:05:34,0,OI709,XZCE,6258,6250,6264,6542,409372800,303782,303666,6566,5938,6252,6278,0,6260,0,0,0,2017-04-14,75934000,6258,48,0,0,0,0,0,0,0,0,6260,546,0,0,0,0,0,0,0,0
540,2017-04-13,21:05:34,0,OI709,XZCE,6258,6250,6264,6542,409372800,303782,303666,6566,5938,6252,6278,0,6260,0,0,0,2017-04-14,75934000,6258,49,0,0,0,0,0,0,0,0,6260,546,0,0,0,0,0,0,0,0
541,2017-04-13,21:05:35,0,OI709,XZCE,6258,6250,6264,6542,409372800,303782,303666,6566,5938,6252,6278,0,6260,0,0,0,2017-04-14,75935000,6258,52,0,0,0,0,0,0,0,0,6260,546,0,0,0,0,0,0,0,0
542,2017-04-13,21:05:36,0,OI709,XZCE,6258,6250,6264,6542,409372800,303782,303666,6566,5938,6252,6278,0,6260,0,0,0,2017-04-14,75936000,6258,53,0,0,0,0,0,0,0,0,6260,546,0,0,0,0,0,0,0,0
543,2017-04-13,21:05:36,0,OI709,XZCE,6258,6250,6264,6542,409372800,303782,303666,6566,5938,6252,6278,0,6260,0,0,0,2017-04-14,75936000,6258,53,0,0,0,0,0,0,0,0,6260,545,0,0,0,0,0,0,0,0
544,2017-04-13,21:05:37,0,OI709,XZCE,6258,6250,6264,6542,409372800,303782,303666,6566,5938,6252,6278,0,6260,0,0,0,2017-04-14,75937000,6258,54,0,0,0,0,0,0,0,0,6260,545,0,0,0,0,0,0,0,0
545,2017-04-13,21:05:38,0,OI709,XZCE,6258,6250,6264,6542,409372800,303782,303666,6566,5938,6252,6278,0,6260,0,0,0,2017-04-14,75938000,6258,55,0,0,0,0,0,0,0,0,6260,545,0,0,0,0,0,0,0,0
546,2017-04-13,21:05:38,0,OI709,XZCE,6258,6250,6264,6542,409372800,303782,303666,6566,5938,6252,6278,0,6260,0,0,0,2017-04-14,75938000,6258,59,0,0,0,0,0,0,0,0,6260,545,0,0,0,0,0,0,0,0
547,2017-04-13,21:05:39,0,OI709,XZCE,6260,6250,6264,6544,409498000,303782,303666,6566,5938,6252,6278,0,6260,0,0,0,2017-04-14,75939000,6258,67,0,0,0,0,0,0,0,0,6260,544,0,0,0,0,0,0,0,0
548,2017-04-13,21:05:39,0,OI709,XZCE,6260,6250,6264,6544,409498000,303782,303666,6566,5938,6252,6278,0,6260,0,0,0,2017-04-14,75939000,6258,72,0,0,0,0,0,0,0,0,6260,538,0,0,0,0,0,0,0,0
549,2017-04-13,21:05:40,0,OI709,XZCE,6260,6250,6264,6548,409748400,303786,303666,6566,5938,6252,6278,0,6260,0,0,0,2017-04-14,75940000,6258,72,0,0,0,0,0,0,0,0,6260,536,0,0,0,0,0,0,0,0
