,dataDate,dataTime,dataMillisec,instrumentID,exchangeCD,lastPrice,lowPrice,highPrice,volume,value,openInterest,preOpenInterest,upperLimitPrice,lowerLimitPrice,preSettlementPrice,prevClosePrice,settlementPrice,openPrice,closePrice,preDelta,currDelta,clearingDay,milliSecOffset,bidPrice1,bidVolume1,bidPrice2,bidVolume2,bidPrice3,bidVolume3,bidPrice4,bidVolume4,bidPrice5,bidVolume5,askPrice1,askVolume1,askPrice2,askVolume2,askPrice3,askVolume3,askPrice4,askVolume4,askPrice5,askVolume5
0,2017-04-14,08:59:00,90,pp1709,XDCE,7955,7955,7955,200,7955000,401514,401456,8344,7550,7947,7935,0,7955,0,0,0,2017-04-14,32340090,7955,7,0,0,0,0,0,0,0,0,7958,5,0,0,0,0,0,0,0,0
1,2017-04-14,09:00:00,575,pp1709,XDCE,7958,7955,7958,304,12092600,401536,401456,8344,7550,7947,7935,0,7955,0,0,0,2017-04-14,32400575,7956,11,0,0,0,0,0,0,0,0,7958,21,0,0,0,0,0,0,0,0
2,2017-04-14,09:00:01,75,pp1709,XDCE,7956,7948,7958,562,22352970,401482,401456,8344,7550,7947,7935,0,7955,0,0,0,2017-04-14,32401075,7950,14,0,0,0,0,0,0,0,0,7956,6,0,0,0,0,0,0,0,0
3,2017-04-14,09:00:01,574,pp1709,XDCE,7955,7948,7958,684,27204810,401496,401456,8344,7550,7947,7935,0,7955,0,0,0,2017-04-14,32401574,7951,3,0,0,0,0,0,0,0,0,7955,185,0,0,0,0,0,0,0,0
4,2017-04-14,09:00:02,71,pp1709,XDCE,7954,7948,7958,712,28318020,401502,401456,8344,7550,7947,7935,0,7955,0,0,0,2017-04-14,32402071,7951,1,0,0,0,0,0,0,0,0,7954,7,0,0,0,0,0,0,0,0
5,2017-04-14,09:00:02,543,pp1709,XDCE,7954,7948,7958,1044,41521410,401548,401456,8344,7550,7947,7935,0,7955,0,0,0,2017-04-14,32402543,7949,7,0,0,0,0,0,0,0,0,7954,15,0,0,0,0,0,0,0,0
6,2017-04-14,09:00:03,66,pp1709,XDCE,7951,7948,7958,1112,44224860,401510,401456,8344,7550,7947,7935,0,7955,0,0,0,2017-04-14,32403066,7950,8,0,0,0,0,0,0,0,0,7953,78,0,0,0,0,0,0,0,0
7,2017-04-14,09:00:03,554,pp1709,XDCE,7949,7948,7958,1184,47087140,401504,401456,8344,7550,7947,7935,0,7955,0,0,0,2017-04-14,32403554,7948,9,0,0,0,0,0,0,0,0,7953,59,0,0,0,0,0,0,0,0
8,2017-04-14,09:00:04,45,pp1709,XDCE,7947,7947,7958,1256,49949250,401528,401456,8344,7550,7947,7935,0,7955,0,0,0,2017-04-14,32404045,7947,4,0,0,0,0,0,0,0,0,7950,1,0,0,0,0,0,0,0,0
9,2017-04-14,09:00:04,549,pp1709,XDCE,7946,7946,7958,1348,53604870,401536,401456,8344,7550,7947,7935,0,7955,0,0,0,2017-04-14,32404549,7946,18,0,0,0,0,0,0,0,0,7949,22,0,0,0,0,0,0,0,0
10,2017-04-14,09:00:05,76,pp1709,XDCE,7954,7946,7958,1432,56943830,401540,401456,8344,7550,7947,7935,0,7955,0,0,0,2017-04-14,32405076,7953,1,0,0,0,0,0,0,0,0,7954,12,0,0,0,0,0,0,0,0
11,2017-04-14,09:00:05,556,pp1709,XDCE,7953,7946,7958,1466,58295730,401522,401456,8344,7550,7947,7935,0,7955,0,0,0,2017-04-14,32405556,7948,13,0,0,0,0,0,0,0,0,7952,5,0,0,0,0,0,0,0,0
12,2017-04-14,09:00:06,63,pp1709,XDCE,7946,7946,7958,1538,61156750,401564,401456,8344,7550,7947,7935,0,7955,0,0,0,2017-04-14,32406063,7946,62,0,0,0,0,0,0,0,0,7948,1,0,0,0,0,0,0,0,0
13,2017-04-14,09:00:06,534,pp1709,XDCE,7947,7946,7958,1578,62745970,401576,401456,8344,7550,7947,7935,0,7955,0,0,0,2017-04-14,32406534,7947,6,0,0,0,0,0,0,0,0,7948,4,0,0,0,0,0,0,0,0
14,2017-04-14,09:00:07,75,pp1709,XDCE,7948,7946,7958,1714,68150080,401552,401456,8344,7550,7947,7935,0,7955,0,0,0,2017-04-14,32407075,7946,4,0,0,0,0,0,0,0,0,7947,1,0,0,0,0,0,0,0,0
15,2017-04-14,09:00:07,558,pp1709,XDCE,7946,7946,7958,1758,69898470,401536,401456,8344,7550,7947,7935,0,7955,0,0,0,2017-04-14,32407558,7945,16,0,0,0,0,0,0,0,0,7946,1,0,0,0,0,0,0,0,0
16,2017-04-14,09:00:08,33,pp1709,XDCE,7947,7945,7958,1788,71090390,401516,401456,8344,7550,7947,7935,0,7955,0,0,0,2017-04-14,32408033,7946,2,0,0,0,0,0,0,0,0,7947,7,0,0,0,0,0,0,0,0
17,2017-04-14,09:00:08,534,pp1709,XDCE,7948,7945,7958,1812,72044050,401502,401456,8344,7550,7947,7935,0,7955,0,0,0,2017-04-14,32408534,7950,4,0,0,0,0,0,0,0,0,7953,103,0,0,0,0,0,0,0,0
18,2017-04-14,09:00:09,68,pp1709,XDCE,7948,7945,7958,1832,72839060,401496,401456,8344,7550,7947,7935,0,7955,0,0,0,2017-04-14,32409068,7948,5,0,0,0,0,0,0,0,0,7950,9,0,0,0,0,0,0,0,0
19,2017-04-14,09:00:09,571,pp1709,XDCE,7950,7945,7958,1880,74746700,401474,401456,8344,7550,7947,7935,0,7955,0,0,0,2017-04-14,32409571,7950,23,0,0,0,0,0,0,0,0,7952,13,0,0,0,0,0,0,0,0
20,2017-04-14,09:00:10,78,pp1709,XDCE,7951,7945,7958,1904,75700780,401474,401456,8344,7550,7947,7935,0,7955,0,0,0,2017-04-14,32410078,7950,19,0,0,0,0,0,0,0,0,7952,11,0,0,0,0,0,0,0,0
21,2017-04-14,09:00:10,543,pp1709,XDCE,7949,7945,7958,1960,77926640,401502,401456,8344,7550,7947,7935,0,7955,0,0,0,2017-04-14,32410543,7947,12,0,0,0,0,0,0,0,0,7949,4,0,0,0,0,0,0,0,0
22,2017-04-14,09:00:11,76,pp1709,XDCE,7948,7945,7958,2010,79913980,401512,401456,8344,7550,7947,7935,0,7955,0,0,0,2017-04-14,32411076,7947,15,0,0,0,0,0,0,0,0,7948,7,0,0,0,0,0,0,0,0
23,2017-04-14,09:00:11,564,pp1709,XDCE,7950,7945,7958,2034,80867820,401500,401456,8344,7550,7947,7935,0,7955,0,0,0,2017-04-14,32411564,7950,9,0,0,0,0,0,0,0,0,7952,3,0,0,0,0,0,0,0,0
24,2017-04-14,09:00:12,44,pp1709,XDCE,7949,7945,7958,2068,82219430,401512,401456,8344,7550,7947,7935,0,7955,0,0,0,2017-04-14,32412044,7950,20,0,0,0,0,0,0,0,0,7951,4,0,0,0,0,0,0,0,0
25,2017-04-14,09:00:12,565,pp1709,XDCE,7950,7945,7958,2132,84763890,401520,401456,8344,7550,7947,7935,0,7955,0,0,0,2017-04-14,32412565,7950,15,0,0,0,0,0,0,0,0,7951,15,0,0,0,0,0,0,0,0
26,2017-04-14,09:00:13,32,pp1709,XDCE,7951,7945,7958,2150,85479420,401516,401456,8344,7550,7947,7935,0,7955,0,0,0,2017-04-14,32413032,7950,9,0,0,0,0,0,0,0,0,7951,19,0,0,0,0,0,0,0,0
27,2017-04-14,09:00:13,570,pp1709,XDCE,7949,7945,7958,2252,89533270,401454,401456,8344,7550,7947,7935,0,7955,0,0,0,2017-04-14,32413570,7948,22,0,0,0,0,0,0,0,0,7949,4,0,0,0,0,0,0,0,0
28,2017-04-14,09:00:14,65,pp1709,XDCE,7951,7945,7958,2288,90964190,401436,401456,8344,7550,7947,7935,0,7955,0,0,0,2017-04-14,32414065,7950,12,0,0,0,0,0,0,0,0,7951,14,0,0,0,0,0,0,0,0
29,2017-04-14,09:00:14,574,pp1709,XDCE,7950,7945,7958,2332,92713170,401420,401456,8344,7550,7947,7935,0,7955,0,0,0,2017-04-14,32414574,7949,2,0,0,0,0,0,0,0,0,7950,30,0,0,0,0,0,0,0,0
30,2017-04-14,09:00:15,74,pp1709,XDCE,7950,7945,7958,2376,94462160,401458,401456,8344,7550,7947,7935,0,7955,0,0,0,2017-04-14,32415074,7949,2,0,0,0,0,0,0,0,0,7950,9,0,0,0,0,0,0,0,0
31,2017-04-14,09:00:15,573,pp1709,XDCE,7949,7945,7958,2408,95734010,401448,401456,8344,7550,7947,7935,0,7955,0,0,0,2017-04-14,32415573,7948,19,0,0,0,0,0,0,0,0,7949,10,0,0,0,0,0,0,0,0
32,2017-04-14,09:00:16,33,pp1709,XDCE,7950,7945,7958,2434,96767390,401440,401456,8344,7550,7947,7935,0,7955,0,0,0,2017-04-14,32416033,7949,8,0,0,0,0,0,0,0,0,7950,14,0,0,0,0,0,0,0,0
33,2017-04-14,09:00:16,570,pp1709,XDCE,7947,7945,7958,2506,99628740,401440,401456,8344,7550,7947,7935,0,7955,0,0,0,2017-04-14,32416570,7947,8,0,0,0,0,0,0,0,0,7950,9,0,0,0,0,0,0,0,0
34,2017-04-14,09:00:17,64,pp1709,XDCE,7950,7945,7958,2524,100344210,401442,401456,8344,7550,7947,7935,0,7955,0,0,0,2017-04-14,32417064,7949,1,0,0,0,0,0,0,0,0,7950,1,0,0,0,0,0,0,0,0
35,2017-04-14,09:00:17,532,pp1709,XDCE,7949,7945,7958,2528,100503200,401444,401456,8344,7550,7947,7935,0,7955,0,0,0,2017-04-14,32417532,7950,20,0,0,0,0,0,0,0,0,7951,14,0,0,0,0,0,0,0,0
36,2017-04-14,09:00:18,33,pp1709,XDCE,7951,7945,7958,2644,105114070,401420,401456,8344,7550,7947,7935,0,7955,0,0,0,2017-04-14,32418033,7951,2,0,0,0,0,0,0,0,0,7952,1,0,0,0,0,0,0,0,0
37,2017-04-14,09:00:18,533,pp1709,XDCE,7950,7945,7958,2658,105670590,401418,401456,8344,7550,7947,7935,0,7955,0,0,0,2017-04-14,32418533,7949,3,0,0,0,0,0,0,0,0,7950,1,0,0,0,0,0,0,0,0
38,2017-04-14,09:00:19,75,pp1709,XDCE,7949,7945,7958,2688,106863110,401422,401456,8344,7550,7947,7935,0,7955,0,0,0,2017-04-14,32419075,7950,3,0,0,0,0,0,0,0,0,7951,13,0,0,0,0,0,0,0,0
39,2017-04-14,09:00:19,574,pp1709,XDCE,7951,7945,7958,2718,108055640,401422,401456,8344,7550,7947,7935,0,7955,0,0,0,2017-04-14,32419574,7948,1,0,0,0,0,0,0,0,0,7951,13,0,0,0,0,0,0,0,0
40,2017-04-14,09:00:20,30,pp1709,XDCE,7950,7945,7958,2732,108612150,401422,401456,8344,7550,7947,7935,0,7955,0,0,0,2017-04-14,32420030,7950,15,0,0,0,0,0,0,0,0,7951,10,0,0,0,0,0,0,0,0
41,2017-04-14,09:00:20,570,pp1709,XDCE,7949,7945,7958,2782,110599660,401418,401456,8344,7550,7947,7935,0,7955,0,0,0,2017-04-14,32420570,7947,25,0,0,0,0,0,0,0,0,7949,11,0,0,0,0,0,0,0,0
42,2017-04-14,09:00:21,47,pp1709,XDCE,7948,7945,7958,2796,111156010,401418,401456,8344,7550,7947,7935,0,7955,0,0,0,2017-04-14,32421047,7948,10,0,0,0,0,0,0,0,0,7949,11,0,0,0,0,0,0,0,0
43,2017-04-14,09:00:21,550,pp1709,XDCE,7949,7945,7958,2846,113143260,401418,401456,8344,7550,7947,7935,0,7955,0,0,0,2017-04-14,32421550,7948,10,0,0,0,0,0,0,0,0,7951,13,0,0,0,0,0,0,0,0
44,2017-04-14,09:00:22,70,pp1709,XDCE,7951,7945,7958,2854,113461240,401412,401456,8344,7550,7947,7935,0,7955,0,0,0,2017-04-14,32422070,7947,24,0,0,0,0,0,0,0,0,7950,3,0,0,0,0,0,0,0,0
45,2017-04-14,09:00:22,551,pp1709,XDCE,7949,7945,7958,2872,114176620,401420,401456,8344,7550,7947,7935,0,7955,0,0,0,2017-04-14,32422551,7948,1,0,0,0,0,0,0,0,0,7949,5,0,0,0,0,0,0,0,0
46,2017-04-14,09:00:23,70,pp1709,XDCE,7948,7945,7958,2878,114415080,401422,401456,8344,7550,7947,7935,0,7955,0,0,0,2017-04-14,32423070,7947,23,0,0,0,0,0,0,0,0,7948,6,0,0,0,0,0,0,0,0
47,2017-04-14,09:00:23,546,pp1709,XDCE,7948,7945,7958,2894,115050910,401412,401456,8344,7550,7947,7935,0,7955,0,0,0,2017-04-14,32423546,7948,13,0,0,0,0,0,0,0,0,7949,14,0,0,0,0,0,0,0,0
48,2017-04-14,09:00:24,34,pp1709,XDCE,7949,7945,7958,2930,116481580,401386,401456,8344,7550,7947,7935,0,7955,0,0,0,2017-04-14,32424034,7947,21,0,0,0,0,0,0,0,0,7949,17,0,0,0,0,0,0,0,0
49,2017-04-14,09:00:24,497,pp1709,XDCE,7949,7945,7958,2930,116481580,401386,401456,8344,7550,7947,7935,0,7955,0,0,0,2017-04-14,32424497,7947,21,0,0,0,0,0,0,0,0,7948,4,0,0,0,0,0,0,0,0
50,2017-04-14,09:00:24,995,pp1709,XDCE,7949,7945,7958,2944,117037950,401388,401456,8344,7550,7947,7935,0,7955,0,0,0,2017-04-14,32424995,7947,20,0,0,0,0,0,0,0,0,7949,15,0,0,0,0,0,0,0,0
51,2017-04-14,09:00:25,486,pp1709,XDCE,7949,7945,7958,2958,117594370,401396,401456,8344,7550,7947,7935,0,7955,0,0,0,2017-04-14,32425486,7948,10,0,0,0,0,0,0,0,0,7949,9,0,0,0,0,0,0,0,0
52,2017-04-14,09:00:26,76,pp1709,XDCE,7949,7945,7958,2964,117832820,401394,401456,8344,7550,7947,7935,0,7955,0,0,0,2017-04-14,32426076,7948,8,0,0,0,0,0,0,0,0,7949,8,0,0,0,0,0,0,0,0
53,2017-04-14,09:00:26,558,pp1709,XDCE,7949,7945,7958,2984,118627710,401408,401456,8344,7550,7947,7935,0,7955,0,0,0,2017-04-14,32426558,7949,14,0,0,0,0,0,0,0,0,7950,3,0,0,0,0,0,0,0,0
54,2017-04-14,09:00:27,65,pp1709,XDCE,7950,7945,7958,2998,119184150,401412,401456,8344,7550,7947,7935,0,7955,0,0,0,2017-04-14,32427065,7949,8,0,0,0,0,0,0,0,0,7950,2,0,0,0,0,0,0,0,0
55,2017-04-14,09:00:27,507,pp1709,XDCE,7951,7945,7958,3004,119422660,401408,401456,8344,7550,7947,7935,0,7955,0,0,0,2017-04-14,32427507,7950,1,0,0,0,0,0,0,0,0,7951,10,0,0,0,0,0,0,0,0
56,2017-04-14,09:00:27,948,pp1709,XDCE,7949,7945,7958,3084,122602700,401418,401456,8344,7550,7947,7935,0,7955,0,0,0,2017-04-14,32427948,7949,9,0,0,0,0,0,0,0,0,7951,4,0,0,0,0,0,0,0,0
57,2017-04-14,09:00:28,562,pp1709,XDCE,7951,7945,7958,3186,126656020,401388,401456,8344,7550,7947,7935,0,7955,0,0,0,2017-04-14,32428562,7950,2,0,0,0,0,0,0,0,0,7951,3,0,0,0,0,0,0,0,0
58,2017-04-14,09:00:29,77,pp1709,XDCE,7949,7945,7958,3216,127848460,401380,401456,8344,7550,7947,7935,0,7955,0,0,0,2017-04-14,32429077,7948,5,0,0,0,0,0,0,0,0,7949,5,0,0,0,0,0,0,0,0
59,2017-04-14,09:00:29,498,pp1709,XDCE,7949,7945,7958,3236,128643310,401366,401456,8344,7550,7947,7935,0,7955,0,0,0,2017-04-14,32429498,7948,10,0,0,0,0,0,0,0,0,7949,35,0,0,0,0,0,0,0,0
60,2017-04-14,09:00:30,25,pp1709,XDCE,7948,7945,7958,3296,131027910,401346,401456,8344,7550,7947,7935,0,7955,0,0,0,2017-04-14,32430025,7947,1,0,0,0,0,0,0,0,0,7949,15,0,0,0,0,0,0,0,0
61,2017-04-14,09:00:30,452,pp1709,XDCE,7949,7945,7958,3312,131663830,401348,401456,8344,7550,7947,7935,0,7955,0,0,0,2017-04-14,32430452,7947,1,0,0,0,0,0,0,0,0,7949,7,0,0,0,0,0,0,0,0
62,2017-04-14,09:00:31,39,pp1709,XDCE,7949,7945,7958,3320,131981750,401346,401456,8344,7550,7947,7935,0,7955,0,0,0,2017-04-14,32431039,7947,1,0,0,0,0,0,0,0,0,7949,7,0,0,0,0,0,0,0,0
63,2017-04-14,09:00:31,570,pp1709,XDCE,7950,7945,7958,3348,133094650,401336,401456,8344,7550,7947,7935,0,7955,0,0,0,2017-04-14,32431570,7947,1,0,0,0,0,0,0,0,0,7950,41,0,0,0,0,0,0,0,0
64,2017-04-14,09:00:31,908,pp1709,XDCE,7950,7945,7958,3384,134525330,401356,401456,8344,7550,7947,7935,0,7955,0,0,0,2017-04-14,32431908,7949,11,0,0,0,0,0,0,0,0,7950,40,0,0,0,0,0,0,0,0
65,2017-04-14,09:00:32,509,pp1709,XDCE,7951,7945,7958,3476,138182330,401264,401456,8344,7550,7947,7935,0,7955,0,0,0,2017-04-14,32432509,7950,30,0,0,0,0,0,0,0,0,7952,28,0,0,0,0,0,0,0,0
66,2017-04-14,09:00:33,46,pp1709,XDCE,7952,7945,7958,3562,141600930,401200,401456,8344,7550,7947,7935,0,7955,0,0,0,2017-04-14,32433046,7951,9,0,0,0,0,0,0,0,0,7952,21,0,0,0,0,0,0,0,0
67,2017-04-14,09:00:33,577,pp1709,XDCE,7953,7945,7958,3628,144225110,401170,401456,8344,7550,7947,7935,0,7955,0,0,0,2017-04-14,32433577,7952,21,0,0,0,0,0,0,0,0,7953,19,0,0,0,0,0,0,0,0
68,2017-04-14,09:00:34,76,pp1709,XDCE,7953,7945,7958,3678,146213220,401152,401456,8344,7550,7947,7935,0,7955,0,0,0,2017-04-14,32434076,7952,21,0,0,0,0,0,0,0,0,7954,10,0,0,0,0,0,0,0,0
69,2017-04-14,09:00:34,493,pp1709,XDCE,7953,7945,7958,3696,146928990,401136,401456,8344,7550,7947,7935,0,7955,0,0,0,2017-04-14,32434493,7953,11,0,0,0,0,0,0,0,0,7954,10,0,0,0,0,0,0,0,0
70,2017-04-14,09:00:35,61,pp1709,XDCE,7956,7945,7958,3748,148997370,401172,401456,8344,7550,7947,7935,0,7955,0,0,0,2017-04-14,32435061,7954,3,0,0,0,0,0,0,0,0,7956,1,0,0,0,0,0,0,0,0
71,2017-04-14,09:00:35,540,pp1709,XDCE,7958,7945,7958,3756,149315660,401164,401456,8344,7550,7947,7935,0,7955,0,0,0,2017-04-14,32435540,7956,1,0,0,0,0,0,0,0,0,7958,39,0,0,0,0,0,0,0,0
72,2017-04-14,09:00:36,51,pp1709,XDCE,7958,7945,7958,3786,150509320,401162,401456,8344,7550,7947,7935,0,7955,0,0,0,2017-04-14,32436051,7956,19,0,0,0,0,0,0,0,0,7958,21,0,0,0,0,0,0,0,0
73,2017-04-14,09:00:36,572,pp1709,XDCE,7958,7945,7958,3840,152657870,401120,401456,8344,7550,7947,7935,0,7955,0,0,0,2017-04-14,32436572,7957,10,0,0,0,0,0,0,0,0,7958,6,0,0,0,0,0,0,0,0
74,2017-04-14,09:00:37,48,pp1709,XDCE,7960,7945,7960,3904,155204660,401084,401456,8344,7550,7947,7935,0,7955,0,0,0,2017-04-14,32437048,7960,6,0,0,0,0,0,0,0,0,7961,20,0,0,0,0,0,0,0,0
75,2017-04-14,09:00:37,532,pp1709,XDCE,7958,7945,7960,3934,156398640,401056,401456,8344,7550,7947,7935,0,7955,0,0,0,2017-04-14,32437532,7958,26,0,0,0,0,0,0,0,0,7960,2,0,0,0,0,0,0,0,0
76,2017-04-14,09:00:38,43,pp1709,XDCE,7961,7945,7962,4012,159503550,401020,401456,8344,7550,7947,7935,0,7955,0,0,0,2017-04-14,32438043,7961,4,0,0,0,0,0,0,0,0,7962,38,0,0,0,0,0,0,0,0
77,2017-04-14,09:00:38,552,pp1709,XDCE,7960,7945,7962,4028,160140400,401018,401456,8344,7550,7947,7935,0,7955,0,0,0,2017-04-14,32438552,7958,29,0,0,0,0,0,0,0,0,7960,2,0,0,0,0,0,0,0,0
78,2017-04-14,09:00:39,79,pp1709,XDCE,7961,7945,7962,4074,161971410,400982,401456,8344,7550,7947,7935,0,7955,0,0,0,2017-04-14,32439079,7959,1,0,0,0,0,0,0,0,0,7960,36,0,0,0,0,0,0,0,0
79,2017-04-14,09:00:39,524,pp1709,XDCE,7960,7945,7962,4096,162846920,400962,401456,8344,7550,7947,7935,0,7955,0,0,0,2017-04-14,32439524,7958,36,0,0,0,0,0,0,0,0,7960,35,0,0,0,0,0,0,0,0
80,2017-04-14,09:00:40,76,pp1709,XDCE,7960,7945,7962,4146,164836880,400962,401456,8344,7550,7947,7935,0,7955,0,0,0,2017-04-14,32440076,7958,36,0,0,0,0,0,0,0,0,7960,15,0,0,0,0,0,0,0,0
81,2017-04-14,09:00:40,572,pp1709,XDCE,7958,7945,7962,4182,166269670,400940,401456,8344,7550,7947,7935,0,7955,0,0,0,2017-04-14,32440572,7958,36,0,0,0,0,0,0,0,0,7962,14,0,0,0,0,0,0,0,0
82,2017-04-14,09:00:40,957,pp1709,XDCE,7962,7945,7962,4186,166428910,400940,401456,8344,7550,7947,7935,0,7955,0,0,0,2017-04-14,32440957,7959,1,0,0,0,0,0,0,0,0,7962,13,0,0,0,0,0,0,0,0
83,2017-04-14,09:00:41,567,pp1709,XDCE,7958,7945,7962,4210,167383960,400934,401456,8344,7550,7947,7935,0,7955,0,0,0,2017-04-14,32441567,7958,22,0,0,0,0,0,0,0,0,7962,12,0,0,0,0,0,0,0,0
84,2017-04-14,09:00:42,72,pp1709,XDCE,7959,7945,7962,4212,167463550,400932,401456,8344,7550,7947,7935,0,7955,0,0,0,2017-04-14,32442072,7961,1,0,0,0,0,0,0,0,0,7962,13,0,0,0,0,0,0,0,0
85,2017-04-14,09:00:42,543,pp1709,XDCE,7961,7945,7962,4288,170488750,400870,401456,8344,7550,7947,7935,0,7955,0,0,0,2017-04-14,32442543,7960,89,0,0,0,0,0,0,0,0,7962,11,0,0,0,0,0,0,0,0
86,2017-04-14,09:00:43,58,pp1709,XDCE,7963,7945,7963,4314,171523830,400880,401456,8344,7550,7947,7935,0,7955,0,0,0,2017-04-14,32443058,7961,8,0,0,0,0,0,0,0,0,7963,2,0,0,0,0,0,0,0,0
87,2017-04-14,09:00:43,528,pp1709,XDCE,7963,7945,7963,4320,171762720,400884,401456,8344,7550,7947,7935,0,7955,0,0,0,2017-04-14,32443528,7963,6,0,0,0,0,0,0,0,0,7964,26,0,0,0,0,0,0,0,0
88,2017-04-14,09:00:44,65,pp1709,XDCE,7963,7945,7964,4350,172957250,400902,401456,8344,7550,7947,7935,0,7955,0,0,0,2017-04-14,32444065,7963,1,0,0,0,0,0,0,0,0,7964,18,0,0,0,0,0,0,0,0
89,2017-04-14,09:00:44,560,pp1709,XDCE,7964,7945,7965,4408,175266770,400858,401456,8344,7550,7947,7935,0,7955,0,0,0,2017-04-14,32444560,7962,10,0,0,0,0,0,0,0,0,7965,15,0,0,0,0,0,0,0,0
90,2017-04-14,09:00:45,73,pp1709,XDCE,7965,7945,7965,4430,176142910,400876,401456,8344,7550,7947,7935,0,7955,0,0,0,2017-04-14,32445073,7963,6,0,0,0,0,0,0,0,0,7965,6,0,0,0,0,0,0,0,0
91,2017-04-14,09:00:45,575,pp1709,XDCE,7964,7945,7965,4452,177018960,400876,401456,8344,7550,7947,7935,0,7955,0,0,0,2017-04-14,32445575,7964,2,0,0,0,0,0,0,0,0,7965,3,0,0,0,0,0,0,0,0
92,2017-04-14,09:00:45,954,pp1709,XDCE,7966,7945,7966,4466,177576520,400870,401456,8344,7550,7947,7935,0,7955,0,0,0,2017-04-14,32445954,7965,10,0,0,0,0,0,0,0,0,7966,5,0,0,0,0,0,0,0,0
93,2017-04-14,09:00:46,578,pp1709,XDCE,7968,7945,7968,4482,178213850,400866,401456,8344,7550,7947,7935,0,7955,0,0,0,2017-04-14,32446578,7966,2,0,0,0,0,0,0,0,0,7968,8,0,0,0,0,0,0,0,0
94,2017-04-14,09:00:47,63,pp1709,XDCE,7968,7945,7968,4524,179887110,400840,401456,8344,7550,7947,7935,0,7955,0,0,0,2017-04-14,32447063,7968,2,0,0,0,0,0,0,0,0,7969,3,0,0,0,0,0,0,0,0
95,2017-04-14,09:00:47,462,pp1709,XDCE,7969,7945,7969,4536,180365170,400834,401456,8344,7550,7947,7935,0,7955,0,0,0,2017-04-14,32447462,7966,1,0,0,0,0,0,0,0,0,7969,2,0,0,0,0,0,0,0,0
96,2017-04-14,09:00:48,44,pp1709,XDCE,7968,7945,7969,4546,180763610,400832,401456,8344,7550,7947,7935,0,7955,0,0,0,2017-04-14,32448044,7968,5,0,0,0,0,0,0,0,0,7969,6,0,0,0,0,0,0,0,0
97,2017-04-14,09:00:48,553,pp1709,XDCE,7970,7945,7970,4554,181082370,400826,401456,8344,7550,7947,7935,0,7955,0,0,0,2017-04-14,32448553,7969,1,0,0,0,0,0,0,0,0,7970,40,0,0,0,0,0,0,0,0
98,2017-04-14,09:00:49,70,pp1709,XDCE,7971,7945,7971,4680,186103630,400812,401456,8344,7550,7947,7935,0,7955,0,0,0,2017-04-14,32449070,7972,66,0,0,0,0,0,0,0,0,7973,1,0,0,0,0,0,0,0,0
99,2017-04-14,09:00:49,570,pp1709,XDCE,7972,7945,7973,4764,189451890,400826,401456,8344,7550,7947,7935,0,7955,0,0,0,2017-04-14,32449570,7972,27,0,0,0,0,0,0,0,0,7974,22,0,0,0,0,0,0,0,0
100,2017-04-14,09:00:50,22,pp1709,XDCE,7972,7945,7973,4826,191923210,400822,401456,8344,7550,7947,7935,0,7955,0,0,0,2017-04-14,32450022,7970,1,0,0,0,0,0,0,0,0,7972,18,0,0,0,0,0,0,0,0
101,2017-04-14,09:00:50,575,pp1709,XDCE,7972,7945,7973,4836,192321790,400816,401456,8344,7550,7947,7935,0,7955,0,0,0,2017-04-14,32450575,7969,24,0,0,0,0,0,0,0,0,7971,12,0,0,0,0,0,0,0,0
102,2017-04-14,09:00:51,61,pp1709,XDCE,7972,7945,7973,4888,194394360,400816,401456,8344,7550,7947,7935,0,7955,0,0,0,2017-04-14,32451061,7969,28,0,0,0,0,0,0,0,0,7972,4,0,0,0,0,0,0,0,0
103,2017-04-14,09:00:51,548,pp1709,XDCE,7972,7945,7973,4896,194713210,400810,401456,8344,7550,7947,7935,0,7955,0,0,0,2017-04-14,32451548,7969,32,0,0,0,0,0,0,0,0,7971,2,0,0,0,0,0,0,0,0
104,2017-04-14,09:00:52,63,pp1709,XDCE,7969,7945,7973,4972,197741620,400824,401456,8344,7550,7947,7935,0,7955,0,0,0,2017-04-14,32452063,7970,2,0,0,0,0,0,0,0,0,7972,3,0,0,0,0,0,0,0,0
105,2017-04-14,09:00:52,572,pp1709,XDCE,7971,7945,7973,4984,198219860,400820,401456,8344,7550,7947,7935,0,7955,0,0,0,2017-04-14,32452572,7971,7,0,0,0,0,0,0,0,0,7972,2,0,0,0,0,0,0,0,0
106,2017-04-14,09:00:53,70,pp1709,XDCE,7970,7945,7973,5020,199654550,400812,401456,8344,7550,7947,7935,0,7955,0,0,0,2017-04-14,32453070,7969,1,0,0,0,0,0,0,0,0,7970,7,0,0,0,0,0,0,0,0
107,2017-04-14,09:00:53,573,pp1709,XDCE,7972,7945,7973,5050,200850110,400814,401456,8344,7550,7947,7935,0,7955,0,0,0,2017-04-14,32453573,7972,1,0,0,0,0,0,0,0,0,7973,12,0,0,0,0,0,0,0,0
108,2017-04-14,09:00:54,72,pp1709,XDCE,7969,7945,7973,5080,202045630,400816,401456,8344,7550,7947,7935,0,7955,0,0,0,2017-04-14,32454072,7968,8,0,0,0,0,0,0,0,0,7970,14,0,0,0,0,0,0,0,0
109,2017-04-14,09:00:54,571,pp1709,XDCE,7969,7945,7973,5080,202045630,400816,401456,8344,7550,7947,7935,0,7955,0,0,0,2017-04-14,32454571,7968,8,0,0,0,0,0,0,0,0,7970,15,0,0,0,0,0,0,0,0
110,2017-04-14,09:00:55,72,pp1709,XDCE,7970,7945,7973,5082,202125330,400818,401456,8344,7550,7947,7935,0,7955,0,0,0,2017-04-14,32455072,7969,9,0,0,0,0,0,0,0,0,7970,14,0,0,0,0,0,0,0,0
111,2017-04-14,09:00:55,527,pp1709,XDCE,7968,7945,7973,5122,203719020,400814,401456,8344,7550,7947,7935,0,7955,0,0,0,2017-04-14,32455527,7967,1,0,0,0,0,0,0,0,0,7968,5,0,0,0,0,0,0,0,0
112,2017-04-14,09:00:56,18,pp1709,XDCE,7968,7945,7973,5122,203719020,400814,401456,8344,7550,7947,7935,0,7955,0,0,0,2017-04-14,32456018,7967,2,0,0,0,0,0,0,0,0,7968,6,0,0,0,0,0,0,0,0
113,2017-04-14,09:00:56,483,pp1709,XDCE,7968,7945,7973,5130,204037740,400814,401456,8344,7550,7947,7935,0,7955,0,0,0,2017-04-14,32456483,7967,2,0,0,0,0,0,0,0,0,7968,2,0,0,0,0,0,0,0,0
114,2017-04-14,09:00:57,74,pp1709,XDCE,7967,7945,7973,5142,204515800,400814,401456,8344,7550,7947,7935,0,7955,0,0,0,2017-04-14,32457074,7966,2,0,0,0,0,0,0,0,0,7968,1,0,0,0,0,0,0,0,0
115,2017-04-14,09:00:57,496,pp1709,XDCE,7968,7945,7973,5146,204675140,400812,401456,8344,7550,7947,7935,0,7955,0,0,0,2017-04-14,32457496,7966,1,0,0,0,0,0,0,0,0,7969,47,0,0,0,0,0,0,0,0
116,2017-04-14,09:00:58,25,pp1709,XDCE,7966,7945,7973,5152,204914150,400812,401456,8344,7550,7947,7935,0,7955,0,0,0,2017-04-14,32458025,7966,2,0,0,0,0,0,0,0,0,7968,1,0,0,0,0,0,0,0,0
117,2017-04-14,09:00:58,563,pp1709,XDCE,7967,7945,7973,5154,204993820,400814,401456,8344,7550,7947,7935,0,7955,0,0,0,2017-04-14,32458563,7967,14,0,0,0,0,0,0,0,0,7968,1,0,0,0,0,0,0,0,0
118,2017-04-14,09:00:59,76,pp1709,XDCE,7967,7945,7973,5164,205392200,400816,401456,8344,7550,7947,7935,0,7955,0,0,0,2017-04-14,32459076,7967,12,0,0,0,0,0,0,0,0,7968,1,0,0,0,0,0,0,0,0
119,2017-04-14,09:01:00,15,pp1709,XDCE,7968,7945,7973,5186,206268620,400828,401456,8344,7550,7947,7935,0,7955,0,0,0,2017-04-14,32460015,7967,6,0,0,0,0,0,0,0,0,7968,1,0,0,0,0,0,0,0,0
120,2017-04-14,09:01:00,492,pp1709,XDCE,7969,7945,7973,5226,207861970,400810,401456,8344,7550,7947,7935,0,7955,0,0,0,2017-04-14,32460492,7968,30,0,0,0,0,0,0,0,0,7969,42,0,0,0,0,0,0,0,0
121,2017-04-14,09:01:01,41,pp1709,XDCE,7967,7945,7973,5322,211686390,400814,401456,8344,7550,7947,7935,0,7955,0,0,0,2017-04-14,32461041,7965,36,0,0,0,0,0,0,0,0,7967,4,0,0,0,0,0,0,0,0
122,2017-04-14,09:01:01,567,pp1709,XDCE,7966,7945,7973,5328,211925370,400814,401456,8344,7550,7947,7935,0,7955,0,0,0,2017-04-14,32461567,7965,36,0,0,0,0,0,0,0,0,7967,4,0,0,0,0,0,0,0,0
123,2017-04-14,09:01:02,16,pp1709,XDCE,7967,7945,7973,5336,212244010,400818,401456,8344,7550,7947,7935,0,7955,0,0,0,2017-04-14,32462016,7965,34,0,0,0,0,0,0,0,0,7967,2,0,0,0,0,0,0,0,0
124,2017-04-14,09:01:02,569,pp1709,XDCE,7965,7945,7973,5346,212642320,400820,401456,8344,7550,7947,7935,0,7955,0,0,0,2017-04-14,32462569,7965,32,0,0,0,0,0,0,0,0,7966,4,0,0,0,0,0,0,0,0
125,2017-04-14,09:01:03,39,pp1709,XDCE,7966,7945,7973,5354,212960960,400822,401456,8344,7550,7947,7935,0,7955,0,0,0,2017-04-14,32463039,7965,32,0,0,0,0,0,0,0,0,7967,1,0,0,0,0,0,0,0,0
126,2017-04-14,09:01:03,571,pp1709,XDCE,7965,7945,7973,5356,213040610,400822,401456,8344,7550,7947,7935,0,7955,0,0,0,2017-04-14,32463571,7965,31,0,0,0,0,0,0,0,0,7967,1,0,0,0,0,0,0,0,0
127,2017-04-14,09:01:04,67,pp1709,XDCE,7964,7945,7973,5426,215828330,400820,401456,8344,7550,7947,7935,0,7955,0,0,0,2017-04-14,32464067,7962,149,0,0,0,0,0,0,0,0,7965,5,0,0,0,0,0,0,0,0
128,2017-04-14,09:01:04,493,pp1709,XDCE,7963,7945,7973,5448,216704290,400818,401456,8344,7550,7947,7935,0,7955,0,0,0,2017-04-14,32464493,7963,8,0,0,0,0,0,0,0,0,7965,4,0,0,0,0,0,0,0,0
129,2017-04-14,09:01:04,939,pp1709,XDCE,7963,7945,7973,5464,217341330,400820,401456,8344,7550,7947,7935,0,7955,0,0,0,2017-04-14,32464939,7963,10,0,0,0,0,0,0,0,0,7964,4,0,0,0,0,0,0,0,0
130,2017-04-14,09:01:05,549,pp1709,XDCE,7964,7945,7973,5466,217420970,400822,401456,8344,7550,7947,7935,0,7955,0,0,0,2017-04-14,32465549,7963,10,0,0,0,0,0,0,0,0,7964,3,0,0,0,0,0,0,0,0
131,2017-04-14,09:01:06,52,pp1709,XDCE,7964,7945,7973,5470,217580240,400820,401456,8344,7550,7947,7935,0,7955,0,0,0,2017-04-14,32466052,7963,2,0,0,0,0,0,0,0,0,7964,2,0,0,0,0,0,0,0,0
132,2017-04-14,09:01:06,572,pp1709,XDCE,7965,7945,7973,5486,218217350,400812,401456,8344,7550,7947,7935,0,7955,0,0,0,2017-04-14,32466572,7962,149,0,0,0,0,0,0,0,0,7965,14,0,0,0,0,0,0,0,0
133,2017-04-14,09:01:07,77,pp1709,XDCE,7965,7945,7973,5488,218297000,400812,401456,8344,7550,7947,7935,0,7955,0,0,0,2017-04-14,32467077,7962,150,0,0,0,0,0,0,0,0,7965,14,0,0,0,0,0,0,0,0
134,2017-04-14,09:01:07,566,pp1709,XDCE,7962,7945,7973,5500,218774750,400806,401456,8344,7550,7947,7935,0,7955,0,0,0,2017-04-14,32467566,7962,146,0,0,0,0,0,0,0,0,7964,1,0,0,0,0,0,0,0,0
135,2017-04-14,09:01:07,956,pp1709,XDCE,7962,7945,7973,5534,220128720,400788,401456,8344,7550,7947,7935,0,7955,0,0,0,2017-04-14,32467956,7962,145,0,0,0,0,0,0,0,0,7965,5,0,0,0,0,0,0,0,0
136,2017-04-14,09:01:08,572,pp1709,XDCE,7962,7945,7973,5534,220128720,400788,401456,8344,7550,7947,7935,0,7955,0,0,0,2017-04-14,32468572,7962,146,0,0,0,0,0,0,0,0,7963,2,0,0,0,0,0,0,0,0
137,2017-04-14,09:01:09,74,pp1709,XDCE,7963,7945,7973,5578,221880580,400784,401456,8344,7550,7947,7935,0,7955,0,0,0,2017-04-14,32469074,7963,5,0,0,0,0,0,0,0,0,7965,4,0,0,0,0,0,0,0,0
138,2017-04-14,09:01:09,547,pp1709,XDCE,7962,7945,7973,5678,225861630,400826,401456,8344,7550,7947,7935,0,7955,0,0,0,2017-04-14,32469547,7962,101,0,0,0,0,0,0,0,0,7964,2,0,0,0,0,0,0,0,0
139,2017-04-14,09:01:09,954,pp1709,XDCE,7962,7945,7973,5690,226339450,400828,401456,8344,7550,7947,7935,0,7955,0,0,0,2017-04-14,32469954,7962,100,0,0,0,0,0,0,0,0,7964,17,0,0,0,0,0,0,0,0
140,2017-04-14,09:01:10,492,pp1709,XDCE,7962,7945,7973,5736,228170810,400854,401456,8344,7550,7947,7935,0,7955,0,0,0,2017-04-14,32470492,7962,92,0,0,0,0,0,0,0,0,7963,24,0,0,0,0,0,0,0,0
141,2017-04-14,09:01:11,70,pp1709,XDCE,7961,7945,7973,5934,236053180,400880,401456,8344,7550,7947,7935,0,7955,0,0,0,2017-04-14,32471070,7961,20,0,0,0,0,0,0,0,0,7962,58,0,0,0,0,0,0,0,0
142,2017-04-14,09:01:11,563,pp1709,XDCE,7960,7945,7973,5994,238441390,400876,401456,8344,7550,7947,7935,0,7955,0,0,0,2017-04-14,32471563,7959,1,0,0,0,0,0,0,0,0,7960,30,0,0,0,0,0,0,0,0
143,2017-04-14,09:01:12,61,pp1709,XDCE,7960,7945,7973,6068,241386360,400872,401456,8344,7550,7947,7935,0,7955,0,0,0,2017-04-14,32472061,7956,6,0,0,0,0,0,0,0,0,7959,10,0,0,0,0,0,0,0,0
144,2017-04-14,09:01:12,540,pp1709,XDCE,7956,7945,7973,6094,242420640,400866,401456,8344,7550,7947,7935,0,7955,0,0,0,2017-04-14,32472540,7955,6,0,0,0,0,0,0,0,0,7956,5,0,0,0,0,0,0,0,0
145,2017-04-14,09:01:12,995,pp1709,XDCE,7956,7945,7973,6124,243613910,400860,401456,8344,7550,7947,7935,0,7955,0,0,0,2017-04-14,32472995,7953,5,0,0,0,0,0,0,0,0,7956,3,0,0,0,0,0,0,0,0
146,2017-04-14,09:01:13,576,pp1709,XDCE,7956,7945,7973,6134,244011670,400858,401456,8344,7550,7947,7935,0,7955,0,0,0,2017-04-14,32473576,7956,2,0,0,0,0,0,0,0,0,7958,1,0,0,0,0,0,0,0,0
147,2017-04-14,09:01:14,72,pp1709,XDCE,7956,7945,7973,6138,244170790,400854,401456,8344,7550,7947,7935,0,7955,0,0,0,2017-04-14,32474072,7958,1,0,0,0,0,0,0,0,0,7959,5,0,0,0,0,0,0,0,0
148,2017-04-14,09:01:14,564,pp1709,XDCE,7959,7945,7973,6186,246080350,400846,401456,8344,7550,7947,7935,0,7955,0,0,0,2017-04-14,32474564,7956,16,0,0,0,0,0,0,0,0,7958,5,0,0,0,0,0,0,0,0
149,2017-04-14,09:01:15,48,pp1709,XDCE,7958,7945,7973,6220,247433120,400848,401456,8344,7550,7947,7935,0,7955,0,0,0,2017-04-14,32475048,7957,1,0,0,0,0,0,0,0,0,7958,7,0,0,0,0,0,0,0,0
150,2017-04-14,09:01:15,505,pp1709,XDCE,7958,7945,7973,6234,247990180,400848,401456,8344,7550,7947,7935,0,7955,0,0,0,2017-04-14,32475505,7958,2,0,0,0,0,0,0,0,0,7959,7,0,0,0,0,0,0,0,0
151,2017-04-14,09:01:15,959,pp1709,XDCE,7959,7945,7973,6242,248308530,400842,401456,8344,7550,7947,7935,0,7955,0,0,0,2017-04-14,32475959,7959,4,0,0,0,0,0,0,0,0,7960,48,0,0,0,0,0,0,0,0
152,2017-04-14,09:01:16,452,pp1709,XDCE,7960,7945,7973,6336,252049600,400778,401456,8344,7550,7947,7935,0,7955,0,0,0,2017-04-14,32476452,7957,1,0,0,0,0,0,0,0,0,7959,10,0,0,0,0,0,0,0,0
153,2017-04-14,09:01:17,69,pp1709,XDCE,7958,7945,7973,6378,253720910,400738,401456,8344,7550,7947,7935,0,7955,0,0,0,2017-04-14,32477069,7959,1,0,0,0,0,0,0,0,0,7960,13,0,0,0,0,0,0,0,0
154,2017-04-14,09:01:17,572,pp1709,XDCE,7959,7945,7973,6390,254198420,400738,401456,8344,7550,7947,7935,0,7955,0,0,0,2017-04-14,32477572,7958,1,0,0,0,0,0,0,0,0,7959,17,0,0,0,0,0,0,0,0
155,2017-04-14,09:01:18,63,pp1709,XDCE,7959,7945,7973,6412,255073890,400726,401456,8344,7550,7947,7935,0,7955,0,0,0,2017-04-14,32478063,7957,2,0,0,0,0,0,0,0,0,7959,7,0,0,0,0,0,0,0,0
156,2017-04-14,09:01:18,576,pp1709,XDCE,7959,7945,7973,6412,255073890,400726,401456,8344,7550,7947,7935,0,7955,0,0,0,2017-04-14,32478576,7958,5,0,0,0,0,0,0,0,0,7959,3,0,0,0,0,0,0,0,0
157,2017-04-14,09:01:18,980,pp1709,XDCE,7960,7945,7973,6466,257222880,400724,401456,8344,7550,7947,7935,0,7955,0,0,0,2017-04-14,32478980,7960,80,0,0,0,0,0,0,0,0,7961,7,0,0,0,0,0,0,0,0
158,2017-04-14,09:01:19,572,pp1709,XDCE,7961,7945,7973,6480,257780150,400722,401456,8344,7550,7947,7935,0,7955,0,0,0,2017-04-14,32479572,7961,10,0,0,0,0,0,0,0,0,7962,51,0,0,0,0,0,0,0,0
159,2017-04-14,09:01:19,974,pp1709,XDCE,7960,7945,7973,6508,258894650,400732,401456,8344,7550,7947,7935,0,7955,0,0,0,2017-04-14,32479974,7960,78,0,0,0,0,0,0,0,0,7961,4,0,0,0,0,0,0,0,0
160,2017-04-14,09:01:20,564,pp1709,XDCE,7961,7945,7973,6510,258974260,400732,401456,8344,7550,7947,7935,0,7955,0,0,0,2017-04-14,32480564,7960,78,0,0,0,0,0,0,0,0,7961,3,0,0,0,0,0,0,0,0
161,2017-04-14,09:01:21,67,pp1709,XDCE,7961,7945,7973,6538,260088740,400736,401456,8344,7550,7947,7935,0,7955,0,0,0,2017-04-14,32481067,7960,72,0,0,0,0,0,0,0,0,7962,43,0,0,0,0,0,0,0,0
162,2017-04-14,09:01:21,549,pp1709,XDCE,7961,7945,7973,6538,260088740,400736,401456,8344,7550,7947,7935,0,7955,0,0,0,2017-04-14,32481549,7960,72,0,0,0,0,0,0,0,0,7961,1,0,0,0,0,0,0,0,0
163,2017-04-14,09:01:22,31,pp1709,XDCE,7961,7945,7973,6556,260805160,400736,401456,8344,7550,7947,7935,0,7955,0,0,0,2017-04-14,32482031,7960,65,0,0,0,0,0,0,0,0,7961,1,0,0,0,0,0,0,0,0
164,2017-04-14,09:01:22,536,pp1709,XDCE,7961,7945,7973,6556,260805160,400736,401456,8344,7550,7947,7935,0,7955,0,0,0,2017-04-14,32482536,7961,15,0,0,0,0,0,0,0,0,7962,44,0,0,0,0,0,0,0,0
165,2017-04-14,09:01:22,913,pp1709,XDCE,7961,7945,7973,6604,262715800,400728,401456,8344,7550,7947,7935,0,7955,0,0,0,2017-04-14,32482913,7960,66,0,0,0,0,0,0,0,0,7961,1,0,0,0,0,0,0,0,0
166,2017-04-14,09:01:23,570,pp1709,XDCE,7960,7945,7973,6656,264785400,400726,401456,8344,7550,7947,7935,0,7955,0,0,0,2017-04-14,32483570,7960,41,0,0,0,0,0,0,0,0,7961,25,0,0,0,0,0,0,0,0
167,2017-04-14,09:01:24,53,pp1709,XDCE,7960,7945,7973,6744,268287780,400720,401456,8344,7550,7947,7935,0,7955,0,0,0,2017-04-14,32484053,7957,2,0,0,0,0,0,0,0,0,7960,3,0,0,0,0,0,0,0,0
168,2017-04-14,09:01:24,525,pp1709,XDCE,7960,7945,7973,6748,268446980,400720,401456,8344,7550,7947,7935,0,7955,0,0,0,2017-04-14,32484525,7958,2,0,0,0,0,0,0,0,0,7960,1,0,0,0,0,0,0,0,0
169,2017-04-14,09:01:25,31,pp1709,XDCE,7960,7945,7973,6752,268606180,400716,401456,8344,7550,7947,7935,0,7955,0,0,0,2017-04-14,32485031,7960,98,0,0,0,0,0,0,0,0,7961,25,0,0,0,0,0,0,0,0
170,2017-04-14,09:01:25,564,pp1709,XDCE,7960,7945,7973,6762,269004200,400706,401456,8344,7550,7947,7935,0,7955,0,0,0,2017-04-14,32485564,7960,95,0,0,0,0,0,0,0,0,7962,7,0,0,0,0,0,0,0,0
171,2017-04-14,09:01:25,995,pp1709,XDCE,7960,7945,7973,6766,269163400,400702,401456,8344,7550,7947,7935,0,7955,0,0,0,2017-04-14,32485995,7960,93,0,0,0,0,0,0,0,0,7962,7,0,0,0,0,0,0,0,0
172,2017-04-14,09:01:26,527,pp1709,XDCE,7961,7945,7973,6770,269322620,400698,401456,8344,7550,7947,7935,0,7955,0,0,0,2017-04-14,32486527,7961,8,0,0,0,0,0,0,0,0,7962,10,0,0,0,0,0,0,0,0
173,2017-04-14,09:01:26,987,pp1709,XDCE,7961,7945,7973,6798,270437160,400678,401456,8344,7550,7947,7935,0,7955,0,0,0,2017-04-14,32486987,7961,7,0,0,0,0,0,0,0,0,7962,10,0,0,0,0,0,0,0,0
174,2017-04-14,09:01:27,499,pp1709,XDCE,7961,7945,7973,6798,270437160,400678,401456,8344,7550,7947,7935,0,7955,0,0,0,2017-04-14,32487499,7961,7,0,0,0,0,0,0,0,0,7962,11,0,0,0,0,0,0,0,0
175,2017-04-14,09:01:28,38,pp1709,XDCE,7962,7945,7973,6820,271312980,400680,401456,8344,7550,7947,7935,0,7955,0,0,0,2017-04-14,32488038,7962,7,0,0,0,0,0,0,0,0,7963,7,0,0,0,0,0,0,0,0
176,2017-04-14,09:01:28,510,pp1709,XDCE,7963,7945,7973,6836,271950010,400694,401456,8344,7550,7947,7935,0,7955,0,0,0,2017-04-14,32488510,7963,8,0,0,0,0,0,0,0,0,7964,4,0,0,0,0,0,0,0,0
177,2017-04-14,09:01:29,55,pp1709,XDCE,7963,7945,7973,6852,272587050,400694,401456,8344,7550,7947,7935,0,7955,0,0,0,2017-04-14,32489055,7962,6,0,0,0,0,0,0,0,0,7964,6,0,0,0,0,0,0,0,0
178,2017-04-14,09:01:29,489,pp1709,XDCE,7963,7945,7973,6852,272587050,400694,401456,8344,7550,7947,7935,0,7955,0,0,0,2017-04-14,32489489,7962,2,0,0,0,0,0,0,0,0,7964,6,0,0,0,0,0,0,0,0
179,2017-04-14,09:01:29,855,pp1709,XDCE,7962,7945,7973,6868,273224130,400688,401456,8344,7550,7947,7935,0,7955,0,0,0,2017-04-14,32489855,7963,1,0,0,0,0,0,0,0,0,7964,1,0,0,0,0,0,0,0,0
180,2017-04-14,09:01:30,498,pp1709,XDCE,7964,7945,7973,6872,273383410,400690,401456,8344,7550,7947,7935,0,7955,0,0,0,2017-04-14,32490498,7964,8,0,0,0,0,0,0,0,0,7965,12,0,0,0,0,0,0,0,0
181,2017-04-14,09:01:31,1,pp1709,XDCE,7964,7945,7973,6872,273383410,400690,401456,8344,7550,7947,7935,0,7955,0,0,0,2017-04-14,32491001,7964,8,0,0,0,0,0,0,0,0,7965,22,0,0,0,0,0,0,0,0
182,2017-04-14,09:01:31,534,pp1709,XDCE,7963,7945,7973,6992,278161290,400588,401456,8344,7550,7947,7935,0,7955,0,0,0,2017-04-14,32491534,7962,3,0,0,0,0,0,0,0,0,7963,1,0,0,0,0,0,0,0,0
183,2017-04-14,09:01:32,76,pp1709,XDCE,7962,7945,7973,7000,278479780,400586,401456,8344,7550,7947,7935,0,7955,0,0,0,2017-04-14,32492076,7961,5,0,0,0,0,0,0,0,0,7962,3,0,0,0,0,0,0,0,0
184,2017-04-14,09:01:32,452,pp1709,XDCE,7962,7945,7973,7002,278559400,400584,401456,8344,7550,7947,7935,0,7955,0,0,0,2017-04-14,32492452,7961,5,0,0,0,0,0,0,0,0,7962,5,0,0,0,0,0,0,0,0
185,2017-04-14,09:01:33,14,pp1709,XDCE,7961,7945,7973,7016,279116690,400588,401456,8344,7550,7947,7935,0,7955,0,0,0,2017-04-14,32493014,7960,100,0,0,0,0,0,0,0,0,7961,24,0,0,0,0,0,0,0,0
186,2017-04-14,09:01:33,415,pp1709,XDCE,7960,7945,7973,7054,280629090,400558,401456,8344,7550,7947,7935,0,7955,0,0,0,2017-04-14,32493415,7960,81,0,0,0,0,0,0,0,0,7961,29,0,0,0,0,0,0,0,0
187,2017-04-14,09:01:34,45,pp1709,XDCE,7960,7945,7973,7144,284211100,400552,401456,8344,7550,7947,7935,0,7955,0,0,0,2017-04-14,32494045,7960,37,0,0,0,0,0,0,0,0,7961,48,0,0,0,0,0,0,0,0
188,2017-04-14,09:01:34,549,pp1709,XDCE,7959,7945,7973,7266,289066510,400534,401456,8344,7550,7947,7935,0,7955,0,0,0,2017-04-14,32494549,7959,17,0,0,0,0,0,0,0,0,7960,7,0,0,0,0,0,0,0,0
189,2017-04-14,09:01:34,892,pp1709,XDCE,7960,7945,7973,7316,291056540,400542,401456,8344,7550,7947,7935,0,7955,0,0,0,2017-04-14,32494892,7960,3,0,0,0,0,0,0,0,0,7961,40,0,0,0,0,0,0,0,0
190,2017-04-14,09:01:35,571,pp1709,XDCE,7961,7945,7973,7332,291693390,400536,401456,8344,7550,7947,7935,0,7955,0,0,0,2017-04-14,32495571,7959,11,0,0,0,0,0,0,0,0,7961,22,0,0,0,0,0,0,0,0
191,2017-04-14,09:01:36,67,pp1709,XDCE,7961,7945,7973,7332,291693390,400536,401456,8344,7550,7947,7935,0,7955,0,0,0,2017-04-14,32496067,7960,3,0,0,0,0,0,0,0,0,7961,23,0,0,0,0,0,0,0,0
192,2017-04-14,09:01:36,342,pp1709,XDCE,7961,7945,7973,7336,291852600,400536,401456,8344,7550,7947,7935,0,7955,0,0,0,2017-04-14,32496342,7960,2,0,0,0,0,0,0,0,0,7961,22,0,0,0,0,0,0,0,0
193,2017-04-14,09:01:36,999,pp1709,XDCE,7960,7945,7973,7342,292091400,400530,401456,8344,7550,7947,7935,0,7955,0,0,0,2017-04-14,32496999,7959,11,0,0,0,0,0,0,0,0,7960,22,0,0,0,0,0,0,0,0
194,2017-04-14,09:01:37,526,pp1709,XDCE,7959,7945,7973,7354,292568990,400524,401456,8344,7550,7947,7935,0,7955,0,0,0,2017-04-14,32497526,7959,11,0,0,0,0,0,0,0,0,7960,18,0,0,0,0,0,0,0,0
195,2017-04-14,09:01:37,932,pp1709,XDCE,7959,7945,7973,7396,294240570,400490,401456,8344,7550,7947,7935,0,7955,0,0,0,2017-04-14,32497932,7959,9,0,0,0,0,0,0,0,0,7960,1,0,0,0,0,0,0,0,0
196,2017-04-14,09:01:38,554,pp1709,XDCE,7959,7945,7973,7410,294797710,400502,401456,8344,7550,7947,7935,0,7955,0,0,0,2017-04-14,32498554,7959,3,0,0,0,0,0,0,0,0,7960,3,0,0,0,0,0,0,0,0
197,2017-04-14,09:01:39,4,pp1709,XDCE,7960,7945,7973,7420,295195680,400506,401456,8344,7550,7947,7935,0,7955,0,0,0,2017-04-14,32499004,7958,153,0,0,0,0,0,0,0,0,7960,14,0,0,0,0,0,0,0,0
198,2017-04-14,09:01:39,517,pp1709,XDCE,7958,7945,7973,7422,295275260,400508,401456,8344,7550,7947,7935,0,7955,0,0,0,2017-04-14,32499517,7958,152,0,0,0,0,0,0,0,0,7959,5,0,0,0,0,0,0,0,0
199,2017-04-14,09:01:40,16,pp1709,XDCE,7958,7945,7973,7476,297423930,400506,401456,8344,7550,7947,7935,0,7955,0,0,0,2017-04-14,32500016,7958,126,0,0,0,0,0,0,0,0,7959,4,0,0,0,0,0,0,0,0
200,2017-04-14,09:01:40,845,pp1709,XDCE,7958,7945,7973,7532,299652350,400544,401456,8344,7550,7947,7935,0,7955,0,0,0,2017-04-14,32500845,7958,216,0,0,0,0,0,0,0,0,7960,15,0,0,0,0,0,0,0,0
201,2017-04-14,09:01:41,453,pp1709,XDCE,7958,7945,7973,7694,306098380,400580,401456,8344,7550,7947,7935,0,7955,0,0,0,2017-04-14,32501453,7958,138,0,0,0,0,0,0,0,0,7960,15,0,0,0,0,0,0,0,0
202,2017-04-14,09:01:42,61,pp1709,XDCE,7959,7945,7973,7704,306496350,400582,401456,8344,7550,7947,7935,0,7955,0,0,0,2017-04-14,32502061,7959,1,0,0,0,0,0,0,0,0,7960,26,0,0,0,0,0,0,0,0
203,2017-04-14,09:01:42,348,pp1709,XDCE,7959,7945,7973,7738,307849230,400584,401456,8344,7550,7947,7935,0,7955,0,0,0,2017-04-14,32502348,7958,123,0,0,0,0,0,0,0,0,7959,17,0,0,0,0,0,0,0,0
204,2017-04-14,09:01:42,932,pp1709,XDCE,7958,7945,7973,7742,308008400,400586,401456,8344,7550,7947,7935,0,7955,0,0,0,2017-04-14,32502932,7958,122,0,0,0,0,0,0,0,0,7959,42,0,0,0,0,0,0,0,0
205,2017-04-14,09:01:43,244,pp1709,XDCE,7958,7945,7973,7742,308008400,400586,401456,8344,7550,7947,7935,0,7955,0,0,0,2017-04-14,32503244,7958,122,0,0,0,0,0,0,0,0,7959,36,0,0,0,0,0,0,0,0
206,2017-04-14,09:01:43,795,pp1709,XDCE,7958,7945,7973,7788,309838740,400618,401456,8344,7550,7947,7935,0,7955,0,0,0,2017-04-14,32503795,7958,100,0,0,0,0,0,0,0,0,7959,24,0,0,0,0,0,0,0,0
207,2017-04-14,09:01:44,564,pp1709,XDCE,7958,7945,7973,7860,312703620,400642,401456,8344,7550,7947,7935,0,7955,0,0,0,2017-04-14,32504564,7958,64,0,0,0,0,0,0,0,0,7959,18,0,0,0,0,0,0,0,0
208,2017-04-14,09:01:45,42,pp1709,XDCE,7956,7945,7973,8044,320024760,400646,401456,8344,7550,7947,7935,0,7955,0,0,0,2017-04-14,32505042,7955,2,0,0,0,0,0,0,0,0,7956,2,0,0,0,0,0,0,0,0
209,2017-04-14,09:01:45,556,pp1709,XDCE,7956,7945,7973,8082,321536220,400646,401456,8344,7550,7947,7935,0,7955,0,0,0,2017-04-14,32505556,7953,2,0,0,0,0,0,0,0,0,7956,17,0,0,0,0,0,0,0,0
210,2017-04-14,09:01:46,40,pp1709,XDCE,7956,7945,7973,8108,322570230,400642,401456,8344,7550,7947,7935,0,7955,0,0,0,2017-04-14,32506040,7953,1,0,0,0,0,0,0,0,0,7956,13,0,0,0,0,0,0,0,0
211,2017-04-14,09:01:46,547,pp1709,XDCE,7956,7945,7973,8122,323126920,400642,401456,8344,7550,7947,7935,0,7955,0,0,0,2017-04-14,32506547,7953,9,0,0,0,0,0,0,0,0,7955,1,0,0,0,0,0,0,0,0
212,2017-04-14,09:01:47,44,pp1709,XDCE,7953,7945,7973,8150,324240730,400634,401456,8344,7550,7947,7935,0,7955,0,0,0,2017-04-14,32507044,7953,8,0,0,0,0,0,0,0,0,7958,17,0,0,0,0,0,0,0,0
213,2017-04-14,09:01:47,562,pp1709,XDCE,7949,7945,7973,8246,328057510,400674,401456,8344,7550,7947,7935,0,7955,0,0,0,2017-04-14,32507562,7949,45,0,0,0,0,0,0,0,0,7957,6,0,0,0,0,0,0,0,0
214,2017-04-14,09:01:48,77,pp1709,XDCE,7950,7945,7973,8264,328773180,400656,401456,8344,7550,7947,7935,0,7955,0,0,0,2017-04-14,32508077,7950,7,0,0,0,0,0,0,0,0,7953,10,0,0,0,0,0,0,0,0
215,2017-04-14,09:01:48,565,pp1709,XDCE,7950,7945,7973,8266,328852680,400654,401456,8344,7550,7947,7935,0,7955,0,0,0,2017-04-14,32508565,7950,6,0,0,0,0,0,0,0,0,7951,2,0,0,0,0,0,0,0,0
216,2017-04-14,09:01:49,72,pp1709,XDCE,7951,7945,7973,8278,329329710,400650,401456,8344,7550,7947,7935,0,7955,0,0,0,2017-04-14,32509072,7949,44,0,0,0,0,0,0,0,0,7951,13,0,0,0,0,0,0,0,0
217,2017-04-14,09:01:49,344,pp1709,XDCE,7951,7945,7973,8278,329329710,400650,401456,8344,7550,7947,7935,0,7955,0,0,0,2017-04-14,32509344,7949,44,0,0,0,0,0,0,0,0,7950,11,0,0,0,0,0,0,0,0
218,2017-04-14,09:01:50,58,pp1709,XDCE,7950,7945,7973,8334,331555710,400646,401456,8344,7550,7947,7935,0,7955,0,0,0,2017-04-14,32510058,7951,4,0,0,0,0,0,0,0,0,7952,5,0,0,0,0,0,0,0,0
219,2017-04-14,09:01:50,573,pp1709,XDCE,7952,7945,7973,8358,332509950,400632,401456,8344,7550,7947,7935,0,7955,0,0,0,2017-04-14,32510573,7951,7,0,0,0,0,0,0,0,0,7953,11,0,0,0,0,0,0,0,0
220,2017-04-14,09:01:51,79,pp1709,XDCE,7953,7945,7973,8370,332987090,400624,401456,8344,7550,7947,7935,0,7955,0,0,0,2017-04-14,32511079,7951,5,0,0,0,0,0,0,0,0,7953,7,0,0,0,0,0,0,0,0
221,2017-04-14,09:01:51,443,pp1709,XDCE,7951,7945,7973,8380,333384680,400622,401456,8344,7550,7947,7935,0,7955,0,0,0,2017-04-14,32511443,7951,3,0,0,0,0,0,0,0,0,7953,5,0,0,0,0,0,0,0,0
222,2017-04-14,09:01:51,900,pp1709,XDCE,7953,7945,7973,8382,333464210,400622,401456,8344,7550,7947,7935,0,7955,0,0,0,2017-04-14,32511900,7951,3,0,0,0,0,0,0,0,0,7953,5,0,0,0,0,0,0,0,0
223,2017-04-14,09:01:52,563,pp1709,XDCE,7951,7945,7973,8390,333782260,400620,401456,8344,7550,7947,7935,0,7955,0,0,0,2017-04-14,32512563,7950,5,0,0,0,0,0,0,0,0,7953,15,0,0,0,0,0,0,0,0
224,2017-04-14,09:01:53,46,pp1709,XDCE,7951,7945,7973,8400,334179810,400620,401456,8344,7550,7947,7935,0,7955,0,0,0,2017-04-14,32513046,7950,5,0,0,0,0,0,0,0,0,7951,20,0,0,0,0,0,0,0,0
225,2017-04-14,09:01:53,571,pp1709,XDCE,7951,7945,7973,8402,334259320,400622,401456,8344,7550,7947,7935,0,7955,0,0,0,2017-04-14,32513571,7950,5,0,0,0,0,0,0,0,0,7951,19,0,0,0,0,0,0,0,0
226,2017-04-14,09:01:53,890,pp1709,XDCE,7950,7945,7973,8408,334497840,400624,401456,8344,7550,7947,7935,0,7955,0,0,0,2017-04-14,32513890,7950,5,0,0,0,0,0,0,0,0,7951,17,0,0,0,0,0,0,0,0
227,2017-04-14,09:01:54,380,pp1709,XDCE,7951,7945,7973,8444,335929010,400644,401456,8344,7550,7947,7935,0,7955,0,0,0,2017-04-14,32514380,7950,4,0,0,0,0,0,0,0,0,7953,18,0,0,0,0,0,0,0,0
228,2017-04-14,09:01:55,13,pp1709,XDCE,7951,7945,7973,8450,336167550,400648,401456,8344,7550,7947,7935,0,7955,0,0,0,2017-04-14,32515013,7951,3,0,0,0,0,0,0,0,0,7953,17,0,0,0,0,0,0,0,0
229,2017-04-14,09:01:55,510,pp1709,XDCE,7951,7945,7973,8458,336485590,400644,401456,8344,7550,7947,7935,0,7955,0,0,0,2017-04-14,32515510,7950,5,0,0,0,0,0,0,0,0,7951,1,0,0,0,0,0,0,0,0
230,2017-04-14,09:01:56,15,pp1709,XDCE,7951,7945,7973,8488,337678390,400626,401456,8344,7550,7947,7935,0,7955,0,0,0,2017-04-14,32516015,7951,1,0,0,0,0,0,0,0,0,7953,13,0,0,0,0,0,0,0,0
231,2017-04-14,09:01:56,482,pp1709,XDCE,7951,7945,7973,8488,337678390,400626,401456,8344,7550,7947,7935,0,7955,0,0,0,2017-04-14,32516482,7951,1,0,0,0,0,0,0,0,0,7952,1,0,0,0,0,0,0,0,0
232,2017-04-14,09:01:57,22,pp1709,XDCE,7951,7945,7973,8490,337757900,400626,401456,8344,7550,7947,7935,0,7955,0,0,0,2017-04-14,32517022,7951,2,0,0,0,0,0,0,0,0,7952,1,0,0,0,0,0,0,0,0
233,2017-04-14,09:01:57,426,pp1709,XDCE,7953,7945,7973,8500,338155540,400636,401456,8344,7550,7947,7935,0,7955,0,0,0,2017-04-14,32517426,7951,3,0,0,0,0,0,0,0,0,7953,10,0,0,0,0,0,0,0,0
234,2017-04-14,09:01:58,49,pp1709,XDCE,7951,7945,7973,8508,338473640,400636,401456,8344,7550,7947,7935,0,7955,0,0,0,2017-04-14,32518049,7951,2,0,0,0,0,0,0,0,0,7953,7,0,0,0,0,0,0,0,0
235,2017-04-14,09:01:59,554,pp1709,XDCE,7953,7945,7973,8522,339030350,400630,401456,8344,7550,7947,7935,0,7955,0,0,0,2017-04-14,32519554,7952,4,0,0,0,0,0,0,0,0,7954,3,0,0,0,0,0,0,0,0
236,2017-04-14,09:01:59,792,pp1709,XDCE,7953,7945,7973,8526,339189410,400630,401456,8344,7550,7947,7935,0,7955,0,0,0,2017-04-14,32519792,7952,4,0,0,0,0,0,0,0,0,7953,9,0,0,0,0,0,0,0,0
237,2017-04-14,09:02:00,559,pp1709,XDCE,7953,7945,7973,8550,340143750,400630,401456,8344,7550,7947,7935,0,7955,0,0,0,2017-04-14,32520559,7952,2,0,0,0,0,0,0,0,0,7954,3,0,0,0,0,0,0,0,0
238,2017-04-14,09:02:00,964,pp1709,XDCE,7953,7945,7973,8598,342052410,400602,401456,8344,7550,7947,7935,0,7955,0,0,0,2017-04-14,32520964,7951,4,0,0,0,0,0,0,0,0,7952,7,0,0,0,0,0,0,0,0
239,2017-04-14,09:02:01,555,pp1709,XDCE,7951,7945,7973,8640,343722130,400612,401456,8344,7550,7947,7935,0,7955,0,0,0,2017-04-14,32521555,7951,3,0,0,0,0,0,0,0,0,7954,2,0,0,0,0,0,0,0,0
240,2017-04-14,09:02:02,67,pp1709,XDCE,7951,7945,7973,8640,343722130,400612,401456,8344,7550,7947,7935,0,7955,0,0,0,2017-04-14,32522067,7951,5,0,0,0,0,0,0,0,0,7953,1,0,0,0,0,0,0,0,0
241,2017-04-14,09:02:02,555,pp1709,XDCE,7953,7945,7973,8646,343960700,400610,401456,8344,7550,7947,7935,0,7955,0,0,0,2017-04-14,32522555,7951,12,0,0,0,0,0,0,0,0,7954,6,0,0,0,0,0,0,0,0
242,2017-04-14,09:02:03,79,pp1709,XDCE,7953,7945,7973,8646,343960700,400610,401456,8344,7550,7947,7935,0,7955,0,0,0,2017-04-14,32523079,7951,5,0,0,0,0,0,0,0,0,7953,2,0,0,0,0,0,0,0,0
243,2017-04-14,09:02:03,555,pp1709,XDCE,7953,7945,7973,8650,344119760,400606,401456,8344,7550,7947,7935,0,7955,0,0,0,2017-04-14,32523555,7952,1,0,0,0,0,0,0,0,0,7954,6,0,0,0,0,0,0,0,0
244,2017-04-14,09:02:03,933,pp1709,XDCE,7951,7945,7973,8684,345471450,400592,401456,8344,7550,7947,7935,0,7955,0,0,0,2017-04-14,32523933,7951,8,0,0,0,0,0,0,0,0,7954,3,0,0,0,0,0,0,0,0
245,2017-04-14,09:02:04,213,pp1709,XDCE,7951,7945,7973,8684,345471450,400592,401456,8344,7550,7947,7935,0,7955,0,0,0,2017-04-14,32524213,7951,7,0,0,0,0,0,0,0,0,7954,6,0,0,0,0,0,0,0,0
246,2017-04-14,09:02:05,16,pp1709,XDCE,7954,7945,7973,8692,345789570,400596,401456,8344,7550,7947,7935,0,7955,0,0,0,2017-04-14,32525016,7951,8,0,0,0,0,0,0,0,0,7954,4,0,0,0,0,0,0,0,0
247,2017-04-14,09:02:05,478,pp1709,XDCE,7951,7945,7973,8704,346266750,400590,401456,8344,7550,7947,7935,0,7955,0,0,0,2017-04-14,32525478,7951,8,0,0,0,0,0,0,0,0,7955,10,0,0,0,0,0,0,0,0
248,2017-04-14,09:02:05,712,pp1709,XDCE,7951,7945,7973,8708,346425770,400590,401456,8344,7550,7947,7935,0,7955,0,0,0,2017-04-14,32525712,7951,7,0,0,0,0,0,0,0,0,7955,10,0,0,0,0,0,0,0,0
249,2017-04-14,09:02:06,523,pp1709,XDCE,7951,7945,7973,8710,346505280,400588,401456,8344,7550,7947,7935,0,7955,0,0,0,2017-04-14,32526523,7951,9,0,0,0,0,0,0,0,0,7954,1,0,0,0,0,0,0,0,0
250,2017-04-14,09:02:06,783,pp1709,XDCE,7951,7945,7973,8722,346982440,400596,401456,8344,7550,7947,7935,0,7955,0,0,0,2017-04-14,32526783,7951,8,0,0,0,0,0,0,0,0,7954,9,0,0,0,0,0,0,0,0
251,2017-04-14,09:02:07,478,pp1709,XDCE,7954,7945,7973,8724,347061980,400598,401456,8344,7550,7947,7935,0,7955,0,0,0,2017-04-14,32527478,7951,9,0,0,0,0,0,0,0,0,7954,8,0,0,0,0,0,0,0,0
252,2017-04-14,09:02:07,941,pp1709,XDCE,7951,7945,7973,8726,347141490,400598,401456,8344,7550,7947,7935,0,7955,0,0,0,2017-04-14,32527941,7951,9,0,0,0,0,0,0,0,0,7953,1,0,0,0,0,0,0,0,0
253,2017-04-14,09:02:08,526,pp1709,XDCE,7951,7945,7973,8728,347221000,400600,401456,8344,7550,7947,7935,0,7955,0,0,0,2017-04-14,32528526,7951,8,0,0,0,0,0,0,0,0,7953,3,0,0,0,0,0,0,0,0
254,2017-04-14,09:02:08,913,pp1709,XDCE,7951,7945,7973,8746,347936610,400590,401456,8344,7550,7947,7935,0,7955,0,0,0,2017-04-14,32528913,7951,1,0,0,0,0,0,0,0,0,7953,10,0,0,0,0,0,0,0,0
255,2017-04-14,09:02:09,351,pp1709,XDCE,7950,7945,7973,8754,348254620,400584,401456,8344,7550,7947,7935,0,7955,0,0,0,2017-04-14,32529351,7950,24,0,0,0,0,0,0,0,0,7953,12,0,0,0,0,0,0,0,0
256,2017-04-14,09:02:10,32,pp1709,XDCE,7955,7945,7973,8892,353743200,400470,401456,8344,7550,7947,7935,0,7955,0,0,0,2017-04-14,32530032,7955,32,0,0,0,0,0,0,0,0,7956,2,0,0,0,0,0,0,0,0
257,2017-04-14,09:02:10,576,pp1709,XDCE,7955,7945,7973,8956,356288800,400406,401456,8344,7550,7947,7935,0,7955,0,0,0,2017-04-14,32530576,7950,24,0,0,0,0,0,0,0,0,7955,17,0,0,0,0,0,0,0,0
258,2017-04-14,09:02:11,57,pp1709,XDCE,7951,7945,7973,8958,356368310,400406,401456,8344,7550,7947,7935,0,7955,0,0,0,2017-04-14,32531057,7951,6,0,0,0,0,0,0,0,0,7953,4,0,0,0,0,0,0,0,0
259,2017-04-14,09:02:11,447,pp1709,XDCE,7951,7945,7973,8964,356606840,400400,401456,8344,7550,7947,7935,0,7955,0,0,0,2017-04-14,32531447,7950,24,0,0,0,0,0,0,0,0,7951,6,0,0,0,0,0,0,0,0
260,2017-04-14,09:02:12,75,pp1709,XDCE,7954,7945,7973,8994,357799760,400390,401456,8344,7550,7947,7935,0,7955,0,0,0,2017-04-14,32532075,7954,24,0,0,0,0,0,0,0,0,7955,6,0,0,0,0,0,0,0,0
261,2017-04-14,09:02:12,527,pp1709,XDCE,7954,7945,7973,9004,358197460,400390,401456,8344,7550,7947,7935,0,7955,0,0,0,2017-04-14,32532527,7954,20,0,0,0,0,0,0,0,0,7955,10,0,0,0,0,0,0,0,0
262,2017-04-14,09:02:13,16,pp1709,XDCE,7954,7945,7973,9020,358833850,400388,401456,8344,7550,7947,7935,0,7955,0,0,0,2017-04-14,32533016,7954,19,0,0,0,0,0,0,0,0,7956,4,0,0,0,0,0,0,0,0
263,2017-04-14,09:02:13,517,pp1709,XDCE,7954,7945,7973,9048,359947410,400388,401456,8344,7550,7947,7935,0,7955,0,0,0,2017-04-14,32533517,7954,7,0,0,0,0,0,0,0,0,7955,14,0,0,0,0,0,0,0,0
264,2017-04-14,09:02:13,896,pp1709,XDCE,7955,7945,7973,9080,361220190,400366,401456,8344,7550,7947,7935,0,7955,0,0,0,2017-04-14,32533896,7954,7,0,0,0,0,0,0,0,0,7957,3,0,0,0,0,0,0,0,0
265,2017-04-14,09:02:14,525,pp1709,XDCE,7955,7945,7973,9080,361220190,400366,401456,8344,7550,7947,7935,0,7955,0,0,0,2017-04-14,32534525,7955,10,0,0,0,0,0,0,0,0,7957,1,0,0,0,0,0,0,0,0
266,2017-04-14,09:02:15,52,pp1709,XDCE,7954,7945,7973,9114,362572600,400356,401456,8344,7550,7947,7935,0,7955,0,0,0,2017-04-14,32535052,7954,6,0,0,0,0,0,0,0,0,7955,7,0,0,0,0,0,0,0,0
267,2017-04-14,09:02:15,557,pp1709,XDCE,7958,7945,7973,9172,364880210,400302,401456,8344,7550,7947,7935,0,7955,0,0,0,2017-04-14,32535557,7956,1,0,0,0,0,0,0,0,0,7960,20,0,0,0,0,0,0,0,0
268,2017-04-14,09:02:16,43,pp1709,XDCE,7959,7945,7973,9198,365914970,400300,401456,8344,7550,7947,7935,0,7955,0,0,0,2017-04-14,32536043,7959,2,0,0,0,0,0,0,0,0,7960,11,0,0,0,0,0,0,0,0
269,2017-04-14,09:02:16,503,pp1709,XDCE,7960,7945,7973,9220,366790570,400292,401456,8344,7550,7947,7935,0,7955,0,0,0,2017-04-14,32536503,7959,3,0,0,0,0,0,0,0,0,7961,30,0,0,0,0,0,0,0,0
270,2017-04-14,09:02:17,52,pp1709,XDCE,7960,7945,7973,9226,367029490,400292,401456,8344,7550,7947,7935,0,7955,0,0,0,2017-04-14,32537052,7960,2,0,0,0,0,0,0,0,0,7961,30,0,0,0,0,0,0,0,0
271,2017-04-14,09:02:17,560,pp1709,XDCE,7961,7945,7973,9306,370213710,400250,401456,8344,7550,7947,7935,0,7955,0,0,0,2017-04-14,32537560,7961,3,0,0,0,0,0,0,0,0,7962,4,0,0,0,0,0,0,0,0
272,2017-04-14,09:02:17,881,pp1709,XDCE,7961,7945,7973,9310,370372940,400246,401456,8344,7550,7947,7935,0,7955,0,0,0,2017-04-14,32537881,7960,9,0,0,0,0,0,0,0,0,7961,6,0,0,0,0,0,0,0,0
273,2017-04-14,09:02:18,453,pp1709,XDCE,7962,7945,7973,9348,371885600,400210,401456,8344,7550,7947,7935,0,7955,0,0,0,2017-04-14,32538453,7961,3,0,0,0,0,0,0,0,0,7962,2,0,0,0,0,0,0,0,0
274,2017-04-14,09:02:18,912,pp1709,XDCE,7962,7945,7973,9348,371885600,400210,401456,8344,7550,7947,7935,0,7955,0,0,0,2017-04-14,32538912,7961,5,0,0,0,0,0,0,0,0,7963,14,0,0,0,0,0,0,0,0
275,2017-04-14,09:02:19,541,pp1709,XDCE,7961,7945,7973,9356,372204040,400208,401456,8344,7550,7947,7935,0,7955,0,0,0,2017-04-14,32539541,7962,1,0,0,0,0,0,0,0,0,7963,14,0,0,0,0,0,0,0,0
276,2017-04-14,09:02:20,2,pp1709,XDCE,7962,7945,7973,9358,372283660,400208,401456,8344,7550,7947,7935,0,7955,0,0,0,2017-04-14,32540002,7961,4,0,0,0,0,0,0,0,0,7962,16,0,0,0,0,0,0,0,0
277,2017-04-14,09:02:20,471,pp1709,XDCE,7963,7945,7973,9408,374274250,400216,401456,8344,7550,7947,7935,0,7955,0,0,0,2017-04-14,32540471,7963,26,0,0,0,0,0,0,0,0,7964,15,0,0,0,0,0,0,0,0
278,2017-04-14,09:02:21,41,pp1709,XDCE,7963,7945,7973,9410,374353880,400216,401456,8344,7550,7947,7935,0,7955,0,0,0,2017-04-14,32541041,7963,25,0,0,0,0,0,0,0,0,7964,15,0,0,0,0,0,0,0,0
279,2017-04-14,09:02:21,469,pp1709,XDCE,7961,7945,7973,9470,376742680,400208,401456,8344,7550,7947,7935,0,7955,0,0,0,2017-04-14,32541469,7960,8,0,0,0,0,0,0,0,0,7964,15,0,0,0,0,0,0,0,0
280,2017-04-14,09:02:22,59,pp1709,XDCE,7964,7945,7973,9490,377539080,400208,401456,8344,7550,7947,7935,0,7955,0,0,0,2017-04-14,32542059,7963,1,0,0,0,0,0,0,0,0,7964,5,0,0,0,0,0,0,0,0
281,2017-04-14,09:02:22,545,pp1709,XDCE,7965,7945,7973,9514,378494780,400196,401456,8344,7550,7947,7935,0,7955,0,0,0,2017-04-14,32542545,7961,1,0,0,0,0,0,0,0,0,7964,2,0,0,0,0,0,0,0,0
282,2017-04-14,09:02:23,43,pp1709,XDCE,7960,7945,7973,9518,378653990,400196,401456,8344,7550,7947,7935,0,7955,0,0,0,2017-04-14,32543043,7961,2,0,0,0,0,0,0,0,0,7964,5,0,0,0,0,0,0,0,0
283,2017-04-14,09:02:23,497,pp1709,XDCE,7964,7945,7973,9522,378813270,400194,401456,8344,7550,7947,7935,0,7955,0,0,0,2017-04-14,32543497,7964,1,0,0,0,0,0,0,0,0,7965,22,0,0,0,0,0,0,0,0
284,2017-04-14,09:02:24,52,pp1709,XDCE,7964,7945,7973,9524,378892910,400194,401456,8344,7550,7947,7935,0,7955,0,0,0,2017-04-14,32544052,7962,4,0,0,0,0,0,0,0,0,7963,21,0,0,0,0,0,0,0,0
285,2017-04-14,09:02:24,93,pp1709,XDCE,7964,7945,7973,9524,378892910,400194,401456,8344,7550,7947,7935,0,7955,0,0,0,2017-04-14,32544093,7962,2,0,0,0,0,0,0,0,0,7963,21,0,0,0,0,0,0,0,0
286,2017-04-14,09:02:24,939,pp1709,XDCE,7963,7945,7973,9530,379131800,400200,401456,8344,7550,7947,7935,0,7955,0,0,0,2017-04-14,32544939,7962,2,0,0,0,0,0,0,0,0,7963,18,0,0,0,0,0,0,0,0
287,2017-04-14,09:02:25,343,pp1709,XDCE,7962,7945,7973,9540,379529900,400190,401456,8344,7550,7947,7935,0,7955,0,0,0,2017-04-14,32545343,7962,1,0,0,0,0,0,0,0,0,7963,18,0,0,0,0,0,0,0,0
288,2017-04-14,09:02:25,845,pp1709,XDCE,7961,7945,7973,9544,379689130,400186,401456,8344,7550,7947,7935,0,7955,0,0,0,2017-04-14,32545845,7961,1,0,0,0,0,0,0,0,0,7963,18,0,0,0,0,0,0,0,0
289,2017-04-14,09:02:26,488,pp1709,XDCE,7963,7945,7973,9546,379768760,400188,401456,8344,7550,7947,7935,0,7955,0,0,0,2017-04-14,32546488,7961,1,0,0,0,0,0,0,0,0,7963,17,0,0,0,0,0,0,0,0
290,2017-04-14,09:02:27,71,pp1709,XDCE,7963,7945,7973,9554,380087240,400192,401456,8344,7550,7947,7935,0,7955,0,0,0,2017-04-14,32547071,7962,1,0,0,0,0,0,0,0,0,7963,15,0,0,0,0,0,0,0,0
291,2017-04-14,09:02:27,356,pp1709,XDCE,7963,7945,7973,9556,380166870,400194,401456,8344,7550,7947,7935,0,7955,0,0,0,2017-04-14,32547356,7962,1,0,0,0,0,0,0,0,0,7963,14,0,0,0,0,0,0,0,0
292,2017-04-14,09:02:28,9,pp1709,XDCE,7962,7945,7973,9586,381361310,400196,401456,8344,7550,7947,7935,0,7955,0,0,0,2017-04-14,32548009,7961,5,0,0,0,0,0,0,0,0,7962,3,0,0,0,0,0,0,0,0
293,2017-04-14,09:02:28,564,pp1709,XDCE,7964,7945,7973,9596,381759430,400188,401456,8344,7550,7947,7935,0,7955,0,0,0,2017-04-14,32548564,7962,24,0,0,0,0,0,0,0,0,7964,50,0,0,0,0,0,0,0,0
294,2017-04-14,09:02:29,23,pp1709,XDCE,7962,7945,7973,9624,382874130,400188,401456,8344,7550,7947,7935,0,7955,0,0,0,2017-04-14,32549023,7962,15,0,0,0,0,0,0,0,0,7964,50,0,0,0,0,0,0,0,0
295,2017-04-14,09:02:29,569,pp1709,XDCE,7962,7945,7973,9640,383511110,400180,401456,8344,7550,7947,7935,0,7955,0,0,0,2017-04-14,32549569,7962,9,0,0,0,0,0,0,0,0,7963,1,0,0,0,0,0,0,0,0
296,2017-04-14,09:02:30,40,pp1709,XDCE,7962,7945,7973,9658,384227710,400176,401456,8344,7550,7947,7935,0,7955,0,0,0,2017-04-14,32550040,7961,17,0,0,0,0,0,0,0,0,7962,19,0,0,0,0,0,0,0,0
297,2017-04-14,09:02:30,509,pp1709,XDCE,7961,7945,7973,9708,386218190,400144,401456,8344,7550,7947,7935,0,7955,0,0,0,2017-04-14,32550509,7961,8,0,0,0,0,0,0,0,0,7963,29,0,0,0,0,0,0,0,0
298,2017-04-14,09:02:30,998,pp1709,XDCE,7961,7945,7973,9720,386695850,400144,401456,8344,7550,7947,7935,0,7955,0,0,0,2017-04-14,32550998,7961,2,0,0,0,0,0,0,0,0,7963,30,0,0,0,0,0,0,0,0
299,2017-04-14,09:02:31,565,pp1709,XDCE,7964,7945,7973,9916,394499900,400010,401456,8344,7550,7947,7935,0,7955,0,0,0,2017-04-14,32551565,7964,646,0,0,0,0,0,0,0,0,7965,39,0,0,0,0,0,0,0,0
300,2017-04-14,09:02:32,43,pp1709,XDCE,7968,7945,7973,10030,399040620,399930,401456,8344,7550,7947,7935,0,7955,0,0,0,2017-04-14,32552043,7968,25,0,0,0,0,0,0,0,0,7969,87,0,0,0,0,0,0,0,0
301,2017-04-14,09:02:32,491,pp1709,XDCE,7969,7945,7973,10276,408842810,399824,401456,8344,7550,7947,7935,0,7955,0,0,0,2017-04-14,32552491,7969,46,0,0,0,0,0,0,0,0,7972,5,0,0,0,0,0,0,0,0
302,2017-04-14,09:02:33,59,pp1709,XDCE,7969,7945,7973,10350,411791720,399756,401456,8344,7550,7947,7935,0,7955,0,0,0,2017-04-14,32553059,7969,24,0,0,0,0,0,0,0,0,7972,3,0,0,0,0,0,0,0,0
303,2017-04-14,09:02:33,557,pp1709,XDCE,7969,7945,7973,10358,412110540,399752,401456,8344,7550,7947,7935,0,7955,0,0,0,2017-04-14,32553557,7969,21,0,0,0,0,0,0,0,0,7971,3,0,0,0,0,0,0,0,0
304,2017-04-14,09:02:34,73,pp1709,XDCE,7969,7945,7973,10420,414581040,399720,401456,8344,7550,7947,7935,0,7955,0,0,0,2017-04-14,32554073,7968,3,0,0,0,0,0,0,0,0,7969,46,0,0,0,0,0,0,0,0
305,2017-04-14,09:02:34,578,pp1709,XDCE,7965,7945,7973,10484,417130760,399686,401456,8344,7550,7947,7935,0,7955,0,0,0,2017-04-14,32554578,7967,3,0,0,0,0,0,0,0,0,7968,72,0,0,0,0,0,0,0,0
306,2017-04-14,09:02:35,11,pp1709,XDCE,7967,7945,7973,10512,418246140,399668,401456,8344,7550,7947,7935,0,7955,0,0,0,2017-04-14,32555011,7966,2,0,0,0,0,0,0,0,0,7967,58,0,0,0,0,0,0,0,0
307,2017-04-14,09:02:35,566,pp1709,XDCE,7966,7945,7973,10600,421751270,399630,401456,8344,7550,7947,7935,0,7955,0,0,0,2017-04-14,32555566,7965,35,0,0,0,0,0,0,0,0,7966,20,0,0,0,0,0,0,0,0
308,2017-04-14,09:02:36,77,pp1709,XDCE,7968,7945,7973,10642,423424150,399620,401456,8344,7550,7947,7935,0,7955,0,0,0,2017-04-14,32556077,7967,1,0,0,0,0,0,0,0,0,7968,2,0,0,0,0,0,0,0,0
309,2017-04-14,09:02:36,517,pp1709,XDCE,7967,7945,7973,10652,423822520,399614,401456,8344,7550,7947,7935,0,7955,0,0,0,2017-04-14,32556517,7967,13,0,0,0,0,0,0,0,0,7968,4,0,0,0,0,0,0,0,0
310,2017-04-14,09:02:36,972,pp1709,XDCE,7968,7945,7973,10664,424300580,399604,401456,8344,7550,7947,7935,0,7955,0,0,0,2017-04-14,32556972,7967,11,0,0,0,0,0,0,0,0,7969,101,0,0,0,0,0,0,0,0
311,2017-04-14,09:02:37,563,pp1709,XDCE,7969,7945,7973,10674,424698990,399606,401456,8344,7550,7947,7935,0,7955,0,0,0,2017-04-14,32557563,7967,8,0,0,0,0,0,0,0,0,7969,98,0,0,0,0,0,0,0,0
312,2017-04-14,09:02:38,34,pp1709,XDCE,7969,7945,7973,10674,424698990,399606,401456,8344,7550,7947,7935,0,7955,0,0,0,2017-04-14,32558034,7968,5,0,0,0,0,0,0,0,0,7969,98,0,0,0,0,0,0,0,0
313,2017-04-14,09:02:38,483,pp1709,XDCE,7969,7945,7973,10690,425336440,399606,401456,8344,7550,7947,7935,0,7955,0,0,0,2017-04-14,32558483,7967,7,0,0,0,0,0,0,0,0,7969,96,0,0,0,0,0,0,0,0
314,2017-04-14,09:02:38,980,pp1709,XDCE,7967,7945,7973,10696,425575490,399606,401456,8344,7550,7947,7935,0,7955,0,0,0,2017-04-14,32558980,7967,1,0,0,0,0,0,0,0,0,7969,95,0,0,0,0,0,0,0,0
315,2017-04-14,09:02:39,547,pp1709,XDCE,7970,7945,7973,10908,434022800,399488,401456,8344,7550,7947,7935,0,7955,0,0,0,2017-04-14,32559547,7970,5,0,0,0,0,0,0,0,0,7973,1,0,0,0,0,0,0,0,0
316,2017-04-14,09:02:39,996,pp1709,XDCE,7970,7945,7973,10934,435059140,399474,401456,8344,7550,7947,7935,0,7955,0,0,0,2017-04-14,32559996,7970,3,0,0,0,0,0,0,0,0,7973,7,0,0,0,0,0,0,0,0
317,2017-04-14,09:02:40,561,pp1709,XDCE,7966,7945,7974,10994,437450170,399434,401456,8344,7550,7947,7935,0,7955,0,0,0,2017-04-14,32560561,7969,1,0,0,0,0,0,0,0,0,7973,2,0,0,0,0,0,0,0,0
318,2017-04-14,09:02:41,11,pp1709,XDCE,7969,7945,7974,11000,437689300,399432,401456,8344,7550,7947,7935,0,7955,0,0,0,2017-04-14,32561011,7966,31,0,0,0,0,0,0,0,0,7972,14,0,0,0,0,0,0,0,0
319,2017-04-14,09:02:41,561,pp1709,XDCE,7972,7945,7974,11066,440319710,399430,401456,8344,7550,7947,7935,0,7955,0,0,0,2017-04-14,32561561,7972,21,0,0,0,0,0,0,0,0,7973,6,0,0,0,0,0,0,0,0
320,2017-04-14,09:02:42,26,pp1709,XDCE,7967,7945,7974,11124,442631400,399420,401456,8344,7550,7947,7935,0,7955,0,0,0,2017-04-14,32562026,7967,2,0,0,0,0,0,0,0,0,7969,30,0,0,0,0,0,0,0,0
321,2017-04-14,09:02:42,550,pp1709,XDCE,7969,7945,7974,11132,442950140,399426,401456,8344,7550,7947,7935,0,7955,0,0,0,2017-04-14,32562550,7967,1,0,0,0,0,0,0,0,0,7969,27,0,0,0,0,0,0,0,0
322,2017-04-14,09:02:43,43,pp1709,XDCE,7968,7945,7974,11144,443428270,399430,401456,8344,7550,7947,7935,0,7955,0,0,0,2017-04-14,32563043,7967,4,0,0,0,0,0,0,0,0,7969,22,0,0,0,0,0,0,0,0
323,2017-04-14,09:02:43,561,pp1709,XDCE,7969,7945,7974,11152,443747010,399434,401456,8344,7550,7947,7935,0,7955,0,0,0,2017-04-14,32563561,7967,3,0,0,0,0,0,0,0,0,7969,19,0,0,0,0,0,0,0,0
324,2017-04-14,09:02:44,58,pp1709,XDCE,7969,7945,7974,11164,444225130,399440,401456,8344,7550,7947,7935,0,7955,0,0,0,2017-04-14,32564058,7967,2,0,0,0,0,0,0,0,0,7969,14,0,0,0,0,0,0,0,0
325,2017-04-14,09:02:44,579,pp1709,XDCE,7967,7945,7974,11166,444304800,399438,401456,8344,7550,7947,7935,0,7955,0,0,0,2017-04-14,32564579,7968,1,0,0,0,0,0,0,0,0,7969,14,0,0,0,0,0,0,0,0
326,2017-04-14,09:02:45,74,pp1709,XDCE,7968,7945,7974,11176,444703180,399434,401456,8344,7550,7947,7935,0,7955,0,0,0,2017-04-14,32565074,7966,19,0,0,0,0,0,0,0,0,7968,1,0,0,0,0,0,0,0,0
327,2017-04-14,09:02:45,559,pp1709,XDCE,7965,7945,7974,11244,447411730,399398,401456,8344,7550,7947,7935,0,7955,0,0,0,2017-04-14,32565559,7965,35,0,0,0,0,0,0,0,0,7968,2,0,0,0,0,0,0,0,0
328,2017-04-14,09:02:46,42,pp1709,XDCE,7968,7945,7974,11264,448208500,399396,401456,8344,7550,7947,7935,0,7955,0,0,0,2017-04-14,32566042,7965,16,0,0,0,0,0,0,0,0,7968,7,0,0,0,0,0,0,0,0
329,2017-04-14,09:02:46,557,pp1709,XDCE,7969,7945,7974,11406,453866350,399438,401456,8344,7550,7947,7935,0,7955,0,0,0,2017-04-14,32566557,7968,6,0,0,0,0,0,0,0,0,7969,13,0,0,0,0,0,0,0,0
330,2017-04-14,09:02:46,938,pp1709,XDCE,7965,7945,7974,11420,454424080,399438,401456,8344,7550,7947,7935,0,7955,0,0,0,2017-04-14,32566938,7966,10,0,0,0,0,0,0,0,0,7968,4,0,0,0,0,0,0,0,0
331,2017-04-14,09:02:47,454,pp1709,XDCE,7967,7945,7974,11424,454583430,399434,401456,8344,7550,7947,7935,0,7955,0,0,0,2017-04-14,32567454,7966,10,0,0,0,0,0,0,0,0,7968,5,0,0,0,0,0,0,0,0
332,2017-04-14,09:02:47,838,pp1709,XDCE,7966,7945,7974,11426,454663090,399432,401456,8344,7550,7947,7935,0,7955,0,0,0,2017-04-14,32567838,7966,9,0,0,0,0,0,0,0,0,7968,9,0,0,0,0,0,0,0,0
333,2017-04-14,09:02:48,557,pp1709,XDCE,7968,7945,7974,11438,455141150,399426,401456,8344,7550,7947,7935,0,7955,0,0,0,2017-04-14,32568557,7966,8,0,0,0,0,0,0,0,0,7968,4,0,0,0,0,0,0,0,0
334,2017-04-14,09:02:48,855,pp1709,XDCE,7966,7945,7974,11442,455300490,399422,401456,8344,7550,7947,7935,0,7955,0,0,0,2017-04-14,32568855,7966,7,0,0,0,0,0,0,0,0,7968,4,0,0,0,0,0,0,0,0
335,2017-04-14,09:02:49,430,pp1709,XDCE,7966,7945,7974,11446,455459830,399418,401456,8344,7550,7947,7935,0,7955,0,0,0,2017-04-14,32569430,7966,6,0,0,0,0,0,0,0,0,7967,3,0,0,0,0,0,0,0,0
336,2017-04-14,09:02:50,46,pp1709,XDCE,7968,7945,7974,11466,456256600,399424,401456,8344,7550,7947,7935,0,7955,0,0,0,2017-04-14,32570046,7968,46,0,0,0,0,0,0,0,0,7969,7,0,0,0,0,0,0,0,0
337,2017-04-14,09:02:50,566,pp1709,XDCE,7969,7945,7974,11472,456495660,399422,401456,8344,7550,7947,7935,0,7955,0,0,0,2017-04-14,32570566,7968,46,0,0,0,0,0,0,0,0,7969,5,0,0,0,0,0,0,0,0
338,2017-04-14,09:02:50,935,pp1709,XDCE,7969,7945,7974,11478,456734710,399422,401456,8344,7550,7947,7935,0,7955,0,0,0,2017-04-14,32570935,7968,44,0,0,0,0,0,0,0,0,7969,2,0,0,0,0,0,0,0,0
339,2017-04-14,09:02:51,575,pp1709,XDCE,7968,7945,7974,11482,456894080,399420,401456,8344,7550,7947,7935,0,7955,0,0,0,2017-04-14,32571575,7968,47,0,0,0,0,0,0,0,0,7969,3,0,0,0,0,0,0,0,0
340,2017-04-14,09:02:52,28,pp1709,XDCE,7968,7945,7974,11514,458168970,399420,401456,8344,7550,7947,7935,0,7955,0,0,0,2017-04-14,32572028,7968,27,0,0,0,0,0,0,0,0,7969,2,0,0,0,0,0,0,0,0
341,2017-04-14,09:02:52,537,pp1709,XDCE,7967,7945,7974,11642,463268180,399426,401456,8344,7550,7947,7935,0,7955,0,0,0,2017-04-14,32572537,7966,6,0,0,0,0,0,0,0,0,7968,15,0,0,0,0,0,0,0,0
342,2017-04-14,09:02:53,51,pp1709,XDCE,7968,7945,7974,11680,464781950,399410,401456,8344,7550,7947,7935,0,7955,0,0,0,2017-04-14,32573051,7965,63,0,0,0,0,0,0,0,0,7968,6,0,0,0,0,0,0,0,0
343,2017-04-14,09:02:53,454,pp1709,XDCE,7968,7945,7974,11690,465180320,399408,401456,8344,7550,7947,7935,0,7955,0,0,0,2017-04-14,32573454,7965,66,0,0,0,0,0,0,0,0,7968,1,0,0,0,0,0,0,0,0
344,2017-04-14,09:02:53,981,pp1709,XDCE,7968,7945,7974,11698,465499020,399400,401456,8344,7550,7947,7935,0,7955,0,0,0,2017-04-14,32573981,7968,5,0,0,0,0,0,0,0,0,7969,16,0,0,0,0,0,0,0,0
345,2017-04-14,09:02:54,454,pp1709,XDCE,7968,7945,7974,11702,465658370,399398,401456,8344,7550,7947,7935,0,7955,0,0,0,2017-04-14,32574454,7967,7,0,0,0,0,0,0,0,0,7968,9,0,0,0,0,0,0,0,0
346,2017-04-14,09:02:55,76,pp1709,XDCE,7968,7945,7974,11720,466375480,399398,401456,8344,7550,7947,7935,0,7955,0,0,0,2017-04-14,32575076,7967,6,0,0,0,0,0,0,0,0,7968,1,0,0,0,0,0,0,0,0
347,2017-04-14,09:02:55,516,pp1709,XDCE,7968,7945,7974,11748,467491010,399372,401456,8344,7550,7947,7935,0,7955,0,0,0,2017-04-14,32575516,7968,10,0,0,0,0,0,0,0,0,7969,1,0,0,0,0,0,0,0,0
348,2017-04-14,09:02:55,932,pp1709,XDCE,7968,7945,7974,11762,468048780,399358,401456,8344,7550,7947,7935,0,7955,0,0,0,2017-04-14,32575932,7968,4,0,0,0,0,0,0,0,0,7970,6,0,0,0,0,0,0,0,0
349,2017-04-14,09:02:56,439,pp1709,XDCE,7968,7945,7974,11768,468287820,399356,401456,8344,7550,7947,7935,0,7955,0,0,0,2017-04-14,32576439,7969,646,0,0,0,0,0,0,0,0,7970,9,0,0,0,0,0,0,0,0
350,2017-04-14,09:02:57,38,pp1709,XDCE,7972,7945,7974,11800,469563050,399334,401456,8344,7550,7947,7935,0,7955,0,0,0,2017-04-14,32577038,7971,7,0,0,0,0,0,0,0,0,7973,29,0,0,0,0,0,0,0,0
351,2017-04-14,09:02:57,530,pp1709,XDCE,7972,7945,7974,11820,470360200,399330,401456,8344,7550,7947,7935,0,7955,0,0,0,2017-04-14,32577530,7971,11,0,0,0,0,0,0,0,0,7973,24,0,0,0,0,0,0,0,0
352,2017-04-14,09:02:58,3,pp1709,XDCE,7973,7945,7974,11872,472432950,399328,401456,8344,7550,7947,7935,0,7955,0,0,0,2017-04-14,32578003,7971,2,0,0,0,0,0,0,0,0,7973,11,0,0,0,0,0,0,0,0
353,2017-04-14,09:02:58,543,pp1709,XDCE,7971,7945,7974,11938,475063260,399286,401456,8344,7550,7947,7935,0,7955,0,0,0,2017-04-14,32578543,7971,10,0,0,0,0,0,0,0,0,7973,5,0,0,0,0,0,0,0,0
354,2017-04-14,09:02:59,64,pp1709,XDCE,7973,7945,7974,11964,476099530,399280,401456,8344,7550,7947,7935,0,7955,0,0,0,2017-04-14,32579064,7971,4,0,0,0,0,0,0,0,0,7973,2,0,0,0,0,0,0,0,0
355,2017-04-14,09:02:59,536,pp1709,XDCE,7973,7945,7974,11974,476498170,399272,401456,8344,7550,7947,7935,0,7955,0,0,0,2017-04-14,32579536,7973,17,0,0,0,0,0,0,0,0,7974,17,0,0,0,0,0,0,0,0
356,2017-04-14,09:03:00,56,pp1709,XDCE,7971,7945,7974,12058,479846890,399294,401456,8344,7550,7947,7935,0,7955,0,0,0,2017-04-14,32580056,7971,12,0,0,0,0,0,0,0,0,7974,3,0,0,0,0,0,0,0,0
357,2017-04-14,09:03:00,578,pp1709,XDCE,7971,7945,7975,12132,482796770,399304,401456,8344,7550,7947,7935,0,7955,0,0,0,2017-04-14,32580578,7971,4,0,0,0,0,0,0,0,0,7974,16,0,0,0,0,0,0,0,0
358,2017-04-14,09:03:01,16,pp1709,XDCE,7970,7945,7975,12180,484709850,399282,401456,8344,7550,7947,7935,0,7955,0,0,0,2017-04-14,32581016,7973,1,0,0,0,0,0,0,0,0,7974,13,0,0,0,0,0,0,0,0
359,2017-04-14,09:03:01,559,pp1709,XDCE,7971,7945,7975,12186,484949030,399280,401456,8344,7550,7947,7935,0,7955,0,0,0,2017-04-14,32581559,7971,5,0,0,0,0,0,0,0,0,7974,12,0,0,0,0,0,0,0,0
360,2017-04-14,09:03:02,79,pp1709,XDCE,7975,7945,7975,12232,486783130,399280,401456,8344,7550,7947,7935,0,7955,0,0,0,2017-04-14,32582079,7974,35,0,0,0,0,0,0,0,0,7975,15,0,0,0,0,0,0,0,0
361,2017-04-14,09:03:02,537,pp1709,XDCE,7975,7945,7975,12254,487660370,399260,401456,8344,7550,7947,7935,0,7955,0,0,0,2017-04-14,32582537,7974,34,0,0,0,0,0,0,0,0,7975,7,0,0,0,0,0,0,0,0
362,2017-04-14,09:03:03,72,pp1709,XDCE,7975,7945,7975,12312,489973020,399258,401456,8344,7550,7947,7935,0,7955,0,0,0,2017-04-14,32583072,7975,54,0,0,0,0,0,0,0,0,7976,64,0,0,0,0,0,0,0,0
363,2017-04-14,09:03:03,523,pp1709,XDCE,7974,7945,7976,12482,496751580,399358,401456,8344,7550,7947,7935,0,7955,0,0,0,2017-04-14,32583523,7974,3,0,0,0,0,0,0,0,0,7976,58,0,0,0,0,0,0,0,0
364,2017-04-14,09:03:04,36,pp1709,XDCE,7975,7945,7976,12508,497788260,399340,401456,8344,7550,7947,7935,0,7955,0,0,0,2017-04-14,32584036,7973,3,0,0,0,0,0,0,0,0,7975,8,0,0,0,0,0,0,0,0
365,2017-04-14,09:03:04,566,pp1709,XDCE,7976,7945,7976,12576,500499570,399328,401456,8344,7550,7947,7935,0,7955,0,0,0,2017-04-14,32584566,7973,14,0,0,0,0,0,0,0,0,7976,52,0,0,0,0,0,0,0,0
366,2017-04-14,09:03:05,12,pp1709,XDCE,7975,7945,7976,12580,500659060,399328,401456,8344,7550,7947,7935,0,7955,0,0,0,2017-04-14,32585012,7974,2,0,0,0,0,0,0,0,0,7975,7,0,0,0,0,0,0,0,0
367,2017-04-14,09:03:05,493,pp1709,XDCE,7975,7945,7976,12604,501615980,399320,401456,8344,7550,7947,7935,0,7955,0,0,0,2017-04-14,32585493,7973,9,0,0,0,0,0,0,0,0,7976,57,0,0,0,0,0,0,0,0
368,2017-04-14,09:03:06,67,pp1709,XDCE,7975,7945,7976,12620,502254000,399318,401456,8344,7550,7947,7935,0,7955,0,0,0,2017-04-14,32586067,7973,8,0,0,0,0,0,0,0,0,7975,5,0,0,0,0,0,0,0,0
369,2017-04-14,09:03:06,578,pp1709,XDCE,7975,7945,7976,12628,502572980,399318,401456,8344,7550,7947,7935,0,7955,0,0,0,2017-04-14,32586578,7973,7,0,0,0,0,0,0,0,0,7975,2,0,0,0,0,0,0,0,0
370,2017-04-14,09:03:07,42,pp1709,XDCE,7975,7945,7976,12636,502891990,399320,401456,8344,7550,7947,7935,0,7955,0,0,0,2017-04-14,32587042,7975,91,0,0,0,0,0,0,0,0,7976,52,0,0,0,0,0,0,0,0
371,2017-04-14,09:03:07,455,pp1709,XDCE,7975,7945,7976,12798,509351940,399384,401456,8344,7550,7947,7935,0,7955,0,0,0,2017-04-14,32587455,7975,32,0,0,0,0,0,0,0,0,7976,33,0,0,0,0,0,0,0,0
372,2017-04-14,09:03:08,1,pp1709,XDCE,7976,7945,7976,12866,512063770,399372,401456,8344,7550,7947,7935,0,7955,0,0,0,2017-04-14,32588001,7975,33,0,0,0,0,0,0,0,0,7976,2,0,0,0,0,0,0,0,0
373,2017-04-14,09:03:08,580,pp1709,XDCE,7976,7945,7977,12896,513260180,399366,401456,8344,7550,7947,7935,0,7955,0,0,0,2017-04-14,32588580,7976,6,0,0,0,0,0,0,0,0,7977,14,0,0,0,0,0,0,0,0
374,2017-04-14,09:03:08,994,pp1709,XDCE,7975,7945,7977,12914,513978010,399354,401456,8344,7550,7947,7935,0,7955,0,0,0,2017-04-14,32588994,7975,33,0,0,0,0,0,0,0,0,7977,13,0,0,0,0,0,0,0,0
375,2017-04-14,09:03:09,565,pp1709,XDCE,7975,7945,7977,12938,514935050,399370,401456,8344,7550,7947,7935,0,7955,0,0,0,2017-04-14,32589565,7975,25,0,0,0,0,0,0,0,0,7977,11,0,0,0,0,0,0,0,0
376,2017-04-14,09:03:10,79,pp1709,XDCE,7977,7945,7977,12948,515333820,399370,401456,8344,7550,7947,7935,0,7955,0,0,0,2017-04-14,32590079,7975,21,0,0,0,0,0,0,0,0,7977,11,0,0,0,0,0,0,0,0
377,2017-04-14,09:03:10,553,pp1709,XDCE,7975,7945,7977,12962,515892120,399374,401456,8344,7550,7947,7935,0,7955,0,0,0,2017-04-14,32590553,7975,16,0,0,0,0,0,0,0,0,7977,8,0,0,0,0,0,0,0,0
378,2017-04-14,09:03:11,69,pp1709,XDCE,7976,7945,7977,12970,516211150,399378,401456,8344,7550,7947,7935,0,7955,0,0,0,2017-04-14,32591069,7975,16,0,0,0,0,0,0,0,0,7976,3,0,0,0,0,0,0,0,0
379,2017-04-14,09:03:11,575,pp1709,XDCE,7977,7945,7978,13060,519800780,399394,401456,8344,7550,7947,7935,0,7955,0,0,0,2017-04-14,32591575,7977,64,0,0,0,0,0,0,0,0,7978,61,0,0,0,0,0,0,0,0
380,2017-04-14,09:03:12,69,pp1709,XDCE,7978,7945,7978,13082,520678270,399402,401456,8344,7550,7947,7935,0,7955,0,0,0,2017-04-14,32592069,7977,57,0,0,0,0,0,0,0,0,7978,59,0,0,0,0,0,0,0,0
381,2017-04-14,09:03:12,560,pp1709,XDCE,7978,7945,7978,13086,520837820,399402,401456,8344,7550,7947,7935,0,7955,0,0,0,2017-04-14,32592560,7977,62,0,0,0,0,0,0,0,0,7978,58,0,0,0,0,0,0,0,0
382,2017-04-14,09:03:13,42,pp1709,XDCE,7977,7945,7978,13094,521156910,399402,401456,8344,7550,7947,7935,0,7955,0,0,0,2017-04-14,32593042,7977,60,0,0,0,0,0,0,0,0,7978,57,0,0,0,0,0,0,0,0
383,2017-04-14,09:03:13,568,pp1709,XDCE,7976,7945,7978,13222,526262180,399392,401456,8344,7550,7947,7935,0,7955,0,0,0,2017-04-14,32593568,7975,32,0,0,0,0,0,0,0,0,7977,3,0,0,0,0,0,0,0,0
384,2017-04-14,09:03:14,31,pp1709,XDCE,7977,7945,7978,13276,528415470,399390,401456,8344,7550,7947,7935,0,7955,0,0,0,2017-04-14,32594031,7975,8,0,0,0,0,0,0,0,0,7977,46,0,0,0,0,0,0,0,0
385,2017-04-14,09:03:14,563,pp1709,XDCE,7977,7945,7978,13328,530488990,399372,401456,8344,7550,7947,7935,0,7955,0,0,0,2017-04-14,32594563,7972,6,0,0,0,0,0,0,0,0,7976,4,0,0,0,0,0,0,0,0
386,2017-04-14,09:03:15,47,pp1709,XDCE,7974,7945,7978,13348,531286300,399360,401456,8344,7550,7947,7935,0,7955,0,0,0,2017-04-14,32595047,7972,5,0,0,0,0,0,0,0,0,7974,6,0,0,0,0,0,0,0,0
387,2017-04-14,09:03:15,544,pp1709,XDCE,7973,7945,7978,13352,531445770,399358,401456,8344,7550,7947,7935,0,7955,0,0,0,2017-04-14,32595544,7973,4,0,0,0,0,0,0,0,0,7974,5,0,0,0,0,0,0,0,0
388,2017-04-14,09:03:16,63,pp1709,XDCE,7973,7945,7978,13394,533120410,399328,401456,8344,7550,7947,7935,0,7955,0,0,0,2017-04-14,32596063,7973,1,0,0,0,0,0,0,0,0,7975,127,0,0,0,0,0,0,0,0
389,2017-04-14,09:03:16,560,pp1709,XDCE,7973,7945,7978,13400,533359640,399324,401456,8344,7550,7947,7935,0,7955,0,0,0,2017-04-14,32596560,7973,2,0,0,0,0,0,0,0,0,7975,125,0,0,0,0,0,0,0,0
390,2017-04-14,09:03:17,78,pp1709,XDCE,7974,7945,7978,13508,537666110,399322,401456,8344,7550,7947,7935,0,7955,0,0,0,2017-04-14,32597078,7973,1,0,0,0,0,0,0,0,0,7974,3,0,0,0,0,0,0,0,0
391,2017-04-14,09:03:17,575,pp1709,XDCE,7974,7945,7978,13532,538623050,399306,401456,8344,7550,7947,7935,0,7955,0,0,0,2017-04-14,32597575,7974,29,0,0,0,0,0,0,0,0,7975,67,0,0,0,0,0,0,0,0
392,2017-04-14,09:03:18,45,pp1709,XDCE,7977,7945,7978,13744,547076910,399108,401456,8344,7550,7947,7935,0,7955,0,0,0,2017-04-14,32598045,7977,210,0,0,0,0,0,0,0,0,7978,71,0,0,0,0,0,0,0,0
393,2017-04-14,09:03:18,565,pp1709,XDCE,7979,7945,7979,13924,554257310,398928,401456,8344,7550,7947,7935,0,7955,0,0,0,2017-04-14,32598565,7978,2,0,0,0,0,0,0,0,0,7979,2,0,0,0,0,0,0,0,0
394,2017-04-14,09:03:19,1,pp1709,XDCE,7979,7945,7979,13948,555214790,398908,401456,8344,7550,7947,7935,0,7955,0,0,0,2017-04-14,32599001,7977,210,0,0,0,0,0,0,0,0,7978,11,0,0,0,0,0,0,0,0
395,2017-04-14,09:03:19,579,pp1709,XDCE,7977,7945,7979,14012,557767680,398844,401456,8344,7550,7947,7935,0,7955,0,0,0,2017-04-14,32599579,7978,4,0,0,0,0,0,0,0,0,7980,17,0,0,0,0,0,0,0,0
396,2017-04-14,09:03:20,10,pp1709,XDCE,7978,7945,7979,14044,559044170,398844,401456,8344,7550,7947,7935,0,7955,0,0,0,2017-04-14,32600010,7978,43,0,0,0,0,0,0,0,0,7980,17,0,0,0,0,0,0,0,0
397,2017-04-14,09:03:20,558,pp1709,XDCE,7978,7945,7979,14072,560161090,398844,401456,8344,7550,7947,7935,0,7955,0,0,0,2017-04-14,32600558,7979,1,0,0,0,0,0,0,0,0,7980,25,0,0,0,0,0,0,0,0
398,2017-04-14,09:03:21,63,pp1709,XDCE,7980,7945,7980,14136,562714490,398876,401456,8344,7550,7947,7935,0,7955,0,0,0,2017-04-14,32601063,7978,25,0,0,0,0,0,0,0,0,7979,2,0,0,0,0,0,0,0,0
399,2017-04-14,09:03:21,552,pp1709,XDCE,7979,7945,7980,14156,563512420,398866,401456,8344,7550,7947,7935,0,7955,0,0,0,2017-04-14,32601552,7979,12,0,0,0,0,0,0,0,0,7980,1,0,0,0,0,0,0,0,0
400,2017-04-14,09:03:22,22,pp1709,XDCE,7979,7945,7980,14186,564709280,398892,401456,8344,7550,7947,7935,0,7955,0,0,0,2017-04-14,32602022,7979,5,0,0,0,0,0,0,0,0,7981,20,0,0,0,0,0,0,0,0
401,2017-04-14,09:03:22,579,pp1709,XDCE,7981,7945,7981,14244,567023540,398888,401456,8344,7550,7947,7935,0,7955,0,0,0,2017-04-14,32602579,7980,1,0,0,0,0,0,0,0,0,7981,9,0,0,0,0,0,0,0,0
402,2017-04-14,09:03:23,53,pp1709,XDCE,7981,7945,7981,14298,569177830,398882,401456,8344,7550,7947,7935,0,7955,0,0,0,2017-04-14,32603053,7980,3,0,0,0,0,0,0,0,0,7981,5,0,0,0,0,0,0,0,0
403,2017-04-14,09:03:23,562,pp1709,XDCE,7982,7945,7982,14328,570374910,398868,401456,8344,7550,7947,7935,0,7955,0,0,0,2017-04-14,32603562,7981,5,0,0,0,0,0,0,0,0,7982,31,0,0,0,0,0,0,0,0
404,2017-04-14,09:03:24,10,pp1709,XDCE,7982,7945,7982,14416,573886780,398814,401456,8344,7550,7947,7935,0,7955,0,0,0,2017-04-14,32604010,7982,1,0,0,0,0,0,0,0,0,7983,18,0,0,0,0,0,0,0,0
405,2017-04-14,09:03:24,529,pp1709,XDCE,7982,7945,7983,14428,574365690,398808,401456,8344,7550,7947,7935,0,7955,0,0,0,2017-04-14,32604529,7982,8,0,0,0,0,0,0,0,0,7983,17,0,0,0,0,0,0,0,0
406,2017-04-14,09:03:25,80,pp1709,XDCE,7983,7945,7983,14470,576042100,398774,401456,8344,7550,7947,7935,0,7955,0,0,0,2017-04-14,32605080,7983,22,0,0,0,0,0,0,0,0,7984,1,0,0,0,0,0,0,0,0
407,2017-04-14,09:03:25,543,pp1709,XDCE,7983,7945,7985,14482,576521120,398766,401456,8344,7550,7947,7935,0,7955,0,0,0,2017-04-14,32605543,7983,19,0,0,0,0,0,0,0,0,7985,7,0,0,0,0,0,0,0,0
408,2017-04-14,09:03:26,62,pp1709,XDCE,7986,7945,7986,14532,578517200,398784,401456,8344,7550,7947,7935,0,7955,0,0,0,2017-04-14,32606062,7985,10,0,0,0,0,0,0,0,0,7986,3,0,0,0,0,0,0,0,0
409,2017-04-14,09:03:26,554,pp1709,XDCE,7988,7945,7988,14580,580433790,398786,401456,8344,7550,7947,7935,0,7955,0,0,0,2017-04-14,32606554,7987,2,0,0,0,0,0,0,0,0,7988,6,0,0,0,0,0,0,0,0
410,2017-04-14,09:03:27,68,pp1709,XDCE,7983,7945,7988,14716,585864010,398694,401456,8344,7550,7947,7935,0,7955,0,0,0,2017-04-14,32607068,7982,8,0,0,0,0,0,0,0,0,7986,52,0,0,0,0,0,0,0,0
411,2017-04-14,09:03:27,544,pp1709,XDCE,7982,7945,7988,14742,586901640,398678,401456,8344,7550,7947,7935,0,7955,0,0,0,2017-04-14,32607544,7981,8,0,0,0,0,0,0,0,0,7984,6,0,0,0,0,0,0,0,0
412,2017-04-14,09:03:28,58,pp1709,XDCE,7982,7945,7988,14754,587380540,398676,401456,8344,7550,7947,7935,0,7955,0,0,0,2017-04-14,32608058,7981,10,0,0,0,0,0,0,0,0,7984,6,0,0,0,0,0,0,0,0
413,2017-04-14,09:03:28,535,pp1709,XDCE,7981,7945,7988,14768,587939290,398672,401456,8344,7550,7947,7935,0,7955,0,0,0,2017-04-14,32608535,7981,7,0,0,0,0,0,0,0,0,7982,4,0,0,0,0,0,0,0,0
414,2017-04-14,09:03:29,74,pp1709,XDCE,7981,7945,7988,14786,588657660,398662,401456,8344,7550,7947,7935,0,7955,0,0,0,2017-04-14,32609074,7982,6,0,0,0,0,0,0,0,0,7984,6,0,0,0,0,0,0,0,0
415,2017-04-14,09:03:29,560,pp1709,XDCE,7980,7945,7988,14824,590174080,398668,401456,8344,7550,7947,7935,0,7955,0,0,0,2017-04-14,32609560,7978,6,0,0,0,0,0,0,0,0,7979,5,0,0,0,0,0,0,0,0
416,2017-04-14,09:03:30,55,pp1709,XDCE,7979,7945,7988,14858,591530540,398656,401456,8344,7550,7947,7935,0,7955,0,0,0,2017-04-14,32610055,7979,25,0,0,0,0,0,0,0,0,7982,3,0,0,0,0,0,0,0,0
417,2017-04-14,09:03:30,453,pp1709,XDCE,7981,7945,7988,14874,592169020,398642,401456,8344,7550,7947,7935,0,7955,0,0,0,2017-04-14,32610453,7981,19,0,0,0,0,0,0,0,0,7982,3,0,0,0,0,0,0,0,0
418,2017-04-14,09:03:30,990,pp1709,XDCE,7981,7945,7988,14930,594403830,398648,401456,8344,7550,7947,7935,0,7955,0,0,0,2017-04-14,32610990,7981,6,0,0,0,0,0,0,0,0,7984,16,0,0,0,0,0,0,0,0
419,2017-04-14,09:03:31,555,pp1709,XDCE,7985,7945,7988,15012,597677520,398604,401456,8344,7550,7947,7935,0,7955,0,0,0,2017-04-14,32611555,7985,62,0,0,0,0,0,0,0,0,7986,9,0,0,0,0,0,0,0,0
420,2017-04-14,09:03:31,983,pp1709,XDCE,7981,7945,7988,15142,602867660,398486,401456,8344,7550,7947,7935,0,7955,0,0,0,2017-04-14,32611983,7980,1,0,0,0,0,0,0,0,0,7981,17,0,0,0,0,0,0,0,0
421,2017-04-14,09:03:32,518,pp1709,XDCE,7981,7945,7988,15178,604304240,398486,401456,8344,7550,7947,7935,0,7955,0,0,0,2017-04-14,32612518,7981,22,0,0,0,0,0,0,0,0,7984,5,0,0,0,0,0,0,0,0
422,2017-04-14,09:03:32,958,pp1709,XDCE,7985,7945,7988,15190,604783290,398486,401456,8344,7550,7947,7935,0,7955,0,0,0,2017-04-14,32612958,7982,1,0,0,0,0,0,0,0,0,7983,2,0,0,0,0,0,0,0,0
423,2017-04-14,09:03:33,550,pp1709,XDCE,7984,7945,7988,15216,605821200,398470,401456,8344,7550,7947,7935,0,7955,0,0,0,2017-04-14,32613550,7980,10,0,0,0,0,0,0,0,0,7985,28,0,0,0,0,0,0,0,0
424,2017-04-14,09:03:34,59,pp1709,XDCE,7984,7945,7988,15232,606459950,398462,401456,8344,7550,7947,7935,0,7955,0,0,0,2017-04-14,32614059,7983,1,0,0,0,0,0,0,0,0,7984,3,0,0,0,0,0,0,0,0
425,2017-04-14,09:03:34,569,pp1709,XDCE,7982,7945,7988,15244,606938880,398462,401456,8344,7550,7947,7935,0,7955,0,0,0,2017-04-14,32614569,7982,6,0,0,0,0,0,0,0,0,7984,1,0,0,0,0,0,0,0,0
426,2017-04-14,09:03:35,44,pp1709,XDCE,7984,7945,7988,15260,607577470,398448,401456,8344,7550,7947,7935,0,7955,0,0,0,2017-04-14,32615044,7984,3,0,0,0,0,0,0,0,0,7985,30,0,0,0,0,0,0,0,0
427,2017-04-14,09:03:35,546,pp1709,XDCE,7984,7945,7988,15292,608854900,398424,401456,8344,7550,7947,7935,0,7955,0,0,0,2017-04-14,32615546,7982,6,0,0,0,0,0,0,0,0,7984,16,0,0,0,0,0,0,0,0
428,2017-04-14,09:03:36,78,pp1709,XDCE,7984,7945,7988,15320,609972640,398434,401456,8344,7550,7947,7935,0,7955,0,0,0,2017-04-14,32616078,7982,10,0,0,0,0,0,0,0,0,7983,2,0,0,0,0,0,0,0,0
429,2017-04-14,09:03:36,573,pp1709,XDCE,7982,7945,7988,15334,610531410,398420,401456,8344,7550,7947,7935,0,7955,0,0,0,2017-04-14,32616573,7982,2,0,0,0,0,0,0,0,0,7984,8,0,0,0,0,0,0,0,0
430,2017-04-14,09:03:37,46,pp1709,XDCE,7984,7945,7988,15358,611489490,398434,401456,8344,7550,7947,7935,0,7955,0,0,0,2017-04-14,32617046,7984,16,0,0,0,0,0,0,0,0,7985,33,0,0,0,0,0,0,0,0
431,2017-04-14,09:03:37,537,pp1709,XDCE,7984,7945,7988,15394,612926610,398432,401456,8344,7550,7947,7935,0,7955,0,0,0,2017-04-14,32617537,7981,15,0,0,0,0,0,0,0,0,7984,6,0,0,0,0,0,0,0,0
432,2017-04-14,09:03:38,75,pp1709,XDCE,7985,7945,7988,15440,614762910,398430,401456,8344,7550,7947,7935,0,7955,0,0,0,2017-04-14,32618075,7981,15,0,0,0,0,0,0,0,0,7983,10,0,0,0,0,0,0,0,0
433,2017-04-14,09:03:38,508,pp1709,XDCE,7985,7945,7988,15450,615162160,398420,401456,8344,7550,7947,7935,0,7955,0,0,0,2017-04-14,32618508,7981,12,0,0,0,0,0,0,0,0,7983,12,0,0,0,0,0,0,0,0
434,2017-04-14,09:03:39,79,pp1709,XDCE,7983,7945,7988,15474,616120140,398420,401456,8344,7550,7947,7935,0,7955,0,0,0,2017-04-14,32619079,7981,13,0,0,0,0,0,0,0,0,7984,3,0,0,0,0,0,0,0,0
435,2017-04-14,09:03:39,569,pp1709,XDCE,7983,7945,7988,15474,616120140,398420,401456,8344,7550,7947,7935,0,7955,0,0,0,2017-04-14,32619569,7983,5,0,0,0,0,0,0,0,0,7984,4,0,0,0,0,0,0,0,0
436,2017-04-14,09:03:40,75,pp1709,XDCE,7984,7945,7988,15564,619712640,398370,401456,8344,7550,7947,7935,0,7955,0,0,0,2017-04-14,32620075,7984,14,0,0,0,0,0,0,0,0,7985,55,0,0,0,0,0,0,0,0
437,2017-04-14,09:03:40,519,pp1709,XDCE,7985,7945,7988,15700,625142140,398374,401456,8344,7550,7947,7935,0,7955,0,0,0,2017-04-14,32620519,7981,11,0,0,0,0,0,0,0,0,7984,10,0,0,0,0,0,0,0,0
438,2017-04-14,09:03:41,77,pp1709,XDCE,7985,7945,7988,15700,625142140,398374,401456,8344,7550,7947,7935,0,7955,0,0,0,2017-04-14,32621077,7982,11,0,0,0,0,0,0,0,0,7984,10,0,0,0,0,0,0,0,0
439,2017-04-14,09:03:41,579,pp1709,XDCE,7986,7945,7988,15774,628096690,398304,401456,8344,7550,7947,7935,0,7955,0,0,0,2017-04-14,32621579,7982,11,0,0,0,0,0,0,0,0,7986,6,0,0,0,0,0,0,0,0
440,2017-04-14,09:03:42,51,pp1709,XDCE,7984,7945,7988,15776,628176530,398304,401456,8344,7550,7947,7935,0,7955,0,0,0,2017-04-14,32622051,7984,3,0,0,0,0,0,0,0,0,7986,7,0,0,0,0,0,0,0,0
441,2017-04-14,09:03:42,557,pp1709,XDCE,7984,7945,7988,15802,629214360,398284,401456,8344,7550,7947,7935,0,7955,0,0,0,2017-04-14,32622557,7984,196,0,0,0,0,0,0,0,0,7986,10,0,0,0,0,0,0,0,0
442,2017-04-14,09:03:42,993,pp1709,XDCE,7986,7945,7988,15830,630332390,398262,401456,8344,7550,7947,7935,0,7955,0,0,0,2017-04-14,32622993,7986,12,0,0,0,0,0,0,0,0,7987,28,0,0,0,0,0,0,0,0
443,2017-04-14,09:03:43,522,pp1709,XDCE,7987,7945,7988,15912,633607180,398194,401456,8344,7550,7947,7935,0,7955,0,0,0,2017-04-14,32623522,7987,7,0,0,0,0,0,0,0,0,7989,8,0,0,0,0,0,0,0,0
444,2017-04-14,09:03:44,64,pp1709,XDCE,7984,7945,7988,16026,638158380,398098,401456,8344,7550,7947,7935,0,7955,0,0,0,2017-04-14,32624064,7984,162,0,0,0,0,0,0,0,0,7989,11,0,0,0,0,0,0,0,0
445,2017-04-14,09:03:44,557,pp1709,XDCE,7984,7945,7988,16026,638158380,398098,401456,8344,7550,7947,7935,0,7955,0,0,0,2017-04-14,32624557,7987,3,0,0,0,0,0,0,0,0,7988,10,0,0,0,0,0,0,0,0
446,2017-04-14,09:03:45,53,pp1709,XDCE,7985,7945,7988,16102,641193160,398054,401456,8344,7550,7947,7935,0,7955,0,0,0,2017-04-14,32625053,7985,3,0,0,0,0,0,0,0,0,7986,7,0,0,0,0,0,0,0,0
447,2017-04-14,09:03:45,571,pp1709,XDCE,7984,7945,7988,16138,642630340,398030,401456,8344,7550,7947,7935,0,7955,0,0,0,2017-04-14,32625571,7984,151,0,0,0,0,0,0,0,0,7985,3,0,0,0,0,0,0,0,0
448,2017-04-14,09:03:46,61,pp1709,XDCE,7985,7945,7988,16214,645664480,397956,401456,8344,7550,7947,7935,0,7955,0,0,0,2017-04-14,32626061,7984,123,0,0,0,0,0,0,0,0,7986,21,0,0,0,0,0,0,0,0
449,2017-04-14,09:03:46,563,pp1709,XDCE,7986,7945,7988,16216,645744340,397956,401456,8344,7550,7947,7935,0,7955,0,0,0,2017-04-14,32626563,7984,123,0,0,0,0,0,0,0,0,7986,24,0,0,0,0,0,0,0,0
450,2017-04-14,09:03:47,55,pp1709,XDCE,7985,7945,7988,16254,647261660,397924,401456,8344,7550,7947,7935,0,7955,0,0,0,2017-04-14,32627055,7985,1,0,0,0,0,0,0,0,0,7986,5,0,0,0,0,0,0,0,0
451,2017-04-14,09:03:47,545,pp1709,XDCE,7987,7945,7988,16290,648699040,397910,401456,8344,7550,7947,7935,0,7955,0,0,0,2017-04-14,32627545,7984,122,0,0,0,0,0,0,0,0,7988,5,0,0,0,0,0,0,0,0
452,2017-04-14,09:03:47,961,pp1709,XDCE,7984,7945,7988,16296,648938560,397910,401456,8344,7550,7947,7935,0,7955,0,0,0,2017-04-14,32627961,7984,120,0,0,0,0,0,0,0,0,7985,1,0,0,0,0,0,0,0,0
453,2017-04-14,09:03:48,561,pp1709,XDCE,7985,7945,7988,16298,649018410,397908,401456,8344,7550,7947,7935,0,7955,0,0,0,2017-04-14,32628561,7985,7,0,0,0,0,0,0,0,0,7987,9,0,0,0,0,0,0,0,0
454,2017-04-14,09:03:48,931,pp1709,XDCE,7984,7945,7988,16306,649337800,397906,401456,8344,7550,7947,7935,0,7955,0,0,0,2017-04-14,32628931,7984,119,0,0,0,0,0,0,0,0,7986,20,0,0,0,0,0,0,0,0
455,2017-04-14,09:03:49,577,pp1709,XDCE,7986,7945,7988,16308,649417660,397908,401456,8344,7550,7947,7935,0,7955,0,0,0,2017-04-14,32629577,7984,118,0,0,0,0,0,0,0,0,7986,19,0,0,0,0,0,0,0,0
456,2017-04-14,09:03:49,977,pp1709,XDCE,7984,7945,7988,16310,649497500,397906,401456,8344,7550,7947,7935,0,7955,0,0,0,2017-04-14,32629977,7984,117,0,0,0,0,0,0,0,0,7986,19,0,0,0,0,0,0,0,0
457,2017-04-14,09:03:50,573,pp1709,XDCE,7984,7945,7988,16316,649737020,397900,401456,8344,7550,7947,7935,0,7955,0,0,0,2017-04-14,32630573,7984,114,0,0,0,0,0,0,0,0,7986,20,0,0,0,0,0,0,0,0
458,2017-04-14,09:03:51,18,pp1709,XDCE,7985,7945,7988,16348,651014750,397928,401456,8344,7550,7947,7935,0,7955,0,0,0,2017-04-14,32631018,7985,10,0,0,0,0,0,0,0,0,7986,10,0,0,0,0,0,0,0,0
459,2017-04-14,09:03:51,569,pp1709,XDCE,7985,7945,7988,16392,652771750,397902,401456,8344,7550,7947,7935,0,7955,0,0,0,2017-04-14,32631569,7984,113,0,0,0,0,0,0,0,0,7985,9,0,0,0,0,0,0,0,0
460,2017-04-14,09:03:51,931,pp1709,XDCE,7986,7945,7988,16422,653969550,397874,401456,8344,7550,7947,7935,0,7955,0,0,0,2017-04-14,32631931,7986,3,0,0,0,0,0,0,0,0,7987,2,0,0,0,0,0,0,0,0
461,2017-04-14,09:03:52,569,pp1709,XDCE,7985,7945,7988,16482,656365050,397816,401456,8344,7550,7947,7935,0,7955,0,0,0,2017-04-14,32632569,7984,113,0,0,0,0,0,0,0,0,7985,5,0,0,0,0,0,0,0,0
462,2017-04-14,09:03:52,909,pp1709,XDCE,7984,7945,7988,16532,658361060,397772,401456,8344,7550,7947,7935,0,7955,0,0,0,2017-04-14,32632909,7984,89,0,0,0,0,0,0,0,0,7985,5,0,0,0,0,0,0,0,0
463,2017-04-14,09:03:53,573,pp1709,XDCE,7984,7945,7988,16750,667063740,397594,401456,8344,7550,7947,7935,0,7955,0,0,0,2017-04-14,32633573,7981,9,0,0,0,0,0,0,0,0,7984,29,0,0,0,0,0,0,0,0
464,2017-04-14,09:03:54,56,pp1709,XDCE,7984,7945,7988,16760,667462940,397596,401456,8344,7550,7947,7935,0,7955,0,0,0,2017-04-14,32634056,7981,9,0,0,0,0,0,0,0,0,7982,3,0,0,0,0,0,0,0,0
465,2017-04-14,09:03:54,573,pp1709,XDCE,7984,7945,7988,16760,667462940,397596,401456,8344,7550,7947,7935,0,7955,0,0,0,2017-04-14,32634573,7981,9,0,0,0,0,0,0,0,0,7982,7,0,0,0,0,0,0,0,0
466,2017-04-14,09:03:54,957,pp1709,XDCE,7981,7945,7988,16778,668181230,397610,401456,8344,7550,7947,7935,0,7955,0,0,0,2017-04-14,32634957,7980,11,0,0,0,0,0,0,0,0,7981,6,0,0,0,0,0,0,0,0
467,2017-04-14,09:03:55,520,pp1709,XDCE,7980,7945,7988,16782,668340830,397612,401456,8344,7550,7947,7935,0,7955,0,0,0,2017-04-14,32635520,7980,9,0,0,0,0,0,0,0,0,7981,10,0,0,0,0,0,0,0,0
468,2017-04-14,09:03:56,579,pp1709,XDCE,7978,7945,7988,16828,670176060,397586,401456,8344,7550,7947,7935,0,7955,0,0,0,2017-04-14,32636579,7978,4,0,0,0,0,0,0,0,0,7980,3,0,0,0,0,0,0,0,0
469,2017-04-14,09:03:57,71,pp1709,XDCE,7980,7945,7988,16830,670255860,397586,401456,8344,7550,7947,7935,0,7955,0,0,0,2017-04-14,32637071,7979,11,0,0,0,0,0,0,0,0,7980,4,0,0,0,0,0,0,0,0
470,2017-04-14,09:03:57,571,pp1709,XDCE,7980,7945,7988,16846,670894260,397578,401456,8344,7550,7947,7935,0,7955,0,0,0,2017-04-14,32637571,7980,15,0,0,0,0,0,0,0,0,7981,9,0,0,0,0,0,0,0,0
471,2017-04-14,09:03:58,12,pp1709,XDCE,7985,7945,7988,17220,685824580,397836,401456,8344,7550,7947,7935,0,7955,0,0,0,2017-04-14,32638012,7985,17,0,0,0,0,0,0,0,0,7986,49,0,0,0,0,0,0,0,0
472,2017-04-14,09:03:58,517,pp1709,XDCE,7981,7945,7988,17256,687261840,397836,401456,8344,7550,7947,7935,0,7955,0,0,0,2017-04-14,32638517,7981,1,0,0,0,0,0,0,0,0,7984,5,0,0,0,0,0,0,0,0
473,2017-04-14,09:03:58,915,pp1709,XDCE,7981,7945,7988,17258,687341650,397834,401456,8344,7550,7947,7935,0,7955,0,0,0,2017-04-14,32638915,7981,2,0,0,0,0,0,0,0,0,7983,2,0,0,0,0,0,0,0,0
474,2017-04-14,09:03:59,562,pp1709,XDCE,7981,7945,7988,17274,687980080,397824,401456,8344,7550,7947,7935,0,7955,0,0,0,2017-04-14,32639562,7980,15,0,0,0,0,0,0,0,0,7981,3,0,0,0,0,0,0,0,0
475,2017-04-14,09:04:00,76,pp1709,XDCE,7981,7945,7988,17284,688379130,397816,401456,8344,7550,7947,7935,0,7955,0,0,0,2017-04-14,32640076,7981,28,0,0,0,0,0,0,0,0,7983,2,0,0,0,0,0,0,0,0
476,2017-04-14,09:04:01,79,pp1709,XDCE,7981,7945,7988,17294,688778200,397808,401456,8344,7550,7947,7935,0,7955,0,0,0,2017-04-14,32641079,7981,24,0,0,0,0,0,0,0,0,7983,1,0,0,0,0,0,0,0,0
477,2017-04-14,09:04:01,497,pp1709,XDCE,7981,7945,7988,17326,690055160,397776,401456,8344,7550,7947,7935,0,7955,0,0,0,2017-04-14,32641497,7981,8,0,0,0,0,0,0,0,0,7983,3,0,0,0,0,0,0,0,0
478,2017-04-14,09:04:02,29,pp1709,XDCE,7981,7945,7988,17338,690534020,397768,401456,8344,7550,7947,7935,0,7955,0,0,0,2017-04-14,32642029,7981,14,0,0,0,0,0,0,0,0,7982,1,0,0,0,0,0,0,0,0
479,2017-04-14,09:04:02,579,pp1709,XDCE,7983,7945,7988,17342,690693670,397768,401456,8344,7550,7947,7935,0,7955,0,0,0,2017-04-14,32642579,7982,10,0,0,0,0,0,0,0,0,7983,2,0,0,0,0,0,0,0,0
480,2017-04-14,09:04:02,890,pp1709,XDCE,7982,7945,7988,17350,691012950,397760,401456,8344,7550,7947,7935,0,7955,0,0,0,2017-04-14,32642890,7982,6,0,0,0,0,0,0,0,0,7983,2,0,0,0,0,0,0,0,0
481,2017-04-14,09:04:03,522,pp1709,XDCE,7982,7945,7988,17358,691332250,397756,401456,8344,7550,7947,7935,0,7955,0,0,0,2017-04-14,32643522,7982,5,0,0,0,0,0,0,0,0,7984,2,0,0,0,0,0,0,0,0
482,2017-04-14,09:04:04,79,pp1709,XDCE,7982,7945,7988,17358,691332250,397756,401456,8344,7550,7947,7935,0,7955,0,0,0,2017-04-14,32644079,7982,5,0,0,0,0,0,0,0,0,7983,1,0,0,0,0,0,0,0,0
483,2017-04-14,09:04:04,375,pp1709,XDCE,7983,7945,7988,17366,691651550,397754,401456,8344,7550,7947,7935,0,7955,0,0,0,2017-04-14,32644375,7983,1,0,0,0,0,0,0,0,0,7984,2,0,0,0,0,0,0,0,0
484,2017-04-14,09:04:05,42,pp1709,XDCE,7984,7945,7988,17368,691731390,397754,401456,8344,7550,7947,7935,0,7955,0,0,0,2017-04-14,32645042,7983,4,0,0,0,0,0,0,0,0,7984,3,0,0,0,0,0,0,0,0
485,2017-04-14,09:04:05,561,pp1709,XDCE,7981,7945,7988,17412,693487320,397762,401456,8344,7550,7947,7935,0,7955,0,0,0,2017-04-14,32645561,7981,6,0,0,0,0,0,0,0,0,7984,1,0,0,0,0,0,0,0,0
486,2017-04-14,09:04:05,853,pp1709,XDCE,7982,7945,7988,17414,693567140,397760,401456,8344,7550,7947,7935,0,7955,0,0,0,2017-04-14,32645853,7982,9,0,0,0,0,0,0,0,0,7984,1,0,0,0,0,0,0,0,0
487,2017-04-14,09:04:06,518,pp1709,XDCE,7984,7945,7988,17416,693646980,397762,401456,8344,7550,7947,7935,0,7955,0,0,0,2017-04-14,32646518,7984,1,0,0,0,0,0,0,0,0,7985,20,0,0,0,0,0,0,0,0
488,2017-04-14,09:04:06,849,pp1709,XDCE,7984,7945,7988,17420,693806660,397764,401456,8344,7550,7947,7935,0,7955,0,0,0,2017-04-14,32646849,7982,4,0,0,0,0,0,0,0,0,7984,27,0,0,0,0,0,0,0,0
489,2017-04-14,09:04:07,482,pp1709,XDCE,7984,7945,7988,17428,694126020,397764,401456,8344,7550,7947,7935,0,7955,0,0,0,2017-04-14,32647482,7982,5,0,0,0,0,0,0,0,0,7984,23,0,0,0,0,0,0,0,0
490,2017-04-14,09:04:08,6,pp1709,XDCE,7981,7945,7988,17458,695323240,397780,401456,8344,7550,7947,7935,0,7955,0,0,0,2017-04-14,32648006,7980,25,0,0,0,0,0,0,0,0,7981,4,0,0,0,0,0,0,0,0
491,2017-04-14,09:04:08,377,pp1709,XDCE,7981,7945,7988,17468,695722290,397780,401456,8344,7550,7947,7935,0,7955,0,0,0,2017-04-14,32648377,7981,11,0,0,0,0,0,0,0,0,7982,13,0,0,0,0,0,0,0,0
492,2017-04-14,09:04:09,66,pp1709,XDCE,7981,7945,7988,17480,696201170,397776,401456,8344,7550,7947,7935,0,7955,0,0,0,2017-04-14,32649066,7981,7,0,0,0,0,0,0,0,0,7982,11,0,0,0,0,0,0,0,0
493,2017-04-14,09:04:09,577,pp1709,XDCE,7982,7945,7988,17486,696440610,397774,401456,8344,7550,7947,7935,0,7955,0,0,0,2017-04-14,32649577,7981,2,0,0,0,0,0,0,0,0,7982,10,0,0,0,0,0,0,0,0
494,2017-04-14,09:04:09,934,pp1709,XDCE,7980,7945,7988,17514,697557870,397770,401456,8344,7550,7947,7935,0,7955,0,0,0,2017-04-14,32649934,7980,15,0,0,0,0,0,0,0,0,7982,8,0,0,0,0,0,0,0,0
495,2017-04-14,09:04:10,509,pp1709,XDCE,7980,7945,7988,17514,697557870,397770,401456,8344,7550,7947,7935,0,7955,0,0,0,2017-04-14,32650509,7980,15,0,0,0,0,0,0,0,0,7982,51,0,0,0,0,0,0,0,0
496,2017-04-14,09:04:10,932,pp1709,XDCE,7981,7945,7988,17522,697877110,397764,401456,8344,7550,7947,7935,0,7955,0,0,0,2017-04-14,32650932,7980,17,0,0,0,0,0,0,0,0,7982,53,0,0,0,0,0,0,0,0
497,2017-04-14,09:04:11,452,pp1709,XDCE,7981,7945,7988,17524,697956920,397762,401456,8344,7550,7947,7935,0,7955,0,0,0,2017-04-14,32651452,7981,7,0,0,0,0,0,0,0,0,7982,53,0,0,0,0,0,0,0,0
498,2017-04-14,09:04:12,54,pp1709,XDCE,7982,7945,7988,17532,698276200,397770,401456,8344,7550,7947,7935,0,7955,0,0,0,2017-04-14,32652054,7981,11,0,0,0,0,0,0,0,0,7982,49,0,0,0,0,0,0,0,0
499,2017-04-14,09:04:12,447,pp1709,XDCE,7981,7945,7988,17596,700830410,397766,401456,8344,7550,7947,7935,0,7955,0,0,0,2017-04-14,32652447,7981,9,0,0,0,0,0,0,0,0,7982,22,0,0,0,0,0,0,0,0
500,2017-04-14,09:04:13,77,pp1709,XDCE,7981,7945,7988,17622,701868030,397768,401456,8344,7550,7947,7935,0,7955,0,0,0,2017-04-14,32653077,7981,11,0,0,0,0,0,0,0,0,7982,13,0,0,0,0,0,0,0,0
501,2017-04-14,09:04:13,513,pp1709,XDCE,7982,7945,7988,17628,702107470,397768,401456,8344,7550,7947,7935,0,7955,0,0,0,2017-04-14,32653513,7981,10,0,0,0,0,0,0,0,0,7982,12,0,0,0,0,0,0,0,0
502,2017-04-14,09:04:13,709,pp1709,XDCE,7981,7945,7988,17642,702666140,397758,401456,8344,7550,7947,7935,0,7955,0,0,0,2017-04-14,32653709,7981,1,0,0,0,0,0,0,0,0,7982,12,0,0,0,0,0,0,0,0
503,2017-04-14,09:04:14,544,pp1709,XDCE,7980,7945,7988,17658,703304580,397760,401456,8344,7550,7947,7935,0,7955,0,0,0,2017-04-14,32654544,7980,16,0,0,0,0,0,0,0,0,7982,12,0,0,0,0,0,0,0,0
504,2017-04-14,09:04:14,857,pp1709,XDCE,7980,7945,7988,17658,703304580,397760,401456,8344,7550,7947,7935,0,7955,0,0,0,2017-04-14,32654857,7980,16,0,0,0,0,0,0,0,0,7981,3,0,0,0,0,0,0,0,0
505,2017-04-14,09:04:15,485,pp1709,XDCE,7979,7945,7988,17708,705299510,397746,401456,8344,7550,7947,7935,0,7955,0,0,0,2017-04-14,32655485,7979,14,0,0,0,0,0,0,0,0,7981,5,0,0,0,0,0,0,0,0
506,2017-04-14,09:04:16,76,pp1709,XDCE,7979,7945,7988,17726,706017620,397740,401456,8344,7550,7947,7935,0,7955,0,0,0,2017-04-14,32656076,7979,5,0,0,0,0,0,0,0,0,7981,13,0,0,0,0,0,0,0,0
507,2017-04-14,09:04:16,525,pp1709,XDCE,7979,7945,7988,17752,707054910,397722,401456,8344,7550,7947,7935,0,7955,0,0,0,2017-04-14,32656525,7978,8,0,0,0,0,0,0,0,0,7979,10,0,0,0,0,0,0,0,0
508,2017-04-14,09:04:17,63,pp1709,XDCE,7979,7945,7988,17768,707693200,397728,401456,8344,7550,7947,7935,0,7955,0,0,0,2017-04-14,32657063,7977,7,0,0,0,0,0,0,0,0,7979,6,0,0,0,0,0,0,0,0
509,2017-04-14,09:04:17,568,pp1709,XDCE,7979,7945,7988,17770,707772990,397726,401456,8344,7550,7947,7935,0,7955,0,0,0,2017-04-14,32657568,7977,11,0,0,0,0,0,0,0,0,7978,2,0,0,0,0,0,0,0,0
510,2017-04-14,09:04:18,43,pp1709,XDCE,7978,7945,7988,17774,707932550,397722,401456,8344,7550,7947,7935,0,7955,0,0,0,2017-04-14,32658043,7977,11,0,0,0,0,0,0,0,0,7979,1,0,0,0,0,0,0,0,0
511,2017-04-14,09:04:18,379,pp1709,XDCE,7980,7945,7988,17962,715433300,397554,401456,8344,7550,7947,7935,0,7955,0,0,0,2017-04-14,32658379,7979,2,0,0,0,0,0,0,0,0,7980,10,0,0,0,0,0,0,0,0
512,2017-04-14,09:04:19,63,pp1709,XDCE,7980,7945,7988,18010,717348610,397522,401456,8344,7550,7947,7935,0,7955,0,0,0,2017-04-14,32659063,7980,32,0,0,0,0,0,0,0,0,7982,11,0,0,0,0,0,0,0,0
513,2017-04-14,09:04:19,478,pp1709,XDCE,7981,7945,7988,18038,718466030,397502,401456,8344,7550,7947,7935,0,7955,0,0,0,2017-04-14,32659478,7980,13,0,0,0,0,0,0,0,0,7982,1,0,0,0,0,0,0,0,0
514,2017-04-14,09:04:20,49,pp1709,XDCE,7982,7945,7988,18040,718545850,397500,401456,8344,7550,7947,7935,0,7955,0,0,0,2017-04-14,32660049,7982,34,0,0,0,0,0,0,0,0,7983,7,0,0,0,0,0,0,0,0
515,2017-04-14,09:04:20,441,pp1709,XDCE,7980,7945,7988,18052,719024720,397496,401456,8344,7550,7947,7935,0,7955,0,0,0,2017-04-14,32660441,7980,11,0,0,0,0,0,0,0,0,7982,1,0,0,0,0,0,0,0,0
516,2017-04-14,09:04:20,986,pp1709,XDCE,7982,7945,7988,18060,719343940,397492,401456,8344,7550,7947,7935,0,7955,0,0,0,2017-04-14,32660986,7980,3,0,0,0,0,0,0,0,0,7983,7,0,0,0,0,0,0,0,0
517,2017-04-14,09:04:21,551,pp1709,XDCE,7980,7945,7988,18070,719743000,397498,401456,8344,7550,7947,7935,0,7955,0,0,0,2017-04-14,32661551,7980,4,0,0,0,0,0,0,0,0,7982,9,0,0,0,0,0,0,0,0
518,2017-04-14,09:04:21,913,pp1709,XDCE,7980,7945,7988,18070,719743000,397498,401456,8344,7550,7947,7935,0,7955,0,0,0,2017-04-14,32661913,7980,4,0,0,0,0,0,0,0,0,7982,11,0,0,0,0,0,0,0,0
519,2017-04-14,09:04:22,839,pp1709,XDCE,7981,7945,7988,18076,719982450,397500,401456,8344,7550,7947,7935,0,7955,0,0,0,2017-04-14,32662839,7980,23,0,0,0,0,0,0,0,0,7982,14,0,0,0,0,0,0,0,0
520,2017-04-14,09:04:23,488,pp1709,XDCE,7981,7945,7988,18076,719982450,397500,401456,8344,7550,7947,7935,0,7955,0,0,0,2017-04-14,32663488,7980,23,0,0,0,0,0,0,0,0,7982,13,0,0,0,0,0,0,0,0
521,2017-04-14,09:04:23,962,pp1709,XDCE,7981,7945,7988,18076,719982450,397500,401456,8344,7550,7947,7935,0,7955,0,0,0,2017-04-14,32663962,7980,24,0,0,0,0,0,0,0,0,7982,13,0,0,0,0,0,0,0,0
522,2017-04-14,09:04:24,156,pp1709,XDCE,7980,7945,7988,18080,720142050,397496,401456,8344,7550,7947,7935,0,7955,0,0,0,2017-04-14,32664156,7980,22,0,0,0,0,0,0,0,0,7982,13,0,0,0,0,0,0,0,0
523,2017-04-14,09:04:25,521,pp1709,XDCE,7982,7945,7988,18082,720221870,397496,401456,8344,7550,7947,7935,0,7955,0,0,0,2017-04-14,32665521,7980,22,0,0,0,0,0,0,0,0,7982,12,0,0,0,0,0,0,0,0
524,2017-04-14,09:04:25,960,pp1709,XDCE,7980,7945,7988,18092,720620870,397504,401456,8344,7550,7947,7935,0,7955,0,0,0,2017-04-14,32665960,7980,21,0,0,0,0,0,0,0,0,7982,12,0,0,0,0,0,0,0,0
525,2017-04-14,09:04:26,507,pp1709,XDCE,7980,7945,7988,18112,721418870,397524,401456,8344,7550,7947,7935,0,7955,0,0,0,2017-04-14,32666507,7981,10,0,0,0,0,0,0,0,0,7982,12,0,0,0,0,0,0,0,0
526,2017-04-14,09:04:27,80,pp1709,XDCE,7980,7945,7988,18180,724132210,397508,401456,8344,7550,7947,7935,0,7955,0,0,0,2017-04-14,32667080,7979,7,0,0,0,0,0,0,0,0,7980,20,0,0,0,0,0,0,0,0
527,2017-04-14,09:04:27,458,pp1709,XDCE,7978,7945,7988,18226,725967240,397474,401456,8344,7550,7947,7935,0,7955,0,0,0,2017-04-14,32667458,7977,13,0,0,0,0,0,0,0,0,7978,9,0,0,0,0,0,0,0,0
528,2017-04-14,09:04:27,937,pp1709,XDCE,7977,7945,7988,18248,726844710,397470,401456,8344,7550,7947,7935,0,7955,0,0,0,2017-04-14,32667937,7977,3,0,0,0,0,0,0,0,0,7978,9,0,0,0,0,0,0,0,0
529,2017-04-14,09:04:28,420,pp1709,XDCE,7979,7945,7988,18272,727802100,397470,401456,8344,7550,7947,7935,0,7955,0,0,0,2017-04-14,32668420,7977,3,0,0,0,0,0,0,0,0,7979,1,0,0,0,0,0,0,0,0
530,2017-04-14,09:04:29,55,pp1709,XDCE,7979,7945,7988,18288,728440380,397458,401456,8344,7550,7947,7935,0,7955,0,0,0,2017-04-14,32669055,7978,2,0,0,0,0,0,0,0,0,7980,20,0,0,0,0,0,0,0,0
531,2017-04-14,09:04:29,550,pp1709,XDCE,7978,7945,7988,18292,728599940,397454,401456,8344,7550,7947,7935,0,7955,0,0,0,2017-04-14,32669550,7976,4,0,0,0,0,0,0,0,0,7979,1,0,0,0,0,0,0,0,0
532,2017-04-14,09:04:29,937,pp1709,XDCE,7982,7945,7988,18490,736501590,397278,401456,8344,7550,7947,7935,0,7955,0,0,0,2017-04-14,32669937,7982,1,0,0,0,0,0,0,0,0,7983,16,0,0,0,0,0,0,0,0
533,2017-04-14,09:04:30,528,pp1709,XDCE,7976,7945,7988,18494,736661170,397278,401456,8344,7550,7947,7935,0,7955,0,0,0,2017-04-14,32670528,7977,7,0,0,0,0,0,0,0,0,7980,25,0,0,0,0,0,0,0,0
534,2017-04-14,09:04:30,852,pp1709,XDCE,7976,7945,7988,18494,736661170,397278,401456,8344,7550,7947,7935,0,7955,0,0,0,2017-04-14,32670852,7977,8,0,0,0,0,0,0,0,0,7979,1,0,0,0,0,0,0,0,0
535,2017-04-14,09:04:31,402,pp1709,XDCE,7980,7945,7988,18552,738975330,397324,401456,8344,7550,7947,7935,0,7955,0,0,0,2017-04-14,32671402,7980,21,0,0,0,0,0,0,0,0,7982,22,0,0,0,0,0,0,0,0
536,2017-04-14,09:04:31,958,pp1709,XDCE,7980,7945,7988,18552,738975330,397324,401456,8344,7550,7947,7935,0,7955,0,0,0,2017-04-14,32671958,7980,21,0,0,0,0,0,0,0,0,7982,23,0,0,0,0,0,0,0,0
537,2017-04-14,09:04:32,551,pp1709,XDCE,7982,7945,7988,18564,739454250,397324,401456,8344,7550,7947,7935,0,7955,0,0,0,2017-04-14,32672551,7980,21,0,0,0,0,0,0,0,0,7982,17,0,0,0,0,0,0,0,0
538,2017-04-14,09:04:33,39,pp1709,XDCE,7982,7945,7988,18570,739693670,397324,401456,8344,7550,7947,7935,0,7955,0,0,0,2017-04-14,32673039,7980,19,0,0,0,0,0,0,0,0,7982,21,0,0,0,0,0,0,0,0
539,2017-04-14,09:04:33,431,pp1709,XDCE,7982,7945,7988,18578,740012950,397324,401456,8344,7550,7947,7935,0,7955,0,0,0,2017-04-14,32673431,7980,19,0,0,0,0,0,0,0,0,7982,20,0,0,0,0,0,0,0,0
540,2017-04-14,09:04:34,52,pp1709,XDCE,7980,7945,7988,18580,740092750,397326,401456,8344,7550,7947,7935,0,7955,0,0,0,2017-04-14,32674052,7980,18,0,0,0,0,0,0,0,0,7982,19,0,0,0,0,0,0,0,0
